市场代码,合约代码,时间,最新,持仓,增仓,成交额,成交量,开仓,平仓,成交类型,方向,买一价,买二价,买三价,买四价,买五价,卖一价,卖二价,卖三价,卖四价,卖五价,买一量,买二量,买三量,买四量,买五量,卖一量,卖二量,卖三量,卖四量,卖五量
SF,IC2009,2020-02-03 09:29:00.400,4810.0000,4733,0,30784000.000,32.000,-,-,-,-,4800.0000,4790.0000,4780.0000,4777.0000,4770.0000,4850.0000,4877.2000,4890.0000,4900.0000,4918.0000,4,2,2,1,3,2,1,4,2,1
SF,IC2009,2020-02-03 09:30:00.400,4736.2000,4752,19,64120320.000,35,27,8,空开,S,4736.2000,4730.0000,4728.0000,4720.0000,4718.8000,4780.0000,4790.0000,4797.6000,4798.0000,4800.0000,13,2,1,3,1,1,2,1,1,16
SF,IC2009,2020-02-03 09:30:00.900,4736.2000,4750,-2,69830080.000,6,2,4,多平,S,4736.2000,4730.0000,4728.0000,4720.0000,4718.8000,4790.0000,4797.6000,4798.0000,4799.0000,4799.4000,11,2,1,3,1,2,1,1,1,1
SF,IC2009,2020-02-03 09:30:01.400,4730.0000,4757,7,82142960.000,13,10,3,空开,S,4730.0000,4728.0000,4720.0000,4718.8000,4711.2000,4736.0000,4750.0000,4760.0000,4770.0000,4774.0000,1,1,3,1,1,8,1,2,2,1
SF,IC2009,2020-02-03 09:30:01.900,4728.0000,4757,0,84034560.000,2,1,1,多换,S,4720.0000,4718.8000,4711.2000,4711.0000,4710.0000,4735.8000,4736.0000,4750.0000,4760.0000,4770.0000,3,1,1,3,2,2,8,2,2,2
SF,IC2009,2020-02-03 09:30:02.400,4701.0000,4755,-2,100056200.000,17,7,10,多平,S,4701.0000,4700.0000,4699.8000,4690.0000,4686.0000,4720.0000,4730.0000,4735.4000,4735.8000,4736.2000,1,9,1,2,1,1,4,3,2,2
SF,IC2009,2020-02-03 09:30:02.900,4701.0000,4754,-1,100996400.000,1,0,1,双平,S,4701.0000,4700.0000,4699.8000,4690.0000,4686.0000,4719.6000,4719.8000,4720.0000,4730.0000,4735.4000,1,9,1,2,1,2,2,1,6,1
SF,IC2009,2020-02-03 09:30:03.400,4719.4000,4754,0,103824360.000,3,1,2,多换,S,4704.0000,4700.0000,4699.8000,4690.0000,4686.0000,4719.6000,4719.8000,4720.0000,4730.0000,4735.4000,10,9,1,2,1,2,1,1,6,1
SF,IC2009,2020-02-03 09:30:03.900,4704.2000,4753,-1,104765200.000,1,0,1,双平,S,4704.2000,4704.0000,4700.0000,4699.8000,4690.0000,4719.2000,4719.4000,4719.8000,4720.0000,4730.0000,14,10,9,1,2,2,1,1,2,6
SF,IC2009,2020-02-03 09:30:04.400,4704.2000,4756,3,111354040.000,7,5,2,空开,S,4704.2000,4704.0000,4700.0000,4699.8000,4690.0000,4719.2000,4719.8000,4720.0000,4730.0000,4731.4000,8,10,9,1,2,2,1,2,6,1
SF,IC2009,2020-02-03 09:30:04.900,4718.8000,4756,0,112297800.000,1,0,1,多换,S,4704.4000,4704.2000,4704.0000,4700.0000,4699.8000,4718.8000,4719.0000,4719.8000,4720.0000,4730.0000,1,8,10,9,1,1,2,1,2,6
SF,IC2009,2020-02-03 09:30:05.400,4718.8000,4756,0,112297800.000,0,-,-,-,-,4704.6000,4704.4000,4704.0000,4700.0000,4699.8000,4718.6000,4718.8000,4720.0000,4730.0000,4731.4000,8,1,10,9,1,3,1,2,6,1
SF,IC2009,2020-02-03 09:30:05.900,4718.8000,4756,0,112297800.000,0,-,-,-,-,4704.8000,4704.6000,4704.0000,4700.0000,4699.8000,4718.4000,4718.6000,4718.8000,4720.0000,4730.0000,1,8,10,9,1,1,3,1,2,6
SF,IC2009,2020-02-03 09:30:06.400,4705.0000,4756,0,114182560.000,2,1,1,多换,S,4705.0000,4704.8000,4704.0000,4700.0000,4699.8000,4718.0000,4718.2000,4718.6000,4720.0000,4730.0000,7,1,10,9,1,2,1,1,2,6
SF,IC2009,2020-02-03 09:30:06.900,4705.0000,4756,0,114182560.000,0,-,-,-,-,4705.2000,4705.0000,4704.0000,4700.0000,4699.8000,4718.0000,4718.2000,4718.6000,4720.0000,4730.0000,1,7,10,10,1,2,1,1,2,6
SF,IC2009,2020-02-03 09:30:07.400,4705.0000,4756,0,114182560.000,0,-,-,-,-,4705.4000,4705.2000,4704.0000,4700.0000,4699.8000,4717.6000,4718.0000,4718.6000,4720.0000,4730.0000,7,1,10,10,1,1,2,1,2,6
SF,IC2009,2020-02-03 09:30:07.900,4705.0000,4755,-1,117005560.000,3,1,2,多平,S,4705.4000,4704.0000,4700.0000,4699.8000,4690.0000,4717.4000,4718.0000,4720.0000,4730.0000,4735.8000,5,10,11,1,2,1,2,2,6,1
SF,IC2009,2020-02-03 09:30:08.400,4716.8000,4756,1,117948920.000,1,1,0,双开,S,4705.6000,4705.4000,4704.0000,4700.0000,4699.8000,4716.8000,4717.2000,4717.4000,4718.0000,4720.0000,1,5,10,11,1,1,1,1,2,2
SF,IC2009,2020-02-03 09:30:08.900,4705.4000,4755,-1,122654360.000,5,2,3,多平,S,4705.8000,4704.0000,4700.0000,4699.8000,4690.0000,4716.6000,4716.8000,4717.4000,4718.0000,4720.0000,1,10,12,1,2,1,1,1,2,2
SF,IC2009,2020-02-03 09:30:09.400,4705.4000,4755,0,123595440.000,1,0,1,多换,S,4704.0000,4700.0000,4699.8000,4690.0000,4686.0000,4716.6000,4717.4000,4718.0000,4720.0000,4730.0000,10,12,1,2,1,1,1,2,1,6
SF,IC2009,2020-02-03 09:30:09.900,4705.4000,4752,-3,127359760.000,4,0,4,多平,S,4704.0000,4700.0000,4699.8000,4690.0000,4686.0000,4705.4000,4716.2000,4716.4000,4716.6000,4717.4000,10,12,1,2,1,1,1,1,1,1
SF,IC2009,2020-02-03 09:30:10.400,4704.0000,4753,1,136767760.000,10,5,5,空开,S,4700.0000,4699.8000,4690.0000,4686.0000,4681.2000,4704.0000,4705.0000,4705.4000,4705.6000,4705.8000,12,1,2,1,1,13,1,1,1,1
SF,IC2009,2020-02-03 09:30:10.900,4704.0000,4753,0,136767760.000,0,-,-,-,-,4700.2000,4700.0000,4699.8000,4690.0000,4686.0000,4704.0000,4705.0000,4705.4000,4705.6000,4705.8000,1,12,1,2,1,13,1,1,1,1
SF,IC2009,2020-02-03 09:30:11.400,4700.2000,4751,-2,139588640.000,3,0,3,多平,S,4700.0000,4699.8000,4690.0000,4686.0000,4681.2000,4704.0000,4705.0000,4705.4000,4705.6000,4705.8000,12,1,2,1,1,12,1,1,1,1
SF,IC2009,2020-02-03 09:30:11.900,4704.0000,4750,-1,141469480.000,2,0,2,多平,S,4700.0000,4699.8000,4690.0000,4686.0000,4681.2000,4703.6000,4704.0000,4705.4000,4705.6000,4705.8000,12,1,2,1,1,1,11,1,1,1
SF,IC2009,2020-02-03 09:30:12.400,4700.2000,4746,-4,145230320.000,4,0,4,双平,S,4700.0000,4699.8000,4690.0000,4686.0000,4681.2000,4700.2000,4704.0000,4705.4000,4705.6000,4705.8000,12,1,2,1,1,1,11,1,1,1
SF,IC2009,2020-02-03 09:30:12.900,4700.2000,4746,0,145230320.000,0,-,-,-,-,4700.0000,4699.8000,4690.0000,4686.0000,4681.2000,4700.2000,4704.0000,4705.2000,4705.4000,4705.8000,12,1,2,1,1,1,11,2,1,2
SF,IC2009,2020-02-03 09:30:13.400,4704.0000,4746,0,149933560.000,5,2,3,多换,S,4700.0000,4699.8000,4690.0000,4686.0000,4681.2000,4704.0000,4705.2000,4705.4000,4705.8000,4717.8000,12,1,2,1,1,7,2,1,2,1
SF,IC2009,2020-02-03 09:30:13.900,4704.0000,4745,-1,156518400.000,7,3,4,多平,S,4700.0000,4699.8000,4690.0000,4686.0000,4681.2000,4704.0000,4705.2000,4705.4000,4705.8000,4717.8000,12,1,2,1,1,1,2,1,2,1
SF,IC2009,2020-02-03 09:30:14.400,4700.2000,4745,0,157458440.000,1,0,1,多换,S,4700.0000,4699.8000,4690.0000,4686.0000,4681.2000,4704.0000,4705.2000,4705.4000,4705.8000,4717.8000,12,1,2,1,1,1,2,1,2,1
SF,IC2009,2020-02-03 09:30:14.900,4700.2000,4744,-1,158398480.000,1,0,1,双平,S,4700.0000,4699.8000,4690.0000,4686.0000,4681.2000,4703.8000,4704.0000,4705.2000,4705.4000,4705.8000,12,1,2,1,1,1,1,2,1,2
SF,IC2009,2020-02-03 09:30:15.400,4700.0000,4745,1,165922840.000,8,4,4,空开,S,4700.0000,4699.8000,4690.0000,4686.0000,4681.2000,4705.4000,4705.8000,4717.8000,4720.0000,4728.0000,9,1,2,1,1,1,2,1,3,1
SF,IC2009,2020-02-03 09:30:15.900,4700.0000,4745,0,168742840.000,3,1,2,多换,S,4700.0000,4699.8000,4690.0000,4686.0000,4681.2000,4703.4000,4705.4000,4705.8000,4717.8000,4720.0000,6,1,2,1,1,1,1,2,1,3
SF,IC2009,2020-02-03 09:30:16.400,4700.0000,4745,0,170622840.000,2,1,1,多换,S,4700.0000,4699.8000,4690.0000,4686.0000,4681.2000,4705.4000,4705.8000,4717.8000,4720.0000,4728.0000,7,1,2,1,1,1,2,1,3,1
SF,IC2009,2020-02-03 09:30:16.900,4700.0000,4746,1,172502840.000,2,1,1,空开,S,4700.0000,4699.8000,4690.0000,4686.0000,4681.2000,4705.4000,4705.8000,4717.8000,4720.0000,4728.0000,5,1,2,1,1,1,2,1,3,1
SF,IC2009,2020-02-03 09:30:17.400,4700.0000,4746,0,172502840.000,0,-,-,-,-,4705.0000,4700.0000,4699.8000,4690.0000,4686.0000,4705.2000,4705.4000,4705.8000,4717.8000,4720.0000,5,5,1,2,1,1,1,1,1,3
SF,IC2009,2020-02-03 09:30:17.900,4705.0000,4752,6,178148880.000,6,6,0,双开,S,4700.0000,4699.8000,4690.0000,4686.0000,4681.2000,4705.4000,4705.8000,4717.8000,4720.0000,4728.0000,5,1,2,1,1,1,1,1,3,1
SF,IC2009,2020-02-03 09:30:18.400,4705.4000,4751,-1,179089960.000,1,0,1,双平,S,4700.0000,4699.8000,4690.0000,4686.0000,4681.2000,4705.8000,4717.8000,4720.0000,4728.0000,4730.0000,5,1,2,1,1,1,1,3,1,4
SF,IC2009,2020-02-03 09:30:18.900,4700.0000,4749,-2,182852280.000,4,1,3,多平,S,4700.2000,4700.0000,4699.8000,4690.0000,4686.0000,4711.0000,4717.8000,4720.0000,4728.0000,4730.0000,4,4,1,2,1,1,1,3,1,4
SF,IC2009,2020-02-03 09:30:19.400,4705.0000,4749,0,184734280.000,2,1,1,多换,S,4705.2000,4700.2000,4700.0000,4699.8000,4690.0000,4710.8000,4711.0000,4717.8000,4720.0000,4728.0000,2,4,4,1,2,1,1,1,3,1
SF,IC2009,2020-02-03 09:30:19.900,4705.0000,4749,0,184734280.000,0,-,-,-,-,4705.2000,4700.2000,4700.0000,4699.8000,4690.0000,4710.6000,4710.8000,4711.0000,4717.8000,4720.0000,2,4,4,1,2,1,1,1,1,3
SF,IC2009,2020-02-03 09:30:20.400,4705.2000,4749,0,185675320.000,1,0,1,多换,S,4705.2000,4700.2000,4700.0000,4699.8000,4690.0000,4710.6000,4711.0000,4717.8000,4720.0000,4728.0000,2,4,4,1,2,1,1,1,3,1
SF,IC2009,2020-02-03 09:30:20.900,4711.0000,4749,0,187559600.000,2,1,1,多换,S,4711.0000,4705.2000,4700.2000,4700.0000,4699.8000,4717.8000,4720.0000,4728.0000,4730.0000,4735.8000,1,2,4,3,1,1,3,1,4,1
SF,IC2009,2020-02-03 09:30:21.400,4705.2000,4750,1,189442840.000,2,1,1,空开,S,4705.2000,4700.2000,4700.0000,4699.8000,4690.0000,4717.8000,4720.0000,4728.0000,4730.0000,4735.8000,1,4,3,1,2,1,3,1,4,1
SF,IC2009,2020-02-03 09:30:21.900,4705.2000,4750,0,189442840.000,0,-,-,-,-,4705.4000,4705.2000,4700.2000,4700.0000,4699.8000,4717.6000,4717.8000,4720.0000,4728.0000,4730.0000,1,1,4,3,1,1,1,3,1,4
SF,IC2009,2020-02-03 09:30:22.400,4705.2000,4750,0,189442840.000,0,-,-,-,-,4705.4000,4705.2000,4700.2000,4700.0000,4699.8000,4705.8000,4717.6000,4717.8000,4720.0000,4728.0000,1,1,4,3,1,1,1,1,3,1
SF,IC2009,2020-02-03 09:30:22.900,4717.8000,4750,0,193212200.000,4,2,2,多换,S,4717.8000,4705.2000,4700.2000,4700.0000,4699.8000,4720.0000,4728.0000,4730.0000,4736.2000,4740.0000,1,1,4,3,1,3,1,4,2,2
SF,IC2009,2020-02-03 09:30:23.400,4717.8000,4750,0,194155760.000,1,0,1,多换,S,4705.6000,4705.2000,4700.2000,4700.0000,4699.8000,4720.0000,4728.0000,4730.0000,4736.2000,4740.0000,1,1,4,4,1,3,1,4,2,2
SF,IC2009,2020-02-03 09:30:23.900,4720.0000,4750,0,195099760.000,1,0,1,多换,S,4705.8000,4705.6000,4705.2000,4700.2000,4700.0000,4720.0000,4728.0000,4730.0000,4736.2000,4740.0000,1,1,1,4,4,2,1,4,2,2
SF,IC2009,2020-02-03 09:30:24.400,4720.0000,4750,0,195099760.000,0,-,-,-,-,4705.8000,4705.6000,4705.2000,4700.2000,4700.0000,4719.8000,4720.0000,4728.0000,4730.0000,4736.2000,1,1,1,4,4,1,2,1,4,2
SF,IC2009,2020-02-03 09:30:25.900,4720.0000,4750,0,195099760.000,0,-,-,-,-,4705.8000,4705.6000,4705.2000,4700.2000,4700.0000,4719.8000,4720.0000,4728.0000,4730.0000,4736.2000,1,1,1,4,4,1,2,1,4,2
SF,IC2009,2020-02-03 09:30:26.400,4720.0000,4750,0,196043760.000,1,0,1,多换,S,4705.8000,4705.6000,4705.2000,4700.2000,4700.0000,4719.8000,4720.0000,4728.0000,4730.0000,4736.2000,1,1,1,4,4,1,2,1,4,2
SF,IC2009,2020-02-03 09:30:26.900,4705.8000,4749,-1,196984920.000,1,0,1,双平,S,4705.6000,4705.2000,4700.2000,4700.0000,4699.8000,4705.8000,4719.8000,4720.0000,4728.0000,4730.0000,1,1,4,5,1,1,1,2,1,4
SF,IC2009,2020-02-03 09:30:27.400,4705.8000,4748,-1,197926080.000,1,0,1,双平,S,4705.6000,4705.2000,4700.2000,4700.0000,4699.8000,4719.8000,4720.0000,4728.0000,4730.0000,4736.2000,1,1,4,5,1,1,2,1,4,2
SF,IC2009,2020-02-03 09:30:27.900,4705.8000,4748,0,198867240.000,1,0,1,多换,S,4705.8000,4705.6000,4705.2000,4700.2000,4700.0000,4719.6000,4719.8000,4720.0000,4728.0000,4730.0000,2,1,1,4,5,2,1,2,1,4
SF,IC2009,2020-02-03 09:30:28.900,4705.8000,4748,0,198867240.000,0,-,-,-,-,4706.0000,4705.8000,4705.6000,4705.2000,4700.2000,4719.6000,4719.8000,4720.0000,4728.0000,4730.0000,1,3,1,1,4,2,1,2,1,4
SF,IC2009,2020-02-03 09:30:29.400,4719.6000,4747,-1,199811160.000,1,0,1,双平,S,4719.6000,4706.0000,4705.8000,4705.6000,4705.2000,4720.0000,4728.0000,4730.0000,4736.2000,4740.0000,1,2,4,1,1,2,1,4,2,2
SF,IC2009,2020-02-03 09:30:29.900,4719.6000,4746,-1,200755080.000,1,0,1,双平,S,4707.2000,4706.0000,4705.8000,4705.6000,4705.2000,4720.0000,4728.0000,4730.0000,4736.2000,4740.0000,1,3,4,1,1,2,1,4,2,2
SF,IC2009,2020-02-03 09:30:30.400,4720.0000,4745,-1,202643080.000,2,0,2,多平,S,4707.4000,4707.2000,4706.0000,4705.8000,4705.6000,4720.0000,4728.0000,4730.0000,4736.2000,4740.0000,1,1,3,4,1,1,1,4,2,2
SF,IC2009,2020-02-03 09:30:30.900,4720.0000,4745,0,202643080.000,0,-,-,-,-,4707.4000,4707.2000,4706.8000,4706.0000,4705.8000,4720.0000,4728.0000,4730.0000,4736.2000,4740.0000,1,1,1,2,4,1,1,4,2,2
SF,IC2009,2020-02-03 09:30:31.400,4720.0000,4745,0,203587080.000,1,0,1,多换,S,4707.4000,4707.2000,4706.8000,4706.0000,4705.8000,4728.0000,4730.0000,4736.2000,4740.0000,4750.0000,1,1,1,3,4,1,4,2,2,4
SF,IC2009,2020-02-03 09:30:31.900,4720.0000,4745,0,203587080.000,0,-,-,-,-,4707.6000,4707.4000,4707.2000,4706.8000,4706.0000,4728.0000,4730.0000,4736.2000,4740.0000,4750.0000,1,1,1,1,3,1,4,2,2,4
SF,IC2009,2020-02-03 09:30:32.400,4728.0000,4745,0,204532680.000,1,0,1,多换,S,4728.0000,4720.0000,4707.8000,4707.6000,4707.2000,4730.0000,4736.2000,4740.0000,4750.0000,4760.0000,1,4,1,1,1,4,2,2,4,2
SF,IC2009,2020-02-03 09:30:32.900,4728.0000,4745,0,204532680.000,0,-,-,-,-,4728.0000,4720.0000,4707.8000,4707.2000,4706.8000,4730.0000,4736.2000,4740.0000,4750.0000,4760.0000,1,4,1,1,1,4,2,2,4,2
SF,IC2009,2020-02-03 09:30:33.400,4728.0000,4745,0,204532680.000,0,-,-,-,-,4728.0000,4720.0000,4707.8000,4707.2000,4706.8000,4730.0000,4736.2000,4740.0000,4750.0000,4760.0000,1,4,1,1,1,4,2,2,4,2
SF,IC2009,2020-02-03 09:30:33.900,4728.0000,4745,0,204532680.000,0,-,-,-,-,4728.0000,4720.0000,4707.8000,4707.2000,4706.8000,4730.0000,4736.2000,4740.0000,4750.0000,4760.0000,1,4,1,1,1,4,2,2,4,2
SF,IC2009,2020-02-03 09:30:34.400,4728.0000,4745,0,204532680.000,0,-,-,-,-,4728.2000,4728.0000,4720.0000,4707.8000,4707.2000,4729.8000,4730.0000,4736.2000,4740.0000,4750.0000,1,1,4,1,1,1,4,2,2,4
SF,IC2009,2020-02-03 09:30:34.900,4720.0000,4743,-2,207367920.000,3,0,3,多平,S,4720.0000,4707.8000,4707.2000,4706.8000,4706.0000,4729.8000,4730.0000,4736.2000,4740.0000,4750.0000,3,1,1,1,4,1,4,2,2,3
SF,IC2009,2020-02-03 09:30:35.400,4729.6000,4743,0,208313840.000,1,0,1,多换,S,4720.0000,4707.8000,4707.2000,4706.8000,4706.0000,4728.0000,4729.8000,4730.0000,4736.2000,4740.0000,3,1,1,1,4,1,1,4,2,2
SF,IC2009,2020-02-03 09:30:35.900,4729.6000,4743,0,208313840.000,0,-,-,-,-,4720.0000,4710.0000,4707.8000,4707.2000,4706.8000,4728.0000,4730.0000,4736.2000,4740.0000,4750.0000,3,1,1,1,1,1,4,2,2,3
SF,IC2009,2020-02-03 09:30:36.400,4720.2000,4742,-1,209257880.000,1,0,1,双平,S,4720.0000,4710.0000,4707.8000,4707.2000,4706.8000,4728.0000,4730.0000,4736.2000,4740.0000,4750.0000,3,1,1,1,1,1,4,2,2,3
SF,IC2009,2020-02-03 09:30:36.900,4720.2000,4742,0,209257880.000,0,-,-,-,-,4720.2000,4720.0000,4710.0000,4707.2000,4706.8000,4728.0000,4730.0000,4736.2000,4740.0000,4750.0000,1,3,1,1,1,1,4,2,2,3
SF,IC2009,2020-02-03 09:30:37.400,4720.2000,4742,0,209257880.000,0,-,-,-,-,4720.2000,4720.0000,4710.0000,4707.2000,4706.8000,4727.8000,4728.0000,4730.0000,4736.2000,4740.0000,1,3,1,1,1,1,1,4,2,2
SF,IC2009,2020-02-03 09:30:37.900,4720.2000,4740,-2,211145960.000,2,0,2,双平,S,4720.0000,4710.0000,4707.2000,4706.8000,4706.0000,4727.8000,4728.0000,4730.0000,4736.2000,4740.0000,3,1,1,1,4,1,1,4,2,2
SF,IC2009,2020-02-03 09:30:38.400,4720.0000,4738,-2,213033960.000,2,0,2,双平,S,4720.0000,4710.0000,4707.2000,4706.8000,4706.0000,4727.6000,4727.8000,4728.0000,4730.0000,4736.2000,1,1,1,1,4,1,1,1,4,2
SF,IC2009,2020-02-03 09:30:38.900,4720.0000,4738,0,213977960.000,1,0,1,多换,S,4710.0000,4707.2000,4706.8000,4706.0000,4705.8000,4727.0000,4727.4000,4727.6000,4728.0000,4730.0000,1,1,1,4,4,1,1,1,1,4
SF,IC2009,2020-02-03 09:30:39.400,4720.0000,4738,0,213977960.000,0,-,-,-,-,4710.2000,4710.0000,4707.2000,4706.8000,4706.0000,4726.8000,4727.0000,4727.6000,4728.0000,4730.0000,1,1,1,1,4,1,1,1,1,4
SF,IC2009,2020-02-03 09:30:39.900,4727.0000,4739,1,216814080.000,3,2,1,空开,S,4710.2000,4710.0000,4707.2000,4706.8000,4706.0000,4727.6000,4728.0000,4730.0000,4736.2000,4740.0000,1,1,1,1,3,1,1,4,2,2
SF,IC2009,2020-02-03 09:30:40.400,4727.0000,4739,0,216814080.000,0,-,-,-,-,4710.2000,4710.0000,4707.2000,4706.8000,4706.0000,4724.4000,4727.6000,4728.0000,4730.0000,4736.2000,1,1,1,1,3,1,1,1,4,2
SF,IC2009,2020-02-03 09:30:40.900,4727.0000,4739,0,216814080.000,0,-,-,-,-,4710.4000,4710.2000,4710.0000,4707.2000,4706.8000,4724.4000,4728.0000,4730.0000,4731.4000,4736.2000,1,1,1,1,1,1,1,4,1,2
SF,IC2009,2020-02-03 09:30:41.400,4727.0000,4739,0,216814080.000,0,-,-,-,-,4710.6000,4710.4000,4710.0000,4707.2000,4706.8000,4724.4000,4728.0000,4730.0000,4736.2000,4740.0000,1,1,1,1,1,1,1,4,2,2
SF,IC2009,2020-02-03 09:30:41.900,4727.0000,4739,0,217759480.000,1,0,1,多换,S,4710.6000,4710.0000,4707.2000,4706.8000,4706.0000,4728.0000,4730.0000,4736.2000,4740.0000,4750.0000,1,1,1,1,3,1,4,2,2,3
SF,IC2009,2020-02-03 09:30:42.400,4727.0000,4739,0,217759480.000,0,-,-,-,-,4710.6000,4710.0000,4707.2000,4706.8000,4706.0000,4728.0000,4730.0000,4736.2000,4740.0000,4750.0000,1,1,1,1,3,1,4,2,2,3
SF,IC2009,2020-02-03 09:30:42.900,4728.0000,4739,0,218705080.000,1,0,1,多换,S,4720.0000,4710.6000,4710.0000,4707.2000,4706.8000,4730.0000,4736.2000,4740.0000,4750.0000,4760.0000,5,1,1,1,1,4,2,2,3,2
SF,IC2009,2020-02-03 09:30:43.400,4728.0000,4739,0,218705080.000,0,-,-,-,-,4728.0000,4720.2000,4720.0000,4710.8000,4710.0000,4730.0000,4736.2000,4740.0000,4750.0000,4760.0000,2,1,5,1,1,4,2,2,3,2
SF,IC2009,2020-02-03 09:30:43.900,4728.0000,4739,0,218705080.000,0,-,-,-,-,4728.0000,4720.2000,4720.0000,4710.8000,4710.0000,4730.0000,4736.2000,4738.6000,4740.0000,4750.0000,2,1,6,1,1,4,2,1,2,3
SF,IC2009,2020-02-03 09:30:44.400,4728.0000,4739,0,218705080.000,0,-,-,-,-,4728.2000,4728.0000,4720.2000,4720.0000,4710.8000,4730.0000,4736.2000,4738.6000,4740.0000,4750.0000,1,2,1,6,1,4,2,1,2,3
SF,IC2009,2020-02-03 09:30:44.900,4728.2000,4738,-1,219650720.000,1,0,1,双平,S,4728.2000,4728.0000,4727.0000,4720.0000,4710.8000,4730.0000,4736.2000,4738.6000,4740.0000,4750.0000,1,2,1,6,1,4,2,1,2,3
SF,IC2009,2020-02-03 09:30:45.400,4728.2000,4738,0,219650720.000,0,-,-,-,-,4728.2000,4728.0000,4727.0000,4720.0000,4711.0000,4730.0000,4736.2000,4738.6000,4740.0000,4750.0000,1,2,1,6,1,4,2,1,2,3
SF,IC2009,2020-02-03 09:30:45.900,4729.8000,4739,1,222488600.000,3,2,1,空开,S,4728.0000,4727.0000,4720.0000,4711.0000,4710.0000,4730.0000,4736.2000,4738.6000,4740.0000,4750.0000,2,1,6,1,1,4,2,1,2,3
SF,IC2009,2020-02-03 09:30:46.400,4729.8000,4739,0,222488600.000,0,-,-,-,-,4728.4000,4728.0000,4727.0000,4720.0000,4711.0000,4730.0000,4736.2000,4738.6000,4740.0000,4750.0000,1,2,1,6,1,4,2,1,2,3
SF,IC2009,2020-02-03 09:30:46.900,4730.0000,4737,-2,224380600.000,2,0,2,双平,S,4728.4000,4728.0000,4727.0000,4720.0000,4711.0000,4730.0000,4736.2000,4738.6000,4740.0000,4750.0000,1,2,1,6,1,2,2,1,2,3
SF,IC2009,2020-02-03 09:30:47.400,4730.0000,4737,0,224380600.000,0,-,-,-,-,4728.8000,4728.0000,4727.0000,4720.0000,4711.0000,4730.0000,4736.2000,4738.6000,4740.0000,4750.0000,1,2,1,6,1,2,2,1,2,3
SF,IC2009,2020-02-03 09:30:47.900,4730.0000,4737,0,224380600.000,0,-,-,-,-,4728.8000,4728.0000,4727.0000,4720.0000,4711.0000,4730.0000,4736.2000,4738.6000,4740.0000,4750.0000,1,2,1,6,1,2,2,1,2,3
SF,IC2009,2020-02-03 09:30:48.400,4728.8000,4736,-1,226272120.000,2,0,2,多平,S,4728.0000,4727.0000,4720.0000,4711.0000,4710.0000,4730.0000,4736.2000,4740.0000,4750.0000,4760.0000,2,1,6,1,3,2,2,2,3,2
SF,IC2009,2020-02-03 09:30:48.900,4728.8000,4736,0,226272120.000,0,-,-,-,-,4728.0000,4727.0000,4720.0000,4711.0000,4710.0000,4730.0000,4736.2000,4740.0000,4750.0000,4760.0000,2,1,6,2,3,2,2,2,3,2
SF,IC2009,2020-02-03 09:30:49.400,4728.8000,4735,-1,229109080.000,3,1,2,多平,S,4728.0000,4727.0000,4720.0000,4711.0000,4710.0000,4728.8000,4730.0000,4736.2000,4740.0000,4750.0000,1,1,6,2,3,1,2,2,2,3
SF,IC2009,2020-02-03 09:30:49.900,4728.0000,4735,0,230054680.000,1,0,1,多换,S,4727.0000,4720.0000,4711.0000,4710.0000,4706.8000,4728.0000,4728.8000,4730.0000,4736.2000,4740.0000,1,6,2,3,1,10,1,2,2,2
SF,IC2009,2020-02-03 09:30:50.400,4728.0000,4735,0,230054680.000,0,-,-,-,-,4727.0000,4724.6000,4720.0000,4711.0000,4710.8000,4728.0000,4728.8000,4730.0000,4736.2000,4740.0000,1,2,6,2,1,11,6,2,2,2
SF,IC2009,2020-02-03 09:30:50.900,4728.0000,4735,0,230054680.000,0,-,-,-,-,4727.0000,4724.6000,4720.0000,4711.0000,4710.8000,4728.0000,4728.8000,4730.0000,4736.2000,4740.0000,1,2,6,2,1,11,6,2,2,2
SF,IC2009,2020-02-03 09:30:51.400,4728.0000,4735,0,231000280.000,1,0,1,多换,S,4727.0000,4724.6000,4720.0000,4711.0000,4710.8000,4728.0000,4728.8000,4730.0000,4736.2000,4740.0000,1,2,6,2,1,11,6,2,2,2
SF,IC2009,2020-02-03 09:30:51.900,4728.0000,4735,0,231000280.000,0,-,-,-,-,4727.0000,4724.6000,4720.0000,4711.0000,4710.8000,4728.0000,4728.8000,4730.0000,4736.2000,4740.0000,1,2,6,2,1,11,6,2,2,2
SF,IC2009,2020-02-03 09:30:52.400,4728.0000,4735,0,231000280.000,0,-,-,-,-,4727.0000,4724.6000,4720.0000,4711.0000,4710.8000,4728.0000,4728.8000,4730.0000,4736.2000,4740.0000,1,2,6,2,1,11,6,2,2,2
SF,IC2009,2020-02-03 09:30:53.900,4727.0000,4735,0,231945680.000,1,0,1,多换,S,4724.6000,4720.0000,4711.0000,4710.8000,4710.0000,4727.0000,4728.0000,4728.8000,4730.0000,4736.2000,2,6,2,1,3,1,11,6,2,2
SF,IC2009,2020-02-03 09:30:54.900,4727.0000,4735,0,231945680.000,0,-,-,-,-,4724.6000,4720.0000,4711.0000,4710.8000,4710.0000,4726.0000,4727.0000,4728.0000,4728.8000,4730.0000,2,6,2,1,3,1,1,11,6,2
SF,IC2009,2020-02-03 09:30:55.400,4727.0000,4735,0,231945680.000,0,-,-,-,-,4724.6000,4720.0000,4711.0000,4710.8000,4710.0000,4726.0000,4727.0000,4728.0000,4728.8000,4730.0000,2,5,2,1,3,1,2,11,6,2
SF,IC2009,2020-02-03 09:30:55.900,4727.0000,4735,0,231945680.000,0,-,-,-,-,4725.4000,4724.6000,4720.0000,4712.0000,4711.0000,4727.0000,4728.0000,4728.8000,4730.0000,4736.2000,1,2,5,1,2,2,11,6,2,2
SF,IC2009,2020-02-03 09:30:56.400,4727.0000,4735,0,231945680.000,0,-,-,-,-,4725.4000,4724.6000,4720.0000,4712.0000,4711.0000,4726.8000,4727.0000,4728.0000,4728.8000,4730.0000,1,2,5,1,2,4,2,11,6,2
SF,IC2009,2020-02-03 09:30:56.900,4725.4000,4735,0,232890760.000,1,0,1,多换,S,4724.6000,4720.0000,4712.0000,4711.0000,4710.8000,4726.6000,4727.0000,4728.0000,4728.8000,4730.0000,2,5,1,2,1,1,2,11,6,2
SF,IC2009,2020-02-03 09:30:57.400,4724.6000,4735,0,234780600.000,2,1,1,多换,S,4720.0000,4712.0000,4711.0000,4710.8000,4710.0000,4726.6000,4727.0000,4728.0000,4728.8000,4730.0000,5,1,2,1,3,1,2,11,6,2
SF,IC2009,2020-02-03 09:30:57.900,4724.6000,4735,0,234780600.000,0,-,-,-,-,4720.0000,4712.0000,4711.0000,4710.8000,4710.0000,4726.6000,4727.0000,4728.0000,4728.8000,4730.0000,5,1,2,1,3,1,2,11,6,2
SF,IC2009,2020-02-03 09:30:58.400,4724.6000,4735,0,234780600.000,0,-,-,-,-,4720.0000,4712.0000,4711.0000,4710.8000,4710.0000,4727.0000,4728.0000,4728.8000,4730.0000,4736.2000,6,1,2,1,3,2,11,6,2,2
SF,IC2009,2020-02-03 09:30:58.900,4706.0000,4750,15,250808680.000,17,16,1,空开,S,4706.0000,4705.8000,4705.2000,4705.0000,4701.2000,4727.0000,4728.0000,4728.8000,4730.0000,4736.2000,1,2,1,2,1,2,11,6,4,2
SF,IC2009,2020-02-03 09:30:59.400,4706.0000,4750,0,250808680.000,0,-,-,-,-,4706.2000,4706.0000,4705.8000,4705.2000,4705.0000,4720.0000,4727.0000,4728.0000,4728.8000,4730.0000,1,1,2,1,2,1,1,11,6,4
SF,IC2009,2020-02-03 09:30:59.900,4706.0000,4750,0,250808680.000,0,-,-,-,-,4706.2000,4705.8000,4705.2000,4705.0000,4701.2000,4720.0000,4727.0000,4728.0000,4728.8000,4730.0000,1,2,1,2,1,1,1,11,6,4
SF,IC2009,2020-02-03 09:31:00.400,4706.0000,4750,0,250808680.000,0,-,-,-,-,4706.2000,4705.8000,4705.2000,4705.0000,4701.2000,4720.0000,4727.0000,4728.0000,4728.8000,4730.0000,1,2,1,2,1,1,1,11,1,4
SF,IC2009,2020-02-03 09:31:00.900,4706.0000,4750,0,250808680.000,0,-,-,-,-,4706.2000,4705.8000,4705.2000,4705.0000,4701.2000,4719.8000,4720.0000,4727.0000,4728.0000,4728.8000,1,2,1,2,1,1,1,1,11,1
SF,IC2009,2020-02-03 09:31:01.400,4706.0000,4750,0,250808680.000,0,-,-,-,-,4707.6000,4706.2000,4705.8000,4705.2000,4705.0000,4709.6000,4719.8000,4720.0000,4727.0000,4728.0000,1,1,2,1,2,5,2,1,1,11
SF,IC2009,2020-02-03 09:31:01.900,4707.6000,4749,-1,255517880.000,5,2,3,多平,S,4705.8000,4705.2000,4705.0000,4701.2000,4700.2000,4706.2000,4709.6000,4719.8000,4720.0000,4727.0000,2,1,2,2,4,9,1,2,2,1
SF,IC2009,2020-02-03 09:31:02.400,4707.6000,4749,0,255517880.000,0,-,-,-,-,4705.8000,4705.2000,4705.0000,4701.2000,4700.2000,4706.2000,4709.6000,4719.8000,4720.0000,4727.0000,2,1,2,2,4,9,1,1,2,1
SF,IC2009,2020-02-03 09:31:02.900,4707.6000,4749,0,255517880.000,0,-,-,-,-,4705.8000,4705.2000,4705.0000,4701.2000,4700.2000,4706.2000,4709.6000,4719.8000,4720.0000,4727.0000,2,1,2,2,4,9,1,1,2,1
SF,IC2009,2020-02-03 09:31:03.400,4707.6000,4749,0,256459400.000,1,0,1,多换,S,4705.8000,4705.2000,4705.0000,4701.2000,4700.2000,4706.2000,4709.6000,4719.8000,4720.0000,4727.0000,2,1,2,2,4,8,1,1,2,1
SF,IC2009,2020-02-03 09:31:03.900,4707.4000,4748,-1,257400880.000,1,0,1,双平,S,4705.8000,4705.2000,4705.0000,4701.2000,4700.2000,4706.2000,4709.6000,4719.8000,4720.0000,4727.0000,2,1,2,2,4,7,1,1,2,1
SF,IC2009,2020-02-03 09:31:04.400,4706.0000,4749,1,260224480.000,3,2,1,空开,S,4705.8000,4705.2000,4705.0000,4701.2000,4700.2000,4706.2000,4709.6000,4720.0000,4727.0000,4728.0000,2,1,2,2,4,7,1,2,1,11
SF,IC2009,2020-02-03 09:31:04.900,4706.0000,4749,0,260224480.000,0,-,-,-,-,4705.8000,4705.2000,4705.0000,4701.2000,4700.2000,4706.2000,4709.6000,4720.0000,4727.0000,4728.0000,2,1,2,2,4,7,1,2,1,10
SF,IC2009,2020-02-03 09:31:05.400,4706.2000,4749,0,264930680.000,5,2,3,多换,S,4705.8000,4705.2000,4705.0000,4701.2000,4700.2000,4706.2000,4709.6000,4720.0000,4727.0000,4728.0000,2,1,2,2,4,2,1,2,1,10
SF,IC2009,2020-02-03 09:31:05.900,4706.2000,4749,0,264930680.000,0,-,-,-,-,4705.8000,4705.2000,4705.0000,4701.2000,4700.2000,4706.2000,4709.6000,4720.0000,4727.0000,4728.0000,2,1,2,2,4,2,1,2,1,10
SF,IC2009,2020-02-03 09:31:06.400,4706.2000,4749,0,264930680.000,0,-,-,-,-,4705.8000,4705.2000,4705.0000,4701.2000,4700.2000,4706.2000,4709.6000,4720.0000,4727.0000,4728.0000,2,1,2,2,4,2,1,2,1,10
SF,IC2009,2020-02-03 09:31:06.900,4706.2000,4749,0,265871920.000,1,0,1,多换,S,4705.8000,4705.2000,4705.0000,4701.2000,4700.2000,4706.2000,4709.6000,4720.0000,4727.0000,4728.0000,2,1,2,2,4,1,1,1,1,10
SF,IC2009,2020-02-03 09:31:07.400,4706.2000,4749,0,266813160.000,1,0,1,多换,S,4706.2000,4705.8000,4705.2000,4705.0000,4701.2000,4706.4000,4709.6000,4720.0000,4727.0000,4728.0000,1,2,1,2,2,1,1,1,1,10
SF,IC2009,2020-02-03 09:31:07.900,4706.4000,4748,-1,267754440.000,1,0,1,双平,S,4706.2000,4705.8000,4705.2000,4705.0000,4701.2000,4709.6000,4720.0000,4727.0000,4728.0000,4728.8000,2,2,1,2,2,1,1,1,10,1
SF,IC2009,2020-02-03 09:31:08.400,4706.4000,4748,0,267754440.000,0,-,-,-,-,4706.4000,4706.2000,4705.8000,4705.2000,4705.0000,4709.6000,4720.0000,4727.0000,4728.0000,4728.8000,1,2,2,1,2,1,1,1,10,1
SF,IC2009,2020-02-03 09:31:08.900,4709.6000,4749,1,268696360.000,1,1,0,双开,S,4706.4000,4706.2000,4705.8000,4705.2000,4705.0000,4709.6000,4720.0000,4727.0000,4728.0000,4728.8000,1,2,2,1,2,5,1,1,10,1
SF,IC2009,2020-02-03 09:31:09.900,4706.2000,4749,0,270578880.000,2,1,1,多换,S,4706.2000,4705.8000,4705.2000,4705.0000,4701.2000,4709.6000,4720.0000,4727.0000,4728.0000,4728.8000,1,2,1,2,2,5,1,1,10,1
SF,IC2009,2020-02-03 09:31:10.400,4709.6000,4749,0,273403280.000,3,1,2,多换,S,4705.8000,4705.2000,4705.0000,4701.2000,4701.0000,4709.6000,4720.0000,4727.0000,4728.0000,4728.8000,2,1,2,2,1,4,1,1,10,1
SF,IC2009,2020-02-03 09:31:12.400,4705.8000,4750,1,274344440.000,1,1,0,双开,S,4705.8000,4705.2000,4705.0000,4701.2000,4701.0000,4709.6000,4720.0000,4727.0000,4728.0000,4728.8000,1,1,2,2,1,4,1,1,10,1
SF,IC2009,2020-02-03 09:31:12.900,4709.6000,4756,6,280937120.000,7,6,1,空开,S,4705.8000,4705.2000,4705.0000,4701.2000,4701.0000,4709.6000,4720.0000,4727.0000,4728.0000,4728.8000,1,1,3,2,1,3,1,1,10,1
SF,IC2009,2020-02-03 09:31:13.900,4706.8000,4757,1,281878480.000,1,1,0,双开,S,4705.8000,4705.2000,4705.0000,4701.2000,4701.0000,4709.6000,4720.0000,4727.0000,4728.0000,4728.8000,1,1,3,2,1,3,1,1,10,1
SF,IC2009,2020-02-03 09:31:14.400,4706.8000,4757,0,281878480.000,0,-,-,-,-,4705.8000,4705.2000,4705.0000,4701.2000,4701.0000,4715.4000,4720.0000,4727.0000,4728.0000,4728.8000,1,1,3,2,1,5,1,1,10,1
SF,IC2009,2020-02-03 09:31:14.900,4706.8000,4757,0,283761200.000,2,1,1,多换,S,4709.6000,4705.8000,4705.2000,4705.0000,4701.2000,4715.4000,4720.0000,4727.0000,4728.0000,4728.8000,4,1,1,3,2,5,1,1,10,1
SF,IC2009,2020-02-03 09:31:15.400,4706.8000,4757,0,283761200.000,0,-,-,-,-,4709.6000,4705.8000,4705.2000,4705.0000,4701.2000,4715.2000,4715.4000,4720.0000,4727.0000,4728.0000,4,1,1,3,2,1,5,1,1,10
SF,IC2009,2020-02-03 09:31:15.900,4706.8000,4757,0,283761200.000,0,-,-,-,-,4709.8000,4709.6000,4705.8000,4705.2000,4705.0000,4715.4000,4720.0000,4727.0000,4728.0000,4728.8000,1,4,1,1,3,5,1,1,10,1
SF,IC2009,2020-02-03 09:31:16.900,4706.8000,4757,0,283761200.000,0,-,-,-,-,4715.2000,4709.8000,4709.6000,4705.8000,4705.2000,4720.0000,4721.2000,4727.0000,4728.0000,4728.8000,1,1,4,1,1,1,5,1,10,1
SF,IC2009,2020-02-03 09:31:17.400,4709.6000,4758,1,288471920.000,5,3,2,空开,S,4705.8000,4705.2000,4705.0000,4701.2000,4701.0000,4709.6000,4719.8000,4720.0000,4721.2000,4727.0000,1,1,3,2,1,6,1,1,5,1
SF,IC2009,2020-02-03 09:31:17.900,4709.6000,4757,-1,290355760.000,2,0,2,多平,S,4708.6000,4705.8000,4705.2000,4705.0000,4701.2000,4709.6000,4719.8000,4720.0000,4721.2000,4727.0000,5,1,1,3,2,4,1,1,5,1
SF,IC2009,2020-02-03 09:31:18.400,4709.6000,4757,0,290355760.000,0,-,-,-,-,4708.6000,4705.8000,4705.2000,4705.0000,4701.2000,4709.6000,4719.8000,4720.0000,4721.2000,4727.0000,5,2,1,3,2,4,1,1,5,1
SF,IC2009,2020-02-03 09:31:18.900,4708.6000,4757,0,291297480.000,1,0,1,多换,S,4708.6000,4705.8000,4705.2000,4705.0000,4701.2000,4709.6000,4720.0000,4721.2000,4727.0000,4728.0000,4,1,1,3,2,4,1,5,1,10
SF,IC2009,2020-02-03 09:31:19.400,4709.6000,4756,-1,293181320.000,2,0,2,多平,S,4708.6000,4705.8000,4705.2000,4705.0000,4701.2000,4709.6000,4709.8000,4720.0000,4721.2000,4727.0000,4,1,1,3,2,2,1,1,5,1
SF,IC2009,2020-02-03 09:31:19.900,4709.6000,4756,0,295064960.000,2,1,1,多换,S,4708.6000,4705.8000,4705.2000,4705.0000,4701.2000,4709.6000,4709.8000,4720.0000,4721.2000,4727.0000,3,1,1,3,2,1,1,1,5,1
SF,IC2009,2020-02-03 09:31:20.400,4708.6000,4754,-2,296948400.000,2,0,2,双平,S,4708.6000,4705.8000,4705.2000,4705.0000,4701.2000,4709.6000,4709.8000,4720.0000,4721.2000,4727.0000,1,1,1,3,2,1,1,1,5,1
SF,IC2009,2020-02-03 09:31:20.900,4708.6000,4754,0,297890120.000,1,0,1,多换,S,4705.8000,4705.2000,4705.0000,4701.2000,4701.0000,4709.6000,4709.8000,4720.0000,4721.2000,4727.0000,1,1,3,2,1,1,1,1,5,1
SF,IC2009,2020-02-03 09:31:21.400,4708.6000,4754,0,297890120.000,0,-,-,-,-,4705.8000,4705.2000,4705.0000,4701.2000,4701.0000,4709.6000,4709.8000,4720.0000,4721.2000,4727.0000,2,1,3,2,1,1,1,1,5,1
SF,IC2009,2020-02-03 09:31:21.900,4708.6000,4754,0,297890120.000,0,-,-,-,-,4705.8000,4705.2000,4705.0000,4701.2000,4701.0000,4709.6000,4709.8000,4720.0000,4721.2000,4727.0000,2,1,3,2,1,1,1,1,5,1
SF,IC2009,2020-02-03 09:31:22.400,4709.6000,4754,0,298832040.000,1,0,1,多换,S,4709.6000,4708.4000,4705.8000,4705.2000,4705.0000,4709.8000,4720.0000,4721.2000,4727.0000,4728.0000,5,1,2,1,3,2,1,5,1,10
SF,IC2009,2020-02-03 09:31:23.400,4709.6000,4754,0,298832040.000,0,-,-,-,-,4709.6000,4708.4000,4706.0000,4705.8000,4705.2000,4709.8000,4720.0000,4721.2000,4727.0000,4728.0000,5,1,1,2,1,2,1,5,1,10
SF,IC2009,2020-02-03 09:31:23.900,4709.6000,4754,0,298832040.000,0,-,-,-,-,4709.6000,4708.4000,4706.0000,4705.8000,4705.2000,4709.8000,4720.0000,4721.2000,4727.0000,4728.0000,16,1,1,2,1,2,1,5,1,10
SF,IC2009,2020-02-03 09:31:24.400,4709.6000,4755,1,299773960.000,1,1,0,双开,S,4709.6000,4708.4000,4706.0000,4705.8000,4705.2000,4709.8000,4720.0000,4721.2000,4727.0000,4728.0000,15,1,1,2,1,2,1,5,1,10
SF,IC2009,2020-02-03 09:31:24.900,4709.6000,4755,0,299773960.000,0,-,-,-,-,4709.6000,4708.4000,4706.0000,4705.8000,4705.2000,4709.8000,4720.0000,4721.2000,4727.0000,4728.0000,15,1,1,2,1,2,2,5,1,10
SF,IC2009,2020-02-03 09:31:25.900,4709.6000,4755,0,299773960.000,0,-,-,-,-,4709.6000,4708.4000,4706.0000,4705.8000,4705.2000,4709.8000,4720.0000,4721.2000,4727.0000,4728.0000,16,1,1,2,1,2,2,5,1,10
SF,IC2009,2020-02-03 09:31:26.400,4709.6000,4755,0,299773960.000,0,-,-,-,-,4709.6000,4708.4000,4706.0000,4705.8000,4705.2000,4709.8000,4720.0000,4721.2000,4727.0000,4728.0000,17,1,1,2,1,2,2,5,1,10
SF,IC2009,2020-02-03 09:31:26.900,4709.6000,4756,1,300715880.000,1,1,0,双开,S,4709.6000,4708.4000,4706.0000,4705.8000,4705.2000,4709.8000,4720.0000,4721.2000,4727.0000,4728.0000,16,1,1,2,1,2,2,5,1,10
SF,IC2009,2020-02-03 09:31:27.400,4709.6000,4757,1,303541720.000,3,2,1,空开,S,4709.6000,4708.4000,4706.0000,4705.8000,4705.2000,4720.0000,4721.2000,4727.0000,4728.0000,4730.0000,15,1,1,2,1,2,5,1,10,5
SF,IC2009,2020-02-03 09:31:27.900,4709.6000,4757,0,303541720.000,0,-,-,-,-,4709.6000,4708.4000,4706.0000,4705.8000,4705.2000,4719.8000,4720.0000,4721.2000,4727.0000,4728.0000,15,1,1,2,1,1,2,5,1,10
SF,IC2009,2020-02-03 09:31:28.400,4709.6000,4757,0,303541720.000,0,-,-,-,-,4709.6000,4708.4000,4706.0000,4705.8000,4705.2000,4719.8000,4720.0000,4721.2000,4727.0000,4728.0000,15,1,1,2,1,1,2,5,1,10
SF,IC2009,2020-02-03 09:31:28.900,4709.6000,4757,0,303541720.000,0,-,-,-,-,4709.6000,4708.4000,4706.0000,4705.8000,4705.2000,4719.6000,4719.8000,4720.0000,4721.2000,4727.0000,15,1,1,2,1,1,1,2,5,1
SF,IC2009,2020-02-03 09:31:29.400,4709.6000,4757,0,303541720.000,0,-,-,-,-,4709.6000,4708.4000,4706.0000,4705.8000,4705.2000,4719.4000,4719.6000,4720.0000,4721.2000,4727.0000,15,1,1,2,1,1,1,2,5,1
SF,IC2009,2020-02-03 09:31:29.900,4709.6000,4758,1,304483640.000,1,1,0,双开,S,4709.6000,4708.4000,4706.0000,4705.8000,4705.2000,4719.4000,4719.6000,4720.0000,4721.2000,4727.0000,14,1,1,2,1,1,1,2,5,1
SF,IC2009,2020-02-03 09:31:30.400,4709.6000,4758,0,304483640.000,0,-,-,-,-,4712.0000,4709.6000,4708.4000,4706.0000,4705.8000,4719.2000,4719.4000,4719.6000,4720.0000,4721.2000,1,14,1,1,1,1,1,1,2,5
SF,IC2009,2020-02-03 09:31:30.900,4709.6000,4758,0,304483640.000,0,-,-,-,-,4712.0000,4709.6000,4708.4000,4706.0000,4705.8000,4719.2000,4719.6000,4720.0000,4727.0000,4728.0000,1,14,1,1,1,1,1,2,6,10
SF,IC2009,2020-02-03 09:31:31.400,4719.2000,4758,0,305427480.000,1,0,1,多换,S,4712.0000,4709.6000,4708.4000,4706.0000,4705.8000,4719.6000,4720.0000,4727.0000,4728.0000,4730.0000,1,14,1,1,1,1,2,6,10,5
SF,IC2009,2020-02-03 09:31:31.900,4712.0000,4758,0,306369880.000,1,0,1,多换,S,4710.0000,4709.6000,4706.0000,4705.8000,4705.2000,4719.0000,4719.4000,4719.6000,4720.0000,4727.0000,1,14,1,1,1,1,1,1,2,6
SF,IC2009,2020-02-03 09:31:32.400,4712.0000,4758,0,307312280.000,1,0,1,多换,S,4710.2000,4710.0000,4709.6000,4706.0000,4705.8000,4719.0000,4719.6000,4720.0000,4727.0000,4728.0000,1,1,14,1,1,1,1,1,6,10
SF,IC2009,2020-02-03 09:31:32.900,4719.0000,4758,0,309199840.000,2,1,1,多换,S,4719.2000,4710.2000,4710.0000,4709.6000,4706.0000,4719.6000,4720.0000,4727.0000,4728.0000,4730.0000,9,1,1,14,1,1,1,6,10,5
SF,IC2009,2020-02-03 09:31:33.400,4719.2000,4758,0,316750560.000,8,4,4,多换,S,4719.2000,4710.0000,4709.6000,4706.4000,4706.0000,4719.6000,4720.0000,4727.0000,4728.0000,4730.0000,1,1,14,1,1,1,1,6,10,5
SF,IC2009,2020-02-03 09:31:33.900,4719.2000,4759,1,318638280.000,2,1,1,空开,S,4710.0000,4709.6000,4706.4000,4706.0000,4705.8000,4719.6000,4720.0000,4727.0000,4728.0000,4730.0000,1,14,1,1,1,1,1,6,10,5
SF,IC2009,2020-02-03 09:31:34.400,4710.2000,4760,1,319580320.000,1,1,0,双开,S,4710.2000,4710.0000,4709.6000,4706.4000,4706.0000,4720.0000,4727.0000,4728.0000,4730.0000,4736.2000,1,1,14,1,1,1,6,10,5,2
SF,IC2009,2020-02-03 09:31:34.900,4710.2000,4760,0,319580320.000,0,-,-,-,-,4710.4000,4710.2000,4710.0000,4709.6000,4706.4000,4720.0000,4727.0000,4728.0000,4730.0000,4736.2000,1,1,1,14,1,1,5,10,5,2
SF,IC2009,2020-02-03 09:31:35.400,4710.2000,4760,0,319580320.000,0,-,-,-,-,4710.4000,4710.0000,4709.6000,4706.4000,4706.0000,4720.0000,4727.0000,4728.0000,4730.0000,4736.2000,1,1,14,1,1,1,5,10,5,2
SF,IC2009,2020-02-03 09:31:35.900,4720.0000,4761,1,320524320.000,1,1,0,双开,S,4710.4000,4710.0000,4709.6000,4706.4000,4706.0000,4727.0000,4728.0000,4730.0000,4736.2000,4740.0000,1,1,14,1,1,5,10,5,2,2
SF,IC2009,2020-02-03 09:31:36.400,4720.0000,4761,0,320524320.000,0,-,-,-,-,4710.4000,4710.0000,4709.6000,4706.4000,4706.0000,4727.0000,4728.0000,4730.0000,4736.2000,4740.0000,1,1,14,1,1,5,10,5,2,2
SF,IC2009,2020-02-03 09:31:36.900,4720.0000,4761,0,320524320.000,0,-,-,-,-,4719.0000,4710.6000,4710.4000,4710.0000,4709.6000,4727.0000,4728.0000,4730.0000,4736.2000,4740.0000,1,1,1,2,14,5,10,5,2,2
SF,IC2009,2020-02-03 09:31:37.400,4719.0000,4762,1,321468120.000,1,1,0,双开,S,4710.6000,4710.0000,4709.6000,4706.4000,4706.0000,4727.0000,4728.0000,4730.0000,4736.2000,4740.0000,1,2,3,1,1,5,10,5,2,2
SF,IC2009,2020-02-03 09:31:37.900,4710.8000,4762,0,322410280.000,1,0,1,多换,S,4710.6000,4710.0000,4709.6000,4706.4000,4706.0000,4727.0000,4728.0000,4730.0000,4736.2000,4740.0000,1,2,3,1,1,5,10,5,2,2
SF,IC2009,2020-02-03 09:31:38.900,4710.8000,4762,0,322410280.000,0,-,-,-,-,4710.6000,4710.4000,4710.0000,4709.6000,4706.4000,4727.0000,4728.0000,4730.0000,4736.2000,4740.0000,1,1,2,3,1,5,10,5,2,2
SF,IC2009,2020-02-03 09:31:39.400,4710.8000,4762,0,322410280.000,0,-,-,-,-,4710.6000,4710.0000,4709.6000,4706.4000,4706.0000,4727.0000,4728.0000,4730.0000,4736.2000,4740.0000,1,2,3,1,1,5,10,5,2,2
SF,IC2009,2020-02-03 09:31:39.900,4727.0000,4767,5,327137280.000,5,5,0,双开,S,4727.0000,4710.6000,4710.0000,4709.6000,4706.4000,4728.0000,4730.0000,4732.8000,4736.2000,4740.0000,6,1,2,3,1,10,5,5,2,2
SF,IC2009,2020-02-03 09:31:40.400,4727.0000,4767,0,330918880.000,4,2,2,多换,S,4727.0000,4710.4000,4710.0000,4709.6000,4706.4000,4728.0000,4730.0000,4732.8000,4736.2000,4740.0000,3,1,2,3,1,10,5,5,2,2
SF,IC2009,2020-02-03 09:31:40.900,4727.0000,4767,0,331864280.000,1,0,1,多换,S,4727.0000,4718.2000,4710.4000,4710.0000,4709.6000,4728.0000,4730.0000,4732.8000,4736.2000,4740.0000,2,5,1,2,3,10,5,5,2,2
SF,IC2009,2020-02-03 09:31:41.400,4727.8000,4767,0,335646520.000,4,2,2,多换,S,4727.0000,4718.2000,4710.0000,4709.6000,4706.4000,4728.0000,4730.0000,4732.8000,4736.2000,4740.0000,2,5,2,3,1,10,5,5,2,2
SF,IC2009,2020-02-03 09:31:41.900,4727.8000,4767,0,335646520.000,0,-,-,-,-,4727.0000,4718.2000,4710.0000,4709.6000,4706.4000,4728.0000,4730.0000,4732.8000,4736.2000,4740.0000,2,5,2,3,1,10,5,5,2,2
SF,IC2009,2020-02-03 09:31:42.400,4727.8000,4767,0,335646520.000,0,-,-,-,-,4727.0000,4718.2000,4710.0000,4709.6000,4706.4000,4728.0000,4730.0000,4732.8000,4736.2000,4740.0000,2,5,2,3,1,10,5,5,2,2
SF,IC2009,2020-02-03 09:31:42.900,4727.8000,4778,11,346047680.000,11,11,0,双开,S,4727.0000,4718.2000,4710.0000,4709.6000,4706.4000,4728.0000,4730.0000,4732.8000,4736.2000,4740.0000,2,5,2,3,1,10,5,5,2,2
SF,IC2009,2020-02-03 09:31:43.400,4727.8000,4778,0,346047680.000,0,-,-,-,-,4727.0000,4718.2000,4710.0000,4709.6000,4706.4000,4728.0000,4730.0000,4732.8000,4736.2000,4740.0000,2,5,2,2,1,10,5,5,2,2
SF,IC2009,2020-02-03 09:31:43.900,4727.8000,4778,0,346047680.000,0,-,-,-,-,4727.0000,4718.2000,4711.0000,4710.0000,4709.6000,4728.0000,4730.0000,4732.8000,4736.2000,4740.0000,2,5,1,2,2,10,5,5,2,2
SF,IC2009,2020-02-03 09:31:44.400,4728.0000,4778,0,347938880.000,2,1,1,多换,S,4727.0000,4718.2000,4711.0000,4710.0000,4709.6000,4728.0000,4730.0000,4732.8000,4736.2000,4740.0000,2,5,1,2,2,8,5,5,2,2
SF,IC2009,2020-02-03 09:31:44.900,4728.0000,4778,0,348884480.000,1,0,1,多换,S,4727.0000,4718.2000,4711.0000,4710.0000,4709.6000,4728.0000,4730.0000,4736.2000,4738.6000,4740.0000,3,5,1,2,2,7,5,2,5,2
SF,IC2009,2020-02-03 09:31:45.400,4728.0000,4777,-1,349830080.000,1,0,1,双平,S,4727.0000,4718.2000,4711.0000,4710.6000,4710.0000,4728.0000,4730.0000,4736.2000,4738.6000,4740.0000,3,5,2,1,2,6,5,2,5,2
SF,IC2009,2020-02-03 09:31:45.900,4728.0000,4776,-1,350775680.000,1,0,1,双平,S,4727.0000,4718.2000,4711.0000,4710.6000,4710.0000,4728.0000,4730.0000,4736.2000,4738.6000,4740.0000,2,5,2,1,2,5,5,2,5,2
SF,IC2009,2020-02-03 09:31:46.400,4728.0000,4776,0,350775680.000,0,-,-,-,-,4727.0000,4718.2000,4711.0000,4710.6000,4710.0000,4728.0000,4730.0000,4736.2000,4738.6000,4740.0000,2,5,2,1,2,5,5,2,5,2
SF,IC2009,2020-02-03 09:31:46.900,4728.0000,4776,0,350775680.000,0,-,-,-,-,4727.0000,4718.2000,4711.0000,4710.6000,4710.0000,4728.0000,4730.0000,4736.2000,4738.6000,4740.0000,2,5,2,1,2,5,5,2,5,2
SF,IC2009,2020-02-03 09:31:47.400,4728.0000,4776,0,351721280.000,1,0,1,多换,S,4727.0000,4718.2000,4711.0000,4710.6000,4710.0000,4728.0000,4730.0000,4736.2000,4738.6000,4740.0000,2,5,2,1,2,5,5,2,5,2
SF,IC2009,2020-02-03 09:31:47.900,4728.0000,4776,0,351721280.000,0,-,-,-,-,4727.0000,4718.2000,4711.0000,4710.6000,4710.0000,4728.0000,4730.0000,4736.2000,4738.6000,4740.0000,2,5,2,1,2,5,5,2,5,2
SF,IC2009,2020-02-03 09:31:48.400,4728.0000,4776,0,351721280.000,0,-,-,-,-,4727.0000,4718.2000,4711.0000,4710.6000,4710.0000,4728.0000,4730.0000,4736.2000,4738.6000,4740.0000,2,5,2,1,2,5,5,2,5,2
SF,IC2009,2020-02-03 09:31:48.900,4728.0000,4776,0,351721280.000,0,-,-,-,-,4727.0000,4718.2000,4711.0000,4710.6000,4710.0000,4728.0000,4730.0000,4736.2000,4738.6000,4740.0000,2,5,2,1,2,5,5,2,5,2
SF,IC2009,2020-02-03 09:31:49.400,4728.0000,4776,0,352666880.000,1,0,1,多换,S,4727.0000,4718.2000,4711.0000,4710.6000,4710.0000,4728.0000,4730.0000,4736.2000,4738.6000,4740.0000,2,5,2,1,2,4,5,2,5,2
SF,IC2009,2020-02-03 09:31:49.900,4728.0000,4776,0,352666880.000,0,-,-,-,-,4727.0000,4718.2000,4711.0000,4710.6000,4710.0000,4728.0000,4730.0000,4736.2000,4740.0000,4750.0000,2,5,2,1,2,4,5,2,2,2
SF,IC2009,2020-02-03 09:31:50.400,4728.0000,4776,0,352666880.000,0,-,-,-,-,4727.0000,4718.2000,4711.0000,4710.6000,4710.0000,4728.0000,4730.0000,4736.2000,4740.0000,4750.0000,2,5,2,1,2,4,5,2,2,2
SF,IC2009,2020-02-03 09:31:50.900,4728.0000,4776,0,352666880.000,0,-,-,-,-,4727.0000,4718.2000,4711.0000,4710.6000,4710.0000,4728.0000,4730.0000,4736.2000,4740.0000,4750.0000,2,5,2,1,2,4,5,2,2,2
SF,IC2009,2020-02-03 09:31:51.400,4728.0000,4776,0,352666880.000,0,-,-,-,-,4727.0000,4718.2000,4711.0000,4710.6000,4710.0000,4728.0000,4730.0000,4736.2000,4740.0000,4750.0000,2,5,2,1,2,4,5,2,2,2
SF,IC2009,2020-02-03 09:31:51.900,4728.0000,4776,0,352666880.000,0,-,-,-,-,4727.0000,4718.2000,4711.0000,4710.6000,4710.0000,4728.0000,4730.0000,4736.2000,4740.0000,4750.0000,2,5,2,1,2,4,5,2,2,2
SF,IC2009,2020-02-03 09:31:52.400,4728.0000,4776,0,352666880.000,0,-,-,-,-,4727.0000,4718.2000,4711.0000,4710.6000,4710.0000,4728.0000,4730.0000,4736.2000,4740.0000,4750.0000,2,5,2,1,2,4,5,2,2,2
SF,IC2009,2020-02-03 09:31:52.900,4728.0000,4776,0,353612480.000,1,0,1,多换,S,4727.0000,4718.2000,4711.0000,4710.0000,4709.6000,4728.0000,4730.0000,4736.2000,4740.0000,4750.0000,3,5,2,2,2,3,5,2,2,2
SF,IC2009,2020-02-03 09:31:53.400,4728.0000,4776,0,353612480.000,0,-,-,-,-,4727.0000,4718.2000,4711.0000,4710.0000,4709.6000,4728.0000,4730.0000,4736.2000,4740.0000,4750.0000,3,5,2,2,2,3,5,2,2,2
SF,IC2009,2020-02-03 09:31:53.900,4728.0000,4776,0,353612480.000,0,-,-,-,-,4727.0000,4718.2000,4711.0000,4710.0000,4709.6000,4728.0000,4730.0000,4736.2000,4740.0000,4750.0000,3,5,2,2,2,3,5,2,2,2
SF,IC2009,2020-02-03 09:31:54.400,4728.0000,4776,0,353612480.000,0,-,-,-,-,4727.0000,4718.2000,4711.0000,4710.0000,4709.6000,4728.0000,4730.0000,4736.2000,4740.0000,4750.0000,3,5,2,2,2,3,5,2,2,2
SF,IC2009,2020-02-03 09:31:54.900,4728.0000,4774,-2,355503680.000,2,0,2,双平,S,4727.0000,4718.2000,4711.0000,4710.0000,4709.6000,4728.0000,4730.0000,4736.2000,4740.0000,4750.0000,4,5,2,2,2,1,5,2,2,2
SF,IC2009,2020-02-03 09:31:55.400,4728.0000,4774,0,355503680.000,0,-,-,-,-,4727.0000,4718.2000,4711.0000,4710.0000,4709.6000,4728.0000,4730.0000,4736.2000,4740.0000,4750.0000,4,5,2,2,2,1,5,2,2,2
SF,IC2009,2020-02-03 09:31:55.900,4728.0000,4774,0,355503680.000,0,-,-,-,-,4727.0000,4718.2000,4711.0000,4710.0000,4709.6000,4728.0000,4730.0000,4736.2000,4740.0000,4750.0000,4,5,2,2,2,1,5,2,2,2
SF,IC2009,2020-02-03 09:31:56.400,4728.0000,4774,0,356449280.000,1,0,1,多换,S,4728.0000,4727.4000,4727.0000,4718.2000,4711.0000,4730.0000,4736.2000,4740.0000,4750.0000,4760.0000,3,1,4,5,2,5,2,2,2,2
SF,IC2009,2020-02-03 09:31:56.900,4728.0000,4774,0,356449280.000,0,-,-,-,-,4728.0000,4727.4000,4727.0000,4718.2000,4711.0000,4730.0000,4736.2000,4740.0000,4750.0000,4760.0000,4,1,4,5,2,5,2,2,2,2
SF,IC2009,2020-02-03 09:31:57.400,4730.0000,4772,-2,358341280.000,2,0,2,双平,S,4728.0000,4727.4000,4727.0000,4718.2000,4711.0000,4730.0000,4736.2000,4740.0000,4750.0000,4760.0000,4,1,4,5,2,3,2,2,2,2
SF,IC2009,2020-02-03 09:31:57.900,4730.0000,4772,0,358341280.000,0,-,-,-,-,4728.2000,4728.0000,4727.4000,4727.0000,4718.2000,4730.0000,4736.2000,4740.0000,4750.0000,4760.0000,1,4,1,4,5,3,2,2,2,2
SF,IC2009,2020-02-03 09:31:58.400,4730.0000,4771,-1,359287280.000,1,0,1,双平,S,4728.2000,4728.0000,4727.4000,4727.0000,4718.2000,4730.0000,4736.2000,4740.0000,4750.0000,4760.0000,1,4,1,4,5,2,2,2,2,2
SF,IC2009,2020-02-03 09:31:58.900,4730.0000,4771,0,360233280.000,1,0,1,多换,S,4729.6000,4729.4000,4728.2000,4728.0000,4727.4000,4730.0000,4736.2000,4740.0000,4750.0000,4760.0000,1,4,1,4,1,1,2,2,2,2
SF,IC2009,2020-02-03 09:31:59.400,4730.0000,4771,0,361179280.000,1,0,1,多换,S,4730.0000,4729.4000,4728.0000,4727.4000,4727.0000,4736.2000,4740.0000,4750.0000,4760.0000,4770.0000,1,4,4,1,4,2,2,2,2,2
SF,IC2009,2020-02-03 09:31:59.900,4730.0000,4771,0,361179280.000,0,-,-,-,-,4730.0000,4729.4000,4728.0000,4727.0000,4718.2000,4736.0000,4736.2000,4740.0000,4750.0000,4760.0000,5,4,4,4,5,1,2,2,2,2
SF,IC2009,2020-02-03 09:32:00.400,4730.0000,4775,4,364963280.000,4,4,0,双开,S,4730.0000,4729.4000,4728.0000,4727.0000,4718.2000,4736.2000,4740.0000,4750.0000,4760.0000,4770.0000,6,4,4,4,5,2,2,2,2,2
SF,IC2009,2020-02-03 09:32:00.900,4730.0000,4775,0,364963280.000,0,-,-,-,-,4730.0000,4729.4000,4728.0000,4727.0000,4718.2000,4736.0000,4736.2000,4740.0000,4750.0000,4760.0000,6,4,4,4,5,1,2,2,2,2
SF,IC2009,2020-02-03 09:32:01.400,4730.0000,4774,-1,365909280.000,1,0,1,双平,S,4730.0000,4729.4000,4728.0000,4727.0000,4718.2000,4736.0000,4736.2000,4740.0000,4750.0000,4760.0000,6,4,4,4,5,1,2,2,2,2
SF,IC2009,2020-02-03 09:32:01.900,4730.0000,4774,0,365909280.000,0,-,-,-,-,4730.0000,4729.4000,4728.0000,4727.0000,4718.2000,4736.0000,4736.2000,4740.0000,4750.0000,4760.0000,6,4,4,4,5,1,2,2,2,2
SF,IC2009,2020-02-03 09:32:03.400,4736.0000,4774,0,366856480.000,1,0,1,多换,S,4730.0000,4729.4000,4728.0000,4727.0000,4718.2000,4736.2000,4740.0000,4750.0000,4760.0000,4770.0000,6,4,4,3,5,2,2,2,2,2
SF,IC2009,2020-02-03 09:32:03.900,4736.2000,4774,0,367803720.000,1,0,1,多换,S,4736.0000,4730.0000,4729.4000,4728.0000,4727.0000,4736.2000,4740.0000,4750.0000,4760.0000,4770.0000,1,6,4,4,3,1,2,2,2,2
SF,IC2009,2020-02-03 09:32:04.400,4736.0000,4774,0,368750920.000,1,0,1,多换,S,4736.0000,4730.0000,4729.4000,4728.0000,4727.0000,4736.2000,4740.0000,4750.0000,4760.0000,4770.0000,11,6,4,4,3,1,2,2,2,2
SF,IC2009,2020-02-03 09:32:04.900,4736.2000,4779,5,378222960.000,10,7,3,空开,S,4736.0000,4730.0000,4729.4000,4728.0000,4727.0000,4740.0000,4750.0000,4760.0000,4770.0000,4780.0000,2,6,4,4,3,2,2,2,2,2
SF,IC2009,2020-02-03 09:32:05.400,4736.2000,4779,0,378222960.000,0,-,-,-,-,4736.0000,4730.0000,4729.4000,4728.0000,4727.0000,4736.8000,4740.0000,4750.0000,4760.0000,4770.0000,2,6,4,4,3,1,2,2,2,2
SF,IC2009,2020-02-03 09:32:05.900,4736.2000,4779,0,378222960.000,0,-,-,-,-,4736.0000,4730.0000,4729.4000,4728.0000,4727.0000,4736.8000,4740.0000,4750.0000,4760.0000,4770.0000,2,6,4,4,3,1,2,2,2,2
SF,IC2009,2020-02-03 09:32:06.400,4736.8000,4779,0,379170320.000,1,0,1,多换,S,4736.0000,4730.0000,4729.4000,4728.0000,4727.0000,4736.6000,4740.0000,4750.0000,4760.0000,4770.0000,2,6,4,4,3,1,2,2,2,2
SF,IC2009,2020-02-03 09:32:06.900,4740.0000,4780,1,382960960.000,4,2,2,空开,S,4740.2000,4736.0000,4730.0000,4729.4000,4728.0000,4750.0000,4760.0000,4770.0000,4780.0000,4790.0000,2,2,6,4,4,2,2,2,2,3
SF,IC2009,2020-02-03 09:32:07.400,4740.2000,4781,1,384857040.000,2,1,1,空开,S,4736.2000,4736.0000,4730.0000,4729.4000,4728.0000,4750.0000,4760.0000,4770.0000,4780.0000,4790.0000,2,2,6,4,4,2,2,2,2,3
SF,IC2009,2020-02-03 09:32:07.900,4736.2000,4782,1,386751520.000,2,1,1,空开,S,4736.0000,4730.0000,4729.4000,4728.0000,4727.0000,4750.0000,4760.0000,4770.0000,4780.0000,4790.0000,2,6,4,3,3,2,2,2,2,3
SF,IC2009,2020-02-03 09:32:08.400,4736.2000,4782,0,386751520.000,0,-,-,-,-,4736.2000,4736.0000,4730.0000,4729.4000,4728.0000,4750.0000,4760.0000,4770.0000,4780.0000,4790.0000,1,2,6,4,3,2,2,2,2,3
SF,IC2009,2020-02-03 09:32:10.400,4736.2000,4782,0,386751520.000,0,-,-,-,-,4736.2000,4736.0000,4730.0000,4729.4000,4728.0000,4750.0000,4760.0000,4770.0000,4780.0000,4790.0000,1,2,6,4,3,2,2,2,2,3
SF,IC2009,2020-02-03 09:32:11.400,4736.2000,4782,0,386751520.000,0,-,-,-,-,4736.2000,4736.0000,4730.6000,4730.0000,4729.4000,4750.0000,4760.0000,4770.0000,4780.0000,4790.0000,1,2,1,6,4,2,2,2,2,3
SF,IC2009,2020-02-03 09:32:12.400,4736.2000,4782,0,386751520.000,0,-,-,-,-,4736.2000,4736.0000,4730.6000,4730.0000,4729.4000,4750.0000,4760.0000,4770.0000,4780.0000,4790.0000,1,2,1,6,4,2,2,3,2,3
SF,IC2009,2020-02-03 09:32:12.900,4736.2000,4782,0,386751520.000,0,-,-,-,-,4736.4000,4736.0000,4730.6000,4730.0000,4729.4000,4750.0000,4760.0000,4770.0000,4780.0000,4790.0000,1,2,1,6,4,2,2,3,2,3
SF,IC2009,2020-02-03 09:32:13.400,4736.2000,4782,0,387698760.000,1,0,1,多换,S,4736.0000,4730.6000,4730.0000,4729.4000,4728.0000,4750.0000,4760.0000,4770.0000,4780.0000,4790.0000,2,1,6,4,2,2,2,3,2,3
SF,IC2009,2020-02-03 09:32:13.900,4736.2000,4782,0,387698760.000,0,-,-,-,-,4736.6000,4736.2000,4736.0000,4730.6000,4730.0000,4750.0000,4760.0000,4770.0000,4780.0000,4790.0000,1,1,2,1,6,2,2,3,2,3
SF,IC2009,2020-02-03 09:32:14.400,4750.0000,4782,0,390546000.000,3,1,2,多换,S,4750.0000,4736.0000,4730.6000,4730.0000,4729.4000,4760.0000,4770.0000,4780.0000,4790.0000,4794.0000,9,2,1,6,4,2,3,2,3,1
SF,IC2009,2020-02-03 09:32:14.900,4750.0000,4783,1,395296000.000,5,3,2,空开,S,4750.0000,4736.0000,4730.6000,4730.0000,4729.4000,4755.4000,4760.0000,4770.0000,4780.0000,4790.0000,4,2,1,8,4,1,2,2,2,3
SF,IC2009,2020-02-03 09:32:15.400,4750.0000,4784,1,397196000.000,2,1,1,空开,S,4750.0000,4736.0000,4730.6000,4730.0000,4729.4000,4759.8000,4760.0000,4770.0000,4780.0000,4790.0000,2,2,1,7,4,1,2,2,2,3
SF,IC2009,2020-02-03 09:32:15.900,4750.0000,4784,0,397196000.000,0,-,-,-,-,4750.0000,4736.0000,4730.6000,4730.0000,4729.4000,4759.8000,4760.0000,4770.0000,4780.0000,4790.0000,2,2,1,7,4,1,2,2,2,3
SF,IC2009,2020-02-03 09:32:16.900,4750.0000,4784,0,397196000.000,0,-,-,-,-,4750.0000,4736.0000,4730.6000,4730.0000,4729.4000,4759.8000,4760.0000,4770.0000,4780.0000,4790.0000,2,2,1,7,4,1,2,2,2,3
SF,IC2009,2020-02-03 09:32:17.400,4759.8000,4783,-1,398147960.000,1,0,1,双平,S,4750.0000,4740.0000,4736.0000,4730.6000,4730.0000,4760.0000,4770.0000,4780.0000,4790.0000,4794.0000,2,5,2,1,7,2,2,2,3,1
SF,IC2009,2020-02-03 09:32:17.900,4750.0000,4783,0,399097960.000,1,0,1,多换,S,4750.4000,4750.0000,4740.0000,4730.6000,4730.0000,4759.6000,4759.8000,4760.0000,4770.0000,4780.0000,1,1,5,1,7,1,1,2,2,2
SF,IC2009,2020-02-03 09:32:18.400,4759.6000,4783,0,400049880.000,1,0,1,多换,S,4750.4000,4750.0000,4740.0000,4730.6000,4730.0000,4760.0000,4770.0000,4780.0000,4790.0000,4794.0000,1,1,5,1,7,2,2,2,3,1
SF,IC2009,2020-02-03 09:32:18.900,4750.4000,4782,-1,400999960.000,1,0,1,双平,S,4750.0000,4740.0000,4730.6000,4730.0000,4728.0000,4759.6000,4760.0000,4770.0000,4780.0000,4790.0000,1,5,1,7,1,1,2,2,2,3
SF,IC2009,2020-02-03 09:32:19.400,4759.6000,4782,0,401951880.000,1,0,1,多换,S,4750.6000,4750.0000,4740.0000,4730.6000,4730.0000,4759.0000,4760.0000,4770.0000,4780.0000,4790.0000,1,1,5,1,7,1,2,2,2,3
SF,IC2009,2020-02-03 09:32:19.900,4759.6000,4782,0,401951880.000,0,-,-,-,-,4750.6000,4750.0000,4740.0000,4730.6000,4730.0000,4759.0000,4760.0000,4770.0000,4780.0000,4790.0000,1,1,5,1,7,1,2,2,2,3
SF,IC2009,2020-02-03 09:32:20.400,4759.6000,4782,0,401951880.000,0,-,-,-,-,4750.0000,4740.0000,4730.6000,4730.0000,4728.0000,4759.0000,4760.0000,4770.0000,4780.0000,4790.0000,1,5,1,7,1,1,2,2,2,3
SF,IC2009,2020-02-03 09:32:21.400,4759.6000,4782,0,401951880.000,0,-,-,-,-,4750.6000,4750.0000,4740.0000,4730.6000,4730.0000,4759.0000,4760.0000,4770.0000,4780.0000,4790.0000,1,1,5,1,7,1,2,3,2,3
SF,IC2009,2020-02-03 09:32:22.900,4759.6000,4782,0,401951880.000,0,-,-,-,-,4757.8000,4750.6000,4750.0000,4740.0000,4730.6000,4759.0000,4760.0000,4770.0000,4780.0000,4790.0000,1,1,1,5,1,1,2,3,2,3
SF,IC2009,2020-02-03 09:32:23.400,4759.0000,4781,-1,403855480.000,2,0,2,多平,S,4757.8000,4750.6000,4750.0000,4740.0000,4730.6000,4760.0000,4770.0000,4780.0000,4790.0000,4794.0000,1,1,1,5,1,2,3,2,3,1
SF,IC2009,2020-02-03 09:32:23.900,4760.0000,4781,0,405759480.000,2,1,1,多换,S,4757.8000,4750.6000,4750.0000,4740.0000,4730.6000,4770.0000,4780.0000,4790.0000,4794.0000,4797.6000,1,1,1,7,1,3,2,3,1,1
SF,IC2009,2020-02-03 09:32:24.400,4750.6000,4782,1,407661160.000,2,1,1,空开,S,4750.0000,4740.0000,4730.6000,4730.0000,4728.0000,4750.6000,4757.8000,4770.0000,4780.0000,4790.0000,1,7,1,8,1,2,1,3,2,3
SF,IC2009,2020-02-03 09:32:24.900,4750.2000,4782,0,411461480.000,4,2,2,多换,S,4750.6000,4750.0000,4740.0000,4730.6000,4730.0000,4757.8000,4770.0000,4780.0000,4790.0000,4794.0000,4,3,7,1,8,1,3,2,3,1
SF,IC2009,2020-02-03 09:32:25.400,4750.6000,4787,5,416212000.000,5,5,0,双开,S,4750.6000,4750.0000,4740.0000,4730.6000,4730.0000,4757.8000,4770.0000,4780.0000,4790.0000,4794.0000,4,3,7,1,8,2,3,2,3,1
SF,IC2009,2020-02-03 09:32:25.900,4757.8000,4788,1,417163560.000,1,1,0,双开,S,4750.6000,4750.0000,4740.0000,4730.6000,4730.0000,4757.8000,4770.0000,4780.0000,4790.0000,4794.0000,4,3,7,1,8,1,3,2,3,1
SF,IC2009,2020-02-03 09:32:26.400,4757.8000,4788,0,417163560.000,0,-,-,-,-,4750.8000,4750.6000,4750.0000,4740.0000,4730.6000,4757.8000,4770.0000,4780.0000,4790.0000,4794.0000,1,4,3,7,1,1,3,2,3,1
SF,IC2009,2020-02-03 09:32:26.900,4757.8000,4788,0,417163560.000,0,-,-,-,-,4750.8000,4750.6000,4750.0000,4740.0000,4730.6000,4757.8000,4770.0000,4780.0000,4790.0000,4794.0000,1,4,3,7,1,1,4,2,3,1
SF,IC2009,2020-02-03 09:32:27.400,4757.8000,4788,0,417163560.000,0,-,-,-,-,4750.6000,4750.0000,4740.0000,4730.6000,4730.0000,4757.8000,4770.0000,4780.0000,4790.0000,4794.0000,4,3,7,1,8,1,4,2,3,1
SF,IC2009,2020-02-03 09:32:27.900,4757.8000,4788,0,418115120.000,1,0,1,多换,S,4757.8000,4750.6000,4750.0000,4740.0000,4730.6000,4770.0000,4780.0000,4790.0000,4794.0000,4797.6000,4,4,3,2,1,4,2,3,1,1
SF,IC2009,2020-02-03 09:32:28.400,4757.8000,4789,1,420018240.000,2,1,1,空开,S,4757.8000,4750.6000,4750.0000,4740.0000,4730.6000,4770.0000,4780.0000,4790.0000,4794.0000,4797.6000,3,4,3,2,1,4,2,3,1,1
SF,IC2009,2020-02-03 09:32:28.900,4757.8000,4789,0,420018240.000,0,-,-,-,-,4757.8000,4750.6000,4750.0000,4740.0000,4730.6000,4770.0000,4780.0000,4790.0000,4794.0000,4797.6000,3,4,4,2,1,4,2,3,1,1
SF,IC2009,2020-02-03 09:32:29.400,4757.8000,4789,0,420018240.000,0,-,-,-,-,4758.4000,4757.8000,4750.6000,4750.0000,4740.0000,4770.0000,4780.0000,4790.0000,4794.0000,4797.6000,1,3,4,4,2,4,2,3,1,1
SF,IC2009,2020-02-03 09:32:29.900,4758.4000,4789,0,420969920.000,1,0,1,多换,S,4757.8000,4750.6000,4750.0000,4740.0000,4730.6000,4770.0000,4780.0000,4790.0000,4794.0000,4797.6000,3,4,4,2,1,4,2,3,1,1
SF,IC2009,2020-02-03 09:32:30.400,4758.4000,4789,0,420969920.000,0,-,-,-,-,4758.0000,4757.8000,4750.6000,4750.0000,4740.0000,4769.0000,4770.0000,4780.0000,4790.0000,4794.0000,1,3,4,4,2,1,4,2,3,1
SF,IC2009,2020-02-03 09:32:30.900,4758.4000,4789,0,420969920.000,0,-,-,-,-,4758.0000,4757.8000,4750.6000,4750.0000,4740.0000,4769.0000,4769.4000,4770.0000,4780.0000,4790.0000,1,3,4,4,2,1,1,4,2,3
SF,IC2009,2020-02-03 09:32:31.400,4758.4000,4789,0,420969920.000,0,-,-,-,-,4757.8000,4750.6000,4750.0000,4740.0000,4730.6000,4768.2000,4769.0000,4770.0000,4780.0000,4790.0000,3,4,4,2,1,1,1,4,2,3
SF,IC2009,2020-02-03 09:32:31.900,4768.0000,4789,0,423830720.000,3,1,2,多换,S,4757.8000,4750.6000,4750.0000,4740.0000,4730.6000,4768.2000,4769.0000,4770.0000,4780.0000,4790.0000,3,4,5,2,1,1,1,4,2,3
SF,IC2009,2020-02-03 09:32:32.400,4768.0000,4789,0,423830720.000,0,-,-,-,-,4757.8000,4750.6000,4750.0000,4740.0000,4730.6000,4758.0000,4768.2000,4769.0000,4770.0000,4780.0000,3,4,5,2,1,9,1,1,4,2
SF,IC2009,2020-02-03 09:32:32.900,4758.0000,4788,-1,434298320.000,11,5,6,多平,S,4757.8000,4750.6000,4750.0000,4740.0000,4730.6000,4768.2000,4769.0000,4770.0000,4780.0000,4790.0000,3,4,5,2,1,1,1,4,2,3
SF,IC2009,2020-02-03 09:32:33.400,4758.0000,4788,0,434298320.000,0,-,-,-,-,4757.8000,4750.6000,4750.0000,4740.0000,4730.6000,4767.8000,4769.0000,4770.0000,4780.0000,4790.0000,3,4,5,2,1,1,1,4,2,3
SF,IC2009,2020-02-03 09:32:33.900,4757.8000,4789,1,435249880.000,1,1,0,双开,S,4760.0000,4757.8000,4750.0000,4740.0000,4730.6000,4767.8000,4768.0000,4769.0000,4770.0000,4780.0000,4,2,5,2,1,1,1,1,4,2
SF,IC2009,2020-02-03 09:32:34.400,4760.0000,4789,0,437153880.000,2,1,1,多换,S,4760.0000,4757.8000,4750.0000,4740.0000,4730.6000,4767.8000,4768.0000,4769.0000,4770.0000,4780.0000,2,2,5,2,1,1,1,1,4,2
SF,IC2009,2020-02-03 09:32:34.900,4757.8000,4793,4,440961000.000,4,4,0,双开,S,4750.0000,4740.0000,4730.6000,4730.0000,4728.0000,4757.8000,4767.6000,4767.8000,4768.0000,4769.0000,5,2,1,8,1,1,1,1,2,1
SF,IC2009,2020-02-03 09:32:35.400,4757.8000,4793,0,440961000.000,0,-,-,-,-,4750.0000,4740.0000,4730.6000,4730.0000,4728.0000,4757.8000,4767.6000,4767.8000,4768.0000,4770.0000,5,2,1,8,1,1,1,1,1,4
SF,IC2009,2020-02-03 09:32:35.900,4757.8000,4792,-1,442864120.000,2,0,2,多平,S,4757.8000,4750.0000,4740.0000,4730.6000,4730.0000,4767.6000,4767.8000,4768.0000,4770.0000,4780.0000,2,5,2,1,8,1,1,1,3,2
SF,IC2009,2020-02-03 09:32:36.400,4750.0000,4791,-1,449517240.000,7,3,4,多平,S,4740.0000,4730.6000,4730.0000,4728.0000,4727.0000,4767.6000,4767.8000,4768.0000,4770.0000,4780.0000,2,1,8,1,2,1,1,1,3,2
SF,IC2009,2020-02-03 09:32:36.900,4750.0000,4791,0,449517240.000,0,-,-,-,-,4740.2000,4740.0000,4730.6000,4730.0000,4728.0000,4767.6000,4767.8000,4768.0000,4770.0000,4780.0000,1,2,1,8,1,1,1,1,3,2
SF,IC2009,2020-02-03 09:32:37.400,4767.2000,4791,0,450470680.000,1,0,1,多换,S,4758.0000,4757.8000,4740.2000,4740.0000,4730.6000,4767.4000,4767.6000,4768.0000,4770.0000,4780.0000,1,1,1,2,1,1,1,1,3,2
SF,IC2009,2020-02-03 09:32:37.900,4767.2000,4791,0,450470680.000,0,-,-,-,-,4758.0000,4757.8000,4740.2000,4740.0000,4730.6000,4762.6000,4767.4000,4767.6000,4768.0000,4770.0000,1,1,1,2,1,1,1,1,1,3
SF,IC2009,2020-02-03 09:32:38.400,4767.2000,4791,0,450470680.000,0,-,-,-,-,4758.0000,4757.8000,4740.2000,4740.0000,4730.6000,4762.6000,4767.4000,4767.6000,4768.0000,4770.0000,1,1,1,2,1,1,1,2,1,3
SF,IC2009,2020-02-03 09:32:38.900,4767.2000,4791,0,450470680.000,0,-,-,-,-,4758.2000,4758.0000,4757.8000,4740.2000,4740.0000,4762.6000,4767.4000,4767.6000,4768.0000,4770.0000,1,1,1,1,2,1,1,2,10,3
SF,IC2009,2020-02-03 09:32:39.400,4767.2000,4791,0,450470680.000,0,-,-,-,-,4758.2000,4758.0000,4757.8000,4750.2000,4740.2000,4767.4000,4767.6000,4768.0000,4770.0000,4780.0000,1,1,1,1,1,1,1,10,3,2
SF,IC2009,2020-02-03 09:32:39.900,4758.0000,4791,0,451422280.000,1,0,1,多换,S,4757.8000,4750.2000,4740.2000,4740.0000,4730.6000,4758.0000,4767.4000,4767.6000,4768.0000,4770.0000,1,1,1,2,1,1,1,1,10,3
SF,IC2009,2020-02-03 09:32:40.400,4758.0000,4791,0,453325440.000,2,1,1,多换,S,4750.2000,4740.2000,4740.0000,4730.6000,4730.0000,4767.6000,4768.0000,4770.0000,4780.0000,4790.0000,1,1,2,1,8,1,10,3,2,3
SF,IC2009,2020-02-03 09:32:40.900,4758.0000,4791,0,453325440.000,0,-,-,-,-,4750.4000,4750.2000,4740.0000,4730.6000,4730.0000,4758.0000,4760.8000,4767.6000,4768.0000,4770.0000,1,1,2,1,8,5,1,1,10,3
SF,IC2009,2020-02-03 09:32:41.400,4758.0000,4791,0,453325440.000,0,-,-,-,-,4750.6000,4750.2000,4740.0000,4730.6000,4730.0000,4758.0000,4760.8000,4767.6000,4768.0000,4770.0000,1,1,2,1,8,5,1,1,10,3
SF,IC2009,2020-02-03 09:32:41.900,4758.0000,4791,0,453325440.000,0,-,-,-,-,4750.6000,4750.2000,4740.0000,4730.6000,4730.0000,4758.0000,4760.8000,4767.6000,4768.0000,4770.0000,1,1,2,1,8,5,1,1,10,3
SF,IC2009,2020-02-03 09:32:42.400,4758.0000,4791,0,453325440.000,0,-,-,-,-,4750.6000,4750.2000,4740.0000,4730.6000,4730.0000,4758.0000,4760.8000,4767.6000,4768.0000,4770.0000,1,1,2,1,8,5,1,1,10,3
SF,IC2009,2020-02-03 09:32:42.900,4758.0000,4791,0,453325440.000,0,-,-,-,-,4750.6000,4750.2000,4740.0000,4730.6000,4730.0000,4757.8000,4758.0000,4767.6000,4768.0000,4770.0000,1,1,2,1,8,1,5,1,10,3
SF,IC2009,2020-02-03 09:32:43.400,4758.0000,4791,0,453325440.000,0,-,-,-,-,4750.6000,4750.2000,4740.0000,4730.6000,4730.0000,4757.8000,4758.0000,4767.6000,4768.0000,4770.0000,1,1,2,1,8,1,6,1,10,3
SF,IC2009,2020-02-03 09:32:43.900,4758.0000,4792,1,455228640.000,2,1,1,空开,S,4750.6000,4750.2000,4740.0000,4730.6000,4730.0000,4757.2000,4757.8000,4758.0000,4760.0000,4767.6000,1,1,2,1,8,1,1,6,1,1
SF,IC2009,2020-02-03 09:32:44.400,4758.0000,4792,0,455228640.000,0,-,-,-,-,4750.2000,4740.0000,4730.6000,4730.0000,4728.0000,4757.2000,4757.8000,4758.0000,4760.0000,4767.6000,1,2,1,8,1,1,1,6,1,1
SF,IC2009,2020-02-03 09:32:44.900,4757.8000,4793,1,456180200.000,1,1,0,双开,S,4750.8000,4750.4000,4750.2000,4740.0000,4730.6000,4753.6000,4756.8000,4757.2000,4758.0000,4760.0000,1,1,1,2,1,1,1,1,6,1
SF,IC2009,2020-02-03 09:32:45.400,4757.8000,4793,0,456180200.000,0,-,-,-,-,4751.2000,4750.8000,4750.4000,4750.2000,4740.0000,4753.6000,4756.8000,4757.2000,4758.0000,4760.0000,1,1,1,1,2,1,1,1,6,1
SF,IC2009,2020-02-03 09:32:45.900,4757.8000,4793,0,456180200.000,0,-,-,-,-,4751.4000,4751.2000,4750.8000,4750.4000,4750.2000,4753.6000,4756.8000,4758.0000,4760.0000,4767.6000,1,1,1,1,1,1,1,6,1,1
SF,IC2009,2020-02-03 09:32:46.400,4757.8000,4793,0,456180200.000,0,-,-,-,-,4751.4000,4750.8000,4750.2000,4740.0000,4730.6000,4753.2000,4753.6000,4758.0000,4760.0000,4767.6000,1,1,1,2,1,1,1,1,1,1
SF,IC2009,2020-02-03 09:32:46.900,4751.4000,4793,0,457130480.000,1,0,1,多换,S,4750.8000,4750.2000,4740.0000,4730.6000,4730.0000,4751.4000,4753.2000,4758.0000,4760.0000,4767.6000,1,1,2,1,8,1,1,2,1,1
SF,IC2009,2020-02-03 09:32:47.400,4751.4000,4794,1,458080760.000,1,1,0,双开,S,4750.8000,4750.2000,4740.0000,4730.6000,4730.0000,4751.4000,4753.2000,4758.0000,4760.0000,4767.6000,1,1,2,1,8,1,1,2,1,1
SF,IC2009,2020-02-03 09:32:47.900,4751.4000,4794,0,458080760.000,0,-,-,-,-,4750.8000,4750.2000,4740.0000,4730.6000,4730.0000,4751.4000,4758.0000,4760.0000,4767.6000,4768.0000,1,1,2,1,8,1,2,1,1,10
SF,IC2009,2020-02-03 09:32:48.400,4751.4000,4794,0,458080760.000,0,-,-,-,-,4750.8000,4750.2000,4740.0000,4730.6000,4730.0000,4751.4000,4758.0000,4760.0000,4767.6000,4768.0000,1,1,2,1,8,1,2,1,1,10
SF,IC2009,2020-02-03 09:32:48.900,4751.4000,4794,0,458080760.000,0,-,-,-,-,4750.8000,4750.2000,4740.0000,4730.6000,4730.0000,4758.0000,4760.0000,4767.6000,4768.0000,4770.0000,1,1,2,1,8,2,1,1,10,4
SF,IC2009,2020-02-03 09:32:49.400,4750.8000,4794,0,459981120.000,2,1,1,多换,S,4750.2000,4740.0000,4730.6000,4730.0000,4728.0000,4750.8000,4758.0000,4760.0000,4767.6000,4768.0000,1,2,1,8,1,1,2,1,1,10
SF,IC2009,2020-02-03 09:32:49.900,4750.8000,4794,0,459981120.000,0,-,-,-,-,4750.2000,4750.0000,4740.0000,4730.6000,4730.0000,4753.6000,4758.0000,4760.0000,4767.6000,4768.0000,1,1,2,1,8,1,2,1,1,10
SF,IC2009,2020-02-03 09:32:50.400,4750.2000,4794,0,460931160.000,1,0,1,多换,S,4750.0000,4740.0000,4730.6000,4730.0000,4728.0000,4750.2000,4750.8000,4758.0000,4760.0000,4767.6000,1,2,1,8,1,1,10,2,1,1
SF,IC2009,2020-02-03 09:32:50.900,4750.0000,4795,1,462831200.000,2,1,1,空开,S,4740.0000,4730.6000,4730.0000,4728.0000,4727.0000,4750.0000,4750.2000,4750.8000,4758.0000,4760.0000,2,1,8,1,2,2,1,10,1,1
SF,IC2009,2020-02-03 09:32:51.400,4750.0000,4795,0,463781200.000,1,0,1,多换,S,4740.0000,4730.6000,4730.0000,4728.0000,4727.0000,4750.8000,4758.0000,4760.0000,4767.6000,4768.0000,2,1,8,1,2,10,1,1,1,10
SF,IC2009,2020-02-03 09:32:51.900,4750.0000,4795,0,463781200.000,0,-,-,-,-,4740.0000,4730.6000,4730.0000,4728.0000,4727.0000,4750.8000,4753.4000,4758.0000,4760.0000,4767.6000,2,1,8,1,2,10,1,1,1,1
SF,IC2009,2020-02-03 09:32:52.400,4750.0000,4795,0,463781200.000,0,-,-,-,-,4750.0000,4740.0000,4730.6000,4730.0000,4728.0000,4750.8000,4753.4000,4758.0000,4760.0000,4767.6000,1,2,1,8,1,10,1,1,1,1
SF,IC2009,2020-02-03 09:32:52.900,4750.0000,4795,0,464731200.000,1,0,1,多换,S,4740.0000,4730.6000,4730.0000,4728.0000,4727.0000,4748.8000,4750.0000,4750.8000,4753.4000,4758.0000,2,1,8,1,2,5,1,11,1,1
SF,IC2009,2020-02-03 09:32:53.400,4748.8000,4794,-1,465680960.000,1,0,1,双平,S,4740.0000,4730.6000,4730.0000,4728.0000,4727.0000,4748.8000,4750.8000,4753.4000,4758.0000,4760.0000,2,1,8,1,2,4,11,1,1,1
SF,IC2009,2020-02-03 09:32:53.900,4748.8000,4794,0,465680960.000,0,-,-,-,-,4740.0000,4730.6000,4730.0000,4728.0000,4727.0000,4747.2000,4750.8000,4753.4000,4758.0000,4760.0000,2,1,8,1,2,1,11,1,1,1
SF,IC2009,2020-02-03 09:32:54.400,4747.2000,4793,-1,466630400.000,1,0,1,双平,S,4748.8000,4740.0000,4730.6000,4730.0000,4728.0000,4750.8000,4753.4000,4758.0000,4760.0000,4767.6000,3,2,1,8,1,11,1,1,1,1
SF,IC2009,2020-02-03 09:32:54.900,4748.8000,4794,1,469479680.000,3,2,1,空开,S,4740.0000,4730.6000,4730.0000,4728.0000,4727.0000,4750.6000,4750.8000,4753.4000,4758.0000,4767.6000,2,1,8,1,2,1,11,1,1,1
SF,IC2009,2020-02-03 09:32:55.400,4748.8000,4794,0,470429440.000,1,0,1,多换,S,4740.2000,4740.0000,4730.6000,4730.0000,4728.0000,4747.4000,4750.6000,4750.8000,4753.4000,4758.0000,1,2,1,8,1,1,1,10,1,1
SF,IC2009,2020-02-03 09:32:55.900,4748.8000,4794,0,470429440.000,0,-,-,-,-,4740.2000,4740.0000,4730.6000,4730.0000,4728.0000,4747.4000,4749.4000,4750.6000,4750.8000,4753.4000,1,2,1,8,1,1,1,1,10,1
SF,IC2009,2020-02-03 09:32:56.400,4748.8000,4794,0,470429440.000,0,-,-,-,-,4740.2000,4740.0000,4730.6000,4730.0000,4728.0000,4746.8000,4747.4000,4750.8000,4753.4000,4758.0000,1,2,1,8,1,1,1,10,1,1
SF,IC2009,2020-02-03 09:32:56.900,4748.8000,4794,0,470429440.000,0,-,-,-,-,4740.2000,4740.0000,4730.6000,4730.0000,4728.0000,4746.6000,4747.4000,4750.8000,4753.4000,4758.0000,1,2,1,8,1,1,1,10,1,1
SF,IC2009,2020-02-03 09:32:57.400,4748.8000,4794,0,470429440.000,0,-,-,-,-,4740.2000,4740.0000,4730.6000,4730.0000,4728.0000,4746.6000,4747.4000,4750.8000,4753.4000,4758.0000,1,2,1,8,1,1,1,10,1,1
SF,IC2009,2020-02-03 09:32:57.900,4748.8000,4794,0,470429440.000,0,-,-,-,-,4740.2000,4740.0000,4730.6000,4730.0000,4728.0000,4746.6000,4747.4000,4750.8000,4753.4000,4758.0000,1,2,1,8,1,1,1,10,1,1
SF,IC2009,2020-02-03 09:32:58.400,4748.8000,4794,0,470429440.000,0,-,-,-,-,4740.2000,4740.0000,4730.6000,4730.0000,4728.0000,4743.6000,4750.8000,4753.4000,4758.0000,4767.6000,1,2,1,8,1,1,10,1,1,1
SF,IC2009,2020-02-03 09:32:58.900,4750.8000,4794,0,472328320.000,2,1,1,多换,S,4740.0000,4730.6000,4730.0000,4728.0000,4727.0000,4750.8000,4753.4000,4758.0000,4767.6000,4768.0000,2,1,8,1,2,9,1,1,1,10
SF,IC2009,2020-02-03 09:32:59.400,4750.8000,4794,0,472328320.000,0,-,-,-,-,4740.2000,4740.0000,4730.6000,4730.0000,4728.0000,4749.0000,4750.6000,4750.8000,4753.4000,4758.0000,1,2,1,8,1,1,2,9,1,1
SF,IC2009,2020-02-03 09:32:59.900,4750.8000,4794,0,472328320.000,0,-,-,-,-,4740.2000,4740.0000,4730.6000,4730.0000,4728.0000,4748.8000,4750.6000,4750.8000,4758.0000,4767.6000,1,2,1,8,1,1,2,9,1,1
SF,IC2009,2020-02-03 09:33:00.400,4740.2000,4793,-1,473276360.000,1,0,1,双平,S,4742.0000,4740.0000,4730.6000,4730.0000,4728.0000,4747.2000,4748.4000,4749.8000,4750.0000,4750.6000,2,2,1,8,1,1,1,1,1,1
SF,IC2009,2020-02-03 09:33:00.900,4742.0000,4794,1,474224760.000,1,1,0,双开,S,4742.0000,4740.0000,4730.6000,4730.0000,4728.0000,4747.0000,4747.2000,4747.6000,4750.0000,4750.6000,1,2,1,8,1,1,1,1,1,1
SF,IC2009,2020-02-03 09:33:01.400,4742.0000,4794,0,475173160.000,1,0,1,多换,S,4740.0000,4730.6000,4730.0000,4728.0000,4727.0000,4744.8000,4746.8000,4747.0000,4747.2000,4750.0000,2,1,8,1,2,1,1,1,1,1
SF,IC2009,2020-02-03 09:33:01.900,4742.0000,4794,0,475173160.000,0,-,-,-,-,4740.0000,4730.6000,4730.0000,4728.0000,4727.0000,4744.8000,4746.8000,4747.0000,4750.0000,4750.6000,2,1,8,1,2,1,2,1,1,1
SF,IC2009,2020-02-03 09:33:02.400,4740.0000,4794,0,477069160.000,2,1,1,多换,S,4730.6000,4730.0000,4728.0000,4727.0000,4720.0000,4740.8000,4744.6000,4746.8000,4750.0000,4750.6000,1,8,1,2,2,1,1,1,1,1
SF,IC2009,2020-02-03 09:33:02.900,4740.0000,4794,0,477069160.000,0,-,-,-,-,4730.6000,4730.0000,4728.0000,4727.0000,4720.0000,4740.8000,4746.8000,4750.0000,4750.8000,4758.0000,1,8,1,2,2,1,1,1,9,1
SF,IC2009,2020-02-03 09:33:03.400,4740.8000,4793,-1,478017320.000,1,0,1,双平,S,4730.6000,4730.0000,4728.0000,4727.0000,4720.0000,4746.8000,4748.8000,4750.0000,4750.8000,4758.0000,1,8,1,2,2,1,1,1,9,1
SF,IC2009,2020-02-03 09:33:03.900,4740.8000,4793,0,478017320.000,0,-,-,-,-,4730.6000,4730.0000,4728.0000,4727.0000,4720.0000,4746.6000,4746.8000,4748.8000,4750.0000,4750.8000,1,8,1,2,2,1,1,1,1,9
SF,IC2009,2020-02-03 09:33:04.400,4740.8000,4793,0,478017320.000,0,-,-,-,-,4730.6000,4730.0000,4728.0000,4727.0000,4720.0000,4745.0000,4746.6000,4748.8000,4750.0000,4750.8000,1,8,1,2,2,1,1,1,1,9
SF,IC2009,2020-02-03 09:33:04.900,4740.8000,4793,0,478017320.000,0,-,-,-,-,4730.6000,4730.0000,4728.0000,4727.0000,4720.0000,4744.6000,4744.8000,4745.0000,4746.0000,4748.8000,1,8,1,2,2,1,1,1,2,1
SF,IC2009,2020-02-03 09:33:05.400,4740.8000,4793,0,478017320.000,0,-,-,-,-,4730.6000,4730.0000,4728.0000,4727.0000,4720.0000,4744.2000,4744.4000,4744.6000,4745.0000,4746.0000,1,8,1,2,2,1,2,1,1,1
SF,IC2009,2020-02-03 09:33:05.900,4730.6000,4794,1,478963440.000,1,1,0,双开,S,4730.0000,4728.0000,4727.0000,4720.0000,4711.0000,4743.8000,4744.0000,4744.2000,4744.4000,4744.6000,8,1,2,2,2,1,1,1,1,1
SF,IC2009,2020-02-03 09:33:06.400,4743.6000,4794,0,479912160.000,1,0,1,多换,S,4730.2000,4730.0000,4728.0000,4727.0000,4720.0000,4740.0000,4743.8000,4744.2000,4744.4000,4745.0000,1,8,1,2,2,2,1,1,1,1
SF,IC2009,2020-02-03 09:33:06.900,4743.6000,4794,0,479912160.000,0,-,-,-,-,4730.4000,4730.2000,4730.0000,4728.0000,4727.0000,4740.0000,4742.2000,4743.8000,4748.8000,4750.8000,1,1,8,1,2,2,1,2,1,9
SF,IC2009,2020-02-03 09:33:07.400,4743.6000,4794,0,479912160.000,0,-,-,-,-,4730.6000,4730.4000,4730.0000,4728.0000,4727.0000,4739.8000,4740.0000,4742.2000,4742.8000,4743.8000,1,1,8,1,2,1,2,1,1,1
SF,IC2009,2020-02-03 09:33:07.900,4743.6000,4794,0,479912160.000,0,-,-,-,-,4730.8000,4730.6000,4730.0000,4728.0000,4727.0000,4739.8000,4740.0000,4742.2000,4742.8000,4743.8000,1,1,8,1,2,1,2,1,1,1
SF,IC2009,2020-02-03 09:33:08.400,4743.6000,4794,0,479912160.000,0,-,-,-,-,4731.0000,4730.0000,4728.0000,4727.0000,4720.0000,4739.2000,4740.0000,4742.2000,4742.8000,4743.8000,1,8,1,2,2,1,3,1,1,1
SF,IC2009,2020-02-03 09:33:08.900,4743.6000,4794,0,479912160.000,0,-,-,-,-,4730.0000,4728.0000,4727.0000,4720.0000,4711.0000,4739.2000,4739.6000,4740.0000,4742.2000,4742.8000,8,1,2,2,2,1,1,3,1,1
SF,IC2009,2020-02-03 09:33:09.400,4743.6000,4794,0,479912160.000,0,-,-,-,-,4730.2000,4730.0000,4728.0000,4727.0000,4720.0000,4730.6000,4739.2000,4739.6000,4740.0000,4742.2000,1,8,1,2,2,1,1,1,3,1
SF,IC2009,2020-02-03 09:33:09.900,4730.4000,4793,-1,481804360.000,2,0,2,多平,S,4730.0000,4728.0000,4727.0000,4720.0000,4711.0000,4739.2000,4740.0000,4742.2000,4742.8000,4743.8000,8,1,2,2,2,1,3,1,1,1
SF,IC2009,2020-02-03 09:33:10.400,4730.4000,4793,0,481804360.000,0,-,-,-,-,4730.2000,4730.0000,4728.0000,4727.0000,4720.0000,4739.2000,4740.0000,4742.2000,4742.8000,4743.8000,2,8,1,2,2,1,3,1,1,1
SF,IC2009,2020-02-03 09:33:10.900,4739.0000,4793,0,482752160.000,1,0,1,多换,S,4730.2000,4730.0000,4728.0000,4727.0000,4720.0000,4739.0000,4739.2000,4740.0000,4742.8000,4748.8000,1,8,1,2,2,2,1,3,1,1
SF,IC2009,2020-02-03 09:33:11.400,4739.0000,4793,0,482752160.000,0,-,-,-,-,4730.2000,4730.0000,4728.0000,4727.0000,4720.0000,4738.8000,4739.0000,4739.2000,4740.0000,4742.8000,1,8,1,2,2,1,1,1,3,1
SF,IC2009,2020-02-03 09:33:11.900,4739.0000,4793,0,482752160.000,0,-,-,-,-,4730.4000,4730.2000,4730.0000,4728.0000,4727.0000,4738.6000,4738.8000,4739.2000,4740.0000,4748.8000,1,1,8,1,2,1,1,1,3,1
SF,IC2009,2020-02-03 09:33:12.400,4739.0000,4793,0,482752160.000,0,-,-,-,-,4730.6000,4730.4000,4730.0000,4728.0000,4727.0000,4738.6000,4738.8000,4739.2000,4740.0000,4748.8000,1,1,8,1,2,1,1,1,2,1
SF,IC2009,2020-02-03 09:33:12.900,4739.0000,4793,0,482752160.000,0,-,-,-,-,4730.8000,4730.6000,4730.0000,4728.0000,4727.0000,4738.6000,4738.8000,4739.2000,4740.0000,4748.8000,1,1,8,1,2,1,1,1,2,1
SF,IC2009,2020-02-03 09:33:13.400,4731.0000,4795,2,487484680.000,5,3,2,空开,S,4731.6000,4730.8000,4730.0000,4728.0000,4727.0000,4736.2000,4739.2000,4740.0000,4748.8000,4750.8000,1,1,8,1,2,1,1,2,1,9
SF,IC2009,2020-02-03 09:33:13.900,4736.2000,4795,0,488431920.000,1,0,1,多换,S,4731.6000,4730.8000,4730.0000,4728.0000,4727.0000,4739.2000,4740.0000,4748.8000,4750.8000,4758.0000,1,1,8,1,2,1,2,1,9,1
SF,IC2009,2020-02-03 09:33:14.400,4736.2000,4795,0,488431920.000,0,-,-,-,-,4731.8000,4731.6000,4730.0000,4728.0000,4727.0000,4739.0000,4739.2000,4740.0000,4748.8000,4750.8000,1,1,8,1,2,1,1,2,1,9
SF,IC2009,2020-02-03 09:33:14.900,4736.2000,4795,0,488431920.000,0,-,-,-,-,4731.8000,4731.6000,4730.0000,4728.0000,4727.0000,4739.0000,4740.0000,4748.8000,4750.8000,4758.0000,1,1,8,1,2,1,2,1,9,1
SF,IC2009,2020-02-03 09:33:15.400,4736.2000,4795,0,488431920.000,0,-,-,-,-,4732.2000,4731.8000,4730.0000,4728.0000,4727.0000,4738.8000,4739.0000,4740.0000,4748.8000,4750.8000,1,1,8,1,2,1,1,2,1,9
SF,IC2009,2020-02-03 09:33:15.900,4732.4000,4796,1,489378400.000,1,1,0,双开,S,4732.2000,4731.8000,4730.0000,4728.0000,4727.0000,4738.8000,4740.0000,4748.8000,4750.8000,4758.0000,1,1,8,1,2,1,2,1,9,1
SF,IC2009,2020-02-03 09:33:16.400,4732.4000,4796,0,490324880.000,1,0,1,多换,S,4732.2000,4731.8000,4730.0000,4728.0000,4727.0000,4736.0000,4738.6000,4738.8000,4740.0000,4748.8000,1,1,8,1,2,1,1,1,2,1
SF,IC2009,2020-02-03 09:33:16.900,4732.4000,4796,0,490324880.000,0,-,-,-,-,4732.2000,4731.8000,4730.0000,4728.0000,4727.0000,4738.6000,4738.8000,4740.0000,4748.8000,4750.8000,1,1,8,1,2,1,1,2,1,9
SF,IC2009,2020-02-03 09:33:17.400,4732.4000,4796,0,490324880.000,0,-,-,-,-,4732.2000,4731.8000,4730.0000,4728.0000,4727.0000,4735.8000,4738.4000,4738.6000,4740.0000,4748.8000,1,1,8,1,2,1,1,1,2,1
SF,IC2009,2020-02-03 09:33:17.900,4731.8000,4795,-1,492217680.000,2,0,2,多平,S,4730.0000,4728.0000,4727.0000,4720.0000,4711.0000,4735.6000,4735.8000,4738.6000,4740.0000,4748.8000,8,1,2,2,2,1,1,1,2,1
SF,IC2009,2020-02-03 09:33:18.400,4731.8000,4795,0,492217680.000,0,-,-,-,-,4730.2000,4730.0000,4728.0000,4727.0000,4720.0000,4732.2000,4735.4000,4735.6000,4735.8000,4740.0000,1,8,1,2,2,1,2,1,1,2
SF,IC2009,2020-02-03 09:33:18.900,4732.2000,4795,0,493164120.000,1,0,1,多换,S,4730.4000,4730.2000,4730.0000,4728.0000,4727.0000,4735.4000,4740.0000,4748.8000,4750.8000,4758.0000,2,1,8,1,2,2,2,1,9,1
SF,IC2009,2020-02-03 09:33:19.400,4732.2000,4795,0,493164120.000,0,-,-,-,-,4730.4000,4730.0000,4728.0000,4727.0000,4720.0000,4735.2000,4740.0000,4748.8000,4750.8000,4758.0000,2,8,1,2,2,1,2,1,9,1
SF,IC2009,2020-02-03 09:33:19.900,4732.2000,4795,0,493164120.000,0,-,-,-,-,4730.0000,4728.0000,4727.0000,4720.0000,4711.0000,4732.2000,4740.0000,4748.8000,4750.8000,4758.0000,8,1,2,2,2,1,2,1,9,1
SF,IC2009,2020-02-03 09:33:20.400,4730.4000,4795,0,494110200.000,1,0,1,多换,S,4730.0000,4728.0000,4727.0000,4720.0000,4711.0000,4732.2000,4740.0000,4748.8000,4750.8000,4758.0000,8,1,2,2,2,1,2,1,9,1
SF,IC2009,2020-02-03 09:33:20.900,4732.2000,4795,0,495056640.000,1,0,1,多换,S,4732.2000,4730.2000,4730.0000,4728.0000,4727.0000,4740.0000,4748.8000,4750.8000,4758.0000,4760.0000,1,1,9,1,2,2,1,9,1,2
SF,IC2009,2020-02-03 09:33:21.400,4732.2000,4795,0,496003080.000,1,0,1,多换,S,4730.0000,4728.0000,4727.0000,4720.0000,4711.0000,4732.0000,4736.2000,4739.8000,4740.0000,4748.8000,9,1,2,2,2,2,1,1,2,1
SF,IC2009,2020-02-03 09:33:21.900,4732.0000,4794,-1,496949480.000,1,0,1,双平,S,4730.2000,4730.0000,4728.0000,4727.0000,4720.0000,4732.0000,4738.4000,4739.2000,4739.8000,4740.0000,1,9,1,2,2,1,1,1,1,2
SF,IC2009,2020-02-03 09:33:22.400,4730.0000,4803,9,507355920.000,11,10,1,空开,S,4728.0000,4727.0000,4720.0000,4711.0000,4710.0000,4730.0000,4731.8000,4732.0000,4738.4000,4739.2000,1,2,2,2,4,5,1,1,1,1
SF,IC2009,2020-02-03 09:33:22.900,4728.0000,4803,0,508301520.000,1,0,1,多换,S,4727.0000,4720.0000,4711.0000,4710.0000,4709.6000,4730.0000,4731.8000,4732.0000,4738.4000,4739.2000,2,2,2,4,1,5,1,1,1,1
SF,IC2009,2020-02-03 09:33:23.400,4728.0000,4803,0,508301520.000,0,-,-,-,-,4728.2000,4727.0000,4720.0000,4711.0000,4710.0000,4729.8000,4730.0000,4732.0000,4738.4000,4739.2000,1,2,2,2,4,1,5,1,1,1
SF,IC2009,2020-02-03 09:33:24.400,4727.0000,4804,1,511138520.000,3,2,1,空开,S,4727.0000,4720.0000,4711.0000,4710.0000,4709.6000,4730.0000,4732.0000,4738.4000,4739.2000,4740.0000,1,2,2,4,1,5,1,1,1,3
SF,IC2009,2020-02-03 09:33:24.900,4730.0000,4804,0,512084520.000,1,0,1,多换,S,4727.2000,4727.0000,4720.0000,4711.0000,4710.0000,4730.0000,4732.0000,4738.4000,4739.2000,4740.0000,1,1,2,2,4,4,1,1,1,3
SF,IC2009,2020-02-03 09:33:26.900,4727.2000,4804,0,513029960.000,1,0,1,多换,S,4727.0000,4720.0000,4711.0000,4710.0000,4709.6000,4730.0000,4732.0000,4739.2000,4740.0000,4748.8000,1,2,2,4,1,4,1,1,3,1
SF,IC2009,2020-02-03 09:33:27.900,4727.2000,4805,1,513975400.000,1,1,0,双开,S,4727.0000,4720.0000,4711.0000,4710.0000,4709.6000,4730.0000,4732.0000,4739.2000,4740.0000,4748.8000,1,2,2,4,1,4,1,1,3,1
SF,IC2009,2020-02-03 09:33:28.400,4727.2000,4805,0,513975400.000,0,-,-,-,-,4727.0000,4720.0000,4711.0000,4710.0000,4709.6000,4730.0000,4732.0000,4740.0000,4748.8000,4750.0000,1,2,2,4,1,4,1,3,1,2
SF,IC2009,2020-02-03 09:33:28.900,4727.2000,4806,1,514920840.000,1,1,0,双开,S,4727.0000,4720.0000,4711.0000,4710.0000,4709.6000,4730.0000,4732.0000,4740.0000,4748.8000,4750.0000,1,2,2,4,1,4,1,3,1,2
SF,IC2009,2020-02-03 09:33:29.400,4727.2000,4806,0,514920840.000,0,-,-,-,-,4727.2000,4727.0000,4720.0000,4711.0000,4710.0000,4730.0000,4732.0000,4740.0000,4748.8000,4750.0000,1,1,2,2,4,4,1,3,1,2
SF,IC2009,2020-02-03 09:33:30.400,4730.0000,4806,0,516812840.000,2,1,1,多换,S,4727.2000,4727.0000,4720.0000,4711.0000,4710.0000,4730.0000,4732.0000,4740.0000,4748.8000,4750.0000,1,1,2,2,4,2,1,3,1,2
SF,IC2009,2020-02-03 09:33:30.900,4730.0000,4806,0,516812840.000,0,-,-,-,-,4727.2000,4727.0000,4720.0000,4711.0000,4710.0000,4730.0000,4732.0000,4740.0000,4748.8000,4750.0000,1,1,2,2,4,2,1,3,1,2
SF,IC2009,2020-02-03 09:33:31.900,4727.4000,4806,0,517758320.000,1,0,1,多换,S,4727.2000,4727.0000,4720.0000,4711.0000,4710.0000,4728.0000,4730.0000,4732.0000,4740.0000,4748.8000,1,1,2,2,4,1,2,1,3,1
SF,IC2009,2020-02-03 09:33:32.400,4728.0000,4806,0,518703920.000,1,0,1,多换,S,4727.2000,4727.0000,4720.0000,4711.0000,4710.0000,4730.0000,4732.0000,4740.0000,4748.8000,4750.0000,1,1,2,2,4,3,1,3,1,2
SF,IC2009,2020-02-03 09:33:33.400,4730.0000,4807,1,520595360.000,2,1,1,空开,S,4727.0000,4720.0000,4711.0000,4710.0000,4709.6000,4730.0000,4732.0000,4740.0000,4748.8000,4750.0000,1,2,2,4,1,2,1,3,1,2
SF,IC2009,2020-02-03 09:33:33.900,4730.0000,4807,0,521541360.000,1,0,1,多换,S,4727.0000,4720.0000,4711.0000,4710.0000,4709.6000,4729.8000,4730.0000,4732.0000,4740.0000,4748.8000,1,2,2,4,1,2,2,1,3,1
SF,IC2009,2020-02-03 09:33:34.400,4730.0000,4807,0,521541360.000,0,-,-,-,-,4727.4000,4727.0000,4720.0000,4715.0000,4711.0000,4729.8000,4730.0000,4732.0000,4740.0000,4748.8000,1,1,2,1,2,2,3,1,3,1
SF,IC2009,2020-02-03 09:33:34.900,4727.4000,4808,1,522486840.000,1,1,0,双开,S,4727.0000,4720.0000,4715.0000,4711.0000,4710.0000,4729.8000,4730.0000,4732.0000,4740.0000,4748.8000,1,2,1,2,4,1,3,1,3,1
SF,IC2009,2020-02-03 09:33:35.400,4727.0000,4808,0,523432240.000,1,0,1,多换,S,4720.0000,4715.0000,4711.0000,4710.0000,4709.6000,4727.0000,4729.4000,4729.8000,4730.0000,4732.0000,2,1,2,4,1,1,2,1,3,1
SF,IC2009,2020-02-03 09:33:35.900,4727.0000,4808,0,523432240.000,0,-,-,-,-,4720.0000,4715.0000,4711.0000,4710.0000,4709.6000,4727.0000,4730.0000,4732.0000,4740.0000,4748.8000,2,1,2,4,1,1,3,1,3,1
SF,IC2009,2020-02-03 09:33:37.400,4727.0000,4808,0,523432240.000,0,-,-,-,-,4720.0000,4715.0000,4711.0000,4710.0000,4709.6000,4726.6000,4726.8000,4730.0000,4732.0000,4740.0000,2,1,2,4,1,1,1,3,1,3
SF,IC2009,2020-02-03 09:33:37.900,4727.0000,4809,1,524377640.000,1,1,0,双开,S,4720.0000,4715.0000,4711.0000,4710.0000,4709.6000,4726.8000,4730.0000,4732.0000,4740.0000,4748.8000,2,1,2,4,1,1,3,1,3,1
SF,IC2009,2020-02-03 09:33:38.400,4720.0000,4810,1,525321640.000,1,1,0,双开,S,4720.0000,4715.0000,4711.0000,4710.0000,4709.6000,4726.8000,4730.0000,4732.0000,4740.0000,4748.8000,1,1,2,4,1,1,3,1,4,1
SF,IC2009,2020-02-03 09:33:38.900,4720.0000,4810,0,525321640.000,0,-,-,-,-,4720.0000,4715.0000,4711.0000,4710.0000,4709.6000,4730.0000,4732.0000,4740.0000,4748.8000,4750.0000,1,1,2,4,1,3,1,4,1,2
SF,IC2009,2020-02-03 09:33:39.400,4720.0000,4810,0,525321640.000,0,-,-,-,-,4720.0000,4715.0000,4711.0000,4710.0000,4709.6000,4729.8000,4730.0000,4732.0000,4740.0000,4748.8000,1,1,2,4,1,1,3,1,4,1
SF,IC2009,2020-02-03 09:33:40.400,4720.0000,4811,1,526265640.000,1,1,0,双开,S,4715.0000,4711.0000,4710.0000,4709.6000,4706.4000,4729.8000,4730.0000,4732.0000,4740.0000,4748.8000,1,2,4,1,1,1,3,1,3,1
SF,IC2009,2020-02-03 09:33:40.900,4729.8000,4811,0,527211600.000,1,0,1,多换,S,4715.0000,4711.0000,4710.0000,4709.6000,4706.4000,4730.0000,4732.0000,4740.0000,4748.8000,4750.0000,1,2,4,1,1,3,1,3,1,2
SF,IC2009,2020-02-03 09:33:41.400,4729.8000,4811,0,527211600.000,0,-,-,-,-,4715.2000,4715.0000,4711.0000,4710.0000,4709.6000,4729.6000,4730.0000,4732.0000,4740.0000,4748.8000,1,1,2,4,1,1,3,1,3,1
SF,IC2009,2020-02-03 09:33:41.900,4729.8000,4811,0,527211600.000,0,-,-,-,-,4715.4000,4715.2000,4715.0000,4711.0000,4710.0000,4720.0000,4729.6000,4730.0000,4732.0000,4740.0000,1,1,1,2,4,5,2,3,1,3
SF,IC2009,2020-02-03 09:33:42.400,4715.4000,4811,0,529098680.000,2,1,1,多换,S,4715.0000,4711.0000,4710.0000,4709.6000,4706.4000,4720.0000,4728.4000,4729.6000,4730.0000,4732.0000,1,2,4,1,1,5,1,1,3,1
SF,IC2009,2020-02-03 09:33:42.900,4715.4000,4811,0,529098680.000,0,-,-,-,-,4715.0000,4711.0000,4710.0000,4709.6000,4706.4000,4720.0000,4728.4000,4729.6000,4730.0000,4732.0000,1,2,4,1,1,5,1,1,3,1
SF,IC2009,2020-02-03 09:33:43.400,4715.4000,4811,0,529098680.000,0,-,-,-,-,4715.0000,4711.0000,4710.0000,4709.6000,4706.4000,4720.0000,4729.6000,4730.0000,4732.0000,4740.0000,1,2,4,1,1,6,1,3,1,3
SF,IC2009,2020-02-03 09:33:43.900,4715.4000,4811,0,529098680.000,0,-,-,-,-,4715.0000,4711.0000,4710.0000,4709.6000,4706.4000,4719.6000,4719.8000,4720.0000,4729.6000,4730.0000,1,2,4,1,1,1,1,5,1,3
SF,IC2009,2020-02-03 09:33:44.900,4715.0000,4812,1,530041680.000,1,1,0,双开,S,4711.0000,4710.0000,4709.6000,4706.4000,4705.8000,4719.4000,4719.6000,4719.8000,4720.0000,4729.6000,2,4,1,1,1,1,1,1,5,1
SF,IC2009,2020-02-03 09:33:45.400,4719.4000,4812,0,530985560.000,1,0,1,多换,S,4712.0000,4711.0000,4710.0000,4709.6000,4706.4000,4719.6000,4720.0000,4729.6000,4730.0000,4740.0000,1,2,4,1,1,1,5,1,3,3
SF,IC2009,2020-02-03 09:33:45.900,4719.4000,4812,0,530985560.000,0,-,-,-,-,4712.0000,4711.2000,4711.0000,4710.0000,4709.6000,4719.0000,4720.0000,4729.6000,4730.0000,4740.0000,1,1,2,4,1,1,5,1,3,3
SF,IC2009,2020-02-03 09:33:46.400,4712.0000,4812,0,531927960.000,1,0,1,多换,S,4711.2000,4711.0000,4710.0000,4709.6000,4706.4000,4719.0000,4720.0000,4729.6000,4730.0000,4740.0000,1,2,4,1,1,1,5,1,3,3
SF,IC2009,2020-02-03 09:33:46.900,4712.0000,4812,0,531927960.000,0,-,-,-,-,4711.2000,4711.0000,4710.0000,4709.6000,4706.4000,4712.0000,4719.0000,4720.0000,4729.6000,4730.0000,1,2,4,1,1,1,1,5,1,3
SF,IC2009,2020-02-03 09:33:47.400,4712.0000,4812,0,532870360.000,1,0,1,多换,S,4711.2000,4711.0000,4710.0000,4709.6000,4706.4000,4719.0000,4720.0000,4729.6000,4730.0000,4740.0000,1,2,4,1,1,1,5,1,3,3
SF,IC2009,2020-02-03 09:33:47.900,4712.0000,4812,0,532870360.000,0,-,-,-,-,4711.0000,4710.0000,4709.6000,4706.4000,4705.8000,4712.0000,4719.0000,4720.0000,4730.0000,4740.0000,2,4,1,1,1,1,1,5,3,3
SF,IC2009,2020-02-03 09:33:48.400,4712.0000,4813,1,533812760.000,1,1,0,双开,S,4711.4000,4711.0000,4710.0000,4709.6000,4706.4000,4719.0000,4720.0000,4730.0000,4740.0000,4750.0000,1,2,4,1,1,1,5,3,3,2
SF,IC2009,2020-02-03 09:33:48.900,4711.4000,4813,0,534755040.000,1,0,1,多换,S,4711.0000,4710.0000,4709.6000,4706.4000,4705.8000,4719.0000,4720.0000,4730.0000,4740.0000,4750.0000,2,4,1,1,1,1,5,3,3,2
SF,IC2009,2020-02-03 09:33:49.400,4711.4000,4813,0,534755040.000,0,-,-,-,-,4711.6000,4711.0000,4710.0000,4709.6000,4706.4000,4719.0000,4720.0000,4730.0000,4740.0000,4750.0000,1,2,4,1,1,1,5,3,3,2
SF,IC2009,2020-02-03 09:33:50.400,4711.0000,4813,0,536639440.000,2,1,1,多换,S,4710.0000,4709.6000,4706.4000,4705.8000,4705.2000,4718.8000,4719.0000,4720.0000,4730.0000,4740.0000,4,1,1,1,1,1,1,5,3,3
SF,IC2009,2020-02-03 09:33:51.400,4718.8000,4814,1,538525200.000,2,1,1,空开,S,4710.0000,4709.6000,4706.4000,4705.8000,4705.2000,4719.0000,4720.0000,4730.0000,4740.0000,4750.0000,3,1,1,1,1,1,5,3,3,2
SF,IC2009,2020-02-03 09:33:51.900,4718.8000,4814,0,538525200.000,0,-,-,-,-,4710.0000,4709.6000,4706.4000,4705.8000,4705.2000,4717.8000,4719.0000,4730.0000,4740.0000,4750.0000,3,1,1,1,1,1,1,3,3,2
SF,IC2009,2020-02-03 09:33:52.400,4718.8000,4814,0,538525200.000,0,-,-,-,-,4710.2000,4710.0000,4709.6000,4706.4000,4705.8000,4711.0000,4717.8000,4719.0000,4730.0000,4740.0000,1,3,1,1,1,1,1,1,3,3
SF,IC2009,2020-02-03 09:33:52.900,4718.8000,4814,0,538525200.000,0,-,-,-,-,4710.2000,4710.0000,4709.6000,4706.4000,4705.8000,4711.0000,4717.8000,4719.0000,4720.2000,4730.0000,1,3,1,1,1,1,1,1,1,3
SF,IC2009,2020-02-03 09:33:53.400,4710.2000,4814,0,539467240.000,1,0,1,多换,S,4710.0000,4709.6000,4706.4000,4705.8000,4705.2000,4711.0000,4717.8000,4719.0000,4720.2000,4730.0000,3,1,1,1,1,1,1,1,1,3
SF,IC2009,2020-02-03 09:33:54.400,4711.0000,4814,0,540409440.000,1,0,1,多换,S,4710.0000,4709.6000,4706.4000,4705.8000,4705.2000,4717.8000,4719.0000,4720.2000,4730.0000,4740.0000,3,1,1,1,1,1,1,1,3,3
SF,IC2009,2020-02-03 09:33:54.900,4711.0000,4814,0,540409440.000,0,-,-,-,-,4710.2000,4710.0000,4709.6000,4706.4000,4705.8000,4717.6000,4717.8000,4720.2000,4730.0000,4740.0000,1,3,1,1,1,1,1,1,3,3
SF,IC2009,2020-02-03 09:33:55.400,4710.2000,4814,0,541351480.000,1,0,1,多换,S,4710.0000,4709.6000,4706.4000,4705.8000,4705.2000,4717.8000,4720.2000,4730.0000,4740.0000,4750.0000,3,1,1,1,1,1,1,3,3,2
SF,IC2009,2020-02-03 09:33:55.900,4710.0000,4814,0,544177480.000,3,1,2,多换,S,4709.6000,4706.4000,4705.8000,4705.2000,4705.0000,4717.6000,4717.8000,4720.2000,4730.0000,4740.0000,1,1,1,1,3,1,1,1,5,3
SF,IC2009,2020-02-03 09:33:56.400,4710.0000,4814,0,544177480.000,0,-,-,-,-,4709.6000,4706.4000,4705.8000,4705.2000,4705.0000,4717.8000,4720.2000,4730.0000,4740.0000,4750.0000,1,1,1,1,3,1,1,5,3,2
SF,IC2009,2020-02-03 09:33:56.900,4710.0000,4814,0,544177480.000,0,-,-,-,-,4709.6000,4706.4000,4705.8000,4705.2000,4705.0000,4717.2000,4717.6000,4717.8000,4720.2000,4730.0000,1,1,1,1,3,1,1,1,1,5
SF,IC2009,2020-02-03 09:33:57.400,4709.6000,4815,1,545119400.000,1,1,0,双开,S,4710.0000,4706.4000,4705.8000,4705.2000,4705.0000,4710.2000,4717.2000,4717.8000,4720.2000,4730.0000,1,1,1,1,3,5,1,1,1,5
SF,IC2009,2020-02-03 09:33:57.900,4710.2000,4815,0,546061440.000,1,0,1,多换,S,4710.0000,4706.4000,4705.8000,4705.2000,4705.0000,4710.2000,4716.0000,4717.2000,4717.8000,4720.2000,2,1,1,1,3,4,1,1,1,1
SF,IC2009,2020-02-03 09:33:58.900,4710.0000,4815,0,547003440.000,1,0,1,多换,S,4710.0000,4706.4000,4705.8000,4705.2000,4705.0000,4710.2000,4716.0000,4717.2000,4717.8000,4720.2000,1,1,1,1,3,4,1,1,1,1
SF,IC2009,2020-02-03 09:33:59.400,4710.0000,4816,1,547945440.000,1,1,0,双开,S,4706.4000,4705.8000,4705.2000,4705.0000,4702.0000,4710.2000,4716.0000,4717.2000,4717.8000,4720.2000,1,1,1,3,1,4,1,1,1,1
SF,IC2009,2020-02-03 09:34:00.400,4710.0000,4816,0,547945440.000,0,-,-,-,-,4706.4000,4705.8000,4705.2000,4705.0000,4702.0000,4710.2000,4716.0000,4717.8000,4720.2000,4730.0000,1,1,1,3,1,4,1,1,1,5
SF,IC2009,2020-02-03 09:34:00.900,4706.4000,4816,0,548886720.000,1,0,1,多换,S,4705.8000,4705.2000,4705.0000,4702.0000,4701.2000,4710.2000,4716.0000,4720.2000,4730.0000,4740.0000,1,1,3,1,2,4,1,1,5,3
SF,IC2009,2020-02-03 09:34:01.400,4705.8000,4817,1,549827880.000,1,1,0,双开,S,4705.2000,4705.0000,4702.0000,4701.2000,4701.0000,4710.0000,4710.2000,4716.0000,4720.2000,4730.0000,1,3,1,2,1,1,4,1,1,5
SF,IC2009,2020-02-03 09:34:02.900,4705.8000,4817,0,549827880.000,0,-,-,-,-,4710.0000,4705.2000,4705.0000,4702.0000,4701.2000,4710.2000,4716.0000,4720.2000,4730.0000,4740.0000,3,1,3,1,2,4,1,1,5,3
SF,IC2009,2020-02-03 09:34:03.400,4710.0000,4818,1,550769880.000,1,1,0,双开,S,4710.0000,4705.2000,4705.0000,4702.0000,4701.2000,4710.2000,4716.0000,4720.2000,4730.0000,4740.0000,2,1,3,1,2,4,1,1,5,3
SF,IC2009,2020-02-03 09:34:04.400,4710.0000,4819,1,551711880.000,1,1,0,双开,S,4710.0000,4705.2000,4705.0000,4702.0000,4701.2000,4710.2000,4716.0000,4720.2000,4730.0000,4740.0000,1,1,3,1,2,4,1,1,5,3
SF,IC2009,2020-02-03 09:34:05.900,4710.0000,4820,1,552653880.000,1,1,0,双开,S,4705.2000,4705.0000,4702.0000,4701.2000,4701.0000,4710.2000,4716.0000,4720.2000,4730.0000,4740.0000,1,3,1,2,1,4,1,1,5,3
SF,IC2009,2020-02-03 09:34:06.900,4710.0000,4820,0,552653880.000,0,-,-,-,-,4705.4000,4705.2000,4705.0000,4702.0000,4701.2000,4710.2000,4716.0000,4720.2000,4730.0000,4740.0000,2,1,3,1,2,4,1,1,5,3
SF,IC2009,2020-02-03 09:34:07.900,4710.0000,4820,0,552653880.000,0,-,-,-,-,4706.0000,4705.4000,4705.2000,4705.0000,4702.0000,4710.2000,4716.0000,4720.2000,4730.0000,4740.0000,1,2,1,3,1,4,1,1,5,3
SF,IC2009,2020-02-03 09:34:08.400,4710.0000,4820,0,552653880.000,0,-,-,-,-,4706.0000,4705.4000,4705.2000,4705.0000,4702.0000,4710.0000,4710.2000,4716.0000,4720.2000,4730.0000,2,2,1,3,1,1,4,1,1,5
SF,IC2009,2020-02-03 09:34:08.900,4710.0000,4819,-1,553595880.000,1,0,1,双平,S,4706.8000,4706.0000,4705.4000,4705.2000,4705.0000,4710.2000,4716.0000,4720.2000,4730.0000,4740.0000,1,1,2,1,3,4,1,1,5,3
SF,IC2009,2020-02-03 09:34:10.400,4706.8000,4819,0,554537240.000,1,0,1,多换,S,4706.0000,4705.4000,4705.2000,4705.0000,4702.0000,4710.2000,4716.0000,4720.2000,4730.0000,4740.0000,1,2,1,3,1,4,1,1,5,3
SF,IC2009,2020-02-03 09:34:10.900,4710.2000,4819,0,555479280.000,1,0,1,多换,S,4706.0000,4705.4000,4705.2000,4705.0000,4702.0000,4710.2000,4716.0000,4720.2000,4730.0000,4740.0000,1,2,1,3,1,3,1,1,5,3
SF,IC2009,2020-02-03 09:34:12.400,4706.0000,4819,0,557362520.000,2,1,1,多换,S,4705.4000,4705.2000,4705.0000,4702.0000,4701.2000,4710.2000,4716.0000,4720.2000,4730.0000,4740.0000,2,1,3,1,2,2,1,1,5,3
SF,IC2009,2020-02-03 09:34:12.900,4706.0000,4819,0,557362520.000,0,-,-,-,-,4705.4000,4705.2000,4705.0000,4702.0000,4701.2000,4710.2000,4716.0000,4720.2000,4730.0000,4740.0000,2,1,3,1,2,2,1,1,4,3
SF,IC2009,2020-02-03 09:34:14.400,4706.0000,4819,0,557362520.000,0,-,-,-,-,4705.4000,4705.2000,4705.0000,4702.0000,4701.2000,4710.2000,4716.0000,4720.2000,4730.0000,4740.0000,2,1,3,1,2,2,1,1,4,3
SF,IC2009,2020-02-03 09:34:14.900,4705.4000,4819,0,558303600.000,1,0,1,多换,S,4705.4000,4705.2000,4705.0000,4702.0000,4701.2000,4710.2000,4716.0000,4720.2000,4730.0000,4740.0000,1,1,3,1,2,2,1,1,4,3
SF,IC2009,2020-02-03 09:34:16.400,4705.4000,4819,0,558303600.000,0,-,-,-,-,4705.4000,4705.2000,4705.0000,4702.0000,4701.2000,4710.2000,4720.2000,4730.0000,4740.0000,4750.0000,1,1,3,1,2,2,1,4,3,2
SF,IC2009,2020-02-03 09:34:16.900,4710.2000,4818,-1,559245640.000,1,0,1,双平,S,4707.2000,4705.4000,4705.2000,4705.0000,4702.0000,4710.2000,4712.8000,4720.2000,4730.0000,4740.0000,1,1,1,3,1,1,1,1,4,3
SF,IC2009,2020-02-03 09:34:17.400,4710.2000,4817,-1,561129120.000,2,0,2,多平,S,4705.4000,4705.2000,4705.0000,4702.0000,4701.2000,4712.8000,4720.2000,4730.0000,4740.0000,4750.0000,1,1,4,1,2,1,1,4,3,2
SF,IC2009,2020-02-03 09:34:18.400,4712.8000,4816,-1,562071680.000,1,0,1,双平,S,4705.4000,4705.2000,4705.0000,4702.0000,4701.2000,4720.2000,4730.0000,4740.0000,4750.0000,4750.8000,1,1,4,1,2,1,4,3,2,9
SF,IC2009,2020-02-03 09:34:18.900,4712.8000,4816,0,562071680.000,0,-,-,-,-,4705.4000,4705.2000,4705.0000,4702.0000,4701.2000,4720.0000,4720.2000,4730.0000,4740.0000,4750.0000,1,1,4,1,2,1,1,4,3,2
SF,IC2009,2020-02-03 09:34:19.400,4705.4000,4816,0,563012760.000,1,0,1,多换,S,4705.2000,4705.0000,4702.0000,4701.2000,4701.0000,4719.6000,4720.0000,4720.2000,4730.0000,4740.0000,2,4,1,2,1,1,1,1,4,3
SF,IC2009,2020-02-03 09:34:19.900,4705.4000,4816,0,563012760.000,0,-,-,-,-,4705.6000,4705.2000,4705.0000,4702.0000,4701.2000,4719.4000,4719.6000,4720.2000,4730.0000,4740.0000,1,2,4,1,2,1,1,1,4,3
SF,IC2009,2020-02-03 09:34:20.400,4705.4000,4816,0,563012760.000,0,-,-,-,-,4705.6000,4705.2000,4705.0000,4702.0000,4701.2000,4719.0000,4719.4000,4719.6000,4720.2000,4730.0000,1,2,4,1,2,1,1,1,1,4
SF,IC2009,2020-02-03 09:34:20.900,4705.4000,4816,0,563012760.000,0,-,-,-,-,4705.6000,4705.2000,4705.0000,4702.0000,4701.2000,4718.8000,4719.0000,4719.6000,4720.2000,4730.0000,1,2,4,1,2,2,1,1,1,4
SF,IC2009,2020-02-03 09:34:21.400,4705.4000,4816,0,563012760.000,0,-,-,-,-,4705.6000,4705.2000,4705.0000,4702.0000,4701.2000,4718.4000,4718.8000,4719.0000,4719.6000,4720.2000,1,2,4,1,2,1,2,1,1,1
SF,IC2009,2020-02-03 09:34:21.900,4705.6000,4817,1,563953880.000,1,1,0,双开,S,4705.2000,4705.0000,4702.0000,4701.2000,4701.0000,4718.2000,4718.4000,4718.8000,4719.0000,4719.6000,2,4,1,2,1,2,1,1,1,1
SF,IC2009,2020-02-03 09:34:22.400,4705.6000,4817,0,563953880.000,0,-,-,-,-,4705.2000,4705.0000,4702.0000,4701.2000,4701.0000,4717.6000,4717.8000,4718.2000,4718.4000,4719.0000,2,4,1,2,1,1,1,2,1,1
SF,IC2009,2020-02-03 09:34:22.900,4705.6000,4817,0,563953880.000,0,-,-,-,-,4705.2000,4705.0000,4702.0000,4701.2000,4701.0000,4709.6000,4717.2000,4717.4000,4717.6000,4717.8000,2,4,1,2,1,5,1,1,1,1
SF,IC2009,2020-02-03 09:34:23.400,4709.6000,4815,-2,565837720.000,2,0,2,双平,S,4705.2000,4705.0000,4702.0000,4701.2000,4701.0000,4709.6000,4717.2000,4717.4000,4717.6000,4717.8000,2,4,1,2,1,3,1,3,1,1
SF,IC2009,2020-02-03 09:34:23.900,4705.2000,4816,1,566778760.000,1,1,0,双开,S,4705.4000,4705.2000,4705.0000,4702.0000,4701.2000,4709.6000,4717.2000,4717.4000,4717.6000,4717.8000,1,1,4,1,2,3,1,2,1,1
SF,IC2009,2020-02-03 09:34:24.400,4709.6000,4814,-2,568662600.000,2,0,2,双平,S,4705.4000,4705.2000,4705.0000,4702.0000,4701.2000,4709.6000,4715.0000,4717.2000,4717.4000,4717.6000,1,1,4,1,2,1,2,1,1,1
SF,IC2009,2020-02-03 09:34:24.900,4709.6000,4814,0,568662600.000,0,-,-,-,-,4705.4000,4705.2000,4705.0000,4702.0000,4701.2000,4715.0000,4715.4000,4717.2000,4717.4000,4717.6000,2,1,4,1,2,2,5,1,1,1
SF,IC2009,2020-02-03 09:34:25.400,4709.6000,4814,0,568662600.000,0,-,-,-,-,4709.8000,4705.4000,4705.2000,4705.0000,4702.0000,4715.0000,4715.4000,4717.2000,4717.4000,4717.6000,1,2,1,4,1,2,5,1,1,1
SF,IC2009,2020-02-03 09:34:25.900,4709.6000,4814,0,568662600.000,0,-,-,-,-,4709.8000,4706.0000,4705.4000,4705.2000,4705.0000,4714.6000,4715.0000,4715.4000,4717.2000,4717.6000,1,1,2,1,4,1,2,5,1,1
SF,IC2009,2020-02-03 09:34:26.400,4709.8000,4814,0,569604560.000,1,0,1,多换,S,4706.0000,4705.4000,4705.2000,4705.0000,4702.0000,4714.6000,4714.8000,4715.0000,4715.4000,4717.2000,1,2,1,4,1,1,1,2,5,1
SF,IC2009,2020-02-03 09:34:26.900,4709.8000,4814,0,569604560.000,0,-,-,-,-,4706.0000,4705.4000,4705.2000,4705.0000,4702.0000,4714.2000,4714.6000,4715.0000,4715.4000,4717.2000,1,2,1,4,1,1,1,2,5,1
SF,IC2009,2020-02-03 09:34:27.400,4709.8000,4814,0,569604560.000,0,-,-,-,-,4706.0000,4705.4000,4705.2000,4705.0000,4702.0000,4713.8000,4714.2000,4714.6000,4715.0000,4715.4000,1,2,1,4,1,1,1,1,2,5
SF,IC2009,2020-02-03 09:34:27.900,4709.8000,4814,0,569604560.000,0,-,-,-,-,4706.0000,4705.4000,4705.2000,4705.0000,4702.0000,4713.6000,4713.8000,4714.2000,4714.6000,4715.0000,1,2,1,4,1,1,1,1,1,2
SF,IC2009,2020-02-03 09:34:28.400,4706.0000,4815,1,570545760.000,1,1,0,双开,S,4705.4000,4705.2000,4705.0000,4702.0000,4701.2000,4713.6000,4713.8000,4714.6000,4715.0000,4715.4000,2,1,4,1,1,2,1,1,2,5
SF,IC2009,2020-02-03 09:34:28.900,4706.0000,4815,0,570545760.000,0,-,-,-,-,4706.2000,4705.4000,4705.2000,4705.0000,4702.0000,4713.4000,4713.8000,4714.6000,4715.0000,4715.4000,1,2,1,4,1,1,1,1,2,5
SF,IC2009,2020-02-03 09:34:29.400,4714.6000,4816,1,573374120.000,3,2,1,空开,S,4714.6000,4706.2000,4705.4000,4705.2000,4705.0000,4715.0000,4715.4000,4717.2000,4717.6000,4717.8000,4,1,2,1,4,2,5,1,1,1
SF,IC2009,2020-02-03 09:34:29.900,4714.6000,4816,0,577145800.000,4,2,2,多换,S,4706.2000,4705.4000,4705.2000,4705.0000,4702.0000,4714.6000,4715.0000,4715.4000,4717.2000,4717.6000,1,2,1,4,1,1,2,5,1,1
SF,IC2009,2020-02-03 09:34:30.400,4714.6000,4816,0,577145800.000,0,-,-,-,-,4706.2000,4705.4000,4705.2000,4705.0000,4702.0000,4714.6000,4715.0000,4715.4000,4717.2000,4717.6000,1,2,1,4,1,2,2,5,1,1
SF,IC2009,2020-02-03 09:34:30.900,4714.6000,4816,0,577145800.000,0,-,-,-,-,4706.2000,4705.4000,4705.2000,4705.0000,4702.0000,4714.4000,4714.6000,4715.0000,4715.4000,4717.2000,1,2,1,4,1,1,2,2,5,1
SF,IC2009,2020-02-03 09:34:31.400,4714.6000,4816,0,577145800.000,0,-,-,-,-,4706.2000,4705.4000,4705.2000,4705.0000,4702.0000,4714.4000,4714.6000,4715.0000,4715.4000,4717.2000,1,2,1,4,1,1,1,2,5,1
SF,IC2009,2020-02-03 09:34:31.900,4714.6000,4816,0,577145800.000,0,-,-,-,-,4706.2000,4705.4000,4705.2000,4705.0000,4702.0000,4714.4000,4714.6000,4715.0000,4715.4000,4717.2000,1,2,1,4,1,1,1,2,5,1
SF,IC2009,2020-02-03 09:34:32.400,4714.6000,4816,0,577145800.000,0,-,-,-,-,4706.2000,4705.4000,4705.2000,4705.0000,4702.0000,4714.0000,4714.2000,4715.0000,4715.4000,4717.2000,1,2,1,4,1,1,1,2,5,1
SF,IC2009,2020-02-03 09:34:32.900,4714.6000,4816,0,577145800.000,0,-,-,-,-,4706.4000,4706.2000,4705.4000,4705.2000,4705.0000,4714.0000,4714.2000,4715.0000,4715.4000,4717.2000,1,1,2,1,4,1,1,2,5,1
SF,IC2009,2020-02-03 09:34:33.400,4706.4000,4817,1,578087080.000,1,1,0,双开,S,4706.2000,4705.4000,4705.2000,4705.0000,4702.0000,4713.6000,4714.0000,4714.2000,4715.0000,4715.4000,1,2,1,4,1,1,1,1,2,5
SF,IC2009,2020-02-03 09:34:33.900,4706.4000,4817,0,578087080.000,0,-,-,-,-,4706.2000,4705.4000,4705.2000,4705.0000,4702.0000,4713.4000,4713.6000,4713.8000,4714.0000,4714.2000,1,2,1,4,1,1,1,1,1,1
SF,IC2009,2020-02-03 09:34:34.400,4706.2000,4818,1,579028320.000,1,1,0,双开,S,4705.4000,4705.2000,4705.0000,4702.0000,4701.2000,4713.0000,4713.2000,4713.6000,4714.0000,4715.0000,2,1,4,1,1,1,1,1,1,2
SF,IC2009,2020-02-03 09:34:34.900,4706.2000,4818,0,579028320.000,0,-,-,-,-,4705.4000,4705.2000,4705.0000,4702.0000,4701.2000,4706.2000,4713.0000,4713.2000,4713.4000,4713.6000,2,1,4,1,1,1,1,1,1,1
SF,IC2009,2020-02-03 09:34:35.400,4706.2000,4818,0,579969560.000,1,0,1,多换,S,4705.4000,4705.2000,4705.0000,4702.0000,4701.2000,4712.8000,4713.0000,4713.6000,4715.0000,4715.4000,2,1,4,1,1,1,1,1,2,5
SF,IC2009,2020-02-03 09:34:35.900,4706.2000,4818,0,579969560.000,0,-,-,-,-,4705.8000,4705.4000,4705.2000,4705.0000,4702.0000,4712.4000,4712.8000,4715.0000,4715.4000,4717.2000,2,2,1,4,1,1,1,2,5,1
SF,IC2009,2020-02-03 09:34:36.400,4706.2000,4818,0,579969560.000,0,-,-,-,-,4710.8000,4710.0000,4705.8000,4705.6000,4705.4000,4712.4000,4712.6000,4715.0000,4715.4000,4717.2000,1,1,2,1,2,1,1,2,5,1
SF,IC2009,2020-02-03 09:34:36.900,4706.2000,4819,1,580910800.000,1,1,0,双开,S,4710.0000,4705.8000,4705.6000,4705.4000,4705.2000,4712.2000,4712.4000,4715.0000,4715.4000,4717.2000,1,1,1,2,1,2,1,2,5,1
SF,IC2009,2020-02-03 09:34:37.400,4710.0000,4819,0,581852800.000,1,0,1,多换,S,4705.8000,4705.6000,4705.4000,4705.2000,4705.0000,4711.8000,4712.2000,4712.4000,4715.0000,4715.4000,1,1,2,1,3,1,3,1,2,5
SF,IC2009,2020-02-03 09:34:37.900,4710.0000,4819,0,581852800.000,0,-,-,-,-,4705.8000,4705.6000,4705.4000,4705.2000,4705.0000,4711.6000,4711.8000,4712.2000,4715.0000,4715.4000,1,1,2,1,3,1,2,1,2,5
SF,IC2009,2020-02-03 09:34:38.400,4711.4000,4821,2,583737360.000,2,2,0,双开,S,4705.8000,4705.6000,4705.4000,4705.2000,4705.0000,4711.2000,4711.4000,4711.6000,4711.8000,4712.2000,1,1,2,1,3,1,1,1,2,1
SF,IC2009,2020-02-03 09:34:38.900,4705.8000,4821,0,584678520.000,1,0,1,多换,S,4705.6000,4705.4000,4705.2000,4705.0000,4702.0000,4711.2000,4711.6000,4711.8000,4715.0000,4715.4000,1,2,1,3,1,1,1,2,2,5
SF,IC2009,2020-02-03 09:34:39.400,4705.8000,4821,0,584678520.000,0,-,-,-,-,4705.6000,4705.4000,4705.2000,4705.0000,4702.0000,4711.0000,4711.2000,4711.8000,4714.6000,4715.0000,1,2,1,3,1,2,1,2,3,2
SF,IC2009,2020-02-03 09:34:39.900,4705.8000,4821,0,584678520.000,0,-,-,-,-,4705.6000,4705.4000,4705.2000,4705.0000,4702.0000,4710.6000,4711.0000,4711.2000,4711.8000,4714.6000,1,2,1,3,1,1,3,1,2,3
SF,IC2009,2020-02-03 09:34:40.400,4705.8000,4821,0,584678520.000,0,-,-,-,-,4705.6000,4705.4000,4705.2000,4705.0000,4702.0000,4710.2000,4710.4000,4710.6000,4711.2000,4711.8000,1,2,1,3,1,1,1,1,1,2
SF,IC2009,2020-02-03 09:34:40.900,4705.6000,4821,0,585619640.000,1,0,1,多换,S,4705.4000,4705.2000,4705.0000,4702.0000,4701.2000,4709.8000,4710.0000,4710.2000,4710.6000,4711.2000,2,1,3,1,1,1,2,1,1,1
SF,IC2009,2020-02-03 09:34:41.400,4705.6000,4821,0,585619640.000,0,-,-,-,-,4705.8000,4705.4000,4705.2000,4705.0000,4702.0000,4709.8000,4710.0000,4710.2000,4710.6000,4711.2000,1,2,1,3,1,1,1,1,1,1
SF,IC2009,2020-02-03 09:34:41.900,4711.2000,4822,1,589387880.000,4,2,2,空开,S,4711.2000,4705.8000,4705.4000,4705.2000,4705.0000,4711.8000,4714.6000,4715.0000,4715.4000,4717.2000,3,1,2,1,3,2,3,2,5,1
