市场代码,合约代码,时间,最新,持仓,增仓,成交额,成交量,开仓,平仓,成交类型,方向,买一价,买二价,买三价,买四价,买五价,卖一价,卖二价,卖三价,卖四价,卖五价,买一量,买二量,买三量,买四量,买五量,卖一量,卖二量,卖三量,卖四量,卖五量
SF,IC2009,2020-05-07 09:29:00.100,5185.0000,41533,0,15555000.000,15.000,-,-,-,-,5185.0000,5183.0000,5181.6000,5180.2000,5177.6000,5185.4000,5186.0000,5186.6000,5187.2000,5187.8000,5,1,1,1,1,2,2,2,2,2
SF,IC2009,2020-05-07 09:30:00.100,5185.0000,41534,1,18666160.000,3,2,1,空开,S,5185.0000,5183.0000,5181.6000,5180.2000,5177.6000,5186.0000,5186.6000,5187.2000,5187.8000,5188.0000,4,1,1,1,1,2,2,2,2,1
SF,IC2009,2020-05-07 09:30:00.600,5186.0000,41534,0,19703360.000,1,0,1,多换,S,5185.6000,5185.4000,5185.2000,5185.0000,5181.6000,5186.0000,5186.6000,5187.2000,5187.8000,5188.0000,1,1,1,5,1,1,2,2,2,1
SF,IC2009,2020-05-07 09:30:01.100,5185.8000,41534,0,21777720.000,2,1,1,多换,S,5185.6000,5185.4000,5185.2000,5185.0000,5181.6000,5186.6000,5187.2000,5187.8000,5188.0000,5188.4000,1,1,1,5,1,2,2,2,1,2
SF,IC2009,2020-05-07 09:30:01.600,5186.6000,41534,0,23852360.000,2,1,1,多换,S,5185.6000,5185.4000,5185.2000,5185.0000,5181.6000,5187.2000,5187.8000,5188.0000,5188.4000,5189.0000,2,1,1,5,1,2,2,1,2,2
SF,IC2009,2020-05-07 09:30:02.100,5186.0000,41533,-1,28002000.000,4,1,3,多平,S,5185.8000,5185.4000,5185.0000,5181.6000,5180.2000,5187.8000,5188.0000,5188.4000,5189.0000,5189.4000,2,1,3,1,1,1,1,2,2,1
SF,IC2009,2020-05-07 09:30:02.600,5186.0000,41534,1,30076400.000,2,1,1,空开,S,5186.0000,5185.8000,5185.4000,5185.0000,5181.6000,5187.8000,5188.0000,5188.4000,5189.0000,5189.4000,1,1,1,3,1,1,1,2,2,1
SF,IC2009,2020-05-07 09:30:03.100,5186.0000,41533,-1,31113600.000,1,0,1,双平,S,5186.8000,5186.6000,5186.0000,5185.8000,5185.4000,5187.6000,5187.8000,5188.0000,5188.4000,5189.0000,2,1,1,1,1,1,1,1,2,2
SF,IC2009,2020-05-07 09:30:03.600,5186.0000,41531,-2,33188000.000,2,0,2,双平,S,5186.6000,5186.4000,5186.0000,5185.8000,5185.4000,5187.4000,5187.8000,5188.0000,5188.4000,5189.0000,1,1,1,1,1,1,1,1,2,2
SF,IC2009,2020-05-07 09:30:04.100,5186.0000,41530,-1,34225200.000,1,0,1,双平,S,5186.6000,5186.4000,5186.0000,5185.0000,5181.6000,5187.4000,5187.8000,5188.0000,5188.4000,5189.0000,2,1,1,4,1,2,1,1,2,2
SF,IC2009,2020-05-07 09:30:04.600,5186.0000,41527,-3,38374000.000,4,0,4,多平,S,5186.6000,5186.4000,5186.0000,5185.0000,5181.6000,5187.4000,5187.8000,5188.0000,5188.4000,5189.0000,1,1,1,4,1,2,1,1,2,2
SF,IC2009,2020-05-07 09:30:05.100,5186.6000,41526,-1,39411320.000,1,0,1,双平,S,5186.8000,5186.4000,5185.0000,5181.6000,5180.2000,5187.2000,5187.4000,5187.8000,5188.0000,5188.4000,1,1,4,1,1,1,2,1,1,2
SF,IC2009,2020-05-07 09:30:05.600,5186.6000,41526,0,40448640.000,1,0,1,多换,S,5186.4000,5185.0000,5181.6000,5180.2000,5179.4000,5187.2000,5187.4000,5187.8000,5188.0000,5188.4000,1,4,1,1,5,1,2,1,1,2
SF,IC2009,2020-05-07 09:30:06.100,5187.0000,41524,-2,42523440.000,2,0,2,双平,S,5186.4000,5185.0000,5181.6000,5180.2000,5179.4000,5187.2000,5187.4000,5187.8000,5188.0000,5188.4000,1,4,1,1,5,1,1,1,1,2
SF,IC2009,2020-05-07 09:30:06.600,5187.0000,41523,-1,43560840.000,1,0,1,双平,S,5186.4000,5185.0000,5181.6000,5180.2000,5179.4000,5187.0000,5187.2000,5187.8000,5188.0000,5188.4000,1,4,1,1,5,1,1,1,1,2
SF,IC2009,2020-05-07 09:30:07.100,5187.0000,41523,0,43560840.000,0,-,-,-,-,5185.0000,5181.6000,5180.2000,5179.4000,5175.0000,5187.0000,5187.2000,5187.8000,5188.0000,5188.4000,4,1,1,5,5,1,1,1,1,2
SF,IC2009,2020-05-07 09:30:07.600,5187.0000,41522,-1,44598240.000,1,0,1,双平,S,5186.4000,5185.2000,5185.0000,5181.6000,5180.2000,5187.8000,5188.0000,5188.4000,5189.0000,5189.4000,1,1,5,1,1,1,1,2,2,1
SF,IC2009,2020-05-07 09:30:08.100,5187.0000,41522,0,44598240.000,0,-,-,-,-,5187.2000,5186.8000,5186.6000,5185.0000,5181.6000,5187.8000,5188.0000,5188.4000,5189.0000,5189.4000,1,1,1,5,1,1,1,2,2,1
SF,IC2009,2020-05-07 09:30:08.600,5187.0000,41522,0,45635640.000,1,0,1,多换,S,5187.0000,5186.6000,5185.0000,5181.6000,5180.2000,5187.8000,5188.0000,5188.4000,5189.0000,5189.4000,1,1,5,1,1,1,1,2,2,1
SF,IC2009,2020-05-07 09:30:09.100,5187.6000,41522,0,46673160.000,1,0,1,多换,S,5187.0000,5186.6000,5185.0000,5181.6000,5180.2000,5187.8000,5188.0000,5188.4000,5189.0000,5189.4000,1,1,5,1,1,1,1,2,2,1
SF,IC2009,2020-05-07 09:30:09.600,5186.6000,41520,-2,49785360.000,3,0,3,多平,S,5186.4000,5185.0000,5181.6000,5180.2000,5179.4000,5187.8000,5188.0000,5188.4000,5189.0000,5189.4000,1,5,1,1,5,1,1,2,2,1
SF,IC2009,2020-05-07 09:30:10.100,5187.6000,41520,0,51860160.000,2,1,1,多换,S,5185.0000,5181.6000,5180.2000,5179.4000,5175.0000,5187.6000,5187.8000,5188.0000,5188.4000,5189.0000,5,1,1,5,5,1,1,1,2,2
SF,IC2009,2020-05-07 09:30:10.600,5187.6000,41520,0,51860160.000,0,-,-,-,-,5185.2000,5185.0000,5181.6000,5180.2000,5180.0000,5187.4000,5187.8000,5188.0000,5188.4000,5189.0000,3,5,1,1,1,1,1,1,2,2
SF,IC2009,2020-05-07 09:30:11.100,5187.6000,41520,0,51860160.000,0,-,-,-,-,5185.6000,5185.4000,5185.2000,5185.0000,5181.6000,5187.4000,5187.8000,5188.0000,5188.4000,5189.0000,1,2,3,5,1,1,1,1,2,2
SF,IC2009,2020-05-07 09:30:11.600,5187.6000,41520,0,51860160.000,0,-,-,-,-,5185.8000,5185.6000,5185.4000,5185.2000,5185.0000,5187.8000,5188.0000,5188.4000,5189.0000,5189.4000,3,1,1,2,5,1,1,2,2,1
SF,IC2009,2020-05-07 09:30:12.100,5188.0000,41522,2,54972840.000,3,2,1,空开,S,5185.8000,5185.4000,5185.2000,5185.0000,5181.6000,5186.4000,5188.4000,5189.0000,5189.4000,5189.6000,3,1,2,5,1,1,2,2,1,2
SF,IC2009,2020-05-07 09:30:12.600,5186.4000,41521,-1,56010120.000,1,0,1,双平,S,5187.8000,5187.4000,5185.8000,5185.2000,5185.0000,5188.4000,5189.0000,5189.4000,5189.6000,5190.0000,1,21,1,2,5,2,2,1,2,1
SF,IC2009,2020-05-07 09:30:13.100,5187.4000,41520,-1,59122640.000,3,1,2,多平,S,5187.4000,5185.8000,5185.2000,5185.0000,5181.6000,5188.2000,5188.4000,5189.0000,5189.4000,5189.6000,19,1,2,5,1,1,2,2,1,2
SF,IC2009,2020-05-07 09:30:13.600,5187.4000,41518,-2,61197600.000,2,0,2,双平,S,5187.4000,5185.8000,5185.2000,5185.0000,5181.6000,5188.0000,5188.4000,5189.0000,5189.4000,5189.6000,17,1,2,5,1,1,2,2,1,2
SF,IC2009,2020-05-07 09:30:14.100,5188.0000,41516,-2,63272800.000,2,0,2,双平,S,5187.4000,5185.8000,5185.2000,5185.0000,5181.6000,5188.4000,5189.0000,5189.4000,5189.6000,5190.0000,17,1,2,5,1,2,2,1,2,1
SF,IC2009,2020-05-07 09:30:14.600,5188.0000,41516,0,63272800.000,0,-,-,-,-,5188.0000,5187.4000,5185.8000,5185.2000,5185.0000,5188.2000,5188.4000,5189.0000,5189.4000,5189.6000,20,17,1,2,4,2,2,2,1,2
SF,IC2009,2020-05-07 09:30:15.100,5188.0000,41514,-2,66385600.000,3,0,3,多平,S,5188.0000,5187.4000,5185.8000,5185.2000,5185.0000,5188.2000,5188.4000,5189.0000,5189.4000,5189.6000,18,17,1,2,4,2,2,2,1,2
SF,IC2009,2020-05-07 09:30:15.600,5188.0000,41511,-3,69498440.000,3,0,3,双平,S,5188.0000,5187.4000,5185.8000,5185.2000,5185.0000,5188.4000,5189.0000,5189.4000,5189.6000,5190.0000,16,17,1,2,4,2,2,1,2,1
SF,IC2009,2020-05-07 09:30:16.100,5188.0000,41511,0,69498440.000,0,-,-,-,-,5188.0000,5187.4000,5186.6000,5185.8000,5185.2000,5188.4000,5189.0000,5189.4000,5189.6000,5190.0000,16,17,1,1,2,2,2,1,2,1
SF,IC2009,2020-05-07 09:30:16.600,5188.0000,41510,-1,72611400.000,3,1,2,多平,S,5188.0000,5187.4000,5186.6000,5185.8000,5185.0000,5189.0000,5189.4000,5189.6000,5190.0000,5190.2000,15,17,1,1,4,2,1,2,1,2
SF,IC2009,2020-05-07 09:30:17.100,5188.0000,41508,-2,74686600.000,2,0,2,双平,S,5188.0000,5187.4000,5186.6000,5185.8000,5185.0000,5188.6000,5188.8000,5189.0000,5189.4000,5189.6000,14,17,1,1,4,1,1,2,1,2
SF,IC2009,2020-05-07 09:30:17.600,5188.0000,41508,0,74686600.000,0,-,-,-,-,5188.0000,5187.4000,5186.6000,5185.8000,5185.0000,5188.8000,5189.0000,5189.4000,5189.6000,5190.0000,14,17,1,1,4,1,2,1,2,1
SF,IC2009,2020-05-07 09:30:18.100,5188.0000,41506,-2,77799560.000,3,0,3,多平,S,5188.0000,5187.4000,5186.6000,5185.8000,5185.0000,5189.0000,5189.4000,5189.6000,5190.0000,5190.2000,13,17,1,1,4,2,1,2,1,2
SF,IC2009,2020-05-07 09:30:18.600,5188.0000,41506,0,77799560.000,0,-,-,-,-,5188.2000,5188.0000,5187.4000,5186.6000,5185.0000,5189.0000,5189.4000,5189.6000,5190.0000,5190.2000,1,13,17,1,4,2,1,2,1,2
SF,IC2009,2020-05-07 09:30:19.100,5188.0000,41505,-1,78837160.000,1,0,1,双平,S,5188.0000,5187.4000,5186.6000,5185.0000,5181.6000,5189.0000,5189.4000,5189.6000,5190.0000,5190.2000,13,17,1,4,1,2,1,2,1,2
SF,IC2009,2020-05-07 09:30:19.600,5189.0000,41505,0,79874960.000,1,0,1,多换,S,5188.0000,5187.4000,5186.6000,5185.0000,5181.6000,5189.0000,5189.4000,5189.6000,5190.0000,5190.2000,13,17,1,4,1,1,1,2,1,2
SF,IC2009,2020-05-07 09:30:20.100,5189.0000,41505,0,80912760.000,1,0,1,多换,S,5189.0000,5188.0000,5187.4000,5186.6000,5185.0000,5189.4000,5189.6000,5190.0000,5190.2000,5190.8000,1,13,17,1,4,1,2,1,2,2
SF,IC2009,2020-05-07 09:30:20.600,5188.0000,41503,-2,88177640.000,7,2,5,多平,S,5188.0000,5187.4000,5186.6000,5185.0000,5181.6000,5190.0000,5190.2000,5190.8000,5191.4000,5192.0000,12,17,1,4,1,1,2,2,2,2
SF,IC2009,2020-05-07 09:30:21.100,5188.0000,41502,-1,89215240.000,1,0,1,双平,S,5189.4000,5188.0000,5187.4000,5186.6000,5185.0000,5190.2000,5190.8000,5191.4000,5192.0000,5192.6000,1,12,17,1,4,2,2,2,2,2
SF,IC2009,2020-05-07 09:30:21.600,5189.4000,41502,0,90253120.000,1,0,1,多换,S,5188.0000,5187.4000,5186.6000,5185.0000,5181.6000,5190.0000,5190.2000,5190.8000,5191.4000,5192.0000,12,17,1,4,1,1,2,2,2,2
SF,IC2009,2020-05-07 09:30:22.100,5189.4000,41502,0,90253120.000,0,-,-,-,-,5188.4000,5188.2000,5188.0000,5187.4000,5186.6000,5189.0000,5190.2000,5190.8000,5191.4000,5192.0000,1,1,12,17,1,1,2,2,2,2
SF,IC2009,2020-05-07 09:30:22.600,5189.2000,41501,-1,91290960.000,1,0,1,双平,S,5188.4000,5188.0000,5187.4000,5186.6000,5185.0000,5190.2000,5190.8000,5191.4000,5192.0000,5192.6000,1,12,17,1,4,2,2,2,2,2
SF,IC2009,2020-05-07 09:30:23.100,5189.2000,41501,0,91290960.000,0,-,-,-,-,5188.6000,5188.4000,5188.0000,5187.4000,5186.6000,5190.0000,5190.2000,5190.8000,5191.4000,5192.0000,1,1,12,17,1,1,2,2,2,2
SF,IC2009,2020-05-07 09:30:23.600,5190.2000,41502,1,93366720.000,2,1,1,空开,S,5188.4000,5188.0000,5187.4000,5186.6000,5185.0000,5190.2000,5190.8000,5191.4000,5192.0000,5192.6000,1,11,17,1,4,1,2,2,2,2
SF,IC2009,2020-05-07 09:30:24.100,5190.2000,41502,0,95442480.000,2,1,1,多换,S,5190.2000,5189.0000,5188.6000,5188.4000,5188.0000,5190.8000,5191.4000,5192.0000,5192.6000,5193.2000,3,2,1,1,11,2,2,2,2,2
SF,IC2009,2020-05-07 09:30:24.600,5190.2000,41500,-2,97518560.000,2,0,2,双平,S,5190.2000,5189.0000,5188.4000,5188.0000,5187.4000,5190.6000,5190.8000,5191.4000,5192.0000,5192.6000,2,2,1,11,17,1,2,2,2,2
SF,IC2009,2020-05-07 09:30:25.100,5190.2000,41498,-2,99594640.000,2,0,2,双平,S,5189.0000,5188.4000,5188.0000,5187.4000,5186.6000,5190.0000,5190.2000,5190.6000,5190.8000,5191.4000,2,1,11,17,1,1,1,1,2,2
SF,IC2009,2020-05-07 09:30:25.600,5189.0000,41498,0,100632440.000,1,0,1,多换,S,5189.0000,5188.4000,5188.0000,5187.4000,5186.6000,5190.0000,5190.6000,5190.8000,5191.4000,5192.0000,1,1,11,17,1,1,1,2,2,2
SF,IC2009,2020-05-07 09:30:26.100,5190.6000,41494,-4,104784480.000,4,0,4,双平,S,5190.6000,5188.4000,5188.0000,5187.4000,5186.6000,5190.8000,5191.4000,5192.0000,5192.6000,5193.2000,14,1,11,17,1,2,2,2,2,2
SF,IC2009,2020-05-07 09:30:26.600,5190.6000,41487,-7,112051320.000,7,0,7,双平,S,5190.6000,5188.0000,5187.4000,5186.6000,5185.0000,5190.8000,5191.4000,5192.0000,5192.6000,5193.2000,8,11,17,1,4,2,2,2,2,2
SF,IC2009,2020-05-07 09:30:27.100,5190.6000,41487,0,115165720.000,3,1,2,多换,S,5190.6000,5189.0000,5188.0000,5187.4000,5186.6000,5190.8000,5191.4000,5192.0000,5192.6000,5193.2000,6,1,11,17,1,1,2,2,2,2
SF,IC2009,2020-05-07 09:30:27.600,5190.6000,41484,-3,118280080.000,3,0,3,双平,S,5190.6000,5189.0000,5188.0000,5187.4000,5186.6000,5190.8000,5191.4000,5192.0000,5192.6000,5193.2000,3,1,11,17,1,1,2,2,2,2
SF,IC2009,2020-05-07 09:30:28.100,5190.6000,41482,-2,122432560.000,4,1,3,多平,S,5189.0000,5188.0000,5187.8000,5187.4000,5186.6000,5190.8000,5191.4000,5192.0000,5192.6000,5193.2000,1,11,2,17,1,1,2,2,2,2
SF,IC2009,2020-05-07 09:30:28.600,5190.8000,41483,1,123470720.000,1,1,0,双开,S,5190.8000,5189.2000,5189.0000,5188.0000,5187.8000,5191.4000,5192.0000,5192.6000,5193.2000,5193.8000,1,2,1,12,2,2,2,2,2,2
SF,IC2009,2020-05-07 09:30:29.100,5190.8000,41483,0,123470720.000,0,-,-,-,-,5190.8000,5189.2000,5189.0000,5188.0000,5187.8000,5191.2000,5191.4000,5192.0000,5192.6000,5193.2000,1,1,1,12,2,2,2,2,2,2
SF,IC2009,2020-05-07 09:30:29.600,5190.8000,41483,0,124508880.000,1,0,1,多换,S,5189.2000,5189.0000,5188.0000,5187.8000,5186.6000,5190.6000,5191.2000,5191.4000,5192.0000,5192.6000,1,1,12,2,1,1,2,2,2,2
SF,IC2009,2020-05-07 09:30:30.100,5190.8000,41483,0,124508880.000,0,-,-,-,-,5189.2000,5189.0000,5188.0000,5187.8000,5186.6000,5190.6000,5191.4000,5192.0000,5192.6000,5193.2000,1,1,12,2,1,1,2,2,2,2
SF,IC2009,2020-05-07 09:30:30.600,5190.6000,41483,0,125547000.000,1,0,1,多换,S,5189.4000,5189.2000,5189.0000,5188.0000,5187.8000,5191.4000,5192.0000,5192.6000,5193.2000,5193.8000,1,1,1,12,2,2,2,2,2,2
SF,IC2009,2020-05-07 09:30:31.100,5190.6000,41483,0,125547000.000,0,-,-,-,-,5189.6000,5189.0000,5188.0000,5187.8000,5186.6000,5191.2000,5191.4000,5192.0000,5192.6000,5193.2000,2,1,12,2,1,1,2,2,2,2
SF,IC2009,2020-05-07 09:30:31.600,5189.6000,41482,-1,127623080.000,2,0,2,多平,S,5189.6000,5188.0000,5187.8000,5186.6000,5185.0000,5191.0000,5191.2000,5191.4000,5192.0000,5192.6000,1,12,2,1,3,1,1,2,2,2
SF,IC2009,2020-05-07 09:30:32.100,5189.6000,41482,0,127623080.000,0,-,-,-,-,5189.6000,5188.0000,5187.8000,5186.6000,5185.0000,5191.4000,5192.0000,5192.6000,5193.2000,5193.4000,1,12,2,1,3,2,2,2,2,1
SF,IC2009,2020-05-07 09:30:32.600,5189.6000,41481,-1,128661000.000,1,0,1,双平,S,5188.0000,5187.8000,5186.6000,5185.0000,5181.6000,5191.2000,5191.4000,5192.0000,5192.6000,5193.2000,12,2,1,3,1,1,2,2,2,2
SF,IC2009,2020-05-07 09:30:33.100,5189.6000,41481,0,128661000.000,0,-,-,-,-,5188.2000,5188.0000,5187.8000,5186.6000,5185.0000,5191.0000,5191.4000,5192.0000,5192.6000,5193.2000,3,12,2,1,3,1,2,2,2,2
SF,IC2009,2020-05-07 09:30:33.600,5189.6000,41481,0,128661000.000,0,-,-,-,-,5188.4000,5188.2000,5188.0000,5187.8000,5186.6000,5191.4000,5192.0000,5192.6000,5193.2000,5193.4000,1,3,12,2,1,2,2,2,2,1
SF,IC2009,2020-05-07 09:30:34.100,5189.6000,41481,0,128661000.000,0,-,-,-,-,5188.6000,5188.4000,5188.0000,5187.8000,5186.6000,5191.2000,5191.4000,5192.0000,5192.6000,5193.2000,6,1,12,2,1,1,2,2,2,2
SF,IC2009,2020-05-07 09:30:34.600,5189.6000,41481,0,128661000.000,0,-,-,-,-,5189.0000,5188.6000,5188.4000,5188.0000,5187.8000,5191.0000,5191.2000,5191.4000,5192.0000,5192.6000,1,5,1,12,2,1,1,2,2,2
SF,IC2009,2020-05-07 09:30:35.100,5189.6000,41481,0,128661000.000,0,-,-,-,-,5189.2000,5189.0000,5188.6000,5188.4000,5188.0000,5191.0000,5191.4000,5192.0000,5192.6000,5193.2000,2,2,3,1,12,1,2,2,2,2
SF,IC2009,2020-05-07 09:30:35.600,5189.6000,41481,0,128661000.000,0,-,-,-,-,5190.2000,5189.4000,5189.2000,5189.0000,5188.6000,5191.0000,5191.4000,5192.0000,5192.6000,5193.2000,1,1,3,2,2,2,2,2,2,2
SF,IC2009,2020-05-07 09:30:36.100,5189.6000,41481,0,128661000.000,0,-,-,-,-,5189.2000,5189.0000,5188.6000,5188.4000,5188.0000,5190.8000,5191.0000,5191.4000,5192.0000,5192.6000,3,2,2,1,12,1,2,2,2,2
SF,IC2009,2020-05-07 09:30:36.600,5189.2000,41481,0,129698840.000,1,0,1,多换,S,5190.8000,5189.2000,5189.0000,5188.6000,5188.4000,5191.0000,5191.4000,5192.0000,5192.6000,5193.2000,1,2,2,2,1,2,2,2,2,2
SF,IC2009,2020-05-07 09:30:37.100,5189.2000,41480,-1,132813040.000,3,1,2,多平,S,5189.6000,5189.2000,5189.0000,5188.6000,5188.4000,5190.0000,5191.0000,5191.4000,5192.0000,5192.6000,8,1,1,2,1,1,1,2,2,2
SF,IC2009,2020-05-07 09:30:37.600,5190.0000,41479,-1,134889040.000,2,0,2,多平,S,5190.0000,5189.8000,5189.6000,5189.2000,5189.0000,5191.0000,5191.4000,5192.0000,5192.6000,5193.2000,1,1,8,1,1,1,2,2,2,2
SF,IC2009,2020-05-07 09:30:38.100,5190.0000,41479,0,134889040.000,0,-,-,-,-,5190.0000,5189.6000,5189.2000,5189.0000,5188.6000,5191.0000,5191.4000,5192.0000,5192.6000,5193.2000,1,8,1,1,1,1,2,2,2,2
SF,IC2009,2020-05-07 09:30:38.600,5189.6000,41477,-2,140078800.000,5,1,4,多平,S,5189.6000,5189.2000,5189.0000,5188.6000,5188.4000,5191.0000,5191.4000,5192.0000,5192.6000,5193.2000,5,1,1,1,1,1,2,2,2,2
SF,IC2009,2020-05-07 09:30:39.100,5189.6000,41477,0,140078800.000,0,-,-,-,-,5189.8000,5189.6000,5189.2000,5189.0000,5188.6000,5190.8000,5191.0000,5191.4000,5192.0000,5192.6000,1,5,1,1,1,1,1,2,2,2
SF,IC2009,2020-05-07 09:30:39.600,5189.6000,41477,0,140078800.000,0,-,-,-,-,5189.8000,5189.6000,5189.2000,5189.0000,5188.6000,5190.6000,5190.8000,5191.0000,5191.2000,5191.4000,1,5,1,1,1,1,1,1,1,2
SF,IC2009,2020-05-07 09:30:40.100,5189.6000,41477,0,141116720.000,1,0,1,多换,S,5189.6000,5189.2000,5189.0000,5188.6000,5188.4000,5190.8000,5191.0000,5191.2000,5191.4000,5192.0000,5,11,1,1,1,1,1,1,2,2
SF,IC2009,2020-05-07 09:30:40.600,5189.6000,41479,2,143192560.000,2,2,0,双开,S,5189.6000,5189.2000,5189.0000,5188.6000,5188.4000,5190.8000,5191.0000,5191.2000,5191.4000,5192.0000,3,11,1,1,1,1,2,1,2,2
SF,IC2009,2020-05-07 09:30:41.600,5189.6000,41480,1,144230480.000,1,1,0,双开,S,5189.6000,5189.2000,5189.0000,5188.6000,5188.4000,5190.8000,5191.0000,5191.2000,5191.4000,5192.0000,2,11,1,1,1,1,2,1,2,2
SF,IC2009,2020-05-07 09:30:42.100,5189.6000,41481,1,145268400.000,1,1,0,双开,S,5189.6000,5189.2000,5189.0000,5188.6000,5188.4000,5190.8000,5191.0000,5191.2000,5191.4000,5192.0000,1,11,1,1,1,1,2,1,2,2
SF,IC2009,2020-05-07 09:30:42.600,5189.6000,41481,0,145268400.000,0,-,-,-,-,5189.6000,5189.2000,5189.0000,5188.6000,5188.4000,5190.6000,5190.8000,5191.0000,5191.2000,5191.4000,2,11,1,1,1,1,1,2,1,2
SF,IC2009,2020-05-07 09:30:43.100,5190.8000,41479,-2,147344640.000,2,0,2,双平,S,5190.8000,5189.6000,5189.2000,5189.0000,5188.6000,5191.0000,5191.2000,5191.4000,5192.0000,5192.6000,8,2,10,1,1,2,1,2,2,2
SF,IC2009,2020-05-07 09:30:43.600,5190.8000,41471,-8,155649920.000,8,0,8,双平,S,5189.6000,5189.2000,5189.0000,5188.6000,5188.0000,5190.4000,5191.0000,5191.2000,5191.4000,5192.0000,2,10,1,1,12,1,2,1,2,2
SF,IC2009,2020-05-07 09:30:44.100,5189.6000,41471,0,156687840.000,1,0,1,多换,S,5189.6000,5189.2000,5189.0000,5188.6000,5188.0000,5190.4000,5191.0000,5191.2000,5191.4000,5192.0000,1,10,1,1,12,1,2,1,2,2
SF,IC2009,2020-05-07 09:30:44.600,5190.4000,41471,0,157725920.000,1,0,1,多换,S,5190.6000,5189.6000,5189.2000,5189.0000,5188.6000,5191.0000,5191.2000,5191.4000,5192.0000,5192.6000,4,1,10,1,1,2,1,2,2,2
SF,IC2009,2020-05-07 09:30:45.100,5190.6000,41471,0,159802160.000,2,1,1,多换,S,5190.8000,5190.6000,5189.6000,5189.2000,5189.0000,5191.0000,5191.2000,5191.4000,5192.0000,5192.6000,10,2,1,10,1,2,1,2,2,2
SF,IC2009,2020-05-07 09:30:45.600,5191.0000,41468,-3,162916720.000,3,0,3,双平,S,5191.0000,5190.8000,5190.6000,5189.6000,5189.2000,5191.2000,5191.4000,5192.0000,5192.6000,5193.2000,1,9,2,1,10,1,2,2,2,2
SF,IC2009,2020-05-07 09:30:46.100,5191.4000,41467,-1,164993240.000,2,0,2,多平,S,5190.8000,5190.6000,5189.6000,5189.2000,5189.0000,5191.4000,5192.0000,5192.6000,5193.2000,5193.4000,9,2,1,10,1,1,2,2,2,1
SF,IC2009,2020-05-07 09:30:46.600,5190.8000,41467,0,167069680.000,2,1,1,多换,S,5191.0000,5190.8000,5190.6000,5189.6000,5189.2000,5192.0000,5192.6000,5193.2000,5193.4000,5193.6000,1,8,2,1,10,2,2,2,1,1
SF,IC2009,2020-05-07 09:30:47.100,5191.0000,41467,0,170184640.000,3,1,2,多换,S,5191.0000,5190.8000,5190.6000,5189.6000,5189.2000,5192.0000,5192.6000,5193.2000,5193.4000,5193.6000,5,8,2,1,10,1,2,2,1,1
SF,IC2009,2020-05-07 09:30:47.600,5191.2000,41462,-5,176414400.000,6,0,6,多平,S,5191.0000,5190.8000,5190.6000,5189.6000,5189.2000,5192.6000,5193.2000,5193.4000,5193.6000,5193.8000,5,8,2,1,10,2,2,1,1,2
SF,IC2009,2020-05-07 09:30:48.100,5191.2000,41462,0,176414400.000,0,-,-,-,-,5192.0000,5191.4000,5191.2000,5191.0000,5190.8000,5192.2000,5192.4000,5192.6000,5193.2000,5193.4000,1,1,2,5,8,1,1,2,2,1
SF,IC2009,2020-05-07 09:30:48.600,5192.2000,41462,0,178491240.000,2,1,1,多换,S,5192.0000,5191.4000,5191.0000,5190.8000,5190.6000,5192.4000,5192.6000,5193.2000,5193.4000,5193.6000,1,1,5,8,2,1,2,2,1,1
SF,IC2009,2020-05-07 09:30:49.600,5191.0000,41460,-2,183682520.000,5,1,4,多平,S,5191.0000,5190.8000,5190.6000,5189.6000,5189.2000,5192.4000,5192.6000,5193.2000,5193.4000,5193.6000,2,8,2,1,10,1,2,2,1,1
SF,IC2009,2020-05-07 09:30:50.100,5191.0000,41460,0,183682520.000,0,-,-,-,-,5191.2000,5191.0000,5190.8000,5190.6000,5189.6000,5192.4000,5192.6000,5193.2000,5193.4000,5193.6000,2,2,8,2,1,1,2,2,1,1
SF,IC2009,2020-05-07 09:30:50.600,5191.0000,41460,0,183682520.000,0,-,-,-,-,5191.4000,5191.2000,5191.0000,5190.8000,5190.6000,5192.4000,5192.6000,5193.2000,5193.4000,5193.6000,1,1,2,8,2,1,2,2,1,1
SF,IC2009,2020-05-07 09:30:51.100,5191.0000,41461,1,184720720.000,1,1,0,双开,S,5192.4000,5191.6000,5191.2000,5191.0000,5190.8000,5192.6000,5193.2000,5193.4000,5193.6000,5193.8000,4,1,1,2,8,2,2,1,1,2
SF,IC2009,2020-05-07 09:30:51.600,5192.4000,41461,0,188874640.000,4,2,2,多换,S,5192.4000,5191.2000,5191.0000,5190.8000,5190.6000,5192.6000,5193.2000,5193.4000,5193.6000,5193.8000,10,1,2,8,2,2,2,1,1,2
SF,IC2009,2020-05-07 09:30:52.100,5192.6000,41461,0,190951680.000,2,1,1,多换,S,5192.4000,5191.2000,5191.0000,5190.8000,5190.6000,5193.2000,5193.4000,5193.6000,5193.8000,5194.4000,10,1,2,8,2,2,1,1,2,2
SF,IC2009,2020-05-07 09:30:54.100,5193.2000,41461,0,193028960.000,2,1,1,多换,S,5192.4000,5191.2000,5191.0000,5190.8000,5190.6000,5193.4000,5193.6000,5193.8000,5194.4000,5195.0000,10,1,2,8,2,1,1,2,2,2
SF,IC2009,2020-05-07 09:30:54.600,5193.4000,41461,0,194067640.000,1,0,1,多换,S,5192.6000,5192.4000,5191.0000,5190.8000,5190.6000,5193.4000,5193.6000,5193.8000,5194.4000,5195.0000,2,10,2,8,2,1,1,2,2,2
SF,IC2009,2020-05-07 09:30:55.100,5193.4000,41462,1,195106320.000,1,1,0,双开,S,5192.8000,5192.6000,5192.4000,5191.0000,5190.8000,5193.6000,5193.8000,5194.4000,5195.0000,5195.6000,1,1,10,2,8,1,2,2,2,2
SF,IC2009,2020-05-07 09:30:55.600,5193.0000,41461,-1,198222240.000,3,1,2,多平,S,5193.4000,5193.0000,5192.4000,5191.0000,5190.8000,5193.8000,5194.4000,5195.0000,5195.6000,5196.2000,10,1,10,2,8,2,2,2,2,2
SF,IC2009,2020-05-07 09:30:56.100,5193.6000,41460,-1,203415920.000,5,2,3,多平,S,5193.4000,5193.0000,5192.4000,5191.0000,5190.8000,5194.4000,5195.0000,5195.6000,5196.2000,5196.8000,10,1,10,2,8,2,2,2,2,4
SF,IC2009,2020-05-07 09:30:56.600,5193.4000,41457,-3,208609320.000,5,1,4,多平,S,5193.4000,5193.0000,5192.4000,5191.0000,5190.8000,5194.4000,5195.0000,5195.6000,5196.2000,5196.8000,5,1,10,2,8,2,2,2,2,4
SF,IC2009,2020-05-07 09:30:57.100,5193.4000,41457,0,209648000.000,1,0,1,多换,S,5193.4000,5192.4000,5191.0000,5190.8000,5190.6000,5194.2000,5194.4000,5195.0000,5195.6000,5196.2000,4,10,2,8,2,1,2,2,2,2
SF,IC2009,2020-05-07 09:30:57.600,5193.4000,41456,-1,212764040.000,3,1,2,多平,S,5193.4000,5192.4000,5191.0000,5190.8000,5190.6000,5194.2000,5194.4000,5195.0000,5195.6000,5196.2000,1,10,2,8,2,2,2,2,2,2
SF,IC2009,2020-05-07 09:30:58.100,5193.4000,41455,-1,213802720.000,1,0,1,双平,S,5192.4000,5191.0000,5190.8000,5190.6000,5189.6000,5193.4000,5194.2000,5194.4000,5195.0000,5195.6000,10,2,8,2,1,1,1,2,2,2
SF,IC2009,2020-05-07 09:30:58.600,5193.4000,41455,0,213802720.000,0,-,-,-,-,5192.6000,5192.4000,5191.0000,5190.8000,5190.6000,5193.4000,5193.6000,5193.8000,5194.2000,5194.4000,2,10,2,8,2,2,1,1,1,2
SF,IC2009,2020-05-07 09:30:59.100,5194.2000,41456,1,218996400.000,5,3,2,空开,S,5192.6000,5192.4000,5191.0000,5190.8000,5190.6000,5193.0000,5194.4000,5195.0000,5195.6000,5196.2000,1,10,2,8,2,1,2,2,2,2
SF,IC2009,2020-05-07 09:31:00.100,5193.2000,41456,0,220035040.000,1,0,1,多换,S,5192.8000,5192.6000,5192.4000,5191.0000,5190.8000,5194.4000,5195.0000,5195.6000,5196.2000,5196.8000,1,1,10,2,8,2,2,2,2,4
SF,IC2009,2020-05-07 09:31:00.600,5193.2000,41456,0,220035040.000,0,-,-,-,-,5193.0000,5192.4000,5191.0000,5190.8000,5190.6000,5194.2000,5194.4000,5195.0000,5195.6000,5196.2000,2,10,2,8,2,1,2,2,2,2
SF,IC2009,2020-05-07 09:31:01.100,5193.2000,41456,0,220035040.000,0,-,-,-,-,5193.0000,5192.4000,5191.0000,5190.8000,5190.6000,5194.4000,5195.0000,5195.6000,5196.2000,5196.8000,7,10,2,8,2,2,2,2,2,4
SF,IC2009,2020-05-07 09:31:01.600,5193.2000,41455,-1,221073680.000,1,0,1,双平,S,5193.0000,5192.4000,5191.0000,5190.8000,5190.6000,5194.4000,5195.0000,5195.6000,5196.2000,5196.8000,6,10,2,8,2,2,2,2,2,4
SF,IC2009,2020-05-07 09:31:02.100,5193.0000,41455,0,223151160.000,2,1,1,多换,S,5193.0000,5192.4000,5191.0000,5190.8000,5190.6000,5194.4000,5195.0000,5195.6000,5196.2000,5196.8000,5,10,2,8,2,1,2,2,2,4
SF,IC2009,2020-05-07 09:31:02.600,5194.4000,41455,0,224190040.000,1,0,1,多换,S,5194.2000,5193.2000,5193.0000,5192.6000,5192.4000,5195.0000,5195.6000,5196.2000,5196.8000,5197.0000,1,2,5,3,10,2,2,2,4,1
SF,IC2009,2020-05-07 09:31:03.100,5194.2000,41453,-2,227306360.000,3,0,3,多平,S,5193.0000,5192.6000,5192.4000,5191.0000,5190.8000,5193.2000,5195.0000,5195.6000,5196.2000,5196.8000,5,3,10,2,8,1,2,2,2,4
SF,IC2009,2020-05-07 09:31:03.600,5193.2000,41453,0,228345000.000,1,0,1,多换,S,5193.6000,5193.2000,5193.0000,5192.6000,5192.4000,5195.0000,5195.6000,5196.2000,5196.8000,5197.0000,2,4,5,3,10,2,2,2,4,1
SF,IC2009,2020-05-07 09:31:04.100,5193.2000,41453,0,228345000.000,0,-,-,-,-,5194.4000,5193.2000,5193.0000,5192.6000,5192.4000,5195.0000,5195.6000,5196.2000,5196.8000,5197.0000,1,3,6,3,10,2,2,2,4,1
SF,IC2009,2020-05-07 09:31:04.600,5193.2000,41453,0,228345000.000,0,-,-,-,-,5194.4000,5193.2000,5193.0000,5192.6000,5192.4000,5195.0000,5195.6000,5196.2000,5196.8000,5197.0000,1,3,6,3,10,2,2,2,4,1
SF,IC2009,2020-05-07 09:31:05.100,5194.2000,41453,0,229383840.000,1,0,1,多换,S,5194.4000,5193.8000,5193.2000,5193.0000,5192.6000,5195.0000,5195.6000,5196.2000,5196.8000,5197.0000,1,6,3,6,3,2,2,2,4,1
SF,IC2009,2020-05-07 09:31:05.600,5193.8000,41453,0,231461440.000,2,1,1,多换,S,5193.8000,5193.2000,5193.0000,5192.6000,5192.4000,5195.0000,5195.6000,5196.2000,5196.8000,5197.0000,5,3,6,3,10,2,2,2,4,1
SF,IC2009,2020-05-07 09:31:06.100,5193.8000,41454,1,232500200.000,1,1,0,双开,S,5193.8000,5193.2000,5193.0000,5192.6000,5192.4000,5195.0000,5195.6000,5196.2000,5196.8000,5197.0000,4,3,6,3,10,2,2,2,4,1
SF,IC2009,2020-05-07 09:31:06.600,5195.0000,41454,0,233539200.000,1,0,1,多换,S,5193.8000,5193.2000,5193.0000,5192.6000,5192.4000,5195.0000,5195.6000,5196.2000,5196.8000,5197.0000,4,3,6,3,10,1,2,2,4,1
SF,IC2009,2020-05-07 09:31:07.100,5195.0000,41454,0,233539200.000,0,-,-,-,-,5194.0000,5193.8000,5193.2000,5193.0000,5192.6000,5195.0000,5195.6000,5196.0000,5196.2000,5196.8000,1,4,3,6,3,1,2,1,2,4
SF,IC2009,2020-05-07 09:31:07.600,5195.0000,41454,0,233539200.000,0,-,-,-,-,5193.8000,5193.2000,5193.0000,5192.6000,5192.4000,5194.8000,5195.0000,5195.6000,5196.0000,5196.2000,4,3,6,3,10,1,3,2,1,2
SF,IC2009,2020-05-07 09:31:08.100,5195.0000,41454,0,233539200.000,0,-,-,-,-,5193.8000,5193.2000,5193.0000,5192.6000,5191.0000,5194.8000,5195.0000,5195.6000,5196.0000,5196.2000,4,3,6,3,2,1,3,2,1,2
SF,IC2009,2020-05-07 09:31:08.600,5194.8000,41453,-1,234578160.000,1,0,1,双平,S,5193.8000,5193.2000,5193.0000,5192.6000,5191.0000,5195.0000,5195.6000,5196.0000,5196.2000,5196.8000,4,3,6,3,2,3,2,1,2,4
SF,IC2009,2020-05-07 09:31:09.100,5195.0000,41453,0,235617160.000,1,0,1,多换,S,5193.8000,5193.2000,5193.0000,5192.6000,5191.0000,5195.0000,5195.6000,5196.0000,5196.2000,5196.8000,4,2,8,3,2,4,2,1,2,4
SF,IC2009,2020-05-07 09:31:09.600,5195.0000,41453,0,235617160.000,0,-,-,-,-,5194.0000,5193.8000,5193.2000,5193.0000,5192.6000,5195.0000,5195.6000,5196.0000,5196.2000,5196.8000,1,4,2,8,3,4,2,1,2,4
SF,IC2009,2020-05-07 09:31:10.100,5195.0000,41453,0,235617160.000,0,-,-,-,-,5193.8000,5193.2000,5193.0000,5192.6000,5191.0000,5195.0000,5195.6000,5196.0000,5196.2000,5196.8000,4,2,8,3,2,4,2,1,2,4
SF,IC2009,2020-05-07 09:31:10.600,5195.0000,41453,0,236656160.000,1,0,1,多换,S,5193.8000,5193.2000,5193.0000,5192.6000,5191.0000,5195.0000,5195.6000,5196.0000,5196.2000,5196.8000,4,2,8,3,2,3,2,1,2,4
SF,IC2009,2020-05-07 09:31:11.100,5195.0000,41453,0,238734160.000,2,1,1,多换,S,5194.2000,5194.0000,5193.8000,5193.6000,5193.2000,5195.0000,5195.6000,5196.0000,5196.2000,5196.8000,3,2,5,1,2,1,2,1,2,4
SF,IC2009,2020-05-07 09:31:11.600,5195.0000,41453,0,240812160.000,2,1,1,多换,S,5194.2000,5194.0000,5193.8000,5193.6000,5193.0000,5195.6000,5196.0000,5196.2000,5196.8000,5197.0000,3,1,5,1,8,2,1,2,4,1
SF,IC2009,2020-05-07 09:31:12.100,5195.0000,41453,0,240812160.000,0,-,-,-,-,5194.2000,5193.8000,5193.6000,5193.0000,5192.6000,5195.6000,5196.0000,5196.2000,5196.8000,5197.0000,3,5,1,8,3,4,1,2,4,1
SF,IC2009,2020-05-07 09:31:12.600,5195.0000,41453,0,240812160.000,0,-,-,-,-,5194.2000,5193.8000,5193.6000,5193.0000,5192.6000,5195.4000,5195.6000,5196.0000,5196.2000,5196.8000,3,5,1,8,3,2,4,1,2,4
SF,IC2009,2020-05-07 09:31:13.100,5194.2000,41450,-3,243928680.000,3,0,3,双平,S,5193.8000,5193.6000,5193.0000,5192.6000,5191.0000,5195.4000,5195.6000,5196.0000,5196.2000,5196.8000,5,1,8,3,2,2,4,1,2,4
SF,IC2009,2020-05-07 09:31:13.600,5193.8000,41450,0,244967440.000,1,0,1,多换,S,5193.8000,5193.6000,5193.0000,5192.6000,5191.0000,5195.2000,5195.4000,5195.6000,5196.0000,5196.2000,4,1,8,3,2,1,1,4,1,2
SF,IC2009,2020-05-07 09:31:14.100,5193.6000,41450,0,250161200.000,5,2,3,多换,S,5193.0000,5192.6000,5191.0000,5190.6000,5189.6000,5195.0000,5195.6000,5196.0000,5196.2000,5196.8000,8,3,2,2,1,2,4,1,2,4
SF,IC2009,2020-05-07 09:31:14.600,5193.6000,41450,0,250161200.000,0,-,-,-,-,5193.0000,5192.6000,5191.0000,5190.6000,5189.6000,5194.8000,5195.0000,5195.6000,5196.0000,5196.2000,8,3,2,2,1,1,1,4,1,2
SF,IC2009,2020-05-07 09:31:15.100,5193.0000,41450,0,251199800.000,1,0,1,多换,S,5193.0000,5192.6000,5191.0000,5190.6000,5189.6000,5194.6000,5195.6000,5196.0000,5196.2000,5196.8000,7,3,2,2,1,2,4,1,2,4
SF,IC2009,2020-05-07 09:31:15.600,5193.0000,41450,0,254315600.000,3,1,2,多换,S,5193.0000,5192.6000,5191.0000,5190.6000,5189.6000,5194.4000,5194.6000,5195.6000,5196.0000,5196.2000,4,3,2,2,1,1,1,4,1,2
SF,IC2009,2020-05-07 09:31:16.100,5193.0000,41449,-1,258470000.000,4,1,3,多平,S,5192.6000,5191.0000,5190.6000,5189.6000,5189.2000,5193.0000,5194.0000,5194.2000,5194.4000,5195.6000,3,2,2,1,10,1,1,2,3,4
SF,IC2009,2020-05-07 09:31:16.600,5192.8000,41449,0,260547080.000,2,1,1,多换,S,5192.6000,5191.0000,5190.6000,5189.6000,5189.2000,5193.0000,5194.0000,5194.2000,5194.4000,5194.6000,2,2,2,1,10,1,1,1,3,1
SF,IC2009,2020-05-07 09:31:17.100,5193.0000,41449,0,261585680.000,1,0,1,多换,S,5192.6000,5191.0000,5190.6000,5189.6000,5189.2000,5194.0000,5194.2000,5194.4000,5194.6000,5195.4000,2,2,2,1,10,1,1,3,1,1
SF,IC2009,2020-05-07 09:31:17.600,5193.0000,41449,0,261585680.000,0,-,-,-,-,5192.6000,5191.0000,5190.6000,5189.6000,5189.2000,5193.8000,5194.0000,5194.4000,5194.6000,5195.4000,2,2,2,1,10,2,1,3,1,1
SF,IC2009,2020-05-07 09:31:18.100,5193.0000,41449,0,261585680.000,0,-,-,-,-,5192.6000,5191.0000,5190.6000,5189.6000,5189.2000,5193.6000,5193.8000,5194.0000,5194.4000,5194.6000,2,2,2,1,10,1,1,1,3,1
SF,IC2009,2020-05-07 09:31:18.600,5192.6000,41449,0,263662720.000,2,1,1,多换,S,5191.0000,5190.6000,5189.6000,5189.2000,5188.6000,5192.6000,5193.4000,5193.6000,5194.4000,5194.6000,2,2,1,10,1,1,2,1,2,1
SF,IC2009,2020-05-07 09:31:19.100,5192.6000,41449,0,263662720.000,0,-,-,-,-,5191.2000,5191.0000,5190.6000,5189.6000,5189.2000,5192.4000,5192.6000,5193.4000,5193.6000,5194.4000,1,2,2,1,10,2,3,1,1,2
SF,IC2009,2020-05-07 09:31:19.600,5192.6000,41449,0,263662720.000,0,-,-,-,-,5191.0000,5190.6000,5189.6000,5189.2000,5188.6000,5192.4000,5192.6000,5193.4000,5193.6000,5194.4000,2,2,1,10,1,2,3,1,1,2
SF,IC2009,2020-05-07 09:31:20.100,5191.2000,41449,0,264700960.000,1,0,1,多换,S,5191.0000,5190.6000,5189.6000,5189.2000,5188.6000,5192.0000,5192.4000,5192.6000,5193.4000,5194.4000,3,2,1,10,1,1,2,3,1,2
SF,IC2009,2020-05-07 09:31:20.600,5191.0000,41449,0,265739160.000,1,0,1,多换,S,5191.0000,5190.6000,5189.6000,5189.2000,5188.6000,5191.8000,5192.0000,5192.4000,5192.6000,5194.4000,2,2,1,10,1,2,3,1,3,2
SF,IC2009,2020-05-07 09:31:21.100,5191.0000,41449,0,267815560.000,2,1,1,多换,S,5190.6000,5189.6000,5189.2000,5188.6000,5188.0000,5191.6000,5191.8000,5192.0000,5192.6000,5193.8000,2,1,10,1,2,2,1,3,3,1
SF,IC2009,2020-05-07 09:31:21.600,5191.0000,41449,0,267815560.000,0,-,-,-,-,5190.6000,5189.6000,5189.2000,5188.6000,5188.0000,5191.0000,5191.4000,5191.6000,5192.0000,5192.6000,2,1,10,1,2,1,2,1,2,3
SF,IC2009,2020-05-07 09:31:22.100,5191.0000,41449,0,267815560.000,0,-,-,-,-,5190.6000,5189.6000,5189.2000,5188.6000,5188.0000,5191.0000,5191.4000,5191.6000,5192.0000,5192.6000,2,1,10,1,2,1,1,1,2,3
SF,IC2009,2020-05-07 09:31:23.100,5191.0000,41449,0,267815560.000,0,-,-,-,-,5190.6000,5189.6000,5189.2000,5188.6000,5188.0000,5190.8000,5191.0000,5191.4000,5191.6000,5192.0000,2,1,10,1,2,1,1,1,1,2
SF,IC2009,2020-05-07 09:31:23.600,5191.0000,41449,0,268853760.000,1,0,1,多换,S,5190.6000,5189.6000,5189.2000,5188.6000,5188.0000,5191.6000,5192.0000,5192.6000,5194.4000,5195.6000,2,1,10,1,2,1,2,3,2,4
SF,IC2009,2020-05-07 09:31:24.100,5191.0000,41449,0,268853760.000,0,-,-,-,-,5190.6000,5189.6000,5189.2000,5188.6000,5188.0000,5191.4000,5192.0000,5192.6000,5193.2000,5194.4000,2,1,10,1,2,1,2,3,1,2
SF,IC2009,2020-05-07 09:31:24.600,5191.0000,41449,0,268853760.000,0,-,-,-,-,5190.6000,5189.6000,5189.2000,5188.6000,5188.0000,5191.2000,5192.0000,5192.6000,5193.2000,5194.4000,2,1,10,1,2,1,2,3,1,2
SF,IC2009,2020-05-07 09:31:25.100,5190.6000,41449,0,270930000.000,2,1,1,多换,S,5189.6000,5189.2000,5188.6000,5188.0000,5187.6000,5190.6000,5191.0000,5192.0000,5192.6000,5193.2000,1,10,1,2,1,1,2,2,3,1
SF,IC2009,2020-05-07 09:31:25.600,5191.0000,41449,0,271968200.000,1,0,1,多换,S,5189.6000,5189.2000,5188.6000,5188.0000,5187.6000,5192.0000,5192.6000,5194.4000,5195.6000,5196.0000,1,10,1,2,1,2,3,2,4,1
SF,IC2009,2020-05-07 09:31:26.100,5191.0000,41447,-2,274044600.000,2,0,2,双平,S,5189.6000,5189.2000,5188.6000,5188.0000,5187.6000,5190.6000,5191.8000,5192.0000,5192.6000,5193.4000,2,10,1,2,1,1,1,2,3,1
SF,IC2009,2020-05-07 09:31:26.600,5190.6000,41446,-1,275082720.000,1,0,1,双平,S,5189.6000,5189.2000,5188.6000,5188.0000,5187.6000,5191.8000,5192.0000,5192.6000,5194.4000,5195.6000,2,10,1,2,1,1,2,3,2,4
SF,IC2009,2020-05-07 09:31:27.100,5189.6000,41446,0,276120640.000,1,0,1,多换,S,5189.6000,5189.2000,5188.6000,5188.0000,5187.6000,5191.6000,5191.8000,5192.0000,5192.6000,5193.8000,1,10,1,2,1,1,1,2,3,1
SF,IC2009,2020-05-07 09:31:27.600,5189.6000,41446,0,276120640.000,0,-,-,-,-,5189.6000,5189.2000,5188.6000,5188.0000,5187.6000,5190.6000,5191.4000,5191.6000,5192.0000,5192.6000,1,10,1,2,1,1,2,1,2,3
SF,IC2009,2020-05-07 09:31:28.100,5189.6000,41446,0,276120640.000,0,-,-,-,-,5189.6000,5189.2000,5188.6000,5188.0000,5187.6000,5190.6000,5191.4000,5191.6000,5192.0000,5192.6000,1,10,1,2,1,1,1,1,2,3
SF,IC2009,2020-05-07 09:31:29.100,5189.6000,41446,0,276120640.000,0,-,-,-,-,5189.6000,5189.2000,5188.6000,5188.0000,5187.6000,5190.4000,5190.6000,5191.4000,5192.0000,5192.6000,1,10,1,2,1,1,1,1,2,3
SF,IC2009,2020-05-07 09:31:29.600,5189.6000,41446,0,276120640.000,0,-,-,-,-,5189.6000,5189.2000,5188.6000,5188.0000,5187.6000,5190.6000,5191.4000,5192.0000,5192.6000,5194.4000,1,10,1,2,1,1,1,2,3,2
SF,IC2009,2020-05-07 09:31:30.600,5189.6000,41446,0,276120640.000,0,-,-,-,-,5189.6000,5189.2000,5188.6000,5188.0000,5187.6000,5190.4000,5190.6000,5191.4000,5192.0000,5192.6000,1,10,1,2,1,1,1,1,2,3
SF,IC2009,2020-05-07 09:31:31.100,5189.6000,41446,0,276120640.000,0,-,-,-,-,5189.6000,5189.2000,5188.6000,5188.0000,5187.6000,5190.6000,5191.4000,5192.0000,5192.6000,5194.4000,1,10,1,2,1,1,1,2,3,2
SF,IC2009,2020-05-07 09:31:31.600,5189.2000,41446,0,278196400.000,2,1,1,多换,S,5189.2000,5188.6000,5188.0000,5187.6000,5185.0000,5190.6000,5191.4000,5192.0000,5192.6000,5194.4000,9,1,1,1,3,1,1,2,3,2
SF,IC2009,2020-05-07 09:31:32.100,5189.2000,41446,0,278196400.000,0,-,-,-,-,5189.8000,5189.4000,5189.2000,5188.6000,5188.0000,5190.0000,5190.6000,5191.4000,5192.0000,5192.6000,1,1,9,1,1,1,1,1,2,3
SF,IC2009,2020-05-07 09:31:32.600,5190.0000,41445,-1,279234400.000,1,0,1,双平,S,5190.0000,5189.4000,5189.2000,5188.6000,5188.0000,5190.6000,5191.4000,5192.0000,5192.6000,5194.4000,1,1,9,1,1,1,1,2,2,2
SF,IC2009,2020-05-07 09:31:33.100,5190.0000,41445,0,279234400.000,0,-,-,-,-,5190.0000,5189.2000,5189.0000,5188.6000,5188.0000,5190.6000,5191.4000,5192.0000,5192.6000,5194.4000,1,9,1,1,1,1,1,2,2,2
SF,IC2009,2020-05-07 09:31:33.600,5190.0000,41445,0,279234400.000,0,-,-,-,-,5190.0000,5189.2000,5189.0000,5188.6000,5188.2000,5190.6000,5191.4000,5192.0000,5192.6000,5194.4000,1,10,1,1,1,1,1,2,2,2
SF,IC2009,2020-05-07 09:31:34.600,5190.0000,41444,-1,280272400.000,1,0,1,双平,S,5189.6000,5189.2000,5189.0000,5188.6000,5188.2000,5190.6000,5191.4000,5192.0000,5192.6000,5194.4000,1,9,1,1,1,1,1,2,2,2
SF,IC2009,2020-05-07 09:31:35.600,5190.0000,41444,0,280272400.000,0,-,-,-,-,5189.6000,5189.2000,5189.0000,5188.6000,5188.2000,5190.0000,5190.6000,5191.4000,5192.0000,5192.6000,1,9,1,1,1,1,1,1,2,2
SF,IC2009,2020-05-07 09:31:36.100,5190.0000,41444,0,281310400.000,1,0,1,多换,S,5189.8000,5189.6000,5189.2000,5189.0000,5188.6000,5190.6000,5191.4000,5192.0000,5192.6000,5194.4000,1,1,9,1,1,1,1,2,2,2
SF,IC2009,2020-05-07 09:31:36.600,5190.6000,41443,-1,282348520.000,1,0,1,双平,S,5189.8000,5189.6000,5189.2000,5189.0000,5188.6000,5191.4000,5192.0000,5192.6000,5194.4000,5195.6000,1,1,9,1,1,1,2,2,2,4
SF,IC2009,2020-05-07 09:31:37.100,5190.6000,41443,0,282348520.000,0,-,-,-,-,5189.8000,5189.6000,5189.2000,5189.0000,5188.6000,5190.8000,5191.2000,5191.4000,5192.0000,5192.6000,1,1,9,1,1,1,1,1,2,2
SF,IC2009,2020-05-07 09:31:37.600,5190.6000,41443,0,282348520.000,0,-,-,-,-,5189.6000,5189.2000,5189.0000,5188.6000,5188.2000,5190.8000,5191.4000,5192.0000,5192.6000,5194.4000,1,9,1,1,1,1,1,2,2,2
SF,IC2009,2020-05-07 09:31:38.100,5190.6000,41443,0,282348520.000,0,-,-,-,-,5189.6000,5189.2000,5189.0000,5188.6000,5188.2000,5189.8000,5190.6000,5190.8000,5191.4000,5192.0000,1,9,1,1,1,2,1,1,1,2
SF,IC2009,2020-05-07 09:31:38.600,5189.6000,41443,0,285462440.000,3,1,2,多换,S,5189.6000,5189.2000,5189.0000,5188.6000,5188.2000,5190.8000,5191.4000,5192.0000,5192.6000,5194.4000,1,9,1,1,1,1,1,2,2,2
SF,IC2009,2020-05-07 09:31:39.100,5189.6000,41443,0,285462440.000,0,-,-,-,-,5189.6000,5189.2000,5189.0000,5188.6000,5188.2000,5190.6000,5190.8000,5191.4000,5192.0000,5192.6000,1,9,1,1,1,1,1,1,2,2
SF,IC2009,2020-05-07 09:31:39.600,5189.6000,41443,0,285462440.000,0,-,-,-,-,5189.6000,5189.2000,5189.0000,5188.6000,5188.2000,5190.8000,5191.4000,5192.0000,5192.6000,5194.4000,1,9,1,1,1,1,1,2,2,2
SF,IC2009,2020-05-07 09:31:40.100,5189.6000,41443,0,285462440.000,0,-,-,-,-,5189.6000,5189.2000,5189.0000,5188.6000,5188.2000,5190.0000,5190.6000,5190.8000,5192.0000,5192.6000,1,9,1,1,1,1,2,2,2,2
SF,IC2009,2020-05-07 09:31:40.600,5189.6000,41442,-1,286500360.000,1,0,1,双平,S,5189.2000,5189.0000,5188.6000,5188.2000,5188.0000,5189.6000,5190.0000,5190.6000,5190.8000,5192.0000,9,1,1,1,1,2,1,1,2,2
SF,IC2009,2020-05-07 09:31:41.100,5189.2000,41442,0,289613880.000,3,1,2,多换,S,5189.2000,5189.0000,5188.6000,5188.2000,5188.0000,5189.6000,5190.0000,5190.6000,5190.8000,5192.0000,6,1,1,1,1,2,1,2,2,2
SF,IC2009,2020-05-07 09:31:41.600,5189.2000,41442,0,290651720.000,1,0,1,多换,S,5189.2000,5189.0000,5188.6000,5188.2000,5188.0000,5189.6000,5190.0000,5190.6000,5190.8000,5191.2000,5,1,1,1,1,2,1,2,2,1
SF,IC2009,2020-05-07 09:31:42.100,5189.2000,41442,0,292727400.000,2,1,1,多换,S,5189.2000,5189.0000,5188.6000,5188.2000,5188.0000,5189.6000,5190.0000,5190.6000,5190.8000,5191.2000,3,1,2,1,1,2,1,2,2,1
SF,IC2009,2020-05-07 09:31:42.600,5189.4000,41442,0,296878800.000,4,2,2,多换,S,5189.0000,5188.6000,5188.2000,5188.0000,5187.6000,5189.4000,5189.6000,5190.0000,5190.6000,5190.8000,1,2,1,1,2,1,2,1,1,2
SF,IC2009,2020-05-07 09:31:43.100,5189.4000,41442,0,296878800.000,0,-,-,-,-,5188.6000,5188.2000,5188.0000,5187.6000,5187.2000,5189.4000,5189.6000,5190.0000,5190.6000,5190.8000,2,1,1,2,1,1,2,1,1,2
SF,IC2009,2020-05-07 09:31:43.600,5189.4000,41442,0,296878800.000,0,-,-,-,-,5188.6000,5188.2000,5188.0000,5187.6000,5187.2000,5189.2000,5189.6000,5190.0000,5190.6000,5190.8000,1,1,1,2,1,1,2,1,1,2
SF,IC2009,2020-05-07 09:31:44.100,5189.6000,41444,2,301030440.000,4,3,1,空开,S,5189.6000,5188.6000,5188.2000,5188.0000,5187.6000,5190.0000,5190.6000,5190.8000,5191.2000,5192.0000,6,1,1,1,2,1,1,2,1,2
SF,IC2009,2020-05-07 09:31:44.600,5189.6000,41444,0,303106280.000,2,1,1,多换,S,5189.6000,5188.6000,5188.2000,5188.0000,5187.6000,5189.8000,5190.0000,5190.6000,5190.8000,5191.2000,4,1,1,1,2,1,1,1,2,1
SF,IC2009,2020-05-07 09:31:45.100,5189.6000,41444,0,307257960.000,4,2,2,多换,S,5188.6000,5188.2000,5188.0000,5187.6000,5185.0000,5190.0000,5190.6000,5190.8000,5191.2000,5192.0000,1,1,1,2,3,1,1,2,1,2
SF,IC2009,2020-05-07 09:31:45.600,5188.6000,41443,-1,308295680.000,1,0,1,双平,S,5188.2000,5188.0000,5187.6000,5187.2000,5186.6000,5189.8000,5190.0000,5190.6000,5190.8000,5191.2000,1,1,2,1,1,2,1,1,2,1
SF,IC2009,2020-05-07 09:31:46.100,5188.6000,41443,0,308295680.000,0,-,-,-,-,5188.4000,5188.2000,5188.0000,5187.6000,5187.2000,5189.6000,5189.8000,5190.0000,5190.6000,5190.8000,1,2,1,2,1,2,1,1,1,2
SF,IC2009,2020-05-07 09:31:46.600,5188.6000,41443,0,308295680.000,0,-,-,-,-,5188.4000,5188.2000,5188.0000,5187.6000,5187.2000,5189.4000,5189.6000,5189.8000,5190.0000,5190.6000,1,2,1,2,1,2,1,1,1,1
SF,IC2009,2020-05-07 09:31:47.100,5188.6000,41442,-1,309333400.000,1,0,1,双平,S,5188.8000,5188.4000,5188.2000,5188.0000,5187.6000,5189.2000,5189.6000,5189.8000,5190.0000,5190.6000,6,1,2,1,2,1,1,1,1,1
SF,IC2009,2020-05-07 09:31:47.600,5189.6000,41441,-1,311409160.000,2,0,2,多平,S,5189.4000,5189.2000,5188.8000,5188.4000,5188.2000,5189.8000,5190.0000,5190.6000,5190.8000,5191.2000,2,1,6,1,2,1,1,1,1,1
SF,IC2009,2020-05-07 09:31:48.100,5190.0000,41440,-1,313485120.000,2,0,2,多平,S,5190.2000,5190.0000,5189.8000,5189.4000,5189.2000,5190.6000,5190.8000,5191.2000,5192.0000,5192.6000,1,1,2,2,1,1,1,1,2,1
SF,IC2009,2020-05-07 09:31:48.600,5190.0000,41440,0,313485120.000,0,-,-,-,-,5190.0000,5189.8000,5189.4000,5189.2000,5188.6000,5190.2000,5190.8000,5191.2000,5192.0000,5192.6000,1,2,2,1,1,1,1,1,2,1
SF,IC2009,2020-05-07 09:31:49.100,5190.0000,41439,-1,314523120.000,1,0,1,双平,S,5189.8000,5189.4000,5189.2000,5188.6000,5188.4000,5190.8000,5191.2000,5192.0000,5192.6000,5194.4000,2,2,1,1,1,1,1,3,1,2
SF,IC2009,2020-05-07 09:31:49.600,5190.0000,41439,0,314523120.000,0,-,-,-,-,5190.0000,5189.8000,5189.4000,5189.2000,5188.6000,5190.8000,5191.2000,5192.0000,5192.6000,5194.4000,2,2,2,1,1,1,1,3,2,2
SF,IC2009,2020-05-07 09:31:50.100,5190.8000,41438,-1,315561280.000,1,0,1,双平,S,5190.0000,5189.8000,5189.4000,5189.2000,5188.6000,5191.2000,5192.0000,5192.6000,5194.4000,5195.6000,1,2,2,1,1,1,3,2,2,4
SF,IC2009,2020-05-07 09:31:50.600,5190.8000,41438,0,315561280.000,0,-,-,-,-,5189.8000,5189.4000,5189.2000,5188.6000,5188.2000,5190.2000,5191.0000,5191.2000,5192.0000,5192.6000,2,2,1,1,2,1,1,1,3,2
SF,IC2009,2020-05-07 09:31:51.100,5190.2000,41437,-1,316599320.000,1,0,1,双平,S,5190.4000,5190.2000,5189.8000,5189.4000,5189.2000,5191.0000,5191.2000,5192.0000,5192.6000,5194.4000,2,1,10,2,1,1,1,3,1,2
SF,IC2009,2020-05-07 09:31:51.600,5190.2000,41437,0,316599320.000,0,-,-,-,-,5190.4000,5190.2000,5189.8000,5189.4000,5189.2000,5191.2000,5192.0000,5192.6000,5193.0000,5194.4000,3,1,10,2,1,1,3,1,1,2
SF,IC2009,2020-05-07 09:31:52.100,5190.2000,41437,0,316599320.000,0,-,-,-,-,5190.6000,5190.4000,5189.8000,5189.4000,5189.2000,5191.2000,5192.0000,5192.6000,5193.0000,5194.4000,1,3,10,2,1,1,3,1,1,2
SF,IC2009,2020-05-07 09:31:52.600,5190.2000,41437,0,316599320.000,0,-,-,-,-,5190.6000,5190.4000,5189.8000,5189.4000,5189.2000,5192.0000,5192.6000,5193.0000,5194.4000,5195.6000,1,3,10,2,1,3,1,1,2,4
SF,IC2009,2020-05-07 09:31:53.100,5190.2000,41437,0,316599320.000,0,-,-,-,-,5190.4000,5189.8000,5189.4000,5189.2000,5188.6000,5191.8000,5192.0000,5192.6000,5193.0000,5193.8000,3,10,2,1,1,2,3,1,1,1
SF,IC2009,2020-05-07 09:31:53.600,5190.2000,41437,0,316599320.000,0,-,-,-,-,5190.4000,5189.8000,5189.4000,5189.2000,5188.6000,5191.6000,5191.8000,5192.0000,5192.6000,5193.0000,3,10,2,1,1,1,1,3,1,1
SF,IC2009,2020-05-07 09:31:54.100,5190.2000,41437,0,316599320.000,0,-,-,-,-,5190.4000,5189.8000,5189.4000,5189.2000,5188.6000,5191.8000,5192.0000,5192.6000,5193.0000,5193.8000,3,10,2,1,1,1,3,1,1,1
SF,IC2009,2020-05-07 09:31:54.600,5190.4000,41436,-1,317637400.000,1,0,1,双平,S,5190.4000,5189.8000,5189.4000,5189.2000,5188.6000,5191.6000,5191.8000,5192.0000,5192.6000,5193.0000,2,10,2,1,1,1,1,3,1,1
SF,IC2009,2020-05-07 09:31:55.100,5190.4000,41435,-1,318675480.000,1,0,1,双平,S,5190.4000,5189.8000,5189.4000,5189.2000,5188.6000,5191.8000,5192.0000,5192.6000,5193.0000,5193.8000,1,10,2,1,1,1,3,1,1,1
SF,IC2009,2020-05-07 09:31:55.600,5190.4000,41435,0,318675480.000,0,-,-,-,-,5191.6000,5190.4000,5189.8000,5189.4000,5189.2000,5191.8000,5192.0000,5192.6000,5193.0000,5193.8000,1,1,10,2,1,1,3,1,1,1
SF,IC2009,2020-05-07 09:31:56.100,5191.6000,41435,0,319713800.000,1,0,1,多换,S,5190.4000,5189.8000,5189.4000,5188.8000,5188.6000,5191.6000,5191.8000,5192.0000,5192.6000,5193.0000,1,10,2,1,1,3,1,1,1,1
SF,IC2009,2020-05-07 09:31:56.600,5191.6000,41435,0,319713800.000,0,-,-,-,-,5190.6000,5190.4000,5189.8000,5189.4000,5188.8000,5191.6000,5191.8000,5192.0000,5192.6000,5193.0000,2,1,10,2,1,3,1,1,1,1
SF,IC2009,2020-05-07 09:31:57.100,5191.6000,41435,0,319713800.000,0,-,-,-,-,5190.8000,5190.6000,5190.4000,5189.8000,5189.4000,5191.6000,5192.0000,5192.6000,5193.0000,5193.8000,1,2,1,10,2,2,1,1,1,1
SF,IC2009,2020-05-07 09:31:57.600,5191.0000,41434,-1,320752000.000,1,0,1,双平,S,5191.0000,5190.6000,5190.4000,5189.8000,5189.4000,5191.6000,5192.0000,5192.6000,5193.0000,5193.8000,1,1,1,10,2,1,1,1,1,1
SF,IC2009,2020-05-07 09:31:58.100,5191.6000,41433,-1,322828640.000,2,0,2,多平,S,5191.2000,5190.6000,5190.4000,5189.8000,5189.4000,5193.0000,5193.8000,5195.6000,5196.0000,5196.2000,1,1,1,10,2,1,1,4,1,2
SF,IC2009,2020-05-07 09:31:58.600,5191.6000,41433,0,322828640.000,0,-,-,-,-,5191.6000,5191.4000,5190.6000,5190.4000,5189.8000,5192.8000,5193.0000,5193.8000,5194.8000,5195.6000,1,2,1,1,10,1,1,1,1,4
SF,IC2009,2020-05-07 09:31:59.100,5191.6000,41433,0,322828640.000,0,-,-,-,-,5191.8000,5191.6000,5190.6000,5190.4000,5189.8000,5193.0000,5193.8000,5194.8000,5195.6000,5196.0000,1,1,1,1,10,1,1,1,4,1
SF,IC2009,2020-05-07 09:31:59.600,5191.8000,41433,0,323867000.000,1,0,1,多换,S,5191.6000,5190.6000,5190.4000,5189.8000,5188.8000,5193.0000,5193.8000,5194.8000,5195.6000,5196.0000,1,1,1,10,1,1,1,1,4,1
SF,IC2009,2020-05-07 09:32:00.100,5191.8000,41433,0,323867000.000,0,-,-,-,-,5193.0000,5191.8000,5191.6000,5190.6000,5190.4000,5193.8000,5194.8000,5195.6000,5196.0000,5196.2000,1,2,1,1,1,1,1,4,1,2
SF,IC2009,2020-05-07 09:32:00.600,5193.0000,41432,-1,324905600.000,1,0,1,双平,S,5193.0000,5191.8000,5191.6000,5190.6000,5190.4000,5193.6000,5193.8000,5194.8000,5195.6000,5196.0000,1,1,1,1,1,1,1,1,4,1
SF,IC2009,2020-05-07 09:32:01.100,5193.0000,41432,0,325944200.000,1,0,1,多换,S,5191.8000,5191.6000,5190.6000,5190.4000,5189.8000,5193.0000,5193.8000,5194.8000,5195.6000,5196.0000,1,2,1,1,8,2,1,1,4,1
SF,IC2009,2020-05-07 09:32:01.600,5193.0000,41432,0,325944200.000,0,-,-,-,-,5191.6000,5190.6000,5190.4000,5189.8000,5188.8000,5192.0000,5192.8000,5193.0000,5193.8000,5194.8000,2,1,1,8,1,1,1,2,1,1
SF,IC2009,2020-05-07 09:32:02.100,5192.0000,41431,-1,326982600.000,1,0,1,双平,S,5192.0000,5191.6000,5190.6000,5190.4000,5189.8000,5193.0000,5193.8000,5195.6000,5196.0000,5196.2000,1,2,1,1,8,2,1,4,1,2
SF,IC2009,2020-05-07 09:32:02.600,5193.0000,41431,0,328021200.000,1,0,1,多换,S,5192.0000,5191.6000,5190.8000,5190.6000,5190.4000,5193.0000,5193.8000,5195.0000,5195.6000,5196.0000,1,2,1,1,1,1,1,1,4,1
SF,IC2009,2020-05-07 09:32:03.600,5193.0000,41431,0,328021200.000,0,-,-,-,-,5192.0000,5191.6000,5190.8000,5190.6000,5190.4000,5193.0000,5193.8000,5195.0000,5195.6000,5196.0000,3,2,1,1,1,1,1,1,2,1
SF,IC2009,2020-05-07 09:32:04.100,5193.0000,41430,-1,329059800.000,1,0,1,双平,S,5192.0000,5191.6000,5190.8000,5190.6000,5190.4000,5193.8000,5195.0000,5195.6000,5196.0000,5196.2000,3,2,1,1,1,1,1,2,1,2
SF,IC2009,2020-05-07 09:32:04.600,5192.0000,41430,0,330098200.000,1,0,1,多换,S,5192.0000,5191.6000,5191.2000,5190.8000,5190.6000,5193.6000,5193.8000,5194.0000,5195.0000,5195.6000,2,2,1,1,1,2,1,2,1,2
SF,IC2009,2020-05-07 09:32:05.100,5192.0000,41430,0,330098200.000,0,-,-,-,-,5192.2000,5192.0000,5191.6000,5191.2000,5190.8000,5193.6000,5193.8000,5194.0000,5195.0000,5195.6000,1,6,2,1,1,1,1,2,1,2
SF,IC2009,2020-05-07 09:32:05.600,5192.0000,41429,-1,331136600.000,1,0,1,双平,S,5192.0000,5191.6000,5191.2000,5190.8000,5190.4000,5193.6000,5193.8000,5194.0000,5195.0000,5195.6000,6,2,1,1,1,1,1,2,1,2
SF,IC2009,2020-05-07 09:32:06.100,5192.0000,41429,0,331136600.000,0,-,-,-,-,5192.2000,5192.0000,5191.6000,5191.2000,5190.8000,5193.6000,5193.8000,5194.0000,5195.0000,5195.6000,1,6,2,1,1,1,1,2,1,2
SF,IC2009,2020-05-07 09:32:06.600,5193.8000,41427,-2,333214080.000,2,0,2,双平,S,5192.2000,5192.0000,5191.6000,5191.2000,5190.8000,5194.0000,5195.0000,5195.6000,5196.0000,5196.2000,1,6,2,1,1,2,1,2,1,2
SF,IC2009,2020-05-07 09:32:07.100,5193.8000,41426,-1,334252840.000,1,0,1,双平,S,5192.4000,5192.2000,5192.0000,5191.6000,5191.2000,5193.8000,5194.0000,5195.0000,5195.6000,5196.0000,1,1,6,2,1,1,2,1,2,1
SF,IC2009,2020-05-07 09:32:07.600,5194.0000,41424,-2,336330440.000,2,0,2,双平,S,5194.0000,5192.4000,5192.2000,5192.0000,5191.6000,5195.0000,5195.6000,5196.0000,5196.2000,5196.8000,1,1,1,6,2,1,2,1,2,4
SF,IC2009,2020-05-07 09:32:08.100,5194.0000,41423,-1,337369240.000,1,0,1,双平,S,5192.4000,5192.2000,5192.0000,5191.6000,5191.2000,5193.8000,5194.8000,5195.0000,5195.6000,5196.0000,1,1,6,2,1,1,1,1,2,1
SF,IC2009,2020-05-07 09:32:08.600,5193.8000,41422,-1,338408000.000,1,0,1,双平,S,5192.6000,5192.4000,5192.2000,5192.0000,5191.6000,5195.0000,5195.6000,5196.0000,5196.2000,5196.8000,1,1,1,6,2,1,2,1,2,4
SF,IC2009,2020-05-07 09:32:09.100,5193.8000,41422,0,338408000.000,0,-,-,-,-,5192.8000,5192.2000,5192.0000,5191.6000,5191.2000,5194.8000,5195.0000,5195.6000,5196.0000,5196.2000,1,1,6,2,1,1,1,2,1,2
SF,IC2009,2020-05-07 09:32:09.600,5193.8000,41422,0,338408000.000,0,-,-,-,-,5193.0000,5192.8000,5192.2000,5192.0000,5191.6000,5194.0000,5195.0000,5195.6000,5196.0000,5196.2000,1,1,1,6,2,2,1,2,1,2
SF,IC2009,2020-05-07 09:32:10.100,5195.0000,41419,-3,341524600.000,3,0,3,双平,S,5194.0000,5193.2000,5192.2000,5192.0000,5191.6000,5195.6000,5196.0000,5196.2000,5196.8000,5197.0000,4,1,1,6,2,2,1,2,4,2
SF,IC2009,2020-05-07 09:32:10.600,5195.0000,41419,0,341524600.000,0,-,-,-,-,5194.2000,5194.0000,5192.2000,5192.0000,5191.6000,5195.4000,5195.6000,5196.0000,5196.2000,5196.8000,2,2,1,6,2,4,2,1,2,4
SF,IC2009,2020-05-07 09:32:11.100,5194.2000,41418,-1,343602520.000,2,0,2,多平,S,5194.2000,5194.0000,5192.2000,5192.0000,5191.6000,5195.2000,5195.4000,5195.6000,5196.0000,5196.2000,1,2,2,6,2,1,1,2,1,2
SF,IC2009,2020-05-07 09:32:11.600,5195.4000,41416,-2,345680640.000,2,0,2,双平,S,5194.4000,5194.2000,5194.0000,5192.2000,5192.0000,5195.6000,5196.0000,5196.2000,5196.8000,5197.0000,1,2,2,2,6,2,1,2,4,2
SF,IC2009,2020-05-07 09:32:12.100,5195.4000,41416,0,345680640.000,0,-,-,-,-,5194.6000,5194.2000,5194.0000,5192.2000,5192.0000,5195.6000,5196.0000,5196.2000,5196.8000,5197.0000,2,1,2,2,6,2,1,2,4,2
SF,IC2009,2020-05-07 09:32:12.600,5194.8000,41417,1,346719600.000,1,1,0,双开,S,5194.8000,5194.6000,5194.2000,5194.0000,5192.2000,5195.6000,5196.0000,5196.2000,5196.8000,5197.0000,1,1,1,2,1,2,1,2,4,2
SF,IC2009,2020-05-07 09:32:13.100,5194.8000,41417,0,346719600.000,0,-,-,-,-,5194.6000,5194.2000,5194.0000,5192.2000,5192.0000,5195.6000,5196.0000,5196.2000,5196.8000,5197.0000,1,1,2,1,6,2,1,2,4,2
SF,IC2009,2020-05-07 09:32:13.600,5195.6000,41417,0,348797840.000,2,1,1,多换,S,5194.6000,5194.2000,5194.0000,5192.8000,5192.2000,5196.0000,5196.2000,5196.8000,5197.0000,5197.2000,1,1,2,1,1,1,2,4,2,2
SF,IC2009,2020-05-07 09:32:14.100,5195.6000,41417,0,348797840.000,0,-,-,-,-,5195.6000,5194.6000,5194.2000,5194.0000,5192.8000,5196.0000,5196.2000,5196.8000,5197.0000,5197.2000,2,1,1,2,1,1,2,4,2,2
SF,IC2009,2020-05-07 09:32:14.600,5195.6000,41418,1,350876080.000,2,1,1,空开,S,5194.6000,5194.2000,5194.0000,5192.0000,5191.6000,5196.0000,5196.2000,5196.8000,5197.0000,5197.2000,1,1,2,6,2,1,2,4,2,2
SF,IC2009,2020-05-07 09:32:15.100,5195.6000,41418,0,350876080.000,0,-,-,-,-,5194.8000,5194.6000,5194.2000,5194.0000,5193.2000,5196.0000,5196.2000,5196.8000,5197.0000,5197.2000,1,1,1,2,1,1,2,4,2,2
SF,IC2009,2020-05-07 09:32:15.600,5196.0000,41419,1,351915280.000,1,1,0,双开,S,5194.8000,5194.6000,5194.2000,5194.0000,5193.2000,5195.4000,5196.2000,5196.8000,5197.0000,5197.2000,1,1,1,2,1,1,2,4,2,2
SF,IC2009,2020-05-07 09:32:16.100,5195.4000,41418,-1,352954360.000,1,0,1,双平,S,5195.4000,5194.8000,5194.6000,5194.2000,5194.0000,5196.2000,5196.8000,5197.0000,5197.2000,5197.4000,1,1,1,1,2,2,4,2,2,2
SF,IC2009,2020-05-07 09:32:16.600,5195.4000,41418,0,352954360.000,0,-,-,-,-,5194.8000,5194.6000,5194.2000,5194.0000,5193.2000,5196.2000,5196.8000,5197.0000,5197.2000,5197.4000,1,1,1,2,1,2,4,2,2,2
SF,IC2009,2020-05-07 09:32:17.100,5195.0000,41417,-1,353993360.000,1,0,1,双平,S,5194.8000,5194.2000,5194.0000,5193.2000,5192.0000,5196.0000,5196.2000,5196.8000,5197.0000,5197.2000,1,1,2,1,2,1,2,4,2,2
SF,IC2009,2020-05-07 09:32:17.600,5195.0000,41417,0,353993360.000,0,-,-,-,-,5195.0000,5194.8000,5194.2000,5194.0000,5193.2000,5196.0000,5196.2000,5196.8000,5197.0000,5197.2000,1,1,1,1,1,1,2,4,2,2
SF,IC2009,2020-05-07 09:32:18.100,5195.0000,41417,0,353993360.000,0,-,-,-,-,5195.0000,5194.8000,5194.2000,5194.0000,5193.2000,5196.0000,5196.2000,5196.8000,5197.0000,5197.2000,1,1,1,1,1,3,2,4,2,2
SF,IC2009,2020-05-07 09:32:18.600,5195.0000,41417,0,353993360.000,0,-,-,-,-,5195.2000,5195.0000,5194.8000,5194.2000,5194.0000,5196.0000,5196.2000,5196.8000,5197.0000,5197.2000,1,1,1,1,1,3,2,4,2,2
SF,IC2009,2020-05-07 09:32:19.100,5196.2000,41416,-1,358150200.000,4,1,3,多平,S,5195.4000,5195.2000,5194.8000,5194.2000,5194.0000,5196.2000,5196.8000,5197.0000,5197.2000,5197.4000,1,1,1,1,1,1,4,2,2,2
SF,IC2009,2020-05-07 09:32:19.600,5196.2000,41416,0,358150200.000,0,-,-,-,-,5195.4000,5194.8000,5194.2000,5194.0000,5193.2000,5196.2000,5196.8000,5197.0000,5197.2000,5197.4000,1,1,1,1,1,1,4,2,2,2
SF,IC2009,2020-05-07 09:32:20.100,5195.6000,41415,-1,359189320.000,1,0,1,双平,S,5195.4000,5194.8000,5194.2000,5194.0000,5193.2000,5196.2000,5196.8000,5197.0000,5197.2000,5197.4000,1,1,1,1,1,1,4,2,2,2
SF,IC2009,2020-05-07 09:32:20.600,5196.2000,41415,0,360228560.000,1,0,1,多换,S,5195.6000,5195.4000,5194.8000,5194.2000,5194.0000,5196.0000,5196.2000,5196.8000,5197.0000,5197.2000,1,1,1,1,1,1,2,4,2,2
SF,IC2009,2020-05-07 09:32:21.100,5196.2000,41414,-1,362307000.000,2,0,2,多平,S,5195.4000,5194.8000,5194.2000,5194.0000,5192.0000,5196.2000,5196.8000,5197.0000,5197.2000,5197.4000,1,1,1,1,2,1,4,2,2,2
SF,IC2009,2020-05-07 09:32:21.600,5196.2000,41414,0,363346240.000,1,0,1,多换,S,5195.6000,5195.4000,5195.2000,5194.8000,5194.2000,5196.8000,5197.0000,5197.2000,5197.4000,5197.8000,1,1,1,1,1,4,2,2,2,5
SF,IC2009,2020-05-07 09:32:22.100,5195.6000,41412,-2,365424440.000,2,0,2,双平,S,5196.0000,5195.2000,5194.8000,5194.2000,5194.0000,5196.8000,5197.0000,5197.2000,5197.4000,5197.8000,1,1,1,1,1,4,2,2,2,5
SF,IC2009,2020-05-07 09:32:22.600,5196.0000,41411,-1,367502840.000,2,0,2,多平,S,5196.0000,5195.2000,5194.8000,5194.2000,5194.0000,5196.8000,5197.0000,5197.2000,5197.4000,5197.8000,1,1,1,1,1,4,2,2,2,5
SF,IC2009,2020-05-07 09:32:23.100,5196.0000,41411,0,368542040.000,1,0,1,多换,S,5194.8000,5194.2000,5194.0000,5192.0000,5191.6000,5196.8000,5197.0000,5197.2000,5197.4000,5197.8000,1,1,1,2,2,4,2,2,2,5
SF,IC2009,2020-05-07 09:32:23.600,5196.0000,41411,0,368542040.000,0,-,-,-,-,5195.2000,5195.0000,5194.8000,5194.2000,5194.0000,5196.6000,5196.8000,5197.0000,5197.2000,5197.4000,1,2,1,1,1,1,4,2,2,2
SF,IC2009,2020-05-07 09:32:24.100,5196.0000,41411,0,368542040.000,0,-,-,-,-,5195.4000,5195.2000,5194.8000,5194.2000,5194.0000,5196.6000,5196.8000,5197.0000,5197.2000,5197.4000,2,1,1,1,1,2,4,2,2,2
SF,IC2009,2020-05-07 09:32:25.100,5196.0000,41411,0,368542040.000,0,-,-,-,-,5195.4000,5194.8000,5194.2000,5194.0000,5192.0000,5196.6000,5196.8000,5197.0000,5197.2000,5197.4000,1,1,1,1,2,2,4,2,2,2
SF,IC2009,2020-05-07 09:32:25.600,5196.0000,41411,0,368542040.000,0,-,-,-,-,5194.8000,5194.2000,5194.0000,5192.0000,5191.6000,5196.4000,5196.6000,5196.8000,5197.0000,5197.2000,1,1,1,2,2,2,2,4,2,2
SF,IC2009,2020-05-07 09:32:26.100,5196.0000,41411,0,368542040.000,0,-,-,-,-,5195.0000,5194.8000,5194.2000,5194.0000,5192.0000,5196.2000,5196.4000,5196.6000,5196.8000,5197.0000,1,2,1,1,2,2,1,2,4,2
SF,IC2009,2020-05-07 09:32:27.100,5196.0000,41411,0,368542040.000,0,-,-,-,-,5195.0000,5194.8000,5194.2000,5194.0000,5192.0000,5196.2000,5196.4000,5196.6000,5196.8000,5197.0000,1,2,1,1,2,2,1,2,4,3
SF,IC2009,2020-05-07 09:32:27.600,5194.8000,41410,-1,370619960.000,2,0,2,多平,S,5195.2000,5194.2000,5194.0000,5192.0000,5191.6000,5195.4000,5196.0000,5196.2000,5196.6000,5196.8000,1,1,1,2,2,1,3,2,2,4
SF,IC2009,2020-05-07 09:32:28.100,5195.2000,41408,-2,372698040.000,2,0,2,双平,S,5194.2000,5194.0000,5192.0000,5191.6000,5191.2000,5195.4000,5196.0000,5196.2000,5196.6000,5196.8000,1,1,2,2,1,1,1,2,2,4
SF,IC2009,2020-05-07 09:32:28.600,5194.2000,41407,-1,374775760.000,2,0,2,多平,S,5194.0000,5192.8000,5192.0000,5191.6000,5191.2000,5195.2000,5195.4000,5196.2000,5196.6000,5196.8000,1,1,2,2,1,2,1,2,2,4
SF,IC2009,2020-05-07 09:32:29.100,5195.0000,41407,0,377892560.000,3,1,2,多换,S,5192.8000,5192.0000,5191.6000,5191.2000,5191.0000,5195.0000,5195.2000,5195.4000,5196.2000,5196.6000,1,2,3,1,5,2,3,1,2,2
SF,IC2009,2020-05-07 09:32:29.600,5195.0000,41407,0,377892560.000,0,-,-,-,-,5193.0000,5192.8000,5192.0000,5191.6000,5191.2000,5194.8000,5195.0000,5195.2000,5195.4000,5196.2000,1,1,2,3,1,1,2,2,1,2
SF,IC2009,2020-05-07 09:32:30.100,5195.0000,41407,0,377892560.000,0,-,-,-,-,5192.8000,5192.0000,5191.6000,5191.2000,5190.4000,5194.6000,5194.8000,5195.0000,5195.2000,5195.4000,1,2,3,1,1,1,1,2,2,1
SF,IC2009,2020-05-07 09:32:30.600,5195.0000,41407,0,377892560.000,0,-,-,-,-,5193.0000,5192.8000,5192.0000,5191.6000,5191.2000,5194.4000,5194.6000,5195.0000,5195.2000,5195.4000,2,1,2,3,1,1,1,2,2,1
SF,IC2009,2020-05-07 09:32:31.100,5195.0000,41407,0,377892560.000,0,-,-,-,-,5193.0000,5192.8000,5192.0000,5191.6000,5191.2000,5194.4000,5194.6000,5195.2000,5195.4000,5196.2000,2,1,2,3,1,1,1,2,1,2
SF,IC2009,2020-05-07 09:32:31.600,5193.0000,41406,-1,378931160.000,1,0,1,双平,S,5193.0000,5192.8000,5192.0000,5191.6000,5191.2000,5194.0000,5194.4000,5194.6000,5195.2000,5195.4000,1,1,2,3,1,1,1,1,2,1
SF,IC2009,2020-05-07 09:32:33.600,5193.0000,41406,0,378931160.000,0,-,-,-,-,5193.8000,5193.0000,5192.8000,5192.0000,5191.6000,5194.0000,5194.4000,5194.6000,5195.2000,5195.4000,2,1,1,2,3,1,1,1,2,1
SF,IC2009,2020-05-07 09:32:34.100,5192.8000,41403,-3,383085840.000,4,0,4,多平,S,5192.0000,5191.6000,5191.2000,5190.4000,5190.0000,5193.4000,5193.8000,5194.6000,5195.2000,5195.4000,2,3,1,1,1,2,1,1,2,1
SF,IC2009,2020-05-07 09:32:34.600,5193.8000,41402,-1,384124600.000,1,0,1,双平,S,5194.2000,5192.6000,5192.2000,5192.0000,5191.6000,5194.6000,5195.2000,5195.4000,5196.2000,5196.6000,5,1,1,3,3,1,2,1,2,2
SF,IC2009,2020-05-07 09:32:35.100,5194.2000,41397,-5,389318800.000,5,0,5,双平,S,5192.0000,5191.6000,5191.2000,5190.4000,5190.0000,5194.2000,5194.6000,5195.2000,5195.4000,5196.2000,2,2,1,1,1,4,1,2,1,2
SF,IC2009,2020-05-07 09:32:35.600,5193.4000,41397,0,391396320.000,2,1,1,多换,S,5192.0000,5191.6000,5191.2000,5190.4000,5190.0000,5194.2000,5194.6000,5195.0000,5195.2000,5195.4000,2,2,1,1,1,2,1,2,2,1
SF,IC2009,2020-05-07 09:32:36.100,5193.4000,41397,0,391396320.000,0,-,-,-,-,5192.8000,5192.2000,5192.0000,5191.6000,5191.2000,5194.2000,5194.6000,5195.0000,5195.2000,5195.4000,1,1,2,2,1,2,1,2,2,1
SF,IC2009,2020-05-07 09:32:36.600,5193.0000,41396,-1,393473760.000,2,0,2,多平,S,5193.0000,5192.8000,5192.0000,5191.6000,5191.2000,5194.6000,5195.0000,5195.2000,5195.4000,5196.2000,1,1,2,2,1,1,2,2,1,2
SF,IC2009,2020-05-07 09:32:37.100,5193.0000,41396,0,393473760.000,0,-,-,-,-,5192.8000,5192.0000,5191.6000,5191.2000,5190.4000,5194.4000,5194.6000,5195.0000,5195.2000,5195.4000,1,2,2,1,1,4,1,2,2,1
SF,IC2009,2020-05-07 09:32:37.600,5193.0000,41396,0,393473760.000,0,-,-,-,-,5192.8000,5192.0000,5191.6000,5191.2000,5190.4000,5194.2000,5194.4000,5194.6000,5195.0000,5195.2000,1,2,2,1,1,3,1,1,2,2
SF,IC2009,2020-05-07 09:32:38.100,5193.0000,41396,0,393473760.000,0,-,-,-,-,5192.8000,5192.0000,5191.6000,5191.2000,5190.4000,5194.0000,5194.2000,5194.6000,5195.0000,5195.2000,1,2,2,1,1,2,2,1,2,2
SF,IC2009,2020-05-07 09:32:38.600,5193.8000,41396,0,394512520.000,1,0,1,多换,S,5192.8000,5192.6000,5192.0000,5191.6000,5191.2000,5193.8000,5194.0000,5194.6000,5195.0000,5195.2000,1,1,2,2,1,2,1,1,2,2
SF,IC2009,2020-05-07 09:32:39.100,5192.6000,41396,0,396589600.000,2,1,1,多换,S,5192.0000,5191.6000,5191.2000,5190.4000,5190.0000,5192.6000,5193.6000,5193.8000,5194.6000,5195.0000,2,2,1,1,1,1,2,4,1,2
SF,IC2009,2020-05-07 09:32:39.600,5192.6000,41396,0,396589600.000,0,-,-,-,-,5192.6000,5192.2000,5192.0000,5191.6000,5191.2000,5193.8000,5194.2000,5194.6000,5195.0000,5195.2000,1,1,2,2,1,2,1,1,1,2
SF,IC2009,2020-05-07 09:32:40.100,5192.6000,41396,0,396589600.000,0,-,-,-,-,5192.8000,5192.6000,5192.0000,5191.6000,5191.2000,5193.6000,5193.8000,5194.2000,5194.6000,5195.0000,1,1,2,2,1,1,2,1,1,1
SF,IC2009,2020-05-07 09:32:40.600,5192.6000,41396,0,396589600.000,0,-,-,-,-,5192.8000,5192.6000,5192.0000,5191.6000,5191.2000,5193.8000,5194.2000,5194.6000,5195.0000,5195.2000,1,1,2,2,1,2,1,1,1,2
SF,IC2009,2020-05-07 09:32:41.100,5192.6000,41394,-2,398666640.000,2,0,2,双平,S,5192.0000,5191.6000,5191.2000,5190.4000,5190.0000,5193.8000,5194.2000,5194.6000,5195.0000,5195.2000,2,2,1,1,1,2,1,1,1,2
SF,IC2009,2020-05-07 09:32:41.600,5192.6000,41394,0,398666640.000,0,-,-,-,-,5192.2000,5192.0000,5191.6000,5191.2000,5190.4000,5193.8000,5194.2000,5194.6000,5195.0000,5195.2000,1,2,2,1,1,2,1,1,1,2
SF,IC2009,2020-05-07 09:32:42.100,5192.6000,41394,0,398666640.000,0,-,-,-,-,5192.0000,5191.6000,5191.2000,5190.4000,5190.0000,5192.8000,5193.6000,5193.8000,5194.2000,5194.6000,2,2,1,1,1,1,2,2,1,1
SF,IC2009,2020-05-07 09:32:42.600,5192.8000,41394,0,399705200.000,1,0,1,多换,S,5192.0000,5191.6000,5191.2000,5190.4000,5190.0000,5193.6000,5193.8000,5194.2000,5194.6000,5195.0000,3,2,1,1,1,1,2,1,1,1
SF,IC2009,2020-05-07 09:32:43.100,5193.4000,41394,0,400743880.000,1,0,1,多换,S,5192.0000,5191.6000,5191.2000,5190.4000,5190.0000,5193.6000,5193.8000,5194.2000,5194.6000,5195.0000,3,2,1,1,1,1,2,1,1,1
SF,IC2009,2020-05-07 09:32:43.600,5193.4000,41394,0,400743880.000,0,-,-,-,-,5192.2000,5192.0000,5191.6000,5191.2000,5190.4000,5193.6000,5193.8000,5194.2000,5194.6000,5195.0000,1,3,2,1,1,1,1,1,1,1
SF,IC2009,2020-05-07 09:32:44.100,5193.6000,41393,-1,401782600.000,1,0,1,双平,S,5192.0000,5191.6000,5191.2000,5190.4000,5190.0000,5193.8000,5194.2000,5194.6000,5195.0000,5195.2000,3,2,1,1,1,1,1,1,1,2
SF,IC2009,2020-05-07 09:32:44.600,5193.8000,41392,-1,402821360.000,1,0,1,双平,S,5192.8000,5192.2000,5192.0000,5191.6000,5191.2000,5194.0000,5194.2000,5194.6000,5195.0000,5195.2000,1,2,3,2,1,1,1,1,1,2
SF,IC2009,2020-05-07 09:32:45.100,5193.8000,41392,0,402821360.000,0,-,-,-,-,5192.8000,5192.2000,5192.0000,5191.6000,5191.2000,5194.0000,5194.2000,5194.6000,5195.0000,5195.2000,1,1,3,2,1,1,1,1,1,2
SF,IC2009,2020-05-07 09:32:45.600,5193.8000,41392,0,402821360.000,0,-,-,-,-,5192.8000,5192.2000,5192.0000,5191.6000,5191.2000,5193.6000,5193.8000,5194.0000,5194.2000,5194.6000,1,1,3,2,1,1,2,1,1,1
SF,IC2009,2020-05-07 09:32:46.100,5193.8000,41392,0,402821360.000,0,-,-,-,-,5192.8000,5192.2000,5192.0000,5191.6000,5191.2000,5193.6000,5193.8000,5194.0000,5194.2000,5194.6000,1,1,3,2,1,1,2,6,1,1
SF,IC2009,2020-05-07 09:32:46.600,5193.8000,41392,0,402821360.000,0,-,-,-,-,5192.8000,5192.2000,5192.0000,5191.6000,5191.2000,5193.6000,5193.8000,5194.0000,5194.2000,5194.6000,1,2,3,2,1,1,2,6,1,1
SF,IC2009,2020-05-07 09:32:47.100,5192.8000,41392,0,403859920.000,1,0,1,多换,S,5192.2000,5192.0000,5191.6000,5191.2000,5190.4000,5193.2000,5193.4000,5193.6000,5194.0000,5194.2000,1,3,2,1,1,1,1,1,6,1
SF,IC2009,2020-05-07 09:32:47.600,5192.8000,41392,0,403859920.000,0,-,-,-,-,5192.2000,5192.0000,5191.6000,5191.2000,5190.4000,5193.0000,5193.2000,5193.6000,5194.0000,5194.2000,1,3,2,1,1,1,1,1,6,1
SF,IC2009,2020-05-07 09:32:48.100,5192.8000,41392,0,403859920.000,0,-,-,-,-,5192.2000,5192.0000,5191.6000,5191.2000,5190.4000,5192.8000,5193.0000,5193.2000,5193.6000,5194.0000,1,3,2,1,1,1,1,1,1,6
SF,IC2009,2020-05-07 09:32:48.600,5192.8000,41392,0,403859920.000,0,-,-,-,-,5192.2000,5192.0000,5191.6000,5191.2000,5190.4000,5192.8000,5193.6000,5194.0000,5194.2000,5195.0000,1,3,2,1,1,1,1,6,1,1
SF,IC2009,2020-05-07 09:32:49.100,5192.8000,41392,0,403859920.000,0,-,-,-,-,5192.2000,5192.0000,5191.6000,5191.2000,5190.4000,5192.8000,5193.6000,5194.0000,5194.2000,5195.0000,1,3,2,1,1,1,1,6,1,1
SF,IC2009,2020-05-07 09:32:49.600,5192.8000,41391,-1,404898480.000,1,0,1,双平,S,5192.2000,5192.0000,5191.6000,5191.2000,5190.4000,5193.6000,5194.0000,5194.2000,5195.0000,5195.2000,1,3,2,1,1,1,6,1,1,2
SF,IC2009,2020-05-07 09:32:50.100,5192.8000,41391,0,404898480.000,0,-,-,-,-,5192.4000,5192.2000,5192.0000,5191.6000,5191.2000,5193.6000,5194.0000,5194.2000,5195.0000,5195.2000,1,1,3,2,1,1,6,1,1,2
SF,IC2009,2020-05-07 09:32:50.600,5192.8000,41391,0,404898480.000,0,-,-,-,-,5193.0000,5192.4000,5192.2000,5192.0000,5191.6000,5193.6000,5194.0000,5194.2000,5195.0000,5195.2000,1,1,1,3,2,1,6,1,1,2
SF,IC2009,2020-05-07 09:32:51.100,5193.0000,41391,0,405937080.000,1,0,1,多换,S,5192.2000,5192.0000,5191.6000,5191.2000,5190.4000,5193.0000,5193.4000,5193.6000,5194.0000,5194.2000,1,3,2,1,1,1,1,1,6,1
SF,IC2009,2020-05-07 09:32:51.600,5192.2000,41391,0,406975520.000,1,0,1,多换,S,5192.0000,5191.6000,5191.2000,5190.4000,5190.0000,5192.2000,5193.0000,5193.4000,5193.6000,5194.0000,3,2,1,1,1,1,1,1,1,6
SF,IC2009,2020-05-07 09:32:52.100,5192.2000,41391,0,406975520.000,0,-,-,-,-,5192.0000,5191.6000,5191.2000,5190.4000,5190.0000,5192.2000,5193.0000,5193.4000,5193.6000,5194.0000,3,2,1,1,1,1,1,1,1,6
SF,IC2009,2020-05-07 09:32:52.600,5192.2000,41390,-1,408013960.000,1,0,1,双平,S,5192.0000,5191.6000,5191.2000,5190.4000,5190.0000,5193.0000,5193.4000,5193.6000,5194.0000,5194.2000,3,2,1,1,1,1,1,1,6,2
SF,IC2009,2020-05-07 09:32:53.100,5192.2000,41390,0,408013960.000,0,-,-,-,-,5192.0000,5191.6000,5191.2000,5190.4000,5190.0000,5193.0000,5193.6000,5194.0000,5194.2000,5195.0000,4,2,1,1,1,1,2,6,2,1
SF,IC2009,2020-05-07 09:32:53.600,5192.2000,41390,0,408013960.000,0,-,-,-,-,5193.0000,5192.0000,5191.6000,5191.2000,5190.4000,5193.6000,5194.0000,5194.2000,5195.0000,5195.2000,1,4,2,1,1,2,6,2,2,2
SF,IC2009,2020-05-07 09:32:54.100,5192.2000,41390,0,408013960.000,0,-,-,-,-,5192.8000,5192.0000,5191.6000,5191.2000,5190.4000,5193.2000,5193.6000,5194.0000,5194.2000,5195.0000,1,4,2,1,1,1,1,6,2,2
SF,IC2009,2020-05-07 09:32:54.600,5193.2000,41389,-1,409052600.000,1,0,1,双平,S,5192.8000,5192.0000,5191.6000,5191.2000,5190.4000,5193.6000,5194.0000,5194.2000,5195.0000,5195.2000,1,4,2,1,1,1,6,2,2,2
SF,IC2009,2020-05-07 09:32:55.100,5193.2000,41389,0,409052600.000,0,-,-,-,-,5193.0000,5192.8000,5192.0000,5191.6000,5191.2000,5193.6000,5194.0000,5194.2000,5195.0000,5195.2000,2,1,4,2,1,1,6,2,2,2
SF,IC2009,2020-05-07 09:32:55.600,5193.2000,41389,0,409052600.000,0,-,-,-,-,5193.2000,5192.0000,5191.6000,5191.2000,5190.4000,5193.6000,5194.0000,5194.2000,5195.0000,5195.2000,1,4,2,1,1,1,6,2,2,2
SF,IC2009,2020-05-07 09:32:56.100,5193.2000,41388,-1,410091240.000,1,0,1,双平,S,5192.0000,5191.6000,5191.2000,5190.4000,5190.0000,5193.4000,5193.6000,5194.0000,5194.2000,5195.0000,4,2,1,1,1,1,1,6,2,2
SF,IC2009,2020-05-07 09:32:56.600,5193.2000,41388,0,410091240.000,0,-,-,-,-,5192.2000,5192.0000,5191.6000,5191.2000,5190.4000,5193.4000,5193.6000,5194.0000,5194.2000,5195.0000,2,4,2,1,1,1,1,6,2,2
SF,IC2009,2020-05-07 09:32:57.100,5193.2000,41388,0,410091240.000,0,-,-,-,-,5192.4000,5192.2000,5192.0000,5191.6000,5191.2000,5193.4000,5193.6000,5194.0000,5194.2000,5195.0000,2,1,4,2,1,1,1,6,2,2
SF,IC2009,2020-05-07 09:32:57.600,5193.2000,41388,0,410091240.000,0,-,-,-,-,5192.0000,5191.6000,5191.2000,5190.4000,5190.0000,5193.4000,5193.6000,5194.0000,5194.2000,5195.0000,4,2,1,1,1,1,1,6,2,2
SF,IC2009,2020-05-07 09:32:58.100,5193.2000,41388,0,410091240.000,0,-,-,-,-,5192.0000,5191.6000,5191.2000,5190.4000,5190.0000,5193.2000,5193.4000,5193.6000,5194.0000,5194.2000,4,2,1,1,1,1,1,1,6,2
SF,IC2009,2020-05-07 09:32:58.600,5193.2000,41388,0,410091240.000,0,-,-,-,-,5192.2000,5192.0000,5191.6000,5191.2000,5190.4000,5193.0000,5193.2000,5193.4000,5193.6000,5194.0000,2,4,2,1,1,1,1,1,1,6
SF,IC2009,2020-05-07 09:32:59.100,5193.2000,41387,-1,411129880.000,1,0,1,双平,S,5192.2000,5192.0000,5191.6000,5191.2000,5190.4000,5193.4000,5193.6000,5194.0000,5194.2000,5195.0000,2,4,2,1,1,1,1,6,2,2
SF,IC2009,2020-05-07 09:32:59.600,5193.6000,41385,-2,413207280.000,2,0,2,双平,S,5193.6000,5193.4000,5192.4000,5192.2000,5192.0000,5194.0000,5194.2000,5195.0000,5195.2000,5195.4000,1,1,3,2,4,6,2,2,2,1
SF,IC2009,2020-05-07 09:33:00.100,5194.0000,41383,-2,416323680.000,3,0,3,多平,S,5193.6000,5192.4000,5192.2000,5192.0000,5191.6000,5194.0000,5194.2000,5195.0000,5195.2000,5195.4000,1,1,3,4,2,3,2,2,2,1
SF,IC2009,2020-05-07 09:33:00.600,5194.2000,41380,-3,420478920.000,4,0,4,多平,S,5194.0000,5193.6000,5192.6000,5192.4000,5192.2000,5194.2000,5195.0000,5195.2000,5195.4000,5196.0000,1,1,4,1,3,1,2,2,1,1
SF,IC2009,2020-05-07 09:33:01.100,5194.2000,41378,-2,422556600.000,2,0,2,双平,S,5194.0000,5193.6000,5192.6000,5192.4000,5192.2000,5195.0000,5195.2000,5195.4000,5196.0000,5196.4000,1,1,4,1,3,2,2,1,1,1
SF,IC2009,2020-05-07 09:33:01.600,5194.2000,41377,-1,423595440.000,1,0,1,双平,S,5194.0000,5193.6000,5192.6000,5192.4000,5192.2000,5194.8000,5195.0000,5195.2000,5195.4000,5196.0000,1,1,4,1,3,1,2,2,1,1
SF,IC2009,2020-05-07 09:33:02.100,5194.2000,41377,0,423595440.000,0,-,-,-,-,5194.2000,5194.0000,5193.6000,5192.6000,5192.2000,5195.0000,5195.2000,5195.4000,5196.0000,5196.4000,2,1,1,4,3,1,2,1,1,1
SF,IC2009,2020-05-07 09:33:02.600,5195.4000,41376,-1,427751600.000,4,1,3,多平,S,5194.2000,5194.0000,5193.6000,5192.6000,5192.2000,5196.0000,5196.4000,5196.6000,5196.8000,5197.0000,2,2,1,4,3,1,1,2,5,3
SF,IC2009,2020-05-07 09:33:03.100,5195.4000,41376,0,427751600.000,0,-,-,-,-,5194.4000,5194.2000,5194.0000,5193.6000,5192.6000,5195.8000,5196.0000,5196.4000,5196.6000,5196.8000,1,1,2,1,4,1,1,1,2,5
SF,IC2009,2020-05-07 09:33:03.600,5195.4000,41376,0,427751600.000,0,-,-,-,-,5194.6000,5194.2000,5194.0000,5193.6000,5192.6000,5195.8000,5196.0000,5196.4000,5196.6000,5196.8000,1,1,2,1,4,1,1,1,2,5
SF,IC2009,2020-05-07 09:33:04.100,5195.4000,41376,0,427751600.000,0,-,-,-,-,5194.8000,5194.0000,5193.6000,5192.6000,5192.2000,5195.6000,5195.8000,5196.0000,5196.4000,5196.6000,1,2,1,4,2,1,1,1,1,2
SF,IC2009,2020-05-07 09:33:04.600,5195.4000,41376,0,428790680.000,1,0,1,多换,S,5194.0000,5193.6000,5192.6000,5192.2000,5192.0000,5196.0000,5196.4000,5196.6000,5196.8000,5197.0000,2,1,4,2,4,1,1,2,5,3
SF,IC2009,2020-05-07 09:33:05.100,5195.4000,41376,0,428790680.000,0,-,-,-,-,5194.2000,5194.0000,5193.6000,5192.6000,5192.4000,5195.8000,5196.0000,5196.4000,5196.6000,5196.8000,2,2,1,4,1,1,1,1,2,5
SF,IC2009,2020-05-07 09:33:06.100,5195.4000,41376,0,428790680.000,0,-,-,-,-,5194.4000,5194.2000,5194.0000,5193.6000,5192.6000,5195.8000,5196.0000,5196.4000,5196.6000,5196.8000,1,2,2,1,4,1,1,1,2,5
SF,IC2009,2020-05-07 09:33:06.600,5195.8000,41375,-1,429829840.000,1,0,1,双平,S,5194.6000,5194.4000,5194.0000,5193.6000,5192.6000,5196.0000,5196.4000,5196.6000,5196.8000,5197.0000,1,1,2,1,4,1,1,2,5,3
SF,IC2009,2020-05-07 09:33:08.100,5195.8000,41375,0,429829840.000,0,-,-,-,-,5194.6000,5194.4000,5194.0000,5193.6000,5192.6000,5195.8000,5196.0000,5196.4000,5196.6000,5196.8000,1,1,2,1,4,1,1,1,2,5
SF,IC2009,2020-05-07 09:33:08.600,5194.8000,41375,0,431907760.000,2,1,1,多换,S,5194.6000,5194.0000,5193.6000,5192.6000,5192.4000,5196.0000,5196.4000,5196.6000,5196.8000,5197.0000,1,2,1,4,1,1,1,2,5,3
SF,IC2009,2020-05-07 09:33:09.100,5194.8000,41375,0,431907760.000,0,-,-,-,-,5195.2000,5194.6000,5194.0000,5193.6000,5192.6000,5195.6000,5195.8000,5196.0000,5196.4000,5196.6000,2,1,2,1,4,1,3,1,1,2
SF,IC2009,2020-05-07 09:33:09.600,5195.2000,41375,0,433985840.000,2,1,1,多换,S,5194.6000,5194.0000,5193.6000,5192.6000,5192.4000,5195.8000,5196.0000,5196.4000,5196.6000,5196.8000,1,2,1,4,1,1,1,1,2,5
SF,IC2009,2020-05-07 09:33:10.100,5195.2000,41375,0,433985840.000,0,-,-,-,-,5194.6000,5194.0000,5193.6000,5192.6000,5192.4000,5195.8000,5196.0000,5196.4000,5196.6000,5196.8000,1,2,1,4,1,1,1,1,2,5
SF,IC2009,2020-05-07 09:33:10.600,5196.0000,41373,-2,437103320.000,3,0,3,多平,S,5196.2000,5194.6000,5194.0000,5193.6000,5192.6000,5196.4000,5196.6000,5196.8000,5197.0000,5197.2000,5,1,2,1,4,1,2,5,3,2
SF,IC2009,2020-05-07 09:33:11.100,5196.2000,41368,-5,442299520.000,5,0,5,双平,S,5194.6000,5194.0000,5192.6000,5192.4000,5192.0000,5195.8000,5196.2000,5196.4000,5196.6000,5196.8000,1,2,4,1,4,2,2,1,2,5
SF,IC2009,2020-05-07 09:33:11.600,5196.2000,41368,0,442299520.000,0,-,-,-,-,5194.8000,5194.6000,5194.0000,5192.6000,5192.4000,5196.2000,5196.4000,5196.6000,5196.8000,5197.0000,1,1,2,4,1,2,1,2,5,3
SF,IC2009,2020-05-07 09:33:12.100,5196.2000,41368,0,442299520.000,0,-,-,-,-,5194.6000,5194.0000,5192.6000,5192.4000,5192.0000,5195.8000,5196.0000,5196.2000,5196.4000,5196.6000,1,2,4,1,4,1,2,2,1,2
SF,IC2009,2020-05-07 09:33:12.600,5196.2000,41368,0,442299520.000,0,-,-,-,-,5194.6000,5194.0000,5192.6000,5192.4000,5192.0000,5196.0000,5196.2000,5196.4000,5196.6000,5196.8000,1,2,4,1,4,1,2,1,2,5
SF,IC2009,2020-05-07 09:33:13.100,5196.2000,41368,0,442299520.000,0,-,-,-,-,5194.0000,5192.6000,5192.4000,5192.0000,5191.6000,5194.6000,5196.0000,5196.2000,5196.4000,5196.6000,2,4,1,4,2,1,1,1,1,2
SF,IC2009,2020-05-07 09:33:13.600,5194.6000,41368,0,443338440.000,1,0,1,多换,S,5195.8000,5194.6000,5194.2000,5194.0000,5192.6000,5196.2000,5196.4000,5196.6000,5196.8000,5197.0000,1,2,2,2,4,1,1,2,5,3
SF,IC2009,2020-05-07 09:33:14.100,5195.8000,41368,0,444377600.000,1,0,1,多换,S,5194.2000,5194.0000,5192.6000,5192.4000,5192.0000,5195.8000,5196.0000,5196.4000,5196.6000,5196.8000,1,2,4,1,4,1,3,1,2,5
SF,IC2009,2020-05-07 09:33:14.600,5195.8000,41368,0,444377600.000,0,-,-,-,-,5194.4000,5194.2000,5194.0000,5192.6000,5192.4000,5195.8000,5196.0000,5196.4000,5196.6000,5196.8000,2,1,2,4,1,1,3,1,2,5
SF,IC2009,2020-05-07 09:33:15.100,5195.8000,41368,0,445416760.000,1,0,1,多换,S,5194.6000,5194.4000,5194.2000,5194.0000,5192.6000,5196.0000,5196.4000,5196.6000,5196.8000,5197.0000,1,2,1,2,4,3,1,2,5,3
SF,IC2009,2020-05-07 09:33:15.600,5195.8000,41368,0,445416760.000,0,-,-,-,-,5194.8000,5194.6000,5194.2000,5194.0000,5192.6000,5196.0000,5196.4000,5196.6000,5196.8000,5197.0000,1,1,1,2,4,2,1,2,5,3
SF,IC2009,2020-05-07 09:33:16.100,5195.8000,41367,-1,446455920.000,1,0,1,双平,S,5194.8000,5194.6000,5194.2000,5194.0000,5192.6000,5195.8000,5196.0000,5196.4000,5196.6000,5196.8000,2,1,1,2,4,1,2,1,2,5
SF,IC2009,2020-05-07 09:33:17.600,5195.8000,41366,-1,447495080.000,1,0,1,双平,S,5194.8000,5194.2000,5194.0000,5192.6000,5192.4000,5196.0000,5196.4000,5196.6000,5196.8000,5197.0000,2,1,2,4,1,2,1,2,5,4
SF,IC2009,2020-05-07 09:33:18.100,5195.8000,41366,0,447495080.000,0,-,-,-,-,5195.0000,5194.8000,5194.2000,5194.0000,5192.6000,5196.0000,5196.4000,5196.6000,5196.8000,5197.0000,1,2,1,2,4,2,1,2,5,4
SF,IC2009,2020-05-07 09:33:18.600,5195.8000,41366,0,447495080.000,0,-,-,-,-,5195.2000,5195.0000,5194.8000,5194.2000,5194.0000,5196.0000,5196.4000,5196.6000,5196.8000,5197.0000,1,1,1,1,2,2,1,2,5,4
SF,IC2009,2020-05-07 09:33:19.100,5195.8000,41366,0,447495080.000,0,-,-,-,-,5195.2000,5194.8000,5194.2000,5194.0000,5192.6000,5196.0000,5196.4000,5196.6000,5196.8000,5197.0000,1,1,1,2,4,2,1,2,5,4
SF,IC2009,2020-05-07 09:33:19.600,5195.8000,41366,0,447495080.000,0,-,-,-,-,5194.8000,5194.2000,5194.0000,5192.6000,5192.4000,5196.0000,5196.4000,5196.6000,5196.8000,5197.0000,1,1,2,4,1,2,1,2,5,4
SF,IC2009,2020-05-07 09:33:20.100,5195.8000,41366,0,447495080.000,0,-,-,-,-,5195.0000,5194.8000,5194.2000,5194.0000,5192.6000,5196.0000,5196.4000,5196.6000,5196.8000,5197.0000,3,1,1,2,4,2,1,2,5,4
SF,IC2009,2020-05-07 09:33:22.100,5195.8000,41366,0,447495080.000,0,-,-,-,-,5195.0000,5194.8000,5194.2000,5194.0000,5192.6000,5196.0000,5196.4000,5196.6000,5196.8000,5197.0000,3,1,1,2,4,2,1,2,5,4
SF,IC2009,2020-05-07 09:33:22.600,5195.8000,41366,0,447495080.000,0,-,-,-,-,5195.0000,5194.8000,5194.2000,5194.0000,5192.6000,5196.0000,5196.4000,5196.6000,5196.8000,5197.0000,2,1,1,2,4,2,1,2,5,4
SF,IC2009,2020-05-07 09:33:26.600,5195.8000,41366,0,447495080.000,0,-,-,-,-,5195.0000,5194.8000,5194.2000,5194.0000,5192.6000,5196.0000,5196.4000,5196.6000,5196.8000,5197.0000,2,1,1,2,4,2,1,2,5,4
SF,IC2009,2020-05-07 09:33:27.100,5195.8000,41366,0,447495080.000,0,-,-,-,-,5195.0000,5194.8000,5194.2000,5194.0000,5192.6000,5195.8000,5196.0000,5196.4000,5196.6000,5196.8000,3,1,1,2,4,1,3,1,2,5
SF,IC2009,2020-05-07 09:33:28.600,5195.8000,41366,0,447495080.000,0,-,-,-,-,5195.0000,5194.8000,5194.2000,5194.0000,5192.6000,5195.8000,5196.0000,5196.4000,5196.6000,5196.8000,1,1,1,2,4,1,3,1,2,5
SF,IC2009,2020-05-07 09:33:29.600,5195.8000,41366,0,447495080.000,0,-,-,-,-,5195.0000,5194.8000,5194.2000,5194.0000,5192.6000,5195.8000,5196.0000,5196.4000,5196.6000,5196.8000,1,1,1,2,4,2,3,1,2,5
SF,IC2009,2020-05-07 09:33:30.100,5194.8000,41366,0,449573040.000,2,1,1,多换,S,5194.2000,5194.0000,5192.6000,5192.4000,5192.0000,5195.8000,5196.0000,5196.4000,5196.6000,5196.8000,1,2,4,1,4,2,3,1,2,5
SF,IC2009,2020-05-07 09:33:30.600,5195.8000,41366,0,451651360.000,2,1,1,多换,S,5194.4000,5194.2000,5194.0000,5192.6000,5192.4000,5196.0000,5196.4000,5196.6000,5196.8000,5197.0000,4,1,2,4,1,3,1,2,5,4
SF,IC2009,2020-05-07 09:33:31.100,5195.8000,41366,0,451651360.000,0,-,-,-,-,5194.6000,5194.4000,5194.2000,5194.0000,5192.6000,5196.0000,5196.4000,5196.6000,5196.8000,5197.0000,1,1,1,2,4,3,1,2,5,4
SF,IC2009,2020-05-07 09:33:31.600,5194.8000,41365,-1,452690320.000,1,0,1,双平,S,5194.2000,5194.0000,5192.6000,5192.4000,5192.0000,5196.0000,5196.4000,5196.6000,5196.8000,5197.0000,1,2,4,1,4,3,1,2,5,4
SF,IC2009,2020-05-07 09:33:32.100,5194.8000,41365,0,452690320.000,0,-,-,-,-,5194.6000,5194.4000,5194.2000,5194.0000,5192.6000,5196.0000,5196.4000,5196.6000,5196.8000,5197.0000,1,2,1,2,4,3,1,2,5,4
SF,IC2009,2020-05-07 09:33:32.600,5194.8000,41365,0,452690320.000,0,-,-,-,-,5194.6000,5194.4000,5194.2000,5194.0000,5192.6000,5195.8000,5196.0000,5196.4000,5196.6000,5196.8000,1,1,1,2,4,1,3,1,2,5
SF,IC2009,2020-05-07 09:33:33.100,5194.8000,41365,0,452690320.000,0,-,-,-,-,5194.6000,5194.4000,5194.2000,5194.0000,5192.6000,5195.8000,5196.0000,5196.4000,5196.6000,5196.8000,1,1,1,2,4,1,3,1,2,5
SF,IC2009,2020-05-07 09:33:34.100,5194.6000,41365,0,453729240.000,1,0,1,多换,S,5194.4000,5194.2000,5194.0000,5192.6000,5192.4000,5195.0000,5195.8000,5196.0000,5196.4000,5196.6000,1,1,2,4,1,1,1,3,1,2
SF,IC2009,2020-05-07 09:33:36.100,5194.4000,41364,-1,454768120.000,1,0,1,双平,S,5194.2000,5194.0000,5192.6000,5192.4000,5192.0000,5194.6000,5195.0000,5195.8000,5196.0000,5196.4000,1,2,4,1,4,1,1,1,3,1
SF,IC2009,2020-05-07 09:33:36.600,5194.6000,41362,-2,456845880.000,2,0,2,双平,S,5194.0000,5192.6000,5192.4000,5192.0000,5191.6000,5195.0000,5195.8000,5196.0000,5196.4000,5196.6000,2,4,1,4,2,1,1,3,1,2
SF,IC2009,2020-05-07 09:33:37.100,5194.6000,41362,0,456845880.000,0,-,-,-,-,5194.0000,5192.6000,5192.4000,5192.0000,5191.6000,5194.8000,5195.0000,5196.0000,5196.4000,5196.6000,1,4,1,4,2,1,6,3,1,2
SF,IC2009,2020-05-07 09:33:37.600,5194.0000,41362,0,457884680.000,1,0,1,多换,S,5192.6000,5192.4000,5192.0000,5191.6000,5191.2000,5194.8000,5195.0000,5196.0000,5196.4000,5196.6000,4,1,4,2,1,1,6,3,1,2
SF,IC2009,2020-05-07 09:33:38.100,5194.0000,41362,0,457884680.000,0,-,-,-,-,5192.6000,5192.4000,5192.0000,5191.6000,5191.2000,5194.6000,5194.8000,5195.0000,5196.0000,5196.4000,4,1,4,2,1,1,1,6,3,1
SF,IC2009,2020-05-07 09:33:38.600,5194.0000,41362,0,457884680.000,0,-,-,-,-,5192.6000,5192.4000,5192.0000,5191.6000,5191.2000,5194.4000,5194.6000,5195.0000,5196.0000,5196.4000,4,1,4,2,1,4,1,6,3,1
SF,IC2009,2020-05-07 09:33:39.100,5192.6000,41362,0,461000240.000,3,1,2,多换,S,5192.6000,5192.4000,5192.0000,5191.6000,5191.2000,5194.2000,5194.4000,5195.0000,5196.0000,5196.4000,1,1,4,2,1,2,3,6,3,1
SF,IC2009,2020-05-07 09:33:39.600,5192.6000,41362,0,461000240.000,0,-,-,-,-,5192.6000,5192.4000,5192.0000,5191.6000,5191.2000,5194.0000,5194.2000,5194.4000,5195.0000,5196.0000,1,1,4,2,1,2,1,1,6,3
SF,IC2009,2020-05-07 09:33:40.100,5192.6000,41362,0,461000240.000,0,-,-,-,-,5192.6000,5192.4000,5192.0000,5191.6000,5191.2000,5193.8000,5194.0000,5194.2000,5194.4000,5195.0000,1,1,4,2,1,1,1,1,1,6
SF,IC2009,2020-05-07 09:33:40.600,5192.6000,41362,0,461000240.000,0,-,-,-,-,5192.6000,5192.4000,5192.0000,5191.6000,5191.2000,5194.0000,5194.2000,5194.4000,5195.0000,5196.0000,1,1,4,2,1,1,1,1,6,3
SF,IC2009,2020-05-07 09:33:42.600,5192.6000,41362,0,461000240.000,0,-,-,-,-,5192.6000,5192.4000,5192.0000,5191.6000,5191.2000,5194.0000,5194.2000,5194.4000,5195.0000,5196.0000,1,1,4,2,1,1,1,1,6,3
SF,IC2009,2020-05-07 09:33:44.100,5192.6000,41362,0,461000240.000,0,-,-,-,-,5193.0000,5192.8000,5192.6000,5192.4000,5192.0000,5194.0000,5194.4000,5195.0000,5196.0000,5196.4000,1,1,2,1,4,1,1,5,3,1
SF,IC2009,2020-05-07 09:33:44.600,5194.0000,41362,0,462039040.000,1,0,1,多换,S,5192.6000,5192.4000,5192.0000,5191.6000,5191.2000,5195.0000,5196.0000,5196.4000,5196.6000,5196.8000,2,1,4,2,1,5,3,1,2,5
SF,IC2009,2020-05-07 09:33:45.100,5192.8000,41360,-2,464116200.000,2,0,2,双平,S,5192.6000,5192.4000,5192.0000,5191.6000,5191.2000,5194.2000,5194.8000,5195.0000,5196.0000,5196.4000,2,1,4,2,1,1,2,5,3,1
SF,IC2009,2020-05-07 09:33:45.600,5192.6000,41358,-2,467231800.000,3,0,3,多平,S,5193.0000,5192.4000,5192.0000,5191.6000,5191.2000,5194.0000,5194.8000,5195.0000,5196.0000,5196.4000,1,1,4,2,1,1,1,5,3,1
SF,IC2009,2020-05-07 09:33:46.100,5192.6000,41358,0,467231800.000,0,-,-,-,-,5192.4000,5192.0000,5191.6000,5191.2000,5190.4000,5194.0000,5194.8000,5195.0000,5196.0000,5196.4000,1,4,2,1,1,1,1,5,3,1
SF,IC2009,2020-05-07 09:33:46.600,5192.6000,41358,0,467231800.000,0,-,-,-,-,5192.8000,5192.6000,5192.4000,5192.0000,5191.6000,5194.0000,5194.8000,5195.0000,5196.0000,5196.4000,1,3,1,4,2,1,1,5,3,1
SF,IC2009,2020-05-07 09:33:47.100,5192.6000,41358,0,467231800.000,0,-,-,-,-,5193.0000,5192.8000,5192.6000,5192.4000,5192.0000,5194.0000,5195.0000,5196.0000,5196.4000,5196.6000,1,1,1,1,4,1,5,3,1,2
SF,IC2009,2020-05-07 09:33:47.600,5192.6000,41358,0,467231800.000,0,-,-,-,-,5193.0000,5192.8000,5192.4000,5192.0000,5191.6000,5194.0000,5195.0000,5196.0000,5196.4000,5196.6000,1,1,1,4,2,1,5,3,1,2
SF,IC2009,2020-05-07 09:33:48.100,5192.6000,41358,0,467231800.000,0,-,-,-,-,5193.0000,5192.8000,5192.4000,5192.0000,5191.6000,5194.0000,5195.0000,5196.0000,5196.4000,5196.6000,1,2,1,4,2,1,5,3,1,2
SF,IC2009,2020-05-07 09:33:49.100,5193.0000,41357,-1,468270400.000,1,0,1,双平,S,5192.8000,5192.4000,5192.0000,5191.6000,5191.2000,5193.0000,5194.0000,5195.0000,5196.0000,5196.4000,2,1,4,2,1,1,1,5,3,1
SF,IC2009,2020-05-07 09:33:49.600,5193.0000,41352,-5,473463400.000,5,0,5,双平,S,5192.8000,5192.4000,5192.0000,5191.6000,5191.2000,5194.0000,5195.0000,5196.0000,5196.4000,5196.6000,3,1,4,2,1,1,5,3,1,2
SF,IC2009,2020-05-07 09:33:51.100,5193.0000,41352,0,473463400.000,0,-,-,-,-,5192.8000,5192.4000,5192.0000,5191.6000,5191.2000,5193.8000,5194.0000,5195.0000,5196.0000,5196.4000,3,1,4,2,1,2,1,5,3,1
SF,IC2009,2020-05-07 09:33:51.600,5193.0000,41352,0,473463400.000,0,-,-,-,-,5192.8000,5192.4000,5192.0000,5191.6000,5191.2000,5193.8000,5194.0000,5195.0000,5196.0000,5196.4000,2,1,4,2,1,2,1,5,3,1
SF,IC2009,2020-05-07 09:33:52.100,5193.8000,41352,0,476579640.000,3,1,2,多换,S,5194.0000,5192.8000,5192.4000,5192.0000,5191.6000,5195.0000,5196.0000,5196.4000,5196.6000,5196.8000,1,2,1,4,2,5,3,1,2,5
SF,IC2009,2020-05-07 09:33:52.600,5194.0000,41352,0,477618440.000,1,0,1,多换,S,5192.8000,5192.4000,5192.0000,5191.6000,5191.2000,5194.0000,5194.8000,5195.0000,5196.0000,5196.4000,2,1,4,2,1,3,3,5,3,1
SF,IC2009,2020-05-07 09:33:53.100,5194.0000,41352,0,477618440.000,0,-,-,-,-,5193.0000,5192.8000,5192.4000,5192.0000,5191.6000,5193.6000,5194.0000,5194.8000,5195.0000,5196.0000,1,2,1,4,2,1,1,2,5,3
SF,IC2009,2020-05-07 09:33:53.600,5193.6000,41351,-1,478657160.000,1,0,1,双平,S,5193.0000,5192.8000,5192.4000,5192.0000,5191.6000,5194.0000,5194.8000,5195.0000,5196.0000,5196.4000,1,2,1,4,2,1,2,5,3,1
SF,IC2009,2020-05-07 09:33:54.100,5193.6000,41351,0,478657160.000,0,-,-,-,-,5193.0000,5192.8000,5192.4000,5192.0000,5191.6000,5194.8000,5195.0000,5196.0000,5196.4000,5196.6000,1,2,1,4,2,2,5,3,1,2
SF,IC2009,2020-05-07 09:33:54.600,5193.6000,41351,0,478657160.000,0,-,-,-,-,5192.8000,5192.4000,5192.0000,5191.6000,5191.2000,5194.6000,5194.8000,5195.0000,5196.0000,5196.4000,2,1,4,2,1,2,2,5,3,1
SF,IC2009,2020-05-07 09:33:55.100,5193.6000,41351,0,478657160.000,0,-,-,-,-,5193.0000,5192.8000,5192.4000,5192.0000,5191.6000,5194.4000,5194.6000,5194.8000,5195.0000,5196.0000,1,2,1,5,2,2,1,1,5,3
SF,IC2009,2020-05-07 09:33:55.600,5193.6000,41351,0,478657160.000,0,-,-,-,-,5192.8000,5192.4000,5192.0000,5191.6000,5191.2000,5194.2000,5194.4000,5194.6000,5194.8000,5195.0000,2,1,5,2,1,1,1,1,1,5
SF,IC2009,2020-05-07 09:33:56.100,5193.6000,41351,0,478657160.000,0,-,-,-,-,5192.8000,5192.4000,5192.0000,5191.6000,5191.2000,5194.0000,5194.6000,5194.8000,5195.0000,5196.0000,2,1,5,2,1,1,2,1,5,3
SF,IC2009,2020-05-07 09:33:56.600,5193.6000,41351,0,478657160.000,0,-,-,-,-,5192.8000,5192.4000,5192.0000,5191.6000,5191.2000,5194.0000,5194.6000,5194.8000,5195.0000,5196.0000,2,1,5,2,1,1,2,1,5,2
SF,IC2009,2020-05-07 09:33:57.100,5194.0000,41351,0,479695960.000,1,0,1,多换,S,5192.8000,5192.4000,5192.0000,5191.6000,5191.2000,5194.0000,5194.6000,5194.8000,5195.0000,5196.0000,2,1,5,2,1,2,2,1,5,2
SF,IC2009,2020-05-07 09:33:57.600,5194.0000,41351,0,479695960.000,0,-,-,-,-,5193.0000,5192.8000,5192.4000,5192.0000,5191.6000,5194.0000,5194.6000,5194.8000,5195.0000,5196.0000,1,2,1,5,2,2,2,1,5,2
SF,IC2009,2020-05-07 09:33:58.100,5194.0000,41351,0,479695960.000,0,-,-,-,-,5193.2000,5193.0000,5192.8000,5192.4000,5192.0000,5194.0000,5194.6000,5194.8000,5195.0000,5196.0000,1,1,2,1,5,2,2,1,5,2
SF,IC2009,2020-05-07 09:33:58.600,5194.0000,41351,0,479695960.000,0,-,-,-,-,5193.2000,5192.8000,5192.4000,5192.0000,5191.6000,5194.0000,5194.6000,5194.8000,5195.0000,5196.0000,1,2,1,4,2,2,2,1,5,2
SF,IC2009,2020-05-07 09:33:59.600,5194.0000,41351,0,479695960.000,0,-,-,-,-,5193.2000,5192.8000,5192.4000,5192.0000,5191.6000,5193.8000,5194.0000,5194.6000,5194.8000,5195.0000,1,2,1,4,2,1,2,2,1,5
SF,IC2009,2020-05-07 09:34:00.100,5194.0000,41351,0,479695960.000,0,-,-,-,-,5193.4000,5192.8000,5192.4000,5192.0000,5191.6000,5194.0000,5194.6000,5194.8000,5195.0000,5196.0000,1,2,1,4,2,2,2,1,5,2
SF,IC2009,2020-05-07 09:34:00.600,5194.0000,41351,0,479695960.000,0,-,-,-,-,5193.0000,5192.8000,5192.4000,5192.0000,5191.6000,5193.8000,5194.0000,5194.6000,5194.8000,5195.0000,1,2,1,4,2,1,2,2,1,5
SF,IC2009,2020-05-07 09:34:01.100,5193.8000,41351,0,480734720.000,1,0,1,多换,S,5193.0000,5192.8000,5192.4000,5192.0000,5191.6000,5194.0000,5194.6000,5194.8000,5195.0000,5196.0000,1,2,1,4,2,2,2,1,5,2
SF,IC2009,2020-05-07 09:34:01.600,5193.0000,41350,-1,481773320.000,1,0,1,双平,S,5192.8000,5192.4000,5192.0000,5191.6000,5191.2000,5193.0000,5193.8000,5194.0000,5194.6000,5194.8000,2,1,4,2,1,5,1,2,2,1
SF,IC2009,2020-05-07 09:34:02.100,5193.0000,41350,0,483850520.000,2,1,1,多换,S,5192.8000,5192.4000,5192.0000,5191.6000,5191.2000,5193.0000,5193.8000,5194.0000,5194.6000,5194.8000,2,1,4,2,1,3,1,2,2,1
SF,IC2009,2020-05-07 09:34:02.600,5193.0000,41350,0,483850520.000,0,-,-,-,-,5192.8000,5192.4000,5192.0000,5191.6000,5191.2000,5193.0000,5193.8000,5194.0000,5194.6000,5194.8000,2,1,4,2,1,3,1,2,2,1
SF,IC2009,2020-05-07 09:34:03.100,5193.0000,41350,0,486966240.000,3,1,2,多换,S,5192.4000,5192.0000,5191.6000,5191.2000,5190.4000,5192.8000,5193.0000,5193.8000,5194.0000,5194.6000,1,4,2,1,1,3,2,1,2,2
SF,IC2009,2020-05-07 09:34:03.600,5193.0000,41350,0,486966240.000,0,-,-,-,-,5192.4000,5192.0000,5191.6000,5191.2000,5190.4000,5192.8000,5193.0000,5194.0000,5194.6000,5195.0000,1,4,2,1,1,3,2,2,2,5
SF,IC2009,2020-05-07 09:34:04.100,5193.0000,41350,0,489043440.000,2,1,1,多换,S,5192.4000,5192.0000,5191.6000,5191.2000,5190.4000,5192.8000,5193.0000,5194.0000,5194.6000,5195.0000,1,4,2,1,1,1,2,2,2,5
SF,IC2009,2020-05-07 09:34:04.600,5193.0000,41349,-1,492159200.000,3,1,2,多平,S,5192.4000,5192.0000,5191.6000,5191.2000,5190.4000,5194.0000,5194.6000,5195.0000,5196.0000,5196.4000,1,4,2,1,1,2,2,5,2,1
SF,IC2009,2020-05-07 09:34:05.100,5193.0000,41349,0,492159200.000,0,-,-,-,-,5192.6000,5192.4000,5192.0000,5191.6000,5191.2000,5193.8000,5194.0000,5194.6000,5195.0000,5195.6000,2,1,4,2,1,1,2,2,5,1
SF,IC2009,2020-05-07 09:34:05.600,5193.0000,41349,0,492159200.000,0,-,-,-,-,5192.8000,5192.6000,5192.4000,5192.0000,5191.6000,5193.8000,5194.0000,5194.6000,5195.0000,5195.6000,2,2,1,4,2,1,2,2,5,1
SF,IC2009,2020-05-07 09:34:06.100,5193.6000,41348,-1,493197920.000,1,0,1,双平,S,5192.4000,5192.0000,5191.6000,5191.2000,5190.4000,5193.6000,5193.8000,5194.0000,5194.6000,5195.0000,1,4,2,1,1,1,1,2,2,5
SF,IC2009,2020-05-07 09:34:06.600,5193.6000,41348,0,493197920.000,0,-,-,-,-,5192.6000,5192.4000,5192.0000,5191.6000,5191.2000,5193.8000,5194.0000,5194.6000,5195.0000,5195.6000,3,1,4,2,1,1,2,2,5,1
SF,IC2009,2020-05-07 09:34:07.100,5192.8000,41348,0,494236480.000,1,0,1,多换,S,5192.8000,5192.6000,5192.4000,5192.0000,5191.6000,5193.8000,5194.0000,5194.6000,5195.0000,5195.6000,2,1,1,4,2,1,2,2,5,1
SF,IC2009,2020-05-07 09:34:08.100,5192.8000,41348,0,494236480.000,0,-,-,-,-,5192.6000,5192.4000,5192.0000,5191.6000,5191.2000,5193.6000,5193.8000,5194.0000,5194.6000,5195.0000,1,1,4,2,1,1,1,2,2,5
SF,IC2009,2020-05-07 09:34:08.600,5192.8000,41348,0,494236480.000,0,-,-,-,-,5192.6000,5192.4000,5192.0000,5191.6000,5191.2000,5192.8000,5193.4000,5193.8000,5194.0000,5194.6000,1,1,4,2,1,4,1,1,2,2
SF,IC2009,2020-05-07 09:34:09.100,5192.8000,41347,-1,495275040.000,1,0,1,双平,S,5192.4000,5192.0000,5191.6000,5191.2000,5190.4000,5192.8000,5193.8000,5194.0000,5194.6000,5195.0000,1,4,2,1,1,3,1,2,2,5
SF,IC2009,2020-05-07 09:34:09.600,5192.8000,41344,-3,498390720.000,3,0,3,双平,S,5192.8000,5192.6000,5192.4000,5192.0000,5191.6000,5193.8000,5194.0000,5194.6000,5195.0000,5195.6000,1,1,1,4,2,1,2,2,5,1
SF,IC2009,2020-05-07 09:34:10.100,5192.8000,41344,0,498390720.000,0,-,-,-,-,5192.8000,5192.6000,5192.4000,5192.0000,5191.6000,5193.8000,5194.0000,5194.6000,5195.0000,5195.6000,1,1,1,4,2,1,2,2,5,1
SF,IC2009,2020-05-07 09:34:10.600,5192.8000,41344,0,498390720.000,0,-,-,-,-,5193.0000,5192.8000,5192.4000,5192.0000,5191.6000,5193.8000,5194.0000,5194.6000,5195.0000,5195.6000,1,1,1,4,2,1,2,2,5,1
SF,IC2009,2020-05-07 09:34:11.100,5192.8000,41344,0,498390720.000,0,-,-,-,-,5192.8000,5192.4000,5192.0000,5191.6000,5191.2000,5193.8000,5194.0000,5194.6000,5195.0000,5195.6000,1,1,4,2,1,1,2,2,5,1
SF,IC2009,2020-05-07 09:34:11.600,5192.8000,41344,0,498390720.000,0,-,-,-,-,5192.4000,5192.0000,5191.6000,5191.2000,5190.4000,5193.6000,5193.8000,5194.0000,5194.6000,5195.0000,1,4,2,1,1,1,1,2,2,5
SF,IC2009,2020-05-07 09:34:12.100,5192.8000,41344,0,498390720.000,0,-,-,-,-,5192.4000,5192.0000,5191.6000,5191.2000,5190.4000,5193.4000,5193.8000,5194.0000,5194.6000,5195.0000,1,4,2,1,1,2,1,2,2,5
SF,IC2009,2020-05-07 09:34:12.600,5192.8000,41344,0,498390720.000,0,-,-,-,-,5192.4000,5192.0000,5191.6000,5191.2000,5190.4000,5193.2000,5193.4000,5193.8000,5194.0000,5194.6000,1,8,2,1,1,1,1,1,2,2
SF,IC2009,2020-05-07 09:34:13.100,5192.8000,41344,0,498390720.000,0,-,-,-,-,5192.4000,5192.0000,5191.6000,5191.2000,5190.4000,5193.4000,5193.8000,5194.0000,5194.6000,5195.0000,1,8,2,1,1,1,1,2,2,5
SF,IC2009,2020-05-07 09:34:13.600,5192.8000,41344,0,498390720.000,0,-,-,-,-,5192.4000,5192.0000,5191.6000,5191.2000,5190.4000,5193.8000,5194.0000,5194.6000,5195.0000,5195.6000,1,8,2,1,1,1,2,2,5,1
SF,IC2009,2020-05-07 09:34:14.100,5192.8000,41344,0,498390720.000,0,-,-,-,-,5192.6000,5192.4000,5192.0000,5191.6000,5191.2000,5193.0000,5193.6000,5193.8000,5194.0000,5194.6000,1,1,8,2,1,5,1,1,2,2
SF,IC2009,2020-05-07 09:34:14.600,5192.8000,41343,-1,500467840.000,2,0,2,多平,S,5192.4000,5192.0000,5191.6000,5191.2000,5190.4000,5193.0000,5193.8000,5194.0000,5194.6000,5195.0000,1,8,2,1,1,5,1,2,2,5
SF,IC2009,2020-05-07 09:34:15.100,5192.4000,41343,0,501506320.000,1,0,1,多换,S,5192.0000,5191.6000,5191.2000,5190.4000,5190.0000,5193.0000,5193.8000,5194.0000,5194.6000,5195.0000,8,2,1,1,2,5,1,2,2,5
SF,IC2009,2020-05-07 09:34:16.100,5192.4000,41343,0,501506320.000,0,-,-,-,-,5192.0000,5191.6000,5191.2000,5190.4000,5190.0000,5193.0000,5194.0000,5194.6000,5195.0000,5195.6000,8,2,1,1,2,5,2,2,5,1
SF,IC2009,2020-05-07 09:34:16.600,5192.4000,41343,0,501506320.000,0,-,-,-,-,5192.0000,5191.6000,5191.2000,5190.4000,5190.0000,5192.8000,5193.0000,5194.0000,5194.6000,5195.0000,8,2,1,1,2,1,5,2,2,5
SF,IC2009,2020-05-07 09:34:18.600,5192.0000,41343,0,502544720.000,1,0,1,多换,S,5192.0000,5191.6000,5191.2000,5190.4000,5190.0000,5192.8000,5193.0000,5194.0000,5194.6000,5195.0000,7,2,1,1,2,1,5,2,2,5
SF,IC2009,2020-05-07 09:34:19.100,5192.0000,41343,0,504621520.000,2,1,1,多换,S,5192.0000,5191.6000,5191.2000,5190.4000,5190.0000,5192.8000,5193.0000,5194.0000,5194.6000,5195.0000,5,2,1,1,2,1,5,2,2,5
SF,IC2009,2020-05-07 09:34:20.100,5192.0000,41344,1,509813520.000,5,3,2,空开,S,5191.6000,5191.2000,5190.4000,5190.0000,5188.8000,5192.8000,5193.0000,5194.0000,5194.6000,5195.0000,2,1,1,2,1,1,5,2,2,5
SF,IC2009,2020-05-07 09:34:20.600,5191.6000,41345,1,511890160.000,2,1,1,空开,S,5191.2000,5190.4000,5190.0000,5188.8000,5188.6000,5192.6000,5192.8000,5193.0000,5194.0000,5194.6000,1,1,2,1,1,1,1,5,2,2
SF,IC2009,2020-05-07 09:34:21.100,5191.6000,41345,0,511890160.000,0,-,-,-,-,5191.2000,5190.4000,5190.0000,5188.8000,5188.6000,5192.4000,5192.6000,5192.8000,5193.0000,5194.0000,1,1,2,1,1,2,1,1,5,2
SF,IC2009,2020-05-07 09:34:21.600,5191.2000,41345,0,512928400.000,1,0,1,多换,S,5190.4000,5190.0000,5188.8000,5188.6000,5188.2000,5192.0000,5192.2000,5192.4000,5193.0000,5194.0000,1,2,1,1,1,1,2,1,5,2
SF,IC2009,2020-05-07 09:34:22.100,5191.2000,41345,0,512928400.000,0,-,-,-,-,5190.6000,5190.4000,5190.0000,5188.8000,5188.6000,5191.8000,5192.0000,5192.4000,5193.0000,5194.0000,1,1,2,1,1,3,1,1,5,2
SF,IC2009,2020-05-07 09:34:22.600,5191.2000,41345,0,512928400.000,0,-,-,-,-,5190.4000,5190.0000,5188.8000,5188.6000,5188.2000,5191.8000,5192.0000,5192.4000,5193.0000,5194.0000,1,2,1,1,1,3,1,1,5,2
SF,IC2009,2020-05-07 09:34:24.100,5191.2000,41345,0,512928400.000,0,-,-,-,-,5190.4000,5190.0000,5188.8000,5188.6000,5188.2000,5191.6000,5191.8000,5192.0000,5193.0000,5194.0000,1,2,1,1,1,2,2,1,5,2
SF,IC2009,2020-05-07 09:34:24.600,5191.2000,41345,0,512928400.000,0,-,-,-,-,5190.4000,5190.0000,5188.8000,5188.6000,5188.2000,5191.6000,5191.8000,5192.0000,5193.0000,5194.0000,1,2,1,1,1,1,1,1,5,2
SF,IC2009,2020-05-07 09:34:25.100,5191.2000,41345,0,512928400.000,0,-,-,-,-,5190.6000,5190.4000,5190.0000,5188.8000,5188.6000,5191.4000,5191.8000,5192.0000,5193.0000,5194.0000,2,1,2,1,1,1,1,2,5,2
SF,IC2009,2020-05-07 09:34:25.600,5190.8000,41343,-2,516043200.000,3,0,3,多平,S,5190.4000,5190.0000,5188.8000,5188.6000,5188.2000,5192.0000,5193.0000,5194.0000,5194.6000,5195.6000,1,5,1,1,1,2,5,2,1,1
SF,IC2009,2020-05-07 09:34:26.100,5190.8000,41343,0,516043200.000,0,-,-,-,-,5190.6000,5190.4000,5190.0000,5188.8000,5188.6000,5191.8000,5192.0000,5193.0000,5194.0000,5194.6000,1,1,5,1,1,2,2,5,2,1
SF,IC2009,2020-05-07 09:34:26.600,5190.8000,41343,0,516043200.000,0,-,-,-,-,5190.4000,5190.0000,5188.8000,5188.6000,5188.2000,5191.6000,5191.8000,5192.0000,5193.0000,5194.0000,1,5,1,1,1,1,1,1,5,2
SF,IC2009,2020-05-07 09:34:27.100,5190.8000,41343,0,516043200.000,0,-,-,-,-,5190.4000,5190.0000,5188.8000,5188.6000,5188.2000,5191.4000,5192.0000,5193.0000,5194.0000,5194.6000,1,5,1,2,1,1,1,5,1,1
SF,IC2009,2020-05-07 09:34:27.600,5190.8000,41343,0,516043200.000,0,-,-,-,-,5190.4000,5190.0000,5188.8000,5188.6000,5188.2000,5191.4000,5192.0000,5193.0000,5194.0000,5194.6000,1,5,1,1,1,2,1,5,1,1
SF,IC2009,2020-05-07 09:34:28.100,5190.8000,41343,0,516043200.000,0,-,-,-,-,5190.4000,5190.0000,5188.8000,5188.6000,5188.2000,5191.0000,5191.4000,5192.0000,5193.0000,5194.0000,1,5,1,1,1,1,1,1,5,1
SF,IC2009,2020-05-07 09:34:28.600,5190.8000,41343,0,516043200.000,0,-,-,-,-,5191.0000,5190.8000,5190.4000,5190.0000,5188.8000,5191.4000,5192.0000,5193.0000,5194.0000,5194.6000,1,1,1,5,1,1,1,5,1,1
SF,IC2009,2020-05-07 09:34:29.100,5190.8000,41342,-1,518119520.000,2,0,2,多平,S,5190.4000,5190.0000,5188.8000,5188.6000,5188.2000,5191.4000,5192.0000,5193.0000,5194.0000,5194.6000,1,5,1,1,1,1,1,5,1,1
SF,IC2009,2020-05-07 09:34:29.600,5190.8000,41342,0,518119520.000,0,-,-,-,-,5190.4000,5190.0000,5188.8000,5188.6000,5188.2000,5191.0000,5191.2000,5191.4000,5192.0000,5193.0000,1,5,1,1,1,1,1,1,1,5
SF,IC2009,2020-05-07 09:34:30.100,5190.8000,41342,0,518119520.000,0,-,-,-,-,5190.4000,5190.0000,5188.8000,5188.6000,5188.2000,5191.0000,5191.2000,5191.4000,5192.0000,5193.0000,1,5,1,1,1,2,1,1,1,5
SF,IC2009,2020-05-07 09:34:30.600,5190.8000,41342,0,518119520.000,0,-,-,-,-,5190.4000,5190.0000,5188.8000,5188.6000,5188.2000,5190.8000,5191.0000,5191.2000,5191.4000,5192.0000,2,5,1,1,1,3,2,1,1,1
SF,IC2009,2020-05-07 09:34:31.100,5190.8000,41342,0,521233840.000,3,1,2,多换,S,5190.0000,5188.8000,5188.6000,5188.2000,5187.6000,5190.8000,5191.0000,5191.4000,5192.0000,5193.0000,5,1,1,1,1,2,2,1,1,5
SF,IC2009,2020-05-07 09:34:31.600,5190.0000,41342,0,522271840.000,1,0,1,多换,S,5190.0000,5188.8000,5188.6000,5188.2000,5187.6000,5190.8000,5191.0000,5191.4000,5192.0000,5193.0000,4,1,1,1,1,2,2,1,1,5
SF,IC2009,2020-05-07 09:34:32.100,5190.0000,41342,0,523309840.000,1,0,1,多换,S,5190.0000,5188.8000,5188.6000,5188.2000,5187.6000,5190.8000,5191.0000,5191.4000,5192.0000,5193.0000,3,1,1,1,1,2,2,1,1,5
SF,IC2009,2020-05-07 09:34:32.600,5190.0000,41340,-2,527462160.000,4,1,3,多平,S,5190.0000,5188.8000,5188.6000,5188.2000,5187.6000,5191.0000,5191.4000,5192.0000,5193.0000,5194.0000,1,1,1,1,1,2,1,1,5,2
SF,IC2009,2020-05-07 09:34:33.100,5190.0000,41340,0,527462160.000,0,-,-,-,-,5190.2000,5190.0000,5188.8000,5188.6000,5188.2000,5191.0000,5191.4000,5192.0000,5193.0000,5194.0000,1,1,1,1,1,1,1,1,5,2
SF,IC2009,2020-05-07 09:34:33.600,5190.0000,41339,-1,528500160.000,1,0,1,双平,S,5190.0000,5188.8000,5188.6000,5188.2000,5187.6000,5191.0000,5191.4000,5192.0000,5193.0000,5194.0000,1,1,1,1,1,1,1,1,5,2
SF,IC2009,2020-05-07 09:34:34.100,5190.0000,41339,0,528500160.000,0,-,-,-,-,5190.2000,5190.0000,5188.8000,5188.6000,5188.2000,5191.0000,5191.4000,5192.0000,5193.0000,5194.0000,1,1,1,1,1,1,1,1,5,2
SF,IC2009,2020-05-07 09:34:36.100,5191.0000,41339,0,529538360.000,1,0,1,多换,S,5190.4000,5190.2000,5190.0000,5188.8000,5188.6000,5191.4000,5192.0000,5193.0000,5194.0000,5194.6000,1,1,1,1,1,1,1,5,2,1
SF,IC2009,2020-05-07 09:34:36.600,5191.0000,41339,0,529538360.000,0,-,-,-,-,5190.6000,5190.2000,5190.0000,5188.8000,5188.6000,5191.4000,5192.0000,5193.0000,5194.0000,5194.6000,1,1,1,11,1,1,1,5,2,1
SF,IC2009,2020-05-07 09:34:37.100,5190.8000,41340,1,531614800.000,2,1,1,空开,S,5190.2000,5190.0000,5188.8000,5188.6000,5188.2000,5193.0000,5194.0000,5194.6000,5195.6000,5196.0000,1,1,11,1,1,5,2,1,1,2
SF,IC2009,2020-05-07 09:34:37.600,5190.8000,41340,0,531614800.000,0,-,-,-,-,5190.4000,5190.2000,5190.0000,5188.8000,5188.6000,5192.8000,5193.0000,5194.0000,5194.6000,5195.6000,1,1,1,11,1,3,5,2,1,1
SF,IC2009,2020-05-07 09:34:38.100,5190.8000,41340,0,531614800.000,0,-,-,-,-,5190.8000,5190.6000,5190.4000,5190.0000,5188.8000,5192.8000,5193.0000,5194.0000,5194.6000,5195.6000,1,1,1,1,11,1,5,2,1,1
SF,IC2009,2020-05-07 09:34:38.600,5190.8000,41340,0,531614800.000,0,-,-,-,-,5191.0000,5190.4000,5190.0000,5188.8000,5188.6000,5193.0000,5194.0000,5194.6000,5195.6000,5196.0000,2,1,1,11,1,5,2,1,1,2
SF,IC2009,2020-05-07 09:34:39.100,5190.8000,41340,0,531614800.000,0,-,-,-,-,5191.2000,5191.0000,5190.4000,5190.0000,5188.8000,5192.8000,5193.0000,5194.0000,5194.6000,5195.6000,1,1,1,1,11,2,5,2,1,1
SF,IC2009,2020-05-07 09:34:39.600,5190.8000,41340,0,531614800.000,0,-,-,-,-,5191.4000,5190.4000,5190.0000,5188.8000,5188.6000,5192.6000,5193.0000,5194.0000,5194.6000,5195.6000,3,1,1,11,1,1,5,2,1,1
SF,IC2009,2020-05-07 09:34:40.100,5192.6000,41340,0,532653320.000,1,0,1,多换,S,5191.6000,5191.4000,5190.4000,5190.0000,5188.8000,5193.0000,5194.0000,5194.6000,5195.6000,5196.0000,1,2,1,1,11,6,2,1,1,2
SF,IC2009,2020-05-07 09:34:40.600,5192.6000,41340,0,532653320.000,0,-,-,-,-,5191.8000,5191.6000,5191.4000,5190.4000,5190.0000,5193.0000,5194.0000,5194.6000,5195.6000,5196.0000,2,1,1,1,1,6,2,1,1,2
