市场代码,合约代码,时间,最新,持仓,增仓,成交额,成交量,开仓,平仓,成交类型,方向,买一价,买二价,买三价,买四价,买五价,卖一价,卖二价,卖三价,卖四价,卖五价,买一量,买二量,买三量,买四量,买五量,卖一量,卖二量,卖三量,卖四量,卖五量
SF,IC2001,2019-11-29 09:29:00.100,4837.0000,4592,0,3869600.000,4.000,-,-,-,-,4830.0000,4827.2000,4825.2000,4823.0000,4822.0000,4840.0000,4844.8000,4845.8000,4847.0000,4848.0000,1,1,2,1,1,1,1,1,2,1
SF,IC2001,2019-11-29 09:30:00.100,4837.0000,4592,0,3869600.000,0,-,-,-,-,4830.0000,4827.2000,4825.2000,4823.0000,4820.2000,4831.6000,4834.6000,4834.8000,4835.6000,4836.8000,1,1,2,1,1,2,1,2,1,1
SF,IC2001,2019-11-29 09:30:00.600,4837.0000,4592,0,3869600.000,0,-,-,-,-,4830.0000,4827.2000,4826.4000,4825.2000,4820.2000,4831.4000,4831.6000,4832.8000,4834.6000,4834.8000,1,1,1,2,1,1,3,1,1,2
SF,IC2001,2019-11-29 09:30:01.100,4831.4000,4591,-1,4835880.000,1,0,1,双平,S,4830.2000,4830.0000,4828.4000,4827.2000,4826.4000,4831.6000,4834.2000,4834.6000,4834.8000,4835.6000,1,1,1,1,1,1,1,1,1,1
SF,IC2001,2019-11-29 09:30:01.600,4831.4000,4591,0,4835880.000,0,-,-,-,-,4830.2000,4830.0000,4828.4000,4827.2000,4826.4000,4831.6000,4834.2000,4834.6000,4834.8000,4835.6000,1,1,1,1,1,1,1,1,1,1
SF,IC2001,2019-11-29 09:30:02.100,4831.4000,4591,0,4835880.000,0,-,-,-,-,4831.2000,4831.0000,4830.6000,4830.4000,4830.2000,4831.6000,4834.2000,4835.6000,4836.8000,4837.0000,1,1,1,1,1,1,1,1,1,1
SF,IC2001,2019-11-29 09:30:02.600,4831.4000,4591,0,4835880.000,0,-,-,-,-,4830.2000,4830.0000,4829.8000,4828.4000,4827.2000,4831.6000,4834.2000,4835.6000,4836.8000,4837.0000,1,1,1,1,1,1,1,1,1,1
SF,IC2001,2019-11-29 09:30:03.600,4831.4000,4591,0,4835880.000,0,-,-,-,-,4830.4000,4830.2000,4830.0000,4829.8000,4828.4000,4831.6000,4834.2000,4835.6000,4836.8000,4837.0000,1,2,1,1,1,1,1,1,1,1
SF,IC2001,2019-11-29 09:30:04.100,4831.4000,4591,0,4835880.000,0,-,-,-,-,4830.6000,4830.4000,4830.2000,4830.0000,4829.8000,4831.6000,4834.2000,4835.6000,4836.8000,4837.0000,1,1,1,1,1,1,1,1,1,1
SF,IC2001,2019-11-29 09:30:04.600,4831.6000,4592,1,5802200.000,1,1,0,双开,S,4831.2000,4831.0000,4830.6000,4830.4000,4830.2000,4834.2000,4835.6000,4836.8000,4837.0000,4839.0000,1,1,1,1,3,1,1,1,1,2
SF,IC2001,2019-11-29 09:30:05.100,4831.6000,4592,0,5802200.000,0,-,-,-,-,4831.4000,4830.4000,4830.2000,4830.0000,4829.8000,4834.0000,4834.2000,4835.6000,4836.8000,4837.0000,1,1,3,1,1,3,1,1,1,1
SF,IC2001,2019-11-29 09:30:05.600,4831.6000,4592,0,5802200.000,0,-,-,-,-,4831.4000,4830.4000,4830.2000,4830.0000,4829.8000,4834.0000,4834.2000,4835.6000,4836.8000,4837.0000,1,1,3,1,1,1,1,1,1,1
SF,IC2001,2019-11-29 09:30:06.100,4831.6000,4592,0,5802200.000,0,-,-,-,-,4831.4000,4830.4000,4830.2000,4830.0000,4829.8000,4832.6000,4834.0000,4834.2000,4835.6000,4836.8000,1,1,3,1,1,1,1,1,1,1
SF,IC2001,2019-11-29 09:30:06.600,4831.6000,4592,0,5802200.000,0,-,-,-,-,4831.4000,4830.4000,4830.2000,4830.0000,4829.8000,4834.0000,4834.2000,4835.6000,4836.8000,4837.0000,1,1,3,1,1,1,1,1,1,1
SF,IC2001,2019-11-29 09:30:09.100,4831.6000,4592,0,5802200.000,0,-,-,-,-,4831.4000,4830.4000,4830.2000,4830.0000,4829.8000,4834.0000,4834.2000,4835.6000,4836.8000,4837.0000,1,1,3,1,1,1,1,1,1,1
SF,IC2001,2019-11-29 09:30:10.100,4831.6000,4592,0,5802200.000,0,-,-,-,-,4831.4000,4830.4000,4830.2000,4830.0000,4829.8000,4833.8000,4834.0000,4834.2000,4835.6000,4836.8000,1,1,3,1,1,1,1,1,1,1
SF,IC2001,2019-11-29 09:30:10.600,4831.4000,4591,-1,6768480.000,1,0,1,双平,S,4830.2000,4830.0000,4829.8000,4828.4000,4827.2000,4832.0000,4832.6000,4833.6000,4833.8000,4834.2000,3,1,1,1,1,1,1,1,1,1
SF,IC2001,2019-11-29 09:30:11.100,4831.4000,4591,0,6768480.000,0,-,-,-,-,4830.2000,4830.0000,4828.4000,4827.2000,4826.4000,4831.2000,4831.8000,4833.8000,4834.2000,4835.6000,3,1,1,1,1,1,1,1,1,1
SF,IC2001,2019-11-29 09:30:11.600,4831.4000,4591,0,6768480.000,0,-,-,-,-,4830.4000,4830.2000,4830.0000,4828.4000,4827.2000,4831.2000,4833.8000,4834.2000,4835.6000,4836.8000,1,2,1,1,1,1,1,1,1,1
SF,IC2001,2019-11-29 09:30:12.100,4830.4000,4590,-1,7734560.000,1,0,1,双平,S,4830.2000,4830.0000,4828.4000,4827.2000,4826.4000,4831.2000,4833.8000,4834.2000,4835.6000,4836.8000,2,1,1,1,1,1,1,1,1,1
SF,IC2001,2019-11-29 09:30:12.600,4830.4000,4590,0,7734560.000,0,-,-,-,-,4830.2000,4830.0000,4828.4000,4827.2000,4826.4000,4830.4000,4831.2000,4832.4000,4833.8000,4834.2000,2,1,1,1,1,1,1,1,1,1
SF,IC2001,2019-11-29 09:30:13.100,4831.2000,4588,-2,9666880.000,2,0,2,双平,S,4831.6000,4830.4000,4830.2000,4830.0000,4828.4000,4834.2000,4835.6000,4836.8000,4837.0000,4839.0000,1,6,3,1,1,1,1,1,1,2
SF,IC2001,2019-11-29 09:30:13.600,4831.4000,4587,-1,10633160.000,1,0,1,双平,S,4830.4000,4830.2000,4830.0000,4828.4000,4827.2000,4831.6000,4831.8000,4832.2000,4832.4000,4832.8000,1,2,1,1,1,1,1,1,2,2
SF,IC2001,2019-11-29 09:30:14.100,4831.4000,4587,0,10633160.000,0,-,-,-,-,4830.4000,4830.2000,4830.0000,4828.4000,4827.2000,4831.4000,4831.6000,4832.2000,4832.4000,4834.0000,1,2,1,1,1,1,1,1,2,3
SF,IC2001,2019-11-29 09:30:14.600,4831.4000,4587,0,10633160.000,0,-,-,-,-,4830.4000,4830.2000,4830.0000,4828.4000,4827.2000,4831.4000,4831.6000,4834.0000,4834.2000,4835.6000,1,2,1,1,1,1,1,2,1,1
SF,IC2001,2019-11-29 09:30:15.100,4831.6000,4586,-1,11599480.000,1,0,1,双平,S,4830.2000,4830.0000,4828.4000,4827.2000,4826.4000,4834.2000,4835.6000,4836.8000,4837.0000,4839.0000,2,1,1,1,1,1,1,1,1,2
SF,IC2001,2019-11-29 09:30:15.600,4831.6000,4586,0,11599480.000,0,-,-,-,-,4830.4000,4830.2000,4830.0000,4828.4000,4827.2000,4832.2000,4834.0000,4834.2000,4835.6000,4836.8000,1,2,1,1,1,1,1,1,1,1
SF,IC2001,2019-11-29 09:30:16.100,4831.6000,4586,0,11599480.000,0,-,-,-,-,4830.4000,4830.2000,4830.0000,4828.4000,4827.2000,4834.0000,4834.2000,4835.6000,4836.8000,4837.0000,1,2,1,1,1,2,1,1,1,1
SF,IC2001,2019-11-29 09:30:16.600,4831.6000,4586,0,11599480.000,0,-,-,-,-,4830.4000,4830.2000,4830.0000,4828.4000,4827.2000,4834.0000,4834.2000,4835.6000,4836.8000,4837.0000,1,2,1,1,1,2,1,1,1,1
SF,IC2001,2019-11-29 09:30:17.100,4831.6000,4586,0,11599480.000,0,-,-,-,-,4830.4000,4830.2000,4830.0000,4828.4000,4827.2000,4832.0000,4834.0000,4834.2000,4835.6000,4836.8000,1,2,1,1,1,1,2,1,1,1
SF,IC2001,2019-11-29 09:30:17.600,4831.6000,4586,0,11599480.000,0,-,-,-,-,4830.4000,4830.2000,4830.0000,4828.4000,4827.2000,4834.0000,4834.2000,4835.6000,4836.8000,4839.0000,1,2,1,1,1,2,1,1,1,2
SF,IC2001,2019-11-29 09:30:18.100,4831.6000,4586,0,11599480.000,0,-,-,-,-,4830.4000,4830.2000,4830.0000,4828.4000,4827.2000,4834.0000,4834.2000,4835.6000,4836.8000,4839.0000,1,2,1,1,1,2,1,1,1,2
SF,IC2001,2019-11-29 09:30:18.600,4831.6000,4586,0,11599480.000,0,-,-,-,-,4830.4000,4830.2000,4830.0000,4828.4000,4827.2000,4832.2000,4834.0000,4834.2000,4835.6000,4836.8000,1,2,1,1,1,1,2,1,1,1
SF,IC2001,2019-11-29 09:30:19.100,4831.6000,4586,0,11599480.000,0,-,-,-,-,4830.4000,4830.2000,4830.0000,4828.4000,4827.2000,4834.0000,4834.2000,4835.6000,4836.8000,4839.0000,1,2,1,1,1,2,1,1,1,2
SF,IC2001,2019-11-29 09:30:19.600,4831.6000,4586,0,11599480.000,0,-,-,-,-,4830.4000,4830.2000,4830.0000,4828.4000,4827.2000,4834.0000,4834.2000,4835.6000,4839.0000,4839.6000,1,2,1,1,1,2,1,1,2,1
SF,IC2001,2019-11-29 09:30:20.100,4831.6000,4586,0,11599480.000,0,-,-,-,-,4830.4000,4830.2000,4830.0000,4828.4000,4827.2000,4832.2000,4833.8000,4834.0000,4834.2000,4835.6000,1,2,1,1,1,1,1,2,1,1
SF,IC2001,2019-11-29 09:30:20.600,4831.6000,4586,0,11599480.000,0,-,-,-,-,4830.4000,4830.2000,4830.0000,4828.4000,4827.2000,4834.0000,4834.2000,4835.6000,4839.0000,4839.6000,1,2,1,1,1,2,1,1,2,1
SF,IC2001,2019-11-29 09:30:21.100,4831.6000,4586,0,11599480.000,0,-,-,-,-,4830.4000,4830.2000,4830.0000,4828.4000,4827.2000,4834.0000,4834.2000,4835.6000,4839.0000,4839.6000,2,2,1,1,1,2,1,1,2,1
SF,IC2001,2019-11-29 09:30:21.600,4831.6000,4586,0,11599480.000,0,-,-,-,-,4830.4000,4830.2000,4830.0000,4829.8000,4828.4000,4834.0000,4834.2000,4835.6000,4839.0000,4839.6000,3,2,1,1,1,2,1,1,2,1
SF,IC2001,2019-11-29 09:30:22.100,4831.6000,4586,0,11599480.000,0,-,-,-,-,4830.6000,4830.4000,4830.2000,4830.0000,4829.8000,4834.0000,4834.2000,4835.6000,4839.0000,4839.6000,1,3,2,1,1,1,1,1,2,1
SF,IC2001,2019-11-29 09:30:22.600,4831.6000,4586,0,11599480.000,0,-,-,-,-,4830.8000,4830.4000,4830.2000,4830.0000,4829.8000,4834.0000,4834.2000,4835.6000,4839.0000,4839.6000,1,2,2,1,1,1,1,1,2,1
SF,IC2001,2019-11-29 09:30:23.100,4831.6000,4586,0,11599480.000,0,-,-,-,-,4830.8000,4830.4000,4830.2000,4830.0000,4829.8000,4834.0000,4835.6000,4839.0000,4839.6000,4840.0000,3,2,2,1,1,1,2,2,1,1
SF,IC2001,2019-11-29 09:30:23.600,4831.6000,4586,0,11599480.000,0,-,-,-,-,4830.8000,4830.4000,4830.2000,4830.0000,4829.8000,4834.0000,4835.6000,4839.0000,4839.6000,4840.0000,3,1,2,1,1,1,1,2,1,1
SF,IC2001,2019-11-29 09:30:24.100,4831.6000,4586,0,11599480.000,0,-,-,-,-,4832.6000,4832.4000,4832.0000,4831.2000,4830.8000,4834.0000,4835.6000,4839.0000,4839.6000,4840.0000,1,2,1,1,3,1,1,2,1,1
SF,IC2001,2019-11-29 09:30:24.600,4831.6000,4586,0,11599480.000,0,-,-,-,-,4831.2000,4830.8000,4830.2000,4830.0000,4829.8000,4834.0000,4835.6000,4839.0000,4839.6000,4840.0000,1,3,2,1,1,1,1,2,1,1
SF,IC2001,2019-11-29 09:30:25.100,4831.6000,4586,0,11599480.000,0,-,-,-,-,4831.6000,4831.4000,4831.2000,4830.8000,4830.2000,4834.0000,4835.6000,4839.0000,4840.0000,4841.6000,1,2,1,2,2,1,1,2,1,1
SF,IC2001,2019-11-29 09:30:25.600,4831.6000,4586,0,11599480.000,0,-,-,-,-,4831.8000,4831.6000,4831.4000,4831.2000,4830.8000,4834.0000,4835.6000,4839.0000,4840.0000,4841.6000,1,1,4,1,2,1,1,2,1,1
SF,IC2001,2019-11-29 09:30:27.600,4831.6000,4586,0,11599480.000,0,-,-,-,-,4831.8000,4831.6000,4831.4000,4831.2000,4830.8000,4834.0000,4835.6000,4839.0000,4840.0000,4841.6000,1,1,1,1,2,1,1,2,1,1
SF,IC2001,2019-11-29 09:30:30.600,4831.6000,4586,0,11599480.000,0,-,-,-,-,4832.0000,4831.8000,4831.6000,4831.4000,4831.2000,4834.0000,4835.6000,4839.0000,4840.0000,4841.6000,1,1,1,6,1,1,1,2,1,1
SF,IC2001,2019-11-29 09:30:31.100,4831.6000,4586,0,11599480.000,0,-,-,-,-,4832.2000,4832.0000,4831.6000,4831.4000,4831.2000,4834.0000,4835.6000,4839.0000,4840.0000,4841.6000,1,1,1,6,1,1,1,2,1,1
SF,IC2001,2019-11-29 09:30:31.600,4831.6000,4586,0,11599480.000,0,-,-,-,-,4832.0000,4831.6000,4831.4000,4831.2000,4830.8000,4834.0000,4835.6000,4839.0000,4840.0000,4841.6000,1,1,6,1,2,1,1,2,1,1
SF,IC2001,2019-11-29 09:30:32.600,4831.6000,4586,0,11599480.000,0,-,-,-,-,4832.0000,4831.4000,4831.2000,4830.8000,4830.2000,4834.0000,4835.6000,4839.0000,4840.0000,4841.6000,1,5,1,2,2,1,1,2,1,1
SF,IC2001,2019-11-29 09:30:33.100,4831.6000,4586,0,11599480.000,0,-,-,-,-,4832.0000,4831.4000,4831.2000,4830.8000,4830.0000,4834.0000,4835.6000,4839.0000,4840.0000,4841.6000,1,5,1,2,1,1,1,2,1,1
SF,IC2001,2019-11-29 09:30:34.100,4831.6000,4586,0,11599480.000,0,-,-,-,-,4832.2000,4832.0000,4831.4000,4831.2000,4830.8000,4834.0000,4835.6000,4839.0000,4840.0000,4841.6000,1,1,5,1,2,1,1,2,1,1
SF,IC2001,2019-11-29 09:30:35.100,4831.6000,4586,0,11599480.000,0,-,-,-,-,4832.2000,4832.0000,4831.4000,4831.2000,4830.8000,4834.0000,4835.6000,4839.0000,4840.0000,4841.6000,1,1,5,1,2,1,1,2,1,1
SF,IC2001,2019-11-29 09:30:36.100,4831.6000,4586,0,11599480.000,0,-,-,-,-,4832.2000,4832.0000,4831.6000,4831.4000,4831.2000,4834.0000,4835.6000,4839.0000,4840.0000,4841.6000,1,1,1,5,1,1,1,2,1,1
SF,IC2001,2019-11-29 09:30:39.100,4831.6000,4586,0,11599480.000,0,-,-,-,-,4832.2000,4832.0000,4831.8000,4831.6000,4831.4000,4834.0000,4835.6000,4839.0000,4840.0000,4841.6000,1,1,2,1,5,1,1,2,1,1
SF,IC2001,2019-11-29 09:30:39.600,4831.6000,4586,0,11599480.000,0,-,-,-,-,4832.2000,4832.0000,4831.8000,4831.6000,4831.4000,4834.0000,4835.6000,4839.0000,4840.0000,4841.6000,1,1,2,1,5,1,1,2,1,1
SF,IC2001,2019-11-29 09:30:40.600,4831.6000,4586,0,11599480.000,0,-,-,-,-,4832.2000,4832.0000,4831.8000,4831.6000,4831.4000,4834.0000,4835.6000,4839.0000,4840.0000,4841.6000,1,1,2,1,5,1,1,2,1,1
SF,IC2001,2019-11-29 09:30:42.100,4832.2000,4587,1,12565920.000,1,1,0,双开,S,4832.0000,4831.8000,4831.6000,4831.4000,4830.0000,4833.8000,4834.0000,4835.6000,4839.0000,4840.0000,1,2,1,5,1,1,1,1,2,1
SF,IC2001,2019-11-29 09:30:42.600,4832.2000,4587,0,12565920.000,0,-,-,-,-,4832.0000,4831.8000,4831.6000,4831.4000,4830.0000,4833.6000,4833.8000,4835.6000,4839.0000,4840.0000,1,2,1,5,1,1,1,1,2,1
SF,IC2001,2019-11-29 09:30:43.600,4832.2000,4587,0,12565920.000,0,-,-,-,-,4832.0000,4831.8000,4831.6000,4831.4000,4830.0000,4833.4000,4833.6000,4833.8000,4834.0000,4835.6000,1,2,1,5,1,3,1,1,1,1
SF,IC2001,2019-11-29 09:30:44.100,4831.6000,4583,-4,16431360.000,4,0,4,双平,S,4831.4000,4830.0000,4829.8000,4828.4000,4827.2000,4832.0000,4833.2000,4833.4000,4833.8000,4834.0000,5,1,1,1,1,2,1,3,1,1
SF,IC2001,2019-11-29 09:30:44.600,4831.6000,4583,0,16431360.000,0,-,-,-,-,4831.4000,4830.0000,4828.4000,4827.2000,4826.4000,4832.0000,4833.2000,4833.4000,4833.8000,4834.0000,5,1,1,1,1,1,1,3,1,1
SF,IC2001,2019-11-29 09:30:45.100,4832.0000,4583,0,17397760.000,1,0,1,多换,S,4831.4000,4830.0000,4828.4000,4827.2000,4826.4000,4833.2000,4833.4000,4833.8000,4834.0000,4835.6000,5,1,1,1,1,1,3,1,1,1
SF,IC2001,2019-11-29 09:30:45.600,4832.0000,4583,0,17397760.000,0,-,-,-,-,4831.4000,4830.0000,4828.4000,4827.2000,4826.4000,4833.0000,4833.2000,4833.4000,4833.8000,4834.0000,5,1,1,1,1,1,1,3,1,1
SF,IC2001,2019-11-29 09:30:46.100,4831.4000,4578,-5,22229160.000,5,0,5,双平,S,4830.0000,4828.4000,4827.2000,4826.4000,4825.2000,4831.4000,4832.6000,4832.8000,4833.0000,4833.4000,1,1,1,1,2,1,2,1,1,3
SF,IC2001,2019-11-29 09:30:46.600,4831.4000,4578,0,22229160.000,0,-,-,-,-,4830.2000,4830.0000,4828.4000,4827.2000,4826.4000,4831.4000,4832.6000,4832.8000,4833.0000,4833.4000,1,1,1,1,1,1,2,1,1,3
SF,IC2001,2019-11-29 09:30:47.600,4831.4000,4578,0,22229160.000,0,-,-,-,-,4830.2000,4830.0000,4828.4000,4827.2000,4826.4000,4831.4000,4832.6000,4832.8000,4833.0000,4833.4000,1,1,1,1,1,1,2,1,1,3
SF,IC2001,2019-11-29 09:30:48.100,4831.4000,4578,0,22229160.000,0,-,-,-,-,4830.2000,4830.0000,4828.4000,4827.2000,4826.4000,4832.6000,4832.8000,4833.0000,4833.4000,4833.8000,1,1,1,1,1,2,1,1,3,1
SF,IC2001,2019-11-29 09:30:48.600,4831.4000,4578,0,22229160.000,0,-,-,-,-,4830.0000,4828.4000,4827.2000,4826.4000,4825.2000,4832.4000,4832.6000,4833.0000,4833.4000,4833.8000,1,1,1,1,2,4,3,1,2,1
SF,IC2001,2019-11-29 09:30:49.100,4831.4000,4578,0,22229160.000,0,-,-,-,-,4830.2000,4830.0000,4828.4000,4827.2000,4826.4000,4831.8000,4832.2000,4832.4000,4832.6000,4833.0000,1,1,1,1,1,1,1,3,3,1
SF,IC2001,2019-11-29 09:30:49.600,4831.4000,4578,0,22229160.000,0,-,-,-,-,4830.2000,4830.0000,4828.4000,4827.2000,4826.4000,4832.2000,4832.4000,4832.6000,4833.0000,4833.4000,1,1,1,1,1,1,3,3,1,2
SF,IC2001,2019-11-29 09:30:50.100,4831.4000,4578,0,22229160.000,0,-,-,-,-,4830.2000,4830.0000,4828.4000,4827.2000,4826.4000,4832.0000,4832.2000,4832.4000,4832.6000,4833.0000,1,1,1,1,1,1,1,2,3,1
SF,IC2001,2019-11-29 09:30:50.600,4831.4000,4578,0,22229160.000,0,-,-,-,-,4830.0000,4828.4000,4827.2000,4826.4000,4825.2000,4832.0000,4833.4000,4833.8000,4834.0000,4835.6000,1,1,1,1,2,1,2,1,1,1
SF,IC2001,2019-11-29 09:30:51.100,4831.4000,4578,0,22229160.000,0,-,-,-,-,4830.0000,4828.4000,4827.2000,4826.4000,4825.2000,4832.0000,4833.4000,4833.8000,4834.0000,4835.6000,1,1,1,1,2,1,2,1,1,1
SF,IC2001,2019-11-29 09:30:51.600,4830.0000,4577,-1,23195160.000,1,0,1,双平,S,4830.2000,4827.2000,4826.4000,4825.2000,4820.2000,4832.0000,4833.4000,4833.8000,4834.0000,4835.6000,1,1,1,2,1,1,2,1,1,1
SF,IC2001,2019-11-29 09:30:52.100,4830.0000,4577,0,23195160.000,0,-,-,-,-,4827.2000,4826.4000,4825.2000,4820.2000,4819.8000,4831.8000,4832.0000,4832.6000,4833.4000,4833.8000,1,1,2,1,5,1,1,1,2,1
SF,IC2001,2019-11-29 09:30:52.600,4830.0000,4577,0,23195160.000,0,-,-,-,-,4827.6000,4827.4000,4827.2000,4826.4000,4825.2000,4831.6000,4831.8000,4832.6000,4833.4000,4833.8000,1,2,1,1,2,1,1,1,2,1
SF,IC2001,2019-11-29 09:30:53.100,4830.0000,4577,0,23195160.000,0,-,-,-,-,4827.8000,4827.6000,4827.4000,4827.2000,4826.4000,4831.6000,4831.8000,4832.6000,4833.4000,4833.8000,1,1,1,1,1,1,1,1,2,1
SF,IC2001,2019-11-29 09:30:53.600,4830.0000,4577,0,23195160.000,0,-,-,-,-,4827.8000,4827.6000,4827.4000,4827.2000,4826.4000,4831.6000,4832.6000,4833.4000,4833.8000,4834.0000,3,1,1,1,1,1,1,2,1,1
SF,IC2001,2019-11-29 09:30:54.100,4830.0000,4577,0,23195160.000,0,-,-,-,-,4827.8000,4827.6000,4827.4000,4827.2000,4826.4000,4831.6000,4832.6000,4833.4000,4833.8000,4834.0000,2,1,1,1,1,1,1,2,1,1
SF,IC2001,2019-11-29 09:30:55.600,4830.0000,4577,0,23195160.000,0,-,-,-,-,4828.2000,4828.0000,4827.8000,4827.2000,4826.4000,4831.6000,4832.6000,4833.4000,4833.8000,4834.0000,1,1,2,1,1,1,1,2,1,1
SF,IC2001,2019-11-29 09:30:56.100,4830.0000,4577,0,23195160.000,0,-,-,-,-,4828.8000,4828.6000,4828.4000,4828.2000,4828.0000,4831.6000,4832.6000,4833.4000,4833.8000,4834.0000,1,1,2,1,1,1,1,2,1,1
SF,IC2001,2019-11-29 09:30:56.600,4830.0000,4577,0,23195160.000,0,-,-,-,-,4829.0000,4828.8000,4828.6000,4828.4000,4828.2000,4831.6000,4832.6000,4833.4000,4833.8000,4834.0000,1,1,1,1,1,1,1,2,1,1
SF,IC2001,2019-11-29 09:30:57.100,4830.0000,4577,0,23195160.000,0,-,-,-,-,4830.2000,4829.0000,4828.8000,4828.6000,4828.4000,4831.6000,4832.6000,4833.4000,4833.8000,4834.0000,1,1,1,1,1,1,1,2,1,1
SF,IC2001,2019-11-29 09:30:57.600,4830.0000,4577,0,23195160.000,0,-,-,-,-,4830.4000,4828.8000,4828.6000,4828.4000,4828.2000,4834.0000,4835.6000,4839.0000,4840.0000,4841.6000,1,1,1,1,1,1,1,2,1,1
SF,IC2001,2019-11-29 09:30:58.100,4830.0000,4577,0,23195160.000,0,-,-,-,-,4830.4000,4828.8000,4828.6000,4828.4000,4828.2000,4833.8000,4834.0000,4835.6000,4839.0000,4840.0000,1,1,1,1,1,3,1,1,2,1
SF,IC2001,2019-11-29 09:30:58.600,4830.0000,4577,0,23195160.000,0,-,-,-,-,4830.4000,4828.8000,4828.6000,4828.4000,4828.2000,4833.8000,4834.0000,4835.6000,4839.0000,4840.0000,1,1,1,1,1,1,1,1,2,1
SF,IC2001,2019-11-29 09:30:59.100,4830.0000,4577,0,23195160.000,0,-,-,-,-,4830.4000,4829.2000,4828.8000,4828.6000,4828.4000,4833.8000,4834.0000,4835.6000,4839.0000,4840.0000,1,1,1,1,1,1,1,1,2,1
SF,IC2001,2019-11-29 09:30:59.600,4830.0000,4577,0,23195160.000,0,-,-,-,-,4830.4000,4829.2000,4828.8000,4828.6000,4828.4000,4833.6000,4833.8000,4834.0000,4835.6000,4839.0000,1,1,1,1,1,2,1,1,1,2
SF,IC2001,2019-11-29 09:31:00.100,4830.0000,4577,0,23195160.000,0,-,-,-,-,4830.4000,4829.2000,4828.8000,4828.6000,4828.4000,4833.4000,4833.6000,4834.0000,4835.6000,4839.0000,1,1,1,1,1,1,2,1,1,2
SF,IC2001,2019-11-29 09:31:00.600,4830.0000,4577,0,23195160.000,0,-,-,-,-,4830.4000,4829.2000,4828.6000,4828.4000,4828.2000,4833.2000,4833.4000,4834.0000,4835.6000,4839.0000,1,1,1,1,1,1,1,1,1,2
SF,IC2001,2019-11-29 09:31:01.100,4830.0000,4577,0,23195160.000,0,-,-,-,-,4830.8000,4830.4000,4829.2000,4828.4000,4828.2000,4833.0000,4833.2000,4834.0000,4835.6000,4839.0000,1,1,1,1,1,1,1,1,1,2
SF,IC2001,2019-11-29 09:31:01.600,4830.0000,4577,0,23195160.000,0,-,-,-,-,4832.0000,4831.0000,4830.8000,4830.6000,4829.2000,4833.0000,4835.6000,4839.0000,4840.0000,4841.6000,1,2,1,2,1,1,1,2,1,1
SF,IC2001,2019-11-29 09:31:02.100,4830.0000,4577,0,23195160.000,0,-,-,-,-,4831.0000,4830.8000,4829.2000,4829.0000,4828.4000,4833.0000,4835.6000,4839.0000,4840.0000,4841.6000,1,1,1,1,1,1,1,2,1,1
SF,IC2001,2019-11-29 09:31:03.100,4830.0000,4577,0,23195160.000,0,-,-,-,-,4831.2000,4831.0000,4830.8000,4830.6000,4829.2000,4833.0000,4835.6000,4839.0000,4840.0000,4841.6000,1,1,1,1,1,1,1,2,1,1
SF,IC2001,2019-11-29 09:31:04.100,4830.0000,4577,0,23195160.000,0,-,-,-,-,4831.0000,4830.8000,4830.6000,4829.2000,4829.0000,4833.0000,4835.6000,4839.0000,4840.0000,4841.6000,1,1,1,1,1,1,1,2,1,1
SF,IC2001,2019-11-29 09:31:04.600,4830.0000,4577,0,23195160.000,0,-,-,-,-,4830.6000,4829.2000,4829.0000,4828.4000,4828.2000,4833.0000,4835.6000,4839.0000,4840.0000,4841.6000,1,1,1,1,1,1,1,2,1,1
SF,IC2001,2019-11-29 09:31:05.100,4830.0000,4577,0,23195160.000,0,-,-,-,-,4830.8000,4829.2000,4829.0000,4828.4000,4828.2000,4833.0000,4833.8000,4835.6000,4839.0000,4840.0000,1,1,1,1,1,1,1,1,2,1
SF,IC2001,2019-11-29 09:31:11.100,4830.8000,4576,-1,24161320.000,1,0,1,双平,S,4829.2000,4829.0000,4828.4000,4828.2000,4828.0000,4832.8000,4833.0000,4833.8000,4835.6000,4839.0000,1,1,1,1,1,1,1,1,1,2
SF,IC2001,2019-11-29 09:31:11.600,4830.8000,4576,0,24161320.000,0,-,-,-,-,4829.4000,4829.0000,4828.0000,4827.8000,4827.2000,4832.4000,4832.6000,4832.8000,4833.8000,4835.6000,1,1,1,1,1,1,3,3,1,1
SF,IC2001,2019-11-29 09:31:12.100,4830.8000,4576,0,24161320.000,0,-,-,-,-,4829.4000,4829.0000,4828.0000,4827.8000,4827.2000,4832.2000,4832.8000,4833.8000,4835.6000,4839.0000,1,1,1,1,1,1,1,1,1,2
SF,IC2001,2019-11-29 09:31:12.600,4830.8000,4576,0,24161320.000,0,-,-,-,-,4829.4000,4829.0000,4828.0000,4827.8000,4827.2000,4832.2000,4832.8000,4833.8000,4835.6000,4839.0000,1,1,1,1,1,2,1,1,1,2
SF,IC2001,2019-11-29 09:31:13.100,4830.8000,4576,0,24161320.000,0,-,-,-,-,4829.4000,4829.0000,4828.0000,4827.8000,4827.2000,4832.2000,4833.8000,4835.6000,4839.0000,4840.0000,1,1,1,1,1,1,1,1,2,1
SF,IC2001,2019-11-29 09:31:14.100,4830.8000,4576,0,24161320.000,0,-,-,-,-,4829.4000,4829.0000,4828.0000,4827.8000,4827.2000,4832.2000,4833.8000,4835.6000,4839.0000,4840.0000,2,1,1,1,1,1,1,1,2,1
SF,IC2001,2019-11-29 09:31:15.100,4830.8000,4576,0,24161320.000,0,-,-,-,-,4829.8000,4829.6000,4829.4000,4829.2000,4829.0000,4832.2000,4833.8000,4834.4000,4835.6000,4839.0000,1,1,2,1,1,1,1,1,1,2
SF,IC2001,2019-11-29 09:31:15.600,4830.8000,4576,0,24161320.000,0,-,-,-,-,4830.0000,4829.8000,4829.4000,4829.2000,4829.0000,4832.2000,4833.8000,4834.4000,4835.6000,4839.0000,1,1,1,1,1,1,1,1,1,2
SF,IC2001,2019-11-29 09:31:16.100,4830.8000,4576,0,24161320.000,0,-,-,-,-,4831.0000,4830.0000,4829.8000,4829.4000,4829.2000,4832.2000,4833.8000,4834.4000,4835.6000,4839.0000,1,1,1,1,1,1,1,1,1,2
SF,IC2001,2019-11-29 09:31:16.600,4830.8000,4576,0,24161320.000,0,-,-,-,-,4830.0000,4829.8000,4829.4000,4829.2000,4829.0000,4832.2000,4833.8000,4834.4000,4835.6000,4839.0000,1,1,1,1,1,1,1,1,1,2
SF,IC2001,2019-11-29 09:31:17.600,4830.8000,4576,0,24161320.000,0,-,-,-,-,4830.0000,4829.8000,4829.4000,4829.2000,4829.0000,4832.2000,4833.8000,4834.4000,4835.6000,4839.0000,1,1,1,1,1,1,1,1,1,2
SF,IC2001,2019-11-29 09:31:18.100,4830.8000,4576,0,24161320.000,0,-,-,-,-,4831.6000,4830.2000,4830.0000,4829.8000,4829.2000,4832.2000,4833.8000,4834.4000,4835.6000,4839.0000,1,1,1,1,1,1,1,1,1,2
SF,IC2001,2019-11-29 09:31:18.600,4832.2000,4575,-1,25127760.000,1,0,1,双平,S,4830.2000,4830.0000,4829.8000,4829.2000,4829.0000,4833.8000,4834.4000,4835.6000,4839.0000,4840.0000,1,1,1,1,1,1,1,1,2,1
SF,IC2001,2019-11-29 09:31:19.100,4832.2000,4575,0,25127760.000,0,-,-,-,-,4830.8000,4830.4000,4830.2000,4829.8000,4829.2000,4833.6000,4833.8000,4834.4000,4835.6000,4839.0000,1,1,1,1,1,1,1,1,1,2
SF,IC2001,2019-11-29 09:31:19.600,4832.2000,4575,0,25127760.000,0,-,-,-,-,4831.0000,4829.8000,4829.2000,4829.0000,4828.0000,4833.6000,4833.8000,4834.4000,4835.6000,4839.0000,1,1,1,1,1,1,1,1,1,2
SF,IC2001,2019-11-29 09:31:20.100,4832.2000,4575,0,25127760.000,0,-,-,-,-,4831.0000,4829.8000,4829.2000,4829.0000,4828.0000,4833.6000,4834.4000,4835.6000,4839.0000,4840.0000,1,1,1,1,1,1,1,1,2,1
SF,IC2001,2019-11-29 09:31:21.100,4832.2000,4575,0,25127760.000,0,-,-,-,-,4831.2000,4831.0000,4829.8000,4829.2000,4829.0000,4833.6000,4834.4000,4835.6000,4839.0000,4840.0000,1,1,1,1,1,1,1,1,2,1
SF,IC2001,2019-11-29 09:31:21.600,4832.2000,4575,0,25127760.000,0,-,-,-,-,4831.4000,4831.2000,4829.8000,4829.2000,4829.0000,4833.6000,4834.4000,4835.6000,4839.0000,4840.0000,1,1,1,1,1,1,1,1,2,1
SF,IC2001,2019-11-29 09:31:22.100,4832.2000,4575,0,25127760.000,0,-,-,-,-,4831.4000,4829.8000,4829.2000,4829.0000,4828.0000,4833.6000,4834.4000,4835.6000,4839.0000,4840.0000,1,1,1,1,1,1,1,1,2,1
SF,IC2001,2019-11-29 09:31:22.600,4832.2000,4575,0,25127760.000,0,-,-,-,-,4831.4000,4829.8000,4829.2000,4829.0000,4828.0000,4832.0000,4833.6000,4834.4000,4835.6000,4839.0000,1,1,1,1,1,3,1,1,1,2
SF,IC2001,2019-11-29 09:31:23.100,4832.0000,4575,0,28027000.000,3,1,2,多换,S,4832.0000,4831.4000,4829.8000,4829.2000,4829.0000,4833.6000,4834.4000,4835.6000,4839.0000,4840.0000,1,1,1,1,1,1,1,1,2,1
SF,IC2001,2019-11-29 09:31:23.600,4833.2000,4570,-5,32860200.000,5,0,5,双平,S,4829.8000,4829.2000,4829.0000,4828.0000,4827.8000,4833.6000,4834.4000,4835.6000,4839.0000,4840.0000,1,1,1,1,1,1,1,1,2,1
SF,IC2001,2019-11-29 09:31:24.100,4833.2000,4570,0,32860200.000,0,-,-,-,-,4830.4000,4830.0000,4829.8000,4829.2000,4829.0000,4833.6000,4834.4000,4835.6000,4839.0000,4840.0000,1,3,1,1,1,1,1,1,2,1
SF,IC2001,2019-11-29 09:31:24.600,4833.2000,4570,0,32860200.000,0,-,-,-,-,4830.6000,4830.4000,4829.8000,4829.2000,4829.0000,4833.4000,4833.6000,4834.4000,4835.6000,4839.0000,1,1,1,1,1,1,1,1,1,2
SF,IC2001,2019-11-29 09:31:25.100,4833.2000,4570,0,32860200.000,0,-,-,-,-,4830.6000,4830.4000,4829.8000,4829.2000,4829.0000,4833.2000,4833.4000,4834.4000,4835.6000,4839.0000,1,1,1,1,1,1,1,1,1,2
SF,IC2001,2019-11-29 09:31:25.600,4833.2000,4570,0,32860200.000,0,-,-,-,-,4830.6000,4830.4000,4829.8000,4829.2000,4829.0000,4832.0000,4833.2000,4833.4000,4834.4000,4835.6000,1,1,1,1,1,3,1,1,1,1
SF,IC2001,2019-11-29 09:31:26.100,4833.2000,4570,0,32860200.000,0,-,-,-,-,4830.6000,4830.4000,4829.8000,4829.2000,4829.0000,4832.0000,4833.2000,4833.4000,4834.2000,4834.4000,1,1,1,1,1,3,1,1,1,1
SF,IC2001,2019-11-29 09:31:26.600,4832.0000,4570,0,35759400.000,3,1,2,多换,S,4832.0000,4830.8000,4830.6000,4830.4000,4829.2000,4833.2000,4833.4000,4834.2000,4834.4000,4835.6000,1,3,2,1,1,1,1,1,1,1
SF,IC2001,2019-11-29 09:31:27.100,4832.0000,4570,0,35759400.000,0,-,-,-,-,4830.8000,4830.6000,4830.4000,4829.2000,4829.0000,4833.2000,4834.4000,4835.6000,4839.0000,4840.0000,3,2,1,1,1,1,1,1,2,1
SF,IC2001,2019-11-29 09:31:27.600,4832.0000,4570,0,35759400.000,0,-,-,-,-,4831.0000,4830.6000,4830.4000,4829.2000,4829.0000,4833.2000,4834.4000,4835.6000,4839.0000,4840.0000,1,1,1,1,1,1,1,1,2,1
SF,IC2001,2019-11-29 09:31:28.600,4832.0000,4570,0,35759400.000,0,-,-,-,-,4831.6000,4831.0000,4830.6000,4830.4000,4829.2000,4833.2000,4834.4000,4835.6000,4839.0000,4840.0000,1,1,1,1,1,1,1,1,2,1
SF,IC2001,2019-11-29 09:31:30.100,4832.0000,4570,0,35759400.000,0,-,-,-,-,4831.6000,4831.0000,4830.6000,4830.4000,4829.2000,4833.0000,4833.2000,4834.4000,4835.6000,4839.0000,1,1,1,1,1,1,1,1,1,2
SF,IC2001,2019-11-29 09:31:30.600,4832.0000,4570,0,35759400.000,0,-,-,-,-,4830.6000,4830.4000,4829.2000,4829.0000,4828.0000,4832.8000,4833.0000,4834.4000,4835.6000,4839.0000,1,1,1,1,1,1,1,1,1,2
SF,IC2001,2019-11-29 09:31:31.100,4832.0000,4570,0,35759400.000,0,-,-,-,-,4830.8000,4830.6000,4830.4000,4829.2000,4829.0000,4832.8000,4833.0000,4834.4000,4835.6000,4839.0000,1,1,1,1,1,1,1,1,1,2
SF,IC2001,2019-11-29 09:31:33.100,4832.0000,4570,0,35759400.000,0,-,-,-,-,4831.0000,4830.8000,4830.6000,4830.4000,4829.2000,4832.8000,4833.0000,4834.4000,4835.6000,4839.0000,1,1,1,1,1,1,1,1,1,2
SF,IC2001,2019-11-29 09:31:33.600,4832.0000,4570,0,35759400.000,0,-,-,-,-,4832.0000,4831.2000,4831.0000,4830.6000,4830.4000,4834.4000,4835.6000,4839.0000,4840.0000,4841.6000,1,1,1,1,1,1,1,2,1,1
SF,IC2001,2019-11-29 09:31:34.100,4832.0000,4570,0,35759400.000,0,-,-,-,-,4831.2000,4831.0000,4830.6000,4830.4000,4829.2000,4834.2000,4834.4000,4835.6000,4839.0000,4840.0000,1,1,1,1,1,1,1,1,2,1
SF,IC2001,2019-11-29 09:31:34.600,4832.0000,4570,0,35759400.000,0,-,-,-,-,4831.2000,4831.0000,4830.6000,4829.2000,4829.0000,4834.2000,4834.4000,4835.6000,4839.0000,4840.0000,1,1,1,1,1,1,1,1,2,1
SF,IC2001,2019-11-29 09:31:35.100,4832.0000,4570,0,35759400.000,0,-,-,-,-,4831.6000,4831.4000,4831.2000,4831.0000,4830.6000,4834.2000,4834.4000,4835.6000,4839.0000,4840.0000,1,1,1,1,1,1,1,1,2,1
SF,IC2001,2019-11-29 09:31:35.600,4832.0000,4570,0,35759400.000,0,-,-,-,-,4831.8000,4831.6000,4831.4000,4831.0000,4830.6000,4834.2000,4834.4000,4835.6000,4839.0000,4840.0000,1,1,2,1,1,1,1,1,2,1
SF,IC2001,2019-11-29 09:31:39.100,4832.0000,4570,0,35759400.000,0,-,-,-,-,4832.0000,4831.8000,4831.6000,4831.4000,4830.6000,4834.2000,4834.4000,4835.6000,4839.0000,4840.0000,1,1,1,2,1,1,1,1,2,1
SF,IC2001,2019-11-29 09:31:39.600,4832.0000,4570,0,35759400.000,0,-,-,-,-,4833.4000,4832.6000,4832.2000,4832.0000,4831.4000,4834.4000,4835.6000,4839.0000,4840.0000,4841.6000,1,1,1,2,1,1,1,2,1,1
SF,IC2001,2019-11-29 09:31:40.100,4832.0000,4570,0,35759400.000,0,-,-,-,-,4832.2000,4832.0000,4831.4000,4830.6000,4829.2000,4834.4000,4837.4000,4839.0000,4840.0000,4841.6000,1,2,1,1,1,1,1,2,1,1
SF,IC2001,2019-11-29 09:31:40.600,4832.0000,4570,0,35759400.000,0,-,-,-,-,4832.4000,4832.2000,4832.0000,4831.4000,4830.6000,4834.2000,4834.4000,4837.4000,4839.0000,4840.0000,1,2,1,1,1,1,1,1,2,1
SF,IC2001,2019-11-29 09:31:41.100,4834.2000,4569,-1,36726240.000,1,0,1,双平,S,4833.6000,4832.6000,4832.4000,4832.2000,4832.0000,4834.4000,4837.4000,4839.0000,4840.0000,4841.6000,1,2,3,1,1,1,1,2,1,1
SF,IC2001,2019-11-29 09:31:41.600,4834.2000,4569,0,36726240.000,0,-,-,-,-,4832.6000,4832.4000,4832.2000,4832.0000,4831.4000,4834.4000,4837.4000,4839.0000,4840.0000,4841.6000,2,3,1,1,1,1,1,2,1,1
SF,IC2001,2019-11-29 09:31:42.100,4834.2000,4569,0,36726240.000,0,-,-,-,-,4832.6000,4832.4000,4832.2000,4832.0000,4831.4000,4834.4000,4837.4000,4839.0000,4840.0000,4841.6000,2,2,1,1,1,1,1,2,1,1
SF,IC2001,2019-11-29 09:31:42.600,4834.4000,4568,-1,37693120.000,1,0,1,双平,S,4833.4000,4832.6000,4832.2000,4832.0000,4831.4000,4837.4000,4839.0000,4840.0000,4841.6000,4843.0000,1,1,1,1,1,1,2,1,1,5
SF,IC2001,2019-11-29 09:31:43.100,4834.4000,4568,0,37693120.000,0,-,-,-,-,4833.6000,4832.0000,4831.4000,4830.6000,4829.2000,4836.4000,4837.0000,4837.2000,4837.4000,4839.0000,1,1,1,1,1,1,1,4,1,2
SF,IC2001,2019-11-29 09:31:43.600,4834.4000,4568,0,37693120.000,0,-,-,-,-,4832.0000,4831.4000,4830.6000,4829.2000,4829.0000,4836.2000,4836.4000,4837.0000,4837.2000,4837.4000,1,1,1,1,1,2,1,1,2,1
SF,IC2001,2019-11-29 09:31:44.100,4834.4000,4568,0,37693120.000,0,-,-,-,-,4832.6000,4832.2000,4832.0000,4831.4000,4830.6000,4836.2000,4837.2000,4837.4000,4839.0000,4840.0000,1,3,1,1,1,2,2,1,2,1
SF,IC2001,2019-11-29 09:31:44.600,4834.4000,4568,0,37693120.000,0,-,-,-,-,4832.8000,4832.6000,4832.2000,4832.0000,4831.4000,4836.0000,4836.2000,4837.2000,4837.4000,4839.0000,2,1,2,1,1,1,2,2,1,2
SF,IC2001,2019-11-29 09:31:45.100,4834.4000,4568,0,37693120.000,0,-,-,-,-,4832.8000,4832.6000,4832.2000,4832.0000,4831.4000,4835.8000,4836.0000,4837.2000,4837.4000,4839.0000,2,1,2,1,1,1,4,2,1,2
SF,IC2001,2019-11-29 09:31:46.100,4834.4000,4568,0,37693120.000,0,-,-,-,-,4832.8000,4832.6000,4832.2000,4832.0000,4831.4000,4835.8000,4836.0000,4837.2000,4837.4000,4839.0000,1,1,2,1,1,1,4,2,1,2
SF,IC2001,2019-11-29 09:31:47.600,4834.4000,4568,0,37693120.000,0,-,-,-,-,4832.8000,4832.0000,4831.4000,4830.6000,4829.2000,4835.8000,4836.0000,4837.2000,4837.4000,4839.0000,1,1,1,1,1,1,4,2,1,2
SF,IC2001,2019-11-29 09:31:48.100,4834.4000,4568,0,37693120.000,0,-,-,-,-,4832.8000,4832.0000,4831.4000,4830.6000,4829.2000,4834.0000,4835.8000,4836.0000,4837.2000,4837.4000,1,1,1,1,1,3,1,4,2,1
SF,IC2001,2019-11-29 09:31:48.600,4834.4000,4568,0,37693120.000,0,-,-,-,-,4833.6000,4832.8000,4832.0000,4831.4000,4830.6000,4834.0000,4835.8000,4836.0000,4837.2000,4837.4000,1,1,6,1,1,3,1,4,2,1
SF,IC2001,2019-11-29 09:31:49.100,4834.0000,4568,0,38659920.000,1,0,1,多换,S,4832.8000,4832.0000,4831.4000,4830.6000,4829.2000,4834.0000,4835.8000,4836.0000,4837.2000,4837.4000,1,6,1,1,1,2,1,4,2,1
SF,IC2001,2019-11-29 09:31:49.600,4834.0000,4569,1,39626720.000,1,1,0,双开,S,4833.0000,4832.8000,4832.0000,4831.4000,4830.6000,4834.0000,4835.8000,4836.0000,4837.2000,4837.4000,1,1,6,1,1,1,1,4,2,1
SF,IC2001,2019-11-29 09:31:50.100,4834.0000,4569,0,40593520.000,1,0,1,多换,S,4834.4000,4834.0000,4833.4000,4833.2000,4833.0000,4835.8000,4836.0000,4837.2000,4837.4000,4839.0000,1,1,1,1,4,1,3,2,1,2
SF,IC2001,2019-11-29 09:31:50.600,4834.0000,4569,0,40593520.000,0,-,-,-,-,4834.4000,4833.4000,4833.2000,4833.0000,4832.0000,4835.8000,4836.0000,4837.2000,4837.4000,4839.0000,1,1,1,4,6,1,3,2,1,2
SF,IC2001,2019-11-29 09:31:51.100,4834.0000,4569,0,40593520.000,0,-,-,-,-,4834.6000,4834.4000,4833.4000,4833.2000,4833.0000,4835.8000,4836.0000,4837.2000,4837.4000,4839.0000,1,1,1,1,4,1,3,2,1,2
SF,IC2001,2019-11-29 09:31:51.600,4834.0000,4569,0,40593520.000,0,-,-,-,-,4834.8000,4834.6000,4833.4000,4833.2000,4833.0000,4835.8000,4836.0000,4837.2000,4837.4000,4839.0000,1,1,1,1,4,1,3,2,1,2
SF,IC2001,2019-11-29 09:31:52.100,4834.6000,4567,-2,42527400.000,2,0,2,双平,S,4833.4000,4833.2000,4833.0000,4832.0000,4831.4000,4835.8000,4836.0000,4837.2000,4837.4000,4839.0000,1,1,1,6,1,1,3,2,1,2
SF,IC2001,2019-11-29 09:31:52.600,4834.6000,4567,0,42527400.000,0,-,-,-,-,4833.6000,4833.4000,4833.0000,4832.0000,4831.4000,4835.8000,4836.0000,4837.2000,4837.4000,4839.0000,1,1,1,6,1,1,3,2,1,2
SF,IC2001,2019-11-29 09:31:53.100,4834.6000,4567,0,42527400.000,0,-,-,-,-,4833.6000,4833.0000,4832.0000,4831.4000,4830.6000,4835.8000,4836.0000,4837.2000,4837.4000,4839.0000,1,1,6,1,1,1,3,2,1,2
SF,IC2001,2019-11-29 09:31:55.100,4834.6000,4567,0,42527400.000,0,-,-,-,-,4833.8000,4833.6000,4833.0000,4832.0000,4831.4000,4835.8000,4836.0000,4837.2000,4837.4000,4839.0000,1,1,1,6,1,1,3,2,1,2
SF,IC2001,2019-11-29 09:31:55.600,4834.6000,4567,0,42527400.000,0,-,-,-,-,4834.0000,4833.8000,4833.0000,4832.0000,4831.4000,4835.8000,4836.0000,4837.2000,4837.4000,4839.0000,1,1,1,6,1,1,3,2,1,2
SF,IC2001,2019-11-29 09:31:56.100,4835.8000,4567,0,43494560.000,1,0,1,多换,S,4833.0000,4832.0000,4831.4000,4830.6000,4829.2000,4836.0000,4837.2000,4837.4000,4839.0000,4840.0000,1,6,1,1,1,3,2,1,2,1
SF,IC2001,2019-11-29 09:31:56.600,4835.8000,4567,0,43494560.000,0,-,-,-,-,4833.2000,4833.0000,4832.0000,4831.4000,4830.6000,4835.8000,4836.0000,4837.2000,4837.4000,4839.0000,1,1,6,1,1,1,3,2,1,2
SF,IC2001,2019-11-29 09:31:57.600,4835.8000,4567,0,43494560.000,0,-,-,-,-,4833.2000,4832.0000,4831.4000,4830.6000,4829.2000,4835.8000,4836.0000,4837.2000,4837.4000,4839.0000,1,6,1,1,1,1,3,2,1,2
SF,IC2001,2019-11-29 09:31:58.100,4835.8000,4567,0,43494560.000,0,-,-,-,-,4833.2000,4832.0000,4831.4000,4830.6000,4829.2000,4835.6000,4835.8000,4836.0000,4837.2000,4837.4000,1,6,1,1,1,1,1,3,2,1
SF,IC2001,2019-11-29 09:31:58.600,4835.8000,4567,0,43494560.000,0,-,-,-,-,4833.2000,4832.0000,4831.4000,4830.6000,4829.2000,4835.4000,4835.6000,4836.0000,4837.2000,4837.4000,1,6,1,1,1,1,1,3,2,1
SF,IC2001,2019-11-29 09:31:59.100,4835.8000,4567,0,43494560.000,0,-,-,-,-,4833.2000,4832.0000,4831.4000,4830.6000,4829.2000,4836.0000,4837.2000,4837.4000,4839.0000,4840.0000,1,6,1,1,1,3,2,1,2,1
SF,IC2001,2019-11-29 09:31:59.600,4835.8000,4567,0,43494560.000,0,-,-,-,-,4833.2000,4832.0000,4831.4000,4830.6000,4829.2000,4835.8000,4836.0000,4837.2000,4837.4000,4839.0000,1,6,1,1,1,1,3,2,1,2
SF,IC2001,2019-11-29 09:32:01.100,4835.8000,4567,0,43494560.000,0,-,-,-,-,4833.2000,4832.0000,4831.4000,4830.6000,4829.2000,4835.6000,4835.8000,4836.0000,4837.2000,4837.4000,1,6,1,1,1,1,1,3,2,1
SF,IC2001,2019-11-29 09:32:01.600,4835.8000,4567,0,43494560.000,0,-,-,-,-,4833.2000,4832.0000,4831.4000,4830.6000,4829.2000,4835.4000,4836.0000,4837.2000,4837.4000,4839.0000,1,6,1,1,1,1,3,2,1,2
SF,IC2001,2019-11-29 09:32:04.600,4835.8000,4567,0,43494560.000,0,-,-,-,-,4833.2000,4832.0000,4831.4000,4830.6000,4829.2000,4835.4000,4836.0000,4837.2000,4837.4000,4839.0000,2,6,1,1,1,1,3,2,1,2
SF,IC2001,2019-11-29 09:32:05.100,4835.8000,4567,0,43494560.000,0,-,-,-,-,4833.2000,4832.0000,4831.4000,4830.6000,4829.2000,4836.0000,4837.2000,4837.4000,4839.0000,4840.0000,2,6,1,1,1,3,2,1,2,1
SF,IC2001,2019-11-29 09:32:05.600,4835.8000,4567,0,43494560.000,0,-,-,-,-,4833.2000,4832.0000,4831.4000,4830.6000,4829.2000,4835.8000,4836.0000,4837.2000,4837.4000,4839.0000,2,6,1,1,1,1,3,2,1,2
SF,IC2001,2019-11-29 09:32:06.100,4835.8000,4567,0,43494560.000,0,-,-,-,-,4833.2000,4832.0000,4831.4000,4830.6000,4829.2000,4836.0000,4837.2000,4837.4000,4839.0000,4840.0000,2,6,1,1,1,3,2,1,2,1
SF,IC2001,2019-11-29 09:32:06.600,4835.8000,4567,0,43494560.000,0,-,-,-,-,4833.4000,4833.2000,4832.0000,4831.4000,4830.6000,4835.8000,4836.0000,4837.2000,4837.4000,4839.0000,2,2,6,1,1,1,3,2,1,2
SF,IC2001,2019-11-29 09:32:07.100,4835.8000,4567,0,43494560.000,0,-,-,-,-,4833.6000,4833.4000,4833.2000,4832.0000,4831.4000,4836.0000,4837.2000,4837.4000,4839.0000,4840.0000,1,2,1,6,1,3,2,1,2,1
SF,IC2001,2019-11-29 09:32:11.100,4835.8000,4567,0,43494560.000,0,-,-,-,-,4833.8000,4833.6000,4833.4000,4833.2000,4832.0000,4836.0000,4837.2000,4837.4000,4839.0000,4840.0000,1,1,3,1,6,3,2,1,2,1
SF,IC2001,2019-11-29 09:32:11.600,4835.8000,4567,0,43494560.000,0,-,-,-,-,4834.0000,4833.8000,4833.4000,4832.0000,4831.4000,4836.0000,4837.4000,4839.0000,4840.0000,4841.6000,1,1,2,6,1,3,1,2,1,1
SF,IC2001,2019-11-29 09:32:12.100,4835.8000,4567,0,43494560.000,0,-,-,-,-,4834.6000,4834.2000,4834.0000,4833.8000,4833.4000,4836.0000,4838.8000,4839.0000,4840.0000,4841.6000,1,2,1,1,2,3,1,2,1,1
SF,IC2001,2019-11-29 09:32:12.600,4836.0000,4567,0,44461760.000,1,0,1,多换,S,4834.8000,4834.6000,4834.2000,4833.8000,4833.4000,4836.0000,4838.8000,4839.0000,4840.0000,4841.6000,1,1,2,1,2,2,1,2,1,1
SF,IC2001,2019-11-29 09:32:13.600,4836.0000,4567,0,45428960.000,1,0,1,多换,S,4834.8000,4834.6000,4834.2000,4833.8000,4833.4000,4836.0000,4838.8000,4839.0000,4840.0000,4841.6000,1,1,2,1,2,1,1,2,1,1
SF,IC2001,2019-11-29 09:32:14.100,4836.0000,4567,0,45428960.000,0,-,-,-,-,4834.8000,4834.6000,4834.2000,4833.8000,4833.4000,4836.0000,4838.8000,4839.0000,4840.0000,4841.6000,1,1,1,1,2,1,1,2,1,1
SF,IC2001,2019-11-29 09:32:14.600,4836.0000,4567,0,46396160.000,1,0,1,多换,S,4836.0000,4835.2000,4835.0000,4834.8000,4834.6000,4839.0000,4840.0000,4841.6000,4843.0000,4844.6000,1,1,1,1,1,2,1,1,5,1
SF,IC2001,2019-11-29 09:32:15.100,4836.0000,4567,0,46396160.000,0,-,-,-,-,4836.2000,4835.2000,4835.0000,4834.6000,4834.2000,4838.8000,4839.0000,4840.0000,4841.6000,4843.0000,1,1,1,1,1,2,2,1,1,5
SF,IC2001,2019-11-29 09:32:15.600,4836.0000,4567,0,46396160.000,0,-,-,-,-,4835.2000,4835.0000,4834.6000,4834.2000,4833.8000,4838.8000,4839.0000,4840.0000,4841.6000,4843.0000,1,1,1,1,1,2,1,1,1,5
SF,IC2001,2019-11-29 09:32:16.100,4836.0000,4567,0,46396160.000,0,-,-,-,-,4835.4000,4835.2000,4835.0000,4834.6000,4834.2000,4838.8000,4839.0000,4840.0000,4841.6000,4842.8000,2,1,1,1,1,2,1,1,1,2
SF,IC2001,2019-11-29 09:32:16.600,4836.0000,4567,0,46396160.000,0,-,-,-,-,4835.4000,4835.0000,4834.2000,4833.8000,4833.4000,4838.8000,4839.0000,4840.0000,4841.6000,4842.8000,2,1,1,1,1,2,1,1,1,2
SF,IC2001,2019-11-29 09:32:17.100,4836.0000,4567,0,46396160.000,0,-,-,-,-,4836.6000,4836.0000,4835.6000,4835.4000,4835.0000,4838.8000,4839.0000,4840.0000,4841.6000,4842.8000,1,1,1,3,1,2,1,1,1,2
SF,IC2001,2019-11-29 09:32:18.100,4836.0000,4567,0,46396160.000,0,-,-,-,-,4836.6000,4836.0000,4835.6000,4835.4000,4835.0000,4838.8000,4839.0000,4840.0000,4841.6000,4842.8000,1,1,1,3,1,2,1,1,1,2
SF,IC2001,2019-11-29 09:32:20.600,4836.0000,4567,0,46396160.000,0,-,-,-,-,4836.0000,4835.4000,4835.0000,4834.2000,4833.8000,4838.8000,4839.0000,4840.0000,4841.6000,4842.8000,1,3,1,1,1,2,1,1,1,2
SF,IC2001,2019-11-29 09:32:21.100,4836.0000,4567,0,46396160.000,0,-,-,-,-,4836.2000,4835.4000,4835.0000,4834.2000,4833.8000,4838.8000,4839.0000,4840.0000,4841.6000,4842.8000,1,2,1,1,1,2,1,1,1,2
SF,IC2001,2019-11-29 09:32:21.600,4836.0000,4567,0,46396160.000,0,-,-,-,-,4836.2000,4835.4000,4835.0000,4834.2000,4833.8000,4838.6000,4838.8000,4839.0000,4840.0000,4841.6000,1,2,1,1,1,1,2,1,1,1
SF,IC2001,2019-11-29 09:32:22.100,4836.0000,4567,0,46396160.000,0,-,-,-,-,4836.2000,4835.4000,4835.0000,4834.2000,4833.8000,4838.4000,4838.8000,4839.0000,4840.0000,4841.6000,1,2,1,1,1,1,1,1,1,1
SF,IC2001,2019-11-29 09:32:23.100,4836.0000,4567,0,46396160.000,0,-,-,-,-,4836.2000,4834.2000,4833.8000,4833.4000,4832.0000,4838.4000,4838.8000,4839.0000,4840.0000,4841.6000,1,1,1,1,6,1,1,1,1,1
SF,IC2001,2019-11-29 09:32:23.600,4836.0000,4567,0,46396160.000,0,-,-,-,-,4836.2000,4834.2000,4833.8000,4833.4000,4832.0000,4838.2000,4838.4000,4838.8000,4839.0000,4840.0000,1,1,1,1,6,1,1,1,1,1
SF,IC2001,2019-11-29 09:32:24.100,4836.0000,4567,0,46396160.000,0,-,-,-,-,4836.2000,4834.2000,4833.8000,4833.4000,4832.0000,4838.0000,4838.2000,4838.8000,4839.0000,4840.0000,1,1,1,1,6,1,2,1,1,1
SF,IC2001,2019-11-29 09:32:24.600,4836.0000,4567,0,46396160.000,0,-,-,-,-,4836.2000,4834.2000,4833.8000,4833.4000,4832.0000,4838.2000,4838.8000,4839.0000,4840.0000,4841.6000,1,1,1,1,6,1,1,1,1,1
SF,IC2001,2019-11-29 09:32:25.100,4836.0000,4567,0,46396160.000,0,-,-,-,-,4836.2000,4834.8000,4834.2000,4833.8000,4833.4000,4838.2000,4838.8000,4839.0000,4840.0000,4841.6000,1,1,1,1,1,1,1,1,1,1
SF,IC2001,2019-11-29 09:32:25.600,4836.0000,4567,0,46396160.000,0,-,-,-,-,4836.2000,4834.8000,4834.2000,4833.8000,4833.4000,4838.8000,4839.0000,4840.0000,4841.6000,4842.8000,1,1,1,1,1,1,1,1,1,2
SF,IC2001,2019-11-29 09:32:26.100,4836.0000,4567,0,46396160.000,0,-,-,-,-,4836.2000,4834.8000,4834.2000,4833.8000,4833.4000,4838.6000,4838.8000,4839.0000,4840.0000,4841.6000,1,1,1,1,1,1,1,1,1,1
SF,IC2001,2019-11-29 09:32:27.600,4836.0000,4567,0,46396160.000,0,-,-,-,-,4836.4000,4836.2000,4834.8000,4834.2000,4833.8000,4838.6000,4838.8000,4839.0000,4840.0000,4841.6000,1,2,1,1,1,1,1,1,1,1
SF,IC2001,2019-11-29 09:32:28.100,4836.0000,4567,0,46396160.000,0,-,-,-,-,4836.6000,4834.8000,4834.2000,4833.8000,4833.4000,4838.6000,4838.8000,4839.0000,4840.0000,4841.6000,1,1,1,1,1,1,1,1,1,1
SF,IC2001,2019-11-29 09:32:28.600,4836.0000,4567,0,46396160.000,0,-,-,-,-,4836.6000,4834.8000,4834.2000,4833.8000,4833.4000,4838.6000,4838.8000,4839.0000,4840.0000,4841.6000,1,1,1,1,1,1,1,1,1,1
SF,IC2001,2019-11-29 09:32:29.100,4836.0000,4567,0,46396160.000,0,-,-,-,-,4836.6000,4834.8000,4834.2000,4833.8000,4833.4000,4838.6000,4838.8000,4839.0000,4840.0000,4841.6000,1,1,1,1,1,1,1,1,1,1
SF,IC2001,2019-11-29 09:32:29.600,4836.0000,4567,0,46396160.000,0,-,-,-,-,4836.6000,4834.8000,4834.2000,4833.8000,4833.4000,4838.4000,4838.6000,4838.8000,4839.0000,4840.0000,1,1,1,1,1,1,1,1,1,1
SF,IC2001,2019-11-29 09:32:30.100,4836.0000,4567,0,46396160.000,0,-,-,-,-,4836.6000,4834.8000,4834.2000,4833.8000,4833.4000,4838.2000,4838.8000,4839.0000,4840.0000,4841.6000,1,1,1,1,1,2,1,1,1,1
SF,IC2001,2019-11-29 09:32:35.100,4836.0000,4567,0,46396160.000,0,-,-,-,-,4836.6000,4834.8000,4834.2000,4833.8000,4833.4000,4838.2000,4838.8000,4839.0000,4840.0000,4841.6000,1,1,1,1,1,2,1,1,1,1
SF,IC2001,2019-11-29 09:32:35.600,4836.0000,4567,0,46396160.000,0,-,-,-,-,4836.6000,4834.8000,4834.2000,4833.8000,4833.4000,4838.8000,4839.0000,4840.0000,4841.6000,4844.6000,1,1,1,1,1,1,1,1,1,1
SF,IC2001,2019-11-29 09:32:36.100,4836.0000,4567,0,46396160.000,0,-,-,-,-,4836.6000,4834.8000,4834.2000,4833.8000,4833.4000,4838.6000,4838.8000,4839.0000,4840.0000,4841.6000,1,1,1,1,1,1,1,1,1,1
SF,IC2001,2019-11-29 09:32:36.600,4836.0000,4567,0,46396160.000,0,-,-,-,-,4836.6000,4834.8000,4834.2000,4833.8000,4833.4000,4838.6000,4838.8000,4839.0000,4840.0000,4841.6000,1,1,1,1,1,2,1,1,1,1
SF,IC2001,2019-11-29 09:32:38.600,4836.6000,4566,-1,47363480.000,1,0,1,双平,S,4833.8000,4833.4000,4832.0000,4831.4000,4830.6000,4838.6000,4838.8000,4839.0000,4840.0000,4841.6000,1,1,6,6,1,2,1,1,1,1
SF,IC2001,2019-11-29 09:32:39.100,4836.6000,4566,0,47363480.000,0,-,-,-,-,4834.6000,4834.4000,4834.0000,4833.8000,4833.4000,4838.4000,4838.6000,4838.8000,4839.0000,4840.0000,1,2,2,1,1,2,2,1,1,1
SF,IC2001,2019-11-29 09:32:39.600,4836.6000,4566,0,47363480.000,0,-,-,-,-,4834.8000,4834.6000,4834.4000,4834.0000,4833.8000,4837.6000,4838.2000,4838.4000,4838.6000,4838.8000,1,1,2,1,1,1,3,1,1,1
SF,IC2001,2019-11-29 09:32:40.100,4836.6000,4566,0,47363480.000,0,-,-,-,-,4834.8000,4834.6000,4834.4000,4834.0000,4833.8000,4837.6000,4838.2000,4838.4000,4838.6000,4838.8000,3,1,2,1,1,1,2,1,1,1
SF,IC2001,2019-11-29 09:32:40.600,4836.6000,4566,0,47363480.000,0,-,-,-,-,4834.8000,4834.6000,4834.4000,4834.0000,4833.8000,4837.4000,4837.6000,4838.2000,4838.4000,4838.6000,1,1,2,1,1,1,1,1,1,1
SF,IC2001,2019-11-29 09:32:42.100,4836.6000,4566,0,47363480.000,0,-,-,-,-,4834.8000,4834.6000,4834.4000,4834.0000,4833.8000,4837.4000,4837.6000,4838.2000,4838.4000,4838.6000,1,1,2,1,1,1,1,1,1,1
SF,IC2001,2019-11-29 09:32:44.600,4836.6000,4566,0,47363480.000,0,-,-,-,-,4834.8000,4834.6000,4834.4000,4834.0000,4833.8000,4837.4000,4837.6000,4838.2000,4838.4000,4838.6000,1,1,2,1,1,1,1,1,1,1
SF,IC2001,2019-11-29 09:32:45.100,4836.6000,4566,0,47363480.000,0,-,-,-,-,4834.8000,4834.6000,4834.4000,4834.0000,4833.8000,4837.4000,4837.6000,4838.2000,4838.4000,4838.6000,1,1,1,1,1,1,1,1,1,2
SF,IC2001,2019-11-29 09:32:45.600,4836.6000,4566,0,47363480.000,0,-,-,-,-,4834.8000,4833.8000,4833.4000,4832.0000,4831.4000,4837.4000,4837.6000,4838.2000,4838.4000,4838.6000,1,1,1,6,6,1,1,1,1,2
SF,IC2001,2019-11-29 09:32:46.100,4836.6000,4566,0,47363480.000,0,-,-,-,-,4834.8000,4833.8000,4833.4000,4832.0000,4831.4000,4837.2000,4837.4000,4837.6000,4838.2000,4838.4000,1,1,1,6,6,1,1,1,1,1
SF,IC2001,2019-11-29 09:32:46.600,4836.6000,4566,0,47363480.000,0,-,-,-,-,4834.8000,4833.8000,4833.4000,4832.0000,4831.4000,4837.0000,4837.2000,4837.6000,4838.2000,4838.4000,1,1,1,6,6,1,2,1,1,1
SF,IC2001,2019-11-29 09:32:47.100,4836.6000,4566,0,47363480.000,0,-,-,-,-,4834.8000,4833.8000,4833.4000,4832.0000,4831.4000,4836.8000,4837.0000,4837.2000,4837.6000,4838.4000,1,1,1,6,1,1,1,2,1,1
SF,IC2001,2019-11-29 09:32:47.600,4836.6000,4566,0,47363480.000,0,-,-,-,-,4833.4000,4832.0000,4831.4000,4830.6000,4829.0000,4836.4000,4836.6000,4836.8000,4837.2000,4837.6000,1,6,1,1,2,1,1,2,2,1
SF,IC2001,2019-11-29 09:32:48.100,4836.6000,4566,0,47363480.000,0,-,-,-,-,4833.6000,4833.4000,4832.0000,4831.4000,4830.6000,4836.2000,4836.4000,4837.2000,4837.6000,4838.4000,2,2,6,1,1,2,1,2,1,1
SF,IC2001,2019-11-29 09:32:49.100,4836.6000,4566,0,47363480.000,0,-,-,-,-,4833.6000,4833.4000,4832.0000,4831.4000,4830.6000,4836.2000,4837.2000,4837.6000,4838.4000,4838.6000,2,2,6,1,1,1,1,1,1,2
SF,IC2001,2019-11-29 09:32:50.100,4836.6000,4566,0,47363480.000,0,-,-,-,-,4833.6000,4833.4000,4832.0000,4831.4000,4830.6000,4836.2000,4837.2000,4837.6000,4838.4000,4838.6000,2,2,6,1,1,1,1,1,1,2
SF,IC2001,2019-11-29 09:32:51.600,4836.6000,4566,0,47363480.000,0,-,-,-,-,4835.0000,4833.6000,4833.4000,4832.0000,4831.4000,4836.2000,4837.2000,4837.6000,4838.4000,4838.6000,1,2,2,6,1,1,1,1,1,2
SF,IC2001,2019-11-29 09:32:53.100,4835.0000,4565,-1,48330480.000,1,0,1,双平,S,4833.6000,4833.4000,4832.0000,4831.4000,4830.6000,4836.2000,4837.2000,4837.6000,4838.4000,4838.6000,2,2,6,1,1,1,1,1,1,2
SF,IC2001,2019-11-29 09:32:54.600,4835.0000,4565,0,48330480.000,0,-,-,-,-,4833.8000,4833.6000,4833.4000,4832.0000,4831.4000,4836.2000,4837.2000,4837.6000,4838.4000,4838.6000,2,2,2,6,1,1,1,1,1,2
SF,IC2001,2019-11-29 09:32:55.100,4835.0000,4565,0,48330480.000,0,-,-,-,-,4834.0000,4833.6000,4833.4000,4832.0000,4831.4000,4836.2000,4837.2000,4837.6000,4838.4000,4838.6000,1,1,2,6,1,1,1,1,1,2
SF,IC2001,2019-11-29 09:32:59.600,4835.0000,4565,0,48330480.000,0,-,-,-,-,4834.2000,4834.0000,4833.6000,4833.4000,4832.0000,4836.2000,4837.2000,4837.6000,4838.4000,4838.6000,2,1,1,2,6,1,1,1,1,2
SF,IC2001,2019-11-29 09:33:00.100,4835.0000,4565,0,48330480.000,0,-,-,-,-,4834.4000,4834.2000,4833.4000,4832.0000,4831.4000,4837.6000,4838.4000,4838.6000,4838.8000,4839.0000,1,3,1,6,1,1,1,2,1,1
SF,IC2001,2019-11-29 09:33:00.600,4835.0000,4565,0,48330480.000,0,-,-,-,-,4835.2000,4835.0000,4834.6000,4834.4000,4834.2000,4837.4000,4837.6000,4838.4000,4838.6000,4838.8000,1,1,4,1,3,1,1,1,2,1
SF,IC2001,2019-11-29 09:33:01.100,4835.0000,4565,0,48330480.000,0,-,-,-,-,4835.4000,4835.2000,4835.0000,4834.6000,4834.2000,4837.4000,4837.6000,4838.6000,4838.8000,4839.0000,1,1,1,4,3,1,1,2,1,1
SF,IC2001,2019-11-29 09:33:01.600,4835.0000,4565,0,48330480.000,0,-,-,-,-,4835.4000,4835.2000,4835.0000,4834.6000,4834.2000,4837.4000,4837.6000,4838.6000,4838.8000,4839.0000,1,1,1,4,3,1,1,1,1,1
SF,IC2001,2019-11-29 09:33:02.100,4835.0000,4565,0,48330480.000,0,-,-,-,-,4835.4000,4835.2000,4835.0000,4834.6000,4834.2000,4837.6000,4838.6000,4838.8000,4839.0000,4839.8000,1,1,1,3,3,1,1,1,1,5
SF,IC2001,2019-11-29 09:33:02.600,4835.0000,4565,0,48330480.000,0,-,-,-,-,4835.6000,4835.4000,4835.2000,4835.0000,4834.6000,4838.6000,4838.8000,4839.0000,4839.8000,4840.0000,4,1,1,2,3,1,1,1,5,1
SF,IC2001,2019-11-29 09:33:03.100,4835.0000,4565,0,48330480.000,0,-,-,-,-,4835.8000,4835.6000,4835.0000,4834.6000,4834.2000,4838.4000,4838.6000,4838.8000,4839.0000,4839.8000,1,4,1,3,3,1,1,1,1,5
SF,IC2001,2019-11-29 09:33:03.600,4835.0000,4565,0,48330480.000,0,-,-,-,-,4836.6000,4836.4000,4836.0000,4835.8000,4835.6000,4838.4000,4838.6000,4838.8000,4839.0000,4839.8000,1,1,3,1,4,1,1,1,1,5
SF,IC2001,2019-11-29 09:33:04.100,4835.0000,4565,0,48330480.000,0,-,-,-,-,4836.8000,4836.6000,4836.4000,4836.0000,4835.6000,4838.4000,4838.6000,4838.8000,4839.0000,4839.8000,1,1,1,3,4,1,1,1,1,5
SF,IC2001,2019-11-29 09:33:06.600,4835.0000,4565,0,48330480.000,0,-,-,-,-,4836.8000,4836.6000,4836.4000,4836.0000,4835.6000,4838.4000,4838.6000,4838.8000,4839.0000,4839.8000,1,1,1,1,4,1,1,1,1,5
SF,IC2001,2019-11-29 09:33:07.100,4835.0000,4565,0,48330480.000,0,-,-,-,-,4836.8000,4836.0000,4835.6000,4835.0000,4834.6000,4838.4000,4838.6000,4838.8000,4839.0000,4839.8000,1,1,4,1,2,1,1,1,1,5
SF,IC2001,2019-11-29 09:33:07.600,4835.0000,4565,0,48330480.000,0,-,-,-,-,4835.6000,4835.0000,4834.6000,4834.2000,4833.4000,4838.4000,4838.6000,4838.8000,4839.0000,4839.8000,1,1,2,3,1,1,1,1,1,5
SF,IC2001,2019-11-29 09:33:08.100,4835.0000,4565,0,48330480.000,0,-,-,-,-,4835.8000,4835.6000,4835.0000,4834.6000,4834.2000,4838.4000,4838.6000,4838.8000,4839.0000,4839.8000,2,1,1,2,3,1,1,1,1,5
SF,IC2001,2019-11-29 09:33:09.100,4835.0000,4565,0,48330480.000,0,-,-,-,-,4836.0000,4835.8000,4835.6000,4835.0000,4834.6000,4838.4000,4838.6000,4838.8000,4839.0000,4839.8000,1,2,1,1,2,1,1,1,1,5
SF,IC2001,2019-11-29 09:33:09.600,4835.0000,4565,0,48330480.000,0,-,-,-,-,4836.2000,4836.0000,4835.8000,4835.6000,4835.0000,4838.4000,4838.6000,4838.8000,4839.0000,4839.8000,1,1,1,1,1,1,1,1,1,5
SF,IC2001,2019-11-29 09:33:12.100,4836.2000,4564,-1,49297720.000,1,0,1,双平,S,4835.6000,4835.0000,4834.6000,4834.2000,4833.4000,4838.4000,4838.6000,4838.8000,4839.0000,4839.8000,1,1,2,3,1,1,1,1,1,5
SF,IC2001,2019-11-29 09:33:12.600,4836.2000,4564,0,49297720.000,0,-,-,-,-,4835.0000,4834.6000,4834.2000,4833.4000,4832.0000,4838.4000,4838.6000,4838.8000,4839.0000,4839.8000,1,2,3,1,6,1,1,1,1,5
SF,IC2001,2019-11-29 09:33:13.100,4836.2000,4564,0,49297720.000,0,-,-,-,-,4835.2000,4834.2000,4833.4000,4832.0000,4831.4000,4837.6000,4838.2000,4838.4000,4838.6000,4838.8000,1,3,1,6,1,1,3,1,1,1
SF,IC2001,2019-11-29 09:33:13.600,4836.2000,4564,0,49297720.000,0,-,-,-,-,4836.8000,4836.6000,4835.4000,4835.2000,4834.8000,4837.4000,4838.6000,4838.8000,4839.0000,4839.8000,1,1,2,4,1,1,1,1,1,5
SF,IC2001,2019-11-29 09:33:14.100,4836.8000,4563,-1,50265080.000,1,0,1,双平,S,4835.2000,4834.2000,4833.4000,4832.0000,4831.4000,4838.6000,4838.8000,4839.0000,4839.8000,4840.0000,1,3,1,6,1,1,1,1,5,1
SF,IC2001,2019-11-29 09:33:14.600,4836.8000,4563,0,50265080.000,0,-,-,-,-,4835.2000,4834.2000,4833.4000,4832.0000,4831.4000,4836.6000,4836.8000,4837.2000,4838.0000,4838.2000,1,1,1,6,1,1,1,1,2,1
SF,IC2001,2019-11-29 09:33:15.100,4836.8000,4563,0,50265080.000,0,-,-,-,-,4835.2000,4835.0000,4834.2000,4833.4000,4832.0000,4836.6000,4836.8000,4838.2000,4838.4000,4838.6000,1,1,1,1,6,1,1,1,2,1
SF,IC2001,2019-11-29 09:33:15.600,4836.8000,4563,0,50265080.000,0,-,-,-,-,4835.2000,4835.0000,4834.2000,4833.4000,4832.0000,4836.4000,4836.6000,4836.8000,4837.2000,4838.2000,1,1,1,1,6,1,1,1,1,1
SF,IC2001,2019-11-29 09:33:16.600,4835.2000,4562,-1,51232120.000,1,0,1,双平,S,4835.0000,4834.2000,4833.4000,4832.0000,4831.4000,4836.4000,4836.6000,4837.2000,4838.2000,4838.4000,1,1,1,6,1,1,1,1,1,1
SF,IC2001,2019-11-29 09:33:17.100,4835.2000,4562,0,51232120.000,0,-,-,-,-,4835.0000,4834.2000,4833.4000,4832.0000,4831.4000,4836.4000,4837.2000,4838.2000,4838.4000,4838.6000,1,1,1,6,1,1,1,1,2,1
SF,IC2001,2019-11-29 09:33:17.600,4835.0000,4561,-1,52199120.000,1,0,1,双平,S,4834.2000,4833.4000,4832.0000,4831.4000,4830.6000,4836.4000,4837.2000,4838.2000,4838.4000,4838.6000,1,1,6,1,1,1,1,1,2,1
SF,IC2001,2019-11-29 09:33:22.100,4835.0000,4561,0,52199120.000,0,-,-,-,-,4834.2000,4833.4000,4832.0000,4831.4000,4830.6000,4836.4000,4837.2000,4838.2000,4838.4000,4838.6000,2,1,6,1,1,1,1,1,2,1
SF,IC2001,2019-11-29 09:33:22.600,4835.0000,4561,0,52199120.000,0,-,-,-,-,4834.4000,4834.2000,4833.4000,4832.0000,4831.4000,4836.4000,4837.2000,4838.2000,4838.4000,4838.6000,1,2,1,6,1,1,1,1,2,1
SF,IC2001,2019-11-29 09:33:25.100,4835.0000,4561,0,52199120.000,0,-,-,-,-,4834.4000,4834.2000,4833.4000,4832.0000,4831.4000,4836.4000,4837.2000,4838.2000,4838.4000,4838.6000,1,1,1,6,1,1,1,1,2,1
SF,IC2001,2019-11-29 09:33:25.600,4835.0000,4561,0,52199120.000,0,-,-,-,-,4834.2000,4833.4000,4832.0000,4831.4000,4830.6000,4836.4000,4837.2000,4838.2000,4838.4000,4838.6000,1,1,6,1,1,1,1,1,2,1
SF,IC2001,2019-11-29 09:33:29.600,4834.2000,4560,-1,53165960.000,1,0,1,双平,S,4833.4000,4832.0000,4831.4000,4830.6000,4829.0000,4836.4000,4837.2000,4838.2000,4838.4000,4838.6000,1,6,1,1,2,1,1,1,2,1
SF,IC2001,2019-11-29 09:33:30.100,4834.2000,4560,0,53165960.000,0,-,-,-,-,4833.6000,4833.4000,4832.0000,4831.4000,4830.6000,4836.4000,4837.2000,4838.2000,4838.4000,4838.6000,1,3,6,1,1,1,1,1,2,1
SF,IC2001,2019-11-29 09:33:30.600,4834.2000,4560,0,53165960.000,0,-,-,-,-,4833.6000,4833.4000,4832.0000,4831.4000,4830.6000,4836.4000,4837.2000,4838.0000,4838.2000,4838.4000,1,3,6,1,1,2,1,1,1,2
SF,IC2001,2019-11-29 09:33:31.100,4834.2000,4560,0,53165960.000,0,-,-,-,-,4833.6000,4833.4000,4832.0000,4831.4000,4830.6000,4836.4000,4837.2000,4838.0000,4838.2000,4838.4000,1,3,1,1,1,2,1,1,1,2
SF,IC2001,2019-11-29 09:33:37.100,4834.2000,4560,0,53165960.000,0,-,-,-,-,4833.6000,4833.4000,4832.0000,4831.4000,4830.6000,4836.0000,4836.4000,4837.2000,4838.0000,4838.2000,1,3,1,1,1,1,2,1,1,1
SF,IC2001,2019-11-29 09:33:37.600,4834.2000,4560,0,53165960.000,0,-,-,-,-,4833.4000,4832.0000,4831.4000,4830.6000,4829.0000,4835.8000,4836.0000,4836.4000,4837.2000,4838.0000,3,1,1,1,2,1,1,1,1,1
SF,IC2001,2019-11-29 09:33:38.600,4834.2000,4560,0,53165960.000,0,-,-,-,-,4833.4000,4832.0000,4831.4000,4830.6000,4829.0000,4835.8000,4836.0000,4836.4000,4837.2000,4838.0000,1,1,1,1,2,1,1,1,1,1
SF,IC2001,2019-11-29 09:33:39.100,4834.2000,4560,0,53165960.000,0,-,-,-,-,4833.4000,4832.0000,4831.4000,4830.6000,4829.0000,4835.8000,4836.0000,4836.4000,4837.2000,4838.0000,1,1,1,1,2,1,1,1,1,1
SF,IC2001,2019-11-29 09:33:39.600,4833.4000,4559,-1,54132640.000,1,0,1,双平,S,4832.0000,4831.4000,4830.6000,4829.0000,4828.0000,4835.4000,4835.6000,4835.8000,4836.0000,4836.4000,1,1,1,2,1,1,2,1,1,1
SF,IC2001,2019-11-29 09:33:40.100,4833.4000,4559,0,54132640.000,0,-,-,-,-,4832.2000,4832.0000,4831.4000,4830.6000,4829.0000,4833.4000,4835.2000,4835.4000,4835.6000,4836.0000,1,1,1,1,2,1,1,1,2,1
SF,IC2001,2019-11-29 09:33:40.600,4833.4000,4559,0,55099320.000,1,0,1,多换,S,4832.2000,4832.0000,4831.4000,4830.6000,4829.0000,4835.2000,4835.6000,4836.0000,4836.4000,4837.2000,1,1,1,1,2,1,2,1,1,1
SF,IC2001,2019-11-29 09:33:41.100,4833.4000,4559,0,55099320.000,0,-,-,-,-,4832.2000,4832.0000,4831.4000,4830.6000,4829.0000,4835.2000,4835.6000,4836.0000,4836.4000,4837.2000,1,1,1,1,2,1,2,1,1,1
SF,IC2001,2019-11-29 09:33:41.600,4833.4000,4559,0,55099320.000,0,-,-,-,-,4832.2000,4832.0000,4831.4000,4830.6000,4829.0000,4835.2000,4835.6000,4836.0000,4836.4000,4837.2000,1,1,1,1,2,1,2,1,1,1
SF,IC2001,2019-11-29 09:33:42.100,4833.4000,4559,0,55099320.000,0,-,-,-,-,4832.2000,4832.0000,4831.4000,4830.6000,4829.0000,4835.2000,4835.6000,4836.0000,4836.4000,4837.2000,1,1,1,1,2,1,2,1,1,1
SF,IC2001,2019-11-29 09:33:42.600,4833.4000,4559,0,55099320.000,0,-,-,-,-,4832.2000,4832.0000,4831.4000,4830.6000,4829.0000,4834.6000,4834.8000,4835.2000,4835.6000,4836.0000,1,1,1,1,2,1,1,1,2,1
SF,IC2001,2019-11-29 09:33:43.100,4833.4000,4559,0,55099320.000,0,-,-,-,-,4832.2000,4830.6000,4829.0000,4828.0000,4827.2000,4834.4000,4834.6000,4835.6000,4836.0000,4836.4000,1,1,2,1,1,1,1,2,1,1
SF,IC2001,2019-11-29 09:33:52.100,4833.4000,4559,0,55099320.000,0,-,-,-,-,4832.2000,4830.6000,4829.0000,4828.0000,4827.2000,4834.0000,4834.4000,4834.6000,4835.6000,4836.0000,1,1,2,1,1,1,1,1,2,1
SF,IC2001,2019-11-29 09:33:52.600,4833.4000,4559,0,55099320.000,0,-,-,-,-,4830.6000,4829.0000,4828.0000,4827.2000,4825.6000,4833.8000,4834.6000,4835.6000,4836.0000,4836.4000,1,2,1,1,5,1,1,2,1,1
SF,IC2001,2019-11-29 09:33:53.100,4833.4000,4559,0,55099320.000,0,-,-,-,-,4831.0000,4830.8000,4830.6000,4829.0000,4828.0000,4833.8000,4834.6000,4835.6000,4836.0000,4836.4000,1,3,1,2,1,1,1,2,1,1
SF,IC2001,2019-11-29 09:33:53.600,4833.4000,4559,0,55099320.000,0,-,-,-,-,4831.2000,4831.0000,4830.8000,4830.6000,4829.0000,4833.8000,4834.6000,4835.6000,4836.0000,4836.4000,1,1,2,1,2,1,1,2,1,1
SF,IC2001,2019-11-29 09:33:54.600,4833.4000,4559,0,55099320.000,0,-,-,-,-,4831.2000,4831.0000,4830.6000,4829.0000,4828.0000,4833.8000,4834.6000,4835.6000,4836.0000,4836.4000,1,1,1,2,1,1,1,2,1,1
SF,IC2001,2019-11-29 09:33:55.600,4833.4000,4559,0,55099320.000,0,-,-,-,-,4831.2000,4831.0000,4830.6000,4829.0000,4828.0000,4832.0000,4833.8000,4834.6000,4835.6000,4836.0000,1,1,1,2,1,3,1,1,2,1
SF,IC2001,2019-11-29 09:33:56.100,4833.4000,4559,0,55099320.000,0,-,-,-,-,4830.6000,4829.0000,4828.0000,4827.2000,4825.6000,4832.0000,4833.4000,4833.8000,4834.6000,4835.6000,1,2,1,1,5,3,1,1,1,2
SF,IC2001,2019-11-29 09:33:56.600,4833.4000,4559,0,55099320.000,0,-,-,-,-,4829.2000,4829.0000,4828.0000,4827.2000,4825.6000,4832.0000,4833.4000,4833.8000,4834.6000,4835.6000,1,2,1,1,5,3,1,1,1,2
SF,IC2001,2019-11-29 09:33:57.100,4833.4000,4559,0,55099320.000,0,-,-,-,-,4830.6000,4830.2000,4829.4000,4829.2000,4829.0000,4831.8000,4832.0000,4833.4000,4834.6000,4835.6000,1,1,5,1,2,1,3,1,1,2
SF,IC2001,2019-11-29 09:33:57.600,4833.4000,4559,0,55099320.000,0,-,-,-,-,4829.4000,4829.2000,4829.0000,4828.0000,4827.2000,4831.8000,4832.0000,4833.4000,4834.6000,4835.6000,4,1,2,1,1,1,3,1,1,2
SF,IC2001,2019-11-29 09:33:58.100,4833.4000,4559,0,55099320.000,0,-,-,-,-,4830.2000,4829.8000,4829.6000,4829.4000,4829.2000,4832.0000,4833.4000,4834.6000,4835.6000,4836.0000,1,1,1,4,1,3,1,1,2,1
SF,IC2001,2019-11-29 09:33:58.600,4833.4000,4559,0,55099320.000,0,-,-,-,-,4830.4000,4830.2000,4829.8000,4829.6000,4829.4000,4831.8000,4832.0000,4833.4000,4834.6000,4835.6000,3,1,1,1,3,1,3,1,1,1
SF,IC2001,2019-11-29 09:33:59.100,4833.4000,4559,0,55099320.000,0,-,-,-,-,4830.4000,4830.2000,4829.8000,4829.6000,4829.4000,4831.8000,4832.0000,4833.4000,4834.6000,4835.6000,3,1,1,1,3,1,3,1,1,1
SF,IC2001,2019-11-29 09:33:59.600,4831.8000,4558,-1,56065680.000,1,0,1,双平,S,4830.4000,4830.2000,4829.8000,4829.6000,4829.4000,4832.0000,4833.4000,4834.6000,4835.6000,4836.0000,3,1,1,1,3,6,1,1,1,1
SF,IC2001,2019-11-29 09:34:00.100,4833.4000,4557,-1,62830760.000,7,3,4,多平,S,4831.8000,4830.4000,4830.2000,4829.6000,4829.4000,4834.6000,4835.6000,4836.0000,4836.4000,4836.6000,1,3,1,1,3,1,1,1,1,1
SF,IC2001,2019-11-29 09:34:00.600,4833.4000,4557,0,62830760.000,0,-,-,-,-,4831.8000,4830.6000,4830.4000,4830.2000,4829.6000,4834.4000,4835.6000,4836.0000,4836.4000,4836.6000,1,1,3,1,1,1,1,1,1,1
SF,IC2001,2019-11-29 09:34:03.100,4833.4000,4557,0,62830760.000,0,-,-,-,-,4831.8000,4830.6000,4830.4000,4830.2000,4829.6000,4834.4000,4835.6000,4836.0000,4836.4000,4836.6000,1,1,3,1,1,1,1,1,1,1
SF,IC2001,2019-11-29 09:34:03.600,4833.4000,4557,0,62830760.000,0,-,-,-,-,4832.0000,4831.8000,4830.6000,4830.4000,4829.6000,4834.4000,4836.0000,4836.4000,4836.6000,4837.2000,3,1,1,2,1,1,1,1,1,1
SF,IC2001,2019-11-29 09:34:04.100,4833.4000,4557,0,62830760.000,0,-,-,-,-,4832.2000,4832.0000,4831.8000,4830.6000,4830.4000,4834.4000,4836.0000,4836.4000,4836.6000,4837.2000,2,2,1,1,2,1,1,1,1,1
SF,IC2001,2019-11-29 09:34:04.600,4833.4000,4557,0,62830760.000,0,-,-,-,-,4832.2000,4831.8000,4830.6000,4830.4000,4829.6000,4834.4000,4836.0000,4836.4000,4836.6000,4837.2000,1,1,1,2,1,1,1,1,1,1
SF,IC2001,2019-11-29 09:34:05.100,4833.4000,4557,0,62830760.000,0,-,-,-,-,4832.2000,4831.8000,4830.6000,4830.4000,4829.6000,4834.0000,4834.4000,4836.0000,4836.4000,4836.6000,1,1,1,2,1,3,1,1,1,1
SF,IC2001,2019-11-29 09:34:05.600,4833.4000,4557,0,62830760.000,0,-,-,-,-,4832.2000,4831.8000,4830.6000,4830.4000,4829.6000,4833.8000,4834.0000,4836.0000,4836.4000,4836.6000,1,1,1,2,1,1,3,1,1,1
SF,IC2001,2019-11-29 09:34:06.100,4833.4000,4557,0,62830760.000,0,-,-,-,-,4832.2000,4831.8000,4830.6000,4830.4000,4829.6000,4833.8000,4834.0000,4836.0000,4836.4000,4836.6000,2,1,1,2,1,1,3,1,1,1
SF,IC2001,2019-11-29 09:34:07.100,4833.4000,4557,0,62830760.000,0,-,-,-,-,4832.2000,4831.8000,4830.6000,4830.4000,4829.6000,4833.8000,4834.0000,4836.0000,4836.4000,4836.6000,3,1,1,2,1,1,3,1,1,1
SF,IC2001,2019-11-29 09:34:07.600,4833.4000,4557,0,62830760.000,0,-,-,-,-,4832.4000,4832.2000,4831.8000,4830.6000,4830.4000,4833.8000,4834.0000,4836.0000,4836.4000,4836.6000,5,4,1,1,2,1,3,2,1,1
SF,IC2001,2019-11-29 09:34:08.100,4833.4000,4557,0,62830760.000,0,-,-,-,-,4832.4000,4832.2000,4831.8000,4830.6000,4830.4000,4833.8000,4834.0000,4836.0000,4836.4000,4836.6000,1,3,1,1,2,1,3,2,1,1
SF,IC2001,2019-11-29 09:34:08.600,4833.4000,4557,0,62830760.000,0,-,-,-,-,4832.6000,4832.4000,4832.2000,4831.8000,4830.6000,4833.8000,4834.0000,4836.0000,4836.4000,4836.6000,1,1,2,1,1,1,3,2,1,1
SF,IC2001,2019-11-29 09:34:09.100,4833.4000,4557,0,62830760.000,0,-,-,-,-,4832.6000,4832.4000,4832.2000,4831.8000,4830.6000,4833.8000,4834.0000,4836.0000,4836.4000,4836.6000,1,1,2,1,1,1,3,1,1,1
SF,IC2001,2019-11-29 09:34:09.600,4833.4000,4557,0,62830760.000,0,-,-,-,-,4832.4000,4832.2000,4831.8000,4830.6000,4830.4000,4833.8000,4834.0000,4836.0000,4836.4000,4836.6000,1,2,1,1,2,1,3,1,1,1
SF,IC2001,2019-11-29 09:34:11.100,4833.4000,4557,0,62830760.000,0,-,-,-,-,4832.8000,4832.6000,4832.4000,4832.2000,4831.8000,4833.8000,4834.0000,4836.0000,4836.4000,4836.6000,1,1,2,2,1,1,3,1,1,1
SF,IC2001,2019-11-29 09:34:11.600,4833.4000,4557,0,62830760.000,0,-,-,-,-,4832.4000,4832.2000,4831.8000,4830.6000,4830.4000,4833.8000,4834.0000,4836.0000,4836.4000,4836.6000,1,2,1,1,2,1,3,1,1,1
SF,IC2001,2019-11-29 09:34:14.100,4833.4000,4557,0,62830760.000,0,-,-,-,-,4832.4000,4832.2000,4831.8000,4830.6000,4830.4000,4833.8000,4834.0000,4835.8000,4836.0000,4836.4000,1,2,1,1,2,1,3,1,1,1
SF,IC2001,2019-11-29 09:34:14.600,4833.4000,4557,0,62830760.000,0,-,-,-,-,4832.2000,4831.8000,4830.6000,4830.4000,4829.6000,4833.8000,4834.0000,4835.8000,4836.0000,4836.4000,2,1,1,2,1,1,3,1,1,1
SF,IC2001,2019-11-29 09:34:15.100,4833.4000,4557,0,62830760.000,0,-,-,-,-,4832.2000,4831.8000,4830.6000,4830.4000,4829.6000,4833.8000,4834.0000,4835.8000,4836.0000,4836.4000,1,1,1,2,1,1,3,1,1,1
SF,IC2001,2019-11-29 09:34:17.100,4833.4000,4557,0,62830760.000,0,-,-,-,-,4832.2000,4831.8000,4830.6000,4830.4000,4829.6000,4833.8000,4834.0000,4835.8000,4836.0000,4836.4000,1,1,1,2,1,1,3,1,1,1
SF,IC2001,2019-11-29 09:34:25.100,4833.4000,4557,0,62830760.000,0,-,-,-,-,4832.2000,4831.8000,4830.6000,4830.4000,4829.6000,4833.8000,4834.0000,4835.8000,4836.0000,4836.4000,1,1,1,2,1,1,6,1,1,1
SF,IC2001,2019-11-29 09:34:28.100,4833.4000,4557,0,62830760.000,0,-,-,-,-,4832.2000,4831.8000,4830.6000,4830.4000,4829.6000,4833.8000,4834.0000,4835.8000,4836.0000,4836.4000,1,1,1,2,1,1,3,1,1,1
SF,IC2001,2019-11-29 09:34:28.600,4832.2000,4557,0,64763680.000,2,1,1,多换,S,4831.8000,4830.6000,4830.4000,4829.6000,4829.4000,4832.0000,4833.8000,4834.0000,4835.8000,4836.0000,1,1,2,1,3,1,1,3,1,1
SF,IC2001,2019-11-29 09:34:29.100,4832.0000,4557,0,65730080.000,1,0,1,多换,S,4832.4000,4832.2000,4831.8000,4830.6000,4830.4000,4833.8000,4834.0000,4835.8000,4836.0000,4836.4000,1,1,1,1,2,1,3,1,1,1
SF,IC2001,2019-11-29 09:34:29.600,4832.0000,4557,0,65730080.000,0,-,-,-,-,4831.8000,4830.6000,4830.4000,4829.6000,4829.4000,4833.8000,4834.0000,4835.8000,4836.0000,4836.4000,1,1,2,1,3,1,3,1,1,1
SF,IC2001,2019-11-29 09:34:33.100,4832.0000,4557,0,65730080.000,0,-,-,-,-,4831.8000,4830.6000,4829.6000,4829.4000,4829.2000,4833.8000,4834.0000,4835.8000,4836.0000,4836.4000,1,1,1,3,1,1,3,1,1,1
SF,IC2001,2019-11-29 09:34:39.100,4832.0000,4557,0,65730080.000,0,-,-,-,-,4831.8000,4830.6000,4829.6000,4829.4000,4829.2000,4833.6000,4833.8000,4834.0000,4835.8000,4836.0000,1,1,1,3,1,1,1,3,1,1
SF,IC2001,2019-11-29 09:34:39.600,4832.0000,4557,0,65730080.000,0,-,-,-,-,4831.8000,4830.6000,4829.6000,4829.4000,4829.2000,4833.4000,4834.0000,4835.8000,4836.0000,4836.4000,1,1,1,3,1,1,3,1,1,1
SF,IC2001,2019-11-29 09:34:47.100,4832.0000,4557,0,65730080.000,0,-,-,-,-,4831.8000,4830.6000,4829.6000,4829.4000,4829.2000,4833.4000,4834.0000,4835.8000,4836.0000,4836.4000,1,1,1,3,1,1,3,1,1,1
SF,IC2001,2019-11-29 09:34:50.100,4832.0000,4557,0,65730080.000,0,-,-,-,-,4832.0000,4831.8000,4830.6000,4829.6000,4829.4000,4833.4000,4834.0000,4835.8000,4836.0000,4836.4000,1,1,1,1,3,1,3,1,1,1
SF,IC2001,2019-11-29 09:34:50.600,4832.0000,4557,0,65730080.000,0,-,-,-,-,4832.2000,4832.0000,4831.8000,4830.6000,4829.6000,4834.0000,4835.8000,4836.0000,4836.4000,4836.6000,1,2,1,1,1,3,1,1,1,1
SF,IC2001,2019-11-29 09:34:51.100,4832.0000,4557,0,65730080.000,0,-,-,-,-,4832.2000,4832.0000,4831.8000,4830.6000,4829.6000,4833.8000,4834.0000,4835.8000,4836.0000,4836.4000,1,2,1,1,1,1,3,1,1,1
SF,IC2001,2019-11-29 09:34:51.600,4832.0000,4557,0,65730080.000,0,-,-,-,-,4832.0000,4831.8000,4830.6000,4829.6000,4829.4000,4833.8000,4834.0000,4835.8000,4836.0000,4836.4000,1,1,1,1,3,1,3,1,1,1
SF,IC2001,2019-11-29 09:34:54.100,4832.0000,4557,0,65730080.000,0,-,-,-,-,4832.2000,4832.0000,4831.8000,4830.6000,4829.6000,4833.8000,4834.0000,4835.8000,4836.0000,4836.4000,4,2,1,1,1,1,3,1,1,1
SF,IC2001,2019-11-29 09:34:54.600,4832.0000,4557,0,65730080.000,0,-,-,-,-,4832.4000,4832.2000,4832.0000,4831.8000,4830.6000,4833.8000,4834.0000,4835.8000,4836.0000,4836.4000,1,3,2,1,1,1,3,1,1,1
SF,IC2001,2019-11-29 09:34:55.100,4832.0000,4557,0,65730080.000,0,-,-,-,-,4832.6000,4832.4000,4832.2000,4832.0000,4831.8000,4834.0000,4836.0000,4836.4000,4836.6000,4837.2000,3,2,3,2,1,3,1,1,1,1
SF,IC2001,2019-11-29 09:34:55.600,4834.0000,4557,0,68630480.000,3,1,2,多换,S,4834.8000,4834.2000,4834.0000,4833.2000,4832.8000,4836.0000,4836.4000,4836.6000,4837.2000,4838.4000,1,1,1,1,1,1,1,1,1,1
SF,IC2001,2019-11-29 09:34:56.100,4834.6000,4556,-1,69597400.000,1,0,1,双平,S,4832.8000,4832.6000,4832.4000,4832.2000,4832.0000,4834.8000,4835.8000,4836.0000,4836.4000,4836.6000,1,3,1,3,1,1,1,2,1,1
SF,IC2001,2019-11-29 09:34:56.600,4834.6000,4555,-1,70564320.000,1,0,1,双平,S,4833.6000,4833.2000,4833.0000,4832.8000,4832.6000,4836.0000,4836.4000,4836.6000,4837.2000,4838.4000,1,1,2,1,2,1,1,1,1,1
SF,IC2001,2019-11-29 09:34:57.100,4834.6000,4555,0,70564320.000,0,-,-,-,-,4833.6000,4833.2000,4833.0000,4832.8000,4832.6000,4835.8000,4836.0000,4836.4000,4836.6000,4837.2000,1,1,2,1,2,1,1,1,1,1
SF,IC2001,2019-11-29 09:34:57.600,4834.6000,4555,0,70564320.000,0,-,-,-,-,4833.2000,4833.0000,4832.8000,4832.6000,4832.4000,4835.8000,4836.0000,4836.4000,4836.6000,4837.2000,1,2,1,2,1,1,1,1,1,1
SF,IC2001,2019-11-29 09:34:58.100,4834.6000,4555,0,70564320.000,0,-,-,-,-,4833.4000,4833.2000,4833.0000,4832.8000,4832.6000,4835.8000,4836.0000,4836.4000,4836.6000,4837.2000,1,1,1,1,2,1,1,1,1,1
SF,IC2001,2019-11-29 09:34:58.600,4834.6000,4555,0,70564320.000,0,-,-,-,-,4833.2000,4832.8000,4832.6000,4832.4000,4832.2000,4835.8000,4836.0000,4836.4000,4836.6000,4837.2000,1,1,2,1,3,1,2,1,1,1
SF,IC2001,2019-11-29 09:34:59.100,4834.6000,4555,0,70564320.000,0,-,-,-,-,4833.4000,4833.2000,4832.8000,4832.6000,4832.4000,4835.8000,4836.0000,4836.4000,4836.6000,4837.2000,1,1,1,2,1,1,2,1,1,1
SF,IC2001,2019-11-29 09:34:59.600,4834.6000,4555,0,70564320.000,0,-,-,-,-,4833.2000,4832.8000,4832.6000,4832.4000,4832.2000,4835.8000,4836.0000,4836.4000,4836.6000,4837.2000,1,1,2,1,3,1,2,1,1,1
SF,IC2001,2019-11-29 09:35:00.100,4834.6000,4555,0,70564320.000,0,-,-,-,-,4833.6000,4833.4000,4833.2000,4832.8000,4832.6000,4835.8000,4836.0000,4836.4000,4836.6000,4837.2000,1,2,1,1,2,1,2,1,1,1
SF,IC2001,2019-11-29 09:35:00.600,4834.6000,4555,0,70564320.000,0,-,-,-,-,4833.8000,4833.6000,4833.4000,4833.2000,4832.8000,4835.8000,4836.0000,4836.4000,4836.6000,4837.2000,1,1,2,1,1,1,2,1,1,1
SF,IC2001,2019-11-29 09:35:01.100,4834.6000,4555,0,70564320.000,0,-,-,-,-,4834.0000,4833.8000,4833.6000,4833.2000,4832.8000,4835.8000,4836.0000,4836.4000,4836.6000,4837.2000,1,1,1,1,1,1,1,1,1,1
SF,IC2001,2019-11-29 09:35:01.600,4834.6000,4555,0,70564320.000,0,-,-,-,-,4834.2000,4834.0000,4833.6000,4833.2000,4832.8000,4835.8000,4836.0000,4836.4000,4836.6000,4837.2000,1,1,1,1,1,1,1,1,1,1
SF,IC2001,2019-11-29 09:35:03.600,4834.6000,4555,0,70564320.000,0,-,-,-,-,4834.2000,4834.0000,4833.6000,4833.4000,4833.2000,4835.8000,4836.0000,4836.4000,4836.6000,4837.2000,1,1,1,1,1,1,1,1,1,1
SF,IC2001,2019-11-29 09:35:04.600,4834.6000,4555,0,70564320.000,0,-,-,-,-,4834.4000,4834.2000,4834.0000,4833.4000,4833.2000,4835.8000,4836.0000,4836.4000,4836.6000,4837.2000,1,1,1,1,1,1,1,1,1,1
SF,IC2001,2019-11-29 09:35:05.100,4835.8000,4554,-1,71531480.000,1,0,1,双平,S,4835.0000,4834.6000,4834.4000,4834.0000,4833.4000,4836.0000,4836.4000,4836.6000,4837.2000,4838.4000,1,2,1,1,1,1,1,1,1,1
SF,IC2001,2019-11-29 09:35:05.600,4835.8000,4554,0,71531480.000,0,-,-,-,-,4834.6000,4834.0000,4833.4000,4833.2000,4832.8000,4836.0000,4836.4000,4836.6000,4837.2000,4838.4000,1,1,1,1,1,1,1,1,1,1
SF,IC2001,2019-11-29 09:35:06.100,4835.8000,4554,0,71531480.000,0,-,-,-,-,4834.0000,4833.4000,4833.2000,4832.8000,4832.6000,4835.8000,4836.0000,4836.4000,4836.6000,4837.2000,1,1,1,1,2,1,1,1,1,1
SF,IC2001,2019-11-29 09:35:06.600,4835.8000,4554,0,71531480.000,0,-,-,-,-,4834.2000,4833.6000,4833.4000,4833.2000,4832.8000,4836.0000,4836.4000,4836.6000,4837.2000,4838.4000,1,1,1,1,1,1,1,1,1,1
SF,IC2001,2019-11-29 09:35:07.100,4835.8000,4554,0,71531480.000,0,-,-,-,-,4834.2000,4833.6000,4833.4000,4833.2000,4832.8000,4835.8000,4836.0000,4836.4000,4836.6000,4837.2000,1,1,1,1,1,1,1,1,1,1
SF,IC2001,2019-11-29 09:35:11.100,4834.2000,4553,-1,72498320.000,1,0,1,双平,S,4833.6000,4833.2000,4832.8000,4832.6000,4832.2000,4834.2000,4835.8000,4836.0000,4836.4000,4836.6000,1,1,1,2,3,1,1,1,1,1
SF,IC2001,2019-11-29 09:35:11.600,4834.2000,4553,0,73465160.000,1,0,1,多换,S,4833.4000,4832.6000,4832.2000,4832.0000,4831.8000,4835.8000,4836.0000,4836.4000,4836.6000,4837.2000,1,2,3,1,1,1,1,1,1,1
SF,IC2001,2019-11-29 09:35:12.100,4834.2000,4553,0,73465160.000,0,-,-,-,-,4832.8000,4832.6000,4832.2000,4832.0000,4831.8000,4835.8000,4836.0000,4836.4000,4836.6000,4837.2000,1,2,3,1,1,2,1,1,1,1
SF,IC2001,2019-11-29 09:35:12.600,4834.2000,4553,0,73465160.000,0,-,-,-,-,4833.0000,4832.8000,4832.2000,4832.0000,4831.8000,4835.6000,4835.8000,4836.0000,4836.4000,4836.6000,2,1,3,1,1,1,2,1,1,1
SF,IC2001,2019-11-29 09:35:13.100,4834.2000,4553,0,73465160.000,0,-,-,-,-,4833.0000,4832.8000,4832.2000,4832.0000,4831.8000,4835.4000,4835.6000,4835.8000,4836.0000,4836.4000,1,1,3,1,1,1,1,1,1,1
SF,IC2001,2019-11-29 09:35:13.600,4834.2000,4553,0,73465160.000,0,-,-,-,-,4832.8000,4832.2000,4832.0000,4831.8000,4830.6000,4835.4000,4835.6000,4835.8000,4836.0000,4836.4000,1,3,1,1,1,1,1,1,1,1
SF,IC2001,2019-11-29 09:35:14.100,4834.2000,4553,0,73465160.000,0,-,-,-,-,4833.0000,4832.4000,4832.2000,4832.0000,4831.8000,4835.4000,4835.6000,4835.8000,4836.0000,4836.4000,1,1,3,1,1,1,1,1,1,1
SF,IC2001,2019-11-29 09:35:14.600,4834.2000,4553,0,73465160.000,0,-,-,-,-,4832.4000,4832.2000,4832.0000,4831.8000,4830.6000,4835.4000,4835.6000,4835.8000,4836.0000,4836.4000,1,3,1,1,1,1,1,1,1,1
SF,IC2001,2019-11-29 09:35:15.100,4834.2000,4553,0,73465160.000,0,-,-,-,-,4832.6000,4832.4000,4832.2000,4832.0000,4831.8000,4835.4000,4835.6000,4835.8000,4836.0000,4836.4000,1,2,3,1,1,1,1,1,1,1
SF,IC2001,2019-11-29 09:35:15.600,4834.2000,4553,0,73465160.000,0,-,-,-,-,4832.8000,4832.6000,4832.4000,4832.2000,4832.0000,4835.4000,4835.6000,4835.8000,4836.0000,4836.4000,1,2,2,3,1,1,1,1,1,1
SF,IC2001,2019-11-29 09:35:16.100,4834.2000,4553,0,73465160.000,0,-,-,-,-,4833.0000,4832.8000,4832.6000,4832.4000,4832.2000,4835.4000,4835.6000,4835.8000,4836.0000,4836.4000,4,1,1,2,3,1,1,1,1,1
SF,IC2001,2019-11-29 09:35:16.600,4834.2000,4553,0,73465160.000,0,-,-,-,-,4833.0000,4832.8000,4832.6000,4832.4000,4832.2000,4835.4000,4835.8000,4836.0000,4836.4000,4836.6000,4,1,1,2,3,1,1,1,1,1
SF,IC2001,2019-11-29 09:35:17.100,4834.2000,4553,0,73465160.000,0,-,-,-,-,4833.0000,4832.8000,4832.6000,4832.4000,4832.2000,4835.8000,4836.0000,4836.4000,4836.6000,4837.2000,4,1,1,1,3,1,1,1,1,1
SF,IC2001,2019-11-29 09:35:17.600,4833.4000,4553,0,74431840.000,1,0,1,多换,S,4833.2000,4833.0000,4832.8000,4832.6000,4832.4000,4835.6000,4835.8000,4836.0000,4836.4000,4836.6000,1,4,1,1,1,1,1,1,1,1
SF,IC2001,2019-11-29 09:35:18.100,4833.4000,4553,0,74431840.000,0,-,-,-,-,4833.4000,4833.2000,4833.0000,4832.8000,4832.6000,4835.6000,4835.8000,4836.0000,4836.4000,4836.6000,1,1,3,1,1,1,1,1,1,1
SF,IC2001,2019-11-29 09:35:18.600,4833.4000,4553,0,74431840.000,0,-,-,-,-,4833.4000,4833.2000,4833.0000,4832.8000,4832.6000,4835.6000,4835.8000,4836.0000,4836.4000,4836.6000,1,1,3,1,1,1,1,1,1,1
SF,IC2001,2019-11-29 09:35:19.100,4833.4000,4552,-1,75398520.000,1,0,1,双平,S,4832.6000,4832.2000,4832.0000,4831.8000,4830.6000,4835.6000,4835.8000,4836.0000,4836.4000,4836.6000,1,3,1,1,1,1,1,1,1,1
SF,IC2001,2019-11-29 09:35:19.600,4833.4000,4552,0,75398520.000,0,-,-,-,-,4832.8000,4832.0000,4831.8000,4830.6000,4829.4000,4835.6000,4835.8000,4836.0000,4836.4000,4836.6000,1,1,1,1,3,1,1,1,1,1
SF,IC2001,2019-11-29 09:35:24.600,4833.4000,4552,0,75398520.000,0,-,-,-,-,4833.0000,4832.8000,4832.0000,4831.8000,4830.6000,4835.6000,4835.8000,4836.0000,4836.4000,4836.6000,1,1,1,1,1,1,1,1,1,1
SF,IC2001,2019-11-29 09:35:25.100,4833.4000,4552,0,75398520.000,0,-,-,-,-,4833.6000,4833.2000,4833.0000,4832.0000,4831.8000,4835.6000,4836.0000,4836.4000,4836.6000,4837.2000,2,4,1,1,1,1,1,1,1,1
SF,IC2001,2019-11-29 09:35:25.600,4833.4000,4552,0,75398520.000,0,-,-,-,-,4833.2000,4832.0000,4831.8000,4830.6000,4829.4000,4835.6000,4836.0000,4836.4000,4836.6000,4837.2000,3,1,1,1,3,1,1,1,1,1
SF,IC2001,2019-11-29 09:35:26.100,4833.4000,4552,0,75398520.000,0,-,-,-,-,4833.4000,4833.2000,4832.0000,4831.8000,4830.6000,4835.6000,4836.0000,4836.4000,4836.6000,4837.2000,1,4,1,1,1,1,1,1,1,1
SF,IC2001,2019-11-29 09:35:26.600,4833.4000,4552,0,75398520.000,0,-,-,-,-,4833.6000,4833.4000,4833.2000,4832.0000,4831.8000,4835.6000,4836.0000,4836.4000,4836.6000,4837.2000,2,2,3,1,1,1,1,1,1,1
SF,IC2001,2019-11-29 09:35:28.100,4833.4000,4552,0,75398520.000,0,-,-,-,-,4833.8000,4833.6000,4833.4000,4833.2000,4832.0000,4835.6000,4836.0000,4836.4000,4836.6000,4837.2000,1,1,3,3,1,1,1,1,1,1
SF,IC2001,2019-11-29 09:35:28.600,4833.4000,4552,0,75398520.000,0,-,-,-,-,4834.0000,4833.6000,4833.4000,4833.2000,4832.0000,4835.6000,4836.0000,4836.4000,4836.6000,4837.2000,1,1,3,3,1,1,1,1,1,1
SF,IC2001,2019-11-29 09:35:29.100,4833.4000,4552,0,75398520.000,0,-,-,-,-,4833.4000,4833.2000,4832.0000,4831.8000,4830.6000,4835.6000,4836.0000,4836.4000,4836.6000,4837.2000,1,1,1,1,1,1,1,1,1,1
SF,IC2001,2019-11-29 09:35:29.600,4833.4000,4552,0,75398520.000,0,-,-,-,-,4833.6000,4833.4000,4833.2000,4832.0000,4831.8000,4835.6000,4836.0000,4836.4000,4836.6000,4837.2000,1,1,1,1,1,1,1,1,1,1
SF,IC2001,2019-11-29 09:35:30.100,4833.4000,4552,0,75398520.000,0,-,-,-,-,4833.6000,4833.4000,4832.0000,4831.8000,4830.6000,4835.6000,4836.0000,4836.4000,4836.6000,4837.2000,1,1,1,1,1,1,1,1,1,1
SF,IC2001,2019-11-29 09:35:31.600,4833.4000,4552,0,75398520.000,0,-,-,-,-,4833.4000,4832.0000,4831.8000,4830.6000,4829.4000,4835.6000,4836.0000,4836.4000,4836.6000,4837.2000,1,1,1,1,3,1,1,1,1,1
SF,IC2001,2019-11-29 09:35:32.100,4833.4000,4552,0,75398520.000,0,-,-,-,-,4833.6000,4833.4000,4832.0000,4831.8000,4830.6000,4835.6000,4836.0000,4836.4000,4836.6000,4837.2000,1,1,1,1,1,1,1,1,1,1
SF,IC2001,2019-11-29 09:35:33.100,4833.4000,4552,0,75398520.000,0,-,-,-,-,4833.4000,4832.0000,4831.8000,4830.6000,4829.4000,4835.6000,4836.0000,4836.4000,4836.6000,4837.2000,1,1,1,1,3,1,1,1,1,1
SF,IC2001,2019-11-29 09:35:33.600,4833.4000,4552,0,75398520.000,0,-,-,-,-,4833.8000,4833.6000,4833.4000,4832.0000,4831.8000,4835.6000,4836.0000,4836.4000,4836.6000,4837.2000,1,1,1,1,1,1,1,1,1,1
SF,IC2001,2019-11-29 09:35:34.100,4833.4000,4552,0,75398520.000,0,-,-,-,-,4834.0000,4833.8000,4833.6000,4833.4000,4832.0000,4835.6000,4836.0000,4836.4000,4836.6000,4837.2000,1,1,1,1,1,1,1,1,1,1
SF,IC2001,2019-11-29 09:35:34.600,4833.4000,4552,0,75398520.000,0,-,-,-,-,4834.2000,4834.0000,4833.8000,4833.4000,4832.0000,4835.6000,4836.0000,4836.4000,4836.6000,4837.2000,1,1,1,1,1,1,1,1,1,1
SF,IC2001,2019-11-29 09:35:35.100,4833.4000,4552,0,75398520.000,0,-,-,-,-,4834.0000,4833.4000,4832.0000,4831.8000,4830.6000,4835.6000,4836.0000,4836.4000,4836.6000,4837.2000,1,1,1,1,1,1,1,1,1,1
SF,IC2001,2019-11-29 09:35:35.600,4833.4000,4552,0,75398520.000,0,-,-,-,-,4834.4000,4833.4000,4832.0000,4831.8000,4830.6000,4835.6000,4836.0000,4836.4000,4836.6000,4837.2000,1,1,1,1,1,1,1,1,1,1
SF,IC2001,2019-11-29 09:35:36.100,4834.4000,4551,-1,76365400.000,1,0,1,双平,S,4833.4000,4832.0000,4831.8000,4830.6000,4829.4000,4835.6000,4836.0000,4836.4000,4836.6000,4837.2000,1,1,1,1,3,1,1,1,1,1
SF,IC2001,2019-11-29 09:35:36.600,4834.4000,4551,0,76365400.000,0,-,-,-,-,4833.6000,4833.4000,4832.0000,4831.8000,4830.6000,4835.6000,4836.0000,4836.4000,4836.6000,4837.2000,2,1,1,1,1,1,1,1,1,1
SF,IC2001,2019-11-29 09:35:37.100,4834.4000,4551,0,76365400.000,0,-,-,-,-,4833.6000,4833.4000,4832.0000,4831.8000,4830.6000,4835.6000,4836.0000,4836.4000,4836.6000,4837.2000,1,1,1,1,1,1,1,1,1,1
SF,IC2001,2019-11-29 09:35:37.600,4834.4000,4551,0,76365400.000,0,-,-,-,-,4833.8000,4833.6000,4833.4000,4832.0000,4831.8000,4835.6000,4836.0000,4836.4000,4836.6000,4837.2000,3,1,1,1,1,1,1,1,1,1
SF,IC2001,2019-11-29 09:35:38.100,4834.4000,4551,0,76365400.000,0,-,-,-,-,4833.6000,4833.4000,4832.0000,4831.8000,4830.6000,4835.6000,4836.0000,4836.4000,4836.6000,4837.2000,1,1,1,1,1,1,1,1,1,1
SF,IC2001,2019-11-29 09:35:38.600,4835.6000,4551,0,77332520.000,1,0,1,多换,S,4833.4000,4832.0000,4831.8000,4830.6000,4829.4000,4836.0000,4836.4000,4836.6000,4837.2000,4838.4000,1,1,1,1,3,1,1,1,1,1
SF,IC2001,2019-11-29 09:35:39.100,4835.6000,4551,0,77332520.000,0,-,-,-,-,4833.8000,4833.6000,4833.4000,4832.0000,4831.8000,4835.8000,4836.0000,4836.4000,4836.6000,4837.2000,3,3,1,1,1,1,1,1,1,1
SF,IC2001,2019-11-29 09:35:39.600,4835.6000,4551,0,77332520.000,0,-,-,-,-,4833.6000,4833.4000,4832.0000,4831.8000,4830.6000,4835.8000,4836.0000,4836.4000,4836.6000,4837.2000,1,1,1,1,1,1,1,1,1,1
SF,IC2001,2019-11-29 09:35:41.100,4835.6000,4551,0,77332520.000,0,-,-,-,-,4833.8000,4833.4000,4832.0000,4831.8000,4830.6000,4835.8000,4836.0000,4836.4000,4836.6000,4837.2000,3,1,1,1,1,1,1,1,1,1
SF,IC2001,2019-11-29 09:35:41.600,4835.6000,4551,0,77332520.000,0,-,-,-,-,4834.0000,4833.4000,4832.0000,4831.8000,4830.6000,4835.8000,4836.0000,4836.4000,4836.6000,4837.2000,1,1,1,1,1,1,1,1,1,1
SF,IC2001,2019-11-29 09:35:43.100,4835.6000,4551,0,77332520.000,0,-,-,-,-,4832.0000,4831.8000,4830.6000,4829.4000,4829.2000,4835.8000,4836.0000,4836.4000,4836.6000,4837.2000,1,1,1,3,1,1,2,1,1,1
SF,IC2001,2019-11-29 09:35:43.600,4835.6000,4551,0,77332520.000,0,-,-,-,-,4832.6000,4832.2000,4832.0000,4831.8000,4830.6000,4835.8000,4836.0000,4836.4000,4836.6000,4837.2000,2,3,1,1,1,1,2,1,1,1
SF,IC2001,2019-11-29 09:35:44.100,4835.6000,4551,0,77332520.000,0,-,-,-,-,4832.8000,4832.6000,4832.2000,4832.0000,4831.8000,4835.8000,4836.0000,4836.4000,4836.6000,4837.2000,1,2,3,1,1,1,2,1,1,1
SF,IC2001,2019-11-29 09:35:44.600,4835.6000,4551,0,77332520.000,0,-,-,-,-,4833.0000,4832.8000,4832.6000,4832.2000,4832.0000,4835.8000,4836.0000,4836.4000,4836.6000,4837.2000,2,1,2,2,1,1,2,1,1,1
SF,IC2001,2019-11-29 09:35:45.600,4835.6000,4551,0,77332520.000,0,-,-,-,-,4833.0000,4832.2000,4832.0000,4831.8000,4830.6000,4835.6000,4835.8000,4836.0000,4836.4000,4836.6000,2,2,1,1,1,1,1,2,1,1
SF,IC2001,2019-11-29 09:35:46.100,4835.6000,4551,0,77332520.000,0,-,-,-,-,4833.0000,4832.2000,4832.0000,4831.8000,4830.6000,4835.4000,4835.6000,4836.0000,4836.4000,4836.6000,2,1,1,1,1,1,1,2,1,1
SF,IC2001,2019-11-29 09:35:46.600,4835.6000,4551,0,77332520.000,0,-,-,-,-,4833.0000,4832.2000,4832.0000,4831.8000,4830.6000,4835.4000,4835.6000,4836.0000,4836.4000,4836.6000,1,1,1,1,1,1,1,2,1,1
SF,IC2001,2019-11-29 09:35:47.100,4835.6000,4551,0,77332520.000,0,-,-,-,-,4833.2000,4833.0000,4832.2000,4832.0000,4831.8000,4835.4000,4835.6000,4836.0000,4836.4000,4836.6000,1,1,1,1,1,1,1,2,1,1
SF,IC2001,2019-11-29 09:35:47.600,4835.6000,4551,0,77332520.000,0,-,-,-,-,4833.4000,4833.2000,4832.2000,4832.0000,4831.8000,4835.4000,4836.0000,4836.4000,4836.6000,4837.2000,1,1,1,1,1,1,2,1,1,1
SF,IC2001,2019-11-29 09:35:49.600,4835.6000,4551,0,77332520.000,0,-,-,-,-,4833.4000,4832.2000,4832.0000,4831.8000,4830.6000,4835.4000,4836.0000,4836.4000,4836.6000,4837.2000,1,1,1,1,1,1,2,1,1,1
SF,IC2001,2019-11-29 09:35:50.100,4835.6000,4551,0,77332520.000,0,-,-,-,-,4833.6000,4833.4000,4832.2000,4832.0000,4831.8000,4835.4000,4836.0000,4836.4000,4836.6000,4837.2000,1,1,1,1,1,1,2,1,1,1
SF,IC2001,2019-11-29 09:35:50.600,4835.6000,4551,0,77332520.000,0,-,-,-,-,4833.4000,4832.2000,4832.0000,4831.8000,4830.6000,4835.4000,4836.0000,4836.4000,4836.6000,4837.2000,1,1,1,1,1,1,2,1,1,1
SF,IC2001,2019-11-29 09:36:03.100,4835.6000,4551,0,77332520.000,0,-,-,-,-,4833.4000,4832.0000,4831.8000,4830.6000,4829.4000,4835.4000,4836.0000,4836.4000,4836.6000,4837.2000,1,1,1,1,3,1,2,1,1,1
SF,IC2001,2019-11-29 09:36:03.600,4835.6000,4551,0,77332520.000,0,-,-,-,-,4832.0000,4831.8000,4830.6000,4829.4000,4829.2000,4835.4000,4836.0000,4836.4000,4836.6000,4837.2000,1,1,1,3,1,2,2,1,1,1
SF,IC2001,2019-11-29 09:36:04.100,4835.6000,4551,0,77332520.000,0,-,-,-,-,4832.4000,4832.2000,4832.0000,4831.8000,4830.6000,4835.4000,4836.0000,4836.4000,4836.6000,4837.2000,2,3,1,1,1,2,2,1,1,1
SF,IC2001,2019-11-29 09:36:04.600,4835.6000,4551,0,77332520.000,0,-,-,-,-,4832.6000,4832.4000,4832.2000,4832.0000,4831.8000,4835.4000,4836.0000,4836.4000,4836.6000,4837.2000,3,2,2,1,1,2,2,1,1,1
SF,IC2001,2019-11-29 09:36:05.100,4835.6000,4551,0,77332520.000,0,-,-,-,-,4832.6000,4832.2000,4832.0000,4831.8000,4830.6000,4835.4000,4836.0000,4836.4000,4836.6000,4837.2000,1,2,1,1,1,2,2,1,1,1
SF,IC2001,2019-11-29 09:36:06.100,4835.6000,4551,0,77332520.000,0,-,-,-,-,4832.8000,4832.6000,4832.2000,4832.0000,4831.8000,4835.4000,4836.0000,4836.4000,4836.6000,4837.2000,2,1,2,1,1,2,2,1,1,1
SF,IC2001,2019-11-29 09:36:06.600,4835.6000,4551,0,77332520.000,0,-,-,-,-,4833.2000,4833.0000,4832.8000,4832.2000,4832.0000,4835.4000,4836.0000,4836.4000,4836.6000,4837.2000,2,2,2,2,1,2,2,1,1,1
SF,IC2001,2019-11-29 09:36:07.100,4835.6000,4551,0,77332520.000,0,-,-,-,-,4833.4000,4833.2000,4833.0000,4832.8000,4832.2000,4835.4000,4836.0000,4836.4000,4836.6000,4837.2000,2,2,1,2,2,2,2,1,1,1
SF,IC2001,2019-11-29 09:36:08.600,4835.6000,4551,0,77332520.000,0,-,-,-,-,4833.4000,4833.0000,4832.8000,4832.2000,4832.0000,4835.4000,4836.0000,4836.4000,4836.6000,4837.2000,2,1,2,2,1,2,2,1,1,1
SF,IC2001,2019-11-29 09:36:09.100,4835.6000,4551,0,77332520.000,0,-,-,-,-,4833.0000,4832.2000,4832.0000,4831.8000,4830.6000,4835.4000,4836.0000,4836.4000,4836.6000,4837.2000,1,2,1,1,1,2,2,1,1,1
SF,IC2001,2019-11-29 09:36:09.600,4835.6000,4551,0,77332520.000,0,-,-,-,-,4833.2000,4833.0000,4832.2000,4832.0000,4831.8000,4835.4000,4836.0000,4836.4000,4836.6000,4837.2000,2,1,2,1,1,2,2,1,1,1
SF,IC2001,2019-11-29 09:36:10.100,4835.6000,4551,0,77332520.000,0,-,-,-,-,4832.2000,4832.0000,4831.8000,4830.6000,4829.4000,4835.4000,4836.0000,4836.4000,4836.6000,4837.2000,2,1,1,1,3,2,2,1,1,1
SF,IC2001,2019-11-29 09:36:10.600,4835.6000,4551,0,77332520.000,0,-,-,-,-,4832.4000,4832.0000,4831.8000,4830.6000,4829.4000,4835.0000,4835.4000,4836.0000,4836.4000,4836.6000,2,1,1,1,3,1,2,2,1,1
SF,IC2001,2019-11-29 09:36:11.100,4835.6000,4551,0,77332520.000,0,-,-,-,-,4832.4000,4832.0000,4831.8000,4830.6000,4829.4000,4834.8000,4835.0000,4835.4000,4836.0000,4836.4000,2,1,1,1,3,1,1,1,2,1
SF,IC2001,2019-11-29 09:36:11.600,4835.6000,4551,0,77332520.000,0,-,-,-,-,4832.4000,4832.0000,4831.8000,4830.6000,4829.4000,4834.8000,4835.0000,4835.4000,4836.0000,4836.4000,1,1,1,1,3,1,1,1,2,1
SF,IC2001,2019-11-29 09:36:12.100,4835.6000,4551,0,77332520.000,0,-,-,-,-,4832.6000,4832.0000,4831.8000,4830.6000,4829.4000,4834.6000,4834.8000,4835.0000,4835.4000,4836.0000,1,1,1,1,3,1,1,1,1,2
SF,IC2001,2019-11-29 09:36:12.600,4835.6000,4551,0,77332520.000,0,-,-,-,-,4832.0000,4831.8000,4830.6000,4829.4000,4829.2000,4834.4000,4834.6000,4835.0000,4835.4000,4836.0000,1,1,1,3,1,1,1,1,1,2
SF,IC2001,2019-11-29 09:36:13.100,4835.6000,4551,0,77332520.000,0,-,-,-,-,4832.2000,4832.0000,4831.8000,4830.6000,4829.4000,4834.4000,4834.6000,4835.0000,4835.4000,4836.0000,2,1,1,1,3,1,1,1,1,2
SF,IC2001,2019-11-29 09:36:13.600,4835.6000,4551,0,77332520.000,0,-,-,-,-,4832.2000,4832.0000,4831.8000,4830.6000,4829.4000,4834.4000,4834.6000,4835.4000,4836.0000,4836.4000,2,1,1,1,3,1,1,1,2,1
SF,IC2001,2019-11-29 09:36:14.100,4835.6000,4551,0,77332520.000,0,-,-,-,-,4832.2000,4832.0000,4831.8000,4830.6000,4829.4000,4834.2000,4834.4000,4834.6000,4835.4000,4836.0000,2,1,1,1,3,1,1,1,1,2
SF,IC2001,2019-11-29 09:36:14.600,4835.6000,4551,0,77332520.000,0,-,-,-,-,4832.2000,4832.0000,4831.8000,4830.6000,4829.4000,4834.0000,4834.2000,4835.4000,4836.0000,4836.4000,1,1,1,1,3,1,2,1,2,1
SF,IC2001,2019-11-29 09:36:15.100,4835.6000,4551,0,77332520.000,0,-,-,-,-,4832.2000,4832.0000,4831.8000,4830.6000,4829.4000,4834.0000,4834.2000,4835.4000,4836.0000,4836.4000,1,1,1,1,3,1,1,1,2,1
SF,IC2001,2019-11-29 09:36:16.100,4835.6000,4551,0,77332520.000,0,-,-,-,-,4832.0000,4831.8000,4830.6000,4829.4000,4829.2000,4834.0000,4834.2000,4835.4000,4836.0000,4836.4000,1,1,1,3,1,1,1,1,2,1
SF,IC2001,2019-11-29 09:36:16.600,4835.6000,4551,0,77332520.000,0,-,-,-,-,4832.2000,4832.0000,4831.8000,4830.6000,4829.4000,4834.0000,4835.4000,4836.0000,4836.4000,4836.6000,2,1,1,1,3,1,1,2,1,1
SF,IC2001,2019-11-29 09:36:17.100,4835.6000,4551,0,77332520.000,0,-,-,-,-,4832.2000,4832.0000,4831.8000,4830.6000,4829.4000,4834.0000,4835.4000,4836.0000,4836.4000,4836.6000,3,1,1,1,3,1,1,2,1,1
SF,IC2001,2019-11-29 09:36:17.600,4835.6000,4551,0,77332520.000,0,-,-,-,-,4832.2000,4832.0000,4831.8000,4830.6000,4829.4000,4834.0000,4834.8000,4835.4000,4836.0000,4836.4000,2,1,1,1,3,1,1,1,2,1
SF,IC2001,2019-11-29 09:36:19.100,4835.6000,4551,0,77332520.000,0,-,-,-,-,4832.2000,4832.0000,4831.8000,4830.6000,4829.4000,4834.0000,4834.8000,4835.4000,4836.0000,4836.4000,1,1,1,1,3,1,1,1,2,1
SF,IC2001,2019-11-29 09:36:19.600,4835.0000,4551,0,79266520.000,2,1,1,多换,S,4835.0000,4832.2000,4831.8000,4830.6000,4829.4000,4835.4000,4836.0000,4836.4000,4836.6000,4837.2000,14,1,1,1,3,1,2,1,1,1
SF,IC2001,2019-11-29 09:36:20.100,4835.0000,4551,0,92804520.000,14,7,7,多换,S,4831.8000,4830.6000,4829.4000,4829.2000,4829.0000,4835.0000,4835.2000,4835.4000,4836.0000,4836.4000,1,1,3,1,2,3,1,1,2,1
SF,IC2001,2019-11-29 09:36:20.600,4835.0000,4551,0,92804520.000,0,-,-,-,-,4832.2000,4832.0000,4831.8000,4830.6000,4829.4000,4834.6000,4834.8000,4835.0000,4835.4000,4836.0000,3,4,1,1,3,1,1,3,1,1
SF,IC2001,2019-11-29 09:36:21.100,4835.0000,4551,0,92804520.000,0,-,-,-,-,4832.4000,4832.2000,4832.0000,4831.8000,4830.6000,4834.4000,4834.6000,4835.0000,4835.4000,4836.0000,1,1,1,1,1,1,1,3,1,1
SF,IC2001,2019-11-29 09:36:21.600,4835.0000,4551,0,92804520.000,0,-,-,-,-,4833.4000,4832.4000,4832.2000,4832.0000,4831.8000,4834.4000,4834.6000,4835.0000,4835.4000,4836.0000,1,1,1,1,1,1,1,3,1,1
SF,IC2001,2019-11-29 09:36:22.100,4835.0000,4551,0,92804520.000,0,-,-,-,-,4832.4000,4832.2000,4832.0000,4831.8000,4830.6000,4834.4000,4835.0000,4835.4000,4836.0000,4836.4000,1,1,1,1,1,1,2,1,1,1
SF,IC2001,2019-11-29 09:36:22.600,4835.0000,4551,0,92804520.000,0,-,-,-,-,4832.6000,4832.4000,4832.2000,4832.0000,4831.8000,4834.4000,4835.0000,4835.4000,4836.0000,4836.4000,1,1,1,1,1,1,2,1,1,1
SF,IC2001,2019-11-29 09:36:23.100,4835.0000,4551,0,92804520.000,0,-,-,-,-,4832.8000,4832.6000,4832.4000,4832.0000,4831.8000,4834.4000,4835.0000,4835.4000,4836.0000,4836.4000,1,1,1,1,1,1,2,1,1,1
SF,IC2001,2019-11-29 09:36:23.600,4835.0000,4551,0,92804520.000,0,-,-,-,-,4832.6000,4832.4000,4832.0000,4831.8000,4830.6000,4834.4000,4835.0000,4835.4000,4836.0000,4836.4000,1,1,1,1,1,1,2,1,1,1
SF,IC2001,2019-11-29 09:36:24.100,4835.0000,4551,0,92804520.000,0,-,-,-,-,4833.4000,4832.8000,4832.6000,4832.0000,4831.8000,4834.4000,4835.0000,4835.4000,4836.0000,4836.4000,1,1,1,1,1,1,2,1,1,1
SF,IC2001,2019-11-29 09:36:24.600,4833.4000,4550,-1,93771200.000,1,0,1,双平,S,4832.0000,4831.8000,4830.6000,4829.4000,4829.2000,4834.4000,4835.0000,4835.4000,4836.0000,4836.4000,1,1,1,3,1,1,2,1,1,1
SF,IC2001,2019-11-29 09:36:25.100,4833.4000,4550,0,93771200.000,0,-,-,-,-,4832.2000,4832.0000,4831.8000,4830.6000,4829.4000,4834.4000,4835.0000,4835.4000,4836.0000,4836.4000,2,1,1,1,3,1,2,1,1,1
SF,IC2001,2019-11-29 09:36:26.100,4833.4000,4550,0,93771200.000,0,-,-,-,-,4832.2000,4832.0000,4831.8000,4830.6000,4829.4000,4834.2000,4834.4000,4835.0000,4835.4000,4836.0000,2,1,1,1,3,1,1,2,1,1
SF,IC2001,2019-11-29 09:36:26.600,4833.4000,4550,0,93771200.000,0,-,-,-,-,4832.0000,4831.8000,4830.6000,4829.4000,4829.2000,4834.0000,4834.2000,4835.0000,4835.4000,4835.8000,1,1,1,3,1,1,1,1,1,1
SF,IC2001,2019-11-29 09:36:27.100,4833.4000,4550,0,93771200.000,0,-,-,-,-,4832.2000,4832.0000,4831.8000,4830.6000,4829.4000,4834.0000,4834.2000,4834.6000,4835.0000,4835.4000,1,1,1,1,3,1,1,1,1,1
SF,IC2001,2019-11-29 09:36:27.600,4833.4000,4550,0,93771200.000,0,-,-,-,-,4832.0000,4831.8000,4830.6000,4829.4000,4829.2000,4834.0000,4834.2000,4834.6000,4835.0000,4835.4000,1,1,1,3,1,1,1,1,1,1
SF,IC2001,2019-11-29 09:36:28.100,4833.4000,4550,0,93771200.000,0,-,-,-,-,4832.2000,4832.0000,4831.8000,4830.6000,4829.4000,4833.8000,4834.0000,4834.6000,4835.0000,4835.4000,1,1,1,1,3,1,1,1,1,1
SF,IC2001,2019-11-29 09:36:28.600,4833.4000,4550,0,93771200.000,0,-,-,-,-,4832.0000,4831.8000,4830.6000,4829.4000,4829.2000,4833.6000,4833.8000,4834.6000,4835.0000,4835.4000,1,1,1,3,1,1,1,1,1,1
SF,IC2001,2019-11-29 09:36:30.100,4833.4000,4550,0,93771200.000,0,-,-,-,-,4832.0000,4831.8000,4830.6000,4829.4000,4829.2000,4833.6000,4833.8000,4834.6000,4835.4000,4835.8000,1,1,1,3,1,1,1,1,1,1
SF,IC2001,2019-11-29 09:36:30.600,4833.4000,4550,0,93771200.000,0,-,-,-,-,4832.0000,4831.8000,4830.6000,4829.4000,4829.2000,4833.6000,4833.8000,4834.6000,4835.4000,4835.8000,1,1,1,3,1,1,1,1,1,1
SF,IC2001,2019-11-29 09:36:31.100,4833.4000,4550,0,93771200.000,0,-,-,-,-,4831.8000,4830.6000,4829.4000,4829.2000,4829.0000,4833.4000,4833.6000,4834.6000,4835.4000,4835.8000,1,1,3,1,2,1,1,1,1,1
SF,IC2001,2019-11-29 09:36:31.600,4831.8000,4550,0,94737560.000,1,0,1,多换,S,4830.6000,4829.4000,4829.2000,4829.0000,4828.0000,4833.2000,4833.4000,4834.6000,4835.4000,4835.8000,1,3,1,2,1,1,1,1,1,1
SF,IC2001,2019-11-29 09:36:32.100,4831.8000,4550,0,94737560.000,0,-,-,-,-,4830.8000,4830.6000,4829.4000,4829.2000,4829.0000,4833.2000,4833.4000,4834.6000,4835.4000,4835.8000,2,1,3,1,2,1,1,1,1,1
SF,IC2001,2019-11-29 09:36:32.600,4831.8000,4550,0,94737560.000,0,-,-,-,-,4830.8000,4830.6000,4829.4000,4829.2000,4829.0000,4833.0000,4833.2000,4834.6000,4835.4000,4835.8000,2,1,3,1,2,1,1,1,1,1
SF,IC2001,2019-11-29 09:36:33.100,4831.8000,4550,0,94737560.000,0,-,-,-,-,4830.8000,4830.6000,4829.4000,4829.2000,4829.0000,4832.8000,4833.0000,4834.6000,4835.8000,4836.0000,2,1,3,1,2,1,1,1,1,1
SF,IC2001,2019-11-29 09:36:33.600,4831.8000,4550,0,94737560.000,0,-,-,-,-,4830.8000,4830.6000,4829.4000,4829.2000,4829.0000,4832.8000,4833.0000,4834.6000,4835.8000,4836.0000,2,1,3,1,2,2,1,1,1,1
SF,IC2001,2019-11-29 09:36:34.100,4831.8000,4550,0,94737560.000,0,-,-,-,-,4830.8000,4830.6000,4829.4000,4829.2000,4829.0000,4832.8000,4833.0000,4834.6000,4835.8000,4836.0000,1,1,3,1,2,2,1,1,1,1
SF,IC2001,2019-11-29 09:36:37.600,4831.8000,4550,0,94737560.000,0,-,-,-,-,4830.8000,4830.6000,4829.4000,4829.2000,4829.0000,4832.8000,4833.0000,4834.4000,4834.6000,4835.8000,1,1,3,1,2,2,1,1,1,1
SF,IC2001,2019-11-29 09:36:38.100,4831.8000,4550,0,94737560.000,0,-,-,-,-,4830.6000,4829.4000,4829.2000,4829.0000,4828.0000,4832.8000,4833.0000,4833.6000,4834.4000,4835.8000,1,3,1,2,1,2,1,2,1,1
SF,IC2001,2019-11-29 09:36:38.600,4831.8000,4550,0,94737560.000,0,-,-,-,-,4829.4000,4829.2000,4829.0000,4828.0000,4827.2000,4832.8000,4833.0000,4833.6000,4834.4000,4835.8000,1,1,2,1,1,2,1,2,1,1
SF,IC2001,2019-11-29 09:36:39.100,4831.8000,4550,0,94737560.000,0,-,-,-,-,4829.6000,4829.4000,4829.2000,4829.0000,4828.0000,4832.8000,4833.6000,4834.4000,4835.8000,4836.0000,4,3,1,2,1,2,2,1,1,1
SF,IC2001,2019-11-29 09:36:39.600,4831.8000,4550,0,94737560.000,0,-,-,-,-,4829.6000,4829.2000,4829.0000,4828.0000,4827.2000,4832.6000,4832.8000,4833.6000,4834.4000,4835.8000,2,1,2,1,1,1,2,2,1,1
SF,IC2001,2019-11-29 09:36:40.100,4831.8000,4550,0,94737560.000,0,-,-,-,-,4829.6000,4829.2000,4829.0000,4828.0000,4827.2000,4832.4000,4832.6000,4832.8000,4834.4000,4835.8000,2,1,2,1,1,1,3,1,1,1
SF,IC2001,2019-11-29 09:36:40.600,4831.8000,4550,0,94737560.000,0,-,-,-,-,4829.6000,4829.2000,4829.0000,4828.0000,4827.2000,4832.4000,4832.6000,4832.8000,4834.4000,4835.8000,2,1,2,1,1,1,3,1,1,1
SF,IC2001,2019-11-29 09:36:41.100,4831.8000,4550,0,94737560.000,0,-,-,-,-,4829.6000,4829.2000,4829.0000,4828.0000,4827.2000,4832.4000,4832.6000,4832.8000,4834.4000,4835.8000,1,1,2,1,1,1,3,1,1,1
SF,IC2001,2019-11-29 09:36:45.100,4831.8000,4550,0,94737560.000,0,-,-,-,-,4829.6000,4829.2000,4829.0000,4828.0000,4827.2000,4831.8000,4832.0000,4832.2000,4832.4000,4832.6000,1,1,2,1,1,1,1,2,1,3
SF,IC2001,2019-11-29 09:36:45.600,4831.8000,4550,0,94737560.000,0,-,-,-,-,4829.8000,4829.6000,4829.2000,4829.0000,4828.0000,4832.4000,4832.6000,4832.8000,4833.0000,4834.4000,1,1,1,2,1,1,3,1,1,1
SF,IC2001,2019-11-29 09:36:46.100,4831.8000,4550,0,94737560.000,0,-,-,-,-,4830.0000,4829.8000,4829.2000,4829.0000,4828.0000,4832.4000,4832.6000,4832.8000,4834.4000,4835.8000,1,1,1,2,1,1,3,1,1,1
SF,IC2001,2019-11-29 09:36:47.600,4831.8000,4550,0,94737560.000,0,-,-,-,-,4830.0000,4829.2000,4829.0000,4828.0000,4827.2000,4832.4000,4832.6000,4832.8000,4834.4000,4835.8000,1,1,2,1,1,1,3,1,1,1
SF,IC2001,2019-11-29 09:36:49.100,4831.8000,4550,0,94737560.000,0,-,-,-,-,4830.0000,4829.2000,4829.0000,4828.0000,4827.2000,4832.0000,4832.4000,4832.6000,4832.8000,4834.4000,1,1,2,1,1,1,1,3,1,1
SF,IC2001,2019-11-29 09:36:50.100,4831.8000,4550,0,94737560.000,0,-,-,-,-,4830.0000,4829.2000,4829.0000,4828.0000,4827.2000,4832.4000,4832.6000,4832.8000,4834.4000,4835.8000,1,1,2,1,1,1,3,1,1,1
SF,IC2001,2019-11-29 09:36:54.600,4831.8000,4550,0,94737560.000,0,-,-,-,-,4830.0000,4829.2000,4829.0000,4828.0000,4827.2000,4832.4000,4832.6000,4832.8000,4833.6000,4834.4000,1,1,2,1,1,1,1,1,2,1
SF,IC2001,2019-11-29 09:36:57.100,4831.8000,4550,0,94737560.000,0,-,-,-,-,4830.0000,4829.2000,4829.0000,4828.0000,4827.2000,4832.4000,4832.6000,4832.8000,4833.6000,4834.4000,1,1,2,1,1,1,1,1,2,1
SF,IC2001,2019-11-29 09:36:57.600,4831.0000,4549,-1,95703760.000,1,0,1,双平,S,4830.4000,4830.2000,4830.0000,4829.2000,4829.0000,4832.8000,4834.4000,4835.8000,4836.0000,4836.4000,2,3,1,1,2,1,1,1,1,1
SF,IC2001,2019-11-29 09:36:58.100,4831.0000,4549,0,95703760.000,0,-,-,-,-,4830.6000,4830.4000,4830.2000,4830.0000,4829.2000,4832.8000,4834.6000,4835.8000,4836.0000,4836.4000,7,2,3,1,1,1,2,1,1,1
SF,IC2001,2019-11-29 09:36:58.600,4831.0000,4549,0,95703760.000,0,-,-,-,-,4830.6000,4830.2000,4829.2000,4829.0000,4828.0000,4832.6000,4832.8000,4834.6000,4835.8000,4836.0000,5,3,1,2,1,1,1,2,1,1
SF,IC2001,2019-11-29 09:36:59.100,4831.0000,4549,0,95703760.000,0,-,-,-,-,4830.6000,4829.2000,4829.0000,4828.0000,4827.2000,4832.6000,4832.8000,4834.6000,4835.8000,4836.0000,2,1,2,1,1,1,1,2,1,1
SF,IC2001,2019-11-29 09:36:59.600,4831.0000,4549,0,95703760.000,0,-,-,-,-,4830.6000,4829.2000,4829.0000,4828.0000,4827.2000,4832.6000,4832.8000,4834.2000,4834.6000,4835.8000,1,1,2,1,1,1,1,1,2,1
SF,IC2001,2019-11-29 09:37:01.600,4831.0000,4549,0,95703760.000,0,-,-,-,-,4830.8000,4830.6000,4829.2000,4829.0000,4828.0000,4832.6000,4832.8000,4834.6000,4835.8000,4836.0000,2,1,1,2,1,1,1,2,1,1
SF,IC2001,2019-11-29 09:37:02.100,4832.8000,4548,-1,97636840.000,2,0,2,多平,S,4832.8000,4831.6000,4831.0000,4830.8000,4829.2000,4834.6000,4835.8000,4836.0000,4836.4000,4836.6000,1,2,5,2,1,2,1,1,1,1
SF,IC2001,2019-11-29 09:37:02.600,4832.8000,4548,0,97636840.000,0,-,-,-,-,4833.0000,4831.6000,4831.2000,4831.0000,4830.8000,4835.8000,4836.0000,4836.4000,4836.6000,4837.2000,1,2,2,4,2,1,1,1,1,1
SF,IC2001,2019-11-29 09:37:03.100,4832.8000,4548,0,97636840.000,0,-,-,-,-,4831.6000,4831.2000,4831.0000,4830.8000,4829.2000,4835.6000,4835.8000,4836.0000,4836.4000,4836.6000,1,2,4,2,1,1,1,1,1,3
SF,IC2001,2019-11-29 09:37:03.600,4832.8000,4548,0,97636840.000,0,-,-,-,-,4831.8000,4831.6000,4831.2000,4831.0000,4830.8000,4835.6000,4835.8000,4836.0000,4836.4000,4836.6000,5,1,2,3,2,1,1,1,1,3
SF,IC2001,2019-11-29 09:37:04.100,4832.8000,4548,0,97636840.000,0,-,-,-,-,4832.0000,4831.8000,4831.6000,4831.2000,4831.0000,4835.6000,4835.8000,4836.0000,4836.4000,4836.6000,1,5,1,2,2,1,1,1,1,3
SF,IC2001,2019-11-29 09:37:04.600,4832.8000,4548,0,97636840.000,0,-,-,-,-,4832.2000,4832.0000,4831.8000,4831.6000,4831.2000,4835.6000,4835.8000,4836.0000,4836.4000,4836.6000,2,1,3,1,1,1,1,1,1,3
SF,IC2001,2019-11-29 09:37:05.100,4832.8000,4548,0,97636840.000,0,-,-,-,-,4832.2000,4832.0000,4831.8000,4831.6000,4831.2000,4835.6000,4835.8000,4836.0000,4836.4000,4836.6000,4,1,3,1,1,1,1,1,1,3
SF,IC2001,2019-11-29 09:37:05.600,4832.8000,4548,0,97636840.000,0,-,-,-,-,4832.2000,4831.8000,4831.6000,4831.2000,4831.0000,4835.2000,4835.6000,4835.8000,4836.0000,4836.4000,2,3,1,1,2,1,1,1,1,1
SF,IC2001,2019-11-29 09:37:06.100,4832.8000,4548,0,97636840.000,0,-,-,-,-,4833.0000,4832.6000,4832.4000,4832.2000,4831.8000,4835.2000,4835.8000,4836.0000,4836.4000,4836.6000,1,1,2,3,3,1,1,1,1,3
SF,IC2001,2019-11-29 09:37:06.600,4832.8000,4548,0,97636840.000,0,-,-,-,-,4833.2000,4833.0000,4832.6000,4832.4000,4832.2000,4835.8000,4836.0000,4836.4000,4836.6000,4837.2000,1,1,1,2,2,1,1,1,3,1
SF,IC2001,2019-11-29 09:37:07.100,4832.8000,4548,0,97636840.000,0,-,-,-,-,4833.2000,4832.6000,4831.8000,4831.2000,4831.0000,4835.6000,4835.8000,4836.0000,4836.4000,4836.6000,1,1,3,1,1,1,1,1,1,3
SF,IC2001,2019-11-29 09:37:07.600,4832.8000,4548,0,97636840.000,0,-,-,-,-,4833.4000,4833.2000,4832.6000,4831.8000,4831.2000,4835.6000,4835.8000,4836.0000,4836.4000,4836.6000,1,1,1,3,1,1,1,1,1,3
SF,IC2001,2019-11-29 09:37:08.100,4832.8000,4548,0,97636840.000,0,-,-,-,-,4833.6000,4833.4000,4832.6000,4831.8000,4831.2000,4835.6000,4835.8000,4836.0000,4836.4000,4836.6000,1,1,1,3,1,1,1,1,1,3
SF,IC2001,2019-11-29 09:37:09.100,4832.8000,4548,0,97636840.000,0,-,-,-,-,4833.6000,4833.4000,4832.6000,4831.8000,4831.2000,4835.6000,4835.8000,4836.0000,4836.4000,4836.6000,1,1,1,3,1,1,1,1,1,1
SF,IC2001,2019-11-29 09:37:09.600,4832.8000,4548,0,97636840.000,0,-,-,-,-,4833.6000,4833.4000,4832.6000,4831.8000,4831.2000,4835.6000,4835.8000,4836.0000,4836.4000,4836.6000,1,1,2,3,1,1,1,1,1,1
SF,IC2001,2019-11-29 09:37:10.600,4832.8000,4548,0,97636840.000,0,-,-,-,-,4833.6000,4832.6000,4831.8000,4831.2000,4831.0000,4835.6000,4835.8000,4836.0000,4836.4000,4836.6000,1,2,3,1,1,1,1,1,1,1
SF,IC2001,2019-11-29 09:37:11.100,4832.8000,4548,0,97636840.000,0,-,-,-,-,4833.8000,4833.6000,4832.6000,4831.8000,4831.2000,4835.8000,4836.0000,4836.4000,4836.6000,4837.2000,1,1,2,3,1,1,1,1,1,1
SF,IC2001,2019-11-29 09:37:11.600,4832.8000,4548,0,97636840.000,0,-,-,-,-,4834.0000,4833.8000,4832.6000,4831.8000,4831.2000,4836.0000,4836.4000,4836.6000,4837.2000,4838.4000,1,1,2,3,1,1,1,1,1,1
SF,IC2001,2019-11-29 09:37:12.600,4832.8000,4548,0,97636840.000,0,-,-,-,-,4834.4000,4834.2000,4834.0000,4833.8000,4832.6000,4836.0000,4836.4000,4836.6000,4837.2000,4838.4000,2,3,1,1,2,1,1,1,1,1
SF,IC2001,2019-11-29 09:37:13.100,4832.8000,4548,0,97636840.000,0,-,-,-,-,4834.6000,4833.8000,4832.6000,4831.8000,4831.2000,4836.0000,4836.4000,4836.6000,4837.2000,4838.4000,1,1,2,3,1,1,1,1,1,1
SF,IC2001,2019-11-29 09:37:13.600,4832.8000,4548,0,97636840.000,0,-,-,-,-,4834.6000,4832.6000,4831.8000,4831.2000,4831.0000,4836.0000,4836.4000,4836.6000,4837.2000,4838.4000,1,2,3,1,1,1,1,1,1,1
SF,IC2001,2019-11-29 09:37:14.100,4832.8000,4548,0,97636840.000,0,-,-,-,-,4834.8000,4834.6000,4832.6000,4831.8000,4831.2000,4836.0000,4836.4000,4836.6000,4837.2000,4838.4000,1,1,2,3,1,1,1,1,1,1
