市场代码,合约代码,时间,最新,持仓,增仓,成交额,成交量,开仓,平仓,成交类型,方向,买一价,买二价,买三价,买四价,买五价,卖一价,卖二价,卖三价,卖四价,卖五价,买一量,买二量,买三量,买四量,买五量,卖一量,卖二量,卖三量,卖四量,卖五量
SF,IC2010,2020-09-07 09:29:00.400,6493.6000,7025,0,6493600.000,5.000,-,-,-,-,6491.0000,6483.6000,6482.4000,6482.0000,6480.8000,6510.0000,6518.0000,6523.0000,6529.0000,6531.4000,1,1,1,5,1,13,3,5,5,1
SF,IC2010,2020-09-07 09:30:00.400,6509.0000,7026,1,9097160.000,2,1,1,空开,S,6504.0000,6495.2000,6494.8000,6493.4000,6491.2000,6510.0000,6518.0000,6531.4000,6557.8000,6561.0000,1,1,1,1,1,14,3,1,1,1
SF,IC2010,2020-09-07 09:30:00.900,6504.0000,7024,-2,11698760.000,2,0,2,双平,S,6494.8000,6493.4000,6491.2000,6491.0000,6483.6000,6507.0000,6509.6000,6509.8000,6510.0000,6518.0000,1,1,1,1,1,2,3,3,14,3
SF,IC2010,2020-09-07 09:30:01.400,6504.0000,7024,0,11698760.000,0,-,-,-,-,6502.0000,6501.2000,6501.0000,6500.8000,6498.0000,6504.0000,6507.0000,6509.6000,6509.8000,6510.0000,1,1,1,1,2,1,2,3,1,14
SF,IC2010,2020-09-07 09:30:01.900,6503.8000,7023,-1,14300320.000,2,0,2,多平,S,6503.8000,6502.2000,6497.2000,6494.8000,6493.4000,6506.8000,6509.6000,6510.0000,6518.0000,6531.4000,1,1,1,1,1,1,3,14,2,1
SF,IC2010,2020-09-07 09:30:02.400,6503.8000,7023,0,14300320.000,0,-,-,-,-,6504.0000,6502.2000,6497.2000,6496.2000,6494.8000,6509.6000,6510.0000,6518.0000,6557.8000,6561.0000,2,1,1,1,1,3,14,2,1,1
SF,IC2010,2020-09-07 09:30:02.900,6503.8000,7023,0,14300320.000,0,-,-,-,-,6504.8000,6504.2000,6504.0000,6502.2000,6497.2000,6509.4000,6509.6000,6510.0000,6518.0000,6557.8000,1,1,2,1,1,2,3,14,2,1
SF,IC2010,2020-09-07 09:30:03.400,6504.6000,7021,-2,16902160.000,2,0,2,双平,S,6505.0000,6504.8000,6504.0000,6497.2000,6496.2000,6508.8000,6509.4000,6510.0000,6518.0000,6557.8000,1,1,2,1,1,2,2,14,2,1
SF,IC2010,2020-09-07 09:30:03.900,6504.6000,7021,0,16902160.000,0,-,-,-,-,6505.2000,6505.0000,6504.8000,6504.0000,6497.2000,6509.4000,6510.0000,6518.0000,6557.8000,6561.0000,3,1,1,1,1,1,14,2,1,1
SF,IC2010,2020-09-07 09:30:04.400,6504.6000,7021,0,16902160.000,0,-,-,-,-,6505.2000,6504.8000,6497.2000,6496.2000,6494.8000,6507.4000,6509.2000,6509.4000,6510.0000,6518.0000,1,1,1,1,1,1,2,1,14,2
SF,IC2010,2020-09-07 09:30:04.900,6504.6000,7021,0,16902160.000,0,-,-,-,-,6505.4000,6505.2000,6504.8000,6497.2000,6496.2000,6509.2000,6510.0000,6518.0000,6557.8000,6561.0000,2,1,1,1,1,1,14,2,1,1
SF,IC2010,2020-09-07 09:30:05.400,6505.4000,7022,1,20805400.000,3,2,1,空开,S,6505.6000,6497.2000,6496.2000,6491.2000,6491.0000,6509.0000,6510.0000,6513.4000,6518.0000,6557.8000,2,1,1,1,1,1,14,5,2,1
SF,IC2010,2020-09-07 09:30:05.900,6505.6000,7021,-1,23407640.000,2,0,2,多平,S,6506.8000,6505.6000,6497.2000,6496.2000,6491.2000,6508.8000,6509.0000,6510.0000,6519.2000,6557.8000,1,1,1,1,1,1,1,14,5,1
SF,IC2010,2020-09-07 09:30:06.400,6506.8000,7018,-3,27312560.000,3,0,3,双平,S,6505.6000,6497.2000,6496.2000,6491.2000,6491.0000,6510.0000,6519.2000,6557.8000,6561.0000,6567.4000,1,1,1,1,1,14,5,1,1,6
SF,IC2010,2020-09-07 09:30:06.900,6506.8000,7018,0,28613920.000,1,0,1,多换,S,6505.8000,6505.6000,6496.2000,6491.2000,6491.0000,6510.0000,6519.2000,6557.8000,6561.0000,6567.4000,2,1,1,1,1,14,5,1,1,6
SF,IC2010,2020-09-07 09:30:07.400,6506.8000,7018,0,28613920.000,0,-,-,-,-,6507.8000,6506.0000,6505.8000,6496.2000,6491.2000,6510.0000,6519.2000,6557.8000,6561.0000,6567.4000,1,1,2,1,1,14,5,1,1,6
SF,IC2010,2020-09-07 09:30:07.900,6506.8000,7018,0,28613920.000,0,-,-,-,-,6508.0000,6506.0000,6496.2000,6491.2000,6491.0000,6510.0000,6519.2000,6557.8000,6561.0000,6567.4000,1,1,1,1,1,14,5,1,1,6
SF,IC2010,2020-09-07 09:30:08.400,6508.0000,7017,-1,29915520.000,1,0,1,双平,S,6506.0000,6496.2000,6491.2000,6491.0000,6482.0000,6510.0000,6519.2000,6557.8000,6561.0000,6567.4000,1,1,1,1,5,14,5,1,1,6
SF,IC2010,2020-09-07 09:30:08.900,6508.0000,7017,0,29915520.000,0,-,-,-,-,6506.2000,6506.0000,6496.2000,6491.2000,6491.0000,6508.0000,6510.0000,6519.2000,6557.8000,6561.0000,2,1,1,1,1,1,14,5,1,1
SF,IC2010,2020-09-07 09:30:09.400,6508.0000,7017,0,31217120.000,1,0,1,多换,S,6506.2000,6496.2000,6491.2000,6491.0000,6485.0000,6510.0000,6519.2000,6557.8000,6561.0000,6567.4000,2,1,1,1,1,14,5,1,1,6
SF,IC2010,2020-09-07 09:30:09.900,6506.4000,7017,0,32518400.000,1,0,1,多换,S,6506.2000,6496.2000,6491.2000,6491.0000,6485.0000,6509.8000,6510.0000,6519.2000,6557.8000,6561.0000,2,1,1,1,1,2,14,5,1,1
SF,IC2010,2020-09-07 09:30:10.400,6509.6000,7016,-1,33820320.000,1,0,1,双平,S,6506.2000,6496.2000,6491.2000,6491.0000,6485.0000,6509.8000,6510.0000,6519.2000,6557.8000,6561.0000,1,1,1,1,1,2,14,5,1,1
SF,IC2010,2020-09-07 09:30:10.900,6506.4000,7015,-1,36423560.000,2,0,2,多平,S,6506.2000,6496.2000,6491.2000,6491.0000,6485.0000,6509.8000,6510.0000,6519.2000,6557.8000,6561.0000,1,1,1,1,1,1,14,5,1,1
SF,IC2010,2020-09-07 09:30:11.400,6506.4000,7015,0,36423560.000,0,-,-,-,-,6506.4000,6506.2000,6496.2000,6491.2000,6491.0000,6509.6000,6509.8000,6510.0000,6519.2000,6557.8000,1,1,1,1,1,1,1,14,5,1
SF,IC2010,2020-09-07 09:30:11.900,6506.4000,7015,0,36423560.000,0,-,-,-,-,6506.6000,6506.4000,6506.2000,6496.2000,6491.2000,6509.6000,6509.8000,6510.0000,6519.2000,6557.8000,1,1,1,1,1,1,1,14,5,1
SF,IC2010,2020-09-07 09:30:12.400,6509.6000,7014,-1,37725480.000,1,0,1,双平,S,6508.0000,6506.8000,6506.6000,6506.4000,6506.2000,6509.8000,6510.0000,6519.2000,6557.8000,6561.0000,1,2,1,1,1,1,14,5,1,1
SF,IC2010,2020-09-07 09:30:12.900,6510.0000,7012,-2,54650320.000,13,5,8,多平,S,6506.6000,6506.2000,6496.2000,6491.2000,6491.0000,6510.0000,6519.2000,6557.8000,6561.0000,6567.4000,1,1,1,1,1,4,5,1,1,6
SF,IC2010,2020-09-07 09:30:13.400,6506.6000,7012,0,58554360.000,3,1,2,多换,S,6496.2000,6491.2000,6491.0000,6485.0000,6482.0000,6509.8000,6510.0000,6519.2000,6557.8000,6561.0000,1,1,1,1,5,1,4,5,1,1
SF,IC2010,2020-09-07 09:30:13.900,6506.6000,7012,0,58554360.000,0,-,-,-,-,6508.8000,6508.2000,6508.0000,6507.8000,6507.4000,6509.8000,6510.0000,6519.2000,6557.8000,6561.0000,1,2,1,1,1,1,4,5,1,1
SF,IC2010,2020-09-07 09:30:14.400,6506.6000,7012,0,58554360.000,0,-,-,-,-,6505.2000,6504.6000,6496.4000,6496.2000,6491.2000,6509.6000,6510.0000,6519.2000,6557.8000,6561.0000,2,1,1,2,1,1,4,5,1,1
SF,IC2010,2020-09-07 09:30:14.900,6509.6000,7010,-2,61158160.000,2,0,2,双平,S,6509.8000,6505.4000,6505.2000,6504.6000,6496.2000,6510.0000,6519.2000,6557.8000,6561.0000,6567.4000,2,1,2,1,1,4,5,1,1,6
SF,IC2010,2020-09-07 09:30:15.400,6505.4000,7008,-2,65063160.000,3,0,3,多平,S,6505.2000,6504.6000,6500.8000,6496.2000,6491.2000,6508.6000,6510.0000,6519.2000,6557.8000,6561.0000,2,1,1,1,1,1,4,5,1,1
SF,IC2010,2020-09-07 09:30:15.900,6505.4000,7008,0,66364240.000,1,0,1,多换,S,6500.8000,6491.2000,6491.0000,6485.0000,6482.0000,6508.4000,6508.6000,6510.0000,6519.2000,6557.8000,1,1,1,1,5,2,1,4,5,1
SF,IC2010,2020-09-07 09:30:16.400,6505.4000,7008,0,66364240.000,0,-,-,-,-,6506.4000,6505.8000,6505.6000,6505.4000,6505.2000,6508.4000,6508.6000,6510.0000,6519.2000,6557.8000,1,2,1,1,1,2,1,4,5,1
SF,IC2010,2020-09-07 09:30:16.900,6505.4000,7008,0,66364240.000,0,-,-,-,-,6504.0000,6503.4000,6500.8000,6491.2000,6485.0000,6505.2000,6508.2000,6508.6000,6510.0000,6519.2000,1,2,1,1,1,1,1,1,4,5
SF,IC2010,2020-09-07 09:30:17.400,6505.2000,7008,0,67665280.000,1,0,1,多换,S,6503.4000,6500.8000,6491.2000,6485.0000,6482.0000,6508.6000,6510.0000,6519.2000,6557.8000,6561.0000,2,3,1,1,5,1,4,5,1,1
SF,IC2010,2020-09-07 09:30:17.900,6505.2000,7008,0,67665280.000,0,-,-,-,-,6507.0000,6506.4000,6506.2000,6506.0000,6504.4000,6508.4000,6508.6000,6510.0000,6519.2000,6557.8000,1,2,1,1,1,2,1,4,5,1
SF,IC2010,2020-09-07 09:30:18.400,6519.2000,6999,-9,84595800.000,13,2,11,多平,S,6500.8000,6491.2000,6485.0000,6482.0000,6473.0000,6519.2000,6557.8000,6561.0000,6567.4000,6599.8000,4,1,1,5,5,1,1,1,6,1
SF,IC2010,2020-09-07 09:30:18.900,6508.8000,6999,0,89799800.000,4,2,2,多换,S,6503.4000,6501.4000,6500.8000,6491.2000,6485.0000,6508.8000,6512.0000,6512.4000,6518.8000,6519.0000,1,1,4,1,1,1,1,1,4,9
SF,IC2010,2020-09-07 09:30:19.400,6508.8000,6999,0,89799800.000,0,-,-,-,-,6506.2000,6503.4000,6500.8000,6491.2000,6485.0000,6508.6000,6508.8000,6512.0000,6512.4000,6515.8000,2,1,4,1,1,1,1,1,1,2
SF,IC2010,2020-09-07 09:30:19.900,6508.8000,6999,0,89799800.000,0,-,-,-,-,6500.8000,6491.2000,6485.0000,6482.0000,6473.0000,6503.0000,6508.4000,6508.8000,6512.4000,6514.0000,4,1,1,5,5,1,2,1,1,2
SF,IC2010,2020-09-07 09:30:20.400,6503.0000,7000,1,91100400.000,1,1,0,双开,S,6504.4000,6503.8000,6503.4000,6503.2000,6502.4000,6508.4000,6508.8000,6512.4000,6514.0000,6515.6000,1,1,2,5,2,1,1,1,2,1
SF,IC2010,2020-09-07 09:30:20.900,6503.0000,7000,0,91100400.000,0,-,-,-,-,6506.8000,6505.2000,6504.6000,6503.2000,6500.8000,6508.2000,6508.4000,6508.8000,6512.4000,6514.4000,2,1,1,5,1,2,1,1,1,1
SF,IC2010,2020-09-07 09:30:21.400,6503.0000,7000,0,91100400.000,0,-,-,-,-,6503.2000,6500.8000,6498.6000,6491.2000,6485.0000,6506.6000,6506.8000,6508.4000,6508.8000,6510.0000,5,1,2,1,1,1,1,1,1,1
SF,IC2010,2020-09-07 09:30:21.900,6506.4000,6999,-1,92401680.000,1,0,1,双平,S,6505.2000,6505.0000,6503.4000,6503.2000,6500.8000,6506.6000,6506.8000,6508.4000,6508.8000,6510.0000,1,1,2,5,1,1,1,1,1,1
SF,IC2010,2020-09-07 09:30:22.400,6506.8000,6999,0,95004360.000,2,1,1,多换,S,6505.2000,6503.4000,6503.2000,6500.8000,6498.6000,6508.4000,6508.8000,6510.0000,6510.8000,6512.4000,1,1,5,1,2,1,1,1,1,1
SF,IC2010,2020-09-07 09:30:22.900,6506.8000,6999,0,95004360.000,0,-,-,-,-,6503.4000,6503.2000,6500.8000,6498.6000,6491.2000,6508.2000,6508.4000,6508.8000,6510.0000,6510.8000,1,5,1,2,1,1,1,1,1,1
SF,IC2010,2020-09-07 09:30:23.400,6506.0000,6999,0,96305560.000,1,0,1,多换,S,6506.0000,6503.6000,6503.4000,6503.2000,6500.8000,6508.0000,6508.2000,6508.8000,6510.0000,6510.8000,1,1,1,5,1,1,1,1,1,1
SF,IC2010,2020-09-07 09:30:23.900,6514.4000,6993,-6,106723960.000,8,1,7,多平,S,6503.6000,6503.2000,6500.8000,6498.6000,6491.2000,6505.6000,6513.0000,6514.4000,6515.0000,6515.6000,1,5,1,2,1,1,1,1,1,2
SF,IC2010,2020-09-07 09:30:24.400,6505.2000,6994,1,109326120.000,2,1,1,空开,S,6503.2000,6500.8000,6498.6000,6491.2000,6485.0000,6513.0000,6514.4000,6515.0000,6515.6000,6515.8000,5,1,2,1,1,1,1,1,2,4
SF,IC2010,2020-09-07 09:30:24.900,6505.2000,6994,0,110627160.000,1,0,1,多换,S,6505.6000,6505.0000,6503.2000,6500.8000,6498.6000,6510.6000,6511.4000,6512.0000,6512.8000,6513.0000,1,1,5,1,2,2,1,1,6,1
SF,IC2010,2020-09-07 09:30:25.400,6505.0000,6992,-2,113229280.000,2,0,2,双平,S,6505.4000,6503.2000,6500.8000,6498.6000,6491.2000,6506.4000,6506.6000,6506.8000,6507.4000,6507.8000,1,5,1,2,1,1,1,3,1,1
SF,IC2010,2020-09-07 09:30:25.900,6505.4000,6991,-1,114530360.000,1,0,1,双平,S,6503.2000,6500.8000,6498.6000,6491.2000,6485.0000,6506.2000,6510.4000,6510.6000,6511.4000,6511.6000,5,1,2,1,1,1,4,3,1,1
SF,IC2010,2020-09-07 09:30:26.400,6505.4000,6991,0,114530360.000,0,-,-,-,-,6503.2000,6500.8000,6498.6000,6491.2000,6485.0000,6506.2000,6510.4000,6510.6000,6511.2000,6511.4000,5,1,2,1,1,1,4,3,1,2
SF,IC2010,2020-09-07 09:30:26.900,6505.4000,6991,0,114530360.000,0,-,-,-,-,6503.2000,6500.8000,6498.6000,6491.2000,6485.0000,6506.2000,6510.4000,6510.6000,6510.8000,6511.2000,5,1,2,1,1,1,4,2,1,1
SF,IC2010,2020-09-07 09:30:27.400,6505.4000,6991,0,114530360.000,0,-,-,-,-,6503.2000,6500.8000,6498.6000,6491.2000,6485.0000,6506.2000,6509.0000,6510.4000,6510.6000,6510.8000,5,1,2,1,1,1,1,6,2,1
SF,IC2010,2020-09-07 09:30:27.900,6505.4000,6991,0,114530360.000,0,-,-,-,-,6503.2000,6501.6000,6500.8000,6498.6000,6491.2000,6506.2000,6509.0000,6510.4000,6510.6000,6510.8000,5,1,1,2,1,1,1,6,2,1
SF,IC2010,2020-09-07 09:30:28.400,6505.4000,6991,0,114530360.000,0,-,-,-,-,6503.2000,6500.8000,6498.6000,6491.2000,6485.0000,6506.2000,6510.4000,6510.6000,6510.8000,6511.0000,5,1,2,1,1,1,2,2,1,1
SF,IC2010,2020-09-07 09:30:28.900,6510.4000,6990,-1,117133680.000,2,0,2,多平,S,6503.2000,6500.8000,6498.6000,6491.2000,6485.0000,6510.4000,6510.6000,6510.8000,6511.0000,6511.2000,5,1,2,1,2,1,1,1,1,1
SF,IC2010,2020-09-07 09:30:29.400,6503.4000,6990,0,118434360.000,1,0,1,多换,S,6503.2000,6502.2000,6500.8000,6498.6000,6491.2000,6508.8000,6510.0000,6510.2000,6510.4000,6510.6000,5,1,1,2,1,1,1,6,1,1
SF,IC2010,2020-09-07 09:30:29.900,6503.4000,6990,0,118434360.000,0,-,-,-,-,6503.6000,6503.2000,6502.2000,6500.8000,6491.2000,6508.6000,6508.8000,6510.0000,6510.2000,6510.6000,1,5,1,1,1,1,2,2,5,1
SF,IC2010,2020-09-07 09:30:30.400,6503.4000,6990,0,118434360.000,0,-,-,-,-,6503.6000,6503.2000,6500.8000,6496.0000,6491.2000,6506.0000,6508.4000,6508.6000,6508.8000,6509.0000,1,5,1,5,1,1,1,1,2,1
SF,IC2010,2020-09-07 09:30:30.900,6503.4000,6990,0,118434360.000,0,-,-,-,-,6503.6000,6503.2000,6500.8000,6496.0000,6491.2000,6508.4000,6508.6000,6508.8000,6509.0000,6509.2000,1,5,1,5,1,1,1,2,1,1
SF,IC2010,2020-09-07 09:30:31.400,6503.4000,6990,0,118434360.000,0,-,-,-,-,6504.0000,6503.6000,6503.2000,6500.8000,6496.0000,6508.2000,6508.4000,6508.8000,6509.0000,6509.2000,1,1,5,1,5,2,1,2,1,1
SF,IC2010,2020-09-07 09:30:31.900,6503.4000,6990,0,118434360.000,0,-,-,-,-,6504.0000,6503.8000,6503.6000,6503.2000,6500.8000,6508.2000,6508.4000,6508.8000,6509.0000,6509.2000,1,1,1,5,1,2,1,2,1,1
SF,IC2010,2020-09-07 09:30:32.400,6503.6000,6990,0,119735080.000,1,0,1,多换,S,6503.6000,6503.2000,6500.8000,6496.0000,6491.2000,6508.2000,6508.4000,6508.8000,6509.0000,6509.2000,1,5,1,5,1,2,1,1,1,1
SF,IC2010,2020-09-07 09:30:32.900,6503.6000,6990,0,119735080.000,0,-,-,-,-,6503.2000,6500.8000,6496.0000,6491.2000,6485.0000,6508.2000,6508.4000,6509.2000,6509.8000,6510.0000,5,1,5,1,2,2,1,1,2,4
SF,IC2010,2020-09-07 09:30:33.400,6503.6000,6990,0,119735080.000,0,-,-,-,-,6504.0000,6503.2000,6500.8000,6496.0000,6491.2000,6508.2000,6508.4000,6509.0000,6509.2000,6509.8000,1,5,1,5,1,2,1,1,1,1
SF,IC2010,2020-09-07 09:30:33.900,6503.6000,6990,0,119735080.000,0,-,-,-,-,6504.0000,6503.2000,6500.8000,6496.0000,6491.2000,6508.0000,6508.2000,6508.8000,6509.0000,6509.2000,1,5,1,5,1,1,2,1,1,1
SF,IC2010,2020-09-07 09:30:34.400,6503.6000,6990,0,119735080.000,0,-,-,-,-,6503.2000,6500.8000,6496.0000,6491.2000,6485.0000,6507.8000,6508.0000,6508.2000,6508.8000,6509.0000,5,1,5,1,2,2,2,1,1,1
SF,IC2010,2020-09-07 09:30:34.900,6503.6000,6990,0,119735080.000,0,-,-,-,-,6503.2000,6502.8000,6500.8000,6500.0000,6496.0000,6507.8000,6508.0000,6508.2000,6508.8000,6509.0000,5,1,1,1,5,2,2,1,1,1
SF,IC2010,2020-09-07 09:30:35.400,6503.6000,6990,0,119735080.000,0,-,-,-,-,6503.2000,6500.8000,6500.0000,6496.0000,6491.2000,6507.8000,6508.0000,6508.2000,6509.0000,6509.2000,5,1,2,5,1,2,2,1,1,1
SF,IC2010,2020-09-07 09:30:35.900,6503.6000,6990,0,119735080.000,0,-,-,-,-,6503.2000,6500.8000,6500.0000,6496.0000,6491.2000,6507.8000,6508.0000,6508.2000,6509.0000,6509.2000,5,1,2,5,1,2,1,1,1,1
SF,IC2010,2020-09-07 09:30:36.400,6503.6000,6990,0,119735080.000,0,-,-,-,-,6503.4000,6503.2000,6500.8000,6500.0000,6496.0000,6507.6000,6507.8000,6508.0000,6508.2000,6509.0000,1,5,1,2,5,1,2,1,1,1
SF,IC2010,2020-09-07 09:30:36.900,6503.6000,6990,0,119735080.000,0,-,-,-,-,6503.4000,6503.2000,6500.8000,6500.0000,6496.0000,6507.4000,6507.6000,6507.8000,6508.0000,6509.0000,1,5,1,2,5,1,1,1,1,1
SF,IC2010,2020-09-07 09:30:37.400,6503.6000,6990,0,119735080.000,0,-,-,-,-,6503.4000,6503.2000,6500.8000,6500.0000,6496.0000,6507.4000,6507.6000,6509.0000,6509.2000,6509.4000,1,5,1,2,5,1,1,1,1,1
SF,IC2010,2020-09-07 09:30:37.900,6503.6000,6990,0,119735080.000,0,-,-,-,-,6503.4000,6503.2000,6500.8000,6500.0000,6496.0000,6507.4000,6507.6000,6509.0000,6509.2000,6509.4000,1,5,1,2,5,1,1,1,1,1
SF,IC2010,2020-09-07 09:30:38.400,6507.4000,6990,0,121036560.000,1,0,1,多换,S,6503.4000,6503.2000,6500.8000,6500.0000,6496.0000,6507.6000,6509.0000,6509.2000,6509.4000,6509.6000,1,5,1,2,5,1,1,1,1,3
SF,IC2010,2020-09-07 09:30:38.900,6507.4000,6990,0,121036560.000,0,-,-,-,-,6503.2000,6500.8000,6500.0000,6496.0000,6491.2000,6505.4000,6505.6000,6507.2000,6507.4000,6507.6000,5,1,2,5,1,1,1,1,1,1
SF,IC2010,2020-09-07 09:30:39.400,6507.4000,6990,0,121036560.000,0,-,-,-,-,6505.4000,6503.4000,6503.2000,6500.8000,6500.0000,6507.2000,6507.4000,6507.6000,6509.0000,6509.2000,1,2,5,1,2,1,1,1,1,1
SF,IC2010,2020-09-07 09:30:39.900,6507.4000,6990,0,121036560.000,0,-,-,-,-,6505.4000,6503.4000,6503.2000,6502.4000,6500.8000,6507.2000,6507.6000,6509.0000,6509.2000,6509.4000,1,2,5,1,1,1,1,1,1,1
SF,IC2010,2020-09-07 09:30:40.400,6505.4000,6989,-1,122337640.000,1,0,1,双平,S,6503.2000,6502.4000,6500.8000,6500.0000,6496.0000,6503.4000,6505.4000,6505.8000,6506.2000,6507.0000,5,1,1,2,5,1,2,1,2,1
SF,IC2010,2020-09-07 09:30:40.900,6503.8000,6987,-2,127541240.000,4,1,3,多平,S,6503.6000,6503.2000,6500.8000,6500.0000,6496.0000,6507.0000,6507.2000,6507.6000,6509.0000,6509.2000,1,6,1,2,5,1,1,1,1,1
SF,IC2010,2020-09-07 09:30:41.400,6503.8000,6987,0,127541240.000,0,-,-,-,-,6503.6000,6503.2000,6500.8000,6500.0000,6496.0000,6506.8000,6507.0000,6507.2000,6507.6000,6509.0000,1,5,1,2,5,1,1,1,1,1
SF,IC2010,2020-09-07 09:30:41.900,6503.8000,6987,0,127541240.000,0,-,-,-,-,6503.8000,6503.6000,6503.2000,6500.8000,6500.0000,6506.8000,6507.2000,6507.6000,6508.8000,6509.0000,1,1,5,1,2,1,1,1,1,1
SF,IC2010,2020-09-07 09:30:42.400,6503.8000,6987,0,127541240.000,0,-,-,-,-,6504.0000,6503.8000,6503.6000,6503.2000,6500.8000,6506.8000,6507.6000,6508.8000,6509.0000,6509.2000,1,1,1,5,1,1,1,1,1,1
SF,IC2010,2020-09-07 09:30:42.900,6503.8000,6987,0,127541240.000,0,-,-,-,-,6505.4000,6504.0000,6503.8000,6503.6000,6503.2000,6509.0000,6509.2000,6509.8000,6510.0000,6510.2000,1,1,1,1,5,1,1,2,2,1
SF,IC2010,2020-09-07 09:30:43.400,6503.8000,6987,0,127541240.000,0,-,-,-,-,6505.6000,6504.8000,6504.2000,6503.8000,6503.6000,6509.0000,6509.8000,6510.0000,6510.2000,6510.4000,1,1,1,1,1,1,2,2,1,2
SF,IC2010,2020-09-07 09:30:43.900,6503.8000,6987,0,127541240.000,0,-,-,-,-,6505.6000,6504.8000,6504.2000,6504.0000,6503.8000,6509.8000,6510.0000,6512.0000,6512.2000,6512.6000,1,1,1,1,1,1,2,4,3,1
SF,IC2010,2020-09-07 09:30:44.400,6503.8000,6987,0,127541240.000,0,-,-,-,-,6505.6000,6504.8000,6504.2000,6504.0000,6503.8000,6509.8000,6512.0000,6512.2000,6512.4000,6512.8000,1,1,1,1,1,1,4,3,1,1
SF,IC2010,2020-09-07 09:30:44.900,6503.8000,6987,0,127541240.000,0,-,-,-,-,6505.6000,6504.8000,6504.2000,6504.0000,6503.8000,6509.8000,6511.6000,6512.0000,6512.2000,6512.4000,1,1,1,1,1,1,1,4,3,1
SF,IC2010,2020-09-07 09:30:45.400,6503.8000,6987,0,127541240.000,0,-,-,-,-,6505.6000,6504.8000,6504.2000,6504.0000,6503.8000,6509.8000,6511.6000,6512.0000,6512.2000,6512.4000,1,1,1,1,1,1,1,2,2,1
SF,IC2010,2020-09-07 09:30:45.900,6503.8000,6987,0,127541240.000,0,-,-,-,-,6505.6000,6504.8000,6504.0000,6503.6000,6503.2000,6509.8000,6511.6000,6512.0000,6512.2000,6512.4000,1,1,1,1,5,1,1,2,2,1
SF,IC2010,2020-09-07 09:30:46.400,6503.8000,6987,0,127541240.000,0,-,-,-,-,6504.8000,6504.0000,6503.6000,6503.2000,6501.6000,6508.6000,6509.6000,6509.8000,6511.6000,6512.0000,1,1,1,5,1,1,1,1,1,2
SF,IC2010,2020-09-07 09:30:46.900,6503.8000,6987,0,127541240.000,0,-,-,-,-,6504.8000,6504.0000,6503.6000,6503.2000,6501.6000,6508.4000,6508.6000,6509.8000,6511.6000,6512.0000,1,1,1,5,1,1,1,1,1,2
SF,IC2010,2020-09-07 09:30:47.400,6503.8000,6987,0,127541240.000,0,-,-,-,-,6506.8000,6504.8000,6504.0000,6503.6000,6503.2000,6508.4000,6508.6000,6509.8000,6511.6000,6512.0000,1,1,1,1,5,1,1,1,1,2
SF,IC2010,2020-09-07 09:30:47.900,6503.8000,6987,0,127541240.000,0,-,-,-,-,6504.8000,6504.0000,6503.6000,6503.2000,6501.6000,6508.6000,6509.8000,6510.2000,6511.6000,6512.0000,2,1,1,5,1,1,1,1,1,2
SF,IC2010,2020-09-07 09:30:48.400,6504.8000,6987,0,128842200.000,1,0,1,多换,S,6504.8000,6503.6000,6503.2000,6501.6000,6500.8000,6508.4000,6508.6000,6509.8000,6511.6000,6512.0000,2,1,5,1,1,1,1,1,1,1
SF,IC2010,2020-09-07 09:30:48.900,6504.8000,6987,0,130143160.000,1,0,1,多换,S,6506.6000,6505.2000,6504.8000,6503.6000,6503.2000,6508.4000,6508.6000,6509.8000,6511.4000,6511.6000,2,2,2,1,5,1,1,1,1,1
SF,IC2010,2020-09-07 09:30:49.400,6504.8000,6987,0,130143160.000,0,-,-,-,-,6505.4000,6505.2000,6504.8000,6503.6000,6503.2000,6508.6000,6509.8000,6511.4000,6511.6000,6512.4000,1,1,2,1,5,1,1,1,1,1
SF,IC2010,2020-09-07 09:30:49.900,6504.8000,6987,0,130143160.000,0,-,-,-,-,6506.4000,6505.4000,6504.8000,6503.6000,6503.2000,6507.0000,6508.6000,6509.8000,6511.4000,6511.6000,1,1,1,1,5,1,1,1,1,1
SF,IC2010,2020-09-07 09:30:50.400,6506.4000,6986,-1,131444440.000,1,0,1,双平,S,6505.4000,6504.8000,6503.6000,6503.2000,6501.6000,6506.2000,6508.6000,6509.8000,6511.4000,6511.6000,1,1,1,5,1,1,1,1,1,1
SF,IC2010,2020-09-07 09:30:50.900,6505.4000,6984,-2,134046760.000,2,0,2,双平,S,6504.8000,6503.6000,6503.2000,6501.6000,6500.8000,6508.6000,6509.8000,6511.4000,6511.6000,6512.4000,1,1,5,1,1,1,1,1,1,1
SF,IC2010,2020-09-07 09:30:51.400,6505.4000,6984,0,134046760.000,0,-,-,-,-,6503.6000,6503.2000,6501.6000,6500.8000,6500.0000,6507.0000,6508.4000,6508.6000,6509.8000,6511.4000,1,5,1,1,2,1,2,1,1,1
SF,IC2010,2020-09-07 09:30:51.900,6505.4000,6984,0,134046760.000,0,-,-,-,-,6503.6000,6503.2000,6501.6000,6500.8000,6500.0000,6506.8000,6507.0000,6508.4000,6508.6000,6509.8000,1,5,1,1,2,1,1,1,1,1
SF,IC2010,2020-09-07 09:30:52.400,6505.4000,6984,0,134046760.000,0,-,-,-,-,6505.4000,6505.2000,6504.4000,6504.0000,6503.8000,6506.8000,6508.6000,6509.8000,6510.6000,6511.4000,2,1,1,1,2,1,1,1,1,1
SF,IC2010,2020-09-07 09:30:52.900,6505.4000,6984,0,134046760.000,0,-,-,-,-,6504.4000,6504.0000,6503.8000,6503.6000,6503.2000,6508.6000,6509.8000,6510.6000,6511.4000,6511.6000,1,1,2,1,5,1,1,1,1,1
SF,IC2010,2020-09-07 09:30:53.400,6505.4000,6984,0,134046760.000,0,-,-,-,-,6504.6000,6504.4000,6504.0000,6503.6000,6503.2000,6508.4000,6508.6000,6509.8000,6510.6000,6511.4000,1,1,1,1,5,1,1,1,1,1
SF,IC2010,2020-09-07 09:30:53.900,6505.4000,6984,0,134046760.000,0,-,-,-,-,6505.0000,6504.6000,6504.0000,6503.6000,6503.2000,6508.4000,6508.6000,6509.8000,6510.6000,6511.4000,1,1,1,1,5,1,1,1,1,1
SF,IC2010,2020-09-07 09:30:54.400,6505.4000,6984,0,134046760.000,0,-,-,-,-,6505.0000,6504.6000,6504.0000,6503.6000,6503.2000,6508.4000,6508.6000,6509.8000,6510.6000,6511.4000,1,1,1,1,5,1,1,1,1,1
SF,IC2010,2020-09-07 09:30:54.900,6505.4000,6984,0,134046760.000,0,-,-,-,-,6505.2000,6505.0000,6504.0000,6503.6000,6503.2000,6508.4000,6508.6000,6509.8000,6510.6000,6510.8000,1,1,1,1,5,1,1,1,1,1
SF,IC2010,2020-09-07 09:30:55.900,6505.4000,6984,0,134046760.000,0,-,-,-,-,6505.8000,6505.2000,6504.0000,6503.6000,6503.2000,6508.4000,6508.6000,6509.8000,6510.8000,6511.4000,1,1,1,1,5,1,1,1,1,1
SF,IC2010,2020-09-07 09:30:56.400,6505.4000,6984,0,134046760.000,0,-,-,-,-,6505.8000,6505.2000,6504.0000,6503.6000,6503.2000,6508.6000,6509.8000,6511.2000,6511.4000,6511.6000,1,1,1,1,5,1,1,1,1,1
SF,IC2010,2020-09-07 09:30:56.900,6505.4000,6984,0,134046760.000,0,-,-,-,-,6506.2000,6505.8000,6504.0000,6503.6000,6503.2000,6508.2000,6508.6000,6509.8000,6511.2000,6511.4000,1,1,1,1,5,1,1,1,1,1
SF,IC2010,2020-09-07 09:30:58.400,6508.2000,6985,1,135348400.000,1,1,0,双开,S,6505.8000,6504.0000,6503.6000,6503.2000,6501.6000,6508.6000,6509.8000,6511.2000,6511.4000,6511.6000,1,1,1,5,1,1,1,1,1,1
SF,IC2010,2020-09-07 09:30:58.900,6508.2000,6985,0,135348400.000,0,-,-,-,-,6504.0000,6503.6000,6503.2000,6502.8000,6501.6000,6508.6000,6509.8000,6511.2000,6511.4000,6511.6000,1,1,5,1,1,1,1,1,1,1
SF,IC2010,2020-09-07 09:30:59.400,6508.2000,6985,0,135348400.000,0,-,-,-,-,6506.8000,6506.6000,6506.4000,6506.0000,6505.2000,6508.4000,6508.6000,6509.8000,6511.2000,6511.4000,2,1,1,1,1,1,1,1,1,1
SF,IC2010,2020-09-07 09:30:59.900,6504.0000,6982,-3,140552360.000,4,0,4,多平,S,6503.6000,6503.2000,6502.8000,6501.6000,6500.8000,6504.0000,6508.6000,6509.8000,6511.2000,6511.4000,1,5,1,1,1,1,1,1,1,1
SF,IC2010,2020-09-07 09:31:00.400,6508.6000,6980,-2,144455960.000,3,0,3,多平,S,6506.4000,6505.2000,6505.0000,6504.2000,6503.6000,6509.8000,6511.6000,6512.2000,6512.4000,6513.4000,1,2,1,5,1,1,1,1,1,1
SF,IC2010,2020-09-07 09:31:00.900,6508.6000,6980,0,144455960.000,0,-,-,-,-,6506.6000,6506.4000,6505.2000,6505.0000,6504.2000,6509.8000,6511.6000,6512.2000,6512.4000,6513.4000,1,1,2,1,5,1,1,1,1,1
SF,IC2010,2020-09-07 09:31:01.400,6506.4000,6980,0,147058560.000,2,1,1,多换,S,6505.4000,6505.2000,6505.0000,6504.2000,6503.8000,6509.8000,6511.6000,6512.2000,6512.4000,6513.4000,1,1,1,5,1,1,1,1,1,1
SF,IC2010,2020-09-07 09:31:01.900,6506.4000,6980,0,147058560.000,0,-,-,-,-,6507.6000,6505.8000,6505.4000,6505.2000,6505.0000,6509.6000,6509.8000,6511.6000,6512.2000,6512.4000,2,1,1,2,1,1,1,1,1,1
SF,IC2010,2020-09-07 09:31:02.400,6509.8000,6979,-1,148360520.000,1,0,1,双平,S,6506.8000,6506.2000,6505.8000,6505.2000,6504.2000,6511.6000,6512.2000,6512.4000,6513.4000,6513.6000,1,1,1,2,5,1,1,1,1,1
SF,IC2010,2020-09-07 09:31:02.900,6510.6000,6978,-1,149662640.000,1,0,1,双平,S,6507.0000,6506.8000,6506.2000,6505.8000,6505.2000,6510.6000,6511.4000,6511.6000,6512.4000,6513.4000,1,1,1,1,2,1,1,1,1,1
SF,IC2010,2020-09-07 09:31:03.400,6510.6000,6977,-1,152266880.000,2,0,2,多平,S,6509.2000,6509.0000,6508.8000,6507.6000,6507.4000,6509.6000,6511.6000,6513.6000,6514.0000,6514.2000,2,1,1,1,1,1,1,1,2,2
SF,IC2010,2020-09-07 09:31:03.900,6511.6000,6976,-1,154871120.000,2,0,2,多平,S,6511.6000,6510.0000,6509.8000,6507.6000,6507.4000,6514.0000,6514.8000,6515.0000,6515.2000,6515.4000,2,1,2,1,1,2,1,1,1,1
SF,IC2010,2020-09-07 09:31:04.400,6511.6000,6976,0,157475760.000,2,1,1,多换,S,6510.0000,6509.8000,6507.6000,6507.4000,6507.0000,6513.8000,6514.0000,6514.8000,6515.0000,6515.2000,1,2,1,1,1,2,2,1,1,1
SF,IC2010,2020-09-07 09:31:04.900,6511.6000,6976,0,157475760.000,0,-,-,-,-,6510.2000,6510.0000,6509.8000,6509.4000,6507.4000,6513.8000,6515.0000,6515.2000,6515.6000,6516.6000,1,1,2,1,1,2,1,1,1,2
SF,IC2010,2020-09-07 09:31:05.400,6511.6000,6976,0,157475760.000,0,-,-,-,-,6510.6000,6510.4000,6510.2000,6510.0000,6509.8000,6513.8000,6515.2000,6515.6000,6516.6000,6518.0000,1,1,1,1,2,2,1,1,3,1
SF,IC2010,2020-09-07 09:31:05.900,6511.6000,6976,0,157475760.000,0,-,-,-,-,6510.8000,6510.6000,6510.4000,6510.2000,6510.0000,6515.2000,6515.6000,6516.6000,6518.0000,6518.2000,1,2,1,1,1,1,1,3,1,2
SF,IC2010,2020-09-07 09:31:06.400,6511.6000,6976,0,157475760.000,0,-,-,-,-,6511.0000,6510.8000,6510.6000,6510.4000,6510.0000,6515.2000,6515.6000,6516.6000,6518.0000,6518.2000,1,1,2,1,1,1,1,2,1,1
SF,IC2010,2020-09-07 09:31:06.900,6511.6000,6976,0,157475760.000,0,-,-,-,-,6511.0000,6510.6000,6510.0000,6509.8000,6507.6000,6515.6000,6516.6000,6518.0000,6518.2000,6518.6000,2,1,1,2,10,1,1,1,1,1
SF,IC2010,2020-09-07 09:31:07.400,6511.6000,6976,0,157475760.000,0,-,-,-,-,6511.4000,6511.0000,6510.0000,6509.8000,6507.6000,6515.2000,6515.6000,6518.0000,6518.2000,6518.6000,1,1,1,2,10,1,1,1,1,1
SF,IC2010,2020-09-07 09:31:07.900,6511.6000,6976,0,157475760.000,0,-,-,-,-,6511.6000,6511.2000,6510.0000,6509.8000,6507.6000,6515.2000,6515.6000,6518.0000,6518.2000,6518.6000,1,1,1,2,10,1,1,1,1,1
SF,IC2010,2020-09-07 09:31:08.400,6511.6000,6976,0,157475760.000,0,-,-,-,-,6511.6000,6510.0000,6509.8000,6505.8000,6505.2000,6515.0000,6515.2000,6515.6000,6517.2000,6518.0000,1,1,2,1,1,1,1,1,1,1
SF,IC2010,2020-09-07 09:31:08.900,6511.6000,6976,0,157475760.000,0,-,-,-,-,6510.0000,6509.8000,6508.0000,6505.8000,6505.2000,6514.8000,6515.0000,6515.2000,6515.6000,6517.2000,1,2,1,1,1,1,1,1,1,1
SF,IC2010,2020-09-07 09:31:09.400,6511.6000,6976,0,157475760.000,0,-,-,-,-,6510.0000,6509.8000,6508.0000,6505.8000,6505.2000,6514.8000,6515.0000,6515.2000,6515.6000,6517.2000,1,2,1,1,1,1,1,1,1,1
SF,IC2010,2020-09-07 09:31:09.900,6511.6000,6976,0,157475760.000,0,-,-,-,-,6510.0000,6509.8000,6508.0000,6505.8000,6505.2000,6514.8000,6515.0000,6515.2000,6515.6000,6517.2000,1,2,1,1,1,1,1,1,1,1
SF,IC2010,2020-09-07 09:31:10.400,6511.6000,6976,0,157475760.000,0,-,-,-,-,6510.0000,6509.8000,6508.0000,6505.8000,6504.4000,6514.8000,6515.0000,6515.6000,6516.0000,6517.2000,1,2,1,1,1,1,1,1,1,1
SF,IC2010,2020-09-07 09:31:10.900,6511.6000,6976,0,157475760.000,0,-,-,-,-,6510.0000,6509.8000,6508.0000,6505.8000,6504.4000,6514.8000,6515.0000,6515.6000,6516.0000,6517.2000,2,2,1,1,1,1,1,1,1,1
SF,IC2010,2020-09-07 09:31:11.900,6511.6000,6976,0,157475760.000,0,-,-,-,-,6510.4000,6510.0000,6509.8000,6508.8000,6508.0000,6512.0000,6514.8000,6515.0000,6515.6000,6516.0000,1,1,2,1,1,1,1,1,1,1
SF,IC2010,2020-09-07 09:31:12.400,6511.6000,6976,0,157475760.000,0,-,-,-,-,6510.0000,6509.8000,6508.8000,6508.0000,6505.8000,6512.0000,6514.8000,6515.6000,6516.0000,6517.2000,1,2,1,1,1,1,1,1,1,1
SF,IC2010,2020-09-07 09:31:12.900,6512.0000,6975,-1,158778160.000,1,0,1,双平,S,6511.2000,6511.0000,6510.2000,6510.0000,6509.8000,6514.8000,6515.6000,6516.0000,6518.0000,6518.2000,2,1,1,1,2,1,2,1,1,1
SF,IC2010,2020-09-07 09:31:13.400,6512.0000,6975,0,158778160.000,0,-,-,-,-,6510.2000,6510.0000,6509.8000,6508.8000,6508.0000,6514.6000,6514.8000,6515.6000,6516.0000,6518.0000,1,1,2,1,1,1,1,2,1,1
SF,IC2010,2020-09-07 09:31:13.900,6512.0000,6975,0,158778160.000,0,-,-,-,-,6510.2000,6510.0000,6509.8000,6508.8000,6508.0000,6514.4000,6514.6000,6515.6000,6516.0000,6518.0000,1,1,2,1,1,1,1,2,1,1
SF,IC2010,2020-09-07 09:31:14.400,6514.4000,6975,0,160081040.000,1,0,1,多换,S,6510.4000,6510.2000,6510.0000,6509.8000,6508.8000,6515.6000,6516.0000,6518.0000,6518.2000,6518.6000,1,1,1,2,1,2,1,1,1,1
SF,IC2010,2020-09-07 09:31:14.900,6514.4000,6975,0,160081040.000,0,-,-,-,-,6510.4000,6510.2000,6510.0000,6509.8000,6508.8000,6515.2000,6515.6000,6516.0000,6518.0000,6518.2000,1,1,1,2,1,1,2,1,1,1
SF,IC2010,2020-09-07 09:31:15.900,6514.4000,6975,0,160081040.000,0,-,-,-,-,6510.6000,6510.4000,6510.0000,6509.8000,6508.8000,6515.0000,6515.2000,6515.6000,6518.0000,6518.2000,1,1,1,2,1,1,1,2,1,1
SF,IC2010,2020-09-07 09:31:16.400,6514.4000,6975,0,160081040.000,0,-,-,-,-,6510.8000,6510.6000,6510.0000,6509.8000,6508.8000,6515.0000,6515.2000,6515.6000,6518.0000,6518.2000,1,1,1,2,1,1,1,2,1,1
SF,IC2010,2020-09-07 09:31:16.900,6514.4000,6975,0,160081040.000,0,-,-,-,-,6510.8000,6510.0000,6509.8000,6508.8000,6508.0000,6512.8000,6514.6000,6514.8000,6515.0000,6515.2000,1,1,2,1,1,1,1,2,1,1
SF,IC2010,2020-09-07 09:31:17.400,6514.4000,6975,0,160081040.000,0,-,-,-,-,6510.0000,6509.8000,6508.8000,6508.0000,6505.8000,6510.4000,6514.6000,6514.8000,6515.0000,6515.2000,1,2,1,1,1,1,1,1,1,1
SF,IC2010,2020-09-07 09:31:17.900,6514.6000,6974,-1,162686040.000,2,0,2,多平,S,6511.0000,6510.8000,6510.6000,6510.0000,6509.8000,6513.6000,6515.0000,6515.2000,6515.4000,6515.6000,2,1,1,1,2,1,1,1,1,2
SF,IC2010,2020-09-07 09:31:18.400,6514.6000,6974,0,162686040.000,0,-,-,-,-,6510.0000,6509.8000,6508.8000,6508.0000,6505.8000,6513.6000,6515.0000,6515.2000,6515.4000,6515.6000,1,2,1,1,1,1,1,1,1,2
SF,IC2010,2020-09-07 09:31:18.900,6514.6000,6974,0,162686040.000,0,-,-,-,-,6511.2000,6510.2000,6510.0000,6509.8000,6509.4000,6515.0000,6515.2000,6515.4000,6515.6000,6517.6000,1,1,1,2,1,1,1,1,2,1
SF,IC2010,2020-09-07 09:31:19.400,6514.6000,6974,0,162686040.000,0,-,-,-,-,6511.4000,6511.2000,6510.0000,6509.8000,6509.4000,6514.8000,6515.0000,6515.2000,6515.4000,6515.6000,1,1,1,2,1,1,1,1,1,1
SF,IC2010,2020-09-07 09:31:19.900,6514.6000,6974,0,162686040.000,0,-,-,-,-,6511.4000,6511.2000,6510.0000,6509.8000,6509.4000,6514.8000,6515.0000,6515.2000,6515.4000,6515.6000,1,1,1,2,1,1,1,1,1,1
SF,IC2010,2020-09-07 09:31:20.400,6514.6000,6974,0,162686040.000,0,-,-,-,-,6511.6000,6511.4000,6510.0000,6509.8000,6509.4000,6513.6000,6514.8000,6515.0000,6515.4000,6515.6000,1,1,1,2,1,1,1,1,1,1
SF,IC2010,2020-09-07 09:31:20.900,6511.6000,6973,-1,163988360.000,1,0,1,双平,S,6510.0000,6509.8000,6509.4000,6508.8000,6508.0000,6513.4000,6513.6000,6514.8000,6515.0000,6515.4000,1,2,1,1,1,1,1,1,1,1
SF,IC2010,2020-09-07 09:31:21.400,6511.6000,6973,0,163988360.000,0,-,-,-,-,6510.2000,6510.0000,6509.8000,6509.4000,6508.8000,6513.4000,6513.6000,6514.4000,6514.8000,6515.0000,1,1,2,1,1,1,1,1,1,2
SF,IC2010,2020-09-07 09:31:21.900,6511.6000,6973,0,163988360.000,0,-,-,-,-,6510.2000,6510.0000,6509.8000,6509.4000,6508.8000,6512.0000,6513.2000,6513.4000,6514.0000,6514.4000,1,1,2,1,1,1,1,1,1,1
SF,IC2010,2020-09-07 09:31:22.400,6511.6000,6973,0,163988360.000,0,-,-,-,-,6510.0000,6509.8000,6509.4000,6508.8000,6508.0000,6513.2000,6513.4000,6514.0000,6514.4000,6514.8000,1,2,1,1,1,1,1,1,1,1
SF,IC2010,2020-09-07 09:31:22.900,6511.6000,6973,0,163988360.000,0,-,-,-,-,6510.0000,6509.8000,6509.4000,6508.8000,6508.0000,6512.0000,6513.2000,6513.4000,6514.0000,6514.4000,1,2,1,1,1,1,1,1,1,1
SF,IC2010,2020-09-07 09:31:23.400,6511.6000,6973,0,163988360.000,0,-,-,-,-,6510.0000,6509.8000,6509.4000,6508.8000,6508.0000,6510.4000,6513.2000,6513.4000,6514.0000,6514.4000,1,2,1,1,1,1,1,1,1,1
SF,IC2010,2020-09-07 09:31:23.900,6510.4000,6972,-1,165290440.000,1,0,1,双平,S,6510.6000,6510.4000,6510.2000,6510.0000,6509.8000,6513.2000,6513.4000,6514.0000,6514.4000,6514.8000,2,1,1,1,2,1,1,1,1,1
SF,IC2010,2020-09-07 09:31:24.400,6510.4000,6972,0,165290440.000,0,-,-,-,-,6510.6000,6510.0000,6509.8000,6509.4000,6508.0000,6513.0000,6513.4000,6514.0000,6514.4000,6514.8000,2,1,2,1,1,1,1,1,1,1
SF,IC2010,2020-09-07 09:31:24.900,6510.4000,6972,0,165290440.000,0,-,-,-,-,6510.0000,6509.8000,6509.4000,6508.0000,6505.8000,6510.6000,6513.0000,6513.4000,6514.0000,6514.4000,1,2,1,1,1,2,1,1,1,1
SF,IC2010,2020-09-07 09:31:25.400,6510.4000,6970,-2,171800520.000,5,1,4,多平,S,6508.0000,6504.4000,6504.2000,6503.6000,6503.4000,6510.0000,6510.6000,6513.0000,6513.4000,6514.0000,1,1,5,1,1,1,1,1,1,1
SF,IC2010,2020-09-07 09:31:25.900,6509.4000,6969,-1,173102400.000,1,0,1,双平,S,6509.2000,6508.0000,6504.4000,6504.2000,6503.6000,6510.0000,6513.0000,6513.4000,6514.0000,6514.4000,1,1,1,5,1,1,1,1,1,1
SF,IC2010,2020-09-07 09:31:26.400,6509.2000,6968,-1,174404240.000,1,0,1,双平,S,6504.4000,6504.2000,6503.6000,6503.4000,6501.8000,6510.0000,6513.0000,6513.4000,6514.0000,6514.4000,1,5,1,1,10,1,1,1,1,1
SF,IC2010,2020-09-07 09:31:26.900,6510.0000,6968,0,175706240.000,1,0,1,多换,S,6509.0000,6507.6000,6507.0000,6505.0000,6504.6000,6513.0000,6513.4000,6514.0000,6514.8000,6515.0000,1,1,1,1,2,1,1,1,1,2
SF,IC2010,2020-09-07 09:31:27.400,6510.0000,6968,0,175706240.000,0,-,-,-,-,6509.2000,6504.6000,6504.4000,6504.2000,6503.6000,6513.0000,6513.4000,6514.2000,6514.8000,6515.0000,1,1,1,5,1,1,1,1,1,2
SF,IC2010,2020-09-07 09:31:27.900,6510.0000,6968,0,175706240.000,0,-,-,-,-,6509.2000,6504.6000,6504.4000,6504.2000,6503.6000,6513.0000,6513.4000,6514.2000,6514.8000,6515.0000,1,1,1,5,1,1,1,1,1,2
SF,IC2010,2020-09-07 09:31:28.400,6510.0000,6968,0,175706240.000,0,-,-,-,-,6509.2000,6504.6000,6504.4000,6504.2000,6503.6000,6513.0000,6513.4000,6514.2000,6514.8000,6515.0000,1,1,1,5,1,1,1,1,1,2
SF,IC2010,2020-09-07 09:31:28.900,6510.0000,6968,0,175706240.000,0,-,-,-,-,6509.2000,6506.0000,6504.6000,6504.4000,6504.2000,6511.0000,6511.2000,6513.0000,6513.4000,6514.2000,1,1,1,1,5,1,2,1,1,1
SF,IC2010,2020-09-07 09:31:29.400,6510.0000,6968,0,175706240.000,0,-,-,-,-,6506.0000,6504.6000,6504.4000,6504.2000,6503.6000,6513.0000,6513.4000,6514.2000,6514.8000,6515.0000,1,1,1,5,1,1,1,1,1,2
SF,IC2010,2020-09-07 09:31:29.900,6510.0000,6968,0,175706240.000,0,-,-,-,-,6506.2000,6504.6000,6504.4000,6504.2000,6503.6000,6512.2000,6512.6000,6513.0000,6513.4000,6514.2000,1,1,1,5,1,1,1,1,1,1
SF,IC2010,2020-09-07 09:31:30.400,6510.0000,6968,0,175706240.000,0,-,-,-,-,6506.2000,6504.6000,6504.4000,6504.2000,6503.6000,6512.0000,6512.2000,6512.6000,6512.8000,6513.0000,1,1,1,5,1,1,1,1,1,1
SF,IC2010,2020-09-07 09:31:30.900,6510.0000,6968,0,175706240.000,0,-,-,-,-,6506.2000,6504.6000,6504.4000,6504.2000,6503.6000,6512.0000,6512.6000,6512.8000,6513.0000,6513.4000,1,1,1,5,1,1,1,1,1,1
SF,IC2010,2020-09-07 09:31:31.400,6510.0000,6968,0,175706240.000,0,-,-,-,-,6506.2000,6504.6000,6504.4000,6504.2000,6503.6000,6510.6000,6511.8000,6512.0000,6512.6000,6513.0000,1,1,1,5,1,1,1,1,1,1
SF,IC2010,2020-09-07 09:31:31.900,6506.2000,6968,0,177007480.000,1,0,1,多换,S,6504.4000,6504.2000,6503.6000,6501.2000,6500.0000,6508.0000,6508.2000,6508.4000,6510.4000,6510.6000,1,5,1,1,2,1,2,1,1,1
SF,IC2010,2020-09-07 09:31:32.400,6506.2000,6968,0,177007480.000,0,-,-,-,-,6504.4000,6504.2000,6503.6000,6501.2000,6500.0000,6507.8000,6510.6000,6511.0000,6511.6000,6511.8000,1,5,1,1,2,1,1,1,1,1
SF,IC2010,2020-09-07 09:31:32.900,6506.2000,6968,0,177007480.000,0,-,-,-,-,6504.4000,6504.2000,6503.6000,6501.2000,6500.0000,6507.8000,6510.6000,6511.0000,6511.6000,6511.8000,1,5,1,1,2,1,1,1,1,1
SF,IC2010,2020-09-07 09:31:34.400,6507.8000,6967,-1,178309040.000,1,0,1,双平,S,6504.6000,6504.2000,6503.6000,6501.6000,6500.0000,6510.6000,6511.0000,6511.6000,6511.8000,6512.0000,1,5,1,1,2,1,1,1,1,1
SF,IC2010,2020-09-07 09:31:34.900,6507.8000,6967,0,178309040.000,0,-,-,-,-,6504.6000,6504.2000,6503.6000,6501.6000,6500.0000,6507.4000,6507.6000,6510.6000,6511.0000,6511.6000,1,5,1,1,2,1,2,3,1,1
SF,IC2010,2020-09-07 09:31:35.400,6507.8000,6967,0,178309040.000,0,-,-,-,-,6504.8000,6504.2000,6503.6000,6501.6000,6500.0000,6509.6000,6510.0000,6510.6000,6511.0000,6511.8000,1,5,1,1,2,1,1,3,1,1
SF,IC2010,2020-09-07 09:31:35.900,6507.8000,6967,0,178309040.000,0,-,-,-,-,6505.0000,6504.8000,6504.2000,6503.6000,6501.6000,6509.6000,6510.0000,6510.6000,6511.0000,6511.8000,1,1,5,1,1,1,1,3,1,1
SF,IC2010,2020-09-07 09:31:36.400,6507.8000,6967,0,178309040.000,0,-,-,-,-,6505.0000,6504.8000,6504.2000,6503.6000,6501.6000,6509.6000,6510.0000,6510.6000,6511.0000,6511.8000,1,1,5,1,1,1,1,3,1,1
SF,IC2010,2020-09-07 09:31:36.900,6507.8000,6967,0,178309040.000,0,-,-,-,-,6505.0000,6504.2000,6503.6000,6501.6000,6500.0000,6507.0000,6507.2000,6507.4000,6509.6000,6510.0000,1,5,1,1,2,1,2,1,1,1
SF,IC2010,2020-09-07 09:31:37.400,6505.0000,6966,-1,179610040.000,1,0,1,双平,S,6504.2000,6503.6000,6501.6000,6500.0000,6496.0000,6509.6000,6510.0000,6510.2000,6510.6000,6511.0000,5,1,1,2,10,1,1,1,3,1
SF,IC2010,2020-09-07 09:31:37.900,6505.0000,6966,0,179610040.000,0,-,-,-,-,6504.2000,6503.6000,6500.0000,6496.0000,6495.0000,6509.4000,6509.6000,6510.0000,6510.2000,6510.6000,5,1,2,10,1,2,1,1,1,3
SF,IC2010,2020-09-07 09:31:38.400,6505.0000,6966,0,179610040.000,0,-,-,-,-,6504.2000,6503.6000,6500.0000,6496.0000,6495.0000,6506.0000,6506.2000,6506.4000,6508.8000,6509.2000,5,1,2,10,1,1,2,1,2,1
SF,IC2010,2020-09-07 09:31:38.900,6506.2000,6964,-2,182212520.000,2,0,2,双平,S,6504.2000,6503.6000,6500.0000,6496.0000,6495.0000,6508.8000,6509.2000,6509.4000,6509.6000,6510.0000,5,1,2,10,1,2,1,2,1,1
SF,IC2010,2020-09-07 09:31:39.400,6506.2000,6964,0,182212520.000,0,-,-,-,-,6504.2000,6503.6000,6500.0000,6496.0000,6495.0000,6506.4000,6507.4000,6508.6000,6508.8000,6509.2000,5,1,2,10,1,3,1,2,2,1
SF,IC2010,2020-09-07 09:31:39.900,6506.2000,6964,0,182212520.000,0,-,-,-,-,6504.2000,6503.6000,6500.0000,6496.0000,6495.0000,6504.8000,6505.0000,6505.2000,6507.4000,6508.6000,5,1,2,10,1,1,1,1,1,2
SF,IC2010,2020-09-07 09:31:40.400,6504.8000,6963,-1,183513480.000,1,0,1,双平,S,6505.2000,6505.0000,6504.2000,6503.6000,6500.0000,6507.4000,6508.6000,6508.8000,6509.2000,6509.4000,1,1,5,1,2,1,1,1,1,1
SF,IC2010,2020-09-07 09:31:40.900,6505.2000,6962,-1,184814520.000,1,0,1,双平,S,6505.0000,6504.2000,6503.6000,6500.0000,6496.0000,6505.2000,6507.4000,6508.6000,6508.8000,6509.2000,1,5,1,2,10,2,1,1,1,1
SF,IC2010,2020-09-07 09:31:41.400,6505.0000,6960,-2,188717600.000,3,0,3,多平,S,6504.8000,6504.2000,6503.6000,6500.0000,6496.0000,6505.0000,6508.6000,6508.8000,6509.2000,6509.4000,1,5,1,2,10,1,1,1,1,1
SF,IC2010,2020-09-07 09:31:41.900,6505.0000,6958,-2,191319600.000,2,0,2,双平,S,6506.0000,6504.8000,6504.2000,6503.6000,6500.0000,6508.2000,6508.8000,6509.2000,6509.4000,6509.6000,1,1,5,1,2,1,1,1,1,1
SF,IC2010,2020-09-07 09:31:42.400,6505.2000,6957,-1,192620640.000,1,0,1,双平,S,6504.8000,6504.2000,6503.6000,6500.0000,6496.0000,6505.8000,6506.0000,6506.8000,6508.2000,6508.8000,1,5,1,2,10,1,2,3,1,2
SF,IC2010,2020-09-07 09:31:42.900,6505.2000,6957,0,192620640.000,0,-,-,-,-,6504.8000,6504.2000,6503.6000,6500.0000,6496.0000,6506.0000,6508.2000,6508.8000,6509.2000,6509.4000,1,5,1,2,10,1,1,2,1,1
SF,IC2010,2020-09-07 09:31:43.400,6505.2000,6957,0,192620640.000,0,-,-,-,-,6504.8000,6504.2000,6503.6000,6500.0000,6496.0000,6508.2000,6508.8000,6509.2000,6509.4000,6510.0000,1,5,1,2,10,1,2,1,1,1
SF,IC2010,2020-09-07 09:31:43.900,6504.8000,6955,-2,195222560.000,2,0,2,双平,S,6504.2000,6503.6000,6500.0000,6496.0000,6495.0000,6505.6000,6506.2000,6507.0000,6508.0000,6508.8000,5,1,2,10,1,3,1,1,3,2
SF,IC2010,2020-09-07 09:31:44.400,6505.4000,6956,1,197824720.000,2,1,1,空开,S,6504.2000,6503.6000,6500.0000,6496.0000,6495.0000,6508.0000,6508.8000,6509.2000,6509.4000,6510.0000,5,1,2,10,1,1,2,1,1,1
SF,IC2010,2020-09-07 09:31:44.900,6505.4000,6956,0,197824720.000,0,-,-,-,-,6504.2000,6503.6000,6500.0000,6496.0000,6495.0000,6507.0000,6508.0000,6508.8000,6509.2000,6509.4000,5,1,2,10,1,1,1,2,1,1
SF,IC2010,2020-09-07 09:31:45.400,6505.4000,6956,0,197824720.000,0,-,-,-,-,6504.2000,6503.6000,6500.0000,6496.0000,6495.0000,6508.0000,6508.8000,6509.2000,6509.4000,6510.0000,5,1,2,10,1,1,2,1,1,1
SF,IC2010,2020-09-07 09:31:45.900,6505.4000,6956,0,197824720.000,0,-,-,-,-,6504.2000,6504.0000,6503.6000,6500.0000,6496.0000,6508.0000,6508.8000,6509.2000,6509.4000,6510.0000,5,1,1,2,10,2,2,1,1,1
SF,IC2010,2020-09-07 09:31:46.400,6505.4000,6956,0,197824720.000,0,-,-,-,-,6504.4000,6504.2000,6504.0000,6503.6000,6500.0000,6508.0000,6508.8000,6509.4000,6510.0000,6510.8000,1,5,1,1,2,1,1,1,1,1
SF,IC2010,2020-09-07 09:31:46.900,6505.4000,6956,0,197824720.000,0,-,-,-,-,6504.4000,6504.2000,6504.0000,6503.6000,6500.0000,6507.4000,6508.0000,6508.8000,6509.4000,6510.8000,1,5,1,1,2,1,1,1,1,1
SF,IC2010,2020-09-07 09:31:47.400,6505.4000,6956,0,197824720.000,0,-,-,-,-,6504.4000,6504.2000,6504.0000,6503.6000,6500.0000,6507.4000,6508.0000,6508.8000,6509.4000,6510.8000,1,5,1,1,2,1,1,1,1,1
SF,IC2010,2020-09-07 09:31:48.400,6504.4000,6956,0,199125600.000,1,0,1,多换,S,6504.2000,6504.0000,6503.6000,6500.0000,6496.0000,6507.4000,6508.0000,6508.8000,6509.4000,6510.8000,5,1,1,2,11,1,1,1,1,1
SF,IC2010,2020-09-07 09:31:48.900,6504.4000,6956,0,199125600.000,0,-,-,-,-,6504.2000,6504.0000,6503.6000,6500.0000,6496.0000,6507.4000,6508.0000,6508.8000,6510.8000,6512.2000,5,1,1,2,11,1,1,1,1,1
SF,IC2010,2020-09-07 09:31:49.400,6504.4000,6956,0,199125600.000,0,-,-,-,-,6504.2000,6504.0000,6503.6000,6500.0000,6496.0000,6507.2000,6507.4000,6508.0000,6508.8000,6510.8000,5,1,1,2,11,1,1,1,1,1
SF,IC2010,2020-09-07 09:31:49.900,6504.4000,6956,0,199125600.000,0,-,-,-,-,6504.2000,6504.0000,6503.6000,6500.0000,6496.0000,6507.2000,6507.4000,6508.0000,6508.8000,6510.8000,5,1,1,2,11,1,1,1,1,1
SF,IC2010,2020-09-07 09:31:50.400,6504.4000,6956,0,199125600.000,0,-,-,-,-,6504.2000,6504.0000,6503.6000,6500.0000,6496.0000,6506.8000,6507.2000,6508.0000,6508.8000,6510.8000,5,1,1,2,11,1,1,1,1,1
SF,IC2010,2020-09-07 09:31:50.900,6504.4000,6956,0,199125600.000,0,-,-,-,-,6504.2000,6504.0000,6503.6000,6500.0000,6496.0000,6506.8000,6507.2000,6508.0000,6508.8000,6510.8000,5,1,1,2,11,1,1,1,1,1
SF,IC2010,2020-09-07 09:31:51.400,6504.4000,6956,0,199125600.000,0,-,-,-,-,6504.2000,6504.0000,6503.6000,6500.0000,6496.0000,6506.0000,6506.8000,6507.2000,6508.0000,6508.8000,5,1,1,2,11,1,1,1,1,1
SF,IC2010,2020-09-07 09:31:52.400,6504.4000,6956,0,199125600.000,0,-,-,-,-,6504.2000,6504.0000,6503.6000,6500.0000,6496.0000,6507.2000,6508.0000,6508.8000,6510.8000,6512.2000,5,1,1,2,11,1,1,1,1,1
SF,IC2010,2020-09-07 09:31:52.900,6504.4000,6956,0,199125600.000,0,-,-,-,-,6504.2000,6504.0000,6503.6000,6500.0000,6498.2000,6505.8000,6507.2000,6508.0000,6508.8000,6510.8000,5,1,1,2,3,3,1,1,1,1
SF,IC2010,2020-09-07 09:31:53.400,6504.4000,6956,0,199125600.000,0,-,-,-,-,6504.2000,6504.0000,6503.6000,6500.0000,6498.2000,6506.8000,6507.2000,6508.0000,6508.8000,6510.8000,5,1,1,2,3,1,1,1,1,1
SF,IC2010,2020-09-07 09:31:53.900,6506.8000,6956,0,200426960.000,1,0,1,多换,S,6504.2000,6504.0000,6503.6000,6500.0000,6498.2000,6507.0000,6507.2000,6508.0000,6508.8000,6510.8000,5,1,1,2,3,1,1,1,1,1
SF,IC2010,2020-09-07 09:31:54.400,6506.8000,6956,0,200426960.000,0,-,-,-,-,6504.2000,6504.0000,6503.6000,6500.0000,6498.2000,6507.0000,6507.2000,6508.0000,6508.8000,6510.8000,5,1,1,2,3,1,1,1,1,1
SF,IC2010,2020-09-07 09:31:54.900,6504.0000,6957,1,208231960.000,6,3,3,空开,S,6503.6000,6500.0000,6498.2000,6496.0000,6495.0000,6504.0000,6505.4000,6505.6000,6506.4000,6506.8000,1,2,3,11,1,1,3,1,1,1
SF,IC2010,2020-09-07 09:31:55.400,6503.6000,6957,0,209532680.000,1,0,1,多换,S,6500.0000,6498.2000,6496.0000,6495.0000,6491.2000,6503.0000,6503.4000,6503.6000,6505.6000,6506.4000,2,3,11,1,1,1,1,2,1,1
SF,IC2010,2020-09-07 09:31:55.900,6503.6000,6957,0,209532680.000,0,-,-,-,-,6500.0000,6498.2000,6496.0000,6495.0000,6491.2000,6503.0000,6503.4000,6503.6000,6505.6000,6506.0000,2,3,11,1,1,1,1,2,1,1
SF,IC2010,2020-09-07 09:31:56.400,6503.6000,6957,0,209532680.000,0,-,-,-,-,6500.0000,6498.2000,6496.0000,6495.0000,6491.2000,6503.0000,6503.4000,6503.6000,6505.6000,6506.0000,2,3,11,1,1,1,1,2,1,1
SF,IC2010,2020-09-07 09:31:56.900,6503.6000,6957,0,209532680.000,0,-,-,-,-,6500.0000,6498.2000,6496.0000,6495.0000,6491.2000,6503.0000,6503.4000,6503.6000,6505.6000,6506.0000,2,3,11,1,1,1,1,2,1,1
SF,IC2010,2020-09-07 09:31:57.400,6503.6000,6957,0,209532680.000,0,-,-,-,-,6500.0000,6498.2000,6496.0000,6495.0000,6491.2000,6503.0000,6503.4000,6503.6000,6506.0000,6506.2000,2,3,11,1,1,1,1,2,2,1
SF,IC2010,2020-09-07 09:31:57.900,6503.6000,6957,0,209532680.000,0,-,-,-,-,6500.0000,6498.2000,6496.0000,6495.0000,6491.2000,6502.0000,6503.0000,6503.4000,6503.6000,6504.2000,2,3,11,1,1,1,1,1,2,1
SF,IC2010,2020-09-07 09:31:58.400,6503.6000,6957,0,209532680.000,0,-,-,-,-,6500.0000,6498.2000,6496.0000,6495.0000,6491.2000,6502.0000,6502.6000,6503.0000,6503.4000,6503.6000,2,3,11,1,1,1,1,1,1,2
SF,IC2010,2020-09-07 09:31:58.900,6500.0000,6957,0,210832680.000,1,0,1,多换,S,6500.0000,6498.2000,6496.0000,6495.2000,6495.0000,6502.0000,6502.6000,6503.0000,6503.4000,6503.6000,1,3,11,1,1,1,1,1,1,2
SF,IC2010,2020-09-07 09:31:59.400,6500.0000,6957,0,210832680.000,0,-,-,-,-,6500.0000,6498.2000,6496.0000,6495.2000,6495.0000,6502.6000,6503.0000,6503.4000,6503.6000,6504.2000,1,3,11,1,1,1,1,1,2,1
SF,IC2010,2020-09-07 09:31:59.900,6500.0000,6957,0,210832680.000,0,-,-,-,-,6500.0000,6498.2000,6496.0000,6495.2000,6495.0000,6502.6000,6503.0000,6503.4000,6503.6000,6504.2000,1,3,11,1,1,1,1,1,2,1
SF,IC2010,2020-09-07 09:32:00.400,6502.4000,6957,0,212133160.000,1,0,1,多换,S,6500.0000,6498.2000,6496.0000,6495.2000,6495.0000,6502.4000,6502.6000,6503.0000,6503.4000,6503.6000,1,3,11,1,1,1,1,1,1,2
SF,IC2010,2020-09-07 09:32:00.900,6502.4000,6957,0,212133160.000,0,-,-,-,-,6500.2000,6500.0000,6498.2000,6496.0000,6495.2000,6502.6000,6503.0000,6503.4000,6503.6000,6504.2000,1,1,3,11,1,1,1,1,2,1
SF,IC2010,2020-09-07 09:32:01.400,6502.4000,6957,0,212133160.000,0,-,-,-,-,6500.2000,6500.0000,6498.2000,6496.0000,6495.2000,6502.6000,6503.0000,6503.4000,6503.6000,6504.2000,1,1,3,11,1,1,1,1,2,1
SF,IC2010,2020-09-07 09:32:01.900,6502.4000,6957,0,212133160.000,0,-,-,-,-,6500.2000,6500.0000,6498.2000,6496.0000,6495.2000,6502.4000,6503.0000,6503.4000,6503.6000,6504.2000,1,1,3,11,1,1,1,1,2,1
SF,IC2010,2020-09-07 09:32:02.400,6500.2000,6957,0,213433200.000,1,0,1,多换,S,6500.0000,6498.2000,6496.0000,6495.2000,6491.2000,6502.4000,6503.0000,6503.6000,6506.0000,6506.2000,1,3,11,1,1,1,1,2,1,1
SF,IC2010,2020-09-07 09:32:02.900,6500.2000,6957,0,213433200.000,0,-,-,-,-,6500.0000,6498.2000,6496.0000,6495.2000,6491.2000,6502.4000,6503.0000,6503.6000,6506.0000,6506.2000,1,3,11,1,1,1,1,2,1,1
SF,IC2010,2020-09-07 09:32:03.400,6500.2000,6957,0,213433200.000,0,-,-,-,-,6500.4000,6500.0000,6498.2000,6496.0000,6495.2000,6502.4000,6503.0000,6503.6000,6506.0000,6506.2000,1,1,3,11,1,1,1,2,1,1
SF,IC2010,2020-09-07 09:32:03.900,6500.2000,6957,0,213433200.000,0,-,-,-,-,6500.4000,6500.0000,6498.2000,6496.0000,6495.2000,6501.8000,6502.4000,6503.0000,6503.6000,6506.0000,1,1,3,11,1,1,1,1,2,1
SF,IC2010,2020-09-07 09:32:04.400,6500.2000,6957,0,213433200.000,0,-,-,-,-,6500.4000,6500.0000,6498.2000,6496.0000,6495.2000,6502.4000,6503.0000,6503.6000,6506.0000,6506.2000,1,1,3,11,1,1,1,2,1,1
SF,IC2010,2020-09-07 09:32:04.900,6500.2000,6958,1,214733240.000,1,1,0,双开,S,6500.0000,6498.2000,6496.0000,6495.2000,6491.2000,6502.2000,6502.4000,6503.0000,6503.6000,6506.0000,1,3,11,1,1,1,1,1,2,1
SF,IC2010,2020-09-07 09:32:05.400,6500.2000,6958,0,214733240.000,0,-,-,-,-,6500.0000,6498.2000,6496.0000,6495.2000,6491.2000,6502.0000,6502.2000,6502.4000,6503.0000,6503.6000,1,3,11,1,1,1,1,1,1,2
SF,IC2010,2020-09-07 09:32:05.900,6500.2000,6958,0,214733240.000,0,-,-,-,-,6500.0000,6498.2000,6496.0000,6495.2000,6491.2000,6502.0000,6502.2000,6502.4000,6503.0000,6503.6000,1,3,11,1,1,1,1,1,1,2
SF,IC2010,2020-09-07 09:32:06.400,6500.0000,6958,0,216033240.000,1,0,1,多换,S,6498.2000,6496.0000,6495.2000,6491.2000,6490.2000,6501.8000,6502.0000,6502.4000,6503.0000,6503.6000,3,11,1,1,1,1,1,1,1,2
SF,IC2010,2020-09-07 09:32:06.900,6501.6000,6958,0,217333560.000,1,0,1,多换,S,6498.2000,6496.0000,6495.2000,6491.2000,6490.2000,6501.6000,6501.8000,6502.0000,6502.4000,6503.0000,3,1,1,1,11,1,1,1,1,1
SF,IC2010,2020-09-07 09:32:07.400,6501.6000,6958,0,217333560.000,0,-,-,-,-,6498.2000,6496.0000,6495.2000,6491.2000,6490.2000,6501.4000,6501.6000,6502.0000,6502.4000,6503.0000,3,1,1,1,11,1,1,1,1,1
SF,IC2010,2020-09-07 09:32:07.900,6499.8000,6958,0,218633520.000,1,0,1,多换,S,6498.2000,6496.0000,6495.2000,6491.2000,6490.2000,6501.4000,6501.6000,6502.0000,6502.4000,6503.0000,3,1,1,1,11,1,1,1,1,1
SF,IC2010,2020-09-07 09:32:08.400,6499.8000,6958,0,218633520.000,0,-,-,-,-,6498.2000,6496.0000,6491.2000,6490.2000,6485.0000,6501.4000,6501.6000,6502.0000,6502.4000,6503.0000,3,1,1,11,2,1,1,1,1,1
SF,IC2010,2020-09-07 09:32:09.900,6499.8000,6958,0,218633520.000,0,-,-,-,-,6498.2000,6496.0000,6491.2000,6490.2000,6485.0000,6501.4000,6501.6000,6502.0000,6503.0000,6503.6000,3,1,1,11,2,1,1,1,1,2
SF,IC2010,2020-09-07 09:32:10.400,6499.8000,6957,-1,219933480.000,1,0,1,双平,S,6499.8000,6498.6000,6498.4000,6498.2000,6497.8000,6501.6000,6503.0000,6503.6000,6504.4000,6506.0000,1,1,1,3,1,1,1,2,1,1
SF,IC2010,2020-09-07 09:32:10.900,6499.8000,6957,0,219933480.000,0,-,-,-,-,6498.4000,6498.2000,6497.8000,6496.0000,6494.4000,6503.0000,6503.6000,6504.4000,6506.0000,6508.0000,1,3,1,1,1,1,2,1,1,1
SF,IC2010,2020-09-07 09:32:11.400,6499.8000,6957,0,219933480.000,0,-,-,-,-,6501.0000,6499.8000,6499.0000,6498.6000,6498.4000,6502.8000,6503.0000,6503.6000,6506.0000,6508.0000,1,1,1,1,1,1,1,2,1,1
SF,IC2010,2020-09-07 09:32:11.900,6502.8000,6956,-1,221234040.000,1,0,1,双平,S,6501.2000,6499.8000,6498.6000,6498.2000,6496.0000,6503.6000,6506.0000,6506.8000,6508.0000,6512.4000,1,1,1,3,1,2,1,1,1,1
SF,IC2010,2020-09-07 09:32:12.400,6502.8000,6956,0,221234040.000,0,-,-,-,-,6503.6000,6503.4000,6502.6000,6501.6000,6501.2000,6506.0000,6506.8000,6508.0000,6512.4000,6513.4000,2,1,1,2,1,1,1,1,1,7
SF,IC2010,2020-09-07 09:32:12.900,6502.8000,6956,0,221234040.000,0,-,-,-,-,6503.6000,6501.2000,6500.8000,6498.2000,6496.0000,6505.8000,6506.0000,6508.0000,6512.4000,6513.4000,1,1,1,3,1,2,1,1,1,7
SF,IC2010,2020-09-07 09:32:13.400,6503.6000,6955,-1,222534760.000,1,0,1,双平,S,6500.8000,6498.2000,6496.0000,6494.4000,6491.2000,6504.8000,6505.8000,6506.0000,6508.0000,6512.4000,1,3,1,1,1,1,2,1,1,1
SF,IC2010,2020-09-07 09:32:13.900,6503.6000,6955,0,222534760.000,0,-,-,-,-,6501.0000,6500.8000,6498.2000,6496.0000,6494.4000,6504.6000,6505.8000,6506.0000,6508.0000,6512.4000,1,1,3,1,1,2,1,1,1,1
SF,IC2010,2020-09-07 09:32:14.400,6504.2000,6956,1,223835600.000,1,1,0,双开,S,6501.0000,6498.2000,6496.0000,6494.4000,6491.2000,6504.6000,6505.8000,6506.0000,6508.0000,6512.4000,1,3,1,1,1,2,1,1,1,1
SF,IC2010,2020-09-07 09:32:14.900,6504.2000,6956,0,223835600.000,0,-,-,-,-,6498.2000,6496.0000,6494.4000,6491.2000,6490.2000,6504.4000,6504.6000,6505.2000,6505.8000,6506.0000,3,1,1,1,11,1,2,1,1,1
SF,IC2010,2020-09-07 09:32:15.400,6504.2000,6956,0,223835600.000,0,-,-,-,-,6499.0000,6498.4000,6498.2000,6496.0000,6494.4000,6504.0000,6504.2000,6504.4000,6504.6000,6506.0000,2,2,3,1,1,1,2,1,1,1
SF,IC2010,2020-09-07 09:32:15.900,6504.2000,6956,0,223835600.000,0,-,-,-,-,6499.2000,6499.0000,6498.4000,6498.2000,6496.0000,6503.8000,6504.0000,6504.2000,6506.0000,6508.0000,1,2,1,3,1,1,1,1,1,1
SF,IC2010,2020-09-07 09:32:16.400,6504.0000,6954,-2,226437200.000,2,0,2,双平,S,6502.0000,6501.8000,6499.8000,6499.4000,6499.2000,6506.0000,6508.0000,6512.4000,6513.4000,6514.0000,1,1,4,3,1,1,1,1,7,1
SF,IC2010,2020-09-07 09:32:16.900,6502.2000,6956,2,229038080.000,2,2,0,双开,S,6502.2000,6499.8000,6499.4000,6499.0000,6498.4000,6505.8000,6506.0000,6512.4000,6513.4000,6514.0000,2,2,2,1,1,1,1,1,7,1
SF,IC2010,2020-09-07 09:32:17.400,6502.2000,6956,0,229038080.000,0,-,-,-,-,6502.6000,6502.2000,6499.8000,6499.4000,6499.0000,6505.8000,6506.0000,6512.4000,6512.8000,6513.4000,1,2,2,2,1,1,1,1,1,7
SF,IC2010,2020-09-07 09:32:17.900,6502.2000,6956,0,229038080.000,0,-,-,-,-,6502.8000,6502.6000,6502.2000,6499.8000,6499.4000,6505.6000,6505.8000,6506.0000,6512.4000,6512.8000,1,1,1,2,1,1,1,1,1,1
SF,IC2010,2020-09-07 09:32:18.400,6502.2000,6956,0,229038080.000,0,-,-,-,-,6502.8000,6502.6000,6502.2000,6499.8000,6498.2000,6505.6000,6505.8000,6506.0000,6512.4000,6512.8000,1,1,1,2,3,1,1,1,1,1
SF,IC2010,2020-09-07 09:32:18.900,6502.6000,6955,-1,230338600.000,1,0,1,双平,S,6502.2000,6499.8000,6498.2000,6496.0000,6494.4000,6502.8000,6505.4000,6505.6000,6506.0000,6512.4000,1,2,3,1,1,1,1,1,1,1
SF,IC2010,2020-09-07 09:32:19.400,6502.8000,6955,0,231639160.000,1,0,1,多换,S,6499.8000,6498.2000,6496.0000,6494.4000,6491.2000,6505.4000,6505.6000,6506.0000,6512.4000,6512.8000,2,3,1,1,1,1,1,1,1,1
SF,IC2010,2020-09-07 09:32:19.900,6502.8000,6955,0,231639160.000,0,-,-,-,-,6500.4000,6500.0000,6498.2000,6496.0000,6494.4000,6505.2000,6505.4000,6505.6000,6506.0000,6512.4000,1,2,3,1,1,1,1,1,1,1
SF,IC2010,2020-09-07 09:32:20.400,6502.8000,6955,0,231639160.000,0,-,-,-,-,6500.6000,6500.4000,6498.2000,6496.0000,6494.4000,6502.0000,6504.8000,6505.0000,6505.2000,6505.6000,1,1,3,1,1,1,1,2,1,1
SF,IC2010,2020-09-07 09:32:20.900,6502.8000,6955,0,231639160.000,0,-,-,-,-,6500.4000,6498.2000,6496.0000,6494.4000,6491.2000,6502.0000,6505.0000,6505.2000,6505.6000,6506.0000,1,3,1,1,1,1,2,1,1,1
SF,IC2010,2020-09-07 09:32:21.400,6502.0000,6955,0,232939560.000,1,0,1,多换,S,6500.4000,6498.2000,6496.0000,6494.4000,6491.2000,6505.0000,6505.2000,6506.0000,6510.4000,6512.4000,1,3,1,1,1,2,1,1,1,1
SF,IC2010,2020-09-07 09:32:21.900,6502.0000,6955,0,232939560.000,0,-,-,-,-,6500.6000,6500.4000,6498.2000,6496.0000,6494.4000,6505.0000,6505.2000,6506.0000,6510.4000,6512.4000,2,1,3,1,1,2,1,1,1,1
SF,IC2010,2020-09-07 09:32:22.400,6502.0000,6955,0,232939560.000,0,-,-,-,-,6500.6000,6500.4000,6498.2000,6496.0000,6494.4000,6505.0000,6505.2000,6510.4000,6512.4000,6512.8000,2,1,3,1,1,2,1,1,1,1
SF,IC2010,2020-09-07 09:32:22.900,6505.0000,6955,0,234240560.000,1,0,1,多换,S,6500.6000,6500.4000,6498.2000,6496.0000,6494.4000,6504.6000,6505.2000,6510.4000,6512.4000,6512.8000,2,1,3,1,1,1,1,1,1,1
SF,IC2010,2020-09-07 09:32:23.400,6505.0000,6955,0,234240560.000,0,-,-,-,-,6500.6000,6500.4000,6498.2000,6496.0000,6494.4000,6505.2000,6510.4000,6512.4000,6512.8000,6513.4000,2,1,3,1,1,1,1,1,1,7
SF,IC2010,2020-09-07 09:32:23.900,6505.0000,6955,0,234240560.000,0,-,-,-,-,6500.6000,6500.4000,6498.2000,6496.0000,6494.4000,6505.0000,6505.2000,6510.4000,6512.4000,6512.8000,2,1,3,1,1,1,1,1,1,1
SF,IC2010,2020-09-07 09:32:24.400,6505.0000,6955,0,234240560.000,0,-,-,-,-,6500.6000,6500.4000,6498.2000,6496.0000,6494.4000,6504.8000,6505.0000,6505.2000,6510.4000,6512.4000,2,1,3,1,1,1,2,1,1,1
SF,IC2010,2020-09-07 09:32:24.900,6505.0000,6955,0,234240560.000,0,-,-,-,-,6500.6000,6500.4000,6498.2000,6496.0000,6494.4000,6504.8000,6505.0000,6505.2000,6510.4000,6512.4000,2,1,3,1,1,1,1,1,1,1
SF,IC2010,2020-09-07 09:32:25.400,6505.0000,6955,0,234240560.000,0,-,-,-,-,6500.6000,6500.4000,6498.2000,6496.0000,6494.4000,6504.6000,6505.2000,6510.4000,6512.4000,6512.8000,2,1,3,1,1,2,1,1,1,1
SF,IC2010,2020-09-07 09:32:25.900,6505.0000,6955,0,234240560.000,0,-,-,-,-,6500.6000,6500.4000,6498.2000,6496.0000,6494.4000,6510.4000,6512.4000,6512.8000,6513.4000,6515.6000,2,1,3,1,1,1,1,1,7,1
SF,IC2010,2020-09-07 09:32:26.400,6505.0000,6955,0,234240560.000,0,-,-,-,-,6500.6000,6500.4000,6498.2000,6496.0000,6494.4000,6504.8000,6507.4000,6508.8000,6510.2000,6510.4000,2,1,3,1,1,1,1,2,5,1
SF,IC2010,2020-09-07 09:32:26.900,6505.0000,6955,0,234240560.000,0,-,-,-,-,6500.6000,6500.4000,6498.2000,6496.0000,6494.4000,6506.4000,6507.4000,6508.8000,6510.2000,6510.4000,2,1,3,1,1,1,1,2,5,1
SF,IC2010,2020-09-07 09:32:27.400,6505.0000,6955,0,234240560.000,0,-,-,-,-,6500.6000,6500.4000,6498.2000,6496.0000,6494.4000,6506.2000,6506.4000,6507.4000,6508.8000,6510.2000,2,1,3,1,1,1,1,1,2,4
SF,IC2010,2020-09-07 09:32:27.900,6505.0000,6955,0,234240560.000,0,-,-,-,-,6500.6000,6500.4000,6498.2000,6496.0000,6494.4000,6506.2000,6506.4000,6507.4000,6508.8000,6510.2000,2,1,3,1,1,1,1,1,1,4
SF,IC2010,2020-09-07 09:32:28.400,6505.0000,6955,0,234240560.000,0,-,-,-,-,6500.6000,6500.4000,6498.2000,6496.0000,6494.4000,6505.6000,6506.2000,6507.4000,6509.6000,6510.2000,2,1,3,1,1,1,2,1,1,4
SF,IC2010,2020-09-07 09:32:28.900,6505.0000,6955,0,234240560.000,0,-,-,-,-,6500.6000,6500.4000,6498.2000,6496.0000,6494.4000,6505.4000,6505.6000,6506.2000,6507.4000,6509.6000,2,1,3,1,1,1,1,1,1,1
SF,IC2010,2020-09-07 09:32:29.400,6505.0000,6955,0,234240560.000,0,-,-,-,-,6500.6000,6500.4000,6498.2000,6496.0000,6494.4000,6505.4000,6505.6000,6506.2000,6507.4000,6509.6000,2,1,3,1,1,1,1,1,1,1
SF,IC2010,2020-09-07 09:32:29.900,6505.0000,6955,0,234240560.000,0,-,-,-,-,6500.6000,6500.4000,6498.2000,6496.0000,6494.4000,6505.2000,6505.4000,6506.2000,6507.4000,6509.6000,2,1,3,1,1,1,1,1,1,1
SF,IC2010,2020-09-07 09:32:30.400,6505.0000,6955,0,234240560.000,0,-,-,-,-,6500.6000,6500.4000,6498.2000,6496.0000,6494.4000,6505.0000,6505.2000,6506.2000,6507.4000,6509.6000,2,1,3,1,1,1,1,1,1,1
SF,IC2010,2020-09-07 09:32:31.400,6505.0000,6955,0,234240560.000,0,-,-,-,-,6500.6000,6500.4000,6499.2000,6498.2000,6496.0000,6504.8000,6505.0000,6506.2000,6507.4000,6509.6000,2,1,1,3,1,1,2,1,1,1
SF,IC2010,2020-09-07 09:32:31.900,6505.0000,6955,0,234240560.000,0,-,-,-,-,6500.6000,6500.4000,6499.2000,6498.2000,6496.0000,6504.6000,6504.8000,6505.0000,6506.2000,6507.4000,2,1,1,3,1,1,1,1,1,1
SF,IC2010,2020-09-07 09:32:32.900,6505.0000,6955,0,234240560.000,0,-,-,-,-,6500.6000,6500.4000,6499.2000,6498.2000,6496.0000,6504.4000,6504.6000,6505.0000,6506.2000,6507.4000,2,1,1,3,1,1,1,1,1,1
SF,IC2010,2020-09-07 09:32:33.400,6505.0000,6955,0,234240560.000,0,-,-,-,-,6500.6000,6500.4000,6499.2000,6498.2000,6496.0000,6504.2000,6504.4000,6504.6000,6505.0000,6507.4000,2,1,1,3,1,2,1,1,1,1
SF,IC2010,2020-09-07 09:32:33.900,6505.0000,6955,0,234240560.000,0,-,-,-,-,6500.6000,6500.4000,6499.2000,6498.2000,6496.0000,6503.8000,6504.2000,6504.6000,6505.0000,6507.4000,2,1,1,3,1,1,2,1,1,1
SF,IC2010,2020-09-07 09:32:34.400,6505.0000,6955,0,234240560.000,0,-,-,-,-,6500.6000,6500.4000,6499.2000,6498.2000,6496.0000,6503.6000,6503.8000,6504.2000,6504.6000,6505.0000,2,1,1,3,1,1,1,1,1,1
SF,IC2010,2020-09-07 09:32:35.400,6505.0000,6955,0,234240560.000,0,-,-,-,-,6500.6000,6500.4000,6499.2000,6498.2000,6496.0000,6503.6000,6504.2000,6504.6000,6505.0000,6507.4000,2,1,1,3,1,1,1,1,1,1
SF,IC2010,2020-09-07 09:32:35.900,6505.0000,6955,0,234240560.000,0,-,-,-,-,6502.0000,6500.6000,6500.4000,6499.2000,6498.2000,6504.2000,6504.6000,6505.0000,6507.4000,6509.6000,1,2,1,1,3,1,1,1,1,1
SF,IC2010,2020-09-07 09:32:36.400,6505.0000,6955,0,234240560.000,0,-,-,-,-,6500.6000,6500.4000,6499.2000,6498.2000,6496.0000,6504.0000,6504.2000,6505.0000,6507.4000,6509.6000,2,1,1,3,1,1,1,1,1,1
SF,IC2010,2020-09-07 09:32:36.900,6505.0000,6955,0,234240560.000,0,-,-,-,-,6500.6000,6500.4000,6499.2000,6498.2000,6496.0000,6504.0000,6504.2000,6505.0000,6507.4000,6510.2000,2,1,1,3,1,1,1,1,1,4
SF,IC2010,2020-09-07 09:32:37.900,6505.0000,6955,0,234240560.000,0,-,-,-,-,6500.6000,6500.4000,6498.2000,6496.0000,6494.4000,6504.0000,6504.2000,6505.0000,6506.4000,6507.4000,2,1,3,1,1,1,1,1,1,1
SF,IC2010,2020-09-07 09:32:38.400,6505.0000,6955,0,234240560.000,0,-,-,-,-,6500.6000,6500.4000,6498.2000,6496.0000,6494.4000,6503.8000,6504.0000,6504.2000,6505.0000,6506.4000,2,1,3,1,1,1,1,2,1,1
SF,IC2010,2020-09-07 09:32:38.900,6505.0000,6955,0,234240560.000,0,-,-,-,-,6500.6000,6500.4000,6498.2000,6496.0000,6494.4000,6503.6000,6503.8000,6504.2000,6505.0000,6506.4000,2,1,3,1,1,1,1,2,1,1
SF,IC2010,2020-09-07 09:32:39.900,6503.8000,6953,-2,236842080.000,2,0,2,双平,S,6500.6000,6500.4000,6498.2000,6496.0000,6494.4000,6504.2000,6505.0000,6506.4000,6507.4000,6510.2000,2,1,3,1,1,2,1,1,1,3
SF,IC2010,2020-09-07 09:32:40.400,6503.8000,6953,0,236842080.000,0,-,-,-,-,6500.8000,6500.6000,6500.4000,6498.2000,6496.0000,6504.2000,6505.0000,6506.4000,6507.4000,6510.2000,2,2,1,3,1,1,1,1,1,3
SF,IC2010,2020-09-07 09:32:40.900,6503.8000,6953,0,236842080.000,0,-,-,-,-,6501.0000,6500.8000,6500.4000,6498.2000,6496.0000,6504.2000,6505.0000,6506.4000,6507.4000,6510.2000,2,2,1,3,1,1,1,1,1,3
SF,IC2010,2020-09-07 09:32:41.400,6503.8000,6953,0,236842080.000,0,-,-,-,-,6502.2000,6501.0000,6500.8000,6500.4000,6498.2000,6505.0000,6506.4000,6507.4000,6510.2000,6510.4000,1,2,2,1,3,1,1,1,3,1
SF,IC2010,2020-09-07 09:32:41.900,6503.8000,6953,0,236842080.000,0,-,-,-,-,6502.2000,6501.0000,6500.4000,6498.2000,6496.0000,6504.8000,6505.0000,6506.4000,6507.4000,6510.2000,1,2,1,3,1,1,1,1,1,3
SF,IC2010,2020-09-07 09:32:43.400,6502.2000,6952,-1,238142520.000,1,0,1,双平,S,6501.0000,6500.4000,6498.2000,6496.0000,6494.4000,6504.8000,6505.0000,6506.4000,6507.4000,6510.2000,2,1,3,1,1,1,1,1,1,3
SF,IC2010,2020-09-07 09:32:43.900,6502.2000,6952,0,238142520.000,0,-,-,-,-,6501.0000,6500.4000,6498.2000,6496.0000,6494.4000,6504.8000,6505.0000,6506.4000,6507.4000,6510.2000,2,1,3,1,1,2,1,1,1,3
SF,IC2010,2020-09-07 09:32:44.900,6502.2000,6952,0,238142520.000,0,-,-,-,-,6501.0000,6500.4000,6498.2000,6496.0000,6494.4000,6504.8000,6505.0000,6507.4000,6510.2000,6510.4000,2,1,3,1,1,2,1,1,3,1
SF,IC2010,2020-09-07 09:32:47.400,6502.2000,6952,0,238142520.000,0,-,-,-,-,6501.0000,6500.4000,6498.2000,6496.0000,6494.4000,6504.8000,6505.0000,6507.4000,6510.2000,6510.4000,2,1,3,1,1,2,1,1,3,1
SF,IC2010,2020-09-07 09:32:47.900,6504.8000,6952,0,239443480.000,1,0,1,多换,S,6501.0000,6500.4000,6498.2000,6496.0000,6494.4000,6504.8000,6505.0000,6507.4000,6510.2000,6510.4000,2,1,3,1,1,1,1,1,3,1
SF,IC2010,2020-09-07 09:32:48.400,6504.8000,6952,0,239443480.000,0,-,-,-,-,6501.0000,6500.4000,6498.2000,6496.0000,6494.4000,6504.6000,6504.8000,6505.0000,6507.4000,6510.2000,2,1,3,1,1,1,1,1,1,3
SF,IC2010,2020-09-07 09:32:50.900,6504.8000,6952,0,239443480.000,0,-,-,-,-,6501.0000,6498.2000,6496.0000,6494.4000,6491.2000,6504.6000,6504.8000,6505.0000,6507.4000,6510.2000,2,3,1,1,1,1,1,1,1,3
SF,IC2010,2020-09-07 09:32:51.400,6501.0000,6951,-1,240743680.000,1,0,1,双平,S,6501.0000,6498.2000,6496.0000,6494.4000,6491.2000,6504.4000,6504.6000,6504.8000,6505.0000,6507.4000,1,3,1,1,1,2,1,1,1,1
SF,IC2010,2020-09-07 09:32:51.900,6501.0000,6951,0,240743680.000,0,-,-,-,-,6498.2000,6496.0000,6494.4000,6491.2000,6490.2000,6502.8000,6504.2000,6504.4000,6504.8000,6505.0000,3,1,1,1,11,1,1,2,1,1
SF,IC2010,2020-09-07 09:32:52.400,6501.0000,6951,0,240743680.000,0,-,-,-,-,6498.4000,6498.2000,6496.0000,6494.4000,6491.2000,6502.6000,6504.4000,6504.8000,6505.0000,6505.6000,3,4,1,1,1,1,1,1,1,1
SF,IC2010,2020-09-07 09:32:52.900,6501.0000,6951,0,240743680.000,0,-,-,-,-,6498.4000,6498.2000,6496.0000,6494.4000,6491.2000,6502.6000,6504.4000,6505.0000,6505.6000,6510.2000,3,4,1,1,1,1,1,1,1,3
SF,IC2010,2020-09-07 09:32:53.400,6501.0000,6951,0,240743680.000,0,-,-,-,-,6498.4000,6498.2000,6496.0000,6494.4000,6491.2000,6502.4000,6502.6000,6504.4000,6505.0000,6505.6000,1,4,1,1,1,1,1,1,1,1
SF,IC2010,2020-09-07 09:32:53.900,6501.0000,6951,0,240743680.000,0,-,-,-,-,6498.4000,6498.2000,6496.0000,6494.4000,6491.2000,6501.6000,6502.2000,6502.4000,6504.4000,6505.0000,1,4,1,1,1,1,1,1,1,1
SF,IC2010,2020-09-07 09:32:54.400,6501.6000,6952,1,242044000.000,1,1,0,双开,S,6498.4000,6498.2000,6496.0000,6494.4000,6494.2000,6502.2000,6502.4000,6503.8000,6504.4000,6505.0000,1,3,1,1,1,1,1,1,1,1
SF,IC2010,2020-09-07 09:32:54.900,6501.6000,6952,0,242044000.000,0,-,-,-,-,6498.4000,6498.2000,6496.0000,6494.4000,6494.2000,6500.4000,6502.0000,6502.2000,6503.8000,6504.4000,1,3,1,1,1,1,2,1,1,1
SF,IC2010,2020-09-07 09:32:55.400,6501.6000,6952,0,242044000.000,0,-,-,-,-,6498.4000,6498.2000,6496.0000,6494.4000,6494.2000,6502.0000,6502.2000,6503.8000,6505.0000,6510.2000,1,3,1,1,1,1,1,1,1,3
SF,IC2010,2020-09-07 09:32:55.900,6501.6000,6952,0,242044000.000,0,-,-,-,-,6498.4000,6498.2000,6496.0000,6494.4000,6494.2000,6501.8000,6503.8000,6505.0000,6510.2000,6510.4000,1,3,1,1,1,2,1,1,3,1
SF,IC2010,2020-09-07 09:32:57.900,6498.4000,6951,-1,243343680.000,1,0,1,双平,S,6498.2000,6496.0000,6494.4000,6494.2000,6491.2000,6501.8000,6505.0000,6510.2000,6510.4000,6511.2000,3,1,1,1,1,2,1,3,1,1
SF,IC2010,2020-09-07 09:32:58.400,6498.4000,6951,0,243343680.000,0,-,-,-,-,6498.4000,6498.2000,6496.0000,6494.4000,6494.2000,6501.6000,6501.8000,6504.6000,6505.0000,6510.2000,1,3,1,1,1,1,1,1,1,3
SF,IC2010,2020-09-07 09:32:59.400,6498.4000,6951,0,243343680.000,0,-,-,-,-,6498.4000,6498.2000,6496.0000,6494.4000,6494.2000,6501.6000,6501.8000,6504.6000,6505.0000,6510.2000,1,3,1,1,1,1,1,1,1,3
SF,IC2010,2020-09-07 09:33:00.400,6498.4000,6951,0,243343680.000,0,-,-,-,-,6498.4000,6496.0000,6494.4000,6494.2000,6491.2000,6501.6000,6501.8000,6504.6000,6505.0000,6510.2000,1,1,1,1,1,1,1,1,1,3
SF,IC2010,2020-09-07 09:33:00.900,6498.4000,6951,0,243343680.000,0,-,-,-,-,6496.0000,6494.4000,6494.2000,6491.2000,6490.2000,6501.4000,6501.6000,6504.6000,6505.0000,6510.2000,1,1,1,1,11,1,1,1,1,3
SF,IC2010,2020-09-07 09:33:01.400,6498.4000,6951,0,243343680.000,0,-,-,-,-,6496.2000,6496.0000,6495.6000,6494.4000,6494.2000,6501.2000,6501.4000,6504.6000,6505.0000,6510.2000,1,1,1,1,1,2,1,1,1,3
SF,IC2010,2020-09-07 09:33:01.900,6498.4000,6951,0,243343680.000,0,-,-,-,-,6496.0000,6494.4000,6494.2000,6491.2000,6490.2000,6501.0000,6501.2000,6504.6000,6505.0000,6510.2000,1,1,1,1,11,1,3,1,1,3
SF,IC2010,2020-09-07 09:33:02.400,6496.0000,6951,0,244642880.000,1,0,1,多换,S,6494.4000,6494.2000,6491.2000,6490.2000,6485.0000,6495.8000,6496.8000,6497.0000,6497.4000,6499.8000,1,1,1,1,2,2,1,2,1,2
SF,IC2010,2020-09-07 09:33:02.900,6495.8000,6951,0,247240920.000,2,1,1,多换,S,6494.6000,6494.2000,6491.2000,6490.2000,6485.0000,6500.2000,6500.4000,6500.8000,6501.0000,6501.2000,1,1,1,1,2,1,1,2,1,1
SF,IC2010,2020-09-07 09:33:03.400,6494.6000,6950,-1,248539840.000,1,0,1,双平,S,6491.2000,6490.2000,6485.0000,6484.4000,6482.0000,6499.6000,6499.8000,6500.0000,6500.2000,6500.4000,1,1,2,10,5,1,2,2,1,1
SF,IC2010,2020-09-07 09:33:03.900,6494.6000,6950,0,248539840.000,0,-,-,-,-,6491.4000,6491.2000,6490.2000,6485.0000,6484.4000,6495.4000,6498.0000,6499.4000,6500.4000,6500.8000,2,1,1,2,10,1,2,3,1,1
SF,IC2010,2020-09-07 09:33:04.400,6494.6000,6950,0,248539840.000,0,-,-,-,-,6491.8000,6491.4000,6491.2000,6490.2000,6485.0000,6495.2000,6498.0000,6499.4000,6500.4000,6500.8000,1,2,1,1,2,1,2,2,1,1
SF,IC2010,2020-09-07 09:33:04.900,6494.6000,6950,0,248539840.000,0,-,-,-,-,6492.0000,6491.8000,6491.4000,6491.2000,6490.2000,6495.0000,6495.2000,6498.0000,6499.4000,6499.8000,1,1,1,1,1,2,1,2,1,1
SF,IC2010,2020-09-07 09:33:05.400,6491.2000,6950,0,252434720.000,3,1,2,多换,S,6490.2000,6487.0000,6485.0000,6482.0000,6478.6000,6492.0000,6492.2000,6492.6000,6494.6000,6495.0000,1,1,2,5,10,2,2,1,2,1
SF,IC2010,2020-09-07 09:33:05.900,6490.2000,6950,0,253732760.000,1,0,1,多换,S,6487.0000,6485.0000,6482.0000,6478.6000,6473.0000,6490.0000,6491.8000,6492.0000,6495.0000,6495.2000,1,2,5,10,5,1,1,1,1,1
SF,IC2010,2020-09-07 09:33:06.400,6490.0000,6949,-1,255030760.000,1,0,1,双平,S,6487.2000,6487.0000,6485.0000,6482.0000,6478.6000,6491.8000,6492.0000,6495.0000,6495.2000,6499.4000,1,1,2,5,10,1,1,1,1,1
SF,IC2010,2020-09-07 09:33:06.900,6490.0000,6949,0,255030760.000,0,-,-,-,-,6487.2000,6485.0000,6482.0000,6478.6000,6473.0000,6491.6000,6491.8000,6492.0000,6495.0000,6499.4000,1,2,5,10,5,2,1,1,1,1
SF,IC2010,2020-09-07 09:33:07.400,6490.0000,6949,0,255030760.000,0,-,-,-,-,6487.2000,6485.0000,6484.4000,6482.0000,6478.6000,6491.4000,6491.6000,6492.0000,6495.0000,6499.4000,1,2,1,5,10,1,2,1,1,1
SF,IC2010,2020-09-07 09:33:07.900,6490.0000,6949,0,255030760.000,0,-,-,-,-,6489.2000,6487.2000,6485.0000,6484.4000,6482.0000,6491.2000,6491.6000,6492.0000,6495.0000,6499.4000,2,3,2,1,5,1,1,1,1,1
SF,IC2010,2020-09-07 09:33:08.400,6490.0000,6949,0,255030760.000,0,-,-,-,-,6487.2000,6485.0000,6484.4000,6482.0000,6478.6000,6491.6000,6492.0000,6495.0000,6499.4000,6499.8000,2,2,1,5,10,1,1,1,1,1
SF,IC2010,2020-09-07 09:33:08.900,6490.0000,6949,0,255030760.000,0,-,-,-,-,6487.4000,6487.2000,6485.0000,6484.4000,6482.0000,6491.6000,6492.0000,6495.0000,6499.4000,6499.8000,2,3,2,1,5,1,1,1,1,1
SF,IC2010,2020-09-07 09:33:09.400,6490.0000,6949,0,255030760.000,0,-,-,-,-,6489.6000,6487.6000,6487.4000,6487.2000,6485.0000,6491.6000,6492.0000,6495.0000,6499.4000,6499.8000,2,1,2,2,2,1,1,1,1,1
SF,IC2010,2020-09-07 09:33:09.900,6490.0000,6949,0,255030760.000,0,-,-,-,-,6487.6000,6487.4000,6487.2000,6485.0000,6484.4000,6491.4000,6491.6000,6492.0000,6495.0000,6499.4000,1,2,2,2,1,1,1,1,1,1
SF,IC2010,2020-09-07 09:33:10.400,6490.0000,6949,0,255030760.000,0,-,-,-,-,6487.8000,6487.6000,6487.4000,6487.2000,6485.0000,6491.4000,6492.0000,6499.4000,6499.8000,6501.8000,1,1,1,2,2,1,1,1,1,7
SF,IC2010,2020-09-07 09:33:10.900,6490.0000,6949,0,255030760.000,0,-,-,-,-,6488.0000,6487.8000,6487.2000,6485.0000,6484.4000,6492.0000,6495.2000,6499.4000,6501.8000,6505.0000,1,2,2,2,1,1,1,1,7,1
SF,IC2010,2020-09-07 09:33:11.400,6490.0000,6949,0,255030760.000,0,-,-,-,-,6488.2000,6488.0000,6485.0000,6484.4000,6482.0000,6491.6000,6491.8000,6492.0000,6495.2000,6499.4000,1,1,2,1,5,2,1,1,1,1
SF,IC2010,2020-09-07 09:33:11.900,6490.0000,6949,0,255030760.000,0,-,-,-,-,6488.4000,6488.2000,6485.0000,6484.4000,6482.0000,6491.6000,6492.0000,6495.2000,6499.4000,6501.8000,2,1,2,1,5,2,1,1,1,7
SF,IC2010,2020-09-07 09:33:12.400,6490.0000,6949,0,255030760.000,0,-,-,-,-,6488.4000,6488.2000,6485.0000,6484.4000,6482.0000,6492.0000,6495.2000,6499.4000,6501.8000,6510.2000,2,1,2,1,5,1,1,1,7,3
SF,IC2010,2020-09-07 09:33:12.900,6488.4000,6949,0,256328440.000,1,0,1,多换,S,6485.0000,6484.4000,6482.0000,6478.6000,6473.0000,6491.6000,6491.8000,6495.2000,6499.4000,6501.8000,2,1,5,10,5,1,2,1,1,7
SF,IC2010,2020-09-07 09:33:13.400,6488.4000,6949,0,256328440.000,0,-,-,-,-,6490.0000,6488.4000,6485.4000,6485.2000,6485.0000,6491.4000,6495.2000,6497.4000,6499.4000,6501.8000,1,2,2,2,2,2,1,1,1,7
SF,IC2010,2020-09-07 09:33:13.900,6490.0000,6949,0,257626440.000,1,0,1,多换,S,6491.4000,6485.2000,6485.0000,6484.4000,6482.0000,6495.2000,6497.4000,6499.4000,6501.8000,6504.0000,1,1,2,1,5,1,1,1,7,1
SF,IC2010,2020-09-07 09:33:14.400,6491.4000,6949,0,258924720.000,1,0,1,多换,S,6485.0000,6484.4000,6482.0000,6478.6000,6473.0000,6490.6000,6491.0000,6491.2000,6491.4000,6491.6000,2,1,5,10,5,1,1,2,3,1
SF,IC2010,2020-09-07 09:33:14.900,6491.4000,6949,0,258924720.000,0,-,-,-,-,6485.4000,6485.2000,6485.0000,6484.4000,6482.0000,6491.4000,6494.4000,6495.0000,6495.2000,6497.4000,2,2,2,1,5,1,1,1,1,1
SF,IC2010,2020-09-07 09:33:15.400,6491.4000,6949,0,258924720.000,0,-,-,-,-,6486.4000,6486.0000,6485.6000,6485.0000,6484.4000,6490.8000,6491.2000,6495.0000,6495.2000,6497.4000,1,1,3,2,1,1,1,1,1,1
SF,IC2010,2020-09-07 09:33:15.900,6491.2000,6946,-3,262819280.000,3,0,3,双平,S,6486.6000,6486.4000,6485.6000,6485.0000,6484.4000,6495.0000,6495.2000,6497.4000,6499.4000,6501.8000,2,1,1,2,1,1,1,1,1,7
SF,IC2010,2020-09-07 09:33:16.400,6491.2000,6946,0,262819280.000,0,-,-,-,-,6486.6000,6485.6000,6485.0000,6484.4000,6482.0000,6490.8000,6491.2000,6492.4000,6494.4000,6494.8000,2,1,2,1,5,1,1,1,2,1
SF,IC2010,2020-09-07 09:33:16.900,6491.2000,6946,0,262819280.000,0,-,-,-,-,6486.8000,6486.6000,6485.6000,6485.0000,6484.4000,6491.2000,6492.4000,6494.4000,6494.8000,6495.0000,1,2,1,2,1,1,1,2,1,1
SF,IC2010,2020-09-07 09:33:17.400,6491.2000,6946,0,262819280.000,0,-,-,-,-,6487.0000,6486.8000,6485.6000,6485.0000,6484.4000,6491.2000,6492.4000,6494.4000,6494.8000,6495.0000,3,1,1,2,1,1,1,2,1,1
SF,IC2010,2020-09-07 09:33:17.900,6491.2000,6946,0,262819280.000,0,-,-,-,-,6487.2000,6487.0000,6486.8000,6485.0000,6484.4000,6491.2000,6492.4000,6494.4000,6494.8000,6495.0000,2,2,1,2,1,1,1,2,1,1
SF,IC2010,2020-09-07 09:33:18.400,6491.2000,6946,0,262819280.000,0,-,-,-,-,6487.4000,6487.2000,6486.8000,6485.0000,6484.4000,6491.0000,6491.2000,6492.4000,6494.4000,6494.6000,2,2,1,2,1,1,1,1,2,1
SF,IC2010,2020-09-07 09:33:18.900,6491.2000,6946,0,262819280.000,0,-,-,-,-,6487.4000,6487.2000,6486.8000,6485.0000,6484.4000,6491.0000,6491.2000,6492.4000,6494.4000,6494.6000,1,2,1,2,1,1,1,1,1,1
SF,IC2010,2020-09-07 09:33:19.400,6491.2000,6946,0,262819280.000,0,-,-,-,-,6488.0000,6487.6000,6487.4000,6487.2000,6486.8000,6491.0000,6491.2000,6492.4000,6494.4000,6494.6000,1,2,1,2,1,1,1,1,1,1
SF,IC2010,2020-09-07 09:33:19.900,6491.2000,6946,0,262819280.000,0,-,-,-,-,6487.6000,6487.4000,6487.2000,6486.8000,6485.0000,6489.4000,6491.0000,6491.2000,6492.4000,6494.6000,1,1,2,1,2,1,1,1,1,1
SF,IC2010,2020-09-07 09:33:20.400,6489.6000,6945,-1,264117200.000,1,0,1,双平,S,6489.4000,6487.6000,6487.2000,6486.8000,6485.0000,6491.0000,6491.2000,6492.4000,6495.0000,6495.2000,1,1,2,1,2,1,1,1,1,1
SF,IC2010,2020-09-07 09:33:20.900,6491.0000,6943,-2,268011160.000,3,0,3,多平,S,6487.2000,6486.8000,6485.0000,6484.4000,6482.6000,6491.2000,6492.4000,6495.0000,6495.2000,6497.4000,2,1,2,1,2,1,1,1,1,1
SF,IC2010,2020-09-07 09:33:21.400,6491.2000,6942,-1,269309400.000,1,0,1,双平,S,6487.4000,6487.2000,6486.8000,6485.0000,6484.4000,6492.4000,6495.0000,6495.2000,6497.4000,6499.4000,2,2,1,2,1,1,1,1,1,1
SF,IC2010,2020-09-07 09:33:21.900,6491.2000,6942,0,269309400.000,0,-,-,-,-,6488.8000,6488.0000,6487.4000,6487.2000,6486.8000,6495.2000,6496.6000,6497.4000,6499.4000,6501.8000,1,1,2,2,1,1,2,1,1,7
SF,IC2010,2020-09-07 09:33:22.400,6491.2000,6942,0,269309400.000,0,-,-,-,-,6489.0000,6488.8000,6487.2000,6486.8000,6485.0000,6493.8000,6494.6000,6495.0000,6496.6000,6497.4000,3,1,2,1,2,1,1,1,2,1
SF,IC2010,2020-09-07 09:33:22.900,6491.2000,6942,0,269309400.000,0,-,-,-,-,6489.6000,6489.0000,6488.8000,6487.2000,6486.8000,6493.8000,6496.6000,6497.4000,6499.4000,6501.8000,1,3,1,2,1,1,2,1,1,7
SF,IC2010,2020-09-07 09:33:23.400,6491.2000,6942,0,269309400.000,0,-,-,-,-,6489.8000,6489.0000,6488.8000,6487.2000,6486.8000,6496.0000,6496.6000,6497.4000,6499.4000,6501.8000,3,1,1,2,1,1,2,1,1,7
SF,IC2010,2020-09-07 09:33:23.900,6491.2000,6942,0,269309400.000,0,-,-,-,-,6490.0000,6489.8000,6488.8000,6487.2000,6486.8000,6495.8000,6497.4000,6499.4000,6501.8000,6504.0000,1,2,1,2,1,2,1,1,7,1
SF,IC2010,2020-09-07 09:33:24.400,6491.2000,6942,0,269309400.000,0,-,-,-,-,6490.2000,6490.0000,6489.8000,6487.2000,6485.0000,6495.8000,6497.4000,6499.4000,6501.8000,6504.0000,1,1,1,2,2,2,1,1,7,1
SF,IC2010,2020-09-07 09:33:24.900,6491.2000,6942,0,269309400.000,0,-,-,-,-,6490.2000,6490.0000,6489.8000,6485.0000,6484.4000,6492.8000,6493.0000,6494.4000,6495.2000,6495.6000,1,1,1,2,1,1,2,2,1,2
SF,IC2010,2020-09-07 09:33:25.400,6491.2000,6942,0,269309400.000,0,-,-,-,-,6490.0000,6485.0000,6484.4000,6482.0000,6478.6000,6492.6000,6494.4000,6495.0000,6495.6000,6497.4000,1,2,1,5,10,1,2,1,3,1
SF,IC2010,2020-09-07 09:33:25.900,6490.0000,6943,1,270607400.000,1,1,0,双开,S,6485.0000,6484.4000,6482.0000,6478.6000,6473.0000,6491.4000,6492.4000,6492.6000,6493.2000,6494.4000,2,1,5,10,5,1,1,1,1,2
SF,IC2010,2020-09-07 09:33:26.400,6490.0000,6943,0,270607400.000,0,-,-,-,-,6486.4000,6485.6000,6485.4000,6485.2000,6485.0000,6492.4000,6493.2000,6494.4000,6495.0000,6495.6000,1,1,3,2,2,1,1,2,1,2
SF,IC2010,2020-09-07 09:33:26.900,6490.0000,6943,0,270607400.000,0,-,-,-,-,6488.0000,6487.0000,6486.6000,6485.4000,6485.0000,6493.2000,6494.4000,6495.0000,6495.6000,6499.4000,1,1,3,3,2,1,2,1,2,1
SF,IC2010,2020-09-07 09:33:27.400,6490.0000,6943,0,270607400.000,0,-,-,-,-,6489.6000,6488.2000,6486.6000,6485.4000,6485.0000,6495.0000,6495.6000,6499.4000,6501.8000,6504.0000,1,2,1,2,2,1,1,1,7,1
SF,IC2010,2020-09-07 09:33:27.900,6490.0000,6943,0,270607400.000,0,-,-,-,-,6489.8000,6489.6000,6486.6000,6485.4000,6485.0000,6494.2000,6494.8000,6495.0000,6495.6000,6499.4000,2,1,1,2,2,1,1,1,1,1
SF,IC2010,2020-09-07 09:33:28.400,6490.0000,6943,0,270607400.000,0,-,-,-,-,6490.0000,6489.8000,6486.6000,6485.4000,6485.0000,6494.0000,6494.2000,6495.0000,6495.6000,6499.4000,1,1,1,1,2,1,1,1,1,1
SF,IC2010,2020-09-07 09:33:28.900,6490.0000,6943,0,270607400.000,0,-,-,-,-,6490.2000,6490.0000,6486.6000,6485.4000,6485.0000,6494.0000,6494.2000,6495.0000,6495.6000,6499.4000,1,1,1,1,2,1,1,1,1,1
SF,IC2010,2020-09-07 09:33:29.400,6490.0000,6943,0,270607400.000,0,-,-,-,-,6490.2000,6490.0000,6486.6000,6485.4000,6485.0000,6494.0000,6494.2000,6495.0000,6495.6000,6499.4000,1,1,1,1,2,1,1,1,1,1
SF,IC2010,2020-09-07 09:33:29.900,6490.0000,6943,0,270607400.000,0,-,-,-,-,6490.4000,6490.2000,6490.0000,6486.6000,6485.4000,6491.0000,6491.2000,6491.6000,6493.6000,6493.8000,1,1,1,1,1,1,2,1,1,2
SF,IC2010,2020-09-07 09:33:30.400,6490.0000,6941,-2,274501680.000,3,0,3,多平,S,6486.6000,6485.4000,6485.0000,6484.4000,6482.0000,6490.0000,6490.2000,6493.8000,6494.0000,6494.2000,1,1,2,1,5,1,1,1,1,1
SF,IC2010,2020-09-07 09:33:30.900,6490.0000,6941,0,274501680.000,0,-,-,-,-,6487.0000,6486.8000,6486.6000,6485.4000,6485.0000,6490.2000,6493.8000,6494.2000,6495.6000,6499.4000,1,2,1,1,2,1,1,1,1,1
SF,IC2010,2020-09-07 09:33:31.400,6490.0000,6941,0,274501680.000,0,-,-,-,-,6488.8000,6488.0000,6487.4000,6487.2000,6486.8000,6494.2000,6495.6000,6499.4000,6501.8000,6504.0000,2,1,1,1,1,1,1,1,7,1
SF,IC2010,2020-09-07 09:33:31.900,6490.0000,6941,0,274501680.000,0,-,-,-,-,6489.6000,6489.0000,6487.2000,6486.6000,6485.4000,6494.0000,6494.2000,6495.6000,6499.4000,6501.8000,1,1,1,1,1,1,1,1,1,7
SF,IC2010,2020-09-07 09:33:32.400,6490.0000,6941,0,274501680.000,0,-,-,-,-,6489.8000,6487.2000,6486.6000,6485.4000,6485.0000,6494.0000,6494.2000,6495.6000,6499.4000,6501.8000,2,1,1,1,2,1,1,1,1,7
SF,IC2010,2020-09-07 09:33:32.900,6490.0000,6941,0,274501680.000,0,-,-,-,-,6489.8000,6487.2000,6486.6000,6485.4000,6485.0000,6494.0000,6494.2000,6495.6000,6499.4000,6501.8000,1,1,1,1,2,1,1,1,1,7
SF,IC2010,2020-09-07 09:33:33.400,6490.0000,6941,0,274501680.000,0,-,-,-,-,6489.8000,6487.2000,6486.6000,6485.4000,6485.0000,6493.8000,6494.0000,6494.2000,6499.4000,6501.8000,1,1,1,1,2,1,1,1,1,7
SF,IC2010,2020-09-07 09:33:33.900,6490.0000,6941,0,274501680.000,0,-,-,-,-,6492.8000,6489.8000,6487.2000,6486.6000,6485.4000,6493.6000,6493.8000,6494.2000,6499.4000,6501.8000,5,1,1,1,1,1,1,1,1,7
SF,IC2010,2020-09-07 09:33:34.400,6492.8000,6942,1,282292880.000,6,3,3,空开,S,6489.8000,6487.2000,6485.4000,6485.0000,6484.4000,6492.8000,6493.2000,6493.6000,6493.8000,6494.2000,1,1,1,2,1,2,1,1,1,1
SF,IC2010,2020-09-07 09:33:34.900,6492.8000,6942,0,282292880.000,0,-,-,-,-,6490.0000,6489.8000,6487.2000,6485.0000,6484.4000,6492.8000,6493.8000,6494.2000,6499.4000,6501.8000,2,1,1,2,1,1,1,1,1,7
SF,IC2010,2020-09-07 09:33:35.400,6492.8000,6942,0,283591440.000,1,0,1,多换,S,6491.6000,6490.2000,6490.0000,6489.8000,6487.2000,6493.8000,6494.2000,6499.4000,6501.8000,6504.0000,1,1,1,1,1,1,1,1,7,1
SF,IC2010,2020-09-07 09:33:35.900,6494.2000,6942,0,286189040.000,2,1,1,多换,S,6492.8000,6490.0000,6489.8000,6487.2000,6485.0000,6499.4000,6501.8000,6504.0000,6510.2000,6512.8000,1,1,1,1,2,1,7,1,3,1
SF,IC2010,2020-09-07 09:33:36.400,6494.2000,6942,0,286189040.000,0,-,-,-,-,6493.8000,6493.0000,6492.8000,6490.0000,6487.2000,6496.0000,6498.0000,6499.2000,6499.4000,6504.0000,1,1,1,1,1,1,2,4,1,1
SF,IC2010,2020-09-07 09:33:36.900,6494.2000,6942,0,286189040.000,0,-,-,-,-,6493.8000,6493.0000,6492.8000,6490.0000,6487.2000,6495.8000,6498.0000,6499.2000,6499.4000,6504.0000,1,1,1,1,1,1,2,3,1,1
SF,IC2010,2020-09-07 09:33:37.400,6492.8000,6941,-1,288786360.000,2,0,2,多平,S,6490.0000,6487.2000,6485.0000,6484.4000,6482.0000,6492.6000,6493.4000,6493.8000,6494.2000,6494.4000,1,1,2,1,5,1,1,2,2,2
SF,IC2010,2020-09-07 09:33:37.900,6492.6000,6941,0,290084880.000,1,0,1,多换,S,6491.2000,6490.4000,6490.0000,6487.2000,6485.0000,6492.4000,6495.4000,6499.2000,6499.4000,6504.0000,2,1,1,1,2,1,1,3,1,1
SF,IC2010,2020-09-07 09:33:38.400,6490.0000,6941,0,291382880.000,1,0,1,多换,S,6487.2000,6485.0000,6484.4000,6482.0000,6478.6000,6491.0000,6491.2000,6491.4000,6492.4000,6504.0000,1,2,1,5,10,2,1,1,1,1
SF,IC2010,2020-09-07 09:33:38.900,6490.0000,6941,0,291382880.000,0,-,-,-,-,6487.4000,6487.2000,6485.0000,6484.4000,6482.0000,6491.0000,6491.2000,6504.0000,6507.6000,6512.8000,2,1,2,1,5,2,1,1,7,1
SF,IC2010,2020-09-07 09:33:39.400,6490.0000,6941,0,291382880.000,0,-,-,-,-,6487.4000,6487.2000,6485.0000,6484.4000,6482.0000,6491.0000,6491.2000,6504.0000,6507.6000,6512.8000,2,1,2,1,5,2,1,1,7,1
SF,IC2010,2020-09-07 09:33:39.900,6491.2000,6938,-3,295277520.000,3,0,3,双平,S,6491.2000,6490.0000,6489.4000,6488.0000,6487.8000,6497.2000,6504.0000,6507.6000,6512.8000,6514.0000,2,2,1,1,1,1,1,7,1,1
SF,IC2010,2020-09-07 09:33:40.400,6496.2000,6937,-1,297876000.000,2,0,2,多平,S,6496.2000,6491.4000,6488.0000,6487.4000,6487.2000,6496.6000,6497.0000,6497.2000,6504.0000,6507.6000,2,2,1,1,1,1,3,1,1,7
SF,IC2010,2020-09-07 09:33:40.900,6497.0000,6936,-1,303073200.000,4,1,3,多平,S,6491.4000,6488.0000,6487.4000,6487.2000,6485.0000,6496.2000,6504.0000,6507.6000,6512.8000,6514.0000,2,1,1,1,2,5,1,7,1,1
SF,IC2010,2020-09-07 09:33:41.400,6497.0000,6936,0,303073200.000,0,-,-,-,-,6492.6000,6491.8000,6491.6000,6491.4000,6487.2000,6504.0000,6507.6000,6512.8000,6514.0000,6515.0000,2,1,1,2,1,1,7,1,1,1
SF,IC2010,2020-09-07 09:33:41.900,6497.0000,6936,0,303073200.000,0,-,-,-,-,6492.8000,6492.6000,6491.4000,6487.2000,6485.0000,6496.4000,6497.2000,6497.8000,6503.8000,6504.0000,2,2,1,1,2,1,1,1,3,1
SF,IC2010,2020-09-07 09:33:42.400,6497.0000,6936,0,303073200.000,0,-,-,-,-,6493.2000,6492.8000,6492.6000,6491.4000,6487.2000,6501.8000,6503.8000,6504.0000,6505.8000,6507.6000,1,2,2,1,1,1,3,1,1,7
SF,IC2010,2020-09-07 09:33:42.900,6497.0000,6936,0,303073200.000,0,-,-,-,-,6493.4000,6492.6000,6487.2000,6485.0000,6484.4000,6498.4000,6501.6000,6501.8000,6503.8000,6504.0000,1,2,1,2,1,1,4,1,2,1
SF,IC2010,2020-09-07 09:33:43.400,6497.0000,6936,0,303073200.000,0,-,-,-,-,6494.4000,6493.6000,6493.4000,6487.2000,6485.0000,6498.2000,6498.4000,6499.6000,6501.6000,6501.8000,2,1,1,1,2,1,1,1,3,1
SF,IC2010,2020-09-07 09:33:43.900,6494.6000,6935,-1,305671040.000,2,0,2,多平,S,6494.4000,6487.2000,6485.0000,6484.4000,6482.0000,6498.2000,6499.6000,6501.6000,6501.8000,6503.0000,2,1,2,1,5,1,1,2,1,1
SF,IC2010,2020-09-07 09:33:44.400,6494.6000,6935,0,305671040.000,0,-,-,-,-,6494.6000,6487.2000,6485.0000,6484.4000,6482.0000,6496.2000,6498.0000,6498.2000,6499.6000,6501.6000,1,1,2,1,5,1,1,1,1,2
SF,IC2010,2020-09-07 09:33:44.900,6494.6000,6935,0,305671040.000,0,-,-,-,-,6487.2000,6485.0000,6484.4000,6482.0000,6478.6000,6498.2000,6499.6000,6501.6000,6501.8000,6503.0000,1,2,1,5,10,1,1,2,1,1
SF,IC2010,2020-09-07 09:33:45.400,6494.6000,6935,0,305671040.000,0,-,-,-,-,6494.4000,6493.6000,6492.6000,6491.2000,6488.8000,6501.6000,6501.8000,6503.0000,6503.8000,6504.0000,2,1,1,1,1,2,1,1,2,1
SF,IC2010,2020-09-07 09:33:45.900,6494.6000,6935,0,305671040.000,0,-,-,-,-,6496.2000,6494.6000,6487.2000,6485.0000,6484.4000,6501.4000,6501.6000,6501.8000,6503.0000,6503.8000,2,3,1,2,1,1,2,1,1,2
SF,IC2010,2020-09-07 09:33:46.400,6494.6000,6935,0,305671040.000,0,-,-,-,-,6496.4000,6496.2000,6494.6000,6492.0000,6490.2000,6500.4000,6501.4000,6501.6000,6501.8000,6503.8000,2,2,2,1,10,1,1,2,1,2
SF,IC2010,2020-09-07 09:33:46.900,6494.6000,6935,0,305671040.000,0,-,-,-,-,6496.4000,6494.6000,6492.0000,6490.2000,6485.2000,6498.0000,6500.2000,6500.4000,6501.6000,6503.8000,1,1,1,10,3,1,3,1,2,2
SF,IC2010,2020-09-07 09:33:47.400,6494.6000,6935,0,305671040.000,0,-,-,-,-,6494.6000,6492.0000,6490.2000,6489.6000,6485.2000,6496.4000,6497.8000,6500.2000,6500.4000,6501.6000,1,1,10,1,3,2,1,2,1,2
SF,IC2010,2020-09-07 09:33:47.900,6494.6000,6935,0,306969960.000,1,0,1,多换,S,6492.0000,6489.6000,6485.2000,6485.0000,6484.4000,6494.4000,6494.6000,6500.2000,6500.4000,6501.6000,1,1,3,2,10,2,1,3,1,2
SF,IC2010,2020-09-07 09:33:48.400,6492.6000,6936,1,308268480.000,1,1,0,双开,S,6492.6000,6492.2000,6489.6000,6485.2000,6485.0000,6494.4000,6500.2000,6501.6000,6503.8000,6504.0000,1,1,1,3,2,2,2,2,2,1
SF,IC2010,2020-09-07 09:33:48.900,6492.6000,6936,0,308268480.000,0,-,-,-,-,6492.8000,6492.6000,6492.2000,6489.6000,6485.2000,6494.4000,6500.2000,6501.6000,6503.8000,6504.0000,2,1,1,1,3,2,2,2,2,1
SF,IC2010,2020-09-07 09:33:49.400,6494.4000,6934,-2,310866240.000,2,0,2,双平,S,6493.0000,6492.8000,6492.6000,6489.6000,6485.2000,6500.2000,6501.6000,6503.8000,6504.0000,6504.6000,1,1,1,1,3,2,2,2,1,1
SF,IC2010,2020-09-07 09:33:49.900,6494.4000,6934,0,310866240.000,0,-,-,-,-,6493.2000,6493.0000,6492.8000,6492.6000,6489.6000,6496.6000,6497.4000,6499.8000,6500.0000,6500.2000,1,1,1,1,1,1,1,1,2,2
SF,IC2010,2020-09-07 09:33:50.400,6494.4000,6932,-2,313464440.000,2,0,2,双平,S,6493.6000,6493.4000,6493.2000,6492.8000,6489.6000,6496.4000,6497.4000,6499.8000,6500.0000,6500.2000,1,1,1,1,1,1,1,1,1,2
SF,IC2010,2020-09-07 09:33:50.900,6494.4000,6932,0,313464440.000,0,-,-,-,-,6493.8000,6493.6000,6493.2000,6492.8000,6489.6000,6497.4000,6499.8000,6500.2000,6501.6000,6503.8000,1,1,1,1,1,1,1,2,2,2
SF,IC2010,2020-09-07 09:33:51.400,6494.4000,6932,0,313464440.000,0,-,-,-,-,6493.8000,6493.6000,6493.2000,6492.8000,6489.6000,6497.2000,6499.8000,6500.2000,6501.6000,6503.8000,1,1,1,1,1,1,1,2,2,2
SF,IC2010,2020-09-07 09:33:51.900,6494.4000,6932,0,313464440.000,0,-,-,-,-,6493.8000,6493.6000,6493.2000,6492.8000,6489.6000,6497.2000,6499.8000,6500.2000,6501.6000,6503.8000,1,1,1,1,1,1,1,2,2,2
SF,IC2010,2020-09-07 09:33:52.400,6494.4000,6932,0,313464440.000,0,-,-,-,-,6493.6000,6493.2000,6489.6000,6485.2000,6485.0000,6497.0000,6497.2000,6499.8000,6500.2000,6501.6000,1,1,1,3,2,1,1,1,2,2
SF,IC2010,2020-09-07 09:33:52.900,6493.6000,6931,-1,314763160.000,1,0,1,双平,S,6489.6000,6485.2000,6485.0000,6484.4000,6482.0000,6496.8000,6497.0000,6500.2000,6501.6000,6503.8000,1,3,2,10,5,2,1,2,2,2
SF,IC2010,2020-09-07 09:33:53.400,6493.6000,6931,0,314763160.000,0,-,-,-,-,6491.2000,6489.8000,6489.6000,6485.2000,6485.0000,6496.6000,6496.8000,6497.2000,6498.6000,6500.2000,1,1,1,3,2,1,2,1,1,1
SF,IC2010,2020-09-07 09:33:53.900,6493.6000,6931,0,314763160.000,0,-,-,-,-,6492.8000,6491.4000,6489.6000,6485.2000,6485.0000,6496.2000,6496.4000,6496.6000,6496.8000,6497.2000,1,1,1,3,2,2,2,1,1,1
SF,IC2010,2020-09-07 09:33:54.400,6493.6000,6931,0,314763160.000,0,-,-,-,-,6491.4000,6489.6000,6485.2000,6485.0000,6484.4000,6496.0000,6496.8000,6497.2000,6498.6000,6500.2000,1,1,3,2,10,2,1,1,1,1
SF,IC2010,2020-09-07 09:33:54.900,6493.6000,6931,0,314763160.000,0,-,-,-,-,6492.8000,6491.6000,6491.4000,6489.6000,6485.2000,6496.0000,6497.2000,6498.6000,6500.2000,6501.6000,1,1,1,1,3,2,1,1,1,2
SF,IC2010,2020-09-07 09:33:55.400,6493.6000,6931,0,314763160.000,0,-,-,-,-,6491.6000,6491.4000,6489.6000,6485.2000,6485.0000,6496.0000,6497.2000,6498.6000,6500.2000,6501.6000,1,1,1,3,2,2,1,1,1,2
SF,IC2010,2020-09-07 09:33:55.900,6493.6000,6931,0,314763160.000,0,-,-,-,-,6492.8000,6491.8000,6491.6000,6489.6000,6485.2000,6496.0000,6497.2000,6498.6000,6500.2000,6501.6000,1,1,1,1,3,1,1,1,1,2
SF,IC2010,2020-09-07 09:33:56.400,6495.8000,6930,-1,316062320.000,1,0,1,双平,S,6485.2000,6485.0000,6484.4000,6482.0000,6473.0000,6496.0000,6497.2000,6498.6000,6500.2000,6501.6000,3,2,10,5,5,1,1,1,1,2
SF,IC2010,2020-09-07 09:33:56.900,6495.8000,6930,0,316062320.000,0,-,-,-,-,6492.2000,6492.0000,6491.0000,6490.6000,6488.2000,6496.0000,6497.2000,6498.6000,6500.2000,6501.6000,1,1,2,1,1,1,1,1,1,2
SF,IC2010,2020-09-07 09:33:57.400,6495.8000,6930,0,316062320.000,0,-,-,-,-,6492.4000,6485.4000,6485.2000,6485.0000,6484.4000,6496.0000,6497.2000,6498.6000,6500.2000,6501.6000,1,1,3,2,10,1,1,1,1,2
SF,IC2010,2020-09-07 09:33:57.900,6495.8000,6930,0,316062320.000,0,-,-,-,-,6492.4000,6485.2000,6485.0000,6484.4000,6482.0000,6495.8000,6496.0000,6497.2000,6498.6000,6500.2000,1,3,2,10,5,1,1,1,1,1
SF,IC2010,2020-09-07 09:33:58.400,6495.8000,6930,0,316062320.000,0,-,-,-,-,6492.4000,6485.2000,6485.0000,6484.4000,6482.0000,6495.6000,6495.8000,6497.2000,6498.6000,6500.2000,1,3,2,10,5,2,1,1,1,1
SF,IC2010,2020-09-07 09:33:58.900,6495.8000,6930,0,316062320.000,0,-,-,-,-,6492.4000,6485.2000,6485.0000,6484.4000,6482.0000,6495.4000,6495.6000,6497.2000,6500.2000,6501.6000,1,3,2,10,5,1,2,1,1,2
SF,IC2010,2020-09-07 09:33:59.400,6495.8000,6930,0,316062320.000,0,-,-,-,-,6494.0000,6493.8000,6492.4000,6485.2000,6485.0000,6495.4000,6495.6000,6497.2000,6500.2000,6501.6000,1,1,1,3,2,1,1,1,1,2
SF,IC2010,2020-09-07 09:33:59.900,6495.4000,6929,-1,317361400.000,1,0,1,双平,S,6495.4000,6494.2000,6485.2000,6485.0000,6484.4000,6497.2000,6500.2000,6501.6000,6503.8000,6504.0000,1,1,3,2,10,1,1,2,2,1
SF,IC2010,2020-09-07 09:34:00.400,6495.4000,6929,0,317361400.000,0,-,-,-,-,6495.4000,6494.2000,6485.2000,6485.0000,6484.4000,6500.2000,6501.6000,6503.8000,6504.0000,6505.8000,1,1,4,2,10,1,2,2,1,1
SF,IC2010,2020-09-07 09:34:00.900,6495.4000,6929,0,317361400.000,0,-,-,-,-,6495.6000,6495.4000,6485.2000,6485.0000,6484.4000,6498.8000,6499.8000,6500.0000,6500.2000,6501.6000,2,1,4,2,10,1,2,2,1,2
SF,IC2010,2020-09-07 09:34:01.400,6495.4000,6929,0,317361400.000,0,-,-,-,-,6495.6000,6495.4000,6485.2000,6485.0000,6484.4000,6498.2000,6498.6000,6498.8000,6499.8000,6500.0000,2,1,4,2,10,1,1,1,2,1
SF,IC2010,2020-09-07 09:34:01.900,6495.4000,6929,0,317361400.000,0,-,-,-,-,6495.4000,6485.2000,6485.0000,6484.4000,6482.0000,6498.0000,6498.2000,6498.8000,6499.8000,6500.0000,1,4,2,10,5,2,1,1,2,1
SF,IC2010,2020-09-07 09:34:02.400,6495.4000,6929,0,317361400.000,0,-,-,-,-,6485.2000,6485.0000,6484.4000,6482.0000,6473.0000,6498.0000,6498.2000,6498.8000,6499.8000,6504.0000,4,2,10,5,5,2,1,1,2,1
SF,IC2010,2020-09-07 09:34:02.900,6495.4000,6929,0,317361400.000,0,-,-,-,-,6495.0000,6494.8000,6493.8000,6493.4000,6492.8000,6498.0000,6498.2000,6498.8000,6499.8000,6504.0000,1,1,2,1,1,2,1,1,2,1
SF,IC2010,2020-09-07 09:34:03.400,6495.4000,6929,0,317361400.000,0,-,-,-,-,6492.0000,6490.8000,6489.8000,6485.4000,6485.2000,6497.0000,6498.0000,6498.8000,6499.8000,6504.0000,1,2,1,2,4,1,2,1,2,1
SF,IC2010,2020-09-07 09:34:03.900,6495.4000,6929,0,317361400.000,0,-,-,-,-,6492.6000,6492.2000,6492.0000,6490.8000,6489.8000,6496.8000,6497.0000,6498.0000,6498.8000,6499.8000,2,2,1,1,1,1,1,1,1,2
SF,IC2010,2020-09-07 09:34:04.400,6495.4000,6929,0,317361400.000,0,-,-,-,-,6495.0000,6494.8000,6492.8000,6492.6000,6492.0000,6496.8000,6497.0000,6498.0000,6498.8000,6499.8000,1,1,2,1,1,1,1,1,1,2
SF,IC2010,2020-09-07 09:34:04.900,6495.4000,6929,0,317361400.000,0,-,-,-,-,6492.8000,6492.0000,6490.8000,6489.8000,6485.2000,6496.2000,6496.8000,6498.0000,6498.8000,6499.8000,2,1,1,1,4,1,1,1,1,2
SF,IC2010,2020-09-07 09:34:05.400,6495.4000,6929,0,317361400.000,0,-,-,-,-,6493.2000,6492.8000,6492.0000,6489.8000,6485.2000,6496.2000,6496.8000,6498.8000,6499.8000,6504.0000,1,2,1,1,4,1,1,1,2,1
SF,IC2010,2020-09-07 09:34:05.900,6496.2000,6928,-1,318660640.000,1,0,1,双平,S,6496.4000,6496.2000,6495.2000,6494.8000,6493.6000,6498.8000,6504.0000,6505.8000,6507.6000,6512.8000,1,2,2,1,1,1,1,1,7,1
SF,IC2010,2020-09-07 09:34:06.400,6496.2000,6928,0,318660640.000,0,-,-,-,-,6496.2000,6492.8000,6492.0000,6489.8000,6485.2000,6498.6000,6498.8000,6504.0000,6505.8000,6507.6000,1,1,2,1,4,1,1,1,1,7
SF,IC2010,2020-09-07 09:34:06.900,6496.2000,6928,0,318660640.000,0,-,-,-,-,6496.2000,6493.0000,6492.8000,6492.0000,6489.8000,6498.4000,6498.6000,6498.8000,6504.0000,6505.8000,1,1,1,2,1,1,1,1,1,1
SF,IC2010,2020-09-07 09:34:07.400,6496.2000,6928,0,318660640.000,0,-,-,-,-,6496.2000,6492.8000,6492.0000,6489.8000,6485.2000,6498.2000,6498.4000,6498.8000,6504.0000,6505.8000,1,1,2,1,4,1,1,1,1,1
SF,IC2010,2020-09-07 09:34:07.900,6496.2000,6928,0,318660640.000,0,-,-,-,-,6496.2000,6492.8000,6492.0000,6489.8000,6485.2000,6498.4000,6498.8000,6504.0000,6505.8000,6507.6000,1,1,2,1,4,1,1,1,1,7
SF,IC2010,2020-09-07 09:34:08.400,6498.8000,6928,0,319960400.000,1,0,1,多换,S,6498.4000,6498.2000,6498.0000,6497.2000,6496.4000,6504.0000,6505.8000,6507.6000,6512.8000,6515.0000,1,1,1,1,2,1,1,7,1,1
SF,IC2010,2020-09-07 09:34:08.900,6498.8000,6928,0,319960400.000,0,-,-,-,-,6498.6000,6498.4000,6496.4000,6496.2000,6495.0000,6503.4000,6503.8000,6504.0000,6505.8000,6507.6000,2,1,1,1,1,3,2,1,1,7
SF,IC2010,2020-09-07 09:34:09.400,6498.8000,6928,0,319960400.000,0,-,-,-,-,6498.8000,6498.6000,6498.4000,6496.4000,6496.2000,6503.0000,6503.2000,6503.4000,6503.8000,6504.0000,1,2,1,1,1,1,2,2,1,1
SF,IC2010,2020-09-07 09:34:09.900,6498.8000,6927,-1,321260160.000,1,0,1,双平,S,6498.8000,6498.6000,6498.4000,6496.4000,6496.2000,6502.8000,6503.0000,6504.0000,6505.8000,6512.8000,1,1,1,1,1,2,1,1,1,1
SF,IC2010,2020-09-07 09:34:10.400,6498.8000,6927,0,321260160.000,0,-,-,-,-,6498.8000,6498.6000,6498.4000,6496.4000,6496.2000,6502.8000,6504.0000,6505.8000,6512.8000,6513.4000,1,1,1,1,1,2,1,1,1,7
SF,IC2010,2020-09-07 09:34:12.900,6498.8000,6927,0,321260160.000,0,-,-,-,-,6498.8000,6498.6000,6498.4000,6496.4000,6496.2000,6502.8000,6504.0000,6505.8000,6512.8000,6513.4000,1,1,1,1,1,2,1,1,1,7
SF,IC2010,2020-09-07 09:34:13.400,6502.8000,6927,0,322560720.000,1,0,1,多换,S,6502.0000,6501.8000,6501.0000,6500.8000,6499.2000,6504.0000,6505.8000,6512.8000,6513.4000,6515.0000,1,1,1,1,1,1,1,1,7,1
SF,IC2010,2020-09-07 09:34:13.900,6502.8000,6927,0,322560720.000,0,-,-,-,-,6499.0000,6498.8000,6496.4000,6496.2000,6496.0000,6504.0000,6505.8000,6512.8000,6513.4000,6515.0000,2,1,1,1,10,1,1,1,7,1
SF,IC2010,2020-09-07 09:34:14.400,6502.8000,6927,0,322560720.000,0,-,-,-,-,6499.2000,6499.0000,6496.4000,6496.2000,6496.0000,6504.0000,6505.8000,6512.8000,6513.4000,6515.0000,2,1,1,1,10,1,1,1,7,1
SF,IC2010,2020-09-07 09:34:14.900,6502.8000,6927,0,322560720.000,0,-,-,-,-,6501.8000,6501.6000,6499.2000,6496.4000,6496.2000,6503.8000,6504.0000,6505.8000,6512.8000,6513.4000,1,1,2,1,1,1,1,1,1,7
SF,IC2010,2020-09-07 09:34:15.400,6502.8000,6927,0,322560720.000,0,-,-,-,-,6499.2000,6496.4000,6496.2000,6496.0000,6495.0000,6504.0000,6505.8000,6512.8000,6513.4000,6515.0000,2,1,1,10,1,1,1,1,7,1
SF,IC2010,2020-09-07 09:34:15.900,6502.8000,6927,0,322560720.000,0,-,-,-,-,6499.8000,6499.2000,6496.4000,6496.2000,6496.0000,6503.8000,6504.0000,6505.8000,6512.8000,6513.4000,1,2,1,1,10,1,1,1,1,7
SF,IC2010,2020-09-07 09:34:16.400,6503.8000,6927,0,323861480.000,1,0,1,多换,S,6502.8000,6502.6000,6501.8000,6500.2000,6500.0000,6504.0000,6505.8000,6512.8000,6513.4000,6515.0000,1,1,1,1,2,1,1,1,7,1
SF,IC2010,2020-09-07 09:34:16.900,6502.8000,6926,-1,325162040.000,1,0,1,双平,S,6500.0000,6499.8000,6499.6000,6499.2000,6496.2000,6504.0000,6505.8000,6512.8000,6513.4000,6515.0000,2,1,1,1,1,1,1,1,7,1
SF,IC2010,2020-09-07 09:34:17.400,6502.8000,6926,0,325162040.000,0,-,-,-,-,6500.2000,6500.0000,6499.8000,6499.6000,6499.2000,6504.0000,6505.8000,6512.8000,6513.4000,6515.0000,1,2,1,1,1,1,1,1,7,1
SF,IC2010,2020-09-07 09:34:17.900,6502.8000,6926,0,325162040.000,0,-,-,-,-,6502.2000,6500.4000,6500.2000,6499.8000,6499.2000,6504.0000,6505.8000,6512.8000,6513.4000,6515.0000,1,2,1,1,1,1,1,1,7,1
SF,IC2010,2020-09-07 09:34:18.400,6502.2000,6925,-1,326462480.000,1,0,1,双平,S,6500.4000,6499.2000,6496.2000,6496.0000,6495.0000,6502.8000,6503.8000,6504.0000,6505.8000,6512.8000,2,1,1,10,1,1,1,1,1,1
SF,IC2010,2020-09-07 09:34:18.900,6502.2000,6925,0,326462480.000,0,-,-,-,-,6500.4000,6499.2000,6496.2000,6496.0000,6485.2000,6502.8000,6504.0000,6505.8000,6512.8000,6513.4000,1,1,1,10,4,1,1,1,1,7
SF,IC2010,2020-09-07 09:34:20.400,6500.4000,6924,-1,327762560.000,1,0,1,双平,S,6499.2000,6496.2000,6496.0000,6485.2000,6485.0000,6502.8000,6504.0000,6505.8000,6512.8000,6513.4000,1,1,10,4,2,1,1,1,1,7
SF,IC2010,2020-09-07 09:34:20.900,6500.4000,6924,0,327762560.000,0,-,-,-,-,6499.4000,6496.2000,6496.0000,6485.2000,6485.0000,6502.6000,6502.8000,6504.0000,6505.8000,6512.8000,1,1,10,4,2,1,1,1,1,1
SF,IC2010,2020-09-07 09:34:21.400,6499.4000,6923,-1,329062440.000,1,0,1,双平,S,6496.2000,6490.2000,6485.2000,6485.0000,6482.0000,6502.4000,6502.6000,6502.8000,6504.0000,6505.8000,1,10,4,2,5,1,1,1,1,1
SF,IC2010,2020-09-07 09:34:21.900,6499.4000,6923,0,329062440.000,0,-,-,-,-,6497.4000,6496.4000,6496.2000,6490.2000,6485.2000,6502.2000,6502.4000,6502.8000,6504.0000,6505.8000,1,1,3,10,4,2,1,1,1,1
SF,IC2010,2020-09-07 09:34:22.400,6497.4000,6923,0,330361920.000,1,0,1,多换,S,6496.4000,6496.2000,6490.2000,6485.2000,6485.0000,6502.2000,6502.8000,6504.0000,6505.8000,6512.8000,1,1,10,4,2,2,1,1,1,1
SF,IC2010,2020-09-07 09:34:22.900,6502.0000,6923,0,332961600.000,2,1,1,多换,S,6490.2000,6485.2000,6485.0000,6482.0000,6473.0000,6502.2000,6502.8000,6503.6000,6504.0000,6505.8000,10,4,2,5,5,2,1,1,1,1
SF,IC2010,2020-09-07 09:34:23.400,6502.0000,6923,0,332961600.000,0,-,-,-,-,6498.0000,6497.8000,6497.4000,6496.8000,6496.4000,6502.2000,6502.8000,6503.6000,6504.0000,6505.8000,1,1,1,1,1,2,1,1,1,1
SF,IC2010,2020-09-07 09:34:23.900,6502.0000,6923,0,332961600.000,0,-,-,-,-,6490.4000,6490.2000,6485.2000,6485.0000,6482.0000,6502.2000,6502.8000,6503.6000,6504.0000,6505.8000,1,10,4,2,5,1,1,1,1,1
SF,IC2010,2020-09-07 09:34:24.400,6502.0000,6923,0,334262000.000,1,0,1,多换,S,6494.4000,6492.2000,6491.4000,6490.6000,6490.4000,6502.8000,6503.6000,6504.0000,6505.8000,6512.8000,2,1,1,2,1,1,1,1,1,1
SF,IC2010,2020-09-07 09:34:24.900,6502.0000,6923,0,334262000.000,0,-,-,-,-,6494.6000,6494.4000,6491.4000,6490.6000,6490.2000,6502.6000,6502.8000,6503.6000,6504.0000,6505.8000,2,2,1,1,10,1,1,1,1,1
SF,IC2010,2020-09-07 09:34:25.400,6502.0000,6923,0,334262000.000,0,-,-,-,-,6495.2000,6494.6000,6494.4000,6491.4000,6490.2000,6502.6000,6502.8000,6503.6000,6504.0000,6505.8000,1,2,2,1,10,1,1,1,1,1
SF,IC2010,2020-09-07 09:34:25.900,6502.0000,6923,0,334262000.000,0,-,-,-,-,6498.8000,6496.2000,6495.4000,6495.2000,6491.4000,6502.6000,6502.8000,6503.6000,6504.0000,6505.8000,1,2,2,1,1,1,1,1,1,1
SF,IC2010,2020-09-07 09:34:26.400,6499.0000,6922,-1,335561800.000,1,0,1,双平,S,6497.0000,6495.2000,6491.4000,6490.2000,6485.2000,6502.2000,6502.4000,6502.6000,6502.8000,6503.6000,1,1,1,10,4,1,1,1,1,1
SF,IC2010,2020-09-07 09:34:26.900,6497.0000,6923,1,336861200.000,1,1,0,双开,S,6495.2000,6491.4000,6490.2000,6485.2000,6485.0000,6501.6000,6502.0000,6502.8000,6503.6000,6504.0000,1,1,10,4,2,1,3,1,1,1
SF,IC2010,2020-09-07 09:34:27.400,6497.0000,6923,0,336861200.000,0,-,-,-,-,6495.4000,6495.2000,6490.2000,6485.2000,6485.0000,6499.2000,6501.0000,6501.4000,6501.6000,6502.0000,1,1,10,4,2,1,1,2,2,1
SF,IC2010,2020-09-07 09:34:27.900,6497.0000,6923,0,336861200.000,0,-,-,-,-,6490.2000,6485.2000,6485.0000,6466.6000,6466.0000,6499.0000,6499.4000,6501.2000,6501.6000,6502.0000,10,4,2,1,5,2,1,1,2,1
SF,IC2010,2020-09-07 09:34:28.400,6497.0000,6923,0,336861200.000,0,-,-,-,-,6498.4000,6492.6000,6490.4000,6490.2000,6485.2000,6499.0000,6499.4000,6501.2000,6502.0000,6502.8000,1,2,1,10,4,2,1,1,1,1
SF,IC2010,2020-09-07 09:34:28.900,6498.4000,6923,0,338160880.000,1,0,1,多换,S,6485.2000,6485.0000,6484.4000,6466.6000,6466.0000,6498.0000,6498.4000,6498.8000,6499.4000,6501.2000,4,2,10,1,5,1,2,1,1,1
SF,IC2010,2020-09-07 09:34:29.400,6498.4000,6923,0,338160880.000,0,-,-,-,-,6493.6000,6493.4000,6493.0000,6492.0000,6490.8000,6497.8000,6498.8000,6499.4000,6501.2000,6502.0000,1,1,1,1,3,2,1,1,1,1
SF,IC2010,2020-09-07 09:34:29.900,6498.4000,6923,0,338160880.000,0,-,-,-,-,6490.8000,6489.8000,6485.4000,6485.2000,6485.0000,6497.6000,6497.8000,6499.4000,6501.2000,6502.8000,2,1,1,4,2,1,2,1,1,1
SF,IC2010,2020-09-07 09:34:30.400,6498.4000,6923,0,338160880.000,0,-,-,-,-,6491.0000,6490.8000,6489.8000,6485.2000,6485.0000,6497.4000,6497.6000,6499.4000,6501.2000,6502.8000,1,2,1,4,2,2,1,1,1,1
SF,IC2010,2020-09-07 09:34:30.900,6498.4000,6923,0,338160880.000,0,-,-,-,-,6491.0000,6490.8000,6489.8000,6485.2000,6485.0000,6497.4000,6499.4000,6501.0000,6501.2000,6502.8000,1,2,1,4,2,2,1,1,1,1
SF,IC2010,2020-09-07 09:34:31.400,6498.4000,6923,0,338160880.000,0,-,-,-,-,6491.6000,6491.0000,6490.8000,6490.2000,6489.8000,6497.2000,6497.4000,6499.4000,6501.0000,6501.2000,1,1,2,1,1,1,2,1,1,1
SF,IC2010,2020-09-07 09:34:31.900,6498.4000,6923,0,338160880.000,0,-,-,-,-,6491.6000,6490.2000,6485.2000,6485.0000,6484.4000,6496.0000,6496.6000,6497.0000,6497.2000,6499.4000,1,1,4,2,10,1,1,2,1,1
