市场代码,合约代码,时间,最新,持仓,增仓,成交额,成交量,开仓,平仓,成交类型,方向,买一价,买二价,买三价,买四价,买五价,卖一价,卖二价,卖三价,卖四价,卖五价,买一量,买二量,买三量,买四量,买五量,卖一量,卖二量,卖三量,卖四量,卖五量
SF,IC2008,2020-07-03 09:29:00.100,5903.6000,5914,0,7084320.000,6.000,-,-,-,-,5903.4000,5902.2000,5899.0000,5895.8000,5895.6000,5911.0000,5918.8000,5930.0000,5947.2000,5949.0000,3,1,3,1,3,1,1,1,1,1
SF,IC2008,2020-07-03 09:30:00.100,5918.8000,5913,-1,9450280.000,2,0,2,多平,S,5915.0000,5913.6000,5913.0000,5912.0000,5911.6000,5930.0000,5947.2000,5949.0000,5949.2000,5952.4000,1,1,1,2,6,1,1,1,1,1
SF,IC2008,2020-07-03 09:30:00.600,5918.8000,5913,0,9450280.000,0,-,-,-,-,5916.0000,5915.2000,5915.0000,5913.0000,5912.2000,5922.2000,5923.2000,5924.8000,5926.2000,5926.8000,2,3,1,1,1,1,1,1,1,2
SF,IC2008,2020-07-03 09:30:01.100,5918.8000,5913,0,9450280.000,0,-,-,-,-,5918.2000,5916.6000,5916.2000,5916.0000,5915.0000,5926.2000,5926.8000,5927.4000,5928.0000,5929.2000,1,1,3,2,1,1,2,1,1,1
SF,IC2008,2020-07-03 09:30:01.600,5918.4000,5911,-2,11817720.000,2,0,2,双平,S,5918.2000,5916.6000,5916.0000,5915.0000,5912.0000,5926.2000,5926.8000,5927.4000,5928.0000,5929.2000,1,1,2,1,2,1,2,1,1,1
SF,IC2008,2020-07-03 09:30:02.100,5918.4000,5911,0,11817720.000,0,-,-,-,-,5918.2000,5916.0000,5915.0000,5912.0000,5911.6000,5924.8000,5925.8000,5926.0000,5926.2000,5926.8000,1,2,1,2,5,1,1,2,1,2
SF,IC2008,2020-07-03 09:30:02.600,5918.4000,5911,0,11817720.000,0,-,-,-,-,5918.4000,5918.2000,5916.0000,5915.0000,5912.0000,5924.6000,5924.8000,5925.8000,5926.0000,5926.2000,2,1,2,1,2,1,1,1,1,1
SF,IC2008,2020-07-03 09:30:03.100,5918.4000,5911,0,11817720.000,0,-,-,-,-,5918.4000,5918.2000,5916.0000,5915.0000,5912.0000,5924.4000,5924.6000,5924.8000,5925.8000,5926.0000,2,1,2,1,2,1,1,1,1,1
SF,IC2008,2020-07-03 09:30:03.600,5918.4000,5910,-1,13001400.000,1,0,1,双平,S,5918.2000,5916.0000,5915.0000,5912.0000,5911.6000,5918.4000,5924.2000,5924.4000,5924.8000,5925.8000,1,2,1,2,5,1,1,1,1,1
SF,IC2008,2020-07-03 09:30:04.100,5926.2000,5910,0,18923640.000,5,2,3,多换,S,5916.0000,5915.0000,5912.0000,5911.6000,5911.4000,5926.8000,5927.4000,5928.0000,5929.2000,5930.0000,2,1,2,5,4,2,1,1,1,2
SF,IC2008,2020-07-03 09:30:04.600,5926.2000,5910,0,18923640.000,0,-,-,-,-,5918.4000,5916.4000,5916.0000,5915.0000,5912.0000,5923.8000,5926.4000,5926.6000,5926.8000,5927.4000,1,1,1,1,2,1,3,2,3,1
SF,IC2008,2020-07-03 09:30:05.100,5926.2000,5910,0,18923640.000,0,-,-,-,-,5918.6000,5916.4000,5916.0000,5915.0000,5912.0000,5921.6000,5923.6000,5923.8000,5926.4000,5926.8000,1,1,1,1,2,1,1,1,3,3
SF,IC2008,2020-07-03 09:30:05.600,5921.8000,5908,-2,21292360.000,2,0,2,双平,S,5916.4000,5916.0000,5915.0000,5912.0000,5911.6000,5918.6000,5926.4000,5926.8000,5927.4000,5928.0000,1,1,1,2,5,2,3,3,1,1
SF,IC2008,2020-07-03 09:30:06.100,5918.6000,5905,-3,24843520.000,3,0,3,双平,S,5923.8000,5919.2000,5918.6000,5918.2000,5917.0000,5926.4000,5926.8000,5927.4000,5928.0000,5930.0000,1,1,1,1,1,3,3,1,1,1
SF,IC2008,2020-07-03 09:30:06.600,5923.8000,5903,-2,28397440.000,3,0,3,多平,S,5919.2000,5918.6000,5918.2000,5917.0000,5916.6000,5924.4000,5926.2000,5926.4000,5926.8000,5927.4000,1,1,1,1,1,1,2,3,2,1
SF,IC2008,2020-07-03 09:30:07.100,5923.8000,5903,0,28397440.000,0,-,-,-,-,5919.4000,5919.2000,5918.6000,5918.2000,5917.0000,5926.2000,5926.4000,5926.8000,5927.4000,5928.0000,1,1,1,1,1,2,3,2,1,1
SF,IC2008,2020-07-03 09:30:07.600,5919.4000,5902,-1,29581320.000,1,0,1,双平,S,5919.2000,5918.6000,5918.2000,5917.0000,5916.6000,5919.4000,5926.0000,5926.2000,5926.4000,5926.8000,1,2,1,1,1,1,1,2,1,2
SF,IC2008,2020-07-03 09:30:08.100,5919.4000,5901,-1,30765200.000,1,0,1,双平,S,5920.0000,5919.2000,5918.6000,5918.2000,5917.0000,5926.0000,5926.2000,5926.4000,5926.8000,5927.4000,2,1,2,1,1,1,1,1,2,1
SF,IC2008,2020-07-03 09:30:08.600,5919.4000,5901,0,30765200.000,0,-,-,-,-,5920.0000,5919.2000,5918.6000,5918.2000,5917.0000,5925.8000,5926.0000,5926.2000,5926.8000,5927.4000,2,1,2,1,1,2,2,1,2,1
SF,IC2008,2020-07-03 09:30:09.100,5919.4000,5901,0,30765200.000,0,-,-,-,-,5920.0000,5919.2000,5918.6000,5918.2000,5917.0000,5925.6000,5925.8000,5926.0000,5926.2000,5926.8000,2,1,2,1,1,1,1,1,1,2
SF,IC2008,2020-07-03 09:30:09.600,5920.0000,5899,-2,33133200.000,2,0,2,双平,S,5918.6000,5918.2000,5915.0000,5912.0000,5911.0000,5925.4000,5925.6000,5926.0000,5926.2000,5926.8000,2,1,1,2,2,2,1,1,1,2
SF,IC2008,2020-07-03 09:30:10.100,5918.6000,5899,0,35500640.000,2,1,1,多换,S,5915.0000,5912.0000,5911.0000,5907.6000,5905.0000,5922.0000,5922.8000,5923.8000,5925.2000,5925.4000,1,2,2,1,1,1,1,1,4,2
SF,IC2008,2020-07-03 09:30:10.600,5918.6000,5899,0,35500640.000,0,-,-,-,-,5915.0000,5912.0000,5911.0000,5907.6000,5905.0000,5920.0000,5921.8000,5922.8000,5923.8000,5925.2000,1,2,2,1,1,1,1,1,1,1
SF,IC2008,2020-07-03 09:30:11.100,5919.8000,5897,-2,37868560.000,2,0,2,双平,S,5915.2000,5915.0000,5912.0000,5911.0000,5905.0000,5919.8000,5920.0000,5922.8000,5923.8000,5925.4000,1,1,2,2,1,1,1,1,1,1
SF,IC2008,2020-07-03 09:30:11.600,5915.2000,5896,-1,40234880.000,2,0,2,多平,S,5915.0000,5912.0000,5911.0000,5905.0000,5903.6000,5919.6000,5919.8000,5920.0000,5922.8000,5923.8000,1,2,2,1,2,2,1,1,1,1
SF,IC2008,2020-07-03 09:30:12.100,5915.0000,5896,0,41417880.000,1,0,1,多换,S,5912.0000,5911.0000,5905.0000,5903.6000,5903.4000,5919.4000,5919.6000,5920.0000,5922.8000,5923.8000,2,2,1,2,3,1,2,1,1,1
SF,IC2008,2020-07-03 09:30:12.600,5912.6000,5895,-1,42600400.000,1,0,1,双平,S,5913.6000,5912.4000,5912.2000,5912.0000,5911.0000,5919.2000,5919.4000,5920.0000,5922.8000,5923.8000,1,1,1,2,2,1,1,1,1,1
SF,IC2008,2020-07-03 09:30:13.100,5912.6000,5895,0,43782920.000,1,0,1,多换,S,5913.8000,5912.4000,5912.0000,5911.0000,5905.0000,5919.0000,5919.4000,5920.0000,5923.8000,5925.4000,1,1,2,2,1,2,1,1,1,1
SF,IC2008,2020-07-03 09:30:13.600,5912.6000,5895,0,43782920.000,0,-,-,-,-,5912.4000,5912.0000,5911.0000,5905.0000,5903.6000,5913.8000,5918.8000,5919.0000,5919.2000,5919.4000,1,2,2,1,2,2,1,2,1,1
SF,IC2008,2020-07-03 09:30:14.100,5919.0000,5892,-3,50880160.000,6,1,5,多平,S,5912.0000,5911.0000,5905.0000,5903.6000,5903.4000,5919.2000,5919.4000,5925.4000,5930.0000,5952.4000,2,2,1,2,3,1,1,1,1,1
SF,IC2008,2020-07-03 09:30:14.600,5919.0000,5892,0,50880160.000,0,-,-,-,-,5912.0000,5911.0000,5905.0000,5903.6000,5903.4000,5916.2000,5917.6000,5918.4000,5918.8000,5919.0000,2,2,1,2,3,1,1,2,2,2
SF,IC2008,2020-07-03 09:30:15.100,5919.0000,5892,0,50880160.000,0,-,-,-,-,5912.0000,5911.0000,5905.0000,5903.6000,5903.4000,5916.0000,5916.2000,5916.4000,5917.6000,5918.4000,2,2,1,2,3,1,1,1,1,2
SF,IC2008,2020-07-03 09:30:15.600,5912.0000,5892,0,53244960.000,2,1,1,多换,S,5911.0000,5905.0000,5903.6000,5903.4000,5903.0000,5916.0000,5916.2000,5917.6000,5918.4000,5918.8000,2,1,2,3,6,1,1,1,2,2
SF,IC2008,2020-07-03 09:30:16.100,5912.0000,5892,0,53244960.000,0,-,-,-,-,5911.2000,5911.0000,5905.0000,5903.6000,5903.4000,5916.0000,5916.2000,5917.6000,5918.4000,5918.8000,1,2,1,2,3,1,1,1,2,2
SF,IC2008,2020-07-03 09:30:16.600,5912.0000,5892,0,53244960.000,0,-,-,-,-,5912.2000,5911.4000,5911.2000,5911.0000,5905.0000,5916.2000,5917.6000,5918.4000,5918.8000,5919.2000,1,3,1,2,1,1,1,2,2,1
SF,IC2008,2020-07-03 09:30:17.100,5912.0000,5892,0,53244960.000,0,-,-,-,-,5912.4000,5912.2000,5911.2000,5911.0000,5905.0000,5916.2000,5916.4000,5917.6000,5918.4000,5918.8000,1,1,1,2,1,1,1,1,2,2
SF,IC2008,2020-07-03 09:30:17.600,5912.4000,5891,-1,54427440.000,1,0,1,双平,S,5912.2000,5911.2000,5911.0000,5905.0000,5903.6000,5912.4000,5916.0000,5916.2000,5917.6000,5918.4000,1,1,2,1,2,1,1,1,1,2
SF,IC2008,2020-07-03 09:30:18.100,5912.4000,5890,-1,55609920.000,1,0,1,双平,S,5912.8000,5912.2000,5911.2000,5911.0000,5905.0000,5916.0000,5916.2000,5917.6000,5918.4000,5918.8000,2,1,1,2,1,1,1,1,2,1
SF,IC2008,2020-07-03 09:30:18.600,5916.2000,5888,-2,57976360.000,2,0,2,双平,S,5913.0000,5912.8000,5912.2000,5911.0000,5905.0000,5919.4000,5930.0000,5952.4000,5982.4000,6012.4000,3,2,1,2,1,1,1,1,1,1
SF,IC2008,2020-07-03 09:30:19.100,5916.2000,5888,0,57976360.000,0,-,-,-,-,5913.0000,5912.8000,5912.2000,5911.0000,5905.0000,5917.2000,5919.2000,5919.4000,5930.0000,5952.4000,3,2,1,2,1,1,2,1,1,1
SF,IC2008,2020-07-03 09:30:19.600,5913.2000,5886,-2,60341640.000,2,0,2,双平,S,5913.2000,5913.0000,5912.8000,5912.2000,5912.0000,5917.2000,5919.2000,5930.0000,5952.4000,5982.4000,1,1,2,1,5,1,1,1,1,1
SF,IC2008,2020-07-03 09:30:20.100,5913.2000,5886,0,60341640.000,0,-,-,-,-,5913.4000,5913.2000,5912.8000,5912.2000,5912.0000,5917.2000,5930.0000,5952.4000,5982.4000,6012.4000,3,1,2,1,5,1,1,1,1,1
SF,IC2008,2020-07-03 09:30:20.600,5913.2000,5886,0,60341640.000,0,-,-,-,-,5913.6000,5913.4000,5912.8000,5912.2000,5912.0000,5917.2000,5930.0000,5952.4000,5982.4000,6012.4000,2,2,2,1,5,1,1,1,1,1
SF,IC2008,2020-07-03 09:30:21.100,5913.2000,5886,0,60341640.000,0,-,-,-,-,5913.8000,5913.4000,5912.8000,5912.2000,5912.0000,5930.0000,5952.4000,5982.4000,6012.4000,6023.8000,5,1,2,1,5,1,1,1,1,1
SF,IC2008,2020-07-03 09:30:21.600,5913.2000,5886,0,60341640.000,0,-,-,-,-,5913.8000,5912.8000,5912.2000,5912.0000,5911.0000,5921.4000,5922.0000,5922.8000,5923.2000,5923.8000,3,2,1,5,2,1,1,2,1,1
SF,IC2008,2020-07-03 09:30:22.100,5913.2000,5886,0,60341640.000,0,-,-,-,-,5915.8000,5914.4000,5914.0000,5913.8000,5912.8000,5922.8000,5923.2000,5926.8000,5927.4000,5930.0000,1,1,2,3,2,1,1,1,1,2
SF,IC2008,2020-07-03 09:30:22.600,5913.2000,5886,0,60341640.000,0,-,-,-,-,5917.2000,5916.0000,5915.8000,5914.4000,5913.8000,5922.6000,5926.8000,5927.4000,5930.0000,5952.4000,1,1,1,1,1,1,1,1,2,1
SF,IC2008,2020-07-03 09:30:23.100,5913.2000,5886,0,60341640.000,0,-,-,-,-,5917.4000,5917.2000,5915.8000,5914.4000,5913.8000,5922.6000,5926.8000,5927.4000,5930.0000,5952.4000,3,1,1,1,1,1,1,1,2,1
SF,IC2008,2020-07-03 09:30:23.600,5913.2000,5886,0,60341640.000,0,-,-,-,-,5917.6000,5917.4000,5917.2000,5915.8000,5914.4000,5922.6000,5926.8000,5927.4000,5930.0000,5952.4000,2,1,1,1,1,1,1,1,2,1
SF,IC2008,2020-07-03 09:30:24.100,5913.2000,5886,0,60341640.000,0,-,-,-,-,5917.8000,5917.2000,5915.8000,5914.4000,5913.8000,5926.8000,5927.4000,5930.0000,5952.4000,5982.4000,3,1,1,1,1,1,1,2,1,1
SF,IC2008,2020-07-03 09:30:24.600,5913.2000,5886,0,60341640.000,0,-,-,-,-,5918.0000,5917.8000,5917.2000,5915.8000,5914.4000,5926.2000,5926.6000,5926.8000,5927.4000,5930.0000,2,1,1,1,1,1,2,1,1,1
SF,IC2008,2020-07-03 09:30:25.100,5913.2000,5886,0,60341640.000,0,-,-,-,-,5918.2000,5918.0000,5917.2000,5915.8000,5914.4000,5926.0000,5926.2000,5926.6000,5927.4000,5930.0000,2,2,1,1,1,1,1,2,1,1
SF,IC2008,2020-07-03 09:30:25.600,5913.2000,5886,0,60341640.000,0,-,-,-,-,5918.4000,5918.2000,5917.2000,5915.8000,5914.4000,5926.0000,5926.2000,5926.6000,5927.4000,5930.0000,2,2,1,1,1,1,1,2,1,1
SF,IC2008,2020-07-03 09:30:26.100,5913.2000,5886,0,60341640.000,0,-,-,-,-,5918.6000,5918.4000,5917.2000,5915.8000,5914.4000,5925.8000,5926.2000,5926.6000,5927.4000,5930.0000,2,2,1,1,1,1,1,2,1,1
SF,IC2008,2020-07-03 09:30:26.600,5913.2000,5886,0,60341640.000,0,-,-,-,-,5919.2000,5918.8000,5918.6000,5917.2000,5915.8000,5925.8000,5926.6000,5930.0000,5952.4000,5982.4000,1,3,1,1,1,1,1,1,1,1
SF,IC2008,2020-07-03 09:30:27.100,5913.2000,5886,0,60341640.000,0,-,-,-,-,5919.4000,5919.2000,5918.8000,5917.2000,5913.6000,5925.8000,5926.6000,5930.0000,5952.4000,5982.4000,3,1,1,1,1,1,1,1,1,1
SF,IC2008,2020-07-03 09:30:27.600,5915.0000,5887,1,61524640.000,1,1,0,双开,S,5919.6000,5919.4000,5919.2000,5917.2000,5913.6000,5925.8000,5926.6000,5930.0000,5952.4000,5982.4000,3,1,1,1,1,1,1,1,1,1
SF,IC2008,2020-07-03 09:30:28.100,5915.0000,5886,-1,62707640.000,1,0,1,双平,S,5919.8000,5919.2000,5917.2000,5913.6000,5913.0000,5925.8000,5930.0000,5952.4000,5982.4000,6012.4000,4,1,1,1,1,1,1,1,1,1
SF,IC2008,2020-07-03 09:30:28.600,5915.0000,5886,0,62707640.000,0,-,-,-,-,5920.4000,5920.0000,5919.8000,5917.2000,5913.6000,5925.8000,5930.0000,5952.4000,5982.4000,6012.4000,1,2,2,1,1,1,1,1,1,1
SF,IC2008,2020-07-03 09:30:29.100,5915.0000,5886,0,62707640.000,0,-,-,-,-,5920.6000,5920.4000,5917.2000,5913.6000,5913.0000,5930.0000,5952.4000,5982.4000,6012.4000,6023.8000,4,1,1,1,1,1,1,1,1,1
SF,IC2008,2020-07-03 09:30:29.600,5915.0000,5886,0,62707640.000,0,-,-,-,-,5920.8000,5920.6000,5920.4000,5917.2000,5913.6000,5927.4000,5929.2000,5929.6000,5929.8000,5930.0000,1,1,1,1,1,1,1,1,2,2
SF,IC2008,2020-07-03 09:30:30.100,5915.0000,5886,0,62707640.000,0,-,-,-,-,5921.0000,5920.8000,5920.4000,5917.2000,5916.0000,5927.4000,5929.2000,5929.6000,5929.8000,5930.0000,3,1,1,1,1,1,1,1,1,1
SF,IC2008,2020-07-03 09:30:30.600,5915.0000,5886,0,62707640.000,0,-,-,-,-,5922.2000,5921.2000,5921.0000,5920.8000,5920.4000,5927.4000,5929.6000,5929.8000,5930.0000,5952.4000,1,2,1,1,1,1,1,1,1,1
SF,IC2008,2020-07-03 09:30:31.100,5915.0000,5886,0,62707640.000,0,-,-,-,-,5922.4000,5922.2000,5920.8000,5920.4000,5917.2000,5927.2000,5927.4000,5929.6000,5929.8000,5930.0000,3,1,1,1,1,1,1,1,1,1
SF,IC2008,2020-07-03 09:30:31.600,5915.0000,5886,0,62707640.000,0,-,-,-,-,5922.6000,5922.4000,5922.2000,5920.8000,5920.4000,5927.2000,5927.4000,5929.6000,5929.8000,5930.0000,2,1,1,1,1,1,1,1,1,1
SF,IC2008,2020-07-03 09:30:32.100,5915.0000,5886,0,62707640.000,0,-,-,-,-,5922.8000,5922.2000,5920.8000,5920.4000,5916.0000,5923.2000,5927.0000,5927.2000,5927.4000,5929.6000,2,1,1,1,1,1,1,1,1,1
SF,IC2008,2020-07-03 09:30:32.600,5923.0000,5884,-2,65076880.000,2,0,2,双平,S,5923.2000,5922.8000,5922.2000,5920.8000,5920.4000,5927.0000,5927.2000,5927.4000,5929.6000,5930.0000,2,2,1,1,1,1,1,1,1,1
SF,IC2008,2020-07-03 09:30:33.100,5927.0000,5882,-2,67447680.000,2,0,2,双平,S,5923.4000,5922.2000,5920.8000,5920.4000,5913.6000,5927.2000,5927.4000,5930.0000,5952.4000,5982.4000,2,1,1,1,1,1,1,1,1,1
SF,IC2008,2020-07-03 09:30:33.600,5927.0000,5882,0,67447680.000,0,-,-,-,-,5923.6000,5923.4000,5922.8000,5922.2000,5920.8000,5927.4000,5930.0000,5952.4000,5982.4000,6012.4000,1,2,1,1,1,1,1,1,1,1
SF,IC2008,2020-07-03 09:30:34.100,5927.4000,5882,0,68633160.000,1,0,1,多换,S,5923.8000,5922.8000,5922.2000,5920.8000,5920.4000,5930.0000,5952.4000,5982.4000,6012.4000,6023.8000,4,1,1,1,1,1,1,1,1,1
SF,IC2008,2020-07-03 09:30:34.600,5927.4000,5882,0,68633160.000,0,-,-,-,-,5927.2000,5924.0000,5923.8000,5922.8000,5922.2000,5930.0000,5952.4000,5982.4000,6012.4000,6023.8000,5,2,2,1,1,1,1,1,1,1
SF,IC2008,2020-07-03 09:30:35.100,5927.4000,5882,0,68633160.000,0,-,-,-,-,5927.4000,5927.2000,5923.8000,5922.8000,5920.8000,5930.0000,5952.4000,5982.4000,6012.4000,6023.8000,2,5,1,1,1,1,1,1,1,1
SF,IC2008,2020-07-03 09:30:35.600,5928.4000,5881,-1,72189760.000,3,1,2,多平,S,5927.4000,5927.2000,5923.8000,5922.8000,5920.8000,5929.8000,5930.0000,5952.4000,5982.4000,6012.4000,1,4,1,1,1,1,1,1,1,1
SF,IC2008,2020-07-03 09:30:36.100,5927.6000,5881,0,73375280.000,1,0,1,多换,S,5927.4000,5927.2000,5923.8000,5922.8000,5920.8000,5929.6000,5930.0000,5952.4000,5982.4000,6012.4000,1,4,1,1,1,1,1,1,1,1
SF,IC2008,2020-07-03 09:30:36.600,5927.6000,5881,0,73375280.000,0,-,-,-,-,5927.4000,5927.2000,5923.8000,5922.8000,5920.8000,5929.4000,5929.6000,5930.0000,5952.4000,5982.4000,1,4,1,1,1,2,1,1,1,1
SF,IC2008,2020-07-03 09:30:37.100,5927.6000,5881,0,73375280.000,0,-,-,-,-,5927.4000,5927.2000,5923.8000,5922.8000,5920.8000,5929.6000,5930.0000,5952.4000,5982.4000,6012.4000,1,4,1,1,1,1,1,1,1,1
SF,IC2008,2020-07-03 09:30:37.600,5927.4000,5881,0,76931800.000,3,1,2,多换,S,5927.2000,5923.8000,5922.8000,5920.8000,5920.4000,5929.6000,5930.0000,5952.4000,5982.4000,6012.4000,4,1,1,1,1,1,1,1,1,1
SF,IC2008,2020-07-03 09:30:38.100,5927.4000,5881,0,76931800.000,0,-,-,-,-,5927.2000,5923.8000,5922.8000,5920.8000,5920.4000,5929.4000,5929.6000,5930.0000,5952.4000,5982.4000,4,1,1,1,1,2,1,1,1,1
SF,IC2008,2020-07-03 09:30:38.600,5927.4000,5881,0,76931800.000,0,-,-,-,-,5927.2000,5923.8000,5922.8000,5920.8000,5920.4000,5929.4000,5929.6000,5930.0000,5952.4000,5982.4000,4,1,1,1,1,2,1,1,1,1
SF,IC2008,2020-07-03 09:30:39.100,5927.4000,5881,0,76931800.000,0,-,-,-,-,5927.2000,5923.8000,5922.8000,5920.8000,5920.4000,5929.2000,5929.6000,5930.0000,5952.4000,5982.4000,4,1,1,1,1,1,1,1,1,1
SF,IC2008,2020-07-03 09:30:39.600,5927.2000,5877,-4,81673560.000,4,0,4,双平,S,5923.8000,5922.8000,5920.8000,5920.4000,5913.0000,5927.2000,5929.2000,5929.6000,5930.0000,5952.4000,1,1,1,1,1,1,1,1,1,1
SF,IC2008,2020-07-03 09:30:40.100,5927.2000,5876,-1,82859000.000,1,0,1,双平,S,5929.2000,5924.8000,5923.8000,5922.8000,5920.4000,5930.0000,5952.4000,5982.4000,6012.4000,6023.8000,3,1,1,1,1,1,1,1,1,1
SF,IC2008,2020-07-03 09:30:40.600,5929.2000,5871,-5,92345160.000,8,1,7,多平,S,5924.8000,5923.8000,5922.8000,5920.4000,5913.0000,5930.0000,5952.4000,5982.4000,6012.4000,6023.8000,1,1,1,1,1,1,1,1,1,1
SF,IC2008,2020-07-03 09:30:41.100,5929.2000,5871,0,92345160.000,0,-,-,-,-,5925.0000,5924.8000,5922.8000,5920.4000,5913.0000,5929.8000,5930.0000,5952.4000,5982.4000,6012.4000,1,1,1,1,1,3,1,1,1,1
SF,IC2008,2020-07-03 09:30:41.600,5929.2000,5871,0,92345160.000,0,-,-,-,-,5927.2000,5925.0000,5922.8000,5920.4000,5913.0000,5929.8000,5930.0000,5952.4000,5982.4000,6012.4000,3,1,1,1,1,3,1,1,1,1
SF,IC2008,2020-07-03 09:30:42.100,5929.6000,5872,1,97087400.000,4,2,2,空开,S,5925.0000,5922.8000,5920.4000,5913.0000,5912.2000,5929.8000,5930.0000,5952.4000,5982.4000,6012.4000,1,1,1,1,1,1,1,1,1,1
SF,IC2008,2020-07-03 09:30:42.600,5929.6000,5872,0,97087400.000,0,-,-,-,-,5925.0000,5922.8000,5920.4000,5913.0000,5912.2000,5929.6000,5929.8000,5930.0000,5952.4000,5982.4000,1,1,1,1,1,1,1,1,1,1
SF,IC2008,2020-07-03 09:30:43.100,5929.6000,5872,0,97087400.000,0,-,-,-,-,5925.2000,5925.0000,5922.8000,5920.4000,5913.0000,5929.4000,5929.6000,5929.8000,5930.0000,5952.4000,1,1,1,1,1,1,1,1,1,1
SF,IC2008,2020-07-03 09:30:43.600,5929.4000,5871,-1,98273280.000,1,0,1,双平,S,5929.4000,5926.2000,5925.4000,5922.8000,5920.4000,5930.0000,5952.4000,5982.4000,6012.4000,6023.8000,1,1,1,1,1,1,1,1,1,1
SF,IC2008,2020-07-03 09:30:44.100,5929.4000,5869,-2,100645160.000,2,0,2,双平,S,5926.2000,5925.4000,5922.8000,5920.4000,5913.0000,5929.8000,5952.4000,5982.4000,6012.4000,6023.8000,1,1,1,1,1,1,1,1,1,1
SF,IC2008,2020-07-03 09:30:44.600,5929.4000,5869,0,100645160.000,0,-,-,-,-,5926.4000,5926.2000,5922.8000,5920.4000,5913.0000,5929.8000,5952.4000,5982.4000,6012.4000,6023.8000,2,1,1,1,1,1,1,1,1,1
SF,IC2008,2020-07-03 09:30:45.600,5929.4000,5869,0,100645160.000,0,-,-,-,-,5926.4000,5926.2000,5922.8000,5920.4000,5913.0000,5929.6000,5929.8000,5952.4000,5982.4000,6012.4000,1,1,1,1,1,1,1,1,1,1
SF,IC2008,2020-07-03 09:30:46.100,5929.4000,5869,0,100645160.000,0,-,-,-,-,5926.4000,5922.8000,5920.4000,5913.0000,5912.2000,5929.4000,5929.6000,5929.8000,5952.4000,5982.4000,1,1,1,1,1,1,1,1,1,1
SF,IC2008,2020-07-03 09:30:46.600,5926.4000,5868,-1,101830440.000,1,0,1,双平,S,5922.8000,5920.4000,5913.0000,5912.2000,5912.0000,5929.2000,5929.4000,5929.8000,5952.4000,5982.4000,1,1,1,1,5,1,1,1,1,1
SF,IC2008,2020-07-03 09:30:47.100,5926.4000,5868,0,101830440.000,0,-,-,-,-,5923.0000,5920.4000,5913.0000,5912.2000,5912.0000,5929.0000,5929.2000,5929.4000,5929.8000,5952.4000,1,1,1,1,5,1,1,1,1,1
SF,IC2008,2020-07-03 09:30:47.600,5926.4000,5868,0,101830440.000,0,-,-,-,-,5923.0000,5920.4000,5913.0000,5912.2000,5912.0000,5929.0000,5929.8000,5952.4000,5982.4000,6012.4000,1,1,1,1,5,1,1,1,1,1
SF,IC2008,2020-07-03 09:30:48.100,5926.4000,5868,0,101830440.000,0,-,-,-,-,5923.6000,5923.2000,5923.0000,5913.0000,5912.2000,5929.0000,5929.8000,5952.4000,5982.4000,6012.4000,1,2,1,1,1,1,1,1,1,1
SF,IC2008,2020-07-03 09:30:48.600,5929.0000,5867,-1,103016240.000,1,0,1,双平,S,5923.8000,5923.6000,5913.0000,5912.2000,5912.0000,5929.8000,5952.4000,5982.4000,6012.4000,6023.8000,4,1,1,1,5,1,1,1,1,1
SF,IC2008,2020-07-03 09:30:49.100,5929.0000,5867,0,103016240.000,0,-,-,-,-,5923.8000,5912.2000,5912.0000,5911.0000,5905.0000,5929.6000,5929.8000,5952.4000,5982.4000,6012.4000,2,1,5,2,1,1,1,1,1,1
SF,IC2008,2020-07-03 09:30:49.600,5929.0000,5867,0,103016240.000,0,-,-,-,-,5929.2000,5923.8000,5912.2000,5912.0000,5911.0000,5929.4000,5929.6000,5929.8000,5952.4000,5982.4000,1,2,1,5,2,2,1,1,1,1
SF,IC2008,2020-07-03 09:30:50.100,5929.2000,5867,0,104202080.000,1,0,1,多换,S,5923.8000,5912.2000,5912.0000,5911.0000,5905.0000,5929.0000,5929.4000,5929.8000,5952.4000,5982.4000,1,1,5,2,1,1,2,1,1,1
SF,IC2008,2020-07-03 09:30:50.600,5929.2000,5867,0,104202080.000,0,-,-,-,-,5923.8000,5912.2000,5912.0000,5911.0000,5905.0000,5928.8000,5929.4000,5929.8000,5952.4000,5982.4000,1,1,5,2,1,1,2,1,1,1
SF,IC2008,2020-07-03 09:30:51.100,5929.2000,5867,0,104202080.000,0,-,-,-,-,5924.0000,5923.8000,5912.2000,5912.0000,5911.0000,5928.8000,5929.4000,5929.8000,5952.4000,5982.4000,1,1,1,5,2,1,1,1,1,1
SF,IC2008,2020-07-03 09:30:51.600,5929.2000,5867,0,104202080.000,0,-,-,-,-,5925.4000,5924.2000,5924.0000,5912.2000,5912.0000,5929.4000,5929.8000,5952.4000,5982.4000,6012.4000,1,2,1,1,5,1,1,1,1,1
SF,IC2008,2020-07-03 09:30:52.100,5929.2000,5867,0,104202080.000,0,-,-,-,-,5925.6000,5925.4000,5923.8000,5912.2000,5912.0000,5929.2000,5929.4000,5929.8000,5952.4000,5982.4000,1,1,1,1,5,1,1,1,1,1
SF,IC2008,2020-07-03 09:30:52.600,5929.2000,5865,-2,106573760.000,2,0,2,双平,S,5925.6000,5925.4000,5923.8000,5912.2000,5912.0000,5929.2000,5929.4000,5929.8000,5952.4000,5982.4000,1,1,1,1,5,1,1,1,1,1
SF,IC2008,2020-07-03 09:30:53.100,5929.2000,5865,0,106573760.000,0,-,-,-,-,5925.6000,5923.8000,5912.2000,5912.0000,5911.0000,5928.4000,5929.0000,5929.4000,5929.8000,5952.4000,1,1,1,5,2,1,2,1,1,1
SF,IC2008,2020-07-03 09:30:53.600,5929.2000,5865,0,106573760.000,0,-,-,-,-,5925.6000,5923.8000,5912.2000,5912.0000,5911.0000,5928.2000,5928.4000,5929.0000,5929.4000,5929.8000,1,1,1,5,2,2,1,1,1,1
SF,IC2008,2020-07-03 09:30:54.100,5929.2000,5865,0,106573760.000,0,-,-,-,-,5923.8000,5912.2000,5912.0000,5911.0000,5905.0000,5928.2000,5928.4000,5929.0000,5929.4000,5929.8000,1,1,5,2,1,2,1,1,1,1
SF,IC2008,2020-07-03 09:30:54.600,5929.2000,5865,0,106573760.000,0,-,-,-,-,5924.8000,5924.0000,5923.8000,5912.2000,5912.0000,5928.4000,5929.0000,5929.4000,5929.8000,5952.4000,1,1,1,1,5,1,1,1,1,1
SF,IC2008,2020-07-03 09:30:55.100,5929.2000,5865,0,106573760.000,0,-,-,-,-,5928.2000,5925.0000,5923.8000,5912.2000,5912.0000,5928.4000,5929.0000,5929.4000,5929.8000,5952.4000,2,1,1,1,5,1,1,1,1,1
SF,IC2008,2020-07-03 09:30:55.600,5928.4000,5864,-1,111316360.000,4,1,3,多平,S,5926.2000,5925.0000,5923.8000,5912.2000,5912.0000,5929.0000,5929.4000,5929.8000,5952.4000,5982.4000,2,1,1,1,5,1,1,1,1,1
SF,IC2008,2020-07-03 09:30:56.100,5928.4000,5864,0,111316360.000,0,-,-,-,-,5926.2000,5925.0000,5924.0000,5923.8000,5912.2000,5929.4000,5929.8000,5952.4000,5982.4000,6012.4000,2,1,1,1,1,1,1,1,1,1
SF,IC2008,2020-07-03 09:30:56.600,5928.4000,5864,0,111316360.000,0,-,-,-,-,5926.4000,5926.2000,5924.0000,5923.8000,5912.2000,5929.2000,5929.4000,5929.8000,5952.4000,5982.4000,1,2,1,1,1,1,1,1,1,1
SF,IC2008,2020-07-03 09:30:57.100,5928.4000,5864,0,111316360.000,0,-,-,-,-,5926.4000,5926.2000,5924.0000,5923.8000,5912.2000,5929.0000,5929.2000,5929.4000,5929.8000,5952.4000,1,2,1,1,1,1,1,1,1,1
SF,IC2008,2020-07-03 09:30:57.600,5928.4000,5864,0,111316360.000,0,-,-,-,-,5926.2000,5924.0000,5923.8000,5912.2000,5912.0000,5929.0000,5929.4000,5929.8000,5952.4000,5982.4000,2,1,1,1,5,1,1,1,1,1
SF,IC2008,2020-07-03 09:30:58.100,5928.4000,5864,0,111316360.000,0,-,-,-,-,5926.2000,5924.0000,5923.8000,5912.2000,5912.0000,5926.4000,5928.8000,5929.0000,5929.4000,5929.8000,2,1,1,1,5,1,1,1,1,1
SF,IC2008,2020-07-03 09:30:58.600,5926.4000,5863,-1,114872120.000,3,1,2,多平,S,5926.4000,5924.0000,5923.8000,5912.2000,5912.0000,5928.8000,5929.4000,5939.8000,5952.4000,5982.4000,1,1,1,1,5,1,1,3,1,1
SF,IC2008,2020-07-03 09:30:59.100,5928.6000,5862,-1,116057840.000,1,0,1,双平,S,5924.0000,5923.8000,5912.2000,5912.0000,5911.0000,5929.4000,5939.8000,5952.4000,5982.4000,6012.4000,1,1,1,5,2,1,3,1,1,1
SF,IC2008,2020-07-03 09:30:59.600,5928.6000,5862,0,116057840.000,0,-,-,-,-,5924.2000,5924.0000,5923.8000,5912.2000,5912.0000,5929.6000,5939.8000,5952.4000,5982.4000,6012.4000,1,1,1,1,5,1,3,1,1,1
SF,IC2008,2020-07-03 09:31:00.100,5928.6000,5862,0,116057840.000,0,-,-,-,-,5924.2000,5924.0000,5923.8000,5912.2000,5912.0000,5928.6000,5929.4000,5929.6000,5939.8000,6023.8000,1,1,1,1,5,1,3,1,3,1
SF,IC2008,2020-07-03 09:31:00.600,5928.6000,5862,0,116057840.000,0,-,-,-,-,5924.4000,5924.2000,5924.0000,5923.8000,5912.2000,5928.4000,5928.6000,5929.4000,5929.6000,5939.8000,1,1,1,1,1,1,1,3,1,3
SF,IC2008,2020-07-03 09:31:01.100,5928.6000,5862,0,117243560.000,1,0,1,多换,S,5924.6000,5924.4000,5924.0000,5923.8000,5912.2000,5928.2000,5928.4000,5928.6000,5929.4000,5929.6000,1,1,1,1,1,1,1,1,2,1
SF,IC2008,2020-07-03 09:31:01.600,5928.6000,5862,0,117243560.000,0,-,-,-,-,5924.8000,5924.6000,5924.0000,5923.8000,5912.2000,5928.0000,5928.2000,5928.6000,5929.4000,5929.6000,1,1,1,1,1,2,1,1,1,1
SF,IC2008,2020-07-03 09:31:02.100,5928.6000,5862,0,117243560.000,0,-,-,-,-,5925.0000,5924.8000,5924.0000,5923.8000,5912.2000,5928.0000,5928.2000,5928.6000,5929.6000,5933.0000,2,1,1,1,1,2,1,1,1,1
SF,IC2008,2020-07-03 09:31:02.600,5928.6000,5862,0,117243560.000,0,-,-,-,-,5925.0000,5924.8000,5924.0000,5923.8000,5912.2000,5928.0000,5928.6000,5929.6000,5933.0000,5939.8000,2,1,1,1,1,1,1,1,1,3
SF,IC2008,2020-07-03 09:31:03.100,5925.0000,5860,-2,119613560.000,2,0,2,双平,S,5924.0000,5923.8000,5912.2000,5911.0000,5905.0000,5927.8000,5928.0000,5928.6000,5929.6000,5933.0000,1,1,1,2,1,2,1,1,1,1
SF,IC2008,2020-07-03 09:31:03.600,5925.0000,5860,0,119613560.000,0,-,-,-,-,5924.2000,5924.0000,5923.8000,5912.2000,5911.0000,5925.0000,5927.6000,5927.8000,5928.6000,5929.6000,1,1,1,1,2,1,1,2,1,1
SF,IC2008,2020-07-03 09:31:04.100,5924.8000,5855,-5,125538280.000,5,0,5,双平,S,5923.8000,5912.2000,5911.0000,5905.0000,5903.6000,5925.0000,5927.6000,5927.8000,5928.6000,5929.6000,1,1,2,1,2,1,1,1,1,1
SF,IC2008,2020-07-03 09:31:04.600,5923.8000,5855,0,126723040.000,1,0,1,多换,S,5912.2000,5911.0000,5905.0000,5903.6000,5903.4000,5924.8000,5925.0000,5927.6000,5928.6000,5929.6000,1,2,1,2,3,1,1,1,1,1
SF,IC2008,2020-07-03 09:31:05.100,5923.8000,5855,0,126723040.000,0,-,-,-,-,5920.0000,5917.6000,5916.0000,5913.6000,5913.0000,5924.6000,5924.8000,5925.0000,5928.6000,5929.6000,1,2,1,3,1,2,1,1,1,1
SF,IC2008,2020-07-03 09:31:05.600,5923.8000,5855,0,126723040.000,0,-,-,-,-,5920.2000,5917.6000,5916.0000,5913.6000,5913.0000,5924.6000,5924.8000,5925.0000,5928.6000,5929.6000,3,2,1,3,1,2,1,1,1,1
SF,IC2008,2020-07-03 09:31:06.100,5923.8000,5855,0,126723040.000,0,-,-,-,-,5920.4000,5920.2000,5920.0000,5917.6000,5916.0000,5924.6000,5924.8000,5925.0000,5928.6000,5929.6000,1,3,1,2,1,1,1,1,1,1
SF,IC2008,2020-07-03 09:31:06.600,5923.8000,5855,0,126723040.000,0,-,-,-,-,5920.6000,5920.4000,5920.0000,5917.6000,5916.0000,5924.6000,5924.8000,5925.0000,5928.6000,5929.6000,3,1,1,1,1,1,1,1,1,1
SF,IC2008,2020-07-03 09:31:07.100,5923.8000,5855,0,126723040.000,0,-,-,-,-,5921.8000,5920.8000,5920.6000,5920.0000,5917.6000,5924.4000,5924.6000,5924.8000,5925.0000,5928.6000,1,1,2,1,1,2,1,1,1,1
SF,IC2008,2020-07-03 09:31:07.600,5923.8000,5855,0,126723040.000,0,-,-,-,-,5920.6000,5917.6000,5916.0000,5913.6000,5913.0000,5924.2000,5924.4000,5924.6000,5924.8000,5925.0000,1,1,1,2,1,2,1,1,1,1
SF,IC2008,2020-07-03 09:31:08.100,5923.8000,5855,0,126723040.000,0,-,-,-,-,5920.6000,5917.6000,5916.0000,5913.6000,5913.0000,5921.8000,5924.0000,5924.2000,5924.8000,5925.0000,1,1,1,2,1,1,2,2,1,1
SF,IC2008,2020-07-03 09:31:08.600,5921.8000,5855,0,127907400.000,1,0,1,多换,S,5920.6000,5913.6000,5913.0000,5912.8000,5912.2000,5921.8000,5924.0000,5924.2000,5924.8000,5925.0000,1,2,1,1,1,2,2,1,1,1
SF,IC2008,2020-07-03 09:31:09.100,5921.8000,5851,-4,132644840.000,4,0,4,双平,S,5920.8000,5920.6000,5913.6000,5913.0000,5912.8000,5924.0000,5924.2000,5924.8000,5925.0000,5939.8000,1,1,2,1,1,2,1,1,1,3
SF,IC2008,2020-07-03 09:31:09.600,5921.8000,5851,0,132644840.000,0,-,-,-,-,5920.8000,5913.6000,5913.0000,5912.8000,5912.2000,5923.8000,5924.0000,5924.2000,5924.8000,5925.0000,1,2,1,1,1,1,2,1,1,1
SF,IC2008,2020-07-03 09:31:10.100,5921.8000,5851,0,132644840.000,0,-,-,-,-,5920.8000,5913.6000,5913.0000,5912.8000,5912.2000,5923.6000,5923.8000,5924.0000,5924.2000,5924.8000,1,2,1,1,1,1,1,1,1,1
SF,IC2008,2020-07-03 09:31:10.600,5921.8000,5851,0,132644840.000,0,-,-,-,-,5923.0000,5913.6000,5913.0000,5912.8000,5912.2000,5923.6000,5924.0000,5924.2000,5924.8000,5925.0000,1,2,1,1,1,1,1,1,1,1
SF,IC2008,2020-07-03 09:31:11.100,5923.0000,5851,0,133829440.000,1,0,1,多换,S,5913.6000,5913.0000,5912.8000,5912.2000,5911.0000,5922.6000,5924.2000,5924.8000,5925.0000,5939.8000,2,1,1,1,2,3,1,1,1,3
SF,IC2008,2020-07-03 09:31:11.600,5923.0000,5851,0,133829440.000,0,-,-,-,-,5917.2000,5914.6000,5914.2000,5913.8000,5913.6000,5922.4000,5922.6000,5924.6000,5924.8000,5925.0000,1,1,1,4,3,3,2,1,1,1
SF,IC2008,2020-07-03 09:31:12.100,5923.0000,5851,0,133829440.000,0,-,-,-,-,5917.4000,5914.6000,5914.2000,5913.6000,5913.0000,5922.2000,5922.4000,5922.6000,5924.6000,5924.8000,3,1,1,3,1,3,2,2,1,1
SF,IC2008,2020-07-03 09:31:12.600,5923.0000,5851,0,133829440.000,0,-,-,-,-,5918.8000,5917.4000,5914.6000,5914.2000,5913.6000,5922.0000,5922.2000,5922.6000,5924.8000,5925.0000,1,3,1,1,2,3,2,2,1,1
SF,IC2008,2020-07-03 09:31:13.100,5919.0000,5850,-1,136197640.000,2,0,2,多平,S,5919.0000,5917.4000,5914.6000,5914.2000,5913.6000,5922.0000,5922.2000,5922.6000,5924.8000,5925.0000,2,2,1,1,2,1,2,2,1,1
SF,IC2008,2020-07-03 09:31:13.600,5921.8000,5849,-1,138565800.000,2,0,2,多平,S,5919.0000,5917.4000,5914.6000,5914.2000,5913.6000,5921.8000,5922.0000,5922.2000,5922.6000,5924.8000,2,1,1,1,2,1,1,2,2,1
SF,IC2008,2020-07-03 09:31:14.100,5921.8000,5849,0,139750160.000,1,0,1,多换,S,5919.0000,5917.4000,5914.6000,5914.2000,5913.6000,5921.8000,5922.2000,5922.6000,5924.8000,5925.0000,2,1,1,1,2,1,2,2,1,1
SF,IC2008,2020-07-03 09:31:14.600,5921.8000,5849,0,139750160.000,0,-,-,-,-,5919.2000,5919.0000,5917.4000,5914.6000,5914.2000,5922.2000,5922.6000,5924.8000,5925.0000,5939.8000,1,1,1,1,1,2,2,1,1,3
SF,IC2008,2020-07-03 09:31:15.100,5922.0000,5848,-1,140934560.000,1,0,1,双平,S,5919.2000,5919.0000,5914.6000,5914.2000,5913.6000,5922.0000,5922.2000,5922.6000,5924.8000,5925.0000,1,1,1,1,2,2,2,2,1,1
SF,IC2008,2020-07-03 09:31:15.600,5922.0000,5848,0,140934560.000,0,-,-,-,-,5920.2000,5919.0000,5914.6000,5914.2000,5913.6000,5921.8000,5922.0000,5922.2000,5922.6000,5924.8000,1,1,1,1,1,1,2,2,2,1
SF,IC2008,2020-07-03 09:31:16.100,5920.2000,5847,-1,142118600.000,1,0,1,双平,S,5919.0000,5914.6000,5914.2000,5913.0000,5912.2000,5921.6000,5922.2000,5922.6000,5924.8000,5925.0000,1,1,1,1,1,1,2,2,1,1
SF,IC2008,2020-07-03 09:31:16.600,5921.4000,5848,1,143302880.000,1,1,0,双开,S,5914.6000,5914.2000,5913.0000,5912.2000,5911.0000,5921.4000,5921.6000,5922.6000,5924.8000,5925.0000,1,1,1,1,2,1,1,2,1,1
SF,IC2008,2020-07-03 09:31:17.100,5921.4000,5847,-1,144487160.000,1,0,1,双平,S,5917.0000,5915.2000,5914.8000,5913.0000,5912.2000,5922.6000,5924.8000,5925.0000,5939.8000,6023.8000,1,1,8,1,1,2,1,1,3,1
SF,IC2008,2020-07-03 09:31:17.600,5921.4000,5847,0,144487160.000,0,-,-,-,-,5917.2000,5915.2000,5914.8000,5913.0000,5912.2000,5922.4000,5922.6000,5924.8000,5925.0000,5939.8000,3,1,4,1,1,2,2,1,1,3
SF,IC2008,2020-07-03 09:31:18.100,5917.2000,5845,-2,146854040.000,2,0,2,双平,S,5917.2000,5915.2000,5914.8000,5913.0000,5912.2000,5922.2000,5922.4000,5922.6000,5924.8000,5925.0000,1,1,3,1,1,1,1,2,1,1
SF,IC2008,2020-07-03 09:31:18.600,5917.2000,5845,0,146854040.000,0,-,-,-,-,5917.4000,5917.2000,5915.2000,5914.8000,5913.0000,5922.0000,5922.6000,5924.8000,5925.0000,5939.8000,3,1,1,3,1,1,2,1,1,3
SF,IC2008,2020-07-03 09:31:19.100,5917.2000,5845,0,146854040.000,0,-,-,-,-,5918.6000,5917.6000,5917.4000,5917.2000,5915.2000,5922.0000,5922.6000,5924.8000,5925.0000,5939.8000,1,2,3,1,1,1,2,1,1,3
SF,IC2008,2020-07-03 09:31:19.600,5917.2000,5845,0,146854040.000,0,-,-,-,-,5918.8000,5917.6000,5917.4000,5917.2000,5915.2000,5921.8000,5922.0000,5922.6000,5924.8000,5925.0000,1,1,1,1,1,2,1,2,1,1
SF,IC2008,2020-07-03 09:31:20.100,5917.2000,5845,0,146854040.000,0,-,-,-,-,5918.8000,5917.4000,5917.2000,5915.2000,5914.8000,5921.6000,5921.8000,5922.4000,5922.6000,5924.8000,1,1,1,1,2,1,2,1,2,1
SF,IC2008,2020-07-03 09:31:20.600,5917.2000,5845,0,146854040.000,0,-,-,-,-,5921.4000,5919.0000,5918.8000,5917.8000,5917.4000,5921.6000,5921.8000,5922.4000,5922.6000,5924.8000,3,1,1,2,1,1,1,1,2,1
SF,IC2008,2020-07-03 09:31:21.100,5921.4000,5845,0,151591160.000,4,2,2,多换,S,5919.0000,5918.8000,5917.8000,5917.4000,5915.2000,5920.8000,5921.0000,5921.2000,5922.4000,5922.6000,1,1,2,1,1,1,1,1,1,2
SF,IC2008,2020-07-03 09:31:21.600,5921.4000,5845,0,151591160.000,0,-,-,-,-,5917.8000,5917.4000,5915.2000,5914.8000,5913.0000,5920.6000,5922.4000,5922.6000,5924.8000,5925.0000,2,1,1,2,1,1,1,2,1,1
SF,IC2008,2020-07-03 09:31:22.100,5921.4000,5845,0,151591160.000,0,-,-,-,-,5918.0000,5917.8000,5915.2000,5914.8000,5913.0000,5920.6000,5922.4000,5922.6000,5924.8000,5925.0000,2,2,1,2,1,1,1,2,1,1
SF,IC2008,2020-07-03 09:31:23.100,5918.0000,5843,-2,153958360.000,2,0,2,双平,S,5917.8000,5915.2000,5914.8000,5913.0000,5912.2000,5920.6000,5922.4000,5922.6000,5924.8000,5925.0000,2,1,2,1,1,1,1,2,1,1
SF,IC2008,2020-07-03 09:31:23.600,5918.0000,5843,0,153958360.000,0,-,-,-,-,5917.8000,5915.2000,5914.8000,5913.0000,5912.2000,5920.4000,5920.6000,5922.4000,5922.6000,5924.8000,2,1,2,1,1,1,1,1,2,1
SF,IC2008,2020-07-03 09:31:24.100,5918.0000,5843,0,153958360.000,0,-,-,-,-,5917.8000,5915.2000,5914.8000,5912.2000,5911.0000,5920.2000,5920.4000,5920.6000,5922.4000,5922.6000,2,1,2,1,2,1,1,1,1,2
SF,IC2008,2020-07-03 09:31:24.600,5918.0000,5843,0,153958360.000,0,-,-,-,-,5917.8000,5914.8000,5912.2000,5911.0000,5905.0000,5918.0000,5920.0000,5920.2000,5920.6000,5922.4000,2,2,1,2,1,1,1,1,1,1
SF,IC2008,2020-07-03 09:31:25.100,5918.0000,5843,0,155141960.000,1,0,1,多换,S,5918.0000,5917.8000,5914.8000,5912.2000,5911.0000,5920.0000,5920.2000,5920.6000,5922.4000,5924.8000,2,2,2,1,2,1,1,1,1,1
SF,IC2008,2020-07-03 09:31:25.600,5920.0000,5843,0,156325960.000,1,0,1,多换,S,5918.0000,5917.8000,5914.8000,5912.2000,5911.0000,5920.6000,5922.4000,5924.8000,5925.0000,5939.8000,1,2,1,1,2,1,1,1,1,3
SF,IC2008,2020-07-03 09:31:26.100,5920.0000,5843,0,156325960.000,0,-,-,-,-,5918.0000,5917.8000,5914.8000,5912.2000,5911.0000,5920.4000,5920.6000,5922.4000,5924.8000,5925.0000,1,2,1,1,2,2,1,1,1,1
SF,IC2008,2020-07-03 09:31:26.600,5920.0000,5843,0,156325960.000,0,-,-,-,-,5918.0000,5917.8000,5914.8000,5912.2000,5911.0000,5920.2000,5920.4000,5920.6000,5922.4000,5924.8000,1,2,1,1,2,1,1,1,1,1
SF,IC2008,2020-07-03 09:31:27.100,5920.0000,5843,0,156325960.000,0,-,-,-,-,5918.2000,5918.0000,5917.8000,5914.8000,5912.2000,5920.0000,5920.6000,5922.4000,5924.8000,5925.0000,1,1,2,1,1,2,1,1,1,1
SF,IC2008,2020-07-03 09:31:27.600,5920.0000,5843,0,156325960.000,0,-,-,-,-,5918.0000,5917.8000,5914.8000,5912.2000,5911.0000,5919.8000,5920.0000,5922.4000,5924.8000,5925.0000,1,2,1,1,2,1,2,1,1,1
SF,IC2008,2020-07-03 09:31:28.100,5918.0000,5842,-1,157509560.000,1,0,1,双平,S,5917.8000,5914.8000,5914.2000,5912.2000,5911.0000,5918.2000,5919.6000,5919.8000,5922.4000,5924.8000,2,1,1,1,2,2,2,1,1,1
SF,IC2008,2020-07-03 09:31:28.600,5918.0000,5842,0,157509560.000,0,-,-,-,-,5917.8000,5914.2000,5912.2000,5911.0000,5905.0000,5918.2000,5919.6000,5919.8000,5922.4000,5924.8000,2,1,1,2,1,2,2,1,1,1
SF,IC2008,2020-07-03 09:31:29.100,5918.2000,5842,0,158693200.000,1,0,1,多换,S,5917.8000,5914.2000,5912.2000,5911.0000,5905.0000,5918.2000,5919.6000,5922.4000,5924.8000,5925.0000,2,1,1,2,1,1,1,1,1,1
SF,IC2008,2020-07-03 09:31:29.600,5918.2000,5842,0,158693200.000,0,-,-,-,-,5917.8000,5914.2000,5912.2000,5911.0000,5905.0000,5918.0000,5918.2000,5919.6000,5924.8000,5925.0000,2,1,1,2,1,1,1,1,1,1
SF,IC2008,2020-07-03 09:31:30.100,5918.0000,5841,-1,159876800.000,1,0,1,双平,S,5918.0000,5917.8000,5914.2000,5912.2000,5911.0000,5918.2000,5919.6000,5924.8000,5925.0000,5939.8000,1,2,1,1,2,1,1,1,1,3
SF,IC2008,2020-07-03 09:31:30.600,5918.2000,5840,-1,161060440.000,1,0,1,双平,S,5917.8000,5914.2000,5912.2000,5911.0000,5905.0000,5919.6000,5924.8000,5925.0000,5939.8000,6023.8000,2,1,1,2,1,1,1,1,3,1
SF,IC2008,2020-07-03 09:31:31.100,5918.2000,5840,0,161060440.000,0,-,-,-,-,5917.8000,5914.2000,5912.2000,5911.0000,5905.0000,5919.6000,5924.8000,5925.0000,5939.8000,6023.8000,2,1,1,2,1,1,1,1,3,1
SF,IC2008,2020-07-03 09:31:31.600,5918.2000,5840,0,161060440.000,0,-,-,-,-,5917.8000,5914.2000,5912.2000,5911.0000,5905.0000,5919.6000,5924.8000,5925.0000,5939.8000,6023.8000,2,1,1,2,1,1,1,1,3,1
SF,IC2008,2020-07-03 09:31:32.100,5918.2000,5840,0,161060440.000,0,-,-,-,-,5917.8000,5914.2000,5912.2000,5911.0000,5905.0000,5919.6000,5920.0000,5924.8000,5925.0000,5939.8000,2,1,1,2,1,1,1,1,1,3
SF,IC2008,2020-07-03 09:31:32.600,5918.2000,5840,0,161060440.000,0,-,-,-,-,5917.8000,5914.2000,5912.2000,5911.0000,5905.0000,5919.6000,5920.0000,5924.8000,5925.0000,5939.8000,2,1,1,2,1,1,1,1,1,3
SF,IC2008,2020-07-03 09:31:33.100,5918.0000,5839,-1,163427640.000,2,0,2,多平,S,5917.8000,5914.2000,5912.2000,5911.0000,5905.0000,5919.6000,5920.0000,5924.8000,5925.0000,5939.8000,2,1,1,2,1,2,1,1,1,3
SF,IC2008,2020-07-03 09:31:33.600,5918.0000,5839,0,163427640.000,0,-,-,-,-,5918.0000,5917.8000,5914.2000,5912.2000,5911.0000,5919.6000,5920.0000,5924.8000,5925.0000,5939.8000,3,2,1,1,2,1,1,1,1,3
SF,IC2008,2020-07-03 09:31:34.100,5918.0000,5839,0,163427640.000,0,-,-,-,-,5918.0000,5917.8000,5914.2000,5912.2000,5911.0000,5919.6000,5924.8000,5925.0000,5939.8000,6023.8000,3,2,1,1,2,1,1,1,3,1
SF,IC2008,2020-07-03 09:31:34.600,5918.0000,5839,0,163427640.000,0,-,-,-,-,5918.0000,5917.8000,5914.2000,5912.2000,5911.0000,5924.8000,5925.0000,5939.8000,6023.8000,6070.6000,1,2,1,1,2,1,1,3,1,1
SF,IC2008,2020-07-03 09:31:35.100,5918.0000,5839,0,163427640.000,0,-,-,-,-,5918.0000,5917.8000,5914.2000,5912.2000,5911.0000,5922.2000,5922.8000,5923.8000,5924.6000,5924.8000,2,2,1,1,2,1,1,1,6,3
SF,IC2008,2020-07-03 09:31:35.600,5918.0000,5839,0,163427640.000,0,-,-,-,-,5918.0000,5917.8000,5914.2000,5912.2000,5911.0000,5922.0000,5922.2000,5922.8000,5923.8000,5924.6000,1,2,1,1,2,3,1,1,1,2
SF,IC2008,2020-07-03 09:31:36.100,5918.0000,5839,0,163427640.000,0,-,-,-,-,5918.0000,5917.8000,5914.2000,5912.2000,5911.0000,5922.0000,5922.2000,5922.8000,5923.8000,5924.6000,1,2,1,1,2,4,1,1,1,1
SF,IC2008,2020-07-03 09:31:36.600,5918.0000,5839,0,163427640.000,0,-,-,-,-,5918.2000,5918.0000,5917.8000,5914.2000,5912.2000,5921.8000,5922.0000,5922.2000,5922.8000,5923.8000,1,1,2,1,1,1,4,1,1,1
SF,IC2008,2020-07-03 09:31:37.100,5918.0000,5839,0,163427640.000,0,-,-,-,-,5918.0000,5917.8000,5914.2000,5912.2000,5911.0000,5921.6000,5921.8000,5922.0000,5922.2000,5922.8000,1,2,1,1,2,3,1,1,1,1
SF,IC2008,2020-07-03 09:31:37.600,5918.0000,5839,0,163427640.000,0,-,-,-,-,5918.2000,5918.0000,5917.8000,5914.2000,5912.2000,5921.6000,5921.8000,5922.0000,5922.2000,5922.8000,2,1,2,1,1,2,1,1,1,1
SF,IC2008,2020-07-03 09:31:38.100,5918.0000,5838,-1,164611240.000,1,0,1,双平,S,5918.0000,5917.8000,5915.2000,5914.2000,5912.2000,5921.6000,5921.8000,5922.0000,5922.2000,5922.8000,1,2,1,1,1,2,1,1,1,1
SF,IC2008,2020-07-03 09:31:38.600,5918.0000,5838,0,165794840.000,1,0,1,多换,S,5918.2000,5918.0000,5917.8000,5915.2000,5914.2000,5921.6000,5921.8000,5922.0000,5922.2000,5922.8000,2,1,2,1,1,1,1,1,1,1
SF,IC2008,2020-07-03 09:31:39.100,5918.0000,5838,0,165794840.000,0,-,-,-,-,5918.4000,5918.2000,5918.0000,5917.8000,5915.2000,5921.6000,5922.2000,5923.8000,5924.6000,5924.8000,1,2,1,2,1,1,1,1,1,2
SF,IC2008,2020-07-03 09:31:39.600,5918.0000,5838,0,165794840.000,0,-,-,-,-,5918.6000,5918.4000,5918.0000,5917.8000,5915.2000,5921.4000,5921.6000,5922.2000,5923.8000,5924.8000,1,1,1,2,1,1,1,1,1,2
SF,IC2008,2020-07-03 09:31:40.100,5918.0000,5838,0,165794840.000,0,-,-,-,-,5918.8000,5918.0000,5917.8000,5915.2000,5914.2000,5921.4000,5921.6000,5922.2000,5923.8000,5924.8000,2,1,2,1,1,1,1,1,1,2
SF,IC2008,2020-07-03 09:31:40.600,5918.0000,5838,0,165794840.000,0,-,-,-,-,5918.8000,5918.0000,5917.8000,5915.2000,5914.2000,5921.2000,5922.2000,5923.8000,5924.8000,5925.0000,1,1,2,1,1,2,1,1,2,1
SF,IC2008,2020-07-03 09:31:41.100,5918.0000,5838,0,165794840.000,0,-,-,-,-,5919.0000,5918.8000,5918.0000,5917.8000,5915.2000,5921.2000,5922.2000,5923.8000,5924.8000,5925.0000,1,1,1,2,1,2,1,1,2,1
SF,IC2008,2020-07-03 09:31:41.600,5921.2000,5838,0,166979080.000,1,0,1,多换,S,5919.2000,5919.0000,5918.0000,5917.8000,5915.2000,5922.2000,5923.8000,5924.8000,5925.0000,5939.8000,1,2,1,2,1,1,1,2,1,3
SF,IC2008,2020-07-03 09:31:42.100,5921.2000,5838,0,166979080.000,0,-,-,-,-,5919.2000,5919.0000,5918.0000,5917.8000,5915.2000,5922.2000,5923.8000,5924.8000,5925.0000,5939.8000,1,2,1,2,1,1,1,2,1,3
SF,IC2008,2020-07-03 09:31:42.600,5922.2000,5837,-1,168163520.000,1,0,1,双平,S,5919.4000,5919.2000,5919.0000,5918.0000,5917.8000,5924.8000,5925.0000,5939.8000,5949.8000,6023.8000,1,1,1,1,2,1,1,3,2,1
SF,IC2008,2020-07-03 09:31:43.100,5919.6000,5837,0,169347440.000,1,0,1,多换,S,5919.6000,5919.4000,5918.6000,5918.2000,5918.0000,5924.6000,5924.8000,5925.0000,5939.8000,5949.8000,2,1,1,3,1,1,1,1,3,2
SF,IC2008,2020-07-03 09:31:43.600,5919.6000,5836,-1,170531360.000,1,0,1,双平,S,5919.6000,5918.6000,5918.2000,5918.0000,5917.8000,5924.4000,5924.6000,5924.8000,5925.0000,5939.8000,2,1,3,1,2,1,1,2,1,3
SF,IC2008,2020-07-03 09:31:44.100,5919.6000,5836,0,170531360.000,0,-,-,-,-,5919.6000,5918.6000,5918.2000,5918.0000,5917.8000,5924.2000,5924.4000,5924.8000,5925.0000,5939.8000,2,1,3,1,2,1,2,2,1,3
SF,IC2008,2020-07-03 09:31:44.600,5919.6000,5836,0,170531360.000,0,-,-,-,-,5919.6000,5918.6000,5918.2000,5918.0000,5917.8000,5924.2000,5924.4000,5924.8000,5925.0000,5939.8000,2,1,3,1,2,1,1,2,1,3
SF,IC2008,2020-07-03 09:31:45.100,5924.2000,5836,0,171716200.000,1,0,1,多换,S,5919.8000,5919.6000,5918.6000,5918.2000,5918.0000,5924.4000,5924.8000,5925.0000,5939.8000,5949.8000,1,2,1,3,1,1,1,1,3,2
SF,IC2008,2020-07-03 09:31:45.600,5924.2000,5836,0,171716200.000,0,-,-,-,-,5920.0000,5918.6000,5918.2000,5918.0000,5917.8000,5924.0000,5924.2000,5924.8000,5925.0000,5939.8000,2,1,3,1,2,1,2,1,1,3
SF,IC2008,2020-07-03 09:31:46.100,5924.2000,5836,0,171716200.000,0,-,-,-,-,5920.0000,5918.6000,5918.2000,5918.0000,5917.8000,5923.8000,5924.0000,5924.8000,5925.0000,5939.8000,2,1,3,1,2,3,1,1,1,3
SF,IC2008,2020-07-03 09:31:46.600,5924.2000,5836,0,171716200.000,0,-,-,-,-,5920.0000,5919.4000,5918.6000,5918.2000,5918.0000,5923.6000,5923.8000,5924.0000,5924.8000,5925.0000,1,1,1,3,1,2,2,1,1,1
SF,IC2008,2020-07-03 09:31:47.100,5924.2000,5836,0,171716200.000,0,-,-,-,-,5920.0000,5919.4000,5918.6000,5918.2000,5918.0000,5923.4000,5923.6000,5924.0000,5924.8000,5925.0000,1,1,1,3,1,2,2,1,1,1
SF,IC2008,2020-07-03 09:31:47.600,5924.2000,5836,0,171716200.000,0,-,-,-,-,5920.0000,5919.4000,5918.6000,5918.2000,5918.0000,5923.2000,5923.4000,5924.0000,5924.8000,5925.0000,1,1,1,3,1,1,2,1,1,1
SF,IC2008,2020-07-03 09:31:48.100,5920.0000,5835,-1,174084840.000,2,0,2,多平,S,5919.4000,5918.6000,5918.2000,5918.0000,5917.8000,5920.0000,5923.2000,5923.4000,5924.0000,5924.8000,1,1,3,1,2,1,1,1,1,1
SF,IC2008,2020-07-03 09:31:48.600,5920.0000,5834,-1,175268840.000,1,0,1,双平,S,5920.4000,5920.0000,5919.6000,5919.4000,5918.6000,5923.2000,5924.0000,5924.8000,5925.0000,5939.8000,1,2,1,1,1,1,1,1,1,3
SF,IC2008,2020-07-03 09:31:49.100,5923.0000,5834,0,176453440.000,1,0,1,多换,S,5920.0000,5919.6000,5919.4000,5918.6000,5918.2000,5923.2000,5924.0000,5924.8000,5925.0000,5939.8000,1,1,1,1,3,1,1,1,1,3
SF,IC2008,2020-07-03 09:31:49.600,5923.0000,5834,0,176453440.000,0,-,-,-,-,5920.2000,5920.0000,5919.6000,5919.4000,5918.6000,5923.0000,5923.2000,5924.0000,5924.8000,5925.0000,1,1,1,1,1,3,1,1,1,1
SF,IC2008,2020-07-03 09:31:50.100,5923.0000,5834,0,176453440.000,0,-,-,-,-,5920.2000,5920.0000,5919.6000,5919.4000,5918.6000,5922.8000,5923.0000,5923.2000,5924.0000,5924.8000,1,1,1,1,1,2,2,1,1,1
SF,IC2008,2020-07-03 09:31:50.600,5923.0000,5834,0,176453440.000,0,-,-,-,-,5920.2000,5920.0000,5919.6000,5919.4000,5918.6000,5922.6000,5922.8000,5923.2000,5924.8000,5925.0000,1,1,1,1,1,1,2,1,1,1
SF,IC2008,2020-07-03 09:31:51.100,5923.0000,5834,0,176453440.000,0,-,-,-,-,5920.2000,5919.4000,5918.6000,5918.2000,5918.0000,5922.6000,5922.8000,5923.2000,5924.8000,5925.0000,1,1,1,3,1,1,1,1,1,1
SF,IC2008,2020-07-03 09:31:51.600,5923.0000,5834,0,176453440.000,0,-,-,-,-,5920.2000,5919.4000,5918.6000,5918.2000,5918.0000,5922.4000,5922.6000,5922.8000,5923.2000,5924.8000,1,1,1,3,1,3,1,2,1,1
SF,IC2008,2020-07-03 09:31:52.100,5923.0000,5834,0,176453440.000,0,-,-,-,-,5919.4000,5918.6000,5918.2000,5918.0000,5917.8000,5922.2000,5922.4000,5922.8000,5923.2000,5924.8000,1,1,3,1,2,3,1,2,1,1
SF,IC2008,2020-07-03 09:31:52.600,5923.0000,5834,0,176453440.000,0,-,-,-,-,5919.4000,5918.6000,5918.2000,5918.0000,5917.8000,5922.0000,5922.2000,5922.4000,5922.8000,5923.2000,1,1,3,1,2,1,2,1,2,1
SF,IC2008,2020-07-03 09:31:53.100,5919.4000,5834,0,178821720.000,2,1,1,多换,S,5918.6000,5918.2000,5918.0000,5917.8000,5915.2000,5921.8000,5922.0000,5922.4000,5922.8000,5923.2000,1,3,1,2,1,2,1,1,2,1
SF,IC2008,2020-07-03 09:31:53.600,5919.4000,5834,0,178821720.000,0,-,-,-,-,5918.8000,5918.6000,5918.2000,5918.0000,5917.8000,5919.4000,5921.6000,5921.8000,5922.4000,5922.8000,1,1,3,1,2,1,1,1,1,1
SF,IC2008,2020-07-03 09:31:54.100,5919.4000,5833,-1,180005600.000,1,0,1,双平,S,5919.8000,5919.4000,5918.6000,5918.2000,5918.0000,5921.6000,5924.8000,5925.0000,5939.8000,5949.8000,1,4,1,3,1,1,1,1,3,2
SF,IC2008,2020-07-03 09:31:54.600,5919.4000,5833,0,180005600.000,0,-,-,-,-,5921.6000,5920.0000,5919.4000,5918.6000,5918.2000,5924.8000,5925.0000,5939.8000,5949.8000,5969.8000,4,2,1,1,3,1,1,3,2,2
SF,IC2008,2020-07-03 09:31:55.100,5924.6000,5834,1,183560360.000,3,2,1,空开,S,5921.8000,5920.0000,5919.4000,5918.6000,5918.2000,5924.8000,5925.0000,5939.8000,5949.8000,5969.8000,1,1,1,1,3,3,1,3,2,2
SF,IC2008,2020-07-03 09:31:55.600,5924.6000,5834,0,183560360.000,0,-,-,-,-,5921.8000,5920.0000,5919.4000,5918.6000,5918.2000,5924.4000,5924.6000,5924.8000,5925.0000,5939.8000,1,1,1,1,3,1,1,3,1,3
SF,IC2008,2020-07-03 09:31:56.100,5924.6000,5834,0,183560360.000,0,-,-,-,-,5922.0000,5920.0000,5919.4000,5918.6000,5918.2000,5924.4000,5924.6000,5924.8000,5925.0000,5939.8000,1,1,1,1,3,1,1,5,1,3
SF,IC2008,2020-07-03 09:31:56.600,5922.0000,5833,-1,184744760.000,1,0,1,双平,S,5920.0000,5918.6000,5918.2000,5918.0000,5917.8000,5924.4000,5924.6000,5924.8000,5925.0000,5939.8000,1,1,3,1,2,1,1,5,1,3
SF,IC2008,2020-07-03 09:31:57.100,5922.0000,5833,0,184744760.000,0,-,-,-,-,5920.2000,5920.0000,5918.6000,5918.2000,5918.0000,5924.4000,5924.6000,5924.8000,5925.0000,5939.8000,2,1,1,3,1,1,1,5,1,3
SF,IC2008,2020-07-03 09:31:57.600,5922.0000,5833,0,184744760.000,0,-,-,-,-,5920.4000,5920.2000,5918.6000,5918.2000,5918.0000,5924.4000,5924.6000,5924.8000,5925.0000,5932.0000,1,2,1,3,1,1,1,5,1,1
SF,IC2008,2020-07-03 09:31:58.100,5920.6000,5832,-1,185928880.000,1,0,1,双平,S,5920.4000,5920.2000,5919.4000,5918.6000,5918.2000,5924.2000,5924.4000,5924.6000,5924.8000,5925.0000,1,1,1,1,3,2,1,1,5,1
SF,IC2008,2020-07-03 09:31:58.600,5920.6000,5831,-1,187113000.000,1,0,1,双平,S,5920.2000,5919.4000,5918.6000,5918.2000,5918.0000,5923.8000,5924.0000,5924.2000,5924.4000,5924.6000,1,1,1,3,1,1,2,2,1,1
SF,IC2008,2020-07-03 09:31:59.100,5920.6000,5831,0,187113000.000,0,-,-,-,-,5920.4000,5919.4000,5918.6000,5918.2000,5918.0000,5923.6000,5924.0000,5924.6000,5924.8000,5925.0000,1,1,1,3,1,1,1,1,5,1
SF,IC2008,2020-07-03 09:31:59.600,5920.6000,5831,0,187113000.000,0,-,-,-,-,5919.4000,5918.6000,5918.2000,5918.0000,5917.8000,5923.4000,5923.6000,5923.8000,5924.0000,5924.6000,1,1,3,1,2,2,1,1,1,1
SF,IC2008,2020-07-03 09:32:00.100,5920.4000,5831,0,188297080.000,1,0,1,多换,S,5919.6000,5919.4000,5918.6000,5918.2000,5918.0000,5923.2000,5924.8000,5932.0000,5939.8000,5949.8000,1,1,1,3,1,1,5,1,3,2
SF,IC2008,2020-07-03 09:32:00.600,5920.4000,5831,0,189481160.000,1,0,1,多换,S,5919.6000,5919.4000,5918.6000,5918.2000,5918.0000,5923.2000,5924.8000,5932.0000,5939.8000,5949.8000,1,1,1,3,1,1,5,1,3,2
SF,IC2008,2020-07-03 09:32:01.100,5920.4000,5831,0,189481160.000,0,-,-,-,-,5919.6000,5919.4000,5918.6000,5918.2000,5918.0000,5923.0000,5923.2000,5924.8000,5932.0000,5939.8000,1,1,1,3,1,3,1,5,1,3
SF,IC2008,2020-07-03 09:32:01.600,5920.4000,5831,0,189481160.000,0,-,-,-,-,5920.0000,5919.4000,5918.6000,5918.2000,5918.0000,5922.8000,5923.0000,5924.8000,5932.0000,5939.8000,1,1,1,3,1,3,3,5,1,3
SF,IC2008,2020-07-03 09:32:02.100,5922.8000,5830,-1,191850280.000,2,0,2,多平,S,5920.0000,5919.4000,5918.6000,5918.2000,5918.0000,5922.8000,5923.0000,5924.8000,5932.0000,5939.8000,1,1,1,3,1,1,2,5,1,3
SF,IC2008,2020-07-03 09:32:02.600,5922.8000,5830,0,191850280.000,0,-,-,-,-,5920.0000,5919.4000,5918.6000,5918.2000,5918.0000,5922.4000,5922.8000,5923.0000,5924.8000,5932.0000,1,1,1,3,1,1,1,1,5,1
SF,IC2008,2020-07-03 09:32:03.100,5922.8000,5830,0,191850280.000,0,-,-,-,-,5920.0000,5919.4000,5918.6000,5918.2000,5918.0000,5922.2000,5922.4000,5924.8000,5932.0000,5939.8000,1,1,1,3,1,2,1,5,1,3
SF,IC2008,2020-07-03 09:32:03.600,5920.0000,5830,0,193034280.000,1,0,1,多换,S,5919.4000,5918.6000,5918.2000,5918.0000,5917.8000,5920.0000,5922.2000,5922.4000,5924.8000,5932.0000,1,1,3,1,2,1,2,1,5,1
SF,IC2008,2020-07-03 09:32:04.100,5920.0000,5829,-1,194218280.000,1,0,1,双平,S,5920.2000,5920.0000,5919.4000,5918.6000,5918.2000,5922.2000,5922.4000,5924.8000,5932.0000,5939.8000,1,1,1,1,3,1,1,5,1,3
SF,IC2008,2020-07-03 09:32:04.600,5920.0000,5829,0,194218280.000,0,-,-,-,-,5920.2000,5920.0000,5919.4000,5918.6000,5918.2000,5922.4000,5924.8000,5932.0000,5939.8000,5949.8000,1,1,1,1,3,1,5,1,3,2
SF,IC2008,2020-07-03 09:32:05.600,5920.0000,5828,-1,197770320.000,3,1,2,多平,S,5919.4000,5918.6000,5918.2000,5918.0000,5917.8000,5922.0000,5922.2000,5922.4000,5924.8000,5932.0000,1,1,3,1,2,1,2,1,4,1
SF,IC2008,2020-07-03 09:32:06.100,5919.4000,5828,0,198954200.000,1,0,1,多换,S,5920.6000,5918.6000,5918.2000,5918.0000,5917.8000,5921.8000,5922.0000,5924.8000,5932.0000,5939.8000,1,1,3,1,2,4,1,4,1,3
SF,IC2008,2020-07-03 09:32:06.600,5920.6000,5827,-1,200138320.000,1,0,1,双平,S,5918.6000,5918.2000,5918.0000,5917.8000,5914.2000,5919.8000,5920.4000,5921.6000,5921.8000,5922.0000,1,3,1,2,1,2,1,1,2,1
SF,IC2008,2020-07-03 09:32:07.100,5918.2000,5827,0,202505680.000,2,1,1,多换,S,5918.2000,5918.0000,5917.8000,5914.2000,5911.2000,5919.6000,5919.8000,5921.8000,5922.0000,5924.8000,2,1,2,1,1,1,2,1,1,4
SF,IC2008,2020-07-03 09:32:07.600,5918.2000,5827,0,202505680.000,0,-,-,-,-,5918.2000,5918.0000,5917.8000,5914.2000,5911.2000,5919.4000,5919.6000,5919.8000,5921.8000,5922.0000,2,1,2,1,1,1,1,2,1,1
SF,IC2008,2020-07-03 09:32:08.100,5918.2000,5827,0,203689320.000,1,0,1,多换,S,5918.2000,5918.0000,5917.8000,5916.2000,5914.2000,5919.8000,5922.0000,5924.8000,5932.0000,5939.8000,1,1,2,1,1,2,1,4,1,3
SF,IC2008,2020-07-03 09:32:08.600,5918.2000,5827,0,204872960.000,1,0,1,多换,S,5918.2000,5918.0000,5917.8000,5916.2000,5914.2000,5921.2000,5922.0000,5924.8000,5932.0000,5939.8000,1,1,2,1,1,1,1,4,1,3
SF,IC2008,2020-07-03 09:32:09.100,5918.2000,5827,0,204872960.000,0,-,-,-,-,5918.4000,5918.2000,5918.0000,5917.8000,5916.2000,5921.0000,5921.2000,5922.0000,5922.6000,5924.8000,1,1,1,2,1,1,1,1,1,4
SF,IC2008,2020-07-03 09:32:09.600,5921.0000,5826,-1,206057160.000,1,0,1,双平,S,5918.4000,5918.2000,5918.0000,5917.8000,5916.2000,5921.2000,5922.0000,5922.6000,5924.8000,5932.0000,1,1,1,2,1,1,1,1,4,1
SF,IC2008,2020-07-03 09:32:10.100,5918.6000,5826,0,207240880.000,1,0,1,多换,S,5918.4000,5918.2000,5918.0000,5917.8000,5916.2000,5920.8000,5922.0000,5922.6000,5924.8000,5932.0000,1,1,1,2,1,1,1,1,4,1
SF,IC2008,2020-07-03 09:32:10.600,5920.8000,5825,-1,208425040.000,1,0,1,双平,S,5918.6000,5918.4000,5918.2000,5918.0000,5917.8000,5922.0000,5922.6000,5924.8000,5932.0000,5939.8000,1,1,1,1,2,1,1,4,1,3
SF,IC2008,2020-07-03 09:32:11.100,5920.8000,5825,0,208425040.000,0,-,-,-,-,5918.8000,5918.6000,5918.2000,5918.0000,5917.8000,5922.0000,5922.6000,5924.8000,5932.0000,5939.8000,2,1,1,1,2,1,1,4,1,3
SF,IC2008,2020-07-03 09:32:11.600,5920.8000,5825,0,208425040.000,0,-,-,-,-,5919.0000,5918.8000,5918.2000,5918.0000,5917.8000,5921.8000,5922.0000,5922.6000,5924.8000,5932.0000,1,2,1,1,2,1,1,1,4,1
SF,IC2008,2020-07-03 09:32:12.100,5920.8000,5825,0,208425040.000,0,-,-,-,-,5918.8000,5918.0000,5917.8000,5916.2000,5914.2000,5921.6000,5921.8000,5922.0000,5922.6000,5924.8000,2,1,2,1,1,1,1,1,1,4
SF,IC2008,2020-07-03 09:32:12.600,5920.8000,5825,0,208425040.000,0,-,-,-,-,5918.8000,5918.0000,5917.8000,5916.2000,5914.2000,5921.4000,5921.6000,5921.8000,5922.0000,5922.6000,2,1,2,1,1,1,1,1,1,1
SF,IC2008,2020-07-03 09:32:13.100,5918.8000,5824,-1,209608800.000,1,0,1,双平,S,5918.0000,5917.8000,5916.2000,5914.2000,5911.2000,5921.4000,5921.8000,5922.0000,5922.6000,5924.8000,1,2,1,1,1,1,1,1,1,4
SF,IC2008,2020-07-03 09:32:13.600,5918.8000,5824,0,209608800.000,0,-,-,-,-,5918.2000,5918.0000,5917.8000,5916.2000,5914.2000,5921.2000,5921.8000,5922.0000,5922.6000,5924.8000,2,1,2,1,1,1,1,1,1,4
SF,IC2008,2020-07-03 09:32:14.100,5918.8000,5824,0,209608800.000,0,-,-,-,-,5918.4000,5918.2000,5918.0000,5917.8000,5916.2000,5921.0000,5921.2000,5921.8000,5922.0000,5922.6000,1,2,1,2,1,1,1,1,1,1
SF,IC2008,2020-07-03 09:32:15.600,5918.8000,5824,0,209608800.000,0,-,-,-,-,5918.4000,5918.2000,5918.0000,5917.8000,5916.2000,5920.8000,5921.0000,5921.2000,5921.8000,5922.0000,2,2,1,2,1,1,1,1,1,1
SF,IC2008,2020-07-03 09:32:16.100,5918.8000,5824,0,209608800.000,0,-,-,-,-,5918.4000,5918.2000,5918.0000,5917.8000,5916.2000,5920.6000,5920.8000,5921.0000,5921.8000,5922.0000,1,1,1,2,1,1,1,1,1,1
SF,IC2008,2020-07-03 09:32:16.600,5918.8000,5824,0,209608800.000,0,-,-,-,-,5918.4000,5918.2000,5918.0000,5917.8000,5916.2000,5920.6000,5921.8000,5922.0000,5922.6000,5924.8000,1,1,1,2,1,1,1,1,1,4
SF,IC2008,2020-07-03 09:32:17.100,5918.8000,5824,0,209608800.000,0,-,-,-,-,5918.4000,5918.0000,5917.8000,5916.2000,5914.2000,5920.4000,5920.6000,5921.8000,5922.0000,5922.6000,1,1,2,1,1,3,1,1,1,1
SF,IC2008,2020-07-03 09:32:17.600,5918.8000,5824,0,209608800.000,0,-,-,-,-,5918.6000,5918.4000,5918.0000,5917.8000,5916.2000,5920.2000,5920.4000,5921.8000,5922.0000,5922.6000,2,1,1,2,1,1,1,1,1,1
SF,IC2008,2020-07-03 09:32:18.100,5918.6000,5825,1,213160280.000,3,2,1,空开,S,5918.4000,5918.0000,5917.8000,5916.2000,5914.2000,5920.4000,5921.8000,5922.0000,5924.8000,5932.0000,1,1,2,1,1,1,1,1,4,1
SF,IC2008,2020-07-03 09:32:18.600,5918.6000,5825,0,213160280.000,0,-,-,-,-,5918.4000,5918.2000,5918.0000,5917.8000,5916.2000,5920.4000,5921.8000,5922.0000,5924.8000,5932.0000,1,1,1,2,1,1,1,1,4,1
SF,IC2008,2020-07-03 09:32:19.100,5918.6000,5825,0,213160280.000,0,-,-,-,-,5918.4000,5918.2000,5918.0000,5917.8000,5916.2000,5921.8000,5922.0000,5924.8000,5932.0000,5939.8000,1,1,1,2,1,1,1,4,1,3
SF,IC2008,2020-07-03 09:32:19.600,5918.6000,5825,0,213160280.000,0,-,-,-,-,5918.6000,5918.4000,5918.2000,5918.0000,5917.8000,5921.8000,5922.0000,5924.8000,5932.0000,5939.8000,4,1,2,1,2,2,1,4,1,3
SF,IC2008,2020-07-03 09:32:20.100,5918.6000,5825,0,213160280.000,0,-,-,-,-,5918.6000,5918.4000,5918.2000,5918.0000,5917.8000,5921.8000,5922.0000,5924.8000,5932.0000,5939.8000,4,1,2,1,2,1,1,4,1,3
SF,IC2008,2020-07-03 09:32:20.600,5918.6000,5825,0,213160280.000,0,-,-,-,-,5918.6000,5918.4000,5918.2000,5918.0000,5917.8000,5921.6000,5921.8000,5922.0000,5924.8000,5932.0000,2,1,2,1,2,1,1,1,4,1
SF,IC2008,2020-07-03 09:32:21.600,5918.6000,5825,0,213160280.000,0,-,-,-,-,5918.8000,5918.6000,5918.4000,5918.2000,5918.0000,5921.8000,5922.0000,5924.8000,5932.0000,5939.8000,1,2,1,2,1,1,1,4,1,3
SF,IC2008,2020-07-03 09:32:22.100,5921.8000,5825,0,214344640.000,1,0,1,多换,S,5919.0000,5918.6000,5918.4000,5918.2000,5918.0000,5922.0000,5924.8000,5932.0000,5939.8000,5949.8000,1,1,1,2,1,1,4,1,3,2
SF,IC2008,2020-07-03 09:32:22.600,5921.8000,5825,0,214344640.000,0,-,-,-,-,5919.0000,5918.6000,5918.4000,5918.2000,5918.0000,5921.8000,5922.0000,5924.8000,5932.0000,5939.8000,1,1,1,2,1,2,2,4,1,3
SF,IC2008,2020-07-03 09:32:23.100,5919.0000,5824,-1,215528440.000,1,0,1,双平,S,5918.6000,5918.4000,5918.2000,5918.0000,5917.8000,5924.8000,5932.0000,5939.8000,5949.8000,5969.8000,1,1,2,1,2,4,1,3,2,2
SF,IC2008,2020-07-03 09:32:23.600,5919.0000,5824,0,215528440.000,0,-,-,-,-,5918.8000,5918.6000,5918.4000,5918.2000,5918.0000,5922.0000,5922.8000,5923.8000,5924.2000,5924.6000,1,1,1,2,1,1,1,1,1,2
SF,IC2008,2020-07-03 09:32:24.100,5919.0000,5824,0,215528440.000,0,-,-,-,-,5919.0000,5918.8000,5918.4000,5918.2000,5918.0000,5922.8000,5923.8000,5924.2000,5924.6000,5924.8000,3,1,1,2,1,1,1,1,2,5
SF,IC2008,2020-07-03 09:32:24.600,5919.0000,5824,0,215528440.000,0,-,-,-,-,5919.2000,5919.0000,5918.4000,5918.2000,5918.0000,5922.0000,5922.6000,5922.8000,5923.8000,5924.2000,1,3,1,2,1,1,1,1,1,1
SF,IC2008,2020-07-03 09:32:25.100,5919.0000,5824,0,215528440.000,0,-,-,-,-,5919.4000,5919.2000,5918.4000,5918.2000,5918.0000,5922.6000,5922.8000,5923.8000,5924.2000,5924.8000,1,1,1,2,1,1,1,1,1,5
SF,IC2008,2020-07-03 09:32:25.600,5919.0000,5824,0,215528440.000,0,-,-,-,-,5919.6000,5919.4000,5918.4000,5918.2000,5918.0000,5923.8000,5924.8000,5932.0000,5939.8000,5949.8000,3,1,1,2,1,1,5,1,3,2
SF,IC2008,2020-07-03 09:32:26.100,5919.0000,5824,0,215528440.000,0,-,-,-,-,5919.6000,5918.4000,5918.2000,5918.0000,5917.8000,5923.6000,5923.8000,5924.8000,5932.0000,5939.8000,3,1,2,1,2,1,1,5,1,3
SF,IC2008,2020-07-03 09:32:26.600,5919.0000,5824,0,215528440.000,0,-,-,-,-,5919.8000,5919.6000,5918.4000,5918.2000,5918.0000,5922.0000,5922.8000,5923.6000,5923.8000,5924.8000,2,3,1,2,1,1,1,2,1,4
SF,IC2008,2020-07-03 09:32:27.100,5919.0000,5824,0,215528440.000,0,-,-,-,-,5920.0000,5919.8000,5919.6000,5918.4000,5918.2000,5923.6000,5923.8000,5924.8000,5932.0000,5939.8000,1,2,1,1,2,1,1,4,1,3
SF,IC2008,2020-07-03 09:32:27.600,5919.0000,5824,0,215528440.000,0,-,-,-,-,5920.2000,5920.0000,5918.4000,5918.2000,5918.0000,5922.8000,5923.6000,5923.8000,5924.8000,5932.0000,1,1,1,2,1,1,1,1,4,1
SF,IC2008,2020-07-03 09:32:28.100,5920.0000,5823,-1,216712440.000,1,0,1,双平,S,5920.4000,5918.4000,5918.2000,5918.0000,5917.8000,5923.6000,5923.8000,5924.8000,5932.0000,5939.8000,2,1,2,1,2,1,1,4,1,3
SF,IC2008,2020-07-03 09:32:28.600,5920.0000,5823,0,216712440.000,0,-,-,-,-,5920.6000,5920.4000,5918.4000,5918.2000,5918.0000,5922.8000,5923.4000,5923.6000,5923.8000,5924.8000,2,2,1,2,1,1,1,1,1,4
SF,IC2008,2020-07-03 09:32:29.100,5920.0000,5823,0,216712440.000,0,-,-,-,-,5922.8000,5920.8000,5920.4000,5918.4000,5918.2000,5923.4000,5923.6000,5924.8000,5932.0000,5939.8000,1,2,2,1,2,1,1,4,1,3
SF,IC2008,2020-07-03 09:32:29.600,5922.8000,5820,-3,222635200.000,5,1,4,多平,S,5920.8000,5920.4000,5918.4000,5918.2000,5918.0000,5922.8000,5923.4000,5924.8000,5932.0000,5939.8000,1,2,1,2,1,1,1,4,1,3
SF,IC2008,2020-07-03 09:32:30.100,5924.8000,5821,1,225004720.000,2,1,1,空开,S,5922.8000,5921.0000,5920.8000,5920.4000,5918.4000,5924.8000,5932.0000,5939.8000,5949.8000,5969.8000,1,2,1,2,1,3,1,3,2,2
SF,IC2008,2020-07-03 09:32:30.600,5924.8000,5821,0,225004720.000,0,-,-,-,-,5921.0000,5920.4000,5918.4000,5918.2000,5918.0000,5923.8000,5924.6000,5924.8000,5932.0000,5939.8000,2,2,1,2,1,1,1,5,1,3
SF,IC2008,2020-07-03 09:32:31.100,5924.8000,5821,0,225004720.000,0,-,-,-,-,5921.2000,5921.0000,5920.4000,5918.4000,5918.2000,5923.6000,5923.8000,5924.8000,5932.0000,5939.8000,1,1,2,1,2,1,1,5,1,3
SF,IC2008,2020-07-03 09:32:31.600,5923.6000,5820,-1,227374160.000,2,0,2,多平,S,5921.4000,5921.2000,5918.4000,5918.2000,5918.0000,5923.8000,5924.8000,5932.0000,5939.8000,5949.8000,2,1,1,2,1,1,5,1,3,2
SF,IC2008,2020-07-03 09:32:32.100,5923.6000,5820,0,227374160.000,0,-,-,-,-,5921.4000,5921.2000,5918.4000,5918.2000,5918.0000,5923.8000,5924.8000,5932.0000,5939.8000,5949.8000,2,1,1,2,1,1,5,1,3,2
SF,IC2008,2020-07-03 09:32:32.600,5921.6000,5818,-2,229743240.000,2,0,2,双平,S,5921.4000,5918.4000,5918.2000,5918.0000,5917.8000,5923.8000,5924.8000,5932.0000,5939.8000,5949.8000,1,1,2,1,2,1,4,1,3,2
SF,IC2008,2020-07-03 09:32:33.100,5921.6000,5817,-1,230927560.000,1,0,1,双平,S,5921.6000,5921.4000,5918.4000,5918.2000,5918.0000,5923.8000,5924.8000,5932.0000,5939.8000,5949.8000,3,1,1,2,1,1,4,1,3,2
SF,IC2008,2020-07-03 09:32:33.600,5921.6000,5817,0,230927560.000,0,-,-,-,-,5921.8000,5921.6000,5918.4000,5918.2000,5918.0000,5923.6000,5923.8000,5924.8000,5932.0000,5939.8000,1,3,1,2,1,2,1,4,1,3
SF,IC2008,2020-07-03 09:32:34.100,5923.6000,5817,0,232112280.000,1,0,1,多换,S,5922.0000,5921.8000,5921.6000,5918.4000,5918.2000,5923.8000,5924.8000,5932.0000,5939.8000,5949.8000,1,1,3,1,2,1,4,1,3,2
SF,IC2008,2020-07-03 09:32:34.600,5923.6000,5817,0,232112280.000,0,-,-,-,-,5922.2000,5922.0000,5921.8000,5921.6000,5918.4000,5923.8000,5924.8000,5932.0000,5939.8000,5949.8000,1,1,1,3,1,1,4,1,3,2
SF,IC2008,2020-07-03 09:32:35.100,5923.6000,5817,0,232112280.000,0,-,-,-,-,5922.2000,5921.8000,5921.6000,5918.4000,5918.2000,5924.8000,5932.0000,5939.8000,5949.8000,5969.8000,1,1,3,1,2,4,1,3,2,2
SF,IC2008,2020-07-03 09:32:35.600,5923.6000,5817,0,232112280.000,0,-,-,-,-,5921.8000,5921.6000,5918.4000,5918.2000,5918.0000,5924.8000,5932.0000,5939.8000,5949.8000,5969.8000,1,3,1,2,1,5,1,3,2,2
SF,IC2008,2020-07-03 09:32:36.100,5923.6000,5817,0,232112280.000,0,-,-,-,-,5922.0000,5921.8000,5921.6000,5918.4000,5918.2000,5924.8000,5932.0000,5939.8000,5949.8000,5969.8000,2,2,3,1,2,4,1,3,2,2
SF,IC2008,2020-07-03 09:32:36.600,5923.6000,5817,0,232112280.000,0,-,-,-,-,5922.2000,5922.0000,5921.8000,5918.4000,5918.2000,5924.8000,5932.0000,5939.8000,5949.8000,5969.8000,1,2,1,1,2,4,1,3,2,2
SF,IC2008,2020-07-03 09:32:37.100,5923.6000,5817,0,232112280.000,0,-,-,-,-,5922.2000,5922.0000,5921.8000,5918.4000,5918.2000,5924.8000,5932.0000,5939.8000,5949.8000,5969.8000,1,1,1,1,2,4,1,3,2,2
SF,IC2008,2020-07-03 09:32:37.600,5924.8000,5817,0,233297240.000,1,0,1,多换,S,5922.4000,5922.2000,5921.8000,5918.4000,5918.2000,5924.8000,5932.0000,5939.8000,5949.8000,5969.8000,1,1,1,1,2,3,1,3,2,2
SF,IC2008,2020-07-03 09:32:38.100,5922.6000,5816,-1,236850800.000,3,1,2,多平,S,5922.6000,5922.4000,5921.8000,5918.4000,5918.2000,5924.8000,5932.0000,5939.8000,5949.8000,5969.8000,4,2,1,1,1,4,1,3,2,2
SF,IC2008,2020-07-03 09:32:38.600,5922.6000,5816,0,236850800.000,0,-,-,-,-,5922.6000,5922.4000,5921.8000,5918.4000,5918.2000,5924.8000,5932.0000,5939.8000,5949.8000,5969.8000,4,1,1,1,1,5,1,3,2,2
SF,IC2008,2020-07-03 09:32:39.100,5922.6000,5816,0,236850800.000,0,-,-,-,-,5922.8000,5922.6000,5922.4000,5918.4000,5918.2000,5924.8000,5932.0000,5939.8000,5949.8000,5969.8000,2,4,1,1,1,4,1,3,2,2
SF,IC2008,2020-07-03 09:32:39.600,5924.8000,5816,0,238035760.000,1,0,1,多换,S,5923.0000,5922.8000,5922.4000,5918.4000,5918.2000,5924.8000,5932.0000,5939.8000,5949.8000,5969.8000,1,3,1,1,1,3,1,3,2,2
SF,IC2008,2020-07-03 09:32:40.100,5924.8000,5816,0,238035760.000,0,-,-,-,-,5923.2000,5923.0000,5922.8000,5922.4000,5918.4000,5924.8000,5932.0000,5939.8000,5949.8000,5969.8000,4,1,1,1,1,3,1,3,2,2
SF,IC2008,2020-07-03 09:32:40.600,5924.8000,5815,-1,239220720.000,1,0,1,双平,S,5923.4000,5923.2000,5922.8000,5922.4000,5918.4000,5924.8000,5932.0000,5939.8000,5949.8000,5969.8000,4,4,1,1,1,2,1,3,2,2
SF,IC2008,2020-07-03 09:32:41.100,5924.8000,5814,-1,241590640.000,2,0,2,多平,S,5923.6000,5923.4000,5923.2000,5922.8000,5922.4000,5932.0000,5939.8000,5949.8000,5969.8000,5999.8000,1,3,4,1,1,1,3,2,2,2
SF,IC2008,2020-07-03 09:32:41.600,5924.8000,5814,0,241590640.000,0,-,-,-,-,5924.8000,5923.8000,5923.4000,5922.4000,5918.4000,5926.8000,5927.4000,5931.4000,5931.8000,5932.0000,1,1,1,1,1,2,1,1,1,2
SF,IC2008,2020-07-03 09:32:42.100,5924.8000,5814,0,241590640.000,0,-,-,-,-,5923.4000,5918.4000,5918.2000,5918.0000,5917.8000,5926.2000,5926.6000,5926.8000,5927.4000,5932.0000,1,1,1,1,2,1,1,3,1,1
SF,IC2008,2020-07-03 09:32:42.600,5924.8000,5814,0,241590640.000,0,-,-,-,-,5923.6000,5918.4000,5918.0000,5917.8000,5916.2000,5926.0000,5926.2000,5926.8000,5927.4000,5932.0000,4,1,1,2,1,1,2,2,1,1
SF,IC2008,2020-07-03 09:32:43.100,5923.6000,5814,0,242775360.000,1,0,1,多换,S,5923.6000,5918.4000,5918.0000,5917.8000,5916.2000,5926.0000,5926.2000,5926.8000,5927.4000,5932.0000,3,1,1,2,1,4,1,2,1,1
SF,IC2008,2020-07-03 09:32:43.600,5923.6000,5814,0,242775360.000,0,-,-,-,-,5923.8000,5923.6000,5918.4000,5918.0000,5917.8000,5925.4000,5926.0000,5926.8000,5927.4000,5932.0000,1,3,1,1,2,1,3,2,1,1
SF,IC2008,2020-07-03 09:32:44.100,5923.6000,5814,0,242775360.000,0,-,-,-,-,5918.4000,5918.0000,5917.8000,5916.2000,5914.2000,5925.2000,5925.4000,5926.0000,5926.8000,5927.4000,1,1,2,1,1,1,2,2,2,1
SF,IC2008,2020-07-03 09:32:44.600,5923.6000,5814,0,242775360.000,0,-,-,-,-,5918.6000,5918.4000,5917.8000,5916.2000,5914.2000,5925.0000,5925.2000,5925.4000,5926.8000,5927.4000,3,2,2,1,1,1,1,1,2,1
SF,IC2008,2020-07-03 09:32:45.100,5924.8000,5814,0,243960320.000,1,0,1,多换,S,5918.6000,5918.4000,5917.8000,5916.2000,5914.2000,5925.0000,5925.4000,5926.8000,5927.4000,5932.0000,2,2,2,1,1,2,1,2,1,1
SF,IC2008,2020-07-03 09:32:45.600,5924.8000,5814,0,243960320.000,0,-,-,-,-,5919.2000,5918.8000,5918.6000,5918.4000,5917.8000,5925.0000,5925.4000,5926.8000,5927.4000,5932.0000,4,2,2,2,2,2,1,2,1,1
SF,IC2008,2020-07-03 09:32:46.100,5924.8000,5814,0,243960320.000,0,-,-,-,-,5919.4000,5919.2000,5918.6000,5918.4000,5917.8000,5925.0000,5925.4000,5926.8000,5927.4000,5932.0000,4,4,1,2,2,2,1,2,1,1
SF,IC2008,2020-07-03 09:32:46.600,5924.8000,5814,0,243960320.000,0,-,-,-,-,5919.4000,5919.2000,5918.6000,5918.4000,5917.8000,5925.0000,5925.4000,5926.8000,5927.4000,5932.0000,4,4,1,2,2,2,1,2,1,1
SF,IC2008,2020-07-03 09:32:47.100,5924.8000,5814,0,243960320.000,0,-,-,-,-,5919.8000,5919.4000,5919.2000,5918.6000,5918.4000,5925.0000,5925.4000,5926.8000,5927.4000,5932.0000,1,3,4,1,2,2,1,2,1,1
SF,IC2008,2020-07-03 09:32:47.600,5924.8000,5814,0,243960320.000,0,-,-,-,-,5920.0000,5919.8000,5919.4000,5919.2000,5918.6000,5925.0000,5926.8000,5927.4000,5932.0000,5939.8000,2,1,1,4,1,2,2,1,1,3
SF,IC2008,2020-07-03 09:32:48.100,5920.2000,5814,0,245144360.000,1,0,1,多换,S,5920.0000,5919.8000,5919.4000,5919.2000,5918.4000,5925.0000,5926.8000,5927.4000,5932.0000,5939.8000,2,1,1,4,2,2,2,1,1,3
SF,IC2008,2020-07-03 09:32:48.600,5920.2000,5814,0,245144360.000,0,-,-,-,-,5920.2000,5920.0000,5919.8000,5919.4000,5919.2000,5925.0000,5926.8000,5927.4000,5932.0000,5939.8000,1,1,1,1,4,3,2,1,1,3
SF,IC2008,2020-07-03 09:32:49.100,5920.2000,5814,0,245144360.000,0,-,-,-,-,5920.4000,5919.8000,5919.4000,5918.4000,5917.8000,5925.0000,5926.8000,5927.4000,5932.0000,5939.8000,2,1,1,2,2,3,2,1,1,3
SF,IC2008,2020-07-03 09:32:49.600,5920.2000,5814,0,245144360.000,0,-,-,-,-,5920.6000,5920.4000,5920.0000,5919.8000,5919.4000,5925.0000,5926.8000,5927.4000,5932.0000,5939.8000,1,2,2,1,1,3,2,1,1,3
SF,IC2008,2020-07-03 09:32:50.100,5920.2000,5814,0,245144360.000,0,-,-,-,-,5921.0000,5920.8000,5920.4000,5920.0000,5919.8000,5925.0000,5926.8000,5927.4000,5932.0000,5939.8000,5,3,1,2,1,3,2,1,1,3
SF,IC2008,2020-07-03 09:32:50.600,5920.2000,5814,0,245144360.000,0,-,-,-,-,5921.4000,5921.2000,5921.0000,5920.0000,5919.4000,5925.0000,5926.8000,5927.4000,5932.0000,5939.8000,1,1,5,2,1,3,2,1,1,3
SF,IC2008,2020-07-03 09:32:51.100,5920.2000,5814,0,245144360.000,0,-,-,-,-,5921.6000,5921.4000,5921.0000,5920.0000,5919.4000,5925.0000,5926.8000,5927.4000,5932.0000,5939.8000,1,1,5,2,1,3,2,1,1,3
SF,IC2008,2020-07-03 09:32:51.600,5924.8000,5814,0,246329320.000,1,0,1,多换,S,5921.8000,5921.6000,5921.4000,5920.0000,5918.4000,5924.8000,5925.0000,5926.8000,5927.4000,5932.0000,1,1,1,3,2,1,3,2,1,1
SF,IC2008,2020-07-03 09:32:52.100,5924.8000,5814,0,246329320.000,0,-,-,-,-,5921.8000,5921.6000,5921.4000,5920.0000,5918.4000,5924.8000,5925.0000,5926.8000,5927.4000,5932.0000,1,1,1,3,2,2,2,2,1,1
SF,IC2008,2020-07-03 09:32:52.600,5924.8000,5814,0,246329320.000,0,-,-,-,-,5922.2000,5921.4000,5920.0000,5918.4000,5916.2000,5924.6000,5924.8000,5925.0000,5926.8000,5927.4000,5,1,3,1,1,1,3,2,2,1
SF,IC2008,2020-07-03 09:32:53.100,5922.2000,5814,0,252251520.000,5,2,3,多换,S,5921.4000,5920.0000,5918.4000,5916.2000,5914.2000,5924.6000,5924.8000,5925.0000,5926.8000,5927.4000,1,3,1,1,1,2,2,2,2,1
SF,IC2008,2020-07-03 09:32:53.600,5922.2000,5814,0,252251520.000,0,-,-,-,-,5921.4000,5920.0000,5918.4000,5916.2000,5914.2000,5924.4000,5924.6000,5924.8000,5925.0000,5926.8000,1,3,1,1,1,1,2,2,1,2
SF,IC2008,2020-07-03 09:32:54.100,5924.2000,5814,0,253436360.000,1,0,1,多换,S,5921.6000,5921.4000,5920.0000,5918.4000,5916.2000,5924.4000,5924.8000,5925.0000,5926.8000,5927.4000,1,1,3,1,1,2,2,1,2,1
SF,IC2008,2020-07-03 09:32:54.600,5924.2000,5814,0,253436360.000,0,-,-,-,-,5921.6000,5920.0000,5918.4000,5916.2000,5914.2000,5924.4000,5924.8000,5925.0000,5926.8000,5927.4000,1,3,1,1,1,2,1,1,2,1
SF,IC2008,2020-07-03 09:32:55.100,5924.2000,5814,0,253436360.000,0,-,-,-,-,5920.0000,5918.4000,5916.2000,5914.2000,5912.6000,5924.2000,5924.4000,5924.8000,5925.0000,5926.8000,3,1,1,1,3,1,2,1,1,2
SF,IC2008,2020-07-03 09:32:55.600,5924.2000,5814,0,253436360.000,0,-,-,-,-,5920.2000,5920.0000,5918.4000,5916.2000,5914.2000,5924.0000,5924.2000,5924.8000,5925.0000,5926.8000,1,1,1,1,1,2,2,1,1,2
SF,IC2008,2020-07-03 09:32:56.100,5924.2000,5814,0,253436360.000,0,-,-,-,-,5921.8000,5920.2000,5920.0000,5918.4000,5916.2000,5923.8000,5924.0000,5924.2000,5925.0000,5926.8000,2,1,1,1,1,1,3,1,1,2
SF,IC2008,2020-07-03 09:32:56.600,5921.8000,5815,1,256989440.000,3,2,1,空开,S,5920.0000,5918.4000,5916.2000,5914.2000,5912.6000,5923.6000,5923.8000,5924.2000,5925.0000,5926.8000,1,1,1,1,3,1,1,1,1,2
SF,IC2008,2020-07-03 09:32:57.100,5923.4000,5815,0,259358120.000,2,1,1,多换,S,5918.4000,5916.2000,5914.2000,5912.6000,5912.2000,5923.4000,5923.6000,5923.8000,5925.0000,5926.8000,1,1,1,3,1,1,1,1,1,2
SF,IC2008,2020-07-03 09:32:57.600,5923.4000,5815,0,259358120.000,0,-,-,-,-,5918.6000,5918.4000,5916.2000,5914.2000,5912.6000,5923.2000,5923.4000,5923.8000,5925.0000,5926.8000,1,1,1,1,3,1,1,1,1,2
SF,IC2008,2020-07-03 09:32:58.100,5918.6000,5814,-1,260541840.000,1,0,1,双平,S,5918.4000,5916.2000,5914.2000,5912.6000,5912.2000,5923.0000,5923.2000,5923.8000,5925.0000,5926.8000,1,1,1,3,1,2,1,1,1,2
SF,IC2008,2020-07-03 09:32:58.600,5918.6000,5814,0,260541840.000,0,-,-,-,-,5918.8000,5918.4000,5916.2000,5914.2000,5912.6000,5922.8000,5923.0000,5923.8000,5925.0000,5926.8000,1,1,1,1,3,2,2,1,1,2
SF,IC2008,2020-07-03 09:32:59.100,5918.6000,5814,0,260541840.000,0,-,-,-,-,5919.0000,5918.8000,5918.4000,5916.2000,5914.2000,5920.0000,5920.2000,5922.6000,5922.8000,5923.0000,1,1,1,1,1,1,1,1,2,1
SF,IC2008,2020-07-03 09:32:59.600,5920.2000,5813,-1,262909880.000,2,0,2,多平,S,5919.0000,5918.8000,5918.4000,5916.2000,5914.2000,5922.8000,5923.0000,5925.0000,5926.8000,5932.0000,1,1,1,1,1,1,1,1,1,1
SF,IC2008,2020-07-03 09:33:00.100,5919.0000,5812,-1,264093680.000,1,0,1,双平,S,5918.8000,5918.4000,5916.2000,5914.2000,5912.6000,5922.6000,5922.8000,5923.0000,5925.0000,5926.8000,1,1,1,1,3,1,1,1,1,1
SF,IC2008,2020-07-03 09:33:00.600,5919.0000,5812,0,264093680.000,0,-,-,-,-,5918.8000,5918.4000,5916.2000,5914.2000,5912.6000,5920.2000,5922.4000,5922.6000,5925.0000,5932.0000,1,1,1,1,3,1,1,1,1,1
SF,IC2008,2020-07-03 09:33:01.100,5920.2000,5812,0,265277720.000,1,0,1,多换,S,5920.2000,5918.8000,5918.4000,5916.2000,5914.2000,5922.4000,5922.6000,5925.0000,5932.0000,5939.8000,1,1,1,1,1,1,1,1,1,3
SF,IC2008,2020-07-03 09:33:01.600,5920.2000,5812,0,265277720.000,0,-,-,-,-,5920.4000,5918.4000,5916.2000,5914.2000,5912.6000,5922.4000,5925.0000,5932.0000,5939.8000,5949.8000,1,1,1,1,3,1,1,1,3,2
SF,IC2008,2020-07-03 09:33:02.100,5920.2000,5812,0,265277720.000,0,-,-,-,-,5918.4000,5916.2000,5914.2000,5912.6000,5912.2000,5922.0000,5922.2000,5922.4000,5925.0000,5932.0000,1,1,1,3,1,1,1,1,1,1
SF,IC2008,2020-07-03 09:33:02.600,5920.2000,5812,0,265277720.000,0,-,-,-,-,5918.8000,5918.6000,5918.4000,5916.2000,5914.2000,5921.8000,5922.0000,5925.0000,5932.0000,5939.8000,1,2,1,1,1,1,1,1,1,3
SF,IC2008,2020-07-03 09:33:03.100,5919.0000,5811,-1,266461520.000,1,0,1,双平,S,5919.0000,5918.8000,5918.6000,5918.4000,5916.2000,5921.6000,5921.8000,5922.0000,5925.0000,5932.0000,1,1,1,1,1,1,1,1,1,1
SF,IC2008,2020-07-03 09:33:03.600,5919.0000,5811,0,266461520.000,0,-,-,-,-,5919.0000,5918.8000,5918.4000,5916.2000,5914.2000,5921.4000,5921.6000,5922.0000,5925.0000,5932.0000,1,1,1,1,1,1,1,1,1,1
SF,IC2008,2020-07-03 09:33:04.100,5919.0000,5811,0,266461520.000,0,-,-,-,-,5918.8000,5918.4000,5916.2000,5914.2000,5912.6000,5921.2000,5921.4000,5922.0000,5925.0000,5932.0000,1,1,1,1,3,1,1,1,1,1
SF,IC2008,2020-07-03 09:33:04.600,5919.0000,5811,0,266461520.000,0,-,-,-,-,5918.8000,5918.4000,5916.2000,5914.2000,5912.6000,5921.0000,5921.2000,5922.0000,5925.0000,5932.0000,1,1,1,1,3,2,1,1,1,1
SF,IC2008,2020-07-03 09:33:05.100,5919.0000,5811,0,266461520.000,0,-,-,-,-,5919.0000,5918.8000,5918.4000,5916.2000,5914.2000,5921.0000,5922.0000,5925.0000,5932.0000,5939.8000,1,1,1,1,1,2,1,1,1,3
SF,IC2008,2020-07-03 09:33:05.600,5919.0000,5811,0,267645320.000,1,0,1,多换,S,5918.8000,5918.4000,5916.2000,5914.2000,5912.6000,5921.0000,5925.0000,5932.0000,5939.8000,5949.8000,1,1,1,1,3,2,1,1,3,2
SF,IC2008,2020-07-03 09:33:06.100,5919.0000,5811,0,267645320.000,0,-,-,-,-,5918.8000,5918.4000,5916.2000,5914.2000,5912.6000,5920.8000,5921.0000,5925.0000,5932.0000,5939.8000,2,1,1,1,3,2,1,1,1,3
SF,IC2008,2020-07-03 09:33:06.600,5919.0000,5811,0,267645320.000,0,-,-,-,-,5918.8000,5918.4000,5916.2000,5914.2000,5912.6000,5921.0000,5925.0000,5932.0000,5939.8000,5949.8000,2,1,1,1,3,1,1,1,3,2
SF,IC2008,2020-07-03 09:33:07.100,5921.0000,5810,-1,268829520.000,1,0,1,双平,S,5919.0000,5918.8000,5918.4000,5916.2000,5914.2000,5925.0000,5932.0000,5939.8000,5949.8000,5969.8000,3,2,1,1,1,1,1,3,2,2
SF,IC2008,2020-07-03 09:33:07.600,5921.0000,5810,0,268829520.000,0,-,-,-,-,5919.2000,5919.0000,5918.8000,5918.4000,5916.2000,5924.6000,5924.8000,5925.0000,5932.0000,5939.8000,2,1,1,1,1,1,3,1,1,3
SF,IC2008,2020-07-03 09:33:08.100,5919.4000,5809,-1,270013400.000,1,0,1,双平,S,5919.2000,5918.8000,5918.4000,5916.2000,5914.2000,5924.4000,5924.6000,5924.8000,5925.0000,5932.0000,2,1,1,1,1,4,1,1,1,1
SF,IC2008,2020-07-03 09:33:08.600,5919.4000,5809,0,270013400.000,0,-,-,-,-,5918.8000,5918.4000,5916.2000,5914.2000,5912.6000,5924.2000,5924.4000,5924.6000,5924.8000,5925.0000,1,1,1,1,3,2,3,1,1,1
SF,IC2008,2020-07-03 09:33:09.100,5919.4000,5809,0,270013400.000,0,-,-,-,-,5919.0000,5918.8000,5918.4000,5916.2000,5914.2000,5924.0000,5924.4000,5924.6000,5924.8000,5925.0000,1,1,1,1,1,3,1,1,1,1
SF,IC2008,2020-07-03 09:33:09.600,5919.4000,5809,0,270013400.000,0,-,-,-,-,5919.0000,5918.8000,5918.4000,5916.2000,5914.2000,5923.8000,5924.0000,5924.4000,5924.6000,5924.8000,1,1,1,1,1,3,3,1,1,1
SF,IC2008,2020-07-03 09:33:10.100,5919.4000,5809,0,270013400.000,0,-,-,-,-,5918.8000,5918.4000,5916.2000,5914.2000,5912.6000,5920.0000,5923.6000,5923.8000,5924.0000,5924.4000,1,1,1,1,3,1,4,1,1,1
SF,IC2008,2020-07-03 09:33:10.600,5919.4000,5809,0,270013400.000,0,-,-,-,-,5918.4000,5916.2000,5914.2000,5912.6000,5912.2000,5919.6000,5919.8000,5920.0000,5923.6000,5923.8000,1,1,1,3,1,1,1,1,2,1
SF,IC2008,2020-07-03 09:33:11.100,5918.4000,5809,0,271197080.000,1,0,1,多换,S,5916.2000,5914.2000,5912.6000,5912.2000,5911.2000,5919.4000,5919.6000,5920.0000,5923.6000,5923.8000,1,1,3,1,1,1,1,1,1,1
SF,IC2008,2020-07-03 09:33:11.600,5918.4000,5809,0,271197080.000,0,-,-,-,-,5916.4000,5916.2000,5914.2000,5912.6000,5912.2000,5919.2000,5919.6000,5920.0000,5923.8000,5925.0000,2,1,1,3,1,4,1,1,1,1
SF,IC2008,2020-07-03 09:33:12.100,5918.4000,5809,0,271197080.000,0,-,-,-,-,5916.6000,5916.4000,5916.2000,5914.2000,5912.6000,5919.2000,5919.6000,5920.0000,5925.0000,5932.0000,4,2,1,1,3,2,1,1,1,1
SF,IC2008,2020-07-03 09:33:12.600,5918.4000,5809,0,271197080.000,0,-,-,-,-,5916.8000,5916.6000,5916.4000,5916.2000,5914.2000,5919.2000,5919.6000,5920.0000,5925.0000,5932.0000,1,4,1,1,1,1,1,1,1,1
SF,IC2008,2020-07-03 09:33:13.100,5917.0000,5808,-1,272380480.000,1,0,1,双平,S,5916.8000,5916.6000,5916.2000,5914.2000,5912.6000,5919.0000,5919.2000,5919.6000,5920.0000,5925.0000,1,2,1,1,3,1,1,1,1,1
SF,IC2008,2020-07-03 09:33:13.600,5917.0000,5808,0,272380480.000,0,-,-,-,-,5917.6000,5916.8000,5916.6000,5916.2000,5914.2000,5918.8000,5919.0000,5919.6000,5920.0000,5925.0000,1,1,2,1,1,1,1,1,1,1
SF,IC2008,2020-07-03 09:33:14.100,5917.0000,5808,0,272380480.000,0,-,-,-,-,5917.6000,5916.2000,5914.2000,5912.6000,5912.2000,5918.8000,5919.0000,5920.0000,5925.0000,5932.0000,1,1,1,3,1,1,1,1,1,1
SF,IC2008,2020-07-03 09:33:14.600,5918.4000,5806,-2,274747680.000,2,0,2,双平,S,5916.2000,5914.2000,5912.6000,5912.2000,5911.2000,5918.6000,5918.8000,5920.0000,5925.0000,5932.0000,1,1,3,1,1,1,1,1,1,1
SF,IC2008,2020-07-03 09:33:15.100,5918.4000,5806,0,274747680.000,0,-,-,-,-,5916.4000,5916.2000,5914.2000,5912.6000,5912.2000,5918.4000,5918.6000,5920.0000,5925.0000,5932.0000,3,1,1,3,1,1,1,1,1,1
SF,IC2008,2020-07-03 09:33:15.600,5918.4000,5806,0,274747680.000,0,-,-,-,-,5916.6000,5916.4000,5916.2000,5914.2000,5912.6000,5918.6000,5920.0000,5925.0000,5932.0000,5939.8000,1,3,1,1,3,1,1,1,1,3
SF,IC2008,2020-07-03 09:33:16.100,5918.4000,5806,0,274747680.000,0,-,-,-,-,5916.8000,5916.6000,5916.4000,5916.2000,5914.2000,5920.0000,5925.0000,5932.0000,5939.8000,5949.8000,2,1,2,1,1,1,1,1,3,2
SF,IC2008,2020-07-03 09:33:16.600,5918.4000,5806,0,274747680.000,0,-,-,-,-,5916.8000,5916.6000,5916.2000,5914.2000,5912.6000,5919.8000,5920.0000,5925.0000,5932.0000,5939.8000,2,1,1,1,3,4,1,1,1,3
SF,IC2008,2020-07-03 09:33:17.600,5918.4000,5805,-1,275931360.000,1,0,1,双平,S,5916.8000,5916.6000,5916.2000,5914.2000,5912.6000,5919.6000,5919.8000,5920.0000,5925.0000,5932.0000,2,1,1,1,3,2,2,1,1,1
SF,IC2008,2020-07-03 09:33:18.100,5918.4000,5805,0,275931360.000,0,-,-,-,-,5917.0000,5916.8000,5916.6000,5916.2000,5914.2000,5919.4000,5919.6000,5919.8000,5920.0000,5925.0000,2,1,1,1,1,2,2,1,1,1
SF,IC2008,2020-07-03 09:33:18.600,5919.2000,5806,1,279482000.000,3,2,1,空开,S,5916.6000,5916.2000,5914.2000,5912.6000,5912.2000,5919.2000,5919.4000,5919.8000,5920.0000,5925.0000,1,1,1,3,1,1,2,1,1,1
SF,IC2008,2020-07-03 09:33:19.100,5919.0000,5806,0,281849120.000,2,1,1,多换,S,5916.2000,5914.2000,5912.6000,5912.2000,5911.2000,5919.0000,5919.2000,5919.4000,5919.8000,5920.0000,1,1,3,1,1,2,1,1,1,1
SF,IC2008,2020-07-03 09:33:19.600,5919.0000,5806,0,281849120.000,0,-,-,-,-,5918.6000,5916.2000,5914.2000,5912.6000,5912.2000,5918.8000,5919.0000,5919.4000,5919.8000,5920.0000,1,1,1,3,1,2,2,1,1,1
SF,IC2008,2020-07-03 09:33:20.100,5918.6000,5806,0,284216560.000,2,1,1,多换,S,5916.2000,5914.2000,5912.6000,5912.2000,5911.2000,5917.2000,5918.2000,5918.4000,5918.6000,5918.8000,1,1,3,1,1,1,1,2,1,2
SF,IC2008,2020-07-03 09:33:20.600,5916.2000,5805,-1,285399800.000,1,0,1,双平,S,5914.2000,5912.6000,5912.2000,5911.2000,5911.0000,5918.8000,5919.4000,5920.0000,5925.0000,5932.0000,1,3,1,1,2,2,1,1,1,1
SF,IC2008,2020-07-03 09:33:21.100,5916.2000,5805,0,285399800.000,0,-,-,-,-,5914.2000,5912.6000,5912.2000,5911.2000,5911.0000,5918.6000,5918.8000,5919.4000,5920.0000,5925.0000,1,3,1,1,2,3,1,1,1,1
SF,IC2008,2020-07-03 09:33:21.600,5916.2000,5805,0,285399800.000,0,-,-,-,-,5914.2000,5912.6000,5912.2000,5911.2000,5911.0000,5918.4000,5918.6000,5918.8000,5919.4000,5920.0000,1,3,1,1,2,2,2,1,1,1
SF,IC2008,2020-07-03 09:33:22.100,5916.2000,5805,0,285399800.000,0,-,-,-,-,5914.2000,5912.6000,5912.2000,5911.2000,5911.0000,5918.2000,5918.8000,5919.4000,5920.0000,5925.0000,1,3,1,1,2,2,1,1,1,1
SF,IC2008,2020-07-03 09:33:22.600,5916.2000,5805,0,285399800.000,0,-,-,-,-,5914.2000,5912.6000,5912.2000,5911.2000,5911.0000,5918.0000,5918.2000,5918.8000,5920.0000,5925.0000,1,3,1,1,2,2,2,1,1,1
SF,IC2008,2020-07-03 09:33:23.100,5916.2000,5805,0,285399800.000,0,-,-,-,-,5914.4000,5914.2000,5912.6000,5912.2000,5911.2000,5917.8000,5918.0000,5925.0000,5932.0000,5939.8000,2,1,3,1,1,2,2,1,1,3
SF,IC2008,2020-07-03 09:33:23.600,5916.2000,5805,0,285399800.000,0,-,-,-,-,5914.4000,5914.2000,5912.6000,5912.2000,5911.2000,5917.8000,5918.0000,5925.0000,5932.0000,5939.8000,2,1,3,1,1,2,1,1,1,3
SF,IC2008,2020-07-03 09:33:24.100,5916.2000,5805,0,285399800.000,0,-,-,-,-,5914.4000,5914.2000,5912.6000,5912.2000,5911.2000,5917.8000,5925.0000,5932.0000,5939.8000,5949.8000,2,1,3,1,1,2,1,1,3,2
SF,IC2008,2020-07-03 09:33:24.600,5916.2000,5805,0,285399800.000,0,-,-,-,-,5914.4000,5914.2000,5912.6000,5912.2000,5911.2000,5917.6000,5917.8000,5925.0000,5932.0000,5939.8000,2,1,3,1,1,2,2,1,1,3
SF,IC2008,2020-07-03 09:33:25.100,5916.2000,5805,0,285399800.000,0,-,-,-,-,5914.4000,5914.2000,5912.6000,5912.2000,5911.2000,5917.6000,5917.8000,5925.0000,5932.0000,5939.8000,1,1,3,1,1,2,1,1,1,3
SF,IC2008,2020-07-03 09:33:25.600,5917.8000,5804,-1,286583360.000,1,0,1,双平,S,5914.6000,5914.4000,5914.2000,5912.6000,5912.2000,5925.0000,5932.0000,5939.8000,5949.8000,5969.8000,1,2,1,3,1,1,1,3,2,2
SF,IC2008,2020-07-03 09:33:26.100,5917.8000,5804,0,286583360.000,0,-,-,-,-,5914.8000,5914.6000,5914.4000,5914.2000,5912.6000,5924.4000,5924.8000,5925.0000,5932.0000,5939.8000,1,1,1,1,3,1,4,2,1,3
SF,IC2008,2020-07-03 09:33:26.600,5917.8000,5804,0,286583360.000,0,-,-,-,-,5914.8000,5914.6000,5914.2000,5912.6000,5912.2000,5924.2000,5924.4000,5924.8000,5925.0000,5932.0000,1,1,1,3,1,6,1,1,2,1
SF,IC2008,2020-07-03 09:33:27.100,5917.8000,5804,0,286583360.000,0,-,-,-,-,5914.8000,5914.6000,5914.2000,5912.6000,5912.2000,5923.6000,5924.0000,5924.2000,5924.8000,5925.0000,1,1,1,3,1,1,2,4,1,2
SF,IC2008,2020-07-03 09:33:27.600,5917.8000,5804,0,286583360.000,0,-,-,-,-,5914.8000,5914.6000,5914.2000,5912.6000,5912.2000,5923.0000,5923.4000,5924.2000,5924.8000,5925.0000,1,1,1,3,1,1,6,3,1,2
SF,IC2008,2020-07-03 09:33:28.100,5922.8000,5804,0,287767920.000,1,0,1,多换,S,5914.8000,5914.6000,5914.2000,5912.6000,5912.2000,5922.8000,5923.0000,5923.4000,5924.2000,5924.8000,1,1,1,3,1,4,1,3,3,1
SF,IC2008,2020-07-03 09:33:28.600,5922.8000,5804,0,287767920.000,0,-,-,-,-,5914.8000,5914.6000,5914.2000,5912.6000,5912.2000,5922.2000,5922.6000,5922.8000,5923.4000,5924.2000,1,1,1,3,1,1,2,3,3,2
SF,IC2008,2020-07-03 09:33:29.100,5922.8000,5804,0,287767920.000,0,-,-,-,-,5914.8000,5914.6000,5914.2000,5912.6000,5912.2000,5922.0000,5922.2000,5922.6000,5923.4000,5924.2000,1,1,1,3,1,2,1,2,3,2
SF,IC2008,2020-07-03 09:33:29.600,5922.8000,5804,0,287767920.000,0,-,-,-,-,5914.8000,5914.6000,5914.2000,5912.6000,5912.2000,5921.4000,5922.0000,5922.6000,5923.4000,5924.2000,1,1,1,3,1,1,2,2,2,1
SF,IC2008,2020-07-03 09:33:30.100,5914.8000,5802,-2,291316880.000,3,0,3,多平,S,5914.6000,5914.2000,5912.6000,5912.2000,5911.2000,5914.8000,5921.2000,5921.4000,5922.6000,5923.4000,1,1,3,1,1,1,2,1,1,2
SF,IC2008,2020-07-03 09:33:30.600,5914.8000,5801,-1,292499840.000,1,0,1,双平,S,5915.2000,5915.0000,5914.8000,5914.6000,5914.2000,5921.0000,5921.2000,5921.4000,5925.0000,5932.0000,1,2,1,2,1,1,1,1,1,1
SF,IC2008,2020-07-03 09:33:31.100,5914.8000,5801,0,292499840.000,0,-,-,-,-,5915.4000,5915.0000,5914.6000,5914.2000,5912.6000,5920.8000,5921.0000,5921.4000,5925.0000,5932.0000,4,1,1,1,3,1,1,1,1,1
SF,IC2008,2020-07-03 09:33:31.600,5914.8000,5801,0,292499840.000,0,-,-,-,-,5915.6000,5915.4000,5915.0000,5914.2000,5912.6000,5920.8000,5921.0000,5925.0000,5932.0000,5939.8000,1,3,1,1,3,1,1,1,1,3
SF,IC2008,2020-07-03 09:33:32.100,5914.8000,5801,0,292499840.000,0,-,-,-,-,5915.8000,5915.4000,5915.0000,5914.2000,5912.6000,5921.0000,5925.0000,5932.0000,5939.8000,5949.8000,4,1,1,1,3,1,1,1,3,2
SF,IC2008,2020-07-03 09:33:32.600,5914.8000,5801,0,292499840.000,0,-,-,-,-,5920.8000,5915.8000,5915.4000,5915.0000,5914.2000,5921.0000,5925.0000,5932.0000,5939.8000,5949.8000,1,4,1,1,1,1,1,1,3,2
SF,IC2008,2020-07-03 09:33:33.100,5921.0000,5800,-1,296052400.000,3,1,2,多平,S,5920.8000,5915.8000,5915.0000,5914.2000,5912.6000,5925.0000,5932.0000,5939.8000,5949.8000,5969.8000,1,4,1,1,3,1,1,3,2,2
SF,IC2008,2020-07-03 09:33:33.600,5921.0000,5799,-1,297236600.000,1,0,1,双平,S,5920.8000,5915.8000,5915.0000,5914.2000,5912.6000,5924.4000,5924.8000,5925.0000,5932.0000,5939.8000,1,2,1,1,3,1,1,1,1,3
SF,IC2008,2020-07-03 09:33:34.100,5921.0000,5799,0,297236600.000,0,-,-,-,-,5921.0000,5920.8000,5915.8000,5914.2000,5912.6000,5924.2000,5924.4000,5925.0000,5932.0000,5939.8000,1,1,2,1,3,3,1,1,1,3
SF,IC2008,2020-07-03 09:33:34.600,5921.0000,5799,0,297236600.000,0,-,-,-,-,5915.8000,5914.2000,5912.6000,5912.2000,5911.2000,5923.6000,5924.0000,5924.2000,5925.0000,5932.0000,2,1,3,1,1,1,1,2,1,1
SF,IC2008,2020-07-03 09:33:35.100,5921.0000,5799,0,297236600.000,0,-,-,-,-,5916.4000,5915.8000,5914.2000,5912.6000,5912.2000,5923.0000,5923.4000,5924.2000,5925.0000,5932.0000,2,2,1,3,1,1,2,1,1,1
SF,IC2008,2020-07-03 09:33:35.600,5916.4000,5800,1,299603200.000,2,1,1,空开,S,5916.4000,5914.2000,5912.6000,5912.2000,5911.2000,5922.8000,5923.0000,5924.2000,5925.0000,5932.0000,1,1,3,1,1,3,1,1,1,1
SF,IC2008,2020-07-03 09:33:36.100,5916.4000,5800,0,299603200.000,0,-,-,-,-,5916.8000,5916.6000,5916.4000,5914.2000,5912.6000,5922.2000,5922.6000,5922.8000,5925.0000,5932.0000,1,1,1,1,3,1,3,1,1,1
SF,IC2008,2020-07-03 09:33:36.600,5916.4000,5800,0,299603200.000,0,-,-,-,-,5917.0000,5916.8000,5914.2000,5912.6000,5912.2000,5922.0000,5922.2000,5922.6000,5925.0000,5932.0000,1,1,1,3,1,1,1,2,1,1
SF,IC2008,2020-07-03 09:33:37.100,5916.4000,5800,0,299603200.000,0,-,-,-,-,5917.0000,5916.8000,5914.2000,5912.6000,5912.2000,5921.4000,5921.8000,5922.0000,5922.6000,5925.0000,1,1,1,3,1,1,3,1,1,1
SF,IC2008,2020-07-03 09:33:37.600,5916.4000,5800,0,299603200.000,0,-,-,-,-,5916.8000,5914.2000,5912.6000,5912.2000,5911.2000,5921.2000,5921.4000,5921.8000,5922.6000,5925.0000,1,1,3,1,1,2,1,1,1,1
SF,IC2008,2020-07-03 09:33:38.100,5916.4000,5800,0,299603200.000,0,-,-,-,-,5917.0000,5916.8000,5914.2000,5912.6000,5912.2000,5921.2000,5921.4000,5921.8000,5922.6000,5925.0000,2,1,1,3,1,2,1,1,1,1
SF,IC2008,2020-07-03 09:33:38.600,5916.4000,5800,0,299603200.000,0,-,-,-,-,5917.2000,5917.0000,5916.8000,5914.2000,5912.6000,5921.2000,5921.4000,5922.6000,5925.0000,5932.0000,1,2,1,1,3,2,1,1,1,1
SF,IC2008,2020-07-03 09:33:39.100,5916.4000,5800,0,299603200.000,0,-,-,-,-,5917.4000,5917.2000,5916.8000,5914.2000,5912.6000,5921.2000,5921.4000,5925.0000,5932.0000,5939.8000,2,1,1,1,3,1,1,1,1,3
SF,IC2008,2020-07-03 09:33:39.600,5917.4000,5799,-1,300786680.000,1,0,1,双平,S,5917.6000,5917.4000,5916.8000,5914.2000,5912.6000,5921.4000,5925.0000,5932.0000,5939.8000,5949.8000,1,2,1,1,3,1,1,1,3,2
SF,IC2008,2020-07-03 09:33:40.100,5917.6000,5798,-1,301970200.000,1,0,1,双平,S,5917.8000,5917.6000,5914.2000,5912.6000,5912.2000,5921.2000,5921.4000,5925.0000,5932.0000,5939.8000,1,1,1,3,1,2,1,1,1,3
SF,IC2008,2020-07-03 09:33:40.600,5917.6000,5798,0,301970200.000,0,-,-,-,-,5917.8000,5914.2000,5912.6000,5912.2000,5911.2000,5921.0000,5921.2000,5921.4000,5925.0000,5932.0000,1,1,3,1,1,3,2,1,1,1
SF,IC2008,2020-07-03 09:33:41.100,5917.6000,5798,0,303153720.000,1,0,1,多换,S,5914.2000,5912.6000,5912.2000,5911.2000,5911.0000,5920.8000,5921.0000,5921.4000,5925.0000,5932.0000,1,3,1,1,2,1,2,1,1,1
SF,IC2008,2020-07-03 09:33:41.600,5917.6000,5798,0,303153720.000,0,-,-,-,-,5914.4000,5914.2000,5912.6000,5912.2000,5911.2000,5920.6000,5920.8000,5921.0000,5921.4000,5925.0000,2,1,3,1,1,2,1,1,1,1
SF,IC2008,2020-07-03 09:33:42.100,5917.6000,5798,0,303153720.000,0,-,-,-,-,5914.4000,5914.2000,5912.6000,5912.2000,5911.2000,5920.4000,5920.6000,5921.0000,5921.4000,5925.0000,2,1,3,1,1,2,2,1,1,1
SF,IC2008,2020-07-03 09:33:42.600,5917.6000,5798,0,303153720.000,0,-,-,-,-,5914.4000,5914.2000,5912.6000,5912.2000,5911.2000,5917.6000,5920.2000,5920.4000,5920.6000,5921.0000,2,1,3,1,1,1,3,1,1,1
SF,IC2008,2020-07-03 09:33:43.100,5917.6000,5798,0,304337240.000,1,0,1,多换,S,5914.4000,5914.2000,5912.6000,5912.2000,5911.2000,5917.4000,5917.6000,5920.2000,5920.4000,5921.0000,2,1,3,1,1,1,1,1,1,1
SF,IC2008,2020-07-03 09:33:43.600,5917.6000,5798,0,304337240.000,0,-,-,-,-,5914.4000,5914.2000,5912.6000,5912.2000,5911.2000,5917.4000,5917.6000,5920.2000,5920.4000,5921.0000,2,1,3,1,1,1,1,1,1,1
SF,IC2008,2020-07-03 09:33:44.100,5917.6000,5798,0,304337240.000,0,-,-,-,-,5914.6000,5914.4000,5914.2000,5912.6000,5912.2000,5917.2000,5917.4000,5917.6000,5920.2000,5921.0000,1,2,1,3,1,1,1,1,1,1
SF,IC2008,2020-07-03 09:33:44.600,5917.2000,5797,-1,305520680.000,1,0,1,双平,S,5914.8000,5914.6000,5914.4000,5914.2000,5912.6000,5917.2000,5917.4000,5917.6000,5920.2000,5921.0000,1,1,1,1,3,1,1,1,1,1
SF,IC2008,2020-07-03 09:33:45.100,5917.2000,5797,0,305520680.000,0,-,-,-,-,5915.0000,5914.8000,5914.6000,5914.4000,5914.2000,5917.2000,5917.6000,5921.0000,5921.4000,5925.0000,2,1,1,1,1,1,1,1,1,1
SF,IC2008,2020-07-03 09:33:45.600,5917.2000,5797,0,305520680.000,0,-,-,-,-,5915.2000,5915.0000,5914.6000,5914.2000,5912.6000,5917.6000,5921.0000,5921.4000,5925.0000,5932.0000,4,2,1,1,3,1,1,1,1,1
SF,IC2008,2020-07-03 09:33:46.100,5917.6000,5797,0,306704200.000,1,0,1,多换,S,5915.2000,5915.0000,5914.6000,5914.2000,5912.6000,5917.4000,5921.0000,5921.4000,5925.0000,5932.0000,3,2,1,1,3,1,1,1,1,1
SF,IC2008,2020-07-03 09:33:46.600,5917.4000,5797,0,307887680.000,1,0,1,多换,S,5915.2000,5915.0000,5914.6000,5914.2000,5912.6000,5921.0000,5921.4000,5925.0000,5932.0000,5939.8000,3,2,1,1,3,1,1,1,1,3
SF,IC2008,2020-07-03 09:33:47.100,5917.4000,5797,0,307887680.000,0,-,-,-,-,5915.4000,5915.2000,5915.0000,5914.2000,5912.6000,5920.4000,5920.8000,5921.0000,5925.0000,5932.0000,1,3,2,1,3,1,2,1,1,1
SF,IC2008,2020-07-03 09:33:47.600,5917.4000,5797,0,307887680.000,0,-,-,-,-,5915.6000,5915.4000,5915.0000,5914.2000,5912.6000,5920.2000,5920.4000,5921.0000,5925.0000,5932.0000,1,1,2,1,3,3,1,1,1,1
SF,IC2008,2020-07-03 09:33:48.100,5917.4000,5797,0,307887680.000,0,-,-,-,-,5915.8000,5915.6000,5915.0000,5914.2000,5912.6000,5920.2000,5921.0000,5925.0000,5932.0000,5939.8000,2,1,2,1,3,3,1,1,1,3
SF,IC2008,2020-07-03 09:33:48.600,5917.4000,5797,0,307887680.000,0,-,-,-,-,5916.0000,5915.8000,5915.0000,5914.2000,5912.6000,5920.2000,5921.0000,5925.0000,5932.0000,5939.8000,1,2,2,1,3,3,1,1,1,3
SF,IC2008,2020-07-03 09:33:49.100,5917.4000,5797,0,307887680.000,0,-,-,-,-,5916.2000,5916.0000,5915.8000,5914.2000,5912.6000,5920.2000,5921.0000,5925.0000,5932.0000,5939.8000,2,1,2,1,3,1,1,1,1,3
SF,IC2008,2020-07-03 09:33:49.600,5917.4000,5797,0,307887680.000,0,-,-,-,-,5916.4000,5916.2000,5915.8000,5914.2000,5912.6000,5920.0000,5920.2000,5921.0000,5925.0000,5932.0000,1,1,1,1,3,1,1,1,1,1
SF,IC2008,2020-07-03 09:33:50.100,5917.4000,5797,0,307887680.000,0,-,-,-,-,5916.8000,5916.4000,5916.2000,5915.8000,5914.2000,5919.8000,5920.0000,5921.0000,5925.0000,5932.0000,2,1,1,1,1,1,3,1,1,1
SF,IC2008,2020-07-03 09:33:50.600,5917.4000,5797,0,307887680.000,0,-,-,-,-,5916.8000,5916.4000,5915.8000,5914.2000,5912.6000,5919.2000,5919.6000,5919.8000,5920.0000,5921.0000,2,1,1,1,3,1,2,1,2,1
SF,IC2008,2020-07-03 09:33:51.100,5916.8000,5797,0,310254400.000,2,1,1,多换,S,5915.8000,5914.2000,5912.6000,5912.2000,5911.2000,5919.0000,5919.2000,5919.6000,5920.0000,5921.0000,1,1,3,1,1,2,1,1,2,1
SF,IC2008,2020-07-03 09:33:51.600,5916.8000,5797,0,310254400.000,0,-,-,-,-,5915.8000,5914.2000,5912.6000,5912.2000,5911.2000,5918.8000,5919.0000,5919.2000,5919.6000,5920.0000,1,1,3,1,1,2,2,1,1,2
SF,IC2008,2020-07-03 09:33:52.100,5916.8000,5797,0,310254400.000,0,-,-,-,-,5915.8000,5914.2000,5912.6000,5912.2000,5911.2000,5918.6000,5918.8000,5919.2000,5920.0000,5921.0000,1,1,3,1,1,2,2,1,2,1
SF,IC2008,2020-07-03 09:33:54.100,5916.8000,5797,0,310254400.000,0,-,-,-,-,5916.0000,5915.8000,5914.2000,5912.6000,5912.2000,5918.6000,5918.8000,5919.2000,5920.0000,5921.0000,1,1,1,3,1,1,2,1,2,1
SF,IC2008,2020-07-03 09:33:54.600,5916.8000,5797,0,310254400.000,0,-,-,-,-,5916.2000,5916.0000,5915.8000,5914.2000,5912.6000,5920.0000,5921.0000,5925.0000,5932.0000,5939.8000,2,1,1,1,3,2,1,1,1,3
SF,IC2008,2020-07-03 09:33:55.100,5916.8000,5797,0,310254400.000,0,-,-,-,-,5916.2000,5915.8000,5914.2000,5912.6000,5912.2000,5919.8000,5920.0000,5921.0000,5925.0000,5932.0000,2,1,1,3,1,1,2,1,1,1
SF,IC2008,2020-07-03 09:33:55.600,5915.8000,5796,-1,312620800.000,2,0,2,多平,S,5914.2000,5912.6000,5912.2000,5911.2000,5911.0000,5920.0000,5921.0000,5925.0000,5932.0000,5939.8000,1,3,1,1,2,2,1,1,1,3
SF,IC2008,2020-07-03 09:33:56.100,5915.8000,5796,0,312620800.000,0,-,-,-,-,5914.4000,5914.2000,5912.6000,5912.2000,5911.2000,5919.8000,5920.0000,5921.0000,5925.0000,5932.0000,4,1,3,1,1,1,2,1,1,1
SF,IC2008,2020-07-03 09:33:56.600,5915.8000,5796,0,312620800.000,0,-,-,-,-,5914.4000,5914.2000,5912.6000,5912.2000,5911.2000,5919.6000,5919.8000,5920.0000,5921.0000,5925.0000,3,1,3,1,1,1,1,2,1,1
SF,IC2008,2020-07-03 09:33:57.100,5915.8000,5796,0,312620800.000,0,-,-,-,-,5914.4000,5914.2000,5912.6000,5912.2000,5911.2000,5919.4000,5919.6000,5920.0000,5921.0000,5925.0000,3,1,3,1,1,1,1,2,1,1
SF,IC2008,2020-07-03 09:33:57.600,5915.8000,5796,0,312620800.000,0,-,-,-,-,5914.4000,5914.2000,5912.6000,5912.2000,5911.2000,5919.2000,5919.4000,5919.6000,5920.0000,5921.0000,2,1,3,1,1,1,1,1,2,1
SF,IC2008,2020-07-03 09:33:58.100,5915.8000,5796,0,312620800.000,0,-,-,-,-,5914.4000,5914.2000,5912.6000,5912.2000,5911.2000,5919.0000,5919.2000,5920.0000,5921.0000,5925.0000,2,1,3,1,1,2,1,2,1,1
SF,IC2008,2020-07-03 09:33:58.600,5915.8000,5796,0,312620800.000,0,-,-,-,-,5914.6000,5914.4000,5914.2000,5912.6000,5912.2000,5918.8000,5919.0000,5919.2000,5920.0000,5921.0000,1,2,1,3,1,1,2,1,2,1
SF,IC2008,2020-07-03 09:33:59.100,5918.6000,5795,-1,314987480.000,2,0,2,多平,S,5914.6000,5914.2000,5912.6000,5912.2000,5911.2000,5918.6000,5918.8000,5919.2000,5920.0000,5921.0000,1,1,3,1,1,1,1,1,2,1
SF,IC2008,2020-07-03 09:33:59.600,5918.6000,5795,0,314987480.000,0,-,-,-,-,5914.8000,5914.2000,5912.6000,5912.2000,5911.2000,5918.4000,5918.6000,5918.8000,5919.2000,5920.0000,1,1,3,1,1,2,1,1,1,2
SF,IC2008,2020-07-03 09:34:00.100,5918.6000,5795,0,314987480.000,0,-,-,-,-,5915.0000,5914.8000,5914.2000,5912.6000,5912.2000,5918.2000,5918.4000,5918.8000,5920.0000,5921.0000,3,1,1,3,1,1,1,1,2,1
SF,IC2008,2020-07-03 09:34:00.600,5918.6000,5795,0,314987480.000,0,-,-,-,-,5915.2000,5915.0000,5914.2000,5912.6000,5912.2000,5918.2000,5918.4000,5920.0000,5921.0000,5925.0000,3,2,1,3,1,1,1,2,1,1
SF,IC2008,2020-07-03 09:34:01.100,5918.6000,5795,0,314987480.000,0,-,-,-,-,5915.4000,5915.2000,5915.0000,5914.2000,5912.6000,5918.2000,5918.4000,5920.0000,5921.0000,5925.0000,3,1,1,1,3,1,1,2,1,1
SF,IC2008,2020-07-03 09:34:01.600,5918.6000,5795,0,314987480.000,0,-,-,-,-,5915.6000,5915.4000,5914.2000,5912.6000,5912.2000,5918.0000,5920.0000,5921.0000,5925.0000,5932.0000,4,1,1,3,1,1,2,1,1,1
SF,IC2008,2020-07-03 09:34:02.100,5918.6000,5795,0,314987480.000,0,-,-,-,-,5915.8000,5915.6000,5915.4000,5914.2000,5912.6000,5918.0000,5920.0000,5921.0000,5925.0000,5932.0000,1,3,1,1,3,1,2,1,1,1
SF,IC2008,2020-07-03 09:34:02.600,5918.6000,5795,0,314987480.000,0,-,-,-,-,5916.0000,5915.8000,5915.6000,5914.2000,5912.6000,5917.8000,5920.0000,5921.0000,5925.0000,5932.0000,2,1,1,1,3,1,2,1,1,1
SF,IC2008,2020-07-03 09:34:03.100,5917.8000,5794,-1,316171040.000,1,0,1,双平,S,5916.0000,5915.6000,5914.2000,5912.6000,5912.2000,5920.0000,5921.0000,5925.0000,5932.0000,5939.8000,1,1,1,3,1,2,1,1,1,3
SF,IC2008,2020-07-03 09:34:03.600,5917.8000,5794,0,316171040.000,0,-,-,-,-,5916.2000,5916.0000,5915.6000,5914.2000,5912.6000,5919.8000,5920.0000,5921.0000,5925.0000,5932.0000,2,1,1,1,3,3,2,1,1,1
SF,IC2008,2020-07-03 09:34:04.100,5917.8000,5794,0,316171040.000,0,-,-,-,-,5916.4000,5916.2000,5915.6000,5914.2000,5912.6000,5919.8000,5920.0000,5921.0000,5925.0000,5932.0000,1,2,1,1,3,3,2,1,1,1
SF,IC2008,2020-07-03 09:34:04.600,5917.8000,5794,0,316171040.000,0,-,-,-,-,5916.4000,5916.2000,5915.6000,5914.2000,5912.6000,5919.8000,5920.0000,5921.0000,5925.0000,5932.0000,2,1,1,1,3,2,2,1,1,1
SF,IC2008,2020-07-03 09:34:05.100,5917.8000,5794,0,316171040.000,0,-,-,-,-,5916.6000,5916.4000,5914.2000,5912.6000,5912.2000,5919.8000,5920.0000,5921.0000,5925.0000,5932.0000,2,2,1,3,1,2,2,1,1,1
SF,IC2008,2020-07-03 09:34:05.600,5917.8000,5794,0,316171040.000,0,-,-,-,-,5916.6000,5916.4000,5914.2000,5912.6000,5912.2000,5919.6000,5919.8000,5920.0000,5921.0000,5925.0000,2,1,1,3,1,1,1,2,1,1
SF,IC2008,2020-07-03 09:34:06.100,5917.8000,5794,0,316171040.000,0,-,-,-,-,5916.6000,5914.2000,5912.6000,5912.2000,5911.2000,5919.4000,5919.6000,5920.0000,5921.0000,5925.0000,1,1,3,1,1,2,1,2,1,1
SF,IC2008,2020-07-03 09:34:06.600,5917.8000,5794,0,316171040.000,0,-,-,-,-,5916.8000,5916.6000,5914.2000,5912.6000,5912.2000,5919.4000,5919.6000,5920.0000,5921.0000,5925.0000,2,1,1,3,1,2,1,2,1,1
SF,IC2008,2020-07-03 09:34:07.100,5917.8000,5794,0,316171040.000,0,-,-,-,-,5916.8000,5916.6000,5914.2000,5912.6000,5912.2000,5919.2000,5919.4000,5919.6000,5920.0000,5921.0000,2,1,1,3,1,1,2,1,2,1
SF,IC2008,2020-07-03 09:34:07.600,5917.8000,5794,0,316171040.000,0,-,-,-,-,5917.0000,5916.8000,5916.6000,5914.2000,5912.6000,5919.2000,5919.4000,5919.6000,5920.0000,5921.0000,2,2,1,1,3,1,1,1,2,1
SF,IC2008,2020-07-03 09:34:09.100,5917.8000,5794,0,316171040.000,0,-,-,-,-,5917.2000,5917.0000,5916.8000,5916.6000,5914.2000,5919.2000,5919.4000,5919.6000,5920.0000,5921.0000,1,2,2,1,1,1,1,1,2,1
SF,IC2008,2020-07-03 09:34:09.600,5919.2000,5794,0,317354880.000,1,0,1,多换,S,5919.2000,5917.0000,5916.8000,5916.6000,5914.2000,5919.4000,5920.0000,5921.0000,5925.0000,5932.0000,1,1,2,1,1,1,2,1,1,1
SF,IC2008,2020-07-03 09:34:10.100,5919.2000,5792,-2,320906400.000,3,0,3,多平,S,5917.0000,5916.8000,5916.6000,5914.2000,5912.6000,5920.0000,5921.0000,5925.0000,5932.0000,5939.8000,1,2,1,1,3,2,1,1,1,3
SF,IC2008,2020-07-03 09:34:10.600,5920.0000,5792,0,323274400.000,2,1,1,多换,S,5917.2000,5917.0000,5916.8000,5916.6000,5914.2000,5921.0000,5925.0000,5932.0000,5939.8000,5949.8000,3,1,2,1,1,1,1,1,3,2
SF,IC2008,2020-07-03 09:34:11.100,5917.4000,5791,-1,324457880.000,1,0,1,双平,S,5917.4000,5917.2000,5916.8000,5916.6000,5914.2000,5921.0000,5925.0000,5932.0000,5939.8000,5949.8000,3,1,2,1,1,1,1,1,3,2
SF,IC2008,2020-07-03 09:34:11.600,5917.4000,5791,0,324457880.000,0,-,-,-,-,5917.8000,5917.6000,5917.4000,5917.2000,5914.2000,5921.0000,5925.0000,5932.0000,5939.8000,5949.8000,1,2,1,1,1,1,1,1,3,2
SF,IC2008,2020-07-03 09:34:12.100,5917.4000,5791,0,324457880.000,0,-,-,-,-,5918.0000,5917.8000,5917.2000,5914.2000,5912.6000,5921.0000,5925.0000,5932.0000,5939.8000,5949.8000,5,1,1,1,3,1,1,1,3,2
SF,IC2008,2020-07-03 09:34:12.600,5921.0000,5790,-1,325642080.000,1,0,1,双平,S,5921.0000,5918.4000,5918.2000,5918.0000,5917.8000,5925.0000,5932.0000,5939.8000,5949.8000,5969.8000,1,2,3,2,1,1,1,3,2,2
SF,IC2008,2020-07-03 09:34:13.100,5921.0000,5790,0,325642080.000,0,-,-,-,-,5921.2000,5921.0000,5918.4000,5918.2000,5918.0000,5924.4000,5924.8000,5925.0000,5932.0000,5939.8000,3,1,2,1,1,1,1,1,1,3
SF,IC2008,2020-07-03 09:34:13.600,5924.4000,5787,-3,329196080.000,3,0,3,双平,S,5921.4000,5921.0000,5918.4000,5918.2000,5918.0000,5925.0000,5932.0000,5939.8000,5949.8000,5969.8000,3,1,2,1,1,1,1,3,2,2
SF,IC2008,2020-07-03 09:34:14.100,5924.4000,5787,0,329196080.000,0,-,-,-,-,5921.4000,5921.0000,5918.2000,5918.0000,5917.8000,5924.8000,5925.0000,5932.0000,5939.8000,5949.8000,2,1,1,1,1,1,1,1,3,2
SF,IC2008,2020-07-03 09:34:14.600,5921.4000,5786,-1,330380360.000,1,0,1,双平,S,5921.6000,5921.0000,5918.2000,5918.0000,5917.8000,5924.8000,5925.0000,5932.0000,5939.8000,5949.8000,1,1,1,1,1,1,1,1,3,2
SF,IC2008,2020-07-03 09:34:15.100,5921.4000,5786,0,330380360.000,0,-,-,-,-,5922.0000,5921.6000,5921.0000,5918.2000,5914.2000,5924.6000,5924.8000,5925.0000,5932.0000,5939.8000,2,1,1,1,1,1,1,1,1,3
SF,IC2008,2020-07-03 09:34:15.600,5921.4000,5786,0,330380360.000,0,-,-,-,-,5922.0000,5921.6000,5921.0000,5918.2000,5914.2000,5924.4000,5924.6000,5925.0000,5932.0000,5939.8000,2,1,1,1,1,1,1,1,1,3
SF,IC2008,2020-07-03 09:34:16.100,5921.4000,5786,0,330380360.000,0,-,-,-,-,5922.0000,5921.0000,5918.2000,5914.2000,5912.6000,5924.4000,5924.6000,5925.0000,5932.0000,5939.8000,2,1,1,1,3,1,1,1,1,3
SF,IC2008,2020-07-03 09:34:16.600,5922.0000,5786,0,331564760.000,1,0,1,多换,S,5922.0000,5921.0000,5918.2000,5914.2000,5912.6000,5924.4000,5925.0000,5932.0000,5939.8000,5949.8000,2,1,1,1,3,1,1,1,3,2
SF,IC2008,2020-07-03 09:34:18.100,5922.0000,5786,0,333933560.000,2,1,1,多换,S,5921.0000,5918.2000,5914.2000,5912.6000,5912.2000,5924.2000,5924.4000,5925.0000,5932.0000,5939.8000,1,1,1,3,1,2,1,1,1,3
SF,IC2008,2020-07-03 09:34:18.600,5922.0000,5786,0,333933560.000,0,-,-,-,-,5921.0000,5918.2000,5914.2000,5912.6000,5912.2000,5924.0000,5925.0000,5932.0000,5939.8000,5949.8000,1,1,1,3,1,1,1,1,3,2
SF,IC2008,2020-07-03 09:34:19.100,5922.0000,5786,0,333933560.000,0,-,-,-,-,5921.0000,5918.2000,5914.2000,5912.6000,5912.2000,5923.8000,5924.0000,5925.0000,5932.0000,5939.8000,1,1,1,3,1,2,1,1,1,3
SF,IC2008,2020-07-03 09:34:19.600,5922.0000,5786,0,333933560.000,0,-,-,-,-,5921.0000,5918.2000,5914.2000,5912.6000,5912.2000,5923.6000,5924.4000,5925.0000,5932.0000,5939.8000,1,1,1,3,1,1,1,1,1,3
SF,IC2008,2020-07-03 09:34:21.100,5922.0000,5786,0,333933560.000,0,-,-,-,-,5921.0000,5918.2000,5914.2000,5912.6000,5912.2000,5923.4000,5923.6000,5924.4000,5925.0000,5932.0000,1,1,1,3,1,2,1,1,1,1
