市场代码,合约代码,时间,最新,持仓,增仓,成交额,成交量,开仓,平仓,成交类型,方向,买一价,买二价,买三价,买四价,买五价,卖一价,卖二价,卖三价,卖四价,卖五价,买一量,买二量,买三量,买四量,买五量,卖一量,卖二量,卖三量,卖四量,卖五量
SF,IC2005,2020-03-30 09:29:00.100,4949.2000,3073,0,989840.000,1.000,-,-,-,-,4922.2000,4903.0000,4902.2000,4901.2000,4894.4000,4949.4000,4957.0000,4959.8000,4963.0000,4976.0000,3,2,3,1,1,1,1,1,2,5
SF,IC2005,2020-03-30 09:30:00.100,4949.4000,3071,-2,2969600.000,2,0,2,双平,S,4951.8000,4951.4000,4943.6000,4943.2000,4942.6000,4957.0000,4959.8000,4963.0000,4976.0000,4984.0000,1,1,2,1,1,1,1,2,5,5
SF,IC2005,2020-03-30 09:30:00.600,4949.4000,3071,0,3959480.000,1,0,1,多换,S,4952.0000,4943.2000,4941.6000,4922.2000,4902.2000,4952.2000,4953.8000,4955.6000,4956.8000,4957.0000,1,1,2,3,4,1,1,1,3,1
SF,IC2005,2020-03-30 09:30:01.100,4952.2000,3069,-2,7921200.000,4,1,3,多平,S,4943.2000,4922.2000,4902.2000,4901.2000,4850.0000,4955.6000,4956.8000,4957.0000,4957.2000,4959.8000,1,3,4,1,1,1,2,1,2,1
SF,IC2005,2020-03-30 09:30:01.600,4952.2000,3069,0,7921200.000,0,-,-,-,-,4945.6000,4945.2000,4944.0000,4943.6000,4943.4000,4952.0000,4955.4000,4955.6000,4957.0000,4957.2000,1,1,1,2,6,1,4,1,1,2
SF,IC2005,2020-03-30 09:30:02.100,4952.0000,3068,-1,8911600.000,1,0,1,双平,S,4952.4000,4952.0000,4951.0000,4950.0000,4947.4000,4955.4000,4957.0000,4959.8000,4963.0000,4964.8000,1,1,1,1,1,1,1,1,2,5
SF,IC2005,2020-03-30 09:30:02.600,4952.0000,3068,0,8911600.000,0,-,-,-,-,4952.6000,4947.8000,4947.4000,4947.0000,4945.8000,4957.0000,4959.8000,4963.0000,4964.8000,4990.0000,1,1,1,2,2,1,1,2,5,14
SF,IC2005,2020-03-30 09:30:03.100,4952.2000,3067,-1,9902040.000,1,0,1,双平,S,4947.8000,4947.4000,4947.0000,4945.8000,4945.6000,4956.8000,4957.0000,4957.2000,4959.8000,4963.0000,1,1,2,1,1,4,1,2,1,2
SF,IC2005,2020-03-30 09:30:03.600,4952.2000,3067,0,9902040.000,0,-,-,-,-,4952.8000,4952.6000,4952.2000,4950.4000,4950.0000,4956.8000,4957.0000,4959.8000,4963.0000,4964.8000,1,1,1,3,1,2,1,1,2,5
SF,IC2005,2020-03-30 09:30:04.100,4952.2000,3067,0,9902040.000,0,-,-,-,-,4948.2000,4948.0000,4947.4000,4945.6000,4943.4000,4956.0000,4956.6000,4956.8000,4957.0000,4959.8000,1,2,1,1,1,1,1,2,1,1
SF,IC2005,2020-03-30 09:30:04.600,4952.2000,3067,0,9902040.000,0,-,-,-,-,4948.4000,4948.2000,4947.4000,4945.6000,4943.4000,4953.8000,4955.8000,4956.0000,4956.6000,4957.0000,3,1,1,1,1,1,3,1,1,1
SF,IC2005,2020-03-30 09:30:05.100,4952.2000,3067,0,9902040.000,0,-,-,-,-,4948.4000,4948.2000,4947.4000,4945.6000,4943.4000,4953.6000,4955.4000,4955.8000,4956.0000,4957.0000,3,1,1,1,1,2,1,1,1,1
SF,IC2005,2020-03-30 09:30:05.600,4953.6000,3065,-2,11883480.000,2,0,2,双平,S,4948.6000,4948.4000,4948.2000,4947.4000,4945.6000,4955.8000,4956.0000,4957.0000,4959.8000,4963.0000,1,3,1,1,1,1,1,1,1,2
SF,IC2005,2020-03-30 09:30:06.100,4953.6000,3065,0,11883480.000,0,-,-,-,-,4948.8000,4948.6000,4948.4000,4948.2000,4947.4000,4953.8000,4955.6000,4955.8000,4956.0000,4957.0000,5,1,1,1,1,1,1,1,1,1
SF,IC2005,2020-03-30 09:30:06.600,4953.8000,3064,-1,12874240.000,1,0,1,双平,S,4951.4000,4950.4000,4949.0000,4948.8000,4948.4000,4955.8000,4956.0000,4957.0000,4959.8000,4963.0000,1,3,1,5,1,1,1,1,1,2
SF,IC2005,2020-03-30 09:30:07.100,4953.8000,3064,0,12874240.000,0,-,-,-,-,4951.6000,4950.4000,4948.8000,4947.4000,4945.6000,4956.0000,4957.0000,4959.8000,4963.0000,4964.8000,5,3,1,1,1,1,1,1,2,5
SF,IC2005,2020-03-30 09:30:07.600,4956.0000,3063,-1,13865440.000,1,0,1,双平,S,4954.0000,4953.2000,4952.0000,4951.6000,4950.4000,4957.0000,4959.8000,4963.0000,4964.8000,4990.0000,1,1,1,4,3,1,1,2,5,14
SF,IC2005,2020-03-30 09:30:08.100,4954.2000,3062,-1,14856280.000,1,0,1,双平,S,4952.0000,4951.6000,4950.4000,4948.8000,4945.6000,4954.2000,4956.0000,4956.6000,4957.0000,4959.8000,1,2,3,1,1,1,1,1,1,1
SF,IC2005,2020-03-30 09:30:08.600,4948.8000,3062,0,24759480.000,10,5,5,多换,S,4945.6000,4943.4000,4935.8000,4922.2000,4910.0000,4947.8000,4956.0000,4956.6000,4957.0000,4959.8000,1,1,5,3,1,1,1,1,1,1
SF,IC2005,2020-03-30 09:30:09.100,4947.8000,3062,0,25749040.000,1,0,1,多换,S,4952.4000,4951.0000,4950.6000,4950.0000,4948.2000,4956.0000,4956.6000,4957.0000,4959.8000,4963.0000,1,1,1,1,6,1,1,1,1,2
SF,IC2005,2020-03-30 09:30:09.600,4947.8000,3062,0,25749040.000,0,-,-,-,-,4950.6000,4948.2000,4948.0000,4947.8000,4947.6000,4955.8000,4956.0000,4956.6000,4957.0000,4959.8000,1,6,14,3,2,2,1,1,1,1
SF,IC2005,2020-03-30 09:30:10.100,4947.8000,3062,0,25749040.000,0,-,-,-,-,4950.8000,4950.6000,4948.2000,4948.0000,4947.8000,4955.6000,4955.8000,4956.0000,4956.6000,4957.0000,1,1,6,14,2,1,1,1,1,1
SF,IC2005,2020-03-30 09:30:10.600,4947.8000,3062,0,25749040.000,0,-,-,-,-,4951.0000,4950.8000,4950.6000,4948.2000,4948.0000,4955.4000,4955.6000,4956.0000,4956.6000,4957.0000,3,1,1,6,14,1,1,1,1,1
SF,IC2005,2020-03-30 09:30:11.100,4947.8000,3062,0,25749040.000,0,-,-,-,-,4953.6000,4953.2000,4951.2000,4951.0000,4950.6000,4956.0000,4956.6000,4957.0000,4959.8000,4963.0000,1,1,1,3,1,1,1,1,1,2
SF,IC2005,2020-03-30 09:30:11.600,4951.0000,3060,-2,27729440.000,2,0,2,双平,S,4951.2000,4950.6000,4948.2000,4948.0000,4947.8000,4955.6000,4955.8000,4956.0000,4956.6000,4957.0000,1,1,6,14,1,1,1,1,1,1
SF,IC2005,2020-03-30 09:30:12.100,4955.4000,3061,1,29711280.000,2,1,1,空开,S,4951.4000,4951.2000,4948.2000,4948.0000,4947.8000,4955.4000,4955.6000,4956.0000,4956.6000,4957.0000,3,1,6,14,1,1,1,1,1,1
SF,IC2005,2020-03-30 09:30:12.600,4955.4000,3061,0,29711280.000,0,-,-,-,-,4951.6000,4951.4000,4948.2000,4948.0000,4947.8000,4953.8000,4955.2000,4955.4000,4955.6000,4956.0000,1,3,6,14,1,1,2,1,1,1
SF,IC2005,2020-03-30 09:30:13.100,4951.4000,3059,-2,31691880.000,2,0,2,双平,S,4951.4000,4948.2000,4948.0000,4947.8000,4947.6000,4953.8000,4955.2000,4955.4000,4955.6000,4956.0000,2,6,14,1,1,1,3,1,1,1
SF,IC2005,2020-03-30 09:30:13.600,4951.4000,3059,0,31691880.000,0,-,-,-,-,4948.2000,4948.0000,4947.4000,4945.6000,4935.8000,4953.6000,4953.8000,4955.2000,4955.4000,4955.6000,6,14,1,1,5,1,1,2,1,1
SF,IC2005,2020-03-30 09:30:14.100,4951.4000,3059,0,31691880.000,0,-,-,-,-,4948.4000,4948.2000,4948.0000,4947.4000,4945.6000,4953.4000,4953.6000,4953.8000,4955.2000,4955.6000,2,6,14,1,1,1,2,1,1,1
SF,IC2005,2020-03-30 09:30:14.600,4951.4000,3059,0,31691880.000,0,-,-,-,-,4948.4000,4948.2000,4948.0000,4947.4000,4945.6000,4953.0000,4953.2000,4953.4000,4953.6000,4953.8000,2,6,14,1,1,1,2,1,1,1
SF,IC2005,2020-03-30 09:30:15.100,4951.4000,3059,0,31691880.000,0,-,-,-,-,4948.4000,4948.2000,4948.0000,4947.4000,4945.6000,4951.8000,4952.8000,4953.0000,4953.6000,4953.8000,2,6,14,1,1,1,3,1,1,1
SF,IC2005,2020-03-30 09:30:15.600,4951.4000,3059,0,31691880.000,0,-,-,-,-,4948.4000,4948.2000,4948.0000,4947.4000,4945.6000,4952.8000,4953.0000,4953.6000,4953.8000,4955.2000,2,6,14,1,1,3,1,1,1,1
SF,IC2005,2020-03-30 09:30:16.100,4952.8000,3058,-1,32682440.000,1,0,1,双平,S,4948.4000,4948.2000,4948.0000,4947.4000,4945.6000,4952.8000,4953.0000,4953.6000,4953.8000,4955.2000,3,6,14,1,1,2,1,1,1,1
SF,IC2005,2020-03-30 09:30:16.600,4952.8000,3058,0,32682440.000,0,-,-,-,-,4948.4000,4948.2000,4948.0000,4940.8000,4935.8000,4950.4000,4952.6000,4952.8000,4953.6000,4955.2000,1,6,14,1,5,2,2,2,1,1
SF,IC2005,2020-03-30 09:30:17.100,4952.8000,3058,0,32682440.000,0,-,-,-,-,4948.4000,4948.2000,4948.0000,4940.8000,4935.8000,4950.4000,4952.6000,4952.8000,4953.6000,4955.2000,1,6,14,1,5,2,1,2,1,1
SF,IC2005,2020-03-30 09:30:17.600,4952.8000,3058,0,32682440.000,0,-,-,-,-,4950.4000,4948.4000,4948.2000,4948.0000,4940.8000,4952.6000,4952.8000,4953.6000,4957.0000,4959.8000,1,1,6,14,1,1,1,1,1,1
SF,IC2005,2020-03-30 09:30:18.100,4950.4000,3058,0,33672520.000,1,0,1,多换,S,4950.4000,4948.2000,4948.0000,4940.8000,4935.8000,4952.4000,4953.6000,4957.0000,4959.8000,4963.0000,1,6,14,1,5,1,1,1,1,2
SF,IC2005,2020-03-30 09:30:18.600,4950.4000,3057,-1,34662600.000,1,0,1,双平,S,4948.2000,4948.0000,4940.8000,4935.8000,4922.2000,4950.0000,4950.4000,4951.4000,4951.8000,4952.2000,6,14,1,5,3,1,1,2,1,1
SF,IC2005,2020-03-30 09:30:19.100,4950.4000,3057,0,34662600.000,0,-,-,-,-,4950.0000,4948.2000,4948.0000,4940.8000,4935.8000,4951.4000,4951.8000,4952.2000,4952.4000,4953.6000,1,6,14,1,5,1,1,1,1,1
SF,IC2005,2020-03-30 09:30:19.600,4950.0000,3055,-2,37633240.000,3,0,3,多平,S,4948.2000,4948.0000,4940.8000,4935.8000,4922.2000,4949.8000,4950.4000,4951.2000,4953.6000,4959.8000,6,14,1,5,3,1,2,1,1,1
SF,IC2005,2020-03-30 09:30:20.100,4950.0000,3055,0,37633240.000,0,-,-,-,-,4948.2000,4948.0000,4940.8000,4935.8000,4922.2000,4950.4000,4951.2000,4953.6000,4959.8000,4963.0000,6,14,1,5,3,2,1,1,1,2
SF,IC2005,2020-03-30 09:30:20.600,4950.0000,3055,0,37633240.000,0,-,-,-,-,4948.4000,4948.2000,4948.0000,4940.8000,4935.8000,4950.0000,4950.4000,4951.2000,4953.6000,4959.8000,2,6,14,1,5,1,2,1,1,1
SF,IC2005,2020-03-30 09:30:21.100,4950.0000,3055,0,37633240.000,0,-,-,-,-,4948.4000,4948.2000,4948.0000,4940.8000,4935.8000,4950.0000,4950.4000,4951.2000,4953.6000,4959.8000,2,6,14,1,5,10,1,1,1,1
SF,IC2005,2020-03-30 09:30:21.600,4950.0000,3055,0,37633240.000,0,-,-,-,-,4948.2000,4948.0000,4940.8000,4935.8000,4922.2000,4950.0000,4950.4000,4951.2000,4953.6000,4959.8000,6,14,1,5,3,10,1,1,1,1
SF,IC2005,2020-03-30 09:30:22.100,4948.2000,3054,-1,39612520.000,2,0,2,多平,S,4948.2000,4948.0000,4940.8000,4935.8000,4922.2000,4949.8000,4950.0000,4950.4000,4951.2000,4953.6000,4,14,1,5,3,1,10,1,1,1
SF,IC2005,2020-03-30 09:30:22.600,4948.2000,3054,0,39612520.000,0,-,-,-,-,4948.2000,4948.0000,4940.8000,4935.8000,4922.2000,4949.8000,4950.0000,4950.4000,4953.2000,4953.6000,4,14,1,5,3,2,10,1,5,1
SF,IC2005,2020-03-30 09:30:23.100,4948.2000,3053,-1,40602160.000,1,0,1,双平,S,4948.2000,4948.0000,4940.8000,4935.8000,4922.2000,4949.8000,4950.0000,4950.4000,4953.2000,4953.6000,3,14,1,5,3,2,10,1,5,1
SF,IC2005,2020-03-30 09:30:23.600,4948.2000,3053,0,40602160.000,0,-,-,-,-,4948.2000,4948.0000,4940.8000,4935.8000,4922.2000,4949.8000,4950.0000,4950.4000,4953.2000,4953.6000,3,14,1,5,3,2,10,1,5,1
SF,IC2005,2020-03-30 09:30:24.100,4948.0000,3049,-4,47529480.000,7,1,6,多平,S,4948.0000,4940.8000,4935.8000,4922.2000,4910.0000,4948.2000,4948.8000,4949.8000,4950.0000,4950.4000,8,1,5,3,1,1,1,2,11,1
SF,IC2005,2020-03-30 09:30:24.600,4948.0000,3053,4,55446280.000,8,6,2,空开,S,4940.8000,4935.8000,4922.2000,4910.0000,4902.2000,4947.8000,4948.0000,4948.8000,4949.8000,4950.0000,1,5,3,1,4,5,1,1,2,11
SF,IC2005,2020-03-30 09:30:25.100,4948.0000,3053,0,55446280.000,0,-,-,-,-,4945.0000,4943.6000,4943.2000,4942.8000,4942.4000,4947.6000,4947.8000,4948.0000,4948.8000,4950.0000,1,2,1,1,1,2,10,1,1,11
SF,IC2005,2020-03-30 09:30:25.600,4948.0000,3053,0,55446280.000,0,-,-,-,-,4945.2000,4943.6000,4943.2000,4942.8000,4942.4000,4947.8000,4948.0000,4948.8000,4950.0000,4950.4000,1,2,1,1,1,5,1,1,11,1
SF,IC2005,2020-03-30 09:30:26.100,4948.0000,3053,0,56435880.000,1,0,1,多换,S,4945.2000,4943.6000,4942.8000,4942.4000,4941.6000,4947.6000,4947.8000,4948.0000,4948.8000,4950.0000,1,1,1,1,1,1,7,1,1,10
SF,IC2005,2020-03-30 09:30:27.100,4948.0000,3053,0,56435880.000,0,-,-,-,-,4942.8000,4942.4000,4941.6000,4941.0000,4935.8000,4947.6000,4947.8000,4948.0000,4948.8000,4950.0000,1,1,1,1,5,1,7,1,1,10
SF,IC2005,2020-03-30 09:30:27.600,4948.0000,3053,0,56435880.000,0,-,-,-,-,4943.0000,4942.8000,4942.4000,4941.6000,4941.0000,4947.4000,4947.6000,4947.8000,4948.0000,4948.8000,2,1,1,1,1,1,1,6,1,1
SF,IC2005,2020-03-30 09:30:28.100,4948.0000,3053,0,56435880.000,0,-,-,-,-,4943.0000,4942.8000,4942.4000,4941.6000,4941.0000,4947.2000,4947.4000,4947.6000,4947.8000,4948.0000,2,1,1,1,1,1,1,1,6,1
SF,IC2005,2020-03-30 09:30:28.600,4948.0000,3053,0,56435880.000,0,-,-,-,-,4943.6000,4943.2000,4943.0000,4942.8000,4942.4000,4947.0000,4947.2000,4947.6000,4947.8000,4948.0000,2,1,2,1,1,1,1,1,6,1
SF,IC2005,2020-03-30 09:30:29.100,4948.0000,3053,0,56435880.000,0,-,-,-,-,4943.8000,4943.0000,4942.8000,4942.4000,4941.6000,4947.6000,4947.8000,4948.0000,4948.8000,4950.0000,2,2,1,1,1,1,6,1,1,10
SF,IC2005,2020-03-30 09:30:29.600,4948.0000,3053,0,56435880.000,0,-,-,-,-,4943.8000,4943.6000,4943.0000,4942.8000,4942.4000,4947.6000,4947.8000,4948.0000,4948.8000,4950.0000,2,2,2,1,1,1,6,1,1,10
SF,IC2005,2020-03-30 09:30:30.100,4948.0000,3053,0,56435880.000,0,-,-,-,-,4943.8000,4943.0000,4942.8000,4942.4000,4941.6000,4947.6000,4947.8000,4948.0000,4948.8000,4950.0000,2,2,1,1,1,1,6,1,1,10
SF,IC2005,2020-03-30 09:30:30.600,4948.0000,3053,0,56435880.000,0,-,-,-,-,4943.8000,4943.6000,4943.0000,4942.8000,4942.4000,4947.4000,4947.6000,4947.8000,4948.0000,4948.8000,2,1,2,1,1,1,1,7,1,1
SF,IC2005,2020-03-30 09:30:31.100,4948.0000,3053,0,56435880.000,0,-,-,-,-,4943.8000,4943.6000,4943.0000,4942.8000,4942.4000,4947.6000,4947.8000,4948.0000,4948.8000,4950.0000,2,1,2,1,1,1,7,1,1,10
SF,IC2005,2020-03-30 09:30:31.600,4948.0000,3053,0,56435880.000,0,-,-,-,-,4943.8000,4943.0000,4942.8000,4942.4000,4941.6000,4947.4000,4947.8000,4948.0000,4948.8000,4950.0000,2,2,1,1,1,1,7,1,1,10
SF,IC2005,2020-03-30 09:30:32.600,4948.0000,3053,0,56435880.000,0,-,-,-,-,4943.8000,4943.6000,4943.0000,4942.8000,4942.4000,4947.0000,4947.4000,4947.8000,4948.0000,4948.8000,2,1,2,1,1,1,1,6,1,1
SF,IC2005,2020-03-30 09:30:33.100,4948.0000,3053,0,56435880.000,0,-,-,-,-,4944.0000,4943.8000,4943.6000,4943.0000,4942.8000,4947.0000,4947.4000,4947.8000,4948.0000,4948.8000,1,2,1,2,1,1,1,6,1,1
SF,IC2005,2020-03-30 09:30:33.600,4948.0000,3053,0,56435880.000,0,-,-,-,-,4945.4000,4944.2000,4944.0000,4943.8000,4943.6000,4947.4000,4948.8000,4950.0000,4950.4000,4953.2000,1,2,1,2,2,1,1,10,1,5
SF,IC2005,2020-03-30 09:30:34.100,4948.0000,3053,0,56435880.000,0,-,-,-,-,4944.2000,4943.8000,4942.8000,4942.4000,4941.6000,4945.2000,4947.2000,4947.4000,4948.8000,4950.0000,2,2,1,1,1,6,1,1,1,10
SF,IC2005,2020-03-30 09:30:34.600,4945.2000,3052,-1,62370200.000,6,2,4,多平,S,4946.0000,4945.2000,4943.8000,4941.6000,4941.0000,4948.8000,4950.0000,4953.2000,4959.8000,4963.0000,1,1,2,1,1,1,10,5,1,2
SF,IC2005,2020-03-30 09:30:35.100,4945.2000,3052,0,62370200.000,0,-,-,-,-,4946.0000,4944.4000,4941.6000,4941.0000,4935.8000,4947.8000,4948.6000,4948.8000,4950.0000,4953.2000,1,1,1,1,5,2,2,1,10,5
SF,IC2005,2020-03-30 09:30:35.600,4945.2000,3052,0,62370200.000,0,-,-,-,-,4946.0000,4944.4000,4941.6000,4941.0000,4935.8000,4947.6000,4947.8000,4948.8000,4950.0000,4953.2000,1,1,1,1,5,2,2,1,10,5
SF,IC2005,2020-03-30 09:30:36.100,4945.2000,3052,0,62370200.000,0,-,-,-,-,4946.0000,4944.4000,4941.6000,4941.0000,4935.8000,4947.6000,4947.8000,4948.8000,4950.0000,4953.2000,1,1,1,1,5,1,1,1,10,5
SF,IC2005,2020-03-30 09:30:36.600,4945.2000,3052,0,62370200.000,0,-,-,-,-,4946.0000,4944.4000,4941.6000,4941.0000,4935.8000,4947.6000,4947.8000,4948.8000,4950.0000,4953.2000,1,1,1,1,5,1,1,1,10,5
SF,IC2005,2020-03-30 09:30:37.100,4946.0000,3052,0,63359400.000,1,0,1,多换,S,4944.4000,4941.6000,4941.0000,4935.8000,4922.2000,4947.6000,4948.8000,4950.0000,4953.2000,4963.0000,1,1,1,5,3,1,1,10,5,2
SF,IC2005,2020-03-30 09:30:37.600,4947.4000,3051,-1,64348880.000,1,0,1,双平,S,4944.4000,4941.6000,4941.0000,4935.8000,4922.2000,4947.6000,4948.8000,4950.0000,4952.4000,4953.2000,1,1,1,5,3,1,1,10,1,5
SF,IC2005,2020-03-30 09:30:38.100,4947.4000,3051,0,64348880.000,0,-,-,-,-,4944.6000,4944.4000,4941.6000,4941.0000,4935.8000,4947.8000,4948.8000,4950.0000,4952.4000,4953.2000,3,1,1,1,5,1,1,10,1,5
SF,IC2005,2020-03-30 09:30:38.600,4947.6000,3051,0,65338400.000,1,0,1,多换,S,4944.6000,4944.4000,4941.6000,4941.0000,4935.8000,4947.8000,4948.8000,4950.0000,4952.4000,4953.2000,2,1,1,1,5,1,1,10,1,5
SF,IC2005,2020-03-30 09:30:39.100,4947.6000,3051,0,65338400.000,0,-,-,-,-,4944.6000,4944.4000,4941.6000,4941.0000,4940.0000,4947.8000,4948.8000,4950.0000,4952.4000,4953.2000,2,1,1,1,1,1,1,10,1,5
SF,IC2005,2020-03-30 09:30:39.600,4947.6000,3051,0,65338400.000,0,-,-,-,-,4944.6000,4944.4000,4941.6000,4941.0000,4940.0000,4947.8000,4948.8000,4950.0000,4953.2000,4963.0000,2,1,1,1,1,1,1,10,5,2
SF,IC2005,2020-03-30 09:30:40.100,4947.6000,3051,0,65338400.000,0,-,-,-,-,4944.8000,4944.6000,4944.4000,4941.6000,4941.0000,4948.8000,4950.0000,4953.2000,4963.0000,4990.0000,1,2,1,1,1,1,10,5,2,14
SF,IC2005,2020-03-30 09:30:40.600,4947.6000,3051,0,65338400.000,0,-,-,-,-,4945.0000,4944.8000,4944.6000,4944.4000,4941.6000,4948.6000,4948.8000,4950.0000,4953.2000,4963.0000,3,1,1,1,1,2,1,10,5,2
SF,IC2005,2020-03-30 09:30:41.100,4945.2000,3052,1,66327440.000,1,1,0,双开,S,4945.0000,4944.6000,4944.4000,4941.6000,4941.0000,4948.6000,4948.8000,4950.0000,4953.2000,4963.0000,3,1,1,1,1,2,1,10,5,2
SF,IC2005,2020-03-30 09:30:41.600,4945.2000,3052,0,66327440.000,0,-,-,-,-,4945.0000,4944.6000,4944.4000,4941.6000,4941.0000,4948.6000,4948.8000,4950.0000,4953.2000,4963.0000,2,1,1,1,1,1,1,10,5,2
SF,IC2005,2020-03-30 09:30:42.100,4945.2000,3052,0,66327440.000,0,-,-,-,-,4945.0000,4944.6000,4944.4000,4941.6000,4941.0000,4947.8000,4948.4000,4948.6000,4948.8000,4950.0000,1,1,1,1,1,1,1,1,1,10
SF,IC2005,2020-03-30 09:30:42.600,4945.2000,3052,0,66327440.000,0,-,-,-,-,4945.2000,4945.0000,4944.6000,4944.4000,4941.6000,4948.6000,4950.0000,4953.2000,4963.0000,4990.0000,1,1,1,1,1,1,10,5,2,14
SF,IC2005,2020-03-30 09:30:43.100,4945.2000,3052,0,66327440.000,0,-,-,-,-,4945.8000,4945.4000,4945.2000,4945.0000,4944.6000,4948.6000,4950.0000,4953.2000,4963.0000,4990.0000,1,1,1,1,1,1,10,5,2,14
SF,IC2005,2020-03-30 09:30:43.600,4945.2000,3052,0,66327440.000,0,-,-,-,-,4946.0000,4945.8000,4945.4000,4945.2000,4945.0000,4948.6000,4948.8000,4950.0000,4953.2000,4963.0000,1,1,1,1,1,1,1,10,5,2
SF,IC2005,2020-03-30 09:30:44.100,4945.2000,3052,0,66327440.000,0,-,-,-,-,4945.8000,4945.4000,4945.2000,4945.0000,4944.6000,4948.6000,4948.8000,4950.0000,4953.2000,4963.0000,1,1,1,1,1,1,1,10,5,2
SF,IC2005,2020-03-30 09:30:44.600,4945.2000,3052,0,66327440.000,0,-,-,-,-,4946.0000,4945.8000,4945.4000,4945.2000,4945.0000,4947.0000,4947.8000,4948.6000,4948.8000,4950.0000,1,1,1,1,1,1,1,1,1,10
SF,IC2005,2020-03-30 09:30:45.100,4947.0000,3051,-1,67316840.000,1,0,1,双平,S,4945.8000,4945.0000,4944.6000,4944.4000,4941.6000,4948.4000,4948.6000,4948.8000,4950.0000,4953.2000,1,1,1,1,1,1,1,1,10,5
SF,IC2005,2020-03-30 09:30:45.600,4947.0000,3051,0,67316840.000,0,-,-,-,-,4945.8000,4945.0000,4944.6000,4944.4000,4941.6000,4948.2000,4948.4000,4948.8000,4950.0000,4953.2000,1,1,1,1,1,1,1,1,10,5
SF,IC2005,2020-03-30 09:30:46.100,4947.0000,3051,0,67316840.000,0,-,-,-,-,4945.8000,4945.0000,4944.6000,4944.4000,4941.6000,4948.0000,4948.2000,4948.8000,4950.0000,4953.2000,1,1,1,1,1,1,1,1,10,5
SF,IC2005,2020-03-30 09:30:46.600,4947.0000,3051,0,67316840.000,0,-,-,-,-,4946.0000,4945.8000,4945.0000,4944.6000,4944.4000,4947.8000,4948.2000,4948.8000,4950.0000,4953.2000,1,1,1,1,1,1,1,1,10,5
SF,IC2005,2020-03-30 09:30:47.100,4947.0000,3051,0,67316840.000,0,-,-,-,-,4945.8000,4945.0000,4944.6000,4944.4000,4941.6000,4948.2000,4948.8000,4950.0000,4953.2000,4963.0000,1,1,1,1,1,1,1,10,5,2
SF,IC2005,2020-03-30 09:30:47.600,4947.0000,3051,0,67316840.000,0,-,-,-,-,4946.2000,4946.0000,4945.8000,4945.0000,4944.6000,4946.8000,4948.2000,4948.8000,4950.0000,4953.2000,1,1,1,1,1,1,1,1,10,5
SF,IC2005,2020-03-30 09:30:48.100,4945.8000,3049,-2,69295400.000,2,0,2,双平,S,4945.0000,4944.6000,4944.4000,4941.6000,4941.0000,4948.2000,4948.8000,4950.0000,4953.2000,4963.0000,1,1,1,1,1,1,1,10,5,2
SF,IC2005,2020-03-30 09:30:48.600,4945.8000,3049,0,69295400.000,0,-,-,-,-,4944.6000,4944.4000,4941.6000,4941.0000,4940.0000,4947.8000,4948.0000,4948.2000,4948.8000,4950.0000,1,1,1,1,2,1,1,1,1,10
SF,IC2005,2020-03-30 09:30:49.100,4945.8000,3049,0,69295400.000,0,-,-,-,-,4944.4000,4941.6000,4941.0000,4940.0000,4935.8000,4947.6000,4947.8000,4948.8000,4950.0000,4953.2000,1,1,1,2,5,2,1,1,10,5
SF,IC2005,2020-03-30 09:30:49.600,4945.8000,3049,0,69295400.000,0,-,-,-,-,4941.6000,4940.0000,4935.8000,4922.2000,4922.0000,4947.6000,4947.8000,4948.8000,4950.0000,4953.2000,1,2,5,3,1,2,1,1,10,5
SF,IC2005,2020-03-30 09:30:50.100,4947.4000,3049,0,70284880.000,1,0,1,多换,S,4941.8000,4941.6000,4940.0000,4935.8000,4922.2000,4947.6000,4947.8000,4948.8000,4950.0000,4953.2000,3,1,2,5,3,2,1,1,10,5
SF,IC2005,2020-03-30 09:30:50.600,4947.4000,3049,0,70284880.000,0,-,-,-,-,4941.8000,4941.6000,4940.0000,4935.8000,4922.2000,4947.4000,4947.6000,4947.8000,4948.8000,4950.0000,3,1,2,5,3,2,2,1,1,10
SF,IC2005,2020-03-30 09:30:51.100,4947.4000,3049,0,70284880.000,0,-,-,-,-,4941.8000,4941.6000,4940.0000,4935.8000,4922.2000,4947.2000,4947.4000,4947.8000,4948.8000,4950.0000,3,1,2,5,3,2,1,1,1,10
SF,IC2005,2020-03-30 09:30:51.600,4947.4000,3049,0,70284880.000,0,-,-,-,-,4941.8000,4941.6000,4940.0000,4935.8000,4922.2000,4946.8000,4947.2000,4947.8000,4948.8000,4950.0000,3,1,2,5,3,1,2,1,1,10
SF,IC2005,2020-03-30 09:30:52.100,4947.4000,3049,0,70284880.000,0,-,-,-,-,4941.8000,4941.6000,4940.0000,4935.8000,4922.2000,4945.2000,4946.4000,4946.6000,4946.8000,4947.0000,3,1,2,5,3,1,1,5,1,4
SF,IC2005,2020-03-30 09:30:52.600,4947.4000,3049,0,70284880.000,0,-,-,-,-,4941.8000,4940.0000,4930.0000,4922.2000,4922.0000,4945.0000,4945.2000,4946.4000,4946.6000,4946.8000,1,2,5,3,1,2,1,1,3,1
SF,IC2005,2020-03-30 09:30:53.100,4945.0000,3049,0,71273880.000,1,0,1,多换,S,4940.0000,4930.0000,4922.2000,4922.0000,4910.0000,4945.0000,4945.2000,4945.8000,4946.4000,4946.6000,2,5,3,1,1,2,1,10,1,3
SF,IC2005,2020-03-30 09:30:53.600,4945.0000,3049,0,71273880.000,0,-,-,-,-,4940.2000,4940.0000,4930.0000,4922.2000,4922.0000,4945.0000,4945.2000,4945.8000,4946.4000,4946.6000,3,2,5,3,1,2,1,10,1,3
SF,IC2005,2020-03-30 09:30:54.100,4945.0000,3049,0,71273880.000,0,-,-,-,-,4940.2000,4940.0000,4930.0000,4922.2000,4922.0000,4944.6000,4944.8000,4945.0000,4945.2000,4945.8000,2,2,5,3,1,1,1,2,1,10
SF,IC2005,2020-03-30 09:30:54.600,4945.0000,3049,0,71273880.000,0,-,-,-,-,4940.4000,4940.2000,4940.0000,4930.0000,4922.2000,4944.4000,4944.6000,4945.2000,4945.8000,4947.0000,1,2,2,5,3,3,1,1,10,1
SF,IC2005,2020-03-30 09:30:55.100,4945.0000,3049,0,71273880.000,0,-,-,-,-,4940.6000,4940.2000,4940.0000,4930.0000,4922.2000,4944.4000,4945.2000,4945.8000,4947.0000,4950.0000,2,1,2,5,3,4,1,10,1,10
SF,IC2005,2020-03-30 09:30:55.600,4941.8000,3048,-1,73250360.000,2,0,2,多平,S,4940.2000,4940.0000,4930.0000,4922.2000,4922.0000,4944.4000,4945.2000,4945.8000,4947.0000,4950.0000,1,2,5,3,1,4,1,10,1,10
SF,IC2005,2020-03-30 09:30:56.100,4941.8000,3048,0,73250360.000,0,-,-,-,-,4943.0000,4942.2000,4940.0000,4930.0000,4922.2000,4944.4000,4945.2000,4945.8000,4947.0000,4950.0000,1,1,2,5,3,2,1,10,1,10
SF,IC2005,2020-03-30 09:30:56.600,4942.6000,3048,0,74238880.000,1,0,1,多换,S,4942.2000,4940.0000,4930.0000,4922.2000,4922.0000,4942.6000,4942.8000,4943.0000,4943.8000,4944.2000,1,2,5,3,1,1,7,1,1,2
SF,IC2005,2020-03-30 09:30:57.100,4942.2000,3048,0,75227320.000,1,0,1,多换,S,4940.0000,4930.0000,4922.2000,4922.0000,4910.0000,4942.8000,4943.8000,4944.4000,4945.8000,4947.0000,2,5,3,1,1,5,1,1,10,1
SF,IC2005,2020-03-30 09:30:57.600,4942.2000,3048,0,75227320.000,0,-,-,-,-,4940.2000,4940.0000,4930.0000,4922.2000,4922.0000,4942.8000,4943.8000,4944.4000,4945.8000,4947.0000,1,2,5,3,1,5,1,1,10,1
SF,IC2005,2020-03-30 09:30:58.100,4942.2000,3048,0,75227320.000,0,-,-,-,-,4940.0000,4930.0000,4922.2000,4922.0000,4910.0000,4942.4000,4942.6000,4942.8000,4945.8000,4947.0000,2,5,3,1,1,1,2,5,10,1
SF,IC2005,2020-03-30 09:30:58.600,4942.2000,3048,0,75227320.000,0,-,-,-,-,4940.0000,4930.0000,4922.2000,4922.0000,4910.0000,4942.2000,4942.4000,4942.8000,4945.8000,4947.0000,2,5,3,1,1,2,1,5,10,1
SF,IC2005,2020-03-30 09:30:59.100,4942.2000,3048,0,75227320.000,0,-,-,-,-,4940.0000,4930.0000,4922.2000,4922.0000,4910.0000,4942.2000,4942.4000,4942.8000,4945.8000,4950.0000,2,5,3,1,1,2,1,5,10,10
SF,IC2005,2020-03-30 09:31:00.100,4940.0000,3048,0,78191760.000,3,1,2,多换,S,4930.0000,4922.2000,4922.0000,4910.0000,4902.2000,4942.2000,4942.4000,4942.8000,4945.8000,4950.0000,5,3,1,1,4,1,1,5,10,10
SF,IC2005,2020-03-30 09:31:00.600,4940.0000,3048,0,78191760.000,0,-,-,-,-,4936.8000,4935.0000,4934.8000,4933.4000,4933.0000,4939.8000,4940.0000,4941.8000,4942.0000,4942.2000,2,1,1,4,1,5,2,1,3,1
SF,IC2005,2020-03-30 09:31:01.100,4940.0000,3048,0,78191760.000,0,-,-,-,-,4935.0000,4933.4000,4932.8000,4932.4000,4930.2000,4939.6000,4939.8000,4940.0000,4940.2000,4941.4000,1,3,1,1,2,2,5,2,1,2
SF,IC2005,2020-03-30 09:31:01.600,4940.0000,3048,0,78191760.000,0,-,-,-,-,4935.2000,4933.4000,4932.8000,4932.4000,4930.2000,4939.4000,4939.6000,4939.8000,4940.0000,4940.2000,1,1,1,1,2,1,5,5,2,1
SF,IC2005,2020-03-30 09:31:02.100,4940.0000,3048,0,78191760.000,0,-,-,-,-,4932.4000,4930.2000,4930.0000,4924.2000,4922.2000,4939.2000,4939.4000,4939.6000,4939.8000,4940.0000,1,2,1,5,3,4,1,4,5,2
SF,IC2005,2020-03-30 09:31:02.600,4940.0000,3048,0,78191760.000,0,-,-,-,-,4932.6000,4932.4000,4930.2000,4930.0000,4924.2000,4938.8000,4939.0000,4939.2000,4939.6000,4939.8000,2,1,1,1,5,1,1,4,4,5
SF,IC2005,2020-03-30 09:31:03.100,4940.0000,3048,0,78191760.000,0,-,-,-,-,4932.6000,4932.4000,4930.0000,4924.2000,4922.2000,4938.6000,4938.8000,4939.2000,4939.6000,4939.8000,2,1,1,5,3,7,2,2,3,5
SF,IC2005,2020-03-30 09:31:03.600,4940.0000,3048,0,78191760.000,0,-,-,-,-,4932.6000,4932.4000,4930.0000,4924.2000,4922.2000,4937.4000,4938.2000,4938.6000,4938.8000,4939.2000,2,1,1,5,3,1,3,7,1,2
SF,IC2005,2020-03-30 09:31:04.100,4940.0000,3048,0,78191760.000,0,-,-,-,-,4932.6000,4932.4000,4930.0000,4924.2000,4922.2000,4937.2000,4938.2000,4938.6000,4938.8000,4939.2000,2,1,1,5,3,3,1,6,1,2
SF,IC2005,2020-03-30 09:31:04.600,4940.0000,3048,0,78191760.000,0,-,-,-,-,4932.6000,4932.4000,4930.0000,4924.2000,4922.2000,4937.2000,4938.2000,4938.6000,4938.8000,4939.8000,2,1,1,5,3,2,1,5,1,5
SF,IC2005,2020-03-30 09:31:05.100,4940.0000,3048,0,78191760.000,0,-,-,-,-,4932.6000,4932.4000,4930.0000,4924.2000,4922.2000,4937.2000,4938.6000,4939.8000,4940.0000,4940.2000,2,1,1,5,3,2,4,5,2,1
SF,IC2005,2020-03-30 09:31:05.600,4937.2000,3047,-1,80166640.000,2,0,2,多平,S,4935.0000,4933.4000,4932.8000,4932.6000,4932.4000,4940.0000,4940.2000,4941.6000,4945.8000,4949.8000,1,2,2,2,1,2,1,6,10,1
SF,IC2005,2020-03-30 09:31:06.100,4937.2000,3047,0,80166640.000,0,-,-,-,-,4935.2000,4934.8000,4933.4000,4932.6000,4930.0000,4939.8000,4940.0000,4941.6000,4945.8000,4949.8000,4,1,2,1,1,2,2,6,10,1
SF,IC2005,2020-03-30 09:31:06.600,4937.2000,3047,0,80166640.000,0,-,-,-,-,4935.2000,4933.4000,4932.6000,4930.0000,4924.2000,4937.2000,4939.8000,4940.0000,4940.2000,4940.4000,2,2,1,1,5,1,5,2,2,1
SF,IC2005,2020-03-30 09:31:07.100,4937.2000,3047,0,80166640.000,0,-,-,-,-,4936.0000,4933.4000,4932.6000,4930.0000,4924.2000,4937.2000,4939.8000,4940.0000,4940.2000,4940.4000,1,1,1,1,5,1,2,2,2,1
SF,IC2005,2020-03-30 09:31:07.600,4936.0000,3047,0,81153840.000,1,0,1,多换,S,4932.6000,4930.0000,4924.2000,4922.2000,4922.0000,4937.0000,4939.8000,4940.0000,4940.2000,4940.4000,1,1,5,3,1,1,1,2,2,1
SF,IC2005,2020-03-30 09:31:08.100,4936.0000,3047,0,81153840.000,0,-,-,-,-,4933.4000,4932.8000,4932.4000,4930.0000,4924.2000,4935.8000,4937.0000,4939.8000,4940.0000,4940.2000,1,3,1,1,5,5,1,1,2,2
SF,IC2005,2020-03-30 09:31:08.600,4936.0000,3047,0,81153840.000,0,-,-,-,-,4933.6000,4932.8000,4932.4000,4930.0000,4924.2000,4939.8000,4940.0000,4940.2000,4940.4000,4941.6000,2,2,1,1,5,1,2,2,1,6
SF,IC2005,2020-03-30 09:31:09.100,4936.0000,3047,0,81153840.000,0,-,-,-,-,4933.8000,4932.8000,4930.0000,4924.2000,4922.2000,4936.4000,4936.8000,4937.0000,4938.4000,4938.6000,1,2,1,5,3,1,1,1,1,1
SF,IC2005,2020-03-30 09:31:09.600,4936.0000,3047,0,81153840.000,0,-,-,-,-,4932.8000,4930.0000,4924.2000,4922.2000,4922.0000,4937.0000,4938.8000,4939.6000,4939.8000,4940.0000,2,1,5,3,1,1,1,1,1,2
SF,IC2005,2020-03-30 09:31:10.100,4936.0000,3047,0,81153840.000,0,-,-,-,-,4933.0000,4932.8000,4930.0000,4924.2000,4922.2000,4933.8000,4936.8000,4938.8000,4940.0000,4940.2000,3,1,1,5,3,1,2,1,2,2
SF,IC2005,2020-03-30 09:31:10.600,4933.8000,3046,-1,82140600.000,1,0,1,双平,S,4933.0000,4932.8000,4930.0000,4924.2000,4922.2000,4940.0000,4940.2000,4940.4000,4941.6000,4945.8000,1,1,1,5,3,2,2,1,6,10
SF,IC2005,2020-03-30 09:31:11.100,4933.8000,3046,0,82140600.000,0,-,-,-,-,4933.8000,4933.2000,4933.0000,4932.8000,4930.0000,4936.8000,4939.6000,4939.8000,4940.0000,4940.2000,1,2,1,1,1,1,1,6,3,2
SF,IC2005,2020-03-30 09:31:11.600,4933.8000,3046,0,82140600.000,0,-,-,-,-,4934.0000,4933.8000,4933.2000,4933.0000,4932.8000,4936.8000,4939.8000,4940.0000,4940.2000,4940.4000,1,1,3,1,1,1,3,4,2,1
SF,IC2005,2020-03-30 09:31:12.100,4933.2000,3046,0,83127240.000,1,0,1,多换,S,4934.4000,4934.0000,4933.2000,4930.0000,4924.2000,4936.6000,4936.8000,4939.8000,4940.0000,4940.2000,1,1,2,1,5,1,1,2,4,2
SF,IC2005,2020-03-30 09:31:12.600,4933.2000,3046,0,83127240.000,0,-,-,-,-,4934.4000,4934.0000,4933.2000,4930.0000,4924.2000,4936.6000,4939.8000,4940.0000,4940.2000,4940.4000,1,1,1,1,5,1,2,4,2,1
SF,IC2005,2020-03-30 09:31:13.600,4933.2000,3046,0,83127240.000,0,-,-,-,-,4933.2000,4930.0000,4924.2000,4922.2000,4922.0000,4936.6000,4939.8000,4940.0000,4940.2000,4940.4000,1,1,5,3,1,2,2,4,2,1
SF,IC2005,2020-03-30 09:31:14.100,4936.6000,3044,-2,85101880.000,2,0,2,双平,S,4935.0000,4930.0000,4924.2000,4922.2000,4922.0000,4939.8000,4940.0000,4940.2000,4940.4000,4941.6000,1,1,5,3,1,2,4,2,1,6
SF,IC2005,2020-03-30 09:31:14.600,4935.0000,3043,-1,87075880.000,2,0,2,多平,S,4930.0000,4924.2000,4922.2000,4922.0000,4910.0000,4936.4000,4936.8000,4938.0000,4938.6000,4939.2000,1,5,3,1,1,1,1,1,1,1
SF,IC2005,2020-03-30 09:31:15.100,4935.0000,3043,0,87075880.000,0,-,-,-,-,4932.4000,4930.8000,4930.4000,4930.2000,4930.0000,4936.2000,4938.6000,4939.2000,4939.4000,4939.8000,2,1,1,3,4,1,1,1,1,1
SF,IC2005,2020-03-30 09:31:15.600,4935.0000,3043,0,87075880.000,0,-,-,-,-,4932.6000,4932.4000,4930.8000,4930.4000,4930.2000,4936.2000,4938.6000,4939.2000,4939.4000,4940.0000,1,2,1,1,2,1,1,1,1,3
SF,IC2005,2020-03-30 09:31:16.100,4935.0000,3043,0,87075880.000,0,-,-,-,-,4933.0000,4932.6000,4932.4000,4930.8000,4930.4000,4936.2000,4939.4000,4940.0000,4940.2000,4940.4000,1,1,2,1,1,1,1,3,2,1
SF,IC2005,2020-03-30 09:31:16.600,4935.0000,3043,0,87075880.000,0,-,-,-,-,4933.2000,4933.0000,4932.4000,4930.8000,4930.4000,4939.4000,4940.0000,4940.2000,4940.4000,4941.6000,1,1,2,1,1,1,3,2,1,6
SF,IC2005,2020-03-30 09:31:17.100,4935.0000,3043,0,87075880.000,0,-,-,-,-,4933.0000,4932.4000,4930.8000,4930.4000,4930.2000,4939.2000,4940.0000,4940.2000,4940.4000,4941.6000,1,2,1,1,1,7,3,2,1,6
SF,IC2005,2020-03-30 09:31:17.600,4933.2000,3042,-1,88062520.000,1,0,1,双平,S,4932.4000,4930.8000,4930.4000,4930.2000,4930.0000,4939.2000,4940.0000,4940.2000,4940.4000,4941.6000,2,1,1,1,4,6,3,2,1,6
SF,IC2005,2020-03-30 09:31:18.100,4933.2000,3042,0,88062520.000,0,-,-,-,-,4933.4000,4932.6000,4932.4000,4930.8000,4930.4000,4939.0000,4939.2000,4940.0000,4940.2000,4940.4000,1,2,2,1,1,1,4,3,2,1
SF,IC2005,2020-03-30 09:31:18.600,4933.2000,3042,0,88062520.000,0,-,-,-,-,4933.6000,4933.4000,4932.4000,4930.8000,4930.4000,4938.8000,4939.0000,4939.2000,4940.0000,4940.2000,2,1,1,1,1,3,1,3,3,2
SF,IC2005,2020-03-30 09:31:19.100,4933.2000,3042,0,88062520.000,0,-,-,-,-,4934.6000,4933.6000,4933.4000,4930.8000,4930.4000,4938.6000,4938.8000,4939.2000,4940.0000,4940.2000,1,2,1,1,1,2,3,3,3,2
SF,IC2005,2020-03-30 09:31:19.600,4933.2000,3042,0,88062520.000,0,-,-,-,-,4933.6000,4933.4000,4930.8000,4930.4000,4930.0000,4938.4000,4938.6000,4938.8000,4939.2000,4940.0000,1,1,1,1,3,4,2,2,3,3
SF,IC2005,2020-03-30 09:31:20.100,4933.2000,3042,0,88062520.000,0,-,-,-,-,4933.4000,4930.8000,4930.4000,4930.0000,4929.8000,4938.2000,4938.4000,4938.8000,4939.2000,4940.0000,1,1,1,3,1,2,4,2,3,3
SF,IC2005,2020-03-30 09:31:20.600,4930.8000,3042,0,90035320.000,2,1,1,多换,S,4930.4000,4930.0000,4929.8000,4924.2000,4922.2000,4938.0000,4938.2000,4938.4000,4938.8000,4939.2000,1,3,1,5,3,3,2,3,2,3
SF,IC2005,2020-03-30 09:31:21.100,4930.8000,3042,0,90035320.000,0,-,-,-,-,4932.4000,4930.8000,4930.6000,4930.0000,4929.8000,4937.8000,4938.0000,4938.4000,4938.8000,4939.2000,1,1,3,3,1,2,3,3,2,3
SF,IC2005,2020-03-30 09:31:21.600,4930.8000,3042,0,90035320.000,0,-,-,-,-,4934.0000,4932.8000,4932.6000,4932.4000,4932.2000,4937.6000,4937.8000,4938.0000,4938.4000,4938.8000,1,1,2,2,1,1,2,2,3,2
SF,IC2005,2020-03-30 09:31:22.100,4930.8000,3042,0,90035320.000,0,-,-,-,-,4934.0000,4932.8000,4932.6000,4932.4000,4932.2000,4937.4000,4937.6000,4937.8000,4938.0000,4938.4000,1,1,2,2,1,1,1,1,2,3
SF,IC2005,2020-03-30 09:31:22.600,4930.8000,3042,0,90035320.000,0,-,-,-,-,4934.4000,4934.0000,4932.6000,4932.4000,4930.6000,4937.2000,4937.4000,4937.8000,4938.0000,4938.4000,1,1,1,2,1,1,4,1,2,3
SF,IC2005,2020-03-30 09:31:23.100,4934.4000,3042,0,91022200.000,1,0,1,多换,S,4934.0000,4932.6000,4932.4000,4931.2000,4930.6000,4937.0000,4937.2000,4937.4000,4938.0000,4938.4000,1,1,1,2,1,1,1,3,2,3
SF,IC2005,2020-03-30 09:31:23.600,4932.4000,3043,1,93982000.000,3,2,1,空开,S,4931.2000,4930.6000,4930.0000,4929.8000,4924.2000,4936.8000,4937.4000,4938.0000,4938.4000,4938.8000,2,2,3,1,5,2,3,2,3,2
SF,IC2005,2020-03-30 09:31:24.100,4932.4000,3043,0,93982000.000,0,-,-,-,-,4931.6000,4931.4000,4931.2000,4930.6000,4930.0000,4936.6000,4936.8000,4937.4000,4938.0000,4938.4000,1,1,2,2,3,1,6,3,2,3
SF,IC2005,2020-03-30 09:31:24.600,4932.4000,3043,0,93982000.000,0,-,-,-,-,4930.6000,4930.0000,4929.8000,4928.8000,4924.2000,4936.4000,4936.6000,4936.8000,4937.4000,4938.0000,2,3,1,2,5,4,1,7,4,2
SF,IC2005,2020-03-30 09:31:25.100,4932.4000,3043,0,93982000.000,0,-,-,-,-,4930.8000,4930.0000,4928.8000,4924.2000,4922.2000,4935.8000,4936.2000,4936.4000,4936.6000,4936.8000,1,1,2,5,3,1,1,4,1,6
SF,IC2005,2020-03-30 09:31:25.600,4932.4000,3043,0,93982000.000,0,-,-,-,-,4930.8000,4930.0000,4928.8000,4924.2000,4922.2000,4935.6000,4936.4000,4936.8000,4937.4000,4940.0000,1,1,2,5,3,3,2,4,4,2
SF,IC2005,2020-03-30 09:31:26.100,4930.0000,3043,0,95954160.000,2,1,1,多换,S,4928.8000,4924.2000,4922.2000,4922.0000,4910.0000,4935.0000,4935.6000,4936.4000,4936.8000,4937.4000,2,5,3,1,1,1,3,2,4,4
SF,IC2005,2020-03-30 09:31:26.600,4930.0000,3043,0,95954160.000,0,-,-,-,-,4930.0000,4929.6000,4929.2000,4929.0000,4926.2000,4934.8000,4935.0000,4936.4000,4936.8000,4937.4000,2,1,1,1,1,3,1,2,4,1
SF,IC2005,2020-03-30 09:31:27.100,4930.0000,3043,0,95954160.000,0,-,-,-,-,4930.4000,4930.2000,4930.0000,4929.6000,4928.2000,4934.8000,4936.4000,4936.8000,4937.4000,4940.0000,1,1,1,1,1,3,2,1,1,2
SF,IC2005,2020-03-30 09:31:27.600,4930.0000,3043,0,95954160.000,0,-,-,-,-,4930.6000,4930.4000,4929.6000,4928.2000,4927.6000,4934.8000,4936.4000,4936.8000,4937.4000,4940.0000,1,1,1,1,1,3,2,1,1,2
SF,IC2005,2020-03-30 09:31:28.100,4930.0000,3043,0,95954160.000,0,-,-,-,-,4930.6000,4930.4000,4928.2000,4927.6000,4924.4000,4934.8000,4936.4000,4936.8000,4937.4000,4940.0000,1,1,1,1,3,3,2,1,1,2
SF,IC2005,2020-03-30 09:31:28.600,4930.0000,3043,0,95954160.000,0,-,-,-,-,4928.2000,4927.6000,4924.4000,4924.2000,4922.2000,4930.0000,4934.6000,4934.8000,4936.4000,4936.8000,1,1,3,5,3,6,1,3,2,1
SF,IC2005,2020-03-30 09:31:29.100,4930.0000,3044,1,100883480.000,5,3,2,空开,S,4927.6000,4924.4000,4922.2000,4922.0000,4918.4000,4930.0000,4934.6000,4934.8000,4936.8000,4937.4000,1,3,3,1,5,4,1,2,1,1
SF,IC2005,2020-03-30 09:31:29.600,4930.0000,3044,0,104827480.000,4,2,2,多换,S,4928.0000,4924.4000,4922.2000,4918.4000,4911.2000,4934.6000,4934.8000,4940.0000,4941.6000,4945.8000,1,3,3,5,1,1,2,2,5,10
SF,IC2005,2020-03-30 09:31:30.100,4930.0000,3044,0,104827480.000,0,-,-,-,-,4928.0000,4924.4000,4922.2000,4918.4000,4911.2000,4930.6000,4934.4000,4934.6000,4940.0000,4941.6000,1,3,3,5,1,1,4,1,2,5
SF,IC2005,2020-03-30 09:31:30.600,4930.0000,3044,0,104827480.000,0,-,-,-,-,4928.2000,4928.0000,4924.4000,4922.2000,4918.4000,4930.6000,4934.4000,4940.0000,4941.6000,4945.8000,1,1,3,3,5,1,3,2,5,10
SF,IC2005,2020-03-30 09:31:31.100,4930.0000,3044,0,104827480.000,0,-,-,-,-,4928.6000,4928.2000,4928.0000,4925.0000,4924.4000,4930.6000,4934.4000,4940.0000,4941.6000,4945.8000,1,1,1,1,3,1,3,2,5,10
SF,IC2005,2020-03-30 09:31:31.600,4930.0000,3044,0,104827480.000,0,-,-,-,-,4928.8000,4928.6000,4928.0000,4925.0000,4924.4000,4930.6000,4934.4000,4940.0000,4941.6000,4945.8000,1,1,1,1,3,1,2,2,5,10
SF,IC2005,2020-03-30 09:31:32.100,4930.0000,3044,0,104827480.000,0,-,-,-,-,4928.8000,4928.6000,4928.0000,4924.4000,4922.2000,4930.6000,4934.4000,4940.0000,4941.6000,4945.8000,1,1,1,3,3,1,2,2,5,10
SF,IC2005,2020-03-30 09:31:32.600,4930.0000,3044,0,104827480.000,0,-,-,-,-,4928.8000,4928.6000,4924.4000,4922.2000,4918.4000,4930.6000,4934.4000,4940.0000,4941.6000,4945.8000,1,1,3,3,5,1,2,2,5,10
SF,IC2005,2020-03-30 09:31:33.100,4930.0000,3044,0,104827480.000,0,-,-,-,-,4928.6000,4924.4000,4922.2000,4918.8000,4918.4000,4930.6000,4934.4000,4940.0000,4941.6000,4945.8000,1,3,3,2,5,1,2,2,5,10
SF,IC2005,2020-03-30 09:31:33.600,4930.0000,3044,0,104827480.000,0,-,-,-,-,4928.6000,4924.4000,4922.2000,4918.8000,4918.4000,4930.6000,4934.4000,4940.0000,4941.6000,4945.8000,1,3,3,2,5,1,2,2,5,10
SF,IC2005,2020-03-30 09:31:34.100,4930.0000,3044,0,104827480.000,0,-,-,-,-,4928.6000,4924.4000,4922.2000,4918.8000,4918.4000,4930.6000,4934.4000,4940.0000,4941.6000,4945.8000,1,3,3,2,5,1,2,2,5,10
SF,IC2005,2020-03-30 09:31:34.600,4930.0000,3044,0,104827480.000,0,-,-,-,-,4928.8000,4928.6000,4924.4000,4922.2000,4918.8000,4930.6000,4934.4000,4940.0000,4941.6000,4945.8000,1,1,3,3,2,1,2,2,5,10
SF,IC2005,2020-03-30 09:31:35.100,4930.6000,3044,0,105813600.000,1,0,1,多换,S,4928.8000,4928.6000,4924.4000,4922.2000,4918.8000,4934.4000,4940.0000,4941.6000,4945.8000,4949.8000,1,1,3,3,2,2,2,5,10,1
SF,IC2005,2020-03-30 09:31:35.600,4930.6000,3044,0,105813600.000,0,-,-,-,-,4929.2000,4924.4000,4922.2000,4918.8000,4918.4000,4934.4000,4940.0000,4941.6000,4945.8000,4949.8000,1,3,3,2,5,2,2,5,10,1
SF,IC2005,2020-03-30 09:31:36.100,4930.6000,3044,0,105813600.000,0,-,-,-,-,4924.4000,4922.2000,4918.8000,4918.4000,4911.2000,4934.2000,4934.4000,4940.0000,4941.6000,4945.8000,3,3,2,5,1,2,2,2,5,10
SF,IC2005,2020-03-30 09:31:36.600,4930.6000,3044,0,105813600.000,0,-,-,-,-,4927.0000,4926.6000,4926.0000,4925.8000,4925.6000,4934.0000,4934.2000,4940.0000,4941.6000,4945.8000,1,4,1,1,2,2,2,2,5,10
SF,IC2005,2020-03-30 09:31:37.100,4930.6000,3044,0,105813600.000,0,-,-,-,-,4927.4000,4927.2000,4927.0000,4926.6000,4926.0000,4933.8000,4934.0000,4934.2000,4940.0000,4941.6000,2,1,1,4,1,2,2,1,2,5
SF,IC2005,2020-03-30 09:31:37.600,4930.6000,3044,0,105813600.000,0,-,-,-,-,4927.6000,4927.4000,4927.0000,4926.6000,4926.0000,4933.6000,4933.8000,4934.2000,4940.0000,4941.6000,1,1,1,3,1,2,2,1,2,5
SF,IC2005,2020-03-30 09:31:38.100,4930.6000,3044,0,105813600.000,0,-,-,-,-,4928.0000,4927.6000,4927.0000,4926.6000,4926.0000,4933.4000,4933.6000,4933.8000,4934.2000,4940.0000,1,1,1,3,1,5,2,1,1,2
SF,IC2005,2020-03-30 09:31:38.600,4930.6000,3044,0,105813600.000,0,-,-,-,-,4928.0000,4927.0000,4926.6000,4926.0000,4925.6000,4930.0000,4933.2000,4933.4000,4933.8000,4934.0000,2,1,3,1,2,1,2,6,1,1
SF,IC2005,2020-03-30 09:31:39.100,4930.6000,3044,0,105813600.000,0,-,-,-,-,4928.2000,4928.0000,4927.0000,4926.6000,4925.6000,4930.0000,4933.2000,4933.4000,4934.0000,4940.0000,1,2,1,3,1,1,2,3,1,2
SF,IC2005,2020-03-30 09:31:39.600,4930.6000,3044,0,105813600.000,0,-,-,-,-,4928.2000,4928.0000,4926.6000,4925.6000,4925.2000,4930.0000,4933.2000,4933.4000,4934.0000,4940.0000,1,1,3,1,1,1,2,3,1,2
SF,IC2005,2020-03-30 09:31:40.100,4930.6000,3044,0,105813600.000,0,-,-,-,-,4928.0000,4926.6000,4925.6000,4925.2000,4924.8000,4930.0000,4933.2000,4933.4000,4934.0000,4940.0000,1,2,1,1,1,1,2,3,1,2
SF,IC2005,2020-03-30 09:31:40.600,4930.6000,3044,0,105813600.000,0,-,-,-,-,4928.0000,4926.6000,4925.6000,4925.2000,4924.8000,4930.0000,4933.2000,4933.4000,4934.0000,4940.0000,1,2,1,1,1,1,2,3,1,2
SF,IC2005,2020-03-30 09:31:41.100,4930.6000,3044,0,105813600.000,0,-,-,-,-,4928.0000,4926.6000,4925.6000,4925.2000,4924.8000,4930.0000,4933.2000,4933.4000,4934.0000,4940.0000,1,2,1,1,1,1,2,3,1,2
SF,IC2005,2020-03-30 09:31:41.600,4930.6000,3044,0,105813600.000,0,-,-,-,-,4928.2000,4928.0000,4926.6000,4925.6000,4925.2000,4930.0000,4933.2000,4933.4000,4934.0000,4940.0000,1,1,2,1,1,1,2,3,1,2
SF,IC2005,2020-03-30 09:31:42.100,4930.6000,3044,0,105813600.000,0,-,-,-,-,4928.2000,4928.0000,4926.6000,4925.6000,4925.2000,4933.2000,4933.4000,4934.0000,4940.0000,4941.6000,1,1,2,1,1,2,1,1,2,5
SF,IC2005,2020-03-30 09:31:42.600,4930.6000,3044,0,105813600.000,0,-,-,-,-,4928.2000,4928.0000,4926.6000,4925.6000,4925.2000,4933.0000,4933.2000,4933.4000,4934.0000,4940.0000,1,1,2,1,1,3,2,1,1,2
SF,IC2005,2020-03-30 09:31:43.100,4930.6000,3044,0,105813600.000,0,-,-,-,-,4928.2000,4928.0000,4926.6000,4925.6000,4925.2000,4932.8000,4933.0000,4933.4000,4934.0000,4940.0000,1,1,2,1,1,2,3,1,1,2
SF,IC2005,2020-03-30 09:31:43.600,4930.6000,3044,0,105813600.000,0,-,-,-,-,4928.6000,4928.2000,4928.0000,4926.6000,4925.6000,4932.6000,4932.8000,4934.0000,4940.0000,4941.6000,1,1,1,2,1,1,2,1,2,5
SF,IC2005,2020-03-30 09:31:44.100,4930.6000,3044,0,105813600.000,0,-,-,-,-,4930.0000,4928.8000,4928.6000,4928.0000,4926.6000,4932.4000,4934.0000,4940.0000,4941.6000,4949.8000,1,1,1,1,1,2,1,2,5,1
SF,IC2005,2020-03-30 09:31:44.600,4930.6000,3044,0,105813600.000,0,-,-,-,-,4928.0000,4926.6000,4925.6000,4925.2000,4924.8000,4932.4000,4934.0000,4941.6000,4949.8000,4963.0000,1,1,1,1,1,1,1,5,1,2
SF,IC2005,2020-03-30 09:31:45.100,4930.6000,3044,0,105813600.000,0,-,-,-,-,4928.2000,4928.0000,4926.6000,4925.6000,4925.2000,4932.2000,4932.4000,4934.0000,4941.6000,4949.8000,1,1,1,1,1,1,1,1,5,1
SF,IC2005,2020-03-30 09:31:45.600,4930.6000,3044,0,105813600.000,0,-,-,-,-,4928.2000,4928.0000,4926.6000,4925.6000,4925.2000,4932.0000,4932.2000,4934.0000,4941.6000,4949.8000,1,1,1,1,1,1,1,1,5,1
SF,IC2005,2020-03-30 09:31:46.600,4930.6000,3044,0,105813600.000,0,-,-,-,-,4928.2000,4928.0000,4926.6000,4926.0000,4925.6000,4931.8000,4932.0000,4934.0000,4941.6000,4949.8000,1,1,1,1,1,1,1,1,5,1
SF,IC2005,2020-03-30 09:31:47.100,4930.6000,3044,0,105813600.000,0,-,-,-,-,4928.2000,4928.0000,4926.6000,4926.0000,4925.6000,4931.6000,4931.8000,4934.0000,4941.6000,4949.8000,1,1,1,1,1,1,1,1,5,1
SF,IC2005,2020-03-30 09:31:47.600,4930.6000,3044,0,105813600.000,0,-,-,-,-,4928.2000,4928.0000,4926.6000,4926.0000,4925.6000,4931.4000,4931.6000,4934.0000,4941.6000,4949.8000,1,1,1,1,1,1,1,1,5,1
SF,IC2005,2020-03-30 09:31:48.100,4930.6000,3044,0,105813600.000,0,-,-,-,-,4928.2000,4928.0000,4926.6000,4926.0000,4925.6000,4931.6000,4934.0000,4941.6000,4949.8000,4963.0000,1,1,1,1,1,1,1,5,1,2
SF,IC2005,2020-03-30 09:31:48.600,4930.6000,3044,0,105813600.000,0,-,-,-,-,4928.2000,4928.0000,4926.6000,4926.0000,4925.6000,4934.0000,4941.6000,4949.8000,4963.0000,4998.8000,1,1,1,1,1,1,5,1,2,1
SF,IC2005,2020-03-30 09:31:49.100,4930.6000,3044,0,105813600.000,0,-,-,-,-,4928.2000,4928.0000,4926.6000,4926.0000,4925.6000,4933.8000,4934.0000,4941.6000,4949.8000,4963.0000,1,1,1,1,1,4,1,5,1,2
SF,IC2005,2020-03-30 09:31:49.600,4930.6000,3044,0,105813600.000,0,-,-,-,-,4928.2000,4928.0000,4926.6000,4926.0000,4925.6000,4933.8000,4934.0000,4941.6000,4949.8000,4963.0000,1,1,1,1,1,4,1,5,1,2
SF,IC2005,2020-03-30 09:31:50.100,4930.6000,3044,0,105813600.000,0,-,-,-,-,4928.2000,4928.0000,4926.6000,4926.0000,4925.6000,4933.8000,4941.6000,4949.8000,4963.0000,4998.8000,1,1,1,1,1,3,5,1,2,1
SF,IC2005,2020-03-30 09:31:50.600,4930.6000,3044,0,105813600.000,0,-,-,-,-,4928.6000,4928.4000,4928.2000,4928.0000,4926.6000,4933.8000,4941.6000,4949.8000,4963.0000,4998.8000,1,1,1,1,1,1,5,1,2,1
SF,IC2005,2020-03-30 09:31:51.100,4930.6000,3044,0,105813600.000,0,-,-,-,-,4930.0000,4929.6000,4928.8000,4928.6000,4928.4000,4941.6000,4949.8000,4963.0000,4998.8000,5019.0000,1,1,1,2,1,5,1,2,1,1
SF,IC2005,2020-03-30 09:31:51.600,4930.6000,3044,0,105813600.000,0,-,-,-,-,4930.4000,4930.0000,4929.6000,4928.6000,4928.4000,4934.6000,4934.8000,4935.8000,4936.2000,4936.8000,1,2,1,1,1,1,1,1,1,4
SF,IC2005,2020-03-30 09:31:52.100,4930.6000,3044,0,105813600.000,0,-,-,-,-,4930.6000,4930.4000,4930.0000,4929.6000,4928.6000,4934.4000,4935.8000,4936.2000,4936.8000,4937.0000,1,1,2,1,1,2,1,1,4,1
SF,IC2005,2020-03-30 09:31:52.600,4930.6000,3044,0,105813600.000,0,-,-,-,-,4930.6000,4930.4000,4930.0000,4929.6000,4928.6000,4934.4000,4935.8000,4936.8000,4937.0000,4937.4000,1,1,2,1,1,2,1,3,1,1
SF,IC2005,2020-03-30 09:31:53.100,4930.6000,3044,0,105813600.000,0,-,-,-,-,4931.0000,4930.6000,4930.0000,4929.6000,4928.6000,4935.8000,4936.8000,4937.0000,4937.4000,4939.0000,1,1,2,1,1,1,1,1,1,1
SF,IC2005,2020-03-30 09:31:53.600,4930.6000,3044,0,105813600.000,0,-,-,-,-,4931.2000,4931.0000,4930.0000,4929.6000,4928.6000,4935.6000,4935.8000,4937.0000,4939.0000,4939.2000,1,1,2,1,1,1,1,1,1,1
SF,IC2005,2020-03-30 09:31:54.100,4930.6000,3044,0,105813600.000,0,-,-,-,-,4931.6000,4931.2000,4930.0000,4929.6000,4928.6000,4935.6000,4935.8000,4937.0000,4939.0000,4939.4000,1,1,2,1,1,1,1,1,1,1
SF,IC2005,2020-03-30 09:31:54.600,4930.6000,3044,0,105813600.000,0,-,-,-,-,4931.8000,4931.6000,4930.0000,4929.6000,4928.6000,4935.4000,4935.6000,4935.8000,4937.0000,4939.0000,1,1,2,1,1,1,1,1,1,1
SF,IC2005,2020-03-30 09:31:55.100,4935.8000,3042,-2,108774960.000,3,0,3,多平,S,4935.6000,4933.4000,4932.2000,4932.0000,4931.8000,4941.4000,4941.6000,4949.8000,4963.0000,4998.8000,1,2,2,1,1,1,5,1,2,1
SF,IC2005,2020-03-30 09:31:55.600,4935.6000,3041,-1,109762080.000,1,0,1,双平,S,4934.0000,4932.2000,4932.0000,4928.6000,4928.4000,4937.6000,4937.8000,4939.2000,4940.0000,4940.2000,1,1,1,1,4,1,1,1,2,2
SF,IC2005,2020-03-30 09:31:56.100,4935.6000,3041,0,109762080.000,0,-,-,-,-,4934.0000,4932.2000,4932.0000,4928.6000,4928.4000,4937.4000,4940.0000,4940.2000,4940.4000,4940.8000,1,1,1,1,4,1,2,2,1,1
SF,IC2005,2020-03-30 09:31:56.600,4935.6000,3041,0,109762080.000,0,-,-,-,-,4934.0000,4932.2000,4932.0000,4929.8000,4928.6000,4937.4000,4940.0000,4940.2000,4940.4000,4940.8000,1,1,2,1,1,1,2,2,1,1
SF,IC2005,2020-03-30 09:31:57.100,4935.6000,3041,0,109762080.000,0,-,-,-,-,4934.0000,4932.2000,4932.0000,4930.4000,4929.8000,4937.4000,4940.0000,4940.2000,4940.8000,4941.0000,1,1,2,1,1,1,2,2,1,1
SF,IC2005,2020-03-30 09:31:57.600,4935.6000,3041,0,109762080.000,0,-,-,-,-,4934.4000,4934.2000,4934.0000,4932.0000,4930.4000,4940.0000,4940.2000,4940.8000,4941.0000,4941.2000,1,2,1,1,1,2,2,1,1,2
SF,IC2005,2020-03-30 09:31:58.100,4935.6000,3041,0,109762080.000,0,-,-,-,-,4934.0000,4932.0000,4930.4000,4929.8000,4928.6000,4939.8000,4940.0000,4940.2000,4940.8000,4941.0000,1,1,1,1,1,4,2,2,1,1
SF,IC2005,2020-03-30 09:31:58.600,4935.6000,3041,0,109762080.000,0,-,-,-,-,4934.0000,4932.0000,4930.4000,4929.8000,4928.6000,4939.8000,4940.0000,4940.2000,4940.8000,4941.0000,1,1,1,1,1,4,2,2,1,1
SF,IC2005,2020-03-30 09:31:59.100,4930.4000,3045,4,115681920.000,6,5,1,空开,S,4929.8000,4928.6000,4928.4000,4928.0000,4926.0000,4930.0000,4939.6000,4939.8000,4940.0000,4940.2000,1,1,4,1,1,4,1,2,1,1
SF,IC2005,2020-03-30 09:31:59.600,4930.0000,3046,1,119625960.000,4,2,2,空开,S,4935.2000,4933.4000,4933.0000,4932.2000,4930.8000,4939.4000,4939.6000,4939.8000,4940.0000,4940.2000,1,3,1,1,1,1,1,1,1,1
SF,IC2005,2020-03-30 09:32:00.100,4930.0000,3046,0,119625960.000,0,-,-,-,-,4935.4000,4935.2000,4933.4000,4932.2000,4930.8000,4939.2000,4939.4000,4940.8000,4941.2000,4947.4000,1,1,3,1,4,2,1,1,1,5
SF,IC2005,2020-03-30 09:32:00.600,4930.0000,3046,0,119625960.000,0,-,-,-,-,4935.8000,4935.6000,4933.4000,4932.2000,4931.2000,4938.8000,4939.2000,4939.4000,4940.8000,4941.2000,1,2,3,1,1,1,2,1,1,1
SF,IC2005,2020-03-30 09:32:01.100,4935.6000,3044,-2,122587360.000,3,0,3,多平,S,4933.4000,4932.2000,4931.2000,4931.0000,4930.8000,4935.8000,4938.6000,4938.8000,4939.0000,4939.4000,2,1,1,2,4,1,1,1,2,1
SF,IC2005,2020-03-30 09:32:01.600,4935.6000,3044,0,122587360.000,0,-,-,-,-,4933.4000,4932.0000,4931.2000,4931.0000,4930.8000,4935.6000,4938.6000,4938.8000,4939.4000,4940.8000,1,1,1,3,4,7,1,1,1,1
SF,IC2005,2020-03-30 09:32:02.100,4935.6000,3044,0,122587360.000,0,-,-,-,-,4933.4000,4931.2000,4931.0000,4930.8000,4930.4000,4935.6000,4938.6000,4938.8000,4939.4000,4947.4000,1,1,2,4,1,7,1,1,1,5
SF,IC2005,2020-03-30 09:32:02.600,4935.6000,3044,0,122587360.000,0,-,-,-,-,4930.2000,4930.0000,4929.0000,4928.8000,4928.6000,4935.6000,4938.6000,4938.8000,4939.4000,4947.4000,7,1,1,1,1,7,1,1,1,5
SF,IC2005,2020-03-30 09:32:03.100,4935.6000,3044,0,122587360.000,0,-,-,-,-,4930.4000,4930.2000,4930.0000,4929.0000,4928.8000,4935.6000,4938.6000,4938.8000,4939.4000,4947.4000,1,6,4,1,4,6,1,1,1,5
SF,IC2005,2020-03-30 09:32:03.600,4935.6000,3044,0,122587360.000,0,-,-,-,-,4932.2000,4930.8000,4930.6000,4930.4000,4930.2000,4938.6000,4938.8000,4939.4000,4947.4000,4949.8000,1,1,1,1,6,1,1,1,5,1
SF,IC2005,2020-03-30 09:32:04.100,4935.6000,3044,0,122587360.000,0,-,-,-,-,4933.4000,4932.4000,4932.2000,4930.8000,4930.6000,4938.4000,4938.6000,4938.8000,4939.4000,4947.4000,3,1,1,1,1,1,1,1,1,5
SF,IC2005,2020-03-30 09:32:04.600,4935.6000,3044,0,122587360.000,0,-,-,-,-,4933.4000,4932.8000,4932.4000,4932.2000,4930.8000,4938.0000,4938.2000,4938.4000,4938.8000,4939.4000,1,1,1,1,1,1,1,1,1,1
SF,IC2005,2020-03-30 09:32:05.100,4935.6000,3044,0,122587360.000,0,-,-,-,-,4933.4000,4932.4000,4932.2000,4930.8000,4930.6000,4937.8000,4938.0000,4938.8000,4939.4000,4947.4000,1,1,1,2,3,2,1,1,1,5
SF,IC2005,2020-03-30 09:32:05.600,4935.6000,3044,0,122587360.000,0,-,-,-,-,4933.4000,4930.8000,4930.6000,4930.4000,4930.2000,4937.4000,4937.8000,4938.0000,4938.8000,4939.4000,1,3,2,3,5,1,2,1,1,1
SF,IC2005,2020-03-30 09:32:06.100,4935.6000,3044,0,122587360.000,0,-,-,-,-,4933.4000,4930.8000,4930.6000,4930.4000,4930.2000,4937.2000,4937.4000,4938.0000,4938.8000,4939.4000,1,3,2,3,5,2,1,1,1,1
SF,IC2005,2020-03-30 09:32:06.600,4935.6000,3044,0,122587360.000,0,-,-,-,-,4930.8000,4930.6000,4930.4000,4930.2000,4930.0000,4934.0000,4936.8000,4937.2000,4937.4000,4938.0000,2,1,3,5,2,1,1,3,2,1
SF,IC2005,2020-03-30 09:32:07.100,4935.6000,3044,0,122587360.000,0,-,-,-,-,4931.0000,4930.8000,4930.6000,4930.2000,4930.0000,4936.8000,4937.2000,4937.4000,4938.0000,4938.8000,1,1,1,5,2,1,2,1,1,1
SF,IC2005,2020-03-30 09:32:07.600,4935.6000,3044,0,122587360.000,0,-,-,-,-,4930.8000,4930.6000,4930.2000,4930.0000,4928.8000,4933.4000,4936.6000,4936.8000,4937.4000,4938.0000,1,1,5,2,4,1,6,3,1,1
SF,IC2005,2020-03-30 09:32:08.100,4935.6000,3044,0,122587360.000,0,-,-,-,-,4931.0000,4930.8000,4930.6000,4930.2000,4930.0000,4936.6000,4936.8000,4937.4000,4938.0000,4938.8000,1,1,1,5,2,3,1,1,1,1
SF,IC2005,2020-03-30 09:32:08.600,4935.6000,3044,0,122587360.000,0,-,-,-,-,4931.0000,4930.8000,4930.2000,4930.0000,4928.8000,4936.4000,4936.6000,4936.8000,4937.4000,4938.0000,1,1,5,2,3,1,2,1,1,1
SF,IC2005,2020-03-30 09:32:09.100,4935.6000,3044,0,122587360.000,0,-,-,-,-,4933.4000,4931.4000,4931.0000,4930.8000,4930.2000,4936.2000,4936.4000,4936.8000,4937.4000,4938.0000,1,1,1,1,5,1,1,1,1,1
SF,IC2005,2020-03-30 09:32:09.600,4935.6000,3044,0,122587360.000,0,-,-,-,-,4933.6000,4933.4000,4931.4000,4930.8000,4930.2000,4936.2000,4936.4000,4936.8000,4937.4000,4938.0000,1,1,1,1,5,1,1,1,1,1
SF,IC2005,2020-03-30 09:32:10.100,4936.2000,3044,0,123574600.000,1,0,1,多换,S,4933.6000,4933.4000,4931.4000,4931.0000,4930.8000,4937.4000,4938.0000,4938.8000,4939.4000,4947.4000,1,1,1,1,1,1,1,1,1,5
SF,IC2005,2020-03-30 09:32:10.600,4936.2000,3044,0,123574600.000,0,-,-,-,-,4933.6000,4933.4000,4931.4000,4931.0000,4930.8000,4937.2000,4937.4000,4938.0000,4938.8000,4939.4000,1,1,1,2,1,1,1,1,1,1
SF,IC2005,2020-03-30 09:32:11.100,4936.2000,3044,0,123574600.000,0,-,-,-,-,4933.4000,4931.4000,4931.0000,4930.8000,4930.4000,4936.8000,4937.0000,4937.2000,4937.4000,4938.0000,1,1,2,1,1,1,1,1,1,1
SF,IC2005,2020-03-30 09:32:11.600,4936.2000,3044,0,123574600.000,0,-,-,-,-,4933.4000,4931.4000,4931.0000,4930.8000,4930.4000,4936.6000,4936.8000,4937.0000,4937.4000,4938.0000,1,1,2,1,1,1,1,1,1,1
SF,IC2005,2020-03-30 09:32:12.100,4936.2000,3044,0,123574600.000,0,-,-,-,-,4933.4000,4931.4000,4931.0000,4930.8000,4930.2000,4936.2000,4936.6000,4936.8000,4937.4000,4938.0000,1,1,2,1,5,2,1,1,1,1
SF,IC2005,2020-03-30 09:32:12.600,4936.2000,3044,0,123574600.000,0,-,-,-,-,4933.4000,4931.4000,4931.0000,4930.8000,4930.2000,4935.8000,4936.0000,4936.2000,4936.8000,4937.4000,1,1,1,1,5,1,1,1,1,1
SF,IC2005,2020-03-30 09:32:13.100,4936.2000,3044,0,123574600.000,0,-,-,-,-,4933.4000,4931.4000,4931.0000,4930.8000,4930.2000,4935.6000,4935.8000,4936.2000,4936.8000,4937.4000,1,1,1,1,5,1,1,1,1,1
SF,IC2005,2020-03-30 09:32:13.600,4936.2000,3044,0,123574600.000,0,-,-,-,-,4933.4000,4931.4000,4931.0000,4930.8000,4930.2000,4935.4000,4935.6000,4936.2000,4936.8000,4937.4000,1,1,1,1,5,2,1,1,1,1
SF,IC2005,2020-03-30 09:32:14.100,4936.2000,3044,0,123574600.000,0,-,-,-,-,4933.4000,4931.4000,4930.8000,4930.2000,4930.0000,4935.0000,4935.6000,4936.2000,4936.8000,4937.4000,1,1,1,5,2,1,1,1,1,1
SF,IC2005,2020-03-30 09:32:14.600,4936.2000,3044,0,123574600.000,0,-,-,-,-,4933.4000,4931.4000,4930.8000,4930.2000,4930.0000,4934.8000,4935.0000,4936.2000,4936.8000,4937.4000,1,1,1,5,2,1,1,1,1,1
SF,IC2005,2020-03-30 09:32:15.100,4936.2000,3044,0,123574600.000,0,-,-,-,-,4933.4000,4931.4000,4930.8000,4930.2000,4930.0000,4934.8000,4935.0000,4936.0000,4936.2000,4936.8000,1,1,1,5,2,1,1,1,1,1
SF,IC2005,2020-03-30 09:32:15.600,4936.2000,3044,0,123574600.000,0,-,-,-,-,4933.4000,4931.4000,4930.8000,4930.2000,4930.0000,4934.8000,4935.0000,4936.0000,4936.2000,4936.8000,1,1,1,5,2,1,1,1,1,1
SF,IC2005,2020-03-30 09:32:16.100,4936.2000,3044,0,123574600.000,0,-,-,-,-,4933.4000,4931.4000,4930.8000,4930.2000,4930.0000,4934.8000,4935.0000,4936.0000,4936.2000,4936.8000,1,1,1,5,2,1,1,1,1,1
SF,IC2005,2020-03-30 09:32:16.600,4933.4000,3044,0,124561280.000,1,0,1,多换,S,4931.4000,4930.8000,4930.2000,4930.0000,4929.8000,4934.4000,4934.8000,4935.0000,4936.0000,4936.2000,1,1,5,2,1,1,1,1,1,1
SF,IC2005,2020-03-30 09:32:17.100,4933.4000,3044,0,124561280.000,0,-,-,-,-,4931.6000,4931.4000,4930.8000,4930.2000,4930.0000,4936.0000,4936.2000,4936.8000,4937.4000,4938.0000,2,1,1,5,2,1,1,1,1,1
SF,IC2005,2020-03-30 09:32:17.600,4933.4000,3044,0,124561280.000,0,-,-,-,-,4931.6000,4931.4000,4930.8000,4930.2000,4930.0000,4935.2000,4935.8000,4936.0000,4936.2000,4936.8000,2,1,1,5,2,1,2,1,1,1
SF,IC2005,2020-03-30 09:32:18.100,4933.4000,3044,0,124561280.000,0,-,-,-,-,4931.6000,4931.4000,4930.8000,4930.2000,4930.0000,4935.2000,4935.8000,4936.0000,4936.2000,4936.8000,2,1,1,5,2,1,3,1,1,1
SF,IC2005,2020-03-30 09:32:19.100,4933.4000,3044,0,124561280.000,0,-,-,-,-,4931.6000,4931.4000,4930.8000,4930.2000,4930.0000,4934.8000,4935.2000,4935.8000,4936.0000,4936.2000,2,1,1,5,2,1,1,3,1,1
SF,IC2005,2020-03-30 09:32:19.600,4933.4000,3044,0,124561280.000,0,-,-,-,-,4931.6000,4931.4000,4930.8000,4930.2000,4930.0000,4934.8000,4935.8000,4936.0000,4936.2000,4936.8000,2,1,1,5,2,1,3,1,1,1
SF,IC2005,2020-03-30 09:32:20.100,4933.4000,3044,0,124561280.000,0,-,-,-,-,4931.6000,4931.4000,4930.8000,4930.2000,4930.0000,4934.6000,4934.8000,4935.8000,4936.0000,4936.2000,2,1,1,5,2,1,1,3,1,1
SF,IC2005,2020-03-30 09:32:20.600,4933.4000,3044,0,124561280.000,0,-,-,-,-,4931.4000,4930.8000,4930.2000,4930.0000,4929.0000,4934.2000,4934.4000,4934.6000,4934.8000,4935.8000,1,1,5,2,1,1,1,1,1,2
SF,IC2005,2020-03-30 09:32:21.100,4933.4000,3044,0,124561280.000,0,-,-,-,-,4931.6000,4931.4000,4930.8000,4930.2000,4930.0000,4934.4000,4934.6000,4934.8000,4935.8000,4936.0000,1,1,1,5,1,1,1,1,2,1
SF,IC2005,2020-03-30 09:32:21.600,4933.4000,3044,0,124561280.000,0,-,-,-,-,4931.4000,4930.8000,4930.2000,4930.0000,4929.0000,4934.4000,4934.6000,4934.8000,4935.8000,4936.0000,1,1,5,1,1,1,1,1,2,1
SF,IC2005,2020-03-30 09:32:22.100,4933.4000,3044,0,124561280.000,0,-,-,-,-,4930.8000,4930.2000,4930.0000,4929.0000,4928.8000,4934.4000,4934.6000,4934.8000,4935.8000,4936.0000,1,5,1,1,1,1,1,1,2,1
SF,IC2005,2020-03-30 09:32:22.600,4933.4000,3044,0,124561280.000,0,-,-,-,-,4931.0000,4930.8000,4930.2000,4930.0000,4929.0000,4934.0000,4934.6000,4934.8000,4935.8000,4936.0000,1,1,5,1,1,1,1,1,2,1
SF,IC2005,2020-03-30 09:32:23.100,4933.4000,3044,0,124561280.000,0,-,-,-,-,4931.0000,4930.8000,4930.2000,4930.0000,4929.0000,4933.8000,4934.0000,4934.6000,4934.8000,4935.8000,1,1,5,1,1,1,1,1,1,2
SF,IC2005,2020-03-30 09:32:23.600,4933.4000,3044,0,124561280.000,0,-,-,-,-,4930.8000,4930.2000,4929.0000,4928.8000,4928.6000,4933.4000,4933.8000,4934.0000,4934.6000,4934.8000,1,5,1,1,1,1,1,1,1,1
SF,IC2005,2020-03-30 09:32:24.100,4933.4000,3044,0,124561280.000,0,-,-,-,-,4930.2000,4928.0000,4926.6000,4926.2000,4926.0000,4933.2000,4933.4000,4934.0000,4934.6000,4934.8000,5,1,3,1,1,1,1,1,1,1
SF,IC2005,2020-03-30 09:32:24.600,4933.4000,3044,0,124561280.000,0,-,-,-,-,4930.2000,4928.0000,4926.6000,4926.2000,4926.0000,4932.8000,4933.2000,4933.4000,4934.0000,4934.6000,5,1,3,1,1,1,1,1,1,1
SF,IC2005,2020-03-30 09:32:25.100,4933.4000,3044,0,124561280.000,0,-,-,-,-,4930.4000,4930.2000,4928.0000,4926.6000,4926.2000,4932.8000,4933.4000,4934.0000,4934.8000,4935.8000,1,5,1,3,1,2,1,1,1,7
SF,IC2005,2020-03-30 09:32:25.600,4933.4000,3044,0,124561280.000,0,-,-,-,-,4930.4000,4930.2000,4928.0000,4926.6000,4926.2000,4932.8000,4933.4000,4934.0000,4934.8000,4935.8000,1,5,1,3,1,1,1,1,1,1
SF,IC2005,2020-03-30 09:32:26.100,4933.4000,3044,0,124561280.000,0,-,-,-,-,4931.6000,4930.2000,4928.0000,4926.6000,4926.2000,4932.4000,4932.6000,4933.4000,4934.0000,4934.8000,1,5,1,3,1,1,1,1,1,1
SF,IC2005,2020-03-30 09:32:26.600,4933.4000,3044,0,124561280.000,0,-,-,-,-,4931.6000,4930.2000,4928.0000,4926.6000,4926.2000,4932.6000,4933.4000,4934.0000,4934.8000,4935.8000,1,5,1,3,1,1,1,1,1,1
SF,IC2005,2020-03-30 09:32:28.100,4931.6000,3045,1,125547600.000,1,1,0,双开,S,4930.2000,4928.0000,4926.6000,4926.2000,4926.0000,4931.4000,4932.2000,4932.4000,4932.6000,4933.4000,5,1,3,1,1,4,1,1,1,1
SF,IC2005,2020-03-30 09:32:28.600,4930.2000,3048,3,131464080.000,6,4,2,空开,S,4928.0000,4926.6000,4926.2000,4926.0000,4925.4000,4930.0000,4931.4000,4931.6000,4932.2000,4932.4000,1,3,1,1,1,2,3,1,1,1
SF,IC2005,2020-03-30 09:32:29.100,4930.2000,3048,0,131464080.000,0,-,-,-,-,4928.2000,4928.0000,4926.6000,4926.2000,4926.0000,4932.2000,4932.4000,4932.6000,4933.4000,4934.0000,1,1,3,1,1,1,1,1,1,1
SF,IC2005,2020-03-30 09:32:29.600,4930.2000,3048,0,131464080.000,0,-,-,-,-,4928.2000,4928.0000,4926.6000,4926.0000,4925.4000,4931.4000,4932.0000,4932.2000,4933.4000,4934.0000,1,1,3,1,1,1,2,1,1,1
SF,IC2005,2020-03-30 09:32:30.100,4930.2000,3048,0,131464080.000,0,-,-,-,-,4928.0000,4926.0000,4925.4000,4923.8000,4923.6000,4931.0000,4931.2000,4932.0000,4932.2000,4933.4000,1,1,1,2,3,2,1,2,1,1
SF,IC2005,2020-03-30 09:32:30.600,4930.2000,3048,0,131464080.000,0,-,-,-,-,4928.0000,4926.0000,4923.8000,4923.6000,4923.0000,4930.8000,4931.0000,4932.0000,4932.2000,4932.4000,1,1,2,3,1,2,2,1,1,1
SF,IC2005,2020-03-30 09:32:31.100,4930.2000,3048,0,131464080.000,0,-,-,-,-,4928.0000,4926.0000,4923.8000,4923.6000,4923.0000,4930.4000,4930.6000,4930.8000,4931.0000,4932.0000,1,1,2,3,1,1,1,2,1,1
SF,IC2005,2020-03-30 09:32:31.600,4928.0000,3049,1,132449680.000,1,1,0,双开,S,4926.0000,4923.8000,4923.6000,4923.0000,4922.2000,4927.8000,4930.2000,4930.4000,4930.6000,4931.0000,1,2,3,1,3,1,5,1,2,1
SF,IC2005,2020-03-30 09:32:32.100,4928.0000,3049,0,132449680.000,0,-,-,-,-,4926.2000,4926.0000,4923.8000,4923.6000,4923.0000,4927.8000,4930.2000,4930.4000,4930.6000,4931.0000,1,1,1,3,1,1,5,1,2,1
SF,IC2005,2020-03-30 09:32:32.600,4928.0000,3049,0,132449680.000,0,-,-,-,-,4926.0000,4922.2000,4919.6000,4918.4000,4911.2000,4927.8000,4929.2000,4930.2000,4930.4000,4930.6000,1,3,1,5,1,1,1,4,1,2
SF,IC2005,2020-03-30 09:32:33.100,4928.0000,3049,0,132449680.000,0,-,-,-,-,4926.0000,4925.8000,4922.2000,4920.6000,4919.6000,4927.8000,4929.2000,4930.2000,4930.4000,4930.6000,1,1,3,3,1,1,1,4,1,2
SF,IC2005,2020-03-30 09:32:33.600,4928.0000,3049,0,132449680.000,0,-,-,-,-,4926.0000,4925.8000,4922.2000,4921.0000,4920.6000,4927.8000,4929.2000,4930.2000,4930.4000,4930.6000,1,1,3,1,4,1,1,4,1,2
SF,IC2005,2020-03-30 09:32:34.100,4928.0000,3049,0,132449680.000,0,-,-,-,-,4926.0000,4925.8000,4922.2000,4921.0000,4920.6000,4927.8000,4930.2000,4930.4000,4930.6000,4931.0000,1,1,3,1,4,1,4,1,2,1
SF,IC2005,2020-03-30 09:32:34.600,4928.0000,3049,0,132449680.000,0,-,-,-,-,4926.2000,4926.0000,4925.8000,4922.2000,4921.0000,4927.6000,4930.2000,4930.4000,4931.0000,4932.0000,1,1,1,3,1,1,2,1,1,1
SF,IC2005,2020-03-30 09:32:35.100,4927.8000,3049,0,133435240.000,1,0,1,多换,S,4926.2000,4926.0000,4925.8000,4922.2000,4921.0000,4930.2000,4930.4000,4931.0000,4932.0000,4932.2000,1,1,1,3,2,1,1,1,1,1
SF,IC2005,2020-03-30 09:32:35.600,4927.8000,3049,0,133435240.000,0,-,-,-,-,4926.6000,4926.4000,4926.2000,4926.0000,4925.8000,4930.0000,4930.4000,4931.0000,4932.2000,4941.6000,1,1,1,1,1,1,1,1,1,5
SF,IC2005,2020-03-30 09:32:36.100,4927.8000,3049,0,133435240.000,0,-,-,-,-,4927.0000,4926.8000,4926.6000,4926.0000,4925.8000,4931.0000,4932.2000,4941.6000,4949.8000,4963.0000,1,2,3,1,1,1,1,5,1,2
SF,IC2005,2020-03-30 09:32:36.600,4927.8000,3049,0,133435240.000,0,-,-,-,-,4927.2000,4927.0000,4926.6000,4926.0000,4925.8000,4931.0000,4932.2000,4941.6000,4949.8000,4963.0000,2,1,1,1,1,1,1,5,1,2
SF,IC2005,2020-03-30 09:32:37.100,4927.8000,3049,0,133435240.000,0,-,-,-,-,4928.0000,4927.6000,4927.2000,4927.0000,4926.6000,4931.0000,4932.2000,4941.6000,4949.8000,4963.0000,1,1,2,1,1,1,1,5,1,2
SF,IC2005,2020-03-30 09:32:37.600,4927.8000,3049,0,133435240.000,0,-,-,-,-,4927.2000,4927.0000,4926.6000,4926.0000,4925.8000,4930.8000,4931.0000,4932.2000,4941.6000,4949.8000,2,1,1,1,1,1,1,1,5,1
SF,IC2005,2020-03-30 09:32:38.100,4927.8000,3049,0,133435240.000,0,-,-,-,-,4927.2000,4927.0000,4926.6000,4926.0000,4925.8000,4930.4000,4930.8000,4931.0000,4932.2000,4941.6000,1,1,1,1,1,1,1,1,1,5
SF,IC2005,2020-03-30 09:32:38.600,4927.8000,3049,0,133435240.000,0,-,-,-,-,4927.6000,4927.0000,4926.6000,4926.0000,4925.8000,4930.2000,4930.4000,4930.8000,4931.0000,4932.2000,1,1,1,1,1,1,1,1,1,1
SF,IC2005,2020-03-30 09:32:39.100,4927.8000,3049,0,133435240.000,0,-,-,-,-,4927.6000,4927.0000,4926.6000,4926.0000,4925.8000,4929.8000,4930.2000,4930.4000,4930.8000,4931.0000,1,1,1,1,1,1,1,1,1,1
SF,IC2005,2020-03-30 09:32:39.600,4927.8000,3049,0,133435240.000,0,-,-,-,-,4927.6000,4927.0000,4926.6000,4926.0000,4925.8000,4930.2000,4930.4000,4930.8000,4931.0000,4932.2000,1,1,1,1,1,1,1,1,1,1
SF,IC2005,2020-03-30 09:32:40.600,4927.8000,3049,0,133435240.000,0,-,-,-,-,4927.6000,4927.0000,4926.6000,4926.0000,4925.8000,4929.8000,4930.2000,4930.4000,4930.8000,4931.0000,1,1,1,1,1,1,1,1,1,1
SF,IC2005,2020-03-30 09:32:41.100,4927.8000,3049,0,133435240.000,0,-,-,-,-,4927.8000,4927.6000,4927.0000,4926.6000,4926.0000,4930.4000,4930.8000,4931.0000,4932.2000,4941.6000,1,1,1,1,1,1,1,1,1,5
SF,IC2005,2020-03-30 09:32:41.600,4927.8000,3049,0,133435240.000,0,-,-,-,-,4928.2000,4927.8000,4927.6000,4927.0000,4926.6000,4930.4000,4931.0000,4932.2000,4941.6000,4949.8000,1,1,1,1,1,1,1,1,5,1
SF,IC2005,2020-03-30 09:32:42.100,4927.8000,3049,0,133435240.000,0,-,-,-,-,4928.4000,4928.2000,4928.0000,4927.6000,4927.0000,4931.0000,4932.2000,4941.6000,4949.8000,4963.0000,1,1,1,1,1,1,1,5,1,2
SF,IC2005,2020-03-30 09:32:42.600,4927.8000,3049,0,133435240.000,0,-,-,-,-,4928.4000,4928.2000,4927.6000,4927.0000,4926.6000,4932.2000,4941.6000,4949.8000,4963.0000,4998.8000,2,1,1,1,1,1,5,1,2,1
SF,IC2005,2020-03-30 09:32:43.100,4927.8000,3049,0,133435240.000,0,-,-,-,-,4928.6000,4928.4000,4928.2000,4927.6000,4927.0000,4932.0000,4932.2000,4941.6000,4949.8000,4963.0000,1,2,1,1,1,1,1,5,1,2
SF,IC2005,2020-03-30 09:32:43.600,4927.8000,3049,0,133435240.000,0,-,-,-,-,4928.8000,4928.4000,4928.2000,4927.6000,4927.0000,4932.0000,4932.2000,4941.6000,4949.8000,4963.0000,1,1,1,1,1,1,1,5,1,2
SF,IC2005,2020-03-30 09:32:44.100,4927.8000,3049,0,133435240.000,0,-,-,-,-,4928.4000,4928.2000,4928.0000,4927.6000,4927.0000,4931.6000,4932.0000,4932.2000,4941.6000,4949.8000,1,1,1,1,1,1,1,1,5,1
SF,IC2005,2020-03-30 09:32:44.600,4927.8000,3049,0,133435240.000,0,-,-,-,-,4928.2000,4928.0000,4927.6000,4927.0000,4926.6000,4931.4000,4931.6000,4932.2000,4941.6000,4949.8000,1,1,1,1,1,1,1,1,5,1
SF,IC2005,2020-03-30 09:32:45.100,4927.8000,3049,0,133435240.000,0,-,-,-,-,4928.2000,4928.0000,4927.6000,4927.0000,4926.6000,4931.0000,4931.4000,4931.6000,4932.2000,4941.6000,1,1,1,1,1,1,1,1,1,5
SF,IC2005,2020-03-30 09:32:45.600,4928.0000,3049,0,134420840.000,1,0,1,多换,S,4928.0000,4927.6000,4927.0000,4926.6000,4926.0000,4930.8000,4931.0000,4931.6000,4932.2000,4941.6000,1,1,1,1,1,1,1,1,1,5
SF,IC2005,2020-03-30 09:32:46.100,4928.0000,3049,0,134420840.000,0,-,-,-,-,4928.0000,4927.6000,4927.0000,4926.6000,4926.0000,4930.4000,4930.8000,4931.0000,4931.6000,4932.2000,1,1,1,1,1,1,1,1,1,1
SF,IC2005,2020-03-30 09:32:46.600,4927.6000,3050,1,136391960.000,2,1,1,空开,S,4927.0000,4926.6000,4926.0000,4925.8000,4924.2000,4930.2000,4930.4000,4931.0000,4931.6000,4932.2000,1,1,1,1,1,1,1,1,1,1
SF,IC2005,2020-03-30 09:32:47.100,4927.6000,3050,0,136391960.000,0,-,-,-,-,4927.2000,4927.0000,4926.6000,4926.0000,4925.8000,4931.0000,4931.6000,4932.2000,4941.6000,4949.8000,1,1,1,1,1,1,1,1,5,1
SF,IC2005,2020-03-30 09:32:47.600,4927.6000,3050,0,136391960.000,0,-,-,-,-,4927.2000,4927.0000,4926.6000,4926.0000,4925.8000,4931.0000,4931.6000,4932.2000,4941.6000,4949.8000,2,1,1,1,1,1,1,1,5,1
SF,IC2005,2020-03-30 09:32:48.100,4927.6000,3050,0,136391960.000,0,-,-,-,-,4927.2000,4927.0000,4926.6000,4926.0000,4925.8000,4931.0000,4931.6000,4932.2000,4941.6000,4949.8000,2,1,1,1,1,1,1,1,5,1
SF,IC2005,2020-03-30 09:32:48.600,4927.6000,3050,0,136391960.000,0,-,-,-,-,4927.2000,4927.0000,4926.6000,4926.0000,4925.8000,4931.0000,4931.6000,4932.2000,4941.6000,4949.8000,2,1,1,1,1,1,1,1,5,1
SF,IC2005,2020-03-30 09:32:49.100,4927.6000,3050,0,136391960.000,0,-,-,-,-,4927.2000,4927.0000,4926.6000,4926.0000,4925.8000,4931.0000,4931.6000,4932.2000,4941.6000,4949.8000,2,1,1,1,1,1,1,1,5,1
SF,IC2005,2020-03-30 09:32:49.600,4927.4000,3052,2,138362920.000,2,2,0,双开,S,4927.2000,4927.0000,4926.6000,4926.0000,4925.8000,4931.0000,4931.6000,4932.2000,4941.6000,4949.8000,2,1,1,1,1,1,1,1,5,1
SF,IC2005,2020-03-30 09:32:50.100,4927.4000,3052,0,138362920.000,0,-,-,-,-,4927.2000,4927.0000,4926.6000,4926.0000,4925.8000,4931.0000,4931.6000,4932.2000,4941.6000,4949.8000,2,1,1,1,1,1,1,1,5,1
SF,IC2005,2020-03-30 09:32:50.600,4927.4000,3052,0,138362920.000,0,-,-,-,-,4927.2000,4927.0000,4926.6000,4926.0000,4925.8000,4930.8000,4931.0000,4931.6000,4932.2000,4941.6000,2,1,1,1,1,1,1,1,1,5
SF,IC2005,2020-03-30 09:32:51.100,4927.4000,3052,0,138362920.000,0,-,-,-,-,4927.6000,4927.2000,4927.0000,4926.6000,4926.0000,4930.8000,4931.0000,4931.6000,4932.2000,4941.6000,1,2,1,1,1,1,1,1,1,5
SF,IC2005,2020-03-30 09:32:51.600,4927.4000,3052,0,138362920.000,0,-,-,-,-,4927.8000,4927.6000,4927.2000,4927.0000,4926.6000,4930.8000,4931.0000,4931.6000,4932.2000,4941.6000,1,1,1,1,1,1,1,1,1,5
SF,IC2005,2020-03-30 09:32:52.100,4927.2000,3052,0,140333840.000,2,1,1,多换,S,4927.0000,4926.6000,4926.0000,4925.8000,4925.0000,4930.4000,4930.8000,4931.0000,4931.6000,4932.2000,1,1,1,1,1,1,1,1,1,1
SF,IC2005,2020-03-30 09:32:52.600,4927.2000,3052,0,140333840.000,0,-,-,-,-,4927.2000,4927.0000,4926.6000,4926.0000,4925.8000,4930.8000,4931.6000,4932.2000,4941.6000,4949.8000,2,1,1,1,1,1,1,1,5,1
SF,IC2005,2020-03-30 09:32:53.100,4927.2000,3052,0,140333840.000,0,-,-,-,-,4927.6000,4927.2000,4927.0000,4926.6000,4926.0000,4930.8000,4931.6000,4932.2000,4941.6000,4949.8000,1,2,1,1,1,1,1,1,5,1
SF,IC2005,2020-03-30 09:32:53.600,4927.2000,3052,0,140333840.000,0,-,-,-,-,4927.8000,4927.6000,4927.0000,4926.6000,4926.0000,4931.6000,4932.2000,4941.6000,4949.8000,4963.0000,2,1,1,1,1,1,1,5,1,2
SF,IC2005,2020-03-30 09:32:54.100,4927.2000,3052,0,140333840.000,0,-,-,-,-,4928.2000,4927.8000,4927.6000,4927.0000,4926.6000,4931.4000,4932.2000,4941.6000,4949.8000,4963.0000,1,2,1,1,1,1,1,5,1,2
SF,IC2005,2020-03-30 09:32:54.600,4927.2000,3052,0,140333840.000,0,-,-,-,-,4928.4000,4928.2000,4928.0000,4927.6000,4927.0000,4931.4000,4932.2000,4941.6000,4949.8000,4963.0000,2,1,1,1,1,1,1,5,1,2
SF,IC2005,2020-03-30 09:32:55.100,4927.2000,3052,0,140333840.000,0,-,-,-,-,4928.4000,4928.2000,4927.6000,4927.0000,4926.6000,4931.4000,4932.2000,4941.6000,4949.8000,4963.0000,2,1,1,1,2,1,1,5,1,2
SF,IC2005,2020-03-30 09:32:55.600,4927.2000,3052,0,140333840.000,0,-,-,-,-,4928.4000,4927.0000,4926.6000,4926.0000,4925.8000,4932.2000,4941.6000,4949.8000,4963.0000,4998.8000,2,1,1,1,1,1,5,1,2,1
SF,IC2005,2020-03-30 09:32:56.100,4927.2000,3052,0,140333840.000,0,-,-,-,-,4928.4000,4927.0000,4926.6000,4926.0000,4925.8000,4932.2000,4941.6000,4949.8000,4963.0000,4998.8000,2,1,1,1,1,1,5,1,2,1
SF,IC2005,2020-03-30 09:32:56.600,4927.2000,3052,0,140333840.000,0,-,-,-,-,4928.4000,4927.0000,4926.6000,4926.0000,4925.8000,4932.2000,4941.6000,4949.8000,4963.0000,4998.8000,2,1,1,1,1,1,5,1,2,1
SF,IC2005,2020-03-30 09:32:57.100,4927.2000,3052,0,140333840.000,0,-,-,-,-,4928.4000,4927.0000,4926.6000,4926.0000,4925.8000,4932.0000,4932.2000,4941.6000,4949.8000,4963.0000,1,1,1,1,1,1,1,5,1,2
SF,IC2005,2020-03-30 09:32:57.600,4927.2000,3052,0,140333840.000,0,-,-,-,-,4928.4000,4927.0000,4926.6000,4926.0000,4925.8000,4931.6000,4932.0000,4932.2000,4941.6000,4949.8000,1,1,1,1,1,1,1,1,5,1
SF,IC2005,2020-03-30 09:32:58.100,4927.2000,3052,0,140333840.000,0,-,-,-,-,4928.4000,4927.0000,4926.6000,4926.0000,4925.8000,4931.6000,4932.0000,4932.2000,4941.6000,4949.8000,1,1,1,1,1,1,1,1,5,1
SF,IC2005,2020-03-30 09:32:58.600,4927.2000,3052,0,140333840.000,0,-,-,-,-,4928.4000,4927.0000,4926.6000,4926.0000,4925.8000,4931.4000,4931.6000,4932.2000,4941.6000,4949.8000,1,1,1,1,1,1,1,1,5,1
SF,IC2005,2020-03-30 09:32:59.100,4927.2000,3052,0,140333840.000,0,-,-,-,-,4928.4000,4927.0000,4926.6000,4926.0000,4925.8000,4931.4000,4931.6000,4932.2000,4941.6000,4949.8000,1,1,1,1,1,1,1,1,5,1
SF,IC2005,2020-03-30 09:32:59.600,4927.2000,3052,0,140333840.000,0,-,-,-,-,4928.4000,4927.0000,4926.6000,4926.0000,4925.8000,4931.4000,4931.6000,4932.2000,4941.6000,4949.8000,1,1,1,1,1,1,1,1,5,1
SF,IC2005,2020-03-30 09:33:00.100,4927.2000,3052,0,140333840.000,0,-,-,-,-,4927.0000,4926.6000,4926.0000,4925.8000,4925.4000,4931.0000,4931.4000,4931.6000,4932.2000,4941.6000,1,1,1,1,1,1,1,1,1,5
SF,IC2005,2020-03-30 09:33:00.600,4927.2000,3052,0,140333840.000,0,-,-,-,-,4927.2000,4927.0000,4926.6000,4926.0000,4925.8000,4930.8000,4931.0000,4931.6000,4932.2000,4941.6000,2,1,1,1,1,2,1,1,1,5
SF,IC2005,2020-03-30 09:33:01.100,4927.2000,3052,0,140333840.000,0,-,-,-,-,4927.2000,4927.0000,4926.6000,4926.0000,4925.8000,4930.8000,4931.0000,4931.6000,4932.2000,4941.6000,1,1,1,1,1,2,1,1,1,5
SF,IC2005,2020-03-30 09:33:01.600,4927.2000,3052,0,140333840.000,0,-,-,-,-,4927.2000,4927.0000,4926.0000,4925.8000,4924.2000,4930.4000,4930.8000,4931.0000,4931.6000,4932.2000,1,1,1,1,1,1,2,1,1,1
SF,IC2005,2020-03-30 09:33:02.100,4927.2000,3052,0,140333840.000,0,-,-,-,-,4927.0000,4926.0000,4925.8000,4924.2000,4922.2000,4930.2000,4930.4000,4930.8000,4931.0000,4931.6000,1,1,1,1,3,1,1,1,1,1
SF,IC2005,2020-03-30 09:33:02.600,4927.2000,3052,0,140333840.000,0,-,-,-,-,4927.2000,4927.0000,4926.0000,4925.8000,4924.2000,4930.2000,4930.4000,4930.8000,4931.0000,4931.6000,1,1,1,1,1,1,1,1,1,1
SF,IC2005,2020-03-30 09:33:03.100,4927.2000,3052,0,140333840.000,0,-,-,-,-,4927.2000,4927.0000,4926.0000,4925.8000,4924.6000,4930.2000,4930.4000,4930.8000,4931.0000,4931.6000,1,1,1,1,1,1,1,1,1,1
SF,IC2005,2020-03-30 09:33:03.600,4927.2000,3052,0,140333840.000,0,-,-,-,-,4927.2000,4927.0000,4926.0000,4925.8000,4924.6000,4930.2000,4930.4000,4930.8000,4931.0000,4931.6000,1,1,1,1,1,1,1,1,1,1
SF,IC2005,2020-03-30 09:33:04.100,4927.2000,3052,0,140333840.000,0,-,-,-,-,4927.4000,4927.2000,4927.0000,4926.0000,4925.8000,4930.8000,4931.0000,4931.6000,4932.2000,4941.6000,1,1,1,1,1,1,1,1,1,5
SF,IC2005,2020-03-30 09:33:04.600,4927.2000,3052,0,140333840.000,0,-,-,-,-,4927.6000,4927.4000,4927.0000,4926.0000,4925.8000,4931.0000,4931.6000,4932.2000,4941.6000,4949.8000,1,1,1,1,1,1,1,1,5,1
SF,IC2005,2020-03-30 09:33:05.100,4927.2000,3052,0,140333840.000,0,-,-,-,-,4927.8000,4927.6000,4927.0000,4926.0000,4925.8000,4931.6000,4932.2000,4941.6000,4949.8000,4963.0000,1,1,1,1,1,1,1,5,1,2
SF,IC2005,2020-03-30 09:33:05.600,4927.2000,3052,0,140333840.000,0,-,-,-,-,4928.0000,4927.8000,4927.0000,4926.0000,4925.8000,4931.6000,4932.2000,4941.6000,4949.8000,4963.0000,1,1,1,1,1,1,1,5,1,2
SF,IC2005,2020-03-30 09:33:06.100,4927.2000,3052,0,140333840.000,0,-,-,-,-,4928.2000,4928.0000,4927.0000,4926.0000,4925.8000,4932.2000,4941.6000,4949.8000,4963.0000,4998.8000,1,1,1,1,1,1,5,1,2,1
SF,IC2005,2020-03-30 09:33:06.600,4927.2000,3052,0,140333840.000,0,-,-,-,-,4928.4000,4928.2000,4927.0000,4926.0000,4925.8000,4932.0000,4932.2000,4941.6000,4949.8000,4963.0000,1,1,1,1,1,1,1,5,1,2
SF,IC2005,2020-03-30 09:33:07.100,4927.2000,3052,0,140333840.000,0,-,-,-,-,4928.6000,4928.4000,4927.0000,4926.0000,4925.8000,4931.6000,4931.8000,4932.0000,4932.2000,4941.6000,1,1,1,1,1,1,1,1,1,5
SF,IC2005,2020-03-30 09:33:07.600,4927.2000,3052,0,140333840.000,0,-,-,-,-,4928.6000,4928.4000,4927.0000,4926.0000,4925.8000,4931.8000,4932.2000,4941.6000,4949.8000,4963.0000,1,1,1,1,1,1,1,5,1,2
SF,IC2005,2020-03-30 09:33:08.100,4928.4000,3051,-1,141319520.000,1,0,1,双平,S,4927.0000,4926.0000,4925.8000,4924.6000,4924.2000,4931.8000,4932.2000,4941.6000,4949.8000,4963.0000,1,1,1,1,1,1,1,5,1,2
SF,IC2005,2020-03-30 09:33:08.600,4928.4000,3051,0,141319520.000,0,-,-,-,-,4927.2000,4927.0000,4926.0000,4925.8000,4924.6000,4931.4000,4931.6000,4931.8000,4932.2000,4941.6000,2,1,1,1,1,1,1,1,1,5
SF,IC2005,2020-03-30 09:33:09.100,4928.4000,3051,0,141319520.000,0,-,-,-,-,4927.2000,4927.0000,4926.0000,4925.8000,4924.6000,4931.2000,4931.4000,4932.2000,4941.6000,4949.8000,2,1,1,1,1,2,1,1,5,1
SF,IC2005,2020-03-30 09:33:09.600,4928.4000,3051,0,141319520.000,0,-,-,-,-,4927.2000,4927.0000,4926.0000,4925.8000,4924.6000,4931.2000,4931.4000,4932.2000,4941.6000,4949.8000,2,1,1,1,1,2,1,1,5,1
SF,IC2005,2020-03-30 09:33:10.100,4928.4000,3051,0,141319520.000,0,-,-,-,-,4927.2000,4927.0000,4926.0000,4925.8000,4924.6000,4930.8000,4931.2000,4931.4000,4932.2000,4941.6000,2,1,1,1,1,1,2,1,1,5
SF,IC2005,2020-03-30 09:33:10.600,4928.4000,3051,0,141319520.000,0,-,-,-,-,4927.2000,4927.0000,4926.0000,4925.8000,4924.6000,4931.2000,4931.4000,4932.2000,4941.6000,4949.8000,2,1,1,1,1,2,1,1,5,1
SF,IC2005,2020-03-30 09:33:11.100,4928.4000,3051,0,141319520.000,0,-,-,-,-,4927.2000,4927.0000,4926.0000,4925.8000,4924.6000,4930.8000,4931.2000,4931.4000,4932.2000,4941.6000,2,1,1,1,1,1,2,1,1,5
SF,IC2005,2020-03-30 09:33:11.600,4928.4000,3051,0,141319520.000,0,-,-,-,-,4927.2000,4927.0000,4926.0000,4925.8000,4924.6000,4930.6000,4930.8000,4931.2000,4931.4000,4932.2000,2,1,1,1,1,1,1,1,1,1
SF,IC2005,2020-03-30 09:33:12.100,4928.4000,3051,0,141319520.000,0,-,-,-,-,4927.2000,4926.0000,4925.8000,4924.6000,4924.2000,4930.2000,4930.6000,4930.8000,4931.2000,4931.4000,2,1,1,1,1,1,1,1,1,1
SF,IC2005,2020-03-30 09:33:12.600,4928.4000,3051,0,141319520.000,0,-,-,-,-,4927.2000,4926.0000,4925.8000,4924.6000,4924.2000,4930.0000,4930.8000,4931.2000,4931.4000,4932.2000,2,1,1,1,1,1,1,1,1,1
SF,IC2005,2020-03-30 09:33:13.100,4928.4000,3051,0,141319520.000,0,-,-,-,-,4927.2000,4926.0000,4925.8000,4924.6000,4924.2000,4930.0000,4930.8000,4931.2000,4931.4000,4932.2000,1,1,1,1,1,1,1,1,1,1
SF,IC2005,2020-03-30 09:33:13.600,4928.4000,3051,0,141319520.000,0,-,-,-,-,4926.0000,4925.8000,4924.6000,4924.2000,4923.4000,4930.0000,4930.8000,4931.2000,4931.4000,4932.2000,1,1,1,1,1,1,1,1,1,1
SF,IC2005,2020-03-30 09:33:14.100,4928.4000,3051,0,141319520.000,0,-,-,-,-,4926.2000,4926.0000,4925.8000,4924.2000,4923.4000,4929.8000,4930.0000,4930.8000,4931.4000,4932.2000,1,1,1,1,1,1,1,1,1,1
SF,IC2005,2020-03-30 09:33:14.600,4928.4000,3051,0,141319520.000,0,-,-,-,-,4926.4000,4926.2000,4926.0000,4925.8000,4924.2000,4929.4000,4929.6000,4929.8000,4930.8000,4931.4000,1,1,1,1,1,1,2,1,1,1
SF,IC2005,2020-03-30 09:33:15.100,4928.4000,3051,0,141319520.000,0,-,-,-,-,4926.2000,4926.0000,4925.8000,4923.4000,4922.2000,4929.2000,4929.4000,4929.6000,4930.8000,4931.4000,1,1,1,1,3,1,1,1,1,1
SF,IC2005,2020-03-30 09:33:15.600,4928.4000,3051,0,141319520.000,0,-,-,-,-,4926.0000,4925.8000,4923.4000,4922.2000,4921.4000,4928.8000,4929.2000,4929.4000,4929.6000,4930.8000,1,1,1,3,2,1,1,1,1,1
SF,IC2005,2020-03-30 09:33:16.100,4926.0000,3051,0,142304720.000,1,0,1,多换,S,4925.8000,4923.4000,4922.2000,4921.4000,4920.6000,4928.6000,4928.8000,4929.4000,4929.6000,4930.8000,1,1,3,2,4,1,1,1,1,1
SF,IC2005,2020-03-30 09:33:16.600,4925.8000,3051,0,143289880.000,1,0,1,多换,S,4922.2000,4921.4000,4920.6000,4919.6000,4918.4000,4928.2000,4928.6000,4928.8000,4929.4000,4929.6000,3,2,4,1,5,1,2,1,1,1
SF,IC2005,2020-03-30 09:33:17.100,4925.8000,3051,0,143289880.000,0,-,-,-,-,4923.2000,4922.4000,4922.2000,4921.4000,4920.6000,4928.0000,4928.2000,4928.8000,4929.4000,4929.6000,1,3,3,2,1,3,1,1,1,1
SF,IC2005,2020-03-30 09:33:17.600,4925.8000,3051,0,143289880.000,0,-,-,-,-,4923.6000,4923.4000,4923.2000,4922.4000,4922.2000,4928.0000,4928.2000,4928.8000,4929.4000,4929.6000,1,2,1,1,3,2,1,1,1,1
SF,IC2005,2020-03-30 09:33:18.100,4925.8000,3051,0,143289880.000,0,-,-,-,-,4923.8000,4922.2000,4920.6000,4914.8000,4912.6000,4927.6000,4928.0000,4928.2000,4928.8000,4929.4000,2,3,1,2,5,1,2,1,1,1
SF,IC2005,2020-03-30 09:33:18.600,4925.8000,3051,0,143289880.000,0,-,-,-,-,4923.8000,4922.2000,4920.6000,4914.8000,4912.6000,4927.4000,4927.6000,4928.0000,4928.2000,4928.8000,1,3,1,2,5,1,1,1,1,1
SF,IC2005,2020-03-30 09:33:19.100,4925.8000,3051,0,143289880.000,0,-,-,-,-,4922.2000,4920.6000,4920.4000,4914.8000,4912.6000,4927.0000,4927.4000,4927.6000,4928.0000,4928.2000,3,1,1,2,5,1,2,1,1,1
SF,IC2005,2020-03-30 09:33:19.600,4925.8000,3051,0,143289880.000,0,-,-,-,-,4922.6000,4922.4000,4922.2000,4920.6000,4920.4000,4926.8000,4927.0000,4927.4000,4927.6000,4928.2000,1,2,3,1,1,2,1,1,1,1
SF,IC2005,2020-03-30 09:33:20.100,4925.8000,3051,0,143289880.000,0,-,-,-,-,4922.8000,4922.6000,4922.2000,4920.6000,4920.4000,4926.4000,4926.8000,4927.0000,4927.6000,4928.2000,1,1,3,1,1,1,3,1,1,1
SF,IC2005,2020-03-30 09:33:20.600,4925.8000,3051,0,143289880.000,0,-,-,-,-,4922.8000,4922.2000,4920.6000,4920.4000,4914.8000,4926.4000,4926.8000,4927.0000,4927.6000,4928.2000,2,3,1,1,2,1,3,1,1,1
SF,IC2005,2020-03-30 09:33:21.100,4925.8000,3051,0,143289880.000,0,-,-,-,-,4922.8000,4922.2000,4920.6000,4920.4000,4914.8000,4926.4000,4926.8000,4927.0000,4927.6000,4928.2000,1,3,1,1,2,1,3,1,1,1
SF,IC2005,2020-03-30 09:33:22.100,4925.8000,3051,0,143289880.000,0,-,-,-,-,4922.8000,4922.2000,4920.6000,4920.4000,4914.8000,4926.4000,4926.8000,4927.0000,4927.6000,4928.2000,1,3,1,1,2,1,3,1,1,1
SF,IC2005,2020-03-30 09:33:22.600,4925.8000,3051,0,143289880.000,0,-,-,-,-,4922.2000,4920.6000,4920.4000,4914.8000,4912.6000,4926.2000,4926.4000,4926.8000,4927.0000,4927.6000,3,1,1,2,5,1,1,2,1,1
SF,IC2005,2020-03-30 09:33:23.100,4925.8000,3051,0,143289880.000,0,-,-,-,-,4922.6000,4922.2000,4920.6000,4920.4000,4914.8000,4925.8000,4926.0000,4926.2000,4926.4000,4926.8000,1,3,1,1,2,1,1,1,1,1
SF,IC2005,2020-03-30 09:33:23.600,4925.8000,3051,0,143289880.000,0,-,-,-,-,4922.6000,4922.2000,4920.6000,4914.8000,4912.6000,4925.6000,4925.8000,4926.4000,4926.8000,4927.0000,1,3,1,2,5,1,2,1,1,1
SF,IC2005,2020-03-30 09:33:24.100,4925.8000,3051,0,143289880.000,0,-,-,-,-,4922.6000,4922.2000,4920.6000,4914.8000,4912.6000,4925.2000,4925.4000,4925.6000,4925.8000,4926.4000,1,3,1,2,5,1,1,1,1,1
SF,IC2005,2020-03-30 09:33:24.600,4925.8000,3051,0,143289880.000,0,-,-,-,-,4922.6000,4922.2000,4920.6000,4914.8000,4912.6000,4925.4000,4925.6000,4925.8000,4926.4000,4926.8000,1,3,1,2,5,1,1,1,1,1
SF,IC2005,2020-03-30 09:33:25.100,4925.8000,3051,0,143289880.000,0,-,-,-,-,4922.6000,4922.2000,4920.6000,4914.8000,4912.6000,4922.8000,4925.2000,4925.4000,4925.8000,4926.4000,1,3,1,2,5,1,1,1,1,1
SF,IC2005,2020-03-30 09:33:25.600,4923.0000,3050,-1,144274480.000,1,0,1,双平,S,4923.2000,4922.8000,4922.6000,4922.2000,4914.8000,4925.0000,4925.2000,4925.4000,4925.8000,4926.4000,2,2,1,3,2,1,1,1,1,1
SF,IC2005,2020-03-30 09:33:26.100,4923.0000,3050,0,144274480.000,0,-,-,-,-,4923.2000,4922.6000,4922.2000,4914.8000,4912.6000,4924.8000,4925.0000,4925.8000,4926.4000,4926.8000,2,1,3,2,5,2,1,1,1,1
SF,IC2005,2020-03-30 09:33:27.100,4923.0000,3050,0,144274480.000,0,-,-,-,-,4923.2000,4922.6000,4922.2000,4914.8000,4912.6000,4924.8000,4925.0000,4925.8000,4926.4000,4926.8000,2,1,3,2,5,1,1,1,1,1
SF,IC2005,2020-03-30 09:33:27.600,4923.0000,3050,0,144274480.000,0,-,-,-,-,4922.2000,4914.8000,4912.6000,4911.2000,4910.0000,4924.6000,4924.8000,4925.0000,4925.8000,4926.4000,3,2,5,1,1,1,1,1,1,1
SF,IC2005,2020-03-30 09:33:28.100,4923.0000,3050,0,144274480.000,0,-,-,-,-,4922.4000,4922.2000,4914.8000,4912.6000,4911.2000,4924.6000,4925.8000,4926.4000,4926.8000,4927.0000,1,3,2,5,1,1,1,1,1,1
SF,IC2005,2020-03-30 09:33:33.100,4923.0000,3050,0,144274480.000,0,-,-,-,-,4922.4000,4922.2000,4914.8000,4912.6000,4911.2000,4924.2000,4925.8000,4926.4000,4926.8000,4927.0000,1,3,2,5,1,1,1,1,1,1
SF,IC2005,2020-03-30 09:33:33.600,4923.0000,3050,0,144274480.000,0,-,-,-,-,4922.2000,4914.8000,4912.6000,4911.2000,4910.0000,4924.2000,4925.8000,4926.4000,4926.8000,4927.0000,3,2,5,1,1,1,1,1,1,1
SF,IC2005,2020-03-30 09:33:34.100,4923.0000,3050,0,144274480.000,0,-,-,-,-,4922.2000,4914.8000,4912.6000,4911.2000,4910.0000,4924.0000,4924.2000,4925.8000,4926.4000,4926.8000,3,2,5,1,1,1,1,1,1,1
SF,IC2005,2020-03-30 09:33:34.600,4922.2000,3050,0,145258920.000,1,0,1,多换,S,4922.2000,4914.8000,4912.6000,4911.2000,4910.0000,4923.6000,4924.0000,4924.2000,4925.8000,4926.4000,2,2,5,1,1,1,1,1,1,1
SF,IC2005,2020-03-30 09:33:35.100,4922.2000,3052,2,147227800.000,2,2,0,双开,S,4914.8000,4912.6000,4911.2000,4910.0000,4902.2000,4921.8000,4922.0000,4922.2000,4923.6000,4924.2000,2,5,1,1,3,2,2,3,1,1
SF,IC2005,2020-03-30 09:33:35.600,4922.2000,3052,0,147227800.000,0,-,-,-,-,4918.4000,4918.2000,4917.2000,4917.0000,4916.6000,4921.6000,4921.8000,4922.0000,4922.2000,4923.6000,1,1,2,1,1,1,2,1,2,1
SF,IC2005,2020-03-30 09:33:36.100,4922.0000,3051,-1,148212200.000,1,0,1,双平,S,4918.8000,4918.6000,4918.4000,4918.2000,4917.2000,4921.8000,4922.0000,4922.2000,4923.6000,4924.2000,1,2,1,1,2,1,1,2,1,1
SF,IC2005,2020-03-30 09:33:36.600,4922.0000,3051,0,148212200.000,0,-,-,-,-,4919.0000,4918.4000,4917.2000,4917.0000,4916.6000,4921.8000,4922.0000,4922.2000,4923.6000,4924.2000,2,1,1,1,1,1,1,2,1,1
SF,IC2005,2020-03-30 09:33:37.100,4922.0000,3051,0,148212200.000,0,-,-,-,-,4919.0000,4918.4000,4917.2000,4917.0000,4916.6000,4921.8000,4922.0000,4922.2000,4923.6000,4924.2000,2,1,1,1,1,1,1,2,1,1
SF,IC2005,2020-03-30 09:33:38.100,4922.0000,3051,0,148212200.000,0,-,-,-,-,4919.0000,4918.4000,4917.2000,4916.6000,4916.4000,4921.8000,4922.0000,4922.2000,4923.6000,4924.2000,1,1,1,1,2,1,1,2,1,1
SF,IC2005,2020-03-30 09:33:39.100,4922.0000,3051,0,148212200.000,0,-,-,-,-,4919.0000,4917.2000,4916.6000,4916.4000,4916.0000,4921.8000,4922.0000,4922.2000,4923.6000,4924.2000,1,1,1,2,1,1,1,2,1,1
SF,IC2005,2020-03-30 09:33:39.600,4922.0000,3051,0,148212200.000,0,-,-,-,-,4919.0000,4917.2000,4916.6000,4916.4000,4916.0000,4921.8000,4922.0000,4922.2000,4923.6000,4924.2000,1,1,1,2,1,1,1,2,1,1
SF,IC2005,2020-03-30 09:33:40.600,4922.0000,3051,0,148212200.000,0,-,-,-,-,4919.0000,4917.2000,4916.6000,4916.4000,4916.0000,4921.8000,4922.0000,4922.2000,4923.6000,4924.2000,1,1,1,2,1,1,1,2,1,1
SF,IC2005,2020-03-30 09:33:43.600,4922.0000,3051,0,148212200.000,0,-,-,-,-,4919.0000,4917.2000,4916.6000,4916.4000,4916.0000,4921.8000,4922.0000,4922.2000,4923.6000,4924.2000,1,1,1,2,1,1,1,2,1,1
SF,IC2005,2020-03-30 09:33:44.100,4921.8000,3051,0,149196560.000,1,0,1,多换,S,4919.2000,4917.2000,4916.6000,4916.4000,4916.0000,4921.6000,4921.8000,4922.0000,4922.2000,4923.6000,1,1,1,2,1,1,1,1,1,1
SF,IC2005,2020-03-30 09:33:44.600,4921.8000,3051,0,149196560.000,0,-,-,-,-,4917.2000,4916.6000,4916.4000,4916.0000,4915.6000,4921.8000,4922.0000,4922.2000,4923.6000,4924.2000,1,1,2,1,1,1,1,1,1,1
SF,IC2005,2020-03-30 09:33:45.100,4921.8000,3051,0,149196560.000,0,-,-,-,-,4918.4000,4917.4000,4917.2000,4916.6000,4916.4000,4921.4000,4921.8000,4922.0000,4922.2000,4923.6000,1,2,1,1,2,1,1,1,1,1
SF,IC2005,2020-03-30 09:33:45.600,4921.8000,3051,0,149196560.000,0,-,-,-,-,4918.6000,4917.4000,4917.2000,4916.6000,4916.4000,4921.4000,4921.8000,4922.0000,4922.2000,4923.6000,1,1,1,1,2,1,1,1,1,1
SF,IC2005,2020-03-30 09:33:46.100,4918.6000,3050,-1,150180280.000,1,0,1,双平,S,4917.4000,4917.2000,4916.6000,4916.4000,4916.0000,4921.4000,4921.8000,4922.0000,4922.2000,4923.6000,1,1,1,2,1,1,1,1,1,1
SF,IC2005,2020-03-30 09:33:46.600,4917.8000,3049,-1,151163840.000,1,0,1,双平,S,4917.6000,4917.4000,4917.2000,4916.6000,4916.4000,4921.2000,4921.8000,4922.0000,4922.2000,4923.6000,1,1,1,1,2,1,1,1,1,1
SF,IC2005,2020-03-30 09:33:47.100,4917.8000,3049,0,151163840.000,0,-,-,-,-,4917.8000,4917.6000,4917.2000,4916.6000,4916.4000,4921.2000,4921.8000,4922.0000,4922.2000,4923.6000,1,1,1,1,2,1,1,1,1,1
SF,IC2005,2020-03-30 09:33:47.600,4917.8000,3050,1,152147400.000,1,1,0,双开,S,4917.6000,4917.2000,4916.6000,4916.4000,4916.0000,4921.0000,4921.8000,4922.0000,4922.2000,4923.6000,1,1,1,2,1,1,1,1,1,1
SF,IC2005,2020-03-30 09:33:48.100,4917.8000,3050,0,152147400.000,0,-,-,-,-,4917.2000,4916.6000,4916.4000,4916.0000,4915.6000,4921.0000,4921.8000,4922.0000,4922.2000,4923.6000,1,1,2,1,1,1,1,1,1,1
SF,IC2005,2020-03-30 09:33:48.600,4917.8000,3050,0,152147400.000,0,-,-,-,-,4917.2000,4916.6000,4916.4000,4916.0000,4915.6000,4921.0000,4921.8000,4922.0000,4922.2000,4923.6000,1,1,2,1,1,1,1,1,1,1
SF,IC2005,2020-03-30 09:33:49.100,4917.8000,3050,0,152147400.000,0,-,-,-,-,4912.2000,4911.2000,4907.2000,4906.8000,4901.2000,4920.8000,4921.0000,4921.8000,4922.0000,4922.2000,3,1,2,5,1,1,1,1,1,1
SF,IC2005,2020-03-30 09:33:49.600,4917.8000,3050,0,152147400.000,0,-,-,-,-,4914.8000,4914.2000,4914.0000,4913.8000,4913.6000,4920.6000,4920.8000,4921.8000,4922.0000,4922.2000,1,1,2,2,1,3,1,1,1,1
SF,IC2005,2020-03-30 09:33:50.100,4917.8000,3050,0,152147400.000,0,-,-,-,-,4916.4000,4915.2000,4915.0000,4914.8000,4914.2000,4920.4000,4920.6000,4921.8000,4922.0000,4922.2000,1,1,1,1,1,2,3,1,1,1
SF,IC2005,2020-03-30 09:33:50.600,4917.8000,3050,0,152147400.000,0,-,-,-,-,4915.2000,4915.0000,4914.8000,4914.2000,4914.0000,4917.2000,4920.0000,4920.2000,4920.4000,4920.6000,1,1,1,1,2,5,1,2,2,1
SF,IC2005,2020-03-30 09:33:51.100,4917.2000,3050,0,155097760.000,3,1,2,多换,S,4915.4000,4915.2000,4914.8000,4914.0000,4913.8000,4917.2000,4920.0000,4920.2000,4920.4000,4920.6000,1,1,1,2,1,2,1,1,2,1
SF,IC2005,2020-03-30 09:33:51.600,4917.2000,3050,0,157064640.000,2,1,1,多换,S,4917.6000,4915.8000,4915.2000,4914.8000,4914.0000,4920.0000,4920.2000,4920.4000,4920.6000,4930.0000,2,1,1,1,2,1,1,2,1,5
SF,IC2005,2020-03-30 09:33:52.100,4917.2000,3050,0,157064640.000,0,-,-,-,-,4917.6000,4916.4000,4915.8000,4915.2000,4914.8000,4920.2000,4920.4000,4920.6000,4930.0000,4949.8000,2,1,1,1,1,1,2,1,5,1
SF,IC2005,2020-03-30 09:33:52.600,4920.0000,3050,0,158048640.000,1,0,1,多换,S,4917.6000,4916.4000,4915.8000,4915.2000,4914.8000,4920.6000,4930.0000,4949.8000,4998.8000,5019.0000,2,1,1,1,1,1,5,1,1,1
SF,IC2005,2020-03-30 09:33:53.100,4920.0000,3050,0,158048640.000,0,-,-,-,-,4915.4000,4914.8000,4914.0000,4913.8000,4913.6000,4919.8000,4920.4000,4920.6000,4930.0000,4949.8000,1,1,1,1,1,1,2,1,5,1
SF,IC2005,2020-03-30 09:33:53.600,4920.0000,3050,0,158048640.000,0,-,-,-,-,4916.4000,4915.6000,4915.4000,4914.8000,4914.0000,4919.8000,4920.6000,4930.0000,4949.8000,4998.8000,1,1,1,1,1,1,1,5,1,1
SF,IC2005,2020-03-30 09:33:54.100,4920.0000,3050,0,158048640.000,0,-,-,-,-,4916.6000,4916.4000,4915.6000,4914.0000,4913.8000,4919.8000,4920.6000,4930.0000,4949.8000,4998.8000,1,1,1,1,1,1,1,5,1,1
SF,IC2005,2020-03-30 09:33:54.600,4920.0000,3050,0,158048640.000,0,-,-,-,-,4916.6000,4915.6000,4914.0000,4913.8000,4913.6000,4919.8000,4920.6000,4930.0000,4949.8000,4998.8000,1,1,1,1,1,1,1,5,1,1
SF,IC2005,2020-03-30 09:33:55.100,4920.0000,3050,0,158048640.000,0,-,-,-,-,4916.6000,4915.6000,4914.0000,4913.8000,4913.6000,4919.8000,4920.6000,4930.0000,4949.8000,4998.8000,1,1,1,1,1,1,1,5,1,1
SF,IC2005,2020-03-30 09:33:55.600,4920.0000,3050,0,158048640.000,0,-,-,-,-,4916.6000,4915.6000,4914.0000,4913.8000,4913.6000,4919.6000,4919.8000,4920.6000,4930.0000,4949.8000,1,1,1,1,1,2,1,1,5,1
SF,IC2005,2020-03-30 09:33:56.100,4920.0000,3050,0,158048640.000,0,-,-,-,-,4915.6000,4914.0000,4913.8000,4913.6000,4913.4000,4919.2000,4919.4000,4919.6000,4919.8000,4920.6000,1,1,1,1,1,1,1,2,1,1
SF,IC2005,2020-03-30 09:33:56.600,4920.0000,3050,0,158048640.000,0,-,-,-,-,4915.8000,4914.0000,4913.8000,4913.6000,4913.4000,4919.0000,4919.2000,4919.6000,4919.8000,4920.6000,1,1,1,1,1,2,1,1,1,1
SF,IC2005,2020-03-30 09:33:57.100,4920.0000,3050,0,158048640.000,0,-,-,-,-,4915.8000,4914.0000,4913.8000,4913.6000,4913.4000,4919.0000,4919.2000,4919.6000,4919.8000,4920.6000,1,1,1,1,1,2,1,1,1,1
SF,IC2005,2020-03-30 09:33:57.600,4920.0000,3050,0,158048640.000,0,-,-,-,-,4914.0000,4913.8000,4913.4000,4913.0000,4912.6000,4919.0000,4919.2000,4919.6000,4919.8000,4920.6000,1,1,1,1,1,2,1,1,1,1
SF,IC2005,2020-03-30 09:33:58.100,4920.0000,3050,0,158048640.000,0,-,-,-,-,4914.4000,4914.2000,4914.0000,4913.8000,4913.4000,4918.6000,4918.8000,4919.0000,4919.2000,4919.6000,1,1,2,1,1,1,1,2,1,1
SF,IC2005,2020-03-30 09:33:58.600,4920.0000,3050,0,158048640.000,0,-,-,-,-,4914.6000,4914.4000,4914.0000,4913.8000,4913.0000,4918.4000,4918.6000,4919.0000,4919.2000,4919.6000,1,1,1,1,1,1,1,1,1,1
SF,IC2005,2020-03-30 09:33:59.100,4920.0000,3050,0,158048640.000,0,-,-,-,-,4914.6000,4914.4000,4914.0000,4913.8000,4913.0000,4919.2000,4919.6000,4919.8000,4920.6000,4930.0000,2,1,1,1,1,1,1,1,1,5
SF,IC2005,2020-03-30 09:33:59.600,4920.0000,3050,0,158048640.000,0,-,-,-,-,4915.0000,4914.6000,4914.4000,4914.0000,4913.8000,4919.6000,4919.8000,4920.6000,4930.0000,4949.8000,1,2,1,1,1,1,1,1,5,1
SF,IC2005,2020-03-30 09:34:00.100,4920.0000,3050,0,158048640.000,0,-,-,-,-,4916.4000,4915.2000,4915.0000,4914.6000,4914.4000,4919.8000,4920.6000,4930.0000,4949.8000,4998.8000,1,1,1,1,1,1,1,5,1,1
SF,IC2005,2020-03-30 09:34:00.600,4920.0000,3050,0,158048640.000,0,-,-,-,-,4916.6000,4916.4000,4915.0000,4914.6000,4914.4000,4920.6000,4930.0000,4949.8000,4998.8000,5019.0000,2,2,1,1,1,1,5,1,1,1
SF,IC2005,2020-03-30 09:34:01.100,4920.0000,3050,0,158048640.000,0,-,-,-,-,4916.6000,4916.4000,4915.0000,4914.6000,4914.4000,4930.0000,4949.8000,4998.8000,5019.0000,5048.6000,2,2,1,1,1,5,1,1,1,1
SF,IC2005,2020-03-30 09:34:01.600,4920.0000,3050,0,158048640.000,0,-,-,-,-,4916.6000,4915.0000,4914.6000,4914.4000,4913.8000,4920.2000,4923.2000,4923.6000,4924.2000,4924.4000,1,1,1,1,1,1,3,3,1,1
SF,IC2005,2020-03-30 09:34:02.100,4920.0000,3050,0,158048640.000,0,-,-,-,-,4916.6000,4916.4000,4915.0000,4914.6000,4914.4000,4923.2000,4923.4000,4923.6000,4924.2000,4924.4000,1,1,1,1,1,2,1,2,1,1
SF,IC2005,2020-03-30 09:34:02.600,4920.0000,3050,0,158048640.000,0,-,-,-,-,4916.4000,4915.0000,4914.6000,4914.4000,4913.8000,4922.4000,4923.0000,4923.2000,4923.4000,4923.6000,1,1,1,1,1,1,5,3,1,2
SF,IC2005,2020-03-30 09:34:03.100,4920.0000,3050,0,158048640.000,0,-,-,-,-,4914.6000,4914.4000,4913.8000,4913.0000,4912.6000,4919.2000,4921.8000,4922.0000,4922.2000,4922.6000,1,1,1,1,1,1,1,1,7,1
SF,IC2005,2020-03-30 09:34:03.600,4920.0000,3050,0,158048640.000,0,-,-,-,-,4914.8000,4914.6000,4914.4000,4913.8000,4913.0000,4919.0000,4921.8000,4922.0000,4922.2000,4922.6000,1,1,1,1,1,1,1,1,7,1
SF,IC2005,2020-03-30 09:34:04.100,4920.0000,3050,0,158048640.000,0,-,-,-,-,4914.8000,4914.6000,4914.4000,4913.8000,4913.0000,4919.0000,4921.8000,4922.0000,4922.2000,4922.6000,1,1,1,1,1,1,1,1,7,1
SF,IC2005,2020-03-30 09:34:04.600,4920.0000,3050,0,158048640.000,0,-,-,-,-,4914.8000,4914.6000,4914.4000,4913.8000,4913.0000,4919.0000,4921.8000,4922.0000,4922.2000,4922.6000,1,1,1,1,1,1,1,1,7,1
SF,IC2005,2020-03-30 09:34:05.100,4920.0000,3050,0,158048640.000,0,-,-,-,-,4918.0000,4914.8000,4914.6000,4914.4000,4913.8000,4918.8000,4921.8000,4922.0000,4922.2000,4922.6000,1,1,1,1,1,1,1,1,7,1
SF,IC2005,2020-03-30 09:34:05.600,4920.0000,3050,0,158048640.000,0,-,-,-,-,4918.0000,4914.8000,4914.6000,4914.4000,4913.8000,4918.8000,4922.0000,4922.2000,4923.0000,4923.2000,1,1,1,1,1,1,1,7,1,2
SF,IC2005,2020-03-30 09:34:06.100,4918.8000,3049,-1,159032400.000,1,0,1,双平,S,4918.0000,4914.8000,4914.6000,4914.4000,4913.8000,4922.0000,4922.2000,4923.0000,4923.2000,4923.6000,1,1,1,1,1,1,6,1,2,1
SF,IC2005,2020-03-30 09:34:06.600,4918.0000,3049,0,160016000.000,1,0,1,多换,S,4914.6000,4914.4000,4913.8000,4913.0000,4912.6000,4919.6000,4921.8000,4922.0000,4922.2000,4923.0000,1,1,1,1,1,1,4,1,5,1
SF,IC2005,2020-03-30 09:34:07.100,4918.0000,3049,0,160016000.000,0,-,-,-,-,4915.0000,4914.8000,4914.6000,4914.4000,4913.8000,4919.4000,4921.8000,4922.0000,4922.2000,4923.0000,1,1,1,4,1,1,3,1,5,1
SF,IC2005,2020-03-30 09:34:07.600,4918.0000,3049,0,160016000.000,0,-,-,-,-,4915.2000,4915.0000,4914.6000,4914.4000,4913.8000,4921.8000,4922.0000,4922.2000,4923.0000,4923.2000,1,1,1,4,1,3,1,5,1,2
SF,IC2005,2020-03-30 09:34:08.100,4918.0000,3049,0,160016000.000,0,-,-,-,-,4915.2000,4915.0000,4914.6000,4914.4000,4913.8000,4921.6000,4921.8000,4922.0000,4922.2000,4923.0000,1,1,1,1,1,2,3,1,5,1
SF,IC2005,2020-03-30 09:34:08.600,4918.0000,3049,0,160016000.000,0,-,-,-,-,4915.2000,4915.0000,4914.6000,4914.4000,4913.8000,4921.2000,4921.4000,4921.6000,4921.8000,4922.0000,1,1,1,1,1,1,2,2,4,1
SF,IC2005,2020-03-30 09:34:09.100,4918.0000,3049,0,160016000.000,0,-,-,-,-,4915.2000,4915.0000,4914.6000,4914.4000,4913.8000,4921.0000,4921.2000,4921.4000,4921.8000,4922.0000,1,1,1,1,1,3,1,1,3,1
SF,IC2005,2020-03-30 09:34:09.600,4918.0000,3049,0,160016000.000,0,-,-,-,-,4915.2000,4915.0000,4914.6000,4914.4000,4913.8000,4920.6000,4921.0000,4921.2000,4921.8000,4922.0000,1,1,1,1,1,1,2,1,3,1
SF,IC2005,2020-03-30 09:34:10.100,4918.0000,3049,0,160016000.000,0,-,-,-,-,4915.2000,4915.0000,4914.6000,4914.4000,4913.8000,4920.4000,4920.6000,4921.2000,4921.8000,4922.0000,1,1,1,1,1,2,1,1,3,1
SF,IC2005,2020-03-30 09:34:10.600,4918.0000,3049,0,160016000.000,0,-,-,-,-,4915.2000,4915.0000,4914.6000,4914.4000,4913.8000,4920.0000,4920.4000,4920.6000,4921.2000,4921.8000,1,1,2,1,1,1,2,1,1,3
SF,IC2005,2020-03-30 09:34:11.100,4918.0000,3049,0,160016000.000,0,-,-,-,-,4915.2000,4915.0000,4914.6000,4914.4000,4913.8000,4920.4000,4920.6000,4921.2000,4922.0000,4922.2000,1,1,2,1,1,1,1,1,1,5
SF,IC2005,2020-03-30 09:34:11.600,4918.0000,3049,0,160016000.000,0,-,-,-,-,4916.6000,4916.4000,4915.2000,4915.0000,4914.6000,4920.4000,4921.2000,4922.0000,4922.2000,4923.0000,1,2,2,1,2,1,1,1,2,1
SF,IC2005,2020-03-30 09:34:12.100,4916.8000,3048,-1,160999360.000,1,0,1,双平,S,4916.6000,4916.4000,4915.2000,4915.0000,4914.6000,4921.2000,4922.0000,4922.2000,4923.0000,4923.2000,1,2,1,1,2,1,1,2,1,1
SF,IC2005,2020-03-30 09:34:12.600,4916.8000,3048,0,160999360.000,0,-,-,-,-,4916.8000,4916.6000,4916.4000,4915.2000,4915.0000,4921.2000,4922.0000,4922.2000,4923.0000,4923.2000,1,1,2,1,1,1,1,2,1,1
SF,IC2005,2020-03-30 09:34:13.100,4916.8000,3048,0,160999360.000,0,-,-,-,-,4918.4000,4916.8000,4916.6000,4916.4000,4915.2000,4922.0000,4923.6000,4924.2000,4924.8000,4928.0000,1,2,1,3,1,1,1,1,1,1
SF,IC2005,2020-03-30 09:34:13.600,4916.8000,3048,0,160999360.000,0,-,-,-,-,4918.6000,4918.4000,4916.8000,4916.6000,4916.4000,4924.8000,4928.0000,4928.4000,4928.8000,4929.8000,1,1,1,1,3,1,1,1,1,1
SF,IC2005,2020-03-30 09:34:14.100,4916.8000,3048,0,160999360.000,0,-,-,-,-,4918.6000,4918.4000,4917.8000,4916.8000,4916.6000,4924.6000,4924.8000,4928.0000,4928.4000,4928.8000,1,1,1,1,1,2,1,1,1,1
SF,IC2005,2020-03-30 09:34:14.600,4916.8000,3048,0,160999360.000,0,-,-,-,-,4919.0000,4918.6000,4918.4000,4916.8000,4916.6000,4924.2000,4924.6000,4924.8000,4928.0000,4928.4000,1,1,1,1,1,1,2,1,1,1
SF,IC2005,2020-03-30 09:34:15.100,4916.8000,3048,0,160999360.000,0,-,-,-,-,4919.0000,4918.4000,4916.8000,4916.6000,4916.4000,4924.0000,4924.2000,4924.8000,4928.0000,4928.4000,1,1,1,1,3,2,1,1,1,1
SF,IC2005,2020-03-30 09:34:15.600,4916.8000,3048,0,160999360.000,0,-,-,-,-,4918.4000,4916.8000,4916.6000,4916.4000,4915.2000,4923.6000,4924.0000,4924.2000,4924.8000,4928.0000,1,1,1,3,1,2,6,2,1,1
SF,IC2005,2020-03-30 09:34:16.100,4918.6000,3048,0,161983080.000,1,0,1,多换,S,4918.6000,4918.4000,4916.8000,4916.6000,4916.4000,4923.4000,4923.6000,4924.0000,4924.2000,4924.8000,1,1,1,1,3,2,1,2,1,1
SF,IC2005,2020-03-30 09:34:16.600,4918.6000,3048,0,161983080.000,0,-,-,-,-,4919.2000,4918.6000,4918.4000,4916.8000,4916.4000,4923.4000,4923.6000,4924.2000,4924.8000,4928.0000,1,1,1,1,3,2,1,1,1,1
SF,IC2005,2020-03-30 09:34:17.100,4918.6000,3048,0,161983080.000,0,-,-,-,-,4919.4000,4918.4000,4916.8000,4916.4000,4915.2000,4923.4000,4923.6000,4924.2000,4924.8000,4928.0000,1,1,1,3,1,2,1,1,1,1
SF,IC2005,2020-03-30 09:34:17.600,4918.6000,3048,0,161983080.000,0,-,-,-,-,4918.4000,4916.8000,4916.4000,4915.2000,4915.0000,4923.4000,4923.6000,4924.2000,4924.8000,4928.0000,1,1,3,1,1,2,1,1,1,1
SF,IC2005,2020-03-30 09:34:18.100,4918.6000,3048,0,161983080.000,0,-,-,-,-,4919.8000,4919.2000,4918.6000,4918.4000,4916.8000,4923.4000,4924.2000,4924.8000,4928.0000,4928.4000,1,2,1,1,1,1,1,1,1,1
SF,IC2005,2020-03-30 09:34:18.600,4918.6000,3048,0,161983080.000,0,-,-,-,-,4920.0000,4918.4000,4916.8000,4916.4000,4915.2000,4923.4000,4924.2000,4924.8000,4928.0000,4928.4000,1,1,1,2,1,1,1,1,1,1
SF,IC2005,2020-03-30 09:34:19.100,4918.6000,3048,0,161983080.000,0,-,-,-,-,4920.0000,4919.8000,4918.4000,4916.8000,4915.2000,4924.8000,4928.0000,4928.4000,4928.8000,4929.8000,1,2,1,1,1,1,1,1,1,1
SF,IC2005,2020-03-30 09:34:19.600,4918.6000,3048,0,161983080.000,0,-,-,-,-,4920.2000,4920.0000,4919.8000,4918.4000,4916.8000,4924.8000,4928.0000,4928.4000,4928.8000,4929.8000,1,1,2,1,1,1,1,1,1,1
SF,IC2005,2020-03-30 09:34:20.100,4918.6000,3048,0,161983080.000,0,-,-,-,-,4920.4000,4920.2000,4919.8000,4918.4000,4916.8000,4924.8000,4928.8000,4929.8000,4930.0000,4949.8000,1,1,1,1,1,1,1,1,5,1
SF,IC2005,2020-03-30 09:34:20.600,4918.6000,3048,0,161983080.000,0,-,-,-,-,4920.8000,4920.4000,4920.2000,4920.0000,4919.8000,4924.8000,4928.8000,4929.8000,4930.0000,4949.8000,1,2,1,1,1,1,1,1,5,1
SF,IC2005,2020-03-30 09:34:21.100,4918.6000,3048,0,161983080.000,0,-,-,-,-,4921.0000,4920.6000,4920.4000,4920.0000,4919.8000,4924.8000,4928.8000,4929.8000,4930.0000,4949.8000,3,1,1,1,1,1,1,1,5,1
SF,IC2005,2020-03-30 09:34:21.600,4918.6000,3048,0,161983080.000,0,-,-,-,-,4921.0000,4918.4000,4917.2000,4915.0000,4914.6000,4924.4000,4924.6000,4924.8000,4928.8000,4930.0000,2,1,3,1,1,1,2,1,1,5
SF,IC2005,2020-03-30 09:34:22.100,4918.6000,3048,0,161983080.000,0,-,-,-,-,4921.8000,4921.0000,4920.4000,4918.4000,4917.2000,4924.6000,4924.8000,4928.8000,4930.0000,4949.8000,1,3,1,1,3,1,1,1,5,1
SF,IC2005,2020-03-30 09:34:22.600,4918.6000,3048,0,161983080.000,0,-,-,-,-,4922.0000,4921.0000,4920.4000,4918.4000,4917.2000,4924.6000,4924.8000,4928.8000,4930.0000,4949.8000,1,1,1,1,3,1,1,1,5,1
SF,IC2005,2020-03-30 09:34:23.100,4918.6000,3048,0,161983080.000,0,-,-,-,-,4922.2000,4922.0000,4920.4000,4918.4000,4917.2000,4924.8000,4928.8000,4930.0000,4949.8000,4998.8000,1,1,1,1,4,1,1,5,1,1
SF,IC2005,2020-03-30 09:34:23.600,4924.8000,3048,0,162968040.000,1,0,1,多换,S,4922.2000,4922.0000,4920.4000,4918.4000,4917.2000,4928.8000,4935.8000,4949.8000,4998.8000,5019.0000,1,1,1,1,4,1,5,1,1,1
SF,IC2005,2020-03-30 09:34:24.100,4924.8000,3048,0,162968040.000,0,-,-,-,-,4922.2000,4922.0000,4920.4000,4918.4000,4917.2000,4925.4000,4927.0000,4927.8000,4928.0000,4928.4000,1,1,1,1,4,1,1,1,1,2
SF,IC2005,2020-03-30 09:34:24.600,4924.8000,3048,0,162968040.000,0,-,-,-,-,4922.0000,4920.4000,4918.4000,4917.2000,4916.0000,4925.2000,4927.0000,4928.0000,4928.4000,4928.6000,1,1,1,4,1,2,1,1,2,7
SF,IC2005,2020-03-30 09:34:25.100,4924.8000,3048,0,162968040.000,0,-,-,-,-,4920.4000,4918.4000,4917.2000,4916.0000,4914.6000,4925.2000,4927.0000,4928.0000,4928.4000,4928.6000,1,1,4,1,1,1,1,1,2,7
SF,IC2005,2020-03-30 09:34:25.600,4925.2000,3047,-1,163953080.000,1,0,1,双平,S,4920.8000,4920.6000,4920.4000,4918.4000,4917.2000,4927.0000,4928.0000,4928.4000,4928.6000,4928.8000,1,1,1,1,4,1,1,2,7,2
SF,IC2005,2020-03-30 09:34:26.100,4925.2000,3047,0,163953080.000,0,-,-,-,-,4925.4000,4922.4000,4921.4000,4921.0000,4920.8000,4926.6000,4926.8000,4927.0000,4928.0000,4928.4000,1,1,1,4,1,1,2,1,1,2
SF,IC2005,2020-03-30 09:34:26.600,4925.2000,3047,0,164938120.000,1,0,1,多换,S,4922.4000,4921.4000,4921.0000,4920.8000,4920.6000,4924.8000,4926.4000,4926.6000,4927.0000,4928.4000,1,1,4,1,2,2,2,1,1,1
SF,IC2005,2020-03-30 09:34:27.100,4925.2000,3045,-2,166908200.000,2,0,2,双平,S,4922.8000,4922.4000,4921.4000,4921.0000,4920.8000,4928.4000,4928.8000,4935.8000,4949.8000,4998.8000,1,1,1,3,1,1,1,5,1,1
SF,IC2005,2020-03-30 09:34:27.600,4925.2000,3045,0,166908200.000,0,-,-,-,-,4923.0000,4922.8000,4922.4000,4921.4000,4921.0000,4928.2000,4928.4000,4928.8000,4935.8000,4949.8000,1,1,1,1,3,2,1,1,5,1
