市场代码,合约代码,时间,最新,持仓,增仓,成交额,成交量,开仓,平仓,成交类型,方向,买一价,买二价,买三价,买四价,买五价,卖一价,卖二价,卖三价,卖四价,卖五价,买一量,买二量,买三量,买四量,买五量,卖一量,卖二量,卖三量,卖四量,卖五量
SF,IC2007,2020-06-09 09:29:00.400,5448.0000,12854,0,4358400.000,4.000,-,-,-,-,5446.4000,5445.2000,5443.4000,5442.4000,5439.2000,5448.8000,5449.8000,5457.0000,5458.4000,5458.8000,5,1,6,1,2,4,1,1,1,4
SF,IC2007,2020-06-09 09:30:00.400,5449.8000,12853,-1,9807400.000,5,2,3,多平,S,5449.2000,5449.0000,5447.4000,5446.6000,5446.4000,5450.0000,5457.0000,5458.4000,5458.8000,5460.0000,16,4,3,4,5,1,1,1,4,3
SF,IC2007,2020-06-09 09:30:00.900,5450.0000,12853,0,10897400.000,1,0,1,多换,S,5450.0000,5449.8000,5449.6000,5449.4000,5449.2000,5457.0000,5458.4000,5458.8000,5460.0000,5460.6000,3,2,2,2,16,1,1,4,3,1
SF,IC2007,2020-06-09 09:30:01.400,5450.0000,12853,0,10897400.000,0,-,-,-,-,5451.0000,5450.8000,5450.2000,5450.0000,5449.8000,5454.4000,5455.8000,5456.6000,5456.8000,5457.0000,2,1,18,1,1,1,1,1,4,2
SF,IC2007,2020-06-09 09:30:01.900,5450.0000,12853,0,11987400.000,1,0,1,多换,S,5450.2000,5449.0000,5447.4000,5446.8000,5446.6000,5453.0000,5454.2000,5454.8000,5455.2000,5455.8000,16,4,4,2,3,1,4,1,2,1
SF,IC2007,2020-06-09 09:30:02.400,5450.0000,12853,0,11987400.000,0,-,-,-,-,5450.2000,5449.0000,5447.4000,5446.8000,5446.6000,5452.8000,5453.0000,5454.0000,5454.8000,5455.2000,16,4,4,2,3,4,1,2,1,2
SF,IC2007,2020-06-09 09:30:02.900,5452.6000,12853,0,14168440.000,2,1,1,多换,S,5450.2000,5449.0000,5447.4000,5446.8000,5446.6000,5452.6000,5452.8000,5453.0000,5454.0000,5454.8000,16,4,4,2,3,1,4,1,2,1
SF,IC2007,2020-06-09 09:30:03.400,5450.2000,12852,-1,18528600.000,4,1,3,多平,S,5450.2000,5447.4000,5446.8000,5446.6000,5446.4000,5452.4000,5452.6000,5452.8000,5453.0000,5454.0000,12,4,2,3,5,4,1,1,1,2
SF,IC2007,2020-06-09 09:30:03.900,5450.2000,12851,-1,23978800.000,5,2,3,多平,S,5450.2000,5447.4000,5446.8000,5446.6000,5446.4000,5451.6000,5452.0000,5452.4000,5452.6000,5452.8000,7,4,2,3,5,1,1,5,1,1
SF,IC2007,2020-06-09 09:30:04.400,5450.2000,12851,0,23978800.000,0,-,-,-,-,5450.4000,5450.2000,5447.4000,5446.8000,5446.6000,5451.4000,5452.4000,5452.8000,5454.8000,5455.2000,3,7,4,2,3,2,2,1,1,2
SF,IC2007,2020-06-09 09:30:04.900,5450.6000,12849,-2,27249480.000,3,0,3,多平,S,5450.4000,5450.2000,5447.4000,5446.8000,5446.6000,5452.4000,5452.8000,5454.8000,5455.2000,5455.8000,3,7,4,2,1,2,1,1,2,1
SF,IC2007,2020-06-09 09:30:05.400,5450.6000,12849,0,27249480.000,0,-,-,-,-,5450.4000,5450.2000,5447.4000,5446.8000,5446.6000,5451.6000,5452.4000,5452.8000,5454.8000,5455.2000,3,7,4,2,1,1,2,1,1,2
SF,IC2007,2020-06-09 09:30:05.900,5450.6000,12849,0,27249480.000,0,-,-,-,-,5450.4000,5450.2000,5447.4000,5446.8000,5446.6000,5451.6000,5452.4000,5452.8000,5454.8000,5455.2000,3,7,1,2,1,1,1,1,1,2
SF,IC2007,2020-06-09 09:30:06.400,5450.6000,12849,0,27249480.000,0,-,-,-,-,5450.4000,5450.2000,5447.4000,5446.8000,5446.6000,5451.6000,5452.4000,5452.8000,5454.8000,5455.2000,3,7,1,2,1,1,1,1,1,2
SF,IC2007,2020-06-09 09:30:06.900,5450.4000,12849,0,30519720.000,3,1,2,多换,S,5450.2000,5447.4000,5446.8000,5446.6000,5446.4000,5451.4000,5451.6000,5452.8000,5454.8000,5455.2000,7,1,2,1,5,1,1,1,1,2
SF,IC2007,2020-06-09 09:30:07.400,5451.4000,12848,-1,31610000.000,1,0,1,双平,S,5451.4000,5450.2000,5447.4000,5446.8000,5446.6000,5451.6000,5452.8000,5454.8000,5455.2000,5455.8000,2,7,1,1,1,1,1,1,2,1
SF,IC2007,2020-06-09 09:30:07.900,5451.2000,12849,1,40331320.000,8,4,4,空开,S,5450.2000,5447.4000,5446.8000,5446.6000,5446.4000,5451.2000,5451.4000,5454.8000,5455.2000,5455.8000,4,1,1,1,5,5,2,1,2,1
SF,IC2007,2020-06-09 09:30:08.400,5450.2000,12848,-1,42511400.000,2,0,2,多平,S,5450.2000,5447.4000,5446.8000,5446.6000,5446.4000,5450.4000,5451.2000,5451.4000,5454.8000,5455.2000,2,1,1,1,5,1,1,7,1,2
SF,IC2007,2020-06-09 09:30:08.900,5450.2000,12845,-3,45781520.000,3,0,3,双平,S,5447.4000,5446.8000,5446.6000,5446.4000,5445.2000,5450.0000,5450.4000,5451.4000,5454.8000,5455.2000,1,1,1,5,1,1,1,5,1,2
SF,IC2007,2020-06-09 09:30:09.400,5450.0000,12844,-1,46871520.000,1,0,1,双平,S,5448.6000,5447.8000,5447.6000,5447.4000,5446.8000,5450.4000,5451.4000,5454.8000,5455.2000,5455.8000,1,2,3,3,1,1,5,1,2,1
SF,IC2007,2020-06-09 09:30:09.900,5451.4000,12844,0,49051880.000,2,1,1,多换,S,5447.8000,5447.6000,5447.4000,5446.6000,5446.4000,5450.2000,5451.4000,5454.8000,5455.2000,5455.8000,5,3,3,1,5,1,4,1,2,1
SF,IC2007,2020-06-09 09:30:10.400,5450.6000,12844,0,50142000.000,1,0,1,多换,S,5448.0000,5447.8000,5447.6000,5447.4000,5446.6000,5450.0000,5451.4000,5454.8000,5455.2000,5455.8000,3,5,3,3,1,1,4,1,2,1
SF,IC2007,2020-06-09 09:30:10.900,5450.6000,12844,0,50142000.000,0,-,-,-,-,5447.6000,5447.4000,5446.6000,5446.4000,5445.2000,5450.0000,5451.4000,5451.6000,5453.0000,5455.2000,2,2,1,5,1,1,4,1,2,2
SF,IC2007,2020-06-09 09:30:11.400,5450.6000,12844,0,50142000.000,0,-,-,-,-,5447.8000,5447.6000,5447.4000,5446.6000,5446.4000,5450.0000,5451.0000,5451.4000,5451.8000,5453.0000,3,2,2,1,5,1,1,5,1,2
SF,IC2007,2020-06-09 09:30:11.900,5447.8000,12844,0,51231560.000,1,0,1,多换,S,5447.6000,5447.4000,5446.6000,5446.4000,5445.2000,5450.0000,5451.0000,5451.4000,5451.8000,5453.0000,2,2,1,5,1,1,1,5,1,2
SF,IC2007,2020-06-09 09:30:12.400,5447.8000,12844,0,51231560.000,0,-,-,-,-,5447.8000,5447.6000,5447.4000,5446.6000,5446.4000,5450.0000,5451.0000,5451.4000,5451.8000,5453.0000,4,2,2,1,5,1,1,5,1,2
SF,IC2007,2020-06-09 09:30:12.900,5447.8000,12844,0,51231560.000,0,-,-,-,-,5447.6000,5447.4000,5446.6000,5446.4000,5445.2000,5450.0000,5451.0000,5451.4000,5451.8000,5452.2000,2,2,1,5,1,1,1,5,1,1
SF,IC2007,2020-06-09 09:30:13.400,5447.8000,12844,0,51231560.000,0,-,-,-,-,5447.4000,5446.6000,5446.4000,5445.2000,5444.8000,5450.0000,5451.0000,5451.4000,5451.8000,5452.2000,1,1,5,1,1,1,1,4,1,1
SF,IC2007,2020-06-09 09:30:13.900,5447.8000,12844,0,51231560.000,0,-,-,-,-,5447.8000,5447.6000,5447.4000,5446.6000,5446.4000,5450.0000,5451.0000,5451.4000,5451.8000,5452.2000,1,3,3,1,5,1,2,4,1,1
SF,IC2007,2020-06-09 09:30:14.400,5447.8000,12844,0,51231560.000,0,-,-,-,-,5447.6000,5447.4000,5446.6000,5446.4000,5445.2000,5450.0000,5451.0000,5451.4000,5451.8000,5452.2000,2,2,1,5,1,1,2,4,1,1
SF,IC2007,2020-06-09 09:30:15.400,5447.8000,12844,0,51231560.000,0,-,-,-,-,5448.6000,5447.6000,5447.4000,5446.6000,5446.4000,5450.0000,5451.0000,5451.4000,5451.8000,5452.2000,1,2,2,1,5,1,2,4,1,1
SF,IC2007,2020-06-09 09:30:15.900,5447.8000,12844,0,51231560.000,0,-,-,-,-,5448.6000,5446.6000,5446.4000,5445.2000,5444.8000,5450.0000,5451.0000,5451.4000,5451.8000,5452.2000,1,1,5,1,1,1,2,4,1,1
SF,IC2007,2020-06-09 09:30:16.400,5448.6000,12844,0,52321280.000,1,0,1,多换,S,5446.6000,5446.4000,5445.2000,5444.8000,5443.4000,5450.0000,5451.0000,5451.4000,5451.8000,5452.2000,1,5,1,1,5,1,2,4,1,1
SF,IC2007,2020-06-09 09:30:16.900,5448.6000,12844,0,52321280.000,0,-,-,-,-,5446.4000,5445.2000,5444.8000,5443.4000,5442.4000,5448.4000,5448.6000,5450.0000,5451.0000,5451.4000,5,1,1,5,1,1,1,1,2,4
SF,IC2007,2020-06-09 09:30:18.400,5448.6000,12844,0,53411000.000,1,0,1,多换,S,5446.4000,5445.2000,5444.8000,5443.4000,5442.4000,5448.6000,5450.0000,5451.0000,5451.4000,5451.8000,5,1,1,5,1,1,1,2,4,1
SF,IC2007,2020-06-09 09:30:18.900,5448.6000,12844,0,53411000.000,0,-,-,-,-,5446.4000,5445.2000,5444.8000,5443.4000,5442.4000,5448.6000,5450.0000,5451.0000,5451.4000,5451.8000,5,1,1,5,1,1,1,1,4,1
SF,IC2007,2020-06-09 09:30:19.400,5448.6000,12844,0,53411000.000,0,-,-,-,-,5447.2000,5446.4000,5445.2000,5444.8000,5443.4000,5448.6000,5449.8000,5450.0000,5451.0000,5451.4000,1,5,1,1,5,1,1,1,1,4
SF,IC2007,2020-06-09 09:30:20.400,5448.6000,12843,-1,54500720.000,1,0,1,双平,S,5447.2000,5446.4000,5445.2000,5444.8000,5443.4000,5449.8000,5450.0000,5451.0000,5451.4000,5451.8000,1,5,1,1,5,1,1,1,4,1
SF,IC2007,2020-06-09 09:30:20.900,5448.6000,12843,0,54500720.000,0,-,-,-,-,5447.4000,5447.2000,5446.4000,5445.2000,5444.8000,5450.0000,5451.0000,5451.4000,5451.8000,5452.2000,1,1,5,1,1,1,1,4,1,1
SF,IC2007,2020-06-09 09:30:21.400,5448.6000,12843,0,54500720.000,0,-,-,-,-,5448.6000,5447.4000,5447.2000,5446.4000,5445.2000,5450.0000,5451.0000,5451.4000,5451.8000,5452.2000,1,1,1,5,1,1,1,4,1,1
SF,IC2007,2020-06-09 09:30:22.900,5448.6000,12843,0,54500720.000,0,-,-,-,-,5448.6000,5447.4000,5447.2000,5446.4000,5445.2000,5450.0000,5451.0000,5451.2000,5451.4000,5451.8000,1,1,1,5,1,1,1,1,4,1
SF,IC2007,2020-06-09 09:30:23.400,5448.6000,12843,0,54500720.000,0,-,-,-,-,5448.6000,5447.4000,5447.2000,5446.4000,5444.8000,5450.0000,5451.0000,5451.2000,5451.4000,5451.8000,1,1,1,5,1,1,1,1,4,1
SF,IC2007,2020-06-09 09:30:23.900,5448.6000,12843,0,54500720.000,0,-,-,-,-,5448.6000,5447.4000,5447.2000,5447.0000,5446.4000,5450.0000,5451.0000,5451.2000,5451.4000,5451.8000,1,1,1,1,5,1,1,1,4,1
SF,IC2007,2020-06-09 09:30:24.900,5450.0000,12843,0,55590720.000,1,0,1,多换,S,5450.0000,5448.6000,5447.4000,5447.2000,5447.0000,5451.0000,5451.2000,5451.4000,5451.6000,5451.8000,1,1,1,1,1,1,1,4,1,1
SF,IC2007,2020-06-09 09:30:25.400,5450.0000,12843,0,56680720.000,1,0,1,多换,S,5448.6000,5447.4000,5447.2000,5446.4000,5445.0000,5451.0000,5451.4000,5451.6000,5451.8000,5452.2000,1,1,1,5,1,1,4,1,1,1
SF,IC2007,2020-06-09 09:30:25.900,5450.0000,12843,0,56680720.000,0,-,-,-,-,5448.6000,5447.4000,5447.2000,5446.4000,5445.0000,5451.0000,5451.4000,5451.6000,5452.2000,5453.0000,1,1,1,5,1,1,4,1,1,2
SF,IC2007,2020-06-09 09:30:26.400,5450.0000,12843,0,56680720.000,0,-,-,-,-,5448.6000,5447.4000,5447.2000,5446.4000,5445.0000,5451.0000,5451.4000,5451.6000,5452.2000,5453.0000,1,1,1,5,1,1,4,1,1,2
SF,IC2007,2020-06-09 09:30:27.400,5448.6000,12844,1,57770440.000,1,1,0,双开,S,5447.4000,5447.2000,5446.4000,5445.0000,5444.8000,5448.6000,5451.4000,5451.6000,5452.2000,5452.6000,1,1,5,1,1,1,4,1,1,2
SF,IC2007,2020-06-09 09:30:27.900,5448.6000,12844,0,58860160.000,1,0,1,多换,S,5447.6000,5447.4000,5447.2000,5446.4000,5445.0000,5451.4000,5451.6000,5452.2000,5452.6000,5453.0000,3,4,1,5,1,4,1,1,2,2
SF,IC2007,2020-06-09 09:30:28.400,5448.6000,12844,0,58860160.000,0,-,-,-,-,5447.8000,5447.6000,5447.4000,5447.2000,5446.4000,5451.4000,5451.6000,5452.2000,5452.6000,5453.0000,1,3,4,1,5,4,1,1,2,2
SF,IC2007,2020-06-09 09:30:28.900,5448.6000,12844,0,58860160.000,0,-,-,-,-,5448.0000,5447.8000,5447.6000,5447.4000,5447.2000,5451.2000,5451.4000,5451.6000,5452.2000,5452.6000,4,1,3,4,1,1,4,1,1,2
SF,IC2007,2020-06-09 09:30:29.400,5448.6000,12844,0,58860160.000,0,-,-,-,-,5448.2000,5448.0000,5447.6000,5447.4000,5447.2000,5451.2000,5451.4000,5451.6000,5452.2000,5452.6000,1,4,3,4,1,1,4,1,1,2
SF,IC2007,2020-06-09 09:30:29.900,5448.6000,12844,0,58860160.000,0,-,-,-,-,5448.2000,5448.0000,5447.6000,5447.4000,5447.2000,5451.2000,5451.4000,5451.6000,5452.2000,5452.6000,1,3,3,4,1,1,4,1,1,2
SF,IC2007,2020-06-09 09:30:30.400,5448.6000,12844,0,58860160.000,0,-,-,-,-,5448.4000,5448.2000,5448.0000,5447.6000,5447.4000,5451.2000,5451.4000,5451.6000,5452.2000,5452.6000,1,1,3,3,4,1,4,1,1,2
SF,IC2007,2020-06-09 09:30:30.900,5448.6000,12844,0,58860160.000,0,-,-,-,-,5448.6000,5448.4000,5448.0000,5447.6000,5447.4000,5451.2000,5451.4000,5451.6000,5452.2000,5452.6000,1,4,3,3,4,1,4,1,1,2
SF,IC2007,2020-06-09 09:30:31.900,5448.6000,12844,0,58860160.000,0,-,-,-,-,5448.8000,5448.6000,5448.4000,5448.0000,5447.6000,5451.2000,5451.4000,5451.6000,5452.2000,5452.6000,2,1,3,3,3,1,4,1,1,2
SF,IC2007,2020-06-09 09:30:32.400,5448.6000,12844,0,58860160.000,0,-,-,-,-,5448.8000,5448.6000,5448.4000,5448.0000,5447.6000,5451.0000,5451.4000,5451.6000,5452.2000,5452.6000,3,2,3,3,3,1,4,1,1,2
SF,IC2007,2020-06-09 09:30:32.900,5448.6000,12844,0,58860160.000,0,-,-,-,-,5449.0000,5448.8000,5448.6000,5448.4000,5448.0000,5451.0000,5451.4000,5451.6000,5452.2000,5452.6000,1,3,2,3,3,1,4,1,1,2
SF,IC2007,2020-06-09 09:30:33.400,5448.6000,12844,0,58860160.000,0,-,-,-,-,5449.2000,5449.0000,5448.8000,5448.6000,5448.4000,5451.0000,5451.4000,5451.6000,5452.2000,5452.6000,4,1,3,2,3,1,4,1,1,2
SF,IC2007,2020-06-09 09:30:33.900,5448.6000,12844,0,58860160.000,0,-,-,-,-,5448.8000,5448.6000,5448.4000,5448.0000,5447.6000,5451.0000,5451.4000,5451.6000,5452.2000,5452.6000,2,1,3,3,3,1,4,1,1,2
SF,IC2007,2020-06-09 09:30:34.400,5448.6000,12844,0,58860160.000,0,-,-,-,-,5449.0000,5448.8000,5448.6000,5448.4000,5448.0000,5451.0000,5451.4000,5451.6000,5452.2000,5452.6000,3,3,2,3,3,1,4,1,1,2
SF,IC2007,2020-06-09 09:30:34.900,5448.6000,12844,0,58860160.000,0,-,-,-,-,5449.2000,5449.0000,5448.8000,5448.6000,5448.4000,5451.0000,5451.4000,5451.6000,5452.2000,5452.6000,1,3,3,2,3,1,4,1,1,2
SF,IC2007,2020-06-09 09:30:35.400,5448.6000,12844,0,58860160.000,0,-,-,-,-,5448.8000,5448.6000,5448.4000,5448.0000,5447.6000,5451.0000,5451.4000,5451.6000,5452.2000,5452.6000,2,1,3,3,3,1,4,1,1,2
SF,IC2007,2020-06-09 09:30:35.900,5448.6000,12844,0,58860160.000,0,-,-,-,-,5449.0000,5448.8000,5448.6000,5448.4000,5448.0000,5451.0000,5451.4000,5451.6000,5452.2000,5452.6000,3,3,2,3,3,1,4,1,1,2
SF,IC2007,2020-06-09 09:30:36.400,5448.6000,12844,0,58860160.000,0,-,-,-,-,5449.0000,5448.8000,5448.6000,5448.4000,5448.0000,5451.0000,5451.4000,5451.6000,5452.2000,5452.6000,1,2,1,3,3,1,4,1,1,2
SF,IC2007,2020-06-09 09:30:36.900,5448.6000,12844,0,58860160.000,0,-,-,-,-,5449.0000,5448.8000,5448.6000,5448.4000,5448.0000,5451.0000,5451.4000,5451.6000,5452.2000,5452.6000,1,3,1,3,3,1,4,1,1,2
SF,IC2007,2020-06-09 09:30:37.400,5448.6000,12844,0,58860160.000,0,-,-,-,-,5449.0000,5448.8000,5448.6000,5448.4000,5448.0000,5451.0000,5451.4000,5451.6000,5452.2000,5452.6000,1,2,1,3,3,1,4,1,1,2
SF,IC2007,2020-06-09 09:30:37.900,5448.6000,12844,0,58860160.000,0,-,-,-,-,5449.2000,5449.0000,5448.8000,5448.6000,5448.4000,5450.8000,5451.0000,5451.4000,5451.6000,5452.2000,3,1,3,1,3,1,1,4,1,1
SF,IC2007,2020-06-09 09:30:38.400,5448.6000,12844,0,58860160.000,0,-,-,-,-,5449.2000,5449.0000,5448.8000,5448.6000,5448.4000,5451.0000,5451.4000,5451.6000,5452.2000,5452.6000,3,1,3,1,3,1,4,1,1,2
SF,IC2007,2020-06-09 09:30:38.900,5448.6000,12844,0,58860160.000,0,-,-,-,-,5449.4000,5449.2000,5449.0000,5448.8000,5448.6000,5451.0000,5451.4000,5451.6000,5452.2000,5453.0000,1,3,1,3,1,1,4,1,1,2
SF,IC2007,2020-06-09 09:30:39.900,5448.6000,12844,0,58860160.000,0,-,-,-,-,5449.4000,5449.2000,5449.0000,5448.8000,5448.6000,5451.0000,5451.2000,5451.4000,5451.6000,5452.2000,1,3,1,3,1,1,1,4,1,1
SF,IC2007,2020-06-09 09:30:40.400,5448.6000,12844,0,58860160.000,0,-,-,-,-,5449.4000,5449.2000,5449.0000,5448.8000,5448.6000,5451.0000,5451.2000,5451.4000,5451.6000,5452.2000,1,3,1,3,1,1,1,4,1,1
SF,IC2007,2020-06-09 09:30:40.900,5448.6000,12844,0,58860160.000,0,-,-,-,-,5449.2000,5449.0000,5448.8000,5448.6000,5448.4000,5451.0000,5451.2000,5451.4000,5451.6000,5452.2000,4,1,3,1,3,1,1,4,1,1
SF,IC2007,2020-06-09 09:30:41.400,5448.6000,12844,0,58860160.000,0,-,-,-,-,5449.2000,5449.0000,5448.8000,5448.6000,5448.4000,5451.0000,5451.2000,5451.4000,5451.6000,5452.2000,6,1,3,1,3,1,1,4,1,1
SF,IC2007,2020-06-09 09:30:42.400,5448.6000,12844,0,58860160.000,0,-,-,-,-,5449.4000,5449.2000,5448.8000,5448.6000,5448.4000,5451.0000,5451.2000,5451.4000,5451.6000,5452.2000,1,7,3,1,3,1,1,4,1,1
SF,IC2007,2020-06-09 09:30:42.900,5448.6000,12844,0,58860160.000,0,-,-,-,-,5449.4000,5449.2000,5448.6000,5448.0000,5447.6000,5451.0000,5451.2000,5451.4000,5451.6000,5452.2000,1,1,1,3,3,1,1,4,1,1
SF,IC2007,2020-06-09 09:30:43.400,5448.6000,12844,0,58860160.000,0,-,-,-,-,5448.6000,5448.0000,5447.6000,5447.4000,5447.2000,5451.0000,5451.2000,5451.4000,5451.6000,5452.2000,1,3,3,1,1,1,1,4,1,1
SF,IC2007,2020-06-09 09:30:43.900,5448.6000,12844,0,58860160.000,0,-,-,-,-,5448.6000,5448.0000,5447.6000,5447.4000,5447.2000,5449.4000,5451.0000,5451.2000,5451.4000,5451.6000,1,3,3,1,1,1,1,1,4,1
SF,IC2007,2020-06-09 09:30:44.400,5449.4000,12843,-1,59950040.000,1,0,1,双平,S,5448.0000,5447.6000,5447.4000,5447.2000,5446.4000,5451.0000,5451.2000,5451.4000,5451.6000,5453.0000,3,3,1,1,5,1,1,4,1,2
SF,IC2007,2020-06-09 09:30:44.900,5449.4000,12843,0,59950040.000,0,-,-,-,-,5448.6000,5448.2000,5448.0000,5447.6000,5447.4000,5451.0000,5451.2000,5451.4000,5451.6000,5453.0000,1,5,3,3,1,1,1,4,1,2
SF,IC2007,2020-06-09 09:30:45.900,5449.4000,12843,0,59950040.000,0,-,-,-,-,5448.6000,5448.2000,5448.0000,5447.6000,5447.4000,5451.0000,5451.2000,5451.4000,5451.6000,5453.0000,1,5,3,3,1,2,1,4,1,2
SF,IC2007,2020-06-09 09:30:46.900,5449.4000,12843,0,59950040.000,0,-,-,-,-,5448.6000,5448.2000,5448.0000,5447.6000,5447.4000,5451.0000,5451.2000,5451.4000,5451.6000,5453.0000,1,3,3,3,1,2,1,4,1,2
SF,IC2007,2020-06-09 09:30:47.400,5449.4000,12843,0,59950040.000,0,-,-,-,-,5448.6000,5447.6000,5447.4000,5447.2000,5446.4000,5451.0000,5451.2000,5451.4000,5451.6000,5453.0000,1,3,1,1,5,2,1,4,1,2
SF,IC2007,2020-06-09 09:30:47.900,5449.4000,12843,0,59950040.000,0,-,-,-,-,5448.6000,5447.6000,5447.4000,5447.2000,5446.4000,5451.0000,5451.2000,5451.4000,5451.6000,5453.0000,1,3,1,1,5,2,1,4,1,2
SF,IC2007,2020-06-09 09:30:48.400,5448.6000,12842,-1,61039760.000,1,0,1,双平,S,5447.2000,5446.4000,5445.0000,5444.8000,5443.4000,5451.0000,5451.2000,5451.4000,5451.6000,5453.0000,1,5,1,1,5,2,1,4,1,2
SF,IC2007,2020-06-09 09:30:48.900,5448.6000,12842,0,61039760.000,0,-,-,-,-,5447.2000,5446.4000,5445.0000,5444.8000,5443.4000,5450.6000,5450.8000,5451.0000,5451.2000,5451.4000,1,5,1,1,5,1,3,2,1,4
SF,IC2007,2020-06-09 09:30:49.400,5448.6000,12842,0,61039760.000,0,-,-,-,-,5447.2000,5446.4000,5445.0000,5444.8000,5443.4000,5450.6000,5450.8000,5451.0000,5451.2000,5451.4000,1,5,1,1,5,1,4,2,1,4
SF,IC2007,2020-06-09 09:30:49.900,5448.6000,12842,0,61039760.000,0,-,-,-,-,5447.2000,5446.4000,5445.0000,5444.8000,5443.4000,5450.2000,5450.6000,5450.8000,5451.0000,5451.2000,1,5,1,1,5,1,1,2,2,1
SF,IC2007,2020-06-09 09:30:50.400,5448.6000,12842,0,61039760.000,0,-,-,-,-,5447.2000,5446.4000,5445.0000,5444.8000,5443.4000,5450.2000,5450.4000,5450.6000,5450.8000,5451.0000,1,5,1,1,5,1,1,1,2,2
SF,IC2007,2020-06-09 09:30:50.900,5447.2000,12842,0,62129200.000,1,0,1,多换,S,5446.4000,5445.0000,5444.8000,5443.4000,5442.2000,5450.2000,5450.4000,5450.6000,5450.8000,5451.0000,5,1,1,5,1,1,1,1,2,2
SF,IC2007,2020-06-09 09:30:51.400,5447.2000,12842,0,62129200.000,0,-,-,-,-,5446.4000,5445.0000,5444.8000,5443.4000,5442.2000,5450.0000,5450.2000,5450.4000,5450.6000,5450.8000,5,1,1,5,1,1,1,1,1,1
SF,IC2007,2020-06-09 09:30:51.900,5447.2000,12842,0,62129200.000,0,-,-,-,-,5446.4000,5445.0000,5444.8000,5443.4000,5442.2000,5449.6000,5449.8000,5450.0000,5450.2000,5450.4000,5,1,1,5,1,1,1,1,2,1
SF,IC2007,2020-06-09 09:30:52.400,5447.2000,12842,0,62129200.000,0,-,-,-,-,5446.4000,5445.0000,5444.8000,5443.4000,5442.2000,5449.6000,5450.0000,5450.2000,5450.4000,5450.8000,5,1,1,5,1,2,1,3,1,1
SF,IC2007,2020-06-09 09:30:52.900,5449.4000,12842,0,64308960.000,2,1,1,多换,S,5446.4000,5445.0000,5444.8000,5443.4000,5442.2000,5449.6000,5450.0000,5450.2000,5450.4000,5450.8000,5,1,1,5,1,2,1,3,1,1
SF,IC2007,2020-06-09 09:30:53.400,5449.4000,12842,0,64308960.000,0,-,-,-,-,5446.4000,5445.0000,5444.8000,5443.4000,5442.2000,5449.2000,5449.4000,5449.6000,5449.8000,5450.2000,5,1,1,5,1,1,1,3,1,3
SF,IC2007,2020-06-09 09:30:53.900,5449.4000,12842,0,64308960.000,0,-,-,-,-,5446.4000,5445.0000,5444.8000,5443.4000,5442.2000,5449.2000,5449.4000,5449.6000,5450.2000,5450.4000,5,1,1,5,1,1,1,2,3,1
SF,IC2007,2020-06-09 09:30:54.400,5449.4000,12842,0,64308960.000,0,-,-,-,-,5446.4000,5445.0000,5444.8000,5443.4000,5442.2000,5449.0000,5449.2000,5449.4000,5449.6000,5450.2000,5,1,1,5,1,1,1,1,2,2
SF,IC2007,2020-06-09 09:30:54.900,5449.4000,12842,0,64308960.000,0,-,-,-,-,5446.4000,5445.0000,5444.8000,5443.4000,5442.2000,5448.8000,5449.0000,5449.2000,5449.4000,5449.6000,5,1,1,5,1,1,1,1,1,2
SF,IC2007,2020-06-09 09:30:55.400,5449.4000,12842,0,64308960.000,0,-,-,-,-,5446.4000,5445.0000,5444.8000,5443.4000,5442.2000,5448.6000,5448.8000,5449.0000,5449.4000,5449.6000,5,1,1,5,1,1,1,1,1,1
SF,IC2007,2020-06-09 09:30:55.900,5449.4000,12842,0,64308960.000,0,-,-,-,-,5446.4000,5445.0000,5444.8000,5443.4000,5442.2000,5448.4000,5448.6000,5448.8000,5449.0000,5449.6000,5,1,1,5,1,4,2,2,1,1
SF,IC2007,2020-06-09 09:30:56.400,5449.4000,12842,0,64308960.000,0,-,-,-,-,5446.4000,5445.0000,5444.8000,5443.4000,5442.2000,5448.2000,5448.4000,5448.6000,5448.8000,5449.0000,5,1,1,5,1,3,1,2,1,1
SF,IC2007,2020-06-09 09:30:56.900,5446.4000,12842,0,65398240.000,1,0,1,多换,S,5446.4000,5445.0000,5444.8000,5443.4000,5442.2000,5448.0000,5448.4000,5448.6000,5448.8000,5449.0000,4,1,1,5,1,5,1,3,1,1
SF,IC2007,2020-06-09 09:30:57.400,5446.4000,12842,0,65398240.000,0,-,-,-,-,5446.4000,5445.0000,5444.8000,5443.4000,5442.2000,5447.2000,5448.0000,5448.4000,5448.6000,5448.8000,4,1,1,5,1,1,4,1,2,1
SF,IC2007,2020-06-09 09:30:57.900,5446.4000,12842,0,66487520.000,1,0,1,多换,S,5446.4000,5445.0000,5444.8000,5443.4000,5442.2000,5447.2000,5447.8000,5448.0000,5448.4000,5448.6000,3,1,1,5,1,1,1,4,1,2
SF,IC2007,2020-06-09 09:30:58.400,5446.4000,12842,0,68666080.000,2,1,1,多换,S,5446.4000,5445.0000,5444.8000,5443.4000,5442.2000,5447.2000,5447.8000,5448.0000,5448.4000,5448.6000,1,1,1,5,1,1,1,4,1,2
SF,IC2007,2020-06-09 09:30:58.900,5446.4000,12843,1,69755360.000,1,1,0,双开,S,5445.0000,5444.8000,5443.4000,5442.2000,5442.0000,5446.4000,5447.2000,5447.8000,5448.0000,5448.4000,1,1,5,1,1,1,1,1,4,1
SF,IC2007,2020-06-09 09:30:59.400,5446.4000,12842,-1,70844640.000,1,0,1,双平,S,5445.0000,5444.8000,5443.4000,5442.2000,5442.0000,5447.2000,5447.8000,5448.0000,5448.4000,5448.6000,1,1,5,1,1,1,1,4,1,2
SF,IC2007,2020-06-09 09:30:59.900,5446.4000,12842,0,70844640.000,0,-,-,-,-,5445.0000,5444.8000,5443.4000,5442.2000,5442.0000,5447.2000,5447.8000,5448.0000,5448.4000,5448.6000,1,1,5,1,1,1,1,4,1,2
SF,IC2007,2020-06-09 09:31:00.400,5446.4000,12842,0,70844640.000,0,-,-,-,-,5445.0000,5444.8000,5443.4000,5442.2000,5442.0000,5447.0000,5447.2000,5448.0000,5448.4000,5448.6000,1,1,5,1,1,1,1,4,1,2
SF,IC2007,2020-06-09 09:31:01.400,5446.4000,12842,0,70844640.000,0,-,-,-,-,5445.0000,5444.8000,5443.4000,5442.2000,5442.0000,5447.0000,5447.2000,5448.0000,5448.4000,5448.6000,1,1,5,1,1,1,1,3,1,2
SF,IC2007,2020-06-09 09:31:01.900,5446.4000,12842,0,70844640.000,0,-,-,-,-,5445.0000,5444.8000,5443.4000,5442.2000,5442.0000,5447.0000,5447.2000,5448.0000,5448.4000,5448.6000,1,1,5,1,1,1,1,3,1,2
SF,IC2007,2020-06-09 09:31:02.400,5447.0000,12842,0,71934040.000,1,0,1,多换,S,5447.0000,5445.2000,5445.0000,5444.8000,5443.4000,5447.2000,5448.0000,5448.4000,5448.8000,5449.6000,1,1,1,1,5,1,3,1,1,1
SF,IC2007,2020-06-09 09:31:02.900,5447.0000,12842,0,71934040.000,0,-,-,-,-,5447.0000,5445.2000,5445.0000,5444.8000,5443.4000,5447.2000,5448.4000,5449.6000,5450.0000,5450.2000,1,1,2,1,5,1,1,1,1,1
SF,IC2007,2020-06-09 09:31:03.400,5447.2000,12842,0,73023480.000,1,0,1,多换,S,5447.0000,5445.2000,5445.0000,5444.8000,5443.4000,5448.4000,5449.6000,5450.0000,5450.2000,5450.8000,1,1,2,1,5,1,1,1,1,4
SF,IC2007,2020-06-09 09:31:03.900,5447.2000,12842,0,73023480.000,0,-,-,-,-,5447.2000,5447.0000,5445.2000,5445.0000,5444.8000,5448.4000,5449.6000,5450.0000,5450.2000,5450.8000,1,1,1,2,1,1,1,1,1,4
SF,IC2007,2020-06-09 09:31:04.400,5447.2000,12842,0,73023480.000,0,-,-,-,-,5447.2000,5447.0000,5445.2000,5445.0000,5444.8000,5448.4000,5450.0000,5450.2000,5450.8000,5451.0000,1,1,1,2,1,1,1,1,4,2
SF,IC2007,2020-06-09 09:31:04.900,5448.4000,12842,0,74113160.000,1,0,1,多换,S,5447.2000,5447.0000,5445.2000,5445.0000,5444.8000,5450.0000,5450.2000,5450.8000,5451.0000,5451.6000,1,1,1,2,1,1,1,4,2,1
SF,IC2007,2020-06-09 09:31:05.400,5448.4000,12842,0,74113160.000,0,-,-,-,-,5447.4000,5447.2000,5447.0000,5445.0000,5444.8000,5449.8000,5450.0000,5450.2000,5450.8000,5451.0000,2,1,1,2,1,2,1,2,4,2
SF,IC2007,2020-06-09 09:31:05.900,5448.4000,12842,0,74113160.000,0,-,-,-,-,5447.4000,5447.2000,5447.0000,5445.0000,5444.8000,5449.6000,5449.8000,5450.0000,5450.2000,5450.8000,2,1,1,1,1,3,2,1,2,4
SF,IC2007,2020-06-09 09:31:06.400,5448.4000,12842,0,74113160.000,0,-,-,-,-,5447.4000,5447.2000,5447.0000,5445.0000,5444.8000,5449.4000,5450.0000,5450.8000,5451.0000,5451.6000,2,1,1,1,1,1,1,4,2,1
SF,IC2007,2020-06-09 09:31:06.900,5448.4000,12842,0,74113160.000,0,-,-,-,-,5447.4000,5447.2000,5447.0000,5445.0000,5444.8000,5449.4000,5450.0000,5450.8000,5451.0000,5451.6000,1,1,1,1,1,1,1,4,2,1
SF,IC2007,2020-06-09 09:31:07.900,5449.4000,12842,0,75203040.000,1,0,1,多换,S,5447.4000,5447.2000,5447.0000,5445.0000,5444.8000,5450.0000,5450.8000,5451.0000,5451.6000,5453.0000,1,1,1,1,1,1,4,2,1,2
SF,IC2007,2020-06-09 09:31:08.400,5449.4000,12842,0,75203040.000,0,-,-,-,-,5447.6000,5447.4000,5447.2000,5447.0000,5445.0000,5449.8000,5450.0000,5450.2000,5450.8000,5451.0000,1,1,1,1,1,3,1,2,4,2
SF,IC2007,2020-06-09 09:31:08.900,5447.6000,12842,0,76292560.000,1,0,1,多换,S,5447.8000,5447.2000,5447.0000,5445.0000,5444.8000,5449.8000,5450.0000,5450.8000,5451.0000,5451.6000,1,1,1,1,1,1,1,4,2,1
SF,IC2007,2020-06-09 09:31:09.400,5447.6000,12842,0,77382080.000,1,0,1,多换,S,5447.2000,5447.0000,5445.0000,5444.8000,5443.4000,5449.4000,5449.6000,5449.8000,5450.0000,5450.8000,1,1,1,1,5,3,1,1,1,4
SF,IC2007,2020-06-09 09:31:09.900,5447.6000,12842,0,77382080.000,0,-,-,-,-,5447.2000,5447.0000,5445.0000,5444.8000,5443.4000,5449.2000,5449.4000,5449.6000,5449.8000,5450.0000,1,1,1,1,5,1,3,3,1,1
SF,IC2007,2020-06-09 09:31:10.400,5447.6000,12842,0,77382080.000,0,-,-,-,-,5447.2000,5447.0000,5445.0000,5444.8000,5443.4000,5448.8000,5449.2000,5449.6000,5449.8000,5450.0000,1,1,1,1,5,3,2,4,1,1
SF,IC2007,2020-06-09 09:31:10.900,5447.2000,12841,-1,78471520.000,1,0,1,双平,S,5447.0000,5445.0000,5444.8000,5443.4000,5442.2000,5448.6000,5448.8000,5449.2000,5449.6000,5449.8000,1,1,1,5,1,1,3,1,4,1
SF,IC2007,2020-06-09 09:31:11.400,5447.2000,12841,0,78471520.000,0,-,-,-,-,5445.0000,5444.8000,5443.4000,5442.2000,5442.0000,5447.0000,5447.2000,5448.6000,5448.8000,5449.2000,1,1,5,1,1,1,1,4,4,1
SF,IC2007,2020-06-09 09:31:11.900,5447.2000,12841,0,78471520.000,0,-,-,-,-,5445.2000,5445.0000,5444.8000,5443.4000,5442.2000,5447.0000,5447.2000,5448.2000,5448.6000,5448.8000,1,1,1,5,1,1,1,3,4,1
SF,IC2007,2020-06-09 09:31:12.400,5447.0000,12840,-1,79560920.000,1,0,1,双平,S,5445.2000,5445.0000,5444.8000,5443.4000,5442.2000,5447.2000,5448.6000,5450.0000,5450.8000,5451.0000,1,1,1,5,1,1,1,1,4,2
SF,IC2007,2020-06-09 09:31:12.900,5447.0000,12840,0,79560920.000,0,-,-,-,-,5445.4000,5445.2000,5445.0000,5444.8000,5443.4000,5447.2000,5448.6000,5450.0000,5450.8000,5451.0000,2,1,1,1,5,1,1,1,4,2
SF,IC2007,2020-06-09 09:31:13.400,5447.0000,12840,0,79560920.000,0,-,-,-,-,5446.0000,5445.6000,5445.0000,5444.8000,5443.4000,5448.6000,5450.0000,5450.8000,5451.0000,5451.6000,1,1,1,1,5,1,1,4,2,1
SF,IC2007,2020-06-09 09:31:13.900,5447.0000,12840,0,79560920.000,0,-,-,-,-,5446.2000,5446.0000,5445.0000,5444.8000,5443.4000,5448.4000,5448.6000,5450.0000,5450.8000,5451.0000,1,1,1,1,5,1,1,1,4,2
SF,IC2007,2020-06-09 09:31:15.400,5447.0000,12840,0,79560920.000,0,-,-,-,-,5446.2000,5446.0000,5445.0000,5444.8000,5443.4000,5448.0000,5448.2000,5448.4000,5448.6000,5450.0000,1,1,1,1,5,1,1,1,1,1
SF,IC2007,2020-06-09 09:31:15.900,5447.0000,12840,0,79560920.000,0,-,-,-,-,5446.2000,5446.0000,5445.0000,5444.8000,5443.4000,5448.4000,5448.6000,5450.0000,5450.8000,5451.0000,1,1,1,1,5,1,1,1,4,2
SF,IC2007,2020-06-09 09:31:16.400,5447.0000,12840,0,79560920.000,0,-,-,-,-,5446.2000,5446.0000,5445.0000,5444.8000,5443.4000,5448.2000,5448.4000,5450.0000,5450.8000,5451.0000,1,1,1,1,5,1,1,1,4,2
SF,IC2007,2020-06-09 09:31:16.900,5446.2000,12839,-1,80650160.000,1,0,1,双平,S,5446.0000,5445.0000,5444.8000,5443.4000,5442.2000,5446.2000,5448.2000,5448.4000,5450.0000,5450.8000,1,1,1,5,1,2,1,1,1,4
SF,IC2007,2020-06-09 09:31:17.400,5446.2000,12837,-2,86096360.000,5,1,4,多平,S,5446.2000,5446.0000,5445.0000,5444.8000,5443.4000,5448.2000,5448.4000,5450.0000,5450.8000,5451.0000,1,1,1,1,5,1,1,1,4,2
SF,IC2007,2020-06-09 09:31:17.900,5446.2000,12837,0,86096360.000,0,-,-,-,-,5446.2000,5446.0000,5445.0000,5444.8000,5443.4000,5448.0000,5448.2000,5448.4000,5450.0000,5450.8000,1,1,1,1,5,1,1,1,1,4
SF,IC2007,2020-06-09 09:31:18.400,5446.2000,12837,0,86096360.000,0,-,-,-,-,5446.2000,5446.0000,5445.0000,5444.8000,5443.4000,5447.8000,5448.0000,5448.4000,5450.0000,5450.8000,1,1,1,1,5,4,1,1,1,4
SF,IC2007,2020-06-09 09:31:19.400,5446.2000,12837,0,86096360.000,0,-,-,-,-,5446.2000,5446.0000,5445.0000,5444.8000,5443.4000,5447.8000,5448.4000,5450.0000,5450.8000,5451.0000,1,1,1,1,5,1,1,1,4,2
SF,IC2007,2020-06-09 09:31:20.400,5446.2000,12837,0,86096360.000,0,-,-,-,-,5446.0000,5445.0000,5444.8000,5443.4000,5442.2000,5447.4000,5447.6000,5447.8000,5448.4000,5450.0000,1,1,1,5,1,3,1,1,1,1
SF,IC2007,2020-06-09 09:31:20.900,5446.2000,12837,0,86096360.000,0,-,-,-,-,5446.0000,5445.0000,5444.8000,5443.4000,5442.2000,5447.4000,5447.6000,5447.8000,5448.4000,5450.0000,1,2,1,5,1,3,1,1,1,1
SF,IC2007,2020-06-09 09:31:21.400,5446.2000,12837,0,86096360.000,0,-,-,-,-,5446.0000,5445.0000,5444.8000,5443.4000,5442.2000,5447.4000,5447.6000,5447.8000,5448.4000,5449.2000,1,2,1,5,1,3,1,1,1,1
SF,IC2007,2020-06-09 09:31:21.900,5446.0000,12837,0,87185560.000,1,0,1,多换,S,5445.0000,5444.8000,5443.4000,5442.2000,5442.0000,5447.2000,5447.4000,5447.6000,5448.4000,5449.2000,2,1,5,1,1,1,3,1,1,1
SF,IC2007,2020-06-09 09:31:22.400,5446.0000,12837,0,87185560.000,0,-,-,-,-,5445.0000,5444.8000,5443.4000,5442.2000,5442.0000,5447.2000,5448.4000,5449.2000,5450.0000,5450.8000,2,1,5,1,1,1,1,1,1,4
SF,IC2007,2020-06-09 09:31:22.900,5447.2000,12837,0,88275000.000,1,0,1,多换,S,5445.0000,5444.8000,5443.4000,5442.2000,5442.0000,5448.4000,5449.2000,5450.0000,5450.8000,5451.0000,2,1,5,1,1,1,1,1,4,2
SF,IC2007,2020-06-09 09:31:23.400,5447.2000,12837,0,88275000.000,0,-,-,-,-,5445.2000,5445.0000,5444.8000,5443.4000,5442.2000,5448.2000,5448.4000,5448.6000,5449.2000,5450.0000,1,2,1,5,1,2,1,1,1,1
SF,IC2007,2020-06-09 09:31:23.900,5447.2000,12837,0,88275000.000,0,-,-,-,-,5445.2000,5445.0000,5444.8000,5443.4000,5442.2000,5448.0000,5448.2000,5448.6000,5449.2000,5450.0000,1,2,1,5,1,4,2,1,1,1
SF,IC2007,2020-06-09 09:31:24.400,5447.2000,12837,0,88275000.000,0,-,-,-,-,5445.2000,5445.0000,5444.8000,5443.4000,5442.2000,5447.8000,5448.0000,5448.2000,5448.6000,5449.2000,1,2,1,5,1,4,1,1,1,1
SF,IC2007,2020-06-09 09:31:24.900,5447.2000,12837,0,88275000.000,0,-,-,-,-,5445.2000,5445.0000,5444.8000,5443.4000,5442.2000,5447.6000,5447.8000,5448.2000,5448.6000,5449.2000,1,2,1,5,1,1,4,1,1,1
SF,IC2007,2020-06-09 09:31:25.400,5447.2000,12837,0,88275000.000,0,-,-,-,-,5445.2000,5445.0000,5444.8000,5443.4000,5442.2000,5447.4000,5447.6000,5448.2000,5449.2000,5450.0000,1,2,1,5,1,2,1,1,1,1
SF,IC2007,2020-06-09 09:31:26.900,5447.2000,12837,0,88275000.000,0,-,-,-,-,5445.4000,5445.2000,5445.0000,5444.8000,5443.4000,5447.4000,5447.6000,5448.2000,5449.2000,5450.0000,1,1,2,1,5,2,1,1,1,1
SF,IC2007,2020-06-09 09:31:27.400,5447.2000,12837,0,88275000.000,0,-,-,-,-,5445.6000,5445.0000,5444.8000,5443.4000,5442.2000,5447.4000,5447.6000,5448.2000,5449.2000,5450.0000,1,2,1,5,1,2,1,1,1,1
SF,IC2007,2020-06-09 09:31:27.900,5445.6000,12837,0,89364120.000,1,0,1,多换,S,5445.0000,5444.8000,5443.4000,5442.2000,5442.0000,5445.2000,5447.4000,5448.2000,5449.2000,5450.0000,2,1,5,1,1,1,2,1,1,1
SF,IC2007,2020-06-09 09:31:28.400,5445.2000,12837,0,90453160.000,1,0,1,多换,S,5445.6000,5445.2000,5445.0000,5444.8000,5443.4000,5447.4000,5448.2000,5449.2000,5450.0000,5451.0000,1,1,2,1,5,2,1,1,1,2
SF,IC2007,2020-06-09 09:31:28.900,5445.2000,12837,0,90453160.000,0,-,-,-,-,5445.2000,5445.0000,5444.8000,5443.4000,5442.2000,5447.4000,5448.2000,5449.2000,5451.0000,5451.4000,1,2,1,5,1,2,1,1,2,2
SF,IC2007,2020-06-09 09:31:29.400,5445.2000,12837,0,90453160.000,0,-,-,-,-,5445.4000,5445.0000,5444.8000,5443.4000,5442.2000,5447.4000,5448.2000,5449.2000,5451.0000,5451.4000,1,2,1,5,1,1,1,1,2,2
SF,IC2007,2020-06-09 09:31:29.900,5445.2000,12837,0,90453160.000,0,-,-,-,-,5445.4000,5445.0000,5444.8000,5443.4000,5442.2000,5447.4000,5448.0000,5448.2000,5449.2000,5451.0000,1,2,1,5,1,1,2,1,1,2
SF,IC2007,2020-06-09 09:31:30.400,5445.2000,12837,0,90453160.000,0,-,-,-,-,5445.4000,5445.0000,5444.8000,5444.6000,5443.4000,5447.4000,5448.0000,5448.2000,5449.0000,5449.2000,1,2,1,1,5,1,2,1,1,1
SF,IC2007,2020-06-09 09:31:30.900,5447.4000,12836,-1,91542640.000,1,0,1,双平,S,5447.4000,5445.4000,5445.0000,5444.8000,5444.6000,5448.0000,5448.2000,5449.0000,5449.2000,5451.0000,1,1,2,1,1,2,1,1,1,2
SF,IC2007,2020-06-09 09:31:31.400,5447.4000,12836,0,91542640.000,0,-,-,-,-,5445.6000,5445.4000,5445.0000,5444.8000,5444.6000,5448.0000,5448.2000,5449.0000,5449.2000,5451.0000,3,1,2,1,1,2,1,1,1,2
SF,IC2007,2020-06-09 09:31:31.900,5447.4000,12836,0,91542640.000,0,-,-,-,-,5445.8000,5445.6000,5445.0000,5444.8000,5444.6000,5448.0000,5448.2000,5449.2000,5451.0000,5451.4000,3,3,2,1,1,2,1,1,2,2
SF,IC2007,2020-06-09 09:31:32.400,5447.4000,12836,0,91542640.000,0,-,-,-,-,5446.0000,5445.8000,5445.6000,5445.0000,5444.8000,5448.0000,5448.2000,5449.2000,5451.0000,5451.4000,2,3,3,2,1,2,1,1,2,2
SF,IC2007,2020-06-09 09:31:32.900,5447.4000,12836,0,91542640.000,0,-,-,-,-,5446.2000,5446.0000,5445.8000,5445.6000,5445.0000,5448.0000,5448.2000,5449.2000,5451.0000,5451.4000,1,2,2,3,2,2,1,1,2,2
SF,IC2007,2020-06-09 09:31:33.400,5447.4000,12836,0,91542640.000,0,-,-,-,-,5446.4000,5446.2000,5446.0000,5445.8000,5445.6000,5448.0000,5448.2000,5449.2000,5451.0000,5451.4000,1,1,2,2,3,2,1,1,2,2
SF,IC2007,2020-06-09 09:31:33.900,5447.4000,12836,0,91542640.000,0,-,-,-,-,5446.6000,5446.4000,5446.0000,5445.8000,5445.6000,5448.0000,5448.2000,5449.2000,5451.0000,5451.4000,1,1,2,2,3,2,1,1,2,2
SF,IC2007,2020-06-09 09:31:34.400,5448.0000,12838,2,93721840.000,2,2,0,双开,S,5446.8000,5446.6000,5446.4000,5446.0000,5445.8000,5448.2000,5449.2000,5451.0000,5451.4000,5451.6000,2,1,1,2,2,1,1,2,2,1
SF,IC2007,2020-06-09 09:31:34.900,5448.0000,12838,0,93721840.000,0,-,-,-,-,5446.6000,5446.4000,5446.0000,5445.8000,5445.6000,5448.2000,5449.2000,5451.0000,5451.4000,5451.6000,1,1,2,2,3,1,1,2,2,1
SF,IC2007,2020-06-09 09:31:35.400,5448.0000,12838,0,93721840.000,0,-,-,-,-,5447.0000,5446.8000,5446.6000,5446.4000,5446.0000,5448.2000,5449.2000,5451.0000,5451.4000,5451.6000,2,2,1,1,2,1,1,2,2,1
SF,IC2007,2020-06-09 09:31:35.900,5448.0000,12838,0,93721840.000,0,-,-,-,-,5446.8000,5446.6000,5446.4000,5446.0000,5445.8000,5448.2000,5449.2000,5451.0000,5451.4000,5451.6000,2,1,1,2,2,1,1,2,2,1
SF,IC2007,2020-06-09 09:31:36.400,5448.0000,12838,0,93721840.000,0,-,-,-,-,5447.2000,5447.0000,5446.8000,5446.4000,5446.0000,5448.2000,5449.2000,5451.0000,5451.4000,5451.6000,1,2,2,1,2,1,1,2,2,1
SF,IC2007,2020-06-09 09:31:36.900,5448.0000,12838,0,93721840.000,0,-,-,-,-,5447.0000,5446.8000,5446.4000,5446.0000,5445.8000,5448.2000,5449.2000,5451.0000,5451.4000,5451.6000,2,2,1,2,2,1,1,2,2,1
SF,IC2007,2020-06-09 09:31:37.400,5448.0000,12838,0,93721840.000,0,-,-,-,-,5447.0000,5446.8000,5446.4000,5446.0000,5445.8000,5448.2000,5449.2000,5451.0000,5451.4000,5451.6000,2,2,1,2,2,1,1,2,2,1
SF,IC2007,2020-06-09 09:31:38.900,5448.0000,12838,0,93721840.000,0,-,-,-,-,5447.0000,5446.8000,5446.4000,5446.0000,5445.8000,5448.2000,5449.2000,5451.0000,5451.4000,5451.6000,1,2,1,2,2,1,1,2,2,1
SF,IC2007,2020-06-09 09:31:39.400,5447.0000,12838,0,94811240.000,1,0,1,多换,S,5446.8000,5446.4000,5446.0000,5445.8000,5445.6000,5448.2000,5448.6000,5449.2000,5451.0000,5451.4000,2,1,2,2,3,1,1,1,2,2
SF,IC2007,2020-06-09 09:31:39.900,5448.2000,12838,0,95900880.000,1,0,1,多换,S,5447.2000,5447.0000,5446.8000,5446.4000,5446.0000,5448.2000,5448.6000,5449.2000,5451.0000,5451.4000,2,2,3,2,2,2,1,1,2,2
SF,IC2007,2020-06-09 09:31:40.400,5448.2000,12838,0,95900880.000,0,-,-,-,-,5446.8000,5446.4000,5446.0000,5445.6000,5445.0000,5448.2000,5448.6000,5449.2000,5451.0000,5451.4000,2,2,2,3,2,2,1,1,2,2
SF,IC2007,2020-06-09 09:31:40.900,5448.2000,12836,-2,98080160.000,2,0,2,双平,S,5447.0000,5446.8000,5446.4000,5446.0000,5445.6000,5448.6000,5449.2000,5451.0000,5451.4000,5451.6000,2,2,2,2,3,1,1,2,2,1
SF,IC2007,2020-06-09 09:31:41.400,5448.2000,12836,0,98080160.000,0,-,-,-,-,5446.8000,5446.4000,5446.0000,5445.6000,5445.0000,5448.6000,5449.2000,5451.0000,5451.4000,5451.6000,2,2,2,3,2,1,1,2,2,1
SF,IC2007,2020-06-09 09:31:41.900,5448.2000,12836,0,98080160.000,0,-,-,-,-,5447.0000,5446.8000,5446.4000,5446.0000,5445.6000,5448.6000,5449.2000,5451.0000,5451.4000,5451.6000,2,2,2,2,3,1,1,2,2,1
SF,IC2007,2020-06-09 09:31:42.900,5448.2000,12836,0,98080160.000,0,-,-,-,-,5446.8000,5446.4000,5446.0000,5445.6000,5445.0000,5448.6000,5449.2000,5451.0000,5451.4000,5451.6000,2,2,2,3,2,1,1,2,2,1
SF,IC2007,2020-06-09 09:31:44.400,5448.2000,12836,0,98080160.000,0,-,-,-,-,5446.4000,5446.0000,5445.6000,5445.0000,5444.8000,5448.6000,5449.2000,5451.0000,5451.4000,5451.6000,2,2,3,2,1,1,1,2,2,1
SF,IC2007,2020-06-09 09:31:44.900,5448.2000,12836,0,98080160.000,0,-,-,-,-,5446.6000,5446.4000,5446.0000,5445.6000,5445.0000,5448.4000,5448.6000,5449.2000,5451.0000,5451.4000,2,2,2,3,2,1,1,1,2,2
SF,IC2007,2020-06-09 09:31:45.400,5448.2000,12836,0,98080160.000,0,-,-,-,-,5446.6000,5446.4000,5446.0000,5445.6000,5445.0000,5448.4000,5448.6000,5449.2000,5451.0000,5451.4000,2,2,2,3,2,1,1,1,2,2
SF,IC2007,2020-06-09 09:31:45.900,5448.2000,12836,0,98080160.000,0,-,-,-,-,5446.8000,5446.6000,5446.4000,5446.0000,5445.6000,5448.4000,5448.6000,5449.2000,5451.0000,5451.4000,1,2,2,2,3,1,1,1,2,2
SF,IC2007,2020-06-09 09:31:46.400,5448.6000,12835,-1,100259560.000,2,0,2,多平,S,5447.0000,5446.8000,5446.6000,5446.4000,5446.0000,5449.2000,5451.0000,5451.4000,5451.6000,5453.0000,3,1,2,2,2,1,2,2,1,2
SF,IC2007,2020-06-09 09:31:46.900,5448.6000,12835,0,100259560.000,0,-,-,-,-,5447.0000,5446.8000,5446.6000,5446.4000,5446.0000,5449.2000,5451.0000,5451.4000,5451.6000,5453.0000,3,1,2,2,2,1,2,2,1,2
SF,IC2007,2020-06-09 09:31:47.400,5448.6000,12835,0,100259560.000,0,-,-,-,-,5447.4000,5447.2000,5447.0000,5446.8000,5446.6000,5449.2000,5451.0000,5451.4000,5451.6000,5453.0000,1,3,3,2,2,1,2,2,1,2
SF,IC2007,2020-06-09 09:31:47.900,5449.2000,12835,0,101349400.000,1,0,1,多换,S,5447.6000,5447.4000,5447.2000,5447.0000,5446.8000,5451.0000,5451.4000,5451.6000,5453.0000,5454.0000,3,5,2,4,2,2,2,1,2,1
SF,IC2007,2020-06-09 09:31:48.400,5449.2000,12835,0,101349400.000,0,-,-,-,-,5447.8000,5447.6000,5447.4000,5447.2000,5447.0000,5450.8000,5451.0000,5451.4000,5451.6000,5453.0000,1,3,5,2,4,2,2,2,1,2
SF,IC2007,2020-06-09 09:31:48.900,5449.2000,12835,0,101349400.000,0,-,-,-,-,5448.0000,5447.8000,5447.6000,5447.4000,5447.2000,5450.8000,5451.0000,5451.4000,5451.6000,5453.0000,2,1,3,3,2,2,2,2,1,2
SF,IC2007,2020-06-09 09:31:49.400,5449.2000,12835,0,101349400.000,0,-,-,-,-,5448.0000,5447.6000,5447.4000,5447.2000,5447.0000,5450.8000,5451.0000,5451.4000,5451.6000,5453.0000,2,3,3,2,4,2,2,2,1,2
SF,IC2007,2020-06-09 09:31:49.900,5449.2000,12835,0,101349400.000,0,-,-,-,-,5448.2000,5448.0000,5447.6000,5447.4000,5447.2000,5450.8000,5451.0000,5451.4000,5451.6000,5453.0000,1,2,3,3,2,2,2,2,1,2
SF,IC2007,2020-06-09 09:31:53.900,5449.2000,12835,0,101349400.000,0,-,-,-,-,5448.4000,5448.2000,5448.0000,5447.6000,5447.4000,5450.8000,5451.0000,5451.4000,5451.6000,5453.0000,2,1,2,3,3,2,2,2,1,2
SF,IC2007,2020-06-09 09:31:54.400,5450.8000,12835,0,104619880.000,3,1,2,多换,S,5450.8000,5448.4000,5448.0000,5447.6000,5447.4000,5451.0000,5451.4000,5451.6000,5453.0000,5454.0000,7,2,2,3,3,2,2,1,2,1
SF,IC2007,2020-06-09 09:31:54.900,5450.8000,12835,0,114431320.000,9,4,5,多换,S,5448.4000,5448.0000,5447.6000,5447.4000,5447.2000,5450.8000,5451.0000,5451.4000,5451.6000,5453.0000,2,2,3,3,2,1,2,2,1,2
SF,IC2007,2020-06-09 09:31:55.400,5450.8000,12835,0,114431320.000,0,-,-,-,-,5448.6000,5448.4000,5448.0000,5447.6000,5447.4000,5450.8000,5451.0000,5451.4000,5451.6000,5452.4000,1,2,2,3,3,1,2,2,1,1
SF,IC2007,2020-06-09 09:31:55.900,5450.8000,12835,0,114431320.000,0,-,-,-,-,5448.8000,5448.6000,5448.4000,5448.2000,5448.0000,5450.8000,5451.0000,5451.4000,5451.6000,5452.4000,2,2,3,1,2,1,2,2,1,1
SF,IC2007,2020-06-09 09:31:56.400,5450.8000,12835,0,114431320.000,0,-,-,-,-,5448.4000,5448.2000,5448.0000,5447.6000,5447.4000,5450.8000,5451.0000,5451.4000,5451.6000,5452.4000,3,1,2,3,2,1,2,2,1,1
SF,IC2007,2020-06-09 09:31:56.900,5450.8000,12835,0,114431320.000,0,-,-,-,-,5448.6000,5448.4000,5448.2000,5448.0000,5447.6000,5450.8000,5451.0000,5451.4000,5451.6000,5452.4000,1,3,1,2,3,1,2,2,1,1
SF,IC2007,2020-06-09 09:31:59.900,5450.8000,12835,0,114431320.000,0,-,-,-,-,5448.6000,5448.4000,5448.2000,5448.0000,5447.6000,5450.8000,5451.0000,5451.4000,5451.6000,5452.4000,1,3,1,2,3,1,2,2,1,1
SF,IC2007,2020-06-09 09:32:00.400,5448.6000,12835,0,115521040.000,1,0,1,多换,S,5448.2000,5448.0000,5447.6000,5447.4000,5447.0000,5449.0000,5450.2000,5450.8000,5451.0000,5451.4000,1,2,3,2,4,1,1,1,2,2
SF,IC2007,2020-06-09 09:32:00.900,5448.6000,12835,0,115521040.000,0,-,-,-,-,5448.2000,5447.4000,5447.0000,5446.8000,5446.6000,5449.0000,5450.8000,5451.0000,5451.4000,5451.6000,1,2,3,1,2,1,1,2,2,1
SF,IC2007,2020-06-09 09:32:01.400,5448.6000,12835,0,115521040.000,0,-,-,-,-,5448.2000,5447.4000,5447.0000,5446.8000,5446.6000,5449.0000,5450.8000,5451.0000,5451.4000,5451.6000,1,2,3,1,2,1,1,2,2,1
SF,IC2007,2020-06-09 09:32:02.400,5448.6000,12835,0,115521040.000,0,-,-,-,-,5448.2000,5447.0000,5446.6000,5446.4000,5446.0000,5449.0000,5450.8000,5451.0000,5451.4000,5451.6000,1,3,2,1,1,1,1,2,2,1
SF,IC2007,2020-06-09 09:32:02.900,5448.6000,12835,0,115521040.000,0,-,-,-,-,5448.2000,5447.0000,5446.6000,5446.4000,5446.0000,5449.0000,5450.8000,5451.0000,5451.4000,5451.6000,1,3,2,1,1,1,1,2,2,1
SF,IC2007,2020-06-09 09:32:03.400,5449.0000,12834,-1,116610840.000,1,0,1,双平,S,5448.2000,5447.0000,5446.6000,5446.4000,5446.0000,5450.6000,5450.8000,5451.0000,5451.4000,5451.6000,1,3,2,1,1,1,1,2,2,1
SF,IC2007,2020-06-09 09:32:03.900,5449.0000,12834,0,116610840.000,0,-,-,-,-,5448.2000,5447.0000,5446.6000,5446.4000,5446.0000,5450.6000,5450.8000,5451.0000,5451.4000,5451.6000,1,3,2,1,1,1,1,2,2,2
SF,IC2007,2020-06-09 09:32:04.400,5449.0000,12834,0,116610840.000,0,-,-,-,-,5448.2000,5447.0000,5446.6000,5446.4000,5446.0000,5450.6000,5450.8000,5451.0000,5451.4000,5451.6000,1,3,2,1,1,1,1,2,2,2
SF,IC2007,2020-06-09 09:32:04.900,5449.0000,12834,0,116610840.000,0,-,-,-,-,5448.2000,5447.0000,5446.6000,5446.4000,5446.0000,5450.6000,5450.8000,5451.0000,5451.4000,5451.6000,1,3,2,1,1,1,1,2,2,2
SF,IC2007,2020-06-09 09:32:05.400,5448.2000,12833,-1,117700480.000,1,0,1,双平,S,5447.0000,5446.6000,5446.4000,5446.0000,5445.6000,5450.6000,5450.8000,5451.0000,5451.4000,5451.6000,3,2,1,1,3,3,1,2,2,2
SF,IC2007,2020-06-09 09:32:05.900,5448.2000,12833,0,117700480.000,0,-,-,-,-,5447.0000,5446.6000,5446.4000,5446.0000,5445.6000,5450.2000,5450.6000,5450.8000,5451.0000,5451.4000,3,2,1,1,3,1,3,1,2,2
SF,IC2007,2020-06-09 09:32:06.400,5450.0000,12831,-2,119880120.000,2,0,2,双平,S,5450.0000,5445.6000,5445.0000,5444.8000,5443.4000,5450.2000,5450.4000,5450.6000,5450.8000,5451.0000,3,3,2,1,5,1,1,3,1,2
SF,IC2007,2020-06-09 09:32:06.900,5450.0000,12828,-3,123150120.000,3,0,3,双平,S,5445.6000,5445.0000,5444.8000,5443.4000,5442.2000,5449.0000,5449.2000,5449.6000,5449.8000,5450.0000,3,2,1,5,1,3,1,1,5,5
SF,IC2007,2020-06-09 09:32:07.400,5450.0000,12828,0,123150120.000,0,-,-,-,-,5445.8000,5445.6000,5445.0000,5444.8000,5443.4000,5449.0000,5449.2000,5450.0000,5450.6000,5450.8000,3,3,2,1,5,3,1,2,3,1
SF,IC2007,2020-06-09 09:32:07.900,5450.0000,12828,0,123150120.000,0,-,-,-,-,5446.2000,5446.0000,5445.8000,5445.6000,5445.0000,5446.4000,5449.0000,5449.2000,5450.6000,5450.8000,3,2,3,4,2,1,3,1,3,1
SF,IC2007,2020-06-09 09:32:08.400,5449.2000,12827,-1,126418680.000,3,1,2,多平,S,5449.0000,5446.8000,5446.4000,5446.2000,5446.0000,5449.6000,5450.6000,5451.0000,5451.4000,5451.6000,10,4,1,2,2,1,3,2,2,1
SF,IC2007,2020-06-09 09:32:08.900,5449.0000,12827,0,137316680.000,10,5,5,多换,S,5446.2000,5446.0000,5445.8000,5445.6000,5445.0000,5449.6000,5449.8000,5450.6000,5451.0000,5451.4000,2,1,3,3,2,1,1,3,2,2
SF,IC2007,2020-06-09 09:32:09.400,5449.0000,12827,0,137316680.000,0,-,-,-,-,5446.4000,5446.2000,5446.0000,5445.8000,5445.6000,5449.8000,5450.6000,5451.0000,5451.4000,5451.6000,3,2,2,3,3,5,3,2,2,1
SF,IC2007,2020-06-09 09:32:09.900,5449.0000,12827,0,137316680.000,0,-,-,-,-,5446.4000,5446.2000,5446.0000,5445.8000,5445.6000,5449.0000,5449.8000,5450.6000,5451.0000,5451.4000,3,3,2,3,3,1,4,3,2,2
SF,IC2007,2020-06-09 09:32:10.400,5449.0000,12827,0,137316680.000,0,-,-,-,-,5446.4000,5446.2000,5446.0000,5445.8000,5445.6000,5449.0000,5449.8000,5450.6000,5451.0000,5451.4000,2,3,2,3,3,1,4,3,2,2
SF,IC2007,2020-06-09 09:32:10.900,5449.0000,12827,0,137316680.000,0,-,-,-,-,5446.4000,5446.2000,5446.0000,5445.8000,5445.6000,5449.0000,5449.8000,5450.4000,5450.6000,5451.0000,2,3,2,3,3,1,4,1,3,2
SF,IC2007,2020-06-09 09:32:11.400,5449.0000,12827,0,137316680.000,0,-,-,-,-,5447.0000,5446.4000,5446.2000,5446.0000,5445.8000,5449.8000,5450.4000,5450.6000,5451.0000,5451.4000,5,2,3,2,3,4,1,3,2,2
SF,IC2007,2020-06-09 09:32:12.400,5449.0000,12827,0,137316680.000,0,-,-,-,-,5447.2000,5447.0000,5446.4000,5446.2000,5446.0000,5449.4000,5449.8000,5450.4000,5450.6000,5451.0000,1,5,2,3,2,1,5,1,3,2
SF,IC2007,2020-06-09 09:32:12.900,5449.0000,12827,0,137316680.000,0,-,-,-,-,5447.0000,5446.4000,5446.2000,5446.0000,5445.8000,5449.4000,5449.8000,5450.4000,5450.6000,5451.0000,5,2,3,2,3,1,5,1,3,2
SF,IC2007,2020-06-09 09:32:13.400,5449.0000,12827,0,137316680.000,0,-,-,-,-,5447.0000,5446.4000,5446.2000,5446.0000,5445.8000,5449.4000,5449.8000,5450.4000,5450.6000,5451.0000,5,2,3,2,3,1,4,1,3,2
SF,IC2007,2020-06-09 09:32:13.900,5449.0000,12827,0,137316680.000,0,-,-,-,-,5447.0000,5446.4000,5446.2000,5446.0000,5445.8000,5449.4000,5449.8000,5450.4000,5450.6000,5451.0000,5,2,3,2,3,2,4,1,3,2
SF,IC2007,2020-06-09 09:32:14.400,5449.0000,12827,0,137316680.000,0,-,-,-,-,5447.2000,5447.0000,5446.4000,5446.2000,5446.0000,5449.4000,5449.8000,5450.4000,5450.6000,5451.0000,1,5,2,3,2,1,4,1,3,2
SF,IC2007,2020-06-09 09:32:14.900,5449.0000,12827,0,137316680.000,0,-,-,-,-,5447.0000,5446.4000,5446.2000,5446.0000,5445.8000,5449.4000,5449.8000,5450.4000,5450.6000,5451.0000,5,2,3,2,3,1,4,1,3,2
SF,IC2007,2020-06-09 09:32:15.900,5449.0000,12827,0,137316680.000,0,-,-,-,-,5447.0000,5446.4000,5446.2000,5446.0000,5445.8000,5449.4000,5449.8000,5450.2000,5450.4000,5450.6000,5,2,3,2,3,1,4,1,1,3
SF,IC2007,2020-06-09 09:32:16.900,5447.0000,12827,0,138406080.000,1,0,1,多换,S,5447.0000,5446.4000,5446.2000,5446.0000,5445.8000,5449.0000,5449.4000,5449.8000,5450.2000,5450.4000,4,2,3,2,3,1,1,5,1,1
SF,IC2007,2020-06-09 09:32:17.900,5447.0000,12827,0,138406080.000,0,-,-,-,-,5447.0000,5446.2000,5446.0000,5445.8000,5445.6000,5448.4000,5448.6000,5449.8000,5450.2000,5450.4000,4,1,1,3,3,1,1,5,1,1
SF,IC2007,2020-06-09 09:32:18.400,5447.0000,12827,0,139495480.000,1,0,1,多换,S,5447.0000,5446.2000,5446.0000,5445.8000,5445.6000,5448.4000,5448.6000,5449.0000,5449.8000,5450.2000,3,1,1,3,3,1,1,2,5,1
SF,IC2007,2020-06-09 09:32:18.900,5447.0000,12827,0,140584880.000,1,0,1,多换,S,5447.0000,5446.2000,5446.0000,5445.8000,5445.6000,5448.4000,5448.6000,5449.8000,5450.2000,5450.4000,2,1,1,3,3,1,1,5,1,1
SF,IC2007,2020-06-09 09:32:19.400,5447.0000,12827,0,140584880.000,0,-,-,-,-,5447.0000,5446.2000,5446.0000,5445.8000,5445.6000,5448.0000,5448.4000,5449.8000,5450.2000,5450.4000,2,1,1,3,3,1,3,5,1,1
SF,IC2007,2020-06-09 09:32:19.900,5447.0000,12827,0,140584880.000,0,-,-,-,-,5447.0000,5446.2000,5446.0000,5445.6000,5445.0000,5448.0000,5448.4000,5449.8000,5450.2000,5450.4000,2,1,1,3,2,1,3,5,1,1
SF,IC2007,2020-06-09 09:32:20.400,5446.2000,12825,-2,143852920.000,3,0,3,多平,S,5446.0000,5445.6000,5445.0000,5444.8000,5443.4000,5447.8000,5449.8000,5450.2000,5450.4000,5450.6000,1,3,2,1,5,1,5,1,1,3
SF,IC2007,2020-06-09 09:32:20.900,5446.2000,12825,0,143852920.000,0,-,-,-,-,5446.0000,5445.0000,5444.8000,5443.4000,5442.2000,5447.6000,5447.8000,5448.0000,5449.8000,5450.2000,1,2,1,5,1,1,1,2,5,1
SF,IC2007,2020-06-09 09:32:21.400,5446.2000,12825,0,143852920.000,0,-,-,-,-,5445.0000,5444.8000,5443.4000,5442.2000,5442.0000,5447.6000,5447.8000,5449.8000,5450.2000,5450.4000,2,1,5,1,1,1,1,5,1,1
SF,IC2007,2020-06-09 09:32:21.900,5446.2000,12825,0,143852920.000,0,-,-,-,-,5445.2000,5445.0000,5444.8000,5444.6000,5443.4000,5447.6000,5449.8000,5450.2000,5450.4000,5450.6000,2,2,1,1,5,3,5,1,1,1
SF,IC2007,2020-06-09 09:32:23.400,5446.2000,12825,0,143852920.000,0,-,-,-,-,5445.0000,5444.8000,5444.6000,5443.4000,5442.2000,5446.8000,5447.6000,5449.8000,5450.2000,5450.4000,2,1,1,5,1,1,3,5,1,1
SF,IC2007,2020-06-09 09:32:23.900,5446.2000,12825,0,143852920.000,0,-,-,-,-,5445.0000,5444.8000,5444.6000,5443.4000,5442.2000,5446.8000,5447.2000,5447.6000,5449.8000,5450.2000,2,1,1,5,1,1,1,1,5,1
SF,IC2007,2020-06-09 09:32:24.400,5446.2000,12825,0,143852920.000,0,-,-,-,-,5445.0000,5444.8000,5444.6000,5443.4000,5442.2000,5446.8000,5447.2000,5447.6000,5448.4000,5449.8000,2,1,1,5,1,3,1,1,1,5
SF,IC2007,2020-06-09 09:32:24.900,5446.2000,12825,0,143852920.000,0,-,-,-,-,5445.0000,5444.8000,5444.6000,5443.4000,5442.2000,5446.8000,5447.2000,5448.4000,5449.8000,5450.4000,2,1,1,5,1,3,1,1,5,1
SF,IC2007,2020-06-09 09:32:25.400,5446.2000,12825,0,143852920.000,0,-,-,-,-,5445.0000,5444.8000,5444.6000,5443.4000,5442.2000,5446.8000,5447.2000,5447.4000,5448.4000,5449.8000,2,1,1,5,1,4,1,1,1,5
SF,IC2007,2020-06-09 09:32:27.400,5446.2000,12825,0,143852920.000,0,-,-,-,-,5445.0000,5444.8000,5444.6000,5443.4000,5442.2000,5446.8000,5447.2000,5447.4000,5448.4000,5449.8000,1,1,1,5,1,4,1,1,1,5
SF,IC2007,2020-06-09 09:32:27.900,5446.8000,12824,-1,146031640.000,2,0,2,多平,S,5445.0000,5444.8000,5444.6000,5443.4000,5442.2000,5446.8000,5447.2000,5447.4000,5448.4000,5449.8000,2,1,1,5,1,2,1,1,1,5
SF,IC2007,2020-06-09 09:32:28.400,5446.8000,12823,-1,148210360.000,2,0,2,多平,S,5446.8000,5445.2000,5445.0000,5444.8000,5444.6000,5447.4000,5448.4000,5449.8000,5450.4000,5450.6000,1,1,2,1,1,1,1,5,1,2
SF,IC2007,2020-06-09 09:32:28.900,5445.2000,12824,1,149299400.000,1,1,0,双开,S,5445.0000,5444.8000,5444.6000,5443.4000,5442.2000,5446.8000,5447.4000,5448.4000,5449.8000,5450.4000,2,1,1,5,1,3,1,1,5,1
SF,IC2007,2020-06-09 09:32:29.400,5445.2000,12824,0,149299400.000,0,-,-,-,-,5445.0000,5444.8000,5444.6000,5443.4000,5442.2000,5446.8000,5447.4000,5448.4000,5449.8000,5450.4000,2,1,1,5,1,1,1,1,5,1
SF,IC2007,2020-06-09 09:32:29.900,5445.2000,12824,0,149299400.000,0,-,-,-,-,5445.0000,5444.8000,5444.6000,5443.4000,5442.2000,5446.6000,5447.4000,5449.8000,5450.4000,5450.6000,2,1,1,5,1,1,1,5,1,2
SF,IC2007,2020-06-09 09:32:30.400,5445.2000,12824,0,149299400.000,0,-,-,-,-,5445.0000,5444.8000,5444.6000,5443.4000,5442.2000,5446.6000,5447.4000,5447.8000,5449.8000,5450.4000,2,1,1,5,1,1,1,1,5,1
SF,IC2007,2020-06-09 09:32:30.900,5445.2000,12824,0,149299400.000,0,-,-,-,-,5445.0000,5444.8000,5444.6000,5443.4000,5442.2000,5446.0000,5446.6000,5447.4000,5447.8000,5449.8000,2,1,1,5,1,1,1,1,1,5
SF,IC2007,2020-06-09 09:32:31.400,5445.2000,12824,0,149299400.000,0,-,-,-,-,5445.0000,5444.8000,5443.4000,5442.2000,5442.0000,5446.0000,5446.2000,5446.6000,5447.4000,5447.8000,2,1,5,1,1,1,1,1,1,1
SF,IC2007,2020-06-09 09:32:32.400,5445.8000,12823,-1,151477560.000,2,0,2,多平,S,5445.0000,5444.8000,5443.4000,5442.2000,5442.0000,5446.0000,5446.6000,5447.4000,5447.8000,5449.8000,1,1,5,1,1,1,1,1,1,5
SF,IC2007,2020-06-09 09:32:32.900,5445.0000,12823,0,152566560.000,1,0,1,多换,S,5444.8000,5443.4000,5442.2000,5442.0000,5441.6000,5445.6000,5446.0000,5446.6000,5447.4000,5447.8000,1,5,1,1,1,1,1,1,1,1
SF,IC2007,2020-06-09 09:32:33.400,5445.0000,12823,0,152566560.000,0,-,-,-,-,5444.8000,5443.4000,5442.2000,5442.0000,5441.6000,5446.0000,5446.6000,5447.4000,5447.8000,5449.8000,1,5,1,1,1,1,1,1,1,5
SF,IC2007,2020-06-09 09:32:33.900,5444.8000,12822,-1,153655520.000,1,0,1,双平,S,5443.4000,5442.2000,5442.0000,5441.6000,5440.2000,5444.6000,5444.8000,5445.2000,5445.4000,5445.6000,5,1,1,1,1,3,3,1,1,1
SF,IC2007,2020-06-09 09:32:34.400,5444.8000,12822,0,153655520.000,0,-,-,-,-,5443.4000,5442.2000,5442.0000,5441.6000,5440.2000,5444.6000,5444.8000,5445.4000,5445.6000,5445.8000,5,1,1,1,1,3,3,1,3,3
SF,IC2007,2020-06-09 09:32:34.900,5444.8000,12822,0,153655520.000,0,-,-,-,-,5443.4000,5442.2000,5442.0000,5441.6000,5440.2000,5443.8000,5444.6000,5444.8000,5445.4000,5445.6000,5,1,1,1,1,1,3,2,1,3
SF,IC2007,2020-06-09 09:32:35.400,5445.6000,12824,2,161278800.000,7,4,3,空开,S,5443.8000,5443.4000,5442.2000,5442.0000,5441.6000,5445.6000,5445.8000,5446.0000,5447.4000,5449.8000,1,5,1,1,1,2,3,2,1,5
SF,IC2007,2020-06-09 09:32:35.900,5445.6000,12824,0,161278800.000,0,-,-,-,-,5444.0000,5443.8000,5443.4000,5442.2000,5442.0000,5445.4000,5445.6000,5445.8000,5446.0000,5447.4000,2,1,5,1,1,1,2,3,2,1
SF,IC2007,2020-06-09 09:32:36.400,5445.6000,12824,0,161278800.000,0,-,-,-,-,5444.2000,5444.0000,5443.8000,5443.4000,5442.6000,5444.4000,5445.2000,5445.6000,5445.8000,5446.0000,1,2,1,5,1,1,1,2,3,2
SF,IC2007,2020-06-09 09:32:36.900,5444.4000,12824,0,162367680.000,1,0,1,多换,S,5444.4000,5444.2000,5444.0000,5443.8000,5443.4000,5445.2000,5445.4000,5445.6000,5445.8000,5446.0000,2,1,2,1,5,1,1,2,2,2
SF,IC2007,2020-06-09 09:32:37.400,5444.4000,12824,0,162367680.000,0,-,-,-,-,5444.4000,5444.0000,5443.8000,5443.4000,5442.6000,5445.4000,5446.0000,5447.4000,5449.8000,5450.4000,2,2,1,5,1,1,1,1,5,1
SF,IC2007,2020-06-09 09:32:37.900,5445.4000,12824,0,163456760.000,1,0,1,多换,S,5445.0000,5444.6000,5444.4000,5444.0000,5443.8000,5446.0000,5447.4000,5449.8000,5450.4000,5450.6000,1,1,2,2,1,1,1,5,1,2
SF,IC2007,2020-06-09 09:32:38.400,5445.4000,12824,0,163456760.000,0,-,-,-,-,5445.0000,5444.4000,5444.0000,5443.8000,5443.4000,5446.0000,5447.4000,5449.8000,5450.4000,5450.6000,1,2,2,1,5,1,1,5,1,2
SF,IC2007,2020-06-09 09:32:38.900,5445.4000,12824,0,163456760.000,0,-,-,-,-,5445.0000,5444.4000,5444.0000,5443.8000,5443.4000,5446.0000,5447.4000,5449.8000,5450.4000,5450.6000,1,2,2,1,5,1,1,5,1,2
SF,IC2007,2020-06-09 09:32:39.400,5445.4000,12824,0,163456760.000,0,-,-,-,-,5445.0000,5444.4000,5444.0000,5443.8000,5443.4000,5446.0000,5447.4000,5449.8000,5450.6000,5450.8000,1,2,2,1,5,1,1,5,2,1
SF,IC2007,2020-06-09 09:32:39.900,5446.0000,12824,0,164545960.000,1,0,1,多换,S,5445.2000,5445.0000,5444.4000,5444.0000,5443.8000,5447.4000,5449.8000,5450.6000,5450.8000,5451.0000,1,1,2,2,1,1,5,2,1,2
SF,IC2007,2020-06-09 09:32:40.400,5446.0000,12824,0,164545960.000,0,-,-,-,-,5444.4000,5444.0000,5443.8000,5443.4000,5442.2000,5447.2000,5447.4000,5448.0000,5449.8000,5450.6000,2,2,1,5,1,1,3,1,5,2
SF,IC2007,2020-06-09 09:32:40.900,5446.0000,12824,0,164545960.000,0,-,-,-,-,5445.4000,5444.6000,5444.4000,5444.0000,5443.8000,5447.0000,5447.2000,5447.4000,5448.0000,5449.8000,1,1,2,2,1,3,1,3,1,5
SF,IC2007,2020-06-09 09:32:41.400,5446.0000,12824,0,164545960.000,0,-,-,-,-,5445.4000,5444.6000,5444.4000,5444.0000,5443.8000,5446.2000,5446.6000,5447.2000,5447.4000,5448.0000,1,1,2,2,1,1,3,1,3,1
SF,IC2007,2020-06-09 09:32:41.900,5445.4000,12824,0,165635040.000,1,0,1,多换,S,5444.4000,5444.0000,5443.8000,5443.4000,5442.2000,5445.4000,5446.6000,5446.8000,5447.2000,5447.4000,2,2,1,5,1,2,3,1,1,3
SF,IC2007,2020-06-09 09:32:42.400,5445.4000,12824,0,165635040.000,0,-,-,-,-,5444.6000,5444.4000,5444.0000,5443.8000,5443.4000,5445.4000,5446.6000,5446.8000,5447.2000,5447.4000,1,2,2,1,5,3,3,1,1,3
SF,IC2007,2020-06-09 09:32:42.900,5445.4000,12824,0,165635040.000,0,-,-,-,-,5444.0000,5443.8000,5443.4000,5442.2000,5442.0000,5444.4000,5444.6000,5445.4000,5446.6000,5446.8000,2,1,5,1,1,1,1,1,4,1
SF,IC2007,2020-06-09 09:32:43.400,5444.6000,12822,-2,167812840.000,2,0,2,双平,S,5444.0000,5443.8000,5443.4000,5442.2000,5442.0000,5445.4000,5446.6000,5446.8000,5447.2000,5447.4000,2,1,5,1,1,1,4,1,1,2
SF,IC2007,2020-06-09 09:32:45.900,5444.6000,12822,0,167812840.000,0,-,-,-,-,5444.0000,5443.8000,5443.4000,5442.2000,5442.0000,5444.6000,5445.4000,5446.6000,5446.8000,5447.2000,2,1,5,1,1,1,1,4,1,1
SF,IC2007,2020-06-09 09:32:46.400,5444.0000,12822,0,168901640.000,1,0,1,多换,S,5443.8000,5443.4000,5442.6000,5442.2000,5442.0000,5444.6000,5445.4000,5446.6000,5446.8000,5447.2000,1,5,1,1,1,1,1,4,1,1
SF,IC2007,2020-06-09 09:32:46.900,5444.0000,12822,0,168901640.000,0,-,-,-,-,5444.0000,5443.8000,5443.4000,5442.6000,5442.2000,5444.6000,5445.4000,5446.6000,5446.8000,5447.2000,1,1,5,1,1,1,1,4,1,1
SF,IC2007,2020-06-09 09:32:47.400,5444.0000,12822,0,169990440.000,1,0,1,多换,S,5443.8000,5443.4000,5442.6000,5442.2000,5442.0000,5444.6000,5445.4000,5446.6000,5446.8000,5447.2000,1,5,1,1,1,1,1,4,1,1
SF,IC2007,2020-06-09 09:32:47.900,5444.6000,12822,0,171079360.000,1,0,1,多换,S,5444.6000,5444.2000,5444.0000,5443.8000,5443.4000,5445.4000,5446.6000,5446.8000,5447.2000,5447.4000,1,1,1,1,5,1,4,1,1,2
SF,IC2007,2020-06-09 09:32:48.400,5444.6000,12822,0,171079360.000,0,-,-,-,-,5444.6000,5444.2000,5443.8000,5443.4000,5442.6000,5445.4000,5446.6000,5446.8000,5447.2000,5447.4000,1,1,1,5,1,1,4,1,1,2
SF,IC2007,2020-06-09 09:32:48.900,5444.6000,12822,0,171079360.000,0,-,-,-,-,5444.6000,5444.2000,5443.8000,5443.4000,5442.6000,5445.4000,5446.6000,5447.2000,5447.4000,5447.8000,1,1,1,5,1,1,4,1,2,1
SF,IC2007,2020-06-09 09:32:49.400,5444.6000,12822,0,171079360.000,0,-,-,-,-,5443.8000,5443.4000,5442.6000,5442.2000,5442.0000,5445.4000,5446.6000,5447.2000,5447.4000,5447.8000,1,5,1,1,1,1,4,1,2,1
SF,IC2007,2020-06-09 09:32:49.900,5444.6000,12822,0,171079360.000,0,-,-,-,-,5443.8000,5443.4000,5442.6000,5442.2000,5442.0000,5445.4000,5446.6000,5447.2000,5447.4000,5447.8000,1,5,1,1,1,1,4,1,2,1
SF,IC2007,2020-06-09 09:32:51.400,5444.6000,12822,0,171079360.000,0,-,-,-,-,5443.4000,5442.6000,5442.2000,5442.0000,5441.6000,5444.6000,5445.0000,5445.4000,5446.6000,5447.2000,5,1,1,1,1,1,1,1,3,1
SF,IC2007,2020-06-09 09:32:51.900,5444.6000,12822,0,171079360.000,0,-,-,-,-,5443.4000,5442.6000,5442.2000,5442.0000,5441.6000,5444.6000,5445.0000,5445.4000,5446.6000,5447.2000,5,1,1,1,1,1,2,1,1,1
SF,IC2007,2020-06-09 09:32:52.400,5443.4000,12822,0,172168040.000,1,0,1,多换,S,5443.4000,5442.6000,5442.2000,5442.0000,5441.6000,5444.6000,5445.0000,5445.4000,5446.6000,5447.2000,4,1,1,1,1,1,2,1,1,1
SF,IC2007,2020-06-09 09:32:53.900,5443.4000,12822,0,175434080.000,3,1,2,多换,S,5443.4000,5442.6000,5442.2000,5442.0000,5441.6000,5444.2000,5444.4000,5444.6000,5445.4000,5446.6000,1,1,1,1,1,3,1,2,1,1
SF,IC2007,2020-06-09 09:32:54.400,5443.4000,12822,0,176522760.000,1,0,1,多换,S,5442.6000,5442.2000,5442.0000,5441.6000,5440.2000,5443.4000,5444.2000,5444.4000,5444.6000,5445.4000,1,1,1,1,1,2,3,1,2,1
SF,IC2007,2020-06-09 09:32:54.900,5443.4000,12822,0,176522760.000,0,-,-,-,-,5442.6000,5442.2000,5442.0000,5441.6000,5441.2000,5443.2000,5443.4000,5444.2000,5444.6000,5445.4000,1,1,1,1,1,3,2,2,2,1
SF,IC2007,2020-06-09 09:32:55.400,5443.4000,12822,0,176522760.000,0,-,-,-,-,5442.2000,5442.0000,5441.6000,5441.2000,5440.2000,5443.2000,5443.4000,5444.2000,5444.6000,5445.4000,1,1,1,1,1,3,1,2,2,1
SF,IC2007,2020-06-09 09:32:55.900,5443.4000,12823,1,177611440.000,1,1,0,双开,S,5442.2000,5442.0000,5441.6000,5441.2000,5440.2000,5444.2000,5444.6000,5445.4000,5447.2000,5447.4000,1,1,1,1,2,2,2,1,1,1
SF,IC2007,2020-06-09 09:32:56.400,5443.4000,12823,0,177611440.000,0,-,-,-,-,5442.2000,5442.0000,5441.6000,5441.2000,5440.2000,5444.2000,5444.6000,5445.4000,5447.2000,5447.4000,1,1,1,1,2,3,2,1,1,1
SF,IC2007,2020-06-09 09:32:56.900,5443.4000,12823,0,177611440.000,0,-,-,-,-,5443.2000,5442.2000,5442.0000,5441.6000,5441.2000,5444.6000,5445.4000,5447.2000,5447.4000,5447.8000,1,1,1,1,1,1,1,1,1,1
SF,IC2007,2020-06-09 09:32:57.400,5443.4000,12823,0,177611440.000,0,-,-,-,-,5443.2000,5442.6000,5442.2000,5442.0000,5441.6000,5444.6000,5445.4000,5447.2000,5447.4000,5447.8000,1,1,1,1,1,1,1,1,1,1
SF,IC2007,2020-06-09 09:32:57.900,5443.4000,12823,0,177611440.000,0,-,-,-,-,5443.2000,5442.2000,5442.0000,5441.6000,5441.2000,5444.6000,5445.4000,5447.2000,5447.4000,5447.8000,1,1,1,1,1,1,1,1,1,1
SF,IC2007,2020-06-09 09:32:59.400,5443.2000,12824,1,178700080.000,1,1,0,双开,S,5442.2000,5442.0000,5441.6000,5441.2000,5440.2000,5444.6000,5445.4000,5447.2000,5447.4000,5447.8000,1,1,1,1,1,1,1,1,1,1
SF,IC2007,2020-06-09 09:33:02.400,5444.6000,12824,0,179789000.000,1,0,1,多换,S,5442.6000,5442.2000,5442.0000,5441.6000,5441.2000,5445.4000,5447.2000,5447.4000,5447.8000,5449.4000,2,1,1,1,1,1,1,1,1,1
SF,IC2007,2020-06-09 09:33:02.900,5444.6000,12824,0,179789000.000,0,-,-,-,-,5442.6000,5442.2000,5442.0000,5441.6000,5441.2000,5445.4000,5447.2000,5447.4000,5447.8000,5449.4000,2,1,1,1,1,1,1,1,1,1
SF,IC2007,2020-06-09 09:33:03.400,5444.6000,12824,0,179789000.000,0,-,-,-,-,5443.2000,5442.6000,5442.2000,5442.0000,5441.6000,5445.4000,5447.2000,5447.4000,5449.4000,5449.8000,1,1,1,1,1,2,1,1,1,1
SF,IC2007,2020-06-09 09:33:04.400,5444.6000,12824,0,179789000.000,0,-,-,-,-,5443.2000,5442.8000,5442.6000,5442.2000,5442.0000,5445.4000,5447.2000,5447.4000,5449.4000,5449.8000,1,1,1,1,1,2,1,1,1,1
SF,IC2007,2020-06-09 09:33:05.400,5444.6000,12824,0,179789000.000,0,-,-,-,-,5442.8000,5442.2000,5442.0000,5441.6000,5441.2000,5445.4000,5447.2000,5447.4000,5449.4000,5449.8000,1,1,1,1,1,2,1,1,1,1
SF,IC2007,2020-06-09 09:33:05.900,5444.6000,12824,0,179789000.000,0,-,-,-,-,5442.8000,5442.2000,5442.0000,5441.6000,5441.2000,5445.0000,5445.2000,5445.4000,5447.2000,5447.4000,1,1,1,1,1,1,1,2,1,1
SF,IC2007,2020-06-09 09:33:06.400,5444.6000,12824,0,179789000.000,0,-,-,-,-,5442.8000,5442.2000,5442.0000,5441.6000,5441.2000,5445.0000,5445.2000,5445.4000,5447.2000,5447.4000,1,1,1,1,1,3,1,1,1,1
SF,IC2007,2020-06-09 09:33:06.900,5444.6000,12824,0,179789000.000,0,-,-,-,-,5442.8000,5442.2000,5442.0000,5441.6000,5441.2000,5444.6000,5445.0000,5445.4000,5447.2000,5447.4000,1,1,1,1,1,1,4,1,1,1
SF,IC2007,2020-06-09 09:33:07.400,5444.6000,12824,0,179789000.000,0,-,-,-,-,5442.8000,5442.2000,5442.0000,5441.6000,5441.2000,5444.6000,5445.0000,5445.2000,5445.4000,5447.2000,1,1,1,1,1,1,3,1,1,1
SF,IC2007,2020-06-09 09:33:07.900,5444.6000,12824,0,179789000.000,0,-,-,-,-,5442.8000,5442.2000,5442.0000,5441.6000,5441.2000,5444.6000,5445.0000,5445.2000,5445.4000,5447.2000,1,1,1,1,1,2,3,1,1,1
SF,IC2007,2020-06-09 09:33:08.900,5444.6000,12824,0,179789000.000,0,-,-,-,-,5442.8000,5442.2000,5442.0000,5441.6000,5441.2000,5444.6000,5445.0000,5445.2000,5445.4000,5447.2000,1,1,1,1,1,1,3,1,1,1
SF,IC2007,2020-06-09 09:33:09.900,5442.8000,12824,0,180877560.000,1,0,1,多换,S,5442.2000,5442.0000,5441.6000,5441.2000,5440.2000,5444.6000,5445.0000,5445.2000,5445.4000,5447.2000,1,1,1,1,1,1,3,1,1,1
SF,IC2007,2020-06-09 09:33:10.400,5442.8000,12824,0,180877560.000,0,-,-,-,-,5442.2000,5442.0000,5441.6000,5441.2000,5440.2000,5444.2000,5444.6000,5445.2000,5445.4000,5447.2000,1,1,1,1,1,3,1,1,1,1
SF,IC2007,2020-06-09 09:33:10.900,5442.0000,12824,0,183054400.000,2,1,1,多换,S,5441.6000,5441.2000,5440.2000,5440.0000,5438.0000,5442.8000,5444.2000,5445.2000,5445.4000,5447.2000,1,1,1,1,3,1,3,1,1,1
SF,IC2007,2020-06-09 09:33:11.400,5442.0000,12824,0,183054400.000,0,-,-,-,-,5441.6000,5441.2000,5440.2000,5440.0000,5438.0000,5442.8000,5443.8000,5444.0000,5445.2000,5447.2000,1,1,1,1,3,1,1,1,1,1
SF,IC2007,2020-06-09 09:33:11.900,5441.2000,12824,0,185230960.000,2,1,1,多换,S,5440.2000,5440.0000,5438.0000,5435.0000,5434.6000,5442.8000,5443.8000,5445.2000,5447.2000,5447.4000,1,1,3,1,5,2,1,1,1,1
SF,IC2007,2020-06-09 09:33:12.400,5442.8000,12826,2,188496600.000,3,2,1,空开,S,5440.2000,5440.0000,5438.0000,5435.0000,5434.6000,5443.8000,5445.2000,5447.2000,5448.0000,5449.4000,1,1,3,1,5,1,1,1,1,1
SF,IC2007,2020-06-09 09:33:12.900,5442.8000,12826,0,188496600.000,0,-,-,-,-,5440.2000,5440.0000,5438.0000,5435.0000,5428.8000,5442.4000,5443.2000,5443.4000,5443.6000,5443.8000,1,1,3,1,5,1,5,2,4,1
SF,IC2007,2020-06-09 09:33:13.400,5440.0000,12827,1,190672640.000,2,1,1,空开,S,5438.0000,5435.0000,5428.8000,5425.0000,5401.2000,5441.4000,5443.2000,5443.4000,5443.6000,5443.8000,3,1,5,1,1,1,5,5,6,1
SF,IC2007,2020-06-09 09:33:13.900,5438.0000,12825,-2,192847840.000,2,0,2,双平,S,5438.0000,5435.0000,5428.8000,5425.0000,5401.2000,5442.0000,5442.2000,5443.2000,5443.4000,5443.6000,1,1,5,1,1,1,1,5,3,6
SF,IC2007,2020-06-09 09:33:14.400,5438.0000,12825,0,192847840.000,0,-,-,-,-,5438.0000,5435.0000,5428.8000,5425.0000,5401.2000,5441.8000,5442.0000,5442.2000,5443.2000,5443.4000,1,1,5,1,1,1,1,1,5,3
SF,IC2007,2020-06-09 09:33:14.900,5438.0000,12825,0,192847840.000,0,-,-,-,-,5438.0000,5435.0000,5428.8000,5425.0000,5401.2000,5441.6000,5441.8000,5442.0000,5442.2000,5443.2000,1,1,5,1,1,2,2,2,1,2
SF,IC2007,2020-06-09 09:33:15.400,5438.0000,12825,0,192847840.000,0,-,-,-,-,5438.2000,5438.0000,5435.0000,5428.8000,5425.0000,5441.2000,5441.8000,5442.0000,5442.2000,5443.2000,1,1,1,5,1,3,2,1,1,2
SF,IC2007,2020-06-09 09:33:16.400,5438.0000,12825,0,192847840.000,0,-,-,-,-,5438.2000,5438.0000,5435.0000,5428.8000,5425.0000,5442.0000,5443.2000,5443.4000,5443.6000,5444.0000,1,1,1,5,1,1,2,3,6,1
SF,IC2007,2020-06-09 09:33:16.900,5438.0000,12825,0,192847840.000,0,-,-,-,-,5438.4000,5438.2000,5438.0000,5435.0000,5428.8000,5440.8000,5441.4000,5441.6000,5441.8000,5442.0000,1,1,1,1,5,1,2,2,2,1
SF,IC2007,2020-06-09 09:33:17.400,5438.0000,12825,0,192847840.000,0,-,-,-,-,5438.8000,5438.4000,5438.2000,5438.0000,5435.0000,5441.6000,5441.8000,5442.0000,5442.6000,5443.2000,1,1,1,1,1,2,1,1,1,2
SF,IC2007,2020-06-09 09:33:17.900,5438.0000,12825,0,192847840.000,0,-,-,-,-,5438.8000,5438.4000,5438.2000,5438.0000,5435.0000,5441.6000,5442.0000,5442.6000,5443.2000,5443.4000,2,1,1,1,1,2,1,1,2,1
SF,IC2007,2020-06-09 09:33:18.400,5438.0000,12825,0,192847840.000,0,-,-,-,-,5438.8000,5438.4000,5438.2000,5438.0000,5435.0000,5441.6000,5442.0000,5442.6000,5443.2000,5443.4000,2,1,2,1,1,2,1,1,2,1
SF,IC2007,2020-06-09 09:33:19.400,5438.0000,12825,0,192847840.000,0,-,-,-,-,5438.4000,5438.2000,5438.0000,5435.0000,5428.8000,5441.6000,5442.0000,5442.6000,5443.2000,5443.4000,1,2,1,1,5,2,1,1,2,1
SF,IC2007,2020-06-09 09:33:19.900,5438.0000,12825,0,192847840.000,0,-,-,-,-,5438.4000,5438.2000,5438.0000,5435.0000,5428.8000,5441.6000,5442.0000,5442.6000,5443.2000,5443.4000,1,2,1,1,5,2,1,1,2,1
SF,IC2007,2020-06-09 09:33:20.400,5438.0000,12825,0,192847840.000,0,-,-,-,-,5438.4000,5438.2000,5438.0000,5435.0000,5428.8000,5441.6000,5442.0000,5442.6000,5443.2000,5443.4000,1,2,1,1,5,2,1,1,2,1
SF,IC2007,2020-06-09 09:33:20.900,5438.0000,12826,1,195023040.000,2,1,1,空开,S,5438.0000,5435.0000,5428.8000,5425.0000,5401.2000,5438.8000,5439.8000,5440.6000,5440.8000,5441.0000,1,1,5,1,1,3,1,2,1,3
SF,IC2007,2020-06-09 09:33:21.400,5438.0000,12826,0,197198240.000,2,1,1,多换,S,5435.0000,5428.8000,5425.0000,5401.2000,5400.2000,5438.8000,5440.6000,5440.8000,5441.0000,5441.2000,1,5,1,1,1,3,2,1,3,1
SF,IC2007,2020-06-09 09:33:21.900,5438.0000,12826,0,197198240.000,0,-,-,-,-,5435.2000,5435.0000,5434.8000,5428.8000,5425.0000,5438.8000,5441.0000,5441.2000,5441.4000,5441.6000,8,1,2,5,1,3,3,1,1,2
SF,IC2007,2020-06-09 09:33:22.400,5438.0000,12826,0,197198240.000,0,-,-,-,-,5435.6000,5435.4000,5435.2000,5435.0000,5434.8000,5438.8000,5441.0000,5441.2000,5441.4000,5441.6000,1,2,9,2,2,3,3,1,1,2
SF,IC2007,2020-06-09 09:33:22.900,5438.0000,12826,0,197198240.000,0,-,-,-,-,5435.8000,5435.6000,5435.4000,5435.2000,5435.0000,5438.8000,5441.0000,5441.2000,5441.4000,5441.6000,7,2,2,5,2,3,3,1,1,2
SF,IC2007,2020-06-09 09:33:23.400,5438.0000,12826,0,197198240.000,0,-,-,-,-,5435.8000,5435.6000,5435.4000,5435.2000,5435.0000,5438.8000,5441.0000,5441.2000,5441.4000,5441.6000,7,1,2,5,2,3,3,1,1,2
SF,IC2007,2020-06-09 09:33:23.900,5435.8000,12825,-1,198285400.000,1,0,1,双平,S,5435.8000,5435.4000,5435.2000,5435.0000,5434.8000,5438.8000,5441.0000,5441.2000,5441.4000,5441.6000,3,2,5,2,2,3,3,1,1,2
SF,IC2007,2020-06-09 09:33:24.400,5435.8000,12826,1,199372560.000,1,1,0,双开,S,5435.8000,5435.4000,5435.2000,5435.0000,5434.8000,5438.8000,5441.0000,5441.2000,5441.4000,5441.6000,2,2,5,2,2,3,3,1,1,2
SF,IC2007,2020-06-09 09:33:24.900,5435.8000,12826,0,199372560.000,0,-,-,-,-,5435.8000,5435.4000,5435.2000,5435.0000,5434.8000,5438.8000,5441.0000,5441.2000,5441.4000,5441.6000,2,2,5,2,2,3,3,1,1,2
SF,IC2007,2020-06-09 09:33:25.400,5435.8000,12826,0,199372560.000,0,-,-,-,-,5435.8000,5435.2000,5435.0000,5428.8000,5425.0000,5438.8000,5439.0000,5441.0000,5441.2000,5441.4000,2,1,2,5,1,3,1,3,1,1
SF,IC2007,2020-06-09 09:33:25.900,5435.8000,12826,0,199372560.000,0,-,-,-,-,5435.8000,5435.2000,5435.0000,5428.8000,5425.0000,5438.8000,5439.0000,5441.0000,5441.2000,5441.4000,2,1,2,5,1,3,1,3,1,1
SF,IC2007,2020-06-09 09:33:26.400,5435.8000,12826,0,199372560.000,0,-,-,-,-,5436.0000,5435.8000,5435.2000,5435.0000,5428.8000,5438.8000,5441.0000,5441.2000,5441.4000,5441.6000,1,2,1,2,5,4,3,1,1,2
SF,IC2007,2020-06-09 09:33:26.900,5435.8000,12826,0,199372560.000,0,-,-,-,-,5436.0000,5435.8000,5435.2000,5435.0000,5428.8000,5438.8000,5441.0000,5441.2000,5441.4000,5441.6000,1,2,1,2,5,4,3,1,1,2
SF,IC2007,2020-06-09 09:33:27.400,5435.8000,12826,0,199372560.000,0,-,-,-,-,5436.2000,5436.0000,5435.8000,5435.2000,5435.0000,5438.8000,5441.0000,5441.2000,5441.4000,5441.6000,1,1,1,1,2,4,3,1,1,2
SF,IC2007,2020-06-09 09:33:28.400,5435.8000,12826,0,199372560.000,0,-,-,-,-,5436.4000,5436.2000,5435.2000,5435.0000,5428.8000,5438.8000,5441.0000,5441.2000,5441.4000,5441.6000,1,1,1,2,5,4,3,1,1,2
SF,IC2007,2020-06-09 09:33:28.900,5435.8000,12826,0,199372560.000,0,-,-,-,-,5436.2000,5435.2000,5435.0000,5428.8000,5425.0000,5438.8000,5441.0000,5441.2000,5441.4000,5441.6000,1,1,2,5,1,1,3,1,1,2
SF,IC2007,2020-06-09 09:33:29.400,5435.8000,12826,0,199372560.000,0,-,-,-,-,5436.8000,5436.6000,5436.4000,5436.2000,5435.2000,5438.8000,5441.0000,5441.2000,5441.4000,5441.6000,2,5,7,1,1,1,3,1,1,2
SF,IC2007,2020-06-09 09:33:29.900,5435.8000,12826,0,199372560.000,0,-,-,-,-,5437.2000,5437.0000,5436.6000,5436.4000,5436.2000,5438.8000,5441.0000,5441.2000,5441.4000,5441.6000,1,2,5,5,1,1,3,1,1,2
SF,IC2007,2020-06-09 09:33:30.400,5435.8000,12826,0,199372560.000,0,-,-,-,-,5437.2000,5437.0000,5436.4000,5435.2000,5435.0000,5438.8000,5441.0000,5441.2000,5441.4000,5441.6000,1,2,4,2,2,1,3,1,1,2
SF,IC2007,2020-06-09 09:33:31.400,5438.8000,12826,0,200460320.000,1,0,1,多换,S,5437.4000,5437.2000,5437.0000,5436.4000,5435.2000,5441.0000,5441.2000,5441.4000,5441.6000,5441.8000,1,1,1,4,2,3,1,1,2,1
SF,IC2007,2020-06-09 09:33:31.900,5438.8000,12826,0,200460320.000,0,-,-,-,-,5437.4000,5436.4000,5435.2000,5435.0000,5428.8000,5441.0000,5441.2000,5441.4000,5441.6000,5441.8000,3,4,2,2,5,3,1,1,2,1
SF,IC2007,2020-06-09 09:33:32.400,5438.8000,12826,0,200460320.000,0,-,-,-,-,5437.4000,5436.4000,5435.2000,5435.0000,5428.8000,5440.8000,5441.2000,5441.4000,5441.6000,5441.8000,3,4,2,2,5,1,1,1,2,1
SF,IC2007,2020-06-09 09:33:32.900,5438.8000,12826,0,200460320.000,0,-,-,-,-,5437.6000,5437.4000,5436.4000,5435.2000,5435.0000,5440.8000,5441.2000,5441.6000,5441.8000,5442.0000,1,3,4,2,2,1,1,2,1,1
SF,IC2007,2020-06-09 09:33:33.400,5438.8000,12826,0,200460320.000,0,-,-,-,-,5437.8000,5437.4000,5436.4000,5435.2000,5435.0000,5440.8000,5441.2000,5441.6000,5441.8000,5442.0000,1,2,4,2,2,1,1,2,1,1
SF,IC2007,2020-06-09 09:33:33.900,5438.8000,12826,0,200460320.000,0,-,-,-,-,5438.0000,5437.8000,5437.4000,5436.4000,5435.2000,5440.8000,5441.2000,5441.6000,5441.8000,5442.0000,1,2,1,4,2,1,1,2,1,1
SF,IC2007,2020-06-09 09:33:34.400,5437.8000,12826,0,203723040.000,3,1,2,多换,S,5437.4000,5436.4000,5435.2000,5435.0000,5428.8000,5440.6000,5440.8000,5441.2000,5441.6000,5441.8000,1,4,2,2,5,1,1,1,2,1
SF,IC2007,2020-06-09 09:33:34.900,5437.8000,12826,0,203723040.000,0,-,-,-,-,5437.4000,5436.4000,5435.2000,5435.0000,5428.8000,5440.6000,5440.8000,5441.2000,5441.6000,5441.8000,1,4,2,2,5,1,1,1,1,1
SF,IC2007,2020-06-09 09:33:35.400,5437.8000,12826,0,203723040.000,0,-,-,-,-,5436.4000,5435.2000,5435.0000,5428.8000,5425.0000,5440.2000,5440.4000,5440.6000,5441.8000,5442.0000,1,2,2,5,1,3,3,1,1,1
SF,IC2007,2020-06-09 09:33:35.900,5437.8000,12826,0,203723040.000,0,-,-,-,-,5436.6000,5436.4000,5435.2000,5435.0000,5428.8000,5440.0000,5440.2000,5440.4000,5441.2000,5441.8000,1,1,2,2,5,1,3,3,1,1
SF,IC2007,2020-06-09 09:33:36.400,5437.8000,12826,0,203723040.000,0,-,-,-,-,5436.4000,5435.2000,5435.0000,5428.8000,5425.0000,5440.0000,5440.2000,5440.4000,5441.2000,5441.8000,1,2,2,5,1,1,2,3,1,1
SF,IC2007,2020-06-09 09:33:36.900,5437.8000,12826,0,203723040.000,0,-,-,-,-,5436.4000,5435.2000,5435.0000,5428.8000,5425.0000,5439.8000,5440.0000,5440.2000,5440.4000,5441.2000,1,2,2,5,1,1,1,2,2,1
SF,IC2007,2020-06-09 09:33:37.400,5437.8000,12826,0,203723040.000,0,-,-,-,-,5436.4000,5435.2000,5435.0000,5428.8000,5425.0000,5439.6000,5439.8000,5440.2000,5440.4000,5441.2000,1,2,2,5,1,2,1,2,2,1
SF,IC2007,2020-06-09 09:33:37.900,5437.8000,12826,0,203723040.000,0,-,-,-,-,5437.0000,5435.2000,5435.0000,5428.8000,5425.0000,5439.0000,5439.4000,5439.6000,5439.8000,5440.4000,5,2,2,5,1,1,5,3,1,2
SF,IC2007,2020-06-09 09:33:38.400,5437.8000,12826,0,203723040.000,0,-,-,-,-,5437.0000,5435.2000,5435.0000,5428.8000,5425.0000,5438.6000,5439.0000,5439.4000,5439.6000,5439.8000,5,2,2,5,1,2,1,2,3,1
SF,IC2007,2020-06-09 09:33:38.900,5437.8000,12826,0,203723040.000,0,-,-,-,-,5437.0000,5435.2000,5435.0000,5428.8000,5425.0000,5438.6000,5439.4000,5439.6000,5439.8000,5440.4000,5,2,2,5,1,1,2,3,1,2
SF,IC2007,2020-06-09 09:33:39.900,5437.8000,12826,0,203723040.000,0,-,-,-,-,5437.0000,5435.2000,5435.0000,5428.8000,5425.0000,5438.6000,5439.4000,5439.6000,5439.8000,5440.4000,5,1,2,5,1,1,2,3,1,2
SF,IC2007,2020-06-09 09:33:41.400,5437.8000,12826,0,203723040.000,0,-,-,-,-,5437.0000,5435.2000,5435.0000,5428.8000,5425.0000,5438.6000,5439.4000,5439.6000,5439.8000,5440.4000,5,1,2,5,1,1,2,3,1,1
SF,IC2007,2020-06-09 09:33:41.900,5437.8000,12826,0,203723040.000,0,-,-,-,-,5435.2000,5435.0000,5428.8000,5425.0000,5401.2000,5438.6000,5439.6000,5439.8000,5440.4000,5441.2000,1,2,5,1,1,1,1,1,1,1
SF,IC2007,2020-06-09 09:33:42.400,5437.8000,12826,0,203723040.000,0,-,-,-,-,5435.4000,5435.2000,5435.0000,5428.8000,5425.0000,5438.4000,5439.8000,5440.4000,5441.2000,5442.0000,4,1,1,5,1,1,1,1,1,1
SF,IC2007,2020-06-09 09:33:42.900,5437.8000,12826,0,203723040.000,0,-,-,-,-,5435.4000,5435.2000,5435.0000,5428.8000,5425.0000,5438.2000,5438.4000,5439.8000,5440.4000,5441.2000,1,1,1,5,1,1,1,1,1,1
SF,IC2007,2020-06-09 09:33:43.400,5437.8000,12826,0,203723040.000,0,-,-,-,-,5436.0000,5435.8000,5435.6000,5435.4000,5435.2000,5438.0000,5439.8000,5440.4000,5441.2000,5442.0000,1,1,5,3,1,1,1,1,1,1
SF,IC2007,2020-06-09 09:33:43.900,5437.8000,12826,0,203723040.000,0,-,-,-,-,5436.2000,5436.0000,5435.8000,5435.6000,5435.4000,5439.8000,5440.4000,5441.2000,5442.0000,5443.2000,1,1,1,5,2,1,1,1,1,1
SF,IC2007,2020-06-09 09:33:44.400,5437.8000,12826,0,203723040.000,0,-,-,-,-,5435.6000,5435.2000,5435.0000,5428.8000,5425.0000,5439.6000,5439.8000,5440.4000,5441.2000,5442.0000,2,1,1,5,1,4,1,1,1,1
SF,IC2007,2020-06-09 09:33:44.900,5437.8000,12826,0,203723040.000,0,-,-,-,-,5435.8000,5435.6000,5435.2000,5435.0000,5428.8000,5439.4000,5439.6000,5439.8000,5440.4000,5441.2000,1,2,1,1,5,6,4,1,1,1
SF,IC2007,2020-06-09 09:33:45.400,5437.8000,12826,0,203723040.000,0,-,-,-,-,5435.8000,5435.6000,5435.2000,5435.0000,5428.8000,5439.2000,5439.4000,5439.6000,5439.8000,5440.4000,1,2,1,1,5,4,3,3,1,1
SF,IC2007,2020-06-09 09:33:45.900,5437.8000,12826,0,203723040.000,0,-,-,-,-,5435.8000,5435.6000,5435.2000,5435.0000,5428.8000,5439.0000,5439.2000,5439.4000,5439.6000,5439.8000,1,2,1,1,5,3,1,3,3,1
SF,IC2007,2020-06-09 09:33:46.400,5437.8000,12826,0,203723040.000,0,-,-,-,-,5435.8000,5435.6000,5435.2000,5435.0000,5428.8000,5438.8000,5439.0000,5439.4000,5439.6000,5439.8000,1,2,1,1,5,4,1,3,3,1
SF,IC2007,2020-06-09 09:33:46.900,5437.8000,12826,0,203723040.000,0,-,-,-,-,5435.8000,5435.6000,5435.2000,5435.0000,5428.8000,5438.6000,5438.8000,5439.0000,5439.4000,5439.6000,1,2,1,1,5,1,3,1,3,3
SF,IC2007,2020-06-09 09:33:47.400,5437.8000,12826,0,203723040.000,0,-,-,-,-,5435.8000,5435.6000,5435.2000,5435.0000,5428.8000,5438.4000,5438.8000,5439.0000,5439.4000,5439.6000,1,2,1,1,5,1,2,1,3,3
SF,IC2007,2020-06-09 09:33:47.900,5437.8000,12826,0,203723040.000,0,-,-,-,-,5435.8000,5435.6000,5435.2000,5435.0000,5431.0000,5438.4000,5438.8000,5439.0000,5439.4000,5439.6000,1,2,1,1,5,1,2,1,3,3
SF,IC2007,2020-06-09 09:33:48.900,5437.8000,12826,0,203723040.000,0,-,-,-,-,5435.8000,5435.2000,5435.0000,5431.0000,5428.8000,5438.0000,5438.4000,5438.8000,5439.0000,5439.4000,1,1,1,5,5,1,1,2,1,3
SF,IC2007,2020-06-09 09:33:49.400,5437.8000,12826,0,203723040.000,0,-,-,-,-,5435.8000,5435.2000,5435.0000,5431.0000,5428.8000,5438.4000,5438.8000,5439.0000,5439.4000,5439.6000,1,1,1,5,5,1,2,1,3,3
SF,IC2007,2020-06-09 09:33:49.900,5438.4000,12825,-1,204810720.000,1,0,1,双平,S,5435.8000,5435.2000,5435.0000,5431.0000,5428.8000,5438.8000,5439.0000,5439.4000,5439.6000,5439.8000,1,1,1,5,5,2,1,3,3,1
SF,IC2007,2020-06-09 09:33:50.900,5438.4000,12825,0,204810720.000,0,-,-,-,-,5435.8000,5435.2000,5435.0000,5431.0000,5428.8000,5438.4000,5438.6000,5438.8000,5439.0000,5439.6000,1,1,1,5,5,1,2,2,2,3
SF,IC2007,2020-06-09 09:33:51.400,5438.4000,12826,1,206986080.000,2,1,1,空开,S,5435.0000,5431.0000,5428.8000,5425.0000,5401.2000,5438.4000,5438.6000,5438.8000,5439.0000,5439.6000,1,5,5,1,1,2,2,2,2,3
SF,IC2007,2020-06-09 09:33:51.900,5438.4000,12826,0,206986080.000,0,-,-,-,-,5435.0000,5431.0000,5428.8000,5425.0000,5401.2000,5437.8000,5438.0000,5438.4000,5438.6000,5439.0000,1,5,5,1,1,1,3,1,2,2
SF,IC2007,2020-06-09 09:33:52.400,5438.4000,12826,0,206986080.000,0,-,-,-,-,5435.0000,5431.0000,5428.8000,5425.0000,5401.2000,5437.8000,5438.0000,5438.2000,5438.4000,5438.6000,1,5,5,1,1,1,3,1,1,2
SF,IC2007,2020-06-09 09:33:52.900,5438.4000,12826,0,206986080.000,0,-,-,-,-,5435.2000,5435.0000,5431.0000,5428.8000,5425.0000,5437.4000,5438.0000,5438.2000,5438.6000,5439.0000,1,1,5,5,1,1,3,1,2,2
SF,IC2007,2020-06-09 09:33:53.400,5438.4000,12826,0,206986080.000,0,-,-,-,-,5435.6000,5435.4000,5435.2000,5435.0000,5431.0000,5437.4000,5439.0000,5439.6000,5439.8000,5440.0000,1,1,3,1,5,1,1,3,1,1
SF,IC2007,2020-06-09 09:33:53.900,5437.4000,12826,0,208073560.000,1,0,1,多换,S,5437.6000,5435.8000,5435.4000,5435.2000,5435.0000,5439.0000,5439.6000,5439.8000,5440.0000,5440.4000,3,1,1,3,1,1,3,1,1,1
SF,IC2007,2020-06-09 09:33:54.400,5437.6000,12824,-2,210248600.000,2,0,2,双平,S,5437.6000,5435.4000,5435.2000,5435.0000,5431.0000,5438.6000,5439.0000,5439.6000,5439.8000,5440.0000,1,1,3,1,5,1,1,3,1,1
SF,IC2007,2020-06-09 09:33:54.900,5437.6000,12823,-1,211336120.000,1,0,1,双平,S,5435.4000,5435.2000,5435.0000,5431.0000,5428.8000,5437.6000,5438.6000,5439.0000,5439.6000,5439.8000,1,3,1,5,5,1,2,1,3,1
SF,IC2007,2020-06-09 09:33:55.400,5437.6000,12823,0,211336120.000,0,-,-,-,-,5436.0000,5435.6000,5435.4000,5435.2000,5435.0000,5437.6000,5438.6000,5439.0000,5439.6000,5439.8000,1,1,1,2,1,1,1,1,4,1
SF,IC2007,2020-06-09 09:33:55.900,5437.6000,12823,0,211336120.000,0,-,-,-,-,5436.0000,5435.6000,5435.4000,5435.2000,5435.0000,5437.6000,5438.6000,5439.6000,5439.8000,5440.0000,1,1,1,2,1,1,1,4,1,1
SF,IC2007,2020-06-09 09:33:56.400,5437.6000,12823,0,211336120.000,0,-,-,-,-,5436.0000,5435.6000,5435.4000,5435.2000,5435.0000,5437.6000,5439.6000,5439.8000,5440.0000,5440.4000,1,1,1,2,1,1,5,1,1,1
SF,IC2007,2020-06-09 09:33:56.900,5437.6000,12823,0,211336120.000,0,-,-,-,-,5436.0000,5435.6000,5435.4000,5435.2000,5435.0000,5437.6000,5439.6000,5439.8000,5440.0000,5440.4000,1,1,1,2,1,1,5,1,1,1
SF,IC2007,2020-06-09 09:33:57.400,5437.6000,12823,0,211336120.000,0,-,-,-,-,5436.4000,5435.6000,5435.4000,5435.2000,5435.0000,5439.6000,5439.8000,5440.0000,5440.4000,5443.2000,1,1,1,2,1,5,1,1,1,3
SF,IC2007,2020-06-09 09:33:57.900,5439.6000,12823,0,212424040.000,1,0,1,多换,S,5436.6000,5436.4000,5436.2000,5435.4000,5435.2000,5439.6000,5439.8000,5440.0000,5440.4000,5441.4000,1,1,1,1,2,3,1,1,1,1
SF,IC2007,2020-06-09 09:33:58.400,5439.6000,12823,0,212424040.000,0,-,-,-,-,5436.6000,5436.2000,5435.4000,5435.2000,5435.0000,5439.2000,5439.4000,5439.6000,5439.8000,5440.0000,1,1,1,2,1,3,1,3,1,1
SF,IC2007,2020-06-09 09:33:58.900,5439.6000,12823,0,212424040.000,0,-,-,-,-,5436.6000,5436.2000,5435.4000,5435.2000,5435.0000,5439.2000,5439.4000,5439.6000,5439.8000,5440.0000,1,1,1,2,1,3,2,1,1,1
SF,IC2007,2020-06-09 09:33:59.400,5439.6000,12823,0,212424040.000,0,-,-,-,-,5436.6000,5436.2000,5435.4000,5435.2000,5435.0000,5438.8000,5439.0000,5439.2000,5439.4000,5439.6000,1,1,1,2,1,1,1,2,2,1
SF,IC2007,2020-06-09 09:33:59.900,5439.6000,12823,0,212424040.000,0,-,-,-,-,5436.2000,5435.4000,5435.2000,5435.0000,5431.0000,5438.8000,5439.0000,5439.4000,5439.6000,5440.0000,1,1,2,1,5,3,2,2,1,1
SF,IC2007,2020-06-09 09:34:00.400,5439.6000,12823,0,212424040.000,0,-,-,-,-,5436.2000,5435.4000,5435.2000,5435.0000,5431.0000,5438.6000,5438.8000,5439.0000,5439.4000,5439.6000,1,1,2,1,5,1,3,2,2,1
SF,IC2007,2020-06-09 09:34:00.900,5439.6000,12823,0,212424040.000,0,-,-,-,-,5436.2000,5435.4000,5435.2000,5435.0000,5431.0000,5438.6000,5438.8000,5439.0000,5439.4000,5439.6000,1,1,2,1,5,1,3,2,2,1
SF,IC2007,2020-06-09 09:34:01.400,5439.6000,12823,0,212424040.000,0,-,-,-,-,5435.4000,5435.2000,5435.0000,5433.4000,5431.0000,5438.2000,5438.6000,5439.0000,5439.4000,5439.6000,1,2,1,1,5,4,1,2,2,1
SF,IC2007,2020-06-09 09:34:01.900,5439.6000,12823,0,212424040.000,0,-,-,-,-,5435.0000,5433.4000,5431.0000,5428.8000,5425.0000,5438.2000,5438.4000,5438.6000,5439.0000,5439.2000,1,1,5,5,1,4,3,1,2,1
SF,IC2007,2020-06-09 09:34:02.400,5439.6000,12823,0,212424040.000,0,-,-,-,-,5435.0000,5433.4000,5431.0000,5425.0000,5423.0000,5437.6000,5437.8000,5438.0000,5438.4000,5439.0000,1,1,5,1,5,3,6,4,4,1
SF,IC2007,2020-06-09 09:34:02.900,5439.6000,12823,0,212424040.000,0,-,-,-,-,5436.6000,5435.8000,5435.0000,5433.4000,5431.0000,5437.0000,5437.6000,5437.8000,5438.0000,5438.4000,1,1,1,1,5,1,1,5,3,4
SF,IC2007,2020-06-09 09:34:03.400,5435.8000,12823,0,214598520.000,2,1,1,多换,S,5435.0000,5433.4000,5431.0000,5425.0000,5423.0000,5436.4000,5436.6000,5436.8000,5437.0000,5437.2000,1,1,5,1,5,3,3,1,1,2
SF,IC2007,2020-06-09 09:34:03.900,5435.8000,12823,0,214598520.000,0,-,-,-,-,5435.0000,5433.4000,5431.0000,5425.0000,5423.0000,5436.6000,5436.8000,5437.4000,5437.6000,5437.8000,1,1,5,1,5,4,1,2,2,3
SF,IC2007,2020-06-09 09:34:04.400,5435.8000,12823,0,214598520.000,0,-,-,-,-,5435.0000,5433.4000,5431.0000,5425.0000,5423.0000,5435.8000,5436.0000,5436.6000,5436.8000,5437.4000,1,1,5,1,5,1,1,3,1,2
SF,IC2007,2020-06-09 09:34:04.900,5435.8000,12823,0,214598520.000,0,-,-,-,-,5435.0000,5433.4000,5431.0000,5425.0000,5423.0000,5436.0000,5436.2000,5436.6000,5436.8000,5437.4000,1,1,5,1,5,1,1,2,1,2
SF,IC2007,2020-06-09 09:34:05.400,5435.8000,12823,0,214598520.000,0,-,-,-,-,5435.0000,5433.4000,5431.0000,5425.0000,5423.0000,5436.0000,5436.2000,5436.6000,5436.8000,5437.4000,1,1,5,1,5,1,1,2,1,2
SF,IC2007,2020-06-09 09:34:05.900,5435.0000,12823,0,215685520.000,1,0,1,多换,S,5433.4000,5431.0000,5425.0000,5423.0000,5401.2000,5435.0000,5435.4000,5435.6000,5436.2000,5436.6000,1,5,1,5,1,2,1,3,1,2
SF,IC2007,2020-06-09 09:34:06.400,5435.0000,12823,0,215685520.000,0,-,-,-,-,5433.6000,5433.4000,5431.0000,5425.0000,5423.0000,5435.0000,5435.6000,5435.8000,5436.6000,5436.8000,1,1,5,1,5,2,3,1,2,1
SF,IC2007,2020-06-09 09:34:06.900,5435.0000,12823,0,216772520.000,1,0,1,多换,S,5433.4000,5431.0000,5425.0000,5423.0000,5401.2000,5435.6000,5436.6000,5436.8000,5437.4000,5437.6000,1,5,1,5,1,3,2,1,2,1
SF,IC2007,2020-06-09 09:34:07.900,5435.0000,12823,0,216772520.000,0,-,-,-,-,5433.6000,5433.4000,5431.0000,5425.0000,5423.0000,5435.6000,5436.6000,5436.8000,5437.4000,5437.6000,1,1,5,1,5,3,2,1,2,1
SF,IC2007,2020-06-09 09:34:08.400,5435.0000,12823,0,216772520.000,0,-,-,-,-,5433.4000,5431.0000,5425.0000,5423.0000,5401.2000,5435.6000,5436.6000,5436.8000,5437.4000,5437.6000,1,5,1,5,1,3,2,1,2,1
SF,IC2007,2020-06-09 09:34:08.900,5435.0000,12823,0,216772520.000,0,-,-,-,-,5433.6000,5433.4000,5431.0000,5425.0000,5423.0000,5436.6000,5436.8000,5437.4000,5437.6000,5437.8000,1,1,5,1,5,1,1,2,1,2
SF,IC2007,2020-06-09 09:34:09.400,5435.0000,12823,0,216772520.000,0,-,-,-,-,5433.8000,5433.6000,5433.4000,5431.0000,5425.0000,5436.4000,5436.6000,5436.8000,5437.2000,5437.4000,1,1,1,5,1,1,2,1,1,2
SF,IC2007,2020-06-09 09:34:09.900,5435.0000,12823,0,216772520.000,0,-,-,-,-,5433.8000,5433.6000,5433.4000,5431.0000,5425.0000,5436.2000,5436.6000,5436.8000,5437.2000,5437.4000,1,1,1,5,1,3,1,1,1,2
SF,IC2007,2020-06-09 09:34:10.400,5435.0000,12823,0,216772520.000,0,-,-,-,-,5433.8000,5433.6000,5433.4000,5431.0000,5425.0000,5435.8000,5436.2000,5436.6000,5436.8000,5437.2000,1,1,1,5,1,3,1,1,1,1
SF,IC2007,2020-06-09 09:34:10.900,5435.0000,12823,0,216772520.000,0,-,-,-,-,5433.6000,5433.4000,5431.0000,5425.0000,5423.0000,5435.8000,5436.2000,5436.6000,5436.8000,5437.2000,1,1,5,1,5,3,2,1,1,1
SF,IC2007,2020-06-09 09:34:11.400,5435.8000,12823,0,217859680.000,1,0,1,多换,S,5433.6000,5433.4000,5431.0000,5425.0000,5423.0000,5435.8000,5436.6000,5436.8000,5437.2000,5437.4000,1,1,5,1,5,3,1,1,1,2
SF,IC2007,2020-06-09 09:34:11.900,5435.8000,12823,0,217859680.000,0,-,-,-,-,5433.6000,5433.4000,5431.0000,5425.0000,5423.0000,5435.8000,5436.6000,5437.2000,5437.4000,5437.8000,1,1,5,1,5,3,1,1,2,2
SF,IC2007,2020-06-09 09:34:12.400,5435.8000,12823,0,217859680.000,0,-,-,-,-,5433.6000,5433.4000,5431.0000,5425.0000,5423.0000,5435.6000,5435.8000,5436.6000,5437.2000,5437.4000,1,1,5,1,5,1,3,1,1,2
SF,IC2007,2020-06-09 09:34:13.400,5435.8000,12823,0,217859680.000,0,-,-,-,-,5433.6000,5433.4000,5431.0000,5425.0000,5423.0000,5435.2000,5435.6000,5435.8000,5436.6000,5437.2000,1,1,5,1,5,1,1,2,1,1
SF,IC2007,2020-06-09 09:34:13.900,5435.8000,12823,0,217859680.000,0,-,-,-,-,5433.6000,5433.4000,5431.0000,5425.0000,5423.0000,5435.6000,5435.8000,5436.6000,5437.2000,5437.4000,1,1,5,1,5,1,2,1,1,2
SF,IC2007,2020-06-09 09:34:14.900,5435.8000,12823,0,217859680.000,0,-,-,-,-,5433.6000,5433.4000,5431.0000,5425.0000,5423.0000,5435.2000,5435.6000,5436.6000,5437.2000,5437.4000,1,1,5,1,5,3,1,1,1,2
SF,IC2007,2020-06-09 09:34:16.400,5435.8000,12823,0,217859680.000,0,-,-,-,-,5433.6000,5433.4000,5431.0000,5425.0000,5423.0000,5437.2000,5437.4000,5437.8000,5438.0000,5438.2000,1,1,5,1,5,1,2,2,3,1
SF,IC2007,2020-06-09 09:34:16.900,5435.8000,12823,0,217859680.000,0,-,-,-,-,5433.8000,5433.6000,5433.4000,5431.0000,5425.0000,5436.2000,5436.6000,5437.0000,5437.2000,5437.4000,1,1,1,5,1,1,1,2,1,2
SF,IC2007,2020-06-09 09:34:17.400,5435.8000,12823,0,217859680.000,0,-,-,-,-,5433.8000,5433.6000,5433.4000,5431.0000,5425.0000,5435.8000,5436.0000,5436.2000,5436.4000,5436.6000,1,1,1,5,1,1,1,2,3,2
SF,IC2007,2020-06-09 09:34:17.900,5435.8000,12823,0,217859680.000,0,-,-,-,-,5433.6000,5433.4000,5431.0000,5425.0000,5423.0000,5435.8000,5436.2000,5436.4000,5436.6000,5437.0000,1,1,5,1,5,2,1,1,2,1
SF,IC2007,2020-06-09 09:34:18.400,5435.8000,12823,0,217859680.000,0,-,-,-,-,5434.2000,5434.0000,5433.8000,5433.4000,5431.0000,5436.4000,5437.2000,5437.4000,5437.8000,5438.0000,1,1,1,1,5,1,1,1,2,3
SF,IC2007,2020-06-09 09:34:18.900,5435.8000,12823,0,217859680.000,0,-,-,-,-,5434.2000,5434.0000,5433.8000,5433.4000,5431.0000,5437.2000,5437.4000,5437.8000,5438.0000,5438.2000,1,1,1,1,5,1,1,2,3,1
SF,IC2007,2020-06-09 09:34:19.400,5434.4000,12823,0,218946560.000,1,0,1,多换,S,5434.2000,5434.0000,5433.8000,5433.4000,5431.0000,5436.8000,5437.0000,5437.2000,5437.4000,5437.8000,1,1,1,1,5,1,2,1,2,2
SF,IC2007,2020-06-09 09:34:19.900,5434.4000,12823,0,218946560.000,0,-,-,-,-,5434.2000,5434.0000,5433.8000,5433.4000,5431.0000,5436.6000,5436.8000,5437.0000,5437.2000,5437.4000,1,1,1,1,5,1,4,1,1,2
SF,IC2007,2020-06-09 09:34:20.400,5434.4000,12823,0,218946560.000,0,-,-,-,-,5434.2000,5434.0000,5433.8000,5433.4000,5431.0000,5436.4000,5436.6000,5436.8000,5437.0000,5437.2000,1,1,1,1,5,1,1,4,1,1
SF,IC2007,2020-06-09 09:34:20.900,5434.4000,12823,0,218946560.000,0,-,-,-,-,5434.2000,5434.0000,5433.8000,5433.4000,5431.0000,5436.6000,5436.8000,5437.0000,5437.2000,5437.4000,2,1,1,1,5,1,4,1,1,2
SF,IC2007,2020-06-09 09:34:21.900,5434.4000,12823,0,218946560.000,0,-,-,-,-,5434.2000,5434.0000,5433.8000,5433.4000,5431.0000,5436.6000,5436.8000,5437.2000,5437.4000,5437.8000,2,1,1,1,5,1,4,1,2,2
SF,IC2007,2020-06-09 09:34:22.400,5434.4000,12823,0,218946560.000,0,-,-,-,-,5434.6000,5434.4000,5434.2000,5434.0000,5433.4000,5436.6000,5437.2000,5437.4000,5437.8000,5438.4000,1,1,1,1,1,1,1,1,1,2
SF,IC2007,2020-06-09 09:34:22.900,5434.4000,12823,0,218946560.000,0,-,-,-,-,5434.6000,5434.4000,5434.2000,5434.0000,5433.4000,5437.2000,5437.4000,5437.8000,5438.4000,5439.0000,1,1,1,1,1,1,1,1,2,1
SF,IC2007,2020-06-09 09:34:23.400,5434.4000,12823,0,218946560.000,0,-,-,-,-,5434.6000,5434.4000,5434.2000,5434.0000,5433.4000,5436.2000,5436.6000,5437.0000,5437.2000,5437.4000,1,1,1,1,1,1,1,2,1,2
SF,IC2007,2020-06-09 09:34:23.900,5434.4000,12823,0,218946560.000,0,-,-,-,-,5434.6000,5434.4000,5434.2000,5434.0000,5433.4000,5437.0000,5437.2000,5437.4000,5437.8000,5438.4000,1,1,1,1,1,1,1,1,1,2
SF,IC2007,2020-06-09 09:34:24.400,5434.4000,12823,0,218946560.000,0,-,-,-,-,5434.4000,5434.2000,5434.0000,5433.4000,5431.0000,5437.0000,5437.2000,5437.4000,5437.8000,5438.4000,1,1,1,1,5,1,1,1,1,2
SF,IC2007,2020-06-09 09:34:26.400,5434.4000,12823,0,218946560.000,0,-,-,-,-,5435.0000,5434.4000,5434.2000,5434.0000,5433.4000,5437.0000,5437.2000,5437.4000,5438.4000,5439.0000,1,1,1,1,1,1,1,1,2,1
SF,IC2007,2020-06-09 09:34:26.900,5434.4000,12823,0,218946560.000,0,-,-,-,-,5435.0000,5434.4000,5434.2000,5434.0000,5433.4000,5437.2000,5438.4000,5439.0000,5440.0000,5440.4000,1,1,1,1,1,1,2,1,1,1
SF,IC2007,2020-06-09 09:34:30.400,5434.4000,12823,0,218946560.000,0,-,-,-,-,5435.0000,5434.4000,5434.2000,5434.0000,5433.4000,5439.0000,5440.0000,5440.4000,5443.2000,5443.6000,1,1,1,1,1,1,1,1,2,4
SF,IC2007,2020-06-09 09:34:30.900,5434.4000,12823,0,218946560.000,0,-,-,-,-,5435.2000,5434.2000,5434.0000,5433.4000,5431.0000,5438.4000,5438.8000,5439.0000,5439.4000,5440.0000,1,1,1,1,5,1,4,2,1,1
SF,IC2007,2020-06-09 09:34:31.400,5434.4000,12823,0,218946560.000,0,-,-,-,-,5435.2000,5434.2000,5434.0000,5433.4000,5431.0000,5438.2000,5438.4000,5438.6000,5438.8000,5439.0000,1,1,1,1,5,1,1,3,3,2
SF,IC2007,2020-06-09 09:34:31.900,5434.4000,12823,0,218946560.000,0,-,-,-,-,5435.2000,5434.2000,5434.0000,5433.4000,5431.0000,5438.2000,5438.4000,5438.6000,5438.8000,5439.0000,1,1,1,1,5,1,1,3,3,2
SF,IC2007,2020-06-09 09:34:32.900,5434.4000,12823,0,218946560.000,0,-,-,-,-,5435.2000,5434.2000,5434.0000,5433.4000,5431.0000,5437.8000,5438.2000,5438.4000,5438.6000,5438.8000,1,1,1,1,5,1,1,1,2,3
SF,IC2007,2020-06-09 09:34:33.400,5434.4000,12823,0,218946560.000,0,-,-,-,-,5435.4000,5435.2000,5434.2000,5434.0000,5433.4000,5437.6000,5438.4000,5438.6000,5438.8000,5439.0000,1,1,1,1,1,1,1,2,3,2
SF,IC2007,2020-06-09 09:34:33.900,5434.4000,12823,0,218946560.000,0,-,-,-,-,5435.4000,5435.2000,5434.2000,5434.0000,5433.4000,5437.6000,5438.4000,5438.6000,5438.8000,5439.0000,1,1,1,1,1,1,1,2,3,2
SF,IC2007,2020-06-09 09:34:34.400,5434.4000,12823,0,218946560.000,0,-,-,-,-,5435.2000,5434.2000,5434.0000,5433.4000,5431.0000,5437.6000,5438.4000,5438.6000,5438.8000,5439.0000,1,1,1,1,5,1,1,2,3,2
SF,IC2007,2020-06-09 09:34:34.900,5434.4000,12823,0,218946560.000,0,-,-,-,-,5435.2000,5434.2000,5434.0000,5433.4000,5431.0000,5437.6000,5438.4000,5438.6000,5438.8000,5439.0000,1,1,1,1,5,1,1,2,1,1
SF,IC2007,2020-06-09 09:34:35.400,5434.4000,12823,0,218946560.000,0,-,-,-,-,5436.2000,5435.8000,5435.6000,5435.4000,5435.2000,5437.6000,5438.8000,5439.4000,5440.0000,5440.4000,1,2,2,3,2,1,1,1,1,1
SF,IC2007,2020-06-09 09:34:35.900,5435.2000,12822,-1,221120640.000,2,0,2,多平,S,5435.8000,5435.6000,5435.4000,5435.2000,5434.6000,5438.8000,5439.4000,5440.0000,5440.4000,5443.2000,1,1,2,2,1,1,1,1,1,2
SF,IC2007,2020-06-09 09:34:36.400,5435.2000,12822,0,221120640.000,0,-,-,-,-,5436.6000,5436.0000,5435.4000,5435.2000,5434.6000,5438.6000,5438.8000,5439.4000,5440.0000,5440.4000,1,1,2,1,1,1,1,1,1,1
SF,IC2007,2020-06-09 09:34:36.900,5435.2000,12822,0,221120640.000,0,-,-,-,-,5437.6000,5436.6000,5435.4000,5435.2000,5434.6000,5439.4000,5440.0000,5440.4000,5443.2000,5443.6000,1,1,2,1,1,1,1,1,2,4
SF,IC2007,2020-06-09 09:34:37.400,5437.2000,12821,-1,222208080.000,1,0,1,双平,S,5435.4000,5434.6000,5434.2000,5434.0000,5433.4000,5438.6000,5439.0000,5439.4000,5440.0000,5440.4000,2,1,1,1,1,1,1,1,1,1
SF,IC2007,2020-06-09 09:34:37.900,5437.2000,12821,0,222208080.000,0,-,-,-,-,5435.6000,5435.4000,5434.6000,5434.2000,5434.0000,5438.4000,5439.0000,5439.4000,5440.0000,5440.4000,1,2,1,1,1,1,3,1,1,1
SF,IC2007,2020-06-09 09:34:38.400,5437.2000,12821,0,222208080.000,0,-,-,-,-,5435.4000,5434.6000,5434.2000,5434.0000,5433.4000,5438.4000,5439.0000,5439.4000,5440.0000,5440.4000,2,1,1,1,1,1,3,1,1,1
SF,IC2007,2020-06-09 09:34:39.400,5437.2000,12821,0,222208080.000,0,-,-,-,-,5435.6000,5435.4000,5434.6000,5434.2000,5434.0000,5438.4000,5439.0000,5439.4000,5440.0000,5440.4000,1,3,1,1,1,1,3,1,1,1
SF,IC2007,2020-06-09 09:34:40.400,5437.2000,12821,0,222208080.000,0,-,-,-,-,5436.2000,5435.6000,5435.4000,5434.6000,5434.2000,5438.4000,5439.4000,5440.0000,5440.4000,5443.2000,1,1,3,1,1,1,1,1,1,2
SF,IC2007,2020-06-09 09:34:40.900,5437.2000,12821,0,222208080.000,0,-,-,-,-,5436.8000,5435.8000,5435.6000,5435.4000,5434.6000,5438.4000,5439.4000,5440.0000,5440.4000,5443.2000,1,2,1,1,1,1,1,1,1,2
SF,IC2007,2020-06-09 09:34:41.400,5437.2000,12821,0,222208080.000,0,-,-,-,-,5436.8000,5436.4000,5435.8000,5435.4000,5434.6000,5439.4000,5440.0000,5440.4000,5443.2000,5443.6000,1,1,2,1,1,1,1,1,2,4
SF,IC2007,2020-06-09 09:34:41.900,5437.2000,12821,0,222208080.000,0,-,-,-,-,5436.8000,5436.4000,5435.8000,5435.4000,5434.6000,5439.2000,5439.4000,5440.0000,5440.4000,5443.2000,1,1,2,1,1,1,1,1,1,2
SF,IC2007,2020-06-09 09:34:43.400,5437.2000,12821,0,222208080.000,0,-,-,-,-,5436.4000,5435.8000,5435.4000,5434.6000,5434.2000,5439.2000,5439.4000,5440.0000,5440.4000,5443.2000,1,2,1,1,1,1,1,1,1,2
SF,IC2007,2020-06-09 09:34:44.900,5437.2000,12821,0,222208080.000,0,-,-,-,-,5436.4000,5435.8000,5435.4000,5434.6000,5434.2000,5439.2000,5439.4000,5440.0000,5440.4000,5443.2000,1,2,1,1,1,2,1,1,1,2
SF,IC2007,2020-06-09 09:34:45.900,5437.2000,12821,0,222208080.000,0,-,-,-,-,5436.4000,5435.8000,5435.4000,5434.6000,5434.2000,5439.2000,5439.4000,5440.0000,5440.4000,5443.2000,1,2,1,1,1,2,1,1,1,2
SF,IC2007,2020-06-09 09:34:48.400,5437.2000,12821,0,222208080.000,0,-,-,-,-,5436.4000,5435.8000,5435.4000,5434.6000,5434.2000,5439.0000,5439.2000,5439.4000,5440.0000,5440.4000,1,2,1,1,1,1,2,1,1,1
SF,IC2007,2020-06-09 09:34:48.900,5437.2000,12821,0,222208080.000,0,-,-,-,-,5436.4000,5435.8000,5435.4000,5434.6000,5434.2000,5438.8000,5439.0000,5439.4000,5440.0000,5440.4000,1,2,1,1,1,1,1,1,1,1
SF,IC2007,2020-06-09 09:34:49.400,5437.2000,12821,0,222208080.000,0,-,-,-,-,5436.4000,5435.8000,5435.4000,5434.6000,5434.2000,5438.8000,5439.0000,5439.4000,5440.0000,5440.4000,1,2,1,1,1,2,1,1,1,1
SF,IC2007,2020-06-09 09:34:49.900,5437.2000,12821,0,222208080.000,0,-,-,-,-,5437.0000,5436.6000,5436.4000,5435.8000,5435.4000,5437.4000,5438.8000,5439.0000,5439.4000,5440.0000,3,1,1,2,1,1,2,1,1,1
SF,IC2007,2020-06-09 09:34:50.400,5438.8000,12819,-2,224383320.000,2,0,2,双平,S,5437.8000,5437.6000,5437.2000,5437.0000,5436.8000,5439.0000,5440.0000,5443.2000,5443.6000,5444.4000,1,1,2,4,1,1,1,2,4,1
SF,IC2007,2020-06-09 09:34:50.900,5438.8000,12819,0,224383320.000,0,-,-,-,-,5437.6000,5437.0000,5436.6000,5434.6000,5434.2000,5437.8000,5439.0000,5440.0000,5443.2000,5443.6000,1,3,2,1,1,1,1,1,2,4
SF,IC2007,2020-06-09 09:34:51.400,5437.8000,12818,-1,225470880.000,1,0,1,双平,S,5437.0000,5436.6000,5434.6000,5434.2000,5434.0000,5440.0000,5443.2000,5443.6000,5444.4000,5444.8000,3,2,1,1,1,1,2,4,1,1
SF,IC2007,2020-06-09 09:34:51.900,5437.8000,12818,0,226558440.000,1,0,1,多换,S,5438.0000,5437.0000,5436.6000,5434.6000,5434.2000,5440.0000,5443.2000,5443.6000,5444.4000,5444.8000,1,3,2,1,1,2,2,4,1,1
SF,IC2007,2020-06-09 09:34:52.400,5437.8000,12818,0,226558440.000,0,-,-,-,-,5438.0000,5437.6000,5437.4000,5437.2000,5437.0000,5440.0000,5443.2000,5443.6000,5444.4000,5444.8000,1,2,1,3,3,2,2,4,1,1
SF,IC2007,2020-06-09 09:34:52.900,5437.8000,12818,0,226558440.000,0,-,-,-,-,5438.4000,5438.2000,5438.0000,5437.6000,5437.4000,5440.0000,5443.2000,5443.6000,5444.4000,5444.8000,1,1,1,2,1,2,2,4,1,1
SF,IC2007,2020-06-09 09:34:53.400,5440.0000,12818,0,228734440.000,2,1,1,多换,S,5440.0000,5438.8000,5438.2000,5438.0000,5437.6000,5443.6000,5444.4000,5444.8000,5446.2000,5447.2000,8,1,1,1,2,4,1,1,5,1
SF,IC2007,2020-06-09 09:34:53.900,5440.0000,12815,-3,231998440.000,3,0,3,双平,S,5440.0000,5438.2000,5438.0000,5437.6000,5437.4000,5441.2000,5441.4000,5441.8000,5442.0000,5442.6000,5,1,1,2,1,1,1,3,1,1
SF,IC2007,2020-06-09 09:34:54.400,5440.0000,12813,-2,236350440.000,4,1,3,多平,S,5440.0000,5438.2000,5438.0000,5437.6000,5437.2000,5441.0000,5441.4000,5441.8000,5442.0000,5442.2000,1,1,1,1,1,1,1,2,1,2
SF,IC2007,2020-06-09 09:34:54.900,5440.0000,12813,0,236350440.000,0,-,-,-,-,5440.0000,5438.2000,5438.0000,5437.6000,5437.2000,5440.8000,5441.0000,5441.4000,5441.8000,5442.0000,1,1,1,1,1,1,2,1,2,1
SF,IC2007,2020-06-09 09:34:55.400,5440.0000,12812,-1,237438440.000,1,0,1,双平,S,5438.0000,5437.2000,5437.0000,5436.6000,5435.0000,5440.0000,5440.6000,5440.8000,5441.0000,5441.4000,1,1,3,2,1,4,1,1,1,1
SF,IC2007,2020-06-09 09:34:55.900,5440.0000,12812,0,237438440.000,0,-,-,-,-,5438.0000,5437.2000,5437.0000,5436.6000,5436.2000,5440.0000,5440.8000,5441.0000,5441.4000,5441.8000,1,1,3,2,1,4,1,1,1,4
SF,IC2007,2020-06-09 09:34:56.400,5440.0000,12812,0,237438440.000,0,-,-,-,-,5438.0000,5437.2000,5437.0000,5436.6000,5436.2000,5440.0000,5440.8000,5441.0000,5441.4000,5441.8000,1,1,3,2,1,3,1,1,1,4
SF,IC2007,2020-06-09 09:34:56.900,5440.0000,12812,0,237438440.000,0,-,-,-,-,5438.0000,5437.2000,5437.0000,5436.6000,5436.2000,5439.8000,5440.0000,5440.8000,5441.4000,5441.8000,1,1,3,2,1,1,3,1,1,4
SF,IC2007,2020-06-09 09:34:57.400,5440.0000,12812,0,237438440.000,0,-,-,-,-,5438.0000,5437.2000,5437.0000,5436.6000,5436.2000,5439.8000,5440.0000,5440.8000,5441.4000,5441.8000,1,1,3,2,1,1,3,1,1,4
SF,IC2007,2020-06-09 09:34:59.400,5440.0000,12812,0,237438440.000,0,-,-,-,-,5438.0000,5437.2000,5437.0000,5436.6000,5436.2000,5440.0000,5440.8000,5441.4000,5441.8000,5442.0000,1,1,3,2,1,2,1,1,4,1
SF,IC2007,2020-06-09 09:34:59.900,5440.0000,12812,0,237438440.000,0,-,-,-,-,5438.0000,5437.2000,5437.0000,5436.6000,5436.2000,5440.0000,5441.4000,5441.8000,5442.0000,5442.6000,1,1,3,2,1,2,1,4,1,1
SF,IC2007,2020-06-09 09:35:00.400,5440.0000,12812,0,237438440.000,0,-,-,-,-,5438.2000,5438.0000,5437.2000,5437.0000,5436.6000,5439.8000,5440.0000,5441.4000,5441.8000,5442.0000,1,1,1,3,2,1,2,1,4,1
SF,IC2007,2020-06-09 09:35:00.900,5438.2000,12813,1,238526080.000,1,1,0,双开,S,5438.0000,5437.2000,5437.0000,5436.6000,5436.2000,5439.6000,5439.8000,5440.0000,5441.4000,5441.8000,1,1,3,2,1,1,1,2,1,4
SF,IC2007,2020-06-09 09:35:01.400,5438.2000,12813,0,238526080.000,0,-,-,-,-,5438.0000,5437.2000,5437.0000,5436.6000,5436.2000,5439.8000,5440.0000,5441.4000,5441.8000,5442.0000,1,1,3,2,1,1,2,1,4,1
SF,IC2007,2020-06-09 09:35:01.900,5438.2000,12813,0,238526080.000,0,-,-,-,-,5438.0000,5437.2000,5437.0000,5436.6000,5436.2000,5440.0000,5441.4000,5441.8000,5442.0000,5442.6000,1,1,3,2,1,2,1,4,1,1
SF,IC2007,2020-06-09 09:35:02.400,5439.6000,12813,0,239614000.000,1,0,1,多换,S,5438.0000,5437.2000,5436.6000,5436.2000,5435.0000,5440.0000,5441.4000,5441.8000,5442.0000,5442.6000,1,1,2,1,2,2,1,4,1,1
SF,IC2007,2020-06-09 09:35:02.900,5439.6000,12813,0,239614000.000,0,-,-,-,-,5438.0000,5437.2000,5436.6000,5436.2000,5435.0000,5439.6000,5439.8000,5440.0000,5441.8000,5442.0000,1,1,2,1,2,4,1,2,4,1
SF,IC2007,2020-06-09 09:35:03.400,5439.6000,12813,0,239614000.000,0,-,-,-,-,5438.0000,5437.2000,5436.6000,5436.2000,5435.0000,5439.6000,5440.0000,5441.8000,5442.0000,5442.6000,1,1,2,1,2,1,2,4,1,1
SF,IC2007,2020-06-09 09:35:03.900,5439.6000,12813,0,239614000.000,0,-,-,-,-,5438.0000,5437.2000,5436.6000,5436.2000,5435.0000,5440.0000,5441.8000,5442.0000,5442.6000,5443.2000,1,1,2,1,2,2,4,1,1,2
SF,IC2007,2020-06-09 09:35:04.900,5439.6000,12813,0,239614000.000,0,-,-,-,-,5438.0000,5437.2000,5436.6000,5436.2000,5435.0000,5439.6000,5439.8000,5440.0000,5441.8000,5442.0000,1,1,2,1,4,5,1,1,4,1
SF,IC2007,2020-06-09 09:35:05.400,5439.6000,12813,0,239614000.000,0,-,-,-,-,5438.0000,5437.2000,5436.6000,5436.2000,5435.0000,5439.6000,5440.0000,5441.8000,5442.0000,5443.2000,1,1,2,1,4,5,1,4,1,2
SF,IC2007,2020-06-09 09:35:06.400,5439.6000,12813,0,239614000.000,0,-,-,-,-,5438.0000,5437.2000,5436.6000,5436.2000,5435.0000,5439.6000,5440.0000,5441.8000,5442.0000,5443.2000,1,1,2,1,4,3,1,4,1,2
SF,IC2007,2020-06-09 09:35:06.900,5439.0000,12813,0,242877520.000,3,1,2,多换,S,5438.4000,5438.0000,5437.2000,5436.6000,5436.2000,5441.8000,5442.0000,5443.2000,5443.4000,5443.6000,1,1,1,2,1,4,1,2,6,5
SF,IC2007,2020-06-09 09:35:07.400,5439.0000,12813,0,242877520.000,0,-,-,-,-,5438.6000,5438.4000,5438.0000,5437.2000,5436.6000,5441.0000,5441.6000,5441.8000,5442.0000,5443.2000,1,1,1,1,2,1,2,5,2,2
