市场代码,合约代码,时间,最新,持仓,增仓,成交额,成交量,开仓,平仓,成交类型,方向,买一价,买二价,买三价,买四价,买五价,卖一价,卖二价,卖三价,卖四价,卖五价,买一量,买二量,买三量,买四量,买五量,卖一量,卖二量,卖三量,卖四量,卖五量
SF,IC2009,2020-02-04 09:29:00.100,4653.0000,5636,0,12097800.000,13.000,-,-,-,-,4652.8000,4611.0000,4602.6000,4602.0000,4600.0000,4663.0000,4678.0000,4692.8000,4695.0000,4700.0000,1,1,7,1,1,1,1,1,1,1
SF,IC2009,2020-02-04 09:30:00.100,4692.8000,5634,-2,14904560.000,3,0,3,多平,S,4653.6000,4652.8000,4611.0000,4602.6000,4602.0000,4695.0000,4700.0000,4708.0000,4715.0000,4726.8000,2,1,1,7,1,1,1,3,1,1
SF,IC2009,2020-02-04 09:30:00.600,4692.8000,5632,-2,18660120.000,4,1,3,多平,S,4666.2000,4664.8000,4664.4000,4663.0000,4655.8000,4684.0000,4700.0000,4708.0000,4715.0000,4726.8000,1,1,1,6,2,1,1,3,1,1
SF,IC2009,2020-02-04 09:30:01.100,4692.8000,5633,1,21475800.000,3,2,1,空开,S,4669.2000,4666.4000,4666.2000,4664.8000,4664.4000,4700.0000,4708.0000,4715.0000,4726.8000,4730.0000,2,1,1,1,1,1,3,1,1,8
SF,IC2009,2020-02-04 09:30:01.600,4692.8000,5633,0,21475800.000,0,-,-,-,-,4669.4000,4669.2000,4666.2000,4664.8000,4664.4000,4695.6000,4700.0000,4708.0000,4715.0000,4726.8000,1,2,1,1,1,1,1,3,1,1
SF,IC2009,2020-02-04 09:30:02.100,4692.8000,5633,0,22414360.000,1,0,1,多换,S,4674.6000,4673.6000,4669.4000,4666.4000,4664.8000,4692.2000,4695.6000,4700.0000,4708.0000,4715.0000,1,1,1,1,1,6,1,1,3,1
SF,IC2009,2020-02-04 09:30:02.600,4674.8000,5633,0,24284320.000,2,1,1,多换,S,4674.6000,4673.6000,4666.4000,4664.8000,4663.4000,4691.8000,4692.0000,4692.2000,4695.6000,4700.0000,1,1,1,1,1,1,2,6,1,1
SF,IC2009,2020-02-04 09:30:03.100,4674.8000,5632,-1,26154240.000,2,0,2,多平,S,4664.8000,4663.4000,4663.0000,4660.0000,4655.8000,4674.8000,4687.2000,4688.0000,4688.4000,4691.6000,1,1,6,1,2,1,1,1,2,6
SF,IC2009,2020-02-04 09:30:03.600,4674.8000,5631,-1,29894080.000,4,1,3,多平,S,4664.8000,4663.4000,4663.0000,4660.0000,4655.8000,4669.0000,4674.6000,4674.8000,4687.2000,4688.0000,1,1,6,2,2,1,4,1,1,1
SF,IC2009,2020-02-04 09:30:04.100,4674.8000,5631,0,30829040.000,1,0,1,多换,S,4664.8000,4663.4000,4663.0000,4660.0000,4655.8000,4668.8000,4669.0000,4674.6000,4674.8000,4687.2000,1,1,6,2,2,3,5,1,1,1
SF,IC2009,2020-02-04 09:30:04.600,4692.2000,5629,-2,38313520.000,8,3,5,多平,S,4668.8000,4664.8000,4663.4000,4663.0000,4660.0000,4692.2000,4700.0000,4708.0000,4715.0000,4730.0000,1,1,1,6,2,4,1,3,1,8
SF,IC2009,2020-02-04 09:30:05.100,4684.0000,5629,0,39250320.000,1,0,1,多换,S,4674.8000,4674.6000,4669.0000,4668.8000,4664.8000,4689.0000,4689.6000,4691.2000,4691.8000,4692.0000,4,1,3,1,1,2,1,1,1,2
SF,IC2009,2020-02-04 09:30:05.600,4675.0000,5628,-1,42061040.000,3,1,2,多平,S,4675.2000,4675.0000,4674.8000,4674.6000,4668.8000,4688.8000,4692.0000,4692.2000,4700.0000,4708.0000,1,2,4,1,1,1,1,6,1,3
SF,IC2009,2020-02-04 09:30:06.100,4688.6000,5631,3,46747600.000,5,4,1,空开,S,4691.8000,4689.0000,4675.4000,4675.2000,4674.8000,4692.2000,4700.0000,4708.0000,4715.0000,4730.0000,1,2,2,1,4,6,1,3,1,8
SF,IC2009,2020-02-04 09:30:06.600,4692.0000,5634,3,52376760.000,6,4,2,空开,S,4675.2000,4674.8000,4669.0000,4668.8000,4664.8000,4692.2000,4700.0000,4708.0000,4715.0000,4730.0000,1,4,5,1,2,6,1,3,1,8
SF,IC2009,2020-02-04 09:30:07.100,4692.0000,5635,1,53315160.000,1,1,0,双开,S,4675.4000,4675.2000,4674.8000,4668.8000,4664.8000,4692.0000,4692.2000,4700.0000,4708.0000,4715.0000,1,1,4,1,2,1,6,1,3,1
SF,IC2009,2020-02-04 09:30:07.600,4692.2000,5637,2,58945680.000,6,4,2,空开,S,4675.4000,4675.2000,4674.8000,4668.8000,4664.8000,4692.2000,4700.0000,4708.0000,4715.0000,4730.0000,1,1,4,1,2,3,1,3,1,8
SF,IC2009,2020-02-04 09:30:08.100,4683.0000,5637,0,61757080.000,3,1,2,多换,S,4688.8000,4675.4000,4675.2000,4674.8000,4668.8000,4692.2000,4700.0000,4708.0000,4715.0000,4730.0000,1,1,1,4,1,3,1,3,1,8
SF,IC2009,2020-02-04 09:30:08.600,4688.8000,5637,0,62694840.000,1,0,1,多换,S,4689.2000,4678.8000,4676.0000,4675.4000,4674.8000,4692.0000,4692.2000,4700.0000,4708.0000,4715.0000,1,1,1,1,4,2,3,1,3,1
SF,IC2009,2020-02-04 09:30:09.100,4679.6000,5636,-1,64568600.000,2,0,2,多平,S,4678.8000,4676.0000,4675.4000,4674.8000,4664.8000,4689.2000,4692.0000,4692.2000,4700.0000,4708.0000,1,1,1,4,2,1,2,3,1,3
SF,IC2009,2020-02-04 09:30:09.600,4689.0000,5635,-1,66444200.000,2,0,2,多平,S,4688.8000,4679.0000,4676.0000,4674.8000,4664.8000,4689.2000,4692.2000,4700.0000,4708.0000,4715.0000,1,1,1,4,2,1,3,1,3,1
SF,IC2009,2020-02-04 09:30:10.100,4681.0000,5630,-5,71129560.000,5,0,5,双平,S,4676.0000,4674.8000,4664.8000,4663.4000,4663.0000,4688.8000,4689.2000,4692.2000,4700.0000,4708.0000,1,4,2,1,6,1,1,3,1,3
SF,IC2009,2020-02-04 09:30:10.600,4689.2000,5632,2,73942880.000,3,2,1,空开,S,4676.6000,4676.2000,4676.0000,4674.8000,4664.8000,4692.2000,4700.0000,4708.0000,4715.0000,4730.0000,1,1,1,4,2,3,1,3,1,8
SF,IC2009,2020-02-04 09:30:11.100,4680.6000,5633,1,77685000.000,4,2,2,空开,S,4676.2000,4676.0000,4674.8000,4664.8000,4663.4000,4680.6000,4691.8000,4692.0000,4692.2000,4700.0000,1,1,4,2,1,4,1,2,2,1
SF,IC2009,2020-02-04 09:30:11.600,4680.6000,5629,-4,81429480.000,4,0,4,双平,S,4677.6000,4676.4000,4676.0000,4674.8000,4664.8000,4680.4000,4684.6000,4692.2000,4700.0000,4708.0000,1,1,1,4,2,3,1,2,1,3
SF,IC2009,2020-02-04 09:30:12.100,4680.4000,5627,-2,84237240.000,3,0,3,多平,S,4677.8000,4677.6000,4676.0000,4674.8000,4664.8000,4680.4000,4684.6000,4689.8000,4692.2000,4700.0000,1,1,1,4,2,1,1,1,2,1
SF,IC2009,2020-02-04 09:30:12.600,4678.0000,5626,-1,87045840.000,3,1,2,多平,S,4678.0000,4677.8000,4674.8000,4664.8000,4663.4000,4689.8000,4692.2000,4700.0000,4708.0000,4715.0000,1,1,4,2,1,1,2,1,3,1
SF,IC2009,2020-02-04 09:30:13.100,4678.0000,5626,0,87045840.000,0,-,-,-,-,4678.8000,4678.2000,4678.0000,4674.8000,4664.8000,4689.6000,4689.8000,4692.2000,4700.0000,4708.0000,1,1,1,4,2,1,1,2,2,3
SF,IC2009,2020-02-04 09:30:13.600,4689.4000,5626,0,87983720.000,1,0,1,多换,S,4679.0000,4678.8000,4674.8000,4664.8000,4663.4000,4689.6000,4689.8000,4692.2000,4700.0000,4708.0000,2,1,4,2,1,1,1,2,2,3
SF,IC2009,2020-02-04 09:30:14.100,4689.4000,5625,-1,88921600.000,1,0,1,双平,S,4679.0000,4678.8000,4674.8000,4671.8000,4664.8000,4689.6000,4689.8000,4690.0000,4692.2000,4700.0000,2,1,4,2,2,1,1,1,2,2
SF,IC2009,2020-02-04 09:30:14.600,4689.6000,5624,-1,96422640.000,8,3,5,多平,S,4689.6000,4689.2000,4680.4000,4680.0000,4679.0000,4690.0000,4692.0000,4692.2000,4700.0000,4708.0000,11,1,1,1,1,1,1,2,2,3
SF,IC2009,2020-02-04 09:30:15.100,4689.6000,5623,-1,102050240.000,6,2,4,多平,S,4689.8000,4689.6000,4689.2000,4680.4000,4680.0000,4692.0000,4692.2000,4700.0000,4708.0000,4715.0000,1,7,1,1,1,1,2,2,3,1
SF,IC2009,2020-02-04 09:30:15.600,4692.0000,5622,-1,103926560.000,2,0,2,多平,S,4689.6000,4689.2000,4680.4000,4680.0000,4678.8000,4692.2000,4700.0000,4708.0000,4715.0000,4730.0000,7,1,1,1,1,2,2,3,1,8
SF,IC2009,2020-02-04 09:30:16.100,4689.6000,5622,0,104864480.000,1,0,1,多换,S,4692.0000,4689.6000,4689.2000,4680.4000,4680.0000,4692.2000,4700.0000,4708.0000,4715.0000,4730.0000,2,6,1,1,1,2,2,3,1,8
SF,IC2009,2020-02-04 09:30:16.600,4692.0000,5622,0,106740800.000,2,1,1,多换,S,4689.6000,4689.2000,4681.0000,4680.4000,4680.0000,4689.8000,4692.0000,4692.2000,4700.0000,4708.0000,6,1,1,1,1,1,1,2,2,3
SF,IC2009,2020-02-04 09:30:17.100,4692.2000,5620,-2,110493600.000,4,1,3,多平,S,4692.2000,4689.6000,4689.2000,4681.0000,4680.4000,4700.0000,4708.0000,4715.0000,4730.0000,4751.0000,2,6,1,1,2,2,3,1,8,1
SF,IC2009,2020-02-04 09:30:17.600,4692.4000,5620,0,113310480.000,3,1,2,多换,S,4692.2000,4689.6000,4689.2000,4681.0000,4680.4000,4699.8000,4700.0000,4708.0000,4715.0000,4730.0000,2,6,1,1,2,1,2,3,1,8
SF,IC2009,2020-02-04 09:30:18.100,4692.4000,5619,-1,114248960.000,1,0,1,双平,S,4692.2000,4689.6000,4689.2000,4681.0000,4680.4000,4699.8000,4700.0000,4708.0000,4715.0000,4730.0000,3,6,1,1,2,1,2,3,1,8
SF,IC2009,2020-02-04 09:30:18.600,4699.6000,5619,0,115188880.000,1,0,1,多换,S,4692.2000,4689.6000,4689.2000,4681.0000,4680.4000,4699.6000,4699.8000,4700.0000,4708.0000,4715.0000,3,6,1,1,2,1,1,2,3,1
SF,IC2009,2020-02-04 09:30:19.100,4699.6000,5619,0,115188880.000,0,-,-,-,-,4692.4000,4692.2000,4689.6000,4689.2000,4681.0000,4699.6000,4699.8000,4700.0000,4708.0000,4715.0000,1,3,6,1,1,1,1,2,3,1
SF,IC2009,2020-02-04 09:30:19.600,4692.4000,5618,-1,116127360.000,1,0,1,双平,S,4692.2000,4689.6000,4689.2000,4681.0000,4680.4000,4699.6000,4699.8000,4700.0000,4708.0000,4715.0000,3,6,1,1,2,1,1,2,3,1
SF,IC2009,2020-02-04 09:30:20.100,4692.4000,5617,-1,117065840.000,1,0,1,双平,S,4692.4000,4692.2000,4689.6000,4689.2000,4681.0000,4699.4000,4699.6000,4699.8000,4700.0000,4708.0000,1,3,6,1,1,2,1,1,2,3
SF,IC2009,2020-02-04 09:30:20.600,4699.4000,5617,0,118945560.000,2,1,1,多换,S,4692.6000,4692.4000,4692.2000,4689.6000,4689.2000,4699.4000,4699.8000,4700.0000,4708.0000,4715.0000,1,1,3,6,1,1,1,2,3,1
SF,IC2009,2020-02-04 09:30:21.100,4699.4000,5617,0,118945560.000,0,-,-,-,-,4692.8000,4692.2000,4689.6000,4689.2000,4681.0000,4699.4000,4699.8000,4700.0000,4708.0000,4715.0000,3,3,6,1,1,1,1,2,3,1
SF,IC2009,2020-02-04 09:30:21.600,4699.4000,5617,0,119885440.000,1,0,1,多换,S,4692.8000,4692.2000,4689.6000,4689.2000,4681.0000,4700.0000,4708.0000,4715.0000,4730.0000,4751.0000,3,3,6,1,1,3,3,1,8,1
SF,IC2009,2020-02-04 09:30:22.100,4693.0000,5616,-1,121762640.000,2,0,2,多平,S,4693.2000,4693.0000,4692.8000,4692.2000,4689.6000,4700.0000,4708.0000,4715.0000,4730.0000,4751.0000,1,1,3,3,6,3,3,1,8,1
SF,IC2009,2020-02-04 09:30:22.600,4693.0000,5614,-2,123639840.000,2,0,2,双平,S,4693.4000,4693.2000,4692.2000,4689.6000,4689.2000,4700.0000,4708.0000,4715.0000,4730.0000,4751.0000,4,1,3,6,1,3,3,1,8,1
SF,IC2009,2020-02-04 09:30:23.100,4693.0000,5614,0,123639840.000,0,-,-,-,-,4693.8000,4693.4000,4692.2000,4689.6000,4689.2000,4700.0000,4708.0000,4715.0000,4730.0000,4751.0000,1,4,3,6,1,3,3,1,8,1
SF,IC2009,2020-02-04 09:30:23.600,4693.0000,5614,0,123639840.000,0,-,-,-,-,4694.0000,4693.8000,4692.8000,4692.2000,4689.6000,4700.0000,4708.0000,4715.0000,4730.0000,4751.0000,4,1,1,3,6,3,3,1,8,1
SF,IC2009,2020-02-04 09:30:24.100,4693.0000,5614,0,123639840.000,0,-,-,-,-,4694.0000,4693.8000,4692.8000,4692.2000,4689.6000,4700.0000,4708.0000,4715.0000,4730.0000,4751.0000,4,1,1,3,6,3,3,1,8,1
SF,IC2009,2020-02-04 09:30:24.600,4693.0000,5614,0,123639840.000,0,-,-,-,-,4694.2000,4694.0000,4693.8000,4692.8000,4692.4000,4700.0000,4708.0000,4715.0000,4730.0000,4751.0000,1,4,1,1,1,3,3,1,8,1
SF,IC2009,2020-02-04 09:30:25.100,4693.0000,5614,0,123639840.000,0,-,-,-,-,4694.6000,4694.4000,4694.2000,4692.8000,4692.4000,4700.0000,4708.0000,4715.0000,4720.0000,4730.0000,1,4,1,1,1,3,3,1,1,8
SF,IC2009,2020-02-04 09:30:25.600,4694.0000,5613,-1,124578640.000,1,0,1,双平,S,4694.8000,4694.6000,4694.2000,4692.8000,4692.4000,4700.0000,4708.0000,4715.0000,4720.0000,4730.0000,2,1,1,1,1,3,3,1,1,8
SF,IC2009,2020-02-04 09:30:26.100,4694.0000,5613,0,124578640.000,0,-,-,-,-,4699.0000,4694.8000,4694.6000,4694.2000,4692.8000,4699.8000,4700.0000,4708.0000,4715.0000,4720.0000,4,2,1,1,1,1,3,3,1,1
SF,IC2009,2020-02-04 09:30:26.600,4699.2000,5612,-1,126458400.000,2,0,2,多平,S,4699.2000,4699.0000,4692.8000,4692.4000,4692.2000,4699.8000,4700.0000,4708.0000,4715.0000,4720.0000,1,4,1,1,3,1,3,3,1,1
SF,IC2009,2020-02-04 09:30:27.100,4699.6000,5612,0,128338240.000,2,1,1,多换,S,4699.2000,4699.0000,4692.8000,4692.4000,4692.2000,4699.8000,4700.0000,4708.0000,4715.0000,4720.0000,1,4,1,1,3,1,3,3,1,1
SF,IC2009,2020-02-04 09:30:27.600,4699.2000,5611,-1,129278080.000,1,0,1,双平,S,4699.0000,4692.8000,4692.4000,4692.2000,4689.6000,4699.6000,4699.8000,4700.0000,4708.0000,4715.0000,4,1,1,2,6,1,1,3,3,1
SF,IC2009,2020-02-04 09:30:28.100,4699.2000,5610,-1,133977120.000,5,2,3,多平,S,4692.8000,4692.4000,4692.2000,4689.6000,4689.2000,4699.2000,4699.4000,4699.6000,4700.0000,4708.0000,1,1,2,6,1,2,1,1,3,5
SF,IC2009,2020-02-04 09:30:28.600,4699.2000,5610,0,135856800.000,2,1,1,多换,S,4693.0000,4692.8000,4692.4000,4692.2000,4689.6000,4699.0000,4699.2000,4700.0000,4708.0000,4715.0000,1,1,1,2,6,1,2,3,5,1
SF,IC2009,2020-02-04 09:30:29.100,4699.2000,5610,0,136796640.000,1,0,1,多换,S,4693.4000,4693.2000,4693.0000,4692.8000,4692.4000,4699.2000,4699.8000,4700.0000,4708.0000,4715.0000,1,2,1,1,1,2,1,3,5,1
SF,IC2009,2020-02-04 09:30:29.600,4699.2000,5610,0,136796640.000,0,-,-,-,-,4693.6000,4693.4000,4692.8000,4692.2000,4689.6000,4699.2000,4699.8000,4700.0000,4708.0000,4715.0000,2,1,1,2,6,2,1,3,5,1
SF,IC2009,2020-02-04 09:30:30.100,4699.2000,5610,0,136796640.000,0,-,-,-,-,4693.8000,4693.6000,4693.4000,4692.8000,4692.2000,4699.2000,4699.8000,4700.0000,4701.6000,4708.0000,1,2,1,1,2,2,1,3,1,5
SF,IC2009,2020-02-04 09:30:30.600,4699.2000,5609,-1,138676320.000,2,0,2,多平,S,4694.0000,4693.8000,4693.4000,4692.8000,4692.2000,4699.8000,4700.0000,4701.6000,4708.0000,4715.0000,2,1,1,1,2,1,3,1,5,1
SF,IC2009,2020-02-04 09:30:31.100,4699.2000,5609,0,138676320.000,0,-,-,-,-,4694.4000,4694.2000,4694.0000,4693.4000,4692.8000,4699.8000,4700.0000,4701.6000,4708.0000,4715.0000,1,1,2,1,1,1,3,1,5,1
SF,IC2009,2020-02-04 09:30:31.600,4699.2000,5609,0,138676320.000,0,-,-,-,-,4696.0000,4694.6000,4694.4000,4693.4000,4692.8000,4699.8000,4700.0000,4701.6000,4708.0000,4715.0000,1,3,1,1,1,1,3,1,5,1
SF,IC2009,2020-02-04 09:30:32.100,4699.2000,5609,0,138676320.000,0,-,-,-,-,4696.4000,4696.2000,4696.0000,4694.4000,4692.8000,4699.8000,4700.0000,4701.6000,4708.0000,4715.0000,1,3,1,1,1,1,3,1,5,1
SF,IC2009,2020-02-04 09:30:32.600,4696.6000,5608,-1,140555600.000,2,0,2,多平,S,4696.6000,4696.4000,4696.2000,4696.0000,4694.4000,4700.0000,4701.6000,4708.0000,4715.0000,4720.0000,2,1,1,1,1,3,1,5,1,1
SF,IC2009,2020-02-04 09:30:33.100,4696.6000,5608,0,140555600.000,0,-,-,-,-,4697.0000,4696.6000,4696.4000,4696.2000,4696.0000,4700.0000,4701.6000,4708.0000,4715.0000,4720.0000,2,2,1,1,1,3,1,5,1,1
SF,IC2009,2020-02-04 09:30:33.600,4697.0000,5608,0,141495000.000,1,0,1,多换,S,4697.2000,4697.0000,4696.8000,4696.4000,4696.2000,4700.0000,4701.6000,4708.0000,4715.0000,4720.0000,2,3,1,1,1,3,1,5,1,1
SF,IC2009,2020-02-04 09:30:34.100,4700.0000,5607,-1,142435000.000,1,0,1,双平,S,4697.6000,4697.2000,4697.0000,4696.8000,4696.4000,4700.0000,4701.6000,4708.0000,4715.0000,4720.0000,1,2,2,1,1,2,1,5,1,1
SF,IC2009,2020-02-04 09:30:34.600,4697.8000,5605,-2,145254560.000,3,0,3,多平,S,4697.8000,4697.6000,4697.0000,4696.8000,4696.4000,4701.6000,4708.0000,4715.0000,4720.0000,4730.0000,3,1,2,1,1,1,5,1,1,8
SF,IC2009,2020-02-04 09:30:35.100,4697.8000,5605,0,147133680.000,2,1,1,多换,S,4700.0000,4697.8000,4697.6000,4697.0000,4696.8000,4701.6000,4708.0000,4715.0000,4720.0000,4730.0000,1,3,1,2,1,1,5,1,1,8
SF,IC2009,2020-02-04 09:30:35.600,4701.6000,5604,-1,148074000.000,1,0,1,双平,S,4701.6000,4700.4000,4700.2000,4700.0000,4697.8000,4708.0000,4715.0000,4720.0000,4730.0000,4751.0000,6,1,2,1,1,5,1,1,8,1
SF,IC2009,2020-02-04 09:30:36.100,4701.6000,5604,0,149014320.000,1,0,1,多换,S,4702.0000,4701.8000,4701.6000,4700.4000,4700.0000,4708.0000,4715.0000,4720.0000,4730.0000,4751.0000,1,2,6,1,1,5,1,1,8,1
SF,IC2009,2020-02-04 09:30:36.600,4708.0000,5603,-1,149955920.000,1,0,1,双平,S,4702.2000,4702.0000,4701.8000,4701.6000,4700.4000,4708.0000,4715.0000,4720.0000,4730.0000,4751.0000,1,1,1,6,1,4,1,1,8,1
SF,IC2009,2020-02-04 09:30:37.100,4708.0000,5603,0,149955920.000,0,-,-,-,-,4702.6000,4702.2000,4702.0000,4701.8000,4701.6000,4708.0000,4715.0000,4720.0000,4730.0000,4751.0000,1,2,1,1,6,4,1,1,8,1
SF,IC2009,2020-02-04 09:30:37.600,4708.0000,5603,0,149955920.000,0,-,-,-,-,4702.8000,4702.6000,4702.2000,4702.0000,4701.8000,4708.0000,4708.2000,4715.0000,4720.0000,4730.0000,1,1,1,1,1,4,1,1,1,8
SF,IC2009,2020-02-04 09:30:38.100,4708.0000,5603,0,149955920.000,0,-,-,-,-,4703.2000,4702.8000,4702.6000,4702.0000,4701.8000,4708.0000,4715.0000,4720.0000,4730.0000,4751.0000,1,2,1,1,1,4,1,1,8,1
SF,IC2009,2020-02-04 09:30:38.600,4708.0000,5603,0,151839120.000,2,1,1,多换,S,4703.4000,4703.2000,4702.8000,4702.6000,4702.0000,4708.0000,4715.0000,4720.0000,4730.0000,4751.0000,1,1,1,1,1,2,1,1,14,1
SF,IC2009,2020-02-04 09:30:39.100,4708.0000,5603,0,152780720.000,1,0,1,多换,S,4703.8000,4703.4000,4703.2000,4702.8000,4702.6000,4708.0000,4715.0000,4715.4000,4720.0000,4730.0000,1,1,1,1,1,1,1,5,1,14
SF,IC2009,2020-02-04 09:30:39.600,4708.0000,5603,0,152780720.000,0,-,-,-,-,4704.0000,4703.8000,4703.6000,4703.2000,4702.8000,4708.0000,4708.2000,4715.0000,4715.4000,4720.0000,1,1,1,1,1,1,1,1,5,1
SF,IC2009,2020-02-04 09:30:40.100,4708.0000,5603,0,152780720.000,0,-,-,-,-,4704.0000,4703.8000,4703.6000,4703.2000,4702.8000,4708.0000,4708.2000,4715.0000,4715.4000,4720.0000,1,1,1,1,1,1,1,1,5,1
SF,IC2009,2020-02-04 09:30:40.600,4708.0000,5603,0,152780720.000,0,-,-,-,-,4704.2000,4704.0000,4703.8000,4703.6000,4703.2000,4708.0000,4708.2000,4715.0000,4715.4000,4720.0000,1,1,1,1,1,1,1,1,5,1
SF,IC2009,2020-02-04 09:30:41.100,4703.8000,5600,-3,155603160.000,3,0,3,双平,S,4703.2000,4702.8000,4702.6000,4702.0000,4701.8000,4703.4000,4708.0000,4708.2000,4715.0000,4715.4000,1,1,1,1,1,2,1,1,1,5
SF,IC2009,2020-02-04 09:30:41.600,4708.0000,5598,-2,159367680.000,4,1,3,多平,S,4708.0000,4703.2000,4702.6000,4702.0000,4701.8000,4708.2000,4715.0000,4715.4000,4720.0000,4730.0000,6,1,1,1,1,1,1,5,1,14
SF,IC2009,2020-02-04 09:30:42.100,4708.0000,5595,-3,165017280.000,6,1,5,多平,S,4703.2000,4702.6000,4702.0000,4701.8000,4701.6000,4708.2000,4715.0000,4715.4000,4730.0000,4751.0000,1,1,1,1,6,1,1,5,6,1
SF,IC2009,2020-02-04 09:30:42.600,4703.4000,5594,-1,167842600.000,3,1,2,多平,S,4703.4000,4703.2000,4702.6000,4702.0000,4701.8000,4708.2000,4715.4000,4730.0000,4750.0000,4751.0000,4,1,1,1,1,4,5,6,1,1
SF,IC2009,2020-02-04 09:30:43.100,4715.4000,5594,0,173495320.000,6,3,3,多换,S,4703.8000,4703.4000,4703.2000,4702.6000,4702.0000,4715.4000,4730.0000,4750.0000,4751.0000,4770.0000,1,4,1,1,1,3,6,1,1,1
SF,IC2009,2020-02-04 09:30:43.600,4704.0000,5593,-1,174436120.000,1,0,1,双平,S,4704.4000,4703.8000,4703.6000,4703.4000,4703.2000,4715.4000,4730.0000,4750.0000,4751.0000,4770.0000,1,1,1,3,1,3,6,1,1,1
SF,IC2009,2020-02-04 09:30:44.100,4704.0000,5593,0,174436120.000,0,-,-,-,-,4704.8000,4704.6000,4704.4000,4703.8000,4703.6000,4712.4000,4715.0000,4715.2000,4715.4000,4730.0000,1,1,1,1,1,1,2,1,3,6
SF,IC2009,2020-02-04 09:30:44.600,4704.0000,5592,-1,175376920.000,1,0,1,双平,S,4708.2000,4705.4000,4705.2000,4705.0000,4704.8000,4712.0000,4712.2000,4712.4000,4715.0000,4715.4000,1,1,1,1,1,1,1,1,2,3
SF,IC2009,2020-02-04 09:30:45.100,4708.2000,5593,1,176318560.000,1,1,0,双开,S,4705.4000,4705.2000,4705.0000,4704.6000,4703.8000,4711.8000,4712.0000,4712.4000,4715.0000,4715.4000,1,1,1,1,1,1,1,1,2,3
SF,IC2009,2020-02-04 09:30:45.600,4708.2000,5593,0,176318560.000,0,-,-,-,-,4708.2000,4705.6000,4705.4000,4705.2000,4704.6000,4711.8000,4712.4000,4715.0000,4715.4000,4730.0000,1,1,1,1,1,2,1,2,3,6
SF,IC2009,2020-02-04 09:30:46.100,4708.2000,5593,0,177260200.000,1,0,1,多换,S,4708.6000,4705.4000,4705.2000,4703.8000,4703.4000,4711.8000,4715.0000,4715.4000,4730.0000,4750.0000,1,1,1,1,3,2,1,3,6,1
SF,IC2009,2020-02-04 09:30:46.600,4708.2000,5593,0,177260200.000,0,-,-,-,-,4708.6000,4705.2000,4703.8000,4703.4000,4703.2000,4711.8000,4715.0000,4715.4000,4730.0000,4750.0000,1,1,1,3,1,1,1,3,6,1
SF,IC2009,2020-02-04 09:30:47.100,4711.8000,5593,0,178202560.000,1,0,1,多换,S,4708.8000,4708.6000,4705.2000,4703.8000,4703.4000,4711.8000,4715.0000,4715.4000,4730.0000,4750.0000,1,1,1,1,3,1,1,3,6,1
SF,IC2009,2020-02-04 09:30:47.600,4711.8000,5593,0,178202560.000,0,-,-,-,-,4709.2000,4709.0000,4708.8000,4708.6000,4705.2000,4711.8000,4715.0000,4715.4000,4730.0000,4750.0000,1,1,1,1,1,1,1,3,6,1
SF,IC2009,2020-02-04 09:30:48.100,4709.4000,5592,-1,179144440.000,1,0,1,双平,S,4709.4000,4708.8000,4705.2000,4703.8000,4703.4000,4711.8000,4715.0000,4715.4000,4730.0000,4750.0000,2,1,1,1,3,1,1,3,6,1
SF,IC2009,2020-02-04 09:30:48.600,4711.8000,5592,0,180086800.000,1,0,1,多换,S,4709.4000,4708.8000,4705.2000,4703.8000,4703.4000,4715.0000,4715.4000,4730.0000,4750.0000,4751.0000,2,1,1,1,3,1,3,6,1,1
SF,IC2009,2020-02-04 09:30:49.100,4709.6000,5588,-4,184796520.000,5,0,5,多平,S,4709.4000,4705.2000,4703.8000,4703.4000,4701.8000,4714.8000,4715.4000,4730.0000,4750.0000,4751.0000,2,1,1,3,1,1,3,6,1,1
SF,IC2009,2020-02-04 09:30:49.600,4709.6000,5588,0,184796520.000,0,-,-,-,-,4712.0000,4709.8000,4709.4000,4705.2000,4703.8000,4714.8000,4715.4000,4730.0000,4749.8000,4750.0000,1,1,1,1,1,1,3,6,1,1
SF,IC2009,2020-02-04 09:30:50.100,4712.0000,5585,-3,188566800.000,4,0,4,多平,S,4709.8000,4705.2000,4703.4000,4701.8000,4700.0000,4712.0000,4715.4000,4728.0000,4730.0000,4749.8000,1,1,3,1,7,2,3,1,6,1
SF,IC2009,2020-02-04 09:30:50.600,4712.0000,5583,-2,190451600.000,2,0,2,双平,S,4710.0000,4709.8000,4705.2000,4703.4000,4701.8000,4721.2000,4728.0000,4730.0000,4749.8000,4750.0000,1,1,1,3,1,5,1,6,1,1
SF,IC2009,2020-02-04 09:30:51.100,4712.0000,5583,0,190451600.000,0,-,-,-,-,4711.8000,4710.4000,4710.0000,4709.8000,4705.2000,4720.8000,4721.0000,4721.2000,4728.0000,4730.0000,1,1,1,1,1,1,1,5,1,6
SF,IC2009,2020-02-04 09:30:51.600,4712.0000,5583,0,190451600.000,0,-,-,-,-,4712.2000,4711.8000,4710.4000,4709.8000,4705.2000,4720.6000,4720.8000,4727.0000,4728.0000,4730.0000,1,1,1,1,1,1,1,5,1,6
SF,IC2009,2020-02-04 09:30:52.100,4712.0000,5582,-1,193278800.000,3,1,2,多平,S,4714.8000,4711.8000,4710.4000,4709.8000,4705.2000,4720.6000,4720.8000,4727.0000,4728.0000,4730.0000,1,1,1,1,1,1,1,5,1,6
SF,IC2009,2020-02-04 09:30:52.600,4712.0000,5582,0,193278800.000,0,-,-,-,-,4715.2000,4714.8000,4712.4000,4711.8000,4710.4000,4720.6000,4720.8000,4727.0000,4728.0000,4730.0000,1,2,1,1,1,1,1,5,1,6
SF,IC2009,2020-02-04 09:30:53.100,4714.8000,5581,-1,194221760.000,1,0,1,双平,S,4714.8000,4712.4000,4711.8000,4710.4000,4709.8000,4720.0000,4720.6000,4720.8000,4727.0000,4728.0000,2,1,1,1,1,1,1,1,5,1
SF,IC2009,2020-02-04 09:30:53.600,4714.8000,5581,0,196107760.000,2,1,1,多换,S,4714.8000,4712.4000,4711.8000,4710.4000,4709.8000,4719.8000,4720.0000,4727.0000,4728.0000,4730.0000,1,1,1,1,1,1,1,5,1,7
SF,IC2009,2020-02-04 09:30:54.100,4714.8000,5581,0,196107760.000,0,-,-,-,-,4715.0000,4714.8000,4711.8000,4710.4000,4709.8000,4719.8000,4720.0000,4727.0000,4728.0000,4730.0000,1,1,1,1,1,1,1,5,1,7
SF,IC2009,2020-02-04 09:30:54.600,4719.4000,5582,1,197051640.000,1,1,0,双开,S,4720.0000,4715.4000,4715.0000,4714.8000,4711.8000,4727.0000,4728.0000,4730.0000,4749.8000,4750.0000,3,1,1,1,1,5,1,7,1,1
SF,IC2009,2020-02-04 09:30:55.100,4720.0000,5582,0,198939640.000,2,1,1,多换,S,4720.0000,4715.4000,4715.2000,4715.0000,4714.8000,4724.2000,4725.0000,4726.8000,4727.0000,4728.0000,2,1,1,1,1,1,1,1,5,1
SF,IC2009,2020-02-04 09:30:55.600,4720.0000,5582,0,198939640.000,0,-,-,-,-,4720.4000,4720.0000,4716.2000,4715.4000,4715.2000,4724.0000,4727.0000,4728.0000,4730.0000,4749.8000,1,2,1,1,1,1,5,1,7,1
SF,IC2009,2020-02-04 09:30:56.100,4720.0000,5582,0,198939640.000,0,-,-,-,-,4720.4000,4720.0000,4716.2000,4715.6000,4715.4000,4721.2000,4724.0000,4727.0000,4728.0000,4730.0000,1,2,1,1,1,1,1,5,1,7
SF,IC2009,2020-02-04 09:30:56.600,4721.2000,5581,-1,199883880.000,1,0,1,双平,S,4720.6000,4720.4000,4720.0000,4716.2000,4715.4000,4727.0000,4728.0000,4730.0000,4749.8000,4750.0000,1,1,2,1,1,5,1,7,1,1
SF,IC2009,2020-02-04 09:30:57.100,4721.2000,5581,0,199883880.000,0,-,-,-,-,4720.6000,4720.4000,4720.0000,4716.2000,4715.4000,4725.0000,4726.8000,4728.0000,4730.0000,4732.8000,1,1,2,1,1,1,2,1,7,5
SF,IC2009,2020-02-04 09:30:57.600,4720.6000,5580,-1,200828000.000,1,0,1,双平,S,4720.4000,4720.0000,4715.4000,4714.8000,4711.8000,4726.8000,4728.0000,4730.0000,4732.8000,4749.8000,1,2,1,1,1,2,1,7,5,1
SF,IC2009,2020-02-04 09:30:58.100,4720.6000,5580,0,200828000.000,0,-,-,-,-,4720.8000,4720.6000,4720.4000,4720.0000,4715.4000,4726.8000,4728.0000,4730.0000,4732.8000,4749.8000,1,1,1,2,1,2,1,7,5,1
SF,IC2009,2020-02-04 09:30:58.600,4720.6000,5580,0,200828000.000,0,-,-,-,-,4721.0000,4720.8000,4720.4000,4720.0000,4715.4000,4726.8000,4728.0000,4730.0000,4732.8000,4749.8000,1,1,1,2,1,1,1,7,5,1
SF,IC2009,2020-02-04 09:30:59.100,4720.6000,5581,1,201772120.000,1,1,0,双开,S,4721.0000,4720.4000,4720.0000,4715.4000,4714.8000,4726.8000,4728.0000,4730.0000,4732.8000,4749.8000,1,1,2,1,1,1,1,7,5,1
SF,IC2009,2020-02-04 09:30:59.600,4720.6000,5580,-1,202716240.000,1,0,1,双平,S,4720.4000,4720.0000,4715.4000,4714.8000,4711.8000,4726.8000,4728.0000,4730.0000,4738.6000,4749.8000,1,2,1,1,1,1,1,7,5,1
SF,IC2009,2020-02-04 09:31:00.100,4726.8000,5579,-1,203661600.000,1,0,1,双平,S,4720.6000,4720.4000,4720.0000,4715.4000,4714.8000,4728.0000,4730.0000,4738.6000,4749.8000,4750.0000,2,1,2,1,1,1,7,5,1,1
SF,IC2009,2020-02-04 09:31:00.600,4726.8000,5579,0,203661600.000,0,-,-,-,-,4721.2000,4721.0000,4720.6000,4720.4000,4720.0000,4728.0000,4730.0000,4738.6000,4749.8000,4750.0000,5,1,2,1,2,1,7,5,1,1
SF,IC2009,2020-02-04 09:31:01.100,4721.4000,5577,-2,206494520.000,3,0,3,多平,S,4721.0000,4720.4000,4720.0000,4715.4000,4714.8000,4728.0000,4730.0000,4738.6000,4749.8000,4750.0000,1,1,2,1,1,1,7,5,1,1
SF,IC2009,2020-02-04 09:31:01.600,4721.4000,5577,0,206494520.000,0,-,-,-,-,4721.4000,4720.4000,4720.0000,4715.4000,4714.8000,4727.8000,4728.0000,4730.0000,4738.6000,4749.8000,1,1,2,1,1,1,1,7,5,1
SF,IC2009,2020-02-04 09:31:02.100,4721.2000,5571,-6,212160080.000,6,0,6,双平,S,4721.2000,4720.4000,4720.0000,4715.4000,4714.8000,4728.0000,4730.0000,4738.6000,4749.8000,4750.0000,2,1,2,1,1,1,7,5,1,1
SF,IC2009,2020-02-04 09:31:02.600,4721.2000,5570,-1,213104320.000,1,0,1,双平,S,4720.4000,4720.0000,4715.4000,4714.8000,4705.2000,4727.6000,4727.8000,4728.0000,4730.0000,4738.6000,1,2,6,1,1,1,1,2,7,5
SF,IC2009,2020-02-04 09:31:03.100,4721.2000,5570,0,213104320.000,0,-,-,-,-,4720.4000,4720.0000,4715.4000,4714.8000,4705.2000,4727.4000,4727.6000,4728.0000,4730.0000,4738.6000,1,2,6,1,1,1,1,2,7,5
SF,IC2009,2020-02-04 09:31:03.600,4720.6000,5569,-1,214048440.000,1,0,1,双平,S,4720.4000,4720.0000,4715.4000,4714.8000,4705.2000,4727.4000,4728.0000,4730.0000,4738.6000,4749.8000,1,2,6,1,1,1,2,7,5,1
SF,IC2009,2020-02-04 09:31:04.100,4720.4000,5569,0,214992520.000,1,0,1,多换,S,4720.0000,4715.4000,4714.8000,4705.2000,4703.4000,4725.8000,4727.4000,4728.0000,4730.0000,4738.6000,2,6,1,1,3,1,1,3,7,5
SF,IC2009,2020-02-04 09:31:04.600,4720.4000,5569,0,214992520.000,0,-,-,-,-,4720.4000,4720.0000,4715.4000,4714.8000,4705.2000,4721.2000,4725.6000,4725.8000,4728.0000,4730.0000,1,2,6,1,1,1,1,1,3,7
SF,IC2009,2020-02-04 09:31:05.100,4720.4000,5567,-2,216880840.000,2,0,2,双平,S,4720.2000,4720.0000,4715.4000,4714.8000,4705.2000,4720.4000,4725.6000,4725.8000,4728.0000,4730.0000,1,2,6,1,1,1,1,1,3,7
SF,IC2009,2020-02-04 09:31:05.600,4720.4000,5565,-2,218769000.000,2,0,2,双平,S,4720.0000,4715.4000,4714.8000,4705.2000,4703.4000,4725.6000,4725.8000,4728.0000,4729.8000,4730.0000,2,6,1,1,3,1,1,3,2,7
SF,IC2009,2020-02-04 09:31:06.100,4725.4000,5564,-1,219714080.000,1,0,1,双平,S,4720.4000,4720.0000,4715.4000,4714.8000,4705.2000,4725.8000,4728.0000,4729.8000,4730.0000,4749.8000,1,2,6,1,1,1,3,2,7,1
SF,IC2009,2020-02-04 09:31:06.600,4730.0000,5556,-8,232009960.000,13,2,11,多平,S,4727.0000,4720.8000,4720.4000,4720.0000,4715.4000,4749.8000,4750.0000,4751.0000,4756.0000,4770.0000,5,1,1,2,1,1,1,1,5,1
SF,IC2009,2020-02-04 09:31:07.100,4727.0000,5556,0,232955360.000,1,0,1,多换,S,4727.4000,4721.2000,4720.8000,4720.6000,4720.4000,4744.4000,4746.0000,4747.2000,4749.4000,4749.6000,1,4,1,1,1,1,1,2,1,1
SF,IC2009,2020-02-04 09:31:07.600,4727.4000,5556,0,233900840.000,1,0,1,多换,S,4721.4000,4721.2000,4720.8000,4720.6000,4720.4000,4744.0000,4744.2000,4744.4000,4746.0000,4747.2000,1,4,1,1,1,1,1,1,1,2
SF,IC2009,2020-02-04 09:31:08.100,4727.4000,5556,0,233900840.000,0,-,-,-,-,4732.8000,4727.8000,4725.0000,4724.2000,4722.4000,4743.8000,4744.0000,4744.2000,4746.0000,4747.2000,4,1,1,1,2,1,1,1,1,2
SF,IC2009,2020-02-04 09:31:08.600,4732.8000,5555,-1,236742560.000,3,1,2,多平,S,4732.8000,4726.0000,4725.6000,4725.0000,4724.2000,4743.8000,4744.0000,4744.2000,4746.0000,4747.2000,3,1,1,1,1,1,1,1,1,2
SF,IC2009,2020-02-04 09:31:09.100,4743.4000,5555,0,237691240.000,1,0,1,多换,S,4733.2000,4731.0000,4727.0000,4726.0000,4725.6000,4743.8000,4744.0000,4744.2000,4746.0000,4747.2000,1,1,3,1,1,1,1,1,1,1
SF,IC2009,2020-02-04 09:31:09.600,4743.8000,5555,0,238640000.000,1,0,1,多换,S,4733.2000,4733.0000,4731.0000,4727.0000,4726.0000,4744.2000,4747.2000,4749.4000,4749.8000,4750.0000,1,1,1,3,1,1,1,1,1,1
SF,IC2009,2020-02-04 09:31:10.100,4743.8000,5555,0,238640000.000,0,-,-,-,-,4738.6000,4733.4000,4733.2000,4733.0000,4731.0000,4744.0000,4747.2000,4749.4000,4749.8000,4750.0000,3,1,1,1,1,1,1,1,1,1
SF,IC2009,2020-02-04 09:31:10.600,4743.8000,5555,0,238640000.000,0,-,-,-,-,4743.8000,4739.0000,4738.8000,4733.4000,4733.2000,4744.0000,4747.2000,4749.4000,4749.8000,4750.0000,1,1,1,1,1,1,1,1,1,1
SF,IC2009,2020-02-04 09:31:11.100,4743.8000,5555,0,239588760.000,1,0,1,多换,S,4739.0000,4738.8000,4735.0000,4733.4000,4732.8000,4749.4000,4749.8000,4751.0000,4761.8000,4770.0000,1,1,1,1,3,1,1,1,5,1
SF,IC2009,2020-02-04 09:31:11.600,4739.0000,5554,-1,240536560.000,1,0,1,双平,S,4739.2000,4735.0000,4733.4000,4732.8000,4731.0000,4749.2000,4749.8000,4751.0000,4761.8000,4770.0000,2,1,1,3,1,1,1,1,5,1
SF,IC2009,2020-02-04 09:31:12.100,4739.0000,5554,0,240536560.000,0,-,-,-,-,4739.6000,4739.2000,4735.0000,4732.8000,4731.0000,4749.2000,4749.8000,4751.0000,4761.8000,4770.0000,1,2,1,3,1,1,1,1,5,1
SF,IC2009,2020-02-04 09:31:12.600,4739.0000,5553,-1,241484360.000,1,0,1,双平,S,4739.8000,4739.6000,4735.0000,4732.8000,4731.0000,4749.0000,4749.2000,4749.8000,4751.0000,4761.8000,1,1,1,3,1,1,1,1,1,5
SF,IC2009,2020-02-04 09:31:13.100,4739.0000,5553,0,241484360.000,0,-,-,-,-,4740.8000,4740.2000,4739.8000,4739.6000,4735.0000,4748.8000,4749.0000,4749.8000,4751.0000,4761.8000,1,1,1,1,1,1,1,1,1,5
SF,IC2009,2020-02-04 09:31:13.600,4739.0000,5553,0,241484360.000,0,-,-,-,-,4741.2000,4741.0000,4740.8000,4740.2000,4740.0000,4748.6000,4748.8000,4749.0000,4749.8000,4751.0000,2,1,1,1,1,1,1,1,1,1
SF,IC2009,2020-02-04 09:31:14.100,4748.6000,5553,0,242434080.000,1,0,1,多换,S,4748.6000,4744.4000,4742.4000,4741.8000,4741.6000,4749.8000,4751.0000,4767.6000,4770.0000,4800.0000,1,5,1,1,1,1,1,5,1,11
SF,IC2009,2020-02-04 09:31:14.600,4748.6000,5553,0,242434080.000,0,-,-,-,-,4748.6000,4744.4000,4742.4000,4741.8000,4741.6000,4749.8000,4751.0000,4767.6000,4770.0000,4800.0000,1,5,1,1,1,1,1,5,1,11
SF,IC2009,2020-02-04 09:31:15.100,4749.8000,5552,-1,244333760.000,2,0,2,多平,S,4744.4000,4742.4000,4741.8000,4741.6000,4741.4000,4751.0000,4767.6000,4770.0000,4800.0000,4826.6000,5,1,1,1,2,1,5,1,11,1
SF,IC2009,2020-02-04 09:31:15.600,4749.8000,5552,0,245283720.000,1,0,1,多换,S,4744.6000,4744.4000,4744.0000,4741.8000,4741.6000,4751.0000,4760.0000,4767.6000,4770.0000,4800.0000,2,5,1,1,1,1,1,5,1,11
SF,IC2009,2020-02-04 09:31:16.100,4750.8000,5551,-1,246233880.000,1,0,1,双平,S,4748.8000,4745.6000,4745.0000,4744.6000,4744.4000,4751.0000,4760.0000,4767.6000,4770.0000,4800.0000,1,1,1,2,5,1,1,5,1,11
SF,IC2009,2020-02-04 09:31:16.600,4749.0000,5548,-3,250033480.000,4,0,4,多平,S,4749.8000,4748.8000,4745.6000,4745.0000,4744.6000,4750.8000,4760.0000,4770.0000,4779.2000,4800.0000,1,1,1,1,1,1,1,1,5,11
SF,IC2009,2020-02-04 09:31:17.100,4750.8000,5547,-1,250983640.000,1,0,1,双平,S,4750.8000,4750.2000,4749.8000,4748.8000,4745.6000,4760.0000,4770.0000,4779.2000,4800.0000,4826.6000,1,1,1,1,1,1,1,5,11,1
SF,IC2009,2020-02-04 09:31:17.600,4750.8000,5547,0,251933800.000,1,0,1,多换,S,4751.0000,4750.8000,4750.2000,4749.8000,4748.8000,4759.8000,4760.0000,4770.0000,4779.2000,4800.0000,1,1,1,1,1,1,1,1,5,11
SF,IC2009,2020-02-04 09:31:18.100,4750.8000,5547,0,251933800.000,0,-,-,-,-,4751.4000,4751.0000,4750.2000,4750.0000,4749.8000,4759.8000,4760.0000,4770.0000,4785.0000,4800.0000,1,1,1,1,1,2,1,1,5,11
SF,IC2009,2020-02-04 09:31:18.600,4751.4000,5545,-2,254786360.000,3,0,3,多平,S,4750.2000,4750.0000,4749.8000,4748.8000,4744.4000,4759.8000,4760.0000,4770.0000,4785.0000,4800.0000,1,8,1,1,5,1,1,1,5,11
SF,IC2009,2020-02-04 09:31:19.100,4751.4000,5545,0,254786360.000,0,-,-,-,-,4750.2000,4750.0000,4749.8000,4748.8000,4741.2000,4759.6000,4759.8000,4760.0000,4770.0000,4785.0000,2,9,1,1,1,1,1,1,1,5
SF,IC2009,2020-02-04 09:31:19.600,4750.4000,5545,0,255736440.000,1,0,1,多换,S,4750.4000,4750.2000,4750.0000,4749.8000,4748.8000,4759.6000,4760.0000,4770.0000,4785.0000,4800.0000,1,1,9,1,1,1,1,1,5,11
SF,IC2009,2020-02-04 09:31:20.100,4750.2000,5545,0,257636560.000,2,1,1,多换,S,4750.0000,4749.8000,4748.8000,4738.6000,4732.8000,4759.6000,4760.0000,4770.0000,4785.0000,4800.0000,9,1,1,5,1,1,1,1,5,11
SF,IC2009,2020-02-04 09:31:20.600,4750.2000,5545,0,257636560.000,0,-,-,-,-,4750.4000,4750.2000,4750.0000,4749.8000,4748.8000,4759.6000,4760.0000,4770.0000,4785.0000,4800.0000,1,1,8,1,1,2,1,1,5,11
SF,IC2009,2020-02-04 09:31:21.100,4750.2000,5544,-1,258586600.000,1,0,1,双平,S,4750.0000,4749.8000,4748.8000,4738.6000,4732.8000,4750.4000,4755.0000,4759.6000,4760.0000,4770.0000,8,1,1,5,1,1,1,2,1,1
SF,IC2009,2020-02-04 09:31:21.600,4750.0000,5544,0,261436680.000,3,1,2,多换,S,4750.4000,4750.0000,4749.8000,4748.8000,4738.6000,4755.0000,4756.0000,4759.6000,4760.0000,4770.0000,1,6,1,1,5,1,1,2,1,1
SF,IC2009,2020-02-04 09:31:22.100,4755.0000,5543,-1,264289040.000,3,1,2,多平,S,4750.8000,4750.4000,4750.2000,4750.0000,4749.8000,4759.6000,4760.0000,4770.0000,4785.0000,4800.0000,1,1,6,6,1,2,1,1,5,11
SF,IC2009,2020-02-04 09:31:22.600,4751.2000,5542,-1,265239280.000,1,0,1,双平,S,4750.8000,4750.4000,4750.2000,4750.0000,4749.8000,4756.0000,4759.6000,4760.0000,4770.0000,4785.0000,1,1,1,6,1,1,2,1,1,5
SF,IC2009,2020-02-04 09:31:23.100,4751.2000,5542,0,265239280.000,0,-,-,-,-,4751.2000,4751.0000,4750.8000,4750.4000,4750.2000,4759.6000,4760.0000,4770.0000,4785.0000,4800.0000,1,8,1,1,1,2,1,1,5,11
SF,IC2009,2020-02-04 09:31:23.600,4751.2000,5541,-1,266189520.000,1,0,1,双平,S,4751.0000,4750.8000,4750.4000,4750.2000,4750.0000,4754.4000,4759.6000,4760.0000,4770.0000,4785.0000,9,1,1,3,6,2,2,1,1,5
SF,IC2009,2020-02-04 09:31:24.100,4754.2000,5541,0,267140360.000,1,0,1,多换,S,4751.4000,4751.0000,4750.8000,4750.4000,4750.2000,4754.4000,4759.6000,4760.0000,4770.0000,4785.0000,1,9,1,1,3,2,1,1,1,5
SF,IC2009,2020-02-04 09:31:24.600,4754.4000,5539,-2,269991880.000,3,0,3,多平,S,4751.4000,4751.0000,4750.8000,4750.4000,4750.2000,4754.4000,4759.6000,4760.0000,4770.0000,4785.0000,1,9,1,1,3,1,1,1,1,5
SF,IC2009,2020-02-04 09:31:25.100,4754.4000,5539,0,269991880.000,0,-,-,-,-,4751.4000,4751.0000,4750.8000,4750.4000,4750.2000,4754.2000,4754.4000,4759.6000,4760.0000,4770.0000,1,8,1,1,3,1,1,1,1,1
SF,IC2009,2020-02-04 09:31:25.600,4754.4000,5539,0,269991880.000,0,-,-,-,-,4751.0000,4750.8000,4750.4000,4750.2000,4750.0000,4754.2000,4754.4000,4759.6000,4760.0000,4770.0000,8,1,1,3,6,2,1,1,1,1
SF,IC2009,2020-02-04 09:31:26.100,4751.8000,5539,0,271893120.000,2,1,1,多换,S,4751.4000,4751.0000,4750.8000,4750.4000,4750.2000,4754.2000,4754.4000,4759.6000,4760.0000,4770.0000,1,8,1,1,2,1,1,1,1,1
SF,IC2009,2020-02-04 09:31:26.600,4751.8000,5539,0,271893120.000,0,-,-,-,-,4751.4000,4751.0000,4750.8000,4750.4000,4750.2000,4754.0000,4754.2000,4754.4000,4759.6000,4760.0000,1,8,1,1,2,1,1,1,1,1
SF,IC2009,2020-02-04 09:31:27.100,4754.0000,5539,0,272843920.000,1,0,1,多换,S,4751.4000,4751.0000,4750.8000,4750.4000,4750.2000,4754.4000,4759.6000,4760.0000,4770.0000,4785.0000,1,8,1,1,2,1,1,1,1,5
SF,IC2009,2020-02-04 09:31:27.600,4754.4000,5539,0,273794800.000,1,0,1,多换,S,4751.4000,4751.0000,4750.8000,4750.4000,4750.2000,4754.2000,4759.6000,4760.0000,4770.0000,4785.0000,1,8,1,1,2,1,1,1,1,5
SF,IC2009,2020-02-04 09:31:28.600,4754.4000,5539,0,273794800.000,0,-,-,-,-,4751.4000,4751.0000,4750.8000,4750.4000,4750.2000,4754.2000,4759.6000,4760.0000,4770.0000,4785.0000,1,8,1,1,2,1,1,1,1,5
SF,IC2009,2020-02-04 09:31:29.100,4751.4000,5539,0,274745080.000,1,0,1,多换,S,4751.0000,4750.8000,4750.4000,4750.2000,4750.0000,4754.2000,4759.6000,4770.0000,4785.0000,4800.0000,8,1,1,2,6,1,1,1,5,11
SF,IC2009,2020-02-04 09:31:29.600,4751.4000,5539,0,274745080.000,0,-,-,-,-,4751.4000,4751.0000,4750.8000,4750.4000,4750.2000,4754.2000,4755.0000,4759.6000,4770.0000,4785.0000,1,8,1,1,2,1,1,1,1,5
SF,IC2009,2020-02-04 09:31:30.100,4751.4000,5538,-1,276645640.000,2,0,2,多平,S,4751.0000,4750.4000,4750.2000,4750.0000,4748.8000,4754.2000,4755.0000,4759.6000,4770.0000,4785.0000,8,1,2,6,1,1,1,1,1,5
SF,IC2009,2020-02-04 09:31:30.600,4751.4000,5538,0,276645640.000,0,-,-,-,-,4751.4000,4751.0000,4750.4000,4750.2000,4750.0000,4754.2000,4755.0000,4759.6000,4760.0000,4770.0000,1,7,1,2,6,1,1,1,1,1
SF,IC2009,2020-02-04 09:31:31.100,4754.0000,5537,-1,277596440.000,1,0,1,双平,S,4751.4000,4751.0000,4750.4000,4750.2000,4750.0000,4754.0000,4754.2000,4755.0000,4759.6000,4760.0000,1,7,1,2,6,1,1,1,1,1
SF,IC2009,2020-02-04 09:31:31.600,4751.4000,5536,-1,278546720.000,1,0,1,双平,S,4751.0000,4750.4000,4750.2000,4750.0000,4748.8000,4751.4000,4753.8000,4754.0000,4755.0000,4759.6000,7,1,2,6,1,1,1,1,1,1
SF,IC2009,2020-02-04 09:31:32.100,4751.4000,5535,-1,279497000.000,1,0,1,双平,S,4751.4000,4751.0000,4750.4000,4750.2000,4750.0000,4753.8000,4755.0000,4759.6000,4760.0000,4770.0000,1,7,1,2,6,1,1,1,1,1
SF,IC2009,2020-02-04 09:31:32.600,4753.6000,5534,-1,284250160.000,5,2,3,多平,S,4751.8000,4751.0000,4750.4000,4750.2000,4750.0000,4753.6000,4753.8000,4755.0000,4759.6000,4760.0000,1,7,1,2,6,1,1,1,1,1
SF,IC2009,2020-02-04 09:31:33.100,4751.8000,5533,-1,285200520.000,1,0,1,双平,S,4751.2000,4751.0000,4750.4000,4750.2000,4750.0000,4753.4000,4753.6000,4755.0000,4759.6000,4760.0000,1,7,1,2,6,1,1,1,1,1
SF,IC2009,2020-02-04 09:31:33.600,4753.2000,5532,-1,287101400.000,2,0,2,多平,S,4751.6000,4751.0000,4750.4000,4750.2000,4750.0000,4753.4000,4753.6000,4755.0000,4759.6000,4760.0000,2,7,1,2,6,1,1,1,1,1
SF,IC2009,2020-02-04 09:31:34.100,4753.2000,5532,0,287101400.000,0,-,-,-,-,4752.0000,4751.6000,4751.0000,4750.4000,4750.2000,4753.2000,4753.4000,4753.6000,4755.0000,4758.0000,1,2,7,1,2,1,1,1,1,1
SF,IC2009,2020-02-04 09:31:34.600,4753.2000,5531,-1,288052040.000,1,0,1,双平,S,4752.4000,4752.0000,4751.6000,4750.4000,4750.2000,4753.4000,4755.0000,4758.0000,4759.6000,4760.0000,1,2,2,1,2,1,1,1,1,1
SF,IC2009,2020-02-04 09:31:35.100,4753.2000,5531,0,288052040.000,0,-,-,-,-,4752.4000,4752.0000,4751.6000,4750.4000,4750.2000,4755.0000,4758.0000,4759.6000,4760.0000,4767.6000,1,2,2,1,2,1,1,1,1,5
SF,IC2009,2020-02-04 09:31:35.600,4753.2000,5531,0,288052040.000,0,-,-,-,-,4754.0000,4752.6000,4752.4000,4752.0000,4751.6000,4754.8000,4755.0000,4758.0000,4759.6000,4759.8000,3,1,1,2,2,1,1,1,1,2
SF,IC2009,2020-02-04 09:31:36.100,4754.0000,5530,-1,290904440.000,3,1,2,多平,S,4754.0000,4752.6000,4752.4000,4752.0000,4751.6000,4754.8000,4755.0000,4758.0000,4759.8000,4760.0000,1,1,1,2,2,1,2,1,2,1
SF,IC2009,2020-02-04 09:31:36.600,4754.0000,5530,0,290904440.000,0,-,-,-,-,4754.4000,4754.0000,4752.4000,4752.0000,4751.6000,4755.0000,4758.0000,4759.8000,4760.0000,4767.6000,1,1,1,2,2,2,1,2,1,5
SF,IC2009,2020-02-04 09:31:37.100,4755.0000,5528,-2,292806440.000,2,0,2,双平,S,4754.4000,4754.0000,4752.4000,4752.0000,4751.6000,4758.0000,4759.8000,4760.0000,4767.6000,4770.0000,1,1,1,2,2,1,2,1,5,1
SF,IC2009,2020-02-04 09:31:37.600,4754.8000,5528,0,293757400.000,1,0,1,多换,S,4754.8000,4754.4000,4754.0000,4752.4000,4752.0000,4757.8000,4758.0000,4759.8000,4760.0000,4767.6000,1,1,1,1,2,2,1,2,1,5
SF,IC2009,2020-02-04 09:31:38.100,4754.8000,5528,0,293757400.000,0,-,-,-,-,4755.2000,4754.8000,4754.4000,4754.0000,4752.4000,4757.8000,4758.0000,4759.8000,4760.0000,4767.6000,1,1,1,1,1,2,1,2,1,5
SF,IC2009,2020-02-04 09:31:38.600,4754.8000,5528,0,293757400.000,0,-,-,-,-,4755.2000,4754.8000,4754.4000,4754.0000,4752.4000,4757.8000,4758.0000,4759.8000,4760.0000,4767.6000,1,1,1,1,1,2,1,2,1,5
SF,IC2009,2020-02-04 09:31:39.600,4755.2000,5526,-2,296611560.000,3,0,3,多平,S,4754.8000,4754.4000,4754.0000,4753.2000,4752.4000,4758.0000,4759.8000,4760.0000,4767.6000,4770.0000,1,1,1,6,1,1,2,1,5,1
SF,IC2009,2020-02-04 09:31:40.100,4757.6000,5526,0,297563080.000,1,0,1,多换,S,4757.8000,4755.2000,4754.8000,4754.4000,4754.0000,4758.0000,4759.8000,4760.0000,4767.6000,4770.0000,1,1,1,1,1,1,2,1,5,1
SF,IC2009,2020-02-04 09:31:40.600,4755.2000,5525,-1,299465640.000,2,0,2,多平,S,4754.8000,4754.4000,4754.0000,4753.2000,4752.4000,4758.0000,4759.8000,4760.0000,4767.6000,4770.0000,1,1,1,6,1,1,2,1,5,1
SF,IC2009,2020-02-04 09:31:41.100,4755.2000,5525,0,299465640.000,0,-,-,-,-,4757.8000,4755.0000,4754.8000,4754.4000,4754.0000,4758.0000,4759.8000,4760.0000,4767.6000,4770.0000,1,1,1,1,1,1,2,1,5,1
SF,IC2009,2020-02-04 09:31:41.600,4757.8000,5524,-1,300417200.000,1,0,1,双平,S,4755.0000,4754.8000,4754.4000,4754.0000,4753.2000,4758.0000,4759.8000,4760.0000,4767.6000,4770.0000,1,1,1,1,6,1,2,1,5,1
SF,IC2009,2020-02-04 09:31:42.100,4757.8000,5524,0,300417200.000,0,-,-,-,-,4755.0000,4754.8000,4754.4000,4754.0000,4753.2000,4758.0000,4759.8000,4760.0000,4767.6000,4770.0000,1,1,1,1,6,1,2,1,5,1
SF,IC2009,2020-02-04 09:31:42.600,4758.0000,5524,0,301368800.000,1,0,1,多换,S,4758.0000,4755.2000,4754.8000,4754.4000,4754.0000,4759.8000,4760.0000,4767.6000,4770.0000,4800.0000,1,1,1,1,1,2,1,5,1,11
SF,IC2009,2020-02-04 09:31:43.100,4758.0000,5524,0,301368800.000,0,-,-,-,-,4758.0000,4755.2000,4754.8000,4754.4000,4754.0000,4759.6000,4759.8000,4760.0000,4767.6000,4770.0000,1,1,1,1,1,1,2,1,5,1
SF,IC2009,2020-02-04 09:31:43.600,4758.0000,5524,0,302320400.000,1,0,1,多换,S,4758.0000,4754.8000,4754.4000,4753.2000,4752.4000,4759.6000,4759.8000,4760.0000,4767.6000,4770.0000,1,1,1,6,1,1,2,1,5,1
SF,IC2009,2020-02-04 09:31:44.100,4759.6000,5523,-1,304223920.000,2,0,2,多平,S,4758.0000,4754.8000,4754.4000,4753.2000,4752.4000,4759.8000,4760.0000,4770.0000,4773.4000,4800.0000,2,1,1,6,1,2,1,1,5,11
SF,IC2009,2020-02-04 09:31:44.600,4759.8000,5521,-2,306127840.000,2,0,2,双平,S,4758.0000,4754.8000,4754.4000,4753.2000,4752.4000,4760.0000,4770.0000,4773.4000,4800.0000,4826.6000,2,1,1,6,1,1,1,5,11,1
SF,IC2009,2020-02-04 09:31:45.100,4759.8000,5521,0,306127840.000,0,-,-,-,-,4758.2000,4758.0000,4754.8000,4754.4000,4753.2000,4760.0000,4770.0000,4773.4000,4800.0000,4826.6000,2,2,1,1,6,1,1,5,11,1
SF,IC2009,2020-02-04 09:31:45.600,4760.0000,5520,-1,307079840.000,1,0,1,双平,S,4758.2000,4758.0000,4754.8000,4754.4000,4753.2000,4761.8000,4770.0000,4773.4000,4800.0000,4826.6000,2,2,1,1,6,1,1,5,11,1
SF,IC2009,2020-02-04 09:31:46.100,4760.0000,5520,0,307079840.000,0,-,-,-,-,4758.6000,4758.2000,4758.0000,4754.8000,4754.4000,4761.6000,4761.8000,4770.0000,4773.4000,4800.0000,1,1,2,1,1,1,1,1,5,11
SF,IC2009,2020-02-04 09:31:46.600,4758.6000,5519,-1,308031560.000,1,0,1,双平,S,4760.0000,4758.2000,4758.0000,4754.8000,4754.4000,4761.6000,4761.8000,4770.0000,4773.4000,4800.0000,2,1,2,1,1,1,1,1,5,11
SF,IC2009,2020-02-04 09:31:47.100,4760.0000,5519,0,309935560.000,2,1,1,多换,S,4758.0000,4754.8000,4754.4000,4753.2000,4748.8000,4761.4000,4761.6000,4761.8000,4770.0000,4773.4000,2,1,1,6,1,1,1,1,1,5
SF,IC2009,2020-02-04 09:31:47.600,4758.0000,5519,0,311838760.000,2,1,1,多换,S,4754.8000,4754.4000,4753.2000,4748.8000,4746.6000,4758.0000,4758.2000,4761.2000,4761.4000,4761.6000,1,1,6,1,1,1,2,1,1,1
SF,IC2009,2020-02-04 09:31:48.100,4758.0000,5519,0,312790360.000,1,0,1,多换,S,4755.2000,4754.8000,4754.4000,4753.2000,4748.8000,4758.2000,4761.2000,4761.4000,4761.6000,4761.8000,1,1,1,6,1,2,1,1,1,1
SF,IC2009,2020-02-04 09:31:48.600,4758.0000,5519,0,312790360.000,0,-,-,-,-,4755.4000,4755.2000,4754.8000,4754.4000,4753.2000,4758.2000,4760.0000,4761.2000,4761.4000,4761.8000,1,1,1,1,6,2,1,1,1,1
SF,IC2009,2020-02-04 09:31:49.100,4758.0000,5519,0,313741960.000,1,0,1,多换,S,4755.8000,4755.4000,4755.2000,4754.8000,4754.4000,4758.2000,4760.0000,4761.2000,4761.4000,4761.8000,1,1,1,1,1,2,1,1,1,1
SF,IC2009,2020-02-04 09:31:50.100,4758.2000,5518,-1,316596400.000,3,1,2,多平,S,4759.2000,4758.0000,4755.4000,4755.2000,4754.8000,4760.0000,4761.2000,4761.4000,4761.8000,4770.0000,4,3,1,1,1,1,1,1,1,1
SF,IC2009,2020-02-04 09:31:50.600,4759.2000,5518,0,319451920.000,3,1,2,多换,S,4759.2000,4758.0000,4755.2000,4754.4000,4748.8000,4760.0000,4761.2000,4761.8000,4770.0000,4773.4000,1,3,1,1,1,1,1,1,1,5
SF,IC2009,2020-02-04 09:31:51.100,4759.8000,5518,0,320403880.000,1,0,1,多换,S,4759.2000,4758.0000,4755.2000,4754.4000,4748.8000,4759.8000,4760.0000,4761.2000,4761.8000,4770.0000,1,3,1,1,1,1,1,1,1,1
SF,IC2009,2020-02-04 09:31:51.600,4759.2000,5518,0,321355720.000,1,0,1,多换,S,4758.0000,4755.2000,4754.4000,4748.8000,4746.6000,4760.0000,4761.8000,4770.0000,4773.4000,4800.0000,3,1,1,1,1,1,1,1,5,11
SF,IC2009,2020-02-04 09:31:52.100,4759.2000,5518,0,321355720.000,0,-,-,-,-,4758.2000,4758.0000,4754.4000,4748.8000,4746.6000,4760.0000,4761.8000,4770.0000,4773.4000,4800.0000,2,3,1,1,1,1,1,1,5,11
SF,IC2009,2020-02-04 09:31:52.600,4759.2000,5518,0,321355720.000,0,-,-,-,-,4758.2000,4758.0000,4754.4000,4748.8000,4746.6000,4759.8000,4760.0000,4761.8000,4770.0000,4773.4000,2,3,1,1,1,1,1,1,1,5
SF,IC2009,2020-02-04 09:31:53.100,4759.2000,5518,0,321355720.000,0,-,-,-,-,4758.2000,4758.0000,4754.4000,4748.8000,4746.6000,4759.8000,4760.0000,4761.8000,4770.0000,4773.4000,1,3,1,1,1,1,2,1,1,5
SF,IC2009,2020-02-04 09:31:53.600,4759.8000,5519,1,324211160.000,3,2,1,空开,S,4758.0000,4754.4000,4748.8000,4746.6000,4732.8000,4760.0000,4761.8000,4770.0000,4773.4000,4800.0000,3,1,1,1,5,2,1,1,5,11
SF,IC2009,2020-02-04 09:31:54.100,4759.8000,5519,0,326115080.000,2,1,1,多换,S,4759.8000,4758.0000,4754.4000,4748.8000,4746.6000,4760.0000,4761.8000,4770.0000,4773.4000,4800.0000,8,3,1,1,1,2,1,1,5,11
SF,IC2009,2020-02-04 09:31:54.600,4760.0000,5519,0,327067080.000,1,0,1,多换,S,4759.8000,4758.0000,4754.4000,4748.8000,4727.0000,4760.0000,4761.8000,4770.0000,4773.4000,4800.0000,8,3,1,1,5,1,1,1,5,11
SF,IC2009,2020-02-04 09:31:55.100,4760.0000,5517,-2,328971080.000,2,0,2,双平,S,4759.8000,4758.0000,4754.4000,4748.8000,4727.0000,4761.8000,4770.0000,4773.4000,4800.0000,4826.6000,8,3,1,1,5,1,1,5,11,1
SF,IC2009,2020-02-04 09:31:55.600,4760.0000,5517,0,328971080.000,0,-,-,-,-,4760.0000,4759.8000,4758.0000,4754.4000,4748.8000,4761.8000,4770.0000,4773.4000,4800.0000,4826.6000,7,8,3,1,1,1,1,5,11,1
SF,IC2009,2020-02-04 09:31:56.100,4760.0000,5516,-1,330875080.000,2,0,2,多平,S,4760.0000,4759.8000,4758.0000,4754.4000,4748.8000,4761.8000,4770.0000,4773.4000,4800.0000,4826.6000,7,8,3,1,1,1,1,5,11,1
SF,IC2009,2020-02-04 09:31:56.600,4760.0000,5515,-1,334683080.000,4,1,3,多平,S,4760.0000,4759.8000,4758.0000,4754.4000,4748.8000,4761.8000,4770.0000,4773.4000,4800.0000,4826.6000,6,8,3,1,1,1,1,5,11,1
SF,IC2009,2020-02-04 09:31:57.100,4761.8000,5514,-1,335635440.000,1,0,1,双平,S,4760.0000,4759.8000,4758.0000,4754.4000,4748.8000,4770.0000,4773.4000,4800.0000,4826.6000,4858.0000,6,8,3,1,1,1,5,11,1,2
SF,IC2009,2020-02-04 09:31:57.600,4760.0000,5513,-1,338491440.000,3,1,2,多平,S,4760.0000,4759.8000,4758.0000,4754.4000,4748.8000,4767.6000,4768.0000,4769.8000,4770.0000,4773.4000,4,8,3,1,1,1,1,2,1,5
SF,IC2009,2020-02-04 09:31:58.100,4760.0000,5513,0,340395440.000,2,1,1,多换,S,4760.0000,4759.8000,4758.0000,4754.4000,4748.8000,4767.2000,4767.4000,4769.6000,4769.8000,4770.0000,2,8,3,1,1,2,1,1,2,1
SF,IC2009,2020-02-04 09:31:58.600,4760.0000,5513,0,342299440.000,2,1,1,多换,S,4759.8000,4758.0000,4754.4000,4748.8000,4727.0000,4761.8000,4767.0000,4767.2000,4767.4000,4769.6000,8,3,1,1,5,5,3,2,2,1
SF,IC2009,2020-02-04 09:31:59.100,4760.0000,5513,0,342299440.000,0,-,-,-,-,4759.8000,4758.0000,4754.4000,4748.8000,4727.0000,4765.6000,4767.2000,4767.4000,4767.6000,4770.0000,8,3,1,1,5,1,1,1,5,1
SF,IC2009,2020-02-04 09:31:59.600,4760.0000,5513,0,342299440.000,0,-,-,-,-,4759.8000,4754.4000,4748.8000,4727.0000,4726.0000,4765.4000,4767.2000,4767.4000,4767.6000,4770.0000,8,1,1,5,1,1,1,1,5,1
SF,IC2009,2020-02-04 09:32:00.100,4759.8000,5513,0,343251400.000,1,0,1,多换,S,4759.8000,4754.4000,4748.8000,4727.0000,4726.0000,4765.0000,4765.4000,4767.2000,4767.4000,4767.6000,7,1,1,5,1,2,1,1,1,5
SF,IC2009,2020-02-04 09:32:00.600,4759.8000,5513,0,343251400.000,0,-,-,-,-,4759.8000,4754.4000,4748.8000,4727.0000,4726.0000,4762.8000,4764.6000,4764.8000,4765.0000,4765.4000,7,1,1,5,1,1,1,1,3,1
SF,IC2009,2020-02-04 09:32:01.100,4759.8000,5513,0,343251400.000,0,-,-,-,-,4759.8000,4754.4000,4748.8000,4727.0000,4726.0000,4762.8000,4764.6000,4764.8000,4765.0000,4765.4000,7,1,1,5,1,1,1,1,3,1
SF,IC2009,2020-02-04 09:32:01.600,4759.8000,5513,0,343251400.000,0,-,-,-,-,4759.8000,4754.4000,4748.8000,4727.0000,4726.0000,4762.4000,4762.8000,4763.6000,4764.6000,4764.8000,7,1,1,5,1,1,1,1,1,1
SF,IC2009,2020-02-04 09:32:02.100,4759.8000,5513,0,345155320.000,2,1,1,多换,S,4759.8000,4754.4000,4748.8000,4727.0000,4726.0000,4762.4000,4762.8000,4763.6000,4764.6000,4764.8000,7,1,1,5,1,1,1,1,1,1
SF,IC2009,2020-02-04 09:32:02.600,4760.0000,5514,1,346107320.000,1,1,0,双开,S,4759.8000,4754.4000,4748.8000,4727.0000,4726.0000,4762.2000,4762.4000,4763.6000,4764.6000,4764.8000,7,1,1,5,1,1,1,1,1,1
SF,IC2009,2020-02-04 09:32:03.100,4760.0000,5514,0,346107320.000,0,-,-,-,-,4759.8000,4754.4000,4748.8000,4731.2000,4727.0000,4761.8000,4762.0000,4762.2000,4762.4000,4763.6000,7,1,1,1,5,1,2,2,1,1
SF,IC2009,2020-02-04 09:32:03.600,4759.8000,5515,1,348963200.000,3,2,1,空开,S,4759.8000,4754.4000,4748.8000,4731.2000,4727.0000,4761.6000,4761.8000,4762.0000,4762.2000,4762.4000,4,1,1,1,5,1,1,1,2,1
SF,IC2009,2020-02-04 09:32:04.100,4759.8000,5516,1,351819080.000,3,2,1,空开,S,4759.8000,4754.4000,4748.8000,4731.2000,4727.0000,4760.0000,4761.2000,4761.6000,4761.8000,4762.0000,1,1,1,1,5,1,1,2,1,1
SF,IC2009,2020-02-04 09:32:04.600,4759.8000,5517,1,352771040.000,1,1,0,双开,S,4754.4000,4748.8000,4731.2000,4727.0000,4726.0000,4760.0000,4761.2000,4761.6000,4761.8000,4762.0000,1,1,1,5,1,1,1,2,1,1
SF,IC2009,2020-02-04 09:32:05.100,4759.8000,5517,0,352771040.000,0,-,-,-,-,4748.8000,4731.2000,4727.0000,4726.0000,4721.0000,4759.4000,4759.6000,4759.8000,4760.0000,4761.2000,1,1,5,1,9,1,1,3,1,1
SF,IC2009,2020-02-04 09:32:05.600,4749.0000,5516,-1,353720840.000,1,0,1,双平,S,4749.0000,4748.8000,4731.2000,4727.0000,4726.0000,4759.4000,4759.6000,4759.8000,4760.0000,4761.2000,1,1,1,5,1,1,2,3,1,1
SF,IC2009,2020-02-04 09:32:06.100,4749.0000,5516,0,353720840.000,0,-,-,-,-,4749.0000,4748.8000,4731.2000,4727.0000,4726.0000,4759.0000,4759.2000,4759.4000,4759.6000,4759.8000,1,1,1,5,1,1,1,1,1,3
SF,IC2009,2020-02-04 09:32:06.600,4749.0000,5516,0,353720840.000,0,-,-,-,-,4749.0000,4748.8000,4731.2000,4727.0000,4726.0000,4758.4000,4758.6000,4759.0000,4759.2000,4759.4000,1,1,1,5,1,3,1,2,1,1
SF,IC2009,2020-02-04 09:32:07.100,4749.0000,5515,-1,355620440.000,2,0,2,多平,S,4748.8000,4731.2000,4727.0000,4726.0000,4721.0000,4758.0000,4758.4000,4758.6000,4759.0000,4759.2000,1,1,5,1,9,1,3,1,2,1
SF,IC2009,2020-02-04 09:32:07.600,4727.0000,5515,0,358461840.000,3,1,2,多换,S,4727.0000,4726.0000,4721.0000,4720.0000,4701.0000,4756.2000,4757.6000,4757.8000,4758.0000,4758.2000,4,1,9,2,1,1,1,1,2,1
SF,IC2009,2020-02-04 09:32:08.100,4727.0000,5515,0,358461840.000,0,-,-,-,-,4737.6000,4733.4000,4732.8000,4728.8000,4727.2000,4755.8000,4756.2000,4757.6000,4757.8000,4758.0000,1,1,1,1,2,2,1,4,1,1
SF,IC2009,2020-02-04 09:32:08.600,4727.0000,5515,0,358461840.000,0,-,-,-,-,4737.6000,4733.4000,4732.8000,4728.8000,4727.2000,4755.2000,4755.6000,4755.8000,4757.6000,4758.0000,1,1,1,1,2,3,1,2,1,1
SF,IC2009,2020-02-04 09:32:09.100,4727.0000,5515,0,358461840.000,0,-,-,-,-,4737.6000,4733.4000,4732.8000,4728.8000,4727.2000,4752.0000,4753.6000,4754.8000,4755.2000,4755.6000,1,1,1,1,2,1,1,1,3,1
SF,IC2009,2020-02-04 09:32:09.600,4727.0000,5515,0,358461840.000,0,-,-,-,-,4737.6000,4733.4000,4732.8000,4728.8000,4728.2000,4751.6000,4751.8000,4752.0000,4753.6000,4754.8000,1,1,1,1,1,1,1,1,1,1
SF,IC2009,2020-02-04 09:32:10.100,4727.0000,5515,0,359407240.000,1,0,1,多换,S,4733.4000,4732.8000,4728.8000,4728.2000,4727.2000,4750.0000,4750.2000,4751.4000,4751.6000,4751.8000,1,1,1,1,2,1,1,1,1,2
SF,IC2009,2020-02-04 09:32:10.600,4727.0000,5515,0,359407240.000,0,-,-,-,-,4738.4000,4733.8000,4733.4000,4732.8000,4728.8000,4749.6000,4750.0000,4750.2000,4750.8000,4751.4000,1,1,1,1,1,1,1,1,1,1
SF,IC2009,2020-02-04 09:32:11.100,4727.0000,5515,0,359407240.000,0,-,-,-,-,4740.0000,4733.4000,4732.8000,4728.8000,4727.2000,4748.8000,4749.0000,4749.4000,4749.6000,4750.0000,1,1,1,1,2,1,1,1,1,1
SF,IC2009,2020-02-04 09:32:11.600,4727.0000,5515,0,359407240.000,0,-,-,-,-,4740.0000,4733.8000,4733.4000,4732.8000,4732.4000,4748.4000,4748.8000,4749.0000,4749.4000,4749.6000,1,1,1,1,1,1,1,1,1,1
SF,IC2009,2020-02-04 09:32:12.100,4727.0000,5515,0,359407240.000,0,-,-,-,-,4740.0000,4733.8000,4733.4000,4732.8000,4732.4000,4746.0000,4747.8000,4748.2000,4748.4000,4749.0000,1,1,1,1,1,1,1,1,1,1
SF,IC2009,2020-02-04 09:32:12.600,4727.0000,5515,0,359407240.000,0,-,-,-,-,4740.0000,4733.8000,4733.4000,4732.8000,4732.4000,4745.6000,4746.0000,4747.8000,4748.2000,4748.4000,1,1,1,1,1,1,1,1,1,1
SF,IC2009,2020-02-04 09:32:13.100,4740.0000,5514,-1,360355240.000,1,0,1,双平,S,4733.8000,4732.8000,4732.4000,4726.0000,4721.0000,4745.6000,4745.8000,4746.0000,4747.8000,4748.2000,1,1,1,1,9,1,1,1,1,1
SF,IC2009,2020-02-04 09:32:13.600,4740.0000,5514,0,360355240.000,0,-,-,-,-,4733.8000,4732.8000,4732.4000,4726.0000,4721.0000,4740.0000,4745.6000,4745.8000,4746.0000,4748.2000,1,1,1,1,9,1,1,1,1,1
SF,IC2009,2020-02-04 09:32:14.100,4740.0000,5513,-1,361303240.000,1,0,1,双平,S,4733.8000,4732.4000,4726.0000,4721.0000,4720.0000,4739.6000,4744.2000,4744.6000,4745.4000,4745.6000,1,1,1,9,2,1,1,1,1,1
SF,IC2009,2020-02-04 09:32:14.600,4739.6000,5513,0,362251160.000,1,0,1,多换,S,4732.4000,4726.0000,4721.0000,4720.0000,4701.0000,4739.2000,4744.6000,4745.4000,4745.6000,4745.8000,1,1,9,2,1,1,1,1,1,1
SF,IC2009,2020-02-04 09:32:15.100,4732.4000,5512,-1,363197640.000,1,0,1,双平,S,4726.0000,4721.0000,4720.0000,4701.0000,4700.2000,4738.8000,4739.2000,4739.4000,4744.6000,4745.4000,1,9,2,1,1,1,1,1,1,1
SF,IC2009,2020-02-04 09:32:15.600,4732.4000,5512,0,363197640.000,0,-,-,-,-,4726.4000,4726.0000,4721.0000,4720.0000,4701.0000,4738.4000,4738.8000,4739.2000,4739.4000,4744.6000,1,1,9,2,1,2,1,1,1,1
SF,IC2009,2020-02-04 09:32:16.100,4732.4000,5512,0,363197640.000,0,-,-,-,-,4726.4000,4726.0000,4721.0000,4720.0000,4701.0000,4735.0000,4738.4000,4738.6000,4739.2000,4739.4000,1,1,9,2,1,1,2,1,1,1
SF,IC2009,2020-02-04 09:32:16.600,4726.6000,5511,-1,364142960.000,1,0,1,双平,S,4726.4000,4726.0000,4723.6000,4721.0000,4720.0000,4735.0000,4738.4000,4738.6000,4739.2000,4739.4000,1,1,1,9,2,1,2,1,1,1
SF,IC2009,2020-02-04 09:32:17.100,4726.6000,5511,0,364142960.000,0,-,-,-,-,4728.8000,4726.8000,4726.4000,4726.0000,4721.0000,4734.8000,4735.0000,4738.4000,4738.6000,4739.2000,1,1,1,1,9,1,1,2,1,1
SF,IC2009,2020-02-04 09:32:17.600,4734.6000,5517,6,371716720.000,8,7,1,空开,S,4726.4000,4726.0000,4721.0000,4720.0000,4701.0000,4734.6000,4734.8000,4738.4000,4738.6000,4739.2000,1,1,9,2,1,1,1,2,1,1
SF,IC2009,2020-02-04 09:32:18.100,4734.6000,5517,0,371716720.000,0,-,-,-,-,4726.4000,4726.0000,4721.0000,4720.0000,4712.4000,4734.6000,4738.4000,4738.6000,4739.2000,4739.4000,1,1,9,2,1,1,2,1,1,1
SF,IC2009,2020-02-04 09:32:18.600,4734.6000,5517,0,371716720.000,0,-,-,-,-,4726.4000,4726.0000,4721.0000,4720.0000,4712.4000,4728.8000,4734.0000,4734.4000,4734.6000,4738.4000,1,1,9,2,1,1,1,1,1,2
SF,IC2009,2020-02-04 09:32:19.100,4739.2000,5517,0,380240680.000,9,4,5,多换,S,4726.8000,4726.0000,4721.0000,4720.0000,4712.4000,4740.0000,4745.8000,4751.8000,4760.0000,4767.6000,2,1,9,2,1,1,1,1,1,5
SF,IC2009,2020-02-04 09:32:19.600,4739.2000,5517,0,380240680.000,0,-,-,-,-,4726.8000,4726.0000,4721.0000,4720.0000,4712.4000,4737.6000,4740.0000,4745.8000,4760.0000,4767.6000,1,1,9,2,1,1,1,1,1,5
SF,IC2009,2020-02-04 09:32:20.100,4739.2000,5517,0,380240680.000,0,-,-,-,-,4727.0000,4726.8000,4726.0000,4721.0000,4720.0000,4733.4000,4737.2000,4737.4000,4740.0000,4760.0000,6,1,1,9,2,1,1,1,1,1
SF,IC2009,2020-02-04 09:32:20.600,4739.2000,5517,0,380240680.000,0,-,-,-,-,4727.4000,4727.0000,4726.0000,4721.0000,4720.0000,4733.0000,4733.2000,4733.4000,4737.0000,4737.2000,2,7,1,9,2,1,1,1,1,1
SF,IC2009,2020-02-04 09:32:21.100,4733.4000,5516,-1,382134040.000,2,0,2,多平,S,4727.4000,4727.0000,4726.0000,4721.0000,4720.0000,4733.4000,4737.2000,4737.4000,4738.6000,4739.2000,2,6,1,9,2,1,1,1,1,2
SF,IC2009,2020-02-04 09:32:21.600,4733.4000,5516,0,382134040.000,0,-,-,-,-,4727.8000,4727.6000,4727.4000,4727.0000,4726.0000,4733.2000,4737.2000,4737.4000,4738.6000,4739.2000,1,1,2,5,1,1,1,1,1,2
SF,IC2009,2020-02-04 09:32:22.100,4733.4000,5516,0,382134040.000,0,-,-,-,-,4728.2000,4727.8000,4727.6000,4727.4000,4727.0000,4732.8000,4733.2000,4733.4000,4737.2000,4737.4000,1,1,1,1,5,1,1,1,1,2
SF,IC2009,2020-02-04 09:32:22.600,4733.2000,5515,-1,383080680.000,1,0,1,双平,S,4728.6000,4728.2000,4728.0000,4727.8000,4727.6000,4733.4000,4734.4000,4737.2000,4737.4000,4739.2000,1,1,1,1,1,1,1,1,2,2
SF,IC2009,2020-02-04 09:32:23.100,4733.2000,5515,0,383080680.000,0,-,-,-,-,4729.0000,4728.6000,4728.4000,4728.0000,4727.4000,4732.0000,4732.6000,4733.4000,4734.4000,4737.2000,1,1,1,1,1,1,1,1,1,1
SF,IC2009,2020-02-04 09:32:23.600,4729.0000,5515,0,384026480.000,1,0,1,多换,S,4729.0000,4728.8000,4728.6000,4728.0000,4727.4000,4731.8000,4732.0000,4733.4000,4734.4000,4737.2000,1,1,1,1,1,1,1,1,1,1
SF,IC2009,2020-02-04 09:32:24.100,4729.0000,5515,0,384026480.000,0,-,-,-,-,4729.4000,4728.8000,4728.6000,4727.4000,4727.0000,4732.0000,4733.4000,4734.4000,4737.2000,4739.2000,1,1,1,1,5,1,1,1,1,2
SF,IC2009,2020-02-04 09:32:24.600,4729.0000,5515,0,384026480.000,0,-,-,-,-,4729.4000,4728.8000,4727.4000,4727.0000,4726.0000,4731.4000,4731.6000,4732.0000,4733.4000,4734.4000,1,1,1,5,1,1,1,1,1,1
SF,IC2009,2020-02-04 09:32:25.100,4731.2000,5512,-3,386864480.000,3,0,3,双平,S,4727.4000,4726.0000,4721.2000,4721.0000,4720.0000,4731.2000,4732.0000,4733.4000,4734.4000,4737.2000,1,1,5,9,4,2,1,1,1,1
SF,IC2009,2020-02-04 09:32:25.600,4731.2000,5512,0,386864480.000,0,-,-,-,-,4727.8000,4726.0000,4721.2000,4721.0000,4720.0000,4731.0000,4731.2000,4732.0000,4733.4000,4734.4000,1,1,5,9,4,1,1,1,1,1
SF,IC2009,2020-02-04 09:32:26.100,4730.8000,5512,0,388756200.000,2,1,1,多换,S,4726.0000,4721.0000,4720.0000,4715.4000,4710.0000,4729.0000,4730.8000,4732.0000,4732.8000,4733.4000,1,9,4,5,1,1,1,1,5,1
SF,IC2009,2020-02-04 09:32:26.600,4730.8000,5512,0,388756200.000,0,-,-,-,-,4726.0000,4721.0000,4720.0000,4710.0000,4709.6000,4728.6000,4728.8000,4729.0000,4732.0000,4733.4000,1,9,4,1,5,1,1,1,1,1
SF,IC2009,2020-02-04 09:32:27.100,4726.0000,5512,0,389701400.000,1,0,1,多换,S,4721.0000,4720.0000,4710.0000,4709.6000,4701.0000,4725.0000,4726.0000,4728.4000,4728.6000,4729.0000,9,4,1,5,1,1,1,1,1,1
SF,IC2009,2020-02-04 09:32:27.600,4726.0000,5512,0,391591800.000,2,1,1,多换,S,4721.0000,4720.0000,4710.0000,4709.6000,4701.0000,4724.8000,4725.6000,4728.6000,4729.0000,4732.0000,9,4,1,5,1,1,1,1,1,1
SF,IC2009,2020-02-04 09:32:28.100,4725.0000,5512,0,392536800.000,1,0,1,多换,S,4721.2000,4721.0000,4720.0000,4710.0000,4701.0000,4725.6000,4728.6000,4729.0000,4732.0000,4734.4000,5,9,4,1,1,1,1,1,1,1
SF,IC2009,2020-02-04 09:32:28.600,4725.0000,5512,0,392536800.000,0,-,-,-,-,4721.0000,4720.0000,4710.0000,4703.8000,4701.0000,4724.6000,4725.2000,4725.6000,4728.6000,4729.0000,9,4,1,5,1,1,1,1,1,1
SF,IC2009,2020-02-04 09:32:29.100,4725.0000,5512,0,392536800.000,0,-,-,-,-,4721.0000,4720.0000,4710.0000,4703.8000,4701.0000,4724.2000,4724.6000,4725.2000,4725.6000,4728.6000,9,4,1,5,1,1,1,1,1,1
SF,IC2009,2020-02-04 09:32:29.600,4725.0000,5512,0,392536800.000,0,-,-,-,-,4721.0000,4720.0000,4710.0000,4703.8000,4701.0000,4724.2000,4724.4000,4724.6000,4725.2000,4725.6000,9,4,1,5,1,1,1,1,1,1
SF,IC2009,2020-02-04 09:32:30.100,4725.0000,5512,0,393481800.000,1,0,1,多换,S,4721.0000,4720.0000,4710.0000,4703.8000,4701.0000,4724.2000,4724.4000,4724.6000,4725.2000,4725.6000,9,4,1,5,1,1,1,1,1,1
SF,IC2009,2020-02-04 09:32:30.600,4725.0000,5512,0,393481800.000,0,-,-,-,-,4721.0000,4720.0000,4710.0000,4703.8000,4701.0000,4723.2000,4724.2000,4724.6000,4725.2000,4725.6000,9,4,1,5,1,1,1,1,1,1
SF,IC2009,2020-02-04 09:32:31.100,4721.0000,5513,1,396314400.000,3,2,1,空开,S,4721.0000,4720.0000,4710.0000,4703.8000,4701.0000,4722.8000,4723.2000,4724.2000,4724.6000,4725.2000,7,4,1,5,1,1,1,1,1,1
SF,IC2009,2020-02-04 09:32:31.600,4721.2000,5512,-1,401037720.000,5,2,3,多平,S,4721.0000,4720.0000,4710.0000,4703.8000,4701.0000,4725.6000,4728.6000,4729.0000,4734.4000,4736.4000,7,4,1,5,1,1,1,1,1,2
SF,IC2009,2020-02-04 09:32:32.100,4721.0000,5512,0,401981920.000,1,0,1,多换,S,4721.0000,4720.0000,4710.0000,4703.8000,4701.0000,4725.6000,4728.6000,4729.0000,4736.4000,4739.4000,6,4,1,5,1,1,1,1,2,1
SF,IC2009,2020-02-04 09:32:32.600,4721.0000,5512,0,402926120.000,1,0,1,多换,S,4721.2000,4721.0000,4720.0000,4710.0000,4703.8000,4725.2000,4725.6000,4728.6000,4729.0000,4736.4000,1,5,4,1,5,1,1,1,1,2
SF,IC2009,2020-02-04 09:32:33.100,4721.0000,5511,-1,403870320.000,1,0,1,双平,S,4721.0000,4720.0000,4710.0000,4703.8000,4701.0000,4721.2000,4724.8000,4725.0000,4725.2000,4725.4000,5,4,1,5,1,1,1,1,1,1
SF,IC2009,2020-02-04 09:32:33.600,4721.0000,5513,2,408591320.000,5,3,2,空开,S,4720.0000,4710.0000,4703.8000,4701.0000,4700.2000,4721.0000,4721.2000,4724.8000,4725.0000,4725.2000,4,1,5,1,1,3,1,1,3,1
SF,IC2009,2020-02-04 09:32:34.100,4721.0000,5513,0,408591320.000,0,-,-,-,-,4720.0000,4710.0000,4703.8000,4701.0000,4700.2000,4720.6000,4721.2000,4724.8000,4725.0000,4725.2000,4,1,5,1,1,2,1,1,3,1
SF,IC2009,2020-02-04 09:32:34.600,4721.0000,5513,0,408591320.000,0,-,-,-,-,4720.0000,4710.0000,4703.8000,4701.0000,4700.2000,4720.6000,4721.2000,4725.0000,4725.2000,4725.6000,4,1,5,1,1,2,1,2,1,1
SF,IC2009,2020-02-04 09:32:35.100,4720.0000,5514,1,412367320.000,4,2,2,空开,S,4710.0000,4703.8000,4701.0000,4700.2000,4700.0000,4720.6000,4721.2000,4725.0000,4725.2000,4728.6000,1,5,1,1,5,2,1,2,1,1
SF,IC2009,2020-02-04 09:32:35.600,4720.6000,5515,1,413311440.000,1,1,0,双开,S,4711.0000,4710.4000,4710.0000,4703.8000,4701.0000,4720.6000,4721.2000,4725.0000,4725.2000,4728.6000,1,1,1,5,1,1,1,2,1,1
SF,IC2009,2020-02-04 09:32:36.100,4720.6000,5515,0,413311440.000,0,-,-,-,-,4711.4000,4711.2000,4710.4000,4710.0000,4703.8000,4720.2000,4720.6000,4721.2000,4725.0000,4725.2000,1,1,1,1,5,1,1,1,1,1
SF,IC2009,2020-02-04 09:32:36.600,4720.6000,5515,0,413311440.000,0,-,-,-,-,4711.4000,4711.2000,4710.4000,4710.0000,4703.8000,4719.8000,4720.0000,4720.2000,4721.2000,4725.0000,1,1,1,1,5,1,1,1,1,1
SF,IC2009,2020-02-04 09:32:37.100,4720.6000,5515,0,413311440.000,0,-,-,-,-,4711.4000,4711.2000,4710.4000,4710.0000,4703.8000,4719.4000,4719.8000,4720.0000,4720.2000,4721.2000,1,1,1,1,5,1,1,1,1,1
SF,IC2009,2020-02-04 09:32:37.600,4720.6000,5515,0,413311440.000,0,-,-,-,-,4713.0000,4711.4000,4711.2000,4710.4000,4710.0000,4719.4000,4720.2000,4721.2000,4725.0000,4725.2000,1,1,1,1,1,1,1,1,1,1
SF,IC2009,2020-02-04 09:32:38.100,4719.4000,5515,0,414255320.000,1,0,1,多换,S,4711.4000,4711.2000,4710.4000,4710.0000,4703.8000,4719.0000,4720.2000,4721.2000,4725.0000,4725.2000,1,1,1,1,5,1,1,1,1,1
SF,IC2009,2020-02-04 09:32:38.600,4719.4000,5515,0,414255320.000,0,-,-,-,-,4713.4000,4711.4000,4710.4000,4710.0000,4703.8000,4718.8000,4719.0000,4720.2000,4721.2000,4725.0000,1,2,1,1,5,1,1,1,1,1
SF,IC2009,2020-02-04 09:32:39.100,4719.4000,5515,0,414255320.000,0,-,-,-,-,4713.4000,4711.4000,4710.4000,4710.0000,4703.8000,4718.4000,4718.6000,4718.8000,4719.0000,4720.2000,1,1,1,1,5,1,1,1,1,1
SF,IC2009,2020-02-04 09:32:39.600,4713.4000,5514,-1,416141880.000,2,0,2,多平,S,4711.4000,4710.4000,4710.0000,4703.8000,4701.0000,4718.0000,4718.2000,4718.4000,4718.6000,4718.8000,1,1,1,5,1,1,1,1,1,1
SF,IC2009,2020-02-04 09:32:40.100,4713.4000,5514,0,416141880.000,0,-,-,-,-,4713.8000,4711.4000,4710.4000,4710.0000,4703.8000,4718.0000,4718.2000,4718.4000,4718.6000,4719.0000,1,2,1,1,5,1,1,1,1,1
SF,IC2009,2020-02-04 09:32:40.600,4713.4000,5514,0,416141880.000,0,-,-,-,-,4713.8000,4711.4000,4710.4000,4710.0000,4703.8000,4717.6000,4717.8000,4718.0000,4718.4000,4718.6000,1,2,1,1,5,1,1,1,1,1
SF,IC2009,2020-02-04 09:32:41.100,4713.4000,5514,0,416141880.000,0,-,-,-,-,4713.8000,4711.4000,4710.4000,4710.0000,4703.8000,4717.2000,4717.6000,4717.8000,4718.0000,4718.4000,1,2,1,1,5,1,1,1,1,1
SF,IC2009,2020-02-04 09:32:41.600,4713.4000,5514,0,416141880.000,0,-,-,-,-,4713.8000,4711.4000,4710.4000,4710.0000,4703.8000,4717.2000,4718.0000,4718.4000,4718.6000,4719.0000,1,2,1,1,5,1,1,1,1,1
SF,IC2009,2020-02-04 09:32:42.100,4717.2000,5513,-1,417085320.000,1,0,1,双平,S,4713.8000,4711.4000,4710.4000,4710.0000,4703.8000,4718.0000,4719.0000,4720.2000,4725.2000,4728.6000,1,2,1,1,5,1,1,1,1,1
SF,IC2009,2020-02-04 09:32:42.600,4717.2000,5513,0,417085320.000,0,-,-,-,-,4716.4000,4713.8000,4711.4000,4710.4000,4710.0000,4718.0000,4719.0000,4720.2000,4725.2000,4728.6000,1,1,2,1,1,1,1,1,1,1
SF,IC2009,2020-02-04 09:32:43.100,4713.8000,5512,-1,418028080.000,1,0,1,双平,S,4711.4000,4710.4000,4710.0000,4703.8000,4701.0000,4713.4000,4713.8000,4717.8000,4718.0000,4719.0000,2,1,1,5,3,1,1,2,1,1
SF,IC2009,2020-02-04 09:32:43.600,4717.8000,5515,3,422743040.000,5,4,1,空开,S,4711.6000,4711.4000,4710.4000,4710.0000,4703.8000,4718.0000,4719.0000,4720.0000,4720.2000,4725.2000,2,2,1,1,5,1,1,1,1,1
SF,IC2009,2020-02-04 09:32:44.100,4717.8000,5515,0,422743040.000,0,-,-,-,-,4712.2000,4712.0000,4711.6000,4711.4000,4710.4000,4717.8000,4718.0000,4719.0000,4720.0000,4720.2000,1,1,1,2,1,2,1,1,1,1
SF,IC2009,2020-02-04 09:32:44.600,4712.6000,5514,-1,423685560.000,1,0,1,双平,S,4712.2000,4712.0000,4711.6000,4711.4000,4710.4000,4717.4000,4717.8000,4718.0000,4719.0000,4720.0000,1,1,1,2,1,1,2,1,1,1
SF,IC2009,2020-02-04 09:32:45.100,4712.6000,5514,0,423685560.000,0,-,-,-,-,4712.6000,4712.4000,4712.2000,4712.0000,4711.6000,4717.4000,4717.8000,4718.0000,4719.0000,4720.0000,1,1,1,1,1,1,1,2,1,1
SF,IC2009,2020-02-04 09:32:45.600,4712.6000,5513,-1,424628080.000,1,0,1,双平,S,4712.4000,4712.2000,4712.0000,4711.6000,4711.4000,4717.2000,4717.4000,4717.8000,4718.0000,4719.0000,1,1,1,1,2,1,1,1,2,1
SF,IC2009,2020-02-04 09:32:46.100,4712.6000,5513,0,424628080.000,0,-,-,-,-,4713.0000,4712.8000,4712.4000,4712.0000,4711.6000,4716.8000,4717.2000,4717.4000,4718.0000,4719.0000,1,1,1,1,1,1,1,1,2,1
SF,IC2009,2020-02-04 09:32:46.600,4712.6000,5513,0,424628080.000,0,-,-,-,-,4713.0000,4712.8000,4712.4000,4712.0000,4711.6000,4716.8000,4717.4000,4718.0000,4719.0000,4720.0000,1,1,1,1,1,1,1,2,1,1
SF,IC2009,2020-02-04 09:32:47.100,4712.6000,5513,0,424628080.000,0,-,-,-,-,4713.6000,4713.4000,4713.2000,4713.0000,4712.8000,4715.0000,4716.6000,4716.8000,4717.4000,4718.0000,1,1,1,1,1,1,1,1,1,2
SF,IC2009,2020-02-04 09:32:47.600,4712.6000,5513,0,424628080.000,0,-,-,-,-,4713.2000,4713.0000,4712.8000,4712.4000,4712.0000,4715.0000,4716.8000,4717.4000,4718.0000,4719.0000,1,1,1,1,1,1,1,1,2,1
SF,IC2009,2020-02-04 09:32:48.100,4713.0000,5513,0,426513320.000,2,1,1,多换,S,4712.8000,4712.4000,4712.0000,4711.4000,4710.0000,4714.8000,4715.0000,4716.8000,4717.4000,4718.0000,1,1,1,2,1,1,1,1,1,2
SF,IC2009,2020-02-04 09:32:48.600,4713.0000,5513,0,426513320.000,0,-,-,-,-,4712.8000,4712.4000,4712.0000,4711.4000,4710.0000,4714.4000,4714.8000,4715.0000,4716.8000,4717.4000,1,1,1,2,1,1,1,1,1,1
SF,IC2009,2020-02-04 09:32:49.100,4713.0000,5513,0,427455920.000,1,0,1,多换,S,4712.8000,4712.4000,4712.0000,4711.4000,4710.0000,4714.4000,4715.0000,4716.8000,4717.4000,4718.0000,1,1,1,2,1,1,1,1,1,2
SF,IC2009,2020-02-04 09:32:49.600,4713.0000,5512,-1,428398520.000,1,0,1,双平,S,4712.8000,4712.4000,4712.0000,4711.4000,4710.0000,4714.2000,4714.4000,4715.0000,4716.8000,4717.4000,1,1,1,2,1,1,1,2,1,1
SF,IC2009,2020-02-04 09:32:50.100,4713.0000,5512,0,428398520.000,0,-,-,-,-,4712.8000,4711.4000,4710.0000,4703.8000,4701.0000,4713.8000,4714.2000,4714.4000,4715.0000,4716.8000,1,2,1,5,3,1,4,1,2,1
SF,IC2009,2020-02-04 09:32:50.600,4713.0000,5512,0,428398520.000,0,-,-,-,-,4711.4000,4710.0000,4703.8000,4701.0000,4700.2000,4713.8000,4714.2000,4714.4000,4715.0000,4716.8000,2,1,5,3,1,1,3,1,2,1
SF,IC2009,2020-02-04 09:32:51.100,4713.8000,5511,-1,430284040.000,2,0,2,多平,S,4711.4000,4710.0000,4703.8000,4701.0000,4700.2000,4714.4000,4715.0000,4716.8000,4717.4000,4718.0000,2,1,5,3,1,1,2,1,1,2
SF,IC2009,2020-02-04 09:32:51.600,4713.8000,5511,0,430284040.000,0,-,-,-,-,4711.4000,4710.0000,4703.8000,4701.0000,4700.2000,4714.2000,4714.4000,4715.0000,4716.8000,4717.4000,2,1,5,3,1,1,1,2,1,1
SF,IC2009,2020-02-04 09:32:52.100,4714.4000,5511,0,433112640.000,3,1,2,多换,S,4711.4000,4710.0000,4703.8000,4701.0000,4700.2000,4715.0000,4716.8000,4717.4000,4718.0000,4719.0000,1,1,5,3,1,2,1,1,2,1
SF,IC2009,2020-02-04 09:32:52.600,4714.4000,5511,0,433112640.000,0,-,-,-,-,4711.4000,4710.0000,4703.8000,4701.0000,4700.2000,4714.6000,4715.0000,4716.8000,4717.4000,4718.0000,1,1,5,3,1,1,2,1,1,2
SF,IC2009,2020-02-04 09:32:53.100,4714.4000,5511,0,433112640.000,0,-,-,-,-,4711.4000,4710.0000,4703.8000,4701.0000,4700.2000,4714.6000,4714.8000,4715.0000,4716.8000,4717.4000,1,1,5,3,1,1,1,2,1,1
SF,IC2009,2020-02-04 09:32:53.600,4714.4000,5511,0,433112640.000,0,-,-,-,-,4711.4000,4710.0000,4703.8000,4701.0000,4700.2000,4714.6000,4714.8000,4715.0000,4716.8000,4717.4000,1,1,5,3,1,1,1,2,1,1
SF,IC2009,2020-02-04 09:32:54.100,4711.4000,5510,-1,434997800.000,2,0,2,多平,S,4710.0000,4703.8000,4701.0000,4700.2000,4700.0000,4711.4000,4714.6000,4715.0000,4716.8000,4717.4000,1,5,2,1,5,1,1,2,1,1
SF,IC2009,2020-02-04 09:32:54.600,4711.4000,5510,0,434997800.000,0,-,-,-,-,4710.4000,4710.0000,4703.8000,4701.0000,4700.2000,4711.4000,4714.6000,4715.0000,4716.8000,4717.4000,1,1,5,2,1,1,1,2,1,1
SF,IC2009,2020-02-04 09:32:55.100,4711.4000,5510,0,434997800.000,0,-,-,-,-,4710.6000,4710.4000,4710.0000,4703.8000,4701.0000,4711.4000,4714.6000,4715.0000,4716.8000,4717.4000,1,1,1,5,2,1,1,2,1,1
SF,IC2009,2020-02-04 09:32:55.600,4711.4000,5509,-1,435940080.000,1,0,1,双平,S,4711.0000,4710.4000,4710.0000,4703.8000,4701.0000,4714.6000,4715.0000,4716.8000,4717.4000,4718.0000,1,1,1,5,2,1,2,1,1,2
SF,IC2009,2020-02-04 09:32:56.100,4711.4000,5509,0,435940080.000,0,-,-,-,-,4711.6000,4711.4000,4711.0000,4710.4000,4710.0000,4714.6000,4715.0000,4716.8000,4717.4000,4718.0000,1,1,1,1,1,1,2,1,1,2
SF,IC2009,2020-02-04 09:32:56.600,4711.4000,5509,0,435940080.000,0,-,-,-,-,4712.0000,4711.8000,4711.6000,4711.4000,4711.0000,4714.6000,4715.0000,4716.8000,4717.4000,4718.0000,1,1,1,2,1,1,2,1,1,2
SF,IC2009,2020-02-04 09:32:57.100,4711.4000,5509,0,435940080.000,0,-,-,-,-,4712.0000,4711.8000,4711.4000,4711.0000,4710.0000,4714.6000,4715.0000,4716.8000,4717.4000,4718.0000,1,1,2,1,1,1,2,1,1,2
SF,IC2009,2020-02-04 09:32:57.600,4711.4000,5509,0,435940080.000,0,-,-,-,-,4712.0000,4711.8000,4711.4000,4711.0000,4710.0000,4714.6000,4715.0000,4716.8000,4717.4000,4718.0000,1,1,2,1,1,1,2,1,1,2
SF,IC2009,2020-02-04 09:32:58.100,4711.4000,5509,0,435940080.000,0,-,-,-,-,4712.0000,4711.8000,4711.4000,4711.0000,4710.0000,4714.6000,4715.0000,4716.8000,4717.4000,4718.0000,1,1,2,1,1,1,2,1,1,2
SF,IC2009,2020-02-04 09:32:58.600,4711.4000,5509,0,435940080.000,0,-,-,-,-,4712.0000,4711.4000,4711.0000,4710.0000,4703.8000,4714.6000,4715.0000,4716.8000,4717.4000,4718.0000,1,2,1,1,5,1,2,1,1,2
SF,IC2009,2020-02-04 09:32:59.100,4711.4000,5509,0,435940080.000,0,-,-,-,-,4712.0000,4711.4000,4711.0000,4710.0000,4703.8000,4714.6000,4715.0000,4716.8000,4717.4000,4718.0000,1,2,1,1,5,1,2,1,1,2
SF,IC2009,2020-02-04 09:32:59.600,4711.4000,5509,0,435940080.000,0,-,-,-,-,4712.0000,4711.4000,4711.0000,4710.0000,4703.8000,4714.6000,4715.0000,4716.8000,4717.4000,4718.0000,1,2,1,1,5,1,2,1,1,2
SF,IC2009,2020-02-04 09:33:00.100,4711.4000,5509,0,435940080.000,0,-,-,-,-,4712.0000,4711.4000,4711.0000,4710.0000,4703.8000,4714.6000,4715.0000,4716.8000,4717.4000,4718.0000,1,2,1,1,5,1,2,1,1,2
SF,IC2009,2020-02-04 09:33:00.600,4714.6000,5509,0,436883000.000,1,0,1,多换,S,4714.8000,4712.0000,4711.4000,4711.0000,4710.0000,4715.0000,4716.8000,4717.4000,4718.0000,4719.0000,1,1,2,1,1,2,1,1,2,1
SF,IC2009,2020-02-04 09:33:01.100,4715.0000,5507,-2,439711920.000,3,0,3,多平,S,4714.6000,4712.0000,4711.4000,4710.0000,4703.8000,4715.0000,4716.8000,4717.4000,4718.0000,4719.0000,4,1,2,1,5,1,1,1,2,1
SF,IC2009,2020-02-04 09:33:02.100,4715.0000,5508,1,440654920.000,1,1,0,双开,S,4714.6000,4712.0000,4711.4000,4710.0000,4703.8000,4716.8000,4717.4000,4718.0000,4719.0000,4720.0000,4,1,2,1,5,1,1,2,1,1
SF,IC2009,2020-02-04 09:33:02.600,4715.0000,5508,0,440654920.000,0,-,-,-,-,4715.2000,4714.6000,4714.4000,4712.0000,4711.4000,4716.8000,4717.4000,4718.0000,4719.0000,4720.0000,1,4,1,1,2,1,1,2,1,1
SF,IC2009,2020-02-04 09:33:03.600,4716.8000,5508,0,441598280.000,1,0,1,多换,S,4715.2000,4714.6000,4714.4000,4712.0000,4711.4000,4718.0000,4719.0000,4720.0000,4720.2000,4732.8000,1,4,1,1,2,1,1,1,1,5
SF,IC2009,2020-02-04 09:33:04.100,4716.8000,5508,0,441598280.000,0,-,-,-,-,4717.0000,4715.2000,4714.6000,4714.4000,4712.0000,4718.0000,4719.0000,4720.0000,4732.8000,4740.0000,1,1,4,1,1,1,1,1,5,2
SF,IC2009,2020-02-04 09:33:04.600,4718.0000,5508,0,442541880.000,1,0,1,多换,S,4717.0000,4716.6000,4715.2000,4714.6000,4712.0000,4719.0000,4720.0000,4732.8000,4740.0000,4749.0000,1,1,1,4,1,1,1,5,2,1
SF,IC2009,2020-02-04 09:33:05.100,4718.0000,5508,0,442541880.000,0,-,-,-,-,4717.0000,4716.6000,4715.2000,4714.6000,4712.0000,4718.8000,4719.0000,4720.0000,4732.8000,4740.0000,1,1,1,4,1,1,1,1,5,2
SF,IC2009,2020-02-04 09:33:05.600,4718.0000,5508,0,442541880.000,0,-,-,-,-,4717.0000,4716.6000,4715.2000,4714.6000,4712.0000,4719.0000,4720.0000,4732.8000,4740.0000,4749.0000,1,1,1,4,1,1,1,5,2,1
SF,IC2009,2020-02-04 09:33:06.100,4718.0000,5508,0,442541880.000,0,-,-,-,-,4717.0000,4716.6000,4715.2000,4714.6000,4712.0000,4719.0000,4720.0000,4732.8000,4740.0000,4749.0000,1,1,1,4,1,1,1,5,2,1
SF,IC2009,2020-02-04 09:33:06.600,4719.0000,5507,-1,443485680.000,1,0,1,双平,S,4717.2000,4717.0000,4715.4000,4715.2000,4714.6000,4720.0000,4732.8000,4740.0000,4749.0000,4758.0000,1,1,5,1,4,1,5,2,1,1
SF,IC2009,2020-02-04 09:33:07.100,4719.0000,5507,0,443485680.000,0,-,-,-,-,4717.4000,4717.0000,4714.6000,4711.4000,4710.0000,4718.8000,4720.0000,4732.8000,4740.0000,4749.0000,1,1,4,1,1,1,1,5,2,1
SF,IC2009,2020-02-04 09:33:07.600,4718.8000,5506,-1,444429440.000,1,0,1,双平,S,4717.4000,4717.0000,4714.6000,4712.0000,4711.4000,4720.0000,4732.8000,4740.0000,4749.0000,4754.0000,1,1,4,2,1,1,5,2,1,1
SF,IC2009,2020-02-04 09:33:08.100,4718.8000,5506,0,444429440.000,0,-,-,-,-,4717.6000,4717.4000,4717.0000,4714.6000,4712.0000,4720.0000,4732.8000,4740.0000,4749.0000,4754.0000,1,1,1,4,2,1,5,2,1,1
SF,IC2009,2020-02-04 09:33:08.600,4718.8000,5506,0,444429440.000,0,-,-,-,-,4718.0000,4717.6000,4717.4000,4717.0000,4714.6000,4720.0000,4732.8000,4740.0000,4749.0000,4754.0000,1,1,1,1,4,1,5,2,1,1
SF,IC2009,2020-02-04 09:33:09.100,4720.0000,5505,-1,445373440.000,1,0,1,双平,S,4718.8000,4718.2000,4718.0000,4717.6000,4717.4000,4732.8000,4740.0000,4749.0000,4754.0000,4758.0000,2,1,1,1,1,5,2,1,1,1
SF,IC2009,2020-02-04 09:33:09.600,4720.0000,5505,0,445373440.000,0,-,-,-,-,4718.8000,4718.2000,4718.0000,4717.6000,4717.0000,4723.8000,4729.2000,4732.2000,4732.4000,4732.8000,2,1,1,1,1,1,1,1,1,5
SF,IC2009,2020-02-04 09:33:10.100,4720.0000,5505,0,445373440.000,0,-,-,-,-,4718.8000,4718.2000,4718.0000,4717.6000,4717.0000,4723.4000,4729.2000,4732.2000,4732.4000,4732.8000,2,1,1,1,1,1,1,1,1,5
SF,IC2009,2020-02-04 09:33:10.600,4720.0000,5505,0,445373440.000,0,-,-,-,-,4720.0000,4719.0000,4718.8000,4718.2000,4718.0000,4723.4000,4729.2000,4732.2000,4732.4000,4732.8000,1,1,2,1,1,1,1,1,1,5
SF,IC2009,2020-02-04 09:33:11.100,4720.0000,5505,0,445373440.000,0,-,-,-,-,4720.2000,4720.0000,4719.8000,4719.0000,4718.8000,4723.4000,4729.2000,4732.2000,4738.6000,4740.0000,1,1,1,1,2,1,1,1,5,2
SF,IC2009,2020-02-04 09:33:11.600,4720.0000,5505,0,445373440.000,0,-,-,-,-,4720.2000,4720.0000,4719.8000,4719.0000,4718.8000,4729.2000,4732.2000,4738.6000,4740.0000,4749.0000,1,1,1,1,2,1,1,5,2,1
SF,IC2009,2020-02-04 09:33:12.100,4720.0000,5505,0,445373440.000,0,-,-,-,-,4721.4000,4720.6000,4720.2000,4720.0000,4719.0000,4726.6000,4729.2000,4732.2000,4738.6000,4740.0000,1,1,1,1,1,1,1,1,5,2
SF,IC2009,2020-02-04 09:33:12.600,4720.0000,5505,0,445373440.000,0,-,-,-,-,4721.8000,4721.4000,4720.6000,4720.2000,4720.0000,4726.2000,4729.2000,4732.2000,4738.6000,4740.0000,1,1,1,1,1,1,1,1,5,2
SF,IC2009,2020-02-04 09:33:13.100,4720.0000,5505,0,445373440.000,0,-,-,-,-,4721.4000,4720.6000,4720.2000,4720.0000,4718.8000,4726.0000,4726.2000,4729.2000,4732.2000,4738.6000,1,1,1,1,4,1,1,1,1,5
SF,IC2009,2020-02-04 09:33:13.600,4720.0000,5505,0,445373440.000,0,-,-,-,-,4722.0000,4720.6000,4720.2000,4720.0000,4718.8000,4725.6000,4726.2000,4729.2000,4732.2000,4738.6000,1,1,1,1,4,1,1,1,1,5
SF,IC2009,2020-02-04 09:33:14.100,4720.0000,5505,0,445373440.000,0,-,-,-,-,4722.2000,4722.0000,4720.6000,4720.0000,4718.8000,4725.6000,4726.2000,4732.2000,4738.6000,4740.0000,1,2,1,1,4,1,1,1,5,2
SF,IC2009,2020-02-04 09:33:14.600,4720.0000,5505,0,445373440.000,0,-,-,-,-,4722.2000,4722.0000,4721.2000,4720.6000,4720.0000,4725.6000,4726.2000,4732.2000,4738.6000,4740.0000,1,1,5,1,1,1,1,1,5,2
SF,IC2009,2020-02-04 09:33:15.100,4720.0000,5505,0,445373440.000,0,-,-,-,-,4723.8000,4722.2000,4722.0000,4721.2000,4720.6000,4725.6000,4726.2000,4732.2000,4738.6000,4740.0000,4,1,1,5,1,1,1,1,5,2
SF,IC2009,2020-02-04 09:33:15.600,4720.0000,5505,0,445373440.000,0,-,-,-,-,4724.6000,4723.8000,4722.0000,4721.2000,4720.6000,4725.6000,4726.2000,4732.2000,4738.6000,4740.0000,1,4,1,5,1,1,1,1,5,2
SF,IC2009,2020-02-04 09:33:16.100,4724.8000,5503,-2,448208760.000,3,0,3,多平,S,4724.6000,4723.8000,4722.0000,4721.2000,4720.6000,4738.6000,4740.0000,4749.0000,4754.0000,4758.0000,1,4,1,5,1,5,2,1,1,1
SF,IC2009,2020-02-04 09:33:16.600,4724.8000,5503,0,448208760.000,0,-,-,-,-,4725.8000,4724.8000,4724.6000,4723.8000,4721.2000,4731.8000,4733.4000,4738.0000,4738.6000,4740.0000,1,1,2,4,5,1,1,2,5,2
SF,IC2009,2020-02-04 09:33:17.100,4724.8000,5503,0,448208760.000,0,-,-,-,-,4726.0000,4725.8000,4724.6000,4723.8000,4722.0000,4731.4000,4733.4000,4738.0000,4740.0000,4744.4000,1,1,2,4,1,1,1,2,2,5
SF,IC2009,2020-02-04 09:33:17.600,4724.8000,5503,0,448208760.000,0,-,-,-,-,4726.2000,4726.0000,4725.8000,4724.6000,4723.8000,4731.4000,4738.0000,4740.0000,4744.4000,4749.0000,1,1,1,1,4,1,1,2,5,1
SF,IC2009,2020-02-04 09:33:18.100,4724.8000,5503,0,448208760.000,0,-,-,-,-,4726.2000,4726.0000,4725.8000,4724.6000,4723.8000,4738.0000,4740.0000,4744.4000,4749.0000,4754.0000,1,2,1,1,4,1,2,5,1,1
SF,IC2009,2020-02-04 09:33:18.600,4724.8000,5503,0,448208760.000,0,-,-,-,-,4726.2000,4726.0000,4724.6000,4723.8000,4721.2000,4733.0000,4737.6000,4738.0000,4740.0000,4744.4000,1,1,1,4,5,1,1,1,2,5
SF,IC2009,2020-02-04 09:33:19.100,4724.8000,5503,0,448208760.000,0,-,-,-,-,4727.0000,4726.4000,4726.2000,4726.0000,4724.6000,4733.0000,4737.6000,4738.0000,4740.0000,4744.4000,1,1,1,1,1,1,1,2,2,5
SF,IC2009,2020-02-04 09:33:19.600,4724.8000,5503,0,448208760.000,0,-,-,-,-,4727.2000,4727.0000,4726.4000,4726.0000,4724.6000,4737.6000,4738.0000,4740.0000,4749.0000,4750.2000,1,1,1,1,1,1,1,2,1,5
SF,IC2009,2020-02-04 09:33:20.100,4724.8000,5503,0,448208760.000,0,-,-,-,-,4727.6000,4727.0000,4726.0000,4724.6000,4723.8000,4733.4000,4738.0000,4740.0000,4749.0000,4750.2000,1,1,1,1,4,1,1,2,1,5
SF,IC2009,2020-02-04 09:33:20.600,4724.8000,5503,0,448208760.000,0,-,-,-,-,4727.8000,4726.0000,4724.6000,4723.8000,4721.2000,4733.4000,4738.0000,4740.0000,4749.0000,4750.2000,1,1,1,4,5,1,1,2,1,5
SF,IC2009,2020-02-04 09:33:21.100,4724.8000,5503,0,448208760.000,0,-,-,-,-,4729.4000,4728.2000,4727.8000,4727.6000,4726.0000,4733.4000,4735.0000,4738.0000,4740.0000,4749.0000,1,1,1,1,1,1,1,1,2,1
SF,IC2009,2020-02-04 09:33:21.600,4724.8000,5503,0,448208760.000,0,-,-,-,-,4728.2000,4727.6000,4726.0000,4724.6000,4723.8000,4733.4000,4735.0000,4738.0000,4740.0000,4749.0000,1,1,1,1,4,1,1,1,2,1
SF,IC2009,2020-02-04 09:33:22.100,4733.4000,5503,0,449155440.000,1,0,1,多换,S,4728.2000,4727.6000,4726.0000,4724.6000,4723.8000,4735.0000,4738.0000,4738.6000,4740.0000,4749.0000,1,1,1,1,4,1,1,5,2,1
SF,IC2009,2020-02-04 09:33:22.600,4733.4000,5503,0,449155440.000,0,-,-,-,-,4728.2000,4727.6000,4726.0000,4724.6000,4723.8000,4730.2000,4734.6000,4735.0000,4738.0000,4738.6000,1,1,1,1,4,1,1,1,1,5
SF,IC2009,2020-02-04 09:33:23.100,4733.4000,5503,0,449155440.000,0,-,-,-,-,4728.4000,4727.6000,4726.0000,4724.6000,4723.8000,4730.0000,4730.2000,4734.6000,4735.0000,4738.0000,1,1,1,1,4,1,1,1,1,1
SF,IC2009,2020-02-04 09:33:23.600,4733.4000,5503,0,449155440.000,0,-,-,-,-,4728.4000,4727.6000,4726.0000,4724.6000,4723.8000,4730.0000,4734.6000,4735.0000,4736.0000,4738.0000,1,1,1,1,4,2,1,1,1,1
SF,IC2009,2020-02-04 09:33:24.100,4733.4000,5503,0,449155440.000,0,-,-,-,-,4728.4000,4727.6000,4726.0000,4724.6000,4723.8000,4729.6000,4734.6000,4735.0000,4736.0000,4738.0000,1,1,1,1,4,1,1,1,1,1
SF,IC2009,2020-02-04 09:33:24.600,4733.4000,5503,0,449155440.000,0,-,-,-,-,4727.6000,4726.0000,4723.8000,4720.0000,4719.8000,4729.6000,4729.8000,4734.6000,4735.0000,4736.0000,1,1,4,1,1,1,2,1,1,1
SF,IC2009,2020-02-04 09:33:25.100,4726.0000,5504,1,451046160.000,2,1,1,空开,S,4723.8000,4720.0000,4719.8000,4718.8000,4716.6000,4729.4000,4729.6000,4734.6000,4735.0000,4736.0000,4,1,1,4,1,2,1,1,1,1
SF,IC2009,2020-02-04 09:33:25.600,4726.0000,5504,0,451046160.000,0,-,-,-,-,4724.0000,4723.8000,4720.0000,4718.8000,4716.6000,4734.6000,4735.0000,4736.0000,4738.0000,4738.6000,1,4,1,4,1,1,1,1,1,5
SF,IC2009,2020-02-04 09:33:26.100,4726.0000,5504,0,451046160.000,0,-,-,-,-,4724.0000,4723.8000,4720.0000,4718.8000,4716.6000,4727.2000,4734.6000,4735.0000,4736.0000,4738.0000,1,4,1,4,1,1,1,1,1,1
SF,IC2009,2020-02-04 09:33:26.600,4726.0000,5504,0,451991360.000,1,0,1,多换,S,4729.4000,4724.0000,4723.8000,4720.0000,4718.8000,4734.6000,4735.0000,4736.0000,4738.0000,4738.6000,1,1,4,1,4,1,1,1,1,5
SF,IC2009,2020-02-04 09:33:27.100,4724.0000,5503,-1,453882040.000,2,0,2,多平,S,4723.8000,4720.0000,4718.8000,4716.6000,4714.6000,4734.6000,4735.0000,4736.0000,4738.0000,4738.6000,4,1,4,1,4,1,1,1,1,5
SF,IC2009,2020-02-04 09:33:27.600,4724.0000,5503,0,453882040.000,0,-,-,-,-,4723.8000,4720.0000,4718.8000,4716.6000,4714.6000,4733.4000,4734.2000,4734.6000,4735.0000,4736.0000,4,1,4,1,4,1,1,1,1,1
SF,IC2009,2020-02-04 09:33:28.100,4724.0000,5503,0,453882040.000,0,-,-,-,-,4723.8000,4720.0000,4718.8000,4716.6000,4714.6000,4733.0000,4733.4000,4734.2000,4734.6000,4735.0000,4,1,4,1,4,1,1,1,1,1
SF,IC2009,2020-02-04 09:33:28.600,4724.0000,5503,0,453882040.000,0,-,-,-,-,4724.2000,4724.0000,4723.8000,4720.0000,4718.8000,4733.0000,4733.4000,4734.6000,4735.0000,4736.0000,1,1,4,1,4,1,1,1,1,1
SF,IC2009,2020-02-04 09:33:29.100,4724.0000,5503,0,453882040.000,0,-,-,-,-,4724.2000,4724.0000,4723.8000,4720.0000,4718.8000,4732.6000,4733.0000,4733.4000,4734.6000,4735.0000,1,1,4,1,4,1,1,1,1,1
SF,IC2009,2020-02-04 09:33:29.600,4724.0000,5503,0,453882040.000,0,-,-,-,-,4724.4000,4724.2000,4724.0000,4723.8000,4720.0000,4732.2000,4733.0000,4733.4000,4734.6000,4735.0000,1,1,1,4,1,1,1,1,1,1
SF,IC2009,2020-02-04 09:33:30.100,4724.0000,5503,0,453882040.000,0,-,-,-,-,4724.8000,4724.4000,4724.2000,4723.8000,4720.0000,4732.2000,4733.0000,4734.6000,4735.0000,4736.0000,1,1,1,4,1,2,1,1,1,1
SF,IC2009,2020-02-04 09:33:30.600,4724.0000,5503,0,453882040.000,0,-,-,-,-,4725.0000,4724.8000,4724.4000,4724.2000,4724.0000,4731.8000,4732.2000,4733.0000,4734.6000,4735.0000,1,1,1,1,1,1,1,1,1,1
SF,IC2009,2020-02-04 09:33:31.100,4724.0000,5503,0,453882040.000,0,-,-,-,-,4725.6000,4725.0000,4724.4000,4724.2000,4724.0000,4731.4000,4732.2000,4733.0000,4734.6000,4735.0000,1,1,1,1,1,1,1,1,1,1
SF,IC2009,2020-02-04 09:33:31.600,4724.0000,5503,0,453882040.000,0,-,-,-,-,4725.6000,4725.0000,4724.2000,4723.8000,4720.0000,4731.4000,4732.2000,4733.0000,4734.6000,4735.0000,1,1,1,5,1,1,1,1,1,1
SF,IC2009,2020-02-04 09:33:32.100,4724.0000,5503,0,453882040.000,0,-,-,-,-,4725.6000,4724.2000,4723.8000,4721.2000,4720.0000,4731.4000,4732.2000,4733.0000,4734.6000,4735.0000,1,1,5,5,1,1,1,1,1,1
SF,IC2009,2020-02-04 09:33:32.600,4724.0000,5503,0,453882040.000,0,-,-,-,-,4725.8000,4725.6000,4724.2000,4723.8000,4720.0000,4731.4000,4732.2000,4733.0000,4734.6000,4735.0000,1,1,1,5,1,1,1,1,1,1
SF,IC2009,2020-02-04 09:33:34.100,4724.0000,5503,0,453882040.000,0,-,-,-,-,4726.4000,4725.8000,4725.6000,4723.8000,4720.0000,4731.4000,4732.2000,4733.0000,4734.6000,4735.0000,1,1,1,5,1,2,1,1,1,1
SF,IC2009,2020-02-04 09:33:34.600,4724.0000,5503,0,453882040.000,0,-,-,-,-,4726.4000,4723.8000,4720.0000,4718.8000,4715.4000,4731.4000,4732.2000,4733.0000,4734.6000,4735.0000,1,5,1,4,5,2,1,1,1,1
SF,IC2009,2020-02-04 09:33:35.600,4724.0000,5503,0,453882040.000,0,-,-,-,-,4726.4000,4723.8000,4720.0000,4718.8000,4715.4000,4731.4000,4734.6000,4735.0000,4736.0000,4738.0000,1,5,1,4,5,1,1,1,1,1
SF,IC2009,2020-02-04 09:33:36.100,4731.4000,5503,0,454828320.000,1,0,1,多换,S,4727.2000,4726.6000,4726.4000,4723.8000,4720.0000,4734.6000,4735.0000,4736.0000,4738.0000,4738.6000,1,1,1,5,1,1,1,1,1,5
SF,IC2009,2020-02-04 09:33:36.600,4731.4000,5503,0,454828320.000,0,-,-,-,-,4727.2000,4726.6000,4726.4000,4725.0000,4723.8000,4734.6000,4735.0000,4736.0000,4738.0000,4738.6000,1,1,1,2,5,1,1,1,1,5
SF,IC2009,2020-02-04 09:33:37.100,4731.4000,5503,0,454828320.000,0,-,-,-,-,4727.2000,4726.6000,4725.0000,4723.8000,4720.0000,4734.6000,4735.0000,4736.0000,4738.0000,4738.6000,1,1,2,5,1,1,1,1,1,5
SF,IC2009,2020-02-04 09:33:37.600,4731.4000,5503,0,454828320.000,0,-,-,-,-,4727.6000,4727.4000,4727.2000,4725.0000,4723.8000,4734.6000,4735.0000,4736.0000,4738.0000,4738.6000,1,1,1,2,5,1,1,1,1,5
SF,IC2009,2020-02-04 09:33:38.100,4731.4000,5503,0,454828320.000,0,-,-,-,-,4727.6000,4727.4000,4727.2000,4725.0000,4723.8000,4734.2000,4735.0000,4736.0000,4738.0000,4738.6000,1,2,1,2,5,1,1,1,1,5
SF,IC2009,2020-02-04 09:33:38.600,4731.4000,5503,0,454828320.000,0,-,-,-,-,4728.2000,4727.8000,4727.6000,4727.2000,4725.0000,4734.2000,4735.0000,4736.0000,4738.0000,4738.6000,1,1,1,1,2,1,1,1,1,5
SF,IC2009,2020-02-04 09:33:39.100,4731.4000,5503,0,454828320.000,0,-,-,-,-,4728.2000,4727.8000,4727.2000,4725.0000,4723.8000,4734.2000,4735.0000,4736.0000,4738.0000,4738.6000,1,1,1,2,5,1,1,1,1,5
SF,IC2009,2020-02-04 09:33:39.600,4731.4000,5503,0,454828320.000,0,-,-,-,-,4733.6000,4725.0000,4723.8000,4720.0000,4718.8000,4734.2000,4735.0000,4736.0000,4738.0000,4740.0000,1,2,5,1,4,1,1,1,1,2
SF,IC2009,2020-02-04 09:33:40.100,4733.6000,5503,0,455775040.000,1,0,1,多换,S,4728.8000,4727.0000,4725.0000,4723.8000,4722.2000,4734.2000,4735.0000,4736.0000,4740.0000,4744.4000,1,5,2,5,1,1,1,1,2,5
SF,IC2009,2020-02-04 09:33:40.600,4733.6000,5503,0,455775040.000,0,-,-,-,-,4731.2000,4728.8000,4727.0000,4725.0000,4723.8000,4734.0000,4735.0000,4740.0000,4744.4000,4749.0000,1,1,5,2,5,1,1,2,5,1
SF,IC2009,2020-02-04 09:33:41.100,4733.6000,5503,0,455775040.000,0,-,-,-,-,4731.6000,4727.0000,4725.0000,4723.8000,4722.2000,4734.0000,4735.0000,4740.0000,4744.4000,4749.0000,1,5,2,5,1,1,1,2,5,1
SF,IC2009,2020-02-04 09:33:41.600,4733.6000,5503,0,455775040.000,0,-,-,-,-,4733.6000,4731.6000,4730.0000,4727.0000,4725.0000,4734.0000,4735.0000,4740.0000,4744.4000,4749.0000,1,1,1,5,2,1,1,2,5,1
SF,IC2009,2020-02-04 09:33:42.100,4734.0000,5501,-2,458614880.000,3,0,3,多平,S,4734.2000,4730.0000,4727.0000,4725.0000,4723.8000,4735.0000,4740.0000,4744.4000,4749.0000,4754.0000,9,1,5,10,5,1,2,5,1,1
SF,IC2009,2020-02-04 09:33:42.600,4734.0000,5501,0,458614880.000,0,-,-,-,-,4734.2000,4734.0000,4730.0000,4725.0000,4723.8000,4735.0000,4740.0000,4744.4000,4749.0000,4754.0000,9,4,1,10,5,1,2,5,1,1
SF,IC2009,2020-02-04 09:33:43.100,4735.0000,5501,0,459561880.000,1,0,1,多换,S,4734.2000,4734.0000,4730.0000,4725.0000,4723.8000,4740.0000,4744.4000,4749.0000,4754.0000,4758.0000,9,4,1,10,5,2,5,1,1,1
SF,IC2009,2020-02-04 09:33:43.600,4735.0000,5501,0,459561880.000,0,-,-,-,-,4734.2000,4734.0000,4730.0000,4728.4000,4725.0000,4737.8000,4740.0000,4744.4000,4749.0000,4754.0000,9,4,1,1,10,1,2,5,1,1
SF,IC2009,2020-02-04 09:33:44.100,4735.0000,5501,0,459561880.000,0,-,-,-,-,4734.2000,4734.0000,4728.4000,4725.0000,4723.8000,4737.4000,4737.8000,4740.0000,4744.4000,4749.0000,9,4,1,10,5,1,1,2,5,1
SF,IC2009,2020-02-04 09:33:44.600,4735.0000,5501,0,459561880.000,0,-,-,-,-,4736.0000,4734.2000,4734.0000,4728.4000,4725.0000,4737.8000,4740.0000,4749.0000,4750.2000,4754.0000,1,9,4,1,10,1,2,1,5,1
SF,IC2009,2020-02-04 09:33:45.100,4735.0000,5501,0,459561880.000,0,-,-,-,-,4736.0000,4734.4000,4734.2000,4734.0000,4728.4000,4740.0000,4749.0000,4750.2000,4754.0000,4758.0000,1,1,9,4,1,2,1,5,1,1
SF,IC2009,2020-02-04 09:33:45.600,4735.0000,5501,0,459561880.000,0,-,-,-,-,4736.0000,4734.4000,4734.2000,4734.0000,4728.4000,4739.6000,4740.0000,4749.0000,4750.2000,4754.0000,1,1,9,4,1,1,2,1,5,1
SF,IC2009,2020-02-04 09:33:46.100,4735.0000,5501,0,459561880.000,0,-,-,-,-,4736.0000,4734.4000,4734.2000,4734.0000,4728.4000,4739.6000,4739.8000,4740.0000,4749.0000,4750.2000,1,1,9,4,1,1,1,2,1,5
SF,IC2009,2020-02-04 09:33:47.100,4735.0000,5501,0,459561880.000,0,-,-,-,-,4736.0000,4734.4000,4734.2000,4734.0000,4728.4000,4739.6000,4739.8000,4740.0000,4749.0000,4750.2000,1,1,10,4,1,1,1,2,1,5
SF,IC2009,2020-02-04 09:33:47.600,4735.0000,5501,0,459561880.000,0,-,-,-,-,4736.0000,4734.4000,4734.2000,4734.0000,4728.4000,4739.6000,4740.0000,4749.0000,4750.2000,4754.0000,1,1,10,4,1,1,2,1,5,1
SF,IC2009,2020-02-04 09:33:48.100,4735.0000,5501,0,459561880.000,0,-,-,-,-,4736.4000,4736.0000,4734.2000,4734.0000,4732.8000,4739.6000,4740.0000,4749.0000,4750.2000,4754.0000,1,1,10,4,5,1,2,1,5,1
SF,IC2009,2020-02-04 09:33:48.600,4735.0000,5501,0,459561880.000,0,-,-,-,-,4736.0000,4734.2000,4734.0000,4728.4000,4727.0000,4739.4000,4739.6000,4740.0000,4749.0000,4750.2000,1,10,4,1,5,1,1,2,1,5
SF,IC2009,2020-02-04 09:33:49.100,4735.0000,5501,0,459561880.000,0,-,-,-,-,4736.2000,4734.2000,4734.0000,4728.4000,4727.0000,4739.6000,4740.0000,4749.0000,4750.2000,4754.0000,1,10,4,1,5,1,2,1,5,1
SF,IC2009,2020-02-04 09:33:49.600,4739.6000,5501,0,460509800.000,1,0,1,多换,S,4736.2000,4734.2000,4734.0000,4728.4000,4727.0000,4740.0000,4749.0000,4750.2000,4751.0000,4754.0000,1,10,4,1,5,2,1,5,1,1
SF,IC2009,2020-02-04 09:33:50.100,4739.6000,5501,0,460509800.000,0,-,-,-,-,4736.2000,4734.2000,4734.0000,4728.4000,4727.0000,4739.6000,4740.0000,4749.0000,4750.2000,4751.0000,1,10,4,1,5,1,2,1,5,1
SF,IC2009,2020-02-04 09:33:50.600,4739.6000,5501,0,461457720.000,1,0,1,多换,S,4739.6000,4736.6000,4736.2000,4734.2000,4734.0000,4740.0000,4749.0000,4750.2000,4751.0000,4754.0000,3,1,1,10,4,2,1,5,1,1
SF,IC2009,2020-02-04 09:33:51.100,4739.6000,5502,1,464301480.000,3,2,1,空开,S,4736.6000,4736.2000,4734.2000,4734.0000,4733.2000,4740.0000,4749.0000,4750.2000,4751.0000,4754.0000,1,1,10,4,1,2,1,5,1,1
SF,IC2009,2020-02-04 09:33:51.600,4739.6000,5502,0,464301480.000,0,-,-,-,-,4736.8000,4736.6000,4734.2000,4734.0000,4733.2000,4740.0000,4749.0000,4750.2000,4751.0000,4754.0000,1,1,10,4,1,2,1,5,1,1
SF,IC2009,2020-02-04 09:33:52.100,4740.0000,5502,0,465249480.000,1,0,1,多换,S,4737.0000,4736.8000,4736.6000,4734.2000,4734.0000,4740.0000,4749.0000,4750.2000,4751.0000,4754.0000,1,1,1,10,4,1,1,5,1,1
SF,IC2009,2020-02-04 09:33:52.600,4740.0000,5501,-1,466197480.000,1,0,1,双平,S,4737.2000,4737.0000,4734.2000,4733.2000,4728.4000,4749.0000,4750.2000,4751.0000,4754.0000,4758.0000,1,1,10,1,1,1,5,1,1,1
SF,IC2009,2020-02-04 09:33:53.100,4740.0000,5501,0,466197480.000,0,-,-,-,-,4740.0000,4737.2000,4734.2000,4733.2000,4728.4000,4745.0000,4746.0000,4749.0000,4750.2000,4751.0000,1,1,10,1,1,1,1,1,5,1
SF,IC2009,2020-02-04 09:33:53.600,4740.0000,5501,0,466197480.000,0,-,-,-,-,4740.4000,4740.0000,4737.2000,4734.2000,4733.2000,4744.6000,4745.0000,4749.0000,4750.2000,4751.0000,1,2,1,10,1,1,1,1,5,1
SF,IC2009,2020-02-04 09:33:54.100,4740.0000,5501,0,466197480.000,0,-,-,-,-,4740.0000,4734.2000,4733.2000,4728.4000,4727.0000,4744.6000,4750.2000,4751.0000,4754.0000,4758.0000,2,10,1,1,5,1,5,1,1,1
SF,IC2009,2020-02-04 09:33:54.600,4740.0000,5501,0,466197480.000,0,-,-,-,-,4741.0000,4740.6000,4740.0000,4734.2000,4733.2000,4744.6000,4750.2000,4751.0000,4754.0000,4758.0000,1,1,2,10,1,1,5,1,1,1
SF,IC2009,2020-02-04 09:33:55.100,4740.0000,5501,0,466197480.000,0,-,-,-,-,4741.0000,4740.6000,4740.0000,4734.2000,4733.2000,4744.6000,4751.0000,4754.0000,4756.0000,4758.0000,1,1,2,10,1,1,1,1,5,1
SF,IC2009,2020-02-04 09:33:55.600,4740.0000,5501,0,466197480.000,0,-,-,-,-,4741.0000,4740.0000,4734.2000,4733.2000,4728.4000,4744.6000,4751.0000,4754.0000,4756.0000,4758.0000,1,2,10,1,1,1,1,1,5,1
SF,IC2009,2020-02-04 09:33:56.100,4740.0000,5501,0,466197480.000,0,-,-,-,-,4741.2000,4741.0000,4740.0000,4734.2000,4733.2000,4744.6000,4751.0000,4754.0000,4756.0000,4758.0000,1,1,2,10,1,1,1,1,5,1
SF,IC2009,2020-02-04 09:33:56.600,4740.0000,5501,0,466197480.000,0,-,-,-,-,4741.2000,4741.0000,4740.0000,4734.2000,4733.2000,4744.6000,4751.0000,4754.0000,4756.0000,4758.0000,1,1,2,10,1,1,1,1,5,1
SF,IC2009,2020-02-04 09:33:57.100,4744.6000,5501,0,467146400.000,1,0,1,多换,S,4741.2000,4741.0000,4740.0000,4734.2000,4733.2000,4751.0000,4754.0000,4756.0000,4758.0000,4760.0000,1,1,2,10,1,1,1,5,1,2
SF,IC2009,2020-02-04 09:33:57.600,4744.6000,5501,0,467146400.000,0,-,-,-,-,4740.0000,4734.2000,4733.2000,4728.4000,4727.0000,4747.2000,4750.2000,4751.0000,4754.0000,4756.0000,2,10,1,1,5,1,1,1,1,5
SF,IC2009,2020-02-04 09:33:58.100,4744.6000,5501,0,467146400.000,0,-,-,-,-,4741.8000,4740.2000,4740.0000,4734.2000,4733.2000,4746.8000,4747.2000,4750.2000,4751.0000,4754.0000,1,2,2,10,1,1,1,1,1,1
SF,IC2009,2020-02-04 09:33:58.600,4744.6000,5501,0,467146400.000,0,-,-,-,-,4741.8000,4740.2000,4740.0000,4738.6000,4734.2000,4746.8000,4748.0000,4750.2000,4751.0000,4754.0000,1,1,2,5,10,1,1,1,1,1
SF,IC2009,2020-02-04 09:33:59.100,4744.6000,5501,0,467146400.000,0,-,-,-,-,4742.0000,4741.8000,4740.2000,4740.0000,4734.2000,4746.8000,4748.0000,4750.2000,4751.0000,4754.0000,1,1,1,2,10,1,1,1,1,1
SF,IC2009,2020-02-04 09:33:59.600,4744.6000,5501,0,467146400.000,0,-,-,-,-,4742.0000,4741.8000,4740.2000,4740.0000,4734.2000,4746.6000,4746.8000,4748.0000,4750.2000,4751.0000,1,1,1,2,10,1,1,1,1,1
SF,IC2009,2020-02-04 09:34:00.100,4744.6000,5501,0,467146400.000,0,-,-,-,-,4742.2000,4742.0000,4741.8000,4740.0000,4734.2000,4746.2000,4746.6000,4746.8000,4750.2000,4751.0000,1,1,1,2,10,1,1,1,1,1
SF,IC2009,2020-02-04 09:34:00.600,4744.6000,5501,0,467146400.000,0,-,-,-,-,4745.4000,4742.2000,4740.0000,4734.2000,4733.2000,4746.2000,4746.4000,4746.8000,4750.2000,4751.0000,2,1,2,10,1,1,1,1,1,1
SF,IC2009,2020-02-04 09:34:01.100,4745.4000,5503,2,469044560.000,2,2,0,双开,S,4740.0000,4734.2000,4733.2000,4732.8000,4725.0000,4746.2000,4746.4000,4746.8000,4750.2000,4751.0000,2,10,1,5,10,1,1,1,1,1
SF,IC2009,2020-02-04 09:34:01.600,4745.4000,5503,0,469044560.000,0,-,-,-,-,4740.2000,4740.0000,4734.2000,4733.2000,4732.8000,4746.2000,4746.4000,4746.8000,4750.2000,4751.0000,1,2,10,1,5,1,1,1,1,1
SF,IC2009,2020-02-04 09:34:02.100,4745.4000,5503,0,469044560.000,0,-,-,-,-,4741.6000,4741.4000,4740.6000,4740.4000,4740.2000,4746.2000,4746.4000,4746.8000,4750.2000,4751.0000,1,1,1,1,1,1,1,1,1,1
SF,IC2009,2020-02-04 09:34:02.600,4745.4000,5503,0,469044560.000,0,-,-,-,-,4741.4000,4740.6000,4740.4000,4740.2000,4740.0000,4746.0000,4746.2000,4746.4000,4746.8000,4750.2000,1,1,1,1,1,1,1,1,1,1
SF,IC2009,2020-02-04 09:34:03.100,4746.4000,5503,0,469993840.000,1,0,1,多换,S,4741.8000,4740.6000,4740.4000,4740.0000,4734.2000,4750.2000,4751.0000,4754.0000,4756.0000,4758.0000,2,1,1,1,10,1,1,1,5,1
SF,IC2009,2020-02-04 09:34:03.600,4746.4000,5503,0,469993840.000,0,-,-,-,-,4742.2000,4742.0000,4741.8000,4740.6000,4740.0000,4750.2000,4751.0000,4754.0000,4756.0000,4758.0000,1,1,2,1,1,1,1,1,5,1
SF,IC2009,2020-02-04 09:34:04.100,4746.4000,5503,0,469993840.000,0,-,-,-,-,4742.2000,4741.8000,4740.6000,4740.0000,4734.2000,4749.8000,4750.0000,4750.2000,4751.0000,4754.0000,1,1,1,1,10,1,1,1,1,1
SF,IC2009,2020-02-04 09:34:04.600,4746.4000,5503,0,469993840.000,0,-,-,-,-,4744.0000,4742.4000,4742.2000,4740.6000,4740.0000,4749.8000,4750.2000,4751.0000,4754.0000,4756.0000,1,1,1,1,1,1,1,1,1,5
SF,IC2009,2020-02-04 09:34:05.100,4746.4000,5503,0,469993840.000,0,-,-,-,-,4744.0000,4743.0000,4742.4000,4742.2000,4740.6000,4749.6000,4749.8000,4750.0000,4750.2000,4751.0000,1,1,2,1,1,1,1,1,1,1
SF,IC2009,2020-02-04 09:34:05.600,4749.6000,5503,0,470943760.000,1,0,1,多换,S,4744.0000,4742.4000,4740.6000,4734.2000,4733.2000,4749.2000,4749.8000,4750.0000,4750.2000,4751.0000,1,2,1,10,1,1,1,1,1,1
SF,IC2009,2020-02-04 09:34:06.100,4749.6000,5503,0,470943760.000,0,-,-,-,-,4744.6000,4744.2000,4744.0000,4742.4000,4740.6000,4749.2000,4749.8000,4750.0000,4750.2000,4751.0000,1,1,1,1,1,1,1,1,1,1
SF,IC2009,2020-02-04 09:34:06.600,4749.6000,5503,0,470943760.000,0,-,-,-,-,4744.8000,4744.6000,4744.2000,4744.0000,4742.4000,4749.2000,4749.8000,4750.0000,4750.2000,4751.0000,1,1,1,1,1,1,1,1,1,1
SF,IC2009,2020-02-04 09:34:07.100,4749.6000,5503,0,470943760.000,0,-,-,-,-,4745.0000,4744.8000,4744.2000,4742.4000,4740.6000,4749.2000,4749.8000,4750.0000,4750.2000,4751.0000,1,1,1,1,1,1,1,1,1,1
SF,IC2009,2020-02-04 09:34:07.600,4749.2000,5503,0,471893600.000,1,0,1,多换,S,4745.0000,4744.2000,4742.4000,4740.6000,4734.2000,4749.8000,4750.0000,4750.2000,4751.0000,4754.0000,2,1,1,1,10,1,2,1,1,1
SF,IC2009,2020-02-04 09:34:08.100,4749.2000,5503,0,471893600.000,0,-,-,-,-,4745.2000,4745.0000,4742.4000,4740.6000,4734.2000,4749.8000,4750.0000,4750.2000,4751.0000,4754.0000,1,2,1,1,10,1,2,1,1,1
SF,IC2009,2020-02-04 09:34:08.600,4749.2000,5503,0,471893600.000,0,-,-,-,-,4745.2000,4742.4000,4740.6000,4734.2000,4732.8000,4749.8000,4750.0000,4751.0000,4754.0000,4756.0000,1,1,1,10,5,1,2,1,1,5
SF,IC2009,2020-02-04 09:34:09.100,4749.2000,5503,0,471893600.000,0,-,-,-,-,4746.0000,4745.2000,4742.4000,4742.2000,4740.6000,4749.8000,4750.0000,4751.0000,4754.0000,4756.0000,1,1,1,1,1,1,2,1,1,5
SF,IC2009,2020-02-04 09:34:09.600,4749.2000,5503,0,471893600.000,0,-,-,-,-,4746.0000,4742.4000,4742.2000,4740.6000,4734.2000,4749.8000,4750.0000,4751.0000,4754.0000,4756.0000,1,1,1,1,10,1,2,1,1,5
SF,IC2009,2020-02-04 09:34:10.100,4749.2000,5503,0,471893600.000,0,-,-,-,-,4746.2000,4746.0000,4742.2000,4740.6000,4734.2000,4749.8000,4750.0000,4751.0000,4754.0000,4756.0000,1,1,1,1,10,1,2,1,1,5
SF,IC2009,2020-02-04 09:34:10.600,4749.2000,5503,0,471893600.000,0,-,-,-,-,4746.2000,4742.2000,4740.6000,4734.2000,4732.8000,4749.8000,4750.0000,4751.0000,4754.0000,4756.0000,2,1,1,10,5,2,2,1,1,5
SF,IC2009,2020-02-04 09:34:11.600,4749.8000,5503,0,472843560.000,1,0,1,多换,S,4746.2000,4742.2000,4740.6000,4734.2000,4732.8000,4749.8000,4750.0000,4751.0000,4754.0000,4756.0000,1,1,1,10,5,1,2,1,1,5
SF,IC2009,2020-02-04 09:34:12.100,4749.8000,5503,0,472843560.000,0,-,-,-,-,4742.2000,4740.6000,4734.2000,4732.8000,4725.0000,4746.2000,4749.8000,4750.0000,4751.0000,4754.0000,1,1,10,5,10,1,1,2,1,1
SF,IC2009,2020-02-04 09:34:12.600,4746.4000,5502,-1,473792840.000,1,0,1,双平,S,4744.6000,4742.4000,4742.2000,4740.6000,4734.2000,4749.8000,4750.0000,4751.0000,4754.0000,4756.0000,1,1,1,1,10,1,2,1,1,5
SF,IC2009,2020-02-04 09:34:13.100,4746.4000,5502,0,473792840.000,0,-,-,-,-,4744.6000,4742.2000,4740.6000,4734.2000,4732.8000,4748.8000,4749.4000,4749.8000,4750.0000,4751.0000,1,1,1,10,5,1,1,1,2,1
SF,IC2009,2020-02-04 09:34:13.600,4749.8000,5502,0,479491760.000,6,3,3,多换,S,4749.8000,4744.6000,4742.2000,4740.6000,4734.2000,4750.0000,4751.0000,4754.0000,4756.0000,4758.0000,14,1,1,1,10,2,1,1,5,1
SF,IC2009,2020-02-04 09:34:14.100,4749.8000,5504,2,484241560.000,5,3,2,空开,S,4749.8000,4742.2000,4734.2000,4732.8000,4725.0000,4750.0000,4750.2000,4751.0000,4754.0000,4756.0000,9,1,10,5,10,2,1,1,1,5
SF,IC2009,2020-02-04 09:34:14.600,4749.8000,5505,1,485191520.000,1,1,0,双开,S,4749.8000,4745.2000,4742.2000,4734.2000,4732.8000,4750.0000,4750.2000,4751.0000,4754.0000,4756.0000,8,1,1,10,5,2,1,1,1,5
SF,IC2009,2020-02-04 09:34:15.100,4749.8000,5507,2,487091440.000,2,2,0,双开,S,4749.8000,4745.2000,4734.2000,4732.8000,4725.0000,4750.0000,4751.0000,4752.0000,4754.0000,4756.0000,6,1,10,5,10,2,1,1,1,5
SF,IC2009,2020-02-04 09:34:15.600,4749.8000,5509,2,489941320.000,3,2,1,空开,S,4749.8000,4745.2000,4734.2000,4732.8000,4725.0000,4750.0000,4751.0000,4752.0000,4754.0000,4756.0000,3,1,10,5,10,2,1,1,1,5
SF,IC2009,2020-02-04 09:34:16.100,4749.8000,5511,2,492791200.000,3,2,1,空开,S,4745.2000,4734.2000,4732.8000,4725.0000,4723.8000,4750.0000,4751.0000,4752.0000,4754.0000,4756.0000,1,10,5,10,5,2,1,1,1,5
SF,IC2009,2020-02-04 09:34:16.600,4745.4000,5511,0,493740280.000,1,0,1,多换,S,4745.4000,4745.2000,4734.2000,4732.8000,4725.0000,4749.6000,4749.8000,4750.0000,4751.0000,4752.0000,1,1,10,5,10,1,1,2,1,1
SF,IC2009,2020-02-04 09:34:17.100,4745.4000,5511,0,494689360.000,1,0,1,多换,S,4745.2000,4734.2000,4727.0000,4725.0000,4723.8000,4749.2000,4749.8000,4750.0000,4751.0000,4752.0000,1,10,5,10,5,1,1,2,1,1
SF,IC2009,2020-02-04 09:34:17.600,4745.4000,5511,0,494689360.000,0,-,-,-,-,4745.6000,4734.2000,4727.0000,4725.0000,4723.8000,4749.2000,4749.8000,4750.0000,4751.0000,4752.0000,2,10,5,10,5,1,1,2,1,1
