市场代码,合约代码,时间,最新,持仓,增仓,成交额,成交量,开仓,平仓,成交类型,方向,买一价,买二价,买三价,买四价,买五价,卖一价,卖二价,卖三价,卖四价,卖五价,买一量,买二量,买三量,买四量,买五量,卖一量,卖二量,卖三量,卖四量,卖五量
SF,IC2009,2020-02-11 09:29:00.100,5084.0000,10203,0,9151200.000,9.000,-,-,-,-,5080.2000,5076.6000,5076.0000,5075.2000,5070.2000,5084.0000,5086.0000,5088.0000,5091.0000,5092.0000,1,1,7,1,1,7,7,1,5,7
SF,IC2009,2020-02-11 09:30:00.100,5092.0000,10196,-7,38661520.000,29,11,18,多平,S,5087.6000,5087.0000,5086.2000,5086.0000,5085.4000,5092.0000,5096.0000,5099.0000,5099.6000,5100.0000,1,1,1,1,1,3,7,5,1,4
SF,IC2009,2020-02-11 09:30:00.600,5092.0000,10193,-3,41716720.000,3,0,3,双平,S,5092.0000,5090.6000,5089.4000,5089.0000,5088.0000,5096.0000,5099.0000,5099.6000,5100.0000,5104.8000,1,2,1,1,2,7,5,1,4,1
SF,IC2009,2020-02-11 09:30:01.100,5092.2000,10190,-3,46810520.000,5,1,4,多平,S,5092.0000,5090.6000,5089.0000,5087.6000,5087.0000,5095.8000,5096.0000,5099.0000,5099.6000,5100.0000,1,2,1,1,1,1,5,5,1,4
SF,IC2009,2020-02-11 09:30:01.600,5095.8000,10189,-1,47829680.000,1,0,1,双平,S,5093.6000,5092.2000,5092.0000,5090.6000,5089.0000,5095.2000,5096.0000,5099.0000,5099.6000,5100.0000,1,2,1,2,4,3,5,5,1,4
SF,IC2009,2020-02-11 09:30:02.100,5096.0000,10184,-5,55982800.000,8,1,7,多平,S,5095.0000,5093.8000,5092.4000,5092.2000,5092.0000,5099.0000,5099.6000,5100.0000,5104.8000,5105.6000,1,1,5,1,3,5,1,4,1,1
SF,IC2009,2020-02-11 09:30:02.600,5096.0000,10184,0,55982800.000,0,-,-,-,-,5095.2000,5095.0000,5092.4000,5092.0000,5090.6000,5099.0000,5099.6000,5100.0000,5104.8000,5105.6000,2,1,5,3,2,5,1,4,1,1
SF,IC2009,2020-02-11 09:30:03.100,5095.2000,10182,-2,58020880.000,2,0,2,双平,S,5095.8000,5095.0000,5092.4000,5092.0000,5090.6000,5098.8000,5099.0000,5099.6000,5100.0000,5104.8000,1,1,5,3,2,1,5,1,4,1
SF,IC2009,2020-02-11 09:30:03.600,5098.6000,10182,0,59040600.000,1,0,1,多换,S,5096.8000,5095.8000,5095.0000,5092.4000,5092.0000,5098.6000,5098.8000,5099.0000,5099.6000,5100.0000,1,1,1,5,3,7,1,5,1,4
SF,IC2009,2020-02-11 09:30:04.100,5095.0000,10185,3,65156560.000,6,4,2,空开,S,5092.4000,5092.0000,5090.6000,5089.0000,5088.0000,5093.6000,5098.6000,5099.0000,5099.6000,5100.0000,5,3,2,4,1,6,5,5,1,4
SF,IC2009,2020-02-11 09:30:04.600,5093.6000,10181,-4,76362480.000,11,3,8,多平,S,5093.6000,5092.6000,5092.4000,5092.0000,5090.6000,5099.0000,5099.6000,5100.0000,5104.8000,5105.6000,1,1,5,3,2,5,1,4,1,1
SF,IC2009,2020-02-11 09:30:05.100,5093.6000,10181,0,76362480.000,0,-,-,-,-,5093.6000,5092.4000,5092.0000,5090.6000,5089.0000,5098.2000,5098.8000,5099.0000,5099.6000,5100.0000,1,5,12,2,4,1,1,5,1,4
SF,IC2009,2020-02-11 09:30:05.600,5098.2000,10179,-2,79421360.000,3,0,3,多平,S,5093.8000,5092.4000,5092.0000,5090.6000,5089.0000,5095.8000,5099.0000,5099.6000,5100.0000,5104.8000,1,5,12,2,4,4,5,1,4,1
SF,IC2009,2020-02-11 09:30:06.100,5095.8000,10175,-4,84517160.000,5,0,5,多平,S,5095.8000,5093.8000,5092.4000,5092.0000,5090.6000,5099.0000,5099.6000,5100.0000,5104.8000,5105.6000,1,1,5,12,2,5,1,4,1,1
SF,IC2009,2020-02-11 09:30:06.600,5095.8000,10175,0,84517160.000,0,-,-,-,-,5096.2000,5096.0000,5095.8000,5092.4000,5092.0000,5099.0000,5099.6000,5100.0000,5104.8000,5105.6000,1,1,1,5,12,5,1,4,1,1
SF,IC2009,2020-02-11 09:30:07.100,5099.0000,10174,-1,85536960.000,1,0,1,双平,S,5096.6000,5096.2000,5096.0000,5092.4000,5092.0000,5099.0000,5099.6000,5100.0000,5104.8000,5105.6000,1,1,1,5,12,4,1,4,1,1
SF,IC2009,2020-02-11 09:30:07.600,5099.0000,10170,-4,89616160.000,4,0,4,双平,S,5099.0000,5096.6000,5096.2000,5096.0000,5092.4000,5099.6000,5100.0000,5104.8000,5105.6000,5106.8000,1,1,1,1,5,1,4,1,1,1
SF,IC2009,2020-02-11 09:30:08.100,5099.0000,10170,0,89616160.000,0,-,-,-,-,5099.0000,5096.6000,5096.0000,5092.4000,5092.0000,5099.6000,5100.0000,5104.8000,5105.6000,5106.8000,2,1,1,5,12,1,4,1,1,1
SF,IC2009,2020-02-11 09:30:08.600,5100.0000,10169,-1,91656080.000,2,0,2,多平,S,5099.0000,5096.0000,5092.4000,5092.0000,5090.6000,5100.0000,5104.8000,5105.6000,5106.8000,5109.6000,3,1,5,12,2,3,1,1,1,1
SF,IC2009,2020-02-11 09:30:09.100,5099.0000,10169,0,92675880.000,1,0,1,多换,S,5099.0000,5096.0000,5092.4000,5092.0000,5090.6000,5100.0000,5104.8000,5105.6000,5106.8000,5109.6000,2,1,5,12,2,3,1,1,1,1
SF,IC2009,2020-02-11 09:30:09.600,5099.0000,10170,1,93695680.000,1,1,0,双开,S,5099.0000,5096.0000,5092.4000,5092.0000,5090.6000,5100.0000,5104.8000,5105.6000,5106.8000,5109.6000,1,2,5,12,2,3,1,1,1,1
SF,IC2009,2020-02-11 09:30:10.100,5099.0000,10169,-1,95735280.000,2,0,2,多平,S,5099.0000,5096.0000,5092.4000,5092.0000,5090.6000,5100.0000,5104.8000,5105.6000,5106.8000,5109.6000,1,2,5,12,2,3,1,1,1,1
SF,IC2009,2020-02-11 09:30:10.600,5099.8000,10168,-1,97775040.000,2,0,2,多平,S,5099.2000,5096.6000,5096.0000,5092.4000,5092.0000,5100.0000,5104.8000,5105.6000,5106.8000,5109.6000,1,1,2,5,12,3,1,1,1,1
SF,IC2009,2020-02-11 09:30:11.100,5099.8000,10168,0,97775040.000,0,-,-,-,-,5099.6000,5099.2000,5096.6000,5096.0000,5092.4000,5100.0000,5104.8000,5105.6000,5106.8000,5109.6000,1,1,1,2,5,3,1,1,1,1
SF,IC2009,2020-02-11 09:30:11.600,5099.8000,10166,-2,99814920.000,2,0,2,双平,S,5099.6000,5099.2000,5096.6000,5096.0000,5092.4000,5100.0000,5104.8000,5105.6000,5106.8000,5109.6000,1,1,1,1,5,3,1,1,1,1
SF,IC2009,2020-02-11 09:30:12.100,5099.8000,10166,0,102874760.000,3,1,2,多换,S,5096.6000,5096.0000,5092.4000,5092.0000,5090.6000,5100.0000,5104.8000,5105.6000,5106.8000,5109.6000,1,1,5,13,2,3,1,1,1,1
SF,IC2009,2020-02-11 09:30:12.600,5099.8000,10166,0,102874760.000,0,-,-,-,-,5096.8000,5096.0000,5092.4000,5092.0000,5090.6000,5100.0000,5104.8000,5105.6000,5106.8000,5109.6000,1,1,5,13,2,3,1,1,1,1
SF,IC2009,2020-02-11 09:30:13.100,5099.8000,10165,-1,103894720.000,1,0,1,双平,S,5096.0000,5092.4000,5092.0000,5091.6000,5090.6000,5100.0000,5104.8000,5105.6000,5106.8000,5109.6000,1,5,13,1,2,3,1,1,1,1
SF,IC2009,2020-02-11 09:30:13.600,5099.8000,10165,0,103894720.000,0,-,-,-,-,5096.0000,5092.4000,5092.0000,5091.6000,5090.6000,5099.0000,5099.8000,5100.0000,5104.8000,5105.6000,1,5,13,1,2,1,1,3,1,1
SF,IC2009,2020-02-11 09:30:14.100,5099.8000,10165,0,103894720.000,0,-,-,-,-,5096.0000,5092.4000,5092.0000,5091.6000,5090.6000,5098.8000,5099.0000,5100.0000,5104.8000,5105.6000,1,5,13,1,2,1,1,3,1,1
SF,IC2009,2020-02-11 09:30:14.600,5099.8000,10165,0,104914680.000,1,0,1,多换,S,5096.2000,5096.0000,5092.0000,5091.6000,5090.6000,5099.0000,5100.0000,5104.8000,5105.6000,5106.8000,1,1,13,1,2,1,3,1,1,1
SF,IC2009,2020-02-11 09:30:15.100,5096.2000,10164,-1,105933920.000,1,0,1,双平,S,5096.0000,5092.0000,5091.6000,5090.6000,5089.0000,5098.8000,5099.0000,5100.0000,5104.8000,5105.6000,1,13,1,2,4,1,2,3,1,1
SF,IC2009,2020-02-11 09:30:15.600,5096.2000,10164,0,105933920.000,0,-,-,-,-,5096.0000,5092.0000,5091.6000,5090.6000,5089.0000,5098.8000,5099.0000,5100.0000,5104.8000,5105.6000,1,13,1,2,4,1,2,3,1,1
SF,IC2009,2020-02-11 09:30:16.100,5096.2000,10164,0,105933920.000,0,-,-,-,-,5096.0000,5092.0000,5091.6000,5090.6000,5089.0000,5098.8000,5099.0000,5100.0000,5104.8000,5105.6000,1,12,1,2,4,1,2,3,1,1
SF,IC2009,2020-02-11 09:30:16.600,5096.0000,10164,0,107972320.000,2,1,1,多换,S,5094.0000,5092.0000,5091.6000,5090.6000,5089.0000,5098.8000,5099.0000,5100.0000,5104.8000,5105.6000,1,12,1,2,4,1,4,3,1,1
SF,IC2009,2020-02-11 09:30:17.100,5098.8000,10163,-1,108992080.000,1,0,1,双平,S,5094.2000,5092.0000,5091.6000,5090.6000,5089.0000,5099.0000,5100.0000,5104.8000,5105.6000,5106.8000,1,12,1,2,4,4,3,1,1,1
SF,IC2009,2020-02-11 09:30:17.600,5098.8000,10163,0,108992080.000,0,-,-,-,-,5094.8000,5094.2000,5092.0000,5091.6000,5090.6000,5099.0000,5100.0000,5104.8000,5105.6000,5106.8000,1,1,12,1,2,4,3,1,1,1
SF,IC2009,2020-02-11 09:30:18.100,5098.8000,10163,0,108992080.000,0,-,-,-,-,5095.0000,5094.8000,5094.6000,5092.0000,5091.6000,5099.0000,5100.0000,5104.8000,5105.6000,5106.8000,1,1,1,12,1,4,3,1,1,1
SF,IC2009,2020-02-11 09:30:18.600,5095.0000,10163,0,110011080.000,1,0,1,多换,S,5094.8000,5094.6000,5092.0000,5091.6000,5090.6000,5098.8000,5099.0000,5100.0000,5104.8000,5105.6000,1,1,12,1,2,1,4,3,1,1
SF,IC2009,2020-02-11 09:30:19.100,5098.8000,10161,-2,112050600.000,2,0,2,双平,S,5095.0000,5094.8000,5094.6000,5092.0000,5091.6000,5098.6000,5099.0000,5100.0000,5104.8000,5105.6000,1,1,1,12,1,1,4,3,1,1
SF,IC2009,2020-02-11 09:30:19.600,5098.8000,10161,0,112050600.000,0,-,-,-,-,5095.0000,5092.0000,5091.6000,5090.6000,5089.0000,5098.6000,5099.0000,5100.0000,5104.8000,5105.6000,1,12,1,2,4,1,4,3,1,1
SF,IC2009,2020-02-11 09:30:21.100,5095.2000,10162,1,113069640.000,1,1,0,双开,S,5095.0000,5092.0000,5091.6000,5090.6000,5089.0000,5098.6000,5099.0000,5100.0000,5104.8000,5105.6000,1,12,1,2,4,1,4,3,1,1
SF,IC2009,2020-02-11 09:30:21.600,5095.0000,10162,0,114088640.000,1,0,1,多换,S,5095.4000,5092.0000,5091.6000,5090.6000,5089.0000,5098.2000,5098.4000,5098.6000,5099.0000,5100.0000,1,12,1,2,4,7,1,1,4,3
SF,IC2009,2020-02-11 09:30:22.100,5095.0000,10163,1,115107640.000,1,1,0,双开,S,5095.0000,5092.0000,5091.6000,5090.6000,5089.0000,5098.2000,5098.4000,5099.0000,5100.0000,5104.8000,5,12,1,2,4,7,1,16,3,1
SF,IC2009,2020-02-11 09:30:22.600,5095.0000,10164,1,116126640.000,1,1,0,双开,S,5095.0000,5092.0000,5091.6000,5090.6000,5089.0000,5098.0000,5098.2000,5099.0000,5100.0000,5104.8000,4,12,1,2,4,2,7,16,3,1
SF,IC2009,2020-02-11 09:30:23.100,5098.0000,10164,0,117146240.000,1,0,1,多换,S,5095.0000,5093.6000,5092.0000,5091.6000,5090.6000,5098.0000,5098.2000,5099.0000,5100.0000,5104.8000,4,1,12,1,2,1,7,16,3,1
SF,IC2009,2020-02-11 09:30:23.600,5095.0000,10165,1,118165240.000,1,1,0,双开,S,5095.0000,5093.6000,5092.0000,5091.6000,5090.6000,5098.0000,5098.2000,5099.0000,5100.0000,5104.8000,3,1,12,1,2,1,7,16,3,1
SF,IC2009,2020-02-11 09:30:24.100,5095.0000,10165,0,118165240.000,0,-,-,-,-,5095.0000,5093.6000,5092.0000,5091.6000,5090.6000,5098.0000,5098.2000,5099.0000,5100.0000,5104.0000,3,1,12,1,2,1,7,16,3,5
SF,IC2009,2020-02-11 09:30:24.600,5098.0000,10164,-1,119184840.000,1,0,1,双平,S,5095.0000,5092.0000,5091.6000,5090.6000,5089.0000,5098.2000,5099.0000,5100.0000,5104.8000,5105.6000,3,12,1,2,4,7,16,3,1,1
SF,IC2009,2020-02-11 09:30:25.100,5098.0000,10164,0,119184840.000,0,-,-,-,-,5095.2000,5095.0000,5092.0000,5091.6000,5090.6000,5098.2000,5099.0000,5100.0000,5104.8000,5105.6000,2,3,12,1,2,7,16,3,1,1
SF,IC2009,2020-02-11 09:30:25.600,5098.0000,10164,0,119184840.000,0,-,-,-,-,5095.2000,5095.0000,5092.0000,5091.6000,5090.6000,5099.0000,5100.0000,5104.8000,5105.6000,5106.8000,2,3,12,1,2,16,3,1,1,1
SF,IC2009,2020-02-11 09:30:26.100,5098.0000,10164,0,119184840.000,0,-,-,-,-,5095.2000,5095.0000,5092.0000,5091.6000,5090.6000,5099.0000,5100.0000,5104.8000,5105.6000,5106.8000,2,3,12,1,2,16,3,1,1,1
SF,IC2009,2020-02-11 09:30:26.600,5099.0000,10164,0,120204640.000,1,0,1,多换,S,5095.2000,5095.0000,5092.0000,5091.6000,5090.6000,5099.0000,5100.0000,5104.8000,5105.6000,5106.8000,2,3,12,1,2,13,3,1,1,1
SF,IC2009,2020-02-11 09:30:27.100,5096.0000,10163,-1,121223840.000,1,0,1,双平,S,5095.2000,5095.0000,5094.6000,5092.0000,5091.6000,5096.0000,5099.0000,5100.0000,5104.8000,5105.6000,2,3,1,10,1,1,13,3,1,1
SF,IC2009,2020-02-11 09:30:27.600,5096.0000,10162,-1,122243040.000,1,0,1,双平,S,5096.0000,5095.4000,5095.2000,5095.0000,5094.6000,5099.0000,5100.0000,5104.8000,5105.6000,5106.8000,1,1,1,3,1,13,3,1,1,1
SF,IC2009,2020-02-11 09:30:28.100,5099.0000,10163,1,123262840.000,1,1,0,双开,S,5095.4000,5095.2000,5095.0000,5094.6000,5092.0000,5099.0000,5100.0000,5104.8000,5105.6000,5106.8000,1,1,3,1,10,12,3,1,1,1
SF,IC2009,2020-02-11 09:30:28.600,5099.0000,10163,0,123262840.000,0,-,-,-,-,5095.6000,5095.4000,5095.2000,5095.0000,5094.6000,5098.0000,5098.8000,5099.0000,5100.0000,5104.8000,2,1,1,3,1,7,1,12,3,1
SF,IC2009,2020-02-11 09:30:29.100,5099.0000,10163,0,123262840.000,0,-,-,-,-,5095.6000,5095.4000,5095.2000,5095.0000,5094.6000,5098.0000,5098.8000,5099.0000,5100.0000,5104.8000,1,2,1,3,1,7,1,12,3,1
SF,IC2009,2020-02-11 09:30:29.600,5095.8000,10157,-6,129378240.000,6,0,6,双平,S,5095.6000,5095.4000,5095.2000,5095.0000,5094.6000,5098.0000,5099.0000,5100.0000,5104.8000,5105.6000,1,2,1,3,1,6,12,3,1,1
SF,IC2009,2020-02-11 09:30:30.100,5098.0000,10157,0,131417440.000,2,1,1,多换,S,5096.0000,5095.8000,5095.6000,5095.4000,5095.0000,5098.0000,5099.0000,5100.0000,5104.8000,5105.6000,1,1,1,1,3,4,12,3,1,1
SF,IC2009,2020-02-11 09:30:30.600,5098.0000,10157,0,131417440.000,0,-,-,-,-,5096.4000,5096.2000,5096.0000,5095.8000,5095.6000,5098.0000,5099.0000,5100.0000,5104.8000,5105.6000,1,1,1,1,1,4,12,3,1,1
SF,IC2009,2020-02-11 09:30:31.100,5098.0000,10157,0,131417440.000,0,-,-,-,-,5096.4000,5096.2000,5096.0000,5095.8000,5095.6000,5098.0000,5099.0000,5100.0000,5104.8000,5105.6000,1,1,1,1,1,4,12,3,1,1
SF,IC2009,2020-02-11 09:30:31.600,5098.0000,10156,-1,132437040.000,1,0,1,双平,S,5096.4000,5096.0000,5095.8000,5095.6000,5095.4000,5098.0000,5099.0000,5100.0000,5104.8000,5105.6000,1,1,1,1,1,3,12,3,1,1
SF,IC2009,2020-02-11 09:30:32.100,5096.4000,10143,-13,145688120.000,13,0,13,双平,S,5096.6000,5096.0000,5095.8000,5095.4000,5095.0000,5098.0000,5099.0000,5100.0000,5104.8000,5105.6000,1,1,1,1,3,3,12,3,1,1
SF,IC2009,2020-02-11 09:30:32.600,5098.0000,10141,-2,147727320.000,2,0,2,双平,S,5096.6000,5096.0000,5095.8000,5095.4000,5095.0000,5098.0000,5099.0000,5100.0000,5104.8000,5105.6000,1,1,1,1,3,1,12,3,1,1
SF,IC2009,2020-02-11 09:30:33.100,5098.0000,10140,-1,148746920.000,1,0,1,双平,S,5098.0000,5096.6000,5095.4000,5095.0000,5092.0000,5099.0000,5100.0000,5104.8000,5105.6000,5106.8000,1,1,1,3,10,12,3,1,1,1
SF,IC2009,2020-02-11 09:30:33.600,5098.0000,10140,0,148746920.000,0,-,-,-,-,5096.8000,5096.6000,5095.4000,5095.0000,5092.0000,5099.0000,5100.0000,5104.8000,5105.6000,5106.8000,1,1,1,3,10,12,3,1,1,1
SF,IC2009,2020-02-11 09:30:34.100,5096.8000,10137,-3,152825080.000,4,0,4,多平,S,5096.6000,5095.4000,5095.0000,5092.0000,5091.2000,5099.0000,5100.0000,5104.8000,5105.6000,5106.8000,1,1,3,10,1,11,3,1,1,1
SF,IC2009,2020-02-11 09:30:34.600,5099.0000,10135,-2,155884480.000,3,0,3,多平,S,5096.8000,5096.6000,5095.0000,5092.0000,5090.6000,5099.0000,5100.0000,5104.8000,5105.6000,5106.8000,1,1,3,10,2,8,3,1,1,1
SF,IC2009,2020-02-11 09:30:35.100,5096.8000,10134,-1,157923640.000,2,0,2,多平,S,5096.6000,5095.0000,5092.0000,5090.6000,5090.0000,5099.0000,5100.0000,5104.8000,5105.6000,5106.8000,1,3,9,2,1,7,3,1,1,1
SF,IC2009,2020-02-11 09:30:35.600,5096.8000,10135,1,158943000.000,1,1,0,双开,S,5095.0000,5092.0000,5090.6000,5090.0000,5089.0000,5098.8000,5099.0000,5100.0000,5104.8000,5105.6000,3,9,2,1,3,1,7,3,1,1
SF,IC2009,2020-02-11 09:30:36.100,5096.6000,10134,-1,159962320.000,1,0,1,双平,S,5096.0000,5095.0000,5092.0000,5090.6000,5090.0000,5096.6000,5096.8000,5098.8000,5099.0000,5100.0000,1,3,9,2,1,7,1,1,8,3
SF,IC2009,2020-02-11 09:30:36.600,5096.0000,10126,-8,168116760.000,8,0,8,双平,S,5095.0000,5092.0000,5090.6000,5090.0000,5089.0000,5096.8000,5099.0000,5100.0000,5104.8000,5105.6000,3,9,2,1,3,1,8,3,1,1
SF,IC2009,2020-02-11 09:30:37.100,5096.8000,10126,0,169136120.000,1,0,1,多换,S,5097.0000,5095.0000,5092.0000,5090.6000,5090.0000,5099.0000,5100.0000,5104.8000,5105.6000,5106.8000,1,3,9,2,1,8,3,1,1,1
SF,IC2009,2020-02-11 09:30:37.600,5098.8000,10125,-1,171175280.000,2,0,2,多平,S,5098.6000,5095.0000,5092.0000,5090.6000,5090.0000,5099.0000,5100.0000,5104.8000,5105.6000,5106.8000,3,3,9,2,1,8,3,1,1,1
SF,IC2009,2020-02-11 09:30:38.100,5098.6000,10122,-3,174234440.000,3,0,3,双平,S,5095.0000,5092.0000,5090.6000,5090.0000,5089.0000,5099.0000,5100.0000,5104.8000,5105.6000,5106.8000,3,9,2,1,3,8,3,1,1,1
SF,IC2009,2020-02-11 09:30:38.600,5099.0000,10116,-6,180353240.000,6,0,6,双平,S,5095.2000,5095.0000,5092.0000,5090.6000,5090.0000,5099.0000,5100.0000,5104.8000,5105.6000,5106.8000,1,3,9,2,1,2,3,1,1,1
SF,IC2009,2020-02-11 09:30:39.100,5099.0000,10115,-1,181373040.000,1,0,1,双平,S,5095.2000,5095.0000,5092.0000,5090.6000,5090.0000,5099.0000,5100.0000,5104.8000,5105.6000,5106.8000,1,3,9,2,1,2,3,1,1,1
SF,IC2009,2020-02-11 09:30:40.100,5099.0000,10115,0,181373040.000,0,-,-,-,-,5095.2000,5095.0000,5092.0000,5090.6000,5090.0000,5099.0000,5100.0000,5104.8000,5105.6000,5106.8000,1,3,9,2,1,2,3,1,1,1
SF,IC2009,2020-02-11 09:30:40.600,5099.0000,10114,-1,182392840.000,1,0,1,双平,S,5095.2000,5095.0000,5092.0000,5090.6000,5090.0000,5099.0000,5100.0000,5104.8000,5105.6000,5106.8000,1,4,9,2,1,2,3,1,1,1
SF,IC2009,2020-02-11 09:30:41.100,5099.0000,10113,-1,183412640.000,1,0,1,双平,S,5096.2000,5095.2000,5095.0000,5092.0000,5090.6000,5099.0000,5100.0000,5104.8000,5105.6000,5106.8000,1,1,4,9,2,2,3,1,1,1
SF,IC2009,2020-02-11 09:30:42.100,5099.0000,10112,-1,184432440.000,1,0,1,双平,S,5095.2000,5095.0000,5092.0000,5090.6000,5090.0000,5099.0000,5100.0000,5104.8000,5105.6000,5106.8000,1,4,9,2,1,1,3,1,1,1
SF,IC2009,2020-02-11 09:30:43.100,5099.0000,10111,-1,185452240.000,1,0,1,双平,S,5095.2000,5095.0000,5092.0000,5090.6000,5090.0000,5100.0000,5104.8000,5105.6000,5106.8000,5109.6000,1,4,9,2,1,3,1,1,1,1
SF,IC2009,2020-02-11 09:30:43.600,5099.0000,10111,0,185452240.000,0,-,-,-,-,5095.2000,5095.0000,5092.0000,5090.6000,5090.0000,5097.6000,5100.0000,5104.8000,5105.6000,5106.8000,1,4,9,2,1,1,3,1,1,1
SF,IC2009,2020-02-11 09:30:44.100,5100.0000,10110,-1,187492040.000,2,0,2,多平,S,5095.0000,5092.0000,5090.6000,5090.0000,5089.0000,5100.0000,5104.8000,5105.6000,5106.8000,5109.6000,4,9,2,1,3,2,1,1,1,1
SF,IC2009,2020-02-11 09:30:44.600,5100.0000,10110,0,187492040.000,0,-,-,-,-,5095.4000,5095.2000,5095.0000,5092.0000,5090.6000,5098.6000,5100.0000,5104.8000,5105.6000,5106.8000,1,2,4,9,2,1,2,1,1,1
SF,IC2009,2020-02-11 09:30:45.100,5100.0000,10110,0,187492040.000,0,-,-,-,-,5095.6000,5095.4000,5095.0000,5092.0000,5090.6000,5098.6000,5099.2000,5100.0000,5104.8000,5105.6000,2,1,4,9,2,1,1,2,1,1
SF,IC2009,2020-02-11 09:30:45.600,5099.2000,10110,0,188511880.000,1,0,1,多换,S,5095.6000,5095.4000,5095.0000,5092.0000,5090.6000,5099.2000,5100.0000,5104.8000,5105.6000,5106.8000,2,1,4,9,2,1,2,1,1,1
SF,IC2009,2020-02-11 09:30:46.100,5099.2000,10109,-1,189531720.000,1,0,1,双平,S,5095.6000,5095.4000,5095.0000,5092.0000,5090.6000,5100.0000,5104.8000,5105.6000,5106.8000,5109.6000,1,1,4,9,2,2,1,1,1,1
SF,IC2009,2020-02-11 09:30:46.600,5099.2000,10109,0,189531720.000,0,-,-,-,-,5095.8000,5095.6000,5095.0000,5092.0000,5090.6000,5100.0000,5104.8000,5105.6000,5106.8000,5109.6000,1,1,4,9,2,2,1,1,1,1
SF,IC2009,2020-02-11 09:30:47.100,5100.0000,10108,-1,190551720.000,1,0,1,双平,S,5095.8000,5095.0000,5092.0000,5090.6000,5090.0000,5100.0000,5104.8000,5105.6000,5106.8000,5109.6000,1,4,9,2,1,1,1,1,1,1
SF,IC2009,2020-02-11 09:30:47.600,5100.0000,10106,-2,192591720.000,2,0,2,双平,S,5096.6000,5095.8000,5095.0000,5092.0000,5090.6000,5104.8000,5105.6000,5106.8000,5109.6000,5110.0000,1,1,4,9,2,1,1,1,1,4
SF,IC2009,2020-02-11 09:30:48.100,5100.0000,10106,0,192591720.000,0,-,-,-,-,5096.8000,5096.6000,5095.8000,5095.0000,5092.0000,5104.8000,5105.6000,5106.8000,5109.6000,5110.0000,2,1,1,4,9,1,1,1,1,4
SF,IC2009,2020-02-11 09:30:48.600,5100.0000,10106,0,192591720.000,0,-,-,-,-,5096.8000,5096.6000,5095.8000,5095.0000,5092.0000,5104.6000,5104.8000,5105.6000,5106.8000,5109.6000,3,1,1,4,9,1,1,1,1,1
SF,IC2009,2020-02-11 09:30:49.100,5100.0000,10106,0,192591720.000,0,-,-,-,-,5097.8000,5096.8000,5096.6000,5095.8000,5095.0000,5104.6000,5104.8000,5105.6000,5106.8000,5109.6000,1,3,1,1,4,1,1,1,1,1
SF,IC2009,2020-02-11 09:30:49.600,5100.0000,10106,0,192591720.000,0,-,-,-,-,5098.0000,5097.8000,5097.2000,5095.8000,5095.0000,5104.6000,5104.8000,5105.6000,5106.8000,5109.6000,2,1,1,1,4,1,1,1,1,1
SF,IC2009,2020-02-11 09:30:50.100,5100.0000,10106,0,192591720.000,0,-,-,-,-,5098.0000,5097.8000,5095.8000,5095.0000,5092.0000,5100.0000,5104.6000,5104.8000,5105.6000,5106.8000,2,1,2,4,9,1,1,1,1,1
SF,IC2009,2020-02-11 09:30:50.600,5100.0000,10106,0,193611720.000,1,0,1,多换,S,5098.8000,5098.2000,5095.8000,5095.0000,5092.0000,5104.8000,5105.6000,5106.8000,5109.6000,5110.0000,1,2,2,4,9,1,1,1,1,4
SF,IC2009,2020-02-11 09:30:51.100,5100.0000,10106,0,193611720.000,0,-,-,-,-,5099.0000,5098.8000,5098.2000,5095.8000,5095.0000,5104.8000,5105.6000,5106.8000,5109.6000,5110.0000,1,1,6,1,4,1,1,1,1,4
SF,IC2009,2020-02-11 09:30:51.600,5100.0000,10106,0,193611720.000,0,-,-,-,-,5100.8000,5099.2000,5099.0000,5098.8000,5098.4000,5104.6000,5104.8000,5105.6000,5106.8000,5109.6000,1,1,2,1,1,1,1,1,1,1
SF,IC2009,2020-02-11 09:30:52.100,5100.0000,10106,0,193611720.000,0,-,-,-,-,5100.8000,5099.4000,5098.8000,5098.2000,5095.8000,5104.6000,5104.8000,5105.6000,5106.8000,5109.6000,1,1,1,6,1,1,1,1,1,1
SF,IC2009,2020-02-11 09:30:52.600,5100.0000,10106,0,193611720.000,0,-,-,-,-,5101.0000,5100.8000,5099.8000,5099.4000,5098.2000,5104.6000,5104.8000,5105.6000,5106.8000,5109.6000,2,1,1,1,5,1,1,1,1,1
SF,IC2009,2020-02-11 09:30:53.100,5101.0000,10105,-1,194631920.000,1,0,1,双平,S,5101.0000,5100.8000,5099.8000,5099.4000,5095.8000,5104.8000,5105.6000,5106.8000,5109.6000,5110.0000,1,1,1,1,1,1,1,1,1,4
SF,IC2009,2020-02-11 09:30:53.600,5101.0000,10105,0,194631920.000,0,-,-,-,-,5100.8000,5099.8000,5095.8000,5095.0000,5092.4000,5104.6000,5104.8000,5105.6000,5106.8000,5109.6000,1,1,1,4,5,1,1,1,1,1
SF,IC2009,2020-02-11 09:30:54.100,5101.0000,10105,0,194631920.000,0,-,-,-,-,5101.2000,5100.8000,5099.8000,5095.8000,5095.0000,5104.6000,5104.8000,5105.6000,5106.8000,5109.6000,1,1,1,1,4,1,1,1,1,1
SF,IC2009,2020-02-11 09:30:54.600,5101.0000,10105,0,194631920.000,0,-,-,-,-,5100.8000,5099.8000,5095.8000,5095.0000,5092.4000,5104.6000,5104.8000,5105.6000,5106.8000,5109.6000,1,1,1,4,5,1,1,1,1,1
SF,IC2009,2020-02-11 09:30:55.100,5101.0000,10105,0,194631920.000,0,-,-,-,-,5101.0000,5100.8000,5099.8000,5095.8000,5095.0000,5104.6000,5104.8000,5105.6000,5106.8000,5109.6000,1,1,1,1,4,1,1,1,1,1
SF,IC2009,2020-02-11 09:30:55.600,5101.0000,10105,0,194631920.000,0,-,-,-,-,5102.0000,5101.0000,5099.8000,5095.8000,5095.0000,5104.6000,5104.8000,5105.6000,5106.8000,5109.6000,1,1,1,1,4,1,1,1,1,1
SF,IC2009,2020-02-11 09:30:56.600,5104.6000,10105,0,195652840.000,1,0,1,多换,S,5102.0000,5101.0000,5099.8000,5095.8000,5095.0000,5104.8000,5105.6000,5106.8000,5109.6000,5110.0000,1,1,1,1,4,1,1,1,1,4
SF,IC2009,2020-02-11 09:30:57.100,5104.6000,10105,0,195652840.000,0,-,-,-,-,5102.2000,5102.0000,5101.0000,5095.8000,5095.0000,5104.8000,5105.6000,5106.8000,5109.6000,5110.0000,2,1,1,1,4,1,1,1,1,4
SF,IC2009,2020-02-11 09:30:57.600,5104.6000,10105,0,195652840.000,0,-,-,-,-,5102.2000,5102.0000,5101.0000,5100.8000,5095.8000,5104.8000,5105.6000,5106.8000,5109.6000,5110.0000,2,1,1,1,1,1,1,1,1,4
SF,IC2009,2020-02-11 09:30:58.100,5104.8000,10105,0,196673800.000,1,0,1,多换,S,5104.8000,5102.2000,5101.0000,5100.8000,5095.8000,5105.6000,5106.8000,5109.6000,5110.0000,5115.6000,1,2,1,1,1,1,1,1,4,5
SF,IC2009,2020-02-11 09:30:58.600,5104.8000,10105,0,196673800.000,0,-,-,-,-,5104.8000,5102.2000,5101.0000,5100.8000,5095.8000,5105.6000,5106.8000,5109.6000,5110.0000,5115.6000,1,2,1,1,1,1,1,1,4,5
SF,IC2009,2020-02-11 09:30:59.100,5104.8000,10104,-1,197694760.000,1,0,1,双平,S,5102.2000,5101.0000,5100.8000,5095.8000,5095.0000,5105.6000,5106.8000,5109.6000,5110.0000,5115.6000,2,1,1,1,4,1,1,1,4,5
SF,IC2009,2020-02-11 09:30:59.600,5105.6000,10104,0,198715880.000,1,0,1,多换,S,5106.0000,5102.6000,5102.4000,5102.2000,5100.8000,5106.8000,5109.6000,5110.0000,5115.6000,5120.0000,1,2,1,2,1,1,1,4,5,4
SF,IC2009,2020-02-11 09:31:00.100,5106.0000,10104,0,199737080.000,1,0,1,多换,S,5102.8000,5102.4000,5102.2000,5095.8000,5095.0000,5106.8000,5109.6000,5110.0000,5115.6000,5120.0000,1,1,1,1,4,1,1,4,5,4
SF,IC2009,2020-02-11 09:31:00.600,5106.0000,10104,0,199737080.000,0,-,-,-,-,5103.0000,5102.8000,5102.2000,5095.8000,5095.0000,5106.8000,5109.6000,5110.0000,5115.6000,5120.0000,2,3,1,1,4,1,1,4,5,4
SF,IC2009,2020-02-11 09:31:01.100,5106.0000,10104,0,199737080.000,0,-,-,-,-,5104.2000,5103.4000,5103.0000,5102.8000,5102.2000,5106.8000,5109.6000,5110.0000,5115.6000,5120.0000,6,1,2,2,1,1,1,4,5,4
SF,IC2009,2020-02-11 09:31:01.600,5106.8000,10104,0,200758440.000,1,0,1,多换,S,5107.2000,5104.4000,5104.2000,5103.4000,5103.0000,5108.8000,5109.6000,5110.0000,5115.6000,5120.0000,1,1,6,1,1,1,1,4,5,4
SF,IC2009,2020-02-11 09:31:02.100,5108.6000,10103,-1,202801600.000,2,0,2,多平,S,5104.2000,5103.4000,5103.0000,5102.8000,5102.2000,5109.6000,5110.0000,5115.6000,5120.0000,5130.0000,6,1,1,2,1,1,4,5,4,4
SF,IC2009,2020-02-11 09:31:02.600,5108.6000,10103,0,202801600.000,0,-,-,-,-,5104.4000,5104.2000,5103.4000,5102.8000,5102.2000,5109.6000,5110.0000,5115.6000,5120.0000,5130.0000,2,6,1,2,1,1,4,5,4,4
SF,IC2009,2020-02-11 09:31:03.100,5108.6000,10103,0,202801600.000,0,-,-,-,-,5104.8000,5104.6000,5104.4000,5104.2000,5102.8000,5109.4000,5109.6000,5110.0000,5115.6000,5120.0000,1,1,2,6,2,1,1,4,5,4
SF,IC2009,2020-02-11 09:31:03.600,5108.6000,10103,0,202801600.000,0,-,-,-,-,5105.4000,5105.0000,5104.2000,5102.8000,5102.2000,5109.6000,5110.0000,5112.2000,5115.6000,5120.0000,1,3,6,2,1,1,4,1,5,4
SF,IC2009,2020-02-11 09:31:04.100,5108.6000,10103,0,202801600.000,0,-,-,-,-,5105.6000,5105.4000,5105.0000,5104.8000,5104.2000,5109.6000,5110.0000,5112.2000,5115.6000,5120.0000,3,2,1,1,6,1,4,1,5,4
SF,IC2009,2020-02-11 09:31:04.600,5108.6000,10103,0,202801600.000,0,-,-,-,-,5105.8000,5105.6000,5105.4000,5105.0000,5104.8000,5109.4000,5109.6000,5110.0000,5112.2000,5115.6000,2,1,1,1,1,1,1,4,1,5
SF,IC2009,2020-02-11 09:31:05.100,5108.6000,10103,0,202801600.000,0,-,-,-,-,5106.0000,5105.8000,5105.4000,5105.0000,5104.8000,5109.4000,5109.6000,5110.0000,5112.2000,5115.6000,1,2,1,1,1,1,1,4,1,5
SF,IC2009,2020-02-11 09:31:05.600,5108.6000,10103,0,202801600.000,0,-,-,-,-,5106.2000,5105.4000,5105.0000,5104.8000,5104.2000,5109.4000,5109.6000,5110.0000,5112.2000,5115.6000,1,1,1,1,6,1,1,4,1,5
SF,IC2009,2020-02-11 09:31:06.100,5108.6000,10103,0,202801600.000,0,-,-,-,-,5106.2000,5105.0000,5104.8000,5104.2000,5102.8000,5109.4000,5109.6000,5110.0000,5112.2000,5115.6000,2,1,1,6,2,1,1,4,1,5
SF,IC2009,2020-02-11 09:31:06.600,5108.6000,10103,0,202801600.000,0,-,-,-,-,5106.4000,5106.2000,5102.8000,5100.0000,5099.0000,5109.2000,5109.4000,5109.6000,5110.0000,5112.2000,1,1,2,1,1,1,1,1,4,1
SF,IC2009,2020-02-11 09:31:07.100,5108.6000,10103,0,202801600.000,0,-,-,-,-,5106.4000,5106.2000,5102.8000,5100.0000,5099.0000,5109.0000,5109.2000,5109.6000,5110.0000,5112.2000,1,1,2,1,1,1,1,1,4,1
SF,IC2009,2020-02-11 09:31:07.600,5102.8000,10101,-2,205864680.000,3,0,3,多平,S,5102.8000,5100.0000,5099.0000,5095.8000,5095.0000,5108.8000,5109.6000,5110.0000,5115.6000,5120.0000,1,1,1,1,4,1,1,4,5,4
SF,IC2009,2020-02-11 09:31:08.100,5108.8000,10101,0,207907000.000,2,1,1,多换,S,5103.0000,5100.0000,5099.0000,5095.8000,5095.0000,5109.6000,5110.0000,5115.6000,5120.0000,5129.0000,1,1,1,1,4,1,4,5,4,1
SF,IC2009,2020-02-11 09:31:08.600,5108.8000,10101,0,207907000.000,0,-,-,-,-,5108.8000,5103.6000,5103.2000,5103.0000,5100.0000,5109.6000,5110.0000,5115.6000,5120.0000,5129.0000,6,1,1,1,1,1,4,5,4,1
SF,IC2009,2020-02-11 09:31:09.100,5108.8000,10095,-6,214037560.000,6,0,6,双平,S,5103.6000,5103.4000,5100.0000,5099.0000,5095.8000,5109.6000,5110.0000,5115.6000,5120.0000,5129.0000,2,1,1,1,1,1,4,5,4,1
SF,IC2009,2020-02-11 09:31:09.600,5108.8000,10095,0,214037560.000,0,-,-,-,-,5103.8000,5103.6000,5103.4000,5102.2000,5100.0000,5109.6000,5110.0000,5115.6000,5120.0000,5129.0000,2,2,1,1,1,1,4,5,4,1
SF,IC2009,2020-02-11 09:31:10.100,5108.8000,10095,0,214037560.000,0,-,-,-,-,5104.0000,5103.8000,5103.6000,5103.4000,5102.2000,5109.4000,5109.6000,5110.0000,5115.6000,5120.0000,1,2,1,1,1,1,2,4,5,4
SF,IC2009,2020-02-11 09:31:10.600,5108.8000,10095,0,214037560.000,0,-,-,-,-,5104.0000,5103.4000,5102.4000,5102.2000,5101.8000,5109.4000,5109.6000,5110.0000,5115.6000,5120.0000,2,1,1,1,1,1,2,4,5,4
SF,IC2009,2020-02-11 09:31:11.100,5108.8000,10095,0,214037560.000,0,-,-,-,-,5104.0000,5101.8000,5100.0000,5099.0000,5095.8000,5108.6000,5109.4000,5109.6000,5110.0000,5115.6000,1,1,1,1,1,1,2,2,4,5
SF,IC2009,2020-02-11 09:31:11.600,5108.8000,10095,0,214037560.000,0,-,-,-,-,5104.0000,5100.0000,5099.0000,5095.8000,5095.0000,5108.4000,5108.6000,5109.4000,5109.6000,5110.0000,1,1,1,1,4,2,1,1,2,4
SF,IC2009,2020-02-11 09:31:12.100,5108.8000,10095,0,214037560.000,0,-,-,-,-,5104.0000,5100.0000,5099.0000,5095.8000,5095.0000,5108.4000,5108.6000,5109.6000,5110.0000,5115.6000,1,2,1,1,4,3,1,1,4,5
SF,IC2009,2020-02-11 09:31:12.600,5104.2000,10093,-2,216080160.000,2,0,2,双平,S,5100.0000,5099.4000,5099.0000,5095.8000,5095.0000,5108.4000,5108.6000,5109.6000,5110.0000,5115.6000,2,1,1,1,4,3,1,1,4,5
SF,IC2009,2020-02-11 09:31:13.100,5104.2000,10093,0,216080160.000,0,-,-,-,-,5100.2000,5100.0000,5099.4000,5099.0000,5095.8000,5108.4000,5108.6000,5109.6000,5110.0000,5115.6000,2,2,1,1,1,3,1,1,4,5
SF,IC2009,2020-02-11 09:31:13.600,5107.4000,10092,-1,217101640.000,1,0,1,双平,S,5100.2000,5100.0000,5099.4000,5099.0000,5095.8000,5108.0000,5108.4000,5109.6000,5110.0000,5115.6000,2,2,1,1,1,1,1,1,4,5
SF,IC2009,2020-02-11 09:31:14.100,5107.4000,10092,0,217101640.000,0,-,-,-,-,5101.0000,5100.4000,5100.2000,5100.0000,5099.0000,5107.8000,5108.0000,5109.6000,5110.0000,5115.6000,3,1,2,2,1,1,1,1,4,5
SF,IC2009,2020-02-11 09:31:14.600,5107.4000,10092,0,217101640.000,0,-,-,-,-,5101.2000,5101.0000,5100.4000,5100.0000,5099.0000,5107.8000,5108.0000,5109.6000,5110.0000,5115.6000,4,3,1,2,1,1,1,1,4,5
SF,IC2009,2020-02-11 09:31:15.100,5108.0000,10092,0,218123240.000,1,0,1,多换,S,5102.0000,5101.6000,5101.4000,5101.2000,5101.0000,5109.6000,5110.0000,5115.6000,5120.0000,5129.0000,1,1,1,2,2,1,4,5,4,1
SF,IC2009,2020-02-11 09:31:15.600,5108.0000,10092,0,218123240.000,0,-,-,-,-,5102.2000,5102.0000,5101.6000,5101.4000,5101.0000,5109.6000,5110.0000,5115.6000,5120.0000,5129.0000,3,1,2,1,1,1,4,5,4,1
SF,IC2009,2020-02-11 09:31:16.100,5108.0000,10092,0,218123240.000,0,-,-,-,-,5103.0000,5102.6000,5102.2000,5102.0000,5101.6000,5109.4000,5109.6000,5110.0000,5115.6000,5120.0000,1,1,4,1,1,1,1,4,5,4
SF,IC2009,2020-02-11 09:31:16.600,5108.0000,10092,0,218123240.000,0,-,-,-,-,5103.6000,5103.2000,5103.0000,5102.6000,5102.2000,5109.4000,5109.6000,5110.0000,5115.6000,5120.0000,1,2,1,1,1,1,1,4,5,4
SF,IC2009,2020-02-11 09:31:17.100,5108.0000,10092,0,218123240.000,0,-,-,-,-,5104.4000,5103.8000,5103.6000,5103.0000,5102.6000,5109.4000,5109.6000,5110.0000,5115.6000,5120.0000,1,2,2,1,1,1,1,4,5,4
SF,IC2009,2020-02-11 09:31:17.600,5104.6000,10092,0,219144160.000,1,0,1,多换,S,5104.0000,5103.6000,5102.2000,5101.0000,5100.0000,5109.2000,5109.4000,5109.6000,5110.0000,5115.6000,1,1,1,1,2,1,1,1,4,5
SF,IC2009,2020-02-11 09:31:18.100,5104.6000,10092,0,219144160.000,0,-,-,-,-,5104.2000,5104.0000,5103.6000,5102.2000,5101.0000,5109.2000,5109.6000,5110.0000,5115.6000,5120.0000,1,1,1,1,1,1,1,4,5,4
SF,IC2009,2020-02-11 09:31:18.600,5104.6000,10092,0,219144160.000,0,-,-,-,-,5104.4000,5104.2000,5104.0000,5103.6000,5102.2000,5109.0000,5109.2000,5109.6000,5110.0000,5115.6000,1,1,1,1,1,1,1,1,4,5
SF,IC2009,2020-02-11 09:31:19.100,5108.8000,10092,0,220165920.000,1,0,1,多换,S,5104.4000,5103.6000,5102.2000,5101.0000,5100.0000,5109.0000,5109.6000,5110.0000,5115.6000,5120.0000,1,1,1,1,2,1,1,4,5,4
SF,IC2009,2020-02-11 09:31:19.600,5108.8000,10092,0,220165920.000,0,-,-,-,-,5104.6000,5104.4000,5101.0000,5100.0000,5099.0000,5108.4000,5109.0000,5109.6000,5110.0000,5115.6000,1,1,1,2,1,1,1,1,4,5
SF,IC2009,2020-02-11 09:31:20.100,5108.8000,10092,0,220165920.000,0,-,-,-,-,5105.0000,5101.0000,5100.0000,5099.0000,5095.8000,5108.2000,5108.4000,5108.8000,5109.0000,5109.6000,1,1,2,1,1,1,1,1,1,1
SF,IC2009,2020-02-11 09:31:20.600,5108.8000,10092,0,220165920.000,0,-,-,-,-,5105.0000,5101.0000,5100.0000,5099.0000,5095.8000,5108.2000,5108.4000,5108.8000,5109.0000,5109.6000,1,2,2,1,1,1,1,1,1,1
SF,IC2009,2020-02-11 09:31:21.100,5105.0000,10091,-1,221186920.000,1,0,1,双平,S,5101.0000,5100.0000,5099.0000,5095.8000,5095.0000,5108.4000,5108.8000,5109.0000,5109.6000,5110.0000,2,2,1,1,4,1,1,1,1,4
SF,IC2009,2020-02-11 09:31:21.600,5105.0000,10091,0,221186920.000,0,-,-,-,-,5101.2000,5100.0000,5099.0000,5095.8000,5095.0000,5107.0000,5108.8000,5109.0000,5109.6000,5110.0000,1,2,1,1,4,1,1,1,1,4
SF,IC2009,2020-02-11 09:31:22.100,5105.0000,10091,0,221186920.000,0,-,-,-,-,5101.2000,5100.0000,5099.0000,5095.8000,5095.0000,5106.8000,5107.0000,5107.8000,5108.0000,5108.6000,1,1,1,1,4,1,1,1,1,1
SF,IC2009,2020-02-11 09:31:22.600,5105.0000,10091,0,221186920.000,0,-,-,-,-,5101.2000,5100.0000,5099.0000,5098.0000,5095.8000,5106.6000,5106.8000,5107.8000,5108.6000,5108.8000,1,1,1,1,1,1,1,1,1,1
SF,IC2009,2020-02-11 09:31:23.100,5105.0000,10091,0,221186920.000,0,-,-,-,-,5101.4000,5101.2000,5100.0000,5099.0000,5098.0000,5106.4000,5106.6000,5107.8000,5108.6000,5108.8000,2,1,1,1,1,1,1,1,1,1
SF,IC2009,2020-02-11 09:31:23.600,5105.0000,10091,0,221186920.000,0,-,-,-,-,5101.6000,5101.4000,5100.0000,5099.0000,5098.0000,5106.4000,5106.6000,5107.8000,5108.6000,5108.8000,1,1,1,1,1,1,1,1,1,1
SF,IC2009,2020-02-11 09:31:24.100,5105.0000,10091,0,221186920.000,0,-,-,-,-,5101.6000,5100.0000,5099.0000,5098.0000,5095.8000,5106.4000,5106.6000,5108.6000,5108.8000,5109.0000,1,1,1,1,1,1,1,1,1,1
SF,IC2009,2020-02-11 09:31:24.600,5105.0000,10091,0,221186920.000,0,-,-,-,-,5101.6000,5100.0000,5099.0000,5098.0000,5095.8000,5106.4000,5106.6000,5108.6000,5108.8000,5109.0000,1,1,1,1,1,1,1,1,1,1
SF,IC2009,2020-02-11 09:31:25.100,5105.0000,10091,0,221186920.000,0,-,-,-,-,5101.6000,5100.0000,5099.0000,5098.0000,5095.8000,5106.2000,5106.4000,5108.6000,5108.8000,5109.0000,2,1,1,1,1,1,1,1,6,1
SF,IC2009,2020-02-11 09:31:25.600,5105.0000,10091,0,221186920.000,0,-,-,-,-,5101.6000,5100.0000,5099.0000,5095.8000,5095.0000,5106.0000,5106.2000,5108.6000,5108.8000,5109.0000,2,1,1,1,4,1,1,1,6,1
SF,IC2009,2020-02-11 09:31:26.100,5101.6000,10091,0,222207240.000,1,0,1,多换,S,5104.0000,5100.0000,5099.0000,5095.8000,5095.0000,5105.0000,5106.0000,5108.6000,5108.8000,5109.0000,1,1,1,1,4,1,1,1,6,1
SF,IC2009,2020-02-11 09:31:26.600,5104.0000,10090,-1,223228040.000,1,0,1,双平,S,5100.0000,5099.0000,5095.8000,5095.0000,5092.0000,5105.0000,5108.6000,5108.8000,5109.0000,5109.6000,1,1,1,4,9,1,1,6,1,1
SF,IC2009,2020-02-11 09:31:27.100,5104.0000,10090,0,223228040.000,0,-,-,-,-,5100.2000,5100.0000,5099.0000,5095.8000,5095.0000,5105.0000,5108.6000,5108.8000,5109.0000,5109.6000,1,1,1,1,4,1,1,6,1,1
SF,IC2009,2020-02-11 09:31:27.600,5104.0000,10090,0,223228040.000,0,-,-,-,-,5102.0000,5100.0000,5099.0000,5095.8000,5095.0000,5104.8000,5105.0000,5108.6000,5108.8000,5109.0000,1,2,1,1,4,1,1,1,6,1
SF,IC2009,2020-02-11 09:31:28.100,5100.0000,10089,-1,225268440.000,2,0,2,多平,S,5100.0000,5099.0000,5095.8000,5095.0000,5092.0000,5105.0000,5108.6000,5108.8000,5109.0000,5109.6000,1,1,1,4,9,1,1,6,1,1
SF,IC2009,2020-02-11 09:31:28.600,5100.0000,10089,0,225268440.000,0,-,-,-,-,5100.2000,5100.0000,5099.0000,5095.8000,5095.0000,5105.0000,5108.6000,5108.8000,5109.0000,5109.6000,1,1,1,1,4,1,1,6,1,1
SF,IC2009,2020-02-11 09:31:29.100,5100.0000,10089,0,225268440.000,0,-,-,-,-,5100.2000,5100.0000,5099.0000,5095.8000,5095.0000,5104.0000,5104.8000,5108.6000,5108.8000,5109.0000,2,1,1,1,4,1,1,1,6,1
SF,IC2009,2020-02-11 09:31:29.600,5100.0000,10088,-1,226288440.000,1,0,1,双平,S,5100.2000,5100.0000,5099.0000,5097.6000,5095.8000,5102.6000,5103.8000,5104.8000,5108.6000,5108.8000,2,1,1,1,1,1,1,1,1,6
SF,IC2009,2020-02-11 09:31:30.100,5100.0000,10088,0,226288440.000,0,-,-,-,-,5100.2000,5100.0000,5099.0000,5097.6000,5095.8000,5102.0000,5102.6000,5103.8000,5104.8000,5108.6000,2,1,1,1,1,1,1,1,1,1
SF,IC2009,2020-02-11 09:31:30.600,5100.2000,10087,-1,228328520.000,2,0,2,多平,S,5101.0000,5100.0000,5099.0000,5095.8000,5095.0000,5102.0000,5102.6000,5103.8000,5104.8000,5108.6000,1,1,1,1,4,1,1,1,1,1
SF,IC2009,2020-02-11 09:31:31.100,5100.2000,10087,0,228328520.000,0,-,-,-,-,5101.0000,5100.0000,5099.0000,5095.8000,5095.0000,5102.0000,5102.4000,5102.6000,5103.8000,5104.8000,1,1,1,1,4,1,1,1,1,1
SF,IC2009,2020-02-11 09:31:31.600,5101.0000,10087,0,229348720.000,1,0,1,多换,S,5100.0000,5099.0000,5095.8000,5095.0000,5092.0000,5102.0000,5102.6000,5103.8000,5104.8000,5108.6000,1,1,1,4,9,1,1,1,1,1
SF,IC2009,2020-02-11 09:31:33.100,5101.0000,10087,0,229348720.000,0,-,-,-,-,5100.0000,5099.0000,5095.8000,5095.0000,5092.0000,5102.0000,5102.6000,5103.2000,5103.8000,5104.8000,1,1,1,4,9,1,1,1,1,1
SF,IC2009,2020-02-11 09:31:34.600,5101.0000,10087,0,229348720.000,0,-,-,-,-,5100.0000,5099.0000,5095.8000,5095.0000,5092.0000,5102.0000,5103.2000,5103.8000,5104.8000,5108.6000,1,1,1,4,9,1,1,1,1,1
SF,IC2009,2020-02-11 09:31:35.100,5101.0000,10087,0,229348720.000,0,-,-,-,-,5100.2000,5100.0000,5099.0000,5095.8000,5095.0000,5101.0000,5102.0000,5103.2000,5103.8000,5104.8000,1,1,1,1,4,1,1,1,1,1
SF,IC2009,2020-02-11 09:31:35.600,5101.0000,10087,0,230368920.000,1,0,1,多换,S,5100.2000,5100.0000,5099.0000,5095.8000,5095.0000,5102.0000,5103.2000,5103.8000,5104.8000,5108.6000,1,1,1,1,4,1,1,1,1,1
SF,IC2009,2020-02-11 09:31:36.100,5100.0000,10085,-2,233428960.000,3,0,3,多平,S,5099.0000,5095.8000,5095.0000,5092.0000,5090.0000,5100.0000,5102.0000,5103.2000,5103.8000,5104.8000,1,1,4,9,1,6,1,1,1,1
SF,IC2009,2020-02-11 09:31:36.600,5099.0000,10078,-7,241589160.000,8,0,8,多平,S,5095.8000,5095.6000,5095.0000,5092.0000,5090.0000,5103.2000,5103.8000,5104.8000,5108.6000,5108.8000,1,1,4,9,1,1,1,1,1,6
SF,IC2009,2020-02-11 09:31:37.100,5099.0000,10078,0,241589160.000,0,-,-,-,-,5096.0000,5095.8000,5095.6000,5095.0000,5092.0000,5103.0000,5103.2000,5108.6000,5108.8000,5109.0000,1,1,1,4,9,1,1,1,6,1
SF,IC2009,2020-02-11 09:31:37.600,5099.0000,10078,0,241589160.000,0,-,-,-,-,5096.0000,5095.8000,5095.6000,5095.0000,5092.0000,5102.8000,5103.0000,5103.2000,5108.6000,5108.8000,1,1,1,4,9,1,1,1,1,6
SF,IC2009,2020-02-11 09:31:38.100,5099.0000,10078,0,241589160.000,0,-,-,-,-,5096.2000,5096.0000,5095.8000,5095.6000,5095.0000,5102.6000,5102.8000,5103.2000,5108.6000,5108.8000,1,1,1,1,4,1,1,1,2,6
SF,IC2009,2020-02-11 09:31:38.600,5099.0000,10078,0,241589160.000,0,-,-,-,-,5096.4000,5096.2000,5095.8000,5095.0000,5092.0000,5102.6000,5103.2000,5108.6000,5108.8000,5109.0000,1,2,1,4,9,1,1,2,6,1
SF,IC2009,2020-02-11 09:31:39.100,5099.0000,10078,0,241589160.000,0,-,-,-,-,5096.4000,5096.2000,5095.8000,5095.0000,5092.0000,5102.4000,5102.6000,5103.2000,5108.6000,5108.8000,1,1,1,4,9,1,1,1,2,6
SF,IC2009,2020-02-11 09:31:39.600,5096.4000,10077,-1,242608440.000,1,0,1,双平,S,5096.8000,5096.2000,5095.8000,5095.0000,5092.0000,5102.2000,5102.4000,5103.2000,5108.6000,5108.8000,1,1,1,4,9,1,1,1,2,6
SF,IC2009,2020-02-11 09:31:40.100,5096.4000,10077,0,242608440.000,0,-,-,-,-,5097.4000,5097.0000,5096.2000,5095.8000,5095.0000,5102.2000,5103.2000,5108.6000,5108.8000,5109.0000,1,1,1,1,4,1,1,2,6,1
SF,IC2009,2020-02-11 09:31:40.600,5096.4000,10077,0,242608440.000,0,-,-,-,-,5097.6000,5097.4000,5096.2000,5095.8000,5095.0000,5102.2000,5103.2000,5108.6000,5108.8000,5109.0000,1,1,1,1,4,1,1,2,6,1
SF,IC2009,2020-02-11 09:31:41.100,5096.4000,10077,0,242608440.000,0,-,-,-,-,5097.8000,5097.6000,5097.4000,5096.8000,5096.2000,5102.0000,5102.2000,5108.6000,5108.8000,5109.0000,1,1,1,1,1,1,1,2,6,1
SF,IC2009,2020-02-11 09:31:41.600,5096.4000,10077,0,242608440.000,0,-,-,-,-,5098.4000,5096.8000,5096.2000,5095.8000,5095.0000,5101.8000,5102.0000,5108.6000,5108.8000,5109.0000,1,1,1,1,4,1,1,2,6,1
SF,IC2009,2020-02-11 09:31:42.100,5101.6000,10077,0,243628760.000,1,0,1,多换,S,5098.4000,5096.8000,5096.2000,5095.8000,5095.0000,5101.6000,5101.8000,5104.0000,5108.6000,5108.8000,1,1,1,1,4,1,1,5,2,6
SF,IC2009,2020-02-11 09:31:42.600,5101.6000,10077,0,243628760.000,0,-,-,-,-,5096.2000,5095.8000,5095.0000,5094.2000,5093.4000,5101.4000,5101.6000,5104.0000,5108.6000,5108.8000,1,1,4,1,1,1,1,5,2,6
SF,IC2009,2020-02-11 09:31:43.100,5101.6000,10077,0,243628760.000,0,-,-,-,-,5096.4000,5096.2000,5095.8000,5095.0000,5094.2000,5101.0000,5101.2000,5101.4000,5104.0000,5108.6000,1,1,1,4,1,1,1,1,5,2
SF,IC2009,2020-02-11 09:31:43.600,5101.6000,10077,0,243628760.000,0,-,-,-,-,5096.4000,5096.2000,5095.8000,5095.0000,5094.2000,5100.8000,5101.0000,5104.0000,5108.6000,5108.8000,1,1,1,4,1,2,2,5,2,6
SF,IC2009,2020-02-11 09:31:44.100,5101.6000,10077,0,243628760.000,0,-,-,-,-,5096.4000,5096.2000,5095.8000,5095.0000,5094.2000,5100.8000,5101.0000,5104.0000,5108.6000,5108.8000,1,1,1,4,1,2,1,5,2,6
SF,IC2009,2020-02-11 09:31:44.600,5101.6000,10077,0,243628760.000,0,-,-,-,-,5096.4000,5096.2000,5095.8000,5095.0000,5093.4000,5100.8000,5101.0000,5104.0000,5108.6000,5108.8000,1,1,1,4,1,2,1,5,2,6
SF,IC2009,2020-02-11 09:31:45.100,5101.6000,10077,0,243628760.000,0,-,-,-,-,5096.4000,5096.2000,5095.8000,5095.0000,5093.4000,5100.8000,5101.0000,5104.0000,5108.6000,5108.8000,2,1,1,4,1,2,1,5,2,6
SF,IC2009,2020-02-11 09:31:45.600,5096.4000,10077,0,244648040.000,1,0,1,多换,S,5096.4000,5096.2000,5095.8000,5095.0000,5093.4000,5100.8000,5104.0000,5108.6000,5108.8000,5109.0000,1,1,1,4,1,2,5,1,6,1
SF,IC2009,2020-02-11 09:31:46.100,5100.8000,10077,0,246688360.000,2,1,1,多换,S,5096.6000,5096.4000,5096.2000,5095.8000,5095.0000,5104.0000,5108.6000,5108.8000,5109.0000,5109.6000,1,1,1,1,4,5,1,6,1,1
SF,IC2009,2020-02-11 09:31:46.600,5100.8000,10077,0,246688360.000,0,-,-,-,-,5096.8000,5096.6000,5096.4000,5096.2000,5095.8000,5108.6000,5108.8000,5109.0000,5109.6000,5109.8000,1,2,1,1,1,1,6,1,1,6
SF,IC2009,2020-02-11 09:31:47.100,5100.8000,10077,0,246688360.000,0,-,-,-,-,5097.0000,5096.6000,5096.4000,5096.2000,5095.8000,5102.2000,5107.2000,5108.2000,5108.4000,5108.6000,1,1,1,1,1,1,1,1,2,1
SF,IC2009,2020-02-11 09:31:47.600,5100.8000,10077,0,246688360.000,0,-,-,-,-,5097.2000,5097.0000,5096.2000,5095.8000,5095.0000,5107.2000,5108.2000,5108.6000,5108.8000,5109.0000,2,1,1,1,4,1,1,1,6,1
SF,IC2009,2020-02-11 09:31:48.100,5100.8000,10077,0,246688360.000,0,-,-,-,-,5097.4000,5097.2000,5096.2000,5095.8000,5095.0000,5107.0000,5107.2000,5108.2000,5108.6000,5108.8000,2,1,1,1,4,2,1,1,1,6
SF,IC2009,2020-02-11 09:31:48.600,5100.8000,10077,0,246688360.000,0,-,-,-,-,5097.6000,5097.4000,5097.2000,5096.2000,5095.8000,5104.8000,5106.0000,5106.6000,5107.0000,5107.2000,2,2,1,1,1,1,1,1,2,1
SF,IC2009,2020-02-11 09:31:49.100,5100.8000,10077,0,246688360.000,0,-,-,-,-,5098.2000,5097.8000,5097.6000,5097.2000,5096.2000,5104.6000,5104.8000,5106.0000,5106.6000,5107.2000,1,1,2,1,1,1,1,1,1,1
SF,IC2009,2020-02-11 09:31:49.600,5100.8000,10077,0,246688360.000,0,-,-,-,-,5098.4000,5098.2000,5098.0000,5097.8000,5097.6000,5104.6000,5104.8000,5106.0000,5106.6000,5107.2000,1,1,1,1,1,1,1,1,1,1
SF,IC2009,2020-02-11 09:31:50.100,5100.8000,10077,0,246688360.000,0,-,-,-,-,5098.6000,5098.4000,5098.2000,5097.8000,5096.2000,5104.6000,5104.8000,5106.0000,5106.6000,5107.2000,2,1,1,1,1,1,1,1,1,1
SF,IC2009,2020-02-11 09:31:50.600,5100.8000,10077,0,246688360.000,0,-,-,-,-,5098.6000,5098.2000,5096.2000,5095.8000,5095.0000,5104.6000,5104.8000,5106.6000,5107.2000,5108.2000,1,1,1,1,4,1,1,1,1,1
SF,IC2009,2020-02-11 09:31:51.100,5100.8000,10077,0,246688360.000,0,-,-,-,-,5098.2000,5096.2000,5095.8000,5095.0000,5093.4000,5104.2000,5104.6000,5104.8000,5106.6000,5107.2000,1,1,1,4,2,1,1,1,1,1
SF,IC2009,2020-02-11 09:31:51.600,5100.8000,10077,0,246688360.000,0,-,-,-,-,5098.2000,5096.2000,5095.8000,5095.0000,5093.4000,5103.6000,5104.0000,5104.2000,5106.6000,5108.6000,1,1,1,4,2,1,4,1,1,2
SF,IC2009,2020-02-11 09:31:52.100,5100.8000,10077,0,246688360.000,0,-,-,-,-,5096.2000,5095.8000,5095.0000,5093.4000,5092.0000,5103.4000,5103.6000,5104.0000,5104.2000,5106.6000,1,1,4,2,9,2,1,2,1,1
SF,IC2009,2020-02-11 09:31:52.600,5100.8000,10077,0,246688360.000,0,-,-,-,-,5096.4000,5096.2000,5095.8000,5095.0000,5093.4000,5103.0000,5103.2000,5103.4000,5104.0000,5104.2000,1,1,1,4,2,1,1,1,2,1
SF,IC2009,2020-02-11 09:31:53.100,5100.8000,10077,0,246688360.000,0,-,-,-,-,5096.4000,5096.2000,5095.8000,5095.0000,5093.4000,5102.2000,5102.8000,5103.2000,5104.0000,5106.6000,1,1,1,4,1,1,3,1,1,1
SF,IC2009,2020-02-11 09:31:53.600,5100.8000,10077,0,246688360.000,0,-,-,-,-,5096.4000,5096.2000,5095.8000,5095.0000,5093.4000,5102.0000,5102.2000,5102.8000,5104.0000,5106.6000,1,1,1,4,1,1,1,2,1,1
SF,IC2009,2020-02-11 09:31:54.100,5100.8000,10077,0,246688360.000,0,-,-,-,-,5096.2000,5095.8000,5095.0000,5093.4000,5092.0000,5101.8000,5102.0000,5102.2000,5104.0000,5106.6000,1,1,4,1,9,2,1,1,1,1
SF,IC2009,2020-02-11 09:31:54.600,5096.2000,10077,0,247707600.000,1,0,1,多换,S,5095.8000,5095.0000,5093.4000,5092.0000,5090.0000,5100.8000,5101.6000,5101.8000,5104.0000,5105.0000,1,4,1,9,1,1,1,2,1,1
SF,IC2009,2020-02-11 09:31:55.100,5096.2000,10077,0,247707600.000,0,-,-,-,-,5095.8000,5095.0000,5093.4000,5092.0000,5090.0000,5100.6000,5100.8000,5101.8000,5103.8000,5104.0000,1,4,1,9,1,1,1,2,1,1
SF,IC2009,2020-02-11 09:31:55.600,5096.2000,10077,0,247707600.000,0,-,-,-,-,5096.8000,5095.8000,5095.0000,5093.4000,5092.0000,5100.2000,5100.6000,5100.8000,5103.8000,5104.0000,1,1,4,1,9,2,1,1,1,1
SF,IC2009,2020-02-11 09:31:56.100,5100.2000,10077,0,249747640.000,2,1,1,多换,S,5095.8000,5095.0000,5093.4000,5092.0000,5090.0000,5100.2000,5100.8000,5103.8000,5104.0000,5105.0000,1,4,1,9,1,1,1,1,1,1
SF,IC2009,2020-02-11 09:31:56.600,5100.2000,10077,0,249747640.000,0,-,-,-,-,5096.0000,5095.8000,5095.0000,5093.4000,5092.0000,5100.8000,5103.8000,5104.0000,5105.0000,5106.6000,1,1,4,1,9,1,1,1,1,1
SF,IC2009,2020-02-11 09:31:57.100,5100.2000,10077,0,249747640.000,0,-,-,-,-,5096.0000,5095.8000,5095.0000,5093.4000,5092.0000,5099.4000,5100.6000,5103.8000,5104.0000,5105.0000,1,1,4,1,9,1,1,1,1,1
SF,IC2009,2020-02-11 09:31:57.600,5100.2000,10077,0,249747640.000,0,-,-,-,-,5096.2000,5096.0000,5095.8000,5095.0000,5093.4000,5100.6000,5103.8000,5104.0000,5105.0000,5106.6000,1,1,1,4,1,1,1,1,1,1
SF,IC2009,2020-02-11 09:31:58.100,5100.2000,10077,0,249747640.000,0,-,-,-,-,5096.4000,5096.2000,5095.8000,5095.0000,5093.4000,5099.2000,5100.6000,5103.8000,5104.0000,5105.0000,1,1,1,4,1,1,1,1,1,1
SF,IC2009,2020-02-11 09:31:58.600,5099.2000,10077,0,250767480.000,1,0,1,多换,S,5096.4000,5096.2000,5095.8000,5095.0000,5093.4000,5100.6000,5103.8000,5104.0000,5105.0000,5108.6000,1,1,1,4,1,1,1,1,1,2
SF,IC2009,2020-02-11 09:31:59.100,5099.2000,10077,0,250767480.000,0,-,-,-,-,5096.8000,5096.4000,5095.8000,5095.0000,5093.4000,5100.6000,5103.8000,5104.0000,5105.0000,5108.6000,2,1,1,4,1,1,1,1,1,2
SF,IC2009,2020-02-11 09:31:59.600,5099.2000,10077,0,250767480.000,0,-,-,-,-,5097.0000,5096.8000,5095.8000,5095.0000,5093.4000,5103.8000,5104.0000,5105.0000,5108.6000,5108.8000,1,2,1,4,1,1,1,1,2,6
SF,IC2009,2020-02-11 09:32:00.100,5099.2000,10077,0,250767480.000,0,-,-,-,-,5096.8000,5095.8000,5095.0000,5093.4000,5092.0000,5103.6000,5103.8000,5104.0000,5105.0000,5108.6000,2,1,4,1,10,1,1,1,1,2
SF,IC2009,2020-02-11 09:32:00.600,5099.2000,10077,0,250767480.000,0,-,-,-,-,5097.0000,5096.8000,5095.8000,5095.0000,5093.4000,5103.4000,5103.6000,5103.8000,5104.0000,5105.0000,1,2,1,4,1,1,1,1,1,1
SF,IC2009,2020-02-11 09:32:01.100,5099.2000,10077,0,250767480.000,0,-,-,-,-,5096.8000,5095.8000,5095.0000,5093.4000,5092.0000,5103.0000,5103.2000,5103.6000,5103.8000,5104.0000,2,1,4,1,10,1,1,1,1,1
SF,IC2009,2020-02-11 09:32:01.600,5099.2000,10077,0,250767480.000,0,-,-,-,-,5097.2000,5097.0000,5096.8000,5095.8000,5095.0000,5103.0000,5103.6000,5103.8000,5104.0000,5105.0000,1,1,3,1,4,1,1,1,1,1
SF,IC2009,2020-02-11 09:32:02.100,5097.4000,10077,0,251786960.000,1,0,1,多换,S,5097.4000,5096.8000,5095.8000,5095.0000,5093.4000,5102.8000,5103.0000,5103.8000,5104.0000,5105.0000,1,1,1,4,1,1,1,1,1,1
SF,IC2009,2020-02-11 09:32:02.600,5097.4000,10077,0,251786960.000,0,-,-,-,-,5097.6000,5097.4000,5096.8000,5095.8000,5095.0000,5102.6000,5102.8000,5103.0000,5103.8000,5105.0000,1,1,1,1,4,1,1,1,1,1
SF,IC2009,2020-02-11 09:32:03.100,5097.4000,10077,0,251786960.000,0,-,-,-,-,5097.8000,5097.6000,5096.8000,5095.8000,5095.0000,5102.6000,5103.0000,5103.8000,5105.0000,5108.6000,3,1,1,1,4,1,1,1,1,2
SF,IC2009,2020-02-11 09:32:03.600,5097.4000,10077,0,251786960.000,0,-,-,-,-,5100.0000,5098.0000,5097.8000,5096.8000,5095.8000,5102.6000,5103.0000,5103.8000,5105.0000,5108.6000,1,1,3,1,1,1,1,1,1,2
SF,IC2009,2020-02-11 09:32:04.100,5097.4000,10077,0,251786960.000,0,-,-,-,-,5100.0000,5098.0000,5097.8000,5096.8000,5095.8000,5102.0000,5102.6000,5103.8000,5105.0000,5108.6000,1,1,3,1,1,1,1,1,1,2
SF,IC2009,2020-02-11 09:32:04.600,5097.4000,10077,0,251786960.000,0,-,-,-,-,5100.0000,5098.0000,5097.8000,5096.8000,5095.8000,5102.0000,5102.6000,5103.8000,5105.0000,5108.6000,1,1,1,1,1,1,1,1,1,2
SF,IC2009,2020-02-11 09:32:05.100,5102.6000,10077,0,253827880.000,2,1,1,多换,S,5100.0000,5098.0000,5097.8000,5096.8000,5095.8000,5103.8000,5105.0000,5108.6000,5108.8000,5109.6000,1,1,1,1,1,1,1,2,6,1
SF,IC2009,2020-02-11 09:32:05.600,5102.6000,10077,0,253827880.000,0,-,-,-,-,5100.2000,5100.0000,5096.8000,5095.8000,5095.0000,5103.8000,5105.0000,5108.6000,5108.8000,5109.6000,3,1,1,1,4,1,1,2,6,1
SF,IC2009,2020-02-11 09:32:06.100,5103.6000,10077,0,254848600.000,1,0,1,多换,S,5100.4000,5100.2000,5100.0000,5096.8000,5095.0000,5103.8000,5105.0000,5108.6000,5108.8000,5109.6000,1,2,1,1,4,1,1,2,6,1
SF,IC2009,2020-02-11 09:32:06.600,5103.6000,10077,0,254848600.000,0,-,-,-,-,5100.6000,5100.4000,5100.0000,5096.8000,5095.0000,5103.8000,5105.0000,5108.6000,5108.8000,5109.6000,2,1,1,1,4,1,1,2,6,1
SF,IC2009,2020-02-11 09:32:07.100,5103.6000,10077,0,254848600.000,0,-,-,-,-,5100.6000,5100.4000,5100.0000,5096.8000,5095.0000,5103.8000,5105.0000,5108.6000,5108.8000,5109.6000,2,1,1,1,4,1,1,1,6,1
SF,IC2009,2020-02-11 09:32:07.600,5103.6000,10077,0,254848600.000,0,-,-,-,-,5100.6000,5100.4000,5100.0000,5096.8000,5095.0000,5102.0000,5103.8000,5108.6000,5108.8000,5109.6000,2,1,1,1,4,1,1,1,6,1
SF,IC2009,2020-02-11 09:32:08.100,5102.0000,10077,0,255869000.000,1,0,1,多换,S,5100.4000,5100.0000,5096.8000,5095.0000,5093.4000,5103.8000,5108.6000,5108.8000,5109.6000,5109.8000,1,1,1,4,1,1,1,6,1,6
SF,IC2009,2020-02-11 09:32:08.600,5102.0000,10077,0,255869000.000,0,-,-,-,-,5100.6000,5100.0000,5096.8000,5095.0000,5093.4000,5103.8000,5108.6000,5108.8000,5109.6000,5109.8000,1,1,1,4,1,1,1,6,1,6
SF,IC2009,2020-02-11 09:32:10.600,5100.6000,10076,-1,256889120.000,1,0,1,双平,S,5100.0000,5096.8000,5095.0000,5093.4000,5092.0000,5102.2000,5103.8000,5108.6000,5108.8000,5109.6000,1,1,4,1,10,1,1,1,6,1
SF,IC2009,2020-02-11 09:32:11.100,5100.6000,10076,0,256889120.000,0,-,-,-,-,5100.2000,5100.0000,5096.8000,5095.0000,5093.4000,5102.2000,5103.8000,5108.6000,5108.8000,5109.6000,1,2,1,4,1,1,1,1,6,1
SF,IC2009,2020-02-11 09:32:11.600,5100.6000,10076,0,256889120.000,0,-,-,-,-,5100.2000,5100.0000,5096.8000,5095.0000,5093.4000,5102.2000,5103.8000,5108.6000,5108.8000,5109.6000,1,4,1,4,1,1,1,1,6,1
SF,IC2009,2020-02-11 09:32:12.100,5100.6000,10076,0,256889120.000,0,-,-,-,-,5102.0000,5100.4000,5100.2000,5100.0000,5096.8000,5102.2000,5103.8000,5108.6000,5108.8000,5109.6000,1,1,1,4,1,1,1,1,6,1
SF,IC2009,2020-02-11 09:32:12.600,5102.0000,10076,0,257909520.000,1,0,1,多换,S,5100.2000,5100.0000,5096.8000,5095.0000,5093.4000,5102.2000,5103.8000,5108.6000,5108.8000,5109.6000,1,4,1,4,1,1,1,1,6,1
SF,IC2009,2020-02-11 09:32:13.100,5102.0000,10076,0,257909520.000,0,-,-,-,-,5100.4000,5100.2000,5100.0000,5096.8000,5095.0000,5102.2000,5103.8000,5108.6000,5108.8000,5109.6000,1,1,4,1,4,1,1,1,6,1
SF,IC2009,2020-02-11 09:32:13.600,5102.0000,10076,0,257909520.000,0,-,-,-,-,5100.6000,5100.4000,5100.0000,5096.8000,5095.0000,5102.2000,5103.8000,5108.6000,5108.8000,5109.6000,1,1,4,1,4,1,1,1,6,1
SF,IC2009,2020-02-11 09:32:14.100,5100.6000,10076,0,258929640.000,1,0,1,多换,S,5100.4000,5100.0000,5096.8000,5095.0000,5093.4000,5102.2000,5103.8000,5108.0000,5108.6000,5108.8000,1,4,1,4,1,1,1,1,1,6
SF,IC2009,2020-02-11 09:32:14.600,5100.6000,10076,0,258929640.000,0,-,-,-,-,5100.4000,5100.0000,5096.8000,5096.0000,5095.0000,5102.2000,5103.8000,5108.0000,5108.6000,5108.8000,1,4,1,1,4,1,1,1,1,6
SF,IC2009,2020-02-11 09:32:15.600,5102.2000,10076,0,259950080.000,1,0,1,多换,S,5100.4000,5100.0000,5096.8000,5096.0000,5095.0000,5103.8000,5108.0000,5108.6000,5108.8000,5109.6000,1,4,1,1,4,1,1,1,6,1
SF,IC2009,2020-02-11 09:32:16.100,5102.2000,10076,0,259950080.000,0,-,-,-,-,5100.6000,5100.4000,5100.0000,5096.0000,5095.0000,5103.6000,5103.8000,5108.0000,5108.6000,5108.8000,1,1,4,1,4,1,1,1,1,6
SF,IC2009,2020-02-11 09:32:16.600,5102.2000,10076,0,259950080.000,0,-,-,-,-,5100.6000,5100.0000,5096.0000,5095.0000,5093.4000,5103.6000,5103.8000,5108.0000,5108.6000,5108.8000,1,4,1,4,1,1,1,1,1,6
SF,IC2009,2020-02-11 09:32:17.100,5102.2000,10076,0,259950080.000,0,-,-,-,-,5101.0000,5100.6000,5100.0000,5096.0000,5095.0000,5103.6000,5103.8000,5108.0000,5108.6000,5108.8000,1,1,4,1,4,1,1,1,1,6
SF,IC2009,2020-02-11 09:32:17.600,5101.0000,10075,-1,260970280.000,1,0,1,双平,S,5100.6000,5100.0000,5096.0000,5095.0000,5093.4000,5102.0000,5103.8000,5108.0000,5108.6000,5108.8000,1,4,1,4,1,1,1,1,1,6
SF,IC2009,2020-02-11 09:32:18.100,5101.0000,10075,0,260970280.000,0,-,-,-,-,5100.0000,5096.0000,5095.0000,5093.4000,5092.0000,5102.0000,5103.8000,5108.0000,5108.6000,5108.8000,4,1,4,1,10,1,1,1,1,6
SF,IC2009,2020-02-11 09:32:18.600,5101.0000,10075,0,260970280.000,0,-,-,-,-,5100.0000,5096.0000,5095.0000,5093.4000,5092.0000,5100.6000,5101.8000,5102.0000,5103.8000,5108.0000,4,1,4,1,10,1,1,1,1,1
SF,IC2009,2020-02-11 09:32:19.100,5101.0000,10075,0,260970280.000,0,-,-,-,-,5100.0000,5096.0000,5095.0000,5093.4000,5092.0000,5100.6000,5102.0000,5103.8000,5108.0000,5108.6000,4,1,4,1,10,1,1,1,1,1
SF,IC2009,2020-02-11 09:32:20.100,5100.0000,10075,0,261990280.000,1,0,1,多换,S,5100.0000,5096.0000,5095.0000,5093.4000,5092.0000,5100.6000,5102.0000,5103.8000,5108.0000,5108.6000,3,1,4,1,10,1,1,1,1,1
SF,IC2009,2020-02-11 09:32:21.100,5100.0000,10076,1,264030280.000,2,1,1,空开,S,5100.0000,5096.0000,5095.0000,5093.4000,5092.0000,5100.6000,5102.0000,5103.8000,5108.0000,5108.6000,1,1,4,1,10,1,1,1,1,1
SF,IC2009,2020-02-11 09:32:21.600,5100.0000,10076,0,265050280.000,1,0,1,多换,S,5096.0000,5095.0000,5093.4000,5092.0000,5090.0000,5100.6000,5102.0000,5103.8000,5108.0000,5108.6000,1,4,1,10,1,1,1,1,1,1
SF,IC2009,2020-02-11 09:32:22.100,5100.0000,10076,0,265050280.000,0,-,-,-,-,5096.2000,5096.0000,5095.0000,5093.4000,5092.0000,5100.6000,5102.0000,5103.8000,5108.0000,5108.6000,1,1,4,1,10,1,1,1,1,1
SF,IC2009,2020-02-11 09:32:22.600,5100.0000,10076,0,265050280.000,0,-,-,-,-,5096.2000,5096.0000,5095.0000,5093.4000,5092.0000,5100.6000,5102.0000,5103.8000,5108.0000,5108.6000,1,1,4,1,10,1,1,1,1,1
SF,IC2009,2020-02-11 09:32:23.600,5100.0000,10076,0,265050280.000,0,-,-,-,-,5096.4000,5096.2000,5096.0000,5095.0000,5093.4000,5100.6000,5102.0000,5103.8000,5108.0000,5108.6000,1,1,1,4,1,1,1,1,1,1
SF,IC2009,2020-02-11 09:32:24.100,5100.0000,10076,0,265050280.000,0,-,-,-,-,5096.6000,5096.4000,5096.0000,5095.0000,5093.4000,5100.6000,5102.0000,5103.8000,5108.0000,5108.6000,1,1,1,4,1,1,1,1,1,1
SF,IC2009,2020-02-11 09:32:24.600,5100.0000,10076,0,265050280.000,0,-,-,-,-,5096.6000,5096.4000,5096.0000,5095.0000,5093.4000,5100.4000,5100.6000,5102.0000,5103.8000,5108.0000,1,1,1,4,1,1,1,1,1,1
SF,IC2009,2020-02-11 09:32:25.600,5100.0000,10076,0,265050280.000,0,-,-,-,-,5096.6000,5096.4000,5096.0000,5095.0000,5093.4000,5100.4000,5100.6000,5102.0000,5103.8000,5108.0000,1,1,2,4,1,1,1,1,1,1
SF,IC2009,2020-02-11 09:32:26.100,5100.0000,10076,0,265050280.000,0,-,-,-,-,5096.4000,5096.0000,5095.0000,5093.4000,5092.0000,5100.4000,5100.6000,5102.0000,5103.8000,5108.0000,1,2,4,1,10,1,1,1,1,1
SF,IC2009,2020-02-11 09:32:26.600,5100.0000,10076,0,265050280.000,0,-,-,-,-,5096.4000,5096.0000,5095.0000,5092.0000,5090.0000,5100.4000,5100.6000,5102.0000,5103.8000,5108.0000,1,2,4,10,1,1,1,1,1,1
SF,IC2009,2020-02-11 09:32:27.100,5100.0000,10076,0,265050280.000,0,-,-,-,-,5096.4000,5096.0000,5095.0000,5092.0000,5090.0000,5100.2000,5100.4000,5100.6000,5102.0000,5103.8000,1,2,4,10,1,1,1,1,1,1
SF,IC2009,2020-02-11 09:32:27.600,5100.0000,10076,0,265050280.000,0,-,-,-,-,5096.4000,5096.0000,5095.0000,5092.0000,5090.0000,5100.0000,5100.2000,5100.6000,5102.0000,5103.8000,1,2,4,10,1,1,1,1,1,1
SF,IC2009,2020-02-11 09:32:28.100,5100.0000,10076,0,265050280.000,0,-,-,-,-,5096.4000,5096.0000,5095.0000,5092.0000,5090.0000,5099.8000,5100.0000,5100.2000,5100.6000,5102.0000,1,2,4,10,1,2,1,1,1,1
SF,IC2009,2020-02-11 09:32:28.600,5100.0000,10076,0,265050280.000,0,-,-,-,-,5096.4000,5096.0000,5095.0000,5092.0000,5090.0000,5099.4000,5099.6000,5099.8000,5100.6000,5102.0000,1,2,4,10,1,1,1,3,1,1
SF,IC2009,2020-02-11 09:32:29.100,5100.0000,10076,0,265050280.000,0,-,-,-,-,5096.4000,5096.0000,5095.0000,5092.0000,5090.0000,5099.2000,5099.4000,5099.8000,5100.6000,5102.0000,1,2,4,10,1,1,2,2,1,1
SF,IC2009,2020-02-11 09:32:29.600,5096.4000,10076,0,266069560.000,1,0,1,多换,S,5096.0000,5095.0000,5092.0000,5090.0000,5086.0000,5098.8000,5099.2000,5099.4000,5099.8000,5100.6000,2,4,10,1,1,1,1,2,1,1
SF,IC2009,2020-02-11 09:32:30.100,5096.4000,10076,0,266069560.000,0,-,-,-,-,5096.0000,5095.0000,5092.0000,5090.0000,5086.0000,5098.4000,5098.6000,5099.4000,5099.8000,5100.6000,2,4,10,1,1,1,1,1,1,1
SF,IC2009,2020-02-11 09:32:30.600,5096.4000,10076,0,266069560.000,0,-,-,-,-,5096.0000,5095.0000,5092.0000,5090.0000,5086.0000,5098.0000,5098.2000,5099.4000,5099.8000,5100.6000,2,4,10,1,1,1,1,1,1,1
SF,IC2009,2020-02-11 09:32:31.100,5096.0000,10075,-1,268107960.000,2,0,2,多平,S,5095.0000,5092.0000,5090.0000,5086.0000,5085.8000,5097.8000,5099.8000,5100.6000,5102.0000,5103.8000,4,10,1,1,1,1,1,1,1,1
SF,IC2009,2020-02-11 09:32:31.600,5096.0000,10075,0,268107960.000,0,-,-,-,-,5096.0000,5095.0000,5092.0000,5090.0000,5086.0000,5097.4000,5097.6000,5099.8000,5100.6000,5102.0000,1,4,10,1,1,1,1,1,1,1
SF,IC2009,2020-02-11 09:32:32.100,5096.0000,10075,0,269127160.000,1,0,1,多换,S,5095.0000,5092.0000,5090.0000,5086.0000,5085.8000,5096.0000,5097.4000,5097.6000,5099.8000,5100.6000,4,10,1,1,1,1,1,1,1,1
SF,IC2009,2020-02-11 09:32:32.600,5096.0000,10075,0,269127160.000,0,-,-,-,-,5095.0000,5092.0000,5090.0000,5086.0000,5085.8000,5096.0000,5097.6000,5099.8000,5100.6000,5102.0000,4,10,1,1,1,1,1,1,1,1
SF,IC2009,2020-02-11 09:32:33.600,5095.0000,10075,0,273203360.000,4,2,2,多换,S,5095.0000,5092.0000,5090.0000,5086.0000,5085.8000,5099.8000,5100.6000,5102.0000,5103.8000,5104.0000,1,10,1,1,1,1,1,1,1,5
SF,IC2009,2020-02-11 09:32:34.100,5095.0000,10075,0,274222360.000,1,0,1,多换,S,5095.2000,5095.0000,5092.0000,5090.0000,5086.0000,5099.8000,5100.6000,5102.0000,5103.8000,5104.0000,1,1,10,1,1,1,1,1,1,5
SF,IC2009,2020-02-11 09:32:34.600,5095.0000,10075,0,274222360.000,0,-,-,-,-,5095.4000,5095.2000,5095.0000,5092.0000,5090.0000,5100.6000,5102.0000,5103.8000,5104.0000,5108.6000,3,1,1,10,1,1,1,1,5,1
SF,IC2009,2020-02-11 09:32:35.100,5095.0000,10075,0,274222360.000,0,-,-,-,-,5095.6000,5095.4000,5095.0000,5092.0000,5090.0000,5099.8000,5100.4000,5100.6000,5100.8000,5102.0000,1,3,1,10,1,1,1,2,1,1
SF,IC2009,2020-02-11 09:32:35.600,5095.0000,10075,0,274222360.000,0,-,-,-,-,5096.0000,5095.8000,5095.6000,5095.0000,5092.0000,5099.8000,5100.6000,5100.8000,5102.0000,5103.8000,2,1,1,1,10,1,2,1,2,1
SF,IC2009,2020-02-11 09:32:36.100,5095.0000,10074,-1,275241360.000,1,0,1,双平,S,5096.2000,5096.0000,5095.6000,5095.0000,5092.0000,5099.8000,5100.6000,5100.8000,5102.0000,5103.8000,1,2,1,1,10,1,1,1,2,1
SF,IC2009,2020-02-11 09:32:36.600,5095.0000,10074,0,275241360.000,0,-,-,-,-,5096.2000,5095.0000,5092.0000,5090.0000,5086.0000,5099.6000,5099.8000,5100.6000,5100.8000,5102.0000,2,1,10,1,1,1,1,1,1,2
SF,IC2009,2020-02-11 09:32:37.100,5095.0000,10074,0,275241360.000,0,-,-,-,-,5096.4000,5096.2000,5095.0000,5092.0000,5090.0000,5099.4000,5099.6000,5099.8000,5100.6000,5100.8000,1,1,1,10,1,1,1,1,1,1
SF,IC2009,2020-02-11 09:32:37.600,5095.0000,10074,0,275241360.000,0,-,-,-,-,5096.4000,5096.2000,5095.0000,5092.0000,5090.0000,5099.2000,5099.4000,5100.6000,5100.8000,5102.0000,1,1,1,10,1,1,1,1,1,2
SF,IC2009,2020-02-11 09:32:38.100,5095.0000,10074,0,275241360.000,0,-,-,-,-,5096.4000,5096.2000,5095.0000,5092.0000,5090.0000,5099.2000,5099.4000,5100.0000,5100.6000,5100.8000,1,1,1,10,1,1,1,1,1,1
SF,IC2009,2020-02-11 09:32:38.600,5095.0000,10074,0,275241360.000,0,-,-,-,-,5096.4000,5096.2000,5095.0000,5092.0000,5090.0000,5098.8000,5099.2000,5099.4000,5100.0000,5100.6000,1,1,1,10,1,1,1,1,1,1
SF,IC2009,2020-02-11 09:32:39.100,5095.0000,10074,0,275241360.000,0,-,-,-,-,5095.0000,5092.0000,5090.0000,5086.0000,5085.8000,5098.6000,5098.8000,5099.4000,5100.0000,5100.6000,1,10,1,1,1,1,1,1,1,1
SF,IC2009,2020-02-11 09:32:39.600,5095.0000,10074,0,275241360.000,0,-,-,-,-,5095.2000,5095.0000,5092.0000,5090.0000,5086.0000,5098.6000,5099.4000,5100.0000,5100.6000,5100.8000,1,1,10,1,1,1,1,1,1,1
SF,IC2009,2020-02-11 09:32:40.100,5095.0000,10074,0,275241360.000,0,-,-,-,-,5095.4000,5095.2000,5095.0000,5092.0000,5090.0000,5098.6000,5099.4000,5100.0000,5100.6000,5100.8000,1,1,1,10,1,1,1,1,1,1
SF,IC2009,2020-02-11 09:32:40.600,5095.0000,10074,0,275241360.000,0,-,-,-,-,5095.6000,5095.4000,5095.0000,5094.0000,5092.0000,5098.6000,5099.4000,5100.0000,5100.6000,5100.8000,1,1,1,2,10,1,1,1,1,1
SF,IC2009,2020-02-11 09:32:41.100,5095.0000,10074,0,275241360.000,0,-,-,-,-,5095.6000,5095.2000,5095.0000,5094.0000,5092.0000,5098.4000,5098.6000,5099.4000,5100.0000,5100.6000,1,2,1,2,10,1,1,1,1,1
SF,IC2009,2020-02-11 09:32:41.600,5095.0000,10074,0,275241360.000,0,-,-,-,-,5095.6000,5095.2000,5095.0000,5094.0000,5092.0000,5098.0000,5098.2000,5098.4000,5100.0000,5100.6000,1,2,1,2,10,1,1,1,1,1
SF,IC2009,2020-02-11 09:32:42.100,5095.0000,10074,0,275241360.000,0,-,-,-,-,5095.2000,5095.0000,5094.0000,5092.0000,5090.0000,5097.6000,5097.8000,5098.4000,5100.0000,5100.6000,2,1,2,10,1,1,1,1,1,1
SF,IC2009,2020-02-11 09:32:42.600,5095.0000,10074,0,275241360.000,0,-,-,-,-,5095.2000,5095.0000,5094.0000,5092.0000,5090.0000,5097.4000,5097.6000,5098.4000,5100.0000,5100.6000,2,1,2,10,1,1,1,1,1,1
SF,IC2009,2020-02-11 09:32:43.100,5095.0000,10074,0,275241360.000,0,-,-,-,-,5095.2000,5095.0000,5094.0000,5092.0000,5090.0000,5097.4000,5098.4000,5100.0000,5100.6000,5100.8000,2,1,2,10,1,1,1,1,1,1
SF,IC2009,2020-02-11 09:32:43.600,5095.0000,10074,0,275241360.000,0,-,-,-,-,5095.2000,5095.0000,5094.0000,5092.0000,5090.0000,5097.4000,5098.4000,5100.0000,5100.6000,5100.8000,2,1,2,10,1,1,1,1,1,1
SF,IC2009,2020-02-11 09:32:44.100,5095.0000,10075,1,276260360.000,1,1,0,双开,S,5095.2000,5095.0000,5094.0000,5092.0000,5090.0000,5097.4000,5097.6000,5098.4000,5100.0000,5100.6000,1,1,2,10,1,1,1,1,1,1
SF,IC2009,2020-02-11 09:32:44.600,5095.2000,10075,0,277279400.000,1,0,1,多换,S,5095.0000,5092.0000,5090.0000,5086.0000,5085.8000,5097.0000,5097.6000,5098.4000,5100.0000,5100.6000,1,10,1,1,1,2,1,1,1,1
SF,IC2009,2020-02-11 09:32:45.100,5095.0000,10074,-1,278298400.000,1,0,1,双平,S,5092.0000,5090.0000,5086.0000,5085.8000,5085.0000,5094.2000,5096.8000,5097.6000,5098.4000,5100.0000,10,1,1,1,2,1,2,1,1,1
SF,IC2009,2020-02-11 09:32:45.600,5095.0000,10074,0,278298400.000,0,-,-,-,-,5092.2000,5092.0000,5090.0000,5086.0000,5085.8000,5094.2000,5097.6000,5098.4000,5100.0000,5100.6000,1,10,1,1,1,1,1,1,1,1
SF,IC2009,2020-02-11 09:32:46.100,5094.2000,10073,-1,279317240.000,1,0,1,双平,S,5092.4000,5092.0000,5090.0000,5086.0000,5085.8000,5097.6000,5098.4000,5100.0000,5100.6000,5102.0000,1,10,1,1,1,1,1,1,1,2
SF,IC2009,2020-02-11 09:32:46.600,5094.2000,10073,0,279317240.000,0,-,-,-,-,5092.6000,5092.0000,5090.0000,5086.0000,5085.8000,5097.6000,5098.4000,5100.0000,5100.6000,5102.0000,2,10,1,1,1,1,1,1,1,2
SF,IC2009,2020-02-11 09:32:47.100,5094.2000,10073,0,279317240.000,0,-,-,-,-,5092.6000,5092.0000,5090.0000,5086.0000,5085.8000,5097.4000,5097.6000,5098.4000,5100.0000,5100.6000,2,10,1,1,1,2,1,1,1,1
SF,IC2009,2020-02-11 09:32:47.600,5094.2000,10073,0,279317240.000,0,-,-,-,-,5092.6000,5092.0000,5090.0000,5086.0000,5085.8000,5097.0000,5097.2000,5097.4000,5097.6000,5098.4000,2,10,1,1,1,1,1,1,1,1
SF,IC2009,2020-02-11 09:32:48.100,5094.2000,10073,0,279317240.000,0,-,-,-,-,5093.0000,5092.6000,5092.0000,5090.0000,5086.0000,5096.8000,5097.2000,5097.6000,5098.4000,5100.0000,2,2,10,1,1,1,1,1,1,1
SF,IC2009,2020-02-11 09:32:48.600,5094.2000,10073,0,279317240.000,0,-,-,-,-,5093.2000,5093.0000,5092.0000,5090.0000,5086.0000,5096.8000,5097.2000,5097.6000,5098.4000,5100.0000,2,2,10,1,1,2,1,1,1,1
SF,IC2009,2020-02-11 09:32:49.600,5094.2000,10073,0,279317240.000,0,-,-,-,-,5093.2000,5092.0000,5090.0000,5086.0000,5085.8000,5096.8000,5097.6000,5098.4000,5100.0000,5100.6000,2,10,1,1,1,2,1,1,1,1
SF,IC2009,2020-02-11 09:32:50.100,5094.2000,10073,0,279317240.000,0,-,-,-,-,5093.2000,5092.0000,5091.2000,5090.0000,5086.0000,5096.8000,5097.6000,5098.4000,5100.0000,5100.6000,2,10,2,1,1,2,1,1,1,1
SF,IC2009,2020-02-11 09:32:50.600,5094.2000,10073,0,279317240.000,0,-,-,-,-,5093.2000,5092.0000,5090.0000,5086.0000,5085.8000,5096.8000,5097.6000,5098.4000,5100.0000,5100.6000,2,10,1,1,1,2,1,1,1,1
SF,IC2009,2020-02-11 09:32:51.100,5094.2000,10073,0,279317240.000,0,-,-,-,-,5093.2000,5092.0000,5090.0000,5086.0000,5085.8000,5095.0000,5096.8000,5098.4000,5100.0000,5100.6000,2,10,1,1,1,1,1,1,1,1
SF,IC2009,2020-02-11 09:32:51.600,5094.2000,10073,0,279317240.000,0,-,-,-,-,5093.2000,5092.0000,5090.0000,5086.0000,5085.8000,5095.0000,5098.4000,5100.0000,5100.6000,5102.0000,1,10,1,1,1,1,1,1,1,2
SF,IC2009,2020-02-11 09:32:52.100,5095.0000,10073,0,280336240.000,1,0,1,多换,S,5092.0000,5090.0000,5086.0000,5085.8000,5085.0000,5098.4000,5100.0000,5100.6000,5102.0000,5103.8000,10,1,1,1,1,1,1,1,2,1
SF,IC2009,2020-02-11 09:32:52.600,5094.2000,10073,0,281355080.000,1,0,1,多换,S,5094.2000,5092.2000,5092.0000,5090.0000,5086.0000,5097.6000,5098.0000,5098.2000,5098.4000,5100.0000,1,2,10,1,1,1,1,1,1,1
SF,IC2009,2020-02-11 09:32:53.100,5094.2000,10073,0,281355080.000,0,-,-,-,-,5094.4000,5094.2000,5092.2000,5092.0000,5090.0000,5097.4000,5098.4000,5100.0000,5100.6000,5102.0000,1,1,1,10,1,1,1,1,1,2
SF,IC2009,2020-02-11 09:32:54.100,5094.2000,10073,0,281355080.000,0,-,-,-,-,5094.4000,5094.2000,5092.2000,5092.0000,5090.0000,5097.2000,5097.4000,5098.4000,5100.0000,5100.6000,1,1,1,10,1,1,1,1,1,1
SF,IC2009,2020-02-11 09:32:54.600,5094.2000,10073,0,281355080.000,0,-,-,-,-,5094.4000,5092.2000,5092.0000,5090.0000,5086.0000,5097.2000,5097.4000,5098.4000,5100.0000,5100.6000,1,1,10,1,1,1,1,1,1,1
SF,IC2009,2020-02-11 09:32:55.100,5094.4000,10072,-1,282373960.000,1,0,1,双平,S,5092.2000,5092.0000,5090.0000,5086.0000,5085.8000,5097.0000,5097.2000,5098.4000,5100.0000,5100.6000,1,10,1,1,1,1,1,1,1,1
SF,IC2009,2020-02-11 09:32:55.600,5094.4000,10072,0,282373960.000,0,-,-,-,-,5094.8000,5092.2000,5092.0000,5090.0000,5086.0000,5096.8000,5097.2000,5098.4000,5100.0000,5100.6000,1,1,10,1,1,1,1,1,1,1
SF,IC2009,2020-02-11 09:32:56.100,5094.4000,10072,0,282373960.000,0,-,-,-,-,5094.8000,5093.4000,5092.2000,5092.0000,5090.0000,5096.6000,5098.4000,5100.0000,5100.6000,5102.0000,1,1,1,10,1,1,1,1,1,2
SF,IC2009,2020-02-11 09:32:56.600,5094.4000,10072,0,282373960.000,0,-,-,-,-,5093.4000,5092.2000,5092.0000,5090.0000,5086.0000,5096.6000,5098.4000,5100.0000,5100.6000,5102.0000,1,1,10,1,1,2,1,1,1,2
SF,IC2009,2020-02-11 09:32:57.100,5094.4000,10072,0,282373960.000,0,-,-,-,-,5092.4000,5092.2000,5092.0000,5090.0000,5086.0000,5094.8000,5096.4000,5096.6000,5098.4000,5100.0000,1,1,10,1,1,1,1,1,1,1
SF,IC2009,2020-02-11 09:32:57.600,5094.4000,10072,0,282373960.000,0,-,-,-,-,5092.4000,5092.0000,5090.0000,5086.0000,5085.8000,5094.6000,5094.8000,5096.4000,5098.4000,5100.0000,1,10,1,1,1,1,1,1,1,1
SF,IC2009,2020-02-11 09:32:58.100,5094.4000,10072,0,282373960.000,0,-,-,-,-,5092.8000,5092.0000,5090.0000,5086.0000,5085.8000,5094.6000,5094.8000,5096.4000,5098.4000,5100.0000,1,10,1,1,1,1,1,1,1,1
SF,IC2009,2020-02-11 09:32:58.600,5094.6000,10071,-1,283392880.000,1,0,1,双平,S,5092.0000,5090.0000,5086.0000,5085.8000,5085.0000,5094.8000,5096.4000,5098.4000,5100.0000,5100.6000,10,1,1,1,1,1,1,1,1,1
SF,IC2009,2020-02-11 09:32:59.100,5094.6000,10071,0,283392880.000,0,-,-,-,-,5092.0000,5090.0000,5086.0000,5085.8000,5085.0000,5094.4000,5094.6000,5094.8000,5096.4000,5098.4000,10,1,1,1,1,1,1,1,1,1
SF,IC2009,2020-02-11 09:32:59.600,5094.6000,10071,0,283392880.000,0,-,-,-,-,5092.0000,5090.0000,5086.0000,5085.8000,5085.0000,5094.0000,5094.2000,5094.8000,5096.4000,5098.4000,10,1,1,1,1,1,1,1,1,1
SF,IC2009,2020-02-11 09:33:00.100,5092.0000,10072,1,284411280.000,1,1,0,双开,S,5092.0000,5090.0000,5086.0000,5085.8000,5085.0000,5093.8000,5094.4000,5094.8000,5096.4000,5098.4000,9,1,1,1,1,2,1,1,1,1
SF,IC2009,2020-02-11 09:33:00.600,5092.0000,10072,0,285429680.000,1,0,1,多换,S,5092.0000,5090.0000,5086.0000,5085.8000,5085.0000,5093.8000,5094.4000,5094.8000,5096.4000,5098.4000,8,1,1,1,1,1,1,1,1,1
SF,IC2009,2020-02-11 09:33:01.100,5092.0000,10072,0,293576880.000,8,4,4,多换,S,5090.0000,5086.0000,5085.8000,5085.0000,5084.0000,5093.8000,5094.4000,5094.8000,5096.4000,5098.4000,1,1,1,1,3,1,1,1,1,1
SF,IC2009,2020-02-11 09:33:01.600,5092.0000,10072,0,293576880.000,0,-,-,-,-,5090.2000,5090.0000,5086.0000,5085.8000,5085.0000,5091.8000,5092.0000,5093.6000,5093.8000,5094.4000,1,1,1,1,1,1,1,2,1,1
SF,IC2009,2020-02-11 09:33:02.100,5092.0000,10072,0,293576880.000,0,-,-,-,-,5090.2000,5090.0000,5086.0000,5085.8000,5085.0000,5092.0000,5093.6000,5094.4000,5094.8000,5098.4000,1,1,1,1,1,1,1,1,1,1
SF,IC2009,2020-02-11 09:33:02.600,5092.0000,10072,0,293576880.000,0,-,-,-,-,5090.0000,5086.0000,5085.8000,5085.0000,5084.0000,5091.2000,5091.6000,5092.0000,5093.6000,5094.8000,1,1,1,1,3,1,1,1,1,1
SF,IC2009,2020-02-11 09:33:03.100,5092.0000,10072,0,293576880.000,0,-,-,-,-,5090.0000,5086.0000,5085.8000,5085.0000,5084.0000,5090.2000,5091.0000,5092.0000,5093.6000,5094.8000,1,1,1,1,3,1,1,1,1,1
SF,IC2009,2020-02-11 09:33:03.600,5090.0000,10072,0,294594880.000,1,0,1,多换,S,5086.0000,5085.8000,5085.0000,5084.0000,5082.0000,5089.6000,5090.0000,5090.2000,5091.2000,5092.4000,1,1,1,3,1,1,1,1,1,5
SF,IC2009,2020-02-11 09:33:04.100,5089.6000,10071,-1,295612800.000,1,0,1,双平,S,5086.0000,5085.8000,5085.0000,5084.0000,5082.0000,5089.4000,5089.8000,5090.2000,5091.2000,5092.4000,1,1,1,3,1,1,1,1,1,5
SF,IC2009,2020-02-11 09:33:04.600,5089.4000,10070,-1,296630680.000,1,0,1,双平,S,5086.0000,5085.8000,5085.0000,5084.0000,5082.0000,5089.8000,5090.2000,5091.2000,5092.4000,5100.6000,1,1,1,3,1,1,1,1,5,1
SF,IC2009,2020-02-11 09:33:05.100,5089.4000,10070,0,296630680.000,0,-,-,-,-,5086.2000,5086.0000,5085.8000,5085.0000,5084.0000,5090.2000,5098.2000,5100.6000,5102.0000,5103.8000,1,1,1,1,3,1,5,1,2,1
SF,IC2009,2020-02-11 09:33:05.600,5086.4000,10069,-1,297647960.000,1,0,1,双平,S,5086.2000,5086.0000,5085.8000,5085.0000,5084.0000,5090.2000,5098.2000,5100.6000,5102.0000,5103.8000,1,1,1,1,3,1,5,1,2,1
SF,IC2009,2020-02-11 09:33:06.600,5086.4000,10069,0,297647960.000,0,-,-,-,-,5086.8000,5086.2000,5086.0000,5085.8000,5085.0000,5090.2000,5098.2000,5100.6000,5102.0000,5103.8000,1,1,1,1,1,1,5,1,2,1
SF,IC2009,2020-02-11 09:33:07.100,5086.4000,10069,0,297647960.000,0,-,-,-,-,5087.0000,5086.8000,5086.4000,5086.0000,5085.8000,5090.2000,5098.2000,5100.6000,5102.0000,5103.8000,1,1,1,1,1,1,5,1,2,1
SF,IC2009,2020-02-11 09:33:07.600,5090.2000,10068,-1,298666000.000,1,0,1,双平,S,5087.4000,5087.2000,5086.4000,5086.0000,5085.8000,5098.2000,5100.6000,5102.0000,5103.8000,5105.0000,1,1,1,1,1,5,1,2,1,1
SF,IC2009,2020-02-11 09:33:08.100,5090.2000,10068,0,298666000.000,0,-,-,-,-,5087.6000,5087.4000,5086.8000,5086.4000,5086.0000,5094.4000,5097.2000,5098.0000,5098.2000,5100.6000,3,1,1,1,1,1,1,1,6,1
SF,IC2009,2020-02-11 09:33:08.600,5090.2000,10068,0,298666000.000,0,-,-,-,-,5088.8000,5087.8000,5087.6000,5086.8000,5086.4000,5094.0000,5094.2000,5094.4000,5097.2000,5098.2000,1,1,3,1,1,1,1,1,1,6
SF,IC2009,2020-02-11 09:33:09.100,5090.2000,10068,0,298666000.000,0,-,-,-,-,5089.4000,5089.0000,5088.8000,5088.0000,5087.8000,5093.4000,5094.4000,5097.2000,5098.2000,5100.6000,1,2,1,2,2,1,1,1,6,1
SF,IC2009,2020-02-11 09:33:09.600,5090.2000,10068,0,298666000.000,0,-,-,-,-,5089.6000,5089.4000,5088.8000,5088.0000,5087.8000,5093.4000,5094.4000,5097.2000,5098.2000,5100.6000,2,2,1,1,1,1,1,1,6,1
SF,IC2009,2020-02-11 09:33:10.100,5090.2000,10068,0,298666000.000,0,-,-,-,-,5089.6000,5089.4000,5088.0000,5087.8000,5086.8000,5093.4000,5094.4000,5097.2000,5098.2000,5100.6000,2,1,1,1,1,1,1,1,6,1
SF,IC2009,2020-02-11 09:33:10.600,5090.2000,10068,0,298666000.000,0,-,-,-,-,5090.2000,5089.6000,5088.0000,5087.8000,5086.8000,5097.2000,5098.2000,5100.6000,5102.0000,5103.8000,1,2,1,1,1,1,6,1,2,1
SF,IC2009,2020-02-11 09:33:11.100,5090.2000,10068,0,298666000.000,0,-,-,-,-,5090.4000,5090.2000,5088.0000,5087.8000,5086.8000,5097.0000,5098.2000,5100.6000,5102.0000,5103.8000,2,1,2,1,1,1,6,1,2,1
SF,IC2009,2020-02-11 09:33:11.600,5090.2000,10068,0,298666000.000,0,-,-,-,-,5090.4000,5088.0000,5086.8000,5086.0000,5085.8000,5096.6000,5096.8000,5097.0000,5098.2000,5100.6000,2,2,1,1,1,1,1,1,6,1
SF,IC2009,2020-02-11 09:33:12.100,5090.4000,10068,0,299684080.000,1,0,1,多换,S,5090.4000,5088.0000,5086.8000,5086.0000,5085.8000,5094.4000,5096.2000,5096.4000,5098.2000,5100.6000,2,2,1,1,1,1,1,3,6,1
SF,IC2009,2020-02-11 09:33:12.600,5090.4000,10068,0,299684080.000,0,-,-,-,-,5090.4000,5088.0000,5086.8000,5086.0000,5085.8000,5094.2000,5096.2000,5096.4000,5098.2000,5100.6000,1,2,1,1,1,1,1,1,6,1
SF,IC2009,2020-02-11 09:33:13.100,5090.4000,10068,0,299684080.000,0,-,-,-,-,5090.4000,5088.0000,5086.8000,5086.0000,5085.8000,5096.2000,5096.4000,5098.2000,5100.6000,5102.0000,1,2,1,1,1,1,1,6,1,2
SF,IC2009,2020-02-11 09:33:13.600,5090.4000,10068,0,300702160.000,1,0,1,多换,S,5088.0000,5086.8000,5086.0000,5085.8000,5085.0000,5094.4000,5096.0000,5096.2000,5096.4000,5098.2000,2,1,1,1,1,1,2,1,1,6
SF,IC2009,2020-02-11 09:33:14.100,5090.4000,10068,0,300702160.000,0,-,-,-,-,5088.2000,5088.0000,5086.8000,5086.0000,5085.8000,5090.0000,5094.4000,5096.2000,5098.2000,5100.6000,1,2,1,1,1,1,1,1,6,1
SF,IC2009,2020-02-11 09:33:14.600,5090.0000,10067,-1,301720160.000,1,0,1,双平,S,5090.2000,5088.0000,5086.8000,5086.0000,5085.8000,5094.4000,5096.2000,5098.2000,5100.6000,5102.0000,1,1,1,1,1,1,1,6,1,2
SF,IC2009,2020-02-11 09:33:15.100,5090.0000,10067,0,301720160.000,0,-,-,-,-,5088.0000,5086.8000,5086.0000,5085.8000,5085.0000,5094.2000,5094.4000,5096.2000,5098.2000,5100.6000,1,1,1,1,1,1,2,1,6,1
SF,IC2009,2020-02-11 09:33:15.600,5090.0000,10067,0,301720160.000,0,-,-,-,-,5088.8000,5088.2000,5088.0000,5086.8000,5086.0000,5094.2000,5094.4000,5096.2000,5098.2000,5100.6000,1,1,1,1,1,1,1,1,6,1
SF,IC2009,2020-02-11 09:33:16.100,5090.0000,10067,0,301720160.000,0,-,-,-,-,5089.4000,5089.0000,5088.8000,5088.0000,5086.8000,5093.2000,5096.2000,5100.6000,5102.0000,5103.8000,1,1,1,1,1,1,1,1,2,1
SF,IC2009,2020-02-11 09:33:16.600,5093.2000,10066,-1,302738800.000,1,0,1,双平,S,5090.8000,5090.2000,5089.8000,5089.6000,5089.4000,5100.6000,5102.0000,5103.8000,5104.0000,5105.0000,1,1,1,1,1,1,2,1,5,1
SF,IC2009,2020-02-11 09:33:17.100,5093.2000,10066,0,302738800.000,0,-,-,-,-,5090.8000,5090.2000,5089.8000,5089.6000,5089.4000,5097.6000,5098.2000,5100.4000,5100.6000,5102.0000,2,1,2,1,1,2,1,2,1,2
SF,IC2009,2020-02-11 09:33:17.600,5093.2000,10066,0,302738800.000,0,-,-,-,-,5091.2000,5091.0000,5090.8000,5090.2000,5090.0000,5097.6000,5098.2000,5100.6000,5102.0000,5102.4000,1,1,2,1,1,1,1,1,2,2
SF,IC2009,2020-02-11 09:33:18.100,5093.2000,10066,0,302738800.000,0,-,-,-,-,5092.2000,5091.4000,5091.2000,5090.2000,5089.8000,5096.8000,5097.2000,5100.6000,5102.0000,5102.4000,1,1,2,1,2,1,1,1,2,2
SF,IC2009,2020-02-11 09:33:18.600,5093.2000,10066,0,302738800.000,0,-,-,-,-,5092.4000,5092.2000,5092.0000,5091.2000,5090.2000,5097.2000,5100.0000,5100.6000,5102.0000,5102.4000,1,1,1,2,1,1,1,1,2,2
SF,IC2009,2020-02-11 09:33:19.100,5093.2000,10066,0,302738800.000,0,-,-,-,-,5092.6000,5092.4000,5092.2000,5091.2000,5090.2000,5097.0000,5097.2000,5100.0000,5100.6000,5102.0000,1,1,1,2,1,1,1,1,1,2
SF,IC2009,2020-02-11 09:33:19.600,5093.2000,10066,0,302738800.000,0,-,-,-,-,5092.6000,5092.2000,5091.2000,5089.8000,5089.4000,5097.0000,5100.0000,5100.6000,5102.0000,5102.4000,1,1,2,2,1,1,1,1,2,2
SF,IC2009,2020-02-11 09:33:20.100,5093.2000,10066,0,302738800.000,0,-,-,-,-,5089.8000,5089.4000,5089.2000,5088.0000,5086.0000,5096.8000,5097.0000,5100.0000,5100.6000,5102.0000,2,4,1,1,1,1,1,1,1,2
SF,IC2009,2020-02-11 09:33:20.600,5093.2000,10066,0,302738800.000,0,-,-,-,-,5090.0000,5089.8000,5089.4000,5089.2000,5088.0000,5096.2000,5096.6000,5096.8000,5100.0000,5100.6000,1,2,4,1,1,1,1,1,1,1
SF,IC2009,2020-02-11 09:33:21.100,5093.2000,10066,0,302738800.000,0,-,-,-,-,5090.4000,5090.0000,5089.8000,5089.4000,5089.2000,5096.0000,5096.2000,5096.6000,5096.8000,5100.0000,1,1,2,4,1,1,1,1,1,1
SF,IC2009,2020-02-11 09:33:21.600,5093.2000,10066,0,302738800.000,0,-,-,-,-,5090.6000,5090.4000,5089.8000,5089.4000,5089.2000,5096.0000,5096.2000,5096.6000,5096.8000,5098.0000,1,1,2,4,1,1,1,1,1,1
SF,IC2009,2020-02-11 09:33:22.100,5093.2000,10066,0,302738800.000,0,-,-,-,-,5090.8000,5090.6000,5089.8000,5089.4000,5089.2000,5095.8000,5096.0000,5096.2000,5096.6000,5098.0000,2,1,1,3,1,1,1,1,1,1
SF,IC2009,2020-02-11 09:33:22.600,5093.2000,10066,0,302738800.000,0,-,-,-,-,5091.0000,5090.8000,5089.8000,5089.4000,5089.2000,5095.6000,5095.8000,5096.2000,5096.6000,5098.0000,2,1,1,3,1,1,1,1,1,1
SF,IC2009,2020-02-11 09:33:23.100,5093.2000,10066,0,302738800.000,0,-,-,-,-,5091.0000,5090.8000,5089.4000,5089.2000,5088.0000,5095.2000,5095.4000,5095.6000,5095.8000,5096.2000,2,1,3,1,1,1,1,1,1,1
SF,IC2009,2020-02-11 09:33:23.600,5093.2000,10066,0,302738800.000,0,-,-,-,-,5091.2000,5091.0000,5090.8000,5089.4000,5089.2000,5095.0000,5095.2000,5095.6000,5095.8000,5096.2000,1,2,1,3,1,1,1,1,1,1
SF,IC2009,2020-02-11 09:33:24.100,5093.2000,10066,0,302738800.000,0,-,-,-,-,5091.4000,5091.2000,5091.0000,5090.8000,5089.4000,5095.2000,5095.6000,5095.8000,5096.2000,5098.0000,1,1,1,1,3,1,1,1,1,1
SF,IC2009,2020-02-11 09:33:24.600,5093.2000,10066,0,302738800.000,0,-,-,-,-,5091.6000,5091.4000,5091.2000,5091.0000,5090.8000,5096.2000,5098.0000,5099.6000,5099.8000,5100.0000,1,1,1,1,1,1,1,1,1,1
SF,IC2009,2020-02-11 09:33:25.100,5093.2000,10066,0,302738800.000,0,-,-,-,-,5092.4000,5091.8000,5091.6000,5091.2000,5090.8000,5096.2000,5098.0000,5099.6000,5099.8000,5100.0000,1,2,2,1,1,1,1,1,1,1
SF,IC2009,2020-02-11 09:33:25.600,5093.2000,10066,0,302738800.000,0,-,-,-,-,5092.6000,5092.4000,5091.8000,5091.6000,5091.2000,5096.2000,5098.0000,5099.6000,5099.8000,5100.0000,2,1,1,1,1,1,1,1,1,1
SF,IC2009,2020-02-11 09:33:26.100,5093.2000,10066,0,302738800.000,0,-,-,-,-,5092.6000,5092.4000,5091.8000,5091.2000,5090.8000,5096.0000,5096.2000,5098.0000,5099.6000,5099.8000,1,1,1,1,1,1,1,1,1,1
SF,IC2009,2020-02-11 09:33:26.600,5092.8000,10066,0,303757360.000,1,0,1,多换,S,5092.4000,5091.8000,5091.2000,5090.8000,5090.2000,5096.0000,5096.2000,5098.0000,5099.6000,5099.8000,1,1,1,1,1,1,1,1,1,1
SF,IC2009,2020-02-11 09:33:28.100,5092.8000,10066,0,303757360.000,0,-,-,-,-,5091.8000,5091.2000,5090.8000,5090.2000,5089.4000,5096.0000,5096.2000,5098.0000,5099.6000,5099.8000,1,1,1,1,3,1,1,1,1,1
SF,IC2009,2020-02-11 09:33:28.600,5092.8000,10066,0,303757360.000,0,-,-,-,-,5092.0000,5091.8000,5091.2000,5090.8000,5090.2000,5096.0000,5096.2000,5098.0000,5099.6000,5099.8000,1,1,1,1,1,1,1,1,1,1
SF,IC2009,2020-02-11 09:33:29.600,5092.8000,10066,0,303757360.000,0,-,-,-,-,5092.0000,5091.8000,5091.2000,5090.8000,5090.2000,5096.0000,5096.2000,5098.0000,5099.6000,5099.8000,1,1,1,1,1,1,1,1,1,1
SF,IC2009,2020-02-11 09:33:30.100,5092.8000,10066,0,303757360.000,0,-,-,-,-,5092.0000,5091.8000,5091.2000,5090.8000,5090.2000,5096.0000,5096.2000,5098.0000,5099.6000,5099.8000,1,1,1,1,1,1,1,1,1,1
SF,IC2009,2020-02-11 09:33:30.600,5092.8000,10066,0,303757360.000,0,-,-,-,-,5092.0000,5091.8000,5091.2000,5090.8000,5090.2000,5096.0000,5096.2000,5097.0000,5098.0000,5099.6000,1,1,1,1,1,1,1,1,1,1
SF,IC2009,2020-02-11 09:33:31.100,5092.8000,10066,0,303757360.000,0,-,-,-,-,5092.0000,5091.8000,5091.2000,5090.8000,5090.2000,5096.2000,5097.0000,5098.0000,5099.6000,5099.8000,1,1,1,1,1,1,1,1,1,1
SF,IC2009,2020-02-11 09:33:31.600,5092.8000,10066,0,303757360.000,0,-,-,-,-,5093.2000,5092.4000,5092.2000,5092.0000,5091.8000,5094.0000,5096.2000,5097.0000,5098.0000,5099.6000,2,2,2,1,1,1,1,1,1,1
SF,IC2009,2020-02-11 09:33:32.100,5094.0000,10066,0,304776160.000,1,0,1,多换,S,5093.2000,5092.4000,5092.2000,5091.2000,5090.8000,5096.2000,5097.0000,5098.0000,5099.6000,5099.8000,2,2,1,1,1,1,1,1,1,1
SF,IC2009,2020-02-11 09:33:32.600,5094.0000,10066,0,304776160.000,0,-,-,-,-,5093.4000,5093.2000,5092.4000,5092.2000,5091.2000,5096.0000,5096.2000,5097.0000,5098.0000,5099.6000,1,2,2,1,1,1,1,1,1,1
SF,IC2009,2020-02-11 09:33:33.100,5094.0000,10066,0,304776160.000,0,-,-,-,-,5093.6000,5093.4000,5093.2000,5091.2000,5090.8000,5096.0000,5096.2000,5097.0000,5098.0000,5099.6000,1,1,2,1,1,1,1,1,1,1
SF,IC2009,2020-02-11 09:33:33.600,5094.0000,10066,0,304776160.000,0,-,-,-,-,5093.6000,5093.4000,5093.2000,5091.4000,5091.2000,5095.8000,5096.0000,5096.2000,5097.0000,5098.0000,1,1,2,1,1,2,1,1,1,1
SF,IC2009,2020-02-11 09:33:34.100,5094.0000,10066,0,304776160.000,0,-,-,-,-,5093.6000,5093.4000,5093.2000,5091.4000,5091.2000,5095.6000,5095.8000,5096.2000,5097.0000,5098.0000,1,1,2,1,1,1,2,1,1,1
SF,IC2009,2020-02-11 09:33:34.600,5094.0000,10066,0,304776160.000,0,-,-,-,-,5093.4000,5093.2000,5091.4000,5091.2000,5090.2000,5095.6000,5095.8000,5096.2000,5097.0000,5098.0000,1,2,1,1,1,1,2,1,1,1
SF,IC2009,2020-02-11 09:33:35.100,5094.0000,10066,0,304776160.000,0,-,-,-,-,5093.4000,5093.2000,5091.2000,5090.2000,5089.4000,5095.6000,5095.8000,5096.2000,5097.0000,5098.0000,1,2,1,1,3,1,2,1,1,1
SF,IC2009,2020-02-11 09:33:35.600,5094.0000,10066,0,304776160.000,0,-,-,-,-,5093.4000,5093.2000,5091.8000,5091.2000,5090.2000,5095.6000,5095.8000,5096.2000,5097.0000,5098.0000,1,2,1,1,1,1,2,1,1,1
SF,IC2009,2020-02-11 09:33:36.100,5094.0000,10066,0,304776160.000,0,-,-,-,-,5094.4000,5093.4000,5091.8000,5091.2000,5090.2000,5095.6000,5095.8000,5096.2000,5097.0000,5098.0000,1,1,1,1,1,1,2,1,1,1
SF,IC2009,2020-02-11 09:33:36.600,5094.0000,10066,0,304776160.000,0,-,-,-,-,5094.4000,5093.4000,5091.8000,5091.2000,5090.2000,5095.6000,5095.8000,5096.2000,5097.0000,5098.0000,1,1,1,1,1,1,2,1,1,1
SF,IC2009,2020-02-11 09:33:37.100,5094.0000,10066,0,304776160.000,0,-,-,-,-,5094.4000,5093.4000,5091.8000,5091.2000,5090.2000,5095.4000,5095.6000,5095.8000,5096.2000,5097.0000,1,1,1,1,1,1,1,2,1,1
SF,IC2009,2020-02-11 09:33:37.600,5094.0000,10066,0,304776160.000,0,-,-,-,-,5094.6000,5094.4000,5093.4000,5091.8000,5091.2000,5095.6000,5095.8000,5096.2000,5097.0000,5098.0000,1,1,1,1,1,1,2,1,1,1
SF,IC2009,2020-02-11 09:33:38.100,5094.2000,10065,-1,305795000.000,1,0,1,双平,S,5094.4000,5093.4000,5091.8000,5091.2000,5090.2000,5095.6000,5095.8000,5096.2000,5097.0000,5098.0000,1,1,1,1,1,1,2,1,1,1
SF,IC2009,2020-02-11 09:33:38.600,5094.4000,10065,0,306813880.000,1,0,1,多换,S,5093.4000,5092.0000,5091.8000,5091.2000,5090.2000,5095.4000,5095.8000,5096.2000,5097.0000,5098.0000,1,2,1,1,1,1,2,1,1,1
SF,IC2009,2020-02-11 09:33:39.100,5093.4000,10065,0,307832560.000,1,0,1,多换,S,5092.0000,5091.8000,5091.2000,5090.2000,5089.4000,5095.2000,5095.4000,5095.8000,5096.2000,5097.0000,2,1,1,1,3,1,2,2,1,1
SF,IC2009,2020-02-11 09:33:39.600,5093.4000,10065,0,307832560.000,0,-,-,-,-,5092.0000,5091.8000,5091.2000,5090.2000,5089.4000,5095.2000,5095.8000,5096.2000,5097.0000,5098.0000,2,1,1,1,3,1,2,1,1,1
SF,IC2009,2020-02-11 09:33:41.100,5095.2000,10065,0,308851600.000,1,0,1,多换,S,5095.2000,5092.0000,5091.8000,5091.2000,5090.2000,5095.8000,5096.2000,5097.0000,5098.0000,5099.6000,2,2,1,1,1,2,1,1,1,1
SF,IC2009,2020-02-11 09:33:41.600,5095.2000,10065,0,310889680.000,2,1,1,多换,S,5092.0000,5091.8000,5091.2000,5090.2000,5089.4000,5094.4000,5095.8000,5096.2000,5097.0000,5098.0000,2,1,1,1,3,1,2,1,1,1
SF,IC2009,2020-02-11 09:33:42.100,5092.0000,10067,2,312926480.000,2,2,0,双开,S,5091.8000,5091.2000,5090.2000,5089.4000,5088.0000,5092.0000,5094.0000,5094.2000,5094.4000,5095.8000,1,1,1,3,1,3,2,1,1,2
SF,IC2009,2020-02-11 09:33:42.600,5092.0000,10067,0,314963240.000,2,1,1,多换,S,5091.2000,5090.2000,5089.4000,5088.0000,5086.0000,5092.0000,5094.2000,5094.4000,5095.0000,5096.2000,1,1,3,1,1,2,1,1,2,1
SF,IC2009,2020-02-11 09:33:43.100,5091.2000,10067,0,315981480.000,1,0,1,多换,S,5090.2000,5089.4000,5088.0000,5086.0000,5084.0000,5092.0000,5094.2000,5094.4000,5095.0000,5096.2000,1,3,1,1,2,2,1,1,2,1
SF,IC2009,2020-02-11 09:33:45.100,5092.0000,10067,0,318018280.000,2,1,1,多换,S,5090.2000,5089.4000,5088.0000,5086.0000,5084.0000,5094.2000,5094.4000,5095.0000,5096.2000,5097.0000,1,3,1,1,2,1,1,2,1,1
SF,IC2009,2020-02-11 09:33:45.600,5092.0000,10067,0,318018280.000,0,-,-,-,-,5092.0000,5090.6000,5090.4000,5090.2000,5089.4000,5094.2000,5094.4000,5095.0000,5096.2000,5097.0000,1,1,1,1,3,1,1,2,1,1
SF,IC2009,2020-02-11 09:33:46.100,5090.2000,10066,-1,320054720.000,2,0,2,多平,S,5089.4000,5088.0000,5086.0000,5084.0000,5082.0000,5090.2000,5093.8000,5094.4000,5096.2000,5097.0000,3,1,1,2,1,2,1,1,1,1
SF,IC2009,2020-02-11 09:33:46.600,5090.2000,10064,-2,322090800.000,2,0,2,双平,S,5088.0000,5086.0000,5084.0000,5082.0000,5080.8000,5094.4000,5095.8000,5096.2000,5097.0000,5098.0000,1,1,2,1,1,1,1,1,1,1
SF,IC2009,2020-02-11 09:33:47.100,5090.2000,10064,0,322090800.000,0,-,-,-,-,5088.4000,5088.2000,5088.0000,5086.0000,5084.0000,5094.4000,5095.8000,5096.2000,5097.0000,5098.0000,1,2,1,1,2,1,1,1,1,1
SF,IC2009,2020-02-11 09:33:47.600,5090.2000,10064,0,322090800.000,0,-,-,-,-,5093.0000,5092.6000,5088.6000,5088.4000,5088.0000,5094.4000,5095.8000,5096.2000,5097.0000,5098.0000,1,3,2,1,1,1,1,1,1,1
SF,IC2009,2020-02-11 09:33:48.100,5092.6000,10064,0,324127840.000,2,1,1,多换,S,5092.6000,5088.6000,5088.4000,5088.0000,5086.0000,5094.0000,5094.4000,5095.8000,5096.2000,5097.0000,2,1,1,1,1,1,1,1,1,1
SF,IC2009,2020-02-11 09:33:48.600,5092.6000,10065,1,326164880.000,2,1,1,空开,S,5088.6000,5088.4000,5088.0000,5086.0000,5084.0000,5094.0000,5094.4000,5095.8000,5096.2000,5097.0000,2,1,1,1,2,1,1,1,1,1
SF,IC2009,2020-02-11 09:33:49.100,5092.6000,10065,0,326164880.000,0,-,-,-,-,5088.8000,5088.6000,5088.4000,5088.0000,5086.0000,5094.0000,5094.4000,5095.8000,5096.2000,5097.0000,1,2,1,1,1,1,1,1,1,1
SF,IC2009,2020-02-11 09:33:49.600,5092.6000,10065,0,326164880.000,0,-,-,-,-,5088.8000,5088.6000,5088.4000,5088.0000,5086.0000,5093.8000,5094.4000,5095.8000,5096.2000,5097.0000,1,2,1,1,1,1,1,1,1,1
SF,IC2009,2020-02-11 09:33:50.100,5092.6000,10065,0,326164880.000,0,-,-,-,-,5089.2000,5088.8000,5088.6000,5088.4000,5088.0000,5093.8000,5094.4000,5095.8000,5096.2000,5097.0000,1,1,2,1,1,1,1,1,1,1
SF,IC2009,2020-02-11 09:33:50.600,5092.6000,10065,0,326164880.000,0,-,-,-,-,5089.4000,5088.6000,5088.4000,5088.0000,5086.0000,5093.4000,5093.8000,5094.4000,5095.8000,5096.2000,1,1,1,1,1,1,1,1,1,1
SF,IC2009,2020-02-11 09:33:51.100,5092.6000,10065,0,326164880.000,0,-,-,-,-,5088.6000,5088.4000,5088.0000,5086.0000,5084.0000,5093.2000,5093.4000,5095.8000,5096.2000,5097.0000,1,1,1,1,2,1,1,1,1,1
SF,IC2009,2020-02-11 09:33:51.600,5092.6000,10065,0,326164880.000,0,-,-,-,-,5088.8000,5088.4000,5088.0000,5086.0000,5084.0000,5092.8000,5093.2000,5093.4000,5095.8000,5096.2000,1,1,1,1,2,1,1,1,1,1
SF,IC2009,2020-02-11 09:33:52.100,5092.6000,10065,0,326164880.000,0,-,-,-,-,5088.0000,5086.0000,5084.0000,5082.0000,5080.8000,5092.6000,5092.8000,5093.4000,5095.8000,5096.2000,1,1,2,1,1,1,1,1,1,1
SF,IC2009,2020-02-11 09:33:52.600,5092.6000,10065,0,326164880.000,0,-,-,-,-,5088.2000,5088.0000,5086.0000,5084.0000,5082.0000,5092.6000,5092.8000,5093.4000,5095.8000,5096.2000,1,1,1,2,1,1,1,1,1,1
SF,IC2009,2020-02-11 09:33:53.600,5092.6000,10065,0,326164880.000,0,-,-,-,-,5088.6000,5088.4000,5088.2000,5088.0000,5086.0000,5092.6000,5092.8000,5093.4000,5095.8000,5096.2000,1,1,1,1,1,1,1,1,1,1
SF,IC2009,2020-02-11 09:33:54.100,5092.6000,10065,0,326164880.000,0,-,-,-,-,5088.8000,5088.6000,5088.4000,5088.0000,5086.0000,5092.8000,5095.8000,5096.2000,5097.0000,5098.0000,1,1,1,1,1,1,1,1,1,1
SF,IC2009,2020-02-11 09:33:54.600,5089.0000,10065,0,327182680.000,1,0,1,多换,S,5088.8000,5088.6000,5088.0000,5086.0000,5084.0000,5095.8000,5096.2000,5097.0000,5098.0000,5099.6000,2,1,1,1,2,1,1,1,1,1
SF,IC2009,2020-02-11 09:33:55.100,5089.0000,10065,0,327182680.000,0,-,-,-,-,5089.4000,5089.2000,5089.0000,5088.8000,5088.6000,5094.4000,5095.6000,5095.8000,5096.2000,5097.0000,2,1,2,1,1,1,1,1,1,1
SF,IC2009,2020-02-11 09:33:55.600,5089.0000,10065,0,327182680.000,0,-,-,-,-,5089.6000,5089.4000,5089.2000,5089.0000,5088.6000,5094.4000,5095.8000,5096.2000,5097.0000,5098.0000,1,2,1,2,1,1,1,1,1,1
SF,IC2009,2020-02-11 09:33:56.100,5089.0000,10065,0,327182680.000,0,-,-,-,-,5089.8000,5089.6000,5089.4000,5089.2000,5089.0000,5093.0000,5094.2000,5094.4000,5095.8000,5096.2000,1,2,2,1,1,1,1,1,1,1
SF,IC2009,2020-02-11 09:33:56.600,5089.0000,10065,0,327182680.000,0,-,-,-,-,5090.0000,5089.6000,5089.4000,5089.2000,5089.0000,5093.0000,5094.4000,5095.8000,5096.2000,5097.0000,1,1,2,1,1,1,1,1,1,1
SF,IC2009,2020-02-11 09:33:57.600,5089.0000,10065,0,327182680.000,0,-,-,-,-,5090.0000,5089.6000,5089.2000,5089.0000,5088.6000,5093.0000,5094.4000,5095.8000,5096.2000,5097.0000,1,1,1,1,1,1,1,1,1,1
SF,IC2009,2020-02-11 09:33:58.100,5089.0000,10065,0,327182680.000,0,-,-,-,-,5090.2000,5090.0000,5089.2000,5089.0000,5088.6000,5092.8000,5093.0000,5094.4000,5095.8000,5096.2000,1,1,1,1,1,1,1,1,1,1
SF,IC2009,2020-02-11 09:33:58.600,5089.0000,10065,0,327182680.000,0,-,-,-,-,5090.2000,5089.2000,5088.6000,5088.2000,5088.0000,5092.4000,5092.8000,5093.0000,5094.4000,5095.8000,1,1,1,1,1,1,1,1,1,1
SF,IC2009,2020-02-11 09:33:59.100,5089.0000,10065,0,327182680.000,0,-,-,-,-,5089.2000,5088.6000,5088.2000,5088.0000,5086.0000,5092.4000,5092.8000,5093.0000,5094.4000,5095.8000,1,1,1,1,1,1,1,1,1,1
SF,IC2009,2020-02-11 09:33:59.600,5089.0000,10065,0,327182680.000,0,-,-,-,-,5089.4000,5088.6000,5088.2000,5088.0000,5086.0000,5092.4000,5093.0000,5094.4000,5095.8000,5096.2000,1,1,1,1,1,1,1,1,1,1
SF,IC2009,2020-02-11 09:34:00.100,5089.0000,10065,0,327182680.000,0,-,-,-,-,5089.6000,5089.4000,5088.6000,5088.2000,5088.0000,5093.0000,5094.4000,5095.8000,5096.2000,5097.0000,2,1,1,1,1,1,1,1,1,1
SF,IC2009,2020-02-11 09:34:00.600,5089.0000,10065,0,327182680.000,0,-,-,-,-,5089.8000,5089.6000,5088.6000,5088.2000,5088.0000,5093.0000,5094.4000,5095.8000,5096.2000,5097.0000,2,2,1,1,1,1,1,1,1,1
SF,IC2009,2020-02-11 09:34:01.100,5089.8000,10065,0,328200640.000,1,0,1,多换,S,5090.0000,5089.8000,5089.6000,5088.6000,5088.2000,5092.8000,5093.0000,5094.4000,5095.8000,5096.2000,1,1,1,1,1,1,1,1,1,1
SF,IC2009,2020-02-11 09:34:01.600,5092.8000,10064,-1,329219200.000,1,0,1,双平,S,5090.4000,5090.2000,5090.0000,5088.6000,5088.2000,5093.0000,5094.4000,5095.8000,5096.2000,5097.0000,2,3,1,1,1,1,1,1,1,1
SF,IC2009,2020-02-11 09:34:02.100,5092.8000,10064,0,329219200.000,0,-,-,-,-,5090.6000,5090.4000,5090.2000,5088.6000,5088.2000,5093.0000,5095.8000,5096.2000,5097.0000,5099.6000,1,2,2,1,1,1,1,1,1,1
SF,IC2009,2020-02-11 09:34:02.600,5093.0000,10063,-1,330237800.000,1,0,1,双平,S,5090.8000,5090.4000,5090.2000,5089.0000,5088.6000,5095.8000,5096.2000,5097.0000,5099.6000,5099.8000,1,1,2,1,1,1,1,1,1,1
SF,IC2009,2020-02-11 09:34:03.100,5093.0000,10063,0,330237800.000,0,-,-,-,-,5091.2000,5091.0000,5090.8000,5090.4000,5090.2000,5095.8000,5096.2000,5097.0000,5099.6000,5099.8000,1,2,2,1,2,1,1,1,1,1
SF,IC2009,2020-02-11 09:34:03.600,5093.0000,10063,0,330237800.000,0,-,-,-,-,5091.4000,5091.2000,5090.8000,5090.4000,5090.2000,5095.8000,5096.2000,5097.0000,5099.6000,5099.8000,2,2,1,1,2,1,1,1,1,1
SF,IC2009,2020-02-11 09:34:04.100,5093.0000,10063,0,330237800.000,0,-,-,-,-,5092.0000,5091.4000,5090.8000,5090.4000,5090.2000,5095.6000,5095.8000,5096.2000,5097.0000,5099.6000,1,2,1,1,2,1,1,1,1,1
SF,IC2009,2020-02-11 09:34:04.600,5093.0000,10063,0,330237800.000,0,-,-,-,-,5092.2000,5092.0000,5091.6000,5090.4000,5090.2000,5095.6000,5095.8000,5096.2000,5097.0000,5099.6000,1,1,2,1,1,1,1,1,1,1
SF,IC2009,2020-02-11 09:34:05.100,5093.0000,10063,0,330237800.000,0,-,-,-,-,5090.4000,5090.2000,5089.0000,5088.6000,5088.2000,5095.0000,5095.6000,5095.8000,5096.2000,5097.0000,1,1,1,1,1,1,1,1,1,1
SF,IC2009,2020-02-11 09:34:05.600,5093.0000,10063,0,330237800.000,0,-,-,-,-,5090.6000,5090.4000,5090.2000,5089.0000,5088.6000,5095.0000,5095.8000,5096.2000,5097.0000,5099.6000,1,1,1,1,1,1,1,1,1,1
SF,IC2009,2020-02-11 09:34:06.100,5093.0000,10063,0,330237800.000,0,-,-,-,-,5090.6000,5090.4000,5090.2000,5089.0000,5088.6000,5094.8000,5095.0000,5095.8000,5096.2000,5097.0000,1,1,1,1,1,1,1,1,1,1
SF,IC2009,2020-02-11 09:34:06.600,5093.0000,10063,0,330237800.000,0,-,-,-,-,5089.0000,5088.6000,5088.2000,5088.0000,5086.0000,5094.8000,5095.0000,5095.8000,5096.2000,5097.0000,1,1,1,1,1,1,1,1,1,1
SF,IC2009,2020-02-11 09:34:07.100,5093.0000,10063,0,330237800.000,0,-,-,-,-,5089.2000,5088.6000,5088.2000,5088.0000,5086.0000,5094.6000,5094.8000,5095.0000,5096.2000,5097.0000,1,1,1,1,1,1,1,1,1,1
SF,IC2009,2020-02-11 09:34:07.600,5093.0000,10063,0,330237800.000,0,-,-,-,-,5089.6000,5089.2000,5088.6000,5088.2000,5088.0000,5094.4000,5094.6000,5096.2000,5097.0000,5099.6000,1,1,1,1,1,1,1,1,1,1
SF,IC2009,2020-02-11 09:34:08.100,5089.8000,10063,0,331255760.000,1,0,1,多换,S,5089.6000,5088.6000,5088.2000,5088.0000,5086.0000,5093.8000,5094.4000,5094.6000,5096.2000,5097.0000,1,1,1,1,1,1,1,1,1,1
SF,IC2009,2020-02-11 09:34:08.600,5089.8000,10063,0,331255760.000,0,-,-,-,-,5089.8000,5089.6000,5088.6000,5088.2000,5088.0000,5093.8000,5094.6000,5096.2000,5097.0000,5099.6000,1,1,1,1,1,1,1,1,1,1
SF,IC2009,2020-02-11 09:34:09.100,5089.8000,10063,0,331255760.000,0,-,-,-,-,5090.2000,5089.8000,5089.6000,5088.6000,5088.2000,5093.6000,5093.8000,5094.6000,5096.2000,5097.0000,1,1,1,1,1,1,1,1,1,1
SF,IC2009,2020-02-11 09:34:09.600,5089.8000,10063,0,331255760.000,0,-,-,-,-,5090.4000,5090.2000,5090.0000,5089.6000,5088.6000,5093.6000,5094.6000,5096.2000,5097.0000,5099.6000,1,1,1,1,1,1,1,1,1,1
SF,IC2009,2020-02-11 09:34:10.100,5089.8000,10063,0,331255760.000,0,-,-,-,-,5090.4000,5090.2000,5090.0000,5089.6000,5088.6000,5096.2000,5097.0000,5099.6000,5099.8000,5100.0000,1,1,1,1,1,1,1,1,1,1
SF,IC2009,2020-02-11 09:34:10.600,5090.2000,10062,-1,333291880.000,2,0,2,多平,S,5090.0000,5089.6000,5088.6000,5088.2000,5088.0000,5090.4000,5096.0000,5096.2000,5097.0000,5099.6000,1,1,1,1,1,1,2,1,1,1
SF,IC2009,2020-02-11 09:34:11.100,5090.4000,10062,0,334309960.000,1,0,1,多换,S,5090.0000,5089.6000,5088.6000,5088.2000,5088.0000,5096.0000,5096.2000,5097.0000,5099.6000,5099.8000,1,1,1,1,1,2,1,1,1,1
SF,IC2009,2020-02-11 09:34:11.600,5090.4000,10062,0,334309960.000,0,-,-,-,-,5090.6000,5090.0000,5089.6000,5088.6000,5088.2000,5095.6000,5095.8000,5096.0000,5096.2000,5097.0000,1,1,1,1,1,1,2,3,1,1
SF,IC2009,2020-02-11 09:34:12.100,5090.4000,10062,0,334309960.000,0,-,-,-,-,5090.6000,5090.4000,5090.0000,5089.6000,5088.6000,5095.4000,5095.6000,5095.8000,5096.0000,5096.2000,1,1,1,1,1,1,1,2,1,1
SF,IC2009,2020-02-11 09:34:12.600,5090.4000,10062,0,334309960.000,0,-,-,-,-,5090.4000,5090.0000,5089.6000,5088.6000,5088.2000,5095.0000,5095.4000,5095.6000,5095.8000,5096.0000,1,1,1,1,1,2,2,1,2,1
SF,IC2009,2020-02-11 09:34:13.100,5090.4000,10062,0,334309960.000,0,-,-,-,-,5090.0000,5089.6000,5088.6000,5088.2000,5088.0000,5094.8000,5095.0000,5095.4000,5095.6000,5095.8000,1,1,1,1,1,1,2,1,1,2
SF,IC2009,2020-02-11 09:34:13.600,5094.4000,10062,0,335328840.000,1,0,1,多换,S,5090.0000,5089.6000,5088.6000,5088.2000,5088.0000,5094.8000,5095.0000,5095.6000,5095.8000,5096.0000,1,1,1,1,1,2,2,1,2,1
SF,IC2009,2020-02-11 09:34:14.100,5089.6000,10061,-1,337364760.000,2,0,2,多平,S,5088.6000,5088.2000,5088.0000,5086.0000,5084.0000,5093.6000,5094.4000,5094.8000,5095.0000,5095.6000,1,1,1,1,2,1,1,2,1,1
SF,IC2009,2020-02-11 09:34:14.600,5089.6000,10061,0,337364760.000,0,-,-,-,-,5088.8000,5088.6000,5088.2000,5088.0000,5086.0000,5093.2000,5093.6000,5094.0000,5094.4000,5095.0000,1,1,1,1,1,1,1,1,1,1
SF,IC2009,2020-02-11 09:34:15.100,5088.8000,10061,0,338382520.000,1,0,1,多换,S,5088.6000,5088.2000,5088.0000,5086.0000,5084.0000,5093.0000,5093.2000,5093.6000,5094.0000,5094.4000,1,1,1,1,2,1,1,1,1,1
SF,IC2009,2020-02-11 09:34:15.600,5088.8000,10061,0,338382520.000,0,-,-,-,-,5088.6000,5088.2000,5088.0000,5086.0000,5084.0000,5092.6000,5093.0000,5093.2000,5093.6000,5094.0000,1,1,1,1,2,1,2,1,1,1
SF,IC2009,2020-02-11 09:34:16.100,5088.8000,10061,0,338382520.000,0,-,-,-,-,5088.2000,5088.0000,5086.0000,5084.0000,5082.0000,5092.4000,5092.6000,5093.0000,5093.2000,5093.6000,1,1,1,2,1,1,1,1,1,1
SF,IC2009,2020-02-11 09:34:16.600,5088.8000,10061,0,338382520.000,0,-,-,-,-,5088.8000,5088.2000,5088.0000,5086.0000,5084.0000,5091.8000,5092.0000,5092.2000,5092.4000,5092.6000,1,1,1,1,2,1,1,1,1,1
SF,IC2009,2020-02-11 09:34:17.100,5088.8000,10060,-1,339400280.000,1,0,1,双平,S,5088.2000,5088.0000,5086.0000,5084.0000,5082.0000,5090.2000,5091.2000,5091.6000,5091.8000,5092.0000,1,1,1,2,1,1,1,1,1,1
SF,IC2009,2020-02-11 09:34:17.600,5088.6000,10060,0,340418000.000,1,0,1,多换,S,5088.2000,5088.0000,5086.0000,5084.0000,5082.0000,5090.2000,5091.6000,5091.8000,5092.0000,5092.2000,1,1,1,2,1,1,1,1,1,1
SF,IC2009,2020-02-11 09:34:18.100,5088.6000,10060,0,340418000.000,0,-,-,-,-,5088.6000,5088.2000,5088.0000,5086.0000,5084.0000,5090.0000,5090.2000,5092.0000,5092.6000,5093.2000,1,1,1,1,2,1,1,1,1,1
SF,IC2009,2020-02-11 09:34:19.100,5088.6000,10060,0,340418000.000,0,-,-,-,-,5088.6000,5088.2000,5088.0000,5086.0000,5084.0000,5090.0000,5090.2000,5092.6000,5093.2000,5094.0000,1,1,1,1,2,1,1,1,1,1
SF,IC2009,2020-02-11 09:34:19.600,5090.0000,10060,0,341436000.000,1,0,1,多换,S,5088.6000,5088.2000,5088.0000,5086.0000,5084.0000,5090.2000,5092.6000,5093.2000,5094.0000,5095.8000,1,1,1,1,2,1,1,1,1,2
SF,IC2009,2020-02-11 09:34:20.100,5090.2000,10060,0,344489760.000,3,1,2,多换,S,5088.2000,5088.0000,5086.0000,5084.0000,5082.0000,5092.6000,5093.2000,5094.0000,5095.8000,5096.2000,1,1,1,2,1,1,1,1,2,1
SF,IC2009,2020-02-11 09:34:20.600,5090.2000,10060,0,344489760.000,0,-,-,-,-,5088.2000,5088.0000,5086.0000,5084.0000,5082.0000,5090.0000,5092.2000,5092.4000,5092.6000,5093.2000,1,1,1,2,1,1,1,1,1,1
SF,IC2009,2020-02-11 09:34:22.100,5090.2000,10060,0,344489760.000,0,-,-,-,-,5088.2000,5088.0000,5086.0000,5084.0000,5082.0000,5090.0000,5092.2000,5092.4000,5092.6000,5093.2000,1,1,1,2,1,1,1,1,1,2
SF,IC2009,2020-02-11 09:34:22.600,5088.6000,10061,1,345507480.000,1,1,0,双开,S,5088.2000,5088.0000,5086.0000,5084.0000,5082.0000,5090.0000,5092.2000,5092.4000,5092.6000,5093.2000,1,1,1,2,1,1,1,1,1,2
SF,IC2009,2020-02-11 09:34:23.100,5088.6000,10061,0,345507480.000,0,-,-,-,-,5088.6000,5088.2000,5088.0000,5086.0000,5084.0000,5090.0000,5092.2000,5092.4000,5092.6000,5093.2000,1,1,1,1,2,1,1,1,1,2
SF,IC2009,2020-02-11 09:34:23.600,5088.6000,10061,0,345507480.000,0,-,-,-,-,5088.6000,5088.2000,5088.0000,5086.0000,5084.0000,5092.2000,5092.4000,5093.2000,5094.0000,5095.8000,1,1,1,1,2,1,1,2,1,2
SF,IC2009,2020-02-11 09:34:24.100,5088.6000,10061,0,346525200.000,1,0,1,多换,S,5088.2000,5088.0000,5086.0000,5084.0000,5082.0000,5089.6000,5092.0000,5092.2000,5093.2000,5094.0000,1,1,1,2,1,1,1,1,2,1
SF,IC2009,2020-02-11 09:34:24.600,5088.6000,10061,0,346525200.000,0,-,-,-,-,5088.2000,5088.0000,5086.0000,5084.0000,5082.0000,5089.6000,5090.8000,5092.0000,5092.2000,5093.2000,1,1,1,2,1,1,1,1,1,2
SF,IC2009,2020-02-11 09:34:25.100,5088.6000,10061,0,346525200.000,0,-,-,-,-,5088.2000,5088.0000,5086.0000,5084.0000,5082.0000,5090.8000,5092.0000,5092.2000,5093.2000,5094.0000,1,1,1,2,1,1,1,1,2,1
SF,IC2009,2020-02-11 09:34:25.600,5088.6000,10061,0,346525200.000,0,-,-,-,-,5088.2000,5088.0000,5086.0000,5084.0000,5082.0000,5090.6000,5090.8000,5092.2000,5093.2000,5094.0000,1,1,1,2,1,1,1,1,2,1
SF,IC2009,2020-02-11 09:34:26.100,5088.6000,10061,0,346525200.000,0,-,-,-,-,5088.2000,5088.0000,5086.0000,5084.0000,5082.0000,5090.4000,5090.6000,5090.8000,5093.2000,5095.8000,1,1,1,2,1,1,1,1,2,2
SF,IC2009,2020-02-11 09:34:26.600,5088.6000,10061,0,346525200.000,0,-,-,-,-,5088.2000,5088.0000,5086.0000,5084.0000,5082.0000,5090.2000,5090.8000,5093.2000,5095.8000,5097.0000,1,1,1,2,1,2,1,2,2,1
SF,IC2009,2020-02-11 09:34:27.100,5088.6000,10061,0,346525200.000,0,-,-,-,-,5088.2000,5088.0000,5086.0000,5084.0000,5082.0000,5090.0000,5090.2000,5090.8000,5093.2000,5095.8000,1,1,1,2,1,1,2,1,2,2
SF,IC2009,2020-02-11 09:34:27.600,5088.2000,10060,-1,347542840.000,1,0,1,双平,S,5088.0000,5086.0000,5084.0000,5082.0000,5080.8000,5088.2000,5089.8000,5090.0000,5090.2000,5090.8000,1,1,2,1,1,4,10,1,1,1
SF,IC2009,2020-02-11 09:34:28.100,5088.0000,10059,-1,348560440.000,1,0,1,双平,S,5086.2000,5086.0000,5084.0000,5082.0000,5080.8000,5088.2000,5090.2000,5090.8000,5093.2000,5095.8000,1,1,2,1,1,4,1,1,1,2
SF,IC2009,2020-02-11 09:34:29.600,5086.2000,10058,-1,350595320.000,2,0,2,多平,S,5086.0000,5084.0000,5082.0000,5080.8000,5080.2000,5088.2000,5090.2000,5090.8000,5093.2000,5095.8000,1,2,1,1,1,3,1,1,1,2
SF,IC2009,2020-02-11 09:34:30.100,5086.2000,10058,0,350595320.000,0,-,-,-,-,5086.0000,5084.0000,5082.0000,5080.8000,5080.2000,5088.0000,5088.2000,5090.2000,5090.8000,5093.2000,1,2,1,1,1,1,3,1,1,1
