市场代码,合约代码,时间,最新,持仓,增仓,成交额,成交量,开仓,平仓,成交类型,方向,买一价,买二价,买三价,买四价,买五价,卖一价,卖二价,卖三价,卖四价,卖五价,买一量,买二量,买三量,买四量,买五量,卖一量,卖二量,卖三量,卖四量,卖五量
SF,IC2009,2020-04-14 09:29:00.200,4933.0000,35954,0,35517600.000,36.000,-,-,-,-,4916.0000,4913.0000,4910.0000,4905.2000,4903.6000,4933.0000,4935.0000,4936.0000,4938.0000,4939.6000,1,1,2,1,10,1,2,1,1,1
SF,IC2009,2020-04-14 09:30:00.200,4925.0000,35951,-3,38472680.000,3,0,3,双平,S,4925.0000,4920.4000,4918.0000,4916.6000,4916.4000,4930.0000,4932.0000,4932.8000,4933.0000,4933.2000,1,2,1,1,10,1,5,3,7,1
SF,IC2009,2020-04-14 09:30:00.700,4928.0000,35941,-10,54232080.000,16,3,13,多平,S,4920.4000,4919.4000,4919.2000,4918.0000,4916.4000,4925.0000,4928.0000,4928.4000,4929.6000,4929.8000,1,1,1,2,10,1,1,1,1,6
SF,IC2009,2020-04-14 09:30:01.200,4925.2000,35939,-2,56202160.000,2,0,2,双平,S,4925.0000,4922.8000,4922.4000,4921.8000,4921.6000,4926.4000,4928.0000,4928.4000,4929.6000,4929.8000,1,1,1,1,2,1,2,1,1,2
SF,IC2009,2020-04-14 09:30:01.700,4925.0000,35939,0,57187160.000,1,0,1,多换,S,4922.8000,4922.4000,4921.8000,4921.6000,4921.0000,4926.2000,4926.4000,4928.0000,4928.4000,4929.6000,1,1,1,2,1,1,1,2,1,1
SF,IC2009,2020-04-14 09:30:02.200,4926.0000,35939,0,58172360.000,1,0,1,多换,S,4923.0000,4922.8000,4922.4000,4921.8000,4921.6000,4926.2000,4926.4000,4928.0000,4928.4000,4929.6000,4,2,1,1,2,1,1,2,1,1
SF,IC2009,2020-04-14 09:30:02.700,4926.0000,35939,0,58172360.000,0,-,-,-,-,4924.8000,4923.0000,4922.8000,4922.4000,4921.8000,4926.2000,4926.4000,4928.0000,4928.4000,4929.6000,2,5,2,1,1,1,1,2,1,1
SF,IC2009,2020-04-14 09:30:03.200,4925.0000,35938,-1,59157360.000,1,0,1,双平,S,4925.0000,4924.8000,4923.0000,4922.8000,4922.4000,4926.4000,4928.0000,4929.6000,4929.8000,4930.0000,1,4,3,2,1,1,2,1,1,3
SF,IC2009,2020-04-14 09:30:03.700,4924.8000,35933,-5,69994280.000,11,3,8,多平,S,4924.8000,4923.0000,4922.8000,4922.4000,4921.8000,4925.0000,4928.0000,4930.0000,4931.0000,4931.6000,3,2,2,1,1,3,2,2,1,1
SF,IC2009,2020-04-14 09:30:04.200,4925.0000,35931,-2,72949280.000,3,0,3,多平,S,4925.4000,4925.0000,4924.8000,4923.0000,4922.8000,4928.0000,4930.0000,4931.0000,4931.6000,4932.0000,1,1,5,1,2,2,2,1,1,5
SF,IC2009,2020-04-14 09:30:04.700,4924.8000,35927,-4,76889200.000,4,0,4,双平,S,4923.0000,4922.8000,4922.4000,4921.6000,4921.0000,4927.8000,4928.0000,4930.0000,4931.0000,4931.6000,1,2,1,1,1,2,3,2,1,1
SF,IC2009,2020-04-14 09:30:05.200,4924.8000,35927,0,76889200.000,0,-,-,-,-,4923.2000,4922.8000,4922.4000,4921.6000,4921.0000,4924.8000,4927.6000,4927.8000,4928.0000,4930.0000,1,2,1,1,1,1,1,2,9,2
SF,IC2009,2020-04-14 09:30:05.700,4924.8000,35925,-2,78859120.000,2,0,2,双平,S,4922.8000,4922.4000,4921.0000,4920.4000,4919.2000,4924.8000,4925.4000,4927.6000,4927.8000,4928.0000,2,1,1,2,1,1,1,3,1,9
SF,IC2009,2020-04-14 09:30:06.200,4924.8000,35924,-1,79844080.000,1,0,1,双平,S,4922.8000,4920.4000,4919.2000,4918.0000,4916.4000,4924.6000,4924.8000,4925.4000,4927.6000,4927.8000,1,2,1,2,10,1,1,2,3,1
SF,IC2009,2020-04-14 09:30:06.700,4922.8000,35917,-7,86736160.000,7,0,7,双平,S,4920.4000,4919.2000,4918.0000,4916.4000,4916.0000,4922.8000,4924.6000,4925.4000,4927.6000,4927.8000,1,1,2,10,2,1,1,2,3,1
SF,IC2009,2020-04-14 09:30:07.200,4922.8000,35916,-1,87720720.000,1,0,1,双平,S,4920.4000,4919.2000,4918.0000,4916.4000,4916.0000,4922.8000,4924.8000,4925.4000,4927.6000,4927.8000,1,1,2,10,2,8,2,2,3,1
SF,IC2009,2020-04-14 09:30:07.700,4922.8000,35916,0,93628080.000,6,3,3,多换,S,4920.6000,4920.4000,4919.2000,4918.0000,4916.4000,4922.8000,4924.8000,4925.4000,4927.6000,4927.8000,1,1,1,2,10,2,2,2,3,1
SF,IC2009,2020-04-14 09:30:08.200,4922.8000,35916,0,93628080.000,0,-,-,-,-,4920.6000,4920.4000,4919.2000,4918.0000,4916.4000,4922.6000,4922.8000,4924.8000,4925.4000,4926.8000,1,1,1,2,10,1,3,2,2,3
SF,IC2009,2020-04-14 09:30:08.700,4922.8000,35916,0,93628080.000,0,-,-,-,-,4921.8000,4921.0000,4920.6000,4919.2000,4918.0000,4922.4000,4922.6000,4922.8000,4924.8000,4925.4000,1,1,1,1,2,1,1,3,2,2
SF,IC2009,2020-04-14 09:30:09.200,4921.8000,35917,1,94612440.000,1,1,0,双开,S,4919.2000,4918.0000,4916.4000,4916.2000,4916.0000,4922.2000,4922.4000,4922.8000,4924.8000,4925.4000,1,2,10,1,2,1,1,3,2,2
SF,IC2009,2020-04-14 09:30:09.700,4921.8000,35917,0,94612440.000,0,-,-,-,-,4920.0000,4919.2000,4918.0000,4916.4000,4916.2000,4921.8000,4922.2000,4922.8000,4924.8000,4925.0000,1,2,2,10,1,1,1,3,2,5
SF,IC2009,2020-04-14 09:30:10.200,4920.2000,35916,-1,95596480.000,1,0,1,双平,S,4920.0000,4919.2000,4918.0000,4916.4000,4916.2000,4921.8000,4922.8000,4924.8000,4925.0000,4925.4000,2,2,5,10,1,2,3,2,5,2
SF,IC2009,2020-04-14 09:30:10.700,4920.0000,35915,-1,96580480.000,1,0,1,双平,S,4920.0000,4919.2000,4918.0000,4916.4000,4916.2000,4921.6000,4921.8000,4922.8000,4924.8000,4925.0000,1,2,5,10,1,1,2,3,2,5
SF,IC2009,2020-04-14 09:30:11.200,4920.0000,35912,-3,104454640.000,8,2,6,多平,S,4919.2000,4918.0000,4916.4000,4916.2000,4916.0000,4920.0000,4922.6000,4922.8000,4924.8000,4925.0000,2,5,10,1,2,1,1,3,2,6
SF,IC2009,2020-04-14 09:30:11.700,4920.0000,35908,-4,108390640.000,4,0,4,双平,S,4920.0000,4919.4000,4919.2000,4918.0000,4916.4000,4921.4000,4922.6000,4922.8000,4924.8000,4925.0000,6,1,3,5,10,1,1,7,2,6
SF,IC2009,2020-04-14 09:30:12.200,4920.0000,35908,0,108390640.000,0,-,-,-,-,4920.0000,4919.4000,4919.2000,4918.0000,4916.4000,4921.2000,4921.4000,4922.6000,4922.8000,4924.8000,6,1,3,5,10,1,1,1,7,2
SF,IC2009,2020-04-14 09:30:12.700,4921.2000,35907,-1,109374880.000,1,0,1,双平,S,4920.2000,4920.0000,4919.2000,4918.0000,4916.4000,4922.6000,4922.8000,4924.8000,4925.0000,4925.4000,3,5,2,5,10,1,7,2,6,2
SF,IC2009,2020-04-14 09:30:13.200,4920.4000,35905,-2,111343040.000,2,0,2,双平,S,4920.2000,4919.2000,4918.0000,4916.4000,4916.2000,4922.4000,4922.6000,4922.8000,4924.8000,4925.0000,3,2,5,10,1,1,1,7,2,6
SF,IC2009,2020-04-14 09:30:13.700,4920.4000,35905,0,111343040.000,0,-,-,-,-,4921.4000,4920.2000,4919.2000,4918.0000,4916.4000,4922.6000,4922.8000,4924.8000,4925.0000,4925.4000,1,4,2,5,10,1,7,2,6,2
SF,IC2009,2020-04-14 09:30:14.200,4920.4000,35904,-1,112327120.000,1,0,1,双平,S,4921.4000,4920.2000,4919.2000,4918.0000,4916.4000,4922.6000,4922.8000,4924.8000,4925.0000,4925.4000,1,3,2,5,10,1,7,2,6,2
SF,IC2009,2020-04-14 09:30:14.700,4922.6000,35903,-1,113311640.000,1,0,1,双平,S,4921.6000,4921.4000,4920.2000,4919.2000,4918.0000,4922.8000,4924.8000,4925.0000,4925.4000,4926.8000,1,3,3,2,5,7,2,6,2,3
SF,IC2009,2020-04-14 09:30:15.200,4921.4000,35903,0,114295920.000,1,0,1,多换,S,4921.4000,4920.2000,4919.2000,4918.0000,4916.4000,4922.8000,4924.8000,4925.0000,4925.4000,4926.8000,2,4,2,5,10,7,2,6,2,3
SF,IC2009,2020-04-14 09:30:15.700,4921.4000,35902,-1,115280200.000,1,0,1,双平,S,4921.4000,4920.2000,4919.2000,4918.0000,4916.4000,4922.2000,4922.6000,4922.8000,4924.8000,4925.0000,1,4,2,5,10,2,1,7,2,6
SF,IC2009,2020-04-14 09:30:16.200,4922.8000,35901,-1,120202760.000,5,2,3,多平,S,4922.2000,4921.6000,4921.4000,4920.2000,4919.2000,4922.8000,4924.8000,4925.0000,4925.4000,4926.8000,7,2,2,4,2,4,2,6,2,3
SF,IC2009,2020-04-14 09:30:16.700,4922.2000,35897,-4,124140880.000,4,0,4,双平,S,4922.2000,4921.4000,4920.2000,4919.2000,4918.0000,4922.8000,4924.8000,4925.0000,4925.4000,4926.8000,6,2,4,2,5,1,2,6,2,3
SF,IC2009,2020-04-14 09:30:17.200,4922.2000,35895,-2,126109880.000,2,0,2,双平,S,4922.8000,4921.4000,4920.2000,4919.2000,4918.0000,4924.8000,4925.0000,4925.4000,4926.8000,4927.6000,3,2,4,2,5,2,6,2,3,2
SF,IC2009,2020-04-14 09:30:17.700,4922.8000,35890,-5,131032680.000,5,0,5,双平,S,4922.8000,4922.6000,4921.4000,4920.2000,4919.2000,4924.0000,4924.6000,4924.8000,4925.0000,4925.4000,1,1,2,2,2,1,1,2,6,2
SF,IC2009,2020-04-14 09:30:18.200,4921.4000,35884,-6,138907160.000,8,1,7,多平,S,4920.2000,4919.2000,4918.0000,4916.4000,4916.2000,4921.4000,4924.0000,4924.6000,4924.8000,4925.0000,1,1,5,10,1,5,1,1,2,6
SF,IC2009,2020-04-14 09:30:18.700,4921.4000,35870,-14,154656680.000,16,1,15,多平,S,4921.4000,4921.0000,4920.2000,4919.2000,4918.0000,4924.0000,4924.6000,4924.8000,4925.0000,4925.4000,6,1,1,1,5,1,1,2,6,2
SF,IC2009,2020-04-14 09:30:19.200,4921.4000,35869,-1,155640960.000,1,0,1,双平,S,4921.4000,4921.0000,4920.2000,4919.2000,4918.0000,4922.2000,4923.8000,4924.0000,4924.8000,4925.0000,3,1,1,1,5,1,2,1,2,6
SF,IC2009,2020-04-14 09:30:19.700,4921.4000,35869,0,155640960.000,0,-,-,-,-,4920.2000,4919.2000,4918.0000,4916.4000,4916.2000,4921.0000,4922.2000,4923.0000,4923.8000,4924.0000,1,1,5,10,1,1,1,1,2,1
SF,IC2009,2020-04-14 09:30:20.200,4921.2000,35868,-1,156625200.000,1,0,1,双平,S,4919.2000,4918.0000,4916.4000,4916.2000,4916.0000,4922.2000,4923.0000,4923.8000,4924.0000,4924.8000,1,5,10,1,2,2,1,2,1,2
SF,IC2009,2020-04-14 09:30:20.700,4921.2000,35868,0,156625200.000,0,-,-,-,-,4919.4000,4919.2000,4918.0000,4916.4000,4916.2000,4922.0000,4922.2000,4923.0000,4924.0000,4924.8000,1,3,5,10,1,2,2,1,1,2
SF,IC2009,2020-04-14 09:30:21.200,4922.0000,35867,-1,157609600.000,1,0,1,双平,S,4919.4000,4919.2000,4918.0000,4916.4000,4916.2000,4922.0000,4922.2000,4923.0000,4924.0000,4924.8000,1,3,5,10,1,1,2,1,1,2
SF,IC2009,2020-04-14 09:30:21.700,4920.2000,35864,-3,160561480.000,3,0,3,双平,S,4919.8000,4919.6000,4919.4000,4919.2000,4918.0000,4921.8000,4922.0000,4922.2000,4923.0000,4924.0000,1,1,1,3,5,1,1,2,1,1
SF,IC2009,2020-04-14 09:30:22.200,4922.0000,35863,-1,165482520.000,5,2,3,多平,S,4919.4000,4919.2000,4918.0000,4916.4000,4916.2000,4922.2000,4923.0000,4924.0000,4924.8000,4925.0000,1,3,5,10,1,2,1,1,2,6
SF,IC2009,2020-04-14 09:30:22.700,4919.4000,35861,-2,168434240.000,3,0,3,多平,S,4919.2000,4918.0000,4916.4000,4916.2000,4916.0000,4922.0000,4922.2000,4923.0000,4924.0000,4924.8000,2,5,10,1,2,2,2,1,1,2
SF,IC2009,2020-04-14 09:30:23.200,4919.2000,35860,-1,170402480.000,2,0,2,多平,S,4919.2000,4918.0000,4916.4000,4916.2000,4916.0000,4922.0000,4922.2000,4922.8000,4923.0000,4924.0000,1,5,10,1,2,3,2,1,1,1
SF,IC2009,2020-04-14 09:30:23.700,4919.2000,35858,-2,172370160.000,2,0,2,双平,S,4918.0000,4916.4000,4916.2000,4916.0000,4913.0000,4919.2000,4921.8000,4922.0000,4922.2000,4922.8000,5,10,1,2,1,3,1,3,2,1
SF,IC2009,2020-04-14 09:30:24.200,4919.2000,35857,-1,175321680.000,3,1,2,多平,S,4920.0000,4919.4000,4919.2000,4918.2000,4918.0000,4921.8000,4922.0000,4922.2000,4922.8000,4923.0000,1,5,6,1,5,1,4,2,1,1
SF,IC2009,2020-04-14 09:30:24.700,4921.8000,35856,-1,177290040.000,2,0,2,多平,S,4919.4000,4919.2000,4918.2000,4918.0000,4916.4000,4922.0000,4922.2000,4922.8000,4923.0000,4924.0000,5,6,1,5,10,3,2,1,1,1
SF,IC2009,2020-04-14 09:30:25.200,4919.4000,35857,1,179258280.000,2,1,1,空开,S,4919.4000,4919.2000,4918.2000,4918.0000,4916.4000,4921.8000,4922.0000,4922.2000,4922.8000,4923.0000,4,1,1,4,10,1,3,2,1,1
SF,IC2009,2020-04-14 09:30:25.700,4919.6000,35855,-2,181226520.000,2,0,2,双平,S,4919.6000,4919.4000,4919.2000,4918.0000,4916.4000,4921.0000,4921.8000,4922.0000,4922.2000,4922.8000,3,4,1,4,10,1,1,3,2,1
SF,IC2009,2020-04-14 09:30:26.200,4919.6000,35855,0,181226520.000,0,-,-,-,-,4919.6000,4919.4000,4919.2000,4918.0000,4916.4000,4921.0000,4921.8000,4922.0000,4922.2000,4922.8000,3,3,1,4,10,1,1,3,2,1
SF,IC2009,2020-04-14 09:30:26.700,4921.0000,35855,0,184179120.000,3,1,2,多换,S,4921.0000,4919.8000,4919.6000,4919.4000,4919.2000,4921.8000,4922.0000,4922.2000,4922.8000,4923.0000,3,1,3,3,1,1,3,2,1,1
SF,IC2009,2020-04-14 09:30:27.200,4921.0000,35852,-3,187131720.000,3,0,3,双平,S,4919.8000,4919.6000,4919.4000,4919.2000,4918.0000,4920.0000,4920.6000,4922.0000,4922.2000,4922.8000,1,1,3,1,4,2,2,3,2,1
SF,IC2009,2020-04-14 09:30:27.700,4920.6000,35852,0,189099800.000,2,1,1,多换,S,4920.4000,4920.0000,4919.6000,4919.4000,4919.2000,4922.0000,4922.2000,4922.8000,4923.0000,4924.0000,1,4,1,3,1,3,2,1,1,1
SF,IC2009,2020-04-14 09:30:28.200,4920.4000,35851,-1,190083880.000,1,0,1,双平,S,4920.0000,4919.4000,4919.2000,4918.0000,4916.4000,4921.8000,4922.0000,4922.2000,4922.8000,4923.0000,4,3,1,4,10,2,3,2,1,1
SF,IC2009,2020-04-14 09:30:28.700,4920.4000,35851,0,190083880.000,0,-,-,-,-,4920.0000,4919.4000,4919.2000,4918.0000,4916.4000,4921.0000,4921.4000,4921.8000,4922.0000,4922.2000,3,3,1,4,10,1,1,2,3,2
SF,IC2009,2020-04-14 09:30:29.200,4921.0000,35851,0,192052280.000,2,1,1,多换,S,4920.0000,4919.4000,4919.2000,4918.0000,4916.2000,4921.4000,4921.8000,4922.0000,4922.2000,4922.8000,2,3,1,4,1,1,1,2,2,1
SF,IC2009,2020-04-14 09:30:29.700,4921.4000,35850,-1,193036560.000,1,0,1,双平,S,4921.4000,4919.4000,4919.2000,4918.0000,4916.2000,4921.8000,4922.0000,4922.2000,4922.8000,4923.0000,7,3,1,4,1,1,2,2,1,1
SF,IC2009,2020-04-14 09:30:30.200,4921.4000,35844,-6,206816480.000,14,4,10,多平,S,4921.4000,4919.4000,4919.2000,4918.0000,4916.2000,4921.8000,4922.0000,4922.2000,4922.8000,4923.0000,1,3,1,4,1,1,2,2,1,1
SF,IC2009,2020-04-14 09:30:30.700,4921.4000,35844,0,208785040.000,2,1,1,多换,S,4919.4000,4919.2000,4918.0000,4916.2000,4916.0000,4920.0000,4922.0000,4922.2000,4922.8000,4923.0000,3,1,4,1,2,1,2,2,1,1
SF,IC2009,2020-04-14 09:30:31.200,4920.0000,35843,-1,209769040.000,1,0,1,双平,S,4920.6000,4920.0000,4919.6000,4919.4000,4919.2000,4922.0000,4922.2000,4922.8000,4923.0000,4924.0000,1,1,1,3,2,2,2,1,1,1
SF,IC2009,2020-04-14 09:30:31.700,4920.0000,35843,0,209769040.000,0,-,-,-,-,4920.6000,4920.0000,4919.4000,4919.2000,4919.0000,4921.8000,4922.0000,4922.2000,4922.8000,4923.0000,1,5,3,2,2,1,2,3,1,1
SF,IC2009,2020-04-14 09:30:32.200,4920.0000,35843,0,209769040.000,0,-,-,-,-,4920.6000,4920.0000,4919.4000,4919.2000,4919.0000,4921.8000,4922.0000,4922.2000,4922.8000,4923.0000,1,4,3,2,2,2,2,3,1,1
SF,IC2009,2020-04-14 09:30:32.700,4920.0000,35843,0,209769040.000,0,-,-,-,-,4920.6000,4920.0000,4919.4000,4919.2000,4919.0000,4921.8000,4922.0000,4922.2000,4922.8000,4923.0000,1,4,3,2,2,2,2,3,1,1
SF,IC2009,2020-04-14 09:30:33.200,4920.0000,35843,0,209769040.000,0,-,-,-,-,4920.6000,4920.0000,4919.4000,4919.2000,4919.0000,4921.8000,4922.0000,4922.2000,4922.8000,4923.0000,1,4,3,2,2,1,2,4,1,1
SF,IC2009,2020-04-14 09:30:33.700,4920.0000,35843,0,209769040.000,0,-,-,-,-,4920.8000,4920.6000,4920.0000,4919.4000,4919.2000,4921.8000,4922.0000,4922.2000,4922.8000,4923.0000,2,1,4,3,2,2,2,4,1,1
SF,IC2009,2020-04-14 09:30:34.200,4921.8000,35842,-1,211737760.000,2,0,2,多平,S,4921.8000,4920.8000,4920.6000,4920.0000,4919.4000,4922.0000,4922.2000,4922.8000,4923.0000,4924.0000,1,1,1,4,3,2,4,1,1,1
SF,IC2009,2020-04-14 09:30:34.700,4920.6000,35842,0,213706240.000,2,1,1,多换,S,4920.0000,4919.4000,4919.2000,4919.0000,4918.0000,4922.0000,4922.2000,4922.8000,4923.0000,4924.0000,4,3,1,2,4,2,4,1,1,1
SF,IC2009,2020-04-14 09:30:35.200,4920.6000,35842,0,213706240.000,0,-,-,-,-,4920.2000,4920.0000,4919.4000,4919.2000,4919.0000,4920.8000,4922.0000,4922.2000,4922.8000,4923.0000,4,4,3,1,2,1,2,4,1,1
SF,IC2009,2020-04-14 09:30:35.700,4920.8000,35841,-1,214690400.000,1,0,1,双平,S,4921.2000,4921.0000,4920.8000,4920.2000,4920.0000,4922.0000,4922.2000,4922.8000,4923.0000,4924.0000,2,1,2,4,4,2,4,1,1,1
SF,IC2009,2020-04-14 09:30:36.200,4922.0000,35840,-1,215674800.000,1,0,1,双平,S,4921.2000,4921.0000,4920.8000,4920.2000,4920.0000,4921.6000,4922.0000,4922.2000,4922.8000,4923.0000,2,1,2,3,4,1,1,4,1,1
SF,IC2009,2020-04-14 09:30:36.700,4922.2000,35835,-5,221581360.000,6,0,6,多平,S,4921.2000,4921.0000,4920.8000,4920.2000,4920.0000,4922.8000,4923.0000,4924.0000,4924.8000,4925.0000,2,1,1,3,1,1,1,1,2,2
SF,IC2009,2020-04-14 09:30:37.200,4923.0000,35833,-2,223550520.000,2,0,2,双平,S,4921.4000,4921.2000,4921.0000,4920.2000,4920.0000,4924.0000,4924.8000,4925.0000,4925.4000,4926.2000,1,2,1,3,1,1,2,2,2,1
SF,IC2009,2020-04-14 09:30:37.700,4921.6000,35832,-1,224534840.000,1,0,1,双平,S,4921.6000,4921.2000,4921.0000,4920.2000,4920.0000,4923.8000,4924.0000,4924.8000,4925.0000,4925.4000,1,2,1,2,1,2,1,2,2,2
SF,IC2009,2020-04-14 09:30:38.200,4921.6000,35832,0,224534840.000,0,-,-,-,-,4921.6000,4921.2000,4921.0000,4920.2000,4920.0000,4922.2000,4923.8000,4924.0000,4924.8000,4925.0000,1,2,1,2,1,1,2,1,2,2
SF,IC2009,2020-04-14 09:30:38.700,4922.2000,35830,-2,226503720.000,2,0,2,双平,S,4921.8000,4921.6000,4921.2000,4921.0000,4920.2000,4923.8000,4924.0000,4924.8000,4925.0000,4925.4000,1,1,2,1,2,2,1,2,2,2
SF,IC2009,2020-04-14 09:30:39.200,4922.2000,35830,0,226503720.000,0,-,-,-,-,4922.0000,4921.6000,4921.2000,4921.0000,4919.4000,4923.6000,4923.8000,4924.0000,4924.8000,4925.0000,1,1,2,2,3,1,1,1,2,2
SF,IC2009,2020-04-14 09:30:39.700,4922.2000,35830,0,226503720.000,0,-,-,-,-,4922.2000,4921.2000,4921.0000,4919.4000,4919.0000,4923.6000,4923.8000,4924.0000,4924.8000,4925.0000,2,2,2,3,2,1,1,1,2,2
SF,IC2009,2020-04-14 09:30:40.200,4922.2000,35830,0,226503720.000,0,-,-,-,-,4922.2000,4921.2000,4921.0000,4919.4000,4919.0000,4923.6000,4923.8000,4924.0000,4924.8000,4925.0000,2,2,2,3,2,1,1,1,2,2
SF,IC2009,2020-04-14 09:30:40.700,4923.6000,35830,0,227488440.000,1,0,1,多换,S,4923.6000,4922.2000,4921.2000,4921.0000,4919.4000,4923.8000,4924.0000,4924.8000,4925.0000,4925.4000,2,2,2,2,3,1,1,2,2,2
SF,IC2009,2020-04-14 09:30:41.200,4923.6000,35830,0,229457880.000,2,1,1,多换,S,4921.0000,4919.4000,4919.0000,4918.0000,4916.2000,4923.4000,4923.6000,4924.0000,4924.8000,4925.0000,1,3,2,4,1,1,1,1,2,2
SF,IC2009,2020-04-14 09:30:41.700,4921.2000,35826,-4,233395280.000,4,0,4,双平,S,4921.0000,4919.4000,4919.0000,4918.0000,4916.2000,4922.2000,4923.6000,4924.0000,4924.8000,4925.0000,1,3,2,4,1,2,1,1,2,2
SF,IC2009,2020-04-14 09:30:42.200,4922.2000,35826,0,235364160.000,2,1,1,多换,S,4922.0000,4921.2000,4921.0000,4919.4000,4919.0000,4923.6000,4924.0000,4924.8000,4925.0000,4925.4000,3,2,1,3,2,1,1,2,2,2
SF,IC2009,2020-04-14 09:30:42.700,4922.2000,35826,0,235364160.000,0,-,-,-,-,4922.2000,4922.0000,4921.4000,4921.2000,4919.4000,4923.6000,4924.0000,4924.8000,4925.0000,4925.4000,1,3,1,1,3,1,1,2,2,2
SF,IC2009,2020-04-14 09:30:43.200,4922.2000,35826,0,235364160.000,0,-,-,-,-,4922.4000,4922.0000,4921.4000,4919.4000,4919.0000,4923.6000,4924.0000,4924.8000,4925.0000,4925.4000,2,3,1,3,2,1,1,2,2,2
SF,IC2009,2020-04-14 09:30:43.700,4923.6000,35826,0,236348880.000,1,0,1,多换,S,4922.4000,4922.0000,4921.4000,4919.4000,4919.0000,4924.0000,4924.8000,4925.0000,4925.4000,4925.8000,3,3,1,3,2,1,2,2,2,1
SF,IC2009,2020-04-14 09:30:44.200,4923.6000,35826,0,236348880.000,0,-,-,-,-,4922.4000,4922.0000,4921.4000,4921.0000,4919.4000,4924.0000,4924.8000,4925.0000,4925.4000,4925.8000,3,3,1,1,3,1,2,2,2,1
SF,IC2009,2020-04-14 09:30:44.700,4923.6000,35826,0,236348880.000,0,-,-,-,-,4922.4000,4922.0000,4921.0000,4919.4000,4919.0000,4924.0000,4924.8000,4925.0000,4925.4000,4925.8000,3,3,1,3,2,1,2,2,2,1
SF,IC2009,2020-04-14 09:30:45.200,4923.8000,35826,0,239303400.000,3,1,2,多换,S,4923.6000,4922.4000,4922.0000,4921.0000,4919.4000,4924.8000,4925.0000,4925.4000,4925.8000,4926.8000,3,2,4,1,3,1,2,2,1,3
SF,IC2009,2020-04-14 09:30:45.700,4923.8000,35826,0,239303400.000,0,-,-,-,-,4923.6000,4922.4000,4922.0000,4921.0000,4919.4000,4924.6000,4924.8000,4925.0000,4925.4000,4925.8000,3,1,4,1,3,1,1,2,2,1
SF,IC2009,2020-04-14 09:30:46.200,4923.8000,35826,0,239303400.000,0,-,-,-,-,4923.6000,4922.4000,4922.0000,4921.0000,4919.4000,4924.6000,4924.8000,4925.0000,4925.4000,4925.8000,3,1,4,1,3,1,1,2,2,1
SF,IC2009,2020-04-14 09:30:46.700,4923.8000,35826,0,239303400.000,0,-,-,-,-,4923.6000,4922.4000,4922.0000,4921.0000,4919.4000,4924.8000,4925.0000,4925.4000,4925.8000,4926.8000,3,1,4,1,3,1,2,2,1,3
SF,IC2009,2020-04-14 09:30:47.200,4923.8000,35826,0,239303400.000,0,-,-,-,-,4923.8000,4923.6000,4922.4000,4922.0000,4921.0000,4924.8000,4925.0000,4925.4000,4925.8000,4926.8000,1,3,1,4,1,1,2,2,1,3
SF,IC2009,2020-04-14 09:30:47.700,4923.6000,35822,-4,243242320.000,4,0,4,双平,S,4922.4000,4922.0000,4921.0000,4919.4000,4919.0000,4924.8000,4925.0000,4925.4000,4925.8000,4926.8000,1,4,1,3,2,1,2,2,1,3
SF,IC2009,2020-04-14 09:30:48.200,4924.8000,35821,-1,244227280.000,1,0,1,双平,S,4922.6000,4922.4000,4922.0000,4921.0000,4919.4000,4923.6000,4925.0000,4925.4000,4925.8000,4926.8000,1,1,4,1,3,1,2,2,1,3
SF,IC2009,2020-04-14 09:30:48.700,4923.6000,35820,-1,245212000.000,1,0,1,双平,S,4922.8000,4922.6000,4922.0000,4921.4000,4921.0000,4925.0000,4925.4000,4925.8000,4926.8000,4927.6000,3,1,3,1,1,2,2,1,3,2
SF,IC2009,2020-04-14 09:30:49.200,4925.0000,35818,-2,247182000.000,2,0,2,双平,S,4924.8000,4923.2000,4922.8000,4922.6000,4922.0000,4925.4000,4925.8000,4926.8000,4927.6000,4928.0000,1,1,9,1,3,2,1,3,2,2
SF,IC2009,2020-04-14 09:30:49.700,4925.0000,35818,0,247182000.000,0,-,-,-,-,4924.8000,4923.2000,4922.8000,4922.0000,4921.4000,4925.4000,4925.8000,4926.8000,4927.6000,4928.0000,1,1,9,3,1,2,1,3,2,2
SF,IC2009,2020-04-14 09:30:50.200,4925.0000,35818,0,247182000.000,0,-,-,-,-,4923.4000,4923.2000,4922.0000,4921.4000,4921.0000,4925.4000,4925.8000,4926.8000,4927.6000,4928.0000,1,1,3,1,1,2,1,3,2,2
SF,IC2009,2020-04-14 09:30:50.700,4924.8000,35817,-1,249152040.000,2,0,2,多平,S,4923.6000,4923.4000,4923.2000,4922.0000,4921.4000,4925.4000,4925.8000,4926.8000,4927.6000,4928.0000,2,1,1,3,1,1,1,3,2,2
SF,IC2009,2020-04-14 09:30:51.200,4924.8000,35817,0,249152040.000,0,-,-,-,-,4924.0000,4923.6000,4923.4000,4923.2000,4922.0000,4925.4000,4925.8000,4926.8000,4927.6000,4928.0000,1,2,1,1,3,1,1,3,2,2
SF,IC2009,2020-04-14 09:30:51.700,4924.0000,35817,0,250136840.000,1,0,1,多换,S,4923.8000,4923.6000,4923.4000,4923.0000,4922.0000,4925.4000,4925.8000,4926.8000,4927.6000,4928.0000,1,1,1,1,3,1,1,3,2,2
SF,IC2009,2020-04-14 09:30:52.200,4925.2000,35816,-1,251121880.000,1,0,1,双平,S,4923.8000,4923.4000,4923.0000,4922.0000,4921.4000,4925.4000,4925.8000,4926.8000,4927.6000,4928.0000,1,1,1,3,1,1,1,3,2,2
SF,IC2009,2020-04-14 09:30:52.700,4925.2000,35816,0,251121880.000,0,-,-,-,-,4924.0000,4923.0000,4922.0000,4921.4000,4921.0000,4925.2000,4925.4000,4925.8000,4926.8000,4927.6000,1,1,4,1,1,1,1,1,3,2
SF,IC2009,2020-04-14 09:30:53.200,4925.2000,35816,0,251121880.000,0,-,-,-,-,4923.0000,4922.0000,4921.4000,4921.0000,4919.4000,4923.8000,4925.0000,4925.2000,4925.4000,4925.8000,1,5,1,1,3,2,1,1,1,1
SF,IC2009,2020-04-14 09:30:53.700,4923.0000,35816,0,252106480.000,1,0,1,多换,S,4922.0000,4921.4000,4919.4000,4919.0000,4918.0000,4923.8000,4925.0000,4925.2000,4925.4000,4925.8000,5,1,3,2,4,3,1,1,1,1
SF,IC2009,2020-04-14 09:30:54.200,4922.0000,35814,-2,257028560.000,5,1,4,多平,S,4922.0000,4921.4000,4919.4000,4919.0000,4918.0000,4923.6000,4923.8000,4925.0000,4925.2000,4925.4000,1,1,3,2,4,1,3,1,1,1
SF,IC2009,2020-04-14 09:30:54.700,4922.0000,35814,0,257028560.000,0,-,-,-,-,4923.6000,4922.2000,4922.0000,4921.4000,4919.4000,4923.8000,4925.0000,4925.2000,4925.4000,4925.8000,2,1,1,1,3,3,1,1,1,1
SF,IC2009,2020-04-14 09:30:55.200,4923.6000,35812,-2,258998000.000,2,0,2,双平,S,4922.2000,4922.0000,4921.4000,4919.4000,4919.0000,4923.4000,4923.6000,4923.8000,4925.0000,4925.2000,1,1,1,3,2,1,1,3,1,1
SF,IC2009,2020-04-14 09:30:55.700,4923.8000,35810,-2,263921000.000,5,1,4,多平,S,4921.4000,4919.4000,4919.0000,4918.0000,4916.2000,4923.8000,4925.0000,4925.2000,4925.4000,4925.8000,1,3,2,4,1,2,3,1,1,1
SF,IC2009,2020-04-14 09:30:56.200,4923.8000,35809,-1,264905760.000,1,0,1,双平,S,4921.6000,4921.4000,4919.4000,4919.0000,4918.0000,4923.8000,4925.0000,4925.4000,4925.8000,4926.8000,2,1,3,2,4,2,3,1,1,3
SF,IC2009,2020-04-14 09:30:56.700,4919.4000,35808,-1,270812520.000,6,2,4,多平,S,4919.4000,4919.0000,4918.0000,4916.2000,4916.0000,4923.4000,4925.0000,4925.4000,4925.8000,4927.6000,2,2,4,1,3,20,3,1,1,2
SF,IC2009,2020-04-14 09:30:57.200,4919.4000,35808,0,270812520.000,0,-,-,-,-,4920.2000,4919.8000,4919.6000,4919.4000,4919.2000,4923.2000,4923.4000,4925.0000,4925.4000,4925.8000,1,1,10,2,1,2,20,2,1,1
SF,IC2009,2020-04-14 09:30:57.700,4919.4000,35808,0,270812520.000,0,-,-,-,-,4921.6000,4921.0000,4920.4000,4920.2000,4919.8000,4923.0000,4923.2000,4923.4000,4925.0000,4925.4000,1,1,1,1,1,1,1,20,3,1
SF,IC2009,2020-04-14 09:30:58.200,4919.4000,35808,0,270812520.000,0,-,-,-,-,4921.6000,4921.0000,4920.4000,4920.2000,4919.8000,4922.8000,4923.0000,4923.4000,4925.0000,4925.4000,1,1,1,1,1,1,1,20,3,1
SF,IC2009,2020-04-14 09:30:58.700,4920.0000,35808,0,271796520.000,1,0,1,多换,S,4920.4000,4920.2000,4919.8000,4919.6000,4919.4000,4922.8000,4923.0000,4923.4000,4923.6000,4925.0000,2,2,1,8,2,1,1,20,1,3
SF,IC2009,2020-04-14 09:30:59.200,4923.0000,35808,0,274750200.000,3,1,2,多换,S,4920.4000,4920.2000,4919.8000,4919.6000,4919.4000,4923.4000,4923.6000,4925.0000,4925.4000,4925.8000,2,2,1,8,2,20,1,3,1,1
SF,IC2009,2020-04-14 09:30:59.700,4923.0000,35808,0,274750200.000,0,-,-,-,-,4921.6000,4920.6000,4920.4000,4920.2000,4919.8000,4923.2000,4923.4000,4923.6000,4925.0000,4925.4000,1,1,2,2,1,2,20,1,3,1
SF,IC2009,2020-04-14 09:31:00.200,4920.6000,35806,-2,276718640.000,2,0,2,双平,S,4920.6000,4920.4000,4920.2000,4919.8000,4919.4000,4921.6000,4923.0000,4923.2000,4923.4000,4923.6000,1,1,2,1,2,1,1,1,20,1
SF,IC2009,2020-04-14 09:31:00.700,4921.6000,35805,-1,277702960.000,1,0,1,双平,S,4921.6000,4920.8000,4920.6000,4920.2000,4919.4000,4923.0000,4923.2000,4923.4000,4923.6000,4925.0000,1,2,1,2,2,1,1,20,1,4
SF,IC2009,2020-04-14 09:31:01.200,4921.6000,35804,-1,278687280.000,1,0,1,双平,S,4920.8000,4920.6000,4920.2000,4919.4000,4919.2000,4922.8000,4923.0000,4923.4000,4923.6000,4925.0000,1,1,2,2,1,3,1,20,1,4
SF,IC2009,2020-04-14 09:31:01.700,4921.6000,35804,0,278687280.000,0,-,-,-,-,4920.8000,4920.2000,4919.4000,4919.2000,4919.0000,4922.8000,4923.0000,4923.4000,4923.6000,4925.0000,1,1,2,1,2,3,1,20,1,4
SF,IC2009,2020-04-14 09:31:02.200,4922.8000,35804,0,282625040.000,4,2,2,多换,S,4920.2000,4919.4000,4919.2000,4919.0000,4918.0000,4922.6000,4922.8000,4923.4000,4923.6000,4925.0000,1,2,1,2,4,1,2,20,1,4
SF,IC2009,2020-04-14 09:31:02.700,4922.8000,35804,0,282625040.000,0,-,-,-,-,4920.2000,4919.4000,4919.2000,4919.0000,4918.0000,4920.8000,4922.4000,4922.6000,4922.8000,4923.4000,1,2,1,2,4,2,1,1,1,20
SF,IC2009,2020-04-14 09:31:03.200,4921.0000,35802,-2,284593440.000,2,0,2,双平,S,4922.0000,4920.8000,4920.4000,4920.2000,4919.4000,4922.4000,4922.6000,4923.4000,4923.6000,4925.0000,1,1,1,1,2,1,1,20,1,4
SF,IC2009,2020-04-14 09:31:03.700,4922.0000,35801,-1,285577840.000,1,0,1,双平,S,4920.2000,4919.4000,4919.2000,4919.0000,4918.0000,4922.0000,4922.2000,4922.6000,4923.4000,4923.6000,1,2,1,2,4,1,1,1,20,1
SF,IC2009,2020-04-14 09:31:04.200,4922.0000,35801,0,285577840.000,0,-,-,-,-,4920.4000,4920.2000,4919.4000,4919.2000,4919.0000,4921.8000,4922.0000,4922.6000,4923.4000,4925.0000,1,1,3,1,2,1,1,1,20,3
SF,IC2009,2020-04-14 09:31:04.700,4921.8000,35801,0,287546560.000,2,1,1,多换,S,4921.8000,4920.4000,4920.2000,4919.4000,4919.2000,4922.0000,4922.6000,4923.0000,4923.4000,4925.0000,1,1,1,3,1,1,1,1,20,3
SF,IC2009,2020-04-14 09:31:05.200,4922.6000,35801,0,291484200.000,4,2,2,多换,S,4920.4000,4920.2000,4919.4000,4919.0000,4918.0000,4923.0000,4923.4000,4925.0000,4925.4000,4925.8000,1,1,3,2,4,1,20,3,1,1
SF,IC2009,2020-04-14 09:31:05.700,4922.6000,35801,0,291484200.000,0,-,-,-,-,4920.4000,4920.2000,4919.4000,4919.0000,4918.0000,4921.8000,4922.8000,4923.0000,4923.4000,4925.0000,1,1,3,2,4,1,2,1,20,3
SF,IC2009,2020-04-14 09:31:06.200,4921.0000,35801,0,292468400.000,1,0,1,多换,S,4920.4000,4920.2000,4919.4000,4919.0000,4918.0000,4922.8000,4923.0000,4923.4000,4925.0000,4925.4000,1,1,3,2,4,2,1,20,3,1
SF,IC2009,2020-04-14 09:31:06.700,4921.0000,35801,0,292468400.000,0,-,-,-,-,4920.4000,4920.2000,4919.4000,4919.0000,4918.0000,4922.6000,4922.8000,4923.0000,4923.4000,4925.0000,1,1,3,2,1,1,2,1,20,3
SF,IC2009,2020-04-14 09:31:07.200,4920.4000,35800,-1,293452480.000,1,0,1,双平,S,4920.2000,4919.4000,4919.0000,4918.0000,4916.8000,4920.4000,4922.4000,4922.6000,4922.8000,4923.0000,1,3,2,1,1,4,2,1,1,1
SF,IC2009,2020-04-14 09:31:07.700,4922.8000,35796,-4,300342320.000,7,1,6,多平,S,4920.2000,4919.4000,4919.0000,4918.0000,4916.8000,4923.0000,4925.0000,4925.4000,4925.8000,4926.0000,1,2,2,1,1,1,3,1,1,1
SF,IC2009,2020-04-14 09:31:08.200,4922.8000,35796,0,300342320.000,0,-,-,-,-,4920.4000,4920.2000,4919.4000,4919.0000,4918.0000,4922.8000,4923.0000,4925.0000,4925.4000,4925.8000,1,1,2,2,1,2,1,3,1,1
SF,IC2009,2020-04-14 09:31:08.700,4920.4000,35795,-1,301326400.000,1,0,1,双平,S,4920.2000,4919.4000,4919.0000,4918.0000,4916.8000,4922.8000,4923.0000,4925.0000,4925.4000,4925.8000,1,2,2,1,1,2,1,3,1,1
SF,IC2009,2020-04-14 09:31:09.200,4920.4000,35795,0,301326400.000,0,-,-,-,-,4920.6000,4920.4000,4920.2000,4919.4000,4919.0000,4922.8000,4923.0000,4925.0000,4925.4000,4925.8000,1,2,1,2,2,1,1,3,1,1
SF,IC2009,2020-04-14 09:31:09.700,4920.4000,35795,0,301326400.000,0,-,-,-,-,4920.8000,4920.6000,4920.4000,4920.2000,4919.4000,4922.8000,4923.0000,4925.0000,4925.4000,4925.8000,1,1,1,1,3,1,1,3,1,1
SF,IC2009,2020-04-14 09:31:10.200,4920.4000,35795,0,301326400.000,0,-,-,-,-,4920.8000,4920.6000,4920.4000,4920.2000,4919.4000,4922.6000,4922.8000,4923.0000,4925.0000,4925.4000,2,1,1,1,3,1,1,1,3,1
SF,IC2009,2020-04-14 09:31:10.700,4922.8000,35795,0,303295440.000,2,1,1,多换,S,4922.8000,4921.0000,4920.8000,4920.2000,4919.4000,4923.0000,4925.0000,4925.4000,4925.8000,4926.0000,1,1,2,2,2,1,3,1,1,1
SF,IC2009,2020-04-14 09:31:11.200,4922.8000,35795,0,304280000.000,1,0,1,多换,S,4921.0000,4920.8000,4920.2000,4919.4000,4919.0000,4923.0000,4925.0000,4925.4000,4925.8000,4926.0000,1,1,2,2,2,2,3,1,1,1
SF,IC2009,2020-04-14 09:31:11.700,4921.2000,35795,0,305264240.000,1,0,1,多换,S,4921.2000,4921.0000,4920.2000,4919.4000,4919.0000,4922.8000,4923.0000,4925.0000,4925.4000,4925.8000,1,1,1,2,2,1,2,3,1,1
SF,IC2009,2020-04-14 09:31:12.200,4921.2000,35795,0,305264240.000,0,-,-,-,-,4921.4000,4921.0000,4920.6000,4920.2000,4919.4000,4922.8000,4923.0000,4925.0000,4925.4000,4925.8000,2,1,1,1,2,1,2,3,1,1
SF,IC2009,2020-04-14 09:31:12.700,4921.2000,35795,0,305264240.000,0,-,-,-,-,4921.4000,4921.0000,4920.6000,4920.2000,4919.4000,4922.8000,4923.0000,4925.0000,4925.4000,4925.8000,3,1,1,1,2,1,2,3,1,1
SF,IC2009,2020-04-14 09:31:13.200,4922.8000,35790,-5,310187160.000,5,0,5,双平,S,4922.8000,4921.6000,4921.4000,4920.6000,4920.2000,4925.0000,4925.4000,4925.8000,4926.0000,4927.6000,1,4,3,1,1,3,1,1,1,2
SF,IC2009,2020-04-14 09:31:13.700,4922.8000,35789,-1,311171720.000,1,0,1,双平,S,4923.0000,4921.6000,4921.4000,4920.6000,4920.2000,4924.8000,4925.0000,4925.4000,4925.8000,4926.0000,3,2,2,1,1,1,3,1,1,1
SF,IC2009,2020-04-14 09:31:14.200,4922.8000,35788,-1,312156280.000,1,0,1,双平,S,4923.0000,4921.6000,4921.4000,4921.2000,4920.2000,4924.6000,4924.8000,4925.0000,4925.4000,4925.8000,3,2,2,1,1,1,1,3,1,1
SF,IC2009,2020-04-14 09:31:14.700,4924.8000,35786,-2,315111120.000,3,0,3,多平,S,4924.6000,4923.2000,4923.0000,4921.6000,4921.4000,4924.8000,4925.0000,4925.4000,4925.8000,4926.0000,1,3,3,1,1,1,3,1,1,1
SF,IC2009,2020-04-14 09:31:15.200,4924.8000,35782,-4,322006080.000,7,1,6,多平,S,4923.2000,4923.0000,4921.6000,4921.2000,4920.2000,4925.8000,4926.0000,4927.6000,4928.0000,4928.8000,1,3,1,1,1,1,1,2,2,1
SF,IC2009,2020-04-14 09:31:15.700,4925.8000,35781,-1,322991240.000,1,0,1,双平,S,4923.4000,4923.2000,4923.0000,4921.6000,4921.2000,4926.0000,4927.6000,4928.0000,4928.8000,4929.0000,1,1,3,1,1,1,2,2,1,1
SF,IC2009,2020-04-14 09:31:16.200,4926.0000,35781,0,323976440.000,1,0,1,多换,S,4923.8000,4923.6000,4923.4000,4923.2000,4923.0000,4927.6000,4928.0000,4928.8000,4929.0000,4929.6000,1,2,9,1,3,2,2,1,1,1
SF,IC2009,2020-04-14 09:31:16.700,4923.0000,35768,-13,343670640.000,20,3,17,多平,S,4921.6000,4921.2000,4920.2000,4920.0000,4919.4000,4927.4000,4928.0000,4928.8000,4929.0000,4929.6000,1,1,1,1,2,2,2,1,1,1
SF,IC2009,2020-04-14 09:31:17.200,4923.8000,35768,0,344655400.000,1,0,1,多换,S,4924.2000,4922.0000,4921.8000,4921.6000,4921.2000,4927.4000,4928.0000,4928.8000,4929.0000,4929.6000,1,1,3,3,1,2,2,1,1,1
SF,IC2009,2020-04-14 09:31:17.700,4923.8000,35768,0,344655400.000,0,-,-,-,-,4924.4000,4924.2000,4922.0000,4921.8000,4921.6000,4927.2000,4927.4000,4928.0000,4928.8000,4929.0000,1,6,1,1,3,2,2,2,1,1
SF,IC2009,2020-04-14 09:31:18.200,4923.8000,35768,0,344655400.000,0,-,-,-,-,4924.8000,4923.2000,4922.0000,4921.6000,4921.4000,4926.0000,4927.0000,4928.0000,4928.8000,4929.0000,1,1,1,1,1,1,5,2,1,1
SF,IC2009,2020-04-14 09:31:18.700,4924.8000,35767,-1,347610280.000,3,1,2,多平,S,4923.2000,4922.0000,4921.6000,4921.4000,4920.2000,4924.6000,4924.8000,4925.8000,4926.0000,4927.0000,1,1,1,1,1,1,1,1,1,4
SF,IC2009,2020-04-14 09:31:19.200,4924.8000,35767,0,348595240.000,1,0,1,多换,S,4924.6000,4923.4000,4923.2000,4922.0000,4921.6000,4926.0000,4927.0000,4928.0000,4928.8000,4929.0000,2,2,1,1,1,1,4,2,1,1
SF,IC2009,2020-04-14 09:31:19.700,4924.8000,35767,0,348595240.000,0,-,-,-,-,4924.6000,4923.6000,4923.4000,4922.0000,4921.6000,4926.0000,4927.0000,4927.4000,4928.0000,4928.8000,1,1,2,1,2,1,4,1,2,1
SF,IC2009,2020-04-14 09:31:20.200,4924.8000,35767,0,348595240.000,0,-,-,-,-,4923.6000,4923.4000,4922.0000,4921.8000,4921.6000,4926.0000,4927.0000,4927.4000,4928.0000,4928.8000,1,2,1,1,2,1,4,1,2,1
SF,IC2009,2020-04-14 09:31:20.700,4924.8000,35767,0,348595240.000,0,-,-,-,-,4924.8000,4923.8000,4923.6000,4923.4000,4921.8000,4926.0000,4927.0000,4927.4000,4928.0000,4928.8000,1,2,1,1,1,1,3,1,2,1
SF,IC2009,2020-04-14 09:31:21.200,4924.8000,35766,-1,350565400.000,2,0,2,多平,S,4924.4000,4923.8000,4923.4000,4921.8000,4921.6000,4927.0000,4927.4000,4928.0000,4928.8000,4929.0000,1,1,1,1,2,3,1,2,1,1
SF,IC2009,2020-04-14 09:31:21.700,4924.8000,35766,0,350565400.000,0,-,-,-,-,4924.8000,4924.6000,4923.4000,4921.8000,4921.6000,4926.8000,4927.0000,4927.4000,4928.0000,4928.8000,1,1,1,1,2,1,1,1,2,1
SF,IC2009,2020-04-14 09:31:22.200,4924.8000,35766,0,350565400.000,0,-,-,-,-,4925.0000,4924.8000,4923.4000,4921.8000,4921.6000,4926.6000,4926.8000,4927.0000,4927.4000,4928.0000,1,1,1,1,2,1,1,1,1,2
SF,IC2009,2020-04-14 09:31:22.700,4924.8000,35766,0,350565400.000,0,-,-,-,-,4925.0000,4924.8000,4923.4000,4921.8000,4921.6000,4926.0000,4927.4000,4928.0000,4928.8000,4929.0000,1,1,1,1,2,1,1,2,1,1
SF,IC2009,2020-04-14 09:31:23.200,4924.8000,35766,0,350565400.000,0,-,-,-,-,4925.2000,4925.0000,4923.4000,4921.8000,4921.6000,4926.0000,4927.4000,4928.0000,4928.8000,4929.0000,2,1,1,1,2,1,1,2,1,1
SF,IC2009,2020-04-14 09:31:23.700,4925.2000,35765,-1,352535640.000,2,0,2,多平,S,4925.0000,4923.4000,4921.8000,4921.6000,4921.4000,4927.4000,4928.0000,4928.8000,4929.0000,4929.6000,1,1,1,2,1,1,2,1,1,1
SF,IC2009,2020-04-14 09:31:24.200,4925.2000,35765,0,352535640.000,0,-,-,-,-,4926.0000,4925.0000,4921.8000,4921.6000,4921.4000,4927.2000,4927.4000,4928.0000,4928.8000,4929.0000,1,1,1,2,1,1,1,2,1,1
SF,IC2009,2020-04-14 09:31:24.700,4925.2000,35765,0,352535640.000,0,-,-,-,-,4926.0000,4925.0000,4924.2000,4921.8000,4921.6000,4927.2000,4927.4000,4928.0000,4928.8000,4929.0000,1,1,1,1,2,1,1,2,1,1
SF,IC2009,2020-04-14 09:31:25.200,4925.2000,35765,0,352535640.000,0,-,-,-,-,4926.2000,4926.0000,4924.2000,4921.8000,4921.6000,4927.4000,4928.0000,4928.8000,4929.0000,4929.6000,3,1,1,1,2,1,2,1,1,1
SF,IC2009,2020-04-14 09:31:25.700,4925.2000,35765,0,352535640.000,0,-,-,-,-,4926.2000,4926.0000,4924.2000,4921.8000,4921.6000,4927.4000,4928.0000,4928.8000,4929.0000,4929.6000,3,1,1,1,2,1,2,1,1,1
SF,IC2009,2020-04-14 09:31:26.200,4925.2000,35765,0,352535640.000,0,-,-,-,-,4926.2000,4926.0000,4924.2000,4921.8000,4921.6000,4927.4000,4928.0000,4928.8000,4929.0000,4929.6000,2,1,1,1,2,1,2,1,1,1
SF,IC2009,2020-04-14 09:31:26.700,4927.4000,35765,0,353521120.000,1,0,1,多换,S,4926.4000,4926.2000,4926.0000,4924.2000,4921.8000,4928.0000,4928.8000,4929.0000,4929.6000,4930.0000,1,2,1,1,1,2,1,1,1,2
SF,IC2009,2020-04-14 09:31:27.200,4927.4000,35765,0,353521120.000,0,-,-,-,-,4926.2000,4926.0000,4924.2000,4921.8000,4921.6000,4927.8000,4928.0000,4928.8000,4929.0000,4929.6000,2,1,1,1,2,2,2,1,1,1
SF,IC2009,2020-04-14 09:31:27.700,4927.4000,35765,0,353521120.000,0,-,-,-,-,4926.6000,4926.2000,4926.0000,4925.2000,4924.2000,4927.8000,4928.0000,4928.8000,4929.0000,4929.6000,1,3,1,1,1,3,2,1,1,1
SF,IC2009,2020-04-14 09:31:28.200,4926.6000,35764,-1,354506440.000,1,0,1,双平,S,4926.2000,4926.0000,4925.2000,4921.8000,4921.6000,4927.8000,4928.0000,4928.8000,4929.0000,4929.6000,2,1,1,1,2,3,2,1,1,1
SF,IC2009,2020-04-14 09:31:28.700,4926.6000,35763,-1,358448360.000,4,1,3,多平,S,4926.2000,4926.0000,4925.2000,4924.6000,4921.8000,4927.6000,4927.8000,4928.0000,4928.8000,4929.0000,2,1,1,1,1,1,2,2,1,1
SF,IC2009,2020-04-14 09:31:29.200,4927.4000,35763,0,359433840.000,1,0,1,多换,S,4926.2000,4926.0000,4925.2000,4924.6000,4921.8000,4927.8000,4928.0000,4928.8000,4929.0000,4929.6000,2,1,1,1,1,1,2,1,1,1
SF,IC2009,2020-04-14 09:31:29.700,4927.4000,35763,0,359433840.000,0,-,-,-,-,4926.2000,4926.0000,4925.2000,4924.6000,4921.8000,4927.6000,4927.8000,4928.0000,4928.8000,4929.0000,2,1,1,1,1,2,1,2,1,1
SF,IC2009,2020-04-14 09:31:30.200,4926.2000,35762,-1,360419080.000,1,0,1,双平,S,4925.2000,4925.0000,4924.6000,4921.8000,4921.6000,4925.8000,4926.2000,4927.6000,4927.8000,4928.0000,1,1,1,1,2,1,1,1,1,2
SF,IC2009,2020-04-14 09:31:30.700,4926.2000,35762,0,360419080.000,0,-,-,-,-,4925.8000,4925.4000,4925.2000,4925.0000,4924.6000,4926.2000,4927.6000,4927.8000,4928.0000,4928.8000,1,1,1,1,1,1,1,1,2,1
SF,IC2009,2020-04-14 09:31:31.200,4927.6000,35762,0,363375000.000,3,1,2,多换,S,4926.2000,4925.2000,4925.0000,4924.6000,4921.8000,4927.8000,4928.0000,4928.8000,4929.0000,4929.6000,1,1,1,1,1,1,2,1,1,1
SF,IC2009,2020-04-14 09:31:31.700,4927.6000,35762,0,363375000.000,0,-,-,-,-,4926.2000,4925.2000,4925.0000,4924.6000,4921.8000,4927.6000,4927.8000,4928.0000,4928.8000,4929.0000,1,2,1,1,1,1,1,2,1,1
SF,IC2009,2020-04-14 09:31:32.200,4926.2000,35761,-1,364360240.000,1,0,1,双平,S,4926.0000,4925.2000,4925.0000,4924.6000,4921.8000,4926.2000,4927.4000,4927.6000,4927.8000,4928.0000,1,2,1,1,1,8,2,1,1,2
SF,IC2009,2020-04-14 09:31:32.700,4926.0000,35761,0,367315840.000,3,1,2,多换,S,4925.2000,4925.0000,4924.6000,4921.8000,4921.6000,4926.2000,4927.4000,4927.6000,4927.8000,4928.0000,2,1,1,1,2,8,1,1,1,2
SF,IC2009,2020-04-14 09:31:33.200,4926.0000,35761,0,367315840.000,0,-,-,-,-,4925.4000,4925.2000,4925.0000,4924.6000,4921.8000,4926.2000,4927.6000,4927.8000,4928.0000,4928.8000,3,2,1,1,1,8,1,1,2,1
SF,IC2009,2020-04-14 09:31:33.700,4926.2000,35760,-1,368301080.000,1,0,1,双平,S,4925.4000,4925.2000,4925.0000,4924.6000,4921.8000,4926.2000,4927.6000,4927.8000,4928.0000,4928.8000,3,2,1,1,1,8,1,1,2,1
SF,IC2009,2020-04-14 09:31:34.200,4926.2000,35756,-4,372242040.000,4,0,4,双平,S,4925.6000,4925.4000,4925.2000,4925.0000,4924.6000,4926.2000,4927.6000,4927.8000,4928.0000,4928.8000,1,3,2,1,1,4,1,1,2,1
SF,IC2009,2020-04-14 09:31:34.700,4926.2000,35755,-1,373227280.000,1,0,1,双平,S,4925.6000,4925.4000,4925.2000,4925.0000,4924.6000,4926.2000,4927.6000,4927.8000,4928.0000,4928.8000,1,3,2,1,1,3,1,1,2,1
SF,IC2009,2020-04-14 09:31:35.200,4925.6000,35752,-3,382093920.000,9,3,6,多平,S,4925.4000,4925.2000,4925.0000,4924.6000,4921.8000,4925.6000,4927.6000,4927.8000,4928.0000,4928.8000,3,2,1,1,1,2,1,1,2,1
SF,IC2009,2020-04-14 09:31:35.700,4925.6000,35751,-1,385049280.000,3,1,2,多平,S,4925.6000,4925.4000,4925.2000,4925.0000,4924.6000,4925.8000,4927.6000,4927.8000,4928.0000,4928.8000,1,3,2,1,1,1,1,1,2,1
SF,IC2009,2020-04-14 09:31:36.200,4925.8000,35750,-1,387019600.000,2,0,2,多平,S,4925.4000,4925.2000,4925.0000,4924.6000,4921.8000,4927.6000,4927.8000,4928.0000,4928.8000,4929.0000,3,2,1,1,1,1,1,2,1,1
SF,IC2009,2020-04-14 09:31:36.700,4925.8000,35750,0,387019600.000,0,-,-,-,-,4925.2000,4925.0000,4924.6000,4923.6000,4921.8000,4925.4000,4925.6000,4927.4000,4927.6000,4927.8000,2,1,1,1,1,1,1,1,1,1
SF,IC2009,2020-04-14 09:31:37.200,4925.6000,35749,-1,388004720.000,1,0,1,双平,S,4925.2000,4925.0000,4924.6000,4923.6000,4921.8000,4927.4000,4927.6000,4927.8000,4928.0000,4928.8000,2,1,1,1,1,1,1,1,2,1
SF,IC2009,2020-04-14 09:31:37.700,4925.6000,35749,0,388004720.000,0,-,-,-,-,4925.6000,4925.2000,4925.0000,4924.6000,4923.6000,4927.2000,4927.4000,4927.8000,4928.0000,4928.8000,1,2,1,1,1,1,1,1,2,1
SF,IC2009,2020-04-14 09:31:38.200,4925.6000,35749,0,388004720.000,0,-,-,-,-,4925.6000,4925.2000,4925.0000,4924.6000,4923.6000,4927.0000,4927.2000,4927.4000,4927.8000,4928.0000,1,2,1,1,1,1,1,1,1,2
SF,IC2009,2020-04-14 09:31:38.700,4925.6000,35749,0,388004720.000,0,-,-,-,-,4925.6000,4925.4000,4925.2000,4925.0000,4924.6000,4926.8000,4927.2000,4927.4000,4927.8000,4928.0000,1,1,2,1,1,1,1,1,1,2
SF,IC2009,2020-04-14 09:31:39.200,4925.4000,35748,-1,389974920.000,2,0,2,多平,S,4925.2000,4925.0000,4924.6000,4923.6000,4921.8000,4926.6000,4927.2000,4927.4000,4927.8000,4928.0000,2,1,1,1,1,1,1,1,1,2
SF,IC2009,2020-04-14 09:31:39.700,4926.4000,35747,-1,390960200.000,1,0,1,双平,S,4925.2000,4925.0000,4924.6000,4923.6000,4921.8000,4926.4000,4927.4000,4927.8000,4928.0000,4928.8000,2,1,1,1,1,2,1,1,2,1
SF,IC2009,2020-04-14 09:31:40.200,4926.4000,35747,0,390960200.000,0,-,-,-,-,4925.2000,4925.0000,4924.6000,4923.6000,4921.8000,4926.4000,4927.4000,4927.8000,4928.0000,4928.8000,2,1,1,1,1,2,1,1,2,1
SF,IC2009,2020-04-14 09:31:40.700,4926.2000,35746,-1,393915520.000,3,1,2,多平,S,4925.0000,4924.6000,4923.6000,4922.4000,4921.8000,4926.4000,4927.4000,4927.8000,4928.0000,4928.8000,1,1,1,1,1,2,1,1,2,1
SF,IC2009,2020-04-14 09:31:41.200,4925.0000,35746,0,394900520.000,1,0,1,多换,S,4924.6000,4923.6000,4922.4000,4921.8000,4921.6000,4925.0000,4925.2000,4925.4000,4926.4000,4927.4000,1,1,1,1,1,1,1,1,2,1
SF,IC2009,2020-04-14 09:31:41.700,4924.6000,35745,-1,395885440.000,1,0,1,双平,S,4923.6000,4922.4000,4921.8000,4921.6000,4921.4000,4924.8000,4925.0000,4925.2000,4925.4000,4926.4000,1,1,1,1,1,1,1,2,1,1
SF,IC2009,2020-04-14 09:31:42.200,4924.6000,35745,0,395885440.000,0,-,-,-,-,4922.4000,4921.8000,4921.6000,4921.4000,4920.6000,4924.8000,4925.0000,4925.2000,4925.4000,4926.0000,1,1,1,1,1,1,1,2,1,1
SF,IC2009,2020-04-14 09:31:42.700,4924.6000,35745,0,395885440.000,0,-,-,-,-,4922.6000,4922.4000,4921.8000,4921.6000,4920.6000,4924.6000,4924.8000,4925.0000,4925.2000,4925.4000,2,1,1,1,1,1,1,1,2,1
SF,IC2009,2020-04-14 09:31:43.200,4924.6000,35745,0,395885440.000,0,-,-,-,-,4923.0000,4922.8000,4922.6000,4922.4000,4921.6000,4924.8000,4925.0000,4925.2000,4925.4000,4926.0000,1,1,2,1,1,1,1,2,1,1
SF,IC2009,2020-04-14 09:31:43.700,4923.2000,35744,-1,396870080.000,1,0,1,双平,S,4923.2000,4923.0000,4922.6000,4922.4000,4921.6000,4924.8000,4925.0000,4925.2000,4925.4000,4926.0000,1,1,1,1,1,1,1,2,1,1
SF,IC2009,2020-04-14 09:31:44.200,4923.2000,35744,0,396870080.000,0,-,-,-,-,4924.6000,4923.0000,4922.6000,4922.4000,4921.6000,4924.8000,4925.0000,4925.2000,4925.4000,4926.0000,1,1,1,1,1,1,1,2,1,1
SF,IC2009,2020-04-14 09:31:44.700,4924.8000,35743,-1,397855040.000,1,0,1,双平,S,4924.6000,4923.0000,4922.6000,4922.4000,4921.6000,4925.2000,4925.4000,4926.4000,4926.6000,4927.6000,1,1,1,1,1,2,1,1,1,1
SF,IC2009,2020-04-14 09:31:45.200,4924.8000,35742,-1,398840000.000,1,0,1,双平,S,4924.6000,4923.0000,4922.4000,4921.6000,4920.6000,4925.2000,4925.4000,4926.4000,4926.6000,4927.6000,1,1,1,1,1,2,1,1,1,1
SF,IC2009,2020-04-14 09:31:45.700,4925.2000,35739,-3,402780040.000,4,0,4,多平,S,4924.8000,4922.4000,4921.6000,4920.6000,4920.2000,4925.4000,4926.4000,4926.6000,4927.6000,4927.8000,5,2,1,1,2,1,1,1,1,1
SF,IC2009,2020-04-14 09:31:46.200,4925.4000,35738,-1,403765120.000,1,0,1,双平,S,4924.8000,4922.4000,4921.6000,4920.6000,4920.2000,4926.6000,4927.6000,4927.8000,4928.0000,4928.8000,6,2,1,1,2,1,1,1,3,1
SF,IC2009,2020-04-14 09:31:46.700,4925.4000,35738,0,403765120.000,0,-,-,-,-,4924.8000,4922.4000,4921.6000,4920.6000,4920.2000,4926.4000,4926.6000,4927.6000,4927.8000,4928.0000,6,2,1,1,2,1,1,2,1,3
SF,IC2009,2020-04-14 09:31:47.700,4925.4000,35738,0,403765120.000,0,-,-,-,-,4924.8000,4922.4000,4921.6000,4920.6000,4920.2000,4926.4000,4926.6000,4927.6000,4927.8000,4928.0000,6,2,1,1,2,1,1,2,1,3
SF,IC2009,2020-04-14 09:31:48.200,4926.2000,35739,1,406720840.000,3,2,1,空开,S,4925.0000,4924.8000,4922.4000,4921.6000,4920.6000,4926.4000,4926.6000,4927.6000,4927.8000,4928.0000,1,6,2,1,1,1,1,2,1,3
SF,IC2009,2020-04-14 09:31:48.700,4924.8000,35739,0,410660720.000,4,2,2,多换,S,4924.8000,4922.4000,4921.6000,4920.6000,4920.2000,4926.2000,4926.4000,4926.6000,4927.6000,4927.8000,3,2,1,1,2,2,1,1,2,1
SF,IC2009,2020-04-14 09:31:49.200,4924.8000,35739,0,413615600.000,3,1,2,多换,S,4922.4000,4921.6000,4920.6000,4920.2000,4920.0000,4924.4000,4926.0000,4926.2000,4926.6000,4927.6000,2,1,1,2,1,1,3,2,1,2
SF,IC2009,2020-04-14 09:31:49.700,4924.8000,35739,0,413615600.000,0,-,-,-,-,4924.4000,4922.8000,4922.6000,4922.4000,4921.6000,4926.0000,4926.2000,4926.6000,4927.6000,4927.8000,1,2,2,2,1,3,1,1,1,1
SF,IC2009,2020-04-14 09:31:50.200,4924.8000,35739,0,413615600.000,0,-,-,-,-,4922.8000,4922.6000,4922.4000,4921.6000,4920.6000,4925.8000,4926.0000,4926.2000,4926.6000,4927.6000,2,2,2,1,1,1,3,1,1,1
SF,IC2009,2020-04-14 09:31:50.700,4924.8000,35739,0,413615600.000,0,-,-,-,-,4923.0000,4922.8000,4922.6000,4922.4000,4921.6000,4925.6000,4926.0000,4926.2000,4926.6000,4927.6000,1,2,1,3,1,2,2,1,2,1
SF,IC2009,2020-04-14 09:31:51.200,4925.6000,35739,0,414600720.000,1,0,1,多换,S,4923.2000,4923.0000,4922.8000,4922.6000,4922.4000,4925.6000,4926.2000,4926.6000,4927.6000,4927.8000,1,2,2,1,3,1,1,3,1,1
SF,IC2009,2020-04-14 09:31:51.700,4925.6000,35738,-1,415585840.000,1,0,1,双平,S,4923.4000,4923.2000,4923.0000,4922.8000,4922.6000,4926.2000,4926.6000,4927.6000,4927.8000,4928.0000,1,2,1,3,1,1,3,1,1,3
SF,IC2009,2020-04-14 09:31:52.200,4925.6000,35738,0,415585840.000,0,-,-,-,-,4923.6000,4923.4000,4923.2000,4923.0000,4922.8000,4926.0000,4926.2000,4926.6000,4927.6000,4927.8000,1,1,1,1,3,1,1,3,1,1
SF,IC2009,2020-04-14 09:31:52.700,4925.6000,35738,0,415585840.000,0,-,-,-,-,4923.8000,4923.6000,4923.2000,4923.0000,4922.8000,4926.2000,4926.6000,4927.6000,4927.8000,4928.0000,1,2,1,1,3,1,3,1,1,3
SF,IC2009,2020-04-14 09:31:53.200,4925.6000,35738,0,415585840.000,0,-,-,-,-,4923.8000,4923.6000,4923.2000,4922.8000,4922.6000,4926.2000,4926.6000,4927.6000,4927.8000,4928.0000,1,2,1,3,1,1,3,1,1,3
SF,IC2009,2020-04-14 09:31:53.700,4925.6000,35738,0,415585840.000,0,-,-,-,-,4923.8000,4923.6000,4923.2000,4922.8000,4922.6000,4926.0000,4926.2000,4926.6000,4927.6000,4927.8000,1,2,1,3,1,1,1,3,1,1
SF,IC2009,2020-04-14 09:31:54.200,4925.6000,35738,0,415585840.000,0,-,-,-,-,4923.8000,4923.6000,4923.2000,4922.8000,4922.4000,4926.0000,4926.2000,4926.6000,4927.6000,4927.8000,1,1,1,3,4,1,1,3,1,1
SF,IC2009,2020-04-14 09:31:54.700,4925.6000,35738,0,415585840.000,0,-,-,-,-,4924.0000,4923.8000,4923.6000,4923.2000,4922.8000,4926.0000,4926.2000,4926.6000,4927.6000,4927.8000,1,1,1,1,2,1,1,3,1,1
SF,IC2009,2020-04-14 09:31:55.200,4925.8000,35738,0,417556160.000,2,1,1,多换,S,4924.0000,4923.8000,4923.6000,4923.2000,4922.8000,4925.8000,4926.0000,4926.2000,4926.6000,4927.6000,1,1,1,1,2,1,1,1,3,1
SF,IC2009,2020-04-14 09:31:55.700,4925.8000,35737,-1,418541320.000,1,0,1,双平,S,4923.6000,4923.2000,4922.8000,4922.4000,4921.6000,4925.6000,4926.2000,4926.6000,4927.6000,4927.8000,1,1,1,4,1,2,1,3,1,1
SF,IC2009,2020-04-14 09:31:56.200,4923.8000,35736,-1,421496400.000,3,1,2,多平,S,4923.2000,4922.8000,4922.4000,4921.6000,4920.6000,4923.6000,4925.4000,4925.6000,4926.2000,4926.6000,1,1,4,1,1,4,1,1,1,3
SF,IC2009,2020-04-14 09:31:56.700,4925.4000,35732,-4,426420360.000,5,0,5,多平,S,4923.6000,4923.4000,4923.2000,4922.8000,4922.4000,4925.6000,4925.8000,4926.2000,4926.6000,4927.6000,2,1,1,1,3,1,1,1,2,1
SF,IC2009,2020-04-14 09:31:57.200,4925.4000,35732,0,426420360.000,0,-,-,-,-,4923.8000,4923.6000,4923.2000,4922.8000,4922.4000,4925.4000,4925.6000,4925.8000,4926.2000,4926.6000,1,1,1,1,3,1,1,1,1,2
SF,IC2009,2020-04-14 09:31:57.700,4925.6000,35732,0,428390560.000,2,1,1,多换,S,4925.6000,4923.6000,4923.2000,4922.8000,4922.4000,4925.8000,4926.2000,4926.6000,4927.6000,4927.8000,3,1,1,1,3,1,1,2,1,1
SF,IC2009,2020-04-14 09:31:58.200,4925.6000,35731,-1,432331040.000,4,1,3,多平,S,4923.8000,4923.6000,4923.2000,4922.8000,4922.4000,4925.2000,4925.4000,4925.6000,4925.8000,4926.2000,1,1,1,1,3,2,2,2,1,1
SF,IC2009,2020-04-14 09:31:58.700,4923.8000,35730,-1,435285800.000,3,1,2,多平,S,4923.6000,4923.2000,4923.0000,4922.8000,4922.4000,4923.8000,4925.0000,4925.2000,4925.4000,4925.6000,1,1,1,1,3,1,1,1,2,2
SF,IC2009,2020-04-14 09:31:59.200,4925.0000,35730,0,436270800.000,1,0,1,多换,S,4923.8000,4923.6000,4923.2000,4922.8000,4922.4000,4925.6000,4925.8000,4926.6000,4927.6000,4927.8000,5,1,1,1,3,2,1,2,1,1
SF,IC2009,2020-04-14 09:31:59.700,4925.0000,35730,0,436270800.000,0,-,-,-,-,4923.8000,4923.6000,4923.2000,4922.8000,4922.4000,4925.4000,4925.6000,4925.8000,4926.6000,4927.6000,4,1,1,1,3,3,3,1,2,1
SF,IC2009,2020-04-14 09:32:00.200,4925.4000,35731,1,438240960.000,2,1,1,空开,S,4925.2000,4924.0000,4923.8000,4923.6000,4923.4000,4925.6000,4925.8000,4926.6000,4927.6000,4927.8000,1,3,4,1,1,3,1,2,1,1
SF,IC2009,2020-04-14 09:32:00.700,4925.4000,35731,0,438240960.000,0,-,-,-,-,4925.2000,4924.0000,4923.8000,4923.6000,4923.4000,4925.6000,4925.8000,4926.6000,4927.6000,4927.8000,1,2,4,1,1,4,1,2,1,1
SF,IC2009,2020-04-14 09:32:01.200,4925.8000,35726,-5,443166600.000,5,0,5,双平,S,4925.8000,4925.6000,4925.2000,4924.0000,4923.8000,4926.6000,4927.6000,4927.8000,4928.0000,4928.8000,1,2,1,2,4,2,1,1,3,1
SF,IC2009,2020-04-14 09:32:01.700,4926.6000,35723,-3,446122520.000,3,0,3,双平,S,4926.2000,4925.8000,4925.6000,4925.2000,4924.4000,4927.6000,4927.8000,4928.0000,4928.8000,4929.0000,2,1,3,1,1,1,1,3,1,1
SF,IC2009,2020-04-14 09:32:02.200,4926.6000,35723,0,446122520.000,0,-,-,-,-,4926.2000,4926.0000,4925.8000,4925.6000,4925.2000,4927.4000,4927.6000,4927.8000,4928.0000,4928.8000,2,1,1,2,1,1,1,1,3,1
SF,IC2009,2020-04-14 09:32:02.700,4926.2000,35721,-2,448093000.000,2,0,2,双平,S,4926.0000,4925.8000,4925.6000,4925.2000,4924.0000,4926.2000,4927.2000,4927.4000,4927.6000,4927.8000,1,1,3,1,1,1,1,2,1,1
SF,IC2009,2020-04-14 09:32:03.200,4926.2000,35719,-2,450063440.000,2,0,2,双平,S,4925.8000,4925.6000,4925.2000,4924.0000,4923.8000,4926.0000,4927.4000,4927.6000,4927.8000,4928.0000,1,4,1,1,1,5,2,1,1,3
SF,IC2009,2020-04-14 09:32:03.700,4925.8000,35718,-1,451048600.000,1,0,1,双平,S,4925.6000,4925.2000,4924.0000,4923.8000,4923.6000,4926.0000,4927.4000,4927.6000,4927.8000,4928.0000,2,1,1,1,2,5,2,1,1,3
SF,IC2009,2020-04-14 09:32:04.200,4925.8000,35718,0,451048600.000,0,-,-,-,-,4925.6000,4925.2000,4924.0000,4923.8000,4923.6000,4926.0000,4926.4000,4927.4000,4927.6000,4927.8000,2,1,1,1,2,5,1,2,1,1
SF,IC2009,2020-04-14 09:32:04.700,4925.8000,35718,0,452033760.000,1,0,1,多换,S,4925.6000,4925.2000,4924.0000,4923.8000,4923.6000,4926.0000,4926.4000,4927.4000,4927.6000,4927.8000,2,1,1,1,2,5,1,1,1,1
SF,IC2009,2020-04-14 09:32:05.200,4926.0000,35713,-5,456959760.000,5,0,5,双平,S,4926.0000,4925.6000,4925.2000,4923.8000,4923.6000,4926.4000,4927.6000,4927.8000,4928.0000,4928.8000,1,2,1,1,2,1,1,1,3,1
SF,IC2009,2020-04-14 09:32:05.700,4926.4000,35712,-1,457945040.000,1,0,1,双平,S,4926.4000,4926.0000,4925.6000,4925.2000,4923.8000,4927.6000,4927.8000,4928.0000,4928.8000,4929.0000,3,2,2,1,1,1,1,3,1,1
SF,IC2009,2020-04-14 09:32:06.200,4926.6000,35710,-2,459915880.000,2,0,2,双平,S,4926.6000,4926.0000,4925.6000,4925.2000,4923.8000,4927.8000,4928.0000,4928.8000,4929.0000,4929.4000,1,2,2,1,1,1,3,1,1,1
SF,IC2009,2020-04-14 09:32:06.700,4926.6000,35710,0,459915880.000,0,-,-,-,-,4926.6000,4926.4000,4926.0000,4925.6000,4925.2000,4927.8000,4928.0000,4928.8000,4929.0000,4929.4000,1,1,2,2,1,1,3,1,1,1
SF,IC2009,2020-04-14 09:32:07.200,4926.6000,35710,0,459915880.000,0,-,-,-,-,4927.6000,4926.8000,4926.6000,4926.0000,4925.6000,4927.8000,4928.0000,4928.8000,4929.0000,4929.4000,1,3,1,2,2,1,3,1,1,1
SF,IC2009,2020-04-14 09:32:07.700,4927.8000,35709,-1,460901440.000,1,0,1,双平,S,4927.6000,4926.8000,4926.6000,4926.0000,4925.6000,4928.0000,4928.8000,4929.0000,4929.4000,4929.6000,1,2,1,2,2,3,1,1,1,1
SF,IC2009,2020-04-14 09:32:08.200,4927.8000,35708,-1,466814600.000,6,2,4,多平,S,4927.0000,4926.8000,4926.6000,4926.0000,4925.6000,4928.0000,4928.8000,4929.0000,4929.4000,4929.6000,1,1,1,2,2,3,1,1,1,1
SF,IC2009,2020-04-14 09:32:08.700,4927.0000,35707,-1,467800000.000,1,0,1,双平,S,4926.8000,4926.6000,4926.0000,4925.6000,4925.2000,4928.0000,4928.8000,4929.0000,4929.4000,4929.6000,1,1,2,2,1,3,1,1,1,1
SF,IC2009,2020-04-14 09:32:09.200,4928.0000,35707,0,468785600.000,1,0,1,多换,S,4927.2000,4926.8000,4926.6000,4926.0000,4925.6000,4928.0000,4928.8000,4929.0000,4929.4000,4929.6000,2,1,1,2,2,2,1,1,1,1
SF,IC2009,2020-04-14 09:32:09.700,4928.0000,35706,-1,470756800.000,2,0,2,多平,S,4928.0000,4927.2000,4927.0000,4926.8000,4926.6000,4928.8000,4929.0000,4929.4000,4929.6000,4929.8000,5,2,1,1,1,1,1,1,1,1
SF,IC2009,2020-04-14 09:32:10.200,4928.0000,35706,0,470756800.000,0,-,-,-,-,4927.2000,4926.8000,4926.6000,4926.0000,4925.6000,4928.6000,4928.8000,4929.0000,4929.4000,4929.6000,2,1,1,2,2,1,1,1,1,1
SF,IC2009,2020-04-14 09:32:10.700,4928.6000,35705,-1,471742520.000,1,0,1,双平,S,4928.2000,4927.4000,4927.2000,4926.8000,4926.0000,4928.8000,4929.0000,4929.4000,4929.6000,4929.8000,3,2,2,1,2,1,1,1,1,1
SF,IC2009,2020-04-14 09:32:11.200,4929.0000,35703,-2,473714080.000,2,0,2,双平,S,4928.2000,4927.6000,4927.4000,4927.2000,4926.8000,4929.4000,4929.6000,4929.8000,4930.0000,4932.8000,3,2,1,2,1,1,1,1,4,1
SF,IC2009,2020-04-14 09:32:11.700,4929.0000,35703,0,473714080.000,0,-,-,-,-,4928.8000,4928.4000,4928.2000,4927.2000,4926.8000,4929.4000,4929.6000,4929.8000,4930.0000,4932.8000,1,1,3,2,1,1,1,1,4,1
SF,IC2009,2020-04-14 09:32:12.200,4929.4000,35702,-1,474699960.000,1,0,1,双平,S,4929.0000,4928.8000,4928.4000,4928.2000,4927.2000,4929.6000,4929.8000,4930.0000,4932.8000,4933.0000,2,1,2,3,2,1,1,4,1,15
SF,IC2009,2020-04-14 09:32:12.700,4929.4000,35702,0,474699960.000,0,-,-,-,-,4929.0000,4928.8000,4928.2000,4926.8000,4926.0000,4929.6000,4929.8000,4930.0000,4932.8000,4933.0000,2,1,3,1,2,1,1,4,1,15
SF,IC2009,2020-04-14 09:32:13.200,4929.4000,35702,0,474699960.000,0,-,-,-,-,4929.0000,4928.8000,4927.6000,4926.8000,4926.0000,4929.6000,4929.8000,4930.0000,4932.8000,4933.0000,1,1,1,1,2,1,1,4,1,15
SF,IC2009,2020-04-14 09:32:13.700,4929.4000,35702,0,475685840.000,1,0,1,多换,S,4928.8000,4927.6000,4926.8000,4926.0000,4925.6000,4929.0000,4929.6000,4929.8000,4930.0000,4932.8000,1,1,1,2,1,5,1,1,4,1
SF,IC2009,2020-04-14 09:32:14.200,4929.0000,35697,-5,480614840.000,5,0,5,双平,S,4929.4000,4929.0000,4928.8000,4927.6000,4926.8000,4929.8000,4930.0000,4932.8000,4933.0000,4933.2000,2,2,1,1,1,1,4,1,15,1
SF,IC2009,2020-04-14 09:32:14.700,4929.0000,35696,-1,483572240.000,3,1,2,多平,S,4927.6000,4926.8000,4926.0000,4925.6000,4925.2000,4929.6000,4929.8000,4930.0000,4932.8000,4933.0000,1,1,2,1,1,1,1,4,1,15
SF,IC2009,2020-04-14 09:32:15.200,4929.0000,35696,0,483572240.000,0,-,-,-,-,4928.0000,4927.8000,4927.6000,4926.8000,4926.0000,4929.6000,4929.8000,4930.0000,4932.8000,4933.0000,3,2,1,1,2,1,1,4,1,15
SF,IC2009,2020-04-14 09:32:15.700,4929.0000,35696,0,483572240.000,0,-,-,-,-,4928.2000,4928.0000,4927.6000,4926.0000,4925.6000,4929.6000,4929.8000,4930.0000,4932.8000,4933.0000,2,2,1,2,1,1,1,4,1,15
SF,IC2009,2020-04-14 09:32:16.200,4929.0000,35696,0,483572240.000,0,-,-,-,-,4928.4000,4928.2000,4928.0000,4927.6000,4926.0000,4929.6000,4929.8000,4930.0000,4932.8000,4933.0000,1,4,2,1,2,1,1,4,1,15
SF,IC2009,2020-04-14 09:32:16.700,4929.0000,35696,0,483572240.000,0,-,-,-,-,4928.4000,4928.2000,4927.6000,4926.0000,4925.6000,4928.8000,4929.6000,4929.8000,4930.0000,4932.8000,1,3,1,2,1,1,1,1,4,1
SF,IC2009,2020-04-14 09:32:17.200,4928.4000,35694,-2,485543600.000,2,0,2,双平,S,4928.2000,4927.6000,4926.0000,4925.6000,4925.2000,4928.8000,4929.8000,4930.0000,4932.8000,4933.0000,3,1,2,1,1,1,1,4,1,15
SF,IC2009,2020-04-14 09:32:17.700,4928.6000,35694,0,487515040.000,2,1,1,多换,S,4927.6000,4926.0000,4925.6000,4925.2000,4923.8000,4928.8000,4929.8000,4930.0000,4932.8000,4933.0000,1,2,1,1,1,1,1,4,1,15
SF,IC2009,2020-04-14 09:32:18.200,4928.8000,35694,0,489486520.000,2,1,1,多换,S,4927.6000,4926.0000,4925.6000,4925.2000,4923.8000,4929.8000,4930.0000,4932.8000,4933.0000,4933.2000,1,2,1,1,1,1,4,1,15,1
SF,IC2009,2020-04-14 09:32:18.700,4928.8000,35694,0,489486520.000,0,-,-,-,-,4927.8000,4927.6000,4926.0000,4925.6000,4925.2000,4929.6000,4929.8000,4930.0000,4932.8000,4933.0000,1,1,2,1,1,1,1,4,1,15
SF,IC2009,2020-04-14 09:32:19.200,4928.8000,35694,0,489486520.000,0,-,-,-,-,4928.0000,4927.8000,4927.6000,4926.0000,4925.6000,4929.6000,4929.8000,4930.0000,4932.8000,4933.0000,1,1,1,2,1,1,1,4,1,15
SF,IC2009,2020-04-14 09:32:19.700,4928.8000,35694,0,489486520.000,0,-,-,-,-,4928.2000,4927.6000,4926.0000,4925.6000,4925.2000,4929.6000,4929.8000,4930.0000,4932.8000,4933.0000,3,1,2,1,1,2,1,4,1,15
SF,IC2009,2020-04-14 09:32:20.200,4928.8000,35694,0,489486520.000,0,-,-,-,-,4928.8000,4928.2000,4927.6000,4926.0000,4925.6000,4929.6000,4929.8000,4930.0000,4932.8000,4933.0000,1,2,1,2,1,2,2,4,1,15
SF,IC2009,2020-04-14 09:32:20.700,4929.6000,35694,0,492444120.000,3,1,2,多换,S,4928.2000,4927.6000,4926.0000,4925.6000,4925.2000,4929.8000,4930.0000,4932.8000,4933.0000,4933.2000,1,1,2,1,1,2,4,1,15,1
SF,IC2009,2020-04-14 09:32:21.200,4929.6000,35694,0,492444120.000,0,-,-,-,-,4928.2000,4927.6000,4926.0000,4925.6000,4925.2000,4928.6000,4929.6000,4929.8000,4930.0000,4932.8000,1,1,2,1,1,2,1,2,4,1
SF,IC2009,2020-04-14 09:32:21.700,4929.6000,35694,0,492444120.000,0,-,-,-,-,4928.2000,4927.6000,4925.6000,4925.2000,4923.8000,4929.8000,4930.0000,4932.8000,4933.0000,4933.2000,1,1,1,1,1,2,4,1,15,1
SF,IC2009,2020-04-14 09:32:22.200,4929.6000,35694,0,492444120.000,0,-,-,-,-,4928.6000,4928.2000,4927.6000,4925.6000,4925.2000,4929.8000,4930.0000,4932.8000,4933.0000,4933.2000,1,1,1,1,1,2,4,1,15,1
SF,IC2009,2020-04-14 09:32:22.700,4929.6000,35694,0,492444120.000,0,-,-,-,-,4928.6000,4928.2000,4927.6000,4925.6000,4925.2000,4929.8000,4930.0000,4932.8000,4933.0000,4933.2000,1,1,1,1,1,2,4,1,15,1
SF,IC2009,2020-04-14 09:32:23.200,4928.8000,35693,-1,493429880.000,1,0,1,双平,S,4928.6000,4928.2000,4927.6000,4925.6000,4925.2000,4929.8000,4930.0000,4932.8000,4933.0000,4933.2000,1,1,1,1,1,2,4,1,16,1
SF,IC2009,2020-04-14 09:32:23.700,4928.8000,35693,0,493429880.000,0,-,-,-,-,4928.8000,4928.2000,4927.6000,4926.6000,4925.6000,4929.8000,4930.0000,4932.8000,4933.0000,4933.2000,1,1,1,1,1,2,4,1,16,1
SF,IC2009,2020-04-14 09:32:24.200,4928.8000,35693,0,493429880.000,0,-,-,-,-,4928.2000,4927.6000,4926.6000,4925.6000,4925.2000,4928.8000,4929.8000,4930.0000,4932.8000,4933.0000,1,1,1,1,1,1,2,4,1,16
SF,IC2009,2020-04-14 09:32:24.700,4928.8000,35693,0,493429880.000,0,-,-,-,-,4928.2000,4927.6000,4926.6000,4925.6000,4925.2000,4928.8000,4929.8000,4930.0000,4932.8000,4933.0000,1,1,1,1,1,2,2,4,1,15
SF,IC2009,2020-04-14 09:32:25.200,4928.8000,35693,0,493429880.000,0,-,-,-,-,4928.4000,4928.2000,4927.6000,4926.6000,4925.6000,4928.8000,4929.8000,4930.0000,4932.8000,4933.0000,1,1,1,1,1,1,2,4,1,15
SF,IC2009,2020-04-14 09:32:25.700,4928.8000,35692,-1,494415640.000,1,0,1,双平,S,4928.4000,4928.2000,4927.6000,4926.6000,4925.6000,4929.0000,4929.8000,4930.0000,4932.8000,4933.0000,1,1,1,1,1,1,2,4,1,15
SF,IC2009,2020-04-14 09:32:26.200,4928.8000,35692,0,494415640.000,0,-,-,-,-,4928.4000,4928.2000,4927.6000,4926.6000,4925.6000,4929.0000,4929.8000,4930.0000,4932.8000,4933.0000,1,1,1,1,1,1,2,4,1,15
SF,IC2009,2020-04-14 09:32:27.200,4929.0000,35691,-1,495401440.000,1,0,1,双平,S,4928.4000,4928.2000,4927.6000,4926.6000,4925.6000,4929.8000,4930.0000,4932.8000,4933.0000,4933.2000,1,1,1,1,1,2,4,1,15,1
SF,IC2009,2020-04-14 09:32:27.700,4929.0000,35691,0,495401440.000,0,-,-,-,-,4928.2000,4927.6000,4926.6000,4925.6000,4925.2000,4929.8000,4930.0000,4932.8000,4933.0000,4933.2000,1,1,1,1,1,2,4,1,15,1
SF,IC2009,2020-04-14 09:32:28.200,4929.0000,35691,0,495401440.000,0,-,-,-,-,4928.8000,4928.2000,4927.6000,4926.6000,4925.6000,4929.8000,4930.0000,4932.8000,4933.0000,4933.2000,1,1,1,1,1,2,4,1,15,1
SF,IC2009,2020-04-14 09:32:28.700,4929.0000,35691,0,495401440.000,0,-,-,-,-,4928.8000,4928.2000,4928.0000,4927.6000,4926.6000,4929.8000,4930.0000,4932.8000,4933.0000,4933.2000,1,1,1,1,1,2,4,1,15,1
SF,IC2009,2020-04-14 09:32:29.200,4929.0000,35691,0,495401440.000,0,-,-,-,-,4929.0000,4928.8000,4928.2000,4928.0000,4927.6000,4929.8000,4930.0000,4930.2000,4932.8000,4933.0000,1,1,1,1,1,2,4,1,1,15
SF,IC2009,2020-04-14 09:32:29.700,4929.0000,35691,0,495401440.000,0,-,-,-,-,4929.0000,4928.8000,4928.2000,4927.6000,4926.6000,4929.8000,4930.0000,4930.2000,4932.8000,4933.0000,1,1,1,1,1,2,4,1,1,15
SF,IC2009,2020-04-14 09:32:30.200,4929.0000,35691,0,495401440.000,0,-,-,-,-,4928.8000,4928.2000,4927.6000,4926.6000,4925.6000,4929.0000,4929.8000,4930.0000,4930.2000,4932.8000,1,1,1,1,1,1,2,4,1,1
SF,IC2009,2020-04-14 09:32:30.700,4929.0000,35691,0,495401440.000,0,-,-,-,-,4928.2000,4927.6000,4926.6000,4925.6000,4925.2000,4929.0000,4929.8000,4930.0000,4930.2000,4932.8000,1,1,1,1,1,1,2,4,1,1
SF,IC2009,2020-04-14 09:32:31.200,4929.0000,35691,0,495401440.000,0,-,-,-,-,4928.4000,4928.2000,4927.6000,4926.6000,4925.6000,4928.8000,4929.0000,4929.8000,4930.0000,4930.2000,1,1,1,1,1,1,1,2,4,1
SF,IC2009,2020-04-14 09:32:31.700,4928.2000,35689,-2,497372760.000,2,0,2,双平,S,4927.6000,4925.6000,4925.2000,4923.6000,4923.2000,4928.4000,4928.8000,4929.0000,4929.6000,4929.8000,1,1,2,1,1,2,1,1,1,2
SF,IC2009,2020-04-14 09:32:32.200,4928.2000,35689,0,497372760.000,0,-,-,-,-,4927.6000,4925.6000,4925.2000,4923.6000,4923.2000,4928.2000,4928.4000,4928.8000,4929.0000,4929.6000,1,1,2,1,1,1,2,1,1,1
SF,IC2009,2020-04-14 09:32:32.700,4928.2000,35689,0,497372760.000,0,-,-,-,-,4927.6000,4925.6000,4925.2000,4923.6000,4923.2000,4928.2000,4928.4000,4928.8000,4929.0000,4929.6000,1,1,2,1,1,1,2,1,1,1
SF,IC2009,2020-04-14 09:32:33.200,4927.6000,35687,-2,499343800.000,2,0,2,双平,S,4925.6000,4925.2000,4923.6000,4923.2000,4923.0000,4928.0000,4928.2000,4928.4000,4928.8000,4929.0000,1,2,1,1,1,1,1,2,1,1
SF,IC2009,2020-04-14 09:32:33.700,4928.0000,35687,0,500329400.000,1,0,1,多换,S,4926.4000,4926.2000,4926.0000,4925.8000,4925.6000,4928.2000,4928.4000,4928.8000,4929.0000,4929.6000,1,1,1,1,1,1,2,1,1,1
SF,IC2009,2020-04-14 09:32:34.200,4928.0000,35687,0,500329400.000,0,-,-,-,-,4926.6000,4926.4000,4926.2000,4926.0000,4925.8000,4927.6000,4928.2000,4928.4000,4928.8000,4929.0000,2,1,1,1,1,1,1,2,1,1
SF,IC2009,2020-04-14 09:32:34.700,4927.6000,35686,-1,501314920.000,1,0,1,双平,S,4926.8000,4926.6000,4926.4000,4925.8000,4925.6000,4928.2000,4928.4000,4928.8000,4929.0000,4929.6000,1,2,2,1,1,1,2,1,1,1
SF,IC2009,2020-04-14 09:32:35.200,4927.6000,35686,0,501314920.000,0,-,-,-,-,4926.6000,4926.4000,4925.6000,4925.2000,4923.6000,4927.6000,4928.2000,4928.4000,4928.8000,4929.0000,1,1,1,2,1,1,1,2,1,1
SF,IC2009,2020-04-14 09:32:36.200,4927.6000,35686,0,501314920.000,0,-,-,-,-,4926.8000,4926.6000,4926.4000,4925.6000,4925.2000,4927.6000,4928.2000,4928.4000,4928.8000,4929.0000,1,1,1,1,2,1,1,2,1,1
SF,IC2009,2020-04-14 09:32:36.700,4927.6000,35686,0,502300440.000,1,0,1,多换,S,4927.0000,4926.8000,4926.6000,4926.4000,4925.6000,4928.2000,4928.4000,4928.8000,4929.0000,4929.6000,1,1,1,1,1,1,2,1,1,1
SF,IC2009,2020-04-14 09:32:37.200,4927.6000,35686,0,502300440.000,0,-,-,-,-,4927.2000,4927.0000,4926.8000,4926.6000,4926.4000,4928.2000,4928.4000,4928.8000,4929.0000,4929.6000,1,1,2,1,1,1,2,1,1,1
SF,IC2009,2020-04-14 09:32:37.700,4927.6000,35686,0,502300440.000,0,-,-,-,-,4927.2000,4927.0000,4926.8000,4926.6000,4926.4000,4928.2000,4928.4000,4928.8000,4929.0000,4929.6000,1,1,1,1,1,1,2,1,1,1
SF,IC2009,2020-04-14 09:32:38.200,4927.2000,35685,-1,503285880.000,1,0,1,双平,S,4926.6000,4926.4000,4925.8000,4925.6000,4925.2000,4928.2000,4928.4000,4928.8000,4929.0000,4929.6000,1,1,1,1,2,1,2,1,1,1
SF,IC2009,2020-04-14 09:32:38.700,4927.2000,35685,0,503285880.000,0,-,-,-,-,4926.8000,4926.6000,4926.4000,4925.8000,4925.6000,4928.0000,4928.2000,4928.4000,4928.8000,4929.0000,1,1,1,1,1,1,1,2,1,1
SF,IC2009,2020-04-14 09:32:39.200,4927.2000,35685,0,503285880.000,0,-,-,-,-,4926.8000,4926.6000,4926.4000,4925.6000,4925.2000,4928.2000,4928.4000,4928.8000,4929.0000,4929.6000,1,1,1,1,2,1,2,1,1,1
SF,IC2009,2020-04-14 09:32:39.700,4927.2000,35685,0,503285880.000,0,-,-,-,-,4926.8000,4926.6000,4926.4000,4925.6000,4925.2000,4928.0000,4928.2000,4928.4000,4928.8000,4929.0000,1,1,1,1,2,1,1,2,1,1
SF,IC2009,2020-04-14 09:32:40.200,4928.0000,35685,0,504271480.000,1,0,1,多换,S,4926.8000,4926.6000,4926.4000,4925.6000,4925.2000,4928.2000,4928.4000,4928.8000,4929.0000,4929.6000,1,1,1,1,2,1,2,1,1,1
SF,IC2009,2020-04-14 09:32:40.700,4928.0000,35685,0,504271480.000,0,-,-,-,-,4926.8000,4926.6000,4926.4000,4925.6000,4925.2000,4928.2000,4928.4000,4928.8000,4929.0000,4929.6000,1,1,1,1,2,1,2,1,1,1
SF,IC2009,2020-04-14 09:32:41.200,4928.0000,35685,0,504271480.000,0,-,-,-,-,4927.0000,4926.8000,4926.6000,4926.4000,4925.6000,4928.2000,4928.4000,4928.8000,4929.0000,4929.6000,1,1,1,1,1,2,2,1,1,1
SF,IC2009,2020-04-14 09:32:41.700,4928.0000,35685,0,504271480.000,0,-,-,-,-,4927.0000,4926.8000,4926.6000,4926.4000,4925.6000,4928.2000,4928.4000,4928.8000,4929.0000,4929.6000,2,2,1,1,1,2,2,1,1,1
SF,IC2009,2020-04-14 09:32:42.200,4928.0000,35685,0,504271480.000,0,-,-,-,-,4927.2000,4927.0000,4926.8000,4926.6000,4926.4000,4928.2000,4928.4000,4928.8000,4929.0000,4929.6000,2,1,2,1,1,3,2,1,1,1
SF,IC2009,2020-04-14 09:32:43.200,4928.0000,35685,0,504271480.000,0,-,-,-,-,4927.2000,4927.0000,4926.8000,4926.6000,4926.4000,4928.2000,4928.4000,4928.8000,4929.0000,4929.6000,2,1,2,1,1,3,2,1,1,1
SF,IC2009,2020-04-14 09:32:43.700,4928.2000,35681,-4,509199760.000,5,0,5,多平,S,4927.2000,4927.0000,4926.8000,4926.6000,4926.4000,4929.0000,4929.6000,4929.8000,4930.0000,4930.2000,2,1,2,1,1,1,1,2,5,1
SF,IC2009,2020-04-14 09:32:44.200,4928.2000,35681,0,509199760.000,0,-,-,-,-,4927.4000,4927.2000,4926.8000,4926.4000,4925.6000,4929.0000,4929.6000,4929.8000,4930.0000,4930.2000,2,2,2,1,1,1,1,2,5,1
SF,IC2009,2020-04-14 09:32:45.200,4929.0000,35680,-1,510185560.000,1,0,1,双平,S,4929.0000,4927.6000,4927.4000,4927.2000,4926.8000,4929.6000,4929.8000,4930.0000,4930.2000,4930.8000,1,1,2,2,2,1,2,5,1,1
SF,IC2009,2020-04-14 09:32:45.700,4929.0000,35679,-1,511171360.000,1,0,1,双平,S,4927.6000,4927.4000,4927.2000,4926.8000,4926.4000,4929.0000,4929.4000,4929.6000,4929.8000,4930.0000,1,1,2,1,1,3,1,1,2,5
SF,IC2009,2020-04-14 09:32:46.200,4929.0000,35679,0,511171360.000,0,-,-,-,-,4927.8000,4926.8000,4926.4000,4925.6000,4925.2000,4929.0000,4929.6000,4929.8000,4930.0000,4930.2000,1,1,1,1,2,1,1,2,6,2
SF,IC2009,2020-04-14 09:32:46.700,4929.0000,35679,0,511171360.000,0,-,-,-,-,4926.8000,4926.4000,4925.6000,4925.2000,4925.0000,4929.0000,4929.6000,4929.8000,4930.0000,4930.2000,1,1,1,2,2,1,1,2,6,2
SF,IC2009,2020-04-14 09:32:47.200,4929.0000,35679,0,511171360.000,0,-,-,-,-,4927.0000,4926.8000,4926.4000,4925.6000,4925.2000,4929.0000,4929.6000,4929.8000,4930.0000,4930.2000,1,1,1,1,2,1,1,2,6,2
SF,IC2009,2020-04-14 09:32:47.700,4929.0000,35679,0,511171360.000,0,-,-,-,-,4927.2000,4927.0000,4926.8000,4926.4000,4925.6000,4929.0000,4929.6000,4929.8000,4930.0000,4930.2000,1,1,1,1,1,1,1,2,6,2
SF,IC2009,2020-04-14 09:32:48.200,4929.0000,35679,0,511171360.000,0,-,-,-,-,4927.0000,4926.8000,4926.4000,4925.6000,4925.2000,4928.8000,4929.0000,4929.6000,4929.8000,4930.0000,1,1,1,1,2,1,1,1,2,6
SF,IC2009,2020-04-14 09:32:48.700,4929.0000,35679,0,511171360.000,0,-,-,-,-,4927.6000,4927.2000,4927.0000,4926.8000,4926.4000,4928.8000,4929.0000,4929.6000,4929.8000,4930.0000,1,1,1,1,1,1,1,1,2,6
SF,IC2009,2020-04-14 09:32:49.200,4929.0000,35679,0,513142960.000,2,1,1,多换,S,4929.0000,4927.6000,4927.2000,4927.0000,4926.8000,4929.6000,4929.8000,4930.0000,4930.2000,4930.8000,1,1,1,1,1,1,2,6,2,1
SF,IC2009,2020-04-14 09:32:49.700,4929.0000,35679,0,514128760.000,1,0,1,多换,S,4927.6000,4927.2000,4927.0000,4926.8000,4926.4000,4929.4000,4929.6000,4929.8000,4930.0000,4930.2000,1,1,1,1,1,2,1,2,6,2
SF,IC2009,2020-04-14 09:32:50.200,4929.0000,35679,0,514128760.000,0,-,-,-,-,4927.8000,4927.6000,4927.2000,4926.8000,4926.4000,4929.6000,4929.8000,4930.0000,4930.2000,4930.8000,2,1,1,1,1,1,2,6,2,1
SF,IC2009,2020-04-14 09:32:50.700,4929.0000,35679,0,514128760.000,0,-,-,-,-,4927.8000,4927.6000,4927.2000,4926.8000,4926.4000,4929.4000,4929.6000,4929.8000,4930.0000,4930.2000,2,1,1,1,1,1,1,2,6,2
SF,IC2009,2020-04-14 09:32:51.200,4929.0000,35679,0,514128760.000,0,-,-,-,-,4927.8000,4927.6000,4926.8000,4926.4000,4925.6000,4929.4000,4929.6000,4929.8000,4930.0000,4930.2000,2,1,1,1,1,1,1,2,6,2
SF,IC2009,2020-04-14 09:32:51.700,4929.0000,35679,0,514128760.000,0,-,-,-,-,4927.8000,4927.6000,4926.8000,4926.4000,4925.6000,4929.2000,4929.4000,4929.6000,4929.8000,4930.0000,1,1,1,1,1,1,1,1,2,6
SF,IC2009,2020-04-14 09:32:52.200,4929.0000,35679,0,516100360.000,2,1,1,多换,S,4926.8000,4926.4000,4925.6000,4925.2000,4925.0000,4927.8000,4929.0000,4929.6000,4929.8000,4930.0000,1,1,1,2,2,1,2,1,2,6
SF,IC2009,2020-04-14 09:32:52.700,4928.0000,35678,-1,517085960.000,1,0,1,双平,S,4926.8000,4926.4000,4925.6000,4925.2000,4925.0000,4927.4000,4927.8000,4928.6000,4929.0000,4929.6000,1,1,1,2,2,1,1,1,1,1
SF,IC2009,2020-04-14 09:32:53.200,4926.8000,35677,-1,518071320.000,1,0,1,双平,S,4926.4000,4925.6000,4925.2000,4925.0000,4923.6000,4927.4000,4927.8000,4928.6000,4929.0000,4929.4000,1,1,2,2,1,1,1,1,2,1
SF,IC2009,2020-04-14 09:32:53.700,4926.8000,35677,0,518071320.000,0,-,-,-,-,4926.4000,4925.6000,4925.2000,4925.0000,4923.6000,4926.8000,4927.4000,4927.8000,4928.6000,4929.0000,1,1,2,2,1,1,1,1,1,2
SF,IC2009,2020-04-14 09:32:54.200,4926.4000,35677,0,519056600.000,1,0,1,多换,S,4925.6000,4925.2000,4925.0000,4923.6000,4923.2000,4927.4000,4927.8000,4928.6000,4929.0000,4929.4000,1,2,2,1,1,1,1,1,2,1
SF,IC2009,2020-04-14 09:32:54.700,4926.4000,35677,0,519056600.000,0,-,-,-,-,4925.6000,4925.2000,4925.0000,4923.6000,4923.2000,4927.2000,4927.4000,4927.8000,4928.6000,4929.0000,1,2,2,1,1,2,1,1,1,2
SF,IC2009,2020-04-14 09:32:55.700,4925.6000,35677,0,520041720.000,1,0,1,多换,S,4925.2000,4925.0000,4923.6000,4923.2000,4923.0000,4927.2000,4927.4000,4927.8000,4928.6000,4929.0000,2,2,1,1,1,2,1,1,1,2
SF,IC2009,2020-04-14 09:32:56.200,4925.6000,35677,0,520041720.000,0,-,-,-,-,4925.4000,4925.2000,4925.0000,4923.6000,4923.2000,4925.6000,4927.2000,4927.4000,4927.8000,4928.6000,1,2,2,1,1,1,2,1,1,1
SF,IC2009,2020-04-14 09:32:56.700,4925.6000,35676,-1,521026840.000,1,0,1,双平,S,4926.2000,4925.6000,4925.2000,4925.0000,4923.6000,4927.2000,4927.4000,4927.8000,4928.6000,4929.0000,2,2,2,2,1,1,1,1,1,1
SF,IC2009,2020-04-14 09:32:57.200,4925.6000,35675,-1,522011960.000,1,0,1,双平,S,4926.6000,4926.2000,4925.6000,4925.2000,4925.0000,4927.4000,4927.8000,4928.6000,4929.0000,4929.4000,1,2,1,3,2,1,1,1,1,1
SF,IC2009,2020-04-14 09:32:57.700,4926.6000,35674,-1,522997280.000,1,0,1,双平,S,4926.2000,4925.6000,4925.2000,4925.0000,4923.6000,4926.6000,4927.4000,4927.8000,4928.6000,4929.0000,2,1,3,2,1,2,1,1,1,1
SF,IC2009,2020-04-14 09:32:58.200,4926.6000,35672,-2,524967840.000,2,0,2,双平,S,4925.6000,4925.2000,4925.0000,4923.6000,4923.2000,4926.6000,4927.4000,4927.8000,4928.6000,4929.0000,1,3,2,1,1,1,1,1,1,1
SF,IC2009,2020-04-14 09:32:58.700,4925.2000,35672,0,525952880.000,1,0,1,多换,S,4925.6000,4925.4000,4925.2000,4925.0000,4923.6000,4926.6000,4927.4000,4927.8000,4928.6000,4929.0000,2,1,2,2,1,1,1,1,1,1
SF,IC2009,2020-04-14 09:32:59.200,4925.2000,35672,0,525952880.000,0,-,-,-,-,4925.6000,4925.2000,4925.0000,4923.6000,4923.2000,4927.4000,4927.8000,4928.6000,4929.0000,4929.4000,2,2,2,1,1,1,1,1,1,1
SF,IC2009,2020-04-14 09:32:59.700,4925.2000,35672,0,525952880.000,0,-,-,-,-,4925.6000,4925.2000,4925.0000,4923.6000,4923.2000,4927.0000,4927.2000,4927.4000,4927.8000,4928.6000,2,2,2,1,1,1,2,1,1,1
SF,IC2009,2020-04-14 09:33:00.200,4925.2000,35672,0,525952880.000,0,-,-,-,-,4925.6000,4925.2000,4925.0000,4923.6000,4923.2000,4926.6000,4926.8000,4927.4000,4927.8000,4928.6000,2,2,2,1,1,1,2,1,1,1
SF,IC2009,2020-04-14 09:33:00.700,4926.6000,35673,1,529893720.000,4,2,2,空开,S,4925.2000,4925.0000,4923.6000,4923.2000,4923.0000,4926.6000,4926.8000,4927.4000,4927.8000,4928.6000,1,2,1,1,1,2,1,1,1,1
SF,IC2009,2020-04-14 09:33:01.200,4926.6000,35673,0,529893720.000,0,-,-,-,-,4925.2000,4925.0000,4923.6000,4923.2000,4923.0000,4926.4000,4926.6000,4927.4000,4927.8000,4928.6000,1,2,1,1,1,1,1,1,1,1
SF,IC2009,2020-04-14 09:33:01.700,4926.6000,35673,0,529893720.000,0,-,-,-,-,4925.2000,4925.0000,4923.6000,4923.0000,4922.8000,4926.4000,4926.6000,4927.4000,4927.8000,4928.6000,1,2,1,1,1,1,1,1,1,1
SF,IC2009,2020-04-14 09:33:02.700,4926.6000,35673,0,529893720.000,0,-,-,-,-,4925.4000,4925.2000,4925.0000,4923.6000,4923.0000,4926.4000,4926.6000,4927.4000,4927.8000,4928.6000,1,1,2,1,1,1,1,1,1,1
SF,IC2009,2020-04-14 09:33:03.200,4926.6000,35673,0,529893720.000,0,-,-,-,-,4925.2000,4925.0000,4923.6000,4923.0000,4922.8000,4926.4000,4926.6000,4927.4000,4927.8000,4928.6000,1,2,1,1,1,1,1,1,1,1
SF,IC2009,2020-04-14 09:33:03.700,4926.6000,35673,0,529893720.000,0,-,-,-,-,4925.2000,4925.0000,4923.6000,4923.0000,4922.8000,4926.4000,4926.6000,4927.4000,4927.8000,4928.6000,1,2,1,1,1,1,1,1,1,1
SF,IC2009,2020-04-14 09:33:04.200,4926.6000,35673,0,529893720.000,0,-,-,-,-,4925.2000,4925.0000,4923.6000,4923.0000,4922.8000,4926.4000,4926.6000,4927.4000,4927.8000,4928.6000,1,2,1,1,1,1,1,1,1,1
SF,IC2009,2020-04-14 09:33:04.700,4926.6000,35673,0,529893720.000,0,-,-,-,-,4925.4000,4925.2000,4925.0000,4923.6000,4923.0000,4926.4000,4926.6000,4927.4000,4927.8000,4928.6000,1,1,2,1,1,1,1,1,1,1
SF,IC2009,2020-04-14 09:33:05.200,4926.6000,35673,0,529893720.000,0,-,-,-,-,4925.6000,4925.2000,4925.0000,4923.6000,4923.0000,4926.6000,4927.4000,4927.8000,4928.6000,4929.0000,1,1,2,1,1,1,1,1,1,1
SF,IC2009,2020-04-14 09:33:05.700,4926.6000,35673,0,529893720.000,0,-,-,-,-,4925.2000,4925.0000,4923.6000,4923.0000,4922.8000,4926.6000,4927.4000,4927.8000,4928.6000,4929.0000,1,2,1,1,1,1,1,1,1,1
SF,IC2009,2020-04-14 09:33:06.200,4926.6000,35673,0,529893720.000,0,-,-,-,-,4925.2000,4925.0000,4923.0000,4922.8000,4922.4000,4926.4000,4926.6000,4927.4000,4927.8000,4928.6000,1,2,1,1,3,1,1,1,1,1
SF,IC2009,2020-04-14 09:33:06.700,4925.2000,35672,-1,530878760.000,1,0,1,双平,S,4925.0000,4923.0000,4922.8000,4922.4000,4920.8000,4926.2000,4926.4000,4926.6000,4927.4000,4927.8000,2,1,1,3,1,1,1,1,1,1
SF,IC2009,2020-04-14 09:33:07.200,4925.0000,35672,0,533833760.000,3,1,2,多换,S,4923.0000,4922.8000,4922.4000,4920.8000,4920.6000,4925.0000,4925.2000,4926.0000,4926.6000,4927.4000,1,1,2,1,3,1,1,1,1,1
SF,IC2009,2020-04-14 09:33:07.700,4925.0000,35672,0,533833760.000,0,-,-,-,-,4923.2000,4923.0000,4922.4000,4920.8000,4920.6000,4925.0000,4925.2000,4925.8000,4926.6000,4928.6000,2,1,2,1,3,1,2,1,1,1
SF,IC2009,2020-04-14 09:33:08.200,4925.0000,35672,0,533833760.000,0,-,-,-,-,4923.2000,4923.0000,4922.4000,4920.8000,4920.6000,4924.6000,4924.8000,4925.0000,4925.2000,4925.8000,1,1,2,1,3,2,1,2,1,1
SF,IC2009,2020-04-14 09:33:08.700,4925.0000,35672,0,533833760.000,0,-,-,-,-,4923.0000,4922.4000,4920.8000,4920.6000,4920.4000,4924.4000,4924.6000,4925.0000,4925.2000,4926.6000,1,2,1,3,2,1,2,2,1,1
SF,IC2009,2020-04-14 09:33:09.200,4925.0000,35672,0,535803760.000,2,1,1,多换,S,4923.0000,4922.4000,4920.8000,4920.6000,4920.4000,4925.0000,4925.2000,4926.6000,4928.6000,4929.4000,1,2,1,3,2,3,1,1,1,1
SF,IC2009,2020-04-14 09:33:09.700,4923.0000,35672,0,536788360.000,1,0,1,多换,S,4922.4000,4920.8000,4920.6000,4920.4000,4920.2000,4924.6000,4924.8000,4925.0000,4925.2000,4926.6000,2,1,3,2,1,2,2,3,1,1
SF,IC2009,2020-04-14 09:33:10.200,4924.6000,35672,0,537773280.000,1,0,1,多换,S,4922.4000,4920.6000,4920.4000,4920.2000,4920.0000,4924.4000,4924.6000,4924.8000,4925.0000,4925.2000,2,3,2,1,2,1,1,4,2,1
SF,IC2009,2020-04-14 09:33:10.700,4924.2000,35671,-1,540727400.000,3,1,2,多平,S,4922.4000,4920.6000,4920.4000,4920.2000,4920.0000,4924.4000,4924.6000,4924.8000,4925.0000,4925.2000,1,3,2,1,2,1,1,4,2,1
SF,IC2009,2020-04-14 09:33:11.200,4924.2000,35671,0,540727400.000,0,-,-,-,-,4922.4000,4920.6000,4920.4000,4920.2000,4920.0000,4924.0000,4924.6000,4924.8000,4925.0000,4925.2000,1,3,2,1,2,1,1,4,2,1
SF,IC2009,2020-04-14 09:33:11.700,4924.2000,35671,0,540727400.000,0,-,-,-,-,4922.4000,4920.6000,4920.4000,4920.2000,4920.0000,4923.4000,4923.8000,4924.6000,4924.8000,4925.0000,1,3,2,1,2,1,1,1,1,2
SF,IC2009,2020-04-14 09:33:12.200,4924.2000,35671,0,540727400.000,0,-,-,-,-,4922.4000,4920.6000,4920.4000,4920.2000,4920.0000,4923.4000,4923.8000,4924.6000,4924.8000,4925.0000,1,3,2,1,2,1,1,1,1,1
SF,IC2009,2020-04-14 09:33:12.700,4922.4000,35670,-1,541711880.000,1,0,1,双平,S,4920.6000,4920.4000,4920.2000,4920.0000,4919.4000,4922.4000,4923.4000,4924.6000,4924.8000,4925.0000,3,2,1,2,5,1,1,1,1,1
SF,IC2009,2020-04-14 09:33:13.200,4922.4000,35670,0,541711880.000,0,-,-,-,-,4921.0000,4920.8000,4920.6000,4920.4000,4920.2000,4922.4000,4923.4000,4924.6000,4924.8000,4925.0000,2,3,3,2,1,2,1,1,1,1
SF,IC2009,2020-04-14 09:33:13.700,4922.4000,35668,-2,543680840.000,2,0,2,双平,S,4921.2000,4921.0000,4920.8000,4920.6000,4920.4000,4923.4000,4924.6000,4924.8000,4925.0000,4925.2000,2,2,1,3,2,1,1,1,1,1
SF,IC2009,2020-04-14 09:33:14.200,4922.4000,35668,0,543680840.000,0,-,-,-,-,4921.2000,4920.8000,4920.6000,4920.4000,4920.2000,4923.4000,4924.6000,4924.8000,4925.0000,4925.2000,1,1,3,2,1,2,1,1,1,1
SF,IC2009,2020-04-14 09:33:14.700,4921.2000,35667,-1,544665080.000,1,0,1,双平,S,4920.8000,4920.6000,4920.4000,4920.2000,4920.0000,4921.2000,4922.6000,4923.4000,4924.6000,4924.8000,1,3,2,1,2,1,1,1,1,1
SF,IC2009,2020-04-14 09:33:15.200,4921.2000,35665,-2,546633560.000,2,0,2,双平,S,4921.2000,4921.0000,4920.8000,4920.6000,4920.4000,4922.6000,4923.4000,4924.6000,4924.8000,4925.0000,1,1,1,3,2,1,1,1,1,1
SF,IC2009,2020-04-14 09:33:15.700,4921.2000,35665,0,546633560.000,0,-,-,-,-,4921.2000,4920.8000,4920.6000,4920.4000,4920.2000,4922.6000,4923.4000,4924.6000,4924.8000,4925.0000,1,1,3,2,1,2,1,1,1,1
SF,IC2009,2020-04-14 09:33:16.200,4921.2000,35665,0,546633560.000,0,-,-,-,-,4920.6000,4920.4000,4920.2000,4920.0000,4919.4000,4922.6000,4923.4000,4924.6000,4924.8000,4925.0000,3,2,1,2,5,2,1,1,1,1
SF,IC2009,2020-04-14 09:33:16.700,4921.2000,35664,-1,547617800.000,1,0,1,双平,S,4921.2000,4920.8000,4920.6000,4920.4000,4920.2000,4922.0000,4922.6000,4923.4000,4924.6000,4924.8000,3,2,3,2,1,1,1,1,1,1
SF,IC2009,2020-04-14 09:33:17.200,4921.2000,35664,0,547617800.000,0,-,-,-,-,4921.4000,4921.2000,4921.0000,4920.8000,4920.6000,4922.0000,4922.6000,4923.4000,4924.6000,4924.8000,2,3,1,1,3,1,1,1,1,1
SF,IC2009,2020-04-14 09:33:17.700,4921.2000,35664,0,548602040.000,1,0,1,多换,S,4921.2000,4921.0000,4920.8000,4920.6000,4920.4000,4921.4000,4922.0000,4922.6000,4923.4000,4924.6000,3,1,1,3,2,1,2,1,1,1
SF,IC2009,2020-04-14 09:33:18.200,4922.0000,35665,1,550570720.000,2,1,1,空开,S,4921.2000,4920.6000,4920.4000,4920.2000,4920.0000,4922.0000,4922.6000,4923.4000,4924.6000,4924.8000,3,3,2,1,2,1,1,1,1,1
SF,IC2009,2020-04-14 09:33:18.700,4922.0000,35665,0,550570720.000,0,-,-,-,-,4921.4000,4921.2000,4920.6000,4920.4000,4920.2000,4921.6000,4922.0000,4922.6000,4924.6000,4924.8000,2,3,3,2,1,1,1,1,1,1
SF,IC2009,2020-04-14 09:33:19.200,4924.8000,35659,-6,557462560.000,7,0,7,多平,S,4922.0000,4921.6000,4921.4000,4921.2000,4920.6000,4925.0000,4925.2000,4928.6000,4929.0000,4929.4000,1,1,3,3,3,2,1,2,1,1
SF,IC2009,2020-04-14 09:33:19.700,4924.8000,35659,0,557462560.000,0,-,-,-,-,4922.2000,4921.6000,4921.2000,4920.6000,4920.4000,4924.4000,4924.8000,4925.0000,4925.2000,4928.6000,1,1,3,3,2,4,6,2,1,2
SF,IC2009,2020-04-14 09:33:20.200,4924.8000,35659,0,557462560.000,0,-,-,-,-,4922.2000,4921.6000,4921.2000,4920.6000,4920.4000,4922.8000,4924.2000,4924.4000,4924.8000,4925.0000,1,1,3,3,2,1,1,4,5,2
SF,IC2009,2020-04-14 09:33:20.700,4922.8000,35657,-2,559431560.000,2,0,2,双平,S,4921.6000,4921.2000,4920.6000,4920.4000,4920.2000,4924.2000,4924.4000,4924.8000,4925.0000,4925.2000,1,3,3,2,1,1,4,2,2,1
SF,IC2009,2020-04-14 09:33:21.200,4924.4000,35654,-3,562386080.000,3,0,3,双平,S,4921.6000,4921.2000,4920.6000,4920.4000,4920.2000,4924.4000,4924.8000,4925.0000,4925.2000,4928.6000,1,2,3,2,1,3,2,2,1,2
SF,IC2009,2020-04-14 09:33:21.700,4924.4000,35654,0,562386080.000,0,-,-,-,-,4921.8000,4921.6000,4921.2000,4920.6000,4920.4000,4924.2000,4924.4000,4924.8000,4925.0000,4925.2000,1,1,2,3,2,2,1,2,2,1
SF,IC2009,2020-04-14 09:33:22.200,4924.4000,35654,0,562386080.000,0,-,-,-,-,4921.8000,4921.6000,4921.2000,4920.6000,4920.4000,4923.0000,4924.0000,4924.4000,4924.8000,4925.0000,1,1,2,3,2,1,2,2,2,2
SF,IC2009,2020-04-14 09:33:22.700,4924.4000,35654,0,562386080.000,0,-,-,-,-,4922.8000,4922.2000,4922.0000,4921.8000,4921.6000,4923.0000,4924.0000,4924.4000,4924.8000,4925.0000,2,1,1,1,1,1,2,1,2,2
SF,IC2009,2020-04-14 09:33:23.200,4923.0000,35653,-1,563370680.000,1,0,1,双平,S,4923.0000,4922.8000,4922.0000,4921.6000,4921.2000,4924.0000,4924.4000,4924.8000,4925.0000,4925.2000,5,2,1,1,2,2,1,2,2,1
SF,IC2009,2020-04-14 09:33:23.700,4923.0000,35653,0,563370680.000,0,-,-,-,-,4924.0000,4923.2000,4923.0000,4922.8000,4921.6000,4925.0000,4925.2000,4928.6000,4929.0000,4929.4000,1,1,3,2,1,2,1,2,1,1
SF,IC2009,2020-04-14 09:33:24.200,4923.0000,35653,0,563370680.000,0,-,-,-,-,4923.2000,4923.0000,4922.8000,4921.6000,4921.4000,4925.0000,4925.2000,4928.6000,4929.0000,4929.4000,3,1,2,5,1,2,1,2,1,1
SF,IC2009,2020-04-14 09:33:24.700,4923.0000,35653,0,563370680.000,0,-,-,-,-,4923.4000,4923.2000,4923.0000,4922.8000,4921.6000,4925.0000,4925.2000,4928.6000,4929.0000,4929.4000,1,3,1,2,5,2,1,2,1,1
SF,IC2009,2020-04-14 09:33:25.200,4923.0000,35653,0,563370680.000,0,-,-,-,-,4923.6000,4923.2000,4923.0000,4922.8000,4921.6000,4925.0000,4925.2000,4928.6000,4929.0000,4929.4000,1,3,1,2,5,2,1,2,1,1
SF,IC2009,2020-04-14 09:33:25.700,4925.0000,35653,0,564355680.000,1,0,1,多换,S,4923.2000,4923.0000,4922.8000,4921.6000,4921.4000,4925.0000,4925.2000,4928.6000,4929.0000,4929.4000,3,1,2,5,1,1,1,1,1,1
SF,IC2009,2020-04-14 09:33:26.200,4925.0000,35653,0,564355680.000,0,-,-,-,-,4923.4000,4923.2000,4922.8000,4921.6000,4921.4000,4924.8000,4925.0000,4925.2000,4928.6000,4929.0000,1,1,2,5,1,2,1,1,1,1
SF,IC2009,2020-04-14 09:33:26.700,4925.0000,35653,0,564355680.000,0,-,-,-,-,4923.6000,4923.2000,4922.8000,4921.6000,4921.4000,4924.6000,4925.0000,4925.2000,4928.6000,4929.0000,1,1,2,5,1,2,1,1,1,1
SF,IC2009,2020-04-14 09:33:27.200,4925.0000,35653,0,564355680.000,0,-,-,-,-,4923.2000,4922.8000,4921.6000,4921.4000,4921.2000,4924.4000,4925.0000,4925.2000,4928.6000,4929.0000,1,2,5,1,3,2,1,1,1,1
SF,IC2009,2020-04-14 09:33:27.700,4925.0000,35653,0,564355680.000,0,-,-,-,-,4923.4000,4923.2000,4922.8000,4921.6000,4921.4000,4924.4000,4925.0000,4925.2000,4928.6000,4929.0000,1,1,2,5,1,2,1,1,1,1
SF,IC2009,2020-04-14 09:33:28.200,4924.4000,35651,-2,566325440.000,2,0,2,双平,S,4923.6000,4923.4000,4923.2000,4922.8000,4921.6000,4925.0000,4925.2000,4928.6000,4929.0000,4929.4000,1,1,1,2,5,1,1,1,1,1
SF,IC2009,2020-04-14 09:33:28.700,4924.4000,35651,0,566325440.000,0,-,-,-,-,4924.4000,4923.8000,4923.4000,4922.8000,4921.6000,4925.0000,4925.2000,4928.6000,4929.0000,4929.4000,1,2,1,2,5,1,1,1,1,1
SF,IC2009,2020-04-14 09:33:29.200,4925.0000,35650,-1,567310440.000,1,0,1,双平,S,4924.4000,4923.8000,4922.8000,4921.6000,4921.4000,4928.6000,4929.0000,4929.4000,4929.6000,4929.8000,1,1,2,5,1,1,1,1,1,2
SF,IC2009,2020-04-14 09:33:29.700,4925.0000,35650,0,567310440.000,0,-,-,-,-,4924.6000,4924.4000,4922.8000,4921.6000,4921.4000,4926.2000,4927.0000,4927.6000,4928.0000,4928.2000,3,1,2,5,1,1,1,2,3,8
SF,IC2009,2020-04-14 09:33:30.200,4925.0000,35650,0,567310440.000,0,-,-,-,-,4924.6000,4924.4000,4922.8000,4921.6000,4921.4000,4926.2000,4927.0000,4927.6000,4928.0000,4928.2000,1,1,2,5,1,1,1,2,3,8
SF,IC2009,2020-04-14 09:33:30.700,4925.0000,35650,0,567310440.000,0,-,-,-,-,4924.4000,4922.8000,4921.6000,4921.4000,4921.2000,4926.2000,4927.0000,4927.6000,4928.0000,4928.2000,1,2,5,1,3,1,1,2,3,8
SF,IC2009,2020-04-14 09:33:31.200,4925.0000,35650,0,567310440.000,0,-,-,-,-,4924.6000,4924.4000,4922.8000,4921.6000,4921.4000,4926.2000,4927.0000,4927.6000,4928.0000,4928.2000,2,1,2,5,1,1,1,2,3,8
SF,IC2009,2020-04-14 09:33:31.700,4925.0000,35650,0,567310440.000,0,-,-,-,-,4924.8000,4924.6000,4924.4000,4922.8000,4921.6000,4927.0000,4928.0000,4928.2000,4928.4000,4928.6000,2,2,1,3,5,1,3,8,4,1
SF,IC2009,2020-04-14 09:33:32.200,4928.0000,35651,1,570266600.000,3,2,1,空开,S,4924.8000,4924.6000,4924.4000,4922.8000,4921.6000,4928.0000,4928.4000,4928.6000,4929.0000,4929.4000,1,1,1,3,5,1,3,1,1,1
SF,IC2009,2020-04-14 09:33:32.700,4924.6000,35649,-2,573221520.000,3,0,3,多平,S,4924.4000,4922.8000,4921.6000,4921.4000,4921.2000,4926.8000,4927.2000,4927.8000,4928.0000,4928.4000,1,3,5,1,2,1,1,4,2,2
SF,IC2009,2020-04-14 09:33:33.200,4924.6000,35649,0,573221520.000,0,-,-,-,-,4924.4000,4922.8000,4921.6000,4921.4000,4921.2000,4926.6000,4926.8000,4927.2000,4927.8000,4928.0000,1,3,5,1,2,1,1,1,11,4
SF,IC2009,2020-04-14 09:33:33.700,4924.6000,35648,-1,574206440.000,1,0,1,双平,S,4924.6000,4922.8000,4921.6000,4921.4000,4921.2000,4926.6000,4926.8000,4927.2000,4927.8000,4928.0000,1,3,5,1,2,1,1,1,11,4
SF,IC2009,2020-04-14 09:33:34.200,4924.6000,35647,-1,575191360.000,1,0,1,双平,S,4924.8000,4922.8000,4921.6000,4921.4000,4921.2000,4926.4000,4926.6000,4926.8000,4927.2000,4927.8000,1,2,5,1,2,1,2,1,1,11
SF,IC2009,2020-04-14 09:33:34.700,4924.6000,35647,0,576176280.000,1,0,1,多换,S,4922.8000,4921.6000,4921.4000,4921.2000,4920.6000,4926.2000,4926.4000,4926.8000,4927.2000,4927.8000,2,5,1,2,3,1,1,1,1,11
SF,IC2009,2020-04-14 09:33:35.200,4926.0000,35646,-1,577161480.000,1,0,1,双平,S,4923.0000,4922.8000,4921.6000,4921.4000,4921.2000,4926.2000,4926.4000,4926.8000,4927.2000,4927.8000,1,2,5,1,2,9,1,1,1,2
SF,IC2009,2020-04-14 09:33:35.700,4926.0000,35646,0,577161480.000,0,-,-,-,-,4923.0000,4922.8000,4921.6000,4921.4000,4921.2000,4926.2000,4926.4000,4926.8000,4927.2000,4927.8000,2,2,5,1,2,9,1,1,1,2
SF,IC2009,2020-04-14 09:33:36.200,4923.2000,35645,-1,578146120.000,1,0,1,双平,S,4923.0000,4922.8000,4921.6000,4921.4000,4921.2000,4926.2000,4926.4000,4926.8000,4927.2000,4927.8000,2,2,5,1,2,1,1,1,1,2
SF,IC2009,2020-04-14 09:33:36.700,4926.2000,35644,-1,579131360.000,1,0,1,双平,S,4923.2000,4923.0000,4922.8000,4921.6000,4921.4000,4926.4000,4926.8000,4927.2000,4927.8000,4928.0000,1,2,2,5,1,1,1,2,2,4
SF,IC2009,2020-04-14 09:33:37.200,4926.2000,35643,-1,580116600.000,1,0,1,双平,S,4923.4000,4923.2000,4923.0000,4922.8000,4921.6000,4926.8000,4927.2000,4927.8000,4928.0000,4928.4000,2,1,1,2,5,1,2,2,4,2
SF,IC2009,2020-04-14 09:33:37.700,4926.2000,35643,0,580116600.000,0,-,-,-,-,4923.8000,4923.6000,4923.4000,4923.0000,4922.8000,4925.8000,4926.6000,4927.2000,4927.8000,4928.0000,1,2,2,1,2,2,1,2,2,2
SF,IC2009,2020-04-14 09:33:38.200,4926.2000,35643,0,580116600.000,0,-,-,-,-,4924.2000,4924.0000,4923.8000,4923.6000,4923.4000,4925.8000,4926.6000,4927.2000,4927.8000,4928.0000,2,2,1,2,1,2,1,2,2,1
SF,IC2009,2020-04-14 09:33:38.700,4925.8000,35641,-2,582086920.000,2,0,2,双平,S,4924.4000,4924.0000,4923.8000,4923.6000,4923.4000,4926.2000,4926.6000,4927.2000,4927.8000,4928.4000,1,1,1,2,1,1,1,2,2,2
SF,IC2009,2020-04-14 09:33:39.200,4925.8000,35641,0,582086920.000,0,-,-,-,-,4924.6000,4924.4000,4924.0000,4923.8000,4923.6000,4926.0000,4926.2000,4927.2000,4927.8000,4928.4000,1,4,1,1,2,1,1,2,2,2
SF,IC2009,2020-04-14 09:33:39.700,4925.8000,35641,0,582086920.000,0,-,-,-,-,4924.6000,4924.4000,4924.0000,4923.8000,4923.6000,4926.0000,4926.2000,4927.2000,4927.8000,4928.4000,1,3,1,1,2,1,1,2,2,2
SF,IC2009,2020-04-14 09:33:40.200,4924.8000,35641,0,583071880.000,1,0,1,多换,S,4924.6000,4924.4000,4924.0000,4923.8000,4923.6000,4926.0000,4926.2000,4927.2000,4927.8000,4928.4000,1,3,1,1,2,1,1,2,2,2
SF,IC2009,2020-04-14 09:33:40.700,4924.8000,35641,0,583071880.000,0,-,-,-,-,4924.8000,4924.6000,4924.4000,4924.0000,4923.8000,4926.2000,4927.2000,4927.8000,4928.4000,4928.6000,2,1,2,1,1,1,2,2,2,1
SF,IC2009,2020-04-14 09:33:41.200,4924.8000,35641,0,583071880.000,0,-,-,-,-,4926.0000,4924.8000,4924.6000,4924.4000,4924.0000,4926.2000,4927.2000,4927.8000,4928.4000,4928.6000,1,2,1,2,1,1,2,2,2,1
SF,IC2009,2020-04-14 09:33:41.700,4926.2000,35640,-1,585042320.000,2,0,2,多平,S,4924.8000,4924.4000,4924.0000,4923.8000,4923.6000,4927.2000,4927.8000,4928.4000,4928.6000,4929.0000,2,2,1,1,2,2,2,2,1,2
SF,IC2009,2020-04-14 09:33:42.200,4926.2000,35640,0,585042320.000,0,-,-,-,-,4924.8000,4924.4000,4924.0000,4923.8000,4923.6000,4927.0000,4927.2000,4927.8000,4928.4000,4928.6000,2,2,1,1,2,1,2,2,2,1
SF,IC2009,2020-04-14 09:33:42.700,4926.2000,35640,0,585042320.000,0,-,-,-,-,4925.2000,4924.8000,4924.6000,4924.4000,4924.0000,4927.0000,4927.2000,4927.8000,4928.4000,4928.6000,1,2,2,2,1,1,2,2,2,1
SF,IC2009,2020-04-14 09:33:43.200,4925.4000,35640,0,586027400.000,1,0,1,多换,S,4925.4000,4924.8000,4924.6000,4924.4000,4924.0000,4927.0000,4927.2000,4927.8000,4928.4000,4928.6000,1,1,2,2,1,1,2,1,2,1
SF,IC2009,2020-04-14 09:33:43.700,4925.4000,35640,0,586027400.000,0,-,-,-,-,4925.6000,4925.4000,4924.8000,4924.6000,4924.4000,4927.0000,4927.2000,4927.8000,4928.4000,4928.6000,1,1,1,2,2,1,2,1,1,1
SF,IC2009,2020-04-14 09:33:44.200,4925.4000,35639,-1,587012480.000,1,0,1,双平,S,4925.6000,4924.8000,4924.6000,4924.4000,4924.0000,4926.6000,4927.0000,4927.2000,4927.8000,4928.4000,1,1,2,2,1,1,1,2,1,1
SF,IC2009,2020-04-14 09:33:44.700,4926.6000,35638,-1,587997800.000,1,0,1,双平,S,4925.8000,4924.8000,4924.6000,4924.4000,4924.0000,4927.0000,4927.2000,4927.8000,4928.4000,4928.6000,1,1,2,2,1,1,2,1,1,1
SF,IC2009,2020-04-14 09:33:45.200,4926.6000,35638,0,587997800.000,0,-,-,-,-,4926.6000,4925.8000,4924.8000,4924.6000,4924.4000,4927.0000,4927.2000,4927.8000,4928.4000,4928.6000,1,3,1,4,2,1,2,1,1,1
SF,IC2009,2020-04-14 09:33:45.700,4926.6000,35638,0,587997800.000,0,-,-,-,-,4925.8000,4924.8000,4924.6000,4924.4000,4924.0000,4927.0000,4927.2000,4927.8000,4928.4000,4928.6000,1,1,4,2,1,1,2,1,1,1
SF,IC2009,2020-04-14 09:33:46.200,4926.2000,35635,-3,590953840.000,3,0,3,双平,S,4926.0000,4925.8000,4924.8000,4924.6000,4924.4000,4927.2000,4927.8000,4928.4000,4928.6000,4929.0000,1,1,1,4,2,2,1,1,1,2
SF,IC2009,2020-04-14 09:33:46.700,4927.2000,35634,-1,591939280.000,1,0,1,双平,S,4926.2000,4926.0000,4924.8000,4924.6000,4924.4000,4927.2000,4927.8000,4928.4000,4928.6000,4929.0000,1,1,1,4,2,1,1,1,1,2
SF,IC2009,2020-04-14 09:33:47.200,4927.2000,35633,-1,592924720.000,1,0,1,双平,S,4926.2000,4926.0000,4924.8000,4924.6000,4924.4000,4927.8000,4928.4000,4928.6000,4929.0000,4929.4000,1,1,1,4,2,1,1,1,2,1
SF,IC2009,2020-04-14 09:33:47.700,4926.6000,35631,-2,594895360.000,2,0,2,双平,S,4926.2000,4926.0000,4924.8000,4924.6000,4924.4000,4928.4000,4928.6000,4929.0000,4929.4000,4929.6000,1,1,1,4,2,1,1,2,1,1
SF,IC2009,2020-04-14 09:33:48.200,4926.6000,35631,0,594895360.000,0,-,-,-,-,4926.2000,4926.0000,4924.8000,4924.6000,4924.4000,4928.0000,4928.2000,4928.6000,4929.0000,4929.4000,1,1,1,4,2,1,1,1,2,1
SF,IC2009,2020-04-14 09:33:48.700,4926.6000,35631,0,594895360.000,0,-,-,-,-,4926.6000,4926.2000,4926.0000,4924.8000,4924.6000,4928.0000,4928.6000,4929.0000,4929.4000,4929.6000,1,1,1,1,4,1,1,2,1,1
SF,IC2009,2020-04-14 09:33:49.200,4928.0000,35631,0,595880960.000,1,0,1,多换,S,4927.0000,4926.8000,4926.6000,4924.8000,4924.6000,4928.6000,4929.0000,4929.4000,4929.6000,4929.8000,2,1,1,1,4,1,2,1,1,2
SF,IC2009,2020-04-14 09:33:49.700,4928.0000,35631,0,595880960.000,0,-,-,-,-,4927.0000,4926.8000,4926.6000,4924.8000,4924.6000,4928.6000,4929.0000,4929.4000,4929.6000,4929.8000,2,1,1,1,4,1,2,1,1,2
SF,IC2009,2020-04-14 09:33:50.200,4928.0000,35631,0,595880960.000,0,-,-,-,-,4926.8000,4926.6000,4924.8000,4924.6000,4924.4000,4928.6000,4929.0000,4929.4000,4929.6000,4929.8000,1,1,1,4,2,1,2,1,1,2
SF,IC2009,2020-04-14 09:33:50.700,4928.0000,35631,0,595880960.000,0,-,-,-,-,4927.4000,4927.2000,4926.8000,4926.6000,4924.8000,4928.6000,4929.0000,4929.4000,4929.6000,4929.8000,1,1,1,1,1,1,2,1,1,2
SF,IC2009,2020-04-14 09:33:51.200,4928.0000,35631,0,595880960.000,0,-,-,-,-,4927.4000,4927.2000,4926.8000,4926.6000,4924.8000,4928.6000,4929.0000,4929.4000,4929.6000,4929.8000,1,1,1,1,1,1,2,1,1,2
SF,IC2009,2020-04-14 09:33:51.700,4928.0000,35631,0,595880960.000,0,-,-,-,-,4927.6000,4927.2000,4926.8000,4926.6000,4924.8000,4928.6000,4929.0000,4929.4000,4929.6000,4929.8000,2,1,1,1,1,1,2,1,1,2
SF,IC2009,2020-04-14 09:33:52.200,4928.0000,35631,0,595880960.000,0,-,-,-,-,4926.8000,4924.8000,4924.6000,4924.4000,4924.0000,4928.6000,4929.0000,4929.4000,4929.6000,4929.8000,1,1,4,2,1,1,2,1,1,2
SF,IC2009,2020-04-14 09:33:52.700,4928.6000,35631,0,596866680.000,1,0,1,多换,S,4928.6000,4926.8000,4924.8000,4924.6000,4924.4000,4929.0000,4929.4000,4929.6000,4929.8000,4930.0000,1,1,1,4,2,2,1,1,2,5
SF,IC2009,2020-04-14 09:33:53.200,4928.6000,35631,0,597852400.000,1,0,1,多换,S,4924.8000,4924.6000,4924.4000,4924.0000,4923.4000,4928.6000,4929.0000,4929.4000,4929.6000,4929.8000,1,4,2,1,1,3,2,1,1,2
SF,IC2009,2020-04-14 09:33:53.700,4928.6000,35631,0,597852400.000,0,-,-,-,-,4925.2000,4925.0000,4924.8000,4924.6000,4924.4000,4928.6000,4929.0000,4929.4000,4929.6000,4929.8000,1,2,4,4,2,1,2,1,1,2
SF,IC2009,2020-04-14 09:33:54.200,4928.6000,35631,0,597852400.000,0,-,-,-,-,4925.4000,4925.2000,4925.0000,4924.8000,4924.6000,4928.6000,4929.0000,4929.4000,4929.6000,4929.8000,2,1,1,4,4,1,3,1,1,2
SF,IC2009,2020-04-14 09:33:54.700,4928.6000,35631,0,598838120.000,1,0,1,多换,S,4928.6000,4925.8000,4925.4000,4925.2000,4924.8000,4929.0000,4929.4000,4929.6000,4929.8000,4930.0000,1,1,2,1,4,3,1,1,2,5
SF,IC2009,2020-04-14 09:33:55.200,4928.6000,35631,0,599823840.000,1,0,1,多换,S,4925.8000,4925.4000,4925.2000,4924.8000,4924.6000,4928.6000,4929.0000,4929.4000,4929.6000,4929.8000,2,2,1,4,4,1,3,1,1,2
SF,IC2009,2020-04-14 09:33:55.700,4929.0000,35631,0,601795360.000,2,1,1,多换,S,4926.4000,4926.0000,4925.8000,4925.2000,4924.8000,4929.0000,4929.4000,4929.6000,4929.8000,4930.0000,2,3,2,1,4,2,1,1,2,5
SF,IC2009,2020-04-14 09:33:56.200,4929.0000,35631,0,601795360.000,0,-,-,-,-,4926.8000,4926.6000,4926.4000,4926.2000,4926.0000,4929.0000,4929.4000,4929.6000,4929.8000,4930.0000,1,2,2,1,1,2,1,1,2,5
SF,IC2009,2020-04-14 09:33:56.700,4929.0000,35631,0,601795360.000,0,-,-,-,-,4927.0000,4926.8000,4926.6000,4926.4000,4926.2000,4928.6000,4929.0000,4929.4000,4929.6000,4929.8000,1,1,1,1,1,1,2,1,1,2
SF,IC2009,2020-04-14 09:33:57.200,4929.0000,35631,0,601795360.000,0,-,-,-,-,4927.4000,4927.2000,4927.0000,4926.8000,4926.0000,4928.6000,4929.0000,4929.4000,4929.6000,4929.8000,2,1,1,1,1,3,2,1,1,2
SF,IC2009,2020-04-14 09:33:57.700,4929.0000,35631,0,603766960.000,2,1,1,多换,S,4927.6000,4927.4000,4927.2000,4926.8000,4926.0000,4928.6000,4928.8000,4929.0000,4929.4000,4929.6000,1,2,1,1,1,1,1,2,1,1
SF,IC2009,2020-04-14 09:33:58.200,4928.6000,35630,-1,604752680.000,1,0,1,双平,S,4928.6000,4927.6000,4927.4000,4926.8000,4926.0000,4928.8000,4929.0000,4929.4000,4929.6000,4929.8000,1,1,2,1,1,1,2,1,1,2
SF,IC2009,2020-04-14 09:33:58.700,4928.6000,35628,-2,607709960.000,3,0,3,多平,S,4927.8000,4927.6000,4927.4000,4926.0000,4924.8000,4929.0000,4929.4000,4929.6000,4929.8000,4930.0000,1,1,1,1,3,1,1,1,2,5
SF,IC2009,2020-04-14 09:33:59.200,4928.6000,35628,0,607709960.000,0,-,-,-,-,4928.4000,4927.6000,4927.4000,4926.0000,4924.8000,4929.0000,4929.4000,4929.6000,4929.8000,4930.0000,1,1,1,1,3,1,1,1,2,5
SF,IC2009,2020-04-14 09:33:59.700,4929.0000,35628,0,609681520.000,2,1,1,多换,S,4928.8000,4928.4000,4927.4000,4926.0000,4924.8000,4929.0000,4929.4000,4929.6000,4929.8000,4930.0000,2,1,1,1,3,1,1,1,2,5
SF,IC2009,2020-04-14 09:34:00.200,4928.6000,35626,-2,613624440.000,4,1,3,多平,S,4927.4000,4926.0000,4924.8000,4924.6000,4924.4000,4928.8000,4929.0000,4929.4000,4929.6000,4929.8000,1,1,3,4,2,2,1,1,1,2
SF,IC2009,2020-04-14 09:34:00.700,4928.8000,35626,0,615595960.000,2,1,1,多换,S,4927.6000,4927.4000,4926.0000,4924.8000,4924.6000,4929.0000,4929.4000,4929.6000,4929.8000,4930.0000,1,1,1,3,4,1,1,1,2,5
SF,IC2009,2020-04-14 09:34:01.200,4928.8000,35626,0,615595960.000,0,-,-,-,-,4927.8000,4927.6000,4927.4000,4926.0000,4924.8000,4929.0000,4929.4000,4929.6000,4929.8000,4930.0000,1,1,1,1,3,1,1,1,2,5
SF,IC2009,2020-04-14 09:34:01.700,4927.4000,35625,-1,616581440.000,1,0,1,双平,S,4926.0000,4924.8000,4924.6000,4924.4000,4923.6000,4927.8000,4929.0000,4929.4000,4929.6000,4929.8000,1,3,4,2,1,1,1,1,1,2
SF,IC2009,2020-04-14 09:34:02.200,4927.8000,35624,-1,617567000.000,1,0,1,双平,S,4927.8000,4926.4000,4926.2000,4926.0000,4924.8000,4929.0000,4929.4000,4929.6000,4929.8000,4930.0000,2,2,2,1,3,1,1,1,2,6
SF,IC2009,2020-04-14 09:34:02.700,4927.8000,35624,0,617567000.000,0,-,-,-,-,4926.2000,4926.0000,4924.8000,4924.6000,4924.4000,4929.0000,4929.4000,4929.6000,4929.8000,4930.0000,1,1,3,4,2,1,1,1,2,6
SF,IC2009,2020-04-14 09:34:03.200,4927.8000,35624,0,617567000.000,0,-,-,-,-,4928.0000,4926.8000,4926.4000,4926.2000,4926.0000,4929.0000,4929.4000,4929.6000,4929.8000,4930.0000,1,1,1,1,1,2,1,1,2,6
SF,IC2009,2020-04-14 09:34:03.700,4929.0000,35624,0,620524360.000,3,1,2,多换,S,4926.2000,4926.0000,4924.8000,4924.6000,4924.4000,4929.4000,4929.6000,4929.8000,4930.0000,4930.2000,1,1,3,4,2,1,1,2,6,2
SF,IC2009,2020-04-14 09:34:04.200,4929.0000,35624,0,620524360.000,0,-,-,-,-,4926.2000,4926.0000,4924.8000,4924.6000,4924.4000,4929.2000,4929.4000,4929.6000,4929.8000,4930.0000,1,1,3,4,2,1,1,1,2,6
SF,IC2009,2020-04-14 09:34:04.700,4929.0000,35624,0,620524360.000,0,-,-,-,-,4926.2000,4926.0000,4924.8000,4924.6000,4924.4000,4929.0000,4929.2000,4929.4000,4929.6000,4929.8000,1,1,3,4,2,1,1,1,1,2
SF,IC2009,2020-04-14 09:34:05.200,4929.0000,35624,0,620524360.000,0,-,-,-,-,4926.2000,4926.0000,4924.8000,4924.6000,4924.4000,4928.8000,4929.0000,4929.4000,4929.6000,4929.8000,1,1,3,4,2,1,1,1,1,2
SF,IC2009,2020-04-14 09:34:05.700,4929.0000,35624,0,621510160.000,1,0,1,多换,S,4926.8000,4926.2000,4926.0000,4924.8000,4924.6000,4929.0000,4929.4000,4929.6000,4929.8000,4930.0000,1,1,1,3,4,1,1,1,2,6
SF,IC2009,2020-04-14 09:34:06.200,4929.0000,35624,0,621510160.000,0,-,-,-,-,4927.0000,4924.8000,4924.6000,4924.4000,4923.6000,4928.8000,4929.0000,4929.4000,4929.6000,4929.8000,1,3,4,2,1,1,1,1,1,2
SF,IC2009,2020-04-14 09:34:06.700,4929.0000,35624,0,621510160.000,0,-,-,-,-,4927.0000,4924.8000,4924.6000,4924.4000,4923.6000,4929.0000,4929.4000,4929.6000,4929.8000,4930.0000,1,3,4,2,1,1,1,1,3,6
SF,IC2009,2020-04-14 09:34:07.200,4929.0000,35624,0,621510160.000,0,-,-,-,-,4927.4000,4927.0000,4924.8000,4924.6000,4924.4000,4929.0000,4929.4000,4929.6000,4929.8000,4930.0000,1,1,3,4,2,1,1,1,4,6
SF,IC2009,2020-04-14 09:34:07.700,4929.0000,35624,0,621510160.000,0,-,-,-,-,4927.6000,4927.4000,4924.8000,4924.6000,4924.4000,4929.0000,4929.4000,4929.6000,4929.8000,4930.0000,1,2,3,4,2,1,1,1,4,6
SF,IC2009,2020-04-14 09:34:08.700,4929.0000,35624,0,621510160.000,0,-,-,-,-,4927.6000,4924.8000,4924.6000,4924.4000,4923.6000,4929.0000,4929.4000,4929.6000,4929.8000,4930.0000,1,3,4,2,1,1,1,1,4,6
SF,IC2009,2020-04-14 09:34:09.200,4929.0000,35624,0,621510160.000,0,-,-,-,-,4924.8000,4924.6000,4923.6000,4923.0000,4922.8000,4927.0000,4928.8000,4929.0000,4929.4000,4929.6000,3,4,1,1,2,1,1,1,1,1
SF,IC2009,2020-04-14 09:34:09.700,4927.0000,35623,-1,622495560.000,1,0,1,双平,S,4927.0000,4925.4000,4925.0000,4924.8000,4924.6000,4929.0000,4929.4000,4929.6000,4929.8000,4930.0000,1,3,2,4,4,1,1,1,4,6
SF,IC2009,2020-04-14 09:34:10.200,4927.0000,35623,0,622495560.000,0,-,-,-,-,4927.0000,4925.4000,4925.0000,4924.8000,4924.6000,4928.8000,4929.0000,4929.4000,4929.6000,4929.8000,1,1,1,3,4,1,1,1,1,4
SF,IC2009,2020-04-14 09:34:10.700,4927.0000,35623,0,622495560.000,0,-,-,-,-,4927.0000,4926.8000,4926.0000,4925.4000,4925.0000,4928.8000,4929.0000,4929.4000,4929.6000,4929.8000,1,2,1,1,1,1,1,1,1,4
SF,IC2009,2020-04-14 09:34:11.200,4927.0000,35623,0,622495560.000,0,-,-,-,-,4927.0000,4926.8000,4926.0000,4925.4000,4925.0000,4928.6000,4928.8000,4929.0000,4929.4000,4929.6000,1,2,1,1,1,1,1,1,1,1
SF,IC2009,2020-04-14 09:34:11.700,4927.0000,35623,0,622495560.000,0,-,-,-,-,4927.0000,4926.8000,4926.0000,4925.4000,4925.0000,4928.4000,4928.6000,4929.0000,4929.4000,4929.6000,1,2,1,1,1,1,1,1,1,1
SF,IC2009,2020-04-14 09:34:12.200,4927.0000,35623,0,622495560.000,0,-,-,-,-,4927.0000,4926.8000,4926.0000,4925.4000,4925.0000,4928.6000,4929.0000,4929.4000,4929.6000,4929.8000,1,2,1,1,1,1,1,1,1,4
SF,IC2009,2020-04-14 09:34:12.700,4927.0000,35623,0,622495560.000,0,-,-,-,-,4927.2000,4927.0000,4926.8000,4926.0000,4925.4000,4928.6000,4929.0000,4929.4000,4929.6000,4929.8000,1,1,2,1,1,1,1,1,1,4
SF,IC2009,2020-04-14 09:34:13.200,4927.0000,35623,0,622495560.000,0,-,-,-,-,4927.4000,4927.2000,4927.0000,4926.8000,4926.0000,4928.6000,4929.0000,4929.4000,4929.6000,4929.8000,1,1,1,2,1,1,1,1,1,4
SF,IC2009,2020-04-14 09:34:13.700,4926.8000,35621,-2,626437200.000,4,1,3,多平,S,4926.0000,4925.4000,4924.8000,4924.6000,4923.6000,4927.4000,4928.4000,4928.6000,4929.0000,4929.4000,1,1,3,4,1,1,2,1,1,1
SF,IC2009,2020-04-14 09:34:14.200,4926.8000,35621,0,626437200.000,0,-,-,-,-,4926.0000,4924.8000,4924.6000,4923.6000,4923.0000,4927.4000,4928.4000,4928.6000,4929.0000,4929.4000,1,3,4,1,1,1,1,1,1,1
SF,IC2009,2020-04-14 09:34:14.700,4926.8000,35621,0,626437200.000,0,-,-,-,-,4926.0000,4924.6000,4923.6000,4923.0000,4922.8000,4928.4000,4928.6000,4929.0000,4929.4000,4929.6000,1,4,1,1,2,1,1,2,1,1
SF,IC2009,2020-04-14 09:34:15.200,4926.8000,35621,0,626437200.000,0,-,-,-,-,4927.4000,4926.0000,4924.6000,4923.6000,4923.0000,4928.0000,4928.2000,4928.4000,4928.6000,4929.0000,2,1,4,1,1,1,1,1,1,2
