市场代码,合约代码,时间,最新,持仓,增仓,成交额,成交量,开仓,平仓,成交类型,方向,买一价,买二价,买三价,买四价,买五价,卖一价,卖二价,卖三价,卖四价,卖五价,买一量,买二量,买三量,买四量,买五量,卖一量,卖二量,卖三量,卖四量,卖五量
SF,IC2012,2020-06-17 09:29:00.200,5278.6000,26543,0,20058680.000,19.000,-,-,-,-,5270.0000,5263.8000,5263.4000,5260.0000,5257.4000,5278.8000,5279.4000,5280.0000,5284.0000,5293.0000,2,1,1,1,1,6,1,2,1,1
SF,IC2012,2020-06-17 09:30:00.200,5269.8000,26545,2,24274640.000,4,3,1,空开,S,5263.8000,5263.4000,5260.0000,5257.4000,5256.4000,5265.0000,5268.2000,5268.8000,5269.0000,5269.4000,1,1,1,1,1,2,1,3,1,3
SF,IC2012,2020-06-17 09:30:00.700,5264.6000,26541,-4,32697240.000,8,2,6,多平,S,5260.0000,5257.4000,5256.4000,5248.0000,5247.8000,5264.6000,5264.8000,5265.0000,5265.6000,5266.8000,1,1,1,1,10,1,2,4,1,1
SF,IC2012,2020-06-17 09:30:01.200,5260.0000,26539,-2,34802040.000,2,0,2,双平,S,5257.4000,5256.4000,5248.0000,5247.8000,5245.2000,5264.4000,5264.6000,5265.0000,5265.6000,5266.8000,1,1,1,10,2,3,2,4,1,1
SF,IC2012,2020-06-17 09:30:01.700,5260.0000,26539,0,34802040.000,0,-,-,-,-,5257.8000,5257.6000,5257.4000,5249.0000,5248.0000,5260.8000,5262.4000,5262.8000,5264.2000,5264.4000,1,2,1,5,1,1,2,1,1,3
SF,IC2012,2020-06-17 09:30:02.200,5260.6000,26538,-1,35854160.000,1,0,1,双平,S,5262.4000,5260.8000,5258.4000,5258.0000,5257.4000,5262.8000,5264.4000,5265.0000,5266.4000,5267.8000,1,1,1,1,1,1,2,3,5,1
SF,IC2012,2020-06-17 09:30:02.700,5258.6000,26536,-2,43220240.000,7,2,5,多平,S,5258.0000,5257.4000,5249.0000,5248.0000,5247.8000,5265.0000,5266.4000,5267.8000,5268.0000,5270.0000,1,1,5,1,10,1,5,1,1,2
SF,IC2012,2020-06-17 09:30:03.200,5258.6000,26536,0,43220240.000,0,-,-,-,-,5258.2000,5258.0000,5257.8000,5257.4000,5249.0000,5264.8000,5265.0000,5266.4000,5268.0000,5270.0000,1,1,1,1,5,1,2,5,1,2
SF,IC2012,2020-06-17 09:30:03.700,5258.6000,26536,0,45323680.000,2,1,1,多换,S,5258.4000,5258.2000,5257.8000,5257.4000,5249.0000,5264.0000,5264.8000,5265.0000,5268.0000,5270.0000,1,1,1,1,5,1,1,2,1,2
SF,IC2012,2020-06-17 09:30:04.200,5258.6000,26533,-3,48480640.000,3,0,3,双平,S,5258.6000,5258.4000,5257.4000,5249.0000,5248.0000,5263.8000,5265.0000,5268.0000,5270.0000,5271.8000,1,2,1,5,1,1,1,1,2,2
SF,IC2012,2020-06-17 09:30:04.700,5258.6000,26533,0,49532360.000,1,0,1,多换,S,5258.8000,5258.6000,5258.4000,5257.4000,5249.0000,5263.8000,5268.0000,5270.0000,5271.8000,5272.2000,1,1,1,1,5,1,1,2,2,5
SF,IC2012,2020-06-17 09:30:05.200,5258.6000,26533,0,49532360.000,0,-,-,-,-,5258.8000,5258.6000,5258.4000,5257.4000,5249.0000,5263.8000,5268.0000,5270.0000,5271.8000,5272.2000,1,1,1,1,5,1,1,2,2,5
SF,IC2012,2020-06-17 09:30:05.700,5258.6000,26533,0,49532360.000,0,-,-,-,-,5259.2000,5259.0000,5258.8000,5258.4000,5257.4000,5263.6000,5263.8000,5268.0000,5270.0000,5271.8000,1,1,2,1,1,1,1,1,2,2
SF,IC2012,2020-06-17 09:30:06.200,5263.4000,26532,-1,50585040.000,1,0,1,双平,S,5259.4000,5259.2000,5259.0000,5258.4000,5257.4000,5263.6000,5268.0000,5270.0000,5271.8000,5272.2000,2,1,1,1,1,1,1,5,2,5
SF,IC2012,2020-06-17 09:30:06.700,5263.4000,26532,0,50585040.000,0,-,-,-,-,5259.4000,5259.2000,5259.0000,5258.4000,5257.4000,5262.4000,5268.0000,5270.0000,5271.8000,5272.2000,2,1,1,1,1,2,1,5,2,5
SF,IC2012,2020-06-17 09:30:07.200,5259.6000,26532,0,51636960.000,1,0,1,多换,S,5259.4000,5259.0000,5257.4000,5249.0000,5248.0000,5262.2000,5263.4000,5268.0000,5270.0000,5271.8000,1,1,1,5,1,1,1,1,5,2
SF,IC2012,2020-06-17 09:30:07.700,5259.6000,26532,0,51636960.000,0,-,-,-,-,5259.4000,5259.0000,5257.4000,5249.0000,5248.0000,5262.2000,5268.0000,5270.0000,5271.8000,5272.2000,1,1,1,5,1,2,1,5,2,5
SF,IC2012,2020-06-17 09:30:08.200,5262.2000,26530,-2,53741840.000,2,0,2,双平,S,5259.6000,5259.0000,5257.4000,5249.0000,5248.0000,5262.4000,5270.0000,5271.8000,5272.2000,5275.0000,1,1,1,5,1,2,5,2,5,13
SF,IC2012,2020-06-17 09:30:08.700,5259.8000,26529,-1,54793800.000,1,0,1,双平,S,5259.6000,5259.0000,5257.4000,5249.0000,5248.0000,5262.0000,5262.2000,5262.4000,5270.0000,5271.8000,1,1,1,5,1,1,1,2,5,2
SF,IC2012,2020-06-17 09:30:09.200,5259.6000,26529,0,55845720.000,1,0,1,多换,S,5257.4000,5249.0000,5248.0000,5247.8000,5242.8000,5259.4000,5259.6000,5261.8000,5262.0000,5262.4000,1,5,1,9,1,1,1,1,1,2
SF,IC2012,2020-06-17 09:30:09.700,5257.6000,26527,-2,57949120.000,2,0,2,双平,S,5257.6000,5257.4000,5249.0000,5248.0000,5247.8000,5259.6000,5260.8000,5261.8000,5262.4000,5270.0000,2,1,5,1,9,1,1,1,2,5
SF,IC2012,2020-06-17 09:30:10.200,5257.6000,26527,0,57949120.000,0,-,-,-,-,5257.6000,5257.4000,5249.0000,5248.0000,5247.8000,5259.2000,5259.4000,5259.6000,5260.8000,5262.4000,2,1,5,1,9,1,1,2,1,2
SF,IC2012,2020-06-17 09:30:10.700,5259.6000,26529,2,60052960.000,2,2,0,双开,S,5257.6000,5257.4000,5249.0000,5248.0000,5247.8000,5260.8000,5262.4000,5270.0000,5271.8000,5272.2000,1,1,5,1,9,1,2,5,2,5
SF,IC2012,2020-06-17 09:30:11.200,5259.6000,26529,0,60052960.000,0,-,-,-,-,5257.8000,5257.6000,5257.4000,5249.0000,5248.0000,5259.4000,5259.6000,5260.6000,5260.8000,5262.4000,1,2,1,5,1,6,1,2,1,2
SF,IC2012,2020-06-17 09:30:11.700,5259.6000,26529,0,60052960.000,0,-,-,-,-,5258.0000,5257.8000,5257.4000,5249.0000,5248.0000,5259.4000,5259.6000,5260.6000,5260.8000,5262.4000,1,1,1,5,1,6,1,1,1,2
SF,IC2012,2020-06-17 09:30:12.200,5257.4000,26527,-2,63207600.000,3,0,3,多平,S,5249.0000,5248.0000,5247.8000,5242.8000,5241.2000,5259.2000,5259.4000,5259.6000,5260.6000,5260.8000,5,1,9,1,1,3,6,1,1,1
SF,IC2012,2020-06-17 09:30:12.700,5257.4000,26527,0,63207600.000,0,-,-,-,-,5254.6000,5254.4000,5254.2000,5253.6000,5253.2000,5258.0000,5259.0000,5259.2000,5259.4000,5259.6000,1,1,3,1,1,1,1,3,6,1
SF,IC2012,2020-06-17 09:30:13.200,5257.4000,26527,0,63207600.000,0,-,-,-,-,5254.8000,5254.6000,5254.4000,5254.2000,5253.6000,5257.8000,5258.0000,5259.2000,5259.4000,5259.6000,1,1,1,1,1,2,1,1,6,2
SF,IC2012,2020-06-17 09:30:13.700,5257.8000,26526,-1,66361680.000,3,1,2,多平,S,5255.0000,5254.4000,5253.2000,5249.4000,5249.2000,5257.8000,5258.0000,5259.2000,5259.4000,5259.6000,1,1,1,2,3,1,2,1,6,2
SF,IC2012,2020-06-17 09:30:14.200,5257.8000,26525,-1,67413240.000,1,0,1,双平,S,5255.2000,5255.0000,5254.4000,5253.2000,5249.4000,5257.8000,5258.0000,5259.4000,5259.6000,5270.0000,1,2,1,1,2,1,2,6,1,5
SF,IC2012,2020-06-17 09:30:14.700,5257.8000,26525,0,67413240.000,0,-,-,-,-,5255.4000,5255.2000,5255.0000,5254.4000,5253.2000,5257.6000,5258.0000,5259.4000,5259.6000,5270.0000,1,1,1,1,1,1,2,6,1,5
SF,IC2012,2020-06-17 09:30:15.200,5257.8000,26525,0,67413240.000,0,-,-,-,-,5255.6000,5255.4000,5255.0000,5254.4000,5253.2000,5257.6000,5258.0000,5259.4000,5259.6000,5260.2000,1,1,1,1,1,2,2,6,1,3
SF,IC2012,2020-06-17 09:30:15.700,5255.4000,26523,-2,69515440.000,2,0,2,双平,S,5255.0000,5254.4000,5253.2000,5249.4000,5249.2000,5257.6000,5258.0000,5259.4000,5259.6000,5260.2000,1,1,1,2,3,2,2,6,1,3
SF,IC2012,2020-06-17 09:30:16.200,5255.0000,26520,-3,72668480.000,3,0,3,双平,S,5254.4000,5253.2000,5249.4000,5249.2000,5248.0000,5254.8000,5255.6000,5257.4000,5257.6000,5258.0000,1,1,2,3,1,2,1,1,1,2
SF,IC2012,2020-06-17 09:30:16.700,5254.8000,26519,-1,73719440.000,1,0,1,双平,S,5249.4000,5249.2000,5248.0000,5247.8000,5243.2000,5254.8000,5255.0000,5255.6000,5257.4000,5257.6000,2,3,1,9,5,1,1,1,2,1
SF,IC2012,2020-06-17 09:30:17.200,5254.8000,26518,-1,74770400.000,1,0,1,双平,S,5252.6000,5252.0000,5251.2000,5250.0000,5249.6000,5254.8000,5255.0000,5255.6000,5257.4000,5257.6000,2,2,2,1,4,1,1,1,1,1
SF,IC2012,2020-06-17 09:30:17.700,5254.8000,26518,0,74770400.000,0,-,-,-,-,5252.8000,5251.2000,5250.4000,5250.0000,5249.6000,5254.6000,5254.8000,5255.0000,5255.6000,5257.6000,1,1,1,1,3,1,1,1,1,1
SF,IC2012,2020-06-17 09:30:18.200,5252.8000,26518,0,75820960.000,1,0,1,多换,S,5250.4000,5249.6000,5249.4000,5249.2000,5248.0000,5254.4000,5254.6000,5254.8000,5255.0000,5255.6000,1,3,2,2,1,1,1,1,2,1
SF,IC2012,2020-06-17 09:30:18.700,5252.8000,26518,0,75820960.000,0,-,-,-,-,5251.2000,5250.6000,5250.4000,5249.6000,5249.4000,5254.4000,5254.8000,5255.0000,5255.6000,5258.0000,1,2,1,2,2,1,1,2,1,2
SF,IC2012,2020-06-17 09:30:19.200,5255.0000,26518,0,78973800.000,3,1,2,多换,S,5251.4000,5251.2000,5250.6000,5250.4000,5249.6000,5255.0000,5255.6000,5258.0000,5259.4000,5259.6000,2,1,2,1,2,1,1,2,6,1
SF,IC2012,2020-06-17 09:30:19.700,5255.0000,26518,0,78973800.000,0,-,-,-,-,5251.4000,5250.4000,5249.6000,5249.2000,5248.0000,5254.2000,5254.8000,5255.0000,5255.6000,5258.0000,2,1,2,1,1,1,1,1,1,2
SF,IC2012,2020-06-17 09:30:20.200,5254.2000,26517,-1,80024640.000,1,0,1,双平,S,5251.4000,5249.6000,5249.2000,5248.0000,5247.8000,5254.2000,5255.0000,5255.6000,5258.0000,5259.4000,2,2,1,1,5,1,1,1,2,6
SF,IC2012,2020-06-17 09:30:20.700,5254.2000,26517,0,80024640.000,0,-,-,-,-,5253.0000,5251.4000,5251.2000,5249.6000,5249.2000,5254.0000,5255.0000,5255.6000,5258.0000,5259.4000,2,2,1,2,1,1,1,1,2,6
SF,IC2012,2020-06-17 09:30:21.200,5251.4000,26516,-1,84226720.000,4,1,3,多平,S,5251.4000,5249.6000,5249.2000,5248.0000,5247.8000,5253.0000,5254.0000,5255.0000,5255.6000,5258.0000,1,2,1,1,5,1,2,1,1,2
SF,IC2012,2020-06-17 09:30:21.700,5251.4000,26516,0,84226720.000,0,-,-,-,-,5251.6000,5249.6000,5249.2000,5248.0000,5247.8000,5252.8000,5253.0000,5254.0000,5255.0000,5258.0000,1,2,1,1,5,1,1,1,1,2
SF,IC2012,2020-06-17 09:30:22.200,5251.4000,26516,0,84226720.000,0,-,-,-,-,5249.6000,5249.2000,5248.0000,5247.8000,5243.6000,5251.6000,5252.8000,5253.0000,5255.0000,5258.0000,2,1,1,5,1,2,2,1,1,2
SF,IC2012,2020-06-17 09:30:22.700,5251.4000,26516,0,84226720.000,0,-,-,-,-,5250.6000,5249.8000,5248.0000,5243.6000,5243.2000,5251.6000,5252.8000,5253.0000,5255.0000,5258.0000,2,1,1,1,5,2,1,1,1,2
SF,IC2012,2020-06-17 09:30:23.200,5251.4000,26514,-2,86327280.000,2,0,2,双平,S,5249.8000,5248.0000,5243.8000,5243.6000,5243.2000,5251.6000,5253.0000,5255.0000,5258.0000,5259.4000,1,1,5,1,5,2,1,1,2,6
SF,IC2012,2020-06-17 09:30:23.700,5251.4000,26514,0,86327280.000,0,-,-,-,-,5249.8000,5248.0000,5247.0000,5243.8000,5243.6000,5251.4000,5253.0000,5255.0000,5258.0000,5259.4000,1,1,1,5,1,2,1,1,2,6
SF,IC2012,2020-06-17 09:30:24.200,5251.4000,26514,0,86327280.000,0,-,-,-,-,5249.8000,5248.0000,5247.0000,5243.8000,5243.6000,5251.4000,5253.0000,5255.0000,5258.0000,5259.4000,1,1,1,5,1,2,1,1,2,6
SF,IC2012,2020-06-17 09:30:24.700,5251.4000,26514,0,86327280.000,0,-,-,-,-,5249.8000,5248.0000,5247.0000,5243.8000,5243.6000,5250.6000,5251.4000,5253.0000,5255.0000,5258.0000,1,1,1,5,1,1,1,1,1,2
SF,IC2012,2020-06-17 09:30:25.200,5250.6000,26513,-1,87377400.000,1,0,1,双平,S,5249.8000,5248.0000,5247.0000,5243.8000,5243.6000,5251.4000,5255.0000,5258.0000,5259.4000,5259.6000,1,1,1,5,1,1,1,2,6,1
SF,IC2012,2020-06-17 09:30:25.700,5250.6000,26512,-1,89477760.000,2,0,2,多平,S,5250.6000,5249.8000,5248.0000,5247.0000,5243.8000,5251.4000,5255.0000,5258.0000,5259.4000,5259.6000,1,1,1,1,5,1,1,2,6,1
SF,IC2012,2020-06-17 09:30:26.200,5255.0000,26512,0,91579040.000,2,1,1,多换,S,5250.6000,5250.0000,5249.8000,5248.0000,5247.0000,5258.0000,5259.4000,5259.6000,5260.2000,5270.0000,1,1,1,1,1,2,6,1,3,2
SF,IC2012,2020-06-17 09:30:26.700,5256.0000,26511,-1,92630240.000,1,0,1,双平,S,5251.4000,5250.8000,5250.6000,5250.0000,5248.0000,5257.2000,5257.6000,5257.8000,5258.0000,5259.4000,1,3,1,1,1,2,3,2,3,6
SF,IC2012,2020-06-17 09:30:27.200,5257.2000,26509,-2,94733120.000,2,0,2,双平,S,5251.6000,5251.4000,5251.2000,5250.8000,5250.6000,5257.0000,5257.6000,5257.8000,5258.0000,5259.4000,2,1,1,1,1,1,3,1,3,6
SF,IC2012,2020-06-17 09:30:27.700,5251.6000,26507,-2,97885200.000,3,0,3,多平,S,5251.4000,5251.2000,5250.8000,5250.6000,5248.0000,5257.0000,5257.2000,5257.6000,5257.8000,5258.0000,1,1,1,1,1,1,1,3,1,3
SF,IC2012,2020-06-17 09:30:28.200,5251.6000,26507,0,97885200.000,0,-,-,-,-,5251.6000,5251.4000,5251.2000,5250.8000,5250.6000,5256.4000,5256.6000,5256.8000,5257.0000,5257.2000,2,1,1,1,1,1,1,1,1,1
SF,IC2012,2020-06-17 09:30:28.700,5251.6000,26506,-1,98935520.000,1,0,1,双平,S,5251.6000,5251.4000,5251.2000,5250.6000,5248.0000,5256.2000,5256.4000,5256.6000,5257.2000,5257.6000,2,1,1,1,1,2,1,1,1,1
SF,IC2012,2020-06-17 09:30:29.200,5256.0000,26505,-1,101037040.000,2,0,2,多平,S,5252.2000,5251.6000,5251.4000,5251.2000,5248.0000,5256.2000,5256.6000,5257.2000,5257.6000,5257.8000,1,1,1,1,1,3,1,2,1,1
SF,IC2012,2020-06-17 09:30:29.700,5256.0000,26505,0,101037040.000,0,-,-,-,-,5252.4000,5252.2000,5251.6000,5251.4000,5251.2000,5256.2000,5257.2000,5257.6000,5257.8000,5258.0000,1,1,1,1,1,3,2,1,1,3
SF,IC2012,2020-06-17 09:30:30.200,5256.0000,26505,0,101037040.000,0,-,-,-,-,5252.2000,5251.6000,5251.4000,5251.2000,5248.0000,5256.0000,5256.2000,5257.2000,5257.6000,5257.8000,1,1,1,1,1,1,2,2,1,1
SF,IC2012,2020-06-17 09:30:30.700,5252.4000,26504,-1,102087520.000,1,0,1,双平,S,5252.2000,5251.6000,5251.4000,5251.2000,5248.0000,5255.0000,5255.8000,5256.0000,5257.2000,5257.6000,1,1,1,1,1,1,2,1,2,1
SF,IC2012,2020-06-17 09:30:31.200,5254.8000,26502,-2,104189440.000,2,0,2,双平,S,5252.2000,5251.4000,5251.2000,5248.0000,5247.0000,5254.8000,5255.0000,5256.0000,5257.2000,5257.6000,1,1,1,1,1,2,1,1,2,1
SF,IC2012,2020-06-17 09:30:31.700,5252.4000,26502,0,105239920.000,1,0,1,多换,S,5251.4000,5251.2000,5250.0000,5248.0000,5247.0000,5254.8000,5255.0000,5257.2000,5257.6000,5257.8000,1,1,1,1,1,3,1,2,1,2
SF,IC2012,2020-06-17 09:30:32.200,5252.4000,26502,0,105239920.000,0,-,-,-,-,5251.6000,5251.4000,5251.2000,5250.0000,5248.0000,5252.2000,5254.4000,5254.8000,5257.2000,5257.6000,1,1,1,1,1,1,1,3,2,1
SF,IC2012,2020-06-17 09:30:32.700,5252.4000,26502,0,105239920.000,0,-,-,-,-,5251.4000,5251.2000,5250.0000,5248.0000,5247.0000,5252.2000,5254.4000,5254.6000,5254.8000,5257.2000,1,1,1,1,1,1,1,1,2,2
SF,IC2012,2020-06-17 09:30:33.200,5252.2000,26502,0,106290360.000,1,0,1,多换,S,5251.4000,5251.2000,5250.0000,5248.0000,5247.0000,5254.4000,5254.6000,5254.8000,5257.2000,5257.6000,1,1,1,1,1,1,1,2,2,1
SF,IC2012,2020-06-17 09:30:33.700,5252.2000,26502,0,107340800.000,1,0,1,多换,S,5251.6000,5251.4000,5251.2000,5250.0000,5248.0000,5254.2000,5254.4000,5257.2000,5257.6000,5257.8000,1,1,1,1,1,3,1,2,1,2
SF,IC2012,2020-06-17 09:30:34.200,5251.6000,26501,-1,108391120.000,1,0,1,双平,S,5251.4000,5251.2000,5250.0000,5248.0000,5247.0000,5254.2000,5254.4000,5257.2000,5257.6000,5257.8000,1,1,1,1,1,2,1,2,1,2
SF,IC2012,2020-06-17 09:30:34.700,5251.6000,26501,0,108391120.000,0,-,-,-,-,5251.6000,5251.4000,5251.2000,5250.0000,5248.0000,5254.0000,5254.2000,5254.4000,5257.2000,5257.6000,2,1,1,1,1,1,2,1,2,1
SF,IC2012,2020-06-17 09:30:35.200,5251.6000,26501,0,108391120.000,0,-,-,-,-,5252.0000,5251.6000,5251.4000,5251.2000,5250.0000,5252.2000,5253.8000,5254.0000,5254.2000,5254.4000,1,3,1,1,1,18,1,1,1,1
SF,IC2012,2020-06-17 09:30:35.700,5251.8000,26500,-1,109441480.000,1,0,1,双平,S,5251.6000,5251.4000,5251.2000,5250.0000,5248.2000,5252.2000,5253.8000,5254.2000,5254.4000,5257.2000,3,2,1,1,1,18,1,1,1,2
SF,IC2012,2020-06-17 09:30:36.200,5251.6000,26501,1,110491800.000,1,1,0,双开,S,5251.6000,5251.4000,5251.2000,5250.0000,5248.2000,5252.0000,5252.2000,5253.8000,5254.2000,5254.4000,1,2,1,1,1,3,18,1,1,1
SF,IC2012,2020-06-17 09:30:36.700,5251.6000,26501,0,110491800.000,0,-,-,-,-,5251.6000,5251.4000,5251.2000,5250.0000,5248.2000,5252.0000,5252.2000,5253.8000,5254.2000,5254.4000,1,2,1,1,1,3,18,1,1,1
SF,IC2012,2020-06-17 09:30:37.200,5252.0000,26500,-1,111542200.000,1,0,1,双平,S,5251.6000,5251.4000,5251.2000,5250.0000,5248.2000,5252.0000,5252.2000,5253.8000,5254.2000,5254.4000,1,2,1,1,1,2,18,1,1,1
SF,IC2012,2020-06-17 09:30:37.700,5252.0000,26500,0,111542200.000,0,-,-,-,-,5251.6000,5251.4000,5251.2000,5250.0000,5248.2000,5252.0000,5252.2000,5253.8000,5254.2000,5254.4000,1,2,1,1,1,2,18,1,1,1
SF,IC2012,2020-06-17 09:30:38.200,5251.4000,26499,-1,113642800.000,2,0,2,多平,S,5251.2000,5250.0000,5248.2000,5248.0000,5247.0000,5251.4000,5251.6000,5252.0000,5252.2000,5254.2000,1,1,1,1,1,1,2,2,18,1
SF,IC2012,2020-06-17 09:30:38.700,5251.2000,26498,-1,115743280.000,2,0,2,多平,S,5250.0000,5248.2000,5248.0000,5247.0000,5245.2000,5251.2000,5251.6000,5252.0000,5252.2000,5254.2000,1,1,1,1,1,1,3,2,18,1
SF,IC2012,2020-06-17 09:30:39.200,5251.2000,26498,0,115743280.000,0,-,-,-,-,5250.0000,5248.2000,5248.0000,5247.0000,5245.2000,5251.0000,5251.2000,5251.6000,5252.0000,5252.2000,1,1,1,1,1,1,1,3,2,18
SF,IC2012,2020-06-17 09:30:40.200,5251.2000,26498,0,115743280.000,0,-,-,-,-,5250.0000,5248.0000,5247.0000,5245.2000,5244.4000,5251.0000,5251.2000,5251.6000,5252.0000,5252.2000,1,1,1,1,5,1,1,3,2,18
SF,IC2012,2020-06-17 09:30:40.700,5251.2000,26498,0,115743280.000,0,-,-,-,-,5248.0000,5247.0000,5245.2000,5244.4000,5244.0000,5251.0000,5251.2000,5251.6000,5252.0000,5252.2000,1,1,1,5,4,1,1,3,2,18
SF,IC2012,2020-06-17 09:30:41.200,5251.2000,26498,0,115743280.000,0,-,-,-,-,5248.2000,5248.0000,5247.0000,5245.2000,5244.4000,5250.8000,5251.0000,5251.2000,5251.6000,5252.0000,1,1,1,1,5,1,1,1,3,2
SF,IC2012,2020-06-17 09:30:41.700,5251.2000,26498,0,115743280.000,0,-,-,-,-,5248.8000,5248.2000,5248.0000,5247.0000,5245.2000,5250.6000,5250.8000,5251.2000,5251.6000,5252.2000,1,1,2,1,1,1,1,1,3,18
SF,IC2012,2020-06-17 09:30:42.200,5248.6000,26498,0,116793000.000,1,0,1,多换,S,5248.4000,5248.0000,5247.0000,5245.2000,5244.4000,5250.6000,5251.2000,5251.6000,5252.2000,5255.0000,1,1,1,1,5,1,1,3,18,1
SF,IC2012,2020-06-17 09:30:42.700,5250.0000,26498,0,117843000.000,1,0,1,多换,S,5249.0000,5248.6000,5248.4000,5248.0000,5247.0000,5249.4000,5250.6000,5251.2000,5251.6000,5252.2000,1,2,1,1,1,1,1,1,3,18
SF,IC2012,2020-06-17 09:30:43.200,5249.4000,26496,-2,119942760.000,2,0,2,双平,S,5249.6000,5249.4000,5249.0000,5248.6000,5248.4000,5250.0000,5250.6000,5251.2000,5251.6000,5252.2000,1,1,1,2,1,1,1,1,3,18
SF,IC2012,2020-06-17 09:30:43.700,5248.6000,26494,-2,122042400.000,2,0,2,双平,S,5248.6000,5248.4000,5248.0000,5247.0000,5245.2000,5250.0000,5251.2000,5251.6000,5252.2000,5255.0000,1,1,1,1,1,1,1,3,18,1
SF,IC2012,2020-06-17 09:30:44.200,5248.6000,26494,0,122042400.000,0,-,-,-,-,5248.6000,5248.4000,5248.0000,5247.0000,5245.2000,5249.8000,5250.0000,5251.2000,5251.6000,5252.2000,1,1,1,1,1,1,1,1,3,18
SF,IC2012,2020-06-17 09:30:44.700,5248.6000,26494,0,122042400.000,0,-,-,-,-,5248.8000,5248.6000,5248.4000,5248.0000,5247.0000,5249.8000,5250.0000,5251.2000,5251.6000,5252.2000,1,1,1,1,1,1,1,1,3,18
SF,IC2012,2020-06-17 09:30:45.200,5249.8000,26493,-1,123092360.000,1,0,1,双平,S,5248.8000,5248.6000,5248.0000,5247.0000,5245.2000,5250.0000,5251.2000,5251.6000,5252.2000,5255.0000,2,1,1,1,1,1,1,3,18,1
SF,IC2012,2020-06-17 09:30:45.700,5249.0000,26493,0,125191960.000,2,1,1,多换,S,5248.8000,5248.6000,5248.0000,5247.0000,5245.2000,5249.0000,5249.8000,5250.0000,5251.2000,5251.6000,1,1,1,1,1,16,1,1,1,3
SF,IC2012,2020-06-17 09:30:46.200,5248.8000,26492,-1,126241720.000,1,0,1,双平,S,5248.6000,5248.0000,5247.0000,5245.2000,5244.4000,5249.0000,5249.8000,5250.0000,5251.2000,5251.6000,1,1,1,1,5,16,1,1,1,3
SF,IC2012,2020-06-17 09:30:46.700,5248.8000,26491,-1,128341200.000,2,0,2,多平,S,5248.0000,5247.0000,5245.2000,5244.4000,5243.6000,5248.8000,5249.0000,5250.0000,5251.2000,5251.6000,1,1,1,5,1,1,16,1,1,3
SF,IC2012,2020-06-17 09:30:47.200,5248.8000,26490,-1,129390960.000,1,0,1,双平,S,5248.0000,5245.2000,5244.4000,5243.6000,5243.2000,5249.0000,5250.0000,5251.6000,5255.0000,5257.2000,1,1,5,1,5,16,1,3,1,1
SF,IC2012,2020-06-17 09:30:47.700,5248.0000,26490,0,130440560.000,1,0,1,多换,S,5245.2000,5244.4000,5243.6000,5243.2000,5242.8000,5249.0000,5250.0000,5251.6000,5255.0000,5257.2000,1,5,1,5,1,16,1,3,1,1
SF,IC2012,2020-06-17 09:30:48.200,5248.0000,26490,0,130440560.000,0,-,-,-,-,5248.4000,5245.8000,5245.6000,5245.4000,5245.2000,5248.8000,5249.0000,5250.0000,5251.6000,5255.0000,2,1,2,1,1,2,16,1,3,1
SF,IC2012,2020-06-17 09:30:48.700,5248.0000,26490,0,130440560.000,0,-,-,-,-,5248.4000,5246.4000,5245.8000,5245.6000,5245.4000,5248.6000,5248.8000,5249.0000,5250.0000,5251.6000,2,1,1,2,2,1,1,16,1,3
SF,IC2012,2020-06-17 09:30:49.200,5248.6000,26490,0,131490280.000,1,0,1,多换,S,5248.6000,5246.4000,5245.8000,5245.6000,5245.4000,5248.8000,5249.0000,5250.0000,5251.6000,5255.0000,3,1,2,2,2,1,16,1,3,1
SF,IC2012,2020-06-17 09:30:49.700,5248.6000,26488,-2,147237160.000,15,6,9,多平,S,5248.6000,5247.2000,5246.4000,5245.8000,5245.6000,5249.0000,5250.0000,5251.6000,5255.0000,5257.2000,1,1,1,2,2,3,1,3,1,1
SF,IC2012,2020-06-17 09:30:50.200,5249.0000,26488,0,150386560.000,3,1,2,多换,S,5249.4000,5248.8000,5248.6000,5247.2000,5246.4000,5250.0000,5251.6000,5255.0000,5257.2000,5258.0000,1,3,1,1,1,1,3,1,1,2
SF,IC2012,2020-06-17 09:30:50.700,5249.0000,26488,0,150386560.000,0,-,-,-,-,5248.8000,5248.6000,5247.2000,5246.6000,5246.4000,5250.0000,5251.6000,5255.0000,5257.2000,5258.0000,2,1,1,1,1,1,3,1,1,2
SF,IC2012,2020-06-17 09:30:51.200,5249.0000,26488,0,150386560.000,0,-,-,-,-,5248.8000,5248.6000,5247.2000,5246.6000,5246.4000,5249.4000,5249.8000,5250.0000,5251.6000,5255.0000,2,1,1,1,1,1,1,1,3,1
SF,IC2012,2020-06-17 09:30:51.700,5249.0000,26488,0,150386560.000,0,-,-,-,-,5248.8000,5248.6000,5247.2000,5246.6000,5246.4000,5249.4000,5249.8000,5250.0000,5251.6000,5255.0000,1,2,1,1,1,2,1,1,3,1
SF,IC2012,2020-06-17 09:30:52.200,5249.0000,26488,0,150386560.000,0,-,-,-,-,5249.2000,5248.8000,5248.6000,5247.2000,5246.6000,5249.4000,5249.8000,5250.0000,5251.6000,5255.0000,1,1,2,1,1,2,1,1,3,1
SF,IC2012,2020-06-17 09:30:52.700,5249.4000,26488,0,153536200.000,3,1,2,多换,S,5249.2000,5248.8000,5248.6000,5247.2000,5246.6000,5250.0000,5251.6000,5255.0000,5257.2000,5258.0000,1,1,2,1,1,1,3,1,1,2
SF,IC2012,2020-06-17 09:30:53.200,5249.4000,26488,0,153536200.000,0,-,-,-,-,5248.8000,5248.6000,5247.2000,5246.4000,5245.8000,5250.0000,5251.6000,5255.0000,5257.2000,5258.0000,1,2,1,1,1,1,3,1,1,2
SF,IC2012,2020-06-17 09:30:53.700,5249.4000,26488,0,154586080.000,1,0,1,多换,S,5249.0000,5248.6000,5247.2000,5246.4000,5245.8000,5250.0000,5251.6000,5255.0000,5257.2000,5258.0000,1,2,1,1,1,1,3,1,1,2
SF,IC2012,2020-06-17 09:30:54.200,5249.4000,26488,0,154586080.000,0,-,-,-,-,5249.0000,5248.6000,5247.2000,5246.8000,5246.4000,5250.0000,5251.6000,5255.0000,5257.2000,5258.0000,2,2,1,1,1,1,3,1,1,2
SF,IC2012,2020-06-17 09:30:54.700,5249.2000,26486,-2,156685800.000,2,0,2,双平,S,5249.0000,5248.6000,5247.2000,5246.8000,5246.4000,5250.0000,5251.6000,5255.0000,5257.2000,5258.0000,2,2,1,1,1,1,3,1,1,2
SF,IC2012,2020-06-17 09:30:55.200,5249.2000,26486,0,156685800.000,0,-,-,-,-,5249.0000,5248.6000,5247.2000,5246.8000,5246.4000,5250.0000,5251.6000,5255.0000,5257.2000,5258.0000,1,2,1,1,1,1,3,1,1,2
SF,IC2012,2020-06-17 09:30:55.700,5250.0000,26487,1,157735800.000,1,1,0,双开,S,5249.0000,5248.6000,5247.2000,5246.8000,5246.4000,5251.6000,5255.0000,5257.2000,5258.0000,5259.4000,1,2,1,1,1,3,1,1,2,6
SF,IC2012,2020-06-17 09:30:56.200,5250.0000,26487,0,157735800.000,0,-,-,-,-,5249.0000,5248.6000,5247.2000,5246.8000,5246.4000,5251.4000,5251.6000,5255.0000,5257.2000,5258.0000,1,2,1,1,1,2,3,1,1,2
SF,IC2012,2020-06-17 09:30:56.700,5250.0000,26487,0,157735800.000,0,-,-,-,-,5250.0000,5249.2000,5249.0000,5248.6000,5247.2000,5251.4000,5251.6000,5255.0000,5257.2000,5258.0000,1,1,1,2,1,2,3,1,1,2
SF,IC2012,2020-06-17 09:30:57.200,5250.0000,26487,0,157735800.000,0,-,-,-,-,5250.0000,5249.0000,5248.6000,5247.2000,5246.8000,5251.4000,5251.6000,5255.0000,5257.2000,5258.0000,1,1,2,1,1,1,3,1,1,2
SF,IC2012,2020-06-17 09:30:57.700,5250.0000,26487,0,157735800.000,0,-,-,-,-,5250.2000,5250.0000,5248.6000,5247.2000,5246.8000,5251.6000,5255.0000,5257.2000,5258.0000,5259.4000,1,1,2,1,1,3,1,1,2,6
SF,IC2012,2020-06-17 09:30:58.200,5250.0000,26486,-1,159835800.000,2,0,2,多平,S,5248.6000,5247.2000,5246.8000,5246.4000,5245.8000,5251.2000,5251.4000,5251.6000,5255.0000,5257.2000,2,1,1,1,1,1,1,3,1,1
SF,IC2012,2020-06-17 09:30:58.700,5250.0000,26486,0,159835800.000,0,-,-,-,-,5248.8000,5248.6000,5247.2000,5246.8000,5246.4000,5251.0000,5251.2000,5251.6000,5255.0000,5257.2000,1,2,1,1,1,2,1,3,1,1
SF,IC2012,2020-06-17 09:30:59.200,5250.0000,26486,0,159835800.000,0,-,-,-,-,5248.8000,5248.6000,5247.2000,5246.8000,5246.4000,5251.0000,5251.6000,5255.0000,5257.2000,5258.0000,1,2,1,1,1,2,3,1,1,2
SF,IC2012,2020-06-17 09:30:59.700,5250.0000,26486,0,159835800.000,0,-,-,-,-,5248.8000,5248.6000,5247.2000,5246.8000,5246.4000,5251.0000,5251.6000,5255.0000,5257.2000,5258.0000,1,2,1,1,1,2,2,1,1,2
SF,IC2012,2020-06-17 09:31:00.200,5250.0000,26486,0,159835800.000,0,-,-,-,-,5249.0000,5248.8000,5248.6000,5247.2000,5246.4000,5251.0000,5251.6000,5255.0000,5257.2000,5258.0000,2,1,2,1,1,2,2,1,1,2
SF,IC2012,2020-06-17 09:31:00.700,5249.2000,26484,-2,161935840.000,2,0,2,双平,S,5249.2000,5249.0000,5248.8000,5248.6000,5247.2000,5251.0000,5251.6000,5255.0000,5257.2000,5258.0000,2,2,1,2,1,1,2,1,1,2
SF,IC2012,2020-06-17 09:31:01.200,5249.2000,26484,0,161935840.000,0,-,-,-,-,5249.6000,5249.4000,5249.2000,5249.0000,5248.6000,5251.0000,5251.6000,5255.0000,5257.2000,5258.0000,1,1,2,2,2,1,2,1,1,2
SF,IC2012,2020-06-17 09:31:01.700,5249.2000,26485,1,162985680.000,1,1,0,双开,S,5249.4000,5249.2000,5249.0000,5248.6000,5247.2000,5251.0000,5251.6000,5255.0000,5257.2000,5258.0000,1,2,1,2,1,1,2,1,1,2
SF,IC2012,2020-06-17 09:31:02.200,5251.0000,26485,0,165085720.000,2,1,1,多换,S,5249.2000,5249.0000,5248.6000,5247.2000,5246.4000,5251.6000,5255.0000,5257.2000,5258.0000,5259.4000,3,1,2,1,1,2,1,1,2,6
SF,IC2012,2020-06-17 09:31:02.700,5251.0000,26485,0,165085720.000,0,-,-,-,-,5249.2000,5249.0000,5248.6000,5247.2000,5246.4000,5251.4000,5251.6000,5255.0000,5257.2000,5258.0000,3,1,2,1,1,1,2,1,1,2
SF,IC2012,2020-06-17 09:31:03.200,5251.0000,26485,0,165085720.000,0,-,-,-,-,5249.4000,5249.2000,5249.0000,5248.6000,5247.2000,5251.6000,5255.0000,5257.2000,5258.0000,5259.4000,1,3,1,2,1,2,1,1,2,6
SF,IC2012,2020-06-17 09:31:03.700,5251.6000,26484,-1,167186360.000,2,0,2,多平,S,5251.6000,5249.6000,5249.4000,5249.2000,5249.0000,5255.0000,5257.2000,5258.0000,5259.4000,5260.2000,1,1,1,2,1,1,1,2,6,4
SF,IC2012,2020-06-17 09:31:04.200,5251.6000,26484,0,167186360.000,0,-,-,-,-,5251.6000,5249.6000,5249.2000,5249.0000,5248.6000,5253.6000,5254.8000,5255.0000,5257.2000,5258.0000,1,2,2,1,1,1,2,1,1,2
SF,IC2012,2020-06-17 09:31:04.700,5251.6000,26484,0,167186360.000,0,-,-,-,-,5251.8000,5251.6000,5249.6000,5249.2000,5249.0000,5253.4000,5253.6000,5254.8000,5255.0000,5257.2000,1,1,2,2,1,1,1,1,1,1
SF,IC2012,2020-06-17 09:31:05.200,5251.6000,26484,0,168236680.000,1,0,1,多换,S,5249.6000,5249.2000,5249.0000,5248.6000,5247.2000,5253.4000,5253.6000,5254.8000,5255.0000,5257.2000,2,2,1,1,1,2,1,1,1,1
SF,IC2012,2020-06-17 09:31:05.700,5251.6000,26484,0,168236680.000,0,-,-,-,-,5249.8000,5249.6000,5249.2000,5249.0000,5248.6000,5253.2000,5253.4000,5253.6000,5255.0000,5257.2000,1,2,2,1,1,1,2,1,1,1
SF,IC2012,2020-06-17 09:31:06.200,5251.6000,26484,0,168236680.000,0,-,-,-,-,5249.8000,5249.6000,5249.2000,5249.0000,5248.6000,5253.0000,5253.2000,5253.6000,5255.0000,5257.2000,1,2,2,1,1,1,1,1,1,1
SF,IC2012,2020-06-17 09:31:06.700,5251.6000,26484,0,168236680.000,0,-,-,-,-,5249.8000,5249.2000,5249.0000,5248.6000,5247.2000,5252.8000,5253.0000,5253.6000,5255.0000,5257.2000,2,2,1,1,1,1,1,1,1,1
SF,IC2012,2020-06-17 09:31:07.200,5251.6000,26484,0,168236680.000,0,-,-,-,-,5249.8000,5249.2000,5249.0000,5248.6000,5247.2000,5252.6000,5252.8000,5253.6000,5255.0000,5257.2000,2,2,1,1,1,1,1,1,1,1
SF,IC2012,2020-06-17 09:31:07.700,5252.4000,26483,-1,169287160.000,1,0,1,双平,S,5250.0000,5249.8000,5249.2000,5249.0000,5248.6000,5252.6000,5253.6000,5255.0000,5257.2000,5258.0000,3,2,2,1,1,1,1,1,1,2
SF,IC2012,2020-06-17 09:31:08.200,5252.4000,26483,0,169287160.000,0,-,-,-,-,5250.2000,5250.0000,5249.8000,5249.2000,5249.0000,5253.6000,5255.0000,5257.2000,5258.0000,5259.4000,1,3,1,2,1,1,1,1,2,6
SF,IC2012,2020-06-17 09:31:08.700,5252.4000,26483,0,169287160.000,0,-,-,-,-,5250.4000,5250.2000,5250.0000,5249.8000,5249.2000,5253.4000,5253.6000,5255.0000,5257.2000,5258.0000,1,2,1,1,2,1,1,1,1,2
SF,IC2012,2020-06-17 09:31:09.200,5252.4000,26483,0,169287160.000,0,-,-,-,-,5252.8000,5250.6000,5250.4000,5250.0000,5249.8000,5253.4000,5253.6000,5255.0000,5257.2000,5258.0000,1,1,1,1,1,1,1,1,1,2
SF,IC2012,2020-06-17 09:31:09.700,5252.8000,26483,0,170337720.000,1,0,1,多换,S,5250.6000,5250.4000,5250.0000,5249.8000,5249.2000,5253.2000,5253.4000,5253.6000,5255.0000,5257.2000,1,1,1,1,2,1,1,1,1,1
SF,IC2012,2020-06-17 09:31:10.200,5252.8000,26483,0,170337720.000,0,-,-,-,-,5250.8000,5250.6000,5250.0000,5249.8000,5249.2000,5253.0000,5253.2000,5253.6000,5255.0000,5257.2000,1,1,1,1,2,1,1,1,1,1
SF,IC2012,2020-06-17 09:31:10.700,5252.8000,26483,0,170337720.000,0,-,-,-,-,5251.0000,5250.8000,5250.0000,5249.8000,5249.2000,5253.0000,5253.6000,5255.0000,5257.2000,5258.0000,1,1,1,1,2,1,1,1,1,2
SF,IC2012,2020-06-17 09:31:11.200,5251.0000,26482,-1,171387920.000,1,0,1,双平,S,5250.8000,5250.0000,5249.8000,5249.6000,5249.2000,5253.0000,5253.6000,5255.0000,5257.2000,5258.0000,1,1,1,1,2,1,1,1,1,2
SF,IC2012,2020-06-17 09:31:11.700,5251.0000,26482,0,171387920.000,0,-,-,-,-,5251.0000,5250.8000,5250.0000,5249.8000,5249.6000,5252.8000,5253.0000,5253.6000,5255.0000,5257.2000,1,1,1,1,1,1,1,1,1,1
SF,IC2012,2020-06-17 09:31:12.200,5251.0000,26482,0,171387920.000,0,-,-,-,-,5251.0000,5250.0000,5249.8000,5249.6000,5249.2000,5252.6000,5253.6000,5255.0000,5257.2000,5258.0000,1,1,1,1,2,1,1,1,1,2
SF,IC2012,2020-06-17 09:31:12.700,5251.0000,26482,0,171387920.000,0,-,-,-,-,5251.2000,5251.0000,5250.0000,5249.8000,5249.6000,5252.6000,5253.6000,5255.0000,5257.2000,5258.0000,1,1,1,1,1,1,1,1,1,2
SF,IC2012,2020-06-17 09:31:13.200,5251.0000,26482,0,171387920.000,0,-,-,-,-,5251.2000,5251.0000,5250.0000,5249.6000,5249.2000,5252.6000,5253.6000,5255.0000,5257.2000,5258.0000,1,1,1,1,2,1,1,1,1,2
SF,IC2012,2020-06-17 09:31:13.700,5252.6000,26481,-1,173488920.000,2,0,2,多平,S,5252.6000,5251.2000,5251.0000,5250.0000,5249.6000,5255.0000,5258.0000,5259.0000,5259.4000,5260.2000,1,2,1,1,1,1,2,1,6,4
SF,IC2012,2020-06-17 09:31:14.200,5252.6000,26480,-1,174539440.000,1,0,1,双平,S,5251.2000,5251.0000,5250.0000,5249.6000,5249.2000,5254.8000,5255.0000,5258.0000,5259.0000,5259.4000,2,1,1,1,2,1,1,2,1,6
SF,IC2012,2020-06-17 09:31:14.700,5252.6000,26480,0,174539440.000,0,-,-,-,-,5251.4000,5251.2000,5250.0000,5249.2000,5249.0000,5254.8000,5255.0000,5258.0000,5259.0000,5259.4000,2,1,1,2,1,1,1,2,1,6
SF,IC2012,2020-06-17 09:31:15.200,5252.6000,26480,0,174539440.000,0,-,-,-,-,5251.4000,5251.2000,5250.0000,5249.2000,5249.0000,5254.8000,5255.0000,5258.0000,5259.0000,5259.4000,3,1,1,2,1,1,1,2,1,6
SF,IC2012,2020-06-17 09:31:15.700,5252.6000,26480,0,174539440.000,0,-,-,-,-,5252.6000,5251.8000,5251.6000,5251.4000,5251.2000,5254.8000,5255.0000,5258.0000,5259.0000,5259.4000,9,1,1,3,2,1,1,2,1,6
SF,IC2012,2020-06-17 09:31:16.200,5252.6000,26480,0,174539440.000,0,-,-,-,-,5252.8000,5252.6000,5251.8000,5251.6000,5251.4000,5254.8000,5255.0000,5258.0000,5259.0000,5259.4000,1,9,1,2,1,1,1,2,1,6
SF,IC2012,2020-06-17 09:31:16.700,5254.8000,26480,0,175590400.000,1,0,1,多换,S,5254.8000,5252.8000,5252.6000,5251.8000,5251.6000,5255.0000,5258.0000,5259.0000,5259.4000,5260.2000,2,2,9,1,1,1,2,1,6,4
SF,IC2012,2020-06-17 09:31:17.200,5254.8000,26480,0,177692320.000,2,1,1,多换,S,5252.8000,5252.6000,5251.8000,5251.6000,5251.4000,5255.0000,5258.0000,5259.0000,5259.4000,5260.2000,2,9,1,1,1,1,2,1,6,4
SF,IC2012,2020-06-17 09:31:17.700,5254.8000,26480,0,177692320.000,0,-,-,-,-,5253.0000,5252.8000,5252.6000,5251.8000,5251.4000,5254.8000,5255.0000,5258.0000,5259.0000,5259.4000,1,2,9,1,1,1,1,2,1,6
SF,IC2012,2020-06-17 09:31:18.200,5254.8000,26480,0,177692320.000,0,-,-,-,-,5253.2000,5253.0000,5252.6000,5251.4000,5251.2000,5254.8000,5255.0000,5256.6000,5258.0000,5259.0000,1,1,9,1,1,1,1,1,2,1
SF,IC2012,2020-06-17 09:31:19.200,5254.8000,26480,0,177692320.000,0,-,-,-,-,5253.4000,5253.2000,5253.0000,5252.6000,5251.6000,5255.0000,5256.6000,5258.0000,5259.0000,5259.4000,1,1,1,9,1,1,1,2,1,6
SF,IC2012,2020-06-17 09:31:19.700,5255.0000,26479,-1,178743320.000,1,0,1,双平,S,5254.8000,5253.4000,5253.0000,5252.6000,5251.6000,5256.6000,5258.0000,5259.0000,5259.4000,5260.2000,1,1,1,9,1,1,2,1,6,4
SF,IC2012,2020-06-17 09:31:20.200,5255.0000,26479,0,178743320.000,0,-,-,-,-,5255.0000,5253.4000,5253.0000,5252.6000,5251.6000,5256.4000,5256.6000,5258.0000,5259.0000,5259.4000,2,1,1,9,1,1,1,2,1,6
SF,IC2012,2020-06-17 09:31:20.700,5255.0000,26479,0,178743320.000,0,-,-,-,-,5255.0000,5253.2000,5253.0000,5252.6000,5251.6000,5256.4000,5256.6000,5258.0000,5258.4000,5259.0000,3,1,1,9,1,1,1,2,1,1
SF,IC2012,2020-06-17 09:31:21.200,5255.0000,26479,0,178743320.000,0,-,-,-,-,5255.0000,5253.2000,5253.0000,5252.6000,5251.6000,5256.4000,5256.6000,5258.0000,5258.4000,5259.0000,2,1,2,9,1,1,1,2,1,1
SF,IC2012,2020-06-17 09:31:21.700,5255.0000,26479,0,178743320.000,0,-,-,-,-,5256.0000,5255.0000,5253.2000,5253.0000,5251.6000,5256.4000,5256.6000,5258.0000,5258.4000,5259.0000,9,2,1,2,1,1,1,2,1,1
SF,IC2012,2020-06-17 09:31:22.200,5256.4000,26474,-5,185050680.000,6,0,6,多平,S,5256.0000,5255.0000,5253.0000,5251.6000,5251.4000,5256.6000,5258.0000,5258.4000,5259.0000,5259.4000,6,1,1,1,1,1,2,1,1,6
SF,IC2012,2020-06-17 09:31:22.700,5256.4000,26474,0,185050680.000,0,-,-,-,-,5256.0000,5255.0000,5254.0000,5253.0000,5251.6000,5256.6000,5258.0000,5258.4000,5259.0000,5259.4000,6,1,1,1,1,1,2,1,1,6
SF,IC2012,2020-06-17 09:31:23.200,5256.6000,26473,-1,186102000.000,1,0,1,双平,S,5256.0000,5255.0000,5254.0000,5253.0000,5251.6000,5258.0000,5258.4000,5259.0000,5259.2000,5259.4000,6,1,1,1,1,2,1,1,1,6
SF,IC2012,2020-06-17 09:31:23.700,5257.8000,26473,0,187153560.000,1,0,1,多换,S,5256.0000,5255.0000,5254.0000,5253.0000,5251.6000,5258.0000,5258.4000,5259.0000,5259.2000,5259.4000,6,1,1,1,1,3,1,1,1,6
SF,IC2012,2020-06-17 09:31:24.200,5257.8000,26473,0,188205120.000,1,0,1,多换,S,5256.2000,5256.0000,5255.0000,5254.0000,5253.0000,5257.8000,5258.0000,5258.4000,5259.0000,5259.2000,1,6,1,1,1,1,2,1,1,1
SF,IC2012,2020-06-17 09:31:24.700,5257.8000,26473,0,188205120.000,0,-,-,-,-,5256.2000,5256.0000,5255.0000,5254.0000,5253.0000,5257.8000,5258.0000,5258.4000,5259.0000,5259.2000,1,6,1,1,1,1,3,1,1,1
SF,IC2012,2020-06-17 09:31:25.200,5257.8000,26473,0,188205120.000,0,-,-,-,-,5256.2000,5256.0000,5255.0000,5254.0000,5253.0000,5257.8000,5258.0000,5258.4000,5259.0000,5259.2000,1,6,1,1,1,1,3,1,1,1
SF,IC2012,2020-06-17 09:31:25.700,5258.0000,26473,0,190308000.000,2,1,1,多换,S,5256.2000,5256.0000,5255.0000,5254.0000,5253.0000,5258.0000,5258.4000,5259.0000,5259.2000,5259.4000,1,6,1,1,1,2,1,1,1,6
SF,IC2012,2020-06-17 09:31:26.200,5258.0000,26473,0,190308000.000,0,-,-,-,-,5256.2000,5256.0000,5255.0000,5254.0000,5253.0000,5258.0000,5258.4000,5259.0000,5259.2000,5259.4000,1,6,1,1,1,2,1,1,1,6
SF,IC2012,2020-06-17 09:31:26.700,5258.0000,26473,0,190308000.000,0,-,-,-,-,5256.2000,5256.0000,5255.0000,5254.0000,5253.0000,5258.0000,5258.4000,5259.0000,5259.2000,5259.4000,1,6,1,1,1,2,1,1,1,6
SF,IC2012,2020-06-17 09:31:27.200,5258.0000,26473,0,190308000.000,0,-,-,-,-,5256.2000,5256.0000,5255.0000,5254.0000,5253.0000,5257.8000,5258.0000,5258.4000,5259.0000,5259.2000,1,6,1,1,1,1,2,1,1,1
SF,IC2012,2020-06-17 09:31:27.700,5258.0000,26473,0,190308000.000,0,-,-,-,-,5256.2000,5256.0000,5255.0000,5254.0000,5253.0000,5258.0000,5258.4000,5259.0000,5259.2000,5259.4000,1,6,1,1,1,2,1,1,1,6
SF,IC2012,2020-06-17 09:31:28.200,5258.0000,26470,-3,194514400.000,4,0,4,多平,S,5258.0000,5256.2000,5255.0000,5254.0000,5253.0000,5258.4000,5259.0000,5259.2000,5259.4000,5260.2000,2,2,1,1,1,1,1,1,6,4
SF,IC2012,2020-06-17 09:31:28.700,5257.8000,26468,-2,197669160.000,3,0,3,多平,S,5256.2000,5253.0000,5251.4000,5251.2000,5249.6000,5258.0000,5258.2000,5258.4000,5259.0000,5259.2000,2,1,1,1,1,1,1,1,1,1
SF,IC2012,2020-06-17 09:31:29.200,5257.8000,26467,-1,198720720.000,1,0,1,双平,S,5256.2000,5253.0000,5251.4000,5251.2000,5249.6000,5257.8000,5258.0000,5258.4000,5259.0000,5259.2000,2,1,1,1,1,1,1,1,1,1
SF,IC2012,2020-06-17 09:31:30.200,5257.8000,26467,0,198720720.000,0,-,-,-,-,5256.2000,5253.0000,5251.4000,5251.2000,5249.6000,5257.8000,5258.0000,5258.4000,5259.0000,5259.2000,2,1,1,1,1,1,1,1,1,1
SF,IC2012,2020-06-17 09:31:30.700,5257.8000,26467,0,198720720.000,0,-,-,-,-,5256.2000,5253.0000,5251.4000,5251.2000,5249.6000,5256.6000,5257.8000,5258.4000,5259.0000,5259.2000,2,1,1,1,1,1,1,1,1,1
SF,IC2012,2020-06-17 09:31:31.200,5256.2000,26467,0,202925680.000,4,2,2,多换,S,5253.0000,5251.4000,5251.2000,5250.0000,5249.6000,5256.6000,5257.8000,5258.4000,5259.0000,5259.4000,1,1,1,1,1,1,1,1,1,6
SF,IC2012,2020-06-17 09:31:31.700,5256.2000,26467,0,202925680.000,0,-,-,-,-,5253.2000,5253.0000,5251.2000,5250.0000,5249.6000,5255.2000,5256.4000,5258.4000,5259.0000,5259.4000,3,1,1,1,1,1,1,1,1,6
SF,IC2012,2020-06-17 09:31:32.200,5256.2000,26468,1,203976920.000,1,1,0,双开,S,5253.2000,5251.2000,5250.0000,5249.6000,5249.2000,5256.4000,5259.0000,5259.4000,5260.2000,5263.0000,2,1,1,1,2,1,1,6,4,1
SF,IC2012,2020-06-17 09:31:32.700,5256.2000,26468,0,203976920.000,0,-,-,-,-,5253.4000,5253.2000,5251.2000,5250.0000,5249.6000,5256.4000,5259.0000,5259.4000,5260.2000,5263.0000,1,2,1,1,1,1,1,6,4,1
SF,IC2012,2020-06-17 09:31:33.200,5256.2000,26468,0,203976920.000,0,-,-,-,-,5253.6000,5253.4000,5251.2000,5250.8000,5250.0000,5256.4000,5259.0000,5259.4000,5260.2000,5263.0000,2,1,1,1,1,1,1,6,4,1
SF,IC2012,2020-06-17 09:31:33.700,5256.2000,26468,0,203976920.000,0,-,-,-,-,5253.8000,5253.6000,5251.2000,5250.8000,5250.0000,5256.4000,5257.4000,5259.0000,5259.4000,5260.2000,1,2,1,1,1,1,1,1,6,4
SF,IC2012,2020-06-17 09:31:34.200,5256.2000,26468,0,203976920.000,0,-,-,-,-,5254.0000,5253.8000,5251.2000,5250.8000,5250.0000,5256.4000,5257.4000,5259.0000,5259.4000,5260.2000,1,1,1,1,1,1,1,1,6,4
SF,IC2012,2020-06-17 09:31:34.700,5256.2000,26468,0,203976920.000,0,-,-,-,-,5254.0000,5253.8000,5251.2000,5250.8000,5250.0000,5256.4000,5257.4000,5259.0000,5259.4000,5260.2000,3,1,1,1,1,1,1,1,6,4
SF,IC2012,2020-06-17 09:31:35.200,5256.2000,26468,0,203976920.000,0,-,-,-,-,5254.0000,5253.8000,5251.2000,5250.8000,5250.0000,5257.4000,5259.0000,5259.4000,5260.2000,5263.0000,3,1,1,1,1,1,1,6,4,1
SF,IC2012,2020-06-17 09:31:35.700,5256.2000,26468,0,203976920.000,0,-,-,-,-,5254.2000,5254.0000,5251.2000,5250.8000,5250.0000,5257.2000,5257.4000,5258.8000,5259.0000,5259.4000,1,2,1,1,1,1,1,1,1,6
SF,IC2012,2020-06-17 09:31:36.200,5256.2000,26468,0,203976920.000,0,-,-,-,-,5254.4000,5254.2000,5251.2000,5250.8000,5250.0000,5257.2000,5257.4000,5258.8000,5259.0000,5259.4000,2,2,1,1,1,1,1,1,1,6
SF,IC2012,2020-06-17 09:31:36.700,5256.2000,26468,0,203976920.000,0,-,-,-,-,5254.6000,5254.4000,5251.2000,5250.0000,5249.6000,5257.0000,5257.2000,5257.4000,5258.8000,5259.0000,1,2,1,1,1,1,1,1,1,1
SF,IC2012,2020-06-17 09:31:37.200,5256.2000,26468,0,203976920.000,0,-,-,-,-,5254.8000,5254.6000,5251.2000,5250.0000,5249.6000,5257.0000,5257.2000,5257.4000,5258.8000,5259.0000,2,2,1,1,1,1,1,1,1,1
SF,IC2012,2020-06-17 09:31:37.700,5256.2000,26468,0,203976920.000,0,-,-,-,-,5254.8000,5254.6000,5251.2000,5250.0000,5249.6000,5257.0000,5257.2000,5257.4000,5258.8000,5259.0000,2,1,1,1,1,1,1,1,1,1
SF,IC2012,2020-06-17 09:31:38.700,5256.2000,26468,0,203976920.000,0,-,-,-,-,5254.8000,5254.6000,5253.0000,5251.2000,5250.0000,5257.0000,5257.2000,5257.4000,5258.8000,5259.0000,2,1,1,1,1,1,1,1,1,1
SF,IC2012,2020-06-17 09:31:39.200,5256.2000,26468,0,203976920.000,0,-,-,-,-,5254.8000,5254.6000,5253.0000,5251.2000,5250.0000,5257.0000,5257.2000,5257.4000,5258.8000,5259.0000,2,1,1,1,1,1,1,1,1,1
SF,IC2012,2020-06-17 09:31:39.700,5254.8000,26467,-1,205027880.000,1,0,1,双平,S,5254.8000,5254.6000,5253.0000,5251.2000,5250.0000,5257.0000,5257.2000,5257.4000,5258.8000,5259.0000,1,1,1,1,1,1,1,1,1,1
SF,IC2012,2020-06-17 09:31:40.200,5254.8000,26467,0,205027880.000,0,-,-,-,-,5255.0000,5254.8000,5254.6000,5253.0000,5251.2000,5257.0000,5257.2000,5257.4000,5258.8000,5259.0000,2,1,1,1,1,1,1,1,1,1
SF,IC2012,2020-06-17 09:31:40.700,5254.8000,26467,0,205027880.000,0,-,-,-,-,5255.2000,5255.0000,5254.6000,5253.0000,5251.2000,5257.0000,5257.2000,5257.4000,5258.8000,5259.0000,1,1,1,1,1,1,1,1,1,1
SF,IC2012,2020-06-17 09:31:41.200,5254.8000,26467,0,205027880.000,0,-,-,-,-,5255.2000,5254.6000,5253.0000,5251.2000,5250.0000,5257.0000,5257.2000,5257.4000,5258.8000,5259.0000,1,1,1,1,1,1,1,1,1,1
SF,IC2012,2020-06-17 09:31:42.200,5255.2000,26467,0,207129960.000,2,1,1,多换,S,5254.6000,5253.0000,5251.2000,5250.0000,5249.6000,5256.2000,5256.8000,5257.0000,5257.2000,5257.4000,1,1,1,1,1,1,1,1,1,1
SF,IC2012,2020-06-17 09:31:42.700,5255.2000,26467,0,207129960.000,0,-,-,-,-,5254.8000,5253.0000,5251.2000,5250.0000,5249.6000,5255.2000,5256.0000,5256.2000,5256.8000,5257.2000,2,1,1,1,1,1,1,1,1,1
SF,IC2012,2020-06-17 09:31:43.200,5255.2000,26467,0,208181000.000,1,0,1,多换,S,5255.2000,5254.8000,5253.0000,5251.2000,5250.0000,5256.2000,5256.8000,5257.2000,5257.4000,5258.8000,1,2,1,1,1,1,1,1,1,1
SF,IC2012,2020-06-17 09:31:43.700,5255.2000,26467,0,208181000.000,0,-,-,-,-,5254.8000,5253.0000,5251.2000,5250.0000,5249.6000,5256.2000,5256.8000,5257.2000,5257.4000,5258.8000,1,1,1,1,1,1,1,1,1,1
SF,IC2012,2020-06-17 09:31:44.700,5255.2000,26467,0,208181000.000,0,-,-,-,-,5254.8000,5253.0000,5251.2000,5250.0000,5249.6000,5256.0000,5256.2000,5256.8000,5257.2000,5257.4000,1,1,1,1,1,1,1,1,1,1
SF,IC2012,2020-06-17 09:31:46.200,5254.8000,26466,-1,209231960.000,1,0,1,双平,S,5253.0000,5251.2000,5250.0000,5249.6000,5249.2000,5256.0000,5256.2000,5256.8000,5257.2000,5257.4000,1,1,1,1,2,2,1,1,1,1
SF,IC2012,2020-06-17 09:31:46.700,5254.8000,26466,0,209231960.000,0,-,-,-,-,5253.2000,5253.0000,5251.2000,5250.0000,5249.6000,5255.8000,5256.0000,5256.2000,5256.8000,5257.2000,3,1,1,1,1,1,2,1,1,1
SF,IC2012,2020-06-17 09:31:47.200,5254.8000,26466,0,209231960.000,0,-,-,-,-,5253.2000,5253.0000,5251.2000,5250.0000,5249.6000,5255.8000,5256.0000,5256.2000,5256.8000,5257.2000,3,1,1,1,1,1,1,1,1,1
SF,IC2012,2020-06-17 09:31:48.700,5254.8000,26466,0,209231960.000,0,-,-,-,-,5254.8000,5253.2000,5253.0000,5251.2000,5250.0000,5255.8000,5256.0000,5256.2000,5256.8000,5257.2000,1,3,1,1,1,1,1,1,1,1
SF,IC2012,2020-06-17 09:31:49.200,5254.8000,26466,0,209231960.000,0,-,-,-,-,5254.8000,5253.2000,5253.0000,5251.2000,5250.0000,5255.8000,5256.0000,5256.2000,5256.8000,5257.2000,1,3,1,1,1,1,1,1,1,1
SF,IC2012,2020-06-17 09:31:49.700,5254.8000,26466,0,210282920.000,1,0,1,多换,S,5253.2000,5253.0000,5251.2000,5250.0000,5249.6000,5254.8000,5255.8000,5256.0000,5256.2000,5256.8000,3,1,1,1,1,1,1,1,1,1
SF,IC2012,2020-06-17 09:31:50.200,5254.8000,26465,-1,211333880.000,1,0,1,双平,S,5253.2000,5253.0000,5251.2000,5250.0000,5249.6000,5255.8000,5256.0000,5256.2000,5256.8000,5257.2000,2,1,1,1,1,1,1,1,1,1
SF,IC2012,2020-06-17 09:31:50.700,5254.8000,26465,0,211333880.000,0,-,-,-,-,5253.4000,5253.2000,5253.0000,5251.2000,5250.0000,5255.8000,5256.0000,5256.2000,5256.8000,5257.2000,1,2,1,1,1,1,1,1,1,1
SF,IC2012,2020-06-17 09:31:51.200,5254.8000,26465,0,211333880.000,0,-,-,-,-,5253.6000,5253.4000,5253.0000,5251.2000,5250.0000,5255.6000,5255.8000,5256.0000,5256.2000,5256.8000,2,1,1,1,1,1,1,1,1,1
SF,IC2012,2020-06-17 09:31:51.700,5254.8000,26465,0,211333880.000,0,-,-,-,-,5254.8000,5253.6000,5253.4000,5253.0000,5251.2000,5255.4000,5256.0000,5256.2000,5256.8000,5257.2000,1,2,1,1,1,1,1,1,1,1
SF,IC2012,2020-06-17 09:31:52.200,5254.8000,26465,0,212384840.000,1,0,1,多换,S,5253.6000,5253.0000,5251.2000,5250.0000,5249.6000,5255.0000,5255.4000,5256.0000,5256.2000,5256.8000,2,1,1,1,1,1,1,1,1,1
SF,IC2012,2020-06-17 09:31:52.700,5254.8000,26465,0,212384840.000,0,-,-,-,-,5253.6000,5253.0000,5251.2000,5250.0000,5249.6000,5255.0000,5255.4000,5256.0000,5256.2000,5256.8000,1,1,1,1,1,1,1,1,1,1
SF,IC2012,2020-06-17 09:31:53.200,5253.8000,26465,0,213435600.000,1,0,1,多换,S,5253.6000,5253.0000,5251.2000,5250.0000,5249.6000,5255.0000,5255.4000,5256.0000,5256.2000,5256.8000,1,1,1,1,1,1,1,1,1,1
SF,IC2012,2020-06-17 09:31:54.200,5253.8000,26465,0,213435600.000,0,-,-,-,-,5253.6000,5253.0000,5251.2000,5250.0000,5249.6000,5254.8000,5255.0000,5255.4000,5256.0000,5256.2000,1,1,1,1,1,1,1,1,1,1
SF,IC2012,2020-06-17 09:31:54.700,5253.8000,26465,0,213435600.000,0,-,-,-,-,5253.0000,5251.2000,5250.0000,5249.6000,5249.2000,5254.6000,5254.8000,5255.0000,5256.0000,5256.2000,1,1,1,1,2,1,1,1,1,1
SF,IC2012,2020-06-17 09:31:56.200,5253.8000,26465,0,213435600.000,0,-,-,-,-,5253.4000,5253.0000,5251.2000,5250.0000,5249.6000,5254.6000,5254.8000,5255.0000,5256.0000,5256.2000,1,1,1,1,1,1,1,1,1,1
SF,IC2012,2020-06-17 09:31:56.700,5253.4000,26464,-1,214486280.000,1,0,1,双平,S,5253.0000,5251.2000,5250.0000,5249.6000,5249.2000,5254.4000,5254.6000,5254.8000,5255.0000,5256.0000,1,1,1,1,2,1,1,1,1,1
SF,IC2012,2020-06-17 09:31:57.200,5253.4000,26464,0,214486280.000,0,-,-,-,-,5253.0000,5251.2000,5250.0000,5249.6000,5249.2000,5254.2000,5254.4000,5254.8000,5255.0000,5256.0000,1,1,1,1,2,1,1,1,1,1
SF,IC2012,2020-06-17 09:31:57.700,5253.4000,26464,0,214486280.000,0,-,-,-,-,5253.0000,5251.2000,5250.0000,5249.6000,5249.2000,5254.2000,5254.8000,5255.0000,5256.0000,5256.2000,1,1,1,1,2,1,1,1,1,1
SF,IC2012,2020-06-17 09:31:58.200,5253.4000,26464,0,214486280.000,0,-,-,-,-,5253.0000,5251.2000,5250.0000,5249.6000,5249.2000,5254.2000,5254.8000,5255.0000,5256.0000,5256.2000,1,1,1,1,2,1,1,1,1,1
SF,IC2012,2020-06-17 09:31:59.200,5253.4000,26464,0,214486280.000,0,-,-,-,-,5253.0000,5251.2000,5250.0000,5249.6000,5249.2000,5254.0000,5254.2000,5254.8000,5255.0000,5256.0000,1,1,1,1,2,1,1,1,1,1
SF,IC2012,2020-06-17 09:31:59.700,5253.4000,26464,0,214486280.000,0,-,-,-,-,5253.0000,5250.0000,5249.6000,5249.2000,5249.0000,5253.8000,5254.8000,5255.0000,5256.0000,5256.2000,1,1,1,2,1,1,1,1,1,1
SF,IC2012,2020-06-17 09:32:00.200,5253.0000,26463,-1,215536880.000,1,0,1,双平,S,5250.0000,5249.6000,5249.2000,5249.0000,5247.2000,5253.8000,5254.8000,5255.0000,5256.2000,5256.8000,1,1,2,1,1,1,1,1,1,1
SF,IC2012,2020-06-17 09:32:00.700,5253.0000,26463,0,215536880.000,0,-,-,-,-,5251.2000,5250.2000,5250.0000,5249.6000,5249.2000,5253.8000,5254.8000,5255.0000,5256.2000,5256.8000,1,2,2,1,2,2,1,1,1,1
SF,IC2012,2020-06-17 09:32:01.200,5253.0000,26463,0,215536880.000,0,-,-,-,-,5251.4000,5250.0000,5249.6000,5249.2000,5249.0000,5253.8000,5254.8000,5255.0000,5256.2000,5256.8000,2,1,1,2,1,2,1,1,1,1
SF,IC2012,2020-06-17 09:32:01.700,5251.4000,26463,0,216587160.000,1,0,1,多换,S,5251.4000,5250.0000,5249.6000,5249.2000,5249.0000,5253.6000,5253.8000,5254.8000,5255.0000,5256.2000,1,1,1,2,1,1,2,1,1,1
SF,IC2012,2020-06-17 09:32:02.200,5251.4000,26463,0,216587160.000,0,-,-,-,-,5251.0000,5250.0000,5249.6000,5249.2000,5249.0000,5253.4000,5253.6000,5253.8000,5254.8000,5255.0000,1,1,1,2,1,1,1,1,1,1
SF,IC2012,2020-06-17 09:32:02.700,5251.4000,26463,0,216587160.000,0,-,-,-,-,5251.2000,5251.0000,5250.0000,5249.6000,5249.2000,5253.4000,5253.8000,5254.8000,5255.0000,5256.2000,1,1,1,1,2,1,1,1,1,1
SF,IC2012,2020-06-17 09:32:03.200,5251.4000,26463,0,216587160.000,0,-,-,-,-,5251.0000,5250.0000,5249.6000,5249.2000,5249.0000,5253.2000,5253.4000,5253.8000,5254.8000,5255.0000,1,1,1,2,1,1,1,1,1,1
SF,IC2012,2020-06-17 09:32:03.700,5251.4000,26463,0,216587160.000,0,-,-,-,-,5251.2000,5251.0000,5250.0000,5249.6000,5249.2000,5253.0000,5253.2000,5253.8000,5254.8000,5255.0000,1,1,1,1,2,1,1,1,1,1
SF,IC2012,2020-06-17 09:32:04.200,5251.4000,26463,0,216587160.000,0,-,-,-,-,5251.0000,5250.0000,5249.6000,5249.2000,5249.0000,5251.2000,5253.0000,5253.8000,5254.8000,5255.0000,1,1,1,2,1,2,1,1,1,1
SF,IC2012,2020-06-17 09:32:04.700,5251.2000,26463,0,218687640.000,2,1,1,多换,S,5251.0000,5250.0000,5249.6000,5249.2000,5249.0000,5253.0000,5253.8000,5254.8000,5255.0000,5256.2000,1,1,1,2,1,1,1,1,2,1
SF,IC2012,2020-06-17 09:32:05.200,5251.2000,26463,0,218687640.000,0,-,-,-,-,5251.2000,5251.0000,5250.0000,5249.6000,5249.2000,5253.0000,5253.8000,5254.8000,5255.0000,5256.2000,1,1,1,1,2,1,1,1,2,1
SF,IC2012,2020-06-17 09:32:05.700,5251.2000,26463,0,218687640.000,0,-,-,-,-,5251.0000,5250.0000,5249.6000,5249.2000,5249.0000,5252.2000,5252.8000,5253.0000,5253.8000,5254.8000,1,1,1,2,1,2,1,1,1,1
SF,IC2012,2020-06-17 09:32:06.200,5251.2000,26463,0,219737880.000,1,0,1,多换,S,5251.0000,5250.0000,5249.6000,5249.2000,5249.0000,5252.2000,5252.8000,5253.0000,5253.8000,5254.8000,1,1,1,2,1,1,1,1,1,1
SF,IC2012,2020-06-17 09:32:06.700,5251.2000,26463,0,219737880.000,0,-,-,-,-,5251.0000,5250.0000,5249.6000,5249.2000,5249.0000,5252.0000,5252.2000,5253.8000,5254.8000,5255.0000,1,1,1,2,1,1,1,1,1,2
SF,IC2012,2020-06-17 09:32:07.700,5252.0000,26462,-1,220788280.000,1,0,1,双平,S,5251.0000,5250.0000,5249.6000,5249.2000,5249.0000,5252.2000,5253.8000,5254.8000,5255.0000,5256.2000,1,1,1,2,1,1,1,1,2,1
SF,IC2012,2020-06-17 09:32:08.200,5252.0000,26462,0,220788280.000,0,-,-,-,-,5251.0000,5250.0000,5249.6000,5249.2000,5247.2000,5252.2000,5253.8000,5254.8000,5255.0000,5256.2000,1,1,1,2,1,1,1,1,2,1
SF,IC2012,2020-06-17 09:32:08.700,5252.2000,26462,0,221838720.000,1,0,1,多换,S,5252.6000,5251.2000,5251.0000,5250.0000,5249.6000,5253.8000,5254.0000,5254.8000,5255.0000,5256.2000,2,2,1,1,1,1,1,1,2,1
SF,IC2012,2020-06-17 09:32:09.200,5252.2000,26461,-1,222889160.000,1,0,1,双平,S,5252.6000,5251.2000,5250.6000,5250.0000,5249.6000,5253.6000,5253.8000,5254.0000,5254.8000,5255.0000,1,2,1,1,1,1,1,1,1,1
SF,IC2012,2020-06-17 09:32:09.700,5252.6000,26460,-1,223939680.000,1,0,1,双平,S,5251.2000,5250.6000,5250.0000,5249.6000,5249.2000,5253.0000,5253.6000,5253.8000,5254.0000,5254.8000,1,1,1,1,2,2,1,1,1,1
SF,IC2012,2020-06-17 09:32:10.200,5252.6000,26460,0,223939680.000,0,-,-,-,-,5251.8000,5251.4000,5251.2000,5250.6000,5250.0000,5253.6000,5253.8000,5254.0000,5254.8000,5255.0000,1,1,1,1,1,1,1,1,1,1
SF,IC2012,2020-06-17 09:32:10.700,5252.6000,26460,0,223939680.000,0,-,-,-,-,5252.0000,5251.8000,5251.2000,5250.6000,5250.0000,5253.4000,5253.8000,5254.0000,5254.8000,5255.0000,1,1,1,1,1,1,2,1,1,1
SF,IC2012,2020-06-17 09:32:12.200,5252.6000,26460,0,223939680.000,0,-,-,-,-,5252.0000,5251.8000,5251.2000,5250.6000,5250.0000,5253.4000,5253.8000,5254.0000,5254.8000,5255.0000,1,1,1,1,1,1,2,1,1,1
SF,IC2012,2020-06-17 09:32:12.700,5252.6000,26460,0,223939680.000,0,-,-,-,-,5252.0000,5251.8000,5251.2000,5250.6000,5250.0000,5253.8000,5254.0000,5254.8000,5255.0000,5256.2000,1,1,1,1,1,2,1,1,1,1
SF,IC2012,2020-06-17 09:32:13.200,5252.6000,26460,0,223939680.000,0,-,-,-,-,5252.0000,5251.8000,5251.2000,5250.6000,5250.0000,5253.6000,5253.8000,5254.0000,5254.8000,5255.0000,1,2,1,1,1,1,2,1,1,1
SF,IC2012,2020-06-17 09:32:13.700,5252.6000,26460,0,223939680.000,0,-,-,-,-,5252.0000,5251.8000,5251.2000,5250.6000,5250.0000,5253.6000,5253.8000,5254.0000,5254.8000,5255.0000,1,2,1,1,1,2,1,1,1,1
SF,IC2012,2020-06-17 09:32:14.200,5252.6000,26460,0,223939680.000,0,-,-,-,-,5252.0000,5251.8000,5251.2000,5250.6000,5250.0000,5253.6000,5253.8000,5254.0000,5254.8000,5255.0000,1,2,1,1,1,2,1,1,1,1
SF,IC2012,2020-06-17 09:32:15.200,5252.6000,26460,0,223939680.000,0,-,-,-,-,5252.0000,5251.8000,5251.2000,5250.6000,5250.0000,5253.6000,5253.8000,5254.0000,5254.8000,5255.0000,1,2,1,1,1,2,1,1,1,1
SF,IC2012,2020-06-17 09:32:16.700,5252.6000,26460,0,223939680.000,0,-,-,-,-,5252.0000,5251.8000,5251.2000,5250.6000,5250.0000,5253.6000,5253.8000,5254.0000,5254.8000,5255.0000,2,2,1,1,1,2,1,1,1,1
SF,IC2012,2020-06-17 09:32:17.200,5252.6000,26460,0,223939680.000,0,-,-,-,-,5252.0000,5251.8000,5251.2000,5250.6000,5250.0000,5253.6000,5253.8000,5254.0000,5254.2000,5254.8000,2,2,1,1,1,2,1,1,1,1
SF,IC2012,2020-06-17 09:32:18.700,5253.4000,26460,0,224990360.000,1,0,1,多换,S,5252.0000,5251.8000,5251.2000,5250.8000,5250.6000,5253.6000,5253.8000,5254.0000,5254.2000,5254.8000,2,2,1,1,1,2,1,1,1,1
SF,IC2012,2020-06-17 09:32:19.200,5253.4000,26460,0,224990360.000,0,-,-,-,-,5252.0000,5251.8000,5251.2000,5250.8000,5250.6000,5252.8000,5253.6000,5253.8000,5254.0000,5254.2000,2,2,1,1,1,2,2,1,1,1
SF,IC2012,2020-06-17 09:32:19.700,5252.0000,26458,-2,227091160.000,2,0,2,双平,S,5251.8000,5251.2000,5250.8000,5250.6000,5250.0000,5253.6000,5253.8000,5254.0000,5254.2000,5254.8000,2,1,1,1,1,2,1,1,1,1
SF,IC2012,2020-06-17 09:32:20.200,5252.0000,26458,0,227091160.000,0,-,-,-,-,5251.8000,5251.2000,5250.8000,5250.6000,5250.0000,5252.0000,5253.6000,5253.8000,5254.0000,5254.2000,2,1,1,1,1,1,2,1,1,1
SF,IC2012,2020-06-17 09:32:20.700,5252.0000,26458,0,229191960.000,2,1,1,多换,S,5251.8000,5251.2000,5250.8000,5250.6000,5250.0000,5253.6000,5253.8000,5254.0000,5254.2000,5254.8000,2,1,1,1,1,2,1,1,1,1
SF,IC2012,2020-06-17 09:32:21.200,5252.0000,26458,0,229191960.000,0,-,-,-,-,5251.8000,5251.2000,5250.8000,5250.6000,5250.0000,5252.0000,5252.2000,5253.6000,5253.8000,5254.0000,2,1,1,1,1,1,2,2,1,1
SF,IC2012,2020-06-17 09:32:21.700,5252.0000,26458,0,230242360.000,1,0,1,多换,S,5251.8000,5251.2000,5250.8000,5250.6000,5250.0000,5252.0000,5253.6000,5253.8000,5254.0000,5254.2000,2,1,1,1,1,1,2,1,1,1
SF,IC2012,2020-06-17 09:32:22.200,5252.0000,26458,0,231292760.000,1,0,1,多换,S,5251.8000,5251.2000,5250.8000,5250.6000,5250.0000,5253.6000,5253.8000,5254.0000,5254.2000,5254.8000,2,1,1,1,1,2,1,1,1,1
SF,IC2012,2020-06-17 09:32:22.700,5252.0000,26458,0,231292760.000,0,-,-,-,-,5251.8000,5251.2000,5250.8000,5250.6000,5250.0000,5252.2000,5253.6000,5253.8000,5254.0000,5254.2000,2,1,1,1,1,2,2,1,1,1
SF,IC2012,2020-06-17 09:32:23.200,5252.0000,26458,0,231292760.000,0,-,-,-,-,5252.2000,5252.0000,5251.8000,5251.2000,5250.8000,5253.6000,5253.8000,5254.0000,5254.2000,5254.8000,1,1,2,1,1,2,1,1,1,1
SF,IC2012,2020-06-17 09:32:23.700,5252.0000,26458,0,231292760.000,0,-,-,-,-,5252.2000,5252.0000,5251.8000,5251.2000,5250.8000,5253.4000,5253.6000,5253.8000,5254.0000,5254.2000,1,1,2,1,1,1,2,1,1,1
SF,IC2012,2020-06-17 09:32:24.200,5252.0000,26458,0,231292760.000,0,-,-,-,-,5252.2000,5251.8000,5251.2000,5250.8000,5250.6000,5253.4000,5253.6000,5253.8000,5254.0000,5254.2000,1,2,1,1,1,1,2,1,1,1
SF,IC2012,2020-06-17 09:32:24.700,5252.2000,26458,0,232343200.000,1,0,1,多换,S,5251.8000,5251.2000,5250.8000,5250.6000,5250.0000,5253.4000,5253.6000,5253.8000,5254.0000,5254.2000,2,1,1,1,1,1,2,1,1,1
SF,IC2012,2020-06-17 09:32:25.200,5252.2000,26458,0,232343200.000,0,-,-,-,-,5252.4000,5252.0000,5251.8000,5251.2000,5250.8000,5253.2000,5253.4000,5253.6000,5253.8000,5254.0000,1,1,2,1,1,1,1,1,1,1
SF,IC2012,2020-06-17 09:32:26.700,5253.2000,26457,-1,233393840.000,1,0,1,双平,S,5252.4000,5252.0000,5251.8000,5251.2000,5250.8000,5253.4000,5253.6000,5253.8000,5254.0000,5254.2000,1,1,2,1,1,1,1,1,1,1
SF,IC2012,2020-06-17 09:32:27.200,5253.2000,26457,0,233393840.000,0,-,-,-,-,5252.0000,5251.8000,5251.2000,5250.8000,5250.6000,5252.8000,5253.4000,5253.8000,5254.0000,5254.2000,1,3,1,1,1,2,2,1,1,1
SF,IC2012,2020-06-17 09:32:27.700,5253.2000,26457,0,233393840.000,0,-,-,-,-,5252.6000,5252.0000,5251.8000,5251.2000,5250.8000,5253.4000,5253.8000,5254.0000,5254.2000,5254.8000,1,1,3,1,1,2,1,1,1,1
SF,IC2012,2020-06-17 09:32:28.200,5253.2000,26457,0,233393840.000,0,-,-,-,-,5253.0000,5252.8000,5252.6000,5251.8000,5251.2000,5253.4000,5253.8000,5254.0000,5254.2000,5254.8000,2,1,1,3,1,2,1,1,1,1
SF,IC2012,2020-06-17 09:32:28.700,5253.4000,26457,0,235495200.000,2,1,1,多换,S,5253.4000,5253.0000,5252.8000,5251.8000,5251.2000,5253.8000,5254.0000,5254.2000,5254.8000,5255.0000,1,2,1,3,1,1,1,1,1,1
SF,IC2012,2020-06-17 09:32:29.700,5253.4000,26456,-1,237596640.000,2,0,2,多平,S,5252.8000,5251.8000,5251.2000,5250.8000,5250.0000,5254.0000,5254.2000,5254.8000,5255.0000,5256.2000,1,3,1,1,1,1,1,1,1,1
SF,IC2012,2020-06-17 09:32:30.200,5253.0000,26455,-1,238647240.000,1,0,1,双平,S,5251.8000,5251.2000,5250.8000,5250.0000,5249.6000,5254.0000,5254.2000,5254.8000,5255.0000,5256.2000,3,1,1,1,1,1,1,1,1,1
SF,IC2012,2020-06-17 09:32:30.700,5253.0000,26455,0,238647240.000,0,-,-,-,-,5253.0000,5252.0000,5251.8000,5251.2000,5250.8000,5253.8000,5254.0000,5254.2000,5254.8000,5255.0000,1,1,3,1,1,1,1,1,1,1
SF,IC2012,2020-06-17 09:32:32.200,5253.0000,26455,0,239697840.000,1,0,1,多换,S,5252.0000,5251.8000,5251.2000,5250.8000,5250.0000,5253.8000,5254.0000,5254.2000,5254.8000,5255.0000,1,3,1,1,1,1,1,1,1,1
SF,IC2012,2020-06-17 09:32:32.700,5253.0000,26455,0,239697840.000,0,-,-,-,-,5252.0000,5251.8000,5251.2000,5250.8000,5250.0000,5254.0000,5254.2000,5254.8000,5255.0000,5256.2000,1,3,1,1,1,1,1,1,1,1
SF,IC2012,2020-06-17 09:32:33.200,5253.0000,26455,0,239697840.000,0,-,-,-,-,5252.2000,5252.0000,5251.8000,5251.2000,5250.8000,5253.8000,5254.0000,5254.2000,5254.8000,5255.0000,1,1,3,1,1,1,1,1,1,1
SF,IC2012,2020-06-17 09:32:33.700,5253.0000,26455,0,239697840.000,0,-,-,-,-,5252.4000,5251.8000,5251.2000,5250.8000,5250.0000,5253.8000,5254.0000,5254.2000,5254.8000,5255.0000,1,3,1,1,1,1,1,1,1,1
SF,IC2012,2020-06-17 09:32:34.200,5253.8000,26454,-1,240748600.000,1,0,1,双平,S,5253.8000,5252.4000,5251.8000,5251.2000,5250.8000,5254.0000,5254.2000,5254.8000,5255.0000,5256.2000,1,2,3,1,1,1,1,1,1,1
SF,IC2012,2020-06-17 09:32:34.700,5253.8000,26454,0,240748600.000,0,-,-,-,-,5252.4000,5251.8000,5251.2000,5250.8000,5250.0000,5254.0000,5254.2000,5254.8000,5255.0000,5256.2000,3,3,1,1,1,1,1,1,1,1
SF,IC2012,2020-06-17 09:32:35.200,5253.8000,26454,0,240748600.000,0,-,-,-,-,5252.4000,5251.8000,5251.2000,5250.8000,5250.0000,5253.0000,5254.0000,5254.2000,5254.8000,5255.0000,2,3,1,1,1,9,1,1,1,1
SF,IC2012,2020-06-17 09:32:35.700,5253.0000,26450,-4,244951000.000,4,0,4,双平,S,5252.8000,5252.4000,5251.8000,5250.8000,5250.0000,5253.0000,5253.8000,5254.0000,5254.2000,5254.8000,1,1,3,1,1,5,1,1,1,1
SF,IC2012,2020-06-17 09:32:36.200,5253.0000,26450,0,244951000.000,0,-,-,-,-,5252.8000,5251.8000,5250.8000,5250.0000,5249.6000,5253.0000,5253.8000,5254.0000,5254.2000,5254.8000,1,3,1,1,1,5,1,1,1,1
SF,IC2012,2020-06-17 09:32:36.700,5253.0000,26448,-2,247052200.000,2,0,2,双平,S,5251.8000,5250.8000,5250.0000,5249.6000,5249.2000,5253.0000,5254.0000,5254.2000,5254.8000,5255.0000,3,1,1,1,2,3,1,1,1,1
SF,IC2012,2020-06-17 09:32:37.200,5253.0000,26447,-1,248102800.000,1,0,1,双平,S,5252.2000,5252.0000,5251.8000,5250.8000,5250.0000,5253.0000,5254.0000,5254.2000,5254.8000,5255.0000,1,1,3,1,1,2,1,1,1,1
SF,IC2012,2020-06-17 09:32:37.700,5253.0000,26447,0,248102800.000,0,-,-,-,-,5252.4000,5252.2000,5251.8000,5250.8000,5250.0000,5253.0000,5254.0000,5254.2000,5254.8000,5255.0000,1,1,2,1,1,2,1,1,1,1
SF,IC2012,2020-06-17 09:32:38.200,5253.0000,26447,0,248102800.000,0,-,-,-,-,5252.4000,5252.2000,5251.8000,5250.8000,5250.0000,5253.0000,5254.0000,5254.2000,5254.8000,5255.0000,1,1,2,1,1,11,1,1,1,1
SF,IC2012,2020-06-17 09:32:38.700,5253.0000,26447,0,248102800.000,0,-,-,-,-,5252.6000,5252.4000,5251.8000,5250.8000,5250.0000,5253.0000,5254.0000,5254.2000,5254.8000,5255.0000,1,1,2,1,1,12,1,1,1,1
SF,IC2012,2020-06-17 09:32:39.200,5252.6000,26448,1,249153320.000,1,1,0,双开,S,5252.4000,5251.8000,5250.8000,5250.0000,5249.8000,5253.0000,5254.0000,5254.2000,5254.8000,5255.0000,1,2,1,1,1,13,1,1,1,1
SF,IC2012,2020-06-17 09:32:39.700,5252.4000,26447,-1,250203800.000,1,0,1,双平,S,5251.8000,5250.8000,5250.0000,5249.8000,5249.6000,5252.6000,5253.0000,5254.0000,5254.2000,5254.8000,2,1,1,1,1,2,13,1,1,1
SF,IC2012,2020-06-17 09:32:40.200,5252.6000,26446,-1,251254320.000,1,0,1,双平,S,5251.8000,5250.8000,5250.0000,5249.8000,5249.6000,5252.6000,5253.0000,5253.2000,5253.8000,5254.0000,2,1,1,1,1,1,13,1,1,1
SF,IC2012,2020-06-17 09:32:40.700,5251.8000,26446,0,253355040.000,2,1,1,多换,S,5250.8000,5250.0000,5249.8000,5249.6000,5249.2000,5252.6000,5253.0000,5253.2000,5253.8000,5254.0000,1,1,1,1,2,1,13,1,1,1
SF,IC2012,2020-06-17 09:32:41.200,5251.8000,26446,0,253355040.000,0,-,-,-,-,5251.2000,5251.0000,5250.8000,5250.0000,5249.8000,5252.4000,5252.6000,5253.0000,5253.2000,5253.8000,1,1,1,1,1,1,1,22,1,1
SF,IC2012,2020-06-17 09:32:41.700,5251.8000,26446,0,253355040.000,0,-,-,-,-,5251.0000,5250.8000,5250.0000,5249.8000,5249.6000,5252.4000,5252.6000,5253.0000,5253.2000,5253.8000,2,1,1,1,1,1,1,22,1,1
SF,IC2012,2020-06-17 09:32:42.200,5252.4000,26446,0,254405520.000,1,0,1,多换,S,5251.4000,5251.0000,5250.8000,5250.0000,5249.8000,5252.6000,5253.0000,5253.2000,5253.8000,5254.0000,1,1,1,1,1,1,22,1,1,1
SF,IC2012,2020-06-17 09:32:42.700,5252.4000,26446,0,254405520.000,0,-,-,-,-,5251.6000,5251.4000,5250.8000,5250.0000,5249.8000,5252.6000,5253.0000,5253.2000,5253.8000,5254.0000,1,1,1,1,1,1,22,1,1,1
SF,IC2012,2020-06-17 09:32:43.200,5252.4000,26446,0,254405520.000,0,-,-,-,-,5251.6000,5250.8000,5250.0000,5249.8000,5249.6000,5252.6000,5253.0000,5253.2000,5253.8000,5254.0000,1,1,1,1,1,1,21,1,1,1
SF,IC2012,2020-06-17 09:32:44.200,5250.8000,26447,1,256506000.000,2,1,1,空开,S,5250.0000,5249.8000,5249.6000,5249.2000,5247.2000,5252.6000,5253.0000,5253.2000,5253.8000,5254.0000,1,1,1,2,1,2,21,1,1,1
SF,IC2012,2020-06-17 09:32:44.700,5252.4000,26446,-1,257556480.000,1,0,1,双平,S,5250.2000,5250.0000,5249.8000,5249.6000,5249.2000,5252.6000,5253.0000,5253.2000,5253.8000,5254.0000,3,2,1,1,2,2,21,1,1,1
SF,IC2012,2020-06-17 09:32:45.200,5252.4000,26446,0,257556480.000,0,-,-,-,-,5250.8000,5250.6000,5250.2000,5250.0000,5249.6000,5251.6000,5252.0000,5252.4000,5252.6000,5253.0000,1,1,3,2,1,2,1,1,2,21
SF,IC2012,2020-06-17 09:32:45.700,5251.6000,26445,-1,258606800.000,1,0,1,双平,S,5250.8000,5250.6000,5250.2000,5250.0000,5249.6000,5251.6000,5252.0000,5252.4000,5252.6000,5253.0000,3,1,2,2,1,2,1,1,2,21
SF,IC2012,2020-06-17 09:32:46.200,5252.0000,26443,-2,261757840.000,3,0,3,多平,S,5250.8000,5250.2000,5250.0000,5249.6000,5249.2000,5252.4000,5252.6000,5253.0000,5253.2000,5253.8000,3,1,2,1,2,1,2,21,1,1
SF,IC2012,2020-06-17 09:32:46.700,5252.0000,26443,0,261757840.000,0,-,-,-,-,5251.0000,5250.8000,5250.0000,5249.6000,5249.2000,5251.6000,5252.4000,5252.6000,5253.0000,5253.2000,1,2,2,1,2,2,1,2,21,1
SF,IC2012,2020-06-17 09:32:47.200,5252.0000,26443,0,261757840.000,0,-,-,-,-,5250.8000,5250.0000,5249.6000,5249.2000,5247.2000,5251.6000,5252.2000,5252.4000,5252.6000,5253.0000,2,2,1,2,1,2,1,1,2,21
SF,IC2012,2020-06-17 09:32:48.200,5252.0000,26443,0,261757840.000,0,-,-,-,-,5250.8000,5250.0000,5249.6000,5249.2000,5247.2000,5251.6000,5252.4000,5252.6000,5253.0000,5253.2000,1,2,1,2,1,2,1,2,12,1
SF,IC2012,2020-06-17 09:32:48.700,5252.0000,26443,0,261757840.000,0,-,-,-,-,5251.2000,5250.8000,5250.0000,5249.6000,5249.2000,5251.6000,5252.4000,5252.6000,5253.0000,5253.2000,1,1,2,1,2,2,1,2,12,1
SF,IC2012,2020-06-17 09:32:49.200,5251.2000,26442,-1,262808080.000,1,0,1,双平,S,5250.8000,5250.2000,5250.0000,5249.6000,5249.4000,5251.6000,5252.4000,5252.6000,5253.0000,5253.2000,1,1,2,1,1,2,1,2,12,1
SF,IC2012,2020-06-17 09:32:49.700,5251.2000,26442,0,262808080.000,0,-,-,-,-,5250.8000,5250.2000,5250.0000,5249.6000,5249.4000,5251.2000,5251.6000,5252.4000,5252.6000,5253.0000,1,1,2,1,1,1,2,1,2,3
SF,IC2012,2020-06-17 09:32:50.200,5251.2000,26442,0,262808080.000,0,-,-,-,-,5250.8000,5250.2000,5250.0000,5249.6000,5249.4000,5251.6000,5252.4000,5252.6000,5253.0000,5253.2000,1,1,2,1,1,2,1,2,3,1
SF,IC2012,2020-06-17 09:32:51.200,5251.2000,26442,0,262808080.000,0,-,-,-,-,5250.8000,5250.2000,5250.0000,5249.6000,5249.4000,5251.6000,5252.4000,5252.6000,5253.0000,5253.2000,1,1,2,1,1,2,1,2,1,1
SF,IC2012,2020-06-17 09:32:51.700,5251.2000,26442,0,262808080.000,0,-,-,-,-,5251.0000,5250.8000,5250.2000,5250.0000,5249.6000,5251.6000,5252.4000,5252.6000,5253.2000,5254.0000,1,1,1,2,1,3,1,2,1,1
SF,IC2012,2020-06-17 09:32:52.200,5250.8000,26443,1,264908440.000,2,1,1,空开,S,5250.2000,5250.0000,5249.6000,5249.4000,5249.2000,5250.8000,5251.6000,5252.4000,5252.6000,5253.2000,1,2,1,1,2,14,3,1,2,1
SF,IC2012,2020-06-17 09:32:52.700,5250.8000,26444,1,273309720.000,8,4,4,空开,S,5250.4000,5250.2000,5250.0000,5249.6000,5249.2000,5250.8000,5251.6000,5252.4000,5252.6000,5254.0000,2,1,2,1,2,6,3,1,2,1
SF,IC2012,2020-06-17 09:32:53.200,5250.8000,26444,0,276460200.000,3,1,2,多换,S,5250.4000,5250.2000,5250.0000,5249.6000,5249.2000,5250.8000,5251.6000,5252.4000,5252.6000,5254.0000,1,1,2,1,2,3,3,1,2,1
SF,IC2012,2020-06-17 09:32:54.200,5250.8000,26445,1,279610680.000,3,2,1,空开,S,5250.4000,5250.2000,5250.0000,5249.6000,5249.2000,5251.6000,5252.4000,5252.6000,5254.0000,5254.2000,1,1,2,1,2,3,1,2,1,1
SF,IC2012,2020-06-17 09:32:54.700,5250.8000,26445,0,279610680.000,0,-,-,-,-,5250.4000,5250.2000,5250.0000,5249.6000,5249.2000,5251.6000,5252.4000,5252.6000,5253.2000,5254.0000,1,1,2,1,2,3,1,2,1,1
SF,IC2012,2020-06-17 09:32:55.700,5250.8000,26445,0,279610680.000,0,-,-,-,-,5250.4000,5250.2000,5250.0000,5249.6000,5249.4000,5251.6000,5252.4000,5252.6000,5253.2000,5254.0000,1,1,2,1,1,3,1,2,1,1
SF,IC2012,2020-06-17 09:32:56.200,5250.8000,26445,0,279610680.000,0,-,-,-,-,5250.4000,5250.2000,5250.0000,5249.6000,5249.4000,5251.6000,5252.4000,5252.6000,5253.2000,5254.0000,1,1,2,1,1,3,1,2,1,1
SF,IC2012,2020-06-17 09:32:56.700,5251.4000,26443,-2,281711040.000,2,0,2,双平,S,5250.2000,5250.0000,5249.6000,5249.4000,5249.2000,5251.4000,5251.6000,5252.6000,5253.2000,5254.0000,1,2,1,1,2,1,3,2,1,1
SF,IC2012,2020-06-17 09:32:57.200,5251.4000,26443,0,281711040.000,0,-,-,-,-,5250.6000,5250.2000,5250.0000,5249.6000,5249.4000,5251.0000,5251.4000,5251.6000,5252.6000,5253.2000,1,1,2,1,1,2,1,3,2,1
SF,IC2012,2020-06-17 09:32:57.700,5250.6000,26442,-1,282761160.000,1,0,1,双平,S,5250.2000,5250.0000,5249.6000,5249.4000,5249.2000,5251.0000,5251.4000,5251.6000,5252.6000,5253.2000,1,1,1,1,2,2,1,3,2,1
SF,IC2012,2020-06-17 09:32:58.200,5251.0000,26442,0,284861560.000,2,1,1,多换,S,5250.2000,5250.0000,5249.6000,5249.4000,5249.2000,5251.4000,5251.6000,5252.6000,5253.2000,5253.4000,1,1,1,1,2,1,3,2,1,1
SF,IC2012,2020-06-17 09:32:59.700,5250.2000,26442,0,285911600.000,1,0,1,多换,S,5250.0000,5249.6000,5249.4000,5249.2000,5247.2000,5251.4000,5251.6000,5252.6000,5253.2000,5253.4000,1,1,1,2,1,1,3,2,1,1
SF,IC2012,2020-06-17 09:33:00.200,5250.2000,26442,0,285911600.000,0,-,-,-,-,5250.0000,5249.6000,5249.2000,5247.2000,5245.0000,5251.4000,5251.6000,5252.6000,5253.2000,5253.4000,2,1,2,1,1,1,3,2,1,1
SF,IC2012,2020-06-17 09:33:00.700,5250.2000,26442,0,285911600.000,0,-,-,-,-,5250.4000,5250.0000,5249.6000,5249.2000,5247.2000,5251.4000,5251.6000,5252.6000,5253.2000,5253.4000,1,1,1,2,1,1,3,2,1,1
SF,IC2012,2020-06-17 09:33:01.200,5250.2000,26442,0,285911600.000,0,-,-,-,-,5250.6000,5250.2000,5250.0000,5249.6000,5249.2000,5251.6000,5252.6000,5253.2000,5253.4000,5254.0000,1,1,1,1,2,3,2,1,1,1
SF,IC2012,2020-06-17 09:33:01.700,5250.0000,26442,0,286961600.000,1,0,1,多换,S,5249.6000,5249.2000,5248.2000,5247.2000,5245.0000,5251.4000,5251.6000,5252.6000,5253.2000,5253.4000,1,2,1,1,1,1,3,2,1,1
SF,IC2012,2020-06-17 09:33:02.200,5249.6000,26443,1,290111400.000,3,2,1,空开,S,5249.2000,5248.2000,5247.2000,5245.0000,5243.6000,5250.0000,5251.4000,5251.6000,5252.6000,5253.2000,2,1,1,1,1,1,1,3,2,1
SF,IC2012,2020-06-17 09:33:02.700,5249.6000,26443,0,290111400.000,0,-,-,-,-,5249.2000,5248.2000,5247.2000,5245.0000,5243.6000,5250.0000,5251.4000,5251.6000,5252.6000,5253.4000,3,1,1,1,1,21,1,3,1,1
SF,IC2012,2020-06-17 09:33:03.200,5249.2000,26444,1,293260920.000,3,2,1,空开,S,5248.2000,5247.2000,5245.0000,5243.6000,5243.2000,5249.0000,5249.2000,5249.8000,5250.0000,5250.6000,1,1,1,1,5,1,2,1,21,1
SF,IC2012,2020-06-17 09:33:03.700,5249.2000,26442,-2,295360600.000,2,0,2,双平,S,5248.6000,5248.4000,5247.2000,5245.0000,5243.6000,5249.8000,5250.0000,5250.6000,5251.6000,5252.6000,1,1,1,1,1,1,21,1,3,1
SF,IC2012,2020-06-17 09:33:04.200,5248.6000,26441,-1,296410320.000,1,0,1,双平,S,5247.2000,5245.0000,5243.6000,5243.2000,5242.0000,5249.8000,5250.0000,5250.6000,5251.6000,5252.6000,1,1,1,5,2,1,21,1,3,1
SF,IC2012,2020-06-17 09:33:04.700,5248.6000,26441,0,296410320.000,0,-,-,-,-,5247.6000,5247.4000,5247.2000,5247.0000,5245.4000,5249.6000,5249.8000,5250.0000,5250.6000,5251.6000,2,2,1,1,1,1,2,21,1,2
SF,IC2012,2020-06-17 09:33:05.200,5249.4000,26440,-1,297460200.000,1,0,1,双平,S,5247.4000,5247.2000,5247.0000,5245.4000,5245.0000,5249.4000,5249.8000,5250.0000,5250.6000,5251.6000,2,1,1,1,2,1,1,21,1,2
SF,IC2012,2020-06-17 09:33:05.700,5249.4000,26440,0,297460200.000,0,-,-,-,-,5247.4000,5247.2000,5247.0000,5245.4000,5245.0000,5249.4000,5249.8000,5250.0000,5250.6000,5251.6000,1,1,1,1,2,2,1,21,1,2
SF,IC2012,2020-06-17 09:33:06.200,5249.4000,26439,-1,298510080.000,1,0,1,双平,S,5247.4000,5247.2000,5247.0000,5245.4000,5245.0000,5249.8000,5250.0000,5250.6000,5251.6000,5252.6000,1,1,1,1,2,1,20,1,2,1
SF,IC2012,2020-06-17 09:33:06.700,5249.4000,26439,0,298510080.000,0,-,-,-,-,5247.6000,5247.4000,5247.2000,5247.0000,5245.4000,5249.6000,5249.8000,5250.0000,5250.6000,5251.6000,1,1,1,1,1,1,1,20,1,2
SF,IC2012,2020-06-17 09:33:07.200,5249.4000,26439,0,298510080.000,0,-,-,-,-,5247.6000,5247.4000,5247.2000,5247.0000,5245.4000,5249.6000,5249.8000,5250.0000,5250.6000,5251.6000,1,1,1,1,1,2,1,20,1,2
SF,IC2012,2020-06-17 09:33:08.200,5249.4000,26439,0,298510080.000,0,-,-,-,-,5247.6000,5247.4000,5247.2000,5247.0000,5245.4000,5249.6000,5249.8000,5250.0000,5250.6000,5251.6000,1,1,1,1,1,1,1,20,1,2
SF,IC2012,2020-06-17 09:33:08.700,5249.4000,26439,0,298510080.000,0,-,-,-,-,5247.4000,5247.2000,5247.0000,5245.4000,5245.0000,5249.6000,5249.8000,5250.6000,5251.6000,5252.6000,1,1,1,1,2,1,1,1,2,1
SF,IC2012,2020-06-17 09:33:09.200,5249.4000,26439,0,298510080.000,0,-,-,-,-,5247.4000,5247.2000,5247.0000,5245.4000,5245.0000,5249.6000,5249.8000,5250.6000,5251.6000,5252.6000,1,1,1,1,2,1,1,1,2,1
SF,IC2012,2020-06-17 09:33:09.700,5249.4000,26439,0,298510080.000,0,-,-,-,-,5247.6000,5247.4000,5247.2000,5247.0000,5245.4000,5249.6000,5249.8000,5250.6000,5251.6000,5252.6000,1,1,1,1,1,1,1,1,2,1
SF,IC2012,2020-06-17 09:33:10.200,5249.4000,26439,0,298510080.000,0,-,-,-,-,5247.4000,5247.2000,5247.0000,5245.0000,5243.6000,5249.6000,5249.8000,5250.6000,5251.6000,5252.6000,1,1,1,2,1,1,1,1,2,1
SF,IC2012,2020-06-17 09:33:10.700,5249.4000,26439,0,298510080.000,0,-,-,-,-,5247.6000,5247.4000,5247.2000,5247.0000,5245.0000,5249.6000,5249.8000,5250.6000,5251.6000,5252.6000,1,1,1,1,2,1,1,1,2,1
SF,IC2012,2020-06-17 09:33:11.700,5249.4000,26439,0,298510080.000,0,-,-,-,-,5247.8000,5247.6000,5247.4000,5247.2000,5247.0000,5249.6000,5249.8000,5250.6000,5251.6000,5252.6000,1,1,1,1,1,1,1,1,2,1
SF,IC2012,2020-06-17 09:33:12.200,5249.4000,26439,0,298510080.000,0,-,-,-,-,5248.0000,5247.8000,5247.4000,5247.2000,5247.0000,5249.6000,5249.8000,5250.6000,5251.6000,5252.6000,1,1,1,1,1,1,1,1,2,1
SF,IC2012,2020-06-17 09:33:12.700,5249.4000,26439,0,298510080.000,0,-,-,-,-,5248.0000,5247.8000,5247.4000,5247.2000,5247.0000,5249.6000,5249.8000,5251.6000,5252.6000,5253.4000,1,1,1,1,1,1,1,2,1,1
SF,IC2012,2020-06-17 09:33:13.200,5249.4000,26439,0,298510080.000,0,-,-,-,-,5248.0000,5247.4000,5247.2000,5247.0000,5245.0000,5249.6000,5249.8000,5252.6000,5253.4000,5254.0000,1,1,1,1,2,1,1,1,1,1
SF,IC2012,2020-06-17 09:33:13.700,5249.4000,26439,0,298510080.000,0,-,-,-,-,5248.0000,5247.4000,5247.2000,5247.0000,5245.0000,5249.6000,5249.8000,5253.4000,5254.0000,5254.2000,1,1,1,1,2,1,1,1,1,1
SF,IC2012,2020-06-17 09:33:14.200,5248.0000,26439,0,299559680.000,1,0,1,多换,S,5247.4000,5247.2000,5247.0000,5246.2000,5245.0000,5249.6000,5249.8000,5253.4000,5254.0000,5254.2000,1,1,1,2,2,1,1,1,1,1
SF,IC2012,2020-06-17 09:33:14.700,5248.0000,26439,0,299559680.000,0,-,-,-,-,5247.6000,5247.4000,5247.2000,5247.0000,5246.2000,5249.4000,5249.6000,5249.8000,5253.4000,5254.0000,1,1,1,1,2,1,1,1,1,1
SF,IC2012,2020-06-17 09:33:15.200,5248.0000,26439,0,299559680.000,0,-,-,-,-,5247.4000,5247.2000,5247.0000,5246.2000,5245.6000,5249.2000,5249.4000,5249.8000,5250.2000,5253.4000,1,1,1,2,1,1,1,1,1,1
SF,IC2012,2020-06-17 09:33:15.700,5248.0000,26439,0,299559680.000,0,-,-,-,-,5247.6000,5247.4000,5247.2000,5247.0000,5246.2000,5249.2000,5249.4000,5249.8000,5250.2000,5253.4000,1,1,1,1,2,1,1,1,1,1
SF,IC2012,2020-06-17 09:33:16.200,5248.0000,26439,0,299559680.000,0,-,-,-,-,5247.6000,5247.4000,5247.2000,5247.0000,5246.2000,5249.2000,5249.4000,5249.8000,5250.2000,5253.4000,1,1,1,1,2,1,1,1,1,1
SF,IC2012,2020-06-17 09:33:16.700,5247.6000,26439,0,300609200.000,1,0,1,多换,S,5247.4000,5247.2000,5247.0000,5246.2000,5245.6000,5249.2000,5249.4000,5249.8000,5250.2000,5253.4000,2,1,1,2,1,1,1,1,1,1
SF,IC2012,2020-06-17 09:33:17.700,5247.0000,26438,-1,305856400.000,5,2,3,多平,S,5246.2000,5245.6000,5245.0000,5243.6000,5242.0000,5247.0000,5249.2000,5249.4000,5249.8000,5250.2000,2,1,2,1,2,15,1,1,1,1
SF,IC2012,2020-06-17 09:33:18.200,5247.0000,26426,-12,322646800.000,16,2,14,多平,S,5246.8000,5246.4000,5246.2000,5245.6000,5245.0000,5249.2000,5249.4000,5250.2000,5253.4000,5254.0000,2,2,2,1,2,1,1,1,1,1
SF,IC2012,2020-06-17 09:33:18.700,5249.2000,26425,-1,323696640.000,1,0,1,双平,S,5247.0000,5246.8000,5246.4000,5246.2000,5245.6000,5249.4000,5250.2000,5253.4000,5254.0000,5254.2000,4,1,1,2,1,1,1,1,1,1
SF,IC2012,2020-06-17 09:33:19.200,5249.2000,26425,0,323696640.000,0,-,-,-,-,5248.8000,5247.0000,5246.8000,5246.4000,5246.2000,5249.2000,5249.4000,5250.2000,5253.4000,5254.0000,1,4,1,1,2,1,1,1,1,1
SF,IC2012,2020-06-17 09:33:19.700,5249.2000,26425,0,323696640.000,0,-,-,-,-,5248.8000,5247.4000,5247.2000,5247.0000,5246.8000,5249.2000,5249.4000,5250.2000,5253.4000,5254.0000,1,2,2,4,1,1,1,1,1,1
SF,IC2012,2020-06-17 09:33:20.200,5248.8000,26425,0,324746400.000,1,0,1,多换,S,5247.4000,5247.2000,5247.0000,5246.8000,5246.4000,5249.2000,5249.4000,5250.2000,5250.4000,5254.0000,2,2,4,1,1,1,2,1,2,1
SF,IC2012,2020-06-17 09:33:20.700,5248.8000,26425,0,324746400.000,0,-,-,-,-,5247.6000,5247.4000,5247.2000,5247.0000,5246.8000,5249.4000,5250.2000,5250.4000,5254.0000,5254.2000,2,2,3,3,1,2,1,2,1,1
SF,IC2012,2020-06-17 09:33:21.200,5248.8000,26425,0,324746400.000,0,-,-,-,-,5247.6000,5247.4000,5247.2000,5247.0000,5246.8000,5249.2000,5249.4000,5250.2000,5250.4000,5254.0000,2,2,3,3,1,1,2,1,2,1
SF,IC2012,2020-06-17 09:33:21.700,5248.8000,26425,0,324746400.000,0,-,-,-,-,5247.8000,5247.6000,5247.4000,5247.2000,5247.0000,5249.2000,5249.4000,5250.2000,5250.4000,5254.0000,2,2,2,1,3,1,2,1,2,1
SF,IC2012,2020-06-17 09:33:22.200,5248.0000,26425,0,327895200.000,3,1,2,多换,S,5247.8000,5247.6000,5247.4000,5247.2000,5247.0000,5249.4000,5250.2000,5250.4000,5254.0000,5254.2000,2,1,2,1,3,2,1,2,1,1
SF,IC2012,2020-06-17 09:33:22.700,5248.0000,26425,0,327895200.000,0,-,-,-,-,5248.0000,5247.8000,5247.6000,5247.4000,5247.2000,5249.4000,5250.2000,5250.4000,5254.0000,5254.2000,2,2,1,1,2,2,1,2,1,1
SF,IC2012,2020-06-17 09:33:23.200,5248.0000,26425,0,327895200.000,0,-,-,-,-,5248.0000,5247.8000,5247.2000,5247.0000,5246.8000,5249.4000,5250.2000,5250.4000,5254.0000,5254.2000,2,2,2,3,1,2,1,2,1,1
SF,IC2012,2020-06-17 09:33:23.700,5249.4000,26425,0,329994960.000,2,1,1,多换,S,5248.2000,5248.0000,5247.8000,5247.2000,5247.0000,5250.2000,5250.4000,5254.0000,5254.2000,5254.8000,5,3,1,1,4,1,2,1,1,1
SF,IC2012,2020-06-17 09:33:24.200,5249.4000,26425,0,329994960.000,0,-,-,-,-,5248.4000,5248.2000,5248.0000,5247.8000,5247.2000,5250.2000,5250.4000,5254.0000,5254.2000,5254.8000,1,6,2,1,1,1,2,1,1,1
SF,IC2012,2020-06-17 09:33:24.700,5248.6000,26425,0,331044680.000,1,0,1,多换,S,5248.8000,5248.6000,5248.4000,5248.2000,5248.0000,5250.2000,5250.4000,5254.0000,5254.2000,5254.8000,1,4,1,2,1,1,2,1,1,1
SF,IC2012,2020-06-17 09:33:25.200,5248.6000,26425,0,331044680.000,0,-,-,-,-,5249.0000,5248.8000,5248.6000,5248.4000,5248.2000,5250.0000,5250.2000,5250.4000,5254.0000,5254.2000,1,1,5,1,1,1,1,2,1,1
SF,IC2012,2020-06-17 09:33:25.700,5249.8000,26423,-2,333144600.000,2,0,2,双平,S,5249.6000,5249.2000,5249.0000,5248.8000,5248.6000,5250.0000,5250.2000,5250.4000,5254.0000,5254.2000,1,2,2,1,1,1,1,2,1,1
SF,IC2012,2020-06-17 09:33:26.200,5249.8000,26423,0,333144600.000,0,-,-,-,-,5249.6000,5249.2000,5249.0000,5248.8000,5248.6000,5250.0000,5250.2000,5250.4000,5254.0000,5254.2000,1,1,1,1,1,1,1,2,1,1
SF,IC2012,2020-06-17 09:33:26.700,5249.8000,26423,0,333144600.000,0,-,-,-,-,5249.6000,5249.0000,5248.8000,5248.6000,5247.8000,5250.0000,5250.2000,5250.4000,5254.0000,5254.2000,1,1,1,1,1,1,1,2,1,1
SF,IC2012,2020-06-17 09:33:27.200,5249.6000,26422,-1,334194520.000,1,0,1,双平,S,5249.0000,5248.8000,5248.6000,5247.8000,5247.2000,5250.2000,5250.4000,5254.0000,5254.2000,5254.8000,1,1,1,1,1,1,2,1,1,1
SF,IC2012,2020-06-17 09:33:27.700,5249.6000,26422,0,334194520.000,0,-,-,-,-,5249.0000,5248.8000,5248.6000,5248.0000,5247.8000,5250.0000,5250.2000,5250.4000,5254.0000,5254.2000,1,1,1,1,1,1,1,2,1,1
SF,IC2012,2020-06-17 09:33:29.200,5249.6000,26422,0,334194520.000,0,-,-,-,-,5249.2000,5249.0000,5248.6000,5248.0000,5247.8000,5250.0000,5250.2000,5250.4000,5254.0000,5254.2000,1,1,1,1,1,1,1,2,1,1
SF,IC2012,2020-06-17 09:33:30.200,5249.6000,26422,0,334194520.000,0,-,-,-,-,5249.4000,5249.2000,5248.6000,5248.0000,5247.8000,5249.8000,5250.0000,5250.2000,5250.4000,5254.0000,1,1,1,1,1,1,1,1,2,1
SF,IC2012,2020-06-17 09:33:30.700,5249.4000,26421,-1,335244400.000,1,0,1,双平,S,5248.6000,5248.0000,5247.8000,5247.4000,5247.2000,5249.4000,5249.8000,5250.2000,5250.4000,5254.0000,1,1,1,1,1,1,1,1,2,1
SF,IC2012,2020-06-17 09:33:31.200,5249.4000,26420,-1,338394040.000,3,1,2,多平,S,5248.0000,5247.8000,5247.4000,5247.2000,5247.0000,5249.8000,5250.2000,5250.4000,5254.0000,5254.2000,1,1,1,1,4,1,1,2,1,1
SF,IC2012,2020-06-17 09:33:31.700,5249.4000,26420,0,338394040.000,0,-,-,-,-,5248.2000,5248.0000,5247.0000,5246.8000,5246.2000,5249.6000,5250.2000,5250.4000,5254.0000,5254.2000,1,1,4,1,1,1,1,2,1,1
SF,IC2012,2020-06-17 09:33:32.200,5248.4000,26420,0,339443720.000,1,0,1,多换,S,5248.2000,5247.0000,5246.8000,5246.2000,5245.0000,5249.6000,5250.2000,5250.4000,5254.0000,5254.2000,1,4,1,1,2,1,1,2,1,1
SF,IC2012,2020-06-17 09:33:32.700,5248.4000,26420,0,339443720.000,0,-,-,-,-,5248.2000,5247.0000,5246.8000,5246.2000,5245.0000,5250.2000,5250.4000,5254.0000,5254.2000,5254.8000,1,5,1,1,2,1,2,1,1,1
SF,IC2012,2020-06-17 09:33:33.200,5248.4000,26420,0,339443720.000,0,-,-,-,-,5248.2000,5247.0000,5246.8000,5246.2000,5245.0000,5250.0000,5250.2000,5250.4000,5254.0000,5254.2000,1,5,1,1,2,1,1,2,1,1
SF,IC2012,2020-06-17 09:33:33.700,5248.4000,26420,0,339443720.000,0,-,-,-,-,5248.2000,5247.0000,5246.8000,5246.2000,5245.0000,5250.0000,5250.2000,5250.4000,5254.0000,5254.2000,1,5,1,1,2,2,1,2,1,1
SF,IC2012,2020-06-17 09:33:34.200,5248.4000,26420,0,339443720.000,0,-,-,-,-,5248.6000,5248.4000,5248.2000,5247.0000,5246.8000,5250.0000,5250.2000,5250.4000,5254.0000,5254.2000,1,2,1,4,1,2,1,2,1,1
SF,IC2012,2020-06-17 09:33:34.700,5250.0000,26419,-1,340493720.000,1,0,1,双平,S,5248.6000,5248.4000,5248.2000,5247.0000,5246.8000,5250.2000,5250.4000,5254.0000,5254.2000,5254.8000,1,3,1,4,1,1,2,1,1,1
SF,IC2012,2020-06-17 09:33:35.200,5250.0000,26419,0,340493720.000,0,-,-,-,-,5248.8000,5248.6000,5248.4000,5248.2000,5247.0000,5249.8000,5250.0000,5250.2000,5250.4000,5254.0000,2,1,1,1,4,1,1,1,2,1
SF,IC2012,2020-06-17 09:33:35.700,5250.0000,26419,0,340493720.000,0,-,-,-,-,5248.8000,5248.6000,5248.2000,5247.0000,5246.8000,5249.6000,5249.8000,5250.0000,5250.2000,5250.4000,2,1,1,4,1,1,1,1,1,2
SF,IC2012,2020-06-17 09:33:36.200,5250.0000,26419,0,340493720.000,0,-,-,-,-,5248.8000,5248.6000,5247.0000,5246.8000,5246.2000,5249.6000,5250.0000,5250.2000,5250.4000,5254.0000,1,1,4,1,1,1,1,1,2,1
SF,IC2012,2020-06-17 09:33:36.700,5250.0000,26419,0,340493720.000,0,-,-,-,-,5247.0000,5246.8000,5246.2000,5245.0000,5243.6000,5250.0000,5250.2000,5250.4000,5254.0000,5254.2000,4,1,1,2,1,1,1,2,1,1
SF,IC2012,2020-06-17 09:33:37.200,5250.0000,26419,0,340493720.000,0,-,-,-,-,5249.6000,5248.0000,5247.2000,5247.0000,5246.8000,5249.8000,5250.0000,5250.2000,5250.4000,5254.0000,1,1,4,4,1,1,1,1,2,1
SF,IC2012,2020-06-17 09:33:37.700,5250.0000,26419,0,340493720.000,0,-,-,-,-,5249.6000,5248.6000,5248.0000,5247.2000,5247.0000,5249.8000,5250.0000,5250.2000,5250.4000,5254.0000,1,1,2,5,4,2,1,1,2,1
SF,IC2012,2020-06-17 09:33:38.200,5250.0000,26418,-1,341543720.000,1,0,1,双平,S,5249.6000,5248.6000,5248.0000,5247.8000,5247.4000,5250.0000,5250.2000,5250.4000,5254.0000,5254.2000,1,1,2,1,2,1,1,2,1,1
SF,IC2012,2020-06-17 09:33:38.700,5250.0000,26418,0,341543720.000,0,-,-,-,-,5249.6000,5248.6000,5248.0000,5247.8000,5247.4000,5250.0000,5250.2000,5250.4000,5254.0000,5254.2000,1,1,2,2,2,1,1,2,1,1
SF,IC2012,2020-06-17 09:33:39.200,5250.0000,26418,0,341543720.000,0,-,-,-,-,5249.6000,5248.6000,5248.2000,5248.0000,5247.8000,5250.0000,5250.2000,5250.4000,5254.0000,5254.2000,1,1,1,3,2,1,1,2,1,1
SF,IC2012,2020-06-17 09:33:39.700,5249.6000,26416,-2,343643560.000,2,0,2,双平,S,5248.2000,5248.0000,5247.8000,5247.4000,5247.2000,5249.6000,5250.0000,5250.2000,5250.4000,5254.0000,1,3,2,2,3,1,1,1,2,1
SF,IC2012,2020-06-17 09:33:40.200,5249.6000,26416,0,343643560.000,0,-,-,-,-,5248.4000,5248.2000,5248.0000,5247.8000,5247.4000,5249.6000,5250.0000,5250.2000,5250.4000,5250.6000,1,1,1,2,2,1,1,1,2,1
SF,IC2012,2020-06-17 09:33:40.700,5249.6000,26416,0,343643560.000,0,-,-,-,-,5248.2000,5248.0000,5247.8000,5247.4000,5247.2000,5249.4000,5249.6000,5250.0000,5250.2000,5250.4000,1,1,2,2,2,1,1,1,1,2
SF,IC2012,2020-06-17 09:33:41.200,5249.6000,26416,0,343643560.000,0,-,-,-,-,5248.2000,5248.0000,5247.8000,5247.4000,5247.2000,5249.4000,5249.6000,5250.0000,5250.2000,5250.4000,1,1,2,2,3,1,1,1,1,2
SF,IC2012,2020-06-17 09:33:41.700,5249.6000,26416,0,343643560.000,0,-,-,-,-,5248.2000,5248.0000,5247.8000,5247.4000,5247.2000,5249.4000,5249.6000,5250.0000,5250.2000,5250.4000,1,1,1,1,3,1,1,1,1,2
SF,IC2012,2020-06-17 09:33:42.200,5249.6000,26416,0,343643560.000,0,-,-,-,-,5248.0000,5247.4000,5247.2000,5247.0000,5246.8000,5249.4000,5249.6000,5250.0000,5250.2000,5250.4000,1,1,2,3,1,1,1,1,1,2
SF,IC2012,2020-06-17 09:33:42.700,5249.6000,26416,0,343643560.000,0,-,-,-,-,5248.0000,5247.4000,5247.2000,5247.0000,5246.8000,5249.4000,5249.6000,5250.0000,5250.2000,5250.4000,1,1,2,3,1,1,1,1,1,2
SF,IC2012,2020-06-17 09:33:43.200,5249.6000,26416,0,344693480.000,1,0,1,多换,S,5248.2000,5248.0000,5247.4000,5247.2000,5247.0000,5249.6000,5250.0000,5250.2000,5250.4000,5250.6000,1,1,1,2,3,1,1,1,2,1
SF,IC2012,2020-06-17 09:33:43.700,5249.6000,26416,0,344693480.000,0,-,-,-,-,5248.4000,5248.2000,5248.0000,5247.4000,5247.2000,5249.6000,5250.0000,5250.2000,5250.4000,5250.6000,1,1,1,1,2,1,1,1,2,1
SF,IC2012,2020-06-17 09:33:44.200,5249.6000,26416,0,344693480.000,0,-,-,-,-,5248.4000,5248.0000,5247.4000,5247.2000,5247.0000,5249.0000,5249.6000,5250.0000,5250.2000,5250.4000,1,1,1,2,3,1,1,1,1,2
SF,IC2012,2020-06-17 09:33:44.700,5249.2000,26416,0,345743320.000,1,0,1,多换,S,5249.0000,5248.4000,5248.0000,5247.4000,5247.2000,5249.6000,5250.0000,5250.2000,5250.4000,5250.6000,1,1,1,1,2,1,1,1,2,1
SF,IC2012,2020-06-17 09:33:45.200,5249.2000,26416,0,345743320.000,0,-,-,-,-,5248.4000,5248.0000,5247.4000,5247.2000,5247.0000,5249.6000,5250.0000,5250.2000,5250.4000,5250.6000,1,1,1,2,3,1,1,1,2,1
SF,IC2012,2020-06-17 09:33:45.700,5249.2000,26416,0,345743320.000,0,-,-,-,-,5248.4000,5248.0000,5247.4000,5247.2000,5247.0000,5249.6000,5250.0000,5250.2000,5250.4000,5250.6000,1,1,1,2,3,1,1,1,2,1
SF,IC2012,2020-06-17 09:33:46.200,5249.6000,26415,-1,346793240.000,1,0,1,双平,S,5248.6000,5248.4000,5248.0000,5247.4000,5247.2000,5250.0000,5250.2000,5250.4000,5250.6000,5251.8000,1,1,1,1,2,1,1,2,1,1
SF,IC2012,2020-06-17 09:33:46.700,5249.6000,26415,0,346793240.000,0,-,-,-,-,5248.8000,5248.0000,5247.4000,5247.2000,5247.0000,5250.0000,5250.2000,5250.4000,5250.6000,5251.8000,2,1,1,2,3,1,1,2,1,1
SF,IC2012,2020-06-17 09:33:47.700,5249.6000,26415,0,346793240.000,0,-,-,-,-,5249.0000,5248.8000,5248.0000,5247.4000,5247.2000,5250.0000,5250.2000,5250.4000,5250.6000,5251.8000,1,1,1,1,2,1,1,2,1,1
SF,IC2012,2020-06-17 09:33:48.200,5249.6000,26415,0,346793240.000,0,-,-,-,-,5248.0000,5247.6000,5247.4000,5247.2000,5247.0000,5248.8000,5249.8000,5250.0000,5250.2000,5250.4000,1,1,1,2,3,1,1,1,1,2
SF,IC2012,2020-06-17 09:33:48.700,5249.0000,26415,0,347843040.000,1,0,1,多换,S,5248.2000,5248.0000,5247.6000,5247.4000,5247.2000,5250.0000,5250.2000,5250.4000,5250.6000,5254.0000,1,1,1,1,2,1,1,2,1,1
SF,IC2012,2020-06-17 09:33:49.200,5249.8000,26415,0,348893000.000,1,0,1,多换,S,5248.2000,5248.0000,5247.6000,5247.4000,5247.2000,5250.0000,5250.2000,5250.4000,5250.6000,5251.8000,1,1,1,1,2,1,1,2,1,1
SF,IC2012,2020-06-17 09:33:49.700,5249.8000,26415,0,348893000.000,0,-,-,-,-,5248.2000,5248.0000,5247.4000,5247.2000,5247.0000,5250.0000,5250.2000,5250.4000,5250.6000,5251.8000,1,1,1,2,3,1,1,2,1,1
SF,IC2012,2020-06-17 09:33:50.200,5249.8000,26415,0,348893000.000,0,-,-,-,-,5248.4000,5248.2000,5248.0000,5247.4000,5247.2000,5249.8000,5250.0000,5250.2000,5250.4000,5250.6000,2,1,1,1,2,2,1,1,2,1
SF,IC2012,2020-06-17 09:33:50.700,5248.2000,26412,-3,352042000.000,3,0,3,双平,S,5248.0000,5247.4000,5247.2000,5247.0000,5246.8000,5249.8000,5250.0000,5250.2000,5250.4000,5250.6000,1,1,2,3,1,2,1,1,2,1
SF,IC2012,2020-06-17 09:33:51.200,5248.2000,26412,0,352042000.000,0,-,-,-,-,5248.0000,5247.2000,5247.0000,5246.8000,5246.2000,5249.8000,5250.0000,5250.2000,5250.4000,5250.6000,1,2,3,1,1,1,1,1,2,1
SF,IC2012,2020-06-17 09:33:51.700,5248.2000,26412,0,352042000.000,0,-,-,-,-,5248.0000,5247.2000,5247.0000,5246.8000,5246.2000,5248.4000,5249.8000,5250.0000,5250.2000,5250.4000,1,2,3,1,1,1,1,1,1,2
SF,IC2012,2020-06-17 09:33:52.200,5248.4000,26413,1,353091680.000,1,1,0,双开,S,5248.2000,5248.0000,5247.2000,5247.0000,5246.8000,5249.8000,5250.0000,5250.2000,5250.4000,5250.6000,2,1,2,3,1,1,2,1,2,1
SF,IC2012,2020-06-17 09:33:52.700,5248.4000,26413,0,353091680.000,0,-,-,-,-,5248.4000,5248.2000,5248.0000,5247.2000,5247.0000,5249.8000,5250.0000,5250.2000,5250.4000,5250.6000,1,2,1,2,3,1,2,1,2,1
SF,IC2012,2020-06-17 09:33:53.200,5248.4000,26413,0,353091680.000,0,-,-,-,-,5248.4000,5248.2000,5248.0000,5247.2000,5247.0000,5249.8000,5250.0000,5250.2000,5250.4000,5250.6000,1,1,1,2,4,1,2,1,2,1
SF,IC2012,2020-06-17 09:33:53.700,5248.4000,26413,0,353091680.000,0,-,-,-,-,5248.4000,5248.2000,5248.0000,5247.2000,5247.0000,5249.6000,5249.8000,5250.0000,5250.2000,5250.4000,1,1,1,2,4,1,1,2,1,2
SF,IC2012,2020-06-17 09:33:55.200,5248.4000,26413,0,353091680.000,0,-,-,-,-,5248.4000,5248.2000,5248.0000,5247.2000,5247.0000,5249.6000,5249.8000,5250.0000,5250.2000,5250.4000,2,1,1,2,4,1,1,2,1,2
SF,IC2012,2020-06-17 09:33:55.700,5248.4000,26413,0,353091680.000,0,-,-,-,-,5248.4000,5248.2000,5248.0000,5247.2000,5247.0000,5249.6000,5249.8000,5250.0000,5250.2000,5250.4000,2,1,1,2,4,1,1,2,1,2
SF,IC2012,2020-06-17 09:33:56.200,5248.4000,26413,0,353091680.000,0,-,-,-,-,5248.4000,5248.2000,5248.0000,5247.2000,5247.0000,5249.6000,5249.8000,5250.0000,5250.2000,5250.4000,1,1,1,2,4,1,1,2,1,2
SF,IC2012,2020-06-17 09:33:56.700,5248.4000,26413,0,353091680.000,0,-,-,-,-,5248.4000,5248.2000,5248.0000,5247.4000,5247.2000,5249.6000,5249.8000,5250.0000,5250.2000,5250.4000,1,1,1,1,2,1,1,2,1,2
SF,IC2012,2020-06-17 09:33:57.200,5249.6000,26412,-1,354141600.000,1,0,1,双平,S,5249.8000,5249.6000,5248.6000,5248.4000,5248.0000,5250.0000,5250.2000,5250.4000,5250.6000,5254.2000,1,1,2,2,1,2,1,2,1,1
SF,IC2012,2020-06-17 09:33:57.700,5250.0000,26413,1,355191600.000,1,1,0,双开,S,5249.8000,5249.6000,5248.6000,5248.4000,5248.0000,5250.0000,5250.2000,5250.4000,5250.6000,5254.2000,1,1,3,2,1,1,1,2,1,1
SF,IC2012,2020-06-17 09:33:58.200,5250.2000,26412,-1,357291640.000,2,0,2,多平,S,5250.0000,5249.6000,5248.6000,5248.4000,5248.0000,5250.4000,5250.6000,5251.6000,5254.2000,5254.8000,1,1,3,1,1,2,1,1,1,1
SF,IC2012,2020-06-17 09:33:58.700,5250.2000,26412,0,357291640.000,0,-,-,-,-,5250.0000,5249.6000,5248.6000,5248.4000,5248.0000,5250.4000,5250.6000,5251.6000,5252.4000,5254.2000,2,1,3,1,1,2,1,1,1,1
SF,IC2012,2020-06-17 09:33:59.200,5250.2000,26412,0,357291640.000,0,-,-,-,-,5250.0000,5249.6000,5248.6000,5248.4000,5248.0000,5250.4000,5250.6000,5251.6000,5252.4000,5254.2000,2,1,3,1,1,2,1,1,1,1
SF,IC2012,2020-06-17 09:33:59.700,5250.2000,26412,0,357291640.000,0,-,-,-,-,5250.0000,5249.6000,5248.6000,5248.4000,5248.0000,5250.4000,5250.6000,5251.6000,5252.4000,5254.2000,1,1,3,1,1,2,1,1,1,1
SF,IC2012,2020-06-17 09:34:00.200,5250.2000,26412,0,357291640.000,0,-,-,-,-,5250.0000,5249.6000,5249.0000,5248.6000,5248.4000,5250.4000,5250.6000,5251.6000,5252.4000,5254.2000,1,1,1,3,1,2,1,1,1,1
SF,IC2012,2020-06-17 09:34:00.700,5250.2000,26412,0,357291640.000,0,-,-,-,-,5250.2000,5250.0000,5249.6000,5249.0000,5248.6000,5250.4000,5250.6000,5251.6000,5252.4000,5254.2000,1,1,1,1,3,2,1,1,1,1
SF,IC2012,2020-06-17 09:34:01.200,5250.2000,26411,-1,358341680.000,1,0,1,双平,S,5249.6000,5249.0000,5248.6000,5248.4000,5248.0000,5250.2000,5250.4000,5250.6000,5251.6000,5252.4000,1,1,3,1,1,1,2,1,1,1
SF,IC2012,2020-06-17 09:34:01.700,5250.2000,26411,0,358341680.000,0,-,-,-,-,5249.6000,5249.0000,5248.6000,5248.4000,5248.0000,5250.2000,5250.4000,5250.6000,5251.0000,5251.6000,1,1,3,1,2,1,2,1,1,1
SF,IC2012,2020-06-17 09:34:02.200,5250.0000,26412,1,359391680.000,1,1,0,双开,S,5249.6000,5249.0000,5248.6000,5248.4000,5248.0000,5250.2000,5250.4000,5250.6000,5251.0000,5251.6000,1,1,3,1,2,1,2,1,1,1
SF,IC2012,2020-06-17 09:34:02.700,5250.0000,26412,0,359391680.000,0,-,-,-,-,5249.6000,5249.0000,5248.6000,5248.4000,5248.0000,5250.0000,5250.4000,5250.6000,5251.0000,5251.6000,1,1,3,1,2,10,2,1,1,1
SF,IC2012,2020-06-17 09:34:03.200,5250.0000,26412,0,359391680.000,0,-,-,-,-,5249.6000,5249.0000,5248.6000,5248.4000,5248.0000,5250.0000,5250.4000,5250.6000,5251.0000,5251.6000,1,1,3,1,2,10,2,1,1,1
SF,IC2012,2020-06-17 09:34:03.700,5250.0000,26412,0,359391680.000,0,-,-,-,-,5249.6000,5249.0000,5248.6000,5248.4000,5248.0000,5250.0000,5250.4000,5250.6000,5251.0000,5251.6000,1,1,2,1,2,10,2,1,1,1
SF,IC2012,2020-06-17 09:34:04.200,5250.0000,26412,0,359391680.000,0,-,-,-,-,5249.0000,5248.6000,5248.4000,5248.0000,5247.6000,5250.0000,5250.4000,5250.6000,5251.0000,5251.6000,1,2,1,2,1,11,2,1,1,1
SF,IC2012,2020-06-17 09:34:04.700,5250.0000,26412,0,359391680.000,0,-,-,-,-,5249.0000,5248.6000,5248.4000,5248.0000,5247.6000,5250.0000,5250.4000,5250.6000,5251.0000,5251.6000,1,1,1,2,1,11,2,1,1,1
SF,IC2012,2020-06-17 09:34:05.200,5250.0000,26412,0,359391680.000,0,-,-,-,-,5249.2000,5249.0000,5248.4000,5248.0000,5247.6000,5250.0000,5250.4000,5250.6000,5251.0000,5251.6000,1,1,1,2,1,11,2,1,1,1
SF,IC2012,2020-06-17 09:34:09.200,5249.2000,26411,-1,360441520.000,1,0,1,双平,S,5248.4000,5248.0000,5247.6000,5247.2000,5247.0000,5249.2000,5250.0000,5250.4000,5250.6000,5251.0000,1,2,1,3,3,1,11,2,1,1
SF,IC2012,2020-06-17 09:34:09.700,5249.2000,26411,0,360441520.000,0,-,-,-,-,5248.4000,5248.0000,5247.6000,5247.2000,5247.0000,5249.2000,5250.0000,5250.4000,5250.6000,5251.0000,1,2,1,3,3,1,11,2,1,1
SF,IC2012,2020-06-17 09:34:10.200,5249.2000,26411,0,360441520.000,0,-,-,-,-,5248.0000,5247.6000,5247.2000,5247.0000,5246.8000,5249.0000,5249.2000,5250.0000,5250.4000,5250.6000,2,1,3,3,1,1,1,11,2,1
SF,IC2012,2020-06-17 09:34:10.700,5248.0000,26410,-1,361491120.000,1,0,1,双平,S,5247.2000,5247.0000,5246.8000,5246.2000,5245.4000,5248.4000,5249.0000,5249.2000,5250.0000,5250.4000,3,3,1,1,1,1,1,1,11,2
SF,IC2012,2020-06-17 09:34:11.200,5248.0000,26410,0,361491120.000,0,-,-,-,-,5247.2000,5247.0000,5246.8000,5246.2000,5245.4000,5248.0000,5248.2000,5249.2000,5250.0000,5250.4000,1,3,1,1,1,5,1,1,11,2
SF,IC2012,2020-06-17 09:34:11.700,5248.0000,26410,0,362540720.000,1,0,1,多换,S,5247.2000,5247.0000,5246.8000,5246.2000,5245.4000,5248.0000,5248.2000,5249.2000,5250.0000,5250.4000,1,3,1,1,1,4,1,1,11,2
SF,IC2012,2020-06-17 09:34:13.700,5247.2000,26410,0,363590160.000,1,0,1,多换,S,5247.0000,5246.8000,5246.2000,5245.4000,5245.0000,5248.0000,5248.2000,5249.2000,5250.0000,5250.4000,3,1,1,1,1,4,1,1,11,2
SF,IC2012,2020-06-17 09:34:14.200,5247.2000,26410,0,363590160.000,0,-,-,-,-,5247.0000,5246.8000,5246.2000,5245.4000,5245.0000,5247.8000,5248.0000,5250.0000,5250.4000,5254.2000,3,1,1,1,1,1,4,11,2,1
SF,IC2012,2020-06-17 09:34:14.700,5247.2000,26410,0,363590160.000,0,-,-,-,-,5247.0000,5246.8000,5246.2000,5245.4000,5245.0000,5247.4000,5247.8000,5248.0000,5250.0000,5250.4000,3,1,1,1,1,1,1,4,11,2
SF,IC2012,2020-06-17 09:34:15.200,5247.2000,26410,0,363590160.000,0,-,-,-,-,5247.2000,5247.0000,5246.8000,5246.2000,5245.4000,5247.4000,5247.8000,5248.0000,5250.0000,5250.4000,1,3,1,1,1,1,1,4,11,2
SF,IC2012,2020-06-17 09:34:15.700,5247.2000,26409,-1,364639600.000,1,0,1,双平,S,5247.0000,5246.8000,5246.2000,5245.4000,5245.0000,5247.4000,5247.8000,5248.0000,5250.0000,5250.4000,3,1,1,1,1,1,1,4,11,2
SF,IC2012,2020-06-17 09:34:16.200,5247.2000,26409,0,364639600.000,0,-,-,-,-,5247.0000,5246.8000,5246.2000,5245.4000,5245.0000,5247.4000,5247.8000,5248.0000,5250.0000,5250.4000,3,1,1,1,1,2,1,4,11,2
SF,IC2012,2020-06-17 09:34:16.700,5247.0000,26411,2,370936320.000,6,4,2,空开,S,5247.0000,5246.8000,5246.2000,5245.4000,5245.0000,5247.8000,5248.0000,5250.0000,5250.4000,5254.2000,1,1,1,1,1,1,4,11,2,1
SF,IC2012,2020-06-17 09:34:17.200,5247.0000,26411,0,370936320.000,0,-,-,-,-,5247.2000,5247.0000,5246.8000,5246.2000,5245.4000,5247.8000,5248.0000,5250.0000,5250.4000,5254.2000,1,1,1,1,1,1,4,12,2,1
SF,IC2012,2020-06-17 09:34:18.200,5247.8000,26411,0,371985880.000,1,0,1,多换,S,5247.2000,5247.0000,5246.8000,5246.2000,5245.4000,5248.0000,5250.0000,5250.4000,5254.2000,5254.8000,1,1,1,1,1,4,12,2,1,1
SF,IC2012,2020-06-17 09:34:18.700,5247.8000,26411,0,371985880.000,0,-,-,-,-,5247.4000,5247.2000,5247.0000,5246.8000,5246.2000,5248.0000,5250.0000,5250.4000,5254.2000,5254.8000,1,1,1,1,1,4,12,2,1,1
SF,IC2012,2020-06-17 09:34:19.200,5247.4000,26410,-1,373035360.000,1,0,1,双平,S,5247.2000,5247.0000,5246.8000,5246.2000,5245.4000,5248.0000,5250.0000,5250.4000,5254.2000,5254.8000,1,1,1,1,1,4,12,2,1,1
SF,IC2012,2020-06-17 09:34:20.700,5248.0000,26411,1,374084960.000,1,1,0,双开,S,5247.4000,5247.0000,5246.8000,5246.2000,5245.4000,5248.0000,5250.0000,5250.4000,5254.2000,5254.8000,1,1,1,1,1,3,12,2,1,1
SF,IC2012,2020-06-17 09:34:21.700,5247.4000,26410,-1,375134440.000,1,0,1,双平,S,5247.0000,5246.8000,5246.2000,5245.4000,5245.0000,5248.0000,5250.0000,5250.4000,5254.2000,5254.8000,1,1,1,1,1,3,12,2,1,1
SF,IC2012,2020-06-17 09:34:22.200,5246.8000,26411,1,377233200.000,2,1,1,空开,S,5246.2000,5245.4000,5245.0000,5244.0000,5243.6000,5247.0000,5247.4000,5248.0000,5250.0000,5250.4000,1,1,1,1,1,1,1,3,12,2
SF,IC2012,2020-06-17 09:34:22.700,5247.0000,26410,-1,378282600.000,1,0,1,双平,S,5246.2000,5245.4000,5245.0000,5244.0000,5243.6000,5247.4000,5248.0000,5249.0000,5250.0000,5250.4000,1,1,1,1,1,1,4,1,12,2
SF,IC2012,2020-06-17 09:34:23.200,5247.0000,26410,0,378282600.000,0,-,-,-,-,5247.2000,5246.2000,5245.4000,5245.0000,5244.0000,5247.4000,5248.0000,5249.0000,5250.0000,5250.4000,1,1,1,1,1,1,4,1,12,2
SF,IC2012,2020-06-17 09:34:23.700,5246.2000,26410,0,381430720.000,3,1,2,多换,S,5245.4000,5245.0000,5244.0000,5243.6000,5242.0000,5247.4000,5248.0000,5249.0000,5250.0000,5250.4000,1,1,1,1,2,1,4,1,12,2
SF,IC2012,2020-06-17 09:34:24.200,5246.2000,26410,0,381430720.000,0,-,-,-,-,5245.6000,5245.4000,5245.0000,5244.0000,5243.6000,5247.2000,5247.4000,5248.0000,5249.0000,5250.0000,1,1,1,1,1,1,1,4,1,12
SF,IC2012,2020-06-17 09:34:24.700,5246.2000,26410,0,381430720.000,0,-,-,-,-,5245.6000,5245.4000,5245.0000,5244.0000,5243.6000,5247.4000,5248.0000,5249.0000,5250.0000,5250.4000,1,1,1,1,1,1,4,1,12,2
SF,IC2012,2020-06-17 09:34:25.200,5246.2000,26410,0,381430720.000,0,-,-,-,-,5245.6000,5245.4000,5245.0000,5243.6000,5242.0000,5247.0000,5247.2000,5248.0000,5249.0000,5250.0000,1,1,2,1,2,1,1,4,1,12
SF,IC2012,2020-06-17 09:34:25.700,5245.6000,26409,-1,382479840.000,1,0,1,双平,S,5245.4000,5245.0000,5243.6000,5242.0000,5241.8000,5247.0000,5247.2000,5248.0000,5249.0000,5250.0000,1,2,1,2,1,1,1,4,1,12
SF,IC2012,2020-06-17 09:34:26.200,5245.4000,26408,-1,385627680.000,3,1,2,多平,S,5245.0000,5243.6000,5242.0000,5241.8000,5241.0000,5245.4000,5248.0000,5249.0000,5250.0000,5250.4000,2,1,2,1,2,1,4,1,12,2
SF,IC2012,2020-06-17 09:34:26.700,5245.4000,26408,0,386676760.000,1,0,1,多换,S,5246.2000,5245.6000,5245.4000,5245.0000,5243.6000,5248.0000,5250.0000,5250.4000,5254.2000,5254.8000,1,2,2,2,1,3,12,2,1,1
SF,IC2012,2020-06-17 09:34:27.200,5245.4000,26408,0,386676760.000,0,-,-,-,-,5246.2000,5245.6000,5245.4000,5245.0000,5243.6000,5247.8000,5248.0000,5250.0000,5250.4000,5254.2000,1,1,1,1,1,1,3,12,2,1
SF,IC2012,2020-06-17 09:34:27.700,5245.4000,26408,0,386676760.000,0,-,-,-,-,5245.6000,5245.4000,5245.0000,5243.6000,5242.0000,5247.8000,5250.0000,5250.4000,5254.2000,5254.8000,1,2,1,1,2,1,12,2,1,1
SF,IC2012,2020-06-17 09:34:28.200,5245.4000,26408,0,386676760.000,0,-,-,-,-,5246.0000,5245.8000,5245.6000,5245.4000,5245.0000,5247.8000,5250.0000,5250.4000,5254.2000,5254.8000,1,1,1,2,1,1,12,2,1,1
SF,IC2012,2020-06-17 09:34:28.700,5245.4000,26408,0,386676760.000,0,-,-,-,-,5246.2000,5246.0000,5245.6000,5245.4000,5245.0000,5247.8000,5250.0000,5250.4000,5254.2000,5254.8000,1,1,2,2,1,1,12,2,1,1
SF,IC2012,2020-06-17 09:34:29.200,5245.4000,26408,0,386676760.000,0,-,-,-,-,5246.2000,5246.0000,5245.6000,5245.4000,5245.0000,5247.8000,5250.0000,5250.4000,5254.2000,5254.8000,1,2,3,3,1,1,12,2,1,1
SF,IC2012,2020-06-17 09:34:29.700,5245.4000,26408,0,386676760.000,0,-,-,-,-,5246.2000,5246.0000,5245.6000,5245.4000,5245.0000,5247.8000,5250.0000,5250.4000,5254.2000,5254.8000,1,2,3,3,1,1,12,2,1,1
SF,IC2012,2020-06-17 09:34:30.200,5245.4000,26408,0,386676760.000,0,-,-,-,-,5246.4000,5246.2000,5246.0000,5245.6000,5245.4000,5247.8000,5250.0000,5250.4000,5254.2000,5254.8000,3,1,1,3,4,1,12,2,1,1
SF,IC2012,2020-06-17 09:34:30.700,5245.4000,26408,0,386676760.000,0,-,-,-,-,5246.8000,5246.6000,5246.4000,5245.6000,5245.4000,5247.8000,5250.0000,5250.4000,5254.2000,5254.8000,1,2,2,2,3,1,12,2,1,1
SF,IC2012,2020-06-17 09:34:31.200,5245.4000,26408,0,386676760.000,0,-,-,-,-,5246.8000,5246.6000,5246.4000,5245.6000,5245.4000,5247.8000,5250.0000,5250.4000,5254.2000,5254.8000,1,1,2,2,3,1,12,2,1,1
SF,IC2012,2020-06-17 09:34:31.700,5245.4000,26408,0,386676760.000,0,-,-,-,-,5247.0000,5246.8000,5246.6000,5246.4000,5245.6000,5247.8000,5250.0000,5250.4000,5254.2000,5254.8000,1,1,1,2,2,1,12,2,1,1
SF,IC2012,2020-06-17 09:34:32.200,5246.8000,26407,-1,388775280.000,2,0,2,多平,S,5246.6000,5246.4000,5246.2000,5245.6000,5245.4000,5247.8000,5250.0000,5250.4000,5254.2000,5254.8000,1,2,1,2,3,1,12,2,1,1
SF,IC2012,2020-06-17 09:34:32.700,5246.8000,26407,0,388775280.000,0,-,-,-,-,5246.6000,5246.4000,5245.6000,5245.4000,5245.0000,5247.8000,5250.0000,5250.4000,5254.2000,5254.8000,1,1,2,3,1,2,12,2,1,1
SF,IC2012,2020-06-17 09:34:33.200,5246.8000,26407,0,388775280.000,0,-,-,-,-,5246.6000,5246.4000,5245.6000,5245.4000,5245.0000,5247.8000,5250.0000,5250.4000,5254.2000,5254.8000,1,1,2,4,1,2,12,2,1,1
SF,IC2012,2020-06-17 09:34:33.700,5246.8000,26407,0,388775280.000,0,-,-,-,-,5246.6000,5246.4000,5245.6000,5245.4000,5245.0000,5247.8000,5250.0000,5250.4000,5254.2000,5254.8000,1,1,3,4,1,2,12,2,1,1
SF,IC2012,2020-06-17 09:34:34.200,5246.8000,26407,0,388775280.000,0,-,-,-,-,5246.4000,5245.6000,5245.4000,5245.0000,5244.0000,5247.8000,5250.0000,5250.4000,5254.2000,5254.8000,1,3,4,1,1,2,12,2,1,1
SF,IC2012,2020-06-17 09:34:35.200,5246.8000,26407,0,388775280.000,0,-,-,-,-,5246.4000,5245.6000,5245.4000,5245.0000,5244.0000,5247.8000,5250.0000,5250.4000,5254.2000,5254.8000,1,2,3,1,1,2,12,2,1,1
SF,IC2012,2020-06-17 09:34:35.700,5246.8000,26407,0,388775280.000,0,-,-,-,-,5246.4000,5245.6000,5245.4000,5245.0000,5244.0000,5247.8000,5250.0000,5250.4000,5254.2000,5254.8000,1,1,2,1,1,2,12,2,1,1
SF,IC2012,2020-06-17 09:34:36.200,5246.8000,26407,0,388775280.000,0,-,-,-,-,5246.4000,5245.6000,5245.4000,5245.0000,5244.0000,5247.8000,5250.0000,5250.4000,5254.2000,5254.8000,1,1,2,1,1,2,2,2,1,1
SF,IC2012,2020-06-17 09:34:36.700,5246.8000,26407,0,388775280.000,0,-,-,-,-,5246.4000,5245.6000,5245.4000,5245.0000,5244.0000,5247.8000,5250.0000,5250.4000,5254.2000,5254.8000,1,1,1,1,1,2,2,2,1,1
SF,IC2012,2020-06-17 09:34:40.200,5246.8000,26407,0,388775280.000,0,-,-,-,-,5246.4000,5246.0000,5245.6000,5245.4000,5245.0000,5247.8000,5250.0000,5250.4000,5254.2000,5254.8000,1,1,1,1,1,2,2,2,1,1
SF,IC2012,2020-06-17 09:34:40.700,5247.8000,26407,0,389824840.000,1,0,1,多换,S,5246.4000,5246.0000,5245.6000,5245.0000,5244.0000,5247.8000,5250.0000,5250.4000,5254.2000,5254.8000,1,1,1,1,1,1,2,2,1,1
SF,IC2012,2020-06-17 09:34:41.200,5247.8000,26407,0,389824840.000,0,-,-,-,-,5246.4000,5246.0000,5245.6000,5245.0000,5244.0000,5247.6000,5247.8000,5250.0000,5250.4000,5254.2000,1,1,1,1,1,1,1,2,2,1
SF,IC2012,2020-06-17 09:34:41.700,5247.8000,26406,-1,390874400.000,1,0,1,双平,S,5246.6000,5246.4000,5246.0000,5245.6000,5245.0000,5247.8000,5250.0000,5250.4000,5254.2000,5254.8000,1,1,1,1,1,1,2,2,1,1
SF,IC2012,2020-06-17 09:34:42.700,5247.8000,26406,0,390874400.000,0,-,-,-,-,5246.6000,5246.4000,5246.0000,5245.6000,5245.0000,5247.8000,5250.0000,5250.4000,5254.2000,5254.8000,2,1,1,1,1,1,2,2,1,1
SF,IC2012,2020-06-17 09:34:43.700,5247.8000,26406,0,391923960.000,1,0,1,多换,S,5246.6000,5246.4000,5246.0000,5245.6000,5245.0000,5250.0000,5250.4000,5254.2000,5254.8000,5255.0000,2,1,1,1,1,2,2,1,1,1
SF,IC2012,2020-06-17 09:34:44.200,5247.8000,26406,0,391923960.000,0,-,-,-,-,5246.6000,5246.4000,5246.0000,5245.6000,5245.0000,5249.8000,5250.0000,5250.4000,5254.2000,5254.8000,2,1,1,1,1,2,2,2,1,1
SF,IC2012,2020-06-17 09:34:44.700,5247.8000,26406,0,391923960.000,0,-,-,-,-,5246.8000,5246.6000,5246.0000,5245.0000,5244.0000,5249.8000,5250.0000,5250.4000,5254.2000,5254.8000,3,2,1,1,1,2,2,2,1,1
