市场代码,合约代码,时间,最新,持仓,增仓,成交额,成交量,开仓,平仓,成交类型,方向,买一价,买二价,买三价,买四价,买五价,卖一价,卖二价,卖三价,卖四价,卖五价,买一量,买二量,买三量,买四量,买五量,卖一量,卖二量,卖三量,卖四量,卖五量
SF,IC2001,2019-11-20 09:29:00.000,4908.6000,1531,0,3926880.000,4.000,-,-,-,-,4908.6000,4908.4000,4892.6000,4890.4000,4888.2000,4916.8000,4918.8000,4919.8000,4922.2000,4925.0000,2,5,1,1,1,1,1,1,1,20
SF,IC2001,2019-11-20 09:30:00.500,4906.6000,1539,8,11780040.000,8,8,0,双开,S,4899.0000,4884.4000,4845.0000,4830.0000,4810.0000,4904.8000,4905.8000,4906.0000,4906.2000,4906.4000,1,2,1,1,1,1,1,1,1,2
SF,IC2001,2019-11-20 09:30:01.000,4899.0000,1539,0,12759840.000,1,0,1,多换,S,4894.8000,4884.4000,4845.0000,4810.0000,4795.0000,4899.0000,4902.0000,4903.0000,4903.8000,4904.4000,1,2,1,1,1,2,1,3,2,5
SF,IC2001,2019-11-20 09:30:01.500,4899.0000,1539,0,12759840.000,0,-,-,-,-,4895.2000,4895.0000,4894.8000,4889.4000,4884.4000,4898.0000,4899.0000,4900.4000,4903.8000,4904.4000,1,2,1,5,2,2,1,1,2,5
SF,IC2001,2019-11-20 09:30:02.000,4899.0000,1539,0,12759840.000,0,-,-,-,-,4895.4000,4895.2000,4894.8000,4889.4000,4884.4000,4898.0000,4900.4000,4904.4000,4904.8000,4906.6000,1,1,1,5,2,2,1,6,1,2
SF,IC2001,2019-11-20 09:30:02.500,4899.0000,1539,0,12759840.000,0,-,-,-,-,4895.8000,4895.4000,4895.2000,4894.8000,4889.4000,4898.0000,4900.4000,4904.4000,4904.8000,4906.6000,1,1,1,1,5,2,1,6,1,2
SF,IC2001,2019-11-20 09:30:03.000,4899.0000,1539,0,12759840.000,0,-,-,-,-,4896.0000,4895.8000,4895.2000,4894.8000,4889.4000,4898.0000,4900.4000,4904.4000,4904.8000,4906.6000,1,1,1,1,5,2,1,5,2,2
SF,IC2001,2019-11-20 09:30:03.500,4898.0000,1539,0,13739440.000,1,0,1,多换,S,4896.4000,4896.2000,4896.0000,4895.8000,4894.8000,4898.0000,4900.4000,4904.4000,4904.8000,4906.6000,1,3,1,1,1,1,1,5,2,2
SF,IC2001,2019-11-20 09:30:04.000,4898.0000,1539,0,13739440.000,0,-,-,-,-,4896.6000,4896.4000,4895.8000,4894.8000,4884.4000,4898.0000,4900.4000,4904.4000,4904.8000,4906.6000,8,1,1,1,2,1,1,1,2,2
SF,IC2001,2019-11-20 09:30:04.500,4896.6000,1541,2,16677680.000,3,2,1,空开,S,4896.6000,4895.8000,4894.8000,4893.8000,4884.4000,4897.6000,4898.8000,4899.6000,4900.4000,4904.4000,6,1,1,1,2,1,1,1,1,1
SF,IC2001,2019-11-20 09:30:05.000,4896.6000,1541,0,16677680.000,0,-,-,-,-,4896.6000,4895.8000,4894.8000,4884.4000,4883.6000,4897.6000,4900.4000,4904.4000,4904.8000,4906.6000,6,1,1,2,5,1,1,1,2,2
SF,IC2001,2019-11-20 09:30:05.500,4896.6000,1541,0,16677680.000,0,-,-,-,-,4896.6000,4895.8000,4894.8000,4884.4000,4883.6000,4897.6000,4900.4000,4904.4000,4904.8000,4906.6000,6,1,1,2,5,1,2,1,2,2
SF,IC2001,2019-11-20 09:30:06.000,4896.6000,1541,0,16677680.000,0,-,-,-,-,4896.6000,4895.8000,4893.0000,4884.4000,4883.6000,4897.6000,4900.4000,4904.4000,4904.8000,4906.6000,6,1,1,2,5,1,2,1,2,2
SF,IC2001,2019-11-20 09:30:06.500,4896.6000,1543,2,19615640.000,3,2,1,空开,S,4896.6000,4893.0000,4884.4000,4883.6000,4845.0000,4897.4000,4897.6000,4898.6000,4900.4000,4904.4000,3,1,2,5,1,1,1,1,2,1
SF,IC2001,2019-11-20 09:30:07.000,4896.6000,1544,1,20594960.000,1,1,0,双开,S,4896.6000,4893.0000,4884.4000,4883.6000,4845.0000,4897.6000,4898.6000,4900.4000,4904.4000,4904.8000,2,1,2,5,1,1,1,2,1,2
SF,IC2001,2019-11-20 09:30:07.500,4896.6000,1544,0,22553600.000,2,1,1,多换,S,4893.0000,4884.4000,4883.6000,4845.0000,4810.0000,4897.6000,4898.6000,4900.4000,4904.4000,4904.8000,1,2,5,1,1,1,1,2,1,2
SF,IC2001,2019-11-20 09:30:08.000,4896.6000,1544,0,22553600.000,0,-,-,-,-,4895.0000,4894.4000,4893.8000,4893.4000,4893.0000,4897.6000,4898.6000,4900.4000,4904.4000,4904.8000,1,1,4,4,1,1,1,2,1,2
SF,IC2001,2019-11-20 09:30:08.500,4896.6000,1544,0,22553600.000,0,-,-,-,-,4895.4000,4895.0000,4894.4000,4893.8000,4893.4000,4897.6000,4898.6000,4900.4000,4904.4000,4904.8000,1,1,1,4,1,1,1,2,1,2
SF,IC2001,2019-11-20 09:30:09.000,4896.6000,1544,0,22553600.000,0,-,-,-,-,4895.0000,4893.8000,4893.4000,4893.0000,4884.4000,4897.4000,4897.6000,4898.6000,4900.4000,4904.4000,1,4,1,1,2,1,1,1,2,1
SF,IC2001,2019-11-20 09:30:09.500,4897.4000,1544,0,23533080.000,1,0,1,多换,S,4895.8000,4895.0000,4893.8000,4893.4000,4893.0000,4897.6000,4898.6000,4900.4000,4904.4000,4904.8000,1,1,4,1,1,1,1,2,1,2
SF,IC2001,2019-11-20 09:30:10.500,4897.4000,1544,0,23533080.000,0,-,-,-,-,4895.8000,4895.0000,4893.8000,4893.4000,4893.0000,4900.4000,4904.4000,4904.8000,4906.6000,4906.8000,1,1,4,1,1,2,1,2,2,5
SF,IC2001,2019-11-20 09:30:11.000,4897.4000,1544,0,23533080.000,0,-,-,-,-,4896.0000,4895.8000,4895.0000,4893.8000,4893.4000,4900.0000,4900.2000,4900.4000,4904.4000,4904.8000,1,1,1,4,1,1,1,2,1,2
SF,IC2001,2019-11-20 09:30:11.500,4897.4000,1544,0,23533080.000,0,-,-,-,-,4897.0000,4896.4000,4896.0000,4895.8000,4895.0000,4902.4000,4904.4000,4904.8000,4906.6000,4906.8000,1,1,2,1,1,1,1,2,2,5
SF,IC2001,2019-11-20 09:30:12.000,4897.4000,1544,0,23533080.000,0,-,-,-,-,4897.4000,4897.0000,4896.4000,4896.0000,4895.0000,4902.0000,4902.2000,4902.4000,4904.4000,4904.8000,1,1,1,1,1,1,2,1,1,2
SF,IC2001,2019-11-20 09:30:12.500,4897.4000,1544,0,24512560.000,1,0,1,多换,S,4897.0000,4896.0000,4895.0000,4893.8000,4893.0000,4901.6000,4901.8000,4902.4000,4904.8000,4906.6000,1,1,1,4,1,1,2,1,1,2
SF,IC2001,2019-11-20 09:30:13.000,4897.4000,1544,0,24512560.000,0,-,-,-,-,4897.0000,4895.0000,4893.8000,4893.0000,4883.6000,4901.0000,4901.4000,4901.6000,4902.0000,4902.4000,1,1,4,1,5,1,2,1,1,1
SF,IC2001,2019-11-20 09:30:13.500,4897.4000,1544,0,24512560.000,0,-,-,-,-,4897.0000,4895.0000,4893.8000,4893.0000,4883.6000,4900.6000,4900.8000,4901.0000,4901.6000,4902.0000,1,1,4,1,5,1,2,1,1,1
SF,IC2001,2019-11-20 09:30:14.000,4897.4000,1544,0,24512560.000,0,-,-,-,-,4897.0000,4895.0000,4893.8000,4893.0000,4883.6000,4900.4000,4900.6000,4901.0000,4901.6000,4902.0000,1,1,4,1,5,1,1,1,1,1
SF,IC2001,2019-11-20 09:30:14.500,4897.0000,1544,0,25491960.000,1,0,1,多换,S,4895.0000,4893.8000,4893.0000,4883.6000,4845.0000,4900.0000,4900.4000,4900.6000,4901.0000,4902.0000,1,4,1,5,1,1,1,1,1,1
SF,IC2001,2019-11-20 09:30:15.000,4897.0000,1544,0,25491960.000,0,-,-,-,-,4895.2000,4895.0000,4893.8000,4893.0000,4883.6000,4899.8000,4900.0000,4900.6000,4901.0000,4902.0000,2,1,4,1,5,1,1,1,1,1
SF,IC2001,2019-11-20 09:30:15.500,4897.0000,1544,0,25491960.000,0,-,-,-,-,4895.2000,4895.0000,4893.8000,4893.0000,4883.6000,4899.4000,4899.8000,4900.0000,4901.0000,4902.0000,2,1,4,1,5,1,1,1,1,1
SF,IC2001,2019-11-20 09:30:16.000,4897.0000,1544,0,25491960.000,0,-,-,-,-,4895.2000,4895.0000,4893.8000,4893.0000,4883.6000,4899.4000,4900.0000,4901.0000,4902.0000,4902.4000,2,1,4,1,5,1,1,1,1,1
SF,IC2001,2019-11-20 09:30:16.500,4897.0000,1544,0,25491960.000,0,-,-,-,-,4895.2000,4895.0000,4893.8000,4893.0000,4883.6000,4899.2000,4899.4000,4900.0000,4901.0000,4902.0000,2,1,4,1,5,2,1,1,1,1
SF,IC2001,2019-11-20 09:30:17.000,4897.0000,1544,0,25491960.000,0,-,-,-,-,4895.2000,4895.0000,4893.8000,4893.2000,4893.0000,4899.2000,4899.4000,4900.0000,4901.0000,4902.0000,2,1,4,1,1,2,1,1,1,1
SF,IC2001,2019-11-20 09:30:18.000,4897.0000,1544,0,25491960.000,0,-,-,-,-,4895.2000,4895.0000,4893.8000,4893.2000,4893.0000,4899.2000,4899.4000,4900.0000,4901.0000,4902.0000,2,1,4,1,1,6,1,1,1,1
SF,IC2001,2019-11-20 09:30:19.000,4895.2000,1544,0,27450040.000,2,1,1,多换,S,4895.0000,4893.8000,4893.2000,4893.0000,4883.6000,4899.2000,4899.4000,4900.0000,4901.0000,4902.0000,1,4,2,1,5,6,1,1,1,1
SF,IC2001,2019-11-20 09:30:19.500,4895.2000,1544,0,27450040.000,0,-,-,-,-,4895.0000,4893.8000,4893.2000,4893.0000,4883.6000,4899.0000,4899.2000,4899.4000,4900.0000,4901.0000,1,4,1,1,5,1,7,1,1,1
SF,IC2001,2019-11-20 09:30:20.000,4895.2000,1544,0,27450040.000,0,-,-,-,-,4895.0000,4893.8000,4893.2000,4893.0000,4883.6000,4898.8000,4899.0000,4899.2000,4899.4000,4900.0000,1,4,1,1,5,2,1,6,1,1
SF,IC2001,2019-11-20 09:30:21.000,4895.2000,1544,0,27450040.000,0,-,-,-,-,4895.0000,4893.8000,4893.2000,4893.0000,4883.6000,4898.6000,4898.8000,4899.0000,4899.2000,4899.4000,1,4,1,1,5,1,2,1,6,1
SF,IC2001,2019-11-20 09:30:21.500,4895.2000,1544,0,27450040.000,0,-,-,-,-,4895.0000,4893.8000,4893.2000,4893.0000,4883.6000,4898.4000,4899.0000,4899.2000,4899.4000,4901.0000,1,4,1,1,5,2,1,6,1,1
SF,IC2001,2019-11-20 09:30:22.500,4895.2000,1544,0,27450040.000,0,-,-,-,-,4895.0000,4893.8000,4893.2000,4893.0000,4883.6000,4898.4000,4899.2000,4899.4000,4901.0000,4902.0000,1,4,1,1,5,2,6,1,1,1
SF,IC2001,2019-11-20 09:30:24.500,4895.2000,1544,0,27450040.000,0,-,-,-,-,4896.0000,4895.0000,4893.8000,4893.2000,4893.0000,4898.4000,4899.2000,4901.0000,4902.0000,4902.4000,1,1,4,1,1,2,6,1,1,1
SF,IC2001,2019-11-20 09:30:25.000,4898.4000,1544,0,28429720.000,1,0,1,多换,S,4896.0000,4895.2000,4895.0000,4893.8000,4893.2000,4898.4000,4899.2000,4901.0000,4902.0000,4902.4000,1,1,1,4,1,1,5,1,1,1
SF,IC2001,2019-11-20 09:30:25.500,4898.4000,1544,0,28429720.000,0,-,-,-,-,4896.0000,4895.2000,4895.0000,4893.8000,4893.2000,4899.2000,4901.0000,4902.0000,4902.4000,4904.8000,1,1,1,4,1,5,1,1,1,1
SF,IC2001,2019-11-20 09:30:26.000,4898.4000,1544,0,28429720.000,0,-,-,-,-,4896.0000,4895.2000,4895.0000,4893.8000,4893.2000,4899.0000,4899.2000,4901.0000,4902.0000,4902.4000,1,1,1,4,1,1,5,1,1,1
SF,IC2001,2019-11-20 09:30:27.500,4895.0000,1540,-4,32345960.000,4,0,4,双平,S,4893.8000,4893.2000,4893.0000,4883.6000,4845.0000,4899.0000,4899.2000,4901.0000,4902.0000,4902.4000,4,1,1,5,1,1,1,1,1,1
SF,IC2001,2019-11-20 09:30:28.000,4895.0000,1540,0,32345960.000,0,-,-,-,-,4894.4000,4894.2000,4894.0000,4893.8000,4893.2000,4899.0000,4899.2000,4901.0000,4902.0000,4902.4000,1,1,2,4,1,1,1,1,1,1
SF,IC2001,2019-11-20 09:30:28.500,4895.0000,1540,0,32345960.000,0,-,-,-,-,4895.6000,4894.8000,4894.6000,4894.4000,4894.2000,4899.0000,4899.2000,4901.0000,4902.0000,4902.4000,1,2,1,1,1,1,1,1,1,1
SF,IC2001,2019-11-20 09:30:29.000,4895.0000,1540,0,32345960.000,0,-,-,-,-,4895.6000,4894.8000,4894.4000,4894.2000,4893.8000,4898.8000,4899.0000,4899.2000,4901.0000,4902.0000,1,2,1,1,4,1,1,1,1,1
SF,IC2001,2019-11-20 09:30:29.500,4895.0000,1540,0,32345960.000,0,-,-,-,-,4895.6000,4894.8000,4894.4000,4894.2000,4893.8000,4898.6000,4898.8000,4899.2000,4901.0000,4902.0000,1,2,1,1,4,1,1,1,1,1
SF,IC2001,2019-11-20 09:30:30.000,4895.0000,1540,0,32345960.000,0,-,-,-,-,4895.6000,4894.8000,4894.4000,4894.2000,4893.8000,4898.6000,4899.2000,4901.0000,4902.0000,4902.4000,1,2,1,1,4,1,1,1,1,1
SF,IC2001,2019-11-20 09:30:31.500,4895.0000,1540,0,32345960.000,0,-,-,-,-,4895.8000,4895.6000,4894.8000,4894.4000,4894.2000,4898.6000,4899.2000,4901.0000,4902.0000,4902.4000,1,1,2,1,1,1,1,1,1,1
SF,IC2001,2019-11-20 09:30:32.000,4898.6000,1539,-1,33325680.000,1,0,1,双平,S,4895.8000,4895.6000,4894.8000,4894.4000,4894.2000,4899.2000,4901.0000,4901.6000,4902.4000,4904.8000,1,1,2,1,1,1,1,1,1,1
SF,IC2001,2019-11-20 09:30:32.500,4898.6000,1539,0,33325680.000,0,-,-,-,-,4896.2000,4895.8000,4895.6000,4894.8000,4894.4000,4899.2000,4901.0000,4902.4000,4904.8000,4906.6000,1,1,1,2,1,1,1,1,1,2
SF,IC2001,2019-11-20 09:30:33.000,4898.6000,1539,0,33325680.000,0,-,-,-,-,4896.2000,4895.6000,4894.8000,4894.4000,4894.2000,4899.2000,4901.0000,4902.4000,4904.8000,4906.6000,1,1,2,1,1,1,1,1,1,2
SF,IC2001,2019-11-20 09:30:33.500,4898.6000,1539,0,33325680.000,0,-,-,-,-,4895.6000,4894.8000,4894.4000,4894.2000,4893.8000,4899.0000,4899.2000,4901.0000,4902.4000,4904.8000,1,2,1,1,4,1,1,1,1,1
SF,IC2001,2019-11-20 09:30:34.000,4898.6000,1539,0,33325680.000,0,-,-,-,-,4895.6000,4894.8000,4894.4000,4894.2000,4893.8000,4899.0000,4899.2000,4901.0000,4902.4000,4904.8000,1,2,1,1,4,1,1,1,1,1
SF,IC2001,2019-11-20 09:30:34.500,4898.6000,1539,0,33325680.000,0,-,-,-,-,4895.8000,4895.6000,4894.8000,4894.4000,4894.2000,4899.0000,4899.2000,4901.0000,4902.4000,4904.8000,1,1,2,1,1,1,1,1,1,1
SF,IC2001,2019-11-20 09:30:35.000,4898.6000,1539,0,33325680.000,0,-,-,-,-,4896.2000,4896.0000,4895.8000,4895.6000,4894.8000,4899.2000,4901.0000,4902.4000,4904.8000,4906.6000,1,1,1,1,2,1,1,1,1,2
SF,IC2001,2019-11-20 09:30:35.500,4898.6000,1539,0,33325680.000,0,-,-,-,-,4896.4000,4896.0000,4895.6000,4894.8000,4894.4000,4899.2000,4901.0000,4902.4000,4904.8000,4906.6000,1,1,1,2,1,1,1,1,1,2
SF,IC2001,2019-11-20 09:30:37.000,4899.2000,1539,0,34305520.000,1,0,1,多换,S,4896.8000,4896.4000,4896.0000,4895.6000,4894.8000,4901.0000,4902.4000,4904.8000,4906.6000,4906.8000,1,1,1,1,2,1,1,1,2,5
SF,IC2001,2019-11-20 09:30:37.500,4899.2000,1539,0,34305520.000,0,-,-,-,-,4896.0000,4895.6000,4894.8000,4894.4000,4893.8000,4900.8000,4901.0000,4902.4000,4904.8000,4906.6000,1,1,2,1,4,3,1,1,1,2
SF,IC2001,2019-11-20 09:30:38.000,4899.2000,1539,0,34305520.000,0,-,-,-,-,4896.2000,4896.0000,4895.6000,4894.8000,4894.4000,4900.8000,4901.0000,4902.4000,4904.8000,4906.6000,1,1,1,2,1,3,1,1,1,2
SF,IC2001,2019-11-20 09:30:38.500,4899.2000,1539,0,34305520.000,0,-,-,-,-,4896.2000,4896.0000,4895.6000,4894.8000,4894.4000,4900.6000,4900.8000,4901.0000,4902.4000,4904.8000,1,1,1,2,1,1,3,1,1,1
SF,IC2001,2019-11-20 09:30:39.000,4899.2000,1539,0,34305520.000,0,-,-,-,-,4896.2000,4896.0000,4895.6000,4894.8000,4894.4000,4900.4000,4900.8000,4901.0000,4902.4000,4904.8000,1,1,1,2,1,1,1,1,1,1
SF,IC2001,2019-11-20 09:30:39.500,4896.2000,1539,0,36264080.000,2,1,1,多换,S,4896.0000,4895.6000,4894.8000,4894.4000,4893.8000,4900.2000,4900.4000,4900.8000,4901.0000,4902.4000,1,1,2,2,4,1,1,1,1,1
SF,IC2001,2019-11-20 09:30:40.000,4896.2000,1539,0,36264080.000,0,-,-,-,-,4895.6000,4894.8000,4894.4000,4893.8000,4893.2000,4900.0000,4900.2000,4900.8000,4901.0000,4902.4000,1,2,1,4,1,2,1,1,1,1
SF,IC2001,2019-11-20 09:30:40.500,4896.2000,1539,0,36264080.000,0,-,-,-,-,4897.0000,4896.2000,4896.0000,4895.8000,4895.6000,4900.0000,4900.2000,4900.8000,4901.0000,4902.4000,1,1,1,1,1,2,1,1,1,1
SF,IC2001,2019-11-20 09:30:41.000,4896.2000,1539,0,36264080.000,0,-,-,-,-,4897.0000,4895.6000,4894.8000,4894.4000,4893.8000,4900.0000,4900.2000,4900.8000,4901.0000,4902.4000,1,1,1,1,4,2,1,1,1,1
SF,IC2001,2019-11-20 09:30:41.500,4896.2000,1539,0,36264080.000,0,-,-,-,-,4897.0000,4896.4000,4895.6000,4894.8000,4894.4000,4900.0000,4900.2000,4900.8000,4901.0000,4902.4000,1,1,1,1,1,2,1,1,1,1
SF,IC2001,2019-11-20 09:30:42.000,4896.2000,1539,0,36264080.000,0,-,-,-,-,4897.0000,4896.6000,4896.4000,4895.6000,4894.8000,4900.0000,4900.2000,4900.8000,4901.0000,4902.4000,1,1,1,1,1,2,1,1,1,1
SF,IC2001,2019-11-20 09:30:42.500,4896.2000,1539,0,36264080.000,0,-,-,-,-,4897.2000,4897.0000,4896.6000,4896.4000,4895.6000,4900.0000,4900.2000,4900.8000,4901.0000,4902.4000,1,1,1,1,1,2,1,1,1,1
SF,IC2001,2019-11-20 09:30:44.500,4896.2000,1539,0,36264080.000,0,-,-,-,-,4897.2000,4897.0000,4896.6000,4896.4000,4895.6000,4900.0000,4902.4000,4904.8000,4906.6000,4906.8000,1,1,1,1,1,2,1,1,2,5
SF,IC2001,2019-11-20 09:30:45.000,4896.2000,1539,0,36264080.000,0,-,-,-,-,4897.4000,4897.2000,4897.0000,4896.4000,4895.6000,4900.0000,4902.4000,4904.8000,4906.6000,4906.8000,1,1,1,1,1,2,1,1,2,5
SF,IC2001,2019-11-20 09:30:46.000,4896.2000,1539,0,36264080.000,0,-,-,-,-,4897.6000,4897.4000,4897.0000,4896.4000,4895.6000,4900.0000,4902.4000,4904.8000,4906.6000,4906.8000,1,1,1,1,1,2,1,1,2,5
SF,IC2001,2019-11-20 09:30:46.500,4900.0000,1538,-1,37244080.000,1,0,1,双平,S,4899.0000,4897.6000,4897.4000,4897.0000,4896.4000,4900.0000,4902.4000,4904.8000,4906.6000,4906.8000,1,1,1,1,1,1,1,1,2,5
SF,IC2001,2019-11-20 09:30:47.000,4900.0000,1538,0,37244080.000,0,-,-,-,-,4897.6000,4897.4000,4897.0000,4896.4000,4895.6000,4902.4000,4904.8000,4906.6000,4906.8000,4907.6000,1,1,1,1,1,1,1,2,5,1
SF,IC2001,2019-11-20 09:30:47.500,4900.0000,1538,0,37244080.000,0,-,-,-,-,4897.6000,4897.4000,4897.0000,4896.4000,4895.6000,4902.2000,4902.4000,4904.8000,4906.6000,4906.8000,1,1,1,1,1,2,1,1,2,5
SF,IC2001,2019-11-20 09:30:48.000,4900.0000,1538,0,37244080.000,0,-,-,-,-,4899.0000,4897.6000,4897.4000,4897.0000,4896.4000,4902.0000,4902.2000,4902.4000,4904.8000,4906.6000,1,1,1,1,1,1,3,1,1,2
SF,IC2001,2019-11-20 09:30:48.500,4900.0000,1538,0,37244080.000,0,-,-,-,-,4897.6000,4897.4000,4897.0000,4896.4000,4895.6000,4901.8000,4902.0000,4902.2000,4902.4000,4904.8000,1,1,1,1,1,2,1,1,1,1
SF,IC2001,2019-11-20 09:30:49.000,4900.0000,1538,0,37244080.000,0,-,-,-,-,4897.6000,4897.0000,4896.4000,4895.6000,4894.8000,4901.6000,4901.8000,4902.0000,4902.2000,4902.4000,1,1,1,1,1,1,2,1,1,1
SF,IC2001,2019-11-20 09:30:49.500,4900.0000,1538,0,37244080.000,0,-,-,-,-,4899.0000,4897.6000,4897.0000,4896.4000,4895.6000,4901.4000,4902.0000,4902.4000,4904.8000,4906.6000,1,1,1,1,1,3,1,1,1,2
SF,IC2001,2019-11-20 09:30:50.000,4900.0000,1538,0,37244080.000,0,-,-,-,-,4897.6000,4897.0000,4896.8000,4896.4000,4895.6000,4901.4000,4902.0000,4902.4000,4904.8000,4906.6000,1,1,1,1,1,3,1,1,1,2
SF,IC2001,2019-11-20 09:30:50.500,4900.0000,1538,0,37244080.000,0,-,-,-,-,4898.0000,4897.6000,4897.0000,4896.8000,4896.4000,4901.4000,4902.0000,4902.4000,4904.8000,4906.6000,1,1,1,1,1,3,1,1,1,2
SF,IC2001,2019-11-20 09:30:51.000,4900.0000,1538,0,37244080.000,0,-,-,-,-,4899.0000,4898.0000,4897.6000,4897.0000,4896.8000,4901.4000,4902.0000,4902.4000,4904.8000,4906.6000,1,1,1,1,1,3,1,1,1,2
SF,IC2001,2019-11-20 09:30:51.500,4900.0000,1538,0,37244080.000,0,-,-,-,-,4898.0000,4897.6000,4897.0000,4896.8000,4896.4000,4901.4000,4902.0000,4902.4000,4904.8000,4906.6000,1,1,1,1,1,3,1,1,1,2
SF,IC2001,2019-11-20 09:30:52.000,4900.0000,1538,0,37244080.000,0,-,-,-,-,4899.0000,4898.0000,4897.6000,4897.0000,4896.8000,4901.2000,4901.4000,4902.0000,4902.4000,4904.8000,1,1,1,1,1,1,1,1,1,1
SF,IC2001,2019-11-20 09:30:52.500,4900.0000,1538,0,37244080.000,0,-,-,-,-,4898.0000,4897.6000,4897.0000,4896.8000,4896.4000,4900.0000,4901.2000,4901.4000,4902.0000,4902.4000,1,1,1,1,1,2,1,1,1,1
SF,IC2001,2019-11-20 09:30:53.000,4900.0000,1538,0,37244080.000,0,-,-,-,-,4898.0000,4897.6000,4897.0000,4896.8000,4896.4000,4900.0000,4901.4000,4902.0000,4902.4000,4904.8000,1,1,1,1,1,2,1,1,1,1
SF,IC2001,2019-11-20 09:30:54.500,4900.0000,1538,0,39204080.000,2,1,1,多换,S,4899.0000,4898.0000,4897.6000,4897.0000,4896.8000,4901.4000,4902.0000,4902.4000,4904.8000,4906.6000,1,1,1,1,1,1,1,1,1,2
SF,IC2001,2019-11-20 09:30:57.000,4900.0000,1538,0,39204080.000,0,-,-,-,-,4898.0000,4897.6000,4897.0000,4896.4000,4895.6000,4901.4000,4902.0000,4902.4000,4904.8000,4906.6000,2,1,1,1,1,1,1,1,1,2
SF,IC2001,2019-11-20 09:30:57.500,4900.0000,1538,0,39204080.000,0,-,-,-,-,4899.0000,4898.0000,4897.6000,4897.0000,4896.4000,4901.2000,4901.4000,4902.0000,4902.4000,4904.8000,1,2,1,1,1,1,1,1,1,1
SF,IC2001,2019-11-20 09:30:58.000,4900.0000,1538,0,39204080.000,0,-,-,-,-,4898.0000,4897.6000,4897.0000,4896.4000,4895.6000,4901.2000,4901.4000,4902.0000,4902.4000,4904.8000,2,1,1,1,1,1,1,1,1,1
SF,IC2001,2019-11-20 09:30:58.500,4900.0000,1538,0,39204080.000,0,-,-,-,-,4898.0000,4897.6000,4897.0000,4896.4000,4895.6000,4901.2000,4901.4000,4902.0000,4902.4000,4904.8000,1,1,1,1,1,1,1,1,1,1
SF,IC2001,2019-11-20 09:30:59.500,4900.0000,1538,0,39204080.000,0,-,-,-,-,4898.0000,4897.0000,4896.4000,4895.6000,4893.8000,4901.2000,4901.4000,4902.0000,4902.4000,4904.8000,1,1,1,1,4,1,1,1,1,1
SF,IC2001,2019-11-20 09:31:01.000,4900.0000,1538,0,39204080.000,0,-,-,-,-,4898.0000,4896.4000,4895.6000,4893.8000,4893.2000,4900.8000,4901.2000,4901.4000,4902.0000,4902.4000,1,1,1,4,1,2,1,1,1,1
SF,IC2001,2019-11-20 09:31:01.500,4898.0000,1539,1,40183680.000,1,1,0,双开,S,4896.4000,4895.6000,4893.8000,4893.2000,4893.0000,4900.6000,4900.8000,4901.4000,4902.0000,4902.4000,1,1,4,1,1,2,3,1,1,1
SF,IC2001,2019-11-20 09:31:02.000,4898.0000,1539,0,40183680.000,0,-,-,-,-,4896.6000,4896.4000,4895.6000,4893.8000,4893.2000,4900.6000,4900.8000,4901.4000,4902.0000,4902.4000,1,1,1,4,1,2,3,1,1,1
SF,IC2001,2019-11-20 09:31:02.500,4898.0000,1539,0,40183680.000,0,-,-,-,-,4896.6000,4896.4000,4895.6000,4894.8000,4893.8000,4900.4000,4900.6000,4900.8000,4901.4000,4902.0000,1,1,1,1,4,1,2,3,1,1
SF,IC2001,2019-11-20 09:31:03.000,4898.0000,1539,0,40183680.000,0,-,-,-,-,4896.6000,4896.4000,4895.6000,4894.8000,4893.8000,4900.2000,4900.4000,4900.6000,4900.8000,4901.4000,1,1,1,1,4,1,1,1,3,1
SF,IC2001,2019-11-20 09:31:03.500,4898.0000,1539,0,40183680.000,0,-,-,-,-,4896.6000,4896.4000,4895.6000,4894.8000,4893.8000,4900.0000,4900.2000,4900.4000,4900.6000,4900.8000,1,1,1,1,4,1,1,1,1,3
SF,IC2001,2019-11-20 09:31:04.000,4898.0000,1539,0,40183680.000,0,-,-,-,-,4896.6000,4896.4000,4895.6000,4894.8000,4893.8000,4899.8000,4900.0000,4900.4000,4900.6000,4900.8000,1,1,1,1,4,1,1,1,1,3
SF,IC2001,2019-11-20 09:31:05.000,4898.0000,1539,0,40183680.000,0,-,-,-,-,4896.6000,4896.4000,4895.6000,4894.8000,4893.8000,4899.8000,4900.0000,4900.4000,4900.6000,4900.8000,1,1,1,1,4,1,1,1,1,2
SF,IC2001,2019-11-20 09:31:05.500,4898.0000,1539,0,40183680.000,0,-,-,-,-,4896.6000,4896.4000,4895.6000,4894.8000,4893.8000,4899.8000,4900.0000,4900.4000,4900.6000,4900.8000,1,1,1,1,4,1,2,1,1,2
SF,IC2001,2019-11-20 09:31:07.500,4898.0000,1539,0,40183680.000,0,-,-,-,-,4896.6000,4896.4000,4895.6000,4894.8000,4893.8000,4899.6000,4899.8000,4900.0000,4900.4000,4900.6000,1,1,1,1,4,1,1,2,1,1
SF,IC2001,2019-11-20 09:31:08.000,4898.0000,1539,0,40183680.000,0,-,-,-,-,4896.6000,4896.4000,4895.6000,4893.8000,4893.2000,4899.4000,4900.0000,4900.4000,4900.6000,4900.8000,1,1,1,4,1,1,2,1,1,1
SF,IC2001,2019-11-20 09:31:09.500,4898.0000,1539,0,40183680.000,0,-,-,-,-,4896.6000,4896.4000,4895.6000,4893.8000,4893.2000,4898.0000,4899.4000,4900.0000,4900.4000,4900.6000,1,1,1,4,1,1,1,2,1,1
SF,IC2001,2019-11-20 09:31:10.500,4898.0000,1539,0,40183680.000,0,-,-,-,-,4896.6000,4896.4000,4895.6000,4894.0000,4893.8000,4898.0000,4899.4000,4900.0000,4900.4000,4900.6000,1,1,1,1,4,1,1,2,1,1
SF,IC2001,2019-11-20 09:31:12.000,4898.0000,1539,0,40183680.000,0,-,-,-,-,4896.6000,4896.4000,4894.0000,4893.8000,4893.2000,4898.0000,4899.4000,4900.0000,4900.4000,4900.6000,1,1,1,4,1,1,1,2,1,1
SF,IC2001,2019-11-20 09:31:12.500,4898.0000,1539,0,40183680.000,0,-,-,-,-,4896.6000,4896.4000,4894.4000,4894.0000,4893.8000,4898.0000,4899.4000,4900.0000,4900.4000,4900.6000,1,1,1,1,4,1,2,2,1,1
SF,IC2001,2019-11-20 09:31:16.000,4898.0000,1539,0,40183680.000,0,-,-,-,-,4896.6000,4896.4000,4894.4000,4894.0000,4893.8000,4898.0000,4899.4000,4900.0000,4900.4000,4900.6000,1,1,1,1,4,1,1,2,1,1
SF,IC2001,2019-11-20 09:31:16.500,4898.0000,1539,0,40183680.000,0,-,-,-,-,4896.6000,4896.4000,4894.4000,4894.0000,4893.8000,4898.0000,4900.0000,4900.4000,4900.6000,4900.8000,1,1,1,1,4,1,2,1,1,1
SF,IC2001,2019-11-20 09:31:17.500,4898.0000,1539,0,40183680.000,0,-,-,-,-,4896.4000,4894.4000,4894.0000,4893.8000,4893.2000,4898.0000,4900.0000,4900.4000,4900.6000,4900.8000,1,1,1,4,1,1,2,1,1,1
SF,IC2001,2019-11-20 09:31:18.500,4898.0000,1539,0,40183680.000,0,-,-,-,-,4896.4000,4894.4000,4894.0000,4893.8000,4893.2000,4898.0000,4899.2000,4900.0000,4900.4000,4900.6000,1,1,1,4,1,1,1,2,1,1
SF,IC2001,2019-11-20 09:31:23.000,4898.0000,1539,0,40183680.000,0,-,-,-,-,4896.4000,4894.4000,4894.0000,4893.8000,4893.2000,4898.0000,4899.2000,4900.0000,4900.4000,4900.6000,1,1,1,4,1,1,1,2,1,1
SF,IC2001,2019-11-20 09:31:25.000,4898.0000,1538,-1,41163280.000,1,0,1,双平,S,4896.4000,4895.8000,4894.4000,4894.0000,4893.8000,4900.0000,4900.4000,4900.6000,4900.8000,4901.4000,1,1,1,1,4,2,1,1,1,1
SF,IC2001,2019-11-20 09:31:25.500,4898.0000,1538,0,41163280.000,0,-,-,-,-,4896.4000,4895.8000,4894.4000,4894.0000,4893.8000,4899.8000,4900.0000,4900.4000,4900.6000,4900.8000,1,1,1,1,4,1,2,1,1,1
SF,IC2001,2019-11-20 09:31:26.000,4898.0000,1538,0,41163280.000,0,-,-,-,-,4896.4000,4895.8000,4894.4000,4894.0000,4893.8000,4899.8000,4900.0000,4900.4000,4900.6000,4900.8000,1,1,1,1,4,2,2,1,1,1
SF,IC2001,2019-11-20 09:31:27.000,4898.0000,1538,0,41163280.000,0,-,-,-,-,4896.4000,4895.8000,4894.4000,4894.0000,4893.8000,4899.8000,4900.0000,4900.6000,4900.8000,4901.4000,1,1,1,1,4,2,2,1,1,1
SF,IC2001,2019-11-20 09:31:27.500,4898.0000,1538,0,41163280.000,0,-,-,-,-,4896.6000,4896.4000,4895.8000,4894.4000,4893.8000,4899.8000,4900.0000,4900.6000,4900.8000,4901.4000,1,1,1,1,4,1,2,1,1,1
SF,IC2001,2019-11-20 09:31:28.000,4898.0000,1538,0,41163280.000,0,-,-,-,-,4896.6000,4896.4000,4895.8000,4894.4000,4893.8000,4899.8000,4900.0000,4900.6000,4900.8000,4901.4000,2,1,1,1,4,1,1,1,1,1
SF,IC2001,2019-11-20 09:31:28.500,4898.0000,1538,0,41163280.000,0,-,-,-,-,4897.2000,4896.8000,4896.6000,4896.4000,4895.8000,4899.8000,4900.0000,4901.4000,4902.0000,4902.4000,1,1,2,1,1,1,1,1,1,1
SF,IC2001,2019-11-20 09:31:29.000,4898.0000,1538,0,41163280.000,0,-,-,-,-,4899.0000,4897.4000,4897.2000,4897.0000,4896.8000,4899.8000,4900.0000,4901.4000,4902.0000,4902.4000,1,1,1,1,2,1,1,1,1,1
SF,IC2001,2019-11-20 09:31:29.500,4900.0000,1538,0,43123240.000,2,1,1,多换,S,4899.0000,4897.6000,4897.2000,4896.8000,4896.4000,4901.4000,4902.0000,4902.4000,4906.0000,4906.6000,1,1,2,1,1,1,1,1,1,2
SF,IC2001,2019-11-20 09:31:30.000,4900.0000,1538,0,43123240.000,0,-,-,-,-,4899.0000,4897.6000,4897.2000,4896.8000,4896.4000,4901.2000,4901.4000,4902.0000,4902.4000,4906.0000,1,1,2,1,1,1,1,1,1,1
SF,IC2001,2019-11-20 09:31:30.500,4900.0000,1538,0,43123240.000,0,-,-,-,-,4899.4000,4899.0000,4897.6000,4897.2000,4896.8000,4901.4000,4902.0000,4902.4000,4906.0000,4906.6000,3,1,1,2,1,1,1,1,1,2
SF,IC2001,2019-11-20 09:31:31.000,4901.4000,1539,1,44103520.000,1,1,0,双开,S,4899.6000,4899.4000,4899.0000,4898.8000,4897.6000,4903.8000,4906.0000,4906.6000,4906.8000,4907.6000,1,3,1,1,1,1,1,2,5,1
SF,IC2001,2019-11-20 09:31:31.500,4901.4000,1539,0,44103520.000,0,-,-,-,-,4899.6000,4899.4000,4899.0000,4898.8000,4897.6000,4903.6000,4903.8000,4906.0000,4906.6000,4906.8000,1,3,2,1,1,3,1,1,2,5
SF,IC2001,2019-11-20 09:31:33.500,4901.4000,1539,0,44103520.000,0,-,-,-,-,4899.6000,4899.4000,4899.0000,4898.8000,4897.6000,4903.6000,4903.8000,4906.0000,4906.6000,4906.8000,1,3,2,1,1,3,1,1,2,5
SF,IC2001,2019-11-20 09:31:34.000,4901.4000,1539,0,44103520.000,0,-,-,-,-,4899.6000,4899.4000,4899.0000,4898.8000,4897.6000,4903.6000,4903.8000,4906.0000,4906.6000,4906.8000,1,3,2,1,1,3,1,1,2,5
SF,IC2001,2019-11-20 09:31:35.500,4901.4000,1539,0,44103520.000,0,-,-,-,-,4899.6000,4899.4000,4899.0000,4898.8000,4897.6000,4903.6000,4903.8000,4906.0000,4906.6000,4906.8000,1,3,2,1,1,3,1,1,2,5
SF,IC2001,2019-11-20 09:31:36.000,4901.4000,1539,0,44103520.000,0,-,-,-,-,4899.4000,4899.0000,4898.8000,4897.6000,4897.2000,4903.4000,4903.6000,4903.8000,4906.0000,4906.6000,3,2,1,1,2,1,3,1,1,2
SF,IC2001,2019-11-20 09:31:36.500,4901.4000,1539,0,44103520.000,0,-,-,-,-,4899.4000,4899.0000,4898.8000,4897.6000,4897.2000,4903.2000,4903.4000,4903.6000,4903.8000,4906.0000,3,2,1,1,2,2,1,1,1,1
SF,IC2001,2019-11-20 09:31:37.000,4901.4000,1539,0,44103520.000,0,-,-,-,-,4899.4000,4899.0000,4898.8000,4897.6000,4897.2000,4903.2000,4903.6000,4903.8000,4906.0000,4906.6000,3,2,1,1,2,2,1,1,1,2
SF,IC2001,2019-11-20 09:31:38.000,4901.4000,1539,0,44103520.000,0,-,-,-,-,4899.6000,4899.4000,4899.0000,4898.8000,4897.6000,4903.0000,4903.6000,4903.8000,4906.0000,4906.6000,1,3,2,1,1,1,1,1,1,2
SF,IC2001,2019-11-20 09:31:41.000,4901.4000,1539,0,44103520.000,0,-,-,-,-,4899.6000,4899.4000,4899.0000,4898.8000,4897.2000,4903.0000,4903.6000,4903.8000,4906.0000,4906.6000,1,3,2,1,2,1,1,1,1,2
SF,IC2001,2019-11-20 09:31:41.500,4901.4000,1539,0,44103520.000,0,-,-,-,-,4899.8000,4899.6000,4899.4000,4899.0000,4898.8000,4903.0000,4903.6000,4903.8000,4906.0000,4906.6000,1,1,3,2,1,1,1,1,1,2
SF,IC2001,2019-11-20 09:31:42.000,4901.4000,1539,0,44103520.000,0,-,-,-,-,4900.0000,4899.8000,4899.4000,4899.0000,4898.8000,4903.0000,4903.6000,4903.8000,4906.0000,4906.6000,1,2,3,2,1,1,1,1,1,2
SF,IC2001,2019-11-20 09:31:44.000,4901.4000,1539,0,44103520.000,0,-,-,-,-,4900.0000,4899.8000,4899.4000,4899.0000,4898.8000,4903.0000,4903.6000,4903.8000,4906.0000,4906.6000,1,1,3,2,1,1,1,1,1,2
SF,IC2001,2019-11-20 09:31:48.500,4901.4000,1539,0,44103520.000,0,-,-,-,-,4900.0000,4899.8000,4899.4000,4899.0000,4898.8000,4903.0000,4903.6000,4903.8000,4906.0000,4906.6000,1,1,3,2,1,1,1,1,1,2
SF,IC2001,2019-11-20 09:31:49.000,4901.4000,1539,0,44103520.000,0,-,-,-,-,4900.0000,4899.8000,4899.4000,4899.0000,4898.8000,4903.0000,4903.6000,4903.8000,4906.0000,4906.6000,1,1,3,2,1,1,1,1,1,2
SF,IC2001,2019-11-20 09:31:50.000,4901.4000,1539,0,44103520.000,0,-,-,-,-,4900.0000,4899.8000,4899.4000,4899.0000,4898.8000,4903.0000,4903.6000,4903.8000,4906.0000,4906.8000,1,1,3,2,1,1,1,1,1,5
SF,IC2001,2019-11-20 09:31:50.500,4901.4000,1539,0,44103520.000,0,-,-,-,-,4900.0000,4899.8000,4899.4000,4899.0000,4898.8000,4903.0000,4903.6000,4903.8000,4906.0000,4906.8000,1,1,3,2,1,1,1,1,1,5
SF,IC2001,2019-11-20 09:31:53.000,4901.4000,1539,0,44103520.000,0,-,-,-,-,4900.0000,4899.8000,4899.4000,4899.0000,4898.8000,4903.0000,4903.6000,4903.8000,4906.0000,4906.8000,1,1,3,2,1,1,1,1,1,5
SF,IC2001,2019-11-20 09:31:53.500,4901.4000,1539,0,44103520.000,0,-,-,-,-,4899.8000,4899.4000,4899.0000,4898.8000,4897.4000,4902.8000,4903.0000,4903.6000,4903.8000,4906.0000,1,3,2,1,1,1,1,1,1,1
SF,IC2001,2019-11-20 09:31:54.000,4901.4000,1539,0,44103520.000,0,-,-,-,-,4899.8000,4899.4000,4899.0000,4898.8000,4897.4000,4902.6000,4902.8000,4903.0000,4903.6000,4903.8000,1,3,2,1,1,1,1,1,1,1
SF,IC2001,2019-11-20 09:31:54.500,4901.4000,1539,0,44103520.000,0,-,-,-,-,4899.8000,4899.4000,4899.0000,4898.8000,4897.4000,4902.4000,4902.6000,4903.0000,4903.6000,4903.8000,1,3,2,1,1,1,1,1,1,1
SF,IC2001,2019-11-20 09:31:55.000,4901.4000,1539,0,44103520.000,0,-,-,-,-,4899.4000,4899.0000,4898.8000,4897.4000,4897.2000,4902.4000,4902.6000,4903.0000,4903.6000,4903.8000,3,2,1,1,2,2,1,1,1,1
SF,IC2001,2019-11-20 09:31:56.000,4901.4000,1539,0,44103520.000,0,-,-,-,-,4899.0000,4897.4000,4897.2000,4895.8000,4894.4000,4902.4000,4902.6000,4903.0000,4903.6000,4903.8000,2,1,2,1,1,2,1,1,1,1
SF,IC2001,2019-11-20 09:31:57.000,4901.4000,1539,0,44103520.000,0,-,-,-,-,4899.0000,4897.4000,4897.2000,4895.8000,4894.4000,4902.0000,4902.4000,4902.6000,4903.0000,4903.6000,2,1,2,1,1,1,3,1,1,1
SF,IC2001,2019-11-20 09:31:57.500,4901.4000,1539,0,44103520.000,0,-,-,-,-,4899.0000,4897.4000,4897.2000,4895.8000,4894.4000,4902.0000,4902.4000,4902.6000,4903.0000,4903.6000,2,1,2,1,1,1,2,1,1,1
SF,IC2001,2019-11-20 09:31:58.000,4901.4000,1539,0,44103520.000,0,-,-,-,-,4899.0000,4897.4000,4897.2000,4895.8000,4894.4000,4901.6000,4902.0000,4902.4000,4902.6000,4903.0000,2,1,2,1,1,1,1,2,1,1
SF,IC2001,2019-11-20 09:31:58.500,4901.4000,1539,0,44103520.000,0,-,-,-,-,4899.4000,4899.0000,4897.4000,4897.2000,4895.8000,4902.0000,4902.4000,4902.6000,4903.0000,4903.6000,3,2,1,2,1,1,1,1,1,1
SF,IC2001,2019-11-20 09:31:59.000,4901.4000,1539,0,44103520.000,0,-,-,-,-,4899.4000,4899.0000,4897.4000,4897.2000,4895.8000,4901.8000,4902.0000,4902.4000,4902.6000,4903.0000,3,2,1,2,1,2,1,1,1,1
SF,IC2001,2019-11-20 09:32:01.500,4901.4000,1539,0,44103520.000,0,-,-,-,-,4899.4000,4899.0000,4897.4000,4897.2000,4895.8000,4901.8000,4902.0000,4902.4000,4902.6000,4903.0000,3,2,1,2,1,3,1,1,1,1
SF,IC2001,2019-11-20 09:32:02.500,4901.4000,1539,0,44103520.000,0,-,-,-,-,4899.0000,4897.4000,4897.2000,4895.8000,4894.4000,4901.4000,4901.6000,4901.8000,4902.4000,4902.6000,2,1,2,1,1,1,1,3,1,1
SF,IC2001,2019-11-20 09:32:03.000,4901.4000,1539,0,44103520.000,0,-,-,-,-,4899.0000,4897.4000,4897.2000,4895.8000,4894.4000,4901.0000,4901.4000,4901.6000,4901.8000,4902.4000,2,1,2,1,1,1,1,1,2,1
SF,IC2001,2019-11-20 09:32:03.500,4901.4000,1539,0,44103520.000,0,-,-,-,-,4899.0000,4897.4000,4897.2000,4895.8000,4894.4000,4901.0000,4901.2000,4901.4000,4901.6000,4901.8000,2,1,2,1,1,1,1,1,1,2
SF,IC2001,2019-11-20 09:32:04.000,4901.4000,1539,0,44103520.000,0,-,-,-,-,4899.2000,4899.0000,4897.4000,4897.2000,4895.8000,4901.0000,4901.2000,4901.4000,4901.8000,4902.4000,1,2,1,2,1,1,1,1,2,1
SF,IC2001,2019-11-20 09:32:04.500,4901.4000,1539,0,44103520.000,0,-,-,-,-,4899.2000,4899.0000,4897.4000,4897.2000,4895.8000,4901.0000,4901.4000,4901.8000,4902.4000,4902.6000,1,2,1,2,1,1,1,1,1,1
SF,IC2001,2019-11-20 09:32:05.000,4901.4000,1539,0,44103520.000,0,-,-,-,-,4899.4000,4899.2000,4899.0000,4897.4000,4897.2000,4901.0000,4901.4000,4901.8000,4902.4000,4902.6000,1,1,2,1,2,1,1,1,1,1
SF,IC2001,2019-11-20 09:32:05.500,4901.4000,1539,0,44103520.000,0,-,-,-,-,4899.6000,4899.4000,4899.0000,4897.4000,4897.2000,4901.0000,4901.4000,4901.8000,4902.4000,4902.6000,1,1,2,1,2,1,1,1,1,1
SF,IC2001,2019-11-20 09:32:06.000,4901.4000,1539,0,44103520.000,0,-,-,-,-,4899.6000,4899.0000,4897.4000,4897.2000,4895.8000,4901.0000,4901.8000,4902.4000,4902.6000,4903.0000,1,2,1,2,1,1,1,1,1,1
SF,IC2001,2019-11-20 09:32:06.500,4901.0000,1538,-1,45083720.000,1,0,1,双平,S,4899.6000,4899.0000,4898.6000,4897.4000,4897.2000,4901.8000,4902.4000,4902.6000,4903.0000,4903.6000,1,2,1,1,2,1,1,1,1,1
SF,IC2001,2019-11-20 09:32:07.000,4901.0000,1538,0,45083720.000,0,-,-,-,-,4899.6000,4899.0000,4898.6000,4897.4000,4897.2000,4901.8000,4902.6000,4903.0000,4903.6000,4903.8000,1,2,1,1,2,1,1,1,1,1
SF,IC2001,2019-11-20 09:32:07.500,4901.0000,1538,0,45083720.000,0,-,-,-,-,4900.2000,4899.6000,4899.0000,4898.6000,4897.4000,4901.8000,4902.6000,4903.0000,4903.6000,4903.8000,3,1,2,1,1,1,1,1,1,1
SF,IC2001,2019-11-20 09:32:08.000,4901.0000,1538,0,45083720.000,0,-,-,-,-,4900.2000,4899.0000,4898.6000,4897.4000,4897.2000,4901.8000,4902.6000,4903.0000,4903.6000,4903.8000,3,2,1,1,2,1,1,1,1,1
SF,IC2001,2019-11-20 09:32:14.000,4901.0000,1538,0,45083720.000,0,-,-,-,-,4900.2000,4899.0000,4898.6000,4897.4000,4897.2000,4901.8000,4903.0000,4903.6000,4903.8000,4906.0000,3,2,1,1,2,1,1,1,1,1
SF,IC2001,2019-11-20 09:32:14.500,4900.2000,1538,0,46063760.000,1,0,1,多换,S,4900.2000,4899.0000,4898.6000,4897.4000,4897.2000,4901.8000,4903.0000,4903.6000,4903.8000,4906.0000,2,2,1,1,2,2,1,1,1,1
SF,IC2001,2019-11-20 09:32:16.500,4900.2000,1538,0,46063760.000,0,-,-,-,-,4900.2000,4899.0000,4898.6000,4897.4000,4897.2000,4901.0000,4901.8000,4903.0000,4903.6000,4903.8000,2,2,1,1,2,1,2,1,1,1
SF,IC2001,2019-11-20 09:32:19.000,4901.0000,1537,-1,47043960.000,1,0,1,双平,S,4900.2000,4899.0000,4898.6000,4897.4000,4897.2000,4901.8000,4903.0000,4903.6000,4903.8000,4906.0000,2,2,1,1,2,2,1,1,1,1
SF,IC2001,2019-11-20 09:32:20.000,4901.0000,1537,0,47043960.000,0,-,-,-,-,4900.2000,4899.0000,4898.6000,4897.4000,4897.2000,4901.8000,4903.6000,4903.8000,4906.0000,4906.8000,2,2,1,1,2,2,1,1,1,5
SF,IC2001,2019-11-20 09:32:20.500,4901.0000,1537,0,47043960.000,0,-,-,-,-,4900.2000,4899.0000,4898.6000,4897.4000,4897.2000,4901.8000,4903.6000,4903.8000,4906.0000,4906.8000,2,2,1,1,2,3,1,1,1,5
SF,IC2001,2019-11-20 09:32:22.500,4901.0000,1537,0,47043960.000,0,-,-,-,-,4900.2000,4899.0000,4898.6000,4897.4000,4897.2000,4901.8000,4903.6000,4903.8000,4906.0000,4906.8000,2,2,1,1,2,3,1,1,1,5
SF,IC2001,2019-11-20 09:32:27.500,4901.8000,1537,0,49985040.000,3,1,2,多换,S,4899.8000,4899.0000,4898.6000,4897.2000,4896.0000,4903.6000,4903.8000,4906.0000,4906.8000,4907.6000,1,2,1,2,1,1,1,1,5,1
SF,IC2001,2019-11-20 09:32:28.000,4901.8000,1537,0,49985040.000,0,-,-,-,-,4900.0000,4899.8000,4899.0000,4898.6000,4897.2000,4903.4000,4903.6000,4903.8000,4906.0000,4906.8000,1,1,2,1,2,1,1,1,1,5
SF,IC2001,2019-11-20 09:32:29.000,4903.4000,1536,-1,50965720.000,1,0,1,双平,S,4900.0000,4899.8000,4899.0000,4898.6000,4897.2000,4903.6000,4903.8000,4904.8000,4906.0000,4906.8000,1,1,2,1,2,1,1,1,1,5
SF,IC2001,2019-11-20 09:32:29.500,4903.4000,1536,0,50965720.000,0,-,-,-,-,4900.0000,4899.8000,4899.0000,4898.6000,4897.2000,4903.6000,4903.8000,4906.0000,4906.8000,4907.6000,1,1,2,1,2,1,1,1,5,1
SF,IC2001,2019-11-20 09:32:30.000,4903.4000,1536,0,50965720.000,0,-,-,-,-,4900.2000,4900.0000,4899.0000,4898.6000,4897.2000,4903.6000,4903.8000,4906.0000,4906.8000,4907.6000,1,1,2,1,2,1,1,1,5,1
SF,IC2001,2019-11-20 09:32:30.500,4903.4000,1536,0,50965720.000,0,-,-,-,-,4900.4000,4900.2000,4899.0000,4898.6000,4897.2000,4903.6000,4903.8000,4906.0000,4906.8000,4907.6000,2,1,2,1,2,1,1,1,5,1
SF,IC2001,2019-11-20 09:32:31.000,4900.4000,1536,0,51945800.000,1,0,1,多换,S,4900.4000,4900.2000,4899.0000,4898.6000,4897.2000,4903.6000,4903.8000,4906.0000,4906.8000,4907.6000,1,1,2,1,2,2,1,1,5,1
SF,IC2001,2019-11-20 09:32:31.500,4900.4000,1536,0,51945800.000,0,-,-,-,-,4900.6000,4900.4000,4899.0000,4898.6000,4897.2000,4903.4000,4903.6000,4903.8000,4906.0000,4906.8000,1,1,2,1,2,1,1,1,1,5
SF,IC2001,2019-11-20 09:32:32.000,4900.4000,1536,0,51945800.000,0,-,-,-,-,4900.8000,4900.6000,4899.0000,4898.6000,4897.2000,4903.4000,4903.6000,4903.8000,4906.0000,4906.8000,1,1,2,1,2,1,1,1,1,5
SF,IC2001,2019-11-20 09:32:32.500,4900.4000,1536,0,51945800.000,0,-,-,-,-,4900.8000,4900.2000,4899.0000,4898.6000,4897.2000,4903.4000,4903.6000,4903.8000,4906.0000,4906.8000,2,1,2,1,2,1,1,1,1,5
SF,IC2001,2019-11-20 09:32:33.000,4900.4000,1536,0,51945800.000,0,-,-,-,-,4901.0000,4900.8000,4900.2000,4899.0000,4898.6000,4903.4000,4903.6000,4903.8000,4906.0000,4906.8000,1,2,1,2,1,1,1,1,1,5
SF,IC2001,2019-11-20 09:32:33.500,4900.4000,1536,0,51945800.000,0,-,-,-,-,4901.2000,4901.0000,4900.8000,4900.2000,4899.0000,4903.4000,4903.6000,4903.8000,4906.0000,4906.8000,1,1,1,1,2,1,1,1,1,5
SF,IC2001,2019-11-20 09:32:34.000,4901.0000,1536,0,52926000.000,1,0,1,多换,S,4901.0000,4900.8000,4900.2000,4899.0000,4898.6000,4903.4000,4903.6000,4903.8000,4906.0000,4906.8000,1,1,2,2,1,1,1,1,1,5
SF,IC2001,2019-11-20 09:32:34.500,4901.0000,1536,0,52926000.000,0,-,-,-,-,4901.0000,4900.8000,4900.2000,4899.0000,4898.6000,4903.0000,4903.4000,4903.6000,4903.8000,4906.0000,1,1,1,2,1,1,1,1,1,1
SF,IC2001,2019-11-20 09:32:35.000,4901.0000,1536,0,52926000.000,0,-,-,-,-,4901.2000,4901.0000,4900.8000,4900.2000,4899.0000,4903.0000,4903.6000,4905.2000,4906.0000,4906.8000,1,1,1,1,2,1,1,1,1,5
SF,IC2001,2019-11-20 09:32:35.500,4901.0000,1536,0,52926000.000,0,-,-,-,-,4901.2000,4901.0000,4900.2000,4899.0000,4898.6000,4903.0000,4903.6000,4905.2000,4906.0000,4907.6000,2,1,1,2,1,1,1,1,1,1
SF,IC2001,2019-11-20 09:32:36.000,4901.0000,1536,0,52926000.000,0,-,-,-,-,4901.4000,4901.2000,4900.2000,4899.0000,4898.6000,4903.0000,4903.6000,4905.2000,4906.0000,4907.6000,1,2,1,2,1,1,1,1,1,1
SF,IC2001,2019-11-20 09:32:36.500,4901.0000,1536,0,52926000.000,0,-,-,-,-,4901.4000,4901.2000,4900.2000,4899.0000,4898.6000,4903.0000,4903.6000,4905.2000,4906.0000,4907.6000,1,1,1,2,1,1,1,1,1,1
SF,IC2001,2019-11-20 09:32:37.500,4901.4000,1536,0,53906280.000,1,0,1,多换,S,4901.2000,4900.2000,4899.0000,4898.6000,4897.2000,4903.0000,4903.6000,4905.2000,4906.0000,4907.6000,1,1,2,1,2,1,1,1,1,1
SF,IC2001,2019-11-20 09:32:38.500,4901.4000,1536,0,53906280.000,0,-,-,-,-,4900.2000,4899.0000,4898.6000,4897.2000,4895.8000,4903.0000,4903.6000,4905.2000,4906.0000,4907.6000,1,2,1,2,1,1,1,1,1,1
SF,IC2001,2019-11-20 09:32:39.000,4903.0000,1535,-1,54886880.000,1,0,1,双平,S,4900.4000,4900.2000,4899.0000,4898.6000,4897.2000,4903.6000,4905.2000,4906.0000,4907.6000,4908.6000,2,1,2,1,2,1,1,1,1,2
SF,IC2001,2019-11-20 09:32:39.500,4903.0000,1535,0,54886880.000,0,-,-,-,-,4900.4000,4900.2000,4899.0000,4898.6000,4897.2000,4903.4000,4903.6000,4905.2000,4906.0000,4907.6000,2,1,2,1,2,1,1,1,1,1
SF,IC2001,2019-11-20 09:32:40.000,4900.6000,1535,0,55867000.000,1,0,1,多换,S,4900.2000,4899.0000,4898.6000,4897.2000,4895.8000,4901.2000,4903.4000,4903.6000,4905.2000,4906.0000,1,2,1,2,1,2,1,1,1,1
SF,IC2001,2019-11-20 09:32:40.500,4901.2000,1535,0,57827480.000,2,1,1,多换,S,4900.4000,4900.2000,4899.0000,4898.6000,4897.2000,4903.6000,4905.2000,4906.0000,4907.6000,4908.6000,1,1,2,1,2,1,1,1,1,2
SF,IC2001,2019-11-20 09:32:41.000,4901.2000,1535,0,57827480.000,0,-,-,-,-,4900.4000,4900.2000,4899.0000,4898.6000,4897.2000,4903.4000,4903.6000,4905.2000,4906.0000,4907.6000,1,1,2,1,2,2,1,1,1,1
SF,IC2001,2019-11-20 09:32:41.500,4901.2000,1535,0,57827480.000,0,-,-,-,-,4900.4000,4900.2000,4899.0000,4898.6000,4897.2000,4903.2000,4903.4000,4903.6000,4905.2000,4906.0000,1,1,2,1,2,1,2,1,1,1
SF,IC2001,2019-11-20 09:32:42.000,4901.2000,1535,0,57827480.000,0,-,-,-,-,4900.4000,4900.2000,4899.0000,4898.6000,4897.2000,4903.2000,4903.6000,4905.2000,4906.0000,4907.6000,1,1,2,1,2,1,1,1,1,1
SF,IC2001,2019-11-20 09:32:44.000,4901.2000,1535,0,57827480.000,0,-,-,-,-,4900.6000,4900.4000,4900.2000,4899.0000,4898.6000,4903.2000,4903.6000,4905.2000,4906.0000,4907.6000,1,1,1,2,1,1,1,1,1,1
SF,IC2001,2019-11-20 09:32:44.500,4903.2000,1534,-1,58808120.000,1,0,1,双平,S,4900.6000,4900.2000,4899.0000,4898.6000,4897.2000,4903.6000,4905.2000,4906.0000,4907.6000,4908.6000,2,1,2,1,1,1,1,1,1,2
SF,IC2001,2019-11-20 09:32:45.000,4903.2000,1534,0,58808120.000,0,-,-,-,-,4903.2000,4901.0000,4900.6000,4900.2000,4899.0000,4903.4000,4903.6000,4905.2000,4906.0000,4907.6000,3,1,2,1,2,3,1,1,1,1
SF,IC2001,2019-11-20 09:32:45.500,4903.2000,1535,1,61750040.000,3,2,1,空开,S,4901.0000,4900.6000,4900.2000,4899.0000,4898.6000,4903.4000,4903.6000,4905.2000,4906.0000,4907.6000,1,1,1,2,1,3,1,1,1,1
SF,IC2001,2019-11-20 09:32:46.000,4903.2000,1535,0,61750040.000,0,-,-,-,-,4900.6000,4900.2000,4899.0000,4898.6000,4897.2000,4903.4000,4903.6000,4905.2000,4906.0000,4907.6000,1,1,2,1,1,3,1,1,1,1
SF,IC2001,2019-11-20 09:32:46.500,4903.2000,1535,0,61750040.000,0,-,-,-,-,4900.2000,4899.0000,4898.6000,4897.2000,4895.8000,4903.4000,4903.6000,4905.2000,4906.0000,4907.6000,1,2,1,1,1,3,1,1,1,1
SF,IC2001,2019-11-20 09:32:47.500,4903.2000,1535,0,61750040.000,0,-,-,-,-,4900.2000,4899.0000,4898.6000,4897.2000,4895.8000,4903.2000,4903.4000,4903.6000,4905.2000,4906.0000,1,2,1,1,1,1,3,1,1,1
SF,IC2001,2019-11-20 09:32:48.000,4903.2000,1535,0,61750040.000,0,-,-,-,-,4900.2000,4899.0000,4898.6000,4897.2000,4895.8000,4902.4000,4903.2000,4903.6000,4905.2000,4906.0000,1,2,1,1,1,3,1,1,1,1
SF,IC2001,2019-11-20 09:32:48.500,4903.2000,1535,0,61750040.000,0,-,-,-,-,4900.2000,4899.0000,4898.6000,4897.2000,4895.8000,4902.4000,4903.2000,4903.6000,4905.2000,4906.0000,1,3,1,1,1,3,1,1,1,1
SF,IC2001,2019-11-20 09:32:49.500,4903.2000,1535,0,61750040.000,0,-,-,-,-,4900.2000,4899.0000,4898.6000,4897.2000,4895.8000,4902.4000,4903.2000,4903.6000,4905.2000,4906.0000,1,2,1,1,1,3,1,1,1,1
SF,IC2001,2019-11-20 09:32:50.500,4902.4000,1535,0,64691480.000,3,1,2,多换,S,4900.2000,4899.8000,4899.0000,4898.6000,4897.2000,4903.2000,4903.6000,4905.2000,4906.0000,4907.6000,1,1,2,1,1,2,1,1,1,1
SF,IC2001,2019-11-20 09:32:51.000,4900.4000,1535,0,65671560.000,1,0,1,多换,S,4900.2000,4900.0000,4899.4000,4899.0000,4898.6000,4903.2000,4903.6000,4905.2000,4906.0000,4907.6000,1,1,1,2,1,2,1,1,1,1
SF,IC2001,2019-11-20 09:32:51.500,4900.4000,1535,0,65671560.000,0,-,-,-,-,4900.2000,4900.0000,4899.0000,4898.6000,4897.2000,4903.2000,4903.6000,4905.2000,4906.0000,4907.6000,1,1,2,1,1,2,1,1,1,1
SF,IC2001,2019-11-20 09:32:52.000,4903.2000,1535,0,66652200.000,1,0,1,多换,S,4900.2000,4900.0000,4899.0000,4898.6000,4897.2000,4903.2000,4903.6000,4905.2000,4906.0000,4907.6000,1,1,2,1,1,1,1,1,1,1
SF,IC2001,2019-11-20 09:32:52.500,4903.2000,1535,0,66652200.000,0,-,-,-,-,4900.2000,4900.0000,4899.0000,4898.6000,4897.2000,4902.6000,4903.2000,4903.6000,4905.2000,4906.0000,1,1,2,1,1,1,1,1,1,1
SF,IC2001,2019-11-20 09:32:53.000,4903.2000,1535,0,66652200.000,0,-,-,-,-,4900.8000,4900.2000,4900.0000,4899.0000,4898.6000,4902.4000,4902.6000,4903.6000,4905.2000,4906.0000,1,1,1,2,1,1,1,1,1,1
SF,IC2001,2019-11-20 09:32:53.500,4900.8000,1535,0,67632360.000,1,0,1,多换,S,4900.2000,4900.0000,4899.0000,4898.6000,4897.2000,4902.4000,4902.6000,4903.6000,4905.2000,4906.0000,1,1,2,1,1,1,1,1,1,1
SF,IC2001,2019-11-20 09:32:56.000,4900.2000,1535,0,68612400.000,1,0,1,多换,S,4900.4000,4900.0000,4899.0000,4898.6000,4897.2000,4902.4000,4902.6000,4903.6000,4905.2000,4906.0000,1,1,2,1,1,1,1,1,1,1
SF,IC2001,2019-11-20 09:32:56.500,4900.2000,1534,-1,69592440.000,1,0,1,双平,S,4900.0000,4899.2000,4899.0000,4898.6000,4897.2000,4902.4000,4902.6000,4903.6000,4905.2000,4906.0000,1,1,2,1,1,1,1,1,1,1
SF,IC2001,2019-11-20 09:32:57.000,4900.2000,1534,0,69592440.000,0,-,-,-,-,4900.8000,4900.4000,4900.0000,4899.0000,4898.6000,4902.4000,4902.6000,4903.6000,4903.8000,4905.2000,1,1,1,2,1,1,1,1,1,1
SF,IC2001,2019-11-20 09:32:57.500,4900.2000,1534,0,69592440.000,0,-,-,-,-,4900.8000,4900.0000,4899.0000,4898.6000,4897.2000,4902.4000,4902.6000,4903.6000,4903.8000,4905.2000,1,1,2,1,1,1,1,1,1,1
SF,IC2001,2019-11-20 09:32:58.500,4900.2000,1534,0,69592440.000,0,-,-,-,-,4900.8000,4900.0000,4899.4000,4899.0000,4898.6000,4902.4000,4902.6000,4903.6000,4903.8000,4905.2000,1,1,1,2,1,1,1,1,1,1
SF,IC2001,2019-11-20 09:33:00.000,4900.8000,1534,0,70572600.000,1,0,1,多换,S,4900.0000,4899.4000,4899.0000,4898.6000,4897.2000,4902.4000,4902.6000,4903.6000,4903.8000,4905.2000,1,1,2,1,1,1,1,1,1,1
SF,IC2001,2019-11-20 09:33:00.500,4900.0000,1533,-1,71552600.000,1,0,1,双平,S,4899.0000,4898.6000,4897.2000,4895.8000,4893.2000,4902.4000,4902.6000,4903.8000,4905.2000,4906.0000,2,1,1,1,1,1,1,1,1,1
SF,IC2001,2019-11-20 09:33:01.000,4900.0000,1533,0,71552600.000,0,-,-,-,-,4899.2000,4899.0000,4898.6000,4897.2000,4895.8000,4902.2000,4902.4000,4902.6000,4903.8000,4905.2000,1,2,1,1,1,2,3,1,1,1
SF,IC2001,2019-11-20 09:33:01.500,4900.0000,1533,0,71552600.000,0,-,-,-,-,4899.2000,4899.0000,4897.2000,4895.8000,4893.2000,4902.0000,4902.2000,4902.4000,4902.6000,4903.8000,1,2,1,1,1,2,2,2,1,1
SF,IC2001,2019-11-20 09:33:02.500,4899.2000,1533,0,72532440.000,1,0,1,多换,S,4899.0000,4898.0000,4897.2000,4895.8000,4893.2000,4902.0000,4902.2000,4902.4000,4903.8000,4905.2000,2,1,1,1,1,2,2,2,1,1
SF,IC2001,2019-11-20 09:33:03.000,4899.2000,1533,0,72532440.000,0,-,-,-,-,4899.0000,4897.2000,4895.8000,4893.2000,4890.2000,4902.0000,4902.2000,4902.4000,4903.8000,4905.2000,2,1,1,1,2,3,2,2,1,1
SF,IC2001,2019-11-20 09:33:04.000,4899.2000,1533,0,72532440.000,0,-,-,-,-,4899.2000,4899.0000,4897.2000,4895.8000,4893.2000,4902.0000,4902.2000,4902.4000,4903.8000,4905.2000,1,2,1,1,1,3,1,2,1,1
SF,IC2001,2019-11-20 09:33:04.500,4899.2000,1533,0,73512280.000,1,0,1,多换,S,4900.4000,4899.0000,4897.2000,4895.8000,4893.2000,4902.0000,4902.2000,4902.4000,4903.8000,4905.2000,1,2,1,1,1,3,1,2,1,1
SF,IC2001,2019-11-20 09:33:05.000,4900.4000,1533,0,74492360.000,1,0,1,多换,S,4899.0000,4897.2000,4895.8000,4893.2000,4890.2000,4902.0000,4902.2000,4902.4000,4903.8000,4905.2000,2,1,1,1,2,3,1,2,1,1
SF,IC2001,2019-11-20 09:33:05.500,4900.4000,1533,0,74492360.000,0,-,-,-,-,4899.2000,4899.0000,4898.6000,4897.2000,4895.8000,4901.2000,4902.0000,4902.4000,4903.8000,4905.2000,1,2,1,1,1,1,3,2,1,1
SF,IC2001,2019-11-20 09:33:06.000,4900.4000,1533,0,74492360.000,0,-,-,-,-,4899.2000,4899.0000,4897.2000,4895.8000,4893.2000,4901.2000,4902.0000,4902.4000,4903.8000,4905.2000,1,2,1,1,1,1,1,2,1,1
SF,IC2001,2019-11-20 09:33:06.500,4900.4000,1533,0,74492360.000,0,-,-,-,-,4899.0000,4897.2000,4895.8000,4893.2000,4890.2000,4901.0000,4901.2000,4902.0000,4902.4000,4903.8000,2,1,1,1,2,1,1,1,2,1
SF,IC2001,2019-11-20 09:33:08.500,4900.4000,1533,0,74492360.000,0,-,-,-,-,4899.0000,4897.2000,4895.8000,4893.2000,4890.2000,4901.0000,4901.2000,4902.0000,4902.4000,4903.8000,2,1,1,1,2,1,1,1,2,1
SF,IC2001,2019-11-20 09:33:10.500,4899.0000,1534,1,76451960.000,2,1,1,空开,S,4897.2000,4895.8000,4893.2000,4890.2000,4889.4000,4899.0000,4901.0000,4901.2000,4902.0000,4902.4000,1,1,1,2,5,1,1,1,1,2
SF,IC2001,2019-11-20 09:33:11.000,4899.0000,1534,0,77431760.000,1,0,1,多换,S,4897.4000,4897.2000,4895.8000,4893.2000,4890.2000,4901.2000,4902.4000,4903.8000,4905.2000,4906.0000,1,1,1,1,2,1,2,1,1,1
SF,IC2001,2019-11-20 09:33:11.500,4899.0000,1534,0,77431760.000,0,-,-,-,-,4897.4000,4897.2000,4895.8000,4893.2000,4890.2000,4901.0000,4901.2000,4901.4000,4902.4000,4903.8000,1,1,1,1,2,2,1,1,2,1
SF,IC2001,2019-11-20 09:33:12.000,4899.0000,1534,0,77431760.000,0,-,-,-,-,4897.4000,4897.2000,4895.8000,4893.2000,4890.2000,4900.6000,4900.8000,4901.0000,4901.2000,4901.4000,1,1,1,1,2,1,1,2,1,1
SF,IC2001,2019-11-20 09:33:12.500,4899.0000,1534,0,77431760.000,0,-,-,-,-,4897.4000,4897.2000,4895.8000,4893.2000,4890.2000,4900.4000,4900.6000,4900.8000,4901.2000,4901.4000,1,1,1,1,2,1,1,1,1,1
SF,IC2001,2019-11-20 09:33:13.000,4897.4000,1534,0,78411240.000,1,0,1,多换,S,4897.2000,4896.6000,4895.8000,4893.2000,4890.2000,4900.4000,4900.8000,4901.4000,4902.4000,4903.8000,1,1,1,1,2,1,1,1,2,1
SF,IC2001,2019-11-20 09:33:13.500,4897.4000,1534,0,78411240.000,0,-,-,-,-,4897.2000,4895.8000,4893.2000,4890.2000,4889.4000,4900.4000,4900.8000,4901.4000,4902.4000,4903.8000,1,1,1,2,5,1,1,1,2,1
SF,IC2001,2019-11-20 09:33:14.000,4897.4000,1534,0,78411240.000,0,-,-,-,-,4897.2000,4895.8000,4895.0000,4893.2000,4890.2000,4900.4000,4900.8000,4901.4000,4902.4000,4903.8000,1,1,1,1,2,1,1,1,2,1
SF,IC2001,2019-11-20 09:33:14.500,4897.4000,1534,0,78411240.000,0,-,-,-,-,4895.8000,4895.0000,4893.2000,4890.2000,4889.4000,4900.2000,4900.4000,4900.6000,4900.8000,4901.4000,1,1,1,2,5,2,1,1,1,1
SF,IC2001,2019-11-20 09:33:15.000,4897.4000,1534,0,78411240.000,0,-,-,-,-,4896.0000,4895.8000,4895.0000,4893.2000,4890.2000,4900.0000,4900.2000,4900.6000,4900.8000,4901.4000,2,1,1,1,2,4,2,1,1,1
SF,IC2001,2019-11-20 09:33:15.500,4897.4000,1534,0,78411240.000,0,-,-,-,-,4896.0000,4895.8000,4895.0000,4893.2000,4890.2000,4899.6000,4900.0000,4900.2000,4900.6000,4900.8000,2,1,1,1,2,1,4,1,1,1
SF,IC2001,2019-11-20 09:33:16.000,4897.4000,1534,0,78411240.000,0,-,-,-,-,4896.0000,4895.8000,4895.0000,4893.2000,4890.2000,4899.4000,4900.6000,4900.8000,4901.4000,4902.4000,2,1,1,1,2,1,1,1,1,2
SF,IC2001,2019-11-20 09:33:16.500,4897.4000,1534,0,78411240.000,0,-,-,-,-,4896.4000,4896.0000,4895.8000,4895.0000,4893.2000,4899.2000,4900.6000,4900.8000,4901.4000,4902.4000,2,2,1,1,1,1,1,1,1,2
SF,IC2001,2019-11-20 09:33:17.000,4897.4000,1534,0,78411240.000,0,-,-,-,-,4896.6000,4896.4000,4895.8000,4895.0000,4893.2000,4899.2000,4900.6000,4900.8000,4901.4000,4902.4000,1,2,1,1,1,1,1,1,1,2
SF,IC2001,2019-11-20 09:33:17.500,4897.4000,1534,0,78411240.000,0,-,-,-,-,4896.6000,4896.4000,4895.8000,4895.0000,4893.2000,4899.2000,4900.6000,4900.8000,4901.4000,4902.4000,1,3,1,1,1,1,1,1,1,2
SF,IC2001,2019-11-20 09:33:19.500,4897.4000,1534,0,78411240.000,0,-,-,-,-,4896.6000,4896.4000,4895.8000,4895.0000,4893.2000,4899.2000,4900.6000,4900.8000,4901.4000,4902.4000,1,1,1,1,1,1,1,1,1,2
SF,IC2001,2019-11-20 09:33:23.500,4897.4000,1534,0,78411240.000,0,-,-,-,-,4896.6000,4896.4000,4895.8000,4895.0000,4893.2000,4899.2000,4900.6000,4900.8000,4902.4000,4903.8000,1,1,1,1,1,1,1,1,2,1
SF,IC2001,2019-11-20 09:33:24.000,4897.4000,1534,0,78411240.000,0,-,-,-,-,4896.6000,4896.4000,4895.8000,4895.0000,4893.2000,4899.0000,4899.2000,4900.4000,4900.6000,4900.8000,1,1,1,1,1,1,1,1,1,1
SF,IC2001,2019-11-20 09:33:24.500,4897.4000,1534,0,78411240.000,0,-,-,-,-,4896.4000,4895.8000,4895.0000,4893.2000,4890.2000,4898.8000,4899.0000,4900.4000,4900.6000,4900.8000,1,1,1,1,2,2,1,1,1,1
SF,IC2001,2019-11-20 09:33:25.000,4897.4000,1534,0,78411240.000,0,-,-,-,-,4895.8000,4895.0000,4893.2000,4890.2000,4889.4000,4898.8000,4899.0000,4900.4000,4900.6000,4900.8000,1,1,1,2,5,2,1,1,1,1
SF,IC2001,2019-11-20 09:33:26.500,4897.4000,1534,0,78411240.000,0,-,-,-,-,4896.0000,4895.8000,4895.0000,4893.2000,4890.2000,4898.8000,4899.0000,4900.4000,4900.6000,4900.8000,2,1,1,1,2,2,1,1,1,1
SF,IC2001,2019-11-20 09:33:27.000,4897.4000,1534,0,78411240.000,0,-,-,-,-,4896.0000,4895.8000,4893.2000,4890.2000,4889.4000,4898.8000,4899.0000,4900.4000,4900.6000,4900.8000,2,1,1,2,5,2,1,1,1,1
SF,IC2001,2019-11-20 09:33:29.500,4897.4000,1534,0,78411240.000,0,-,-,-,-,4896.0000,4895.8000,4893.2000,4890.2000,4889.4000,4898.6000,4898.8000,4899.0000,4900.4000,4900.6000,2,1,1,2,5,1,2,1,1,1
SF,IC2001,2019-11-20 09:33:30.000,4897.4000,1534,0,78411240.000,0,-,-,-,-,4896.0000,4895.8000,4893.2000,4890.2000,4889.4000,4898.2000,4898.6000,4899.0000,4900.4000,4900.6000,2,1,1,2,5,3,1,1,1,1
SF,IC2001,2019-11-20 09:33:31.000,4897.4000,1534,0,78411240.000,0,-,-,-,-,4896.0000,4895.8000,4893.2000,4890.2000,4889.4000,4898.2000,4899.0000,4900.4000,4900.6000,4900.8000,2,1,1,2,5,4,1,1,1,1
SF,IC2001,2019-11-20 09:33:32.000,4897.4000,1534,0,78411240.000,0,-,-,-,-,4896.2000,4896.0000,4895.8000,4893.2000,4890.2000,4898.2000,4899.0000,4900.4000,4900.6000,4900.8000,1,1,1,1,2,4,1,1,1,1
SF,IC2001,2019-11-20 09:33:32.500,4898.2000,1531,-3,82329800.000,4,0,4,多平,S,4896.4000,4896.2000,4896.0000,4895.8000,4893.2000,4899.0000,4900.4000,4900.6000,4900.8000,4902.4000,2,2,1,1,1,1,1,1,1,1
SF,IC2001,2019-11-20 09:33:33.000,4898.2000,1531,0,82329800.000,0,-,-,-,-,4897.0000,4896.4000,4896.2000,4896.0000,4895.8000,4899.0000,4900.4000,4900.6000,4900.8000,4902.4000,1,2,2,1,1,1,1,1,1,1
SF,IC2001,2019-11-20 09:33:33.500,4898.2000,1531,0,82329800.000,0,-,-,-,-,4897.2000,4897.0000,4896.6000,4896.2000,4896.0000,4899.0000,4900.6000,4900.8000,4902.4000,4903.8000,2,1,1,1,1,1,1,1,1,1
SF,IC2001,2019-11-20 09:33:34.000,4899.0000,1531,0,83309600.000,1,0,1,多换,S,4897.4000,4897.2000,4896.6000,4896.0000,4895.8000,4900.6000,4900.8000,4902.4000,4903.8000,4905.2000,1,2,1,1,1,1,1,1,1,1
SF,IC2001,2019-11-20 09:33:34.500,4899.0000,1531,0,83309600.000,0,-,-,-,-,4897.6000,4897.4000,4896.6000,4896.0000,4895.8000,4900.4000,4900.6000,4900.8000,4902.4000,4903.8000,2,2,1,1,1,1,1,1,1,1
SF,IC2001,2019-11-20 09:33:35.000,4899.0000,1531,0,83309600.000,0,-,-,-,-,4896.6000,4896.0000,4895.8000,4893.2000,4890.2000,4900.2000,4900.4000,4900.6000,4900.8000,4902.4000,1,1,1,1,2,1,2,1,1,1
SF,IC2001,2019-11-20 09:33:35.500,4899.0000,1531,0,83309600.000,0,-,-,-,-,4898.0000,4896.8000,4896.6000,4896.0000,4895.8000,4900.0000,4900.2000,4900.4000,4900.6000,4900.8000,1,2,1,1,1,1,1,1,1,1
SF,IC2001,2019-11-20 09:33:36.000,4899.0000,1531,0,83309600.000,0,-,-,-,-,4898.0000,4896.6000,4896.0000,4895.8000,4893.2000,4900.0000,4900.2000,4900.4000,4900.6000,4900.8000,1,1,1,1,1,1,1,1,1,1
SF,IC2001,2019-11-20 09:33:37.000,4899.0000,1531,0,83309600.000,0,-,-,-,-,4898.0000,4896.6000,4896.0000,4895.8000,4893.2000,4899.8000,4900.0000,4900.2000,4900.4000,4900.6000,1,1,1,1,1,1,1,1,1,1
SF,IC2001,2019-11-20 09:33:37.500,4899.0000,1531,0,83309600.000,0,-,-,-,-,4898.0000,4896.6000,4895.8000,4893.2000,4890.2000,4899.8000,4900.2000,4900.4000,4900.6000,4900.8000,1,1,1,1,2,1,1,1,1,1
SF,IC2001,2019-11-20 09:33:38.500,4899.0000,1531,0,83309600.000,0,-,-,-,-,4896.6000,4895.8000,4893.2000,4890.2000,4889.4000,4899.8000,4900.2000,4900.4000,4900.6000,4900.8000,1,1,1,2,5,1,1,1,1,1
SF,IC2001,2019-11-20 09:33:39.000,4899.0000,1531,0,83309600.000,0,-,-,-,-,4897.6000,4896.6000,4895.8000,4893.2000,4890.2000,4899.8000,4900.2000,4900.4000,4900.6000,4900.8000,3,1,1,1,2,1,1,1,1,1
SF,IC2001,2019-11-20 09:33:39.500,4899.0000,1531,0,83309600.000,0,-,-,-,-,4897.6000,4896.6000,4895.8000,4893.2000,4890.2000,4899.8000,4900.6000,4900.8000,4902.4000,4903.8000,3,1,1,1,2,1,1,1,1,1
SF,IC2001,2019-11-20 09:33:40.000,4899.0000,1531,0,83309600.000,0,-,-,-,-,4897.6000,4896.6000,4895.8000,4893.2000,4890.2000,4900.6000,4900.8000,4902.4000,4903.8000,4905.2000,3,1,1,1,2,1,1,1,1,1
SF,IC2001,2019-11-20 09:33:40.500,4899.0000,1531,0,83309600.000,0,-,-,-,-,4897.6000,4897.4000,4896.6000,4895.8000,4893.2000,4902.4000,4903.8000,4905.2000,4906.0000,4908.6000,3,1,1,1,1,1,1,1,1,2
SF,IC2001,2019-11-20 09:33:41.000,4899.0000,1531,0,83309600.000,0,-,-,-,-,4897.6000,4897.4000,4896.6000,4895.8000,4893.2000,4902.0000,4902.2000,4902.4000,4903.8000,4905.2000,3,1,1,1,1,1,1,1,1,1
SF,IC2001,2019-11-20 09:33:42.000,4899.0000,1531,0,83309600.000,0,-,-,-,-,4898.4000,4897.6000,4897.4000,4895.8000,4893.2000,4901.6000,4902.0000,4902.2000,4902.4000,4903.8000,1,3,1,1,1,1,1,1,1,1
SF,IC2001,2019-11-20 09:33:42.500,4899.0000,1531,0,83309600.000,0,-,-,-,-,4899.0000,4897.4000,4895.8000,4893.2000,4890.2000,4901.6000,4902.0000,4902.2000,4902.4000,4903.8000,3,1,1,1,2,1,1,1,1,1
SF,IC2001,2019-11-20 09:33:45.000,4899.0000,1531,0,83309600.000,0,-,-,-,-,4899.0000,4897.4000,4895.8000,4893.2000,4890.2000,4902.0000,4902.2000,4902.4000,4903.8000,4905.2000,3,1,1,1,2,1,1,1,1,1
SF,IC2001,2019-11-20 09:33:46.500,4899.0000,1531,0,83309600.000,0,-,-,-,-,4899.0000,4897.4000,4895.8000,4893.2000,4890.2000,4901.8000,4902.0000,4902.2000,4902.4000,4903.8000,3,1,1,1,2,1,1,1,1,1
SF,IC2001,2019-11-20 09:33:47.500,4899.0000,1531,0,83309600.000,0,-,-,-,-,4899.0000,4897.4000,4895.8000,4893.2000,4890.2000,4901.6000,4901.8000,4902.0000,4902.2000,4902.4000,3,1,1,1,2,1,1,1,1,1
SF,IC2001,2019-11-20 09:33:49.000,4899.0000,1531,0,83309600.000,0,-,-,-,-,4899.0000,4897.4000,4895.8000,4893.2000,4890.2000,4901.4000,4901.6000,4902.0000,4902.2000,4902.4000,3,1,1,1,2,1,1,1,1,1
SF,IC2001,2019-11-20 09:33:50.500,4899.0000,1531,0,83309600.000,0,-,-,-,-,4899.0000,4897.4000,4895.8000,4893.2000,4890.2000,4901.2000,4901.4000,4901.6000,4902.2000,4902.4000,3,1,1,1,2,1,1,1,1,1
SF,IC2001,2019-11-20 09:33:51.000,4899.0000,1531,0,83309600.000,0,-,-,-,-,4899.0000,4895.8000,4893.2000,4890.2000,4889.4000,4901.2000,4901.4000,4901.6000,4902.2000,4902.4000,3,1,1,2,5,1,1,1,1,1
SF,IC2001,2019-11-20 09:33:54.000,4899.0000,1531,0,83309600.000,0,-,-,-,-,4899.0000,4895.8000,4893.2000,4890.2000,4889.4000,4901.0000,4901.2000,4901.6000,4902.2000,4902.4000,3,1,1,2,5,1,1,1,1,1
SF,IC2001,2019-11-20 09:33:56.500,4899.0000,1531,0,83309600.000,0,-,-,-,-,4899.0000,4895.8000,4893.2000,4890.2000,4889.4000,4900.8000,4901.0000,4901.2000,4902.2000,4902.4000,3,1,1,2,5,1,1,1,1,1
SF,IC2001,2019-11-20 09:33:57.000,4899.0000,1531,0,83309600.000,0,-,-,-,-,4899.0000,4895.8000,4893.2000,4890.2000,4889.4000,4900.8000,4901.0000,4901.2000,4902.2000,4902.4000,3,1,1,2,5,2,1,1,1,1
SF,IC2001,2019-11-20 09:33:58.500,4899.0000,1531,0,83309600.000,0,-,-,-,-,4899.0000,4895.8000,4893.2000,4890.2000,4889.4000,4900.8000,4901.0000,4901.2000,4902.2000,4902.4000,3,1,1,2,5,1,1,1,1,1
SF,IC2001,2019-11-20 09:34:01.000,4899.0000,1531,0,83309600.000,0,-,-,-,-,4899.0000,4895.8000,4893.2000,4890.2000,4889.4000,4900.6000,4900.8000,4901.2000,4902.2000,4902.4000,3,1,1,2,5,1,1,1,1,1
SF,IC2001,2019-11-20 09:34:01.500,4899.0000,1531,0,83309600.000,0,-,-,-,-,4899.2000,4899.0000,4895.8000,4893.2000,4890.2000,4900.0000,4900.6000,4900.8000,4901.2000,4902.2000,1,3,1,1,2,1,1,1,1,1
SF,IC2001,2019-11-20 09:34:02.000,4899.4000,1529,-2,85269480.000,2,0,2,双平,S,4899.4000,4899.2000,4895.8000,4893.2000,4890.2000,4900.6000,4900.8000,4901.2000,4902.2000,4902.4000,2,1,1,1,2,1,1,1,1,1
SF,IC2001,2019-11-20 09:34:02.500,4899.2000,1529,0,86249320.000,1,0,1,多换,S,4895.8000,4893.2000,4890.2000,4889.4000,4845.0000,4900.6000,4900.8000,4901.2000,4902.2000,4902.4000,1,1,2,5,1,1,1,1,1,1
SF,IC2001,2019-11-20 09:34:03.000,4899.2000,1529,0,86249320.000,0,-,-,-,-,4897.6000,4896.2000,4895.8000,4893.2000,4890.2000,4900.8000,4901.2000,4902.2000,4902.4000,4903.8000,3,1,1,1,2,1,1,1,1,1
SF,IC2001,2019-11-20 09:34:03.500,4899.2000,1529,0,86249320.000,0,-,-,-,-,4897.6000,4895.8000,4893.2000,4890.2000,4889.4000,4900.4000,4900.6000,4900.8000,4901.0000,4901.2000,3,1,1,2,5,1,1,1,1,1
SF,IC2001,2019-11-20 09:34:04.500,4899.2000,1529,0,86249320.000,0,-,-,-,-,4897.6000,4895.8000,4893.2000,4890.2000,4889.4000,4900.6000,4900.8000,4901.0000,4901.2000,4902.2000,3,1,1,2,5,1,1,1,1,1
SF,IC2001,2019-11-20 09:34:07.000,4899.2000,1529,0,86249320.000,0,-,-,-,-,4897.6000,4895.8000,4893.2000,4890.2000,4889.4000,4900.4000,4900.6000,4900.8000,4901.0000,4901.2000,3,1,1,2,5,1,1,1,1,1
SF,IC2001,2019-11-20 09:34:07.500,4899.2000,1529,0,86249320.000,0,-,-,-,-,4897.8000,4895.8000,4893.2000,4890.2000,4889.4000,4900.2000,4900.4000,4900.6000,4900.8000,4901.0000,1,1,1,2,5,2,2,1,1,1
SF,IC2001,2019-11-20 09:34:08.000,4899.2000,1529,0,86249320.000,0,-,-,-,-,4897.8000,4895.8000,4893.2000,4890.2000,4889.4000,4900.2000,4900.4000,4900.8000,4901.0000,4901.2000,2,1,1,2,5,2,1,1,1,1
SF,IC2001,2019-11-20 09:34:08.500,4899.2000,1529,0,86249320.000,0,-,-,-,-,4897.8000,4895.8000,4893.2000,4890.2000,4889.4000,4900.0000,4900.2000,4900.4000,4900.8000,4901.0000,2,1,1,2,5,1,2,1,1,1
SF,IC2001,2019-11-20 09:34:09.000,4899.2000,1529,0,86249320.000,0,-,-,-,-,4897.8000,4895.8000,4893.2000,4890.2000,4889.4000,4900.0000,4900.2000,4900.4000,4900.8000,4901.0000,2,1,1,2,5,1,1,1,1,1
SF,IC2001,2019-11-20 09:34:09.500,4899.2000,1529,0,86249320.000,0,-,-,-,-,4897.8000,4895.8000,4893.2000,4890.2000,4889.4000,4900.0000,4900.2000,4900.4000,4900.8000,4901.0000,1,1,1,2,5,1,1,1,1,1
SF,IC2001,2019-11-20 09:34:10.000,4899.2000,1529,0,86249320.000,0,-,-,-,-,4897.8000,4895.8000,4893.2000,4890.2000,4889.4000,4900.2000,4900.4000,4900.8000,4901.0000,4901.2000,1,1,1,2,5,1,1,1,1,1
SF,IC2001,2019-11-20 09:34:13.500,4899.2000,1529,0,86249320.000,0,-,-,-,-,4897.8000,4895.8000,4893.2000,4890.2000,4889.4000,4900.0000,4900.2000,4900.8000,4901.0000,4901.2000,1,1,1,2,5,1,1,1,1,1
SF,IC2001,2019-11-20 09:34:15.000,4897.8000,1529,0,87228880.000,1,0,1,多换,S,4896.6000,4895.8000,4893.2000,4890.2000,4889.4000,4900.0000,4900.2000,4900.8000,4901.0000,4901.2000,1,1,1,2,5,1,1,2,1,1
SF,IC2001,2019-11-20 09:34:15.500,4897.8000,1529,0,87228880.000,0,-,-,-,-,4896.6000,4895.8000,4893.2000,4890.2000,4889.4000,4900.0000,4900.8000,4901.0000,4901.2000,4902.2000,1,1,1,2,5,1,1,1,1,1
SF,IC2001,2019-11-20 09:34:16.000,4897.8000,1529,0,87228880.000,0,-,-,-,-,4897.4000,4897.0000,4896.6000,4895.8000,4893.2000,4900.8000,4901.0000,4901.2000,4902.2000,4902.4000,1,1,2,1,1,1,1,1,1,1
SF,IC2001,2019-11-20 09:34:16.500,4897.8000,1529,0,87228880.000,0,-,-,-,-,4897.6000,4897.4000,4897.0000,4896.6000,4895.8000,4900.6000,4900.8000,4901.0000,4901.2000,4902.2000,1,1,1,1,1,1,1,1,1,1
SF,IC2001,2019-11-20 09:34:17.000,4897.8000,1529,0,87228880.000,0,-,-,-,-,4897.6000,4897.4000,4897.0000,4896.6000,4895.8000,4900.6000,4900.8000,4901.0000,4901.2000,4902.2000,2,1,1,1,1,1,1,1,1,1
SF,IC2001,2019-11-20 09:34:17.500,4897.8000,1529,0,88208440.000,1,0,1,多换,S,4897.6000,4897.4000,4896.6000,4895.8000,4893.2000,4900.6000,4900.8000,4901.0000,4901.2000,4902.2000,2,1,1,1,1,1,1,1,1,1
SF,IC2001,2019-11-20 09:34:18.000,4897.8000,1529,0,88208440.000,0,-,-,-,-,4897.6000,4897.4000,4896.6000,4895.8000,4893.2000,4900.6000,4900.8000,4901.0000,4901.2000,4902.2000,1,1,1,1,1,1,1,1,1,1
SF,IC2001,2019-11-20 09:34:18.500,4897.8000,1529,0,88208440.000,0,-,-,-,-,4897.8000,4897.6000,4896.6000,4895.8000,4893.2000,4900.4000,4900.6000,4900.8000,4901.0000,4901.2000,1,1,1,1,1,2,1,1,1,1
SF,IC2001,2019-11-20 09:34:19.000,4897.8000,1529,0,88208440.000,0,-,-,-,-,4897.8000,4896.6000,4895.8000,4893.2000,4890.2000,4900.2000,4900.4000,4900.8000,4901.0000,4901.2000,1,1,1,1,2,1,2,1,1,1
SF,IC2001,2019-11-20 09:34:20.500,4897.8000,1529,0,89188000.000,1,0,1,多换,S,4896.6000,4895.8000,4893.2000,4890.2000,4889.4000,4900.2000,4900.4000,4900.8000,4901.0000,4901.2000,1,1,1,2,5,1,1,1,1,1
SF,IC2001,2019-11-20 09:34:21.000,4897.8000,1529,0,89188000.000,0,-,-,-,-,4897.4000,4897.0000,4896.8000,4896.6000,4895.8000,4900.0000,4900.2000,4900.8000,4901.0000,4901.2000,1,1,1,1,1,1,2,1,1,1
SF,IC2001,2019-11-20 09:34:21.500,4900.2000,1529,0,92127520.000,3,1,2,多换,S,4897.4000,4896.8000,4896.6000,4895.8000,4893.2000,4900.8000,4901.0000,4901.2000,4902.2000,4902.4000,1,1,1,1,1,1,2,1,1,1
SF,IC2001,2019-11-20 09:34:22.000,4900.2000,1529,0,92127520.000,0,-,-,-,-,4897.6000,4897.4000,4896.6000,4895.8000,4893.2000,4900.4000,4900.6000,4900.8000,4901.0000,4901.2000,1,1,1,1,1,1,1,1,1,1
SF,IC2001,2019-11-20 09:34:22.500,4900.2000,1529,0,92127520.000,0,-,-,-,-,4897.6000,4897.4000,4896.6000,4895.8000,4893.2000,4900.2000,4900.4000,4900.8000,4901.0000,4901.2000,1,1,1,1,1,1,1,1,1,1
SF,IC2001,2019-11-20 09:34:23.000,4900.2000,1529,0,92127520.000,0,-,-,-,-,4897.6000,4897.4000,4896.6000,4895.8000,4893.2000,4900.2000,4900.4000,4900.8000,4901.0000,4901.2000,2,1,1,1,1,2,1,1,1,1
SF,IC2001,2019-11-20 09:34:23.500,4900.2000,1529,0,92127520.000,0,-,-,-,-,4897.6000,4897.4000,4896.6000,4895.8000,4893.2000,4900.2000,4900.4000,4900.8000,4901.0000,4901.2000,2,1,1,1,1,2,1,1,1,1
SF,IC2001,2019-11-20 09:34:24.000,4900.2000,1529,0,92127520.000,0,-,-,-,-,4897.6000,4897.4000,4896.6000,4895.8000,4893.2000,4900.2000,4900.8000,4901.0000,4901.2000,4902.2000,2,1,1,1,1,2,1,1,1,1
SF,IC2001,2019-11-20 09:34:24.500,4900.2000,1529,0,92127520.000,0,-,-,-,-,4897.6000,4897.4000,4896.6000,4895.8000,4893.2000,4900.2000,4900.8000,4901.0000,4901.2000,4902.2000,1,1,1,1,1,2,1,1,1,1
SF,IC2001,2019-11-20 09:34:25.000,4900.2000,1529,0,92127520.000,0,-,-,-,-,4897.6000,4897.4000,4896.6000,4895.8000,4893.2000,4899.8000,4900.2000,4900.8000,4901.0000,4901.2000,1,1,1,1,1,1,2,1,1,1
SF,IC2001,2019-11-20 09:34:25.500,4900.2000,1529,0,92127520.000,0,-,-,-,-,4897.6000,4897.4000,4896.6000,4895.8000,4893.2000,4899.8000,4900.2000,4900.8000,4901.0000,4901.2000,1,1,1,1,1,1,1,1,1,1
SF,IC2001,2019-11-20 09:34:26.500,4900.2000,1529,0,92127520.000,0,-,-,-,-,4897.6000,4897.4000,4896.6000,4895.8000,4893.2000,4899.8000,4900.2000,4901.0000,4901.2000,4902.2000,1,1,1,1,1,1,1,1,1,1
SF,IC2001,2019-11-20 09:34:27.000,4900.2000,1529,0,92127520.000,0,-,-,-,-,4897.6000,4897.4000,4896.6000,4895.8000,4893.2000,4899.8000,4900.2000,4901.0000,4901.2000,4902.2000,1,1,1,1,1,1,1,1,1,1
SF,IC2001,2019-11-20 09:34:28.500,4900.2000,1529,0,92127520.000,0,-,-,-,-,4897.6000,4897.4000,4896.6000,4895.8000,4893.2000,4899.8000,4900.2000,4901.0000,4901.2000,4902.2000,2,1,1,1,1,1,1,1,1,1
SF,IC2001,2019-11-20 09:34:32.000,4900.0000,1529,0,93107520.000,1,0,1,多换,S,4897.6000,4897.4000,4896.6000,4895.8000,4893.2000,4900.2000,4901.0000,4901.2000,4902.2000,4902.4000,2,1,1,1,1,1,1,1,1,1
SF,IC2001,2019-11-20 09:34:32.500,4900.0000,1529,0,93107520.000,0,-,-,-,-,4897.6000,4897.4000,4896.6000,4895.8000,4893.2000,4899.8000,4900.0000,4900.2000,4901.0000,4901.2000,2,1,1,1,1,1,1,1,1,1
SF,IC2001,2019-11-20 09:34:33.000,4900.0000,1529,0,93107520.000,0,-,-,-,-,4898.0000,4897.6000,4897.4000,4896.6000,4895.8000,4900.2000,4901.0000,4901.2000,4902.2000,4902.4000,1,1,1,1,1,1,1,1,1,1
SF,IC2001,2019-11-20 09:34:33.500,4900.0000,1529,0,93107520.000,0,-,-,-,-,4898.0000,4897.4000,4896.6000,4895.8000,4893.2000,4900.0000,4900.2000,4901.0000,4901.2000,4902.2000,1,1,1,1,1,1,1,1,1,1
SF,IC2001,2019-11-20 09:34:35.500,4900.0000,1529,0,93107520.000,0,-,-,-,-,4898.0000,4897.4000,4896.6000,4895.8000,4893.2000,4900.0000,4901.0000,4901.2000,4902.2000,4902.4000,1,1,1,1,1,1,1,1,1,1
SF,IC2001,2019-11-20 09:34:36.000,4900.0000,1529,0,93107520.000,0,-,-,-,-,4898.2000,4898.0000,4897.4000,4896.6000,4895.8000,4902.2000,4902.4000,4903.8000,4905.2000,4906.0000,1,1,1,1,1,1,1,1,1,1
SF,IC2001,2019-11-20 09:34:36.500,4900.0000,1529,0,93107520.000,0,-,-,-,-,4898.2000,4898.0000,4897.4000,4896.6000,4895.8000,4901.6000,4901.8000,4902.0000,4902.2000,4902.4000,1,1,1,1,1,1,1,2,1,1
SF,IC2001,2019-11-20 09:34:37.000,4900.0000,1529,0,93107520.000,0,-,-,-,-,4898.2000,4898.0000,4897.4000,4896.6000,4895.8000,4901.4000,4901.6000,4901.8000,4902.2000,4902.4000,1,1,1,1,1,1,1,1,1,1
SF,IC2001,2019-11-20 09:34:37.500,4900.0000,1529,0,93107520.000,0,-,-,-,-,4898.4000,4898.2000,4898.0000,4897.4000,4896.6000,4901.4000,4901.6000,4901.8000,4902.2000,4902.4000,1,1,1,1,1,1,1,1,1,1
SF,IC2001,2019-11-20 09:34:38.000,4900.0000,1529,0,93107520.000,0,-,-,-,-,4898.6000,4898.4000,4898.0000,4897.4000,4896.6000,4901.4000,4902.2000,4902.4000,4903.8000,4905.2000,1,1,1,1,1,1,1,1,1,1
SF,IC2001,2019-11-20 09:34:38.500,4900.0000,1529,0,93107520.000,0,-,-,-,-,4898.8000,4898.6000,4898.4000,4898.0000,4897.4000,4901.4000,4902.4000,4903.8000,4905.2000,4906.0000,1,1,1,1,1,1,1,1,1,1
SF,IC2001,2019-11-20 09:34:39.000,4900.0000,1529,0,93107520.000,0,-,-,-,-,4898.8000,4898.4000,4897.4000,4896.6000,4895.8000,4901.4000,4902.4000,4903.8000,4905.2000,4906.0000,1,2,1,1,1,1,1,1,1,1
SF,IC2001,2019-11-20 09:34:39.500,4900.0000,1529,0,93107520.000,0,-,-,-,-,4898.4000,4897.4000,4896.6000,4895.8000,4890.2000,4901.4000,4902.4000,4903.8000,4905.2000,4906.0000,1,1,1,1,2,1,1,1,1,1
SF,IC2001,2019-11-20 09:34:40.000,4900.0000,1529,0,93107520.000,0,-,-,-,-,4898.6000,4898.4000,4897.4000,4896.6000,4895.8000,4901.2000,4901.4000,4902.4000,4903.8000,4905.2000,1,1,1,1,1,1,1,1,1,1
SF,IC2001,2019-11-20 09:34:40.500,4900.0000,1529,0,93107520.000,0,-,-,-,-,4898.6000,4898.4000,4897.4000,4896.6000,4895.8000,4901.0000,4901.2000,4902.4000,4903.8000,4905.2000,1,1,1,1,1,1,1,1,1,1
SF,IC2001,2019-11-20 09:34:41.500,4900.0000,1529,0,93107520.000,0,-,-,-,-,4898.6000,4898.4000,4897.4000,4896.6000,4895.8000,4900.8000,4901.0000,4901.2000,4902.4000,4903.8000,1,1,1,1,1,1,1,1,1,1
SF,IC2001,2019-11-20 09:34:42.000,4900.0000,1529,0,93107520.000,0,-,-,-,-,4898.6000,4898.4000,4897.4000,4896.6000,4895.8000,4900.8000,4901.2000,4902.4000,4903.8000,4905.2000,1,1,1,1,1,1,1,1,1,1
SF,IC2001,2019-11-20 09:34:43.000,4898.6000,1529,0,94087240.000,1,0,1,多换,S,4898.4000,4897.4000,4896.6000,4895.8000,4890.2000,4901.2000,4901.6000,4902.4000,4903.8000,4905.2000,1,2,1,1,2,1,1,1,1,1
SF,IC2001,2019-11-20 09:34:43.500,4898.6000,1529,0,94087240.000,0,-,-,-,-,4898.4000,4897.4000,4896.6000,4895.8000,4890.2000,4901.0000,4902.4000,4903.8000,4905.2000,4906.0000,1,1,1,1,2,1,1,1,1,1
SF,IC2001,2019-11-20 09:34:44.000,4898.6000,1529,0,94087240.000,0,-,-,-,-,4897.4000,4896.6000,4895.8000,4890.2000,4889.4000,4898.4000,4901.0000,4902.4000,4903.8000,4905.2000,1,1,1,2,5,1,1,1,1,1
SF,IC2001,2019-11-20 09:34:44.500,4898.6000,1529,0,95066960.000,1,0,1,多换,S,4898.6000,4897.6000,4897.4000,4896.6000,4895.8000,4902.4000,4903.8000,4905.2000,4906.0000,4908.6000,1,1,1,1,1,1,1,1,1,2
SF,IC2001,2019-11-20 09:34:45.000,4898.6000,1529,0,95066960.000,0,-,-,-,-,4898.6000,4898.2000,4897.4000,4895.8000,4890.2000,4901.8000,4902.0000,4902.4000,4903.8000,4905.2000,2,1,1,1,2,1,4,1,1,1
SF,IC2001,2019-11-20 09:34:45.500,4898.6000,1529,0,95066960.000,0,-,-,-,-,4898.6000,4897.4000,4895.8000,4890.2000,4889.4000,4901.4000,4901.8000,4902.0000,4902.4000,4903.8000,1,1,1,2,5,3,1,1,1,1
SF,IC2001,2019-11-20 09:34:46.000,4898.6000,1529,0,95066960.000,0,-,-,-,-,4898.6000,4897.4000,4895.8000,4890.2000,4889.4000,4901.4000,4901.6000,4901.8000,4902.0000,4902.4000,1,1,1,2,5,4,1,1,1,1
SF,IC2001,2019-11-20 09:34:46.500,4898.6000,1529,0,95066960.000,0,-,-,-,-,4898.6000,4897.4000,4895.8000,4890.2000,4889.4000,4901.0000,4901.4000,4901.6000,4901.8000,4902.0000,1,1,1,2,5,1,4,1,1,1
SF,IC2001,2019-11-20 09:34:47.000,4898.6000,1529,0,95066960.000,0,-,-,-,-,4898.6000,4897.4000,4895.8000,4890.2000,4889.4000,4900.8000,4901.0000,4901.4000,4901.6000,4901.8000,1,1,1,2,5,1,1,1,1,1
SF,IC2001,2019-11-20 09:34:47.500,4900.8000,1529,0,96047120.000,1,0,1,多换,S,4898.6000,4897.6000,4897.4000,4895.8000,4890.2000,4901.0000,4901.4000,4901.6000,4901.8000,4902.0000,1,1,1,1,2,1,1,1,2,1
SF,IC2001,2019-11-20 09:34:48.000,4900.8000,1529,0,96047120.000,0,-,-,-,-,4898.6000,4897.4000,4895.8000,4890.2000,4889.4000,4901.0000,4901.4000,4901.8000,4902.0000,4902.4000,1,1,1,2,5,1,1,1,1,1
SF,IC2001,2019-11-20 09:34:48.500,4900.8000,1529,0,96047120.000,0,-,-,-,-,4898.8000,4898.6000,4897.4000,4895.8000,4890.2000,4901.8000,4902.4000,4903.8000,4905.2000,4906.0000,1,1,1,1,2,1,1,1,1,1
SF,IC2001,2019-11-20 09:34:49.000,4900.8000,1529,0,96047120.000,0,-,-,-,-,4898.8000,4898.6000,4897.4000,4895.8000,4890.2000,4901.4000,4901.6000,4901.8000,4902.4000,4903.8000,2,2,1,1,2,1,1,1,1,1
SF,IC2001,2019-11-20 09:34:49.500,4900.8000,1529,0,96047120.000,0,-,-,-,-,4898.8000,4898.6000,4897.4000,4895.8000,4890.2000,4901.4000,4901.8000,4902.4000,4903.8000,4905.2000,2,2,1,1,2,1,1,1,1,1
SF,IC2001,2019-11-20 09:34:50.000,4900.8000,1529,0,96047120.000,0,-,-,-,-,4899.0000,4898.8000,4898.6000,4897.4000,4895.8000,4901.2000,4901.4000,4901.8000,4902.4000,4903.8000,1,2,1,1,1,1,1,1,1,1
SF,IC2001,2019-11-20 09:34:50.500,4900.8000,1529,0,96047120.000,0,-,-,-,-,4898.8000,4898.6000,4897.4000,4895.8000,4890.2000,4901.2000,4901.8000,4902.4000,4903.8000,4905.2000,1,1,1,1,2,1,1,1,1,1
SF,IC2001,2019-11-20 09:34:51.000,4900.8000,1529,0,96047120.000,0,-,-,-,-,4899.0000,4898.8000,4898.6000,4897.4000,4895.8000,4901.2000,4901.8000,4902.4000,4903.8000,4905.2000,1,1,1,1,1,1,1,1,1,1
SF,IC2001,2019-11-20 09:34:51.500,4900.8000,1529,0,96047120.000,0,-,-,-,-,4899.0000,4898.8000,4898.6000,4897.4000,4895.8000,4901.2000,4901.8000,4902.4000,4903.8000,4905.2000,2,1,1,1,1,1,1,1,1,1
SF,IC2001,2019-11-20 09:34:52.000,4900.8000,1529,0,96047120.000,0,-,-,-,-,4899.0000,4898.8000,4898.6000,4897.4000,4895.8000,4901.2000,4901.8000,4902.4000,4903.8000,4905.2000,1,1,1,1,1,1,1,1,1,1
SF,IC2001,2019-11-20 09:34:52.500,4900.8000,1529,0,96047120.000,0,-,-,-,-,4899.2000,4899.0000,4898.6000,4897.4000,4895.8000,4901.2000,4901.8000,4902.4000,4903.8000,4905.2000,1,1,1,1,1,1,1,1,1,1
SF,IC2001,2019-11-20 09:34:53.000,4900.8000,1529,0,96047120.000,0,-,-,-,-,4897.4000,4895.8000,4890.2000,4889.4000,4871.2000,4901.0000,4901.2000,4901.8000,4902.4000,4903.8000,1,1,2,5,1,1,1,1,1,1
SF,IC2001,2019-11-20 09:34:53.500,4900.8000,1529,0,96047120.000,0,-,-,-,-,4899.0000,4897.6000,4897.4000,4895.8000,4890.2000,4900.8000,4901.0000,4901.8000,4902.4000,4903.8000,1,1,1,1,2,1,1,1,1,1
SF,IC2001,2019-11-20 09:34:54.000,4899.0000,1529,0,97026920.000,1,0,1,多换,S,4897.4000,4895.8000,4890.2000,4889.4000,4871.2000,4900.8000,4901.0000,4901.8000,4902.4000,4903.8000,1,1,2,5,1,1,1,1,1,1
SF,IC2001,2019-11-20 09:34:54.500,4900.8000,1528,-1,98007080.000,1,0,1,双平,S,4897.6000,4897.4000,4895.8000,4890.2000,4889.4000,4900.6000,4900.8000,4901.0000,4902.0000,4902.4000,1,1,1,2,5,1,1,1,1,1
SF,IC2001,2019-11-20 09:34:55.000,4900.8000,1528,0,98007080.000,0,-,-,-,-,4897.6000,4897.4000,4895.8000,4890.2000,4889.4000,4900.4000,4900.6000,4900.8000,4902.4000,4903.8000,1,1,1,2,5,2,1,1,1,1
SF,IC2001,2019-11-20 09:34:55.500,4900.8000,1528,0,98007080.000,0,-,-,-,-,4897.6000,4897.4000,4895.8000,4890.2000,4889.4000,4900.4000,4900.6000,4902.4000,4903.8000,4905.2000,1,1,1,2,5,3,1,1,1,1
SF,IC2001,2019-11-20 09:34:56.000,4897.6000,1528,0,98986600.000,1,0,1,多换,S,4897.4000,4895.8000,4890.2000,4889.4000,4871.2000,4900.4000,4900.6000,4901.6000,4902.4000,4903.8000,2,1,2,5,1,1,1,1,1,1
SF,IC2001,2019-11-20 09:34:56.500,4897.6000,1528,0,98986600.000,0,-,-,-,-,4898.0000,4897.8000,4897.4000,4895.8000,4890.2000,4902.4000,4903.8000,4905.2000,4906.0000,4908.6000,1,1,2,1,2,1,1,1,1,2
SF,IC2001,2019-11-20 09:34:57.000,4897.6000,1528,0,98986600.000,0,-,-,-,-,4898.0000,4897.8000,4897.4000,4895.8000,4890.2000,4901.2000,4901.4000,4902.0000,4902.2000,4902.4000,1,2,2,1,2,1,1,1,4,1
SF,IC2001,2019-11-20 09:34:57.500,4897.6000,1528,0,98986600.000,0,-,-,-,-,4898.2000,4898.0000,4897.8000,4897.4000,4895.8000,4901.0000,4901.2000,4901.4000,4902.0000,4902.2000,2,1,1,2,1,1,1,1,1,1
SF,IC2001,2019-11-20 09:34:58.000,4897.6000,1528,0,98986600.000,0,-,-,-,-,4898.4000,4898.2000,4898.0000,4897.4000,4895.8000,4901.0000,4901.2000,4901.4000,4902.0000,4902.2000,1,2,1,2,1,2,1,1,1,1
SF,IC2001,2019-11-20 09:34:58.500,4897.6000,1528,0,98986600.000,0,-,-,-,-,4898.6000,4898.4000,4898.2000,4897.4000,4895.8000,4900.8000,4901.0000,4901.4000,4902.0000,4902.2000,1,1,1,2,1,1,2,1,1,1
SF,IC2001,2019-11-20 09:34:59.000,4897.6000,1528,0,98986600.000,0,-,-,-,-,4898.4000,4897.4000,4895.8000,4890.2000,4889.4000,4900.6000,4900.8000,4901.0000,4902.0000,4902.2000,1,2,1,2,5,1,1,1,1,1
SF,IC2001,2019-11-20 09:34:59.500,4897.6000,1528,0,98986600.000,0,-,-,-,-,4898.6000,4898.4000,4897.4000,4895.8000,4890.2000,4900.8000,4901.0000,4902.0000,4902.2000,4902.4000,1,1,2,1,2,1,1,1,1,1
SF,IC2001,2019-11-20 09:35:00.000,4897.6000,1528,0,98986600.000,0,-,-,-,-,4898.8000,4898.6000,4898.4000,4897.4000,4895.8000,4901.0000,4902.0000,4902.2000,4902.4000,4903.8000,1,1,1,2,1,1,1,1,1,1
SF,IC2001,2019-11-20 09:35:00.500,4897.6000,1528,0,98986600.000,0,-,-,-,-,4898.8000,4898.4000,4897.4000,4895.8000,4890.2000,4901.0000,4901.6000,4902.0000,4902.2000,4902.4000,1,1,2,1,2,1,1,1,1,1
SF,IC2001,2019-11-20 09:35:01.000,4897.6000,1528,0,98986600.000,0,-,-,-,-,4899.0000,4898.4000,4897.4000,4895.8000,4890.2000,4900.8000,4901.0000,4901.6000,4902.0000,4902.2000,1,1,2,1,2,1,1,1,1,1
SF,IC2001,2019-11-20 09:35:01.500,4898.8000,1528,0,99966360.000,1,0,1,多换,S,4899.2000,4897.4000,4895.8000,4890.2000,4889.4000,4900.8000,4901.0000,4901.6000,4902.0000,4902.2000,1,2,1,2,5,1,1,1,1,1
SF,IC2001,2019-11-20 09:35:02.000,4899.2000,1527,-1,100946200.000,1,0,1,双平,S,4897.4000,4895.8000,4890.2000,4889.4000,4871.2000,4900.2000,4900.6000,4900.8000,4901.0000,4902.0000,2,1,2,5,1,1,1,1,1,1
SF,IC2001,2019-11-20 09:35:02.500,4899.2000,1527,0,100946200.000,0,-,-,-,-,4897.6000,4897.4000,4895.8000,4890.2000,4889.4000,4900.2000,4900.6000,4901.0000,4902.0000,4902.2000,1,2,1,2,5,2,2,1,1,1
SF,IC2001,2019-11-20 09:35:03.000,4897.6000,1527,0,101925720.000,1,0,1,多换,S,4897.4000,4896.0000,4895.8000,4890.2000,4889.4000,4900.2000,4900.6000,4901.0000,4902.0000,4902.2000,2,1,1,2,5,2,2,1,1,1
SF,IC2001,2019-11-20 09:35:03.500,4897.6000,1527,0,101925720.000,0,-,-,-,-,4897.4000,4895.8000,4890.2000,4889.4000,4871.2000,4899.8000,4900.2000,4900.6000,4901.0000,4902.0000,2,1,2,5,1,1,2,2,1,1
SF,IC2001,2019-11-20 09:35:04.000,4897.6000,1527,0,101925720.000,0,-,-,-,-,4897.4000,4895.8000,4890.2000,4889.4000,4871.2000,4899.6000,4899.8000,4900.2000,4900.6000,4901.0000,2,1,2,5,1,1,1,1,2,1
SF,IC2001,2019-11-20 09:35:04.500,4897.6000,1527,0,101925720.000,0,-,-,-,-,4897.6000,4897.4000,4895.8000,4890.2000,4889.4000,4899.8000,4900.2000,4900.6000,4901.0000,4902.0000,1,2,1,2,5,1,1,1,1,1
SF,IC2001,2019-11-20 09:35:05.000,4899.8000,1526,-1,102905680.000,1,0,1,双平,S,4897.6000,4897.4000,4895.8000,4890.2000,4889.4000,4900.0000,4900.2000,4901.0000,4902.0000,4902.2000,1,2,1,2,5,1,1,1,1,1
SF,IC2001,2019-11-20 09:35:05.500,4899.8000,1526,0,102905680.000,0,-,-,-,-,4898.0000,4897.4000,4895.8000,4890.2000,4889.4000,4899.8000,4900.2000,4901.0000,4902.0000,4902.2000,2,2,1,2,5,1,1,1,1,1
SF,IC2001,2019-11-20 09:35:06.000,4899.8000,1525,-1,103885640.000,1,0,1,双平,S,4898.0000,4897.4000,4897.2000,4895.8000,4890.2000,4900.2000,4901.0000,4901.4000,4902.0000,4902.2000,1,2,1,1,2,1,1,1,1,1
SF,IC2001,2019-11-20 09:35:06.500,4899.8000,1525,0,103885640.000,0,-,-,-,-,4898.2000,4898.0000,4897.4000,4895.8000,4890.2000,4900.2000,4901.0000,4902.0000,4902.2000,4902.4000,1,1,2,1,2,1,2,1,1,1
SF,IC2001,2019-11-20 09:35:07.000,4900.2000,1525,0,104865680.000,1,0,1,多换,S,4898.4000,4898.2000,4898.0000,4897.4000,4895.8000,4901.0000,4902.0000,4902.2000,4902.4000,4903.8000,1,1,1,2,1,2,1,1,1,1
SF,IC2001,2019-11-20 09:35:07.500,4900.2000,1525,0,104865680.000,0,-,-,-,-,4898.6000,4898.4000,4898.2000,4898.0000,4897.4000,4902.0000,4902.2000,4902.4000,4903.8000,4905.2000,1,2,1,1,2,1,1,1,1,1
SF,IC2001,2019-11-20 09:35:08.000,4900.2000,1525,0,104865680.000,0,-,-,-,-,4898.6000,4898.4000,4898.2000,4898.0000,4897.4000,4901.8000,4902.4000,4903.8000,4905.2000,4906.0000,1,3,1,1,1,1,1,1,1,1
SF,IC2001,2019-11-20 09:35:08.500,4900.2000,1525,0,104865680.000,0,-,-,-,-,4899.0000,4898.8000,4898.6000,4898.4000,4898.2000,4901.8000,4902.4000,4903.8000,4905.2000,4906.0000,2,1,2,1,1,1,1,1,1,1
SF,IC2001,2019-11-20 09:35:09.000,4900.2000,1525,0,104865680.000,0,-,-,-,-,4899.2000,4899.0000,4898.8000,4898.4000,4898.2000,4901.8000,4903.8000,4905.2000,4906.0000,4908.6000,1,2,2,1,1,1,1,1,1,2
SF,IC2001,2019-11-20 09:35:09.500,4900.2000,1525,0,104865680.000,0,-,-,-,-,4899.4000,4899.2000,4899.0000,4898.8000,4898.2000,4901.8000,4903.8000,4905.2000,4906.0000,4908.6000,2,2,2,1,1,1,1,1,1,2
SF,IC2001,2019-11-20 09:35:10.000,4900.2000,1525,0,104865680.000,0,-,-,-,-,4899.6000,4899.4000,4899.0000,4898.8000,4898.2000,4903.8000,4905.2000,4906.0000,4908.6000,4912.6000,2,3,2,1,1,1,1,1,2,5
SF,IC2001,2019-11-20 09:35:10.500,4900.2000,1525,0,104865680.000,0,-,-,-,-,4899.6000,4899.4000,4899.0000,4898.8000,4898.2000,4903.6000,4903.8000,4905.2000,4906.0000,4908.6000,3,2,2,1,1,3,1,1,1,2
SF,IC2001,2019-11-20 09:35:11.000,4900.2000,1525,0,104865680.000,0,-,-,-,-,4899.8000,4899.6000,4899.4000,4899.0000,4898.8000,4903.6000,4903.8000,4905.2000,4906.0000,4908.6000,2,2,1,1,1,3,1,1,1,2
SF,IC2001,2019-11-20 09:35:11.500,4900.2000,1525,0,104865680.000,0,-,-,-,-,4900.0000,4899.8000,4899.0000,4898.8000,4898.2000,4903.6000,4903.8000,4905.2000,4906.0000,4908.6000,2,3,1,1,1,3,1,1,1,2
SF,IC2001,2019-11-20 09:35:12.000,4900.2000,1525,0,104865680.000,0,-,-,-,-,4900.4000,4900.0000,4899.8000,4899.0000,4898.8000,4903.6000,4903.8000,4905.2000,4906.0000,4908.6000,1,2,3,1,1,3,1,1,1,2
SF,IC2001,2019-11-20 09:35:12.500,4900.2000,1525,0,104865680.000,0,-,-,-,-,4900.0000,4899.8000,4899.0000,4898.8000,4898.2000,4903.4000,4903.6000,4903.8000,4905.2000,4906.0000,1,3,1,1,1,1,3,1,1,1
SF,IC2001,2019-11-20 09:35:13.000,4900.2000,1525,0,104865680.000,0,-,-,-,-,4900.2000,4900.0000,4899.8000,4899.0000,4898.8000,4903.0000,4903.2000,4903.4000,4903.6000,4903.8000,1,1,3,1,1,1,1,1,1,1
SF,IC2001,2019-11-20 09:35:13.500,4900.2000,1525,0,104865680.000,0,-,-,-,-,4900.2000,4900.0000,4899.8000,4899.0000,4898.8000,4903.4000,4903.6000,4903.8000,4905.2000,4906.0000,2,1,2,1,1,1,1,1,1,1
SF,IC2001,2019-11-20 09:35:14.000,4900.2000,1525,0,104865680.000,0,-,-,-,-,4900.4000,4900.2000,4900.0000,4899.8000,4899.0000,4903.2000,4903.4000,4903.8000,4905.2000,4906.0000,1,2,1,1,1,1,1,1,1,1
SF,IC2001,2019-11-20 09:35:14.500,4900.2000,1525,0,104865680.000,0,-,-,-,-,4900.4000,4900.2000,4900.0000,4899.8000,4899.0000,4903.2000,4903.4000,4903.8000,4905.2000,4906.0000,1,1,2,1,1,1,1,1,1,1
SF,IC2001,2019-11-20 09:35:15.000,4900.2000,1525,0,104865680.000,0,-,-,-,-,4900.6000,4900.4000,4900.2000,4900.0000,4899.8000,4903.2000,4903.4000,4905.2000,4906.0000,4908.6000,1,1,1,1,1,1,1,1,1,2
SF,IC2001,2019-11-20 09:35:15.500,4900.2000,1525,0,104865680.000,0,-,-,-,-,4900.4000,4900.2000,4900.0000,4899.8000,4899.0000,4903.2000,4903.4000,4905.2000,4906.0000,4908.6000,1,1,1,1,1,1,1,1,1,2
SF,IC2001,2019-11-20 09:35:16.000,4900.2000,1525,0,104865680.000,0,-,-,-,-,4900.4000,4900.2000,4900.0000,4899.8000,4899.0000,4903.0000,4903.2000,4905.2000,4906.0000,4908.6000,1,1,1,1,1,1,1,1,1,2
SF,IC2001,2019-11-20 09:35:16.500,4900.2000,1525,0,104865680.000,0,-,-,-,-,4900.6000,4900.4000,4900.2000,4900.0000,4899.8000,4903.0000,4905.2000,4906.0000,4908.6000,4912.6000,1,1,1,1,1,1,1,1,2,5
SF,IC2001,2019-11-20 09:35:17.500,4900.2000,1525,0,104865680.000,0,-,-,-,-,4900.8000,4900.6000,4900.2000,4899.8000,4899.0000,4903.0000,4905.2000,4906.0000,4908.6000,4912.6000,2,1,1,1,1,1,1,1,2,5
SF,IC2001,2019-11-20 09:35:18.000,4903.0000,1524,-1,105846280.000,1,0,1,双平,S,4901.0000,4900.8000,4900.2000,4899.8000,4899.0000,4905.2000,4906.0000,4908.6000,4912.6000,4916.8000,1,2,1,1,1,1,1,2,5,1
SF,IC2001,2019-11-20 09:35:18.500,4903.0000,1524,0,105846280.000,0,-,-,-,-,4901.0000,4900.8000,4900.2000,4899.8000,4899.0000,4904.2000,4904.8000,4905.0000,4905.2000,4906.0000,1,2,1,1,1,1,1,2,1,1
SF,IC2001,2019-11-20 09:35:19.000,4903.0000,1524,0,105846280.000,0,-,-,-,-,4901.6000,4901.0000,4900.8000,4900.2000,4899.8000,4904.0000,4904.2000,4904.8000,4905.2000,4906.0000,1,1,2,1,1,1,1,1,1,1
SF,IC2001,2019-11-20 09:35:19.500,4903.0000,1524,0,105846280.000,0,-,-,-,-,4901.6000,4900.8000,4900.2000,4899.8000,4899.0000,4904.0000,4904.2000,4904.8000,4905.2000,4906.0000,1,2,1,1,1,1,1,1,1,1
SF,IC2001,2019-11-20 09:35:20.500,4903.0000,1524,0,105846280.000,0,-,-,-,-,4901.6000,4900.8000,4900.2000,4899.8000,4899.0000,4904.0000,4904.2000,4904.8000,4905.2000,4906.0000,1,1,1,1,1,1,1,1,1,1
SF,IC2001,2019-11-20 09:35:21.000,4903.0000,1524,0,105846280.000,0,-,-,-,-,4901.6000,4900.8000,4900.2000,4899.8000,4899.0000,4903.8000,4904.0000,4904.2000,4904.8000,4905.2000,1,1,1,1,1,1,1,1,1,1
SF,IC2001,2019-11-20 09:35:21.500,4903.0000,1524,0,105846280.000,0,-,-,-,-,4901.6000,4900.8000,4900.2000,4899.8000,4899.0000,4903.6000,4904.2000,4904.8000,4905.2000,4906.0000,1,1,1,1,1,1,1,1,1,1
SF,IC2001,2019-11-20 09:35:23.500,4901.6000,1524,0,106826600.000,1,0,1,多换,S,4900.2000,4899.8000,4898.8000,4897.4000,4895.8000,4903.2000,4903.4000,4903.6000,4904.2000,4904.8000,1,1,1,1,1,1,1,1,1,1
SF,IC2001,2019-11-20 09:35:24.000,4901.6000,1524,0,106826600.000,0,-,-,-,-,4898.8000,4897.4000,4895.8000,4890.2000,4889.4000,4903.0000,4903.2000,4903.4000,4903.8000,4904.8000,1,1,1,2,5,1,2,1,1,1
SF,IC2001,2019-11-20 09:35:24.500,4901.6000,1524,0,106826600.000,0,-,-,-,-,4899.0000,4898.8000,4897.4000,4895.8000,4890.2000,4901.8000,4902.6000,4903.0000,4903.2000,4903.4000,2,1,1,1,2,1,1,1,2,1
SF,IC2001,2019-11-20 09:35:25.000,4901.8000,1524,0,107806960.000,1,0,1,多换,S,4899.0000,4898.8000,4897.4000,4895.8000,4890.2000,4903.2000,4903.4000,4905.2000,4906.0000,4908.6000,3,1,1,1,2,1,1,1,1,2
SF,IC2001,2019-11-20 09:35:25.500,4901.8000,1524,0,107806960.000,0,-,-,-,-,4900.2000,4899.8000,4899.4000,4899.2000,4899.0000,4903.4000,4905.2000,4906.0000,4908.6000,4912.6000,1,2,2,1,3,1,1,1,2,5
SF,IC2001,2019-11-20 09:35:26.000,4901.8000,1524,0,107806960.000,0,-,-,-,-,4900.4000,4900.2000,4899.8000,4899.6000,4899.4000,4905.2000,4906.0000,4908.6000,4912.6000,4916.8000,1,1,2,1,2,1,1,2,5,1
SF,IC2001,2019-11-20 09:35:26.500,4901.8000,1524,0,107806960.000,0,-,-,-,-,4900.6000,4900.4000,4900.2000,4899.8000,4899.6000,4904.4000,4904.8000,4905.0000,4905.2000,4906.0000,1,1,1,2,1,1,1,2,1,1
SF,IC2001,2019-11-20 09:35:27.000,4901.8000,1524,0,107806960.000,0,-,-,-,-,4900.8000,4900.6000,4900.2000,4899.8000,4899.6000,4904.0000,4904.2000,4904.8000,4905.2000,4906.0000,1,1,1,2,1,1,2,1,1,1
SF,IC2001,2019-11-20 09:35:27.500,4901.8000,1524,0,107806960.000,0,-,-,-,-,4900.8000,4900.6000,4900.2000,4899.8000,4899.6000,4904.0000,4904.2000,4904.8000,4905.2000,4906.0000,2,1,1,2,1,1,1,1,1,1
SF,IC2001,2019-11-20 09:35:28.000,4901.8000,1524,0,107806960.000,0,-,-,-,-,4900.8000,4900.6000,4900.2000,4899.8000,4899.6000,4903.8000,4904.0000,4904.2000,4904.8000,4905.2000,2,1,1,2,1,1,1,1,1,1
SF,IC2001,2019-11-20 09:35:28.500,4901.8000,1524,0,107806960.000,0,-,-,-,-,4900.8000,4900.6000,4900.2000,4899.8000,4899.6000,4903.8000,4904.0000,4904.2000,4904.8000,4905.2000,2,1,1,2,1,1,1,1,1,1
SF,IC2001,2019-11-20 09:35:29.500,4901.8000,1524,0,107806960.000,0,-,-,-,-,4900.8000,4900.6000,4900.2000,4899.8000,4899.6000,4903.6000,4903.8000,4904.2000,4904.8000,4905.2000,2,1,1,2,1,1,1,1,1,1
SF,IC2001,2019-11-20 09:35:30.000,4901.8000,1524,0,107806960.000,0,-,-,-,-,4900.8000,4900.2000,4899.8000,4899.4000,4899.0000,4903.6000,4904.2000,4905.2000,4906.0000,4908.6000,2,1,2,1,1,2,1,1,2,2
SF,IC2001,2019-11-20 09:35:30.500,4901.8000,1524,0,107806960.000,0,-,-,-,-,4900.8000,4900.2000,4899.8000,4899.4000,4899.0000,4903.4000,4903.6000,4904.2000,4905.2000,4906.0000,2,1,2,1,1,1,1,1,1,2
SF,IC2001,2019-11-20 09:35:31.000,4901.8000,1524,0,107806960.000,0,-,-,-,-,4900.8000,4900.2000,4899.8000,4899.4000,4899.0000,4903.0000,4903.4000,4903.6000,4904.2000,4905.2000,2,1,2,1,1,1,1,1,1,1
SF,IC2001,2019-11-20 09:35:33.000,4901.8000,1524,0,107806960.000,0,-,-,-,-,4900.8000,4900.2000,4899.8000,4899.4000,4899.0000,4903.0000,4903.6000,4904.2000,4905.2000,4906.0000,2,1,2,1,1,1,1,1,1,2
SF,IC2001,2019-11-20 09:35:33.500,4901.8000,1524,0,107806960.000,0,-,-,-,-,4901.0000,4900.8000,4900.2000,4899.8000,4899.4000,4903.0000,4903.6000,4904.2000,4905.2000,4906.0000,1,2,1,2,1,1,1,1,1,2
SF,IC2001,2019-11-20 09:35:34.000,4901.8000,1524,0,107806960.000,0,-,-,-,-,4901.2000,4901.0000,4900.8000,4900.2000,4899.8000,4903.0000,4904.2000,4905.2000,4906.0000,4908.6000,1,1,1,1,2,1,1,1,2,2
SF,IC2001,2019-11-20 09:35:40.000,4903.0000,1524,0,108787560.000,1,0,1,多换,S,4901.2000,4901.0000,4900.8000,4900.2000,4899.8000,4904.2000,4905.2000,4906.0000,4908.6000,4912.6000,1,1,1,1,2,1,1,2,2,5
SF,IC2001,2019-11-20 09:35:42.000,4903.0000,1524,0,108787560.000,0,-,-,-,-,4901.2000,4901.0000,4900.8000,4900.2000,4899.8000,4903.8000,4904.0000,4904.2000,4905.2000,4906.0000,1,1,1,1,2,1,1,1,1,2
SF,IC2001,2019-11-20 09:35:43.500,4903.8000,1523,-1,109768320.000,1,0,1,双平,S,4901.2000,4901.0000,4900.8000,4900.2000,4899.8000,4904.0000,4904.2000,4905.2000,4906.0000,4908.6000,1,1,1,1,2,1,1,1,2,2
SF,IC2001,2019-11-20 09:35:44.000,4903.8000,1523,0,109768320.000,0,-,-,-,-,4901.4000,4901.2000,4901.0000,4900.2000,4899.8000,4904.0000,4904.2000,4905.2000,4906.0000,4908.6000,1,1,1,1,1,1,1,1,2,2
SF,IC2001,2019-11-20 09:35:44.500,4903.8000,1523,0,109768320.000,0,-,-,-,-,4901.6000,4901.4000,4901.0000,4900.2000,4899.8000,4905.2000,4906.0000,4908.6000,4912.6000,4916.8000,1,1,1,1,1,1,2,2,5,1
SF,IC2001,2019-11-20 09:35:45.000,4903.8000,1523,0,109768320.000,0,-,-,-,-,4901.6000,4901.4000,4901.0000,4900.2000,4899.8000,4905.0000,4905.2000,4906.0000,4908.6000,4912.6000,1,1,1,1,1,2,1,2,2,5
SF,IC2001,2019-11-20 09:35:45.500,4903.8000,1523,0,109768320.000,0,-,-,-,-,4901.6000,4901.0000,4900.2000,4899.8000,4899.4000,4905.0000,4905.2000,4906.0000,4908.6000,4912.6000,1,1,1,1,1,2,1,2,2,5
SF,IC2001,2019-11-20 09:35:46.000,4903.8000,1523,0,109768320.000,0,-,-,-,-,4901.8000,4901.6000,4901.0000,4900.2000,4899.8000,4904.8000,4905.0000,4905.2000,4906.0000,4908.6000,1,1,1,1,1,2,2,1,2,2
SF,IC2001,2019-11-20 09:35:46.500,4903.8000,1523,0,109768320.000,0,-,-,-,-,4902.0000,4901.8000,4901.0000,4900.2000,4899.8000,4904.6000,4904.8000,4905.0000,4905.2000,4906.0000,1,1,2,1,1,1,2,1,1,2
SF,IC2001,2019-11-20 09:35:47.500,4903.8000,1523,0,109768320.000,0,-,-,-,-,4902.0000,4901.8000,4901.0000,4900.2000,4899.8000,4904.6000,4904.8000,4905.0000,4905.2000,4906.0000,1,1,2,1,1,1,1,1,1,2
SF,IC2001,2019-11-20 09:35:48.500,4903.8000,1523,0,109768320.000,0,-,-,-,-,4902.4000,4902.2000,4902.0000,4901.0000,4900.2000,4904.6000,4905.0000,4905.2000,4906.0000,4908.6000,1,1,1,2,1,1,1,1,2,2
SF,IC2001,2019-11-20 09:35:49.000,4903.8000,1523,0,109768320.000,0,-,-,-,-,4902.4000,4902.2000,4901.0000,4900.2000,4899.8000,4904.6000,4905.0000,4905.2000,4906.0000,4908.6000,1,1,2,1,1,1,1,1,2,2
SF,IC2001,2019-11-20 09:35:50.000,4903.8000,1523,0,109768320.000,0,-,-,-,-,4902.2000,4901.0000,4900.2000,4899.8000,4899.4000,4904.4000,4904.6000,4905.0000,4905.2000,4906.0000,1,2,1,1,1,1,1,1,1,2
SF,IC2001,2019-11-20 09:35:50.500,4903.8000,1523,0,109768320.000,0,-,-,-,-,4901.0000,4900.2000,4899.8000,4899.4000,4899.0000,4904.2000,4904.4000,4905.0000,4905.2000,4906.0000,2,1,1,1,1,1,2,1,1,2
SF,IC2001,2019-11-20 09:35:51.000,4903.8000,1523,0,109768320.000,0,-,-,-,-,4901.2000,4901.0000,4900.2000,4899.8000,4899.4000,4904.2000,4904.4000,4905.0000,4905.2000,4906.0000,3,2,1,1,1,1,2,1,1,2
SF,IC2001,2019-11-20 09:35:51.500,4903.8000,1523,0,109768320.000,0,-,-,-,-,4901.4000,4901.2000,4901.0000,4900.2000,4899.8000,4904.2000,4904.4000,4905.0000,4905.2000,4906.0000,1,3,2,1,1,1,2,1,1,2
SF,IC2001,2019-11-20 09:35:53.000,4903.8000,1523,0,109768320.000,0,-,-,-,-,4901.6000,4901.4000,4901.2000,4901.0000,4900.2000,4904.2000,4904.4000,4905.0000,4905.2000,4906.0000,1,1,3,2,1,1,2,1,1,2
SF,IC2001,2019-11-20 09:35:53.500,4903.8000,1523,0,109768320.000,0,-,-,-,-,4901.2000,4901.0000,4900.2000,4899.8000,4899.4000,4904.2000,4904.4000,4905.0000,4905.2000,4906.0000,1,2,1,1,1,1,1,1,1,2
SF,IC2001,2019-11-20 09:35:54.000,4903.8000,1523,0,109768320.000,0,-,-,-,-,4901.4000,4901.0000,4900.2000,4899.8000,4899.4000,4904.0000,4904.2000,4904.4000,4905.0000,4905.2000,1,2,1,1,1,1,1,1,1,1
SF,IC2001,2019-11-20 09:35:54.500,4903.8000,1523,0,109768320.000,0,-,-,-,-,4901.4000,4901.0000,4900.2000,4899.8000,4899.4000,4903.8000,4904.0000,4904.4000,4905.2000,4906.0000,1,2,1,1,1,1,2,1,1,2
SF,IC2001,2019-11-20 09:35:55.000,4903.8000,1523,0,109768320.000,0,-,-,-,-,4901.4000,4901.0000,4900.2000,4899.8000,4899.4000,4903.8000,4904.0000,4904.4000,4905.2000,4906.0000,1,2,1,1,1,1,2,1,1,1
SF,IC2001,2019-11-20 09:35:55.500,4903.8000,1523,0,109768320.000,0,-,-,-,-,4901.4000,4901.0000,4900.2000,4899.8000,4899.4000,4903.6000,4903.8000,4904.0000,4904.4000,4905.2000,1,2,1,1,1,1,1,1,1,1
SF,IC2001,2019-11-20 09:35:56.000,4903.8000,1523,0,109768320.000,0,-,-,-,-,4901.4000,4901.0000,4900.2000,4899.8000,4899.4000,4903.8000,4904.0000,4904.4000,4905.2000,4906.0000,1,2,1,1,1,1,1,1,1,1
SF,IC2001,2019-11-20 09:35:58.000,4903.8000,1523,0,109768320.000,0,-,-,-,-,4901.4000,4901.0000,4900.2000,4899.8000,4899.4000,4903.8000,4904.4000,4905.2000,4906.0000,4908.6000,1,2,1,1,1,1,1,1,1,2
SF,IC2001,2019-11-20 09:35:58.500,4903.8000,1523,0,109768320.000,0,-,-,-,-,4901.4000,4901.0000,4900.2000,4899.8000,4899.4000,4904.4000,4905.2000,4906.0000,4908.6000,4912.6000,1,2,1,1,1,1,1,1,2,5
SF,IC2001,2019-11-20 09:35:59.000,4903.8000,1523,0,109768320.000,0,-,-,-,-,4901.4000,4901.0000,4900.2000,4899.8000,4899.4000,4904.2000,4904.4000,4905.2000,4906.0000,4908.6000,1,2,1,1,1,1,1,1,1,2
SF,IC2001,2019-11-20 09:35:59.500,4903.8000,1523,0,109768320.000,0,-,-,-,-,4901.4000,4901.0000,4900.2000,4899.8000,4899.4000,4904.0000,4904.2000,4904.4000,4905.2000,4906.0000,1,2,1,1,1,1,1,1,1,1
SF,IC2001,2019-11-20 09:36:00.000,4903.8000,1523,0,109768320.000,0,-,-,-,-,4901.4000,4901.0000,4900.2000,4899.8000,4899.4000,4904.0000,4904.4000,4905.2000,4906.0000,4908.6000,1,2,1,1,1,1,1,1,1,2
SF,IC2001,2019-11-20 09:36:00.500,4903.8000,1523,0,109768320.000,0,-,-,-,-,4901.6000,4901.4000,4901.0000,4900.2000,4899.8000,4905.2000,4906.0000,4908.6000,4912.6000,4916.8000,1,1,2,1,1,1,1,2,5,1
SF,IC2001,2019-11-20 09:36:01.000,4903.8000,1523,0,109768320.000,0,-,-,-,-,4901.6000,4901.0000,4900.2000,4899.8000,4899.4000,4904.8000,4905.0000,4905.2000,4906.0000,4908.6000,1,2,1,1,1,1,4,1,1,2
SF,IC2001,2019-11-20 09:36:01.500,4903.8000,1523,0,109768320.000,0,-,-,-,-,4901.8000,4901.6000,4901.0000,4900.2000,4899.8000,4904.6000,4904.8000,4905.0000,4905.2000,4906.0000,2,1,2,1,1,1,1,2,1,1
SF,IC2001,2019-11-20 09:36:02.000,4903.8000,1523,0,109768320.000,0,-,-,-,-,4901.8000,4901.6000,4901.0000,4900.2000,4899.8000,4904.6000,4904.8000,4905.0000,4905.2000,4906.0000,2,1,2,1,1,1,1,2,1,1
SF,IC2001,2019-11-20 09:36:02.500,4903.8000,1523,0,109768320.000,0,-,-,-,-,4901.8000,4901.6000,4901.0000,4900.2000,4899.8000,4904.6000,4904.8000,4905.0000,4905.2000,4906.0000,1,1,2,1,1,1,1,2,1,1
SF,IC2001,2019-11-20 09:36:03.000,4903.8000,1523,0,109768320.000,0,-,-,-,-,4901.8000,4901.0000,4900.2000,4899.8000,4899.4000,4904.4000,4904.6000,4904.8000,4905.0000,4905.2000,1,2,1,1,1,3,1,1,2,1
SF,IC2001,2019-11-20 09:36:03.500,4903.8000,1523,0,109768320.000,0,-,-,-,-,4901.8000,4901.0000,4900.2000,4899.8000,4899.4000,4904.4000,4904.8000,4905.0000,4905.2000,4906.0000,1,2,1,1,1,3,1,2,1,1
SF,IC2001,2019-11-20 09:36:05.500,4903.8000,1523,0,109768320.000,0,-,-,-,-,4901.8000,4901.0000,4900.2000,4899.8000,4899.4000,4904.2000,4904.4000,4904.8000,4905.0000,4905.2000,1,2,1,1,1,1,3,1,2,1
SF,IC2001,2019-11-20 09:36:06.000,4903.8000,1523,0,109768320.000,0,-,-,-,-,4901.8000,4901.0000,4900.2000,4899.8000,4899.4000,4904.0000,4904.2000,4904.4000,4904.8000,4905.0000,1,2,1,1,1,1,1,3,1,2
SF,IC2001,2019-11-20 09:36:07.000,4903.8000,1523,0,109768320.000,0,-,-,-,-,4901.8000,4901.0000,4900.2000,4899.8000,4899.4000,4903.8000,4904.0000,4904.2000,4904.4000,4904.8000,1,2,1,1,1,1,1,1,2,1
SF,IC2001,2019-11-20 09:36:07.500,4903.8000,1523,0,109768320.000,0,-,-,-,-,4901.8000,4901.0000,4900.2000,4899.8000,4899.4000,4903.8000,4904.2000,4904.4000,4904.8000,4905.0000,1,2,1,1,1,1,1,2,1,2
SF,IC2001,2019-11-20 09:36:08.000,4901.8000,1523,0,110748680.000,1,0,1,多换,S,4901.0000,4900.2000,4899.8000,4899.4000,4899.0000,4903.8000,4904.0000,4904.2000,4904.4000,4904.8000,2,1,2,1,1,1,1,1,2,1
SF,IC2001,2019-11-20 09:36:08.500,4901.8000,1523,0,110748680.000,0,-,-,-,-,4901.0000,4900.2000,4899.8000,4899.4000,4899.0000,4903.6000,4903.8000,4904.2000,4904.4000,4904.8000,2,1,1,1,1,1,1,1,2,1
SF,IC2001,2019-11-20 09:36:10.000,4901.0000,1524,1,111728880.000,1,1,0,双开,S,4901.2000,4901.0000,4900.2000,4899.8000,4899.4000,4903.6000,4903.8000,4904.2000,4904.4000,4904.8000,1,1,1,1,1,1,1,1,2,1
SF,IC2001,2019-11-20 09:36:10.500,4901.0000,1524,0,111728880.000,0,-,-,-,-,4901.2000,4901.0000,4900.2000,4899.8000,4899.4000,4903.4000,4903.6000,4904.4000,4904.8000,4905.0000,1,1,1,1,1,1,1,2,1,2
SF,IC2001,2019-11-20 09:36:11.000,4901.0000,1524,0,111728880.000,0,-,-,-,-,4901.0000,4900.2000,4899.8000,4899.4000,4899.0000,4903.2000,4903.4000,4904.4000,4904.8000,4905.0000,1,1,1,1,1,1,3,1,1,2
SF,IC2001,2019-11-20 09:36:12.000,4901.0000,1524,0,111728880.000,0,-,-,-,-,4901.0000,4900.2000,4899.8000,4899.4000,4899.0000,4903.2000,4903.4000,4904.4000,4904.8000,4905.0000,1,1,1,1,1,1,2,1,1,2
SF,IC2001,2019-11-20 09:36:14.000,4901.0000,1524,0,111728880.000,0,-,-,-,-,4901.0000,4900.2000,4899.8000,4899.4000,4899.0000,4903.2000,4903.4000,4904.4000,4904.8000,4905.0000,1,1,1,1,1,1,1,1,1,2
SF,IC2001,2019-11-20 09:36:15.500,4901.0000,1523,-1,112709080.000,1,0,1,双平,S,4901.2000,4901.0000,4900.2000,4899.8000,4899.4000,4903.2000,4903.4000,4904.4000,4904.8000,4905.0000,1,1,1,1,1,1,1,1,1,2
SF,IC2001,2019-11-20 09:36:16.500,4901.2000,1523,0,113689320.000,1,0,1,多换,S,4901.0000,4900.2000,4899.8000,4899.4000,4899.0000,4903.2000,4903.4000,4904.4000,4904.8000,4905.0000,1,1,1,1,1,1,1,1,1,2
SF,IC2001,2019-11-20 09:36:18.000,4901.2000,1523,0,113689320.000,0,-,-,-,-,4901.0000,4900.2000,4899.8000,4899.4000,4899.0000,4903.0000,4903.2000,4903.4000,4904.4000,4904.8000,1,1,1,1,1,1,1,1,1,1
SF,IC2001,2019-11-20 09:36:18.500,4901.2000,1523,0,113689320.000,0,-,-,-,-,4901.0000,4898.8000,4897.4000,4895.8000,4890.2000,4902.8000,4903.0000,4903.4000,4904.4000,4905.0000,1,1,1,1,2,3,1,1,1,2
SF,IC2001,2019-11-20 09:36:19.000,4901.0000,1524,1,114669520.000,1,1,0,双开,S,4898.8000,4897.4000,4895.8000,4890.2000,4889.4000,4902.6000,4902.8000,4903.0000,4904.4000,4905.0000,1,1,1,2,5,1,3,1,1,2
SF,IC2001,2019-11-20 09:36:19.500,4901.0000,1524,0,114669520.000,0,-,-,-,-,4899.0000,4898.8000,4897.4000,4895.8000,4890.2000,4902.4000,4902.6000,4902.8000,4903.0000,4904.4000,1,1,1,1,2,2,1,1,1,1
SF,IC2001,2019-11-20 09:36:20.000,4899.0000,1524,0,115649320.000,1,0,1,多换,S,4899.4000,4898.8000,4897.6000,4897.4000,4895.8000,4902.4000,4902.6000,4902.8000,4903.0000,4904.4000,1,2,1,1,1,2,1,1,1,1
SF,IC2001,2019-11-20 09:36:20.500,4899.0000,1524,0,115649320.000,0,-,-,-,-,4899.4000,4899.0000,4898.8000,4897.4000,4895.8000,4902.4000,4902.6000,4902.8000,4903.0000,4904.4000,1,1,2,1,1,2,1,1,1,1
SF,IC2001,2019-11-20 09:36:21.000,4899.0000,1524,0,115649320.000,0,-,-,-,-,4899.0000,4898.8000,4897.4000,4895.8000,4890.2000,4902.2000,4902.4000,4902.6000,4902.8000,4904.4000,1,2,1,1,2,1,2,1,1,1
SF,IC2001,2019-11-20 09:36:21.500,4899.0000,1524,0,115649320.000,0,-,-,-,-,4899.6000,4899.0000,4898.8000,4897.4000,4895.8000,4902.0000,4902.2000,4902.6000,4902.8000,4904.4000,1,1,2,1,1,3,1,1,1,1
SF,IC2001,2019-11-20 09:36:22.000,4899.0000,1524,0,115649320.000,0,-,-,-,-,4899.2000,4899.0000,4898.8000,4897.4000,4895.8000,4902.0000,4902.2000,4902.6000,4902.8000,4904.4000,1,1,2,1,1,3,1,1,1,1
SF,IC2001,2019-11-20 09:36:22.500,4899.0000,1524,0,115649320.000,0,-,-,-,-,4899.2000,4899.0000,4898.8000,4897.4000,4895.8000,4901.8000,4902.6000,4904.4000,4905.0000,4905.2000,1,1,2,1,1,2,1,1,2,1
SF,IC2001,2019-11-20 09:36:23.000,4901.8000,1523,-1,116629680.000,1,0,1,双平,S,4899.2000,4899.0000,4898.8000,4897.4000,4895.8000,4901.8000,4902.6000,4904.4000,4905.0000,4905.2000,1,1,2,1,1,1,1,1,2,1
SF,IC2001,2019-11-20 09:36:23.500,4901.8000,1523,0,116629680.000,0,-,-,-,-,4899.4000,4899.2000,4899.0000,4898.8000,4897.4000,4901.8000,4902.6000,4904.4000,4905.0000,4905.2000,1,1,1,2,1,1,1,1,2,1
SF,IC2001,2019-11-20 09:36:24.000,4901.8000,1523,0,116629680.000,0,-,-,-,-,4899.4000,4899.2000,4899.0000,4898.8000,4897.4000,4901.8000,4902.6000,4903.8000,4904.4000,4905.0000,1,2,1,2,1,1,1,1,1,2
SF,IC2001,2019-11-20 09:36:24.500,4901.8000,1523,0,116629680.000,0,-,-,-,-,4899.0000,4898.8000,4897.4000,4895.8000,4890.2000,4901.8000,4902.6000,4903.8000,4904.4000,4905.0000,1,2,1,1,2,1,1,1,1,2
SF,IC2001,2019-11-20 09:36:26.500,4901.8000,1523,0,116629680.000,0,-,-,-,-,4899.8000,4899.2000,4899.0000,4898.8000,4897.4000,4901.8000,4902.6000,4903.8000,4904.4000,4905.0000,1,2,1,2,1,1,1,1,1,2
SF,IC2001,2019-11-20 09:36:29.000,4901.8000,1523,0,116629680.000,0,-,-,-,-,4899.8000,4899.2000,4899.0000,4898.8000,4897.4000,4901.8000,4902.6000,4903.8000,4904.4000,4905.0000,1,1,1,2,1,1,1,1,1,2
SF,IC2001,2019-11-20 09:36:29.500,4899.8000,1522,-1,117609640.000,1,0,1,双平,S,4899.2000,4898.8000,4897.4000,4895.8000,4890.2000,4901.6000,4901.8000,4903.8000,4904.4000,4905.0000,1,2,1,1,2,1,2,1,1,2
SF,IC2001,2019-11-20 09:36:30.000,4899.8000,1522,0,117609640.000,0,-,-,-,-,4898.8000,4897.4000,4895.8000,4890.2000,4889.4000,4901.2000,4901.4000,4901.6000,4901.8000,4903.8000,2,1,1,2,5,1,1,1,1,1
SF,IC2001,2019-11-20 09:36:30.500,4899.8000,1522,0,117609640.000,0,-,-,-,-,4898.8000,4897.4000,4895.8000,4890.2000,4889.4000,4901.0000,4901.2000,4901.6000,4901.8000,4903.8000,2,1,1,2,5,1,1,1,1,1
SF,IC2001,2019-11-20 09:36:31.500,4898.8000,1522,0,118589400.000,1,0,1,多换,S,4898.8000,4897.4000,4895.8000,4890.2000,4889.4000,4901.0000,4901.2000,4901.6000,4901.8000,4903.8000,1,1,1,2,5,1,1,1,1,1
SF,IC2001,2019-11-20 09:36:32.000,4901.0000,1521,-1,119569600.000,1,0,1,双平,S,4898.8000,4898.6000,4897.4000,4895.8000,4895.0000,4901.2000,4901.6000,4901.8000,4902.8000,4903.8000,1,1,1,1,1,1,1,1,1,1
SF,IC2001,2019-11-20 09:36:32.500,4901.0000,1521,0,119569600.000,0,-,-,-,-,4899.0000,4898.8000,4897.4000,4895.8000,4895.0000,4901.2000,4901.6000,4903.8000,4904.4000,4905.0000,1,1,1,1,1,1,1,1,1,2
SF,IC2001,2019-11-20 09:36:33.000,4901.0000,1521,0,119569600.000,0,-,-,-,-,4899.2000,4899.0000,4898.8000,4897.4000,4895.8000,4901.6000,4903.8000,4904.4000,4905.0000,4905.2000,1,1,1,1,1,1,1,1,2,1
