市场代码,合约代码,时间,最新,持仓,增仓,成交额,成交量,开仓,平仓,成交类型,方向,买一价,买二价,买三价,买四价,买五价,卖一价,卖二价,卖三价,卖四价,卖五价,买一量,买二量,买三量,买四量,买五量,卖一量,卖二量,卖三量,卖四量,卖五量
SF,IC2012,2020-04-20 09:29:00.000,5033.2000,0,0,0.000,0.000,-,-,-,-,4932.6000,4930.2000,4882.0000,4724.2000,4711.0000,4969.0000,4977.0000,4997.4000,4997.8000,5008.0000,2,1,1,1,1,1,1,3,1,3
SF,IC2012,2020-04-20 09:30:00.500,4969.0000,2,2,1987600.000,2,2,0,双开,S,4950.0000,4947.6000,4933.0000,4932.6000,4930.2000,4951.6000,4953.0000,4977.0000,4997.4000,4997.8000,1,1,1,2,1,3,1,1,3,1
SF,IC2012,2020-04-20 09:30:01.000,4950.4000,3,1,2977680.000,1,1,0,双开,S,4950.0000,4947.6000,4932.6000,4930.2000,4910.2000,4951.6000,4953.0000,4977.0000,4997.4000,4997.8000,1,1,2,1,1,3,1,1,3,1
SF,IC2012,2020-04-20 09:30:01.500,4950.4000,3,0,2977680.000,0,-,-,-,-,4950.0000,4947.6000,4932.6000,4930.2000,4910.2000,4951.6000,4953.0000,4977.0000,4997.4000,4997.8000,1,1,2,1,1,3,1,1,3,1
SF,IC2012,2020-04-20 09:30:02.000,4950.4000,3,0,2977680.000,0,-,-,-,-,4950.0000,4947.6000,4932.6000,4930.2000,4910.2000,4967.0000,4977.0000,4997.4000,4997.8000,5008.0000,1,1,2,1,1,3,1,3,1,3
SF,IC2012,2020-04-20 09:30:02.500,4967.0000,4,1,3971080.000,1,1,0,双开,S,4950.0000,4947.6000,4932.6000,4930.2000,4910.2000,4955.0000,4967.0000,4977.0000,4997.4000,4997.8000,1,1,2,1,1,1,2,1,3,1
SF,IC2012,2020-04-20 09:30:05.000,4967.0000,4,0,3971080.000,0,-,-,-,-,4950.0000,4947.6000,4932.6000,4930.2000,4910.2000,4955.0000,4967.0000,4977.0000,4997.4000,4997.8000,1,1,2,1,1,1,2,1,3,1
SF,IC2012,2020-04-20 09:30:05.500,4967.0000,4,0,3971080.000,0,-,-,-,-,4950.0000,4947.6000,4932.6000,4930.2000,4910.2000,4955.0000,4963.0000,4966.2000,4967.4000,4977.0000,1,1,2,1,1,1,1,1,1,1
SF,IC2012,2020-04-20 09:30:07.500,4967.0000,4,0,3971080.000,0,-,-,-,-,4950.0000,4947.6000,4932.6000,4930.2000,4910.2000,4955.0000,4963.0000,4964.6000,4966.2000,4967.4000,1,1,2,1,1,1,1,1,1,1
SF,IC2012,2020-04-20 09:30:08.000,4967.0000,4,0,3971080.000,0,-,-,-,-,4950.0000,4947.6000,4932.6000,4930.2000,4910.2000,4955.0000,4964.6000,4966.2000,4967.4000,4977.0000,1,1,2,1,1,1,1,1,1,1
SF,IC2012,2020-04-20 09:30:08.500,4955.0000,5,1,4962080.000,1,1,0,双开,S,4950.0000,4947.6000,4932.6000,4930.2000,4910.2000,4964.6000,4966.2000,4967.4000,4977.0000,4997.8000,1,1,2,1,1,1,1,1,1,1
SF,IC2012,2020-04-20 09:30:09.000,4955.0000,5,0,4962080.000,0,-,-,-,-,4950.0000,4947.6000,4932.6000,4930.2000,4910.2000,4954.2000,4964.6000,4966.2000,4967.4000,4977.0000,1,1,2,1,1,1,1,1,1,1
SF,IC2012,2020-04-20 09:30:10.000,4955.0000,5,0,4962080.000,0,-,-,-,-,4950.0000,4947.6000,4930.2000,4910.2000,4760.0000,4954.2000,4964.6000,4966.2000,4967.4000,4977.0000,1,1,1,1,3,1,1,1,1,1
SF,IC2012,2020-04-20 09:30:11.000,4955.0000,5,0,4962080.000,0,-,-,-,-,4950.0000,4947.6000,4930.2000,4910.2000,4760.0000,4961.4000,4964.6000,4966.2000,4967.4000,4977.0000,1,1,1,1,3,1,1,1,1,1
SF,IC2012,2020-04-20 09:30:11.500,4955.0000,5,0,4962080.000,0,-,-,-,-,4950.0000,4947.6000,4930.2000,4910.2000,4760.0000,4951.8000,4953.2000,4961.4000,4966.2000,4967.4000,1,1,1,1,3,1,1,1,1,1
SF,IC2012,2020-04-20 09:30:13.000,4955.0000,5,0,4962080.000,0,-,-,-,-,4950.0000,4930.2000,4910.2000,4760.0000,4757.6000,4951.8000,4961.4000,4966.2000,4967.4000,4977.0000,1,1,1,3,1,1,1,1,1,1
SF,IC2012,2020-04-20 09:30:14.000,4951.8000,6,1,5952440.000,1,1,0,双开,S,4950.0000,4930.2000,4910.2000,4760.0000,4757.6000,4961.4000,4966.2000,4967.4000,4977.0000,4997.8000,1,1,1,3,1,1,1,1,1,1
SF,IC2012,2020-04-20 09:30:14.500,4951.8000,6,0,5952440.000,0,-,-,-,-,4950.0000,4930.2000,4910.2000,4760.0000,4757.6000,4953.8000,4961.4000,4966.2000,4967.4000,4977.0000,1,1,1,3,1,1,1,1,1,1
SF,IC2012,2020-04-20 09:30:15.000,4951.8000,6,0,5952440.000,0,-,-,-,-,4950.2000,4950.0000,4930.2000,4910.2000,4760.0000,4953.8000,4961.4000,4966.2000,4967.4000,4977.0000,1,1,1,1,3,1,1,1,1,1
SF,IC2012,2020-04-20 09:30:16.000,4951.8000,6,0,5952440.000,0,-,-,-,-,4950.2000,4950.0000,4930.2000,4910.2000,4760.0000,4954.4000,4961.4000,4966.2000,4967.4000,4977.0000,1,1,1,1,3,1,1,1,1,1
SF,IC2012,2020-04-20 09:30:16.500,4951.8000,6,0,5952440.000,0,-,-,-,-,4950.4000,4950.2000,4950.0000,4930.2000,4910.2000,4950.8000,4953.2000,4961.4000,4966.2000,4967.4000,1,1,1,1,1,1,1,1,1,1
SF,IC2012,2020-04-20 09:30:17.000,4951.8000,6,0,5952440.000,0,-,-,-,-,4950.2000,4950.0000,4930.2000,4910.2000,4760.0000,4950.8000,4953.2000,4961.4000,4966.2000,4967.4000,1,1,1,1,3,1,1,1,1,1
SF,IC2012,2020-04-20 09:30:17.500,4950.8000,7,1,6942600.000,1,1,0,双开,S,4950.2000,4950.0000,4930.2000,4910.2000,4760.0000,4953.2000,4961.4000,4966.2000,4967.4000,4977.0000,1,1,1,1,3,1,1,1,1,1
SF,IC2012,2020-04-20 09:30:19.000,4950.2000,8,1,7932640.000,1,1,0,双开,S,4950.0000,4930.2000,4910.2000,4760.0000,4757.6000,4953.2000,4961.4000,4966.2000,4967.4000,4977.0000,1,1,1,3,1,1,1,1,1,1
SF,IC2012,2020-04-20 09:30:20.500,4950.2000,8,0,7932640.000,0,-,-,-,-,4930.2000,4910.2000,4760.0000,4757.6000,4750.0000,4950.2000,4953.2000,4961.4000,4966.2000,4967.4000,1,1,3,1,2,1,1,1,1,1
SF,IC2012,2020-04-20 09:30:21.000,4950.2000,8,0,7932640.000,0,-,-,-,-,4930.4000,4930.2000,4910.2000,4760.0000,4757.6000,4950.0000,4950.2000,4953.2000,4961.4000,4966.2000,1,1,1,3,1,1,1,1,1,1
SF,IC2012,2020-04-20 09:30:22.500,4950.2000,8,0,7932640.000,0,-,-,-,-,4930.4000,4930.2000,4910.2000,4760.0000,4757.6000,4948.8000,4950.0000,4950.2000,4961.4000,4966.2000,1,1,1,3,1,1,1,1,1,1
SF,IC2012,2020-04-20 09:30:23.000,4950.2000,8,0,7932640.000,0,-,-,-,-,4931.8000,4930.4000,4930.2000,4910.2000,4760.0000,4948.6000,4948.8000,4950.2000,4961.4000,4966.2000,1,1,1,1,3,1,1,1,1,1
SF,IC2012,2020-04-20 09:30:23.500,4950.2000,8,0,7932640.000,0,-,-,-,-,4932.0000,4931.8000,4930.2000,4910.2000,4760.0000,4948.6000,4948.8000,4950.2000,4961.4000,4966.2000,1,1,1,1,3,1,1,1,1,1
SF,IC2012,2020-04-20 09:30:24.000,4950.2000,8,0,7932640.000,0,-,-,-,-,4932.6000,4932.0000,4931.8000,4930.2000,4910.2000,4948.6000,4948.8000,4950.2000,4961.4000,4966.2000,1,1,1,1,1,1,1,1,1,1
SF,IC2012,2020-04-20 09:30:24.500,4950.2000,8,0,7932640.000,0,-,-,-,-,4932.8000,4932.6000,4931.8000,4930.2000,4910.2000,4948.6000,4948.8000,4950.2000,4961.4000,4966.2000,1,1,1,1,1,1,1,1,1,1
SF,IC2012,2020-04-20 09:30:25.000,4950.2000,8,0,7932640.000,0,-,-,-,-,4932.8000,4931.8000,4930.2000,4910.2000,4760.0000,4947.8000,4948.6000,4948.8000,4950.2000,4961.4000,1,1,1,1,3,1,1,1,1,1
SF,IC2012,2020-04-20 09:30:25.500,4950.2000,8,0,7932640.000,0,-,-,-,-,4932.8000,4931.8000,4910.2000,4760.0000,4757.6000,4947.6000,4947.8000,4948.8000,4949.2000,4950.2000,1,1,1,3,1,2,1,1,1,1
SF,IC2012,2020-04-20 09:30:26.500,4950.2000,8,0,7932640.000,0,-,-,-,-,4932.8000,4910.2000,4760.0000,4757.6000,4750.0000,4946.2000,4947.6000,4948.8000,4949.2000,4950.2000,1,1,3,1,2,1,2,1,1,1
SF,IC2012,2020-04-20 09:30:27.000,4950.2000,8,0,7932640.000,0,-,-,-,-,4932.8000,4910.2000,4760.0000,4757.6000,4750.0000,4946.0000,4946.2000,4947.6000,4949.2000,4950.2000,1,1,3,1,2,1,1,1,1,1
SF,IC2012,2020-04-20 09:30:27.500,4948.6000,9,1,8922360.000,1,1,0,双开,S,4932.8000,4910.2000,4760.0000,4757.6000,4750.0000,4947.6000,4949.2000,4950.2000,4967.4000,4977.0000,1,1,3,1,2,1,1,1,1,1
SF,IC2012,2020-04-20 09:30:28.000,4948.6000,9,0,8922360.000,0,-,-,-,-,4935.2000,4932.8000,4910.2000,4760.0000,4757.6000,4945.4000,4947.4000,4947.6000,4948.2000,4949.2000,1,1,1,3,1,1,1,1,1,1
SF,IC2012,2020-04-20 09:30:28.500,4948.6000,9,0,8922360.000,0,-,-,-,-,4935.4000,4910.2000,4760.0000,4757.6000,4750.0000,4947.6000,4948.2000,4949.2000,4950.2000,4967.4000,1,1,3,1,2,1,1,1,1,1
SF,IC2012,2020-04-20 09:30:29.000,4948.6000,9,0,8922360.000,0,-,-,-,-,4935.4000,4910.2000,4760.0000,4757.6000,4750.0000,4947.4000,4947.6000,4948.2000,4948.4000,4949.2000,1,1,3,1,2,1,1,1,1,1
SF,IC2012,2020-04-20 09:30:30.000,4948.6000,9,0,8922360.000,0,-,-,-,-,4935.4000,4910.2000,4760.0000,4757.6000,4750.0000,4947.4000,4948.2000,4948.4000,4949.2000,4950.2000,1,1,3,1,2,1,1,1,1,1
SF,IC2012,2020-04-20 09:30:31.500,4935.4000,10,1,9909440.000,1,1,0,双开,S,4910.2000,4760.0000,4757.6000,4750.0000,4711.0000,4947.4000,4948.2000,4948.4000,4949.2000,4950.2000,1,3,1,2,1,1,1,1,1,1
SF,IC2012,2020-04-20 09:30:32.000,4935.4000,10,0,9909440.000,0,-,-,-,-,4910.4000,4910.2000,4760.0000,4757.6000,4750.0000,4947.4000,4948.2000,4948.4000,4949.2000,4950.2000,1,1,3,1,2,1,1,1,1,1
SF,IC2012,2020-04-20 09:30:32.500,4935.4000,10,0,9909440.000,0,-,-,-,-,4910.4000,4910.2000,4760.0000,4757.6000,4750.0000,4947.4000,4948.2000,4948.4000,4950.2000,4967.4000,1,1,3,1,2,1,1,1,1,1
SF,IC2012,2020-04-20 09:30:33.000,4935.4000,10,0,9909440.000,0,-,-,-,-,4931.8000,4910.4000,4910.2000,4760.0000,4757.6000,4947.0000,4947.4000,4948.2000,4948.4000,4950.2000,1,1,1,3,1,1,1,1,1,1
SF,IC2012,2020-04-20 09:30:33.500,4935.4000,10,0,9909440.000,0,-,-,-,-,4932.0000,4931.8000,4918.0000,4910.2000,4760.0000,4946.8000,4947.0000,4948.2000,4950.2000,4967.4000,1,1,1,1,3,1,1,1,1,1
SF,IC2012,2020-04-20 09:30:34.500,4935.4000,10,0,9909440.000,0,-,-,-,-,4932.0000,4918.0000,4910.2000,4760.0000,4757.6000,4946.8000,4947.0000,4948.2000,4950.2000,4967.4000,1,1,1,3,1,1,1,1,1,1
SF,IC2012,2020-04-20 09:30:35.000,4935.4000,10,0,9909440.000,0,-,-,-,-,4932.0000,4918.0000,4910.2000,4760.0000,4757.6000,4946.8000,4947.0000,4948.2000,4950.2000,4967.4000,1,1,1,3,1,1,2,1,1,1
SF,IC2012,2020-04-20 09:30:35.500,4935.4000,10,0,9909440.000,0,-,-,-,-,4933.8000,4933.0000,4932.0000,4918.0000,4910.2000,4946.8000,4947.0000,4948.2000,4950.2000,4967.4000,1,1,1,1,1,1,2,1,1,1
SF,IC2012,2020-04-20 09:30:36.000,4935.4000,10,0,9909440.000,0,-,-,-,-,4934.0000,4933.8000,4933.0000,4918.0000,4910.2000,4946.8000,4947.0000,4948.2000,4950.2000,4967.4000,1,1,1,1,1,1,2,1,1,1
SF,IC2012,2020-04-20 09:30:36.500,4935.4000,10,0,9909440.000,0,-,-,-,-,4934.0000,4933.8000,4933.0000,4918.0000,4910.2000,4946.6000,4946.8000,4947.0000,4948.2000,4950.2000,1,1,1,1,1,1,1,2,1,1
SF,IC2012,2020-04-20 09:30:37.000,4935.4000,10,0,9909440.000,0,-,-,-,-,4935.0000,4934.6000,4934.0000,4918.0000,4910.2000,4946.4000,4946.6000,4947.0000,4948.2000,4950.2000,1,1,1,1,1,1,1,2,1,1
SF,IC2012,2020-04-20 09:30:37.500,4935.4000,10,0,9909440.000,0,-,-,-,-,4935.2000,4935.0000,4934.6000,4918.0000,4910.2000,4946.6000,4947.0000,4948.2000,4950.2000,4967.4000,1,1,1,1,1,1,2,1,1,1
SF,IC2012,2020-04-20 09:30:38.500,4935.4000,10,0,9909440.000,0,-,-,-,-,4936.6000,4935.2000,4934.6000,4918.0000,4910.2000,4946.6000,4947.0000,4948.2000,4950.2000,4967.4000,1,1,1,1,1,1,2,1,1,1
SF,IC2012,2020-04-20 09:30:39.000,4935.4000,10,0,9909440.000,0,-,-,-,-,4936.8000,4936.6000,4934.6000,4918.0000,4910.2000,4946.6000,4947.0000,4948.2000,4950.2000,4967.4000,1,1,1,1,1,1,2,1,1,1
SF,IC2012,2020-04-20 09:30:40.000,4935.4000,10,0,9909440.000,0,-,-,-,-,4936.8000,4936.6000,4918.0000,4910.2000,4760.0000,4946.6000,4947.0000,4948.2000,4950.2000,4967.4000,1,1,1,1,3,1,2,1,1,1
SF,IC2012,2020-04-20 09:30:40.500,4935.4000,10,0,9909440.000,0,-,-,-,-,4936.8000,4918.0000,4910.2000,4760.0000,4757.6000,4946.6000,4947.0000,4948.2000,4950.2000,4967.4000,1,1,1,3,1,1,2,1,1,1
SF,IC2012,2020-04-20 09:30:42.000,4935.4000,10,0,9909440.000,0,-,-,-,-,4936.8000,4918.0000,4910.2000,4760.0000,4757.6000,4947.0000,4948.2000,4950.2000,4967.4000,4977.0000,1,1,1,3,1,2,1,1,1,1
SF,IC2012,2020-04-20 09:30:42.500,4935.4000,10,0,9909440.000,0,-,-,-,-,4937.2000,4936.8000,4918.0000,4910.2000,4760.0000,4947.0000,4948.2000,4950.2000,4967.4000,4977.0000,1,1,1,1,3,2,1,1,1,1
SF,IC2012,2020-04-20 09:30:43.000,4935.4000,10,0,9909440.000,0,-,-,-,-,4937.4000,4937.2000,4918.0000,4910.2000,4760.0000,4947.0000,4948.2000,4950.2000,4967.4000,4977.0000,1,1,1,1,3,2,1,1,1,1
SF,IC2012,2020-04-20 09:30:43.500,4935.4000,10,0,9909440.000,0,-,-,-,-,4938.2000,4937.4000,4937.2000,4918.0000,4910.2000,4947.0000,4948.2000,4950.2000,4967.4000,4977.0000,1,1,1,1,1,2,1,1,1,1
SF,IC2012,2020-04-20 09:30:44.000,4935.4000,10,0,9909440.000,0,-,-,-,-,4938.4000,4938.2000,4918.0000,4910.2000,4760.0000,4947.0000,4948.2000,4950.2000,4967.4000,4977.0000,1,1,1,1,3,2,1,1,1,1
SF,IC2012,2020-04-20 09:30:44.500,4935.4000,10,0,9909440.000,0,-,-,-,-,4938.4000,4918.0000,4910.2000,4760.0000,4757.6000,4947.0000,4948.2000,4950.2000,4967.4000,4977.0000,1,1,1,3,1,2,1,1,1,1
SF,IC2012,2020-04-20 09:30:45.000,4938.2000,11,1,10897080.000,1,1,0,双开,S,4938.4000,4918.0000,4910.2000,4760.0000,4757.6000,4947.0000,4948.2000,4950.2000,4967.4000,4977.0000,1,1,1,3,1,2,1,1,1,1
SF,IC2012,2020-04-20 09:30:46.500,4938.2000,11,0,10897080.000,0,-,-,-,-,4938.4000,4910.2000,4760.0000,4757.6000,4750.0000,4947.0000,4948.2000,4950.2000,4967.4000,4977.0000,1,1,3,1,2,2,1,1,1,1
SF,IC2012,2020-04-20 09:30:48.000,4938.2000,11,0,10897080.000,0,-,-,-,-,4938.4000,4910.2000,4760.0000,4757.6000,4750.0000,4947.0000,4948.2000,4950.2000,4967.4000,4977.0000,1,1,3,1,2,1,1,1,1,1
SF,IC2012,2020-04-20 09:30:49.000,4938.2000,11,0,10897080.000,0,-,-,-,-,4938.6000,4938.4000,4910.2000,4760.0000,4757.6000,4947.0000,4948.2000,4950.2000,4977.0000,4997.8000,1,1,1,3,1,1,1,1,1,1
SF,IC2012,2020-04-20 09:30:49.500,4938.2000,11,0,10897080.000,0,-,-,-,-,4938.8000,4938.6000,4910.2000,4760.0000,4757.6000,4947.0000,4948.2000,4950.2000,4977.0000,4997.8000,1,1,1,3,1,1,1,1,1,1
SF,IC2012,2020-04-20 09:30:50.500,4938.2000,11,0,10897080.000,0,-,-,-,-,4938.8000,4918.0000,4910.2000,4760.0000,4757.6000,4944.4000,4947.0000,4948.2000,4950.2000,4977.0000,1,1,1,3,1,1,1,1,1,1
SF,IC2012,2020-04-20 09:30:51.000,4944.4000,12,1,11885960.000,1,1,0,双开,S,4918.0000,4910.2000,4760.0000,4757.6000,4750.0000,4947.0000,4948.2000,4950.2000,4977.0000,4997.8000,1,1,3,1,2,1,1,1,1,1
SF,IC2012,2020-04-20 09:30:51.500,4944.4000,12,0,11885960.000,0,-,-,-,-,4935.0000,4918.0000,4910.2000,4760.0000,4757.6000,4946.8000,4947.0000,4948.2000,4950.2000,4977.0000,1,1,1,3,1,1,1,1,1,1
SF,IC2012,2020-04-20 09:30:52.000,4944.4000,12,0,11885960.000,0,-,-,-,-,4935.0000,4918.0000,4910.2000,4760.0000,4757.6000,4947.0000,4948.2000,4950.2000,4977.0000,4997.8000,1,1,1,3,1,1,1,1,1,1
SF,IC2012,2020-04-20 09:30:52.500,4944.4000,12,0,11885960.000,0,-,-,-,-,4937.4000,4935.4000,4935.0000,4918.0000,4910.2000,4946.2000,4947.0000,4948.2000,4950.2000,4977.0000,1,1,1,1,1,1,1,1,1,1
SF,IC2012,2020-04-20 09:30:53.000,4944.4000,12,0,11885960.000,0,-,-,-,-,4938.4000,4937.4000,4936.4000,4935.6000,4935.4000,4946.2000,4947.0000,4948.2000,4950.2000,4977.0000,1,1,1,1,1,1,1,1,1,1
SF,IC2012,2020-04-20 09:30:54.500,4944.4000,12,0,11885960.000,0,-,-,-,-,4939.4000,4938.4000,4935.4000,4935.0000,4918.0000,4946.2000,4947.0000,4948.2000,4950.2000,4977.0000,1,1,1,1,1,1,1,1,1,1
SF,IC2012,2020-04-20 09:30:55.000,4944.4000,12,0,11885960.000,0,-,-,-,-,4939.4000,4938.4000,4935.4000,4935.0000,4918.0000,4947.0000,4948.2000,4950.2000,4977.0000,4997.8000,1,1,1,1,1,1,1,1,1,1
SF,IC2012,2020-04-20 09:30:56.500,4944.4000,12,0,11885960.000,0,-,-,-,-,4939.4000,4938.4000,4935.4000,4935.0000,4918.0000,4946.6000,4947.0000,4948.2000,4950.2000,4977.0000,1,1,1,1,1,1,1,1,1,1
SF,IC2012,2020-04-20 09:30:57.000,4944.4000,12,0,11885960.000,0,-,-,-,-,4939.4000,4938.4000,4935.4000,4935.0000,4918.0000,4944.4000,4946.6000,4947.0000,4948.2000,4950.2000,1,1,1,1,1,1,1,1,1,1
SF,IC2012,2020-04-20 09:30:57.500,4944.4000,12,0,11885960.000,0,-,-,-,-,4939.4000,4938.4000,4935.4000,4935.0000,4918.0000,4944.4000,4946.6000,4948.2000,4950.2000,4977.0000,1,1,1,1,1,1,1,1,1,1
SF,IC2012,2020-04-20 09:30:58.000,4944.4000,12,0,11885960.000,0,-,-,-,-,4938.4000,4935.4000,4935.0000,4918.0000,4910.2000,4944.4000,4948.2000,4950.2000,4977.0000,4997.8000,1,1,1,1,1,1,1,1,1,1
SF,IC2012,2020-04-20 09:30:58.500,4944.4000,12,0,11885960.000,0,-,-,-,-,4938.4000,4935.4000,4935.0000,4918.0000,4910.2000,4944.4000,4948.2000,4950.2000,4966.0000,4977.0000,1,1,1,1,1,1,1,1,1,1
SF,IC2012,2020-04-20 09:30:59.000,4944.4000,12,0,11885960.000,0,-,-,-,-,4939.0000,4938.4000,4935.0000,4918.0000,4910.2000,4944.4000,4948.2000,4950.2000,4966.0000,4977.0000,1,1,1,1,1,1,1,1,1,1
SF,IC2012,2020-04-20 09:31:00.500,4939.0000,13,1,12873760.000,1,1,0,双开,S,4938.4000,4935.0000,4918.0000,4910.2000,4760.0000,4944.4000,4948.2000,4950.2000,4966.0000,4977.0000,1,1,1,1,3,1,1,1,1,1
SF,IC2012,2020-04-20 09:31:01.000,4939.0000,13,0,12873760.000,0,-,-,-,-,4938.4000,4935.0000,4918.0000,4910.2000,4760.0000,4939.0000,4944.4000,4948.2000,4950.2000,4966.0000,1,1,1,1,3,1,1,1,1,1
SF,IC2012,2020-04-20 09:31:01.500,4939.0000,13,0,12873760.000,0,-,-,-,-,4938.4000,4935.0000,4918.0000,4910.2000,4760.0000,4939.0000,4944.2000,4944.4000,4948.2000,4950.2000,1,1,1,1,3,1,1,1,1,1
SF,IC2012,2020-04-20 09:31:11.000,4939.0000,13,0,12873760.000,0,-,-,-,-,4938.4000,4935.0000,4918.0000,4910.2000,4760.0000,4939.0000,4944.2000,4944.4000,4948.2000,4966.0000,1,1,1,1,3,1,1,1,1,1
SF,IC2012,2020-04-20 09:31:12.000,4939.0000,13,0,12873760.000,0,-,-,-,-,4938.4000,4935.0000,4918.0000,4910.2000,4760.0000,4939.0000,4944.4000,4948.2000,4966.0000,4997.8000,1,1,1,1,3,1,1,1,1,1
SF,IC2012,2020-04-20 09:31:13.000,4938.4000,14,1,13861440.000,1,1,0,双开,S,4935.0000,4918.0000,4910.2000,4760.0000,4757.6000,4936.4000,4939.0000,4944.4000,4948.2000,4966.0000,1,1,1,3,1,1,1,1,1,1
SF,IC2012,2020-04-20 09:31:14.000,4937.4000,15,1,14848920.000,1,1,0,双开,S,4935.0000,4918.0000,4910.2000,4760.0000,4757.6000,4939.0000,4944.4000,4948.2000,4966.0000,4997.8000,1,1,1,3,1,1,1,1,1,1
SF,IC2012,2020-04-20 09:31:17.000,4937.4000,15,0,14848920.000,0,-,-,-,-,4935.0000,4918.0000,4910.2000,4760.0000,4757.6000,4938.6000,4939.0000,4944.4000,4948.2000,4966.0000,1,1,1,3,1,1,1,1,1,1
SF,IC2012,2020-04-20 09:31:18.000,4937.4000,15,0,14848920.000,0,-,-,-,-,4935.0000,4918.0000,4910.2000,4760.0000,4757.6000,4939.0000,4944.4000,4948.2000,4966.0000,4997.8000,1,1,1,3,1,1,1,1,1,1
SF,IC2012,2020-04-20 09:31:18.500,4935.0000,16,1,15835920.000,1,1,0,双开,S,4918.0000,4910.2000,4760.0000,4757.6000,4750.0000,4939.0000,4944.4000,4948.2000,4966.0000,4997.8000,1,1,3,1,2,1,1,1,1,1
SF,IC2012,2020-04-20 09:31:19.000,4935.0000,16,0,15835920.000,0,-,-,-,-,4918.0000,4910.2000,4760.0000,4757.6000,4750.0000,4938.8000,4939.0000,4944.4000,4948.2000,4966.0000,1,1,3,1,2,1,1,1,1,1
SF,IC2012,2020-04-20 09:31:20.000,4935.0000,16,0,15835920.000,0,-,-,-,-,4935.0000,4918.0000,4910.2000,4760.0000,4757.6000,4938.8000,4939.0000,4944.4000,4948.2000,4966.0000,1,1,1,3,1,1,1,1,1,1
SF,IC2012,2020-04-20 09:31:20.500,4935.0000,16,0,15835920.000,0,-,-,-,-,4935.0000,4921.8000,4918.0000,4910.2000,4760.0000,4938.8000,4939.0000,4944.4000,4948.2000,4966.0000,1,1,1,1,3,1,1,1,1,1
SF,IC2012,2020-04-20 09:31:21.500,4935.0000,16,0,15835920.000,0,-,-,-,-,4935.0000,4925.6000,4921.8000,4918.0000,4910.2000,4938.8000,4939.0000,4944.4000,4948.2000,4966.0000,1,1,1,1,1,1,1,1,1,1
SF,IC2012,2020-04-20 09:31:22.500,4935.0000,16,0,15835920.000,0,-,-,-,-,4935.0000,4930.0000,4925.6000,4921.8000,4918.0000,4938.8000,4939.0000,4944.4000,4948.2000,4966.0000,2,1,1,1,1,1,1,1,1,1
SF,IC2012,2020-04-20 09:31:23.000,4935.0000,17,1,16822920.000,1,1,0,双开,S,4935.0000,4930.0000,4925.6000,4921.8000,4918.0000,4938.6000,4939.0000,4944.4000,4948.2000,4966.0000,1,1,1,1,1,1,1,1,1,1
SF,IC2012,2020-04-20 09:31:23.500,4935.0000,17,0,16822920.000,0,-,-,-,-,4935.0000,4930.0000,4925.6000,4921.8000,4918.0000,4938.4000,4938.6000,4939.0000,4944.4000,4948.2000,1,1,1,1,1,1,1,1,1,1
SF,IC2012,2020-04-20 09:31:24.000,4935.0000,17,0,16822920.000,0,-,-,-,-,4935.0000,4930.0000,4925.6000,4921.8000,4919.6000,4938.4000,4938.6000,4939.0000,4944.4000,4948.2000,1,1,1,1,1,1,1,1,1,1
SF,IC2012,2020-04-20 09:31:24.500,4935.0000,17,0,16822920.000,0,-,-,-,-,4935.0000,4930.0000,4925.6000,4921.8000,4919.6000,4938.4000,4939.0000,4944.4000,4948.2000,4966.0000,1,1,1,1,1,1,1,1,1,1
SF,IC2012,2020-04-20 09:31:25.000,4935.0000,17,0,16822920.000,0,-,-,-,-,4935.0000,4930.0000,4928.2000,4925.6000,4921.8000,4938.4000,4939.0000,4944.4000,4948.2000,4966.0000,1,1,1,1,1,1,1,1,1,1
SF,IC2012,2020-04-20 09:31:26.000,4935.0000,17,0,16822920.000,0,-,-,-,-,4935.0000,4930.0000,4928.2000,4926.2000,4925.6000,4938.0000,4938.4000,4939.0000,4944.4000,4948.2000,1,1,1,1,1,1,1,1,1,1
SF,IC2012,2020-04-20 09:31:27.000,4935.0000,17,0,16822920.000,0,-,-,-,-,4935.0000,4928.2000,4926.2000,4925.6000,4921.8000,4938.0000,4938.4000,4939.0000,4944.4000,4948.2000,1,1,1,1,1,2,1,1,1,1
SF,IC2012,2020-04-20 09:31:27.500,4935.0000,17,0,16822920.000,0,-,-,-,-,4935.0000,4928.2000,4926.2000,4925.6000,4921.8000,4937.8000,4938.0000,4939.0000,4944.4000,4948.2000,1,1,1,1,1,1,2,1,1,1
SF,IC2012,2020-04-20 09:31:28.500,4935.0000,17,0,16822920.000,0,-,-,-,-,4935.0000,4928.2000,4925.6000,4921.8000,4919.6000,4937.8000,4938.0000,4939.0000,4944.4000,4948.2000,1,1,1,1,1,1,1,1,1,1
SF,IC2012,2020-04-20 09:31:29.000,4935.0000,17,0,16822920.000,0,-,-,-,-,4935.0000,4928.2000,4921.8000,4919.6000,4918.0000,4937.8000,4938.0000,4939.0000,4944.4000,4948.2000,1,1,1,1,1,1,1,1,1,1
SF,IC2012,2020-04-20 09:31:29.500,4935.0000,17,0,16822920.000,0,-,-,-,-,4935.0000,4928.2000,4921.8000,4919.6000,4918.0000,4937.8000,4938.0000,4939.0000,4944.4000,4948.2000,1,1,1,1,1,1,1,1,1,1
SF,IC2012,2020-04-20 09:31:30.000,4937.8000,18,1,17810480.000,1,1,0,双开,S,4935.0000,4921.8000,4919.6000,4918.0000,4911.0000,4944.4000,4948.2000,4966.0000,4997.8000,5010.0000,1,1,1,1,1,1,1,1,1,1
SF,IC2012,2020-04-20 09:31:30.500,4937.8000,18,0,17810480.000,0,-,-,-,-,4935.0000,4921.8000,4919.6000,4918.0000,4911.0000,4944.2000,4944.4000,4948.2000,4966.0000,4997.8000,1,1,1,1,1,1,1,1,1,1
SF,IC2012,2020-04-20 09:31:31.000,4935.0000,19,1,18797480.000,1,1,0,双开,S,4921.8000,4919.6000,4918.0000,4911.0000,4910.2000,4935.0000,4944.2000,4944.4000,4948.2000,4966.0000,1,1,1,1,1,1,1,1,1,1
SF,IC2012,2020-04-20 09:31:33.000,4935.0000,19,0,18797480.000,0,-,-,-,-,4923.0000,4921.8000,4919.6000,4918.0000,4911.0000,4935.0000,4944.2000,4944.4000,4948.2000,4966.0000,1,1,1,1,1,1,1,1,1,1
SF,IC2012,2020-04-20 09:31:33.500,4935.0000,19,0,18797480.000,0,-,-,-,-,4923.2000,4923.0000,4921.8000,4919.6000,4918.0000,4935.0000,4944.2000,4944.4000,4948.2000,4966.0000,1,1,1,1,1,1,1,1,1,1
SF,IC2012,2020-04-20 09:31:34.500,4935.0000,19,0,18797480.000,0,-,-,-,-,4923.2000,4923.0000,4921.8000,4919.6000,4918.0000,4935.0000,4940.0000,4944.2000,4944.4000,4948.2000,1,1,1,1,1,1,1,1,1,1
SF,IC2012,2020-04-20 09:31:36.500,4935.0000,19,0,18797480.000,0,-,-,-,-,4932.2000,4923.2000,4923.0000,4921.8000,4919.6000,4935.0000,4940.0000,4944.2000,4944.4000,4948.2000,1,1,1,1,1,1,1,1,1,1
SF,IC2012,2020-04-20 09:31:41.000,4935.0000,19,0,18797480.000,0,-,-,-,-,4932.2000,4923.2000,4923.0000,4921.8000,4919.6000,4935.0000,4940.0000,4944.2000,4944.4000,4966.0000,1,1,1,1,1,1,1,1,1,1
SF,IC2012,2020-04-20 09:31:41.500,4935.0000,19,0,18797480.000,0,-,-,-,-,4932.4000,4932.2000,4923.0000,4921.8000,4919.6000,4935.0000,4940.0000,4944.2000,4944.4000,4966.0000,1,1,1,1,1,1,1,1,1,1
SF,IC2012,2020-04-20 09:31:43.000,4935.0000,19,0,18797480.000,0,-,-,-,-,4932.4000,4932.2000,4930.0000,4923.0000,4921.8000,4935.0000,4940.0000,4944.2000,4944.4000,4966.0000,1,1,1,1,1,1,1,1,1,1
SF,IC2012,2020-04-20 09:31:43.500,4935.0000,20,1,19784480.000,1,1,0,双开,S,4932.4000,4932.2000,4930.0000,4923.0000,4921.8000,4940.0000,4944.2000,4944.4000,4966.0000,4997.8000,1,1,1,1,1,1,1,1,1,1
SF,IC2012,2020-04-20 09:31:44.000,4935.0000,20,0,19784480.000,0,-,-,-,-,4932.4000,4932.2000,4930.0000,4923.0000,4921.8000,4939.8000,4940.0000,4944.4000,4966.0000,4997.8000,1,1,1,1,1,1,1,1,1,1
SF,IC2012,2020-04-20 09:31:45.000,4932.4000,21,1,20770960.000,1,1,0,双开,S,4932.2000,4930.0000,4923.0000,4921.8000,4919.6000,4939.8000,4944.4000,4966.0000,4997.8000,5010.0000,1,1,1,1,1,1,1,1,1,1
SF,IC2012,2020-04-20 09:31:45.500,4932.4000,21,0,20770960.000,0,-,-,-,-,4932.4000,4932.2000,4930.0000,4923.0000,4921.8000,4944.4000,4966.0000,4997.8000,5010.0000,5032.8000,1,1,1,1,1,1,1,1,1,1
SF,IC2012,2020-04-20 09:31:46.000,4932.4000,21,0,20770960.000,0,-,-,-,-,4932.4000,4932.2000,4930.0000,4923.0000,4921.8000,4944.2000,4944.4000,4966.0000,4997.8000,5010.0000,1,1,1,1,1,1,1,1,1,1
SF,IC2012,2020-04-20 09:31:47.000,4932.4000,21,0,20770960.000,0,-,-,-,-,4932.4000,4932.2000,4930.0000,4921.8000,4919.6000,4944.2000,4944.4000,4966.0000,4997.8000,5010.0000,1,1,1,1,1,1,1,1,1,1
SF,IC2012,2020-04-20 09:31:47.500,4932.4000,21,0,20770960.000,0,-,-,-,-,4932.6000,4932.4000,4932.2000,4930.0000,4921.8000,4943.0000,4944.2000,4944.4000,4966.0000,4997.8000,1,1,1,1,1,1,1,1,1,1
SF,IC2012,2020-04-20 09:31:48.000,4932.4000,21,0,20770960.000,0,-,-,-,-,4935.0000,4932.8000,4932.6000,4932.2000,4930.0000,4942.8000,4943.0000,4944.0000,4944.4000,4966.0000,1,1,1,1,1,1,1,1,1,1
SF,IC2012,2020-04-20 09:31:48.500,4932.4000,21,0,20770960.000,0,-,-,-,-,4935.0000,4932.2000,4930.0000,4921.8000,4919.6000,4942.8000,4943.0000,4944.4000,4966.0000,4997.8000,1,1,1,1,1,1,1,1,1,1
SF,IC2012,2020-04-20 09:31:49.000,4932.4000,21,0,20770960.000,0,-,-,-,-,4935.2000,4935.0000,4932.2000,4930.0000,4921.8000,4942.2000,4942.8000,4943.0000,4944.4000,4966.0000,1,1,1,1,1,1,1,1,1,1
SF,IC2012,2020-04-20 09:31:49.500,4932.4000,21,0,20770960.000,0,-,-,-,-,4935.2000,4935.0000,4932.2000,4930.0000,4921.8000,4942.0000,4942.2000,4943.0000,4944.4000,4966.0000,1,1,1,1,1,1,1,1,1,1
SF,IC2012,2020-04-20 09:31:50.000,4932.4000,21,0,20770960.000,0,-,-,-,-,4935.2000,4935.0000,4932.2000,4930.0000,4921.8000,4942.0000,4942.2000,4943.0000,4966.0000,4997.8000,1,1,1,1,1,1,1,1,1,1
SF,IC2012,2020-04-20 09:31:51.000,4932.4000,21,0,20770960.000,0,-,-,-,-,4935.2000,4935.0000,4932.2000,4930.0000,4921.8000,4942.0000,4943.0000,4966.0000,4997.8000,5010.0000,1,1,1,1,1,1,1,1,1,1
SF,IC2012,2020-04-20 09:31:51.500,4932.4000,21,0,20770960.000,0,-,-,-,-,4935.2000,4935.0000,4932.2000,4930.0000,4921.8000,4941.6000,4942.0000,4943.0000,4966.0000,4997.8000,1,1,1,1,1,1,1,1,1,1
SF,IC2012,2020-04-20 09:31:52.000,4932.4000,21,0,20770960.000,0,-,-,-,-,4935.2000,4935.0000,4930.0000,4921.8000,4919.6000,4941.4000,4941.6000,4943.0000,4966.0000,4997.8000,1,1,1,1,1,1,1,1,1,1
SF,IC2012,2020-04-20 09:31:52.500,4932.4000,21,0,20770960.000,0,-,-,-,-,4935.2000,4935.0000,4930.0000,4921.8000,4919.6000,4941.6000,4943.0000,4966.0000,4997.8000,5010.0000,1,1,1,1,1,1,1,1,1,1
SF,IC2012,2020-04-20 09:31:54.000,4932.4000,21,0,20770960.000,0,-,-,-,-,4935.2000,4935.0000,4930.0000,4921.8000,4919.6000,4943.0000,4966.0000,4997.8000,5010.0000,5032.8000,1,1,1,1,1,1,1,1,1,1
SF,IC2012,2020-04-20 09:31:54.500,4932.4000,21,0,20770960.000,0,-,-,-,-,4935.2000,4935.0000,4930.0000,4921.8000,4919.6000,4942.8000,4943.0000,4966.0000,4997.8000,5010.0000,1,1,1,1,1,1,1,1,1,1
SF,IC2012,2020-04-20 09:31:55.000,4932.4000,21,0,20770960.000,0,-,-,-,-,4935.2000,4935.0000,4930.0000,4921.8000,4919.6000,4943.0000,4966.0000,4997.8000,5010.0000,5032.8000,1,2,1,1,1,1,1,1,1,1
SF,IC2012,2020-04-20 09:31:55.500,4932.4000,21,0,20770960.000,0,-,-,-,-,4935.2000,4935.0000,4930.0000,4921.8000,4919.6000,4942.8000,4966.0000,4997.8000,5010.0000,5032.8000,1,2,1,1,1,1,1,1,1,1
SF,IC2012,2020-04-20 09:31:56.000,4932.4000,21,0,20770960.000,0,-,-,-,-,4935.2000,4935.0000,4930.0000,4921.8000,4919.6000,4966.0000,4997.8000,5010.0000,5032.8000,5060.0000,1,2,1,1,1,1,1,1,1,20
SF,IC2012,2020-04-20 09:31:56.500,4932.4000,21,0,20770960.000,0,-,-,-,-,4935.2000,4935.0000,4930.0000,4921.8000,4919.6000,4965.8000,4966.0000,4997.8000,5010.0000,5032.8000,1,2,1,1,1,1,1,1,1,1
SF,IC2012,2020-04-20 09:31:58.000,4932.4000,21,0,20770960.000,0,-,-,-,-,4935.2000,4935.0000,4930.0000,4921.8000,4919.6000,4948.8000,4963.6000,4965.8000,4966.0000,4997.8000,1,2,1,1,1,1,1,1,1,1
SF,IC2012,2020-04-20 09:31:58.500,4932.4000,21,0,20770960.000,0,-,-,-,-,4935.2000,4935.0000,4930.0000,4919.6000,4918.0000,4947.2000,4948.6000,4948.8000,4963.6000,4966.0000,1,2,1,1,1,1,1,1,1,1
SF,IC2012,2020-04-20 09:31:59.000,4932.4000,21,0,20770960.000,0,-,-,-,-,4935.2000,4935.0000,4932.4000,4930.0000,4919.6000,4947.0000,4947.2000,4948.8000,4963.6000,4966.0000,2,2,2,1,1,1,1,1,1,1
SF,IC2012,2020-04-20 09:31:59.500,4932.4000,21,0,20770960.000,0,-,-,-,-,4935.2000,4935.0000,4932.4000,4930.0000,4919.6000,4946.0000,4947.2000,4963.6000,4966.0000,4997.8000,2,2,2,1,1,2,1,1,1,1
SF,IC2012,2020-04-20 09:32:00.000,4932.4000,21,0,20770960.000,0,-,-,-,-,4935.2000,4935.0000,4932.4000,4930.0000,4919.6000,4946.0000,4963.6000,4966.0000,4997.8000,5010.0000,2,2,2,1,1,2,1,1,1,1
SF,IC2012,2020-04-20 09:32:00.500,4932.4000,21,0,20770960.000,0,-,-,-,-,4935.2000,4935.0000,4932.4000,4930.0000,4919.6000,4946.0000,4961.4000,4963.6000,4966.0000,4997.8000,2,2,2,1,1,3,1,1,1,1
SF,IC2012,2020-04-20 09:32:01.000,4935.2000,22,1,21758000.000,1,1,0,双开,S,4935.8000,4935.4000,4935.2000,4935.0000,4932.4000,4945.6000,4945.8000,4946.0000,4961.4000,4963.6000,1,1,1,2,2,1,1,3,1,1
SF,IC2012,2020-04-20 09:32:01.500,4935.2000,22,0,21758000.000,0,-,-,-,-,4935.8000,4935.4000,4935.2000,4935.0000,4932.4000,4945.4000,4945.6000,4946.0000,4961.4000,4963.6000,1,1,1,2,2,1,1,3,1,1
SF,IC2012,2020-04-20 09:32:02.000,4935.2000,24,2,23732080.000,2,2,0,双开,S,4935.2000,4935.0000,4933.2000,4932.4000,4930.0000,4944.6000,4945.4000,4945.6000,4946.0000,4961.4000,1,2,1,2,1,2,1,1,1,1
SF,IC2012,2020-04-20 09:32:02.500,4935.2000,24,0,23732080.000,0,-,-,-,-,4936.2000,4935.2000,4935.0000,4933.2000,4932.4000,4944.4000,4944.6000,4946.0000,4961.4000,4963.6000,1,1,2,1,2,1,2,1,1,1
SF,IC2012,2020-04-20 09:32:03.000,4935.2000,24,0,23732080.000,0,-,-,-,-,4936.2000,4935.2000,4935.0000,4933.2000,4932.4000,4944.0000,4944.2000,4944.4000,4944.6000,4946.0000,1,1,2,1,2,1,1,1,2,1
SF,IC2012,2020-04-20 09:32:03.500,4935.2000,24,0,23732080.000,0,-,-,-,-,4936.2000,4935.2000,4935.0000,4933.2000,4932.4000,4943.6000,4943.8000,4944.0000,4944.2000,4946.0000,1,1,2,1,2,2,1,1,1,1
SF,IC2012,2020-04-20 09:32:04.000,4935.2000,24,0,23732080.000,0,-,-,-,-,4936.2000,4935.2000,4935.0000,4932.4000,4930.0000,4940.2000,4943.4000,4943.6000,4944.0000,4944.2000,1,1,2,2,1,1,1,2,1,1
SF,IC2012,2020-04-20 09:32:06.000,4935.2000,24,0,23732080.000,0,-,-,-,-,4936.2000,4935.2000,4935.0000,4932.4000,4930.0000,4940.2000,4943.4000,4943.6000,4944.2000,4946.0000,1,1,2,2,1,1,1,2,1,1
SF,IC2012,2020-04-20 09:32:07.000,4940.2000,25,1,24720120.000,1,1,0,双开,S,4936.2000,4935.2000,4935.0000,4932.4000,4930.0000,4940.0000,4943.4000,4943.6000,4944.2000,4946.0000,1,1,2,2,1,1,1,2,1,1
SF,IC2012,2020-04-20 09:32:07.500,4940.2000,25,0,24720120.000,0,-,-,-,-,4936.2000,4935.2000,4935.0000,4932.4000,4930.0000,4939.8000,4940.0000,4943.6000,4944.2000,4946.0000,1,1,2,2,1,1,1,2,1,1
SF,IC2012,2020-04-20 09:32:08.000,4940.2000,25,0,24720120.000,0,-,-,-,-,4936.2000,4935.2000,4935.0000,4932.4000,4930.0000,4939.6000,4939.8000,4940.0000,4943.6000,4946.0000,1,1,2,2,1,1,1,1,2,1
SF,IC2012,2020-04-20 09:32:08.500,4940.2000,26,1,25708160.000,1,1,0,双开,S,4936.2000,4935.2000,4935.0000,4932.4000,4930.0000,4939.2000,4939.4000,4939.6000,4940.0000,4946.0000,1,1,1,2,1,1,1,1,1,1
SF,IC2012,2020-04-20 09:32:09.000,4940.2000,26,0,25708160.000,0,-,-,-,-,4936.2000,4935.2000,4935.0000,4932.4000,4930.0000,4939.0000,4939.2000,4939.4000,4939.6000,4946.0000,1,1,1,2,1,1,2,1,1,1
SF,IC2012,2020-04-20 09:32:09.500,4940.2000,26,0,25708160.000,0,-,-,-,-,4936.2000,4935.2000,4935.0000,4932.4000,4932.0000,4938.6000,4938.8000,4939.0000,4939.2000,4939.4000,1,1,1,2,1,1,1,1,1,1
SF,IC2012,2020-04-20 09:32:10.000,4940.2000,26,0,25708160.000,0,-,-,-,-,4936.2000,4935.2000,4935.0000,4932.4000,4932.0000,4938.4000,4938.6000,4938.8000,4946.0000,4961.4000,1,1,1,2,1,1,2,1,1,1
SF,IC2012,2020-04-20 09:32:10.500,4936.2000,27,1,26695400.000,1,1,0,双开,S,4935.2000,4935.0000,4932.4000,4932.0000,4930.0000,4936.0000,4938.0000,4938.4000,4938.6000,4946.0000,1,1,2,1,1,1,1,1,1,1
SF,IC2012,2020-04-20 09:32:11.000,4936.2000,27,0,26695400.000,0,-,-,-,-,4935.2000,4935.0000,4932.4000,4932.0000,4930.0000,4936.0000,4936.6000,4938.0000,4946.0000,4961.4000,1,1,2,1,1,1,1,2,1,1
SF,IC2012,2020-04-20 09:32:11.500,4936.2000,27,0,26695400.000,0,-,-,-,-,4935.2000,4935.0000,4932.4000,4932.0000,4930.0000,4936.0000,4936.6000,4938.0000,4946.0000,4961.4000,1,1,2,1,1,1,1,2,1,1
SF,IC2012,2020-04-20 09:32:12.500,4936.2000,27,0,26695400.000,0,-,-,-,-,4935.2000,4935.0000,4932.4000,4932.0000,4930.0000,4936.0000,4936.6000,4938.0000,4946.0000,4961.4000,1,1,2,1,1,1,1,1,1,1
SF,IC2012,2020-04-20 09:32:13.000,4936.2000,27,0,26695400.000,0,-,-,-,-,4935.2000,4935.0000,4932.4000,4932.0000,4930.0000,4936.0000,4938.0000,4942.8000,4946.0000,4961.4000,1,2,2,1,1,1,1,1,1,1
SF,IC2012,2020-04-20 09:32:13.500,4936.0000,31,4,30643640.000,4,4,0,双开,S,4932.4000,4930.0000,4919.6000,4918.0000,4911.0000,4936.0000,4938.0000,4942.8000,4961.4000,4963.6000,2,1,1,1,1,1,1,1,1,1
SF,IC2012,2020-04-20 09:32:14.000,4936.0000,31,0,30643640.000,0,-,-,-,-,4932.4000,4930.0000,4919.6000,4918.0000,4911.0000,4935.8000,4936.0000,4938.0000,4942.8000,4961.4000,2,1,1,1,1,1,1,1,1,1
SF,IC2012,2020-04-20 09:32:14.500,4932.4000,32,1,31630120.000,1,1,0,双开,S,4932.4000,4930.0000,4919.6000,4918.0000,4911.0000,4935.4000,4935.6000,4936.0000,4942.8000,4961.4000,1,1,1,1,1,1,1,1,1,1
SF,IC2012,2020-04-20 09:32:15.000,4932.4000,32,0,31630120.000,0,-,-,-,-,4932.4000,4932.0000,4930.0000,4919.6000,4918.0000,4935.2000,4935.4000,4935.6000,4936.0000,4961.4000,1,1,1,1,1,1,1,2,1,1
SF,IC2012,2020-04-20 09:32:16.000,4932.4000,32,0,31630120.000,0,-,-,-,-,4932.4000,4932.0000,4930.0000,4919.6000,4918.0000,4935.2000,4935.4000,4935.6000,4936.0000,4961.4000,1,1,1,1,1,1,1,1,1,1
SF,IC2012,2020-04-20 09:32:16.500,4932.4000,33,1,32616600.000,1,1,0,双开,S,4932.0000,4930.0000,4919.6000,4918.0000,4911.0000,4934.6000,4935.4000,4935.6000,4936.0000,4961.4000,1,1,1,1,1,1,1,1,1,1
SF,IC2012,2020-04-20 09:32:17.000,4932.4000,33,0,32616600.000,0,-,-,-,-,4932.0000,4930.0000,4919.6000,4918.0000,4911.0000,4934.6000,4935.4000,4936.0000,4961.4000,4966.0000,1,1,1,1,1,1,1,1,1,1
SF,IC2012,2020-04-20 09:32:17.500,4932.0000,34,1,33603000.000,1,1,0,双开,S,4930.0000,4919.6000,4918.0000,4911.0000,4910.2000,4935.4000,4936.0000,4961.4000,4966.0000,4988.0000,1,1,1,1,1,1,1,1,1,1
SF,IC2012,2020-04-20 09:32:18.500,4935.4000,35,1,34590080.000,1,1,0,双开,S,4930.0000,4919.6000,4918.0000,4911.0000,4910.2000,4934.8000,4936.0000,4961.4000,4966.0000,4988.0000,1,1,1,1,1,1,1,1,1,1
SF,IC2012,2020-04-20 09:32:19.000,4935.4000,35,0,34590080.000,0,-,-,-,-,4930.0000,4919.6000,4918.0000,4911.0000,4910.2000,4934.8000,4935.2000,4936.0000,4961.4000,4966.0000,1,1,1,1,1,1,1,1,1,1
SF,IC2012,2020-04-20 09:32:20.000,4935.4000,35,0,34590080.000,0,-,-,-,-,4930.0000,4919.6000,4918.0000,4911.0000,4910.2000,4934.8000,4936.0000,4961.4000,4966.0000,4988.0000,1,1,1,1,1,1,1,1,1,1
SF,IC2012,2020-04-20 09:32:20.500,4935.4000,35,0,34590080.000,0,-,-,-,-,4930.0000,4919.6000,4918.0000,4911.0000,4910.2000,4934.6000,4934.8000,4936.0000,4961.4000,4966.0000,1,1,1,1,1,2,1,1,1,1
SF,IC2012,2020-04-20 09:32:21.000,4935.4000,35,0,34590080.000,0,-,-,-,-,4930.0000,4919.6000,4918.0000,4911.0000,4910.2000,4934.0000,4934.6000,4936.0000,4961.4000,4966.0000,1,1,1,1,1,1,2,1,1,1
SF,IC2012,2020-04-20 09:32:21.500,4935.4000,35,0,34590080.000,0,-,-,-,-,4930.0000,4919.6000,4918.0000,4911.0000,4910.2000,4934.0000,4934.6000,4936.0000,4961.4000,4966.0000,1,1,1,1,1,1,1,1,1,1
SF,IC2012,2020-04-20 09:32:22.000,4935.4000,35,0,34590080.000,0,-,-,-,-,4930.0000,4919.6000,4918.0000,4911.0000,4910.2000,4933.4000,4934.0000,4934.6000,4936.0000,4961.4000,1,1,1,1,1,3,1,1,1,1
SF,IC2012,2020-04-20 09:32:22.500,4935.4000,35,0,34590080.000,0,-,-,-,-,4930.0000,4919.6000,4918.0000,4911.0000,4910.2000,4933.4000,4934.0000,4936.0000,4961.4000,4966.0000,1,1,1,1,1,3,1,1,1,1
SF,IC2012,2020-04-20 09:32:23.000,4935.4000,35,0,34590080.000,0,-,-,-,-,4930.0000,4919.6000,4918.0000,4911.0000,4910.2000,4933.4000,4934.0000,4936.0000,4961.4000,4966.0000,1,1,1,1,1,2,1,1,1,1
SF,IC2012,2020-04-20 09:32:23.500,4935.4000,35,0,34590080.000,0,-,-,-,-,4930.0000,4919.6000,4918.0000,4911.0000,4910.2000,4932.4000,4933.4000,4934.0000,4936.0000,4961.4000,1,1,1,1,1,1,2,1,1,1
SF,IC2012,2020-04-20 09:32:24.000,4935.4000,35,0,34590080.000,0,-,-,-,-,4930.0000,4919.6000,4918.0000,4911.0000,4910.2000,4932.4000,4933.4000,4936.0000,4961.4000,4966.0000,1,1,1,1,1,1,2,1,1,1
SF,IC2012,2020-04-20 09:32:25.000,4930.0000,36,1,35576080.000,1,1,0,双开,S,4919.6000,4918.0000,4911.0000,4910.2000,4901.0000,4932.4000,4933.4000,4936.0000,4961.4000,4966.0000,1,1,1,1,1,1,2,1,1,1
SF,IC2012,2020-04-20 09:32:25.500,4930.0000,36,0,35576080.000,0,-,-,-,-,4919.8000,4918.0000,4911.0000,4910.2000,4901.0000,4930.0000,4932.0000,4932.4000,4933.4000,4936.0000,1,1,1,1,1,1,1,1,2,1
SF,IC2012,2020-04-20 09:32:26.000,4930.0000,36,0,35576080.000,0,-,-,-,-,4919.8000,4918.0000,4911.4000,4911.0000,4910.2000,4932.0000,4933.4000,4936.0000,4966.0000,4988.0000,1,1,1,1,1,1,2,1,1,1
SF,IC2012,2020-04-20 09:32:26.500,4930.0000,36,0,35576080.000,0,-,-,-,-,4919.8000,4918.0000,4911.4000,4911.0000,4910.2000,4932.0000,4933.4000,4966.0000,4988.0000,4997.8000,1,1,1,1,1,1,2,1,1,1
SF,IC2012,2020-04-20 09:32:27.000,4930.0000,36,0,35576080.000,0,-,-,-,-,4921.6000,4919.8000,4918.0000,4911.4000,4911.0000,4929.8000,4930.8000,4931.0000,4932.0000,4933.4000,1,1,1,1,1,1,1,1,1,2
SF,IC2012,2020-04-20 09:32:27.500,4930.0000,36,0,35576080.000,0,-,-,-,-,4921.8000,4921.6000,4920.6000,4918.0000,4911.4000,4929.8000,4930.0000,4930.8000,4931.0000,4932.0000,1,1,1,1,1,1,1,1,1,2
SF,IC2012,2020-04-20 09:32:28.500,4930.0000,36,0,35576080.000,0,-,-,-,-,4922.6000,4921.8000,4920.6000,4918.0000,4911.4000,4929.2000,4929.8000,4930.0000,4930.8000,4931.0000,1,1,1,1,1,1,1,1,1,1
SF,IC2012,2020-04-20 09:32:29.000,4930.0000,38,2,37548080.000,2,2,0,双开,S,4922.6000,4922.2000,4921.8000,4918.0000,4911.4000,4930.0000,4930.8000,4932.0000,4933.4000,4966.0000,1,1,1,1,1,1,1,1,2,1
SF,IC2012,2020-04-20 09:32:29.500,4930.0000,38,0,37548080.000,0,-,-,-,-,4922.8000,4918.0000,4911.4000,4911.0000,4910.2000,4930.0000,4930.8000,4932.0000,4933.4000,4966.0000,1,1,1,1,1,1,1,1,2,1
SF,IC2012,2020-04-20 09:32:30.000,4930.0000,38,0,37548080.000,0,-,-,-,-,4922.8000,4918.0000,4911.4000,4911.0000,4910.2000,4930.0000,4930.8000,4932.0000,4933.4000,4966.0000,1,2,1,1,1,1,1,1,2,1
SF,IC2012,2020-04-20 09:32:30.500,4930.0000,38,0,37548080.000,0,-,-,-,-,4922.8000,4918.0000,4911.4000,4911.0000,4910.2000,4930.0000,4932.0000,4933.4000,4966.0000,4988.0000,1,2,1,1,1,1,1,2,1,1
SF,IC2012,2020-04-20 09:32:31.000,4922.8000,39,1,38532640.000,1,1,0,双开,S,4918.0000,4911.4000,4911.0000,4910.2000,4901.0000,4929.6000,4930.0000,4932.0000,4933.4000,4966.0000,2,1,1,1,1,1,1,1,2,1
SF,IC2012,2020-04-20 09:32:31.500,4922.8000,39,0,38532640.000,0,-,-,-,-,4918.2000,4918.0000,4911.4000,4911.0000,4910.2000,4929.6000,4929.8000,4930.0000,4932.0000,4933.4000,1,2,1,1,1,1,1,1,1,2
SF,IC2012,2020-04-20 09:32:32.000,4922.8000,39,0,38532640.000,0,-,-,-,-,4918.2000,4918.0000,4911.4000,4911.0000,4910.2000,4929.4000,4929.6000,4929.8000,4930.0000,4932.0000,1,2,1,1,1,1,1,1,1,1
SF,IC2012,2020-04-20 09:32:32.500,4922.8000,39,0,38532640.000,0,-,-,-,-,4918.2000,4918.0000,4911.4000,4911.0000,4910.2000,4929.4000,4929.6000,4930.0000,4932.0000,4933.4000,1,2,1,1,1,1,1,1,1,2
SF,IC2012,2020-04-20 09:32:33.000,4922.8000,39,0,38532640.000,0,-,-,-,-,4919.8000,4918.2000,4918.0000,4911.4000,4911.0000,4929.4000,4929.6000,4930.0000,4932.0000,4933.4000,1,1,2,1,1,1,1,1,1,2
SF,IC2012,2020-04-20 09:32:33.500,4922.8000,39,0,38532640.000,0,-,-,-,-,4920.0000,4919.8000,4919.6000,4918.0000,4911.4000,4929.0000,4929.4000,4930.0000,4932.0000,4933.4000,1,1,2,2,1,1,1,1,1,2
SF,IC2012,2020-04-20 09:32:34.000,4922.8000,39,0,38532640.000,0,-,-,-,-,4921.0000,4920.6000,4920.4000,4920.0000,4919.6000,4929.0000,4929.4000,4930.0000,4932.0000,4933.4000,1,1,1,1,1,1,1,1,1,2
SF,IC2012,2020-04-20 09:32:34.500,4922.8000,39,0,38532640.000,0,-,-,-,-,4921.2000,4921.0000,4920.6000,4920.4000,4918.0000,4929.0000,4929.4000,4930.0000,4932.0000,4933.4000,3,1,1,2,2,1,1,1,1,2
SF,IC2012,2020-04-20 09:32:35.000,4922.8000,39,0,38532640.000,0,-,-,-,-,4921.2000,4921.0000,4918.0000,4911.4000,4911.0000,4929.0000,4929.4000,4930.0000,4932.0000,4933.4000,4,1,2,1,1,1,1,1,1,2
SF,IC2012,2020-04-20 09:32:35.500,4922.8000,39,0,38532640.000,0,-,-,-,-,4921.8000,4921.2000,4918.0000,4911.4000,4911.0000,4928.8000,4929.0000,4929.4000,4930.0000,4932.0000,1,2,2,1,1,2,1,1,1,1
SF,IC2012,2020-04-20 09:32:36.000,4922.8000,39,0,38532640.000,0,-,-,-,-,4921.8000,4918.0000,4911.4000,4911.0000,4910.2000,4928.2000,4928.8000,4929.0000,4929.4000,4930.0000,1,2,1,1,1,1,2,1,1,1
SF,IC2012,2020-04-20 09:32:36.500,4922.8000,39,0,38532640.000,0,-,-,-,-,4921.8000,4918.0000,4911.4000,4911.0000,4910.2000,4928.0000,4928.2000,4929.0000,4929.4000,4930.0000,1,2,1,1,1,1,1,1,1,1
SF,IC2012,2020-04-20 09:32:37.000,4922.8000,39,0,38532640.000,0,-,-,-,-,4921.8000,4918.0000,4911.4000,4911.0000,4910.2000,4927.8000,4928.0000,4928.2000,4929.0000,4929.4000,1,2,1,1,1,1,1,1,1,1
SF,IC2012,2020-04-20 09:32:37.500,4922.8000,39,0,38532640.000,0,-,-,-,-,4922.0000,4921.8000,4918.0000,4911.4000,4911.0000,4927.4000,4927.6000,4928.2000,4929.0000,4932.0000,1,1,2,1,1,1,1,1,1,1
SF,IC2012,2020-04-20 09:32:38.000,4922.8000,39,0,38532640.000,0,-,-,-,-,4922.0000,4921.8000,4918.0000,4911.4000,4911.0000,4927.4000,4927.6000,4929.0000,4932.0000,4933.4000,1,1,2,1,1,1,1,1,1,2
SF,IC2012,2020-04-20 09:32:39.000,4922.8000,39,0,38532640.000,0,-,-,-,-,4922.6000,4922.0000,4918.0000,4911.4000,4911.0000,4927.4000,4927.6000,4929.0000,4932.0000,4933.4000,1,1,2,1,1,1,1,1,1,2
SF,IC2012,2020-04-20 09:32:39.500,4922.8000,39,0,38532640.000,0,-,-,-,-,4922.8000,4922.6000,4918.0000,4911.4000,4911.0000,4927.4000,4929.0000,4933.4000,4966.0000,4988.0000,1,1,2,1,1,1,1,2,1,1
SF,IC2012,2020-04-20 09:32:40.000,4927.4000,40,1,39518120.000,1,1,0,双开,S,4923.8000,4922.8000,4922.6000,4918.0000,4911.4000,4929.0000,4933.4000,4966.0000,4988.0000,4997.8000,1,1,1,2,1,1,2,1,1,1
SF,IC2012,2020-04-20 09:32:40.500,4929.0000,41,1,40503920.000,1,1,0,双开,S,4923.8000,4923.0000,4922.8000,4922.6000,4918.0000,4933.4000,4966.0000,4988.0000,4997.8000,5010.0000,1,1,1,1,2,2,1,1,1,1
SF,IC2012,2020-04-20 09:32:41.000,4929.0000,41,0,40503920.000,0,-,-,-,-,4924.4000,4924.0000,4923.8000,4923.0000,4918.0000,4933.2000,4933.4000,4966.0000,4988.0000,4997.8000,1,1,1,1,2,1,2,1,1,1
SF,IC2012,2020-04-20 09:32:41.500,4929.0000,41,0,40503920.000,0,-,-,-,-,4924.6000,4924.4000,4924.0000,4923.0000,4918.0000,4933.2000,4933.4000,4966.0000,4988.0000,4997.8000,1,2,1,1,2,1,2,1,1,1
SF,IC2012,2020-04-20 09:32:42.000,4929.0000,41,0,40503920.000,0,-,-,-,-,4924.6000,4924.4000,4924.0000,4923.4000,4918.0000,4933.2000,4933.4000,4966.0000,4988.0000,4997.8000,1,2,1,1,2,1,2,1,1,1
SF,IC2012,2020-04-20 09:32:42.500,4929.0000,41,0,40503920.000,0,-,-,-,-,4927.4000,4924.6000,4924.4000,4924.0000,4923.4000,4933.2000,4933.4000,4966.0000,4988.0000,4997.8000,1,1,1,1,1,1,2,1,1,1
SF,IC2012,2020-04-20 09:32:43.000,4929.0000,41,0,40503920.000,0,-,-,-,-,4927.6000,4927.4000,4924.0000,4923.4000,4918.0000,4932.0000,4933.2000,4933.4000,4966.0000,4988.0000,1,1,1,1,2,1,1,2,1,1
SF,IC2012,2020-04-20 09:32:43.500,4927.4000,43,2,42474920.000,2,2,0,双开,S,4924.0000,4923.4000,4918.0000,4911.4000,4911.0000,4931.8000,4932.0000,4933.4000,4966.0000,4988.0000,1,1,2,1,1,1,1,2,1,1
SF,IC2012,2020-04-20 09:32:44.000,4927.4000,43,0,42474920.000,0,-,-,-,-,4924.0000,4923.4000,4918.0000,4911.4000,4911.0000,4932.0000,4933.4000,4966.0000,4988.0000,4997.8000,1,1,2,1,1,1,2,1,1,1
SF,IC2012,2020-04-20 09:32:44.500,4927.4000,43,0,42474920.000,0,-,-,-,-,4924.0000,4918.0000,4911.4000,4911.0000,4910.2000,4932.0000,4933.4000,4966.0000,4988.0000,4997.8000,1,2,1,1,1,1,2,1,1,1
SF,IC2012,2020-04-20 09:32:45.000,4924.6000,44,1,43459840.000,1,1,0,双开,S,4924.0000,4918.0000,4911.4000,4911.0000,4910.2000,4932.0000,4933.4000,4966.0000,4988.0000,4997.8000,1,2,1,1,1,1,2,1,1,1
SF,IC2012,2020-04-20 09:32:45.500,4924.6000,44,0,43459840.000,0,-,-,-,-,4925.2000,4925.0000,4924.0000,4918.0000,4911.4000,4933.4000,4966.0000,4988.0000,4997.8000,5010.0000,1,1,1,2,1,2,1,1,1,1
SF,IC2012,2020-04-20 09:32:46.000,4924.6000,44,0,43459840.000,0,-,-,-,-,4925.2000,4925.0000,4924.0000,4918.0000,4911.4000,4933.4000,4988.0000,4997.8000,5010.0000,5032.8000,1,1,1,2,1,2,1,1,1,1
SF,IC2012,2020-04-20 09:32:46.500,4924.6000,44,0,43459840.000,0,-,-,-,-,4926.0000,4925.8000,4925.6000,4925.2000,4925.0000,4933.4000,4988.0000,4997.8000,5010.0000,5032.8000,1,2,2,1,1,2,1,1,1,1
SF,IC2012,2020-04-20 09:32:47.000,4924.6000,44,0,43459840.000,0,-,-,-,-,4927.4000,4926.0000,4925.8000,4925.6000,4925.2000,4933.4000,4988.0000,4997.8000,5010.0000,5032.8000,1,2,3,2,1,2,1,1,1,1
SF,IC2012,2020-04-20 09:32:47.500,4924.6000,44,0,43459840.000,0,-,-,-,-,4927.4000,4926.4000,4926.2000,4926.0000,4925.8000,4933.4000,4988.0000,4997.8000,5010.0000,5032.8000,1,2,1,1,2,2,1,1,1,1
SF,IC2012,2020-04-20 09:32:48.000,4924.6000,44,0,43459840.000,0,-,-,-,-,4928.0000,4927.8000,4927.6000,4927.4000,4926.4000,4933.4000,4988.0000,4997.8000,5010.0000,5032.8000,1,1,1,1,2,2,1,1,1,1
SF,IC2012,2020-04-20 09:32:48.500,4933.4000,45,1,44446520.000,1,1,0,双开,S,4928.2000,4928.0000,4927.8000,4927.6000,4927.4000,4933.4000,4988.0000,4997.8000,5010.0000,5032.8000,1,1,1,2,1,1,1,1,1,1
SF,IC2012,2020-04-20 09:32:49.000,4933.4000,45,0,44446520.000,0,-,-,-,-,4929.4000,4929.2000,4928.4000,4928.2000,4928.0000,4933.4000,4988.0000,4997.8000,5010.0000,5032.8000,1,1,1,1,1,1,1,1,1,1
SF,IC2012,2020-04-20 09:32:49.500,4933.4000,45,0,44446520.000,0,-,-,-,-,4929.4000,4929.2000,4928.8000,4928.4000,4928.2000,4933.4000,4988.0000,4997.8000,5010.0000,5032.8000,1,1,1,1,1,1,1,1,1,1
SF,IC2012,2020-04-20 09:32:50.000,4933.4000,45,0,44446520.000,0,-,-,-,-,4929.4000,4929.2000,4928.8000,4928.2000,4927.8000,4933.4000,4988.0000,4997.8000,5010.0000,5032.8000,1,1,1,1,1,1,1,1,1,1
SF,IC2012,2020-04-20 09:32:50.500,4933.4000,45,0,44446520.000,0,-,-,-,-,4929.6000,4929.4000,4929.2000,4927.8000,4926.2000,4933.4000,4988.0000,4997.8000,5010.0000,5032.8000,1,1,1,1,1,1,1,1,1,1
SF,IC2012,2020-04-20 09:32:51.000,4933.4000,46,1,45433200.000,1,1,0,双开,S,4930.4000,4929.6000,4929.4000,4929.2000,4927.8000,4988.0000,4997.8000,5010.0000,5032.8000,5053.0000,1,1,1,1,1,1,1,1,1,1
SF,IC2012,2020-04-20 09:32:51.500,4933.4000,46,0,45433200.000,0,-,-,-,-,4930.4000,4929.6000,4929.4000,4929.2000,4927.8000,4970.0000,4987.8000,4988.0000,4997.8000,5010.0000,1,1,1,1,1,1,2,1,1,1
SF,IC2012,2020-04-20 09:32:52.000,4933.4000,46,0,45433200.000,0,-,-,-,-,4930.4000,4929.6000,4929.4000,4929.2000,4927.8000,4932.6000,4969.2000,4969.8000,4988.0000,4997.8000,1,1,1,1,1,1,1,2,1,1
SF,IC2012,2020-04-20 09:32:52.500,4933.2000,47,1,46419840.000,1,1,0,双开,S,4930.4000,4929.6000,4929.4000,4927.8000,4926.2000,4969.2000,4969.8000,4988.0000,4997.8000,5010.0000,1,1,1,1,1,1,1,1,1,1
SF,IC2012,2020-04-20 09:32:53.000,4933.2000,47,0,46419840.000,0,-,-,-,-,4930.6000,4930.4000,4929.6000,4929.4000,4927.8000,4969.0000,4988.0000,4997.8000,5010.0000,5032.8000,1,1,1,1,1,2,1,1,1,1
SF,IC2012,2020-04-20 09:32:53.500,4933.2000,47,0,46419840.000,0,-,-,-,-,4933.4000,4932.2000,4931.2000,4931.0000,4930.8000,4969.0000,4988.0000,4997.8000,5010.0000,5032.8000,1,1,1,1,1,2,1,1,1,1
SF,IC2012,2020-04-20 09:32:54.000,4933.2000,47,0,46419840.000,0,-,-,-,-,4933.4000,4932.4000,4932.2000,4931.2000,4931.0000,4950.6000,4956.0000,4962.0000,4969.0000,4988.0000,1,1,1,1,1,1,1,1,2,1
SF,IC2012,2020-04-20 09:32:54.500,4933.2000,47,0,46419840.000,0,-,-,-,-,4934.2000,4933.4000,4932.2000,4931.2000,4930.8000,4942.4000,4950.4000,4950.6000,4956.0000,4962.0000,1,1,1,1,1,1,1,1,1,1
SF,IC2012,2020-04-20 09:32:55.000,4933.2000,47,0,46419840.000,0,-,-,-,-,4934.2000,4933.4000,4931.2000,4930.8000,4918.0000,4942.4000,4950.6000,4956.0000,4962.0000,4988.0000,2,1,1,1,2,1,1,1,1,1
SF,IC2012,2020-04-20 09:32:55.500,4933.2000,47,0,46419840.000,0,-,-,-,-,4934.8000,4934.2000,4931.2000,4930.8000,4918.0000,4942.2000,4942.4000,4950.6000,4956.0000,4962.0000,1,2,1,1,2,1,1,1,1,1
SF,IC2012,2020-04-20 09:32:56.500,4933.2000,47,0,46419840.000,0,-,-,-,-,4935.4000,4933.4000,4930.8000,4930.0000,4918.0000,4941.6000,4942.2000,4950.6000,4956.0000,4962.0000,1,1,1,1,2,1,1,1,1,1
SF,IC2012,2020-04-20 09:32:57.000,4933.2000,47,0,46419840.000,0,-,-,-,-,4935.4000,4933.4000,4930.0000,4918.0000,4915.0000,4941.4000,4941.6000,4950.6000,4956.0000,4962.0000,1,1,1,2,1,1,1,1,1,1
SF,IC2012,2020-04-20 09:32:57.500,4933.2000,47,0,46419840.000,0,-,-,-,-,4930.0000,4918.0000,4915.0000,4911.4000,4911.0000,4941.4000,4941.6000,4950.6000,4956.0000,4962.0000,1,2,1,1,1,2,1,1,1,1
SF,IC2012,2020-04-20 09:32:58.000,4933.2000,47,0,46419840.000,0,-,-,-,-,4930.0000,4918.0000,4915.0000,4911.4000,4911.0000,4937.0000,4940.4000,4941.4000,4941.6000,4950.6000,1,2,1,1,1,1,1,2,1,1
SF,IC2012,2020-04-20 09:32:58.500,4937.0000,48,1,47407240.000,1,1,0,双开,S,4930.0000,4918.0000,4915.0000,4911.4000,4911.0000,4940.4000,4941.4000,4941.6000,4950.6000,4956.0000,1,2,1,1,1,1,1,1,1,1
SF,IC2012,2020-04-20 09:32:59.000,4937.0000,48,0,47407240.000,0,-,-,-,-,4930.0000,4918.0000,4915.0000,4911.4000,4911.0000,4940.2000,4940.4000,4941.4000,4941.6000,4950.6000,1,2,1,1,1,1,1,1,1,1
SF,IC2012,2020-04-20 09:32:59.500,4937.0000,48,0,47407240.000,0,-,-,-,-,4930.8000,4930.0000,4918.0000,4915.0000,4911.4000,4940.2000,4940.4000,4941.4000,4941.6000,4950.6000,1,1,2,1,1,1,1,1,1,1
SF,IC2012,2020-04-20 09:33:00.000,4937.0000,48,0,47407240.000,0,-,-,-,-,4931.0000,4930.8000,4930.2000,4930.0000,4918.0000,4939.2000,4940.2000,4941.4000,4950.6000,4956.0000,1,1,1,1,2,1,1,1,1,1
SF,IC2012,2020-04-20 09:33:00.500,4937.0000,49,1,48394640.000,1,1,0,双开,S,4932.2000,4931.8000,4930.8000,4930.0000,4918.0000,4939.2000,4939.6000,4950.6000,4956.0000,4962.0000,1,1,1,1,2,1,1,1,1,1
SF,IC2012,2020-04-20 09:33:01.000,4932.2000,50,1,49381080.000,1,1,0,双开,S,4931.8000,4931.4000,4930.8000,4930.0000,4918.0000,4939.2000,4939.4000,4939.6000,4950.6000,4956.0000,1,1,1,2,2,1,1,1,1,1
SF,IC2012,2020-04-20 09:33:01.500,4932.2000,50,0,49381080.000,0,-,-,-,-,4931.4000,4930.8000,4930.0000,4918.0000,4915.0000,4939.2000,4939.4000,4939.6000,4950.6000,4956.0000,1,1,2,2,1,1,1,1,1,1
SF,IC2012,2020-04-20 09:33:02.000,4932.0000,51,1,50367480.000,1,1,0,双开,S,4930.0000,4918.0000,4915.0000,4911.4000,4911.0000,4939.2000,4939.6000,4950.6000,4956.0000,4962.0000,2,2,1,1,1,1,1,1,1,1
SF,IC2012,2020-04-20 09:33:02.500,4932.0000,51,0,50367480.000,0,-,-,-,-,4932.8000,4932.0000,4930.0000,4918.0000,4915.0000,4938.4000,4939.0000,4939.2000,4939.6000,4950.6000,1,1,2,2,1,1,1,1,1,1
SF,IC2012,2020-04-20 09:33:03.000,4932.0000,51,0,50367480.000,0,-,-,-,-,4932.0000,4930.0000,4918.0000,4915.0000,4911.4000,4938.2000,4938.4000,4939.2000,4939.6000,4950.6000,1,2,2,1,1,1,1,1,1,1
SF,IC2012,2020-04-20 09:33:03.500,4932.0000,51,0,50367480.000,0,-,-,-,-,4930.0000,4918.0000,4915.0000,4911.4000,4911.0000,4938.0000,4938.2000,4938.4000,4950.6000,4956.0000,2,2,1,1,1,2,1,1,1,1
SF,IC2012,2020-04-20 09:33:04.000,4932.0000,51,0,50367480.000,0,-,-,-,-,4932.8000,4932.4000,4930.0000,4918.0000,4915.0000,4937.8000,4938.0000,4938.4000,4950.6000,4956.0000,1,1,2,2,1,1,2,1,1,1
SF,IC2012,2020-04-20 09:33:04.500,4932.0000,51,0,50367480.000,0,-,-,-,-,4932.8000,4932.4000,4930.0000,4918.0000,4915.0000,4937.8000,4938.0000,4950.6000,4956.0000,4962.0000,1,1,2,2,1,1,2,1,1,1
SF,IC2012,2020-04-20 09:33:05.000,4932.0000,51,0,50367480.000,0,-,-,-,-,4932.8000,4930.0000,4918.0000,4915.0000,4911.4000,4937.8000,4938.0000,4950.6000,4956.0000,4962.0000,1,2,2,1,1,1,2,1,1,1
SF,IC2012,2020-04-20 09:33:05.500,4932.0000,51,0,50367480.000,0,-,-,-,-,4933.4000,4932.8000,4930.0000,4927.8000,4918.0000,4937.6000,4937.8000,4950.6000,4956.0000,4962.0000,1,1,2,1,2,1,1,1,1,1
SF,IC2012,2020-04-20 09:33:06.000,4932.0000,51,0,50367480.000,0,-,-,-,-,4932.8000,4930.0000,4927.8000,4918.0000,4915.0000,4937.6000,4950.6000,4956.0000,4962.0000,4988.0000,1,2,1,2,1,1,1,1,1,1
SF,IC2012,2020-04-20 09:33:07.000,4932.0000,51,0,50367480.000,0,-,-,-,-,4933.0000,4932.8000,4930.0000,4927.8000,4918.0000,4937.6000,4950.6000,4956.0000,4962.0000,4988.0000,1,1,2,1,2,1,1,1,1,1
SF,IC2012,2020-04-20 09:33:08.500,4932.0000,51,0,50367480.000,0,-,-,-,-,4933.0000,4932.8000,4930.0000,4927.8000,4924.4000,4937.4000,4937.6000,4950.6000,4956.0000,4962.0000,1,1,2,1,1,1,1,1,1,1
SF,IC2012,2020-04-20 09:33:09.000,4932.0000,51,0,50367480.000,0,-,-,-,-,4933.4000,4933.0000,4932.8000,4930.0000,4927.8000,4937.4000,4950.6000,4956.0000,4962.0000,4988.0000,1,1,1,2,1,1,1,1,1,1
SF,IC2012,2020-04-20 09:33:09.500,4932.0000,51,0,50367480.000,0,-,-,-,-,4933.4000,4933.0000,4930.0000,4927.8000,4924.4000,4937.4000,4950.6000,4956.0000,4962.0000,4988.0000,1,1,2,1,1,1,1,1,1,1
SF,IC2012,2020-04-20 09:33:10.000,4932.0000,51,0,50367480.000,0,-,-,-,-,4934.0000,4933.4000,4933.0000,4930.0000,4927.8000,4937.4000,4950.6000,4956.0000,4962.0000,4988.0000,1,1,1,2,1,1,1,1,1,1
SF,IC2012,2020-04-20 09:33:10.500,4932.0000,51,0,50367480.000,0,-,-,-,-,4934.0000,4933.4000,4933.0000,4930.0000,4927.8000,4937.4000,4950.6000,4956.0000,4962.0000,4988.0000,1,1,2,2,1,1,1,1,1,1
SF,IC2012,2020-04-20 09:33:11.000,4932.0000,51,0,50367480.000,0,-,-,-,-,4934.0000,4933.4000,4933.0000,4930.0000,4929.6000,4937.4000,4950.6000,4956.0000,4962.0000,4988.0000,1,1,2,2,1,1,1,1,1,1
SF,IC2012,2020-04-20 09:33:11.500,4932.0000,51,0,50367480.000,0,-,-,-,-,4934.0000,4933.4000,4933.0000,4930.0000,4929.6000,4937.4000,4943.8000,4950.6000,4956.0000,4962.0000,1,1,2,2,1,1,1,1,1,1
SF,IC2012,2020-04-20 09:33:12.000,4937.4000,52,1,51354960.000,1,1,0,双开,S,4934.0000,4933.4000,4933.0000,4932.4000,4930.0000,4943.8000,4950.6000,4956.0000,4962.0000,4988.0000,1,1,2,1,2,1,1,1,1,1
SF,IC2012,2020-04-20 09:33:12.500,4937.4000,52,0,51354960.000,0,-,-,-,-,4934.0000,4933.4000,4933.0000,4932.4000,4930.0000,4943.6000,4943.8000,4950.6000,4956.0000,4962.0000,1,1,2,1,2,1,1,1,1,1
SF,IC2012,2020-04-20 09:33:13.000,4937.4000,52,0,51354960.000,0,-,-,-,-,4935.4000,4934.6000,4934.4000,4934.0000,4933.4000,4943.6000,4950.6000,4956.0000,4962.0000,4988.0000,1,1,1,1,1,1,1,1,1,1
SF,IC2012,2020-04-20 09:33:13.500,4937.4000,52,0,51354960.000,0,-,-,-,-,4935.4000,4934.6000,4934.4000,4934.0000,4933.0000,4943.6000,4950.6000,4956.0000,4962.0000,4988.0000,1,2,1,1,1,1,1,1,1,1
SF,IC2012,2020-04-20 09:33:14.000,4937.4000,52,0,51354960.000,0,-,-,-,-,4935.8000,4935.4000,4934.0000,4933.0000,4932.4000,4943.0000,4943.6000,4945.6000,4950.6000,4956.0000,1,1,1,1,1,1,1,1,1,1
SF,IC2012,2020-04-20 09:33:14.500,4937.4000,52,0,51354960.000,0,-,-,-,-,4935.8000,4935.4000,4934.0000,4933.0000,4932.4000,4942.2000,4942.8000,4943.0000,4945.6000,4950.6000,1,1,1,1,1,1,1,1,1,1
SF,IC2012,2020-04-20 09:33:15.000,4942.8000,55,3,54320360.000,3,3,0,双开,S,4935.8000,4934.0000,4933.0000,4932.4000,4930.0000,4943.0000,4945.6000,4950.6000,4956.0000,4962.0000,1,1,1,1,2,1,1,1,1,1
SF,IC2012,2020-04-20 09:33:15.500,4942.8000,55,0,54320360.000,0,-,-,-,-,4936.0000,4935.8000,4934.0000,4933.0000,4932.4000,4942.8000,4943.6000,4950.6000,4956.0000,4962.0000,1,1,1,1,1,1,1,1,1,1
SF,IC2012,2020-04-20 09:33:16.000,4942.8000,55,0,54320360.000,0,-,-,-,-,4937.0000,4936.0000,4934.0000,4933.0000,4930.0000,4942.4000,4942.8000,4950.6000,4956.0000,4962.0000,1,1,1,1,2,2,1,1,1,1
SF,IC2012,2020-04-20 09:33:16.500,4942.8000,55,0,54320360.000,0,-,-,-,-,4937.0000,4936.2000,4936.0000,4934.0000,4933.0000,4941.8000,4942.0000,4942.2000,4942.4000,4956.0000,1,1,1,1,1,1,1,1,3,1
SF,IC2012,2020-04-20 09:33:17.000,4942.8000,55,0,54320360.000,0,-,-,-,-,4937.0000,4936.2000,4936.0000,4934.0000,4933.0000,4941.6000,4941.8000,4942.0000,4942.4000,4956.0000,1,1,1,1,1,1,1,1,3,1
SF,IC2012,2020-04-20 09:33:17.500,4942.8000,55,0,54320360.000,0,-,-,-,-,4937.2000,4937.0000,4936.2000,4934.0000,4933.0000,4941.8000,4942.0000,4942.4000,4956.0000,4962.0000,1,1,1,1,1,1,1,2,1,1
SF,IC2012,2020-04-20 09:33:18.000,4942.8000,55,0,54320360.000,0,-,-,-,-,4937.2000,4937.0000,4936.2000,4934.0000,4933.0000,4942.0000,4942.4000,4956.0000,4962.0000,4988.0000,1,1,1,1,1,1,3,1,1,1
SF,IC2012,2020-04-20 09:33:18.500,4942.8000,55,0,54320360.000,0,-,-,-,-,4937.6000,4937.2000,4937.0000,4936.2000,4934.0000,4942.4000,4956.0000,4962.0000,4988.0000,4997.8000,1,1,1,1,1,3,1,1,1,1
SF,IC2012,2020-04-20 09:33:19.000,4942.8000,55,0,54320360.000,0,-,-,-,-,4937.8000,4937.6000,4937.0000,4936.2000,4934.0000,4942.4000,4956.0000,4962.0000,4988.0000,4997.8000,1,2,1,1,1,2,1,1,1,1
SF,IC2012,2020-04-20 09:33:19.500,4942.8000,55,0,54320360.000,0,-,-,-,-,4937.8000,4937.6000,4937.0000,4936.2000,4934.0000,4942.4000,4945.0000,4956.0000,4962.0000,4988.0000,1,2,1,1,1,2,1,1,1,1
SF,IC2012,2020-04-20 09:33:20.000,4942.8000,55,0,54320360.000,0,-,-,-,-,4938.2000,4937.8000,4937.6000,4937.0000,4936.2000,4942.4000,4945.0000,4956.0000,4962.0000,4988.0000,1,1,1,1,1,2,1,1,1,1
SF,IC2012,2020-04-20 09:33:20.500,4942.8000,55,0,54320360.000,0,-,-,-,-,4938.4000,4938.2000,4937.6000,4937.0000,4936.2000,4942.4000,4945.0000,4956.0000,4962.0000,4988.0000,1,1,1,1,1,2,1,1,1,1
SF,IC2012,2020-04-20 09:33:21.000,4942.4000,56,1,55308840.000,1,1,0,双开,S,4938.4000,4938.2000,4937.6000,4936.2000,4934.0000,4942.4000,4945.0000,4956.0000,4962.0000,4988.0000,2,1,1,1,1,1,1,1,1,1
SF,IC2012,2020-04-20 09:33:21.500,4942.4000,56,0,55308840.000,0,-,-,-,-,4938.4000,4938.2000,4936.2000,4934.0000,4933.0000,4941.8000,4942.4000,4945.0000,4956.0000,4962.0000,1,1,1,1,1,1,1,1,1,1
SF,IC2012,2020-04-20 09:33:23.000,4942.4000,56,0,55308840.000,0,-,-,-,-,4938.6000,4938.4000,4938.2000,4936.2000,4934.0000,4941.8000,4942.4000,4945.0000,4956.0000,4962.0000,1,1,1,1,1,1,1,1,1,1
SF,IC2012,2020-04-20 09:33:23.500,4942.4000,56,0,55308840.000,0,-,-,-,-,4936.2000,4934.0000,4933.0000,4930.0000,4918.0000,4940.8000,4941.4000,4941.6000,4941.8000,4942.4000,1,1,1,5,1,2,1,1,1,1
SF,IC2012,2020-04-20 09:33:24.000,4942.4000,56,0,55308840.000,0,-,-,-,-,4933.0000,4930.0000,4918.0000,4915.0000,4911.4000,4940.6000,4940.8000,4941.4000,4941.8000,4956.0000,1,5,1,1,1,1,2,1,1,1
SF,IC2012,2020-04-20 09:33:24.500,4942.4000,56,0,55308840.000,0,-,-,-,-,4940.0000,4933.2000,4933.0000,4930.0000,4918.0000,4940.2000,4940.6000,4940.8000,4941.4000,4956.0000,1,1,2,5,1,1,1,2,1,1
SF,IC2012,2020-04-20 09:33:25.000,4940.0000,57,1,56296840.000,1,1,0,双开,S,4933.0000,4930.0000,4918.0000,4915.0000,4911.4000,4939.8000,4940.0000,4940.2000,4940.8000,4956.0000,2,5,1,1,1,1,1,2,2,1
SF,IC2012,2020-04-20 09:33:25.500,4940.0000,58,1,57284840.000,1,1,0,双开,S,4933.2000,4933.0000,4930.0000,4918.0000,4915.0000,4940.0000,4940.2000,4940.8000,4956.0000,4962.0000,1,2,5,1,1,1,2,2,1,1
SF,IC2012,2020-04-20 09:33:26.000,4940.0000,58,0,57284840.000,0,-,-,-,-,4935.2000,4933.2000,4933.0000,4930.0000,4918.0000,4940.0000,4940.8000,4956.0000,4962.0000,4988.0000,1,1,2,5,1,1,2,1,1,1
SF,IC2012,2020-04-20 09:33:26.500,4940.0000,58,0,57284840.000,0,-,-,-,-,4935.4000,4935.2000,4934.2000,4933.0000,4930.0000,4940.0000,4940.8000,4956.0000,4962.0000,4988.0000,1,1,1,2,5,1,2,1,1,1
SF,IC2012,2020-04-20 09:33:27.000,4940.0000,58,0,57284840.000,0,-,-,-,-,4935.4000,4934.2000,4933.0000,4930.0000,4918.0000,4940.8000,4956.0000,4962.0000,4988.0000,4997.8000,1,1,2,5,1,2,1,1,1,1
SF,IC2012,2020-04-20 09:33:27.500,4940.0000,58,0,57284840.000,0,-,-,-,-,4935.4000,4934.2000,4933.0000,4930.0000,4918.0000,4939.8000,4940.6000,4940.8000,4956.0000,4962.0000,1,1,2,5,1,1,1,2,1,1
SF,IC2012,2020-04-20 09:33:28.000,4940.0000,58,0,57284840.000,0,-,-,-,-,4935.4000,4934.2000,4933.0000,4930.0000,4918.0000,4939.6000,4939.8000,4940.0000,4940.8000,4956.0000,1,1,2,5,1,1,1,1,2,1
SF,IC2012,2020-04-20 09:33:29.000,4940.0000,59,1,58272840.000,1,1,0,双开,S,4935.4000,4934.2000,4933.0000,4930.0000,4918.0000,4939.8000,4940.8000,4956.0000,4962.0000,4988.0000,1,1,2,5,1,1,2,1,1,1
SF,IC2012,2020-04-20 09:33:29.500,4940.0000,59,0,58272840.000,0,-,-,-,-,4935.4000,4935.0000,4934.2000,4933.0000,4930.0000,4940.8000,4956.0000,4962.0000,4988.0000,4997.8000,1,1,1,2,5,2,1,1,1,1
SF,IC2012,2020-04-20 09:33:30.500,4940.0000,59,0,58272840.000,0,-,-,-,-,4935.4000,4935.0000,4934.2000,4933.0000,4930.0000,4940.0000,4940.8000,4956.0000,4962.0000,4988.0000,1,1,1,2,5,1,2,1,1,1
SF,IC2012,2020-04-20 09:33:31.000,4940.0000,60,1,59260840.000,1,1,0,双开,S,4935.0000,4934.2000,4933.0000,4930.0000,4918.0000,4940.8000,4956.0000,4962.0000,4988.0000,4997.8000,1,1,2,5,1,2,1,1,1,1
SF,IC2012,2020-04-20 09:33:31.500,4940.8000,61,1,60249000.000,1,1,0,双开,S,4935.6000,4935.0000,4934.2000,4933.0000,4930.0000,4940.8000,4956.0000,4962.0000,4988.0000,4997.8000,1,1,1,2,5,1,1,1,1,1
SF,IC2012,2020-04-20 09:33:32.000,4940.8000,61,0,60249000.000,0,-,-,-,-,4935.6000,4935.0000,4933.0000,4930.0000,4918.0000,4940.8000,4956.0000,4962.0000,4988.0000,4997.8000,1,1,2,5,1,1,1,1,1,1
SF,IC2012,2020-04-20 09:33:32.500,4940.8000,61,0,60249000.000,0,-,-,-,-,4936.2000,4935.6000,4935.0000,4933.0000,4930.0000,4940.8000,4956.0000,4962.0000,4988.0000,4997.8000,1,1,1,2,5,1,1,1,1,1
SF,IC2012,2020-04-20 09:33:33.000,4940.8000,62,1,61237160.000,1,1,0,双开,S,4937.0000,4936.2000,4935.6000,4935.0000,4933.0000,4956.0000,4962.0000,4988.0000,4997.8000,5010.0000,1,1,1,1,2,1,1,1,1,1
SF,IC2012,2020-04-20 09:33:33.500,4940.8000,62,0,61237160.000,0,-,-,-,-,4936.2000,4935.6000,4935.0000,4933.0000,4930.0000,4955.8000,4956.0000,4962.0000,4988.0000,4997.8000,1,1,1,2,5,1,1,1,1,1
SF,IC2012,2020-04-20 09:33:34.000,4940.8000,62,0,61237160.000,0,-,-,-,-,4940.0000,4936.2000,4935.0000,4933.0000,4930.0000,4955.8000,4956.0000,4962.0000,4988.0000,4997.8000,1,1,1,2,5,1,1,1,1,1
SF,IC2012,2020-04-20 09:33:34.500,4940.8000,62,0,61237160.000,0,-,-,-,-,4940.0000,4937.6000,4937.0000,4936.2000,4935.0000,4945.8000,4948.0000,4949.4000,4955.8000,4956.0000,1,1,1,1,1,2,1,1,1,1
SF,IC2012,2020-04-20 09:33:35.000,4940.8000,62,0,61237160.000,0,-,-,-,-,4940.0000,4937.6000,4937.0000,4936.2000,4935.0000,4945.6000,4945.8000,4948.0000,4949.4000,4951.4000,1,1,1,1,1,1,1,1,1,1
SF,IC2012,2020-04-20 09:33:36.000,4940.8000,62,0,61237160.000,0,-,-,-,-,4940.0000,4937.0000,4936.2000,4935.0000,4933.0000,4944.8000,4945.0000,4945.6000,4948.0000,4949.4000,1,1,1,1,2,1,1,1,1,1
SF,IC2012,2020-04-20 09:33:37.000,4940.8000,62,0,61237160.000,0,-,-,-,-,4940.0000,4937.0000,4936.2000,4935.0000,4933.0000,4944.4000,4944.8000,4945.6000,4948.0000,4949.4000,1,1,1,1,2,1,1,1,1,1
SF,IC2012,2020-04-20 09:33:37.500,4940.8000,62,0,61237160.000,0,-,-,-,-,4940.0000,4937.0000,4936.2000,4935.0000,4933.0000,4944.4000,4945.6000,4948.0000,4949.4000,4950.0000,1,1,1,1,2,1,1,1,1,1
SF,IC2012,2020-04-20 09:33:38.500,4940.8000,62,0,61237160.000,0,-,-,-,-,4940.0000,4937.0000,4936.2000,4935.0000,4933.0000,4944.0000,4944.4000,4945.6000,4948.0000,4949.4000,1,1,1,1,2,1,1,1,1,1
SF,IC2012,2020-04-20 09:33:39.000,4940.8000,62,0,61237160.000,0,-,-,-,-,4940.0000,4937.0000,4936.2000,4935.0000,4933.0000,4944.4000,4948.0000,4949.4000,4950.0000,4951.4000,1,1,1,1,2,1,1,1,1,1
SF,IC2012,2020-04-20 09:33:39.500,4940.8000,62,0,61237160.000,0,-,-,-,-,4940.4000,4940.0000,4937.0000,4936.2000,4935.0000,4948.0000,4949.4000,4950.0000,4951.4000,4956.0000,1,1,1,1,1,1,1,1,1,1
SF,IC2012,2020-04-20 09:33:40.000,4940.8000,62,0,61237160.000,0,-,-,-,-,4940.4000,4940.0000,4936.2000,4935.0000,4933.0000,4947.8000,4948.0000,4949.4000,4950.0000,4951.4000,1,1,1,1,2,1,1,1,1,1
SF,IC2012,2020-04-20 09:33:41.000,4940.8000,62,0,61237160.000,0,-,-,-,-,4940.4000,4940.0000,4936.2000,4935.0000,4933.0000,4947.0000,4947.8000,4948.0000,4949.4000,4950.0000,1,1,1,1,2,1,1,1,1,1
SF,IC2012,2020-04-20 09:33:41.500,4946.8000,63,1,62226520.000,1,1,0,双开,S,4943.0000,4940.4000,4940.0000,4936.2000,4935.0000,4947.0000,4947.2000,4948.0000,4950.0000,4951.4000,1,1,1,1,1,1,1,1,1,1
SF,IC2012,2020-04-20 09:33:42.000,4946.8000,63,0,62226520.000,0,-,-,-,-,4943.0000,4940.4000,4940.0000,4936.2000,4935.0000,4946.4000,4947.0000,4948.0000,4950.0000,4951.4000,1,1,1,1,1,1,1,1,1,1
SF,IC2012,2020-04-20 09:33:42.500,4946.8000,63,0,62226520.000,0,-,-,-,-,4943.0000,4940.4000,4940.0000,4936.2000,4935.0000,4946.4000,4947.0000,4948.0000,4950.0000,4951.4000,1,1,2,1,1,1,1,1,1,1
SF,IC2012,2020-04-20 09:33:43.000,4940.4000,65,2,64203200.000,2,2,0,双开,S,4940.0000,4936.2000,4935.0000,4933.0000,4930.0000,4946.4000,4950.0000,4951.4000,4956.0000,4988.0000,2,1,1,2,5,1,1,1,1,1
SF,IC2012,2020-04-20 09:33:43.500,4940.4000,65,0,64203200.000,0,-,-,-,-,4940.2000,4940.0000,4936.2000,4935.0000,4933.0000,4946.0000,4946.2000,4946.4000,4950.0000,4951.4000,1,2,1,1,2,1,2,1,1,1
SF,IC2012,2020-04-20 09:33:44.000,4940.4000,65,0,64203200.000,0,-,-,-,-,4940.0000,4936.2000,4935.0000,4933.0000,4930.0000,4945.8000,4946.0000,4946.2000,4946.4000,4950.0000,2,1,1,2,5,1,1,1,1,1
SF,IC2012,2020-04-20 09:33:44.500,4940.4000,65,0,64203200.000,0,-,-,-,-,4940.0000,4936.2000,4935.0000,4933.0000,4930.0000,4945.6000,4945.8000,4946.0000,4950.0000,4956.0000,2,1,1,2,5,1,1,1,1,1
SF,IC2012,2020-04-20 09:33:45.000,4940.4000,65,0,64203200.000,0,-,-,-,-,4940.0000,4936.2000,4935.0000,4933.0000,4930.0000,4944.8000,4945.0000,4945.4000,4946.0000,4950.0000,2,1,1,2,4,1,1,1,1,1
SF,IC2012,2020-04-20 09:33:45.500,4940.4000,65,0,64203200.000,0,-,-,-,-,4940.0000,4936.2000,4935.0000,4933.0000,4930.0000,4944.6000,4945.0000,4946.0000,4950.0000,4956.0000,2,1,1,1,4,1,1,1,1,1
SF,IC2012,2020-04-20 09:33:46.000,4940.4000,65,0,64203200.000,0,-,-,-,-,4940.0000,4936.2000,4935.0000,4933.0000,4930.0000,4944.4000,4944.6000,4946.0000,4950.0000,4956.0000,2,1,1,1,4,1,2,1,1,1
SF,IC2012,2020-04-20 09:33:46.500,4940.4000,65,0,64203200.000,0,-,-,-,-,4940.0000,4936.2000,4935.0000,4933.0000,4930.0000,4944.0000,4944.2000,4944.4000,4946.0000,4950.0000,2,1,1,1,4,1,1,1,1,1
SF,IC2012,2020-04-20 09:33:47.000,4940.4000,65,0,64203200.000,0,-,-,-,-,4940.2000,4940.0000,4936.2000,4935.0000,4933.0000,4944.0000,4944.2000,4950.0000,4956.0000,4961.0000,1,2,1,1,1,1,1,1,1,1
SF,IC2012,2020-04-20 09:33:47.500,4944.0000,66,1,65192000.000,1,1,0,双开,S,4940.4000,4940.2000,4940.0000,4936.2000,4935.0000,4944.2000,4950.0000,4956.0000,4961.0000,4988.0000,1,1,2,1,1,1,1,1,1,1
SF,IC2012,2020-04-20 09:33:48.000,4944.0000,66,0,65192000.000,0,-,-,-,-,4940.6000,4940.4000,4940.0000,4936.2000,4935.0000,4950.0000,4956.0000,4961.0000,4988.0000,4997.8000,1,1,2,1,1,1,1,1,1,1
SF,IC2012,2020-04-20 09:33:48.500,4944.0000,66,0,65192000.000,0,-,-,-,-,4940.6000,4940.0000,4936.2000,4935.0000,4933.0000,4949.8000,4950.0000,4956.0000,4961.0000,4988.0000,1,2,1,1,1,1,1,1,1,1
SF,IC2012,2020-04-20 09:33:49.000,4944.0000,66,0,65192000.000,0,-,-,-,-,4941.0000,4940.6000,4940.0000,4936.2000,4935.0000,4947.6000,4949.8000,4950.0000,4956.0000,4961.0000,2,1,2,1,1,1,1,1,1,1
SF,IC2012,2020-04-20 09:33:49.500,4944.0000,66,0,65192000.000,0,-,-,-,-,4941.2000,4941.0000,4940.0000,4936.2000,4935.0000,4947.4000,4947.6000,4950.0000,4956.0000,4961.0000,1,3,2,1,1,1,1,1,1,1
SF,IC2012,2020-04-20 09:33:50.000,4944.0000,66,0,65192000.000,0,-,-,-,-,4941.2000,4941.0000,4940.0000,4936.2000,4935.0000,4947.6000,4950.0000,4956.0000,4961.0000,4988.0000,1,3,2,1,1,1,1,1,1,1
SF,IC2012,2020-04-20 09:33:50.500,4944.0000,66,0,65192000.000,0,-,-,-,-,4941.6000,4941.2000,4941.0000,4940.0000,4936.2000,4947.6000,4950.0000,4956.0000,4961.0000,4988.0000,2,1,1,2,1,1,1,1,1,1
SF,IC2012,2020-04-20 09:33:51.000,4944.0000,66,0,65192000.000,0,-,-,-,-,4941.8000,4941.6000,4941.0000,4940.0000,4936.2000,4947.4000,4947.6000,4950.0000,4956.0000,4961.0000,1,2,1,2,1,1,1,1,1,1
SF,IC2012,2020-04-20 09:33:52.000,4944.0000,66,0,65192000.000,0,-,-,-,-,4941.8000,4941.6000,4941.0000,4940.0000,4936.2000,4947.4000,4947.6000,4956.0000,4961.0000,4988.0000,1,2,1,2,1,1,1,1,1,1
SF,IC2012,2020-04-20 09:33:52.500,4944.0000,66,0,65192000.000,0,-,-,-,-,4941.8000,4941.0000,4940.0000,4936.2000,4935.0000,4947.4000,4947.6000,4956.0000,4961.0000,4988.0000,1,1,2,1,1,1,1,1,1,1
SF,IC2012,2020-04-20 09:33:53.000,4944.0000,66,0,65192000.000,0,-,-,-,-,4941.8000,4941.0000,4940.0000,4936.2000,4935.0000,4947.0000,4947.4000,4956.0000,4961.0000,4988.0000,1,1,2,1,1,1,1,1,1,1
SF,IC2012,2020-04-20 09:33:53.500,4944.0000,66,0,65192000.000,0,-,-,-,-,4941.8000,4941.0000,4940.0000,4936.2000,4935.0000,4946.8000,4947.0000,4956.0000,4961.0000,4988.0000,1,1,2,1,1,1,1,1,1,1
SF,IC2012,2020-04-20 09:33:54.500,4944.0000,66,0,65192000.000,0,-,-,-,-,4941.8000,4941.0000,4940.0000,4936.2000,4935.0000,4946.6000,4946.8000,4947.0000,4956.0000,4961.0000,1,1,2,1,1,1,1,1,1,1
SF,IC2012,2020-04-20 09:33:55.000,4944.0000,66,0,65192000.000,0,-,-,-,-,4945.0000,4941.0000,4940.0000,4936.2000,4935.0000,4946.2000,4946.4000,4946.6000,4956.0000,4961.0000,1,1,3,1,1,1,1,2,1,1
SF,IC2012,2020-04-20 09:33:55.500,4945.0000,67,1,66181000.000,1,1,0,双开,S,4941.0000,4940.0000,4936.2000,4935.0000,4933.0000,4946.2000,4946.6000,4956.0000,4961.0000,4988.0000,1,3,1,1,1,1,2,1,1,1
SF,IC2012,2020-04-20 09:33:56.000,4945.0000,67,0,66181000.000,0,-,-,-,-,4941.2000,4941.0000,4940.0000,4936.2000,4935.0000,4946.0000,4946.2000,4946.6000,4956.0000,4961.0000,1,1,3,1,1,1,2,2,1,1
SF,IC2012,2020-04-20 09:33:56.500,4945.0000,67,0,66181000.000,0,-,-,-,-,4942.0000,4941.2000,4941.0000,4940.0000,4936.2000,4946.0000,4946.2000,4946.6000,4956.0000,4961.0000,1,1,1,3,1,1,2,2,1,1
SF,IC2012,2020-04-20 09:33:57.000,4945.0000,67,0,66181000.000,0,-,-,-,-,4942.2000,4942.0000,4941.0000,4940.0000,4936.2000,4946.2000,4946.6000,4956.0000,4961.0000,4988.0000,1,1,1,3,1,2,2,1,1,1
SF,IC2012,2020-04-20 09:33:57.500,4945.0000,67,0,66181000.000,0,-,-,-,-,4942.2000,4942.0000,4941.0000,4940.0000,4936.2000,4946.2000,4946.6000,4956.0000,4961.0000,4988.0000,1,1,1,3,1,2,1,1,1,1
SF,IC2012,2020-04-20 09:33:58.000,4945.0000,67,0,66181000.000,0,-,-,-,-,4942.4000,4942.2000,4942.0000,4941.0000,4940.0000,4946.2000,4946.6000,4956.0000,4961.0000,4988.0000,1,1,1,1,3,1,1,1,1,1
SF,IC2012,2020-04-20 09:33:58.500,4945.0000,67,0,66181000.000,0,-,-,-,-,4942.6000,4942.4000,4942.0000,4941.0000,4940.0000,4946.2000,4946.6000,4956.0000,4961.0000,4988.0000,1,1,1,1,3,1,1,1,1,1
SF,IC2012,2020-04-20 09:34:00.000,4945.0000,67,0,66181000.000,0,-,-,-,-,4942.6000,4942.0000,4941.0000,4940.0000,4936.2000,4946.2000,4946.6000,4956.0000,4961.0000,4988.0000,1,1,1,3,1,1,1,1,1,1
SF,IC2012,2020-04-20 09:34:00.500,4945.0000,67,0,66181000.000,0,-,-,-,-,4942.6000,4942.0000,4941.0000,4940.0000,4936.2000,4943.2000,4946.2000,4946.6000,4956.0000,4961.0000,1,1,1,3,1,1,1,1,1,1
SF,IC2012,2020-04-20 09:34:01.000,4942.6000,69,2,68158520.000,2,2,0,双开,S,4942.0000,4941.0000,4940.0000,4936.2000,4935.0000,4946.2000,4946.6000,4956.0000,4961.0000,4988.0000,1,1,3,1,1,1,1,1,1,1
SF,IC2012,2020-04-20 09:34:01.500,4942.6000,69,0,68158520.000,0,-,-,-,-,4942.0000,4941.0000,4940.0000,4936.2000,4935.0000,4946.0000,4946.2000,4946.6000,4956.0000,4961.0000,1,1,3,1,1,1,1,1,1,1
SF,IC2012,2020-04-20 09:34:03.500,4942.6000,69,0,68158520.000,0,-,-,-,-,4942.0000,4941.0000,4940.0000,4936.2000,4935.0000,4946.0000,4946.2000,4946.6000,4961.0000,4988.0000,1,1,3,1,1,1,1,1,1,1
SF,IC2012,2020-04-20 09:34:04.000,4942.6000,69,0,68158520.000,0,-,-,-,-,4946.0000,4942.2000,4942.0000,4941.0000,4940.0000,4946.2000,4946.6000,4961.0000,4988.0000,4997.8000,1,1,1,1,3,1,1,1,1,1
SF,IC2012,2020-04-20 09:34:04.500,4945.8000,70,1,69147680.000,1,1,0,双开,S,4942.0000,4941.0000,4940.0000,4936.2000,4935.0000,4946.2000,4946.6000,4961.0000,4988.0000,4997.8000,1,1,3,1,1,1,1,1,1,1
SF,IC2012,2020-04-20 09:34:05.000,4945.8000,70,0,69147680.000,0,-,-,-,-,4942.2000,4942.0000,4941.0000,4940.0000,4936.2000,4946.2000,4946.6000,4961.0000,4988.0000,4997.8000,1,1,1,3,1,1,1,1,1,1
SF,IC2012,2020-04-20 09:34:05.500,4945.8000,70,0,69147680.000,0,-,-,-,-,4943.2000,4942.2000,4942.0000,4941.0000,4940.0000,4946.2000,4946.6000,4961.0000,4988.0000,4997.8000,1,1,1,1,3,1,1,1,1,1
SF,IC2012,2020-04-20 09:34:06.000,4945.8000,70,0,69147680.000,0,-,-,-,-,4943.4000,4943.2000,4942.0000,4941.0000,4940.0000,4946.2000,4946.6000,4961.0000,4988.0000,4997.8000,1,1,1,1,3,1,1,1,1,1
SF,IC2012,2020-04-20 09:34:06.500,4945.8000,70,0,69147680.000,0,-,-,-,-,4944.0000,4943.4000,4943.2000,4942.0000,4941.0000,4946.2000,4946.6000,4961.0000,4988.0000,4997.8000,1,1,1,1,1,1,1,1,1,1
SF,IC2012,2020-04-20 09:34:07.000,4946.2000,71,1,70136920.000,1,1,0,双开,S,4944.0000,4943.2000,4942.0000,4941.0000,4940.0000,4946.6000,4961.0000,4988.0000,4997.8000,5010.0000,1,1,1,1,3,1,1,1,1,1
SF,IC2012,2020-04-20 09:34:07.500,4946.2000,71,0,70136920.000,0,-,-,-,-,4944.2000,4944.0000,4943.2000,4942.0000,4941.0000,4946.6000,4961.0000,4988.0000,4997.8000,5010.0000,1,1,1,1,1,1,1,1,1,1
SF,IC2012,2020-04-20 09:34:08.000,4946.6000,72,1,71126240.000,1,1,0,双开,S,4944.0000,4943.2000,4942.0000,4941.0000,4940.4000,4961.0000,4988.0000,4997.8000,5010.0000,5032.8000,1,1,1,1,1,1,1,1,1,1
SF,IC2012,2020-04-20 09:34:08.500,4946.6000,72,0,71126240.000,0,-,-,-,-,4944.0000,4943.2000,4942.0000,4941.0000,4940.4000,4960.8000,4961.0000,4988.0000,4997.8000,5010.0000,1,1,1,1,1,1,1,1,1,1
SF,IC2012,2020-04-20 09:34:09.500,4946.6000,72,0,71126240.000,0,-,-,-,-,4944.0000,4943.2000,4942.0000,4941.0000,4940.0000,4960.8000,4961.0000,4988.0000,4997.8000,5010.0000,1,1,1,1,3,1,1,1,1,1
SF,IC2012,2020-04-20 09:34:10.000,4946.6000,72,0,71126240.000,0,-,-,-,-,4944.2000,4944.0000,4943.2000,4942.0000,4941.0000,4960.8000,4961.0000,4988.0000,4997.8000,5010.0000,1,1,1,1,1,1,1,1,1,1
SF,IC2012,2020-04-20 09:34:10.500,4946.6000,72,0,71126240.000,0,-,-,-,-,4944.4000,4944.2000,4944.0000,4943.2000,4942.0000,4960.8000,4961.0000,4988.0000,4997.8000,5010.0000,1,1,1,1,1,1,1,1,1,1
SF,IC2012,2020-04-20 09:34:11.000,4946.6000,72,0,71126240.000,0,-,-,-,-,4945.4000,4944.4000,4944.2000,4944.0000,4943.2000,4957.4000,4959.8000,4960.8000,4961.0000,4988.0000,1,1,1,1,1,1,1,1,1,1
SF,IC2012,2020-04-20 09:34:11.500,4946.6000,72,0,71126240.000,0,-,-,-,-,4945.4000,4944.4000,4944.2000,4944.0000,4943.2000,4957.2000,4957.4000,4959.8000,4960.0000,4988.0000,1,1,1,1,1,1,1,1,1,1
SF,IC2012,2020-04-20 09:34:12.000,4946.6000,72,0,71126240.000,0,-,-,-,-,4946.2000,4945.4000,4944.0000,4943.2000,4942.0000,4957.2000,4957.4000,4958.4000,4959.8000,4960.0000,1,1,1,1,1,1,1,1,1,1
SF,IC2012,2020-04-20 09:34:13.000,4946.6000,72,0,71126240.000,0,-,-,-,-,4946.2000,4945.4000,4944.0000,4943.2000,4942.0000,4956.0000,4956.6000,4957.2000,4958.4000,4959.8000,1,1,1,1,1,1,1,1,1,1
SF,IC2012,2020-04-20 09:34:13.500,4946.6000,72,0,71126240.000,0,-,-,-,-,4946.2000,4944.0000,4943.2000,4942.0000,4941.0000,4955.8000,4956.0000,4956.6000,4958.4000,4959.8000,1,1,1,1,1,1,1,1,1,1
SF,IC2012,2020-04-20 09:34:14.000,4946.6000,72,0,71126240.000,0,-,-,-,-,4947.4000,4946.2000,4944.0000,4943.2000,4942.0000,4955.4000,4955.8000,4956.0000,4956.6000,4958.4000,1,1,1,1,1,1,1,1,1,1
SF,IC2012,2020-04-20 09:34:14.500,4956.6000,76,4,75090880.000,4,4,0,双开,S,4957.2000,4947.4000,4946.6000,4946.4000,4946.2000,4958.4000,4959.8000,4978.6000,4988.0000,4997.8000,1,1,1,1,1,1,1,1,1,1
SF,IC2012,2020-04-20 09:34:15.000,4957.2000,77,1,76082320.000,1,1,0,双开,S,4947.4000,4946.6000,4946.4000,4946.2000,4944.0000,4957.2000,4958.4000,4959.8000,4978.6000,4988.0000,1,1,1,1,2,1,1,1,1,1
SF,IC2012,2020-04-20 09:34:15.500,4957.2000,77,0,76082320.000,0,-,-,-,-,4947.6000,4947.4000,4946.6000,4946.4000,4946.2000,4954.8000,4957.0000,4957.2000,4959.8000,4978.6000,1,1,1,1,1,1,1,1,1,1
SF,IC2012,2020-04-20 09:34:16.000,4954.8000,78,1,77073280.000,1,1,0,双开,S,4948.8000,4948.2000,4947.8000,4947.4000,4946.4000,4959.8000,4978.6000,4988.0000,4997.8000,5010.0000,1,2,1,1,1,1,1,1,1,1
SF,IC2012,2020-04-20 09:34:16.500,4954.8000,78,0,77073280.000,0,-,-,-,-,4949.0000,4948.8000,4948.6000,4948.2000,4947.8000,4957.0000,4959.6000,4959.8000,4978.6000,4988.0000,1,1,1,2,1,1,1,1,1,1
SF,IC2012,2020-04-20 09:34:17.000,4954.8000,78,0,77073280.000,0,-,-,-,-,4949.2000,4949.0000,4948.8000,4948.6000,4948.2000,4957.0000,4959.8000,4978.6000,4988.0000,4997.8000,1,1,1,1,2,1,1,1,1,1
SF,IC2012,2020-04-20 09:34:17.500,4957.0000,79,1,78064680.000,1,1,0,双开,S,4950.4000,4950.2000,4950.0000,4949.2000,4948.8000,4978.6000,4988.0000,4997.8000,5010.0000,5032.8000,1,1,1,1,1,1,1,1,1,1
SF,IC2012,2020-04-20 09:34:18.000,4957.0000,79,0,78064680.000,0,-,-,-,-,4950.4000,4950.2000,4950.0000,4949.2000,4948.8000,4974.2000,4978.4000,4978.6000,4988.0000,4997.8000,1,1,1,1,1,1,1,1,1,1
SF,IC2012,2020-04-20 09:34:18.500,4957.0000,79,0,78064680.000,0,-,-,-,-,4951.6000,4950.4000,4950.2000,4950.0000,4948.8000,4974.0000,4974.2000,4978.6000,4988.0000,4997.8000,1,1,1,1,1,1,1,1,1,1
SF,IC2012,2020-04-20 09:34:19.000,4957.0000,79,0,78064680.000,0,-,-,-,-,4951.6000,4951.4000,4951.0000,4950.4000,4950.0000,4965.6000,4974.0000,4974.2000,4978.6000,4988.0000,1,1,1,1,1,1,1,1,1,1
SF,IC2012,2020-04-20 09:34:19.500,4957.0000,79,0,78064680.000,0,-,-,-,-,4952.0000,4951.6000,4951.4000,4951.0000,4950.4000,4965.4000,4965.6000,4974.2000,4978.6000,4988.0000,1,1,1,1,1,1,1,1,1,1
SF,IC2012,2020-04-20 09:34:20.000,4957.0000,79,0,78064680.000,0,-,-,-,-,4952.0000,4951.6000,4951.4000,4951.0000,4950.0000,4965.4000,4965.6000,4974.2000,4978.6000,4988.0000,1,1,1,1,1,1,1,1,1,1
SF,IC2012,2020-04-20 09:34:20.500,4957.0000,79,0,78064680.000,0,-,-,-,-,4953.2000,4952.0000,4951.0000,4950.0000,4948.8000,4965.4000,4965.6000,4974.2000,4978.6000,4988.0000,1,1,1,1,1,1,1,1,1,1
SF,IC2012,2020-04-20 09:34:21.000,4957.0000,79,0,78064680.000,0,-,-,-,-,4953.2000,4952.0000,4950.0000,4948.8000,4945.0000,4965.2000,4965.4000,4965.6000,4974.2000,4978.6000,1,1,1,1,1,1,1,1,1,1
SF,IC2012,2020-04-20 09:34:21.500,4957.0000,79,0,78064680.000,0,-,-,-,-,4954.0000,4953.6000,4953.2000,4950.0000,4948.8000,4965.0000,4965.2000,4965.6000,4974.2000,4978.6000,1,1,1,1,1,1,1,1,1,1
SF,IC2012,2020-04-20 09:34:22.000,4957.0000,79,0,78064680.000,0,-,-,-,-,4954.0000,4953.6000,4953.2000,4950.0000,4948.8000,4964.6000,4965.0000,4965.2000,4965.6000,4974.2000,1,1,1,1,1,1,1,1,1,1
SF,IC2012,2020-04-20 09:34:22.500,4957.0000,79,0,78064680.000,0,-,-,-,-,4952.6000,4950.0000,4948.8000,4948.0000,4945.0000,4964.4000,4964.6000,4965.2000,4965.6000,4974.2000,1,1,1,1,1,1,1,1,1,1
SF,IC2012,2020-04-20 09:34:23.000,4957.0000,79,0,78064680.000,0,-,-,-,-,4952.6000,4950.0000,4948.8000,4948.0000,4945.0000,4963.6000,4964.4000,4964.6000,4965.2000,4965.6000,1,1,1,1,1,1,1,1,1,1
SF,IC2012,2020-04-20 09:34:23.500,4957.0000,79,0,78064680.000,0,-,-,-,-,4952.6000,4950.0000,4948.8000,4948.0000,4945.0000,4963.4000,4963.6000,4965.2000,4965.6000,4974.2000,1,1,1,1,1,1,1,1,1,1
SF,IC2012,2020-04-20 09:34:24.000,4957.0000,79,0,78064680.000,0,-,-,-,-,4952.6000,4950.0000,4948.8000,4948.0000,4945.0000,4963.4000,4963.6000,4963.8000,4965.2000,4965.6000,1,1,1,1,1,1,1,1,1,1
SF,IC2012,2020-04-20 09:34:24.500,4957.0000,79,0,78064680.000,0,-,-,-,-,4953.2000,4952.6000,4950.0000,4948.8000,4948.0000,4963.0000,4963.4000,4963.6000,4965.2000,4965.6000,1,1,1,1,1,2,1,1,1,1
SF,IC2012,2020-04-20 09:34:25.000,4957.0000,79,0,78064680.000,0,-,-,-,-,4953.2000,4952.6000,4950.0000,4948.8000,4948.0000,4962.0000,4962.6000,4962.8000,4963.0000,4963.6000,1,1,1,1,1,1,1,1,3,1
SF,IC2012,2020-04-20 09:34:25.500,4961.8000,80,1,79057040.000,1,1,0,双开,S,4953.2000,4952.6000,4950.0000,4948.8000,4948.0000,4962.0000,4962.6000,4963.0000,4963.6000,4965.2000,1,1,2,1,1,1,1,3,1,1
SF,IC2012,2020-04-20 09:34:26.000,4961.8000,80,0,79057040.000,0,-,-,-,-,4953.4000,4953.2000,4952.6000,4950.0000,4948.8000,4961.8000,4962.0000,4963.0000,4963.6000,4965.2000,1,1,1,2,1,1,1,2,1,1
SF,IC2012,2020-04-20 09:34:26.500,4963.6000,85,5,84019720.000,5,5,0,双开,S,4953.4000,4953.2000,4952.6000,4950.0000,4948.8000,4965.2000,4974.2000,4977.6000,4978.6000,4988.0000,1,1,1,2,1,1,1,2,1,1
SF,IC2012,2020-04-20 09:34:27.000,4963.6000,85,0,84019720.000,0,-,-,-,-,4962.0000,4953.4000,4953.2000,4952.6000,4950.0000,4964.8000,4965.0000,4965.2000,4974.2000,4977.6000,1,1,1,1,2,1,1,1,1,2
SF,IC2012,2020-04-20 09:34:27.500,4962.0000,86,1,85012120.000,1,1,0,双开,S,4955.0000,4954.2000,4953.8000,4953.2000,4952.6000,4962.0000,4964.8000,4965.2000,4974.2000,4977.6000,1,1,1,1,1,1,1,1,1,2
SF,IC2012,2020-04-20 09:34:28.000,4962.0000,86,0,85012120.000,0,-,-,-,-,4955.2000,4955.0000,4954.2000,4953.8000,4953.2000,4961.8000,4962.0000,4962.4000,4964.8000,4965.2000,1,1,1,1,1,1,1,1,1,1
SF,IC2012,2020-04-20 09:34:28.500,4962.0000,86,0,85012120.000,0,-,-,-,-,4955.0000,4954.2000,4953.2000,4952.6000,4950.0000,4961.2000,4961.8000,4962.0000,4962.4000,4963.0000,1,1,1,1,2,1,1,2,1,1
SF,IC2012,2020-04-20 09:34:29.000,4962.0000,86,0,85012120.000,0,-,-,-,-,4955.0000,4952.6000,4950.0000,4948.8000,4945.0000,4961.0000,4961.2000,4962.0000,4962.4000,4963.0000,1,1,2,1,1,1,1,1,1,1
SF,IC2012,2020-04-20 09:34:29.500,4955.0000,87,1,86003120.000,1,1,0,双开,S,4952.6000,4950.0000,4948.8000,4945.0000,4944.0000,4960.4000,4961.0000,4961.2000,4962.0000,4962.4000,1,2,1,1,2,1,1,1,1,1
SF,IC2012,2020-04-20 09:34:30.000,4955.0000,87,0,86003120.000,0,-,-,-,-,4952.8000,4952.6000,4950.0000,4948.8000,4945.0000,4960.0000,4960.2000,4960.4000,4962.4000,4964.8000,1,1,2,1,1,1,1,1,2,1
SF,IC2012,2020-04-20 09:34:30.500,4955.0000,87,0,86003120.000,0,-,-,-,-,4953.0000,4952.8000,4952.6000,4950.0000,4948.8000,4960.0000,4960.4000,4962.4000,4965.2000,4974.2000,1,1,1,2,1,1,2,2,1,1
SF,IC2012,2020-04-20 09:34:31.000,4953.2000,88,1,86993760.000,1,1,0,双开,S,4953.0000,4952.6000,4950.0000,4948.8000,4945.0000,4955.0000,4960.0000,4960.4000,4962.4000,4965.2000,1,1,2,1,1,1,1,1,2,1
SF,IC2012,2020-04-20 09:34:31.500,4955.0000,88,0,87984760.000,1,0,1,多换,S,4953.0000,4952.6000,4950.4000,4950.0000,4948.8000,4960.0000,4962.4000,4965.2000,4977.6000,4978.6000,1,1,1,2,1,1,2,1,2,1
SF,IC2012,2020-04-20 09:34:32.000,4955.0000,88,0,87984760.000,0,-,-,-,-,4953.6000,4953.0000,4952.6000,4950.4000,4950.0000,4959.8000,4960.0000,4962.4000,4965.2000,4977.6000,2,1,1,1,2,1,1,2,1,2
SF,IC2012,2020-04-20 09:34:32.500,4955.0000,88,0,87984760.000,0,-,-,-,-,4953.6000,4953.0000,4952.6000,4950.4000,4950.0000,4959.8000,4960.0000,4962.4000,4965.2000,4977.6000,2,1,1,1,2,3,1,2,1,2
SF,IC2012,2020-04-20 09:34:33.000,4955.0000,88,0,87984760.000,0,-,-,-,-,4953.6000,4953.0000,4952.6000,4950.4000,4950.0000,4959.8000,4962.4000,4965.2000,4977.6000,4978.6000,1,1,1,1,1,3,2,1,2,1
SF,IC2012,2020-04-20 09:34:33.500,4955.0000,88,0,87984760.000,0,-,-,-,-,4953.0000,4952.6000,4950.4000,4950.0000,4948.8000,4959.8000,4962.4000,4965.2000,4977.6000,4978.6000,1,1,1,1,1,3,2,1,2,1
SF,IC2012,2020-04-20 09:34:34.500,4959.8000,90,2,89968680.000,2,2,0,双开,S,4954.0000,4953.0000,4952.6000,4950.4000,4950.0000,4959.8000,4962.4000,4965.2000,4978.6000,4988.0000,1,1,1,1,1,1,2,1,1,1
SF,IC2012,2020-04-20 09:34:35.000,4959.8000,91,1,90960640.000,1,1,0,双开,S,4959.8000,4954.0000,4953.0000,4952.6000,4950.4000,4962.4000,4965.2000,4978.6000,4988.0000,4997.8000,2,1,1,1,1,2,1,1,1,1
SF,IC2012,2020-04-20 09:34:35.500,4959.8000,93,2,92944560.000,2,2,0,双开,S,4954.0000,4953.0000,4952.6000,4950.4000,4950.0000,4962.4000,4965.2000,4978.6000,4988.0000,4997.8000,1,1,1,1,1,2,1,1,1,1
SF,IC2012,2020-04-20 09:34:36.000,4959.8000,93,0,92944560.000,0,-,-,-,-,4954.2000,4954.0000,4953.0000,4952.6000,4950.4000,4962.2000,4962.4000,4965.2000,4978.6000,4988.0000,1,1,1,1,1,1,2,1,1,1
SF,IC2012,2020-04-20 09:34:36.500,4959.8000,93,0,92944560.000,0,-,-,-,-,4954.0000,4953.0000,4952.6000,4950.4000,4950.0000,4961.2000,4962.2000,4962.4000,4965.2000,4978.6000,1,1,1,1,1,1,1,2,1,1
SF,IC2012,2020-04-20 09:34:37.000,4959.8000,93,0,92944560.000,0,-,-,-,-,4954.0000,4953.0000,4952.6000,4950.4000,4950.0000,4960.8000,4961.0000,4961.2000,4962.4000,4965.2000,1,1,1,1,1,1,1,2,2,1
SF,IC2012,2020-04-20 09:34:37.500,4959.8000,93,0,92944560.000,0,-,-,-,-,4954.0000,4953.0000,4952.6000,4950.4000,4950.0000,4960.6000,4960.8000,4961.2000,4962.4000,4965.2000,1,1,1,1,1,1,1,2,2,1
SF,IC2012,2020-04-20 09:34:38.000,4959.8000,93,0,92944560.000,0,-,-,-,-,4954.0000,4953.0000,4950.4000,4950.0000,4948.8000,4955.0000,4960.6000,4960.8000,4961.2000,4962.4000,1,1,1,1,1,1,1,1,2,2
SF,IC2012,2020-04-20 09:34:38.500,4959.8000,93,0,92944560.000,0,-,-,-,-,4954.2000,4954.0000,4953.0000,4950.4000,4950.0000,4955.0000,4959.4000,4960.6000,4960.8000,4961.2000,1,2,1,1,1,1,1,1,1,1
SF,IC2012,2020-04-20 09:34:39.000,4959.8000,93,0,92944560.000,0,-,-,-,-,4954.2000,4954.0000,4953.0000,4950.4000,4950.0000,4955.0000,4959.4000,4960.6000,4960.8000,4962.4000,1,2,1,1,1,1,1,1,1,2
SF,IC2012,2020-04-20 09:34:40.000,4955.0000,94,1,93935560.000,1,1,0,双开,S,4954.2000,4954.0000,4953.0000,4950.4000,4950.0000,4959.2000,4959.4000,4960.6000,4960.8000,4962.4000,1,2,1,1,1,1,1,1,1,2
SF,IC2012,2020-04-20 09:34:40.500,4955.0000,94,0,93935560.000,0,-,-,-,-,4954.0000,4953.0000,4950.4000,4950.0000,4948.8000,4959.0000,4959.2000,4959.4000,4962.4000,4965.2000,2,1,1,1,1,1,1,1,2,1
SF,IC2012,2020-04-20 09:34:41.000,4955.0000,94,0,93935560.000,0,-,-,-,-,4954.0000,4953.0000,4950.4000,4950.0000,4948.8000,4959.0000,4959.4000,4962.4000,4965.2000,4978.6000,2,1,1,1,1,2,1,2,1,1
SF,IC2012,2020-04-20 09:34:41.500,4955.0000,94,0,93935560.000,0,-,-,-,-,4954.2000,4954.0000,4953.0000,4950.4000,4950.0000,4959.0000,4959.4000,4962.4000,4965.2000,4978.6000,1,2,1,1,1,2,1,2,1,1
SF,IC2012,2020-04-20 09:34:42.000,4955.0000,94,0,93935560.000,0,-,-,-,-,4954.2000,4954.0000,4953.0000,4950.0000,4948.8000,4959.0000,4959.4000,4960.6000,4962.4000,4965.2000,1,2,1,1,1,1,1,1,2,1
SF,IC2012,2020-04-20 09:34:42.500,4955.0000,94,0,93935560.000,0,-,-,-,-,4954.0000,4953.0000,4950.0000,4948.8000,4945.0000,4958.8000,4959.0000,4959.4000,4960.6000,4962.4000,2,1,1,1,1,1,1,1,1,2
SF,IC2012,2020-04-20 09:34:43.500,4958.8000,95,1,94927320.000,1,1,0,双开,S,4954.0000,4953.0000,4950.0000,4948.8000,4945.0000,4959.0000,4959.4000,4960.6000,4962.4000,4965.2000,2,1,1,1,1,1,1,1,2,1
SF,IC2012,2020-04-20 09:34:44.000,4958.8000,95,0,94927320.000,0,-,-,-,-,4954.2000,4954.0000,4953.0000,4950.0000,4948.8000,4959.0000,4959.4000,4960.6000,4962.4000,4965.2000,1,2,1,1,1,1,1,1,2,1
SF,IC2012,2020-04-20 09:34:45.000,4954.2000,96,1,95918160.000,1,1,0,双开,S,4955.0000,4954.0000,4953.0000,4950.4000,4950.0000,4958.8000,4959.0000,4962.4000,4965.2000,4978.6000,1,2,1,1,1,1,1,2,1,1
SF,IC2012,2020-04-20 09:34:45.500,4954.2000,96,0,95918160.000,0,-,-,-,-,4955.0000,4954.0000,4953.0000,4950.4000,4950.0000,4958.8000,4959.0000,4962.4000,4965.2000,4978.6000,2,2,1,1,1,1,1,2,1,1
SF,IC2012,2020-04-20 09:34:46.000,4958.8000,97,1,96909920.000,1,1,0,双开,S,4955.2000,4955.0000,4954.0000,4953.0000,4950.4000,4962.4000,4965.2000,4978.6000,4988.0000,4997.8000,1,2,2,1,1,2,1,1,1,1
SF,IC2012,2020-04-20 09:34:46.500,4958.8000,97,0,96909920.000,0,-,-,-,-,4955.4000,4955.2000,4955.0000,4954.0000,4953.0000,4962.2000,4962.4000,4965.2000,4978.6000,4988.0000,1,1,1,2,1,1,2,1,1,1
SF,IC2012,2020-04-20 09:34:47.000,4958.8000,97,0,96909920.000,0,-,-,-,-,4955.2000,4955.0000,4954.0000,4953.0000,4950.4000,4962.2000,4962.4000,4965.2000,4978.6000,4988.0000,1,1,2,1,1,1,2,1,1,1
SF,IC2012,2020-04-20 09:34:47.500,4958.8000,97,0,96909920.000,0,-,-,-,-,4955.4000,4955.2000,4955.0000,4954.0000,4953.0000,4962.2000,4962.4000,4965.2000,4978.6000,4988.0000,1,1,1,2,1,1,2,1,1,1
SF,IC2012,2020-04-20 09:34:48.000,4958.8000,97,0,96909920.000,0,-,-,-,-,4955.8000,4955.4000,4955.2000,4955.0000,4954.0000,4960.0000,4962.4000,4965.2000,4978.6000,4988.0000,1,1,1,1,2,1,2,1,1,1
SF,IC2012,2020-04-20 09:34:48.500,4958.8000,97,0,96909920.000,0,-,-,-,-,4956.0000,4955.8000,4955.2000,4955.0000,4954.0000,4960.0000,4962.4000,4965.2000,4978.6000,4988.0000,1,1,1,2,2,1,2,1,1,1
SF,IC2012,2020-04-20 09:34:49.500,4958.8000,97,0,96909920.000,0,-,-,-,-,4956.4000,4956.0000,4955.2000,4955.0000,4954.0000,4960.0000,4962.4000,4965.2000,4978.6000,4988.0000,1,1,1,2,2,1,2,1,1,1
SF,IC2012,2020-04-20 09:34:50.000,4958.8000,97,0,96909920.000,0,-,-,-,-,4956.8000,4956.6000,4956.4000,4955.2000,4955.0000,4960.0000,4962.4000,4965.2000,4978.6000,4988.0000,1,1,1,1,2,1,2,1,1,1
SF,IC2012,2020-04-20 09:34:50.500,4958.8000,97,0,96909920.000,0,-,-,-,-,4957.0000,4956.8000,4955.2000,4955.0000,4954.0000,4960.0000,4962.4000,4965.2000,4978.6000,4988.0000,1,1,1,2,2,1,2,1,1,1
SF,IC2012,2020-04-20 09:34:51.000,4958.8000,97,0,96909920.000,0,-,-,-,-,4957.0000,4956.8000,4955.2000,4955.0000,4954.0000,4960.0000,4962.4000,4978.6000,4988.0000,4997.8000,1,1,1,2,2,1,2,1,1,1
SF,IC2012,2020-04-20 09:34:52.000,4958.8000,97,0,96909920.000,0,-,-,-,-,4957.0000,4956.8000,4955.2000,4955.0000,4954.0000,4960.0000,4961.4000,4962.4000,4978.6000,4988.0000,1,1,1,2,2,1,1,2,1,1
SF,IC2012,2020-04-20 09:34:53.000,4958.8000,97,0,96909920.000,0,-,-,-,-,4957.0000,4956.8000,4955.2000,4955.0000,4954.0000,4960.0000,4961.4000,4962.4000,4978.6000,4988.0000,1,1,1,3,2,1,1,2,1,1
SF,IC2012,2020-04-20 09:34:53.500,4958.8000,97,0,96909920.000,0,-,-,-,-,4957.0000,4956.8000,4955.0000,4954.0000,4953.0000,4961.4000,4962.4000,4978.6000,4988.0000,4997.8000,1,1,3,2,1,1,2,1,1,1
SF,IC2012,2020-04-20 09:34:55.500,4958.8000,97,0,96909920.000,0,-,-,-,-,4957.2000,4957.0000,4956.8000,4955.0000,4954.0000,4961.4000,4962.4000,4978.6000,4988.0000,4997.8000,1,1,1,3,2,1,2,1,1,1
SF,IC2012,2020-04-20 09:34:56.000,4958.8000,97,0,96909920.000,0,-,-,-,-,4956.8000,4955.0000,4954.0000,4953.0000,4950.4000,4961.2000,4961.4000,4962.4000,4978.6000,4988.0000,1,3,2,1,1,1,1,2,1,1
SF,IC2012,2020-04-20 09:34:56.500,4958.8000,97,0,96909920.000,0,-,-,-,-,4955.0000,4954.0000,4953.0000,4950.4000,4950.0000,4961.0000,4961.2000,4961.4000,4962.4000,4978.6000,4,2,1,1,1,1,1,1,2,1
SF,IC2012,2020-04-20 09:34:57.000,4958.8000,97,0,96909920.000,0,-,-,-,-,4960.0000,4955.2000,4955.0000,4954.0000,4953.0000,4960.8000,4961.0000,4961.4000,4962.4000,4978.6000,1,1,4,2,1,1,1,1,2,1
SF,IC2012,2020-04-20 09:34:57.500,4960.0000,98,1,97901920.000,1,1,0,双开,S,4957.0000,4955.0000,4954.0000,4953.0000,4950.4000,4961.0000,4961.4000,4962.4000,4978.6000,4988.0000,1,4,2,1,1,1,1,2,1,1
SF,IC2012,2020-04-20 09:34:58.000,4960.0000,98,0,97901920.000,0,-,-,-,-,4957.0000,4955.0000,4954.0000,4953.0000,4950.4000,4960.8000,4961.4000,4962.4000,4978.6000,4988.0000,1,4,2,1,1,1,1,2,1,1
SF,IC2012,2020-04-20 09:34:59.500,4960.8000,99,1,98894080.000,1,1,0,双开,S,4957.0000,4955.0000,4954.0000,4953.0000,4950.4000,4961.4000,4962.4000,4978.6000,4988.0000,4997.8000,1,4,2,1,1,1,2,1,1,1
SF,IC2012,2020-04-20 09:35:00.000,4960.8000,99,0,98894080.000,0,-,-,-,-,4957.2000,4957.0000,4955.0000,4954.0000,4953.0000,4961.4000,4962.4000,4978.6000,4988.0000,4997.8000,2,1,4,2,1,1,2,1,1,1
SF,IC2012,2020-04-20 09:35:01.000,4957.2000,100,1,99885520.000,1,1,0,双开,S,4958.0000,4957.2000,4957.0000,4955.0000,4954.0000,4962.4000,4978.6000,4988.0000,4997.8000,5010.0000,1,1,1,4,2,2,1,1,1,1
SF,IC2012,2020-04-20 09:35:01.500,4957.2000,100,0,99885520.000,0,-,-,-,-,4958.2000,4958.0000,4957.2000,4957.0000,4955.0000,4962.4000,4978.6000,4988.0000,4997.8000,5010.0000,1,1,1,1,4,2,1,1,1,1
SF,IC2012,2020-04-20 09:35:02.000,4957.2000,100,0,99885520.000,0,-,-,-,-,4958.2000,4958.0000,4957.0000,4955.0000,4954.0000,4962.4000,4978.6000,4988.0000,4997.8000,5010.0000,1,1,1,4,2,2,1,1,1,1
SF,IC2012,2020-04-20 09:35:02.500,4957.2000,100,0,99885520.000,0,-,-,-,-,4958.8000,4958.2000,4958.0000,4957.0000,4955.0000,4962.4000,4978.6000,4988.0000,4997.8000,5010.0000,1,1,1,1,4,2,1,1,1,1
SF,IC2012,2020-04-20 09:35:03.000,4957.2000,100,0,99885520.000,0,-,-,-,-,4958.8000,4958.0000,4957.0000,4955.0000,4954.0000,4962.2000,4962.4000,4978.6000,4988.0000,4997.8000,1,1,1,4,2,1,2,1,1,1
SF,IC2012,2020-04-20 09:35:03.500,4962.2000,101,1,100877960.000,1,1,0,双开,S,4958.8000,4958.0000,4957.0000,4955.0000,4954.0000,4962.4000,4978.6000,4988.0000,4997.8000,5010.0000,1,1,1,4,2,2,1,1,1,1
SF,IC2012,2020-04-20 09:35:04.000,4962.2000,101,0,100877960.000,0,-,-,-,-,4958.0000,4957.0000,4955.0000,4954.0000,4953.0000,4962.0000,4962.4000,4978.6000,4988.0000,4997.8000,1,1,4,2,1,1,2,1,1,1
SF,IC2012,2020-04-20 09:35:04.500,4962.2000,101,0,100877960.000,0,-,-,-,-,4958.0000,4957.0000,4955.0000,4954.0000,4953.0000,4961.8000,4962.0000,4962.4000,4978.6000,4988.0000,1,1,4,2,1,1,1,2,1,1
SF,IC2012,2020-04-20 09:35:05.000,4962.2000,101,0,100877960.000,0,-,-,-,-,4958.0000,4957.0000,4955.0000,4954.0000,4953.0000,4961.6000,4961.8000,4962.0000,4962.4000,4978.6000,1,1,4,2,1,1,1,1,2,1
SF,IC2012,2020-04-20 09:35:05.500,4958.0000,102,1,101869560.000,1,1,0,双开,S,4957.0000,4955.0000,4954.0000,4953.0000,4950.0000,4961.6000,4961.8000,4962.0000,4962.4000,4978.6000,1,4,2,1,1,1,1,1,2,1
SF,IC2012,2020-04-20 09:35:06.000,4958.0000,102,0,101869560.000,0,-,-,-,-,4957.0000,4955.0000,4954.0000,4953.0000,4950.0000,4961.4000,4961.6000,4962.0000,4962.4000,4978.6000,1,4,2,1,1,1,1,1,2,1
SF,IC2012,2020-04-20 09:35:06.500,4958.0000,102,0,101869560.000,0,-,-,-,-,4958.0000,4957.0000,4955.0000,4954.0000,4953.0000,4961.4000,4961.6000,4962.0000,4962.4000,4978.6000,1,1,4,2,1,1,1,1,2,1
SF,IC2012,2020-04-20 09:35:07.000,4958.0000,102,0,101869560.000,0,-,-,-,-,4958.0000,4957.0000,4955.0000,4954.0000,4953.0000,4961.4000,4962.4000,4978.6000,4988.0000,4997.8000,1,1,4,2,1,1,2,1,1,1
SF,IC2012,2020-04-20 09:35:07.500,4958.0000,102,0,101869560.000,0,-,-,-,-,4958.2000,4958.0000,4957.0000,4955.0000,4954.0000,4961.4000,4962.4000,4978.6000,4988.0000,4997.8000,1,1,1,4,2,1,2,1,1,1
SF,IC2012,2020-04-20 09:35:08.000,4958.0000,102,0,101869560.000,0,-,-,-,-,4958.2000,4958.0000,4957.0000,4955.0000,4954.0000,4962.4000,4978.6000,4988.0000,4997.8000,5010.0000,1,1,1,4,2,2,1,1,1,1
SF,IC2012,2020-04-20 09:35:08.500,4958.0000,102,0,101869560.000,0,-,-,-,-,4958.0000,4957.0000,4955.0000,4954.0000,4953.0000,4962.4000,4978.6000,4988.0000,4997.8000,5010.0000,1,1,4,2,1,2,1,1,1,1
SF,IC2012,2020-04-20 09:35:09.000,4958.0000,102,0,101869560.000,0,-,-,-,-,4958.2000,4958.0000,4957.0000,4955.0000,4954.0000,4962.2000,4962.4000,4978.6000,4988.0000,4997.8000,1,1,1,4,2,1,2,1,1,1
SF,IC2012,2020-04-20 09:35:09.500,4958.0000,102,0,101869560.000,0,-,-,-,-,4958.0000,4957.0000,4955.0000,4954.0000,4953.0000,4962.0000,4962.2000,4962.4000,4978.6000,4988.0000,1,1,4,2,1,1,1,2,1,1
SF,IC2012,2020-04-20 09:35:10.000,4958.0000,102,0,101869560.000,0,-,-,-,-,4958.0000,4957.0000,4955.0000,4954.0000,4953.0000,4961.4000,4962.0000,4962.2000,4962.4000,4978.6000,1,1,4,2,1,1,1,1,2,1
SF,IC2012,2020-04-20 09:35:10.500,4958.0000,102,0,101869560.000,0,-,-,-,-,4958.0000,4957.0000,4955.0000,4954.0000,4953.0000,4961.4000,4962.0000,4962.2000,4962.4000,4978.6000,1,1,4,2,1,2,1,1,2,1
SF,IC2012,2020-04-20 09:35:11.000,4958.0000,102,0,101869560.000,0,-,-,-,-,4958.0000,4957.0000,4955.0000,4954.0000,4953.0000,4961.4000,4962.2000,4962.4000,4978.6000,4988.0000,1,1,4,2,1,2,1,2,1,1
SF,IC2012,2020-04-20 09:35:12.500,4958.0000,102,0,101869560.000,0,-,-,-,-,4960.0000,4958.0000,4957.0000,4955.0000,4954.0000,4961.0000,4961.4000,4962.4000,4978.6000,4988.0000,1,1,1,4,2,1,2,2,1,1
SF,IC2012,2020-04-20 09:35:13.500,4960.0000,103,1,102861560.000,1,1,0,双开,S,4958.0000,4957.0000,4955.0000,4954.0000,4953.0000,4960.0000,4961.0000,4961.4000,4962.4000,4978.6000,1,1,4,2,1,1,1,2,2,1
SF,IC2012,2020-04-20 09:35:14.000,4960.0000,103,0,102861560.000,0,-,-,-,-,4958.0000,4957.0000,4955.0000,4954.0000,4953.0000,4960.0000,4961.0000,4961.4000,4962.4000,4978.6000,1,1,4,2,1,1,1,1,2,1
SF,IC2012,2020-04-20 09:35:14.500,4960.0000,103,0,102861560.000,0,-,-,-,-,4958.0000,4957.0000,4955.0000,4954.0000,4953.0000,4961.0000,4961.4000,4962.4000,4978.6000,4988.0000,1,1,4,2,1,1,1,2,1,1
SF,IC2012,2020-04-20 09:35:15.000,4960.0000,103,0,102861560.000,0,-,-,-,-,4958.0000,4957.0000,4955.0000,4954.0000,4953.0000,4960.0000,4960.6000,4961.4000,4962.4000,4978.6000,1,1,4,2,1,1,1,1,2,1
SF,IC2012,2020-04-20 09:35:15.500,4958.0000,104,1,103853160.000,1,1,0,双开,S,4957.0000,4955.0000,4954.0000,4953.0000,4950.0000,4960.0000,4960.6000,4961.4000,4962.4000,4978.6000,1,4,2,1,1,2,1,1,2,1
SF,IC2012,2020-04-20 09:35:18.000,4958.0000,104,0,103853160.000,0,-,-,-,-,4957.0000,4955.0000,4954.0000,4953.0000,4950.0000,4959.6000,4960.0000,4961.4000,4962.4000,4978.6000,1,4,2,1,1,1,2,1,2,1
SF,IC2012,2020-04-20 09:35:18.500,4957.0000,105,1,104844560.000,1,1,0,双开,S,4955.0000,4954.0000,4953.0000,4950.0000,4948.8000,4959.6000,4960.0000,4961.4000,4962.4000,4978.6000,4,2,1,1,1,1,2,1,2,1
SF,IC2012,2020-04-20 09:35:19.500,4957.0000,105,0,104844560.000,0,-,-,-,-,4955.0000,4954.0000,4953.0000,4950.0000,4948.8000,4959.6000,4960.0000,4961.4000,4962.4000,4978.6000,4,2,1,1,1,1,1,1,2,1
SF,IC2012,2020-04-20 09:35:21.000,4957.0000,105,0,104844560.000,0,-,-,-,-,4955.0000,4954.0000,4953.0000,4950.0000,4948.8000,4959.6000,4960.0000,4961.4000,4962.4000,4978.6000,3,2,1,1,1,1,1,1,2,1
SF,IC2012,2020-04-20 09:35:21.500,4955.2000,106,1,105835600.000,1,1,0,双开,S,4955.0000,4954.0000,4953.0000,4950.0000,4948.8000,4959.6000,4961.4000,4962.4000,4978.6000,4988.0000,3,2,1,1,1,1,1,2,1,1
SF,IC2012,2020-04-20 09:35:22.000,4955.0000,107,1,106826600.000,1,1,0,双开,S,4955.0000,4954.0000,4953.0000,4950.0000,4948.8000,4959.4000,4959.6000,4961.4000,4962.4000,4978.6000,2,2,1,1,1,1,1,1,2,1
SF,IC2012,2020-04-20 09:35:22.500,4955.0000,107,0,106826600.000,0,-,-,-,-,4955.0000,4954.0000,4953.0000,4950.0000,4948.8000,4959.4000,4961.4000,4962.4000,4978.6000,4988.0000,2,2,1,1,1,1,1,2,1,1
SF,IC2012,2020-04-20 09:35:23.500,4955.0000,107,0,106826600.000,0,-,-,-,-,4955.0000,4954.0000,4953.0000,4950.0000,4948.8000,4959.0000,4959.2000,4959.4000,4961.4000,4962.4000,1,2,1,1,1,1,1,1,1,2
SF,IC2012,2020-04-20 09:35:24.000,4955.0000,107,0,106826600.000,0,-,-,-,-,4955.0000,4954.0000,4953.0000,4950.0000,4948.8000,4958.8000,4959.0000,4959.2000,4962.4000,4978.6000,1,2,1,1,1,1,2,1,2,1
SF,IC2012,2020-04-20 09:35:24.500,4958.8000,108,1,107818360.000,1,1,0,双开,S,4955.0000,4954.0000,4953.0000,4950.0000,4948.8000,4959.0000,4959.2000,4962.4000,4978.6000,4988.0000,1,2,1,1,1,2,1,2,1,1
SF,IC2012,2020-04-20 09:35:28.000,4958.8000,108,0,107818360.000,0,-,-,-,-,4955.0000,4954.0000,4953.0000,4950.0000,4948.8000,4958.6000,4959.0000,4959.2000,4962.4000,4978.6000,1,2,1,1,1,1,2,1,2,1
SF,IC2012,2020-04-20 09:35:28.500,4958.8000,108,0,107818360.000,0,-,-,-,-,4955.2000,4955.0000,4954.0000,4953.0000,4950.0000,4958.2000,4958.6000,4959.0000,4959.2000,4962.4000,1,1,2,1,1,1,1,1,1,2
SF,IC2012,2020-04-20 09:35:29.000,4958.8000,108,0,107818360.000,0,-,-,-,-,4955.2000,4955.0000,4954.0000,4953.0000,4950.0000,4958.2000,4959.0000,4959.2000,4962.4000,4978.6000,1,1,2,1,1,1,1,1,2,1
SF,IC2012,2020-04-20 09:35:29.500,4958.8000,108,0,107818360.000,0,-,-,-,-,4955.2000,4955.0000,4954.0000,4953.0000,4950.0000,4958.2000,4959.0000,4959.2000,4978.6000,4988.0000,1,1,2,1,1,1,1,1,1,1
SF,IC2012,2020-04-20 09:35:30.000,4958.2000,109,1,108810000.000,1,1,0,双开,S,4955.0000,4954.0000,4953.0000,4950.0000,4948.8000,4959.0000,4959.2000,4978.6000,4988.0000,4997.8000,1,2,1,1,1,1,1,1,1,1
SF,IC2012,2020-04-20 09:35:30.500,4958.2000,109,0,108810000.000,0,-,-,-,-,4955.2000,4955.0000,4954.0000,4953.0000,4950.0000,4959.0000,4959.2000,4978.6000,4988.0000,4997.8000,1,1,2,1,1,1,1,1,1,1
SF,IC2012,2020-04-20 09:35:31.000,4958.2000,109,0,108810000.000,0,-,-,-,-,4958.2000,4955.2000,4955.0000,4954.0000,4953.0000,4959.0000,4959.2000,4978.6000,4988.0000,4997.8000,1,1,1,2,1,1,1,1,1,1
SF,IC2012,2020-04-20 09:35:31.500,4958.2000,110,1,109801640.000,1,1,0,双开,S,4955.2000,4955.0000,4954.0000,4953.0000,4950.0000,4959.0000,4959.2000,4978.6000,4988.0000,4997.8000,1,1,2,1,1,1,1,1,1,1
SF,IC2012,2020-04-20 09:35:32.000,4958.2000,110,0,109801640.000,0,-,-,-,-,4955.2000,4955.0000,4954.0000,4953.0000,4951.0000,4959.0000,4959.2000,4978.6000,4988.0000,4997.8000,1,1,2,1,1,1,1,1,1,1
SF,IC2012,2020-04-20 09:35:32.500,4959.0000,111,1,110793440.000,1,1,0,双开,S,4956.0000,4955.4000,4955.0000,4954.0000,4953.0000,4959.2000,4978.6000,4988.0000,4997.8000,5010.0000,1,1,1,2,1,1,1,1,1,1
SF,IC2012,2020-04-20 09:35:33.000,4959.2000,112,1,111785280.000,1,1,0,双开,S,4956.0000,4955.4000,4955.0000,4954.0000,4953.0000,4978.6000,4988.0000,4997.8000,5010.0000,5032.8000,1,1,1,2,1,1,1,1,1,1
SF,IC2012,2020-04-20 09:35:33.500,4959.2000,112,0,111785280.000,0,-,-,-,-,4956.0000,4955.4000,4955.0000,4954.0000,4953.0000,4973.2000,4978.4000,4978.6000,4988.0000,4997.8000,1,1,1,2,1,1,1,1,1,1
SF,IC2012,2020-04-20 09:35:34.000,4959.2000,112,0,111785280.000,0,-,-,-,-,4957.0000,4956.2000,4956.0000,4955.0000,4954.0000,4973.0000,4973.2000,4978.6000,4988.0000,4997.8000,1,1,1,1,2,1,1,1,1,1
SF,IC2012,2020-04-20 09:35:34.500,4957.2000,113,1,112776720.000,1,1,0,双开,S,4957.0000,4956.0000,4955.0000,4954.0000,4953.0000,4969.4000,4973.0000,4973.2000,4978.6000,4988.0000,1,1,1,2,1,1,1,1,1,1
SF,IC2012,2020-04-20 09:35:35.000,4957.2000,113,0,112776720.000,0,-,-,-,-,4957.0000,4956.0000,4955.0000,4954.0000,4953.0000,4969.2000,4969.4000,4973.2000,4978.6000,4988.0000,1,1,1,2,1,1,1,1,1,1
SF,IC2012,2020-04-20 09:35:35.500,4957.2000,113,0,112776720.000,0,-,-,-,-,4957.2000,4957.0000,4956.0000,4955.0000,4954.0000,4968.4000,4969.2000,4969.4000,4973.2000,4978.6000,1,1,1,1,2,1,1,1,1,1
SF,IC2012,2020-04-20 09:35:36.000,4957.2000,113,0,112776720.000,0,-,-,-,-,4957.2000,4956.0000,4955.0000,4954.0000,4953.0000,4968.0000,4968.2000,4968.4000,4969.4000,4973.2000,3,1,1,2,1,1,2,1,1,1
SF,IC2012,2020-04-20 09:35:36.500,4957.2000,113,0,112776720.000,0,-,-,-,-,4957.2000,4956.0000,4955.0000,4954.0000,4953.0000,4966.6000,4967.8000,4968.0000,4968.2000,4973.2000,2,1,1,2,1,1,1,1,1,1
SF,IC2012,2020-04-20 09:35:37.000,4957.2000,113,0,112776720.000,0,-,-,-,-,4957.2000,4956.0000,4955.0000,4954.0000,4953.0000,4965.0000,4965.8000,4966.2000,4966.4000,4966.6000,2,1,1,2,1,1,1,1,1,1
