市场代码,合约代码,时间,最新,持仓,增仓,成交额,成交量,开仓,平仓,成交类型,方向,买一价,买二价,买三价,买四价,买五价,卖一价,卖二价,卖三价,卖四价,卖五价,买一量,买二量,买三量,买四量,买五量,卖一量,卖二量,卖三量,卖四量,卖五量
SF,IC2012,2020-05-20 09:29:00.100,5118.8000,14177,0,1023760.000,1.000,-,-,-,-,5115.2000,5112.0000,5105.0000,5103.8000,5103.0000,5119.0000,5129.0000,5130.0000,5136.8000,5139.8000,1,1,2,1,1,1,5,5,1,1
SF,IC2012,2020-05-20 09:30:00.100,5119.0000,14177,0,2047560.000,1,0,1,多换,S,5119.0000,5115.6000,5115.4000,5115.2000,5112.0000,5129.0000,5130.0000,5136.8000,5139.8000,5145.0000,1,2,4,1,1,5,5,1,1,1
SF,IC2012,2020-05-20 09:30:00.600,5119.0000,14176,-1,3071360.000,1,0,1,双平,S,5119.2000,5119.0000,5115.6000,5115.4000,5115.2000,5126.4000,5127.2000,5128.8000,5129.0000,5130.0000,2,1,2,1,1,1,1,2,5,5
SF,IC2012,2020-05-20 09:30:01.100,5119.0000,14176,0,3071360.000,0,-,-,-,-,5119.4000,5119.2000,5119.0000,5115.6000,5115.2000,5126.2000,5129.0000,5130.0000,5133.0000,5135.8000,1,2,1,7,1,2,5,5,5,1
SF,IC2012,2020-05-20 09:30:01.600,5119.0000,14176,0,3071360.000,0,-,-,-,-,5119.8000,5119.6000,5119.4000,5119.0000,5115.6000,5126.4000,5129.0000,5130.0000,5133.0000,5135.8000,1,2,2,1,7,1,5,5,5,1
SF,IC2012,2020-05-20 09:30:02.100,5119.0000,14176,0,3071360.000,0,-,-,-,-,5121.6000,5120.0000,5119.8000,5119.4000,5119.0000,5129.0000,5130.0000,5133.0000,5135.8000,5136.8000,1,5,1,1,1,5,5,5,1,1
SF,IC2012,2020-05-20 09:30:02.600,5119.0000,14177,1,9214160.000,6,3,3,空开,S,5121.8000,5119.8000,5119.4000,5119.2000,5119.0000,5128.8000,5129.0000,5130.0000,5133.0000,5135.8000,1,1,1,1,1,3,5,5,5,1
SF,IC2012,2020-05-20 09:30:03.100,5119.8000,14178,1,10238120.000,1,1,0,双开,S,5121.8000,5119.8000,5119.4000,5119.2000,5119.0000,5128.8000,5129.0000,5130.0000,5133.0000,5135.8000,1,1,1,1,1,3,5,5,5,1
SF,IC2012,2020-05-20 09:30:03.600,5119.8000,14178,0,10238120.000,0,-,-,-,-,5122.4000,5122.2000,5121.8000,5120.8000,5119.8000,5126.4000,5128.8000,5129.0000,5130.0000,5133.0000,1,1,1,1,1,1,3,5,5,5
SF,IC2012,2020-05-20 09:30:04.100,5119.8000,14178,0,10238120.000,0,-,-,-,-,5123.0000,5122.6000,5122.4000,5122.2000,5121.8000,5126.2000,5126.4000,5127.6000,5128.2000,5129.0000,1,1,1,1,1,3,1,1,1,5
SF,IC2012,2020-05-20 09:30:04.600,5122.8000,14177,-1,11262680.000,1,0,1,双平,S,5123.2000,5122.8000,5122.4000,5121.8000,5121.4000,5126.2000,5126.4000,5127.6000,5128.2000,5129.0000,1,1,1,1,1,3,1,1,1,5
SF,IC2012,2020-05-20 09:30:05.100,5121.8000,14174,-3,14336160.000,3,0,3,双平,S,5121.4000,5119.4000,5119.0000,5115.6000,5115.2000,5126.2000,5127.6000,5128.2000,5129.0000,5130.0000,1,1,1,7,1,3,1,1,5,5
SF,IC2012,2020-05-20 09:30:05.600,5121.8000,14174,0,14336160.000,0,-,-,-,-,5122.0000,5121.4000,5119.4000,5119.0000,5115.6000,5125.4000,5126.2000,5126.4000,5127.6000,5128.2000,1,1,1,1,7,5,3,1,1,1
SF,IC2012,2020-05-20 09:30:06.100,5121.8000,14174,0,14336160.000,0,-,-,-,-,5122.2000,5122.0000,5121.4000,5119.8000,5119.4000,5122.4000,5125.2000,5125.4000,5128.2000,5129.0000,2,1,1,1,1,1,5,5,1,5
SF,IC2012,2020-05-20 09:30:06.600,5122.4000,14174,0,15360640.000,1,0,1,多换,S,5122.4000,5122.2000,5122.0000,5121.4000,5119.8000,5125.2000,5125.4000,5128.2000,5129.0000,5130.0000,2,2,1,1,1,5,5,1,5,5
SF,IC2012,2020-05-20 09:30:07.100,5122.6000,14171,-3,19460280.000,4,0,4,多平,S,5122.4000,5122.2000,5122.0000,5119.8000,5119.4000,5125.0000,5125.4000,5128.2000,5129.0000,5130.0000,2,1,1,1,1,1,5,1,5,5
SF,IC2012,2020-05-20 09:30:07.600,5125.0000,14170,-1,20485280.000,1,0,1,双平,S,5125.0000,5123.0000,5122.6000,5122.4000,5122.2000,5125.4000,5129.0000,5130.0000,5133.0000,5135.8000,1,1,1,1,1,5,5,5,5,1
SF,IC2012,2020-05-20 09:30:08.100,5125.0000,14169,-1,21510280.000,1,0,1,双平,S,5123.0000,5122.6000,5122.4000,5122.2000,5122.0000,5125.4000,5129.0000,5130.0000,5133.0000,5135.8000,1,1,1,1,1,5,5,5,5,1
SF,IC2012,2020-05-20 09:30:09.100,5123.0000,14169,0,22534880.000,1,0,1,多换,S,5122.6000,5122.4000,5122.2000,5119.0000,5115.6000,5125.4000,5129.0000,5130.0000,5133.0000,5135.8000,1,1,1,1,7,5,5,5,5,1
SF,IC2012,2020-05-20 09:30:09.600,5123.0000,14169,0,22534880.000,0,-,-,-,-,5122.6000,5122.2000,5119.0000,5115.6000,5115.2000,5125.4000,5129.0000,5130.0000,5133.0000,5135.8000,1,1,1,7,1,5,5,5,5,1
SF,IC2012,2020-05-20 09:30:10.100,5122.2000,14169,0,24583840.000,2,1,1,多换,S,5119.0000,5115.6000,5115.2000,5111.2000,5110.2000,5121.4000,5125.2000,5125.4000,5129.0000,5130.0000,1,7,1,1,1,5,1,5,5,5
SF,IC2012,2020-05-20 09:30:10.600,5121.4000,14169,0,29705240.000,5,2,3,多换,S,5121.4000,5119.0000,5115.6000,5115.2000,5111.2000,5125.2000,5125.4000,5126.4000,5129.0000,5130.0000,4,2,7,1,1,1,5,1,5,5
SF,IC2012,2020-05-20 09:30:11.100,5121.4000,14169,0,29705240.000,0,-,-,-,-,5121.4000,5120.6000,5119.0000,5115.6000,5115.2000,5125.0000,5125.2000,5125.4000,5126.4000,5129.0000,3,1,2,7,1,2,1,5,1,5
SF,IC2012,2020-05-20 09:30:11.600,5121.4000,14169,0,29705240.000,0,-,-,-,-,5119.0000,5115.6000,5115.2000,5111.2000,5110.2000,5123.0000,5124.8000,5125.0000,5125.4000,5125.6000,2,7,1,1,1,1,1,2,5,1
SF,IC2012,2020-05-20 09:30:12.100,5123.0000,14168,-1,32779040.000,3,1,2,多平,S,5121.4000,5119.0000,5115.6000,5115.2000,5111.2000,5125.0000,5125.4000,5125.6000,5126.4000,5129.0000,1,2,7,1,1,2,5,1,1,5
SF,IC2012,2020-05-20 09:30:12.600,5121.4000,14168,0,33803320.000,1,0,1,多换,S,5119.0000,5115.6000,5115.2000,5111.2000,5110.2000,5123.0000,5123.2000,5125.0000,5125.4000,5125.6000,2,7,1,1,1,1,1,2,5,1
SF,IC2012,2020-05-20 09:30:13.100,5121.4000,14167,-1,34827600.000,1,0,1,双平,S,5119.0000,5115.6000,5115.2000,5111.2000,5110.2000,5121.4000,5123.0000,5125.0000,5125.4000,5125.6000,2,7,1,1,1,1,1,2,5,1
SF,IC2012,2020-05-20 09:30:13.600,5121.4000,14167,0,34827600.000,0,-,-,-,-,5121.4000,5119.0000,5115.6000,5115.2000,5111.2000,5123.0000,5124.6000,5125.0000,5125.4000,5125.6000,2,4,7,1,1,1,1,2,5,1
SF,IC2012,2020-05-20 09:30:14.100,5123.0000,14167,0,35852200.000,1,0,1,多换,S,5119.4000,5119.0000,5115.6000,5115.2000,5111.2000,5124.6000,5125.0000,5125.4000,5125.6000,5126.4000,1,4,7,1,1,1,2,5,1,1
SF,IC2012,2020-05-20 09:30:14.600,5123.0000,14167,0,35852200.000,0,-,-,-,-,5119.4000,5119.0000,5115.6000,5115.2000,5111.2000,5121.4000,5122.2000,5124.4000,5124.6000,5125.0000,1,4,7,1,1,1,1,1,1,1
SF,IC2012,2020-05-20 09:30:15.100,5121.6000,14167,0,36876520.000,1,0,1,多换,S,5121.4000,5119.4000,5119.0000,5115.6000,5115.2000,5122.2000,5124.4000,5124.6000,5125.0000,5125.4000,3,1,4,7,1,1,1,1,1,5
SF,IC2012,2020-05-20 09:30:15.600,5122.2000,14167,0,37900960.000,1,0,1,多换,S,5122.2000,5121.4000,5119.4000,5119.0000,5115.6000,5124.4000,5124.6000,5125.0000,5125.4000,5125.6000,2,1,1,2,7,1,1,1,5,1
SF,IC2012,2020-05-20 09:30:16.100,5122.2000,14167,0,38925400.000,1,0,1,多换,S,5119.4000,5119.0000,5115.6000,5115.2000,5111.2000,5122.2000,5124.4000,5124.6000,5125.0000,5125.4000,1,2,7,1,1,1,1,1,1,5
SF,IC2012,2020-05-20 09:30:16.600,5122.2000,14166,-1,39949840.000,1,0,1,双平,S,5122.2000,5119.4000,5119.0000,5115.6000,5115.2000,5124.4000,5124.6000,5125.0000,5125.4000,5125.6000,2,1,2,7,1,1,1,1,5,1
SF,IC2012,2020-05-20 09:30:17.100,5122.2000,14164,-2,41998720.000,2,0,2,双平,S,5119.4000,5119.0000,5115.6000,5115.2000,5111.2000,5122.2000,5124.4000,5124.6000,5125.0000,5125.4000,1,2,7,1,1,1,1,2,1,5
SF,IC2012,2020-05-20 09:30:17.600,5122.2000,14164,0,43023160.000,1,0,1,多换,S,5119.4000,5119.0000,5115.6000,5115.2000,5111.2000,5124.0000,5124.4000,5124.6000,5125.0000,5125.4000,1,2,7,1,1,1,1,1,1,5
SF,IC2012,2020-05-20 09:30:18.100,5122.2000,14164,0,43023160.000,0,-,-,-,-,5119.0000,5115.6000,5115.2000,5111.2000,5110.2000,5123.8000,5124.0000,5124.6000,5125.4000,5125.6000,2,7,1,1,1,2,1,1,5,1
SF,IC2012,2020-05-20 09:30:18.600,5122.2000,14164,0,43023160.000,0,-,-,-,-,5119.0000,5115.6000,5115.2000,5111.2000,5110.2000,5123.6000,5123.8000,5124.6000,5125.4000,5125.6000,1,7,1,1,1,1,2,1,5,1
SF,IC2012,2020-05-20 09:30:19.100,5122.2000,14164,0,43023160.000,0,-,-,-,-,5119.0000,5115.6000,5115.2000,5111.2000,5110.2000,5123.4000,5123.6000,5124.6000,5125.4000,5125.6000,1,7,1,1,1,2,1,2,5,1
SF,IC2012,2020-05-20 09:30:19.600,5122.2000,14164,0,43023160.000,0,-,-,-,-,5119.0000,5115.6000,5115.2000,5111.2000,5110.2000,5123.4000,5123.6000,5124.6000,5125.4000,5125.6000,1,7,1,1,1,2,1,2,5,1
SF,IC2012,2020-05-20 09:30:21.100,5122.2000,14164,0,43023160.000,0,-,-,-,-,5119.0000,5115.6000,5115.2000,5111.2000,5110.2000,5123.4000,5123.6000,5124.6000,5125.4000,5125.6000,1,7,1,1,1,2,1,2,5,1
SF,IC2012,2020-05-20 09:30:21.600,5122.2000,14164,0,43023160.000,0,-,-,-,-,5119.2000,5119.0000,5115.6000,5115.2000,5111.2000,5123.4000,5123.6000,5124.6000,5125.4000,5125.6000,1,1,7,1,1,2,1,2,5,1
SF,IC2012,2020-05-20 09:30:22.100,5122.2000,14164,0,43023160.000,0,-,-,-,-,5119.2000,5119.0000,5115.6000,5115.2000,5111.2000,5122.8000,5123.4000,5123.6000,5124.6000,5125.2000,1,1,7,1,1,1,2,1,2,1
SF,IC2012,2020-05-20 09:30:22.600,5122.2000,14164,0,43023160.000,0,-,-,-,-,5119.2000,5119.0000,5115.6000,5115.2000,5111.2000,5122.8000,5123.4000,5123.6000,5124.6000,5125.2000,1,1,7,1,1,1,2,1,2,1
SF,IC2012,2020-05-20 09:30:23.100,5122.2000,14164,0,43023160.000,0,-,-,-,-,5119.2000,5119.0000,5115.6000,5115.2000,5111.2000,5122.6000,5122.8000,5123.4000,5123.6000,5124.6000,1,1,7,1,1,1,7,1,1,2
SF,IC2012,2020-05-20 09:30:23.600,5122.2000,14164,0,43023160.000,0,-,-,-,-,5119.2000,5119.0000,5115.6000,5115.2000,5111.2000,5122.6000,5122.8000,5123.6000,5124.6000,5125.2000,1,1,7,1,1,1,7,1,2,1
SF,IC2012,2020-05-20 09:30:24.100,5122.2000,14164,0,43023160.000,0,-,-,-,-,5119.2000,5119.0000,5115.6000,5115.2000,5111.2000,5122.6000,5122.8000,5123.6000,5124.6000,5125.2000,1,1,7,1,1,1,6,1,2,1
SF,IC2012,2020-05-20 09:30:24.600,5122.2000,14164,0,43023160.000,0,-,-,-,-,5119.2000,5119.0000,5115.6000,5115.2000,5111.2000,5122.2000,5122.6000,5122.8000,5123.6000,5124.6000,1,1,7,1,1,1,1,6,2,2
SF,IC2012,2020-05-20 09:30:25.100,5122.2000,14164,0,43023160.000,0,-,-,-,-,5119.2000,5119.0000,5115.6000,5115.2000,5111.2000,5122.2000,5122.6000,5122.8000,5123.6000,5124.6000,1,1,7,1,1,1,1,6,2,2
SF,IC2012,2020-05-20 09:30:25.600,5119.2000,14164,0,44047000.000,1,0,1,多换,S,5119.0000,5115.6000,5115.2000,5111.2000,5110.2000,5122.0000,5122.6000,5122.8000,5123.6000,5124.6000,1,7,1,1,1,1,1,6,2,2
SF,IC2012,2020-05-20 09:30:26.600,5119.2000,14164,0,44047000.000,0,-,-,-,-,5115.6000,5115.2000,5111.2000,5110.2000,5110.0000,5122.0000,5122.6000,5122.8000,5123.6000,5124.6000,7,1,1,1,1,1,1,6,2,2
SF,IC2012,2020-05-20 09:30:27.100,5121.8000,14164,0,45071360.000,1,0,1,多换,S,5117.6000,5116.8000,5115.6000,5115.2000,5111.2000,5122.0000,5122.6000,5122.8000,5123.6000,5124.6000,2,1,8,1,1,1,2,6,2,2
SF,IC2012,2020-05-20 09:30:27.600,5122.0000,14163,-1,46095760.000,1,0,1,双平,S,5117.8000,5117.6000,5116.8000,5115.6000,5115.2000,5122.6000,5122.8000,5123.6000,5124.6000,5125.2000,2,1,1,7,1,2,6,2,2,2
SF,IC2012,2020-05-20 09:30:28.100,5122.6000,14161,-2,48144800.000,2,0,2,双平,S,5119.0000,5118.0000,5117.8000,5117.6000,5116.8000,5122.8000,5123.6000,5124.6000,5125.2000,5125.4000,1,1,2,1,1,6,2,2,1,5
SF,IC2012,2020-05-20 09:30:28.600,5122.6000,14161,0,48144800.000,0,-,-,-,-,5119.2000,5119.0000,5117.6000,5116.8000,5115.6000,5122.8000,5123.6000,5124.6000,5125.2000,5125.4000,3,1,1,1,7,6,2,2,1,5
SF,IC2012,2020-05-20 09:30:29.600,5122.6000,14161,0,48144800.000,0,-,-,-,-,5119.2000,5119.0000,5117.6000,5116.8000,5115.6000,5120.0000,5123.6000,5124.6000,5125.2000,5125.4000,3,1,1,1,7,6,1,2,1,5
SF,IC2012,2020-05-20 09:30:30.100,5120.0000,14165,4,52240800.000,4,4,0,双开,S,5119.2000,5119.0000,5117.6000,5116.8000,5115.6000,5120.0000,5122.4000,5123.6000,5124.6000,5125.2000,1,1,1,1,7,2,1,1,2,1
SF,IC2012,2020-05-20 09:30:30.600,5119.0000,14166,1,56336440.000,4,2,2,空开,S,5117.6000,5116.8000,5115.6000,5115.2000,5111.2000,5122.4000,5123.6000,5124.6000,5125.2000,5125.4000,1,1,2,1,1,1,1,2,1,5
SF,IC2012,2020-05-20 09:30:31.100,5119.0000,14166,0,56336440.000,0,-,-,-,-,5117.8000,5117.6000,5116.8000,5115.6000,5115.2000,5121.6000,5122.4000,5123.6000,5124.6000,5125.2000,2,1,1,3,1,1,2,1,2,1
SF,IC2012,2020-05-20 09:30:31.600,5119.0000,14166,0,56336440.000,0,-,-,-,-,5117.8000,5117.6000,5116.8000,5115.6000,5115.2000,5122.4000,5123.6000,5124.6000,5125.2000,5125.4000,2,1,1,3,1,1,1,2,1,5
SF,IC2012,2020-05-20 09:30:32.100,5119.0000,14166,0,56336440.000,0,-,-,-,-,5117.8000,5117.6000,5116.8000,5115.6000,5115.2000,5121.2000,5121.4000,5122.4000,5123.6000,5124.6000,2,1,1,3,1,1,1,1,1,2
SF,IC2012,2020-05-20 09:30:33.100,5119.0000,14166,0,56336440.000,0,-,-,-,-,5117.8000,5117.6000,5116.8000,5115.6000,5115.2000,5121.2000,5121.4000,5122.4000,5123.6000,5124.6000,2,1,1,3,2,1,1,1,1,2
SF,IC2012,2020-05-20 09:30:33.600,5117.8000,14166,0,57360000.000,1,0,1,多换,S,5117.6000,5116.8000,5115.6000,5115.2000,5111.2000,5121.2000,5121.4000,5122.4000,5123.6000,5124.6000,1,1,3,2,1,1,1,1,1,2
SF,IC2012,2020-05-20 09:30:34.100,5117.8000,14166,0,57360000.000,0,-,-,-,-,5117.6000,5116.8000,5115.6000,5115.2000,5111.2000,5121.2000,5122.4000,5123.6000,5124.6000,5125.2000,1,1,3,2,1,1,1,1,2,1
SF,IC2012,2020-05-20 09:30:34.600,5117.8000,14166,0,57360000.000,0,-,-,-,-,5117.6000,5116.8000,5115.6000,5115.2000,5111.2000,5121.0000,5121.2000,5122.4000,5123.6000,5124.6000,1,1,3,2,1,1,1,1,1,2
SF,IC2012,2020-05-20 09:30:35.100,5117.8000,14166,0,57360000.000,0,-,-,-,-,5116.8000,5115.6000,5115.2000,5111.2000,5110.2000,5121.0000,5121.2000,5122.4000,5123.6000,5124.6000,1,3,2,1,1,1,1,1,1,2
SF,IC2012,2020-05-20 09:30:35.600,5120.8000,14165,-1,58384160.000,1,0,1,双平,S,5116.8000,5115.6000,5115.2000,5111.2000,5110.2000,5117.6000,5121.0000,5121.2000,5123.6000,5124.6000,2,3,2,1,1,1,1,1,1,2
SF,IC2012,2020-05-20 09:30:36.100,5121.0000,14166,1,60431880.000,2,1,1,空开,S,5117.8000,5117.6000,5116.8000,5115.6000,5115.2000,5121.2000,5123.6000,5124.6000,5125.2000,5125.4000,7,2,2,3,2,1,1,2,1,5
SF,IC2012,2020-05-20 09:30:36.600,5121.0000,14166,0,60431880.000,0,-,-,-,-,5117.8000,5117.6000,5116.8000,5115.6000,5115.2000,5120.0000,5121.2000,5123.6000,5124.6000,5125.2000,7,3,2,3,2,5,1,1,2,1
SF,IC2012,2020-05-20 09:30:37.100,5120.0000,14166,0,64527880.000,4,2,2,多换,S,5117.8000,5117.6000,5116.8000,5115.6000,5115.2000,5120.0000,5121.2000,5123.6000,5124.6000,5125.2000,7,1,1,3,2,1,1,1,2,1
SF,IC2012,2020-05-20 09:30:37.600,5120.0000,14166,0,65551880.000,1,0,1,多换,S,5117.8000,5117.6000,5116.8000,5115.6000,5115.2000,5121.2000,5123.6000,5124.6000,5125.2000,5126.0000,7,1,1,3,2,1,1,2,1,1
SF,IC2012,2020-05-20 09:30:38.100,5120.0000,14166,0,65551880.000,0,-,-,-,-,5117.8000,5117.6000,5116.8000,5115.6000,5115.2000,5118.8000,5121.2000,5123.6000,5124.6000,5125.2000,7,1,1,2,2,1,1,1,2,1
SF,IC2012,2020-05-20 09:30:38.600,5120.0000,14166,0,65551880.000,0,-,-,-,-,5118.8000,5117.8000,5117.6000,5116.8000,5115.6000,5121.2000,5123.6000,5124.6000,5125.2000,5126.0000,2,7,1,1,2,1,1,2,1,1
SF,IC2012,2020-05-20 09:30:39.100,5120.0000,14166,0,65551880.000,0,-,-,-,-,5118.8000,5117.8000,5117.6000,5117.4000,5115.6000,5121.2000,5123.6000,5124.6000,5125.2000,5126.0000,1,7,1,2,2,1,1,2,1,1
SF,IC2012,2020-05-20 09:30:39.600,5119.0000,14166,0,66575680.000,1,0,1,多换,S,5117.8000,5117.6000,5117.4000,5115.6000,5115.2000,5119.4000,5121.2000,5123.6000,5124.6000,5125.2000,7,1,2,2,2,1,1,1,2,1
SF,IC2012,2020-05-20 09:30:40.100,5119.4000,14165,-1,67599560.000,1,0,1,双平,S,5119.6000,5119.4000,5117.8000,5117.6000,5117.4000,5121.2000,5123.6000,5124.6000,5125.2000,5126.0000,2,1,7,1,2,1,1,2,1,1
SF,IC2012,2020-05-20 09:30:40.600,5119.4000,14165,0,67599560.000,0,-,-,-,-,5119.6000,5119.4000,5117.8000,5117.6000,5117.4000,5120.8000,5121.2000,5123.6000,5124.6000,5125.2000,2,1,7,1,2,1,1,1,2,1
SF,IC2012,2020-05-20 09:30:41.100,5120.8000,14164,-1,68623720.000,1,0,1,双平,S,5119.6000,5119.4000,5117.8000,5117.6000,5117.4000,5121.2000,5123.6000,5124.6000,5125.2000,5126.0000,2,1,7,1,2,1,1,2,1,1
SF,IC2012,2020-05-20 09:30:41.600,5120.8000,14164,0,68623720.000,0,-,-,-,-,5119.6000,5119.4000,5117.8000,5117.6000,5117.4000,5121.2000,5123.6000,5124.6000,5125.2000,5126.0000,2,1,7,1,2,2,1,2,1,1
SF,IC2012,2020-05-20 09:30:42.100,5120.8000,14164,0,68623720.000,0,-,-,-,-,5119.6000,5119.4000,5117.8000,5117.6000,5117.4000,5121.2000,5123.6000,5124.6000,5125.2000,5126.0000,2,1,7,1,2,2,1,2,1,1
SF,IC2012,2020-05-20 09:30:43.100,5121.2000,14164,0,70672200.000,2,1,1,多换,S,5119.6000,5119.4000,5117.8000,5117.6000,5117.4000,5123.6000,5124.6000,5125.2000,5126.0000,5126.4000,2,1,7,1,2,1,2,1,1,1
SF,IC2012,2020-05-20 09:30:43.600,5121.2000,14164,0,70672200.000,0,-,-,-,-,5119.8000,5119.6000,5119.4000,5117.8000,5117.6000,5121.6000,5123.4000,5123.6000,5124.6000,5125.2000,1,2,1,7,1,1,2,1,2,1
SF,IC2012,2020-05-20 09:30:44.100,5121.2000,14164,0,70672200.000,0,-,-,-,-,5119.6000,5119.4000,5117.8000,5117.6000,5117.4000,5121.6000,5123.4000,5123.6000,5124.6000,5125.2000,2,1,7,1,2,1,2,1,2,1
SF,IC2012,2020-05-20 09:30:45.100,5121.2000,14164,0,70672200.000,0,-,-,-,-,5119.6000,5119.4000,5117.8000,5117.6000,5117.4000,5121.6000,5123.4000,5123.6000,5124.6000,5125.2000,2,1,7,1,2,1,2,1,2,1
SF,IC2012,2020-05-20 09:30:46.100,5121.2000,14164,0,70672200.000,0,-,-,-,-,5119.6000,5119.4000,5117.8000,5117.6000,5117.4000,5123.4000,5123.6000,5124.6000,5125.2000,5126.0000,2,1,7,1,2,2,1,2,1,1
SF,IC2012,2020-05-20 09:30:46.600,5121.2000,14164,0,70672200.000,0,-,-,-,-,5119.8000,5119.6000,5119.4000,5117.8000,5117.6000,5123.4000,5123.6000,5124.6000,5125.2000,5126.0000,1,2,1,7,1,2,1,2,1,1
SF,IC2012,2020-05-20 09:30:47.100,5121.2000,14164,0,70672200.000,0,-,-,-,-,5119.8000,5119.6000,5119.4000,5117.8000,5117.6000,5123.4000,5123.6000,5124.6000,5125.2000,5126.0000,1,2,1,7,1,2,1,2,1,1
SF,IC2012,2020-05-20 09:30:48.600,5119.8000,14163,-1,71696160.000,1,0,1,双平,S,5119.6000,5119.4000,5117.8000,5117.6000,5117.4000,5123.2000,5123.4000,5123.6000,5124.6000,5125.2000,2,1,7,1,2,1,2,1,2,1
SF,IC2012,2020-05-20 09:30:49.100,5119.8000,14163,0,71696160.000,0,-,-,-,-,5119.4000,5117.8000,5117.6000,5117.4000,5115.2000,5123.0000,5123.2000,5123.6000,5124.6000,5125.2000,1,7,1,2,2,2,1,1,2,1
SF,IC2012,2020-05-20 09:30:49.600,5119.8000,14163,0,71696160.000,0,-,-,-,-,5119.4000,5117.8000,5117.6000,5117.4000,5115.2000,5122.8000,5123.0000,5123.6000,5124.6000,5125.2000,1,7,1,2,2,1,2,1,2,1
SF,IC2012,2020-05-20 09:30:50.100,5119.8000,14163,0,71696160.000,0,-,-,-,-,5119.4000,5117.8000,5117.6000,5117.4000,5115.2000,5121.2000,5122.6000,5122.8000,5123.6000,5124.6000,1,7,1,2,2,1,2,1,1,2
SF,IC2012,2020-05-20 09:30:50.600,5119.8000,14163,0,71696160.000,0,-,-,-,-,5119.4000,5117.8000,5117.6000,5117.4000,5115.2000,5122.6000,5122.8000,5123.6000,5124.6000,5125.2000,1,7,1,2,2,2,1,1,2,1
SF,IC2012,2020-05-20 09:30:51.100,5119.8000,14163,0,71696160.000,0,-,-,-,-,5119.4000,5117.8000,5117.6000,5117.4000,5115.2000,5121.6000,5122.4000,5122.6000,5123.6000,5124.6000,1,7,1,2,2,1,1,2,1,2
SF,IC2012,2020-05-20 09:30:51.600,5119.8000,14163,0,71696160.000,0,-,-,-,-,5119.4000,5117.8000,5117.6000,5117.4000,5115.2000,5122.4000,5122.6000,5123.6000,5124.6000,5125.2000,1,7,1,2,2,1,1,1,2,1
SF,IC2012,2020-05-20 09:30:52.100,5119.8000,14163,0,71696160.000,0,-,-,-,-,5119.4000,5117.8000,5117.6000,5117.4000,5115.2000,5121.6000,5122.2000,5122.4000,5123.6000,5124.6000,1,7,1,2,2,1,2,1,1,2
SF,IC2012,2020-05-20 09:30:52.600,5119.8000,14163,0,71696160.000,0,-,-,-,-,5119.4000,5117.8000,5117.6000,5117.4000,5115.2000,5121.4000,5121.6000,5122.4000,5123.6000,5124.6000,1,7,1,2,2,2,1,1,1,2
SF,IC2012,2020-05-20 09:30:54.600,5119.8000,14163,0,71696160.000,0,-,-,-,-,5117.8000,5117.6000,5117.4000,5115.2000,5115.0000,5121.4000,5122.4000,5123.6000,5124.6000,5125.2000,7,1,2,2,1,2,1,1,2,1
SF,IC2012,2020-05-20 09:30:55.100,5119.8000,14163,0,71696160.000,0,-,-,-,-,5117.8000,5117.6000,5117.4000,5115.2000,5115.0000,5121.2000,5121.4000,5121.6000,5123.6000,5124.6000,7,1,2,2,1,1,2,1,1,2
SF,IC2012,2020-05-20 09:30:55.600,5119.8000,14163,0,71696160.000,0,-,-,-,-,5117.8000,5117.6000,5117.4000,5115.2000,5115.0000,5121.0000,5121.2000,5121.6000,5123.6000,5124.6000,7,1,2,2,1,2,1,1,1,2
SF,IC2012,2020-05-20 09:30:56.100,5119.8000,14163,0,71696160.000,0,-,-,-,-,5117.8000,5117.6000,5117.4000,5115.2000,5115.0000,5120.8000,5121.0000,5121.6000,5123.6000,5124.6000,7,1,2,2,1,1,2,1,1,2
SF,IC2012,2020-05-20 09:30:56.600,5119.8000,14163,0,71696160.000,0,-,-,-,-,5117.8000,5117.6000,5117.4000,5115.2000,5115.0000,5120.6000,5120.8000,5121.0000,5121.6000,5123.6000,7,1,2,2,1,1,1,1,1,1
SF,IC2012,2020-05-20 09:30:57.100,5119.8000,14163,0,71696160.000,0,-,-,-,-,5118.0000,5117.8000,5117.6000,5117.4000,5115.2000,5120.4000,5120.6000,5121.0000,5121.6000,5123.6000,1,7,1,2,2,1,1,1,1,1
SF,IC2012,2020-05-20 09:30:59.100,5120.4000,14163,0,72720240.000,1,0,1,多换,S,5118.0000,5117.8000,5117.6000,5117.4000,5115.2000,5120.6000,5121.0000,5121.6000,5123.6000,5124.6000,1,7,1,2,2,1,1,1,1,2
SF,IC2012,2020-05-20 09:30:59.600,5120.4000,14163,0,72720240.000,0,-,-,-,-,5118.0000,5117.8000,5117.6000,5117.4000,5115.2000,5119.6000,5120.6000,5121.0000,5121.6000,5123.6000,1,7,1,2,2,1,1,1,1,1
SF,IC2012,2020-05-20 09:31:00.100,5119.6000,14163,0,73744160.000,1,0,1,多换,S,5119.6000,5118.0000,5117.8000,5117.6000,5117.4000,5120.6000,5121.0000,5121.6000,5123.6000,5124.6000,1,1,7,1,2,1,1,1,1,2
SF,IC2012,2020-05-20 09:31:00.600,5119.6000,14162,-1,74768080.000,1,0,1,双平,S,5118.0000,5117.8000,5117.6000,5117.4000,5115.2000,5120.0000,5121.0000,5121.6000,5123.6000,5124.6000,1,7,1,2,2,1,1,1,1,2
SF,IC2012,2020-05-20 09:31:01.100,5119.6000,14162,0,74768080.000,0,-,-,-,-,5118.0000,5117.8000,5117.6000,5117.4000,5115.2000,5119.8000,5121.0000,5121.6000,5123.6000,5124.6000,2,7,1,2,2,1,2,1,1,2
SF,IC2012,2020-05-20 09:31:01.600,5119.8000,14161,-1,75792040.000,1,0,1,双平,S,5119.8000,5118.0000,5117.8000,5117.6000,5117.4000,5121.0000,5121.6000,5123.6000,5124.6000,5125.2000,1,2,7,1,2,2,1,1,2,1
SF,IC2012,2020-05-20 09:31:02.100,5119.8000,14160,-1,76816000.000,1,0,1,双平,S,5118.0000,5117.8000,5117.6000,5117.4000,5115.2000,5119.6000,5120.0000,5120.8000,5121.0000,5121.6000,2,7,1,2,2,1,1,1,1,1
SF,IC2012,2020-05-20 09:31:02.600,5119.6000,14160,0,78863840.000,2,1,1,多换,S,5119.6000,5118.2000,5118.0000,5117.8000,5117.6000,5120.8000,5121.0000,5121.6000,5123.6000,5124.6000,2,1,2,7,1,1,1,1,1,2
SF,IC2012,2020-05-20 09:31:03.100,5119.8000,14160,0,79887800.000,1,0,1,多换,S,5119.6000,5118.2000,5118.0000,5117.8000,5117.6000,5120.2000,5120.8000,5121.0000,5121.6000,5123.6000,1,1,2,7,1,1,1,1,1,1
SF,IC2012,2020-05-20 09:31:03.600,5119.8000,14160,0,79887800.000,0,-,-,-,-,5120.2000,5118.2000,5118.0000,5117.8000,5117.6000,5120.8000,5121.0000,5121.6000,5123.6000,5124.6000,1,1,2,7,1,1,1,1,1,2
SF,IC2012,2020-05-20 09:31:04.100,5120.2000,14159,-1,80911840.000,1,0,1,双平,S,5118.2000,5118.0000,5117.8000,5117.4000,5115.2000,5121.0000,5121.6000,5123.6000,5124.6000,5125.2000,1,2,7,2,2,1,1,1,2,1
SF,IC2012,2020-05-20 09:31:04.600,5120.2000,14159,0,80911840.000,0,-,-,-,-,5118.4000,5118.2000,5118.0000,5117.8000,5117.4000,5120.8000,5121.0000,5121.6000,5123.6000,5124.6000,1,1,2,7,2,1,1,1,1,2
SF,IC2012,2020-05-20 09:31:05.100,5120.2000,14159,0,80911840.000,0,-,-,-,-,5118.6000,5118.4000,5118.0000,5117.8000,5117.4000,5120.6000,5120.8000,5121.0000,5121.6000,5123.6000,1,1,2,7,2,1,1,1,1,1
SF,IC2012,2020-05-20 09:31:05.600,5120.2000,14159,0,80911840.000,0,-,-,-,-,5118.6000,5118.4000,5118.0000,5117.8000,5117.4000,5120.4000,5120.6000,5121.0000,5123.6000,5124.6000,1,1,2,7,2,1,1,1,1,2
SF,IC2012,2020-05-20 09:31:06.100,5120.4000,14158,-1,81935920.000,1,0,1,双平,S,5118.6000,5118.0000,5117.8000,5117.4000,5115.2000,5120.6000,5121.0000,5123.6000,5124.6000,5125.2000,1,1,7,2,2,1,1,1,2,1
SF,IC2012,2020-05-20 09:31:06.600,5120.4000,14158,0,81935920.000,0,-,-,-,-,5118.6000,5118.0000,5117.8000,5117.4000,5115.2000,5120.6000,5121.0000,5123.6000,5124.6000,5125.2000,1,1,7,2,2,1,1,1,2,1
SF,IC2012,2020-05-20 09:31:07.100,5120.4000,14158,0,81935920.000,0,-,-,-,-,5118.6000,5118.0000,5117.8000,5117.4000,5115.2000,5121.0000,5123.6000,5124.6000,5125.2000,5126.4000,1,1,7,2,2,1,1,2,1,1
SF,IC2012,2020-05-20 09:31:07.600,5120.4000,14158,0,81935920.000,0,-,-,-,-,5118.6000,5118.0000,5117.8000,5117.4000,5115.2000,5121.0000,5123.6000,5124.6000,5125.2000,5126.4000,1,1,7,2,2,1,1,2,1,1
SF,IC2012,2020-05-20 09:31:08.100,5120.4000,14158,0,81935920.000,0,-,-,-,-,5118.6000,5118.0000,5117.8000,5117.4000,5115.2000,5121.0000,5123.6000,5124.6000,5125.2000,5126.4000,1,1,7,2,2,1,1,2,1,1
SF,IC2012,2020-05-20 09:31:08.600,5120.4000,14158,0,81935920.000,0,-,-,-,-,5118.6000,5118.0000,5117.8000,5117.4000,5115.2000,5121.0000,5123.6000,5124.6000,5125.2000,5126.4000,1,1,7,2,2,1,1,2,1,1
SF,IC2012,2020-05-20 09:31:09.100,5120.4000,14158,0,81935920.000,0,-,-,-,-,5118.6000,5118.0000,5117.8000,5117.4000,5115.2000,5121.0000,5123.6000,5124.6000,5125.2000,5126.4000,1,1,7,2,2,1,1,2,1,1
SF,IC2012,2020-05-20 09:31:09.600,5120.4000,14158,0,81935920.000,0,-,-,-,-,5118.6000,5118.0000,5117.8000,5117.4000,5115.2000,5121.0000,5123.6000,5124.6000,5125.2000,5126.4000,1,1,7,2,2,1,1,2,1,1
SF,IC2012,2020-05-20 09:31:10.100,5120.4000,14158,0,81935920.000,0,-,-,-,-,5118.6000,5118.0000,5117.8000,5117.4000,5115.2000,5121.0000,5123.6000,5124.6000,5125.2000,5126.4000,1,1,7,2,2,1,1,2,1,1
SF,IC2012,2020-05-20 09:31:10.600,5121.0000,14157,-1,82960120.000,1,0,1,双平,S,5121.0000,5118.6000,5118.0000,5117.8000,5117.4000,5123.6000,5124.6000,5125.2000,5126.4000,5127.6000,2,1,1,7,2,1,2,1,1,1
SF,IC2012,2020-05-20 09:31:11.100,5121.0000,14158,1,87056920.000,4,2,2,空开,S,5118.0000,5117.8000,5117.4000,5115.2000,5115.0000,5120.6000,5123.4000,5123.6000,5124.6000,5125.2000,1,7,2,2,2,2,4,1,2,1
SF,IC2012,2020-05-20 09:31:11.600,5120.6000,14159,1,90129280.000,3,2,1,空开,S,5120.6000,5118.2000,5118.0000,5117.8000,5117.4000,5123.4000,5123.6000,5124.6000,5125.2000,5126.4000,3,2,1,7,2,3,1,2,1,1
SF,IC2012,2020-05-20 09:31:12.100,5120.6000,14159,0,90129280.000,0,-,-,-,-,5120.8000,5120.6000,5118.0000,5117.8000,5117.4000,5123.2000,5123.4000,5123.6000,5124.6000,5125.2000,2,3,1,7,2,2,3,1,2,1
SF,IC2012,2020-05-20 09:31:12.600,5120.6000,14159,0,90129280.000,0,-,-,-,-,5120.8000,5118.0000,5117.8000,5117.4000,5115.2000,5123.0000,5123.2000,5123.6000,5124.6000,5125.2000,2,1,7,2,2,3,2,1,2,1
SF,IC2012,2020-05-20 09:31:13.600,5120.6000,14159,0,90129280.000,0,-,-,-,-,5120.8000,5118.6000,5118.0000,5117.8000,5117.4000,5121.0000,5122.8000,5123.0000,5123.2000,5123.6000,2,1,1,7,2,1,1,3,2,1
SF,IC2012,2020-05-20 09:31:14.100,5121.0000,14158,-1,91153480.000,1,0,1,双平,S,5121.0000,5120.8000,5118.6000,5118.0000,5117.8000,5122.8000,5123.0000,5123.2000,5123.6000,5124.6000,1,1,1,1,7,1,3,2,1,2
SF,IC2012,2020-05-20 09:31:14.600,5121.0000,14158,0,91153480.000,0,-,-,-,-,5120.8000,5118.6000,5118.0000,5117.8000,5117.4000,5122.6000,5122.8000,5123.0000,5123.2000,5123.6000,1,1,1,7,2,1,1,2,2,1
SF,IC2012,2020-05-20 09:31:15.100,5122.6000,14157,-1,92178000.000,1,0,1,双平,S,5120.8000,5118.8000,5118.6000,5118.0000,5117.8000,5123.0000,5123.6000,5124.6000,5125.2000,5126.4000,1,1,1,1,7,3,1,2,1,1
SF,IC2012,2020-05-20 09:31:15.600,5123.0000,14157,0,95251760.000,3,1,2,多换,S,5120.8000,5118.8000,5118.6000,5118.0000,5117.8000,5122.8000,5123.0000,5123.6000,5124.6000,5125.2000,1,1,1,1,7,2,1,1,2,1
SF,IC2012,2020-05-20 09:31:16.100,5123.0000,14157,0,95251760.000,0,-,-,-,-,5120.8000,5118.8000,5118.6000,5118.0000,5117.8000,5122.8000,5123.0000,5123.6000,5124.6000,5125.2000,1,1,1,1,7,2,1,1,2,1
SF,IC2012,2020-05-20 09:31:16.600,5120.8000,14156,-1,96275920.000,1,0,1,双平,S,5118.8000,5118.6000,5118.0000,5117.8000,5117.4000,5122.8000,5123.0000,5123.6000,5124.6000,5125.2000,1,1,1,7,2,2,1,1,2,1
SF,IC2012,2020-05-20 09:31:17.100,5120.8000,14156,0,96275920.000,0,-,-,-,-,5119.0000,5118.8000,5118.6000,5118.0000,5117.8000,5120.8000,5122.6000,5122.8000,5123.0000,5123.6000,4,1,1,1,7,1,2,2,1,1
SF,IC2012,2020-05-20 09:31:17.600,5120.8000,14155,-1,97300080.000,1,0,1,双平,S,5120.8000,5119.0000,5118.8000,5118.6000,5118.0000,5122.6000,5123.0000,5123.6000,5124.6000,5125.2000,2,3,1,1,1,1,1,1,2,1
SF,IC2012,2020-05-20 09:31:18.100,5120.8000,14155,0,97300080.000,0,-,-,-,-,5121.0000,5120.8000,5119.4000,5119.0000,5118.6000,5122.4000,5122.6000,5123.0000,5123.6000,5124.6000,1,2,2,2,1,2,1,1,1,2
SF,IC2012,2020-05-20 09:31:18.600,5120.8000,14155,0,97300080.000,0,-,-,-,-,5121.0000,5119.4000,5119.0000,5118.6000,5118.0000,5122.4000,5122.6000,5123.0000,5123.6000,5124.6000,1,2,2,1,1,2,1,1,1,2
SF,IC2012,2020-05-20 09:31:19.100,5120.8000,14155,0,97300080.000,0,-,-,-,-,5121.0000,5119.4000,5119.0000,5118.6000,5118.0000,5122.4000,5122.6000,5123.0000,5123.6000,5124.6000,1,2,2,1,1,2,1,1,1,2
SF,IC2012,2020-05-20 09:31:19.600,5120.8000,14155,0,97300080.000,0,-,-,-,-,5121.0000,5119.4000,5119.0000,5118.6000,5118.0000,5122.4000,5123.0000,5123.6000,5124.6000,5125.2000,1,2,2,1,1,2,1,1,2,1
SF,IC2012,2020-05-20 09:31:20.100,5122.4000,14157,2,99349040.000,2,2,0,双开,S,5121.0000,5119.4000,5119.0000,5118.6000,5118.0000,5123.0000,5123.6000,5124.6000,5125.2000,5126.4000,1,2,2,1,1,1,1,2,1,1
SF,IC2012,2020-05-20 09:31:20.600,5121.2000,14156,-1,100373280.000,1,0,1,双平,S,5121.0000,5119.4000,5119.0000,5118.6000,5118.0000,5123.0000,5123.6000,5124.6000,5125.2000,5126.4000,1,2,2,1,1,1,1,2,1,1
SF,IC2012,2020-05-20 09:31:22.100,5121.2000,14156,0,100373280.000,0,-,-,-,-,5121.0000,5119.4000,5119.0000,5118.6000,5118.0000,5121.6000,5123.0000,5123.6000,5124.6000,5125.2000,1,2,2,1,1,1,1,1,2,1
SF,IC2012,2020-05-20 09:31:22.600,5121.6000,14155,-1,102421920.000,2,0,2,多平,S,5119.4000,5119.0000,5118.6000,5118.0000,5117.8000,5123.0000,5123.6000,5124.6000,5125.2000,5126.4000,2,2,1,1,7,1,1,2,1,1
SF,IC2012,2020-05-20 09:31:23.100,5121.6000,14155,0,102421920.000,0,-,-,-,-,5120.0000,5119.6000,5119.4000,5118.6000,5118.0000,5121.6000,5122.8000,5123.0000,5123.6000,5124.6000,1,3,1,1,1,1,1,1,1,2
SF,IC2012,2020-05-20 09:31:23.600,5121.6000,14154,-1,103446240.000,1,0,1,双平,S,5120.2000,5120.0000,5119.6000,5119.4000,5118.6000,5121.6000,5122.8000,5123.0000,5123.6000,5124.6000,1,1,2,1,1,1,1,1,1,2
SF,IC2012,2020-05-20 09:31:24.100,5121.6000,14155,1,104470560.000,1,1,0,双开,S,5120.2000,5119.6000,5118.6000,5118.0000,5117.8000,5122.8000,5123.0000,5123.6000,5124.6000,5125.2000,1,2,1,2,7,1,1,1,2,1
SF,IC2012,2020-05-20 09:31:25.100,5121.6000,14155,0,104470560.000,0,-,-,-,-,5120.6000,5120.2000,5119.6000,5118.6000,5118.0000,5122.8000,5123.0000,5123.6000,5124.6000,5125.2000,1,1,2,1,2,1,1,1,2,1
SF,IC2012,2020-05-20 09:31:25.600,5121.6000,14155,0,104470560.000,0,-,-,-,-,5120.8000,5120.6000,5119.6000,5118.6000,5118.0000,5122.8000,5123.0000,5123.6000,5124.6000,5125.2000,1,1,2,1,2,1,1,1,2,1
SF,IC2012,2020-05-20 09:31:26.100,5121.6000,14155,0,104470560.000,0,-,-,-,-,5120.8000,5120.6000,5119.6000,5119.0000,5118.6000,5122.8000,5123.0000,5123.6000,5124.6000,5125.2000,1,1,2,1,1,1,1,1,2,1
SF,IC2012,2020-05-20 09:31:26.600,5121.6000,14155,0,104470560.000,0,-,-,-,-,5120.8000,5119.6000,5119.0000,5118.6000,5118.0000,5122.8000,5123.0000,5123.6000,5124.6000,5125.2000,1,2,1,1,2,1,1,1,2,1
SF,IC2012,2020-05-20 09:31:27.100,5122.8000,14155,0,105495120.000,1,0,1,多换,S,5120.8000,5119.6000,5119.0000,5118.6000,5118.0000,5123.0000,5123.6000,5124.6000,5125.2000,5126.4000,1,2,1,1,2,1,1,2,1,1
SF,IC2012,2020-05-20 09:31:27.600,5123.0000,14154,-1,106519720.000,1,0,1,双平,S,5120.8000,5119.6000,5119.0000,5118.6000,5118.0000,5123.6000,5124.6000,5125.2000,5126.4000,5127.6000,1,2,1,1,2,1,2,1,1,1
SF,IC2012,2020-05-20 09:31:28.100,5123.0000,14154,0,106519720.000,0,-,-,-,-,5120.8000,5119.6000,5119.0000,5118.6000,5118.0000,5123.4000,5123.6000,5124.6000,5125.2000,5126.4000,1,2,1,1,2,1,1,2,1,1
SF,IC2012,2020-05-20 09:31:28.600,5123.0000,14154,0,106519720.000,0,-,-,-,-,5121.0000,5120.8000,5119.6000,5119.0000,5118.6000,5123.4000,5123.6000,5124.6000,5125.2000,5126.4000,1,1,2,1,1,1,1,2,1,1
SF,IC2012,2020-05-20 09:31:29.100,5123.0000,14154,0,106519720.000,0,-,-,-,-,5121.2000,5121.0000,5119.6000,5118.6000,5118.0000,5123.4000,5123.6000,5124.6000,5125.2000,5126.4000,1,2,2,1,2,1,1,2,1,1
SF,IC2012,2020-05-20 09:31:30.100,5123.0000,14154,0,106519720.000,0,-,-,-,-,5121.4000,5121.2000,5121.0000,5119.6000,5118.6000,5123.4000,5123.6000,5124.6000,5125.2000,5126.4000,1,1,1,2,1,1,1,2,1,1
SF,IC2012,2020-05-20 09:31:30.600,5123.0000,14154,0,106519720.000,0,-,-,-,-,5121.6000,5121.4000,5121.0000,5119.6000,5118.6000,5123.6000,5124.6000,5125.2000,5126.4000,5127.6000,2,1,1,2,1,1,2,1,1,1
SF,IC2012,2020-05-20 09:31:31.600,5123.0000,14154,0,106519720.000,0,-,-,-,-,5121.8000,5121.6000,5121.0000,5119.6000,5118.6000,5123.6000,5124.6000,5125.2000,5126.4000,5127.6000,1,2,1,2,1,1,2,1,1,1
SF,IC2012,2020-05-20 09:31:32.100,5123.0000,14154,0,106519720.000,0,-,-,-,-,5122.0000,5121.8000,5121.0000,5119.6000,5118.6000,5123.6000,5124.6000,5125.2000,5126.4000,5127.6000,1,1,1,2,1,1,2,1,1,1
SF,IC2012,2020-05-20 09:31:32.600,5122.0000,14153,-1,107544120.000,1,0,1,双平,S,5121.0000,5119.6000,5118.6000,5118.0000,5117.8000,5123.6000,5124.6000,5125.2000,5126.4000,5127.6000,1,2,1,2,7,1,2,1,1,1
SF,IC2012,2020-05-20 09:31:33.100,5122.0000,14153,0,107544120.000,0,-,-,-,-,5121.2000,5121.0000,5119.6000,5118.6000,5118.0000,5123.4000,5123.6000,5124.6000,5125.2000,5126.4000,2,1,2,1,2,1,1,2,1,1
SF,IC2012,2020-05-20 09:31:35.100,5122.0000,14153,0,107544120.000,0,-,-,-,-,5121.4000,5121.2000,5121.0000,5119.6000,5118.6000,5123.4000,5123.6000,5124.6000,5125.2000,5126.4000,1,2,1,2,1,1,1,2,1,1
SF,IC2012,2020-05-20 09:31:35.600,5122.0000,14153,0,107544120.000,0,-,-,-,-,5121.6000,5121.4000,5121.0000,5119.6000,5118.6000,5123.2000,5123.4000,5123.6000,5124.6000,5125.2000,1,2,1,2,1,1,1,1,2,1
SF,IC2012,2020-05-20 09:31:36.100,5122.0000,14153,0,107544120.000,0,-,-,-,-,5121.6000,5121.4000,5119.6000,5118.6000,5118.0000,5123.0000,5123.6000,5124.6000,5125.2000,5126.4000,1,1,2,1,2,2,1,2,1,1
SF,IC2012,2020-05-20 09:31:36.600,5122.0000,14153,0,107544120.000,0,-,-,-,-,5121.6000,5121.4000,5119.6000,5118.6000,5118.0000,5123.0000,5123.6000,5124.6000,5125.2000,5126.4000,1,1,2,1,2,2,1,2,1,1
SF,IC2012,2020-05-20 09:31:37.100,5122.0000,14153,0,107544120.000,0,-,-,-,-,5121.6000,5121.4000,5119.6000,5118.6000,5118.0000,5123.0000,5123.6000,5124.6000,5125.2000,5126.4000,1,1,2,1,2,1,1,2,1,1
SF,IC2012,2020-05-20 09:31:37.600,5123.0000,14153,0,108568720.000,1,0,1,多换,S,5123.2000,5121.6000,5121.4000,5119.6000,5118.6000,5123.6000,5124.6000,5125.2000,5126.4000,5127.6000,1,1,1,2,1,1,2,1,1,1
SF,IC2012,2020-05-20 09:31:38.100,5123.2000,14153,0,109593360.000,1,0,1,多换,S,5121.6000,5121.4000,5119.6000,5118.6000,5118.0000,5123.6000,5124.6000,5125.2000,5126.4000,5127.6000,1,1,2,1,2,1,2,1,1,1
SF,IC2012,2020-05-20 09:31:38.600,5123.2000,14153,0,109593360.000,0,-,-,-,-,5121.8000,5121.6000,5121.4000,5119.6000,5118.6000,5123.6000,5124.6000,5125.2000,5126.4000,5127.6000,1,1,1,2,1,1,2,1,1,1
SF,IC2012,2020-05-20 09:31:39.100,5123.2000,14153,0,109593360.000,0,-,-,-,-,5122.0000,5121.4000,5119.6000,5118.6000,5118.0000,5123.6000,5124.6000,5125.2000,5126.4000,5127.6000,2,1,2,1,2,1,2,1,1,1
SF,IC2012,2020-05-20 09:31:43.100,5123.6000,14153,0,110618080.000,1,0,1,多换,S,5122.0000,5121.4000,5119.6000,5118.6000,5118.0000,5124.6000,5125.2000,5126.4000,5127.6000,5127.8000,2,1,2,1,2,2,1,1,1,1
SF,IC2012,2020-05-20 09:31:43.600,5123.6000,14153,0,110618080.000,0,-,-,-,-,5122.2000,5122.0000,5121.4000,5119.6000,5118.6000,5124.6000,5125.2000,5126.4000,5127.6000,5127.8000,1,1,1,2,1,2,1,1,1,1
SF,IC2012,2020-05-20 09:31:44.100,5123.6000,14153,0,110618080.000,0,-,-,-,-,5122.4000,5122.2000,5121.4000,5119.6000,5118.6000,5124.6000,5125.2000,5126.4000,5127.6000,5127.8000,2,1,1,1,1,2,1,1,1,1
SF,IC2012,2020-05-20 09:31:44.600,5123.6000,14153,0,110618080.000,0,-,-,-,-,5122.4000,5122.2000,5121.4000,5119.6000,5118.6000,5124.6000,5125.2000,5126.4000,5127.6000,5127.8000,2,1,1,1,1,2,1,1,1,1
SF,IC2012,2020-05-20 09:31:45.600,5123.6000,14153,0,110618080.000,0,-,-,-,-,5122.4000,5122.2000,5121.4000,5119.6000,5118.6000,5124.6000,5125.0000,5125.2000,5126.4000,5127.6000,2,1,1,1,1,2,1,1,1,1
SF,IC2012,2020-05-20 09:31:46.100,5124.6000,14154,1,112667920.000,2,1,1,空开,S,5122.4000,5122.2000,5121.4000,5119.6000,5118.6000,5125.0000,5125.2000,5126.4000,5127.6000,5127.8000,2,1,1,1,1,1,1,1,1,1
SF,IC2012,2020-05-20 09:31:46.600,5124.6000,14154,0,112667920.000,0,-,-,-,-,5122.6000,5122.4000,5121.4000,5119.6000,5118.6000,5125.0000,5125.2000,5126.4000,5127.6000,5127.8000,2,2,1,1,1,1,1,1,1,1
SF,IC2012,2020-05-20 09:31:47.100,5124.6000,14154,0,112667920.000,0,-,-,-,-,5122.8000,5122.6000,5122.4000,5121.4000,5119.6000,5125.0000,5125.2000,5126.4000,5127.6000,5127.8000,1,2,1,1,1,1,1,1,1,1
SF,IC2012,2020-05-20 09:31:47.600,5124.6000,14154,0,112667920.000,0,-,-,-,-,5122.8000,5122.6000,5122.4000,5121.4000,5119.6000,5124.8000,5125.0000,5125.2000,5126.4000,5127.6000,1,2,1,1,1,1,1,1,1,1
SF,IC2012,2020-05-20 09:31:48.100,5124.6000,14154,0,112667920.000,0,-,-,-,-,5123.0000,5122.8000,5122.6000,5122.4000,5121.4000,5124.8000,5125.0000,5125.2000,5126.4000,5127.6000,1,1,2,1,1,1,1,1,1,1
SF,IC2012,2020-05-20 09:31:48.600,5123.2000,14153,-1,113692560.000,1,0,1,双平,S,5122.6000,5122.4000,5121.4000,5119.6000,5118.6000,5124.8000,5125.0000,5125.2000,5126.4000,5127.6000,2,1,1,1,1,1,1,1,1,1
SF,IC2012,2020-05-20 09:31:49.100,5123.2000,14153,0,113692560.000,0,-,-,-,-,5122.6000,5122.4000,5121.4000,5119.6000,5118.6000,5124.8000,5125.0000,5125.2000,5126.4000,5127.6000,1,1,1,1,1,1,1,1,1,1
SF,IC2012,2020-05-20 09:31:49.600,5123.2000,14153,0,113692560.000,0,-,-,-,-,5122.6000,5121.4000,5119.6000,5118.6000,5118.0000,5124.8000,5125.0000,5125.2000,5126.4000,5127.6000,1,1,1,1,2,1,1,1,1,1
SF,IC2012,2020-05-20 09:31:50.100,5123.2000,14153,0,113692560.000,0,-,-,-,-,5122.6000,5121.4000,5119.6000,5118.6000,5118.0000,5124.8000,5125.0000,5125.2000,5126.4000,5127.6000,1,1,1,1,2,1,1,1,1,1
SF,IC2012,2020-05-20 09:31:50.600,5122.6000,14153,0,114717080.000,1,0,1,多换,S,5121.4000,5119.6000,5118.6000,5118.0000,5117.8000,5122.6000,5124.8000,5125.0000,5125.2000,5126.4000,1,1,1,2,7,1,1,1,1,1
SF,IC2012,2020-05-20 09:31:51.100,5122.6000,14152,-1,115741600.000,1,0,1,双平,S,5122.6000,5121.4000,5119.6000,5118.6000,5118.0000,5124.8000,5125.0000,5125.2000,5126.4000,5127.6000,1,1,1,1,2,1,1,1,1,1
SF,IC2012,2020-05-20 09:31:51.600,5122.6000,14151,-1,116766120.000,1,0,1,双平,S,5121.4000,5119.6000,5118.6000,5118.0000,5117.8000,5124.6000,5124.8000,5125.0000,5125.2000,5126.4000,1,1,1,2,7,1,1,1,1,1
SF,IC2012,2020-05-20 09:31:52.100,5122.6000,14151,0,116766120.000,0,-,-,-,-,5121.4000,5119.6000,5118.6000,5118.0000,5117.8000,5124.4000,5124.6000,5125.0000,5125.2000,5126.4000,1,1,1,2,7,2,1,1,1,1
SF,IC2012,2020-05-20 09:31:52.600,5122.6000,14151,0,116766120.000,0,-,-,-,-,5121.4000,5119.6000,5118.6000,5118.0000,5117.8000,5124.4000,5124.6000,5125.0000,5125.2000,5126.4000,1,1,1,2,7,2,1,1,1,1
SF,IC2012,2020-05-20 09:31:53.100,5122.6000,14151,0,116766120.000,0,-,-,-,-,5121.4000,5119.6000,5118.6000,5118.0000,5117.8000,5124.2000,5124.4000,5124.6000,5125.0000,5125.2000,1,1,1,2,7,1,1,1,1,1
SF,IC2012,2020-05-20 09:31:53.600,5122.6000,14151,0,116766120.000,0,-,-,-,-,5121.4000,5119.6000,5118.6000,5118.0000,5117.8000,5124.0000,5124.2000,5124.6000,5125.0000,5125.2000,1,1,1,2,7,1,1,1,1,1
SF,IC2012,2020-05-20 09:31:54.100,5122.6000,14151,0,116766120.000,0,-,-,-,-,5121.4000,5119.6000,5118.6000,5118.0000,5117.8000,5124.0000,5124.2000,5124.6000,5125.0000,5125.2000,1,1,1,2,7,1,1,1,1,1
SF,IC2012,2020-05-20 09:31:54.600,5122.6000,14151,0,116766120.000,0,-,-,-,-,5121.4000,5119.6000,5118.6000,5118.0000,5117.8000,5123.8000,5124.0000,5124.6000,5125.0000,5125.2000,1,1,1,2,7,1,1,1,1,1
SF,IC2012,2020-05-20 09:31:55.100,5121.4000,14150,-1,117790400.000,1,0,1,双平,S,5119.6000,5118.6000,5118.0000,5117.8000,5117.4000,5123.8000,5124.0000,5124.6000,5125.0000,5125.2000,1,1,2,7,2,1,1,1,1,1
SF,IC2012,2020-05-20 09:31:55.600,5121.4000,14150,0,117790400.000,0,-,-,-,-,5119.8000,5119.6000,5118.6000,5118.0000,5117.8000,5123.6000,5123.8000,5124.6000,5125.0000,5125.2000,1,1,1,2,7,1,1,1,1,1
SF,IC2012,2020-05-20 09:31:56.100,5121.4000,14150,0,117790400.000,0,-,-,-,-,5120.0000,5119.8000,5119.6000,5118.6000,5118.0000,5123.4000,5123.6000,5123.8000,5124.6000,5125.0000,1,1,1,1,2,1,1,1,1,1
SF,IC2012,2020-05-20 09:31:56.600,5121.4000,14150,0,117790400.000,0,-,-,-,-,5120.0000,5119.8000,5119.6000,5118.6000,5118.0000,5123.2000,5123.4000,5123.8000,5124.6000,5125.0000,1,1,1,1,2,1,1,1,1,1
SF,IC2012,2020-05-20 09:31:57.100,5121.4000,14150,0,117790400.000,0,-,-,-,-,5120.0000,5119.8000,5119.6000,5118.6000,5118.0000,5123.0000,5123.2000,5124.6000,5125.0000,5125.2000,1,1,1,1,2,1,2,1,1,1
SF,IC2012,2020-05-20 09:31:57.600,5121.4000,14150,0,117790400.000,0,-,-,-,-,5120.0000,5119.8000,5119.6000,5118.6000,5118.0000,5122.8000,5123.0000,5123.2000,5124.6000,5125.0000,1,1,1,1,2,1,1,1,1,1
SF,IC2012,2020-05-20 09:31:58.100,5121.4000,14150,0,117790400.000,0,-,-,-,-,5120.0000,5119.8000,5119.6000,5118.6000,5118.0000,5122.6000,5122.8000,5123.2000,5124.6000,5125.0000,1,1,1,1,2,1,1,1,1,1
SF,IC2012,2020-05-20 09:31:58.600,5121.4000,14150,0,117790400.000,0,-,-,-,-,5120.0000,5119.8000,5119.6000,5118.6000,5118.0000,5122.4000,5122.6000,5123.2000,5124.6000,5125.0000,1,1,1,1,2,1,1,1,1,1
SF,IC2012,2020-05-20 09:31:59.100,5121.4000,14150,0,117790400.000,0,-,-,-,-,5120.0000,5119.8000,5119.6000,5118.6000,5118.0000,5122.2000,5122.4000,5123.2000,5124.6000,5125.0000,1,1,1,1,2,1,1,1,1,1
SF,IC2012,2020-05-20 09:32:00.600,5121.4000,14150,0,117790400.000,0,-,-,-,-,5120.0000,5119.8000,5119.6000,5118.6000,5118.0000,5122.2000,5122.4000,5123.2000,5124.6000,5125.0000,1,1,1,1,2,1,1,1,1,1
SF,IC2012,2020-05-20 09:32:01.100,5119.8000,14148,-2,119838360.000,2,0,2,双平,S,5119.6000,5118.6000,5118.0000,5117.8000,5117.4000,5122.2000,5122.4000,5124.6000,5125.0000,5125.2000,1,1,2,7,2,2,1,1,1,1
SF,IC2012,2020-05-20 09:32:01.600,5119.8000,14148,0,119838360.000,0,-,-,-,-,5118.6000,5118.0000,5117.8000,5117.4000,5115.8000,5122.0000,5122.2000,5124.6000,5125.0000,5125.2000,1,2,7,2,1,1,2,1,1,1
SF,IC2012,2020-05-20 09:32:02.100,5119.8000,14148,0,119838360.000,0,-,-,-,-,5118.8000,5118.0000,5117.8000,5117.4000,5115.8000,5121.8000,5122.0000,5122.2000,5124.6000,5125.0000,1,2,7,2,1,1,1,1,1,1
SF,IC2012,2020-05-20 09:32:02.600,5118.8000,14147,-1,120862120.000,1,0,1,双平,S,5118.0000,5117.8000,5117.4000,5115.8000,5115.2000,5121.2000,5121.6000,5121.8000,5122.2000,5124.6000,2,7,2,1,2,1,3,1,1,1
SF,IC2012,2020-05-20 09:32:03.100,5118.8000,14147,0,120862120.000,0,-,-,-,-,5118.2000,5118.0000,5117.8000,5117.4000,5115.8000,5121.0000,5121.6000,5122.2000,5124.6000,5125.0000,1,2,7,2,1,3,1,1,1,1
SF,IC2012,2020-05-20 09:32:03.600,5118.8000,14147,0,120862120.000,0,-,-,-,-,5118.2000,5118.0000,5117.8000,5117.4000,5115.8000,5120.6000,5121.0000,5121.6000,5122.2000,5124.6000,1,2,7,2,1,1,2,1,1,1
SF,IC2012,2020-05-20 09:32:04.100,5118.8000,14147,0,120862120.000,0,-,-,-,-,5118.2000,5118.0000,5117.8000,5117.4000,5115.8000,5120.2000,5120.4000,5121.0000,5121.6000,5122.2000,1,2,7,2,1,1,1,1,1,1
SF,IC2012,2020-05-20 09:32:04.600,5118.8000,14147,0,120862120.000,0,-,-,-,-,5118.2000,5118.0000,5117.8000,5117.4000,5115.8000,5120.0000,5121.0000,5121.6000,5122.2000,5124.6000,1,2,7,2,1,3,1,1,1,1
SF,IC2012,2020-05-20 09:32:05.100,5118.8000,14147,0,120862120.000,0,-,-,-,-,5118.2000,5118.0000,5117.8000,5117.4000,5115.8000,5120.0000,5121.0000,5121.6000,5122.2000,5124.6000,1,2,7,2,1,3,1,1,1,1
SF,IC2012,2020-05-20 09:32:05.600,5118.8000,14147,0,120862120.000,0,-,-,-,-,5118.2000,5118.0000,5117.8000,5117.4000,5115.8000,5120.0000,5121.0000,5121.6000,5122.2000,5124.6000,1,2,7,2,1,3,1,1,1,1
SF,IC2012,2020-05-20 09:32:06.100,5118.2000,14146,-1,121885760.000,1,0,1,双平,S,5118.0000,5117.8000,5117.4000,5115.8000,5115.2000,5118.2000,5120.0000,5121.0000,5121.6000,5122.2000,2,7,2,1,2,1,3,1,1,1
SF,IC2012,2020-05-20 09:32:06.600,5118.0000,14146,0,124956560.000,3,1,2,多换,S,5117.8000,5117.4000,5115.8000,5115.2000,5115.0000,5118.0000,5118.2000,5120.2000,5121.0000,5121.6000,7,2,1,2,2,1,2,1,1,1
SF,IC2012,2020-05-20 09:32:07.100,5117.8000,14140,-6,133145040.000,8,1,7,多平,S,5117.4000,5115.8000,5115.2000,5115.0000,5114.4000,5118.2000,5120.2000,5121.0000,5121.6000,5122.2000,2,1,2,2,1,2,1,1,1,1
SF,IC2012,2020-05-20 09:32:07.600,5117.8000,14140,0,133145040.000,0,-,-,-,-,5117.6000,5117.4000,5115.8000,5115.2000,5115.0000,5118.2000,5120.2000,5121.0000,5121.6000,5122.2000,1,2,1,2,2,1,1,1,1,1
SF,IC2012,2020-05-20 09:32:08.100,5117.8000,14140,0,133145040.000,0,-,-,-,-,5117.4000,5115.8000,5115.2000,5115.0000,5114.4000,5118.2000,5120.2000,5121.0000,5121.6000,5122.2000,2,1,2,3,1,1,1,1,1,1
SF,IC2012,2020-05-20 09:32:08.600,5118.2000,14140,0,134168680.000,1,0,1,多换,S,5117.4000,5115.8000,5115.2000,5115.0000,5114.4000,5118.0000,5120.2000,5121.0000,5121.6000,5122.2000,2,1,2,3,1,1,1,1,1,1
SF,IC2012,2020-05-20 09:32:09.100,5118.0000,14139,-1,135192280.000,1,0,1,双平,S,5118.2000,5118.0000,5117.4000,5115.8000,5115.2000,5120.2000,5121.0000,5121.6000,5122.2000,5125.0000,1,1,2,1,2,1,1,1,1,1
SF,IC2012,2020-05-20 09:32:09.600,5118.0000,14139,0,135192280.000,0,-,-,-,-,5118.4000,5118.2000,5118.0000,5117.4000,5115.8000,5120.0000,5120.2000,5121.0000,5121.6000,5122.2000,2,1,1,2,1,2,1,1,1,1
SF,IC2012,2020-05-20 09:32:10.100,5118.0000,14139,0,135192280.000,0,-,-,-,-,5118.4000,5118.2000,5117.4000,5116.8000,5115.8000,5119.8000,5120.0000,5120.2000,5121.0000,5121.6000,2,1,2,1,1,1,1,1,1,2
SF,IC2012,2020-05-20 09:32:10.600,5118.0000,14139,0,135192280.000,0,-,-,-,-,5118.4000,5118.2000,5117.4000,5116.8000,5115.8000,5119.6000,5119.8000,5120.2000,5121.0000,5121.6000,2,1,2,1,1,1,1,1,1,2
SF,IC2012,2020-05-20 09:32:11.100,5118.0000,14139,0,135192280.000,0,-,-,-,-,5118.6000,5118.2000,5117.4000,5116.8000,5115.8000,5119.6000,5120.2000,5121.0000,5121.6000,5122.2000,1,1,2,1,1,1,1,1,2,1
SF,IC2012,2020-05-20 09:32:11.600,5118.0000,14139,0,135192280.000,0,-,-,-,-,5118.2000,5117.4000,5116.8000,5115.8000,5115.2000,5118.4000,5119.6000,5120.2000,5121.0000,5121.6000,1,2,1,1,2,2,1,1,1,2
SF,IC2012,2020-05-20 09:32:12.100,5117.4000,14138,-1,137239360.000,2,0,2,多平,S,5117.4000,5116.8000,5115.8000,5115.6000,5115.2000,5118.4000,5119.6000,5120.2000,5121.0000,5121.6000,1,1,1,1,2,2,1,1,1,1
SF,IC2012,2020-05-20 09:32:12.600,5117.4000,14138,0,138262840.000,1,0,1,多换,S,5115.8000,5115.6000,5115.2000,5115.0000,5114.4000,5118.4000,5118.6000,5119.6000,5120.2000,5121.0000,1,1,2,3,1,1,2,1,1,1
SF,IC2012,2020-05-20 09:32:13.100,5117.4000,14138,0,138262840.000,0,-,-,-,-,5116.0000,5115.8000,5115.6000,5115.2000,5115.0000,5118.2000,5118.4000,5118.6000,5120.2000,5121.6000,1,1,1,2,2,2,1,2,1,1
SF,IC2012,2020-05-20 09:32:13.600,5117.4000,14138,0,138262840.000,0,-,-,-,-,5116.0000,5115.8000,5115.6000,5115.2000,5115.0000,5117.4000,5118.2000,5118.4000,5118.6000,5120.2000,1,1,1,2,2,1,3,1,2,1
SF,IC2012,2020-05-20 09:32:14.100,5117.4000,14138,0,138262840.000,0,-,-,-,-,5116.2000,5116.0000,5115.8000,5115.6000,5115.2000,5117.4000,5118.2000,5118.4000,5118.6000,5121.6000,1,1,1,1,2,1,3,1,2,1
SF,IC2012,2020-05-20 09:32:14.600,5117.4000,14137,-1,139286320.000,1,0,1,双平,S,5116.4000,5116.0000,5115.8000,5115.6000,5115.2000,5118.2000,5118.4000,5118.6000,5121.6000,5124.6000,2,1,1,1,2,2,1,2,1,1
SF,IC2012,2020-05-20 09:32:15.100,5118.4000,14134,-3,142357280.000,3,0,3,双平,S,5116.6000,5116.4000,5115.8000,5115.6000,5115.2000,5118.6000,5121.6000,5124.6000,5125.0000,5125.2000,1,2,1,1,2,2,1,1,1,1
SF,IC2012,2020-05-20 09:32:15.600,5118.6000,14132,-2,144404720.000,2,0,2,双平,S,5116.8000,5116.6000,5115.8000,5115.6000,5115.2000,5121.6000,5124.6000,5125.0000,5125.2000,5125.4000,2,1,1,1,2,1,1,1,1,1
SF,IC2012,2020-05-20 09:32:16.100,5118.6000,14132,0,144404720.000,0,-,-,-,-,5117.0000,5115.8000,5115.6000,5115.2000,5115.0000,5121.4000,5121.6000,5124.6000,5125.0000,5125.2000,2,1,2,2,2,3,1,1,1,1
SF,IC2012,2020-05-20 09:32:16.600,5118.6000,14132,0,144404720.000,0,-,-,-,-,5117.0000,5116.8000,5115.8000,5115.6000,5115.2000,5121.4000,5121.6000,5124.6000,5125.0000,5125.2000,2,1,1,2,2,3,1,1,1,1
SF,IC2012,2020-05-20 09:32:17.100,5118.6000,14132,0,144404720.000,0,-,-,-,-,5117.4000,5117.0000,5116.8000,5115.8000,5115.6000,5121.4000,5124.6000,5125.0000,5125.2000,5125.4000,2,1,1,1,2,3,1,1,1,1
SF,IC2012,2020-05-20 09:32:17.600,5118.6000,14132,0,144404720.000,0,-,-,-,-,5117.6000,5117.4000,5115.8000,5115.6000,5115.2000,5121.4000,5121.6000,5124.6000,5125.0000,5125.2000,1,2,1,2,2,3,1,1,1,1
SF,IC2012,2020-05-20 09:32:18.100,5118.6000,14132,0,144404720.000,0,-,-,-,-,5117.6000,5117.4000,5115.8000,5115.6000,5115.2000,5120.8000,5121.4000,5121.6000,5124.6000,5125.0000,1,1,1,2,2,1,3,1,1,1
SF,IC2012,2020-05-20 09:32:18.600,5118.6000,14132,0,144404720.000,0,-,-,-,-,5117.8000,5117.6000,5117.4000,5115.8000,5115.6000,5120.6000,5120.8000,5121.4000,5121.6000,5124.6000,1,1,1,1,2,2,1,1,1,1
SF,IC2012,2020-05-20 09:32:19.100,5118.6000,14132,0,144404720.000,0,-,-,-,-,5118.2000,5118.0000,5117.8000,5117.4000,5115.8000,5120.6000,5120.8000,5121.4000,5121.6000,5124.6000,1,1,1,1,1,2,1,1,1,1
SF,IC2012,2020-05-20 09:32:19.600,5118.6000,14132,0,144404720.000,0,-,-,-,-,5118.4000,5117.8000,5117.4000,5115.8000,5115.6000,5120.6000,5120.8000,5121.4000,5121.6000,5124.6000,1,1,1,1,1,2,1,1,1,1
SF,IC2012,2020-05-20 09:32:20.100,5118.6000,14132,0,144404720.000,0,-,-,-,-,5118.4000,5117.8000,5117.4000,5115.8000,5115.6000,5120.6000,5120.8000,5121.6000,5124.6000,5125.0000,1,1,1,1,1,2,1,1,1,1
SF,IC2012,2020-05-20 09:32:20.600,5118.6000,14132,0,144404720.000,0,-,-,-,-,5118.4000,5117.8000,5115.8000,5115.6000,5115.2000,5120.6000,5120.8000,5121.6000,5124.6000,5125.0000,1,1,1,1,2,2,1,1,1,1
SF,IC2012,2020-05-20 09:32:21.100,5118.6000,14132,0,144404720.000,0,-,-,-,-,5118.4000,5117.8000,5115.8000,5115.6000,5115.2000,5120.6000,5124.6000,5125.0000,5125.2000,5125.4000,1,1,1,1,2,2,1,1,1,1
SF,IC2012,2020-05-20 09:32:21.600,5118.6000,14132,0,144404720.000,0,-,-,-,-,5118.4000,5115.8000,5115.6000,5115.2000,5115.0000,5120.6000,5124.6000,5125.0000,5125.2000,5125.4000,1,1,1,2,2,2,1,1,1,1
SF,IC2012,2020-05-20 09:32:22.100,5118.6000,14132,0,144404720.000,0,-,-,-,-,5118.6000,5118.4000,5115.8000,5115.6000,5115.2000,5120.6000,5124.6000,5125.0000,5125.2000,5125.4000,1,1,1,1,2,2,1,1,1,1
SF,IC2012,2020-05-20 09:32:22.600,5118.6000,14132,0,144404720.000,0,-,-,-,-,5118.8000,5118.6000,5118.4000,5115.8000,5115.6000,5120.6000,5124.6000,5125.0000,5125.2000,5125.4000,1,1,1,1,1,1,1,1,1,1
SF,IC2012,2020-05-20 09:32:23.100,5118.6000,14132,0,144404720.000,0,-,-,-,-,5119.0000,5118.6000,5115.8000,5115.6000,5115.2000,5120.6000,5124.6000,5125.0000,5125.2000,5126.4000,2,1,1,1,2,1,1,1,1,1
SF,IC2012,2020-05-20 09:32:23.600,5118.6000,14132,0,144404720.000,0,-,-,-,-,5119.0000,5118.6000,5115.8000,5115.6000,5115.2000,5120.4000,5120.6000,5124.6000,5125.0000,5125.2000,1,1,1,1,2,1,1,1,1,1
SF,IC2012,2020-05-20 09:32:24.100,5118.6000,14132,0,144404720.000,0,-,-,-,-,5119.0000,5115.8000,5115.6000,5115.2000,5115.0000,5120.4000,5120.6000,5124.6000,5125.0000,5125.2000,1,1,1,2,2,1,1,1,1,1
SF,IC2012,2020-05-20 09:32:24.600,5118.6000,14132,0,144404720.000,0,-,-,-,-,5119.2000,5119.0000,5115.8000,5115.6000,5115.2000,5120.6000,5124.6000,5125.0000,5125.2000,5126.4000,1,1,1,1,2,1,1,1,1,1
SF,IC2012,2020-05-20 09:32:25.100,5118.6000,14132,0,144404720.000,0,-,-,-,-,5119.4000,5119.0000,5115.8000,5115.6000,5115.2000,5120.6000,5124.6000,5125.0000,5125.2000,5126.4000,1,1,1,1,2,1,1,1,1,1
SF,IC2012,2020-05-20 09:32:25.600,5118.6000,14132,0,144404720.000,0,-,-,-,-,5119.0000,5115.8000,5115.6000,5115.2000,5115.0000,5120.6000,5124.6000,5125.0000,5125.2000,5126.4000,1,1,1,2,2,1,1,1,1,1
SF,IC2012,2020-05-20 09:32:26.100,5118.6000,14132,0,144404720.000,0,-,-,-,-,5119.2000,5119.0000,5115.8000,5115.6000,5115.2000,5120.6000,5124.6000,5125.0000,5125.2000,5126.4000,2,1,1,1,2,1,1,1,1,1
SF,IC2012,2020-05-20 09:32:26.600,5118.6000,14132,0,144404720.000,0,-,-,-,-,5119.2000,5119.0000,5115.8000,5115.6000,5115.2000,5120.6000,5124.6000,5125.0000,5125.2000,5126.4000,1,1,1,1,2,1,1,1,1,1
SF,IC2012,2020-05-20 09:32:27.100,5118.6000,14132,0,144404720.000,0,-,-,-,-,5119.0000,5115.8000,5115.6000,5115.2000,5115.0000,5120.6000,5124.6000,5125.0000,5125.2000,5126.4000,1,1,1,2,2,1,1,1,1,1
SF,IC2012,2020-05-20 09:32:27.600,5118.6000,14132,0,144404720.000,0,-,-,-,-,5119.2000,5119.0000,5115.8000,5115.6000,5115.2000,5120.6000,5124.6000,5125.0000,5125.2000,5126.4000,2,1,1,1,2,1,1,1,1,1
SF,IC2012,2020-05-20 09:32:28.100,5120.6000,14131,-1,145428840.000,1,0,1,双平,S,5119.4000,5119.2000,5115.8000,5115.6000,5115.2000,5124.6000,5125.0000,5125.2000,5126.4000,5127.8000,1,2,1,1,2,1,1,1,1,1
SF,IC2012,2020-05-20 09:32:28.600,5120.6000,14131,0,145428840.000,0,-,-,-,-,5119.4000,5115.8000,5115.6000,5115.2000,5115.0000,5121.4000,5121.6000,5124.4000,5124.6000,5125.0000,1,1,1,2,2,1,1,4,1,1
SF,IC2012,2020-05-20 09:32:29.100,5120.6000,14131,0,145428840.000,0,-,-,-,-,5119.6000,5119.4000,5115.8000,5115.6000,5115.2000,5121.6000,5124.4000,5124.6000,5125.0000,5125.2000,2,1,1,1,2,1,4,1,1,1
SF,IC2012,2020-05-20 09:32:29.600,5121.6000,14130,-1,146453160.000,1,0,1,双平,S,5119.8000,5119.6000,5115.8000,5115.6000,5115.2000,5124.4000,5124.6000,5125.0000,5125.2000,5126.4000,2,1,1,1,2,4,1,1,1,1
SF,IC2012,2020-05-20 09:32:30.100,5121.6000,14130,0,146453160.000,0,-,-,-,-,5119.8000,5115.8000,5115.6000,5115.2000,5115.0000,5124.4000,5124.6000,5125.0000,5125.2000,5126.4000,2,1,1,2,2,4,1,1,1,1
SF,IC2012,2020-05-20 09:32:30.600,5121.6000,14130,0,146453160.000,0,-,-,-,-,5119.8000,5118.4000,5115.8000,5115.6000,5115.2000,5124.4000,5124.6000,5125.0000,5125.2000,5126.4000,1,1,1,1,2,4,1,1,1,1
SF,IC2012,2020-05-20 09:32:31.100,5121.6000,14130,0,146453160.000,0,-,-,-,-,5119.8000,5118.4000,5115.8000,5115.6000,5115.2000,5124.4000,5124.6000,5125.0000,5125.2000,5126.4000,1,1,1,1,2,3,1,1,1,1
SF,IC2012,2020-05-20 09:32:31.600,5121.6000,14130,0,146453160.000,0,-,-,-,-,5119.8000,5118.4000,5115.8000,5115.6000,5115.2000,5124.4000,5124.6000,5125.0000,5125.2000,5126.4000,1,1,1,1,2,3,1,1,1,1
SF,IC2012,2020-05-20 09:32:32.100,5124.4000,14130,0,147478040.000,1,0,1,多换,S,5120.2000,5120.0000,5119.8000,5118.4000,5115.8000,5124.4000,5124.6000,5125.0000,5125.2000,5126.4000,2,1,1,1,1,2,1,1,1,1
SF,IC2012,2020-05-20 09:32:32.600,5124.4000,14130,0,147478040.000,0,-,-,-,-,5120.4000,5120.2000,5118.4000,5115.8000,5115.6000,5124.4000,5124.6000,5125.0000,5125.2000,5126.4000,3,2,1,1,1,2,1,1,1,1
SF,IC2012,2020-05-20 09:32:33.100,5124.4000,14130,0,147478040.000,0,-,-,-,-,5120.8000,5120.4000,5120.2000,5115.8000,5115.6000,5124.4000,5124.6000,5125.0000,5125.2000,5126.4000,1,2,2,1,1,2,1,1,1,1
SF,IC2012,2020-05-20 09:32:33.600,5124.4000,14130,0,147478040.000,0,-,-,-,-,5121.2000,5121.0000,5120.8000,5115.8000,5115.6000,5124.4000,5124.6000,5125.0000,5125.2000,5126.4000,1,2,3,1,1,1,1,1,1,1
SF,IC2012,2020-05-20 09:32:34.100,5124.4000,14130,0,148502920.000,1,0,1,多换,S,5122.0000,5121.4000,5121.2000,5120.8000,5115.8000,5124.4000,5124.6000,5125.0000,5125.2000,5126.4000,1,2,1,3,1,1,1,1,1,1
SF,IC2012,2020-05-20 09:32:34.600,5124.4000,14130,0,149527800.000,1,0,1,多换,S,5124.4000,5122.4000,5122.2000,5122.0000,5121.4000,5124.6000,5125.0000,5125.2000,5126.4000,5127.8000,1,1,1,1,1,1,1,1,1,1
SF,IC2012,2020-05-20 09:32:35.100,5124.6000,14130,0,151577640.000,2,1,1,多换,S,5124.6000,5124.4000,5122.2000,5122.0000,5121.4000,5125.0000,5125.2000,5126.4000,5127.8000,5128.8000,1,1,1,1,1,2,1,1,1,1
SF,IC2012,2020-05-20 09:32:35.600,5124.6000,14125,-5,157727240.000,6,0,6,多平,S,5122.2000,5122.0000,5121.4000,5120.8000,5115.8000,5125.2000,5126.4000,5127.8000,5128.8000,5129.2000,1,1,1,1,1,1,1,1,1,1
SF,IC2012,2020-05-20 09:32:36.100,5125.2000,14124,-1,158752280.000,1,0,1,双平,S,5125.2000,5122.4000,5122.2000,5122.0000,5120.8000,5126.4000,5127.8000,5128.8000,5129.2000,5133.0000,1,4,1,1,1,1,1,1,1,5
SF,IC2012,2020-05-20 09:32:36.600,5125.2000,14123,-1,159777320.000,1,0,1,双平,S,5122.4000,5122.2000,5122.0000,5120.8000,5115.8000,5126.2000,5126.4000,5127.8000,5128.8000,5129.2000,4,1,1,1,1,3,1,1,1,1
SF,IC2012,2020-05-20 09:32:37.100,5125.2000,14123,0,159777320.000,0,-,-,-,-,5122.4000,5122.2000,5122.0000,5120.8000,5115.8000,5126.2000,5126.4000,5127.8000,5128.8000,5129.2000,4,1,1,1,1,1,1,1,1,1
SF,IC2012,2020-05-20 09:32:37.600,5125.2000,14123,0,159777320.000,0,-,-,-,-,5122.8000,5122.4000,5122.0000,5120.8000,5115.8000,5126.0000,5126.2000,5126.4000,5127.8000,5128.8000,1,4,1,1,1,1,1,1,1,1
SF,IC2012,2020-05-20 09:32:38.100,5125.2000,14123,0,159777320.000,0,-,-,-,-,5123.0000,5122.8000,5122.4000,5122.0000,5120.8000,5125.8000,5126.4000,5127.8000,5128.8000,5129.2000,3,1,1,1,1,1,1,1,1,1
SF,IC2012,2020-05-20 09:32:38.600,5125.8000,14122,-1,160802480.000,1,0,1,双平,S,5123.4000,5123.2000,5123.0000,5122.8000,5122.0000,5126.4000,5127.8000,5128.8000,5129.2000,5130.0000,2,1,3,1,1,1,1,1,1,1
SF,IC2012,2020-05-20 09:32:39.100,5125.8000,14122,0,160802480.000,0,-,-,-,-,5123.6000,5123.4000,5122.8000,5122.0000,5115.8000,5126.2000,5126.4000,5127.8000,5128.8000,5129.2000,3,1,1,1,1,1,1,1,1,1
SF,IC2012,2020-05-20 09:32:39.600,5125.8000,14122,0,160802480.000,0,-,-,-,-,5123.6000,5122.8000,5115.8000,5115.6000,5115.2000,5126.2000,5126.4000,5127.8000,5128.8000,5129.2000,2,1,1,1,2,1,1,1,1,1
SF,IC2012,2020-05-20 09:32:40.100,5125.8000,14122,0,160802480.000,0,-,-,-,-,5123.6000,5122.8000,5115.8000,5115.6000,5115.2000,5126.2000,5126.4000,5127.8000,5128.8000,5129.2000,2,1,1,1,2,1,1,1,1,1
SF,IC2012,2020-05-20 09:32:40.600,5123.6000,14121,-1,162851920.000,2,0,2,多平,S,5122.8000,5115.8000,5115.6000,5115.2000,5115.0000,5125.8000,5126.0000,5126.2000,5126.4000,5127.8000,1,1,1,2,2,2,1,1,1,1
SF,IC2012,2020-05-20 09:32:41.100,5123.6000,14121,0,162851920.000,0,-,-,-,-,5120.4000,5115.8000,5115.6000,5115.2000,5115.0000,5125.2000,5125.6000,5125.8000,5126.4000,5127.8000,1,1,1,2,2,1,3,1,1,1
SF,IC2012,2020-05-20 09:32:41.600,5123.6000,14121,0,162851920.000,0,-,-,-,-,5120.6000,5120.4000,5115.8000,5115.6000,5115.2000,5125.0000,5125.6000,5125.8000,5126.4000,5127.8000,1,1,1,1,2,3,1,1,1,1
SF,IC2012,2020-05-20 09:32:42.600,5123.6000,14121,0,162851920.000,0,-,-,-,-,5120.6000,5120.4000,5115.8000,5115.6000,5115.2000,5124.6000,5125.0000,5125.6000,5126.4000,5127.8000,1,1,1,1,2,1,3,1,1,1
SF,IC2012,2020-05-20 09:32:43.100,5123.6000,14121,0,162851920.000,0,-,-,-,-,5120.6000,5120.4000,5115.8000,5115.6000,5115.2000,5124.4000,5124.6000,5125.0000,5125.6000,5126.4000,1,1,1,1,2,2,1,1,1,1
SF,IC2012,2020-05-20 09:32:44.100,5123.6000,14121,0,162851920.000,0,-,-,-,-,5121.0000,5120.6000,5120.4000,5115.8000,5115.6000,5124.4000,5124.6000,5125.0000,5125.6000,5126.4000,1,1,1,1,1,2,1,1,1,1
SF,IC2012,2020-05-20 09:32:44.600,5123.6000,14121,0,162851920.000,0,-,-,-,-,5121.2000,5121.0000,5120.4000,5115.8000,5115.6000,5124.4000,5124.6000,5125.0000,5125.6000,5126.4000,1,1,1,1,1,2,1,1,1,1
SF,IC2012,2020-05-20 09:32:45.600,5123.6000,14121,0,162851920.000,0,-,-,-,-,5121.4000,5121.2000,5120.4000,5115.8000,5115.6000,5124.4000,5124.6000,5125.0000,5125.6000,5126.4000,1,1,1,1,1,2,1,1,1,1
SF,IC2012,2020-05-20 09:32:46.100,5123.6000,14121,0,162851920.000,0,-,-,-,-,5121.6000,5121.4000,5120.4000,5115.8000,5115.6000,5124.4000,5124.6000,5125.0000,5125.6000,5126.4000,1,1,1,1,1,2,1,1,1,1
SF,IC2012,2020-05-20 09:32:46.600,5123.6000,14121,0,162851920.000,0,-,-,-,-,5121.6000,5120.4000,5115.8000,5115.6000,5115.2000,5124.0000,5124.4000,5124.6000,5125.0000,5125.6000,1,1,1,1,2,1,2,1,1,1
SF,IC2012,2020-05-20 09:32:47.100,5123.6000,14121,0,162851920.000,0,-,-,-,-,5121.6000,5120.4000,5115.8000,5115.6000,5115.2000,5123.6000,5123.8000,5124.0000,5124.4000,5124.6000,1,1,1,1,2,1,1,1,3,1
SF,IC2012,2020-05-20 09:32:47.600,5123.6000,14121,0,162851920.000,0,-,-,-,-,5121.8000,5121.6000,5120.4000,5115.8000,5115.6000,5123.8000,5124.0000,5124.4000,5124.6000,5125.0000,1,1,1,1,1,1,1,3,1,1
SF,IC2012,2020-05-20 09:32:48.100,5123.6000,14121,0,162851920.000,0,-,-,-,-,5122.0000,5120.4000,5115.8000,5115.6000,5115.2000,5123.8000,5124.4000,5124.6000,5125.0000,5126.4000,2,1,1,1,2,1,3,1,1,1
SF,IC2012,2020-05-20 09:32:50.100,5123.6000,14121,0,162851920.000,0,-,-,-,-,5122.0000,5120.4000,5115.8000,5115.6000,5115.2000,5123.8000,5124.2000,5124.4000,5124.6000,5125.0000,2,1,1,1,2,1,2,3,1,1
SF,IC2012,2020-05-20 09:32:50.600,5123.6000,14121,0,162851920.000,0,-,-,-,-,5122.0000,5120.4000,5115.8000,5115.6000,5115.2000,5123.8000,5124.2000,5124.4000,5124.6000,5125.0000,2,1,1,1,2,1,2,3,1,1
SF,IC2012,2020-05-20 09:32:53.600,5122.0000,14120,-1,163876320.000,1,0,1,双平,S,5120.4000,5115.8000,5115.6000,5115.2000,5115.0000,5123.8000,5124.0000,5124.2000,5124.4000,5124.6000,1,1,1,2,2,1,2,2,3,1
SF,IC2012,2020-05-20 09:32:54.100,5122.0000,14120,0,163876320.000,0,-,-,-,-,5122.2000,5120.6000,5120.4000,5115.8000,5115.6000,5123.6000,5123.8000,5124.0000,5124.2000,5124.4000,2,1,1,1,1,2,1,2,2,2
SF,IC2012,2020-05-20 09:32:54.600,5122.2000,14120,0,165925160.000,2,1,1,多换,S,5120.6000,5120.4000,5115.8000,5115.6000,5115.2000,5123.4000,5123.6000,5124.0000,5124.2000,5124.4000,1,1,1,1,2,1,1,2,2,2
SF,IC2012,2020-05-20 09:32:55.100,5122.2000,14120,0,165925160.000,0,-,-,-,-,5121.0000,5120.6000,5120.4000,5115.8000,5115.6000,5123.2000,5123.4000,5123.6000,5124.0000,5124.2000,1,1,1,1,1,1,1,1,2,2
SF,IC2012,2020-05-20 09:32:55.600,5122.2000,14120,0,165925160.000,0,-,-,-,-,5121.2000,5121.0000,5120.4000,5115.8000,5115.6000,5123.0000,5123.2000,5123.6000,5124.0000,5124.2000,1,1,1,1,1,1,1,1,2,2
SF,IC2012,2020-05-20 09:32:56.100,5122.2000,14120,0,165925160.000,0,-,-,-,-,5122.0000,5121.2000,5121.0000,5120.4000,5115.8000,5123.0000,5123.6000,5123.8000,5124.0000,5124.2000,1,1,1,1,1,1,1,2,2,2
SF,IC2012,2020-05-20 09:32:56.600,5122.2000,14120,0,165925160.000,0,-,-,-,-,5122.0000,5121.2000,5120.4000,5115.8000,5115.6000,5123.0000,5123.6000,5123.8000,5124.0000,5124.2000,1,1,1,1,1,1,1,2,2,2
SF,IC2012,2020-05-20 09:32:58.600,5122.2000,14120,0,165925160.000,0,-,-,-,-,5122.0000,5121.2000,5120.4000,5115.8000,5115.6000,5123.0000,5123.6000,5123.8000,5124.0000,5124.2000,1,1,1,1,1,4,1,2,2,2
SF,IC2012,2020-05-20 09:32:59.100,5122.0000,14119,-1,166949560.000,1,0,1,双平,S,5121.2000,5120.4000,5115.8000,5115.6000,5115.2000,5123.0000,5123.6000,5123.8000,5124.0000,5124.2000,1,1,1,1,2,4,1,2,2,2
SF,IC2012,2020-05-20 09:33:00.100,5122.0000,14119,0,166949560.000,0,-,-,-,-,5121.2000,5120.4000,5115.8000,5115.6000,5115.2000,5123.0000,5123.2000,5123.6000,5123.8000,5124.0000,1,1,1,1,2,4,1,3,2,2
SF,IC2012,2020-05-20 09:33:00.600,5122.0000,14119,0,166949560.000,0,-,-,-,-,5121.2000,5120.4000,5115.8000,5115.6000,5115.2000,5123.0000,5123.2000,5123.6000,5123.8000,5124.0000,1,1,1,1,2,4,1,3,2,2
SF,IC2012,2020-05-20 09:33:01.600,5121.2000,14118,-1,167973800.000,1,0,1,双平,S,5120.4000,5115.8000,5115.6000,5115.2000,5115.0000,5123.0000,5123.2000,5123.6000,5123.8000,5124.0000,1,1,1,2,2,4,1,3,2,2
SF,IC2012,2020-05-20 09:33:02.100,5121.2000,14118,0,167973800.000,0,-,-,-,-,5120.4000,5115.8000,5115.6000,5115.2000,5115.0000,5122.6000,5122.8000,5123.0000,5123.2000,5123.6000,1,1,1,2,2,1,1,4,1,3
SF,IC2012,2020-05-20 09:33:02.600,5121.2000,14118,0,167973800.000,0,-,-,-,-,5121.0000,5120.4000,5115.8000,5115.6000,5115.2000,5122.4000,5122.8000,5123.0000,5123.2000,5123.4000,1,1,1,1,2,1,2,3,1,2
SF,IC2012,2020-05-20 09:33:03.100,5121.0000,14118,0,168998000.000,1,0,1,多换,S,5120.4000,5115.8000,5115.6000,5115.2000,5115.0000,5121.0000,5122.0000,5122.8000,5123.0000,5123.2000,1,1,1,2,2,1,1,1,3,1
SF,IC2012,2020-05-20 09:33:03.600,5121.0000,14118,0,168998000.000,0,-,-,-,-,5120.4000,5115.8000,5115.6000,5115.2000,5115.0000,5121.0000,5122.8000,5123.0000,5123.2000,5123.4000,1,1,1,2,2,1,1,3,1,2
SF,IC2012,2020-05-20 09:33:04.100,5121.0000,14118,0,168998000.000,0,-,-,-,-,5120.4000,5115.8000,5115.6000,5115.2000,5115.0000,5121.0000,5122.8000,5123.0000,5123.2000,5123.4000,1,1,1,2,2,15,1,3,1,2
SF,IC2012,2020-05-20 09:33:04.600,5121.0000,14118,0,168998000.000,0,-,-,-,-,5120.4000,5115.8000,5115.6000,5115.2000,5115.0000,5121.0000,5123.0000,5123.2000,5123.4000,5123.6000,1,1,1,2,2,15,3,1,2,3
SF,IC2012,2020-05-20 09:33:05.100,5120.4000,14111,-7,176167280.000,7,0,7,双平,S,5115.8000,5115.6000,5115.2000,5115.0000,5110.2000,5120.4000,5121.0000,5123.0000,5123.2000,5123.4000,1,1,2,2,1,4,9,3,1,2
SF,IC2012,2020-05-20 09:33:05.600,5120.4000,14111,0,176167280.000,0,-,-,-,-,5116.8000,5116.0000,5115.8000,5115.6000,5115.2000,5120.2000,5120.4000,5121.0000,5123.0000,5123.2000,2,3,2,1,2,2,4,11,3,1
SF,IC2012,2020-05-20 09:33:06.100,5120.2000,14110,-1,178215360.000,2,0,2,多平,S,5117.0000,5116.8000,5115.8000,5115.6000,5115.2000,5120.4000,5121.0000,5123.0000,5123.2000,5123.4000,3,1,1,1,2,4,11,3,1,2
SF,IC2012,2020-05-20 09:33:06.600,5120.4000,14106,-4,182311680.000,4,0,4,双平,S,5117.4000,5117.0000,5116.8000,5115.8000,5115.6000,5121.0000,5123.0000,5123.2000,5123.4000,5123.6000,1,3,3,1,1,11,3,1,2,3
SF,IC2012,2020-05-20 09:33:07.100,5120.4000,14106,0,182311680.000,0,-,-,-,-,5119.2000,5117.6000,5117.4000,5116.8000,5115.8000,5120.8000,5121.0000,5123.0000,5123.2000,5123.4000,1,4,3,2,1,1,11,3,1,2
SF,IC2012,2020-05-20 09:33:07.600,5120.8000,14105,-1,183335840.000,1,0,1,双平,S,5119.4000,5117.6000,5117.4000,5116.8000,5115.8000,5120.8000,5121.0000,5123.0000,5123.2000,5123.4000,2,3,3,2,1,1,11,3,1,2
SF,IC2012,2020-05-20 09:33:08.100,5120.8000,14106,1,184360000.000,1,1,0,双开,S,5119.4000,5117.6000,5117.4000,5116.8000,5115.8000,5121.0000,5123.0000,5123.2000,5123.4000,5123.6000,2,3,3,2,1,11,3,1,2,3
SF,IC2012,2020-05-20 09:33:08.600,5121.0000,14100,-6,190505200.000,6,0,6,双平,S,5119.8000,5119.6000,5119.4000,5117.6000,5117.4000,5121.0000,5123.0000,5123.2000,5123.4000,5123.6000,1,1,1,3,3,5,3,1,2,3
SF,IC2012,2020-05-20 09:33:09.100,5121.0000,14099,-1,195625720.000,5,2,3,多平,S,5117.6000,5117.4000,5115.8000,5115.6000,5115.2000,5121.0000,5123.0000,5123.2000,5123.4000,5123.6000,3,3,1,1,2,3,3,1,2,3
SF,IC2012,2020-05-20 09:33:09.600,5121.0000,14099,0,195625720.000,0,-,-,-,-,5117.8000,5117.6000,5117.4000,5115.8000,5115.6000,5120.8000,5121.0000,5123.0000,5123.2000,5123.4000,1,3,3,1,1,1,3,3,1,2
SF,IC2012,2020-05-20 09:33:10.100,5121.0000,14099,0,195625720.000,0,-,-,-,-,5118.0000,5117.8000,5117.4000,5115.8000,5115.6000,5120.8000,5121.0000,5123.0000,5123.2000,5123.4000,3,1,1,1,1,1,3,3,1,2
SF,IC2012,2020-05-20 09:33:10.600,5121.0000,14099,0,195625720.000,0,-,-,-,-,5118.2000,5118.0000,5117.4000,5115.8000,5115.6000,5120.8000,5121.0000,5123.0000,5123.2000,5123.4000,1,2,1,1,1,1,3,3,1,2
SF,IC2012,2020-05-20 09:33:11.100,5121.0000,14099,0,195625720.000,0,-,-,-,-,5118.4000,5118.2000,5118.0000,5115.8000,5115.6000,5120.8000,5121.0000,5123.0000,5123.2000,5123.4000,1,1,1,1,1,3,14,3,1,2
SF,IC2012,2020-05-20 09:33:11.600,5118.6000,14098,-1,196649440.000,1,0,1,双平,S,5118.4000,5118.0000,5115.8000,5115.6000,5115.2000,5120.6000,5120.8000,5121.0000,5123.0000,5123.2000,1,1,1,1,2,1,3,14,3,1
SF,IC2012,2020-05-20 09:33:12.100,5118.4000,14098,0,197673120.000,1,0,1,多换,S,5118.0000,5115.8000,5115.6000,5115.2000,5115.0000,5120.4000,5120.6000,5120.8000,5121.0000,5123.0000,1,1,1,2,2,1,1,2,14,3
SF,IC2012,2020-05-20 09:33:12.600,5118.0000,14098,0,198696720.000,1,0,1,多换,S,5115.8000,5115.6000,5115.2000,5115.0000,5114.4000,5120.2000,5120.4000,5120.6000,5120.8000,5121.0000,1,1,2,2,1,1,1,1,2,14
SF,IC2012,2020-05-20 09:33:13.100,5118.0000,14098,0,198696720.000,0,-,-,-,-,5116.0000,5115.8000,5115.6000,5115.2000,5115.0000,5120.0000,5120.2000,5120.6000,5120.8000,5121.0000,2,2,1,2,2,2,1,1,2,14
SF,IC2012,2020-05-20 09:33:13.600,5118.0000,14098,0,198696720.000,0,-,-,-,-,5116.0000,5115.8000,5115.6000,5115.2000,5115.0000,5120.0000,5120.2000,5120.6000,5120.8000,5121.0000,2,2,1,2,2,2,1,1,2,14
SF,IC2012,2020-05-20 09:33:14.100,5118.0000,14098,0,198696720.000,0,-,-,-,-,5116.0000,5115.8000,5115.6000,5115.2000,5115.0000,5120.0000,5120.2000,5120.6000,5120.8000,5121.0000,2,2,1,2,2,2,1,3,2,14
SF,IC2012,2020-05-20 09:33:14.600,5118.0000,14098,0,198696720.000,0,-,-,-,-,5116.0000,5115.8000,5115.6000,5115.2000,5115.0000,5120.0000,5120.2000,5120.6000,5120.8000,5121.0000,2,2,1,2,2,2,1,3,2,14
SF,IC2012,2020-05-20 09:33:15.100,5118.0000,14098,0,198696720.000,0,-,-,-,-,5116.4000,5116.0000,5115.8000,5115.6000,5115.2000,5120.0000,5120.2000,5120.6000,5120.8000,5121.0000,1,2,2,1,2,2,1,3,2,14
SF,IC2012,2020-05-20 09:33:15.600,5118.0000,14098,0,198696720.000,0,-,-,-,-,5116.6000,5116.4000,5115.8000,5115.6000,5115.2000,5120.0000,5120.2000,5120.6000,5120.8000,5121.0000,2,1,2,1,2,2,1,2,2,14
SF,IC2012,2020-05-20 09:33:16.600,5118.0000,14098,0,198696720.000,0,-,-,-,-,5116.6000,5116.4000,5115.8000,5115.6000,5115.2000,5120.0000,5120.2000,5120.6000,5120.8000,5121.0000,2,1,2,1,3,2,1,2,2,14
SF,IC2012,2020-05-20 09:33:17.100,5118.0000,14098,0,198696720.000,0,-,-,-,-,5116.6000,5116.4000,5115.8000,5115.6000,5115.2000,5120.0000,5120.2000,5120.6000,5120.8000,5121.0000,2,1,2,1,3,3,1,2,2,14
SF,IC2012,2020-05-20 09:33:18.100,5118.0000,14098,0,198696720.000,0,-,-,-,-,5116.6000,5115.8000,5115.6000,5115.2000,5115.0000,5120.0000,5120.2000,5120.6000,5120.8000,5121.0000,2,2,1,3,2,3,1,2,2,14
SF,IC2012,2020-05-20 09:33:19.100,5118.0000,14098,0,198696720.000,0,-,-,-,-,5116.6000,5115.8000,5115.6000,5115.2000,5115.0000,5120.0000,5120.2000,5120.6000,5120.8000,5121.0000,2,2,1,3,2,3,1,2,2,14
SF,IC2012,2020-05-20 09:33:19.600,5118.0000,14098,0,198696720.000,0,-,-,-,-,5116.8000,5116.6000,5115.8000,5115.6000,5115.2000,5120.0000,5120.2000,5120.6000,5120.8000,5121.0000,2,3,1,1,3,3,1,2,2,14
SF,IC2012,2020-05-20 09:33:20.100,5118.0000,14098,0,198696720.000,0,-,-,-,-,5117.2000,5117.0000,5116.8000,5116.6000,5115.8000,5120.0000,5120.2000,5120.6000,5120.8000,5121.0000,1,2,2,1,1,4,1,2,2,14
SF,IC2012,2020-05-20 09:33:20.600,5118.0000,14098,0,198696720.000,0,-,-,-,-,5117.6000,5117.4000,5117.2000,5116.8000,5116.6000,5120.0000,5120.6000,5120.8000,5121.0000,5123.0000,2,3,1,2,2,4,2,2,14,3
SF,IC2012,2020-05-20 09:33:21.100,5118.0000,14098,0,198696720.000,0,-,-,-,-,5118.0000,5117.8000,5117.4000,5117.2000,5117.0000,5120.0000,5120.6000,5120.8000,5121.0000,5123.0000,2,1,2,1,1,4,2,2,14,3
SF,IC2012,2020-05-20 09:33:21.600,5118.0000,14098,0,198696720.000,0,-,-,-,-,5117.8000,5117.6000,5117.4000,5117.0000,5116.8000,5120.0000,5120.6000,5120.8000,5121.0000,5123.0000,1,1,2,1,2,3,2,2,14,3
SF,IC2012,2020-05-20 09:33:22.100,5118.0000,14098,0,198696720.000,0,-,-,-,-,5117.8000,5117.4000,5117.0000,5116.6000,5115.8000,5120.0000,5120.6000,5120.8000,5121.0000,5123.0000,1,2,1,2,1,3,2,2,14,3
SF,IC2012,2020-05-20 09:33:22.600,5118.0000,14098,0,198696720.000,0,-,-,-,-,5117.8000,5117.4000,5117.0000,5116.6000,5115.8000,5120.0000,5120.6000,5120.8000,5121.0000,5123.0000,1,2,1,2,1,3,2,2,14,3
SF,IC2012,2020-05-20 09:33:23.600,5118.0000,14098,0,198696720.000,0,-,-,-,-,5117.8000,5117.4000,5117.0000,5116.6000,5115.8000,5120.0000,5120.6000,5120.8000,5121.0000,5123.0000,1,2,1,2,1,3,2,2,14,3
SF,IC2012,2020-05-20 09:33:24.600,5118.0000,14098,0,198696720.000,0,-,-,-,-,5118.2000,5117.8000,5117.4000,5117.0000,5116.6000,5120.0000,5120.6000,5120.8000,5121.0000,5123.0000,1,1,2,1,2,3,2,2,14,3
SF,IC2012,2020-05-20 09:33:25.100,5120.0000,14099,1,201768720.000,3,2,1,空开,S,5118.4000,5118.2000,5117.4000,5117.0000,5116.6000,5120.6000,5120.8000,5121.0000,5123.0000,5123.2000,1,1,2,1,2,2,2,14,3,1
SF,IC2012,2020-05-20 09:33:25.600,5120.6000,14100,1,203816960.000,2,1,1,空开,S,5120.6000,5118.4000,5118.2000,5117.4000,5117.0000,5120.8000,5121.0000,5123.0000,5123.2000,5123.4000,1,1,1,2,1,2,14,3,1,2
SF,IC2012,2020-05-20 09:33:26.100,5120.6000,14099,-1,207913520.000,4,1,3,多平,S,5120.8000,5118.4000,5117.4000,5117.0000,5116.6000,5121.0000,5123.0000,5123.2000,5123.4000,5123.6000,1,1,1,1,2,14,3,1,2,2
SF,IC2012,2020-05-20 09:33:26.600,5121.0000,14099,0,215082840.000,7,3,4,多换,S,5118.4000,5117.4000,5117.0000,5116.6000,5115.8000,5121.0000,5123.0000,5123.2000,5123.4000,5123.6000,1,1,1,2,1,9,3,1,2,2
SF,IC2012,2020-05-20 09:33:27.100,5121.0000,14099,0,215082840.000,0,-,-,-,-,5118.8000,5118.4000,5117.4000,5117.0000,5116.6000,5120.8000,5121.0000,5123.0000,5123.2000,5123.4000,1,1,1,1,2,2,9,3,1,2
SF,IC2012,2020-05-20 09:33:27.600,5121.0000,14099,0,215082840.000,0,-,-,-,-,5119.0000,5118.8000,5117.4000,5117.0000,5116.6000,5120.8000,5121.0000,5123.0000,5123.2000,5123.4000,1,1,1,1,2,1,9,3,1,2
SF,IC2012,2020-05-20 09:33:28.100,5121.0000,14099,0,215082840.000,0,-,-,-,-,5119.0000,5117.4000,5117.0000,5116.6000,5115.8000,5120.8000,5121.0000,5123.0000,5123.2000,5123.4000,1,1,1,2,1,1,9,3,1,2
SF,IC2012,2020-05-20 09:33:28.600,5121.0000,14099,0,215082840.000,0,-,-,-,-,5119.0000,5117.4000,5117.0000,5116.6000,5115.8000,5120.8000,5121.0000,5123.0000,5123.2000,5123.4000,1,1,1,2,1,1,9,3,1,2
SF,IC2012,2020-05-20 09:33:29.100,5121.0000,14099,0,216107040.000,1,0,1,多换,S,5119.0000,5117.4000,5117.0000,5116.6000,5115.8000,5121.0000,5123.0000,5123.2000,5123.4000,5123.6000,1,1,1,2,1,9,3,1,2,2
SF,IC2012,2020-05-20 09:33:29.600,5121.0000,14099,0,216107040.000,0,-,-,-,-,5119.0000,5117.4000,5117.0000,5116.6000,5115.8000,5120.8000,5121.0000,5123.0000,5123.2000,5123.4000,1,1,1,1,1,1,9,3,1,2
SF,IC2012,2020-05-20 09:33:30.600,5121.0000,14099,0,216107040.000,0,-,-,-,-,5119.0000,5117.4000,5117.0000,5116.6000,5115.8000,5120.6000,5120.8000,5121.0000,5123.0000,5123.2000,1,1,1,1,1,1,3,9,3,1
SF,IC2012,2020-05-20 09:33:31.100,5121.0000,14099,0,216107040.000,0,-,-,-,-,5119.2000,5119.0000,5117.4000,5117.0000,5116.6000,5120.6000,5120.8000,5121.0000,5123.0000,5123.2000,1,1,1,1,1,1,1,9,3,1
SF,IC2012,2020-05-20 09:33:31.600,5121.0000,14099,0,216107040.000,0,-,-,-,-,5119.4000,5119.2000,5117.4000,5117.0000,5116.6000,5120.6000,5120.8000,5121.0000,5123.0000,5123.2000,1,1,1,1,1,1,1,9,3,1
SF,IC2012,2020-05-20 09:33:32.100,5121.0000,14099,0,216107040.000,0,-,-,-,-,5119.4000,5117.4000,5117.0000,5116.6000,5115.8000,5120.6000,5120.8000,5121.0000,5123.0000,5123.2000,1,1,1,1,1,1,1,9,3,1
SF,IC2012,2020-05-20 09:33:32.600,5121.0000,14099,0,216107040.000,0,-,-,-,-,5120.6000,5119.6000,5119.4000,5117.4000,5117.0000,5120.8000,5121.0000,5123.0000,5123.2000,5123.4000,1,2,1,1,1,1,9,3,1,2
SF,IC2012,2020-05-20 09:33:33.100,5120.6000,14099,0,217131160.000,1,0,1,多换,S,5119.4000,5117.4000,5117.0000,5116.6000,5115.8000,5120.4000,5120.6000,5120.8000,5121.0000,5123.0000,1,1,1,1,1,1,1,1,9,3
SF,IC2012,2020-05-20 09:33:33.600,5120.6000,14099,0,217131160.000,0,-,-,-,-,5119.4000,5117.4000,5117.0000,5116.6000,5115.8000,5120.4000,5120.6000,5120.8000,5121.0000,5121.8000,1,1,1,1,1,1,1,1,9,1
SF,IC2012,2020-05-20 09:33:34.600,5120.6000,14099,0,217131160.000,0,-,-,-,-,5119.4000,5117.4000,5117.0000,5116.6000,5115.8000,5120.4000,5120.6000,5120.8000,5121.0000,5121.4000,1,1,1,1,1,1,1,1,9,1
SF,IC2012,2020-05-20 09:33:35.100,5120.6000,14099,0,217131160.000,0,-,-,-,-,5119.4000,5117.4000,5116.6000,5115.8000,5115.6000,5120.4000,5120.6000,5120.8000,5121.0000,5121.4000,1,1,1,1,1,1,1,1,9,1
SF,IC2012,2020-05-20 09:33:35.600,5120.6000,14098,-1,219179360.000,2,0,2,多平,S,5119.4000,5117.4000,5116.6000,5115.8000,5115.6000,5120.8000,5121.0000,5121.4000,5121.8000,5122.8000,1,1,1,1,1,1,9,1,1,1
SF,IC2012,2020-05-20 09:33:36.100,5120.8000,14097,-1,220203520.000,1,0,1,双平,S,5119.8000,5119.4000,5117.4000,5116.6000,5115.8000,5121.0000,5121.4000,5121.8000,5122.8000,5123.0000,1,1,1,1,1,9,1,1,1,3
SF,IC2012,2020-05-20 09:33:36.600,5119.4000,14096,-1,221227400.000,1,0,1,双平,S,5117.4000,5116.6000,5115.8000,5115.6000,5115.2000,5119.4000,5121.0000,5121.4000,5121.8000,5122.8000,1,1,1,1,4,4,9,1,1,1
SF,IC2012,2020-05-20 09:33:37.100,5119.4000,14092,-4,225322920.000,4,0,4,双平,S,5119.4000,5117.6000,5117.4000,5115.8000,5115.6000,5119.8000,5121.0000,5121.4000,5123.0000,5123.2000,5,3,2,1,1,1,9,1,3,1
SF,IC2012,2020-05-20 09:33:37.600,5119.8000,14092,0,226346880.000,1,0,1,多换,S,5119.8000,5119.4000,5118.0000,5117.6000,5117.4000,5121.0000,5121.4000,5123.0000,5123.2000,5123.4000,2,1,1,1,1,9,1,3,1,2
SF,IC2012,2020-05-20 09:33:38.600,5119.8000,14092,0,226346880.000,0,-,-,-,-,5119.8000,5119.4000,5118.0000,5117.6000,5117.4000,5121.0000,5121.4000,5123.0000,5123.2000,5123.4000,1,1,1,1,1,9,1,3,1,2
SF,IC2012,2020-05-20 09:33:39.100,5119.8000,14092,0,226346880.000,0,-,-,-,-,5119.4000,5118.0000,5117.6000,5117.4000,5115.8000,5121.0000,5121.4000,5123.0000,5123.2000,5123.4000,1,1,1,1,1,9,1,3,1,2
SF,IC2012,2020-05-20 09:33:39.600,5119.8000,14092,0,226346880.000,0,-,-,-,-,5119.4000,5118.0000,5117.6000,5117.4000,5115.8000,5120.8000,5121.0000,5123.0000,5123.2000,5123.4000,1,1,1,1,1,1,9,3,1,2
SF,IC2012,2020-05-20 09:33:40.600,5119.8000,14092,0,226346880.000,0,-,-,-,-,5118.0000,5117.6000,5117.4000,5115.8000,5115.6000,5120.8000,5121.0000,5123.0000,5123.2000,5123.4000,1,1,1,1,1,1,9,3,1,2
SF,IC2012,2020-05-20 09:33:41.100,5119.8000,14092,0,226346880.000,0,-,-,-,-,5118.4000,5118.2000,5118.0000,5117.4000,5116.6000,5120.6000,5120.8000,5123.0000,5123.2000,5123.4000,1,3,1,1,1,1,1,3,1,2
SF,IC2012,2020-05-20 09:33:41.600,5119.8000,14092,0,226346880.000,0,-,-,-,-,5118.6000,5118.4000,5118.0000,5117.4000,5116.6000,5120.4000,5120.6000,5123.0000,5123.2000,5123.4000,3,1,1,1,1,1,1,3,1,2
SF,IC2012,2020-05-20 09:33:42.100,5119.8000,14092,0,226346880.000,0,-,-,-,-,5118.8000,5118.6000,5118.4000,5118.0000,5117.4000,5120.4000,5123.0000,5123.2000,5123.4000,5123.6000,2,1,1,1,1,1,3,1,2,2
SF,IC2012,2020-05-20 09:33:42.600,5120.4000,14092,0,227370960.000,1,0,1,多换,S,5120.4000,5119.0000,5118.0000,5117.4000,5116.6000,5123.0000,5123.2000,5123.4000,5123.6000,5123.8000,1,5,1,1,1,3,1,2,2,2
SF,IC2012,2020-05-20 09:33:43.100,5120.4000,14092,0,227370960.000,0,-,-,-,-,5120.4000,5119.0000,5117.4000,5115.8000,5115.6000,5120.6000,5122.8000,5123.0000,5123.2000,5123.4000,1,3,1,1,1,2,3,3,1,2
SF,IC2012,2020-05-20 09:33:43.600,5120.6000,14092,0,229419200.000,2,1,1,多换,S,5120.8000,5120.4000,5119.0000,5117.4000,5115.8000,5122.8000,5123.0000,5123.2000,5123.4000,5123.6000,2,1,3,1,1,3,3,1,2,2
SF,IC2012,2020-05-20 09:33:44.100,5120.6000,14092,0,229419200.000,0,-,-,-,-,5120.8000,5120.4000,5119.0000,5117.4000,5115.8000,5122.8000,5123.0000,5123.2000,5123.4000,5123.6000,2,1,3,1,1,2,3,1,2,2
SF,IC2012,2020-05-20 09:33:44.600,5120.6000,14092,0,229419200.000,0,-,-,-,-,5121.0000,5120.8000,5120.4000,5119.0000,5117.4000,5122.4000,5122.8000,5123.0000,5123.2000,5123.4000,1,2,1,2,1,1,2,3,1,2
SF,IC2012,2020-05-20 09:33:45.100,5120.6000,14092,0,229419200.000,0,-,-,-,-,5121.0000,5120.8000,5120.4000,5119.0000,5117.4000,5122.4000,5122.6000,5122.8000,5123.0000,5123.2000,1,2,1,2,1,1,1,2,3,1
SF,IC2012,2020-05-20 09:33:45.600,5121.0000,14091,-1,230443400.000,1,0,1,双平,S,5120.8000,5120.4000,5119.0000,5117.4000,5115.8000,5121.8000,5122.4000,5122.6000,5122.8000,5123.0000,2,1,2,1,1,1,1,1,2,3
SF,IC2012,2020-05-20 09:33:46.100,5120.8000,14090,-1,231467560.000,1,0,1,双平,S,5120.4000,5119.0000,5117.4000,5115.8000,5115.6000,5122.4000,5122.6000,5122.8000,5123.0000,5123.2000,1,2,1,1,1,1,1,2,3,1
SF,IC2012,2020-05-20 09:33:46.600,5120.8000,14090,0,231467560.000,0,-,-,-,-,5120.6000,5120.4000,5119.0000,5118.8000,5117.4000,5122.2000,5122.4000,5122.6000,5122.8000,5123.0000,2,1,2,1,1,1,1,1,1,3
SF,IC2012,2020-05-20 09:33:47.100,5120.8000,14090,0,231467560.000,0,-,-,-,-,5120.6000,5120.4000,5119.0000,5118.8000,5117.4000,5122.2000,5122.4000,5122.6000,5122.8000,5123.0000,1,1,2,1,1,1,1,1,1,3
SF,IC2012,2020-05-20 09:33:47.600,5120.8000,14090,0,231467560.000,0,-,-,-,-,5120.8000,5120.6000,5120.4000,5119.0000,5118.8000,5122.2000,5122.6000,5122.8000,5123.0000,5123.2000,2,1,1,2,1,3,1,1,3,1
SF,IC2012,2020-05-20 09:33:48.100,5120.8000,14090,0,231467560.000,0,-,-,-,-,5121.0000,5120.8000,5120.4000,5119.0000,5118.8000,5122.2000,5122.8000,5123.0000,5123.2000,5123.4000,1,2,1,2,1,2,1,3,1,2
SF,IC2012,2020-05-20 09:33:48.600,5121.2000,14089,-1,234540680.000,3,1,2,多平,S,5121.2000,5121.0000,5120.4000,5119.0000,5118.8000,5122.8000,5123.0000,5123.2000,5123.4000,5123.6000,2,1,1,2,1,1,3,1,2,2
SF,IC2012,2020-05-20 09:33:49.100,5122.8000,14089,0,235565240.000,1,0,1,多换,S,5121.4000,5120.4000,5119.0000,5117.4000,5115.8000,5123.0000,5123.2000,5123.4000,5123.6000,5123.8000,3,1,2,1,1,3,1,2,2,2
SF,IC2012,2020-05-20 09:33:49.600,5122.8000,14089,0,235565240.000,0,-,-,-,-,5121.4000,5120.4000,5119.0000,5117.4000,5115.8000,5122.8000,5123.0000,5123.2000,5123.4000,5123.6000,3,1,2,1,1,1,3,1,2,2
SF,IC2012,2020-05-20 09:33:51.100,5121.4000,14087,-2,238638080.000,3,0,3,多平,S,5120.4000,5119.0000,5117.4000,5115.8000,5115.6000,5122.8000,5123.0000,5123.2000,5123.4000,5123.6000,1,2,1,1,1,1,3,1,2,2
SF,IC2012,2020-05-20 09:33:51.600,5121.4000,14087,0,238638080.000,0,-,-,-,-,5120.4000,5119.0000,5118.8000,5117.4000,5115.8000,5122.4000,5122.8000,5123.0000,5123.2000,5123.4000,1,2,1,1,1,1,1,3,1,2
SF,IC2012,2020-05-20 09:33:52.100,5122.2000,14087,0,239662520.000,1,0,1,多换,S,5120.6000,5120.4000,5119.0000,5118.8000,5117.4000,5122.2000,5122.6000,5123.0000,5123.2000,5123.4000,1,1,2,1,1,3,1,3,1,2
SF,IC2012,2020-05-20 09:33:52.600,5122.2000,14087,0,239662520.000,0,-,-,-,-,5120.6000,5120.4000,5119.0000,5118.8000,5117.4000,5122.0000,5122.2000,5122.6000,5123.0000,5123.2000,1,1,2,1,1,3,1,1,3,1
SF,IC2012,2020-05-20 09:33:53.100,5122.2000,14087,0,239662520.000,0,-,-,-,-,5120.6000,5120.4000,5119.0000,5118.8000,5117.4000,5122.0000,5122.2000,5122.6000,5123.0000,5123.2000,1,1,2,1,1,2,1,1,3,1
SF,IC2012,2020-05-20 09:33:53.600,5122.2000,14087,0,239662520.000,0,-,-,-,-,5120.6000,5120.4000,5119.0000,5118.8000,5117.4000,5122.2000,5122.6000,5123.0000,5123.2000,5123.4000,1,1,2,1,1,1,1,3,1,2
SF,IC2012,2020-05-20 09:33:55.600,5122.2000,14087,0,239662520.000,0,-,-,-,-,5120.6000,5120.4000,5119.0000,5118.8000,5117.4000,5122.2000,5123.0000,5123.2000,5123.4000,5123.6000,1,1,2,1,1,1,3,1,2,2
SF,IC2012,2020-05-20 09:33:56.100,5122.2000,14087,0,239662520.000,0,-,-,-,-,5120.6000,5120.4000,5119.0000,5118.8000,5117.4000,5122.2000,5123.0000,5123.4000,5123.6000,5123.8000,1,1,2,1,1,2,3,2,2,2
SF,IC2012,2020-05-20 09:33:58.600,5122.2000,14087,0,239662520.000,0,-,-,-,-,5120.8000,5120.6000,5120.4000,5119.0000,5118.8000,5122.2000,5123.0000,5123.4000,5123.6000,5123.8000,4,1,1,2,1,2,3,2,2,2
SF,IC2012,2020-05-20 09:34:00.600,5122.2000,14085,-2,241711400.000,2,0,2,双平,S,5122.6000,5122.2000,5120.8000,5120.6000,5120.4000,5123.0000,5123.4000,5123.6000,5123.8000,5124.0000,1,1,4,1,1,3,2,2,2,2
SF,IC2012,2020-05-20 09:34:01.100,5122.4000,14085,0,242735880.000,1,0,1,多换,S,5120.8000,5120.6000,5120.4000,5119.0000,5117.4000,5122.4000,5123.0000,5123.4000,5123.6000,5123.8000,4,1,1,2,1,1,3,2,2,2
SF,IC2012,2020-05-20 09:34:01.600,5122.4000,14085,0,242735880.000,0,-,-,-,-,5121.0000,5120.8000,5120.4000,5119.2000,5119.0000,5123.0000,5123.4000,5123.6000,5123.8000,5124.0000,1,4,1,1,2,3,2,2,2,2
SF,IC2012,2020-05-20 09:34:02.100,5122.4000,14085,0,242735880.000,0,-,-,-,-,5121.0000,5120.8000,5120.4000,5119.2000,5119.0000,5122.8000,5123.0000,5123.4000,5123.6000,5123.8000,1,4,1,1,2,3,3,2,2,2
SF,IC2012,2020-05-20 09:34:02.600,5122.4000,14085,0,242735880.000,0,-,-,-,-,5121.0000,5120.8000,5120.4000,5119.2000,5119.0000,5122.8000,5123.0000,5123.4000,5123.6000,5123.8000,1,4,1,1,2,3,3,2,2,2
SF,IC2012,2020-05-20 09:34:03.600,5122.4000,14085,0,242735880.000,0,-,-,-,-,5121.0000,5120.8000,5120.4000,5119.2000,5119.0000,5122.8000,5123.0000,5123.4000,5123.6000,5123.8000,1,4,1,1,2,3,3,2,2,2
SF,IC2012,2020-05-20 09:34:04.100,5122.4000,14085,0,242735880.000,0,-,-,-,-,5121.0000,5120.8000,5120.4000,5119.2000,5119.0000,5123.0000,5123.4000,5123.6000,5123.8000,5124.0000,1,4,1,1,2,3,2,2,2,2
SF,IC2012,2020-05-20 09:34:04.600,5122.8000,14085,0,243760440.000,1,0,1,多换,S,5121.0000,5120.8000,5120.4000,5119.2000,5119.0000,5123.0000,5123.4000,5123.6000,5123.8000,5124.0000,1,4,1,1,2,3,2,2,2,2
SF,IC2012,2020-05-20 09:34:07.600,5123.0000,14082,-3,246834240.000,3,0,3,双平,S,5121.0000,5120.8000,5120.4000,5119.2000,5119.0000,5123.4000,5123.6000,5123.8000,5124.0000,5124.2000,1,4,1,1,2,2,2,2,2,2
SF,IC2012,2020-05-20 09:34:08.100,5123.0000,14082,0,246834240.000,0,-,-,-,-,5121.0000,5120.8000,5120.4000,5119.2000,5119.0000,5123.4000,5123.6000,5123.8000,5124.0000,5124.2000,1,4,1,1,2,2,2,2,2,2
SF,IC2012,2020-05-20 09:34:08.600,5123.4000,14082,0,248883600.000,2,1,1,多换,S,5121.0000,5120.8000,5120.4000,5119.2000,5119.0000,5123.6000,5123.8000,5124.0000,5124.2000,5124.4000,1,4,1,1,2,2,2,2,2,3
SF,IC2012,2020-05-20 09:34:09.100,5123.6000,14082,0,250933000.000,2,1,1,多换,S,5121.2000,5121.0000,5120.8000,5120.4000,5119.2000,5123.6000,5123.8000,5124.0000,5124.2000,5124.4000,2,2,4,1,1,1,2,2,2,3
SF,IC2012,2020-05-20 09:34:09.600,5123.6000,14082,0,250933000.000,0,-,-,-,-,5121.4000,5121.2000,5120.8000,5120.4000,5119.2000,5123.6000,5123.8000,5124.0000,5124.2000,5124.4000,1,2,4,1,1,1,2,2,2,3
SF,IC2012,2020-05-20 09:34:10.100,5123.6000,14082,0,251957720.000,1,0,1,多换,S,5123.6000,5121.6000,5121.4000,5121.2000,5120.8000,5123.8000,5124.0000,5124.2000,5124.4000,5127.8000,1,1,1,1,4,2,2,2,3,1
SF,IC2012,2020-05-20 09:34:10.600,5123.6000,14080,-2,257081400.000,5,1,4,多平,S,5121.6000,5121.4000,5121.2000,5120.8000,5119.0000,5124.0000,5124.2000,5124.4000,5127.8000,5128.8000,1,1,1,4,2,2,2,3,1,1
SF,IC2012,2020-05-20 09:34:11.100,5123.6000,14080,0,257081400.000,0,-,-,-,-,5121.8000,5121.6000,5121.2000,5120.8000,5119.0000,5124.0000,5124.2000,5124.4000,5127.8000,5128.8000,1,1,1,4,2,2,2,3,1,1
SF,IC2012,2020-05-20 09:34:11.600,5123.6000,14080,0,257081400.000,0,-,-,-,-,5122.0000,5121.8000,5121.2000,5120.8000,5119.0000,5124.0000,5124.2000,5124.4000,5127.8000,5128.8000,1,1,1,4,2,2,2,3,1,1
SF,IC2012,2020-05-20 09:34:12.100,5123.6000,14080,0,257081400.000,0,-,-,-,-,5122.2000,5122.0000,5121.2000,5120.8000,5119.0000,5124.0000,5124.2000,5124.4000,5127.8000,5128.8000,1,1,1,4,2,2,2,3,1,1
SF,IC2012,2020-05-20 09:34:12.600,5124.0000,14080,0,259131000.000,2,1,1,多换,S,5122.2000,5122.0000,5121.2000,5120.8000,5119.0000,5124.2000,5124.4000,5127.8000,5128.8000,5129.2000,2,1,1,4,2,2,3,1,1,1
SF,IC2012,2020-05-20 09:34:13.100,5124.2000,14081,1,261180680.000,2,1,1,空开,S,5124.2000,5122.4000,5122.2000,5122.0000,5121.2000,5124.4000,5127.8000,5128.8000,5129.2000,5130.0000,2,1,2,1,1,3,1,1,1,1
SF,IC2012,2020-05-20 09:34:13.600,5124.4000,14080,-1,264255320.000,3,1,2,多平,S,5124.6000,5124.4000,5122.4000,5122.2000,5122.0000,5127.8000,5128.8000,5129.2000,5130.0000,5133.0000,2,3,1,1,1,1,1,1,1,15
SF,IC2012,2020-05-20 09:34:14.100,5124.4000,14080,0,264255320.000,0,-,-,-,-,5124.8000,5124.6000,5124.4000,5123.6000,5122.4000,5127.6000,5127.8000,5128.8000,5129.2000,5130.0000,2,2,3,1,1,1,1,1,1,1
SF,IC2012,2020-05-20 09:34:14.600,5124.4000,14080,0,264255320.000,0,-,-,-,-,5124.8000,5124.6000,5123.6000,5122.4000,5122.0000,5127.2000,5127.6000,5127.8000,5128.8000,5129.2000,2,2,1,1,1,2,1,1,1,1
SF,IC2012,2020-05-20 09:34:15.100,5124.4000,14080,0,264255320.000,0,-,-,-,-,5124.8000,5124.6000,5123.6000,5122.4000,5122.0000,5126.8000,5127.0000,5127.8000,5128.8000,5129.2000,2,2,1,1,1,2,2,1,1,1
SF,IC2012,2020-05-20 09:34:15.600,5124.4000,14080,0,264255320.000,0,-,-,-,-,5124.8000,5124.6000,5123.6000,5122.4000,5122.0000,5126.6000,5127.0000,5127.8000,5128.8000,5129.2000,1,2,1,1,1,3,1,1,1,1
SF,IC2012,2020-05-20 09:34:16.100,5124.4000,14080,0,264255320.000,0,-,-,-,-,5124.8000,5124.6000,5123.6000,5122.4000,5122.0000,5126.6000,5127.8000,5128.8000,5129.2000,5130.0000,1,2,1,1,1,3,1,1,1,1
SF,IC2012,2020-05-20 09:34:16.600,5124.4000,14080,0,264255320.000,0,-,-,-,-,5124.8000,5124.6000,5123.6000,5122.4000,5120.8000,5126.6000,5127.8000,5128.8000,5129.2000,5130.0000,1,2,1,1,4,3,1,1,1,1
SF,IC2012,2020-05-20 09:34:17.100,5124.8000,14079,-1,265280280.000,1,0,1,双平,S,5123.6000,5122.4000,5120.8000,5119.0000,5117.4000,5126.4000,5126.6000,5127.8000,5128.8000,5129.2000,1,1,4,2,1,1,3,1,1,1
SF,IC2012,2020-05-20 09:34:17.600,5124.8000,14079,0,265280280.000,0,-,-,-,-,5123.8000,5123.6000,5122.4000,5121.6000,5120.8000,5126.0000,5126.2000,5126.4000,5127.8000,5128.8000,1,1,1,1,4,2,1,1,1,1
SF,IC2012,2020-05-20 09:34:18.100,5124.8000,14079,0,265280280.000,0,-,-,-,-,5123.8000,5123.6000,5122.4000,5121.6000,5120.8000,5125.8000,5126.0000,5126.4000,5127.8000,5128.8000,1,1,1,1,4,1,2,1,1,1
SF,IC2012,2020-05-20 09:34:18.600,5124.8000,14079,0,265280280.000,0,-,-,-,-,5123.8000,5123.6000,5122.4000,5121.6000,5120.8000,5125.8000,5126.4000,5127.8000,5128.8000,5129.2000,1,1,1,1,4,1,1,1,1,1
SF,IC2012,2020-05-20 09:34:19.100,5124.8000,14079,0,265280280.000,0,-,-,-,-,5123.8000,5123.6000,5122.4000,5121.6000,5120.8000,5125.6000,5125.8000,5126.4000,5127.8000,5128.8000,1,1,1,1,4,1,1,1,1,1
SF,IC2012,2020-05-20 09:34:19.600,5124.8000,14079,0,265280280.000,0,-,-,-,-,5123.8000,5123.6000,5122.4000,5121.6000,5120.8000,5125.6000,5125.8000,5126.4000,5127.8000,5128.8000,1,1,1,1,4,1,1,1,1,1
SF,IC2012,2020-05-20 09:34:20.100,5124.8000,14079,0,265280280.000,0,-,-,-,-,5123.8000,5123.6000,5122.4000,5121.6000,5120.8000,5125.2000,5125.6000,5125.8000,5127.8000,5128.8000,1,1,1,1,4,1,1,1,1,1
SF,IC2012,2020-05-20 09:34:20.600,5124.8000,14079,0,265280280.000,0,-,-,-,-,5123.8000,5123.6000,5122.4000,5121.6000,5120.8000,5125.2000,5125.8000,5127.8000,5128.8000,5129.2000,1,1,1,1,4,1,1,1,1,1
SF,IC2012,2020-05-20 09:34:21.100,5124.8000,14079,0,265280280.000,0,-,-,-,-,5122.4000,5121.6000,5120.8000,5119.0000,5117.4000,5123.6000,5123.8000,5124.8000,5125.0000,5125.2000,1,1,4,2,1,1,2,1,1,1
SF,IC2012,2020-05-20 09:34:21.600,5124.8000,14079,0,265280280.000,0,-,-,-,-,5121.6000,5120.8000,5119.0000,5117.4000,5115.8000,5123.4000,5123.6000,5123.8000,5125.0000,5125.2000,1,4,2,1,1,2,1,2,1,1
SF,IC2012,2020-05-20 09:34:22.100,5124.8000,14079,0,265280280.000,0,-,-,-,-,5121.8000,5121.6000,5120.8000,5120.0000,5119.0000,5123.2000,5123.4000,5123.6000,5123.8000,5125.2000,1,1,4,1,2,1,2,1,2,1
SF,IC2012,2020-05-20 09:34:22.600,5124.8000,14079,0,265280280.000,0,-,-,-,-,5121.8000,5121.6000,5120.8000,5120.0000,5119.0000,5123.2000,5123.4000,5123.6000,5123.8000,5125.2000,1,1,4,1,2,1,2,1,2,1
SF,IC2012,2020-05-20 09:34:23.100,5124.8000,14079,0,265280280.000,0,-,-,-,-,5121.8000,5121.6000,5120.8000,5120.0000,5119.0000,5123.2000,5123.4000,5123.6000,5123.8000,5125.2000,1,1,4,1,2,1,2,1,2,1
SF,IC2012,2020-05-20 09:34:23.600,5124.8000,14079,0,265280280.000,0,-,-,-,-,5121.8000,5121.6000,5120.8000,5120.0000,5119.0000,5123.4000,5123.6000,5123.8000,5125.2000,5127.8000,1,1,4,1,2,2,1,2,1,1
SF,IC2012,2020-05-20 09:34:24.100,5124.8000,14079,0,265280280.000,0,-,-,-,-,5121.8000,5121.6000,5120.8000,5120.0000,5119.0000,5125.2000,5127.8000,5128.8000,5129.2000,5130.0000,1,1,4,1,2,1,1,1,1,1
SF,IC2012,2020-05-20 09:34:24.600,5124.8000,14079,0,265280280.000,0,-,-,-,-,5121.8000,5121.6000,5120.8000,5120.0000,5119.0000,5125.0000,5125.2000,5127.8000,5128.8000,5129.2000,1,1,4,1,2,1,1,1,1,1
SF,IC2012,2020-05-20 09:34:25.100,5124.8000,14079,0,265280280.000,0,-,-,-,-,5122.0000,5121.8000,5121.6000,5120.8000,5120.0000,5125.0000,5125.2000,5127.8000,5128.8000,5129.2000,1,1,1,4,1,1,1,1,1,1
SF,IC2012,2020-05-20 09:34:25.600,5124.8000,14079,0,265280280.000,0,-,-,-,-,5122.2000,5122.0000,5121.6000,5120.8000,5120.0000,5125.0000,5125.2000,5127.8000,5128.8000,5129.2000,1,1,1,4,1,1,1,1,1,1
SF,IC2012,2020-05-20 09:34:26.100,5124.8000,14079,0,265280280.000,0,-,-,-,-,5122.4000,5122.2000,5121.6000,5120.8000,5120.0000,5124.6000,5125.0000,5125.2000,5127.8000,5128.8000,1,1,1,4,2,2,1,1,1,1
SF,IC2012,2020-05-20 09:34:26.600,5124.8000,14079,0,265280280.000,0,-,-,-,-,5122.6000,5122.4000,5121.6000,5120.8000,5120.0000,5125.0000,5125.2000,5127.8000,5128.8000,5129.2000,1,1,1,4,1,1,1,1,1,1
SF,IC2012,2020-05-20 09:34:27.100,5124.8000,14079,0,265280280.000,0,-,-,-,-,5122.6000,5122.4000,5121.6000,5120.8000,5120.0000,5124.6000,5125.0000,5125.2000,5127.8000,5128.8000,1,1,1,4,1,2,1,1,1,1
SF,IC2012,2020-05-20 09:34:27.600,5122.4000,14079,0,267329280.000,2,1,1,多换,S,5121.6000,5120.8000,5120.0000,5119.0000,5117.4000,5124.4000,5125.2000,5127.8000,5128.8000,5129.2000,1,4,1,2,1,3,1,1,1,1
SF,IC2012,2020-05-20 09:34:28.100,5122.4000,14079,0,267329280.000,0,-,-,-,-,5120.8000,5120.0000,5119.0000,5117.4000,5117.2000,5124.0000,5124.2000,5124.4000,5125.2000,5127.8000,4,1,2,1,1,2,1,1,1,1
SF,IC2012,2020-05-20 09:34:28.600,5120.8000,14079,0,273474600.000,6,3,3,多换,S,5120.0000,5119.0000,5117.4000,5117.2000,5115.8000,5123.8000,5125.2000,5127.8000,5128.8000,5129.2000,1,2,1,1,1,4,1,1,1,1
SF,IC2012,2020-05-20 09:34:29.100,5120.8000,14079,0,273474600.000,0,-,-,-,-,5120.2000,5120.0000,5119.0000,5117.4000,5117.2000,5123.2000,5123.6000,5123.8000,5127.8000,5128.8000,1,1,2,1,1,1,1,3,1,1
SF,IC2012,2020-05-20 09:34:29.600,5120.8000,14079,0,273474600.000,0,-,-,-,-,5120.0000,5119.0000,5117.4000,5117.2000,5115.8000,5122.6000,5123.0000,5123.2000,5125.8000,5127.8000,1,2,1,1,1,2,3,2,1,1
SF,IC2012,2020-05-20 09:34:30.100,5120.8000,14079,0,273474600.000,0,-,-,-,-,5120.2000,5120.0000,5119.0000,5117.4000,5117.2000,5122.2000,5122.4000,5122.6000,5123.2000,5125.8000,1,1,2,1,1,1,3,2,2,1
SF,IC2012,2020-05-20 09:34:30.600,5120.8000,14079,0,273474600.000,0,-,-,-,-,5120.2000,5120.0000,5119.0000,5117.4000,5117.2000,5121.4000,5122.0000,5122.4000,5123.2000,5125.8000,1,1,2,1,1,1,1,2,1,1
SF,IC2012,2020-05-20 09:34:31.100,5121.4000,14078,-1,274498880.000,1,0,1,双平,S,5120.2000,5120.0000,5119.0000,5117.4000,5117.2000,5122.0000,5122.4000,5123.2000,5125.8000,5127.8000,1,1,2,1,1,1,2,1,1,1
SF,IC2012,2020-05-20 09:34:31.600,5122.0000,14079,1,275523280.000,1,1,0,双开,S,5120.2000,5120.0000,5119.0000,5117.4000,5117.2000,5122.4000,5123.2000,5125.8000,5127.8000,5128.8000,1,1,2,1,1,2,1,1,1,1
SF,IC2012,2020-05-20 09:34:32.100,5122.0000,14079,0,275523280.000,0,-,-,-,-,5120.2000,5120.0000,5119.0000,5118.2000,5117.4000,5122.4000,5125.8000,5127.8000,5128.8000,5129.2000,1,1,2,1,1,1,1,1,1,1
SF,IC2012,2020-05-20 09:34:32.600,5122.0000,14079,0,275523280.000,0,-,-,-,-,5120.2000,5120.0000,5119.0000,5118.2000,5117.4000,5122.4000,5125.8000,5127.8000,5128.8000,5129.2000,1,1,2,1,1,2,1,1,1,1
SF,IC2012,2020-05-20 09:34:33.100,5122.0000,14079,0,275523280.000,0,-,-,-,-,5120.2000,5120.0000,5119.0000,5118.2000,5117.4000,5122.2000,5122.4000,5125.8000,5127.8000,5128.8000,1,1,2,1,1,1,2,1,1,1
SF,IC2012,2020-05-20 09:34:35.600,5122.0000,14079,0,275523280.000,0,-,-,-,-,5120.2000,5120.0000,5119.0000,5118.2000,5117.4000,5122.2000,5122.4000,5125.8000,5127.8000,5128.8000,2,1,2,1,1,1,2,1,1,1
SF,IC2012,2020-05-20 09:34:37.100,5122.0000,14079,0,275523280.000,0,-,-,-,-,5120.2000,5120.0000,5119.0000,5118.2000,5117.4000,5122.0000,5122.2000,5122.4000,5125.8000,5127.8000,2,1,2,1,1,1,1,2,1,1
SF,IC2012,2020-05-20 09:34:37.600,5120.0000,14079,0,278595360.000,3,1,2,多换,S,5119.0000,5118.2000,5117.4000,5115.8000,5115.6000,5121.8000,5122.0000,5122.4000,5125.8000,5127.8000,2,1,1,1,1,1,1,2,1,1
SF,IC2012,2020-05-20 09:34:38.100,5120.0000,14079,0,278595360.000,0,-,-,-,-,5119.2000,5118.2000,5117.4000,5115.8000,5115.6000,5121.4000,5121.6000,5121.8000,5122.4000,5125.8000,1,1,1,1,1,2,1,1,1,1
SF,IC2012,2020-05-20 09:34:38.600,5120.0000,14079,0,278595360.000,0,-,-,-,-,5119.2000,5118.2000,5117.4000,5115.8000,5115.6000,5121.2000,5121.4000,5121.6000,5122.4000,5125.8000,1,1,1,1,1,1,2,1,1,1
SF,IC2012,2020-05-20 09:34:39.100,5120.0000,14079,0,278595360.000,0,-,-,-,-,5119.2000,5117.4000,5115.8000,5115.6000,5115.2000,5121.0000,5121.2000,5121.6000,5122.4000,5125.8000,1,1,1,1,3,2,1,1,1,1
SF,IC2012,2020-05-20 09:34:39.600,5120.0000,14079,0,278595360.000,0,-,-,-,-,5119.2000,5117.4000,5115.8000,5115.6000,5115.2000,5121.2000,5121.6000,5122.4000,5125.8000,5127.8000,1,1,1,1,3,1,1,1,1,1
SF,IC2012,2020-05-20 09:34:40.100,5120.0000,14079,0,278595360.000,0,-,-,-,-,5119.2000,5117.4000,5115.8000,5115.6000,5115.2000,5121.2000,5121.6000,5122.4000,5125.8000,5127.8000,1,1,1,1,3,1,1,1,1,1
SF,IC2012,2020-05-20 09:34:40.600,5120.0000,14079,0,278595360.000,0,-,-,-,-,5119.2000,5117.4000,5115.8000,5115.6000,5115.2000,5121.2000,5121.6000,5122.4000,5125.8000,5127.8000,1,1,1,1,3,1,1,1,1,1
SF,IC2012,2020-05-20 09:34:43.100,5120.0000,14079,0,278595360.000,0,-,-,-,-,5119.2000,5117.4000,5115.8000,5115.6000,5115.2000,5121.0000,5121.2000,5121.6000,5122.4000,5125.8000,1,1,1,1,3,1,3,1,1,1
SF,IC2012,2020-05-20 09:34:43.600,5120.0000,14079,0,278595360.000,0,-,-,-,-,5117.4000,5115.8000,5115.6000,5115.2000,5115.0000,5120.8000,5121.0000,5121.2000,5121.6000,5122.4000,1,1,1,3,1,1,1,2,1,1
SF,IC2012,2020-05-20 09:34:44.100,5120.0000,14079,0,278595360.000,0,-,-,-,-,5117.6000,5115.8000,5115.6000,5115.2000,5115.0000,5120.6000,5120.8000,5121.2000,5122.4000,5125.8000,1,1,1,3,1,1,1,2,1,1
SF,IC2012,2020-05-20 09:34:44.600,5120.0000,14079,0,278595360.000,0,-,-,-,-,5117.6000,5115.8000,5115.6000,5115.2000,5115.0000,5120.4000,5120.6000,5121.2000,5122.4000,5125.8000,1,1,1,3,1,1,1,2,1,1
SF,IC2012,2020-05-20 09:34:45.100,5120.0000,14079,0,278595360.000,0,-,-,-,-,5117.6000,5115.8000,5115.6000,5115.2000,5115.0000,5120.2000,5120.4000,5121.2000,5122.4000,5125.8000,1,1,1,3,1,1,1,2,1,1
SF,IC2012,2020-05-20 09:34:45.600,5120.0000,14079,0,278595360.000,0,-,-,-,-,5117.6000,5115.8000,5115.6000,5115.2000,5115.0000,5120.0000,5120.2000,5121.2000,5125.8000,5127.8000,1,1,1,3,1,1,2,2,1,1
SF,IC2012,2020-05-20 09:34:46.100,5120.0000,14079,0,278595360.000,0,-,-,-,-,5117.6000,5115.8000,5115.6000,5115.2000,5115.0000,5120.0000,5120.2000,5121.0000,5121.2000,5125.8000,1,1,1,3,1,1,2,2,2,1
SF,IC2012,2020-05-20 09:34:47.600,5120.0000,14079,0,279619360.000,1,0,1,多换,S,5117.6000,5115.8000,5115.6000,5115.2000,5115.0000,5120.2000,5121.0000,5121.2000,5125.8000,5127.8000,1,1,1,3,1,2,2,2,1,1
SF,IC2012,2020-05-20 09:34:48.100,5120.2000,14079,0,280643400.000,1,0,1,多换,S,5117.8000,5117.6000,5115.8000,5115.6000,5115.2000,5120.2000,5121.0000,5121.2000,5125.8000,5127.8000,1,1,1,1,3,1,2,2,1,1
SF,IC2012,2020-05-20 09:34:48.600,5120.2000,14078,-1,281667440.000,1,0,1,双平,S,5118.0000,5117.8000,5115.8000,5115.6000,5115.2000,5121.0000,5121.2000,5125.0000,5125.8000,5127.8000,1,1,1,1,3,2,2,1,1,1
SF,IC2012,2020-05-20 09:34:49.100,5118.0000,14078,0,283714680.000,2,1,1,多换,S,5115.8000,5115.6000,5115.2000,5115.0000,5112.0000,5117.6000,5120.8000,5121.0000,5121.2000,5125.0000,1,1,3,1,1,1,2,2,2,1
SF,IC2012,2020-05-20 09:34:49.600,5117.6000,14077,-1,284738200.000,1,0,1,双平,S,5120.4000,5118.4000,5118.2000,5117.8000,5117.6000,5120.8000,5121.0000,5121.2000,5125.0000,5125.8000,1,2,1,6,2,2,2,2,1,1
SF,IC2012,2020-05-20 09:34:50.100,5120.4000,14077,0,285762280.000,1,0,1,多换,S,5118.4000,5118.0000,5117.8000,5117.6000,5117.0000,5120.8000,5121.0000,5121.2000,5125.0000,5125.8000,2,1,6,2,1,1,2,2,1,1
SF,IC2012,2020-05-20 09:34:50.600,5120.4000,14077,0,285762280.000,0,-,-,-,-,5118.6000,5118.4000,5118.0000,5117.8000,5117.6000,5120.8000,5121.0000,5121.2000,5125.0000,5125.8000,2,2,1,6,1,1,2,2,1,1
SF,IC2012,2020-05-20 09:34:51.100,5120.4000,14077,0,285762280.000,0,-,-,-,-,5118.6000,5118.4000,5118.0000,5117.8000,5117.6000,5120.8000,5121.0000,5121.2000,5125.0000,5125.8000,2,2,1,6,1,1,2,2,1,1
SF,IC2012,2020-05-20 09:34:51.600,5120.4000,14077,0,285762280.000,0,-,-,-,-,5118.6000,5118.4000,5118.0000,5117.8000,5117.6000,5120.8000,5121.0000,5121.2000,5125.0000,5125.8000,2,2,2,6,1,1,2,2,1,1
SF,IC2012,2020-05-20 09:34:52.600,5120.8000,14078,1,286786440.000,1,1,0,双开,S,5120.8000,5118.6000,5118.4000,5118.0000,5117.8000,5121.0000,5121.2000,5125.0000,5125.8000,5127.8000,2,2,2,1,6,2,2,1,1,1
SF,IC2012,2020-05-20 09:34:53.100,5120.8000,14078,0,288834760.000,2,1,1,多换,S,5118.6000,5118.4000,5118.0000,5117.8000,5117.6000,5121.0000,5121.2000,5125.0000,5125.8000,5127.8000,2,2,1,6,1,3,2,1,1,1
SF,IC2012,2020-05-20 09:34:53.600,5120.8000,14078,0,288834760.000,0,-,-,-,-,5118.6000,5118.4000,5118.0000,5117.8000,5117.6000,5120.8000,5121.0000,5121.2000,5125.0000,5125.8000,2,2,1,6,1,1,3,2,1,1
SF,IC2012,2020-05-20 09:34:54.100,5120.8000,14079,1,289858920.000,1,1,0,双开,S,5118.6000,5118.4000,5118.0000,5117.8000,5117.6000,5121.0000,5121.2000,5125.0000,5125.8000,5127.8000,2,2,1,6,1,3,2,1,1,1
SF,IC2012,2020-05-20 09:34:54.600,5120.8000,14079,0,289858920.000,0,-,-,-,-,5118.6000,5118.4000,5118.0000,5117.8000,5117.6000,5120.6000,5120.8000,5121.0000,5121.2000,5125.0000,2,2,1,6,2,2,1,3,2,1
SF,IC2012,2020-05-20 09:34:55.100,5120.8000,14079,0,289858920.000,0,-,-,-,-,5118.6000,5118.4000,5118.0000,5117.8000,5117.6000,5120.4000,5121.0000,5121.2000,5125.0000,5125.8000,1,2,1,6,2,3,2,2,1,1
SF,IC2012,2020-05-20 09:34:56.100,5120.8000,14079,0,289858920.000,0,-,-,-,-,5118.6000,5118.4000,5117.8000,5117.0000,5116.8000,5120.4000,5121.0000,5121.2000,5125.0000,5125.8000,1,2,6,1,2,3,2,2,1,1
SF,IC2012,2020-05-20 09:34:56.600,5120.8000,14079,0,289858920.000,0,-,-,-,-,5118.6000,5118.4000,5117.8000,5116.8000,5116.0000,5120.4000,5121.0000,5121.2000,5125.0000,5125.8000,1,2,6,2,1,3,2,2,1,1
SF,IC2012,2020-05-20 09:34:57.100,5120.8000,14079,0,289858920.000,0,-,-,-,-,5118.6000,5118.4000,5117.8000,5116.0000,5115.8000,5120.0000,5120.4000,5121.0000,5121.2000,5125.0000,1,2,6,1,1,2,1,2,2,1
SF,IC2012,2020-05-20 09:34:57.600,5120.8000,14079,0,289858920.000,0,-,-,-,-,5118.6000,5118.4000,5117.8000,5116.0000,5115.8000,5120.0000,5120.4000,5121.0000,5121.2000,5125.0000,1,2,6,1,1,2,1,2,2,1
SF,IC2012,2020-05-20 09:35:00.100,5120.0000,14079,0,291906920.000,2,1,1,多换,S,5118.6000,5118.4000,5117.8000,5116.0000,5115.8000,5120.4000,5121.0000,5121.2000,5125.0000,5125.8000,1,2,6,1,1,1,2,2,1,1
SF,IC2012,2020-05-20 09:35:01.100,5120.0000,14079,0,291906920.000,0,-,-,-,-,5119.0000,5118.6000,5118.4000,5117.8000,5116.0000,5120.4000,5121.0000,5121.2000,5125.0000,5125.8000,1,1,2,6,1,1,2,2,1,1
