市场代码,合约代码,时间,最新,持仓,增仓,成交额,成交量,开仓,平仓,成交类型,方向,买一价,买二价,买三价,买四价,买五价,卖一价,卖二价,卖三价,卖四价,卖五价,买一量,买二量,买三量,买四量,买五量,卖一量,卖二量,卖三量,卖四量,卖五量
SF,IC2009,2020-06-03 09:29:00.200,5359.2000,47050,0,28939680.000,27.000,-,-,-,-,5359.0000,5358.0000,5353.0000,5352.0000,5350.0000,5360.0000,5360.8000,5362.6000,5363.0000,5366.8000,1,1,10,2,1,4,1,1,1,1
SF,IC2009,2020-06-03 09:30:00.200,5353.0000,47051,1,40720960.000,11,6,5,空开,S,5353.0000,5352.0000,5350.0000,5347.6000,5346.0000,5356.8000,5357.2000,5358.0000,5358.2000,5358.4000,5,2,1,1,1,3,1,2,1,28
SF,IC2009,2020-06-03 09:30:00.700,5355.0000,47047,-4,51429200.000,10,3,7,多平,S,5353.2000,5353.0000,5352.0000,5350.0000,5347.6000,5355.0000,5356.0000,5356.2000,5356.6000,5356.8000,1,8,2,1,1,3,2,1,3,4
SF,IC2009,2020-06-03 09:30:01.200,5354.4000,47046,-1,54641760.000,3,1,2,多平,S,5353.4000,5353.2000,5353.0000,5352.0000,5350.0000,5354.8000,5356.0000,5356.6000,5356.8000,5358.0000,1,1,8,2,1,3,2,5,4,4
SF,IC2009,2020-06-03 09:30:01.700,5353.6000,47044,-2,58925120.000,4,1,3,多平,S,5353.4000,5353.0000,5352.0000,5350.0000,5347.6000,5354.8000,5356.6000,5356.8000,5358.0000,5358.4000,2,8,2,1,6,1,4,3,4,1
SF,IC2009,2020-06-03 09:30:02.200,5354.8000,47041,-3,62138000.000,3,0,3,双平,S,5354.2000,5353.4000,5353.0000,5352.0000,5350.0000,5356.6000,5356.8000,5358.0000,5358.4000,5359.0000,2,2,8,2,1,1,2,4,1,8
SF,IC2009,2020-06-03 09:30:02.700,5354.4000,47040,-1,63208880.000,1,0,1,双平,S,5354.8000,5354.4000,5353.0000,5352.0000,5350.0000,5356.8000,5358.0000,5358.4000,5359.0000,5359.8000,1,1,8,2,1,2,4,1,8,2
SF,IC2009,2020-06-03 09:30:03.200,5354.4000,47040,0,63208880.000,0,-,-,-,-,5355.0000,5354.8000,5353.0000,5352.0000,5350.0000,5356.6000,5356.8000,5358.0000,5358.4000,5359.0000,1,3,8,1,1,2,2,4,1,8
SF,IC2009,2020-06-03 09:30:03.700,5356.6000,47038,-2,66422440.000,3,0,3,多平,S,5355.0000,5354.8000,5353.0000,5352.0000,5350.0000,5356.6000,5356.8000,5358.0000,5358.4000,5359.0000,1,2,8,1,1,2,3,4,1,8
SF,IC2009,2020-06-03 09:30:04.200,5356.6000,47038,0,66422440.000,0,-,-,-,-,5356.0000,5355.0000,5354.8000,5353.0000,5352.0000,5356.4000,5356.6000,5356.8000,5358.0000,5358.4000,1,1,2,8,1,3,2,3,4,1
SF,IC2009,2020-06-03 09:30:04.700,5356.2000,47038,0,73920280.000,7,3,4,多换,S,5353.0000,5352.0000,5350.0000,5348.6000,5347.6000,5356.2000,5356.4000,5356.6000,5356.8000,5358.0000,8,1,1,1,6,5,4,2,3,4
SF,IC2009,2020-06-03 09:30:05.200,5356.2000,47038,0,74991520.000,1,0,1,多换,S,5353.2000,5353.0000,5352.0000,5350.0000,5348.6000,5355.0000,5356.0000,5356.4000,5356.6000,5356.8000,1,8,1,1,1,1,1,1,2,3
SF,IC2009,2020-06-03 09:30:05.700,5356.0000,47036,-2,82489400.000,7,2,5,多平,S,5356.0000,5354.0000,5353.2000,5353.0000,5352.0000,5356.6000,5356.8000,5358.0000,5358.4000,5359.0000,1,2,1,8,1,2,3,2,1,8
SF,IC2009,2020-06-03 09:30:06.200,5356.0000,47036,0,84631800.000,2,1,1,多换,S,5353.0000,5352.0000,5350.0000,5348.6000,5347.6000,5356.0000,5356.6000,5356.8000,5358.0000,5358.4000,8,1,1,1,6,1,4,3,2,1
SF,IC2009,2020-06-03 09:30:06.700,5356.0000,47036,0,85703000.000,1,0,1,多换,S,5353.2000,5353.0000,5352.0000,5350.0000,5348.6000,5356.0000,5356.6000,5356.8000,5358.0000,5359.0000,1,8,1,1,1,3,2,3,2,8
SF,IC2009,2020-06-03 09:30:07.200,5356.0000,47036,0,85703000.000,0,-,-,-,-,5353.2000,5353.0000,5352.0000,5350.0000,5348.6000,5356.0000,5356.6000,5356.8000,5358.0000,5359.0000,2,8,1,1,1,3,2,3,2,8
SF,IC2009,2020-06-03 09:30:07.700,5356.0000,47036,0,85703000.000,0,-,-,-,-,5353.2000,5353.0000,5352.0000,5350.0000,5348.6000,5356.6000,5356.8000,5358.0000,5359.0000,5359.6000,2,8,1,1,1,2,3,2,8,1
SF,IC2009,2020-06-03 09:30:08.200,5356.0000,47036,0,85703000.000,0,-,-,-,-,5353.2000,5353.0000,5352.0000,5350.0000,5348.6000,5356.6000,5356.8000,5358.0000,5359.0000,5359.6000,1,8,1,1,1,4,3,2,8,1
SF,IC2009,2020-06-03 09:30:08.700,5356.0000,47036,0,85703000.000,0,-,-,-,-,5356.0000,5353.2000,5353.0000,5352.0000,5350.0000,5356.4000,5356.6000,5356.8000,5358.0000,5359.0000,1,3,8,1,2,2,4,3,2,8
SF,IC2009,2020-06-03 09:30:09.200,5356.0000,47035,-1,87845400.000,2,0,2,多平,S,5353.2000,5353.0000,5352.0000,5350.0000,5348.6000,5356.2000,5356.4000,5356.6000,5356.8000,5358.0000,3,8,1,2,1,2,3,5,3,2
SF,IC2009,2020-06-03 09:30:09.700,5356.0000,47033,-2,91057960.000,3,0,3,多平,S,5353.4000,5353.2000,5353.0000,5352.0000,5350.0000,5355.0000,5356.2000,5356.6000,5356.8000,5358.0000,1,2,8,1,2,5,1,3,3,2
SF,IC2009,2020-06-03 09:30:10.200,5355.0000,47028,-5,96413000.000,5,0,5,双平,S,5354.2000,5353.4000,5353.2000,5353.0000,5352.0000,5356.6000,5356.8000,5358.0000,5359.0000,5359.6000,2,1,1,8,1,3,2,2,8,2
SF,IC2009,2020-06-03 09:30:10.700,5355.0000,47028,0,96413000.000,0,-,-,-,-,5355.0000,5354.8000,5354.4000,5353.2000,5353.0000,5356.6000,5356.8000,5358.0000,5359.0000,5359.6000,3,1,1,1,8,2,2,2,7,2
SF,IC2009,2020-06-03 09:30:11.200,5355.0000,47028,0,96413000.000,0,-,-,-,-,5356.2000,5355.2000,5353.2000,5353.0000,5352.0000,5356.6000,5356.8000,5358.0000,5359.0000,5359.6000,2,1,1,8,1,2,2,2,7,2
SF,IC2009,2020-06-03 09:30:11.700,5356.4000,47025,-3,99626680.000,3,0,3,双平,S,5355.2000,5355.0000,5354.8000,5353.2000,5353.0000,5356.6000,5356.8000,5358.0000,5359.0000,5359.6000,1,3,1,1,8,2,3,2,7,2
SF,IC2009,2020-06-03 09:30:12.200,5355.0000,47022,-3,102839680.000,3,0,3,双平,S,5354.8000,5353.2000,5353.0000,5352.0000,5350.0000,5355.0000,5356.6000,5356.8000,5358.0000,5359.0000,1,1,8,1,2,2,2,3,1,7
SF,IC2009,2020-06-03 09:30:12.700,5356.6000,47017,-5,108195320.000,5,0,5,双平,S,5356.6000,5355.4000,5355.0000,5354.8000,5353.2000,5356.8000,5358.0000,5359.0000,5359.6000,5359.8000,2,1,3,1,1,3,1,7,2,1
SF,IC2009,2020-06-03 09:30:13.200,5356.6000,47016,-1,109266640.000,1,0,1,双平,S,5356.6000,5355.2000,5354.8000,5353.2000,5353.0000,5356.8000,5358.0000,5359.0000,5359.6000,5359.8000,1,1,1,1,8,3,1,7,2,1
SF,IC2009,2020-06-03 09:30:13.700,5356.6000,47014,-2,111409320.000,2,0,2,双平,S,5355.2000,5354.8000,5353.2000,5353.0000,5352.0000,5356.8000,5358.0000,5359.0000,5359.6000,5359.8000,1,1,1,8,1,2,1,7,2,1
SF,IC2009,2020-06-03 09:30:14.200,5356.8000,47013,-1,112480680.000,1,0,1,双平,S,5356.0000,5355.2000,5354.8000,5353.2000,5353.0000,5356.8000,5358.0000,5359.0000,5359.6000,5359.8000,1,2,1,1,8,1,1,7,2,1
SF,IC2009,2020-06-03 09:30:14.700,5356.8000,47011,-2,114623400.000,2,0,2,双平,S,5356.2000,5356.0000,5355.2000,5354.8000,5353.2000,5356.6000,5358.0000,5359.0000,5359.6000,5359.8000,1,1,1,1,1,2,1,7,2,1
SF,IC2009,2020-06-03 09:30:15.200,5356.6000,47009,-2,119980080.000,5,1,4,多平,S,5356.2000,5356.0000,5355.2000,5354.8000,5353.2000,5358.0000,5359.0000,5359.6000,5360.0000,5360.8000,1,1,1,1,1,1,5,2,9,1
SF,IC2009,2020-06-03 09:30:15.700,5356.6000,47009,0,122123000.000,2,1,1,多换,S,5356.2000,5355.2000,5354.8000,5353.2000,5353.0000,5359.0000,5359.6000,5360.0000,5360.8000,5361.0000,4,1,1,1,8,4,2,9,1,2
SF,IC2009,2020-06-03 09:30:16.200,5356.6000,47007,-2,125336880.000,3,0,3,多平,S,5356.4000,5356.2000,5355.2000,5354.8000,5353.2000,5356.6000,5359.0000,5359.6000,5360.0000,5360.8000,3,1,1,1,1,1,4,2,9,1
SF,IC2009,2020-06-03 09:30:16.700,5356.6000,47005,-2,127479520.000,2,0,2,双平,S,5357.0000,5356.8000,5356.6000,5356.4000,5356.2000,5359.0000,5359.6000,5360.0000,5360.8000,5361.0000,2,3,3,5,1,4,2,9,1,2
SF,IC2009,2020-06-03 09:30:17.200,5356.6000,47005,0,127479520.000,0,-,-,-,-,5357.2000,5357.0000,5356.8000,5356.6000,5356.2000,5359.0000,5359.6000,5360.0000,5360.8000,5361.0000,3,2,1,3,1,4,2,9,1,2
SF,IC2009,2020-06-03 09:30:17.700,5357.2000,47004,-1,131764920.000,4,1,3,多平,S,5356.8000,5356.6000,5356.2000,5354.8000,5353.2000,5359.0000,5359.6000,5360.0000,5360.8000,5361.0000,1,3,1,1,1,4,2,9,1,2
SF,IC2009,2020-06-03 09:30:18.200,5357.2000,47004,0,131764920.000,0,-,-,-,-,5356.8000,5356.6000,5356.2000,5354.8000,5353.2000,5359.0000,5359.6000,5360.0000,5360.8000,5361.0000,2,3,1,1,1,4,2,9,1,2
SF,IC2009,2020-06-03 09:30:19.200,5359.0000,47000,-4,136052120.000,4,0,4,双平,S,5359.0000,5357.0000,5356.8000,5356.6000,5356.2000,5359.6000,5360.0000,5360.8000,5361.0000,5361.4000,6,1,2,3,1,2,9,1,2,1
SF,IC2009,2020-06-03 09:30:19.700,5359.0000,46994,-6,142482920.000,6,0,6,双平,S,5357.0000,5356.8000,5356.6000,5356.2000,5355.0000,5357.2000,5359.4000,5359.6000,5360.0000,5360.8000,1,1,3,1,1,1,2,2,9,1
SF,IC2009,2020-06-03 09:30:20.200,5357.2000,46993,-1,143554360.000,1,0,1,双平,S,5359.2000,5357.4000,5357.2000,5357.0000,5356.8000,5359.6000,5360.0000,5360.8000,5361.0000,5361.4000,1,3,1,3,1,2,9,1,2,1
SF,IC2009,2020-06-03 09:30:20.700,5359.2000,46993,0,146769840.000,3,1,2,多换,S,5357.4000,5357.2000,5357.0000,5356.8000,5356.6000,5359.2000,5359.4000,5359.6000,5360.0000,5360.8000,2,1,1,1,3,1,3,2,9,1
SF,IC2009,2020-06-03 09:30:21.200,5359.2000,46993,0,146769840.000,0,-,-,-,-,5357.4000,5357.2000,5357.0000,5356.8000,5356.6000,5358.2000,5359.2000,5359.4000,5359.6000,5360.0000,2,1,2,1,3,2,4,1,2,9
SF,IC2009,2020-06-03 09:30:21.700,5357.4000,46991,-2,148912800.000,2,0,2,双平,S,5357.0000,5356.8000,5356.6000,5356.2000,5355.0000,5358.0000,5358.2000,5359.2000,5359.4000,5359.6000,2,1,2,1,1,2,2,1,1,2
SF,IC2009,2020-06-03 09:30:22.200,5357.4000,46991,0,148912800.000,0,-,-,-,-,5357.2000,5357.0000,5356.8000,5356.6000,5356.2000,5357.4000,5358.0000,5358.2000,5359.2000,5359.4000,1,2,1,2,1,1,2,2,1,1
SF,IC2009,2020-06-03 09:30:22.700,5358.0000,46987,-4,153198920.000,4,0,4,双平,S,5357.0000,5356.8000,5356.6000,5356.2000,5356.0000,5358.2000,5359.0000,5359.2000,5359.6000,5360.0000,2,1,2,1,1,2,1,1,2,10
SF,IC2009,2020-06-03 09:30:23.200,5358.2000,46987,0,156413800.000,3,1,2,多换,S,5358.0000,5357.2000,5357.0000,5356.8000,5356.6000,5359.0000,5359.2000,5359.6000,5360.0000,5360.8000,2,3,2,1,2,1,1,2,10,1
SF,IC2009,2020-06-03 09:30:24.200,5358.0000,46985,-2,158557000.000,2,0,2,双平,S,5358.2000,5357.2000,5357.0000,5356.8000,5356.6000,5358.8000,5359.0000,5359.2000,5359.6000,5360.0000,1,3,1,1,2,1,1,1,2,9
SF,IC2009,2020-06-03 09:30:25.200,5358.2000,46984,-1,159628640.000,1,0,1,双平,S,5357.2000,5357.0000,5356.8000,5356.6000,5356.2000,5358.8000,5359.0000,5359.2000,5359.6000,5360.0000,3,1,1,2,1,1,1,1,2,9
SF,IC2009,2020-06-03 09:30:25.700,5358.2000,46984,0,159628640.000,0,-,-,-,-,5357.2000,5357.0000,5356.8000,5356.6000,5356.2000,5358.8000,5359.0000,5359.2000,5359.6000,5360.0000,3,1,1,2,1,1,2,1,2,9
SF,IC2009,2020-06-03 09:30:26.200,5358.2000,46984,0,159628640.000,0,-,-,-,-,5357.2000,5357.0000,5356.8000,5356.6000,5356.2000,5358.2000,5358.8000,5359.0000,5359.2000,5359.6000,1,1,1,2,1,1,1,2,1,2
SF,IC2009,2020-06-03 09:30:26.700,5358.2000,46984,0,159628640.000,0,-,-,-,-,5357.2000,5357.0000,5356.8000,5356.6000,5356.2000,5358.2000,5358.8000,5359.0000,5359.2000,5359.6000,1,1,1,2,1,2,1,2,1,2
SF,IC2009,2020-06-03 09:30:27.200,5357.2000,46984,0,160700080.000,1,0,1,多换,S,5357.4000,5357.0000,5356.8000,5356.6000,5356.0000,5358.2000,5358.8000,5359.0000,5359.2000,5359.6000,1,1,1,2,1,2,1,2,1,2
SF,IC2009,2020-06-03 09:30:27.700,5358.0000,46983,-1,161771680.000,1,0,1,双平,S,5357.4000,5357.0000,5356.8000,5356.6000,5356.0000,5358.2000,5358.8000,5359.0000,5359.2000,5359.6000,1,1,1,2,1,2,1,2,1,2
SF,IC2009,2020-06-03 09:30:28.200,5358.2000,46985,2,163914960.000,2,2,0,双开,S,5358.2000,5357.4000,5357.0000,5356.8000,5356.6000,5358.8000,5359.0000,5359.2000,5359.6000,5360.0000,3,1,1,1,2,1,1,1,2,9
SF,IC2009,2020-06-03 09:30:28.700,5358.2000,46985,0,163914960.000,0,-,-,-,-,5358.2000,5357.4000,5357.0000,5356.8000,5356.6000,5358.8000,5359.0000,5359.2000,5359.6000,5360.0000,3,1,1,1,2,1,1,1,2,10
SF,IC2009,2020-06-03 09:30:29.200,5358.2000,46985,0,166058240.000,2,1,1,多换,S,5358.2000,5357.4000,5357.0000,5356.8000,5356.6000,5358.8000,5359.0000,5359.2000,5359.6000,5360.0000,3,1,1,1,2,1,1,1,2,10
SF,IC2009,2020-06-03 09:30:29.700,5358.8000,46983,-2,168201760.000,2,0,2,双平,S,5358.2000,5357.4000,5357.0000,5356.8000,5356.6000,5359.0000,5359.6000,5360.0000,5360.6000,5360.8000,4,1,1,1,2,1,2,10,1,1
SF,IC2009,2020-06-03 09:30:30.200,5359.0000,46983,0,169273560.000,1,0,1,多换,S,5358.2000,5357.4000,5357.0000,5356.8000,5356.6000,5359.0000,5359.6000,5360.0000,5360.8000,5361.0000,4,1,1,1,2,1,2,10,1,2
SF,IC2009,2020-06-03 09:30:30.700,5359.0000,46982,-1,170345360.000,1,0,1,双平,S,5358.2000,5357.8000,5357.0000,5356.8000,5356.6000,5359.0000,5359.6000,5360.0000,5360.8000,5361.0000,4,1,1,1,2,1,2,10,1,2
SF,IC2009,2020-06-03 09:30:31.200,5359.0000,46982,0,170345360.000,0,-,-,-,-,5358.4000,5358.2000,5357.8000,5357.0000,5356.8000,5359.0000,5359.6000,5360.0000,5360.8000,5361.0000,1,4,1,1,1,1,2,10,1,2
SF,IC2009,2020-06-03 09:30:31.700,5359.0000,46980,-2,172488960.000,2,0,2,双平,S,5358.4000,5358.2000,5357.8000,5357.0000,5356.8000,5359.0000,5359.6000,5360.0000,5360.8000,5361.0000,1,4,1,1,1,1,2,10,1,2
SF,IC2009,2020-06-03 09:30:32.200,5359.0000,46980,0,172488960.000,0,-,-,-,-,5359.0000,5358.4000,5358.2000,5357.8000,5357.0000,5359.6000,5360.0000,5360.8000,5361.0000,5361.4000,1,1,4,1,1,2,10,1,2,1
SF,IC2009,2020-06-03 09:30:32.700,5359.0000,46980,0,173560760.000,1,0,1,多换,S,5358.8000,5358.4000,5358.2000,5357.8000,5357.0000,5359.0000,5359.4000,5359.6000,5360.0000,5360.8000,1,1,4,1,1,1,2,2,11,1
SF,IC2009,2020-06-03 09:30:33.200,5358.2000,46979,-1,179990760.000,6,2,4,多平,S,5357.8000,5357.0000,5356.8000,5356.6000,5356.0000,5358.4000,5358.8000,5359.0000,5359.4000,5359.6000,1,1,1,2,1,5,3,4,2,2
SF,IC2009,2020-06-03 09:30:33.700,5358.2000,46979,0,181062400.000,1,0,1,多换,S,5357.8000,5357.0000,5356.8000,5356.6000,5356.0000,5358.4000,5358.6000,5359.0000,5359.2000,5359.6000,1,1,1,2,1,5,1,3,1,2
SF,IC2009,2020-06-03 09:30:34.200,5357.8000,46979,0,182133960.000,1,0,1,多换,S,5357.0000,5356.8000,5356.6000,5356.0000,5355.0000,5358.4000,5358.6000,5359.0000,5359.2000,5359.6000,1,1,2,1,1,5,1,3,1,2
SF,IC2009,2020-06-03 09:30:34.700,5358.4000,46979,0,183205640.000,1,0,1,多换,S,5357.0000,5356.8000,5356.6000,5356.0000,5355.0000,5358.4000,5358.6000,5359.0000,5359.2000,5359.6000,1,1,2,1,1,4,1,3,1,4
SF,IC2009,2020-06-03 09:30:35.200,5358.4000,46979,0,183205640.000,0,-,-,-,-,5357.0000,5356.8000,5356.6000,5356.0000,5355.0000,5358.2000,5358.4000,5358.6000,5359.0000,5359.2000,3,1,6,1,1,3,4,1,3,1
SF,IC2009,2020-06-03 09:30:35.700,5358.4000,46979,0,184277320.000,1,0,1,多换,S,5357.0000,5356.8000,5356.6000,5356.0000,5355.0000,5358.4000,5358.6000,5359.0000,5359.2000,5359.6000,3,1,6,1,1,3,1,4,1,6
SF,IC2009,2020-06-03 09:30:36.200,5358.4000,46979,0,185349000.000,1,0,1,多换,S,5357.0000,5356.8000,5356.6000,5356.0000,5355.0000,5357.6000,5358.2000,5358.4000,5358.6000,5359.0000,3,1,6,1,1,1,3,5,1,4
SF,IC2009,2020-06-03 09:30:36.700,5358.4000,46979,0,185349000.000,0,-,-,-,-,5357.0000,5356.8000,5356.6000,5356.0000,5355.0000,5357.4000,5358.2000,5358.4000,5358.6000,5359.0000,3,1,6,1,1,1,1,3,1,4
SF,IC2009,2020-06-03 09:30:37.200,5357.6000,46978,-1,186420520.000,1,0,1,双平,S,5357.6000,5357.0000,5356.8000,5356.6000,5355.0000,5358.4000,5358.6000,5359.0000,5359.2000,5359.6000,1,3,1,6,1,3,1,4,1,6
SF,IC2009,2020-06-03 09:30:37.700,5357.6000,46978,0,186420520.000,0,-,-,-,-,5357.6000,5357.4000,5357.0000,5356.8000,5356.6000,5358.4000,5359.0000,5359.6000,5360.0000,5360.8000,1,1,3,1,6,3,4,6,11,1
SF,IC2009,2020-06-03 09:30:38.200,5358.4000,46976,-2,188563880.000,2,0,2,双平,S,5357.6000,5357.4000,5357.0000,5356.8000,5356.6000,5358.4000,5359.0000,5359.6000,5360.0000,5360.8000,1,1,3,1,6,1,4,6,12,1
SF,IC2009,2020-06-03 09:30:38.700,5358.4000,46976,0,189635560.000,1,0,1,多换,S,5357.4000,5357.0000,5356.8000,5356.6000,5355.0000,5358.8000,5359.0000,5359.6000,5360.0000,5360.8000,1,3,1,6,1,1,4,6,12,1
SF,IC2009,2020-06-03 09:30:39.200,5357.6000,46976,0,190707080.000,1,0,1,多换,S,5357.4000,5357.0000,5356.8000,5356.6000,5355.0000,5358.8000,5359.0000,5359.6000,5360.0000,5360.8000,1,3,1,6,1,4,4,6,12,1
SF,IC2009,2020-06-03 09:30:39.700,5357.4000,46976,0,191778560.000,1,0,1,多换,S,5357.0000,5356.8000,5356.6000,5355.0000,5354.8000,5358.2000,5358.6000,5358.8000,5359.0000,5359.6000,3,1,6,1,5,1,2,4,6,6
SF,IC2009,2020-06-03 09:30:40.200,5357.4000,46976,0,191778560.000,0,-,-,-,-,5357.0000,5356.8000,5356.6000,5355.0000,5354.8000,5358.2000,5358.8000,5359.0000,5359.6000,5360.0000,3,1,6,1,5,1,3,6,6,12
SF,IC2009,2020-06-03 09:30:40.700,5358.2000,46975,-1,192850200.000,1,0,1,双平,S,5357.6000,5357.2000,5357.0000,5356.8000,5356.6000,5358.8000,5359.0000,5359.6000,5360.0000,5360.4000,1,1,3,1,6,1,4,6,12,1
SF,IC2009,2020-06-03 09:30:41.200,5358.2000,46975,0,192850200.000,0,-,-,-,-,5357.4000,5357.2000,5357.0000,5356.8000,5356.6000,5358.8000,5359.0000,5359.6000,5360.0000,5360.4000,1,1,3,1,6,1,4,6,12,1
SF,IC2009,2020-06-03 09:30:41.700,5358.8000,46975,0,193921960.000,1,0,1,多换,S,5358.6000,5357.4000,5357.0000,5356.8000,5356.6000,5359.0000,5359.6000,5360.0000,5360.4000,5360.8000,1,1,3,1,6,4,6,12,1,2
SF,IC2009,2020-06-03 09:30:42.200,5358.8000,46974,-1,202495960.000,8,3,5,多平,S,5358.8000,5357.6000,5357.4000,5357.0000,5356.8000,5359.0000,5359.2000,5359.6000,5360.0000,5360.4000,8,1,1,3,1,4,1,6,12,1
SF,IC2009,2020-06-03 09:30:42.700,5358.8000,46970,-4,207854920.000,5,0,5,多平,S,5358.8000,5357.6000,5357.4000,5357.0000,5356.8000,5359.6000,5360.0000,5360.4000,5360.8000,5361.0000,7,1,1,3,1,6,12,1,2,2
SF,IC2009,2020-06-03 09:30:43.200,5358.8000,46973,3,212141960.000,4,3,1,空开,S,5358.8000,5357.6000,5357.4000,5357.0000,5356.8000,5359.4000,5359.6000,5360.0000,5360.4000,5360.8000,3,1,1,3,1,1,6,12,1,2
SF,IC2009,2020-06-03 09:30:43.700,5358.8000,46973,0,215357240.000,3,1,2,多换,S,5357.6000,5357.4000,5357.0000,5356.8000,5356.6000,5358.8000,5359.6000,5360.0000,5360.4000,5360.8000,1,1,3,1,6,2,6,12,1,2
SF,IC2009,2020-06-03 09:30:44.200,5358.8000,46973,0,215357240.000,0,-,-,-,-,5357.6000,5357.4000,5357.0000,5356.8000,5356.6000,5358.8000,5359.6000,5360.0000,5360.4000,5360.8000,2,1,3,1,6,2,6,12,1,2
SF,IC2009,2020-06-03 09:30:44.700,5358.8000,46972,-1,216429000.000,1,0,1,双平,S,5358.6000,5358.2000,5357.6000,5357.4000,5357.0000,5358.8000,5359.6000,5360.0000,5360.4000,5360.8000,2,2,2,1,3,1,6,12,1,2
SF,IC2009,2020-06-03 09:30:45.200,5357.6000,46972,0,218572280.000,2,1,1,多换,S,5357.4000,5357.0000,5356.8000,5356.6000,5355.0000,5358.8000,5359.6000,5360.0000,5360.4000,5360.8000,1,3,1,6,1,1,6,12,1,2
SF,IC2009,2020-06-03 09:30:45.700,5357.6000,46972,0,218572280.000,0,-,-,-,-,5357.4000,5357.0000,5356.8000,5356.6000,5355.0000,5358.8000,5359.6000,5360.0000,5360.4000,5360.8000,4,3,1,6,1,1,6,12,1,2
SF,IC2009,2020-06-03 09:30:46.200,5357.6000,46972,0,218572280.000,0,-,-,-,-,5357.4000,5357.0000,5356.8000,5356.6000,5355.0000,5358.8000,5359.6000,5360.0000,5360.4000,5360.8000,1,3,1,6,1,1,6,12,1,2
SF,IC2009,2020-06-03 09:30:46.700,5358.8000,46971,-1,219644040.000,1,0,1,双平,S,5357.4000,5357.0000,5356.8000,5356.6000,5355.0000,5359.6000,5360.0000,5360.4000,5360.8000,5361.0000,2,3,1,6,1,6,12,1,2,2
SF,IC2009,2020-06-03 09:30:47.200,5358.8000,46971,0,219644040.000,0,-,-,-,-,5357.4000,5357.0000,5356.8000,5356.6000,5355.0000,5359.6000,5360.0000,5360.4000,5360.8000,5361.0000,2,3,1,6,1,6,12,1,2,2
SF,IC2009,2020-06-03 09:30:47.700,5358.8000,46971,0,219644040.000,0,-,-,-,-,5357.4000,5357.0000,5356.8000,5356.6000,5355.0000,5359.6000,5360.0000,5360.4000,5360.8000,5361.0000,1,3,1,6,1,6,12,1,2,2
SF,IC2009,2020-06-03 09:30:48.200,5359.4000,46971,0,220715920.000,1,0,1,多换,S,5357.4000,5357.0000,5356.8000,5356.6000,5355.0000,5359.6000,5360.0000,5360.4000,5360.8000,5361.0000,4,3,1,6,1,6,12,1,2,2
SF,IC2009,2020-06-03 09:30:48.700,5359.4000,46971,0,220715920.000,0,-,-,-,-,5357.6000,5357.4000,5357.0000,5356.8000,5356.6000,5359.2000,5359.6000,5360.0000,5360.4000,5360.8000,1,4,3,1,6,1,6,12,1,2
SF,IC2009,2020-06-03 09:30:49.200,5359.4000,46971,0,221787800.000,1,0,1,多换,S,5357.6000,5357.4000,5357.0000,5356.8000,5356.6000,5359.6000,5360.0000,5360.4000,5360.8000,5361.0000,1,3,3,1,6,6,12,1,2,2
SF,IC2009,2020-06-03 09:30:49.700,5359.4000,46971,0,221787800.000,0,-,-,-,-,5357.6000,5357.4000,5357.0000,5356.8000,5356.6000,5359.6000,5360.0000,5360.4000,5360.8000,5361.0000,2,3,3,1,6,6,12,1,2,2
SF,IC2009,2020-06-03 09:30:50.200,5359.6000,46971,0,223931560.000,2,1,1,多换,S,5357.6000,5357.4000,5357.0000,5356.8000,5356.6000,5359.6000,5360.0000,5360.4000,5360.8000,5361.0000,2,1,3,1,6,5,12,1,2,2
SF,IC2009,2020-06-03 09:30:50.700,5359.6000,46971,0,223931560.000,0,-,-,-,-,5357.6000,5357.4000,5357.0000,5356.8000,5356.6000,5359.2000,5359.4000,5359.6000,5360.0000,5360.4000,1,1,3,1,6,1,2,6,12,1
SF,IC2009,2020-06-03 09:30:51.200,5358.0000,46971,0,225003160.000,1,0,1,多换,S,5357.6000,5357.4000,5357.0000,5356.8000,5356.6000,5359.2000,5359.4000,5359.6000,5360.0000,5360.4000,1,1,3,1,6,1,1,7,12,1
SF,IC2009,2020-06-03 09:30:51.700,5358.0000,46971,0,225003160.000,0,-,-,-,-,5357.6000,5357.4000,5357.0000,5356.8000,5356.6000,5359.6000,5360.0000,5360.4000,5360.8000,5361.0000,2,1,3,1,6,7,12,1,2,2
SF,IC2009,2020-06-03 09:30:52.200,5358.0000,46971,0,225003160.000,0,-,-,-,-,5357.6000,5357.4000,5357.0000,5356.8000,5356.6000,5359.6000,5360.0000,5360.4000,5360.8000,5361.0000,2,1,3,1,6,6,12,1,2,2
SF,IC2009,2020-06-03 09:30:52.700,5358.0000,46971,0,225003160.000,0,-,-,-,-,5359.2000,5357.6000,5357.4000,5357.0000,5356.8000,5359.6000,5360.0000,5360.4000,5360.8000,5361.0000,2,1,1,3,1,6,12,1,2,2
SF,IC2009,2020-06-03 09:30:53.200,5359.2000,46969,-2,229290520.000,4,1,3,多平,S,5357.6000,5357.4000,5357.0000,5356.8000,5356.6000,5359.6000,5360.0000,5360.4000,5360.8000,5361.0000,1,1,3,1,6,6,12,1,2,2
SF,IC2009,2020-06-03 09:30:53.700,5357.6000,46969,0,230362040.000,1,0,1,多换,S,5357.6000,5357.4000,5357.0000,5356.8000,5356.6000,5359.2000,5359.6000,5360.0000,5360.4000,5360.8000,1,1,3,1,6,1,6,12,1,2
SF,IC2009,2020-06-03 09:30:54.200,5359.6000,46969,0,231433960.000,1,0,1,多换,S,5357.4000,5357.0000,5356.8000,5356.6000,5355.0000,5359.6000,5360.0000,5360.4000,5360.8000,5361.0000,1,3,1,6,1,5,12,1,2,2
SF,IC2009,2020-06-03 09:30:54.700,5359.6000,46969,0,231433960.000,0,-,-,-,-,5357.4000,5357.0000,5356.8000,5356.6000,5355.0000,5359.4000,5359.6000,5360.0000,5360.4000,5360.8000,2,3,1,6,1,1,5,12,1,2
SF,IC2009,2020-06-03 09:30:55.200,5359.6000,46969,0,232505880.000,1,0,1,多换,S,5357.6000,5357.4000,5357.0000,5356.8000,5356.6000,5359.4000,5359.6000,5360.0000,5360.4000,5360.8000,1,2,3,1,6,1,4,12,1,2
SF,IC2009,2020-06-03 09:30:55.700,5359.6000,46969,0,232505880.000,0,-,-,-,-,5359.2000,5357.6000,5357.4000,5357.0000,5356.8000,5359.4000,5359.6000,5360.0000,5360.4000,5360.8000,1,1,1,3,1,1,4,13,1,2
SF,IC2009,2020-06-03 09:30:56.200,5359.2000,46968,-1,233577720.000,1,0,1,双平,S,5357.6000,5357.4000,5357.0000,5356.8000,5356.6000,5359.4000,5359.6000,5360.0000,5360.4000,5360.8000,1,1,3,1,6,1,4,13,1,2
SF,IC2009,2020-06-03 09:30:56.700,5359.4000,46969,1,234649600.000,1,1,0,双开,S,5357.6000,5357.4000,5357.0000,5356.8000,5356.6000,5359.4000,5359.6000,5360.0000,5360.4000,5360.8000,1,1,3,1,6,2,4,13,1,2
SF,IC2009,2020-06-03 09:30:57.200,5359.2000,46969,0,235721440.000,1,0,1,多换,S,5357.8000,5357.6000,5357.4000,5357.0000,5356.8000,5359.2000,5359.4000,5359.6000,5360.0000,5360.4000,1,2,1,3,1,2,2,4,13,1
SF,IC2009,2020-06-03 09:30:57.700,5359.0000,46969,0,237864800.000,2,1,1,多换,S,5357.6000,5357.4000,5357.0000,5356.8000,5356.6000,5359.0000,5359.2000,5359.6000,5360.0000,5360.4000,1,1,3,1,6,1,3,5,13,1
SF,IC2009,2020-06-03 09:30:58.200,5359.0000,46968,-1,238936600.000,1,0,1,双平,S,5357.6000,5357.4000,5357.0000,5356.8000,5356.6000,5359.0000,5359.2000,5359.6000,5360.0000,5360.4000,1,1,3,1,6,2,4,6,13,1
SF,IC2009,2020-06-03 09:30:58.700,5359.0000,46968,0,238936600.000,0,-,-,-,-,5357.6000,5357.4000,5357.0000,5356.8000,5356.6000,5359.0000,5359.2000,5359.6000,5360.0000,5360.4000,3,1,3,1,6,2,2,6,13,1
SF,IC2009,2020-06-03 09:30:59.200,5359.0000,46968,0,238936600.000,0,-,-,-,-,5357.6000,5357.4000,5357.0000,5356.8000,5356.6000,5359.0000,5359.2000,5359.6000,5360.0000,5360.4000,2,1,3,1,6,2,3,6,14,1
SF,IC2009,2020-06-03 09:30:59.700,5357.6000,46967,-1,240008120.000,1,0,1,双平,S,5357.8000,5357.6000,5357.4000,5357.0000,5356.8000,5359.0000,5359.2000,5359.6000,5360.0000,5360.4000,1,2,1,3,1,1,2,6,14,1
SF,IC2009,2020-06-03 09:31:00.200,5357.6000,46967,0,241079640.000,1,0,1,多换,S,5357.6000,5357.4000,5357.0000,5356.8000,5356.6000,5359.0000,5359.2000,5359.6000,5360.0000,5360.4000,2,1,3,1,6,1,2,6,14,1
SF,IC2009,2020-06-03 09:31:00.700,5357.6000,46967,0,242151160.000,1,0,1,多换,S,5357.4000,5357.0000,5356.8000,5356.6000,5355.0000,5359.0000,5359.2000,5359.6000,5360.0000,5360.4000,1,3,1,6,1,1,2,6,14,1
SF,IC2009,2020-06-03 09:31:01.200,5359.0000,46967,0,243222960.000,1,0,1,多换,S,5357.6000,5357.4000,5357.0000,5356.8000,5356.6000,5359.2000,5359.6000,5360.0000,5360.4000,5360.8000,1,2,3,1,6,2,6,14,1,2
SF,IC2009,2020-06-03 09:31:01.700,5359.0000,46966,-1,244294760.000,1,0,1,双平,S,5359.0000,5357.8000,5357.6000,5357.4000,5357.0000,5359.2000,5359.6000,5360.0000,5360.4000,5360.8000,4,1,1,2,3,2,6,14,1,2
SF,IC2009,2020-06-03 09:31:02.200,5359.0000,46960,-6,250725640.000,6,0,6,双平,S,5357.8000,5357.6000,5357.4000,5357.0000,5356.8000,5359.6000,5360.0000,5360.4000,5360.8000,5361.0000,1,1,1,3,1,6,14,1,2,2
SF,IC2009,2020-06-03 09:31:02.700,5359.0000,46959,-1,251797440.000,1,0,1,双平,S,5358.0000,5357.8000,5357.4000,5357.0000,5356.8000,5359.4000,5359.6000,5360.0000,5360.4000,5360.8000,1,1,1,3,1,1,6,14,1,2
SF,IC2009,2020-06-03 09:31:03.200,5359.0000,46959,0,251797440.000,0,-,-,-,-,5358.0000,5357.8000,5357.4000,5357.0000,5356.8000,5359.2000,5359.4000,5359.6000,5360.0000,5360.4000,1,1,1,3,1,1,3,6,14,1
SF,IC2009,2020-06-03 09:31:03.700,5359.0000,46959,0,251797440.000,0,-,-,-,-,5358.0000,5357.8000,5357.4000,5357.0000,5356.8000,5358.6000,5358.8000,5359.0000,5359.2000,5359.4000,1,1,1,3,1,3,1,6,2,2
SF,IC2009,2020-06-03 09:31:04.200,5357.8000,46959,0,253940600.000,2,1,1,多换,S,5357.4000,5357.0000,5356.8000,5356.6000,5355.0000,5358.4000,5358.6000,5358.8000,5359.0000,5359.2000,1,3,1,6,1,3,3,1,5,5
SF,IC2009,2020-06-03 09:31:04.700,5357.8000,46959,0,253940600.000,0,-,-,-,-,5357.4000,5357.0000,5356.8000,5356.6000,5355.0000,5358.0000,5358.2000,5358.4000,5358.6000,5359.0000,3,3,1,6,1,1,1,3,1,4
SF,IC2009,2020-06-03 09:31:05.200,5359.2000,46959,0,255012440.000,1,0,1,多换,S,5357.4000,5357.0000,5356.8000,5356.6000,5355.0000,5359.4000,5359.6000,5360.0000,5360.2000,5360.4000,3,3,1,6,1,1,6,14,4,1
SF,IC2009,2020-06-03 09:31:05.700,5359.2000,46959,0,255012440.000,0,-,-,-,-,5357.4000,5357.0000,5356.8000,5356.6000,5355.0000,5358.4000,5358.6000,5359.0000,5359.2000,5359.4000,2,3,1,6,1,4,1,3,6,1
SF,IC2009,2020-06-03 09:31:06.200,5357.6000,46958,-1,256083960.000,1,0,1,双平,S,5357.4000,5357.0000,5356.8000,5356.6000,5355.0000,5358.0000,5358.2000,5358.4000,5358.6000,5358.8000,2,3,1,6,1,1,1,2,2,1
SF,IC2009,2020-06-03 09:31:06.700,5357.6000,46958,0,256083960.000,0,-,-,-,-,5357.4000,5357.0000,5356.8000,5356.6000,5355.0000,5359.0000,5359.2000,5359.6000,5360.0000,5360.2000,2,3,1,6,1,1,2,6,14,4
SF,IC2009,2020-06-03 09:31:07.200,5357.6000,46958,0,256083960.000,0,-,-,-,-,5357.4000,5357.0000,5356.8000,5356.6000,5355.0000,5358.2000,5358.4000,5358.6000,5358.8000,5359.0000,2,3,1,6,1,2,2,1,4,5
SF,IC2009,2020-06-03 09:31:07.700,5357.6000,46958,0,256083960.000,0,-,-,-,-,5357.4000,5357.0000,5356.8000,5356.6000,5355.0000,5358.4000,5358.6000,5358.8000,5359.0000,5359.2000,2,3,1,6,1,3,2,5,4,2
SF,IC2009,2020-06-03 09:31:08.200,5358.4000,46958,0,259298600.000,3,1,2,多换,S,5357.0000,5356.8000,5356.6000,5355.0000,5354.8000,5358.4000,5358.6000,5358.8000,5359.0000,5359.2000,3,1,6,1,5,2,2,5,3,2
SF,IC2009,2020-06-03 09:31:08.700,5358.4000,46958,0,259298600.000,0,-,-,-,-,5357.0000,5356.8000,5356.6000,5355.0000,5354.8000,5358.2000,5358.4000,5358.6000,5358.8000,5359.0000,3,1,6,1,5,1,2,2,4,3
SF,IC2009,2020-06-03 09:31:09.200,5358.4000,46957,-1,260370280.000,1,0,1,双平,S,5357.2000,5357.0000,5356.8000,5356.6000,5355.0000,5358.4000,5358.6000,5358.8000,5359.0000,5359.2000,3,3,1,6,1,3,2,4,3,2
SF,IC2009,2020-06-03 09:31:09.700,5358.4000,46957,0,260370280.000,0,-,-,-,-,5357.2000,5357.0000,5356.8000,5356.6000,5355.0000,5358.4000,5358.6000,5358.8000,5359.0000,5359.2000,3,3,1,6,1,1,1,1,1,1
SF,IC2009,2020-06-03 09:31:10.200,5358.4000,46957,0,260370280.000,0,-,-,-,-,5357.4000,5357.2000,5357.0000,5356.8000,5356.6000,5358.4000,5358.6000,5359.0000,5359.2000,5359.4000,2,3,3,1,6,1,1,1,1,1
SF,IC2009,2020-06-03 09:31:10.700,5358.4000,46957,0,260370280.000,0,-,-,-,-,5357.6000,5357.4000,5357.2000,5357.0000,5356.8000,5358.4000,5358.6000,5359.0000,5359.2000,5359.4000,1,1,2,3,1,2,2,1,1,1
SF,IC2009,2020-06-03 09:31:11.200,5358.4000,46957,0,260370280.000,0,-,-,-,-,5357.4000,5357.2000,5357.0000,5356.8000,5356.6000,5358.4000,5358.6000,5359.0000,5359.2000,5359.4000,1,2,3,1,6,1,2,1,1,1
SF,IC2009,2020-06-03 09:31:11.700,5358.4000,46956,-1,261441960.000,1,0,1,双平,S,5357.4000,5357.2000,5357.0000,5356.8000,5356.6000,5358.0000,5358.2000,5358.4000,5358.6000,5359.0000,1,2,3,1,6,1,1,2,2,1
SF,IC2009,2020-06-03 09:31:12.200,5358.4000,46956,0,261441960.000,0,-,-,-,-,5357.4000,5357.2000,5357.0000,5356.8000,5356.6000,5357.6000,5358.4000,5358.6000,5359.0000,5359.2000,1,2,3,1,6,1,1,2,1,1
SF,IC2009,2020-06-03 09:31:12.700,5357.4000,46954,-2,263584920.000,2,0,2,双平,S,5357.2000,5357.0000,5356.8000,5356.6000,5355.0000,5357.6000,5357.8000,5358.0000,5358.4000,5358.6000,2,3,1,6,1,1,1,1,1,2
SF,IC2009,2020-06-03 09:31:13.200,5357.2000,46953,-1,264656360.000,1,0,1,双平,S,5357.2000,5357.0000,5356.8000,5356.6000,5355.0000,5357.4000,5357.6000,5357.8000,5358.0000,5358.4000,1,3,1,6,1,1,1,1,1,1
SF,IC2009,2020-06-03 09:31:13.700,5357.2000,46953,0,264656360.000,0,-,-,-,-,5357.4000,5357.2000,5357.0000,5356.8000,5356.6000,5357.6000,5357.8000,5358.0000,5358.4000,5358.6000,1,1,3,1,6,6,1,1,1,2
SF,IC2009,2020-06-03 09:31:14.200,5357.6000,46948,-5,271085440.000,6,0,6,多平,S,5357.2000,5357.0000,5356.8000,5356.6000,5355.0000,5357.6000,5357.8000,5358.0000,5358.4000,5358.6000,1,3,1,6,1,3,1,1,1,2
SF,IC2009,2020-06-03 09:31:14.700,5357.6000,46946,-2,274299960.000,3,0,3,多平,S,5357.2000,5357.0000,5356.8000,5356.6000,5355.0000,5357.6000,5358.4000,5358.6000,5358.8000,5359.2000,1,3,1,6,1,1,1,2,1,1
SF,IC2009,2020-06-03 09:31:15.200,5357.2000,46946,0,275371400.000,1,0,1,多换,S,5357.0000,5356.8000,5356.6000,5355.0000,5354.8000,5357.2000,5357.6000,5358.4000,5358.6000,5358.8000,3,1,6,1,4,1,1,1,2,1
SF,IC2009,2020-06-03 09:31:15.700,5358.4000,46943,-3,280728840.000,5,1,4,多平,S,5357.0000,5356.8000,5356.6000,5355.0000,5354.8000,5357.6000,5358.6000,5358.8000,5359.2000,5359.4000,1,1,6,1,4,5,2,1,1,1
SF,IC2009,2020-06-03 09:31:16.200,5357.6000,46940,-3,283943240.000,3,0,3,双平,S,5357.0000,5356.8000,5356.6000,5355.0000,5354.8000,5357.6000,5358.6000,5358.8000,5359.2000,5359.4000,1,1,6,1,4,4,2,1,1,1
SF,IC2009,2020-06-03 09:31:16.700,5357.6000,46940,0,283943240.000,0,-,-,-,-,5357.0000,5356.8000,5356.6000,5355.0000,5354.8000,5357.6000,5357.8000,5358.6000,5358.8000,5359.2000,1,1,6,1,4,4,1,2,1,1
SF,IC2009,2020-06-03 09:31:17.200,5357.6000,46940,0,283943240.000,0,-,-,-,-,5357.0000,5356.8000,5356.6000,5355.0000,5354.8000,5357.4000,5357.6000,5358.6000,5358.8000,5359.2000,1,2,6,1,4,1,4,2,1,1
SF,IC2009,2020-06-03 09:31:17.700,5357.6000,46940,0,283943240.000,0,-,-,-,-,5357.0000,5356.8000,5356.6000,5355.0000,5354.8000,5357.2000,5357.6000,5358.6000,5358.8000,5359.2000,1,2,6,1,4,1,4,2,1,1
SF,IC2009,2020-06-03 09:31:18.200,5357.0000,46940,0,285014640.000,1,0,1,多换,S,5356.8000,5356.6000,5355.0000,5354.8000,5353.8000,5357.2000,5357.6000,5358.6000,5358.8000,5359.2000,2,6,1,4,10,1,5,2,1,1
SF,IC2009,2020-06-03 09:31:18.700,5357.2000,46939,-1,286086080.000,1,0,1,双平,S,5356.8000,5356.6000,5355.0000,5354.8000,5353.8000,5357.6000,5358.6000,5358.8000,5359.2000,5359.4000,2,6,1,4,10,5,2,1,1,1
SF,IC2009,2020-06-03 09:31:19.200,5356.8000,46938,-1,287157440.000,1,0,1,双平,S,5356.8000,5356.6000,5355.0000,5354.8000,5353.8000,5357.0000,5357.4000,5357.6000,5358.6000,5358.8000,1,6,1,4,10,3,2,6,2,1
SF,IC2009,2020-06-03 09:31:19.700,5356.8000,46936,-2,289300200.000,2,0,2,双平,S,5356.8000,5356.6000,5355.2000,5355.0000,5354.8000,5357.0000,5357.6000,5358.6000,5358.8000,5359.0000,1,6,1,1,4,2,6,2,1,1
SF,IC2009,2020-06-03 09:31:20.200,5356.8000,46936,0,290371560.000,1,0,1,多换,S,5356.6000,5355.2000,5355.0000,5354.8000,5353.8000,5357.0000,5357.6000,5358.6000,5358.8000,5359.0000,6,1,1,4,10,2,6,2,1,1
SF,IC2009,2020-06-03 09:31:20.700,5357.0000,46935,-1,291442960.000,1,0,1,双平,S,5356.6000,5355.2000,5355.0000,5354.8000,5353.8000,5357.0000,5357.6000,5358.6000,5358.8000,5359.0000,6,1,1,4,10,1,6,2,1,1
SF,IC2009,2020-06-03 09:31:21.200,5357.0000,46935,0,291442960.000,0,-,-,-,-,5356.6000,5355.2000,5355.0000,5354.8000,5353.8000,5357.0000,5357.4000,5357.6000,5358.6000,5358.8000,6,1,1,4,10,1,1,6,2,1
SF,IC2009,2020-06-03 09:31:21.700,5357.0000,46935,0,291442960.000,0,-,-,-,-,5356.6000,5355.2000,5355.0000,5354.8000,5353.8000,5356.8000,5357.0000,5357.4000,5357.6000,5358.6000,6,1,1,4,10,5,1,1,6,2
SF,IC2009,2020-06-03 09:31:22.200,5357.0000,46934,-1,292514360.000,1,0,1,双平,S,5356.6000,5355.2000,5355.0000,5354.8000,5353.8000,5356.8000,5357.0000,5357.4000,5357.6000,5358.6000,6,1,1,4,10,4,1,1,6,2
SF,IC2009,2020-06-03 09:31:22.700,5357.0000,46934,0,292514360.000,0,-,-,-,-,5356.6000,5355.2000,5355.0000,5354.8000,5353.8000,5356.8000,5357.0000,5357.4000,5357.6000,5358.6000,6,1,1,4,10,4,1,1,6,2
SF,IC2009,2020-06-03 09:31:23.200,5356.6000,46934,0,293585680.000,1,0,1,多换,S,5356.6000,5355.2000,5355.0000,5354.8000,5353.8000,5356.8000,5357.0000,5357.4000,5357.6000,5358.6000,5,1,1,4,10,4,1,1,6,2
SF,IC2009,2020-06-03 09:31:23.700,5356.8000,46929,-5,298942480.000,5,0,5,双平,S,5356.6000,5355.2000,5355.0000,5354.8000,5353.8000,5356.8000,5357.0000,5357.4000,5357.6000,5358.6000,5,1,1,4,10,5,1,1,6,2
SF,IC2009,2020-06-03 09:31:24.200,5356.8000,46923,-6,305370640.000,6,0,6,双平,S,5356.8000,5356.6000,5355.2000,5355.0000,5354.8000,5357.0000,5357.4000,5357.6000,5358.6000,5358.8000,2,5,1,1,4,1,1,6,2,1
SF,IC2009,2020-06-03 09:31:24.700,5356.8000,46923,0,305370640.000,0,-,-,-,-,5356.6000,5355.2000,5355.0000,5354.8000,5353.8000,5357.0000,5357.4000,5357.6000,5358.6000,5358.8000,5,1,1,4,10,1,1,6,2,1
SF,IC2009,2020-06-03 09:31:25.200,5356.6000,46922,-1,306441960.000,1,0,1,双平,S,5356.8000,5356.6000,5355.2000,5355.0000,5354.8000,5357.0000,5357.4000,5357.6000,5358.6000,5358.8000,1,4,1,1,4,1,1,6,2,1
SF,IC2009,2020-06-03 09:31:25.700,5356.6000,46922,0,306441960.000,0,-,-,-,-,5356.8000,5356.6000,5355.2000,5355.0000,5354.8000,5357.0000,5357.4000,5357.6000,5358.6000,5359.0000,3,4,1,1,4,1,1,6,2,1
SF,IC2009,2020-06-03 09:31:26.200,5356.8000,46919,-3,309656040.000,3,0,3,双平,S,5356.6000,5355.2000,5355.0000,5354.8000,5353.8000,5356.8000,5357.0000,5357.4000,5357.6000,5358.0000,4,1,1,4,10,1,1,1,6,1
SF,IC2009,2020-06-03 09:31:26.700,5356.6000,46916,-3,312870000.000,3,0,3,双平,S,5356.6000,5355.2000,5355.0000,5354.8000,5353.8000,5356.8000,5357.0000,5357.4000,5357.6000,5358.0000,1,1,1,4,10,1,1,1,6,1
SF,IC2009,2020-06-03 09:31:27.200,5356.6000,46915,-1,313941320.000,1,0,1,双平,S,5355.2000,5355.0000,5354.8000,5353.8000,5353.0000,5356.6000,5356.8000,5357.0000,5357.4000,5357.6000,1,1,4,10,5,2,1,1,1,6
SF,IC2009,2020-06-03 09:31:27.700,5356.6000,46915,0,313941320.000,0,-,-,-,-,5355.4000,5355.2000,5355.0000,5354.8000,5353.8000,5356.6000,5356.8000,5357.0000,5357.4000,5357.6000,1,2,3,4,10,2,1,1,1,6
SF,IC2009,2020-06-03 09:31:28.200,5356.6000,46915,0,313941320.000,0,-,-,-,-,5355.2000,5355.0000,5354.8000,5353.8000,5350.0000,5355.4000,5356.4000,5356.6000,5356.8000,5357.0000,1,1,4,10,5,2,1,2,6,1
SF,IC2009,2020-06-03 09:31:28.700,5355.4000,46909,-6,320368000.000,6,0,6,双平,S,5355.2000,5355.0000,5354.8000,5353.8000,5350.0000,5356.6000,5356.8000,5357.0000,5357.4000,5357.6000,1,1,4,10,5,2,6,1,1,6
SF,IC2009,2020-06-03 09:31:29.200,5355.2000,46908,-1,321439040.000,1,0,1,双平,S,5355.2000,5355.0000,5354.8000,5353.8000,5350.0000,5356.4000,5356.6000,5356.8000,5357.0000,5357.4000,2,1,4,10,5,1,2,6,1,1
SF,IC2009,2020-06-03 09:31:29.700,5355.2000,46908,0,321439040.000,0,-,-,-,-,5355.0000,5354.8000,5353.8000,5350.0000,5348.6000,5355.2000,5356.6000,5356.8000,5357.0000,5357.4000,1,4,10,5,1,2,2,6,1,1
SF,IC2009,2020-06-03 09:31:30.200,5355.0000,46904,-4,326794200.000,5,0,5,多平,S,5355.0000,5354.8000,5353.8000,5350.0000,5348.6000,5356.4000,5356.6000,5356.8000,5357.0000,5357.4000,2,5,10,5,1,1,2,6,1,1
SF,IC2009,2020-06-03 09:31:30.700,5355.0000,46904,0,327865200.000,1,0,1,多换,S,5354.8000,5353.8000,5350.0000,5348.6000,5348.0000,5356.2000,5356.4000,5356.6000,5356.8000,5357.0000,4,10,4,1,1,2,4,2,6,1
SF,IC2009,2020-06-03 09:31:31.200,5354.8000,46899,-5,333220000.000,5,0,5,双平,S,5353.8000,5350.0000,5348.6000,5348.0000,5347.6000,5354.8000,5355.8000,5356.0000,5356.2000,5356.4000,10,4,1,1,5,1,1,4,5,1
SF,IC2009,2020-06-03 09:31:31.700,5353.8000,46899,0,335361520.000,2,1,1,多换,S,5353.8000,5350.0000,5348.6000,5348.0000,5347.6000,5354.6000,5354.8000,5355.8000,5356.0000,5356.2000,8,4,1,1,5,1,1,1,3,3
SF,IC2009,2020-06-03 09:31:32.200,5354.8000,46898,-1,337503240.000,2,0,2,多平,S,5353.8000,5350.0000,5348.6000,5348.0000,5347.6000,5355.8000,5356.0000,5356.2000,5356.4000,5356.6000,7,4,1,1,5,1,2,3,1,3
SF,IC2009,2020-06-03 09:31:32.700,5354.0000,46897,-1,338574040.000,1,0,1,双平,S,5354.0000,5353.8000,5350.0000,5348.6000,5348.0000,5355.6000,5355.8000,5356.0000,5356.2000,5356.4000,1,7,4,1,1,2,2,1,3,1
SF,IC2009,2020-06-03 09:31:33.200,5354.0000,46897,0,339644840.000,1,0,1,多换,S,5353.8000,5350.0000,5348.6000,5348.0000,5347.6000,5354.0000,5355.4000,5355.6000,5355.8000,5356.0000,7,4,1,1,5,1,1,2,1,2
SF,IC2009,2020-06-03 09:31:33.700,5354.0000,46894,-3,342857240.000,3,0,3,双平,S,5354.4000,5353.8000,5350.0000,5348.6000,5348.0000,5355.6000,5355.8000,5356.0000,5356.2000,5356.4000,1,7,4,1,1,1,1,1,2,1
SF,IC2009,2020-06-03 09:31:34.200,5354.4000,46893,-1,343928120.000,1,0,1,双平,S,5354.2000,5353.8000,5350.0000,5348.6000,5348.0000,5354.4000,5355.6000,5355.8000,5356.4000,5356.6000,1,7,4,1,1,1,2,1,1,3
SF,IC2009,2020-06-03 09:31:34.700,5354.2000,46892,-1,344998960.000,1,0,1,双平,S,5353.8000,5350.0000,5348.6000,5348.0000,5347.6000,5354.2000,5354.4000,5355.4000,5355.6000,5356.4000,8,4,1,1,5,3,1,1,2,1
SF,IC2009,2020-06-03 09:31:35.200,5353.8000,46891,-1,351423600.000,6,2,4,多平,S,5353.8000,5350.0000,5348.6000,5348.0000,5347.6000,5354.2000,5354.4000,5355.4000,5355.6000,5356.4000,3,4,1,1,5,2,1,1,1,1
SF,IC2009,2020-06-03 09:31:35.700,5354.2000,46891,0,356777640.000,5,2,3,多换,S,5354.2000,5353.8000,5350.0000,5348.6000,5348.0000,5354.4000,5355.6000,5356.4000,5356.6000,5356.8000,4,1,4,1,1,1,1,1,3,7
SF,IC2009,2020-06-03 09:31:36.200,5354.2000,46891,0,363202600.000,6,3,3,多换,S,5350.0000,5348.6000,5348.0000,5347.6000,5346.6000,5354.2000,5354.4000,5356.4000,5356.6000,5356.8000,4,1,1,5,4,4,1,1,3,7
SF,IC2009,2020-06-03 09:31:36.700,5353.4000,46883,-8,373910840.000,10,1,9,多平,S,5353.0000,5352.8000,5352.2000,5352.0000,5351.0000,5356.4000,5356.6000,5356.8000,5357.0000,5357.4000,3,2,1,11,5,1,3,7,2,1
SF,IC2009,2020-06-03 09:31:37.200,5353.2000,46880,-3,377122760.000,3,0,3,双平,S,5354.0000,5353.2000,5353.0000,5352.8000,5352.0000,5356.2000,5356.4000,5356.6000,5356.8000,5357.0000,1,2,1,1,3,1,2,3,7,2
SF,IC2009,2020-06-03 09:31:37.700,5354.2000,46880,0,381406040.000,4,2,2,多换,S,5353.2000,5351.6000,5351.0000,5350.8000,5350.4000,5355.2000,5356.0000,5356.2000,5356.4000,5356.6000,1,1,2,2,3,1,1,2,2,3
SF,IC2009,2020-06-03 09:31:38.200,5353.8000,46879,-1,382476800.000,1,0,1,双平,S,5353.4000,5353.2000,5351.6000,5351.0000,5350.8000,5354.0000,5355.0000,5356.0000,5356.2000,5356.4000,1,2,1,2,2,1,2,1,1,1
SF,IC2009,2020-06-03 09:31:38.700,5354.0000,46875,-4,386760000.000,4,0,4,双平,S,5354.0000,5353.4000,5353.2000,5351.6000,5351.0000,5356.0000,5356.2000,5356.4000,5356.6000,5356.8000,2,1,2,1,1,1,1,1,3,7
SF,IC2009,2020-06-03 09:31:39.200,5354.0000,46872,-3,389972400.000,3,0,3,双平,S,5354.0000,5351.6000,5351.0000,5350.8000,5350.4000,5355.2000,5355.8000,5356.4000,5356.6000,5356.8000,2,1,1,2,3,1,5,1,3,7
SF,IC2009,2020-06-03 09:31:39.700,5355.8000,46870,-2,392114600.000,2,0,2,双平,S,5354.2000,5354.0000,5353.0000,5351.6000,5351.0000,5355.8000,5356.4000,5356.6000,5356.8000,5357.0000,1,2,1,1,1,3,1,3,7,2
SF,IC2009,2020-06-03 09:31:40.200,5355.0000,46871,1,393185600.000,1,1,0,双开,S,5354.8000,5354.4000,5354.2000,5354.0000,5353.0000,5355.8000,5356.4000,5356.6000,5356.8000,5357.0000,1,1,2,3,1,1,1,3,7,2
SF,IC2009,2020-06-03 09:31:40.700,5354.8000,46870,-1,394256560.000,1,0,1,双平,S,5354.8000,5354.2000,5354.0000,5353.0000,5351.0000,5355.8000,5356.4000,5356.6000,5356.8000,5357.0000,1,1,3,1,1,1,1,3,7,2
SF,IC2009,2020-06-03 09:31:41.200,5354.8000,46869,-1,396398480.000,2,0,2,多平,S,5354.2000,5354.0000,5353.0000,5352.0000,5351.0000,5354.8000,5355.8000,5356.4000,5356.6000,5356.8000,1,3,1,1,1,2,3,1,3,7
SF,IC2009,2020-06-03 09:31:41.700,5354.2000,46864,-5,401753000.000,5,0,5,双平,S,5354.0000,5353.0000,5352.0000,5351.0000,5350.8000,5354.2000,5355.8000,5356.4000,5356.6000,5356.8000,2,1,1,1,1,1,3,1,3,7
SF,IC2009,2020-06-03 09:31:42.200,5354.2000,46861,-3,404965840.000,3,0,3,双平,S,5354.2000,5354.0000,5353.0000,5352.0000,5351.0000,5355.8000,5356.4000,5356.6000,5356.8000,5357.0000,3,2,1,1,1,2,1,3,7,2
SF,IC2009,2020-06-03 09:31:42.700,5354.2000,46861,0,406036680.000,1,0,1,多换,S,5354.0000,5353.0000,5352.0000,5351.0000,5350.8000,5355.6000,5355.8000,5356.4000,5356.6000,5356.8000,1,1,1,1,1,6,1,1,3,7
SF,IC2009,2020-06-03 09:31:43.200,5354.0000,46860,-1,407107480.000,1,0,1,双平,S,5353.0000,5352.0000,5351.0000,5350.8000,5350.4000,5354.0000,5355.4000,5355.6000,5356.4000,5356.6000,1,1,1,1,2,2,2,6,1,3
SF,IC2009,2020-06-03 09:31:43.700,5353.2000,46857,-3,410319720.000,3,0,3,双平,S,5352.0000,5351.0000,5350.8000,5350.4000,5350.2000,5353.8000,5355.6000,5356.4000,5356.6000,5356.8000,1,1,1,2,5,2,4,1,3,7
SF,IC2009,2020-06-03 09:31:44.200,5353.6000,46855,-2,412461040.000,2,0,2,双平,S,5352.8000,5352.2000,5351.0000,5350.8000,5350.4000,5353.4000,5353.8000,5354.0000,5354.2000,5355.6000,2,2,1,1,2,1,2,5,1,3
SF,IC2009,2020-06-03 09:31:44.700,5353.6000,46855,0,412461040.000,0,-,-,-,-,5352.8000,5352.0000,5351.0000,5350.8000,5350.4000,5353.4000,5353.6000,5353.8000,5354.0000,5354.2000,2,1,1,1,2,2,3,1,5,1
SF,IC2009,2020-06-03 09:31:45.200,5352.0000,46852,-3,415672560.000,3,0,3,双平,S,5351.0000,5350.8000,5350.4000,5350.2000,5350.0000,5352.8000,5353.4000,5353.6000,5353.8000,5354.0000,1,1,2,5,4,1,2,3,1,6
SF,IC2009,2020-06-03 09:31:45.700,5352.8000,46853,1,416743120.000,1,1,0,双开,S,5352.2000,5351.6000,5351.4000,5351.2000,5351.0000,5352.8000,5353.4000,5353.6000,5354.0000,5354.2000,1,1,5,2,2,2,1,3,6,1
SF,IC2009,2020-06-03 09:31:46.200,5352.8000,46852,-1,417813680.000,1,0,1,双平,S,5352.2000,5351.2000,5351.0000,5350.4000,5350.2000,5352.6000,5352.8000,5353.4000,5354.0000,5354.2000,1,2,2,2,5,2,2,1,6,1
SF,IC2009,2020-06-03 09:31:46.700,5352.6000,46850,-2,419954760.000,2,0,2,双平,S,5352.6000,5352.2000,5351.2000,5351.0000,5350.4000,5352.8000,5353.4000,5354.0000,5354.2000,5354.4000,4,1,2,2,2,2,1,6,1,1
SF,IC2009,2020-06-03 09:31:47.200,5352.8000,46848,-2,423166400.000,3,0,3,多平,S,5352.6000,5352.2000,5351.2000,5351.0000,5350.4000,5353.0000,5353.4000,5354.0000,5354.2000,5354.4000,3,1,2,2,2,1,1,6,1,1
SF,IC2009,2020-06-03 09:31:47.700,5353.0000,46846,-2,425307520.000,2,0,2,双平,S,5352.6000,5352.2000,5351.2000,5351.0000,5350.4000,5353.4000,5354.0000,5354.2000,5354.4000,5356.4000,1,1,1,2,2,1,6,1,1,1
SF,IC2009,2020-06-03 09:31:48.200,5353.4000,46844,-2,427448880.000,2,0,2,双平,S,5352.6000,5352.2000,5351.2000,5351.0000,5350.4000,5354.0000,5354.2000,5354.4000,5356.4000,5356.6000,1,1,1,2,2,6,1,1,1,3
SF,IC2009,2020-06-03 09:31:48.700,5353.4000,46844,0,427448880.000,0,-,-,-,-,5353.0000,5352.2000,5351.2000,5351.0000,5350.4000,5353.8000,5354.0000,5354.2000,5354.4000,5356.4000,1,1,1,2,1,2,6,1,1,1
SF,IC2009,2020-06-03 09:31:49.200,5353.0000,46843,-1,428519480.000,1,0,1,双平,S,5352.2000,5351.0000,5350.2000,5350.0000,5349.8000,5352.8000,5353.6000,5353.8000,5354.0000,5354.2000,1,2,5,4,3,1,2,2,6,1
SF,IC2009,2020-06-03 09:31:49.700,5352.2000,46842,-1,429589920.000,1,0,1,双平,S,5351.0000,5350.2000,5350.0000,5349.8000,5348.6000,5353.0000,5353.6000,5353.8000,5354.0000,5354.2000,2,5,4,1,1,2,2,1,6,1
SF,IC2009,2020-06-03 09:31:50.200,5352.2000,46842,0,429589920.000,0,-,-,-,-,5351.2000,5351.0000,5350.2000,5350.0000,5349.8000,5352.2000,5353.0000,5353.6000,5353.8000,5354.0000,1,1,5,4,1,1,2,1,1,6
SF,IC2009,2020-06-03 09:31:50.700,5352.2000,46842,0,430660360.000,1,0,1,多换,S,5351.2000,5351.0000,5350.2000,5350.0000,5349.8000,5352.8000,5353.0000,5353.8000,5354.0000,5354.2000,2,1,5,4,1,1,2,1,6,1
SF,IC2009,2020-06-03 09:31:51.200,5351.2000,46841,-1,432801160.000,2,0,2,多平,S,5351.0000,5350.2000,5350.0000,5349.8000,5348.6000,5352.8000,5353.0000,5353.8000,5354.0000,5354.2000,1,5,4,1,1,1,2,1,6,1
SF,IC2009,2020-06-03 09:31:51.700,5351.2000,46841,0,432801160.000,0,-,-,-,-,5351.2000,5351.0000,5350.2000,5350.0000,5348.6000,5353.0000,5353.8000,5354.0000,5354.2000,5356.6000,1,1,5,4,1,2,1,6,1,3
SF,IC2009,2020-06-03 09:31:52.200,5351.2000,46840,-1,433871400.000,1,0,1,双平,S,5351.0000,5350.2000,5350.0000,5348.6000,5347.6000,5352.8000,5353.0000,5354.0000,5354.2000,5356.6000,1,5,4,1,5,1,2,6,1,3
SF,IC2009,2020-06-03 09:31:52.700,5352.8000,46840,0,434941960.000,1,0,1,多换,S,5351.0000,5350.2000,5350.0000,5348.6000,5347.6000,5352.6000,5353.0000,5354.0000,5354.2000,5356.6000,2,5,4,1,5,2,2,6,1,3
SF,IC2009,2020-06-03 09:31:53.200,5352.8000,46839,-1,436012520.000,1,0,1,双平,S,5351.2000,5351.0000,5350.2000,5350.0000,5348.6000,5353.0000,5354.0000,5354.2000,5356.6000,5356.8000,1,2,5,4,1,2,6,1,3,7
SF,IC2009,2020-06-03 09:31:53.700,5352.8000,46839,0,436012520.000,0,-,-,-,-,5351.2000,5351.0000,5350.2000,5350.0000,5348.6000,5352.8000,5353.0000,5354.0000,5354.2000,5356.6000,1,2,5,4,1,2,2,6,1,3
SF,IC2009,2020-06-03 09:31:54.200,5352.8000,46839,0,436012520.000,0,-,-,-,-,5351.2000,5351.0000,5350.2000,5350.0000,5348.6000,5352.8000,5353.0000,5354.0000,5354.2000,5356.6000,1,1,5,4,1,1,2,6,1,3
SF,IC2009,2020-06-03 09:31:54.700,5352.8000,46839,0,436012520.000,0,-,-,-,-,5351.2000,5350.2000,5350.0000,5348.6000,5347.6000,5352.6000,5352.8000,5353.0000,5354.0000,5354.2000,2,4,4,1,5,1,3,2,6,1
SF,IC2009,2020-06-03 09:31:55.200,5352.8000,46838,-1,437083080.000,1,0,1,双平,S,5350.2000,5350.0000,5348.6000,5346.6000,5346.0000,5352.4000,5352.6000,5352.8000,5353.0000,5354.0000,4,4,1,4,1,2,2,1,2,6
SF,IC2009,2020-06-03 09:31:55.700,5352.8000,46838,0,437083080.000,0,-,-,-,-,5350.4000,5350.0000,5348.6000,5346.6000,5346.0000,5352.2000,5352.4000,5352.6000,5352.8000,5353.0000,1,4,1,4,1,3,2,1,1,2
SF,IC2009,2020-06-03 09:31:56.200,5352.8000,46837,-1,438153640.000,1,0,1,双平,S,5350.4000,5350.0000,5348.6000,5346.6000,5346.0000,5352.0000,5352.4000,5352.8000,5353.0000,5354.0000,1,4,1,4,1,2,1,1,2,6
SF,IC2009,2020-06-03 09:31:56.700,5352.8000,46837,0,438153640.000,0,-,-,-,-,5350.4000,5350.0000,5348.6000,5346.6000,5346.0000,5352.0000,5352.4000,5352.8000,5353.0000,5354.0000,1,4,1,4,1,1,1,1,2,6
SF,IC2009,2020-06-03 09:31:57.200,5350.6000,46836,-1,439223760.000,1,0,1,双平,S,5352.2000,5350.4000,5350.0000,5348.6000,5346.6000,5352.4000,5352.8000,5353.0000,5354.0000,5354.2000,1,1,4,1,4,1,2,2,6,1
SF,IC2009,2020-06-03 09:31:57.700,5352.2000,46835,-1,440294200.000,1,0,1,双平,S,5350.0000,5348.6000,5346.6000,5346.0000,5345.0000,5351.8000,5352.0000,5352.2000,5352.4000,5352.8000,4,1,4,1,1,3,5,4,3,2
SF,IC2009,2020-06-03 09:31:58.200,5351.6000,46836,1,443504520.000,3,2,1,空开,S,5350.0000,5348.6000,5346.6000,5346.0000,5345.0000,5351.6000,5352.0000,5352.2000,5352.4000,5352.8000,2,1,4,1,1,3,4,4,1,2
SF,IC2009,2020-06-03 09:31:58.700,5350.0000,46834,-2,445644520.000,2,0,2,双平,S,5348.6000,5346.6000,5346.0000,5345.0000,5343.0000,5351.4000,5351.6000,5352.0000,5352.2000,5352.4000,1,4,1,1,1,2,2,4,9,1
SF,IC2009,2020-06-03 09:31:59.200,5350.0000,46834,0,445644520.000,0,-,-,-,-,5348.8000,5348.6000,5346.0000,5345.0000,5343.2000,5351.2000,5351.4000,5352.0000,5352.2000,5352.4000,2,1,1,1,4,1,1,4,9,1
SF,IC2009,2020-06-03 09:31:59.700,5350.0000,46832,-2,447784520.000,2,0,2,双平,S,5348.8000,5348.6000,5346.0000,5345.0000,5343.2000,5350.0000,5351.2000,5352.0000,5352.2000,5352.4000,3,1,1,1,4,8,1,4,9,1
SF,IC2009,2020-06-03 09:32:00.200,5349.6000,46828,-4,452064440.000,4,0,4,双平,S,5349.2000,5349.0000,5348.8000,5348.6000,5346.0000,5350.0000,5350.2000,5351.2000,5352.0000,5352.2000,1,1,2,1,1,5,1,1,4,9
SF,IC2009,2020-06-03 09:32:00.700,5350.0000,46824,-4,457414440.000,5,0,5,多平,S,5350.0000,5349.4000,5349.2000,5349.0000,5348.8000,5350.2000,5351.2000,5352.0000,5352.2000,5352.4000,9,1,1,3,2,1,1,4,9,1
SF,IC2009,2020-06-03 09:32:01.200,5348.8000,46815,-9,469184040.000,11,1,10,多平,S,5348.6000,5347.2000,5346.0000,5345.0000,5343.2000,5350.2000,5351.2000,5351.4000,5352.0000,5352.2000,1,1,1,1,4,1,1,1,4,9
SF,IC2009,2020-06-03 09:32:01.700,5350.0000,46814,-1,471323760.000,2,0,2,多平,S,5347.2000,5346.0000,5345.0000,5343.0000,5342.2000,5350.0000,5350.2000,5351.4000,5352.0000,5352.2000,1,1,1,1,4,3,4,1,4,9
SF,IC2009,2020-06-03 09:32:02.200,5350.0000,46814,0,471323760.000,0,-,-,-,-,5347.4000,5346.0000,5345.6000,5345.0000,5343.0000,5349.6000,5350.0000,5350.2000,5351.4000,5352.0000,2,1,1,1,1,1,1,4,1,4
SF,IC2009,2020-06-03 09:32:02.700,5350.0000,46814,0,471323760.000,0,-,-,-,-,5347.4000,5346.0000,5345.6000,5345.0000,5343.0000,5349.2000,5349.4000,5350.2000,5351.4000,5352.0000,2,1,1,1,1,1,1,2,1,4
SF,IC2009,2020-06-03 09:32:03.200,5347.4000,46811,-3,474532240.000,3,0,3,双平,S,5346.0000,5345.6000,5345.0000,5343.0000,5342.2000,5349.4000,5350.2000,5351.4000,5352.0000,5352.2000,1,1,1,1,4,1,2,1,4,7
SF,IC2009,2020-06-03 09:32:03.700,5349.4000,46807,-4,479880000.000,5,0,5,多平,S,5347.2000,5346.4000,5346.2000,5346.0000,5345.6000,5350.2000,5351.4000,5352.0000,5352.2000,5352.4000,3,1,11,2,2,1,1,4,7,1
SF,IC2009,2020-06-03 09:32:04.200,5347.4000,46806,-1,480949480.000,1,0,1,双平,S,5347.4000,5347.2000,5346.4000,5346.2000,5346.0000,5349.6000,5350.0000,5350.2000,5351.4000,5352.0000,4,3,1,6,4,1,1,1,1,4
SF,IC2009,2020-06-03 09:32:04.700,5347.4000,46806,0,480949480.000,0,-,-,-,-,5347.4000,5347.2000,5346.4000,5346.2000,5346.0000,5349.4000,5349.6000,5350.0000,5350.2000,5351.4000,3,1,1,6,4,1,1,1,1,1
SF,IC2009,2020-06-03 09:32:05.200,5347.4000,46806,0,480949480.000,0,-,-,-,-,5346.4000,5346.2000,5346.0000,5345.6000,5345.0000,5347.4000,5349.0000,5349.2000,5349.4000,5350.0000,1,5,3,2,1,1,1,3,2,1
SF,IC2009,2020-06-03 09:32:05.700,5347.4000,46801,-5,486296880.000,5,0,5,双平,S,5348.0000,5347.8000,5347.6000,5347.4000,5347.0000,5349.0000,5350.0000,5350.2000,5351.0000,5351.4000,1,1,9,5,7,1,1,1,1,1
SF,IC2009,2020-06-03 09:32:06.200,5348.8000,46799,-2,488436400.000,2,0,2,双平,S,5348.0000,5347.8000,5347.6000,5346.4000,5346.2000,5349.0000,5350.0000,5350.2000,5351.0000,5351.4000,1,1,1,1,1,2,1,1,1,1
SF,IC2009,2020-06-03 09:32:06.700,5348.0000,46795,-4,493784680.000,5,0,5,多平,S,5347.8000,5347.6000,5346.4000,5346.2000,5346.0000,5349.0000,5350.0000,5350.2000,5351.0000,5351.4000,1,1,1,1,2,1,1,1,1,1
SF,IC2009,2020-06-03 09:32:07.200,5348.0000,46792,-3,496993720.000,3,0,3,双平,S,5347.8000,5347.6000,5346.2000,5346.0000,5345.6000,5350.0000,5350.2000,5351.0000,5351.4000,5352.0000,3,1,1,2,2,1,1,1,1,2
SF,IC2009,2020-06-03 09:32:07.700,5348.0000,46791,-1,498063320.000,1,0,1,双平,S,5347.8000,5347.6000,5346.4000,5346.2000,5346.0000,5349.8000,5350.0000,5350.2000,5351.0000,5351.4000,3,1,1,1,2,1,1,1,1,1
SF,IC2009,2020-06-03 09:32:08.200,5348.0000,46791,0,498063320.000,0,-,-,-,-,5349.0000,5348.0000,5347.8000,5347.6000,5347.0000,5349.6000,5349.8000,5350.0000,5350.2000,5351.0000,2,1,3,1,1,2,1,1,1,1
SF,IC2009,2020-06-03 09:32:08.700,5349.0000,46790,-1,500202920.000,2,0,2,多平,S,5348.0000,5347.8000,5347.6000,5347.0000,5346.4000,5349.0000,5349.4000,5349.6000,5350.0000,5350.2000,1,1,1,1,1,1,1,1,1,1
SF,IC2009,2020-06-03 09:32:09.200,5348.0000,46788,-2,502342120.000,2,0,2,双平,S,5347.8000,5347.6000,5347.0000,5346.4000,5346.0000,5348.8000,5349.0000,5349.4000,5350.0000,5350.2000,1,1,1,1,2,1,1,1,1,1
SF,IC2009,2020-06-03 09:32:09.700,5348.0000,46788,0,502342120.000,0,-,-,-,-,5348.0000,5347.8000,5347.6000,5347.0000,5346.4000,5348.8000,5349.0000,5349.4000,5350.0000,5350.2000,2,1,1,1,1,1,1,1,1,1
SF,IC2009,2020-06-03 09:32:10.200,5348.0000,46788,0,502342120.000,0,-,-,-,-,5348.0000,5347.8000,5347.6000,5347.0000,5346.0000,5348.8000,5349.0000,5349.4000,5350.0000,5350.2000,1,1,1,1,2,1,1,1,1,1
SF,IC2009,2020-06-03 09:32:10.700,5348.8000,46788,0,504481640.000,2,1,1,多换,S,5348.0000,5347.8000,5347.6000,5347.0000,5346.0000,5350.0000,5350.2000,5351.0000,5351.4000,5352.0000,1,1,1,1,2,1,1,1,1,2
SF,IC2009,2020-06-03 09:32:11.200,5348.8000,46788,0,504481640.000,0,-,-,-,-,5348.0000,5347.8000,5347.6000,5347.0000,5346.0000,5349.8000,5350.0000,5350.2000,5351.0000,5351.4000,1,1,1,1,2,4,1,1,1,1
SF,IC2009,2020-06-03 09:32:11.700,5348.8000,46788,0,504481640.000,0,-,-,-,-,5348.0000,5347.8000,5347.6000,5347.0000,5346.0000,5349.8000,5350.0000,5350.2000,5351.0000,5351.4000,2,1,1,1,2,1,1,1,1,1
SF,IC2009,2020-06-03 09:32:12.200,5349.8000,46787,-1,505551600.000,1,0,1,双平,S,5348.2000,5348.0000,5347.8000,5347.6000,5347.0000,5350.0000,5350.2000,5351.0000,5351.4000,5352.0000,2,1,1,1,1,1,1,1,1,2
SF,IC2009,2020-06-03 09:32:12.700,5349.8000,46787,0,505551600.000,0,-,-,-,-,5348.4000,5348.2000,5348.0000,5347.8000,5347.6000,5350.0000,5350.2000,5351.0000,5351.4000,5352.0000,1,2,1,1,1,1,1,1,1,2
SF,IC2009,2020-06-03 09:32:13.200,5348.4000,46785,-2,507690920.000,2,0,2,双平,S,5348.2000,5348.0000,5347.8000,5347.6000,5347.0000,5349.6000,5349.8000,5350.0000,5350.2000,5351.0000,1,1,1,1,1,1,2,1,1,1
SF,IC2009,2020-06-03 09:32:13.700,5349.6000,46784,-1,509830800.000,2,0,2,多平,S,5349.6000,5348.0000,5347.6000,5347.0000,5346.0000,5350.0000,5350.2000,5351.0000,5351.4000,5352.0000,4,1,1,1,2,1,1,1,1,2
SF,IC2009,2020-06-03 09:32:14.200,5349.6000,46784,0,510900720.000,1,0,1,多换,S,5349.6000,5348.0000,5347.6000,5347.0000,5346.0000,5349.8000,5350.0000,5350.2000,5351.0000,5351.4000,3,1,1,1,2,1,2,1,1,1
SF,IC2009,2020-06-03 09:32:14.700,5349.8000,46781,-3,514110520.000,3,0,3,双平,S,5348.0000,5347.6000,5347.0000,5346.0000,5345.8000,5349.6000,5350.0000,5350.2000,5351.0000,5351.4000,1,1,1,2,1,3,2,1,1,1
SF,IC2009,2020-06-03 09:32:15.200,5348.2000,46780,-1,515180160.000,1,0,1,双平,S,5348.2000,5348.0000,5347.6000,5347.0000,5346.0000,5349.4000,5349.6000,5350.0000,5350.2000,5351.0000,1,1,1,1,2,4,4,1,1,1
SF,IC2009,2020-06-03 09:32:15.700,5349.4000,46772,-8,523738920.000,8,0,8,双平,S,5348.2000,5348.0000,5347.6000,5347.2000,5347.0000,5349.6000,5350.0000,5350.2000,5351.0000,5351.4000,1,1,1,1,1,4,1,1,1,1
SF,IC2009,2020-06-03 09:32:16.200,5349.6000,46771,-1,525878760.000,2,0,2,多平,S,5348.4000,5348.2000,5348.0000,5347.6000,5347.2000,5349.6000,5350.0000,5350.2000,5351.0000,5351.4000,1,1,2,1,1,2,1,1,1,1
SF,IC2009,2020-06-03 09:32:16.700,5349.6000,46770,-1,526948680.000,1,0,1,双平,S,5349.8000,5348.4000,5348.2000,5348.0000,5347.6000,5350.0000,5350.2000,5351.0000,5351.4000,5352.0000,1,1,1,2,1,2,1,1,1,2
SF,IC2009,2020-06-03 09:32:17.200,5350.0000,46769,-1,529088680.000,2,0,2,多平,S,5349.8000,5348.6000,5348.4000,5348.2000,5348.0000,5350.2000,5351.0000,5351.4000,5352.0000,5352.2000,1,1,1,1,2,1,1,1,2,7
SF,IC2009,2020-06-03 09:32:17.700,5349.8000,46768,-1,530158640.000,1,0,1,双平,S,5348.4000,5348.2000,5348.0000,5347.6000,5347.2000,5350.2000,5351.0000,5351.4000,5352.0000,5352.2000,1,1,2,1,1,4,1,1,2,7
SF,IC2009,2020-06-03 09:32:18.200,5349.8000,46768,0,530158640.000,0,-,-,-,-,5348.4000,5348.2000,5348.0000,5347.6000,5347.2000,5350.0000,5350.2000,5351.0000,5351.4000,5352.0000,2,1,2,1,1,1,4,1,1,2
SF,IC2009,2020-06-03 09:32:18.700,5349.8000,46768,0,530158640.000,0,-,-,-,-,5348.4000,5348.2000,5348.0000,5347.6000,5347.2000,5350.0000,5350.2000,5351.0000,5352.0000,5352.2000,1,1,2,1,1,3,4,1,2,7
SF,IC2009,2020-06-03 09:32:19.200,5349.8000,46767,-1,531228600.000,1,0,1,双平,S,5348.4000,5348.2000,5348.0000,5347.6000,5347.2000,5349.8000,5350.0000,5350.2000,5351.0000,5352.0000,2,1,2,1,1,1,3,4,1,2
SF,IC2009,2020-06-03 09:32:19.700,5349.8000,46766,-1,532298560.000,1,0,1,双平,S,5348.4000,5348.2000,5348.0000,5347.6000,5347.2000,5349.8000,5350.2000,5351.0000,5352.0000,5352.2000,1,1,2,1,1,1,4,1,2,7
SF,IC2009,2020-06-03 09:32:20.200,5349.8000,46766,0,532298560.000,0,-,-,-,-,5349.8000,5348.4000,5348.2000,5348.0000,5347.6000,5350.2000,5351.0000,5352.0000,5352.2000,5352.4000,1,3,1,2,1,4,1,2,7,1
SF,IC2009,2020-06-03 09:32:20.700,5349.8000,46765,-1,533368520.000,1,0,1,双平,S,5348.4000,5348.2000,5348.0000,5347.6000,5347.2000,5349.8000,5350.0000,5350.2000,5351.0000,5352.0000,2,1,2,1,1,6,1,4,1,2
SF,IC2009,2020-06-03 09:32:21.200,5349.8000,46765,0,533368520.000,0,-,-,-,-,5348.6000,5348.4000,5348.2000,5348.0000,5347.6000,5350.0000,5350.2000,5351.0000,5352.0000,5352.2000,1,1,1,3,1,1,4,1,2,7
SF,IC2009,2020-06-03 09:32:21.700,5349.8000,46765,0,533368520.000,0,-,-,-,-,5348.8000,5348.4000,5348.2000,5348.0000,5347.6000,5350.0000,5350.2000,5351.0000,5352.0000,5352.2000,1,1,1,3,1,1,4,1,2,7
SF,IC2009,2020-06-03 09:32:22.200,5349.8000,46765,0,533368520.000,0,-,-,-,-,5349.0000,5348.2000,5348.0000,5347.6000,5347.2000,5350.2000,5351.0000,5352.0000,5352.2000,5352.4000,1,1,3,1,1,4,1,2,7,1
SF,IC2009,2020-06-03 09:32:22.700,5350.2000,46765,0,534438560.000,1,0,1,多换,S,5349.8000,5348.2000,5348.0000,5347.6000,5347.2000,5350.2000,5351.0000,5352.0000,5352.2000,5352.4000,1,1,3,1,1,3,1,2,7,1
SF,IC2009,2020-06-03 09:32:23.200,5349.8000,46765,0,535508520.000,1,0,1,多换,S,5348.6000,5348.2000,5348.0000,5347.6000,5347.2000,5348.8000,5350.0000,5350.2000,5351.0000,5352.0000,1,1,3,1,1,1,1,3,1,2
SF,IC2009,2020-06-03 09:32:23.700,5349.8000,46765,0,537648240.000,2,1,1,多换,S,5348.8000,5348.6000,5348.2000,5348.0000,5347.6000,5350.0000,5350.2000,5351.0000,5352.0000,5352.2000,3,1,1,3,1,1,3,1,2,7
SF,IC2009,2020-06-03 09:32:24.200,5350.0000,46762,-3,540858240.000,3,0,3,双平,S,5348.8000,5348.6000,5348.2000,5348.0000,5347.6000,5350.2000,5351.0000,5352.0000,5352.2000,5352.4000,1,1,1,3,1,3,1,2,7,1
SF,IC2009,2020-06-03 09:32:24.700,5350.0000,46762,0,540858240.000,0,-,-,-,-,5348.6000,5348.2000,5348.0000,5347.6000,5347.2000,5350.0000,5350.2000,5351.0000,5352.0000,5352.2000,1,1,3,1,1,1,3,1,2,7
SF,IC2009,2020-06-03 09:32:25.200,5350.0000,46762,0,540858240.000,0,-,-,-,-,5348.6000,5348.2000,5348.0000,5347.6000,5347.2000,5350.0000,5350.2000,5351.0000,5352.0000,5352.2000,1,1,3,1,1,1,3,1,2,7
SF,IC2009,2020-06-03 09:32:26.200,5350.0000,46762,0,540858240.000,0,-,-,-,-,5348.6000,5348.2000,5348.0000,5347.6000,5347.2000,5350.0000,5350.2000,5351.0000,5352.0000,5352.2000,1,1,3,1,2,2,3,1,2,7
SF,IC2009,2020-06-03 09:32:26.700,5350.0000,46762,0,540858240.000,0,-,-,-,-,5348.6000,5348.2000,5348.0000,5347.6000,5347.2000,5348.8000,5349.4000,5350.0000,5350.2000,5351.0000,3,1,3,1,2,1,2,2,3,1
SF,IC2009,2020-06-03 09:32:27.200,5348.8000,46763,1,541928000.000,1,1,0,双开,S,5348.6000,5348.2000,5348.0000,5347.6000,5347.2000,5350.0000,5350.2000,5351.0000,5352.0000,5352.2000,3,1,3,1,2,2,3,1,2,7
SF,IC2009,2020-06-03 09:32:27.700,5348.8000,46763,0,541928000.000,0,-,-,-,-,5348.6000,5348.2000,5348.0000,5347.6000,5347.2000,5348.8000,5349.8000,5350.0000,5350.2000,5351.0000,3,1,3,1,2,1,3,2,3,1
SF,IC2009,2020-06-03 09:32:28.200,5348.6000,46762,-1,544067480.000,2,0,2,多平,S,5348.6000,5348.2000,5348.0000,5347.6000,5347.2000,5350.0000,5350.2000,5351.0000,5352.0000,5352.2000,2,1,3,1,2,2,3,1,2,7
SF,IC2009,2020-06-03 09:32:28.700,5348.6000,46762,0,544067480.000,0,-,-,-,-,5348.2000,5348.0000,5347.6000,5347.2000,5347.0000,5348.6000,5349.4000,5350.0000,5350.2000,5351.0000,1,3,1,2,2,1,2,2,3,1
SF,IC2009,2020-06-03 09:32:29.200,5348.6000,46761,-1,545137200.000,1,0,1,双平,S,5348.2000,5348.0000,5347.6000,5347.2000,5347.0000,5350.0000,5350.2000,5351.0000,5352.0000,5352.2000,1,3,1,2,2,4,3,1,2,7
SF,IC2009,2020-06-03 09:32:29.700,5348.2000,46760,-1,546206840.000,1,0,1,双平,S,5348.0000,5347.6000,5347.2000,5347.0000,5346.0000,5348.6000,5349.6000,5349.8000,5350.0000,5350.2000,3,1,2,2,2,1,1,1,2,3
SF,IC2009,2020-06-03 09:32:30.200,5348.4000,46759,-1,547276520.000,1,0,1,双平,S,5348.0000,5347.6000,5347.2000,5347.0000,5346.0000,5348.4000,5348.6000,5349.4000,5349.8000,5350.0000,3,1,2,2,1,1,1,2,3,2
SF,IC2009,2020-06-03 09:32:30.700,5348.0000,46759,0,548346120.000,1,0,1,多换,S,5348.0000,5347.6000,5347.2000,5347.0000,5346.0000,5348.6000,5349.8000,5350.0000,5350.2000,5351.0000,2,1,2,2,1,1,2,2,3,1
SF,IC2009,2020-06-03 09:32:31.200,5348.0000,46759,0,548346120.000,0,-,-,-,-,5348.0000,5347.6000,5347.2000,5347.0000,5346.0000,5348.4000,5348.6000,5349.8000,5350.0000,5350.2000,2,1,2,2,1,3,1,2,1,3
SF,IC2009,2020-06-03 09:32:31.700,5347.2000,46757,-2,552624280.000,4,1,3,多平,S,5347.2000,5347.0000,5346.0000,5345.8000,5345.2000,5347.6000,5347.8000,5348.0000,5348.2000,5348.4000,1,2,1,1,1,2,1,8,6,2
SF,IC2009,2020-06-03 09:32:32.200,5347.2000,46757,0,552624280.000,0,-,-,-,-,5347.6000,5347.2000,5347.0000,5346.0000,5345.8000,5348.0000,5348.4000,5348.6000,5349.8000,5350.0000,1,2,2,1,1,3,1,1,1,1
SF,IC2009,2020-06-03 09:32:32.700,5348.0000,46754,-3,557971640.000,5,1,4,多平,S,5347.0000,5346.0000,5345.8000,5345.2000,5345.0000,5348.0000,5348.6000,5349.8000,5350.0000,5350.2000,2,1,1,1,3,2,1,1,1,3
SF,IC2009,2020-06-03 09:32:33.200,5347.0000,46752,-2,560110480.000,2,0,2,双平,S,5347.0000,5346.0000,5345.8000,5345.2000,5345.0000,5348.0000,5348.6000,5349.8000,5350.0000,5350.2000,1,1,1,1,3,2,1,1,2,3
SF,IC2009,2020-06-03 09:32:33.700,5347.0000,46751,-1,561179880.000,1,0,1,双平,S,5347.0000,5346.0000,5345.8000,5345.2000,5345.0000,5348.0000,5348.6000,5349.8000,5350.0000,5350.2000,1,1,1,1,3,2,1,1,2,3
SF,IC2009,2020-06-03 09:32:34.200,5347.0000,46750,-1,562249280.000,1,0,1,双平,S,5346.0000,5345.8000,5345.2000,5345.0000,5343.0000,5347.8000,5348.0000,5348.6000,5349.8000,5350.0000,1,1,1,3,1,1,1,2,1,2
SF,IC2009,2020-06-03 09:32:34.700,5347.0000,46750,0,562249280.000,0,-,-,-,-,5346.0000,5345.8000,5345.2000,5345.0000,5343.0000,5347.6000,5348.0000,5348.6000,5349.8000,5350.0000,2,1,1,3,1,2,1,2,1,3
SF,IC2009,2020-06-03 09:32:35.200,5346.0000,46749,-1,564387680.000,2,0,2,多平,S,5345.8000,5345.2000,5345.0000,5343.0000,5341.8000,5347.4000,5347.6000,5348.0000,5348.6000,5349.8000,1,1,3,1,5,1,2,1,2,1
SF,IC2009,2020-06-03 09:32:35.700,5345.8000,46748,-1,566526040.000,2,0,2,多平,S,5345.2000,5345.0000,5343.0000,5341.8000,5341.4000,5347.2000,5347.4000,5348.0000,5348.6000,5349.8000,1,3,1,5,1,1,2,1,2,1
SF,IC2009,2020-06-03 09:32:36.200,5347.0000,46746,-2,568664520.000,2,0,2,双平,S,5345.2000,5345.0000,5343.0000,5341.8000,5341.4000,5347.2000,5348.0000,5348.6000,5349.8000,5350.0000,1,3,1,5,1,5,1,2,1,3
SF,IC2009,2020-06-03 09:32:36.700,5345.2000,46746,0,569733560.000,1,0,1,多换,S,5345.0000,5343.0000,5341.8000,5341.4000,5341.0000,5347.0000,5347.2000,5348.0000,5348.6000,5349.8000,2,1,5,1,1,1,4,1,2,1
SF,IC2009,2020-06-03 09:32:37.200,5345.0000,46746,0,571871560.000,2,1,1,多换,S,5343.0000,5341.4000,5341.0000,5340.2000,5340.0000,5345.0000,5346.8000,5347.0000,5347.2000,5348.0000,1,1,1,5,4,3,2,6,1,1
SF,IC2009,2020-06-03 09:32:37.700,5345.0000,46745,-1,572940560.000,1,0,1,双平,S,5343.2000,5343.0000,5341.4000,5341.0000,5340.2000,5345.0000,5346.8000,5347.0000,5347.2000,5348.0000,1,1,1,1,1,2,1,2,1,1
SF,IC2009,2020-06-03 09:32:38.200,5343.4000,46744,-1,574009240.000,1,0,1,双平,S,5343.2000,5343.0000,5341.4000,5341.0000,5340.2000,5344.8000,5345.0000,5347.0000,5347.2000,5348.0000,1,1,1,1,1,2,2,2,1,1
SF,IC2009,2020-06-03 09:32:38.700,5343.4000,46744,0,574009240.000,0,-,-,-,-,5343.2000,5343.0000,5341.4000,5341.0000,5340.2000,5344.8000,5345.0000,5347.0000,5347.2000,5348.0000,1,1,1,1,1,2,2,2,1,1
SF,IC2009,2020-06-03 09:32:39.200,5343.2000,46743,-1,575077880.000,1,0,1,双平,S,5343.0000,5341.4000,5341.0000,5340.2000,5340.0000,5343.2000,5344.8000,5345.0000,5347.2000,5348.0000,1,1,1,1,4,4,1,2,1,1
SF,IC2009,2020-06-03 09:32:39.700,5343.2000,46741,-2,579352440.000,4,1,3,多平,S,5343.2000,5343.0000,5341.4000,5341.0000,5340.2000,5344.8000,5347.2000,5348.0000,5348.6000,5350.0000,4,2,1,1,1,1,2,1,1,4
SF,IC2009,2020-06-03 09:32:40.200,5344.6000,46739,-2,581490280.000,2,0,2,双平,S,5343.0000,5341.4000,5341.0000,5340.2000,5340.0000,5344.6000,5344.8000,5347.2000,5348.0000,5348.6000,1,1,1,1,4,1,3,2,1,1
SF,IC2009,2020-06-03 09:32:40.700,5344.6000,46739,0,581490280.000,0,-,-,-,-,5343.4000,5343.0000,5341.4000,5341.0000,5340.2000,5344.4000,5347.2000,5348.0000,5348.6000,5350.0000,1,1,1,1,1,1,2,1,1,4
SF,IC2009,2020-06-03 09:32:41.200,5343.0000,46739,0,582558880.000,1,0,1,多换,S,5341.4000,5341.0000,5340.2000,5340.0000,5338.0000,5343.0000,5343.4000,5344.4000,5347.2000,5348.0000,1,1,1,4,10,1,1,2,2,1
SF,IC2009,2020-06-03 09:32:41.700,5343.4000,46738,-1,584696160.000,2,0,2,多平,S,5343.2000,5343.0000,5342.6000,5342.2000,5341.8000,5344.4000,5347.2000,5348.0000,5348.6000,5350.0000,1,5,1,1,1,1,2,1,1,4
SF,IC2009,2020-06-03 09:32:42.200,5343.2000,46737,-1,586833440.000,2,0,2,多平,S,5343.0000,5341.8000,5341.6000,5341.4000,5341.0000,5343.2000,5344.4000,5347.2000,5348.0000,5348.6000,1,1,9,5,2,1,1,2,1,1
SF,IC2009,2020-06-03 09:32:42.700,5344.4000,46735,-2,588970960.000,2,0,2,双平,S,5343.4000,5343.2000,5343.0000,5341.8000,5341.6000,5347.2000,5348.0000,5348.6000,5350.0000,5350.2000,4,6,1,1,9,2,1,1,3,3
SF,IC2009,2020-06-03 09:32:43.200,5343.6000,46733,-2,592177600.000,3,0,3,多平,S,5343.4000,5343.2000,5343.0000,5341.8000,5341.6000,5346.2000,5346.6000,5347.0000,5347.2000,5348.0000,1,2,2,1,7,1,2,10,3,1
SF,IC2009,2020-06-03 09:32:43.700,5346.0000,46731,-2,594315960.000,2,0,2,双平,S,5343.4000,5343.2000,5343.0000,5341.6000,5341.4000,5345.0000,5346.0000,5346.2000,5346.6000,5346.8000,1,1,2,7,3,1,2,4,2,2
SF,IC2009,2020-06-03 09:32:44.200,5343.6000,46730,-1,595384680.000,1,0,1,双平,S,5343.4000,5343.2000,5343.0000,5341.6000,5341.4000,5345.0000,5346.0000,5346.2000,5346.8000,5347.0000,1,1,2,7,3,1,2,2,2,3
SF,IC2009,2020-06-03 09:32:44.700,5343.4000,46729,-1,596453360.000,1,0,1,双平,S,5343.2000,5343.0000,5342.2000,5341.6000,5341.4000,5344.8000,5345.0000,5346.0000,5346.2000,5346.8000,1,2,1,7,3,1,3,1,1,2
SF,IC2009,2020-06-03 09:32:45.200,5343.4000,46729,0,596453360.000,0,-,-,-,-,5343.4000,5343.2000,5343.0000,5342.2000,5342.0000,5344.6000,5344.8000,5345.0000,5346.2000,5346.8000,1,1,2,2,1,1,1,3,1,2
SF,IC2009,2020-06-03 09:32:45.700,5343.4000,46728,-1,597522040.000,1,0,1,双平,S,5343.2000,5343.0000,5342.2000,5342.0000,5341.8000,5343.4000,5344.4000,5344.6000,5345.0000,5346.2000,1,2,2,1,1,2,1,2,3,1
SF,IC2009,2020-06-03 09:32:46.200,5343.4000,46726,-2,599659400.000,2,0,2,双平,S,5343.4000,5343.2000,5343.0000,5342.2000,5342.0000,5344.4000,5344.6000,5345.0000,5346.2000,5346.8000,1,1,2,2,1,1,2,3,1,2
SF,IC2009,2020-06-03 09:32:46.700,5344.4000,46724,-2,602866000.000,3,0,3,多平,S,5343.4000,5343.2000,5343.0000,5342.2000,5342.0000,5345.0000,5346.2000,5346.8000,5347.0000,5347.2000,1,1,2,2,1,1,1,2,2,5
SF,IC2009,2020-06-03 09:32:47.200,5343.6000,46723,-1,605003600.000,2,0,2,多平,S,5343.6000,5343.4000,5343.2000,5343.0000,5342.2000,5344.8000,5345.0000,5346.2000,5346.8000,5347.0000,2,1,1,2,2,1,1,1,2,2
SF,IC2009,2020-06-03 09:32:47.700,5343.4000,46722,-1,606072280.000,1,0,1,双平,S,5343.2000,5343.0000,5342.2000,5342.0000,5341.8000,5344.8000,5345.0000,5346.2000,5346.8000,5347.0000,1,2,2,1,1,3,1,1,2,2
SF,IC2009,2020-06-03 09:32:48.200,5343.4000,46722,0,606072280.000,0,-,-,-,-,5343.4000,5343.2000,5343.0000,5342.2000,5342.0000,5343.6000,5344.8000,5345.0000,5346.2000,5346.8000,2,1,2,2,1,1,1,2,1,2
SF,IC2009,2020-06-03 09:32:48.700,5343.6000,46721,-1,607141000.000,1,0,1,双平,S,5344.2000,5343.6000,5343.2000,5343.0000,5342.2000,5344.8000,5345.0000,5346.2000,5346.8000,5347.0000,1,1,1,2,2,1,2,1,2,2
SF,IC2009,2020-06-03 09:32:49.200,5344.2000,46716,-5,612485440.000,5,0,5,双平,S,5343.2000,5343.0000,5342.2000,5342.0000,5341.8000,5345.0000,5345.2000,5346.2000,5346.8000,5347.0000,1,2,2,1,1,2,1,1,2,2
SF,IC2009,2020-06-03 09:32:49.700,5344.2000,46716,0,612485440.000,0,-,-,-,-,5343.6000,5343.4000,5343.2000,5343.0000,5342.2000,5345.0000,5345.2000,5346.2000,5346.8000,5347.0000,1,1,4,2,2,2,1,1,2,2
SF,IC2009,2020-06-03 09:32:50.200,5344.2000,46716,0,612485440.000,0,-,-,-,-,5343.8000,5343.6000,5343.2000,5343.0000,5342.2000,5345.0000,5345.2000,5346.2000,5346.8000,5347.0000,1,3,2,2,2,2,1,1,1,2
SF,IC2009,2020-06-03 09:32:50.700,5345.0000,46715,-1,613554440.000,1,0,1,双平,S,5343.8000,5343.6000,5343.2000,5343.0000,5342.2000,5345.0000,5345.2000,5346.2000,5346.8000,5347.0000,1,1,2,5,2,1,1,1,1,2
SF,IC2009,2020-06-03 09:32:51.200,5345.0000,46715,0,614623440.000,1,0,1,多换,S,5343.8000,5343.6000,5343.2000,5343.0000,5342.4000,5345.2000,5346.0000,5346.2000,5346.8000,5347.2000,1,1,1,5,1,1,1,1,1,2
SF,IC2009,2020-06-03 09:32:51.700,5345.0000,46715,0,614623440.000,0,-,-,-,-,5343.8000,5343.6000,5343.2000,5343.0000,5342.4000,5345.2000,5346.0000,5346.2000,5346.8000,5347.2000,1,1,1,5,1,1,1,1,1,2
SF,IC2009,2020-06-03 09:32:52.200,5345.0000,46715,0,614623440.000,0,-,-,-,-,5343.8000,5343.6000,5343.2000,5343.0000,5342.4000,5345.2000,5346.0000,5346.2000,5346.8000,5347.2000,1,1,1,5,1,2,1,1,1,2
SF,IC2009,2020-06-03 09:32:52.700,5345.2000,46714,-1,615692480.000,1,0,1,双平,S,5345.0000,5344.0000,5343.8000,5343.6000,5343.0000,5345.2000,5346.0000,5346.2000,5346.8000,5347.2000,1,1,1,1,5,1,1,1,1,2
SF,IC2009,2020-06-03 09:32:53.200,5345.0000,46716,2,617830520.000,2,2,0,双开,S,5345.2000,5344.0000,5343.8000,5343.6000,5343.0000,5346.0000,5346.2000,5347.2000,5348.6000,5350.0000,1,1,1,1,5,1,1,2,1,3
SF,IC2009,2020-06-03 09:32:53.700,5345.2000,46716,0,618899560.000,1,0,1,多换,S,5345.2000,5344.0000,5343.8000,5343.6000,5343.0000,5345.4000,5346.0000,5346.2000,5347.2000,5348.6000,2,1,1,1,5,3,1,1,2,1
SF,IC2009,2020-06-03 09:32:54.200,5345.2000,46715,-1,621037680.000,2,0,2,多平,S,5345.2000,5344.0000,5343.8000,5343.6000,5343.0000,5345.4000,5346.0000,5346.2000,5347.2000,5348.6000,1,1,1,1,5,2,1,1,2,1
SF,IC2009,2020-06-03 09:32:54.700,5345.4000,46712,-3,624244920.000,3,0,3,双平,S,5345.4000,5345.2000,5343.8000,5343.6000,5343.0000,5346.0000,5346.2000,5347.2000,5348.6000,5350.0000,2,1,1,1,5,1,1,1,1,3
SF,IC2009,2020-06-03 09:32:55.200,5346.2000,46710,-2,626383360.000,2,0,2,双平,S,5346.0000,5345.6000,5345.4000,5345.2000,5343.6000,5347.2000,5350.0000,5350.2000,5351.0000,5352.0000,1,1,1,2,1,1,3,3,1,2
SF,IC2009,2020-06-03 09:32:55.700,5347.2000,46709,-1,627452800.000,1,0,1,双平,S,5346.0000,5345.6000,5345.4000,5345.2000,5343.6000,5350.0000,5350.2000,5351.0000,5352.0000,5352.4000,1,1,1,2,1,3,3,1,2,1
SF,IC2009,2020-06-03 09:32:56.200,5347.2000,46708,-1,628522240.000,1,0,1,双平,S,5345.4000,5345.2000,5343.6000,5343.0000,5342.4000,5348.0000,5349.2000,5349.4000,5349.8000,5350.0000,1,2,1,5,1,2,2,1,7,3
SF,IC2009,2020-06-03 09:32:56.700,5347.2000,46708,0,628522240.000,0,-,-,-,-,5346.0000,5345.6000,5345.4000,5345.2000,5343.6000,5347.8000,5349.6000,5349.8000,5350.0000,5350.2000,2,1,1,2,1,1,2,5,6,3
SF,IC2009,2020-06-03 09:32:57.200,5347.2000,46708,0,628522240.000,0,-,-,-,-,5346.2000,5346.0000,5345.4000,5345.2000,5343.6000,5347.8000,5349.6000,5349.8000,5350.0000,5350.2000,1,1,1,2,1,1,2,5,4,3
SF,IC2009,2020-06-03 09:32:57.700,5347.2000,46708,0,628522240.000,0,-,-,-,-,5346.2000,5346.0000,5345.4000,5345.2000,5343.6000,5347.8000,5349.6000,5349.8000,5350.0000,5350.2000,3,2,1,2,1,1,2,5,4,3
SF,IC2009,2020-06-03 09:32:58.200,5348.0000,46708,0,632800600.000,4,2,2,多换,S,5348.0000,5346.2000,5346.0000,5345.4000,5345.2000,5349.6000,5349.8000,5350.0000,5350.2000,5351.0000,1,3,2,1,2,2,5,4,3,1
SF,IC2009,2020-06-03 09:32:58.700,5348.0000,46708,0,633870200.000,1,0,1,多换,S,5346.4000,5346.2000,5346.0000,5345.4000,5345.2000,5347.8000,5348.0000,5348.6000,5349.0000,5349.2000,2,2,2,1,2,1,2,2,2,1
SF,IC2009,2020-06-03 09:32:59.200,5348.0000,46708,0,633870200.000,0,-,-,-,-,5346.6000,5346.2000,5346.0000,5345.2000,5343.6000,5347.8000,5349.4000,5349.6000,5349.8000,5350.0000,2,3,2,2,1,1,2,2,4,4
SF,IC2009,2020-06-03 09:32:59.700,5348.0000,46708,0,633870200.000,0,-,-,-,-,5346.6000,5346.2000,5346.0000,5345.2000,5343.6000,5347.8000,5349.4000,5349.6000,5349.8000,5350.0000,2,1,2,2,1,1,2,2,4,4
SF,IC2009,2020-06-03 09:33:00.200,5348.0000,46708,0,633870200.000,0,-,-,-,-,5346.6000,5346.2000,5346.0000,5345.2000,5343.6000,5347.8000,5349.4000,5349.6000,5349.8000,5350.0000,1,1,2,2,1,1,2,2,4,5
SF,IC2009,2020-06-03 09:33:00.700,5346.6000,46707,-1,634939520.000,1,0,1,双平,S,5346.2000,5346.0000,5345.2000,5343.6000,5343.0000,5346.6000,5347.8000,5349.4000,5349.6000,5349.8000,1,2,1,1,5,1,4,2,2,4
SF,IC2009,2020-06-03 09:33:01.200,5347.8000,46707,0,637078320.000,2,1,1,多换,S,5346.0000,5345.2000,5343.6000,5343.0000,5342.4000,5347.8000,5349.4000,5349.6000,5349.8000,5350.0000,1,1,1,2,1,2,2,2,4,5
SF,IC2009,2020-06-03 09:33:01.700,5346.2000,46707,0,639216760.000,2,1,1,多换,S,5345.2000,5343.6000,5343.0000,5342.4000,5342.2000,5346.0000,5347.6000,5347.8000,5349.4000,5349.6000,1,1,2,1,2,4,1,1,1,2
SF,IC2009,2020-06-03 09:33:02.200,5346.0000,46706,-1,641355160.000,2,0,2,多平,S,5345.2000,5343.6000,5343.0000,5342.4000,5342.2000,5346.0000,5347.2000,5347.6000,5347.8000,5349.4000,1,1,2,1,2,2,2,1,1,1
SF,IC2009,2020-06-03 09:33:02.700,5346.0000,46706,0,643493560.000,2,1,1,多换,S,5345.2000,5343.6000,5343.4000,5343.0000,5342.4000,5346.2000,5347.2000,5347.6000,5349.4000,5349.6000,2,1,1,2,1,2,2,1,1,2
SF,IC2009,2020-06-03 09:33:03.200,5346.0000,46706,0,643493560.000,0,-,-,-,-,5346.0000,5345.4000,5345.2000,5343.6000,5343.4000,5346.2000,5346.6000,5347.2000,5347.6000,5349.4000,2,1,2,1,1,2,1,2,1,1
SF,IC2009,2020-06-03 09:33:03.700,5346.0000,46705,-1,644562760.000,1,0,1,双平,S,5345.4000,5345.2000,5343.6000,5343.4000,5343.0000,5346.2000,5346.6000,5347.2000,5347.6000,5349.4000,1,2,1,1,2,2,1,2,1,1
SF,IC2009,2020-06-03 09:33:04.700,5346.2000,46706,1,645632000.000,1,1,0,双开,S,5345.4000,5345.2000,5343.6000,5343.4000,5343.0000,5346.2000,5346.6000,5347.2000,5347.6000,5349.4000,1,2,1,1,2,1,1,2,1,1
SF,IC2009,2020-06-03 09:33:05.200,5346.2000,46707,1,646701240.000,1,1,0,双开,S,5345.6000,5345.4000,5345.2000,5343.6000,5343.4000,5346.6000,5347.2000,5347.6000,5349.4000,5349.6000,1,1,1,1,1,1,2,1,1,2
SF,IC2009,2020-06-03 09:33:05.700,5346.2000,46707,0,646701240.000,0,-,-,-,-,5346.2000,5345.6000,5345.4000,5345.2000,5343.6000,5346.6000,5347.2000,5347.6000,5349.4000,5349.6000,3,2,1,1,1,1,2,1,1,2
SF,IC2009,2020-06-03 09:33:06.200,5345.6000,46707,0,650978080.000,4,2,2,多换,S,5345.6000,5345.4000,5345.2000,5343.6000,5343.4000,5346.6000,5347.2000,5347.6000,5349.4000,5349.6000,1,1,1,1,1,1,2,1,1,2
SF,IC2009,2020-06-03 09:33:07.200,5346.6000,46708,1,652047400.000,1,1,0,双开,S,5346.6000,5346.2000,5345.6000,5345.4000,5345.2000,5347.2000,5347.6000,5349.4000,5349.6000,5349.8000,1,1,1,1,1,2,1,1,2,4
SF,IC2009,2020-06-03 09:33:07.700,5346.2000,46708,0,654185960.000,2,1,1,多换,S,5345.6000,5345.4000,5345.2000,5343.6000,5343.4000,5347.0000,5347.2000,5347.6000,5348.0000,5349.4000,1,1,1,1,1,2,2,1,1,1
SF,IC2009,2020-06-03 09:33:08.200,5346.2000,46708,0,654185960.000,0,-,-,-,-,5345.8000,5345.2000,5343.6000,5343.4000,5343.0000,5347.2000,5347.6000,5348.0000,5348.2000,5349.4000,1,1,1,1,3,2,1,1,1,1
SF,IC2009,2020-06-03 09:33:08.700,5346.2000,46708,0,654185960.000,0,-,-,-,-,5345.8000,5345.2000,5343.6000,5343.4000,5343.0000,5347.2000,5347.6000,5348.0000,5348.2000,5349.4000,2,1,1,1,3,2,1,1,1,1
SF,IC2009,2020-06-03 09:33:09.700,5346.2000,46708,0,654185960.000,0,-,-,-,-,5346.0000,5345.8000,5345.2000,5343.6000,5343.4000,5347.2000,5347.6000,5348.0000,5348.2000,5349.4000,1,2,1,1,1,2,1,1,1,1
SF,IC2009,2020-06-03 09:33:10.200,5346.2000,46708,0,654185960.000,0,-,-,-,-,5346.0000,5345.8000,5345.2000,5343.6000,5343.4000,5346.8000,5347.2000,5347.6000,5348.0000,5348.2000,1,2,1,1,1,1,2,1,1,1
SF,IC2009,2020-06-03 09:33:10.700,5347.2000,46707,-1,656324760.000,2,0,2,多平,S,5346.8000,5346.2000,5346.0000,5345.2000,5343.6000,5347.2000,5348.0000,5348.2000,5349.4000,5349.6000,1,1,3,1,1,1,1,1,1,2
SF,IC2009,2020-06-03 09:33:11.200,5346.8000,46708,1,657394120.000,1,1,0,双开,S,5346.6000,5346.2000,5346.0000,5345.2000,5343.6000,5347.2000,5348.0000,5348.2000,5349.4000,5349.6000,1,1,3,1,1,1,1,1,1,2
SF,IC2009,2020-06-03 09:33:11.700,5347.2000,46708,0,658463560.000,1,0,1,多换,S,5346.6000,5346.2000,5346.0000,5345.2000,5343.6000,5348.0000,5348.2000,5349.4000,5349.6000,5349.8000,2,1,2,1,1,1,1,1,2,2
SF,IC2009,2020-06-03 09:33:12.200,5347.2000,46708,0,658463560.000,0,-,-,-,-,5346.6000,5346.2000,5346.0000,5345.2000,5343.6000,5347.0000,5348.0000,5348.2000,5349.4000,5349.6000,1,1,2,1,1,1,3,1,1,2
SF,IC2009,2020-06-03 09:33:12.700,5346.6000,46707,-1,659532880.000,1,0,1,双平,S,5346.2000,5346.0000,5345.2000,5343.6000,5343.4000,5347.0000,5348.0000,5348.2000,5349.4000,5349.6000,1,2,1,1,1,1,3,1,1,2
SF,IC2009,2020-06-03 09:33:13.200,5346.6000,46707,0,659532880.000,0,-,-,-,-,5346.2000,5346.0000,5345.2000,5343.6000,5343.4000,5346.6000,5347.0000,5348.0000,5348.2000,5349.4000,1,2,1,1,1,1,1,2,1,1
SF,IC2009,2020-06-03 09:33:14.200,5347.0000,46706,-1,661671600.000,2,0,2,多平,S,5346.2000,5346.0000,5345.2000,5343.6000,5343.4000,5348.0000,5348.2000,5349.4000,5349.6000,5349.8000,1,2,1,1,1,2,1,1,2,2
SF,IC2009,2020-06-03 09:33:14.700,5347.0000,46706,0,661671600.000,0,-,-,-,-,5346.6000,5346.4000,5346.2000,5346.0000,5345.2000,5348.0000,5348.2000,5349.4000,5349.6000,5350.0000,2,1,1,2,1,1,1,1,2,5
SF,IC2009,2020-06-03 09:33:15.200,5347.0000,46706,0,661671600.000,0,-,-,-,-,5346.8000,5346.6000,5346.4000,5346.0000,5345.2000,5348.0000,5348.2000,5349.4000,5349.6000,5350.0000,2,2,1,2,1,1,1,1,2,5
SF,IC2009,2020-06-03 09:33:16.200,5346.8000,46706,0,662740960.000,1,0,1,多换,S,5346.8000,5346.6000,5346.4000,5346.0000,5345.2000,5348.0000,5348.2000,5349.4000,5349.6000,5350.0000,1,2,1,2,1,1,1,1,2,5
SF,IC2009,2020-06-03 09:33:16.700,5346.8000,46706,0,662740960.000,0,-,-,-,-,5346.4000,5346.0000,5345.2000,5343.6000,5343.4000,5346.8000,5348.0000,5348.2000,5349.4000,5349.6000,1,2,1,2,1,10,1,1,1,2
SF,IC2009,2020-06-03 09:33:17.200,5346.4000,46706,0,663810240.000,1,0,1,多换,S,5346.0000,5345.2000,5343.6000,5343.4000,5343.0000,5346.8000,5348.0000,5348.2000,5349.4000,5349.6000,2,1,2,1,2,10,1,1,1,2
SF,IC2009,2020-06-03 09:33:18.200,5346.4000,46706,0,663810240.000,0,-,-,-,-,5346.0000,5345.2000,5343.6000,5343.4000,5343.0000,5346.8000,5348.0000,5348.2000,5349.4000,5349.6000,2,1,2,1,2,11,1,1,1,2
SF,IC2009,2020-06-03 09:33:20.200,5346.0000,46705,-1,665948640.000,2,0,2,多平,S,5345.2000,5343.6000,5343.4000,5343.0000,5342.4000,5346.0000,5346.8000,5348.0000,5348.2000,5349.4000,1,2,1,2,1,15,11,1,1,1
SF,IC2009,2020-06-03 09:33:20.700,5345.4000,46704,-1,669156120.000,3,1,2,多平,S,5345.2000,5343.6000,5343.4000,5343.0000,5342.4000,5346.0000,5346.8000,5348.0000,5348.2000,5349.4000,1,2,1,2,1,15,11,1,1,1
SF,IC2009,2020-06-03 09:33:21.200,5346.0000,46704,0,670225320.000,1,0,1,多换,S,5345.2000,5343.6000,5343.4000,5343.0000,5342.4000,5346.0000,5346.8000,5348.0000,5348.2000,5349.4000,1,2,1,2,1,14,11,1,1,1
SF,IC2009,2020-06-03 09:33:21.700,5346.0000,46701,-3,673432920.000,3,0,3,双平,S,5345.2000,5343.6000,5343.4000,5343.0000,5342.4000,5346.0000,5346.8000,5348.0000,5348.2000,5349.4000,2,2,1,2,1,11,11,1,1,1
SF,IC2009,2020-06-03 09:33:22.200,5346.0000,46692,-9,683055720.000,9,0,9,双平,S,5345.2000,5343.6000,5343.0000,5342.4000,5342.2000,5346.0000,5346.8000,5348.0000,5348.2000,5349.4000,2,2,2,1,2,2,11,1,1,1
SF,IC2009,2020-06-03 09:33:22.700,5346.0000,46690,-2,685194120.000,2,0,2,双平,S,5346.0000,5345.4000,5345.2000,5344.8000,5343.6000,5346.8000,5348.0000,5348.2000,5349.4000,5349.6000,2,5,2,1,2,11,1,1,1,2
SF,IC2009,2020-06-03 09:33:23.200,5346.8000,46688,-2,688402200.000,3,0,3,多平,S,5346.4000,5346.2000,5346.0000,5345.4000,5345.2000,5346.8000,5348.0000,5348.2000,5349.4000,5349.6000,1,1,1,6,1,8,1,1,1,2
SF,IC2009,2020-06-03 09:33:23.700,5346.8000,46688,0,688402200.000,0,-,-,-,-,5346.2000,5346.0000,5345.4000,5345.2000,5344.8000,5346.8000,5348.0000,5348.2000,5349.4000,5349.6000,1,3,6,1,1,8,1,1,1,2
SF,IC2009,2020-06-03 09:33:24.200,5346.8000,46688,0,689471560.000,1,0,1,多换,S,5346.2000,5346.0000,5345.4000,5345.2000,5344.8000,5346.8000,5348.0000,5348.2000,5349.4000,5349.6000,1,2,6,1,1,7,1,1,1,2
SF,IC2009,2020-06-03 09:33:24.700,5346.4000,46680,-8,698026360.000,8,0,8,双平,S,5346.8000,5346.2000,5346.0000,5345.4000,5345.2000,5348.0000,5348.2000,5349.6000,5350.0000,5350.2000,1,1,2,6,1,1,1,2,5,3
SF,IC2009,2020-06-03 09:33:25.200,5346.4000,46680,0,699095640.000,1,0,1,多换,S,5346.8000,5346.0000,5345.4000,5345.2000,5344.8000,5347.8000,5348.0000,5348.2000,5349.6000,5350.0000,1,2,6,1,1,1,1,1,2,6
SF,IC2009,2020-06-03 09:33:25.700,5346.4000,46680,0,699095640.000,0,-,-,-,-,5346.8000,5346.0000,5345.4000,5345.2000,5345.0000,5347.8000,5348.0000,5348.2000,5349.6000,5350.0000,1,2,6,1,2,1,1,1,2,6
SF,IC2009,2020-06-03 09:33:26.200,5346.4000,46680,0,699095640.000,0,-,-,-,-,5346.8000,5346.0000,5345.4000,5345.2000,5345.0000,5347.8000,5348.0000,5348.2000,5349.6000,5350.0000,1,2,5,1,2,1,1,1,1,6
SF,IC2009,2020-06-03 09:33:26.700,5347.8000,46680,0,700165200.000,1,0,1,多换,S,5346.8000,5346.0000,5345.4000,5345.2000,5345.0000,5348.0000,5348.2000,5349.6000,5350.0000,5350.2000,2,2,5,1,2,1,1,1,6,3
SF,IC2009,2020-06-03 09:33:28.200,5346.8000,46679,-1,702304160.000,2,0,2,多平,S,5346.8000,5346.0000,5345.4000,5345.2000,5345.0000,5348.2000,5349.6000,5350.0000,5350.2000,5351.0000,1,2,4,1,2,1,1,6,3,1
SF,IC2009,2020-06-03 09:33:28.700,5348.2000,46678,-1,703373800.000,1,0,1,双平,S,5347.0000,5346.8000,5346.0000,5345.4000,5345.2000,5349.6000,5350.0000,5350.2000,5351.0000,5352.0000,1,2,2,3,1,1,6,3,1,2
SF,IC2009,2020-06-03 09:33:29.200,5347.4000,46678,0,704443280.000,1,0,1,多换,S,5347.4000,5347.0000,5346.0000,5345.4000,5345.2000,5349.4000,5350.0000,5350.2000,5351.0000,5352.0000,1,5,2,3,1,1,5,3,1,2
SF,IC2009,2020-06-03 09:33:29.700,5347.4000,46678,0,704443280.000,0,-,-,-,-,5347.6000,5347.4000,5347.0000,5346.0000,5345.4000,5349.4000,5350.0000,5350.2000,5351.0000,5352.0000,2,1,3,2,3,1,5,3,1,2
SF,IC2009,2020-06-03 09:33:30.200,5347.4000,46678,0,704443280.000,0,-,-,-,-,5348.0000,5347.8000,5347.6000,5347.4000,5347.0000,5350.0000,5350.2000,5351.0000,5352.0000,5352.4000,1,1,1,1,2,5,3,1,2,1
SF,IC2009,2020-06-03 09:33:30.700,5349.8000,46677,-1,705513240.000,1,0,1,双平,S,5347.8000,5347.6000,5347.0000,5346.0000,5345.4000,5349.8000,5350.0000,5350.2000,5351.0000,5352.0000,1,1,2,2,1,2,5,3,1,2
SF,IC2009,2020-06-03 09:33:31.200,5349.8000,46677,0,705513240.000,0,-,-,-,-,5348.0000,5347.0000,5346.0000,5345.4000,5345.2000,5349.6000,5349.8000,5350.0000,5350.2000,5351.0000,1,1,2,1,1,1,1,5,3,1
SF,IC2009,2020-06-03 09:33:31.700,5349.8000,46677,0,705513240.000,0,-,-,-,-,5348.0000,5347.0000,5346.0000,5345.4000,5345.2000,5349.6000,5349.8000,5350.0000,5350.2000,5351.0000,3,1,2,1,1,2,1,5,3,1
SF,IC2009,2020-06-03 09:33:32.200,5349.8000,46677,0,705513240.000,0,-,-,-,-,5348.2000,5348.0000,5346.0000,5345.4000,5345.2000,5349.4000,5349.6000,5350.0000,5351.0000,5352.0000,1,2,2,1,1,2,1,5,1,2
SF,IC2009,2020-06-03 09:33:32.700,5349.8000,46677,0,705513240.000,0,-,-,-,-,5348.2000,5348.0000,5346.0000,5345.4000,5345.2000,5349.4000,5349.6000,5350.0000,5351.0000,5352.0000,3,1,2,1,1,1,1,5,1,2
SF,IC2009,2020-06-03 09:33:33.200,5349.6000,46676,-1,706583160.000,1,0,1,双平,S,5348.4000,5348.2000,5348.0000,5346.0000,5345.4000,5349.6000,5350.0000,5351.0000,5352.0000,5352.4000,1,2,1,2,1,1,5,1,2,1
SF,IC2009,2020-06-03 09:33:33.700,5349.6000,46676,0,706583160.000,0,-,-,-,-,5348.6000,5348.4000,5348.2000,5346.0000,5345.4000,5349.6000,5350.0000,5351.0000,5352.0000,5352.4000,1,1,2,2,1,1,5,1,2,1
SF,IC2009,2020-06-03 09:33:34.200,5348.6000,46675,-1,707652880.000,1,0,1,双平,S,5348.4000,5348.2000,5346.0000,5345.4000,5345.2000,5349.6000,5350.0000,5351.0000,5352.0000,5352.4000,1,2,2,1,1,1,5,1,2,1
SF,IC2009,2020-06-03 09:33:34.700,5349.6000,46674,-1,708722800.000,1,0,1,双平,S,5349.6000,5348.4000,5348.2000,5346.0000,5345.4000,5350.0000,5351.0000,5352.0000,5352.4000,5352.8000,1,1,1,2,1,5,1,2,1,1
SF,IC2009,2020-06-03 09:33:35.200,5349.6000,46673,-1,709792720.000,1,0,1,双平,S,5349.8000,5348.2000,5346.0000,5345.4000,5345.2000,5350.0000,5351.0000,5352.0000,5352.4000,5352.8000,1,1,2,1,1,5,1,2,1,1
SF,IC2009,2020-06-03 09:33:35.700,5349.8000,46673,0,710862680.000,1,0,1,多换,S,5348.2000,5346.0000,5345.4000,5345.2000,5345.0000,5349.8000,5350.0000,5351.0000,5352.0000,5352.4000,1,2,1,1,2,4,5,1,2,1
SF,IC2009,2020-06-03 09:33:36.200,5349.8000,46673,0,710862680.000,0,-,-,-,-,5348.4000,5348.2000,5346.0000,5345.4000,5345.2000,5349.6000,5349.8000,5350.0000,5351.0000,5352.0000,1,1,2,1,1,1,6,5,1,2
SF,IC2009,2020-06-03 09:33:36.700,5349.8000,46673,0,710862680.000,0,-,-,-,-,5348.4000,5346.0000,5345.4000,5345.2000,5345.0000,5349.8000,5350.0000,5351.0000,5352.0000,5352.4000,1,2,1,1,2,6,5,1,2,1
SF,IC2009,2020-06-03 09:33:37.200,5349.8000,46673,0,710862680.000,0,-,-,-,-,5348.4000,5346.0000,5345.4000,5345.2000,5345.0000,5349.6000,5349.8000,5350.0000,5351.0000,5352.0000,1,2,1,1,2,1,9,5,1,2
SF,IC2009,2020-06-03 09:33:37.700,5349.6000,46673,0,713002280.000,2,1,1,多换,S,5346.0000,5345.4000,5345.2000,5345.0000,5344.6000,5349.8000,5350.0000,5351.0000,5352.0000,5352.4000,2,1,1,2,1,7,5,1,2,1
SF,IC2009,2020-06-03 09:33:38.200,5349.6000,46673,0,713002280.000,0,-,-,-,-,5346.2000,5346.0000,5345.4000,5345.2000,5345.0000,5348.4000,5349.6000,5349.8000,5350.0000,5351.0000,2,2,1,1,2,1,3,7,5,1
SF,IC2009,2020-06-03 09:33:38.700,5349.6000,46673,0,713002280.000,0,-,-,-,-,5346.6000,5346.4000,5346.2000,5346.0000,5345.4000,5349.6000,5349.8000,5350.0000,5351.0000,5352.0000,1,2,1,2,1,2,7,5,1,2
SF,IC2009,2020-06-03 09:33:39.200,5349.6000,46673,0,713002280.000,0,-,-,-,-,5348.4000,5347.2000,5346.8000,5346.6000,5346.0000,5349.6000,5349.8000,5350.0000,5351.0000,5352.0000,1,1,1,2,2,2,7,5,1,2
SF,IC2009,2020-06-03 09:33:39.700,5349.6000,46673,0,714072200.000,1,0,1,多换,S,5348.4000,5346.8000,5346.6000,5346.0000,5345.4000,5349.6000,5349.8000,5350.0000,5351.0000,5352.0000,2,1,1,2,1,1,7,5,1,2
SF,IC2009,2020-06-03 09:33:40.200,5349.6000,46673,0,714072200.000,0,-,-,-,-,5348.4000,5346.8000,5346.6000,5346.0000,5345.4000,5349.6000,5349.8000,5350.0000,5351.0000,5352.0000,1,1,1,2,1,1,7,5,1,2
SF,IC2009,2020-06-03 09:33:40.700,5349.6000,46673,0,714072200.000,0,-,-,-,-,5348.4000,5346.8000,5346.6000,5346.0000,5345.4000,5349.6000,5349.8000,5350.0000,5351.0000,5352.0000,1,2,1,2,1,1,7,5,1,2
SF,IC2009,2020-06-03 09:33:41.200,5349.6000,46673,0,714072200.000,0,-,-,-,-,5348.4000,5346.8000,5346.0000,5345.4000,5345.2000,5349.6000,5349.8000,5350.0000,5351.0000,5352.0000,2,2,2,1,1,1,7,5,1,2
SF,IC2009,2020-06-03 09:33:41.700,5349.6000,46673,0,714072200.000,0,-,-,-,-,5348.4000,5346.8000,5346.0000,5345.4000,5345.2000,5349.6000,5349.8000,5350.0000,5351.0000,5352.0000,1,2,2,1,1,1,7,5,1,2
SF,IC2009,2020-06-03 09:33:42.200,5349.6000,46673,0,714072200.000,0,-,-,-,-,5346.8000,5346.6000,5346.0000,5345.4000,5345.2000,5349.6000,5349.8000,5350.0000,5351.0000,5352.0000,2,1,2,1,1,1,7,5,1,2
SF,IC2009,2020-06-03 09:33:42.700,5349.6000,46673,0,714072200.000,0,-,-,-,-,5347.2000,5347.0000,5346.8000,5346.6000,5346.0000,5349.4000,5349.6000,5349.8000,5350.0000,5351.0000,1,2,2,1,2,1,1,7,5,1
SF,IC2009,2020-06-03 09:33:43.200,5349.6000,46673,0,715142120.000,1,0,1,多换,S,5349.6000,5347.4000,5347.2000,5347.0000,5346.8000,5349.8000,5350.0000,5351.0000,5352.0000,5352.4000,1,2,3,1,2,7,5,1,2,1
SF,IC2009,2020-06-03 09:33:43.700,5349.8000,46674,1,724771680.000,9,5,4,空开,S,5349.8000,5349.6000,5347.4000,5347.2000,5347.0000,5350.0000,5351.0000,5352.0000,5352.4000,5352.8000,16,2,2,2,1,5,1,2,1,1
SF,IC2009,2020-06-03 09:33:44.200,5350.0000,46673,-1,729051680.000,4,1,3,多平,S,5349.8000,5349.6000,5347.4000,5347.2000,5347.0000,5350.0000,5351.0000,5352.0000,5352.4000,5352.8000,16,2,2,1,1,1,1,2,1,1
SF,IC2009,2020-06-03 09:33:44.700,5350.0000,46672,-1,730121680.000,1,0,1,双平,S,5349.8000,5349.6000,5347.4000,5347.2000,5347.0000,5351.0000,5352.0000,5352.4000,5352.8000,5353.0000,16,2,2,1,1,1,2,1,1,2
SF,IC2009,2020-06-03 09:33:45.200,5350.0000,46671,-1,731191680.000,1,0,1,双平,S,5350.0000,5349.8000,5349.6000,5347.4000,5347.0000,5351.0000,5352.0000,5352.4000,5352.8000,5353.0000,1,16,2,2,1,1,2,1,1,2
SF,IC2009,2020-06-03 09:33:45.700,5350.0000,46671,0,732261680.000,1,0,1,多换,S,5350.0000,5349.8000,5349.6000,5347.4000,5347.0000,5351.0000,5352.0000,5352.4000,5352.8000,5353.0000,1,16,2,1,1,1,2,1,1,2
SF,IC2009,2020-06-03 09:33:46.200,5350.0000,46670,-1,733331680.000,1,0,1,双平,S,5349.8000,5349.6000,5347.4000,5347.0000,5346.8000,5351.0000,5352.0000,5352.4000,5352.8000,5353.0000,16,2,1,1,1,1,2,1,1,2
SF,IC2009,2020-06-03 09:33:46.700,5350.0000,46670,0,733331680.000,0,-,-,-,-,5349.8000,5349.6000,5347.4000,5347.0000,5346.8000,5351.0000,5352.0000,5352.4000,5352.8000,5353.0000,16,2,1,1,1,2,2,1,1,2
SF,IC2009,2020-06-03 09:33:47.200,5351.0000,46670,0,734401880.000,1,0,1,多换,S,5349.8000,5349.6000,5347.4000,5347.0000,5346.8000,5351.0000,5352.0000,5352.4000,5352.8000,5353.0000,16,2,1,1,1,1,2,1,1,2
SF,IC2009,2020-06-03 09:33:47.700,5351.0000,46670,0,734401880.000,0,-,-,-,-,5351.2000,5350.0000,5349.6000,5347.0000,5346.8000,5352.0000,5352.4000,5352.8000,5353.0000,5354.0000,16,1,2,1,1,2,1,1,2,1
SF,IC2009,2020-06-03 09:33:48.200,5351.2000,46671,1,742963800.000,8,4,4,空开,S,5351.2000,5350.0000,5349.6000,5347.0000,5346.8000,5351.6000,5351.8000,5352.0000,5352.4000,5352.8000,8,1,2,1,1,1,2,2,1,1
SF,IC2009,2020-06-03 09:33:48.700,5351.2000,46671,0,744034040.000,1,0,1,多换,S,5351.2000,5350.0000,5349.6000,5347.0000,5346.8000,5351.4000,5351.8000,5352.0000,5352.4000,5352.8000,7,1,2,1,1,2,2,2,1,1
SF,IC2009,2020-06-03 09:33:49.200,5351.4000,46669,-2,746174600.000,2,0,2,双平,S,5351.4000,5351.2000,5350.0000,5349.6000,5347.0000,5352.0000,5352.4000,5352.8000,5353.0000,5354.0000,1,7,1,2,1,2,1,1,2,1
SF,IC2009,2020-06-03 09:33:49.700,5351.4000,46669,0,746174600.000,0,-,-,-,-,5351.2000,5350.0000,5349.6000,5347.0000,5346.8000,5352.0000,5352.4000,5352.8000,5353.0000,5354.0000,7,1,2,1,1,2,1,1,2,1
SF,IC2009,2020-06-03 09:33:51.200,5351.2000,46669,0,747244840.000,1,0,1,多换,S,5350.0000,5349.6000,5347.0000,5346.8000,5346.6000,5352.0000,5352.4000,5352.8000,5353.0000,5354.0000,1,2,1,1,1,2,1,1,2,1
SF,IC2009,2020-06-03 09:33:51.700,5352.4000,46669,0,752596840.000,5,2,3,多换,S,5352.4000,5350.2000,5350.0000,5349.6000,5347.0000,5352.8000,5353.0000,5354.0000,5355.0000,5356.6000,1,1,1,2,1,1,2,1,1,3
SF,IC2009,2020-06-03 09:33:52.200,5352.4000,46669,0,753667320.000,1,0,1,多换,S,5350.0000,5349.6000,5347.0000,5346.8000,5346.6000,5352.2000,5352.4000,5352.6000,5352.8000,5353.0000,1,2,1,1,1,1,5,2,3,2
SF,IC2009,2020-06-03 09:33:52.700,5352.4000,46669,0,753667320.000,0,-,-,-,-,5350.0000,5349.6000,5347.0000,5346.8000,5346.6000,5352.0000,5352.2000,5352.4000,5352.8000,5353.0000,1,2,1,1,1,1,1,2,1,2
SF,IC2009,2020-06-03 09:33:53.200,5352.4000,46669,0,753667320.000,0,-,-,-,-,5350.0000,5349.6000,5347.0000,5346.8000,5346.6000,5351.4000,5352.0000,5352.4000,5352.8000,5353.0000,2,2,1,1,1,1,1,2,1,2
SF,IC2009,2020-06-03 09:33:53.700,5351.4000,46668,-1,754737600.000,1,0,1,双平,S,5351.4000,5350.0000,5349.6000,5347.0000,5346.8000,5351.8000,5352.0000,5352.4000,5352.8000,5353.0000,2,2,2,1,1,1,1,2,1,2
SF,IC2009,2020-06-03 09:33:54.200,5351.4000,46668,0,755807880.000,1,0,1,多换,S,5351.4000,5350.0000,5349.6000,5347.0000,5346.8000,5352.8000,5353.0000,5354.0000,5355.0000,5356.6000,1,1,2,1,1,1,2,1,1,3
SF,IC2009,2020-06-03 09:33:54.700,5351.4000,46668,0,756878160.000,1,0,1,多换,S,5350.0000,5349.6000,5347.0000,5346.8000,5346.6000,5352.6000,5352.8000,5353.0000,5354.0000,5355.0000,1,2,1,1,1,3,1,2,1,1
SF,IC2009,2020-06-03 09:33:55.200,5352.6000,46667,-1,757948680.000,1,0,1,双平,S,5350.2000,5350.0000,5349.6000,5347.0000,5346.8000,5352.6000,5352.8000,5353.0000,5354.0000,5355.0000,1,2,2,1,1,2,1,2,1,1
SF,IC2009,2020-06-03 09:33:55.700,5352.6000,46667,0,759019200.000,1,0,1,多换,S,5350.4000,5350.2000,5350.0000,5349.6000,5347.0000,5352.2000,5352.4000,5352.6000,5352.8000,5353.0000,1,1,1,2,1,1,3,3,1,2
SF,IC2009,2020-06-03 09:33:56.200,5352.6000,46667,0,759019200.000,0,-,-,-,-,5350.4000,5349.6000,5347.0000,5346.8000,5346.6000,5352.2000,5352.4000,5352.6000,5352.8000,5353.0000,1,2,1,1,1,1,2,3,1,2
SF,IC2009,2020-06-03 09:33:56.700,5352.6000,46667,0,759019200.000,0,-,-,-,-,5350.4000,5349.6000,5347.0000,5346.8000,5346.6000,5352.2000,5352.4000,5352.6000,5352.8000,5353.0000,1,2,1,1,1,1,2,3,1,2
SF,IC2009,2020-06-03 09:33:57.200,5352.6000,46667,0,759019200.000,0,-,-,-,-,5350.4000,5349.6000,5347.0000,5346.8000,5346.6000,5352.0000,5352.2000,5352.4000,5352.6000,5352.8000,2,2,1,1,1,1,1,1,3,1
SF,IC2009,2020-06-03 09:33:57.700,5350.4000,46665,-2,761159360.000,2,0,2,双平,S,5349.6000,5347.0000,5346.8000,5346.6000,5346.4000,5350.4000,5351.8000,5352.0000,5352.6000,5352.8000,2,1,1,1,1,2,1,5,2,1
SF,IC2009,2020-06-03 09:33:58.200,5350.4000,46665,0,762229440.000,1,0,1,多换,S,5350.2000,5349.6000,5347.0000,5346.8000,5346.6000,5351.6000,5351.8000,5352.0000,5352.8000,5353.0000,1,2,1,1,1,2,1,2,1,2
SF,IC2009,2020-06-03 09:33:58.700,5350.2000,46666,1,763299480.000,1,1,0,双开,S,5349.6000,5347.0000,5346.8000,5346.6000,5346.4000,5351.0000,5351.2000,5351.4000,5351.6000,5351.8000,2,1,1,1,1,3,1,2,4,1
SF,IC2009,2020-06-03 09:33:59.200,5350.2000,46666,0,763299480.000,0,-,-,-,-,5350.4000,5349.6000,5347.0000,5346.8000,5346.4000,5350.6000,5350.8000,5351.0000,5351.2000,5351.6000,2,2,1,1,1,1,1,2,1,4
SF,IC2009,2020-06-03 09:33:59.700,5350.4000,46665,-1,765439640.000,2,0,2,多平,S,5349.6000,5347.0000,5346.8000,5346.4000,5346.0000,5350.4000,5350.6000,5350.8000,5351.6000,5352.8000,2,1,1,1,2,2,1,1,2,1
SF,IC2009,2020-06-03 09:34:00.200,5350.4000,46665,0,765439640.000,0,-,-,-,-,5349.8000,5349.6000,5347.0000,5346.8000,5346.4000,5350.8000,5351.6000,5352.8000,5353.0000,5354.0000,2,2,1,1,1,1,2,1,2,1
SF,IC2009,2020-06-03 09:34:00.700,5350.4000,46665,0,765439640.000,0,-,-,-,-,5349.8000,5349.6000,5347.0000,5346.8000,5346.4000,5350.6000,5350.8000,5351.6000,5352.8000,5353.0000,2,2,1,1,1,1,1,2,1,2
SF,IC2009,2020-06-03 09:34:01.200,5350.4000,46665,0,765439640.000,0,-,-,-,-,5350.6000,5349.8000,5349.6000,5347.0000,5346.8000,5351.6000,5352.8000,5353.0000,5354.0000,5355.0000,2,2,2,1,1,2,1,2,1,1
SF,IC2009,2020-06-03 09:34:01.700,5351.6000,46665,0,766509960.000,1,0,1,多换,S,5350.8000,5350.6000,5349.8000,5349.6000,5347.0000,5351.6000,5352.8000,5353.0000,5354.0000,5355.0000,3,2,1,2,1,1,1,2,1,1
SF,IC2009,2020-06-03 09:34:02.200,5351.6000,46665,0,766509960.000,0,-,-,-,-,5351.0000,5350.8000,5350.6000,5349.6000,5347.0000,5351.6000,5352.8000,5353.0000,5354.0000,5355.0000,2,2,2,2,1,1,1,2,1,1
SF,IC2009,2020-06-03 09:34:02.700,5351.6000,46665,0,766509960.000,0,-,-,-,-,5351.0000,5350.8000,5350.6000,5349.6000,5347.0000,5351.6000,5352.8000,5353.0000,5354.0000,5355.0000,2,3,2,2,1,1,1,2,1,1
SF,IC2009,2020-06-03 09:34:03.200,5351.6000,46665,0,766509960.000,0,-,-,-,-,5351.0000,5350.8000,5350.6000,5349.6000,5347.0000,5352.8000,5353.0000,5354.0000,5355.0000,5356.6000,2,3,2,2,1,1,2,1,1,3
SF,IC2009,2020-06-03 09:34:03.700,5351.0000,46664,-1,768650360.000,2,0,2,多平,S,5350.8000,5350.6000,5349.6000,5347.0000,5346.8000,5351.2000,5351.4000,5351.6000,5352.0000,5352.2000,1,2,2,1,1,5,2,2,1,2
SF,IC2009,2020-06-03 09:34:04.200,5350.6000,46665,1,771860760.000,3,2,1,空开,S,5349.6000,5347.0000,5346.8000,5346.4000,5346.0000,5350.8000,5352.0000,5352.4000,5352.6000,5352.8000,2,1,1,1,2,1,1,1,4,3
SF,IC2009,2020-06-03 09:34:04.700,5350.6000,46665,0,771860760.000,0,-,-,-,-,5349.6000,5347.0000,5346.8000,5346.4000,5346.0000,5350.6000,5350.8000,5352.0000,5352.4000,5352.6000,2,1,1,1,2,1,1,1,1,4
SF,IC2009,2020-06-03 09:34:05.200,5349.6000,46663,-2,774000600.000,2,0,2,双平,S,5346.8000,5346.4000,5346.0000,5345.2000,5345.0000,5350.6000,5350.8000,5351.6000,5352.0000,5352.4000,1,1,2,1,3,1,1,1,1,1
SF,IC2009,2020-06-03 09:34:05.700,5350.4000,46662,-1,775070680.000,1,0,1,双平,S,5347.0000,5346.8000,5346.4000,5346.0000,5345.2000,5350.4000,5350.6000,5351.6000,5352.4000,5352.6000,3,2,1,2,1,3,2,1,1,3
SF,IC2009,2020-06-03 09:34:06.200,5350.0000,46662,0,776140680.000,1,0,1,多换,S,5350.0000,5347.0000,5346.8000,5346.4000,5346.0000,5350.2000,5350.4000,5350.6000,5350.8000,5351.6000,17,3,1,1,2,5,6,1,1,1
SF,IC2009,2020-06-03 09:34:06.700,5350.0000,46662,0,794330680.000,17,8,9,多换,S,5347.0000,5346.8000,5346.4000,5346.0000,5345.2000,5349.8000,5350.0000,5350.2000,5350.4000,5350.8000,2,1,1,2,1,1,3,5,4,1
SF,IC2009,2020-06-03 09:34:07.200,5347.0000,46661,-1,795400080.000,1,0,1,双平,S,5347.0000,5346.8000,5346.4000,5346.0000,5345.2000,5349.2000,5349.6000,5349.8000,5350.0000,5350.2000,1,1,1,2,1,1,2,6,4,1
SF,IC2009,2020-06-03 09:34:07.700,5347.0000,46661,0,795400080.000,0,-,-,-,-,5347.2000,5347.0000,5346.8000,5346.4000,5346.0000,5349.0000,5349.2000,5349.4000,5349.6000,5349.8000,1,1,1,1,2,1,1,2,2,5
SF,IC2009,2020-06-03 09:34:08.200,5347.0000,46661,0,795400080.000,0,-,-,-,-,5347.2000,5346.8000,5346.4000,5346.0000,5345.2000,5349.4000,5349.6000,5349.8000,5350.0000,5350.4000,1,1,1,2,1,2,2,3,3,2
SF,IC2009,2020-06-03 09:34:08.700,5347.0000,46661,0,795400080.000,0,-,-,-,-,5347.6000,5347.2000,5346.8000,5346.4000,5346.0000,5349.2000,5349.4000,5349.8000,5350.0000,5350.4000,1,1,1,1,2,1,1,2,3,2
SF,IC2009,2020-06-03 09:34:09.200,5347.0000,46661,0,795400080.000,0,-,-,-,-,5347.8000,5347.2000,5346.8000,5346.4000,5346.0000,5349.2000,5349.4000,5350.0000,5350.4000,5350.8000,3,1,1,1,2,1,1,3,2,1
SF,IC2009,2020-06-03 09:34:09.700,5347.0000,46661,0,795400080.000,0,-,-,-,-,5347.8000,5347.2000,5346.8000,5346.4000,5346.0000,5349.2000,5349.4000,5350.0000,5350.4000,5350.8000,5,1,1,1,2,1,1,3,2,1
SF,IC2009,2020-06-03 09:34:10.200,5347.0000,46661,0,795400080.000,0,-,-,-,-,5346.8000,5346.4000,5346.0000,5345.2000,5345.0000,5348.8000,5349.0000,5349.2000,5349.4000,5350.0000,1,1,2,1,3,2,2,2,1,2
SF,IC2009,2020-06-03 09:34:10.700,5347.0000,46661,0,795400080.000,0,-,-,-,-,5347.0000,5346.8000,5346.4000,5346.0000,5345.2000,5348.6000,5348.8000,5349.4000,5350.0000,5350.4000,4,1,1,2,1,1,1,1,2,2
SF,IC2009,2020-06-03 09:34:11.200,5347.0000,46661,0,795400080.000,0,-,-,-,-,5347.0000,5346.8000,5346.4000,5346.0000,5345.2000,5348.6000,5349.4000,5350.0000,5350.4000,5350.8000,4,1,1,2,1,1,1,2,2,1
SF,IC2009,2020-06-03 09:34:11.700,5347.0000,46661,0,795400080.000,0,-,-,-,-,5347.0000,5346.8000,5346.4000,5346.0000,5345.2000,5348.6000,5349.4000,5350.0000,5350.4000,5350.8000,3,1,1,2,1,2,1,2,2,1
SF,IC2009,2020-06-03 09:34:12.200,5347.0000,46661,0,795400080.000,0,-,-,-,-,5346.8000,5346.4000,5346.0000,5345.2000,5345.0000,5348.6000,5349.4000,5350.0000,5350.4000,5350.8000,1,1,2,1,3,3,1,2,2,1
SF,IC2009,2020-06-03 09:34:12.700,5347.0000,46660,-1,796469480.000,1,0,1,双平,S,5347.2000,5347.0000,5346.8000,5346.4000,5346.0000,5348.6000,5349.4000,5350.0000,5350.4000,5350.8000,4,1,1,1,2,1,1,2,2,1
SF,IC2009,2020-06-03 09:34:13.200,5348.2000,46660,0,797539120.000,1,0,1,多换,S,5347.2000,5347.0000,5346.8000,5346.4000,5346.0000,5348.6000,5349.4000,5350.0000,5350.4000,5350.8000,3,1,1,1,2,2,1,2,2,1
SF,IC2009,2020-06-03 09:34:13.700,5348.2000,46660,0,797539120.000,0,-,-,-,-,5347.2000,5347.0000,5346.8000,5346.4000,5346.0000,5348.4000,5348.6000,5349.4000,5350.0000,5350.4000,3,1,1,1,2,1,1,1,2,2
SF,IC2009,2020-06-03 09:34:14.700,5348.2000,46660,0,797539120.000,0,-,-,-,-,5347.2000,5347.0000,5346.8000,5346.4000,5346.0000,5348.0000,5348.4000,5348.6000,5349.4000,5350.0000,3,1,1,1,2,1,1,1,1,2
SF,IC2009,2020-06-03 09:34:15.200,5348.2000,46661,1,798608760.000,1,1,0,双开,S,5348.2000,5348.0000,5347.4000,5346.8000,5346.4000,5348.4000,5348.6000,5349.4000,5350.0000,5350.4000,1,3,2,1,1,1,1,1,2,2
SF,IC2009,2020-06-03 09:34:15.700,5348.2000,46661,0,798608760.000,0,-,-,-,-,5347.4000,5346.8000,5346.4000,5346.0000,5345.2000,5348.4000,5348.6000,5349.4000,5350.0000,5350.4000,1,1,1,2,1,1,1,1,2,2
SF,IC2009,2020-06-03 09:34:16.200,5348.4000,46661,0,799678440.000,1,0,1,多换,S,5347.6000,5346.8000,5346.4000,5346.0000,5345.2000,5348.2000,5348.6000,5349.4000,5350.0000,5350.4000,2,1,1,2,1,1,1,1,2,2
SF,IC2009,2020-06-03 09:34:16.700,5348.4000,46661,0,799678440.000,0,-,-,-,-,5346.8000,5346.4000,5346.0000,5345.2000,5345.0000,5347.2000,5348.2000,5348.6000,5349.4000,5350.0000,1,1,2,1,3,1,1,1,1,2
SF,IC2009,2020-06-03 09:34:17.200,5347.2000,46660,-1,800747880.000,1,0,1,双平,S,5347.4000,5347.2000,5346.8000,5346.4000,5346.0000,5348.2000,5348.6000,5349.4000,5350.0000,5350.4000,1,4,1,1,2,1,1,1,2,2
SF,IC2009,2020-06-03 09:34:17.700,5347.2000,46660,0,800747880.000,0,-,-,-,-,5347.2000,5346.8000,5346.4000,5346.0000,5345.2000,5348.2000,5348.6000,5349.4000,5350.0000,5350.4000,2,1,1,2,1,1,1,1,2,2
SF,IC2009,2020-06-03 09:34:18.200,5347.2000,46660,0,800747880.000,0,-,-,-,-,5347.2000,5346.8000,5346.4000,5346.0000,5345.2000,5348.2000,5348.6000,5349.4000,5350.0000,5350.4000,2,1,1,2,1,2,1,1,2,2
SF,IC2009,2020-06-03 09:34:18.700,5347.2000,46660,0,800747880.000,0,-,-,-,-,5347.4000,5346.8000,5346.4000,5346.0000,5345.2000,5348.2000,5348.6000,5349.4000,5350.0000,5350.4000,1,1,1,5,1,1,1,1,2,2
SF,IC2009,2020-06-03 09:34:20.200,5347.2000,46660,0,800747880.000,0,-,-,-,-,5346.8000,5346.4000,5346.0000,5345.2000,5345.0000,5347.2000,5348.2000,5348.6000,5349.4000,5350.0000,1,1,5,1,4,1,1,1,1,2
SF,IC2009,2020-06-03 09:34:20.700,5347.4000,46658,-2,802886800.000,2,0,2,双平,S,5347.2000,5346.4000,5346.0000,5345.2000,5345.0000,5348.2000,5348.6000,5349.4000,5350.0000,5350.4000,3,1,5,1,4,1,1,1,2,2
