市场代码,合约代码,时间,最新,持仓,增仓,成交额,成交量,开仓,平仓,成交类型,方向,买一价,买二价,买三价,买四价,买五价,卖一价,卖二价,卖三价,卖四价,卖五价,买一量,买二量,买三量,买四量,买五量,卖一量,卖二量,卖三量,卖四量,卖五量
SF,IC2012,2020-05-29 09:29:00.000,4944.4000,18064,0,2966640.000,3.000,-,-,-,-,4941.2000,4935.8000,4933.0000,4930.2000,4928.4000,4945.0000,4950.0000,4952.0000,4958.0000,4960.0000,1,2,1,1,5,2,1,3,1,1
SF,IC2012,2020-05-29 09:30:00.500,4952.0000,18065,1,10885920.000,8,4,4,空开,S,4953.0000,4952.2000,4950.2000,4949.8000,4946.0000,4954.8000,4958.0000,4960.0000,4961.0000,4970.0000,3,1,1,1,6,1,1,1,2,1
SF,IC2012,2020-05-29 09:30:01.000,4954.6000,18065,0,12867440.000,2,1,1,多换,S,4953.2000,4953.0000,4950.4000,4950.2000,4950.0000,4954.8000,4958.0000,4960.0000,4961.0000,4970.0000,1,2,1,1,1,1,1,1,2,1
SF,IC2012,2020-05-29 09:30:01.500,4954.8000,18064,-1,13858400.000,1,0,1,双平,S,4955.0000,4953.2000,4953.0000,4950.4000,4950.0000,4958.0000,4960.0000,4961.0000,4970.0000,4972.8000,2,1,2,1,1,1,1,2,1,1
SF,IC2012,2020-05-29 09:30:02.000,4953.2000,18061,-3,16831000.000,3,0,3,双平,S,4953.0000,4950.4000,4950.0000,4948.8000,4947.4000,4955.0000,4956.0000,4957.8000,4958.0000,4960.0000,2,1,1,1,1,1,1,3,1,1
SF,IC2012,2020-05-29 09:30:02.500,4957.8000,18059,-2,18813560.000,2,0,2,双平,S,4953.2000,4953.0000,4952.0000,4950.4000,4950.0000,4953.8000,4958.0000,4960.0000,4961.0000,4970.0000,1,2,4,1,1,1,1,1,2,1
SF,IC2012,2020-05-29 09:30:03.000,4955.0000,18058,-1,19804560.000,1,0,1,双平,S,4953.8000,4953.0000,4952.0000,4950.4000,4950.0000,4958.0000,4960.0000,4961.0000,4970.0000,4972.8000,1,2,4,1,1,1,1,2,1,1
SF,IC2012,2020-05-29 09:30:03.500,4955.0000,18058,0,19804560.000,0,-,-,-,-,4954.0000,4953.8000,4953.4000,4953.0000,4952.0000,4957.4000,4957.8000,4958.0000,4960.0000,4961.0000,2,2,4,2,4,2,1,1,1,2
SF,IC2012,2020-05-29 09:30:04.000,4955.0000,18058,0,19804560.000,0,-,-,-,-,4954.2000,4954.0000,4953.8000,4953.4000,4953.0000,4957.2000,4958.0000,4960.0000,4961.0000,4970.0000,3,2,6,4,2,2,1,1,2,1
SF,IC2012,2020-05-29 09:30:04.500,4954.4000,18057,-1,20795440.000,1,0,1,双平,S,4954.4000,4954.2000,4953.8000,4953.4000,4953.0000,4956.6000,4957.2000,4957.4000,4958.0000,4960.0000,1,3,6,4,2,2,1,2,1,1
SF,IC2012,2020-05-29 09:30:05.000,4954.4000,18057,0,20795440.000,0,-,-,-,-,4954.6000,4954.4000,4954.2000,4953.8000,4953.4000,4956.4000,4956.8000,4958.0000,4960.0000,4961.0000,5,1,3,6,4,3,1,1,1,2
SF,IC2012,2020-05-29 09:30:05.500,4954.4000,18057,0,22777200.000,2,1,1,多换,S,4954.6000,4954.2000,4953.8000,4953.4000,4953.0000,4956.4000,4958.0000,4960.0000,4961.0000,4964.8000,5,3,6,4,2,3,1,1,2,5
SF,IC2012,2020-05-29 09:30:06.000,4954.4000,18057,0,22777200.000,0,-,-,-,-,4954.6000,4954.2000,4953.8000,4953.4000,4953.0000,4956.4000,4958.0000,4960.0000,4961.0000,4964.8000,5,3,6,4,2,1,1,1,2,5
SF,IC2012,2020-05-29 09:30:06.500,4954.4000,18057,0,23768080.000,1,0,1,多换,S,4954.6000,4954.2000,4953.8000,4953.4000,4953.0000,4956.4000,4958.0000,4960.0000,4961.0000,4964.8000,1,3,6,4,2,1,1,1,2,5
SF,IC2012,2020-05-29 09:30:07.000,4954.6000,18055,-2,25749920.000,2,0,2,双平,S,4954.6000,4954.2000,4953.8000,4953.4000,4953.0000,4956.4000,4958.0000,4960.0000,4961.0000,4964.8000,1,3,6,4,2,1,1,1,2,5
SF,IC2012,2020-05-29 09:30:07.500,4956.4000,18056,1,26741200.000,1,1,0,双开,S,4954.8000,4954.6000,4954.2000,4953.8000,4953.4000,4958.0000,4960.0000,4961.0000,4964.8000,4970.0000,2,1,3,6,4,1,1,2,5,1
SF,IC2012,2020-05-29 09:30:08.000,4956.4000,18056,0,26741200.000,0,-,-,-,-,4955.0000,4954.8000,4954.2000,4953.8000,4953.4000,4957.8000,4958.0000,4960.0000,4961.0000,4964.8000,2,2,3,6,4,3,1,1,2,5
SF,IC2012,2020-05-29 09:30:08.500,4955.2000,18056,0,27732240.000,1,0,1,多换,S,4955.2000,4955.0000,4954.8000,4954.2000,4953.8000,4957.8000,4958.0000,4960.0000,4961.0000,4964.8000,2,2,2,3,6,1,1,1,2,5
SF,IC2012,2020-05-29 09:30:09.000,4955.2000,18056,0,28723280.000,1,0,1,多换,S,4955.4000,4955.2000,4954.8000,4954.2000,4953.8000,4957.2000,4958.0000,4960.0000,4961.0000,4964.8000,2,2,2,3,6,2,1,1,2,5
SF,IC2012,2020-05-29 09:30:09.500,4958.0000,18054,-2,32688880.000,4,1,3,多平,S,4955.6000,4955.4000,4955.2000,4954.8000,4954.2000,4960.0000,4961.0000,4964.8000,4970.0000,4979.8000,2,1,2,2,3,1,2,5,1,1
SF,IC2012,2020-05-29 09:30:10.000,4958.0000,18054,0,32688880.000,0,-,-,-,-,4955.8000,4955.6000,4955.2000,4954.8000,4954.2000,4957.2000,4959.0000,4959.8000,4960.0000,4961.0000,3,2,2,2,3,2,1,4,1,2
SF,IC2012,2020-05-29 09:30:10.500,4955.6000,18053,-1,38636240.000,6,2,4,多平,S,4953.8000,4953.0000,4952.0000,4950.4000,4950.0000,4957.8000,4959.8000,4960.0000,4961.0000,4964.8000,5,2,4,1,1,1,1,1,2,5
SF,IC2012,2020-05-29 09:30:11.000,4955.6000,18053,0,38636240.000,0,-,-,-,-,4954.0000,4953.8000,4953.0000,4952.2000,4952.0000,4955.2000,4957.6000,4957.8000,4960.0000,4961.0000,2,5,2,1,4,4,2,1,1,2
SF,IC2012,2020-05-29 09:30:11.500,4955.2000,18053,0,42600400.000,4,2,2,多换,S,4953.8000,4953.0000,4952.2000,4952.0000,4950.4000,4957.8000,4960.0000,4961.0000,4964.8000,4970.0000,5,2,1,4,1,1,1,2,5,1
SF,IC2012,2020-05-29 09:30:12.000,4955.2000,18053,0,42600400.000,0,-,-,-,-,4954.6000,4954.0000,4953.8000,4953.0000,4952.0000,4957.0000,4957.6000,4957.8000,4960.0000,4961.0000,2,2,5,2,4,1,1,1,1,2
SF,IC2012,2020-05-29 09:30:12.500,4955.2000,18053,0,42600400.000,0,-,-,-,-,4954.8000,4954.0000,4953.8000,4953.0000,4952.0000,4957.8000,4960.0000,4961.0000,4964.8000,4970.0000,1,1,5,2,4,1,1,2,5,1
SF,IC2012,2020-05-29 09:30:13.000,4955.2000,18053,0,42600400.000,0,-,-,-,-,4955.0000,4954.8000,4953.8000,4953.0000,4952.0000,4957.2000,4957.6000,4960.0000,4961.0000,4964.8000,1,1,5,2,4,1,1,1,2,5
SF,IC2012,2020-05-29 09:30:13.500,4955.2000,18053,0,42600400.000,0,-,-,-,-,4955.2000,4955.0000,4953.8000,4953.0000,4952.0000,4957.6000,4960.0000,4961.0000,4964.8000,4970.0000,1,5,5,2,4,1,1,2,5,1
SF,IC2012,2020-05-29 09:30:14.000,4955.2000,18053,0,42600400.000,0,-,-,-,-,4955.2000,4955.0000,4953.8000,4953.0000,4952.0000,4957.6000,4960.0000,4961.0000,4964.8000,4970.0000,1,3,5,2,4,1,1,2,5,1
SF,IC2012,2020-05-29 09:30:15.000,4955.2000,18052,-1,43591440.000,1,0,1,双平,S,4955.0000,4953.8000,4953.0000,4952.0000,4950.4000,4955.2000,4957.4000,4957.6000,4959.2000,4960.0000,3,5,2,4,1,2,2,1,2,1
SF,IC2012,2020-05-29 09:30:15.500,4955.0000,18051,-1,45573440.000,2,0,2,多平,S,4955.0000,4953.8000,4953.0000,4952.0000,4950.4000,4955.2000,4957.4000,4957.6000,4960.0000,4961.0000,1,5,2,4,1,2,2,1,1,2
SF,IC2012,2020-05-29 09:30:16.000,4955.0000,18051,0,45573440.000,0,-,-,-,-,4955.0000,4953.8000,4953.0000,4952.0000,4950.4000,4955.2000,4957.4000,4957.6000,4960.0000,4961.0000,1,5,2,4,1,2,2,1,1,2
SF,IC2012,2020-05-29 09:30:16.500,4955.0000,18051,0,45573440.000,0,-,-,-,-,4955.0000,4953.8000,4953.0000,4952.0000,4950.4000,4955.2000,4957.4000,4957.6000,4960.0000,4961.0000,1,5,2,4,1,2,1,1,1,2
SF,IC2012,2020-05-29 09:30:17.000,4955.2000,18051,0,49537560.000,4,2,2,多换,S,4953.8000,4953.0000,4952.0000,4950.4000,4950.0000,4957.6000,4960.0000,4961.0000,4964.8000,4970.0000,5,2,4,1,1,1,1,2,5,1
SF,IC2012,2020-05-29 09:30:17.500,4955.2000,18051,0,49537560.000,0,-,-,-,-,4954.0000,4953.8000,4953.0000,4952.0000,4950.4000,4957.2000,4957.4000,4957.6000,4960.0000,4961.0000,1,5,2,4,1,1,1,1,1,2
SF,IC2012,2020-05-29 09:30:18.000,4955.2000,18051,0,49537560.000,0,-,-,-,-,4954.0000,4953.8000,4953.0000,4952.0000,4950.4000,4957.0000,4960.0000,4961.0000,4964.8000,4970.0000,1,5,2,4,1,2,1,2,5,1
SF,IC2012,2020-05-29 09:30:18.500,4955.2000,18051,0,49537560.000,0,-,-,-,-,4954.0000,4953.8000,4953.0000,4952.0000,4950.4000,4956.2000,4956.4000,4957.0000,4960.0000,4961.0000,1,5,2,4,1,1,1,2,1,2
SF,IC2012,2020-05-29 09:30:19.000,4955.2000,18051,0,49537560.000,0,-,-,-,-,4954.0000,4953.8000,4953.0000,4952.0000,4950.4000,4956.0000,4956.2000,4956.4000,4956.8000,4957.0000,1,5,2,4,1,1,1,1,1,1
SF,IC2012,2020-05-29 09:30:19.500,4954.0000,18050,-1,50528360.000,1,0,1,双平,S,4953.8000,4953.0000,4952.0000,4950.4000,4950.0000,4956.0000,4956.4000,4956.8000,4957.0000,4960.0000,5,2,4,1,1,1,1,1,1,1
SF,IC2012,2020-05-29 09:30:20.000,4954.0000,18050,0,50528360.000,0,-,-,-,-,4953.8000,4953.0000,4952.0000,4950.0000,4949.0000,4955.8000,4956.0000,4957.0000,4960.0000,4961.0000,5,2,4,1,1,1,1,1,1,2
SF,IC2012,2020-05-29 09:30:20.500,4954.0000,18050,0,50528360.000,0,-,-,-,-,4953.8000,4953.0000,4952.0000,4950.0000,4949.0000,4955.4000,4955.6000,4957.0000,4960.0000,4961.0000,5,2,4,1,1,1,1,1,1,2
SF,IC2012,2020-05-29 09:30:21.000,4953.8000,18047,-3,53500640.000,3,0,3,双平,S,4953.8000,4953.0000,4952.0000,4950.0000,4949.0000,4955.2000,4955.4000,4957.0000,4960.0000,4961.0000,2,2,4,1,1,2,1,1,1,2
SF,IC2012,2020-05-29 09:30:21.500,4953.8000,18045,-2,55482160.000,2,0,2,双平,S,4953.0000,4952.0000,4949.0000,4948.0000,4947.4000,4953.8000,4954.4000,4955.2000,4955.4000,4957.0000,2,4,1,1,5,2,1,2,1,1
SF,IC2012,2020-05-29 09:30:22.000,4953.8000,18043,-2,57463680.000,2,0,2,双平,S,4953.0000,4952.0000,4949.0000,4948.0000,4947.4000,4953.8000,4955.2000,4957.0000,4960.0000,4961.0000,2,4,1,1,5,2,1,1,1,2
SF,IC2012,2020-05-29 09:30:23.000,4953.8000,18043,0,57463680.000,0,-,-,-,-,4953.0000,4952.0000,4949.0000,4948.0000,4947.4000,4955.2000,4957.0000,4960.0000,4961.0000,4964.8000,2,4,1,1,5,1,1,1,2,5
SF,IC2012,2020-05-29 09:30:23.500,4953.8000,18043,0,57463680.000,0,-,-,-,-,4953.0000,4952.0000,4949.0000,4948.0000,4947.4000,4954.8000,4955.2000,4956.2000,4957.0000,4960.0000,2,4,1,1,5,1,1,2,1,1
SF,IC2012,2020-05-29 09:30:24.000,4953.8000,18043,0,57463680.000,0,-,-,-,-,4953.0000,4952.0000,4949.0000,4948.0000,4947.4000,4954.6000,4954.8000,4956.2000,4957.0000,4960.0000,2,4,1,1,5,1,1,2,1,1
SF,IC2012,2020-05-29 09:30:24.500,4953.0000,18043,0,59444880.000,2,1,1,多换,S,4952.0000,4949.0000,4948.0000,4947.4000,4946.0000,4954.8000,4956.2000,4957.0000,4960.0000,4961.0000,4,1,1,5,1,1,2,1,1,2
SF,IC2012,2020-05-29 09:30:25.000,4953.0000,18043,0,59444880.000,0,-,-,-,-,4952.0000,4949.0000,4948.0000,4947.4000,4946.0000,4954.6000,4954.8000,4960.0000,4961.0000,4964.8000,4,1,1,5,1,2,1,1,2,5
SF,IC2012,2020-05-29 09:30:25.500,4953.0000,18043,0,59444880.000,0,-,-,-,-,4952.0000,4949.0000,4948.0000,4947.4000,4946.0000,4953.2000,4953.8000,4954.6000,4960.0000,4961.0000,4,1,1,5,1,1,2,2,1,2
SF,IC2012,2020-05-29 09:30:26.000,4952.0000,18039,-4,63406480.000,4,0,4,双平,S,4949.0000,4948.0000,4947.4000,4946.0000,4944.0000,4952.0000,4953.2000,4953.4000,4953.8000,4954.0000,1,1,5,1,1,1,1,1,2,1
SF,IC2012,2020-05-29 09:30:26.500,4952.0000,18039,0,63406480.000,0,-,-,-,-,4949.2000,4949.0000,4948.0000,4947.4000,4946.0000,4951.8000,4952.0000,4953.8000,4954.0000,4954.6000,1,1,1,5,1,2,5,2,1,1
SF,IC2012,2020-05-29 09:30:27.000,4949.2000,18038,-1,64396320.000,1,0,1,双平,S,4949.0000,4946.0000,4944.0000,4941.6000,4941.4000,4951.8000,4952.0000,4953.8000,4954.6000,4960.0000,3,1,1,5,2,2,5,2,1,1
SF,IC2012,2020-05-29 09:30:27.500,4949.2000,18038,0,64396320.000,0,-,-,-,-,4949.0000,4946.0000,4944.0000,4941.6000,4941.4000,4951.8000,4952.0000,4953.8000,4954.6000,4960.0000,3,1,1,5,2,2,2,2,1,1
SF,IC2012,2020-05-29 09:30:28.000,4949.2000,18038,0,64396320.000,0,-,-,-,-,4949.2000,4949.0000,4946.0000,4944.6000,4944.0000,4951.8000,4952.0000,4954.6000,4960.0000,4961.0000,1,3,1,1,1,2,2,1,1,2
SF,IC2012,2020-05-29 09:30:28.500,4949.2000,18038,0,64396320.000,0,-,-,-,-,4949.2000,4949.0000,4946.0000,4944.6000,4944.0000,4951.6000,4951.8000,4952.0000,4954.6000,4960.0000,1,3,1,1,1,1,2,2,1,1
SF,IC2012,2020-05-29 09:30:29.000,4949.2000,18038,0,64396320.000,0,-,-,-,-,4949.0000,4946.0000,4944.6000,4944.0000,4941.6000,4950.6000,4951.4000,4951.6000,4951.8000,4952.0000,1,1,1,1,5,1,1,1,1,1
SF,IC2012,2020-05-29 09:30:29.500,4949.2000,18038,0,64396320.000,0,-,-,-,-,4949.2000,4949.0000,4946.0000,4944.6000,4944.0000,4950.6000,4951.4000,4951.6000,4951.8000,4952.0000,2,1,1,1,1,1,1,1,1,1
SF,IC2012,2020-05-29 09:30:30.000,4950.4000,18037,-1,68356400.000,4,1,3,多平,S,4949.0000,4946.0000,4944.6000,4944.0000,4941.6000,4950.4000,4950.6000,4951.6000,4951.8000,4952.0000,1,1,1,1,5,1,1,1,1,1
SF,IC2012,2020-05-29 09:30:30.500,4949.0000,18036,-1,69346200.000,1,0,1,双平,S,4946.0000,4944.6000,4944.0000,4941.6000,4941.4000,4950.4000,4950.6000,4951.8000,4952.0000,4954.6000,1,1,1,5,2,1,1,1,1,1
SF,IC2012,2020-05-29 09:30:31.000,4949.0000,18036,0,69346200.000,0,-,-,-,-,4946.2000,4944.6000,4944.0000,4941.6000,4941.4000,4950.2000,4950.4000,4950.6000,4952.0000,4954.6000,1,1,1,5,2,2,1,1,1,1
SF,IC2012,2020-05-29 09:30:31.500,4949.0000,18036,0,69346200.000,0,-,-,-,-,4948.2000,4946.2000,4944.6000,4944.0000,4941.6000,4950.0000,4950.2000,4950.6000,4952.0000,4954.6000,2,1,1,1,5,1,2,1,1,1
SF,IC2012,2020-05-29 09:30:32.000,4948.2000,18035,-1,70335840.000,1,0,1,双平,S,4946.2000,4944.6000,4944.0000,4941.6000,4941.4000,4949.2000,4950.0000,4950.6000,4952.0000,4954.6000,1,1,1,5,2,1,1,1,1,1
SF,IC2012,2020-05-29 09:30:32.500,4948.2000,18035,0,70335840.000,0,-,-,-,-,4946.2000,4944.6000,4944.0000,4941.6000,4941.4000,4949.0000,4949.2000,4950.6000,4951.8000,4954.6000,1,1,1,5,2,2,1,1,1,1
SF,IC2012,2020-05-29 09:30:33.000,4948.2000,18035,0,70335840.000,0,-,-,-,-,4948.0000,4946.2000,4944.0000,4941.6000,4941.4000,4949.0000,4949.2000,4950.6000,4951.8000,4954.6000,2,1,1,5,2,2,1,1,1,1
SF,IC2012,2020-05-29 09:30:33.500,4948.0000,18033,-2,72315040.000,2,0,2,双平,S,4944.0000,4941.6000,4941.4000,4941.2000,4941.0000,4949.2000,4950.6000,4951.8000,4954.6000,4960.0000,1,5,2,1,1,1,1,1,1,1
SF,IC2012,2020-05-29 09:30:34.000,4948.0000,18033,0,72315040.000,0,-,-,-,-,4945.2000,4944.2000,4944.0000,4941.6000,4941.4000,4948.6000,4949.0000,4949.2000,4950.6000,4951.8000,2,2,2,5,1,1,2,1,1,1
SF,IC2012,2020-05-29 09:30:34.500,4948.6000,18032,-1,76273200.000,4,1,3,多平,S,4945.2000,4944.0000,4941.6000,4941.4000,4941.2000,4948.8000,4949.2000,4950.6000,4951.8000,4954.6000,1,2,5,1,1,1,1,1,1,1
SF,IC2012,2020-05-29 09:30:35.000,4948.6000,18032,0,76273200.000,0,-,-,-,-,4945.4000,4945.2000,4944.0000,4941.6000,4941.4000,4948.6000,4948.8000,4949.2000,4950.6000,4951.8000,2,2,2,5,1,1,1,1,1,1
SF,IC2012,2020-05-29 09:30:35.500,4948.6000,18032,0,76273200.000,0,-,-,-,-,4945.4000,4944.0000,4941.6000,4941.4000,4941.2000,4948.6000,4948.8000,4949.2000,4951.8000,4954.6000,1,2,5,1,1,2,1,1,1,1
SF,IC2012,2020-05-29 09:30:36.500,4948.6000,18032,0,76273200.000,0,-,-,-,-,4945.4000,4944.0000,4941.6000,4941.4000,4941.2000,4948.6000,4949.2000,4951.8000,4954.6000,4961.0000,1,2,5,1,1,2,1,1,1,2
SF,IC2012,2020-05-29 09:30:37.000,4948.6000,18032,0,76273200.000,0,-,-,-,-,4944.0000,4941.6000,4941.4000,4941.2000,4941.0000,4948.2000,4948.4000,4948.6000,4949.2000,4951.8000,2,5,1,1,1,3,1,2,1,1
SF,IC2012,2020-05-29 09:30:37.500,4948.6000,18032,0,76273200.000,0,-,-,-,-,4944.2000,4944.0000,4941.6000,4941.4000,4941.2000,4948.0000,4948.2000,4948.4000,4948.6000,4949.2000,1,1,5,1,1,2,3,1,1,1
SF,IC2012,2020-05-29 09:30:38.000,4948.6000,18032,0,76273200.000,0,-,-,-,-,4944.2000,4944.0000,4941.6000,4941.4000,4941.2000,4948.0000,4948.4000,4948.6000,4949.2000,4951.8000,1,1,5,1,1,2,1,1,1,1
SF,IC2012,2020-05-29 09:30:38.500,4948.6000,18032,0,76273200.000,0,-,-,-,-,4944.4000,4944.0000,4941.4000,4941.2000,4941.0000,4948.0000,4948.4000,4948.6000,4949.2000,4951.8000,1,1,1,1,1,2,1,1,1,1
SF,IC2012,2020-05-29 09:30:39.000,4948.6000,18032,0,76273200.000,0,-,-,-,-,4944.4000,4944.0000,4941.4000,4941.2000,4941.0000,4947.0000,4947.6000,4948.0000,4949.2000,4951.8000,1,1,1,1,1,1,1,2,1,1
SF,IC2012,2020-05-29 09:30:39.500,4948.6000,18032,0,76273200.000,0,-,-,-,-,4944.6000,4944.0000,4941.4000,4941.2000,4941.0000,4946.8000,4947.0000,4947.2000,4947.6000,4948.0000,1,1,1,1,1,1,1,2,1,1
SF,IC2012,2020-05-29 09:30:40.000,4948.6000,18032,0,76273200.000,0,-,-,-,-,4944.6000,4944.0000,4941.4000,4941.2000,4941.0000,4946.8000,4947.0000,4947.2000,4947.6000,4948.0000,1,1,1,1,1,1,1,2,1,1
SF,IC2012,2020-05-29 09:30:40.500,4948.6000,18032,0,76273200.000,0,-,-,-,-,4945.2000,4944.0000,4941.4000,4941.2000,4941.0000,4946.6000,4946.8000,4947.0000,4947.2000,4948.0000,1,1,1,1,1,1,1,1,2,1
SF,IC2012,2020-05-29 09:30:41.000,4945.2000,18031,-1,77262240.000,1,0,1,双平,S,4944.0000,4941.4000,4941.2000,4941.0000,4938.8000,4946.4000,4947.0000,4949.2000,4951.8000,4953.2000,1,1,1,1,1,1,1,1,1,5
SF,IC2012,2020-05-29 09:30:41.500,4945.2000,18031,0,77262240.000,0,-,-,-,-,4944.2000,4944.0000,4941.4000,4941.2000,4941.0000,4945.8000,4946.4000,4949.2000,4951.8000,4954.6000,1,1,1,1,1,1,1,1,1,1
SF,IC2012,2020-05-29 09:30:42.500,4945.8000,18030,-1,78251400.000,1,0,1,双平,S,4945.8000,4944.2000,4944.0000,4941.4000,4941.2000,4946.4000,4949.2000,4951.8000,4954.6000,4959.0000,1,1,1,1,1,1,1,1,1,5
SF,IC2012,2020-05-29 09:30:43.000,4946.4000,18029,-1,79240680.000,1,0,1,双平,S,4945.0000,4944.2000,4944.0000,4941.4000,4941.2000,4949.2000,4951.8000,4954.6000,4959.0000,4961.0000,1,1,1,1,1,1,1,1,5,2
SF,IC2012,2020-05-29 09:30:43.500,4946.4000,18029,0,79240680.000,0,-,-,-,-,4946.4000,4945.2000,4945.0000,4944.0000,4941.4000,4948.8000,4949.0000,4949.2000,4951.8000,4954.6000,2,2,1,1,1,1,1,1,1,1
SF,IC2012,2020-05-29 09:30:44.000,4946.4000,18029,0,79240680.000,0,-,-,-,-,4946.4000,4945.2000,4945.0000,4944.0000,4941.4000,4948.6000,4949.0000,4949.2000,4951.8000,4954.6000,2,2,1,1,1,2,1,1,1,1
SF,IC2012,2020-05-29 09:30:44.500,4946.4000,18029,0,79240680.000,0,-,-,-,-,4946.4000,4945.2000,4945.0000,4944.0000,4941.4000,4948.6000,4949.0000,4949.2000,4951.8000,4954.6000,2,1,1,1,1,2,1,1,1,1
SF,IC2012,2020-05-29 09:30:45.000,4946.4000,18029,0,79240680.000,0,-,-,-,-,4946.4000,4945.2000,4945.0000,4944.0000,4941.4000,4948.6000,4949.2000,4951.8000,4954.6000,4959.0000,2,1,1,1,1,2,1,1,1,5
SF,IC2012,2020-05-29 09:30:45.500,4946.4000,18029,0,79240680.000,0,-,-,-,-,4946.6000,4946.4000,4945.0000,4944.0000,4941.4000,4948.6000,4951.8000,4954.6000,4959.0000,4961.0000,1,2,1,1,1,2,1,1,5,2
SF,IC2012,2020-05-29 09:30:46.000,4948.6000,18029,0,81220120.000,2,1,1,多换,S,4949.2000,4946.6000,4946.4000,4945.0000,4944.0000,4951.8000,4954.6000,4959.0000,4961.0000,4970.0000,1,1,2,1,1,1,1,5,2,1
SF,IC2012,2020-05-29 09:30:46.500,4948.6000,18029,0,82209840.000,1,0,1,多换,S,4945.0000,4944.0000,4941.6000,4941.4000,4941.2000,4949.2000,4949.6000,4950.4000,4951.6000,4951.8000,1,1,1,1,1,3,1,2,4,1
SF,IC2012,2020-05-29 09:30:47.000,4948.6000,18029,0,82209840.000,0,-,-,-,-,4945.2000,4945.0000,4944.0000,4941.6000,4941.4000,4949.0000,4949.2000,4950.0000,4950.4000,4951.6000,1,1,1,1,1,1,1,1,3,4
SF,IC2012,2020-05-29 09:30:47.500,4948.6000,18029,0,82209840.000,0,-,-,-,-,4945.2000,4945.0000,4944.0000,4941.6000,4941.4000,4949.0000,4950.4000,4951.6000,4951.8000,4954.6000,1,1,1,1,1,2,3,4,1,1
SF,IC2012,2020-05-29 09:30:48.000,4948.6000,18029,0,82209840.000,0,-,-,-,-,4945.4000,4945.2000,4945.0000,4944.0000,4941.6000,4948.6000,4948.8000,4949.0000,4950.4000,4951.6000,1,1,1,1,1,3,1,2,1,4
SF,IC2012,2020-05-29 09:30:48.500,4948.6000,18029,0,82209840.000,0,-,-,-,-,4945.6000,4945.0000,4944.0000,4941.6000,4941.4000,4948.4000,4948.6000,4948.8000,4949.0000,4951.6000,1,1,1,1,1,1,3,1,1,4
SF,IC2012,2020-05-29 09:30:49.000,4948.6000,18029,0,82209840.000,0,-,-,-,-,4945.6000,4945.0000,4944.0000,4941.6000,4941.4000,4948.4000,4948.6000,4949.4000,4951.6000,4951.8000,1,1,1,1,1,1,3,1,4,1
SF,IC2012,2020-05-29 09:30:49.500,4948.6000,18029,0,82209840.000,0,-,-,-,-,4945.6000,4945.0000,4944.0000,4941.6000,4941.4000,4948.0000,4948.4000,4948.6000,4949.4000,4951.6000,1,1,1,1,1,1,1,3,1,4
SF,IC2012,2020-05-29 09:30:50.000,4948.6000,18029,0,82209840.000,0,-,-,-,-,4945.6000,4945.0000,4944.0000,4941.6000,4941.4000,4948.0000,4948.4000,4948.6000,4949.4000,4951.6000,1,1,1,1,1,1,1,3,1,4
SF,IC2012,2020-05-29 09:30:50.500,4948.6000,18029,0,85179000.000,3,1,2,多换,S,4945.8000,4945.6000,4945.0000,4944.0000,4941.6000,4949.4000,4951.6000,4951.8000,4954.6000,4957.6000,3,1,1,1,1,1,4,1,1,4
SF,IC2012,2020-05-29 09:30:51.000,4948.6000,18029,0,85179000.000,0,-,-,-,-,4946.0000,4945.8000,4945.0000,4944.0000,4941.6000,4949.2000,4949.4000,4951.6000,4951.8000,4954.6000,2,3,1,1,1,1,1,4,1,1
SF,IC2012,2020-05-29 09:30:51.500,4948.6000,18029,0,85179000.000,0,-,-,-,-,4948.0000,4946.0000,4945.8000,4945.0000,4944.0000,4949.2000,4949.4000,4951.6000,4951.8000,4954.6000,1,1,3,1,1,1,1,4,1,1
SF,IC2012,2020-05-29 09:30:52.000,4948.0000,18028,-1,86168600.000,1,0,1,双平,S,4946.0000,4945.8000,4945.0000,4944.0000,4941.6000,4949.2000,4951.6000,4951.8000,4954.6000,4957.6000,1,3,1,1,1,1,4,1,1,4
SF,IC2012,2020-05-29 09:30:53.000,4948.0000,18028,0,86168600.000,0,-,-,-,-,4946.0000,4945.8000,4945.0000,4944.0000,4941.6000,4949.2000,4951.6000,4951.8000,4954.6000,4957.6000,1,3,1,1,1,1,4,1,1,4
SF,IC2012,2020-05-29 09:30:54.000,4948.0000,18028,0,86168600.000,0,-,-,-,-,4946.0000,4945.8000,4945.0000,4944.0000,4941.6000,4948.0000,4949.2000,4951.6000,4951.8000,4954.6000,1,3,1,1,1,1,1,4,1,1
SF,IC2012,2020-05-29 09:30:56.000,4948.0000,18028,0,86168600.000,0,-,-,-,-,4946.0000,4945.8000,4945.0000,4944.0000,4941.6000,4946.8000,4947.4000,4949.0000,4949.2000,4951.6000,1,3,1,1,1,1,1,1,1,4
SF,IC2012,2020-05-29 09:30:56.500,4946.8000,18027,-1,89136480.000,3,1,2,多平,S,4947.2000,4945.8000,4945.0000,4944.0000,4941.6000,4947.4000,4947.6000,4949.0000,4951.6000,4951.8000,1,3,1,1,1,1,2,1,4,1
SF,IC2012,2020-05-29 09:30:57.000,4945.8000,18027,0,93093320.000,4,2,2,多换,S,4945.0000,4944.0000,4941.6000,4941.4000,4941.2000,4946.0000,4946.2000,4947.0000,4947.2000,4947.4000,1,1,1,1,1,2,1,7,4,1
SF,IC2012,2020-05-29 09:30:57.500,4946.0000,18027,0,94082520.000,1,0,1,多换,S,4945.0000,4944.0000,4941.6000,4941.4000,4941.2000,4946.0000,4947.2000,4947.4000,4947.6000,4949.0000,1,1,1,1,1,1,3,1,2,1
SF,IC2012,2020-05-29 09:30:58.000,4946.0000,18027,0,94082520.000,0,-,-,-,-,4945.0000,4944.0000,4941.6000,4941.4000,4941.2000,4946.0000,4947.2000,4947.4000,4947.6000,4949.0000,1,1,1,1,1,1,2,1,2,1
SF,IC2012,2020-05-29 09:30:58.500,4946.0000,18026,-1,95071720.000,1,0,1,双平,S,4946.0000,4945.0000,4944.0000,4941.6000,4941.4000,4947.2000,4947.4000,4947.6000,4949.0000,4951.6000,1,1,1,1,1,2,1,2,1,4
SF,IC2012,2020-05-29 09:30:59.000,4946.0000,18026,0,96060920.000,1,0,1,多换,S,4946.0000,4945.0000,4944.0000,4941.6000,4941.4000,4947.2000,4949.0000,4951.6000,4951.8000,4954.6000,1,1,1,1,1,2,1,4,1,1
SF,IC2012,2020-05-29 09:30:59.500,4947.2000,18024,-2,98039800.000,2,0,2,双平,S,4946.0000,4945.0000,4944.0000,4941.6000,4941.4000,4949.0000,4951.6000,4951.8000,4954.6000,4957.6000,1,1,1,1,1,1,4,1,1,4
SF,IC2012,2020-05-29 09:31:00.000,4947.2000,18024,0,98039800.000,0,-,-,-,-,4947.2000,4946.2000,4946.0000,4945.0000,4944.0000,4947.6000,4948.8000,4949.0000,4951.6000,4951.8000,1,2,1,1,1,1,1,1,4,1
SF,IC2012,2020-05-29 09:31:00.500,4947.2000,18024,0,98039800.000,0,-,-,-,-,4947.2000,4946.2000,4946.0000,4945.0000,4944.0000,4948.8000,4951.6000,4951.8000,4954.6000,4957.6000,1,1,1,1,1,1,4,1,1,4
SF,IC2012,2020-05-29 09:31:01.000,4947.2000,18024,0,98039800.000,0,-,-,-,-,4947.2000,4946.2000,4946.0000,4945.0000,4944.0000,4948.8000,4951.6000,4951.8000,4954.6000,4957.6000,1,1,1,1,1,1,4,1,1,4
SF,IC2012,2020-05-29 09:31:01.500,4947.2000,18024,0,98039800.000,0,-,-,-,-,4947.2000,4946.2000,4946.0000,4945.0000,4944.0000,4948.0000,4948.8000,4951.6000,4951.8000,4954.6000,1,1,1,1,1,1,1,4,1,1
SF,IC2012,2020-05-29 09:31:02.000,4948.0000,18023,-1,99029400.000,1,0,1,双平,S,4947.2000,4946.2000,4946.0000,4945.0000,4944.0000,4948.8000,4951.6000,4951.8000,4954.6000,4957.6000,1,1,1,1,1,1,4,1,1,4
SF,IC2012,2020-05-29 09:31:02.500,4948.0000,18023,0,99029400.000,0,-,-,-,-,4948.0000,4947.4000,4947.2000,4946.0000,4945.0000,4949.6000,4951.6000,4951.8000,4954.6000,4957.6000,1,1,1,1,1,1,4,1,1,4
SF,IC2012,2020-05-29 09:31:03.000,4948.0000,18023,0,99029400.000,0,-,-,-,-,4948.0000,4947.4000,4947.2000,4946.0000,4945.0000,4949.4000,4949.6000,4951.6000,4951.8000,4954.6000,1,1,1,1,1,1,1,4,1,1
SF,IC2012,2020-05-29 09:31:03.500,4948.0000,18023,0,99029400.000,0,-,-,-,-,4948.0000,4947.4000,4947.2000,4946.0000,4945.0000,4949.4000,4949.6000,4951.6000,4951.8000,4954.6000,1,1,1,2,1,1,1,4,1,1
SF,IC2012,2020-05-29 09:31:04.000,4948.0000,18023,0,99029400.000,0,-,-,-,-,4947.4000,4947.2000,4946.0000,4945.0000,4944.0000,4949.4000,4949.6000,4951.6000,4951.8000,4954.6000,1,1,2,1,1,1,1,4,1,1
SF,IC2012,2020-05-29 09:31:05.000,4948.0000,18023,0,99029400.000,0,-,-,-,-,4947.4000,4947.2000,4946.0000,4945.0000,4944.0000,4948.4000,4949.4000,4951.6000,4951.8000,4954.6000,1,2,2,1,1,1,1,4,1,1
SF,IC2012,2020-05-29 09:31:06.000,4948.4000,18022,-1,100019080.000,1,0,1,双平,S,4947.4000,4947.2000,4946.0000,4945.0000,4944.0000,4949.4000,4951.6000,4951.8000,4954.6000,4957.6000,1,2,2,1,1,1,4,1,1,4
SF,IC2012,2020-05-29 09:31:06.500,4949.4000,18022,0,101008960.000,1,0,1,多换,S,4949.4000,4947.4000,4947.2000,4946.0000,4945.0000,4950.6000,4951.6000,4951.8000,4954.6000,4957.6000,3,1,2,2,1,2,4,1,1,4
SF,IC2012,2020-05-29 09:31:07.000,4949.4000,18022,0,103978600.000,3,1,2,多换,S,4947.4000,4947.2000,4946.0000,4945.0000,4944.0000,4949.4000,4950.4000,4950.6000,4951.6000,4951.8000,1,2,1,1,1,5,2,2,4,1
SF,IC2012,2020-05-29 09:31:07.500,4949.4000,18022,0,103978600.000,0,-,-,-,-,4947.4000,4947.2000,4946.0000,4945.0000,4944.0000,4949.4000,4950.6000,4951.8000,4954.6000,4957.6000,1,2,1,1,1,5,2,1,1,4
SF,IC2012,2020-05-29 09:31:08.000,4949.4000,18022,0,103978600.000,0,-,-,-,-,4947.4000,4947.2000,4946.0000,4945.0000,4944.0000,4949.4000,4950.6000,4951.0000,4951.8000,4954.6000,1,2,1,1,1,1,2,1,1,1
SF,IC2012,2020-05-29 09:31:08.500,4949.4000,18022,0,103978600.000,0,-,-,-,-,4949.6000,4947.8000,4947.4000,4947.2000,4946.0000,4951.0000,4951.8000,4954.6000,4957.6000,4959.0000,2,1,1,2,1,1,1,1,4,5
SF,IC2012,2020-05-29 09:31:09.000,4949.4000,18022,0,103978600.000,0,-,-,-,-,4949.6000,4947.8000,4947.4000,4947.2000,4946.0000,4951.0000,4951.8000,4954.6000,4957.6000,4959.0000,2,1,1,1,1,1,1,1,4,5
SF,IC2012,2020-05-29 09:31:09.500,4949.4000,18022,0,103978600.000,0,-,-,-,-,4949.6000,4948.0000,4947.8000,4947.4000,4947.2000,4950.8000,4951.0000,4951.8000,4954.6000,4957.6000,2,1,1,1,1,1,1,1,1,4
SF,IC2012,2020-05-29 09:31:10.000,4949.4000,18022,0,103978600.000,0,-,-,-,-,4949.6000,4948.0000,4947.8000,4947.4000,4947.2000,4950.8000,4951.0000,4951.8000,4952.6000,4954.6000,2,1,1,1,1,1,1,1,1,1
SF,IC2012,2020-05-29 09:31:10.500,4949.4000,18022,0,103978600.000,0,-,-,-,-,4949.4000,4948.0000,4947.8000,4947.4000,4947.2000,4950.8000,4951.0000,4951.8000,4952.6000,4954.6000,1,1,1,1,1,1,1,1,1,1
SF,IC2012,2020-05-29 09:31:11.000,4949.4000,18022,0,103978600.000,0,-,-,-,-,4949.4000,4948.0000,4947.8000,4947.4000,4947.2000,4950.4000,4950.8000,4951.0000,4951.8000,4952.6000,1,1,1,1,1,2,1,1,1,1
SF,IC2012,2020-05-29 09:31:11.500,4950.4000,18021,-1,104968680.000,1,0,1,双平,S,4949.4000,4948.0000,4947.8000,4947.4000,4947.2000,4950.4000,4951.0000,4951.8000,4952.6000,4954.6000,1,1,1,1,1,1,1,1,1,1
SF,IC2012,2020-05-29 09:31:12.000,4950.4000,18021,0,104968680.000,0,-,-,-,-,4949.4000,4948.0000,4947.8000,4947.4000,4947.2000,4950.4000,4951.0000,4951.8000,4952.6000,4954.6000,1,1,1,1,1,1,1,1,1,1
SF,IC2012,2020-05-29 09:31:12.500,4950.4000,18021,0,104968680.000,0,-,-,-,-,4949.4000,4948.0000,4947.8000,4947.4000,4947.2000,4950.0000,4950.4000,4951.0000,4951.8000,4952.6000,1,1,1,1,1,1,1,1,1,1
SF,IC2012,2020-05-29 09:31:13.000,4950.0000,18020,-1,105958680.000,1,0,1,双平,S,4949.4000,4948.0000,4947.8000,4947.4000,4947.2000,4950.4000,4951.0000,4951.8000,4954.6000,4957.6000,1,1,1,1,1,1,1,1,1,4
SF,IC2012,2020-05-29 09:31:13.500,4949.4000,18019,-1,106948560.000,1,0,1,双平,S,4948.0000,4947.4000,4947.2000,4946.0000,4945.0000,4949.4000,4950.4000,4951.0000,4951.8000,4954.6000,1,1,1,1,1,3,1,1,1,1
SF,IC2012,2020-05-29 09:31:14.000,4949.4000,18017,-2,109918200.000,3,0,3,多平,S,4948.0000,4947.2000,4946.0000,4945.0000,4944.0000,4950.4000,4951.0000,4951.8000,4952.2000,4954.6000,1,1,1,1,1,1,1,1,1,1
SF,IC2012,2020-05-29 09:31:14.500,4949.4000,18017,0,109918200.000,0,-,-,-,-,4948.2000,4948.0000,4947.2000,4946.6000,4946.0000,4950.4000,4951.0000,4951.8000,4952.2000,4954.6000,1,1,1,1,1,1,1,1,1,1
SF,IC2012,2020-05-29 09:31:15.000,4949.4000,18017,0,109918200.000,0,-,-,-,-,4949.4000,4948.2000,4948.0000,4947.2000,4946.6000,4950.4000,4951.0000,4951.8000,4952.2000,4954.6000,1,1,1,1,1,1,1,1,1,1
SF,IC2012,2020-05-29 09:31:15.500,4949.4000,18017,0,109918200.000,0,-,-,-,-,4949.4000,4948.2000,4948.0000,4947.2000,4946.0000,4950.4000,4951.0000,4951.8000,4952.2000,4954.6000,1,1,1,1,1,1,1,1,1,1
SF,IC2012,2020-05-29 09:31:16.000,4950.4000,18016,-1,110908280.000,1,0,1,双平,S,4949.6000,4949.4000,4948.0000,4947.2000,4946.0000,4951.0000,4951.8000,4952.2000,4954.6000,4957.6000,1,1,1,1,1,1,1,1,1,4
SF,IC2012,2020-05-29 09:31:16.500,4950.4000,18016,0,110908280.000,0,-,-,-,-,4949.6000,4949.4000,4948.0000,4947.2000,4946.0000,4951.0000,4951.8000,4952.2000,4954.6000,4957.6000,1,1,1,1,1,1,1,1,1,4
SF,IC2012,2020-05-29 09:31:17.000,4950.4000,18016,0,110908280.000,0,-,-,-,-,4949.6000,4948.0000,4947.2000,4946.0000,4945.0000,4951.8000,4952.2000,4954.6000,4957.6000,4959.0000,1,1,1,1,1,1,1,1,4,5
SF,IC2012,2020-05-29 09:31:17.500,4950.4000,18016,0,110908280.000,0,-,-,-,-,4949.6000,4948.0000,4947.2000,4946.0000,4945.0000,4951.8000,4952.2000,4953.6000,4954.6000,4957.6000,1,1,1,1,1,1,1,1,1,4
SF,IC2012,2020-05-29 09:31:18.000,4950.4000,18016,0,110908280.000,0,-,-,-,-,4949.6000,4948.0000,4947.2000,4946.0000,4945.0000,4951.8000,4952.2000,4953.6000,4954.6000,4957.6000,1,1,1,1,1,1,1,1,1,4
SF,IC2012,2020-05-29 09:31:18.500,4950.4000,18016,0,110908280.000,0,-,-,-,-,4949.6000,4948.0000,4947.2000,4946.0000,4945.0000,4951.6000,4951.8000,4952.2000,4953.6000,4954.6000,1,1,1,1,1,1,1,1,1,1
SF,IC2012,2020-05-29 09:31:19.000,4950.4000,18016,0,110908280.000,0,-,-,-,-,4950.2000,4949.8000,4949.6000,4948.0000,4947.2000,4951.6000,4951.8000,4952.2000,4953.6000,4954.6000,1,1,1,1,1,1,1,1,1,1
SF,IC2012,2020-05-29 09:31:19.500,4950.4000,18016,0,110908280.000,0,-,-,-,-,4950.4000,4950.2000,4949.8000,4948.0000,4947.2000,4951.8000,4952.2000,4953.6000,4954.6000,4957.6000,1,1,1,1,1,1,1,1,1,4
SF,IC2012,2020-05-29 09:31:20.000,4950.4000,18016,0,110908280.000,0,-,-,-,-,4950.4000,4950.2000,4949.8000,4949.6000,4947.2000,4951.8000,4952.2000,4953.6000,4954.6000,4957.6000,1,1,1,1,1,1,1,1,1,4
SF,IC2012,2020-05-29 09:31:21.000,4950.4000,18015,-1,111898360.000,1,0,1,双平,S,4949.8000,4949.6000,4947.2000,4946.0000,4945.0000,4951.8000,4952.2000,4953.6000,4954.6000,4957.6000,1,1,1,1,1,1,1,1,1,4
SF,IC2012,2020-05-29 09:31:21.500,4951.8000,18014,-1,112888720.000,1,0,1,双平,S,4950.0000,4949.8000,4949.6000,4947.2000,4946.0000,4952.2000,4953.6000,4954.6000,4957.6000,4959.0000,1,1,1,1,1,1,1,1,4,5
SF,IC2012,2020-05-29 09:31:22.000,4951.8000,18014,0,112888720.000,0,-,-,-,-,4950.0000,4949.8000,4949.6000,4947.2000,4946.0000,4952.8000,4953.6000,4954.6000,4957.6000,4959.0000,1,1,1,1,1,2,1,1,4,5
SF,IC2012,2020-05-29 09:31:22.500,4951.8000,18014,0,112888720.000,0,-,-,-,-,4950.2000,4950.0000,4949.8000,4949.6000,4947.2000,4952.6000,4952.8000,4953.6000,4954.6000,4957.6000,1,1,1,1,1,1,2,1,1,4
SF,IC2012,2020-05-29 09:31:23.000,4952.6000,18013,-1,113879240.000,1,0,1,双平,S,4951.8000,4950.4000,4950.2000,4949.6000,4947.2000,4952.8000,4953.6000,4954.6000,4957.6000,4961.0000,1,1,1,1,1,2,1,1,4,2
SF,IC2012,2020-05-29 09:31:23.500,4952.6000,18013,0,113879240.000,0,-,-,-,-,4951.2000,4950.4000,4950.2000,4949.6000,4947.2000,4951.8000,4952.6000,4952.8000,4953.6000,4954.6000,1,1,1,1,1,1,1,2,1,1
SF,IC2012,2020-05-29 09:31:24.000,4952.0000,18012,-1,114869640.000,1,0,1,双平,S,4951.2000,4950.4000,4949.6000,4947.2000,4946.0000,4952.8000,4953.6000,4954.6000,4957.6000,4961.0000,1,1,1,1,1,2,1,1,4,2
SF,IC2012,2020-05-29 09:31:24.500,4952.0000,18012,0,114869640.000,0,-,-,-,-,4952.6000,4950.8000,4950.4000,4949.6000,4947.4000,4952.8000,4953.6000,4954.6000,4957.6000,4961.0000,1,1,1,1,5,2,1,1,4,2
SF,IC2012,2020-05-29 09:31:25.000,4952.8000,18010,-2,117841280.000,3,0,3,多平,S,4950.8000,4950.4000,4949.6000,4947.4000,4947.2000,4952.6000,4953.6000,4954.6000,4957.6000,4961.0000,1,1,1,5,1,2,1,1,4,2
SF,IC2012,2020-05-29 09:31:25.500,4951.0000,18010,0,119821680.000,2,1,1,多换,S,4951.0000,4950.8000,4949.6000,4947.4000,4947.2000,4952.2000,4952.6000,4953.6000,4954.6000,4957.6000,1,1,1,5,1,1,2,1,1,4
SF,IC2012,2020-05-29 09:31:26.500,4951.0000,18008,-2,121802320.000,2,0,2,双平,S,4950.8000,4949.6000,4947.4000,4947.2000,4946.0000,4952.6000,4953.6000,4954.6000,4957.6000,4961.0000,1,1,5,1,1,2,1,1,4,2
SF,IC2012,2020-05-29 09:31:27.000,4951.0000,18008,0,121802320.000,0,-,-,-,-,4951.6000,4951.4000,4951.0000,4950.8000,4949.6000,4952.6000,4953.6000,4954.6000,4957.6000,4961.0000,1,1,1,1,1,2,1,1,4,2
SF,IC2012,2020-05-29 09:31:27.500,4951.0000,18008,0,121802320.000,0,-,-,-,-,4951.4000,4951.0000,4950.8000,4949.6000,4947.4000,4952.6000,4953.6000,4954.6000,4957.6000,4961.0000,1,1,1,1,5,2,1,1,4,2
SF,IC2012,2020-05-29 09:31:28.000,4951.0000,18008,0,121802320.000,0,-,-,-,-,4951.4000,4951.0000,4950.8000,4949.6000,4947.4000,4952.6000,4953.6000,4954.6000,4957.6000,4961.0000,1,1,1,1,5,2,1,1,4,2
SF,IC2012,2020-05-29 09:31:28.500,4951.0000,18008,0,121802320.000,0,-,-,-,-,4951.4000,4951.0000,4950.8000,4949.6000,4947.4000,4952.6000,4953.6000,4954.6000,4957.6000,4961.0000,1,1,1,1,5,2,1,1,4,2
SF,IC2012,2020-05-29 09:31:29.000,4951.0000,18008,0,121802320.000,0,-,-,-,-,4952.2000,4951.6000,4951.4000,4950.8000,4949.6000,4953.6000,4954.6000,4957.6000,4961.0000,4964.8000,1,1,1,1,1,1,1,4,2,5
SF,IC2012,2020-05-29 09:31:29.500,4951.0000,18008,0,121802320.000,0,-,-,-,-,4951.6000,4951.4000,4950.8000,4949.6000,4947.4000,4953.6000,4954.6000,4954.8000,4955.0000,4957.6000,1,1,1,1,5,1,1,1,1,4
SF,IC2012,2020-05-29 09:31:30.000,4951.0000,18008,0,121802320.000,0,-,-,-,-,4951.6000,4951.4000,4950.8000,4949.6000,4947.4000,4953.6000,4954.6000,4954.8000,4955.0000,4955.6000,1,1,1,1,5,1,1,3,1,1
SF,IC2012,2020-05-29 09:31:30.500,4951.0000,18008,0,121802320.000,0,-,-,-,-,4952.6000,4952.2000,4951.6000,4950.8000,4949.6000,4953.6000,4954.6000,4954.8000,4955.0000,4955.6000,1,1,1,1,1,1,1,3,1,1
SF,IC2012,2020-05-29 09:31:31.000,4953.4000,18008,0,122793000.000,1,0,1,多换,S,4952.2000,4951.6000,4950.8000,4949.6000,4947.4000,4953.6000,4954.6000,4954.8000,4955.0000,4955.6000,1,1,1,1,5,1,1,3,1,1
SF,IC2012,2020-05-29 09:31:31.500,4952.8000,18008,0,123783560.000,1,0,1,多换,S,4952.8000,4952.2000,4951.6000,4950.8000,4949.6000,4953.6000,4954.6000,4954.8000,4955.0000,4955.6000,1,1,1,1,1,1,1,3,1,1
SF,IC2012,2020-05-29 09:31:32.000,4952.8000,18008,0,124774120.000,1,0,1,多换,S,4951.6000,4950.8000,4949.6000,4947.4000,4947.2000,4953.6000,4954.6000,4954.8000,4955.0000,4955.6000,1,1,1,5,1,1,1,3,1,1
SF,IC2012,2020-05-29 09:31:33.000,4952.8000,18008,0,124774120.000,0,-,-,-,-,4951.6000,4950.8000,4949.6000,4947.4000,4947.2000,4953.6000,4954.6000,4954.8000,4955.0000,4957.6000,1,1,1,5,1,1,1,3,1,4
SF,IC2012,2020-05-29 09:31:33.500,4952.8000,18008,0,124774120.000,0,-,-,-,-,4951.6000,4950.8000,4949.6000,4947.4000,4947.2000,4953.4000,4953.6000,4954.6000,4954.8000,4955.0000,1,1,1,5,1,1,1,1,3,1
SF,IC2012,2020-05-29 09:31:35.000,4951.6000,18007,-1,125764440.000,1,0,1,双平,S,4950.8000,4949.6000,4947.4000,4947.2000,4946.0000,4951.6000,4953.4000,4953.6000,4954.6000,4954.8000,1,1,5,1,1,1,1,1,1,3
SF,IC2012,2020-05-29 09:31:35.500,4951.6000,18006,-1,126754760.000,1,0,1,双平,S,4951.6000,4950.8000,4949.6000,4947.4000,4947.2000,4953.4000,4953.6000,4954.6000,4954.8000,4955.0000,1,1,1,5,1,1,1,1,2,1
SF,IC2012,2020-05-29 09:31:36.000,4951.6000,18006,0,126754760.000,0,-,-,-,-,4950.8000,4949.6000,4947.4000,4947.2000,4946.0000,4953.4000,4953.6000,4954.6000,4954.8000,4955.0000,1,1,5,1,1,1,1,1,2,1
SF,IC2012,2020-05-29 09:31:36.500,4951.6000,18006,0,126754760.000,0,-,-,-,-,4952.0000,4951.0000,4950.8000,4949.6000,4947.4000,4953.4000,4953.6000,4954.6000,4954.8000,4955.0000,1,2,1,1,5,1,1,1,2,1
SF,IC2012,2020-05-29 09:31:38.000,4952.0000,18005,-1,127745160.000,1,0,1,双平,S,4951.0000,4950.8000,4949.6000,4947.4000,4947.2000,4952.0000,4953.4000,4953.6000,4954.6000,4954.8000,2,1,1,5,1,1,1,1,1,2
SF,IC2012,2020-05-29 09:31:38.500,4952.0000,18005,0,127745160.000,0,-,-,-,-,4951.0000,4950.8000,4949.6000,4947.2000,4946.0000,4952.0000,4953.4000,4953.6000,4954.6000,4954.8000,1,1,1,1,1,1,1,1,1,2
SF,IC2012,2020-05-29 09:31:39.000,4952.0000,18005,0,127745160.000,0,-,-,-,-,4950.8000,4949.6000,4947.2000,4946.0000,4945.0000,4952.0000,4953.4000,4953.6000,4954.6000,4954.8000,1,1,1,1,2,1,1,1,1,2
SF,IC2012,2020-05-29 09:31:40.000,4950.8000,18006,1,128735320.000,1,1,0,双开,S,4949.6000,4947.2000,4946.0000,4945.0000,4944.0000,4952.0000,4953.4000,4953.6000,4954.6000,4954.8000,1,1,1,2,1,1,1,1,1,2
SF,IC2012,2020-05-29 09:31:40.500,4950.8000,18006,0,128735320.000,0,-,-,-,-,4950.0000,4949.6000,4947.2000,4946.0000,4945.0000,4951.8000,4952.0000,4953.6000,4954.6000,4954.8000,1,1,1,1,2,1,1,1,1,2
SF,IC2012,2020-05-29 09:31:41.000,4950.8000,18006,0,128735320.000,0,-,-,-,-,4949.6000,4947.2000,4946.0000,4945.0000,4944.0000,4951.8000,4952.0000,4953.6000,4954.6000,4954.8000,1,1,1,2,1,1,1,1,1,2
SF,IC2012,2020-05-29 09:31:41.500,4950.8000,18006,0,128735320.000,0,-,-,-,-,4949.8000,4949.6000,4947.2000,4946.0000,4945.0000,4951.8000,4952.0000,4953.6000,4954.6000,4954.8000,1,1,1,1,2,1,1,1,1,2
SF,IC2012,2020-05-29 09:31:45.500,4950.8000,18006,0,128735320.000,0,-,-,-,-,4950.0000,4949.8000,4949.6000,4947.2000,4946.0000,4951.8000,4952.0000,4953.6000,4954.6000,4954.8000,1,1,1,1,1,1,1,1,1,2
SF,IC2012,2020-05-29 09:31:46.000,4950.0000,18005,-1,129725320.000,1,0,1,双平,S,4949.8000,4949.6000,4947.2000,4946.0000,4945.0000,4951.8000,4952.0000,4953.6000,4954.6000,4954.8000,1,1,1,1,2,1,1,1,1,2
SF,IC2012,2020-05-29 09:31:46.500,4950.0000,18005,0,129725320.000,0,-,-,-,-,4949.6000,4947.2000,4946.0000,4945.0000,4944.0000,4951.8000,4952.0000,4953.6000,4954.6000,4954.8000,1,1,1,2,1,1,1,1,1,2
SF,IC2012,2020-05-29 09:31:48.000,4949.6000,18004,-1,130715240.000,1,0,1,双平,S,4947.2000,4946.0000,4945.0000,4944.0000,4941.6000,4949.6000,4951.8000,4952.0000,4953.6000,4954.6000,1,1,2,1,5,1,1,1,1,1
SF,IC2012,2020-05-29 09:31:48.500,4949.6000,18004,0,130715240.000,0,-,-,-,-,4949.0000,4947.4000,4947.2000,4946.0000,4945.0000,4949.6000,4951.8000,4954.6000,4954.8000,4955.0000,1,1,1,1,2,1,1,1,2,1
SF,IC2012,2020-05-29 09:31:49.000,4949.6000,18003,-1,131705160.000,1,0,1,双平,S,4947.4000,4947.2000,4946.0000,4945.0000,4944.0000,4951.8000,4954.6000,4954.8000,4955.0000,4957.6000,1,1,1,2,1,1,1,2,1,4
SF,IC2012,2020-05-29 09:31:49.500,4949.6000,18003,0,131705160.000,0,-,-,-,-,4947.4000,4947.2000,4946.0000,4945.0000,4944.0000,4951.8000,4954.6000,4954.8000,4955.0000,4957.6000,2,1,1,2,1,1,1,2,1,4
SF,IC2012,2020-05-29 09:31:50.000,4949.6000,18003,0,131705160.000,0,-,-,-,-,4948.0000,4947.6000,4947.4000,4947.2000,4946.0000,4951.6000,4951.8000,4954.6000,4954.8000,4955.0000,1,1,1,1,1,1,1,1,2,1
SF,IC2012,2020-05-29 09:31:50.500,4948.2000,18002,-1,132694800.000,1,0,1,双平,S,4948.2000,4948.0000,4947.6000,4947.2000,4946.0000,4951.4000,4951.6000,4954.6000,4954.8000,4955.0000,1,2,1,1,1,1,1,1,2,1
SF,IC2012,2020-05-29 09:31:51.000,4948.2000,18002,0,132694800.000,0,-,-,-,-,4948.2000,4948.0000,4947.6000,4947.2000,4946.0000,4951.4000,4951.6000,4954.6000,4954.8000,4955.0000,1,2,2,1,1,1,1,1,2,1
SF,IC2012,2020-05-29 09:31:51.500,4948.2000,18002,0,132694800.000,0,-,-,-,-,4948.8000,4948.2000,4948.0000,4947.6000,4947.2000,4951.4000,4951.6000,4954.6000,4954.8000,4955.0000,1,1,2,2,1,1,1,1,2,1
SF,IC2012,2020-05-29 09:31:52.000,4948.2000,18002,0,132694800.000,0,-,-,-,-,4949.0000,4948.8000,4947.6000,4947.2000,4946.0000,4951.4000,4954.6000,4954.8000,4955.0000,4957.6000,1,1,2,1,1,1,1,2,1,4
SF,IC2012,2020-05-29 09:31:53.500,4948.2000,18002,0,132694800.000,0,-,-,-,-,4949.2000,4949.0000,4948.8000,4947.6000,4947.2000,4951.4000,4954.6000,4954.8000,4955.0000,4957.6000,1,1,1,2,1,1,1,2,1,4
SF,IC2012,2020-05-29 09:31:54.000,4950.0000,18002,0,133684800.000,1,0,1,多换,S,4949.4000,4949.2000,4948.8000,4947.6000,4947.2000,4954.6000,4954.8000,4955.0000,4957.6000,4961.0000,1,2,2,2,1,1,2,1,4,2
SF,IC2012,2020-05-29 09:31:54.500,4950.0000,18002,0,133684800.000,0,-,-,-,-,4950.0000,4949.6000,4949.4000,4949.2000,4948.8000,4954.4000,4954.6000,4954.8000,4955.0000,4957.6000,1,2,2,2,2,1,1,2,1,4
SF,IC2012,2020-05-29 09:31:55.000,4950.0000,18002,0,133684800.000,0,-,-,-,-,4950.2000,4950.0000,4949.8000,4949.6000,4949.4000,4954.4000,4954.6000,4954.8000,4955.0000,4957.6000,1,1,1,1,1,1,1,2,1,4
SF,IC2012,2020-05-29 09:31:55.500,4950.0000,18002,0,133684800.000,0,-,-,-,-,4950.4000,4950.2000,4949.8000,4949.4000,4949.2000,4954.4000,4954.6000,4954.8000,4955.0000,4957.6000,1,1,1,1,1,1,1,2,1,4
SF,IC2012,2020-05-29 09:31:56.000,4950.0000,18002,0,133684800.000,0,-,-,-,-,4950.6000,4950.4000,4949.4000,4949.2000,4948.8000,4954.4000,4954.6000,4954.8000,4955.0000,4957.6000,1,1,1,1,1,1,1,2,1,4
SF,IC2012,2020-05-29 09:31:56.500,4950.0000,18002,0,133684800.000,0,-,-,-,-,4950.8000,4950.6000,4949.4000,4949.2000,4948.8000,4954.4000,4954.6000,4954.8000,4955.0000,4957.6000,1,1,1,1,1,1,1,2,1,4
SF,IC2012,2020-05-29 09:31:57.000,4950.0000,18002,0,133684800.000,0,-,-,-,-,4951.0000,4950.8000,4949.4000,4949.2000,4948.8000,4954.4000,4954.6000,4954.8000,4955.0000,4957.6000,2,1,1,1,1,1,1,2,1,4
SF,IC2012,2020-05-29 09:31:59.000,4950.0000,18002,0,133684800.000,0,-,-,-,-,4951.0000,4950.8000,4949.4000,4949.2000,4948.8000,4954.4000,4954.6000,4954.8000,4955.0000,4957.6000,2,1,1,1,1,1,1,2,1,4
SF,IC2012,2020-05-29 09:31:59.500,4950.0000,18002,0,133684800.000,0,-,-,-,-,4951.0000,4950.8000,4949.4000,4949.2000,4947.6000,4954.4000,4954.6000,4954.8000,4955.0000,4957.6000,1,1,1,1,1,1,1,2,1,4
SF,IC2012,2020-05-29 09:32:00.000,4950.0000,18002,0,133684800.000,0,-,-,-,-,4951.0000,4950.8000,4950.2000,4949.4000,4947.6000,4954.4000,4954.6000,4954.8000,4955.0000,4957.6000,1,1,1,1,1,1,1,2,1,4
SF,IC2012,2020-05-29 09:32:00.500,4950.0000,18002,0,133684800.000,0,-,-,-,-,4951.0000,4950.8000,4950.2000,4949.4000,4947.6000,4954.4000,4954.6000,4954.8000,4955.0000,4957.6000,1,1,1,1,1,2,1,2,1,4
SF,IC2012,2020-05-29 09:32:01.000,4950.0000,18002,0,133684800.000,0,-,-,-,-,4951.0000,4950.8000,4950.2000,4949.4000,4947.6000,4954.4000,4954.6000,4954.8000,4955.0000,4957.6000,1,1,1,1,1,2,1,2,1,4
SF,IC2012,2020-05-29 09:32:01.500,4954.2000,18001,-1,134675640.000,1,0,1,双平,S,4951.0000,4950.8000,4950.2000,4949.4000,4947.6000,4954.4000,4954.6000,4954.8000,4955.0000,4957.6000,1,1,1,1,1,2,1,2,1,4
SF,IC2012,2020-05-29 09:32:02.000,4954.4000,18001,0,135666520.000,1,0,1,多换,S,4951.0000,4950.8000,4950.2000,4949.4000,4947.6000,4953.4000,4954.4000,4954.6000,4954.8000,4955.0000,1,1,1,1,1,1,1,1,2,1
SF,IC2012,2020-05-29 09:32:02.500,4954.4000,18001,0,135666520.000,0,-,-,-,-,4951.0000,4950.2000,4949.4000,4947.6000,4947.2000,4953.4000,4954.4000,4954.6000,4954.8000,4955.0000,1,1,1,1,1,1,1,1,2,1
SF,IC2012,2020-05-29 09:32:03.000,4954.4000,18001,0,135666520.000,0,-,-,-,-,4951.0000,4950.2000,4949.4000,4947.6000,4947.2000,4953.0000,4953.2000,4953.4000,4954.4000,4954.6000,1,1,1,1,1,1,1,1,1,1
SF,IC2012,2020-05-29 09:32:03.500,4954.4000,18001,0,136657400.000,1,0,1,多换,S,4950.2000,4949.4000,4947.6000,4947.2000,4946.0000,4952.8000,4953.4000,4954.4000,4954.6000,4954.8000,1,1,1,1,1,1,1,1,1,2
SF,IC2012,2020-05-29 09:32:04.000,4954.4000,18001,0,136657400.000,0,-,-,-,-,4950.4000,4949.4000,4947.6000,4947.2000,4946.0000,4952.8000,4953.4000,4954.4000,4954.6000,4954.8000,1,1,1,1,1,3,1,1,1,2
SF,IC2012,2020-05-29 09:32:04.500,4954.4000,18001,0,136657400.000,0,-,-,-,-,4950.4000,4949.4000,4947.6000,4947.2000,4946.0000,4952.0000,4952.8000,4953.4000,4953.6000,4954.4000,1,1,1,1,1,1,3,1,1,1
SF,IC2012,2020-05-29 09:32:05.000,4954.4000,18001,0,136657400.000,0,-,-,-,-,4949.4000,4947.6000,4947.2000,4946.0000,4945.0000,4951.8000,4952.0000,4952.8000,4953.0000,4953.4000,1,1,1,1,2,1,1,2,1,1
SF,IC2012,2020-05-29 09:32:05.500,4954.4000,18001,0,136657400.000,0,-,-,-,-,4949.4000,4947.6000,4947.2000,4946.0000,4945.0000,4951.8000,4952.0000,4952.8000,4953.0000,4953.4000,1,1,1,1,2,1,1,2,1,1
SF,IC2012,2020-05-29 09:32:06.500,4954.4000,18001,0,136657400.000,0,-,-,-,-,4949.4000,4947.6000,4947.2000,4946.0000,4945.0000,4951.8000,4952.0000,4952.4000,4952.8000,4953.0000,1,1,1,1,2,1,1,1,2,1
SF,IC2012,2020-05-29 09:32:07.000,4949.4000,18000,-1,137647280.000,1,0,1,双平,S,4947.6000,4947.2000,4946.0000,4945.0000,4944.0000,4950.6000,4951.8000,4952.0000,4952.4000,4952.8000,1,1,1,2,1,1,1,1,1,2
SF,IC2012,2020-05-29 09:32:07.500,4949.4000,18000,0,137647280.000,0,-,-,-,-,4947.8000,4947.6000,4947.2000,4946.0000,4945.0000,4950.4000,4952.0000,4952.4000,4952.8000,4953.0000,1,1,1,1,2,1,1,1,2,1
SF,IC2012,2020-05-29 09:32:08.000,4949.4000,18000,0,137647280.000,0,-,-,-,-,4947.8000,4947.2000,4946.0000,4945.0000,4944.0000,4950.4000,4951.2000,4952.0000,4953.0000,4953.4000,1,1,1,2,1,1,1,1,1,1
SF,IC2012,2020-05-29 09:32:08.500,4949.4000,18000,0,137647280.000,0,-,-,-,-,4947.8000,4947.2000,4946.0000,4945.0000,4944.0000,4950.4000,4951.2000,4952.0000,4953.0000,4953.4000,1,1,1,2,1,1,1,1,1,1
SF,IC2012,2020-05-29 09:32:09.000,4949.4000,18000,0,137647280.000,0,-,-,-,-,4948.0000,4947.8000,4947.2000,4946.0000,4945.0000,4950.4000,4951.2000,4952.0000,4953.0000,4953.4000,1,1,1,1,2,1,1,1,1,1
SF,IC2012,2020-05-29 09:32:09.500,4949.4000,18000,0,137647280.000,0,-,-,-,-,4948.4000,4948.2000,4948.0000,4947.2000,4946.0000,4950.4000,4951.2000,4953.0000,4953.4000,4953.6000,1,1,1,1,1,1,1,1,1,1
SF,IC2012,2020-05-29 09:32:10.000,4949.4000,18000,0,137647280.000,0,-,-,-,-,4948.6000,4948.4000,4948.0000,4947.2000,4946.0000,4949.0000,4950.4000,4951.2000,4953.0000,4953.4000,1,1,1,1,1,1,1,1,1,1
SF,IC2012,2020-05-29 09:32:10.500,4950.4000,17999,-1,139627240.000,2,0,2,多平,S,4948.0000,4947.2000,4946.0000,4945.0000,4944.0000,4951.2000,4953.0000,4953.4000,4953.6000,4954.4000,1,1,1,2,1,1,1,1,1,1
SF,IC2012,2020-05-29 09:32:11.000,4950.4000,17999,0,139627240.000,0,-,-,-,-,4948.2000,4948.0000,4947.2000,4946.0000,4945.0000,4952.8000,4953.0000,4953.4000,4953.6000,4954.4000,2,1,1,1,2,1,1,1,1,1
SF,IC2012,2020-05-29 09:32:11.500,4950.4000,17999,0,139627240.000,0,-,-,-,-,4950.4000,4948.4000,4948.2000,4948.0000,4947.2000,4952.6000,4952.8000,4953.0000,4953.4000,4953.6000,1,1,2,1,1,1,1,1,1,1
SF,IC2012,2020-05-29 09:32:12.000,4950.4000,17999,0,140617320.000,1,0,1,多换,S,4948.4000,4948.2000,4948.0000,4947.2000,4946.0000,4951.2000,4952.6000,4952.8000,4953.0000,4953.4000,1,2,1,1,1,1,1,1,1,1
SF,IC2012,2020-05-29 09:32:12.500,4950.4000,17999,0,140617320.000,0,-,-,-,-,4948.6000,4948.0000,4947.2000,4946.0000,4945.0000,4952.6000,4952.8000,4953.0000,4953.4000,4953.6000,1,1,1,1,2,1,1,1,1,1
SF,IC2012,2020-05-29 09:32:13.000,4950.4000,17999,0,140617320.000,0,-,-,-,-,4948.8000,4948.6000,4948.0000,4947.2000,4946.0000,4950.4000,4952.4000,4952.6000,4952.8000,4953.0000,1,1,1,1,1,1,4,1,1,1
SF,IC2012,2020-05-29 09:32:13.500,4950.4000,17999,0,140617320.000,0,-,-,-,-,4948.6000,4948.0000,4947.2000,4946.0000,4945.0000,4950.4000,4951.4000,4952.4000,4952.6000,4953.0000,1,1,1,1,2,1,1,4,1,1
SF,IC2012,2020-05-29 09:32:14.500,4950.4000,17999,0,140617320.000,0,-,-,-,-,4948.6000,4948.0000,4947.2000,4946.0000,4945.0000,4950.4000,4951.4000,4952.4000,4952.6000,4953.0000,1,1,1,1,2,1,1,4,1,1
SF,IC2012,2020-05-29 09:32:15.000,4950.4000,17999,0,140617320.000,0,-,-,-,-,4948.6000,4948.0000,4947.2000,4946.0000,4945.0000,4950.2000,4950.4000,4951.4000,4952.4000,4953.0000,1,1,1,1,2,1,1,1,4,1
SF,IC2012,2020-05-29 09:32:15.500,4950.4000,17999,0,141607400.000,1,0,1,多换,S,4948.6000,4948.0000,4947.2000,4946.0000,4945.0000,4950.4000,4951.4000,4952.4000,4953.0000,4953.4000,1,1,1,1,2,1,1,4,1,1
SF,IC2012,2020-05-29 09:32:16.000,4950.4000,17999,0,141607400.000,0,-,-,-,-,4948.6000,4948.0000,4947.2000,4946.0000,4945.0000,4950.0000,4950.4000,4952.4000,4953.0000,4953.4000,1,1,1,1,2,1,1,4,1,1
SF,IC2012,2020-05-29 09:32:18.000,4950.0000,17998,-1,142597400.000,1,0,1,双平,S,4950.0000,4949.0000,4948.6000,4947.2000,4946.0000,4950.4000,4952.4000,4953.0000,4953.4000,4953.6000,1,1,1,1,1,1,4,1,1,1
SF,IC2012,2020-05-29 09:32:18.500,4950.4000,17997,-1,143587480.000,1,0,1,双平,S,4950.0000,4949.0000,4947.2000,4946.0000,4945.0000,4953.0000,4953.4000,4953.6000,4954.6000,4954.8000,1,1,1,1,2,1,1,1,1,2
SF,IC2012,2020-05-29 09:32:19.000,4950.4000,17997,0,143587480.000,0,-,-,-,-,4950.2000,4950.0000,4948.0000,4947.6000,4947.2000,4951.4000,4952.8000,4953.0000,4953.2000,4953.4000,2,1,1,1,1,1,1,1,1,1
SF,IC2012,2020-05-29 09:32:19.500,4950.4000,17997,0,143587480.000,0,-,-,-,-,4950.2000,4950.0000,4948.0000,4947.6000,4947.2000,4952.8000,4953.0000,4953.2000,4953.4000,4953.6000,1,2,1,1,1,1,1,1,1,1
SF,IC2012,2020-05-29 09:32:20.000,4950.4000,17997,0,143587480.000,0,-,-,-,-,4950.4000,4950.2000,4950.0000,4949.0000,4948.0000,4951.6000,4952.8000,4953.0000,4953.2000,4953.4000,1,1,2,1,1,1,1,1,3,1
SF,IC2012,2020-05-29 09:32:20.500,4950.4000,17997,0,143587480.000,0,-,-,-,-,4950.2000,4950.0000,4949.0000,4947.6000,4947.2000,4952.8000,4953.0000,4953.2000,4953.4000,4953.6000,1,2,1,1,1,1,1,3,1,1
SF,IC2012,2020-05-29 09:32:21.000,4950.4000,17997,0,143587480.000,0,-,-,-,-,4950.4000,4950.2000,4950.0000,4949.0000,4947.6000,4952.6000,4952.8000,4953.0000,4953.2000,4953.4000,1,1,2,1,1,2,1,1,3,1
SF,IC2012,2020-05-29 09:32:21.500,4950.4000,17997,0,143587480.000,0,-,-,-,-,4950.6000,4950.0000,4949.0000,4947.6000,4947.2000,4951.6000,4952.4000,4953.0000,4953.2000,4953.4000,1,2,1,1,1,1,1,1,3,1
SF,IC2012,2020-05-29 09:32:22.000,4950.4000,17996,-1,144577560.000,1,0,1,双平,S,4950.0000,4949.0000,4948.6000,4947.6000,4947.2000,4952.4000,4953.0000,4953.2000,4953.4000,4953.6000,2,1,1,1,1,1,1,3,1,1
SF,IC2012,2020-05-29 09:32:22.500,4950.4000,17996,0,144577560.000,0,-,-,-,-,4950.0000,4949.0000,4948.6000,4947.6000,4947.2000,4952.4000,4953.0000,4953.2000,4953.4000,4953.6000,2,1,1,1,1,1,1,3,1,1
SF,IC2012,2020-05-29 09:32:23.000,4950.4000,17996,0,144577560.000,0,-,-,-,-,4950.0000,4949.0000,4948.6000,4947.6000,4947.2000,4950.6000,4952.4000,4953.0000,4953.2000,4953.4000,2,1,1,1,1,1,1,1,1,1
SF,IC2012,2020-05-29 09:32:23.500,4950.6000,17995,-1,145567680.000,1,0,1,双平,S,4950.6000,4950.0000,4949.0000,4948.6000,4947.6000,4952.4000,4953.0000,4953.2000,4953.4000,4953.6000,1,2,1,1,1,1,1,1,1,1
SF,IC2012,2020-05-29 09:32:24.000,4950.6000,17995,0,145567680.000,0,-,-,-,-,4950.6000,4950.0000,4949.0000,4948.6000,4947.6000,4952.4000,4953.0000,4953.2000,4953.4000,4953.6000,1,3,1,1,1,1,1,1,1,1
SF,IC2012,2020-05-29 09:32:24.500,4950.6000,17995,0,145567680.000,0,-,-,-,-,4950.8000,4950.6000,4950.0000,4949.0000,4948.6000,4953.0000,4953.2000,4953.4000,4953.6000,4954.6000,1,1,3,1,1,1,1,1,1,1
SF,IC2012,2020-05-29 09:32:25.000,4950.6000,17995,0,145567680.000,0,-,-,-,-,4951.0000,4950.8000,4950.6000,4950.0000,4949.0000,4953.0000,4953.2000,4953.4000,4953.6000,4954.6000,1,1,1,3,1,1,1,1,1,1
SF,IC2012,2020-05-29 09:32:25.500,4950.6000,17995,0,145567680.000,0,-,-,-,-,4950.8000,4950.6000,4950.0000,4949.0000,4948.6000,4952.8000,4953.0000,4953.2000,4953.4000,4953.6000,1,1,3,1,1,1,1,1,1,1
SF,IC2012,2020-05-29 09:32:26.500,4950.6000,17995,0,145567680.000,0,-,-,-,-,4950.8000,4950.6000,4950.0000,4949.0000,4948.6000,4952.6000,4952.8000,4953.0000,4953.2000,4953.4000,1,1,3,1,1,1,1,1,1,1
SF,IC2012,2020-05-29 09:32:27.000,4950.6000,17995,0,145567680.000,0,-,-,-,-,4951.2000,4950.8000,4950.6000,4950.0000,4949.0000,4952.6000,4952.8000,4953.0000,4953.2000,4953.4000,1,1,1,3,1,1,1,1,1,1
SF,IC2012,2020-05-29 09:32:27.500,4950.6000,17995,0,145567680.000,0,-,-,-,-,4951.4000,4951.2000,4950.6000,4950.0000,4949.0000,4952.6000,4953.0000,4953.2000,4953.4000,4953.6000,1,2,1,3,1,1,1,1,1,1
SF,IC2012,2020-05-29 09:32:28.000,4950.6000,17995,0,145567680.000,0,-,-,-,-,4951.6000,4951.4000,4950.6000,4950.0000,4949.0000,4952.6000,4953.2000,4953.4000,4953.6000,4954.6000,2,1,1,3,1,1,1,1,1,1
SF,IC2012,2020-05-29 09:32:28.500,4953.2000,17993,-2,147548840.000,2,0,2,双平,S,4952.8000,4951.8000,4950.6000,4950.0000,4949.0000,4953.4000,4953.6000,4954.6000,4954.8000,4955.0000,2,2,1,3,1,1,1,1,2,1
SF,IC2012,2020-05-29 09:32:29.000,4953.6000,17992,-1,149530240.000,2,0,2,多平,S,4953.4000,4953.2000,4952.8000,4950.6000,4950.0000,4954.6000,4954.8000,4955.0000,4957.6000,4961.0000,1,1,2,1,2,1,2,1,4,2
SF,IC2012,2020-05-29 09:32:29.500,4953.6000,17992,0,149530240.000,0,-,-,-,-,4953.2000,4952.8000,4950.0000,4949.0000,4948.6000,4954.4000,4954.6000,4954.8000,4955.0000,4957.6000,1,2,2,1,1,1,1,2,1,4
SF,IC2012,2020-05-29 09:32:30.000,4953.6000,17992,0,149530240.000,0,-,-,-,-,4952.8000,4951.6000,4950.0000,4949.0000,4948.6000,4954.4000,4954.6000,4954.8000,4955.0000,4957.6000,2,1,2,1,1,1,1,2,1,4
SF,IC2012,2020-05-29 09:32:30.500,4953.6000,17992,0,149530240.000,0,-,-,-,-,4952.8000,4951.6000,4950.0000,4949.0000,4948.6000,4953.6000,4954.4000,4954.6000,4954.8000,4955.0000,2,1,2,1,1,1,1,1,2,1
SF,IC2012,2020-05-29 09:32:31.000,4953.6000,17992,0,149530240.000,0,-,-,-,-,4953.2000,4952.8000,4951.6000,4950.0000,4949.0000,4953.6000,4954.4000,4954.6000,4954.8000,4955.0000,1,2,1,2,1,1,1,1,2,1
SF,IC2012,2020-05-29 09:32:31.500,4953.6000,17991,-1,150520960.000,1,0,1,双平,S,4953.6000,4953.2000,4952.8000,4951.6000,4950.0000,4954.6000,4954.8000,4955.0000,4957.6000,4961.0000,1,1,2,1,2,1,2,1,4,2
SF,IC2012,2020-05-29 09:32:32.000,4953.6000,17991,0,150520960.000,0,-,-,-,-,4953.6000,4953.2000,4952.8000,4951.6000,4950.0000,4954.6000,4954.8000,4955.0000,4957.6000,4961.0000,1,1,2,1,2,1,2,1,4,2
SF,IC2012,2020-05-29 09:32:32.500,4953.6000,17991,0,150520960.000,0,-,-,-,-,4953.8000,4953.6000,4953.2000,4952.8000,4951.6000,4954.6000,4954.8000,4955.0000,4957.6000,4961.0000,1,1,1,2,1,1,2,1,4,2
SF,IC2012,2020-05-29 09:32:33.000,4953.6000,17991,0,150520960.000,0,-,-,-,-,4953.8000,4953.6000,4952.8000,4951.6000,4950.0000,4954.6000,4954.8000,4955.0000,4957.6000,4961.0000,1,2,2,1,2,1,2,1,4,2
SF,IC2012,2020-05-29 09:32:33.500,4953.8000,17990,-1,151511720.000,1,0,1,双平,S,4953.6000,4952.8000,4951.6000,4950.0000,4949.0000,4954.6000,4954.8000,4955.0000,4957.6000,4961.0000,2,2,1,2,1,1,2,1,4,2
SF,IC2012,2020-05-29 09:32:34.000,4953.6000,17988,-2,153493160.000,2,0,2,双平,S,4952.8000,4951.6000,4950.0000,4949.0000,4948.6000,4953.6000,4954.4000,4954.6000,4954.8000,4955.0000,2,1,2,1,1,1,1,1,2,1
SF,IC2012,2020-05-29 09:32:34.500,4953.6000,17987,-1,154483880.000,1,0,1,双平,S,4953.0000,4952.8000,4951.6000,4950.0000,4949.0000,4954.4000,4954.6000,4954.8000,4955.0000,4957.6000,1,2,1,2,1,1,1,3,1,4
SF,IC2012,2020-05-29 09:32:35.000,4953.6000,17987,0,154483880.000,0,-,-,-,-,4953.0000,4952.8000,4951.6000,4950.0000,4949.0000,4954.4000,4954.6000,4954.8000,4955.0000,4955.8000,2,2,1,2,1,1,1,3,1,1
SF,IC2012,2020-05-29 09:32:35.500,4953.6000,17987,0,154483880.000,0,-,-,-,-,4953.2000,4953.0000,4952.8000,4951.6000,4950.0000,4954.6000,4954.8000,4955.0000,4955.8000,4957.6000,1,2,2,1,2,1,3,1,1,4
SF,IC2012,2020-05-29 09:32:36.000,4953.6000,17987,0,154483880.000,0,-,-,-,-,4953.6000,4953.2000,4952.8000,4951.6000,4950.0000,4954.6000,4954.8000,4955.0000,4955.8000,4957.6000,2,1,2,1,2,1,3,1,1,4
SF,IC2012,2020-05-29 09:32:36.500,4954.8000,17986,-1,156465760.000,2,0,2,多平,S,4953.6000,4953.2000,4952.8000,4951.6000,4950.0000,4954.8000,4955.0000,4955.8000,4956.4000,4957.6000,2,1,2,1,2,1,1,1,1,4
SF,IC2012,2020-05-29 09:32:37.000,4954.8000,17985,-1,157456720.000,1,0,1,双平,S,4954.8000,4953.8000,4952.8000,4951.6000,4950.0000,4955.0000,4955.8000,4957.6000,4964.8000,4967.0000,1,3,2,1,2,1,1,4,5,1
SF,IC2012,2020-05-29 09:32:37.500,4955.0000,17984,-1,158447720.000,1,0,1,双平,S,4954.8000,4953.8000,4952.8000,4950.0000,4949.0000,4955.8000,4957.6000,4964.8000,4967.0000,4979.8000,1,1,2,2,1,1,4,5,1,1
SF,IC2012,2020-05-29 09:32:38.000,4955.8000,17984,0,159438880.000,1,0,1,多换,S,4955.0000,4954.8000,4953.8000,4952.8000,4950.0000,4957.6000,4964.8000,4967.0000,4979.8000,4982.8000,3,1,1,2,2,4,5,1,1,1
SF,IC2012,2020-05-29 09:32:38.500,4955.2000,17983,-1,160429920.000,1,0,1,双平,S,4955.2000,4955.0000,4954.8000,4952.8000,4950.0000,4957.4000,4957.6000,4964.8000,4967.0000,4979.8000,2,4,1,2,2,1,5,5,1,1
SF,IC2012,2020-05-29 09:32:39.000,4955.2000,17983,0,160429920.000,0,-,-,-,-,4955.2000,4955.0000,4954.8000,4950.0000,4949.0000,4957.6000,4964.8000,4967.0000,4979.8000,4982.8000,2,4,1,2,1,5,5,1,1,1
SF,IC2012,2020-05-29 09:32:39.500,4957.6000,17983,0,162412960.000,2,1,1,多换,S,4955.2000,4955.0000,4954.8000,4950.0000,4949.0000,4957.6000,4964.8000,4967.0000,4979.8000,4982.8000,2,2,1,2,1,3,5,1,1,1
SF,IC2012,2020-05-29 09:32:40.000,4957.6000,17983,0,162412960.000,0,-,-,-,-,4955.6000,4955.2000,4955.0000,4954.8000,4950.0000,4957.6000,4964.8000,4967.0000,4979.8000,4982.8000,2,2,2,1,2,3,5,1,1,1
SF,IC2012,2020-05-29 09:32:40.500,4957.6000,17983,0,162412960.000,0,-,-,-,-,4956.0000,4955.8000,4955.2000,4955.0000,4954.8000,4957.6000,4964.8000,4967.0000,4979.8000,4982.8000,2,1,1,2,1,3,5,1,1,1
SF,IC2012,2020-05-29 09:32:41.000,4957.6000,17983,0,162412960.000,0,-,-,-,-,4956.2000,4955.2000,4955.0000,4954.8000,4950.0000,4957.6000,4960.8000,4964.8000,4967.0000,4979.8000,1,1,2,1,2,3,1,5,1,1
SF,IC2012,2020-05-29 09:32:41.500,4957.6000,17983,0,163404480.000,1,0,1,多换,S,4956.2000,4955.2000,4955.0000,4954.8000,4950.0000,4957.6000,4960.8000,4964.8000,4967.0000,4979.8000,1,1,2,1,2,2,1,5,1,1
SF,IC2012,2020-05-29 09:32:42.000,4957.6000,17983,0,163404480.000,0,-,-,-,-,4956.2000,4955.0000,4954.8000,4950.0000,4949.0000,4957.6000,4964.8000,4967.0000,4979.8000,4982.8000,1,2,1,2,1,2,5,1,1,1
SF,IC2012,2020-05-29 09:32:42.500,4957.6000,17983,0,163404480.000,0,-,-,-,-,4956.2000,4955.0000,4954.8000,4950.0000,4949.0000,4957.2000,4957.6000,4964.8000,4967.0000,4979.8000,1,2,1,2,1,1,2,5,1,1
SF,IC2012,2020-05-29 09:32:43.000,4957.6000,17983,0,163404480.000,0,-,-,-,-,4955.0000,4954.8000,4953.8000,4950.0000,4949.0000,4957.2000,4957.6000,4964.8000,4967.0000,4979.8000,2,1,1,2,1,1,2,5,1,1
SF,IC2012,2020-05-29 09:32:43.500,4957.6000,17983,0,163404480.000,0,-,-,-,-,4956.4000,4955.2000,4955.0000,4954.8000,4953.8000,4957.2000,4957.6000,4964.8000,4967.0000,4979.8000,1,1,2,1,1,1,2,5,1,1
SF,IC2012,2020-05-29 09:32:44.000,4957.6000,17983,0,163404480.000,0,-,-,-,-,4955.2000,4955.0000,4954.8000,4953.8000,4950.0000,4957.2000,4957.6000,4964.8000,4967.0000,4979.8000,1,2,1,1,2,1,2,5,1,1
SF,IC2012,2020-05-29 09:32:44.500,4957.6000,17983,0,163404480.000,0,-,-,-,-,4955.2000,4955.0000,4954.8000,4953.8000,4953.4000,4957.2000,4957.6000,4964.8000,4967.0000,4979.8000,1,2,1,1,1,1,2,5,1,1
SF,IC2012,2020-05-29 09:32:45.000,4957.6000,17983,0,163404480.000,0,-,-,-,-,4955.6000,4955.2000,4955.0000,4954.8000,4953.8000,4957.2000,4957.6000,4964.8000,4967.0000,4979.8000,1,1,2,1,1,1,2,5,1,1
SF,IC2012,2020-05-29 09:32:45.500,4957.6000,17983,0,163404480.000,0,-,-,-,-,4955.8000,4955.6000,4955.0000,4954.8000,4953.8000,4957.2000,4957.6000,4964.8000,4967.0000,4979.8000,1,1,2,1,1,1,2,5,1,1
SF,IC2012,2020-05-29 09:32:46.000,4957.2000,17982,-1,164395920.000,1,0,1,双平,S,4955.8000,4955.0000,4954.8000,4953.8000,4950.0000,4957.6000,4964.8000,4967.0000,4979.8000,4982.8000,1,2,1,1,2,2,5,1,1,1
SF,IC2012,2020-05-29 09:32:46.500,4957.2000,17982,0,164395920.000,0,-,-,-,-,4956.2000,4955.8000,4955.0000,4954.8000,4953.8000,4957.6000,4964.8000,4967.0000,4979.8000,4982.8000,1,1,2,1,1,2,5,1,1,1
SF,IC2012,2020-05-29 09:32:47.000,4957.6000,17980,-2,166378960.000,2,0,2,双平,S,4956.6000,4956.4000,4955.0000,4954.8000,4953.8000,4964.8000,4967.0000,4979.8000,4982.8000,4989.0000,2,1,2,1,1,5,1,1,1,1
SF,IC2012,2020-05-29 09:32:47.500,4957.6000,17980,0,166378960.000,0,-,-,-,-,4956.8000,4955.0000,4954.8000,4953.8000,4950.0000,4960.8000,4963.2000,4964.4000,4964.6000,4964.8000,2,2,1,1,2,4,2,7,6,5
SF,IC2012,2020-05-29 09:32:48.000,4957.6000,17980,0,166378960.000,0,-,-,-,-,4957.0000,4956.8000,4955.0000,4954.8000,4953.8000,4960.6000,4960.8000,4963.2000,4964.4000,4964.6000,1,2,2,1,1,5,2,3,7,4
SF,IC2012,2020-05-29 09:32:48.500,4957.6000,17980,0,166378960.000,0,-,-,-,-,4957.2000,4957.0000,4956.8000,4955.0000,4954.8000,4960.6000,4960.8000,4963.2000,4964.4000,4964.6000,1,1,1,2,1,6,2,3,7,3
SF,IC2012,2020-05-29 09:32:49.000,4957.4000,17979,-1,167370440.000,1,0,1,双平,S,4957.2000,4956.8000,4955.0000,4953.8000,4950.0000,4960.4000,4960.6000,4960.8000,4963.2000,4964.4000,1,1,2,1,2,1,6,2,3,7
SF,IC2012,2020-05-29 09:32:49.500,4957.4000,17979,0,167370440.000,0,-,-,-,-,4956.8000,4955.0000,4953.8000,4950.0000,4949.0000,4960.2000,4960.4000,4960.6000,4960.8000,4963.2000,1,2,1,2,1,2,1,5,2,3
SF,IC2012,2020-05-29 09:32:50.000,4957.4000,17979,0,167370440.000,0,-,-,-,-,4955.0000,4953.8000,4950.0000,4949.0000,4948.6000,4960.0000,4960.2000,4960.6000,4960.8000,4963.2000,2,1,2,1,1,1,3,4,2,3
SF,IC2012,2020-05-29 09:32:50.500,4957.4000,17979,0,167370440.000,0,-,-,-,-,4955.2000,4955.0000,4953.8000,4950.0000,4949.0000,4959.8000,4960.0000,4960.2000,4960.6000,4960.8000,1,2,1,2,1,5,2,1,4,2
SF,IC2012,2020-05-29 09:32:51.000,4957.4000,17979,0,167370440.000,0,-,-,-,-,4955.2000,4955.0000,4953.8000,4950.0000,4949.0000,4959.6000,4959.8000,4960.2000,4960.6000,4960.8000,1,2,1,2,1,2,4,1,4,2
SF,IC2012,2020-05-29 09:32:51.500,4957.4000,17979,0,167370440.000,0,-,-,-,-,4955.2000,4955.0000,4953.8000,4950.0000,4949.0000,4959.4000,4959.6000,4959.8000,4960.2000,4960.6000,1,2,1,2,1,3,2,2,1,4
SF,IC2012,2020-05-29 09:32:52.000,4957.4000,17979,0,167370440.000,0,-,-,-,-,4955.2000,4955.0000,4953.8000,4950.0000,4949.0000,4959.2000,4959.4000,4959.8000,4960.2000,4960.6000,1,2,1,2,1,1,3,2,1,4
SF,IC2012,2020-05-29 09:32:52.500,4957.4000,17979,0,167370440.000,0,-,-,-,-,4955.2000,4955.0000,4953.8000,4950.0000,4949.0000,4959.0000,4959.2000,4959.8000,4960.2000,4960.6000,1,2,1,2,1,2,1,2,1,4
SF,IC2012,2020-05-29 09:32:53.000,4957.4000,17979,0,167370440.000,0,-,-,-,-,4955.2000,4955.0000,4953.8000,4950.0000,4949.0000,4958.8000,4959.0000,4959.8000,4960.2000,4960.6000,1,2,1,2,1,1,2,2,1,4
SF,IC2012,2020-05-29 09:32:53.500,4957.4000,17979,0,167370440.000,0,-,-,-,-,4955.2000,4955.0000,4953.8000,4950.0000,4949.0000,4958.6000,4958.8000,4959.8000,4960.2000,4960.6000,1,2,1,2,1,2,1,2,1,4
SF,IC2012,2020-05-29 09:32:54.000,4957.4000,17979,0,167370440.000,0,-,-,-,-,4955.2000,4955.0000,4953.8000,4950.0000,4949.0000,4958.4000,4958.6000,4959.8000,4960.2000,4960.6000,1,2,1,2,1,1,2,2,1,4
SF,IC2012,2020-05-29 09:32:54.500,4957.4000,17979,0,167370440.000,0,-,-,-,-,4955.2000,4955.0000,4953.8000,4950.0000,4949.0000,4958.2000,4958.4000,4958.6000,4960.2000,4960.6000,1,2,1,2,1,1,1,1,1,4
SF,IC2012,2020-05-29 09:32:55.000,4957.4000,17979,0,167370440.000,0,-,-,-,-,4955.2000,4955.0000,4953.8000,4950.0000,4949.0000,4958.0000,4958.2000,4958.6000,4960.2000,4960.6000,1,2,1,2,1,1,1,1,1,4
SF,IC2012,2020-05-29 09:32:55.500,4957.4000,17979,0,167370440.000,0,-,-,-,-,4955.8000,4955.2000,4955.0000,4953.8000,4950.0000,4958.0000,4958.2000,4958.6000,4960.2000,4960.6000,2,1,2,1,2,1,1,1,1,4
SF,IC2012,2020-05-29 09:32:56.000,4957.4000,17979,0,167370440.000,0,-,-,-,-,4956.0000,4955.8000,4955.0000,4953.8000,4950.0000,4957.8000,4958.0000,4960.2000,4960.6000,4960.8000,1,2,2,1,2,1,1,1,4,2
SF,IC2012,2020-05-29 09:32:56.500,4957.4000,17979,0,167370440.000,0,-,-,-,-,4955.0000,4953.8000,4950.0000,4949.0000,4948.6000,4957.8000,4960.2000,4960.6000,4960.8000,4963.2000,2,1,2,1,1,1,1,4,2,3
SF,IC2012,2020-05-29 09:32:57.000,4957.4000,17979,0,167370440.000,0,-,-,-,-,4955.0000,4953.8000,4950.0000,4949.0000,4948.6000,4955.8000,4957.6000,4957.8000,4960.2000,4960.6000,2,1,2,1,1,1,1,1,1,4
SF,IC2012,2020-05-29 09:32:57.500,4955.0000,17979,0,168361440.000,1,0,1,多换,S,4953.8000,4950.0000,4949.0000,4948.6000,4947.2000,4955.8000,4957.6000,4957.8000,4959.0000,4960.2000,1,2,1,1,1,1,1,1,1,1
SF,IC2012,2020-05-29 09:32:58.000,4955.0000,17979,0,168361440.000,0,-,-,-,-,4954.2000,4954.0000,4953.8000,4950.0000,4949.0000,4955.8000,4957.6000,4957.8000,4959.0000,4960.2000,2,1,1,2,1,1,1,2,1,1
SF,IC2012,2020-05-29 09:32:58.500,4955.8000,17978,-1,169352600.000,1,0,1,双平,S,4954.6000,4954.4000,4950.0000,4949.0000,4948.6000,4957.6000,4957.8000,4959.0000,4959.6000,4960.2000,2,1,2,1,1,1,2,1,1,1
SF,IC2012,2020-05-29 09:32:59.000,4955.8000,17978,0,169352600.000,0,-,-,-,-,4954.8000,4954.6000,4950.0000,4949.0000,4948.6000,4957.4000,4957.6000,4957.8000,4959.0000,4959.6000,1,2,2,1,1,1,1,1,1,1
SF,IC2012,2020-05-29 09:32:59.500,4955.8000,17978,0,169352600.000,0,-,-,-,-,4955.4000,4954.8000,4950.0000,4949.0000,4948.6000,4957.2000,4957.4000,4957.8000,4959.0000,4959.6000,2,1,2,1,1,1,1,1,1,1
SF,IC2012,2020-05-29 09:33:00.000,4955.8000,17978,0,169352600.000,0,-,-,-,-,4954.8000,4950.0000,4949.0000,4948.6000,4947.2000,4957.0000,4957.8000,4959.0000,4960.2000,4960.6000,1,2,1,1,1,1,1,1,1,4
SF,IC2012,2020-05-29 09:33:00.500,4955.8000,17978,0,169352600.000,0,-,-,-,-,4955.4000,4954.8000,4950.0000,4949.0000,4948.6000,4957.0000,4957.8000,4959.0000,4960.2000,4960.6000,1,1,2,1,1,1,1,1,1,4
SF,IC2012,2020-05-29 09:33:02.500,4955.8000,17978,0,169352600.000,0,-,-,-,-,4954.8000,4950.0000,4949.0000,4948.6000,4947.2000,4957.0000,4957.8000,4959.0000,4960.2000,4960.6000,1,2,1,1,1,1,1,1,1,4
SF,IC2012,2020-05-29 09:33:03.000,4955.8000,17978,0,169352600.000,0,-,-,-,-,4955.8000,4954.8000,4950.0000,4949.0000,4948.6000,4957.0000,4957.8000,4959.0000,4960.2000,4960.6000,1,1,2,1,1,1,1,1,1,4
SF,IC2012,2020-05-29 09:33:03.500,4955.8000,17978,0,169352600.000,0,-,-,-,-,4954.8000,4950.0000,4949.0000,4948.6000,4947.2000,4957.0000,4957.8000,4959.0000,4960.2000,4960.6000,1,2,1,1,1,1,1,1,1,4
SF,IC2012,2020-05-29 09:33:04.000,4955.8000,17978,0,169352600.000,0,-,-,-,-,4954.8000,4950.0000,4949.0000,4948.6000,4947.2000,4957.0000,4957.8000,4959.0000,4960.2000,4960.6000,1,2,1,1,1,1,1,1,1,4
SF,IC2012,2020-05-29 09:33:04.500,4954.8000,17978,0,170343560.000,1,0,1,多换,S,4950.0000,4949.0000,4948.6000,4947.2000,4946.0000,4957.0000,4957.8000,4959.0000,4960.2000,4960.6000,2,1,1,1,1,1,1,1,1,4
SF,IC2012,2020-05-29 09:33:05.000,4954.8000,17978,0,170343560.000,0,-,-,-,-,4953.8000,4953.2000,4950.4000,4950.2000,4950.0000,4956.8000,4957.0000,4957.8000,4959.0000,4960.2000,1,1,2,1,3,2,1,1,1,1
SF,IC2012,2020-05-29 09:33:05.500,4954.8000,17978,0,170343560.000,0,-,-,-,-,4953.2000,4950.4000,4950.2000,4950.0000,4949.0000,4956.6000,4956.8000,4957.8000,4959.0000,4960.2000,1,2,1,3,1,1,1,1,1,1
SF,IC2012,2020-05-29 09:33:06.000,4954.8000,17978,0,170343560.000,0,-,-,-,-,4953.4000,4953.2000,4950.4000,4950.0000,4949.0000,4956.4000,4956.6000,4957.8000,4959.0000,4960.2000,1,1,2,3,1,1,1,1,1,1
SF,IC2012,2020-05-29 09:33:06.500,4954.8000,17978,0,170343560.000,0,-,-,-,-,4953.2000,4950.4000,4950.0000,4949.0000,4948.6000,4956.2000,4956.4000,4957.8000,4959.0000,4960.2000,1,1,3,1,1,1,1,1,1,1
SF,IC2012,2020-05-29 09:33:07.000,4953.2000,17977,-1,171334200.000,1,0,1,双平,S,4950.0000,4949.0000,4948.6000,4947.2000,4946.0000,4956.0000,4956.2000,4957.8000,4959.0000,4960.2000,2,1,1,1,1,1,3,1,1,1
SF,IC2012,2020-05-29 09:33:07.500,4953.2000,17977,0,171334200.000,0,-,-,-,-,4953.4000,4950.2000,4950.0000,4949.0000,4948.6000,4955.8000,4956.0000,4957.8000,4959.0000,4960.2000,1,1,2,1,1,2,1,1,1,1
SF,IC2012,2020-05-29 09:33:08.000,4953.2000,17977,0,171334200.000,0,-,-,-,-,4953.4000,4950.2000,4950.0000,4949.0000,4948.6000,4955.8000,4956.0000,4957.8000,4959.0000,4960.2000,1,1,2,1,1,1,1,1,1,1
SF,IC2012,2020-05-29 09:33:08.500,4955.8000,17976,-1,172325360.000,1,0,1,双平,S,4953.8000,4953.6000,4953.4000,4950.0000,4949.0000,4956.0000,4957.8000,4959.0000,4960.2000,4960.6000,1,1,1,1,1,1,1,1,1,4
SF,IC2012,2020-05-29 09:33:09.000,4955.8000,17976,0,172325360.000,0,-,-,-,-,4954.0000,4953.8000,4950.0000,4949.0000,4948.6000,4955.0000,4956.0000,4957.8000,4959.0000,4960.2000,1,1,1,1,1,1,1,1,1,1
SF,IC2012,2020-05-29 09:33:09.500,4955.8000,17976,0,172325360.000,0,-,-,-,-,4954.0000,4950.0000,4949.0000,4948.6000,4947.2000,4955.0000,4959.0000,4960.2000,4960.6000,4960.8000,2,1,1,1,1,1,1,1,4,2
SF,IC2012,2020-05-29 09:33:10.000,4954.0000,17974,-2,174306960.000,2,0,2,双平,S,4954.2000,4950.0000,4949.0000,4948.6000,4947.2000,4955.0000,4959.0000,4960.2000,4960.6000,4960.8000,1,1,1,1,1,1,1,1,4,2
SF,IC2012,2020-05-29 09:33:10.500,4954.0000,17973,-1,175297760.000,1,0,1,双平,S,4950.0000,4949.0000,4948.6000,4947.2000,4946.0000,4953.8000,4954.8000,4955.0000,4959.0000,4960.2000,1,1,1,1,1,2,2,1,1,1
SF,IC2012,2020-05-29 09:33:11.000,4954.0000,17973,0,175297760.000,0,-,-,-,-,4951.8000,4951.4000,4950.2000,4950.0000,4949.0000,4953.6000,4953.8000,4954.8000,4955.0000,4955.4000,1,1,1,1,1,1,2,1,1,1
SF,IC2012,2020-05-29 09:33:11.500,4954.0000,17973,0,175297760.000,0,-,-,-,-,4952.0000,4951.4000,4950.0000,4949.0000,4948.6000,4953.8000,4954.8000,4955.0000,4955.4000,4959.0000,1,1,1,1,1,2,1,1,1,1
SF,IC2012,2020-05-29 09:33:12.000,4954.0000,17973,0,175297760.000,0,-,-,-,-,4952.0000,4950.0000,4949.0000,4948.6000,4947.2000,4953.8000,4954.8000,4955.0000,4955.4000,4959.0000,1,1,1,1,1,2,1,1,1,1
SF,IC2012,2020-05-29 09:33:12.500,4954.0000,17973,0,175297760.000,0,-,-,-,-,4952.4000,4952.2000,4952.0000,4950.0000,4949.0000,4953.8000,4954.8000,4955.0000,4955.4000,4959.0000,1,1,1,1,1,2,1,1,1,1
SF,IC2012,2020-05-29 09:33:13.000,4954.0000,17973,0,175297760.000,0,-,-,-,-,4953.0000,4952.8000,4952.6000,4950.0000,4949.0000,4953.8000,4954.8000,4955.0000,4955.4000,4959.0000,1,1,1,1,1,2,1,1,1,1
SF,IC2012,2020-05-29 09:33:13.500,4954.0000,17973,0,175297760.000,0,-,-,-,-,4952.8000,4952.6000,4950.0000,4949.0000,4948.6000,4953.8000,4954.8000,4955.0000,4955.4000,4959.0000,1,1,1,1,1,2,1,1,1,1
SF,IC2012,2020-05-29 09:33:14.000,4954.0000,17973,0,176288560.000,1,0,1,多换,S,4952.8000,4952.6000,4950.2000,4950.0000,4949.0000,4953.8000,4954.8000,4955.0000,4955.4000,4956.8000,1,1,1,1,1,1,1,1,1,1
SF,IC2012,2020-05-29 09:33:16.500,4954.0000,17973,0,176288560.000,0,-,-,-,-,4953.0000,4952.6000,4950.2000,4950.0000,4949.0000,4953.8000,4954.8000,4955.0000,4955.4000,4956.8000,1,1,1,1,1,1,1,1,1,1
SF,IC2012,2020-05-29 09:33:17.000,4953.0000,17972,-1,177279160.000,1,0,1,双平,S,4950.2000,4950.0000,4949.0000,4948.6000,4947.2000,4953.6000,4953.8000,4955.0000,4955.4000,4956.8000,1,1,1,1,1,1,2,1,1,1
SF,IC2012,2020-05-29 09:33:17.500,4953.0000,17972,0,177279160.000,0,-,-,-,-,4950.6000,4950.2000,4950.0000,4949.0000,4948.6000,4953.4000,4953.8000,4955.0000,4955.4000,4959.0000,1,1,1,1,1,1,2,1,1,1
SF,IC2012,2020-05-29 09:33:18.000,4953.0000,17972,0,177279160.000,0,-,-,-,-,4950.8000,4950.6000,4950.2000,4950.0000,4949.0000,4953.2000,4953.4000,4953.8000,4955.0000,4955.4000,1,1,1,1,1,1,1,2,1,1
SF,IC2012,2020-05-29 09:33:18.500,4953.0000,17972,0,177279160.000,0,-,-,-,-,4950.8000,4950.6000,4950.2000,4950.0000,4949.0000,4953.2000,4953.4000,4953.8000,4955.0000,4955.4000,1,1,1,1,1,1,1,2,1,1
SF,IC2012,2020-05-29 09:33:19.000,4953.0000,17972,0,177279160.000,0,-,-,-,-,4950.8000,4950.2000,4950.0000,4949.0000,4948.6000,4953.2000,4953.4000,4953.8000,4955.0000,4955.4000,1,1,1,1,1,1,1,2,1,1
SF,IC2012,2020-05-29 09:33:19.500,4953.4000,17970,-2,179260480.000,2,0,2,双平,S,4952.0000,4951.2000,4950.8000,4950.2000,4950.0000,4953.8000,4955.0000,4955.4000,4959.0000,4960.2000,1,2,1,1,1,2,1,1,1,1
SF,IC2012,2020-05-29 09:33:20.000,4953.4000,17970,0,179260480.000,0,-,-,-,-,4952.2000,4951.2000,4950.2000,4950.0000,4949.0000,4953.8000,4955.0000,4955.4000,4959.0000,4960.2000,1,1,1,1,1,2,1,1,1,1
SF,IC2012,2020-05-29 09:33:20.500,4953.4000,17970,0,179260480.000,0,-,-,-,-,4952.4000,4952.2000,4950.2000,4950.0000,4949.0000,4953.8000,4955.0000,4955.4000,4959.0000,4960.2000,1,1,1,1,1,2,1,1,1,1
SF,IC2012,2020-05-29 09:33:21.000,4953.4000,17970,0,179260480.000,0,-,-,-,-,4953.4000,4953.0000,4952.6000,4950.2000,4950.0000,4953.8000,4955.0000,4955.4000,4959.0000,4960.2000,1,1,2,1,1,2,1,1,1,1
SF,IC2012,2020-05-29 09:33:21.500,4953.8000,17968,-2,181242000.000,2,0,2,双平,S,4953.0000,4952.6000,4950.2000,4950.0000,4949.0000,4955.0000,4955.4000,4957.0000,4959.0000,4960.2000,1,1,1,1,1,1,1,1,1,1
SF,IC2012,2020-05-29 09:33:22.000,4953.8000,17968,0,181242000.000,0,-,-,-,-,4953.4000,4953.2000,4953.0000,4950.2000,4950.0000,4955.0000,4955.4000,4957.0000,4959.0000,4960.2000,1,1,1,1,1,1,1,1,1,1
SF,IC2012,2020-05-29 09:33:23.500,4953.8000,17968,0,181242000.000,0,-,-,-,-,4953.2000,4953.0000,4950.2000,4950.0000,4949.0000,4955.0000,4955.4000,4957.0000,4959.0000,4960.2000,1,1,1,1,1,1,1,1,1,1
SF,IC2012,2020-05-29 09:33:24.000,4953.8000,17968,0,181242000.000,0,-,-,-,-,4954.0000,4953.2000,4950.2000,4950.0000,4949.0000,4955.0000,4955.4000,4957.0000,4959.0000,4960.2000,1,1,1,1,1,1,1,1,1,1
SF,IC2012,2020-05-29 09:33:24.500,4953.8000,17968,0,181242000.000,0,-,-,-,-,4953.6000,4953.4000,4953.2000,4950.2000,4950.0000,4955.0000,4955.4000,4957.0000,4959.0000,4960.2000,1,1,1,1,1,1,1,1,1,1
SF,IC2012,2020-05-29 09:33:25.000,4954.0000,17967,-1,182232800.000,1,0,1,双平,S,4953.6000,4953.4000,4953.2000,4950.2000,4950.0000,4955.0000,4955.4000,4957.0000,4959.0000,4960.2000,1,1,1,1,1,1,1,1,1,1
SF,IC2012,2020-05-29 09:33:26.000,4954.0000,17967,0,182232800.000,0,-,-,-,-,4953.6000,4953.2000,4950.2000,4950.0000,4949.0000,4955.0000,4955.4000,4957.0000,4959.0000,4960.2000,1,1,1,1,1,1,1,1,1,1
SF,IC2012,2020-05-29 09:33:26.500,4955.0000,17966,-1,183223800.000,1,0,1,双平,S,4954.0000,4953.8000,4950.2000,4950.0000,4949.0000,4955.4000,4957.0000,4959.0000,4960.2000,4960.6000,2,1,1,1,1,1,1,1,1,4
SF,IC2012,2020-05-29 09:33:27.000,4955.0000,17966,0,183223800.000,0,-,-,-,-,4954.2000,4954.0000,4950.2000,4950.0000,4949.0000,4955.4000,4957.0000,4959.0000,4960.2000,4960.6000,1,2,1,1,1,1,1,1,1,4
SF,IC2012,2020-05-29 09:33:27.500,4955.0000,17966,0,183223800.000,0,-,-,-,-,4954.4000,4954.2000,4954.0000,4950.0000,4949.0000,4955.4000,4957.0000,4959.0000,4960.2000,4960.6000,1,1,1,1,1,1,1,1,1,4
SF,IC2012,2020-05-29 09:33:28.000,4955.0000,17966,0,183223800.000,0,-,-,-,-,4954.4000,4954.2000,4954.0000,4950.0000,4949.0000,4957.0000,4959.0000,4960.2000,4960.6000,4960.8000,2,1,1,1,1,1,1,1,4,1
SF,IC2012,2020-05-29 09:33:28.500,4955.0000,17966,0,183223800.000,0,-,-,-,-,4954.6000,4954.4000,4950.0000,4949.0000,4948.6000,4956.8000,4957.0000,4958.2000,4959.0000,4960.2000,2,1,1,1,1,1,1,1,1,1
SF,IC2012,2020-05-29 09:33:29.000,4955.0000,17966,0,183223800.000,0,-,-,-,-,4954.6000,4954.4000,4950.0000,4949.0000,4948.6000,4956.8000,4957.0000,4958.2000,4959.0000,4960.2000,2,1,1,1,1,1,1,1,1,1
SF,IC2012,2020-05-29 09:33:30.500,4955.0000,17966,0,183223800.000,0,-,-,-,-,4954.6000,4954.4000,4950.0000,4949.0000,4948.6000,4956.8000,4957.0000,4958.2000,4959.0000,4960.2000,3,1,1,1,1,1,1,1,1,1
SF,IC2012,2020-05-29 09:33:31.000,4955.0000,17966,0,183223800.000,0,-,-,-,-,4955.2000,4954.6000,4954.4000,4950.0000,4949.0000,4957.0000,4958.2000,4959.0000,4960.2000,4960.6000,1,3,1,1,1,1,1,1,1,4
SF,IC2012,2020-05-29 09:33:31.500,4955.0000,17966,0,183223800.000,0,-,-,-,-,4955.6000,4955.4000,4954.6000,4954.4000,4950.0000,4958.2000,4959.0000,4960.6000,4960.8000,4964.6000,1,1,2,1,1,1,1,4,1,3
SF,IC2012,2020-05-29 09:33:32.000,4955.0000,17966,0,183223800.000,0,-,-,-,-,4955.8000,4955.6000,4955.4000,4954.6000,4954.4000,4958.0000,4958.2000,4959.0000,4960.2000,4960.8000,2,1,1,1,1,1,1,1,1,1
SF,IC2012,2020-05-29 09:33:32.500,4955.0000,17966,0,183223800.000,0,-,-,-,-,4955.8000,4955.6000,4955.4000,4955.2000,4954.6000,4958.0000,4958.2000,4959.0000,4960.2000,4960.8000,2,1,1,11,1,1,1,1,1,1
SF,IC2012,2020-05-29 09:33:33.000,4955.0000,17966,0,183223800.000,0,-,-,-,-,4955.8000,4955.6000,4955.4000,4955.2000,4954.6000,4958.0000,4958.2000,4959.0000,4960.2000,4960.8000,2,2,1,11,1,1,1,1,1,1
SF,IC2012,2020-05-29 09:33:35.500,4955.0000,17966,0,183223800.000,0,-,-,-,-,4956.0000,4955.8000,4955.6000,4955.4000,4955.2000,4958.0000,4958.2000,4959.0000,4960.2000,4960.8000,1,2,1,1,11,1,1,1,1,1
SF,IC2012,2020-05-29 09:33:36.000,4955.0000,17966,0,183223800.000,0,-,-,-,-,4956.2000,4956.0000,4955.2000,4954.6000,4954.4000,4958.0000,4958.2000,4959.0000,4960.2000,4960.8000,1,1,11,1,1,1,1,1,1,1
SF,IC2012,2020-05-29 09:33:37.000,4955.0000,17966,0,183223800.000,0,-,-,-,-,4956.2000,4956.0000,4955.2000,4954.6000,4954.4000,4957.6000,4958.0000,4958.2000,4959.0000,4960.2000,1,1,11,1,1,1,1,1,1,1
SF,IC2012,2020-05-29 09:33:37.500,4955.0000,17966,0,183223800.000,0,-,-,-,-,4956.2000,4956.0000,4955.2000,4954.6000,4954.4000,4957.6000,4958.0000,4958.2000,4959.0000,4960.8000,1,1,11,1,1,1,1,1,1,1
SF,IC2012,2020-05-29 09:33:38.000,4957.6000,17965,-1,184215320.000,1,0,1,双平,S,4957.6000,4956.2000,4955.2000,4954.6000,4954.4000,4958.0000,4958.2000,4959.0000,4960.8000,4964.6000,1,1,11,1,1,1,1,1,1,3
SF,IC2012,2020-05-29 09:33:38.500,4958.0000,17964,-1,185206920.000,1,0,1,双平,S,4958.2000,4958.0000,4957.6000,4956.6000,4956.2000,4959.0000,4960.0000,4960.8000,4964.6000,4964.8000,1,2,1,1,1,1,1,1,3,5
SF,IC2012,2020-05-29 09:33:39.000,4959.0000,17963,-1,186198720.000,1,0,1,双平,S,4958.2000,4958.0000,4957.6000,4956.2000,4955.8000,4960.0000,4964.6000,4964.8000,4979.8000,4980.0000,1,2,1,1,1,1,3,5,1,1
SF,IC2012,2020-05-29 09:33:39.500,4959.0000,17963,0,186198720.000,0,-,-,-,-,4959.2000,4958.4000,4958.2000,4958.0000,4957.6000,4960.0000,4964.6000,4970.6000,4979.8000,4980.0000,2,3,1,2,1,1,3,5,1,1
SF,IC2012,2020-05-29 09:33:40.000,4960.0000,17962,-1,187190720.000,1,0,1,双平,S,4959.4000,4959.2000,4958.4000,4958.2000,4958.0000,4964.6000,4970.6000,4979.8000,4980.0000,4982.8000,1,2,1,1,2,3,5,1,1,1
SF,IC2012,2020-05-29 09:33:40.500,4960.0000,17962,0,187190720.000,0,-,-,-,-,4959.6000,4959.4000,4959.2000,4958.2000,4958.0000,4962.0000,4963.8000,4964.4000,4964.6000,4964.8000,3,2,2,1,2,1,1,4,3,1
SF,IC2012,2020-05-29 09:33:41.000,4960.0000,17962,0,187190720.000,0,-,-,-,-,4959.6000,4959.4000,4959.2000,4958.2000,4958.0000,4961.8000,4964.4000,4964.6000,4964.8000,4970.6000,2,1,2,1,2,1,1,3,1,5
SF,IC2012,2020-05-29 09:33:41.500,4961.8000,17962,0,188183080.000,1,0,1,多换,S,4959.6000,4959.4000,4959.2000,4958.2000,4958.0000,4964.4000,4964.6000,4964.8000,4970.6000,4979.8000,2,1,2,1,2,1,3,1,5,1
SF,IC2012,2020-05-29 09:33:42.000,4961.8000,17962,0,188183080.000,0,-,-,-,-,4960.2000,4959.8000,4959.6000,4959.4000,4959.2000,4964.2000,4964.4000,4964.6000,4964.8000,4970.6000,1,1,2,1,2,1,1,3,1,5
SF,IC2012,2020-05-29 09:33:42.500,4961.8000,17962,0,188183080.000,0,-,-,-,-,4960.4000,4959.8000,4959.4000,4959.2000,4958.2000,4964.0000,4964.2000,4964.4000,4964.6000,4964.8000,2,1,1,2,1,1,1,1,3,1
SF,IC2012,2020-05-29 09:33:43.000,4961.8000,17962,0,188183080.000,0,-,-,-,-,4960.4000,4959.8000,4959.4000,4959.2000,4958.2000,4963.8000,4964.0000,4964.4000,4964.6000,4964.8000,2,1,1,2,1,1,1,1,3,1
SF,IC2012,2020-05-29 09:33:43.500,4961.8000,17962,0,188183080.000,0,-,-,-,-,4960.4000,4959.8000,4959.4000,4959.2000,4958.2000,4963.6000,4963.8000,4964.0000,4964.4000,4964.6000,2,1,1,2,1,1,1,1,1,3
SF,IC2012,2020-05-29 09:33:44.000,4961.8000,17962,0,188183080.000,0,-,-,-,-,4960.4000,4959.8000,4959.2000,4958.2000,4955.2000,4963.4000,4964.4000,4964.6000,4964.8000,4970.6000,2,1,2,1,11,1,1,3,1,5
SF,IC2012,2020-05-29 09:33:45.500,4961.8000,17962,0,188183080.000,0,-,-,-,-,4960.4000,4959.8000,4959.2000,4958.2000,4955.2000,4961.8000,4963.4000,4964.4000,4964.6000,4964.8000,2,1,2,1,11,1,1,1,3,1
SF,IC2012,2020-05-29 09:33:46.000,4961.8000,17962,0,189175440.000,1,0,1,多换,S,4960.8000,4960.4000,4959.2000,4958.2000,4955.2000,4963.4000,4964.4000,4964.6000,4964.8000,4970.6000,3,1,2,1,11,1,1,3,1,5
SF,IC2012,2020-05-29 09:33:46.500,4961.8000,17962,0,189175440.000,0,-,-,-,-,4961.0000,4959.2000,4955.2000,4954.6000,4953.2000,4962.0000,4963.4000,4964.4000,4964.6000,4964.8000,2,2,11,1,5,1,1,1,3,1
SF,IC2012,2020-05-29 09:33:47.000,4961.8000,17962,0,189175440.000,0,-,-,-,-,4961.0000,4959.2000,4955.2000,4954.6000,4953.2000,4962.0000,4963.4000,4964.4000,4964.6000,4964.8000,1,2,11,1,5,1,1,1,3,1
SF,IC2012,2020-05-29 09:33:47.500,4962.0000,17961,-1,190167840.000,1,0,1,双平,S,4962.0000,4961.2000,4961.0000,4959.2000,4955.2000,4963.4000,4964.4000,4964.6000,4964.8000,4970.6000,1,1,1,2,11,1,1,3,1,5
SF,IC2012,2020-05-29 09:33:48.000,4961.0000,17959,-2,192152440.000,2,0,2,双平,S,4955.2000,4954.6000,4953.2000,4951.6000,4950.4000,4963.4000,4964.4000,4964.6000,4964.8000,4970.6000,11,1,5,1,1,1,1,3,1,5
SF,IC2012,2020-05-29 09:33:48.500,4961.0000,17959,0,192152440.000,0,-,-,-,-,4958.8000,4958.4000,4955.6000,4955.4000,4955.2000,4963.2000,4963.4000,4964.4000,4964.6000,4964.8000,1,1,2,4,11,1,1,1,3,1
SF,IC2012,2020-05-29 09:33:49.000,4961.0000,17959,0,192152440.000,0,-,-,-,-,4959.0000,4958.8000,4958.4000,4955.6000,4955.4000,4963.0000,4963.2000,4964.4000,4964.6000,4964.8000,2,2,1,2,1,1,1,1,3,1
SF,IC2012,2020-05-29 09:33:50.000,4961.0000,17959,0,192152440.000,0,-,-,-,-,4959.4000,4959.0000,4958.8000,4955.6000,4955.4000,4963.0000,4963.2000,4964.4000,4964.6000,4964.8000,1,2,1,2,1,1,1,1,3,1
SF,IC2012,2020-05-29 09:33:50.500,4961.0000,17959,0,192152440.000,0,-,-,-,-,4959.6000,4959.4000,4955.6000,4955.4000,4955.2000,4963.0000,4963.2000,4964.4000,4964.6000,4964.8000,2,1,2,1,11,1,1,1,3,1
SF,IC2012,2020-05-29 09:33:51.000,4961.0000,17959,0,192152440.000,0,-,-,-,-,4959.6000,4955.6000,4955.4000,4955.2000,4953.2000,4963.0000,4963.2000,4964.4000,4964.6000,4964.8000,2,2,1,11,5,1,1,1,3,1
SF,IC2012,2020-05-29 09:33:52.500,4961.0000,17959,0,192152440.000,0,-,-,-,-,4959.6000,4955.6000,4955.4000,4955.2000,4953.2000,4962.8000,4963.0000,4963.2000,4964.4000,4964.6000,2,2,1,11,5,1,1,1,1,3
SF,IC2012,2020-05-29 09:33:53.000,4961.0000,17959,0,192152440.000,0,-,-,-,-,4959.6000,4955.6000,4955.4000,4955.2000,4953.2000,4962.6000,4963.0000,4963.2000,4964.4000,4964.6000,1,2,1,11,5,1,1,1,1,3
SF,IC2012,2020-05-29 09:33:53.500,4961.0000,17959,0,192152440.000,0,-,-,-,-,4962.0000,4959.6000,4955.6000,4955.4000,4955.2000,4962.6000,4963.0000,4963.2000,4964.4000,4964.6000,11,1,2,1,11,1,1,1,1,3
SF,IC2012,2020-05-29 09:33:54.000,4962.0000,17948,-11,203068840.000,11,0,11,双平,S,4959.6000,4955.6000,4955.4000,4955.2000,4953.2000,4962.4000,4963.0000,4964.4000,4964.6000,4964.8000,1,2,1,11,5,1,1,1,3,1
SF,IC2012,2020-05-29 09:33:54.500,4962.0000,17948,0,203068840.000,0,-,-,-,-,4959.6000,4955.6000,4955.4000,4955.2000,4953.2000,4962.2000,4962.4000,4963.0000,4964.4000,4964.6000,1,2,1,11,5,1,1,1,1,3
SF,IC2012,2020-05-29 09:33:55.000,4962.0000,17948,0,203068840.000,0,-,-,-,-,4960.2000,4959.6000,4955.6000,4955.4000,4955.2000,4962.2000,4962.4000,4963.0000,4964.4000,4964.6000,1,1,2,1,11,1,1,1,1,3
SF,IC2012,2020-05-29 09:33:55.500,4962.0000,17948,0,203068840.000,0,-,-,-,-,4960.4000,4960.2000,4955.6000,4955.4000,4955.2000,4962.2000,4962.4000,4963.0000,4964.4000,4964.6000,1,1,2,1,11,1,1,1,1,3
SF,IC2012,2020-05-29 09:33:56.000,4962.0000,17948,0,203068840.000,0,-,-,-,-,4960.4000,4955.6000,4955.4000,4955.2000,4953.2000,4962.2000,4962.4000,4963.0000,4964.4000,4964.6000,1,2,1,11,5,1,1,1,1,3
SF,IC2012,2020-05-29 09:33:56.500,4962.0000,17948,0,203068840.000,0,-,-,-,-,4960.4000,4955.6000,4955.4000,4955.2000,4953.2000,4962.2000,4962.4000,4963.0000,4964.4000,4964.6000,1,2,1,11,5,1,1,1,1,3
SF,IC2012,2020-05-29 09:33:57.500,4960.4000,17947,-1,204060920.000,1,0,1,双平,S,4955.6000,4955.4000,4953.2000,4951.6000,4950.4000,4962.2000,4962.4000,4963.0000,4964.4000,4964.6000,1,1,5,1,1,1,1,1,1,3
SF,IC2012,2020-05-29 09:33:58.000,4960.4000,17947,0,204060920.000,0,-,-,-,-,4957.0000,4955.8000,4955.6000,4955.4000,4953.2000,4962.0000,4962.2000,4962.4000,4963.0000,4964.4000,1,1,1,1,5,1,1,1,1,1
SF,IC2012,2020-05-29 09:33:58.500,4960.4000,17947,0,204060920.000,0,-,-,-,-,4957.2000,4957.0000,4955.6000,4955.4000,4953.2000,4961.8000,4962.0000,4962.4000,4963.0000,4964.4000,1,1,2,1,5,1,1,1,1,1
SF,IC2012,2020-05-29 09:33:59.500,4960.4000,17947,0,204060920.000,0,-,-,-,-,4957.2000,4957.0000,4955.6000,4955.4000,4953.2000,4961.4000,4961.8000,4962.0000,4962.4000,4963.0000,1,1,1,1,5,2,1,1,1,1
SF,IC2012,2020-05-29 09:34:00.000,4960.4000,17947,0,204060920.000,0,-,-,-,-,4957.2000,4955.6000,4955.4000,4953.2000,4951.6000,4961.2000,4961.4000,4962.4000,4963.0000,4964.4000,1,1,1,5,1,2,2,1,1,1
SF,IC2012,2020-05-29 09:34:00.500,4960.4000,17947,0,204060920.000,0,-,-,-,-,4957.2000,4955.6000,4955.4000,4953.2000,4951.6000,4961.2000,4961.4000,4962.4000,4963.0000,4964.4000,1,1,1,5,1,2,2,1,1,1
SF,IC2012,2020-05-29 09:34:01.000,4960.4000,17947,0,204060920.000,0,-,-,-,-,4957.4000,4957.2000,4955.4000,4953.2000,4951.6000,4960.8000,4961.0000,4961.2000,4962.4000,4963.0000,1,1,1,5,1,3,2,2,1,1
SF,IC2012,2020-05-29 09:34:01.500,4960.4000,17947,0,204060920.000,0,-,-,-,-,4957.4000,4955.4000,4951.6000,4950.4000,4950.0000,4960.6000,4960.8000,4961.2000,4962.4000,4963.0000,1,1,1,1,1,1,1,1,1,1
SF,IC2012,2020-05-29 09:34:02.000,4957.4000,17947,0,205052400.000,1,0,1,多换,S,4955.4000,4951.6000,4950.4000,4950.0000,4949.0000,4958.0000,4960.2000,4960.4000,4960.6000,4960.8000,1,1,1,1,1,1,1,1,4,3
SF,IC2012,2020-05-29 09:34:02.500,4957.4000,17947,0,205052400.000,0,-,-,-,-,4951.6000,4950.4000,4950.0000,4949.0000,4948.6000,4957.8000,4959.0000,4960.2000,4960.4000,4960.6000,1,1,1,1,1,2,1,2,1,4
SF,IC2012,2020-05-29 09:34:03.000,4957.4000,17947,0,205052400.000,0,-,-,-,-,4956.0000,4953.6000,4953.0000,4951.8000,4951.6000,4957.8000,4960.2000,4960.4000,4960.6000,4960.8000,2,1,1,1,1,2,1,1,4,2
SF,IC2012,2020-05-29 09:34:03.500,4956.0000,17946,-1,206043600.000,1,0,1,双平,S,4952.8000,4951.8000,4951.6000,4950.4000,4950.0000,4957.8000,4958.4000,4960.2000,4960.4000,4960.6000,1,1,1,1,1,2,1,1,1,4
SF,IC2012,2020-05-29 09:34:04.000,4956.0000,17946,0,206043600.000,0,-,-,-,-,4953.0000,4952.8000,4951.6000,4950.4000,4950.0000,4957.8000,4958.4000,4960.2000,4960.4000,4960.6000,1,1,1,1,1,2,1,1,1,4
SF,IC2012,2020-05-29 09:34:04.500,4956.0000,17946,0,206043600.000,0,-,-,-,-,4953.0000,4952.8000,4951.6000,4950.4000,4950.0000,4957.8000,4958.4000,4960.2000,4960.4000,4960.6000,1,1,1,1,1,2,1,1,1,4
SF,IC2012,2020-05-29 09:34:05.000,4956.0000,17946,0,206043600.000,0,-,-,-,-,4954.4000,4954.0000,4953.8000,4953.6000,4953.2000,4957.8000,4958.4000,4960.2000,4960.4000,4960.6000,1,1,1,1,1,2,1,1,1,4
SF,IC2012,2020-05-29 09:34:05.500,4956.0000,17946,0,206043600.000,0,-,-,-,-,4954.6000,4954.0000,4953.8000,4953.2000,4953.0000,4957.8000,4959.8000,4960.4000,4960.6000,4960.8000,1,1,1,1,1,1,1,1,4,2
SF,IC2012,2020-05-29 09:34:06.000,4956.0000,17946,0,206043600.000,0,-,-,-,-,4954.8000,4954.6000,4954.4000,4953.2000,4953.0000,4957.8000,4959.8000,4960.4000,4960.6000,4960.8000,1,1,1,1,1,1,1,1,4,2
SF,IC2012,2020-05-29 09:34:06.500,4956.0000,17946,0,206043600.000,0,-,-,-,-,4955.2000,4955.0000,4954.8000,4954.4000,4953.2000,4957.8000,4959.8000,4960.4000,4960.6000,4960.8000,2,1,1,1,1,1,1,1,4,2
SF,IC2012,2020-05-29 09:34:07.000,4956.0000,17946,0,206043600.000,0,-,-,-,-,4955.8000,4955.4000,4955.2000,4954.4000,4953.2000,4957.8000,4960.4000,4960.6000,4960.8000,4962.2000,1,2,1,1,1,1,1,4,2,1
SF,IC2012,2020-05-29 09:34:07.500,4956.0000,17946,0,206043600.000,0,-,-,-,-,4956.2000,4956.0000,4955.6000,4955.4000,4955.2000,4957.8000,4960.0000,4960.4000,4960.8000,4961.0000,1,1,1,1,1,2,1,1,1,1
SF,IC2012,2020-05-29 09:34:08.000,4956.0000,17946,0,206043600.000,0,-,-,-,-,4956.6000,4956.4000,4955.6000,4955.4000,4955.2000,4957.8000,4960.4000,4961.0000,4961.4000,4963.0000,1,1,2,1,1,1,1,1,1,1
SF,IC2012,2020-05-29 09:34:08.500,4957.8000,17945,-1,207035160.000,1,0,1,双平,S,4957.8000,4956.8000,4956.4000,4955.6000,4955.4000,4960.4000,4961.0000,4961.4000,4963.0000,4964.4000,1,1,1,2,1,1,1,1,1,1
SF,IC2012,2020-05-29 09:34:09.000,4957.8000,17945,0,207035160.000,0,-,-,-,-,4958.0000,4957.8000,4956.4000,4955.6000,4955.2000,4960.2000,4961.0000,4961.4000,4963.0000,4964.4000,1,1,1,2,1,2,1,1,1,1
SF,IC2012,2020-05-29 09:34:09.500,4958.0000,17944,-1,208026760.000,1,0,1,双平,S,4957.8000,4956.4000,4955.6000,4954.4000,4953.2000,4959.6000,4960.2000,4961.0000,4961.4000,4962.0000,1,1,2,1,1,1,2,1,1,1
SF,IC2012,2020-05-29 09:34:10.000,4958.0000,17944,0,208026760.000,0,-,-,-,-,4957.8000,4956.4000,4955.6000,4954.4000,4953.2000,4959.2000,4959.4000,4960.2000,4961.0000,4961.4000,1,1,2,1,1,1,1,1,1,1
SF,IC2012,2020-05-29 09:34:10.500,4957.8000,17943,-1,209018320.000,1,0,1,双平,S,4956.4000,4955.6000,4954.4000,4953.2000,4953.0000,4958.8000,4959.0000,4960.2000,4961.0000,4961.4000,1,1,1,1,1,1,1,1,1,1
SF,IC2012,2020-05-29 09:34:11.000,4957.8000,17943,0,209018320.000,0,-,-,-,-,4956.4000,4955.6000,4954.4000,4953.2000,4953.0000,4957.6000,4958.6000,4959.0000,4959.8000,4961.0000,1,1,1,1,1,1,1,1,1,1
SF,IC2012,2020-05-29 09:34:11.500,4957.8000,17943,0,209018320.000,0,-,-,-,-,4956.4000,4954.4000,4953.2000,4953.0000,4951.8000,4957.6000,4958.6000,4959.0000,4959.8000,4961.0000,1,1,1,1,1,1,1,1,1,1
SF,IC2012,2020-05-29 09:34:12.000,4957.6000,17943,0,210009840.000,1,0,1,多换,S,4956.6000,4956.4000,4954.4000,4953.2000,4953.0000,4958.6000,4959.0000,4959.8000,4961.0000,4962.0000,1,1,1,1,1,1,1,1,1,1
SF,IC2012,2020-05-29 09:34:12.500,4957.6000,17943,0,210009840.000,0,-,-,-,-,4957.0000,4956.8000,4954.4000,4953.2000,4953.0000,4958.6000,4961.0000,4961.4000,4962.0000,4963.0000,1,1,1,1,1,1,1,1,1,1
SF,IC2012,2020-05-29 09:34:13.000,4957.6000,17943,0,210009840.000,0,-,-,-,-,4958.6000,4957.4000,4957.2000,4954.4000,4953.2000,4961.0000,4961.4000,4962.0000,4963.0000,4964.4000,1,1,1,1,1,1,1,1,1,1
SF,IC2012,2020-05-29 09:34:13.500,4957.6000,17943,0,210009840.000,0,-,-,-,-,4958.6000,4957.2000,4954.4000,4953.2000,4953.0000,4960.6000,4960.8000,4961.0000,4962.0000,4963.0000,1,1,1,1,1,1,2,1,1,1
SF,IC2012,2020-05-29 09:34:14.000,4957.6000,17943,0,210009840.000,0,-,-,-,-,4958.6000,4957.2000,4954.4000,4953.2000,4953.0000,4960.4000,4960.6000,4961.0000,4962.0000,4963.0000,1,1,1,1,1,2,1,1,1,1
SF,IC2012,2020-05-29 09:34:14.500,4957.6000,17943,0,210009840.000,0,-,-,-,-,4959.0000,4958.8000,4958.6000,4958.4000,4957.8000,4960.4000,4961.0000,4962.0000,4963.0000,4964.4000,1,2,1,1,11,1,1,1,1,1
SF,IC2012,2020-05-29 09:34:15.000,4957.6000,17943,0,210009840.000,0,-,-,-,-,4959.4000,4959.2000,4958.6000,4957.8000,4953.2000,4961.0000,4962.0000,4963.0000,4964.4000,4964.6000,1,1,1,11,1,1,1,1,1,3
SF,IC2012,2020-05-29 09:34:15.500,4957.6000,17943,0,210009840.000,0,-,-,-,-,4959.6000,4959.4000,4958.6000,4957.8000,4953.2000,4961.0000,4962.0000,4963.0000,4964.4000,4964.6000,1,1,1,11,1,1,1,1,1,3
SF,IC2012,2020-05-29 09:34:16.000,4957.6000,17943,0,210009840.000,0,-,-,-,-,4959.6000,4959.4000,4958.6000,4957.8000,4953.2000,4961.0000,4962.0000,4963.0000,4964.4000,4964.6000,2,1,1,11,1,1,1,1,1,3
SF,IC2012,2020-05-29 09:34:16.500,4957.6000,17943,0,210009840.000,0,-,-,-,-,4959.6000,4959.4000,4958.6000,4957.8000,4953.2000,4961.0000,4962.0000,4963.0000,4964.4000,4964.6000,1,1,1,11,1,1,1,1,1,3
SF,IC2012,2020-05-29 09:34:17.000,4961.0000,17942,-1,211002040.000,1,0,1,双平,S,4961.6000,4961.4000,4960.4000,4960.0000,4959.8000,4962.0000,4963.0000,4964.6000,4970.6000,4979.8000,2,2,1,1,1,1,1,1,5,1
SF,IC2012,2020-05-29 09:34:17.500,4962.0000,17941,-1,211994440.000,1,0,1,双平,S,4962.0000,4961.6000,4961.4000,4961.0000,4959.8000,4963.0000,4964.6000,4970.6000,4979.8000,4980.0000,1,2,2,1,1,1,1,5,1,1
SF,IC2012,2020-05-29 09:34:18.000,4963.0000,17940,-1,212987040.000,1,0,1,双平,S,4963.0000,4962.0000,4961.6000,4961.4000,4959.8000,4964.6000,4970.6000,4979.8000,4980.0000,4982.8000,1,1,2,2,1,1,5,1,1,1
SF,IC2012,2020-05-29 09:34:18.500,4963.0000,17940,0,212987040.000,0,-,-,-,-,4963.0000,4962.2000,4962.0000,4961.6000,4961.4000,4964.4000,4970.6000,4979.8000,4980.0000,4982.8000,1,1,1,2,2,1,5,1,1,1
SF,IC2012,2020-05-29 09:34:19.000,4963.0000,17940,0,212987040.000,0,-,-,-,-,4962.0000,4961.6000,4961.4000,4959.8000,4957.8000,4964.2000,4964.4000,4970.6000,4979.8000,4980.0000,1,2,2,1,11,1,1,5,1,1
SF,IC2012,2020-05-29 09:34:19.500,4963.0000,17940,0,212987040.000,0,-,-,-,-,4962.2000,4962.0000,4961.6000,4961.4000,4959.8000,4964.0000,4964.2000,4964.4000,4970.6000,4979.8000,1,1,2,2,1,1,1,1,5,1
SF,IC2012,2020-05-29 09:34:20.000,4963.0000,17940,0,212987040.000,0,-,-,-,-,4962.2000,4962.0000,4961.6000,4961.4000,4959.8000,4964.0000,4964.2000,4964.4000,4970.6000,4979.8000,1,1,2,2,1,1,1,1,5,1
SF,IC2012,2020-05-29 09:34:20.500,4963.0000,17940,0,212987040.000,0,-,-,-,-,4962.2000,4962.0000,4961.6000,4961.4000,4959.8000,4964.0000,4964.2000,4964.4000,4970.6000,4979.8000,1,1,2,2,1,1,1,1,5,1
SF,IC2012,2020-05-29 09:34:23.000,4964.0000,17939,-1,213979840.000,1,0,1,双平,S,4962.6000,4962.2000,4962.0000,4961.6000,4961.4000,4964.4000,4976.4000,4979.8000,4980.0000,4982.8000,1,1,1,2,2,1,5,1,1,1
SF,IC2012,2020-05-29 09:34:23.500,4964.4000,17938,-1,214972720.000,1,0,1,双平,S,4963.0000,4962.0000,4961.6000,4961.4000,4953.2000,4976.4000,4979.8000,4980.0000,4982.8000,4989.0000,1,1,2,2,5,5,1,1,1,1
SF,IC2012,2020-05-29 09:34:24.000,4964.4000,17938,0,214972720.000,0,-,-,-,-,4963.2000,4963.0000,4962.0000,4961.6000,4961.4000,4967.8000,4968.6000,4969.6000,4970.6000,4971.2000,2,1,1,2,2,1,1,1,1,2
SF,IC2012,2020-05-29 09:34:24.500,4964.4000,17938,0,214972720.000,0,-,-,-,-,4964.6000,4963.2000,4963.0000,4962.0000,4961.6000,4967.6000,4969.6000,4970.6000,4971.2000,4972.0000,1,4,1,1,2,2,1,1,2,1
SF,IC2012,2020-05-29 09:34:25.000,4964.4000,17938,0,214972720.000,0,-,-,-,-,4964.8000,4964.6000,4963.2000,4963.0000,4953.2000,4967.6000,4969.6000,4970.6000,4971.2000,4972.0000,1,1,3,1,5,2,1,1,2,1
SF,IC2012,2020-05-29 09:34:25.500,4964.4000,17938,0,214972720.000,0,-,-,-,-,4964.8000,4964.6000,4963.2000,4963.0000,4953.2000,4967.6000,4970.6000,4971.2000,4972.0000,4972.8000,1,1,3,1,5,2,1,2,1,1
SF,IC2012,2020-05-29 09:34:26.000,4964.4000,17938,0,214972720.000,0,-,-,-,-,4965.4000,4964.8000,4964.6000,4963.2000,4963.0000,4967.6000,4970.6000,4971.2000,4975.6000,4976.0000,1,1,1,3,1,1,1,1,1,7
SF,IC2012,2020-05-29 09:34:26.500,4967.6000,17938,0,215966240.000,1,0,1,多换,S,4965.6000,4965.4000,4965.0000,4963.2000,4953.2000,4970.6000,4971.2000,4975.6000,4976.0000,4976.2000,2,1,1,3,5,1,1,1,7,3
SF,IC2012,2020-05-29 09:34:27.000,4967.6000,17938,0,215966240.000,0,-,-,-,-,4966.2000,4965.8000,4965.6000,4963.2000,4953.2000,4970.4000,4970.6000,4971.2000,4975.6000,4976.0000,1,2,1,2,5,2,1,1,1,7
SF,IC2012,2020-05-29 09:34:27.500,4967.6000,17938,0,215966240.000,0,-,-,-,-,4967.6000,4966.4000,4966.2000,4965.8000,4963.2000,4970.4000,4975.6000,4976.2000,4976.4000,4979.8000,11,2,1,1,2,1,1,3,5,1
SF,IC2012,2020-05-29 09:34:28.000,4967.6000,17938,0,215966240.000,0,-,-,-,-,4967.8000,4967.6000,4966.2000,4965.8000,4963.2000,4970.4000,4975.6000,4976.2000,4979.8000,4980.0000,2,11,1,1,2,1,1,3,1,1
SF,IC2012,2020-05-29 09:34:28.500,4967.8000,17937,-1,216959800.000,1,0,1,双平,S,4967.8000,4967.6000,4965.8000,4963.2000,4953.2000,4969.8000,4970.4000,4975.6000,4976.2000,4979.8000,1,11,1,2,5,1,1,1,3,1
SF,IC2012,2020-05-29 09:34:29.000,4967.8000,17937,0,217953360.000,1,0,1,多换,S,4967.6000,4965.8000,4963.2000,4953.2000,4951.8000,4969.4000,4969.6000,4970.2000,4970.6000,4975.6000,11,1,2,5,1,1,1,2,1,1
SF,IC2012,2020-05-29 09:34:29.500,4967.6000,17935,-2,219940400.000,2,0,2,双平,S,4967.6000,4963.2000,4953.2000,4951.8000,4951.2000,4969.0000,4969.2000,4970.2000,4970.6000,4975.6000,9,2,5,1,1,1,1,2,1,1
SF,IC2012,2020-05-29 09:34:30.000,4967.6000,17927,-8,227888560.000,8,0,8,双平,S,4967.6000,4963.2000,4953.2000,4951.8000,4951.2000,4968.6000,4970.2000,4970.4000,4970.6000,4972.0000,1,2,5,1,1,1,2,1,1,1
SF,IC2012,2020-05-29 09:34:30.500,4967.6000,17927,0,228882080.000,1,0,1,多换,S,4963.2000,4953.2000,4951.8000,4951.2000,4950.4000,4968.4000,4970.2000,4970.4000,4970.6000,4972.0000,2,5,1,1,1,1,2,1,1,1
SF,IC2012,2020-05-29 09:34:31.000,4967.6000,17927,0,228882080.000,0,-,-,-,-,4963.8000,4963.4000,4963.2000,4953.2000,4951.8000,4968.2000,4970.2000,4970.4000,4970.6000,4972.0000,1,2,2,5,1,3,1,1,2,1
SF,IC2012,2020-05-29 09:34:31.500,4967.6000,17927,0,228882080.000,0,-,-,-,-,4964.0000,4963.8000,4963.4000,4963.2000,4953.2000,4968.2000,4970.2000,4970.4000,4970.6000,4972.0000,1,1,1,2,5,3,1,1,2,1
SF,IC2012,2020-05-29 09:34:32.000,4967.6000,17927,0,228882080.000,0,-,-,-,-,4964.2000,4964.0000,4963.2000,4953.2000,4951.8000,4968.2000,4970.2000,4970.4000,4970.6000,4972.0000,2,1,2,5,1,3,1,1,2,1
SF,IC2012,2020-05-29 09:34:32.500,4967.6000,17927,0,228882080.000,0,-,-,-,-,4964.4000,4964.2000,4963.2000,4953.2000,4951.8000,4968.2000,4970.2000,4970.4000,4970.6000,4972.0000,1,2,2,5,1,4,1,1,2,1
SF,IC2012,2020-05-29 09:34:33.000,4967.6000,17927,0,228882080.000,0,-,-,-,-,4964.6000,4964.4000,4964.2000,4953.2000,4951.8000,4968.2000,4970.2000,4970.4000,4970.6000,4972.0000,1,1,1,5,1,4,1,1,2,1
SF,IC2012,2020-05-29 09:34:33.500,4964.8000,17926,-1,229875040.000,1,0,1,双平,S,4964.6000,4964.2000,4953.2000,4951.8000,4951.2000,4968.2000,4970.2000,4970.4000,4970.6000,4972.0000,1,1,5,1,1,4,1,1,2,1
SF,IC2012,2020-05-29 09:34:34.000,4964.8000,17926,0,229875040.000,0,-,-,-,-,4964.8000,4964.6000,4964.2000,4953.2000,4951.8000,4968.2000,4970.2000,4970.4000,4970.6000,4972.0000,1,1,1,5,1,4,1,1,1,1
SF,IC2012,2020-05-29 09:34:34.500,4964.8000,17926,0,229875040.000,0,-,-,-,-,4965.0000,4964.8000,4964.6000,4964.2000,4953.2000,4968.2000,4970.2000,4970.4000,4970.6000,4972.0000,1,1,1,1,5,4,1,1,1,1
SF,IC2012,2020-05-29 09:34:35.000,4968.2000,17925,-1,230868680.000,1,0,1,双平,S,4965.2000,4965.0000,4964.6000,4964.2000,4953.2000,4968.2000,4970.2000,4970.4000,4970.6000,4972.0000,1,1,1,1,5,2,1,1,1,1
SF,IC2012,2020-05-29 09:34:35.500,4968.2000,17925,0,230868680.000,0,-,-,-,-,4965.2000,4965.0000,4964.6000,4953.2000,4951.8000,4968.0000,4968.2000,4970.2000,4970.4000,4970.6000,1,1,1,5,1,1,2,1,1,1
SF,IC2012,2020-05-29 09:34:36.000,4968.2000,17925,0,230868680.000,0,-,-,-,-,4965.4000,4965.2000,4964.6000,4953.2000,4951.8000,4967.8000,4968.0000,4968.2000,4970.2000,4970.4000,1,1,1,5,1,1,1,1,1,1
SF,IC2012,2020-05-29 09:34:36.500,4968.2000,17925,0,230868680.000,0,-,-,-,-,4965.6000,4965.4000,4953.2000,4951.8000,4951.2000,4967.6000,4967.8000,4968.2000,4970.2000,4970.4000,1,1,5,1,1,1,1,1,1,1
SF,IC2012,2020-05-29 09:34:37.000,4968.2000,17925,0,230868680.000,0,-,-,-,-,4965.6000,4953.2000,4951.8000,4951.2000,4950.4000,4967.6000,4967.8000,4968.2000,4970.4000,4970.6000,1,5,1,1,1,1,1,1,1,1
SF,IC2012,2020-05-29 09:34:37.500,4968.2000,17925,0,230868680.000,0,-,-,-,-,4966.0000,4965.6000,4953.2000,4951.8000,4951.2000,4967.8000,4968.2000,4970.4000,4970.6000,4972.0000,1,1,5,1,1,1,1,1,1,1
SF,IC2012,2020-05-29 09:34:38.000,4968.2000,17925,0,230868680.000,0,-,-,-,-,4966.4000,4966.2000,4953.2000,4951.8000,4951.2000,4968.2000,4970.4000,4970.6000,4972.0000,4975.2000,1,1,5,1,1,1,1,1,1,1
SF,IC2012,2020-05-29 09:34:38.500,4968.2000,17925,0,230868680.000,0,-,-,-,-,4966.8000,4966.6000,4966.4000,4953.2000,4951.8000,4968.2000,4970.4000,4970.6000,4972.0000,4975.2000,1,1,1,5,1,1,1,1,1,1
SF,IC2012,2020-05-29 09:34:39.000,4968.2000,17924,-1,231862320.000,1,0,1,双平,S,4967.0000,4966.8000,4953.2000,4951.8000,4951.2000,4970.4000,4972.0000,4975.2000,4975.6000,4976.2000,1,2,5,1,1,1,1,1,1,2
SF,IC2012,2020-05-29 09:34:39.500,4968.2000,17924,0,231862320.000,0,-,-,-,-,4967.0000,4966.8000,4953.2000,4951.8000,4951.2000,4970.2000,4970.4000,4972.0000,4975.2000,4975.6000,1,1,5,1,1,2,1,1,1,1
SF,IC2012,2020-05-29 09:34:40.000,4968.2000,17924,0,231862320.000,0,-,-,-,-,4967.0000,4966.8000,4953.2000,4951.8000,4951.2000,4970.2000,4970.4000,4972.0000,4975.2000,4975.6000,1,1,5,1,1,2,1,1,1,1
SF,IC2012,2020-05-29 09:34:40.500,4968.2000,17924,0,231862320.000,0,-,-,-,-,4967.0000,4953.2000,4951.8000,4951.2000,4950.4000,4970.2000,4970.4000,4972.0000,4975.2000,4975.6000,1,5,1,1,1,2,1,1,1,1
SF,IC2012,2020-05-29 09:34:41.000,4968.2000,17924,0,231862320.000,0,-,-,-,-,4953.2000,4951.8000,4951.2000,4950.4000,4950.0000,4970.0000,4970.2000,4970.4000,4972.0000,4975.2000,5,1,1,1,2,1,2,1,1,1
SF,IC2012,2020-05-29 09:34:41.500,4968.2000,17924,0,231862320.000,0,-,-,-,-,4965.2000,4964.8000,4963.2000,4962.8000,4961.8000,4969.8000,4970.4000,4972.0000,4975.2000,4975.6000,1,1,2,1,1,3,1,1,1,1
SF,IC2012,2020-05-29 09:34:42.000,4968.2000,17924,0,231862320.000,0,-,-,-,-,4965.4000,4965.2000,4963.2000,4960.8000,4959.0000,4969.8000,4970.4000,4972.0000,4975.2000,4975.6000,1,1,2,3,1,3,1,1,1,1
SF,IC2012,2020-05-29 09:34:42.500,4968.2000,17924,0,231862320.000,0,-,-,-,-,4965.6000,4965.4000,4963.2000,4960.8000,4953.4000,4969.8000,4970.4000,4972.0000,4975.2000,4975.6000,1,1,2,3,2,3,1,1,1,1
SF,IC2012,2020-05-29 09:34:43.000,4968.2000,17924,0,231862320.000,0,-,-,-,-,4965.8000,4965.6000,4963.2000,4960.8000,4953.4000,4969.8000,4970.4000,4972.0000,4975.2000,4975.6000,2,1,2,3,2,3,1,1,1,1
SF,IC2012,2020-05-29 09:34:43.500,4968.2000,17924,0,231862320.000,0,-,-,-,-,4966.0000,4965.8000,4963.2000,4960.8000,4953.4000,4969.8000,4970.4000,4972.0000,4975.2000,4975.6000,1,2,2,3,2,3,1,1,1,1
SF,IC2012,2020-05-29 09:34:44.000,4968.2000,17924,0,231862320.000,0,-,-,-,-,4966.2000,4966.0000,4965.8000,4963.2000,4960.8000,4969.8000,4970.4000,4972.0000,4975.2000,4975.6000,1,1,1,2,3,3,1,1,1,1
SF,IC2012,2020-05-29 09:34:44.500,4968.2000,17924,0,231862320.000,0,-,-,-,-,4966.4000,4966.2000,4963.2000,4960.8000,4956.6000,4969.8000,4970.4000,4972.0000,4975.2000,4975.6000,1,1,2,3,3,3,1,1,1,1
SF,IC2012,2020-05-29 09:34:45.000,4968.2000,17924,0,231862320.000,0,-,-,-,-,4966.6000,4966.4000,4963.2000,4960.8000,4956.6000,4969.8000,4970.4000,4972.0000,4975.2000,4975.6000,1,1,2,3,3,3,1,1,1,1
SF,IC2012,2020-05-29 09:34:45.500,4968.2000,17924,0,231862320.000,0,-,-,-,-,4966.6000,4966.4000,4963.2000,4960.8000,4956.6000,4969.8000,4970.4000,4970.8000,4972.0000,4975.2000,1,1,2,3,3,2,1,1,1,1
SF,IC2012,2020-05-29 09:34:48.500,4968.2000,17924,0,231862320.000,0,-,-,-,-,4966.6000,4966.4000,4963.2000,4962.2000,4960.8000,4969.6000,4969.8000,4970.4000,4970.8000,4972.0000,1,1,2,1,3,1,3,1,1,1
