市场代码,合约代码,时间,最新,持仓,增仓,成交额,成交量,开仓,平仓,成交类型,方向,买一价,买二价,买三价,买四价,买五价,卖一价,卖二价,卖三价,卖四价,卖五价,买一量,买二量,买三量,买四量,买五量,卖一量,卖二量,卖三量,卖四量,卖五量
SF,IC2002,2019-12-30 09:29:00.200,5134.8000,2500,0,1026960.000,1.000,-,-,-,-,5121.8000,5111.4000,5103.2000,5100.0000,5098.0000,5135.0000,5142.6000,5143.8000,5153.2000,5158.0000,1,1,1,2,1,1,3,1,1,1
SF,IC2002,2019-12-30 09:30:00.200,5128.2000,2499,-1,2052600.000,1,0,1,双平,S,5127.2000,5126.0000,5125.0000,5123.8000,5122.2000,5133.2000,5134.0000,5134.8000,5135.0000,5142.6000,1,1,2,1,1,1,1,1,2,3
SF,IC2002,2019-12-30 09:30:00.700,5131.8000,2498,-1,3078960.000,1,0,1,双平,S,5129.4000,5128.8000,5127.6000,5127.4000,5127.2000,5132.8000,5134.6000,5135.0000,5143.8000,5158.0000,1,1,1,1,1,1,1,2,1,1
SF,IC2002,2019-12-30 09:30:01.200,5131.8000,2498,0,3078960.000,0,-,-,-,-,5129.6000,5129.4000,5128.8000,5127.6000,5127.4000,5132.6000,5132.8000,5134.6000,5135.0000,5143.8000,1,1,1,1,4,1,2,1,2,1
SF,IC2002,2019-12-30 09:30:01.700,5131.8000,2498,0,3078960.000,0,-,-,-,-,5127.6000,5125.0000,5122.2000,5115.0000,5111.4000,5132.2000,5132.4000,5132.8000,5135.0000,5143.8000,1,2,1,1,1,2,1,2,1,1
SF,IC2002,2019-12-30 09:30:02.200,5131.8000,2498,0,3078960.000,0,-,-,-,-,5115.0000,5111.4000,5100.0000,5045.0000,5036.6000,5127.6000,5128.6000,5129.6000,5130.0000,5130.4000,1,1,2,1,3,1,1,1,1,1
SF,IC2002,2019-12-30 09:30:02.700,5131.8000,2498,0,3078960.000,0,-,-,-,-,5123.2000,5122.6000,5120.4000,5120.0000,5117.4000,5127.2000,5127.4000,5127.6000,5128.6000,5129.4000,1,1,1,1,1,1,1,1,1,1
SF,IC2002,2019-12-30 09:30:03.200,5131.8000,2498,0,3078960.000,0,-,-,-,-,5123.6000,5123.2000,5122.6000,5121.6000,5120.4000,5126.8000,5127.0000,5127.2000,5127.6000,5128.6000,1,1,1,1,1,1,1,1,1,1
SF,IC2002,2019-12-30 09:30:03.700,5123.2000,2497,-1,4103600.000,1,0,1,双平,S,5122.6000,5120.4000,5120.0000,5116.8000,5115.4000,5123.2000,5124.6000,5126.4000,5126.6000,5126.8000,1,1,1,1,2,1,1,1,1,1
SF,IC2002,2019-12-30 09:30:04.200,5122.6000,2496,-1,5128120.000,1,0,1,双平,S,5116.8000,5115.4000,5115.2000,5115.0000,5111.4000,5123.2000,5126.4000,5126.6000,5126.8000,5127.2000,1,2,4,1,1,1,1,1,1,1
SF,IC2002,2019-12-30 09:30:04.700,5122.6000,2496,0,5128120.000,0,-,-,-,-,5119.2000,5117.2000,5117.0000,5116.8000,5115.4000,5126.4000,5126.6000,5126.8000,5127.2000,5127.6000,1,2,4,1,2,1,1,1,1,1
SF,IC2002,2019-12-30 09:30:05.200,5122.8000,2496,0,6152680.000,1,0,1,多换,S,5119.4000,5119.2000,5117.2000,5117.0000,5116.8000,5122.8000,5125.0000,5126.0000,5126.2000,5126.4000,1,1,2,3,1,1,2,2,1,1
SF,IC2002,2019-12-30 09:30:05.700,5122.8000,2496,0,6152680.000,0,-,-,-,-,5119.4000,5117.2000,5117.0000,5116.8000,5115.2000,5122.6000,5126.0000,5126.4000,5126.6000,5126.8000,1,2,3,1,3,1,2,1,1,1
SF,IC2002,2019-12-30 09:30:06.200,5122.8000,2496,0,6152680.000,0,-,-,-,-,5119.4000,5117.2000,5117.0000,5116.8000,5115.2000,5122.6000,5126.0000,5126.4000,5126.6000,5126.8000,1,2,3,1,3,1,2,1,1,1
SF,IC2002,2019-12-30 09:30:06.700,5122.8000,2496,0,6152680.000,0,-,-,-,-,5119.4000,5117.2000,5116.8000,5115.2000,5115.0000,5122.6000,5126.0000,5126.4000,5126.6000,5126.8000,1,1,1,3,1,1,2,1,1,1
SF,IC2002,2019-12-30 09:30:07.200,5122.8000,2496,0,6152680.000,0,-,-,-,-,5117.2000,5116.8000,5115.2000,5115.0000,5111.4000,5122.0000,5122.2000,5122.6000,5126.0000,5126.4000,1,1,3,1,1,1,2,1,2,1
SF,IC2002,2019-12-30 09:30:07.700,5122.8000,2496,0,6152680.000,0,-,-,-,-,5117.4000,5117.2000,5116.8000,5115.2000,5115.0000,5121.8000,5122.0000,5122.2000,5126.0000,5126.8000,1,1,1,3,1,2,1,2,2,1
SF,IC2002,2019-12-30 09:30:08.200,5122.8000,2496,0,6152680.000,0,-,-,-,-,5117.8000,5117.4000,5117.2000,5116.8000,5115.2000,5121.4000,5121.6000,5121.8000,5122.2000,5126.0000,1,1,1,1,3,1,1,2,2,2
SF,IC2002,2019-12-30 09:30:08.700,5122.8000,2496,0,7177240.000,1,0,1,多换,S,5117.8000,5117.2000,5116.8000,5115.2000,5115.0000,5121.4000,5121.6000,5121.8000,5122.2000,5123.4000,1,1,1,3,1,1,1,1,2,1
SF,IC2002,2019-12-30 09:30:09.200,5122.8000,2496,0,7177240.000,0,-,-,-,-,5117.8000,5117.2000,5115.2000,5115.0000,5111.4000,5121.0000,5121.2000,5121.4000,5121.6000,5121.8000,1,1,3,1,1,1,1,1,1,1
SF,IC2002,2019-12-30 09:30:09.700,5121.4000,2495,-1,8201520.000,1,0,1,双平,S,5117.8000,5117.2000,5115.2000,5115.0000,5111.4000,5121.0000,5121.4000,5121.6000,5121.8000,5122.2000,1,1,3,1,1,1,1,1,1,1
SF,IC2002,2019-12-30 09:30:10.200,5121.4000,2495,0,8201520.000,0,-,-,-,-,5117.8000,5117.2000,5115.2000,5115.0000,5111.4000,5120.6000,5120.8000,5121.0000,5121.4000,5121.6000,1,1,3,1,1,1,2,1,1,1
SF,IC2002,2019-12-30 09:30:10.700,5121.4000,2495,0,8201520.000,0,-,-,-,-,5118.0000,5117.8000,5117.2000,5115.2000,5115.0000,5120.6000,5120.8000,5121.0000,5121.4000,5121.6000,1,1,1,3,1,2,1,1,1,1
SF,IC2002,2019-12-30 09:30:11.200,5121.4000,2494,-1,10250080.000,2,0,2,多平,S,5118.4000,5118.2000,5118.0000,5115.2000,5115.0000,5121.4000,5121.6000,5122.2000,5123.6000,5126.0000,1,1,1,3,1,3,1,1,1,2
SF,IC2002,2019-12-30 09:30:11.700,5121.4000,2494,0,10250080.000,0,-,-,-,-,5118.6000,5118.4000,5118.2000,5115.2000,5115.0000,5119.4000,5121.4000,5121.6000,5122.2000,5123.6000,1,1,1,3,1,1,3,1,1,1
SF,IC2002,2019-12-30 09:30:12.200,5119.4000,2493,-1,11273960.000,1,0,1,双平,S,5118.8000,5118.6000,5118.4000,5118.2000,5115.2000,5121.4000,5121.6000,5122.2000,5123.6000,5126.0000,1,1,1,1,3,3,1,1,1,2
SF,IC2002,2019-12-30 09:30:12.700,5118.8000,2493,0,12297720.000,1,0,1,多换,S,5118.6000,5118.2000,5115.2000,5115.0000,5111.4000,5121.0000,5121.2000,5121.4000,5121.6000,5122.2000,1,1,3,1,1,1,1,3,1,1
SF,IC2002,2019-12-30 09:30:13.200,5118.8000,2493,0,12297720.000,0,-,-,-,-,5118.6000,5115.2000,5115.0000,5111.4000,5100.0000,5120.6000,5120.8000,5121.0000,5121.4000,5121.6000,1,3,1,1,2,1,1,1,3,1
SF,IC2002,2019-12-30 09:30:13.700,5118.8000,2493,0,12297720.000,0,-,-,-,-,5118.6000,5115.2000,5115.0000,5111.4000,5100.0000,5121.0000,5121.4000,5121.6000,5122.2000,5123.6000,1,3,1,1,2,1,3,1,1,1
SF,IC2002,2019-12-30 09:30:14.200,5118.8000,2493,0,12297720.000,0,-,-,-,-,5118.8000,5118.6000,5115.2000,5115.0000,5111.4000,5121.4000,5121.6000,5122.2000,5123.6000,5126.0000,1,1,3,1,1,3,1,1,1,2
SF,IC2002,2019-12-30 09:30:14.700,5118.8000,2492,-1,13321480.000,1,0,1,双平,S,5119.0000,5118.8000,5118.6000,5115.2000,5115.0000,5121.4000,5121.6000,5122.2000,5123.6000,5126.0000,1,1,1,3,1,2,1,1,1,2
SF,IC2002,2019-12-30 09:30:15.200,5118.8000,2492,0,13321480.000,0,-,-,-,-,5119.2000,5119.0000,5118.6000,5115.2000,5115.0000,5121.4000,5122.2000,5126.0000,5128.6000,5135.0000,1,1,1,5,1,2,1,2,1,1
SF,IC2002,2019-12-30 09:30:15.700,5118.8000,2492,0,13321480.000,0,-,-,-,-,5119.2000,5119.0000,5115.2000,5115.0000,5111.4000,5121.0000,5121.2000,5121.4000,5122.2000,5126.0000,1,1,5,1,1,1,1,2,1,2
SF,IC2002,2019-12-30 09:30:16.200,5118.8000,2492,0,13321480.000,0,-,-,-,-,5119.2000,5119.0000,5115.2000,5115.0000,5111.4000,5121.0000,5121.2000,5121.4000,5122.2000,5126.0000,1,1,5,1,1,2,1,2,1,2
SF,IC2002,2019-12-30 09:30:16.700,5118.8000,2492,0,13321480.000,0,-,-,-,-,5119.2000,5119.0000,5115.2000,5115.0000,5111.4000,5121.4000,5122.2000,5126.0000,5128.6000,5135.0000,1,1,5,1,1,2,1,2,1,1
SF,IC2002,2019-12-30 09:30:17.200,5118.8000,2492,0,13321480.000,0,-,-,-,-,5119.2000,5119.0000,5115.2000,5115.0000,5111.4000,5120.8000,5121.4000,5122.2000,5126.0000,5128.6000,1,1,5,1,1,1,2,1,2,1
SF,IC2002,2019-12-30 09:30:18.200,5118.8000,2492,0,13321480.000,0,-,-,-,-,5119.6000,5119.2000,5119.0000,5115.2000,5115.0000,5121.4000,5126.0000,5128.6000,5135.0000,5143.8000,1,1,1,5,1,2,2,1,1,1
SF,IC2002,2019-12-30 09:30:18.700,5118.8000,2492,0,13321480.000,0,-,-,-,-,5119.8000,5119.6000,5119.0000,5115.2000,5115.0000,5120.6000,5121.4000,5126.0000,5128.6000,5135.0000,1,1,1,5,1,1,2,2,1,1
SF,IC2002,2019-12-30 09:30:19.200,5120.6000,2491,-1,14345600.000,1,0,1,双平,S,5119.6000,5119.0000,5115.2000,5115.0000,5111.4000,5121.4000,5126.0000,5128.6000,5135.0000,5143.8000,1,1,5,1,1,2,2,1,1,1
SF,IC2002,2019-12-30 09:30:19.700,5120.6000,2491,0,14345600.000,0,-,-,-,-,5119.8000,5119.6000,5119.0000,5115.2000,5115.0000,5121.4000,5126.0000,5128.6000,5135.0000,5143.8000,1,1,1,5,1,2,2,1,1,1
SF,IC2002,2019-12-30 09:30:21.200,5120.6000,2491,0,14345600.000,0,-,-,-,-,5119.8000,5119.6000,5119.0000,5115.2000,5115.0000,5121.4000,5126.0000,5128.6000,5135.0000,5143.8000,1,3,1,5,1,2,2,1,1,1
SF,IC2002,2019-12-30 09:30:21.700,5121.4000,2490,-1,15369880.000,1,0,1,双平,S,5120.0000,5119.6000,5119.0000,5115.2000,5115.0000,5121.4000,5126.0000,5128.6000,5135.0000,5143.8000,1,3,1,5,1,1,2,1,1,1
SF,IC2002,2019-12-30 09:30:22.200,5121.4000,2489,-1,16394160.000,1,0,1,双平,S,5120.0000,5119.6000,5119.0000,5115.2000,5115.0000,5126.0000,5128.6000,5135.0000,5143.8000,5158.0000,1,3,1,5,1,2,1,1,1,1
SF,IC2002,2019-12-30 09:30:22.700,5121.4000,2489,0,16394160.000,0,-,-,-,-,5120.2000,5120.0000,5119.6000,5119.0000,5115.2000,5125.0000,5125.6000,5125.8000,5126.0000,5128.6000,1,1,3,1,5,2,2,1,1,1
SF,IC2002,2019-12-30 09:30:23.200,5121.4000,2489,0,16394160.000,0,-,-,-,-,5120.2000,5120.0000,5119.6000,5119.0000,5115.2000,5124.6000,5124.8000,5125.0000,5125.2000,5125.6000,1,1,3,1,5,2,1,2,1,2
SF,IC2002,2019-12-30 09:30:23.700,5121.4000,2489,0,16394160.000,0,-,-,-,-,5120.2000,5120.0000,5119.6000,5119.0000,5115.2000,5124.4000,5124.6000,5125.0000,5125.2000,5125.6000,1,1,3,1,5,1,2,2,1,2
SF,IC2002,2019-12-30 09:30:24.200,5121.4000,2489,0,16394160.000,0,-,-,-,-,5119.6000,5119.0000,5115.2000,5111.4000,5110.0000,5124.2000,5124.4000,5124.6000,5125.2000,5125.6000,2,1,5,1,1,1,1,1,1,1
SF,IC2002,2019-12-30 09:30:24.700,5121.4000,2489,0,16394160.000,0,-,-,-,-,5119.8000,5119.6000,5119.0000,5115.2000,5111.4000,5124.0000,5124.2000,5124.6000,5125.2000,5125.6000,1,2,1,5,1,1,1,1,1,1
SF,IC2002,2019-12-30 09:30:25.200,5121.4000,2489,0,16394160.000,0,-,-,-,-,5119.8000,5119.6000,5119.0000,5115.2000,5111.4000,5123.8000,5124.0000,5124.2000,5124.6000,5125.2000,1,2,2,5,1,1,1,1,1,1
SF,IC2002,2019-12-30 09:30:25.700,5121.4000,2489,0,16394160.000,0,-,-,-,-,5120.4000,5119.6000,5119.0000,5115.2000,5111.4000,5123.6000,5123.8000,5124.2000,5124.6000,5125.2000,1,2,2,5,1,1,1,1,1,1
SF,IC2002,2019-12-30 09:30:26.200,5121.4000,2489,0,16394160.000,0,-,-,-,-,5120.6000,5119.6000,5119.0000,5115.2000,5111.4000,5123.6000,5124.6000,5125.2000,5125.6000,5126.0000,1,2,1,5,1,1,1,1,1,1
SF,IC2002,2019-12-30 09:30:26.700,5121.4000,2489,0,16394160.000,0,-,-,-,-,5120.6000,5119.6000,5119.2000,5119.0000,5115.2000,5123.0000,5123.2000,5123.6000,5124.6000,5125.2000,1,2,1,1,5,1,1,1,1,1
SF,IC2002,2019-12-30 09:30:27.200,5121.4000,2489,0,16394160.000,0,-,-,-,-,5120.6000,5119.6000,5119.2000,5119.0000,5118.0000,5123.0000,5123.6000,5124.6000,5125.2000,5125.6000,1,2,1,1,1,1,1,1,1,1
SF,IC2002,2019-12-30 09:30:27.700,5121.4000,2489,0,16394160.000,0,-,-,-,-,5120.6000,5119.6000,5119.2000,5119.0000,5118.0000,5123.6000,5124.6000,5125.2000,5125.6000,5126.0000,1,2,1,1,1,1,1,1,1,1
SF,IC2002,2019-12-30 09:30:28.200,5121.4000,2489,0,16394160.000,0,-,-,-,-,5119.6000,5119.2000,5119.0000,5118.0000,5115.2000,5123.4000,5123.6000,5124.6000,5125.6000,5126.0000,2,1,1,1,5,1,1,1,1,1
SF,IC2002,2019-12-30 09:30:28.700,5121.4000,2489,0,16394160.000,0,-,-,-,-,5119.8000,5119.6000,5119.2000,5119.0000,5118.0000,5123.4000,5124.2000,5124.6000,5125.6000,5128.6000,1,2,1,1,1,1,1,1,1,1
SF,IC2002,2019-12-30 09:30:29.200,5121.4000,2489,0,16394160.000,0,-,-,-,-,5119.6000,5119.4000,5119.2000,5119.0000,5118.0000,5123.4000,5124.2000,5124.6000,5125.6000,5128.6000,2,1,1,1,1,1,1,1,1,1
SF,IC2002,2019-12-30 09:30:29.700,5121.4000,2489,0,16394160.000,0,-,-,-,-,5120.0000,5119.6000,5119.4000,5119.2000,5119.0000,5124.2000,5124.6000,5125.6000,5128.6000,5135.0000,1,2,1,1,1,1,1,1,1,1
SF,IC2002,2019-12-30 09:30:30.200,5121.4000,2489,0,16394160.000,0,-,-,-,-,5120.0000,5119.6000,5119.4000,5119.2000,5119.0000,5124.0000,5124.2000,5124.6000,5125.6000,5128.6000,1,2,1,1,1,1,1,1,1,1
SF,IC2002,2019-12-30 09:30:30.700,5121.4000,2489,0,16394160.000,0,-,-,-,-,5119.6000,5119.4000,5119.2000,5119.0000,5118.0000,5124.0000,5124.2000,5124.6000,5125.6000,5128.6000,2,1,1,1,1,2,1,1,1,1
SF,IC2002,2019-12-30 09:30:31.700,5121.4000,2489,0,16394160.000,0,-,-,-,-,5119.8000,5119.6000,5119.4000,5119.2000,5119.0000,5124.0000,5124.2000,5124.6000,5125.6000,5128.6000,1,2,1,1,1,1,1,1,1,1
SF,IC2002,2019-12-30 09:30:34.200,5121.4000,2489,0,16394160.000,0,-,-,-,-,5120.6000,5120.0000,5119.8000,5119.6000,5119.4000,5124.0000,5124.2000,5124.6000,5125.6000,5128.6000,1,1,1,2,1,1,1,1,1,1
SF,IC2002,2019-12-30 09:30:34.700,5120.6000,2489,0,18442440.000,2,1,1,多换,S,5119.8000,5119.6000,5119.4000,5119.2000,5119.0000,5124.0000,5124.2000,5124.6000,5125.6000,5128.6000,1,2,1,1,1,1,1,1,1,1
SF,IC2002,2019-12-30 09:30:36.200,5120.6000,2489,0,18442440.000,0,-,-,-,-,5119.8000,5119.6000,5119.4000,5119.2000,5119.0000,5122.8000,5124.0000,5124.2000,5124.6000,5125.6000,1,2,1,1,1,1,1,1,1,1
SF,IC2002,2019-12-30 09:30:36.700,5120.6000,2489,0,18442440.000,0,-,-,-,-,5119.8000,5119.6000,5119.4000,5119.2000,5119.0000,5122.8000,5123.6000,5124.0000,5124.2000,5124.6000,1,2,1,1,1,1,1,1,1,1
SF,IC2002,2019-12-30 09:30:37.200,5120.6000,2489,0,18442440.000,0,-,-,-,-,5119.8000,5119.6000,5119.2000,5119.0000,5118.0000,5122.8000,5123.6000,5124.0000,5124.2000,5124.6000,1,2,1,1,1,1,1,1,1,1
SF,IC2002,2019-12-30 09:30:37.700,5120.6000,2489,0,18442440.000,0,-,-,-,-,5119.8000,5119.6000,5119.2000,5119.0000,5118.0000,5122.8000,5123.8000,5124.0000,5124.6000,5125.6000,1,2,1,1,1,1,1,1,1,1
SF,IC2002,2019-12-30 09:30:39.700,5120.6000,2489,0,18442440.000,0,-,-,-,-,5119.8000,5119.6000,5119.2000,5119.0000,5118.0000,5122.8000,5123.8000,5124.0000,5124.6000,5125.6000,1,2,1,1,1,1,1,1,1,1
SF,IC2002,2019-12-30 09:30:40.700,5120.6000,2489,0,18442440.000,0,-,-,-,-,5119.8000,5119.6000,5119.2000,5119.0000,5118.0000,5123.4000,5123.8000,5124.0000,5124.6000,5125.6000,1,2,1,1,1,1,1,1,1,1
SF,IC2002,2019-12-30 09:30:41.200,5120.6000,2489,0,18442440.000,0,-,-,-,-,5119.8000,5119.6000,5119.2000,5119.0000,5118.0000,5123.2000,5123.4000,5123.8000,5124.6000,5125.6000,1,2,1,1,1,1,1,1,1,1
SF,IC2002,2019-12-30 09:30:42.200,5120.6000,2489,0,18442440.000,0,-,-,-,-,5119.8000,5119.6000,5119.2000,5119.0000,5118.0000,5123.2000,5123.4000,5124.6000,5125.6000,5128.6000,1,2,1,1,1,1,1,1,1,1
SF,IC2002,2019-12-30 09:30:42.700,5120.6000,2489,0,18442440.000,0,-,-,-,-,5119.8000,5119.6000,5119.2000,5119.0000,5118.0000,5122.8000,5123.2000,5123.6000,5124.6000,5125.6000,1,2,1,1,1,1,1,1,1,1
SF,IC2002,2019-12-30 09:30:43.700,5120.6000,2489,0,18442440.000,0,-,-,-,-,5119.8000,5119.6000,5119.2000,5119.0000,5115.2000,5122.6000,5122.8000,5123.2000,5123.6000,5124.6000,1,2,1,1,5,1,1,1,1,1
SF,IC2002,2019-12-30 09:30:44.200,5120.6000,2489,0,18442440.000,0,-,-,-,-,5119.8000,5119.6000,5119.2000,5119.0000,5115.6000,5122.6000,5122.8000,5123.2000,5123.6000,5124.6000,1,2,1,1,5,1,1,1,1,1
SF,IC2002,2019-12-30 09:30:44.700,5120.6000,2489,0,18442440.000,0,-,-,-,-,5119.8000,5119.6000,5119.2000,5119.0000,5115.6000,5122.4000,5122.6000,5122.8000,5123.6000,5124.6000,1,2,1,1,5,1,1,1,1,1
SF,IC2002,2019-12-30 09:30:47.200,5120.6000,2489,0,18442440.000,0,-,-,-,-,5119.8000,5119.6000,5119.2000,5119.0000,5115.6000,5122.4000,5122.6000,5122.8000,5123.6000,5124.6000,1,2,1,1,5,1,1,1,1,1
SF,IC2002,2019-12-30 09:30:47.700,5119.8000,2488,-1,19466400.000,1,0,1,双平,S,5119.6000,5119.2000,5119.0000,5115.6000,5115.2000,5119.8000,5122.4000,5122.6000,5122.8000,5123.6000,2,1,1,5,5,2,1,1,1,1
SF,IC2002,2019-12-30 09:30:48.200,5119.8000,2486,-2,21514320.000,2,0,2,双平,S,5120.6000,5119.6000,5119.4000,5119.2000,5119.0000,5123.6000,5124.6000,5125.6000,5127.2000,5128.6000,1,2,1,1,1,1,1,1,5,1
SF,IC2002,2019-12-30 09:30:48.700,5119.8000,2486,0,21514320.000,0,-,-,-,-,5120.6000,5119.6000,5119.4000,5119.0000,5115.6000,5123.4000,5123.6000,5124.6000,5125.6000,5127.2000,1,2,1,1,5,1,1,1,1,5
SF,IC2002,2019-12-30 09:30:49.200,5119.8000,2486,0,21514320.000,0,-,-,-,-,5121.2000,5120.6000,5120.2000,5119.6000,5119.4000,5123.4000,5123.6000,5124.6000,5125.6000,5127.2000,1,1,1,2,1,1,1,1,1,5
SF,IC2002,2019-12-30 09:30:49.700,5119.8000,2486,0,21514320.000,0,-,-,-,-,5121.4000,5121.2000,5120.2000,5119.6000,5119.4000,5123.2000,5123.4000,5123.6000,5124.6000,5125.6000,1,1,1,2,1,1,1,1,1,1
SF,IC2002,2019-12-30 09:30:50.200,5119.8000,2486,0,21514320.000,0,-,-,-,-,5121.4000,5121.2000,5120.2000,5119.6000,5119.4000,5122.2000,5123.0000,5123.2000,5124.6000,5125.6000,1,1,1,2,1,1,1,1,1,1
SF,IC2002,2019-12-30 09:30:50.700,5119.8000,2486,0,21514320.000,0,-,-,-,-,5121.4000,5120.2000,5119.6000,5119.4000,5119.0000,5122.2000,5123.0000,5123.2000,5124.6000,5125.6000,1,1,2,1,1,1,1,1,1,1
SF,IC2002,2019-12-30 09:30:51.700,5119.8000,2486,0,21514320.000,0,-,-,-,-,5121.4000,5120.2000,5119.6000,5119.4000,5119.0000,5122.2000,5123.0000,5123.2000,5124.6000,5125.6000,1,1,2,1,1,1,1,1,1,1
SF,IC2002,2019-12-30 09:30:52.200,5121.4000,2485,-1,22538600.000,1,0,1,双平,S,5120.2000,5119.6000,5119.4000,5119.0000,5115.6000,5122.2000,5123.0000,5124.6000,5125.6000,5126.4000,1,2,1,1,5,1,1,1,1,1
SF,IC2002,2019-12-30 09:30:52.700,5121.4000,2485,0,22538600.000,0,-,-,-,-,5120.2000,5119.6000,5119.4000,5119.0000,5115.6000,5122.0000,5122.2000,5124.6000,5125.6000,5126.4000,1,2,1,1,5,1,1,1,1,1
SF,IC2002,2019-12-30 09:30:53.200,5121.4000,2485,0,22538600.000,0,-,-,-,-,5120.2000,5119.6000,5119.4000,5119.0000,5115.6000,5121.4000,5121.8000,5122.0000,5122.2000,5124.6000,1,2,1,1,5,1,1,1,1,1
SF,IC2002,2019-12-30 09:30:53.700,5121.4000,2485,0,22538600.000,0,-,-,-,-,5120.2000,5119.6000,5119.4000,5119.0000,5115.6000,5121.2000,5121.4000,5121.8000,5122.2000,5124.6000,1,2,1,1,5,1,1,1,1,1
SF,IC2002,2019-12-30 09:30:54.200,5121.4000,2485,0,22538600.000,0,-,-,-,-,5120.2000,5119.6000,5119.4000,5119.0000,5115.6000,5121.2000,5121.4000,5122.2000,5124.6000,5125.6000,1,2,1,1,5,1,1,1,1,1
SF,IC2002,2019-12-30 09:30:54.700,5121.4000,2485,0,22538600.000,0,-,-,-,-,5120.2000,5119.6000,5119.4000,5119.0000,5115.6000,5121.2000,5122.2000,5124.6000,5125.6000,5126.4000,1,2,1,1,5,1,1,1,1,1
SF,IC2002,2019-12-30 09:30:55.200,5121.4000,2485,0,22538600.000,0,-,-,-,-,5120.2000,5119.6000,5119.4000,5119.0000,5115.6000,5121.2000,5122.2000,5122.8000,5124.6000,5125.6000,1,2,1,1,5,1,1,1,1,1
SF,IC2002,2019-12-30 09:30:55.700,5120.2000,2485,0,23562640.000,1,0,1,多换,S,5119.6000,5119.4000,5119.0000,5115.6000,5115.2000,5120.2000,5121.2000,5122.2000,5122.8000,5124.6000,2,1,1,5,5,1,1,1,1,1
SF,IC2002,2019-12-30 09:30:57.200,5120.2000,2484,-1,24586680.000,1,0,1,双平,S,5119.6000,5119.4000,5119.0000,5115.6000,5115.2000,5121.2000,5122.2000,5122.8000,5124.6000,5125.6000,2,1,1,5,5,1,1,1,1,1
SF,IC2002,2019-12-30 09:30:57.700,5120.2000,2484,0,24586680.000,0,-,-,-,-,5119.6000,5119.4000,5119.0000,5115.6000,5115.2000,5122.2000,5122.8000,5124.6000,5125.6000,5126.4000,2,1,1,5,5,1,1,1,1,1
SF,IC2002,2019-12-30 09:30:58.200,5120.2000,2484,0,24586680.000,0,-,-,-,-,5119.6000,5119.4000,5119.0000,5115.6000,5115.2000,5122.0000,5122.2000,5122.8000,5124.6000,5125.6000,2,1,1,5,5,2,1,1,1,1
SF,IC2002,2019-12-30 09:30:58.700,5120.2000,2484,0,24586680.000,0,-,-,-,-,5119.8000,5119.6000,5119.4000,5119.0000,5118.0000,5122.0000,5122.2000,5122.8000,5124.6000,5125.6000,2,2,1,1,1,2,1,1,1,1
SF,IC2002,2019-12-30 09:30:59.200,5120.2000,2484,0,24586680.000,0,-,-,-,-,5121.0000,5120.2000,5119.8000,5119.6000,5119.4000,5122.0000,5122.2000,5122.8000,5124.6000,5125.6000,1,2,2,2,1,1,1,1,1,1
SF,IC2002,2019-12-30 09:30:59.700,5120.2000,2484,0,24586680.000,0,-,-,-,-,5121.0000,5120.2000,5120.0000,5119.8000,5119.6000,5122.0000,5122.2000,5122.8000,5124.6000,5125.6000,1,2,1,2,2,1,1,1,1,1
SF,IC2002,2019-12-30 09:31:00.200,5120.2000,2484,0,24586680.000,0,-,-,-,-,5121.0000,5120.2000,5119.8000,5119.6000,5119.4000,5122.0000,5122.2000,5122.8000,5124.6000,5125.6000,1,2,2,2,1,1,1,1,1,1
SF,IC2002,2019-12-30 09:31:00.700,5121.0000,2483,-1,25610880.000,1,0,1,双平,S,5120.2000,5119.8000,5119.6000,5119.4000,5119.0000,5122.2000,5122.8000,5124.6000,5125.6000,5127.2000,2,2,2,1,1,1,1,1,1,5
SF,IC2002,2019-12-30 09:31:01.200,5121.0000,2483,0,25610880.000,0,-,-,-,-,5120.2000,5119.8000,5119.6000,5119.4000,5119.0000,5122.0000,5122.2000,5122.8000,5124.6000,5125.6000,2,2,2,1,1,1,1,1,1,1
SF,IC2002,2019-12-30 09:31:01.700,5121.0000,2483,0,25610880.000,0,-,-,-,-,5120.2000,5119.8000,5119.6000,5119.4000,5119.0000,5121.8000,5122.0000,5122.2000,5122.8000,5124.6000,2,2,2,1,1,1,1,1,1,1
SF,IC2002,2019-12-30 09:31:02.200,5120.2000,2482,-1,26634920.000,1,0,1,双平,S,5120.2000,5119.8000,5119.6000,5119.4000,5119.0000,5121.6000,5121.8000,5122.2000,5122.8000,5124.6000,1,2,2,1,1,1,1,1,1,1
SF,IC2002,2019-12-30 09:31:02.700,5121.6000,2481,-1,27659240.000,1,0,1,双平,S,5120.2000,5119.8000,5119.6000,5119.4000,5119.0000,5122.2000,5122.8000,5124.6000,5125.6000,5127.2000,1,2,2,1,1,1,1,1,1,5
SF,IC2002,2019-12-30 09:31:04.200,5122.2000,2482,1,28683680.000,1,1,0,双开,S,5120.2000,5119.8000,5119.6000,5119.4000,5119.0000,5122.8000,5124.6000,5125.6000,5128.6000,5133.0000,1,2,2,1,1,1,1,1,1,5
SF,IC2002,2019-12-30 09:31:04.700,5122.8000,2482,0,29708240.000,1,0,1,多换,S,5120.4000,5120.2000,5120.0000,5119.8000,5119.6000,5125.6000,5128.6000,5133.0000,5135.0000,5158.0000,3,1,1,2,2,1,1,5,1,1
SF,IC2002,2019-12-30 09:31:05.200,5122.8000,2482,0,29708240.000,0,-,-,-,-,5120.8000,5120.4000,5120.2000,5120.0000,5119.8000,5124.6000,5128.6000,5133.0000,5135.0000,5158.0000,1,5,1,1,2,1,1,5,1,1
SF,IC2002,2019-12-30 09:31:05.700,5122.8000,2482,0,29708240.000,0,-,-,-,-,5121.0000,5120.4000,5120.2000,5120.0000,5119.8000,5128.6000,5133.0000,5135.0000,5158.0000,5200.0000,3,4,1,1,2,1,5,1,1,5
SF,IC2002,2019-12-30 09:31:06.200,5122.8000,2482,0,29708240.000,0,-,-,-,-,5122.8000,5121.0000,5120.4000,5120.0000,5119.8000,5128.2000,5128.6000,5133.0000,5135.0000,5158.0000,1,3,4,1,2,1,1,5,1,1
SF,IC2002,2019-12-30 09:31:06.700,5122.8000,2482,0,29708240.000,0,-,-,-,-,5122.8000,5121.0000,5120.4000,5120.0000,5119.8000,5126.4000,5127.8000,5128.6000,5133.0000,5135.0000,1,3,4,1,2,1,1,1,5,1
SF,IC2002,2019-12-30 09:31:07.200,5122.8000,2482,0,29708240.000,0,-,-,-,-,5122.8000,5121.0000,5120.4000,5120.0000,5119.8000,5126.0000,5126.4000,5127.8000,5128.6000,5133.0000,1,3,4,1,2,1,1,1,1,5
SF,IC2002,2019-12-30 09:31:07.700,5122.8000,2482,0,29708240.000,0,-,-,-,-,5122.8000,5121.0000,5120.4000,5120.0000,5119.8000,5125.8000,5126.0000,5126.4000,5127.8000,5128.6000,1,3,4,1,2,1,1,1,1,1
SF,IC2002,2019-12-30 09:31:08.200,5122.8000,2482,0,29708240.000,0,-,-,-,-,5122.8000,5121.0000,5120.4000,5120.0000,5119.8000,5125.6000,5125.8000,5126.0000,5126.4000,5127.8000,1,3,4,1,2,1,1,1,1,1
SF,IC2002,2019-12-30 09:31:08.700,5122.8000,2482,0,29708240.000,0,-,-,-,-,5120.4000,5120.0000,5119.8000,5119.6000,5119.4000,5125.6000,5126.0000,5126.4000,5127.8000,5128.6000,3,1,2,2,1,1,1,1,1,1
SF,IC2002,2019-12-30 09:31:09.200,5122.8000,2482,0,29708240.000,0,-,-,-,-,5120.6000,5120.4000,5120.0000,5119.8000,5119.6000,5124.6000,5125.6000,5126.0000,5127.8000,5128.6000,1,4,1,2,2,1,1,1,1,1
SF,IC2002,2019-12-30 09:31:09.700,5122.8000,2482,0,29708240.000,0,-,-,-,-,5120.6000,5120.4000,5120.0000,5119.8000,5119.6000,5124.6000,5126.0000,5127.8000,5128.6000,5133.0000,1,4,1,2,2,1,1,1,1,5
SF,IC2002,2019-12-30 09:31:10.200,5122.8000,2482,0,29708240.000,0,-,-,-,-,5120.6000,5120.4000,5120.0000,5119.8000,5119.6000,5124.4000,5124.6000,5126.0000,5127.8000,5128.6000,1,3,1,2,2,1,1,1,1,1
SF,IC2002,2019-12-30 09:31:10.700,5122.8000,2482,0,29708240.000,0,-,-,-,-,5120.6000,5120.4000,5120.0000,5119.8000,5119.6000,5124.2000,5124.4000,5126.0000,5127.8000,5128.6000,1,5,1,2,2,1,1,1,1,1
SF,IC2002,2019-12-30 09:31:11.200,5122.8000,2482,0,29708240.000,0,-,-,-,-,5120.4000,5119.8000,5119.6000,5119.4000,5119.0000,5124.2000,5126.0000,5127.8000,5128.6000,5133.0000,2,2,2,1,1,1,1,1,1,5
SF,IC2002,2019-12-30 09:31:11.700,5122.8000,2482,0,29708240.000,0,-,-,-,-,5120.8000,5120.6000,5120.4000,5119.8000,5119.6000,5124.0000,5124.2000,5126.0000,5127.8000,5128.6000,1,1,3,2,2,1,1,1,1,1
SF,IC2002,2019-12-30 09:31:12.200,5122.8000,2482,0,29708240.000,0,-,-,-,-,5120.4000,5119.8000,5119.6000,5119.4000,5119.0000,5124.0000,5126.0000,5127.8000,5128.6000,5133.0000,2,2,2,1,1,1,1,1,1,5
SF,IC2002,2019-12-30 09:31:12.700,5122.8000,2482,0,29708240.000,0,-,-,-,-,5120.6000,5120.4000,5119.8000,5119.6000,5119.4000,5124.0000,5126.0000,5127.8000,5128.6000,5133.0000,1,2,2,2,1,1,1,1,1,5
SF,IC2002,2019-12-30 09:31:13.700,5122.8000,2482,0,29708240.000,0,-,-,-,-,5120.4000,5119.8000,5119.6000,5119.4000,5119.0000,5123.8000,5124.0000,5126.0000,5127.8000,5128.6000,2,2,2,1,1,1,1,1,1,1
SF,IC2002,2019-12-30 09:31:14.200,5122.8000,2482,0,29708240.000,0,-,-,-,-,5120.6000,5120.4000,5119.8000,5119.6000,5119.4000,5123.8000,5126.0000,5127.8000,5128.6000,5133.0000,1,2,2,2,1,1,1,1,1,5
SF,IC2002,2019-12-30 09:31:14.700,5122.8000,2482,0,29708240.000,0,-,-,-,-,5121.8000,5120.4000,5119.8000,5119.6000,5119.4000,5123.6000,5123.8000,5126.0000,5127.8000,5128.6000,1,2,2,2,1,1,1,1,1,1
SF,IC2002,2019-12-30 09:31:15.200,5122.8000,2482,0,29708240.000,0,-,-,-,-,5121.8000,5120.4000,5119.8000,5119.6000,5119.4000,5123.4000,5123.6000,5126.0000,5127.8000,5128.6000,1,2,2,2,1,1,1,1,1,1
SF,IC2002,2019-12-30 09:31:15.700,5122.8000,2482,0,29708240.000,0,-,-,-,-,5121.8000,5120.4000,5119.8000,5119.6000,5119.4000,5123.4000,5123.6000,5126.0000,5127.8000,5128.6000,1,2,1,2,1,1,1,1,1,1
SF,IC2002,2019-12-30 09:31:16.200,5122.8000,2482,0,29708240.000,0,-,-,-,-,5121.8000,5120.4000,5119.8000,5119.6000,5119.4000,5123.4000,5126.0000,5127.8000,5128.6000,5133.0000,1,2,1,2,1,1,1,1,1,5
SF,IC2002,2019-12-30 09:31:16.700,5122.8000,2482,0,29708240.000,0,-,-,-,-,5121.8000,5120.4000,5119.8000,5119.6000,5119.4000,5126.0000,5127.8000,5128.6000,5133.0000,5135.0000,1,2,1,2,1,1,1,1,5,1
SF,IC2002,2019-12-30 09:31:17.200,5122.8000,2482,0,29708240.000,0,-,-,-,-,5121.8000,5120.4000,5119.8000,5119.6000,5119.4000,5125.8000,5126.0000,5127.8000,5128.6000,5133.0000,1,2,1,2,1,1,1,1,1,5
SF,IC2002,2019-12-30 09:31:17.700,5122.8000,2482,0,29708240.000,0,-,-,-,-,5121.8000,5120.4000,5119.8000,5119.6000,5119.4000,5125.8000,5126.0000,5127.8000,5128.6000,5133.0000,1,2,1,2,1,2,1,1,1,5
SF,IC2002,2019-12-30 09:31:19.200,5122.8000,2482,0,29708240.000,0,-,-,-,-,5122.0000,5121.8000,5120.4000,5119.8000,5119.6000,5124.8000,5125.8000,5126.0000,5127.8000,5128.6000,1,1,2,1,2,1,2,1,1,1
SF,IC2002,2019-12-30 09:31:19.700,5122.8000,2482,0,29708240.000,0,-,-,-,-,5122.0000,5120.4000,5119.8000,5119.6000,5119.0000,5124.8000,5125.8000,5127.8000,5128.6000,5133.0000,1,2,1,2,1,1,1,1,1,5
SF,IC2002,2019-12-30 09:31:20.200,5122.8000,2482,0,29708240.000,0,-,-,-,-,5122.0000,5120.4000,5119.8000,5119.6000,5119.0000,5124.6000,5124.8000,5127.8000,5128.6000,5133.0000,1,2,1,2,1,1,1,1,1,5
SF,IC2002,2019-12-30 09:31:20.700,5122.8000,2482,0,29708240.000,0,-,-,-,-,5122.0000,5120.4000,5119.8000,5119.6000,5119.0000,5124.4000,5124.6000,5124.8000,5127.8000,5128.6000,1,2,1,2,1,1,1,1,1,1
SF,IC2002,2019-12-30 09:31:21.200,5122.8000,2482,0,29708240.000,0,-,-,-,-,5120.4000,5119.8000,5119.6000,5119.0000,5118.0000,5124.2000,5124.4000,5124.6000,5124.8000,5127.8000,2,1,2,1,1,1,1,1,1,1
SF,IC2002,2019-12-30 09:31:21.700,5122.8000,2482,0,29708240.000,0,-,-,-,-,5120.6000,5120.4000,5119.8000,5119.6000,5119.0000,5124.2000,5124.6000,5124.8000,5127.8000,5128.6000,1,2,1,2,1,1,1,1,1,1
SF,IC2002,2019-12-30 09:31:22.200,5122.8000,2482,0,29708240.000,0,-,-,-,-,5120.4000,5119.8000,5119.6000,5119.0000,5118.0000,5124.0000,5124.2000,5124.6000,5124.8000,5127.8000,2,1,2,1,1,1,1,1,1,1
SF,IC2002,2019-12-30 09:31:22.700,5122.8000,2482,0,29708240.000,0,-,-,-,-,5120.6000,5120.4000,5119.8000,5119.6000,5119.0000,5124.0000,5124.2000,5124.8000,5127.8000,5128.6000,1,2,1,2,1,1,1,1,1,1
SF,IC2002,2019-12-30 09:31:23.200,5122.8000,2482,0,29708240.000,0,-,-,-,-,5120.6000,5120.4000,5119.8000,5119.6000,5119.0000,5124.8000,5127.8000,5128.6000,5133.0000,5135.0000,1,3,1,2,1,1,1,1,5,1
SF,IC2002,2019-12-30 09:31:23.700,5122.8000,2482,0,29708240.000,0,-,-,-,-,5122.0000,5120.6000,5120.4000,5119.8000,5119.6000,5124.6000,5124.8000,5127.8000,5128.6000,5133.0000,1,1,3,1,2,1,1,1,1,5
SF,IC2002,2019-12-30 09:31:24.200,5122.8000,2482,0,29708240.000,0,-,-,-,-,5122.0000,5120.6000,5120.4000,5119.8000,5119.6000,5124.6000,5124.8000,5127.8000,5128.6000,5133.0000,1,1,3,1,2,2,1,1,1,5
SF,IC2002,2019-12-30 09:31:25.200,5122.8000,2482,0,29708240.000,0,-,-,-,-,5122.0000,5120.6000,5120.4000,5119.8000,5119.6000,5124.6000,5124.8000,5127.8000,5128.6000,5133.0000,1,1,3,1,2,2,1,1,1,5
SF,IC2002,2019-12-30 09:31:26.700,5122.8000,2482,0,29708240.000,0,-,-,-,-,5122.0000,5120.6000,5120.4000,5119.8000,5119.6000,5124.6000,5124.8000,5127.8000,5128.6000,5133.0000,1,1,3,1,2,1,1,1,1,5
SF,IC2002,2019-12-30 09:31:27.200,5122.8000,2482,0,29708240.000,0,-,-,-,-,5122.0000,5120.6000,5120.4000,5119.8000,5119.6000,5124.4000,5124.6000,5124.8000,5127.8000,5128.6000,1,1,3,1,2,1,1,1,1,1
SF,IC2002,2019-12-30 09:31:27.700,5124.4000,2481,-1,30733120.000,1,0,1,双平,S,5122.0000,5120.6000,5120.4000,5119.8000,5119.6000,5124.8000,5127.8000,5128.6000,5133.0000,5158.0000,1,1,3,1,2,1,1,1,5,1
SF,IC2002,2019-12-30 09:31:28.200,5124.4000,2481,0,30733120.000,0,-,-,-,-,5122.0000,5120.6000,5120.4000,5119.8000,5119.6000,5124.6000,5124.8000,5127.8000,5128.6000,5133.0000,1,1,3,1,2,1,1,1,1,5
SF,IC2002,2019-12-30 09:31:28.700,5124.4000,2481,0,30733120.000,0,-,-,-,-,5122.0000,5120.6000,5120.4000,5119.8000,5119.6000,5124.4000,5124.6000,5124.8000,5127.8000,5128.6000,1,1,3,1,2,1,1,1,1,1
SF,IC2002,2019-12-30 09:31:29.200,5124.4000,2481,0,30733120.000,0,-,-,-,-,5122.0000,5120.6000,5120.4000,5119.6000,5119.0000,5124.4000,5124.6000,5124.8000,5127.8000,5128.6000,2,1,3,2,1,1,1,1,1,1
SF,IC2002,2019-12-30 09:31:29.700,5124.4000,2481,0,30733120.000,0,-,-,-,-,5122.0000,5120.6000,5120.4000,5119.6000,5119.0000,5124.6000,5124.8000,5127.8000,5128.6000,5133.0000,2,1,3,2,1,1,1,1,1,5
SF,IC2002,2019-12-30 09:31:30.200,5124.4000,2481,0,30733120.000,0,-,-,-,-,5122.2000,5122.0000,5120.6000,5120.4000,5119.6000,5124.6000,5124.8000,5127.8000,5128.6000,5133.0000,1,2,1,3,2,1,1,1,1,5
SF,IC2002,2019-12-30 09:31:30.700,5124.4000,2481,0,30733120.000,0,-,-,-,-,5122.0000,5120.6000,5120.4000,5119.6000,5119.0000,5124.4000,5124.6000,5124.8000,5127.8000,5128.6000,2,1,3,2,1,1,1,1,1,1
SF,IC2002,2019-12-30 09:31:32.700,5124.4000,2481,0,30733120.000,0,-,-,-,-,5122.6000,5122.2000,5122.0000,5120.6000,5120.4000,5124.4000,5124.6000,5124.8000,5127.8000,5128.6000,1,1,2,1,3,1,1,1,1,1
SF,IC2002,2019-12-30 09:31:33.200,5124.4000,2481,0,30733120.000,0,-,-,-,-,5122.6000,5122.0000,5120.6000,5120.4000,5119.6000,5124.6000,5124.8000,5127.8000,5128.6000,5133.0000,1,2,1,3,2,1,1,1,1,5
SF,IC2002,2019-12-30 09:31:33.700,5124.4000,2481,0,30733120.000,0,-,-,-,-,5122.6000,5122.0000,5120.6000,5120.4000,5119.6000,5124.6000,5124.8000,5127.8000,5128.6000,5133.0000,1,2,1,3,2,1,1,1,1,5
SF,IC2002,2019-12-30 09:31:34.200,5124.6000,2480,-1,31758040.000,1,0,1,双平,S,5122.6000,5122.0000,5120.6000,5120.4000,5119.6000,5124.8000,5127.8000,5128.6000,5133.0000,5158.0000,1,2,1,3,2,1,1,1,5,1
SF,IC2002,2019-12-30 09:31:34.700,5124.8000,2480,0,32783000.000,1,0,1,多换,S,5123.0000,5122.8000,5122.6000,5122.0000,5120.6000,5128.6000,5133.0000,5158.0000,5200.0000,5216.2000,1,1,1,2,1,1,5,1,5,1
SF,IC2002,2019-12-30 09:31:35.200,5124.8000,2480,0,32783000.000,0,-,-,-,-,5123.0000,5122.8000,5122.6000,5122.0000,5120.6000,5128.2000,5128.4000,5128.6000,5133.0000,5158.0000,1,1,1,2,1,1,1,1,5,1
SF,IC2002,2019-12-30 09:31:35.700,5124.8000,2480,0,32783000.000,0,-,-,-,-,5123.2000,5123.0000,5122.8000,5122.6000,5122.0000,5128.2000,5128.4000,5128.6000,5133.0000,5158.0000,1,1,1,1,2,1,1,1,5,1
SF,IC2002,2019-12-30 09:31:36.700,5124.8000,2480,0,32783000.000,0,-,-,-,-,5123.2000,5123.0000,5122.8000,5122.6000,5122.0000,5128.6000,5133.0000,5158.0000,5200.0000,5216.2000,1,1,1,1,2,1,5,1,5,1
SF,IC2002,2019-12-30 09:31:37.200,5124.8000,2480,0,32783000.000,0,-,-,-,-,5124.6000,5123.2000,5123.0000,5122.8000,5122.6000,5128.6000,5133.0000,5158.0000,5200.0000,5216.2000,1,1,1,1,1,1,5,1,5,1
SF,IC2002,2019-12-30 09:31:37.700,5124.8000,2480,0,32783000.000,0,-,-,-,-,5124.8000,5124.6000,5123.2000,5123.0000,5122.8000,5128.4000,5128.6000,5133.0000,5158.0000,5200.0000,1,1,1,1,1,1,1,5,1,5
SF,IC2002,2019-12-30 09:31:38.700,5124.8000,2480,0,32783000.000,0,-,-,-,-,5124.8000,5124.6000,5123.2000,5122.8000,5122.0000,5128.6000,5133.0000,5158.0000,5200.0000,5216.2000,1,1,1,1,1,1,5,1,5,1
SF,IC2002,2019-12-30 09:31:39.200,5124.8000,2480,0,32783000.000,0,-,-,-,-,5124.8000,5124.6000,5123.2000,5122.8000,5122.0000,5128.2000,5128.4000,5128.6000,5133.0000,5158.0000,1,1,1,1,1,1,1,1,5,1
SF,IC2002,2019-12-30 09:31:39.700,5124.8000,2480,0,32783000.000,0,-,-,-,-,5124.6000,5123.2000,5122.8000,5122.0000,5120.6000,5128.2000,5128.6000,5133.0000,5158.0000,5200.0000,1,1,1,1,1,1,1,5,1,5
SF,IC2002,2019-12-30 09:31:40.200,5124.8000,2480,0,32783000.000,0,-,-,-,-,5124.6000,5123.2000,5122.8000,5122.0000,5120.6000,5127.4000,5128.0000,5128.2000,5128.6000,5133.0000,1,1,1,1,1,1,2,1,1,5
SF,IC2002,2019-12-30 09:31:40.700,5124.8000,2480,0,32783000.000,0,-,-,-,-,5124.6000,5123.2000,5122.8000,5122.0000,5120.6000,5127.4000,5128.0000,5128.2000,5128.6000,5133.0000,1,1,1,1,1,1,1,1,1,5
SF,IC2002,2019-12-30 09:31:41.200,5124.8000,2480,0,32783000.000,0,-,-,-,-,5124.6000,5123.2000,5122.8000,5122.0000,5120.6000,5127.2000,5127.4000,5128.0000,5128.2000,5128.6000,1,1,1,1,1,1,1,1,1,1
SF,IC2002,2019-12-30 09:31:41.700,5124.8000,2480,0,32783000.000,0,-,-,-,-,5124.6000,5123.2000,5122.8000,5122.0000,5120.6000,5127.2000,5127.4000,5128.0000,5128.2000,5128.6000,1,1,1,1,1,2,1,1,1,1
SF,IC2002,2019-12-30 09:31:42.200,5124.8000,2480,0,32783000.000,0,-,-,-,-,5124.6000,5122.8000,5122.0000,5120.6000,5120.4000,5127.2000,5127.4000,5128.0000,5128.2000,5128.6000,1,1,1,1,3,2,1,1,1,1
SF,IC2002,2019-12-30 09:31:43.200,5124.8000,2480,0,32783000.000,0,-,-,-,-,5122.0000,5120.6000,5120.4000,5119.6000,5119.0000,5127.2000,5127.4000,5128.0000,5128.2000,5128.6000,1,1,3,2,1,2,1,1,1,1
SF,IC2002,2019-12-30 09:31:43.700,5124.8000,2480,0,32783000.000,0,-,-,-,-,5122.2000,5122.0000,5120.6000,5120.4000,5119.6000,5127.2000,5127.4000,5128.2000,5128.6000,5133.0000,1,2,1,3,2,2,1,1,1,5
SF,IC2002,2019-12-30 09:31:44.200,5124.8000,2480,0,32783000.000,0,-,-,-,-,5122.2000,5122.0000,5120.6000,5120.4000,5119.6000,5126.4000,5127.2000,5128.2000,5128.6000,5133.0000,1,2,1,3,2,1,1,1,1,5
SF,IC2002,2019-12-30 09:31:44.700,5124.8000,2480,0,32783000.000,0,-,-,-,-,5124.6000,5122.2000,5122.0000,5120.6000,5120.4000,5126.4000,5127.0000,5128.2000,5128.6000,5133.0000,1,1,1,1,3,1,1,1,1,5
SF,IC2002,2019-12-30 09:31:45.200,5124.6000,2479,-1,33807920.000,1,0,1,双平,S,5122.0000,5120.6000,5120.4000,5119.6000,5119.0000,5126.4000,5127.0000,5128.2000,5128.6000,5133.0000,1,1,3,2,1,1,1,1,1,5
SF,IC2002,2019-12-30 09:31:45.700,5124.6000,2479,0,33807920.000,0,-,-,-,-,5122.0000,5120.6000,5120.4000,5119.6000,5119.0000,5126.2000,5126.4000,5127.0000,5128.2000,5128.6000,1,1,3,2,1,1,1,1,1,1
SF,IC2002,2019-12-30 09:31:46.200,5124.6000,2479,0,33807920.000,0,-,-,-,-,5122.0000,5120.6000,5120.4000,5119.6000,5119.0000,5126.2000,5126.4000,5128.2000,5128.6000,5133.0000,1,1,3,2,1,1,1,1,1,5
SF,IC2002,2019-12-30 09:31:46.700,5124.6000,2479,0,33807920.000,0,-,-,-,-,5122.2000,5122.0000,5120.6000,5120.4000,5119.6000,5126.4000,5128.2000,5128.6000,5133.0000,5158.0000,2,1,1,3,2,1,1,1,5,1
SF,IC2002,2019-12-30 09:31:47.200,5124.6000,2479,0,33807920.000,0,-,-,-,-,5122.0000,5120.6000,5120.4000,5119.6000,5119.0000,5126.0000,5126.4000,5128.2000,5128.6000,5133.0000,1,1,3,2,1,1,1,1,1,5
SF,IC2002,2019-12-30 09:31:48.200,5124.6000,2479,0,33807920.000,0,-,-,-,-,5122.2000,5122.0000,5120.6000,5120.4000,5119.6000,5126.0000,5126.4000,5128.2000,5128.6000,5133.0000,2,1,1,3,2,1,1,1,1,5
SF,IC2002,2019-12-30 09:31:48.700,5124.6000,2479,0,33807920.000,0,-,-,-,-,5122.2000,5122.0000,5120.6000,5120.4000,5119.6000,5126.4000,5128.2000,5128.6000,5133.0000,5158.0000,2,1,1,3,2,1,1,1,5,1
SF,IC2002,2019-12-30 09:31:49.200,5124.6000,2479,0,33807920.000,0,-,-,-,-,5124.4000,5122.2000,5122.0000,5120.6000,5120.4000,5125.8000,5126.4000,5128.2000,5128.6000,5133.0000,1,2,1,1,3,1,1,1,1,5
SF,IC2002,2019-12-30 09:31:50.700,5124.6000,2479,0,33807920.000,0,-,-,-,-,5124.4000,5122.2000,5122.0000,5120.6000,5120.4000,5125.8000,5128.2000,5128.6000,5133.0000,5158.0000,1,2,1,1,3,1,1,1,5,1
SF,IC2002,2019-12-30 09:31:51.200,5125.8000,2479,0,34833080.000,1,0,1,多换,S,5124.4000,5122.2000,5122.0000,5120.6000,5120.4000,5128.2000,5128.6000,5133.0000,5158.0000,5200.0000,1,2,1,1,3,1,1,5,1,5
SF,IC2002,2019-12-30 09:31:51.700,5125.8000,2479,0,34833080.000,0,-,-,-,-,5124.4000,5122.2000,5122.0000,5120.6000,5120.4000,5128.0000,5128.2000,5128.6000,5133.0000,5158.0000,1,2,1,1,3,1,1,1,5,1
SF,IC2002,2019-12-30 09:31:52.700,5125.8000,2479,0,34833080.000,0,-,-,-,-,5124.4000,5122.2000,5122.0000,5120.6000,5120.4000,5127.8000,5128.0000,5128.2000,5128.6000,5133.0000,1,2,1,1,3,1,1,1,1,5
SF,IC2002,2019-12-30 09:31:53.200,5125.8000,2479,0,34833080.000,0,-,-,-,-,5124.4000,5122.2000,5122.0000,5120.6000,5120.4000,5127.6000,5127.8000,5128.0000,5128.6000,5133.0000,1,2,1,1,3,1,1,1,1,5
SF,IC2002,2019-12-30 09:31:53.700,5125.8000,2479,0,34833080.000,0,-,-,-,-,5124.4000,5122.2000,5122.0000,5120.6000,5120.4000,5127.6000,5128.0000,5128.6000,5133.0000,5158.0000,1,2,1,1,3,1,1,1,5,1
SF,IC2002,2019-12-30 09:31:55.700,5125.8000,2479,0,34833080.000,0,-,-,-,-,5124.4000,5122.2000,5122.0000,5120.6000,5120.4000,5127.6000,5128.0000,5128.6000,5133.0000,5158.0000,1,2,1,1,2,1,1,1,5,1
SF,IC2002,2019-12-30 09:31:58.700,5125.8000,2479,0,34833080.000,0,-,-,-,-,5124.4000,5122.2000,5122.0000,5120.6000,5120.4000,5127.6000,5128.0000,5128.6000,5133.0000,5158.0000,1,1,1,1,2,1,1,1,5,1
SF,IC2002,2019-12-30 09:31:59.200,5125.8000,2479,0,34833080.000,0,-,-,-,-,5124.6000,5124.4000,5122.2000,5120.6000,5120.4000,5127.4000,5127.6000,5128.6000,5133.0000,5158.0000,1,2,1,1,2,1,1,1,5,1
SF,IC2002,2019-12-30 09:31:59.700,5125.8000,2479,0,34833080.000,0,-,-,-,-,5124.8000,5124.6000,5124.4000,5122.2000,5120.6000,5127.2000,5127.4000,5128.6000,5133.0000,5158.0000,1,1,2,1,1,1,1,1,5,1
SF,IC2002,2019-12-30 09:32:00.200,5125.8000,2479,0,34833080.000,0,-,-,-,-,5124.8000,5124.4000,5122.2000,5120.6000,5120.4000,5127.0000,5127.2000,5128.6000,5133.0000,5158.0000,1,2,1,1,2,2,2,1,5,1
SF,IC2002,2019-12-30 09:32:00.700,5124.8000,2479,0,35858040.000,1,0,1,多换,S,5124.4000,5122.2000,5120.6000,5120.4000,5119.6000,5126.6000,5127.0000,5127.2000,5128.6000,5133.0000,2,1,1,2,2,1,2,2,1,5
SF,IC2002,2019-12-30 09:32:01.200,5124.8000,2479,0,35858040.000,0,-,-,-,-,5124.4000,5120.6000,5120.4000,5119.6000,5119.0000,5126.4000,5126.6000,5127.0000,5127.2000,5128.6000,1,1,2,2,1,1,1,1,2,1
SF,IC2002,2019-12-30 09:32:01.700,5124.8000,2479,0,35858040.000,0,-,-,-,-,5124.6000,5124.4000,5120.6000,5120.4000,5119.6000,5126.4000,5126.6000,5127.0000,5127.2000,5128.6000,1,1,1,2,2,1,1,1,2,1
SF,IC2002,2019-12-30 09:32:02.200,5124.6000,2478,-1,36882960.000,1,0,1,双平,S,5124.4000,5120.6000,5120.4000,5119.6000,5119.0000,5126.4000,5126.6000,5127.0000,5127.2000,5128.6000,1,1,2,2,1,1,1,1,2,1
SF,IC2002,2019-12-30 09:32:02.700,5124.6000,2478,0,36882960.000,0,-,-,-,-,5124.4000,5120.6000,5120.4000,5119.6000,5119.0000,5126.2000,5126.4000,5126.6000,5127.0000,5127.2000,1,1,2,2,1,1,1,1,1,2
SF,IC2002,2019-12-30 09:32:03.200,5124.4000,2478,0,37907840.000,1,0,1,多换,S,5120.6000,5120.4000,5119.6000,5119.0000,5118.0000,5126.0000,5126.2000,5126.6000,5127.0000,5127.2000,1,2,2,1,1,1,2,1,1,2
SF,IC2002,2019-12-30 09:32:03.700,5124.4000,2478,0,37907840.000,0,-,-,-,-,5120.8000,5120.6000,5120.4000,5119.6000,5119.0000,5126.2000,5126.6000,5127.2000,5128.6000,5133.0000,4,1,3,2,1,2,1,2,1,5
SF,IC2002,2019-12-30 09:32:04.200,5124.4000,2478,0,37907840.000,0,-,-,-,-,5121.6000,5120.8000,5120.6000,5120.4000,5119.6000,5124.6000,5126.2000,5126.6000,5127.2000,5128.6000,1,4,1,3,2,1,1,1,2,1
SF,IC2002,2019-12-30 09:32:04.700,5124.4000,2478,0,37907840.000,0,-,-,-,-,5121.8000,5121.6000,5120.8000,5120.6000,5120.4000,5126.2000,5127.2000,5128.6000,5133.0000,5158.0000,2,1,3,1,3,1,2,1,5,1
SF,IC2002,2019-12-30 09:32:05.200,5124.4000,2478,0,37907840.000,0,-,-,-,-,5121.8000,5121.6000,5120.8000,5120.6000,5120.4000,5126.0000,5126.2000,5127.2000,5128.6000,5133.0000,2,1,3,1,3,1,1,2,1,5
SF,IC2002,2019-12-30 09:32:05.700,5124.4000,2478,0,37907840.000,0,-,-,-,-,5121.8000,5120.8000,5120.6000,5120.4000,5120.0000,5126.0000,5126.2000,5127.2000,5128.6000,5133.0000,1,3,1,3,1,1,1,2,1,5
SF,IC2002,2019-12-30 09:32:06.200,5124.4000,2478,0,37907840.000,0,-,-,-,-,5121.8000,5121.6000,5120.8000,5120.6000,5120.4000,5126.2000,5127.2000,5128.6000,5133.0000,5158.0000,1,1,3,1,3,1,2,1,5,1
SF,IC2002,2019-12-30 09:32:06.700,5124.4000,2478,0,37907840.000,0,-,-,-,-,5122.4000,5121.8000,5121.6000,5120.8000,5120.6000,5127.2000,5128.6000,5133.0000,5158.0000,5200.0000,1,1,1,3,1,2,1,5,1,5
SF,IC2002,2019-12-30 09:32:07.200,5124.4000,2478,0,37907840.000,0,-,-,-,-,5122.6000,5122.4000,5122.0000,5121.6000,5120.8000,5127.0000,5127.2000,5128.6000,5133.0000,5158.0000,1,1,1,1,3,1,2,1,5,1
SF,IC2002,2019-12-30 09:32:07.700,5122.6000,2478,0,38932360.000,1,0,1,多换,S,5122.4000,5121.6000,5120.8000,5120.6000,5120.4000,5127.0000,5127.2000,5128.6000,5133.0000,5158.0000,1,1,3,1,3,1,2,1,5,1
SF,IC2002,2019-12-30 09:32:08.200,5122.6000,2478,0,38932360.000,0,-,-,-,-,5122.8000,5122.6000,5121.6000,5120.8000,5120.6000,5126.8000,5127.0000,5127.2000,5128.6000,5133.0000,1,1,1,3,1,1,1,2,1,5
SF,IC2002,2019-12-30 09:32:08.700,5122.6000,2478,0,38932360.000,0,-,-,-,-,5122.8000,5121.6000,5120.8000,5120.6000,5120.4000,5126.6000,5126.8000,5127.2000,5128.6000,5133.0000,1,1,3,1,3,1,1,2,1,5
SF,IC2002,2019-12-30 09:32:09.200,5122.6000,2478,0,38932360.000,0,-,-,-,-,5122.8000,5121.6000,5120.8000,5120.6000,5120.4000,5126.4000,5126.6000,5126.8000,5127.2000,5128.6000,1,1,3,1,3,2,1,1,2,1
SF,IC2002,2019-12-30 09:32:09.700,5122.6000,2478,0,38932360.000,0,-,-,-,-,5122.8000,5121.6000,5120.8000,5120.6000,5120.4000,5126.2000,5126.4000,5126.8000,5127.2000,5128.6000,1,1,3,1,3,1,2,1,2,1
SF,IC2002,2019-12-30 09:32:10.200,5122.6000,2478,0,38932360.000,0,-,-,-,-,5121.6000,5120.8000,5120.6000,5120.4000,5120.0000,5126.0000,5126.2000,5126.4000,5126.8000,5127.2000,1,3,1,3,1,1,1,2,1,2
SF,IC2002,2019-12-30 09:32:10.700,5122.6000,2478,0,38932360.000,0,-,-,-,-,5121.8000,5121.6000,5120.8000,5120.6000,5120.4000,5125.8000,5126.0000,5126.4000,5127.2000,5128.6000,2,1,3,1,3,1,1,2,2,1
SF,IC2002,2019-12-30 09:32:11.200,5122.6000,2478,0,38932360.000,0,-,-,-,-,5121.8000,5120.8000,5120.6000,5120.4000,5119.6000,5125.8000,5126.4000,5127.2000,5128.6000,5133.0000,1,3,1,3,2,2,2,2,1,5
SF,IC2002,2019-12-30 09:32:11.700,5122.6000,2478,0,38932360.000,0,-,-,-,-,5122.0000,5121.8000,5120.8000,5120.6000,5120.4000,5125.8000,5126.4000,5127.2000,5128.6000,5133.0000,1,1,3,1,3,2,1,2,1,5
SF,IC2002,2019-12-30 09:32:12.200,5122.6000,2478,0,38932360.000,0,-,-,-,-,5122.0000,5121.8000,5120.8000,5120.6000,5120.4000,5125.8000,5126.4000,5127.2000,5128.6000,5133.0000,1,1,3,1,3,1,1,2,1,5
SF,IC2002,2019-12-30 09:32:12.700,5122.6000,2478,0,38932360.000,0,-,-,-,-,5122.0000,5121.8000,5120.8000,5120.6000,5120.4000,5125.6000,5125.8000,5126.4000,5127.2000,5128.6000,1,1,3,1,3,1,1,1,2,1
SF,IC2002,2019-12-30 09:32:13.200,5122.6000,2478,0,38932360.000,0,-,-,-,-,5122.0000,5120.8000,5120.6000,5120.4000,5119.6000,5125.4000,5125.6000,5127.2000,5128.6000,5133.0000,1,3,1,3,2,1,1,2,1,5
SF,IC2002,2019-12-30 09:32:13.700,5122.0000,2478,0,39956760.000,1,0,1,多换,S,5120.8000,5120.6000,5120.4000,5119.6000,5119.0000,5125.4000,5127.2000,5128.6000,5133.0000,5158.0000,3,1,3,2,2,1,2,1,5,1
SF,IC2002,2019-12-30 09:32:14.200,5122.0000,2478,0,39956760.000,0,-,-,-,-,5121.0000,5120.8000,5120.6000,5120.4000,5119.6000,5125.2000,5125.4000,5127.2000,5128.6000,5133.0000,3,3,1,3,2,1,1,2,1,5
SF,IC2002,2019-12-30 09:32:14.700,5122.0000,2478,0,39956760.000,0,-,-,-,-,5121.0000,5120.8000,5120.6000,5120.4000,5119.6000,5125.0000,5125.2000,5127.2000,5128.6000,5133.0000,2,3,1,3,2,1,1,2,1,5
SF,IC2002,2019-12-30 09:32:15.200,5122.0000,2478,0,39956760.000,0,-,-,-,-,5120.8000,5120.6000,5120.4000,5120.0000,5119.6000,5124.8000,5125.0000,5125.2000,5127.2000,5128.6000,3,1,2,1,2,1,1,1,2,1
SF,IC2002,2019-12-30 09:32:15.700,5122.0000,2478,0,39956760.000,0,-,-,-,-,5120.8000,5120.6000,5120.4000,5120.0000,5119.6000,5124.6000,5124.8000,5125.2000,5127.2000,5128.6000,3,1,2,1,2,1,1,1,2,1
SF,IC2002,2019-12-30 09:32:16.200,5122.0000,2478,0,39956760.000,0,-,-,-,-,5120.8000,5120.6000,5120.4000,5120.0000,5119.6000,5124.0000,5124.4000,5124.6000,5124.8000,5125.2000,1,1,2,1,2,1,1,1,1,1
SF,IC2002,2019-12-30 09:32:16.700,5122.0000,2478,0,39956760.000,0,-,-,-,-,5120.8000,5120.4000,5120.0000,5119.6000,5119.0000,5123.8000,5124.0000,5124.4000,5124.8000,5125.2000,1,2,1,2,1,1,1,1,1,1
SF,IC2002,2019-12-30 09:32:17.200,5122.0000,2478,0,39956760.000,0,-,-,-,-,5120.8000,5120.4000,5120.0000,5119.6000,5119.0000,5123.8000,5124.0000,5124.4000,5124.8000,5125.2000,1,2,1,2,1,2,1,1,1,1
SF,IC2002,2019-12-30 09:32:18.200,5122.0000,2478,0,39956760.000,0,-,-,-,-,5120.8000,5120.4000,5120.0000,5119.6000,5119.0000,5123.8000,5124.0000,5124.4000,5124.8000,5127.2000,1,2,1,2,1,2,1,1,1,1
SF,IC2002,2019-12-30 09:32:18.700,5122.0000,2478,0,39956760.000,0,-,-,-,-,5120.8000,5120.4000,5120.0000,5119.6000,5119.0000,5123.8000,5124.0000,5124.4000,5127.2000,5128.6000,1,2,1,2,1,2,1,1,1,1
SF,IC2002,2019-12-30 09:32:19.200,5120.8000,2478,0,40980920.000,1,0,1,多换,S,5120.4000,5120.0000,5119.6000,5119.0000,5115.6000,5123.8000,5124.0000,5127.2000,5128.6000,5133.0000,2,1,2,1,5,1,1,1,1,5
SF,IC2002,2019-12-30 09:32:19.700,5120.8000,2478,0,40980920.000,0,-,-,-,-,5120.4000,5120.0000,5119.6000,5119.0000,5115.6000,5123.6000,5123.8000,5124.0000,5127.2000,5128.6000,2,1,2,1,5,1,1,1,1,1
SF,IC2002,2019-12-30 09:32:21.700,5120.8000,2478,0,40980920.000,0,-,-,-,-,5120.8000,5120.6000,5120.4000,5120.0000,5119.6000,5123.6000,5123.8000,5124.0000,5127.2000,5128.6000,1,2,3,1,2,1,1,1,1,1
SF,IC2002,2019-12-30 09:32:22.200,5120.8000,2478,0,40980920.000,0,-,-,-,-,5121.0000,5120.8000,5120.6000,5120.4000,5120.0000,5124.0000,5127.2000,5128.6000,5133.0000,5158.0000,2,1,2,3,1,1,1,1,5,1
SF,IC2002,2019-12-30 09:32:23.200,5120.8000,2478,0,40980920.000,0,-,-,-,-,5121.0000,5120.8000,5120.4000,5120.0000,5119.6000,5123.8000,5124.0000,5127.2000,5128.6000,5133.0000,1,1,2,1,2,1,1,1,1,5
SF,IC2002,2019-12-30 09:32:24.200,5121.0000,2478,0,42005120.000,1,0,1,多换,S,5120.8000,5120.4000,5120.0000,5119.6000,5119.0000,5123.8000,5127.2000,5128.6000,5133.0000,5158.0000,1,2,1,2,1,1,1,1,5,1
SF,IC2002,2019-12-30 09:32:24.700,5121.0000,2478,0,42005120.000,0,-,-,-,-,5120.8000,5120.4000,5120.0000,5119.6000,5119.0000,5123.6000,5123.8000,5127.2000,5128.6000,5133.0000,1,2,1,2,1,1,1,1,1,5
SF,IC2002,2019-12-30 09:32:25.200,5121.0000,2478,0,42005120.000,0,-,-,-,-,5120.8000,5120.4000,5120.0000,5119.6000,5119.0000,5123.4000,5123.6000,5123.8000,5127.2000,5128.6000,1,2,1,2,1,1,1,1,1,1
SF,IC2002,2019-12-30 09:32:25.700,5121.0000,2478,0,42005120.000,0,-,-,-,-,5120.8000,5120.4000,5120.0000,5119.6000,5119.0000,5123.2000,5123.4000,5127.2000,5128.6000,5133.0000,1,2,1,2,1,1,1,1,1,5
SF,IC2002,2019-12-30 09:32:26.200,5121.0000,2478,0,42005120.000,0,-,-,-,-,5120.8000,5120.4000,5120.0000,5119.6000,5119.0000,5123.0000,5123.2000,5123.4000,5127.2000,5128.6000,1,2,1,2,1,1,1,1,1,1
SF,IC2002,2019-12-30 09:32:26.700,5121.0000,2478,0,42005120.000,0,-,-,-,-,5120.8000,5120.4000,5120.0000,5119.6000,5119.0000,5122.8000,5123.0000,5127.2000,5128.6000,5133.0000,1,2,1,2,1,1,1,1,1,5
SF,IC2002,2019-12-30 09:32:27.700,5121.0000,2478,0,42005120.000,0,-,-,-,-,5120.8000,5120.4000,5120.0000,5119.6000,5119.0000,5122.8000,5127.2000,5128.6000,5133.0000,5158.0000,1,2,1,2,1,1,1,1,5,1
SF,IC2002,2019-12-30 09:32:28.200,5121.0000,2478,0,42005120.000,0,-,-,-,-,5120.8000,5120.4000,5120.0000,5119.6000,5119.0000,5122.6000,5122.8000,5127.2000,5128.6000,5133.0000,1,2,1,2,1,1,1,1,1,5
SF,IC2002,2019-12-30 09:32:28.700,5121.0000,2478,0,42005120.000,0,-,-,-,-,5120.8000,5120.4000,5120.0000,5119.6000,5119.0000,5122.4000,5122.6000,5127.2000,5128.6000,5133.0000,1,2,1,2,1,1,1,1,1,5
SF,IC2002,2019-12-30 09:32:29.200,5121.0000,2478,0,42005120.000,0,-,-,-,-,5120.8000,5120.4000,5120.0000,5119.6000,5119.0000,5122.2000,5122.4000,5122.6000,5127.2000,5128.6000,1,2,1,2,1,1,1,1,1,1
SF,IC2002,2019-12-30 09:32:32.200,5121.0000,2478,0,42005120.000,0,-,-,-,-,5120.8000,5120.4000,5120.0000,5119.6000,5119.0000,5122.2000,5122.4000,5122.6000,5128.6000,5133.0000,1,2,1,2,1,1,1,1,1,5
SF,IC2002,2019-12-30 09:32:32.700,5120.8000,2478,0,43029280.000,1,0,1,多换,S,5120.4000,5120.0000,5119.6000,5119.0000,5117.2000,5122.2000,5122.6000,5128.6000,5133.0000,5158.0000,2,1,2,1,1,1,1,1,5,1
SF,IC2002,2019-12-30 09:32:33.200,5120.8000,2478,0,43029280.000,0,-,-,-,-,5120.4000,5120.0000,5119.6000,5119.0000,5117.2000,5122.0000,5122.2000,5122.6000,5128.6000,5133.0000,2,1,2,1,1,1,1,1,1,5
SF,IC2002,2019-12-30 09:32:39.200,5120.4000,2478,0,44053360.000,1,0,1,多换,S,5120.4000,5120.0000,5119.6000,5119.0000,5117.2000,5122.0000,5122.2000,5122.6000,5128.6000,5133.0000,1,1,2,1,1,1,1,1,1,5
SF,IC2002,2019-12-30 09:32:39.700,5120.4000,2478,0,45077440.000,1,0,1,多换,S,5120.0000,5119.6000,5119.0000,5117.2000,5115.6000,5121.8000,5122.2000,5122.6000,5128.6000,5133.0000,1,2,1,1,5,1,1,1,1,5
SF,IC2002,2019-12-30 09:32:40.200,5120.4000,2478,0,45077440.000,0,-,-,-,-,5120.0000,5119.6000,5119.0000,5117.2000,5115.6000,5121.6000,5121.8000,5122.2000,5122.6000,5128.6000,1,2,1,1,5,1,1,1,1,1
SF,IC2002,2019-12-30 09:32:40.700,5120.0000,2477,-1,46101440.000,1,0,1,双平,S,5119.6000,5119.0000,5117.2000,5115.6000,5115.2000,5121.8000,5122.2000,5122.6000,5128.6000,5133.0000,2,1,1,5,5,1,1,1,1,5
SF,IC2002,2019-12-30 09:32:41.200,5120.0000,2477,0,46101440.000,0,-,-,-,-,5119.6000,5119.0000,5117.2000,5115.6000,5115.2000,5121.4000,5121.8000,5122.2000,5122.6000,5128.6000,2,1,1,5,5,1,1,1,1,1
SF,IC2002,2019-12-30 09:32:42.200,5121.4000,2476,-1,47125720.000,1,0,1,双平,S,5119.6000,5119.0000,5117.2000,5115.6000,5115.2000,5121.8000,5122.2000,5122.6000,5128.6000,5133.0000,2,1,1,5,5,1,1,1,1,5
SF,IC2002,2019-12-30 09:32:42.700,5121.4000,2476,0,47125720.000,0,-,-,-,-,5119.6000,5119.0000,5117.2000,5115.2000,5111.4000,5121.8000,5122.2000,5122.6000,5128.6000,5133.0000,2,1,1,5,1,1,1,1,1,5
SF,IC2002,2019-12-30 09:32:43.200,5121.4000,2476,0,47125720.000,0,-,-,-,-,5119.8000,5119.6000,5119.0000,5117.2000,5115.2000,5121.8000,5122.2000,5122.6000,5128.6000,5133.0000,1,2,1,1,5,1,1,1,1,5
SF,IC2002,2019-12-30 09:32:44.200,5121.4000,2476,0,47125720.000,0,-,-,-,-,5119.6000,5119.0000,5117.2000,5115.2000,5111.4000,5121.8000,5122.2000,5122.6000,5128.6000,5133.0000,2,1,1,5,1,1,1,1,1,5
SF,IC2002,2019-12-30 09:32:55.200,5121.4000,2476,0,47125720.000,0,-,-,-,-,5119.6000,5119.0000,5117.2000,5115.4000,5115.2000,5121.8000,5122.2000,5122.6000,5128.6000,5133.0000,2,1,1,3,5,1,1,1,1,5
SF,IC2002,2019-12-30 09:32:56.200,5121.4000,2476,0,47125720.000,0,-,-,-,-,5119.8000,5119.6000,5119.0000,5117.2000,5115.4000,5121.8000,5122.2000,5128.6000,5133.0000,5158.0000,1,2,1,1,3,1,1,1,5,1
SF,IC2002,2019-12-30 09:32:56.700,5121.4000,2476,0,47125720.000,0,-,-,-,-,5119.8000,5119.6000,5119.0000,5117.2000,5115.4000,5121.8000,5128.6000,5133.0000,5158.0000,5200.0000,1,2,1,1,3,1,1,5,1,5
SF,IC2002,2019-12-30 09:32:57.200,5121.4000,2476,0,47125720.000,0,-,-,-,-,5120.0000,5119.8000,5119.6000,5119.0000,5117.2000,5128.6000,5133.0000,5158.0000,5200.0000,5216.2000,1,1,2,1,1,1,5,1,5,1
SF,IC2002,2019-12-30 09:32:57.700,5121.4000,2476,0,47125720.000,0,-,-,-,-,5119.6000,5119.0000,5117.2000,5115.4000,5115.2000,5121.6000,5123.8000,5125.0000,5126.0000,5126.4000,2,1,1,3,5,1,1,2,1,1
SF,IC2002,2019-12-30 09:32:58.200,5121.4000,2476,0,47125720.000,0,-,-,-,-,5119.6000,5119.0000,5117.2000,5115.4000,5115.2000,5121.6000,5123.8000,5125.0000,5126.0000,5126.4000,2,1,1,3,5,1,1,2,1,1
SF,IC2002,2019-12-30 09:32:58.700,5121.4000,2476,0,47125720.000,0,-,-,-,-,5119.8000,5119.6000,5119.0000,5117.2000,5115.4000,5123.8000,5125.0000,5126.0000,5126.4000,5127.2000,1,2,1,1,3,1,2,1,1,1
SF,IC2002,2019-12-30 09:32:59.200,5121.4000,2476,0,47125720.000,0,-,-,-,-,5120.0000,5119.8000,5119.6000,5119.0000,5117.2000,5123.6000,5125.0000,5126.0000,5126.4000,5127.2000,1,1,2,1,1,1,2,1,1,1
SF,IC2002,2019-12-30 09:32:59.700,5121.4000,2476,0,47125720.000,0,-,-,-,-,5119.6000,5119.0000,5117.2000,5115.4000,5115.2000,5123.6000,5125.0000,5126.0000,5126.4000,5127.2000,2,1,1,3,5,2,2,1,1,1
SF,IC2002,2019-12-30 09:33:00.200,5121.4000,2476,0,47125720.000,0,-,-,-,-,5119.6000,5119.0000,5117.2000,5115.4000,5115.2000,5123.2000,5123.6000,5125.0000,5126.0000,5128.2000,2,1,1,3,5,1,2,2,1,1
SF,IC2002,2019-12-30 09:33:00.700,5121.4000,2476,0,47125720.000,0,-,-,-,-,5119.6000,5119.0000,5117.2000,5115.4000,5115.2000,5123.0000,5123.2000,5123.6000,5125.0000,5126.0000,2,1,1,3,5,2,1,1,2,1
SF,IC2002,2019-12-30 09:33:01.200,5121.4000,2476,0,47125720.000,0,-,-,-,-,5119.6000,5119.0000,5117.2000,5115.4000,5115.2000,5122.6000,5123.0000,5123.2000,5123.6000,5125.0000,2,1,1,3,5,1,2,1,1,2
SF,IC2002,2019-12-30 09:33:01.700,5121.4000,2476,0,47125720.000,0,-,-,-,-,5119.8000,5119.6000,5119.0000,5117.2000,5115.4000,5123.0000,5123.2000,5125.0000,5126.0000,5128.2000,1,2,1,1,3,2,1,2,1,1
SF,IC2002,2019-12-30 09:33:02.200,5121.4000,2476,0,47125720.000,0,-,-,-,-,5119.6000,5119.0000,5117.2000,5115.4000,5115.2000,5122.4000,5123.0000,5123.2000,5125.0000,5126.0000,2,1,1,3,5,1,2,1,2,1
SF,IC2002,2019-12-30 09:33:02.700,5121.4000,2476,0,47125720.000,0,-,-,-,-,5119.6000,5119.0000,5117.2000,5115.4000,5115.2000,5122.2000,5122.4000,5122.6000,5123.0000,5123.2000,2,1,1,3,5,1,1,1,1,1
SF,IC2002,2019-12-30 09:33:03.200,5121.4000,2476,0,47125720.000,0,-,-,-,-,5119.6000,5119.0000,5117.2000,5115.4000,5115.2000,5122.0000,5122.2000,5122.4000,5122.6000,5123.0000,2,1,1,3,5,2,1,1,1,1
SF,IC2002,2019-12-30 09:33:03.700,5121.4000,2476,0,47125720.000,0,-,-,-,-,5119.6000,5119.0000,5117.2000,5115.4000,5115.2000,5121.8000,5122.0000,5122.4000,5122.6000,5123.0000,2,1,1,3,5,1,2,1,1,1
SF,IC2002,2019-12-30 09:33:05.200,5121.4000,2476,0,47125720.000,0,-,-,-,-,5119.6000,5119.0000,5117.2000,5115.4000,5115.2000,5121.4000,5121.8000,5122.0000,5122.4000,5122.6000,2,1,1,3,5,1,1,2,1,1
SF,IC2002,2019-12-30 09:33:08.200,5121.4000,2476,0,47125720.000,0,-,-,-,-,5119.6000,5119.0000,5117.2000,5115.4000,5115.2000,5121.8000,5122.0000,5122.4000,5122.6000,5123.0000,2,1,1,3,5,1,2,1,1,1
SF,IC2002,2019-12-30 09:33:09.200,5121.4000,2476,0,47125720.000,0,-,-,-,-,5119.6000,5119.0000,5117.2000,5115.4000,5115.2000,5121.4000,5121.8000,5122.0000,5122.4000,5122.6000,2,1,1,3,5,1,1,2,1,1
SF,IC2002,2019-12-30 09:33:10.700,5121.4000,2476,0,47125720.000,0,-,-,-,-,5119.6000,5119.0000,5117.2000,5115.4000,5115.2000,5121.8000,5122.0000,5122.6000,5123.0000,5123.2000,2,1,1,3,5,1,2,1,1,1
SF,IC2002,2019-12-30 09:33:11.200,5121.4000,2476,0,47125720.000,0,-,-,-,-,5119.6000,5119.0000,5117.2000,5115.4000,5115.2000,5121.6000,5121.8000,5122.0000,5122.6000,5123.0000,2,1,1,3,5,1,1,2,1,1
SF,IC2002,2019-12-30 09:33:11.700,5121.4000,2476,0,47125720.000,0,-,-,-,-,5119.6000,5119.0000,5117.2000,5115.4000,5115.2000,5121.6000,5122.0000,5122.6000,5123.2000,5125.0000,2,1,1,3,5,1,1,1,1,2
SF,IC2002,2019-12-30 09:33:12.200,5121.4000,2476,0,47125720.000,0,-,-,-,-,5119.8000,5119.6000,5119.0000,5117.2000,5115.4000,5121.6000,5122.0000,5123.2000,5125.0000,5126.0000,1,2,1,1,3,1,1,1,2,1
SF,IC2002,2019-12-30 09:33:13.700,5121.4000,2476,0,47125720.000,0,-,-,-,-,5119.6000,5119.0000,5117.2000,5115.4000,5115.2000,5121.6000,5122.0000,5123.2000,5125.0000,5126.0000,2,1,1,3,5,1,1,1,2,1
SF,IC2002,2019-12-30 09:33:18.200,5121.4000,2476,0,47125720.000,0,-,-,-,-,5119.8000,5119.6000,5119.0000,5117.2000,5115.4000,5121.6000,5122.0000,5123.2000,5125.0000,5126.0000,1,2,1,1,3,1,1,1,2,1
SF,IC2002,2019-12-30 09:33:18.700,5121.4000,2476,0,47125720.000,0,-,-,-,-,5119.8000,5119.6000,5119.0000,5117.2000,5115.4000,5122.0000,5123.2000,5125.0000,5126.0000,5128.2000,1,2,1,1,3,1,1,2,1,1
SF,IC2002,2019-12-30 09:33:19.200,5121.4000,2476,0,47125720.000,0,-,-,-,-,5120.0000,5119.8000,5119.6000,5119.0000,5117.2000,5123.2000,5125.0000,5126.0000,5128.2000,5128.6000,1,1,2,1,1,1,2,1,1,1
SF,IC2002,2019-12-30 09:33:19.700,5121.4000,2476,0,47125720.000,0,-,-,-,-,5120.0000,5119.8000,5119.6000,5119.0000,5117.2000,5121.2000,5123.0000,5123.2000,5125.0000,5126.0000,1,1,2,1,1,1,1,1,2,1
SF,IC2002,2019-12-30 09:33:20.200,5121.4000,2476,0,47125720.000,0,-,-,-,-,5119.8000,5119.6000,5119.0000,5117.2000,5115.4000,5123.0000,5123.2000,5125.0000,5126.0000,5128.2000,1,2,1,1,3,2,1,2,1,1
SF,IC2002,2019-12-30 09:33:22.200,5121.4000,2476,0,47125720.000,0,-,-,-,-,5119.8000,5119.6000,5119.0000,5117.2000,5115.4000,5122.2000,5123.0000,5123.2000,5125.0000,5126.0000,1,2,1,1,3,1,2,1,2,1
SF,IC2002,2019-12-30 09:33:22.700,5121.4000,2476,0,47125720.000,0,-,-,-,-,5120.0000,5119.8000,5119.6000,5119.0000,5117.2000,5122.2000,5123.0000,5123.2000,5125.0000,5126.0000,1,1,2,1,1,1,1,1,2,1
SF,IC2002,2019-12-30 09:33:23.200,5121.4000,2476,0,47125720.000,0,-,-,-,-,5120.0000,5119.8000,5119.6000,5119.0000,5117.2000,5122.2000,5123.2000,5125.0000,5126.0000,5128.2000,1,1,2,1,1,1,1,2,1,1
SF,IC2002,2019-12-30 09:33:23.700,5121.4000,2476,0,47125720.000,0,-,-,-,-,5120.0000,5119.8000,5119.6000,5119.0000,5117.2000,5125.0000,5126.0000,5128.2000,5128.6000,5133.0000,1,1,2,1,1,2,1,1,1,5
SF,IC2002,2019-12-30 09:33:24.200,5121.4000,2476,0,47125720.000,0,-,-,-,-,5120.0000,5119.8000,5119.6000,5119.0000,5117.2000,5124.8000,5125.0000,5126.0000,5128.2000,5128.6000,1,1,2,1,1,2,2,1,1,1
SF,IC2002,2019-12-30 09:33:24.700,5121.4000,2476,0,47125720.000,0,-,-,-,-,5120.2000,5120.0000,5119.8000,5119.6000,5119.0000,5124.4000,5124.8000,5125.0000,5126.0000,5128.2000,1,1,1,2,1,1,2,2,1,1
SF,IC2002,2019-12-30 09:33:25.200,5121.4000,2476,0,47125720.000,0,-,-,-,-,5120.2000,5120.0000,5119.8000,5119.6000,5119.0000,5124.4000,5124.8000,5125.0000,5126.0000,5128.2000,1,1,1,2,1,1,2,1,1,1
SF,IC2002,2019-12-30 09:33:25.700,5121.4000,2476,0,47125720.000,0,-,-,-,-,5120.4000,5120.2000,5120.0000,5119.8000,5119.6000,5123.0000,5124.2000,5124.4000,5125.0000,5126.0000,1,1,1,1,2,1,1,1,1,1
SF,IC2002,2019-12-30 09:33:26.200,5121.4000,2476,0,47125720.000,0,-,-,-,-,5120.6000,5120.4000,5120.0000,5119.8000,5119.6000,5123.0000,5124.4000,5124.6000,5126.0000,5128.2000,1,1,1,1,2,1,1,1,1,1
SF,IC2002,2019-12-30 09:33:26.700,5121.4000,2476,0,47125720.000,0,-,-,-,-,5120.6000,5120.4000,5119.8000,5119.6000,5119.0000,5122.8000,5124.4000,5126.0000,5128.2000,5128.6000,1,1,1,2,1,1,1,1,1,1
SF,IC2002,2019-12-30 09:33:27.200,5122.8000,2475,-1,48150280.000,1,0,1,双平,S,5120.6000,5120.4000,5119.8000,5119.6000,5119.0000,5124.4000,5126.0000,5128.2000,5128.6000,5133.0000,1,1,1,2,1,1,1,1,1,5
SF,IC2002,2019-12-30 09:33:27.700,5122.8000,2475,0,48150280.000,0,-,-,-,-,5120.6000,5120.2000,5119.8000,5119.6000,5119.0000,5124.2000,5124.4000,5126.0000,5128.2000,5128.6000,1,1,1,2,1,1,1,1,1,1
SF,IC2002,2019-12-30 09:33:28.200,5122.8000,2475,0,48150280.000,0,-,-,-,-,5120.8000,5120.6000,5120.2000,5119.8000,5119.6000,5124.2000,5124.4000,5126.0000,5128.2000,5128.6000,1,1,1,1,2,1,1,1,1,1
SF,IC2002,2019-12-30 09:33:28.700,5122.8000,2475,0,48150280.000,0,-,-,-,-,5121.0000,5120.8000,5120.2000,5119.8000,5119.6000,5128.2000,5128.6000,5133.0000,5158.0000,5200.0000,1,1,1,1,2,1,1,5,1,5
SF,IC2002,2019-12-30 09:33:29.200,5122.8000,2475,0,48150280.000,0,-,-,-,-,5121.0000,5120.8000,5120.2000,5119.8000,5119.6000,5126.0000,5126.4000,5127.2000,5128.0000,5128.2000,1,1,1,1,2,1,1,2,1,1
SF,IC2002,2019-12-30 09:33:29.700,5122.8000,2475,0,48150280.000,0,-,-,-,-,5121.2000,5121.0000,5120.8000,5120.2000,5119.8000,5125.6000,5125.8000,5126.4000,5127.2000,5128.2000,1,1,1,1,1,1,1,1,2,1
SF,IC2002,2019-12-30 09:33:30.200,5122.8000,2475,0,48150280.000,0,-,-,-,-,5121.4000,5121.2000,5120.2000,5119.8000,5119.6000,5124.0000,5125.4000,5125.6000,5126.4000,5127.2000,1,1,1,1,2,1,1,1,1,2
SF,IC2002,2019-12-30 09:33:30.700,5122.8000,2475,0,48150280.000,0,-,-,-,-,5121.6000,5121.4000,5121.2000,5120.2000,5119.8000,5124.0000,5125.4000,5125.6000,5126.4000,5127.2000,1,1,1,1,1,1,1,1,1,2
SF,IC2002,2019-12-30 09:33:31.200,5122.8000,2475,0,48150280.000,0,-,-,-,-,5121.6000,5120.2000,5119.8000,5119.6000,5119.0000,5124.0000,5125.4000,5125.6000,5126.4000,5127.2000,1,1,1,2,1,1,1,1,1,2
SF,IC2002,2019-12-30 09:33:31.700,5122.8000,2475,0,48150280.000,0,-,-,-,-,5120.2000,5119.8000,5119.6000,5119.0000,5117.2000,5124.0000,5125.4000,5125.6000,5126.4000,5127.2000,1,1,2,1,1,1,1,1,1,2
SF,IC2002,2019-12-30 09:33:32.200,5122.8000,2475,0,48150280.000,0,-,-,-,-,5120.4000,5120.2000,5119.8000,5119.6000,5119.0000,5123.8000,5124.0000,5125.6000,5126.4000,5127.2000,1,1,1,2,1,1,1,1,1,2
SF,IC2002,2019-12-30 09:33:32.700,5122.8000,2475,0,48150280.000,0,-,-,-,-,5120.4000,5120.2000,5119.8000,5119.6000,5119.0000,5123.8000,5125.6000,5126.4000,5127.2000,5128.2000,2,1,1,2,1,1,1,1,2,1
SF,IC2002,2019-12-30 09:33:33.700,5122.8000,2475,0,48150280.000,0,-,-,-,-,5120.4000,5120.2000,5119.8000,5119.6000,5119.0000,5123.8000,5125.6000,5126.4000,5127.2000,5128.2000,1,1,1,2,1,1,1,1,2,1
SF,IC2002,2019-12-30 09:33:34.200,5122.8000,2475,0,48150280.000,0,-,-,-,-,5120.6000,5120.4000,5120.2000,5119.8000,5119.6000,5123.8000,5125.6000,5126.4000,5127.2000,5128.2000,1,1,1,1,2,1,1,1,2,1
SF,IC2002,2019-12-30 09:33:34.700,5123.8000,2474,-1,49175040.000,1,0,1,双平,S,5120.8000,5120.6000,5120.2000,5119.8000,5119.6000,5125.6000,5126.4000,5127.2000,5128.2000,5128.6000,1,1,1,1,2,1,1,2,1,1
SF,IC2002,2019-12-30 09:33:35.200,5123.8000,2474,0,49175040.000,0,-,-,-,-,5121.0000,5120.8000,5120.6000,5120.2000,5119.8000,5123.4000,5125.0000,5125.4000,5125.6000,5126.4000,1,1,1,1,1,1,1,1,1,1
SF,IC2002,2019-12-30 09:33:35.700,5123.8000,2474,0,49175040.000,0,-,-,-,-,5121.2000,5121.0000,5120.2000,5119.8000,5119.6000,5123.4000,5125.6000,5126.4000,5127.2000,5128.2000,1,1,1,1,2,1,1,1,2,1
SF,IC2002,2019-12-30 09:33:36.200,5123.8000,2474,0,49175040.000,0,-,-,-,-,5121.2000,5120.2000,5119.8000,5119.6000,5119.0000,5125.6000,5126.4000,5127.2000,5128.2000,5128.6000,1,1,1,2,1,1,1,2,1,1
SF,IC2002,2019-12-30 09:33:36.700,5123.8000,2474,0,49175040.000,0,-,-,-,-,5121.4000,5121.2000,5120.2000,5119.8000,5119.6000,5125.4000,5125.6000,5126.4000,5127.2000,5128.2000,1,1,1,1,2,1,1,1,2,1
SF,IC2002,2019-12-30 09:33:37.200,5123.8000,2474,0,49175040.000,0,-,-,-,-,5121.6000,5121.4000,5120.2000,5119.8000,5119.6000,5125.0000,5125.4000,5125.6000,5127.2000,5128.2000,1,1,1,1,2,1,1,1,2,1
SF,IC2002,2019-12-30 09:33:37.700,5123.8000,2474,0,49175040.000,0,-,-,-,-,5120.2000,5119.8000,5119.6000,5119.0000,5117.2000,5124.8000,5125.0000,5125.6000,5127.2000,5128.2000,1,1,2,1,1,1,1,1,2,1
SF,IC2002,2019-12-30 09:33:38.200,5123.8000,2474,0,49175040.000,0,-,-,-,-,5120.4000,5120.2000,5119.8000,5119.6000,5119.0000,5123.6000,5124.4000,5124.8000,5125.0000,5125.6000,1,1,1,2,1,1,1,1,2,1
SF,IC2002,2019-12-30 09:33:39.200,5123.8000,2474,0,49175040.000,0,-,-,-,-,5120.6000,5120.4000,5120.2000,5119.8000,5119.6000,5123.6000,5124.4000,5124.8000,5125.0000,5125.6000,1,1,1,1,2,1,1,1,2,1
SF,IC2002,2019-12-30 09:33:39.700,5123.8000,2474,0,49175040.000,0,-,-,-,-,5120.8000,5120.6000,5120.2000,5119.8000,5119.6000,5123.6000,5124.4000,5124.8000,5125.0000,5125.6000,1,1,1,1,2,1,1,1,2,1
SF,IC2002,2019-12-30 09:33:40.200,5123.8000,2474,0,49175040.000,0,-,-,-,-,5120.8000,5120.2000,5119.8000,5119.6000,5119.0000,5123.6000,5124.4000,5124.8000,5125.0000,5125.6000,1,1,1,2,1,1,1,1,2,1
SF,IC2002,2019-12-30 09:33:40.700,5123.8000,2474,0,49175040.000,0,-,-,-,-,5120.8000,5120.2000,5119.8000,5119.6000,5119.0000,5123.2000,5123.6000,5124.4000,5124.8000,5125.0000,1,1,1,2,1,1,1,1,1,2
SF,IC2002,2019-12-30 09:33:41.200,5123.8000,2474,0,49175040.000,0,-,-,-,-,5121.0000,5120.8000,5120.2000,5119.8000,5119.6000,5123.6000,5124.4000,5124.8000,5125.0000,5125.6000,1,1,1,1,2,1,1,1,2,1
SF,IC2002,2019-12-30 09:33:42.200,5123.8000,2474,0,49175040.000,0,-,-,-,-,5121.0000,5120.8000,5120.2000,5119.8000,5119.6000,5124.4000,5124.8000,5125.0000,5125.6000,5127.2000,1,1,1,1,2,1,1,2,1,2
SF,IC2002,2019-12-30 09:33:42.700,5123.8000,2474,0,49175040.000,0,-,-,-,-,5121.2000,5121.0000,5120.8000,5120.2000,5119.8000,5124.2000,5124.4000,5124.6000,5125.0000,5125.6000,1,1,1,1,1,1,1,1,2,1
SF,IC2002,2019-12-30 09:33:43.200,5123.8000,2474,0,49175040.000,0,-,-,-,-,5121.2000,5121.0000,5120.8000,5120.2000,5119.8000,5123.8000,5124.2000,5124.4000,5125.0000,5125.6000,1,1,1,1,1,1,1,1,2,1
SF,IC2002,2019-12-30 09:33:43.700,5123.8000,2474,0,49175040.000,0,-,-,-,-,5121.2000,5121.0000,5120.8000,5120.2000,5119.8000,5123.8000,5124.4000,5125.0000,5125.6000,5127.2000,1,1,1,1,1,1,1,2,1,1
SF,IC2002,2019-12-30 09:33:44.200,5123.8000,2474,0,49175040.000,0,-,-,-,-,5121.0000,5120.8000,5120.2000,5119.8000,5119.6000,5123.8000,5124.4000,5125.0000,5125.6000,5127.2000,1,1,1,1,2,1,1,2,1,1
SF,IC2002,2019-12-30 09:33:44.700,5123.8000,2474,0,49175040.000,0,-,-,-,-,5121.2000,5121.0000,5120.8000,5120.2000,5119.8000,5123.8000,5124.4000,5125.0000,5125.6000,5127.2000,1,1,1,1,1,1,1,2,1,1
SF,IC2002,2019-12-30 09:33:45.700,5123.8000,2474,0,49175040.000,0,-,-,-,-,5121.0000,5120.8000,5120.2000,5119.8000,5119.6000,5123.8000,5124.4000,5125.0000,5125.6000,5127.2000,1,1,1,1,2,1,1,2,1,1
SF,IC2002,2019-12-30 09:33:46.200,5123.8000,2474,0,49175040.000,0,-,-,-,-,5121.2000,5121.0000,5120.8000,5120.2000,5119.8000,5123.4000,5123.8000,5124.4000,5125.0000,5125.6000,1,1,1,1,1,1,1,1,2,1
SF,IC2002,2019-12-30 09:33:47.700,5123.8000,2474,0,49175040.000,0,-,-,-,-,5121.2000,5121.0000,5120.8000,5120.2000,5119.8000,5123.4000,5123.8000,5124.4000,5125.0000,5125.6000,2,1,1,1,1,1,1,1,2,1
SF,IC2002,2019-12-30 09:33:48.200,5123.8000,2474,0,49175040.000,0,-,-,-,-,5121.4000,5121.2000,5121.0000,5120.2000,5119.8000,5123.4000,5123.8000,5124.4000,5125.0000,5125.6000,1,2,1,1,1,1,1,1,2,1
SF,IC2002,2019-12-30 09:33:48.700,5123.8000,2474,0,49175040.000,0,-,-,-,-,5121.6000,5121.2000,5121.0000,5120.2000,5119.8000,5125.0000,5125.6000,5127.2000,5128.2000,5128.6000,1,2,1,1,1,1,1,1,1,1
SF,IC2002,2019-12-30 09:33:49.200,5123.8000,2474,0,49175040.000,0,-,-,-,-,5121.8000,5121.6000,5121.2000,5121.0000,5120.2000,5124.6000,5125.0000,5125.6000,5127.2000,5128.2000,1,1,2,1,1,1,1,1,1,1
SF,IC2002,2019-12-30 09:33:49.700,5123.8000,2474,0,49175040.000,0,-,-,-,-,5121.8000,5121.6000,5121.2000,5121.0000,5120.2000,5124.2000,5124.6000,5125.0000,5125.6000,5127.2000,1,1,1,1,1,1,1,2,1,1
SF,IC2002,2019-12-30 09:33:50.200,5123.8000,2474,0,49175040.000,0,-,-,-,-,5122.0000,5121.8000,5121.2000,5121.0000,5120.2000,5124.6000,5125.0000,5125.6000,5127.2000,5128.2000,1,1,1,1,1,1,1,1,1,1
SF,IC2002,2019-12-30 09:33:50.700,5123.8000,2474,0,49175040.000,0,-,-,-,-,5122.2000,5122.0000,5121.2000,5121.0000,5120.2000,5124.6000,5125.0000,5125.6000,5127.2000,5128.6000,1,1,1,1,1,1,1,1,1,1
SF,IC2002,2019-12-30 09:33:51.200,5123.8000,2474,0,49175040.000,0,-,-,-,-,5121.2000,5121.0000,5120.2000,5119.8000,5119.6000,5124.2000,5124.6000,5125.0000,5125.6000,5127.2000,1,1,1,1,2,1,1,1,1,1
SF,IC2002,2019-12-30 09:33:51.700,5123.8000,2474,0,49175040.000,0,-,-,-,-,5121.4000,5121.2000,5121.0000,5120.2000,5119.8000,5123.8000,5124.2000,5124.6000,5125.0000,5125.6000,1,1,1,1,1,1,1,1,1,1
SF,IC2002,2019-12-30 09:33:54.700,5123.8000,2474,0,49175040.000,0,-,-,-,-,5121.6000,5121.4000,5121.2000,5121.0000,5120.2000,5124.6000,5125.0000,5125.6000,5127.2000,5128.6000,1,1,1,1,1,1,1,1,1,1
SF,IC2002,2019-12-30 09:33:55.200,5123.8000,2474,0,49175040.000,0,-,-,-,-,5121.8000,5121.6000,5121.2000,5121.0000,5120.2000,5124.6000,5125.0000,5125.6000,5127.2000,5128.6000,2,1,1,1,1,1,1,1,1,1
SF,IC2002,2019-12-30 09:34:00.200,5123.8000,2474,0,49175040.000,0,-,-,-,-,5121.8000,5121.2000,5121.0000,5120.2000,5119.8000,5124.6000,5125.0000,5125.6000,5127.2000,5128.6000,2,1,1,1,1,1,1,1,1,1
SF,IC2002,2019-12-30 09:34:00.700,5123.8000,2474,0,49175040.000,0,-,-,-,-,5122.0000,5121.8000,5121.2000,5121.0000,5120.2000,5124.6000,5125.0000,5125.6000,5127.2000,5128.6000,1,1,1,1,1,1,1,1,1,1
SF,IC2002,2019-12-30 09:34:01.200,5123.8000,2474,0,49175040.000,0,-,-,-,-,5122.2000,5122.0000,5121.2000,5121.0000,5120.2000,5124.6000,5125.0000,5125.6000,5127.2000,5128.6000,1,2,1,1,1,1,1,1,1,1
SF,IC2002,2019-12-30 09:34:02.200,5123.8000,2474,0,49175040.000,0,-,-,-,-,5122.2000,5122.0000,5121.2000,5121.0000,5119.8000,5124.6000,5125.0000,5125.6000,5127.2000,5128.6000,1,1,1,1,1,1,1,1,1,1
SF,IC2002,2019-12-30 09:34:02.700,5123.8000,2474,0,49175040.000,0,-,-,-,-,5122.4000,5122.2000,5121.2000,5121.0000,5119.8000,5124.6000,5125.0000,5125.6000,5127.2000,5128.6000,1,1,1,1,1,1,1,1,1,1
SF,IC2002,2019-12-30 09:34:04.700,5123.8000,2474,0,49175040.000,0,-,-,-,-,5122.4000,5122.2000,5121.2000,5121.0000,5119.8000,5124.6000,5125.0000,5125.6000,5127.2000,5128.6000,1,1,1,1,1,1,1,1,1,1
SF,IC2002,2019-12-30 09:34:07.700,5123.8000,2474,0,49175040.000,0,-,-,-,-,5122.4000,5122.2000,5121.2000,5121.0000,5119.8000,5125.0000,5125.6000,5127.2000,5128.6000,5133.0000,1,1,1,1,1,1,1,1,1,5
SF,IC2002,2019-12-30 09:34:08.200,5123.8000,2474,0,49175040.000,0,-,-,-,-,5122.6000,5122.4000,5121.2000,5121.0000,5119.8000,5125.6000,5127.2000,5128.6000,5133.0000,5158.0000,2,1,1,1,1,1,1,1,5,1
SF,IC2002,2019-12-30 09:34:08.700,5123.8000,2474,0,49175040.000,0,-,-,-,-,5122.6000,5122.4000,5121.2000,5121.0000,5119.8000,5125.4000,5128.6000,5133.0000,5158.0000,5200.0000,2,1,1,1,1,1,1,5,1,5
SF,IC2002,2019-12-30 09:34:09.200,5122.8000,2475,1,50199600.000,1,1,0,双开,S,5122.6000,5122.4000,5121.2000,5121.0000,5119.8000,5125.2000,5128.6000,5133.0000,5158.0000,5200.0000,1,1,1,1,1,1,1,5,1,5
SF,IC2002,2019-12-30 09:34:09.700,5122.8000,2475,0,50199600.000,0,-,-,-,-,5122.8000,5122.6000,5122.4000,5121.2000,5121.0000,5125.2000,5128.6000,5133.0000,5158.0000,5200.0000,1,1,1,1,1,1,1,5,1,5
SF,IC2002,2019-12-30 09:34:10.200,5122.8000,2475,0,50199600.000,0,-,-,-,-,5123.0000,5122.8000,5122.4000,5121.2000,5121.0000,5125.2000,5128.6000,5133.0000,5158.0000,5200.0000,1,1,1,1,1,1,1,5,1,5
SF,IC2002,2019-12-30 09:34:10.700,5122.8000,2475,0,50199600.000,0,-,-,-,-,5123.0000,5122.4000,5121.2000,5121.0000,5119.8000,5125.2000,5128.6000,5133.0000,5158.0000,5200.0000,1,1,1,1,1,1,1,5,1,5
SF,IC2002,2019-12-30 09:34:11.200,5122.8000,2475,0,50199600.000,0,-,-,-,-,5123.0000,5121.0000,5119.8000,5119.6000,5119.0000,5125.2000,5128.6000,5133.0000,5158.0000,5200.0000,1,1,1,2,1,1,1,5,1,5
SF,IC2002,2019-12-30 09:34:11.700,5122.8000,2475,0,50199600.000,0,-,-,-,-,5123.2000,5123.0000,5121.0000,5119.8000,5119.6000,5125.2000,5128.6000,5133.0000,5158.0000,5200.0000,1,1,1,1,2,1,1,5,1,5
SF,IC2002,2019-12-30 09:34:12.200,5122.8000,2475,0,50199600.000,0,-,-,-,-,5123.4000,5123.2000,5121.0000,5119.8000,5119.6000,5125.2000,5128.6000,5133.0000,5158.0000,5200.0000,1,1,1,1,2,1,1,5,1,5
SF,IC2002,2019-12-30 09:34:12.700,5122.8000,2475,0,50199600.000,0,-,-,-,-,5123.6000,5123.4000,5123.2000,5121.0000,5119.8000,5125.2000,5128.6000,5133.0000,5158.0000,5200.0000,1,1,1,1,1,1,1,5,1,5
SF,IC2002,2019-12-30 09:34:13.200,5122.8000,2475,0,50199600.000,0,-,-,-,-,5123.8000,5123.6000,5121.0000,5119.8000,5119.6000,5125.2000,5128.6000,5133.0000,5158.0000,5200.0000,1,1,1,1,2,1,1,5,1,5
SF,IC2002,2019-12-30 09:34:13.700,5122.8000,2475,0,50199600.000,0,-,-,-,-,5123.6000,5121.0000,5119.8000,5119.6000,5119.0000,5128.6000,5133.0000,5158.0000,5200.0000,5216.2000,1,1,1,2,1,1,5,1,5,1
SF,IC2002,2019-12-30 09:34:14.200,5122.8000,2475,0,50199600.000,0,-,-,-,-,5121.0000,5119.8000,5119.6000,5119.0000,5117.2000,5128.2000,5128.4000,5128.6000,5133.0000,5158.0000,1,1,2,1,1,1,1,1,5,1
SF,IC2002,2019-12-30 09:34:14.700,5122.8000,2475,0,50199600.000,0,-,-,-,-,5123.8000,5122.0000,5121.6000,5121.4000,5121.2000,5128.2000,5128.6000,5133.0000,5158.0000,5200.0000,1,1,1,2,3,1,1,5,1,5
SF,IC2002,2019-12-30 09:34:15.200,5122.8000,2475,0,50199600.000,0,-,-,-,-,5124.0000,5123.8000,5122.0000,5121.6000,5121.4000,5128.2000,5128.6000,5133.0000,5158.0000,5200.0000,1,1,1,1,2,1,1,5,1,5
SF,IC2002,2019-12-30 09:34:15.700,5122.8000,2475,0,50199600.000,0,-,-,-,-,5124.0000,5122.0000,5121.6000,5121.4000,5121.2000,5128.2000,5128.6000,5133.0000,5158.0000,5200.0000,1,1,1,2,2,1,1,5,1,5
SF,IC2002,2019-12-30 09:34:16.200,5122.8000,2475,0,50199600.000,0,-,-,-,-,5124.0000,5122.0000,5121.6000,5121.4000,5121.2000,5128.0000,5128.2000,5128.6000,5133.0000,5158.0000,1,1,1,1,2,1,1,1,5,1
SF,IC2002,2019-12-30 09:34:16.700,5122.8000,2475,0,50199600.000,0,-,-,-,-,5124.2000,5124.0000,5122.0000,5121.6000,5121.4000,5127.6000,5128.2000,5128.6000,5133.0000,5158.0000,1,1,1,1,1,1,1,1,5,1
SF,IC2002,2019-12-30 09:34:17.200,5122.8000,2475,0,50199600.000,0,-,-,-,-,5124.4000,5124.2000,5122.0000,5121.6000,5121.4000,5127.6000,5128.2000,5128.6000,5133.0000,5158.0000,1,1,1,1,1,1,1,1,5,1
SF,IC2002,2019-12-30 09:34:17.700,5122.8000,2475,0,50199600.000,0,-,-,-,-,5124.6000,5124.4000,5124.2000,5122.0000,5121.6000,5127.4000,5127.6000,5128.2000,5128.6000,5133.0000,1,2,1,1,1,1,1,1,1,5
SF,IC2002,2019-12-30 09:34:18.200,5122.8000,2475,0,50199600.000,0,-,-,-,-,5124.8000,5124.6000,5124.4000,5122.0000,5121.6000,5127.4000,5128.2000,5128.6000,5133.0000,5158.0000,1,1,1,1,1,1,1,1,5,1
SF,IC2002,2019-12-30 09:34:18.700,5122.8000,2475,0,50199600.000,0,-,-,-,-,5124.8000,5124.6000,5124.4000,5122.0000,5121.6000,5127.4000,5128.2000,5128.6000,5133.0000,5158.0000,1,1,1,1,1,1,1,1,5,1
SF,IC2002,2019-12-30 09:34:19.200,5122.8000,2475,0,50199600.000,0,-,-,-,-,5124.8000,5124.4000,5122.0000,5121.6000,5121.2000,5127.2000,5127.4000,5128.2000,5128.6000,5133.0000,1,1,1,1,2,1,1,1,1,5
SF,IC2002,2019-12-30 09:34:19.700,5122.8000,2475,0,50199600.000,0,-,-,-,-,5122.0000,5121.6000,5121.2000,5121.0000,5119.8000,5127.2000,5127.4000,5128.2000,5128.6000,5133.0000,1,1,2,1,1,1,1,1,1,5
SF,IC2002,2019-12-30 09:34:20.200,5122.8000,2475,0,50199600.000,0,-,-,-,-,5125.0000,5122.8000,5122.4000,5122.2000,5122.0000,5127.2000,5127.4000,5128.2000,5128.6000,5133.0000,1,1,1,3,1,1,1,1,1,5
SF,IC2002,2019-12-30 09:34:21.700,5122.8000,2475,0,50199600.000,0,-,-,-,-,5122.8000,5122.4000,5122.2000,5122.0000,5121.6000,5127.2000,5127.4000,5128.2000,5128.6000,5133.0000,1,1,3,1,1,1,1,1,1,5
SF,IC2002,2019-12-30 09:34:22.200,5122.8000,2475,0,50199600.000,0,-,-,-,-,5123.0000,5122.8000,5122.4000,5122.2000,5122.0000,5127.2000,5127.4000,5128.2000,5128.6000,5133.0000,2,1,1,2,1,1,1,1,1,5
SF,IC2002,2019-12-30 09:34:22.700,5122.8000,2475,0,50199600.000,0,-,-,-,-,5123.0000,5122.8000,5122.4000,5122.2000,5122.0000,5127.2000,5127.4000,5128.2000,5128.6000,5133.0000,3,1,1,2,1,1,1,1,1,5
SF,IC2002,2019-12-30 09:34:23.200,5122.8000,2475,0,50199600.000,0,-,-,-,-,5123.0000,5122.4000,5122.2000,5122.0000,5121.6000,5127.2000,5128.2000,5128.6000,5133.0000,5158.0000,3,1,2,1,1,1,1,1,5,1
SF,IC2002,2019-12-30 09:34:23.700,5122.8000,2475,0,50199600.000,0,-,-,-,-,5123.0000,5122.8000,5122.4000,5122.2000,5122.0000,5127.2000,5128.2000,5128.6000,5133.0000,5158.0000,3,1,1,2,1,1,1,1,5,1
SF,IC2002,2019-12-30 09:34:24.200,5122.8000,2475,0,50199600.000,0,-,-,-,-,5123.4000,5123.0000,5122.8000,5122.2000,5122.0000,5128.2000,5128.6000,5133.0000,5158.0000,5200.0000,1,4,1,2,1,1,1,5,1,5
SF,IC2002,2019-12-30 09:34:24.700,5122.8000,2475,0,50199600.000,0,-,-,-,-,5123.8000,5123.6000,5123.4000,5123.0000,5122.8000,5128.2000,5128.6000,5133.0000,5158.0000,5200.0000,1,5,1,3,1,1,1,5,1,5
SF,IC2002,2019-12-30 09:34:25.200,5122.8000,2475,0,50199600.000,0,-,-,-,-,5124.0000,5123.8000,5123.6000,5123.4000,5123.0000,5128.2000,5128.6000,5133.0000,5158.0000,5200.0000,2,1,3,1,3,1,1,5,1,5
SF,IC2002,2019-12-30 09:34:25.700,5122.8000,2475,0,50199600.000,0,-,-,-,-,5124.6000,5124.2000,5124.0000,5123.8000,5123.6000,5128.2000,5128.6000,5133.0000,5158.0000,5200.0000,2,1,2,1,3,1,1,5,1,5
SF,IC2002,2019-12-30 09:34:26.200,5122.8000,2475,0,50199600.000,0,-,-,-,-,5124.6000,5124.2000,5124.0000,5123.8000,5123.6000,5128.6000,5133.0000,5158.0000,5200.0000,5216.2000,2,1,1,1,3,1,5,1,5,1
SF,IC2002,2019-12-30 09:34:26.700,5122.8000,2475,0,50199600.000,0,-,-,-,-,5124.8000,5124.6000,5124.2000,5124.0000,5123.8000,5128.4000,5128.6000,5133.0000,5158.0000,5200.0000,1,2,1,1,1,1,1,5,1,5
SF,IC2002,2019-12-30 09:34:27.200,5122.8000,2475,0,50199600.000,0,-,-,-,-,5124.8000,5124.6000,5124.2000,5124.0000,5123.8000,5128.4000,5128.6000,5133.0000,5158.0000,5200.0000,3,2,1,1,1,1,1,5,1,5
SF,IC2002,2019-12-30 09:34:27.700,5122.8000,2475,0,50199600.000,0,-,-,-,-,5124.8000,5124.6000,5124.2000,5124.0000,5123.8000,5128.4000,5128.6000,5133.0000,5158.0000,5200.0000,3,2,1,1,1,1,1,5,1,5
SF,IC2002,2019-12-30 09:34:28.200,5122.8000,2475,0,50199600.000,0,-,-,-,-,5124.8000,5124.6000,5124.0000,5123.8000,5123.6000,5128.4000,5128.6000,5133.0000,5158.0000,5200.0000,3,2,1,1,2,1,1,5,1,5
SF,IC2002,2019-12-30 09:34:28.700,5122.8000,2475,0,50199600.000,0,-,-,-,-,5125.0000,5124.8000,5124.6000,5124.0000,5123.8000,5128.4000,5128.6000,5133.0000,5158.0000,5200.0000,2,4,2,1,1,1,1,5,1,5
SF,IC2002,2019-12-30 09:34:29.200,5122.8000,2475,0,50199600.000,0,-,-,-,-,5125.2000,5125.0000,5124.8000,5124.6000,5124.0000,5128.4000,5128.6000,5133.0000,5158.0000,5200.0000,2,1,2,2,1,1,1,5,1,5
SF,IC2002,2019-12-30 09:34:29.700,5128.4000,2474,-1,51225280.000,1,0,1,双平,S,5125.2000,5125.0000,5124.8000,5124.6000,5124.0000,5128.6000,5133.0000,5158.0000,5200.0000,5216.2000,4,3,2,2,1,1,5,1,5,1
SF,IC2002,2019-12-30 09:34:30.200,5128.6000,2474,0,52251000.000,1,0,1,多换,S,5125.4000,5125.2000,5125.0000,5124.8000,5124.6000,5138.8000,5158.0000,5200.0000,5216.2000,5266.0000,1,4,2,2,2,5,1,5,1,3
SF,IC2002,2019-12-30 09:34:30.700,5128.6000,2474,0,52251000.000,0,-,-,-,-,5128.6000,5125.6000,5125.4000,5125.2000,5125.0000,5133.2000,5134.0000,5134.8000,5135.0000,5135.4000,1,3,1,4,2,1,1,1,2,1
SF,IC2002,2019-12-30 09:34:31.200,5128.6000,2473,-1,53276720.000,1,0,1,双平,S,5128.8000,5125.6000,5125.2000,5125.0000,5124.8000,5132.8000,5133.2000,5134.0000,5134.8000,5135.0000,1,2,3,2,2,2,1,1,1,2
SF,IC2002,2019-12-30 09:34:31.700,5128.8000,2472,-1,54302480.000,1,0,1,双平,S,5125.6000,5125.2000,5125.0000,5124.8000,5124.6000,5132.8000,5133.2000,5134.0000,5134.8000,5135.0000,1,3,2,2,2,2,1,1,1,2
SF,IC2002,2019-12-30 09:34:32.200,5125.0000,2473,1,62503640.000,8,4,4,空开,S,5124.8000,5124.6000,5124.0000,5123.8000,5123.6000,5130.0000,5132.6000,5132.8000,5134.0000,5134.8000,1,2,1,1,2,1,2,2,1,1
SF,IC2002,2019-12-30 09:34:32.700,5125.0000,2473,0,62503640.000,0,-,-,-,-,5127.6000,5125.2000,5125.0000,5124.8000,5124.6000,5129.6000,5129.8000,5130.0000,5132.0000,5132.6000,1,2,3,1,2,1,2,1,1,1
SF,IC2002,2019-12-30 09:34:33.200,5125.0000,2473,0,62503640.000,0,-,-,-,-,5127.8000,5125.6000,5125.2000,5125.0000,5124.8000,5129.8000,5132.0000,5132.6000,5132.8000,5134.0000,1,1,3,4,1,1,1,1,2,1
SF,IC2002,2019-12-30 09:34:33.700,5125.0000,2473,0,62503640.000,0,-,-,-,-,5127.8000,5125.6000,5125.4000,5125.2000,5125.0000,5129.8000,5130.0000,5132.0000,5132.6000,5132.8000,1,1,1,3,4,1,1,1,1,2
SF,IC2002,2019-12-30 09:34:34.200,5125.0000,2473,0,62503640.000,0,-,-,-,-,5125.8000,5125.6000,5125.4000,5125.2000,5125.0000,5129.6000,5129.8000,5130.0000,5132.0000,5132.6000,1,1,1,2,3,1,1,1,1,1
SF,IC2002,2019-12-30 09:34:34.700,5125.0000,2473,0,62503640.000,0,-,-,-,-,5126.0000,5125.8000,5125.6000,5125.4000,5125.2000,5129.4000,5129.6000,5130.0000,5132.0000,5132.6000,1,1,1,1,2,1,2,1,1,1
SF,IC2002,2019-12-30 09:34:35.200,5125.0000,2473,0,62503640.000,0,-,-,-,-,5126.0000,5125.8000,5125.6000,5125.4000,5125.2000,5129.2000,5129.4000,5129.6000,5130.0000,5132.0000,1,1,1,1,2,1,1,2,1,1
SF,IC2002,2019-12-30 09:34:35.700,5125.0000,2473,0,62503640.000,0,-,-,-,-,5125.8000,5125.6000,5125.4000,5125.2000,5125.0000,5129.0000,5129.2000,5129.6000,5130.0000,5132.0000,1,1,1,2,2,1,1,1,1,1
SF,IC2002,2019-12-30 09:34:36.200,5125.0000,2473,0,62503640.000,0,-,-,-,-,5125.8000,5125.2000,5124.8000,5124.0000,5123.8000,5128.8000,5129.0000,5129.2000,5129.6000,5130.0000,1,1,1,1,1,2,1,1,1,1
SF,IC2002,2019-12-30 09:34:36.700,5125.0000,2473,0,62503640.000,0,-,-,-,-,5125.0000,5124.0000,5123.8000,5123.6000,5123.0000,5128.6000,5128.8000,5129.6000,5130.0000,5132.0000,1,1,1,2,1,1,2,1,1,1
SF,IC2002,2019-12-30 09:34:37.200,5125.0000,2473,0,62503640.000,0,-,-,-,-,5125.0000,5123.6000,5123.0000,5122.2000,5121.2000,5128.2000,5128.6000,5128.8000,5130.0000,5132.0000,1,2,1,2,2,1,2,2,1,1
SF,IC2002,2019-12-30 09:34:37.700,5125.0000,2473,0,62503640.000,0,-,-,-,-,5125.0000,5123.6000,5123.0000,5122.2000,5121.2000,5128.0000,5128.2000,5128.4000,5128.6000,5128.8000,1,2,1,2,2,3,1,1,1,2
SF,IC2002,2019-12-30 09:34:38.200,5125.0000,2473,0,62503640.000,0,-,-,-,-,5123.6000,5123.0000,5122.2000,5121.2000,5121.0000,5128.0000,5128.2000,5128.4000,5128.6000,5128.8000,2,1,2,2,1,1,1,1,1,1
SF,IC2002,2019-12-30 09:34:38.700,5125.0000,2473,0,62503640.000,0,-,-,-,-,5123.8000,5123.6000,5123.2000,5123.0000,5122.2000,5127.8000,5128.2000,5128.4000,5128.6000,5128.8000,4,2,1,1,2,1,1,1,1,1
SF,IC2002,2019-12-30 09:34:39.200,5125.0000,2473,0,62503640.000,0,-,-,-,-,5124.6000,5123.8000,5123.6000,5123.2000,5123.0000,5127.8000,5128.2000,5128.8000,5130.0000,5132.0000,1,4,2,1,1,1,1,1,1,1
SF,IC2002,2019-12-30 09:34:39.700,5125.0000,2473,0,62503640.000,0,-,-,-,-,5124.8000,5124.6000,5124.2000,5123.8000,5123.6000,5127.8000,5128.2000,5128.8000,5130.0000,5132.0000,1,2,1,3,2,1,1,1,1,1
SF,IC2002,2019-12-30 09:34:40.700,5125.0000,2473,0,62503640.000,0,-,-,-,-,5125.0000,5124.8000,5124.6000,5124.2000,5123.8000,5127.8000,5128.2000,5128.8000,5130.0000,5132.0000,1,1,1,1,3,1,1,1,1,1
SF,IC2002,2019-12-30 09:34:41.200,5125.0000,2473,0,62503640.000,0,-,-,-,-,5125.0000,5124.6000,5124.2000,5123.6000,5123.0000,5127.6000,5127.8000,5128.2000,5128.8000,5130.0000,1,2,1,2,1,1,1,1,1,1
SF,IC2002,2019-12-30 09:34:41.700,5125.0000,2473,0,62503640.000,0,-,-,-,-,5124.6000,5124.2000,5123.6000,5123.0000,5122.2000,5127.4000,5127.6000,5127.8000,5128.2000,5128.8000,2,1,2,1,2,1,1,1,1,1
SF,IC2002,2019-12-30 09:34:44.200,5127.4000,2472,-1,63529120.000,1,0,1,双平,S,5124.6000,5124.2000,5123.6000,5123.0000,5122.2000,5127.6000,5127.8000,5128.2000,5128.8000,5130.0000,2,1,2,1,2,1,1,1,1,1
SF,IC2002,2019-12-30 09:34:44.700,5127.4000,2472,0,63529120.000,0,-,-,-,-,5124.8000,5124.6000,5124.2000,5123.6000,5123.0000,5127.6000,5127.8000,5128.2000,5128.8000,5130.0000,1,2,1,2,1,1,1,1,1,1
SF,IC2002,2019-12-30 09:34:45.200,5127.4000,2472,0,63529120.000,0,-,-,-,-,5125.0000,5124.8000,5124.6000,5123.6000,5123.0000,5127.6000,5127.8000,5128.2000,5128.8000,5130.0000,1,1,2,2,1,1,1,1,1,1
SF,IC2002,2019-12-30 09:34:45.700,5127.4000,2472,0,63529120.000,0,-,-,-,-,5125.2000,5124.8000,5124.6000,5123.6000,5123.0000,5127.6000,5128.2000,5128.8000,5130.0000,5132.0000,1,1,2,2,1,1,1,1,1,1
SF,IC2002,2019-12-30 09:34:46.200,5127.4000,2472,0,63529120.000,0,-,-,-,-,5125.2000,5124.6000,5123.6000,5123.0000,5122.4000,5127.6000,5128.2000,5128.8000,5130.0000,5132.0000,2,2,2,1,1,1,1,1,1,1
SF,IC2002,2019-12-30 09:34:46.700,5127.4000,2472,0,63529120.000,0,-,-,-,-,5125.4000,5125.2000,5124.6000,5123.6000,5123.0000,5127.6000,5128.2000,5128.8000,5130.0000,5132.0000,1,2,2,2,1,1,1,1,1,1
SF,IC2002,2019-12-30 09:34:47.200,5127.4000,2472,0,63529120.000,0,-,-,-,-,5125.6000,5125.4000,5125.2000,5124.6000,5123.6000,5127.6000,5128.2000,5128.8000,5130.0000,5132.0000,1,1,2,2,2,1,1,1,1,1
SF,IC2002,2019-12-30 09:34:48.700,5127.6000,2471,-1,64554640.000,1,0,1,双平,S,5127.6000,5125.4000,5125.2000,5124.6000,5123.6000,5128.2000,5128.8000,5130.0000,5132.0000,5132.6000,1,1,2,2,2,1,1,1,1,1
SF,IC2002,2019-12-30 09:34:49.200,5127.6000,2470,-1,65580160.000,1,0,1,双平,S,5125.4000,5125.2000,5124.6000,5123.6000,5123.0000,5128.2000,5128.8000,5130.0000,5132.0000,5132.6000,1,1,2,2,1,1,1,1,1,1
SF,IC2002,2019-12-30 09:34:49.700,5127.6000,2470,0,65580160.000,0,-,-,-,-,5125.6000,5125.4000,5125.2000,5124.6000,5123.6000,5128.2000,5128.8000,5130.0000,5132.0000,5132.6000,2,1,1,2,2,1,1,1,1,1
SF,IC2002,2019-12-30 09:34:50.200,5127.6000,2470,0,65580160.000,0,-,-,-,-,5125.6000,5125.4000,5125.2000,5124.6000,5123.6000,5128.8000,5130.0000,5132.6000,5138.6000,5138.8000,2,1,1,2,2,1,1,1,1,5
SF,IC2002,2019-12-30 09:34:50.700,5127.6000,2470,0,65580160.000,0,-,-,-,-,5125.6000,5125.4000,5125.2000,5124.6000,5123.6000,5128.6000,5128.8000,5130.0000,5132.6000,5138.6000,2,1,1,2,2,1,1,1,1,1
SF,IC2002,2019-12-30 09:34:51.200,5127.6000,2470,0,65580160.000,0,-,-,-,-,5125.6000,5125.4000,5125.2000,5124.6000,5123.6000,5128.6000,5128.8000,5130.0000,5132.6000,5138.6000,1,1,1,2,2,1,1,1,1,1
SF,IC2002,2019-12-30 09:34:51.700,5127.6000,2470,0,65580160.000,0,-,-,-,-,5125.8000,5125.6000,5125.4000,5125.2000,5124.6000,5128.6000,5128.8000,5130.0000,5132.6000,5138.6000,1,1,1,1,2,1,1,1,1,1
SF,IC2002,2019-12-30 09:34:52.200,5127.6000,2470,0,65580160.000,0,-,-,-,-,5126.0000,5125.8000,5125.4000,5125.2000,5124.6000,5128.6000,5128.8000,5130.0000,5132.6000,5138.6000,2,1,1,1,2,1,1,1,1,1
SF,IC2002,2019-12-30 09:34:53.200,5127.6000,2470,0,65580160.000,0,-,-,-,-,5126.0000,5125.4000,5125.2000,5124.6000,5123.6000,5128.6000,5128.8000,5130.0000,5132.6000,5138.6000,2,1,1,2,2,1,1,1,1,1
SF,IC2002,2019-12-30 09:34:53.700,5127.6000,2470,0,65580160.000,0,-,-,-,-,5126.2000,5126.0000,5125.4000,5125.2000,5124.6000,5128.6000,5128.8000,5130.0000,5132.6000,5138.6000,1,2,1,1,2,1,1,1,1,1
SF,IC2002,2019-12-30 09:34:54.200,5127.6000,2470,0,65580160.000,0,-,-,-,-,5126.4000,5126.2000,5126.0000,5125.4000,5125.2000,5128.6000,5128.8000,5130.0000,5132.6000,5138.6000,1,1,1,1,1,1,1,1,1,1
SF,IC2002,2019-12-30 09:34:55.200,5128.6000,2470,0,66605880.000,1,0,1,多换,S,5126.6000,5126.4000,5125.4000,5125.2000,5124.6000,5128.8000,5130.0000,5132.6000,5138.6000,5138.8000,1,2,1,1,1,1,1,1,1,5
SF,IC2002,2019-12-30 09:34:55.700,5128.6000,2470,0,66605880.000,0,-,-,-,-,5126.8000,5126.6000,5125.4000,5125.2000,5124.6000,5128.8000,5130.0000,5132.6000,5138.6000,5138.8000,1,1,1,1,1,1,1,1,1,5
SF,IC2002,2019-12-30 09:34:56.700,5128.6000,2470,0,66605880.000,0,-,-,-,-,5126.8000,5126.6000,5125.4000,5125.2000,5124.6000,5128.8000,5130.0000,5132.6000,5138.6000,5138.8000,2,1,1,1,1,1,1,1,1,5
SF,IC2002,2019-12-30 09:34:57.200,5128.6000,2470,0,66605880.000,0,-,-,-,-,5127.0000,5126.8000,5126.6000,5125.4000,5125.2000,5128.8000,5130.0000,5132.6000,5138.6000,5138.8000,1,2,1,1,1,1,1,1,1,5
SF,IC2002,2019-12-30 09:34:57.700,5128.6000,2470,0,66605880.000,0,-,-,-,-,5127.0000,5126.8000,5125.4000,5125.2000,5124.6000,5128.8000,5130.0000,5132.6000,5138.6000,5138.8000,1,2,1,1,1,1,1,1,1,5
SF,IC2002,2019-12-30 09:34:58.200,5128.6000,2470,0,66605880.000,0,-,-,-,-,5126.8000,5125.4000,5125.2000,5124.6000,5123.6000,5128.8000,5130.0000,5132.6000,5138.6000,5138.8000,2,1,1,1,2,1,1,1,1,5
SF,IC2002,2019-12-30 09:34:58.700,5128.6000,2470,0,66605880.000,0,-,-,-,-,5127.2000,5126.8000,5125.4000,5125.2000,5124.6000,5128.8000,5130.0000,5132.6000,5138.6000,5138.8000,1,2,1,1,1,1,1,1,1,5
SF,IC2002,2019-12-30 09:34:59.200,5128.6000,2470,0,66605880.000,0,-,-,-,-,5127.2000,5126.8000,5125.2000,5124.6000,5123.6000,5128.6000,5128.8000,5130.0000,5132.6000,5138.6000,1,2,1,1,2,2,1,1,1,1
SF,IC2002,2019-12-30 09:34:59.700,5128.6000,2470,0,66605880.000,0,-,-,-,-,5126.8000,5125.2000,5124.6000,5123.6000,5123.0000,5128.2000,5128.8000,5130.0000,5132.6000,5138.6000,2,1,1,2,1,1,1,1,1,1
SF,IC2002,2019-12-30 09:35:00.200,5128.6000,2470,0,66605880.000,0,-,-,-,-,5126.8000,5125.2000,5124.6000,5123.6000,5123.0000,5128.8000,5130.0000,5132.6000,5138.6000,5138.8000,2,1,1,2,1,1,1,1,1,5
SF,IC2002,2019-12-30 09:35:00.700,5128.6000,2470,0,66605880.000,0,-,-,-,-,5126.8000,5125.2000,5124.6000,5123.6000,5123.0000,5128.6000,5128.8000,5130.0000,5132.6000,5138.6000,2,1,1,2,1,2,1,1,1,1
SF,IC2002,2019-12-30 09:35:01.200,5128.6000,2470,0,66605880.000,0,-,-,-,-,5126.8000,5125.2000,5124.6000,5123.6000,5123.0000,5128.2000,5128.8000,5130.0000,5132.6000,5138.6000,2,1,1,2,1,1,1,1,1,1
SF,IC2002,2019-12-30 09:35:01.700,5128.6000,2469,-1,68657320.000,2,0,2,多平,S,5128.6000,5128.2000,5126.8000,5125.2000,5124.6000,5130.0000,5132.6000,5138.6000,5138.8000,5158.0000,4,2,2,1,1,1,1,1,5,1
SF,IC2002,2019-12-30 09:35:02.200,5128.6000,2467,-2,70708760.000,2,0,2,双平,S,5126.8000,5125.2000,5124.6000,5123.6000,5123.0000,5129.6000,5130.0000,5132.6000,5138.6000,5138.8000,2,1,1,2,1,2,1,1,1,5
SF,IC2002,2019-12-30 09:35:02.700,5128.6000,2467,0,70708760.000,0,-,-,-,-,5126.8000,5125.2000,5124.6000,5123.6000,5123.0000,5128.6000,5129.6000,5130.0000,5132.6000,5138.6000,2,1,1,2,1,2,2,1,1,1
SF,IC2002,2019-12-30 09:35:03.200,5128.6000,2467,0,70708760.000,0,-,-,-,-,5126.8000,5125.2000,5124.6000,5123.6000,5123.0000,5128.2000,5128.6000,5129.6000,5130.0000,5132.6000,1,1,1,2,1,1,2,2,1,1
SF,IC2002,2019-12-30 09:35:03.700,5126.8000,2467,0,71734120.000,1,0,1,多换,S,5125.2000,5124.6000,5123.0000,5122.4000,5122.2000,5128.0000,5128.2000,5128.6000,5129.6000,5130.0000,1,1,1,1,2,2,1,2,2,1
SF,IC2002,2019-12-30 09:35:04.200,5126.8000,2467,0,71734120.000,0,-,-,-,-,5125.4000,5125.2000,5122.4000,5122.2000,5121.2000,5127.6000,5127.8000,5128.0000,5128.2000,5128.6000,1,1,1,2,2,2,1,2,1,2
SF,IC2002,2019-12-30 09:35:04.700,5126.8000,2467,0,71734120.000,0,-,-,-,-,5125.4000,5125.2000,5122.4000,5122.2000,5121.2000,5127.4000,5127.6000,5127.8000,5128.0000,5128.2000,2,1,1,2,2,1,2,1,2,1
SF,IC2002,2019-12-30 09:35:05.200,5125.4000,2466,-1,73784280.000,2,0,2,多平,S,5125.2000,5122.4000,5121.2000,5121.0000,5119.8000,5127.0000,5127.2000,5127.4000,5127.6000,5127.8000,1,1,2,1,1,2,1,1,2,1
SF,IC2002,2019-12-30 09:35:05.700,5125.4000,2466,0,73784280.000,0,-,-,-,-,5125.6000,5125.2000,5121.2000,5121.0000,5119.8000,5127.0000,5127.4000,5127.6000,5127.8000,5128.0000,1,1,2,1,1,1,1,2,1,1
SF,IC2002,2019-12-30 09:35:06.200,5128.0000,2468,2,79937360.000,6,4,2,空开,S,5128.2000,5125.6000,5125.2000,5121.2000,5121.0000,5128.6000,5129.6000,5130.0000,5138.6000,5138.8000,2,1,1,2,1,1,1,1,1,5
SF,IC2002,2019-12-30 09:35:06.700,5128.2000,2468,0,81988640.000,2,1,1,多换,S,5125.2000,5121.2000,5121.0000,5119.8000,5119.6000,5128.2000,5128.6000,5129.2000,5129.6000,5130.0000,1,2,1,1,2,2,1,1,1,1
SF,IC2002,2019-12-30 09:35:07.200,5128.2000,2468,0,81988640.000,0,-,-,-,-,5125.4000,5125.2000,5121.2000,5121.0000,5119.8000,5127.8000,5128.2000,5128.6000,5129.2000,5129.6000,3,1,2,1,1,1,1,1,1,1
SF,IC2002,2019-12-30 09:35:07.700,5128.2000,2468,0,81988640.000,0,-,-,-,-,5125.4000,5125.2000,5121.2000,5121.0000,5119.8000,5127.8000,5128.2000,5128.6000,5129.2000,5129.6000,2,1,2,1,1,1,1,1,1,1
SF,IC2002,2019-12-30 09:35:08.200,5128.2000,2468,0,81988640.000,0,-,-,-,-,5125.4000,5125.2000,5121.2000,5121.0000,5119.8000,5127.8000,5128.2000,5128.6000,5129.2000,5129.6000,1,1,2,1,1,1,1,1,1,1
SF,IC2002,2019-12-30 09:35:08.700,5128.2000,2468,0,81988640.000,0,-,-,-,-,5125.6000,5125.4000,5125.2000,5121.2000,5121.0000,5127.8000,5128.2000,5128.6000,5129.2000,5129.6000,1,1,1,2,1,1,1,1,1,1
SF,IC2002,2019-12-30 09:35:09.200,5128.2000,2468,0,81988640.000,0,-,-,-,-,5125.8000,5125.6000,5125.2000,5121.2000,5121.0000,5127.8000,5128.2000,5128.6000,5129.2000,5129.6000,1,1,1,2,1,1,1,1,1,1
SF,IC2002,2019-12-30 09:35:09.700,5128.2000,2468,0,81988640.000,0,-,-,-,-,5125.8000,5125.2000,5121.2000,5121.0000,5119.8000,5127.6000,5127.8000,5128.2000,5128.6000,5129.2000,1,1,2,1,1,1,1,1,1,1
SF,IC2002,2019-12-30 09:35:10.200,5128.2000,2468,0,81988640.000,0,-,-,-,-,5125.8000,5125.2000,5121.2000,5121.0000,5119.8000,5127.4000,5127.6000,5128.2000,5128.6000,5129.2000,1,1,2,1,1,2,1,1,1,1
SF,IC2002,2019-12-30 09:35:13.700,5128.2000,2468,0,81988640.000,0,-,-,-,-,5125.8000,5125.2000,5121.2000,5121.0000,5119.8000,5127.4000,5127.6000,5128.2000,5128.6000,5129.6000,1,1,2,1,1,2,1,1,1,1
SF,IC2002,2019-12-30 09:35:14.200,5128.2000,2468,0,81988640.000,0,-,-,-,-,5125.8000,5125.2000,5121.2000,5121.0000,5119.8000,5127.4000,5128.2000,5128.6000,5129.6000,5130.0000,1,1,2,1,1,1,1,1,1,1
SF,IC2002,2019-12-30 09:35:14.700,5128.2000,2468,0,81988640.000,0,-,-,-,-,5125.8000,5125.2000,5121.2000,5121.0000,5119.8000,5127.2000,5127.4000,5128.2000,5128.6000,5129.6000,1,1,2,1,1,1,1,1,1,1
SF,IC2002,2019-12-30 09:35:15.200,5128.2000,2468,0,81988640.000,0,-,-,-,-,5125.2000,5121.2000,5121.0000,5119.8000,5119.6000,5127.0000,5127.2000,5128.2000,5128.6000,5129.6000,1,2,1,1,2,1,1,1,1,1
SF,IC2002,2019-12-30 09:35:15.700,5128.2000,2468,0,81988640.000,0,-,-,-,-,5125.4000,5125.2000,5121.2000,5121.0000,5119.8000,5126.8000,5127.0000,5128.2000,5128.6000,5129.6000,2,1,2,1,1,1,1,1,1,1
SF,IC2002,2019-12-30 09:35:16.200,5128.2000,2468,0,81988640.000,0,-,-,-,-,5125.4000,5121.2000,5121.0000,5119.8000,5119.6000,5126.6000,5126.8000,5128.2000,5128.6000,5129.6000,1,2,1,1,2,1,1,1,1,1
SF,IC2002,2019-12-30 09:35:16.700,5128.2000,2468,0,81988640.000,0,-,-,-,-,5125.4000,5121.2000,5121.0000,5119.8000,5119.6000,5126.4000,5126.6000,5128.2000,5128.6000,5129.6000,2,2,1,1,2,1,1,1,1,1
SF,IC2002,2019-12-30 09:35:17.200,5128.2000,2468,0,81988640.000,0,-,-,-,-,5125.4000,5121.2000,5121.0000,5119.8000,5119.6000,5126.2000,5126.4000,5128.2000,5128.6000,5129.6000,1,2,1,1,2,1,1,1,1,1
SF,IC2002,2019-12-30 09:35:17.700,5128.2000,2468,0,81988640.000,0,-,-,-,-,5125.4000,5121.2000,5121.0000,5119.8000,5119.6000,5126.0000,5126.2000,5128.2000,5128.6000,5129.6000,1,2,1,1,2,1,1,1,1,1
SF,IC2002,2019-12-30 09:35:18.200,5128.2000,2468,0,81988640.000,0,-,-,-,-,5125.4000,5121.2000,5121.0000,5119.8000,5119.6000,5125.8000,5126.0000,5128.2000,5128.6000,5129.6000,1,2,1,1,2,1,1,1,1,1
SF,IC2002,2019-12-30 09:35:18.700,5125.8000,2467,-1,85064200.000,3,1,2,多平,S,5125.4000,5121.2000,5121.0000,5119.8000,5119.6000,5128.2000,5128.6000,5129.6000,5130.0000,5138.6000,1,2,1,1,2,1,1,1,1,1
SF,IC2002,2019-12-30 09:35:19.200,5125.8000,2467,0,85064200.000,0,-,-,-,-,5125.4000,5121.2000,5121.0000,5119.8000,5119.6000,5128.0000,5128.2000,5128.6000,5129.6000,5130.0000,1,2,1,1,2,1,1,1,1,1
SF,IC2002,2019-12-30 09:35:19.700,5125.8000,2467,0,85064200.000,0,-,-,-,-,5125.8000,5125.4000,5121.2000,5121.0000,5119.8000,5127.8000,5128.0000,5128.2000,5128.6000,5129.6000,1,1,2,1,1,1,1,1,1,1
SF,IC2002,2019-12-30 09:35:20.700,5125.8000,2467,0,85064200.000,0,-,-,-,-,5125.8000,5125.4000,5121.2000,5121.0000,5119.8000,5127.2000,5127.8000,5128.0000,5128.2000,5128.6000,1,1,2,1,1,1,1,1,1,1
SF,IC2002,2019-12-30 09:35:23.700,5125.8000,2468,1,86089360.000,1,1,0,双开,S,5125.4000,5121.2000,5121.0000,5119.8000,5119.6000,5127.8000,5128.0000,5128.2000,5128.6000,5129.6000,1,2,1,1,2,1,1,1,1,1
SF,IC2002,2019-12-30 09:35:25.700,5125.8000,2468,0,86089360.000,0,-,-,-,-,5125.4000,5121.2000,5121.0000,5119.8000,5119.6000,5127.4000,5127.8000,5128.0000,5128.2000,5128.6000,1,2,1,1,2,1,1,1,1,1
SF,IC2002,2019-12-30 09:35:26.200,5125.8000,2468,0,86089360.000,0,-,-,-,-,5125.6000,5125.4000,5121.2000,5121.0000,5119.8000,5127.2000,5127.4000,5128.2000,5128.6000,5129.6000,1,1,2,1,1,1,1,1,1,1
SF,IC2002,2019-12-30 09:35:26.700,5125.8000,2468,0,86089360.000,0,-,-,-,-,5125.6000,5125.4000,5121.2000,5121.0000,5119.8000,5127.2000,5127.4000,5128.2000,5128.6000,5129.6000,1,1,2,1,1,2,1,1,1,1
SF,IC2002,2019-12-30 09:35:28.200,5125.8000,2468,0,86089360.000,0,-,-,-,-,5125.4000,5121.2000,5121.0000,5119.8000,5119.6000,5127.2000,5127.4000,5128.2000,5128.6000,5129.6000,1,2,1,1,2,2,1,1,1,1
SF,IC2002,2019-12-30 09:35:28.700,5125.4000,2467,-1,87114440.000,1,0,1,双平,S,5121.2000,5121.0000,5119.8000,5119.6000,5119.0000,5127.2000,5127.4000,5128.2000,5128.6000,5129.6000,2,1,1,2,1,2,1,1,1,1
SF,IC2002,2019-12-30 09:35:29.200,5125.4000,2467,0,87114440.000,0,-,-,-,-,5122.0000,5121.6000,5121.4000,5121.0000,5119.8000,5125.2000,5127.0000,5127.2000,5127.4000,5128.2000,1,1,1,2,1,1,1,2,1,1
SF,IC2002,2019-12-30 09:35:29.700,5125.4000,2467,0,87114440.000,0,-,-,-,-,5122.4000,5122.2000,5121.6000,5121.0000,5119.8000,5125.2000,5127.0000,5127.2000,5127.4000,5128.2000,1,1,1,2,1,1,1,2,1,1
SF,IC2002,2019-12-30 09:35:30.200,5125.4000,2467,0,87114440.000,0,-,-,-,-,5122.6000,5122.4000,5122.2000,5121.6000,5121.0000,5125.2000,5127.2000,5127.4000,5128.2000,5128.6000,1,1,1,1,1,1,2,1,1,1
SF,IC2002,2019-12-30 09:35:31.700,5125.4000,2467,0,87114440.000,0,-,-,-,-,5122.8000,5122.6000,5122.4000,5122.2000,5121.6000,5125.2000,5127.2000,5127.4000,5128.2000,5128.6000,1,1,1,1,1,1,2,1,1,1
SF,IC2002,2019-12-30 09:35:32.200,5125.4000,2467,0,87114440.000,0,-,-,-,-,5123.0000,5122.8000,5122.4000,5122.2000,5121.0000,5125.2000,5127.2000,5127.4000,5128.2000,5128.6000,2,1,1,1,1,1,2,1,1,1
SF,IC2002,2019-12-30 09:35:33.200,5125.4000,2467,0,87114440.000,0,-,-,-,-,5123.0000,5122.8000,5122.4000,5122.2000,5121.0000,5125.2000,5127.2000,5127.4000,5128.2000,5128.6000,2,1,1,1,1,1,1,1,1,1
SF,IC2002,2019-12-30 09:35:33.700,5125.4000,2467,0,87114440.000,0,-,-,-,-,5123.2000,5123.0000,5122.4000,5122.2000,5121.0000,5125.2000,5127.2000,5127.4000,5128.2000,5128.6000,1,1,1,1,1,1,1,1,1,1
SF,IC2002,2019-12-30 09:35:34.700,5125.4000,2467,0,87114440.000,0,-,-,-,-,5123.2000,5123.0000,5122.4000,5122.2000,5121.0000,5125.2000,5127.2000,5128.2000,5128.6000,5129.6000,1,1,1,1,1,1,1,1,1,1
SF,IC2002,2019-12-30 09:35:35.200,5125.4000,2467,0,87114440.000,0,-,-,-,-,5122.2000,5121.0000,5119.8000,5119.6000,5119.0000,5125.2000,5127.2000,5128.2000,5128.6000,5129.6000,1,1,1,2,1,1,1,1,1,1
SF,IC2002,2019-12-30 09:35:35.700,5125.4000,2467,0,87114440.000,0,-,-,-,-,5122.4000,5122.2000,5121.0000,5119.8000,5119.6000,5125.2000,5127.2000,5128.2000,5128.6000,5129.6000,1,1,1,1,2,1,1,1,1,1
SF,IC2002,2019-12-30 09:35:36.700,5125.4000,2467,0,87114440.000,0,-,-,-,-,5123.0000,5122.4000,5122.2000,5121.0000,5119.8000,5124.6000,5127.2000,5128.2000,5128.6000,5129.6000,1,1,1,1,1,1,1,1,1,1
SF,IC2002,2019-12-30 09:35:37.200,5125.4000,2467,0,87114440.000,0,-,-,-,-,5123.0000,5121.0000,5119.8000,5119.6000,5119.0000,5124.6000,5125.0000,5127.2000,5128.2000,5128.6000,1,1,1,2,1,1,2,6,1,1
SF,IC2002,2019-12-30 09:35:37.700,5125.4000,2467,0,87114440.000,0,-,-,-,-,5123.0000,5121.0000,5119.8000,5119.6000,5119.0000,5124.6000,5125.0000,5125.4000,5127.2000,5128.2000,1,1,1,2,1,1,2,1,6,1
SF,IC2002,2019-12-30 09:35:38.200,5125.4000,2467,0,87114440.000,0,-,-,-,-,5123.0000,5121.0000,5119.8000,5119.6000,5119.0000,5124.6000,5125.0000,5125.4000,5127.2000,5128.2000,1,1,1,2,1,1,2,2,6,1
SF,IC2002,2019-12-30 09:35:39.200,5123.0000,2467,0,88139040.000,1,0,1,多换,S,5121.0000,5119.8000,5119.6000,5119.0000,5117.2000,5124.6000,5125.0000,5125.4000,5127.2000,5128.2000,1,1,2,1,1,1,2,2,6,1
SF,IC2002,2019-12-30 09:35:39.700,5123.0000,2467,0,88139040.000,0,-,-,-,-,5121.2000,5121.0000,5119.8000,5119.6000,5119.0000,5124.6000,5125.0000,5125.4000,5127.2000,5128.2000,2,1,1,2,1,1,2,2,6,1
SF,IC2002,2019-12-30 09:35:40.200,5123.0000,2467,0,88139040.000,0,-,-,-,-,5121.2000,5121.0000,5119.8000,5119.6000,5119.0000,5123.6000,5125.0000,5125.4000,5127.2000,5128.2000,2,1,1,2,1,1,2,2,6,1
SF,IC2002,2019-12-30 09:35:44.200,5123.0000,2467,0,88139040.000,0,-,-,-,-,5121.2000,5121.0000,5119.8000,5119.6000,5119.0000,5123.6000,5123.8000,5125.0000,5125.4000,5127.2000,2,1,1,2,1,1,1,2,2,5
SF,IC2002,2019-12-30 09:35:44.700,5123.0000,2467,0,88139040.000,0,-,-,-,-,5121.2000,5121.0000,5119.8000,5119.6000,5119.0000,5123.6000,5125.0000,5125.4000,5127.2000,5128.2000,1,1,1,2,1,1,2,2,5,1
SF,IC2002,2019-12-30 09:35:45.200,5123.0000,2467,0,88139040.000,0,-,-,-,-,5121.0000,5119.8000,5119.6000,5119.0000,5117.2000,5123.4000,5123.8000,5125.0000,5125.4000,5127.2000,1,1,2,1,1,1,1,2,2,5
SF,IC2002,2019-12-30 09:35:45.700,5123.0000,2467,0,88139040.000,0,-,-,-,-,5121.0000,5119.8000,5119.6000,5119.0000,5117.2000,5123.2000,5123.4000,5123.8000,5125.0000,5125.4000,1,1,2,1,1,1,1,1,2,2
SF,IC2002,2019-12-30 09:35:46.200,5123.0000,2467,0,88139040.000,0,-,-,-,-,5121.2000,5121.0000,5119.8000,5119.6000,5119.0000,5123.2000,5123.8000,5125.0000,5125.4000,5127.2000,1,1,1,2,1,1,1,2,2,5
SF,IC2002,2019-12-30 09:35:47.200,5121.2000,2466,-1,89163280.000,1,0,1,双平,S,5121.0000,5119.8000,5119.6000,5119.0000,5117.2000,5121.2000,5123.0000,5123.2000,5123.8000,5125.0000,1,1,2,1,1,1,1,1,1,2
SF,IC2002,2019-12-30 09:35:47.700,5121.0000,2467,1,91211680.000,2,1,1,空开,S,5119.8000,5119.6000,5119.0000,5117.2000,5115.4000,5121.2000,5123.0000,5123.2000,5123.8000,5125.0000,1,2,1,1,3,1,1,1,1,2
SF,IC2002,2019-12-30 09:35:48.200,5121.0000,2467,0,91211680.000,0,-,-,-,-,5119.8000,5119.6000,5119.0000,5117.2000,5115.4000,5121.4000,5123.0000,5123.2000,5123.8000,5125.0000,1,2,1,1,3,2,1,1,1,2
SF,IC2002,2019-12-30 09:35:48.700,5121.0000,2467,0,91211680.000,0,-,-,-,-,5119.8000,5119.6000,5119.0000,5117.2000,5115.4000,5121.4000,5123.2000,5123.8000,5125.0000,5127.2000,1,2,1,1,3,2,1,1,2,5
SF,IC2002,2019-12-30 09:35:49.200,5119.6000,2467,0,93259560.000,2,1,1,多换,S,5119.6000,5119.0000,5117.2000,5115.4000,5115.2000,5121.2000,5121.4000,5121.6000,5123.8000,5125.0000,1,1,1,3,2,1,2,1,1,2
SF,IC2002,2019-12-30 09:35:49.700,5119.6000,2467,0,93259560.000,0,-,-,-,-,5119.6000,5119.0000,5117.2000,5115.4000,5115.2000,5121.0000,5121.2000,5121.4000,5121.6000,5123.8000,1,1,1,3,2,1,1,2,1,1
SF,IC2002,2019-12-30 09:35:50.700,5119.6000,2468,1,94283480.000,1,1,0,双开,S,5119.0000,5117.2000,5115.4000,5115.2000,5109.8000,5119.2000,5121.0000,5121.2000,5121.4000,5121.6000,1,1,3,2,5,1,1,1,2,1
