市场代码,合约代码,时间,最新,持仓,增仓,成交额,成交量,开仓,平仓,成交类型,方向,买一价,买二价,买三价,买四价,买五价,卖一价,卖二价,卖三价,卖四价,卖五价,买一量,买二量,买三量,买四量,买五量,卖一量,卖二量,卖三量,卖四量,卖五量
SF,IC2010,2020-08-27 09:29:00.400,6357.6000,2473,0,0.000,0.000,-,-,-,-,6365.2000,6361.2000,6360.0000,6358.8000,6351.8000,6370.0000,6391.0000,6397.0000,6399.0000,6399.4000,1,1,2,1,3,1,1,5,1,1
SF,IC2010,2020-08-27 09:30:00.400,6357.6000,2473,0,0.000,0,-,-,-,-,6365.2000,6361.2000,6360.0000,6358.8000,6351.8000,6391.0000,6399.0000,6399.4000,6419.4000,6439.4000,1,1,2,1,3,1,1,1,1,1
SF,IC2010,2020-08-27 09:30:00.900,6357.6000,2473,0,0.000,0,-,-,-,-,6367.2000,6366.8000,6366.6000,6365.8000,6365.6000,6377.4000,6378.0000,6379.4000,6379.8000,6380.0000,1,1,1,1,2,1,1,1,1,1
SF,IC2010,2020-08-27 09:30:01.400,6380.8000,2472,-1,2552160.000,2,0,2,多平,S,6372.4000,6372.2000,6371.2000,6367.8000,6367.4000,6390.6000,6390.8000,6399.0000,6399.4000,6419.4000,1,2,1,1,4,1,1,1,1,1
SF,IC2010,2020-08-27 09:30:01.900,6380.8000,2472,0,2552160.000,0,-,-,-,-,6372.6000,6371.2000,6367.8000,6367.4000,6367.2000,6377.0000,6377.2000,6377.4000,6378.0000,6378.2000,5,1,1,1,1,1,1,1,1,1
SF,IC2010,2020-08-27 09:30:02.400,6377.0000,2470,-2,5102960.000,2,0,2,双平,S,6372.6000,6371.2000,6367.8000,6367.4000,6367.2000,6378.6000,6382.8000,6390.2000,6390.6000,6399.0000,4,1,1,1,1,5,1,1,1,1
SF,IC2010,2020-08-27 09:30:02.900,6377.0000,2470,0,5102960.000,0,-,-,-,-,6375.6000,6372.8000,6372.6000,6367.8000,6367.4000,6378.6000,6382.8000,6390.2000,6390.6000,6399.0000,1,1,4,1,1,5,1,1,1,1
SF,IC2010,2020-08-27 09:30:03.400,6377.0000,2470,0,5102960.000,0,-,-,-,-,6375.8000,6375.6000,6372.6000,6367.8000,6367.4000,6378.6000,6382.8000,6385.8000,6390.2000,6390.6000,1,1,1,1,1,5,1,5,1,1
SF,IC2010,2020-08-27 09:30:03.900,6378.6000,2469,-1,10205840.000,4,1,3,多平,S,6375.8000,6375.6000,6372.6000,6367.8000,6367.4000,6378.6000,6382.8000,6385.8000,6390.2000,6390.6000,4,1,1,1,1,2,1,5,1,1
SF,IC2010,2020-08-27 09:30:04.400,6378.6000,2469,0,12757280.000,2,1,1,多换,S,6376.0000,6375.8000,6375.6000,6372.6000,6367.8000,6385.8000,6390.2000,6390.6000,6399.4000,6419.4000,1,3,1,1,1,5,1,1,1,1
SF,IC2010,2020-08-27 09:30:04.900,6378.6000,2469,0,12757280.000,0,-,-,-,-,6376.2000,6376.0000,6375.8000,6375.6000,6367.8000,6379.8000,6380.2000,6380.8000,6381.0000,6382.8000,2,1,3,1,1,3,1,1,1,1
SF,IC2010,2020-08-27 09:30:05.400,6378.6000,2469,0,12757280.000,0,-,-,-,-,6375.6000,6367.8000,6367.4000,6365.4000,6365.2000,6382.8000,6383.8000,6384.0000,6385.2000,6385.4000,1,1,1,1,2,1,1,1,1,1
SF,IC2010,2020-08-27 09:30:05.900,6378.6000,2469,0,12757280.000,0,-,-,-,-,6376.4000,6375.8000,6375.6000,6367.8000,6367.4000,6382.6000,6382.8000,6384.0000,6385.4000,6385.8000,3,5,1,1,1,4,1,1,1,5
SF,IC2010,2020-08-27 09:30:06.400,6378.6000,2469,0,12757280.000,0,-,-,-,-,6376.6000,6376.4000,6375.8000,6375.6000,6367.8000,6382.6000,6384.0000,6385.4000,6385.8000,6399.4000,1,3,5,2,1,1,1,1,5,1
SF,IC2010,2020-08-27 09:30:06.900,6378.6000,2469,0,12757280.000,0,-,-,-,-,6376.6000,6376.4000,6375.8000,6375.6000,6367.8000,6384.0000,6385.4000,6385.8000,6399.4000,6419.4000,1,3,4,2,1,1,1,5,1,1
SF,IC2010,2020-08-27 09:30:07.400,6378.6000,2469,0,12757280.000,0,-,-,-,-,6377.0000,6376.8000,6376.6000,6376.4000,6375.8000,6383.8000,6384.0000,6385.4000,6385.8000,6399.4000,1,1,1,3,4,4,1,1,5,1
SF,IC2010,2020-08-27 09:30:07.900,6378.6000,2469,0,12757280.000,0,-,-,-,-,6380.0000,6377.2000,6377.0000,6376.4000,6375.8000,6383.8000,6384.0000,6385.4000,6385.8000,6399.4000,1,1,1,3,4,4,1,1,5,1
SF,IC2010,2020-08-27 09:30:08.400,6378.6000,2469,0,12757280.000,0,-,-,-,-,6380.0000,6377.2000,6377.0000,6375.6000,6367.8000,6382.0000,6383.8000,6385.4000,6385.8000,6389.6000,1,2,1,1,1,3,3,1,5,1
SF,IC2010,2020-08-27 09:30:08.900,6378.6000,2469,0,12757280.000,0,-,-,-,-,6380.0000,6377.2000,6377.0000,6375.6000,6367.8000,6385.8000,6389.6000,6399.4000,6419.4000,6439.4000,1,1,1,1,1,5,1,1,1,1
SF,IC2010,2020-08-27 09:30:09.400,6378.6000,2469,0,12757280.000,0,-,-,-,-,6380.2000,6377.0000,6367.8000,6365.4000,6365.2000,6382.2000,6382.8000,6383.0000,6385.6000,6385.8000,1,1,1,1,1,1,1,1,4,5
SF,IC2010,2020-08-27 09:30:09.900,6378.6000,2469,0,12757280.000,0,-,-,-,-,6380.2000,6377.0000,6367.8000,6365.4000,6365.2000,6384.0000,6385.6000,6385.8000,6389.6000,6399.4000,1,1,1,1,1,1,1,5,1,1
SF,IC2010,2020-08-27 09:30:10.400,6378.6000,2469,0,12757280.000,0,-,-,-,-,6377.0000,6367.8000,6365.4000,6365.2000,6362.6000,6382.2000,6385.6000,6385.8000,6389.6000,6399.4000,1,1,1,1,5,3,1,5,1,1
SF,IC2010,2020-08-27 09:30:10.900,6378.6000,2469,0,12757280.000,0,-,-,-,-,6380.0000,6377.2000,6377.0000,6367.8000,6365.4000,6385.6000,6385.8000,6389.6000,6399.4000,6419.4000,1,5,1,1,1,1,5,1,1,1
SF,IC2010,2020-08-27 09:30:11.400,6378.6000,2469,0,12757280.000,0,-,-,-,-,6380.2000,6380.0000,6377.4000,6377.2000,6377.0000,6385.4000,6385.6000,6389.6000,6391.6000,6399.4000,1,1,1,2,1,2,1,1,5,1
SF,IC2010,2020-08-27 09:30:11.900,6378.6000,2469,0,12757280.000,0,-,-,-,-,6380.2000,6380.0000,6377.4000,6377.2000,6377.0000,6385.4000,6385.6000,6389.6000,6391.6000,6399.4000,4,1,1,1,1,2,1,1,5,1
SF,IC2010,2020-08-27 09:30:12.400,6378.6000,2469,0,12757280.000,0,-,-,-,-,6380.6000,6380.4000,6380.2000,6380.0000,6377.4000,6385.4000,6385.6000,6389.6000,6391.6000,6399.4000,1,1,4,1,1,2,1,1,5,1
SF,IC2010,2020-08-27 09:30:12.900,6378.6000,2469,0,12757280.000,0,-,-,-,-,6380.8000,6380.6000,6380.2000,6380.0000,6377.4000,6385.4000,6385.6000,6389.6000,6391.6000,6399.4000,1,1,3,1,1,2,1,1,5,1
SF,IC2010,2020-08-27 09:30:13.400,6378.6000,2469,0,12757280.000,0,-,-,-,-,6380.8000,6380.6000,6380.0000,6377.4000,6377.2000,6383.0000,6385.4000,6385.6000,6389.6000,6391.6000,1,1,1,1,1,3,2,1,1,5
SF,IC2010,2020-08-27 09:30:13.900,6380.6000,2468,-1,14033400.000,1,0,1,双平,S,6380.6000,6380.0000,6377.4000,6377.2000,6377.0000,6385.6000,6389.6000,6391.6000,6399.4000,6419.4000,1,1,1,1,1,1,1,5,1,1
SF,IC2010,2020-08-27 09:30:14.400,6380.6000,2468,0,14033400.000,0,-,-,-,-,6380.8000,6380.6000,6380.0000,6377.4000,6377.0000,6382.8000,6385.4000,6385.6000,6389.6000,6391.6000,1,1,1,1,1,1,3,1,1,5
SF,IC2010,2020-08-27 09:30:14.900,6380.6000,2467,-1,15309520.000,1,0,1,双平,S,6380.0000,6377.4000,6377.0000,6375.0000,6367.8000,6385.6000,6389.6000,6391.6000,6399.4000,6419.4000,1,1,1,1,1,1,1,5,1,1
SF,IC2010,2020-08-27 09:30:15.400,6380.6000,2467,0,15309520.000,0,-,-,-,-,6380.2000,6380.0000,6377.4000,6377.0000,6375.0000,6385.4000,6385.6000,6389.6000,6391.6000,6399.4000,1,1,1,1,1,3,1,1,5,1
SF,IC2010,2020-08-27 09:30:15.900,6380.6000,2467,0,15309520.000,0,-,-,-,-,6380.2000,6380.0000,6377.4000,6377.0000,6375.0000,6383.6000,6389.6000,6391.6000,6399.4000,6419.4000,1,1,1,1,1,1,1,5,1,1
SF,IC2010,2020-08-27 09:30:16.400,6380.6000,2467,0,15309520.000,0,-,-,-,-,6380.0000,6377.4000,6377.0000,6375.0000,6367.8000,6383.6000,6389.6000,6391.6000,6399.4000,6419.4000,1,1,1,1,1,1,1,5,1,1
SF,IC2010,2020-08-27 09:30:16.900,6380.0000,2466,-1,16585520.000,1,0,1,双平,S,6377.0000,6375.0000,6367.8000,6365.4000,6365.2000,6383.4000,6383.6000,6387.8000,6389.6000,6391.6000,1,1,1,1,1,2,1,5,1,5
SF,IC2010,2020-08-27 09:30:17.400,6380.0000,2466,0,16585520.000,0,-,-,-,-,6377.2000,6377.0000,6375.0000,6367.8000,6365.4000,6383.4000,6383.6000,6387.8000,6389.6000,6391.6000,6,1,1,1,1,3,1,5,1,5
SF,IC2010,2020-08-27 09:30:17.900,6380.0000,2466,0,16585520.000,0,-,-,-,-,6377.2000,6377.0000,6375.0000,6367.8000,6365.4000,6383.2000,6383.4000,6383.6000,6387.8000,6389.6000,4,1,1,1,1,1,3,1,5,1
SF,IC2010,2020-08-27 09:30:18.400,6377.2000,2465,-1,19136400.000,2,0,2,多平,S,6375.0000,6367.8000,6365.4000,6365.2000,6362.6000,6382.8000,6383.0000,6383.4000,6387.8000,6389.6000,1,1,1,1,5,2,4,3,5,1
SF,IC2010,2020-08-27 09:30:18.900,6377.2000,2465,0,19136400.000,0,-,-,-,-,6375.2000,6375.0000,6367.8000,6365.4000,6365.2000,6382.6000,6382.8000,6383.0000,6383.4000,6387.8000,2,1,1,1,1,3,2,4,3,5
SF,IC2010,2020-08-27 09:30:19.400,6377.2000,2465,0,19136400.000,0,-,-,-,-,6375.2000,6375.0000,6367.8000,6365.4000,6365.2000,6382.2000,6382.6000,6382.8000,6383.0000,6383.4000,2,1,1,1,1,1,4,2,3,3
SF,IC2010,2020-08-27 09:30:19.900,6375.2000,2465,0,20411440.000,1,0,1,多换,S,6375.0000,6367.8000,6365.4000,6365.2000,6362.6000,6378.6000,6380.0000,6381.6000,6381.8000,6382.0000,1,1,1,1,5,3,1,1,1,2
SF,IC2010,2020-08-27 09:30:20.400,6375.0000,2464,-1,21686440.000,1,0,1,双平,S,6367.8000,6365.4000,6365.2000,6362.6000,6360.0000,6381.6000,6381.8000,6382.0000,6382.2000,6382.6000,1,1,1,5,2,1,1,2,1,2
SF,IC2010,2020-08-27 09:30:20.900,6375.0000,2464,0,21686440.000,0,-,-,-,-,6372.0000,6371.4000,6371.2000,6368.2000,6368.0000,6380.0000,6381.0000,6381.4000,6381.6000,6381.8000,1,1,1,1,4,1,1,3,1,1
SF,IC2010,2020-08-27 09:30:21.400,6375.0000,2464,0,21686440.000,0,-,-,-,-,6374.4000,6372.2000,6372.0000,6371.4000,6371.2000,6379.8000,6381.0000,6381.4000,6381.6000,6381.8000,1,2,1,1,1,1,1,2,1,1
SF,IC2010,2020-08-27 09:30:21.900,6374.4000,2464,0,22961320.000,1,0,1,多换,S,6374.6000,6372.2000,6372.0000,6371.4000,6371.2000,6379.8000,6381.0000,6381.4000,6381.6000,6381.8000,1,1,1,1,1,1,1,2,1,1
SF,IC2010,2020-08-27 09:30:22.400,6374.4000,2464,0,22961320.000,0,-,-,-,-,6372.2000,6372.0000,6371.4000,6371.2000,6368.2000,6379.6000,6379.8000,6381.0000,6381.4000,6381.6000,1,1,1,1,1,3,1,1,2,1
SF,IC2010,2020-08-27 09:30:22.900,6374.4000,2464,0,22961320.000,0,-,-,-,-,6372.4000,6372.2000,6372.0000,6371.4000,6371.2000,6379.4000,6379.6000,6379.8000,6381.4000,6381.6000,2,1,1,1,1,3,2,1,2,1
SF,IC2010,2020-08-27 09:30:23.400,6374.4000,2464,0,22961320.000,0,-,-,-,-,6373.0000,6372.6000,6372.4000,6372.2000,6372.0000,6379.4000,6381.4000,6381.6000,6381.8000,6382.2000,1,2,3,1,1,1,1,1,1,1
SF,IC2010,2020-08-27 09:30:23.900,6374.4000,2464,0,22961320.000,0,-,-,-,-,6373.2000,6373.0000,6372.6000,6372.4000,6372.2000,6379.2000,6379.4000,6381.4000,6381.6000,6381.8000,1,1,1,2,1,3,1,1,1,1
SF,IC2010,2020-08-27 09:30:24.400,6374.4000,2464,0,22961320.000,0,-,-,-,-,6373.6000,6373.2000,6373.0000,6372.6000,6372.4000,6379.0000,6381.8000,6382.2000,6382.8000,6387.8000,1,2,1,1,2,1,1,1,1,5
SF,IC2010,2020-08-27 09:30:24.900,6374.4000,2464,0,22961320.000,0,-,-,-,-,6373.8000,6373.6000,6373.2000,6373.0000,6372.6000,6379.0000,6381.8000,6382.2000,6382.8000,6387.8000,3,1,1,1,1,1,1,1,1,5
SF,IC2010,2020-08-27 09:30:25.400,6374.4000,2464,0,22961320.000,0,-,-,-,-,6373.8000,6373.6000,6373.2000,6373.0000,6372.6000,6379.0000,6381.8000,6382.8000,6387.8000,6389.6000,3,1,1,1,1,1,1,1,5,1
SF,IC2010,2020-08-27 09:30:25.900,6374.4000,2464,0,22961320.000,0,-,-,-,-,6374.0000,6373.8000,6373.6000,6373.2000,6373.0000,6379.0000,6381.8000,6382.8000,6387.8000,6389.6000,1,3,1,1,1,1,1,1,5,1
SF,IC2010,2020-08-27 09:30:26.400,6374.4000,2464,0,22961320.000,0,-,-,-,-,6374.6000,6374.2000,6374.0000,6373.8000,6373.6000,6378.8000,6379.0000,6381.8000,6382.8000,6387.8000,1,1,1,3,1,1,1,1,1,5
SF,IC2010,2020-08-27 09:30:26.900,6374.4000,2464,0,22961320.000,0,-,-,-,-,6374.8000,6374.6000,6374.2000,6373.8000,6373.6000,6378.6000,6381.8000,6382.8000,6385.8000,6387.8000,1,1,1,2,1,1,1,1,3,5
SF,IC2010,2020-08-27 09:30:27.400,6374.4000,2464,0,22961320.000,0,-,-,-,-,6374.2000,6373.8000,6373.6000,6373.2000,6372.0000,6378.6000,6381.8000,6382.8000,6385.8000,6387.8000,1,2,1,1,1,1,1,1,3,5
SF,IC2010,2020-08-27 09:30:27.900,6374.4000,2464,0,22961320.000,0,-,-,-,-,6374.2000,6373.8000,6373.2000,6372.0000,6371.8000,6378.4000,6378.6000,6381.8000,6382.8000,6385.8000,1,1,1,1,1,1,1,1,1,3
SF,IC2010,2020-08-27 09:30:28.400,6374.4000,2464,0,22961320.000,0,-,-,-,-,6373.8000,6373.2000,6372.0000,6371.8000,6371.4000,6378.2000,6381.8000,6382.8000,6385.8000,6387.8000,1,1,1,1,1,2,1,1,3,5
SF,IC2010,2020-08-27 09:30:28.900,6374.4000,2464,0,22961320.000,0,-,-,-,-,6374.4000,6374.0000,6373.8000,6373.2000,6372.0000,6378.2000,6381.8000,6382.8000,6385.8000,6387.8000,2,1,1,1,1,2,1,1,3,5
SF,IC2010,2020-08-27 09:30:29.400,6374.4000,2464,0,22961320.000,0,-,-,-,-,6374.4000,6374.0000,6373.8000,6373.2000,6372.0000,6378.2000,6381.8000,6382.8000,6385.8000,6387.8000,1,1,1,1,1,2,1,1,3,5
SF,IC2010,2020-08-27 09:30:29.900,6374.4000,2464,0,22961320.000,0,-,-,-,-,6373.2000,6371.8000,6371.4000,6371.2000,6367.8000,6378.0000,6378.2000,6381.8000,6382.8000,6385.8000,1,1,1,1,1,1,1,1,1,3
SF,IC2010,2020-08-27 09:30:30.400,6377.8000,2464,0,24236880.000,1,0,1,多换,S,6373.4000,6373.2000,6371.8000,6371.4000,6371.2000,6381.8000,6382.8000,6385.8000,6387.8000,6389.6000,2,1,1,1,1,1,1,3,5,1
SF,IC2010,2020-08-27 09:30:30.900,6377.8000,2464,0,24236880.000,0,-,-,-,-,6373.6000,6373.4000,6373.2000,6371.8000,6371.4000,6377.8000,6380.0000,6381.6000,6381.8000,6382.8000,1,2,1,1,1,1,1,4,1,1
SF,IC2010,2020-08-27 09:30:31.400,6377.8000,2464,0,24236880.000,0,-,-,-,-,6373.8000,6373.6000,6373.4000,6373.2000,6371.8000,6377.8000,6380.0000,6381.4000,6381.6000,6381.8000,1,1,1,1,1,1,1,1,1,1
SF,IC2010,2020-08-27 09:30:31.900,6377.8000,2464,0,24236880.000,0,-,-,-,-,6373.8000,6373.6000,6373.2000,6371.8000,6371.2000,6377.6000,6377.8000,6380.0000,6381.4000,6381.6000,1,1,1,1,1,1,1,1,1,1
SF,IC2010,2020-08-27 09:30:32.400,6377.8000,2464,0,24236880.000,0,-,-,-,-,6373.8000,6373.2000,6371.8000,6371.2000,6367.8000,6377.8000,6380.0000,6381.4000,6381.6000,6381.8000,1,1,1,1,1,1,1,1,1,1
SF,IC2010,2020-08-27 09:30:32.900,6373.8000,2463,-1,25511640.000,1,0,1,双平,S,6371.8000,6367.8000,6365.4000,6365.2000,6360.0000,6375.8000,6377.4000,6377.8000,6380.0000,6381.4000,1,1,1,1,2,3,1,1,1,1
SF,IC2010,2020-08-27 09:30:33.400,6373.8000,2463,0,25511640.000,0,-,-,-,-,6371.8000,6367.8000,6365.4000,6365.2000,6360.0000,6377.6000,6377.8000,6380.0000,6381.4000,6381.6000,1,1,1,1,2,1,1,1,1,1
SF,IC2010,2020-08-27 09:30:33.900,6373.8000,2463,0,25511640.000,0,-,-,-,-,6372.0000,6371.8000,6367.8000,6365.4000,6365.2000,6377.0000,6377.4000,6377.6000,6377.8000,6380.0000,1,1,1,1,1,1,1,1,1,1
SF,IC2010,2020-08-27 09:30:34.400,6373.8000,2463,0,25511640.000,0,-,-,-,-,6372.2000,6372.0000,6371.8000,6367.8000,6365.4000,6376.8000,6377.0000,6377.8000,6380.0000,6381.4000,1,1,1,1,1,1,1,1,1,1
SF,IC2010,2020-08-27 09:30:34.900,6373.8000,2463,0,25511640.000,0,-,-,-,-,6372.4000,6372.2000,6372.0000,6371.8000,6367.8000,6376.8000,6377.8000,6380.0000,6381.4000,6381.6000,1,1,1,1,1,1,1,1,1,1
SF,IC2010,2020-08-27 09:30:35.400,6373.8000,2463,0,25511640.000,0,-,-,-,-,6372.6000,6372.4000,6372.0000,6371.8000,6367.8000,6376.6000,6377.8000,6380.0000,6381.4000,6381.6000,1,1,1,1,1,1,1,1,1,1
SF,IC2010,2020-08-27 09:30:35.900,6373.8000,2463,0,25511640.000,0,-,-,-,-,6372.6000,6371.8000,6367.8000,6365.4000,6365.2000,6376.4000,6377.8000,6380.0000,6381.4000,6381.6000,1,1,1,1,1,1,1,1,1,1
SF,IC2010,2020-08-27 09:30:36.400,6373.8000,2463,0,25511640.000,0,-,-,-,-,6372.8000,6371.8000,6367.8000,6365.4000,6365.2000,6376.4000,6377.8000,6380.0000,6381.4000,6381.6000,1,1,1,1,1,1,1,1,1,1
SF,IC2010,2020-08-27 09:30:36.900,6373.8000,2463,0,25511640.000,0,-,-,-,-,6372.8000,6371.8000,6367.8000,6365.4000,6365.2000,6376.4000,6377.8000,6380.0000,6381.4000,6381.6000,1,1,1,1,1,1,1,1,1,1
SF,IC2010,2020-08-27 09:30:37.400,6373.8000,2463,0,25511640.000,0,-,-,-,-,6372.8000,6371.8000,6367.8000,6365.4000,6365.2000,6376.4000,6377.8000,6380.0000,6381.4000,6381.6000,1,1,1,1,1,1,1,1,1,1
SF,IC2010,2020-08-27 09:30:37.900,6373.8000,2463,0,25511640.000,0,-,-,-,-,6371.8000,6367.8000,6365.4000,6360.0000,6351.8000,6376.4000,6377.8000,6380.0000,6381.4000,6381.6000,1,1,1,2,3,1,1,1,1,1
SF,IC2010,2020-08-27 09:30:38.400,6373.8000,2463,0,25511640.000,0,-,-,-,-,6372.0000,6371.8000,6367.8000,6365.4000,6360.0000,6376.2000,6376.4000,6377.8000,6380.0000,6381.4000,1,1,1,1,2,2,1,1,1,1
SF,IC2010,2020-08-27 09:30:38.900,6373.8000,2463,0,25511640.000,0,-,-,-,-,6371.8000,6367.8000,6365.4000,6360.0000,6351.8000,6376.2000,6376.4000,6377.8000,6380.0000,6381.4000,1,1,1,2,3,1,1,1,1,1
SF,IC2010,2020-08-27 09:30:39.400,6373.8000,2463,0,25511640.000,0,-,-,-,-,6371.8000,6367.8000,6365.4000,6360.0000,6351.8000,6376.0000,6376.2000,6376.4000,6377.8000,6380.0000,1,1,1,2,3,1,1,1,1,1
SF,IC2010,2020-08-27 09:30:39.900,6373.8000,2463,0,25511640.000,0,-,-,-,-,6371.8000,6365.4000,6360.0000,6351.8000,6350.0000,6375.8000,6376.0000,6376.4000,6377.8000,6380.0000,1,1,2,3,1,1,3,1,1,1
SF,IC2010,2020-08-27 09:30:40.400,6371.8000,2462,-1,26786000.000,1,0,1,双平,S,6365.4000,6360.0000,6351.8000,6350.0000,6349.0000,6373.8000,6375.4000,6375.6000,6375.8000,6376.0000,1,2,3,1,3,3,1,2,3,3
SF,IC2010,2020-08-27 09:30:40.900,6371.8000,2462,0,26786000.000,0,-,-,-,-,6365.8000,6365.6000,6360.0000,6351.8000,6350.0000,6373.6000,6375.4000,6375.8000,6376.4000,6377.8000,1,3,2,3,1,1,1,1,1,1
SF,IC2010,2020-08-27 09:30:41.400,6371.8000,2462,0,26786000.000,0,-,-,-,-,6366.0000,6365.8000,6365.6000,6360.0000,6351.8000,6373.0000,6373.6000,6375.4000,6375.8000,6377.8000,2,1,3,2,3,1,1,1,1,1
SF,IC2010,2020-08-27 09:30:41.900,6371.8000,2462,0,26786000.000,0,-,-,-,-,6366.2000,6366.0000,6365.8000,6365.6000,6360.0000,6372.8000,6373.0000,6375.4000,6375.8000,6376.2000,1,2,1,2,2,1,1,1,1,1
SF,IC2010,2020-08-27 09:30:42.400,6371.8000,2462,0,26786000.000,0,-,-,-,-,6366.4000,6366.2000,6366.0000,6365.8000,6365.6000,6372.8000,6373.0000,6375.4000,6375.8000,6376.2000,1,1,2,1,2,2,1,1,1,1
SF,IC2010,2020-08-27 09:30:42.900,6371.8000,2462,0,26786000.000,0,-,-,-,-,6366.4000,6366.2000,6366.0000,6365.8000,6365.6000,6372.6000,6372.8000,6373.0000,6375.4000,6375.8000,1,1,2,1,2,2,1,1,1,1
SF,IC2010,2020-08-27 09:30:43.400,6371.8000,2462,0,26786000.000,0,-,-,-,-,6366.6000,6366.4000,6366.2000,6366.0000,6365.8000,6372.4000,6373.0000,6375.4000,6375.8000,6376.2000,1,1,1,2,1,1,1,1,1,1
SF,IC2010,2020-08-27 09:30:43.900,6371.8000,2462,0,26786000.000,0,-,-,-,-,6366.8000,6366.4000,6366.2000,6366.0000,6365.8000,6372.4000,6373.0000,6375.4000,6375.8000,6376.2000,1,1,1,2,1,1,1,1,1,1
SF,IC2010,2020-08-27 09:30:44.400,6371.8000,2462,0,26786000.000,0,-,-,-,-,6366.8000,6366.4000,6366.2000,6366.0000,6365.8000,6372.4000,6375.4000,6375.8000,6376.2000,6377.8000,3,1,1,2,1,1,1,1,1,1
SF,IC2010,2020-08-27 09:30:44.900,6371.8000,2462,0,26786000.000,0,-,-,-,-,6367.0000,6366.8000,6366.4000,6366.2000,6366.0000,6375.4000,6375.8000,6376.2000,6377.8000,6381.4000,2,2,1,1,2,1,1,1,1,1
SF,IC2010,2020-08-27 09:30:45.400,6371.8000,2462,0,26786000.000,0,-,-,-,-,6367.4000,6367.2000,6367.0000,6366.8000,6366.4000,6375.2000,6375.4000,6375.8000,6376.2000,6377.8000,1,2,3,2,1,3,1,1,1,1
SF,IC2010,2020-08-27 09:30:45.900,6371.8000,2462,0,26786000.000,0,-,-,-,-,6367.8000,6367.6000,6367.4000,6367.2000,6367.0000,6375.4000,6376.2000,6377.8000,6381.4000,6385.8000,1,2,1,4,1,1,1,1,1,3
SF,IC2010,2020-08-27 09:30:46.400,6371.8000,2462,0,26786000.000,0,-,-,-,-,6368.2000,6368.0000,6367.8000,6367.6000,6367.4000,6375.2000,6376.2000,6377.8000,6381.4000,6385.8000,1,3,1,1,1,1,1,1,1,3
SF,IC2010,2020-08-27 09:30:46.900,6371.8000,2462,0,26786000.000,0,-,-,-,-,6368.4000,6368.2000,6368.0000,6367.8000,6367.6000,6375.2000,6376.2000,6377.8000,6381.4000,6385.8000,3,1,1,1,1,2,1,1,1,3
SF,IC2010,2020-08-27 09:30:47.400,6371.8000,2462,0,26786000.000,0,-,-,-,-,6368.4000,6368.2000,6368.0000,6367.8000,6367.6000,6375.2000,6376.2000,6377.8000,6381.4000,6385.8000,2,1,1,1,1,1,1,1,1,3
SF,IC2010,2020-08-27 09:30:47.900,6371.8000,2462,0,26786000.000,0,-,-,-,-,6368.4000,6368.2000,6368.0000,6367.8000,6367.6000,6375.0000,6375.2000,6376.2000,6377.8000,6381.4000,2,1,1,1,1,1,1,1,1,1
SF,IC2010,2020-08-27 09:30:48.400,6371.8000,2462,0,26786000.000,0,-,-,-,-,6368.4000,6368.2000,6368.0000,6367.6000,6367.4000,6374.6000,6374.8000,6375.2000,6376.2000,6377.8000,2,1,1,1,1,1,1,1,1,1
SF,IC2010,2020-08-27 09:30:48.900,6371.8000,2462,0,26786000.000,0,-,-,-,-,6368.4000,6368.2000,6368.0000,6367.6000,6367.4000,6374.4000,6374.6000,6374.8000,6375.2000,6376.2000,2,1,1,1,1,4,1,2,1,1
SF,IC2010,2020-08-27 09:30:49.400,6371.8000,2462,0,26786000.000,0,-,-,-,-,6368.6000,6368.4000,6368.0000,6367.6000,6367.4000,6374.4000,6374.6000,6374.8000,6375.2000,6376.2000,1,2,1,1,1,5,1,1,1,1
SF,IC2010,2020-08-27 09:30:49.900,6371.8000,2462,0,26786000.000,0,-,-,-,-,6368.8000,6368.6000,6368.4000,6368.0000,6367.6000,6374.4000,6374.6000,6374.8000,6375.2000,6376.2000,2,1,1,1,1,3,1,1,1,1
SF,IC2010,2020-08-27 09:30:50.400,6371.8000,2462,0,26786000.000,0,-,-,-,-,6368.8000,6368.6000,6368.4000,6368.0000,6367.6000,6374.4000,6374.6000,6374.8000,6375.2000,6376.2000,3,1,1,1,1,3,1,1,1,1
SF,IC2010,2020-08-27 09:30:50.900,6371.8000,2462,0,26786000.000,0,-,-,-,-,6368.8000,6368.6000,6368.4000,6368.0000,6367.6000,6374.4000,6374.6000,6374.8000,6375.2000,6376.2000,1,1,1,1,1,3,1,1,1,1
SF,IC2010,2020-08-27 09:30:51.400,6371.8000,2462,0,26786000.000,0,-,-,-,-,6369.0000,6368.8000,6368.6000,6368.4000,6368.0000,6374.2000,6374.4000,6374.6000,6374.8000,6375.2000,1,1,1,1,1,1,3,1,1,1
SF,IC2010,2020-08-27 09:30:51.900,6371.8000,2462,0,26786000.000,0,-,-,-,-,6369.2000,6368.6000,6368.4000,6368.0000,6367.6000,6374.4000,6374.6000,6374.8000,6375.2000,6376.2000,1,1,1,1,1,3,1,1,1,1
SF,IC2010,2020-08-27 09:30:52.400,6371.8000,2462,0,26786000.000,0,-,-,-,-,6368.6000,6368.0000,6367.6000,6367.4000,6366.8000,6374.0000,6374.2000,6374.4000,6374.6000,6374.8000,1,1,1,1,1,2,1,3,1,1
SF,IC2010,2020-08-27 09:30:52.900,6371.8000,2462,0,26786000.000,0,-,-,-,-,6368.6000,6368.0000,6367.6000,6366.8000,6360.0000,6373.8000,6374.0000,6374.4000,6374.6000,6374.8000,1,1,1,1,2,2,2,3,1,1
SF,IC2010,2020-08-27 09:30:53.400,6371.8000,2462,0,26786000.000,0,-,-,-,-,6368.6000,6368.0000,6367.6000,6360.0000,6351.8000,6371.2000,6373.8000,6374.0000,6374.4000,6374.6000,1,1,1,2,3,2,3,2,3,1
SF,IC2010,2020-08-27 09:30:53.900,6371.8000,2462,0,26786000.000,0,-,-,-,-,6368.6000,6368.0000,6367.6000,6360.0000,6351.8000,6373.8000,6374.2000,6374.6000,6376.2000,6377.8000,1,1,1,2,3,2,1,1,1,1
SF,IC2010,2020-08-27 09:30:54.400,6371.8000,2462,0,26786000.000,0,-,-,-,-,6368.6000,6368.0000,6367.6000,6360.0000,6351.8000,6373.6000,6373.8000,6374.2000,6374.6000,6376.2000,1,1,1,2,3,3,2,1,1,1
SF,IC2010,2020-08-27 09:30:54.900,6371.8000,2462,0,26786000.000,0,-,-,-,-,6368.8000,6368.6000,6368.0000,6367.6000,6360.0000,6373.6000,6373.8000,6374.2000,6374.6000,6376.2000,2,1,1,1,2,3,1,1,1,1
SF,IC2010,2020-08-27 09:30:55.400,6371.8000,2462,0,26786000.000,0,-,-,-,-,6368.8000,6368.6000,6368.0000,6367.6000,6360.0000,6373.8000,6374.2000,6374.6000,6376.2000,6377.8000,2,1,1,1,2,1,1,1,1,1
SF,IC2010,2020-08-27 09:30:55.900,6371.8000,2462,0,26786000.000,0,-,-,-,-,6369.0000,6368.8000,6368.6000,6368.0000,6367.6000,6374.2000,6374.6000,6376.2000,6377.8000,6381.4000,1,2,1,1,1,1,1,1,1,1
SF,IC2010,2020-08-27 09:30:56.400,6371.8000,2462,0,26786000.000,0,-,-,-,-,6369.2000,6369.0000,6368.8000,6368.6000,6368.0000,6374.2000,6376.2000,6377.8000,6381.4000,6385.8000,3,1,1,1,1,1,1,1,1,3
SF,IC2010,2020-08-27 09:30:56.900,6371.8000,2462,0,26786000.000,0,-,-,-,-,6369.2000,6369.0000,6368.8000,6368.6000,6368.0000,6374.2000,6376.2000,6377.8000,6381.4000,6385.8000,3,1,1,1,1,1,1,1,1,3
SF,IC2010,2020-08-27 09:30:57.400,6371.8000,2462,0,26786000.000,0,-,-,-,-,6369.2000,6369.0000,6368.8000,6368.0000,6367.6000,6374.0000,6374.2000,6376.2000,6377.8000,6381.4000,3,1,1,1,1,1,1,1,1,1
SF,IC2010,2020-08-27 09:30:57.900,6371.8000,2462,0,26786000.000,0,-,-,-,-,6369.2000,6369.0000,6368.8000,6368.0000,6367.6000,6374.2000,6376.2000,6377.8000,6381.4000,6385.8000,1,1,1,1,1,1,1,1,1,3
SF,IC2010,2020-08-27 09:30:58.400,6371.8000,2462,0,26786000.000,0,-,-,-,-,6369.4000,6369.2000,6369.0000,6368.8000,6368.0000,6374.2000,6376.2000,6377.8000,6381.4000,6385.8000,4,1,1,1,1,1,1,1,1,3
SF,IC2010,2020-08-27 09:30:58.900,6371.8000,2462,0,26786000.000,0,-,-,-,-,6369.4000,6369.0000,6368.8000,6368.0000,6367.6000,6374.0000,6374.2000,6376.2000,6377.8000,6381.4000,1,1,1,1,1,1,1,1,1,1
SF,IC2010,2020-08-27 09:30:59.400,6371.8000,2462,0,26786000.000,0,-,-,-,-,6369.4000,6369.0000,6368.8000,6368.0000,6367.6000,6374.0000,6374.2000,6376.2000,6377.8000,6381.4000,1,1,1,1,1,1,1,1,1,1
SF,IC2010,2020-08-27 09:30:59.900,6371.8000,2462,0,26786000.000,0,-,-,-,-,6369.4000,6369.0000,6368.8000,6368.0000,6367.6000,6374.0000,6374.2000,6376.2000,6377.8000,6381.4000,1,1,1,1,1,1,1,1,1,1
SF,IC2010,2020-08-27 09:31:00.400,6371.8000,2462,0,26786000.000,0,-,-,-,-,6369.0000,6368.8000,6368.0000,6367.6000,6360.0000,6373.8000,6374.0000,6374.2000,6376.2000,6377.8000,1,1,1,1,2,3,1,1,1,1
SF,IC2010,2020-08-27 09:31:00.900,6371.8000,2462,0,26786000.000,0,-,-,-,-,6369.2000,6369.0000,6368.8000,6368.0000,6367.6000,6373.6000,6373.8000,6374.2000,6376.2000,6377.8000,1,1,1,1,1,1,1,1,1,1
SF,IC2010,2020-08-27 09:31:01.400,6371.8000,2462,0,26786000.000,0,-,-,-,-,6369.2000,6369.0000,6368.8000,6368.0000,6367.6000,6373.6000,6374.2000,6376.2000,6377.8000,6381.4000,2,1,1,1,1,1,1,1,1,1
SF,IC2010,2020-08-27 09:31:01.900,6371.8000,2462,0,26786000.000,0,-,-,-,-,6369.2000,6369.0000,6368.8000,6368.0000,6367.6000,6373.6000,6374.2000,6376.2000,6377.8000,6381.4000,1,2,1,1,1,1,1,1,1,1
SF,IC2010,2020-08-27 09:31:02.400,6373.6000,2462,0,28060720.000,1,0,1,多换,S,6369.8000,6369.4000,6369.2000,6369.0000,6368.8000,6374.2000,6376.2000,6377.8000,6381.4000,6385.8000,1,3,1,2,1,1,1,1,1,3
SF,IC2010,2020-08-27 09:31:02.900,6373.6000,2462,0,28060720.000,0,-,-,-,-,6370.0000,6369.8000,6369.4000,6369.2000,6369.0000,6374.2000,6376.2000,6377.8000,6381.4000,6385.8000,3,1,1,1,2,1,1,1,1,3
SF,IC2010,2020-08-27 09:31:03.400,6374.2000,2462,0,29335560.000,1,0,1,多换,S,6370.6000,6370.0000,6369.8000,6369.4000,6369.2000,6376.2000,6377.8000,6381.4000,6385.8000,6387.8000,1,4,1,1,1,1,1,1,3,5
SF,IC2010,2020-08-27 09:31:03.900,6374.2000,2462,0,29335560.000,0,-,-,-,-,6371.2000,6370.8000,6370.6000,6370.2000,6370.0000,6376.2000,6377.8000,6381.4000,6385.8000,6387.8000,1,2,1,2,2,1,1,1,3,5
SF,IC2010,2020-08-27 09:31:04.400,6374.2000,2462,0,29335560.000,0,-,-,-,-,6371.4000,6371.2000,6371.0000,6370.8000,6370.6000,6376.2000,6377.8000,6381.4000,6385.8000,6387.8000,5,1,1,2,1,1,1,1,3,5
SF,IC2010,2020-08-27 09:31:04.900,6374.2000,2462,0,29335560.000,0,-,-,-,-,6371.4000,6371.0000,6370.8000,6370.6000,6370.2000,6376.0000,6376.2000,6377.8000,6381.4000,6385.8000,2,1,1,1,1,1,1,1,1,3
SF,IC2010,2020-08-27 09:31:05.400,6374.2000,2462,0,29335560.000,0,-,-,-,-,6371.6000,6371.4000,6371.0000,6370.8000,6370.6000,6376.2000,6377.8000,6381.4000,6385.8000,6387.8000,2,2,1,1,1,1,1,1,3,5
SF,IC2010,2020-08-27 09:31:05.900,6374.2000,2462,0,29335560.000,0,-,-,-,-,6372.2000,6371.8000,6371.6000,6371.4000,6371.0000,6376.2000,6377.8000,6381.4000,6385.8000,6387.8000,1,1,1,1,1,1,1,1,3,5
SF,IC2010,2020-08-27 09:31:06.400,6374.2000,2462,0,29335560.000,0,-,-,-,-,6372.2000,6371.8000,6371.4000,6371.0000,6370.8000,6376.0000,6376.2000,6377.8000,6381.4000,6385.8000,1,1,1,1,1,2,1,1,1,3
SF,IC2010,2020-08-27 09:31:07.400,6374.2000,2462,0,29335560.000,0,-,-,-,-,6372.4000,6372.2000,6371.8000,6371.4000,6371.0000,6376.0000,6376.2000,6377.8000,6381.4000,6385.8000,1,1,1,1,1,2,1,1,1,3
SF,IC2010,2020-08-27 09:31:07.900,6374.2000,2462,0,29335560.000,0,-,-,-,-,6372.4000,6372.2000,6371.8000,6371.4000,6371.0000,6376.2000,6377.8000,6381.4000,6385.8000,6387.8000,1,1,1,1,1,1,1,1,3,5
SF,IC2010,2020-08-27 09:31:08.400,6374.2000,2462,0,29335560.000,0,-,-,-,-,6373.0000,6372.6000,6372.2000,6371.8000,6371.0000,6376.2000,6377.8000,6381.4000,6385.8000,6387.8000,1,1,1,1,1,1,1,1,3,5
SF,IC2010,2020-08-27 09:31:08.900,6374.2000,2462,0,29335560.000,0,-,-,-,-,6373.2000,6373.0000,6372.6000,6372.2000,6371.8000,6376.2000,6378.8000,6381.4000,6385.8000,6387.8000,1,1,2,1,1,1,1,1,3,5
SF,IC2010,2020-08-27 09:31:09.400,6374.2000,2462,0,29335560.000,0,-,-,-,-,6373.2000,6373.0000,6372.6000,6372.2000,6371.8000,6376.2000,6378.8000,6385.8000,6387.8000,6399.8000,2,1,1,1,1,1,1,3,5,1
SF,IC2010,2020-08-27 09:31:09.900,6376.2000,2462,0,30610800.000,1,0,1,多换,S,6373.8000,6373.2000,6373.0000,6372.6000,6371.8000,6378.8000,6385.8000,6387.8000,6399.8000,6439.6000,1,2,1,1,1,1,3,5,1,4
SF,IC2010,2020-08-27 09:31:10.400,6376.2000,2462,0,30610800.000,0,-,-,-,-,6374.0000,6373.8000,6373.2000,6373.0000,6372.6000,6378.8000,6385.8000,6387.8000,6399.8000,6439.6000,2,1,1,1,1,1,3,5,1,4
SF,IC2010,2020-08-27 09:31:10.900,6376.2000,2462,0,30610800.000,0,-,-,-,-,6374.6000,6374.2000,6374.0000,6373.8000,6373.2000,6378.8000,6385.8000,6387.8000,6399.8000,6439.6000,1,1,3,1,1,1,3,5,1,4
SF,IC2010,2020-08-27 09:31:11.400,6378.8000,2462,0,31886560.000,1,0,1,多换,S,6374.8000,6374.6000,6374.2000,6374.0000,6373.8000,6385.8000,6387.8000,6399.8000,6439.6000,6439.8000,3,1,1,1,1,3,5,1,4,1
SF,IC2010,2020-08-27 09:31:11.900,6378.8000,2462,0,31886560.000,0,-,-,-,-,6375.4000,6375.0000,6374.8000,6374.6000,6374.2000,6379.4000,6379.8000,6380.4000,6382.8000,6383.8000,1,1,3,1,1,2,1,1,1,1
SF,IC2010,2020-08-27 09:31:12.400,6378.8000,2462,0,31886560.000,0,-,-,-,-,6375.6000,6375.4000,6375.0000,6374.8000,6374.6000,6382.8000,6383.8000,6384.0000,6384.4000,6384.6000,1,1,1,2,1,1,1,1,1,1
SF,IC2010,2020-08-27 09:31:12.900,6378.8000,2462,0,31886560.000,0,-,-,-,-,6376.2000,6375.8000,6375.6000,6375.4000,6375.0000,6382.6000,6382.8000,6383.8000,6384.0000,6384.4000,1,1,2,1,1,3,1,1,1,1
SF,IC2010,2020-08-27 09:31:13.400,6378.8000,2462,0,31886560.000,0,-,-,-,-,6376.4000,6376.2000,6375.8000,6375.6000,6375.4000,6382.6000,6382.8000,6384.0000,6384.4000,6384.6000,3,1,1,1,1,3,1,1,1,1
SF,IC2010,2020-08-27 09:31:13.900,6378.8000,2462,0,31886560.000,0,-,-,-,-,6377.0000,6376.4000,6376.2000,6375.8000,6375.6000,6382.6000,6382.8000,6384.0000,6384.4000,6384.6000,1,3,1,1,1,3,1,1,1,1
SF,IC2010,2020-08-27 09:31:14.400,6378.8000,2462,0,31886560.000,0,-,-,-,-,6377.2000,6377.0000,6376.2000,6375.8000,6375.0000,6379.4000,6379.8000,6382.4000,6382.6000,6382.8000,1,1,1,1,1,2,1,3,3,1
SF,IC2010,2020-08-27 09:31:14.900,6378.8000,2462,0,31886560.000,0,-,-,-,-,6376.2000,6375.0000,6369.0000,6362.6000,6360.0000,6378.8000,6382.4000,6382.6000,6382.8000,6384.0000,1,1,1,5,2,1,2,2,1,1
SF,IC2010,2020-08-27 09:31:15.400,6378.8000,2462,0,31886560.000,0,-,-,-,-,6369.0000,6362.6000,6360.0000,6351.8000,6350.0000,6378.8000,6382.4000,6382.6000,6382.8000,6384.0000,1,5,2,3,1,1,3,2,1,1
SF,IC2010,2020-08-27 09:31:15.900,6378.8000,2462,0,31886560.000,0,-,-,-,-,6372.2000,6372.0000,6371.4000,6371.2000,6369.4000,6378.8000,6382.4000,6382.8000,6384.0000,6384.6000,1,1,1,1,1,1,3,1,1,1
SF,IC2010,2020-08-27 09:31:16.400,6378.8000,2462,0,31886560.000,0,-,-,-,-,6372.6000,6372.4000,6372.2000,6372.0000,6371.4000,6378.6000,6378.8000,6382.4000,6382.8000,6384.0000,1,4,1,1,1,2,1,3,1,1
SF,IC2010,2020-08-27 09:31:16.900,6378.8000,2462,0,31886560.000,0,-,-,-,-,6373.0000,6372.8000,6372.6000,6372.4000,6372.2000,6378.6000,6378.8000,6382.4000,6382.8000,6384.0000,1,4,1,1,1,2,1,3,1,1
SF,IC2010,2020-08-27 09:31:17.400,6378.8000,2462,0,31886560.000,0,-,-,-,-,6373.2000,6373.0000,6372.8000,6372.6000,6372.4000,6378.6000,6378.8000,6382.4000,6382.8000,6384.0000,2,1,2,1,1,2,1,3,1,1
SF,IC2010,2020-08-27 09:31:17.900,6378.8000,2462,0,31886560.000,0,-,-,-,-,6373.8000,6373.2000,6373.0000,6372.8000,6372.6000,6378.6000,6378.8000,6382.4000,6382.8000,6385.4000,1,2,1,1,1,2,1,3,1,1
SF,IC2010,2020-08-27 09:31:18.400,6378.8000,2462,0,31886560.000,0,-,-,-,-,6374.0000,6373.8000,6373.2000,6373.0000,6372.8000,6378.4000,6378.6000,6378.8000,6382.4000,6382.8000,1,1,1,1,1,1,2,1,3,1
SF,IC2010,2020-08-27 09:31:18.900,6378.8000,2462,0,31886560.000,0,-,-,-,-,6374.0000,6373.8000,6373.2000,6373.0000,6372.8000,6378.2000,6378.4000,6378.6000,6378.8000,6382.4000,1,1,1,1,1,1,1,1,1,2
SF,IC2010,2020-08-27 09:31:19.400,6378.8000,2462,0,31886560.000,0,-,-,-,-,6374.2000,6374.0000,6373.8000,6373.2000,6373.0000,6378.2000,6378.8000,6382.4000,6382.8000,6385.4000,1,1,1,1,1,2,1,2,1,1
SF,IC2010,2020-08-27 09:31:19.900,6378.8000,2462,0,31886560.000,0,-,-,-,-,6374.0000,6373.8000,6373.2000,6373.0000,6372.8000,6378.0000,6378.2000,6378.8000,6382.4000,6382.8000,1,1,1,1,1,1,1,1,2,1
SF,IC2010,2020-08-27 09:31:20.400,6378.8000,2462,0,31886560.000,0,-,-,-,-,6374.0000,6373.8000,6373.2000,6373.0000,6372.8000,6377.8000,6378.0000,6378.8000,6382.4000,6382.8000,1,1,1,1,1,1,2,1,2,1
SF,IC2010,2020-08-27 09:31:20.900,6378.8000,2462,0,31886560.000,0,-,-,-,-,6374.0000,6373.8000,6373.2000,6373.0000,6372.8000,6377.8000,6378.0000,6378.8000,6382.4000,6382.8000,1,1,1,1,1,1,1,1,2,1
SF,IC2010,2020-08-27 09:31:21.400,6378.8000,2462,0,31886560.000,0,-,-,-,-,6374.0000,6373.2000,6373.0000,6372.8000,6372.4000,6377.6000,6377.8000,6378.0000,6378.8000,6382.4000,1,1,1,1,1,1,1,1,1,2
SF,IC2010,2020-08-27 09:31:21.900,6378.8000,2462,0,31886560.000,0,-,-,-,-,6373.2000,6373.0000,6372.8000,6372.4000,6372.2000,6377.4000,6378.0000,6378.8000,6382.4000,6382.8000,1,1,1,1,1,1,1,1,2,1
SF,IC2010,2020-08-27 09:31:22.400,6378.8000,2462,0,31886560.000,0,-,-,-,-,6373.4000,6373.2000,6373.0000,6372.8000,6372.4000,6377.4000,6378.0000,6378.8000,6382.4000,6382.8000,1,1,1,1,1,1,1,1,2,1
SF,IC2010,2020-08-27 09:31:22.900,6378.8000,2462,0,31886560.000,0,-,-,-,-,6373.4000,6373.2000,6373.0000,6372.8000,6372.4000,6377.2000,6377.4000,6378.0000,6378.8000,6382.4000,1,1,1,1,1,1,1,1,1,2
SF,IC2010,2020-08-27 09:31:23.400,6378.8000,2462,0,31886560.000,0,-,-,-,-,6373.4000,6373.0000,6372.8000,6372.4000,6371.2000,6377.0000,6378.0000,6378.8000,6382.4000,6382.8000,1,1,1,1,1,2,1,1,2,1
SF,IC2010,2020-08-27 09:31:23.900,6378.8000,2462,0,31886560.000,0,-,-,-,-,6372.4000,6371.2000,6369.0000,6362.6000,6360.0000,6377.0000,6378.0000,6378.8000,6382.4000,6382.8000,1,1,1,5,2,3,1,1,2,1
SF,IC2010,2020-08-27 09:31:24.400,6378.8000,2462,0,31886560.000,0,-,-,-,-,6372.6000,6369.0000,6362.6000,6360.0000,6351.8000,6376.8000,6377.0000,6378.0000,6378.8000,6382.4000,1,1,5,2,3,1,1,1,1,2
SF,IC2010,2020-08-27 09:31:24.900,6378.8000,2462,0,31886560.000,0,-,-,-,-,6372.6000,6369.0000,6362.6000,6360.0000,6351.8000,6376.6000,6376.8000,6378.0000,6378.8000,6382.4000,1,1,5,2,3,1,1,1,1,2
SF,IC2010,2020-08-27 09:31:25.400,6372.6000,2462,0,33161080.000,1,0,1,多换,S,6369.0000,6362.6000,6360.0000,6351.8000,6350.0000,6376.4000,6376.6000,6376.8000,6378.0000,6378.8000,1,5,2,3,1,4,2,1,1,1
SF,IC2010,2020-08-27 09:31:25.900,6372.6000,2462,0,33161080.000,0,-,-,-,-,6369.2000,6369.0000,6362.6000,6360.0000,6351.8000,6376.2000,6376.4000,6376.8000,6378.0000,6378.8000,4,1,5,2,3,2,4,1,1,1
SF,IC2010,2020-08-27 09:31:26.400,6372.6000,2462,0,33161080.000,0,-,-,-,-,6369.2000,6369.0000,6362.6000,6360.0000,6351.8000,6375.6000,6376.0000,6376.2000,6376.4000,6376.8000,2,1,5,2,3,1,1,4,4,1
SF,IC2010,2020-08-27 09:31:26.900,6372.6000,2462,0,33161080.000,0,-,-,-,-,6369.2000,6369.0000,6360.0000,6356.8000,6351.8000,6375.4000,6375.6000,6376.0000,6376.2000,6376.4000,1,1,2,5,3,3,1,2,1,4
SF,IC2010,2020-08-27 09:31:27.400,6372.6000,2462,0,33161080.000,0,-,-,-,-,6369.2000,6369.0000,6360.0000,6356.8000,6351.8000,6375.4000,6375.6000,6376.0000,6376.2000,6376.4000,1,1,2,5,3,4,2,2,1,4
SF,IC2010,2020-08-27 09:31:27.900,6372.6000,2462,0,33161080.000,0,-,-,-,-,6369.0000,6360.0000,6356.8000,6351.8000,6350.0000,6375.2000,6375.4000,6375.6000,6376.0000,6376.2000,1,2,5,3,1,2,3,2,2,1
SF,IC2010,2020-08-27 09:31:28.400,6372.6000,2462,0,33161080.000,0,-,-,-,-,6369.4000,6369.2000,6369.0000,6360.0000,6356.8000,6375.0000,6375.2000,6375.4000,6375.6000,6376.0000,1,1,1,2,5,3,1,1,2,2
SF,IC2010,2020-08-27 09:31:28.900,6372.6000,2462,0,33161080.000,0,-,-,-,-,6369.0000,6360.0000,6356.8000,6351.8000,6350.0000,6375.0000,6375.2000,6375.4000,6375.6000,6376.0000,1,2,5,3,1,4,1,1,1,2
SF,IC2010,2020-08-27 09:31:29.400,6372.6000,2462,0,33161080.000,0,-,-,-,-,6369.0000,6360.0000,6356.8000,6351.8000,6350.0000,6374.6000,6374.8000,6375.0000,6375.2000,6375.4000,1,2,5,3,1,1,1,3,1,1
SF,IC2010,2020-08-27 09:31:29.900,6372.6000,2462,0,33161080.000,0,-,-,-,-,6369.0000,6360.0000,6356.8000,6354.0000,6351.8000,6374.4000,6374.6000,6374.8000,6375.0000,6375.2000,1,2,5,3,3,2,1,1,1,1
SF,IC2010,2020-08-27 09:31:30.400,6372.6000,2462,0,33161080.000,0,-,-,-,-,6369.0000,6360.0000,6356.8000,6354.0000,6351.8000,6371.8000,6373.8000,6374.2000,6374.4000,6374.6000,1,2,5,3,3,2,1,5,3,1
SF,IC2010,2020-08-27 09:31:30.900,6372.6000,2462,0,33161080.000,0,-,-,-,-,6369.0000,6360.0000,6356.8000,6354.0000,6351.8000,6371.6000,6373.8000,6374.2000,6374.4000,6374.6000,1,2,5,3,3,1,2,3,1,1
SF,IC2010,2020-08-27 09:31:31.400,6372.6000,2462,0,33161080.000,0,-,-,-,-,6369.0000,6360.0000,6356.8000,6354.0000,6351.8000,6371.6000,6373.8000,6374.2000,6374.4000,6374.6000,1,2,5,3,3,1,2,2,1,1
SF,IC2010,2020-08-27 09:31:31.900,6372.6000,2462,0,33161080.000,0,-,-,-,-,6369.2000,6369.0000,6360.0000,6356.8000,6354.0000,6373.8000,6374.2000,6374.4000,6374.6000,6375.6000,1,1,2,5,3,2,1,1,1,1
SF,IC2010,2020-08-27 09:31:32.400,6372.6000,2462,0,33161080.000,0,-,-,-,-,6369.2000,6369.0000,6360.0000,6356.8000,6354.0000,6371.4000,6373.6000,6373.8000,6374.2000,6374.6000,1,1,2,5,3,1,3,1,1,1
SF,IC2010,2020-08-27 09:31:32.900,6372.6000,2462,0,33161080.000,0,-,-,-,-,6369.0000,6360.0000,6356.8000,6354.0000,6351.8000,6373.6000,6373.8000,6374.2000,6374.6000,6375.6000,1,2,5,3,3,2,1,1,1,1
SF,IC2010,2020-08-27 09:31:33.400,6372.6000,2462,0,33161080.000,0,-,-,-,-,6369.0000,6360.0000,6356.8000,6354.0000,6351.8000,6371.2000,6371.4000,6373.4000,6373.6000,6373.8000,1,2,5,3,3,1,2,4,2,1
SF,IC2010,2020-08-27 09:31:33.900,6369.0000,2462,0,34434880.000,1,0,1,多换,S,6360.0000,6356.8000,6354.0000,6351.8000,6350.0000,6371.0000,6373.0000,6373.4000,6373.6000,6373.8000,2,5,3,3,1,1,1,1,1,1
SF,IC2010,2020-08-27 09:31:34.400,6369.0000,2462,0,34434880.000,0,-,-,-,-,6364.0000,6363.0000,6362.4000,6361.2000,6360.6000,6370.8000,6371.0000,6373.0000,6373.4000,6373.8000,1,1,1,1,1,1,1,1,1,1
SF,IC2010,2020-08-27 09:31:34.900,6369.0000,2462,0,34434880.000,0,-,-,-,-,6364.2000,6364.0000,6363.0000,6362.4000,6361.2000,6370.6000,6370.8000,6373.0000,6373.4000,6373.8000,4,1,1,1,1,1,1,1,1,1
SF,IC2010,2020-08-27 09:31:35.400,6369.0000,2462,0,34434880.000,0,-,-,-,-,6364.2000,6364.0000,6363.0000,6362.4000,6361.2000,6370.4000,6370.6000,6373.0000,6373.4000,6373.8000,4,1,1,1,1,1,1,1,1,1
SF,IC2010,2020-08-27 09:31:35.900,6369.0000,2462,0,34434880.000,0,-,-,-,-,6364.4000,6364.2000,6364.0000,6363.0000,6362.4000,6370.2000,6370.4000,6373.0000,6373.4000,6373.8000,1,4,1,1,1,1,1,1,1,1
SF,IC2010,2020-08-27 09:31:36.400,6369.0000,2462,0,34434880.000,0,-,-,-,-,6364.6000,6364.4000,6364.2000,6364.0000,6363.0000,6370.0000,6370.2000,6373.0000,6373.4000,6373.8000,2,1,2,1,1,1,2,1,1,1
SF,IC2010,2020-08-27 09:31:36.900,6369.0000,2462,0,34434880.000,0,-,-,-,-,6364.6000,6364.4000,6364.2000,6364.0000,6363.0000,6369.8000,6370.0000,6373.0000,6373.4000,6373.8000,1,1,1,1,1,1,1,1,1,1
SF,IC2010,2020-08-27 09:31:37.400,6369.0000,2462,0,34434880.000,0,-,-,-,-,6364.6000,6364.4000,6364.2000,6364.0000,6363.0000,6369.6000,6369.8000,6373.8000,6374.2000,6378.8000,1,1,1,1,1,1,2,1,5,1
SF,IC2010,2020-08-27 09:31:37.900,6369.0000,2462,0,34434880.000,0,-,-,-,-,6364.6000,6364.2000,6362.4000,6361.2000,6360.6000,6369.4000,6369.6000,6369.8000,6373.8000,6374.2000,1,1,1,1,1,1,2,1,1,5
SF,IC2010,2020-08-27 09:31:38.400,6369.0000,2462,0,34434880.000,0,-,-,-,-,6364.6000,6364.2000,6362.4000,6361.2000,6360.6000,6369.2000,6369.4000,6369.8000,6373.8000,6374.2000,1,1,1,1,1,2,1,1,1,5
SF,IC2010,2020-08-27 09:31:38.900,6369.0000,2462,0,34434880.000,0,-,-,-,-,6364.6000,6364.2000,6362.4000,6361.2000,6360.6000,6369.0000,6369.2000,6369.8000,6374.2000,6378.8000,1,1,1,1,1,2,3,1,5,1
SF,IC2010,2020-08-27 09:31:39.400,6369.0000,2462,0,34434880.000,0,-,-,-,-,6364.2000,6362.4000,6361.2000,6360.6000,6360.2000,6368.8000,6369.0000,6369.2000,6369.8000,6374.2000,1,1,1,1,1,2,1,1,1,5
SF,IC2010,2020-08-27 09:31:39.900,6369.0000,2462,0,34434880.000,0,-,-,-,-,6362.4000,6361.2000,6360.2000,6360.0000,6354.0000,6368.2000,6368.6000,6368.8000,6369.0000,6369.2000,1,1,1,2,3,1,1,3,1,1
SF,IC2010,2020-08-27 09:31:40.400,6369.0000,2462,0,34434880.000,0,-,-,-,-,6362.6000,6362.4000,6361.2000,6360.2000,6360.0000,6368.0000,6368.2000,6368.8000,6369.0000,6369.2000,1,1,1,1,2,2,1,1,1,1
SF,IC2010,2020-08-27 09:31:40.900,6369.0000,2462,0,34434880.000,0,-,-,-,-,6362.8000,6362.6000,6362.4000,6361.2000,6360.2000,6368.0000,6368.2000,6368.8000,6369.0000,6374.2000,1,1,1,1,1,2,1,1,1,5
SF,IC2010,2020-08-27 09:31:41.400,6369.0000,2462,0,34434880.000,0,-,-,-,-,6363.0000,6362.8000,6362.6000,6362.4000,6361.2000,6368.0000,6368.2000,6369.0000,6374.2000,6378.8000,1,1,1,1,1,2,1,1,5,1
SF,IC2010,2020-08-27 09:31:41.900,6369.0000,2462,0,34434880.000,0,-,-,-,-,6363.2000,6363.0000,6362.6000,6362.4000,6361.2000,6368.0000,6369.0000,6374.2000,6378.8000,6385.4000,2,1,1,1,1,2,1,5,1,1
SF,IC2010,2020-08-27 09:31:42.400,6369.0000,2462,0,34434880.000,0,-,-,-,-,6363.4000,6363.2000,6363.0000,6362.6000,6362.4000,6368.0000,6369.0000,6374.2000,6378.8000,6385.4000,2,3,2,1,1,1,1,5,1,1
SF,IC2010,2020-08-27 09:31:42.900,6368.0000,2462,0,35708480.000,1,0,1,多换,S,6363.6000,6363.4000,6363.2000,6363.0000,6362.6000,6374.2000,6378.8000,6385.4000,6385.8000,6387.8000,2,2,1,2,1,5,1,1,3,5
SF,IC2010,2020-08-27 09:31:43.400,6368.0000,2462,0,35708480.000,0,-,-,-,-,6364.2000,6363.8000,6363.6000,6363.4000,6363.2000,6371.2000,6372.0000,6373.2000,6373.8000,6374.0000,1,1,3,2,1,1,1,1,1,7
SF,IC2010,2020-08-27 09:31:43.900,6368.0000,2462,0,35708480.000,0,-,-,-,-,6364.4000,6364.2000,6363.8000,6363.4000,6363.2000,6372.0000,6373.8000,6374.0000,6374.2000,6378.8000,4,1,3,2,1,1,1,4,5,1
SF,IC2010,2020-08-27 09:31:44.400,6368.0000,2462,0,35708480.000,0,-,-,-,-,6364.4000,6364.2000,6363.8000,6363.4000,6363.2000,6371.4000,6371.8000,6373.8000,6374.0000,6374.2000,4,1,2,2,1,1,2,1,3,5
SF,IC2010,2020-08-27 09:31:44.900,6368.0000,2462,0,35708480.000,0,-,-,-,-,6364.4000,6364.2000,6363.8000,6363.4000,6363.2000,6371.2000,6371.4000,6371.8000,6373.8000,6374.0000,3,1,2,2,1,1,1,2,1,3
SF,IC2010,2020-08-27 09:31:45.400,6368.0000,2462,0,35708480.000,0,-,-,-,-,6364.6000,6364.4000,6364.2000,6363.8000,6363.4000,6371.2000,6371.4000,6371.8000,6373.8000,6374.0000,2,3,1,2,2,2,1,2,1,3
SF,IC2010,2020-08-27 09:31:45.900,6368.0000,2462,0,35708480.000,0,-,-,-,-,6364.8000,6364.6000,6364.4000,6364.2000,6363.8000,6371.2000,6371.4000,6371.8000,6373.8000,6374.0000,4,1,1,1,2,1,1,2,1,2
SF,IC2010,2020-08-27 09:31:46.400,6368.0000,2462,0,35708480.000,0,-,-,-,-,6364.8000,6364.6000,6364.4000,6364.2000,6363.8000,6371.2000,6371.4000,6371.8000,6373.8000,6374.0000,5,1,1,1,2,1,1,1,1,1
SF,IC2010,2020-08-27 09:31:46.900,6368.0000,2462,0,35708480.000,0,-,-,-,-,6364.8000,6364.6000,6364.4000,6364.2000,6363.8000,6371.2000,6371.4000,6371.8000,6373.8000,6374.0000,3,1,1,1,2,1,1,1,1,1
SF,IC2010,2020-08-27 09:31:47.400,6368.0000,2462,0,35708480.000,0,-,-,-,-,6364.8000,6364.4000,6364.2000,6363.8000,6363.4000,6371.0000,6371.2000,6371.4000,6371.8000,6373.8000,2,1,1,1,1,4,1,1,1,1
SF,IC2010,2020-08-27 09:31:47.900,6368.0000,2462,0,35708480.000,0,-,-,-,-,6364.8000,6364.4000,6364.2000,6363.8000,6363.4000,6370.6000,6370.8000,6371.0000,6371.4000,6371.8000,2,1,1,1,1,1,1,3,1,1
SF,IC2010,2020-08-27 09:31:48.400,6368.0000,2462,0,35708480.000,0,-,-,-,-,6364.8000,6364.4000,6363.8000,6363.4000,6363.2000,6370.4000,6370.6000,6370.8000,6371.0000,6371.4000,2,1,1,1,1,4,1,1,3,1
SF,IC2010,2020-08-27 09:31:48.900,6368.0000,2462,0,35708480.000,0,-,-,-,-,6364.8000,6363.8000,6363.4000,6363.0000,6362.4000,6367.6000,6369.8000,6370.2000,6370.4000,6370.6000,1,1,1,1,1,2,1,3,5,1
SF,IC2010,2020-08-27 09:31:49.400,6368.0000,2462,0,35708480.000,0,-,-,-,-,6363.8000,6363.4000,6363.0000,6362.4000,6361.2000,6367.4000,6369.8000,6370.2000,6370.6000,6374.2000,1,1,1,1,1,1,1,5,1,5
SF,IC2010,2020-08-27 09:31:49.900,6368.0000,2462,0,35708480.000,0,-,-,-,-,6363.4000,6363.0000,6361.2000,6360.2000,6360.0000,6367.4000,6369.8000,6370.2000,6370.6000,6374.2000,1,1,1,1,2,2,1,4,1,5
SF,IC2010,2020-08-27 09:31:50.400,6368.0000,2462,0,35708480.000,0,-,-,-,-,6363.6000,6363.0000,6361.2000,6360.2000,6360.0000,6367.2000,6367.4000,6369.8000,6370.2000,6370.6000,1,1,1,1,2,1,1,1,3,1
SF,IC2010,2020-08-27 09:31:50.900,6367.4000,2461,-1,36981960.000,1,0,1,双平,S,6363.6000,6363.0000,6361.2000,6360.2000,6360.0000,6367.0000,6367.2000,6369.8000,6370.2000,6370.6000,1,1,1,1,2,1,1,1,3,1
SF,IC2010,2020-08-27 09:31:51.400,6367.4000,2461,0,36981960.000,0,-,-,-,-,6363.6000,6360.2000,6360.0000,6354.0000,6351.8000,6366.8000,6367.0000,6369.8000,6370.2000,6370.6000,1,1,2,3,3,1,1,1,3,1
SF,IC2010,2020-08-27 09:31:51.900,6367.4000,2461,0,36981960.000,0,-,-,-,-,6360.0000,6354.0000,6351.8000,6351.0000,6350.0000,6365.0000,6366.6000,6366.8000,6367.0000,6370.2000,2,3,3,5,1,2,1,4,1,3
SF,IC2010,2020-08-27 09:31:52.400,6367.4000,2461,0,36981960.000,0,-,-,-,-,6360.2000,6360.0000,6354.0000,6351.8000,6351.0000,6366.6000,6366.8000,6367.0000,6370.2000,6370.6000,3,2,3,3,5,2,3,1,3,1
SF,IC2010,2020-08-27 09:31:52.900,6367.4000,2461,0,36981960.000,0,-,-,-,-,6360.2000,6360.0000,6354.0000,6351.8000,6351.0000,6364.8000,6366.4000,6366.6000,6366.8000,6367.0000,3,2,3,3,5,1,4,2,2,1
SF,IC2010,2020-08-27 09:31:53.400,6367.4000,2461,0,36981960.000,0,-,-,-,-,6360.2000,6360.0000,6354.0000,6351.8000,6351.0000,6364.6000,6366.2000,6366.4000,6366.6000,6366.8000,2,2,3,3,5,1,1,3,2,1
SF,IC2010,2020-08-27 09:31:53.900,6367.4000,2461,0,36981960.000,0,-,-,-,-,6360.2000,6360.0000,6354.0000,6351.8000,6351.0000,6364.6000,6366.2000,6366.4000,6366.6000,6366.8000,2,2,3,3,5,2,1,3,2,1
SF,IC2010,2020-08-27 09:31:54.400,6367.4000,2461,0,36981960.000,0,-,-,-,-,6360.2000,6360.0000,6351.8000,6351.0000,6350.0000,6362.4000,6364.2000,6364.4000,6364.6000,6366.2000,1,2,3,5,1,2,1,2,1,1
SF,IC2010,2020-08-27 09:31:54.900,6367.4000,2461,0,36981960.000,0,-,-,-,-,6360.4000,6360.0000,6351.8000,6351.0000,6350.0000,6366.2000,6366.4000,6366.6000,6366.8000,6370.2000,1,2,3,5,1,1,1,2,1,2
SF,IC2010,2020-08-27 09:31:55.400,6367.4000,2461,0,36981960.000,0,-,-,-,-,6360.6000,6360.4000,6360.0000,6351.8000,6351.0000,6365.8000,6366.0000,6366.6000,6366.8000,6370.2000,1,3,2,3,5,1,5,2,1,2
SF,IC2010,2020-08-27 09:31:55.900,6367.4000,2461,0,36981960.000,0,-,-,-,-,6360.8000,6360.6000,6360.4000,6360.0000,6351.8000,6366.6000,6370.2000,6374.2000,6378.8000,6385.8000,4,1,1,2,3,1,2,5,1,3
SF,IC2010,2020-08-27 09:31:56.400,6367.4000,2461,0,36981960.000,0,-,-,-,-,6361.0000,6360.8000,6360.4000,6360.0000,6351.8000,6370.2000,6374.2000,6378.8000,6385.8000,6387.8000,2,5,1,2,3,2,5,1,3,5
SF,IC2010,2020-08-27 09:31:56.900,6367.4000,2461,0,36981960.000,0,-,-,-,-,6361.2000,6361.0000,6360.8000,6360.4000,6360.0000,6369.8000,6370.0000,6370.2000,6374.2000,6378.8000,2,2,3,1,2,1,4,2,5,1
SF,IC2010,2020-08-27 09:31:57.400,6361.8000,2460,-1,38254320.000,1,0,1,双平,S,6361.4000,6361.2000,6361.0000,6360.8000,6360.4000,6369.2000,6369.6000,6369.8000,6370.0000,6370.2000,1,3,1,2,1,1,6,1,2,2
SF,IC2010,2020-08-27 09:31:57.900,6361.8000,2460,0,38254320.000,0,-,-,-,-,6361.6000,6361.4000,6361.2000,6361.0000,6360.8000,6369.0000,6369.2000,6369.6000,6369.8000,6370.0000,2,1,1,1,2,4,1,4,1,2
SF,IC2010,2020-08-27 09:31:58.400,6361.8000,2460,0,38254320.000,0,-,-,-,-,6361.8000,6361.6000,6361.2000,6361.0000,6360.8000,6368.4000,6369.0000,6369.6000,6369.8000,6370.0000,1,2,1,1,2,1,6,4,1,2
SF,IC2010,2020-08-27 09:31:58.900,6361.8000,2460,0,38254320.000,0,-,-,-,-,6362.4000,6362.2000,6362.0000,6361.8000,6361.6000,6368.2000,6368.4000,6369.0000,6369.6000,6369.8000,1,1,2,1,1,1,1,2,4,1
SF,IC2010,2020-08-27 09:31:59.400,6361.8000,2460,0,38254320.000,0,-,-,-,-,6362.6000,6362.4000,6362.2000,6362.0000,6361.6000,6368.0000,6368.2000,6369.0000,6369.6000,6369.8000,4,1,2,2,1,1,1,2,3,1
SF,IC2010,2020-08-27 09:31:59.900,6361.8000,2460,0,38254320.000,0,-,-,-,-,6362.6000,6362.4000,6362.2000,6362.0000,6361.6000,6369.0000,6369.6000,6369.8000,6370.2000,6374.2000,6,1,1,1,1,1,3,1,1,5
SF,IC2010,2020-08-27 09:32:00.400,6361.8000,2460,0,38254320.000,0,-,-,-,-,6362.6000,6362.4000,6362.2000,6362.0000,6361.6000,6368.8000,6369.0000,6369.6000,6370.2000,6374.2000,5,1,1,1,1,4,1,3,1,5
SF,IC2010,2020-08-27 09:32:00.900,6361.8000,2460,0,38254320.000,0,-,-,-,-,6362.8000,6362.6000,6362.4000,6362.2000,6362.0000,6368.8000,6369.0000,6369.6000,6370.2000,6374.2000,1,4,1,1,1,3,1,3,1,5
SF,IC2010,2020-08-27 09:32:01.400,6361.8000,2460,0,38254320.000,0,-,-,-,-,6363.2000,6363.0000,6362.8000,6362.6000,6362.4000,6368.8000,6369.0000,6369.6000,6370.2000,6374.2000,2,3,2,2,1,2,1,3,1,5
SF,IC2010,2020-08-27 09:32:01.900,6361.8000,2460,0,38254320.000,0,-,-,-,-,6363.4000,6363.2000,6363.0000,6362.8000,6362.6000,6369.0000,6374.2000,6385.8000,6387.8000,6399.8000,3,2,1,1,2,1,5,3,5,1
SF,IC2010,2020-08-27 09:32:02.400,6361.8000,2460,0,38254320.000,0,-,-,-,-,6364.0000,6363.8000,6363.4000,6363.2000,6363.0000,6374.2000,6385.8000,6387.8000,6399.8000,6439.6000,1,1,4,1,1,5,3,5,1,4
SF,IC2010,2020-08-27 09:32:02.900,6361.8000,2460,0,38254320.000,0,-,-,-,-,6364.2000,6364.0000,6363.8000,6363.4000,6363.2000,6368.0000,6368.4000,6369.0000,6369.2000,6371.2000,3,1,1,1,1,2,1,1,1,1
SF,IC2010,2020-08-27 09:32:03.400,6361.8000,2460,0,38254320.000,0,-,-,-,-,6364.2000,6363.4000,6363.2000,6363.0000,6362.6000,6371.2000,6371.4000,6372.0000,6373.2000,6373.4000,3,1,1,1,1,1,1,2,1,1
SF,IC2010,2020-08-27 09:32:03.900,6361.8000,2460,0,38254320.000,0,-,-,-,-,6364.2000,6363.4000,6363.0000,6362.6000,6362.4000,6370.6000,6371.0000,6371.2000,6371.4000,6372.0000,1,1,1,1,1,3,3,1,1,1
SF,IC2010,2020-08-27 09:32:04.400,6364.2000,2460,0,39527160.000,1,0,1,多换,S,6362.6000,6360.0000,6357.4000,6351.8000,6351.0000,6366.0000,6366.4000,6367.0000,6367.2000,6368.6000,1,2,1,3,5,2,1,1,1,1
SF,IC2010,2020-08-27 09:32:04.900,6364.2000,2460,0,39527160.000,0,-,-,-,-,6362.8000,6360.0000,6357.4000,6351.8000,6351.0000,6368.6000,6370.2000,6370.4000,6370.6000,6371.0000,1,2,1,3,5,1,1,2,3,2
SF,IC2010,2020-08-27 09:32:05.400,6364.2000,2460,0,39527160.000,0,-,-,-,-,6360.0000,6357.4000,6351.8000,6351.0000,6350.0000,6365.8000,6368.0000,6368.2000,6368.4000,6368.6000,2,1,3,5,1,1,1,1,4,1
SF,IC2010,2020-08-27 09:32:05.900,6365.6000,2460,0,40800280.000,1,0,1,多换,S,6360.2000,6360.0000,6351.8000,6351.0000,6350.0000,6368.0000,6368.2000,6368.4000,6368.6000,6370.2000,3,2,3,6,1,1,1,2,1,1
SF,IC2010,2020-08-27 09:32:06.400,6365.6000,2460,0,40800280.000,0,-,-,-,-,6366.0000,6360.4000,6360.2000,6360.0000,6351.8000,6367.8000,6368.0000,6368.2000,6368.4000,6368.6000,1,1,3,2,3,1,1,1,1,1
SF,IC2010,2020-08-27 09:32:06.900,6365.8000,2459,-1,42073440.000,1,0,1,双平,S,6361.2000,6360.8000,6360.4000,6360.2000,6360.0000,6366.6000,6367.0000,6367.2000,6367.6000,6368.2000,1,1,1,1,2,2,1,1,1,1
SF,IC2010,2020-08-27 09:32:07.400,6365.8000,2459,0,42073440.000,0,-,-,-,-,6361.4000,6360.8000,6360.0000,6351.0000,6350.0000,6367.2000,6367.6000,6368.2000,6370.2000,6370.6000,4,1,2,6,1,1,1,1,1,2
SF,IC2010,2020-08-27 09:32:07.900,6365.8000,2459,0,42073440.000,0,-,-,-,-,6362.0000,6361.4000,6360.0000,6351.0000,6350.0000,6367.2000,6368.2000,6370.2000,6370.6000,6371.0000,1,4,2,6,1,1,1,1,2,1
SF,IC2010,2020-08-27 09:32:08.400,6365.8000,2459,0,42073440.000,0,-,-,-,-,6362.2000,6362.0000,6361.4000,6360.0000,6351.0000,6367.0000,6367.2000,6368.2000,6370.2000,6370.6000,3,1,2,2,6,1,1,1,1,2
SF,IC2010,2020-08-27 09:32:08.900,6365.8000,2459,0,42073440.000,0,-,-,-,-,6362.2000,6362.0000,6361.4000,6360.0000,6351.0000,6366.4000,6366.8000,6367.0000,6368.2000,6370.2000,2,1,1,2,6,1,1,3,1,1
SF,IC2010,2020-08-27 09:32:09.400,6365.8000,2459,0,42073440.000,0,-,-,-,-,6362.2000,6361.4000,6360.0000,6351.0000,6350.0000,6366.4000,6366.8000,6367.0000,6368.2000,6370.2000,2,1,2,6,1,1,1,3,1,1
SF,IC2010,2020-08-27 09:32:09.900,6365.8000,2459,0,42073440.000,0,-,-,-,-,6362.2000,6361.4000,6360.0000,6351.0000,6350.0000,6366.2000,6366.4000,6367.0000,6368.2000,6370.2000,2,1,2,6,1,4,1,3,1,1
SF,IC2010,2020-08-27 09:32:10.400,6365.8000,2459,0,42073440.000,0,-,-,-,-,6362.2000,6361.4000,6360.0000,6351.4000,6351.0000,6365.6000,6366.2000,6367.0000,6368.2000,6370.2000,1,1,2,3,6,1,4,3,1,1
SF,IC2010,2020-08-27 09:32:10.900,6365.8000,2459,0,42073440.000,0,-,-,-,-,6361.4000,6360.0000,6351.4000,6351.0000,6350.0000,6365.6000,6366.2000,6368.2000,6370.2000,6370.6000,1,2,3,6,1,1,1,1,1,2
SF,IC2010,2020-08-27 09:32:11.400,6365.8000,2459,0,42073440.000,0,-,-,-,-,6361.6000,6361.4000,6360.0000,6351.4000,6351.0000,6365.4000,6365.6000,6368.2000,6370.2000,6370.6000,2,1,2,3,5,2,1,1,1,2
SF,IC2010,2020-08-27 09:32:11.900,6361.6000,2459,0,43345760.000,1,0,1,多换,S,6360.0000,6351.4000,6350.0000,6348.4000,6345.4000,6363.2000,6363.6000,6364.8000,6365.2000,6368.2000,2,3,1,1,3,1,1,1,1,1
SF,IC2010,2020-08-27 09:32:12.400,6361.6000,2459,0,43345760.000,0,-,-,-,-,6360.0000,6351.4000,6350.0000,6348.4000,6345.4000,6363.0000,6365.0000,6365.2000,6370.2000,6370.6000,2,3,1,1,3,2,1,2,1,2
SF,IC2010,2020-08-27 09:32:12.900,6361.6000,2459,0,43345760.000,0,-,-,-,-,6360.0000,6351.4000,6350.0000,6348.4000,6345.4000,6363.0000,6365.0000,6365.2000,6370.2000,6370.6000,2,3,1,1,3,3,1,1,1,2
SF,IC2010,2020-08-27 09:32:13.900,6361.6000,2459,0,43345760.000,0,-,-,-,-,6360.0000,6351.4000,6350.0000,6348.4000,6345.4000,6362.8000,6363.0000,6365.0000,6365.2000,6370.2000,2,3,1,1,3,1,2,1,1,1
SF,IC2010,2020-08-27 09:32:14.400,6361.6000,2459,0,43345760.000,0,-,-,-,-,6360.0000,6351.4000,6350.0000,6348.4000,6345.4000,6361.2000,6362.2000,6362.8000,6363.0000,6365.0000,2,3,1,1,3,1,1,2,1,1
SF,IC2010,2020-08-27 09:32:14.900,6361.6000,2459,0,43345760.000,0,-,-,-,-,6360.0000,6351.4000,6350.0000,6348.4000,6345.4000,6362.2000,6363.0000,6365.0000,6370.2000,6370.6000,2,3,1,1,3,1,1,1,1,2
SF,IC2010,2020-08-27 09:32:15.400,6361.6000,2459,0,43345760.000,0,-,-,-,-,6360.0000,6351.4000,6350.0000,6348.4000,6345.4000,6363.0000,6365.0000,6370.2000,6370.6000,6371.0000,2,3,1,1,3,1,1,1,2,1
SF,IC2010,2020-08-27 09:32:16.400,6361.6000,2459,0,43345760.000,0,-,-,-,-,6360.0000,6351.4000,6350.0000,6348.4000,6345.4000,6363.0000,6365.0000,6370.2000,6370.6000,6371.0000,2,3,1,1,3,1,1,1,2,1
SF,IC2010,2020-08-27 09:32:16.900,6361.6000,2459,0,43345760.000,0,-,-,-,-,6360.2000,6360.0000,6351.4000,6350.0000,6348.4000,6365.0000,6370.2000,6370.6000,6371.0000,6374.2000,3,2,3,1,1,1,1,2,1,5
SF,IC2010,2020-08-27 09:32:17.400,6361.6000,2459,0,43345760.000,0,-,-,-,-,6360.4000,6360.2000,6360.0000,6351.4000,6350.0000,6362.6000,6364.4000,6364.8000,6370.2000,6370.6000,1,1,2,3,1,1,1,2,1,2
SF,IC2010,2020-08-27 09:32:17.900,6361.6000,2459,0,43345760.000,0,-,-,-,-,6360.6000,6360.0000,6351.4000,6350.0000,6348.4000,6364.4000,6370.2000,6370.6000,6371.0000,6374.2000,1,2,3,1,1,1,1,2,1,5
SF,IC2010,2020-08-27 09:32:18.400,6361.6000,2459,0,43345760.000,0,-,-,-,-,6360.0000,6351.4000,6350.0000,6348.4000,6345.4000,6364.2000,6364.4000,6370.2000,6370.6000,6371.0000,2,3,1,1,3,1,1,1,2,1
SF,IC2010,2020-08-27 09:32:18.900,6361.6000,2459,0,43345760.000,0,-,-,-,-,6360.0000,6351.4000,6350.0000,6348.4000,6345.4000,6361.8000,6362.2000,6363.6000,6364.0000,6364.2000,2,3,1,1,3,1,1,1,1,3
SF,IC2010,2020-08-27 09:32:19.400,6361.6000,2459,0,43345760.000,0,-,-,-,-,6360.0000,6351.4000,6350.0000,6348.4000,6345.4000,6363.6000,6364.0000,6364.2000,6370.2000,6370.6000,2,3,1,1,3,1,1,1,1,2
SF,IC2010,2020-08-27 09:32:19.900,6361.6000,2459,0,43345760.000,0,-,-,-,-,6360.0000,6351.4000,6350.0000,6348.4000,6345.4000,6363.4000,6363.6000,6364.0000,6370.2000,6370.6000,2,3,1,1,3,1,1,1,1,2
SF,IC2010,2020-08-27 09:32:20.400,6361.6000,2459,0,43345760.000,0,-,-,-,-,6360.0000,6351.4000,6350.0000,6348.4000,6345.4000,6363.0000,6363.4000,6370.2000,6370.6000,6371.0000,2,3,1,1,3,1,1,1,2,1
SF,IC2010,2020-08-27 09:32:20.900,6363.0000,2458,-1,44618360.000,1,0,1,双平,S,6360.0000,6351.4000,6350.0000,6348.4000,6345.4000,6370.2000,6370.6000,6371.0000,6374.2000,6385.8000,2,3,1,1,3,1,2,1,5,3
SF,IC2010,2020-08-27 09:32:21.400,6363.0000,2458,0,44618360.000,0,-,-,-,-,6360.2000,6360.0000,6351.4000,6350.0000,6348.4000,6363.2000,6363.6000,6364.2000,6364.4000,6366.6000,3,2,3,1,1,1,1,1,1,1
SF,IC2010,2020-08-27 09:32:21.900,6363.0000,2458,0,44618360.000,0,-,-,-,-,6360.6000,6360.2000,6360.0000,6351.4000,6350.0000,6366.8000,6369.8000,6370.0000,6370.2000,6370.6000,1,1,2,3,1,1,1,3,1,2
SF,IC2010,2020-08-27 09:32:22.400,6363.0000,2458,0,44618360.000,0,-,-,-,-,6360.8000,6360.4000,6360.2000,6360.0000,6351.4000,6366.6000,6366.8000,6369.8000,6370.0000,6370.2000,4,1,1,2,3,4,1,1,1,1
SF,IC2010,2020-08-27 09:32:22.900,6363.0000,2458,0,44618360.000,0,-,-,-,-,6360.8000,6360.2000,6360.0000,6351.4000,6350.0000,6366.6000,6366.8000,6369.8000,6370.0000,6370.2000,6,1,2,3,1,1,1,1,1,1
SF,IC2010,2020-08-27 09:32:23.400,6363.0000,2458,0,44618360.000,0,-,-,-,-,6360.8000,6360.2000,6360.0000,6351.4000,6350.0000,6366.4000,6366.6000,6366.8000,6369.8000,6370.0000,5,1,2,3,1,2,1,1,1,1
SF,IC2010,2020-08-27 09:32:23.900,6363.0000,2458,0,44618360.000,0,-,-,-,-,6360.8000,6360.2000,6360.0000,6351.4000,6350.0000,6366.2000,6366.4000,6366.6000,6366.8000,6369.8000,3,1,2,3,1,2,3,1,1,1
SF,IC2010,2020-08-27 09:32:24.400,6363.0000,2458,0,44618360.000,0,-,-,-,-,6360.8000,6360.0000,6351.4000,6350.0000,6348.4000,6363.4000,6365.8000,6366.0000,6366.2000,6366.4000,1,2,3,1,1,1,1,2,3,2
SF,IC2010,2020-08-27 09:32:24.900,6363.0000,2458,0,44618360.000,0,-,-,-,-,6361.0000,6360.0000,6351.4000,6350.0000,6348.4000,6365.8000,6366.0000,6366.4000,6366.8000,6369.8000,1,2,3,1,1,1,3,1,1,1
SF,IC2010,2020-08-27 09:32:25.400,6363.0000,2458,0,44618360.000,0,-,-,-,-,6361.2000,6361.0000,6360.0000,6351.4000,6350.0000,6365.6000,6365.8000,6366.4000,6366.8000,6369.8000,1,1,2,3,1,1,1,1,1,1
SF,IC2010,2020-08-27 09:32:25.900,6363.0000,2458,0,44618360.000,0,-,-,-,-,6361.4000,6361.2000,6360.0000,6351.4000,6350.0000,6365.8000,6366.4000,6366.8000,6369.8000,6370.2000,1,2,2,3,1,1,1,1,1,1
SF,IC2010,2020-08-27 09:32:26.400,6363.0000,2458,0,44618360.000,0,-,-,-,-,6361.6000,6361.4000,6361.2000,6360.0000,6351.4000,6366.4000,6369.8000,6370.2000,6371.0000,6374.2000,3,2,1,2,3,1,1,1,1,5
SF,IC2010,2020-08-27 09:32:26.900,6363.0000,2458,0,44618360.000,0,-,-,-,-,6362.8000,6361.8000,6361.6000,6361.2000,6360.0000,6369.8000,6370.2000,6371.0000,6374.2000,6385.8000,1,1,3,1,2,1,1,1,5,3
SF,IC2010,2020-08-27 09:32:27.400,6363.0000,2458,0,44618360.000,0,-,-,-,-,6363.0000,6361.6000,6361.2000,6360.0000,6351.4000,6365.4000,6365.8000,6366.2000,6366.4000,6369.2000,1,1,1,2,3,1,1,1,1,1
SF,IC2010,2020-08-27 09:32:27.900,6363.0000,2458,0,44618360.000,0,-,-,-,-,6363.2000,6361.2000,6360.0000,6351.4000,6350.0000,6369.2000,6369.4000,6369.6000,6369.8000,6370.2000,1,1,2,3,1,1,1,3,1,1
SF,IC2010,2020-08-27 09:32:28.400,6363.0000,2458,0,44618360.000,0,-,-,-,-,6363.4000,6360.0000,6351.4000,6350.0000,6348.4000,6368.6000,6369.0000,6369.2000,6369.4000,6369.6000,1,2,3,1,1,1,5,1,1,2
SF,IC2010,2020-08-27 09:32:28.900,6363.0000,2458,0,44618360.000,0,-,-,-,-,6363.4000,6360.0000,6351.4000,6350.0000,6348.4000,6364.8000,6365.2000,6365.8000,6366.0000,6366.8000,1,2,3,1,1,1,1,1,1,1
SF,IC2010,2020-08-27 09:32:29.400,6363.0000,2458,0,44618360.000,0,-,-,-,-,6360.0000,6351.4000,6350.0000,6348.4000,6345.4000,6366.8000,6368.2000,6368.4000,6368.6000,6369.0000,2,3,1,1,3,1,1,2,1,2
SF,IC2010,2020-08-27 09:32:29.900,6363.0000,2458,0,44618360.000,0,-,-,-,-,6362.8000,6360.2000,6360.0000,6351.4000,6350.0000,6366.6000,6368.4000,6368.6000,6369.0000,6369.2000,1,4,2,3,1,1,2,1,2,1
SF,IC2010,2020-08-27 09:32:30.400,6363.0000,2458,0,44618360.000,0,-,-,-,-,6360.2000,6360.0000,6351.4000,6350.0000,6348.4000,6366.6000,6368.4000,6368.6000,6369.0000,6369.2000,2,2,3,1,1,1,2,1,2,1
SF,IC2010,2020-08-27 09:32:30.900,6363.0000,2458,0,44618360.000,0,-,-,-,-,6360.4000,6360.2000,6360.0000,6351.4000,6350.0000,6366.4000,6366.6000,6368.4000,6368.6000,6369.0000,1,2,2,3,1,5,1,1,1,2
SF,IC2010,2020-08-27 09:32:31.400,6363.0000,2458,0,44618360.000,0,-,-,-,-,6360.6000,6360.4000,6360.0000,6351.4000,6350.0000,6366.4000,6366.6000,6368.4000,6368.6000,6369.0000,2,1,2,3,1,4,1,1,1,2
SF,IC2010,2020-08-27 09:32:31.900,6363.0000,2458,0,44618360.000,0,-,-,-,-,6362.6000,6360.8000,6360.6000,6360.4000,6360.0000,6365.8000,6366.2000,6366.4000,6366.6000,6368.4000,1,1,2,1,2,1,1,4,1,1
SF,IC2010,2020-08-27 09:32:32.400,6363.0000,2458,0,44618360.000,0,-,-,-,-,6360.8000,6360.6000,6360.0000,6351.4000,6348.4000,6364.2000,6365.8000,6366.2000,6366.4000,6366.6000,1,1,2,3,1,1,1,1,4,1
SF,IC2010,2020-08-27 09:32:32.900,6363.0000,2458,0,44618360.000,0,-,-,-,-,6361.0000,6360.8000,6360.0000,6351.4000,6348.4000,6365.8000,6366.2000,6366.6000,6368.4000,6368.6000,2,1,2,3,1,1,1,1,1,1
SF,IC2010,2020-08-27 09:32:33.400,6363.0000,2458,0,44618360.000,0,-,-,-,-,6361.4000,6361.2000,6361.0000,6360.8000,6360.0000,6365.6000,6365.8000,6366.2000,6366.6000,6368.4000,1,2,2,1,2,1,1,1,1,1
SF,IC2010,2020-08-27 09:32:33.900,6363.0000,2458,0,44618360.000,0,-,-,-,-,6361.6000,6361.2000,6361.0000,6360.8000,6360.0000,6365.6000,6365.8000,6366.2000,6366.6000,6368.4000,3,2,1,1,2,1,1,1,1,1
SF,IC2010,2020-08-27 09:32:34.400,6363.0000,2458,0,44618360.000,0,-,-,-,-,6361.8000,6361.6000,6361.0000,6360.8000,6360.0000,6365.4000,6365.6000,6365.8000,6366.2000,6366.6000,1,3,1,1,2,1,1,1,1,1
SF,IC2010,2020-08-27 09:32:34.900,6363.0000,2458,0,44618360.000,0,-,-,-,-,6362.0000,6361.8000,6361.6000,6361.0000,6360.8000,6366.2000,6366.6000,6368.4000,6368.6000,6369.4000,1,1,1,1,1,1,1,1,1,1
SF,IC2010,2020-08-27 09:32:35.400,6363.0000,2458,0,44618360.000,0,-,-,-,-,6362.2000,6362.0000,6361.8000,6361.0000,6360.8000,6366.2000,6366.6000,6368.4000,6368.6000,6369.4000,1,1,2,1,1,1,1,1,1,1
SF,IC2010,2020-08-27 09:32:35.900,6363.0000,2458,0,44618360.000,0,-,-,-,-,6362.4000,6362.2000,6361.0000,6360.8000,6360.0000,6366.0000,6366.2000,6366.6000,6368.4000,6368.6000,1,1,1,1,2,1,1,1,1,1
SF,IC2010,2020-08-27 09:32:36.400,6363.0000,2458,0,44618360.000,0,-,-,-,-,6362.4000,6362.2000,6361.0000,6360.8000,6360.0000,6366.2000,6368.4000,6368.6000,6369.4000,6369.6000,1,1,1,1,2,1,1,1,1,1
SF,IC2010,2020-08-27 09:32:36.900,6363.0000,2458,0,44618360.000,0,-,-,-,-,6363.0000,6362.4000,6362.2000,6361.0000,6360.8000,6365.8000,6366.0000,6366.2000,6368.4000,6368.6000,1,1,1,1,1,1,1,1,1,1
SF,IC2010,2020-08-27 09:32:37.400,6363.0000,2458,0,44618360.000,0,-,-,-,-,6360.0000,6351.4000,6348.4000,6345.4000,6345.2000,6365.6000,6366.0000,6366.2000,6368.4000,6368.6000,2,3,1,3,5,2,2,1,1,1
SF,IC2010,2020-08-27 09:32:37.900,6363.0000,2458,0,44618360.000,0,-,-,-,-,6360.2000,6360.0000,6351.4000,6348.4000,6345.4000,6365.6000,6366.0000,6366.2000,6368.4000,6368.6000,3,2,3,1,3,2,2,1,1,1
SF,IC2010,2020-08-27 09:32:38.400,6363.0000,2458,0,44618360.000,0,-,-,-,-,6360.2000,6360.0000,6351.4000,6348.4000,6345.4000,6365.4000,6365.6000,6366.0000,6366.2000,6368.4000,2,2,3,1,3,2,2,2,1,1
SF,IC2010,2020-08-27 09:32:38.900,6363.0000,2458,0,44618360.000,0,-,-,-,-,6360.2000,6360.0000,6351.4000,6348.4000,6345.4000,6365.0000,6365.2000,6365.4000,6365.6000,6366.0000,1,2,3,1,3,1,1,2,1,2
SF,IC2010,2020-08-27 09:32:39.400,6363.0000,2458,0,44618360.000,0,-,-,-,-,6360.0000,6351.4000,6348.4000,6345.4000,6345.2000,6364.8000,6365.0000,6365.2000,6365.4000,6365.6000,2,3,1,3,5,2,1,1,1,1
SF,IC2010,2020-08-27 09:32:39.900,6363.0000,2458,0,44618360.000,0,-,-,-,-,6360.0000,6351.4000,6348.4000,6345.4000,6345.2000,6364.2000,6364.8000,6365.0000,6365.4000,6365.6000,2,3,1,3,5,1,4,1,1,1
SF,IC2010,2020-08-27 09:32:40.400,6363.0000,2458,0,44618360.000,0,-,-,-,-,6360.0000,6351.4000,6348.4000,6345.4000,6345.2000,6364.0000,6364.2000,6364.8000,6365.0000,6365.4000,2,3,1,3,5,2,1,1,1,1
SF,IC2010,2020-08-27 09:32:40.900,6363.0000,2458,0,44618360.000,0,-,-,-,-,6360.2000,6360.0000,6351.4000,6348.4000,6345.4000,6364.0000,6364.2000,6365.0000,6365.4000,6366.0000,2,2,3,1,3,2,1,1,1,1
SF,IC2010,2020-08-27 09:32:41.400,6363.0000,2458,0,44618360.000,0,-,-,-,-,6360.2000,6360.0000,6351.4000,6348.4000,6345.4000,6364.0000,6364.2000,6365.0000,6365.4000,6366.0000,1,2,3,1,3,1,1,1,1,1
SF,IC2010,2020-08-27 09:32:41.900,6363.0000,2458,0,44618360.000,0,-,-,-,-,6360.2000,6360.0000,6351.4000,6348.4000,6345.4000,6364.0000,6364.2000,6365.0000,6365.4000,6366.2000,1,2,3,1,3,1,1,1,1,1
SF,IC2010,2020-08-27 09:32:42.400,6363.0000,2458,0,44618360.000,0,-,-,-,-,6360.4000,6360.2000,6360.0000,6351.4000,6348.4000,6364.0000,6364.2000,6365.0000,6365.4000,6366.2000,1,2,2,3,1,1,1,1,1,1
SF,IC2010,2020-08-27 09:32:42.900,6363.0000,2458,0,44618360.000,0,-,-,-,-,6360.6000,6360.2000,6360.0000,6351.4000,6348.4000,6364.2000,6365.0000,6365.4000,6366.2000,6368.4000,1,1,2,3,1,1,1,1,1,1
SF,IC2010,2020-08-27 09:32:43.400,6363.0000,2458,0,44618360.000,0,-,-,-,-,6360.6000,6360.2000,6360.0000,6351.4000,6348.4000,6364.2000,6365.0000,6365.4000,6366.2000,6368.4000,3,1,2,3,1,1,1,1,1,1
SF,IC2010,2020-08-27 09:32:43.900,6363.0000,2458,0,44618360.000,0,-,-,-,-,6360.6000,6360.2000,6360.0000,6351.4000,6348.4000,6364.2000,6365.0000,6366.2000,6368.4000,6368.6000,2,1,2,3,1,1,1,1,1,1
SF,IC2010,2020-08-27 09:32:44.400,6363.0000,2458,0,44618360.000,0,-,-,-,-,6360.6000,6360.2000,6360.0000,6351.4000,6348.4000,6364.2000,6365.0000,6366.2000,6368.4000,6368.6000,1,1,2,3,1,1,1,1,1,1
SF,IC2010,2020-08-27 09:32:44.900,6363.0000,2458,0,44618360.000,0,-,-,-,-,6360.2000,6360.0000,6351.4000,6348.4000,6345.4000,6364.0000,6364.2000,6365.0000,6366.2000,6368.4000,1,2,3,1,3,2,1,1,1,1
SF,IC2010,2020-08-27 09:32:45.400,6360.2000,2459,1,45890400.000,1,1,0,双开,S,6360.0000,6351.4000,6348.4000,6345.4000,6345.2000,6362.2000,6363.4000,6364.0000,6364.2000,6366.2000,2,3,1,3,5,1,1,2,1,1
SF,IC2010,2020-08-27 09:32:45.900,6360.2000,2459,0,45890400.000,0,-,-,-,-,6360.0000,6351.4000,6348.4000,6345.4000,6345.2000,6362.0000,6363.4000,6363.8000,6364.0000,6364.2000,2,3,1,3,5,2,1,1,1,1
SF,IC2010,2020-08-27 09:32:46.400,6360.2000,2459,0,45890400.000,0,-,-,-,-,6360.0000,6351.4000,6348.4000,6345.4000,6345.2000,6362.0000,6363.4000,6364.2000,6366.2000,6368.4000,2,3,1,3,5,3,1,1,1,1
SF,IC2010,2020-08-27 09:32:46.900,6360.2000,2459,0,45890400.000,0,-,-,-,-,6360.0000,6351.4000,6348.4000,6345.4000,6345.2000,6360.6000,6361.0000,6361.8000,6362.0000,6364.2000,2,3,1,3,5,1,1,1,3,1
SF,IC2010,2020-08-27 09:32:47.400,6360.2000,2459,0,45890400.000,0,-,-,-,-,6360.0000,6351.4000,6348.4000,6345.4000,6345.2000,6361.8000,6362.0000,6364.2000,6368.4000,6368.6000,2,3,1,3,5,1,1,1,1,1
SF,IC2010,2020-08-27 09:32:48.900,6360.2000,2459,0,45890400.000,0,-,-,-,-,6360.0000,6351.4000,6348.4000,6345.4000,6345.2000,6362.0000,6364.2000,6368.4000,6368.6000,6369.4000,2,3,1,3,5,1,1,1,1,1
SF,IC2010,2020-08-27 09:32:49.400,6360.2000,2459,0,45890400.000,0,-,-,-,-,6360.0000,6351.4000,6348.4000,6345.4000,6345.2000,6361.0000,6364.2000,6368.4000,6368.6000,6369.4000,2,3,1,3,5,1,1,1,1,1
SF,IC2010,2020-08-27 09:32:49.900,6360.2000,2459,0,45890400.000,0,-,-,-,-,6360.0000,6351.4000,6348.4000,6345.4000,6345.2000,6364.2000,6368.4000,6368.6000,6369.4000,6369.6000,2,3,1,3,5,1,1,1,1,1
SF,IC2010,2020-08-27 09:32:50.400,6360.0000,2458,-1,47162400.000,1,0,1,双平,S,6360.0000,6351.4000,6348.4000,6345.4000,6345.2000,6361.6000,6362.2000,6363.8000,6364.0000,6364.2000,1,3,1,3,5,1,1,1,6,1
SF,IC2010,2020-08-27 09:32:50.900,6360.0000,2458,0,47162400.000,0,-,-,-,-,6360.0000,6351.4000,6348.4000,6345.4000,6345.2000,6363.8000,6364.0000,6364.2000,6368.4000,6369.4000,1,3,1,3,5,1,4,1,1,1
SF,IC2010,2020-08-27 09:32:51.400,6360.0000,2457,-1,48434400.000,1,0,1,双平,S,6360.6000,6351.4000,6348.4000,6345.4000,6345.2000,6361.4000,6363.4000,6363.6000,6363.8000,6364.0000,3,3,1,3,5,2,1,5,1,2
SF,IC2010,2020-08-27 09:32:51.900,6360.6000,2457,0,52250640.000,3,1,2,多换,S,6351.4000,6348.4000,6345.4000,6345.2000,6333.6000,6360.6000,6361.4000,6363.4000,6363.6000,6363.8000,3,1,3,5,1,1,1,1,2,1
SF,IC2010,2020-08-27 09:32:52.400,6360.6000,2457,0,52250640.000,0,-,-,-,-,6356.8000,6354.6000,6354.2000,6353.6000,6351.8000,6360.0000,6360.4000,6363.4000,6363.6000,6363.8000,1,1,1,1,1,1,1,1,1,1
SF,IC2010,2020-08-27 09:32:52.900,6360.6000,2457,0,52250640.000,0,-,-,-,-,6357.0000,6355.4000,6354.6000,6354.2000,6353.6000,6360.0000,6363.4000,6363.6000,6363.8000,6364.0000,2,1,1,1,1,1,1,1,1,1
SF,IC2010,2020-08-27 09:32:53.400,6360.6000,2457,0,52250640.000,0,-,-,-,-,6357.0000,6355.4000,6354.6000,6354.2000,6353.6000,6359.8000,6360.0000,6363.4000,6363.6000,6363.8000,2,1,1,1,1,1,1,1,1,1
SF,IC2010,2020-08-27 09:32:53.900,6360.6000,2457,0,52250640.000,0,-,-,-,-,6357.0000,6354.6000,6354.2000,6353.6000,6351.8000,6360.0000,6363.4000,6363.6000,6363.8000,6364.0000,1,1,1,1,1,1,1,1,1,1
SF,IC2010,2020-08-27 09:32:54.400,6360.6000,2457,0,52250640.000,0,-,-,-,-,6354.6000,6354.2000,6353.6000,6351.8000,6351.6000,6359.6000,6360.0000,6363.4000,6363.6000,6363.8000,1,1,1,1,1,1,1,1,1,1
SF,IC2010,2020-08-27 09:32:54.900,6360.6000,2457,0,52250640.000,0,-,-,-,-,6354.8000,6353.6000,6351.6000,6351.4000,6345.4000,6359.4000,6360.0000,6362.6000,6363.4000,6363.6000,2,1,1,3,3,2,1,5,1,1
SF,IC2010,2020-08-27 09:32:55.900,6360.6000,2457,0,52250640.000,0,-,-,-,-,6354.8000,6351.6000,6351.4000,6345.4000,6345.2000,6359.2000,6359.4000,6360.0000,6362.6000,6363.4000,1,1,3,3,5,1,2,1,5,1
SF,IC2010,2020-08-27 09:32:56.400,6360.6000,2457,0,52250640.000,0,-,-,-,-,6354.8000,6351.6000,6345.4000,6345.2000,6342.6000,6359.0000,6359.4000,6360.0000,6362.6000,6363.4000,1,1,3,5,1,1,1,1,5,1
SF,IC2010,2020-08-27 09:32:56.900,6360.6000,2457,0,52250640.000,0,-,-,-,-,6355.0000,6354.8000,6351.6000,6345.4000,6345.2000,6358.8000,6359.0000,6359.4000,6360.0000,6362.6000,1,1,1,3,5,1,1,1,1,5
SF,IC2010,2020-08-27 09:32:57.400,6360.6000,2457,0,52250640.000,0,-,-,-,-,6355.2000,6351.6000,6345.4000,6345.2000,6342.6000,6359.0000,6359.4000,6360.0000,6362.6000,6363.4000,1,1,3,5,1,1,1,1,5,1
SF,IC2010,2020-08-27 09:32:57.900,6360.6000,2457,0,52250640.000,0,-,-,-,-,6355.2000,6351.6000,6345.4000,6345.2000,6342.6000,6359.0000,6359.4000,6360.0000,6362.6000,6363.4000,1,1,3,5,1,1,1,1,5,1
SF,IC2010,2020-08-27 09:32:58.400,6360.6000,2457,0,52250640.000,0,-,-,-,-,6355.4000,6351.6000,6345.4000,6345.2000,6342.6000,6358.8000,6359.0000,6359.4000,6360.0000,6362.6000,1,1,3,5,1,2,1,1,1,5
SF,IC2010,2020-08-27 09:32:58.900,6360.6000,2457,0,52250640.000,0,-,-,-,-,6355.6000,6351.6000,6345.4000,6345.2000,6342.6000,6359.4000,6360.0000,6362.6000,6363.4000,6363.8000,1,1,3,5,1,1,1,5,1,1
SF,IC2010,2020-08-27 09:32:59.400,6360.6000,2457,0,52250640.000,0,-,-,-,-,6355.6000,6351.6000,6345.4000,6345.2000,6342.6000,6359.2000,6359.4000,6360.0000,6362.6000,6363.4000,1,1,3,5,1,1,1,1,5,1
SF,IC2010,2020-08-27 09:32:59.900,6360.6000,2457,0,52250640.000,0,-,-,-,-,6351.6000,6345.4000,6345.2000,6342.6000,6333.6000,6359.2000,6359.4000,6360.0000,6362.6000,6363.4000,1,3,5,1,1,2,1,1,5,1
SF,IC2010,2020-08-27 09:33:00.400,6360.6000,2457,0,52250640.000,0,-,-,-,-,6354.2000,6353.6000,6352.2000,6351.8000,6351.6000,6359.4000,6360.0000,6362.6000,6363.4000,6363.8000,1,1,1,5,1,1,1,5,1,1
SF,IC2010,2020-08-27 09:33:00.900,6360.6000,2457,0,52250640.000,0,-,-,-,-,6355.4000,6354.4000,6353.6000,6352.2000,6351.8000,6360.0000,6362.6000,6363.4000,6363.8000,6369.4000,1,3,1,1,4,1,5,1,1,1
SF,IC2010,2020-08-27 09:33:01.400,6360.6000,2457,0,52250640.000,0,-,-,-,-,6355.6000,6354.4000,6353.6000,6352.2000,6351.8000,6360.0000,6362.6000,6363.4000,6363.8000,6369.4000,4,2,1,1,1,1,5,1,1,1
SF,IC2010,2020-08-27 09:33:01.900,6360.6000,2457,0,52250640.000,0,-,-,-,-,6355.6000,6354.4000,6353.6000,6352.2000,6351.8000,6360.0000,6362.6000,6363.4000,6363.8000,6369.4000,4,2,1,1,1,1,5,1,1,1
SF,IC2010,2020-08-27 09:33:02.400,6360.6000,2457,0,52250640.000,0,-,-,-,-,6355.6000,6354.4000,6353.6000,6352.2000,6351.8000,6359.8000,6360.0000,6362.6000,6363.4000,6363.8000,4,1,1,1,1,1,1,5,1,1
SF,IC2010,2020-08-27 09:33:02.900,6360.6000,2457,0,52250640.000,0,-,-,-,-,6354.4000,6352.2000,6351.6000,6351.4000,6345.4000,6359.4000,6359.6000,6359.8000,6360.0000,6362.6000,1,1,1,1,3,1,2,2,1,5
SF,IC2010,2020-08-27 09:33:03.400,6360.6000,2457,0,52250640.000,0,-,-,-,-,6351.6000,6351.4000,6345.4000,6345.2000,6342.6000,6359.0000,6359.2000,6359.4000,6359.6000,6359.8000,1,1,3,5,1,1,4,1,1,1
SF,IC2010,2020-08-27 09:33:03.900,6360.6000,2457,0,52250640.000,0,-,-,-,-,6353.0000,6351.8000,6351.4000,6345.4000,6345.2000,6358.6000,6358.8000,6359.0000,6359.2000,6359.4000,1,3,1,3,5,1,4,1,4,1
SF,IC2010,2020-08-27 09:33:04.400,6360.6000,2457,0,52250640.000,0,-,-,-,-,6352.2000,6351.8000,6345.4000,6342.6000,6339.4000,6355.8000,6358.0000,6358.2000,6358.4000,6358.6000,1,1,3,1,5,1,1,1,5,1
SF,IC2010,2020-08-27 09:33:04.900,6360.6000,2457,0,52250640.000,0,-,-,-,-,6354.0000,6352.4000,6351.8000,6345.4000,6342.6000,6358.0000,6358.2000,6358.4000,6358.6000,6358.8000,1,1,1,3,1,1,1,4,1,2
SF,IC2010,2020-08-27 09:33:05.400,6360.6000,2457,0,52250640.000,0,-,-,-,-,6345.4000,6342.6000,6339.4000,6333.6000,6330.2000,6355.6000,6356.0000,6357.4000,6357.8000,6358.0000,3,1,5,1,1,1,1,1,3,1
SF,IC2010,2020-08-27 09:33:05.900,6360.6000,2457,0,52250640.000,0,-,-,-,-,6352.2000,6351.0000,6350.4000,6349.2000,6348.8000,6357.4000,6357.8000,6358.0000,6358.2000,6358.4000,1,1,2,1,1,1,1,1,1,1
SF,IC2010,2020-08-27 09:33:06.400,6360.6000,2457,0,52250640.000,0,-,-,-,-,6352.4000,6350.4000,6349.2000,6348.8000,6345.8000,6357.0000,6357.4000,6357.8000,6358.2000,6359.2000,4,2,1,1,1,1,1,1,1,1
SF,IC2010,2020-08-27 09:33:06.900,6360.6000,2457,0,52250640.000,0,-,-,-,-,6353.0000,6352.6000,6352.4000,6350.4000,6349.2000,6357.8000,6359.2000,6360.0000,6362.6000,6385.8000,1,1,3,2,1,1,1,1,5,3
SF,IC2010,2020-08-27 09:33:07.400,6360.6000,2457,0,52250640.000,0,-,-,-,-,6353.2000,6352.6000,6352.4000,6350.4000,6349.2000,6356.8000,6357.8000,6359.2000,6360.0000,6362.6000,4,1,1,2,1,1,1,1,1,5
SF,IC2010,2020-08-27 09:33:07.900,6360.6000,2457,0,52250640.000,0,-,-,-,-,6353.2000,6352.4000,6350.4000,6349.2000,6348.8000,6357.8000,6359.2000,6360.0000,6362.6000,6385.8000,2,1,2,1,1,1,1,1,5,3
SF,IC2010,2020-08-27 09:33:08.400,6360.6000,2457,0,52250640.000,0,-,-,-,-,6353.4000,6353.2000,6352.4000,6350.4000,6349.2000,6357.6000,6357.8000,6359.2000,6360.0000,6362.6000,1,2,1,2,1,1,1,1,1,5
SF,IC2010,2020-08-27 09:33:09.400,6360.6000,2457,0,52250640.000,0,-,-,-,-,6353.4000,6353.2000,6352.4000,6350.4000,6349.2000,6357.6000,6357.8000,6359.2000,6360.0000,6362.6000,1,2,1,2,1,1,1,1,1,5
SF,IC2010,2020-08-27 09:33:09.900,6360.6000,2457,0,52250640.000,0,-,-,-,-,6353.6000,6353.2000,6352.4000,6350.4000,6349.2000,6357.4000,6357.8000,6359.2000,6360.0000,6362.6000,1,1,1,2,1,2,1,1,1,5
SF,IC2010,2020-08-27 09:33:10.400,6360.6000,2457,0,52250640.000,0,-,-,-,-,6353.6000,6353.2000,6352.4000,6350.4000,6349.2000,6357.4000,6357.8000,6359.2000,6360.0000,6362.6000,2,1,1,2,1,1,1,1,1,5
SF,IC2010,2020-08-27 09:33:10.900,6360.6000,2457,0,52250640.000,0,-,-,-,-,6353.6000,6353.2000,6352.4000,6350.4000,6349.2000,6357.4000,6357.8000,6359.2000,6360.0000,6362.6000,2,1,1,2,1,1,1,1,1,5
SF,IC2010,2020-08-27 09:33:11.400,6357.6000,2457,0,53522160.000,1,0,1,多换,S,6353.6000,6353.2000,6352.4000,6350.4000,6349.2000,6359.2000,6360.0000,6362.6000,6385.8000,6387.8000,2,1,1,2,1,1,1,5,3,5
SF,IC2010,2020-08-27 09:33:11.900,6357.6000,2457,0,53522160.000,0,-,-,-,-,6353.8000,6353.6000,6353.2000,6352.4000,6350.4000,6360.0000,6362.6000,6385.8000,6387.8000,6399.8000,1,2,1,1,2,1,5,3,5,1
SF,IC2010,2020-08-27 09:33:12.400,6357.6000,2457,0,53522160.000,0,-,-,-,-,6354.2000,6354.0000,6353.8000,6353.6000,6353.2000,6359.8000,6360.0000,6362.6000,6385.8000,6387.8000,1,2,1,1,1,1,1,5,3,5
SF,IC2010,2020-08-27 09:33:12.900,6357.6000,2457,0,53522160.000,0,-,-,-,-,6354.4000,6354.0000,6353.6000,6353.2000,6352.4000,6359.6000,6359.8000,6360.0000,6362.6000,6385.8000,4,1,1,1,1,1,4,1,5,3
SF,IC2010,2020-08-27 09:33:13.400,6357.6000,2457,0,53522160.000,0,-,-,-,-,6354.6000,6354.4000,6354.0000,6353.6000,6353.2000,6359.4000,6359.6000,6359.8000,6360.0000,6362.6000,1,1,1,1,1,3,1,4,1,5
SF,IC2010,2020-08-27 09:33:13.900,6357.6000,2457,0,53522160.000,0,-,-,-,-,6354.8000,6353.6000,6353.2000,6350.4000,6345.8000,6359.2000,6359.4000,6359.8000,6360.0000,6362.6000,1,1,1,2,1,1,4,4,1,5
SF,IC2010,2020-08-27 09:33:14.400,6357.6000,2457,0,53522160.000,0,-,-,-,-,6354.8000,6353.6000,6353.2000,6350.4000,6345.8000,6356.8000,6359.0000,6359.2000,6359.4000,6359.8000,2,1,1,2,1,1,2,1,4,4
SF,IC2010,2020-08-27 09:33:14.900,6357.6000,2457,0,53522160.000,0,-,-,-,-,6353.2000,6350.4000,6345.8000,6345.4000,6342.6000,6358.4000,6359.2000,6359.4000,6359.8000,6360.0000,1,2,1,3,1,1,1,2,1,1
SF,IC2010,2020-08-27 09:33:15.400,6357.6000,2457,0,53522160.000,0,-,-,-,-,6353.4000,6353.2000,6350.4000,6345.8000,6345.4000,6358.4000,6359.2000,6359.4000,6359.8000,6360.0000,3,1,2,1,3,1,1,2,1,1
SF,IC2010,2020-08-27 09:33:15.900,6357.6000,2457,0,53522160.000,0,-,-,-,-,6353.6000,6353.4000,6353.2000,6350.4000,6345.8000,6359.2000,6359.4000,6359.8000,6360.0000,6362.6000,1,3,1,2,1,1,2,1,1,5
SF,IC2010,2020-08-27 09:33:16.400,6357.6000,2457,0,53522160.000,0,-,-,-,-,6355.8000,6353.8000,6353.4000,6353.2000,6350.4000,6359.0000,6359.2000,6359.4000,6359.8000,6360.0000,1,2,1,1,2,1,1,2,1,1
SF,IC2010,2020-08-27 09:33:16.900,6357.6000,2457,0,53522160.000,0,-,-,-,-,6353.8000,6350.4000,6345.8000,6345.4000,6342.6000,6357.2000,6358.8000,6359.0000,6359.4000,6359.8000,1,2,1,3,1,1,1,2,2,1
SF,IC2010,2020-08-27 09:33:17.400,6357.6000,2457,0,53522160.000,0,-,-,-,-,6354.0000,6350.4000,6345.8000,6345.4000,6342.6000,6358.6000,6358.8000,6359.0000,6359.4000,6359.8000,1,2,1,3,1,1,1,1,2,1
SF,IC2010,2020-08-27 09:33:17.900,6357.6000,2457,0,53522160.000,0,-,-,-,-,6354.2000,6350.4000,6345.8000,6345.4000,6342.6000,6356.2000,6358.4000,6358.6000,6359.0000,6359.4000,1,2,1,3,1,1,2,1,1,2
SF,IC2010,2020-08-27 09:33:18.400,6357.6000,2457,0,53522160.000,0,-,-,-,-,6354.4000,6350.4000,6345.8000,6345.4000,6342.6000,6358.0000,6358.6000,6359.4000,6360.0000,6362.6000,1,2,1,3,1,1,1,1,1,5
SF,IC2010,2020-08-27 09:33:18.900,6357.6000,2457,0,53522160.000,0,-,-,-,-,6354.4000,6350.4000,6345.8000,6345.4000,6342.6000,6358.6000,6359.4000,6360.0000,6362.6000,6385.8000,1,2,1,3,1,1,1,1,5,3
SF,IC2010,2020-08-27 09:33:19.400,6357.6000,2457,0,53522160.000,0,-,-,-,-,6354.6000,6354.4000,6350.4000,6345.8000,6345.4000,6358.6000,6359.4000,6360.0000,6362.6000,6385.8000,1,1,2,1,3,1,1,1,5,3
SF,IC2010,2020-08-27 09:33:19.900,6357.6000,2457,0,53522160.000,0,-,-,-,-,6354.8000,6354.6000,6350.4000,6345.8000,6345.4000,6356.2000,6356.6000,6358.4000,6358.6000,6359.4000,1,1,2,1,3,1,1,3,1,1
SF,IC2010,2020-08-27 09:33:20.400,6357.6000,2457,0,53522160.000,0,-,-,-,-,6354.8000,6350.4000,6345.8000,6345.4000,6342.6000,6359.4000,6360.0000,6362.6000,6385.8000,6387.8000,1,2,1,3,1,1,1,5,3,5
SF,IC2010,2020-08-27 09:33:20.900,6357.6000,2457,0,53522160.000,0,-,-,-,-,6355.0000,6350.4000,6345.8000,6345.4000,6342.6000,6359.2000,6360.0000,6362.6000,6385.8000,6387.8000,1,2,1,3,1,1,1,5,3,5
SF,IC2010,2020-08-27 09:33:21.400,6357.6000,2457,0,53522160.000,0,-,-,-,-,6355.6000,6355.0000,6350.4000,6345.8000,6345.4000,6359.2000,6360.0000,6362.6000,6385.8000,6387.8000,1,1,2,1,3,1,1,5,3,5
SF,IC2010,2020-08-27 09:33:21.900,6357.6000,2457,0,53522160.000,0,-,-,-,-,6355.0000,6350.4000,6345.8000,6345.4000,6342.6000,6357.4000,6359.0000,6359.2000,6360.0000,6362.6000,1,2,1,3,1,1,2,1,1,5
SF,IC2010,2020-08-27 09:33:22.400,6357.6000,2457,0,53522160.000,0,-,-,-,-,6350.4000,6345.8000,6345.4000,6342.6000,6339.4000,6359.2000,6360.0000,6362.6000,6385.8000,6387.8000,2,1,3,1,5,1,1,5,3,5
SF,IC2010,2020-08-27 09:33:22.900,6357.6000,2457,0,53522160.000,0,-,-,-,-,6355.6000,6351.0000,6350.6000,6350.4000,6345.4000,6357.2000,6358.8000,6359.0000,6359.2000,6360.0000,1,1,6,2,3,1,1,2,1,1
SF,IC2010,2020-08-27 09:33:23.400,6357.6000,2457,0,53522160.000,0,-,-,-,-,6353.4000,6350.6000,6350.4000,6345.4000,6342.6000,6356.4000,6358.8000,6359.0000,6359.2000,6360.0000,1,4,2,3,1,1,1,2,1,1
SF,IC2010,2020-08-27 09:33:23.900,6357.6000,2457,0,53522160.000,0,-,-,-,-,6355.8000,6353.6000,6353.4000,6350.6000,6350.4000,6360.0000,6362.6000,6385.8000,6387.8000,6388.0000,1,1,1,3,2,1,5,3,5,1
SF,IC2010,2020-08-27 09:33:24.400,6357.6000,2457,0,53522160.000,0,-,-,-,-,6356.0000,6353.6000,6353.4000,6350.6000,6350.4000,6357.6000,6359.8000,6360.0000,6362.6000,6385.8000,1,1,1,2,2,1,3,1,5,3
SF,IC2010,2020-08-27 09:33:24.900,6357.6000,2457,0,53522160.000,0,-,-,-,-,6353.6000,6353.4000,6350.6000,6350.4000,6345.4000,6359.8000,6360.0000,6362.6000,6385.8000,6387.8000,1,1,2,2,3,2,1,5,3,5
SF,IC2010,2020-08-27 09:33:25.400,6357.6000,2457,0,53522160.000,0,-,-,-,-,6354.2000,6353.8000,6353.6000,6350.6000,6350.4000,6359.6000,6359.8000,6360.0000,6362.6000,6385.8000,1,4,1,1,2,1,1,1,5,3
SF,IC2010,2020-08-27 09:33:25.900,6357.6000,2457,0,53522160.000,0,-,-,-,-,6354.6000,6354.4000,6353.8000,6350.6000,6350.4000,6359.6000,6359.8000,6360.0000,6362.6000,6385.8000,1,2,3,1,2,1,1,1,5,3
SF,IC2010,2020-08-27 09:33:26.400,6357.6000,2457,0,53522160.000,0,-,-,-,-,6354.8000,6354.4000,6353.8000,6350.6000,6350.4000,6359.4000,6359.6000,6360.0000,6362.6000,6385.8000,4,2,3,1,2,1,1,1,5,3
SF,IC2010,2020-08-27 09:33:26.900,6357.6000,2457,0,53522160.000,0,-,-,-,-,6355.8000,6355.0000,6354.8000,6354.4000,6353.8000,6359.4000,6360.0000,6362.6000,6385.8000,6387.8000,1,1,4,1,3,1,1,5,3,5
SF,IC2010,2020-08-27 09:33:27.400,6359.4000,2456,-1,54794040.000,1,0,1,双平,S,6356.0000,6355.8000,6355.4000,6355.0000,6354.8000,6360.0000,6362.6000,6385.8000,6387.8000,6388.0000,1,1,1,2,2,1,5,3,5,1
SF,IC2010,2020-08-27 09:33:27.900,6360.0000,2456,0,56066040.000,1,0,1,多换,S,6356.2000,6356.0000,6355.4000,6355.0000,6354.8000,6362.6000,6385.8000,6387.8000,6388.0000,6399.8000,3,2,1,1,2,5,3,5,1,1
SF,IC2010,2020-08-27 09:33:28.400,6360.0000,2456,0,56066040.000,0,-,-,-,-,6356.6000,6356.4000,6356.2000,6356.0000,6355.4000,6368.4000,6385.8000,6387.8000,6388.0000,6399.8000,2,3,2,2,1,5,3,5,1,1
SF,IC2010,2020-08-27 09:33:28.900,6360.0000,2456,0,56066040.000,0,-,-,-,-,6357.2000,6357.0000,6356.8000,6356.6000,6356.4000,6361.0000,6361.4000,6362.0000,6362.2000,6362.4000,1,1,3,1,2,1,1,1,1,1
SF,IC2010,2020-08-27 09:33:29.400,6360.0000,2456,0,56066040.000,0,-,-,-,-,6357.8000,6357.6000,6357.4000,6357.0000,6356.8000,6366.6000,6366.8000,6367.2000,6367.8000,6368.2000,1,1,1,1,3,1,1,1,1,2
SF,IC2010,2020-08-27 09:33:29.900,6360.0000,2456,0,56066040.000,0,-,-,-,-,6358.0000,6357.8000,6357.4000,6357.0000,6356.8000,6365.2000,6366.4000,6366.6000,6366.8000,6367.2000,3,1,2,1,1,1,2,1,1,1
SF,IC2010,2020-08-27 09:33:30.400,6360.0000,2456,0,56066040.000,0,-,-,-,-,6358.0000,6357.8000,6357.4000,6357.0000,6356.8000,6360.8000,6361.2000,6365.0000,6365.2000,6366.2000,1,1,1,1,1,1,1,5,1,1
SF,IC2010,2020-08-27 09:33:30.900,6360.0000,2456,0,56066040.000,0,-,-,-,-,6358.2000,6357.8000,6357.4000,6357.0000,6356.8000,6365.0000,6365.2000,6366.2000,6366.6000,6366.8000,1,1,1,1,1,4,1,1,1,1
SF,IC2010,2020-08-27 09:33:31.400,6360.0000,2456,0,56066040.000,0,-,-,-,-,6358.4000,6357.8000,6357.4000,6357.0000,6356.8000,6364.8000,6365.0000,6366.2000,6366.6000,6366.8000,1,1,1,1,1,3,3,1,1,1
SF,IC2010,2020-08-27 09:33:31.900,6360.0000,2456,0,56066040.000,0,-,-,-,-,6358.4000,6357.8000,6357.0000,6356.8000,6356.6000,6360.4000,6360.8000,6361.4000,6361.6000,6362.4000,2,1,1,1,1,1,1,1,1,1
SF,IC2010,2020-08-27 09:33:32.400,6360.0000,2456,0,56066040.000,0,-,-,-,-,6358.6000,6357.8000,6357.0000,6356.8000,6356.6000,6363.0000,6364.8000,6365.0000,6366.2000,6366.6000,2,1,1,1,1,1,1,2,1,1
SF,IC2010,2020-08-27 09:33:32.900,6360.0000,2456,0,56066040.000,0,-,-,-,-,6358.8000,6358.6000,6357.8000,6357.0000,6356.8000,6363.0000,6364.8000,6365.0000,6366.6000,6368.4000,1,5,1,1,1,1,1,1,2,5
SF,IC2010,2020-08-27 09:33:33.400,6360.0000,2456,0,56066040.000,0,-,-,-,-,6359.0000,6358.8000,6358.6000,6357.8000,6357.0000,6364.8000,6365.0000,6366.6000,6368.4000,6385.8000,1,2,2,1,1,1,1,2,5,3
SF,IC2010,2020-08-27 09:33:33.900,6360.0000,2456,0,56066040.000,0,-,-,-,-,6360.0000,6359.2000,6359.0000,6358.8000,6358.6000,6364.6000,6364.8000,6365.0000,6366.6000,6368.4000,1,1,2,1,2,4,1,1,2,5
SF,IC2010,2020-08-27 09:33:34.400,6360.0000,2456,0,56066040.000,0,-,-,-,-,6360.2000,6359.8000,6359.4000,6359.0000,6358.6000,6362.4000,6364.6000,6364.8000,6365.0000,6366.6000,1,1,1,2,2,1,4,1,1,2
SF,IC2010,2020-08-27 09:33:34.900,6360.0000,2456,0,56066040.000,0,-,-,-,-,6360.4000,6360.0000,6359.4000,6359.0000,6358.6000,6364.8000,6365.0000,6366.6000,6368.4000,6385.8000,1,1,1,1,2,1,1,2,5,3
SF,IC2010,2020-08-27 09:33:35.400,6360.0000,2456,0,56066040.000,0,-,-,-,-,6360.6000,6360.4000,6359.4000,6359.0000,6358.6000,6364.6000,6366.6000,6368.4000,6385.8000,6387.8000,1,2,1,1,2,2,2,5,3,5
SF,IC2010,2020-08-27 09:33:35.900,6360.0000,2456,0,56066040.000,0,-,-,-,-,6360.8000,6360.6000,6359.4000,6358.6000,6357.0000,6362.6000,6366.6000,6368.4000,6385.8000,6387.8000,1,1,1,1,1,1,2,5,3,5
SF,IC2010,2020-08-27 09:33:36.400,6360.0000,2456,0,56066040.000,0,-,-,-,-,6360.8000,6359.4000,6358.6000,6357.0000,6356.6000,6366.6000,6368.4000,6385.8000,6387.8000,6388.0000,1,1,1,1,1,2,5,3,5,1
SF,IC2010,2020-08-27 09:33:36.900,6360.0000,2456,0,56066040.000,0,-,-,-,-,6361.0000,6359.4000,6358.6000,6357.0000,6356.6000,6363.8000,6366.4000,6366.6000,6368.4000,6385.8000,2,1,1,1,1,1,4,2,5,3
SF,IC2010,2020-08-27 09:33:37.400,6360.0000,2456,0,56066040.000,0,-,-,-,-,6361.2000,6361.0000,6359.4000,6358.6000,6357.0000,6366.4000,6366.6000,6368.4000,6385.8000,6387.8000,2,1,1,1,1,2,1,5,3,5
SF,IC2010,2020-08-27 09:33:37.900,6360.0000,2456,0,56066040.000,0,-,-,-,-,6361.4000,6361.2000,6359.4000,6358.6000,6357.0000,6366.2000,6368.4000,6385.8000,6387.8000,6388.0000,2,3,1,1,1,1,5,3,5,1
SF,IC2010,2020-08-27 09:33:38.400,6360.0000,2456,0,56066040.000,0,-,-,-,-,6362.0000,6361.8000,6361.6000,6361.4000,6361.2000,6366.2000,6368.4000,6385.8000,6387.8000,6388.0000,1,1,1,1,1,1,5,3,5,1
SF,IC2010,2020-08-27 09:33:38.900,6360.0000,2456,0,56066040.000,0,-,-,-,-,6362.2000,6361.8000,6361.6000,6361.2000,6359.4000,6366.0000,6366.2000,6368.4000,6385.8000,6387.8000,1,1,1,1,1,2,1,5,3,5
SF,IC2010,2020-08-27 09:33:39.400,6361.8000,2455,-1,58610760.000,2,0,2,多平,S,6359.4000,6356.6000,6345.4000,6342.6000,6339.4000,6363.6000,6364.0000,6365.8000,6366.0000,6366.2000,1,1,3,1,5,1,1,2,1,1
SF,IC2010,2020-08-27 09:33:39.900,6361.8000,2455,0,58610760.000,0,-,-,-,-,6359.8000,6359.6000,6359.4000,6356.6000,6345.4000,6363.4000,6365.8000,6368.4000,6385.8000,6387.8000,1,1,1,1,3,1,4,5,3,5
SF,IC2010,2020-08-27 09:33:40.400,6361.8000,2455,0,58610760.000,0,-,-,-,-,6356.6000,6345.4000,6342.6000,6339.4000,6333.6000,6363.4000,6365.8000,6368.4000,6385.8000,6387.8000,1,3,1,5,1,1,3,5,3,5
SF,IC2010,2020-08-27 09:33:40.900,6361.8000,2455,0,58610760.000,0,-,-,-,-,6360.0000,6358.2000,6356.8000,6356.6000,6345.4000,6363.2000,6365.8000,6368.4000,6385.8000,6387.8000,1,1,4,1,3,1,2,5,3,5
SF,IC2010,2020-08-27 09:33:41.400,6361.8000,2455,0,58610760.000,0,-,-,-,-,6360.2000,6358.4000,6356.8000,6356.6000,6345.4000,6365.8000,6368.4000,6385.8000,6387.8000,6388.0000,1,1,1,1,3,2,5,3,5,1
SF,IC2010,2020-08-27 09:33:41.900,6361.8000,2455,0,58610760.000,0,-,-,-,-,6360.4000,6360.2000,6358.4000,6356.8000,6356.6000,6368.4000,6385.8000,6387.8000,6388.0000,6399.8000,1,2,1,1,1,5,3,5,1,1
SF,IC2010,2020-08-27 09:33:42.400,6361.8000,2455,0,58610760.000,0,-,-,-,-,6360.6000,6360.4000,6356.8000,6356.6000,6345.4000,6363.2000,6363.6000,6364.2000,6364.4000,6365.6000,1,2,1,1,3,1,1,1,1,1
SF,IC2010,2020-08-27 09:33:42.900,6361.8000,2455,0,58610760.000,0,-,-,-,-,6360.6000,6356.6000,6345.4000,6342.6000,6339.4000,6366.6000,6366.8000,6367.2000,6367.4000,6367.8000,1,1,3,1,5,1,1,1,1,1
SF,IC2010,2020-08-27 09:33:43.400,6361.8000,2455,0,58610760.000,0,-,-,-,-,6360.8000,6356.6000,6345.4000,6342.6000,6339.4000,6363.0000,6366.0000,6366.4000,6366.6000,6366.8000,1,1,3,1,5,1,1,6,1,1
SF,IC2010,2020-08-27 09:33:43.900,6361.8000,2455,0,58610760.000,0,-,-,-,-,6356.6000,6345.4000,6342.6000,6339.4000,6333.6000,6362.0000,6362.8000,6363.0000,6366.0000,6366.4000,1,3,1,5,1,1,1,1,1,2
SF,IC2010,2020-08-27 09:33:44.400,6361.8000,2455,0,58610760.000,0,-,-,-,-,6358.2000,6356.8000,6356.6000,6345.4000,6342.6000,6361.8000,6362.8000,6366.0000,6366.4000,6366.6000,1,2,1,3,1,1,3,1,2,1
SF,IC2010,2020-08-27 09:33:44.900,6361.8000,2455,0,58610760.000,0,-,-,-,-,6357.2000,6356.8000,6345.4000,6342.6000,6339.4000,6361.6000,6361.8000,6362.8000,6366.0000,6366.4000,1,1,3,1,5,1,1,3,1,2
SF,IC2010,2020-08-27 09:33:45.400,6361.8000,2455,0,58610760.000,0,-,-,-,-,6357.4000,6357.2000,6345.4000,6342.6000,6339.4000,6361.4000,6361.6000,6362.8000,6366.0000,6366.4000,1,1,3,1,5,1,1,3,1,2
SF,IC2010,2020-08-27 09:33:45.900,6361.8000,2455,0,58610760.000,0,-,-,-,-,6357.6000,6357.4000,6357.2000,6345.4000,6342.6000,6361.4000,6366.0000,6366.4000,6366.6000,6368.2000,1,3,1,3,1,1,1,2,1,2
SF,IC2010,2020-08-27 09:33:46.400,6361.6000,2455,0,59883080.000,1,0,1,多换,S,6359.0000,6357.8000,6357.6000,6357.4000,6345.4000,6366.0000,6366.4000,6366.6000,6368.2000,6368.4000,1,3,1,1,3,1,1,1,2,5
SF,IC2010,2020-08-27 09:33:46.900,6361.6000,2455,0,59883080.000,0,-,-,-,-,6359.2000,6358.0000,6357.8000,6357.6000,6357.4000,6365.8000,6366.0000,6366.6000,6368.2000,6368.4000,3,1,3,1,1,4,1,1,2,5
SF,IC2010,2020-08-27 09:33:47.400,6361.6000,2455,0,59883080.000,0,-,-,-,-,6360.4000,6359.4000,6359.2000,6358.0000,6357.8000,6362.6000,6365.4000,6365.8000,6366.6000,6368.2000,1,2,4,1,1,1,1,4,1,2
SF,IC2010,2020-08-27 09:33:47.900,6361.6000,2455,0,59883080.000,0,-,-,-,-,6360.6000,6360.4000,6359.4000,6359.2000,6358.0000,6366.6000,6368.2000,6368.4000,6385.8000,6387.8000,2,1,2,2,1,1,2,5,3,5
SF,IC2010,2020-08-27 09:33:48.400,6361.6000,2455,0,59883080.000,0,-,-,-,-,6360.8000,6359.4000,6359.2000,6358.4000,6358.0000,6363.4000,6366.2000,6366.4000,6366.6000,6368.2000,2,2,1,1,1,1,1,4,1,2
SF,IC2010,2020-08-27 09:33:48.900,6361.6000,2455,0,59883080.000,0,-,-,-,-,6361.0000,6359.2000,6358.4000,6358.0000,6349.0000,6366.2000,6366.6000,6368.2000,6368.4000,6385.8000,2,1,1,1,5,1,1,2,5,3
SF,IC2010,2020-08-27 09:33:49.400,6361.6000,2455,0,59883080.000,0,-,-,-,-,6361.2000,6361.0000,6359.2000,6358.4000,6358.0000,6363.6000,6366.0000,6366.6000,6368.2000,6368.4000,1,1,1,1,1,1,3,1,2,5
SF,IC2010,2020-08-27 09:33:49.900,6361.6000,2455,0,59883080.000,0,-,-,-,-,6358.4000,6358.0000,6349.0000,6345.4000,6342.6000,6366.0000,6366.6000,6368.2000,6368.4000,6385.8000,1,1,5,3,1,3,1,2,5,3
SF,IC2010,2020-08-27 09:33:50.400,6361.6000,2455,0,59883080.000,0,-,-,-,-,6360.4000,6358.6000,6358.4000,6358.0000,6349.0000,6365.8000,6366.0000,6366.6000,6368.2000,6368.4000,1,3,1,1,5,2,2,1,2,5
SF,IC2010,2020-08-27 09:33:50.900,6361.6000,2455,0,59883080.000,0,-,-,-,-,6360.6000,6360.4000,6358.6000,6358.4000,6349.0000,6362.4000,6362.8000,6365.2000,6365.6000,6365.8000,1,1,1,1,5,1,1,1,2,2
SF,IC2010,2020-08-27 09:33:51.400,6361.6000,2455,0,59883080.000,0,-,-,-,-,6360.8000,6360.4000,6358.4000,6349.0000,6345.4000,6365.2000,6365.6000,6365.8000,6366.6000,6368.2000,1,1,1,5,3,1,4,1,1,1
SF,IC2010,2020-08-27 09:33:51.900,6361.6000,2455,0,59883080.000,0,-,-,-,-,6361.0000,6358.4000,6349.0000,6345.4000,6342.6000,6365.0000,6365.2000,6365.6000,6366.6000,6368.2000,1,1,5,3,1,3,1,2,1,1
SF,IC2010,2020-08-27 09:33:52.400,6361.6000,2455,0,59883080.000,0,-,-,-,-,6361.0000,6358.4000,6349.0000,6345.4000,6342.6000,6363.0000,6364.8000,6365.0000,6365.6000,6366.6000,1,1,5,3,1,1,2,4,2,1
SF,IC2010,2020-08-27 09:33:52.900,6361.6000,2455,0,59883080.000,0,-,-,-,-,6358.4000,6349.0000,6345.4000,6342.6000,6339.4000,6364.8000,6365.0000,6365.6000,6366.6000,6368.2000,1,5,3,1,5,2,1,1,1,1
SF,IC2010,2020-08-27 09:33:53.400,6361.6000,2455,0,59883080.000,0,-,-,-,-,6358.6000,6358.4000,6349.0000,6345.4000,6342.6000,6362.8000,6364.6000,6364.8000,6365.6000,6366.6000,4,1,5,3,1,1,2,2,1,1
SF,IC2010,2020-08-27 09:33:53.900,6361.6000,2455,0,59883080.000,0,-,-,-,-,6359.2000,6358.6000,6358.4000,6349.0000,6345.4000,6364.6000,6364.8000,6365.6000,6366.6000,6368.2000,1,3,1,5,3,1,2,1,1,1
SF,IC2010,2020-08-27 09:33:54.400,6361.6000,2455,0,59883080.000,0,-,-,-,-,6359.4000,6359.2000,6358.6000,6358.4000,6349.0000,6362.0000,6362.6000,6364.0000,6364.4000,6364.6000,1,1,1,1,5,1,1,1,2,1
SF,IC2010,2020-08-27 09:33:54.900,6361.6000,2455,0,59883080.000,0,-,-,-,-,6359.2000,6358.6000,6358.4000,6349.0000,6345.4000,6364.0000,6364.4000,6364.8000,6365.6000,6366.6000,1,1,1,5,3,1,2,1,1,1
SF,IC2010,2020-08-27 09:33:55.400,6359.2000,2454,-1,61154920.000,1,0,1,双平,S,6359.4000,6358.4000,6349.0000,6345.4000,6342.6000,6361.2000,6361.8000,6363.8000,6364.0000,6364.4000,1,1,5,3,1,1,1,4,1,1
SF,IC2010,2020-08-27 09:33:55.900,6359.2000,2454,0,61154920.000,0,-,-,-,-,6358.4000,6349.0000,6345.4000,6342.6000,6339.4000,6360.2000,6361.0000,6363.4000,6363.8000,6364.0000,1,5,3,1,5,1,1,1,1,1
SF,IC2010,2020-08-27 09:33:56.400,6359.2000,2454,0,61154920.000,0,-,-,-,-,6358.4000,6349.0000,6345.4000,6342.6000,6339.4000,6361.0000,6363.4000,6363.8000,6364.0000,6364.4000,2,5,3,1,5,1,1,1,1,1
SF,IC2010,2020-08-27 09:33:56.900,6359.2000,2454,0,61154920.000,0,-,-,-,-,6358.4000,6349.0000,6345.4000,6342.6000,6339.4000,6363.4000,6363.8000,6364.0000,6364.4000,6364.8000,1,5,3,1,5,1,1,1,1,1
SF,IC2010,2020-08-27 09:33:57.400,6359.2000,2454,0,61154920.000,0,-,-,-,-,6358.6000,6358.4000,6349.0000,6345.4000,6342.6000,6360.0000,6360.4000,6360.8000,6361.0000,6362.4000,1,1,5,3,1,1,1,1,1,1
SF,IC2010,2020-08-27 09:33:57.900,6359.2000,2454,0,61154920.000,0,-,-,-,-,6358.4000,6349.0000,6345.4000,6342.6000,6339.4000,6362.4000,6362.8000,6363.0000,6363.2000,6363.4000,1,5,3,1,5,1,1,1,2,1
SF,IC2010,2020-08-27 09:33:58.400,6358.4000,2454,0,62426600.000,1,0,1,多换,S,6349.0000,6345.4000,6342.6000,6339.4000,6333.6000,6359.8000,6360.4000,6361.8000,6362.2000,6362.4000,5,3,1,5,1,1,1,2,2,1
SF,IC2010,2020-08-27 09:33:58.900,6358.4000,2454,0,62426600.000,0,-,-,-,-,6357.2000,6353.6000,6352.0000,6350.4000,6349.4000,6359.6000,6361.8000,6362.4000,6363.0000,6363.8000,1,1,1,2,1,1,1,1,1,1
SF,IC2010,2020-08-27 09:33:59.400,6358.4000,2454,0,62426600.000,0,-,-,-,-,6353.6000,6352.0000,6350.4000,6349.4000,6349.2000,6361.8000,6362.4000,6363.0000,6363.8000,6364.4000,1,1,2,1,3,1,1,1,1,1
SF,IC2010,2020-08-27 09:33:59.900,6358.4000,2454,0,62426600.000,0,-,-,-,-,6357.2000,6353.8000,6353.6000,6352.0000,6350.4000,6361.2000,6361.6000,6361.8000,6362.4000,6363.0000,1,5,1,1,2,1,2,1,1,1
SF,IC2010,2020-08-27 09:34:00.400,6358.4000,2454,0,62426600.000,0,-,-,-,-,6353.8000,6353.6000,6352.0000,6350.4000,6349.4000,6359.0000,6361.0000,6361.2000,6361.6000,6361.8000,3,1,1,2,1,1,3,1,1,1
SF,IC2010,2020-08-27 09:34:00.900,6358.4000,2454,0,62426600.000,0,-,-,-,-,6357.2000,6354.0000,6353.8000,6353.6000,6352.0000,6361.0000,6361.2000,6361.8000,6362.4000,6363.0000,1,1,2,1,1,2,1,1,1,1
SF,IC2010,2020-08-27 09:34:01.400,6358.4000,2454,0,62426600.000,0,-,-,-,-,6353.8000,6353.6000,6352.0000,6350.4000,6349.4000,6360.4000,6360.8000,6361.0000,6361.8000,6362.4000,2,1,1,1,1,1,1,1,1,1
SF,IC2010,2020-08-27 09:34:01.900,6358.4000,2454,0,62426600.000,0,-,-,-,-,6356.8000,6354.0000,6353.8000,6353.6000,6352.0000,6360.4000,6360.8000,6361.0000,6361.8000,6362.4000,1,3,2,1,1,1,2,1,1,1
SF,IC2010,2020-08-27 09:34:02.400,6358.4000,2454,0,62426600.000,0,-,-,-,-,6353.8000,6353.6000,6352.0000,6350.4000,6349.4000,6358.2000,6358.6000,6360.2000,6360.4000,6360.8000,1,1,1,1,1,1,1,6,1,1
SF,IC2010,2020-08-27 09:34:02.900,6358.4000,2454,0,62426600.000,0,-,-,-,-,6355.8000,6354.0000,6353.8000,6350.4000,6349.4000,6360.2000,6360.4000,6361.0000,6362.4000,6363.0000,1,1,1,1,1,2,1,1,1,1
SF,IC2010,2020-08-27 09:34:03.400,6358.4000,2454,0,62426600.000,0,-,-,-,-,6356.0000,6354.0000,6350.4000,6349.4000,6349.0000,6359.6000,6360.0000,6360.2000,6361.0000,6362.4000,1,1,1,1,5,1,1,2,1,1
SF,IC2010,2020-08-27 09:34:03.900,6358.4000,2454,0,62426600.000,0,-,-,-,-,6350.4000,6349.4000,6349.0000,6345.4000,6342.6000,6357.0000,6357.4000,6359.4000,6359.6000,6360.0000,1,1,5,3,1,1,1,3,1,2
SF,IC2010,2020-08-27 09:34:04.400,6358.4000,2454,0,62426600.000,0,-,-,-,-,6353.2000,6350.6000,6350.4000,6349.8000,6349.4000,6359.4000,6359.6000,6360.2000,6362.4000,6363.0000,1,4,2,1,1,1,1,1,1,1
SF,IC2010,2020-08-27 09:34:04.900,6358.4000,2454,0,62426600.000,0,-,-,-,-,6353.4000,6350.6000,6350.4000,6349.8000,6349.4000,6358.8000,6359.2000,6359.4000,6360.2000,6362.4000,2,1,2,1,1,1,5,1,1,1
SF,IC2010,2020-08-27 09:34:05.400,6358.4000,2454,0,62426600.000,0,-,-,-,-,6353.4000,6353.2000,6350.6000,6350.4000,6349.8000,6356.2000,6358.6000,6358.8000,6359.2000,6359.4000,1,1,1,2,1,1,4,2,5,1
SF,IC2010,2020-08-27 09:34:05.900,6358.4000,2454,0,62426600.000,0,-,-,-,-,6353.6000,6350.6000,6350.4000,6349.8000,6349.4000,6358.6000,6358.8000,6359.2000,6359.4000,6362.4000,1,1,2,1,1,1,1,1,1,1
SF,IC2010,2020-08-27 09:34:06.400,6358.4000,2454,0,62426600.000,0,-,-,-,-,6353.8000,6353.4000,6350.4000,6349.8000,6349.4000,6356.2000,6358.0000,6358.4000,6358.6000,6359.2000,1,1,2,1,1,1,2,3,1,1
SF,IC2010,2020-08-27 09:34:06.900,6358.4000,2454,0,62426600.000,0,-,-,-,-,6350.4000,6349.8000,6349.4000,6349.0000,6345.4000,6356.0000,6358.0000,6358.4000,6358.6000,6359.2000,2,1,1,5,3,2,1,3,1,1
SF,IC2010,2020-08-27 09:34:07.400,6358.4000,2454,0,62426600.000,0,-,-,-,-,6353.2000,6350.6000,6349.8000,6349.0000,6345.4000,6356.0000,6356.8000,6358.0000,6358.4000,6358.6000,1,4,1,5,3,2,1,1,2,1
SF,IC2010,2020-08-27 09:34:07.900,6358.4000,2454,0,62426600.000,0,-,-,-,-,6350.6000,6349.0000,6345.4000,6342.6000,6339.4000,6354.4000,6355.8000,6356.0000,6356.8000,6358.0000,1,5,3,1,5,1,1,2,1,1
SF,IC2010,2020-08-27 09:34:08.400,6358.4000,2454,0,62426600.000,0,-,-,-,-,6352.2000,6350.8000,6350.6000,6349.0000,6345.4000,6354.0000,6355.8000,6358.0000,6358.4000,6358.6000,1,2,1,5,3,1,1,1,2,1
SF,IC2010,2020-08-27 09:34:08.900,6354.2000,2453,-1,63697440.000,1,0,1,双平,S,6352.2000,6350.8000,6349.0000,6345.4000,6342.6000,6355.8000,6358.0000,6358.4000,6358.6000,6359.2000,1,2,5,3,1,1,1,2,1,1
SF,IC2010,2020-08-27 09:34:09.400,6354.0000,2452,-1,64968240.000,1,0,1,双平,S,6350.8000,6349.0000,6345.4000,6342.6000,6339.4000,6355.8000,6358.0000,6358.4000,6358.6000,6359.2000,2,5,3,1,5,1,1,2,1,1
SF,IC2010,2020-08-27 09:34:09.900,6354.0000,2452,0,64968240.000,0,-,-,-,-,6352.0000,6351.0000,6350.8000,6349.0000,6345.4000,6358.0000,6358.4000,6358.6000,6359.2000,6359.4000,1,1,2,5,3,1,2,1,1,1
SF,IC2010,2020-08-27 09:34:10.400,6354.0000,2452,0,64968240.000,0,-,-,-,-,6352.2000,6351.0000,6350.8000,6349.0000,6345.4000,6354.6000,6355.0000,6357.4000,6357.8000,6358.0000,2,1,1,5,3,1,1,1,6,1
SF,IC2010,2020-08-27 09:34:10.900,6354.0000,2452,0,64968240.000,0,-,-,-,-,6352.4000,6352.2000,6350.8000,6349.0000,6345.4000,6356.4000,6357.8000,6358.0000,6358.4000,6358.6000,1,1,1,5,3,1,2,1,1,1
SF,IC2010,2020-08-27 09:34:11.400,6354.0000,2452,0,64968240.000,0,-,-,-,-,6352.6000,6352.4000,6352.2000,6350.8000,6349.0000,6357.8000,6358.0000,6358.4000,6358.6000,6368.4000,1,1,1,1,5,2,1,1,1,5
SF,IC2010,2020-08-27 09:34:11.900,6354.0000,2452,0,64968240.000,0,-,-,-,-,6352.8000,6350.8000,6349.0000,6345.4000,6342.6000,6357.6000,6357.8000,6358.6000,6368.4000,6385.8000,1,1,5,3,1,2,1,1,5,3
SF,IC2010,2020-08-27 09:34:12.400,6354.0000,2452,0,64968240.000,0,-,-,-,-,6352.8000,6349.0000,6345.4000,6342.6000,6339.4000,6357.6000,6357.8000,6358.6000,6368.4000,6385.8000,1,5,3,1,5,2,1,1,5,3
SF,IC2010,2020-08-27 09:34:12.900,6354.0000,2452,0,64968240.000,0,-,-,-,-,6353.6000,6352.8000,6349.0000,6345.4000,6342.6000,6355.0000,6357.4000,6357.6000,6357.8000,6358.6000,1,1,5,3,1,1,1,2,1,1
SF,IC2010,2020-08-27 09:34:13.400,6354.0000,2452,0,64968240.000,0,-,-,-,-,6353.8000,6353.0000,6349.0000,6345.4000,6342.6000,6357.8000,6358.6000,6368.4000,6385.8000,6387.8000,1,2,5,3,1,1,1,5,3,5
SF,IC2010,2020-08-27 09:34:13.900,6354.0000,2452,0,64968240.000,0,-,-,-,-,6353.8000,6353.0000,6349.0000,6345.4000,6342.6000,6357.8000,6358.6000,6368.4000,6385.8000,6387.8000,2,1,5,3,1,1,1,5,3,5
SF,IC2010,2020-08-27 09:34:14.400,6354.0000,2452,0,64968240.000,0,-,-,-,-,6353.8000,6353.0000,6349.0000,6345.4000,6342.6000,6358.6000,6368.4000,6385.8000,6387.8000,6388.0000,1,1,5,3,1,1,5,3,5,1
SF,IC2010,2020-08-27 09:34:14.900,6354.0000,2452,0,64968240.000,0,-,-,-,-,6354.0000,6353.8000,6353.0000,6349.0000,6345.4000,6368.4000,6385.8000,6387.8000,6388.0000,6399.8000,1,2,1,5,3,5,3,5,1,1
SF,IC2010,2020-08-27 09:34:15.400,6354.0000,2452,0,64968240.000,0,-,-,-,-,6354.0000,6353.8000,6353.0000,6349.0000,6345.4000,6356.0000,6356.4000,6357.0000,6357.2000,6358.0000,1,1,1,5,3,1,1,1,1,1
SF,IC2010,2020-08-27 09:34:15.900,6354.0000,2452,0,64968240.000,0,-,-,-,-,6354.2000,6353.8000,6353.0000,6349.0000,6345.4000,6358.2000,6361.2000,6361.4000,6367.8000,6368.2000,1,1,1,5,3,1,1,1,1,4
SF,IC2010,2020-08-27 09:34:16.400,6354.0000,2452,0,64968240.000,0,-,-,-,-,6354.4000,6353.0000,6349.0000,6345.4000,6342.6000,6358.2000,6361.2000,6361.4000,6367.8000,6368.2000,1,1,5,3,1,1,1,1,1,4
SF,IC2010,2020-08-27 09:34:16.900,6354.0000,2452,0,64968240.000,0,-,-,-,-,6354.4000,6354.2000,6353.0000,6349.0000,6345.4000,6358.2000,6361.2000,6361.4000,6367.8000,6368.2000,2,1,1,5,3,1,1,1,1,4
SF,IC2010,2020-08-27 09:34:17.400,6354.0000,2452,0,64968240.000,0,-,-,-,-,6354.4000,6353.0000,6349.0000,6345.4000,6342.6000,6361.2000,6361.4000,6367.8000,6368.2000,6368.4000,2,1,5,3,1,1,1,1,4,5
SF,IC2010,2020-08-27 09:34:17.900,6354.0000,2452,0,64968240.000,0,-,-,-,-,6354.6000,6354.4000,6353.0000,6349.0000,6345.4000,6357.0000,6357.4000,6360.8000,6361.0000,6361.2000,2,2,1,5,3,1,1,1,4,1
SF,IC2010,2020-08-27 09:34:18.400,6354.0000,2452,0,64968240.000,0,-,-,-,-,6354.8000,6354.4000,6353.0000,6349.0000,6345.4000,6360.8000,6361.0000,6361.2000,6361.4000,6367.8000,2,1,1,5,3,1,2,1,1,1
