市场代码,合约代码,时间,最新,持仓,增仓,成交额,成交量,开仓,平仓,成交类型,方向,买一价,买二价,买三价,买四价,买五价,卖一价,卖二价,卖三价,卖四价,卖五价,买一量,买二量,买三量,买四量,买五量,卖一量,卖二量,卖三量,卖四量,卖五量
SF,IC2001,2019-12-05 09:29:00.000,4889.8000,8484,0,3911840.000,4.000,-,-,-,-,4888.0000,4884.6000,4881.0000,4880.0000,4877.2000,4889.8000,4895.4000,4898.2000,4898.8000,4901.0000,4,4,1,12,4,4,1,1,1,1
SF,IC2001,2019-12-05 09:30:00.500,4889.8000,8483,-1,5867760.000,2,0,2,多平,S,4888.0000,4884.6000,4881.0000,4880.0000,4877.2000,4889.8000,4896.6000,4898.8000,4905.0000,4919.6000,4,4,1,12,4,2,1,1,1,1
SF,IC2001,2019-12-05 09:30:01.000,4888.0000,8482,-1,9778520.000,4,1,3,多平,S,4888.0000,4884.6000,4881.0000,4880.0000,4877.2000,4889.6000,4889.8000,4896.6000,4898.8000,4905.0000,1,4,1,12,4,2,2,1,1,1
SF,IC2001,2019-12-05 09:30:01.500,4888.0000,8483,1,10756120.000,1,1,0,双开,S,4884.6000,4881.0000,4880.0000,4877.8000,4877.2000,4888.4000,4888.6000,4889.2000,4889.4000,4889.6000,4,1,12,5,4,1,1,1,3,2
SF,IC2001,2019-12-05 09:30:02.000,4888.0000,8483,0,10756120.000,0,-,-,-,-,4886.2000,4884.8000,4884.6000,4881.0000,4880.0000,4888.2000,4889.2000,4889.4000,4889.6000,4889.8000,1,2,4,1,12,2,1,7,1,3
SF,IC2001,2019-12-05 09:30:02.500,4888.0000,8483,0,10756120.000,0,-,-,-,-,4884.6000,4881.0000,4880.0000,4877.8000,4877.2000,4888.0000,4888.2000,4889.4000,4889.6000,4889.8000,4,1,12,5,4,1,1,6,1,3
SF,IC2001,2019-12-05 09:30:03.000,4888.0000,8483,0,10756120.000,0,-,-,-,-,4884.6000,4881.0000,4880.0000,4877.8000,4877.2000,4886.0000,4886.2000,4886.8000,4887.6000,4887.8000,4,1,12,5,4,1,1,1,1,2
SF,IC2001,2019-12-05 09:30:03.500,4888.0000,8483,0,10756120.000,0,-,-,-,-,4884.6000,4881.0000,4880.0000,4877.8000,4877.2000,4885.8000,4886.8000,4887.0000,4887.6000,4887.8000,4,1,12,5,4,1,1,1,1,1
SF,IC2001,2019-12-05 09:30:04.500,4885.8000,8483,0,11733280.000,1,0,1,多换,S,4885.8000,4884.6000,4881.0000,4880.0000,4877.8000,4887.6000,4888.0000,4888.2000,4889.4000,4889.8000,1,4,1,12,5,1,2,1,3,3
SF,IC2001,2019-12-05 09:30:05.000,4885.8000,8483,0,11733280.000,0,-,-,-,-,4885.8000,4884.8000,4884.6000,4881.0000,4880.0000,4887.4000,4887.6000,4888.0000,4888.2000,4889.4000,1,1,4,1,12,1,1,2,1,3
SF,IC2001,2019-12-05 09:30:05.500,4885.8000,8483,0,11733280.000,0,-,-,-,-,4886.0000,4884.8000,4884.6000,4881.0000,4880.0000,4887.6000,4888.0000,4888.2000,4889.4000,4889.8000,1,1,6,1,12,1,2,1,3,3
SF,IC2001,2019-12-05 09:30:06.000,4885.8000,8483,0,11733280.000,0,-,-,-,-,4886.0000,4884.6000,4881.0000,4880.0000,4877.8000,4886.8000,4887.2000,4887.6000,4888.0000,4889.4000,1,6,1,12,5,1,1,1,2,3
SF,IC2001,2019-12-05 09:30:06.500,4885.8000,8483,0,11733280.000,0,-,-,-,-,4886.0000,4884.6000,4881.0000,4880.0000,4877.8000,4887.6000,4888.0000,4889.4000,4889.8000,4895.2000,1,6,1,12,5,1,1,3,3,5
SF,IC2001,2019-12-05 09:30:07.000,4885.8000,8483,0,11733280.000,0,-,-,-,-,4886.2000,4886.0000,4884.6000,4881.0000,4880.0000,4889.4000,4889.8000,4895.2000,4896.6000,4898.8000,1,1,6,1,12,3,3,5,1,1
SF,IC2001,2019-12-05 09:30:07.500,4885.8000,8483,0,11733280.000,0,-,-,-,-,4886.4000,4886.2000,4884.6000,4881.0000,4880.0000,4889.0000,4889.2000,4889.8000,4895.2000,4896.6000,1,1,6,1,12,2,2,2,5,1
SF,IC2001,2019-12-05 09:30:08.000,4886.0000,8483,0,13687680.000,2,1,1,多换,S,4884.6000,4881.0000,4880.0000,4877.8000,4877.2000,4889.0000,4889.2000,4889.8000,4895.2000,4896.6000,6,1,12,5,4,2,2,2,5,1
SF,IC2001,2019-12-05 09:30:08.500,4886.0000,8483,0,13687680.000,0,-,-,-,-,4887.8000,4887.2000,4887.0000,4886.6000,4886.0000,4889.8000,4896.6000,4898.8000,4901.0000,4905.0000,1,2,1,1,1,2,1,1,5,1
SF,IC2001,2019-12-05 09:30:09.000,4886.0000,8483,0,13687680.000,0,-,-,-,-,4888.0000,4885.8000,4885.2000,4885.0000,4884.8000,4888.8000,4889.2000,4889.4000,4889.6000,4889.8000,1,1,1,3,2,1,1,1,2,2
SF,IC2001,2019-12-05 09:30:09.500,4888.0000,8482,-1,14665280.000,1,0,1,双平,S,4885.8000,4885.0000,4884.8000,4884.6000,4881.0000,4889.2000,4889.4000,4889.6000,4889.8000,4896.6000,1,2,2,6,1,1,1,3,2,1
SF,IC2001,2019-12-05 09:30:10.000,4888.0000,8482,0,14665280.000,0,-,-,-,-,4886.0000,4885.8000,4885.0000,4884.8000,4884.6000,4888.8000,4889.0000,4889.2000,4889.4000,4889.6000,1,1,2,2,6,1,1,1,1,2
SF,IC2001,2019-12-05 09:30:10.500,4888.0000,8482,0,14665280.000,0,-,-,-,-,4886.0000,4885.8000,4885.0000,4884.8000,4884.6000,4888.6000,4888.8000,4889.2000,4889.4000,4889.6000,1,1,2,2,6,1,1,1,1,2
SF,IC2001,2019-12-05 09:30:11.500,4888.8000,8481,-1,16620760.000,2,0,2,多平,S,4888.8000,4886.2000,4886.0000,4885.8000,4885.0000,4889.2000,4889.6000,4889.8000,4896.6000,4898.8000,1,1,1,1,1,1,2,2,1,1
SF,IC2001,2019-12-05 09:30:12.000,4888.8000,8481,0,17598520.000,1,0,1,多换,S,4886.2000,4885.8000,4885.0000,4884.8000,4884.6000,4888.4000,4888.6000,4889.2000,4889.6000,4889.8000,1,1,1,2,6,1,2,1,2,2
SF,IC2001,2019-12-05 09:30:12.500,4888.8000,8481,0,17598520.000,0,-,-,-,-,4886.4000,4886.2000,4885.8000,4885.0000,4884.8000,4888.6000,4889.2000,4889.6000,4889.8000,4896.6000,1,1,1,1,2,1,1,2,2,1
SF,IC2001,2019-12-05 09:30:13.000,4888.6000,8480,-1,18576240.000,1,0,1,双平,S,4887.4000,4886.8000,4886.6000,4886.4000,4886.2000,4889.8000,4896.6000,4898.8000,4901.0000,4905.0000,1,1,1,1,1,2,1,1,5,1
SF,IC2001,2019-12-05 09:30:13.500,4888.6000,8480,0,18576240.000,0,-,-,-,-,4886.8000,4886.6000,4886.4000,4886.2000,4885.8000,4889.6000,4889.8000,4896.6000,4898.8000,4901.0000,1,1,1,1,1,1,2,1,1,5
SF,IC2001,2019-12-05 09:30:14.000,4888.6000,8480,0,18576240.000,0,-,-,-,-,4887.0000,4886.8000,4886.6000,4886.2000,4885.8000,4887.4000,4889.4000,4889.6000,4889.8000,4896.6000,1,1,1,1,1,3,1,3,2,1
SF,IC2001,2019-12-05 09:30:14.500,4887.4000,8477,-3,21508680.000,3,0,3,双平,S,4887.8000,4887.6000,4887.4000,4886.8000,4886.6000,4889.8000,4896.6000,4898.8000,4901.0000,4905.0000,1,1,4,1,1,2,1,1,5,1
SF,IC2001,2019-12-05 09:30:15.000,4887.4000,8477,0,21508680.000,0,-,-,-,-,4887.8000,4887.4000,4886.8000,4886.6000,4885.8000,4889.6000,4889.8000,4896.6000,4898.8000,4901.0000,1,4,1,1,1,1,2,1,1,5
SF,IC2001,2019-12-05 09:30:15.500,4887.4000,8477,0,21508680.000,0,-,-,-,-,4887.8000,4887.4000,4886.8000,4886.6000,4885.8000,4889.6000,4889.8000,4892.0000,4896.6000,4898.8000,1,3,1,1,1,1,2,1,1,1
SF,IC2001,2019-12-05 09:30:16.000,4887.4000,8477,0,21508680.000,0,-,-,-,-,4887.8000,4887.4000,4886.8000,4886.6000,4885.8000,4889.6000,4889.8000,4892.0000,4896.6000,4898.8000,2,3,1,1,1,1,2,1,1,1
SF,IC2001,2019-12-05 09:30:16.500,4887.4000,8477,0,21508680.000,0,-,-,-,-,4888.0000,4887.8000,4887.4000,4886.8000,4886.6000,4889.6000,4889.8000,4892.0000,4896.6000,4898.8000,1,2,2,1,1,1,2,1,1,1
SF,IC2001,2019-12-05 09:30:17.000,4887.4000,8476,-1,22486160.000,1,0,1,双平,S,4887.8000,4887.4000,4886.8000,4886.6000,4885.8000,4889.6000,4889.8000,4892.0000,4896.6000,4898.8000,1,2,1,1,1,1,2,1,1,1
SF,IC2001,2019-12-05 09:30:18.000,4887.4000,8476,0,22486160.000,0,-,-,-,-,4887.8000,4887.4000,4886.8000,4886.6000,4885.8000,4888.8000,4889.6000,4889.8000,4892.0000,4896.6000,1,2,1,1,1,1,1,2,1,1
SF,IC2001,2019-12-05 09:30:18.500,4888.8000,8475,-1,23463920.000,1,0,1,双平,S,4888.8000,4888.0000,4887.8000,4887.4000,4886.8000,4889.6000,4889.8000,4892.0000,4896.6000,4898.8000,1,1,1,2,1,1,2,1,1,1
SF,IC2001,2019-12-05 09:30:19.000,4889.6000,8473,-2,25419600.000,2,0,2,双平,S,4889.0000,4887.8000,4887.4000,4886.8000,4886.6000,4889.8000,4892.0000,4896.6000,4898.8000,4901.0000,1,1,2,1,1,2,1,1,1,5
SF,IC2001,2019-12-05 09:30:19.500,4889.6000,8472,-1,26397520.000,1,0,1,双平,S,4889.0000,4887.8000,4887.4000,4886.8000,4886.6000,4889.8000,4892.0000,4896.6000,4898.8000,4901.0000,1,1,2,1,1,2,1,1,1,5
SF,IC2001,2019-12-05 09:30:20.000,4889.6000,8472,0,26397520.000,0,-,-,-,-,4888.8000,4887.8000,4887.4000,4886.8000,4886.6000,4889.8000,4892.0000,4896.6000,4898.8000,4901.0000,1,1,2,1,1,2,1,1,1,5
SF,IC2001,2019-12-05 09:30:20.500,4889.6000,8472,0,26397520.000,0,-,-,-,-,4888.8000,4887.8000,4887.4000,4886.8000,4886.6000,4889.4000,4889.8000,4892.0000,4896.6000,4898.8000,1,1,2,1,1,1,2,1,1,1
SF,IC2001,2019-12-05 09:30:21.000,4888.8000,8471,-1,27375280.000,1,0,1,双平,S,4887.8000,4887.4000,4886.8000,4885.8000,4885.0000,4889.8000,4892.0000,4896.6000,4898.8000,4901.0000,1,2,1,1,1,2,1,1,1,5
SF,IC2001,2019-12-05 09:30:21.500,4888.8000,8471,0,27375280.000,0,-,-,-,-,4887.8000,4887.4000,4886.8000,4885.8000,4885.0000,4888.8000,4889.6000,4889.8000,4892.0000,4896.6000,1,1,1,1,1,1,1,2,1,1
SF,IC2001,2019-12-05 09:30:22.000,4887.8000,8470,-1,28352840.000,1,0,1,双平,S,4887.4000,4885.8000,4885.0000,4884.8000,4884.6000,4888.6000,4888.8000,4889.6000,4889.8000,4892.0000,1,1,1,1,6,1,1,1,2,1
SF,IC2001,2019-12-05 09:30:22.500,4887.8000,8470,0,28352840.000,0,-,-,-,-,4887.6000,4885.8000,4885.0000,4884.8000,4884.6000,4888.8000,4889.6000,4889.8000,4892.0000,4896.6000,1,1,1,1,6,1,1,2,1,1
SF,IC2001,2019-12-05 09:30:24.000,4887.8000,8470,0,28352840.000,0,-,-,-,-,4887.6000,4885.0000,4884.8000,4884.6000,4881.0000,4888.4000,4888.6000,4888.8000,4889.8000,4892.0000,1,1,1,6,1,1,3,1,2,1
SF,IC2001,2019-12-05 09:30:24.500,4888.4000,8469,-1,29330520.000,1,0,1,双平,S,4887.6000,4885.0000,4884.8000,4884.6000,4881.0000,4888.8000,4889.8000,4892.0000,4896.6000,4898.8000,1,1,1,6,1,1,2,1,1,1
SF,IC2001,2019-12-05 09:30:26.000,4888.4000,8469,0,29330520.000,0,-,-,-,-,4887.6000,4885.0000,4884.8000,4884.6000,4881.0000,4888.6000,4888.8000,4889.8000,4892.0000,4896.6000,1,1,1,6,1,4,1,2,1,1
SF,IC2001,2019-12-05 09:30:26.500,4887.6000,8468,-1,30308040.000,1,0,1,双平,S,4885.0000,4884.8000,4884.6000,4881.0000,4880.0000,4888.0000,4888.2000,4888.6000,4888.8000,4889.8000,1,1,6,1,12,1,1,4,1,2
SF,IC2001,2019-12-05 09:30:27.000,4887.6000,8468,0,30308040.000,0,-,-,-,-,4885.4000,4885.2000,4885.0000,4884.6000,4881.0000,4887.6000,4888.6000,4888.8000,4889.8000,4892.0000,1,1,1,6,1,1,4,1,2,1
SF,IC2001,2019-12-05 09:30:27.500,4887.6000,8468,0,30308040.000,0,-,-,-,-,4885.6000,4885.4000,4885.0000,4884.6000,4881.0000,4887.6000,4888.6000,4888.8000,4889.8000,4892.0000,1,1,1,6,1,1,4,1,2,1
SF,IC2001,2019-12-05 09:30:28.000,4887.6000,8468,0,30308040.000,0,-,-,-,-,4885.6000,4885.4000,4884.6000,4881.0000,4880.0000,4887.6000,4888.6000,4888.8000,4889.8000,4892.0000,1,1,6,1,12,1,4,1,2,1
SF,IC2001,2019-12-05 09:30:29.000,4887.6000,8468,0,30308040.000,0,-,-,-,-,4885.6000,4884.6000,4881.0000,4880.0000,4877.8000,4887.6000,4888.6000,4888.8000,4889.8000,4892.0000,1,6,1,12,5,1,4,1,2,1
SF,IC2001,2019-12-05 09:30:29.500,4887.6000,8468,0,30308040.000,0,-,-,-,-,4885.6000,4884.6000,4882.0000,4881.0000,4880.0000,4887.6000,4888.6000,4888.8000,4889.8000,4892.0000,1,6,10,1,2,1,4,1,2,1
SF,IC2001,2019-12-05 09:30:30.000,4887.6000,8468,0,30308040.000,0,-,-,-,-,4885.6000,4884.6000,4882.0000,4881.0000,4880.0000,4887.4000,4887.6000,4888.6000,4888.8000,4889.8000,1,6,10,1,2,1,1,4,1,2
SF,IC2001,2019-12-05 09:30:30.500,4887.6000,8468,0,30308040.000,0,-,-,-,-,4885.6000,4884.6000,4882.0000,4881.0000,4880.0000,4887.6000,4888.6000,4888.8000,4889.8000,4892.0000,1,6,10,1,2,1,4,1,2,1
SF,IC2001,2019-12-05 09:30:31.000,4887.6000,8468,0,30308040.000,0,-,-,-,-,4886.0000,4885.6000,4884.6000,4882.0000,4881.0000,4887.6000,4888.6000,4888.8000,4889.8000,4892.0000,1,1,6,10,1,2,3,1,2,1
SF,IC2001,2019-12-05 09:30:31.500,4887.6000,8467,-1,32263080.000,2,0,2,多平,S,4887.6000,4887.2000,4886.2000,4886.0000,4885.8000,4888.6000,4888.8000,4889.8000,4892.0000,4896.6000,1,1,2,2,1,1,1,2,1,1
SF,IC2001,2019-12-05 09:30:32.000,4887.6000,8467,0,32263080.000,0,-,-,-,-,4887.8000,4887.6000,4886.2000,4886.0000,4884.6000,4888.6000,4888.8000,4889.8000,4892.0000,4896.6000,1,2,2,2,6,1,1,2,1,1
SF,IC2001,2019-12-05 09:30:32.500,4888.8000,8466,-1,33240840.000,1,0,1,双平,S,4888.0000,4887.8000,4887.6000,4886.2000,4886.0000,4889.8000,4892.0000,4896.6000,4898.8000,4901.0000,1,1,1,2,2,2,1,1,1,5
SF,IC2001,2019-12-05 09:30:33.000,4888.8000,8466,0,33240840.000,0,-,-,-,-,4888.6000,4887.8000,4887.6000,4886.2000,4886.0000,4889.6000,4889.8000,4892.0000,4896.6000,4898.8000,1,1,1,2,2,1,2,1,1,1
SF,IC2001,2019-12-05 09:30:33.500,4888.8000,8466,0,33240840.000,0,-,-,-,-,4887.6000,4886.2000,4886.0000,4884.6000,4882.0000,4889.2000,4889.6000,4889.8000,4892.0000,4896.6000,1,2,2,6,10,1,1,2,1,1
SF,IC2001,2019-12-05 09:30:34.000,4888.8000,8466,0,33240840.000,0,-,-,-,-,4887.8000,4887.6000,4886.2000,4886.0000,4884.6000,4889.6000,4889.8000,4892.0000,4896.6000,4898.8000,1,1,2,2,6,1,2,1,1,1
SF,IC2001,2019-12-05 09:30:34.500,4888.0000,8465,-1,34218440.000,1,0,1,双平,S,4887.8000,4887.6000,4886.2000,4886.0000,4884.6000,4889.6000,4889.8000,4892.0000,4896.6000,4898.8000,1,1,2,1,6,1,2,1,1,1
SF,IC2001,2019-12-05 09:30:35.000,4888.0000,8465,0,34218440.000,0,-,-,-,-,4887.8000,4887.6000,4886.2000,4886.0000,4884.6000,4889.8000,4892.0000,4896.6000,4898.8000,4901.0000,1,1,2,1,6,2,1,1,1,5
SF,IC2001,2019-12-05 09:30:35.500,4888.0000,8465,0,34218440.000,0,-,-,-,-,4887.8000,4887.6000,4886.2000,4886.0000,4884.6000,4889.6000,4889.8000,4892.0000,4896.6000,4898.8000,1,1,2,1,6,1,2,1,1,1
SF,IC2001,2019-12-05 09:30:36.000,4888.0000,8465,0,34218440.000,0,-,-,-,-,4887.8000,4887.6000,4886.2000,4886.0000,4884.6000,4889.8000,4892.0000,4896.6000,4898.8000,4901.0000,1,1,2,1,6,2,1,1,1,5
SF,IC2001,2019-12-05 09:30:36.500,4888.0000,8465,0,34218440.000,0,-,-,-,-,4887.8000,4887.6000,4886.2000,4886.0000,4884.6000,4889.6000,4889.8000,4891.8000,4892.0000,4896.6000,1,1,2,2,6,1,2,1,1,1
SF,IC2001,2019-12-05 09:30:37.000,4888.0000,8465,0,34218440.000,0,-,-,-,-,4887.8000,4887.6000,4886.2000,4886.0000,4884.6000,4888.8000,4889.4000,4889.6000,4889.8000,4890.2000,1,1,2,2,6,1,1,2,2,1
SF,IC2001,2019-12-05 09:30:37.500,4888.0000,8465,0,34218440.000,0,-,-,-,-,4887.6000,4886.2000,4886.0000,4884.6000,4882.0000,4889.6000,4889.8000,4891.8000,4892.0000,4896.6000,1,2,2,6,10,1,2,1,1,1
SF,IC2001,2019-12-05 09:30:38.000,4888.0000,8465,0,34218440.000,0,-,-,-,-,4887.8000,4887.6000,4886.2000,4886.0000,4884.6000,4889.4000,4889.8000,4890.2000,4891.8000,4892.0000,1,1,2,2,6,1,2,1,1,1
SF,IC2001,2019-12-05 09:30:38.500,4888.0000,8465,0,34218440.000,0,-,-,-,-,4887.8000,4887.6000,4886.2000,4886.0000,4884.6000,4889.8000,4891.8000,4892.0000,4896.6000,4898.8000,1,1,2,2,6,2,1,1,1,1
SF,IC2001,2019-12-05 09:30:39.000,4887.8000,8464,-1,35196000.000,1,0,1,双平,S,4887.6000,4886.2000,4886.0000,4884.6000,4882.0000,4889.8000,4890.6000,4891.8000,4892.0000,4896.6000,1,2,3,6,10,2,1,1,1,1
SF,IC2001,2019-12-05 09:30:39.500,4887.8000,8464,0,35196000.000,0,-,-,-,-,4887.8000,4887.6000,4886.2000,4886.0000,4884.6000,4889.4000,4889.8000,4890.6000,4891.8000,4892.0000,1,1,2,3,6,1,2,1,1,1
SF,IC2001,2019-12-05 09:30:41.000,4887.8000,8464,0,35196000.000,0,-,-,-,-,4887.8000,4887.6000,4886.2000,4886.0000,4884.6000,4889.4000,4889.8000,4890.6000,4891.8000,4892.0000,1,1,2,3,6,1,2,1,1,1
SF,IC2001,2019-12-05 09:30:41.500,4889.4000,8464,0,36173880.000,1,0,1,多换,S,4889.6000,4887.8000,4887.6000,4886.2000,4886.0000,4889.8000,4890.6000,4891.8000,4892.0000,4896.6000,1,1,1,2,3,2,1,1,1,1
SF,IC2001,2019-12-05 09:30:42.000,4889.6000,8464,0,37151800.000,1,0,1,多换,S,4887.6000,4886.2000,4886.0000,4884.6000,4882.0000,4889.4000,4889.6000,4889.8000,4890.6000,4891.8000,1,2,3,6,10,2,3,3,1,1
SF,IC2001,2019-12-05 09:30:42.500,4889.6000,8464,0,37151800.000,0,-,-,-,-,4887.8000,4887.6000,4886.2000,4886.0000,4884.6000,4889.6000,4889.8000,4890.6000,4891.8000,4892.0000,1,1,2,3,6,2,2,1,1,1
SF,IC2001,2019-12-05 09:30:44.000,4889.6000,8464,0,37151800.000,0,-,-,-,-,4887.8000,4887.6000,4886.2000,4886.0000,4884.6000,4889.4000,4889.6000,4889.8000,4890.6000,4891.8000,1,1,2,3,6,2,2,2,2,1
SF,IC2001,2019-12-05 09:30:44.500,4889.6000,8464,0,37151800.000,0,-,-,-,-,4887.6000,4886.2000,4886.0000,4884.6000,4882.0000,4889.2000,4889.4000,4889.6000,4889.8000,4890.6000,1,2,3,6,10,1,2,2,2,2
SF,IC2001,2019-12-05 09:30:45.000,4889.6000,8464,0,37151800.000,0,-,-,-,-,4887.8000,4887.6000,4886.2000,4886.0000,4884.6000,4889.4000,4889.6000,4889.8000,4890.6000,4891.8000,1,1,2,3,6,1,2,2,2,1
SF,IC2001,2019-12-05 09:30:45.500,4889.6000,8464,0,38129720.000,1,0,1,多换,S,4887.8000,4887.6000,4886.2000,4886.0000,4884.6000,4889.4000,4889.6000,4889.8000,4890.6000,4891.8000,1,1,2,3,6,1,2,2,2,1
SF,IC2001,2019-12-05 09:30:46.000,4889.6000,8464,0,38129720.000,0,-,-,-,-,4887.8000,4887.6000,4886.2000,4886.0000,4884.6000,4889.6000,4889.8000,4890.6000,4891.8000,4892.0000,1,1,2,3,6,1,2,2,1,1
SF,IC2001,2019-12-05 09:30:47.000,4887.8000,8464,0,39107280.000,1,0,1,多换,S,4887.8000,4887.6000,4886.2000,4886.0000,4884.6000,4889.6000,4889.8000,4890.6000,4891.8000,4892.0000,2,1,2,3,6,1,2,2,1,1
SF,IC2001,2019-12-05 09:30:47.500,4887.8000,8464,0,39107280.000,0,-,-,-,-,4887.8000,4887.6000,4886.2000,4886.0000,4884.6000,4889.4000,4889.6000,4889.8000,4890.6000,4891.8000,2,1,2,3,6,1,1,2,2,1
SF,IC2001,2019-12-05 09:30:50.000,4887.8000,8464,0,39107280.000,0,-,-,-,-,4887.8000,4887.6000,4886.2000,4886.0000,4884.6000,4889.4000,4889.6000,4889.8000,4890.6000,4891.8000,2,1,2,3,6,1,1,2,2,1
SF,IC2001,2019-12-05 09:30:50.500,4887.8000,8464,0,39107280.000,0,-,-,-,-,4888.0000,4887.8000,4887.6000,4886.2000,4886.0000,4889.4000,4889.6000,4889.8000,4890.6000,4891.8000,1,2,1,2,3,1,1,2,2,1
SF,IC2001,2019-12-05 09:30:51.000,4887.8000,8464,0,39107280.000,0,-,-,-,-,4888.0000,4887.8000,4887.6000,4886.2000,4886.0000,4889.4000,4889.6000,4889.8000,4890.6000,4891.8000,1,2,1,2,2,1,1,2,2,1
SF,IC2001,2019-12-05 09:30:51.500,4887.8000,8464,0,39107280.000,0,-,-,-,-,4887.8000,4887.6000,4886.2000,4886.0000,4884.6000,4888.6000,4888.8000,4889.2000,4889.4000,4889.6000,2,1,2,2,6,1,1,2,1,1
SF,IC2001,2019-12-05 09:30:52.000,4887.8000,8464,0,39107280.000,0,-,-,-,-,4887.8000,4887.6000,4886.2000,4886.0000,4884.6000,4889.2000,4889.4000,4889.8000,4890.6000,4891.8000,2,1,2,2,6,1,1,2,2,1
SF,IC2001,2019-12-05 09:30:52.500,4887.8000,8464,0,39107280.000,0,-,-,-,-,4887.8000,4887.6000,4886.2000,4886.0000,4884.6000,4889.0000,4889.2000,4889.8000,4890.6000,4891.8000,2,1,2,2,6,1,1,2,2,1
SF,IC2001,2019-12-05 09:30:53.000,4887.8000,8463,-1,40084840.000,1,0,1,双平,S,4887.8000,4887.6000,4886.0000,4884.6000,4882.0000,4888.2000,4888.4000,4888.8000,4889.0000,4889.2000,1,1,2,6,10,1,1,1,2,1
SF,IC2001,2019-12-05 09:30:53.500,4887.8000,8463,0,40084840.000,0,-,-,-,-,4887.8000,4887.6000,4886.0000,4884.6000,4883.6000,4888.8000,4889.0000,4889.2000,4889.8000,4890.6000,1,1,2,6,1,1,2,1,2,2
SF,IC2001,2019-12-05 09:30:54.000,4887.8000,8463,0,41062400.000,1,0,1,多换,S,4887.6000,4886.0000,4884.8000,4884.6000,4883.6000,4888.6000,4888.8000,4889.2000,4889.8000,4890.6000,1,1,1,6,1,1,1,1,2,2
SF,IC2001,2019-12-05 09:30:54.500,4887.8000,8463,0,41062400.000,0,-,-,-,-,4887.6000,4886.0000,4884.8000,4884.6000,4883.6000,4889.2000,4889.8000,4890.6000,4891.8000,4892.0000,1,1,1,6,1,1,2,2,1,1
SF,IC2001,2019-12-05 09:30:55.000,4887.8000,8463,0,41062400.000,0,-,-,-,-,4887.6000,4886.0000,4884.8000,4884.6000,4883.6000,4889.0000,4889.2000,4889.8000,4890.6000,4891.8000,1,1,1,6,1,1,1,2,2,1
SF,IC2001,2019-12-05 09:30:55.500,4887.8000,8463,0,41062400.000,0,-,-,-,-,4887.8000,4887.6000,4886.0000,4884.8000,4884.6000,4889.2000,4889.8000,4890.0000,4890.6000,4891.8000,1,1,1,1,6,1,2,1,2,1
SF,IC2001,2019-12-05 09:30:57.500,4887.8000,8463,0,41062400.000,0,-,-,-,-,4887.8000,4887.6000,4886.0000,4884.8000,4884.6000,4889.0000,4889.2000,4889.8000,4890.0000,4890.6000,1,1,1,1,6,1,1,2,1,2
SF,IC2001,2019-12-05 09:30:58.500,4887.8000,8463,0,41062400.000,0,-,-,-,-,4887.8000,4887.6000,4886.0000,4884.8000,4884.6000,4888.8000,4889.0000,4889.2000,4889.8000,4890.0000,1,1,1,1,6,1,1,1,2,1
SF,IC2001,2019-12-05 09:30:59.000,4887.8000,8463,0,41062400.000,0,-,-,-,-,4887.6000,4886.0000,4884.8000,4884.6000,4883.6000,4888.4000,4888.8000,4889.0000,4889.2000,4889.8000,1,1,1,6,1,1,1,1,1,2
SF,IC2001,2019-12-05 09:30:59.500,4887.6000,8463,0,42039920.000,1,0,1,多换,S,4886.0000,4884.8000,4884.6000,4883.6000,4882.0000,4887.8000,4888.8000,4889.2000,4889.4000,4889.8000,1,1,6,1,10,1,1,1,1,2
SF,IC2001,2019-12-05 09:31:00.000,4887.6000,8463,0,42039920.000,0,-,-,-,-,4886.2000,4886.0000,4884.8000,4884.6000,4883.6000,4887.8000,4888.8000,4889.2000,4889.4000,4889.8000,1,1,1,6,1,1,1,1,1,2
SF,IC2001,2019-12-05 09:31:00.500,4887.6000,8463,0,42039920.000,0,-,-,-,-,4886.2000,4886.0000,4884.8000,4884.6000,4883.6000,4887.8000,4888.8000,4889.2000,4889.4000,4889.8000,1,1,1,6,1,1,1,1,1,2
SF,IC2001,2019-12-05 09:31:01.000,4887.6000,8463,0,42039920.000,0,-,-,-,-,4886.4000,4886.2000,4886.0000,4884.8000,4884.6000,4889.2000,4889.4000,4889.8000,4890.0000,4890.6000,1,1,1,1,6,1,1,2,2,2
SF,IC2001,2019-12-05 09:31:01.500,4887.6000,8463,0,42039920.000,0,-,-,-,-,4887.8000,4886.6000,4886.4000,4886.0000,4884.8000,4889.2000,4889.4000,4889.8000,4890.0000,4890.6000,2,1,2,2,1,1,1,2,2,2
SF,IC2001,2019-12-05 09:31:02.000,4887.6000,8463,0,42039920.000,0,-,-,-,-,4888.0000,4887.8000,4886.4000,4886.0000,4884.8000,4889.2000,4889.4000,4889.8000,4890.0000,4890.6000,1,2,2,2,1,1,1,2,2,2
SF,IC2001,2019-12-05 09:31:02.500,4887.6000,8463,0,42039920.000,0,-,-,-,-,4888.0000,4887.8000,4886.4000,4886.0000,4884.8000,4889.8000,4890.0000,4890.6000,4891.8000,4892.0000,1,1,2,2,1,2,2,2,1,1
SF,IC2001,2019-12-05 09:31:03.000,4887.6000,8463,0,42039920.000,0,-,-,-,-,4888.0000,4887.8000,4886.4000,4886.0000,4884.8000,4889.6000,4889.8000,4890.0000,4890.6000,4891.8000,1,1,2,2,1,1,2,2,2,1
SF,IC2001,2019-12-05 09:31:04.500,4887.6000,8463,0,42039920.000,0,-,-,-,-,4888.0000,4887.8000,4886.4000,4886.0000,4884.8000,4889.6000,4889.8000,4890.0000,4890.6000,4891.8000,1,1,2,4,1,1,2,2,2,1
SF,IC2001,2019-12-05 09:31:05.000,4887.8000,8462,-1,43017480.000,1,0,1,双平,S,4886.4000,4886.0000,4884.8000,4884.6000,4883.6000,4888.0000,4889.6000,4889.8000,4890.0000,4890.6000,2,4,1,6,1,1,1,2,2,2
SF,IC2001,2019-12-05 09:31:05.500,4887.8000,8462,0,43017480.000,0,-,-,-,-,4888.0000,4886.6000,4886.4000,4886.0000,4884.8000,4889.4000,4889.6000,4889.8000,4890.0000,4890.6000,1,1,2,4,1,1,1,2,2,2
SF,IC2001,2019-12-05 09:31:06.000,4887.8000,8462,0,43017480.000,0,-,-,-,-,4888.0000,4886.6000,4886.4000,4886.0000,4884.8000,4888.8000,4889.2000,4889.4000,4889.8000,4890.0000,1,1,2,4,1,2,1,1,2,2
SF,IC2001,2019-12-05 09:31:06.500,4887.8000,8462,0,43017480.000,0,-,-,-,-,4888.0000,4886.6000,4886.4000,4886.0000,4884.8000,4888.6000,4889.0000,4889.8000,4890.0000,4890.6000,1,1,1,4,1,1,1,2,2,2
SF,IC2001,2019-12-05 09:31:07.000,4888.0000,8461,-1,43995080.000,1,0,1,双平,S,4886.6000,4886.4000,4886.0000,4884.8000,4884.6000,4888.6000,4889.0000,4889.8000,4890.0000,4890.6000,1,1,4,1,6,1,1,2,2,2
SF,IC2001,2019-12-05 09:31:07.500,4888.0000,8461,0,43995080.000,0,-,-,-,-,4886.6000,4886.0000,4884.8000,4884.6000,4883.6000,4888.6000,4889.0000,4889.8000,4890.0000,4890.6000,1,3,1,6,1,1,1,2,2,2
SF,IC2001,2019-12-05 09:31:08.000,4888.0000,8461,0,43995080.000,0,-,-,-,-,4886.0000,4884.8000,4884.6000,4883.6000,4882.0000,4888.6000,4889.0000,4889.8000,4890.0000,4890.6000,3,1,6,1,10,1,1,2,2,2
SF,IC2001,2019-12-05 09:31:08.500,4888.0000,8461,0,43995080.000,0,-,-,-,-,4886.2000,4886.0000,4884.8000,4884.6000,4883.6000,4888.6000,4889.0000,4889.4000,4889.8000,4890.0000,1,3,1,6,1,1,1,1,2,2
SF,IC2001,2019-12-05 09:31:09.500,4888.0000,8461,0,43995080.000,0,-,-,-,-,4886.2000,4886.0000,4884.8000,4884.6000,4883.6000,4888.4000,4888.6000,4889.0000,4889.4000,4889.8000,1,3,1,6,1,2,1,1,1,2
SF,IC2001,2019-12-05 09:31:10.000,4888.0000,8461,0,43995080.000,0,-,-,-,-,4886.2000,4886.0000,4884.8000,4884.6000,4883.6000,4888.2000,4888.4000,4889.0000,4889.4000,4889.8000,1,3,1,6,1,1,1,1,1,2
SF,IC2001,2019-12-05 09:31:10.500,4888.0000,8461,0,43995080.000,0,-,-,-,-,4886.2000,4886.0000,4884.8000,4884.6000,4883.6000,4889.0000,4889.4000,4889.8000,4890.0000,4890.6000,1,3,1,6,1,1,1,2,2,2
SF,IC2001,2019-12-05 09:31:11.000,4888.0000,8461,0,43995080.000,0,-,-,-,-,4886.2000,4886.0000,4884.8000,4884.6000,4883.6000,4888.8000,4889.0000,4889.4000,4889.8000,4890.0000,1,3,1,6,1,1,1,1,2,2
SF,IC2001,2019-12-05 09:31:11.500,4888.0000,8461,0,43995080.000,0,-,-,-,-,4886.4000,4886.2000,4886.0000,4884.8000,4884.6000,4889.4000,4889.8000,4890.0000,4890.6000,4891.8000,3,1,3,1,6,1,2,2,2,1
SF,IC2001,2019-12-05 09:31:12.000,4888.0000,8461,0,43995080.000,0,-,-,-,-,4886.6000,4886.4000,4886.0000,4884.8000,4884.6000,4889.8000,4890.0000,4890.6000,4891.8000,4892.0000,2,3,4,1,6,2,2,2,1,1
SF,IC2001,2019-12-05 09:31:12.500,4888.0000,8461,0,43995080.000,0,-,-,-,-,4887.0000,4886.8000,4886.6000,4886.4000,4886.0000,4889.6000,4889.8000,4890.0000,4890.6000,4891.8000,1,2,2,3,4,1,2,2,2,1
SF,IC2001,2019-12-05 09:31:13.000,4888.0000,8461,0,43995080.000,0,-,-,-,-,4887.2000,4887.0000,4886.8000,4886.6000,4886.4000,4889.8000,4890.0000,4890.6000,4891.8000,4892.0000,4,1,2,1,1,2,2,2,1,1
SF,IC2001,2019-12-05 09:31:13.500,4888.0000,8461,0,43995080.000,0,-,-,-,-,4888.4000,4887.6000,4887.4000,4887.2000,4887.0000,4889.8000,4890.0000,4890.6000,4891.8000,4892.0000,1,1,1,7,1,2,2,1,1,1
SF,IC2001,2019-12-05 09:31:14.000,4888.0000,8461,0,43995080.000,0,-,-,-,-,4886.4000,4886.0000,4884.8000,4884.6000,4883.6000,4887.0000,4889.0000,4889.4000,4889.6000,4889.8000,1,4,1,6,1,3,2,1,3,2
SF,IC2001,2019-12-05 09:31:14.500,4887.0000,8458,-3,46927280.000,3,0,3,双平,S,4888.0000,4887.4000,4887.2000,4887.0000,4886.8000,4889.8000,4890.0000,4890.6000,4891.8000,4892.0000,1,2,1,14,2,2,2,1,1,1
SF,IC2001,2019-12-05 09:31:15.000,4887.0000,8458,0,46927280.000,0,-,-,-,-,4888.2000,4888.0000,4887.2000,4887.0000,4886.8000,4889.6000,4889.8000,4890.0000,4890.6000,4891.8000,2,1,2,15,2,1,2,2,1,1
SF,IC2001,2019-12-05 09:31:15.500,4887.0000,8458,0,46927280.000,0,-,-,-,-,4888.2000,4888.0000,4887.2000,4887.0000,4886.8000,4889.6000,4889.8000,4890.0000,4890.6000,4891.8000,2,1,2,11,1,1,2,2,1,1
SF,IC2001,2019-12-05 09:31:16.000,4887.0000,8458,0,46927280.000,0,-,-,-,-,4888.2000,4888.0000,4887.2000,4887.0000,4886.6000,4889.6000,4889.8000,4890.0000,4890.2000,4890.6000,2,1,1,4,2,1,2,2,1,1
SF,IC2001,2019-12-05 09:31:16.500,4887.0000,8458,0,46927280.000,0,-,-,-,-,4888.2000,4888.0000,4887.2000,4887.0000,4886.6000,4889.6000,4889.8000,4890.0000,4890.6000,4891.8000,2,1,1,2,2,1,2,2,1,1
SF,IC2001,2019-12-05 09:31:17.000,4887.0000,8458,0,46927280.000,0,-,-,-,-,4888.2000,4888.0000,4887.2000,4887.0000,4886.6000,4889.6000,4889.8000,4890.0000,4890.6000,4891.8000,2,1,1,3,2,1,2,2,1,1
SF,IC2001,2019-12-05 09:31:17.500,4887.0000,8458,0,46927280.000,0,-,-,-,-,4888.2000,4887.2000,4887.0000,4886.6000,4886.4000,4889.6000,4889.8000,4890.0000,4890.6000,4891.8000,2,1,3,2,1,1,2,2,1,1
SF,IC2001,2019-12-05 09:31:21.500,4887.0000,8458,0,46927280.000,0,-,-,-,-,4888.2000,4887.2000,4887.0000,4886.6000,4886.4000,4889.6000,4889.8000,4890.0000,4890.6000,4891.8000,2,2,3,2,1,1,2,2,1,1
SF,IC2001,2019-12-05 09:31:22.000,4887.0000,8458,0,46927280.000,0,-,-,-,-,4888.4000,4888.2000,4887.2000,4887.0000,4886.6000,4889.8000,4890.0000,4890.6000,4891.8000,4892.0000,1,2,2,2,2,2,2,1,1,1
SF,IC2001,2019-12-05 09:31:22.500,4887.0000,8458,0,46927280.000,0,-,-,-,-,4889.6000,4888.6000,4888.4000,4887.2000,4887.0000,4889.8000,4890.0000,4890.6000,4891.8000,4892.0000,1,2,1,1,1,2,2,1,1,1
SF,IC2001,2019-12-05 09:31:23.000,4889.6000,8455,-3,49861040.000,3,0,3,双平,S,4887.2000,4886.6000,4886.4000,4886.0000,4884.8000,4889.4000,4889.6000,4889.8000,4890.0000,4890.6000,1,2,1,4,1,1,2,4,2,1
SF,IC2001,2019-12-05 09:31:23.500,4889.6000,8455,0,49861040.000,0,-,-,-,-,4888.2000,4887.4000,4887.2000,4886.6000,4886.4000,4889.4000,4889.8000,4890.0000,4890.6000,4891.8000,1,1,1,2,1,1,2,2,1,1
SF,IC2001,2019-12-05 09:31:24.000,4889.6000,8455,0,49861040.000,0,-,-,-,-,4887.4000,4887.2000,4886.6000,4886.4000,4886.0000,4889.4000,4889.8000,4890.0000,4890.6000,4891.8000,1,1,2,1,4,1,2,2,1,1
SF,IC2001,2019-12-05 09:31:24.500,4889.4000,8455,0,50838920.000,1,0,1,多换,S,4887.4000,4887.2000,4886.6000,4886.4000,4886.0000,4889.8000,4890.0000,4890.6000,4891.8000,4892.0000,1,1,2,1,4,2,2,1,1,1
SF,IC2001,2019-12-05 09:31:25.000,4889.4000,8455,0,50838920.000,0,-,-,-,-,4887.4000,4887.2000,4886.4000,4886.0000,4884.8000,4889.8000,4890.0000,4890.6000,4891.8000,4892.0000,1,1,1,4,1,2,2,1,1,1
SF,IC2001,2019-12-05 09:31:25.500,4887.4000,8455,0,51816400.000,1,0,1,多换,S,4887.2000,4886.4000,4886.0000,4884.8000,4884.6000,4889.6000,4889.8000,4890.0000,4890.2000,4890.6000,1,1,4,1,6,1,2,2,1,1
SF,IC2001,2019-12-05 09:31:26.000,4887.4000,8455,0,51816400.000,0,-,-,-,-,4887.4000,4887.2000,4886.4000,4886.0000,4884.8000,4889.6000,4889.8000,4890.0000,4890.2000,4890.6000,1,1,1,4,1,1,2,2,1,1
SF,IC2001,2019-12-05 09:31:28.000,4887.4000,8454,-1,52793880.000,1,0,1,双平,S,4887.2000,4886.4000,4886.0000,4884.8000,4884.6000,4887.4000,4889.6000,4889.8000,4890.0000,4890.2000,1,1,4,1,6,1,1,2,2,1
SF,IC2001,2019-12-05 09:31:28.500,4887.4000,8453,-1,53771360.000,1,0,1,双平,S,4887.6000,4887.4000,4887.2000,4886.4000,4886.0000,4889.6000,4889.8000,4890.0000,4890.2000,4890.6000,1,7,1,1,4,1,2,2,1,1
SF,IC2001,2019-12-05 09:31:29.000,4887.4000,8453,0,53771360.000,0,-,-,-,-,4887.4000,4887.2000,4886.4000,4886.0000,4884.8000,4889.6000,4889.8000,4890.0000,4890.2000,4890.6000,6,2,1,3,1,2,2,2,1,1
SF,IC2001,2019-12-05 09:31:29.500,4887.4000,8453,0,53771360.000,0,-,-,-,-,4887.4000,4887.2000,4886.4000,4886.0000,4884.8000,4889.6000,4889.8000,4890.0000,4890.2000,4890.6000,5,2,1,3,1,2,2,2,1,1
SF,IC2001,2019-12-05 09:31:30.000,4887.4000,8453,0,53771360.000,0,-,-,-,-,4887.4000,4887.2000,4886.4000,4886.0000,4884.8000,4889.6000,4889.8000,4890.0000,4890.2000,4890.6000,3,2,1,3,1,2,2,2,1,1
SF,IC2001,2019-12-05 09:31:30.500,4887.4000,8453,0,53771360.000,0,-,-,-,-,4887.4000,4887.2000,4886.4000,4886.0000,4884.8000,4889.6000,4889.8000,4890.0000,4890.2000,4890.6000,2,2,1,3,1,2,2,2,1,1
SF,IC2001,2019-12-05 09:31:31.000,4887.4000,8453,0,53771360.000,0,-,-,-,-,4887.4000,4887.2000,4886.4000,4886.0000,4884.8000,4889.6000,4889.8000,4890.0000,4890.2000,4890.6000,2,2,1,3,1,2,2,2,1,1
SF,IC2001,2019-12-05 09:31:31.500,4887.4000,8453,0,53771360.000,0,-,-,-,-,4887.4000,4887.2000,4886.4000,4886.0000,4884.8000,4889.6000,4889.8000,4890.0000,4890.2000,4890.6000,2,2,1,3,1,2,2,2,1,1
SF,IC2001,2019-12-05 09:31:32.000,4887.4000,8453,0,53771360.000,0,-,-,-,-,4888.4000,4887.4000,4887.2000,4886.4000,4886.0000,4889.6000,4889.8000,4890.0000,4890.6000,4891.8000,1,2,2,1,3,2,2,2,1,1
SF,IC2001,2019-12-05 09:31:32.500,4887.4000,8453,0,53771360.000,0,-,-,-,-,4887.4000,4887.2000,4886.4000,4886.0000,4884.8000,4889.6000,4889.8000,4890.0000,4890.6000,4891.8000,2,2,1,3,1,2,2,2,1,1
SF,IC2001,2019-12-05 09:31:33.000,4887.4000,8453,0,53771360.000,0,-,-,-,-,4887.4000,4887.2000,4886.4000,4886.0000,4884.8000,4889.6000,4889.8000,4890.0000,4890.6000,4891.8000,2,2,1,3,1,2,2,2,2,1
SF,IC2001,2019-12-05 09:31:35.500,4887.4000,8453,0,53771360.000,0,-,-,-,-,4887.4000,4887.2000,4886.4000,4886.0000,4884.8000,4889.6000,4889.8000,4890.0000,4890.6000,4891.8000,2,1,1,3,1,2,2,2,2,1
SF,IC2001,2019-12-05 09:31:36.000,4887.4000,8453,0,53771360.000,0,-,-,-,-,4887.4000,4887.2000,4886.4000,4886.0000,4884.8000,4889.4000,4889.6000,4889.8000,4890.0000,4890.6000,2,1,1,3,1,1,2,2,2,2
SF,IC2001,2019-12-05 09:31:36.500,4887.4000,8452,-1,54748840.000,1,0,1,双平,S,4887.4000,4887.2000,4886.4000,4886.0000,4884.8000,4889.2000,4889.4000,4889.6000,4889.8000,4890.0000,1,1,1,3,1,1,1,1,2,2
SF,IC2001,2019-12-05 09:31:37.000,4887.4000,8452,0,54748840.000,0,-,-,-,-,4887.4000,4887.2000,4886.4000,4886.0000,4884.8000,4889.2000,4889.4000,4889.6000,4889.8000,4890.0000,1,1,1,3,1,1,1,1,2,2
SF,IC2001,2019-12-05 09:31:37.500,4887.4000,8452,0,54748840.000,0,-,-,-,-,4887.4000,4887.2000,4886.4000,4886.0000,4884.8000,4888.4000,4889.0000,4889.2000,4889.4000,4889.6000,1,1,1,3,1,1,1,1,1,1
SF,IC2001,2019-12-05 09:31:38.000,4887.2000,8450,-2,56703760.000,2,0,2,双平,S,4886.0000,4884.8000,4884.6000,4883.6000,4882.0000,4889.0000,4889.2000,4889.4000,4889.6000,4889.8000,2,1,6,1,10,2,1,1,1,2
SF,IC2001,2019-12-05 09:31:38.500,4887.2000,8450,0,56703760.000,0,-,-,-,-,4886.0000,4884.8000,4884.6000,4883.6000,4882.0000,4888.6000,4888.8000,4889.0000,4889.2000,4889.4000,2,1,6,1,10,3,3,2,1,1
SF,IC2001,2019-12-05 09:31:39.000,4888.8000,8450,0,65503200.000,9,4,5,多换,S,4886.0000,4884.8000,4884.6000,4883.6000,4882.0000,4888.8000,4889.0000,4889.2000,4889.6000,4889.8000,2,1,6,1,10,1,1,1,1,2
SF,IC2001,2019-12-05 09:31:39.500,4888.8000,8450,0,65503200.000,0,-,-,-,-,4886.0000,4884.8000,4884.6000,4883.6000,4882.0000,4887.2000,4887.4000,4888.0000,4888.2000,4888.4000,2,1,6,1,10,1,2,3,2,3
SF,IC2001,2019-12-05 09:31:40.000,4888.8000,8450,0,65503200.000,0,-,-,-,-,4887.4000,4886.0000,4884.8000,4884.6000,4883.6000,4888.0000,4888.2000,4888.4000,4888.6000,4888.8000,2,2,1,6,1,3,2,2,1,1
SF,IC2001,2019-12-05 09:31:40.500,4887.4000,8450,0,67458160.000,2,1,1,多换,S,4886.0000,4884.8000,4884.6000,4883.6000,4882.0000,4886.8000,4887.4000,4887.8000,4888.0000,4888.4000,2,1,6,1,10,1,2,1,3,2
SF,IC2001,2019-12-05 09:31:42.000,4887.4000,8450,0,67458160.000,0,-,-,-,-,4886.0000,4884.8000,4884.6000,4883.6000,4882.0000,4886.8000,4887.4000,4887.8000,4888.0000,4888.4000,2,1,6,1,10,1,2,1,1,3
SF,IC2001,2019-12-05 09:31:42.500,4887.4000,8450,0,67458160.000,0,-,-,-,-,4886.0000,4884.6000,4883.6000,4882.0000,4881.0000,4886.8000,4887.4000,4887.8000,4888.0000,4888.4000,2,6,2,10,1,1,2,1,2,3
SF,IC2001,2019-12-05 09:31:43.000,4886.0000,8450,0,69412560.000,2,1,1,多换,S,4884.6000,4883.6000,4882.0000,4881.0000,4880.0000,4886.8000,4887.4000,4887.8000,4888.0000,4888.4000,6,2,10,1,2,1,2,1,2,3
SF,IC2001,2019-12-05 09:31:43.500,4886.0000,8450,0,69412560.000,0,-,-,-,-,4885.0000,4884.8000,4884.6000,4883.6000,4882.0000,4886.6000,4886.8000,4887.4000,4888.0000,4888.4000,1,2,6,2,10,1,1,2,2,3
SF,IC2001,2019-12-05 09:31:44.000,4886.4000,8450,0,70389840.000,1,0,1,多换,S,4885.2000,4885.0000,4884.8000,4884.6000,4883.6000,4886.6000,4887.4000,4888.0000,4888.4000,4888.8000,1,1,1,6,2,1,2,2,3,1
SF,IC2001,2019-12-05 09:31:44.500,4886.4000,8450,0,70389840.000,0,-,-,-,-,4885.2000,4885.0000,4884.6000,4883.6000,4882.0000,4886.6000,4887.4000,4888.0000,4888.4000,4888.8000,1,1,6,2,10,1,2,2,3,1
SF,IC2001,2019-12-05 09:31:45.000,4886.4000,8450,0,70389840.000,0,-,-,-,-,4885.0000,4884.6000,4883.6000,4882.4000,4882.0000,4886.0000,4886.6000,4887.4000,4888.0000,4888.4000,1,6,1,1,10,1,1,2,2,3
SF,IC2001,2019-12-05 09:31:45.500,4886.4000,8450,0,70389840.000,0,-,-,-,-,4885.0000,4884.6000,4883.6000,4882.4000,4882.0000,4886.6000,4887.4000,4888.0000,4888.4000,4888.8000,1,6,1,1,10,1,2,2,3,1
SF,IC2001,2019-12-05 09:31:46.000,4886.4000,8450,0,70389840.000,0,-,-,-,-,4885.2000,4885.0000,4884.6000,4883.6000,4882.4000,4886.6000,4887.4000,4888.0000,4888.4000,4888.8000,1,1,6,1,1,1,2,2,3,1
SF,IC2001,2019-12-05 09:31:46.500,4886.4000,8450,0,70389840.000,0,-,-,-,-,4884.6000,4883.6000,4882.4000,4882.0000,4881.0000,4885.6000,4885.8000,4886.4000,4886.6000,4887.4000,6,1,1,10,1,1,2,1,1,2
SF,IC2001,2019-12-05 09:31:47.000,4886.4000,8450,0,70389840.000,0,-,-,-,-,4884.8000,4884.6000,4883.6000,4882.4000,4882.0000,4886.4000,4886.6000,4887.4000,4888.0000,4888.4000,1,6,1,1,10,2,2,2,2,2
SF,IC2001,2019-12-05 09:31:48.000,4886.4000,8450,0,70389840.000,0,-,-,-,-,4884.8000,4884.6000,4883.6000,4882.4000,4882.0000,4886.4000,4886.6000,4887.4000,4888.0000,4888.4000,1,6,1,1,10,2,2,2,2,2
SF,IC2001,2019-12-05 09:31:48.500,4886.4000,8450,0,70389840.000,0,-,-,-,-,4884.6000,4883.6000,4882.4000,4882.0000,4881.0000,4886.2000,4886.4000,4886.6000,4887.4000,4888.0000,6,1,1,10,1,1,2,1,2,2
SF,IC2001,2019-12-05 09:31:49.000,4886.4000,8450,0,70389840.000,0,-,-,-,-,4884.6000,4883.6000,4882.4000,4882.0000,4881.0000,4885.4000,4886.2000,4886.4000,4886.6000,4887.4000,6,1,1,10,1,1,1,2,1,2
SF,IC2001,2019-12-05 09:31:49.500,4886.4000,8450,0,70389840.000,0,-,-,-,-,4884.8000,4884.6000,4883.6000,4882.4000,4882.0000,4886.2000,4886.4000,4886.6000,4887.4000,4888.0000,1,6,1,1,10,1,2,1,2,2
SF,IC2001,2019-12-05 09:31:51.500,4886.4000,8450,0,70389840.000,0,-,-,-,-,4884.8000,4884.6000,4884.2000,4883.6000,4882.4000,4886.2000,4886.4000,4886.6000,4887.4000,4888.0000,1,6,1,1,1,1,2,1,2,2
SF,IC2001,2019-12-05 09:31:52.000,4886.4000,8450,0,70389840.000,0,-,-,-,-,4884.8000,4884.6000,4884.2000,4883.6000,4882.4000,4885.6000,4886.2000,4886.4000,4886.6000,4887.4000,1,6,1,1,1,1,1,2,1,2
SF,IC2001,2019-12-05 09:31:52.500,4886.4000,8450,0,70389840.000,0,-,-,-,-,4884.8000,4884.6000,4884.2000,4883.6000,4882.4000,4886.0000,4886.2000,4886.4000,4886.6000,4887.4000,1,6,1,1,1,1,1,2,1,2
SF,IC2001,2019-12-05 09:31:53.000,4886.4000,8450,0,70389840.000,0,-,-,-,-,4884.8000,4884.6000,4884.2000,4883.6000,4882.4000,4885.8000,4886.0000,4886.4000,4886.6000,4887.4000,1,6,1,1,1,1,1,2,1,2
SF,IC2001,2019-12-05 09:31:53.500,4886.4000,8450,0,70389840.000,0,-,-,-,-,4884.8000,4884.6000,4884.2000,4883.6000,4882.4000,4885.4000,4885.8000,4886.0000,4886.4000,4886.6000,1,6,1,1,1,1,1,1,2,1
SF,IC2001,2019-12-05 09:31:54.000,4885.4000,8449,-1,71366920.000,1,0,1,双平,S,4884.8000,4884.6000,4884.2000,4883.6000,4882.4000,4885.8000,4886.0000,4886.4000,4886.6000,4887.4000,1,6,1,1,1,1,1,2,1,2
SF,IC2001,2019-12-05 09:31:54.500,4885.4000,8449,0,71366920.000,0,-,-,-,-,4884.8000,4884.6000,4884.2000,4883.6000,4882.4000,4885.8000,4886.0000,4886.4000,4886.6000,4887.4000,1,6,1,1,1,1,1,2,1,2
SF,IC2001,2019-12-05 09:31:55.000,4885.4000,8449,0,71366920.000,0,-,-,-,-,4884.8000,4884.6000,4884.2000,4883.6000,4882.4000,4885.2000,4885.6000,4885.8000,4886.0000,4886.4000,1,6,1,1,1,2,1,1,1,1
SF,IC2001,2019-12-05 09:31:55.500,4884.8000,8449,0,72343880.000,1,0,1,多换,S,4884.6000,4884.2000,4883.6000,4882.4000,4882.0000,4885.0000,4885.6000,4886.0000,4886.4000,4886.6000,6,1,1,1,10,1,1,1,1,1
SF,IC2001,2019-12-05 09:31:56.000,4884.8000,8449,0,72343880.000,0,-,-,-,-,4884.6000,4884.2000,4883.6000,4882.0000,4881.2000,4885.0000,4885.6000,4886.0000,4886.4000,4886.6000,7,1,1,10,1,1,1,1,1,1
SF,IC2001,2019-12-05 09:31:56.500,4885.0000,8448,-1,73320880.000,1,0,1,双平,S,4884.6000,4884.2000,4883.6000,4882.0000,4881.2000,4885.6000,4886.0000,4886.6000,4888.0000,4888.4000,7,1,1,10,1,1,1,1,2,1
SF,IC2001,2019-12-05 09:31:57.000,4885.0000,8448,0,73320880.000,0,-,-,-,-,4884.6000,4884.2000,4883.6000,4882.0000,4881.2000,4885.4000,4885.6000,4886.0000,4886.6000,4888.0000,7,1,1,10,1,1,1,1,1,2
SF,IC2001,2019-12-05 09:31:57.500,4885.4000,8446,-2,75275040.000,2,0,2,双平,S,4884.6000,4884.2000,4883.6000,4882.0000,4881.2000,4885.6000,4886.0000,4886.6000,4888.0000,4888.4000,7,1,1,10,1,1,1,1,2,1
SF,IC2001,2019-12-05 09:31:58.000,4885.4000,8446,0,75275040.000,0,-,-,-,-,4884.8000,4884.6000,4884.2000,4883.6000,4882.0000,4886.0000,4886.6000,4888.0000,4888.4000,4888.8000,1,7,1,1,10,1,1,3,1,1
SF,IC2001,2019-12-05 09:31:58.500,4885.4000,8446,0,75275040.000,0,-,-,-,-,4884.6000,4884.2000,4883.6000,4882.0000,4881.2000,4886.0000,4886.6000,4888.0000,4888.4000,4888.8000,7,1,1,10,1,1,1,3,1,1
SF,IC2001,2019-12-05 09:31:59.000,4885.4000,8446,0,75275040.000,0,-,-,-,-,4884.6000,4884.2000,4883.6000,4882.0000,4881.2000,4885.8000,4886.0000,4886.6000,4888.0000,4888.4000,7,1,1,10,1,1,1,1,3,1
SF,IC2001,2019-12-05 09:31:59.500,4885.4000,8446,0,75275040.000,0,-,-,-,-,4884.6000,4884.2000,4883.6000,4882.0000,4881.2000,4884.8000,4885.8000,4886.0000,4886.6000,4888.0000,7,1,1,10,1,1,1,1,1,3
SF,IC2001,2019-12-05 09:32:00.000,4884.8000,8445,-1,76252000.000,1,0,1,双平,S,4884.6000,4884.2000,4883.6000,4882.0000,4881.2000,4886.0000,4886.6000,4887.0000,4888.0000,4888.4000,7,1,1,10,1,1,1,1,3,1
SF,IC2001,2019-12-05 09:32:00.500,4884.8000,8445,0,76252000.000,0,-,-,-,-,4885.0000,4884.8000,4884.6000,4884.2000,4883.6000,4886.0000,4886.6000,4887.0000,4888.0000,4888.4000,1,2,7,1,1,1,1,1,3,1
SF,IC2001,2019-12-05 09:32:01.000,4886.0000,8444,-1,77229200.000,1,0,1,双平,S,4885.2000,4885.0000,4884.6000,4884.2000,4883.6000,4886.6000,4887.0000,4888.0000,4888.4000,4888.8000,1,1,7,1,1,1,1,3,1,1
SF,IC2001,2019-12-05 09:32:01.500,4885.2000,8443,-1,78206240.000,1,0,1,双平,S,4885.0000,4884.6000,4884.2000,4883.6000,4882.4000,4886.6000,4887.0000,4888.0000,4888.4000,4888.8000,1,7,1,1,1,1,1,3,1,1
SF,IC2001,2019-12-05 09:32:02.000,4885.2000,8443,0,78206240.000,0,-,-,-,-,4885.2000,4885.0000,4884.6000,4884.2000,4883.6000,4886.6000,4887.0000,4888.0000,4888.4000,4888.8000,1,1,7,1,1,1,1,3,1,1
SF,IC2001,2019-12-05 09:32:02.500,4885.2000,8443,0,78206240.000,0,-,-,-,-,4885.2000,4885.0000,4884.6000,4884.2000,4883.6000,4886.6000,4887.0000,4888.0000,4888.4000,4888.8000,1,1,7,1,1,1,1,3,1,1
SF,IC2001,2019-12-05 09:32:03.000,4886.6000,8442,-1,79183560.000,1,0,1,双平,S,4885.2000,4885.0000,4884.6000,4884.2000,4883.6000,4887.0000,4888.0000,4888.4000,4888.8000,4889.2000,1,1,7,1,1,1,3,1,1,1
SF,IC2001,2019-12-05 09:32:03.500,4886.6000,8442,0,79183560.000,0,-,-,-,-,4885.4000,4885.2000,4885.0000,4884.6000,4884.2000,4887.0000,4888.0000,4888.4000,4888.8000,4889.2000,1,1,1,8,1,1,3,1,1,1
SF,IC2001,2019-12-05 09:32:04.000,4886.6000,8442,0,79183560.000,0,-,-,-,-,4885.6000,4885.4000,4885.0000,4884.6000,4884.2000,4887.0000,4888.0000,4888.4000,4888.8000,4889.2000,1,1,1,8,1,1,3,1,1,1
SF,IC2001,2019-12-05 09:32:04.500,4886.6000,8442,0,79183560.000,0,-,-,-,-,4885.6000,4885.4000,4884.6000,4884.2000,4883.6000,4886.8000,4887.0000,4888.0000,4888.4000,4888.8000,1,1,8,1,1,1,1,3,1,1
SF,IC2001,2019-12-05 09:32:05.000,4886.6000,8442,0,79183560.000,0,-,-,-,-,4885.6000,4885.4000,4884.6000,4884.2000,4883.6000,4887.0000,4888.0000,4888.4000,4888.8000,4889.2000,1,1,8,1,1,1,3,1,1,1
SF,IC2001,2019-12-05 09:32:07.000,4886.6000,8442,0,79183560.000,0,-,-,-,-,4885.6000,4885.4000,4884.6000,4884.2000,4883.6000,4887.0000,4888.0000,4888.4000,4888.8000,4889.2000,1,1,8,1,1,1,4,1,1,1
SF,IC2001,2019-12-05 09:32:07.500,4886.6000,8442,0,79183560.000,0,-,-,-,-,4885.4000,4884.6000,4884.2000,4883.6000,4882.4000,4886.8000,4887.0000,4888.0000,4888.4000,4888.8000,1,8,1,1,1,1,1,4,1,1
SF,IC2001,2019-12-05 09:32:08.000,4885.4000,8441,-1,80160640.000,1,0,1,双平,S,4884.6000,4884.2000,4883.6000,4882.4000,4882.0000,4886.8000,4887.0000,4888.0000,4888.4000,4888.8000,8,1,1,1,10,1,1,4,1,1
SF,IC2001,2019-12-05 09:32:08.500,4885.4000,8441,0,80160640.000,0,-,-,-,-,4884.6000,4884.2000,4883.6000,4882.4000,4882.0000,4886.6000,4886.8000,4887.0000,4888.0000,4888.4000,8,1,1,1,10,2,1,1,4,1
SF,IC2001,2019-12-05 09:32:09.000,4885.4000,8441,0,80160640.000,0,-,-,-,-,4884.6000,4884.2000,4883.6000,4882.4000,4882.0000,4886.4000,4886.6000,4887.0000,4888.0000,4888.4000,7,1,1,1,10,3,2,1,3,1
SF,IC2001,2019-12-05 09:32:09.500,4885.4000,8441,0,80160640.000,0,-,-,-,-,4884.6000,4884.2000,4883.6000,4882.4000,4882.0000,4885.4000,4886.4000,4886.6000,4886.8000,4887.0000,7,1,1,1,10,2,3,2,1,1
SF,IC2001,2019-12-05 09:32:10.000,4885.4000,8441,0,80160640.000,0,-,-,-,-,4884.6000,4884.2000,4883.6000,4882.4000,4882.0000,4886.4000,4886.6000,4886.8000,4887.0000,4888.0000,7,1,1,1,10,3,1,1,1,3
SF,IC2001,2019-12-05 09:32:10.500,4885.4000,8441,0,80160640.000,0,-,-,-,-,4884.8000,4884.6000,4884.2000,4883.6000,4882.4000,4886.4000,4886.6000,4886.8000,4887.0000,4888.0000,1,7,1,1,1,3,1,1,1,3
SF,IC2001,2019-12-05 09:32:11.000,4885.4000,8441,0,80160640.000,0,-,-,-,-,4884.6000,4884.2000,4883.6000,4882.4000,4882.0000,4886.4000,4886.6000,4886.8000,4887.0000,4888.0000,7,1,1,1,10,1,1,1,1,3
SF,IC2001,2019-12-05 09:32:12.000,4885.4000,8441,0,80160640.000,0,-,-,-,-,4884.6000,4884.2000,4883.8000,4883.6000,4882.4000,4886.4000,4886.6000,4886.8000,4887.0000,4888.0000,7,1,1,1,1,1,1,1,1,3
SF,IC2001,2019-12-05 09:32:12.500,4885.4000,8441,0,80160640.000,0,-,-,-,-,4884.6000,4884.2000,4883.8000,4883.6000,4882.4000,4886.4000,4886.6000,4886.8000,4887.0000,4888.0000,9,1,1,1,1,1,1,1,1,3
SF,IC2001,2019-12-05 09:32:13.000,4885.4000,8441,0,80160640.000,0,-,-,-,-,4884.8000,4884.6000,4884.2000,4883.8000,4883.6000,4886.4000,4886.6000,4886.8000,4887.0000,4888.0000,1,9,1,1,1,1,1,1,2,2
SF,IC2001,2019-12-05 09:32:13.500,4885.4000,8441,0,80160640.000,0,-,-,-,-,4884.6000,4884.2000,4883.8000,4883.6000,4882.4000,4886.4000,4886.6000,4886.8000,4887.0000,4888.0000,9,1,1,1,1,1,2,1,2,2
SF,IC2001,2019-12-05 09:32:14.000,4885.4000,8441,0,80160640.000,0,-,-,-,-,4884.8000,4884.6000,4884.2000,4883.8000,4883.6000,4885.6000,4886.2000,4886.4000,4886.6000,4886.8000,1,9,1,1,1,2,1,1,2,1
SF,IC2001,2019-12-05 09:32:14.500,4886.4000,8441,0,81137920.000,1,0,1,多换,S,4886.4000,4884.8000,4884.6000,4884.2000,4883.8000,4886.6000,4886.8000,4887.0000,4888.0000,4888.4000,1,1,9,1,1,2,1,2,2,1
SF,IC2001,2019-12-05 09:32:15.000,4886.4000,8441,0,82115200.000,1,0,1,多换,S,4884.6000,4884.2000,4883.8000,4883.6000,4882.4000,4886.2000,4886.4000,4886.6000,4886.8000,4887.0000,9,1,1,1,1,1,2,4,1,2
SF,IC2001,2019-12-05 09:32:15.500,4886.4000,8440,-1,83092480.000,1,0,1,双平,S,4884.8000,4884.6000,4884.2000,4883.6000,4882.4000,4886.4000,4886.6000,4886.8000,4887.0000,4888.0000,1,9,1,1,1,2,2,1,2,2
SF,IC2001,2019-12-05 09:32:16.500,4886.4000,8440,0,83092480.000,0,-,-,-,-,4884.8000,4884.6000,4884.2000,4883.6000,4882.4000,4886.2000,4886.4000,4886.6000,4886.8000,4887.0000,1,9,1,1,1,1,2,2,1,2
SF,IC2001,2019-12-05 09:32:17.000,4886.4000,8440,0,83092480.000,0,-,-,-,-,4884.8000,4884.6000,4884.2000,4883.6000,4882.4000,4886.4000,4886.6000,4886.8000,4887.0000,4888.0000,1,9,1,1,1,2,2,1,2,2
SF,IC2001,2019-12-05 09:32:18.500,4886.4000,8440,0,83092480.000,0,-,-,-,-,4884.8000,4884.6000,4884.2000,4883.6000,4882.4000,4886.2000,4886.4000,4886.6000,4886.8000,4887.0000,1,9,1,1,1,1,2,2,1,1
SF,IC2001,2019-12-05 09:32:19.000,4886.4000,8440,0,83092480.000,0,-,-,-,-,4884.8000,4884.6000,4884.2000,4883.6000,4882.4000,4885.6000,4886.0000,4886.2000,4886.4000,4886.6000,1,9,1,1,1,2,1,1,2,2
SF,IC2001,2019-12-05 09:32:19.500,4886.4000,8440,0,83092480.000,0,-,-,-,-,4884.8000,4884.6000,4884.2000,4883.6000,4882.4000,4886.0000,4886.4000,4886.6000,4886.8000,4887.0000,1,9,1,1,1,1,2,2,1,1
SF,IC2001,2019-12-05 09:32:22.500,4886.4000,8440,0,83092480.000,0,-,-,-,-,4884.8000,4884.6000,4884.2000,4883.6000,4882.4000,4886.0000,4886.4000,4886.6000,4886.8000,4887.0000,1,9,1,1,1,1,1,2,1,1
SF,IC2001,2019-12-05 09:32:23.000,4886.4000,8440,0,83092480.000,0,-,-,-,-,4884.8000,4884.6000,4884.2000,4883.6000,4882.4000,4886.0000,4886.4000,4886.6000,4886.8000,4887.0000,1,9,1,1,1,1,1,2,1,3
SF,IC2001,2019-12-05 09:32:24.000,4886.0000,8440,0,84069680.000,1,0,1,多换,S,4884.8000,4884.6000,4884.2000,4883.6000,4882.4000,4886.4000,4886.6000,4886.8000,4887.0000,4888.0000,1,9,1,1,1,1,2,1,3,1
SF,IC2001,2019-12-05 09:32:24.500,4886.0000,8440,0,84069680.000,0,-,-,-,-,4884.8000,4884.6000,4884.2000,4883.6000,4882.4000,4886.2000,4886.4000,4886.6000,4886.8000,4887.0000,1,9,1,1,1,1,1,2,1,3
SF,IC2001,2019-12-05 09:32:25.000,4886.0000,8440,0,84069680.000,0,-,-,-,-,4884.8000,4884.6000,4884.2000,4883.6000,4882.4000,4886.4000,4886.6000,4886.8000,4887.0000,4888.0000,1,9,1,1,1,1,2,1,3,1
SF,IC2001,2019-12-05 09:32:25.500,4886.0000,8440,0,84069680.000,0,-,-,-,-,4884.8000,4884.6000,4884.2000,4883.6000,4882.4000,4886.4000,4886.6000,4886.8000,4887.0000,4888.0000,1,8,1,1,1,1,2,1,3,1
SF,IC2001,2019-12-05 09:32:26.000,4886.0000,8440,0,84069680.000,0,-,-,-,-,4884.8000,4884.6000,4884.2000,4883.6000,4882.4000,4886.2000,4886.4000,4886.6000,4886.8000,4887.0000,2,8,2,1,1,1,1,2,1,3
SF,IC2001,2019-12-05 09:32:26.500,4886.0000,8440,0,84069680.000,0,-,-,-,-,4884.8000,4884.6000,4884.2000,4883.6000,4882.4000,4885.6000,4886.2000,4886.4000,4886.6000,4886.8000,2,8,2,1,1,2,2,1,2,1
SF,IC2001,2019-12-05 09:32:27.000,4886.0000,8440,0,84069680.000,0,-,-,-,-,4884.8000,4884.6000,4884.2000,4883.6000,4882.4000,4886.2000,4886.4000,4886.6000,4886.8000,4887.0000,2,8,2,1,1,2,1,2,1,3
SF,IC2001,2019-12-05 09:32:28.000,4886.0000,8440,0,84069680.000,0,-,-,-,-,4884.8000,4884.6000,4884.2000,4883.6000,4882.4000,4886.2000,4886.4000,4886.6000,4886.8000,4887.0000,2,8,2,1,1,1,1,3,1,3
SF,IC2001,2019-12-05 09:32:28.500,4886.0000,8440,0,84069680.000,0,-,-,-,-,4884.8000,4884.6000,4884.2000,4883.6000,4882.4000,4886.2000,4886.4000,4886.6000,4886.8000,4887.0000,2,8,2,1,1,1,1,3,1,3
SF,IC2001,2019-12-05 09:32:29.000,4886.0000,8440,0,84069680.000,0,-,-,-,-,4884.8000,4884.6000,4884.2000,4883.6000,4882.4000,4886.4000,4886.6000,4886.8000,4887.0000,4888.0000,2,8,2,1,1,1,3,1,3,1
SF,IC2001,2019-12-05 09:32:30.000,4886.0000,8440,0,84069680.000,0,-,-,-,-,4884.8000,4884.6000,4884.2000,4883.6000,4882.4000,4886.4000,4886.6000,4886.8000,4887.0000,4888.0000,2,8,2,1,1,1,2,1,3,1
SF,IC2001,2019-12-05 09:32:30.500,4886.0000,8440,0,84069680.000,0,-,-,-,-,4884.8000,4884.6000,4884.2000,4883.6000,4882.4000,4886.6000,4887.0000,4888.0000,4888.4000,4888.8000,2,8,2,2,1,2,3,1,1,1
SF,IC2001,2019-12-05 09:32:31.500,4886.0000,8440,0,84069680.000,0,-,-,-,-,4886.2000,4884.8000,4884.6000,4884.2000,4883.6000,4886.6000,4887.0000,4888.0000,4888.4000,4888.8000,1,2,8,2,2,2,3,1,1,1
SF,IC2001,2019-12-05 09:32:32.500,4886.2000,8439,-1,85046920.000,1,0,1,双平,S,4884.8000,4884.6000,4884.2000,4883.6000,4882.4000,4886.2000,4886.6000,4887.0000,4888.0000,4888.4000,2,8,2,2,1,2,2,3,1,1
SF,IC2001,2019-12-05 09:32:33.500,4886.2000,8439,0,85046920.000,0,-,-,-,-,4885.0000,4884.8000,4884.6000,4884.2000,4883.6000,4886.2000,4886.6000,4887.0000,4888.0000,4888.4000,1,2,8,2,2,2,2,3,1,1
SF,IC2001,2019-12-05 09:32:34.000,4886.2000,8439,0,85046920.000,0,-,-,-,-,4885.2000,4885.0000,4884.8000,4884.6000,4884.2000,4886.2000,4886.6000,4887.0000,4888.0000,4888.4000,1,1,1,8,2,1,2,3,1,1
SF,IC2001,2019-12-05 09:32:39.500,4886.2000,8439,0,85046920.000,0,-,-,-,-,4885.2000,4885.0000,4884.8000,4884.6000,4884.2000,4886.2000,4886.6000,4887.0000,4888.0000,4888.4000,1,1,1,8,2,1,2,3,1,1
SF,IC2001,2019-12-05 09:32:40.000,4886.2000,8439,0,85046920.000,0,-,-,-,-,4885.2000,4885.0000,4884.8000,4884.6000,4884.2000,4886.6000,4887.0000,4888.0000,4888.4000,4888.8000,3,1,1,8,2,2,3,1,1,1
SF,IC2001,2019-12-05 09:32:40.500,4886.2000,8439,0,85046920.000,0,-,-,-,-,4885.2000,4885.0000,4884.8000,4884.6000,4884.2000,4886.6000,4887.0000,4888.0000,4888.4000,4888.8000,3,1,1,8,2,2,3,1,1,1
SF,IC2001,2019-12-05 09:32:43.000,4886.2000,8439,0,85046920.000,0,-,-,-,-,4885.2000,4885.0000,4884.8000,4884.6000,4884.2000,4886.4000,4886.6000,4887.0000,4888.0000,4888.4000,3,1,1,8,2,1,2,3,1,1
SF,IC2001,2019-12-05 09:32:43.500,4886.2000,8439,0,85046920.000,0,-,-,-,-,4885.2000,4885.0000,4884.8000,4884.6000,4884.2000,4886.6000,4887.0000,4888.0000,4888.4000,4888.8000,3,1,1,8,2,2,3,1,1,1
SF,IC2001,2019-12-05 09:32:44.000,4886.2000,8439,0,85046920.000,0,-,-,-,-,4885.2000,4885.0000,4884.8000,4884.6000,4884.2000,4886.4000,4886.6000,4887.0000,4888.0000,4888.4000,2,1,1,8,2,1,2,3,1,1
SF,IC2001,2019-12-05 09:32:44.500,4886.2000,8439,0,85046920.000,0,-,-,-,-,4885.2000,4885.0000,4884.8000,4884.6000,4884.2000,4885.8000,4886.4000,4886.6000,4887.0000,4888.0000,2,1,1,8,2,2,2,2,3,2
SF,IC2001,2019-12-05 09:32:45.000,4886.2000,8439,0,85046920.000,0,-,-,-,-,4885.2000,4885.0000,4884.8000,4884.6000,4884.2000,4886.4000,4886.6000,4887.0000,4888.0000,4888.4000,2,1,1,8,2,1,2,3,2,1
SF,IC2001,2019-12-05 09:32:46.000,4886.2000,8439,0,85046920.000,0,-,-,-,-,4885.2000,4885.0000,4884.8000,4884.6000,4884.2000,4886.2000,4886.4000,4886.6000,4887.0000,4888.0000,2,1,1,8,2,2,1,2,3,2
SF,IC2001,2019-12-05 09:32:46.500,4886.2000,8439,0,85046920.000,0,-,-,-,-,4885.2000,4885.0000,4884.8000,4884.6000,4884.2000,4885.6000,4886.2000,4886.4000,4886.6000,4887.0000,3,1,1,8,2,2,2,1,2,3
SF,IC2001,2019-12-05 09:32:47.000,4885.6000,8437,-2,87001160.000,2,0,2,双平,S,4885.2000,4885.0000,4884.8000,4884.6000,4884.2000,4886.2000,4886.4000,4886.6000,4887.0000,4888.0000,3,2,1,8,1,2,1,2,3,2
SF,IC2001,2019-12-05 09:32:48.000,4885.6000,8437,0,87001160.000,0,-,-,-,-,4885.2000,4885.0000,4884.8000,4884.6000,4884.2000,4886.2000,4886.4000,4886.6000,4887.0000,4888.0000,3,2,1,8,1,2,1,3,3,2
SF,IC2001,2019-12-05 09:32:48.500,4885.6000,8437,0,87001160.000,0,-,-,-,-,4885.2000,4885.0000,4884.8000,4884.6000,4884.2000,4886.2000,4886.4000,4886.6000,4887.0000,4888.0000,3,2,1,8,1,1,1,3,3,2
SF,IC2001,2019-12-05 09:32:49.000,4885.6000,8437,0,87001160.000,0,-,-,-,-,4885.2000,4885.0000,4884.8000,4884.6000,4884.2000,4885.8000,4886.2000,4886.4000,4886.6000,4887.0000,3,2,1,8,1,1,1,1,3,3
SF,IC2001,2019-12-05 09:32:49.500,4885.2000,8437,0,87978200.000,1,0,1,多换,S,4885.2000,4885.0000,4884.8000,4884.6000,4884.2000,4886.0000,4886.2000,4886.4000,4886.6000,4887.0000,2,2,1,8,1,1,1,1,3,3
SF,IC2001,2019-12-05 09:32:50.000,4885.2000,8437,0,87978200.000,0,-,-,-,-,4885.2000,4885.0000,4884.8000,4884.6000,4884.2000,4886.0000,4886.2000,4886.6000,4887.0000,4888.0000,2,2,1,8,1,1,1,3,3,2
SF,IC2001,2019-12-05 09:32:50.500,4885.2000,8437,0,87978200.000,0,-,-,-,-,4885.2000,4885.0000,4884.8000,4884.6000,4884.2000,4886.2000,4886.6000,4887.0000,4888.0000,4888.4000,2,2,1,8,1,1,3,3,2,1
SF,IC2001,2019-12-05 09:32:51.000,4885.2000,8437,0,87978200.000,0,-,-,-,-,4885.2000,4885.0000,4884.8000,4884.6000,4884.2000,4885.8000,4886.2000,4886.6000,4887.0000,4888.0000,2,2,1,8,1,1,1,3,3,2
SF,IC2001,2019-12-05 09:32:51.500,4885.2000,8437,0,87978200.000,0,-,-,-,-,4885.2000,4885.0000,4884.8000,4884.6000,4884.2000,4886.2000,4886.6000,4887.0000,4888.0000,4888.4000,2,2,1,8,1,1,3,3,2,1
SF,IC2001,2019-12-05 09:32:52.000,4885.2000,8437,0,88955240.000,1,0,1,多换,S,4885.2000,4885.0000,4884.8000,4884.6000,4884.2000,4886.6000,4887.0000,4888.0000,4888.4000,4888.8000,1,2,1,8,1,3,3,2,1,1
SF,IC2001,2019-12-05 09:32:52.500,4885.2000,8436,-1,89932280.000,1,0,1,双平,S,4885.0000,4884.8000,4884.6000,4884.2000,4884.0000,4885.4000,4886.0000,4886.4000,4886.6000,4887.0000,2,1,8,1,1,1,5,2,3,3
SF,IC2001,2019-12-05 09:32:53.000,4885.2000,8436,0,89932280.000,0,-,-,-,-,4885.0000,4884.8000,4884.6000,4884.2000,4884.0000,4886.4000,4886.6000,4887.0000,4888.0000,4888.4000,2,1,8,1,1,1,3,3,2,1
SF,IC2001,2019-12-05 09:32:53.500,4885.2000,8436,0,89932280.000,0,-,-,-,-,4885.0000,4884.8000,4884.6000,4884.2000,4884.0000,4886.2000,4886.4000,4886.6000,4887.0000,4888.0000,2,1,8,1,1,1,1,3,3,2
SF,IC2001,2019-12-05 09:32:54.000,4885.2000,8436,0,89932280.000,0,-,-,-,-,4885.2000,4885.0000,4884.8000,4884.6000,4884.2000,4885.4000,4886.2000,4886.4000,4886.6000,4887.0000,1,2,1,8,1,1,2,1,3,3
SF,IC2001,2019-12-05 09:32:54.500,4885.2000,8435,-1,90909320.000,1,0,1,双平,S,4885.0000,4884.8000,4884.6000,4884.2000,4884.0000,4885.4000,4886.2000,4886.4000,4886.6000,4887.0000,2,1,8,1,1,1,2,1,3,3
SF,IC2001,2019-12-05 09:32:55.000,4884.8000,8435,0,93840280.000,3,1,2,多换,S,4884.6000,4884.2000,4884.0000,4883.6000,4883.0000,4886.2000,4886.4000,4886.6000,4887.0000,4888.0000,8,1,1,1,1,2,1,3,3,2
SF,IC2001,2019-12-05 09:32:55.500,4884.8000,8435,0,93840280.000,0,-,-,-,-,4884.6000,4884.2000,4884.0000,4883.6000,4883.0000,4884.8000,4885.8000,4886.0000,4886.2000,4886.4000,8,1,1,1,1,1,3,2,2,1
SF,IC2001,2019-12-05 09:32:56.000,4884.6000,8435,0,98724880.000,5,2,3,多换,S,4884.6000,4884.2000,4884.0000,4883.6000,4883.0000,4884.8000,4885.8000,4886.0000,4886.2000,4886.4000,3,1,1,1,1,2,3,2,2,1
SF,IC2001,2019-12-05 09:32:56.500,4884.6000,8435,0,101655640.000,3,1,2,多换,S,4884.2000,4884.0000,4883.6000,4883.0000,4882.4000,4884.6000,4884.8000,4885.8000,4886.0000,4886.2000,1,1,1,1,1,1,2,3,2,2
SF,IC2001,2019-12-05 09:32:57.000,4884.6000,8435,0,101655640.000,0,-,-,-,-,4884.2000,4884.0000,4883.6000,4883.0000,4882.4000,4884.4000,4884.6000,4885.8000,4886.0000,4886.2000,1,1,1,1,1,1,1,3,2,2
SF,IC2001,2019-12-05 09:32:57.500,4884.2000,8434,-1,102632480.000,1,0,1,双平,S,4884.0000,4883.6000,4883.0000,4882.4000,4882.0000,4884.4000,4884.6000,4885.8000,4886.0000,4886.2000,1,1,1,1,10,1,1,3,2,2
SF,IC2001,2019-12-05 09:32:58.000,4884.2000,8434,0,102632480.000,0,-,-,-,-,4884.0000,4883.6000,4883.0000,4882.0000,4881.2000,4884.4000,4884.6000,4885.8000,4886.0000,4886.2000,1,1,1,10,1,1,2,3,2,2
SF,IC2001,2019-12-05 09:32:59.500,4884.4000,8433,-1,103609360.000,1,0,1,双平,S,4884.0000,4883.6000,4883.0000,4882.0000,4881.2000,4884.6000,4885.8000,4886.0000,4886.2000,4886.4000,1,1,1,10,1,2,3,2,2,1
SF,IC2001,2019-12-05 09:33:00.500,4884.6000,8431,-2,105563200.000,2,0,2,双平,S,4884.0000,4883.6000,4883.0000,4882.0000,4881.2000,4885.8000,4886.0000,4886.2000,4886.4000,4886.6000,1,1,1,10,1,3,2,2,1,3
SF,IC2001,2019-12-05 09:33:01.000,4884.0000,8431,0,106540000.000,1,0,1,多换,S,4883.6000,4883.0000,4882.0000,4881.2000,4881.0000,4884.8000,4885.6000,4885.8000,4886.0000,4886.2000,1,1,10,1,2,1,3,3,2,1
SF,IC2001,2019-12-05 09:33:01.500,4884.0000,8431,0,106540000.000,0,-,-,-,-,4883.6000,4883.0000,4882.0000,4881.2000,4881.0000,4885.6000,4885.8000,4886.0000,4886.6000,4887.0000,1,1,10,1,2,4,3,2,3,3
SF,IC2001,2019-12-05 09:33:02.000,4884.0000,8431,0,106540000.000,0,-,-,-,-,4883.8000,4883.6000,4883.0000,4882.0000,4881.2000,4885.6000,4885.8000,4886.0000,4886.6000,4887.0000,1,1,1,10,1,1,3,2,3,3
SF,IC2001,2019-12-05 09:33:03.000,4884.0000,8431,0,106540000.000,0,-,-,-,-,4883.8000,4883.6000,4883.0000,4882.0000,4881.2000,4886.0000,4886.6000,4887.0000,4888.0000,4888.4000,1,1,1,10,1,2,3,3,2,1
SF,IC2001,2019-12-05 09:33:04.000,4884.0000,8431,0,106540000.000,0,-,-,-,-,4883.8000,4883.6000,4883.0000,4882.4000,4882.0000,4886.0000,4886.6000,4887.0000,4888.0000,4888.4000,1,1,1,1,10,2,3,3,2,1
SF,IC2001,2019-12-05 09:33:04.500,4884.0000,8431,0,106540000.000,0,-,-,-,-,4883.8000,4883.6000,4883.0000,4882.4000,4882.0000,4886.6000,4887.0000,4888.0000,4888.4000,4889.2000,1,1,1,1,10,3,3,2,1,1
SF,IC2001,2019-12-05 09:33:05.000,4884.0000,8431,0,106540000.000,0,-,-,-,-,4884.2000,4883.8000,4883.6000,4883.0000,4882.4000,4886.4000,4886.6000,4887.0000,4888.0000,4888.4000,1,1,1,1,1,1,3,3,2,1
SF,IC2001,2019-12-05 09:33:05.500,4884.0000,8431,0,106540000.000,0,-,-,-,-,4884.4000,4884.2000,4883.6000,4883.0000,4882.4000,4886.4000,4886.6000,4887.0000,4888.0000,4888.4000,1,1,1,1,1,2,3,3,2,1
SF,IC2001,2019-12-05 09:33:07.000,4886.4000,8430,-1,107517280.000,1,0,1,双平,S,4884.6000,4884.4000,4884.2000,4883.6000,4883.0000,4886.6000,4887.0000,4888.0000,4888.4000,4889.2000,1,1,1,1,1,2,3,2,1,1
SF,IC2001,2019-12-05 09:33:07.500,4886.6000,8430,0,109471920.000,2,1,1,多换,S,4884.8000,4884.6000,4884.2000,4883.6000,4883.0000,4887.0000,4888.0000,4888.4000,4889.2000,4889.8000,1,1,1,1,1,3,2,1,1,2
SF,IC2001,2019-12-05 09:33:08.000,4885.0000,8430,0,110448920.000,1,0,1,多换,S,4884.8000,4883.6000,4883.0000,4882.4000,4882.0000,4887.0000,4888.0000,4888.4000,4889.2000,4889.8000,1,2,1,1,10,2,2,1,1,2
SF,IC2001,2019-12-05 09:33:08.500,4887.0000,8428,-2,112403720.000,2,0,2,双平,S,4885.8000,4885.0000,4884.8000,4883.8000,4883.6000,4888.0000,4888.4000,4889.2000,4889.8000,4890.0000,1,2,1,1,2,1,1,1,2,1
SF,IC2001,2019-12-05 09:33:09.000,4887.0000,8428,0,112403720.000,0,-,-,-,-,4885.0000,4883.8000,4883.6000,4883.0000,4882.4000,4887.8000,4888.0000,4888.4000,4889.2000,4889.8000,2,1,2,1,1,1,1,1,1,2
SF,IC2001,2019-12-05 09:33:09.500,4887.0000,8428,0,112403720.000,0,-,-,-,-,4885.2000,4885.0000,4883.8000,4883.6000,4883.0000,4887.8000,4888.0000,4888.4000,4889.2000,4889.8000,1,2,1,2,1,1,1,1,1,2
SF,IC2001,2019-12-05 09:33:10.500,4887.0000,8428,0,112403720.000,0,-,-,-,-,4885.2000,4885.0000,4883.8000,4883.6000,4883.0000,4887.6000,4887.8000,4888.0000,4888.4000,4889.2000,1,2,1,2,1,1,1,1,1,1
SF,IC2001,2019-12-05 09:33:11.000,4887.4000,8427,-1,113381200.000,1,0,1,双平,S,4885.2000,4885.0000,4883.8000,4883.6000,4883.0000,4887.4000,4887.6000,4888.0000,4888.4000,4889.2000,1,2,1,2,1,4,1,2,1,1
SF,IC2001,2019-12-05 09:33:12.000,4887.4000,8427,0,113381200.000,0,-,-,-,-,4885.2000,4885.0000,4883.8000,4883.6000,4883.0000,4887.4000,4887.6000,4888.0000,4888.4000,4889.2000,1,2,1,2,1,1,1,2,1,1
SF,IC2001,2019-12-05 09:33:12.500,4887.4000,8427,0,113381200.000,0,-,-,-,-,4885.2000,4885.0000,4883.8000,4883.6000,4883.0000,4887.4000,4887.6000,4888.0000,4888.4000,4889.2000,1,1,1,2,1,1,1,2,1,1
SF,IC2001,2019-12-05 09:33:13.000,4887.4000,8427,0,113381200.000,0,-,-,-,-,4885.0000,4883.8000,4883.6000,4883.0000,4882.4000,4887.2000,4887.4000,4888.0000,4888.4000,4889.2000,1,1,2,1,1,1,2,2,1,1
SF,IC2001,2019-12-05 09:33:13.500,4887.4000,8427,0,113381200.000,0,-,-,-,-,4885.2000,4885.0000,4883.8000,4883.6000,4883.0000,4887.0000,4887.2000,4887.4000,4888.0000,4888.4000,1,1,1,2,1,1,1,1,2,1
SF,IC2001,2019-12-05 09:33:14.000,4887.4000,8427,0,113381200.000,0,-,-,-,-,4883.8000,4883.6000,4883.0000,4882.4000,4882.0000,4886.2000,4887.0000,4887.2000,4887.4000,4888.0000,1,2,1,1,10,1,1,1,1,2
SF,IC2001,2019-12-05 09:33:14.500,4887.4000,8427,0,113381200.000,0,-,-,-,-,4884.2000,4884.0000,4883.8000,4883.6000,4883.0000,4887.0000,4887.4000,4888.0000,4888.4000,4889.2000,1,2,1,2,1,1,1,2,1,1
SF,IC2001,2019-12-05 09:33:15.000,4887.4000,8427,0,113381200.000,0,-,-,-,-,4884.4000,4884.2000,4884.0000,4883.8000,4883.6000,4887.0000,4887.4000,4888.0000,4888.4000,4889.2000,1,1,1,1,2,1,1,2,1,1
SF,IC2001,2019-12-05 09:33:15.500,4887.4000,8427,0,113381200.000,0,-,-,-,-,4884.4000,4884.2000,4884.0000,4883.8000,4883.6000,4886.8000,4887.0000,4887.4000,4888.0000,4888.4000,1,1,1,1,2,1,1,1,2,1
SF,IC2001,2019-12-05 09:33:16.000,4887.0000,8426,-1,114358600.000,1,0,1,双平,S,4884.4000,4884.2000,4884.0000,4883.8000,4883.6000,4886.8000,4887.4000,4888.0000,4888.4000,4889.2000,2,1,1,1,2,1,1,2,1,1
SF,IC2001,2019-12-05 09:33:16.500,4887.0000,8426,0,114358600.000,0,-,-,-,-,4884.4000,4884.2000,4884.0000,4883.8000,4883.6000,4886.6000,4886.8000,4888.0000,4888.4000,4889.2000,2,1,1,1,2,1,1,2,1,1
SF,IC2001,2019-12-05 09:33:18.000,4887.0000,8426,0,114358600.000,0,-,-,-,-,4884.8000,4884.6000,4884.4000,4884.2000,4884.0000,4886.6000,4886.8000,4888.0000,4888.4000,4889.2000,1,1,2,1,1,1,1,2,1,1
SF,IC2001,2019-12-05 09:33:18.500,4887.0000,8426,0,114358600.000,0,-,-,-,-,4885.0000,4884.8000,4884.6000,4884.4000,4884.2000,4888.0000,4888.4000,4889.2000,4889.8000,4890.0000,1,1,1,1,1,2,1,1,2,1
SF,IC2001,2019-12-05 09:33:19.000,4887.0000,8426,0,114358600.000,0,-,-,-,-,4885.0000,4884.8000,4884.6000,4884.4000,4884.2000,4886.0000,4886.6000,4886.8000,4887.6000,4887.8000,1,1,1,1,1,1,1,3,1,2
SF,IC2001,2019-12-05 09:33:19.500,4887.0000,8426,0,114358600.000,0,-,-,-,-,4885.0000,4884.8000,4884.6000,4884.4000,4884.2000,4886.8000,4887.6000,4887.8000,4888.0000,4888.4000,1,1,1,1,1,3,1,4,3,1
SF,IC2001,2019-12-05 09:33:20.000,4887.0000,8426,0,114358600.000,0,-,-,-,-,4885.0000,4884.8000,4884.6000,4884.4000,4884.2000,4886.4000,4886.6000,4886.8000,4887.6000,4887.8000,1,1,1,1,1,1,1,3,1,3
SF,IC2001,2019-12-05 09:33:20.500,4887.0000,8426,0,114358600.000,0,-,-,-,-,4885.0000,4884.8000,4884.6000,4884.4000,4884.2000,4886.4000,4886.6000,4887.6000,4887.8000,4888.0000,1,1,1,1,1,1,1,1,1,2
SF,IC2001,2019-12-05 09:33:23.500,4887.0000,8426,0,114358600.000,0,-,-,-,-,4885.0000,4884.8000,4884.6000,4884.4000,4884.2000,4886.6000,4887.6000,4887.8000,4888.0000,4888.4000,1,1,1,1,1,1,1,1,2,1
SF,IC2001,2019-12-05 09:33:24.000,4887.0000,8426,0,114358600.000,0,-,-,-,-,4885.2000,4885.0000,4884.8000,4884.6000,4884.4000,4887.6000,4887.8000,4888.0000,4888.4000,4889.2000,1,2,1,1,1,1,1,2,1,1
SF,IC2001,2019-12-05 09:33:24.500,4887.0000,8426,0,114358600.000,0,-,-,-,-,4885.4000,4885.2000,4885.0000,4884.8000,4884.6000,4887.4000,4887.6000,4887.8000,4888.0000,4888.4000,1,1,1,1,1,1,1,1,2,1
SF,IC2001,2019-12-05 09:33:25.000,4887.0000,8426,0,114358600.000,0,-,-,-,-,4885.4000,4885.2000,4885.0000,4884.8000,4884.6000,4887.6000,4887.8000,4888.0000,4888.4000,4889.2000,1,1,3,1,1,1,1,2,1,1
SF,IC2001,2019-12-05 09:33:25.500,4887.0000,8426,0,114358600.000,0,-,-,-,-,4885.4000,4885.2000,4885.0000,4884.8000,4884.6000,4887.8000,4888.0000,4888.4000,4889.2000,4889.8000,1,2,3,1,1,1,2,1,1,2
SF,IC2001,2019-12-05 09:33:27.000,4887.0000,8426,0,114358600.000,0,-,-,-,-,4885.8000,4885.4000,4885.2000,4885.0000,4884.8000,4888.0000,4888.4000,4889.2000,4889.8000,4890.0000,1,1,2,3,1,2,1,1,2,1
SF,IC2001,2019-12-05 09:33:27.500,4887.0000,8426,0,114358600.000,0,-,-,-,-,4886.0000,4885.8000,4885.2000,4885.0000,4884.8000,4888.0000,4888.4000,4889.2000,4889.8000,4890.0000,1,1,2,3,1,2,1,1,2,1
SF,IC2001,2019-12-05 09:33:30.000,4887.0000,8426,0,114358600.000,0,-,-,-,-,4886.0000,4885.8000,4885.2000,4885.0000,4884.8000,4888.0000,4888.4000,4889.2000,4889.8000,4890.0000,1,1,2,4,1,2,1,1,2,1
SF,IC2001,2019-12-05 09:33:30.500,4887.0000,8426,0,114358600.000,0,-,-,-,-,4886.0000,4885.8000,4885.2000,4885.0000,4884.8000,4887.8000,4888.0000,4888.4000,4889.2000,4889.8000,1,1,2,4,1,1,2,1,1,2
SF,IC2001,2019-12-05 09:33:31.000,4887.0000,8426,0,114358600.000,0,-,-,-,-,4886.0000,4885.8000,4885.2000,4885.0000,4884.8000,4887.8000,4888.0000,4888.4000,4889.2000,4889.8000,1,1,2,4,1,2,2,1,1,2
SF,IC2001,2019-12-05 09:33:31.500,4887.0000,8426,0,114358600.000,0,-,-,-,-,4886.0000,4885.8000,4885.2000,4885.0000,4884.8000,4888.0000,4888.4000,4889.2000,4889.8000,4890.0000,1,1,2,4,1,2,1,1,2,1
SF,IC2001,2019-12-05 09:33:32.500,4887.0000,8426,0,114358600.000,0,-,-,-,-,4887.8000,4886.0000,4885.8000,4885.2000,4885.0000,4888.0000,4888.4000,4889.2000,4889.8000,4890.0000,1,1,1,2,4,2,1,1,2,1
SF,IC2001,2019-12-05 09:33:33.000,4887.8000,8426,0,115336160.000,1,0,1,多换,S,4886.0000,4885.8000,4885.2000,4885.0000,4884.8000,4887.6000,4887.8000,4888.0000,4888.4000,4889.2000,1,1,2,4,1,1,2,2,1,1
SF,IC2001,2019-12-05 09:33:33.500,4886.0000,8425,-1,116313360.000,1,0,1,双平,S,4885.8000,4885.2000,4885.0000,4884.8000,4884.4000,4886.0000,4887.8000,4888.0000,4888.4000,4889.2000,1,2,4,1,1,1,1,2,1,1
SF,IC2001,2019-12-05 09:33:34.000,4886.0000,8424,-1,117290560.000,1,0,1,双平,S,4886.2000,4886.0000,4885.8000,4885.2000,4885.0000,4887.8000,4888.0000,4888.4000,4889.2000,4889.8000,2,4,1,2,4,1,1,1,1,2
SF,IC2001,2019-12-05 09:33:34.500,4886.0000,8424,0,117290560.000,0,-,-,-,-,4886.4000,4886.2000,4886.0000,4885.8000,4885.2000,4887.8000,4888.0000,4888.4000,4889.2000,4889.8000,1,1,4,1,2,1,1,1,1,2
SF,IC2001,2019-12-05 09:33:35.000,4886.0000,8424,0,117290560.000,0,-,-,-,-,4886.4000,4886.0000,4885.8000,4885.2000,4885.0000,4887.8000,4888.0000,4888.4000,4889.2000,4889.8000,1,4,1,2,4,1,1,1,1,2
SF,IC2001,2019-12-05 09:33:35.500,4886.0000,8424,0,117290560.000,0,-,-,-,-,4886.4000,4886.0000,4885.8000,4885.2000,4885.0000,4887.8000,4888.0000,4888.4000,4889.2000,4889.4000,1,4,1,2,4,1,3,1,1,1
SF,IC2001,2019-12-05 09:33:36.000,4886.0000,8424,0,117290560.000,0,-,-,-,-,4886.4000,4886.0000,4885.8000,4885.2000,4885.0000,4887.8000,4888.0000,4888.2000,4888.4000,4889.2000,2,4,1,2,4,1,3,1,1,1
SF,IC2001,2019-12-05 09:33:36.500,4886.0000,8424,0,117290560.000,0,-,-,-,-,4886.4000,4886.0000,4885.8000,4885.2000,4885.0000,4888.0000,4888.2000,4888.4000,4889.2000,4889.4000,2,4,1,2,4,3,1,1,1,1
SF,IC2001,2019-12-05 09:33:37.000,4886.0000,8424,0,117290560.000,0,-,-,-,-,4886.4000,4886.0000,4885.8000,4885.2000,4885.0000,4888.0000,4888.2000,4888.4000,4889.2000,4889.8000,2,4,1,2,4,3,1,1,1,2
SF,IC2001,2019-12-05 09:33:37.500,4886.0000,8424,0,117290560.000,0,-,-,-,-,4886.4000,4886.0000,4885.8000,4885.2000,4885.0000,4888.0000,4888.2000,4888.4000,4889.2000,4889.8000,2,3,1,2,4,3,1,1,1,2
SF,IC2001,2019-12-05 09:33:38.000,4886.0000,8424,0,117290560.000,0,-,-,-,-,4886.6000,4886.4000,4886.0000,4885.8000,4885.2000,4888.0000,4888.2000,4888.4000,4889.2000,4889.8000,1,2,3,1,1,3,1,1,1,2
SF,IC2001,2019-12-05 09:33:38.500,4886.0000,8424,0,117290560.000,0,-,-,-,-,4886.8000,4886.6000,4886.4000,4886.0000,4885.8000,4888.0000,4888.2000,4888.4000,4889.2000,4889.8000,1,1,1,3,1,3,1,1,1,2
SF,IC2001,2019-12-05 09:33:39.500,4886.0000,8424,0,117290560.000,0,-,-,-,-,4886.8000,4886.6000,4886.4000,4886.0000,4885.8000,4888.0000,4888.2000,4888.4000,4889.2000,4889.8000,1,1,1,3,1,3,1,1,1,2
SF,IC2001,2019-12-05 09:33:40.000,4886.0000,8424,0,117290560.000,0,-,-,-,-,4886.8000,4886.6000,4886.4000,4886.0000,4885.8000,4888.0000,4888.2000,4888.4000,4889.2000,4889.8000,1,1,1,3,1,3,1,1,1,2
SF,IC2001,2019-12-05 09:33:40.500,4886.0000,8424,0,117290560.000,0,-,-,-,-,4886.8000,4886.6000,4886.4000,4886.0000,4885.8000,4888.0000,4888.2000,4888.4000,4889.2000,4889.8000,1,1,1,3,1,3,1,1,1,2
SF,IC2001,2019-12-05 09:33:41.500,4888.0000,8423,-1,119245760.000,2,0,2,多平,S,4887.2000,4886.8000,4886.6000,4886.4000,4886.0000,4888.0000,4888.2000,4888.4000,4889.2000,4889.8000,1,1,1,1,3,1,1,1,1,2
SF,IC2001,2019-12-05 09:33:42.000,4888.0000,8423,0,119245760.000,0,-,-,-,-,4887.4000,4886.6000,4886.4000,4886.0000,4885.2000,4888.0000,4888.2000,4888.4000,4889.2000,4889.8000,1,1,1,3,1,1,1,1,1,2
SF,IC2001,2019-12-05 09:33:42.500,4888.0000,8423,0,119245760.000,0,-,-,-,-,4886.6000,4886.4000,4886.0000,4885.2000,4885.0000,4888.0000,4888.2000,4888.4000,4889.2000,4889.8000,1,1,2,1,4,1,1,1,1,2
SF,IC2001,2019-12-05 09:33:43.000,4888.0000,8423,0,119245760.000,0,-,-,-,-,4886.8000,4886.6000,4886.4000,4886.0000,4885.2000,4888.0000,4888.2000,4888.4000,4889.2000,4889.8000,1,1,1,2,1,1,1,1,1,2
SF,IC2001,2019-12-05 09:33:43.500,4888.0000,8423,0,119245760.000,0,-,-,-,-,4886.8000,4886.6000,4886.4000,4886.0000,4885.2000,4888.0000,4888.2000,4888.4000,4889.2000,4889.8000,1,1,1,2,1,2,1,1,1,2
SF,IC2001,2019-12-05 09:33:45.000,4888.0000,8422,-1,120223360.000,1,0,1,双平,S,4887.2000,4886.8000,4886.6000,4886.4000,4886.0000,4888.0000,4888.2000,4888.4000,4889.8000,4890.0000,1,1,1,1,3,1,1,1,2,1
SF,IC2001,2019-12-05 09:33:45.500,4888.0000,8421,-1,121200960.000,1,0,1,双平,S,4887.6000,4887.4000,4887.2000,4886.6000,4886.4000,4888.2000,4888.4000,4889.8000,4890.0000,4890.6000,1,1,1,1,1,1,1,2,1,1
SF,IC2001,2019-12-05 09:33:46.000,4888.0000,8421,0,121200960.000,0,-,-,-,-,4887.6000,4887.2000,4886.6000,4886.4000,4886.0000,4888.2000,4888.4000,4889.8000,4890.0000,4890.6000,1,1,1,1,3,1,1,2,1,1
SF,IC2001,2019-12-05 09:33:49.000,4887.6000,8420,-1,122178480.000,1,0,1,双平,S,4886.6000,4886.4000,4886.0000,4885.2000,4885.0000,4888.2000,4888.4000,4889.8000,4890.0000,4890.6000,1,1,3,1,5,1,1,2,1,1
SF,IC2001,2019-12-05 09:33:49.500,4887.6000,8420,0,122178480.000,0,-,-,-,-,4886.4000,4886.0000,4885.2000,4885.0000,4884.8000,4888.0000,4888.2000,4888.4000,4889.4000,4889.8000,1,2,1,5,2,1,1,1,1,2
SF,IC2001,2019-12-05 09:33:50.000,4887.6000,8420,0,122178480.000,0,-,-,-,-,4887.6000,4886.4000,4886.0000,4885.2000,4885.0000,4888.0000,4888.2000,4888.4000,4889.4000,4889.8000,1,1,2,1,5,1,1,1,1,2
SF,IC2001,2019-12-05 09:33:50.500,4887.6000,8421,1,124133520.000,2,1,1,空开,S,4887.6000,4886.4000,4886.0000,4885.2000,4885.0000,4888.0000,4888.2000,4888.4000,4889.4000,4889.8000,1,1,2,1,5,1,1,1,1,2
SF,IC2001,2019-12-05 09:33:51.000,4887.6000,8421,0,125111040.000,1,0,1,多换,S,4886.4000,4886.0000,4885.2000,4885.0000,4884.8000,4888.0000,4888.2000,4888.4000,4889.4000,4889.8000,1,2,1,5,2,1,1,1,1,2
SF,IC2001,2019-12-05 09:33:51.500,4888.2000,8419,-2,127066280.000,2,0,2,双平,S,4886.6000,4886.4000,4886.0000,4885.2000,4885.0000,4888.4000,4889.4000,4889.8000,4890.0000,4890.6000,2,1,2,1,5,1,1,2,1,1
SF,IC2001,2019-12-05 09:33:52.500,4888.2000,8419,0,127066280.000,0,-,-,-,-,4886.6000,4886.4000,4886.0000,4885.2000,4885.0000,4888.4000,4889.4000,4889.8000,4890.0000,4890.6000,2,1,2,1,6,1,1,2,1,1
SF,IC2001,2019-12-05 09:33:53.500,4888.2000,8419,0,127066280.000,0,-,-,-,-,4886.6000,4886.4000,4886.0000,4885.2000,4885.0000,4888.4000,4889.4000,4889.8000,4890.0000,4890.6000,2,1,2,1,5,1,1,2,1,1
SF,IC2001,2019-12-05 09:33:54.000,4888.2000,8419,0,127066280.000,0,-,-,-,-,4886.6000,4886.4000,4886.0000,4885.2000,4885.0000,4888.4000,4889.4000,4889.8000,4890.0000,4890.6000,3,1,2,1,5,1,1,2,2,1
SF,IC2001,2019-12-05 09:33:54.500,4888.2000,8419,0,127066280.000,0,-,-,-,-,4886.8000,4886.6000,4886.4000,4886.0000,4885.2000,4888.4000,4889.4000,4889.8000,4890.0000,4890.6000,1,3,1,2,1,1,1,2,2,1
SF,IC2001,2019-12-05 09:33:55.000,4888.2000,8419,0,127066280.000,0,-,-,-,-,4887.0000,4886.8000,4886.6000,4886.4000,4886.0000,4888.4000,4889.4000,4889.8000,4890.0000,4890.6000,1,1,2,1,2,1,1,2,2,1
SF,IC2001,2019-12-05 09:33:56.000,4888.2000,8419,0,127066280.000,0,-,-,-,-,4887.0000,4886.8000,4886.6000,4886.4000,4886.0000,4888.4000,4889.4000,4889.8000,4890.0000,4890.6000,1,2,2,1,2,1,1,2,2,1
SF,IC2001,2019-12-05 09:33:56.500,4888.2000,8419,0,127066280.000,0,-,-,-,-,4887.0000,4886.8000,4886.6000,4886.4000,4886.0000,4888.4000,4889.4000,4889.8000,4890.0000,4890.6000,1,1,1,1,2,1,1,2,2,1
SF,IC2001,2019-12-05 09:33:57.500,4888.2000,8419,0,127066280.000,0,-,-,-,-,4887.0000,4886.8000,4886.6000,4886.4000,4886.0000,4888.2000,4888.4000,4889.4000,4889.8000,4890.0000,1,1,1,1,2,1,1,1,2,2
SF,IC2001,2019-12-05 09:33:58.000,4888.2000,8419,0,127066280.000,0,-,-,-,-,4887.0000,4886.8000,4886.6000,4886.4000,4886.0000,4888.2000,4888.4000,4889.4000,4889.8000,4890.0000,1,1,1,1,2,1,1,1,2,2
SF,IC2001,2019-12-05 09:33:59.000,4887.0000,8418,-1,128043680.000,1,0,1,双平,S,4886.8000,4886.6000,4886.4000,4886.0000,4885.2000,4888.2000,4888.4000,4889.4000,4889.8000,4890.0000,1,1,1,2,1,1,1,1,2,2
SF,IC2001,2019-12-05 09:33:59.500,4887.0000,8418,0,128043680.000,0,-,-,-,-,4887.0000,4886.8000,4886.6000,4886.4000,4886.0000,4888.2000,4888.4000,4889.4000,4889.8000,4890.0000,1,1,1,1,2,1,1,1,2,2
SF,IC2001,2019-12-05 09:34:00.000,4887.0000,8418,0,128043680.000,0,-,-,-,-,4887.0000,4886.8000,4886.6000,4886.4000,4886.0000,4888.2000,4888.4000,4889.4000,4889.8000,4890.0000,1,1,1,1,2,1,1,1,2,2
SF,IC2001,2019-12-05 09:34:00.500,4887.0000,8418,0,128043680.000,0,-,-,-,-,4887.0000,4886.8000,4886.6000,4886.4000,4886.0000,4888.2000,4888.4000,4889.4000,4889.8000,4890.0000,1,1,1,1,2,1,1,1,2,2
SF,IC2001,2019-12-05 09:34:01.000,4888.2000,8418,0,129021320.000,1,0,1,多换,S,4887.0000,4886.8000,4886.6000,4886.4000,4886.0000,4888.4000,4889.4000,4889.8000,4890.0000,4890.6000,1,1,1,1,2,1,1,2,2,1
SF,IC2001,2019-12-05 09:34:01.500,4888.4000,8417,-1,129999000.000,1,0,1,双平,S,4888.4000,4887.2000,4887.0000,4886.8000,4886.6000,4889.4000,4889.8000,4890.0000,4890.6000,4892.6000,1,1,1,1,1,1,2,2,1,1
SF,IC2001,2019-12-05 09:34:02.000,4888.4000,8417,0,129999000.000,0,-,-,-,-,4887.2000,4887.0000,4886.8000,4886.6000,4886.4000,4889.8000,4890.0000,4890.6000,4892.6000,4896.4000,1,1,1,1,1,2,2,1,1,1
SF,IC2001,2019-12-05 09:34:02.500,4888.4000,8417,0,129999000.000,0,-,-,-,-,4887.4000,4887.2000,4886.8000,4886.6000,4886.4000,4889.6000,4889.8000,4890.0000,4890.6000,4892.6000,2,1,1,1,1,1,2,2,1,1
SF,IC2001,2019-12-05 09:34:03.000,4888.4000,8417,0,129999000.000,0,-,-,-,-,4889.6000,4887.8000,4887.4000,4887.2000,4886.8000,4889.8000,4890.0000,4890.6000,4892.6000,4896.4000,1,1,2,2,1,2,2,1,1,1
SF,IC2001,2019-12-05 09:34:03.500,4889.8000,8415,-2,131954920.000,2,0,2,双平,S,4887.8000,4887.4000,4887.2000,4886.8000,4886.6000,4890.0000,4890.6000,4892.6000,4896.4000,4896.6000,1,2,2,1,1,2,1,1,1,1
SF,IC2001,2019-12-05 09:34:04.000,4888.8000,8415,0,133910680.000,2,1,1,多换,S,4888.2000,4888.0000,4887.8000,4887.4000,4887.2000,4890.0000,4891.8000,4892.6000,4896.4000,4896.6000,1,4,1,1,2,1,1,1,1,1
SF,IC2001,2019-12-05 09:34:04.500,4888.8000,8415,0,133910680.000,0,-,-,-,-,4888.4000,4888.2000,4888.0000,4887.8000,4887.4000,4891.8000,4892.6000,4896.4000,4896.6000,4898.8000,2,1,2,1,1,1,1,1,1,1
SF,IC2001,2019-12-05 09:34:05.000,4888.8000,8415,0,133910680.000,0,-,-,-,-,4888.4000,4888.2000,4888.0000,4887.8000,4887.4000,4890.2000,4891.4000,4891.6000,4891.8000,4892.6000,1,1,1,1,1,1,2,4,1,1
SF,IC2001,2019-12-05 09:34:05.500,4888.8000,8415,0,133910680.000,0,-,-,-,-,4888.4000,4888.2000,4887.8000,4887.4000,4886.8000,4890.0000,4891.4000,4891.6000,4891.8000,4892.6000,1,1,1,1,1,1,2,5,1,1
SF,IC2001,2019-12-05 09:34:06.000,4888.8000,8415,0,133910680.000,0,-,-,-,-,4888.6000,4888.4000,4888.2000,4887.8000,4887.4000,4890.0000,4891.4000,4891.6000,4891.8000,4892.6000,1,2,1,1,1,1,2,5,1,1
SF,IC2001,2019-12-05 09:34:06.500,4890.0000,8414,-1,134888680.000,1,0,1,双平,S,4888.8000,4888.6000,4888.4000,4888.2000,4887.4000,4891.4000,4891.6000,4891.8000,4892.6000,4896.4000,1,1,2,1,1,2,5,1,1,1
SF,IC2001,2019-12-05 09:34:07.000,4890.0000,8414,0,134888680.000,0,-,-,-,-,4888.4000,4888.2000,4886.8000,4886.6000,4886.2000,4889.8000,4890.0000,4890.8000,4891.2000,4891.4000,2,1,1,1,1,1,2,1,1,2
SF,IC2001,2019-12-05 09:34:07.500,4890.0000,8414,0,134888680.000,0,-,-,-,-,4888.6000,4888.4000,4888.2000,4886.8000,4886.6000,4890.0000,4890.8000,4891.2000,4891.4000,4891.6000,1,2,1,1,1,2,1,1,2,4
SF,IC2001,2019-12-05 09:34:08.000,4890.0000,8414,0,134888680.000,0,-,-,-,-,4888.6000,4888.4000,4888.2000,4886.8000,4886.6000,4890.0000,4890.8000,4891.2000,4891.4000,4891.6000,1,1,1,1,1,2,1,1,2,4
SF,IC2001,2019-12-05 09:34:08.500,4890.0000,8414,0,134888680.000,0,-,-,-,-,4888.6000,4888.4000,4888.2000,4886.8000,4886.6000,4890.0000,4890.8000,4891.2000,4891.4000,4891.6000,1,1,1,1,1,2,1,1,2,4
SF,IC2001,2019-12-05 09:34:09.000,4890.0000,8414,0,134888680.000,0,-,-,-,-,4888.4000,4888.2000,4886.8000,4886.6000,4886.2000,4889.8000,4890.0000,4890.8000,4891.4000,4891.6000,1,1,1,1,1,1,2,1,2,4
SF,IC2001,2019-12-05 09:34:09.500,4890.0000,8414,0,134888680.000,0,-,-,-,-,4888.6000,4888.4000,4888.2000,4886.8000,4886.6000,4890.0000,4890.8000,4891.4000,4891.6000,4891.8000,2,1,1,1,1,2,1,2,4,1
SF,IC2001,2019-12-05 09:34:10.000,4890.0000,8414,0,134888680.000,0,-,-,-,-,4888.6000,4888.4000,4888.2000,4886.8000,4886.6000,4889.8000,4890.0000,4890.8000,4891.4000,4891.6000,1,1,1,1,1,1,2,1,2,4
SF,IC2001,2019-12-05 09:34:10.500,4890.0000,8414,0,134888680.000,0,-,-,-,-,4888.6000,4888.4000,4886.8000,4886.6000,4886.2000,4889.8000,4890.0000,4890.8000,4891.4000,4891.6000,1,1,1,1,1,1,2,1,2,4
SF,IC2001,2019-12-05 09:34:11.000,4890.0000,8414,0,134888680.000,0,-,-,-,-,4888.6000,4888.4000,4886.8000,4886.6000,4886.2000,4890.0000,4890.8000,4891.4000,4891.6000,4891.8000,1,1,1,1,1,2,1,2,4,1
SF,IC2001,2019-12-05 09:34:11.500,4890.0000,8412,-2,136844680.000,2,0,2,双平,S,4890.0000,4888.6000,4888.4000,4886.8000,4886.6000,4890.8000,4891.4000,4891.6000,4891.8000,4892.6000,2,1,1,1,1,1,2,4,1,1
SF,IC2001,2019-12-05 09:34:12.000,4890.0000,8410,-2,138800680.000,2,0,2,双平,S,4888.8000,4888.4000,4886.8000,4886.6000,4886.2000,4889.4000,4889.6000,4889.8000,4890.0000,4890.2000,1,1,1,1,1,1,1,1,2,2
SF,IC2001,2019-12-05 09:34:12.500,4890.0000,8410,0,138800680.000,0,-,-,-,-,4889.0000,4888.8000,4888.4000,4886.8000,4886.6000,4889.2000,4889.4000,4890.0000,4890.6000,4890.8000,1,1,1,1,1,1,1,1,2,1
SF,IC2001,2019-12-05 09:34:13.000,4889.4000,8409,-1,140756400.000,2,0,2,多平,S,4889.2000,4888.8000,4888.4000,4887.4000,4886.8000,4890.6000,4890.8000,4891.6000,4891.8000,4892.6000,1,1,1,1,1,1,1,3,1,1
SF,IC2001,2019-12-05 09:34:13.500,4889.4000,8409,0,140756400.000,0,-,-,-,-,4888.8000,4888.4000,4887.4000,4886.8000,4886.6000,4890.0000,4890.6000,4890.8000,4891.6000,4891.8000,1,1,1,1,1,1,1,1,3,1
SF,IC2001,2019-12-05 09:34:14.000,4889.4000,8409,0,140756400.000,0,-,-,-,-,4888.8000,4888.4000,4887.4000,4886.8000,4886.6000,4890.2000,4890.6000,4890.8000,4891.6000,4891.8000,1,1,1,1,1,2,1,1,3,1
SF,IC2001,2019-12-05 09:34:14.500,4889.4000,8409,0,140756400.000,0,-,-,-,-,4889.0000,4888.8000,4888.4000,4887.4000,4886.8000,4890.6000,4890.8000,4891.6000,4891.8000,4892.6000,1,1,1,1,1,1,2,3,1,1
SF,IC2001,2019-12-05 09:34:15.000,4889.4000,8409,0,140756400.000,0,-,-,-,-,4889.0000,4888.8000,4888.4000,4887.4000,4886.8000,4890.4000,4890.6000,4890.8000,4891.6000,4891.8000,1,1,1,1,1,1,1,2,3,1
SF,IC2001,2019-12-05 09:34:15.500,4889.4000,8409,0,140756400.000,0,-,-,-,-,4889.0000,4888.8000,4888.4000,4887.4000,4886.8000,4889.8000,4890.4000,4890.6000,4890.8000,4891.6000,1,1,1,1,1,1,1,1,1,3
SF,IC2001,2019-12-05 09:34:16.000,4889.4000,8409,0,140756400.000,0,-,-,-,-,4889.4000,4889.0000,4888.8000,4888.4000,4887.4000,4890.6000,4890.8000,4891.6000,4891.8000,4892.6000,1,1,1,1,1,1,1,3,2,1
SF,IC2001,2019-12-05 09:34:16.500,4890.6000,8409,0,141734520.000,1,0,1,多换,S,4889.0000,4888.8000,4888.4000,4887.4000,4886.8000,4890.6000,4890.8000,4891.6000,4891.8000,4892.6000,1,1,1,1,1,1,1,3,2,1
SF,IC2001,2019-12-05 09:34:17.000,4890.6000,8409,0,141734520.000,0,-,-,-,-,4889.0000,4888.8000,4888.4000,4887.4000,4886.8000,4889.8000,4890.4000,4890.6000,4890.8000,4891.6000,1,1,1,1,1,1,3,1,1,3
SF,IC2001,2019-12-05 09:34:17.500,4890.6000,8409,0,141734520.000,0,-,-,-,-,4889.0000,4888.8000,4888.4000,4887.4000,4886.8000,4889.6000,4890.4000,4890.6000,4890.8000,4891.6000,1,1,1,1,1,1,2,1,1,3
SF,IC2001,2019-12-05 09:34:18.000,4890.6000,8409,0,141734520.000,0,-,-,-,-,4889.2000,4889.0000,4888.8000,4888.4000,4887.4000,4889.6000,4890.4000,4890.6000,4890.8000,4891.6000,1,1,1,1,1,1,3,1,1,3
SF,IC2001,2019-12-05 09:34:18.500,4890.6000,8409,0,141734520.000,0,-,-,-,-,4889.4000,4888.8000,4888.4000,4887.4000,4886.8000,4889.6000,4890.6000,4890.8000,4891.6000,4891.8000,1,1,1,1,1,1,1,1,3,2
SF,IC2001,2019-12-05 09:34:19.000,4889.4000,8409,0,142712400.000,1,0,1,多换,S,4888.8000,4888.4000,4887.4000,4886.8000,4886.6000,4889.6000,4890.6000,4890.8000,4891.6000,4891.8000,1,1,1,1,1,1,1,1,3,2
SF,IC2001,2019-12-05 09:34:19.500,4888.8000,8409,0,143690160.000,1,0,1,多换,S,4888.4000,4887.4000,4886.8000,4886.6000,4886.2000,4888.8000,4889.4000,4889.6000,4890.6000,4890.8000,1,1,1,1,1,1,1,1,1,1
SF,IC2001,2019-12-05 09:34:20.000,4888.4000,8408,-1,144667840.000,1,0,1,双平,S,4887.4000,4886.8000,4886.6000,4885.0000,4884.8000,4888.4000,4888.6000,4888.8000,4889.4000,4889.6000,1,1,1,5,1,1,2,1,1,1
SF,IC2001,2019-12-05 09:34:20.500,4887.4000,8407,-1,145645320.000,1,0,1,双平,S,4886.8000,4886.6000,4885.0000,4884.8000,4883.6000,4888.2000,4888.4000,4888.6000,4888.8000,4889.4000,1,1,5,1,2,1,3,1,1,1
SF,IC2001,2019-12-05 09:34:21.000,4887.4000,8407,0,145645320.000,0,-,-,-,-,4887.0000,4886.8000,4886.6000,4885.0000,4884.8000,4888.2000,4888.4000,4888.8000,4889.2000,4889.4000,1,1,1,5,1,1,2,1,1,1
SF,IC2001,2019-12-05 09:34:21.500,4887.4000,8407,0,145645320.000,0,-,-,-,-,4887.8000,4887.0000,4886.8000,4886.6000,4885.0000,4888.4000,4888.8000,4889.2000,4889.4000,4889.6000,1,1,1,1,5,1,1,1,1,2
SF,IC2001,2019-12-05 09:34:22.000,4887.4000,8407,0,145645320.000,0,-,-,-,-,4887.0000,4886.8000,4886.6000,4885.0000,4884.8000,4888.4000,4888.8000,4889.2000,4889.4000,4889.6000,1,1,1,5,1,1,1,1,1,2
SF,IC2001,2019-12-05 09:34:24.000,4887.4000,8407,0,145645320.000,0,-,-,-,-,4887.0000,4886.8000,4885.0000,4884.8000,4883.6000,4888.4000,4888.8000,4889.2000,4889.4000,4889.6000,1,1,5,1,2,1,1,1,1,2
SF,IC2001,2019-12-05 09:34:24.500,4887.4000,8407,0,145645320.000,0,-,-,-,-,4887.0000,4886.8000,4885.0000,4884.8000,4883.6000,4887.6000,4888.2000,4888.4000,4888.8000,4889.2000,1,1,5,1,2,1,2,1,1,1
SF,IC2001,2019-12-05 09:34:25.000,4887.0000,8406,-1,146622720.000,1,0,1,双平,S,4886.8000,4885.0000,4884.8000,4883.6000,4882.0000,4887.0000,4888.2000,4888.8000,4889.2000,4889.4000,1,5,1,2,10,1,2,1,1,1
SF,IC2001,2019-12-05 09:34:25.500,4886.8000,8405,-1,149554840.000,3,1,2,多平,S,4885.0000,4884.8000,4883.6000,4882.0000,4881.0000,4888.2000,4888.8000,4889.2000,4889.4000,4889.6000,5,1,2,10,2,2,1,1,1,1
SF,IC2001,2019-12-05 09:34:26.000,4886.8000,8405,0,149554840.000,0,-,-,-,-,4887.6000,4885.4000,4885.2000,4885.0000,4884.8000,4888.2000,4888.8000,4889.2000,4889.4000,4889.6000,1,1,2,6,1,1,1,1,1,1
SF,IC2001,2019-12-05 09:34:26.500,4887.6000,8405,0,150532360.000,1,0,1,多换,S,4887.4000,4885.4000,4885.2000,4885.0000,4884.8000,4887.6000,4888.2000,4888.8000,4889.2000,4889.4000,3,1,2,6,1,1,1,1,1,1
SF,IC2001,2019-12-05 09:34:27.000,4885.2000,8403,-2,155418920.000,5,1,4,多平,S,4885.2000,4885.0000,4884.8000,4883.6000,4882.0000,4887.0000,4887.2000,4888.2000,4888.8000,4889.2000,1,6,1,2,10,1,1,1,1,1
SF,IC2001,2019-12-05 09:34:27.500,4885.2000,8403,0,155418920.000,0,-,-,-,-,4885.2000,4885.0000,4883.6000,4882.0000,4881.0000,4886.8000,4887.0000,4888.2000,4888.8000,4889.2000,1,6,2,10,2,1,1,1,1,1
SF,IC2001,2019-12-05 09:34:28.000,4885.2000,8403,0,155418920.000,0,-,-,-,-,4885.2000,4885.0000,4883.6000,4882.0000,4881.0000,4886.6000,4886.8000,4888.2000,4888.8000,4889.2000,1,6,2,10,2,1,1,1,1,1
SF,IC2001,2019-12-05 09:34:28.500,4886.6000,8402,-1,156396240.000,1,0,1,双平,S,4885.8000,4885.4000,4885.2000,4885.0000,4883.6000,4886.4000,4888.8000,4889.2000,4889.4000,4889.6000,1,1,1,6,2,1,1,1,1,1
SF,IC2001,2019-12-05 09:34:29.000,4886.4000,8401,-1,157373520.000,1,0,1,双平,S,4886.4000,4886.0000,4885.4000,4885.0000,4883.6000,4888.8000,4889.2000,4889.4000,4889.6000,4890.4000,1,1,1,6,2,1,1,1,1,1
SF,IC2001,2019-12-05 09:34:29.500,4886.4000,8401,0,157373520.000,0,-,-,-,-,4886.4000,4885.4000,4885.0000,4883.6000,4882.0000,4887.4000,4888.4000,4888.6000,4888.8000,4889.2000,1,1,6,2,10,2,3,2,1,1
SF,IC2001,2019-12-05 09:34:30.000,4886.4000,8401,0,157373520.000,0,-,-,-,-,4886.4000,4885.4000,4885.0000,4883.6000,4882.0000,4887.4000,4888.4000,4888.6000,4888.8000,4889.2000,1,1,6,2,10,1,4,7,1,1
SF,IC2001,2019-12-05 09:34:30.500,4886.4000,8401,0,157373520.000,0,-,-,-,-,4885.4000,4885.0000,4883.6000,4882.0000,4881.0000,4887.2000,4887.4000,4888.4000,4888.6000,4888.8000,1,6,2,10,2,1,1,4,6,1
SF,IC2001,2019-12-05 09:34:31.500,4886.4000,8401,0,157373520.000,0,-,-,-,-,4885.0000,4883.6000,4882.0000,4881.0000,4880.0000,4887.2000,4887.4000,4888.4000,4888.6000,4888.8000,6,2,10,2,1,1,1,4,6,1
SF,IC2001,2019-12-05 09:34:32.000,4886.4000,8401,0,157373520.000,0,-,-,-,-,4885.2000,4885.0000,4883.6000,4882.0000,4881.0000,4887.2000,4887.4000,4887.8000,4888.4000,4888.6000,1,6,2,10,2,1,1,1,4,6
SF,IC2001,2019-12-05 09:34:33.000,4886.4000,8401,0,157373520.000,0,-,-,-,-,4885.2000,4885.0000,4883.6000,4882.0000,4881.0000,4887.0000,4887.2000,4887.4000,4887.8000,4888.4000,1,6,2,10,2,1,1,1,1,4
SF,IC2001,2019-12-05 09:34:33.500,4886.4000,8401,0,157373520.000,0,-,-,-,-,4885.2000,4885.0000,4883.6000,4882.0000,4881.0000,4886.8000,4887.0000,4887.4000,4887.8000,4888.0000,1,6,2,10,2,1,1,1,1,1
SF,IC2001,2019-12-05 09:34:35.000,4886.4000,8401,0,157373520.000,0,-,-,-,-,4885.2000,4885.0000,4883.6000,4882.0000,4881.0000,4886.8000,4887.4000,4887.8000,4888.0000,4888.4000,1,6,2,10,2,1,1,1,1,4
SF,IC2001,2019-12-05 09:34:35.500,4886.4000,8401,0,157373520.000,0,-,-,-,-,4885.0000,4883.6000,4882.0000,4881.0000,4880.0000,4886.4000,4886.6000,4886.8000,4887.8000,4888.0000,6,2,10,2,1,1,1,1,1,1
SF,IC2001,2019-12-05 09:34:36.000,4886.4000,8401,0,157373520.000,0,-,-,-,-,4885.0000,4883.6000,4882.0000,4881.0000,4880.0000,4886.2000,4886.4000,4886.6000,4887.8000,4888.0000,6,2,10,2,1,1,1,1,1,1
SF,IC2001,2019-12-05 09:34:36.500,4886.4000,8401,0,157373520.000,0,-,-,-,-,4885.0000,4883.6000,4882.0000,4881.0000,4880.0000,4886.2000,4886.4000,4887.8000,4888.0000,4888.4000,6,2,10,2,1,1,1,1,1,4
SF,IC2001,2019-12-05 09:34:37.000,4886.4000,8401,0,157373520.000,0,-,-,-,-,4885.0000,4883.6000,4882.0000,4881.0000,4880.0000,4886.2000,4886.4000,4887.8000,4888.0000,4888.4000,6,1,11,2,1,1,1,1,1,4
SF,IC2001,2019-12-05 09:34:37.500,4886.4000,8401,0,157373520.000,0,-,-,-,-,4885.0000,4883.6000,4882.0000,4881.0000,4880.0000,4885.6000,4886.2000,4886.4000,4887.8000,4888.0000,6,1,11,2,1,1,1,1,1,1
SF,IC2001,2019-12-05 09:34:38.000,4886.4000,8401,0,157373520.000,0,-,-,-,-,4885.6000,4885.0000,4883.6000,4882.0000,4881.0000,4886.4000,4887.8000,4888.0000,4888.4000,4888.6000,1,6,1,11,2,1,1,1,4,6
SF,IC2001,2019-12-05 09:34:38.500,4886.4000,8401,0,157373520.000,0,-,-,-,-,4885.0000,4883.6000,4882.0000,4881.0000,4880.0000,4886.4000,4887.8000,4888.0000,4888.4000,4888.6000,6,1,11,2,1,1,1,1,4,6
SF,IC2001,2019-12-05 09:34:39.000,4886.4000,8401,0,157373520.000,0,-,-,-,-,4885.0000,4883.6000,4882.0000,4881.0000,4880.0000,4885.8000,4886.2000,4886.4000,4887.8000,4888.0000,6,1,11,2,1,1,1,1,1,1
SF,IC2001,2019-12-05 09:34:39.500,4886.4000,8401,0,157373520.000,0,-,-,-,-,4885.0000,4883.6000,4882.0000,4881.0000,4880.0000,4886.4000,4887.8000,4888.0000,4888.4000,4888.6000,6,1,11,2,1,1,1,1,4,6
SF,IC2001,2019-12-05 09:34:40.000,4885.0000,8401,0,158350520.000,1,0,1,多换,S,4885.0000,4883.6000,4882.0000,4881.0000,4880.0000,4885.4000,4885.8000,4886.0000,4886.2000,4886.6000,6,1,11,2,1,1,1,1,2,1
SF,IC2001,2019-12-05 09:34:40.500,4885.0000,8401,0,158350520.000,0,-,-,-,-,4885.0000,4883.6000,4882.0000,4881.0000,4880.0000,4885.2000,4885.4000,4886.0000,4886.2000,4886.6000,6,1,11,2,1,1,1,1,2,1
SF,IC2001,2019-12-05 09:34:41.000,4885.0000,8401,0,158350520.000,0,-,-,-,-,4885.2000,4885.0000,4883.6000,4882.0000,4881.0000,4885.4000,4886.2000,4886.6000,4887.8000,4888.0000,1,6,1,11,2,1,1,1,1,1
SF,IC2001,2019-12-05 09:34:41.500,4885.4000,8399,-2,160304680.000,2,0,2,双平,S,4885.0000,4883.6000,4882.0000,4881.0000,4880.0000,4886.6000,4887.8000,4888.0000,4888.4000,4888.6000,6,1,11,2,1,1,1,1,2,6
SF,IC2001,2019-12-05 09:34:42.000,4885.4000,8399,0,160304680.000,0,-,-,-,-,4885.2000,4885.0000,4883.6000,4882.0000,4881.0000,4885.8000,4886.4000,4886.6000,4887.8000,4888.0000,1,6,1,11,2,1,1,1,1,1
SF,IC2001,2019-12-05 09:34:42.500,4885.4000,8399,0,160304680.000,0,-,-,-,-,4885.2000,4885.0000,4883.6000,4882.0000,4881.0000,4886.4000,4886.6000,4887.8000,4888.0000,4888.4000,1,6,1,11,2,1,1,1,1,2
SF,IC2001,2019-12-05 09:34:43.000,4885.4000,8399,0,160304680.000,0,-,-,-,-,4885.0000,4883.6000,4882.0000,4881.0000,4880.0000,4886.6000,4887.8000,4888.0000,4888.4000,4888.6000,6,1,11,2,1,1,1,1,2,6
SF,IC2001,2019-12-05 09:34:43.500,4885.4000,8399,0,160304680.000,0,-,-,-,-,4885.2000,4885.0000,4883.6000,4882.0000,4881.0000,4886.6000,4887.0000,4887.8000,4888.0000,4888.4000,1,6,1,11,2,1,1,1,1,2
SF,IC2001,2019-12-05 09:34:44.000,4885.4000,8399,0,160304680.000,0,-,-,-,-,4885.2000,4885.0000,4883.6000,4882.0000,4881.0000,4886.0000,4886.6000,4887.0000,4887.8000,4888.0000,1,6,1,11,2,1,1,1,1,1
SF,IC2001,2019-12-05 09:34:44.500,4885.4000,8399,0,160304680.000,0,-,-,-,-,4885.2000,4885.0000,4883.6000,4882.0000,4881.0000,4886.6000,4887.8000,4888.0000,4888.4000,4888.6000,1,6,1,11,2,1,1,1,2,6
SF,IC2001,2019-12-05 09:34:45.000,4885.4000,8399,0,160304680.000,0,-,-,-,-,4885.0000,4883.6000,4882.0000,4881.0000,4880.0000,4886.2000,4886.4000,4886.6000,4887.8000,4888.0000,6,1,11,2,1,3,2,1,1,1
SF,IC2001,2019-12-05 09:34:45.500,4885.4000,8399,0,160304680.000,0,-,-,-,-,4885.0000,4883.6000,4882.0000,4881.0000,4880.0000,4886.4000,4886.6000,4887.8000,4888.0000,4888.4000,6,1,11,2,1,1,1,1,1,2
SF,IC2001,2019-12-05 09:34:46.000,4885.4000,8399,0,160304680.000,0,-,-,-,-,4885.2000,4885.0000,4883.6000,4882.0000,4881.0000,4886.6000,4887.8000,4888.0000,4888.4000,4888.6000,1,6,1,11,2,1,1,1,2,6
SF,IC2001,2019-12-05 09:34:46.500,4885.4000,8399,0,160304680.000,0,-,-,-,-,4885.2000,4885.0000,4883.6000,4882.0000,4881.0000,4886.0000,4886.6000,4887.8000,4888.0000,4888.4000,1,6,1,11,2,1,1,1,1,2
SF,IC2001,2019-12-05 09:34:47.000,4885.2000,8398,-1,161281720.000,1,0,1,双平,S,4885.0000,4883.6000,4882.0000,4881.0000,4880.0000,4886.6000,4887.8000,4888.0000,4888.4000,4888.6000,6,1,11,2,1,1,1,1,2,6
SF,IC2001,2019-12-05 09:34:47.500,4885.2000,8398,0,161281720.000,0,-,-,-,-,4885.0000,4883.6000,4882.0000,4881.0000,4880.0000,4886.4000,4886.6000,4887.8000,4888.0000,4888.4000,6,1,11,2,1,2,1,1,1,2
SF,IC2001,2019-12-05 09:34:48.000,4885.2000,8398,0,161281720.000,0,-,-,-,-,4885.0000,4883.6000,4882.0000,4881.0000,4880.0000,4885.4000,4886.4000,4886.6000,4887.8000,4888.0000,6,1,11,2,1,1,2,1,1,1
SF,IC2001,2019-12-05 09:34:48.500,4885.2000,8398,0,161281720.000,0,-,-,-,-,4885.0000,4883.6000,4882.0000,4881.0000,4880.0000,4886.4000,4886.6000,4887.8000,4888.0000,4888.4000,6,1,11,2,1,2,1,1,1,2
SF,IC2001,2019-12-05 09:34:49.000,4885.2000,8398,0,161281720.000,0,-,-,-,-,4885.0000,4883.6000,4882.0000,4881.0000,4880.0000,4885.8000,4886.4000,4886.6000,4887.8000,4888.0000,6,1,11,2,1,1,2,1,1,1
SF,IC2001,2019-12-05 09:34:49.500,4885.2000,8397,-1,162258760.000,1,0,1,双平,S,4885.0000,4883.6000,4882.0000,4881.0000,4880.0000,4886.4000,4886.6000,4887.8000,4888.0000,4888.4000,6,1,11,2,1,2,1,1,1,2
SF,IC2001,2019-12-05 09:34:50.000,4885.2000,8398,1,163235800.000,1,1,0,双开,S,4885.0000,4883.6000,4882.0000,4881.0000,4880.0000,4886.4000,4886.6000,4887.8000,4888.0000,4888.4000,6,1,11,2,1,2,1,1,1,2
SF,IC2001,2019-12-05 09:34:50.500,4885.2000,8398,0,163235800.000,0,-,-,-,-,4885.2000,4885.0000,4883.6000,4882.0000,4881.0000,4886.6000,4887.8000,4888.0000,4888.4000,4888.6000,1,6,1,11,2,1,1,1,2,4
SF,IC2001,2019-12-05 09:34:51.000,4885.2000,8398,0,163235800.000,0,-,-,-,-,4885.2000,4885.0000,4883.6000,4882.0000,4881.0000,4887.8000,4888.0000,4888.4000,4888.6000,4888.8000,1,6,1,11,2,1,1,2,4,1
SF,IC2001,2019-12-05 09:34:51.500,4885.2000,8398,0,163235800.000,0,-,-,-,-,4885.2000,4885.0000,4883.8000,4883.6000,4882.0000,4887.6000,4887.8000,4888.0000,4888.4000,4888.6000,1,6,1,1,11,4,1,1,2,4
SF,IC2001,2019-12-05 09:34:52.000,4885.2000,8397,-1,164212840.000,1,0,1,双平,S,4885.0000,4883.6000,4882.0000,4881.0000,4880.0000,4887.4000,4887.6000,4887.8000,4888.0000,4888.4000,6,1,11,2,1,2,7,1,2,2
SF,IC2001,2019-12-05 09:34:52.500,4885.2000,8397,0,164212840.000,0,-,-,-,-,4885.2000,4885.0000,4883.6000,4883.4000,4882.0000,4887.2000,4887.4000,4887.6000,4887.8000,4888.0000,1,6,1,1,11,1,2,5,1,1
SF,IC2001,2019-12-05 09:34:53.000,4885.2000,8397,0,164212840.000,0,-,-,-,-,4885.2000,4885.0000,4883.6000,4883.4000,4882.0000,4887.0000,4887.2000,4887.4000,4887.6000,4887.8000,1,6,1,1,11,1,1,2,5,1
SF,IC2001,2019-12-05 09:34:53.500,4885.2000,8397,0,164212840.000,0,-,-,-,-,4885.2000,4885.0000,4883.6000,4883.4000,4882.0000,4887.4000,4887.6000,4887.8000,4888.0000,4888.4000,1,6,1,1,11,2,3,1,1,2
SF,IC2001,2019-12-05 09:34:54.000,4885.2000,8397,0,164212840.000,0,-,-,-,-,4885.0000,4883.6000,4883.4000,4882.0000,4881.0000,4887.2000,4887.4000,4887.6000,4887.8000,4888.0000,6,1,1,11,2,1,2,3,1,1
SF,IC2001,2019-12-05 09:34:54.500,4885.2000,8397,0,164212840.000,0,-,-,-,-,4885.0000,4883.6000,4883.4000,4882.0000,4881.0000,4887.0000,4887.2000,4887.4000,4887.6000,4887.8000,6,1,1,11,2,1,1,2,3,1
SF,IC2001,2019-12-05 09:34:55.000,4885.2000,8397,0,164212840.000,0,-,-,-,-,4885.0000,4883.6000,4883.4000,4882.0000,4881.0000,4886.8000,4887.0000,4887.4000,4887.6000,4887.8000,6,1,1,11,2,1,2,2,3,1
SF,IC2001,2019-12-05 09:34:55.500,4885.2000,8397,0,164212840.000,0,-,-,-,-,4885.2000,4885.0000,4883.6000,4883.4000,4882.0000,4886.8000,4887.0000,4887.4000,4887.6000,4887.8000,1,6,1,1,11,1,2,2,3,1
SF,IC2001,2019-12-05 09:34:56.000,4885.2000,8397,0,164212840.000,0,-,-,-,-,4885.0000,4883.6000,4883.4000,4882.0000,4881.0000,4886.8000,4887.0000,4887.4000,4887.6000,4887.8000,5,1,1,11,2,1,2,2,3,1
SF,IC2001,2019-12-05 09:34:56.500,4885.2000,8397,0,164212840.000,0,-,-,-,-,4885.0000,4883.6000,4883.4000,4882.0000,4881.0000,4886.8000,4887.0000,4887.4000,4887.6000,4887.8000,6,1,1,11,2,1,2,2,3,1
SF,IC2001,2019-12-05 09:34:57.500,4885.2000,8397,0,164212840.000,0,-,-,-,-,4885.0000,4883.6000,4883.4000,4882.0000,4881.0000,4886.6000,4886.8000,4887.0000,4887.4000,4887.6000,6,1,1,11,2,1,1,2,1,3
SF,IC2001,2019-12-05 09:34:58.000,4885.2000,8397,0,164212840.000,0,-,-,-,-,4885.0000,4883.6000,4883.4000,4882.0000,4881.0000,4886.4000,4886.6000,4887.0000,4887.4000,4887.8000,6,1,1,11,2,1,1,2,1,1
SF,IC2001,2019-12-05 09:34:58.500,4885.2000,8397,0,164212840.000,0,-,-,-,-,4885.0000,4883.6000,4882.0000,4881.0000,4880.0000,4886.4000,4886.6000,4887.0000,4887.4000,4887.8000,6,1,11,2,1,1,1,2,1,1
SF,IC2001,2019-12-05 09:34:59.000,4885.2000,8397,0,164212840.000,0,-,-,-,-,4885.2000,4885.0000,4883.6000,4882.0000,4881.0000,4886.6000,4887.0000,4887.4000,4887.8000,4888.0000,1,6,1,11,2,1,1,1,1,1
SF,IC2001,2019-12-05 09:35:00.000,4885.0000,8394,-3,171051880.000,7,2,5,多平,S,4883.6000,4882.0000,4881.0000,4880.0000,4877.8000,4885.0000,4886.2000,4886.6000,4886.8000,4887.0000,1,11,2,1,5,1,3,1,1,1
SF,IC2001,2019-12-05 09:35:00.500,4885.0000,8394,0,171051880.000,0,-,-,-,-,4883.8000,4883.6000,4882.0000,4881.0000,4880.0000,4885.0000,4885.2000,4886.2000,4886.4000,4886.6000,1,1,11,2,1,1,1,4,4,1
SF,IC2001,2019-12-05 09:35:01.000,4885.2000,8393,-1,173005920.000,2,0,2,多平,S,4883.8000,4883.6000,4882.0000,4881.0000,4880.0000,4886.2000,4886.6000,4886.8000,4887.0000,4887.4000,1,1,11,2,1,1,1,1,1,1
SF,IC2001,2019-12-05 09:35:01.500,4885.2000,8393,0,173005920.000,0,-,-,-,-,4883.8000,4883.6000,4882.0000,4881.0000,4880.0000,4886.2000,4886.6000,4886.8000,4887.0000,4887.4000,1,1,11,2,1,1,1,1,1,1
SF,IC2001,2019-12-05 09:35:02.000,4885.2000,8393,0,173005920.000,0,-,-,-,-,4883.8000,4883.6000,4882.0000,4881.0000,4880.0000,4886.6000,4886.8000,4887.0000,4887.4000,4887.8000,1,1,11,2,1,1,1,1,1,1
SF,IC2001,2019-12-05 09:35:02.500,4885.2000,8393,0,173005920.000,0,-,-,-,-,4886.8000,4885.4000,4884.8000,4884.2000,4883.8000,4887.8000,4888.8000,4889.2000,4889.4000,4889.6000,1,1,1,1,1,1,1,1,1,1
SF,IC2001,2019-12-05 09:35:03.000,4885.2000,8393,0,173005920.000,0,-,-,-,-,4884.8000,4884.2000,4883.8000,4883.6000,4883.4000,4887.4000,4887.6000,4887.8000,4888.8000,4889.2000,1,1,1,1,1,1,1,1,1,1
SF,IC2001,2019-12-05 09:35:03.500,4885.2000,8393,0,173005920.000,0,-,-,-,-,4885.0000,4884.8000,4884.2000,4883.6000,4883.4000,4886.8000,4887.0000,4887.2000,4887.4000,4887.6000,1,1,1,1,1,2,3,1,1,4
SF,IC2001,2019-12-05 09:35:04.000,4885.2000,8393,0,173005920.000,0,-,-,-,-,4885.0000,4884.8000,4884.2000,4883.6000,4883.4000,4886.8000,4887.2000,4887.8000,4888.8000,4889.2000,1,1,1,1,1,1,1,1,1,1
SF,IC2001,2019-12-05 09:35:04.500,4885.2000,8393,0,173005920.000,0,-,-,-,-,4884.8000,4884.2000,4883.6000,4883.4000,4882.0000,4886.6000,4886.8000,4887.8000,4888.8000,4889.2000,1,1,1,1,11,1,1,1,1,1
SF,IC2001,2019-12-05 09:35:05.000,4885.2000,8393,0,173005920.000,0,-,-,-,-,4884.8000,4884.2000,4883.6000,4883.4000,4882.0000,4886.6000,4886.8000,4887.8000,4888.0000,4888.8000,1,1,1,1,11,1,1,1,1,1
SF,IC2001,2019-12-05 09:35:07.000,4885.2000,8393,0,173005920.000,0,-,-,-,-,4884.8000,4884.2000,4883.6000,4883.4000,4882.0000,4886.6000,4886.8000,4887.8000,4888.0000,4888.8000,2,1,1,1,11,1,1,1,1,1
SF,IC2001,2019-12-05 09:35:07.500,4885.2000,8393,0,173005920.000,0,-,-,-,-,4885.0000,4884.8000,4884.2000,4883.6000,4883.4000,4886.6000,4886.8000,4887.8000,4888.0000,4888.8000,1,2,1,1,1,1,1,1,1,1
SF,IC2001,2019-12-05 09:35:08.000,4885.2000,8393,0,173005920.000,0,-,-,-,-,4884.8000,4884.2000,4883.6000,4883.4000,4882.0000,4886.6000,4886.8000,4887.8000,4888.0000,4888.8000,2,1,1,1,11,1,1,1,1,1
SF,IC2001,2019-12-05 09:35:09.000,4886.6000,8392,-1,173983240.000,1,0,1,双平,S,4884.8000,4884.2000,4883.6000,4883.4000,4882.0000,4886.8000,4887.8000,4888.0000,4888.8000,4889.2000,2,1,1,1,11,1,1,1,1,1
SF,IC2001,2019-12-05 09:35:09.500,4886.6000,8392,0,173983240.000,0,-,-,-,-,4885.0000,4884.8000,4884.2000,4883.6000,4883.4000,4886.6000,4886.8000,4887.8000,4888.0000,4888.8000,1,2,1,1,1,1,1,1,1,1
SF,IC2001,2019-12-05 09:35:10.000,4886.6000,8392,0,173983240.000,0,-,-,-,-,4884.8000,4884.2000,4883.6000,4883.4000,4882.0000,4886.6000,4886.8000,4887.8000,4888.0000,4888.8000,2,1,1,1,11,1,1,1,1,1
SF,IC2001,2019-12-05 09:35:12.000,4886.6000,8392,0,173983240.000,0,-,-,-,-,4884.8000,4884.2000,4883.6000,4883.4000,4882.0000,4886.6000,4886.8000,4887.8000,4888.0000,4888.8000,1,1,1,1,11,1,1,1,1,1
SF,IC2001,2019-12-05 09:35:12.500,4886.6000,8392,0,173983240.000,0,-,-,-,-,4884.8000,4883.6000,4883.4000,4882.0000,4881.0000,4886.6000,4887.8000,4888.0000,4888.8000,4889.2000,1,1,1,11,2,1,1,1,1,1
SF,IC2001,2019-12-05 09:35:13.000,4886.6000,8392,0,173983240.000,0,-,-,-,-,4884.8000,4883.6000,4883.4000,4882.0000,4881.0000,4886.6000,4887.8000,4888.0000,4888.8000,4889.2000,1,1,1,11,2,1,1,1,1,1
SF,IC2001,2019-12-05 09:35:13.500,4884.8000,8391,-1,175937160.000,2,0,2,多平,S,4883.6000,4882.0000,4881.0000,4880.0000,4877.8000,4886.0000,4886.2000,4886.4000,4886.6000,4887.8000,1,11,2,1,5,3,1,4,1,1
SF,IC2001,2019-12-05 09:35:14.000,4884.8000,8391,0,175937160.000,0,-,-,-,-,4883.6000,4882.0000,4881.0000,4880.0000,4877.8000,4884.8000,4885.8000,4886.0000,4886.2000,4886.4000,1,11,2,1,5,2,3,3,2,4
SF,IC2001,2019-12-05 09:35:14.500,4884.8000,8391,0,175937160.000,0,-,-,-,-,4883.6000,4882.0000,4881.0000,4880.0000,4877.8000,4884.6000,4884.8000,4885.8000,4886.0000,4886.2000,1,11,2,1,5,2,2,2,3,2
SF,IC2001,2019-12-05 09:35:15.000,4883.6000,8390,-1,176913880.000,1,0,1,双平,S,4882.0000,4881.0000,4880.0000,4877.8000,4877.2000,4884.6000,4884.8000,4885.4000,4885.8000,4886.0000,11,2,1,5,4,2,2,1,2,3
SF,IC2001,2019-12-05 09:35:15.500,4883.6000,8390,0,176913880.000,0,-,-,-,-,4882.2000,4882.0000,4881.0000,4880.8000,4880.0000,4884.6000,4884.8000,4885.4000,4885.8000,4886.0000,1,10,2,1,1,2,2,1,2,3
SF,IC2001,2019-12-05 09:35:16.000,4883.6000,8390,0,176913880.000,0,-,-,-,-,4882.0000,4881.0000,4880.8000,4880.0000,4877.8000,4884.2000,4884.4000,4884.6000,4884.8000,4885.4000,10,2,1,1,5,1,3,2,2,1
SF,IC2001,2019-12-05 09:35:16.500,4883.6000,8390,0,176913880.000,0,-,-,-,-,4882.0000,4881.0000,4880.8000,4880.0000,4877.8000,4883.8000,4884.0000,4884.2000,4884.4000,4884.6000,10,2,1,1,5,3,2,2,4,1
SF,IC2001,2019-12-05 09:35:17.000,4883.6000,8390,0,176913880.000,0,-,-,-,-,4882.2000,4882.0000,4881.0000,4880.8000,4880.0000,4883.8000,4884.0000,4884.2000,4884.4000,4884.6000,1,10,2,1,1,3,2,2,3,1
SF,IC2001,2019-12-05 09:35:17.500,4883.6000,8390,0,176913880.000,0,-,-,-,-,4882.0000,4881.0000,4880.8000,4880.0000,4877.8000,4883.6000,4883.8000,4884.0000,4884.2000,4884.4000,10,2,1,1,5,1,3,1,2,3
SF,IC2001,2019-12-05 09:35:18.000,4883.6000,8390,0,176913880.000,0,-,-,-,-,4882.2000,4882.0000,4881.0000,4880.8000,4880.0000,4884.0000,4884.2000,4884.4000,4884.8000,4885.4000,1,10,2,1,1,1,1,2,2,1
SF,IC2001,2019-12-05 09:35:18.500,4883.6000,8390,0,176913880.000,0,-,-,-,-,4882.0000,4881.0000,4880.8000,4880.0000,4877.8000,4883.8000,4884.0000,4884.2000,4884.4000,4884.8000,10,2,1,1,5,1,1,1,2,2
SF,IC2001,2019-12-05 09:35:19.000,4883.6000,8390,0,176913880.000,0,-,-,-,-,4882.0000,4881.0000,4880.8000,4880.0000,4877.8000,4883.8000,4884.2000,4884.4000,4884.8000,4885.4000,10,2,1,1,5,1,1,2,2,1
SF,IC2001,2019-12-05 09:35:19.500,4883.6000,8390,0,176913880.000,0,-,-,-,-,4882.2000,4882.0000,4881.0000,4880.8000,4880.0000,4883.8000,4884.8000,4885.4000,4885.8000,4886.2000,1,10,2,1,1,1,2,1,1,1
