市场代码,合约代码,时间,最新,持仓,增仓,成交额,成交量,开仓,平仓,成交类型,方向,买一价,买二价,买三价,买四价,买五价,卖一价,卖二价,卖三价,卖四价,卖五价,买一量,买二量,买三量,买四量,买五量,卖一量,卖二量,卖三量,卖四量,卖五量
SF,IC2006,2020-01-14 09:29:00.100,5495.2000,39510,0,21980800.000,20.000,-,-,-,-,5495.2000,5492.6000,5492.2000,5491.8000,5490.0000,5498.0000,5499.0000,5500.0000,5502.0000,5507.4000,1,1,5,1,1,2,1,7,1,1
SF,IC2006,2020-01-14 09:30:00.100,5498.0000,39510,0,25278960.000,3,1,2,多换,S,5495.4000,5495.2000,5495.0000,5492.6000,5492.2000,5498.0000,5499.0000,5500.0000,5503.0000,5507.4000,1,2,1,1,5,1,1,7,1,1
SF,IC2006,2020-01-14 09:30:00.600,5496.0000,39508,-2,30776080.000,5,1,4,多平,S,5495.8000,5495.4000,5495.2000,5495.0000,5492.6000,5496.4000,5497.2000,5497.4000,5497.8000,5498.0000,2,1,2,2,1,1,1,1,3,1
SF,IC2006,2020-01-14 09:30:01.100,5496.2000,39505,-3,39569520.000,8,2,6,多平,S,5495.2000,5495.0000,5492.6000,5492.2000,5491.8000,5497.4000,5497.8000,5498.0000,5499.0000,5500.0000,2,2,1,5,2,1,1,1,1,8
SF,IC2006,2020-01-14 09:30:01.600,5497.0000,39504,-1,50561680.000,10,4,6,多平,S,5492.2000,5491.8000,5490.4000,5490.0000,5489.4000,5497.0000,5497.4000,5497.8000,5499.0000,5500.0000,5,2,5,1,1,4,1,2,1,8
SF,IC2006,2020-01-14 09:30:02.100,5497.0000,39504,0,50561680.000,0,-,-,-,-,5492.6000,5492.4000,5492.2000,5491.8000,5491.0000,5495.2000,5495.4000,5495.8000,5496.8000,5497.0000,1,1,5,2,10,6,3,3,1,4
SF,IC2006,2020-01-14 09:30:02.600,5495.2000,39503,-1,56056880.000,5,2,3,多平,S,5492.6000,5492.2000,5491.8000,5491.0000,5490.4000,5495.2000,5495.4000,5495.8000,5497.0000,5497.4000,1,5,2,10,5,1,3,3,4,1
SF,IC2006,2020-01-14 09:30:03.100,5495.2000,39503,0,56056880.000,0,-,-,-,-,5492.8000,5492.2000,5491.8000,5491.0000,5490.4000,5495.2000,5495.4000,5495.8000,5497.0000,5497.4000,1,5,2,10,5,1,3,3,4,1
SF,IC2006,2020-01-14 09:30:03.600,5495.2000,39503,0,57155920.000,1,0,1,多换,S,5493.0000,5492.2000,5491.8000,5491.0000,5490.4000,5495.2000,5495.4000,5495.8000,5497.0000,5497.4000,1,5,2,10,5,1,3,3,4,1
SF,IC2006,2020-01-14 09:30:04.100,5495.4000,39497,-6,63750320.000,6,0,6,双平,S,5495.4000,5493.2000,5492.2000,5491.8000,5491.0000,5495.8000,5497.0000,5497.4000,5497.8000,5498.0000,4,1,5,2,10,3,4,1,2,11
SF,IC2006,2020-01-14 09:30:04.600,5495.2000,39493,-4,71444000.000,7,1,6,多平,S,5493.2000,5492.2000,5491.8000,5491.0000,5490.4000,5494.2000,5495.8000,5497.0000,5497.4000,5497.8000,1,5,2,10,5,2,1,4,1,2
SF,IC2006,2020-01-14 09:30:05.100,5493.2000,39493,0,73641280.000,2,1,1,多换,S,5495.2000,5492.2000,5491.8000,5491.0000,5490.4000,5495.8000,5497.0000,5497.4000,5497.8000,5498.0000,2,5,2,10,5,1,4,1,2,11
SF,IC2006,2020-01-14 09:30:05.600,5495.2000,39493,0,75839360.000,2,1,1,多换,S,5492.2000,5491.8000,5491.0000,5490.4000,5490.0000,5494.8000,5495.8000,5497.0000,5497.4000,5497.8000,5,2,10,5,1,1,1,4,1,2
SF,IC2006,2020-01-14 09:30:06.100,5495.2000,39493,0,76938400.000,1,0,1,多换,S,5492.4000,5492.2000,5491.8000,5491.0000,5490.4000,5495.2000,5495.8000,5497.0000,5497.4000,5497.8000,1,5,2,10,5,5,1,4,1,2
SF,IC2006,2020-01-14 09:30:06.600,5495.2000,39493,0,78037440.000,1,0,1,多换,S,5492.4000,5492.2000,5491.8000,5491.0000,5490.4000,5495.2000,5495.8000,5497.0000,5497.4000,5497.8000,1,5,2,10,5,4,1,4,1,2
SF,IC2006,2020-01-14 09:30:07.100,5492.2000,39492,-1,80234360.000,2,0,2,多平,S,5492.2000,5491.8000,5491.0000,5490.4000,5490.0000,5495.0000,5495.2000,5495.8000,5497.0000,5497.4000,4,2,10,5,1,1,4,1,4,1
SF,IC2006,2020-01-14 09:30:07.600,5492.4000,39492,0,81332840.000,1,0,1,多换,S,5492.2000,5491.8000,5491.0000,5490.4000,5490.0000,5495.0000,5495.2000,5495.8000,5497.0000,5497.4000,5,2,10,5,1,1,4,1,4,1
SF,IC2006,2020-01-14 09:30:08.100,5492.4000,39492,0,81332840.000,0,-,-,-,-,5492.2000,5491.8000,5491.0000,5490.4000,5490.0000,5492.4000,5495.0000,5495.2000,5495.8000,5497.0000,4,2,10,5,1,2,1,4,1,4
SF,IC2006,2020-01-14 09:30:08.600,5495.2000,39485,-7,89024960.000,7,0,7,双平,S,5495.4000,5492.6000,5492.4000,5492.2000,5491.8000,5495.8000,5497.0000,5497.4000,5497.8000,5498.0000,5,1,2,4,2,1,4,1,2,11
SF,IC2006,2020-01-14 09:30:09.100,5492.4000,39480,-5,96717320.000,7,1,6,多平,S,5492.2000,5491.8000,5491.0000,5490.4000,5490.0000,5495.4000,5495.6000,5495.8000,5496.0000,5497.0000,4,2,10,5,1,1,1,1,2,4
SF,IC2006,2020-01-14 09:30:09.600,5492.4000,39480,0,97815800.000,1,0,1,多换,S,5492.4000,5492.2000,5491.8000,5491.0000,5490.4000,5495.2000,5495.4000,5495.6000,5495.8000,5496.0000,1,4,2,10,5,1,1,1,1,2
SF,IC2006,2020-01-14 09:30:10.100,5495.4000,39480,0,98914880.000,1,0,1,多换,S,5492.6000,5492.4000,5492.2000,5491.8000,5491.0000,5494.8000,5495.6000,5495.8000,5496.0000,5497.0000,2,1,4,2,10,1,1,1,2,4
SF,IC2006,2020-01-14 09:30:10.600,5494.8000,39478,-2,103310720.000,4,1,3,多平,S,5492.6000,5492.2000,5491.8000,5491.0000,5490.4000,5493.8000,5495.8000,5496.0000,5497.0000,5497.4000,2,4,2,10,5,4,1,2,4,1
SF,IC2006,2020-01-14 09:30:11.100,5492.6000,39473,-5,112100840.000,8,1,7,多平,S,5492.2000,5491.8000,5491.4000,5491.0000,5490.4000,5495.8000,5496.0000,5497.0000,5497.4000,5497.8000,4,2,5,10,5,1,2,4,1,1
SF,IC2006,2020-01-14 09:30:11.600,5492.6000,39473,0,112100840.000,0,-,-,-,-,5492.4000,5492.2000,5491.8000,5491.4000,5491.0000,5495.6000,5495.8000,5496.0000,5497.0000,5497.4000,2,4,2,5,10,2,1,2,4,1
SF,IC2006,2020-01-14 09:30:12.100,5492.6000,39473,0,112100840.000,0,-,-,-,-,5493.8000,5492.8000,5492.4000,5492.2000,5491.8000,5495.6000,5496.0000,5497.0000,5497.4000,5497.8000,1,1,2,4,2,2,2,4,1,1
SF,IC2006,2020-01-14 09:30:12.600,5492.6000,39473,0,112100840.000,0,-,-,-,-,5494.0000,5493.8000,5493.4000,5492.8000,5492.4000,5494.8000,5495.4000,5495.6000,5496.0000,5497.0000,1,1,1,1,1,1,1,2,2,4
SF,IC2006,2020-01-14 09:30:13.100,5492.6000,39473,0,112100840.000,0,-,-,-,-,5494.0000,5493.8000,5493.4000,5492.8000,5492.6000,5494.8000,5495.4000,5495.6000,5496.0000,5497.0000,2,1,1,5,1,1,1,2,5,4
SF,IC2006,2020-01-14 09:30:13.600,5494.8000,39473,0,113199800.000,1,0,1,多换,S,5494.8000,5494.0000,5493.8000,5492.8000,5492.6000,5495.0000,5495.6000,5496.0000,5497.0000,5497.4000,2,2,2,5,1,1,2,5,4,1
SF,IC2006,2020-01-14 09:30:14.100,5495.0000,39472,-1,114298800.000,1,0,1,双平,S,5495.0000,5494.8000,5494.0000,5493.8000,5493.0000,5495.6000,5496.0000,5497.0000,5497.4000,5497.8000,1,1,2,2,1,2,5,4,1,2
SF,IC2006,2020-01-14 09:30:14.600,5495.6000,39470,-2,118695360.000,4,1,3,多平,S,5495.0000,5494.8000,5494.0000,5493.8000,5493.0000,5496.0000,5497.0000,5497.4000,5497.8000,5498.0000,1,2,2,2,1,4,4,1,2,11
SF,IC2006,2020-01-14 09:30:15.100,5495.0000,39469,-1,121992520.000,3,1,2,多平,S,5494.8000,5494.0000,5493.8000,5493.0000,5492.8000,5495.0000,5496.0000,5497.0000,5497.4000,5497.8000,2,2,2,1,5,1,4,4,1,3
SF,IC2006,2020-01-14 09:30:15.600,5495.0000,39468,-1,123091520.000,1,0,1,双平,S,5495.4000,5495.2000,5495.0000,5494.8000,5494.0000,5496.0000,5497.0000,5497.4000,5497.8000,5498.0000,2,1,1,2,2,4,4,1,3,11
SF,IC2006,2020-01-14 09:30:16.100,5495.0000,39467,-1,124190520.000,1,0,1,双平,S,5495.4000,5495.2000,5495.0000,5494.8000,5494.0000,5495.8000,5496.0000,5497.0000,5497.4000,5497.8000,1,1,1,2,2,1,4,4,1,3
SF,IC2006,2020-01-14 09:30:16.600,5496.0000,39464,-3,128587000.000,4,0,4,多平,S,5495.0000,5494.8000,5494.0000,5493.8000,5492.8000,5496.0000,5497.0000,5497.4000,5497.8000,5498.0000,1,2,2,2,4,4,4,1,3,11
SF,IC2006,2020-01-14 09:30:17.100,5495.0000,39461,-3,131884400.000,3,0,3,双平,S,5494.8000,5494.0000,5493.8000,5492.8000,5492.6000,5495.0000,5495.4000,5496.0000,5497.0000,5497.4000,2,2,2,4,1,4,1,1,4,1
SF,IC2006,2020-01-14 09:30:17.600,5495.4000,39456,-5,137379480.000,5,0,5,双平,S,5495.8000,5495.0000,5494.8000,5494.6000,5494.0000,5496.0000,5497.0000,5497.4000,5497.8000,5498.0000,1,2,2,1,2,1,4,1,3,11
SF,IC2006,2020-01-14 09:30:18.100,5496.0000,39455,-1,138478680.000,1,0,1,双平,S,5495.8000,5495.0000,5494.8000,5494.6000,5494.0000,5496.0000,5497.0000,5497.4000,5497.8000,5498.0000,1,2,2,1,2,2,4,1,3,11
SF,IC2006,2020-01-14 09:30:18.600,5495.8000,39452,-3,141776240.000,3,0,3,双平,S,5495.0000,5494.8000,5494.6000,5494.0000,5493.8000,5497.0000,5497.4000,5497.8000,5498.0000,5498.2000,2,2,1,2,2,4,1,3,11,1
SF,IC2006,2020-01-14 09:30:19.100,5496.4000,39451,-1,142875520.000,1,0,1,双平,S,5495.2000,5495.0000,5494.8000,5494.6000,5494.0000,5497.0000,5497.2000,5497.4000,5497.8000,5498.0000,1,2,2,1,2,4,1,1,3,11
SF,IC2006,2020-01-14 09:30:19.600,5495.4000,39449,-2,145073680.000,2,0,2,双平,S,5495.2000,5495.0000,5494.8000,5494.6000,5494.0000,5495.4000,5496.8000,5497.0000,5497.2000,5497.4000,1,2,1,1,2,1,1,4,1,1
SF,IC2006,2020-01-14 09:30:20.100,5495.0000,39447,-2,147271760.000,2,0,2,双平,S,5495.0000,5494.8000,5494.6000,5494.0000,5493.8000,5497.0000,5497.2000,5497.4000,5497.8000,5498.0000,1,1,1,2,2,4,1,1,3,11
SF,IC2006,2020-01-14 09:30:20.600,5495.0000,39445,-2,149469760.000,2,0,2,双平,S,5494.8000,5494.6000,5494.0000,5493.8000,5492.8000,5495.0000,5497.0000,5497.2000,5497.4000,5497.8000,1,1,2,2,4,3,4,1,1,3
SF,IC2006,2020-01-14 09:30:21.100,5495.2000,39442,-3,153865800.000,4,0,4,多平,S,5494.8000,5494.6000,5494.0000,5493.8000,5492.8000,5497.0000,5497.2000,5497.4000,5497.8000,5498.0000,1,1,2,2,4,4,1,1,3,11
SF,IC2006,2020-01-14 09:30:21.600,5495.2000,39442,0,153865800.000,0,-,-,-,-,5494.8000,5494.6000,5494.0000,5493.8000,5492.8000,5495.0000,5495.2000,5496.2000,5496.8000,5497.0000,1,1,2,2,4,1,1,1,3,4
SF,IC2006,2020-01-14 09:30:22.100,5495.2000,39441,-1,156063880.000,2,0,2,多平,S,5494.8000,5494.6000,5494.0000,5493.8000,5492.8000,5496.2000,5496.8000,5497.0000,5497.2000,5497.4000,1,1,2,2,4,2,3,4,1,1
SF,IC2006,2020-01-14 09:30:22.600,5494.8000,39439,-2,159360720.000,3,0,3,多平,S,5495.0000,5494.0000,5493.8000,5492.8000,5492.6000,5496.2000,5497.0000,5497.2000,5497.4000,5497.8000,1,2,2,4,1,2,4,1,1,3
SF,IC2006,2020-01-14 09:30:23.100,5494.8000,39438,-1,161558640.000,2,0,2,多平,S,5494.0000,5493.8000,5492.8000,5492.6000,5492.2000,5494.6000,5494.8000,5496.0000,5496.2000,5497.0000,1,2,4,1,4,2,1,1,1,4
SF,IC2006,2020-01-14 09:30:23.600,5495.2000,39435,-3,164855560.000,3,0,3,双平,S,5495.0000,5494.0000,5493.8000,5492.8000,5492.6000,5496.0000,5496.2000,5497.0000,5497.2000,5497.4000,1,1,2,4,1,1,1,4,1,1
SF,IC2006,2020-01-14 09:30:24.100,5495.0000,39434,-1,167053560.000,2,0,2,多平,S,5494.0000,5493.8000,5492.8000,5492.6000,5492.2000,5494.6000,5494.8000,5496.2000,5497.0000,5497.2000,1,2,4,1,4,1,2,1,4,1
SF,IC2006,2020-01-14 09:30:24.600,5493.8000,39433,-1,169251120.000,2,0,2,多平,S,5493.8000,5492.8000,5492.6000,5492.2000,5491.8000,5494.0000,5494.6000,5494.8000,5496.2000,5497.0000,1,4,1,4,12,1,1,2,1,4
SF,IC2006,2020-01-14 09:30:25.100,5494.0000,39433,0,170349920.000,1,0,1,多换,S,5493.8000,5492.8000,5492.6000,5492.2000,5491.8000,5494.6000,5494.8000,5495.0000,5495.2000,5496.2000,1,4,1,4,12,1,2,1,1,1
SF,IC2006,2020-01-14 09:30:25.600,5494.6000,39433,0,172547720.000,2,1,1,多换,S,5494.6000,5493.8000,5492.8000,5492.6000,5492.2000,5494.8000,5495.0000,5495.2000,5496.2000,5497.0000,1,1,4,1,4,2,1,1,1,4
SF,IC2006,2020-01-14 09:30:26.100,5494.4000,39433,0,175844280.000,3,1,2,多换,S,5494.0000,5492.8000,5492.6000,5492.2000,5491.8000,5494.8000,5495.0000,5495.2000,5496.2000,5497.0000,1,4,1,4,12,2,1,1,1,4
SF,IC2006,2020-01-14 09:30:26.600,5494.0000,39431,-2,178042000.000,2,0,2,双平,S,5494.0000,5492.8000,5492.6000,5492.2000,5491.8000,5494.8000,5495.0000,5495.2000,5496.2000,5497.0000,1,4,1,4,12,2,1,1,1,4
SF,IC2006,2020-01-14 09:30:27.100,5494.0000,39431,0,178042000.000,0,-,-,-,-,5494.0000,5492.8000,5492.6000,5492.2000,5491.8000,5494.6000,5494.8000,5495.0000,5495.2000,5496.2000,1,4,1,4,12,1,2,2,1,1
SF,IC2006,2020-01-14 09:30:27.600,5494.0000,39430,-1,180239600.000,2,0,2,多平,S,5494.4000,5494.0000,5492.8000,5492.6000,5492.2000,5494.6000,5494.8000,5495.0000,5495.2000,5496.2000,4,1,4,1,4,1,2,2,1,1
SF,IC2006,2020-01-14 09:30:28.100,5494.8000,39429,-1,182437480.000,2,0,2,多平,S,5494.6000,5494.4000,5494.0000,5492.8000,5492.6000,5494.8000,5495.0000,5495.2000,5496.2000,5497.0000,3,4,1,4,1,1,2,1,1,4
SF,IC2006,2020-01-14 09:30:28.600,5494.8000,39424,-5,187932440.000,5,0,5,双平,S,5494.6000,5494.4000,5494.0000,5492.8000,5492.6000,5497.0000,5497.4000,5497.6000,5497.8000,5498.0000,3,4,1,4,1,4,1,1,3,11
SF,IC2006,2020-01-14 09:30:29.100,5494.8000,39424,0,187932440.000,0,-,-,-,-,5494.8000,5494.6000,5494.4000,5494.0000,5492.8000,5495.4000,5496.8000,5497.0000,5497.2000,5497.4000,1,3,5,1,4,1,3,4,1,1
SF,IC2006,2020-01-14 09:30:29.600,5495.4000,39423,-1,189031520.000,1,0,1,双平,S,5495.6000,5494.8000,5494.6000,5494.4000,5494.0000,5496.8000,5497.0000,5497.2000,5497.4000,5497.8000,2,1,6,5,1,2,4,1,1,3
SF,IC2006,2020-01-14 09:30:30.100,5495.4000,39421,-2,191229680.000,2,0,2,双平,S,5494.8000,5494.6000,5494.4000,5494.0000,5492.8000,5496.0000,5496.8000,5497.0000,5497.4000,5497.8000,1,6,5,1,4,1,2,4,1,3
SF,IC2006,2020-01-14 09:30:30.600,5495.4000,39421,0,191229680.000,0,-,-,-,-,5495.4000,5495.0000,5494.8000,5494.6000,5494.4000,5497.0000,5497.4000,5497.8000,5498.0000,5498.2000,1,1,1,6,5,4,1,3,11,1
SF,IC2006,2020-01-14 09:30:31.100,5495.4000,39420,-1,192328760.000,1,0,1,双平,S,5495.0000,5494.8000,5494.6000,5494.4000,5494.0000,5496.0000,5496.8000,5497.0000,5497.4000,5497.8000,1,1,6,5,1,1,3,4,1,3
SF,IC2006,2020-01-14 09:30:31.600,5496.0000,39419,-1,194526960.000,2,0,2,多平,S,5496.0000,5495.0000,5494.8000,5494.6000,5494.4000,5496.8000,5497.0000,5497.4000,5497.8000,5498.0000,2,20,1,6,5,3,4,1,3,11
SF,IC2006,2020-01-14 09:30:32.100,5495.0000,39419,0,197824360.000,3,1,2,多换,S,5495.0000,5494.8000,5494.6000,5494.4000,5494.0000,5496.0000,5496.8000,5497.0000,5497.4000,5497.8000,19,1,6,5,1,2,2,4,1,3
SF,IC2006,2020-01-14 09:30:32.600,5495.8000,39419,0,200022680.000,2,1,1,多换,S,5495.0000,5494.8000,5494.6000,5494.4000,5494.0000,5496.0000,5496.8000,5497.0000,5497.4000,5497.8000,19,1,6,5,1,2,2,4,1,3
SF,IC2006,2020-01-14 09:30:33.100,5495.0000,39418,-1,201121680.000,1,0,1,双平,S,5495.0000,5494.8000,5494.6000,5494.4000,5494.0000,5496.0000,5497.0000,5497.4000,5497.8000,5498.0000,18,1,6,5,1,2,4,1,3,11
SF,IC2006,2020-01-14 09:30:33.600,5495.0000,39414,-4,205517680.000,4,0,4,双平,S,5495.0000,5494.8000,5494.6000,5494.4000,5494.0000,5496.0000,5497.0000,5497.2000,5497.4000,5497.8000,14,1,6,5,1,2,4,1,1,3
SF,IC2006,2020-01-14 09:30:34.100,5495.0000,39400,-14,220903680.000,14,0,14,双平,S,5495.6000,5494.8000,5494.6000,5494.4000,5494.0000,5495.8000,5496.0000,5497.0000,5497.2000,5497.4000,1,1,6,5,1,1,4,4,1,1
SF,IC2006,2020-01-14 09:30:34.600,5495.6000,39400,0,222002800.000,1,0,1,多换,S,5494.8000,5494.6000,5494.4000,5494.0000,5493.8000,5495.0000,5495.6000,5496.0000,5497.0000,5497.2000,1,7,5,1,1,1,3,5,4,1
SF,IC2006,2020-01-14 09:30:35.100,5496.0000,39391,-9,235191960.000,12,1,11,多平,S,5494.6000,5494.4000,5494.0000,5493.8000,5492.6000,5497.0000,5497.2000,5497.4000,5497.8000,5498.0000,7,5,1,1,1,4,1,1,3,11
SF,IC2006,2020-01-14 09:30:35.600,5494.6000,39388,-3,243983480.000,8,2,6,多平,S,5496.0000,5495.0000,5494.6000,5494.4000,5494.0000,5496.8000,5497.0000,5497.2000,5497.4000,5497.8000,1,1,1,5,1,3,4,1,1,3
SF,IC2006,2020-01-14 09:30:36.100,5496.0000,39388,0,247281080.000,3,1,2,多换,S,5495.0000,5494.6000,5494.4000,5494.0000,5493.8000,5495.4000,5496.8000,5497.0000,5497.2000,5497.4000,1,1,5,1,1,1,2,4,1,1
SF,IC2006,2020-01-14 09:30:36.600,5495.0000,39387,-1,249479080.000,2,0,2,多平,S,5494.6000,5494.4000,5494.0000,5493.8000,5492.6000,5494.8000,5495.4000,5496.8000,5497.0000,5497.2000,1,5,1,1,1,3,1,2,4,1
SF,IC2006,2020-01-14 09:30:37.100,5494.6000,39387,0,250578000.000,1,0,1,多换,S,5494.4000,5494.0000,5493.8000,5492.6000,5492.2000,5494.6000,5494.8000,5496.8000,5497.0000,5497.2000,5,1,1,1,4,2,3,2,4,1
SF,IC2006,2020-01-14 09:30:37.600,5494.4000,39383,-4,257171280.000,6,1,5,多平,S,5493.8000,5492.6000,5492.2000,5492.0000,5491.8000,5494.4000,5494.8000,5496.2000,5496.4000,5496.8000,1,1,4,1,12,2,3,1,1,2
SF,IC2006,2020-01-14 09:30:38.100,5494.4000,39383,0,265961960.000,8,4,4,多换,S,5492.6000,5492.2000,5492.0000,5491.8000,5491.4000,5494.4000,5494.8000,5496.2000,5496.4000,5496.6000,1,4,1,12,1,1,3,1,1,1
SF,IC2006,2020-01-14 09:30:38.600,5494.4000,39383,0,265961960.000,0,-,-,-,-,5494.0000,5493.6000,5492.8000,5492.6000,5492.2000,5494.4000,5494.6000,5494.8000,5495.8000,5496.0000,2,1,2,1,4,1,1,3,1,1
SF,IC2006,2020-01-14 09:30:39.100,5494.0000,39383,0,270357160.000,4,2,2,多换,S,5493.6000,5492.8000,5492.6000,5492.2000,5492.0000,5494.4000,5494.6000,5494.8000,5495.8000,5496.0000,1,1,1,4,1,3,1,3,1,1
SF,IC2006,2020-01-14 09:30:39.600,5493.6000,39383,0,271455880.000,1,0,1,多换,S,5492.6000,5492.2000,5492.0000,5491.8000,5491.4000,5494.4000,5494.6000,5494.8000,5495.0000,5495.8000,1,4,1,12,1,3,1,3,1,1
SF,IC2006,2020-01-14 09:30:40.100,5494.2000,39383,0,274752400.000,3,1,2,多换,S,5492.6000,5492.2000,5492.0000,5491.8000,5491.4000,5494.4000,5494.6000,5494.8000,5495.0000,5495.6000,1,4,1,12,1,3,1,3,1,1
SF,IC2006,2020-01-14 09:30:40.600,5494.2000,39383,0,274752400.000,0,-,-,-,-,5492.8000,5492.6000,5492.2000,5492.0000,5491.8000,5494.2000,5494.4000,5494.6000,5494.8000,5495.0000,1,1,4,1,12,1,3,1,3,1
SF,IC2006,2020-01-14 09:30:41.100,5494.4000,39384,1,280246720.000,5,3,2,空开,S,5494.4000,5492.8000,5492.6000,5492.2000,5492.0000,5494.6000,5494.8000,5495.0000,5495.6000,5495.8000,5,1,1,4,1,1,3,1,1,2
SF,IC2006,2020-01-14 09:30:41.600,5494.4000,39385,1,285741120.000,5,3,2,空开,S,5492.8000,5492.6000,5492.2000,5492.0000,5491.8000,5494.6000,5494.8000,5495.0000,5495.6000,5495.8000,1,1,4,1,12,1,3,1,1,2
SF,IC2006,2020-01-14 09:30:42.100,5494.4000,39385,0,285741120.000,0,-,-,-,-,5494.4000,5494.2000,5493.0000,5492.8000,5492.6000,5494.6000,5494.8000,5495.0000,5495.6000,5495.8000,1,1,1,1,1,1,3,1,1,1
SF,IC2006,2020-01-14 09:30:42.600,5494.6000,39385,0,290136600.000,4,2,2,多换,S,5493.0000,5492.8000,5492.6000,5492.2000,5492.0000,5494.2000,5494.4000,5494.8000,5495.0000,5495.6000,1,1,1,4,1,1,3,3,1,1
SF,IC2006,2020-01-14 09:30:43.100,5494.6000,39385,0,290136600.000,0,-,-,-,-,5493.2000,5493.0000,5492.6000,5492.2000,5492.0000,5494.2000,5494.4000,5494.8000,5495.0000,5495.6000,1,1,1,4,1,2,3,3,2,1
SF,IC2006,2020-01-14 09:30:43.600,5494.2000,39385,0,291235440.000,1,0,1,多换,S,5493.2000,5492.6000,5492.2000,5492.0000,5491.8000,5494.4000,5494.8000,5495.0000,5495.6000,5495.8000,1,1,4,1,12,2,3,2,1,1
SF,IC2006,2020-01-14 09:30:44.100,5493.2000,39383,-2,293432720.000,2,0,2,双平,S,5492.6000,5492.2000,5492.0000,5491.8000,5491.4000,5493.0000,5493.2000,5494.4000,5494.8000,5495.0000,1,4,1,12,1,1,1,2,3,2
SF,IC2006,2020-01-14 09:30:44.600,5493.2000,39381,-2,296728640.000,3,0,3,多平,S,5493.2000,5493.0000,5492.8000,5492.6000,5492.2000,5494.4000,5494.8000,5495.0000,5495.6000,5495.8000,1,2,4,1,4,2,2,2,1,1
SF,IC2006,2020-01-14 09:30:45.100,5494.2000,39381,0,297827480.000,1,0,1,多换,S,5493.4000,5493.2000,5493.0000,5492.8000,5492.6000,5494.4000,5494.8000,5495.0000,5495.6000,5495.8000,2,1,2,4,1,3,2,2,1,1
SF,IC2006,2020-01-14 09:30:45.600,5494.2000,39380,-1,302222480.000,4,1,3,多平,S,5493.2000,5492.8000,5492.6000,5492.2000,5492.0000,5494.4000,5494.8000,5495.0000,5495.6000,5495.8000,1,4,1,4,1,3,2,2,1,1
SF,IC2006,2020-01-14 09:30:46.100,5494.2000,39380,0,302222480.000,0,-,-,-,-,5492.8000,5492.6000,5492.2000,5492.0000,5491.8000,5494.2000,5494.4000,5494.8000,5495.0000,5495.6000,4,1,4,1,12,1,3,2,1,1
SF,IC2006,2020-01-14 09:30:46.600,5492.8000,39378,-2,304419640.000,2,0,2,双平,S,5492.8000,5492.6000,5492.2000,5492.0000,5491.8000,5494.2000,5494.4000,5494.8000,5495.0000,5495.6000,3,1,4,1,12,1,3,2,1,1
SF,IC2006,2020-01-14 09:30:47.100,5492.8000,39378,0,304419640.000,0,-,-,-,-,5492.8000,5492.6000,5492.2000,5492.0000,5491.8000,5493.0000,5494.0000,5494.2000,5494.4000,5494.8000,3,1,4,1,12,10,1,2,2,2
SF,IC2006,2020-01-14 09:30:48.100,5492.8000,39376,-2,306616760.000,2,0,2,双平,S,5492.8000,5492.6000,5492.2000,5492.0000,5491.8000,5493.0000,5493.6000,5494.0000,5494.2000,5494.4000,1,1,4,1,12,10,1,1,2,2
SF,IC2006,2020-01-14 09:30:48.600,5493.0000,39375,-1,311011040.000,4,1,3,多平,S,5492.2000,5492.0000,5491.8000,5491.4000,5490.4000,5492.8000,5493.0000,5494.0000,5494.2000,5494.4000,4,1,12,1,5,1,8,1,2,2
SF,IC2006,2020-01-14 09:30:49.100,5492.2000,39376,1,312109480.000,1,1,0,双开,S,5492.2000,5492.0000,5491.8000,5491.4000,5490.4000,5492.8000,5493.0000,5494.0000,5494.2000,5494.4000,3,1,12,1,5,15,8,1,2,2
SF,IC2006,2020-01-14 09:30:50.100,5492.2000,39376,0,313207920.000,1,0,1,多换,S,5492.2000,5492.0000,5491.8000,5491.4000,5490.4000,5492.6000,5492.8000,5493.0000,5494.0000,5494.2000,2,1,12,1,5,1,15,8,1,1
SF,IC2006,2020-01-14 09:30:50.600,5492.6000,39375,-1,314306440.000,1,0,1,双平,S,5492.2000,5492.0000,5491.8000,5491.4000,5490.4000,5492.8000,5493.0000,5494.0000,5494.2000,5494.4000,2,1,12,1,5,15,9,1,1,2
SF,IC2006,2020-01-14 09:30:51.600,5492.2000,39375,0,316503320.000,2,1,1,多换,S,5492.4000,5492.0000,5491.8000,5491.4000,5490.4000,5492.8000,5493.0000,5494.0000,5494.2000,5494.4000,1,1,12,1,5,15,9,3,1,2
SF,IC2006,2020-01-14 09:30:52.100,5492.0000,39373,-2,318700160.000,2,0,2,双平,S,5491.8000,5491.4000,5490.4000,5490.0000,5489.4000,5492.0000,5492.4000,5492.6000,5492.8000,5493.0000,12,1,5,2,1,1,1,1,15,9
SF,IC2006,2020-01-14 09:30:52.600,5492.2000,39373,0,319798600.000,1,0,1,多换,S,5491.8000,5491.4000,5490.4000,5490.0000,5489.4000,5492.2000,5492.4000,5492.6000,5492.8000,5493.0000,12,1,5,2,1,1,1,1,15,9
SF,IC2006,2020-01-14 09:30:53.100,5492.2000,39372,-1,320897040.000,1,0,1,双平,S,5491.8000,5491.4000,5491.0000,5490.4000,5490.0000,5492.4000,5492.6000,5492.8000,5493.0000,5494.0000,12,1,1,5,2,1,1,15,9,3
SF,IC2006,2020-01-14 09:30:53.600,5492.2000,39372,0,320897040.000,0,-,-,-,-,5491.8000,5491.4000,5491.0000,5490.4000,5490.0000,5492.4000,5492.6000,5492.8000,5493.0000,5494.0000,12,1,1,5,2,2,1,15,9,3
SF,IC2006,2020-01-14 09:30:54.100,5492.4000,39372,0,323093880.000,2,1,1,多换,S,5491.8000,5491.4000,5491.0000,5490.4000,5490.0000,5492.6000,5492.8000,5493.0000,5494.0000,5494.2000,11,1,1,5,2,1,15,9,3,1
SF,IC2006,2020-01-14 09:30:55.100,5492.4000,39372,0,323093880.000,0,-,-,-,-,5491.8000,5491.4000,5491.0000,5490.4000,5490.0000,5492.8000,5493.0000,5494.0000,5494.2000,5494.4000,11,1,1,5,2,15,9,3,1,2
SF,IC2006,2020-01-14 09:30:56.100,5492.8000,39372,0,327487520.000,4,2,2,多换,S,5491.8000,5491.4000,5491.0000,5490.4000,5490.0000,5492.8000,5493.0000,5494.0000,5494.2000,5494.4000,8,1,1,5,2,14,9,3,1,2
SF,IC2006,2020-01-14 09:30:57.100,5491.8000,39372,0,328585880.000,1,0,1,多换,S,5492.4000,5491.8000,5491.4000,5491.0000,5490.4000,5492.6000,5492.8000,5493.0000,5494.0000,5494.2000,3,7,1,1,5,1,14,9,3,1
SF,IC2006,2020-01-14 09:30:57.600,5491.8000,39372,0,334078040.000,5,2,3,多换,S,5491.8000,5491.4000,5491.0000,5490.4000,5490.0000,5492.4000,5492.6000,5492.8000,5493.0000,5494.0000,5,1,1,5,2,1,1,14,9,2
SF,IC2006,2020-01-14 09:30:58.600,5491.8000,39372,0,334078040.000,0,-,-,-,-,5491.8000,5491.4000,5491.0000,5490.4000,5490.0000,5492.4000,5492.6000,5492.8000,5493.0000,5494.0000,5,1,1,5,2,2,1,14,9,2
SF,IC2006,2020-01-14 09:30:59.100,5491.8000,39372,0,334078040.000,0,-,-,-,-,5491.8000,5491.4000,5491.0000,5490.4000,5490.0000,5492.4000,5492.6000,5492.8000,5493.0000,5494.0000,5,1,1,5,2,2,1,14,9,2
SF,IC2006,2020-01-14 09:30:59.600,5491.8000,39372,0,334078040.000,0,-,-,-,-,5492.2000,5491.8000,5491.4000,5491.0000,5490.4000,5492.4000,5492.6000,5492.8000,5493.0000,5494.0000,1,6,1,1,5,2,1,14,9,2
SF,IC2006,2020-01-14 09:31:00.100,5492.0000,39371,-1,335176440.000,1,0,1,双平,S,5491.8000,5491.4000,5491.0000,5490.4000,5490.0000,5492.4000,5492.6000,5492.8000,5493.0000,5494.0000,6,1,1,5,2,3,1,14,9,2
SF,IC2006,2020-01-14 09:31:00.600,5492.4000,39371,0,337373280.000,2,1,1,多换,S,5491.8000,5491.4000,5491.0000,5490.6000,5490.4000,5492.4000,5492.6000,5492.8000,5493.0000,5494.0000,5,1,1,1,5,2,1,14,9,2
SF,IC2006,2020-01-14 09:31:01.100,5492.4000,39371,0,339570240.000,2,1,1,多换,S,5492.0000,5491.8000,5491.4000,5491.0000,5490.6000,5492.6000,5492.8000,5493.0000,5494.0000,5494.2000,1,5,1,1,1,3,14,9,3,1
SF,IC2006,2020-01-14 09:31:01.600,5492.2000,39368,-3,345062520.000,5,1,4,多平,S,5492.0000,5491.8000,5491.4000,5491.0000,5490.6000,5492.4000,5492.6000,5492.8000,5493.0000,5494.0000,1,5,1,1,1,1,2,14,9,3
SF,IC2006,2020-01-14 09:31:02.100,5492.0000,39367,-1,346160920.000,1,0,1,双平,S,5491.8000,5491.4000,5491.0000,5490.6000,5490.4000,5492.4000,5492.6000,5492.8000,5493.0000,5494.0000,6,1,1,1,5,1,2,14,9,3
SF,IC2006,2020-01-14 09:31:02.600,5491.8000,39367,0,347259280.000,1,0,1,多换,S,5491.8000,5491.4000,5491.0000,5490.6000,5490.4000,5492.2000,5492.4000,5492.6000,5492.8000,5493.0000,5,1,1,1,5,1,1,2,14,9
SF,IC2006,2020-01-14 09:31:03.100,5492.0000,39367,0,348357680.000,1,0,1,多换,S,5491.8000,5491.4000,5491.0000,5490.6000,5490.4000,5492.2000,5492.4000,5492.6000,5492.8000,5493.0000,5,1,1,1,5,1,1,2,14,9
SF,IC2006,2020-01-14 09:31:03.600,5491.8000,39367,0,349456040.000,1,0,1,多换,S,5491.8000,5491.4000,5491.0000,5490.6000,5490.4000,5492.2000,5492.4000,5492.6000,5492.8000,5493.0000,4,1,1,1,5,1,1,2,14,9
SF,IC2006,2020-01-14 09:31:04.100,5491.8000,39367,0,351652760.000,2,1,1,多换,S,5492.2000,5491.8000,5491.4000,5491.0000,5490.6000,5492.4000,5492.6000,5492.8000,5493.0000,5494.0000,2,2,1,1,1,1,2,14,9,3
SF,IC2006,2020-01-14 09:31:05.100,5491.8000,39365,-2,356046200.000,4,1,3,多平,S,5491.4000,5491.0000,5490.6000,5490.4000,5490.0000,5491.8000,5492.2000,5492.4000,5492.6000,5492.8000,1,1,1,5,2,16,2,1,2,14
SF,IC2006,2020-01-14 09:31:05.600,5491.8000,39365,0,356046200.000,0,-,-,-,-,5491.4000,5491.0000,5490.6000,5490.4000,5490.0000,5491.8000,5492.2000,5492.4000,5492.6000,5492.8000,1,1,1,5,2,16,2,1,2,14
SF,IC2006,2020-01-14 09:31:06.100,5491.8000,39355,-10,368128160.000,11,0,11,多平,S,5491.4000,5491.0000,5490.6000,5490.4000,5490.0000,5491.8000,5492.2000,5492.4000,5492.6000,5492.8000,1,1,1,5,2,5,4,1,2,14
SF,IC2006,2020-01-14 09:31:06.600,5492.2000,39352,-3,375816840.000,7,2,5,多平,S,5491.8000,5491.4000,5491.0000,5490.6000,5490.4000,5492.2000,5492.4000,5492.6000,5492.8000,5493.0000,2,1,1,1,5,2,1,2,14,9
SF,IC2006,2020-01-14 09:31:07.100,5492.4000,39349,-3,379112200.000,3,0,3,双平,S,5492.4000,5491.8000,5491.4000,5491.0000,5490.6000,5492.6000,5492.8000,5493.0000,5494.0000,5494.2000,3,1,1,1,1,2,14,9,3,1
SF,IC2006,2020-01-14 09:31:07.600,5491.8000,39343,-6,388998880.000,9,1,8,多平,S,5491.4000,5491.0000,5490.6000,5490.4000,5490.0000,5492.0000,5492.8000,5493.0000,5494.0000,5494.2000,1,1,1,5,2,1,10,9,3,1
SF,IC2006,2020-01-14 09:31:08.100,5492.0000,39341,-2,391195680.000,2,0,2,双平,S,5492.2000,5491.8000,5491.4000,5491.0000,5490.6000,5492.8000,5493.0000,5494.0000,5494.2000,5494.4000,1,2,1,1,1,10,9,3,1,1
SF,IC2006,2020-01-14 09:31:08.600,5492.8000,39335,-6,397787040.000,6,0,6,双平,S,5492.2000,5491.8000,5491.4000,5491.0000,5490.6000,5492.8000,5493.0000,5494.0000,5494.2000,5494.4000,1,2,1,1,1,4,8,3,1,1
SF,IC2006,2020-01-14 09:31:09.100,5492.4000,39334,-1,398885520.000,1,0,1,双平,S,5492.4000,5492.2000,5491.8000,5491.4000,5491.0000,5492.8000,5493.0000,5494.0000,5494.2000,5494.4000,1,2,2,1,1,5,8,3,1,1
SF,IC2006,2020-01-14 09:31:09.600,5493.0000,39324,-10,409871320.000,10,0,10,双平,S,5492.4000,5492.2000,5491.8000,5491.4000,5491.0000,5493.0000,5494.0000,5494.2000,5494.4000,5494.8000,1,2,2,1,1,3,1,1,1,2
SF,IC2006,2020-01-14 09:31:10.100,5492.6000,39323,-1,410969840.000,1,0,1,双平,S,5492.4000,5492.2000,5491.8000,5491.4000,5491.0000,5493.0000,5494.0000,5494.2000,5494.4000,5494.8000,1,2,2,1,1,3,1,1,1,2
SF,IC2006,2020-01-14 09:31:10.600,5493.0000,39322,-1,414265640.000,3,1,2,多平,S,5493.0000,5492.6000,5492.4000,5492.2000,5491.8000,5494.0000,5494.2000,5494.4000,5494.8000,5495.0000,6,1,1,2,2,1,1,1,2,1
SF,IC2006,2020-01-14 09:31:11.100,5493.0000,39322,0,414265640.000,0,-,-,-,-,5493.2000,5493.0000,5492.6000,5492.2000,5491.8000,5493.8000,5494.0000,5494.2000,5494.4000,5494.8000,1,6,1,1,2,1,1,1,1,2
SF,IC2006,2020-01-14 09:31:11.600,5493.0000,39321,-1,415364240.000,1,0,1,双平,S,5493.0000,5492.6000,5492.2000,5491.8000,5491.4000,5493.8000,5494.0000,5494.2000,5494.4000,5494.8000,6,1,1,2,1,1,1,1,1,2
SF,IC2006,2020-01-14 09:31:13.100,5493.0000,39321,0,418660200.000,3,1,2,多换,S,5493.2000,5493.0000,5492.6000,5492.2000,5491.8000,5494.0000,5494.2000,5494.4000,5494.8000,5495.0000,1,4,1,1,2,1,1,1,2,1
SF,IC2006,2020-01-14 09:31:13.600,5493.0000,39316,-5,425252000.000,6,0,6,多平,S,5493.0000,5492.6000,5492.2000,5491.8000,5491.4000,5494.0000,5494.2000,5494.4000,5494.8000,5495.0000,3,1,1,2,1,1,1,1,2,1
SF,IC2006,2020-01-14 09:31:14.100,5494.0000,39312,-4,430745680.000,5,0,5,多平,S,5494.0000,5493.0000,5492.6000,5492.2000,5491.8000,5494.2000,5494.4000,5494.8000,5495.0000,5495.6000,1,2,1,1,2,1,1,2,1,1
SF,IC2006,2020-01-14 09:31:14.600,5494.0000,39310,-2,432943320.000,2,0,2,双平,S,5493.0000,5492.6000,5492.2000,5491.8000,5491.4000,5494.4000,5494.8000,5495.0000,5495.6000,5495.8000,2,1,1,2,1,1,2,1,1,1
SF,IC2006,2020-01-14 09:31:15.100,5494.0000,39310,0,432943320.000,0,-,-,-,-,5493.2000,5493.0000,5492.6000,5492.2000,5491.8000,5494.4000,5494.8000,5495.0000,5495.6000,5495.8000,2,2,1,1,2,1,2,1,1,1
SF,IC2006,2020-01-14 09:31:15.600,5494.4000,39309,-1,434042200.000,1,0,1,双平,S,5493.2000,5493.0000,5492.6000,5492.2000,5491.8000,5494.0000,5494.8000,5495.0000,5495.6000,5495.8000,2,2,1,1,2,1,2,1,1,1
SF,IC2006,2020-01-14 09:31:16.100,5494.0000,39308,-1,436239800.000,2,0,2,多平,S,5493.2000,5493.0000,5492.6000,5492.2000,5491.8000,5494.8000,5495.0000,5495.6000,5495.8000,5496.0000,1,3,1,1,2,2,1,1,1,1
SF,IC2006,2020-01-14 09:31:16.600,5494.0000,39308,0,436239800.000,0,-,-,-,-,5494.4000,5494.0000,5493.4000,5493.2000,5493.0000,5494.8000,5495.0000,5495.6000,5495.8000,5496.0000,1,3,1,1,3,2,1,1,1,1
SF,IC2006,2020-01-14 09:31:17.100,5494.8000,39308,0,437338760.000,1,0,1,多换,S,5494.4000,5494.0000,5493.4000,5493.2000,5493.0000,5494.8000,5495.0000,5495.6000,5495.8000,5496.0000,1,3,1,1,3,1,1,1,1,1
SF,IC2006,2020-01-14 09:31:17.600,5494.8000,39308,0,438437720.000,1,0,1,多换,S,5494.8000,5494.4000,5494.0000,5493.4000,5493.2000,5495.0000,5495.6000,5495.8000,5496.0000,5497.0000,1,1,3,1,1,1,1,1,1,4
SF,IC2006,2020-01-14 09:31:18.100,5493.4000,39304,-4,445030640.000,6,1,5,多平,S,5493.2000,5493.0000,5492.6000,5492.2000,5491.8000,5495.0000,5495.6000,5495.8000,5496.0000,5497.0000,1,3,1,1,2,1,1,1,1,4
SF,IC2006,2020-01-14 09:31:18.600,5495.0000,39304,0,447228600.000,2,1,1,多换,S,5495.0000,5493.4000,5493.2000,5493.0000,5492.6000,5495.6000,5495.8000,5496.0000,5497.0000,5497.2000,7,2,1,3,1,1,1,1,4,1
SF,IC2006,2020-01-14 09:31:19.600,5495.8000,39302,-2,449426880.000,2,0,2,双平,S,5495.6000,5495.0000,5493.4000,5493.2000,5493.0000,5496.0000,5497.0000,5497.2000,5497.4000,5497.8000,1,7,2,1,3,1,4,1,1,2
SF,IC2006,2020-01-14 09:31:20.100,5495.6000,39301,-1,450526000.000,1,0,1,双平,S,5495.6000,5495.0000,5493.4000,5493.2000,5493.0000,5496.0000,5497.0000,5497.2000,5497.4000,5497.8000,6,23,1,1,3,1,4,1,1,2
SF,IC2006,2020-01-14 09:31:20.600,5496.0000,39300,-1,452724400.000,2,0,2,多平,S,5495.6000,5495.0000,5493.4000,5493.2000,5493.0000,5497.0000,5497.2000,5497.4000,5497.8000,5498.2000,6,23,1,1,3,4,1,1,2,1
SF,IC2006,2020-01-14 09:31:21.100,5496.0000,39300,0,452724400.000,0,-,-,-,-,5495.8000,5495.6000,5495.0000,5493.2000,5493.0000,5497.0000,5497.2000,5497.4000,5497.8000,5498.2000,1,6,23,1,3,4,1,1,2,1
SF,IC2006,2020-01-14 09:31:22.100,5497.0000,39299,-1,457121720.000,4,1,3,多平,S,5495.6000,5495.0000,5493.2000,5493.0000,5492.6000,5497.0000,5497.2000,5497.4000,5497.8000,5498.2000,6,23,1,3,1,2,1,1,2,1
SF,IC2006,2020-01-14 09:31:22.600,5497.0000,39299,0,457121720.000,0,-,-,-,-,5495.6000,5495.0000,5493.2000,5493.0000,5492.2000,5497.0000,5497.2000,5497.4000,5497.8000,5498.2000,6,23,1,3,1,2,1,1,2,1
SF,IC2006,2020-01-14 09:31:23.100,5497.0000,39299,0,457121720.000,0,-,-,-,-,5495.6000,5495.0000,5493.2000,5493.0000,5492.2000,5496.8000,5497.0000,5497.2000,5497.4000,5497.8000,6,23,1,3,1,1,2,1,1,2
SF,IC2006,2020-01-14 09:31:23.600,5497.0000,39299,0,457121720.000,0,-,-,-,-,5495.6000,5495.0000,5493.2000,5493.0000,5492.2000,5496.8000,5497.0000,5497.2000,5497.4000,5497.8000,6,23,1,3,1,1,2,1,1,2
SF,IC2006,2020-01-14 09:31:24.100,5495.6000,39297,-2,461518200.000,4,1,3,多平,S,5495.6000,5495.0000,5493.2000,5493.0000,5492.2000,5497.0000,5497.2000,5497.4000,5497.8000,5498.2000,2,23,1,3,1,2,1,1,2,1
SF,IC2006,2020-01-14 09:31:24.600,5495.6000,39297,0,461518200.000,0,-,-,-,-,5496.8000,5495.6000,5495.0000,5493.2000,5493.0000,5497.0000,5497.2000,5497.4000,5497.8000,5498.2000,2,2,23,1,3,2,1,1,2,1
SF,IC2006,2020-01-14 09:31:25.100,5496.8000,39295,-2,465915640.000,4,1,3,多平,S,5495.6000,5495.0000,5493.2000,5493.0000,5492.2000,5496.8000,5497.0000,5497.2000,5497.4000,5497.8000,2,23,1,2,1,2,2,1,1,2
SF,IC2006,2020-01-14 09:31:25.600,5497.0000,39294,-1,470313160.000,4,1,3,多平,S,5495.8000,5495.6000,5495.0000,5494.4000,5493.2000,5497.2000,5497.4000,5497.8000,5498.2000,5499.0000,1,2,23,1,1,1,1,2,1,2
SF,IC2006,2020-01-14 09:31:26.100,5497.0000,39294,0,470313160.000,0,-,-,-,-,5496.0000,5495.8000,5495.6000,5495.0000,5494.4000,5497.2000,5497.4000,5497.8000,5498.2000,5499.0000,1,1,2,23,1,1,1,2,1,2
SF,IC2006,2020-01-14 09:31:26.600,5497.0000,39294,0,470313160.000,0,-,-,-,-,5496.0000,5495.8000,5495.6000,5495.0000,5494.4000,5497.2000,5497.4000,5497.8000,5498.2000,5499.0000,1,1,2,23,1,1,1,2,1,2
SF,IC2006,2020-01-14 09:31:27.100,5497.0000,39293,-1,472512000.000,2,0,2,多平,S,5497.0000,5496.8000,5495.8000,5495.6000,5495.0000,5497.4000,5497.8000,5498.2000,5499.0000,5499.2000,16,1,1,2,7,1,2,1,2,3
SF,IC2006,2020-01-14 09:31:27.600,5497.4000,39292,-1,473611480.000,1,0,1,双平,S,5497.4000,5497.2000,5497.0000,5496.8000,5495.8000,5497.8000,5498.2000,5499.0000,5499.2000,5499.4000,1,1,16,1,1,2,1,2,3,1
SF,IC2006,2020-01-14 09:31:28.100,5497.4000,39292,0,473611480.000,0,-,-,-,-,5497.4000,5497.2000,5497.0000,5496.8000,5495.8000,5497.8000,5498.2000,5499.0000,5499.2000,5499.4000,2,1,16,1,1,2,1,2,3,1
SF,IC2006,2020-01-14 09:31:28.600,5497.8000,39291,-1,474711040.000,1,0,1,双平,S,5497.6000,5497.4000,5497.2000,5497.0000,5496.8000,5497.8000,5498.2000,5499.0000,5499.2000,5499.4000,1,4,1,16,1,1,1,2,3,1
SF,IC2006,2020-01-14 09:31:29.100,5497.4000,39290,-1,476910080.000,2,0,2,多平,S,5497.4000,5497.2000,5497.0000,5496.8000,5495.8000,5498.2000,5499.0000,5499.2000,5499.4000,5500.0000,3,1,16,1,1,1,2,3,1,9
SF,IC2006,2020-01-14 09:31:29.600,5497.4000,39290,0,476910080.000,0,-,-,-,-,5497.8000,5497.4000,5497.0000,5496.8000,5495.8000,5498.0000,5498.2000,5499.0000,5499.2000,5499.4000,1,3,16,1,1,1,1,2,3,1
SF,IC2006,2020-01-14 09:31:30.100,5497.8000,39290,0,478009640.000,1,0,1,多换,S,5497.4000,5497.0000,5496.8000,5495.8000,5495.6000,5497.8000,5498.2000,5499.0000,5499.2000,5499.4000,3,16,1,1,2,1,1,2,3,1
SF,IC2006,2020-01-14 09:31:30.600,5497.8000,39290,0,480208680.000,2,1,1,多换,S,5498.0000,5497.8000,5497.4000,5497.0000,5496.8000,5498.2000,5499.0000,5499.2000,5499.4000,5500.0000,1,1,2,18,1,1,2,3,1,9
SF,IC2006,2020-01-14 09:31:31.100,5498.0000,39290,0,483507440.000,3,1,2,多换,S,5497.4000,5497.0000,5496.8000,5495.8000,5495.6000,5498.0000,5498.2000,5499.0000,5499.2000,5499.4000,2,18,1,1,2,3,1,2,3,1
SF,IC2006,2020-01-14 09:31:31.600,5498.2000,39290,0,484607080.000,1,0,1,多换,S,5497.8000,5497.4000,5497.0000,5496.8000,5495.8000,5499.0000,5499.2000,5499.4000,5500.0000,5503.0000,4,2,18,1,1,2,3,1,9,1
SF,IC2006,2020-01-14 09:31:32.100,5498.0000,39290,0,485706680.000,1,0,1,多换,S,5497.8000,5497.4000,5497.0000,5495.8000,5495.6000,5498.0000,5498.8000,5499.0000,5499.2000,5499.4000,4,2,18,1,2,1,1,2,3,1
SF,IC2006,2020-01-14 09:31:32.600,5498.0000,39291,1,489005400.000,3,2,1,空开,S,5497.8000,5497.4000,5497.0000,5495.8000,5495.6000,5498.8000,5499.0000,5499.2000,5499.4000,5500.0000,2,2,18,1,2,1,2,3,1,9
SF,IC2006,2020-01-14 09:31:33.100,5498.0000,39292,1,494503320.000,5,3,2,空开,S,5497.4000,5497.0000,5495.8000,5495.6000,5493.2000,5498.0000,5498.6000,5499.0000,5499.2000,5499.4000,2,18,1,2,1,8,1,2,3,1
SF,IC2006,2020-01-14 09:31:33.600,5497.8000,39291,-1,500000960.000,5,2,3,多平,S,5497.0000,5495.6000,5493.2000,5493.0000,5492.2000,5498.0000,5498.6000,5499.0000,5499.2000,5499.4000,18,2,1,2,2,8,1,2,3,1
SF,IC2006,2020-01-14 09:31:34.100,5497.8000,39291,0,500000960.000,0,-,-,-,-,5497.0000,5495.6000,5493.2000,5493.0000,5492.2000,5497.8000,5498.0000,5498.6000,5499.0000,5499.2000,18,2,1,2,2,1,8,1,2,3
SF,IC2006,2020-01-14 09:31:34.600,5497.8000,39291,0,500000960.000,0,-,-,-,-,5497.2000,5497.0000,5495.6000,5493.2000,5493.0000,5497.8000,5498.0000,5499.0000,5499.2000,5499.4000,1,19,2,1,2,1,8,2,3,1
SF,IC2006,2020-01-14 09:31:35.100,5497.8000,39291,0,502200080.000,2,1,1,多换,S,5497.2000,5497.0000,5495.6000,5493.2000,5493.0000,5498.0000,5499.0000,5499.2000,5499.4000,5500.0000,1,19,2,1,2,8,2,3,1,9
SF,IC2006,2020-01-14 09:31:35.600,5498.0000,39291,0,504399240.000,2,1,1,多换,S,5497.2000,5497.0000,5495.6000,5493.2000,5493.0000,5498.0000,5499.0000,5499.2000,5499.4000,5500.0000,1,19,2,1,2,7,2,3,1,9
SF,IC2006,2020-01-14 09:31:36.100,5498.0000,39292,1,505498840.000,1,1,0,双开,S,5497.2000,5497.0000,5495.6000,5493.2000,5493.0000,5498.0000,5499.0000,5499.2000,5499.4000,5500.0000,1,19,2,1,2,6,2,3,1,9
SF,IC2006,2020-01-14 09:31:36.600,5497.2000,39293,1,507697720.000,2,1,1,空开,S,5497.0000,5495.6000,5493.2000,5493.0000,5492.2000,5497.8000,5498.0000,5499.0000,5499.2000,5499.4000,19,2,1,2,2,1,6,2,3,1
SF,IC2006,2020-01-14 09:31:37.100,5497.0000,39282,-11,521989920.000,13,1,12,多平,S,5497.0000,5495.6000,5493.2000,5493.0000,5492.2000,5497.4000,5497.8000,5498.0000,5499.0000,5499.2000,6,2,1,2,2,1,1,6,2,3
SF,IC2006,2020-01-14 09:31:37.600,5497.0000,39277,-5,528586320.000,6,0,6,多平,S,5495.6000,5493.2000,5493.0000,5492.2000,5491.8000,5497.0000,5497.4000,5497.8000,5498.0000,5499.0000,2,1,2,2,2,2,4,1,6,2
SF,IC2006,2020-01-14 09:31:38.100,5497.4000,39275,-2,530785280.000,2,0,2,双平,S,5495.8000,5495.6000,5493.2000,5493.0000,5492.2000,5497.0000,5497.4000,5497.8000,5498.0000,5499.0000,1,2,1,2,2,3,2,1,6,2
SF,IC2006,2020-01-14 09:31:38.600,5495.6000,39273,-2,534082960.000,3,0,3,多平,S,5495.6000,5493.2000,5493.0000,5492.2000,5491.8000,5497.0000,5497.4000,5497.8000,5498.0000,5499.0000,1,1,2,2,2,2,2,1,6,2
SF,IC2006,2020-01-14 09:31:39.100,5495.6000,39274,1,535182080.000,1,1,0,双开,S,5493.2000,5493.0000,5492.2000,5491.8000,5491.0000,5495.8000,5496.8000,5497.0000,5497.4000,5498.0000,1,2,2,2,1,6,1,2,2,6
SF,IC2006,2020-01-14 09:31:39.600,5495.6000,39274,0,535182080.000,0,-,-,-,-,5493.4000,5493.2000,5493.0000,5492.2000,5491.8000,5495.8000,5496.8000,5497.0000,5497.4000,5498.0000,1,1,2,2,2,6,1,2,2,6
SF,IC2006,2020-01-14 09:31:40.100,5495.6000,39274,0,535182080.000,0,-,-,-,-,5493.4000,5493.2000,5493.0000,5492.2000,5491.8000,5495.6000,5495.8000,5497.0000,5497.4000,5498.0000,1,1,2,2,2,1,6,2,2,6
SF,IC2006,2020-01-14 09:31:40.600,5493.4000,39273,-1,536280760.000,1,0,1,双平,S,5493.2000,5493.0000,5492.2000,5491.8000,5491.0000,5493.4000,5495.6000,5495.8000,5497.0000,5497.4000,1,2,2,2,1,1,1,6,2,2
SF,IC2006,2020-01-14 09:31:41.100,5495.6000,39271,-2,538478560.000,2,0,2,双平,S,5494.2000,5493.8000,5493.4000,5493.2000,5493.0000,5495.8000,5497.0000,5497.4000,5498.0000,5499.0000,2,1,4,1,2,6,2,2,9,2
SF,IC2006,2020-01-14 09:31:41.600,5495.6000,39270,-1,539577680.000,1,0,1,双平,S,5494.4000,5494.2000,5493.8000,5493.4000,5493.2000,5495.8000,5497.0000,5497.4000,5498.0000,5499.0000,3,2,1,3,1,6,2,2,9,2
SF,IC2006,2020-01-14 09:31:42.100,5494.4000,39269,-1,540676560.000,1,0,1,双平,S,5494.4000,5494.2000,5493.8000,5493.4000,5493.2000,5495.6000,5495.8000,5497.4000,5498.0000,5499.0000,2,2,1,2,1,1,6,2,9,2
SF,IC2006,2020-01-14 09:31:42.600,5494.4000,39267,-2,542874320.000,2,0,2,双平,S,5494.2000,5493.8000,5493.4000,5493.2000,5493.0000,5495.6000,5495.8000,5497.4000,5498.0000,5499.0000,2,1,2,1,3,1,6,2,9,2
SF,IC2006,2020-01-14 09:31:43.100,5494.2000,39266,-1,543973160.000,1,0,1,双平,S,5493.8000,5493.4000,5493.2000,5493.0000,5492.2000,5495.6000,5495.8000,5497.4000,5498.0000,5499.0000,1,2,1,3,2,1,6,2,9,2
SF,IC2006,2020-01-14 09:31:43.600,5494.2000,39266,0,543973160.000,0,-,-,-,-,5494.0000,5493.8000,5493.4000,5493.2000,5493.0000,5494.2000,5495.6000,5495.8000,5497.4000,5498.0000,2,1,2,1,3,2,1,6,2,9
SF,IC2006,2020-01-14 09:31:44.100,5494.2000,39263,-3,547269680.000,3,0,3,双平,S,5494.2000,5494.0000,5493.8000,5493.2000,5493.0000,5495.6000,5495.8000,5497.4000,5498.0000,5499.0000,2,2,1,1,3,1,6,2,9,2
SF,IC2006,2020-01-14 09:31:44.600,5495.6000,39262,-1,549467640.000,2,0,2,多平,S,5494.2000,5494.0000,5493.8000,5493.2000,5493.0000,5495.6000,5495.8000,5497.4000,5498.0000,5499.0000,1,2,1,1,3,1,6,2,9,2
SF,IC2006,2020-01-14 09:31:45.100,5495.6000,39262,0,549467640.000,0,-,-,-,-,5494.4000,5494.2000,5494.0000,5493.2000,5493.0000,5495.6000,5495.8000,5497.4000,5498.0000,5499.0000,2,1,1,1,3,1,6,2,9,2
SF,IC2006,2020-01-14 09:31:45.600,5494.2000,39260,-2,552764240.000,3,0,3,多平,S,5494.0000,5493.2000,5493.0000,5492.2000,5491.8000,5494.2000,5495.6000,5497.4000,5498.0000,5499.0000,1,1,3,2,2,4,1,2,10,2
SF,IC2006,2020-01-14 09:31:46.100,5494.2000,39258,-2,557159600.000,4,1,3,多平,S,5494.0000,5493.2000,5493.0000,5492.2000,5492.0000,5495.6000,5497.4000,5498.0000,5499.0000,5499.2000,1,1,3,2,1,1,2,10,2,3
SF,IC2006,2020-01-14 09:31:46.600,5494.2000,39258,0,557159600.000,0,-,-,-,-,5494.2000,5494.0000,5493.2000,5493.0000,5492.2000,5495.6000,5497.4000,5498.0000,5499.0000,5499.2000,3,1,1,3,2,1,2,10,2,3
SF,IC2006,2020-01-14 09:31:47.100,5494.2000,39257,-1,558258440.000,1,0,1,双平,S,5494.2000,5494.0000,5493.2000,5493.0000,5492.2000,5495.6000,5497.4000,5498.0000,5499.0000,5499.2000,2,1,1,3,2,1,2,10,2,3
SF,IC2006,2020-01-14 09:31:47.600,5495.6000,39255,-2,560456640.000,2,0,2,双平,S,5494.2000,5494.0000,5493.2000,5493.0000,5492.2000,5497.4000,5498.0000,5499.0000,5499.2000,5499.4000,2,1,1,3,2,2,10,2,3,1
SF,IC2006,2020-01-14 09:31:48.100,5495.6000,39255,0,560456640.000,0,-,-,-,-,5494.4000,5494.2000,5494.0000,5493.2000,5493.0000,5496.0000,5497.2000,5497.4000,5498.0000,5499.0000,1,2,2,1,3,1,1,2,11,2
SF,IC2006,2020-01-14 09:31:48.600,5495.6000,39255,0,560456640.000,0,-,-,-,-,5495.6000,5494.4000,5494.2000,5494.0000,5493.2000,5495.8000,5496.0000,5497.4000,5498.0000,5499.0000,10,2,2,2,1,1,1,2,11,2
SF,IC2006,2020-01-14 09:31:49.100,5494.4000,39253,-2,572546720.000,11,4,7,多平,S,5494.2000,5494.0000,5493.2000,5493.0000,5492.2000,5495.0000,5495.6000,5496.0000,5497.4000,5498.0000,2,2,1,4,2,2,4,1,2,11
SF,IC2006,2020-01-14 09:31:49.600,5495.6000,39252,-1,578041920.000,5,2,3,多平,S,5494.2000,5494.0000,5493.2000,5493.0000,5492.2000,5495.6000,5496.0000,5497.4000,5498.0000,5499.0000,1,2,1,4,1,1,1,2,11,2
SF,IC2006,2020-01-14 09:31:50.100,5495.6000,39252,0,579141040.000,1,0,1,多换,S,5494.2000,5494.0000,5493.2000,5493.0000,5492.2000,5494.4000,5496.0000,5497.4000,5498.0000,5499.0000,1,2,1,4,1,1,1,2,11,2
SF,IC2006,2020-01-14 09:31:50.600,5494.4000,39251,-1,580239920.000,1,0,1,双平,S,5494.8000,5494.4000,5494.2000,5494.0000,5493.2000,5496.0000,5497.4000,5498.0000,5499.0000,5499.2000,2,3,2,2,1,1,2,11,2,3
SF,IC2006,2020-01-14 09:31:51.100,5494.4000,39251,0,580239920.000,0,-,-,-,-,5494.4000,5494.2000,5494.0000,5493.2000,5493.0000,5495.8000,5496.0000,5497.4000,5498.0000,5499.0000,2,2,2,1,4,1,1,2,11,2
SF,IC2006,2020-01-14 09:31:51.600,5494.4000,39251,0,580239920.000,0,-,-,-,-,5495.6000,5494.2000,5494.0000,5493.2000,5493.0000,5495.8000,5496.0000,5497.4000,5498.0000,5499.0000,3,2,3,1,4,1,1,2,11,2
SF,IC2006,2020-01-14 09:31:52.100,5495.6000,39251,0,583537280.000,3,1,2,多换,S,5494.2000,5494.0000,5493.2000,5493.0000,5492.2000,5495.6000,5496.0000,5497.4000,5498.0000,5499.0000,2,3,1,4,1,6,1,2,11,2
SF,IC2006,2020-01-14 09:31:52.600,5495.6000,39254,3,592330240.000,8,5,3,空开,S,5495.6000,5494.2000,5494.0000,5493.2000,5493.0000,5496.0000,5497.4000,5498.0000,5499.0000,5499.2000,9,2,3,1,3,1,2,11,2,3
SF,IC2006,2020-01-14 09:31:53.100,5495.6000,39254,0,598924960.000,6,3,3,多换,S,5495.6000,5494.2000,5494.0000,5493.2000,5493.0000,5496.0000,5497.4000,5498.0000,5499.0000,5499.2000,3,2,3,1,3,1,2,11,2,3
SF,IC2006,2020-01-14 09:31:53.600,5495.6000,39254,0,602222320.000,3,1,2,多换,S,5494.2000,5494.0000,5493.2000,5493.0000,5492.2000,5495.0000,5496.0000,5497.4000,5498.0000,5499.0000,2,3,1,3,1,1,1,2,11,2
SF,IC2006,2020-01-14 09:31:54.100,5496.0000,39253,-1,604420520.000,2,0,2,多平,S,5495.2000,5494.4000,5494.2000,5494.0000,5493.2000,5496.0000,5497.4000,5498.0000,5499.0000,5499.2000,2,1,2,3,1,2,2,11,2,3
SF,IC2006,2020-01-14 09:31:54.600,5496.0000,39253,0,604420520.000,0,-,-,-,-,5495.2000,5494.4000,5494.2000,5494.0000,5493.2000,5495.8000,5496.0000,5497.4000,5498.0000,5499.0000,2,1,2,3,1,1,3,2,11,2
SF,IC2006,2020-01-14 09:31:55.100,5496.0000,39249,-4,608817280.000,4,0,4,双平,S,5495.4000,5495.2000,5494.2000,5494.0000,5493.2000,5497.4000,5498.0000,5499.0000,5499.2000,5499.4000,1,2,2,3,1,2,11,2,3,1
SF,IC2006,2020-01-14 09:31:55.600,5495.4000,39248,-1,609916360.000,1,0,1,双平,S,5495.2000,5494.2000,5494.0000,5493.2000,5493.0000,5495.6000,5497.2000,5497.4000,5498.0000,5499.0000,2,2,3,1,3,1,2,2,11,2
SF,IC2006,2020-01-14 09:31:56.100,5495.6000,39245,-3,616511080.000,6,1,5,多平,S,5494.2000,5494.0000,5493.2000,5493.0000,5492.2000,5495.2000,5495.4000,5497.2000,5497.4000,5498.0000,3,3,1,3,1,5,1,2,2,11
SF,IC2006,2020-01-14 09:31:56.600,5495.4000,39242,-3,623105360.000,6,1,5,多平,S,5495.8000,5495.4000,5494.4000,5494.2000,5494.0000,5497.2000,5497.4000,5498.0000,5499.0000,5499.2000,1,1,1,3,3,1,2,11,2,3
SF,IC2006,2020-01-14 09:31:57.100,5495.4000,39242,0,623105360.000,0,-,-,-,-,5495.8000,5495.6000,5495.4000,5494.4000,5494.2000,5497.2000,5497.4000,5498.0000,5499.0000,5499.2000,1,1,1,1,3,1,2,11,2,3
SF,IC2006,2020-01-14 09:31:57.600,5495.4000,39242,0,623105360.000,0,-,-,-,-,5495.8000,5495.4000,5494.4000,5494.2000,5494.0000,5497.2000,5497.4000,5497.8000,5498.0000,5499.0000,1,1,1,3,3,1,2,5,11,2
SF,IC2006,2020-01-14 09:31:58.100,5497.0000,39241,-1,625303960.000,2,0,2,多平,S,5495.8000,5495.4000,5494.4000,5494.2000,5494.0000,5497.2000,5497.4000,5497.8000,5498.0000,5499.0000,1,1,1,3,3,1,2,5,11,2
SF,IC2006,2020-01-14 09:31:58.600,5497.2000,39241,0,626403400.000,1,0,1,多换,S,5495.8000,5495.4000,5494.4000,5494.2000,5494.0000,5497.4000,5497.8000,5498.0000,5499.0000,5499.2000,1,1,1,3,3,2,5,11,2,3
SF,IC2006,2020-01-14 09:31:59.100,5497.2000,39241,0,626403400.000,0,-,-,-,-,5497.2000,5496.0000,5495.8000,5495.4000,5494.2000,5497.4000,5497.8000,5498.0000,5499.0000,5499.2000,5,1,1,1,3,2,5,11,2,3
SF,IC2006,2020-01-14 09:31:59.600,5496.0000,39241,0,632999800.000,6,3,3,多换,S,5497.2000,5495.8000,5495.4000,5494.2000,5494.0000,5497.4000,5497.8000,5498.0000,5499.0000,5499.2000,17,1,1,3,3,2,5,11,2,3
SF,IC2006,2020-01-14 09:32:00.100,5497.2000,39239,-2,641795440.000,8,3,5,多平,S,5497.2000,5495.8000,5494.2000,5494.0000,5493.2000,5497.8000,5498.0000,5499.0000,5499.2000,5499.4000,12,1,3,3,1,4,11,2,3,1
SF,IC2006,2020-01-14 09:32:00.600,5497.8000,39239,0,646193680.000,4,2,2,多换,S,5497.2000,5496.0000,5495.8000,5494.2000,5494.0000,5498.0000,5499.0000,5499.2000,5499.4000,5499.8000,12,1,1,3,3,11,2,3,1,1
SF,IC2006,2020-01-14 09:32:01.100,5498.0000,39237,-2,654990480.000,8,3,5,多平,S,5497.2000,5496.4000,5496.2000,5495.8000,5494.2000,5498.0000,5499.0000,5499.2000,5499.4000,5499.8000,12,1,1,1,3,3,2,3,1,1
SF,IC2006,2020-01-14 09:32:01.600,5497.4000,39232,-5,660488360.000,5,0,5,双平,S,5497.4000,5497.2000,5496.4000,5496.2000,5495.8000,5499.0000,5499.2000,5499.4000,5499.8000,5500.0000,2,12,1,1,1,2,3,1,1,9
SF,IC2006,2020-01-14 09:32:02.100,5497.4000,39232,0,660488360.000,0,-,-,-,-,5498.0000,5497.4000,5497.2000,5496.4000,5495.8000,5499.0000,5499.2000,5499.4000,5499.8000,5500.0000,2,3,12,1,1,2,3,1,1,9
SF,IC2006,2020-01-14 09:32:02.600,5499.0000,39232,0,661588160.000,1,0,1,多换,S,5498.0000,5497.4000,5497.2000,5496.4000,5495.8000,5499.0000,5499.2000,5499.4000,5499.8000,5500.0000,3,3,12,1,1,1,3,1,1,9
SF,IC2006,2020-01-14 09:32:03.100,5499.0000,39232,0,661588160.000,0,-,-,-,-,5498.0000,5497.4000,5497.2000,5495.8000,5494.2000,5499.0000,5499.2000,5499.4000,5499.8000,5500.0000,3,3,12,1,3,1,3,1,1,9
SF,IC2006,2020-01-14 09:32:03.600,5498.2000,39230,-2,663787440.000,2,0,2,双平,S,5498.2000,5498.0000,5497.4000,5497.2000,5495.8000,5499.0000,5499.2000,5499.4000,5499.8000,5500.0000,1,3,1,12,1,1,3,1,1,9
SF,IC2006,2020-01-14 09:32:04.100,5499.0000,39229,-1,664887240.000,1,0,1,双平,S,5498.2000,5498.0000,5497.4000,5497.2000,5495.8000,5499.2000,5499.4000,5499.8000,5500.0000,5500.2000,1,4,1,12,1,3,1,1,9,1
SF,IC2006,2020-01-14 09:32:04.600,5499.0000,39229,0,664887240.000,0,-,-,-,-,5499.0000,5498.8000,5498.4000,5498.2000,5498.0000,5499.2000,5499.4000,5499.8000,5500.0000,5500.2000,2,1,2,1,5,3,1,1,9,1
SF,IC2006,2020-01-14 09:32:05.600,5498.4000,39226,-3,669286200.000,4,0,4,多平,S,5498.2000,5498.0000,5497.4000,5497.2000,5495.8000,5499.0000,5499.2000,5499.4000,5499.8000,5500.0000,1,5,1,12,1,1,3,1,1,9
SF,IC2006,2020-01-14 09:32:06.100,5499.0000,39226,0,671485760.000,2,1,1,多换,S,5499.0000,5498.2000,5498.0000,5497.4000,5495.8000,5499.2000,5499.4000,5499.8000,5500.0000,5500.2000,10,1,5,1,1,3,1,1,9,1
SF,IC2006,2020-01-14 09:32:06.600,5499.0000,39226,0,673685360.000,2,1,1,多换,S,5499.0000,5498.0000,5497.4000,5494.2000,5494.0000,5499.2000,5499.4000,5499.8000,5500.0000,5500.2000,8,3,1,2,4,3,1,1,9,1
SF,IC2006,2020-01-14 09:32:07.100,5499.0000,39227,1,681383960.000,7,4,3,空开,S,5499.0000,5498.0000,5497.4000,5494.2000,5494.0000,5499.2000,5499.4000,5499.8000,5500.0000,5500.2000,2,3,1,2,4,3,1,1,9,1
SF,IC2006,2020-01-14 09:32:07.600,5499.0000,39228,1,684683360.000,3,2,1,空开,S,5498.0000,5497.4000,5494.2000,5494.0000,5493.2000,5499.0000,5499.2000,5499.4000,5499.8000,5500.0000,3,1,2,4,1,2,3,1,1,9
SF,IC2006,2020-01-14 09:32:08.100,5499.0000,39228,0,684683360.000,0,-,-,-,-,5498.0000,5494.2000,5494.0000,5493.2000,5493.0000,5499.0000,5499.2000,5499.4000,5499.8000,5500.0000,3,2,4,1,3,3,3,1,1,9
SF,IC2006,2020-01-14 09:32:08.600,5499.0000,39228,0,684683360.000,0,-,-,-,-,5498.0000,5494.2000,5494.0000,5493.2000,5493.0000,5499.0000,5499.2000,5499.4000,5499.8000,5500.0000,3,2,4,1,3,2,3,1,1,9
SF,IC2006,2020-01-14 09:32:09.100,5499.0000,39229,1,686882960.000,2,1,1,空开,S,5498.0000,5494.2000,5494.0000,5493.2000,5493.0000,5499.2000,5499.4000,5499.8000,5500.0000,5500.2000,2,2,4,1,3,3,1,1,9,1
SF,IC2006,2020-01-14 09:32:10.100,5499.0000,39229,0,686882960.000,0,-,-,-,-,5498.2000,5498.0000,5494.2000,5494.0000,5493.2000,5499.2000,5499.4000,5499.8000,5500.0000,5500.2000,1,2,2,4,1,3,1,1,9,1
SF,IC2006,2020-01-14 09:32:10.600,5499.2000,39227,-2,689082640.000,2,0,2,双平,S,5498.2000,5498.0000,5494.2000,5494.0000,5493.2000,5499.2000,5499.4000,5499.8000,5500.0000,5500.2000,1,4,2,4,1,1,1,1,9,1
SF,IC2006,2020-01-14 09:32:11.100,5498.4000,39226,-1,690182320.000,1,0,1,双平,S,5498.2000,5498.0000,5495.0000,5494.2000,5494.0000,5499.2000,5499.4000,5499.8000,5500.0000,5500.2000,1,4,1,2,4,1,1,1,9,1
SF,IC2006,2020-01-14 09:32:11.600,5499.2000,39225,-1,691282160.000,1,0,1,双平,S,5499.2000,5498.2000,5498.0000,5495.0000,5494.2000,5499.4000,5499.8000,5500.0000,5500.2000,5503.0000,1,1,4,1,2,1,1,9,1,1
SF,IC2006,2020-01-14 09:32:12.100,5499.2000,39225,0,692382000.000,1,0,1,多换,S,5498.0000,5495.0000,5494.2000,5494.0000,5493.2000,5499.2000,5499.4000,5499.8000,5500.0000,5500.2000,4,1,2,4,1,1,1,1,9,1
SF,IC2006,2020-01-14 09:32:12.600,5499.2000,39224,-1,693481840.000,1,0,1,双平,S,5498.0000,5495.0000,5494.2000,5494.0000,5493.2000,5498.2000,5499.2000,5499.4000,5499.8000,5500.0000,4,1,2,4,1,1,1,1,1,9
SF,IC2006,2020-01-14 09:32:13.100,5499.2000,39223,-1,695681320.000,2,0,2,多平,S,5498.6000,5498.2000,5498.0000,5495.0000,5494.2000,5499.4000,5499.8000,5500.0000,5500.2000,5503.0000,2,1,4,1,2,1,1,9,1,1
SF,IC2006,2020-01-14 09:32:13.600,5499.2000,39223,0,695681320.000,0,-,-,-,-,5498.0000,5495.0000,5494.2000,5494.0000,5493.2000,5499.2000,5499.4000,5499.8000,5500.0000,5500.2000,4,1,2,4,1,1,1,1,9,1
SF,IC2006,2020-01-14 09:32:14.100,5498.0000,39221,-2,700079720.000,4,1,3,多平,S,5495.0000,5494.2000,5494.0000,5493.2000,5493.0000,5499.2000,5499.4000,5499.8000,5500.0000,5500.2000,1,2,4,1,3,2,1,1,9,1
SF,IC2006,2020-01-14 09:32:14.600,5498.0000,39221,0,700079720.000,0,-,-,-,-,5496.0000,5495.6000,5495.4000,5495.2000,5495.0000,5499.2000,5499.4000,5499.8000,5500.0000,5500.2000,4,1,1,1,1,3,1,1,9,1
SF,IC2006,2020-01-14 09:32:15.100,5499.2000,39222,1,702279160.000,2,1,1,空开,S,5496.2000,5496.0000,5495.0000,5494.2000,5494.0000,5499.2000,5499.4000,5499.8000,5500.0000,5500.2000,1,1,1,2,4,1,1,1,9,1
SF,IC2006,2020-01-14 09:32:15.600,5499.2000,39222,0,702279160.000,0,-,-,-,-,5496.2000,5496.0000,5495.0000,5494.2000,5494.0000,5499.0000,5499.2000,5499.4000,5499.8000,5500.0000,1,1,1,2,4,2,1,1,2,9
SF,IC2006,2020-01-14 09:32:16.600,5499.0000,39221,-1,703378960.000,1,0,1,双平,S,5496.4000,5496.2000,5496.0000,5495.0000,5494.2000,5498.0000,5499.0000,5499.2000,5499.4000,5499.8000,2,1,4,1,2,1,1,1,1,2
SF,IC2006,2020-01-14 09:32:17.100,5496.6000,39219,-2,705577880.000,2,0,2,双平,S,5496.6000,5496.4000,5495.0000,5494.2000,5494.0000,5497.8000,5498.4000,5499.0000,5499.2000,5499.4000,1,1,1,2,4,1,2,1,1,1
SF,IC2006,2020-01-14 09:32:17.600,5497.8000,39218,-1,706677440.000,1,0,1,双平,S,5496.4000,5495.0000,5494.2000,5494.0000,5493.2000,5498.4000,5499.0000,5499.2000,5499.4000,5499.8000,1,1,2,4,1,2,1,1,1,2
SF,IC2006,2020-01-14 09:32:18.100,5497.8000,39218,0,706677440.000,0,-,-,-,-,5496.6000,5496.4000,5495.0000,5494.2000,5494.0000,5498.4000,5499.0000,5499.2000,5499.4000,5499.8000,1,1,1,2,4,2,1,1,1,2
SF,IC2006,2020-01-14 09:32:18.600,5497.8000,39218,0,706677440.000,0,-,-,-,-,5496.8000,5496.6000,5496.4000,5495.0000,5494.2000,5498.4000,5499.0000,5499.2000,5499.4000,5499.8000,1,1,1,1,2,2,1,1,1,2
SF,IC2006,2020-01-14 09:32:19.100,5497.8000,39218,0,706677440.000,0,-,-,-,-,5497.2000,5497.0000,5496.8000,5496.4000,5495.0000,5498.4000,5499.0000,5499.2000,5499.4000,5499.8000,1,1,2,1,1,2,1,1,1,2
SF,IC2006,2020-01-14 09:32:19.600,5497.8000,39218,0,706677440.000,0,-,-,-,-,5497.4000,5497.2000,5496.8000,5496.4000,5495.0000,5498.4000,5499.0000,5499.2000,5499.4000,5499.8000,1,1,2,1,1,2,1,1,1,2
SF,IC2006,2020-01-14 09:32:20.100,5497.8000,39218,0,706677440.000,0,-,-,-,-,5497.4000,5497.2000,5496.8000,5496.4000,5495.0000,5498.4000,5499.0000,5499.2000,5499.4000,5499.8000,1,1,1,1,1,2,1,1,1,2
SF,IC2006,2020-01-14 09:32:20.600,5497.4000,39215,-3,709976280.000,3,0,3,双平,S,5497.2000,5496.8000,5496.4000,5495.0000,5494.2000,5499.2000,5499.4000,5499.8000,5500.0000,5500.2000,1,1,1,1,2,1,1,2,9,1
SF,IC2006,2020-01-14 09:32:21.100,5497.4000,39215,0,709976280.000,0,-,-,-,-,5497.2000,5496.8000,5496.4000,5495.0000,5494.2000,5499.0000,5499.2000,5499.4000,5499.8000,5500.0000,1,1,1,1,2,1,1,1,2,9
SF,IC2006,2020-01-14 09:32:21.600,5497.4000,39215,0,709976280.000,0,-,-,-,-,5496.8000,5496.4000,5495.0000,5494.2000,5494.0000,5499.0000,5499.2000,5499.4000,5499.8000,5500.0000,1,1,1,2,4,1,1,1,2,9
SF,IC2006,2020-01-14 09:32:22.100,5497.4000,39215,0,709976280.000,0,-,-,-,-,5496.8000,5495.0000,5494.2000,5494.0000,5493.2000,5497.2000,5499.0000,5499.2000,5499.4000,5499.8000,1,1,2,4,1,1,1,1,1,2
SF,IC2006,2020-01-14 09:32:22.600,5499.0000,39215,0,713275360.000,3,1,2,多换,S,5497.2000,5496.8000,5495.0000,5494.2000,5494.0000,5498.0000,5499.2000,5499.4000,5499.8000,5500.0000,1,1,1,2,4,4,1,1,2,9
SF,IC2006,2020-01-14 09:32:23.100,5496.8000,39216,1,714374720.000,1,1,0,双开,S,5495.0000,5494.2000,5494.0000,5493.2000,5493.0000,5498.0000,5498.4000,5499.2000,5499.4000,5499.8000,1,2,4,1,3,4,1,1,1,2
SF,IC2006,2020-01-14 09:32:23.600,5497.8000,39216,0,715474280.000,1,0,1,多换,S,5495.6000,5495.4000,5495.2000,5495.0000,5494.8000,5498.0000,5498.4000,5499.2000,5499.4000,5499.8000,1,1,3,1,1,4,1,1,1,2
SF,IC2006,2020-01-14 09:32:24.100,5497.8000,39216,0,715474280.000,0,-,-,-,-,5495.8000,5495.2000,5495.0000,5494.2000,5494.0000,5498.0000,5498.4000,5499.0000,5499.2000,5499.4000,1,2,1,1,4,4,1,1,1,1
SF,IC2006,2020-01-14 09:32:24.600,5498.0000,39215,-1,716573880.000,1,0,1,双平,S,5495.8000,5495.2000,5495.0000,5494.2000,5494.0000,5498.0000,5498.4000,5499.0000,5499.2000,5499.4000,1,1,1,1,4,3,1,1,1,1
SF,IC2006,2020-01-14 09:32:25.100,5495.8000,39214,-1,717673040.000,1,0,1,双平,S,5495.2000,5495.0000,5494.2000,5494.0000,5493.2000,5498.0000,5499.0000,5499.2000,5499.4000,5499.8000,1,1,1,4,1,3,1,1,1,2
SF,IC2006,2020-01-14 09:32:25.600,5495.8000,39214,0,717673040.000,0,-,-,-,-,5495.4000,5495.2000,5495.0000,5494.2000,5494.0000,5497.8000,5498.0000,5499.0000,5499.2000,5499.4000,1,1,1,1,4,2,3,1,1,1
SF,IC2006,2020-01-14 09:32:26.100,5497.8000,39213,-1,718772600.000,1,0,1,双平,S,5495.4000,5495.2000,5495.0000,5494.2000,5494.0000,5497.8000,5498.0000,5499.0000,5499.2000,5499.4000,1,1,1,1,4,1,3,1,1,1
SF,IC2006,2020-01-14 09:32:27.100,5497.8000,39213,0,718772600.000,0,-,-,-,-,5495.4000,5495.2000,5495.0000,5494.2000,5494.0000,5497.6000,5497.8000,5498.0000,5499.2000,5499.4000,1,1,1,1,4,1,1,3,1,1
SF,IC2006,2020-01-14 09:32:27.600,5495.4000,39212,-1,719871680.000,1,0,1,双平,S,5495.2000,5495.0000,5494.2000,5494.0000,5493.2000,5495.4000,5497.4000,5497.6000,5497.8000,5498.0000,1,1,1,4,1,5,2,2,1,3
SF,IC2006,2020-01-14 09:32:28.100,5495.4000,39209,-3,723168800.000,3,0,3,双平,S,5494.2000,5494.0000,5493.2000,5493.0000,5492.2000,5495.4000,5497.4000,5497.6000,5497.8000,5498.0000,1,4,1,3,1,5,1,3,1,3
SF,IC2006,2020-01-14 09:32:28.600,5495.4000,39208,-1,725366760.000,2,0,2,多平,S,5494.2000,5494.0000,5493.2000,5493.0000,5492.2000,5495.4000,5497.4000,5497.6000,5497.8000,5498.0000,1,4,1,3,1,4,1,3,1,3
SF,IC2006,2020-01-14 09:32:29.100,5495.4000,39208,0,725366760.000,0,-,-,-,-,5494.2000,5494.0000,5493.2000,5493.0000,5492.2000,5495.2000,5495.4000,5497.4000,5497.6000,5497.8000,1,4,1,3,1,1,4,1,4,2
SF,IC2006,2020-01-14 09:32:29.600,5494.2000,39208,0,726465600.000,1,0,1,多换,S,5494.0000,5493.2000,5493.0000,5492.2000,5491.8000,5495.2000,5495.4000,5497.4000,5497.6000,5497.8000,4,1,3,1,2,1,4,1,4,2
SF,IC2006,2020-01-14 09:32:30.100,5494.2000,39208,0,726465600.000,0,-,-,-,-,5494.0000,5493.2000,5493.0000,5492.2000,5492.0000,5495.2000,5495.4000,5497.4000,5497.6000,5497.8000,4,1,3,1,1,1,4,1,4,2
SF,IC2006,2020-01-14 09:32:30.600,5494.2000,39208,0,726465600.000,0,-,-,-,-,5494.2000,5494.0000,5493.2000,5493.0000,5492.2000,5495.2000,5495.4000,5497.4000,5497.6000,5497.8000,1,4,1,3,1,1,4,1,4,2
SF,IC2006,2020-01-14 09:32:31.100,5494.2000,39208,0,726465600.000,0,-,-,-,-,5494.2000,5494.0000,5493.2000,5493.0000,5492.2000,5495.2000,5495.4000,5497.4000,5497.6000,5497.8000,2,4,1,3,1,1,4,1,4,2
SF,IC2006,2020-01-14 09:32:31.600,5494.2000,39207,-1,727564440.000,1,0,1,双平,S,5494.2000,5494.0000,5493.2000,5493.0000,5492.2000,5495.0000,5495.2000,5495.4000,5497.4000,5497.6000,1,4,1,3,1,1,1,4,1,4
SF,IC2006,2020-01-14 09:32:32.100,5494.2000,39206,-1,728663280.000,1,0,1,双平,S,5494.0000,5493.2000,5493.0000,5492.2000,5492.0000,5494.2000,5495.0000,5495.2000,5495.4000,5497.4000,4,1,3,1,1,1,1,1,3,1
SF,IC2006,2020-01-14 09:32:32.600,5494.2000,39205,-1,729762120.000,1,0,1,双平,S,5494.0000,5493.2000,5493.0000,5492.2000,5492.0000,5495.0000,5495.2000,5495.4000,5497.4000,5497.6000,4,1,3,1,1,1,1,3,1,4
SF,IC2006,2020-01-14 09:32:33.100,5494.2000,39205,0,729762120.000,0,-,-,-,-,5494.0000,5493.2000,5493.0000,5492.2000,5492.0000,5494.8000,5495.0000,5495.2000,5495.4000,5497.4000,4,1,3,1,1,1,1,1,3,1
SF,IC2006,2020-01-14 09:32:33.600,5494.0000,39203,-2,734157320.000,4,1,3,多平,S,5493.2000,5493.0000,5492.2000,5492.0000,5491.8000,5494.8000,5495.0000,5495.2000,5495.4000,5497.4000,1,3,1,1,2,1,1,1,3,1
SF,IC2006,2020-01-14 09:32:34.100,5494.0000,39203,0,734157320.000,0,-,-,-,-,5493.4000,5493.2000,5493.0000,5492.2000,5492.0000,5494.8000,5495.0000,5495.2000,5495.4000,5497.4000,2,1,3,1,1,2,1,1,3,1
SF,IC2006,2020-01-14 09:32:34.600,5494.0000,39203,0,734157320.000,0,-,-,-,-,5493.4000,5493.2000,5493.0000,5492.2000,5492.0000,5494.8000,5495.0000,5495.2000,5495.4000,5497.4000,2,1,3,1,1,2,1,1,3,1
SF,IC2006,2020-01-14 09:32:35.600,5493.4000,39202,-1,735256000.000,1,0,1,双平,S,5493.4000,5493.2000,5493.0000,5492.2000,5492.0000,5494.8000,5495.0000,5495.2000,5495.4000,5497.4000,1,1,3,1,1,2,1,1,3,1
SF,IC2006,2020-01-14 09:32:36.100,5493.4000,39202,0,735256000.000,0,-,-,-,-,5493.4000,5493.2000,5493.0000,5492.2000,5492.0000,5494.8000,5495.0000,5495.2000,5495.4000,5497.4000,1,1,3,1,1,2,1,1,3,1
SF,IC2006,2020-01-14 09:32:36.600,5493.4000,39201,-1,736354680.000,1,0,1,双平,S,5493.2000,5493.0000,5492.2000,5492.0000,5491.8000,5494.8000,5495.0000,5495.2000,5495.4000,5497.4000,1,3,1,1,2,1,1,1,3,1
SF,IC2006,2020-01-14 09:32:37.100,5493.4000,39201,0,736354680.000,0,-,-,-,-,5493.2000,5493.0000,5492.2000,5492.0000,5491.8000,5494.6000,5494.8000,5495.2000,5495.4000,5497.4000,1,3,1,1,2,3,1,1,3,1
SF,IC2006,2020-01-14 09:32:37.600,5493.2000,39200,-1,737453320.000,1,0,1,双平,S,5493.0000,5492.8000,5492.2000,5492.0000,5491.8000,5494.6000,5494.8000,5495.2000,5495.4000,5497.6000,3,1,1,1,2,3,1,1,3,2
SF,IC2006,2020-01-14 09:32:38.100,5493.2000,39200,0,737453320.000,0,-,-,-,-,5493.0000,5492.8000,5492.2000,5492.0000,5491.8000,5494.4000,5494.6000,5494.8000,5495.2000,5495.4000,3,1,1,1,2,1,3,1,1,3
SF,IC2006,2020-01-14 09:32:38.600,5493.0000,39199,-1,740749120.000,3,1,2,多平,S,5492.8000,5492.2000,5492.0000,5491.8000,5491.0000,5493.8000,5494.2000,5494.4000,5494.6000,5494.8000,1,1,1,2,1,1,1,1,1,1
SF,IC2006,2020-01-14 09:32:39.100,5492.8000,39198,-1,741847680.000,1,0,1,双平,S,5492.2000,5491.8000,5491.0000,5490.4000,5490.0000,5493.0000,5493.6000,5493.8000,5494.4000,5494.6000,1,2,1,8,3,1,2,1,1,1
SF,IC2006,2020-01-14 09:32:39.600,5493.0000,39197,-1,742946280.000,1,0,1,双平,S,5492.4000,5492.2000,5491.8000,5491.0000,5490.4000,5493.6000,5494.4000,5495.2000,5495.4000,5497.6000,1,1,2,1,8,1,1,1,3,1
SF,IC2006,2020-01-14 09:32:40.100,5492.4000,39196,-1,744044760.000,1,0,1,双平,S,5492.2000,5491.8000,5491.0000,5490.4000,5490.0000,5493.6000,5494.4000,5495.2000,5495.4000,5497.6000,1,2,1,8,3,1,1,1,3,1
SF,IC2006,2020-01-14 09:32:40.600,5492.4000,39196,0,744044760.000,0,-,-,-,-,5492.2000,5491.8000,5491.0000,5490.4000,5490.0000,5493.4000,5493.6000,5494.4000,5495.2000,5495.4000,1,2,1,8,3,1,2,1,1,3
SF,IC2006,2020-01-14 09:32:41.100,5492.4000,39196,0,744044760.000,0,-,-,-,-,5492.2000,5491.8000,5491.0000,5490.4000,5490.0000,5493.4000,5493.6000,5494.4000,5495.2000,5495.4000,1,2,1,8,3,1,2,1,1,3
SF,IC2006,2020-01-14 09:32:42.600,5492.4000,39196,0,744044760.000,0,-,-,-,-,5492.2000,5491.8000,5491.0000,5490.4000,5490.0000,5493.4000,5493.6000,5494.4000,5495.2000,5495.4000,1,2,1,8,3,1,2,1,1,3
SF,IC2006,2020-01-14 09:32:43.600,5492.2000,39195,-1,745143200.000,1,0,1,双平,S,5491.8000,5491.0000,5490.4000,5490.0000,5489.4000,5493.4000,5493.6000,5494.4000,5495.2000,5495.4000,2,1,8,3,1,1,2,1,1,3
SF,IC2006,2020-01-14 09:32:44.600,5492.2000,39195,0,745143200.000,0,-,-,-,-,5491.8000,5491.0000,5490.4000,5490.0000,5489.4000,5492.2000,5493.2000,5493.4000,5493.6000,5495.2000,2,1,8,3,1,1,1,2,2,1
SF,IC2006,2020-01-14 09:32:45.100,5492.2000,39195,0,748438360.000,3,1,2,多换,S,5491.0000,5490.4000,5490.0000,5489.4000,5488.8000,5493.2000,5493.4000,5493.6000,5495.2000,5495.4000,1,8,2,1,1,1,1,2,1,3
SF,IC2006,2020-01-14 09:32:45.600,5492.2000,39195,0,748438360.000,0,-,-,-,-,5491.0000,5490.4000,5490.0000,5489.4000,5488.8000,5493.0000,5493.2000,5493.4000,5493.6000,5495.2000,1,8,2,1,1,2,1,1,2,1
SF,IC2006,2020-01-14 09:32:46.100,5492.2000,39195,0,748438360.000,0,-,-,-,-,5491.0000,5490.4000,5490.0000,5489.4000,5488.8000,5491.6000,5493.0000,5493.2000,5493.4000,5493.6000,1,8,2,1,1,1,2,1,1,2
SF,IC2006,2020-01-14 09:32:46.600,5492.2000,39195,0,748438360.000,0,-,-,-,-,5491.0000,5490.4000,5490.0000,5489.4000,5488.8000,5491.6000,5493.0000,5493.4000,5493.6000,5495.2000,1,8,2,1,1,1,3,1,2,1
SF,IC2006,2020-01-14 09:32:47.100,5491.0000,39195,0,749536560.000,1,0,1,多换,S,5490.4000,5490.0000,5489.4000,5488.8000,5488.2000,5491.4000,5491.6000,5493.0000,5493.4000,5493.6000,8,2,1,1,5,1,1,3,1,1
SF,IC2006,2020-01-14 09:32:47.600,5491.4000,39195,0,750634840.000,1,0,1,多换,S,5491.0000,5490.4000,5490.0000,5489.4000,5488.8000,5491.6000,5493.0000,5493.4000,5495.2000,5495.4000,1,8,2,1,1,1,3,1,1,3
SF,IC2006,2020-01-14 09:32:48.100,5491.0000,39195,0,752831240.000,2,1,1,多换,S,5490.4000,5490.0000,5489.4000,5488.8000,5488.2000,5491.0000,5491.4000,5491.6000,5493.0000,5493.2000,8,2,1,1,5,1,2,1,3,1
SF,IC2006,2020-01-14 09:32:48.600,5491.0000,39195,0,752831240.000,0,-,-,-,-,5490.4000,5490.0000,5489.4000,5488.8000,5488.2000,5491.4000,5491.6000,5493.0000,5493.2000,5493.4000,8,2,1,1,5,2,1,3,1,1
SF,IC2006,2020-01-14 09:32:49.100,5491.0000,39195,0,752831240.000,0,-,-,-,-,5490.4000,5490.0000,5489.4000,5488.8000,5488.2000,5491.0000,5491.4000,5491.6000,5493.0000,5493.2000,8,2,1,1,5,1,2,1,3,1
SF,IC2006,2020-01-14 09:32:49.600,5491.0000,39194,-1,757223680.000,4,1,3,多平,S,5490.4000,5490.0000,5489.4000,5488.8000,5488.2000,5491.2000,5491.4000,5491.6000,5493.0000,5493.2000,5,2,1,1,5,4,2,1,2,1
SF,IC2006,2020-01-14 09:32:50.100,5491.0000,39194,0,757223680.000,0,-,-,-,-,5490.4000,5490.0000,5489.4000,5488.8000,5488.2000,5491.2000,5491.4000,5491.6000,5493.0000,5493.2000,5,2,1,1,5,4,2,1,1,1
SF,IC2006,2020-01-14 09:32:50.600,5491.0000,39191,-3,761616600.000,4,0,4,多平,S,5490.4000,5490.0000,5489.4000,5488.8000,5488.2000,5491.2000,5491.4000,5491.6000,5493.0000,5493.2000,5,2,1,1,5,1,2,1,1,1
SF,IC2006,2020-01-14 09:32:51.100,5490.6000,39181,-10,773696160.000,11,0,11,多平,S,5490.4000,5490.0000,5489.4000,5488.8000,5488.2000,5491.4000,5493.0000,5493.2000,5493.4000,5495.2000,5,2,1,1,5,2,1,1,1,1
SF,IC2006,2020-01-14 09:32:52.100,5490.4000,39181,0,775892520.000,2,1,1,多换,S,5490.4000,5490.0000,5489.4000,5488.8000,5488.2000,5491.4000,5493.0000,5493.2000,5493.4000,5495.2000,4,2,1,1,5,1,1,1,1,1
SF,IC2006,2020-01-14 09:32:53.600,5490.4000,39181,0,780284840.000,4,2,2,多换,S,5490.0000,5489.4000,5488.8000,5488.2000,5487.6000,5491.4000,5493.0000,5493.2000,5493.4000,5495.2000,2,1,1,5,1,1,1,1,1,1
SF,IC2006,2020-01-14 09:32:54.100,5490.4000,39181,0,780284840.000,0,-,-,-,-,5490.0000,5489.4000,5488.8000,5488.2000,5487.6000,5490.4000,5491.2000,5491.4000,5493.0000,5493.2000,2,1,1,5,1,5,2,1,1,1
SF,IC2006,2020-01-14 09:32:54.600,5490.4000,39179,-2,784677000.000,4,1,3,多平,S,5489.4000,5488.8000,5488.2000,5487.6000,5485.6000,5490.4000,5491.2000,5493.0000,5493.2000,5493.4000,1,1,5,1,1,4,1,1,1,1
SF,IC2006,2020-01-14 09:32:55.600,5490.4000,39179,0,784677000.000,0,-,-,-,-,5489.4000,5488.8000,5488.2000,5487.6000,5485.6000,5490.0000,5490.4000,5491.2000,5493.0000,5493.2000,1,1,5,1,1,3,4,1,1,1
SF,IC2006,2020-01-14 09:32:56.100,5490.4000,39171,-8,795657360.000,10,1,9,多平,S,5490.4000,5489.6000,5489.4000,5488.8000,5488.2000,5491.2000,5493.0000,5493.2000,5493.4000,5495.2000,4,1,1,1,5,1,1,1,1,1
SF,IC2006,2020-01-14 09:32:56.600,5490.4000,39171,0,796755440.000,1,0,1,多换,S,5490.4000,5489.6000,5489.4000,5488.8000,5488.2000,5491.2000,5493.0000,5493.2000,5493.4000,5495.2000,3,1,1,1,5,1,1,1,1,1
SF,IC2006,2020-01-14 09:32:57.600,5491.2000,39171,0,797853680.000,1,0,1,多换,S,5491.2000,5490.4000,5489.6000,5489.4000,5488.8000,5493.0000,5493.2000,5493.4000,5495.2000,5495.4000,1,3,1,1,1,1,1,1,1,3
SF,IC2006,2020-01-14 09:32:58.100,5491.2000,39171,0,797853680.000,0,-,-,-,-,5491.4000,5491.2000,5490.4000,5489.6000,5489.4000,5492.8000,5493.0000,5493.2000,5493.4000,5495.2000,1,1,3,1,1,2,1,1,1,1
SF,IC2006,2020-01-14 09:32:58.600,5491.2000,39171,0,797853680.000,0,-,-,-,-,5491.4000,5491.2000,5490.4000,5489.6000,5489.4000,5492.8000,5493.0000,5493.2000,5493.4000,5495.2000,1,1,3,1,1,2,1,1,1,1
SF,IC2006,2020-01-14 09:32:59.100,5491.2000,39170,-1,800050160.000,2,0,2,多平,S,5490.4000,5489.6000,5489.4000,5488.8000,5488.2000,5491.2000,5492.0000,5492.8000,5493.0000,5493.2000,3,1,1,1,5,5,1,2,1,1
SF,IC2006,2020-01-14 09:32:59.600,5490.6000,39165,-5,805541240.000,5,0,5,双平,S,5490.4000,5489.4000,5488.8000,5488.2000,5487.6000,5491.2000,5492.0000,5493.0000,5493.2000,5495.2000,3,1,1,5,1,1,1,1,1,1
SF,IC2006,2020-01-14 09:33:00.100,5491.2000,39164,-1,806639480.000,1,0,1,双平,S,5491.4000,5490.6000,5490.4000,5489.4000,5488.8000,5492.0000,5493.0000,5493.2000,5495.2000,5495.4000,1,1,3,1,1,1,1,1,1,3
SF,IC2006,2020-01-14 09:33:00.600,5492.0000,39164,0,807737880.000,1,0,1,多换,S,5491.4000,5490.4000,5489.4000,5488.8000,5488.2000,5493.0000,5493.2000,5495.2000,5495.4000,5499.0000,1,3,1,1,5,1,1,1,3,1
SF,IC2006,2020-01-14 09:33:01.100,5492.0000,39164,0,807737880.000,0,-,-,-,-,5492.2000,5491.6000,5491.4000,5490.4000,5489.4000,5492.8000,5493.0000,5493.2000,5495.2000,5495.4000,3,1,1,3,1,1,1,1,1,3
SF,IC2006,2020-01-14 09:33:01.600,5491.4000,39157,-7,823114920.000,14,3,11,多平,S,5490.4000,5489.4000,5488.8000,5488.2000,5487.6000,5495.2000,5495.4000,5499.0000,5499.4000,5499.8000,1,1,1,5,1,1,3,1,1,2
SF,IC2006,2020-01-14 09:33:02.100,5491.4000,39157,0,823114920.000,0,-,-,-,-,5491.2000,5491.0000,5490.6000,5490.4000,5489.4000,5494.2000,5494.8000,5495.0000,5495.2000,5495.4000,1,1,2,1,1,1,1,2,1,3
SF,IC2006,2020-01-14 09:33:02.600,5491.4000,39157,0,823114920.000,0,-,-,-,-,5490.4000,5490.0000,5489.4000,5488.8000,5488.2000,5494.0000,5494.2000,5494.8000,5495.0000,5495.2000,1,1,1,1,5,1,1,1,1,1
SF,IC2006,2020-01-14 09:33:03.100,5491.4000,39157,0,823114920.000,0,-,-,-,-,5491.4000,5491.2000,5490.6000,5490.4000,5490.0000,5493.4000,5494.0000,5494.8000,5495.2000,5495.4000,1,1,2,2,1,1,2,1,1,3
SF,IC2006,2020-01-14 09:33:03.600,5491.4000,39157,0,823114920.000,0,-,-,-,-,5491.6000,5491.4000,5491.2000,5490.6000,5490.4000,5493.4000,5494.0000,5494.8000,5495.2000,5495.4000,1,1,1,1,2,1,2,1,1,3
SF,IC2006,2020-01-14 09:33:04.100,5491.4000,39157,0,823114920.000,0,-,-,-,-,5491.2000,5490.4000,5490.0000,5489.4000,5488.8000,5493.2000,5494.0000,5494.8000,5495.0000,5495.2000,1,2,1,1,1,2,1,1,1,1
SF,IC2006,2020-01-14 09:33:04.600,5493.2000,39157,0,825312200.000,2,1,1,多换,S,5493.4000,5491.6000,5490.4000,5490.0000,5489.4000,5494.0000,5495.0000,5495.2000,5495.4000,5499.0000,2,1,2,1,1,1,1,1,3,1
SF,IC2006,2020-01-14 09:33:05.100,5491.6000,39157,0,828607880.000,3,1,2,多换,S,5490.4000,5490.0000,5489.4000,5488.8000,5488.2000,5493.4000,5494.0000,5495.0000,5495.2000,5495.4000,2,1,1,1,5,2,1,1,1,3
SF,IC2006,2020-01-14 09:33:05.600,5491.6000,39157,0,828607880.000,0,-,-,-,-,5491.6000,5490.6000,5490.4000,5490.0000,5489.4000,5492.8000,5493.0000,5493.2000,5493.4000,5494.0000,1,4,2,1,1,1,1,1,3,1
SF,IC2006,2020-01-14 09:33:06.100,5491.6000,39157,0,828607880.000,0,-,-,-,-,5491.4000,5490.6000,5490.4000,5490.0000,5489.4000,5492.8000,5493.0000,5493.2000,5493.4000,5494.0000,1,3,2,1,1,1,1,1,3,1
SF,IC2006,2020-01-14 09:33:06.600,5493.4000,39159,2,834100920.000,5,3,2,空开,S,5491.4000,5490.6000,5490.4000,5490.0000,5489.4000,5493.4000,5494.0000,5495.0000,5495.2000,5495.4000,1,1,2,1,1,1,1,1,1,3
SF,IC2006,2020-01-14 09:33:07.100,5493.4000,39159,0,835199600.000,1,0,1,多换,S,5493.4000,5491.6000,5491.4000,5490.4000,5490.0000,5494.0000,5495.0000,5495.2000,5495.4000,5499.0000,1,2,1,2,1,1,1,1,3,1
SF,IC2006,2020-01-14 09:33:07.600,5494.0000,39158,-1,837397080.000,2,0,2,多平,S,5491.6000,5491.4000,5490.4000,5490.0000,5489.4000,5495.2000,5495.4000,5499.0000,5499.4000,5499.8000,1,1,2,1,1,1,3,1,1,2
SF,IC2006,2020-01-14 09:33:08.100,5494.0000,39158,0,837397080.000,0,-,-,-,-,5492.2000,5491.8000,5491.6000,5491.4000,5490.4000,5495.0000,5495.2000,5495.4000,5499.0000,5499.4000,1,2,1,1,2,1,2,3,1,1
SF,IC2006,2020-01-14 09:33:08.600,5494.0000,39158,0,837397080.000,0,-,-,-,-,5492.4000,5492.2000,5492.0000,5491.8000,5491.6000,5495.2000,5495.4000,5499.0000,5499.4000,5499.8000,3,1,2,1,1,1,3,1,1,2
SF,IC2006,2020-01-14 09:33:09.100,5494.0000,39158,0,837397080.000,0,-,-,-,-,5492.4000,5492.0000,5491.8000,5491.4000,5490.4000,5494.8000,5495.0000,5495.2000,5495.4000,5497.6000,4,1,1,1,2,1,1,1,3,1
SF,IC2006,2020-01-14 09:33:09.600,5494.0000,39158,0,837397080.000,0,-,-,-,-,5492.6000,5491.8000,5491.4000,5490.4000,5490.0000,5494.6000,5494.8000,5495.2000,5495.4000,5497.6000,1,2,1,1,2,1,1,1,3,1
SF,IC2006,2020-01-14 09:33:10.100,5494.0000,39158,0,837397080.000,0,-,-,-,-,5492.6000,5491.8000,5491.4000,5490.4000,5490.0000,5494.4000,5494.6000,5494.8000,5495.2000,5495.4000,1,1,1,1,2,1,1,1,1,3
SF,IC2006,2020-01-14 09:33:10.600,5494.0000,39158,0,837397080.000,0,-,-,-,-,5491.8000,5491.4000,5490.4000,5490.0000,5489.4000,5494.2000,5495.2000,5495.4000,5496.0000,5497.6000,1,1,1,2,1,1,1,3,1,1
SF,IC2006,2020-01-14 09:33:11.100,5494.0000,39158,0,837397080.000,0,-,-,-,-,5492.0000,5491.8000,5491.4000,5490.4000,5490.0000,5494.0000,5494.2000,5495.2000,5495.4000,5496.0000,3,1,1,1,2,1,1,1,3,1
SF,IC2006,2020-01-14 09:33:11.600,5494.0000,39158,0,837397080.000,0,-,-,-,-,5492.0000,5491.8000,5491.4000,5490.4000,5490.0000,5493.8000,5494.0000,5495.2000,5495.4000,5496.0000,3,1,1,1,2,2,1,1,3,1
SF,IC2006,2020-01-14 09:33:12.100,5493.8000,39157,-1,838495840.000,1,0,1,双平,S,5492.2000,5492.0000,5491.8000,5491.4000,5490.4000,5495.2000,5495.4000,5497.6000,5498.0000,5499.0000,1,1,1,1,1,1,3,1,1,1
SF,IC2006,2020-01-14 09:33:12.600,5493.8000,39157,0,838495840.000,0,-,-,-,-,5492.4000,5491.8000,5491.4000,5490.4000,5490.0000,5495.0000,5495.2000,5495.4000,5497.6000,5498.0000,3,1,1,1,2,2,1,3,1,1
SF,IC2006,2020-01-14 09:33:13.100,5493.8000,39157,0,838495840.000,0,-,-,-,-,5492.6000,5492.4000,5491.8000,5491.4000,5490.4000,5494.8000,5495.0000,5495.2000,5495.4000,5497.6000,1,2,1,1,1,1,2,1,3,1
SF,IC2006,2020-01-14 09:33:13.600,5493.8000,39157,0,838495840.000,0,-,-,-,-,5492.8000,5492.6000,5491.8000,5491.4000,5490.4000,5494.6000,5494.8000,5495.2000,5495.4000,5497.6000,1,1,1,1,1,1,2,1,3,1
SF,IC2006,2020-01-14 09:33:14.100,5493.8000,39157,0,838495840.000,0,-,-,-,-,5493.0000,5492.8000,5491.8000,5491.4000,5490.4000,5494.4000,5494.6000,5494.8000,5495.2000,5495.4000,3,1,1,1,1,1,1,1,1,3
SF,IC2006,2020-01-14 09:33:14.600,5493.0000,39156,-1,839594440.000,1,0,1,双平,S,5493.0000,5492.8000,5491.8000,5491.4000,5490.4000,5494.2000,5494.4000,5495.2000,5495.4000,5497.6000,2,1,1,1,1,1,1,1,3,1
SF,IC2006,2020-01-14 09:33:15.100,5493.0000,39156,0,839594440.000,0,-,-,-,-,5493.0000,5492.8000,5491.8000,5491.4000,5490.4000,5494.2000,5495.2000,5495.4000,5497.6000,5498.0000,2,1,1,1,1,1,1,3,1,1
SF,IC2006,2020-01-14 09:33:15.600,5493.0000,39156,0,839594440.000,0,-,-,-,-,5493.2000,5493.0000,5491.8000,5491.4000,5490.4000,5495.2000,5495.4000,5497.6000,5498.0000,5499.0000,1,2,1,1,1,1,3,1,1,1
SF,IC2006,2020-01-14 09:33:16.100,5493.0000,39156,0,839594440.000,0,-,-,-,-,5493.4000,5493.2000,5493.0000,5491.8000,5491.4000,5495.0000,5495.2000,5495.4000,5497.6000,5498.0000,1,1,3,1,1,3,1,3,1,1
SF,IC2006,2020-01-14 09:33:16.600,5493.0000,39156,0,839594440.000,0,-,-,-,-,5493.4000,5493.2000,5493.0000,5491.8000,5491.4000,5494.8000,5495.0000,5495.2000,5495.4000,5497.6000,1,1,3,1,1,1,3,1,3,1
SF,IC2006,2020-01-14 09:33:17.100,5493.0000,39156,0,839594440.000,0,-,-,-,-,5493.0000,5491.8000,5491.4000,5490.4000,5490.0000,5493.2000,5494.6000,5494.8000,5495.0000,5495.2000,3,1,1,1,2,1,1,1,2,1
SF,IC2006,2020-01-14 09:33:17.600,5493.0000,39154,-2,842890280.000,3,0,3,多平,S,5491.8000,5491.4000,5490.4000,5490.0000,5489.4000,5492.8000,5493.0000,5494.6000,5494.8000,5495.0000,1,1,1,2,1,2,1,1,1,1
SF,IC2006,2020-01-14 09:33:18.100,5495.0000,39148,-6,851680160.000,8,1,7,多平,S,5495.0000,5491.4000,5490.4000,5490.0000,5489.4000,5495.2000,5495.4000,5497.6000,5498.0000,5499.0000,3,1,1,2,1,1,3,1,1,1
SF,IC2006,2020-01-14 09:33:18.600,5495.0000,39144,-4,856076160.000,4,0,4,双平,S,5491.4000,5490.4000,5490.0000,5489.4000,5489.0000,5493.4000,5494.8000,5495.0000,5495.2000,5495.4000,1,1,2,1,1,1,1,4,1,3
SF,IC2006,2020-01-14 09:33:19.100,5495.0000,39144,0,856076160.000,0,-,-,-,-,5491.6000,5491.4000,5490.4000,5490.0000,5489.4000,5494.8000,5495.0000,5495.2000,5495.4000,5498.0000,1,1,1,2,1,1,1,1,3,1
SF,IC2006,2020-01-14 09:33:19.600,5495.0000,39144,0,856076160.000,0,-,-,-,-,5491.8000,5491.6000,5491.4000,5490.4000,5490.0000,5494.6000,5495.0000,5495.2000,5495.4000,5498.0000,1,1,1,1,2,3,1,1,3,1
SF,IC2006,2020-01-14 09:33:20.100,5495.0000,39144,0,856076160.000,0,-,-,-,-,5492.0000,5491.8000,5491.4000,5490.4000,5490.0000,5493.8000,5494.6000,5495.0000,5495.2000,5495.4000,2,1,1,1,2,1,2,1,1,3
SF,IC2006,2020-01-14 09:33:20.600,5495.0000,39144,0,856076160.000,0,-,-,-,-,5492.0000,5491.8000,5491.4000,5490.4000,5490.0000,5493.8000,5494.6000,5495.0000,5495.2000,5495.4000,2,1,1,1,2,1,1,1,1,3
SF,IC2006,2020-01-14 09:33:21.100,5495.0000,39144,0,856076160.000,0,-,-,-,-,5493.4000,5492.2000,5492.0000,5491.8000,5491.4000,5493.8000,5494.6000,5495.0000,5495.2000,5495.4000,2,1,2,1,1,1,1,1,1,3
SF,IC2006,2020-01-14 09:33:21.600,5493.8000,39142,-2,858273680.000,2,0,2,双平,S,5493.4000,5492.2000,5492.0000,5491.4000,5490.4000,5494.6000,5495.0000,5495.2000,5495.4000,5497.8000,2,1,2,2,1,1,1,1,3,1
SF,IC2006,2020-01-14 09:33:22.100,5493.8000,39142,0,858273680.000,0,-,-,-,-,5493.6000,5493.4000,5492.0000,5491.4000,5490.4000,5495.0000,5495.2000,5495.4000,5497.8000,5498.0000,1,2,1,2,1,1,1,3,1,1
SF,IC2006,2020-01-14 09:33:22.600,5493.4000,39141,-1,860471080.000,2,0,2,多平,S,5493.4000,5491.4000,5490.4000,5490.0000,5489.4000,5495.0000,5495.2000,5495.4000,5497.8000,5498.0000,1,2,1,3,1,1,1,3,1,1
SF,IC2006,2020-01-14 09:33:23.100,5493.4000,39141,0,860471080.000,0,-,-,-,-,5493.6000,5493.4000,5491.4000,5490.4000,5490.0000,5494.8000,5495.0000,5495.2000,5495.4000,5496.0000,1,1,2,1,3,1,1,1,3,1
SF,IC2006,2020-01-14 09:33:23.600,5493.4000,39141,0,860471080.000,0,-,-,-,-,5494.4000,5493.6000,5493.4000,5491.4000,5490.4000,5494.8000,5495.2000,5495.4000,5496.0000,5496.8000,1,1,1,2,1,1,1,3,1,1
SF,IC2006,2020-01-14 09:33:24.100,5495.2000,39140,-1,862669080.000,2,0,2,多平,S,5494.4000,5493.4000,5491.4000,5490.4000,5490.0000,5494.6000,5495.4000,5496.0000,5496.8000,5497.8000,1,1,2,1,3,1,3,1,1,1
SF,IC2006,2020-01-14 09:33:24.600,5495.4000,39138,-2,864867080.000,2,0,2,双平,S,5494.8000,5494.6000,5494.4000,5493.4000,5491.4000,5495.4000,5496.8000,5497.8000,5498.0000,5499.0000,3,5,1,1,2,2,1,1,2,1
SF,IC2006,2020-01-14 09:33:25.100,5495.4000,39136,-2,867065240.000,2,0,2,双平,S,5495.6000,5494.8000,5494.6000,5494.4000,5493.4000,5497.6000,5497.8000,5498.0000,5499.4000,5499.8000,1,1,5,1,1,1,1,2,1,2
SF,IC2006,2020-01-14 09:33:25.600,5495.4000,39136,0,867065240.000,0,-,-,-,-,5494.6000,5494.4000,5493.4000,5491.4000,5490.4000,5497.4000,5497.6000,5498.0000,5499.4000,5499.8000,4,1,1,2,1,2,1,2,1,2
SF,IC2006,2020-01-14 09:33:26.100,5495.4000,39136,0,867065240.000,0,-,-,-,-,5494.8000,5494.6000,5494.4000,5493.4000,5491.4000,5495.0000,5497.2000,5497.4000,5497.6000,5498.0000,1,4,1,1,2,2,1,1,1,2
SF,IC2006,2020-01-14 09:33:26.600,5495.0000,39133,-3,870362240.000,3,0,3,双平,S,5495.0000,5494.6000,5494.4000,5494.0000,5493.4000,5497.4000,5497.6000,5498.0000,5499.4000,5499.8000,4,2,1,1,1,1,1,2,1,2
SF,IC2006,2020-01-14 09:33:27.100,5495.0000,39133,0,870362240.000,0,-,-,-,-,5495.0000,5494.6000,5494.4000,5494.0000,5493.4000,5495.4000,5497.2000,5497.4000,5497.6000,5498.0000,2,2,1,1,1,1,2,1,1,2
SF,IC2006,2020-01-14 09:33:27.600,5495.4000,39132,-1,871461320.000,1,0,1,双平,S,5494.6000,5494.4000,5494.0000,5493.4000,5492.4000,5497.2000,5497.4000,5497.6000,5498.0000,5499.4000,2,1,1,1,1,1,1,1,2,1
SF,IC2006,2020-01-14 09:33:28.100,5494.6000,39130,-2,873659200.000,2,0,2,双平,S,5494.6000,5494.4000,5494.0000,5493.4000,5492.4000,5497.0000,5497.2000,5497.6000,5498.0000,5499.4000,1,1,1,1,1,2,1,1,2,1
SF,IC2006,2020-01-14 09:33:28.600,5494.6000,39130,0,873659200.000,0,-,-,-,-,5494.8000,5494.6000,5494.0000,5493.4000,5492.4000,5496.0000,5497.0000,5497.2000,5497.6000,5498.0000,1,1,1,1,1,1,2,1,1,2
SF,IC2006,2020-01-14 09:33:29.100,5494.6000,39130,0,873659200.000,0,-,-,-,-,5495.4000,5494.8000,5494.6000,5494.0000,5493.4000,5496.6000,5497.0000,5497.2000,5498.0000,5499.4000,1,1,1,1,1,1,3,1,2,1
SF,IC2006,2020-01-14 09:33:29.600,5495.4000,39129,-1,874758280.000,1,0,1,双平,S,5494.0000,5493.4000,5492.4000,5491.4000,5490.4000,5496.4000,5496.6000,5497.0000,5497.2000,5498.0000,1,1,1,2,1,2,1,2,1,2
SF,IC2006,2020-01-14 09:33:30.100,5495.4000,39129,0,874758280.000,0,-,-,-,-,5494.0000,5493.4000,5492.4000,5491.4000,5490.0000,5495.4000,5496.4000,5497.0000,5497.2000,5498.0000,1,1,1,2,4,1,2,2,1,2
SF,IC2006,2020-01-14 09:33:30.600,5495.4000,39128,-1,875857360.000,1,0,1,双平,S,5494.0000,5493.4000,5492.4000,5491.4000,5490.0000,5495.4000,5497.0000,5497.2000,5498.0000,5499.4000,1,1,1,2,4,1,2,1,2,1
SF,IC2006,2020-01-14 09:33:31.100,5495.4000,39128,0,875857360.000,0,-,-,-,-,5494.0000,5493.4000,5492.4000,5491.4000,5490.0000,5495.2000,5495.4000,5497.0000,5497.2000,5498.0000,1,1,1,2,4,1,1,2,1,2
SF,IC2006,2020-01-14 09:33:31.600,5495.4000,39128,0,875857360.000,0,-,-,-,-,5494.0000,5493.4000,5492.4000,5491.4000,5490.0000,5495.2000,5495.4000,5496.6000,5497.0000,5497.2000,1,1,1,2,4,1,1,1,2,1
SF,IC2006,2020-01-14 09:33:32.100,5495.4000,39128,0,875857360.000,0,-,-,-,-,5494.2000,5494.0000,5493.4000,5492.4000,5491.4000,5495.4000,5496.6000,5497.0000,5497.2000,5498.0000,1,1,1,1,2,1,1,2,1,2
SF,IC2006,2020-01-14 09:33:32.600,5495.4000,39128,0,875857360.000,0,-,-,-,-,5495.0000,5494.2000,5494.0000,5493.4000,5492.4000,5495.4000,5497.0000,5497.2000,5498.0000,5499.4000,2,1,1,1,1,1,2,1,2,1
SF,IC2006,2020-01-14 09:33:33.100,5495.4000,39127,-1,876956440.000,1,0,1,双平,S,5495.0000,5494.2000,5494.0000,5493.4000,5492.4000,5497.0000,5497.2000,5498.0000,5499.4000,5499.8000,2,1,1,1,1,2,1,2,1,2
SF,IC2006,2020-01-14 09:33:33.600,5495.0000,39127,0,879154440.000,2,1,1,多换,S,5494.2000,5494.0000,5493.4000,5492.4000,5491.4000,5494.8000,5496.8000,5497.0000,5497.2000,5498.0000,1,1,1,1,2,1,2,2,1,2
SF,IC2006,2020-01-14 09:33:34.100,5494.0000,39127,0,880253240.000,1,0,1,多换,S,5493.4000,5492.4000,5491.4000,5490.8000,5490.0000,5494.2000,5496.8000,5497.0000,5497.2000,5498.0000,1,1,2,1,4,1,1,2,1,2
SF,IC2006,2020-01-14 09:33:35.100,5494.0000,39127,0,880253240.000,0,-,-,-,-,5493.4000,5492.4000,5491.4000,5490.8000,5490.0000,5496.8000,5497.0000,5497.2000,5498.0000,5499.4000,1,1,2,1,4,1,2,1,2,1
SF,IC2006,2020-01-14 09:33:35.600,5494.0000,39127,0,880253240.000,0,-,-,-,-,5493.4000,5492.4000,5491.4000,5490.8000,5490.0000,5494.0000,5494.6000,5496.6000,5496.8000,5497.0000,1,1,2,1,4,1,2,1,1,2
SF,IC2006,2020-01-14 09:33:36.100,5494.0000,39126,-1,881352040.000,1,0,1,双平,S,5494.0000,5493.4000,5492.4000,5491.4000,5490.8000,5496.8000,5497.0000,5497.2000,5498.0000,5499.4000,1,1,1,2,1,1,2,1,2,1
SF,IC2006,2020-01-14 09:33:36.600,5494.0000,39126,0,881352040.000,0,-,-,-,-,5494.0000,5493.4000,5492.4000,5491.4000,5490.8000,5494.6000,5496.6000,5496.8000,5497.0000,5497.2000,2,1,1,2,1,2,1,1,2,1
SF,IC2006,2020-01-14 09:33:37.100,5494.0000,39126,0,881352040.000,0,-,-,-,-,5494.0000,5493.4000,5492.4000,5491.4000,5490.8000,5495.6000,5496.8000,5497.0000,5497.2000,5498.0000,2,1,1,2,1,1,1,2,1,2
SF,IC2006,2020-01-14 09:33:37.600,5494.0000,39126,0,881352040.000,0,-,-,-,-,5494.0000,5493.4000,5492.4000,5491.4000,5490.8000,5495.4000,5495.6000,5497.0000,5497.2000,5498.0000,2,1,1,2,1,1,1,2,1,2
SF,IC2006,2020-01-14 09:33:38.100,5494.0000,39126,0,881352040.000,0,-,-,-,-,5494.0000,5493.4000,5492.4000,5491.4000,5490.8000,5495.4000,5495.6000,5497.0000,5497.2000,5498.0000,2,1,1,2,1,1,1,2,1,2
SF,IC2006,2020-01-14 09:33:38.600,5494.0000,39126,0,883549640.000,2,1,1,多换,S,5493.4000,5492.4000,5491.4000,5490.8000,5490.0000,5495.2000,5495.4000,5497.0000,5497.2000,5498.0000,1,1,2,1,4,1,1,2,1,2
SF,IC2006,2020-01-14 09:33:39.100,5494.0000,39126,0,883549640.000,0,-,-,-,-,5493.6000,5493.4000,5493.0000,5492.4000,5491.4000,5495.0000,5495.2000,5497.0000,5497.2000,5498.0000,1,1,2,1,2,1,1,2,1,2
SF,IC2006,2020-01-14 09:33:39.600,5493.6000,39125,-1,884648360.000,1,0,1,双平,S,5493.4000,5493.0000,5492.4000,5491.4000,5490.8000,5497.0000,5497.2000,5498.0000,5499.4000,5499.8000,1,2,1,2,1,2,1,2,1,2
SF,IC2006,2020-01-14 09:33:40.100,5493.6000,39125,0,884648360.000,0,-,-,-,-,5493.4000,5493.0000,5492.4000,5491.4000,5490.8000,5496.8000,5497.0000,5497.2000,5498.0000,5499.4000,1,2,1,2,1,2,2,1,2,1
SF,IC2006,2020-01-14 09:33:40.600,5493.6000,39125,0,884648360.000,0,-,-,-,-,5493.4000,5493.0000,5492.4000,5491.4000,5490.8000,5494.0000,5494.4000,5496.8000,5497.0000,5497.2000,1,2,1,2,1,2,2,2,2,1
SF,IC2006,2020-01-14 09:33:41.100,5494.0000,39123,-2,886845960.000,2,0,2,双平,S,5494.0000,5493.4000,5493.0000,5492.4000,5491.4000,5496.4000,5496.8000,5497.0000,5497.2000,5498.0000,2,1,2,1,2,1,1,2,1,2
SF,IC2006,2020-01-14 09:33:41.600,5494.0000,39123,0,886845960.000,0,-,-,-,-,5494.2000,5494.0000,5493.4000,5493.0000,5492.4000,5496.2000,5496.4000,5497.0000,5498.0000,5499.4000,1,1,1,2,1,2,1,2,2,1
SF,IC2006,2020-01-14 09:33:42.600,5494.0000,39123,0,886845960.000,0,-,-,-,-,5494.2000,5494.0000,5493.4000,5493.0000,5492.4000,5496.2000,5496.4000,5497.0000,5498.0000,5499.4000,2,1,1,2,1,1,1,2,2,1
SF,IC2006,2020-01-14 09:33:43.100,5494.0000,39123,0,886845960.000,0,-,-,-,-,5494.4000,5494.2000,5494.0000,5493.4000,5493.0000,5496.2000,5496.4000,5497.0000,5498.0000,5499.4000,1,2,1,1,2,1,1,2,2,1
SF,IC2006,2020-01-14 09:33:44.100,5494.0000,39123,0,886845960.000,0,-,-,-,-,5494.4000,5494.2000,5494.0000,5493.4000,5493.0000,5496.2000,5497.0000,5498.0000,5499.4000,5499.8000,1,2,1,1,2,1,2,2,1,2
SF,IC2006,2020-01-14 09:33:44.600,5494.4000,39122,-1,887944840.000,1,0,1,双平,S,5496.2000,5494.6000,5494.4000,5494.2000,5494.0000,5497.0000,5498.0000,5499.4000,5499.8000,5500.0000,1,1,1,2,1,2,2,1,2,10
SF,IC2006,2020-01-14 09:33:45.100,5494.6000,39121,-1,890143160.000,2,0,2,多平,S,5494.2000,5494.0000,5493.4000,5493.0000,5492.4000,5496.2000,5497.0000,5498.0000,5499.4000,5499.8000,2,1,1,2,1,1,1,2,1,2
SF,IC2006,2020-01-14 09:33:45.600,5496.2000,39120,-1,891242400.000,1,0,1,双平,S,5494.4000,5494.2000,5494.0000,5493.4000,5493.0000,5497.0000,5498.0000,5499.4000,5499.8000,5500.0000,2,2,1,1,2,1,2,1,2,10
SF,IC2006,2020-01-14 09:33:46.100,5496.2000,39120,0,891242400.000,0,-,-,-,-,5494.4000,5494.2000,5494.0000,5493.4000,5493.0000,5496.8000,5497.0000,5498.0000,5499.4000,5499.8000,2,2,1,1,2,2,1,2,1,2
SF,IC2006,2020-01-14 09:33:46.600,5496.2000,39120,0,891242400.000,0,-,-,-,-,5495.0000,5494.4000,5494.2000,5494.0000,5493.4000,5496.6000,5496.8000,5497.0000,5498.0000,5499.4000,1,1,2,1,1,1,2,1,2,1
SF,IC2006,2020-01-14 09:33:47.100,5496.2000,39120,0,891242400.000,0,-,-,-,-,5495.2000,5495.0000,5494.4000,5494.2000,5494.0000,5496.4000,5496.8000,5497.0000,5498.0000,5498.2000,1,1,1,2,1,1,1,1,2,1
SF,IC2006,2020-01-14 09:33:47.600,5496.2000,39120,0,891242400.000,0,-,-,-,-,5495.2000,5495.0000,5494.2000,5494.0000,5493.4000,5496.4000,5496.8000,5497.0000,5498.0000,5498.2000,1,1,2,1,1,1,1,1,2,1
SF,IC2006,2020-01-14 09:33:49.100,5496.2000,39120,0,891242400.000,0,-,-,-,-,5495.0000,5494.2000,5494.0000,5493.4000,5493.0000,5496.4000,5496.8000,5497.0000,5498.0000,5498.2000,1,2,1,1,2,1,1,1,2,1
SF,IC2006,2020-01-14 09:33:49.600,5496.8000,39120,0,893441040.000,2,1,1,多换,S,5496.8000,5495.8000,5495.0000,5494.2000,5494.0000,5497.0000,5497.2000,5498.0000,5498.2000,5499.4000,2,1,1,2,1,1,1,2,1,1
SF,IC2006,2020-01-14 09:33:50.100,5496.8000,39120,0,895639760.000,2,1,1,多换,S,5495.8000,5495.0000,5494.2000,5493.4000,5493.0000,5497.0000,5497.2000,5498.0000,5498.2000,5499.4000,1,1,2,1,2,1,1,2,1,1
SF,IC2006,2020-01-14 09:33:50.600,5496.8000,39120,0,895639760.000,0,-,-,-,-,5495.8000,5495.0000,5494.2000,5493.4000,5493.0000,5496.2000,5496.8000,5497.0000,5498.0000,5498.2000,1,1,2,1,2,1,1,1,2,1
SF,IC2006,2020-01-14 09:33:51.100,5496.2000,39118,-2,897838160.000,2,0,2,双平,S,5495.0000,5494.2000,5493.8000,5493.4000,5493.0000,5496.8000,5497.0000,5498.0000,5498.2000,5499.4000,1,2,1,1,2,1,1,2,1,1
SF,IC2006,2020-01-14 09:33:51.600,5496.2000,39118,0,897838160.000,0,-,-,-,-,5495.2000,5495.0000,5494.2000,5493.8000,5493.4000,5496.8000,5497.0000,5498.0000,5498.2000,5499.4000,2,1,2,1,1,1,3,2,1,1
SF,IC2006,2020-01-14 09:33:52.100,5496.2000,39118,0,897838160.000,0,-,-,-,-,5495.2000,5495.0000,5494.2000,5493.8000,5493.4000,5496.8000,5497.0000,5498.0000,5498.2000,5499.4000,1,1,2,1,1,1,3,2,1,1
SF,IC2006,2020-01-14 09:33:52.600,5496.2000,39118,0,897838160.000,0,-,-,-,-,5496.0000,5495.0000,5494.2000,5493.8000,5493.0000,5496.8000,5497.0000,5498.0000,5498.2000,5498.6000,1,1,2,1,2,1,3,2,1,1
SF,IC2006,2020-01-14 09:33:53.100,5496.0000,39119,1,898937360.000,1,1,0,双开,S,5495.0000,5494.2000,5493.8000,5493.0000,5492.4000,5496.8000,5497.0000,5498.0000,5498.2000,5498.6000,1,2,1,2,1,1,3,2,1,1
SF,IC2006,2020-01-14 09:33:53.600,5496.0000,39119,0,898937360.000,0,-,-,-,-,5495.2000,5495.0000,5494.2000,5493.8000,5493.0000,5496.8000,5497.0000,5498.0000,5498.2000,5498.6000,1,1,2,1,2,1,3,2,1,1
SF,IC2006,2020-01-14 09:33:54.100,5496.8000,39119,0,900036720.000,1,0,1,多换,S,5495.2000,5495.0000,5494.2000,5493.8000,5493.0000,5497.0000,5498.0000,5498.2000,5498.6000,5499.4000,1,1,2,1,2,3,2,1,1,2
SF,IC2006,2020-01-14 09:33:54.600,5495.4000,39118,-1,901135800.000,1,0,1,双平,S,5495.2000,5495.0000,5494.2000,5493.8000,5493.0000,5497.0000,5498.0000,5498.2000,5498.6000,5499.4000,1,1,2,1,2,3,2,1,1,2
SF,IC2006,2020-01-14 09:33:55.100,5495.4000,39118,0,901135800.000,0,-,-,-,-,5495.2000,5495.0000,5494.2000,5493.8000,5493.0000,5496.8000,5497.0000,5498.0000,5498.2000,5498.6000,1,1,2,1,2,1,3,2,1,1
SF,IC2006,2020-01-14 09:33:56.100,5496.8000,39117,-1,902235160.000,1,0,1,双平,S,5495.2000,5495.0000,5494.2000,5493.8000,5493.0000,5497.0000,5498.0000,5498.2000,5498.6000,5499.4000,1,2,2,1,2,3,2,1,1,2
SF,IC2006,2020-01-14 09:33:56.600,5496.8000,39117,0,902235160.000,0,-,-,-,-,5495.4000,5495.2000,5495.0000,5494.2000,5493.8000,5497.0000,5497.4000,5498.0000,5498.2000,5499.4000,1,1,2,2,1,3,1,2,1,2
SF,IC2006,2020-01-14 09:33:57.100,5495.2000,39117,0,903334200.000,1,0,1,多换,S,5495.0000,5494.2000,5493.8000,5493.0000,5492.4000,5496.8000,5497.0000,5497.4000,5498.0000,5498.2000,2,2,1,2,1,2,3,1,2,1
SF,IC2006,2020-01-14 09:33:57.600,5495.2000,39117,0,903334200.000,0,-,-,-,-,5495.0000,5494.2000,5493.8000,5493.0000,5492.4000,5496.6000,5496.8000,5497.0000,5497.4000,5498.0000,2,2,1,2,1,1,2,4,1,2
SF,IC2006,2020-01-14 09:33:58.100,5495.2000,39117,0,903334200.000,0,-,-,-,-,5495.2000,5495.0000,5494.2000,5493.8000,5493.0000,5496.6000,5496.8000,5497.0000,5497.4000,5498.0000,1,2,2,1,2,1,2,4,1,2
SF,IC2006,2020-01-14 09:33:58.600,5496.8000,39115,-2,905532840.000,2,0,2,双平,S,5495.2000,5495.0000,5494.2000,5493.8000,5493.0000,5497.0000,5497.4000,5498.0000,5498.2000,5499.4000,1,2,2,1,2,4,1,2,1,2
SF,IC2006,2020-01-14 09:33:59.100,5496.8000,39115,0,905532840.000,0,-,-,-,-,5496.8000,5495.4000,5495.2000,5495.0000,5494.2000,5497.0000,5497.4000,5498.0000,5498.2000,5499.4000,1,1,1,2,2,4,1,2,1,2
SF,IC2006,2020-01-14 09:33:59.600,5496.8000,39114,-1,907731560.000,2,0,2,多平,S,5495.4000,5495.2000,5495.0000,5494.2000,5493.8000,5495.8000,5496.0000,5496.8000,5497.0000,5497.4000,1,1,2,2,1,1,4,2,4,1
SF,IC2006,2020-01-14 09:34:00.100,5495.4000,39113,-1,908830640.000,1,0,1,双平,S,5496.0000,5495.8000,5495.6000,5495.0000,5494.2000,5496.6000,5496.8000,5497.0000,5497.4000,5498.0000,1,1,1,2,2,1,2,4,1,2
SF,IC2006,2020-01-14 09:34:00.600,5495.4000,39113,0,908830640.000,0,-,-,-,-,5495.8000,5495.6000,5495.0000,5494.2000,5493.8000,5496.6000,5496.8000,5497.0000,5497.4000,5498.0000,1,1,2,2,1,1,2,4,1,2
SF,IC2006,2020-01-14 09:34:01.100,5496.8000,39111,-2,911029320.000,2,0,2,双平,S,5496.0000,5495.8000,5495.0000,5494.2000,5493.8000,5497.0000,5497.4000,5498.0000,5498.2000,5499.4000,1,1,2,2,1,4,1,2,1,2
SF,IC2006,2020-01-14 09:34:01.600,5497.0000,39110,-1,912128720.000,1,0,1,双平,S,5496.0000,5495.8000,5495.0000,5494.2000,5493.8000,5497.0000,5497.4000,5498.0000,5498.2000,5499.4000,1,1,2,2,1,3,1,2,1,2
SF,IC2006,2020-01-14 09:34:02.100,5497.0000,39110,0,912128720.000,0,-,-,-,-,5496.0000,5495.8000,5495.0000,5494.2000,5493.8000,5497.0000,5497.2000,5498.0000,5498.2000,5499.4000,1,1,2,2,1,3,3,2,1,2
SF,IC2006,2020-01-14 09:34:02.600,5497.0000,39109,-1,913228120.000,1,0,1,双平,S,5496.0000,5495.8000,5495.0000,5494.2000,5493.8000,5497.0000,5497.2000,5498.0000,5498.2000,5499.4000,1,1,2,2,1,2,3,2,1,2
SF,IC2006,2020-01-14 09:34:03.100,5496.0000,39108,-1,915426520.000,2,0,2,多平,S,5495.0000,5494.2000,5493.8000,5493.0000,5492.4000,5495.8000,5496.8000,5497.0000,5497.2000,5498.0000,2,2,1,2,1,1,1,2,3,2
SF,IC2006,2020-01-14 09:34:03.600,5496.0000,39108,0,915426520.000,0,-,-,-,-,5495.0000,5494.2000,5493.8000,5493.0000,5492.4000,5495.8000,5496.8000,5497.0000,5497.2000,5498.0000,2,2,1,2,1,1,1,2,3,2
SF,IC2006,2020-01-14 09:34:04.100,5496.0000,39108,0,915426520.000,0,-,-,-,-,5495.0000,5494.8000,5494.2000,5493.8000,5493.0000,5495.8000,5496.8000,5497.0000,5497.2000,5498.0000,2,1,2,1,2,1,1,2,3,2
SF,IC2006,2020-01-14 09:34:04.600,5496.0000,39108,0,915426520.000,0,-,-,-,-,5495.0000,5494.8000,5494.2000,5493.0000,5492.4000,5495.8000,5496.8000,5497.0000,5497.2000,5498.0000,2,1,2,2,1,1,1,2,3,2
SF,IC2006,2020-01-14 09:34:05.100,5496.0000,39108,0,916525720.000,1,0,1,多换,S,5495.0000,5494.8000,5494.2000,5493.0000,5492.4000,5496.8000,5497.0000,5497.2000,5498.0000,5498.2000,2,1,2,2,1,1,2,3,2,1
SF,IC2006,2020-01-14 09:34:05.600,5495.8000,39107,-1,917624880.000,1,0,1,双平,S,5495.0000,5494.8000,5494.2000,5493.0000,5492.4000,5495.2000,5496.6000,5496.8000,5497.0000,5497.2000,2,1,2,2,1,1,2,1,2,3
SF,IC2006,2020-01-14 09:34:06.100,5495.0000,39106,-1,920921920.000,3,1,2,多平,S,5495.2000,5494.8000,5494.2000,5493.0000,5492.4000,5496.6000,5496.8000,5497.0000,5497.2000,5498.0000,3,1,2,2,1,1,1,2,3,2
SF,IC2006,2020-01-14 09:34:06.600,5495.0000,39106,0,920921920.000,0,-,-,-,-,5495.2000,5494.8000,5494.2000,5493.0000,5492.4000,5495.4000,5496.4000,5496.6000,5497.0000,5497.2000,3,1,2,2,1,2,1,1,2,3
SF,IC2006,2020-01-14 09:34:07.100,5495.2000,39104,-2,924219040.000,3,0,3,多平,S,5494.8000,5494.2000,5493.0000,5492.4000,5491.4000,5496.4000,5496.6000,5497.0000,5497.2000,5498.0000,1,2,2,1,2,1,1,2,3,2
SF,IC2006,2020-01-14 09:34:07.600,5494.8000,39103,-1,926416960.000,2,0,2,多平,S,5494.2000,5493.0000,5492.4000,5491.4000,5490.8000,5494.8000,5496.2000,5496.4000,5496.6000,5497.0000,2,2,1,2,1,1,1,1,1,2
SF,IC2006,2020-01-14 09:34:08.100,5494.8000,39101,-2,928614880.000,2,0,2,双平,S,5494.8000,5494.2000,5493.0000,5492.4000,5491.4000,5496.2000,5497.0000,5497.2000,5498.0000,5498.2000,1,2,2,1,2,1,2,3,2,1
SF,IC2006,2020-01-14 09:34:08.600,5494.8000,39101,0,928614880.000,0,-,-,-,-,5494.2000,5493.0000,5492.4000,5491.4000,5490.8000,5496.0000,5496.2000,5497.0000,5497.2000,5498.0000,2,2,1,2,1,1,1,2,3,2
SF,IC2006,2020-01-14 09:34:09.100,5495.8000,39100,-1,929714040.000,1,0,1,双平,S,5494.2000,5493.0000,5492.4000,5491.4000,5490.8000,5496.0000,5496.2000,5497.0000,5497.2000,5498.0000,2,2,1,2,1,1,1,2,3,2
SF,IC2006,2020-01-14 09:34:09.600,5496.0000,39099,-1,930813240.000,1,0,1,双平,S,5494.4000,5494.2000,5493.6000,5493.0000,5492.4000,5496.2000,5497.0000,5497.2000,5498.0000,5498.2000,1,2,1,2,1,1,2,3,2,1
SF,IC2006,2020-01-14 09:34:10.100,5494.2000,39098,-1,934109800.000,3,1,2,多平,S,5493.6000,5493.0000,5492.4000,5491.4000,5490.8000,5496.0000,5496.2000,5497.0000,5497.2000,5498.0000,1,2,1,2,1,1,1,2,3,2
SF,IC2006,2020-01-14 09:34:10.600,5494.2000,39098,0,934109800.000,0,-,-,-,-,5493.8000,5493.6000,5493.0000,5492.4000,5491.4000,5495.8000,5496.0000,5496.2000,5497.0000,5497.2000,1,1,2,1,2,1,2,1,2,3
SF,IC2006,2020-01-14 09:34:11.100,5494.2000,39098,0,934109800.000,0,-,-,-,-,5493.8000,5493.6000,5493.0000,5492.4000,5491.4000,5495.6000,5495.8000,5496.0000,5496.2000,5497.0000,1,1,2,1,2,1,1,1,1,2
SF,IC2006,2020-01-14 09:34:11.600,5493.8000,39097,-1,935208560.000,1,0,1,双平,S,5493.6000,5493.0000,5492.4000,5491.4000,5490.8000,5495.4000,5495.6000,5495.8000,5496.2000,5497.0000,1,2,1,2,1,2,1,1,1,2
SF,IC2006,2020-01-14 09:34:12.100,5495.2000,39096,-1,937406320.000,2,0,2,多平,S,5493.8000,5493.0000,5492.4000,5491.4000,5490.8000,5495.2000,5495.4000,5495.8000,5496.2000,5497.0000,1,3,1,2,1,1,2,1,1,2
SF,IC2006,2020-01-14 09:34:12.600,5495.2000,39096,0,937406320.000,0,-,-,-,-,5493.8000,5493.0000,5492.4000,5492.0000,5491.4000,5495.2000,5495.4000,5495.8000,5496.2000,5497.0000,1,3,1,1,2,1,2,1,1,2
SF,IC2006,2020-01-14 09:34:13.100,5495.2000,39096,0,937406320.000,0,-,-,-,-,5493.8000,5493.0000,5492.4000,5492.0000,5491.4000,5495.0000,5495.2000,5495.4000,5495.8000,5496.2000,1,3,1,1,2,2,1,2,1,1
SF,IC2006,2020-01-14 09:34:13.600,5493.8000,39096,0,938505080.000,1,0,1,多换,S,5493.0000,5492.4000,5492.0000,5491.4000,5490.8000,5493.6000,5494.8000,5495.4000,5495.8000,5496.2000,3,1,1,2,1,1,1,1,1,1
SF,IC2006,2020-01-14 09:34:14.100,5493.6000,39094,-2,940702400.000,2,0,2,双平,S,5493.0000,5492.4000,5492.0000,5491.4000,5490.8000,5494.6000,5494.8000,5495.4000,5495.8000,5496.2000,2,1,1,2,1,1,1,1,1,1
SF,IC2006,2020-01-14 09:34:14.600,5493.6000,39094,0,940702400.000,0,-,-,-,-,5493.0000,5492.4000,5492.0000,5491.4000,5490.8000,5494.4000,5494.6000,5495.4000,5495.8000,5496.2000,2,1,1,2,1,3,1,1,1,1
SF,IC2006,2020-01-14 09:34:15.100,5493.6000,39094,0,940702400.000,0,-,-,-,-,5493.6000,5493.0000,5492.4000,5492.0000,5491.4000,5494.4000,5494.6000,5495.4000,5495.8000,5496.2000,1,2,1,1,2,3,1,1,1,2
SF,IC2006,2020-01-14 09:34:15.600,5493.6000,39093,-1,941801120.000,1,0,1,双平,S,5493.0000,5492.4000,5492.0000,5491.4000,5490.8000,5494.4000,5494.6000,5495.4000,5495.8000,5496.2000,2,1,1,2,1,3,1,1,1,2
SF,IC2006,2020-01-14 09:34:17.100,5493.6000,39093,0,941801120.000,0,-,-,-,-,5493.4000,5493.0000,5492.4000,5492.0000,5491.4000,5494.4000,5494.6000,5495.4000,5495.8000,5496.2000,1,2,1,1,2,3,1,1,1,2
SF,IC2006,2020-01-14 09:34:17.600,5494.6000,39089,-4,946196680.000,4,0,4,双平,S,5494.6000,5494.4000,5493.6000,5493.4000,5493.0000,5495.4000,5496.2000,5497.0000,5497.2000,5498.0000,1,1,1,1,2,1,2,2,3,2
SF,IC2006,2020-01-14 09:34:18.100,5494.6000,39089,0,946196680.000,0,-,-,-,-,5494.4000,5493.6000,5493.4000,5493.0000,5492.4000,5495.4000,5496.2000,5497.0000,5497.2000,5498.0000,1,1,1,3,1,1,1,2,3,2
SF,IC2006,2020-01-14 09:34:18.600,5494.6000,39089,0,946196680.000,0,-,-,-,-,5494.6000,5494.4000,5493.0000,5492.4000,5492.0000,5495.4000,5496.2000,5497.0000,5497.2000,5498.0000,1,1,3,1,1,1,1,2,3,2
SF,IC2006,2020-01-14 09:34:19.100,5494.6000,39089,0,946196680.000,0,-,-,-,-,5494.6000,5494.4000,5493.0000,5492.4000,5492.0000,5495.2000,5495.4000,5496.2000,5497.0000,5497.2000,1,1,3,1,1,1,1,1,2,3
SF,IC2006,2020-01-14 09:34:19.600,5495.0000,39088,-1,947295680.000,1,0,1,双平,S,5494.6000,5494.4000,5493.0000,5492.4000,5492.0000,5495.2000,5495.4000,5496.2000,5497.0000,5497.2000,1,1,3,1,1,1,1,1,2,3
SF,IC2006,2020-01-14 09:34:20.100,5495.2000,39087,-1,950592680.000,3,1,2,多平,S,5494.4000,5493.0000,5492.4000,5492.0000,5491.4000,5496.2000,5497.0000,5497.2000,5498.0000,5498.2000,1,3,2,1,2,1,2,3,2,1
SF,IC2006,2020-01-14 09:34:20.600,5495.2000,39087,0,950592680.000,0,-,-,-,-,5493.0000,5492.4000,5492.0000,5491.4000,5490.8000,5496.0000,5496.2000,5497.0000,5497.2000,5498.0000,3,2,1,2,1,1,1,2,3,2
SF,IC2006,2020-01-14 09:34:21.100,5495.2000,39087,0,950592680.000,0,-,-,-,-,5493.2000,5493.0000,5492.4000,5492.0000,5491.4000,5496.0000,5496.2000,5497.0000,5497.2000,5498.0000,3,3,2,1,2,2,1,2,3,2
SF,IC2006,2020-01-14 09:34:21.600,5495.2000,39087,0,950592680.000,0,-,-,-,-,5493.2000,5493.0000,5492.4000,5492.0000,5491.4000,5495.6000,5496.0000,5496.2000,5497.0000,5497.2000,3,3,2,1,2,1,2,1,3,3
SF,IC2006,2020-01-14 09:34:22.100,5495.2000,39087,0,950592680.000,0,-,-,-,-,5494.4000,5493.2000,5493.0000,5492.4000,5492.0000,5495.6000,5496.0000,5496.2000,5497.0000,5497.2000,1,3,3,2,1,1,1,1,3,3
SF,IC2006,2020-01-14 09:34:22.600,5493.2000,39085,-2,953889280.000,3,0,3,多平,S,5493.0000,5492.4000,5492.0000,5491.4000,5490.8000,5496.2000,5497.0000,5497.2000,5497.4000,5497.6000,3,2,1,2,1,1,3,3,1,1
SF,IC2006,2020-01-14 09:34:23.100,5493.2000,39085,0,953889280.000,0,-,-,-,-,5493.2000,5493.0000,5492.4000,5492.0000,5491.4000,5496.0000,5496.2000,5497.0000,5497.2000,5497.4000,2,3,2,1,2,1,1,3,3,1
SF,IC2006,2020-01-14 09:34:23.600,5493.2000,39084,-1,956086560.000,2,0,2,多平,S,5493.0000,5492.4000,5492.0000,5491.4000,5490.8000,5495.6000,5496.0000,5496.2000,5497.0000,5497.2000,3,2,1,2,1,1,2,1,3,3
SF,IC2006,2020-01-14 09:34:24.100,5495.4000,39083,-1,957185640.000,1,0,1,双平,S,5493.6000,5493.2000,5493.0000,5492.4000,5492.0000,5495.6000,5496.0000,5496.2000,5497.0000,5497.2000,2,3,3,2,1,1,1,1,3,3
SF,IC2006,2020-01-14 09:34:24.600,5495.4000,39083,0,957185640.000,0,-,-,-,-,5493.6000,5493.2000,5493.0000,5492.4000,5492.0000,5495.6000,5496.0000,5496.2000,5497.0000,5497.2000,1,3,3,2,1,1,1,1,3,3
SF,IC2006,2020-01-14 09:34:25.100,5495.4000,39083,0,957185640.000,0,-,-,-,-,5493.8000,5493.6000,5493.2000,5493.0000,5492.4000,5495.2000,5495.4000,5496.2000,5497.0000,5497.2000,2,1,2,4,2,1,1,1,3,3
SF,IC2006,2020-01-14 09:34:25.600,5495.4000,39082,-1,958284720.000,1,0,1,双平,S,5493.8000,5493.6000,5493.2000,5493.0000,5492.4000,5495.4000,5496.0000,5496.2000,5497.0000,5497.2000,2,1,2,4,2,1,2,1,3,3
SF,IC2006,2020-01-14 09:34:26.100,5495.4000,39082,0,958284720.000,0,-,-,-,-,5494.4000,5493.8000,5493.6000,5493.2000,5493.0000,5496.0000,5496.2000,5497.0000,5497.2000,5497.4000,1,2,1,3,4,2,1,3,3,1
SF,IC2006,2020-01-14 09:34:26.600,5495.4000,39082,0,958284720.000,0,-,-,-,-,5494.4000,5493.8000,5493.6000,5493.2000,5493.0000,5495.8000,5496.0000,5496.2000,5497.0000,5497.2000,1,2,1,1,4,2,3,1,3,3
SF,IC2006,2020-01-14 09:34:27.100,5495.4000,39082,0,958284720.000,0,-,-,-,-,5494.4000,5493.8000,5493.6000,5493.2000,5493.0000,5495.8000,5496.0000,5496.2000,5497.0000,5497.2000,1,2,1,1,4,1,3,1,3,3
SF,IC2006,2020-01-14 09:34:27.600,5494.4000,39080,-2,960482480.000,2,0,2,双平,S,5493.6000,5493.2000,5493.0000,5492.4000,5492.0000,5494.4000,5495.8000,5496.0000,5496.2000,5497.0000,1,1,4,2,1,1,1,3,1,3
