市场代码,合约代码,时间,最新,持仓,增仓,成交额,成交量,开仓,平仓,成交类型,方向,买一价,买二价,买三价,买四价,买五价,卖一价,卖二价,卖三价,卖四价,卖五价,买一量,买二量,买三量,买四量,买五量,卖一量,卖二量,卖三量,卖四量,卖五量
SF,IC2006,2020-01-15 09:29:00.100,5440.0000,38224,0,10880000.000,10.000,-,-,-,-,5436.2000,5435.0000,5432.0000,5431.0000,5430.0000,5443.0000,5445.0000,5449.6000,5450.0000,5454.6000,1,1,1,1,6,1,1,1,1,1
SF,IC2006,2020-01-15 09:30:00.100,5436.6000,38220,-4,15230560.000,4,0,4,双平,S,5436.4000,5436.2000,5435.0000,5434.4000,5432.0000,5442.8000,5443.2000,5445.0000,5449.6000,5450.0000,1,3,1,1,1,1,1,1,1,1
SF,IC2006,2020-01-15 09:30:00.600,5436.4000,38215,-5,25016080.000,9,2,7,多平,S,5436.0000,5435.0000,5434.4000,5432.0000,5431.2000,5440.8000,5442.6000,5442.8000,5443.0000,5445.0000,1,1,1,1,3,1,3,2,1,2
SF,IC2006,2020-01-15 09:30:01.100,5436.2000,38213,-2,27190520.000,2,0,2,双平,S,5435.0000,5434.4000,5432.0000,5431.2000,5431.0000,5440.0000,5440.6000,5440.8000,5442.8000,5443.0000,1,1,1,3,1,1,3,2,5,1
SF,IC2006,2020-01-15 09:30:01.600,5440.0000,38205,-8,36982040.000,9,0,9,多平,S,5435.2000,5435.0000,5434.8000,5434.4000,5432.0000,5439.8000,5442.8000,5443.0000,5445.0000,5446.2000,2,1,1,1,1,2,5,1,2,5
SF,IC2006,2020-01-15 09:30:02.100,5440.0000,38205,0,36982040.000,0,-,-,-,-,5435.0000,5434.4000,5432.0000,5431.2000,5431.0000,5439.6000,5439.8000,5440.0000,5442.8000,5443.0000,1,1,1,3,1,1,2,1,5,1
SF,IC2006,2020-01-15 09:30:02.600,5437.0000,38204,-1,39157440.000,2,0,2,多平,S,5435.0000,5434.4000,5432.0000,5431.2000,5431.0000,5436.0000,5439.2000,5439.4000,5439.6000,5440.0000,1,1,1,3,1,1,1,2,1,1
SF,IC2006,2020-01-15 09:30:03.100,5435.0000,38203,-1,41331640.000,2,0,2,多平,S,5434.4000,5432.0000,5431.2000,5431.0000,5430.0000,5436.0000,5439.2000,5439.4000,5440.0000,5442.8000,1,1,3,1,6,1,1,2,1,5
SF,IC2006,2020-01-15 09:30:03.600,5435.0000,38203,0,41331640.000,0,-,-,-,-,5434.6000,5434.4000,5432.0000,5431.2000,5431.0000,5435.8000,5436.0000,5439.2000,5440.0000,5442.0000,1,2,1,3,1,2,1,1,1,1
SF,IC2006,2020-01-15 09:30:04.100,5435.8000,38203,0,42418800.000,1,0,1,多换,S,5434.8000,5434.4000,5432.0000,5431.2000,5431.0000,5436.0000,5439.2000,5440.0000,5442.0000,5442.8000,1,1,1,3,1,1,1,1,1,5
SF,IC2006,2020-01-15 09:30:04.600,5436.0000,38202,-1,43506000.000,1,0,1,双平,S,5436.0000,5435.0000,5434.8000,5434.4000,5433.6000,5439.2000,5440.0000,5442.0000,5442.8000,5443.0000,1,1,1,1,3,1,1,1,5,1
SF,IC2006,2020-01-15 09:30:05.100,5435.0000,38200,-2,45680200.000,2,0,2,双平,S,5434.8000,5434.4000,5433.6000,5432.0000,5431.2000,5439.0000,5439.2000,5442.0000,5442.8000,5443.0000,1,1,3,1,3,2,2,1,5,1
SF,IC2006,2020-01-15 09:30:05.600,5435.0000,38200,0,45680200.000,0,-,-,-,-,5435.0000,5434.8000,5434.4000,5433.6000,5432.0000,5438.6000,5439.0000,5439.2000,5442.0000,5442.8000,2,1,1,3,1,1,1,1,1,5
SF,IC2006,2020-01-15 09:30:06.100,5435.0000,38200,0,45680200.000,0,-,-,-,-,5438.0000,5435.2000,5435.0000,5434.4000,5434.0000,5438.4000,5438.6000,5442.0000,5442.8000,5443.0000,1,1,2,3,1,1,1,1,5,1
SF,IC2006,2020-01-15 09:30:06.600,5436.0000,38197,-3,51118800.000,5,1,4,多平,S,5435.2000,5435.0000,5434.4000,5434.0000,5433.6000,5442.8000,5443.0000,5445.0000,5446.2000,5449.6000,1,3,3,1,3,5,1,2,5,1
SF,IC2006,2020-01-15 09:30:07.100,5435.4000,38196,-1,52205880.000,1,0,1,双平,S,5435.4000,5435.2000,5435.0000,5434.4000,5434.0000,5442.6000,5442.8000,5443.0000,5445.0000,5446.2000,1,2,2,3,1,2,6,1,2,5
SF,IC2006,2020-01-15 09:30:07.600,5435.4000,38196,0,52205880.000,0,-,-,-,-,5438.6000,5437.4000,5435.6000,5435.4000,5435.2000,5442.6000,5442.8000,5443.0000,5445.0000,5446.2000,1,1,2,1,1,2,6,1,2,5
SF,IC2006,2020-01-15 09:30:08.100,5435.4000,38196,0,52205880.000,0,-,-,-,-,5438.8000,5438.6000,5438.0000,5437.4000,5435.8000,5442.6000,5442.8000,5443.0000,5445.0000,5446.2000,1,1,1,1,1,2,7,1,2,5
SF,IC2006,2020-01-15 09:30:08.600,5438.8000,38196,0,53293640.000,1,0,1,多换,S,5438.6000,5438.0000,5437.4000,5435.8000,5435.6000,5438.8000,5442.4000,5442.6000,5442.8000,5443.0000,1,1,1,1,2,3,1,2,7,1
SF,IC2006,2020-01-15 09:30:09.100,5438.6000,38195,-1,57644640.000,4,1,3,多平,S,5438.0000,5437.4000,5435.8000,5435.6000,5435.4000,5442.6000,5442.8000,5443.0000,5445.0000,5446.2000,1,1,1,3,2,2,7,1,2,5
SF,IC2006,2020-01-15 09:30:09.600,5438.2000,38194,-1,59819920.000,2,0,2,多平,S,5438.0000,5437.4000,5437.2000,5435.8000,5435.6000,5438.8000,5442.0000,5442.4000,5442.6000,5442.8000,1,1,1,1,1,2,1,2,2,7
SF,IC2006,2020-01-15 09:30:10.100,5438.8000,38192,-2,61995440.000,2,0,2,双平,S,5438.0000,5437.2000,5435.4000,5435.2000,5435.0000,5442.4000,5442.6000,5442.8000,5443.0000,5445.0000,1,1,2,1,2,1,2,7,1,2
SF,IC2006,2020-01-15 09:30:10.600,5438.8000,38192,0,61995440.000,0,-,-,-,-,5438.8000,5438.2000,5438.0000,5437.2000,5435.4000,5440.0000,5440.4000,5440.8000,5441.4000,5441.8000,1,2,1,1,2,1,1,2,1,1
SF,IC2006,2020-01-15 09:30:11.100,5438.8000,38192,0,61995440.000,0,-,-,-,-,5438.8000,5438.2000,5438.0000,5437.2000,5435.4000,5439.8000,5442.2000,5442.4000,5442.8000,5443.0000,1,1,1,1,2,1,2,1,7,1
SF,IC2006,2020-01-15 09:30:11.600,5438.8000,38188,-4,67434440.000,5,0,5,多平,S,5438.2000,5438.0000,5437.2000,5435.4000,5435.2000,5438.8000,5439.6000,5440.0000,5442.2000,5442.4000,1,1,1,2,1,8,1,1,2,1
SF,IC2006,2020-01-15 09:30:12.100,5438.8000,38188,0,67434440.000,0,-,-,-,-,5438.2000,5438.0000,5437.2000,5435.4000,5435.2000,5438.8000,5442.2000,5442.4000,5442.8000,5443.0000,1,1,1,2,1,8,2,1,7,1
SF,IC2006,2020-01-15 09:30:12.600,5438.8000,38187,-1,68522200.000,1,0,1,双平,S,5438.2000,5438.0000,5437.2000,5435.4000,5435.2000,5438.8000,5442.2000,5442.4000,5442.8000,5443.0000,1,1,1,2,1,6,1,1,7,1
SF,IC2006,2020-01-15 09:30:13.600,5438.0000,38187,0,70697440.000,2,1,1,多换,S,5438.8000,5437.2000,5435.4000,5435.2000,5435.0000,5442.2000,5442.8000,5443.0000,5445.0000,5446.2000,5,1,2,1,2,1,6,1,2,5
SF,IC2006,2020-01-15 09:30:14.100,5442.0000,38187,0,72873440.000,2,1,1,多换,S,5438.8000,5437.2000,5435.4000,5435.2000,5435.0000,5442.0000,5442.2000,5442.8000,5443.0000,5445.0000,4,1,2,1,2,3,1,6,1,2
SF,IC2006,2020-01-15 09:30:14.600,5442.0000,38187,0,72873440.000,0,-,-,-,-,5438.8000,5437.2000,5435.4000,5435.2000,5435.0000,5441.8000,5442.0000,5442.8000,5443.0000,5445.0000,6,1,2,1,2,1,5,6,1,2
SF,IC2006,2020-01-15 09:30:15.100,5442.0000,38187,0,72873440.000,0,-,-,-,-,5438.8000,5437.2000,5435.4000,5435.2000,5435.0000,5440.8000,5441.4000,5441.6000,5441.8000,5442.0000,6,1,2,1,2,2,1,5,1,1
SF,IC2006,2020-01-15 09:30:15.600,5442.0000,38187,0,72873440.000,0,-,-,-,-,5438.8000,5437.2000,5435.4000,5435.2000,5435.0000,5440.6000,5440.8000,5441.4000,5441.6000,5442.0000,6,1,2,1,2,4,2,1,3,2
SF,IC2006,2020-01-15 09:30:16.100,5442.0000,38187,0,72873440.000,0,-,-,-,-,5438.8000,5437.2000,5437.0000,5435.4000,5435.2000,5440.6000,5440.8000,5441.4000,5441.6000,5441.8000,6,1,1,2,1,5,2,1,3,1
SF,IC2006,2020-01-15 09:30:16.600,5438.8000,38184,-3,81575520.000,8,2,6,多平,S,5437.2000,5437.0000,5436.6000,5436.0000,5435.4000,5438.8000,5439.4000,5439.6000,5439.8000,5440.0000,1,1,1,1,2,2,1,1,1,1
SF,IC2006,2020-01-15 09:30:17.100,5438.8000,38184,0,81575520.000,0,-,-,-,-,5438.2000,5437.4000,5437.2000,5437.0000,5436.6000,5438.8000,5439.4000,5440.6000,5441.8000,5442.0000,1,2,1,1,1,5,1,5,1,7
SF,IC2006,2020-01-15 09:30:17.600,5438.8000,38184,0,82663280.000,1,0,1,多换,S,5438.2000,5437.4000,5437.2000,5437.0000,5436.6000,5438.8000,5439.4000,5440.6000,5441.8000,5442.0000,1,2,1,1,1,2,1,2,1,7
SF,IC2006,2020-01-15 09:30:18.100,5438.8000,38183,-1,84838800.000,2,0,2,多平,S,5438.2000,5437.4000,5437.2000,5437.0000,5436.6000,5439.4000,5440.6000,5441.8000,5442.0000,5442.8000,1,2,1,1,1,1,2,1,7,6
SF,IC2006,2020-01-15 09:30:18.600,5438.8000,38183,0,84838800.000,0,-,-,-,-,5438.8000,5438.2000,5437.4000,5437.2000,5437.0000,5439.2000,5439.4000,5440.0000,5440.6000,5441.8000,1,1,2,1,1,1,1,1,1,1
SF,IC2006,2020-01-15 09:30:19.100,5438.8000,38182,-1,85926560.000,1,0,1,双平,S,5438.2000,5437.4000,5437.2000,5437.0000,5436.6000,5439.2000,5439.4000,5440.0000,5440.6000,5441.8000,1,1,1,1,1,1,1,1,1,1
SF,IC2006,2020-01-15 09:30:19.600,5438.2000,38180,-2,89189840.000,3,0,3,多平,S,5437.4000,5437.2000,5437.0000,5436.6000,5436.0000,5439.4000,5440.0000,5440.6000,5442.0000,5442.8000,1,1,1,1,1,1,2,1,8,6
SF,IC2006,2020-01-15 09:30:20.100,5438.2000,38180,0,89189840.000,0,-,-,-,-,5439.0000,5438.2000,5437.6000,5437.4000,5437.2000,5439.2000,5439.4000,5440.0000,5440.6000,5442.0000,1,1,1,1,1,1,1,2,1,8
SF,IC2006,2020-01-15 09:30:20.600,5439.0000,38180,0,90277640.000,1,0,1,多换,S,5438.2000,5437.6000,5437.4000,5437.2000,5437.0000,5439.0000,5439.4000,5440.0000,5440.6000,5442.0000,1,1,1,1,1,3,1,2,1,8
SF,IC2006,2020-01-15 09:30:21.100,5437.6000,38176,-4,94628120.000,4,0,4,双平,S,5437.2000,5437.0000,5436.6000,5436.0000,5435.4000,5439.4000,5440.0000,5440.6000,5442.0000,5442.8000,1,1,1,1,1,1,3,1,8,6
SF,IC2006,2020-01-15 09:30:21.600,5439.2000,38176,0,96803800.000,2,1,1,多换,S,5437.4000,5437.2000,5437.0000,5436.6000,5436.0000,5439.2000,5439.4000,5440.0000,5440.6000,5442.0000,1,1,1,1,1,1,1,3,1,8
SF,IC2006,2020-01-15 09:30:22.100,5439.2000,38176,0,96803800.000,0,-,-,-,-,5439.0000,5437.4000,5437.2000,5437.0000,5436.6000,5439.2000,5439.4000,5440.0000,5440.6000,5442.0000,4,1,1,1,1,1,1,3,1,8
SF,IC2006,2020-01-15 09:30:22.600,5439.0000,38172,-4,101155000.000,4,0,4,双平,S,5439.0000,5437.2000,5437.0000,5436.6000,5436.0000,5439.4000,5440.0000,5440.6000,5442.0000,5442.8000,1,1,1,1,1,1,3,1,8,6
SF,IC2006,2020-01-15 09:30:23.100,5439.4000,38171,-1,103330680.000,2,0,2,多平,S,5437.2000,5437.0000,5436.6000,5436.0000,5435.4000,5440.0000,5440.6000,5442.0000,5442.8000,5443.0000,1,1,1,1,1,3,1,8,6,1
SF,IC2006,2020-01-15 09:30:23.600,5439.4000,38171,0,103330680.000,0,-,-,-,-,5437.4000,5437.2000,5437.0000,5436.6000,5436.0000,5438.2000,5439.8000,5440.0000,5442.0000,5442.8000,2,1,1,1,1,1,3,4,8,6
SF,IC2006,2020-01-15 09:30:24.100,5439.4000,38171,0,103330680.000,0,-,-,-,-,5438.0000,5437.4000,5437.2000,5437.0000,5436.6000,5438.2000,5439.8000,5440.0000,5442.0000,5442.8000,1,1,1,1,1,1,3,3,8,6
SF,IC2006,2020-01-15 09:30:24.600,5438.0000,38170,-1,105505880.000,2,0,2,多平,S,5437.2000,5437.0000,5436.6000,5436.0000,5435.4000,5438.2000,5439.0000,5439.8000,5440.0000,5442.0000,1,1,1,1,1,1,2,3,3,8
SF,IC2006,2020-01-15 09:30:25.100,5438.0000,38170,0,105505880.000,0,-,-,-,-,5437.2000,5437.0000,5436.6000,5436.0000,5435.4000,5438.2000,5439.0000,5439.8000,5440.0000,5442.0000,1,1,1,1,1,1,2,3,3,8
SF,IC2006,2020-01-15 09:30:25.600,5438.0000,38170,0,105505880.000,0,-,-,-,-,5437.2000,5437.0000,5436.6000,5436.0000,5435.4000,5438.2000,5438.4000,5439.0000,5439.8000,5440.0000,1,2,1,1,1,2,1,2,3,3
SF,IC2006,2020-01-15 09:30:26.600,5438.0000,38170,0,105505880.000,0,-,-,-,-,5437.2000,5437.0000,5436.6000,5436.0000,5435.4000,5438.2000,5438.4000,5439.0000,5439.8000,5440.0000,2,2,1,1,1,2,1,2,3,3
SF,IC2006,2020-01-15 09:30:27.100,5438.2000,38172,2,109856400.000,4,3,1,空开,S,5438.2000,5437.2000,5437.0000,5436.6000,5436.0000,5438.4000,5439.0000,5439.8000,5440.0000,5442.0000,1,2,2,1,1,1,2,2,3,8
SF,IC2006,2020-01-15 09:30:27.600,5438.2000,38171,-1,112031680.000,2,0,2,多平,S,5437.2000,5437.0000,5436.6000,5436.0000,5435.4000,5438.0000,5438.4000,5439.0000,5439.8000,5440.0000,2,2,1,1,1,1,1,2,2,3
SF,IC2006,2020-01-15 09:30:28.100,5437.2000,38172,1,113119120.000,1,1,0,双开,S,5437.2000,5437.0000,5436.6000,5436.0000,5435.4000,5437.6000,5438.4000,5439.0000,5439.8000,5440.0000,1,2,1,1,1,1,1,2,2,3
SF,IC2006,2020-01-15 09:30:28.600,5437.6000,38171,-1,114206640.000,1,0,1,双平,S,5437.6000,5437.2000,5437.0000,5436.6000,5436.0000,5438.4000,5439.0000,5439.8000,5440.0000,5441.6000,1,1,2,1,1,1,2,2,3,1
SF,IC2006,2020-01-15 09:30:29.100,5437.6000,38171,0,114206640.000,0,-,-,-,-,5437.6000,5437.2000,5437.0000,5436.6000,5436.0000,5438.4000,5439.0000,5439.8000,5440.0000,5441.6000,1,2,2,1,1,1,2,2,3,1
SF,IC2006,2020-01-15 09:30:29.600,5437.6000,38171,0,114206640.000,0,-,-,-,-,5437.6000,5437.2000,5437.0000,5436.6000,5436.0000,5438.4000,5439.0000,5439.8000,5440.0000,5441.6000,1,2,2,1,1,1,2,2,3,1
SF,IC2006,2020-01-15 09:30:30.100,5437.6000,38171,0,114206640.000,0,-,-,-,-,5437.6000,5437.2000,5437.0000,5436.6000,5436.0000,5438.4000,5439.0000,5439.8000,5440.0000,5441.6000,1,2,2,1,1,1,2,2,3,1
SF,IC2006,2020-01-15 09:30:30.600,5437.6000,38171,0,114206640.000,0,-,-,-,-,5437.6000,5437.2000,5437.0000,5436.6000,5436.0000,5438.4000,5439.0000,5439.8000,5440.0000,5441.6000,1,2,2,1,1,2,2,2,3,1
SF,IC2006,2020-01-15 09:30:31.100,5437.6000,38171,0,114206640.000,0,-,-,-,-,5437.2000,5437.0000,5436.6000,5436.0000,5435.4000,5438.4000,5439.0000,5439.8000,5440.0000,5441.6000,2,2,1,1,1,2,2,2,3,1
SF,IC2006,2020-01-15 09:30:31.600,5437.6000,38171,0,114206640.000,0,-,-,-,-,5438.0000,5437.2000,5437.0000,5436.6000,5436.0000,5438.4000,5439.0000,5439.8000,5440.0000,5441.6000,1,2,2,1,1,2,2,2,3,1
SF,IC2006,2020-01-15 09:30:32.100,5438.0000,38170,-1,115294240.000,1,0,1,双平,S,5437.2000,5437.0000,5436.6000,5436.0000,5435.4000,5438.0000,5438.2000,5438.4000,5439.0000,5439.8000,2,2,1,1,1,2,1,2,2,1
SF,IC2006,2020-01-15 09:30:32.600,5438.0000,38170,0,115294240.000,0,-,-,-,-,5437.2000,5437.0000,5436.6000,5436.0000,5435.4000,5438.0000,5438.2000,5438.4000,5439.0000,5439.8000,2,2,1,1,1,2,1,2,2,1
SF,IC2006,2020-01-15 09:30:33.100,5438.4000,38165,-5,121819880.000,6,0,6,多平,S,5437.6000,5437.2000,5437.0000,5436.6000,5436.0000,5439.0000,5439.8000,5440.0000,5442.0000,5442.6000,1,1,2,1,1,2,1,3,8,1
SF,IC2006,2020-01-15 09:30:33.600,5438.4000,38165,0,121819880.000,0,-,-,-,-,5437.6000,5437.2000,5437.0000,5436.6000,5436.0000,5438.8000,5439.0000,5439.8000,5440.0000,5442.0000,1,1,2,1,1,2,2,1,3,8
SF,IC2006,2020-01-15 09:30:34.100,5438.4000,38165,0,121819880.000,0,-,-,-,-,5437.6000,5437.2000,5437.0000,5436.6000,5436.0000,5438.4000,5438.8000,5439.0000,5439.8000,5440.0000,1,1,2,1,1,1,1,2,1,3
SF,IC2006,2020-01-15 09:30:34.600,5438.4000,38165,0,121819880.000,0,-,-,-,-,5437.6000,5437.2000,5437.0000,5436.6000,5436.0000,5438.8000,5439.0000,5439.8000,5440.0000,5442.0000,1,1,2,1,1,1,2,1,3,8
SF,IC2006,2020-01-15 09:30:35.100,5437.6000,38166,1,123995120.000,2,1,1,空开,S,5438.0000,5437.2000,5437.0000,5436.6000,5436.0000,5438.6000,5438.8000,5439.0000,5440.0000,5442.0000,1,1,2,1,1,1,1,2,3,8
SF,IC2006,2020-01-15 09:30:35.600,5438.0000,38165,-1,125082720.000,1,0,1,双平,S,5437.2000,5437.0000,5436.6000,5436.0000,5435.4000,5438.0000,5438.4000,5438.6000,5439.0000,5440.0000,1,2,1,1,1,1,1,1,2,3
SF,IC2006,2020-01-15 09:30:36.100,5438.0000,38165,0,125082720.000,0,-,-,-,-,5438.8000,5437.4000,5437.2000,5437.0000,5436.6000,5439.0000,5440.0000,5442.0000,5442.6000,5442.8000,2,1,1,2,1,2,3,8,1,4
SF,IC2006,2020-01-15 09:30:36.600,5438.8000,38164,-1,126170480.000,1,0,1,双平,S,5437.2000,5437.0000,5436.6000,5436.0000,5435.4000,5438.0000,5438.2000,5438.8000,5439.0000,5440.0000,1,2,1,1,1,3,2,4,2,3
SF,IC2006,2020-01-15 09:30:37.100,5438.8000,38164,0,126170480.000,0,-,-,-,-,5437.2000,5437.0000,5436.6000,5436.0000,5435.4000,5438.0000,5438.2000,5438.6000,5438.8000,5439.0000,1,2,1,1,1,1,2,1,3,2
SF,IC2006,2020-01-15 09:30:37.600,5438.8000,38164,0,126170480.000,0,-,-,-,-,5437.2000,5437.0000,5436.6000,5436.0000,5435.4000,5438.0000,5438.2000,5438.6000,5438.8000,5439.0000,1,2,1,1,1,1,2,1,3,2
SF,IC2006,2020-01-15 09:30:38.100,5438.0000,38165,1,127258080.000,1,1,0,双开,S,5437.2000,5437.0000,5436.6000,5436.0000,5435.4000,5438.2000,5438.6000,5438.8000,5439.0000,5440.0000,1,2,1,1,1,2,1,3,2,3
SF,IC2006,2020-01-15 09:30:38.600,5438.0000,38165,0,127258080.000,0,-,-,-,-,5438.4000,5438.2000,5437.4000,5437.2000,5437.0000,5438.6000,5438.8000,5439.0000,5440.0000,5440.4000,2,2,1,1,2,1,3,2,4,1
SF,IC2006,2020-01-15 09:30:39.100,5437.2000,38159,-6,137047160.000,9,1,8,多平,S,5437.0000,5436.6000,5436.0000,5435.4000,5435.2000,5438.4000,5439.0000,5440.0000,5440.4000,5442.0000,2,1,1,1,1,8,1,4,1,8
SF,IC2006,2020-01-15 09:30:39.600,5437.2000,38159,0,137047160.000,0,-,-,-,-,5437.2000,5437.0000,5436.6000,5436.0000,5435.4000,5438.4000,5438.8000,5439.0000,5440.0000,5442.0000,2,3,1,1,1,1,1,1,4,8
SF,IC2006,2020-01-15 09:30:40.100,5437.2000,38159,0,137047160.000,0,-,-,-,-,5437.2000,5437.0000,5436.6000,5436.0000,5435.4000,5438.2000,5438.8000,5439.0000,5440.0000,5442.0000,2,3,1,1,1,1,1,1,4,8
SF,IC2006,2020-01-15 09:30:40.600,5437.2000,38159,0,137047160.000,0,-,-,-,-,5437.2000,5437.0000,5436.6000,5436.0000,5435.4000,5438.2000,5438.8000,5439.0000,5440.0000,5442.0000,1,2,1,1,1,1,1,1,4,8
SF,IC2006,2020-01-15 09:30:41.100,5437.0000,38158,-1,139221960.000,2,0,2,多平,S,5436.6000,5436.0000,5435.4000,5435.2000,5435.0000,5437.0000,5438.2000,5438.8000,5439.0000,5440.0000,1,1,1,1,1,1,1,1,1,4
SF,IC2006,2020-01-15 09:30:41.600,5437.0000,38156,-2,141396680.000,2,0,2,双平,S,5437.2000,5436.0000,5435.4000,5435.2000,5435.0000,5438.2000,5438.8000,5439.0000,5440.0000,5442.0000,1,1,1,1,1,1,1,1,4,7
SF,IC2006,2020-01-15 09:30:42.100,5437.2000,38156,0,142484120.000,1,0,1,多换,S,5436.0000,5435.4000,5435.2000,5435.0000,5434.4000,5437.0000,5437.2000,5438.2000,5438.8000,5439.0000,1,1,1,1,3,1,2,1,1,1
SF,IC2006,2020-01-15 09:30:42.600,5437.2000,38155,-1,143571560.000,1,0,1,双平,S,5437.4000,5436.2000,5436.0000,5435.4000,5435.2000,5438.2000,5438.8000,5439.0000,5440.0000,5442.0000,1,2,3,1,1,1,1,1,4,7
SF,IC2006,2020-01-15 09:30:43.100,5437.2000,38155,0,144659000.000,1,0,1,多换,S,5436.2000,5436.0000,5435.4000,5435.2000,5435.0000,5438.2000,5438.8000,5439.0000,5440.0000,5442.0000,2,3,1,1,1,1,1,1,4,7
SF,IC2006,2020-01-15 09:30:43.600,5437.2000,38155,0,144659000.000,0,-,-,-,-,5436.4000,5436.2000,5436.0000,5435.4000,5435.2000,5438.2000,5438.8000,5439.0000,5440.0000,5442.0000,1,2,3,1,1,1,1,1,4,7
SF,IC2006,2020-01-15 09:30:44.100,5437.2000,38155,0,144659000.000,0,-,-,-,-,5436.2000,5436.0000,5435.4000,5435.2000,5435.0000,5437.4000,5438.2000,5438.4000,5438.8000,5439.0000,2,3,1,1,1,1,1,2,1,1
SF,IC2006,2020-01-15 09:30:44.600,5436.0000,38155,0,149007880.000,4,2,2,多换,S,5436.0000,5435.4000,5435.2000,5435.0000,5434.4000,5437.4000,5438.2000,5438.8000,5439.0000,5440.0000,1,1,1,1,1,1,1,1,1,4
SF,IC2006,2020-01-15 09:30:45.100,5436.0000,38155,0,149007880.000,0,-,-,-,-,5436.0000,5435.4000,5435.2000,5435.0000,5434.4000,5437.2000,5437.4000,5438.0000,5438.8000,5439.0000,1,1,1,1,1,1,1,1,1,1
SF,IC2006,2020-01-15 09:30:45.600,5436.2000,38153,-2,152270040.000,3,0,3,多平,S,5436.2000,5436.0000,5435.4000,5435.2000,5435.0000,5438.0000,5438.8000,5439.0000,5440.0000,5442.0000,2,1,1,1,1,1,1,1,4,6
SF,IC2006,2020-01-15 09:30:46.100,5436.2000,38152,-1,154444520.000,2,0,2,多平,S,5436.4000,5436.2000,5436.0000,5435.4000,5435.2000,5437.8000,5438.0000,5438.8000,5439.0000,5440.0000,1,2,1,1,1,1,1,1,1,4
SF,IC2006,2020-01-15 09:30:46.600,5436.2000,38152,0,154444520.000,0,-,-,-,-,5436.4000,5436.0000,5435.4000,5435.2000,5435.0000,5437.6000,5437.8000,5438.0000,5438.8000,5439.0000,1,1,1,1,2,1,1,1,1,1
SF,IC2006,2020-01-15 09:30:47.100,5436.2000,38152,0,154444520.000,0,-,-,-,-,5436.6000,5436.0000,5435.4000,5435.2000,5435.0000,5437.6000,5437.8000,5438.0000,5438.8000,5439.0000,1,1,1,1,2,1,1,1,1,1
SF,IC2006,2020-01-15 09:30:47.600,5436.2000,38152,0,154444520.000,0,-,-,-,-,5436.0000,5435.4000,5435.2000,5435.0000,5434.4000,5437.8000,5438.0000,5438.8000,5439.0000,5440.0000,1,1,1,2,1,1,1,1,1,4
SF,IC2006,2020-01-15 09:30:48.100,5436.2000,38152,0,154444520.000,0,-,-,-,-,5436.2000,5436.0000,5435.4000,5435.2000,5435.0000,5438.0000,5438.8000,5439.0000,5440.0000,5442.0000,3,1,1,1,2,1,1,1,4,6
SF,IC2006,2020-01-15 09:30:48.600,5436.2000,38152,0,154444520.000,0,-,-,-,-,5436.2000,5436.0000,5435.4000,5435.2000,5435.0000,5438.0000,5438.8000,5439.0000,5440.0000,5442.0000,3,1,1,1,2,1,1,1,4,6
SF,IC2006,2020-01-15 09:30:49.100,5436.2000,38152,0,154444520.000,0,-,-,-,-,5436.2000,5436.0000,5435.4000,5435.2000,5435.0000,5437.8000,5438.0000,5438.8000,5439.0000,5440.0000,2,1,1,1,2,1,1,1,1,4
SF,IC2006,2020-01-15 09:30:49.600,5436.2000,38152,0,154444520.000,0,-,-,-,-,5436.4000,5436.2000,5436.0000,5435.4000,5435.2000,5438.0000,5438.8000,5439.0000,5440.0000,5442.0000,1,2,1,1,1,1,1,1,4,6
SF,IC2006,2020-01-15 09:30:50.100,5436.2000,38152,0,154444520.000,0,-,-,-,-,5436.6000,5436.4000,5436.0000,5435.4000,5435.2000,5438.0000,5438.8000,5439.0000,5440.0000,5442.0000,2,1,1,1,1,1,1,1,4,6
SF,IC2006,2020-01-15 09:30:50.600,5438.0000,38151,-1,155532120.000,1,0,1,双平,S,5438.0000,5436.6000,5436.4000,5436.0000,5435.4000,5438.8000,5439.0000,5440.0000,5442.0000,5442.6000,2,2,1,1,1,1,1,4,6,1
SF,IC2006,2020-01-15 09:30:51.100,5438.0000,38149,-2,157707320.000,2,0,2,双平,S,5436.6000,5436.0000,5435.4000,5435.2000,5435.0000,5438.0000,5438.8000,5439.0000,5440.0000,5442.0000,2,1,1,1,2,7,1,1,4,6
SF,IC2006,2020-01-15 09:30:51.600,5438.0000,38148,-1,158794920.000,1,0,1,双平,S,5436.6000,5436.0000,5435.4000,5435.2000,5435.0000,5438.0000,5438.8000,5439.0000,5440.0000,5442.0000,3,1,1,1,2,1,1,1,4,6
SF,IC2006,2020-01-15 09:30:52.100,5438.0000,38147,-1,159882520.000,1,0,1,双平,S,5438.0000,5436.6000,5436.0000,5435.4000,5435.2000,5438.8000,5439.0000,5440.0000,5442.0000,5442.6000,1,4,1,1,1,1,1,4,6,1
SF,IC2006,2020-01-15 09:30:52.600,5438.0000,38146,-1,160970120.000,1,0,1,双平,S,5436.6000,5436.4000,5436.0000,5435.4000,5435.2000,5438.0000,5438.8000,5439.0000,5440.0000,5442.0000,3,1,1,1,1,5,1,1,4,6
SF,IC2006,2020-01-15 09:30:53.100,5438.0000,38146,0,160970120.000,0,-,-,-,-,5436.6000,5436.4000,5436.0000,5435.4000,5435.2000,5438.0000,5438.8000,5439.0000,5440.0000,5442.0000,3,1,1,1,1,5,1,1,4,6
SF,IC2006,2020-01-15 09:30:53.600,5438.0000,38146,0,160970120.000,0,-,-,-,-,5436.6000,5436.4000,5436.0000,5435.4000,5435.2000,5438.0000,5438.8000,5439.0000,5440.0000,5442.0000,2,1,1,1,1,1,1,1,4,6
SF,IC2006,2020-01-15 09:30:54.100,5436.6000,38145,-1,163144760.000,2,0,2,多平,S,5436.4000,5436.0000,5435.4000,5435.2000,5435.0000,5438.0000,5438.8000,5439.0000,5440.0000,5442.0000,1,1,1,1,2,1,1,1,4,6
SF,IC2006,2020-01-15 09:30:54.600,5436.6000,38145,0,163144760.000,0,-,-,-,-,5436.6000,5436.4000,5436.0000,5435.4000,5435.2000,5437.8000,5438.0000,5438.8000,5439.0000,5440.0000,1,1,1,1,1,1,1,1,1,4
SF,IC2006,2020-01-15 09:30:55.600,5438.0000,38143,-2,165319920.000,2,0,2,双平,S,5436.6000,5436.4000,5436.0000,5435.4000,5435.2000,5438.8000,5439.0000,5440.0000,5442.0000,5442.6000,1,1,1,1,1,1,1,4,6,1
SF,IC2006,2020-01-15 09:30:56.100,5438.0000,38143,0,165319920.000,0,-,-,-,-,5436.8000,5436.4000,5436.0000,5435.4000,5435.2000,5438.6000,5438.8000,5439.0000,5440.0000,5442.0000,1,1,1,1,1,1,1,1,4,6
SF,IC2006,2020-01-15 09:30:56.600,5438.0000,38143,0,165319920.000,0,-,-,-,-,5437.0000,5436.8000,5436.4000,5436.0000,5435.4000,5438.6000,5438.8000,5439.0000,5440.0000,5442.0000,1,1,1,1,1,1,1,1,4,6
SF,IC2006,2020-01-15 09:30:57.100,5438.0000,38143,0,165319920.000,0,-,-,-,-,5437.0000,5436.8000,5436.4000,5436.0000,5435.4000,5438.6000,5438.8000,5439.0000,5440.0000,5442.0000,2,1,1,1,1,1,1,1,4,6
SF,IC2006,2020-01-15 09:30:57.600,5438.0000,38143,0,165319920.000,0,-,-,-,-,5437.0000,5436.4000,5436.0000,5435.4000,5435.2000,5438.8000,5439.0000,5440.0000,5442.0000,5442.6000,1,1,1,1,1,1,1,4,6,1
SF,IC2006,2020-01-15 09:30:58.100,5438.0000,38143,0,165319920.000,0,-,-,-,-,5437.2000,5436.4000,5436.0000,5435.4000,5435.2000,5438.8000,5439.0000,5440.0000,5442.0000,5442.6000,2,1,1,1,1,1,1,4,6,1
SF,IC2006,2020-01-15 09:30:58.600,5438.0000,38143,0,165319920.000,0,-,-,-,-,5437.4000,5437.2000,5436.4000,5436.0000,5435.4000,5438.8000,5439.0000,5440.0000,5442.0000,5442.6000,1,2,1,1,1,1,1,4,6,1
SF,IC2006,2020-01-15 09:30:59.100,5438.0000,38143,0,165319920.000,0,-,-,-,-,5437.6000,5437.4000,5437.2000,5436.4000,5436.0000,5438.8000,5439.0000,5440.0000,5442.0000,5442.6000,2,1,1,1,1,1,1,4,6,1
SF,IC2006,2020-01-15 09:30:59.600,5438.0000,38143,0,165319920.000,0,-,-,-,-,5437.6000,5437.2000,5437.0000,5436.4000,5436.0000,5438.8000,5439.0000,5440.0000,5442.0000,5442.6000,2,1,1,1,1,1,1,4,6,1
SF,IC2006,2020-01-15 09:31:00.100,5438.0000,38143,0,165319920.000,0,-,-,-,-,5437.2000,5437.0000,5436.4000,5436.0000,5435.4000,5438.8000,5439.0000,5440.0000,5442.0000,5442.6000,1,1,1,1,1,1,1,4,6,1
SF,IC2006,2020-01-15 09:31:00.600,5438.0000,38143,0,165319920.000,0,-,-,-,-,5437.4000,5437.2000,5437.0000,5436.4000,5436.0000,5438.8000,5439.0000,5440.0000,5442.0000,5442.6000,1,1,1,1,1,1,1,4,6,1
SF,IC2006,2020-01-15 09:31:01.100,5438.0000,38143,0,165319920.000,0,-,-,-,-,5438.0000,5437.4000,5437.2000,5437.0000,5436.4000,5438.8000,5439.0000,5440.0000,5442.0000,5442.6000,1,1,1,1,1,1,1,4,6,1
SF,IC2006,2020-01-15 09:31:02.100,5438.0000,38143,0,166407520.000,1,0,1,多换,S,5437.2000,5437.0000,5436.4000,5436.0000,5435.4000,5438.8000,5439.0000,5440.0000,5442.0000,5442.6000,1,1,1,1,1,1,1,4,6,1
SF,IC2006,2020-01-15 09:31:02.600,5438.6000,38143,0,167495240.000,1,0,1,多换,S,5437.2000,5437.0000,5436.4000,5436.0000,5435.8000,5438.8000,5439.0000,5440.0000,5442.0000,5442.6000,1,1,1,1,1,1,1,4,6,1
SF,IC2006,2020-01-15 09:31:03.100,5438.6000,38142,-1,168582960.000,1,0,1,双平,S,5437.2000,5436.4000,5436.0000,5435.8000,5435.4000,5438.8000,5439.0000,5440.0000,5442.0000,5442.6000,2,1,1,1,1,1,1,4,6,1
SF,IC2006,2020-01-15 09:31:03.600,5438.6000,38142,0,168582960.000,0,-,-,-,-,5437.2000,5436.4000,5436.0000,5435.8000,5435.4000,5438.8000,5439.0000,5440.0000,5442.0000,5442.6000,2,1,1,1,1,1,1,4,6,1
SF,IC2006,2020-01-15 09:31:04.100,5438.6000,38142,0,168582960.000,0,-,-,-,-,5437.4000,5437.2000,5436.4000,5436.0000,5435.8000,5438.8000,5439.0000,5440.0000,5442.0000,5442.6000,1,1,1,1,1,1,2,4,6,1
SF,IC2006,2020-01-15 09:31:04.600,5438.8000,38141,-1,174021080.000,5,2,3,多平,S,5438.8000,5436.4000,5436.0000,5435.8000,5435.4000,5439.0000,5440.0000,5442.0000,5442.6000,5442.8000,1,1,1,1,1,2,4,6,1,3
SF,IC2006,2020-01-15 09:31:05.100,5438.8000,38141,0,175108840.000,1,0,1,多换,S,5436.4000,5436.0000,5435.8000,5435.4000,5435.2000,5438.2000,5438.6000,5438.8000,5439.0000,5440.0000,1,1,1,1,1,2,2,16,4,4
SF,IC2006,2020-01-15 09:31:05.600,5438.8000,38141,0,175108840.000,0,-,-,-,-,5436.6000,5436.4000,5436.0000,5435.8000,5435.4000,5438.2000,5438.6000,5438.8000,5439.0000,5440.0000,1,2,1,1,1,2,1,6,3,4
SF,IC2006,2020-01-15 09:31:06.100,5438.8000,38141,0,175108840.000,0,-,-,-,-,5438.2000,5436.6000,5436.4000,5436.0000,5435.8000,5438.6000,5438.8000,5439.0000,5440.0000,5442.0000,1,1,2,1,1,1,5,3,4,6
SF,IC2006,2020-01-15 09:31:06.600,5438.2000,38140,-1,176196480.000,1,0,1,双平,S,5436.6000,5436.4000,5436.0000,5435.8000,5435.4000,5438.2000,5438.6000,5438.8000,5439.0000,5440.0000,1,2,1,1,1,7,1,3,3,4
SF,IC2006,2020-01-15 09:31:07.100,5438.2000,38140,0,176196480.000,0,-,-,-,-,5436.6000,5436.4000,5436.0000,5435.8000,5435.4000,5438.2000,5438.6000,5438.8000,5439.0000,5439.4000,2,2,1,1,1,7,1,3,3,1
SF,IC2006,2020-01-15 09:31:07.600,5438.2000,38140,0,176196480.000,0,-,-,-,-,5436.6000,5436.4000,5436.0000,5435.8000,5435.4000,5438.6000,5438.8000,5439.0000,5439.4000,5440.0000,2,2,1,1,1,1,3,3,1,4
SF,IC2006,2020-01-15 09:31:08.100,5438.2000,38139,-1,177284120.000,1,0,1,双平,S,5436.6000,5436.4000,5436.0000,5435.8000,5435.4000,5438.2000,5438.6000,5438.8000,5439.0000,5439.4000,2,2,1,1,1,1,1,2,3,1
SF,IC2006,2020-01-15 09:31:08.600,5438.2000,38139,0,177284120.000,0,-,-,-,-,5436.6000,5436.4000,5436.0000,5435.8000,5435.4000,5438.2000,5438.6000,5438.8000,5439.0000,5440.0000,2,2,1,1,1,1,1,2,3,4
SF,IC2006,2020-01-15 09:31:09.100,5438.2000,38139,0,177284120.000,0,-,-,-,-,5436.6000,5436.4000,5436.2000,5436.0000,5435.8000,5438.2000,5438.6000,5438.8000,5439.0000,5440.0000,1,2,1,1,1,1,1,2,3,4
SF,IC2006,2020-01-15 09:31:09.600,5438.2000,38139,0,177284120.000,0,-,-,-,-,5437.0000,5436.8000,5436.6000,5436.4000,5436.2000,5438.2000,5438.6000,5438.8000,5439.0000,5440.0000,1,1,1,2,1,1,1,2,3,4
SF,IC2006,2020-01-15 09:31:10.100,5437.0000,38139,0,179459160.000,2,1,1,多换,S,5436.8000,5436.4000,5436.2000,5436.0000,5435.8000,5437.0000,5438.0000,5438.6000,5438.8000,5439.0000,1,2,1,1,1,1,1,1,2,3
SF,IC2006,2020-01-15 09:31:10.600,5438.0000,38137,-2,181634160.000,2,0,2,双平,S,5437.2000,5437.0000,5436.8000,5436.4000,5436.2000,5438.6000,5438.8000,5439.0000,5440.0000,5442.0000,1,5,1,2,1,1,2,3,4,6
SF,IC2006,2020-01-15 09:31:11.100,5438.0000,38137,0,181634160.000,0,-,-,-,-,5438.2000,5437.4000,5437.2000,5437.0000,5436.8000,5438.6000,5438.8000,5439.0000,5440.0000,5442.0000,2,1,1,3,1,1,2,3,4,6
SF,IC2006,2020-01-15 09:31:11.600,5438.2000,38135,-2,184897160.000,3,0,3,多平,S,5437.4000,5437.2000,5437.0000,5436.8000,5436.4000,5438.2000,5439.0000,5440.0000,5442.0000,5442.6000,1,1,3,1,2,2,3,4,6,1
SF,IC2006,2020-01-15 09:31:12.100,5438.2000,38133,-2,187072440.000,2,0,2,双平,S,5438.4000,5437.4000,5437.2000,5437.0000,5436.8000,5439.0000,5440.0000,5442.0000,5442.6000,5442.8000,1,1,1,3,1,3,4,6,1,3
SF,IC2006,2020-01-15 09:31:12.600,5438.4000,38132,-1,189247800.000,2,0,2,多平,S,5437.4000,5437.2000,5437.0000,5436.4000,5436.2000,5438.2000,5438.4000,5438.8000,5439.0000,5440.0000,1,1,3,2,1,1,9,2,3,4
SF,IC2006,2020-01-15 09:31:13.100,5437.4000,38131,-1,190335280.000,1,0,1,双平,S,5437.0000,5436.4000,5436.2000,5436.0000,5435.8000,5438.2000,5438.4000,5438.8000,5439.0000,5440.0000,3,2,2,1,1,1,8,2,3,4
SF,IC2006,2020-01-15 09:31:13.600,5437.0000,38129,-2,192510080.000,2,0,2,双平,S,5437.0000,5436.4000,5436.2000,5436.0000,5435.8000,5438.4000,5439.0000,5440.0000,5442.0000,5442.6000,1,2,2,1,1,2,2,4,6,1
SF,IC2006,2020-01-15 09:31:14.100,5438.4000,38127,-2,194685440.000,2,0,2,双平,S,5437.2000,5437.0000,5436.4000,5436.2000,5436.0000,5439.0000,5440.0000,5442.0000,5442.6000,5442.8000,1,1,2,2,1,2,4,6,1,3
SF,IC2006,2020-01-15 09:31:14.600,5438.4000,38127,0,194685440.000,0,-,-,-,-,5438.4000,5437.2000,5437.0000,5436.4000,5436.2000,5438.8000,5439.0000,5440.0000,5442.0000,5442.6000,1,1,2,2,2,3,3,4,6,1
SF,IC2006,2020-01-15 09:31:15.100,5438.2000,38120,-7,202298960.000,7,0,7,双平,S,5437.2000,5437.0000,5436.4000,5436.2000,5436.0000,5438.0000,5438.4000,5438.8000,5439.0000,5440.0000,1,2,2,2,1,1,6,3,3,3
SF,IC2006,2020-01-15 09:31:15.600,5437.8000,38115,-5,207736640.000,5,0,5,双平,S,5437.0000,5436.4000,5436.2000,5436.0000,5435.8000,5437.8000,5438.0000,5438.4000,5438.8000,5439.0000,2,1,2,1,1,1,1,3,2,3
SF,IC2006,2020-01-15 09:31:16.100,5438.0000,38113,-2,209911800.000,2,0,2,双平,S,5437.8000,5437.0000,5436.4000,5436.2000,5436.0000,5438.4000,5438.8000,5439.0000,5440.0000,5442.0000,4,2,1,2,1,1,2,3,3,6
SF,IC2006,2020-01-15 09:31:16.600,5438.4000,38112,-1,210999480.000,1,0,1,双平,S,5438.4000,5437.8000,5437.0000,5436.4000,5436.2000,5439.0000,5440.0000,5442.0000,5442.6000,5442.8000,4,1,2,1,2,3,3,6,1,3
SF,IC2006,2020-01-15 09:31:17.100,5439.0000,38111,-1,212087280.000,1,0,1,双平,S,5438.4000,5437.8000,5437.0000,5436.4000,5436.2000,5439.0000,5440.0000,5442.0000,5442.6000,5442.8000,3,1,2,1,2,2,3,6,1,3
SF,IC2006,2020-01-15 09:31:17.600,5439.0000,38110,-1,213175080.000,1,0,1,双平,S,5438.4000,5437.8000,5437.0000,5436.4000,5436.2000,5439.0000,5440.0000,5442.0000,5442.6000,5442.8000,1,1,2,1,2,1,3,6,1,3
SF,IC2006,2020-01-15 09:31:18.100,5439.0000,38110,0,213175080.000,0,-,-,-,-,5438.8000,5438.4000,5437.8000,5437.0000,5436.4000,5439.0000,5440.0000,5442.0000,5442.6000,5442.8000,1,1,1,2,1,1,3,6,1,3
SF,IC2006,2020-01-15 09:31:18.600,5439.0000,38109,-1,214262880.000,1,0,1,双平,S,5439.6000,5438.4000,5437.8000,5437.0000,5436.4000,5440.0000,5442.0000,5442.6000,5442.8000,5445.0000,1,1,1,2,1,3,6,1,3,1
SF,IC2006,2020-01-15 09:31:19.100,5438.4000,38108,-1,216438480.000,2,0,2,多平,S,5437.8000,5437.0000,5436.4000,5436.2000,5436.0000,5438.4000,5439.0000,5439.6000,5439.8000,5440.0000,1,2,1,2,1,4,2,13,3,3
SF,IC2006,2020-01-15 09:31:19.600,5438.4000,38104,-4,221876760.000,5,0,5,多平,S,5437.8000,5437.0000,5436.4000,5436.2000,5436.0000,5439.0000,5439.6000,5439.8000,5440.0000,5442.0000,1,2,1,2,1,2,4,2,3,6
SF,IC2006,2020-01-15 09:31:20.100,5438.4000,38104,0,221876760.000,0,-,-,-,-,5438.4000,5437.8000,5437.0000,5436.4000,5436.2000,5439.6000,5439.8000,5440.0000,5442.6000,5442.8000,1,1,2,1,2,3,2,3,1,3
SF,IC2006,2020-01-15 09:31:20.600,5438.4000,38104,0,221876760.000,0,-,-,-,-,5438.4000,5437.8000,5437.0000,5436.4000,5436.2000,5439.6000,5439.8000,5440.0000,5442.6000,5442.8000,3,1,2,1,2,3,2,3,1,3
SF,IC2006,2020-01-15 09:31:21.100,5438.4000,38104,0,221876760.000,0,-,-,-,-,5437.8000,5437.0000,5436.4000,5436.2000,5436.0000,5440.0000,5442.6000,5442.8000,5445.0000,5445.2000,1,2,1,2,1,3,1,3,1,1
SF,IC2006,2020-01-15 09:31:21.600,5440.0000,38103,-1,222964760.000,1,0,1,双平,S,5438.0000,5437.8000,5437.0000,5436.4000,5436.2000,5440.0000,5442.6000,5442.8000,5445.0000,5445.2000,1,1,2,1,2,2,1,3,1,1
SF,IC2006,2020-01-15 09:31:22.100,5440.0000,38103,0,225140760.000,2,1,1,多换,S,5438.0000,5437.8000,5437.0000,5436.4000,5436.2000,5442.6000,5442.8000,5445.0000,5445.2000,5446.2000,1,1,1,1,2,1,3,1,1,5
SF,IC2006,2020-01-15 09:31:22.600,5440.0000,38103,0,225140760.000,0,-,-,-,-,5438.6000,5438.0000,5437.8000,5437.0000,5436.4000,5442.4000,5442.6000,5442.8000,5445.0000,5445.2000,1,1,2,1,1,3,1,3,1,1
SF,IC2006,2020-01-15 09:31:23.100,5440.0000,38103,0,225140760.000,0,-,-,-,-,5440.0000,5438.8000,5438.6000,5438.0000,5437.8000,5442.4000,5442.8000,5445.0000,5445.2000,5446.2000,2,1,1,1,2,3,3,1,1,5
SF,IC2006,2020-01-15 09:31:23.600,5440.0000,38103,0,225140760.000,0,-,-,-,-,5440.0000,5439.6000,5438.8000,5438.2000,5438.0000,5442.2000,5442.4000,5442.8000,5445.0000,5445.2000,3,1,1,1,1,1,3,3,1,1
SF,IC2006,2020-01-15 09:31:24.100,5440.0000,38103,0,225140760.000,0,-,-,-,-,5440.8000,5440.0000,5438.8000,5438.2000,5438.0000,5442.0000,5442.2000,5442.8000,5445.0000,5445.2000,1,3,1,1,1,2,1,3,1,1
SF,IC2006,2020-01-15 09:31:24.600,5440.0000,38103,0,225140760.000,0,-,-,-,-,5441.6000,5440.8000,5440.0000,5438.8000,5438.2000,5442.0000,5442.2000,5442.8000,5445.0000,5445.2000,1,2,3,1,1,2,1,3,1,1
SF,IC2006,2020-01-15 09:31:25.100,5441.6000,38101,-2,227317400.000,2,0,2,双平,S,5440.8000,5440.0000,5438.8000,5438.2000,5437.8000,5442.0000,5442.2000,5442.8000,5445.0000,5445.2000,1,4,1,1,2,2,1,3,1,1
SF,IC2006,2020-01-15 09:31:25.600,5442.0000,38102,1,228405800.000,1,1,0,双开,S,5440.8000,5440.0000,5438.2000,5437.8000,5437.0000,5441.8000,5442.0000,5442.8000,5445.0000,5445.2000,2,4,1,2,1,1,1,3,1,1
SF,IC2006,2020-01-15 09:31:26.100,5440.8000,38101,-1,229493960.000,1,0,1,双平,S,5440.0000,5438.2000,5437.8000,5437.0000,5436.4000,5440.8000,5441.6000,5441.8000,5442.8000,5445.0000,4,1,2,1,1,1,1,1,3,1
SF,IC2006,2020-01-15 09:31:26.600,5440.8000,38101,0,229493960.000,0,-,-,-,-,5440.0000,5438.2000,5437.8000,5437.0000,5436.4000,5440.6000,5440.8000,5441.6000,5441.8000,5442.8000,4,1,2,1,1,1,1,1,1,3
SF,IC2006,2020-01-15 09:31:27.100,5440.8000,38099,-2,231670240.000,2,0,2,双平,S,5440.0000,5438.2000,5437.8000,5437.0000,5436.4000,5441.6000,5442.8000,5445.0000,5445.2000,5446.2000,3,1,2,1,1,1,3,1,1,5
SF,IC2006,2020-01-15 09:31:27.600,5441.6000,38099,0,232758560.000,1,0,1,多换,S,5440.0000,5438.2000,5437.8000,5437.0000,5436.4000,5442.8000,5445.0000,5445.2000,5446.2000,5448.2000,4,1,2,1,1,3,1,1,5,1
SF,IC2006,2020-01-15 09:31:28.100,5441.6000,38099,0,232758560.000,0,-,-,-,-,5440.8000,5440.0000,5438.2000,5437.8000,5437.0000,5442.6000,5442.8000,5445.0000,5445.2000,5446.2000,1,4,1,2,1,3,3,1,1,5
SF,IC2006,2020-01-15 09:31:28.600,5442.6000,38101,2,236024120.000,3,2,1,空开,S,5442.6000,5440.8000,5440.0000,5438.2000,5437.8000,5442.8000,5445.0000,5445.2000,5446.2000,5448.2000,2,1,4,1,2,3,1,1,5,1
SF,IC2006,2020-01-15 09:31:29.100,5440.8000,38101,0,239289320.000,3,1,2,多换,S,5440.6000,5440.0000,5438.2000,5437.8000,5437.0000,5442.6000,5442.8000,5445.0000,5445.2000,5446.2000,1,3,1,2,1,3,4,1,1,5
SF,IC2006,2020-01-15 09:31:29.600,5442.6000,38100,-1,240377840.000,1,0,1,双平,S,5440.8000,5440.6000,5440.0000,5438.2000,5437.8000,5442.8000,5445.0000,5445.2000,5446.2000,5448.2000,1,1,2,1,2,4,1,1,5,1
SF,IC2006,2020-01-15 09:31:30.100,5442.6000,38100,0,240377840.000,0,-,-,-,-,5441.2000,5440.8000,5440.6000,5440.0000,5438.2000,5442.8000,5445.0000,5445.2000,5446.2000,5448.2000,1,1,1,2,1,3,1,1,5,1
SF,IC2006,2020-01-15 09:31:30.600,5442.6000,38100,0,240377840.000,0,-,-,-,-,5441.2000,5440.8000,5440.6000,5440.0000,5438.2000,5442.8000,5445.0000,5445.2000,5446.2000,5448.2000,2,1,1,2,1,3,1,1,5,1
SF,IC2006,2020-01-15 09:31:31.100,5442.8000,38100,0,243643520.000,3,1,2,多换,S,5442.8000,5441.4000,5441.2000,5440.8000,5440.6000,5445.0000,5445.2000,5446.2000,5448.2000,5448.6000,7,1,2,1,1,1,1,5,1,1
SF,IC2006,2020-01-15 09:31:31.600,5442.8000,38100,0,245820640.000,2,1,1,多换,S,5442.8000,5441.4000,5441.2000,5440.6000,5440.0000,5443.2000,5443.6000,5444.4000,5444.8000,5445.0000,5,1,2,1,2,1,1,1,2,3
SF,IC2006,2020-01-15 09:31:32.100,5442.8000,38100,0,250174880.000,4,2,2,多换,S,5442.8000,5441.4000,5441.2000,5440.6000,5440.0000,5443.2000,5443.6000,5444.8000,5445.0000,5445.2000,1,1,2,1,2,1,1,1,3,1
SF,IC2006,2020-01-15 09:31:32.600,5442.8000,38100,0,250174880.000,0,-,-,-,-,5442.8000,5441.4000,5441.2000,5440.6000,5440.0000,5443.2000,5443.6000,5444.8000,5445.0000,5445.2000,1,1,1,1,2,1,1,1,3,1
SF,IC2006,2020-01-15 09:31:33.100,5442.8000,38100,0,250174880.000,0,-,-,-,-,5442.8000,5441.4000,5441.2000,5440.6000,5440.0000,5443.0000,5443.2000,5443.6000,5444.8000,5445.0000,1,1,1,1,2,1,1,1,1,3
SF,IC2006,2020-01-15 09:31:33.600,5442.8000,38100,0,250174880.000,0,-,-,-,-,5442.8000,5441.4000,5441.2000,5440.6000,5440.0000,5443.0000,5443.2000,5443.6000,5444.8000,5445.0000,1,1,1,1,2,1,1,1,1,3
SF,IC2006,2020-01-15 09:31:34.100,5442.8000,38100,0,250174880.000,0,-,-,-,-,5442.8000,5441.4000,5441.2000,5440.6000,5440.0000,5443.0000,5443.2000,5443.6000,5444.8000,5445.0000,1,1,1,1,2,1,1,1,1,2
SF,IC2006,2020-01-15 09:31:34.600,5443.0000,38099,-1,251263480.000,1,0,1,双平,S,5443.0000,5442.8000,5441.4000,5441.2000,5440.6000,5443.6000,5445.0000,5445.2000,5446.2000,5448.2000,11,1,1,1,1,1,2,1,5,1
SF,IC2006,2020-01-15 09:31:35.100,5443.6000,38098,-1,252352200.000,1,0,1,双平,S,5443.6000,5443.2000,5443.0000,5442.8000,5441.4000,5445.0000,5445.2000,5446.2000,5448.2000,5448.6000,1,1,15,1,1,2,1,5,1,1
SF,IC2006,2020-01-15 09:31:35.600,5443.6000,38097,-1,253440920.000,1,0,1,双平,S,5443.2000,5443.0000,5442.8000,5441.4000,5441.2000,5445.0000,5445.2000,5446.2000,5448.2000,5448.6000,1,15,1,1,1,2,1,5,1,1
SF,IC2006,2020-01-15 09:31:36.100,5443.6000,38097,0,253440920.000,0,-,-,-,-,5443.6000,5443.4000,5443.0000,5442.8000,5441.4000,5445.0000,5445.2000,5448.2000,5448.6000,5449.6000,1,1,15,1,1,2,1,1,1,1
SF,IC2006,2020-01-15 09:31:36.600,5443.6000,38097,0,253440920.000,0,-,-,-,-,5444.0000,5443.6000,5443.4000,5443.0000,5442.8000,5445.0000,5445.2000,5448.2000,5448.6000,5449.6000,1,1,1,15,1,1,1,1,1,1
SF,IC2006,2020-01-15 09:31:37.100,5443.6000,38097,0,253440920.000,0,-,-,-,-,5443.6000,5443.4000,5443.0000,5442.8000,5441.4000,5445.0000,5445.2000,5448.2000,5448.6000,5449.6000,1,1,15,1,1,1,1,1,1,1
SF,IC2006,2020-01-15 09:31:37.600,5445.0000,38096,-1,254529920.000,1,0,1,双平,S,5443.6000,5443.4000,5443.0000,5442.8000,5441.4000,5445.2000,5448.2000,5448.6000,5449.6000,5450.0000,2,1,15,1,1,1,1,1,1,1
SF,IC2006,2020-01-15 09:31:38.100,5445.0000,38096,0,255618920.000,1,0,1,多换,S,5445.0000,5443.6000,5443.4000,5443.0000,5442.8000,5445.2000,5448.2000,5448.6000,5449.6000,5450.0000,1,2,1,15,1,1,1,1,1,1
SF,IC2006,2020-01-15 09:31:38.600,5445.0000,38094,-2,258885960.000,3,0,3,多平,S,5443.6000,5443.4000,5443.0000,5442.8000,5441.4000,5448.2000,5448.6000,5449.6000,5450.0000,5450.2000,2,1,15,1,1,1,1,1,1,1
SF,IC2006,2020-01-15 09:31:39.100,5445.0000,38094,0,258885960.000,0,-,-,-,-,5445.2000,5443.6000,5443.4000,5443.0000,5442.8000,5447.2000,5448.0000,5448.2000,5448.6000,5449.6000,1,2,1,15,1,1,5,4,1,1
SF,IC2006,2020-01-15 09:31:39.600,5445.0000,38094,0,258885960.000,0,-,-,-,-,5445.4000,5445.2000,5445.0000,5443.6000,5443.0000,5447.2000,5448.0000,5448.2000,5448.6000,5449.6000,1,1,1,2,15,1,5,2,1,1
SF,IC2006,2020-01-15 09:31:40.100,5445.0000,38094,0,258885960.000,0,-,-,-,-,5445.4000,5445.2000,5445.0000,5443.6000,5443.0000,5447.2000,5448.0000,5448.2000,5448.6000,5449.6000,1,1,1,2,15,1,1,2,1,1
SF,IC2006,2020-01-15 09:31:41.100,5447.2000,38094,0,261064840.000,2,1,1,多换,S,5447.2000,5445.4000,5445.2000,5445.0000,5443.6000,5448.0000,5448.2000,5448.6000,5449.6000,5450.0000,3,1,1,1,2,1,1,1,1,1
SF,IC2006,2020-01-15 09:31:41.600,5447.2000,38094,0,261064840.000,0,-,-,-,-,5447.2000,5445.4000,5445.2000,5445.0000,5443.6000,5447.6000,5448.0000,5448.2000,5448.6000,5449.6000,4,1,3,1,2,1,1,1,1,1
SF,IC2006,2020-01-15 09:31:42.100,5447.2000,38094,0,266512040.000,5,2,3,多换,S,5445.4000,5445.2000,5445.0000,5443.6000,5443.0000,5447.2000,5447.6000,5448.2000,5448.6000,5449.6000,1,3,1,2,15,1,1,1,1,1
SF,IC2006,2020-01-15 09:31:42.600,5447.2000,38094,0,266512040.000,0,-,-,-,-,5445.6000,5445.4000,5445.2000,5445.0000,5443.6000,5447.2000,5447.6000,5448.2000,5448.6000,5449.6000,1,1,3,1,2,1,1,1,1,1
SF,IC2006,2020-01-15 09:31:43.100,5447.2000,38094,0,266512040.000,0,-,-,-,-,5445.8000,5445.6000,5445.4000,5445.2000,5445.0000,5447.2000,5447.6000,5448.2000,5448.6000,5449.6000,1,1,1,3,1,1,1,1,1,1
SF,IC2006,2020-01-15 09:31:43.600,5447.2000,38094,0,266512040.000,0,-,-,-,-,5445.8000,5445.6000,5445.4000,5445.2000,5443.6000,5447.6000,5448.2000,5448.6000,5449.6000,5450.0000,1,1,1,3,2,1,1,1,1,1
SF,IC2006,2020-01-15 09:31:44.100,5447.2000,38094,0,266512040.000,0,-,-,-,-,5447.6000,5447.2000,5446.4000,5445.8000,5445.6000,5448.2000,5448.6000,5449.6000,5450.0000,5450.2000,1,2,1,1,1,1,1,1,1,1
SF,IC2006,2020-01-15 09:31:44.600,5447.2000,38091,-3,269780440.000,3,0,3,双平,S,5446.4000,5445.6000,5445.4000,5445.2000,5443.6000,5447.6000,5447.8000,5448.0000,5448.2000,5448.6000,1,1,1,2,2,2,1,1,1,1
SF,IC2006,2020-01-15 09:31:45.100,5446.4000,38090,-1,271959000.000,2,0,2,多平,S,5445.6000,5445.4000,5445.2000,5443.6000,5443.0000,5447.4000,5447.6000,5447.8000,5448.0000,5448.2000,1,1,2,1,11,1,2,1,1,1
SF,IC2006,2020-01-15 09:31:45.600,5447.2000,38089,-1,273048440.000,1,0,1,双平,S,5445.8000,5445.2000,5443.0000,5442.8000,5440.4000,5447.2000,5447.4000,5447.6000,5447.8000,5448.0000,1,2,11,1,6,1,2,2,1,1
SF,IC2006,2020-01-15 09:31:46.100,5445.8000,38088,-1,274137600.000,1,0,1,双平,S,5445.2000,5443.0000,5440.4000,5440.0000,5438.6000,5446.4000,5447.4000,5447.6000,5447.8000,5448.0000,2,11,6,1,1,1,2,2,1,1
SF,IC2006,2020-01-15 09:31:46.600,5445.8000,38088,0,274137600.000,0,-,-,-,-,5445.2000,5443.0000,5440.4000,5440.0000,5438.6000,5445.8000,5446.4000,5447.4000,5447.6000,5447.8000,2,11,6,1,1,1,2,2,2,1
SF,IC2006,2020-01-15 09:31:47.100,5445.8000,38088,0,274137600.000,0,-,-,-,-,5445.2000,5443.0000,5440.4000,5440.0000,5438.6000,5446.4000,5447.4000,5447.6000,5448.0000,5448.2000,2,11,6,1,1,1,3,2,1,1
SF,IC2006,2020-01-15 09:31:47.600,5446.4000,38089,1,275226880.000,1,1,0,双开,S,5445.2000,5440.4000,5440.0000,5438.6000,5438.4000,5447.4000,5447.6000,5448.0000,5448.2000,5448.6000,2,6,1,1,5,3,2,1,1,1
SF,IC2006,2020-01-15 09:31:48.100,5446.4000,38089,0,275226880.000,0,-,-,-,-,5445.4000,5445.2000,5440.4000,5440.0000,5438.6000,5447.2000,5447.4000,5447.6000,5448.0000,5448.2000,1,2,6,1,1,1,3,2,1,1
SF,IC2006,2020-01-15 09:31:48.600,5446.4000,38089,0,275226880.000,0,-,-,-,-,5445.4000,5445.2000,5440.4000,5440.0000,5438.6000,5446.6000,5447.0000,5447.4000,5447.6000,5448.0000,1,2,6,1,1,1,1,3,2,1
SF,IC2006,2020-01-15 09:31:49.100,5446.6000,38090,1,276316200.000,1,1,0,双开,S,5445.4000,5445.2000,5440.4000,5440.0000,5438.6000,5447.0000,5447.4000,5447.6000,5448.0000,5448.2000,1,2,6,1,1,1,3,2,1,1
SF,IC2006,2020-01-15 09:31:49.600,5446.6000,38090,0,276316200.000,0,-,-,-,-,5445.2000,5440.4000,5440.0000,5438.6000,5438.4000,5447.0000,5447.4000,5447.6000,5448.0000,5448.2000,2,6,1,1,5,1,3,2,1,1
SF,IC2006,2020-01-15 09:31:50.100,5446.6000,38090,0,276316200.000,0,-,-,-,-,5446.0000,5445.4000,5445.2000,5440.4000,5440.0000,5447.0000,5447.2000,5447.4000,5447.6000,5448.0000,1,1,2,6,1,1,1,3,2,1
SF,IC2006,2020-01-15 09:31:50.600,5447.0000,38088,-2,278494920.000,2,0,2,双平,S,5446.0000,5445.4000,5445.2000,5440.4000,5440.0000,5447.2000,5447.4000,5447.6000,5448.0000,5448.2000,1,1,2,6,1,1,3,2,1,1
SF,IC2006,2020-01-15 09:31:51.100,5447.0000,38088,0,278494920.000,0,-,-,-,-,5446.0000,5445.4000,5445.2000,5440.4000,5440.0000,5447.2000,5447.4000,5447.6000,5448.0000,5448.2000,1,1,2,6,1,1,2,2,2,1
SF,IC2006,2020-01-15 09:31:51.600,5447.0000,38088,0,278494920.000,0,-,-,-,-,5446.0000,5445.4000,5445.2000,5440.4000,5440.0000,5447.2000,5447.4000,5447.6000,5448.0000,5448.2000,1,1,2,6,1,1,2,2,2,1
SF,IC2006,2020-01-15 09:31:52.100,5446.0000,38089,1,279584120.000,1,1,0,双开,S,5445.4000,5445.2000,5440.4000,5440.0000,5438.6000,5447.2000,5447.4000,5447.6000,5448.0000,5448.2000,1,2,6,1,1,1,2,2,2,1
SF,IC2006,2020-01-15 09:31:52.600,5446.0000,38089,0,279584120.000,0,-,-,-,-,5445.4000,5445.2000,5440.4000,5440.0000,5438.6000,5447.0000,5447.4000,5447.6000,5448.0000,5448.2000,1,2,6,1,1,2,2,2,2,1
SF,IC2006,2020-01-15 09:31:53.100,5447.0000,38090,1,280673520.000,1,1,0,双开,S,5445.4000,5445.2000,5440.4000,5440.0000,5438.6000,5447.0000,5447.4000,5447.6000,5448.0000,5448.2000,1,2,6,1,1,1,2,2,2,1
SF,IC2006,2020-01-15 09:31:54.100,5447.0000,38090,0,280673520.000,0,-,-,-,-,5445.4000,5445.2000,5440.4000,5440.0000,5438.6000,5446.8000,5447.0000,5447.4000,5447.6000,5448.0000,1,2,6,1,1,1,1,1,2,2
SF,IC2006,2020-01-15 09:31:54.600,5447.0000,38090,0,281762920.000,1,0,1,多换,S,5445.4000,5445.2000,5440.4000,5440.0000,5438.6000,5447.0000,5447.4000,5447.6000,5448.0000,5448.2000,1,2,6,1,1,1,1,2,2,1
SF,IC2006,2020-01-15 09:31:55.100,5447.0000,38090,0,281762920.000,0,-,-,-,-,5445.4000,5445.2000,5440.4000,5440.0000,5438.6000,5447.0000,5447.4000,5447.6000,5448.0000,5448.2000,1,2,6,1,1,1,1,2,2,1
SF,IC2006,2020-01-15 09:31:55.600,5447.0000,38090,0,281762920.000,0,-,-,-,-,5445.4000,5445.2000,5440.4000,5440.0000,5438.6000,5446.8000,5447.0000,5447.4000,5447.6000,5448.0000,1,2,6,1,1,1,1,1,2,2
SF,IC2006,2020-01-15 09:31:56.100,5447.0000,38088,-2,283941720.000,2,0,2,双平,S,5445.2000,5440.4000,5440.0000,5438.6000,5438.4000,5445.4000,5447.0000,5447.4000,5447.6000,5448.0000,2,6,1,1,5,6,1,1,2,2
SF,IC2006,2020-01-15 09:31:56.600,5445.2000,38079,-9,293743400.000,9,0,9,双平,S,5440.4000,5440.0000,5438.6000,5438.4000,5438.0000,5445.2000,5447.0000,5447.4000,5447.6000,5448.0000,6,1,1,5,3,1,1,1,2,2
SF,IC2006,2020-01-15 09:31:57.100,5445.2000,38079,0,293743400.000,0,-,-,-,-,5444.4000,5442.0000,5441.6000,5441.2000,5440.8000,5445.2000,5447.0000,5447.4000,5448.0000,5448.2000,1,1,1,1,1,1,1,1,2,1
SF,IC2006,2020-01-15 09:31:57.600,5444.4000,38078,-1,294832280.000,1,0,1,双平,S,5442.0000,5441.6000,5441.2000,5440.8000,5440.6000,5445.2000,5447.0000,5447.4000,5448.0000,5448.2000,1,1,1,1,3,1,1,1,2,1
SF,IC2006,2020-01-15 09:31:58.100,5442.2000,38071,-7,302451960.000,7,0,7,双平,S,5442.2000,5442.0000,5441.6000,5441.2000,5440.8000,5447.0000,5447.4000,5448.0000,5448.2000,5448.6000,3,2,1,1,1,1,1,2,1,1
SF,IC2006,2020-01-15 09:31:58.600,5442.2000,38071,0,302451960.000,0,-,-,-,-,5442.2000,5441.2000,5440.8000,5440.4000,5440.0000,5446.8000,5447.0000,5447.4000,5448.0000,5448.2000,3,1,1,7,1,2,1,1,2,1
SF,IC2006,2020-01-15 09:31:59.100,5442.2000,38071,0,302451960.000,0,-,-,-,-,5443.2000,5442.2000,5441.2000,5440.8000,5440.4000,5445.8000,5446.6000,5447.0000,5447.4000,5448.0000,1,2,1,1,7,1,3,1,1,2
SF,IC2006,2020-01-15 09:31:59.600,5442.2000,38071,0,302451960.000,0,-,-,-,-,5443.2000,5442.2000,5441.2000,5440.8000,5440.4000,5445.6000,5445.8000,5446.6000,5447.0000,5447.4000,1,2,1,1,7,2,1,2,1,2
SF,IC2006,2020-01-15 09:32:00.100,5445.4000,38070,-1,303541040.000,1,0,1,双平,S,5443.2000,5442.8000,5442.4000,5442.2000,5441.6000,5445.4000,5445.8000,5446.6000,5447.0000,5447.4000,1,1,1,3,1,3,1,2,1,2
SF,IC2006,2020-01-15 09:32:00.600,5445.4000,38070,0,304630120.000,1,0,1,多换,S,5442.8000,5442.2000,5441.2000,5440.4000,5440.0000,5445.2000,5445.4000,5445.8000,5446.6000,5447.0000,1,3,1,6,1,1,2,1,1,1
SF,IC2006,2020-01-15 09:32:01.100,5445.4000,38069,-1,305719200.000,1,0,1,双平,S,5442.2000,5440.4000,5440.0000,5438.6000,5438.4000,5445.0000,5445.4000,5446.6000,5447.0000,5447.4000,3,6,1,1,5,2,1,1,1,2
SF,IC2006,2020-01-15 09:32:01.600,5445.4000,38069,0,305719200.000,0,-,-,-,-,5442.2000,5440.4000,5440.0000,5438.6000,5438.4000,5445.0000,5446.4000,5446.6000,5447.0000,5447.4000,2,6,1,1,5,3,1,1,1,2
SF,IC2006,2020-01-15 09:32:02.100,5445.4000,38069,0,305719200.000,0,-,-,-,-,5442.4000,5442.2000,5440.4000,5440.0000,5439.6000,5445.0000,5446.4000,5446.6000,5447.0000,5447.4000,2,2,6,1,1,2,1,1,1,2
SF,IC2006,2020-01-15 09:32:02.600,5445.4000,38069,0,305719200.000,0,-,-,-,-,5442.6000,5442.4000,5442.2000,5440.4000,5440.0000,5444.6000,5445.0000,5446.0000,5446.4000,5446.6000,1,2,1,6,2,1,2,1,1,1
SF,IC2006,2020-01-15 09:32:03.100,5444.6000,38068,-1,306808120.000,1,0,1,双平,S,5442.4000,5440.4000,5440.0000,5439.6000,5438.6000,5444.4000,5445.0000,5446.0000,5446.4000,5446.6000,2,6,2,1,1,1,1,1,1,1
SF,IC2006,2020-01-15 09:32:03.600,5444.6000,38068,0,306808120.000,0,-,-,-,-,5440.4000,5440.0000,5439.6000,5438.6000,5438.4000,5444.2000,5444.4000,5445.0000,5446.0000,5446.4000,6,2,1,1,5,1,1,1,1,1
SF,IC2006,2020-01-15 09:32:04.100,5444.6000,38068,0,306808120.000,0,-,-,-,-,5441.4000,5440.6000,5440.4000,5440.0000,5439.6000,5444.2000,5444.4000,5446.0000,5446.4000,5446.6000,1,2,6,2,1,2,1,1,1,1
SF,IC2006,2020-01-15 09:32:04.600,5444.6000,38068,0,306808120.000,0,-,-,-,-,5441.6000,5441.4000,5440.4000,5440.0000,5439.6000,5444.2000,5444.4000,5446.0000,5446.4000,5446.6000,3,1,6,1,1,1,1,1,1,1
SF,IC2006,2020-01-15 09:32:05.100,5444.6000,38068,0,306808120.000,0,-,-,-,-,5444.2000,5441.6000,5440.6000,5440.4000,5440.0000,5446.0000,5446.4000,5446.6000,5447.0000,5447.4000,1,3,1,6,1,1,1,1,1,2
SF,IC2006,2020-01-15 09:32:05.600,5444.2000,38068,0,307896960.000,1,0,1,多换,S,5441.6000,5440.6000,5440.4000,5440.0000,5439.6000,5444.2000,5445.8000,5446.0000,5446.6000,5447.0000,2,1,6,1,1,1,1,1,1,1
SF,IC2006,2020-01-15 09:32:06.100,5444.2000,38068,0,308985800.000,1,0,1,多换,S,5441.6000,5440.6000,5440.4000,5440.0000,5439.6000,5445.8000,5446.0000,5446.6000,5447.0000,5447.4000,2,1,6,1,1,1,1,1,2,1
SF,IC2006,2020-01-15 09:32:06.600,5444.2000,38068,0,308985800.000,0,-,-,-,-,5442.0000,5441.8000,5441.6000,5440.6000,5440.4000,5445.8000,5446.0000,5446.6000,5447.0000,5447.4000,1,1,2,1,6,1,1,1,2,1
SF,IC2006,2020-01-15 09:32:07.100,5444.2000,38068,0,308985800.000,0,-,-,-,-,5444.2000,5442.0000,5441.8000,5441.6000,5440.6000,5446.0000,5446.6000,5447.0000,5447.4000,5447.6000,2,1,1,2,1,1,1,2,1,1
SF,IC2006,2020-01-15 09:32:07.600,5444.2000,38066,-2,311163480.000,2,0,2,双平,S,5444.2000,5442.0000,5441.6000,5440.6000,5440.4000,5444.8000,5446.0000,5446.6000,5447.0000,5447.4000,1,1,2,1,6,1,3,1,2,1
SF,IC2006,2020-01-15 09:32:08.100,5444.2000,38066,0,312252320.000,1,0,1,多换,S,5442.0000,5441.6000,5440.6000,5440.4000,5440.0000,5444.2000,5444.4000,5444.8000,5445.6000,5445.8000,1,2,1,6,1,2,1,1,1,2
SF,IC2006,2020-01-15 09:32:08.600,5444.2000,38066,0,312252320.000,0,-,-,-,-,5442.0000,5441.6000,5440.6000,5440.4000,5440.0000,5444.2000,5444.4000,5444.8000,5445.6000,5445.8000,1,2,1,6,1,2,1,1,1,2
SF,IC2006,2020-01-15 09:32:09.100,5442.2000,38064,-2,314429200.000,2,0,2,双平,S,5442.2000,5442.0000,5441.6000,5440.6000,5440.4000,5444.2000,5444.4000,5444.8000,5445.6000,5445.8000,1,1,2,1,6,2,1,1,1,2
SF,IC2006,2020-01-15 09:32:09.600,5442.2000,38064,0,314429200.000,0,-,-,-,-,5442.2000,5442.0000,5441.6000,5440.6000,5440.4000,5444.2000,5444.4000,5445.6000,5445.8000,5446.0000,1,1,2,1,6,2,1,1,1,2
SF,IC2006,2020-01-15 09:32:11.100,5442.2000,38064,0,314429200.000,0,-,-,-,-,5442.0000,5441.6000,5440.6000,5440.4000,5440.0000,5444.0000,5444.2000,5444.4000,5445.6000,5445.8000,1,2,1,6,1,1,2,1,1,1
SF,IC2006,2020-01-15 09:32:11.600,5442.2000,38064,0,314429200.000,0,-,-,-,-,5442.0000,5441.6000,5440.6000,5440.4000,5440.0000,5444.0000,5444.2000,5444.4000,5445.6000,5445.8000,1,2,1,6,1,1,2,1,1,1
SF,IC2006,2020-01-15 09:32:12.600,5442.2000,38064,0,314429200.000,0,-,-,-,-,5442.2000,5442.0000,5441.6000,5440.6000,5440.4000,5444.2000,5444.4000,5445.6000,5445.8000,5446.0000,1,1,2,1,6,2,1,1,1,2
SF,IC2006,2020-01-15 09:32:13.100,5442.2000,38064,0,314429200.000,0,-,-,-,-,5442.2000,5442.0000,5441.6000,5440.6000,5440.4000,5444.4000,5445.6000,5446.0000,5447.0000,5447.4000,2,1,2,1,6,1,1,2,2,1
SF,IC2006,2020-01-15 09:32:13.600,5442.2000,38064,0,314429200.000,0,-,-,-,-,5442.2000,5441.6000,5440.6000,5440.4000,5440.0000,5444.4000,5445.0000,5445.6000,5446.0000,5447.0000,2,2,1,6,1,1,4,1,2,2
SF,IC2006,2020-01-15 09:32:14.100,5444.4000,38063,-1,315518080.000,1,0,1,双平,S,5444.4000,5442.4000,5442.2000,5441.6000,5440.6000,5445.0000,5445.6000,5446.0000,5447.0000,5447.4000,10,1,2,2,1,4,1,2,2,1
SF,IC2006,2020-01-15 09:32:14.600,5445.0000,38059,-4,323140880.000,7,1,6,多平,S,5444.4000,5442.4000,5442.2000,5441.6000,5440.6000,5445.6000,5446.0000,5447.0000,5447.4000,5448.0000,9,1,1,2,1,1,2,2,1,2
SF,IC2006,2020-01-15 09:32:15.100,5445.0000,38059,0,323140880.000,0,-,-,-,-,5444.4000,5442.4000,5442.2000,5441.6000,5440.6000,5445.0000,5446.0000,5447.0000,5447.4000,5448.0000,9,1,1,2,1,1,2,2,1,2
SF,IC2006,2020-01-15 09:32:15.600,5445.0000,38057,-2,325318880.000,2,0,2,双平,S,5445.0000,5444.4000,5442.4000,5442.2000,5441.6000,5446.0000,5447.0000,5447.4000,5448.0000,5448.2000,1,9,1,1,2,2,2,1,2,1
SF,IC2006,2020-01-15 09:32:16.100,5445.0000,38057,0,325318880.000,0,-,-,-,-,5445.0000,5444.4000,5442.4000,5442.2000,5441.6000,5446.0000,5447.0000,5447.4000,5448.0000,5448.2000,1,9,1,1,2,2,2,1,2,1
SF,IC2006,2020-01-15 09:32:16.600,5445.0000,38057,0,325318880.000,0,-,-,-,-,5445.0000,5444.4000,5442.4000,5442.2000,5441.6000,5446.0000,5446.4000,5447.0000,5447.4000,5448.0000,3,9,1,1,2,2,1,2,1,2
SF,IC2006,2020-01-15 09:32:17.600,5445.0000,38057,0,326407880.000,1,0,1,多换,S,5445.0000,5444.4000,5442.4000,5442.2000,5441.6000,5446.0000,5446.4000,5447.0000,5447.4000,5448.0000,2,9,1,1,2,2,2,2,1,2
SF,IC2006,2020-01-15 09:32:18.100,5445.8000,38055,-2,328586160.000,2,0,2,双平,S,5445.0000,5444.4000,5442.4000,5442.2000,5442.0000,5446.0000,5446.4000,5447.0000,5447.2000,5447.4000,2,9,1,1,1,2,2,2,1,1
SF,IC2006,2020-01-15 09:32:18.600,5445.0000,38055,0,330764160.000,2,1,1,多换,S,5444.4000,5442.4000,5442.2000,5442.0000,5441.6000,5444.8000,5445.0000,5446.0000,5446.4000,5447.0000,9,1,1,1,2,2,7,2,2,2
SF,IC2006,2020-01-15 09:32:19.100,5444.4000,38046,-9,340564080.000,9,0,9,双平,S,5442.2000,5442.0000,5441.6000,5440.6000,5440.4000,5444.8000,5445.0000,5446.0000,5446.4000,5447.0000,1,1,2,1,6,2,5,2,1,2
SF,IC2006,2020-01-15 09:32:19.600,5444.4000,38046,0,340564080.000,0,-,-,-,-,5442.4000,5442.2000,5442.0000,5441.6000,5440.6000,5444.8000,5445.0000,5445.6000,5446.0000,5446.4000,1,1,1,1,1,2,1,1,2,1
SF,IC2006,2020-01-15 09:32:20.100,5444.4000,38046,0,340564080.000,0,-,-,-,-,5442.4000,5442.2000,5442.0000,5440.4000,5440.0000,5444.8000,5445.0000,5445.6000,5446.0000,5446.4000,1,1,1,6,1,2,1,1,2,1
SF,IC2006,2020-01-15 09:32:20.600,5444.4000,38046,0,340564080.000,0,-,-,-,-,5442.4000,5442.0000,5440.4000,5440.0000,5438.6000,5444.2000,5444.6000,5444.8000,5445.0000,5446.0000,1,1,6,1,1,1,1,2,1,2
SF,IC2006,2020-01-15 09:32:21.100,5444.4000,38046,0,340564080.000,0,-,-,-,-,5442.0000,5440.4000,5440.0000,5438.6000,5438.4000,5444.0000,5444.2000,5444.6000,5444.8000,5445.0000,1,6,1,1,5,1,1,1,2,1
SF,IC2006,2020-01-15 09:32:22.100,5444.4000,38046,0,340564080.000,0,-,-,-,-,5442.4000,5442.0000,5440.4000,5440.0000,5438.6000,5444.0000,5444.2000,5444.4000,5444.6000,5444.8000,1,1,6,1,1,2,1,1,1,2
SF,IC2006,2020-01-15 09:32:22.600,5442.4000,38045,-1,341652560.000,1,0,1,双平,S,5442.0000,5440.4000,5440.0000,5438.6000,5438.4000,5442.4000,5443.6000,5444.0000,5444.4000,5444.8000,1,6,1,1,5,1,1,2,1,2
SF,IC2006,2020-01-15 09:32:23.100,5442.4000,38045,0,341652560.000,0,-,-,-,-,5442.0000,5440.4000,5440.0000,5438.6000,5438.4000,5442.4000,5443.6000,5443.8000,5444.0000,5444.4000,1,6,1,1,5,1,1,1,1,1
SF,IC2006,2020-01-15 09:32:23.600,5442.4000,38045,0,341652560.000,0,-,-,-,-,5442.0000,5440.4000,5440.0000,5438.6000,5438.4000,5442.4000,5443.6000,5443.8000,5444.0000,5444.4000,1,6,1,1,5,1,1,1,1,2
SF,IC2006,2020-01-15 09:32:24.100,5442.4000,38045,0,341652560.000,0,-,-,-,-,5442.0000,5440.4000,5440.0000,5438.6000,5438.4000,5442.4000,5443.6000,5443.8000,5444.0000,5444.4000,1,6,1,1,5,1,1,1,2,2
SF,IC2006,2020-01-15 09:32:25.100,5442.4000,38045,0,341652560.000,0,-,-,-,-,5442.0000,5440.4000,5440.0000,5438.6000,5438.4000,5443.6000,5443.8000,5444.0000,5444.4000,5446.0000,1,6,1,1,5,1,1,2,2,2
SF,IC2006,2020-01-15 09:32:25.600,5442.4000,38045,0,341652560.000,0,-,-,-,-,5442.0000,5440.4000,5440.0000,5438.6000,5438.4000,5444.0000,5444.4000,5446.0000,5446.4000,5447.0000,1,6,1,1,5,2,1,2,1,2
SF,IC2006,2020-01-15 09:32:26.100,5442.4000,38045,0,341652560.000,0,-,-,-,-,5442.0000,5440.4000,5440.0000,5438.6000,5438.4000,5443.2000,5443.8000,5444.0000,5444.4000,5446.0000,1,6,1,1,5,1,1,2,1,2
SF,IC2006,2020-01-15 09:32:26.600,5442.4000,38045,0,341652560.000,0,-,-,-,-,5442.0000,5440.4000,5440.0000,5438.6000,5438.4000,5443.2000,5443.8000,5444.0000,5444.4000,5446.0000,1,6,1,1,5,1,1,2,1,2
SF,IC2006,2020-01-15 09:32:27.100,5442.4000,38045,0,341652560.000,0,-,-,-,-,5442.0000,5440.4000,5440.0000,5438.6000,5438.4000,5443.8000,5444.0000,5444.4000,5446.0000,5446.4000,1,6,1,1,5,1,3,1,2,1
SF,IC2006,2020-01-15 09:32:27.600,5442.4000,38045,0,341652560.000,0,-,-,-,-,5442.0000,5440.4000,5440.0000,5438.6000,5438.4000,5443.8000,5444.0000,5444.4000,5446.0000,5446.4000,1,6,1,1,5,1,3,1,2,1
SF,IC2006,2020-01-15 09:32:28.100,5442.4000,38045,0,341652560.000,0,-,-,-,-,5442.0000,5440.4000,5440.0000,5438.6000,5438.4000,5443.8000,5444.0000,5444.4000,5445.0000,5446.0000,1,6,1,1,5,1,3,1,1,2
SF,IC2006,2020-01-15 09:32:28.600,5442.4000,38045,0,341652560.000,0,-,-,-,-,5442.0000,5440.4000,5440.0000,5438.6000,5438.4000,5443.2000,5443.8000,5444.0000,5444.4000,5445.0000,1,6,1,1,5,1,1,3,1,1
SF,IC2006,2020-01-15 09:32:29.100,5442.4000,38045,0,341652560.000,0,-,-,-,-,5442.0000,5440.4000,5440.0000,5438.6000,5438.4000,5443.8000,5444.0000,5444.4000,5445.0000,5446.0000,1,6,1,1,5,1,3,1,1,2
SF,IC2006,2020-01-15 09:32:29.600,5442.4000,38045,0,341652560.000,0,-,-,-,-,5442.2000,5442.0000,5440.4000,5440.0000,5438.6000,5444.0000,5444.4000,5445.0000,5446.0000,5446.4000,1,1,6,1,1,3,1,1,2,1
SF,IC2006,2020-01-15 09:32:30.100,5442.4000,38045,0,341652560.000,0,-,-,-,-,5442.2000,5442.0000,5440.4000,5440.0000,5438.6000,5444.0000,5444.4000,5445.0000,5446.0000,5446.4000,1,1,6,1,1,2,1,1,2,1
SF,IC2006,2020-01-15 09:32:30.600,5442.4000,38045,0,341652560.000,0,-,-,-,-,5442.2000,5442.0000,5440.4000,5440.0000,5438.6000,5444.0000,5444.4000,5445.0000,5446.0000,5446.4000,1,1,6,1,1,2,1,1,2,1
SF,IC2006,2020-01-15 09:32:31.100,5442.4000,38045,0,341652560.000,0,-,-,-,-,5442.2000,5442.0000,5440.4000,5440.0000,5438.6000,5444.0000,5444.4000,5445.0000,5446.0000,5446.4000,1,1,6,1,1,1,1,1,2,1
SF,IC2006,2020-01-15 09:32:31.600,5442.4000,38045,0,341652560.000,0,-,-,-,-,5442.2000,5442.0000,5440.4000,5440.0000,5438.6000,5444.0000,5444.4000,5445.0000,5446.0000,5446.4000,1,1,6,1,1,1,1,1,2,1
SF,IC2006,2020-01-15 09:32:32.100,5442.4000,38045,0,341652560.000,0,-,-,-,-,5442.4000,5442.2000,5442.0000,5440.4000,5440.0000,5443.8000,5444.0000,5444.4000,5445.0000,5446.0000,1,1,1,6,1,1,1,1,1,2
SF,IC2006,2020-01-15 09:32:32.600,5442.4000,38045,0,341652560.000,0,-,-,-,-,5442.4000,5442.0000,5440.4000,5440.0000,5438.6000,5443.8000,5444.0000,5444.4000,5445.0000,5446.0000,1,1,6,1,1,1,1,1,1,2
SF,IC2006,2020-01-15 09:32:33.100,5442.4000,38045,0,341652560.000,0,-,-,-,-,5442.4000,5442.0000,5440.4000,5440.0000,5438.6000,5444.0000,5444.4000,5445.0000,5446.0000,5446.4000,1,1,6,1,1,1,1,1,2,1
SF,IC2006,2020-01-15 09:32:33.600,5442.4000,38044,-1,342741040.000,1,0,1,双平,S,5442.0000,5440.4000,5440.0000,5438.6000,5438.4000,5443.8000,5444.0000,5444.4000,5445.0000,5446.0000,1,6,1,1,5,1,1,1,1,2
SF,IC2006,2020-01-15 09:32:34.100,5442.4000,38044,0,342741040.000,0,-,-,-,-,5442.2000,5442.0000,5440.4000,5440.0000,5438.6000,5443.6000,5444.0000,5444.4000,5445.0000,5446.0000,1,1,6,1,1,1,1,1,1,2
SF,IC2006,2020-01-15 09:32:35.600,5442.4000,38044,0,342741040.000,0,-,-,-,-,5442.2000,5442.0000,5440.4000,5440.0000,5438.6000,5443.6000,5444.0000,5444.4000,5445.0000,5446.0000,1,1,6,1,1,1,1,1,1,2
SF,IC2006,2020-01-15 09:32:36.100,5442.4000,38044,0,342741040.000,0,-,-,-,-,5442.2000,5442.0000,5440.4000,5440.0000,5438.6000,5443.6000,5444.0000,5444.4000,5445.0000,5446.0000,1,1,6,1,1,1,1,1,1,2
SF,IC2006,2020-01-15 09:32:36.600,5442.4000,38044,0,342741040.000,0,-,-,-,-,5442.2000,5442.0000,5440.4000,5440.0000,5438.6000,5443.6000,5444.0000,5444.4000,5445.0000,5446.0000,1,1,6,1,1,1,1,1,1,2
SF,IC2006,2020-01-15 09:32:37.100,5442.0000,38042,-2,344917880.000,2,0,2,双平,S,5440.4000,5440.0000,5438.6000,5438.4000,5438.0000,5442.0000,5443.6000,5444.0000,5444.4000,5445.0000,6,1,1,5,2,4,1,1,1,1
SF,IC2006,2020-01-15 09:32:37.600,5442.0000,38038,-4,349271480.000,4,0,4,双平,S,5442.2000,5442.0000,5441.8000,5440.6000,5440.4000,5443.6000,5444.0000,5444.4000,5445.0000,5446.0000,1,5,1,3,6,1,1,1,1,2
SF,IC2006,2020-01-15 09:32:38.100,5442.0000,38038,0,349271480.000,0,-,-,-,-,5442.0000,5440.6000,5440.4000,5440.0000,5438.6000,5443.6000,5444.0000,5444.4000,5445.0000,5446.0000,2,3,6,1,1,1,1,1,1,2
SF,IC2006,2020-01-15 09:32:38.600,5442.0000,38038,0,349271480.000,0,-,-,-,-,5442.0000,5440.6000,5440.4000,5440.0000,5438.6000,5443.6000,5444.0000,5444.4000,5445.0000,5446.0000,1,2,6,1,1,1,1,1,1,2
SF,IC2006,2020-01-15 09:32:39.100,5442.0000,38038,0,349271480.000,0,-,-,-,-,5442.0000,5440.6000,5440.4000,5440.0000,5438.6000,5443.4000,5443.6000,5444.0000,5444.4000,5445.0000,1,2,6,1,1,1,1,1,1,1
SF,IC2006,2020-01-15 09:32:39.600,5442.0000,38038,0,349271480.000,0,-,-,-,-,5442.0000,5440.6000,5440.4000,5440.0000,5438.6000,5443.2000,5443.4000,5444.0000,5444.4000,5445.0000,1,2,6,1,1,1,1,1,1,1
SF,IC2006,2020-01-15 09:32:40.100,5442.0000,38038,0,349271480.000,0,-,-,-,-,5440.6000,5440.4000,5440.0000,5438.6000,5438.4000,5443.2000,5444.0000,5444.4000,5445.0000,5446.0000,2,6,1,1,5,1,1,1,1,2
SF,IC2006,2020-01-15 09:32:40.600,5442.0000,38038,0,349271480.000,0,-,-,-,-,5441.2000,5440.6000,5440.4000,5440.0000,5438.6000,5443.2000,5444.0000,5444.4000,5445.0000,5446.0000,1,2,6,1,1,1,1,1,1,2
SF,IC2006,2020-01-15 09:32:41.100,5442.0000,38038,0,349271480.000,0,-,-,-,-,5442.0000,5441.4000,5441.2000,5440.6000,5440.4000,5443.2000,5444.0000,5444.4000,5445.0000,5446.0000,1,1,1,1,6,1,1,1,1,2
SF,IC2006,2020-01-15 09:32:41.600,5442.0000,38039,1,350359880.000,1,1,0,双开,S,5441.2000,5440.4000,5440.0000,5438.6000,5438.4000,5443.2000,5444.0000,5444.4000,5445.0000,5446.0000,1,6,1,1,5,1,1,1,1,2
SF,IC2006,2020-01-15 09:32:43.100,5442.0000,38039,0,350359880.000,0,-,-,-,-,5441.2000,5440.4000,5440.0000,5438.6000,5438.4000,5443.0000,5443.2000,5444.0000,5444.4000,5445.0000,1,6,1,1,5,1,1,1,1,1
SF,IC2006,2020-01-15 09:32:43.600,5442.0000,38039,0,350359880.000,0,-,-,-,-,5440.4000,5440.0000,5438.6000,5438.4000,5438.0000,5442.8000,5443.0000,5444.0000,5444.4000,5445.0000,1,1,1,5,3,1,1,1,1,1
SF,IC2006,2020-01-15 09:32:44.100,5442.0000,38039,0,350359880.000,0,-,-,-,-,5440.4000,5440.0000,5438.6000,5438.4000,5438.0000,5442.8000,5444.0000,5444.4000,5445.0000,5446.0000,1,1,1,5,3,1,1,1,1,2
SF,IC2006,2020-01-15 09:32:44.600,5442.0000,38039,0,350359880.000,0,-,-,-,-,5440.6000,5440.4000,5440.0000,5438.6000,5438.4000,5442.6000,5442.8000,5444.0000,5444.4000,5445.0000,1,1,1,1,5,1,1,1,1,1
SF,IC2006,2020-01-15 09:32:45.100,5442.0000,38039,0,350359880.000,0,-,-,-,-,5440.4000,5440.0000,5438.6000,5438.4000,5438.0000,5442.4000,5442.6000,5444.0000,5444.4000,5445.0000,1,1,1,5,3,1,1,1,1,1
SF,IC2006,2020-01-15 09:32:45.600,5442.0000,38039,0,350359880.000,0,-,-,-,-,5440.4000,5440.0000,5438.6000,5438.4000,5438.0000,5442.4000,5444.0000,5444.4000,5445.0000,5446.0000,1,1,1,5,3,1,1,1,1,2
SF,IC2006,2020-01-15 09:32:46.600,5442.4000,38039,0,351448360.000,1,0,1,多换,S,5440.4000,5440.0000,5438.6000,5438.4000,5438.0000,5444.0000,5444.4000,5445.0000,5446.0000,5447.0000,1,1,1,5,3,1,1,1,2,2
SF,IC2006,2020-01-15 09:32:47.100,5442.4000,38039,0,351448360.000,0,-,-,-,-,5440.6000,5440.4000,5440.0000,5438.6000,5438.4000,5443.8000,5444.0000,5444.4000,5445.0000,5446.0000,1,1,1,1,5,3,2,1,1,2
SF,IC2006,2020-01-15 09:32:48.100,5442.4000,38039,0,351448360.000,0,-,-,-,-,5442.4000,5440.6000,5440.4000,5440.0000,5438.6000,5443.4000,5443.8000,5444.0000,5444.2000,5444.4000,1,1,1,1,1,1,3,2,1,1
SF,IC2006,2020-01-15 09:32:48.600,5442.4000,38038,-1,353625320.000,2,0,2,多平,S,5440.6000,5440.4000,5440.0000,5438.6000,5438.4000,5442.2000,5442.4000,5443.2000,5443.4000,5443.8000,1,1,1,1,5,1,1,1,1,2
SF,IC2006,2020-01-15 09:32:49.100,5442.4000,38038,0,353625320.000,0,-,-,-,-,5440.6000,5440.4000,5440.0000,5438.6000,5438.4000,5442.4000,5443.2000,5443.4000,5443.8000,5444.0000,1,1,1,1,5,1,1,1,1,2
SF,IC2006,2020-01-15 09:32:49.600,5440.6000,38037,-1,354713440.000,1,0,1,双平,S,5440.4000,5440.0000,5438.6000,5438.4000,5438.0000,5440.6000,5442.4000,5443.2000,5443.4000,5443.8000,1,1,1,5,3,1,1,1,1,1
SF,IC2006,2020-01-15 09:32:50.100,5440.6000,38036,-1,355801560.000,1,0,1,双平,S,5441.0000,5440.6000,5440.4000,5440.0000,5438.6000,5443.2000,5443.4000,5444.0000,5444.2000,5444.4000,2,3,1,1,1,1,1,2,1,1
SF,IC2006,2020-01-15 09:32:50.600,5440.6000,38036,0,355801560.000,0,-,-,-,-,5441.0000,5440.6000,5440.4000,5440.0000,5438.6000,5443.0000,5443.2000,5443.4000,5444.0000,5444.2000,2,1,1,1,1,1,5,1,2,1
SF,IC2006,2020-01-15 09:32:51.100,5440.6000,38036,0,355801560.000,0,-,-,-,-,5440.6000,5440.4000,5440.0000,5438.6000,5438.4000,5442.4000,5442.8000,5443.0000,5443.2000,5443.4000,1,1,1,1,5,1,1,1,4,1
SF,IC2006,2020-01-15 09:32:51.600,5440.6000,38036,0,355801560.000,0,-,-,-,-,5440.6000,5440.4000,5438.6000,5438.4000,5438.0000,5442.2000,5442.4000,5442.8000,5443.0000,5443.2000,1,1,1,5,3,1,1,1,1,4
SF,IC2006,2020-01-15 09:32:52.100,5440.6000,38036,0,355801560.000,0,-,-,-,-,5440.6000,5440.4000,5438.6000,5438.0000,5437.6000,5442.2000,5442.4000,5442.8000,5443.0000,5443.2000,1,1,1,3,1,1,1,1,1,4
SF,IC2006,2020-01-15 09:32:52.600,5440.6000,38036,0,355801560.000,0,-,-,-,-,5440.6000,5440.4000,5438.6000,5438.0000,5437.6000,5442.2000,5442.4000,5442.8000,5443.0000,5443.2000,1,1,1,3,1,1,1,1,1,4
SF,IC2006,2020-01-15 09:32:53.100,5443.0000,38036,0,359067080.000,3,1,2,多换,S,5440.6000,5440.4000,5438.6000,5438.0000,5437.6000,5443.2000,5444.0000,5444.4000,5445.0000,5446.0000,1,1,1,3,1,4,2,1,1,2
SF,IC2006,2020-01-15 09:32:53.600,5443.0000,38036,0,359067080.000,0,-,-,-,-,5440.8000,5440.6000,5440.4000,5438.6000,5438.0000,5443.0000,5443.2000,5444.0000,5444.4000,5445.0000,2,1,1,1,3,1,6,1,1,1
SF,IC2006,2020-01-15 09:32:54.100,5443.0000,38036,0,359067080.000,0,-,-,-,-,5440.8000,5440.6000,5440.4000,5438.6000,5438.0000,5442.8000,5443.0000,5443.2000,5444.0000,5444.4000,1,1,1,1,3,2,1,6,1,1
SF,IC2006,2020-01-15 09:32:54.600,5443.0000,38036,0,359067080.000,0,-,-,-,-,5442.2000,5440.8000,5440.6000,5440.4000,5438.6000,5442.6000,5442.8000,5443.2000,5444.0000,5444.4000,1,1,1,3,1,1,1,4,1,1
SF,IC2006,2020-01-15 09:32:55.100,5442.2000,38035,-1,361243960.000,2,0,2,多平,S,5440.8000,5440.4000,5438.6000,5438.0000,5437.6000,5442.2000,5442.8000,5443.2000,5444.0000,5444.4000,1,3,1,3,1,3,1,4,1,1
SF,IC2006,2020-01-15 09:32:55.600,5442.2000,38035,0,361243960.000,0,-,-,-,-,5441.4000,5440.8000,5440.4000,5438.6000,5438.0000,5443.2000,5444.0000,5444.4000,5445.0000,5446.0000,1,1,3,1,3,2,1,1,1,2
SF,IC2006,2020-01-15 09:32:56.100,5442.2000,38035,0,361243960.000,0,-,-,-,-,5441.6000,5441.4000,5440.4000,5438.6000,5438.0000,5443.0000,5443.2000,5444.0000,5444.2000,5444.4000,1,1,3,1,3,1,1,1,1,1
SF,IC2006,2020-01-15 09:32:56.600,5442.2000,38035,0,361243960.000,0,-,-,-,-,5441.6000,5440.8000,5440.4000,5438.6000,5438.0000,5443.0000,5444.0000,5444.2000,5444.4000,5445.0000,1,1,3,1,3,1,1,1,1,1
SF,IC2006,2020-01-15 09:32:57.100,5442.2000,38035,0,361243960.000,0,-,-,-,-,5441.6000,5440.8000,5440.4000,5438.6000,5438.0000,5444.0000,5444.2000,5444.4000,5445.0000,5446.0000,1,1,3,1,3,1,1,1,1,2
SF,IC2006,2020-01-15 09:32:57.600,5442.2000,38035,0,361243960.000,0,-,-,-,-,5441.6000,5440.8000,5440.4000,5438.6000,5438.0000,5443.8000,5444.0000,5444.2000,5444.4000,5445.0000,1,1,3,1,3,2,3,1,1,1
SF,IC2006,2020-01-15 09:32:58.100,5441.6000,38035,0,362332280.000,1,0,1,多换,S,5440.8000,5440.4000,5438.6000,5438.0000,5437.6000,5443.8000,5444.0000,5444.2000,5444.4000,5445.0000,1,3,1,3,1,2,3,1,1,1
SF,IC2006,2020-01-15 09:32:58.600,5441.6000,38035,0,362332280.000,0,-,-,-,-,5442.4000,5441.0000,5440.8000,5440.4000,5438.6000,5443.0000,5443.8000,5444.0000,5444.2000,5444.4000,1,2,1,3,1,1,2,4,1,1
SF,IC2006,2020-01-15 09:32:59.100,5442.4000,38034,-1,363420760.000,1,0,1,双平,S,5442.6000,5441.0000,5440.8000,5440.4000,5438.6000,5443.0000,5443.8000,5444.0000,5444.2000,5444.4000,1,1,1,3,1,1,1,1,1,1
SF,IC2006,2020-01-15 09:32:59.600,5442.6000,38033,-1,364509280.000,1,0,1,双平,S,5440.8000,5440.4000,5438.6000,5438.0000,5437.6000,5442.6000,5443.8000,5444.0000,5444.2000,5444.4000,1,3,1,3,1,2,1,1,1,1
SF,IC2006,2020-01-15 09:33:00.100,5442.6000,38033,0,364509280.000,0,-,-,-,-,5441.0000,5440.8000,5440.4000,5438.6000,5438.0000,5442.6000,5443.8000,5444.0000,5444.2000,5444.4000,2,1,3,1,3,1,1,1,1,1
SF,IC2006,2020-01-15 09:33:00.600,5442.6000,38033,0,364509280.000,0,-,-,-,-,5441.8000,5441.0000,5440.8000,5440.4000,5438.6000,5442.2000,5442.6000,5443.8000,5444.0000,5444.2000,1,2,1,3,1,1,1,1,1,1
SF,IC2006,2020-01-15 09:33:01.100,5442.2000,38032,-1,365597720.000,1,0,1,双平,S,5441.8000,5441.0000,5440.8000,5440.4000,5438.6000,5443.8000,5444.0000,5444.2000,5444.4000,5445.0000,1,2,1,3,1,1,1,1,1,1
SF,IC2006,2020-01-15 09:33:01.600,5442.2000,38032,0,365597720.000,0,-,-,-,-,5442.0000,5441.8000,5441.0000,5440.8000,5440.4000,5443.6000,5443.8000,5444.0000,5444.2000,5444.4000,1,1,1,1,3,1,1,1,1,1
SF,IC2006,2020-01-15 09:33:02.100,5442.2000,38032,0,365597720.000,0,-,-,-,-,5442.0000,5441.8000,5441.0000,5440.8000,5440.4000,5443.6000,5443.8000,5444.0000,5444.2000,5444.4000,1,1,1,1,3,3,1,1,1,1
SF,IC2006,2020-01-15 09:33:02.600,5442.2000,38032,0,365597720.000,0,-,-,-,-,5442.0000,5441.8000,5441.0000,5440.8000,5440.4000,5443.6000,5443.8000,5444.0000,5444.2000,5444.4000,1,1,1,1,3,2,2,1,1,1
SF,IC2006,2020-01-15 09:33:03.100,5442.2000,38032,0,365597720.000,0,-,-,-,-,5442.0000,5441.8000,5441.0000,5440.8000,5440.4000,5443.4000,5443.6000,5443.8000,5444.0000,5444.2000,1,1,1,1,3,1,2,2,1,1
SF,IC2006,2020-01-15 09:33:03.600,5442.0000,38031,-1,366686120.000,1,0,1,双平,S,5442.6000,5441.8000,5441.0000,5440.8000,5440.4000,5443.4000,5443.6000,5443.8000,5444.0000,5444.2000,1,1,1,1,3,1,2,2,1,1
SF,IC2006,2020-01-15 09:33:04.100,5442.6000,38031,0,367774640.000,1,0,1,多换,S,5441.8000,5441.0000,5440.8000,5440.4000,5439.4000,5443.2000,5443.4000,5443.6000,5443.8000,5444.0000,1,1,1,3,1,1,1,1,2,1
SF,IC2006,2020-01-15 09:33:04.600,5442.6000,38031,0,367774640.000,0,-,-,-,-,5443.0000,5441.8000,5441.0000,5440.8000,5440.4000,5443.2000,5443.6000,5443.8000,5444.0000,5444.2000,1,1,1,1,3,1,1,2,1,1
SF,IC2006,2020-01-15 09:33:05.100,5443.0000,38031,0,368863240.000,1,0,1,多换,S,5441.8000,5441.0000,5440.8000,5440.4000,5439.4000,5443.6000,5443.8000,5444.0000,5444.2000,5444.4000,1,1,1,3,1,1,2,1,1,1
SF,IC2006,2020-01-15 09:33:05.600,5443.0000,38031,0,368863240.000,0,-,-,-,-,5441.8000,5441.0000,5440.8000,5440.4000,5439.4000,5443.4000,5443.6000,5443.8000,5444.0000,5444.2000,1,1,1,3,1,1,1,2,1,1
SF,IC2006,2020-01-15 09:33:06.100,5443.4000,38031,0,369951920.000,1,0,1,多换,S,5441.8000,5441.0000,5440.8000,5440.4000,5439.4000,5443.6000,5443.8000,5444.0000,5444.2000,5444.4000,1,1,1,3,1,1,2,1,1,1
SF,IC2006,2020-01-15 09:33:06.600,5443.4000,38031,0,369951920.000,0,-,-,-,-,5442.0000,5441.8000,5441.0000,5440.8000,5440.4000,5443.6000,5443.8000,5444.0000,5444.2000,5444.4000,1,1,1,1,3,1,2,1,1,1
SF,IC2006,2020-01-15 09:33:07.100,5443.6000,38030,-1,371040640.000,1,0,1,双平,S,5443.4000,5442.0000,5441.8000,5440.8000,5440.4000,5443.8000,5444.0000,5444.4000,5445.0000,5446.0000,1,1,1,1,3,2,1,1,1,2
SF,IC2006,2020-01-15 09:33:07.600,5443.8000,38028,-2,376484360.000,5,1,4,多平,S,5441.8000,5440.8000,5440.4000,5439.4000,5438.6000,5444.0000,5444.4000,5445.0000,5446.0000,5447.0000,1,1,3,1,1,1,1,1,2,2
SF,IC2006,2020-01-15 09:33:08.100,5443.8000,38028,0,376484360.000,0,-,-,-,-,5443.0000,5442.0000,5441.8000,5440.8000,5440.4000,5444.0000,5444.4000,5445.0000,5446.0000,5447.0000,1,1,1,1,3,1,1,1,2,2
SF,IC2006,2020-01-15 09:33:08.600,5443.8000,38028,0,376484360.000,0,-,-,-,-,5443.0000,5442.0000,5441.8000,5440.8000,5440.4000,5443.8000,5444.0000,5444.4000,5445.0000,5446.0000,1,1,1,1,3,1,1,1,1,3
SF,IC2006,2020-01-15 09:33:09.600,5443.0000,38027,-1,377572960.000,1,0,1,双平,S,5442.0000,5441.8000,5440.8000,5440.4000,5439.4000,5443.8000,5444.0000,5444.4000,5445.0000,5446.0000,1,1,1,3,1,1,1,1,1,3
SF,IC2006,2020-01-15 09:33:10.600,5443.0000,38027,0,377572960.000,0,-,-,-,-,5442.0000,5441.8000,5440.8000,5440.4000,5439.4000,5443.4000,5443.8000,5444.0000,5444.4000,5445.0000,1,1,1,3,1,1,1,1,1,1
SF,IC2006,2020-01-15 09:33:11.100,5443.0000,38027,0,377572960.000,0,-,-,-,-,5441.8000,5440.8000,5440.4000,5439.4000,5438.6000,5443.2000,5443.4000,5444.0000,5444.4000,5445.0000,1,1,3,1,1,1,1,1,1,1
SF,IC2006,2020-01-15 09:33:12.100,5443.0000,38027,0,377572960.000,0,-,-,-,-,5441.8000,5440.8000,5440.4000,5439.4000,5438.6000,5443.2000,5443.4000,5444.0000,5444.4000,5444.6000,1,1,3,1,1,1,1,1,1,1
SF,IC2006,2020-01-15 09:33:12.600,5443.0000,38027,0,377572960.000,0,-,-,-,-,5441.8000,5440.8000,5440.4000,5439.4000,5438.0000,5442.8000,5443.2000,5444.0000,5444.4000,5444.6000,1,1,3,1,3,1,1,1,1,1
SF,IC2006,2020-01-15 09:33:13.100,5443.2000,38027,0,379750200.000,2,1,1,多换,S,5441.8000,5440.8000,5440.4000,5439.4000,5438.0000,5444.0000,5444.4000,5444.6000,5445.0000,5446.0000,1,1,3,1,3,1,1,1,1,3
SF,IC2006,2020-01-15 09:33:13.600,5443.2000,38027,0,379750200.000,0,-,-,-,-,5442.0000,5441.8000,5440.8000,5440.4000,5439.4000,5443.8000,5444.0000,5444.4000,5444.6000,5445.0000,1,1,1,3,1,2,1,1,1,1
SF,IC2006,2020-01-15 09:33:14.100,5443.2000,38027,0,379750200.000,0,-,-,-,-,5443.0000,5441.8000,5440.8000,5440.4000,5439.4000,5443.8000,5444.0000,5444.4000,5444.6000,5445.0000,1,1,1,3,1,2,1,1,1,1
SF,IC2006,2020-01-15 09:33:14.600,5443.0000,38026,-1,380838800.000,1,0,1,双平,S,5441.8000,5440.8000,5440.4000,5439.4000,5438.0000,5442.8000,5443.8000,5444.0000,5444.4000,5444.6000,1,1,3,1,3,2,2,1,1,1
SF,IC2006,2020-01-15 09:33:15.100,5443.0000,38026,0,380838800.000,0,-,-,-,-,5441.8000,5440.8000,5440.4000,5439.4000,5438.0000,5443.8000,5444.0000,5444.4000,5444.6000,5445.0000,1,1,3,1,3,1,1,1,1,1
SF,IC2006,2020-01-15 09:33:15.600,5443.0000,38026,0,380838800.000,0,-,-,-,-,5442.0000,5441.8000,5440.8000,5440.4000,5439.4000,5443.6000,5443.8000,5444.0000,5444.4000,5444.6000,1,1,1,3,1,1,1,1,1,1
SF,IC2006,2020-01-15 09:33:16.100,5443.0000,38026,0,380838800.000,0,-,-,-,-,5442.0000,5441.8000,5440.8000,5440.4000,5439.4000,5443.6000,5444.0000,5444.4000,5445.0000,5446.0000,1,1,1,3,1,1,1,1,1,3
SF,IC2006,2020-01-15 09:33:16.600,5443.0000,38026,0,380838800.000,0,-,-,-,-,5442.0000,5441.8000,5440.8000,5440.4000,5439.4000,5444.0000,5444.4000,5445.0000,5446.0000,5447.0000,1,1,1,3,1,1,1,1,3,2
SF,IC2006,2020-01-15 09:33:17.100,5443.0000,38026,0,380838800.000,0,-,-,-,-,5442.0000,5441.8000,5440.8000,5440.4000,5439.4000,5443.8000,5444.0000,5444.4000,5445.0000,5446.0000,1,1,1,3,1,1,1,1,1,3
SF,IC2006,2020-01-15 09:33:18.100,5443.0000,38026,0,380838800.000,0,-,-,-,-,5443.0000,5442.0000,5441.8000,5440.8000,5440.4000,5443.8000,5444.0000,5444.4000,5445.0000,5446.0000,1,1,1,1,3,1,1,1,1,3
SF,IC2006,2020-01-15 09:33:18.600,5443.0000,38026,0,380838800.000,0,-,-,-,-,5443.0000,5442.0000,5441.8000,5440.8000,5440.4000,5444.0000,5444.4000,5445.0000,5446.0000,5447.0000,1,1,1,1,3,1,1,1,3,2
SF,IC2006,2020-01-15 09:33:19.100,5444.0000,38025,-1,381927600.000,1,0,1,双平,S,5443.0000,5442.0000,5441.8000,5440.8000,5440.4000,5444.4000,5445.0000,5446.0000,5447.0000,5448.2000,1,1,1,1,3,1,1,3,2,1
SF,IC2006,2020-01-15 09:33:21.600,5444.4000,38025,0,383016480.000,1,0,1,多换,S,5443.0000,5442.0000,5441.8000,5440.8000,5440.4000,5445.0000,5446.0000,5447.0000,5448.2000,5448.6000,1,1,1,1,3,1,3,2,1,1
SF,IC2006,2020-01-15 09:33:22.100,5442.0000,38024,-1,385193480.000,2,0,2,多平,S,5441.8000,5440.8000,5440.4000,5439.4000,5438.0000,5444.8000,5445.0000,5446.0000,5447.0000,5448.2000,1,1,3,1,3,1,1,3,2,1
SF,IC2006,2020-01-15 09:33:22.600,5442.0000,38024,0,385193480.000,0,-,-,-,-,5442.0000,5441.8000,5440.8000,5440.4000,5439.4000,5444.8000,5445.0000,5446.0000,5447.0000,5448.2000,1,1,1,3,1,1,1,3,2,1
SF,IC2006,2020-01-15 09:33:23.100,5442.0000,38024,0,385193480.000,0,-,-,-,-,5441.8000,5440.8000,5440.4000,5439.4000,5438.0000,5443.8000,5444.6000,5444.8000,5445.0000,5446.0000,1,1,3,1,3,1,1,1,1,3
SF,IC2006,2020-01-15 09:33:23.600,5442.0000,38024,0,385193480.000,0,-,-,-,-,5441.8000,5440.8000,5440.4000,5439.4000,5438.0000,5443.6000,5443.8000,5444.6000,5445.0000,5446.0000,1,1,3,1,3,1,1,1,1,3
SF,IC2006,2020-01-15 09:33:24.100,5442.0000,38024,0,385193480.000,0,-,-,-,-,5441.8000,5440.8000,5440.4000,5440.0000,5439.4000,5443.6000,5443.8000,5444.6000,5445.0000,5446.0000,1,1,3,1,1,1,1,2,1,3
SF,IC2006,2020-01-15 09:33:24.600,5442.0000,38024,0,385193480.000,0,-,-,-,-,5442.0000,5441.8000,5440.8000,5440.4000,5440.0000,5442.6000,5443.4000,5443.6000,5443.8000,5444.6000,1,1,1,3,1,4,1,1,1,1
SF,IC2006,2020-01-15 09:33:25.100,5442.6000,38020,-4,389547560.000,4,0,4,双平,S,5443.0000,5442.0000,5441.8000,5440.8000,5440.4000,5443.4000,5443.6000,5443.8000,5444.6000,5445.0000,1,1,1,1,3,1,1,1,1,1
SF,IC2006,2020-01-15 09:33:25.600,5443.4000,38019,-1,390636240.000,1,0,1,双平,S,5442.0000,5441.8000,5440.8000,5440.4000,5440.0000,5443.0000,5443.6000,5443.8000,5444.6000,5445.0000,1,1,1,3,1,1,1,1,1,1
SF,IC2006,2020-01-15 09:33:26.100,5443.4000,38019,0,390636240.000,0,-,-,-,-,5442.0000,5441.8000,5441.2000,5440.8000,5440.4000,5443.6000,5443.8000,5444.6000,5445.0000,5446.0000,1,1,1,1,3,1,1,1,1,3
SF,IC2006,2020-01-15 09:33:26.600,5443.4000,38019,0,390636240.000,0,-,-,-,-,5442.2000,5441.8000,5441.2000,5440.8000,5440.4000,5443.6000,5443.8000,5444.6000,5445.0000,5446.0000,1,1,1,1,3,1,1,1,1,3
SF,IC2006,2020-01-15 09:33:27.600,5443.4000,38019,0,390636240.000,0,-,-,-,-,5441.8000,5441.4000,5441.2000,5440.8000,5440.4000,5443.6000,5443.8000,5444.6000,5445.0000,5446.0000,1,1,1,1,3,1,1,1,1,3
SF,IC2006,2020-01-15 09:33:28.100,5443.4000,38019,0,390636240.000,0,-,-,-,-,5441.8000,5441.2000,5440.8000,5440.4000,5440.0000,5443.6000,5443.8000,5444.6000,5445.0000,5446.0000,1,1,1,3,1,1,1,1,1,3
SF,IC2006,2020-01-15 09:33:29.600,5443.6000,38018,-1,391724960.000,1,0,1,双平,S,5441.8000,5441.2000,5440.8000,5440.4000,5440.0000,5443.8000,5444.6000,5445.0000,5446.0000,5447.0000,1,1,1,3,1,1,1,1,3,2
SF,IC2006,2020-01-15 09:33:30.100,5443.6000,38018,0,391724960.000,0,-,-,-,-,5442.0000,5441.8000,5441.2000,5440.8000,5440.4000,5443.6000,5443.8000,5444.6000,5445.0000,5446.0000,1,1,1,1,3,1,1,1,1,3
SF,IC2006,2020-01-15 09:33:30.600,5443.6000,38018,0,391724960.000,0,-,-,-,-,5442.0000,5441.8000,5441.2000,5440.8000,5440.4000,5443.6000,5443.8000,5444.6000,5445.0000,5446.0000,1,1,1,1,3,1,1,1,1,3
SF,IC2006,2020-01-15 09:33:31.600,5443.6000,38018,0,391724960.000,0,-,-,-,-,5442.0000,5441.8000,5441.2000,5440.8000,5440.4000,5443.4000,5443.6000,5443.8000,5444.6000,5445.0000,1,1,1,1,3,1,1,1,1,1
SF,IC2006,2020-01-15 09:33:32.100,5443.6000,38018,0,391724960.000,0,-,-,-,-,5441.8000,5441.2000,5440.8000,5440.4000,5440.0000,5443.2000,5443.4000,5443.8000,5445.0000,5446.0000,1,1,1,3,1,1,2,1,1,3
SF,IC2006,2020-01-15 09:33:32.600,5443.6000,38018,0,391724960.000,0,-,-,-,-,5441.8000,5441.2000,5440.8000,5440.4000,5440.0000,5443.2000,5443.4000,5443.8000,5445.0000,5446.0000,1,1,1,3,1,1,1,1,1,3
SF,IC2006,2020-01-15 09:33:33.100,5443.6000,38018,0,391724960.000,0,-,-,-,-,5441.8000,5441.2000,5440.8000,5440.4000,5440.0000,5442.0000,5443.2000,5443.4000,5443.8000,5445.0000,1,1,1,3,1,1,1,1,1,2
SF,IC2006,2020-01-15 09:33:33.600,5442.0000,38018,0,392813360.000,1,0,1,多换,S,5442.0000,5441.8000,5441.2000,5440.8000,5440.4000,5443.2000,5443.4000,5443.8000,5445.0000,5446.0000,4,1,1,1,3,1,1,1,2,3
SF,IC2006,2020-01-15 09:33:34.100,5442.0000,38018,0,392813360.000,0,-,-,-,-,5442.0000,5441.8000,5441.2000,5440.8000,5440.4000,5443.2000,5443.4000,5443.8000,5445.0000,5446.0000,2,1,1,1,3,1,1,1,2,3
SF,IC2006,2020-01-15 09:33:34.600,5443.2000,38017,-1,393902000.000,1,0,1,双平,S,5442.0000,5441.8000,5441.2000,5440.8000,5440.6000,5443.4000,5443.8000,5445.0000,5446.0000,5447.0000,2,1,1,1,1,1,1,2,3,2
SF,IC2006,2020-01-15 09:33:35.100,5443.2000,38017,0,393902000.000,0,-,-,-,-,5443.2000,5442.2000,5442.0000,5441.8000,5441.2000,5443.4000,5443.8000,5445.0000,5446.0000,5447.0000,1,1,2,1,1,1,1,2,3,2
SF,IC2006,2020-01-15 09:33:35.600,5443.2000,38017,0,394990640.000,1,0,1,多换,S,5442.2000,5442.0000,5441.8000,5441.2000,5440.8000,5443.0000,5443.4000,5443.8000,5445.0000,5446.0000,1,4,1,1,1,1,1,1,2,3
SF,IC2006,2020-01-15 09:33:36.100,5443.2000,38017,0,394990640.000,0,-,-,-,-,5442.2000,5442.0000,5441.8000,5441.2000,5440.8000,5443.4000,5443.8000,5445.0000,5446.0000,5447.0000,1,4,1,1,1,1,1,2,3,2
SF,IC2006,2020-01-15 09:33:39.100,5443.2000,38017,0,394990640.000,0,-,-,-,-,5442.2000,5442.0000,5441.8000,5441.2000,5440.8000,5443.8000,5445.0000,5446.0000,5447.0000,5448.2000,1,4,1,1,1,1,2,3,2,1
SF,IC2006,2020-01-15 09:33:40.100,5443.2000,38017,0,394990640.000,0,-,-,-,-,5443.4000,5442.2000,5442.0000,5441.8000,5441.2000,5443.8000,5445.0000,5446.0000,5447.0000,5448.2000,2,1,4,1,1,1,2,3,2,1
SF,IC2006,2020-01-15 09:33:40.600,5443.4000,38015,-2,397168000.000,2,0,2,双平,S,5442.2000,5442.0000,5441.8000,5441.2000,5440.8000,5443.4000,5443.6000,5443.8000,5445.0000,5446.0000,1,4,1,1,1,1,1,1,2,3
SF,IC2006,2020-01-15 09:33:41.100,5443.4000,38014,-1,398256680.000,1,0,1,双平,S,5442.4000,5442.2000,5442.0000,5441.8000,5441.2000,5443.6000,5443.8000,5445.0000,5446.0000,5447.0000,1,1,4,1,1,1,1,2,3,2
SF,IC2006,2020-01-15 09:33:41.600,5443.4000,38014,0,398256680.000,0,-,-,-,-,5442.6000,5442.4000,5442.0000,5441.8000,5441.2000,5443.6000,5443.8000,5445.0000,5446.0000,5447.0000,1,1,4,1,1,1,1,2,3,2
SF,IC2006,2020-01-15 09:33:42.100,5443.4000,38014,0,398256680.000,0,-,-,-,-,5442.6000,5442.4000,5442.0000,5441.8000,5441.2000,5443.6000,5443.8000,5445.0000,5446.0000,5447.0000,1,1,5,1,1,1,1,2,3,2
SF,IC2006,2020-01-15 09:33:42.600,5443.4000,38014,0,398256680.000,0,-,-,-,-,5442.6000,5442.4000,5442.0000,5441.8000,5441.2000,5443.6000,5443.8000,5445.0000,5446.0000,5447.0000,1,1,3,1,1,1,1,2,3,2
SF,IC2006,2020-01-15 09:33:43.600,5443.4000,38014,0,398256680.000,0,-,-,-,-,5442.6000,5442.4000,5442.0000,5441.8000,5441.2000,5443.6000,5443.8000,5445.0000,5446.0000,5447.0000,1,1,3,1,1,1,1,2,3,2
SF,IC2006,2020-01-15 09:33:44.100,5443.4000,38014,0,398256680.000,0,-,-,-,-,5442.8000,5442.6000,5442.0000,5441.8000,5441.2000,5443.8000,5445.0000,5446.0000,5447.0000,5448.2000,2,1,3,1,1,1,2,3,2,1
SF,IC2006,2020-01-15 09:33:44.600,5443.4000,38014,0,398256680.000,0,-,-,-,-,5443.0000,5442.8000,5442.0000,5441.8000,5441.2000,5443.8000,5445.0000,5446.0000,5447.0000,5448.2000,1,2,3,1,1,1,2,3,2,1
SF,IC2006,2020-01-15 09:33:45.600,5443.0000,38013,-1,399345280.000,1,0,1,双平,S,5442.8000,5442.0000,5441.8000,5441.2000,5440.8000,5443.6000,5443.8000,5445.0000,5446.0000,5447.0000,2,3,1,1,1,1,1,2,3,2
SF,IC2006,2020-01-15 09:33:46.100,5442.8000,38013,0,400433840.000,1,0,1,多换,S,5442.0000,5441.8000,5441.2000,5440.8000,5440.6000,5442.8000,5443.6000,5443.8000,5445.0000,5446.0000,3,1,1,1,1,4,1,1,2,3
SF,IC2006,2020-01-15 09:33:46.600,5442.8000,38013,0,400433840.000,0,-,-,-,-,5442.0000,5441.8000,5441.2000,5440.8000,5440.6000,5442.8000,5443.8000,5445.0000,5446.0000,5447.0000,3,1,1,1,1,4,1,2,3,2
SF,IC2006,2020-01-15 09:33:47.100,5442.8000,38013,0,400433840.000,0,-,-,-,-,5442.0000,5441.8000,5441.2000,5440.8000,5440.6000,5442.8000,5443.8000,5445.0000,5446.0000,5447.0000,3,1,1,1,1,4,1,2,3,2
SF,IC2006,2020-01-15 09:33:47.600,5442.8000,38013,0,400433840.000,0,-,-,-,-,5442.0000,5441.8000,5441.2000,5440.8000,5440.6000,5443.8000,5445.0000,5446.0000,5447.0000,5448.2000,3,1,1,1,1,1,2,3,2,1
SF,IC2006,2020-01-15 09:33:48.100,5442.8000,38013,0,400433840.000,0,-,-,-,-,5442.2000,5442.0000,5441.8000,5441.2000,5440.8000,5443.6000,5443.8000,5445.0000,5446.0000,5447.0000,1,3,1,1,1,1,1,2,3,2
SF,IC2006,2020-01-15 09:33:49.100,5442.8000,38013,0,400433840.000,0,-,-,-,-,5442.2000,5442.0000,5441.8000,5441.2000,5440.8000,5443.6000,5443.8000,5444.8000,5445.0000,5446.0000,1,3,1,1,1,1,1,1,2,3
SF,IC2006,2020-01-15 09:33:50.600,5442.8000,38013,0,400433840.000,0,-,-,-,-,5442.2000,5442.0000,5441.8000,5441.2000,5440.8000,5443.6000,5443.8000,5444.8000,5445.0000,5446.0000,1,3,1,1,1,1,1,1,2,3
SF,IC2006,2020-01-15 09:33:51.100,5442.8000,38013,0,400433840.000,0,-,-,-,-,5442.0000,5441.8000,5441.2000,5440.8000,5440.6000,5443.4000,5443.6000,5443.8000,5444.8000,5445.0000,3,1,1,1,1,3,1,1,1,2
SF,IC2006,2020-01-15 09:33:51.600,5442.0000,38012,-1,403699040.000,3,1,2,多平,S,5441.8000,5441.2000,5440.8000,5440.6000,5440.4000,5443.2000,5443.4000,5443.6000,5443.8000,5444.8000,1,1,1,1,3,1,3,1,1,1
SF,IC2006,2020-01-15 09:33:52.100,5443.2000,38010,-2,405876280.000,2,0,2,双平,S,5441.8000,5441.2000,5440.8000,5440.6000,5440.4000,5443.2000,5443.4000,5443.6000,5443.8000,5444.8000,2,1,1,1,3,3,3,1,1,1
SF,IC2006,2020-01-15 09:33:52.600,5443.2000,38010,0,405876280.000,0,-,-,-,-,5442.0000,5441.8000,5441.2000,5440.8000,5440.6000,5443.2000,5443.4000,5443.6000,5443.8000,5444.8000,1,2,1,1,1,3,3,1,1,1
SF,IC2006,2020-01-15 09:33:53.100,5442.0000,38009,-1,406964680.000,1,0,1,双平,S,5441.8000,5441.2000,5440.8000,5440.6000,5440.4000,5442.0000,5443.2000,5443.4000,5443.6000,5443.8000,2,1,1,1,3,3,3,2,1,1
SF,IC2006,2020-01-15 09:33:53.600,5442.0000,38006,-3,410229880.000,3,0,3,双平,S,5441.8000,5441.2000,5440.8000,5440.6000,5440.4000,5443.4000,5443.6000,5443.8000,5444.8000,5445.0000,2,1,1,1,2,2,1,1,1,2
SF,IC2006,2020-01-15 09:33:54.100,5443.2000,38006,0,412407160.000,2,1,1,多换,S,5441.8000,5441.2000,5440.8000,5440.6000,5440.4000,5443.4000,5443.8000,5444.8000,5445.0000,5446.0000,2,1,1,1,2,2,1,1,2,2
SF,IC2006,2020-01-15 09:33:54.600,5443.2000,38006,0,412407160.000,0,-,-,-,-,5442.0000,5441.8000,5441.2000,5440.8000,5440.6000,5443.4000,5443.8000,5444.8000,5445.0000,5446.0000,1,2,1,1,1,1,1,1,2,2
SF,IC2006,2020-01-15 09:33:55.100,5443.2000,38006,0,412407160.000,0,-,-,-,-,5442.0000,5441.8000,5441.2000,5440.8000,5440.6000,5443.8000,5445.0000,5446.0000,5447.0000,5448.2000,1,2,1,1,1,1,2,2,2,1
SF,IC2006,2020-01-15 09:33:55.600,5443.2000,38006,0,412407160.000,0,-,-,-,-,5442.0000,5441.8000,5441.2000,5440.8000,5440.6000,5443.6000,5443.8000,5445.0000,5446.0000,5447.0000,1,2,1,1,1,3,1,2,2,2
SF,IC2006,2020-01-15 09:33:56.100,5443.2000,38006,0,412407160.000,0,-,-,-,-,5442.0000,5441.8000,5441.2000,5440.8000,5440.6000,5443.6000,5443.8000,5445.0000,5446.0000,5447.0000,1,2,1,1,1,3,1,2,2,2
SF,IC2006,2020-01-15 09:33:56.600,5443.2000,38006,0,412407160.000,0,-,-,-,-,5442.0000,5441.8000,5441.2000,5440.8000,5440.6000,5443.6000,5443.8000,5445.0000,5446.0000,5447.0000,1,2,1,1,1,2,1,2,2,2
SF,IC2006,2020-01-15 09:33:57.100,5443.2000,38006,0,412407160.000,0,-,-,-,-,5442.0000,5441.8000,5441.2000,5440.8000,5440.6000,5443.2000,5443.6000,5443.8000,5445.0000,5446.0000,1,2,1,1,1,1,2,1,2,2
SF,IC2006,2020-01-15 09:33:57.600,5443.2000,38006,0,412407160.000,0,-,-,-,-,5442.0000,5441.8000,5441.2000,5440.8000,5440.6000,5443.2000,5443.6000,5443.8000,5445.0000,5446.0000,11,2,1,1,1,1,2,1,2,2
SF,IC2006,2020-01-15 09:33:58.600,5443.2000,38006,0,412407160.000,0,-,-,-,-,5442.0000,5441.8000,5441.2000,5440.8000,5440.6000,5442.8000,5443.6000,5443.8000,5445.0000,5446.0000,11,2,1,1,1,1,2,1,2,2
SF,IC2006,2020-01-15 09:33:59.100,5443.2000,38006,0,412407160.000,0,-,-,-,-,5442.0000,5441.8000,5441.2000,5440.8000,5440.6000,5442.8000,5443.6000,5443.8000,5445.0000,5446.0000,11,2,1,1,1,1,2,1,2,2
SF,IC2006,2020-01-15 09:34:00.100,5442.6000,38005,-1,417849280.000,5,2,3,多平,S,5442.0000,5441.8000,5441.2000,5440.8000,5440.6000,5442.8000,5443.6000,5443.8000,5445.0000,5446.0000,7,2,1,1,1,1,2,1,2,2
SF,IC2006,2020-01-15 09:34:00.600,5442.6000,38005,0,417849280.000,0,-,-,-,-,5442.2000,5442.0000,5441.8000,5441.2000,5440.8000,5442.6000,5442.8000,5443.6000,5443.8000,5445.0000,1,7,2,1,1,1,1,1,1,2
SF,IC2006,2020-01-15 09:34:01.100,5442.6000,38004,-1,418937800.000,1,0,1,双平,S,5442.2000,5442.0000,5441.8000,5441.2000,5440.8000,5442.8000,5443.6000,5443.8000,5445.0000,5446.0000,1,7,2,1,1,1,1,1,2,2
SF,IC2006,2020-01-15 09:34:01.600,5442.6000,38004,0,418937800.000,0,-,-,-,-,5442.2000,5442.0000,5441.8000,5441.2000,5440.8000,5442.8000,5443.6000,5443.8000,5445.0000,5446.0000,1,7,2,1,1,1,1,1,2,2
SF,IC2006,2020-01-15 09:34:02.100,5442.2000,38003,-1,420026240.000,1,0,1,双平,S,5442.0000,5441.8000,5441.2000,5440.8000,5440.6000,5442.2000,5442.8000,5443.6000,5443.8000,5445.0000,7,2,1,1,1,1,1,1,1,2
SF,IC2006,2020-01-15 09:34:02.600,5442.2000,38001,-2,422203120.000,2,0,2,双平,S,5442.0000,5441.8000,5441.2000,5440.8000,5440.6000,5442.8000,5443.6000,5443.8000,5445.0000,5446.0000,7,2,1,1,1,1,1,1,2,2
SF,IC2006,2020-01-15 09:34:05.100,5442.0000,38001,0,423291520.000,1,0,1,多换,S,5442.0000,5441.8000,5441.2000,5440.8000,5440.6000,5442.8000,5443.6000,5443.8000,5445.0000,5446.0000,6,2,1,1,1,1,1,1,2,2
SF,IC2006,2020-01-15 09:34:05.600,5442.8000,38001,0,424380080.000,1,0,1,多换,S,5442.0000,5441.8000,5441.2000,5440.8000,5440.6000,5443.8000,5445.0000,5446.0000,5447.0000,5448.2000,6,2,1,1,1,1,2,2,2,1
SF,IC2006,2020-01-15 09:34:06.100,5442.8000,38001,0,424380080.000,0,-,-,-,-,5442.8000,5442.0000,5441.8000,5441.2000,5440.8000,5443.6000,5443.8000,5445.0000,5446.0000,5447.0000,1,6,2,1,1,1,1,2,2,2
SF,IC2006,2020-01-15 09:34:06.600,5442.8000,38000,-1,426557200.000,2,0,2,多平,S,5442.0000,5441.8000,5441.2000,5440.8000,5440.6000,5442.8000,5443.4000,5443.6000,5443.8000,5445.0000,6,2,1,1,1,1,1,1,1,2
SF,IC2006,2020-01-15 09:34:07.100,5442.8000,38000,0,426557200.000,0,-,-,-,-,5442.0000,5441.8000,5441.2000,5440.8000,5440.6000,5442.8000,5443.6000,5443.8000,5445.0000,5446.0000,6,2,1,1,1,1,1,1,2,2
SF,IC2006,2020-01-15 09:34:07.600,5442.8000,37999,-1,427645760.000,1,0,1,双平,S,5442.0000,5441.8000,5441.2000,5440.8000,5440.6000,5443.6000,5443.8000,5445.0000,5446.0000,5447.0000,6,2,1,1,1,1,1,2,2,2
SF,IC2006,2020-01-15 09:34:08.100,5442.8000,37999,0,427645760.000,0,-,-,-,-,5442.2000,5442.0000,5441.8000,5441.2000,5440.8000,5443.6000,5443.8000,5445.0000,5446.0000,5447.0000,1,6,2,1,1,1,1,2,2,2
SF,IC2006,2020-01-15 09:34:09.100,5442.8000,37999,0,427645760.000,0,-,-,-,-,5442.2000,5442.0000,5441.8000,5441.2000,5440.8000,5443.6000,5443.8000,5445.0000,5446.0000,5447.0000,1,6,2,1,1,1,1,2,2,2
SF,IC2006,2020-01-15 09:34:09.600,5442.8000,37999,0,427645760.000,0,-,-,-,-,5442.4000,5442.2000,5442.0000,5441.8000,5441.2000,5443.6000,5443.8000,5445.0000,5446.0000,5447.0000,1,1,6,2,1,1,1,2,2,2
SF,IC2006,2020-01-15 09:34:10.100,5442.4000,37999,0,428734240.000,1,0,1,多换,S,5442.2000,5442.0000,5441.8000,5441.2000,5440.8000,5442.4000,5443.6000,5443.8000,5445.0000,5446.0000,1,6,2,1,1,1,1,1,2,2
SF,IC2006,2020-01-15 09:34:10.600,5442.4000,37998,-1,429822720.000,1,0,1,双平,S,5442.4000,5442.2000,5442.0000,5441.8000,5441.2000,5443.6000,5443.8000,5445.0000,5446.0000,5447.0000,3,1,6,2,1,1,1,2,2,2
SF,IC2006,2020-01-15 09:34:11.100,5442.4000,37995,-3,433088160.000,3,0,3,双平,S,5442.0000,5441.8000,5441.2000,5440.8000,5440.6000,5442.4000,5443.6000,5443.8000,5445.0000,5446.0000,6,2,1,1,1,2,1,1,2,2
SF,IC2006,2020-01-15 09:34:11.600,5442.4000,37995,0,433088160.000,0,-,-,-,-,5442.0000,5441.8000,5441.2000,5440.8000,5440.6000,5443.6000,5443.8000,5445.0000,5446.0000,5447.0000,6,2,1,1,1,1,1,2,2,2
SF,IC2006,2020-01-15 09:34:13.600,5442.4000,37995,0,433088160.000,0,-,-,-,-,5442.2000,5442.0000,5441.8000,5441.2000,5440.8000,5443.4000,5443.6000,5443.8000,5445.0000,5446.0000,1,6,2,1,1,1,1,1,2,2
SF,IC2006,2020-01-15 09:34:15.100,5442.4000,37995,0,433088160.000,0,-,-,-,-,5442.2000,5442.0000,5441.8000,5441.2000,5440.8000,5443.4000,5443.6000,5443.8000,5445.0000,5446.0000,1,6,2,1,1,1,1,1,2,2
SF,IC2006,2020-01-15 09:34:15.600,5442.4000,37995,0,433088160.000,0,-,-,-,-,5442.2000,5442.0000,5441.8000,5441.2000,5440.8000,5443.4000,5443.6000,5443.8000,5445.0000,5446.0000,2,6,2,1,1,1,1,1,2,2
SF,IC2006,2020-01-15 09:34:16.600,5442.2000,37994,-1,435265040.000,2,0,2,多平,S,5442.0000,5441.8000,5441.2000,5440.8000,5440.6000,5442.2000,5443.0000,5443.2000,5443.4000,5443.6000,6,2,1,1,1,1,1,4,1,1
SF,IC2006,2020-01-15 09:34:17.100,5442.2000,37994,0,436353480.000,1,0,1,多换,S,5442.2000,5442.0000,5441.8000,5441.2000,5440.8000,5443.6000,5443.8000,5445.0000,5446.0000,5447.0000,1,6,2,1,1,1,1,2,2,2
SF,IC2006,2020-01-15 09:34:17.600,5442.2000,37994,0,436353480.000,0,-,-,-,-,5442.2000,5442.0000,5441.8000,5441.2000,5440.8000,5443.2000,5443.6000,5443.8000,5445.0000,5446.0000,1,6,2,1,1,2,1,1,2,2
SF,IC2006,2020-01-15 09:34:18.100,5442.2000,37994,0,436353480.000,0,-,-,-,-,5442.4000,5442.2000,5442.0000,5441.8000,5441.2000,5443.6000,5443.8000,5445.0000,5446.0000,5447.0000,1,2,6,2,1,1,1,2,2,2
SF,IC2006,2020-01-15 09:34:18.600,5443.6000,37994,0,437442200.000,1,0,1,多换,S,5442.4000,5442.2000,5442.0000,5441.8000,5441.2000,5443.8000,5445.0000,5446.0000,5447.0000,5448.2000,2,2,6,2,1,1,2,2,2,1
SF,IC2006,2020-01-15 09:34:19.100,5443.8000,37994,0,438530960.000,1,0,1,多换,S,5443.8000,5442.4000,5442.2000,5442.0000,5441.8000,5445.0000,5446.0000,5447.0000,5448.2000,5448.6000,1,1,2,6,2,2,2,2,1,1
SF,IC2006,2020-01-15 09:34:19.600,5445.0000,37992,-2,441797960.000,3,0,3,多平,S,5444.0000,5443.8000,5442.6000,5442.4000,5442.2000,5445.0000,5446.0000,5447.0000,5448.2000,5448.6000,1,1,1,1,2,1,2,2,1,1
SF,IC2006,2020-01-15 09:34:20.100,5444.2000,37990,-2,443975640.000,2,0,2,双平,S,5444.0000,5443.8000,5442.6000,5442.4000,5442.2000,5445.0000,5446.0000,5447.0000,5448.2000,5448.6000,1,1,1,1,5,3,2,2,1,1
SF,IC2006,2020-01-15 09:34:20.600,5444.6000,37987,-3,447242160.000,3,0,3,双平,S,5443.8000,5442.6000,5442.4000,5442.2000,5442.0000,5444.8000,5445.0000,5446.0000,5447.0000,5448.2000,1,1,1,5,6,1,3,2,2,1
SF,IC2006,2020-01-15 09:34:21.100,5444.6000,37987,0,447242160.000,0,-,-,-,-,5443.8000,5442.4000,5442.2000,5442.0000,5441.8000,5446.0000,5447.0000,5448.2000,5448.6000,5449.0000,1,1,5,6,2,2,2,1,1,1
SF,IC2006,2020-01-15 09:34:21.600,5444.6000,37987,0,447242160.000,0,-,-,-,-,5444.0000,5443.8000,5442.2000,5442.0000,5441.8000,5445.8000,5446.0000,5447.0000,5448.2000,5448.6000,1,1,5,6,2,2,4,2,1,1
SF,IC2006,2020-01-15 09:34:22.100,5444.6000,37987,0,447242160.000,0,-,-,-,-,5443.8000,5442.2000,5442.0000,5441.8000,5441.2000,5445.8000,5446.0000,5447.0000,5448.2000,5448.6000,2,5,6,2,1,2,4,2,1,1
SF,IC2006,2020-01-15 09:34:22.600,5444.6000,37987,0,447242160.000,0,-,-,-,-,5444.0000,5443.8000,5442.2000,5442.0000,5441.8000,5445.4000,5445.8000,5446.0000,5447.0000,5448.2000,1,2,5,6,2,1,2,4,2,1
SF,IC2006,2020-01-15 09:34:23.100,5444.6000,37987,0,447242160.000,0,-,-,-,-,5444.0000,5443.8000,5442.2000,5442.0000,5441.8000,5445.4000,5445.6000,5446.0000,5447.0000,5448.2000,1,2,5,6,2,1,1,4,2,1
SF,IC2006,2020-01-15 09:34:23.600,5444.6000,37987,0,447242160.000,0,-,-,-,-,5444.0000,5443.8000,5442.2000,5442.0000,5441.8000,5445.6000,5446.0000,5447.0000,5448.2000,5448.6000,1,2,5,6,2,1,4,2,1,1
SF,IC2006,2020-01-15 09:34:24.100,5444.6000,37987,0,447242160.000,0,-,-,-,-,5444.2000,5444.0000,5443.8000,5442.2000,5442.0000,5445.6000,5446.0000,5447.0000,5448.2000,5448.6000,1,1,2,5,6,2,4,3,1,1
SF,IC2006,2020-01-15 09:34:24.600,5444.4000,37986,-1,449419960.000,2,0,2,多平,S,5443.8000,5442.2000,5442.0000,5441.8000,5441.2000,5446.0000,5447.0000,5448.2000,5448.6000,5449.0000,2,5,6,2,1,4,3,1,1,1
SF,IC2006,2020-01-15 09:34:25.100,5444.4000,37986,0,449419960.000,0,-,-,-,-,5443.8000,5442.2000,5442.0000,5441.8000,5441.2000,5445.8000,5446.0000,5447.0000,5448.2000,5448.6000,2,5,6,2,1,1,4,3,1,1
SF,IC2006,2020-01-15 09:34:25.600,5444.0000,37985,-1,450508760.000,1,0,1,双平,S,5443.8000,5442.2000,5442.0000,5441.8000,5441.2000,5445.8000,5446.0000,5447.0000,5448.2000,5448.6000,2,5,6,2,1,1,4,3,1,1
SF,IC2006,2020-01-15 09:34:26.100,5444.0000,37985,0,450508760.000,0,-,-,-,-,5443.8000,5442.2000,5442.0000,5441.8000,5441.2000,5445.6000,5445.8000,5446.0000,5447.0000,5448.2000,2,5,6,2,1,1,1,3,3,1
SF,IC2006,2020-01-15 09:34:26.600,5444.0000,37985,0,450508760.000,0,-,-,-,-,5443.8000,5442.2000,5442.0000,5441.8000,5441.2000,5445.4000,5445.6000,5446.0000,5447.0000,5448.2000,2,5,6,2,1,1,3,3,3,1
SF,IC2006,2020-01-15 09:34:27.100,5443.8000,37985,0,451597520.000,1,0,1,多换,S,5443.8000,5442.2000,5442.0000,5441.8000,5441.2000,5445.6000,5446.0000,5447.0000,5448.2000,5448.6000,1,5,6,2,1,1,3,3,1,1
SF,IC2006,2020-01-15 09:34:27.600,5443.8000,37985,0,452686280.000,1,0,1,多换,S,5442.2000,5442.0000,5441.8000,5441.2000,5440.6000,5443.6000,5445.0000,5445.4000,5445.6000,5446.0000,4,6,2,1,1,2,1,1,1,3
SF,IC2006,2020-01-15 09:34:28.100,5443.6000,37983,-2,454863720.000,2,0,2,双平,S,5442.4000,5442.2000,5442.0000,5441.8000,5441.2000,5445.0000,5445.2000,5445.4000,5445.6000,5446.0000,2,4,6,2,1,1,1,1,1,3
SF,IC2006,2020-01-15 09:34:28.600,5443.6000,37983,0,454863720.000,0,-,-,-,-,5442.4000,5442.2000,5442.0000,5441.8000,5440.6000,5444.8000,5445.2000,5445.6000,5446.0000,5447.0000,2,4,6,2,1,2,1,1,3,3
SF,IC2006,2020-01-15 09:34:29.600,5442.4000,37982,-1,455952200.000,1,0,1,双平,S,5442.4000,5442.2000,5442.0000,5441.8000,5440.6000,5444.8000,5445.2000,5445.6000,5446.0000,5447.0000,1,4,6,2,1,2,2,1,3,3
SF,IC2006,2020-01-15 09:34:30.100,5442.4000,37982,0,455952200.000,0,-,-,-,-,5442.2000,5442.0000,5441.8000,5440.6000,5440.4000,5444.8000,5445.2000,5445.6000,5446.0000,5447.0000,4,6,2,1,2,2,2,1,3,3
SF,IC2006,2020-01-15 09:34:30.600,5442.4000,37982,0,455952200.000,0,-,-,-,-,5442.2000,5442.0000,5441.8000,5440.6000,5440.4000,5444.4000,5444.8000,5445.2000,5445.6000,5446.0000,4,6,2,1,2,1,2,2,1,3
SF,IC2006,2020-01-15 09:34:31.100,5442.4000,37982,0,455952200.000,0,-,-,-,-,5442.2000,5442.0000,5441.8000,5440.6000,5440.4000,5444.2000,5444.4000,5444.6000,5444.8000,5445.2000,4,6,2,1,2,2,1,1,1,2
SF,IC2006,2020-01-15 09:34:31.600,5442.4000,37982,0,455952200.000,0,-,-,-,-,5442.2000,5442.0000,5441.8000,5440.6000,5440.4000,5444.2000,5444.4000,5444.6000,5444.8000,5445.2000,4,6,2,1,2,2,1,1,1,2
SF,IC2006,2020-01-15 09:34:32.100,5442.4000,37982,0,455952200.000,0,-,-,-,-,5442.2000,5442.0000,5441.8000,5440.6000,5440.4000,5444.2000,5444.6000,5444.8000,5445.2000,5446.0000,4,6,2,1,2,2,1,1,2,3
SF,IC2006,2020-01-15 09:34:32.600,5442.4000,37982,0,455952200.000,0,-,-,-,-,5442.4000,5442.2000,5442.0000,5441.8000,5440.6000,5444.2000,5444.6000,5445.2000,5446.0000,5447.0000,1,4,6,2,1,2,1,2,3,3
SF,IC2006,2020-01-15 09:34:33.100,5442.4000,37982,0,455952200.000,0,-,-,-,-,5443.6000,5442.4000,5442.2000,5442.0000,5441.8000,5444.2000,5444.6000,5445.2000,5446.0000,5447.0000,1,2,4,6,2,1,1,2,3,3
SF,IC2006,2020-01-15 09:34:33.600,5443.6000,37982,0,457040920.000,1,0,1,多换,S,5442.4000,5442.2000,5442.0000,5441.8000,5440.6000,5444.6000,5445.2000,5446.0000,5447.0000,5448.2000,2,4,6,2,1,1,2,3,3,1
SF,IC2006,2020-01-15 09:34:34.100,5443.6000,37982,0,457040920.000,0,-,-,-,-,5442.4000,5442.2000,5442.0000,5441.8000,5440.6000,5444.4000,5444.6000,5445.2000,5446.0000,5447.0000,1,4,6,2,1,1,1,2,3,3
SF,IC2006,2020-01-15 09:34:34.600,5443.6000,37982,0,457040920.000,0,-,-,-,-,5442.4000,5442.2000,5442.0000,5441.8000,5440.6000,5444.0000,5444.2000,5444.4000,5444.6000,5445.2000,1,4,6,2,1,1,1,1,1,2
SF,IC2006,2020-01-15 09:34:35.100,5443.6000,37982,0,457040920.000,0,-,-,-,-,5442.2000,5442.0000,5441.8000,5440.6000,5440.4000,5443.8000,5444.0000,5444.2000,5444.6000,5445.2000,5,6,2,1,2,1,1,1,1,2
SF,IC2006,2020-01-15 09:34:35.600,5443.6000,37982,0,457040920.000,0,-,-,-,-,5442.2000,5442.0000,5441.8000,5440.6000,5440.4000,5443.8000,5444.0000,5444.2000,5444.6000,5445.2000,5,6,2,1,2,2,1,1,1,2
SF,IC2006,2020-01-15 09:34:36.600,5443.6000,37982,0,457040920.000,0,-,-,-,-,5442.2000,5442.0000,5441.8000,5440.6000,5440.4000,5443.8000,5444.2000,5445.2000,5446.0000,5447.0000,6,6,2,1,2,2,1,2,3,3
SF,IC2006,2020-01-15 09:34:37.100,5443.6000,37982,0,457040920.000,0,-,-,-,-,5442.2000,5442.0000,5441.8000,5440.6000,5440.4000,5443.4000,5443.8000,5444.2000,5445.2000,5446.0000,6,6,2,1,2,1,2,1,2,3
SF,IC2006,2020-01-15 09:34:37.600,5443.6000,37982,0,457040920.000,0,-,-,-,-,5442.4000,5442.2000,5442.0000,5441.8000,5440.6000,5443.4000,5443.8000,5444.2000,5445.2000,5446.0000,1,6,6,2,1,1,2,1,2,3
SF,IC2006,2020-01-15 09:34:38.100,5443.6000,37982,0,457040920.000,0,-,-,-,-,5442.4000,5442.2000,5442.0000,5441.8000,5440.6000,5443.2000,5443.6000,5443.8000,5445.2000,5446.0000,1,6,6,2,1,1,1,1,2,3
SF,IC2006,2020-01-15 09:34:38.600,5443.6000,37982,0,457040920.000,0,-,-,-,-,5442.4000,5442.2000,5442.0000,5441.8000,5440.6000,5443.2000,5443.6000,5443.8000,5445.2000,5446.0000,3,6,6,2,1,1,1,1,2,3
SF,IC2006,2020-01-15 09:34:39.100,5443.4000,37981,-1,458129600.000,1,0,1,双平,S,5442.4000,5442.2000,5442.0000,5441.8000,5440.6000,5443.6000,5443.8000,5445.2000,5446.0000,5447.0000,3,6,6,2,1,1,1,2,3,3
SF,IC2006,2020-01-15 09:34:39.600,5443.4000,37981,0,458129600.000,0,-,-,-,-,5442.4000,5442.2000,5442.0000,5441.8000,5440.6000,5443.0000,5443.6000,5443.8000,5445.2000,5446.0000,3,6,6,2,1,1,1,1,2,3
