市场代码,合约代码,时间,最新,持仓,增仓,成交额,成交量,开仓,平仓,成交类型,方向,买一价,买二价,买三价,买四价,买五价,卖一价,卖二价,卖三价,卖四价,卖五价,买一量,买二量,买三量,买四量,买五量,卖一量,卖二量,卖三量,卖四量,卖五量
SF,IC2007,2020-06-10 09:29:00.200,5470.0000,14014,0,10940000.000,10.000,-,-,-,-,5470.0000,5469.4000,5467.6000,5465.8000,5463.8000,5474.0000,5478.6000,5478.8000,5479.6000,5484.2000,4,1,1,2,1,1,5,1,1,1
SF,IC2007,2020-06-10 09:30:00.200,5474.0000,14014,0,12034800.000,1,0,1,多换,S,5475.2000,5475.0000,5474.8000,5474.6000,5474.4000,5478.6000,5478.8000,5479.6000,5484.2000,5487.2000,3,3,1,1,20,5,1,1,1,1
SF,IC2007,2020-06-10 09:30:00.700,5474.0000,14015,1,15319200.000,3,2,1,空开,S,5475.8000,5475.6000,5475.4000,5475.2000,5475.0000,5478.4000,5478.6000,5478.8000,5479.6000,5484.2000,1,2,2,3,3,1,5,1,1,1
SF,IC2007,2020-06-10 09:30:01.200,5478.2000,14013,-2,17510480.000,2,0,2,双平,S,5477.8000,5477.4000,5476.8000,5476.2000,5476.0000,5478.6000,5478.8000,5479.6000,5484.2000,5488.6000,2,2,2,1,2,5,1,1,1,1
SF,IC2007,2020-06-10 09:30:01.700,5475.6000,14012,-1,21892160.000,4,1,3,多平,S,5475.0000,5474.6000,5474.4000,5474.0000,5471.6000,5478.4000,5478.6000,5478.8000,5479.6000,5484.2000,3,1,20,2,1,1,5,1,1,1
SF,IC2007,2020-06-10 09:30:02.200,5475.6000,14012,0,21892160.000,0,-,-,-,-,5475.4000,5475.2000,5475.0000,5474.6000,5474.4000,5478.4000,5478.6000,5478.8000,5479.6000,5484.2000,1,1,3,1,20,1,5,1,1,1
SF,IC2007,2020-06-10 09:30:02.700,5478.4000,14011,-1,22987840.000,1,0,1,双平,S,5478.4000,5478.0000,5477.6000,5477.4000,5477.2000,5478.6000,5478.8000,5479.6000,5484.2000,5488.8000,1,2,2,2,2,5,1,1,1,3
SF,IC2007,2020-06-10 09:30:03.200,5478.4000,14010,-1,24083520.000,1,0,1,双平,S,5478.4000,5475.6000,5474.6000,5474.4000,5472.8000,5478.6000,5478.8000,5479.6000,5484.2000,5488.8000,1,1,1,18,1,5,1,1,1,3
SF,IC2007,2020-06-10 09:30:03.700,5478.4000,14009,-1,26274880.000,2,0,2,多平,S,5474.6000,5474.4000,5472.8000,5471.6000,5471.0000,5477.8000,5478.2000,5478.4000,5478.6000,5478.8000,1,18,1,1,1,1,1,2,5,1
SF,IC2007,2020-06-10 09:30:04.200,5478.6000,14003,-6,33944840.000,7,0,7,多平,S,5478.6000,5476.4000,5475.6000,5475.4000,5474.8000,5478.8000,5479.6000,5484.2000,5488.8000,5489.6000,12,2,2,3,4,1,1,1,3,1
SF,IC2007,2020-06-10 09:30:04.700,5478.6000,13995,-8,43806320.000,9,0,9,多平,S,5478.6000,5477.8000,5475.4000,5474.8000,5474.6000,5478.8000,5479.6000,5484.2000,5488.8000,5489.6000,3,1,1,2,1,1,1,1,3,1
SF,IC2007,2020-06-10 09:30:05.200,5478.6000,13994,-1,44902040.000,1,0,1,双平,S,5478.6000,5477.8000,5475.4000,5474.8000,5474.6000,5478.8000,5479.6000,5484.2000,5488.8000,5489.6000,2,1,1,2,1,2,1,1,3,1
SF,IC2007,2020-06-10 09:30:05.700,5478.6000,13992,-2,47093480.000,2,0,2,双平,S,5477.8000,5475.4000,5474.8000,5474.6000,5474.4000,5478.6000,5478.8000,5479.6000,5484.2000,5488.8000,1,1,2,1,18,4,1,1,1,3
SF,IC2007,2020-06-10 09:30:06.200,5478.6000,13992,0,47093480.000,0,-,-,-,-,5478.0000,5477.8000,5475.4000,5474.8000,5474.6000,5478.6000,5478.8000,5479.6000,5484.2000,5488.8000,1,1,1,1,1,4,1,1,1,3
SF,IC2007,2020-06-10 09:30:06.700,5477.8000,13990,-2,49284640.000,2,0,2,双平,S,5475.4000,5474.8000,5474.6000,5474.4000,5472.8000,5478.0000,5478.6000,5478.8000,5479.6000,5482.8000,1,1,1,18,1,1,2,1,1,2
SF,IC2007,2020-06-10 09:30:07.200,5478.0000,13989,-1,50380240.000,1,0,1,双平,S,5475.6000,5475.4000,5474.6000,5474.4000,5472.8000,5478.8000,5479.6000,5482.8000,5484.2000,5488.8000,2,1,1,18,1,1,1,2,1,3
SF,IC2007,2020-06-10 09:30:07.700,5478.0000,13989,0,50380240.000,0,-,-,-,-,5475.6000,5475.4000,5474.6000,5474.4000,5472.8000,5478.6000,5478.8000,5479.6000,5482.8000,5484.2000,2,1,1,18,1,1,1,1,2,1
SF,IC2007,2020-06-10 09:30:08.200,5478.0000,13989,0,50380240.000,0,-,-,-,-,5475.6000,5474.6000,5474.4000,5472.8000,5471.0000,5477.8000,5478.4000,5478.6000,5478.8000,5479.6000,2,1,18,1,1,1,1,1,1,1
SF,IC2007,2020-06-10 09:30:08.700,5478.0000,13989,0,50380240.000,0,-,-,-,-,5475.6000,5474.4000,5472.8000,5471.0000,5470.4000,5477.6000,5477.8000,5478.2000,5478.8000,5479.6000,1,18,1,1,2,1,1,1,1,1
SF,IC2007,2020-06-10 09:30:09.200,5477.8000,13988,-1,51475800.000,1,0,1,双平,S,5475.8000,5474.4000,5472.8000,5471.0000,5470.4000,5477.8000,5478.2000,5478.8000,5479.6000,5482.8000,1,18,1,1,2,1,1,1,1,2
SF,IC2007,2020-06-10 09:30:09.700,5475.8000,13987,-1,52570960.000,1,0,1,双平,S,5474.4000,5472.8000,5471.0000,5470.4000,5470.2000,5477.6000,5477.8000,5478.2000,5478.8000,5479.6000,18,1,1,2,4,2,1,1,1,1
SF,IC2007,2020-06-10 09:30:10.200,5475.8000,13987,0,52570960.000,0,-,-,-,-,5474.6000,5474.4000,5472.8000,5471.0000,5470.4000,5477.4000,5477.6000,5477.8000,5478.8000,5479.6000,2,18,1,1,2,1,2,1,1,1
SF,IC2007,2020-06-10 09:30:10.700,5477.6000,13988,1,53666480.000,1,1,0,双开,S,5474.8000,5474.6000,5474.4000,5472.8000,5471.0000,5477.8000,5478.8000,5479.6000,5482.8000,5488.8000,1,3,18,1,1,1,1,1,2,3
SF,IC2007,2020-06-10 09:30:11.200,5477.6000,13988,0,53666480.000,0,-,-,-,-,5475.0000,5474.4000,5472.8000,5471.0000,5470.4000,5477.0000,5477.6000,5478.8000,5479.6000,5482.8000,2,18,1,1,2,1,2,1,1,2
SF,IC2007,2020-06-10 09:30:11.700,5477.6000,13988,0,53666480.000,0,-,-,-,-,5475.0000,5474.4000,5472.8000,5471.0000,5470.4000,5476.8000,5477.0000,5477.4000,5477.6000,5478.8000,1,18,1,1,2,1,1,3,3,1
SF,IC2007,2020-06-10 09:30:12.200,5477.6000,13988,0,53666480.000,0,-,-,-,-,5475.0000,5474.4000,5472.8000,5471.0000,5470.4000,5477.0000,5477.6000,5478.8000,5479.6000,5482.8000,2,18,1,1,2,1,3,1,1,2
SF,IC2007,2020-06-10 09:30:12.700,5477.6000,13987,-1,54762000.000,1,0,1,双平,S,5477.0000,5475.4000,5475.0000,5474.4000,5472.8000,5477.6000,5478.8000,5479.6000,5482.8000,5488.8000,2,1,1,18,1,2,1,1,2,3
SF,IC2007,2020-06-10 09:30:13.200,5477.6000,13986,-1,56953040.000,2,0,2,多平,S,5475.4000,5475.0000,5474.4000,5472.8000,5471.0000,5478.8000,5479.6000,5482.8000,5488.8000,5489.6000,1,1,18,1,1,1,1,2,3,1
SF,IC2007,2020-06-10 09:30:13.700,5477.6000,13986,0,56953040.000,0,-,-,-,-,5477.8000,5475.6000,5475.4000,5475.0000,5474.4000,5478.6000,5478.8000,5479.6000,5482.8000,5488.8000,1,4,3,1,18,1,1,1,2,3
SF,IC2007,2020-06-10 09:30:14.200,5477.6000,13986,0,56953040.000,0,-,-,-,-,5477.8000,5475.6000,5475.4000,5475.0000,5474.4000,5478.8000,5479.6000,5482.8000,5488.8000,5489.6000,1,4,3,1,18,1,1,2,3,1
SF,IC2007,2020-06-10 09:30:14.700,5478.8000,13985,-1,58048800.000,1,0,1,双平,S,5478.0000,5477.8000,5475.6000,5475.4000,5475.0000,5479.6000,5482.8000,5488.8000,5489.6000,5490.0000,1,1,3,2,1,1,2,3,1,2
SF,IC2007,2020-06-10 09:30:15.200,5478.8000,13985,0,58048800.000,0,-,-,-,-,5478.0000,5475.6000,5475.4000,5475.0000,5474.4000,5479.4000,5479.6000,5482.8000,5488.8000,5489.6000,1,3,2,1,18,1,1,2,3,1
SF,IC2007,2020-06-10 09:30:15.700,5478.0000,13984,-1,59144400.000,1,0,1,双平,S,5475.6000,5475.4000,5475.0000,5474.4000,5472.8000,5479.0000,5479.2000,5479.4000,5479.6000,5482.8000,2,2,1,18,1,1,6,2,1,2
SF,IC2007,2020-06-10 09:30:16.200,5478.0000,13984,0,59144400.000,0,-,-,-,-,5475.8000,5475.6000,5475.4000,5475.0000,5474.4000,5478.6000,5478.8000,5479.0000,5479.2000,5479.4000,1,2,2,1,18,1,1,1,4,1
SF,IC2007,2020-06-10 09:30:16.700,5478.4000,13983,-1,60240080.000,1,0,1,双平,S,5476.0000,5475.0000,5474.4000,5472.8000,5471.0000,5478.4000,5478.6000,5479.0000,5479.2000,5479.4000,1,1,18,1,1,1,2,1,2,1
SF,IC2007,2020-06-10 09:30:17.200,5478.4000,13983,0,60240080.000,0,-,-,-,-,5476.2000,5476.0000,5475.0000,5474.4000,5472.8000,5478.4000,5478.6000,5479.0000,5479.2000,5479.4000,1,1,1,18,1,1,2,2,2,1
SF,IC2007,2020-06-10 09:30:17.700,5478.4000,13983,0,60240080.000,0,-,-,-,-,5476.2000,5476.0000,5475.0000,5474.4000,5472.8000,5478.2000,5478.4000,5478.6000,5479.0000,5479.2000,1,1,1,18,1,1,1,2,2,2
SF,IC2007,2020-06-10 09:30:18.200,5478.4000,13983,0,60240080.000,0,-,-,-,-,5476.2000,5476.0000,5475.0000,5474.4000,5472.8000,5478.4000,5478.6000,5479.0000,5479.2000,5479.4000,1,1,1,18,1,1,2,2,2,1
SF,IC2007,2020-06-10 09:30:18.700,5478.4000,13983,0,60240080.000,0,-,-,-,-,5476.2000,5476.0000,5475.0000,5474.4000,5472.8000,5478.2000,5478.6000,5479.0000,5479.4000,5479.6000,1,1,1,18,1,1,1,1,1,1
SF,IC2007,2020-06-10 09:30:19.200,5478.4000,13983,0,60240080.000,0,-,-,-,-,5476.2000,5476.0000,5475.0000,5474.4000,5472.8000,5477.8000,5478.2000,5479.0000,5479.4000,5479.6000,1,1,1,18,1,1,1,1,1,1
SF,IC2007,2020-06-10 09:30:19.700,5476.2000,13982,-1,61335320.000,1,0,1,双平,S,5475.0000,5474.4000,5472.8000,5471.0000,5470.4000,5477.8000,5478.2000,5479.0000,5479.4000,5479.6000,1,18,1,1,2,1,1,1,1,1
SF,IC2007,2020-06-10 09:30:20.200,5476.2000,13982,0,61335320.000,0,-,-,-,-,5475.2000,5475.0000,5474.4000,5472.8000,5471.0000,5477.6000,5478.2000,5479.0000,5479.4000,5479.6000,2,1,18,1,1,1,1,1,1,1
SF,IC2007,2020-06-10 09:30:20.700,5476.2000,13982,0,61335320.000,0,-,-,-,-,5475.2000,5475.0000,5474.4000,5472.8000,5471.0000,5478.2000,5479.0000,5479.4000,5479.6000,5488.8000,2,1,18,1,1,1,1,1,1,3
SF,IC2007,2020-06-10 09:30:21.200,5476.2000,13982,0,61335320.000,0,-,-,-,-,5475.2000,5475.0000,5474.4000,5472.8000,5471.0000,5478.0000,5478.2000,5479.0000,5479.4000,5479.6000,2,1,18,1,1,1,1,1,1,1
SF,IC2007,2020-06-10 09:30:21.700,5476.2000,13982,0,61335320.000,0,-,-,-,-,5475.4000,5475.2000,5475.0000,5474.4000,5472.8000,5478.0000,5478.2000,5479.0000,5479.4000,5479.6000,2,2,1,18,1,1,1,1,1,1
SF,IC2007,2020-06-10 09:30:22.200,5476.2000,13982,0,61335320.000,0,-,-,-,-,5475.6000,5475.4000,5475.0000,5474.4000,5472.8000,5478.0000,5478.2000,5479.0000,5479.4000,5479.6000,2,1,1,18,1,1,1,1,1,1
SF,IC2007,2020-06-10 09:30:22.700,5476.2000,13982,0,61335320.000,0,-,-,-,-,5475.6000,5475.4000,5475.0000,5474.4000,5472.8000,5477.8000,5478.0000,5478.2000,5479.0000,5479.4000,2,1,1,18,1,1,1,1,1,1
SF,IC2007,2020-06-10 09:30:23.200,5476.2000,13982,0,61335320.000,0,-,-,-,-,5475.6000,5475.4000,5475.0000,5474.4000,5472.8000,5477.6000,5477.8000,5478.2000,5479.0000,5479.4000,2,1,2,18,1,1,1,1,1,1
SF,IC2007,2020-06-10 09:30:23.700,5476.2000,13982,0,61335320.000,0,-,-,-,-,5475.4000,5475.0000,5474.4000,5472.8000,5472.0000,5477.4000,5477.6000,5477.8000,5478.2000,5479.0000,1,2,18,1,4,1,1,1,1,1
SF,IC2007,2020-06-10 09:30:24.200,5476.2000,13982,0,61335320.000,0,-,-,-,-,5475.4000,5475.0000,5474.4000,5472.8000,5472.0000,5475.6000,5477.2000,5477.8000,5478.2000,5479.0000,1,2,18,1,4,1,2,1,1,1
SF,IC2007,2020-06-10 09:30:24.700,5475.4000,13982,0,62430400.000,1,0,1,多换,S,5475.0000,5474.4000,5472.8000,5472.0000,5471.0000,5475.6000,5477.0000,5477.2000,5478.2000,5479.0000,2,17,1,4,1,1,2,2,1,1
SF,IC2007,2020-06-10 09:30:25.200,5475.0000,13984,2,64620400.000,2,2,0,双开,S,5474.4000,5472.8000,5472.0000,5471.0000,5470.4000,5475.6000,5477.0000,5478.2000,5479.0000,5479.4000,17,1,4,1,2,1,2,1,1,1
SF,IC2007,2020-06-10 09:30:25.700,5475.6000,13983,-1,65715520.000,1,0,1,双平,S,5474.4000,5472.8000,5472.0000,5471.0000,5470.4000,5477.0000,5478.2000,5479.0000,5479.4000,5479.6000,17,1,4,1,2,2,1,1,1,1
SF,IC2007,2020-06-10 09:30:26.200,5475.6000,13983,0,65715520.000,0,-,-,-,-,5474.6000,5474.4000,5472.8000,5472.0000,5471.0000,5475.2000,5475.6000,5475.8000,5476.0000,5476.2000,2,17,1,4,1,1,1,1,1,2
SF,IC2007,2020-06-10 09:30:26.700,5475.6000,13982,-1,66810640.000,1,0,1,双平,S,5475.6000,5475.2000,5474.4000,5472.8000,5472.0000,5475.8000,5476.0000,5476.2000,5476.6000,5476.8000,1,1,17,1,4,2,1,2,2,3
SF,IC2007,2020-06-10 09:30:27.200,5475.2000,13980,-2,69000800.000,2,0,2,双平,S,5474.4000,5472.8000,5471.0000,5470.4000,5470.2000,5475.6000,5476.2000,5476.6000,5476.8000,5477.0000,17,1,1,2,4,1,2,2,1,3
SF,IC2007,2020-06-10 09:30:27.700,5475.2000,13980,0,69000800.000,0,-,-,-,-,5474.4000,5472.8000,5471.0000,5470.4000,5470.2000,5475.4000,5475.6000,5476.2000,5476.6000,5476.8000,17,1,1,2,4,3,1,2,2,1
SF,IC2007,2020-06-10 09:30:28.200,5475.2000,13979,-1,70095840.000,1,0,1,双平,S,5474.4000,5472.8000,5471.0000,5470.4000,5470.2000,5475.2000,5475.4000,5476.2000,5476.6000,5476.8000,17,1,1,2,4,1,3,2,2,1
SF,IC2007,2020-06-10 09:30:28.700,5475.4000,13976,-3,73381040.000,3,0,3,双平,S,5474.4000,5472.8000,5471.0000,5470.4000,5470.2000,5476.2000,5476.4000,5476.6000,5477.0000,5478.2000,17,1,1,2,4,2,1,2,3,1
SF,IC2007,2020-06-10 09:30:29.200,5475.4000,13976,0,73381040.000,0,-,-,-,-,5474.6000,5474.4000,5472.8000,5471.0000,5470.4000,5476.0000,5476.2000,5476.4000,5476.6000,5477.0000,1,17,1,1,2,1,2,1,2,3
SF,IC2007,2020-06-10 09:30:29.700,5475.4000,13976,0,73381040.000,0,-,-,-,-,5474.4000,5472.8000,5471.0000,5470.4000,5470.2000,5474.6000,5475.4000,5475.6000,5476.0000,5476.2000,17,1,1,2,4,1,2,4,2,2
SF,IC2007,2020-06-10 09:30:30.200,5474.6000,13975,-1,75570840.000,2,0,2,多平,S,5474.6000,5474.4000,5472.8000,5471.0000,5470.4000,5475.6000,5476.0000,5476.2000,5478.2000,5479.4000,1,16,1,1,2,1,2,2,1,1
SF,IC2007,2020-06-10 09:30:30.700,5474.6000,13975,0,75570840.000,0,-,-,-,-,5474.6000,5474.4000,5472.8000,5471.0000,5470.4000,5475.6000,5476.0000,5476.2000,5476.4000,5478.2000,1,16,1,1,2,1,2,2,1,1
SF,IC2007,2020-06-10 09:30:31.700,5474.6000,13975,0,75570840.000,0,-,-,-,-,5474.6000,5474.4000,5472.8000,5471.0000,5470.4000,5475.6000,5476.0000,5476.4000,5478.2000,5479.4000,1,16,1,1,2,1,2,1,1,1
SF,IC2007,2020-06-10 09:30:32.200,5474.6000,13975,0,76665760.000,1,0,1,多换,S,5474.4000,5472.8000,5471.0000,5470.4000,5470.2000,5474.6000,5475.2000,5475.4000,5475.6000,5476.0000,16,1,1,2,4,1,1,2,1,2
SF,IC2007,2020-06-10 09:30:32.700,5474.6000,13975,0,77760680.000,1,0,1,多换,S,5474.8000,5474.4000,5472.8000,5471.0000,5470.4000,5475.6000,5476.0000,5476.4000,5478.2000,5479.4000,2,16,1,1,2,1,2,1,1,1
SF,IC2007,2020-06-10 09:30:33.200,5476.0000,13973,-2,79951000.000,2,0,2,双平,S,5474.4000,5472.8000,5471.0000,5470.4000,5470.2000,5475.6000,5476.0000,5476.4000,5478.2000,5479.4000,16,1,1,2,4,1,1,1,1,1
SF,IC2007,2020-06-10 09:30:33.700,5476.0000,13973,0,79951000.000,0,-,-,-,-,5474.6000,5474.4000,5472.8000,5471.0000,5470.4000,5475.6000,5476.0000,5476.4000,5478.2000,5479.4000,1,16,1,1,2,1,1,1,1,1
SF,IC2007,2020-06-10 09:30:34.200,5474.6000,13972,-1,81045920.000,1,0,1,双平,S,5474.4000,5472.8000,5471.0000,5470.4000,5470.2000,5474.6000,5475.2000,5475.4000,5475.6000,5476.0000,16,1,1,2,4,2,1,2,1,1
SF,IC2007,2020-06-10 09:30:34.700,5474.6000,13971,-1,83235760.000,2,0,2,多平,S,5474.4000,5472.8000,5471.0000,5470.4000,5470.2000,5475.2000,5475.6000,5476.0000,5476.4000,5478.2000,16,1,1,2,4,1,1,1,1,1
SF,IC2007,2020-06-10 09:30:35.200,5474.6000,13971,0,83235760.000,0,-,-,-,-,5474.6000,5474.4000,5472.8000,5471.0000,5470.4000,5475.6000,5476.0000,5476.4000,5478.2000,5478.8000,1,16,1,1,2,1,1,1,1,1
SF,IC2007,2020-06-10 09:30:35.700,5474.6000,13970,-1,84330680.000,1,0,1,双平,S,5474.4000,5472.8000,5471.0000,5470.4000,5470.2000,5474.6000,5475.6000,5476.0000,5476.4000,5478.2000,16,1,1,2,4,2,1,1,1,1
SF,IC2007,2020-06-10 09:30:36.200,5474.4000,13957,-13,101848760.000,16,1,15,多平,S,5472.8000,5471.0000,5470.4000,5470.2000,5470.0000,5474.2000,5474.6000,5475.6000,5476.0000,5476.4000,1,1,2,4,5,3,2,1,1,1
SF,IC2007,2020-06-10 09:30:36.700,5474.4000,13957,0,101848760.000,0,-,-,-,-,5473.0000,5472.8000,5471.0000,5470.4000,5470.2000,5474.2000,5474.4000,5474.6000,5475.6000,5476.0000,1,1,1,2,4,13,2,2,1,1
SF,IC2007,2020-06-10 09:30:37.200,5474.4000,13957,0,101848760.000,0,-,-,-,-,5473.0000,5472.8000,5471.0000,5470.4000,5470.2000,5474.2000,5474.4000,5474.6000,5475.6000,5476.0000,2,1,1,2,4,13,2,2,1,1
SF,IC2007,2020-06-10 09:30:38.200,5474.4000,13957,0,101848760.000,0,-,-,-,-,5473.0000,5472.8000,5471.0000,5470.4000,5470.2000,5474.2000,5474.4000,5474.6000,5475.6000,5476.0000,2,1,1,2,4,13,2,2,2,1
SF,IC2007,2020-06-10 09:30:38.700,5472.8000,13956,-1,104037920.000,2,0,2,多平,S,5471.0000,5470.4000,5470.2000,5470.0000,5463.8000,5472.8000,5474.2000,5474.4000,5474.6000,5475.6000,1,2,4,6,1,8,13,2,2,2
SF,IC2007,2020-06-10 09:30:39.200,5472.8000,13952,-4,108416160.000,4,0,4,双平,S,5471.8000,5471.2000,5471.0000,5470.4000,5470.2000,5472.8000,5474.2000,5474.4000,5474.6000,5475.6000,1,4,2,2,4,4,10,2,2,2
SF,IC2007,2020-06-10 09:30:39.700,5472.8000,13952,0,108416160.000,0,-,-,-,-,5471.2000,5471.0000,5470.4000,5470.2000,5470.0000,5472.8000,5474.2000,5474.4000,5474.6000,5475.6000,2,2,2,4,6,4,10,2,2,2
SF,IC2007,2020-06-10 09:30:40.200,5472.8000,13952,0,108416160.000,0,-,-,-,-,5471.2000,5471.0000,5470.4000,5470.2000,5470.0000,5472.6000,5472.8000,5474.2000,5474.4000,5474.6000,1,2,2,4,6,1,4,10,2,2
SF,IC2007,2020-06-10 09:30:40.700,5472.8000,13952,0,108416160.000,0,-,-,-,-,5471.2000,5471.0000,5470.4000,5470.2000,5470.0000,5472.6000,5472.8000,5474.2000,5474.4000,5474.6000,1,1,2,4,6,1,4,10,2,2
SF,IC2007,2020-06-10 09:30:41.200,5472.8000,13952,0,108416160.000,0,-,-,-,-,5471.2000,5471.0000,5470.4000,5470.2000,5470.0000,5472.6000,5472.8000,5474.2000,5474.4000,5474.6000,1,1,2,4,6,1,4,10,2,2
SF,IC2007,2020-06-10 09:30:41.700,5472.8000,13952,0,108416160.000,0,-,-,-,-,5471.0000,5470.4000,5470.2000,5470.0000,5464.8000,5471.2000,5472.6000,5472.8000,5474.2000,5474.4000,1,2,4,6,1,1,1,4,10,2
SF,IC2007,2020-06-10 09:30:42.200,5471.4000,13951,-1,109510440.000,1,0,1,双平,S,5471.0000,5470.4000,5470.2000,5470.0000,5464.8000,5472.6000,5472.8000,5474.2000,5475.0000,5475.6000,1,2,4,5,1,1,4,10,1,2
SF,IC2007,2020-06-10 09:30:43.200,5471.0000,13951,0,110604640.000,1,0,1,多换,S,5470.4000,5470.2000,5470.0000,5464.8000,5463.8000,5472.6000,5472.8000,5475.0000,5475.6000,5476.0000,2,4,5,1,1,1,4,1,2,1
SF,IC2007,2020-06-10 09:30:43.700,5471.0000,13951,0,110604640.000,0,-,-,-,-,5470.4000,5470.2000,5470.0000,5464.8000,5463.8000,5470.8000,5472.6000,5472.8000,5475.0000,5475.6000,2,3,5,2,1,1,1,4,1,2
SF,IC2007,2020-06-10 09:30:44.200,5470.4000,13950,-1,113887000.000,3,1,2,多平,S,5470.2000,5470.0000,5464.8000,5463.8000,5461.2000,5472.4000,5472.6000,5472.8000,5475.0000,5475.6000,3,5,2,1,1,1,1,4,1,2
SF,IC2007,2020-06-10 09:30:44.700,5470.4000,13950,0,113887000.000,0,-,-,-,-,5470.2000,5470.0000,5464.8000,5463.8000,5461.2000,5472.2000,5472.4000,5472.8000,5475.0000,5475.6000,3,5,2,1,1,1,1,4,1,2
SF,IC2007,2020-06-10 09:30:45.200,5470.4000,13950,0,113887000.000,0,-,-,-,-,5470.2000,5470.0000,5464.8000,5463.8000,5461.2000,5472.2000,5472.4000,5475.0000,5475.6000,5476.0000,3,5,2,1,1,1,1,1,2,1
SF,IC2007,2020-06-10 09:30:45.700,5470.4000,13950,0,113887000.000,0,-,-,-,-,5470.2000,5470.0000,5464.8000,5463.8000,5461.2000,5472.2000,5472.4000,5475.0000,5475.6000,5476.0000,3,5,2,1,1,1,1,1,2,1
SF,IC2007,2020-06-10 09:30:46.200,5470.4000,13950,0,113887000.000,0,-,-,-,-,5470.2000,5470.0000,5464.8000,5463.8000,5461.2000,5472.0000,5472.2000,5475.0000,5475.6000,5476.0000,3,5,2,1,1,1,1,1,2,1
SF,IC2007,2020-06-10 09:30:46.700,5472.0000,13949,-1,114981400.000,1,0,1,双平,S,5470.4000,5470.2000,5470.0000,5464.8000,5463.8000,5472.2000,5475.0000,5475.6000,5476.0000,5478.2000,1,3,5,2,1,1,1,2,1,1
SF,IC2007,2020-06-10 09:30:47.200,5472.0000,13949,0,114981400.000,0,-,-,-,-,5470.4000,5470.2000,5470.0000,5464.8000,5463.8000,5475.0000,5475.6000,5476.0000,5478.2000,5478.8000,1,3,5,2,1,1,2,1,1,1
SF,IC2007,2020-06-10 09:30:47.700,5472.0000,13949,0,114981400.000,0,-,-,-,-,5472.4000,5470.6000,5470.4000,5470.2000,5470.0000,5474.6000,5474.8000,5475.0000,5475.6000,5476.0000,2,3,1,3,5,3,1,1,2,1
SF,IC2007,2020-06-10 09:30:48.200,5472.0000,13949,0,114981400.000,0,-,-,-,-,5470.6000,5470.4000,5470.2000,5470.0000,5464.8000,5472.2000,5474.0000,5474.2000,5474.4000,5474.6000,3,1,3,5,2,3,1,3,1,7
SF,IC2007,2020-06-10 09:30:48.700,5472.0000,13949,0,114981400.000,0,-,-,-,-,5470.8000,5470.6000,5470.2000,5470.0000,5464.8000,5472.2000,5474.0000,5474.2000,5474.4000,5474.6000,1,2,3,5,2,1,1,3,1,7
SF,IC2007,2020-06-10 09:30:49.200,5472.0000,13949,0,114981400.000,0,-,-,-,-,5470.8000,5470.6000,5470.2000,5470.0000,5464.8000,5472.2000,5474.0000,5474.2000,5474.4000,5474.6000,1,2,3,5,2,1,1,1,1,7
SF,IC2007,2020-06-10 09:30:49.700,5472.0000,13949,0,114981400.000,0,-,-,-,-,5470.8000,5470.6000,5470.2000,5470.0000,5464.8000,5472.2000,5474.0000,5474.2000,5474.4000,5474.6000,1,2,3,5,2,1,1,1,2,7
SF,IC2007,2020-06-10 09:30:50.200,5472.0000,13949,0,114981400.000,0,-,-,-,-,5470.8000,5470.6000,5470.2000,5470.0000,5464.8000,5472.2000,5474.0000,5474.2000,5474.4000,5474.6000,1,2,3,5,2,1,1,1,2,7
SF,IC2007,2020-06-10 09:30:50.700,5472.0000,13949,0,114981400.000,0,-,-,-,-,5470.8000,5470.6000,5470.2000,5470.0000,5464.8000,5472.2000,5474.0000,5474.2000,5474.4000,5474.6000,1,2,3,5,2,1,1,1,2,7
SF,IC2007,2020-06-10 09:30:51.200,5472.0000,13949,0,114981400.000,0,-,-,-,-,5470.8000,5470.6000,5470.2000,5470.0000,5464.8000,5472.2000,5474.0000,5474.2000,5474.4000,5474.6000,1,2,3,5,2,1,1,1,2,7
SF,IC2007,2020-06-10 09:30:51.700,5472.2000,13949,0,116075840.000,1,0,1,多换,S,5472.2000,5470.8000,5470.6000,5470.2000,5470.0000,5474.0000,5474.2000,5474.4000,5474.6000,5475.0000,1,1,2,3,5,1,1,2,7,1
SF,IC2007,2020-06-10 09:30:52.200,5472.2000,13949,0,116075840.000,0,-,-,-,-,5470.8000,5470.6000,5470.2000,5470.0000,5464.8000,5473.8000,5474.0000,5474.2000,5474.4000,5474.6000,1,2,3,5,2,1,1,1,1,7
SF,IC2007,2020-06-10 09:30:52.700,5472.2000,13949,0,116075840.000,0,-,-,-,-,5471.0000,5470.8000,5470.6000,5470.2000,5470.0000,5473.8000,5474.2000,5474.4000,5474.6000,5475.0000,3,1,1,3,5,1,1,1,5,1
SF,IC2007,2020-06-10 09:30:53.200,5472.2000,13949,0,116075840.000,0,-,-,-,-,5471.2000,5471.0000,5470.6000,5470.2000,5470.0000,5473.8000,5474.2000,5474.4000,5474.6000,5475.0000,1,3,1,3,5,1,1,1,5,1
SF,IC2007,2020-06-10 09:30:53.700,5472.2000,13949,0,116075840.000,0,-,-,-,-,5471.4000,5471.2000,5471.0000,5470.6000,5470.2000,5473.8000,5474.2000,5474.4000,5474.6000,5475.0000,1,1,2,1,3,1,1,1,5,1
SF,IC2007,2020-06-10 09:30:54.200,5472.2000,13949,0,116075840.000,0,-,-,-,-,5471.6000,5471.4000,5471.0000,5470.6000,5470.2000,5473.8000,5474.4000,5474.6000,5475.0000,5476.0000,1,1,2,1,3,1,1,2,1,1
SF,IC2007,2020-06-10 09:30:54.700,5472.2000,13949,0,116075840.000,0,-,-,-,-,5471.6000,5471.4000,5471.0000,5470.2000,5470.0000,5473.8000,5474.6000,5475.0000,5476.0000,5478.8000,1,1,2,3,5,1,2,1,1,1
SF,IC2007,2020-06-10 09:30:55.200,5472.2000,13949,0,116075840.000,0,-,-,-,-,5471.6000,5471.4000,5471.0000,5470.2000,5470.0000,5473.8000,5474.6000,5475.0000,5476.0000,5478.8000,1,1,2,3,5,1,2,1,1,1
SF,IC2007,2020-06-10 09:30:55.700,5472.2000,13949,0,116075840.000,0,-,-,-,-,5471.6000,5471.4000,5471.0000,5470.2000,5470.0000,5473.8000,5474.6000,5475.0000,5476.0000,5478.8000,1,1,2,3,5,1,1,1,1,1
SF,IC2007,2020-06-10 09:30:56.200,5472.2000,13949,0,116075840.000,0,-,-,-,-,5471.6000,5471.4000,5471.0000,5470.2000,5470.0000,5473.8000,5474.6000,5475.0000,5476.0000,5478.8000,1,1,2,3,5,2,1,1,1,1
SF,IC2007,2020-06-10 09:30:56.700,5471.8000,13943,-6,127019520.000,10,2,8,多平,S,5471.6000,5471.4000,5470.2000,5470.0000,5464.8000,5473.8000,5474.6000,5475.0000,5476.0000,5478.8000,1,1,3,5,2,1,1,1,1,1
SF,IC2007,2020-06-10 09:30:57.200,5471.8000,13943,0,127019520.000,0,-,-,-,-,5471.6000,5471.4000,5470.2000,5470.0000,5464.8000,5473.6000,5473.8000,5474.6000,5475.0000,5476.0000,1,1,3,5,2,1,1,1,1,1
SF,IC2007,2020-06-10 09:30:57.700,5471.8000,13943,0,127019520.000,0,-,-,-,-,5471.6000,5471.4000,5470.2000,5470.0000,5464.8000,5473.8000,5474.6000,5475.0000,5476.0000,5478.8000,1,1,3,5,2,1,1,1,1,1
SF,IC2007,2020-06-10 09:30:58.200,5471.8000,13943,0,127019520.000,0,-,-,-,-,5471.6000,5471.4000,5470.2000,5470.0000,5464.8000,5473.6000,5473.8000,5474.6000,5475.0000,5476.0000,1,1,3,5,2,1,1,1,1,1
SF,IC2007,2020-06-10 09:30:59.200,5471.8000,13943,0,127019520.000,0,-,-,-,-,5471.8000,5471.6000,5471.4000,5470.2000,5470.0000,5473.6000,5473.8000,5474.6000,5475.0000,5476.0000,2,1,1,3,5,1,1,1,1,1
SF,IC2007,2020-06-10 09:30:59.700,5471.8000,13943,0,127019520.000,0,-,-,-,-,5472.0000,5471.8000,5471.4000,5470.2000,5470.0000,5473.6000,5473.8000,5474.6000,5475.0000,5476.0000,1,2,1,3,5,1,1,1,1,1
SF,IC2007,2020-06-10 09:31:00.200,5471.8000,13943,0,127019520.000,0,-,-,-,-,5472.0000,5471.8000,5471.4000,5470.2000,5470.0000,5473.6000,5473.8000,5474.6000,5475.0000,5476.0000,1,3,1,3,5,1,1,1,1,1
SF,IC2007,2020-06-10 09:31:00.700,5471.8000,13943,0,127019520.000,0,-,-,-,-,5471.8000,5471.4000,5470.2000,5470.0000,5464.8000,5473.6000,5473.8000,5474.6000,5475.0000,5476.0000,2,1,3,5,2,1,1,1,1,1
SF,IC2007,2020-06-10 09:31:01.200,5471.8000,13942,-1,129208240.000,2,0,2,多平,S,5471.4000,5470.2000,5470.0000,5464.8000,5463.8000,5473.6000,5473.8000,5474.6000,5475.0000,5476.0000,1,3,5,2,1,1,1,1,1,1
SF,IC2007,2020-06-10 09:31:01.700,5471.8000,13942,0,129208240.000,0,-,-,-,-,5471.4000,5470.2000,5470.0000,5464.8000,5463.8000,5473.6000,5473.8000,5474.6000,5475.0000,5476.0000,1,3,7,2,1,1,1,1,1,1
SF,IC2007,2020-06-10 09:31:02.200,5471.8000,13942,0,129208240.000,0,-,-,-,-,5471.4000,5471.2000,5470.2000,5470.0000,5464.8000,5473.6000,5473.8000,5474.6000,5475.0000,5476.0000,1,1,3,7,2,1,1,1,1,1
SF,IC2007,2020-06-10 09:31:02.700,5471.8000,13942,0,129208240.000,0,-,-,-,-,5471.4000,5470.2000,5470.0000,5464.8000,5463.8000,5473.6000,5473.8000,5474.6000,5475.0000,5476.0000,1,3,7,2,1,1,1,1,1,1
SF,IC2007,2020-06-10 09:31:04.200,5471.4000,13941,-1,130302520.000,1,0,1,双平,S,5470.2000,5470.0000,5464.8000,5463.8000,5463.6000,5471.2000,5473.6000,5473.8000,5474.6000,5475.0000,3,7,2,1,5,5,1,1,1,1
SF,IC2007,2020-06-10 09:31:04.700,5471.2000,13935,-6,136867960.000,6,0,6,双平,S,5472.0000,5470.2000,5470.0000,5464.8000,5463.8000,5473.4000,5473.6000,5473.8000,5474.6000,5475.0000,3,3,7,2,1,1,3,1,1,1
SF,IC2007,2020-06-10 09:31:05.200,5472.0000,13932,-3,140151160.000,3,0,3,双平,S,5470.2000,5470.0000,5464.8000,5463.8000,5463.6000,5471.8000,5472.0000,5473.4000,5473.8000,5474.6000,3,7,2,1,5,2,1,2,1,1
SF,IC2007,2020-06-10 09:31:05.700,5472.0000,13932,0,140151160.000,0,-,-,-,-,5470.4000,5470.2000,5470.0000,5464.8000,5463.8000,5473.4000,5473.8000,5474.6000,5475.0000,5476.0000,1,3,7,2,1,2,1,1,1,1
SF,IC2007,2020-06-10 09:31:06.200,5472.0000,13932,0,140151160.000,0,-,-,-,-,5470.4000,5470.2000,5470.0000,5464.8000,5463.8000,5473.2000,5473.4000,5473.8000,5474.6000,5475.0000,3,3,7,2,1,2,1,1,1,1
SF,IC2007,2020-06-10 09:31:06.700,5472.0000,13932,0,140151160.000,0,-,-,-,-,5470.4000,5470.2000,5470.0000,5464.8000,5463.8000,5473.2000,5473.4000,5473.8000,5474.6000,5475.0000,2,3,7,2,1,2,1,1,1,1
SF,IC2007,2020-06-10 09:31:07.200,5472.0000,13932,0,140151160.000,0,-,-,-,-,5470.4000,5470.2000,5470.0000,5464.8000,5463.8000,5473.2000,5473.4000,5473.8000,5474.6000,5475.0000,1,3,7,2,1,2,1,1,1,1
SF,IC2007,2020-06-10 09:31:07.700,5473.2000,13932,0,141245800.000,1,0,1,多换,S,5470.6000,5470.4000,5470.2000,5470.0000,5464.8000,5473.2000,5473.4000,5473.8000,5474.6000,5475.0000,1,1,3,7,2,1,1,1,1,1
SF,IC2007,2020-06-10 09:31:08.200,5473.2000,13932,0,141245800.000,0,-,-,-,-,5470.8000,5470.6000,5470.2000,5470.0000,5464.8000,5473.2000,5473.4000,5473.8000,5474.6000,5475.0000,1,1,3,7,2,1,1,1,1,1
SF,IC2007,2020-06-10 09:31:08.700,5473.2000,13932,0,141245800.000,0,-,-,-,-,5470.8000,5470.6000,5470.2000,5470.0000,5464.8000,5473.0000,5473.2000,5473.4000,5473.8000,5474.6000,1,1,3,7,2,1,1,1,1,1
SF,IC2007,2020-06-10 09:31:09.200,5473.2000,13932,0,141245800.000,0,-,-,-,-,5470.8000,5470.6000,5470.2000,5470.0000,5464.8000,5472.8000,5473.0000,5473.4000,5473.8000,5474.6000,1,1,3,7,2,1,1,1,1,1
SF,IC2007,2020-06-10 09:31:09.700,5473.2000,13932,0,141245800.000,0,-,-,-,-,5470.8000,5470.6000,5470.2000,5470.0000,5464.8000,5472.8000,5473.0000,5473.8000,5474.6000,5475.0000,1,1,3,7,2,1,1,1,1,1
SF,IC2007,2020-06-10 09:31:12.200,5473.2000,13932,0,141245800.000,0,-,-,-,-,5470.8000,5470.6000,5470.2000,5470.0000,5464.8000,5472.8000,5473.0000,5473.8000,5474.6000,5476.8000,1,1,3,7,2,1,1,1,1,3
SF,IC2007,2020-06-10 09:31:12.700,5470.8000,13933,1,143434120.000,2,1,1,空开,S,5470.6000,5470.2000,5470.0000,5464.8000,5463.8000,5472.8000,5473.0000,5473.8000,5474.6000,5476.8000,1,3,7,2,1,1,1,1,1,3
SF,IC2007,2020-06-10 09:31:13.200,5470.8000,13933,0,143434120.000,0,-,-,-,-,5470.8000,5470.6000,5470.2000,5470.0000,5464.8000,5472.8000,5473.0000,5473.8000,5474.6000,5476.8000,1,1,3,7,2,1,1,1,1,3
SF,IC2007,2020-06-10 09:31:13.700,5470.8000,13933,0,143434120.000,0,-,-,-,-,5470.8000,5470.6000,5470.2000,5470.0000,5464.8000,5472.8000,5473.0000,5473.8000,5474.6000,5476.8000,1,2,3,7,2,1,1,1,1,3
SF,IC2007,2020-06-10 09:31:14.200,5470.8000,13933,0,143434120.000,0,-,-,-,-,5470.8000,5470.6000,5470.2000,5470.0000,5464.8000,5472.8000,5473.0000,5473.8000,5474.6000,5476.8000,1,2,4,7,2,1,1,1,1,3
SF,IC2007,2020-06-10 09:31:14.700,5473.0000,13932,-1,145623280.000,2,0,2,多平,S,5470.8000,5470.6000,5470.2000,5470.0000,5464.8000,5473.8000,5474.6000,5476.8000,5477.6000,5478.8000,1,2,4,7,2,1,1,3,3,1
SF,IC2007,2020-06-10 09:31:15.200,5473.0000,13932,0,145623280.000,0,-,-,-,-,5472.8000,5471.2000,5471.0000,5470.8000,5470.6000,5473.6000,5473.8000,5474.6000,5475.0000,5476.8000,1,1,1,1,1,1,1,1,1,3
SF,IC2007,2020-06-10 09:31:15.700,5472.8000,13931,-1,146717840.000,1,0,1,双平,S,5471.0000,5470.8000,5470.6000,5470.2000,5470.0000,5473.6000,5473.8000,5474.6000,5475.0000,5476.8000,1,1,1,4,7,1,1,1,1,3
SF,IC2007,2020-06-10 09:31:16.200,5472.8000,13931,0,146717840.000,0,-,-,-,-,5471.2000,5471.0000,5470.6000,5470.2000,5470.0000,5473.6000,5473.8000,5474.6000,5475.0000,5476.8000,2,1,1,4,7,1,1,1,1,3
SF,IC2007,2020-06-10 09:31:16.700,5472.8000,13931,0,146717840.000,0,-,-,-,-,5471.2000,5471.0000,5470.6000,5470.2000,5470.0000,5473.6000,5473.8000,5474.6000,5475.0000,5475.2000,3,1,1,4,7,1,1,1,1,1
SF,IC2007,2020-06-10 09:31:17.200,5472.8000,13931,0,146717840.000,0,-,-,-,-,5471.2000,5471.0000,5470.6000,5470.2000,5470.0000,5473.6000,5473.8000,5474.6000,5475.0000,5475.2000,3,1,1,4,7,1,1,1,1,1
SF,IC2007,2020-06-10 09:31:18.200,5472.8000,13931,0,146717840.000,0,-,-,-,-,5471.2000,5471.0000,5470.6000,5470.2000,5470.0000,5473.6000,5473.8000,5474.6000,5475.0000,5475.2000,3,1,1,4,8,1,1,1,1,1
SF,IC2007,2020-06-10 09:31:18.700,5472.8000,13931,0,146717840.000,0,-,-,-,-,5471.2000,5471.0000,5470.6000,5470.2000,5470.0000,5473.6000,5473.8000,5474.6000,5475.0000,5475.2000,2,1,1,4,8,1,1,1,1,1
SF,IC2007,2020-06-10 09:31:20.200,5472.8000,13931,0,146717840.000,0,-,-,-,-,5471.2000,5471.0000,5470.2000,5470.0000,5464.8000,5473.6000,5473.8000,5474.6000,5475.0000,5475.2000,2,1,4,8,2,1,1,1,1,1
SF,IC2007,2020-06-10 09:31:20.700,5472.8000,13931,0,146717840.000,0,-,-,-,-,5471.2000,5471.0000,5470.2000,5470.0000,5464.8000,5473.6000,5473.8000,5474.6000,5475.0000,5475.2000,2,1,4,8,2,1,1,1,1,1
SF,IC2007,2020-06-10 09:31:21.200,5472.8000,13931,0,146717840.000,0,-,-,-,-,5471.4000,5471.2000,5471.0000,5470.2000,5470.0000,5473.6000,5473.8000,5474.6000,5475.0000,5475.2000,1,2,1,4,8,1,1,1,1,1
SF,IC2007,2020-06-10 09:31:21.700,5472.8000,13931,0,146717840.000,0,-,-,-,-,5471.6000,5471.4000,5471.2000,5471.0000,5470.2000,5473.6000,5473.8000,5474.6000,5475.0000,5475.2000,1,1,1,1,4,1,1,1,1,1
SF,IC2007,2020-06-10 09:31:22.700,5472.8000,13931,0,146717840.000,0,-,-,-,-,5471.6000,5471.4000,5471.0000,5470.2000,5470.0000,5473.6000,5474.6000,5475.0000,5475.2000,5476.8000,1,1,1,4,8,1,1,1,1,3
SF,IC2007,2020-06-10 09:31:23.200,5472.8000,13931,0,146717840.000,0,-,-,-,-,5471.6000,5471.4000,5471.0000,5470.2000,5470.0000,5473.6000,5474.6000,5475.0000,5475.2000,5476.8000,1,1,1,4,8,1,1,1,1,3
SF,IC2007,2020-06-10 09:31:23.700,5473.6000,13930,-1,147812560.000,1,0,1,双平,S,5471.6000,5471.4000,5471.0000,5470.2000,5470.0000,5474.6000,5475.0000,5475.2000,5476.8000,5477.6000,1,1,1,4,8,1,1,1,3,3
SF,IC2007,2020-06-10 09:31:24.200,5474.4000,13929,-1,148907440.000,1,0,1,双平,S,5471.8000,5471.6000,5470.2000,5470.0000,5464.8000,5474.6000,5475.0000,5475.2000,5476.8000,5477.6000,2,1,4,8,2,1,1,1,3,3
SF,IC2007,2020-06-10 09:31:24.700,5474.4000,13929,0,148907440.000,0,-,-,-,-,5472.0000,5471.8000,5470.2000,5470.0000,5464.8000,5474.4000,5474.6000,5475.0000,5475.2000,5476.8000,1,2,4,8,2,1,1,1,1,3
SF,IC2007,2020-06-10 09:31:25.700,5474.4000,13929,0,148907440.000,0,-,-,-,-,5472.2000,5472.0000,5471.8000,5470.2000,5470.0000,5474.4000,5474.6000,5475.0000,5475.2000,5476.8000,1,1,1,4,8,1,1,1,2,3
SF,IC2007,2020-06-10 09:31:26.200,5474.4000,13929,0,148907440.000,0,-,-,-,-,5472.4000,5472.2000,5471.8000,5470.2000,5470.0000,5474.6000,5475.0000,5475.2000,5476.8000,5477.6000,1,1,1,4,8,1,1,2,3,3
SF,IC2007,2020-06-10 09:31:26.700,5474.4000,13929,0,148907440.000,0,-,-,-,-,5472.4000,5472.2000,5471.8000,5470.2000,5470.0000,5474.4000,5474.6000,5475.0000,5475.2000,5476.8000,1,1,1,4,8,1,1,1,2,3
SF,IC2007,2020-06-10 09:31:27.200,5474.4000,13929,0,148907440.000,0,-,-,-,-,5472.4000,5472.2000,5471.8000,5470.2000,5470.0000,5474.6000,5475.0000,5475.2000,5476.8000,5477.6000,1,1,1,4,8,1,1,2,3,3
SF,IC2007,2020-06-10 09:31:28.200,5474.6000,13928,-1,150002360.000,1,0,1,双平,S,5474.4000,5472.4000,5472.2000,5471.8000,5470.2000,5475.0000,5475.2000,5476.8000,5477.6000,5478.8000,1,1,1,1,4,1,2,3,3,1
SF,IC2007,2020-06-10 09:31:28.700,5474.4000,13926,-2,153287000.000,3,0,3,多平,S,5472.4000,5472.2000,5471.8000,5470.2000,5470.0000,5475.0000,5475.2000,5476.8000,5477.6000,5478.8000,1,1,1,4,8,1,2,3,3,1
SF,IC2007,2020-06-10 09:31:29.200,5474.4000,13926,0,153287000.000,0,-,-,-,-,5472.6000,5472.4000,5472.2000,5470.2000,5470.0000,5475.0000,5475.2000,5476.8000,5477.6000,5478.8000,3,2,1,4,8,1,2,3,3,1
SF,IC2007,2020-06-10 09:31:29.700,5474.4000,13926,0,153287000.000,0,-,-,-,-,5472.8000,5472.6000,5472.4000,5470.2000,5470.0000,5475.0000,5475.2000,5476.8000,5477.6000,5478.8000,1,3,1,4,8,1,2,3,3,1
SF,IC2007,2020-06-10 09:31:30.200,5474.4000,13926,0,153287000.000,0,-,-,-,-,5472.8000,5472.6000,5472.4000,5472.2000,5470.2000,5475.0000,5475.2000,5476.8000,5477.6000,5478.8000,1,3,1,1,3,1,1,3,3,1
SF,IC2007,2020-06-10 09:31:30.700,5474.4000,13926,0,153287000.000,0,-,-,-,-,5473.0000,5472.8000,5472.6000,5472.4000,5472.2000,5474.8000,5475.0000,5475.2000,5476.8000,5477.6000,1,1,3,1,1,1,1,1,3,3
SF,IC2007,2020-06-10 09:31:31.200,5474.4000,13926,0,153287000.000,0,-,-,-,-,5473.0000,5472.8000,5472.6000,5472.2000,5470.2000,5474.8000,5475.0000,5475.2000,5476.8000,5477.6000,1,1,1,1,3,1,1,1,3,3
SF,IC2007,2020-06-10 09:31:31.700,5472.8000,13924,-2,155476160.000,2,0,2,双平,S,5472.6000,5472.2000,5470.2000,5470.0000,5464.8000,5474.8000,5475.0000,5475.2000,5476.8000,5477.6000,1,1,3,8,1,1,1,1,3,3
SF,IC2007,2020-06-10 09:31:32.200,5472.8000,13924,0,155476160.000,0,-,-,-,-,5472.6000,5472.2000,5470.2000,5470.0000,5464.8000,5474.6000,5474.8000,5475.0000,5475.2000,5476.8000,1,1,3,8,1,1,1,1,1,3
SF,IC2007,2020-06-10 09:31:32.700,5472.8000,13924,0,155476160.000,0,-,-,-,-,5472.8000,5472.2000,5470.2000,5470.0000,5464.8000,5474.4000,5474.6000,5475.0000,5475.2000,5476.8000,1,1,3,8,1,1,1,1,2,3
SF,IC2007,2020-06-10 09:31:33.700,5472.8000,13924,0,155476160.000,0,-,-,-,-,5473.0000,5472.8000,5472.2000,5470.2000,5470.0000,5474.4000,5474.6000,5475.0000,5475.2000,5476.8000,1,1,1,3,8,1,1,1,2,3
SF,IC2007,2020-06-10 09:31:34.200,5474.6000,13924,0,157665960.000,2,1,1,多换,S,5473.0000,5472.8000,5472.2000,5470.2000,5470.0000,5475.0000,5475.2000,5476.8000,5477.4000,5477.6000,1,1,1,3,8,1,2,3,1,3
SF,IC2007,2020-06-10 09:31:34.700,5474.6000,13924,0,157665960.000,0,-,-,-,-,5473.2000,5473.0000,5472.2000,5470.2000,5470.0000,5474.8000,5475.0000,5475.2000,5476.8000,5477.4000,1,1,1,3,8,1,1,2,3,1
SF,IC2007,2020-06-10 09:31:41.700,5474.6000,13924,0,157665960.000,0,-,-,-,-,5473.2000,5473.0000,5472.2000,5470.2000,5470.0000,5474.8000,5475.0000,5475.2000,5476.8000,5477.4000,1,1,1,3,8,1,1,2,3,1
SF,IC2007,2020-06-10 09:31:42.200,5474.6000,13924,0,157665960.000,0,-,-,-,-,5473.2000,5473.0000,5472.2000,5470.2000,5470.0000,5475.0000,5475.2000,5476.8000,5477.4000,5477.6000,1,1,1,3,8,1,2,3,1,3
SF,IC2007,2020-06-10 09:31:42.700,5474.6000,13924,0,157665960.000,0,-,-,-,-,5473.2000,5473.0000,5472.2000,5470.2000,5470.0000,5474.8000,5475.0000,5475.2000,5476.8000,5477.4000,1,1,1,3,8,1,1,2,3,1
SF,IC2007,2020-06-10 09:31:43.200,5474.6000,13924,0,157665960.000,0,-,-,-,-,5474.8000,5473.2000,5473.0000,5472.2000,5470.2000,5475.0000,5475.2000,5476.8000,5477.4000,5477.6000,2,1,1,1,3,1,2,3,1,3
SF,IC2007,2020-06-10 09:31:43.700,5474.8000,13924,0,159855880.000,2,1,1,多换,S,5473.2000,5472.2000,5470.2000,5470.0000,5464.8000,5474.8000,5475.0000,5475.2000,5476.8000,5477.4000,1,1,3,8,1,2,2,2,3,1
SF,IC2007,2020-06-10 09:31:44.200,5474.8000,13924,0,159855880.000,0,-,-,-,-,5473.2000,5472.2000,5470.2000,5470.0000,5464.8000,5474.8000,5475.0000,5475.2000,5475.8000,5476.8000,1,1,3,8,1,2,1,1,1,3
SF,IC2007,2020-06-10 09:31:47.200,5473.2000,13923,-1,160950520.000,1,0,1,双平,S,5472.2000,5470.2000,5470.0000,5464.8000,5463.8000,5474.4000,5474.8000,5475.0000,5475.2000,5475.8000,1,3,8,1,1,2,2,1,1,1
SF,IC2007,2020-06-10 09:31:47.700,5473.2000,13923,0,160950520.000,0,-,-,-,-,5472.2000,5470.2000,5470.0000,5464.8000,5463.8000,5474.2000,5474.4000,5474.8000,5475.0000,5475.2000,1,3,8,1,1,1,2,2,1,1
SF,IC2007,2020-06-10 09:31:50.700,5473.2000,13923,0,160950520.000,0,-,-,-,-,5472.2000,5470.2000,5470.0000,5464.8000,5463.8000,5473.8000,5474.2000,5474.8000,5475.0000,5475.2000,1,3,8,1,1,2,1,2,1,1
SF,IC2007,2020-06-10 09:31:51.200,5473.2000,13923,0,160950520.000,0,-,-,-,-,5470.2000,5470.0000,5464.8000,5463.8000,5463.6000,5473.6000,5473.8000,5474.8000,5475.0000,5475.2000,3,8,1,1,5,1,2,2,1,1
SF,IC2007,2020-06-10 09:31:51.700,5473.2000,13923,0,160950520.000,0,-,-,-,-,5470.4000,5470.2000,5470.0000,5469.8000,5464.8000,5473.6000,5473.8000,5474.8000,5475.0000,5475.2000,2,4,8,1,1,1,2,2,1,1
SF,IC2007,2020-06-10 09:31:52.200,5473.2000,13923,0,160950520.000,0,-,-,-,-,5470.4000,5470.2000,5470.0000,5469.8000,5464.8000,5473.6000,5473.8000,5474.8000,5475.0000,5475.2000,2,3,8,1,1,1,2,2,1,1
SF,IC2007,2020-06-10 09:31:52.700,5473.2000,13923,0,160950520.000,0,-,-,-,-,5470.4000,5470.2000,5470.0000,5469.8000,5464.8000,5473.6000,5473.8000,5474.8000,5475.0000,5475.2000,2,3,8,1,1,1,2,2,1,1
SF,IC2007,2020-06-10 09:31:53.200,5473.2000,13923,0,160950520.000,0,-,-,-,-,5470.6000,5470.4000,5470.2000,5470.0000,5469.8000,5473.6000,5473.8000,5474.8000,5475.0000,5475.2000,1,2,3,8,1,1,2,2,1,1
SF,IC2007,2020-06-10 09:31:53.700,5473.2000,13923,0,160950520.000,0,-,-,-,-,5470.8000,5470.6000,5470.2000,5470.0000,5469.8000,5473.6000,5473.8000,5474.8000,5475.0000,5475.2000,2,1,4,8,1,1,2,2,1,1
SF,IC2007,2020-06-10 09:31:54.700,5470.8000,13922,-1,162044680.000,1,0,1,双平,S,5470.8000,5470.2000,5470.0000,5469.8000,5464.8000,5473.6000,5473.8000,5474.8000,5475.0000,5475.2000,1,4,8,1,1,1,2,2,1,1
SF,IC2007,2020-06-10 09:31:55.200,5470.8000,13922,0,162044680.000,0,-,-,-,-,5471.0000,5470.8000,5470.2000,5470.0000,5469.8000,5473.2000,5473.6000,5474.8000,5475.0000,5475.2000,1,1,3,8,1,2,1,2,1,1
SF,IC2007,2020-06-10 09:31:55.700,5470.8000,13922,0,162044680.000,0,-,-,-,-,5471.0000,5470.8000,5470.2000,5470.0000,5469.8000,5473.0000,5473.2000,5474.8000,5475.0000,5475.2000,1,1,3,8,1,1,2,2,1,1
SF,IC2007,2020-06-10 09:31:57.700,5470.8000,13922,0,162044680.000,0,-,-,-,-,5471.0000,5470.8000,5470.2000,5470.0000,5469.8000,5473.0000,5473.2000,5473.6000,5474.8000,5475.0000,1,1,3,8,1,1,2,1,2,1
SF,IC2007,2020-06-10 09:31:58.200,5470.8000,13922,0,162044680.000,0,-,-,-,-,5471.2000,5471.0000,5470.8000,5470.2000,5470.0000,5473.0000,5473.2000,5473.6000,5474.8000,5475.0000,1,1,1,3,8,1,2,1,2,1
SF,IC2007,2020-06-10 09:32:00.200,5470.8000,13922,0,162044680.000,0,-,-,-,-,5471.0000,5470.8000,5470.2000,5470.0000,5469.8000,5473.0000,5473.2000,5473.6000,5474.8000,5475.0000,1,1,3,8,1,1,2,1,2,1
SF,IC2007,2020-06-10 09:32:00.700,5470.8000,13922,0,162044680.000,0,-,-,-,-,5470.8000,5470.2000,5470.0000,5469.8000,5464.8000,5473.0000,5473.2000,5473.6000,5474.8000,5475.0000,1,3,8,1,1,1,2,1,2,1
SF,IC2007,2020-06-10 09:32:01.200,5470.8000,13922,0,163138840.000,1,0,1,多换,S,5470.2000,5470.0000,5469.8000,5464.8000,5463.8000,5472.0000,5472.6000,5473.0000,5473.6000,5474.8000,3,8,1,1,1,1,3,1,1,2
SF,IC2007,2020-06-10 09:32:01.700,5470.2000,13921,-1,164232880.000,1,0,1,双平,S,5470.2000,5470.0000,5469.8000,5464.8000,5463.8000,5471.8000,5472.6000,5472.8000,5473.0000,5473.6000,2,8,1,1,1,1,2,1,2,1
SF,IC2007,2020-06-10 09:32:02.200,5470.0000,13918,-3,167514960.000,3,0,3,双平,S,5470.0000,5469.8000,5464.8000,5463.8000,5463.6000,5471.6000,5471.8000,5472.6000,5472.8000,5473.6000,7,1,1,1,5,1,1,2,1,1
SF,IC2007,2020-06-10 09:32:02.700,5470.0000,13918,0,167514960.000,0,-,-,-,-,5470.0000,5464.8000,5463.8000,5463.6000,5461.2000,5470.2000,5470.8000,5471.4000,5471.6000,5472.8000,7,1,1,5,1,3,1,1,1,1
SF,IC2007,2020-06-10 09:32:03.200,5470.0000,13914,-4,174078960.000,6,1,5,多平,S,5470.0000,5464.8000,5463.8000,5461.2000,5460.2000,5470.2000,5471.2000,5471.6000,5473.6000,5475.0000,1,1,1,1,1,3,2,3,2,1
SF,IC2007,2020-06-10 09:32:03.700,5470.0000,13913,-1,175172960.000,1,0,1,双平,S,5464.8000,5463.8000,5461.2000,5460.2000,5460.0000,5469.6000,5469.8000,5470.0000,5470.2000,5471.6000,1,1,1,1,1,1,9,8,3,1
SF,IC2007,2020-06-10 09:32:04.200,5470.0000,13913,0,175172960.000,0,-,-,-,-,5467.2000,5467.0000,5466.8000,5466.6000,5466.4000,5469.4000,5469.6000,5469.8000,5470.0000,5470.2000,2,1,1,1,1,2,1,2,3,3
SF,IC2007,2020-06-10 09:32:04.700,5470.0000,13913,0,175172960.000,0,-,-,-,-,5467.8000,5467.4000,5467.2000,5467.0000,5466.8000,5469.4000,5469.6000,5469.8000,5470.0000,5470.2000,1,3,1,1,1,1,1,2,2,3
SF,IC2007,2020-06-10 09:32:05.200,5469.6000,13912,-1,177360800.000,2,0,2,多平,S,5469.4000,5469.0000,5468.4000,5468.2000,5468.0000,5470.0000,5470.2000,5473.6000,5475.0000,5475.2000,7,2,3,1,3,2,3,2,1,1
SF,IC2007,2020-06-10 09:32:05.700,5469.6000,13912,0,177360800.000,0,-,-,-,-,5469.8000,5469.6000,5469.4000,5468.0000,5467.6000,5470.0000,5470.2000,5473.6000,5475.0000,5475.2000,1,1,5,4,1,2,3,1,1,1
SF,IC2007,2020-06-10 09:32:06.200,5470.0000,13911,-1,178454800.000,1,0,1,双平,S,5469.6000,5469.4000,5468.0000,5467.6000,5467.4000,5470.2000,5471.8000,5473.6000,5475.0000,5475.2000,2,4,4,1,1,3,1,1,1,1
SF,IC2007,2020-06-10 09:32:06.700,5469.6000,13910,-1,179548720.000,1,0,1,双平,S,5469.6000,5469.4000,5468.0000,5467.6000,5467.4000,5470.2000,5471.8000,5473.6000,5475.0000,5475.2000,1,4,5,1,1,3,1,1,1,1
SF,IC2007,2020-06-10 09:32:07.200,5469.6000,13910,0,179548720.000,0,-,-,-,-,5469.8000,5469.4000,5468.0000,5467.6000,5467.4000,5470.2000,5471.8000,5473.6000,5475.0000,5475.2000,1,4,5,1,1,3,1,1,1,1
SF,IC2007,2020-06-10 09:32:07.700,5469.8000,13909,-1,183924800.000,4,1,3,多平,S,5469.4000,5468.0000,5467.6000,5467.4000,5467.2000,5470.0000,5471.8000,5473.6000,5475.0000,5475.2000,4,5,1,1,1,1,1,1,1,1
SF,IC2007,2020-06-10 09:32:08.200,5470.0000,13908,-1,185018800.000,1,0,1,双平,S,5470.0000,5469.4000,5468.0000,5467.6000,5467.4000,5471.8000,5473.6000,5475.0000,5475.2000,5476.8000,1,4,5,1,1,1,1,1,1,3
SF,IC2007,2020-06-10 09:32:08.700,5470.0000,13908,0,185018800.000,0,-,-,-,-,5470.2000,5470.0000,5469.4000,5468.0000,5467.6000,5470.6000,5471.4000,5471.6000,5471.8000,5473.6000,2,1,4,5,1,1,2,1,1,1
SF,IC2007,2020-06-10 09:32:09.200,5470.6000,13906,-2,187206960.000,2,0,2,双平,S,5470.6000,5470.2000,5470.0000,5469.4000,5468.0000,5471.4000,5471.6000,5471.8000,5473.6000,5475.0000,1,1,1,4,5,1,1,1,1,1
SF,IC2007,2020-06-10 09:32:09.700,5470.6000,13906,0,187206960.000,0,-,-,-,-,5470.6000,5470.2000,5470.0000,5469.4000,5468.0000,5471.4000,5471.6000,5471.8000,5473.6000,5475.0000,1,1,1,4,4,1,1,1,1,1
SF,IC2007,2020-06-10 09:32:10.200,5471.4000,13905,-1,188301240.000,1,0,1,双平,S,5470.6000,5470.2000,5470.0000,5469.4000,5468.0000,5471.4000,5471.8000,5473.6000,5475.0000,5475.2000,1,1,1,4,4,1,1,1,1,1
SF,IC2007,2020-06-10 09:32:10.700,5471.8000,13903,-2,190489880.000,2,0,2,双平,S,5471.4000,5470.6000,5470.2000,5470.0000,5469.4000,5472.8000,5473.6000,5475.0000,5475.2000,5476.8000,1,1,1,1,4,1,1,1,1,3
SF,IC2007,2020-06-10 09:32:11.200,5471.8000,13903,0,190489880.000,0,-,-,-,-,5471.4000,5470.6000,5470.2000,5470.0000,5469.4000,5472.8000,5473.6000,5474.4000,5475.0000,5475.2000,1,1,1,1,4,1,1,1,1,1
SF,IC2007,2020-06-10 09:32:12.700,5471.8000,13903,0,190489880.000,0,-,-,-,-,5471.4000,5470.6000,5470.2000,5470.0000,5469.4000,5472.8000,5473.6000,5474.4000,5475.0000,5475.2000,1,1,1,1,4,1,1,1,1,1
SF,IC2007,2020-06-10 09:32:13.200,5471.8000,13903,0,190489880.000,0,-,-,-,-,5471.4000,5470.6000,5470.2000,5470.0000,5469.4000,5472.8000,5473.6000,5474.4000,5475.0000,5475.2000,1,1,1,1,4,1,1,1,1,1
SF,IC2007,2020-06-10 09:32:13.700,5471.8000,13903,0,190489880.000,0,-,-,-,-,5471.4000,5470.6000,5470.2000,5470.0000,5469.4000,5472.6000,5472.8000,5473.6000,5474.4000,5475.0000,1,1,1,1,4,1,1,1,1,1
SF,IC2007,2020-06-10 09:32:14.700,5471.8000,13903,0,190489880.000,0,-,-,-,-,5470.6000,5470.2000,5470.0000,5469.4000,5468.0000,5472.2000,5472.6000,5472.8000,5473.6000,5474.4000,1,1,1,4,4,1,1,1,1,1
SF,IC2007,2020-06-10 09:32:15.200,5471.8000,13903,0,190489880.000,0,-,-,-,-,5470.8000,5470.6000,5470.2000,5470.0000,5469.4000,5472.2000,5472.6000,5472.8000,5473.6000,5474.4000,1,1,1,1,4,1,1,1,1,1
SF,IC2007,2020-06-10 09:32:15.700,5471.8000,13903,0,190489880.000,0,-,-,-,-,5470.6000,5470.2000,5470.0000,5469.4000,5468.0000,5471.8000,5472.0000,5472.8000,5473.6000,5474.4000,1,1,1,4,4,1,1,1,1,1
SF,IC2007,2020-06-10 09:32:16.200,5471.8000,13903,0,190489880.000,0,-,-,-,-,5470.6000,5470.2000,5470.0000,5469.4000,5468.0000,5471.6000,5471.8000,5472.8000,5473.6000,5475.0000,1,1,1,4,4,1,1,1,1,1
SF,IC2007,2020-06-10 09:32:16.700,5471.8000,13903,0,190489880.000,0,-,-,-,-,5470.6000,5470.2000,5470.0000,5469.4000,5468.0000,5471.6000,5471.8000,5472.8000,5473.6000,5475.0000,1,1,1,4,4,1,1,1,1,1
SF,IC2007,2020-06-10 09:32:17.200,5471.8000,13903,0,190489880.000,0,-,-,-,-,5470.8000,5470.6000,5470.2000,5470.0000,5469.4000,5471.8000,5472.8000,5473.6000,5475.0000,5475.2000,1,1,1,1,4,1,1,1,1,1
SF,IC2007,2020-06-10 09:32:17.700,5471.8000,13903,0,190489880.000,0,-,-,-,-,5470.6000,5470.2000,5470.0000,5469.4000,5468.0000,5470.8000,5471.2000,5471.6000,5472.8000,5473.6000,1,1,1,4,4,2,1,1,1,1
SF,IC2007,2020-06-10 09:32:18.200,5470.8000,13902,-1,191584040.000,1,0,1,双平,S,5470.6000,5470.2000,5470.0000,5469.4000,5468.0000,5471.4000,5471.6000,5471.8000,5472.8000,5473.6000,2,1,1,4,4,1,3,3,1,1
SF,IC2007,2020-06-10 09:32:18.700,5470.4000,13899,-3,197054400.000,5,1,4,多平,S,5469.4000,5468.8000,5468.0000,5467.6000,5467.4000,5470.4000,5470.6000,5471.0000,5471.2000,5471.6000,4,1,4,1,1,5,4,2,3,1
SF,IC2007,2020-06-10 09:32:19.200,5470.4000,13899,0,197054400.000,0,-,-,-,-,5469.4000,5468.8000,5468.0000,5467.6000,5467.4000,5470.6000,5471.0000,5471.2000,5471.4000,5471.6000,4,1,4,1,1,3,1,1,2,1
SF,IC2007,2020-06-10 09:32:19.700,5470.4000,13899,0,197054400.000,0,-,-,-,-,5469.4000,5468.8000,5468.0000,5467.6000,5467.4000,5471.2000,5471.6000,5471.8000,5473.6000,5475.0000,4,1,4,1,1,1,1,1,1,1
SF,IC2007,2020-06-10 09:32:20.200,5470.4000,13899,0,197054400.000,0,-,-,-,-,5469.6000,5469.4000,5468.8000,5468.0000,5467.6000,5471.6000,5471.8000,5473.0000,5473.6000,5475.0000,2,4,1,4,1,1,1,1,1,1
SF,IC2007,2020-06-10 09:32:20.700,5470.4000,13899,0,197054400.000,0,-,-,-,-,5469.8000,5469.6000,5469.4000,5468.8000,5468.0000,5471.8000,5473.0000,5473.6000,5475.0000,5475.2000,3,1,4,1,2,1,1,1,1,1
SF,IC2007,2020-06-10 09:32:21.200,5470.4000,13899,0,197054400.000,0,-,-,-,-,5470.0000,5469.8000,5469.4000,5468.8000,5468.0000,5471.8000,5473.0000,5473.6000,5475.0000,5475.2000,1,3,4,1,2,1,1,1,1,1
SF,IC2007,2020-06-10 09:32:21.700,5470.4000,13899,0,197054400.000,0,-,-,-,-,5470.2000,5470.0000,5469.8000,5469.4000,5468.8000,5471.8000,5473.0000,5473.6000,5475.0000,5475.2000,2,1,1,4,1,1,1,1,1,1
SF,IC2007,2020-06-10 09:32:22.200,5470.4000,13899,0,197054400.000,0,-,-,-,-,5470.2000,5470.0000,5469.8000,5469.4000,5468.8000,5471.6000,5471.8000,5473.0000,5473.6000,5475.0000,2,1,1,4,1,1,1,1,1,1
SF,IC2007,2020-06-10 09:32:22.700,5470.4000,13899,0,197054400.000,0,-,-,-,-,5470.4000,5470.2000,5469.8000,5469.4000,5468.8000,5471.8000,5473.0000,5473.6000,5475.0000,5475.2000,1,2,1,4,1,1,1,1,1,1
SF,IC2007,2020-06-10 09:32:23.200,5470.4000,13899,0,197054400.000,0,-,-,-,-,5470.4000,5470.2000,5469.4000,5468.8000,5468.0000,5471.2000,5471.6000,5471.8000,5473.0000,5473.6000,1,2,4,1,2,1,1,1,1,1
SF,IC2007,2020-06-10 09:32:23.700,5470.4000,13899,0,197054400.000,0,-,-,-,-,5470.4000,5470.2000,5469.4000,5468.8000,5468.0000,5471.6000,5471.8000,5473.0000,5473.6000,5475.0000,1,2,4,1,2,1,1,1,1,1
SF,IC2007,2020-06-10 09:32:24.200,5470.4000,13899,0,197054400.000,0,-,-,-,-,5471.2000,5470.4000,5470.2000,5469.4000,5468.8000,5471.6000,5471.8000,5473.0000,5473.6000,5475.0000,1,1,2,4,1,1,1,1,1,1
SF,IC2007,2020-06-10 09:32:24.700,5470.4000,13899,0,197054400.000,0,-,-,-,-,5471.2000,5470.6000,5470.4000,5469.4000,5468.0000,5471.6000,5471.8000,5473.0000,5473.6000,5475.0000,1,2,1,4,2,1,1,1,1,1
SF,IC2007,2020-06-10 09:32:25.200,5470.4000,13899,0,197054400.000,0,-,-,-,-,5470.6000,5470.4000,5469.4000,5468.0000,5467.6000,5471.4000,5471.6000,5471.8000,5473.0000,5473.6000,2,1,4,2,1,1,1,1,1,1
SF,IC2007,2020-06-10 09:32:25.700,5470.4000,13899,0,197054400.000,0,-,-,-,-,5470.6000,5470.4000,5469.4000,5468.6000,5468.0000,5471.6000,5471.8000,5473.0000,5473.6000,5475.0000,2,1,4,1,2,1,1,1,1,1
SF,IC2007,2020-06-10 09:32:26.200,5470.4000,13899,0,197054400.000,0,-,-,-,-,5470.4000,5469.4000,5468.6000,5468.0000,5467.6000,5471.6000,5471.8000,5473.0000,5473.6000,5475.0000,1,4,1,2,1,1,1,1,1,1
SF,IC2007,2020-06-10 09:32:26.700,5470.4000,13899,0,197054400.000,0,-,-,-,-,5470.4000,5469.4000,5468.6000,5468.0000,5467.6000,5471.0000,5471.6000,5471.8000,5473.0000,5473.6000,1,4,1,2,1,1,1,1,1,1
SF,IC2007,2020-06-10 09:32:27.200,5470.4000,13899,0,197054400.000,0,-,-,-,-,5469.4000,5468.6000,5468.0000,5467.6000,5467.4000,5471.0000,5471.4000,5471.6000,5471.8000,5473.0000,4,1,2,1,1,1,1,3,1,1
SF,IC2007,2020-06-10 09:32:27.700,5470.4000,13899,0,197054400.000,0,-,-,-,-,5469.6000,5469.4000,5468.6000,5468.0000,5467.8000,5470.8000,5471.4000,5471.6000,5471.8000,5473.0000,2,3,1,2,1,1,1,3,1,1
SF,IC2007,2020-06-10 09:32:28.200,5471.6000,13896,-3,201431560.000,4,0,4,多平,S,5471.6000,5470.8000,5469.8000,5469.6000,5469.4000,5473.0000,5473.6000,5474.4000,5475.0000,5475.2000,2,2,2,2,3,1,1,1,1,1
SF,IC2007,2020-06-10 09:32:28.700,5471.6000,13894,-2,203620200.000,2,0,2,双平,S,5470.8000,5469.8000,5469.6000,5469.4000,5468.0000,5471.6000,5472.6000,5472.8000,5473.0000,5473.6000,2,1,2,3,2,1,2,1,1,1
SF,IC2007,2020-06-10 09:32:29.200,5471.6000,13894,0,204714520.000,1,0,1,多换,S,5470.8000,5469.8000,5469.6000,5469.4000,5468.0000,5471.4000,5471.6000,5472.2000,5472.4000,5472.6000,2,1,2,3,2,4,2,1,2,5
SF,IC2007,2020-06-10 09:32:29.700,5471.6000,13894,0,204714520.000,0,-,-,-,-,5470.8000,5469.8000,5469.6000,5469.4000,5468.0000,5471.6000,5472.2000,5472.6000,5472.8000,5473.0000,2,1,2,3,2,2,1,5,1,1
SF,IC2007,2020-06-10 09:32:30.200,5471.6000,13894,0,204714520.000,0,-,-,-,-,5470.8000,5469.8000,5469.6000,5469.4000,5468.0000,5472.2000,5472.6000,5472.8000,5473.0000,5473.6000,2,1,2,3,2,1,5,1,1,1
SF,IC2007,2020-06-10 09:32:30.700,5471.6000,13894,0,204714520.000,0,-,-,-,-,5471.8000,5471.4000,5470.8000,5469.8000,5469.6000,5472.2000,5472.6000,5472.8000,5473.0000,5473.6000,2,1,2,1,2,1,5,1,1,1
SF,IC2007,2020-06-10 09:32:31.200,5471.8000,13893,-1,206903200.000,2,0,2,多平,S,5471.4000,5471.0000,5470.8000,5469.8000,5469.4000,5471.8000,5472.2000,5472.6000,5472.8000,5473.0000,1,1,2,1,1,1,1,5,1,1
SF,IC2007,2020-06-10 09:32:31.700,5471.8000,13893,0,207997560.000,1,0,1,多换,S,5472.0000,5471.8000,5471.4000,5471.0000,5470.8000,5472.6000,5473.0000,5473.6000,5473.8000,5475.0000,1,1,1,1,2,3,1,1,1,1
SF,IC2007,2020-06-10 09:32:32.200,5471.8000,13893,0,207997560.000,0,-,-,-,-,5472.0000,5471.8000,5471.4000,5471.0000,5470.8000,5473.0000,5473.6000,5473.8000,5474.4000,5475.0000,1,1,1,1,2,1,1,1,1,1
SF,IC2007,2020-06-10 09:32:32.700,5471.8000,13893,0,207997560.000,0,-,-,-,-,5472.0000,5471.8000,5471.4000,5471.0000,5470.8000,5473.0000,5473.6000,5473.8000,5474.4000,5475.0000,1,1,1,1,2,1,1,1,1,2
SF,IC2007,2020-06-10 09:32:33.200,5471.8000,13893,0,207997560.000,0,-,-,-,-,5472.6000,5472.2000,5472.0000,5471.8000,5471.4000,5473.0000,5473.6000,5473.8000,5474.4000,5475.0000,1,1,1,1,1,1,1,1,1,2
SF,IC2007,2020-06-10 09:32:33.700,5471.8000,13893,0,207997560.000,0,-,-,-,-,5472.6000,5472.2000,5472.0000,5471.8000,5471.4000,5473.0000,5473.6000,5473.8000,5474.4000,5475.0000,1,1,1,1,1,1,1,1,1,2
SF,IC2007,2020-06-10 09:32:34.200,5471.8000,13893,0,207997560.000,0,-,-,-,-,5472.6000,5472.2000,5472.0000,5471.8000,5471.4000,5472.8000,5473.0000,5473.6000,5473.8000,5474.4000,1,1,1,1,1,1,1,1,1,1
SF,IC2007,2020-06-10 09:32:34.700,5472.4000,13893,0,209092040.000,1,0,1,多换,S,5472.2000,5471.8000,5471.4000,5471.0000,5470.8000,5472.4000,5472.6000,5472.8000,5473.0000,5473.6000,1,1,1,1,2,3,3,1,1,1
SF,IC2007,2020-06-10 09:32:35.200,5472.4000,13893,0,210186520.000,1,0,1,多换,S,5472.2000,5472.0000,5471.8000,5471.4000,5470.8000,5472.6000,5472.8000,5473.0000,5473.6000,5473.8000,1,1,1,1,2,4,1,1,1,1
SF,IC2007,2020-06-10 09:32:35.700,5472.8000,13891,-2,215659160.000,5,1,4,多平,S,5472.4000,5471.8000,5471.4000,5470.8000,5469.4000,5473.0000,5473.4000,5473.6000,5473.8000,5474.4000,1,1,1,2,1,1,1,1,1,1
SF,IC2007,2020-06-10 09:32:36.200,5473.0000,13890,-1,216753760.000,1,0,1,双平,S,5473.0000,5472.6000,5471.8000,5471.4000,5470.8000,5473.6000,5473.8000,5474.4000,5475.0000,5475.2000,1,1,1,1,2,1,1,1,1,1
SF,IC2007,2020-06-10 09:32:36.700,5473.6000,13889,-1,217848480.000,1,0,1,双平,S,5473.2000,5473.0000,5472.6000,5472.4000,5471.8000,5473.8000,5474.4000,5475.0000,5475.2000,5476.6000,2,1,1,1,1,1,1,2,1,4
SF,IC2007,2020-06-10 09:32:37.200,5473.8000,13888,-1,218943240.000,1,0,1,双平,S,5473.2000,5473.0000,5472.6000,5472.4000,5471.8000,5474.4000,5475.0000,5475.2000,5476.6000,5476.8000,2,1,2,1,1,1,2,1,4,3
SF,IC2007,2020-06-10 09:32:37.700,5473.8000,13888,0,218943240.000,0,-,-,-,-,5473.2000,5473.0000,5472.6000,5472.4000,5471.8000,5474.4000,5474.8000,5475.0000,5475.2000,5476.6000,2,1,2,1,1,1,1,2,1,4
SF,IC2007,2020-06-10 09:32:38.200,5473.8000,13888,0,218943240.000,0,-,-,-,-,5473.2000,5473.0000,5472.6000,5472.4000,5471.8000,5474.4000,5474.8000,5475.0000,5475.2000,5476.8000,2,1,2,1,1,1,1,2,1,3
SF,IC2007,2020-06-10 09:32:38.700,5473.8000,13888,0,218943240.000,0,-,-,-,-,5473.2000,5473.0000,5472.6000,5472.4000,5471.8000,5474.4000,5474.8000,5475.0000,5475.2000,5476.8000,2,1,2,1,1,1,1,2,1,3
SF,IC2007,2020-06-10 09:32:39.200,5474.4000,13888,0,220038120.000,1,0,1,多换,S,5473.2000,5473.0000,5472.6000,5472.4000,5471.8000,5474.8000,5475.0000,5475.2000,5476.8000,5477.6000,2,1,2,1,1,1,2,1,3,3
SF,IC2007,2020-06-10 09:32:39.700,5474.4000,13888,0,220038120.000,0,-,-,-,-,5473.2000,5473.0000,5472.6000,5472.4000,5471.8000,5474.8000,5475.0000,5475.2000,5476.8000,5477.6000,2,1,1,1,1,1,2,1,3,3
SF,IC2007,2020-06-10 09:32:40.200,5474.4000,13888,0,220038120.000,0,-,-,-,-,5473.2000,5473.0000,5472.6000,5472.4000,5471.8000,5474.6000,5474.8000,5475.0000,5475.2000,5476.8000,1,1,1,1,1,1,1,2,1,3
SF,IC2007,2020-06-10 09:32:40.700,5474.4000,13888,0,220038120.000,0,-,-,-,-,5473.0000,5472.6000,5472.4000,5471.8000,5471.4000,5474.6000,5474.8000,5475.0000,5475.2000,5476.8000,1,1,1,1,1,1,1,2,1,3
SF,IC2007,2020-06-10 09:32:41.200,5474.4000,13888,0,220038120.000,0,-,-,-,-,5473.2000,5473.0000,5472.6000,5472.4000,5471.8000,5474.6000,5474.8000,5475.0000,5475.2000,5476.8000,1,1,1,1,1,1,1,2,1,3
SF,IC2007,2020-06-10 09:32:43.200,5474.4000,13888,0,220038120.000,0,-,-,-,-,5473.4000,5473.2000,5473.0000,5472.6000,5472.4000,5474.6000,5474.8000,5475.0000,5475.2000,5476.8000,1,1,1,1,1,1,1,2,1,3
SF,IC2007,2020-06-10 09:32:43.700,5474.4000,13888,0,220038120.000,0,-,-,-,-,5474.6000,5473.6000,5473.4000,5473.0000,5472.6000,5474.8000,5475.0000,5475.2000,5476.8000,5477.6000,1,1,1,1,1,1,2,1,3,3
SF,IC2007,2020-06-10 09:32:44.200,5474.6000,13888,0,221133040.000,1,0,1,多换,S,5473.6000,5473.4000,5473.0000,5472.6000,5472.4000,5474.8000,5475.0000,5475.2000,5476.8000,5477.6000,1,1,1,1,1,1,2,1,3,3
SF,IC2007,2020-06-10 09:32:44.700,5474.6000,13888,0,221133040.000,0,-,-,-,-,5473.6000,5473.4000,5473.0000,5472.6000,5472.4000,5474.6000,5474.8000,5475.0000,5475.2000,5476.8000,1,1,1,1,1,1,1,2,1,3
SF,IC2007,2020-06-10 09:32:46.200,5473.6000,13887,-1,222227760.000,1,0,1,双平,S,5473.4000,5473.0000,5472.6000,5472.4000,5471.4000,5474.6000,5474.8000,5475.0000,5475.2000,5476.8000,1,1,1,1,1,1,1,2,1,3
SF,IC2007,2020-06-10 09:32:46.700,5473.6000,13887,0,222227760.000,0,-,-,-,-,5473.0000,5472.6000,5472.4000,5471.4000,5469.4000,5474.4000,5474.6000,5474.8000,5475.0000,5475.2000,1,1,1,2,1,1,1,1,2,1
SF,IC2007,2020-06-10 09:32:47.200,5473.6000,13887,0,222227760.000,0,-,-,-,-,5473.0000,5472.6000,5472.4000,5471.4000,5469.4000,5474.4000,5474.6000,5474.8000,5475.0000,5475.2000,1,1,1,2,1,2,3,1,2,1
SF,IC2007,2020-06-10 09:32:47.700,5473.6000,13887,0,222227760.000,0,-,-,-,-,5472.6000,5472.4000,5471.4000,5469.4000,5468.0000,5474.0000,5474.4000,5474.6000,5474.8000,5475.0000,1,1,2,1,2,5,2,2,1,2
SF,IC2007,2020-06-10 09:32:48.200,5473.6000,13887,0,222227760.000,0,-,-,-,-,5472.6000,5472.4000,5471.4000,5469.4000,5468.0000,5473.0000,5473.8000,5474.0000,5474.4000,5474.6000,1,1,2,1,2,1,3,7,1,3
SF,IC2007,2020-06-10 09:32:48.700,5473.2000,13887,0,223322400.000,1,0,1,多换,S,5473.0000,5472.6000,5472.4000,5471.4000,5469.4000,5473.8000,5474.0000,5474.4000,5474.6000,5474.8000,1,1,1,2,1,1,4,1,2,1
SF,IC2007,2020-06-10 09:32:49.200,5473.2000,13887,0,223322400.000,0,-,-,-,-,5473.0000,5472.6000,5472.4000,5471.4000,5469.4000,5473.8000,5474.0000,5474.4000,5474.6000,5474.8000,1,1,1,2,1,1,3,1,2,1
SF,IC2007,2020-06-10 09:32:49.700,5473.2000,13887,0,223322400.000,0,-,-,-,-,5473.0000,5472.6000,5472.4000,5471.4000,5469.4000,5474.0000,5474.4000,5474.6000,5474.8000,5475.0000,1,1,1,2,1,2,1,2,1,2
SF,IC2007,2020-06-10 09:32:50.200,5473.2000,13887,0,223322400.000,0,-,-,-,-,5472.6000,5472.4000,5471.4000,5469.4000,5468.0000,5474.0000,5474.4000,5474.6000,5474.8000,5475.0000,1,1,2,1,2,2,1,2,1,2
SF,IC2007,2020-06-10 09:32:50.700,5473.2000,13887,0,223322400.000,0,-,-,-,-,5472.6000,5472.4000,5471.4000,5469.4000,5468.0000,5474.0000,5474.4000,5474.6000,5474.8000,5475.0000,1,1,2,1,2,2,1,2,1,2
SF,IC2007,2020-06-10 09:32:51.200,5473.2000,13887,0,223322400.000,0,-,-,-,-,5472.6000,5472.4000,5471.4000,5469.4000,5468.0000,5473.6000,5473.8000,5474.0000,5474.4000,5474.6000,1,1,2,1,2,2,1,2,1,2
SF,IC2007,2020-06-10 09:32:51.700,5473.2000,13887,0,223322400.000,0,-,-,-,-,5472.8000,5472.6000,5472.4000,5471.4000,5469.4000,5473.6000,5474.0000,5474.4000,5474.6000,5474.8000,1,1,1,2,1,1,1,1,2,1
SF,IC2007,2020-06-10 09:32:52.200,5473.2000,13887,0,223322400.000,0,-,-,-,-,5473.0000,5472.8000,5472.6000,5472.4000,5471.4000,5474.4000,5474.6000,5474.8000,5475.0000,5475.2000,1,1,1,1,2,1,2,1,2,1
SF,IC2007,2020-06-10 09:32:52.700,5473.2000,13887,0,223322400.000,0,-,-,-,-,5473.0000,5472.8000,5472.6000,5472.4000,5471.4000,5474.4000,5474.6000,5474.8000,5475.0000,5475.2000,1,1,1,1,2,1,1,1,2,1
SF,IC2007,2020-06-10 09:32:53.200,5473.2000,13887,0,223322400.000,0,-,-,-,-,5473.0000,5472.8000,5472.6000,5472.4000,5471.4000,5474.4000,5474.6000,5474.8000,5475.0000,5475.2000,2,1,1,1,2,1,1,1,2,1
SF,IC2007,2020-06-10 09:32:53.700,5474.4000,13886,-1,224417280.000,1,0,1,双平,S,5473.0000,5472.8000,5472.6000,5472.4000,5471.4000,5474.6000,5474.8000,5475.0000,5475.2000,5476.8000,2,1,1,1,2,1,1,2,1,3
SF,IC2007,2020-06-10 09:32:54.200,5474.4000,13886,0,224417280.000,0,-,-,-,-,5473.2000,5473.0000,5472.6000,5472.4000,5471.4000,5474.6000,5474.8000,5475.0000,5475.2000,5476.8000,1,2,1,1,2,1,1,2,1,3
SF,IC2007,2020-06-10 09:32:54.700,5474.4000,13886,0,224417280.000,0,-,-,-,-,5473.2000,5473.0000,5472.6000,5472.4000,5471.4000,5474.6000,5474.8000,5475.0000,5475.2000,5476.8000,2,2,1,1,2,1,1,2,1,3
SF,IC2007,2020-06-10 09:32:55.200,5474.4000,13886,0,224417280.000,0,-,-,-,-,5473.4000,5473.2000,5473.0000,5472.6000,5472.4000,5474.6000,5474.8000,5475.0000,5475.2000,5476.8000,1,1,2,1,1,1,1,2,1,3
SF,IC2007,2020-06-10 09:32:55.700,5474.4000,13886,0,224417280.000,0,-,-,-,-,5473.4000,5473.2000,5473.0000,5472.6000,5472.4000,5474.4000,5474.6000,5474.8000,5475.0000,5475.2000,1,1,2,1,1,1,1,1,2,1
SF,IC2007,2020-06-10 09:32:56.700,5474.4000,13886,0,224417280.000,0,-,-,-,-,5473.2000,5473.0000,5472.6000,5472.4000,5471.4000,5474.4000,5474.6000,5474.8000,5475.0000,5475.2000,1,2,1,1,1,1,1,1,2,1
SF,IC2007,2020-06-10 09:32:57.200,5474.4000,13886,0,224417280.000,0,-,-,-,-,5474.2000,5473.2000,5473.0000,5472.6000,5472.4000,5474.4000,5474.6000,5474.8000,5475.0000,5475.2000,1,1,2,1,1,1,1,1,2,1
SF,IC2007,2020-06-10 09:32:57.700,5474.2000,13886,0,225512120.000,1,0,1,多换,S,5473.2000,5473.0000,5472.6000,5472.4000,5469.4000,5474.0000,5474.2000,5474.4000,5474.6000,5474.8000,1,2,1,1,1,2,2,1,1,1
SF,IC2007,2020-06-10 09:32:58.200,5474.2000,13886,0,225512120.000,0,-,-,-,-,5473.2000,5473.0000,5472.6000,5472.4000,5471.4000,5474.2000,5474.6000,5474.8000,5475.0000,5475.2000,1,2,1,1,1,2,1,1,2,1
SF,IC2007,2020-06-10 09:32:58.700,5474.2000,13886,0,225512120.000,0,-,-,-,-,5473.2000,5473.0000,5472.6000,5472.4000,5471.4000,5474.2000,5474.6000,5474.8000,5475.0000,5475.2000,1,2,1,1,1,1,1,1,2,1
SF,IC2007,2020-06-10 09:32:59.200,5474.2000,13886,0,225512120.000,0,-,-,-,-,5473.0000,5472.6000,5472.4000,5471.4000,5469.4000,5473.8000,5474.0000,5474.2000,5474.4000,5474.6000,1,1,1,1,1,1,1,1,1,1
SF,IC2007,2020-06-10 09:32:59.700,5474.2000,13886,0,225512120.000,0,-,-,-,-,5473.0000,5472.6000,5472.4000,5471.4000,5469.4000,5474.2000,5474.4000,5474.6000,5474.8000,5475.0000,1,1,1,1,1,1,1,1,1,2
SF,IC2007,2020-06-10 09:33:01.700,5474.2000,13886,0,225512120.000,0,-,-,-,-,5473.0000,5472.6000,5472.4000,5471.4000,5469.4000,5474.0000,5474.2000,5474.4000,5474.6000,5474.8000,1,1,1,1,1,1,1,1,1,1
SF,IC2007,2020-06-10 09:33:03.200,5474.2000,13886,0,225512120.000,0,-,-,-,-,5473.2000,5473.0000,5472.6000,5472.4000,5471.4000,5474.0000,5474.2000,5474.4000,5474.6000,5474.8000,1,1,1,1,1,1,1,1,1,1
SF,IC2007,2020-06-10 09:33:03.700,5474.0000,13886,0,226606920.000,1,0,1,多换,S,5473.4000,5473.2000,5473.0000,5472.6000,5472.4000,5474.4000,5474.6000,5474.8000,5475.0000,5475.2000,1,1,1,1,1,1,1,1,2,1
SF,IC2007,2020-06-10 09:33:04.200,5474.0000,13886,0,226606920.000,0,-,-,-,-,5473.2000,5473.0000,5472.6000,5472.4000,5471.4000,5474.6000,5474.8000,5475.0000,5475.2000,5476.0000,1,1,1,1,1,1,1,2,1,1
SF,IC2007,2020-06-10 09:33:05.700,5474.6000,13885,-1,227701840.000,1,0,1,双平,S,5473.2000,5473.0000,5472.6000,5472.4000,5471.4000,5474.8000,5475.0000,5475.2000,5476.0000,5476.8000,1,1,1,1,1,1,2,1,1,3
SF,IC2007,2020-06-10 09:33:06.200,5474.6000,13885,0,227701840.000,0,-,-,-,-,5473.6000,5473.4000,5473.2000,5473.0000,5472.6000,5474.8000,5475.0000,5475.2000,5476.0000,5476.8000,1,2,1,1,1,1,2,1,1,3
SF,IC2007,2020-06-10 09:33:06.700,5474.6000,13885,0,227701840.000,0,-,-,-,-,5473.4000,5473.0000,5472.6000,5472.4000,5471.4000,5474.4000,5474.8000,5475.0000,5475.2000,5476.0000,2,1,1,1,1,5,1,2,1,1
SF,IC2007,2020-06-10 09:33:07.200,5474.6000,13885,0,227701840.000,0,-,-,-,-,5473.4000,5473.0000,5472.6000,5472.4000,5471.4000,5474.8000,5475.0000,5475.2000,5476.0000,5476.8000,1,1,1,1,1,1,2,1,1,3
SF,IC2007,2020-06-10 09:33:07.700,5473.4000,13884,-1,228796520.000,1,0,1,双平,S,5473.0000,5472.6000,5472.4000,5471.4000,5469.4000,5474.2000,5474.4000,5474.6000,5474.8000,5475.0000,1,1,1,1,1,2,2,1,1,3
SF,IC2007,2020-06-10 09:33:08.200,5473.4000,13884,0,228796520.000,0,-,-,-,-,5473.0000,5472.6000,5472.4000,5471.4000,5469.4000,5474.6000,5474.8000,5475.0000,5475.2000,5476.0000,1,1,1,1,1,2,1,3,1,1
SF,IC2007,2020-06-10 09:33:09.200,5473.0000,13884,0,229891120.000,1,0,1,多换,S,5472.6000,5472.4000,5471.4000,5469.4000,5468.0000,5474.4000,5474.6000,5474.8000,5475.0000,5475.2000,1,1,1,1,2,1,3,1,3,1
SF,IC2007,2020-06-10 09:33:09.700,5473.0000,13884,0,229891120.000,0,-,-,-,-,5472.6000,5472.4000,5471.4000,5469.4000,5468.0000,5474.0000,5474.2000,5474.4000,5474.6000,5474.8000,1,1,1,1,2,1,1,1,2,1
SF,IC2007,2020-06-10 09:33:10.200,5473.0000,13884,0,229891120.000,0,-,-,-,-,5472.8000,5472.6000,5472.4000,5471.4000,5469.4000,5473.8000,5474.4000,5474.8000,5475.0000,5475.2000,1,1,1,1,1,1,1,1,3,1
SF,IC2007,2020-06-10 09:33:10.700,5473.0000,13884,0,229891120.000,0,-,-,-,-,5473.0000,5472.8000,5472.6000,5472.4000,5471.4000,5474.4000,5474.8000,5475.0000,5475.2000,5476.0000,1,1,1,1,1,1,1,3,1,1
SF,IC2007,2020-06-10 09:33:11.200,5472.8000,13883,-1,230985680.000,1,0,1,双平,S,5472.6000,5472.4000,5471.4000,5469.4000,5468.0000,5474.0000,5474.2000,5474.4000,5474.8000,5475.0000,1,1,1,1,2,1,1,1,1,3
SF,IC2007,2020-06-10 09:33:11.700,5472.8000,13883,0,230985680.000,0,-,-,-,-,5472.6000,5472.4000,5471.4000,5469.4000,5468.0000,5473.8000,5474.0000,5474.4000,5474.8000,5475.0000,1,1,1,1,2,3,4,1,1,3
SF,IC2007,2020-06-10 09:33:12.700,5472.8000,13883,0,230985680.000,0,-,-,-,-,5472.6000,5472.4000,5471.4000,5469.4000,5468.0000,5473.8000,5474.0000,5474.4000,5474.8000,5475.0000,1,1,1,1,2,1,2,1,1,3
SF,IC2007,2020-06-10 09:33:13.700,5472.8000,13883,0,230985680.000,0,-,-,-,-,5472.6000,5472.4000,5471.4000,5469.4000,5468.0000,5473.8000,5474.0000,5474.4000,5474.8000,5475.0000,1,1,1,1,2,3,2,1,1,3
SF,IC2007,2020-06-10 09:33:14.200,5472.8000,13883,0,230985680.000,0,-,-,-,-,5472.6000,5472.4000,5471.4000,5469.4000,5468.0000,5473.4000,5473.8000,5474.4000,5474.8000,5475.0000,1,1,1,1,2,4,1,1,1,3
SF,IC2007,2020-06-10 09:33:14.700,5472.6000,13883,0,232080200.000,1,0,1,多换,S,5472.4000,5471.4000,5469.4000,5468.0000,5467.4000,5473.8000,5474.4000,5474.8000,5475.0000,5475.2000,1,1,1,2,1,1,1,1,3,1
SF,IC2007,2020-06-10 09:33:15.200,5472.4000,13882,-1,233174680.000,1,0,1,双平,S,5471.4000,5470.4000,5469.4000,5468.0000,5467.4000,5473.4000,5473.8000,5474.4000,5474.8000,5475.0000,1,1,1,2,1,3,1,1,1,3
SF,IC2007,2020-06-10 09:33:15.700,5471.6000,13881,-1,234269000.000,1,0,1,双平,S,5471.4000,5470.4000,5469.4000,5468.0000,5467.4000,5473.2000,5473.4000,5474.4000,5474.8000,5475.0000,1,1,1,2,1,1,1,1,1,3
SF,IC2007,2020-06-10 09:33:16.200,5471.6000,13881,0,234269000.000,0,-,-,-,-,5471.4000,5470.4000,5469.4000,5468.0000,5467.4000,5473.0000,5473.2000,5473.4000,5474.4000,5474.8000,1,1,1,2,1,4,1,1,1,1
SF,IC2007,2020-06-10 09:33:16.700,5471.4000,13880,-1,235363280.000,1,0,1,双平,S,5470.4000,5469.4000,5468.8000,5468.0000,5467.4000,5472.6000,5472.8000,5473.4000,5474.4000,5474.8000,1,1,1,2,1,2,2,1,1,1
SF,IC2007,2020-06-10 09:33:17.200,5471.4000,13880,0,235363280.000,0,-,-,-,-,5470.4000,5469.4000,5468.8000,5468.0000,5467.4000,5471.4000,5472.0000,5472.2000,5472.4000,5472.6000,1,1,1,2,1,1,2,1,2,7
SF,IC2007,2020-06-10 09:33:17.700,5470.4000,13879,-1,236457360.000,1,0,1,双平,S,5469.4000,5468.8000,5468.0000,5467.4000,5465.8000,5469.6000,5471.4000,5472.2000,5472.4000,5472.6000,1,1,2,1,2,1,1,1,1,7
SF,IC2007,2020-06-10 09:33:18.200,5469.6000,13878,-1,237551280.000,1,0,1,双平,S,5471.4000,5470.0000,5469.4000,5468.8000,5468.0000,5472.2000,5472.4000,5472.6000,5474.4000,5474.8000,1,2,2,1,2,1,1,6,1,1
SF,IC2007,2020-06-10 09:33:18.700,5471.4000,13877,-1,238645560.000,1,0,1,双平,S,5470.0000,5469.4000,5468.0000,5467.4000,5465.8000,5471.2000,5471.4000,5471.8000,5472.0000,5472.6000,1,1,2,1,2,2,1,1,1,5
SF,IC2007,2020-06-10 09:33:19.200,5471.4000,13877,0,238645560.000,0,-,-,-,-,5470.2000,5470.0000,5469.4000,5468.0000,5467.4000,5471.4000,5472.0000,5472.6000,5474.4000,5474.8000,2,1,1,2,1,1,1,2,1,1
SF,IC2007,2020-06-10 09:33:19.700,5471.4000,13877,0,239739840.000,1,0,1,多换,S,5470.2000,5470.0000,5469.4000,5468.0000,5467.4000,5472.0000,5472.6000,5474.4000,5474.8000,5475.0000,2,1,1,2,1,1,2,1,1,1
SF,IC2007,2020-06-10 09:33:20.200,5471.4000,13877,0,239739840.000,0,-,-,-,-,5470.2000,5470.0000,5469.4000,5468.0000,5467.4000,5472.6000,5474.4000,5474.8000,5475.0000,5475.2000,1,1,1,2,1,2,1,1,1,1
SF,IC2007,2020-06-10 09:33:20.700,5471.4000,13877,0,239739840.000,0,-,-,-,-,5470.2000,5470.0000,5469.4000,5468.0000,5467.4000,5471.8000,5472.2000,5472.4000,5472.6000,5474.4000,1,1,1,2,1,2,1,1,3,1
SF,IC2007,2020-06-10 09:33:21.200,5471.4000,13877,0,239739840.000,0,-,-,-,-,5470.2000,5470.0000,5469.4000,5468.0000,5467.4000,5472.4000,5472.6000,5474.4000,5474.8000,5475.0000,1,1,1,2,1,1,2,1,1,1
SF,IC2007,2020-06-10 09:33:21.700,5471.4000,13877,0,239739840.000,0,-,-,-,-,5470.0000,5469.4000,5468.0000,5467.4000,5465.8000,5472.4000,5472.6000,5474.4000,5474.8000,5475.0000,1,1,2,1,2,1,2,1,1,1
SF,IC2007,2020-06-10 09:33:22.200,5471.4000,13877,0,239739840.000,0,-,-,-,-,5470.0000,5469.4000,5468.0000,5467.4000,5465.8000,5471.8000,5472.0000,5472.4000,5472.6000,5474.4000,1,1,2,1,2,2,4,1,1,1
SF,IC2007,2020-06-10 09:33:22.700,5471.4000,13877,0,239739840.000,0,-,-,-,-,5470.0000,5469.4000,5468.0000,5467.4000,5465.8000,5471.6000,5472.0000,5472.6000,5474.4000,5474.6000,1,1,2,1,2,1,4,1,1,1
SF,IC2007,2020-06-10 09:33:23.200,5471.4000,13877,0,239739840.000,0,-,-,-,-,5470.0000,5469.4000,5468.0000,5467.4000,5465.8000,5471.6000,5471.8000,5472.0000,5472.6000,5474.4000,1,1,2,1,2,1,2,4,1,1
SF,IC2007,2020-06-10 09:33:23.700,5471.4000,13877,0,239739840.000,0,-,-,-,-,5470.0000,5469.4000,5468.0000,5467.4000,5465.8000,5471.6000,5472.0000,5472.6000,5474.4000,5474.6000,1,1,2,1,2,1,2,1,1,1
SF,IC2007,2020-06-10 09:33:24.200,5471.4000,13877,0,239739840.000,0,-,-,-,-,5470.4000,5470.0000,5469.4000,5468.0000,5467.4000,5471.6000,5472.0000,5472.6000,5474.4000,5474.6000,1,1,1,2,1,1,2,1,1,1
SF,IC2007,2020-06-10 09:33:24.700,5471.6000,13877,0,240834160.000,1,0,1,多换,S,5470.4000,5470.0000,5469.4000,5468.0000,5467.4000,5472.0000,5472.6000,5474.4000,5474.6000,5474.8000,1,1,1,2,1,2,1,1,1,1
SF,IC2007,2020-06-10 09:33:25.200,5471.6000,13877,0,240834160.000,0,-,-,-,-,5470.6000,5470.4000,5470.0000,5469.4000,5468.0000,5472.0000,5472.6000,5474.4000,5474.6000,5474.8000,1,1,1,1,2,1,1,1,1,1
SF,IC2007,2020-06-10 09:33:25.700,5471.6000,13877,0,240834160.000,0,-,-,-,-,5470.6000,5470.4000,5470.0000,5469.4000,5468.0000,5472.0000,5472.6000,5474.4000,5474.6000,5474.8000,1,1,1,1,2,1,1,1,1,1
SF,IC2007,2020-06-10 09:33:26.200,5471.6000,13877,0,240834160.000,0,-,-,-,-,5470.6000,5470.4000,5470.0000,5469.4000,5468.0000,5471.8000,5472.0000,5472.6000,5474.4000,5474.6000,1,1,1,1,2,1,3,1,1,1
SF,IC2007,2020-06-10 09:33:26.700,5470.6000,13876,-1,241928280.000,1,0,1,双平,S,5470.0000,5469.4000,5468.0000,5467.4000,5465.8000,5471.8000,5472.0000,5472.6000,5474.4000,5474.6000,1,1,2,1,2,1,1,1,1,1
SF,IC2007,2020-06-10 09:33:27.200,5470.6000,13876,0,241928280.000,0,-,-,-,-,5469.4000,5468.0000,5467.4000,5465.8000,5465.6000,5471.4000,5471.6000,5471.8000,5472.0000,5472.6000,1,2,1,2,1,1,2,1,1,1
SF,IC2007,2020-06-10 09:33:27.700,5470.6000,13876,0,241928280.000,0,-,-,-,-,5469.4000,5468.0000,5467.4000,5465.8000,5465.6000,5471.2000,5471.4000,5471.6000,5472.0000,5472.6000,1,2,1,2,1,1,1,2,1,1
SF,IC2007,2020-06-10 09:33:28.200,5470.6000,13876,0,241928280.000,0,-,-,-,-,5469.4000,5468.0000,5467.4000,5465.8000,5465.6000,5471.2000,5471.4000,5472.0000,5472.6000,5474.4000,1,2,1,2,1,1,1,1,1,1
SF,IC2007,2020-06-10 09:33:28.700,5470.6000,13876,0,241928280.000,0,-,-,-,-,5469.4000,5468.0000,5467.4000,5465.8000,5465.6000,5470.8000,5471.2000,5471.4000,5472.6000,5474.4000,1,2,1,2,1,6,1,2,1,1
SF,IC2007,2020-06-10 09:33:29.200,5470.6000,13876,0,241928280.000,0,-,-,-,-,5469.4000,5468.0000,5467.4000,5465.8000,5465.6000,5470.6000,5470.8000,5471.4000,5472.6000,5474.4000,1,2,1,2,1,1,6,2,1,1
SF,IC2007,2020-06-10 09:33:29.700,5469.4000,13875,-1,243022160.000,1,0,1,双平,S,5468.0000,5467.4000,5465.8000,5465.6000,5465.2000,5469.4000,5470.0000,5470.2000,5470.4000,5470.6000,2,1,2,1,4,2,2,2,2,1
SF,IC2007,2020-06-10 09:33:30.200,5469.4000,13875,0,244116040.000,1,0,1,多换,S,5468.2000,5467.4000,5465.8000,5465.6000,5465.2000,5469.4000,5470.0000,5470.2000,5470.4000,5470.6000,1,1,2,1,4,1,2,4,2,1
SF,IC2007,2020-06-10 09:33:30.700,5469.4000,13875,0,245209920.000,1,0,1,多换,S,5469.4000,5468.4000,5468.2000,5467.4000,5465.8000,5470.2000,5470.6000,5470.8000,5471.4000,5474.4000,1,1,1,1,2,3,1,2,2,1
SF,IC2007,2020-06-10 09:33:31.200,5469.4000,13875,0,245209920.000,0,-,-,-,-,5469.4000,5468.2000,5467.4000,5465.8000,5465.6000,5470.6000,5471.4000,5474.4000,5474.6000,5474.8000,1,1,1,2,1,1,2,1,1,1
SF,IC2007,2020-06-10 09:33:31.700,5470.6000,13874,-1,247397920.000,2,0,2,多平,S,5470.6000,5468.2000,5467.4000,5465.8000,5465.6000,5471.4000,5474.4000,5474.6000,5474.8000,5475.0000,1,1,1,2,1,2,1,1,2,1
SF,IC2007,2020-06-10 09:33:32.200,5470.6000,13874,0,248492040.000,1,0,1,多换,S,5468.2000,5467.4000,5465.8000,5465.6000,5465.2000,5470.6000,5471.2000,5471.4000,5474.4000,5474.6000,1,1,2,1,4,1,1,2,1,1
SF,IC2007,2020-06-10 09:33:32.700,5470.6000,13874,0,248492040.000,0,-,-,-,-,5469.4000,5468.2000,5467.4000,5465.8000,5465.6000,5470.2000,5470.4000,5470.6000,5470.8000,5471.0000,1,1,1,2,1,1,5,3,2,2
SF,IC2007,2020-06-10 09:33:33.200,5470.6000,13874,0,248492040.000,0,-,-,-,-,5469.4000,5468.2000,5467.4000,5465.8000,5465.6000,5470.4000,5470.6000,5470.8000,5471.0000,5471.4000,1,1,1,2,1,5,3,2,2,2
SF,IC2007,2020-06-10 09:33:33.700,5470.6000,13874,0,248492040.000,0,-,-,-,-,5469.4000,5468.2000,5468.0000,5467.4000,5465.8000,5470.6000,5471.4000,5472.2000,5474.4000,5474.6000,1,1,1,1,2,1,2,1,1,1
SF,IC2007,2020-06-10 09:33:34.200,5470.6000,13874,0,249586160.000,1,0,1,多换,S,5469.4000,5468.2000,5468.0000,5467.4000,5465.8000,5471.4000,5472.2000,5474.4000,5474.6000,5474.8000,1,1,1,1,2,2,1,1,1,2
SF,IC2007,2020-06-10 09:33:34.700,5470.6000,13874,0,249586160.000,0,-,-,-,-,5469.6000,5469.4000,5468.0000,5467.4000,5465.8000,5471.2000,5471.4000,5472.2000,5473.4000,5474.4000,1,1,1,1,2,1,2,1,1,1
SF,IC2007,2020-06-10 09:33:35.200,5470.6000,13874,0,249586160.000,0,-,-,-,-,5469.6000,5469.4000,5468.0000,5467.4000,5465.8000,5471.2000,5471.4000,5472.2000,5473.4000,5474.4000,1,1,1,1,2,1,4,1,1,1
SF,IC2007,2020-06-10 09:33:36.700,5470.6000,13874,0,249586160.000,0,-,-,-,-,5469.6000,5469.4000,5468.0000,5467.4000,5465.8000,5471.2000,5471.4000,5472.2000,5473.4000,5474.4000,1,1,1,1,2,1,2,1,1,1
SF,IC2007,2020-06-10 09:33:37.200,5470.6000,13874,0,249586160.000,0,-,-,-,-,5469.6000,5469.4000,5468.0000,5467.4000,5465.8000,5471.2000,5471.4000,5472.0000,5472.2000,5473.4000,1,1,1,1,2,1,2,1,1,1
SF,IC2007,2020-06-10 09:33:37.700,5470.6000,13874,0,249586160.000,0,-,-,-,-,5469.6000,5469.4000,5468.0000,5467.4000,5465.8000,5471.2000,5471.4000,5472.0000,5472.2000,5473.4000,1,1,1,1,2,1,2,1,1,1
SF,IC2007,2020-06-10 09:33:38.200,5470.6000,13874,0,249586160.000,0,-,-,-,-,5469.6000,5469.4000,5468.0000,5467.4000,5465.8000,5471.4000,5472.0000,5472.2000,5473.4000,5474.4000,1,1,1,1,2,2,1,1,1,1
SF,IC2007,2020-06-10 09:33:38.700,5470.6000,13874,0,249586160.000,0,-,-,-,-,5469.6000,5469.4000,5469.2000,5468.0000,5467.4000,5471.4000,5472.0000,5472.2000,5473.4000,5474.4000,1,1,1,1,1,2,1,1,1,1
SF,IC2007,2020-06-10 09:33:39.200,5470.6000,13874,0,249586160.000,0,-,-,-,-,5469.6000,5469.4000,5469.2000,5468.0000,5467.4000,5472.0000,5472.2000,5473.4000,5474.4000,5474.6000,1,1,1,1,1,1,1,1,1,1
SF,IC2007,2020-06-10 09:33:39.700,5470.6000,13874,0,249586160.000,0,-,-,-,-,5469.6000,5469.4000,5469.2000,5468.0000,5467.4000,5471.8000,5472.0000,5472.2000,5473.4000,5474.4000,1,1,1,1,1,1,1,1,1,1
SF,IC2007,2020-06-10 09:33:40.200,5470.6000,13874,0,249586160.000,0,-,-,-,-,5469.6000,5469.4000,5469.2000,5468.0000,5467.4000,5471.4000,5471.6000,5471.8000,5472.0000,5472.2000,1,1,1,1,1,1,5,1,2,1
SF,IC2007,2020-06-10 09:33:40.700,5470.6000,13874,0,249586160.000,0,-,-,-,-,5469.6000,5469.4000,5469.2000,5468.0000,5467.4000,5471.2000,5471.4000,5472.0000,5472.2000,5473.4000,1,1,1,1,1,1,4,2,1,1
SF,IC2007,2020-06-10 09:33:41.200,5470.6000,13874,0,249586160.000,0,-,-,-,-,5469.6000,5469.4000,5469.2000,5468.0000,5467.4000,5471.2000,5471.4000,5472.0000,5472.2000,5473.4000,1,1,1,1,1,1,2,2,1,1
SF,IC2007,2020-06-10 09:33:41.700,5470.6000,13874,0,249586160.000,0,-,-,-,-,5469.4000,5469.2000,5468.0000,5467.4000,5465.8000,5469.6000,5471.2000,5471.4000,5472.0000,5472.2000,1,1,1,1,2,1,1,2,2,1
SF,IC2007,2020-06-10 09:33:42.200,5469.6000,13874,0,250680080.000,1,0,1,多换,S,5469.6000,5469.4000,5469.2000,5468.0000,5467.4000,5471.2000,5471.4000,5472.0000,5474.4000,5474.6000,2,2,1,1,1,1,2,2,1,1
SF,IC2007,2020-06-10 09:33:42.700,5469.6000,13874,0,250680080.000,0,-,-,-,-,5469.6000,5469.4000,5469.2000,5468.0000,5467.4000,5471.2000,5471.4000,5472.0000,5474.4000,5474.6000,1,2,1,1,1,1,2,2,1,1
SF,IC2007,2020-06-10 09:33:43.200,5469.6000,13874,0,250680080.000,0,-,-,-,-,5469.8000,5469.6000,5469.4000,5469.2000,5468.0000,5471.2000,5471.4000,5472.0000,5474.4000,5474.6000,1,1,2,1,1,1,2,2,1,1
SF,IC2007,2020-06-10 09:33:43.700,5469.6000,13874,0,250680080.000,0,-,-,-,-,5469.8000,5469.6000,5469.4000,5469.2000,5468.0000,5471.2000,5471.4000,5472.0000,5474.4000,5474.6000,1,1,1,1,1,1,2,2,1,1
SF,IC2007,2020-06-10 09:33:44.200,5469.6000,13874,0,250680080.000,0,-,-,-,-,5469.8000,5469.6000,5469.4000,5469.2000,5467.4000,5471.2000,5471.4000,5472.0000,5474.4000,5474.6000,1,1,1,1,1,1,2,2,1,1
SF,IC2007,2020-06-10 09:33:44.700,5469.6000,13874,0,250680080.000,0,-,-,-,-,5469.8000,5469.4000,5469.2000,5467.4000,5465.8000,5471.2000,5471.4000,5472.0000,5474.4000,5474.6000,1,1,1,1,2,3,2,2,1,1
SF,IC2007,2020-06-10 09:33:45.200,5469.6000,13874,0,250680080.000,0,-,-,-,-,5469.4000,5469.2000,5467.4000,5465.8000,5465.6000,5470.8000,5471.2000,5471.4000,5472.0000,5474.4000,1,1,1,2,1,1,1,2,2,1
SF,IC2007,2020-06-10 09:33:45.700,5469.6000,13874,0,250680080.000,0,-,-,-,-,5469.4000,5469.2000,5467.4000,5465.8000,5465.6000,5470.6000,5470.8000,5472.0000,5474.4000,5474.6000,1,1,1,2,1,1,4,2,1,1
SF,IC2007,2020-06-10 09:33:46.700,5469.6000,13874,0,250680080.000,0,-,-,-,-,5469.4000,5469.2000,5467.4000,5465.8000,5465.6000,5470.6000,5470.8000,5472.0000,5474.4000,5474.6000,1,1,1,2,1,1,1,2,1,1
SF,IC2007,2020-06-10 09:33:47.200,5469.4000,13873,-1,251773960.000,1,0,1,双平,S,5469.2000,5467.4000,5465.8000,5465.6000,5464.8000,5470.6000,5470.8000,5472.0000,5474.4000,5474.6000,1,1,2,1,1,1,1,2,1,1
SF,IC2007,2020-06-10 09:33:47.700,5469.4000,13873,0,251773960.000,0,-,-,-,-,5469.2000,5467.4000,5465.8000,5465.6000,5464.8000,5470.6000,5470.8000,5472.0000,5474.4000,5474.6000,1,1,2,1,1,3,1,2,1,1
SF,IC2007,2020-06-10 09:33:48.200,5469.4000,13873,0,251773960.000,0,-,-,-,-,5469.2000,5467.4000,5465.8000,5465.6000,5464.8000,5470.6000,5472.0000,5474.4000,5474.6000,5474.8000,1,1,2,1,1,1,2,1,1,2
SF,IC2007,2020-06-10 09:33:49.200,5469.4000,13873,0,251773960.000,0,-,-,-,-,5469.2000,5467.4000,5465.8000,5465.6000,5464.8000,5470.6000,5472.0000,5474.4000,5474.6000,5474.8000,1,1,2,1,1,2,2,1,1,2
SF,IC2007,2020-06-10 09:33:49.700,5469.4000,13873,0,251773960.000,0,-,-,-,-,5469.4000,5469.2000,5467.4000,5465.8000,5465.6000,5470.6000,5472.0000,5474.4000,5474.6000,5474.8000,1,1,1,2,1,1,2,1,1,2
SF,IC2007,2020-06-10 09:33:50.200,5469.4000,13873,0,251773960.000,0,-,-,-,-,5469.4000,5469.2000,5467.4000,5465.8000,5465.6000,5470.6000,5472.0000,5474.4000,5474.6000,5474.8000,1,1,1,2,1,1,2,1,1,2
SF,IC2007,2020-06-10 09:33:50.700,5469.4000,13872,-1,252867840.000,1,0,1,双平,S,5469.2000,5467.4000,5465.8000,5465.6000,5464.8000,5470.4000,5470.6000,5472.0000,5474.4000,5474.6000,1,1,2,1,1,1,1,2,1,1
SF,IC2007,2020-06-10 09:33:51.200,5469.2000,13871,-1,253961680.000,1,0,1,双平,S,5467.4000,5465.8000,5465.6000,5464.8000,5463.8000,5469.4000,5470.0000,5470.2000,5470.4000,5472.0000,1,2,1,1,1,1,3,2,2,2
SF,IC2007,2020-06-10 09:33:51.700,5469.2000,13871,0,253961680.000,0,-,-,-,-,5467.6000,5465.8000,5465.6000,5464.8000,5463.8000,5469.2000,5469.4000,5470.0000,5472.0000,5474.4000,1,2,1,1,1,1,2,3,2,1
SF,IC2007,2020-06-10 09:33:52.200,5469.2000,13871,0,253961680.000,0,-,-,-,-,5467.6000,5465.8000,5465.6000,5464.8000,5463.8000,5469.2000,5469.4000,5470.0000,5472.0000,5474.4000,1,2,1,1,1,1,1,1,2,1
SF,IC2007,2020-06-10 09:33:52.700,5469.2000,13871,0,253961680.000,0,-,-,-,-,5467.6000,5465.8000,5465.6000,5464.8000,5463.8000,5469.2000,5470.0000,5472.0000,5474.4000,5474.6000,1,2,1,1,1,1,1,2,1,1
SF,IC2007,2020-06-10 09:33:53.200,5469.2000,13870,-1,256149360.000,2,0,2,多平,S,5468.0000,5467.6000,5465.8000,5465.6000,5464.8000,5472.0000,5474.4000,5474.6000,5474.8000,5475.0000,1,1,2,1,1,2,1,1,2,1
SF,IC2007,2020-06-10 09:33:53.700,5469.2000,13870,0,256149360.000,0,-,-,-,-,5468.2000,5465.8000,5465.6000,5464.8000,5463.8000,5471.6000,5471.8000,5472.0000,5472.4000,5474.4000,2,2,1,1,1,2,1,2,1,1
SF,IC2007,2020-06-10 09:33:54.200,5469.2000,13870,0,256149360.000,0,-,-,-,-,5468.2000,5465.8000,5465.6000,5464.8000,5463.8000,5470.4000,5471.2000,5471.4000,5471.6000,5471.8000,2,2,1,1,1,2,1,1,6,1
SF,IC2007,2020-06-10 09:33:54.700,5469.2000,13870,0,256149360.000,0,-,-,-,-,5468.2000,5465.8000,5465.6000,5464.8000,5463.8000,5470.2000,5471.2000,5471.6000,5472.0000,5472.4000,2,2,1,1,1,1,1,6,2,1
SF,IC2007,2020-06-10 09:33:55.200,5469.2000,13870,0,256149360.000,0,-,-,-,-,5468.2000,5465.8000,5465.6000,5464.8000,5463.8000,5470.2000,5471.2000,5471.6000,5472.0000,5472.4000,1,2,1,1,1,3,1,6,2,1
SF,IC2007,2020-06-10 09:33:55.700,5469.2000,13870,0,256149360.000,0,-,-,-,-,5468.2000,5465.8000,5465.6000,5464.8000,5463.8000,5470.2000,5471.2000,5471.6000,5472.0000,5472.4000,1,2,1,1,1,1,1,6,2,1
SF,IC2007,2020-06-10 09:33:56.200,5469.2000,13870,0,256149360.000,0,-,-,-,-,5468.2000,5465.8000,5465.6000,5464.8000,5463.8000,5470.2000,5471.2000,5471.6000,5472.0000,5472.4000,1,2,1,1,1,1,1,5,2,1
SF,IC2007,2020-06-10 09:33:57.200,5469.2000,13870,0,256149360.000,0,-,-,-,-,5468.2000,5465.8000,5465.6000,5464.8000,5463.8000,5470.2000,5471.2000,5471.6000,5472.0000,5472.4000,1,2,1,1,1,1,1,5,1,1
SF,IC2007,2020-06-10 09:33:57.700,5469.2000,13870,0,256149360.000,0,-,-,-,-,5468.2000,5465.8000,5465.6000,5464.8000,5463.8000,5470.0000,5470.2000,5471.2000,5471.6000,5472.0000,1,2,1,1,1,1,1,1,5,1
SF,IC2007,2020-06-10 09:33:58.200,5468.2000,13869,-1,257243000.000,1,0,1,双平,S,5465.8000,5465.6000,5464.8000,5463.8000,5462.2000,5469.8000,5470.0000,5471.2000,5471.6000,5472.0000,2,1,1,1,3,1,1,1,5,1
SF,IC2007,2020-06-10 09:33:58.700,5469.8000,13869,0,258336960.000,1,0,1,多换,S,5466.0000,5465.8000,5465.6000,5464.8000,5463.8000,5470.0000,5471.2000,5471.6000,5472.0000,5472.4000,6,2,2,1,1,1,1,5,1,1
SF,IC2007,2020-06-10 09:33:59.200,5469.8000,13869,0,258336960.000,0,-,-,-,-,5466.8000,5466.2000,5466.0000,5465.6000,5464.8000,5469.8000,5470.0000,5471.2000,5471.6000,5472.0000,1,1,6,2,1,1,1,1,5,1
SF,IC2007,2020-06-10 09:33:59.700,5469.8000,13869,0,258336960.000,0,-,-,-,-,5467.2000,5467.0000,5466.8000,5466.2000,5466.0000,5469.8000,5470.0000,5471.2000,5471.6000,5472.0000,1,5,1,1,2,1,1,1,5,1
SF,IC2007,2020-06-10 09:34:00.200,5469.8000,13869,0,258336960.000,0,-,-,-,-,5467.4000,5467.0000,5466.0000,5465.6000,5464.8000,5469.6000,5469.8000,5470.0000,5471.2000,5471.6000,2,2,2,1,1,1,1,1,1,5
SF,IC2007,2020-06-10 09:34:00.700,5469.8000,13869,0,258336960.000,0,-,-,-,-,5467.4000,5467.0000,5466.0000,5465.6000,5464.8000,5469.4000,5469.6000,5470.0000,5471.2000,5471.6000,2,2,2,1,1,1,1,1,1,5
SF,IC2007,2020-06-10 09:34:01.200,5469.8000,13869,0,258336960.000,0,-,-,-,-,5467.4000,5467.0000,5466.0000,5465.6000,5464.8000,5469.4000,5469.6000,5470.0000,5471.2000,5471.6000,1,2,2,1,1,1,1,1,1,5
SF,IC2007,2020-06-10 09:34:01.700,5469.8000,13869,0,258336960.000,0,-,-,-,-,5469.0000,5467.4000,5467.0000,5466.0000,5465.6000,5469.2000,5469.4000,5470.0000,5471.2000,5471.6000,1,1,2,2,1,1,1,1,1,5
SF,IC2007,2020-06-10 09:34:02.200,5469.0000,13868,-1,260524560.000,2,0,2,多平,S,5467.4000,5467.0000,5466.0000,5465.6000,5464.8000,5469.2000,5470.0000,5471.2000,5471.6000,5472.0000,1,2,2,1,1,1,1,1,5,1
SF,IC2007,2020-06-10 09:34:03.200,5469.0000,13868,0,260524560.000,0,-,-,-,-,5467.4000,5467.0000,5466.0000,5465.6000,5464.8000,5469.0000,5469.2000,5470.0000,5471.2000,5471.6000,1,2,2,1,1,1,1,1,1,5
SF,IC2007,2020-06-10 09:34:03.700,5469.0000,13868,0,260524560.000,0,-,-,-,-,5467.4000,5467.0000,5466.0000,5465.6000,5464.8000,5468.8000,5469.0000,5469.2000,5470.0000,5471.2000,1,2,2,1,1,1,1,1,1,1
SF,IC2007,2020-06-10 09:34:04.200,5469.0000,13868,0,260524560.000,0,-,-,-,-,5467.0000,5466.4000,5466.0000,5465.6000,5464.8000,5468.8000,5469.0000,5469.2000,5470.0000,5471.2000,2,1,2,1,1,1,1,1,1,1
SF,IC2007,2020-06-10 09:34:04.700,5469.0000,13868,0,260524560.000,0,-,-,-,-,5466.4000,5466.0000,5465.6000,5464.8000,5463.8000,5468.4000,5468.8000,5469.0000,5469.2000,5470.0000,1,2,1,1,1,1,1,1,1,1
SF,IC2007,2020-06-10 09:34:05.200,5469.0000,13868,0,260524560.000,0,-,-,-,-,5466.4000,5466.0000,5464.8000,5463.8000,5462.2000,5468.2000,5468.4000,5468.8000,5469.0000,5469.2000,1,2,1,1,3,1,1,2,1,1
SF,IC2007,2020-06-10 09:34:05.700,5469.0000,13868,0,260524560.000,0,-,-,-,-,5466.4000,5466.0000,5464.8000,5463.8000,5462.2000,5467.8000,5468.0000,5468.2000,5468.4000,5469.0000,1,1,1,1,3,3,1,1,1,1
SF,IC2007,2020-06-10 09:34:06.200,5469.0000,13868,0,260524560.000,0,-,-,-,-,5466.4000,5466.0000,5464.8000,5463.8000,5462.2000,5467.6000,5468.0000,5469.0000,5470.0000,5471.6000,1,1,1,1,3,1,1,1,1,2
SF,IC2007,2020-06-10 09:34:07.200,5469.0000,13868,0,260524560.000,0,-,-,-,-,5466.4000,5466.0000,5464.8000,5463.8000,5462.2000,5467.6000,5468.0000,5469.0000,5471.6000,5474.4000,1,1,1,1,3,2,1,1,2,1
SF,IC2007,2020-06-10 09:34:07.700,5469.0000,13868,0,260524560.000,0,-,-,-,-,5466.4000,5466.0000,5464.8000,5463.8000,5462.2000,5467.6000,5469.0000,5471.6000,5474.4000,5474.6000,1,1,1,1,3,4,1,2,1,1
SF,IC2007,2020-06-10 09:34:08.200,5469.0000,13868,0,260524560.000,0,-,-,-,-,5466.4000,5466.0000,5464.8000,5463.8000,5462.2000,5467.6000,5469.0000,5471.6000,5474.4000,5474.6000,1,1,1,1,3,2,1,2,1,1
SF,IC2007,2020-06-10 09:34:08.700,5466.4000,13868,0,261617840.000,1,0,1,多换,S,5466.0000,5464.8000,5463.8000,5462.2000,5461.4000,5467.4000,5467.6000,5469.0000,5471.6000,5474.4000,1,1,1,3,4,1,2,1,2,1
SF,IC2007,2020-06-10 09:34:09.200,5466.4000,13868,0,261617840.000,0,-,-,-,-,5464.8000,5463.8000,5462.2000,5461.4000,5461.2000,5466.4000,5466.8000,5467.0000,5467.2000,5467.4000,1,1,3,4,1,5,2,1,3,1
SF,IC2007,2020-06-10 09:34:09.700,5466.4000,13868,0,263804400.000,2,1,1,多换,S,5465.0000,5464.8000,5463.8000,5462.2000,5461.4000,5466.4000,5467.2000,5469.0000,5474.4000,5474.6000,3,1,1,3,4,4,2,1,1,1
SF,IC2007,2020-06-10 09:34:10.200,5466.4000,13868,0,268177520.000,4,2,2,多换,S,5466.4000,5465.6000,5465.2000,5465.0000,5464.8000,5469.0000,5474.4000,5474.6000,5474.8000,5475.0000,1,1,1,3,1,1,1,1,2,1
SF,IC2007,2020-06-10 09:34:10.700,5466.4000,13868,0,268177520.000,0,-,-,-,-,5466.6000,5466.4000,5465.0000,5464.8000,5463.8000,5468.4000,5468.6000,5468.8000,5469.0000,5469.2000,2,2,3,1,1,1,2,3,1,1
SF,IC2007,2020-06-10 09:34:11.200,5466.4000,13868,0,269270800.000,1,0,1,多换,S,5466.4000,5465.0000,5464.8000,5463.8000,5462.2000,5468.2000,5468.4000,5468.6000,5468.8000,5469.0000,1,3,1,1,3,1,1,2,2,1
SF,IC2007,2020-06-10 09:34:11.700,5466.4000,13868,0,269270800.000,0,-,-,-,-,5465.0000,5464.8000,5463.8000,5462.2000,5461.4000,5467.8000,5468.0000,5468.2000,5468.4000,5468.6000,3,1,1,3,4,2,4,1,2,1
SF,IC2007,2020-06-10 09:34:12.200,5466.4000,13868,0,269270800.000,0,-,-,-,-,5465.2000,5465.0000,5464.8000,5463.8000,5462.4000,5467.4000,5467.6000,5467.8000,5468.0000,5468.4000,1,2,1,1,1,5,1,4,1,3
SF,IC2007,2020-06-10 09:34:12.700,5466.4000,13868,0,269270800.000,0,-,-,-,-,5465.2000,5465.0000,5464.8000,5463.8000,5462.4000,5467.2000,5467.4000,5467.8000,5468.0000,5468.4000,1,2,1,1,1,1,5,4,1,3
SF,IC2007,2020-06-10 09:34:13.200,5466.4000,13868,0,269270800.000,0,-,-,-,-,5465.2000,5465.0000,5464.8000,5463.8000,5462.4000,5467.2000,5467.4000,5467.8000,5468.0000,5468.4000,1,2,1,1,1,1,3,3,1,3
SF,IC2007,2020-06-10 09:34:13.700,5466.4000,13868,0,269270800.000,0,-,-,-,-,5465.2000,5465.0000,5464.8000,5463.8000,5462.4000,5467.4000,5467.8000,5468.0000,5468.4000,5468.6000,1,2,1,1,1,1,1,1,1,1
SF,IC2007,2020-06-10 09:34:14.200,5465.2000,13868,0,270363840.000,1,0,1,多换,S,5465.0000,5464.8000,5463.8000,5462.4000,5462.2000,5466.4000,5467.0000,5467.2000,5467.4000,5468.0000,2,1,1,1,3,1,3,1,1,1
SF,IC2007,2020-06-10 09:34:14.700,5466.4000,13868,0,271457120.000,1,0,1,多换,S,5466.4000,5465.2000,5465.0000,5464.8000,5463.8000,5467.2000,5467.4000,5468.0000,5468.4000,5468.6000,1,1,2,1,1,1,1,1,1,1
SF,IC2007,2020-06-10 09:34:15.200,5467.2000,13867,-1,272550560.000,1,0,1,双平,S,5465.2000,5465.0000,5464.8000,5463.8000,5462.4000,5467.4000,5468.0000,5468.4000,5468.6000,5469.0000,1,2,1,1,1,1,1,1,1,1
SF,IC2007,2020-06-10 09:34:15.700,5467.2000,13867,0,272550560.000,0,-,-,-,-,5465.2000,5465.0000,5464.8000,5463.8000,5462.4000,5467.0000,5467.2000,5467.4000,5468.0000,5468.4000,1,2,1,1,1,2,3,1,1,1
SF,IC2007,2020-06-10 09:34:16.200,5467.2000,13867,0,272550560.000,0,-,-,-,-,5465.2000,5465.0000,5464.8000,5463.8000,5462.4000,5466.8000,5467.0000,5468.0000,5468.4000,5468.6000,1,2,1,1,1,1,4,1,1,1
SF,IC2007,2020-06-10 09:34:16.700,5467.2000,13867,0,272550560.000,0,-,-,-,-,5464.8000,5463.8000,5462.4000,5462.2000,5461.4000,5465.2000,5466.8000,5467.0000,5468.0000,5468.4000,1,1,1,3,4,1,3,4,1,1
SF,IC2007,2020-06-10 09:34:17.200,5465.2000,13866,-1,273643600.000,1,0,1,双平,S,5465.2000,5464.8000,5463.8000,5462.4000,5462.2000,5466.8000,5467.0000,5468.0000,5468.4000,5469.0000,1,1,1,1,3,1,3,1,1,1
SF,IC2007,2020-06-10 09:34:17.700,5465.2000,13865,-1,274736640.000,1,0,1,双平,S,5464.8000,5463.8000,5462.4000,5462.2000,5461.4000,5466.8000,5467.0000,5468.0000,5468.4000,5469.0000,1,1,1,3,4,1,2,1,1,1
SF,IC2007,2020-06-10 09:34:18.200,5465.2000,13865,0,274736640.000,0,-,-,-,-,5465.0000,5464.8000,5463.8000,5462.4000,5462.2000,5466.8000,5467.0000,5468.0000,5468.4000,5469.0000,1,1,1,1,3,3,2,1,1,1
SF,IC2007,2020-06-10 09:34:18.700,5465.0000,13864,-1,275829640.000,1,0,1,双平,S,5464.8000,5463.8000,5462.4000,5462.2000,5461.4000,5466.8000,5467.0000,5468.0000,5468.4000,5469.0000,1,1,1,3,4,3,2,1,1,1
SF,IC2007,2020-06-10 09:34:19.200,5464.8000,13863,-1,276922600.000,1,0,1,双平,S,5463.8000,5462.4000,5462.2000,5461.4000,5461.2000,5464.8000,5466.8000,5467.0000,5468.0000,5468.4000,1,1,3,4,1,1,1,2,1,1
SF,IC2007,2020-06-10 09:34:19.700,5464.8000,13862,-1,278015560.000,1,0,1,双平,S,5465.2000,5464.8000,5464.2000,5464.0000,5463.8000,5469.0000,5474.4000,5474.6000,5474.8000,5475.0000,2,3,3,2,2,1,1,1,2,1
SF,IC2007,2020-06-10 09:34:20.200,5464.8000,13861,-1,279108520.000,1,0,1,双平,S,5465.2000,5464.8000,5464.0000,5463.8000,5462.4000,5467.8000,5468.4000,5468.6000,5468.8000,5469.0000,1,2,2,1,1,2,4,5,4,1
SF,IC2007,2020-06-10 09:34:20.700,5464.8000,13861,0,279108520.000,0,-,-,-,-,5465.0000,5464.0000,5463.8000,5462.4000,5462.2000,5467.4000,5467.6000,5467.8000,5468.0000,5468.4000,1,2,1,1,3,3,2,2,1,3
SF,IC2007,2020-06-10 09:34:21.200,5465.2000,13860,-1,280201560.000,1,0,1,双平,S,5465.2000,5465.0000,5464.0000,5463.8000,5462.4000,5467.2000,5467.6000,5468.0000,5468.4000,5468.6000,2,1,1,1,1,1,1,1,1,5
SF,IC2007,2020-06-10 09:34:21.700,5465.2000,13860,0,280201560.000,0,-,-,-,-,5464.0000,5463.8000,5462.4000,5462.2000,5461.4000,5467.0000,5467.2000,5467.6000,5468.0000,5468.4000,1,1,1,3,4,1,1,1,1,1
SF,IC2007,2020-06-10 09:34:22.200,5465.2000,13859,-1,281294600.000,1,0,1,双平,S,5464.2000,5464.0000,5463.8000,5462.4000,5462.2000,5466.8000,5467.0000,5468.0000,5468.4000,5468.6000,2,1,1,1,3,2,1,1,1,5
SF,IC2007,2020-06-10 09:34:22.700,5465.2000,13859,0,281294600.000,0,-,-,-,-,5464.4000,5464.2000,5463.8000,5462.4000,5462.2000,5466.8000,5467.0000,5468.0000,5468.4000,5468.6000,1,4,2,1,3,2,1,1,1,5
SF,IC2007,2020-06-10 09:34:23.200,5466.8000,13857,-2,284574240.000,3,0,3,多平,S,5464.6000,5464.4000,5464.2000,5463.8000,5462.4000,5467.0000,5468.0000,5468.4000,5468.6000,5468.8000,1,1,2,2,1,1,1,1,5,1
SF,IC2007,2020-06-10 09:34:23.700,5464.8000,13856,-1,285667200.000,1,0,1,双平,S,5464.8000,5464.6000,5464.4000,5464.2000,5463.8000,5465.0000,5466.8000,5467.0000,5468.0000,5468.4000,1,1,1,2,2,1,1,1,1,1
SF,IC2007,2020-06-10 09:34:24.200,5465.0000,13854,-2,287853200.000,2,0,2,双平,S,5465.4000,5465.2000,5465.0000,5464.8000,5464.2000,5467.0000,5468.0000,5468.6000,5468.8000,5469.0000,1,1,4,2,2,1,1,4,1,1
SF,IC2007,2020-06-10 09:34:24.700,5466.8000,13853,-1,288946560.000,1,0,1,双平,S,5465.6000,5465.2000,5465.0000,5464.8000,5464.2000,5467.0000,5468.0000,5468.6000,5468.8000,5469.0000,1,1,2,2,2,1,1,2,1,1
SF,IC2007,2020-06-10 09:34:25.200,5466.8000,13853,0,288946560.000,0,-,-,-,-,5465.6000,5465.2000,5464.8000,5464.2000,5463.8000,5466.8000,5467.0000,5468.0000,5468.6000,5468.8000,1,1,2,2,2,1,1,1,2,1
SF,IC2007,2020-06-10 09:34:25.700,5465.6000,13852,-1,290039680.000,1,0,1,双平,S,5465.2000,5464.8000,5464.2000,5463.8000,5462.4000,5466.8000,5467.0000,5468.0000,5468.6000,5468.8000,1,2,2,2,1,1,1,1,2,1
SF,IC2007,2020-06-10 09:34:26.200,5465.6000,13852,0,290039680.000,0,-,-,-,-,5465.4000,5464.8000,5464.2000,5463.8000,5462.4000,5466.8000,5467.0000,5468.0000,5468.6000,5468.8000,1,2,2,2,1,1,1,1,2,1
SF,IC2007,2020-06-10 09:34:26.700,5465.6000,13852,0,290039680.000,0,-,-,-,-,5465.4000,5465.0000,5464.8000,5464.2000,5463.8000,5466.8000,5467.0000,5468.0000,5468.6000,5468.8000,2,10,2,2,2,1,1,1,2,1
SF,IC2007,2020-06-10 09:34:27.200,5465.6000,13852,0,290039680.000,0,-,-,-,-,5465.4000,5465.0000,5464.8000,5464.2000,5463.8000,5466.4000,5466.8000,5467.0000,5468.0000,5468.6000,1,10,2,1,1,1,1,1,1,2
SF,IC2007,2020-06-10 09:34:27.700,5465.6000,13852,0,291132800.000,1,0,1,多换,S,5465.0000,5464.8000,5464.2000,5463.8000,5462.4000,5466.4000,5466.8000,5467.0000,5468.0000,5468.6000,10,2,1,1,1,1,1,1,1,2
SF,IC2007,2020-06-10 09:34:28.200,5466.0000,13851,-1,293319280.000,2,0,2,多平,S,5465.0000,5464.8000,5464.2000,5463.8000,5462.4000,5466.2000,5468.0000,5468.6000,5468.8000,5469.0000,10,2,1,1,1,1,1,2,1,1
SF,IC2007,2020-06-10 09:34:28.700,5466.0000,13851,0,293319280.000,0,-,-,-,-,5465.0000,5464.8000,5464.2000,5463.8000,5462.4000,5468.0000,5468.6000,5468.8000,5469.0000,5469.4000,10,2,1,1,1,1,2,1,1,1
SF,IC2007,2020-06-10 09:34:29.200,5466.0000,13851,0,293319280.000,0,-,-,-,-,5465.2000,5465.0000,5464.8000,5464.2000,5463.8000,5467.8000,5468.0000,5468.6000,5468.8000,5469.0000,2,10,2,1,1,1,1,2,1,1
SF,IC2007,2020-06-10 09:34:29.700,5466.0000,13851,0,293319280.000,0,-,-,-,-,5465.2000,5465.0000,5464.8000,5464.2000,5463.8000,5467.8000,5468.0000,5468.6000,5469.0000,5469.4000,2,10,2,1,1,1,1,2,1,1
SF,IC2007,2020-06-10 09:34:30.200,5466.0000,13851,0,293319280.000,0,-,-,-,-,5465.4000,5465.2000,5465.0000,5464.8000,5464.2000,5467.8000,5468.6000,5469.0000,5469.4000,5472.0000,1,2,10,2,1,1,2,1,1,1
SF,IC2007,2020-06-10 09:34:30.700,5466.0000,13851,0,293319280.000,0,-,-,-,-,5465.6000,5465.4000,5465.2000,5464.8000,5464.2000,5468.6000,5469.0000,5469.4000,5472.0000,5474.4000,1,2,1,1,1,2,1,1,1,1
SF,IC2007,2020-06-10 09:34:31.200,5466.0000,13851,0,293319280.000,0,-,-,-,-,5465.8000,5465.6000,5465.4000,5464.2000,5464.0000,5468.4000,5469.0000,5469.4000,5472.0000,5474.4000,2,1,2,1,1,1,1,1,1,1
SF,IC2007,2020-06-10 09:34:31.700,5466.0000,13851,0,293319280.000,0,-,-,-,-,5466.0000,5465.8000,5465.6000,5465.4000,5464.2000,5468.4000,5469.0000,5469.4000,5472.0000,5474.4000,1,3,1,2,1,1,1,1,1,1
SF,IC2007,2020-06-10 09:34:32.200,5466.0000,13850,-1,294412480.000,1,0,1,双平,S,5465.8000,5465.4000,5464.2000,5464.0000,5463.8000,5468.4000,5469.0000,5469.4000,5472.0000,5474.4000,3,2,1,1,1,1,1,1,1,1
SF,IC2007,2020-06-10 09:34:32.700,5466.0000,13850,0,294412480.000,0,-,-,-,-,5466.0000,5465.8000,5465.6000,5465.4000,5464.2000,5468.4000,5469.0000,5469.4000,5472.0000,5474.4000,1,3,1,1,1,1,1,1,1,1
SF,IC2007,2020-06-10 09:34:33.200,5466.0000,13850,0,294412480.000,0,-,-,-,-,5466.2000,5466.0000,5465.8000,5465.6000,5465.4000,5468.4000,5469.0000,5469.4000,5472.0000,5474.4000,1,1,3,1,1,1,1,1,1,1
SF,IC2007,2020-06-10 09:34:33.700,5466.0000,13850,0,294412480.000,0,-,-,-,-,5466.4000,5466.2000,5465.8000,5465.6000,5465.4000,5468.4000,5469.0000,5469.4000,5472.0000,5474.4000,1,1,3,1,1,1,1,1,1,1
SF,IC2007,2020-06-10 09:34:34.200,5466.0000,13851,1,295505680.000,1,1,0,双开,S,5466.4000,5466.2000,5465.8000,5465.6000,5465.4000,5468.4000,5469.0000,5469.4000,5472.0000,5474.4000,1,1,2,1,1,1,1,1,1,1
SF,IC2007,2020-06-10 09:34:34.700,5466.0000,13851,0,295505680.000,0,-,-,-,-,5466.2000,5465.8000,5465.6000,5465.4000,5464.2000,5468.4000,5469.0000,5469.4000,5472.0000,5474.4000,1,2,1,1,1,1,1,1,1,1
SF,IC2007,2020-06-10 09:34:35.200,5466.0000,13851,0,295505680.000,0,-,-,-,-,5466.4000,5466.2000,5465.8000,5465.6000,5465.4000,5468.4000,5469.0000,5469.4000,5472.0000,5474.4000,1,1,2,1,1,1,1,1,1,1
SF,IC2007,2020-06-10 09:34:35.700,5468.4000,13850,-1,296599360.000,1,0,1,双平,S,5466.2000,5465.8000,5465.6000,5465.4000,5464.2000,5469.0000,5469.4000,5472.0000,5474.4000,5474.6000,1,2,1,1,1,1,1,1,1,1
SF,IC2007,2020-06-10 09:34:36.200,5468.4000,13850,0,296599360.000,0,-,-,-,-,5466.4000,5466.2000,5465.8000,5465.6000,5465.4000,5468.8000,5469.0000,5469.4000,5472.0000,5474.4000,2,1,1,1,1,1,1,1,1,1
SF,IC2007,2020-06-10 09:34:37.200,5468.4000,13850,0,296599360.000,0,-,-,-,-,5466.4000,5466.2000,5465.4000,5464.2000,5464.0000,5468.4000,5468.8000,5469.0000,5469.4000,5472.0000,2,1,1,1,1,1,1,1,1,1
SF,IC2007,2020-06-10 09:34:37.700,5468.4000,13848,-2,298786720.000,2,0,2,双平,S,5468.4000,5465.4000,5464.2000,5464.0000,5463.8000,5469.0000,5469.4000,5472.0000,5474.4000,5474.6000,8,1,1,1,1,1,1,1,1,1
SF,IC2007,2020-06-10 09:34:38.200,5468.4000,13840,-8,307536160.000,8,0,8,双平,S,5465.4000,5464.2000,5464.0000,5463.8000,5462.4000,5467.6000,5468.0000,5468.2000,5468.4000,5468.8000,1,1,1,1,1,1,2,1,4,1
SF,IC2007,2020-06-10 09:34:38.700,5468.4000,13840,0,309723520.000,2,1,1,多换,S,5466.0000,5465.6000,5465.4000,5464.2000,5464.0000,5467.6000,5468.0000,5468.2000,5468.4000,5468.6000,1,1,1,1,1,1,2,1,4,3
SF,IC2007,2020-06-10 09:34:39.200,5468.4000,13840,0,309723520.000,0,-,-,-,-,5466.2000,5466.0000,5465.4000,5464.2000,5464.0000,5467.6000,5468.0000,5468.2000,5468.4000,5468.6000,1,1,1,1,1,1,2,1,1,3
SF,IC2007,2020-06-10 09:34:39.700,5467.6000,13839,-1,310817040.000,1,0,1,双平,S,5466.2000,5466.0000,5465.4000,5464.2000,5464.0000,5468.0000,5468.2000,5468.4000,5468.6000,5468.8000,1,1,1,1,1,2,1,1,3,1
SF,IC2007,2020-06-10 09:34:40.200,5467.6000,13839,0,310817040.000,0,-,-,-,-,5466.2000,5465.4000,5464.2000,5464.0000,5463.8000,5468.0000,5468.2000,5468.4000,5468.6000,5469.0000,1,1,1,1,1,2,1,1,2,1
SF,IC2007,2020-06-10 09:34:40.700,5467.6000,13839,0,310817040.000,0,-,-,-,-,5467.6000,5466.6000,5466.2000,5465.4000,5464.2000,5468.0000,5468.2000,5468.4000,5468.6000,5469.0000,2,1,1,1,1,2,1,1,1,1
SF,IC2007,2020-06-10 09:34:41.200,5467.6000,13839,0,310817040.000,0,-,-,-,-,5467.6000,5466.2000,5465.4000,5464.2000,5464.0000,5468.0000,5468.4000,5468.6000,5469.4000,5469.8000,2,1,1,1,1,2,1,1,1,1
SF,IC2007,2020-06-10 09:34:42.200,5467.6000,13839,0,313004080.000,2,1,1,多换,S,5466.2000,5465.4000,5464.2000,5464.0000,5463.8000,5467.6000,5468.0000,5468.4000,5468.6000,5469.4000,1,1,1,1,1,2,2,1,1,1
SF,IC2007,2020-06-10 09:34:42.700,5467.6000,13839,0,313004080.000,0,-,-,-,-,5466.2000,5465.4000,5464.2000,5464.0000,5463.8000,5467.4000,5467.6000,5468.0000,5468.4000,5468.6000,1,1,1,1,1,1,2,2,1,1
SF,IC2007,2020-06-10 09:34:43.200,5467.6000,13839,0,313004080.000,0,-,-,-,-,5465.4000,5464.2000,5464.0000,5463.8000,5462.4000,5467.4000,5467.6000,5468.0000,5468.4000,5468.6000,1,1,1,1,1,1,3,2,1,1
SF,IC2007,2020-06-10 09:34:43.700,5467.6000,13838,-1,314097600.000,1,0,1,双平,S,5465.6000,5464.2000,5464.0000,5463.8000,5462.4000,5467.4000,5467.6000,5468.0000,5468.6000,5469.2000,1,1,1,1,1,1,3,2,1,1
SF,IC2007,2020-06-10 09:34:44.700,5467.6000,13838,0,314097600.000,0,-,-,-,-,5465.6000,5464.2000,5464.0000,5463.8000,5462.4000,5467.4000,5467.6000,5468.0000,5468.6000,5469.2000,1,1,1,1,1,1,3,2,1,1
SF,IC2007,2020-06-10 09:34:45.700,5467.6000,13838,0,314097600.000,0,-,-,-,-,5465.6000,5464.2000,5464.0000,5463.8000,5462.4000,5467.4000,5467.6000,5468.0000,5468.6000,5469.2000,1,1,1,1,1,1,3,3,1,1
SF,IC2007,2020-06-10 09:34:46.700,5467.4000,13838,0,315191080.000,1,0,1,多换,S,5465.6000,5464.2000,5464.0000,5463.8000,5462.4000,5467.6000,5468.0000,5468.6000,5469.2000,5469.4000,1,1,1,1,1,3,3,1,1,1
SF,IC2007,2020-06-10 09:34:47.200,5467.4000,13838,0,315191080.000,0,-,-,-,-,5466.6000,5465.6000,5465.2000,5464.0000,5463.8000,5467.4000,5467.6000,5468.0000,5468.6000,5469.2000,2,1,1,1,1,1,3,3,1,1
SF,IC2007,2020-06-10 09:34:47.700,5466.6000,13838,0,316284400.000,1,0,1,多换,S,5466.6000,5465.6000,5465.2000,5464.0000,5463.8000,5467.4000,5467.6000,5468.0000,5468.6000,5469.2000,1,1,1,1,1,1,3,3,1,1
SF,IC2007,2020-06-10 09:34:48.200,5466.6000,13838,0,317377720.000,1,0,1,多换,S,5465.6000,5465.2000,5464.0000,5463.8000,5462.4000,5467.6000,5468.0000,5468.6000,5469.2000,5469.4000,1,1,1,1,1,3,3,1,1,1
SF,IC2007,2020-06-10 09:34:50.700,5466.6000,13838,0,317377720.000,0,-,-,-,-,5465.8000,5465.6000,5465.2000,5464.0000,5463.8000,5467.6000,5468.0000,5468.6000,5469.2000,5469.4000,2,1,1,1,1,3,3,1,1,1
SF,IC2007,2020-06-10 09:34:51.200,5466.6000,13838,0,317377720.000,0,-,-,-,-,5466.0000,5465.8000,5465.2000,5464.4000,5464.0000,5467.6000,5468.0000,5468.6000,5469.2000,5469.4000,1,2,1,1,1,3,3,1,1,1
SF,IC2007,2020-06-10 09:34:51.700,5466.6000,13838,0,317377720.000,0,-,-,-,-,5466.0000,5465.8000,5465.2000,5464.4000,5464.0000,5467.6000,5468.0000,5468.6000,5469.2000,5469.4000,1,2,1,1,1,3,3,1,1,1
SF,IC2007,2020-06-10 09:34:52.700,5467.6000,13837,-1,318471240.000,1,0,1,双平,S,5466.0000,5465.8000,5465.2000,5464.4000,5464.0000,5467.6000,5468.0000,5468.6000,5469.2000,5469.4000,1,2,1,1,1,2,3,1,1,1
SF,IC2007,2020-06-10 09:34:53.200,5467.6000,13837,0,318471240.000,0,-,-,-,-,5466.0000,5465.8000,5465.2000,5464.4000,5464.0000,5467.2000,5467.6000,5467.8000,5468.0000,5468.6000,1,2,1,1,1,1,1,1,3,1
