市场代码,合约代码,时间,最新,持仓,增仓,成交额,成交量,开仓,平仓,成交类型,方向,买一价,买二价,买三价,买四价,买五价,卖一价,卖二价,卖三价,卖四价,卖五价,买一量,买二量,买三量,买四量,买五量,卖一量,卖二量,卖三量,卖四量,卖五量
SF,IC2006,2019-12-26 09:29:00.100,5057.0000,35494,0,3034200.000,3.000,-,-,-,-,5056.8000,5056.4000,5055.0000,5054.4000,5053.4000,5057.0000,5058.0000,5058.4000,5060.0000,5062.0000,1,5,1,5,2,1,2,1,10,1
SF,IC2006,2019-12-26 09:30:00.100,5056.6000,35490,-4,10113280.000,7,1,6,多平,S,5055.0000,5054.4000,5053.4000,5053.0000,5052.4000,5057.0000,5058.0000,5058.4000,5058.8000,5060.0000,1,5,2,1,5,1,2,1,1,10
SF,IC2006,2019-12-26 09:30:00.600,5057.0000,35489,-1,11124680.000,1,0,1,双平,S,5055.0000,5054.4000,5053.4000,5053.0000,5052.4000,5056.8000,5057.0000,5058.0000,5058.4000,5058.8000,1,5,2,1,5,4,2,2,1,1
SF,IC2006,2019-12-26 09:30:01.100,5057.0000,35488,-1,19214800.000,8,3,5,多平,S,5057.0000,5054.4000,5053.4000,5053.0000,5052.4000,5058.0000,5058.4000,5058.8000,5060.0000,5060.8000,19,4,2,1,5,2,1,1,10,2
SF,IC2006,2019-12-26 09:30:01.600,5058.4000,35486,-2,23261080.000,4,1,3,多平,S,5057.0000,5054.4000,5053.4000,5053.0000,5052.4000,5058.8000,5060.0000,5060.8000,5062.0000,5063.0000,18,4,2,1,5,1,10,2,1,2
SF,IC2006,2019-12-26 09:30:02.100,5057.0000,35489,3,28318480.000,5,4,1,空开,S,5057.0000,5056.2000,5054.8000,5054.4000,5053.4000,5060.0000,5060.8000,5061.4000,5062.0000,5063.0000,15,1,1,4,2,11,2,1,1,2
SF,IC2006,2019-12-26 09:30:02.600,5057.0000,35489,0,28318480.000,0,-,-,-,-,5057.4000,5057.2000,5057.0000,5054.8000,5054.4000,5059.8000,5060.0000,5060.8000,5061.4000,5062.0000,1,1,15,1,4,1,11,2,1,1
SF,IC2006,2019-12-26 09:30:03.100,5057.0000,35489,0,28318480.000,0,-,-,-,-,5058.2000,5058.0000,5057.6000,5057.4000,5057.2000,5059.8000,5060.0000,5060.8000,5061.4000,5062.0000,4,3,2,1,1,1,11,2,1,1
SF,IC2006,2019-12-26 09:30:03.600,5058.2000,35488,-1,29330120.000,1,0,1,双平,S,5058.2000,5058.0000,5057.8000,5057.0000,5054.8000,5060.0000,5060.8000,5061.4000,5062.0000,5063.0000,3,1,2,15,1,11,2,1,3,2
SF,IC2006,2019-12-26 09:30:04.100,5058.2000,35486,-2,31353400.000,2,0,2,双平,S,5058.2000,5058.0000,5057.8000,5057.0000,5054.8000,5060.0000,5060.8000,5061.4000,5062.0000,5063.0000,1,1,1,15,1,11,2,1,3,2
SF,IC2006,2019-12-26 09:30:04.600,5058.2000,35486,0,31353400.000,0,-,-,-,-,5058.6000,5058.4000,5058.2000,5058.0000,5057.0000,5059.8000,5060.0000,5060.8000,5061.4000,5062.0000,1,1,1,3,15,1,11,2,1,3
SF,IC2006,2019-12-26 09:30:05.100,5058.2000,35486,0,31353400.000,0,-,-,-,-,5058.8000,5058.4000,5058.2000,5058.0000,5057.0000,5059.8000,5060.0000,5060.8000,5061.4000,5062.0000,1,1,1,3,15,1,11,2,1,3
SF,IC2006,2019-12-26 09:30:05.600,5058.2000,35486,0,31353400.000,0,-,-,-,-,5059.0000,5058.4000,5058.2000,5058.0000,5057.0000,5059.8000,5060.0000,5060.8000,5061.4000,5062.0000,1,1,1,3,15,1,11,2,1,3
SF,IC2006,2019-12-26 09:30:06.100,5059.0000,35477,-9,40460600.000,9,0,9,双平,S,5058.2000,5058.0000,5057.0000,5056.0000,5054.8000,5058.6000,5060.0000,5060.8000,5061.4000,5062.0000,1,3,15,1,1,1,7,2,1,3
SF,IC2006,2019-12-26 09:30:06.600,5058.6000,35476,-1,41472320.000,1,0,1,双平,S,5059.8000,5058.4000,5058.2000,5058.0000,5057.0000,5060.0000,5060.8000,5061.4000,5062.0000,5063.0000,1,1,1,3,15,6,2,1,3,2
SF,IC2006,2019-12-26 09:30:07.100,5059.8000,35475,-1,42484280.000,1,0,1,双平,S,5058.2000,5058.0000,5057.0000,5056.0000,5054.8000,5058.8000,5059.8000,5060.0000,5060.8000,5061.4000,1,3,15,1,1,3,10,6,2,1
SF,IC2006,2019-12-26 09:30:07.600,5059.8000,35470,-5,47543560.000,5,0,5,双平,S,5058.4000,5058.2000,5058.0000,5057.0000,5056.0000,5059.8000,5060.0000,5060.8000,5061.4000,5062.0000,1,3,3,15,1,8,6,2,1,3
SF,IC2006,2019-12-26 09:30:08.100,5059.8000,35470,0,47543560.000,0,-,-,-,-,5058.4000,5058.2000,5058.0000,5057.0000,5056.0000,5059.6000,5059.8000,5060.0000,5060.8000,5061.4000,5,3,3,15,1,1,9,6,2,1
SF,IC2006,2019-12-26 09:30:08.600,5059.6000,35469,-1,48555480.000,1,0,1,双平,S,5058.8000,5058.6000,5058.4000,5058.2000,5058.0000,5059.8000,5060.0000,5060.8000,5061.4000,5062.0000,5,1,5,3,3,9,6,2,1,3
SF,IC2006,2019-12-26 09:30:09.100,5059.6000,35469,0,48555480.000,0,-,-,-,-,5059.6000,5058.8000,5058.4000,5058.2000,5058.0000,5059.8000,5060.0000,5060.8000,5061.4000,5062.0000,1,5,5,3,3,9,6,2,1,3
SF,IC2006,2019-12-26 09:30:09.600,5059.8000,35464,-5,53614840.000,5,0,5,双平,S,5058.8000,5058.4000,5058.2000,5058.0000,5057.0000,5059.8000,5060.0000,5060.8000,5061.4000,5062.0000,3,5,3,1,15,7,6,2,1,3
SF,IC2006,2019-12-26 09:30:10.100,5059.8000,35463,-1,54626800.000,1,0,1,双平,S,5058.8000,5058.4000,5058.2000,5058.0000,5057.0000,5059.8000,5060.0000,5060.8000,5061.4000,5062.0000,3,4,3,1,15,6,6,2,1,3
SF,IC2006,2019-12-26 09:30:10.600,5059.8000,35461,-2,56650720.000,2,0,2,双平,S,5059.0000,5058.8000,5058.4000,5058.2000,5058.0000,5059.8000,5060.0000,5060.8000,5061.4000,5062.0000,1,3,4,3,1,5,6,2,1,3
SF,IC2006,2019-12-26 09:30:11.100,5059.8000,35459,-2,58674640.000,2,0,2,双平,S,5059.0000,5058.8000,5058.4000,5058.2000,5058.0000,5059.8000,5060.0000,5060.8000,5061.4000,5062.0000,1,3,4,3,1,3,6,2,1,3
SF,IC2006,2019-12-26 09:30:11.600,5058.8000,35454,-5,63733960.000,5,0,5,双平,S,5058.8000,5058.4000,5058.2000,5058.0000,5057.0000,5059.8000,5060.0000,5060.8000,5061.4000,5062.0000,2,4,3,1,15,1,6,2,1,3
SF,IC2006,2019-12-26 09:30:12.100,5059.8000,35454,0,64745920.000,1,0,1,多换,S,5059.0000,5058.8000,5058.4000,5058.2000,5058.0000,5060.0000,5060.8000,5061.4000,5062.0000,5063.0000,1,2,4,3,1,6,2,1,3,2
SF,IC2006,2019-12-26 09:30:12.600,5060.0000,35448,-6,70817920.000,6,0,6,双平,S,5059.0000,5058.8000,5058.4000,5058.2000,5058.0000,5060.8000,5061.4000,5062.0000,5063.0000,5064.6000,1,2,4,3,1,2,1,3,2,1
SF,IC2006,2019-12-26 09:30:13.100,5060.0000,35448,0,70817920.000,0,-,-,-,-,5059.0000,5058.8000,5058.4000,5058.2000,5057.0000,5060.6000,5060.8000,5061.4000,5062.0000,5063.0000,1,2,4,3,35,1,2,1,3,2
SF,IC2006,2019-12-26 09:30:13.600,5060.6000,35448,0,71830040.000,1,0,1,多换,S,5060.6000,5059.0000,5058.8000,5058.4000,5058.2000,5060.8000,5061.4000,5062.0000,5063.0000,5064.6000,5,1,2,4,3,2,1,3,2,1
SF,IC2006,2019-12-26 09:30:14.100,5060.6000,35448,0,71830040.000,0,-,-,-,-,5060.6000,5059.0000,5058.8000,5058.4000,5058.2000,5060.8000,5061.4000,5062.0000,5063.0000,5064.6000,5,1,2,4,3,2,1,3,2,1
SF,IC2006,2019-12-26 09:30:15.100,5060.8000,35448,0,73854360.000,2,1,1,多换,S,5060.8000,5060.6000,5059.0000,5058.8000,5058.4000,5061.4000,5062.0000,5063.0000,5064.6000,5065.0000,5,5,1,2,4,1,3,2,1,6
SF,IC2006,2019-12-26 09:30:15.600,5060.6000,35441,-7,80939400.000,7,0,7,双平,S,5060.6000,5059.0000,5058.8000,5058.4000,5058.2000,5061.2000,5061.4000,5062.0000,5063.0000,5064.6000,3,1,2,4,3,1,1,3,2,1
SF,IC2006,2019-12-26 09:30:16.100,5060.6000,35441,0,80939400.000,0,-,-,-,-,5060.6000,5059.0000,5058.8000,5058.4000,5058.2000,5061.0000,5061.4000,5062.0000,5063.0000,5064.6000,3,1,2,4,3,1,1,3,2,1
SF,IC2006,2019-12-26 09:30:16.600,5061.0000,35440,-1,82963720.000,2,0,2,多平,S,5061.0000,5060.6000,5059.0000,5058.8000,5058.4000,5061.4000,5062.0000,5063.0000,5064.6000,5065.0000,4,2,1,2,4,1,3,2,1,6
SF,IC2006,2019-12-26 09:30:17.100,5061.4000,35439,-1,83976000.000,1,0,1,双平,S,5061.4000,5061.0000,5060.6000,5059.0000,5058.8000,5062.0000,5063.0000,5064.6000,5065.0000,5066.0000,4,4,2,1,2,3,2,1,6,1
SF,IC2006,2019-12-26 09:30:17.600,5061.4000,35435,-4,88025120.000,4,0,4,双平,S,5061.0000,5060.6000,5059.0000,5058.8000,5058.4000,5061.2000,5061.8000,5062.0000,5063.0000,5064.6000,4,2,1,2,4,1,1,3,2,1
SF,IC2006,2019-12-26 09:30:18.100,5061.4000,35435,0,88025120.000,0,-,-,-,-,5061.4000,5061.2000,5061.0000,5060.6000,5059.0000,5061.8000,5062.0000,5063.0000,5064.6000,5065.0000,5,5,5,2,1,1,3,2,1,6
SF,IC2006,2019-12-26 09:30:18.600,5061.4000,35435,0,88025120.000,0,-,-,-,-,5061.4000,5061.2000,5061.0000,5060.6000,5059.0000,5061.8000,5062.0000,5063.0000,5064.6000,5065.0000,5,5,5,2,1,1,3,2,1,6
SF,IC2006,2019-12-26 09:30:19.100,5061.8000,35434,-1,89037480.000,1,0,1,双平,S,5061.8000,5061.4000,5061.2000,5061.0000,5060.6000,5063.0000,5064.6000,5065.0000,5067.8000,5068.0000,4,5,5,5,2,2,1,6,1,2
SF,IC2006,2019-12-26 09:30:19.600,5061.8000,35433,-1,90049840.000,1,0,1,双平,S,5061.8000,5061.4000,5061.2000,5061.0000,5060.6000,5062.8000,5063.0000,5064.6000,5065.0000,5067.8000,3,5,5,5,2,1,2,1,6,1
SF,IC2006,2019-12-26 09:30:20.100,5061.8000,35432,-1,91062200.000,1,0,1,双平,S,5061.8000,5061.4000,5061.2000,5061.0000,5060.6000,5062.8000,5063.0000,5064.6000,5065.0000,5067.8000,5,5,5,5,2,1,2,1,6,1
SF,IC2006,2019-12-26 09:30:20.600,5062.8000,35431,-1,92074760.000,1,0,1,双平,S,5061.8000,5061.4000,5061.2000,5061.0000,5060.6000,5063.0000,5064.6000,5065.0000,5067.8000,5068.0000,5,5,5,5,2,2,1,6,1,2
SF,IC2006,2019-12-26 09:30:21.100,5061.8000,35430,-1,93087120.000,1,0,1,双平,S,5061.8000,5061.4000,5061.2000,5061.0000,5060.6000,5062.8000,5063.0000,5064.6000,5065.0000,5067.8000,5,5,5,5,2,2,2,1,6,1
SF,IC2006,2019-12-26 09:30:21.600,5061.8000,35428,-2,98148920.000,5,1,4,多平,S,5062.8000,5061.4000,5061.2000,5061.0000,5060.6000,5063.0000,5064.6000,5065.0000,5067.8000,5068.0000,5,5,5,5,2,2,1,6,1,2
SF,IC2006,2019-12-26 09:30:22.100,5062.8000,35423,-5,103211720.000,5,0,5,双平,S,5061.4000,5061.2000,5061.0000,5060.6000,5059.0000,5062.6000,5062.8000,5063.0000,5064.6000,5065.0000,5,5,5,2,1,2,1,2,1,6
SF,IC2006,2019-12-26 09:30:22.600,5062.8000,35423,0,103211720.000,0,-,-,-,-,5061.6000,5061.4000,5061.2000,5061.0000,5060.6000,5062.4000,5062.6000,5062.8000,5063.0000,5064.6000,1,5,5,5,2,1,2,1,3,1
SF,IC2006,2019-12-26 09:30:23.100,5063.0000,35424,1,109287200.000,6,3,3,空开,S,5063.0000,5061.6000,5061.4000,5061.2000,5061.0000,5064.6000,5065.0000,5067.8000,5068.0000,5069.6000,14,1,5,5,4,1,6,1,2,1
SF,IC2006,2019-12-26 09:30:23.600,5063.0000,35424,0,110299800.000,1,0,1,多换,S,5063.0000,5062.4000,5061.6000,5061.4000,5061.2000,5063.4000,5063.8000,5064.0000,5064.4000,5064.6000,13,5,1,5,5,2,1,3,1,3
SF,IC2006,2019-12-26 09:30:24.100,5063.4000,35423,-1,111312480.000,1,0,1,双平,S,5063.0000,5062.4000,5061.4000,5061.2000,5061.0000,5063.2000,5063.4000,5063.8000,5064.0000,5064.6000,14,5,5,5,4,1,2,1,3,3
SF,IC2006,2019-12-26 09:30:24.600,5063.0000,35423,0,119413280.000,8,4,4,多换,S,5063.2000,5063.0000,5062.4000,5062.0000,5061.4000,5063.4000,5063.8000,5064.0000,5064.6000,5064.8000,4,6,5,1,5,2,1,2,3,1
SF,IC2006,2019-12-26 09:30:25.100,5063.0000,35419,-4,125489040.000,6,1,5,多平,S,5063.0000,5062.4000,5062.0000,5061.8000,5061.4000,5063.4000,5063.8000,5064.0000,5064.6000,5064.8000,4,5,1,1,5,1,1,2,2,1
SF,IC2006,2019-12-26 09:30:25.600,5063.0000,35418,-1,129539440.000,4,1,3,多平,S,5062.4000,5062.0000,5061.8000,5061.4000,5061.2000,5063.0000,5063.2000,5063.4000,5063.8000,5064.0000,5,1,1,5,5,2,1,1,1,2
SF,IC2006,2019-12-26 09:30:26.100,5062.4000,35415,-3,132576880.000,3,0,3,双平,S,5062.4000,5061.8000,5061.4000,5061.2000,5061.0000,5063.0000,5063.2000,5064.0000,5064.6000,5064.8000,2,1,5,5,4,2,1,2,2,1
SF,IC2006,2019-12-26 09:30:26.600,5062.4000,35415,0,132576880.000,0,-,-,-,-,5062.4000,5061.8000,5061.4000,5061.2000,5061.0000,5063.0000,5063.2000,5064.0000,5064.6000,5064.8000,2,1,5,5,4,2,1,2,2,1
SF,IC2006,2019-12-26 09:30:27.100,5062.4000,35415,0,132576880.000,0,-,-,-,-,5062.4000,5061.8000,5061.4000,5061.2000,5061.0000,5062.8000,5063.0000,5064.0000,5064.6000,5064.8000,2,1,5,5,4,1,12,2,2,1
SF,IC2006,2019-12-26 09:30:27.600,5062.4000,35413,-2,134601840.000,2,0,2,双平,S,5061.8000,5061.4000,5061.2000,5061.0000,5060.6000,5063.0000,5064.0000,5064.6000,5064.8000,5065.0000,5,5,5,4,2,12,2,2,1,6
SF,IC2006,2019-12-26 09:30:28.100,5062.4000,35413,0,134601840.000,0,-,-,-,-,5062.0000,5061.8000,5061.4000,5061.2000,5061.0000,5062.4000,5063.0000,5064.0000,5064.6000,5064.8000,1,5,5,5,4,1,12,2,2,1
SF,IC2006,2019-12-26 09:30:28.600,5062.4000,35413,0,134601840.000,0,-,-,-,-,5062.0000,5061.8000,5061.4000,5061.2000,5061.0000,5062.2000,5062.4000,5063.0000,5064.0000,5064.6000,1,5,5,5,4,1,1,12,2,2
SF,IC2006,2019-12-26 09:30:29.100,5062.4000,35412,-1,135614320.000,1,0,1,双平,S,5062.0000,5061.8000,5061.4000,5061.2000,5061.0000,5062.4000,5063.0000,5064.0000,5064.6000,5064.8000,1,5,5,5,4,1,12,2,2,1
SF,IC2006,2019-12-26 09:30:30.100,5062.0000,35411,-1,136626720.000,1,0,1,双平,S,5061.8000,5061.4000,5061.2000,5061.0000,5060.6000,5062.0000,5062.4000,5063.0000,5064.0000,5064.6000,5,5,5,4,2,2,1,12,2,2
SF,IC2006,2019-12-26 09:30:30.600,5062.4000,35408,-3,139664000.000,3,0,3,双平,S,5061.8000,5061.4000,5061.2000,5061.0000,5060.6000,5063.0000,5064.0000,5064.6000,5064.8000,5065.0000,5,5,5,4,2,12,2,2,1,6
SF,IC2006,2019-12-26 09:30:31.100,5063.0000,35408,0,140676600.000,1,0,1,多换,S,5061.8000,5061.4000,5061.2000,5061.0000,5060.6000,5063.0000,5063.2000,5064.0000,5064.6000,5064.8000,5,5,5,4,2,11,1,2,2,1
SF,IC2006,2019-12-26 09:30:31.600,5063.0000,35408,0,140676600.000,0,-,-,-,-,5061.8000,5061.4000,5061.2000,5061.0000,5060.6000,5062.4000,5062.8000,5063.0000,5063.2000,5064.0000,5,5,5,4,2,1,1,12,1,2
SF,IC2006,2019-12-26 09:30:32.100,5062.4000,35407,-1,141689080.000,1,0,1,双平,S,5062.4000,5061.8000,5061.4000,5061.2000,5061.0000,5062.8000,5063.0000,5063.2000,5064.0000,5064.6000,1,5,5,5,4,2,15,1,2,2
SF,IC2006,2019-12-26 09:30:32.600,5062.4000,35406,-1,142701560.000,1,0,1,双平,S,5061.8000,5061.4000,5061.2000,5061.0000,5060.6000,5062.8000,5063.0000,5063.2000,5064.0000,5064.6000,4,5,5,4,2,2,15,1,2,2
SF,IC2006,2019-12-26 09:30:33.100,5062.8000,35405,-1,143714120.000,1,0,1,双平,S,5061.8000,5061.4000,5061.2000,5061.0000,5060.6000,5062.8000,5063.0000,5064.0000,5064.6000,5064.8000,4,5,5,4,2,2,16,2,2,1
SF,IC2006,2019-12-26 09:30:33.600,5062.8000,35405,0,144726680.000,1,0,1,多换,S,5062.0000,5061.8000,5061.4000,5061.2000,5061.0000,5063.0000,5064.0000,5064.6000,5064.8000,5065.0000,1,4,5,5,4,17,2,2,1,6
SF,IC2006,2019-12-26 09:30:34.100,5062.8000,35405,0,144726680.000,0,-,-,-,-,5062.0000,5061.8000,5061.4000,5061.2000,5061.0000,5063.0000,5063.2000,5064.0000,5064.6000,5064.8000,1,4,5,5,4,16,2,2,2,1
SF,IC2006,2019-12-26 09:30:34.600,5063.0000,35398,-7,151814880.000,7,0,7,双平,S,5062.0000,5061.8000,5061.4000,5061.2000,5061.0000,5063.0000,5063.2000,5064.0000,5064.6000,5064.8000,1,4,5,5,4,9,2,2,2,1
SF,IC2006,2019-12-26 09:30:35.100,5063.0000,35397,-1,152827480.000,1,0,1,双平,S,5062.0000,5061.8000,5061.4000,5061.2000,5061.0000,5062.8000,5063.0000,5063.2000,5064.0000,5064.6000,1,4,5,5,4,1,8,1,2,2
SF,IC2006,2019-12-26 09:30:36.600,5063.0000,35395,-2,154852640.000,2,0,2,双平,S,5062.0000,5061.8000,5061.4000,5061.2000,5061.0000,5063.0000,5063.2000,5064.0000,5064.6000,5064.8000,1,4,5,5,4,7,1,2,2,1
SF,IC2006,2019-12-26 09:30:37.100,5063.0000,35394,-1,155865240.000,1,0,1,双平,S,5061.8000,5061.4000,5061.2000,5061.0000,5060.6000,5063.0000,5063.2000,5064.0000,5064.6000,5064.8000,4,5,5,4,2,6,1,2,2,1
SF,IC2006,2019-12-26 09:30:37.600,5063.0000,35391,-3,158903040.000,3,0,3,双平,S,5062.4000,5062.0000,5061.8000,5061.4000,5061.2000,5063.0000,5063.2000,5064.0000,5064.6000,5064.8000,1,1,4,5,5,3,1,2,2,1
SF,IC2006,2019-12-26 09:30:38.100,5063.2000,35388,-3,162953480.000,4,0,4,多平,S,5062.4000,5061.8000,5061.4000,5061.2000,5061.0000,5064.0000,5064.6000,5064.8000,5065.0000,5065.6000,1,4,5,5,4,2,2,1,6,1
SF,IC2006,2019-12-26 09:30:38.600,5063.2000,35388,0,162953480.000,0,-,-,-,-,5062.8000,5062.6000,5061.8000,5061.4000,5061.2000,5064.0000,5064.6000,5065.0000,5065.6000,5065.8000,4,1,4,5,5,2,2,6,1,1
SF,IC2006,2019-12-26 09:30:39.100,5063.2000,35388,0,162953480.000,0,-,-,-,-,5062.8000,5061.8000,5061.4000,5061.2000,5061.0000,5063.8000,5064.0000,5064.6000,5065.0000,5065.8000,4,4,5,5,4,1,2,1,6,1
SF,IC2006,2019-12-26 09:30:39.600,5063.2000,35388,0,162953480.000,0,-,-,-,-,5062.8000,5061.8000,5061.4000,5061.2000,5061.0000,5063.8000,5064.0000,5064.6000,5065.0000,5065.8000,4,4,5,5,4,1,2,1,6,1
SF,IC2006,2019-12-26 09:30:40.100,5063.2000,35388,0,162953480.000,0,-,-,-,-,5063.0000,5062.8000,5061.8000,5061.4000,5061.2000,5064.0000,5064.6000,5065.0000,5065.8000,5066.8000,1,4,4,5,5,2,1,6,1,1
SF,IC2006,2019-12-26 09:30:40.600,5063.2000,35388,0,162953480.000,0,-,-,-,-,5063.0000,5062.8000,5061.8000,5061.4000,5061.2000,5064.0000,5064.6000,5065.0000,5065.8000,5066.8000,1,4,4,5,5,2,1,6,1,1
SF,IC2006,2019-12-26 09:30:41.100,5064.0000,35386,-2,164979080.000,2,0,2,双平,S,5064.0000,5063.0000,5062.8000,5061.8000,5061.4000,5064.6000,5065.0000,5065.8000,5066.8000,5067.8000,8,1,4,4,5,1,6,1,1,2
SF,IC2006,2019-12-26 09:30:41.600,5064.6000,35385,-1,165992000.000,1,0,1,双平,S,5064.0000,5063.0000,5062.8000,5061.8000,5061.4000,5065.0000,5065.8000,5066.8000,5067.8000,5068.0000,8,1,4,4,5,6,1,1,2,2
SF,IC2006,2019-12-26 09:30:42.100,5064.6000,35385,0,165992000.000,0,-,-,-,-,5064.0000,5063.2000,5063.0000,5062.8000,5061.8000,5065.0000,5065.8000,5066.8000,5067.8000,5068.0000,8,4,2,4,4,6,1,1,2,2
SF,IC2006,2019-12-26 09:30:42.600,5064.2000,35384,-1,167004840.000,1,0,1,双平,S,5064.0000,5063.2000,5063.0000,5062.8000,5061.8000,5065.0000,5065.8000,5066.8000,5067.8000,5068.0000,8,4,1,4,4,6,1,1,2,2
SF,IC2006,2019-12-26 09:30:43.100,5064.2000,35384,0,167004840.000,0,-,-,-,-,5064.0000,5063.2000,5063.0000,5062.8000,5061.8000,5065.0000,5065.8000,5067.8000,5068.0000,5068.8000,8,4,1,4,4,6,1,2,2,1
SF,IC2006,2019-12-26 09:30:43.600,5064.0000,35380,-4,171056040.000,4,0,4,双平,S,5064.0000,5063.2000,5063.0000,5062.8000,5061.8000,5065.0000,5065.8000,5067.8000,5068.0000,5068.8000,4,4,1,4,4,6,1,2,2,1
SF,IC2006,2019-12-26 09:30:45.100,5064.0000,35379,-1,172068840.000,1,0,1,双平,S,5064.0000,5063.2000,5063.0000,5062.8000,5061.8000,5065.0000,5065.8000,5067.8000,5068.0000,5068.8000,3,4,1,4,4,6,1,2,2,1
SF,IC2006,2019-12-26 09:30:45.600,5065.0000,35379,0,174094840.000,2,1,1,多换,S,5064.2000,5064.0000,5063.2000,5063.0000,5062.8000,5065.0000,5065.8000,5067.8000,5068.0000,5068.8000,1,3,4,1,4,4,1,2,2,1
SF,IC2006,2019-12-26 09:30:46.100,5065.0000,35377,-2,176120840.000,2,0,2,双平,S,5064.2000,5064.0000,5063.2000,5063.0000,5062.8000,5065.0000,5065.8000,5067.8000,5068.0000,5068.8000,2,3,4,1,4,2,1,2,2,1
SF,IC2006,2019-12-26 09:30:46.600,5065.0000,35375,-2,179159840.000,3,0,3,多平,S,5065.2000,5064.2000,5064.0000,5063.2000,5063.0000,5065.8000,5067.8000,5068.0000,5068.8000,5069.6000,1,2,3,4,1,1,2,2,1,1
SF,IC2006,2019-12-26 09:30:47.100,5065.0000,35375,0,179159840.000,0,-,-,-,-,5065.2000,5064.2000,5064.0000,5063.2000,5063.0000,5065.8000,5067.8000,5068.0000,5068.8000,5069.6000,1,2,3,4,1,1,2,2,1,1
SF,IC2006,2019-12-26 09:30:47.600,5065.0000,35375,0,179159840.000,0,-,-,-,-,5065.2000,5064.2000,5064.0000,5063.2000,5063.0000,5065.8000,5067.8000,5068.0000,5069.6000,5069.8000,1,2,3,4,1,1,2,2,1,1
SF,IC2006,2019-12-26 09:30:48.100,5065.8000,35374,-1,180173000.000,1,0,1,双平,S,5064.2000,5064.0000,5063.2000,5063.0000,5062.8000,5067.8000,5068.0000,5069.6000,5069.8000,5070.0000,2,3,4,1,4,2,2,1,1,6
SF,IC2006,2019-12-26 09:30:48.600,5065.8000,35374,0,180173000.000,0,-,-,-,-,5064.4000,5064.2000,5064.0000,5063.2000,5063.0000,5065.2000,5067.6000,5067.8000,5068.0000,5069.6000,2,2,3,4,1,2,1,2,2,1
SF,IC2006,2019-12-26 09:30:49.100,5065.2000,35372,-2,182199080.000,2,0,2,双平,S,5064.6000,5064.4000,5064.2000,5064.0000,5063.2000,5067.6000,5067.8000,5068.0000,5069.6000,5069.8000,1,2,1,3,4,1,2,2,1,1
SF,IC2006,2019-12-26 09:30:49.600,5065.2000,35372,0,182199080.000,0,-,-,-,-,5064.8000,5064.6000,5064.4000,5064.2000,5064.0000,5067.6000,5067.8000,5068.0000,5069.6000,5069.8000,1,1,2,1,3,1,2,2,1,1
SF,IC2006,2019-12-26 09:30:50.100,5064.8000,35371,-1,183212040.000,1,0,1,双平,S,5064.4000,5064.2000,5064.0000,5063.2000,5063.0000,5067.6000,5067.8000,5068.0000,5069.6000,5069.8000,1,1,3,4,1,1,2,2,1,1
SF,IC2006,2019-12-26 09:30:50.600,5064.8000,35371,0,183212040.000,0,-,-,-,-,5064.6000,5064.4000,5064.2000,5064.0000,5063.2000,5067.6000,5067.8000,5068.0000,5069.6000,5069.8000,1,1,1,3,4,1,2,2,1,1
SF,IC2006,2019-12-26 09:30:51.100,5064.6000,35370,-1,184224960.000,1,0,1,双平,S,5064.4000,5064.2000,5064.0000,5063.2000,5063.0000,5067.4000,5067.6000,5067.8000,5068.0000,5069.6000,1,1,3,4,1,1,1,2,2,1
SF,IC2006,2019-12-26 09:30:51.600,5064.6000,35370,0,184224960.000,0,-,-,-,-,5064.6000,5064.4000,5064.2000,5064.0000,5063.2000,5067.2000,5067.4000,5067.8000,5068.0000,5069.6000,2,1,1,3,4,1,1,2,2,1
SF,IC2006,2019-12-26 09:30:52.100,5064.6000,35370,0,184224960.000,0,-,-,-,-,5064.6000,5064.4000,5064.2000,5064.0000,5063.2000,5067.2000,5067.4000,5067.8000,5068.0000,5069.6000,3,1,1,3,4,1,1,2,2,1
SF,IC2006,2019-12-26 09:30:52.600,5067.0000,35369,-1,185238360.000,1,0,1,双平,S,5065.0000,5064.8000,5064.6000,5064.2000,5064.0000,5067.0000,5067.2000,5067.8000,5068.0000,5069.6000,1,1,3,1,3,1,1,2,2,1
SF,IC2006,2019-12-26 09:30:53.100,5065.2000,35367,-2,187264800.000,2,0,2,双平,S,5065.0000,5064.8000,5064.6000,5064.2000,5064.0000,5066.8000,5067.8000,5068.0000,5069.6000,5069.8000,1,3,2,1,3,1,2,2,1,1
SF,IC2006,2019-12-26 09:30:54.100,5065.2000,35367,0,187264800.000,0,-,-,-,-,5065.0000,5064.8000,5064.6000,5064.2000,5064.0000,5066.6000,5066.8000,5067.8000,5068.0000,5069.6000,1,2,2,1,3,1,1,2,2,1
SF,IC2006,2019-12-26 09:30:54.600,5066.6000,35367,0,188278120.000,1,0,1,多换,S,5065.2000,5065.0000,5064.8000,5064.6000,5064.2000,5066.8000,5067.8000,5068.0000,5069.6000,5069.8000,1,1,1,2,1,1,2,2,1,1
SF,IC2006,2019-12-26 09:30:55.100,5066.6000,35367,0,188278120.000,0,-,-,-,-,5066.0000,5065.2000,5065.0000,5064.8000,5064.6000,5066.8000,5067.8000,5068.0000,5069.6000,5069.8000,2,4,1,1,2,1,2,2,1,1
SF,IC2006,2019-12-26 09:30:55.600,5066.0000,35366,-1,189291320.000,1,0,1,双平,S,5066.0000,5065.2000,5064.8000,5064.6000,5064.2000,5067.8000,5068.0000,5069.6000,5069.8000,5070.0000,1,4,1,1,1,2,2,1,1,6
SF,IC2006,2019-12-26 09:30:56.100,5065.2000,35361,-5,194356680.000,5,0,5,双平,S,5064.8000,5064.6000,5064.2000,5064.0000,5063.2000,5065.0000,5067.6000,5067.8000,5068.0000,5069.6000,1,1,1,3,4,6,2,2,2,1
SF,IC2006,2019-12-26 09:30:56.600,5065.0000,35355,-6,200434680.000,6,0,6,双平,S,5065.2000,5065.0000,5064.8000,5064.6000,5064.2000,5067.6000,5067.8000,5068.0000,5069.6000,5069.8000,1,2,1,1,1,2,2,2,1,1
SF,IC2006,2019-12-26 09:30:57.100,5065.0000,35355,0,200434680.000,0,-,-,-,-,5065.4000,5065.2000,5065.0000,5064.6000,5064.2000,5067.6000,5067.8000,5068.0000,5069.6000,5069.8000,1,1,2,1,1,2,2,2,1,1
SF,IC2006,2019-12-26 09:30:57.600,5065.0000,35355,0,200434680.000,0,-,-,-,-,5065.2000,5065.0000,5064.8000,5064.6000,5064.2000,5066.0000,5067.0000,5067.6000,5067.8000,5068.0000,1,1,1,1,1,3,1,1,2,2
SF,IC2006,2019-12-26 09:30:58.100,5066.0000,35352,-3,203473920.000,3,0,3,双平,S,5064.6000,5064.2000,5064.0000,5063.2000,5063.0000,5066.0000,5067.0000,5067.6000,5067.8000,5068.0000,1,1,3,4,1,2,3,1,2,2
SF,IC2006,2019-12-26 09:30:58.600,5064.6000,35351,-1,204486840.000,1,0,1,双平,S,5064.2000,5064.0000,5063.2000,5063.0000,5061.4000,5065.8000,5066.0000,5067.0000,5067.8000,5068.0000,1,3,4,1,5,1,2,3,2,2
SF,IC2006,2019-12-26 09:30:59.100,5064.0000,35349,-2,206512480.000,2,0,2,双平,S,5064.0000,5063.2000,5063.0000,5061.4000,5061.2000,5065.8000,5066.0000,5067.0000,5067.8000,5068.0000,2,4,1,5,5,2,2,2,2,2
SF,IC2006,2019-12-26 09:30:59.600,5065.6000,35349,0,207525600.000,1,0,1,多换,S,5064.0000,5063.2000,5063.0000,5061.4000,5061.2000,5065.8000,5066.0000,5067.0000,5067.2000,5067.8000,2,4,1,5,5,2,2,2,1,1
SF,IC2006,2019-12-26 09:31:00.100,5065.6000,35349,0,207525600.000,0,-,-,-,-,5064.0000,5063.0000,5061.8000,5061.4000,5061.2000,5065.6000,5065.8000,5066.0000,5067.0000,5067.2000,2,1,1,5,5,1,2,2,2,1
SF,IC2006,2019-12-26 09:31:00.600,5065.6000,35349,0,207525600.000,0,-,-,-,-,5064.0000,5063.0000,5061.8000,5061.4000,5061.2000,5065.4000,5065.6000,5065.8000,5066.0000,5067.0000,2,1,1,5,5,1,1,1,2,2
SF,IC2006,2019-12-26 09:31:01.100,5065.6000,35349,0,207525600.000,0,-,-,-,-,5064.0000,5063.0000,5061.8000,5061.4000,5061.2000,5065.6000,5065.8000,5066.0000,5067.0000,5067.2000,2,1,1,5,5,1,1,2,2,1
SF,IC2006,2019-12-26 09:31:01.600,5065.6000,35348,-1,208538720.000,1,0,1,双平,S,5064.0000,5063.0000,5061.8000,5061.4000,5061.2000,5065.8000,5066.0000,5067.0000,5067.2000,5067.8000,2,1,1,5,5,1,2,2,1,1
SF,IC2006,2019-12-26 09:31:02.100,5065.6000,35348,0,208538720.000,0,-,-,-,-,5064.2000,5064.0000,5063.0000,5061.8000,5061.4000,5065.6000,5065.8000,5066.0000,5067.0000,5067.2000,2,2,1,1,5,1,1,2,2,1
SF,IC2006,2019-12-26 09:31:02.600,5065.6000,35348,0,208538720.000,0,-,-,-,-,5064.2000,5064.0000,5063.0000,5061.8000,5061.4000,5065.6000,5065.8000,5066.0000,5067.0000,5067.2000,1,2,1,1,5,1,1,2,2,1
SF,IC2006,2019-12-26 09:31:03.100,5065.6000,35348,0,208538720.000,0,-,-,-,-,5064.0000,5063.0000,5061.8000,5061.4000,5061.2000,5065.6000,5065.8000,5066.0000,5067.0000,5067.2000,2,1,1,5,5,1,1,2,2,1
SF,IC2006,2019-12-26 09:31:03.600,5065.4000,35347,-1,210564600.000,2,0,2,多平,S,5064.0000,5063.0000,5061.8000,5061.4000,5061.2000,5065.6000,5065.8000,5066.0000,5067.0000,5067.2000,1,1,1,5,5,1,1,2,2,1
SF,IC2006,2019-12-26 09:31:04.100,5064.0000,35346,-1,211577400.000,1,0,1,双平,S,5063.0000,5061.8000,5061.4000,5061.2000,5061.0000,5065.6000,5065.8000,5066.0000,5067.0000,5067.2000,1,1,5,5,4,1,1,2,2,1
SF,IC2006,2019-12-26 09:31:04.600,5064.0000,35346,0,211577400.000,0,-,-,-,-,5063.0000,5061.8000,5061.4000,5061.2000,5061.0000,5064.0000,5065.4000,5065.6000,5066.0000,5067.0000,1,1,5,5,4,2,2,1,2,2
SF,IC2006,2019-12-26 09:31:05.100,5064.0000,35344,-2,213603000.000,2,0,2,双平,S,5063.0000,5061.8000,5061.4000,5061.2000,5061.0000,5065.4000,5065.6000,5066.0000,5067.0000,5067.2000,1,1,5,5,4,2,1,2,2,1
SF,IC2006,2019-12-26 09:31:05.600,5064.0000,35344,0,213603000.000,0,-,-,-,-,5063.2000,5063.0000,5061.8000,5061.4000,5061.2000,5065.2000,5065.4000,5066.0000,5067.0000,5067.2000,1,1,1,5,5,1,1,2,2,1
SF,IC2006,2019-12-26 09:31:06.100,5064.0000,35344,0,213603000.000,0,-,-,-,-,5063.2000,5063.0000,5061.8000,5061.4000,5061.2000,5065.2000,5065.4000,5066.0000,5067.0000,5067.2000,1,1,1,5,5,1,1,2,2,1
SF,IC2006,2019-12-26 09:31:06.600,5063.0000,35343,-1,214615600.000,1,0,1,双平,S,5061.8000,5061.4000,5061.2000,5061.0000,5060.6000,5065.0000,5065.2000,5065.4000,5066.0000,5067.0000,1,5,5,4,2,1,1,1,2,2
SF,IC2006,2019-12-26 09:31:07.100,5063.0000,35343,0,214615600.000,0,-,-,-,-,5061.8000,5061.4000,5061.2000,5061.0000,5060.6000,5064.8000,5065.0000,5065.2000,5066.0000,5067.0000,1,5,5,4,2,2,1,1,2,2
SF,IC2006,2019-12-26 09:31:07.600,5063.0000,35343,0,214615600.000,0,-,-,-,-,5062.0000,5061.4000,5061.2000,5061.0000,5060.6000,5064.8000,5066.0000,5067.0000,5067.2000,5067.8000,1,5,5,4,2,2,2,2,1,1
SF,IC2006,2019-12-26 09:31:08.100,5063.0000,35343,0,214615600.000,0,-,-,-,-,5062.4000,5062.0000,5061.4000,5061.2000,5061.0000,5064.8000,5066.0000,5067.0000,5067.2000,5067.8000,1,1,5,5,4,2,2,2,1,1
SF,IC2006,2019-12-26 09:31:08.600,5063.0000,35343,0,214615600.000,0,-,-,-,-,5062.4000,5062.2000,5062.0000,5061.4000,5061.2000,5064.6000,5064.8000,5066.0000,5067.0000,5067.2000,1,1,1,5,5,1,2,2,2,1
SF,IC2006,2019-12-26 09:31:09.100,5063.0000,35343,0,214615600.000,0,-,-,-,-,5062.4000,5062.2000,5062.0000,5061.4000,5061.2000,5064.4000,5064.6000,5064.8000,5066.0000,5067.0000,1,1,1,5,5,1,1,1,2,2
SF,IC2006,2019-12-26 09:31:09.600,5063.0000,35343,0,214615600.000,0,-,-,-,-,5062.6000,5062.0000,5061.4000,5061.2000,5061.0000,5064.4000,5064.8000,5066.0000,5067.0000,5067.2000,1,1,5,5,4,1,1,2,2,1
SF,IC2006,2019-12-26 09:31:10.100,5062.4000,35341,-2,216640600.000,2,0,2,双平,S,5063.6000,5061.4000,5061.2000,5061.0000,5060.6000,5064.4000,5064.8000,5066.0000,5067.0000,5067.2000,4,5,5,4,2,1,1,2,2,1
SF,IC2006,2019-12-26 09:31:10.600,5063.6000,35341,0,217653320.000,1,0,1,多换,S,5063.6000,5061.4000,5061.2000,5061.0000,5060.6000,5064.4000,5064.8000,5066.0000,5067.0000,5067.2000,3,5,5,4,2,1,1,2,2,1
SF,IC2006,2019-12-26 09:31:11.100,5063.6000,35341,0,217653320.000,0,-,-,-,-,5063.6000,5061.4000,5061.2000,5061.0000,5060.6000,5064.4000,5066.0000,5067.0000,5067.2000,5067.8000,4,5,5,4,2,1,2,2,1,1
SF,IC2006,2019-12-26 09:31:11.600,5063.6000,35340,-1,221704200.000,4,1,3,多平,S,5061.6000,5061.4000,5061.2000,5061.0000,5060.6000,5064.4000,5066.0000,5067.0000,5067.2000,5067.8000,1,5,5,4,2,1,2,2,1,1
SF,IC2006,2019-12-26 09:31:12.100,5063.6000,35340,0,221704200.000,0,-,-,-,-,5061.8000,5061.6000,5061.4000,5061.2000,5061.0000,5064.4000,5066.0000,5067.0000,5067.2000,5067.8000,1,1,5,5,4,1,2,2,1,1
SF,IC2006,2019-12-26 09:31:12.600,5063.6000,35340,0,221704200.000,0,-,-,-,-,5063.0000,5062.0000,5061.8000,5061.6000,5061.4000,5064.4000,5066.0000,5067.0000,5067.2000,5067.8000,1,1,1,1,5,3,2,2,1,1
SF,IC2006,2019-12-26 09:31:13.100,5063.6000,35340,0,221704200.000,0,-,-,-,-,5063.2000,5063.0000,5062.0000,5061.6000,5061.4000,5064.4000,5066.0000,5067.0000,5067.2000,5067.8000,1,1,1,1,5,3,2,2,1,1
SF,IC2006,2019-12-26 09:31:13.600,5063.2000,35339,-1,222716840.000,1,0,1,双平,S,5063.0000,5061.6000,5061.4000,5061.2000,5061.0000,5063.2000,5064.2000,5064.4000,5066.0000,5067.0000,1,1,5,5,4,1,1,3,2,2
SF,IC2006,2019-12-26 09:31:14.100,5063.2000,35336,-3,225754680.000,3,0,3,双平,S,5061.6000,5061.4000,5061.2000,5061.0000,5060.6000,5064.2000,5064.4000,5066.0000,5067.0000,5067.2000,1,5,5,4,2,1,3,2,2,1
SF,IC2006,2019-12-26 09:31:14.600,5063.2000,35336,0,225754680.000,0,-,-,-,-,5061.6000,5061.4000,5061.2000,5061.0000,5060.6000,5064.0000,5064.2000,5064.4000,5066.0000,5067.0000,1,5,5,4,2,2,1,2,2,2
SF,IC2006,2019-12-26 09:31:15.100,5063.2000,35336,0,225754680.000,0,-,-,-,-,5061.6000,5061.4000,5061.2000,5061.0000,5060.6000,5064.0000,5064.2000,5064.4000,5066.0000,5066.6000,1,5,5,4,2,2,1,2,2,1
SF,IC2006,2019-12-26 09:31:15.600,5063.2000,35336,0,225754680.000,0,-,-,-,-,5061.8000,5061.6000,5061.4000,5061.2000,5061.0000,5064.0000,5064.2000,5064.4000,5066.0000,5066.6000,1,1,5,5,4,1,1,2,2,1
SF,IC2006,2019-12-26 09:31:16.100,5063.2000,35336,0,225754680.000,0,-,-,-,-,5062.2000,5061.8000,5061.6000,5061.4000,5061.2000,5064.0000,5064.2000,5064.4000,5066.0000,5066.6000,1,1,1,5,5,1,1,2,2,1
SF,IC2006,2019-12-26 09:31:16.600,5063.2000,35336,0,225754680.000,0,-,-,-,-,5062.2000,5061.8000,5061.4000,5061.2000,5061.0000,5064.0000,5064.2000,5064.4000,5066.0000,5066.6000,1,1,5,5,4,1,1,2,2,1
SF,IC2006,2019-12-26 09:31:17.100,5063.8000,35335,-1,226767440.000,1,0,1,双平,S,5062.4000,5062.2000,5061.4000,5061.2000,5061.0000,5064.0000,5064.2000,5064.4000,5066.0000,5066.6000,1,1,5,5,4,1,1,2,2,1
SF,IC2006,2019-12-26 09:31:17.600,5063.8000,35335,0,226767440.000,0,-,-,-,-,5062.4000,5062.2000,5061.4000,5061.2000,5061.0000,5064.0000,5064.2000,5064.4000,5066.0000,5066.6000,1,1,5,5,4,1,1,2,2,1
SF,IC2006,2019-12-26 09:31:18.100,5063.8000,35335,0,226767440.000,0,-,-,-,-,5062.4000,5062.2000,5061.4000,5061.2000,5061.0000,5064.0000,5064.2000,5064.4000,5066.0000,5066.6000,1,1,5,5,4,1,1,2,2,1
SF,IC2006,2019-12-26 09:31:18.600,5063.2000,35334,-1,227780080.000,1,0,1,双平,S,5062.4000,5062.2000,5061.4000,5061.2000,5061.0000,5064.0000,5064.2000,5064.4000,5066.0000,5066.6000,1,1,5,5,4,1,1,2,2,1
SF,IC2006,2019-12-26 09:31:19.100,5063.2000,35334,0,227780080.000,0,-,-,-,-,5062.4000,5062.2000,5061.4000,5061.2000,5061.0000,5063.0000,5064.0000,5064.2000,5064.4000,5066.0000,1,2,5,5,4,1,1,1,2,2
SF,IC2006,2019-12-26 09:31:19.600,5063.0000,35331,-3,230817880.000,3,0,3,双平,S,5063.0000,5062.6000,5062.4000,5062.2000,5061.6000,5064.2000,5064.4000,5066.0000,5066.6000,5067.0000,1,1,1,2,1,1,2,2,1,2
SF,IC2006,2019-12-26 09:31:20.100,5064.0000,35330,-1,231830680.000,1,0,1,双平,S,5063.0000,5062.6000,5062.4000,5062.2000,5061.6000,5064.2000,5064.4000,5066.0000,5066.6000,5067.0000,1,1,1,2,1,1,2,2,1,2
SF,IC2006,2019-12-26 09:31:20.600,5064.2000,35329,-1,232843520.000,1,0,1,双平,S,5063.0000,5062.8000,5062.2000,5061.6000,5061.4000,5064.4000,5066.0000,5066.6000,5067.0000,5067.2000,1,1,2,1,5,2,2,1,2,1
SF,IC2006,2019-12-26 09:31:21.100,5064.2000,35329,0,232843520.000,0,-,-,-,-,5063.0000,5062.8000,5062.2000,5061.4000,5061.2000,5064.4000,5066.0000,5066.6000,5067.0000,5067.2000,1,1,2,5,5,2,2,1,2,1
SF,IC2006,2019-12-26 09:31:21.600,5064.2000,35329,0,232843520.000,0,-,-,-,-,5063.0000,5062.8000,5062.2000,5061.4000,5061.2000,5064.4000,5066.0000,5066.6000,5067.0000,5067.2000,1,5,2,5,5,2,2,1,2,1
SF,IC2006,2019-12-26 09:31:22.600,5064.2000,35329,0,232843520.000,0,-,-,-,-,5063.0000,5062.8000,5062.2000,5061.6000,5061.4000,5064.4000,5066.0000,5066.6000,5067.0000,5067.2000,1,5,2,20,5,2,2,1,2,1
SF,IC2006,2019-12-26 09:31:23.100,5064.2000,35329,0,232843520.000,0,-,-,-,-,5063.2000,5063.0000,5062.8000,5062.2000,5061.6000,5063.8000,5064.4000,5066.0000,5066.6000,5067.0000,2,1,5,2,20,2,2,2,1,2
SF,IC2006,2019-12-26 09:31:23.600,5064.2000,35329,0,232843520.000,0,-,-,-,-,5063.2000,5063.0000,5062.8000,5062.2000,5061.6000,5063.8000,5064.0000,5064.4000,5066.0000,5066.6000,2,1,5,2,20,2,1,2,2,1
SF,IC2006,2019-12-26 09:31:24.100,5063.2000,35328,-1,233856160.000,1,0,1,双平,S,5063.2000,5062.8000,5062.2000,5061.6000,5061.4000,5063.8000,5064.0000,5064.4000,5066.0000,5066.6000,1,4,2,20,5,2,1,2,2,1
SF,IC2006,2019-12-26 09:31:24.600,5063.2000,35327,-1,235881440.000,2,0,2,多平,S,5063.0000,5062.8000,5062.2000,5061.6000,5061.4000,5063.8000,5064.0000,5064.4000,5066.0000,5066.6000,3,4,2,20,5,2,1,2,2,1
SF,IC2006,2019-12-26 09:31:25.100,5063.2000,35327,0,235881440.000,0,-,-,-,-,5063.0000,5062.8000,5062.2000,5061.6000,5061.4000,5063.8000,5064.0000,5064.4000,5065.0000,5066.0000,3,4,2,20,5,2,1,2,1,2
SF,IC2006,2019-12-26 09:31:25.600,5063.2000,35327,0,235881440.000,0,-,-,-,-,5063.0000,5062.8000,5062.2000,5061.6000,5061.4000,5063.8000,5064.0000,5064.4000,5065.0000,5066.0000,3,4,2,21,5,2,1,2,1,2
SF,IC2006,2019-12-26 09:31:26.600,5063.8000,35327,0,237906960.000,2,1,1,多换,S,5063.0000,5062.8000,5062.2000,5061.6000,5061.4000,5064.0000,5064.4000,5065.0000,5066.0000,5066.6000,3,4,2,21,5,1,2,1,2,1
SF,IC2006,2019-12-26 09:31:27.600,5063.0000,35326,-1,238919560.000,1,0,1,双平,S,5063.0000,5062.8000,5062.2000,5061.6000,5061.4000,5064.0000,5064.4000,5065.0000,5066.0000,5066.6000,2,4,2,21,5,1,2,1,2,1
SF,IC2006,2019-12-26 09:31:28.100,5063.0000,35326,0,238919560.000,0,-,-,-,-,5063.0000,5062.8000,5062.2000,5061.6000,5061.4000,5063.8000,5064.0000,5064.4000,5065.0000,5066.0000,2,4,2,21,5,1,1,2,1,2
SF,IC2006,2019-12-26 09:31:28.600,5063.0000,35326,0,238919560.000,0,-,-,-,-,5063.0000,5062.8000,5062.2000,5061.6000,5061.4000,5063.8000,5064.0000,5064.4000,5065.0000,5066.0000,2,4,2,21,5,1,1,2,1,2
SF,IC2006,2019-12-26 09:31:29.100,5063.0000,35324,-2,240944760.000,2,0,2,双平,S,5062.8000,5062.2000,5061.6000,5061.4000,5061.2000,5063.6000,5063.8000,5064.0000,5064.4000,5065.0000,4,2,21,5,5,1,1,1,2,1
SF,IC2006,2019-12-26 09:31:29.600,5063.0000,35324,0,240944760.000,0,-,-,-,-,5062.8000,5062.2000,5061.6000,5061.4000,5061.2000,5063.6000,5063.8000,5064.0000,5064.4000,5065.0000,4,2,20,5,5,1,1,1,2,1
SF,IC2006,2019-12-26 09:31:30.100,5062.8000,35324,0,242969880.000,2,1,1,多换,S,5062.8000,5062.2000,5061.6000,5061.4000,5061.2000,5063.4000,5063.6000,5063.8000,5064.0000,5064.4000,2,1,20,5,5,1,1,1,1,2
SF,IC2006,2019-12-26 09:31:30.600,5062.8000,35324,0,244995000.000,2,1,1,多换,S,5062.2000,5061.6000,5061.4000,5061.2000,5061.0000,5062.8000,5063.2000,5063.8000,5064.0000,5064.4000,1,20,5,5,4,1,1,1,1,2
SF,IC2006,2019-12-26 09:31:31.100,5062.8000,35324,0,244995000.000,0,-,-,-,-,5062.2000,5061.6000,5061.4000,5061.2000,5061.0000,5062.8000,5063.2000,5064.0000,5064.4000,5065.0000,1,20,5,5,4,1,1,1,2,1
SF,IC2006,2019-12-26 09:31:31.600,5062.2000,35324,0,246007440.000,1,0,1,多换,S,5061.6000,5061.4000,5061.2000,5061.0000,5060.6000,5064.0000,5064.4000,5065.0000,5066.0000,5066.6000,20,5,5,4,2,1,2,1,2,1
SF,IC2006,2019-12-26 09:31:32.100,5061.8000,35323,-1,247019800.000,1,0,1,双平,S,5061.8000,5061.6000,5061.4000,5061.2000,5061.0000,5063.8000,5064.0000,5064.4000,5065.0000,5066.0000,1,20,5,5,4,3,1,2,1,2
SF,IC2006,2019-12-26 09:31:32.600,5061.8000,35323,0,247019800.000,0,-,-,-,-,5061.8000,5061.6000,5061.4000,5061.2000,5061.0000,5062.8000,5063.2000,5063.8000,5064.0000,5064.4000,1,20,5,5,4,1,1,2,1,2
SF,IC2006,2019-12-26 09:31:33.100,5062.8000,35323,0,248032360.000,1,0,1,多换,S,5063.0000,5062.0000,5061.8000,5061.6000,5061.4000,5063.2000,5063.8000,5064.0000,5064.4000,5065.0000,1,1,1,20,5,1,1,1,2,1
SF,IC2006,2019-12-26 09:31:33.600,5062.8000,35323,0,248032360.000,0,-,-,-,-,5062.0000,5061.8000,5061.6000,5061.4000,5061.2000,5063.2000,5063.8000,5064.0000,5064.4000,5065.0000,1,1,20,5,5,1,1,1,2,1
SF,IC2006,2019-12-26 09:31:34.100,5063.2000,35321,-2,250057440.000,2,0,2,双平,S,5062.0000,5061.6000,5061.4000,5061.2000,5061.0000,5063.8000,5064.0000,5064.4000,5065.0000,5066.0000,1,20,5,5,4,1,1,2,1,2
SF,IC2006,2019-12-26 09:31:34.600,5063.2000,35321,0,250057440.000,0,-,-,-,-,5062.2000,5062.0000,5061.8000,5061.6000,5061.4000,5063.8000,5064.0000,5064.4000,5065.0000,5066.0000,1,1,1,20,5,1,1,2,1,2
SF,IC2006,2019-12-26 09:31:35.100,5064.0000,35319,-2,252083000.000,2,0,2,双平,S,5062.2000,5062.0000,5061.8000,5061.6000,5061.4000,5064.4000,5065.0000,5066.0000,5066.6000,5067.0000,1,1,2,20,5,2,1,2,1,2
SF,IC2006,2019-12-26 09:31:35.600,5064.0000,35319,0,252083000.000,0,-,-,-,-,5062.2000,5062.0000,5061.8000,5061.6000,5061.4000,5063.8000,5064.4000,5065.0000,5066.0000,5066.6000,1,1,2,20,5,1,2,1,2,1
SF,IC2006,2019-12-26 09:31:36.100,5063.8000,35318,-1,253095760.000,1,0,1,双平,S,5062.8000,5062.4000,5062.2000,5062.0000,5061.8000,5064.4000,5065.0000,5066.0000,5066.6000,5067.0000,1,1,1,1,2,2,1,2,1,2
SF,IC2006,2019-12-26 09:31:36.600,5063.8000,35318,0,253095760.000,0,-,-,-,-,5063.0000,5062.8000,5062.4000,5062.0000,5061.8000,5064.4000,5065.0000,5066.0000,5066.6000,5067.0000,1,1,1,1,2,2,1,2,1,2
SF,IC2006,2019-12-26 09:31:37.100,5064.4000,35316,-2,255121520.000,2,0,2,双平,S,5063.0000,5062.8000,5062.6000,5062.4000,5062.0000,5065.0000,5066.0000,5066.6000,5067.0000,5067.2000,1,1,1,1,1,1,2,1,2,1
SF,IC2006,2019-12-26 09:31:37.600,5065.0000,35315,-1,256134520.000,1,0,1,双平,S,5063.0000,5062.8000,5062.6000,5062.4000,5062.0000,5066.0000,5066.6000,5067.0000,5067.2000,5067.8000,3,1,1,1,1,2,1,2,1,1
SF,IC2006,2019-12-26 09:31:38.100,5065.0000,35315,0,256134520.000,0,-,-,-,-,5063.0000,5062.6000,5062.0000,5061.8000,5061.6000,5065.8000,5066.0000,5066.6000,5067.0000,5067.2000,3,1,1,1,20,3,2,1,2,1
SF,IC2006,2019-12-26 09:31:38.600,5065.0000,35315,0,256134520.000,0,-,-,-,-,5063.8000,5063.0000,5062.6000,5062.0000,5061.8000,5064.0000,5065.8000,5066.0000,5066.6000,5067.0000,1,3,1,1,1,2,3,2,1,2
SF,IC2006,2019-12-26 09:31:39.100,5064.0000,35313,-2,258160120.000,2,0,2,双平,S,5063.8000,5063.0000,5062.6000,5062.0000,5061.8000,5064.6000,5065.8000,5066.0000,5066.6000,5067.0000,1,3,1,1,1,1,1,2,1,2
SF,IC2006,2019-12-26 09:31:39.600,5064.6000,35312,-1,259173040.000,1,0,1,双平,S,5065.2000,5063.0000,5062.6000,5062.0000,5061.8000,5065.8000,5066.0000,5066.6000,5067.0000,5067.8000,3,3,1,1,1,1,2,1,2,1
SF,IC2006,2019-12-26 09:31:40.100,5065.2000,35309,-3,262212160.000,3,0,3,双平,S,5063.0000,5062.6000,5062.0000,5061.8000,5061.6000,5064.0000,5065.0000,5065.2000,5065.8000,5066.0000,3,1,1,1,20,3,1,2,1,2
SF,IC2006,2019-12-26 09:31:40.600,5064.0000,35306,-3,265250720.000,3,0,3,双平,S,5064.0000,5063.8000,5063.0000,5062.6000,5062.0000,5066.0000,5066.6000,5067.0000,5067.8000,5068.0000,2,1,2,1,1,2,1,2,1,4
SF,IC2006,2019-12-26 09:31:41.100,5064.0000,35306,0,265250720.000,0,-,-,-,-,5064.2000,5064.0000,5063.0000,5062.6000,5062.0000,5065.8000,5066.0000,5066.6000,5067.0000,5067.8000,1,2,2,1,1,1,2,1,2,1
SF,IC2006,2019-12-26 09:31:41.600,5064.0000,35306,0,265250720.000,0,-,-,-,-,5064.2000,5064.0000,5063.6000,5063.0000,5062.0000,5065.8000,5066.0000,5066.6000,5067.0000,5067.8000,1,2,1,2,1,1,2,1,2,1
SF,IC2006,2019-12-26 09:31:42.100,5064.0000,35306,0,265250720.000,0,-,-,-,-,5064.4000,5064.2000,5064.0000,5063.6000,5063.0000,5065.8000,5066.0000,5066.6000,5067.0000,5067.8000,1,1,2,1,2,1,2,1,2,1
SF,IC2006,2019-12-26 09:31:42.600,5064.0000,35306,0,265250720.000,0,-,-,-,-,5064.6000,5064.4000,5064.0000,5063.6000,5063.0000,5066.0000,5066.6000,5067.0000,5067.8000,5068.0000,1,1,2,1,2,3,1,2,1,4
SF,IC2006,2019-12-26 09:31:43.100,5064.0000,35306,0,265250720.000,0,-,-,-,-,5064.6000,5064.4000,5064.0000,5063.6000,5063.0000,5066.0000,5066.6000,5067.0000,5067.8000,5068.0000,1,1,2,1,2,3,1,2,1,4
SF,IC2006,2019-12-26 09:31:43.600,5064.0000,35306,0,265250720.000,0,-,-,-,-,5064.6000,5064.4000,5064.2000,5064.0000,5063.0000,5066.0000,5066.6000,5067.0000,5067.8000,5068.0000,1,1,1,2,2,3,1,2,1,4
SF,IC2006,2019-12-26 09:31:44.100,5064.6000,35305,-1,266263640.000,1,0,1,双平,S,5064.4000,5064.2000,5064.0000,5063.0000,5062.0000,5064.6000,5065.8000,5066.0000,5066.6000,5067.0000,1,1,2,2,4,4,1,3,1,2
SF,IC2006,2019-12-26 09:31:44.600,5064.4000,35298,-7,273353960.000,7,0,7,双平,S,5064.6000,5064.2000,5063.0000,5062.0000,5061.8000,5065.8000,5066.0000,5066.6000,5067.0000,5067.8000,8,1,2,4,1,1,3,1,2,1
SF,IC2006,2019-12-26 09:31:45.100,5064.6000,35296,-2,275379800.000,2,0,2,双平,S,5064.6000,5064.2000,5063.0000,5062.0000,5061.8000,5065.8000,5066.0000,5066.6000,5067.0000,5067.8000,6,1,2,4,1,1,3,1,2,1
SF,IC2006,2019-12-26 09:31:46.100,5064.6000,35296,0,275379800.000,0,-,-,-,-,5064.6000,5063.0000,5062.0000,5061.8000,5061.6000,5065.8000,5066.0000,5066.6000,5067.0000,5067.8000,6,2,4,1,20,1,4,1,2,1
SF,IC2006,2019-12-26 09:31:46.600,5064.6000,35295,-1,276392720.000,1,0,1,双平,S,5064.6000,5063.0000,5062.0000,5061.8000,5061.6000,5065.6000,5065.8000,5066.0000,5066.6000,5067.0000,5,2,4,1,20,2,1,4,1,2
SF,IC2006,2019-12-26 09:31:47.100,5064.6000,35294,-1,277405640.000,1,0,1,双平,S,5064.6000,5063.0000,5062.0000,5061.8000,5061.6000,5065.4000,5066.0000,5066.6000,5067.0000,5067.8000,4,2,5,1,20,2,4,1,2,1
SF,IC2006,2019-12-26 09:31:47.600,5064.6000,35290,-4,281457320.000,4,0,4,双平,S,5063.0000,5062.0000,5061.8000,5061.6000,5061.4000,5065.2000,5066.0000,5066.6000,5067.0000,5067.8000,2,5,1,20,5,2,4,1,2,1
SF,IC2006,2019-12-26 09:31:48.100,5064.6000,35290,0,281457320.000,0,-,-,-,-,5063.2000,5063.0000,5062.0000,5061.8000,5061.6000,5066.0000,5066.6000,5067.0000,5067.8000,5068.0000,1,3,5,1,20,4,1,2,1,4
SF,IC2006,2019-12-26 09:31:48.600,5064.6000,35290,0,281457320.000,0,-,-,-,-,5063.2000,5063.0000,5062.0000,5061.8000,5061.6000,5065.8000,5066.0000,5066.6000,5067.0000,5067.8000,1,3,5,1,20,3,4,1,2,1
SF,IC2006,2019-12-26 09:31:49.100,5063.2000,35289,-1,282469960.000,1,0,1,双平,S,5063.0000,5062.0000,5061.8000,5061.6000,5061.4000,5064.6000,5065.6000,5065.8000,5066.0000,5066.6000,3,5,1,20,5,5,2,1,4,1
SF,IC2006,2019-12-26 09:31:49.600,5064.6000,35288,-1,283482880.000,1,0,1,双平,S,5063.2000,5063.0000,5062.0000,5061.8000,5061.6000,5064.6000,5065.6000,5065.8000,5066.0000,5066.6000,1,3,5,1,20,4,2,1,4,1
SF,IC2006,2019-12-26 09:31:50.100,5064.6000,35285,-3,286521640.000,3,0,3,双平,S,5063.4000,5063.2000,5063.0000,5062.0000,5061.8000,5064.6000,5065.6000,5065.8000,5066.0000,5066.6000,1,1,3,5,1,1,2,1,4,1
SF,IC2006,2019-12-26 09:31:50.600,5064.6000,35285,0,286521640.000,0,-,-,-,-,5063.6000,5063.4000,5063.0000,5062.0000,5061.8000,5064.6000,5065.2000,5065.6000,5065.8000,5066.0000,1,1,3,4,1,1,1,2,1,4
SF,IC2006,2019-12-26 09:31:51.100,5064.6000,35285,0,286521640.000,0,-,-,-,-,5063.4000,5063.0000,5062.0000,5061.8000,5061.6000,5064.6000,5065.2000,5065.6000,5065.8000,5066.0000,1,4,4,1,20,1,1,2,1,4
SF,IC2006,2019-12-26 09:31:51.600,5064.6000,35284,-1,287534560.000,1,0,1,双平,S,5064.6000,5063.6000,5063.4000,5063.0000,5062.0000,5065.2000,5065.6000,5065.8000,5066.0000,5066.6000,1,1,1,4,4,1,2,1,4,1
SF,IC2006,2019-12-26 09:31:52.100,5064.6000,35284,0,287534560.000,0,-,-,-,-,5063.0000,5062.0000,5061.8000,5061.6000,5061.4000,5065.0000,5065.2000,5066.0000,5066.6000,5067.0000,4,4,1,20,5,2,1,4,1,2
SF,IC2006,2019-12-26 09:31:52.600,5064.6000,35284,0,287534560.000,0,-,-,-,-,5064.0000,5063.4000,5063.2000,5063.0000,5062.0000,5064.8000,5065.2000,5066.0000,5066.6000,5067.0000,1,1,1,3,4,1,1,4,1,2
SF,IC2006,2019-12-26 09:31:53.600,5064.6000,35284,0,287534560.000,0,-,-,-,-,5064.0000,5063.4000,5063.2000,5063.0000,5062.0000,5064.8000,5065.2000,5066.0000,5066.6000,5067.0000,1,1,1,3,4,1,1,4,1,2
SF,IC2006,2019-12-26 09:31:54.100,5064.2000,35282,-2,289560360.000,2,0,2,双平,S,5064.0000,5063.4000,5063.2000,5063.0000,5062.0000,5065.2000,5066.0000,5066.6000,5067.0000,5067.8000,1,1,1,3,4,1,4,1,2,1
SF,IC2006,2019-12-26 09:31:54.600,5064.2000,35282,0,289560360.000,0,-,-,-,-,5064.2000,5064.0000,5063.4000,5063.0000,5062.0000,5065.2000,5066.0000,5066.6000,5067.0000,5067.8000,1,1,1,3,4,1,4,1,2,1
SF,IC2006,2019-12-26 09:31:55.100,5064.2000,35282,0,289560360.000,0,-,-,-,-,5064.8000,5064.2000,5064.0000,5063.4000,5063.0000,5065.2000,5066.0000,5066.6000,5067.0000,5067.8000,1,1,1,1,3,1,4,1,2,1
SF,IC2006,2019-12-26 09:31:56.100,5064.8000,35281,-1,291586280.000,2,0,2,多平,S,5064.2000,5064.0000,5063.4000,5063.0000,5062.0000,5064.6000,5064.8000,5065.0000,5065.2000,5066.0000,1,1,1,3,4,3,1,1,1,4
SF,IC2006,2019-12-26 09:31:56.600,5065.0000,35279,-2,297663840.000,6,2,4,多平,S,5065.0000,5064.0000,5063.4000,5063.0000,5062.0000,5065.2000,5066.0000,5066.6000,5067.0000,5067.8000,2,1,1,3,4,1,4,1,2,1
SF,IC2006,2019-12-26 09:31:57.100,5065.0000,35279,0,299689840.000,2,1,1,多换,S,5064.0000,5063.4000,5063.0000,5062.0000,5061.8000,5065.2000,5066.0000,5066.6000,5067.0000,5067.8000,1,1,3,4,1,1,4,1,2,1
SF,IC2006,2019-12-26 09:31:57.600,5065.0000,35279,0,299689840.000,0,-,-,-,-,5064.0000,5063.4000,5063.0000,5062.0000,5061.8000,5065.0000,5065.2000,5066.0000,5066.6000,5067.0000,1,1,3,4,1,1,1,4,1,2
SF,IC2006,2019-12-26 09:31:58.100,5065.0000,35279,0,299689840.000,0,-,-,-,-,5064.0000,5063.0000,5062.0000,5061.8000,5061.6000,5065.0000,5065.2000,5066.0000,5066.6000,5067.0000,1,3,4,1,20,1,1,4,1,2
SF,IC2006,2019-12-26 09:31:58.600,5065.0000,35279,0,299689840.000,0,-,-,-,-,5064.0000,5063.0000,5062.0000,5061.8000,5061.6000,5065.0000,5065.2000,5066.0000,5066.6000,5067.0000,1,3,4,1,20,1,1,4,1,2
SF,IC2006,2019-12-26 09:31:59.100,5065.0000,35279,0,299689840.000,0,-,-,-,-,5064.0000,5063.8000,5063.0000,5062.0000,5061.8000,5065.0000,5065.2000,5066.0000,5066.6000,5067.0000,1,2,3,4,1,2,1,4,1,2
SF,IC2006,2019-12-26 09:32:00.100,5065.0000,35279,0,299689840.000,0,-,-,-,-,5063.8000,5063.0000,5062.0000,5061.8000,5061.6000,5065.0000,5065.2000,5066.0000,5066.6000,5067.0000,2,3,4,1,20,2,1,4,1,2
SF,IC2006,2019-12-26 09:32:00.600,5065.0000,35278,-1,300702840.000,1,0,1,双平,S,5063.8000,5063.0000,5062.0000,5061.8000,5061.6000,5064.0000,5065.0000,5066.0000,5066.6000,5067.0000,2,3,4,1,20,4,2,4,1,2
SF,IC2006,2019-12-26 09:32:01.100,5065.0000,35274,-4,306780040.000,6,1,5,多平,S,5064.0000,5063.8000,5063.6000,5063.0000,5062.0000,5065.0000,5066.0000,5066.6000,5067.0000,5067.8000,1,3,2,3,4,1,4,1,2,1
SF,IC2006,2019-12-26 09:32:02.100,5065.0000,35274,0,306780040.000,0,-,-,-,-,5064.0000,5063.8000,5063.6000,5063.0000,5062.0000,5065.0000,5066.0000,5066.6000,5067.0000,5067.8000,1,3,3,3,4,1,4,1,2,1
SF,IC2006,2019-12-26 09:32:03.100,5064.0000,35274,0,307792840.000,1,0,1,多换,S,5063.8000,5063.6000,5063.0000,5062.0000,5061.8000,5065.0000,5066.0000,5066.6000,5067.0000,5067.8000,3,3,3,5,1,1,4,1,2,1
SF,IC2006,2019-12-26 09:32:03.600,5065.0000,35273,-1,308805840.000,1,0,1,双平,S,5065.0000,5063.8000,5063.6000,5063.0000,5062.0000,5066.0000,5066.6000,5067.0000,5067.8000,5068.0000,4,3,3,3,5,4,1,2,1,4
SF,IC2006,2019-12-26 09:32:04.100,5065.0000,35269,-4,312857840.000,4,0,4,双平,S,5065.0000,5063.8000,5063.6000,5063.0000,5062.0000,5065.8000,5066.0000,5066.6000,5067.0000,5067.8000,1,3,3,3,5,2,4,1,2,1
SF,IC2006,2019-12-26 09:32:04.600,5065.0000,35268,-1,313870840.000,1,0,1,双平,S,5063.8000,5063.6000,5063.0000,5062.0000,5061.8000,5065.0000,5065.8000,5066.0000,5066.6000,5067.0000,3,3,3,5,1,2,7,4,1,2
SF,IC2006,2019-12-26 09:32:05.100,5065.0000,35268,0,313870840.000,0,-,-,-,-,5064.0000,5063.8000,5063.0000,5062.0000,5061.8000,5065.0000,5065.8000,5066.0000,5066.6000,5067.0000,5,3,3,5,1,2,6,4,1,2
SF,IC2006,2019-12-26 09:32:05.600,5065.0000,35268,0,313870840.000,0,-,-,-,-,5064.2000,5064.0000,5063.8000,5063.0000,5062.0000,5065.0000,5065.8000,5066.0000,5066.6000,5067.0000,2,3,3,3,5,2,6,4,1,2
SF,IC2006,2019-12-26 09:32:06.100,5065.0000,35267,-1,314883840.000,1,0,1,双平,S,5064.2000,5064.0000,5063.8000,5063.0000,5062.0000,5065.0000,5065.8000,5066.0000,5066.6000,5067.0000,2,3,3,3,5,2,6,4,1,2
SF,IC2006,2019-12-26 09:32:06.600,5065.0000,35267,0,314883840.000,0,-,-,-,-,5064.4000,5064.2000,5064.0000,5063.8000,5063.0000,5065.8000,5066.0000,5066.6000,5067.0000,5067.8000,1,2,2,3,3,6,4,1,2,1
SF,IC2006,2019-12-26 09:32:07.100,5065.0000,35267,0,314883840.000,0,-,-,-,-,5064.6000,5064.4000,5064.2000,5064.0000,5063.8000,5065.8000,5066.0000,5066.6000,5067.0000,5067.8000,1,1,2,1,3,6,4,1,2,1
SF,IC2006,2019-12-26 09:32:07.600,5065.0000,35267,0,314883840.000,0,-,-,-,-,5064.8000,5064.6000,5064.4000,5064.2000,5063.8000,5065.8000,5066.0000,5066.6000,5067.0000,5067.8000,1,1,1,2,3,5,4,1,2,1
SF,IC2006,2019-12-26 09:32:08.100,5065.0000,35267,0,314883840.000,0,-,-,-,-,5064.8000,5064.6000,5064.2000,5063.8000,5063.0000,5065.8000,5066.0000,5066.6000,5067.0000,5067.8000,1,1,2,3,3,5,4,1,2,1
SF,IC2006,2019-12-26 09:32:08.600,5065.8000,35267,0,315897000.000,1,0,1,多换,S,5065.0000,5064.8000,5064.6000,5064.2000,5063.8000,5065.8000,5066.0000,5066.6000,5067.0000,5067.8000,1,1,1,2,3,4,4,1,2,1
SF,IC2006,2019-12-26 09:32:10.100,5065.8000,35267,0,319949640.000,4,2,2,多换,S,5065.8000,5065.0000,5064.8000,5064.2000,5063.8000,5066.0000,5066.6000,5067.0000,5067.8000,5068.0000,6,1,1,2,3,4,1,2,1,4
SF,IC2006,2019-12-26 09:32:11.100,5066.0000,35265,-2,321976040.000,2,0,2,双平,S,5065.8000,5065.0000,5064.8000,5064.2000,5063.8000,5066.0000,5066.6000,5067.0000,5067.8000,5068.0000,6,1,1,2,3,2,1,2,1,4
SF,IC2006,2019-12-26 09:32:11.600,5066.0000,35264,-1,324002440.000,2,0,2,多平,S,5066.0000,5065.8000,5064.8000,5064.2000,5064.0000,5066.6000,5067.0000,5067.8000,5068.0000,5068.6000,2,6,1,2,1,1,2,1,4,1
SF,IC2006,2019-12-26 09:32:12.100,5066.6000,35263,-1,325015760.000,1,0,1,双平,S,5066.0000,5065.8000,5064.8000,5064.2000,5064.0000,5067.0000,5067.8000,5068.0000,5068.6000,5068.8000,2,6,1,2,1,2,1,4,1,1
SF,IC2006,2019-12-26 09:32:12.600,5066.0000,35261,-2,327042160.000,2,0,2,双平,S,5065.8000,5064.8000,5064.2000,5064.0000,5063.8000,5066.8000,5067.0000,5067.8000,5068.0000,5068.6000,6,1,2,1,3,1,2,1,4,1
SF,IC2006,2019-12-26 09:32:13.100,5066.0000,35261,0,327042160.000,0,-,-,-,-,5066.0000,5065.8000,5064.8000,5064.2000,5064.0000,5066.8000,5067.0000,5067.8000,5068.0000,5068.6000,1,6,1,2,1,1,2,1,4,1
SF,IC2006,2019-12-26 09:32:13.600,5066.0000,35261,0,327042160.000,0,-,-,-,-,5066.0000,5065.8000,5064.8000,5064.2000,5064.0000,5066.6000,5066.8000,5067.0000,5067.8000,5068.0000,1,6,1,2,1,1,1,2,1,4
SF,IC2006,2019-12-26 09:32:14.100,5066.0000,35261,0,327042160.000,0,-,-,-,-,5066.0000,5065.8000,5064.8000,5064.2000,5064.0000,5066.6000,5066.8000,5067.0000,5067.8000,5068.0000,1,6,1,2,1,1,1,2,1,4
SF,IC2006,2019-12-26 09:32:14.600,5066.6000,35260,-1,328055480.000,1,0,1,双平,S,5066.0000,5065.8000,5064.8000,5064.2000,5064.0000,5066.8000,5067.0000,5067.8000,5068.0000,5068.6000,1,6,1,2,1,1,2,1,4,1
SF,IC2006,2019-12-26 09:32:15.100,5066.0000,35260,0,329068680.000,1,0,1,多换,S,5066.6000,5065.8000,5064.8000,5064.2000,5064.0000,5066.8000,5067.0000,5067.8000,5068.0000,5068.6000,1,6,1,2,1,1,2,1,4,1
SF,IC2006,2019-12-26 09:32:15.600,5065.8000,35260,0,331095160.000,2,1,1,多换,S,5065.8000,5064.8000,5064.2000,5064.0000,5063.8000,5066.0000,5066.8000,5067.0000,5067.8000,5068.0000,5,1,2,1,1,2,1,2,1,4
SF,IC2006,2019-12-26 09:32:16.100,5066.0000,35258,-2,333121560.000,2,0,2,双平,S,5065.8000,5064.4000,5064.2000,5064.0000,5063.8000,5067.0000,5067.8000,5068.0000,5068.6000,5068.8000,5,2,2,1,1,2,1,4,1,1
SF,IC2006,2019-12-26 09:32:16.600,5067.0000,35258,0,334134960.000,1,0,1,多换,S,5066.0000,5065.8000,5064.6000,5064.4000,5064.2000,5067.0000,5067.8000,5068.0000,5068.6000,5068.8000,1,5,1,2,2,1,1,4,1,1
SF,IC2006,2019-12-26 09:32:17.100,5067.0000,35257,-1,335148360.000,1,0,1,双平,S,5067.2000,5066.2000,5066.0000,5065.8000,5064.6000,5067.8000,5068.0000,5068.6000,5068.8000,5069.6000,1,1,1,5,1,1,4,1,1,1
SF,IC2006,2019-12-26 09:32:17.600,5067.0000,35257,0,335148360.000,0,-,-,-,-,5067.2000,5066.2000,5066.0000,5065.8000,5064.6000,5067.8000,5068.0000,5068.6000,5068.8000,5069.6000,1,1,1,5,1,1,4,1,1,2
SF,IC2006,2019-12-26 09:32:18.100,5068.0000,35253,-4,339202720.000,4,0,4,双平,S,5067.2000,5066.2000,5066.0000,5065.8000,5065.0000,5068.0000,5068.6000,5068.8000,5069.6000,5069.8000,1,1,3,5,1,1,1,1,1,2
SF,IC2006,2019-12-26 09:32:18.600,5068.0000,35252,-1,340216320.000,1,0,1,双平,S,5067.4000,5067.2000,5066.2000,5066.0000,5065.8000,5068.6000,5068.8000,5069.6000,5069.8000,5070.0000,1,2,1,2,5,1,1,1,2,7
SF,IC2006,2019-12-26 09:32:19.100,5068.0000,35252,0,340216320.000,0,-,-,-,-,5067.6000,5067.4000,5067.2000,5066.0000,5065.8000,5068.6000,5068.8000,5069.6000,5069.8000,5070.0000,2,1,1,2,5,1,1,1,2,7
SF,IC2006,2019-12-26 09:32:19.600,5068.0000,35252,0,340216320.000,0,-,-,-,-,5067.6000,5067.4000,5067.2000,5066.0000,5065.8000,5068.6000,5068.8000,5069.6000,5069.8000,5070.0000,3,1,1,2,5,1,1,1,2,7
SF,IC2006,2019-12-26 09:32:20.100,5068.0000,35252,0,340216320.000,0,-,-,-,-,5067.8000,5067.6000,5067.2000,5066.0000,5065.8000,5068.6000,5068.8000,5069.6000,5069.8000,5070.0000,1,3,1,2,5,1,1,1,2,7
SF,IC2006,2019-12-26 09:32:20.600,5068.0000,35252,0,340216320.000,0,-,-,-,-,5068.0000,5067.8000,5067.6000,5067.2000,5066.0000,5068.6000,5068.8000,5069.6000,5069.8000,5070.0000,1,1,2,1,2,1,1,1,2,7
SF,IC2006,2019-12-26 09:32:21.100,5068.0000,35252,0,340216320.000,0,-,-,-,-,5068.2000,5068.0000,5067.2000,5066.0000,5065.8000,5068.6000,5068.8000,5069.6000,5069.8000,5070.0000,1,1,1,2,5,1,1,1,2,7
SF,IC2006,2019-12-26 09:32:21.600,5068.0000,35252,0,340216320.000,0,-,-,-,-,5068.0000,5067.2000,5066.0000,5065.8000,5065.0000,5068.6000,5068.8000,5069.6000,5069.8000,5070.0000,1,1,2,5,1,1,1,1,2,7
SF,IC2006,2019-12-26 09:32:22.100,5068.6000,35252,0,341230040.000,1,0,1,多换,S,5068.6000,5068.2000,5068.0000,5067.2000,5066.0000,5068.8000,5069.6000,5069.8000,5070.0000,5071.6000,5,1,1,1,2,1,1,2,7,1
SF,IC2006,2019-12-26 09:32:22.600,5068.6000,35250,-2,343257520.000,2,0,2,双平,S,5068.6000,5067.2000,5066.0000,5065.8000,5065.0000,5069.6000,5069.8000,5070.0000,5071.6000,5071.8000,4,1,2,5,1,1,2,7,1,1
SF,IC2006,2019-12-26 09:32:23.100,5068.6000,35250,0,343257520.000,0,-,-,-,-,5069.0000,5068.8000,5068.6000,5068.0000,5067.2000,5069.6000,5069.8000,5070.0000,5071.6000,5071.8000,1,2,4,1,1,1,2,7,1,1
SF,IC2006,2019-12-26 09:32:23.600,5068.6000,35250,0,343257520.000,0,-,-,-,-,5069.0000,5068.8000,5068.6000,5068.0000,5067.2000,5069.6000,5069.8000,5070.0000,5071.6000,5071.8000,1,2,4,1,1,1,2,6,1,1
SF,IC2006,2019-12-26 09:32:24.100,5068.6000,35250,0,343257520.000,0,-,-,-,-,5069.0000,5068.8000,5068.6000,5068.0000,5067.2000,5069.6000,5069.8000,5070.0000,5071.6000,5071.8000,1,1,4,1,1,1,2,6,1,1
SF,IC2006,2019-12-26 09:32:24.600,5068.6000,35250,0,343257520.000,0,-,-,-,-,5069.0000,5068.8000,5068.6000,5068.0000,5067.2000,5069.6000,5069.8000,5070.0000,5071.6000,5071.8000,1,1,5,1,1,1,2,6,1,1
SF,IC2006,2019-12-26 09:32:25.600,5068.6000,35250,0,343257520.000,0,-,-,-,-,5068.8000,5068.6000,5068.0000,5067.2000,5066.0000,5069.6000,5069.8000,5070.0000,5071.6000,5071.8000,1,5,1,1,2,1,2,6,1,1
SF,IC2006,2019-12-26 09:32:26.100,5068.6000,35250,0,343257520.000,0,-,-,-,-,5068.8000,5068.6000,5068.0000,5067.2000,5066.0000,5069.6000,5069.8000,5070.0000,5071.6000,5071.8000,1,5,1,1,2,1,2,6,1,1
SF,IC2006,2019-12-26 09:32:26.600,5068.6000,35250,0,343257520.000,0,-,-,-,-,5069.0000,5068.8000,5068.6000,5068.0000,5067.2000,5069.6000,5069.8000,5070.0000,5071.6000,5071.8000,2,1,5,1,1,1,2,6,1,1
SF,IC2006,2019-12-26 09:32:27.100,5070.0000,35245,-5,348327360.000,5,0,5,双平,S,5069.0000,5068.6000,5068.0000,5067.2000,5066.0000,5070.0000,5071.6000,5071.8000,5073.8000,5074.6000,1,5,1,1,2,4,1,1,2,3
SF,IC2006,2019-12-26 09:32:27.600,5070.0000,35244,-1,349341360.000,1,0,1,双平,S,5069.6000,5069.4000,5069.2000,5068.6000,5068.0000,5070.0000,5071.6000,5071.8000,5073.8000,5074.6000,5,1,1,5,1,3,1,1,2,3
SF,IC2006,2019-12-26 09:32:28.100,5070.0000,35244,0,349341360.000,0,-,-,-,-,5069.6000,5069.4000,5068.6000,5068.0000,5067.2000,5070.0000,5071.6000,5071.8000,5073.8000,5074.6000,5,1,5,1,1,3,1,1,2,3
SF,IC2006,2019-12-26 09:32:28.600,5070.0000,35241,-3,352383360.000,3,0,3,双平,S,5070.0000,5069.8000,5069.6000,5069.4000,5068.8000,5071.6000,5071.8000,5073.8000,5074.6000,5076.6000,1,1,5,1,1,1,1,2,3,5
SF,IC2006,2019-12-26 09:32:29.100,5070.0000,35241,0,352383360.000,0,-,-,-,-,5070.0000,5069.8000,5069.6000,5068.8000,5068.6000,5071.4000,5071.8000,5073.8000,5074.6000,5076.6000,2,2,4,1,5,1,1,2,3,5
SF,IC2006,2019-12-26 09:32:29.600,5070.0000,35241,0,352383360.000,0,-,-,-,-,5070.6000,5070.4000,5070.0000,5069.6000,5068.8000,5071.4000,5071.8000,5073.4000,5073.8000,5074.6000,1,1,2,4,1,1,1,1,2,3
SF,IC2006,2019-12-26 09:32:30.100,5070.0000,35239,-2,355425560.000,3,0,3,多平,S,5070.6000,5070.0000,5069.6000,5068.8000,5068.6000,5071.8000,5073.4000,5073.8000,5074.6000,5075.8000,2,1,4,1,5,1,1,2,3,1
SF,IC2006,2019-12-26 09:32:30.600,5070.0000,35239,0,355425560.000,0,-,-,-,-,5071.4000,5070.6000,5070.0000,5069.6000,5068.8000,5071.6000,5071.8000,5073.4000,5073.8000,5074.6000,1,2,1,4,1,1,1,1,2,3
SF,IC2006,2019-12-26 09:32:31.100,5071.4000,35238,-1,356439840.000,1,0,1,双平,S,5071.4000,5070.6000,5070.0000,5069.6000,5068.8000,5071.6000,5071.8000,5073.4000,5073.8000,5074.6000,2,2,1,4,1,1,1,1,2,3
SF,IC2006,2019-12-26 09:32:31.600,5071.4000,35237,-1,358468400.000,2,0,2,多平,S,5070.6000,5070.0000,5069.6000,5068.8000,5068.6000,5070.8000,5071.0000,5071.2000,5071.8000,5073.4000,2,1,4,1,5,1,2,1,1,1
SF,IC2006,2019-12-26 09:32:32.100,5071.4000,35237,0,358468400.000,0,-,-,-,-,5070.6000,5070.0000,5069.6000,5068.6000,5068.0000,5071.0000,5071.2000,5071.8000,5073.4000,5073.8000,2,1,4,5,1,2,1,1,1,2
SF,IC2006,2019-12-26 09:32:32.600,5070.6000,35237,0,360496640.000,2,1,1,多换,S,5070.0000,5069.6000,5068.6000,5068.0000,5067.2000,5070.4000,5071.0000,5071.2000,5071.8000,5073.4000,1,4,5,1,1,1,2,1,1,1
SF,IC2006,2019-12-26 09:32:33.100,5070.6000,35237,0,360496640.000,0,-,-,-,-,5070.6000,5070.0000,5069.8000,5069.6000,5068.6000,5071.0000,5071.2000,5071.8000,5073.0000,5073.4000,1,1,2,4,5,2,1,1,1,1
SF,IC2006,2019-12-26 09:32:33.600,5070.6000,35237,0,360496640.000,0,-,-,-,-,5071.0000,5070.6000,5070.0000,5069.8000,5069.6000,5071.2000,5071.8000,5073.0000,5073.4000,5073.8000,1,1,1,2,4,1,1,1,1,2
SF,IC2006,2019-12-26 09:32:34.100,5070.6000,35237,0,360496640.000,0,-,-,-,-,5071.2000,5071.0000,5070.6000,5070.4000,5070.0000,5071.4000,5071.8000,5073.0000,5073.4000,5073.8000,1,2,1,1,1,1,1,1,1,2
SF,IC2006,2019-12-26 09:32:34.600,5071.0000,35236,-1,363539320.000,3,1,2,多平,S,5070.6000,5070.4000,5070.0000,5069.8000,5069.6000,5070.8000,5071.8000,5073.0000,5073.4000,5073.8000,1,1,1,2,4,1,1,1,1,2
SF,IC2006,2019-12-26 09:32:35.100,5070.6000,35235,-1,364553440.000,1,0,1,双平,S,5070.4000,5070.2000,5070.0000,5069.6000,5068.6000,5071.0000,5071.8000,5073.0000,5073.4000,5073.8000,1,2,1,4,5,1,1,1,1,2
SF,IC2006,2019-12-26 09:32:35.600,5071.0000,35234,-1,365567640.000,1,0,1,双平,S,5071.0000,5070.4000,5070.2000,5070.0000,5069.6000,5071.8000,5073.0000,5073.4000,5073.8000,5074.6000,1,1,2,1,4,1,1,1,2,3
SF,IC2006,2019-12-26 09:32:36.100,5071.8000,35234,0,366582000.000,1,0,1,多换,S,5071.0000,5070.4000,5070.2000,5069.6000,5068.6000,5073.0000,5073.4000,5073.8000,5074.6000,5075.8000,1,1,2,4,5,1,1,2,3,1
SF,IC2006,2019-12-26 09:32:36.600,5071.8000,35234,0,366582000.000,0,-,-,-,-,5071.0000,5070.4000,5070.2000,5069.6000,5068.6000,5072.8000,5073.0000,5073.8000,5074.6000,5075.8000,1,1,2,4,5,3,1,2,3,1
SF,IC2006,2019-12-26 09:32:37.100,5071.8000,35234,0,366582000.000,0,-,-,-,-,5071.0000,5070.4000,5070.2000,5069.6000,5068.6000,5072.8000,5073.0000,5073.8000,5074.6000,5075.0000,1,1,2,4,5,3,1,2,3,1
SF,IC2006,2019-12-26 09:32:37.600,5071.2000,35233,-1,367596240.000,1,0,1,双平,S,5071.2000,5071.0000,5070.4000,5069.6000,5068.6000,5072.8000,5073.0000,5073.8000,5074.6000,5075.0000,2,3,1,4,5,2,1,2,3,1
SF,IC2006,2019-12-26 09:32:38.100,5072.8000,35231,-2,369625360.000,2,0,2,双平,S,5072.8000,5071.4000,5071.2000,5071.0000,5070.4000,5073.0000,5073.8000,5074.6000,5075.0000,5075.8000,2,1,2,3,1,2,2,3,1,1
SF,IC2006,2019-12-26 09:32:38.600,5071.2000,35228,-3,372668720.000,3,0,3,双平,S,5071.2000,5071.0000,5070.4000,5069.6000,5068.6000,5072.6000,5072.8000,5073.0000,5073.8000,5074.6000,1,3,1,4,5,1,4,2,2,3
SF,IC2006,2019-12-26 09:32:39.100,5071.2000,35228,0,372668720.000,0,-,-,-,-,5071.2000,5071.0000,5070.4000,5069.6000,5068.6000,5072.4000,5072.6000,5072.8000,5073.0000,5073.8000,1,3,1,4,5,1,1,4,2,2
SF,IC2006,2019-12-26 09:32:39.600,5071.2000,35228,0,372668720.000,0,-,-,-,-,5071.2000,5071.0000,5070.4000,5069.6000,5068.6000,5072.4000,5072.6000,5072.8000,5073.0000,5073.8000,1,3,1,4,5,1,1,4,2,2
SF,IC2006,2019-12-26 09:32:40.100,5071.2000,35228,0,372668720.000,0,-,-,-,-,5071.0000,5070.4000,5069.6000,5068.6000,5067.2000,5072.4000,5072.6000,5072.8000,5073.0000,5073.8000,3,1,4,5,1,1,1,5,2,2
SF,IC2006,2019-12-26 09:32:40.600,5071.0000,35227,-1,374697120.000,2,0,2,多平,S,5071.0000,5070.4000,5069.6000,5068.6000,5067.2000,5072.4000,5072.6000,5072.8000,5073.0000,5073.8000,1,1,4,5,1,2,1,5,2,2
SF,IC2006,2019-12-26 09:32:41.100,5071.0000,35227,0,375711320.000,1,0,1,多换,S,5070.4000,5069.6000,5068.6000,5067.2000,5065.0000,5071.0000,5072.0000,5072.4000,5072.6000,5072.8000,1,4,5,1,1,2,1,2,1,3
SF,IC2006,2019-12-26 09:32:41.600,5071.0000,35227,0,375711320.000,0,-,-,-,-,5070.4000,5069.6000,5068.6000,5067.2000,5065.0000,5071.0000,5072.0000,5072.4000,5072.6000,5072.8000,1,4,5,1,1,3,1,2,1,3
SF,IC2006,2019-12-26 09:32:42.100,5070.8000,35224,-3,379767800.000,4,0,4,多平,S,5069.6000,5068.6000,5067.2000,5065.0000,5064.6000,5070.8000,5071.0000,5072.0000,5072.4000,5072.6000,4,5,1,1,1,2,1,1,1,1
SF,IC2006,2019-12-26 09:32:42.600,5070.8000,35224,0,379767800.000,0,-,-,-,-,5069.8000,5069.6000,5068.6000,5067.2000,5065.0000,5070.8000,5071.0000,5072.0000,5072.6000,5072.8000,3,4,5,1,1,1,1,1,1,3
SF,IC2006,2019-12-26 09:32:43.100,5070.8000,35223,-1,380781960.000,1,0,1,双平,S,5070.0000,5069.8000,5069.6000,5068.6000,5067.2000,5072.0000,5072.6000,5072.8000,5073.0000,5073.8000,2,1,4,5,1,1,1,3,2,2
SF,IC2006,2019-12-26 09:32:43.600,5070.8000,35223,0,380781960.000,0,-,-,-,-,5070.2000,5069.6000,5068.6000,5067.2000,5065.0000,5071.8000,5072.6000,5072.8000,5073.0000,5073.8000,4,4,5,1,1,1,1,3,2,2
SF,IC2006,2019-12-26 09:32:44.100,5070.8000,35223,0,380781960.000,0,-,-,-,-,5071.8000,5070.4000,5070.2000,5069.6000,5068.6000,5072.6000,5072.8000,5073.0000,5073.8000,5074.6000,5,2,1,4,5,1,3,2,2,3
SF,IC2006,2019-12-26 09:32:44.600,5071.8000,35222,-1,381796320.000,1,0,1,双平,S,5071.8000,5070.4000,5070.2000,5069.6000,5068.6000,5072.4000,5072.6000,5072.8000,5073.0000,5073.8000,4,2,1,4,5,1,1,3,2,2
SF,IC2006,2019-12-26 09:32:46.600,5072.4000,35221,-1,382810800.000,1,0,1,双平,S,5071.8000,5070.4000,5070.2000,5069.6000,5068.6000,5072.6000,5072.8000,5073.0000,5073.8000,5074.0000,4,2,1,4,5,1,3,2,2,5
SF,IC2006,2019-12-26 09:32:47.100,5072.4000,35221,0,382810800.000,0,-,-,-,-,5071.8000,5070.4000,5070.2000,5069.6000,5068.6000,5072.8000,5073.0000,5073.8000,5074.0000,5074.6000,4,2,1,4,5,3,2,2,5,3
SF,IC2006,2019-12-26 09:32:47.600,5072.4000,35221,0,382810800.000,0,-,-,-,-,5072.0000,5071.8000,5070.4000,5069.6000,5068.6000,5072.8000,5073.0000,5073.8000,5074.0000,5074.6000,1,4,2,4,5,1,2,2,5,3
SF,IC2006,2019-12-26 09:32:48.100,5072.4000,35221,0,382810800.000,0,-,-,-,-,5072.0000,5071.8000,5070.4000,5069.6000,5068.6000,5072.4000,5072.8000,5073.0000,5073.8000,5074.0000,1,4,2,4,5,1,1,2,2,5
SF,IC2006,2019-12-26 09:32:48.600,5072.0000,35220,-1,383825200.000,1,0,1,双平,S,5072.0000,5071.8000,5070.4000,5069.6000,5068.6000,5072.4000,5072.8000,5073.0000,5073.8000,5074.0000,1,4,2,4,5,1,1,2,2,5
SF,IC2006,2019-12-26 09:32:49.100,5071.8000,35215,-5,388897040.000,5,0,5,双平,S,5070.4000,5069.6000,5068.6000,5065.0000,5064.6000,5072.0000,5072.2000,5072.4000,5072.8000,5073.0000,2,4,5,1,1,2,1,1,1,2
SF,IC2006,2019-12-26 09:32:49.600,5071.8000,35215,0,388897040.000,0,-,-,-,-,5070.6000,5069.6000,5068.6000,5065.0000,5064.6000,5071.8000,5072.0000,5072.2000,5072.4000,5072.8000,3,4,5,1,1,1,2,1,1,1
SF,IC2006,2019-12-26 09:32:50.100,5071.8000,35215,0,388897040.000,0,-,-,-,-,5070.8000,5070.6000,5069.6000,5068.6000,5065.0000,5071.8000,5072.0000,5072.4000,5072.8000,5073.0000,2,1,4,4,1,2,2,1,1,2
SF,IC2006,2019-12-26 09:32:50.600,5071.8000,35215,0,388897040.000,0,-,-,-,-,5070.8000,5070.6000,5069.6000,5068.6000,5065.0000,5071.6000,5071.8000,5072.0000,5072.4000,5072.8000,2,1,4,4,1,1,1,2,2,1
SF,IC2006,2019-12-26 09:32:51.100,5071.8000,35215,0,388897040.000,0,-,-,-,-,5070.8000,5070.6000,5069.6000,5068.6000,5065.0000,5071.6000,5071.8000,5072.0000,5072.4000,5072.8000,3,1,4,4,1,1,1,2,2,1
SF,IC2006,2019-12-26 09:32:51.600,5070.8000,35214,-1,389911200.000,1,0,1,双平,S,5070.8000,5069.6000,5068.6000,5065.0000,5064.6000,5071.6000,5071.8000,5072.0000,5072.4000,5072.8000,1,4,4,1,1,1,1,2,2,1
SF,IC2006,2019-12-26 09:32:52.100,5070.8000,35213,-1,390925360.000,1,0,1,双平,S,5069.6000,5068.6000,5065.0000,5064.6000,5064.4000,5071.6000,5071.8000,5072.0000,5072.4000,5072.8000,4,4,1,1,2,1,1,2,2,1
SF,IC2006,2019-12-26 09:32:52.600,5070.8000,35213,0,390925360.000,0,-,-,-,-,5069.8000,5069.6000,5068.6000,5065.0000,5064.6000,5071.4000,5071.6000,5072.0000,5072.4000,5072.8000,1,4,4,1,1,1,1,2,2,1
SF,IC2006,2019-12-26 09:32:53.100,5071.4000,35212,-1,391939640.000,1,0,1,双平,S,5069.8000,5069.6000,5068.6000,5065.0000,5064.6000,5071.6000,5072.0000,5072.4000,5072.8000,5073.0000,1,4,4,1,1,1,2,2,1,2
SF,IC2006,2019-12-26 09:32:55.100,5071.6000,35211,-1,392953960.000,1,0,1,双平,S,5069.8000,5069.6000,5068.6000,5065.0000,5064.6000,5072.0000,5072.4000,5072.8000,5073.0000,5073.8000,1,4,4,1,1,2,2,1,2,2
SF,IC2006,2019-12-26 09:32:55.600,5069.8000,35210,-1,393967920.000,1,0,1,双平,S,5069.8000,5069.6000,5068.6000,5065.0000,5064.6000,5071.8000,5072.4000,5072.8000,5073.0000,5073.8000,1,4,4,2,1,1,2,1,2,2
SF,IC2006,2019-12-26 09:32:56.100,5069.8000,35210,0,393967920.000,0,-,-,-,-,5070.0000,5069.8000,5069.6000,5068.6000,5065.0000,5071.8000,5072.4000,5072.8000,5073.0000,5073.8000,1,1,4,4,2,1,2,1,2,2
SF,IC2006,2019-12-26 09:32:56.600,5069.8000,35210,0,393967920.000,0,-,-,-,-,5070.0000,5069.8000,5069.6000,5068.6000,5065.0000,5072.4000,5072.8000,5073.0000,5073.8000,5074.0000,1,1,4,4,2,2,1,2,2,5
SF,IC2006,2019-12-26 09:32:57.100,5069.8000,35210,0,393967920.000,0,-,-,-,-,5070.6000,5070.2000,5070.0000,5069.8000,5069.6000,5072.4000,5072.8000,5073.0000,5073.8000,5074.0000,1,1,1,1,4,2,1,2,2,5
SF,IC2006,2019-12-26 09:32:57.600,5069.8000,35210,0,393967920.000,0,-,-,-,-,5070.8000,5070.6000,5070.2000,5069.8000,5069.6000,5072.4000,5072.8000,5073.0000,5073.8000,5074.0000,1,1,1,1,4,2,1,2,2,5
SF,IC2006,2019-12-26 09:32:58.100,5070.8000,35208,-2,397011040.000,3,0,3,多平,S,5070.6000,5070.2000,5069.8000,5069.6000,5068.6000,5072.8000,5073.0000,5073.8000,5074.0000,5074.6000,1,1,1,4,4,1,2,2,5,3
SF,IC2006,2019-12-26 09:32:58.600,5073.0000,35207,-1,399040200.000,2,0,2,多平,S,5071.2000,5070.8000,5070.6000,5070.2000,5069.8000,5073.0000,5073.8000,5074.0000,5074.6000,5075.8000,1,2,1,1,1,1,2,5,3,1
SF,IC2006,2019-12-26 09:32:59.100,5073.0000,35206,-1,400054800.000,1,0,1,双平,S,5071.4000,5071.2000,5070.8000,5070.2000,5069.8000,5073.8000,5074.0000,5074.6000,5075.8000,5076.6000,1,1,1,1,1,2,5,3,1,5
SF,IC2006,2019-12-26 09:32:59.600,5073.0000,35206,0,400054800.000,0,-,-,-,-,5072.2000,5071.6000,5071.4000,5070.8000,5070.2000,5073.6000,5073.8000,5074.0000,5074.6000,5075.8000,1,3,1,1,1,1,2,5,3,1
SF,IC2006,2019-12-26 09:33:00.100,5073.0000,35206,0,400054800.000,0,-,-,-,-,5072.2000,5071.6000,5071.4000,5069.8000,5069.6000,5073.6000,5073.8000,5074.0000,5074.6000,5075.8000,1,3,1,2,4,1,2,5,3,1
SF,IC2006,2019-12-26 09:33:00.600,5073.0000,35206,0,400054800.000,0,-,-,-,-,5072.4000,5072.2000,5071.6000,5070.6000,5069.8000,5072.6000,5073.8000,5074.0000,5074.6000,5075.8000,1,1,3,1,1,1,2,5,3,1
SF,IC2006,2019-12-26 09:33:01.100,5072.6000,35206,0,401069320.000,1,0,1,多换,S,5073.4000,5072.6000,5072.2000,5071.6000,5070.6000,5073.8000,5074.0000,5074.6000,5075.8000,5076.6000,1,1,1,3,1,2,5,3,1,5
SF,IC2006,2019-12-26 09:33:01.600,5074.0000,35205,-1,404113640.000,3,1,2,多平,S,5073.8000,5073.6000,5073.4000,5070.6000,5069.8000,5074.0000,5074.6000,5075.8000,5076.6000,5077.0000,1,1,1,1,1,4,3,1,5,1
SF,IC2006,2019-12-26 09:33:02.100,5074.0000,35204,-1,409187640.000,5,2,3,多平,S,5074.0000,5073.6000,5073.4000,5070.6000,5069.8000,5074.6000,5075.8000,5076.6000,5077.0000,5077.2000,1,1,1,1,1,3,1,5,1,1
SF,IC2006,2019-12-26 09:33:02.600,5074.6000,35201,-3,412232400.000,3,0,3,双平,S,5074.0000,5073.4000,5070.6000,5069.8000,5069.6000,5075.8000,5076.6000,5077.0000,5077.2000,5077.4000,1,1,1,1,4,1,5,1,1,2
SF,IC2006,2019-12-26 09:33:03.100,5074.6000,35201,0,412232400.000,0,-,-,-,-,5074.4000,5074.2000,5074.0000,5073.4000,5070.6000,5075.6000,5075.8000,5076.6000,5077.0000,5077.2000,1,1,1,1,1,1,1,5,1,1
SF,IC2006,2019-12-26 09:33:03.600,5074.6000,35201,0,412232400.000,0,-,-,-,-,5074.4000,5074.2000,5073.6000,5073.4000,5070.6000,5075.6000,5075.8000,5076.6000,5077.0000,5077.2000,1,1,1,1,1,1,1,5,1,1
SF,IC2006,2019-12-26 09:33:04.100,5074.6000,35201,0,412232400.000,0,-,-,-,-,5075.2000,5074.4000,5073.6000,5073.4000,5070.6000,5075.6000,5075.8000,5076.6000,5077.0000,5077.2000,1,1,1,1,1,1,1,5,1,1
SF,IC2006,2019-12-26 09:33:04.600,5074.8000,35200,-1,413247360.000,1,0,1,双平,S,5074.4000,5073.6000,5073.4000,5070.6000,5069.8000,5075.0000,5075.2000,5075.8000,5076.6000,5077.0000,1,1,1,1,1,3,2,1,5,1
SF,IC2006,2019-12-26 09:33:05.100,5074.4000,35193,-7,420351640.000,7,0,7,双平,S,5073.4000,5070.6000,5069.8000,5069.6000,5065.0000,5075.0000,5075.8000,5076.6000,5077.0000,5077.2000,1,1,1,4,2,2,1,5,1,1
SF,IC2006,2019-12-26 09:33:05.600,5073.6000,35192,-1,423395800.000,3,1,2,多平,S,5070.6000,5069.8000,5069.6000,5065.0000,5064.6000,5073.2000,5074.8000,5075.0000,5075.8000,5076.6000,1,1,4,2,1,1,1,2,1,5
SF,IC2006,2019-12-26 09:33:06.100,5073.6000,35192,0,423395800.000,0,-,-,-,-,5071.2000,5070.8000,5070.6000,5069.8000,5069.6000,5073.0000,5074.8000,5075.0000,5075.8000,5076.6000,2,1,1,1,4,1,1,2,1,5
SF,IC2006,2019-12-26 09:33:06.600,5073.6000,35192,0,423395800.000,0,-,-,-,-,5071.4000,5071.2000,5070.6000,5069.8000,5069.6000,5073.0000,5074.8000,5075.0000,5075.8000,5076.6000,1,2,1,1,4,1,1,2,1,5
SF,IC2006,2019-12-26 09:33:07.100,5073.6000,35192,0,423395800.000,0,-,-,-,-,5071.6000,5071.4000,5071.2000,5070.0000,5069.8000,5074.8000,5075.0000,5075.8000,5076.6000,5077.0000,1,1,2,1,1,1,2,1,5,1
SF,IC2006,2019-12-26 09:33:07.600,5074.6000,35191,-1,424410720.000,1,0,1,双平,S,5071.8000,5071.6000,5071.2000,5070.0000,5069.8000,5074.8000,5075.0000,5075.8000,5076.6000,5077.0000,1,1,2,1,1,1,2,1,5,1
SF,IC2006,2019-12-26 09:33:08.100,5074.6000,35191,0,424410720.000,0,-,-,-,-,5072.0000,5071.8000,5071.6000,5071.2000,5070.0000,5074.8000,5075.0000,5075.8000,5076.6000,5077.0000,3,1,1,2,1,1,3,1,5,1
SF,IC2006,2019-12-26 09:33:08.600,5074.6000,35191,0,424410720.000,0,-,-,-,-,5072.2000,5072.0000,5071.2000,5069.8000,5069.6000,5074.6000,5074.8000,5075.0000,5075.8000,5076.6000,1,3,2,1,4,1,1,3,1,5
SF,IC2006,2019-12-26 09:33:09.100,5074.6000,35191,0,424410720.000,0,-,-,-,-,5072.4000,5072.2000,5072.0000,5071.2000,5069.8000,5074.4000,5074.6000,5075.0000,5075.8000,5076.6000,1,1,1,2,1,1,1,3,1,5
SF,IC2006,2019-12-26 09:33:09.600,5074.6000,35190,-1,425425640.000,1,0,1,双平,S,5072.4000,5072.2000,5071.2000,5069.8000,5069.6000,5074.4000,5074.6000,5075.0000,5075.8000,5076.6000,3,1,2,1,4,1,1,3,1,5
SF,IC2006,2019-12-26 09:33:10.100,5074.6000,35190,0,425425640.000,0,-,-,-,-,5072.6000,5072.4000,5072.0000,5071.2000,5069.8000,5074.4000,5074.6000,5075.0000,5075.8000,5076.6000,1,1,1,2,1,1,1,3,1,5
SF,IC2006,2019-12-26 09:33:10.600,5074.6000,35190,0,425425640.000,0,-,-,-,-,5072.8000,5072.6000,5072.0000,5071.2000,5069.8000,5074.2000,5074.4000,5075.0000,5075.8000,5076.6000,1,1,1,2,1,1,1,3,1,5
SF,IC2006,2019-12-26 09:33:11.100,5074.6000,35190,0,425425640.000,0,-,-,-,-,5072.8000,5072.6000,5072.0000,5071.2000,5069.8000,5074.0000,5074.2000,5075.0000,5075.8000,5076.6000,1,1,1,2,1,2,1,3,2,5
SF,IC2006,2019-12-26 09:33:11.600,5074.6000,35190,0,425425640.000,0,-,-,-,-,5073.0000,5072.8000,5072.0000,5071.2000,5069.8000,5074.0000,5075.0000,5075.8000,5076.6000,5077.0000,1,1,1,2,1,1,3,2,5,1
SF,IC2006,2019-12-26 09:33:12.100,5074.0000,35191,1,426440440.000,1,1,0,双开,S,5074.0000,5073.0000,5072.0000,5071.2000,5069.8000,5074.2000,5075.0000,5075.8000,5076.6000,5077.0000,5,2,1,2,1,1,3,2,5,1
SF,IC2006,2019-12-26 09:33:12.600,5074.2000,35190,-1,432529280.000,6,2,4,多平,S,5074.2000,5072.0000,5071.2000,5069.8000,5069.6000,5075.0000,5075.8000,5076.6000,5077.0000,5077.2000,2,1,2,1,4,1,2,5,1,1
SF,IC2006,2019-12-26 09:33:13.100,5074.8000,35189,-1,439633880.000,7,3,4,多平,S,5074.2000,5072.0000,5071.2000,5069.8000,5069.6000,5074.8000,5075.0000,5075.8000,5076.6000,5077.0000,1,1,2,1,4,1,1,2,5,1
SF,IC2006,2019-12-26 09:33:13.600,5074.8000,35188,-1,441663680.000,2,0,2,多平,S,5072.0000,5071.2000,5069.8000,5069.6000,5065.0000,5075.0000,5075.8000,5076.6000,5077.0000,5077.2000,1,2,1,4,2,1,2,5,1,1
SF,IC2006,2019-12-26 09:33:14.100,5074.8000,35188,0,441663680.000,0,-,-,-,-,5072.2000,5072.0000,5071.2000,5069.8000,5069.6000,5075.0000,5075.8000,5076.6000,5077.0000,5077.2000,2,1,2,1,4,1,2,5,1,1
SF,IC2006,2019-12-26 09:33:15.100,5075.0000,35187,-1,444708640.000,3,1,2,多平,S,5075.0000,5074.8000,5072.2000,5072.0000,5071.2000,5075.8000,5076.6000,5077.0000,5077.2000,5077.4000,1,4,1,1,2,2,5,1,1,2
SF,IC2006,2019-12-26 09:33:15.600,5074.8000,35186,-1,447753560.000,3,1,2,多平,S,5074.8000,5072.2000,5072.0000,5071.2000,5069.8000,5075.2000,5075.6000,5075.8000,5076.0000,5076.6000,2,1,1,2,1,1,1,2,1,5
SF,IC2006,2019-12-26 09:33:16.100,5075.0000,35185,-1,450798480.000,3,1,2,多平,S,5072.2000,5072.0000,5071.2000,5069.8000,5065.0000,5073.8000,5075.6000,5075.8000,5076.6000,5077.0000,1,1,2,1,2,1,1,2,5,1
SF,IC2006,2019-12-26 09:33:16.600,5073.8000,35184,-1,451813240.000,1,0,1,双平,S,5073.8000,5072.4000,5072.0000,5071.2000,5069.8000,5075.2000,5075.8000,5076.6000,5077.0000,5077.2000,1,1,1,2,1,1,2,5,1,1
SF,IC2006,2019-12-26 09:33:17.100,5073.8000,35184,0,451813240.000,0,-,-,-,-,5074.0000,5072.6000,5072.4000,5072.0000,5071.2000,5075.2000,5075.8000,5076.6000,5077.0000,5077.2000,1,2,1,1,2,1,2,5,1,1
SF,IC2006,2019-12-26 09:33:17.600,5073.8000,35184,0,451813240.000,0,-,-,-,-,5074.0000,5072.6000,5072.0000,5071.2000,5069.8000,5075.2000,5075.8000,5076.6000,5077.0000,5077.2000,1,2,1,2,1,1,2,5,1,1
SF,IC2006,2019-12-26 09:33:18.100,5075.2000,35183,-1,452828280.000,1,0,1,双平,S,5075.2000,5074.0000,5072.6000,5072.0000,5071.2000,5075.8000,5076.6000,5077.0000,5077.2000,5077.4000,3,1,2,1,2,2,5,1,1,2
SF,IC2006,2019-12-26 09:33:18.600,5075.2000,35180,-3,455873400.000,3,0,3,双平,S,5074.0000,5072.0000,5071.2000,5069.8000,5065.0000,5075.8000,5076.6000,5077.0000,5077.2000,5077.4000,1,1,2,1,2,2,5,1,1,2
SF,IC2006,2019-12-26 09:33:19.100,5075.8000,35180,0,457903680.000,2,1,1,多换,S,5074.2000,5074.0000,5072.0000,5071.2000,5069.8000,5075.8000,5076.6000,5077.0000,5077.2000,5077.4000,1,1,1,2,1,1,5,1,1,2
SF,IC2006,2019-12-26 09:33:19.600,5075.8000,35180,0,457903680.000,0,-,-,-,-,5074.4000,5074.2000,5072.0000,5071.2000,5069.8000,5075.8000,5076.6000,5077.0000,5077.2000,5077.4000,1,1,1,2,1,1,5,1,1,2
SF,IC2006,2019-12-26 09:33:20.100,5075.8000,35180,0,458918840.000,1,0,1,多换,S,5074.4000,5072.0000,5071.2000,5069.8000,5065.0000,5076.6000,5077.0000,5077.2000,5077.4000,5077.8000,1,1,2,1,2,5,1,1,2,1
SF,IC2006,2019-12-26 09:33:20.600,5075.8000,35180,0,458918840.000,0,-,-,-,-,5075.8000,5074.4000,5072.0000,5071.2000,5069.8000,5076.6000,5077.0000,5077.2000,5077.4000,5077.8000,1,1,1,2,1,5,1,1,2,1
SF,IC2006,2019-12-26 09:33:21.100,5075.8000,35180,0,458918840.000,0,-,-,-,-,5076.0000,5075.8000,5072.0000,5071.2000,5069.8000,5076.6000,5077.0000,5077.2000,5077.4000,5077.8000,1,1,1,2,1,5,1,1,2,1
SF,IC2006,2019-12-26 09:33:21.600,5076.6000,35179,-1,459934160.000,1,0,1,双平,S,5075.8000,5072.0000,5071.2000,5069.8000,5065.0000,5076.6000,5077.0000,5077.2000,5077.4000,5077.8000,1,1,2,1,2,4,1,1,2,1
SF,IC2006,2019-12-26 09:33:22.100,5076.6000,35179,0,460949480.000,1,0,1,多换,S,5076.0000,5075.8000,5072.0000,5071.2000,5069.8000,5076.6000,5077.0000,5077.2000,5077.4000,5077.8000,1,2,1,2,1,3,1,1,2,1
SF,IC2006,2019-12-26 09:33:22.600,5077.4000,35172,-7,468057240.000,7,0,7,双平,S,5077.4000,5077.2000,5076.6000,5075.8000,5072.0000,5077.8000,5078.4000,5079.0000,5079.6000,5079.8000,1,1,2,2,1,1,6,4,1,2
SF,IC2006,2019-12-26 09:33:23.100,5077.8000,35171,-1,469072800.000,1,0,1,双平,S,5077.8000,5077.4000,5077.2000,5076.8000,5076.6000,5078.4000,5079.0000,5079.6000,5079.8000,5080.0000,2,1,1,1,1,6,4,1,2,5
SF,IC2006,2019-12-26 09:33:23.600,5078.4000,35170,-1,475166880.000,6,2,4,多平,S,5078.0000,5077.4000,5077.2000,5076.6000,5076.4000,5078.4000,5079.0000,5079.6000,5079.8000,5080.0000,2,1,1,1,2,1,4,1,2,5
SF,IC2006,2019-12-26 09:33:24.100,5078.6000,35169,-1,478214080.000,3,1,2,多平,S,5078.4000,5078.0000,5077.4000,5077.2000,5076.6000,5079.0000,5079.6000,5079.8000,5080.0000,5081.8000,1,1,1,1,1,3,1,2,5,1
SF,IC2006,2019-12-26 09:33:24.600,5079.0000,35166,-3,481261480.000,3,0,3,双平,S,5077.4000,5077.2000,5076.6000,5076.4000,5075.8000,5078.8000,5079.6000,5079.8000,5080.0000,5081.8000,1,1,1,2,1,1,1,2,5,1
SF,IC2006,2019-12-26 09:33:25.100,5078.8000,35166,0,482277240.000,1,0,1,多换,S,5078.0000,5077.2000,5076.6000,5075.8000,5073.6000,5079.6000,5079.8000,5080.0000,5081.8000,5082.2000,1,1,1,1,5,1,2,5,1,2
SF,IC2006,2019-12-26 09:33:25.600,5080.0000,35166,0,486341080.000,4,2,2,多换,S,5079.0000,5078.8000,5078.6000,5078.2000,5078.0000,5080.0000,5081.8000,5082.2000,5083.8000,5085.8000,2,1,1,1,1,4,1,2,1,1
SF,IC2006,2019-12-26 09:33:26.100,5079.2000,35162,-4,491420720.000,5,0,5,多平,S,5079.2000,5079.0000,5078.8000,5078.6000,5078.2000,5080.0000,5081.8000,5082.2000,5083.8000,5085.8000,1,2,1,1,1,4,1,2,1,1
SF,IC2006,2019-12-26 09:33:26.600,5080.0000,35160,-2,493452720.000,2,0,2,双平,S,5079.6000,5079.2000,5079.0000,5078.8000,5078.6000,5080.0000,5081.8000,5082.2000,5083.8000,5085.8000,1,1,1,1,1,2,1,2,1,1
SF,IC2006,2019-12-26 09:33:27.100,5080.0000,35158,-2,495484720.000,2,0,2,双平,S,5080.0000,5079.6000,5078.8000,5078.6000,5078.2000,5081.8000,5082.2000,5083.8000,5085.8000,5086.0000,2,2,1,1,1,1,2,1,1,5
SF,IC2006,2019-12-26 09:33:27.600,5080.0000,35158,0,495484720.000,0,-,-,-,-,5080.2000,5080.0000,5079.6000,5078.8000,5078.6000,5081.6000,5081.8000,5082.2000,5083.8000,5085.8000,1,2,2,1,1,1,1,2,1,1
SF,IC2006,2019-12-26 09:33:28.100,5080.0000,35158,0,495484720.000,0,-,-,-,-,5080.0000,5079.6000,5078.8000,5078.6000,5078.2000,5080.8000,5081.2000,5081.6000,5081.8000,5082.2000,2,2,1,1,1,1,1,1,1,2
SF,IC2006,2019-12-26 09:33:28.600,5080.0000,35158,0,495484720.000,0,-,-,-,-,5080.0000,5079.6000,5078.8000,5078.6000,5078.2000,5080.6000,5080.8000,5081.2000,5081.8000,5082.2000,2,1,1,1,1,1,1,1,1,2
SF,IC2006,2019-12-26 09:33:29.100,5080.0000,35157,-1,497516720.000,2,0,2,多平,S,5079.6000,5078.8000,5078.6000,5078.2000,5078.0000,5079.8000,5081.2000,5081.8000,5082.2000,5083.8000,1,1,1,1,1,1,1,1,2,1
SF,IC2006,2019-12-26 09:33:29.600,5079.6000,35157,0,499548560.000,2,1,1,多换,S,5078.8000,5078.6000,5078.2000,5078.0000,5076.6000,5079.8000,5081.2000,5081.8000,5082.2000,5083.8000,1,1,1,1,1,1,1,1,2,1
SF,IC2006,2019-12-26 09:33:30.100,5079.6000,35157,0,499548560.000,0,-,-,-,-,5078.8000,5078.6000,5078.0000,5076.6000,5075.8000,5079.4000,5079.8000,5081.2000,5081.8000,5082.2000,1,1,1,1,1,1,1,1,1,2
SF,IC2006,2019-12-26 09:33:30.600,5078.8000,35157,0,500564320.000,1,0,1,多换,S,5078.6000,5078.0000,5076.6000,5075.8000,5072.0000,5079.8000,5081.8000,5082.2000,5083.8000,5085.8000,1,1,1,1,1,1,1,2,1,1
SF,IC2006,2019-12-26 09:33:31.100,5079.6000,35157,0,502595960.000,2,1,1,多换,S,5078.0000,5076.6000,5075.8000,5072.0000,5068.8000,5079.8000,5081.8000,5082.2000,5083.8000,5085.8000,1,1,1,1,5,1,1,2,2,1
SF,IC2006,2019-12-26 09:33:31.600,5079.6000,35157,0,503611880.000,1,0,1,多换,S,5078.2000,5078.0000,5076.6000,5075.8000,5072.0000,5079.8000,5081.8000,5082.2000,5083.8000,5085.8000,1,1,1,1,1,1,1,2,2,1
SF,IC2006,2019-12-26 09:33:32.100,5079.6000,35157,0,503611880.000,0,-,-,-,-,5078.2000,5078.0000,5076.6000,5075.8000,5072.0000,5079.6000,5079.8000,5081.8000,5082.2000,5083.8000,1,1,1,1,1,1,1,1,2,2
SF,IC2006,2019-12-26 09:33:32.600,5079.8000,35157,0,504627840.000,1,0,1,多换,S,5078.2000,5078.0000,5076.6000,5075.8000,5072.0000,5081.8000,5082.2000,5083.8000,5085.8000,5086.0000,1,1,1,1,1,1,2,2,1,5
SF,IC2006,2019-12-26 09:33:33.100,5079.8000,35157,0,504627840.000,0,-,-,-,-,5078.2000,5078.0000,5076.6000,5075.8000,5072.0000,5081.6000,5081.8000,5082.2000,5083.8000,5085.8000,1,1,1,1,1,2,1,2,2,1
SF,IC2006,2019-12-26 09:33:33.600,5079.8000,35157,0,504627840.000,0,-,-,-,-,5078.2000,5078.0000,5076.6000,5075.8000,5072.0000,5081.6000,5081.8000,5082.2000,5083.8000,5085.8000,1,1,1,1,1,2,1,2,2,1
SF,IC2006,2019-12-26 09:33:34.100,5078.2000,35154,-3,507674800.000,3,0,3,双平,S,5078.0000,5076.6000,5075.8000,5072.0000,5068.8000,5081.6000,5081.8000,5082.2000,5083.8000,5085.8000,1,1,1,1,5,1,1,2,2,1
SF,IC2006,2019-12-26 09:33:34.600,5078.2000,35154,0,507674800.000,0,-,-,-,-,5078.2000,5078.0000,5076.6000,5075.8000,5072.0000,5081.6000,5081.8000,5082.2000,5083.8000,5085.8000,1,1,1,1,1,2,2,2,2,1
SF,IC2006,2019-12-26 09:33:35.100,5078.2000,35154,0,507674800.000,0,-,-,-,-,5078.2000,5078.0000,5076.6000,5075.8000,5072.0000,5081.0000,5081.6000,5081.8000,5082.2000,5083.8000,1,1,1,1,1,1,2,2,2,2
SF,IC2006,2019-12-26 09:33:35.600,5078.2000,35154,0,507674800.000,0,-,-,-,-,5078.2000,5078.0000,5077.8000,5076.6000,5075.8000,5080.8000,5081.0000,5081.2000,5081.6000,5081.8000,1,1,1,1,1,2,1,1,1,2
SF,IC2006,2019-12-26 09:33:36.100,5078.2000,35154,0,507674800.000,0,-,-,-,-,5078.0000,5076.6000,5076.2000,5075.8000,5072.0000,5078.2000,5080.6000,5080.8000,5081.0000,5081.2000,1,1,1,1,1,1,1,2,1,1
SF,IC2006,2019-12-26 09:33:36.600,5078.2000,35153,-1,508690440.000,1,0,1,双平,S,5078.0000,5076.6000,5076.2000,5075.8000,5072.0000,5080.6000,5080.8000,5081.0000,5081.2000,5081.6000,1,1,1,1,1,1,2,1,1,1
SF,IC2006,2019-12-26 09:33:37.100,5078.2000,35153,0,508690440.000,0,-,-,-,-,5078.0000,5076.6000,5076.2000,5075.8000,5072.0000,5080.4000,5080.6000,5080.8000,5081.0000,5081.2000,1,1,1,1,1,2,1,1,1,1
SF,IC2006,2019-12-26 09:33:37.600,5080.2000,35153,0,509706480.000,1,0,1,多换,S,5078.0000,5076.6000,5076.2000,5075.8000,5075.0000,5079.6000,5080.4000,5080.6000,5080.8000,5081.2000,1,1,1,1,1,1,2,1,1,1
SF,IC2006,2019-12-26 09:33:38.100,5080.2000,35153,0,509706480.000,0,-,-,-,-,5078.0000,5076.6000,5075.8000,5075.0000,5074.8000,5079.4000,5079.6000,5080.4000,5080.6000,5081.6000,1,1,1,1,1,2,1,1,1,1
SF,IC2006,2019-12-26 09:33:38.600,5080.2000,35153,0,509706480.000,0,-,-,-,-,5078.0000,5076.6000,5075.8000,5075.0000,5074.8000,5079.4000,5079.6000,5080.6000,5081.6000,5081.8000,1,1,1,1,1,2,1,1,2,2
SF,IC2006,2019-12-26 09:33:39.100,5080.2000,35152,-1,510722520.000,1,0,1,双平,S,5078.0000,5076.6000,5075.8000,5075.0000,5074.8000,5079.4000,5079.6000,5080.0000,5080.6000,5081.6000,1,1,1,1,1,2,1,1,1,2
SF,IC2006,2019-12-26 09:33:39.600,5079.6000,35152,0,514785800.000,4,2,2,多换,S,5079.8000,5077.6000,5076.6000,5075.8000,5075.0000,5080.0000,5081.6000,5081.8000,5082.2000,5083.8000,17,1,1,1,1,1,2,2,2,2
SF,IC2006,2019-12-26 09:33:40.100,5079.8000,35152,0,525961360.000,11,5,6,多换,S,5079.8000,5076.6000,5075.8000,5075.6000,5075.0000,5081.6000,5081.8000,5082.2000,5083.8000,5085.8000,6,1,1,1,1,2,2,2,2,1
SF,IC2006,2019-12-26 09:33:40.600,5079.8000,35152,0,525961360.000,0,-,-,-,-,5079.8000,5076.6000,5075.8000,5075.6000,5075.0000,5081.4000,5081.6000,5081.8000,5082.2000,5083.8000,6,1,1,1,1,2,1,2,2,2
SF,IC2006,2019-12-26 09:33:41.100,5079.8000,35151,-1,533073080.000,7,3,4,多平,S,5077.0000,5076.6000,5075.8000,5075.6000,5075.0000,5081.2000,5081.4000,5081.6000,5081.8000,5082.2000,1,1,1,1,1,2,2,1,2,2
SF,IC2006,2019-12-26 09:33:41.600,5079.8000,35151,0,533073080.000,0,-,-,-,-,5077.2000,5077.0000,5076.6000,5075.8000,5075.6000,5080.8000,5081.0000,5081.2000,5081.4000,5081.6000,2,1,1,1,1,1,1,2,2,1
SF,IC2006,2019-12-26 09:33:42.100,5079.8000,35151,0,533073080.000,0,-,-,-,-,5077.2000,5077.0000,5076.6000,5075.8000,5075.6000,5080.6000,5080.8000,5081.2000,5081.6000,5081.8000,2,1,1,1,1,1,1,2,1,3
SF,IC2006,2019-12-26 09:33:42.600,5079.8000,35151,0,533073080.000,0,-,-,-,-,5077.2000,5077.0000,5076.6000,5075.8000,5075.6000,5080.6000,5081.2000,5081.6000,5081.8000,5082.2000,2,1,1,1,1,1,1,1,3,2
SF,IC2006,2019-12-26 09:33:43.100,5080.4000,35151,0,534089160.000,1,0,1,多换,S,5077.2000,5077.0000,5076.6000,5075.8000,5075.6000,5080.4000,5080.6000,5081.6000,5081.8000,5082.2000,1,1,1,1,1,2,1,1,3,2
SF,IC2006,2019-12-26 09:33:43.600,5080.4000,35151,0,534089160.000,0,-,-,-,-,5077.2000,5077.0000,5076.6000,5075.8000,5075.6000,5080.2000,5080.4000,5080.8000,5081.6000,5081.8000,1,1,1,1,1,1,2,1,1,3
SF,IC2006,2019-12-26 09:33:44.100,5080.2000,35150,-1,536120680.000,2,0,2,多平,S,5077.4000,5077.2000,5077.0000,5076.6000,5075.8000,5080.4000,5080.8000,5081.6000,5081.8000,5082.2000,1,2,1,1,1,2,1,1,3,2
SF,IC2006,2019-12-26 09:33:44.600,5080.2000,35150,0,536120680.000,0,-,-,-,-,5077.6000,5077.4000,5077.2000,5077.0000,5076.6000,5080.4000,5080.8000,5081.6000,5081.8000,5082.2000,1,1,1,2,1,2,1,1,3,2
SF,IC2006,2019-12-26 09:33:45.100,5080.2000,35150,0,536120680.000,0,-,-,-,-,5077.6000,5077.4000,5077.2000,5077.0000,5076.6000,5080.2000,5080.4000,5080.8000,5081.6000,5081.8000,1,1,1,2,1,1,2,1,1,3
SF,IC2006,2019-12-26 09:33:45.600,5080.2000,35150,0,536120680.000,0,-,-,-,-,5077.6000,5077.2000,5077.0000,5076.6000,5075.8000,5080.2000,5080.4000,5080.8000,5081.6000,5081.8000,1,1,2,1,1,1,2,1,1,2
SF,IC2006,2019-12-26 09:33:46.100,5080.2000,35150,0,536120680.000,0,-,-,-,-,5077.8000,5077.6000,5077.2000,5077.0000,5076.6000,5080.2000,5080.4000,5080.6000,5080.8000,5081.6000,3,1,1,2,1,1,1,1,1,1
SF,IC2006,2019-12-26 09:33:46.600,5080.2000,35150,0,536120680.000,0,-,-,-,-,5078.0000,5077.8000,5077.2000,5077.0000,5076.6000,5079.8000,5080.0000,5080.2000,5080.6000,5080.8000,1,3,1,2,1,1,1,1,1,1
SF,IC2006,2019-12-26 09:33:47.100,5080.2000,35150,0,536120680.000,0,-,-,-,-,5078.0000,5077.8000,5077.2000,5077.0000,5076.6000,5079.6000,5079.8000,5080.2000,5080.6000,5080.8000,2,1,1,2,1,1,1,1,1,1
SF,IC2006,2019-12-26 09:33:47.600,5080.2000,35150,0,536120680.000,0,-,-,-,-,5078.0000,5077.8000,5077.2000,5077.0000,5076.6000,5079.8000,5080.0000,5080.2000,5080.6000,5080.8000,2,1,1,2,1,1,1,1,1,2
SF,IC2006,2019-12-26 09:33:48.100,5078.0000,35150,0,537136280.000,1,0,1,多换,S,5078.0000,5077.8000,5077.2000,5077.0000,5076.6000,5079.4000,5080.0000,5080.2000,5080.6000,5080.8000,1,1,1,2,1,1,1,1,1,2
SF,IC2006,2019-12-26 09:33:48.600,5078.0000,35150,0,537136280.000,0,-,-,-,-,5078.4000,5078.2000,5078.0000,5077.2000,5077.0000,5079.4000,5080.0000,5080.6000,5080.8000,5081.6000,1,1,2,1,2,1,1,1,2,1
SF,IC2006,2019-12-26 09:33:49.100,5080.0000,35149,-1,539168160.000,2,0,2,多平,S,5080.2000,5078.4000,5078.2000,5078.0000,5077.2000,5080.6000,5080.8000,5081.0000,5081.6000,5081.8000,1,1,1,2,1,1,2,1,1,2
SF,IC2006,2019-12-26 09:33:49.600,5080.0000,35149,0,540184160.000,1,0,1,多换,S,5078.4000,5078.0000,5077.2000,5077.0000,5076.6000,5080.2000,5080.6000,5080.8000,5081.0000,5081.6000,1,2,1,2,1,1,1,2,1,1
SF,IC2006,2019-12-26 09:33:50.100,5080.0000,35149,0,540184160.000,0,-,-,-,-,5078.6000,5078.4000,5078.0000,5077.2000,5077.0000,5080.0000,5080.2000,5080.6000,5080.8000,5081.0000,1,1,2,1,2,1,1,1,2,1
SF,IC2006,2019-12-26 09:33:50.600,5080.0000,35149,0,540184160.000,0,-,-,-,-,5078.6000,5078.4000,5078.0000,5077.2000,5077.0000,5080.0000,5080.2000,5080.6000,5080.8000,5081.0000,1,1,2,1,1,3,2,1,2,2
SF,IC2006,2019-12-26 09:33:51.100,5080.0000,35149,0,541200160.000,1,0,1,多换,S,5078.6000,5078.4000,5078.0000,5077.2000,5077.0000,5080.0000,5080.2000,5080.4000,5080.6000,5080.8000,1,1,2,1,1,1,2,1,1,2
SF,IC2006,2019-12-26 09:33:51.600,5080.0000,35149,0,541200160.000,0,-,-,-,-,5078.6000,5078.4000,5078.0000,5077.2000,5077.0000,5079.8000,5080.0000,5080.2000,5080.4000,5080.6000,1,1,2,1,1,1,1,2,1,1
SF,IC2006,2019-12-26 09:33:52.100,5080.0000,35149,0,541200160.000,0,-,-,-,-,5078.6000,5078.4000,5078.0000,5077.2000,5077.0000,5079.8000,5080.0000,5080.2000,5080.4000,5080.6000,2,1,2,2,1,1,1,2,1,1
SF,IC2006,2019-12-26 09:33:52.600,5080.0000,35148,-1,542216160.000,1,0,1,双平,S,5079.8000,5078.6000,5078.4000,5078.0000,5077.2000,5080.0000,5080.2000,5080.6000,5080.8000,5081.0000,1,2,1,2,2,1,2,1,2,1
SF,IC2006,2019-12-26 09:33:53.100,5078.6000,35147,-1,544247840.000,2,0,2,多平,S,5078.6000,5078.4000,5078.0000,5077.2000,5077.0000,5080.0000,5080.2000,5080.6000,5080.8000,5081.0000,1,1,2,1,1,1,2,1,2,1
SF,IC2006,2019-12-26 09:33:53.600,5078.6000,35147,0,544247840.000,0,-,-,-,-,5078.8000,5078.6000,5078.4000,5078.0000,5077.2000,5080.0000,5080.2000,5080.4000,5080.6000,5080.8000,2,1,1,2,1,1,2,1,2,2
SF,IC2006,2019-12-26 09:33:54.100,5080.0000,35146,-1,545263840.000,1,0,1,双平,S,5079.4000,5078.8000,5078.6000,5078.4000,5078.0000,5080.2000,5080.4000,5080.6000,5080.8000,5081.0000,1,2,1,1,2,1,1,2,2,1
SF,IC2006,2019-12-26 09:33:54.600,5080.2000,35145,-1,546279880.000,1,0,1,双平,S,5079.4000,5078.8000,5078.6000,5078.4000,5078.0000,5080.4000,5080.6000,5080.8000,5081.0000,5081.6000,1,2,1,1,2,1,2,2,1,1
SF,IC2006,2019-12-26 09:33:55.600,5080.2000,35145,0,546279880.000,0,-,-,-,-,5079.4000,5078.8000,5078.6000,5078.4000,5078.0000,5080.4000,5080.6000,5080.8000,5081.0000,5081.6000,1,2,1,1,2,1,2,2,1,1
SF,IC2006,2019-12-26 09:33:56.100,5080.2000,35145,0,546279880.000,0,-,-,-,-,5079.4000,5078.8000,5078.6000,5078.4000,5078.0000,5080.4000,5080.6000,5080.8000,5081.0000,5081.6000,1,4,1,1,2,1,2,2,1,1
SF,IC2006,2019-12-26 09:33:56.600,5080.2000,35145,0,546279880.000,0,-,-,-,-,5079.4000,5078.8000,5078.6000,5078.4000,5078.0000,5080.0000,5080.2000,5080.4000,5080.6000,5080.8000,1,4,1,1,2,2,1,1,2,2
SF,IC2006,2019-12-26 09:33:57.100,5079.4000,35144,-1,548311640.000,2,0,2,多平,S,5078.8000,5078.6000,5078.4000,5078.0000,5077.2000,5079.4000,5079.8000,5080.0000,5080.4000,5080.6000,3,1,1,2,2,2,1,2,1,2
SF,IC2006,2019-12-26 09:33:57.600,5078.8000,35143,-1,552374680.000,4,1,3,多平,S,5078.6000,5078.4000,5078.0000,5077.2000,5077.0000,5079.8000,5080.0000,5080.4000,5080.6000,5080.8000,1,1,2,1,1,1,2,1,2,2
SF,IC2006,2019-12-26 09:33:58.100,5078.8000,35143,0,552374680.000,0,-,-,-,-,5078.6000,5078.4000,5078.0000,5077.2000,5077.0000,5079.4000,5079.8000,5080.0000,5080.4000,5080.6000,1,1,2,1,1,1,1,2,1,2
SF,IC2006,2019-12-26 09:33:58.600,5079.2000,35142,-1,553390520.000,1,0,1,双平,S,5078.6000,5078.4000,5078.0000,5077.2000,5077.0000,5079.4000,5080.0000,5080.2000,5080.4000,5080.6000,1,1,2,1,1,2,2,1,1,2
SF,IC2006,2019-12-26 09:33:59.100,5079.4000,35140,-2,555422120.000,2,0,2,双平,S,5079.2000,5078.4000,5078.0000,5077.2000,5077.0000,5079.4000,5079.6000,5080.0000,5080.2000,5080.4000,1,1,2,1,1,1,1,2,1,1
SF,IC2006,2019-12-26 09:33:59.600,5079.2000,35140,0,556437960.000,1,0,1,多换,S,5078.4000,5078.0000,5077.2000,5077.0000,5076.6000,5079.4000,5079.6000,5080.0000,5080.2000,5080.4000,1,2,1,1,1,1,1,2,1,1
SF,IC2006,2019-12-26 09:34:00.100,5079.2000,35140,0,556437960.000,0,-,-,-,-,5078.6000,5078.4000,5078.0000,5077.2000,5077.0000,5079.4000,5079.6000,5080.0000,5080.2000,5080.4000,1,1,2,1,1,1,1,2,1,1
SF,IC2006,2019-12-26 09:34:00.600,5078.6000,35139,-1,557453680.000,1,0,1,双平,S,5078.4000,5078.0000,5077.2000,5077.0000,5076.6000,5079.2000,5079.4000,5079.6000,5080.0000,5080.2000,1,2,1,1,1,1,1,1,2,1
SF,IC2006,2019-12-26 09:34:01.100,5079.0000,35137,-2,559485160.000,2,0,2,双平,S,5078.0000,5077.2000,5077.0000,5076.6000,5075.8000,5079.2000,5079.4000,5079.6000,5080.0000,5080.2000,2,1,1,1,1,2,1,1,2,1
SF,IC2006,2019-12-26 09:34:01.600,5079.0000,35137,0,559485160.000,0,-,-,-,-,5078.2000,5078.0000,5077.2000,5077.0000,5076.6000,5079.2000,5079.4000,5079.6000,5080.0000,5080.2000,1,2,1,1,1,1,1,2,2,1
SF,IC2006,2019-12-26 09:34:02.100,5079.0000,35137,0,559485160.000,0,-,-,-,-,5078.0000,5077.2000,5077.0000,5076.6000,5075.8000,5079.0000,5079.2000,5079.4000,5079.6000,5080.0000,2,1,1,1,1,1,2,1,2,2
SF,IC2006,2019-12-26 09:34:02.600,5079.0000,35137,0,559485160.000,0,-,-,-,-,5078.0000,5077.2000,5077.0000,5076.6000,5075.8000,5079.0000,5079.2000,5079.4000,5079.6000,5080.0000,2,1,1,1,1,1,2,1,1,2
SF,IC2006,2019-12-26 09:34:03.100,5079.0000,35137,0,559485160.000,0,-,-,-,-,5078.0000,5077.2000,5077.0000,5076.6000,5075.8000,5078.4000,5079.0000,5079.2000,5079.4000,5079.6000,2,1,1,1,1,2,1,2,1,1
SF,IC2006,2019-12-26 09:34:03.600,5078.0000,35137,0,560500760.000,1,0,1,多换,S,5078.0000,5077.2000,5077.0000,5076.6000,5075.8000,5078.4000,5079.0000,5079.2000,5079.4000,5079.6000,1,1,1,1,1,2,1,2,1,1
SF,IC2006,2019-12-26 09:34:04.100,5078.0000,35137,0,561516360.000,1,0,1,多换,S,5077.2000,5077.0000,5076.6000,5075.0000,5073.6000,5078.4000,5079.0000,5079.2000,5079.4000,5079.6000,1,1,1,1,1,2,1,1,1,1
SF,IC2006,2019-12-26 09:34:04.600,5078.0000,35137,0,561516360.000,0,-,-,-,-,5077.4000,5077.2000,5077.0000,5076.6000,5075.0000,5078.2000,5078.4000,5079.0000,5079.2000,5079.4000,1,1,1,1,1,1,3,1,1,1
SF,IC2006,2019-12-26 09:34:05.100,5077.4000,35136,-1,562531840.000,1,0,1,双平,S,5077.2000,5077.0000,5076.6000,5075.0000,5072.0000,5078.2000,5078.4000,5079.0000,5079.2000,5079.4000,1,1,1,1,1,1,3,1,1,1
SF,IC2006,2019-12-26 09:34:05.600,5077.4000,35136,0,562531840.000,0,-,-,-,-,5077.2000,5077.0000,5076.6000,5075.0000,5072.0000,5078.0000,5078.2000,5078.4000,5079.4000,5079.6000,1,1,1,1,1,1,1,2,1,1
SF,IC2006,2019-12-26 09:34:07.100,5078.0000,35135,-1,563547440.000,1,0,1,双平,S,5077.2000,5077.0000,5076.6000,5075.0000,5072.0000,5078.2000,5078.4000,5079.4000,5079.6000,5080.0000,1,1,1,1,1,1,2,1,1,3
SF,IC2006,2019-12-26 09:34:07.600,5078.0000,35135,0,563547440.000,0,-,-,-,-,5077.4000,5077.2000,5077.0000,5076.6000,5075.0000,5078.2000,5078.4000,5079.4000,5079.6000,5080.0000,1,1,1,1,1,1,2,1,1,3
SF,IC2006,2019-12-26 09:34:08.100,5078.2000,35134,-1,564563080.000,1,0,1,双平,S,5077.4000,5077.2000,5077.0000,5076.6000,5075.0000,5078.4000,5079.4000,5079.6000,5080.0000,5080.2000,1,1,1,1,1,2,1,1,3,4
SF,IC2006,2019-12-26 09:34:08.600,5078.4000,35133,-1,566594440.000,2,0,2,多平,S,5079.0000,5077.4000,5077.2000,5077.0000,5076.6000,5079.4000,5079.6000,5080.0000,5080.2000,5080.4000,1,1,1,1,1,1,1,3,4,1
SF,IC2006,2019-12-26 09:34:09.100,5079.0000,35133,0,567610240.000,1,0,1,多换,S,5077.4000,5077.2000,5077.0000,5076.6000,5075.0000,5079.4000,5079.6000,5080.0000,5080.2000,5080.4000,1,1,1,1,1,1,1,3,4,1
SF,IC2006,2019-12-26 09:34:09.600,5079.0000,35133,0,567610240.000,0,-,-,-,-,5077.6000,5077.4000,5077.2000,5077.0000,5076.8000,5079.4000,5079.6000,5080.0000,5080.2000,5080.4000,2,1,1,1,1,1,1,4,5,1
SF,IC2006,2019-12-26 09:34:10.100,5079.0000,35133,0,567610240.000,0,-,-,-,-,5077.8000,5077.6000,5077.2000,5077.0000,5076.8000,5079.4000,5079.6000,5080.0000,5080.2000,5080.4000,1,2,1,1,1,1,1,4,5,1
SF,IC2006,2019-12-26 09:34:10.600,5079.0000,35133,0,567610240.000,0,-,-,-,-,5078.0000,5077.8000,5077.2000,5077.0000,5076.8000,5079.4000,5079.6000,5080.0000,5080.2000,5080.4000,1,1,1,1,1,1,1,4,5,1
SF,IC2006,2019-12-26 09:34:11.100,5079.0000,35133,0,567610240.000,0,-,-,-,-,5078.2000,5078.0000,5077.2000,5077.0000,5076.8000,5079.4000,5079.6000,5080.0000,5080.2000,5080.4000,1,2,1,1,1,1,1,4,6,1
SF,IC2006,2019-12-26 09:34:11.600,5078.0000,35132,-1,568625840.000,1,0,1,双平,S,5077.2000,5077.0000,5076.8000,5076.6000,5075.0000,5079.2000,5079.4000,5079.6000,5080.0000,5080.2000,1,1,1,1,1,1,1,1,4,6
SF,IC2006,2019-12-26 09:34:12.100,5078.0000,35132,0,568625840.000,0,-,-,-,-,5077.4000,5077.2000,5077.0000,5076.8000,5076.6000,5079.2000,5079.4000,5079.6000,5080.0000,5080.2000,2,1,1,1,1,1,1,1,4,6
SF,IC2006,2019-12-26 09:34:13.100,5077.6000,35131,-1,569641360.000,1,0,1,双平,S,5077.4000,5077.2000,5077.0000,5076.8000,5076.6000,5078.4000,5079.2000,5079.4000,5079.6000,5080.0000,2,1,1,1,1,1,2,1,1,4
SF,IC2006,2019-12-26 09:34:13.600,5077.6000,35131,0,569641360.000,0,-,-,-,-,5077.4000,5077.0000,5076.8000,5076.6000,5075.0000,5079.2000,5079.4000,5079.6000,5080.0000,5080.2000,2,1,1,1,1,1,1,1,4,6
SF,IC2006,2019-12-26 09:34:14.100,5079.2000,35130,-1,570657200.000,1,0,1,双平,S,5077.4000,5077.0000,5076.8000,5076.6000,5075.0000,5079.4000,5079.6000,5080.0000,5080.2000,5080.4000,3,1,1,1,1,1,1,4,6,1
SF,IC2006,2019-12-26 09:34:14.600,5079.2000,35130,0,570657200.000,0,-,-,-,-,5077.6000,5077.4000,5077.0000,5076.8000,5076.6000,5079.4000,5079.6000,5080.0000,5080.2000,5080.4000,1,3,1,1,1,1,1,4,6,1
SF,IC2006,2019-12-26 09:34:15.100,5079.2000,35130,0,570657200.000,0,-,-,-,-,5077.8000,5077.6000,5077.4000,5077.0000,5076.8000,5079.4000,5079.6000,5080.0000,5080.2000,5080.4000,1,1,2,1,1,1,1,4,6,1
SF,IC2006,2019-12-26 09:34:15.600,5079.2000,35130,0,570657200.000,0,-,-,-,-,5078.0000,5077.8000,5077.4000,5076.8000,5076.6000,5079.4000,5079.6000,5080.0000,5080.2000,5080.4000,1,1,1,1,1,2,1,5,6,1
SF,IC2006,2019-12-26 09:34:16.100,5078.0000,35128,-2,572688440.000,2,0,2,双平,S,5077.4000,5076.8000,5076.6000,5075.0000,5072.0000,5079.4000,5079.6000,5080.0000,5080.2000,5080.4000,1,1,1,1,1,2,1,6,6,1
SF,IC2006,2019-12-26 09:34:16.600,5078.0000,35128,0,572688440.000,0,-,-,-,-,5077.6000,5077.4000,5076.8000,5076.6000,5075.0000,5079.0000,5079.2000,5079.4000,5079.6000,5080.0000,1,1,1,1,1,1,3,2,2,6
SF,IC2006,2019-12-26 09:34:17.100,5078.0000,35128,0,572688440.000,0,-,-,-,-,5077.4000,5076.8000,5076.6000,5075.0000,5073.2000,5077.6000,5078.8000,5079.0000,5079.2000,5079.4000,1,1,1,1,1,1,1,1,2,2
SF,IC2006,2019-12-26 09:34:17.600,5077.4000,35127,-1,574719400.000,2,0,2,多平,S,5077.6000,5077.0000,5076.8000,5076.6000,5075.0000,5078.8000,5079.0000,5079.2000,5079.4000,5079.6000,1,1,1,1,1,1,1,2,2,2
SF,IC2006,2019-12-26 09:34:18.100,5077.6000,35126,-1,576750440.000,2,0,2,多平,S,5077.0000,5076.8000,5076.6000,5075.0000,5073.2000,5078.8000,5079.0000,5079.2000,5079.4000,5079.6000,1,1,1,1,1,1,1,2,2,2
SF,IC2006,2019-12-26 09:34:19.100,5077.6000,35126,0,577765960.000,1,0,1,多换,S,5077.0000,5076.8000,5076.6000,5075.0000,5073.2000,5078.8000,5079.0000,5079.2000,5079.4000,5079.6000,1,1,1,1,1,1,1,2,2,2
SF,IC2006,2019-12-26 09:34:19.600,5077.6000,35125,-1,578781480.000,1,0,1,双平,S,5077.2000,5077.0000,5076.8000,5076.6000,5075.0000,5078.8000,5079.0000,5079.2000,5079.4000,5079.6000,1,1,1,1,1,1,1,2,2,2
SF,IC2006,2019-12-26 09:34:20.100,5077.6000,35125,0,578781480.000,0,-,-,-,-,5077.2000,5077.0000,5076.8000,5076.6000,5075.0000,5078.4000,5078.8000,5079.0000,5079.2000,5079.4000,1,1,1,1,1,1,1,1,2,2
SF,IC2006,2019-12-26 09:34:20.600,5077.4000,35124,-1,579796960.000,1,0,1,双平,S,5077.2000,5077.0000,5076.8000,5076.6000,5075.0000,5078.4000,5078.8000,5079.0000,5079.2000,5079.4000,1,1,1,1,1,1,1,1,1,2
SF,IC2006,2019-12-26 09:34:21.100,5077.4000,35124,0,579796960.000,0,-,-,-,-,5077.0000,5076.8000,5076.6000,5075.0000,5073.2000,5078.2000,5079.0000,5079.2000,5079.4000,5079.6000,1,1,1,1,1,1,1,1,2,2
SF,IC2006,2019-12-26 09:34:21.600,5077.4000,35124,0,579796960.000,0,-,-,-,-,5077.2000,5077.0000,5076.8000,5076.6000,5075.0000,5079.0000,5079.4000,5079.6000,5080.0000,5080.2000,1,1,1,1,1,1,2,2,6,5
SF,IC2006,2019-12-26 09:34:22.100,5077.4000,35124,0,579796960.000,0,-,-,-,-,5077.0000,5076.8000,5076.6000,5075.0000,5073.2000,5077.2000,5078.8000,5079.0000,5079.4000,5079.6000,1,1,1,1,1,2,1,2,2,2
SF,IC2006,2019-12-26 09:34:22.600,5077.4000,35124,0,579796960.000,0,-,-,-,-,5077.0000,5076.8000,5076.6000,5075.0000,5073.2000,5077.2000,5078.0000,5078.8000,5079.0000,5079.2000,1,1,1,1,1,2,1,1,2,1
SF,IC2006,2019-12-26 09:34:23.100,5077.2000,35122,-2,581827840.000,2,0,2,双平,S,5077.4000,5077.0000,5076.8000,5076.6000,5075.0000,5078.0000,5078.8000,5079.0000,5079.2000,5079.4000,1,1,1,1,1,1,1,2,1,2
SF,IC2006,2019-12-26 09:34:23.600,5077.2000,35122,0,581827840.000,0,-,-,-,-,5077.0000,5076.8000,5076.6000,5075.0000,5073.2000,5078.0000,5078.8000,5079.0000,5079.2000,5079.4000,1,1,1,1,1,1,1,2,1,2
SF,IC2006,2019-12-26 09:34:24.100,5077.2000,35122,0,581827840.000,0,-,-,-,-,5077.0000,5076.8000,5076.6000,5075.0000,5073.2000,5077.4000,5078.0000,5078.8000,5079.0000,5079.2000,1,1,1,1,1,6,1,1,2,1
SF,IC2006,2019-12-26 09:34:25.100,5077.2000,35122,0,581827840.000,0,-,-,-,-,5077.0000,5076.8000,5076.6000,5075.0000,5073.2000,5077.2000,5077.4000,5078.0000,5078.8000,5079.0000,1,1,1,1,1,1,6,1,1,2
SF,IC2006,2019-12-26 09:34:26.100,5077.2000,35122,0,582843280.000,1,0,1,多换,S,5077.0000,5076.8000,5076.6000,5075.0000,5073.2000,5077.2000,5077.4000,5078.0000,5078.8000,5079.0000,1,1,1,1,1,1,6,2,1,2
SF,IC2006,2019-12-26 09:34:26.600,5076.6000,35121,-1,585889360.000,3,1,2,多平,S,5075.0000,5073.2000,5072.0000,5071.0000,5070.2000,5077.2000,5077.4000,5078.0000,5078.8000,5079.0000,1,1,1,1,1,1,6,2,1,2
SF,IC2006,2019-12-26 09:34:27.100,5075.0000,35119,-2,588934560.000,3,0,3,多平,S,5073.2000,5072.0000,5071.0000,5070.2000,5068.8000,5075.0000,5077.2000,5077.4000,5078.0000,5078.8000,1,1,1,1,5,3,1,6,2,1
SF,IC2006,2019-12-26 09:34:27.600,5075.0000,35115,-4,592994560.000,4,0,4,双平,S,5075.0000,5073.4000,5073.2000,5072.0000,5071.0000,5077.2000,5077.4000,5078.0000,5078.8000,5079.0000,1,3,1,1,1,1,6,2,1,2
SF,IC2006,2019-12-26 09:34:28.100,5075.0000,35115,0,592994560.000,0,-,-,-,-,5075.2000,5073.4000,5073.2000,5072.0000,5071.0000,5077.0000,5077.2000,5077.4000,5078.0000,5079.0000,2,2,1,1,1,1,1,6,2,3
