市场代码,合约代码,时间,最新,持仓,增仓,成交额,成交量,开仓,平仓,成交类型,方向,买一价,买二价,买三价,买四价,买五价,卖一价,卖二价,卖三价,卖四价,卖五价,买一量,买二量,买三量,买四量,买五量,卖一量,卖二量,卖三量,卖四量,卖五量
SF,IC2003,2019-12-04 09:29:00.300,4801.0000,37563,0,16323400.000,17.000,-,-,-,-,4801.0000,4800.4000,4800.0000,4798.4000,4797.0000,4806.0000,4806.4000,4808.8000,4809.2000,4809.4000,1,5,1,5,1,1,1,1,1,2
SF,IC2003,2019-12-04 09:30:00.300,4800.0000,37562,-1,32642800.000,17,8,9,多平,S,4800.0000,4798.4000,4797.0000,4796.4000,4795.4000,4800.6000,4801.0000,4802.4000,4802.6000,4803.2000,1,2,1,5,5,2,17,2,1,1
SF,IC2003,2019-12-04 09:30:00.800,4798.4000,37559,-3,36481840.000,4,0,4,多平,S,4797.0000,4796.4000,4795.4000,4795.0000,4794.6000,4797.8000,4798.0000,4798.2000,4798.8000,4799.0000,1,5,6,5,2,1,1,1,1,2
SF,IC2003,2019-12-04 09:30:01.300,4796.4000,37559,0,46074760.000,10,5,5,多换,S,4795.4000,4795.0000,4794.6000,4794.4000,4794.0000,4796.6000,4796.8000,4797.0000,4797.2000,4797.4000,6,5,2,5,1,2,6,3,2,9
SF,IC2003,2019-12-04 09:30:01.800,4795.4000,37554,-5,56624520.000,11,3,8,多平,S,4795.0000,4794.4000,4794.0000,4793.6000,4793.4000,4795.2000,4795.4000,4795.8000,4796.2000,4796.4000,4,5,1,6,1,1,2,1,6,13
SF,IC2003,2019-12-04 09:30:02.300,4795.0000,37554,0,63337560.000,7,3,4,多换,S,4794.4000,4794.0000,4793.6000,4793.4000,4792.6000,4795.4000,4796.2000,4796.4000,4797.0000,4797.4000,5,1,6,1,3,2,8,13,5,2
SF,IC2003,2019-12-04 09:30:02.800,4796.2000,37554,0,67174040.000,4,2,2,多换,S,4795.4000,4794.4000,4794.0000,4793.6000,4793.4000,4796.4000,4797.0000,4797.4000,4797.6000,4797.8000,1,6,3,6,1,8,5,2,1,1
SF,IC2003,2019-12-04 09:30:03.300,4796.4000,37553,-1,73888800.000,7,3,4,多平,S,4796.4000,4795.6000,4795.4000,4794.4000,4794.0000,4797.0000,4797.4000,4797.6000,4797.8000,4798.0000,2,1,2,6,3,5,2,1,1,1
SF,IC2003,2019-12-04 09:30:03.800,4795.4000,37552,-1,81563120.000,8,3,5,多平,S,4795.4000,4794.4000,4794.0000,4793.6000,4793.4000,4796.6000,4796.8000,4797.0000,4797.6000,4797.8000,1,6,3,6,1,1,4,5,1,1
SF,IC2003,2019-12-04 09:30:04.300,4795.4000,37553,1,83481280.000,2,1,1,空开,S,4796.4000,4794.4000,4794.0000,4793.6000,4793.4000,4796.6000,4797.0000,4797.8000,4798.0000,4798.2000,2,5,3,6,1,1,5,1,1,2
SF,IC2003,2019-12-04 09:30:04.800,4797.0000,37550,-3,95952800.000,13,5,8,多平,S,4797.0000,4795.2000,4794.4000,4794.0000,4793.6000,4797.8000,4798.2000,4798.8000,4799.0000,4799.4000,2,2,5,3,6,1,2,1,2,1
SF,IC2003,2019-12-04 09:30:05.300,4796.4000,37549,-1,107464400.000,12,5,7,多平,S,4795.2000,4794.4000,4794.0000,4793.6000,4793.4000,4796.4000,4797.6000,4798.2000,4798.8000,4799.0000,2,5,3,6,1,1,1,2,1,2
SF,IC2003,2019-12-04 09:30:05.800,4796.4000,37549,0,109382960.000,2,1,1,多换,S,4797.2000,4796.4000,4796.0000,4795.8000,4795.6000,4798.2000,4798.8000,4799.0000,4799.4000,4799.8000,2,2,1,1,1,1,1,2,1,2
SF,IC2003,2019-12-04 09:30:06.300,4798.0000,37544,-5,118018200.000,9,2,7,多平,S,4796.6000,4796.4000,4795.4000,4795.2000,4794.4000,4798.0000,4798.2000,4798.8000,4799.0000,4799.4000,2,5,2,2,5,2,1,1,2,1
SF,IC2003,2019-12-04 09:30:06.800,4798.0000,37544,0,119937400.000,2,1,1,多换,S,4798.0000,4796.8000,4796.6000,4796.4000,4795.4000,4798.2000,4798.8000,4799.0000,4799.4000,4799.8000,2,1,3,5,1,1,1,2,1,2
SF,IC2003,2019-12-04 09:30:07.300,4798.2000,37544,0,123775840.000,4,2,2,多换,S,4798.2000,4796.8000,4796.6000,4796.4000,4795.2000,4798.8000,4799.0000,4799.4000,4799.8000,4800.0000,3,1,3,5,3,1,2,1,2,1
SF,IC2003,2019-12-04 09:30:07.800,4799.0000,37542,-2,131453640.000,8,3,5,多平,S,4798.2000,4796.8000,4796.6000,4796.4000,4795.4000,4799.0000,4799.4000,4799.8000,4800.0000,4800.6000,19,1,3,5,1,1,1,2,1,2
SF,IC2003,2019-12-04 09:30:08.300,4798.4000,37540,-2,139130920.000,8,3,5,多平,S,4798.2000,4796.6000,4796.4000,4795.4000,4795.2000,4798.6000,4798.8000,4799.0000,4799.4000,4799.8000,17,3,5,1,3,5,1,3,2,2
SF,IC2003,2019-12-04 09:30:08.800,4798.2000,37539,-1,142010040.000,3,1,2,多平,S,4798.2000,4796.6000,4796.4000,4796.2000,4795.4000,4799.0000,4799.8000,4800.0000,4800.6000,4801.0000,16,3,5,1,1,2,2,1,2,20
SF,IC2003,2019-12-04 09:30:09.300,4798.2000,37538,-1,142969680.000,1,0,1,双平,S,4798.2000,4796.6000,4796.4000,4796.2000,4795.4000,4798.6000,4798.8000,4799.0000,4799.4000,4799.8000,15,3,5,1,1,3,1,2,1,2
SF,IC2003,2019-12-04 09:30:09.800,4798.8000,37535,-3,147768400.000,5,1,4,多平,S,4798.6000,4798.2000,4796.8000,4796.6000,4796.4000,4799.0000,4799.4000,4799.8000,4800.0000,4800.6000,7,15,1,3,5,1,1,2,1,2
SF,IC2003,2019-12-04 09:30:10.300,4798.8000,37531,-4,153526960.000,6,1,5,多平,S,4798.6000,4798.2000,4796.8000,4796.6000,4796.4000,4798.8000,4799.4000,4799.8000,4800.0000,4800.6000,5,15,1,3,5,1,1,2,1,2
SF,IC2003,2019-12-04 09:30:10.800,4798.8000,37528,-3,156406240.000,3,0,3,双平,S,4798.8000,4798.6000,4798.2000,4796.8000,4796.6000,4799.8000,4800.0000,4800.6000,4801.0000,4801.2000,6,6,15,1,2,2,1,2,20,1
SF,IC2003,2019-12-04 09:30:11.300,4798.8000,37528,0,156406240.000,0,-,-,-,-,4799.0000,4798.8000,4798.6000,4798.2000,4796.8000,4799.8000,4800.0000,4800.4000,4800.6000,4801.0000,1,6,6,14,1,2,1,1,2,20
SF,IC2003,2019-12-04 09:30:11.800,4799.8000,37528,0,161206040.000,5,2,3,多换,S,4799.8000,4799.0000,4798.8000,4798.6000,4798.2000,4800.6000,4801.0000,4801.2000,4803.2000,4804.0000,4,7,6,6,14,3,20,2,1,1
SF,IC2003,2019-12-04 09:30:12.300,4799.8000,37528,0,162166000.000,1,0,1,多换,S,4799.8000,4799.0000,4798.8000,4798.6000,4798.2000,4800.2000,4800.4000,4800.6000,4800.8000,4801.0000,9,7,6,6,14,2,2,3,1,20
SF,IC2003,2019-12-04 09:30:12.800,4800.0000,37528,0,164086040.000,2,1,1,多换,S,4799.8000,4799.0000,4798.8000,4798.6000,4798.2000,4800.2000,4800.4000,4800.6000,4801.0000,4801.2000,10,6,6,6,14,1,1,3,20,2
SF,IC2003,2019-12-04 09:30:13.300,4800.2000,37526,-2,166966080.000,3,0,3,多平,S,4800.2000,4799.8000,4799.0000,4798.8000,4798.6000,4800.4000,4800.6000,4801.0000,4801.2000,4803.2000,5,11,6,6,6,1,3,19,2,1
SF,IC2003,2019-12-04 09:30:13.800,4800.4000,37525,-1,168886200.000,2,0,2,多平,S,4800.4000,4800.2000,4799.8000,4799.0000,4798.8000,4800.6000,4801.0000,4801.2000,4803.2000,4804.0000,5,4,12,6,6,3,20,2,1,1
SF,IC2003,2019-12-04 09:30:14.300,4800.6000,37516,-9,178487160.000,10,0,10,多平,S,4800.2000,4799.8000,4799.0000,4798.8000,4798.6000,4800.6000,4801.0000,4801.2000,4803.2000,4804.0000,6,12,5,6,6,1,19,2,1,1
SF,IC2003,2019-12-04 09:30:14.800,4800.4000,37515,-1,182327440.000,4,1,3,多平,S,4800.2000,4799.8000,4799.0000,4798.8000,4798.6000,4801.0000,4801.2000,4803.2000,4804.0000,4804.8000,5,12,5,6,6,16,3,1,1,6
SF,IC2003,2019-12-04 09:30:15.300,4801.0000,37510,-5,187128360.000,5,0,5,双平,S,4800.6000,4800.2000,4799.8000,4799.0000,4798.8000,4801.0000,4801.2000,4801.4000,4803.2000,4804.0000,6,6,11,5,6,14,2,1,1,1
SF,IC2003,2019-12-04 09:30:15.800,4800.6000,37508,-2,196730080.000,10,4,6,多平,S,4800.6000,4800.2000,4799.8000,4799.0000,4798.8000,4801.0000,4801.2000,4801.4000,4803.2000,4804.0000,4,7,11,5,6,9,2,1,1,1
SF,IC2003,2019-12-04 09:30:16.300,4801.0000,37508,0,202491280.000,6,3,3,多换,S,4800.6000,4800.2000,4799.8000,4799.0000,4798.8000,4801.0000,4801.2000,4802.8000,4803.2000,4804.0000,5,5,11,5,6,3,1,1,1,1
SF,IC2003,2019-12-04 09:30:16.800,4801.0000,37508,0,205371880.000,3,1,2,多换,S,4801.0000,4800.6000,4800.2000,4799.8000,4798.8000,4801.2000,4802.8000,4803.2000,4804.0000,4804.8000,3,5,3,11,6,1,1,1,1,1
SF,IC2003,2019-12-04 09:30:17.300,4801.2000,37507,-1,206332120.000,1,0,1,双平,S,4801.2000,4801.0000,4800.6000,4800.2000,4799.8000,4802.8000,4803.2000,4804.0000,4804.8000,4805.0000,5,4,5,3,11,1,1,1,1,1
SF,IC2003,2019-12-04 09:30:17.800,4801.2000,37507,0,206332120.000,0,-,-,-,-,4801.2000,4801.0000,4800.6000,4800.2000,4799.8000,4802.4000,4802.6000,4802.8000,4803.2000,4804.0000,7,4,5,3,11,2,5,3,1,1
SF,IC2003,2019-12-04 09:30:18.300,4800.6000,37498,-9,218814920.000,13,2,11,多平,S,4800.6000,4800.2000,4799.8000,4798.8000,4798.6000,4801.2000,4802.2000,4802.4000,4802.6000,4802.8000,3,3,11,6,6,2,2,3,7,2
SF,IC2003,2019-12-04 09:30:18.800,4801.2000,37497,-1,220735400.000,2,0,2,多平,S,4801.4000,4800.6000,4800.2000,4799.8000,4799.6000,4801.8000,4802.2000,4802.4000,4802.6000,4802.8000,1,3,3,11,1,2,2,2,2,2
SF,IC2003,2019-12-04 09:30:19.300,4801.6000,37497,0,226497120.000,6,3,3,多换,S,4800.6000,4800.2000,4799.8000,4799.6000,4798.8000,4801.6000,4802.2000,4802.4000,4802.6000,4802.8000,3,3,11,1,6,2,2,2,2,2
SF,IC2003,2019-12-04 09:30:19.800,4801.6000,37496,-1,227457440.000,1,0,1,双平,S,4801.6000,4801.2000,4800.6000,4800.2000,4799.8000,4802.2000,4802.4000,4802.6000,4802.8000,4803.2000,4,2,3,3,11,1,2,2,2,1
SF,IC2003,2019-12-04 09:30:20.300,4801.4000,37491,-5,234179480.000,7,1,6,多平,S,4801.2000,4800.6000,4800.2000,4799.8000,4799.6000,4801.6000,4801.8000,4802.0000,4802.4000,4802.6000,3,3,3,11,1,2,1,4,1,2
SF,IC2003,2019-12-04 09:30:20.800,4801.2000,37491,0,235139720.000,1,0,1,多换,S,4801.2000,4800.6000,4800.2000,4799.8000,4799.6000,4801.6000,4802.0000,4802.4000,4802.6000,4802.8000,3,2,3,11,1,1,2,1,2,2
SF,IC2003,2019-12-04 09:30:21.300,4801.4000,37491,0,240900960.000,6,3,3,多换,S,4800.2000,4799.8000,4799.6000,4798.8000,4798.6000,4801.6000,4802.0000,4802.4000,4802.6000,4802.8000,3,11,1,6,6,1,2,1,2,2
SF,IC2003,2019-12-04 09:30:21.800,4801.4000,37491,0,241861240.000,1,0,1,多换,S,4800.2000,4799.8000,4799.6000,4798.8000,4798.6000,4801.4000,4801.6000,4802.0000,4802.4000,4802.6000,4,11,1,6,6,2,1,1,1,2
SF,IC2003,2019-12-04 09:30:22.300,4801.6000,37491,0,242821560.000,1,0,1,多换,S,4801.6000,4801.4000,4800.4000,4800.2000,4799.8000,4802.0000,4802.4000,4802.6000,4802.8000,4803.2000,1,2,1,4,11,1,1,2,2,1
SF,IC2003,2019-12-04 09:30:22.800,4801.6000,37491,0,243781880.000,1,0,1,多换,S,4801.6000,4801.4000,4800.2000,4799.8000,4799.6000,4801.8000,4802.0000,4802.4000,4802.6000,4802.8000,1,2,3,11,1,1,1,1,2,2
SF,IC2003,2019-12-04 09:30:23.300,4802.0000,37492,1,244742280.000,1,1,0,双开,S,4801.8000,4801.6000,4801.4000,4800.2000,4799.8000,4802.4000,4802.6000,4803.2000,4804.0000,4804.4000,1,1,3,3,11,1,2,1,1,1
SF,IC2003,2019-12-04 09:30:23.800,4802.4000,37491,-1,246663240.000,2,0,2,多平,S,4802.0000,4801.8000,4801.6000,4801.4000,4800.2000,4803.2000,4804.8000,4805.0000,4805.4000,4805.6000,1,1,1,3,2,1,1,3,1,1
SF,IC2003,2019-12-04 09:30:24.300,4802.4000,37491,0,246663240.000,0,-,-,-,-,4802.0000,4801.8000,4801.6000,4801.4000,4800.2000,4802.8000,4803.2000,4804.8000,4805.0000,4805.6000,2,1,1,3,2,1,1,1,3,1
SF,IC2003,2019-12-04 09:30:24.800,4802.0000,37490,-1,247623640.000,1,0,1,双平,S,4801.8000,4801.6000,4801.4000,4800.2000,4799.8000,4802.6000,4802.8000,4803.0000,4803.2000,4803.6000,1,1,3,2,10,3,1,1,2,1
SF,IC2003,2019-12-04 09:30:25.300,4802.8000,37491,1,251465760.000,4,2,2,空开,S,4802.8000,4802.0000,4801.8000,4801.6000,4801.4000,4803.2000,4803.6000,4804.8000,4805.0000,4805.6000,2,1,1,1,3,1,1,2,3,1
SF,IC2003,2019-12-04 09:30:25.800,4802.8000,37491,0,253386880.000,2,1,1,多换,S,4802.0000,4801.8000,4801.6000,4801.4000,4800.2000,4803.2000,4804.0000,4804.8000,4805.0000,4805.6000,1,1,1,4,2,1,1,2,3,1
SF,IC2003,2019-12-04 09:30:26.300,4801.8000,37490,-1,255307640.000,2,0,2,多平,S,4801.6000,4801.4000,4800.2000,4799.8000,4799.4000,4802.8000,4803.0000,4803.2000,4804.0000,4804.8000,1,4,2,9,1,5,3,2,1,2
SF,IC2003,2019-12-04 09:30:26.800,4802.8000,37491,1,257228600.000,2,1,1,空开,S,4801.6000,4801.4000,4800.2000,4799.8000,4799.4000,4802.8000,4803.0000,4803.2000,4804.0000,4804.8000,1,4,2,9,1,1,2,1,1,2
SF,IC2003,2019-12-04 09:30:27.300,4803.0000,37491,0,259149760.000,2,1,1,多换,S,4801.6000,4801.4000,4800.2000,4799.8000,4799.4000,4802.2000,4803.0000,4803.2000,4804.0000,4804.8000,2,4,2,9,1,1,1,1,1,2
SF,IC2003,2019-12-04 09:30:27.800,4803.0000,37489,-2,261070800.000,2,0,2,双平,S,4802.4000,4801.8000,4801.6000,4801.4000,4800.4000,4803.2000,4804.0000,4804.8000,4805.0000,4805.6000,2,1,1,4,1,1,1,2,1,1
SF,IC2003,2019-12-04 09:30:28.300,4804.0000,37490,1,262992240.000,2,1,1,空开,S,4802.6000,4802.4000,4802.2000,4801.6000,4801.4000,4804.8000,4805.0000,4805.6000,4806.0000,4806.2000,1,2,3,1,6,2,1,1,2,3
SF,IC2003,2019-12-04 09:30:28.800,4804.0000,37490,0,262992240.000,0,-,-,-,-,4802.6000,4802.4000,4801.6000,4801.4000,4800.4000,4804.6000,4804.8000,4805.0000,4805.6000,4806.0000,1,2,2,6,1,2,3,1,1,2
SF,IC2003,2019-12-04 09:30:29.300,4804.0000,37490,0,262992240.000,0,-,-,-,-,4802.6000,4802.4000,4801.6000,4801.4000,4800.4000,4804.0000,4804.4000,4804.6000,4804.8000,4805.0000,1,2,2,6,1,1,2,4,3,1
SF,IC2003,2019-12-04 09:30:29.800,4804.6000,37489,-1,266835880.000,4,1,3,多平,S,4802.8000,4802.6000,4802.4000,4801.6000,4801.4000,4804.6000,4804.8000,4805.0000,4805.6000,4806.0000,2,1,2,2,5,3,1,1,1,2
SF,IC2003,2019-12-04 09:30:30.300,4804.6000,37489,0,267796800.000,1,0,1,多换,S,4803.0000,4802.8000,4802.4000,4801.6000,4801.4000,4804.6000,4804.8000,4805.0000,4805.6000,4806.0000,1,2,2,2,5,3,1,1,1,2
SF,IC2003,2019-12-04 09:30:30.800,4803.0000,37487,-2,274522920.000,7,2,5,多平,S,4802.8000,4802.4000,4801.6000,4801.4000,4800.4000,4804.6000,4804.8000,4805.0000,4805.6000,4806.0000,1,2,2,5,1,2,1,1,1,2
SF,IC2003,2019-12-04 09:30:31.300,4803.0000,37487,0,274522920.000,0,-,-,-,-,4802.8000,4802.4000,4801.6000,4801.4000,4800.4000,4804.2000,4804.4000,4804.8000,4805.0000,4805.6000,2,2,2,5,1,2,2,1,1,1
SF,IC2003,2019-12-04 09:30:31.800,4804.0000,37487,0,275483720.000,1,0,1,多换,S,4803.6000,4802.8000,4802.4000,4801.6000,4801.4000,4804.0000,4804.2000,4804.4000,4804.8000,4805.0000,1,2,2,2,5,1,2,1,1,1
SF,IC2003,2019-12-04 09:30:32.300,4803.6000,37488,1,281248040.000,6,3,3,空开,S,4802.8000,4802.4000,4801.6000,4801.4000,4800.4000,4803.6000,4803.8000,4804.0000,4804.2000,4804.8000,2,2,2,5,1,2,1,1,1,1
SF,IC2003,2019-12-04 09:30:32.800,4803.6000,37488,0,281248040.000,0,-,-,-,-,4802.8000,4802.4000,4801.6000,4801.4000,4800.2000,4803.2000,4803.4000,4803.6000,4803.8000,4804.0000,2,2,2,5,2,1,3,4,1,1
SF,IC2003,2019-12-04 09:30:33.300,4803.6000,37488,0,282208760.000,1,0,1,多换,S,4802.8000,4802.4000,4801.6000,4801.4000,4800.2000,4803.0000,4803.2000,4803.4000,4804.0000,4804.8000,2,2,2,5,2,1,2,3,1,2
SF,IC2003,2019-12-04 09:30:33.800,4802.8000,37487,-1,284129880.000,2,0,2,多平,S,4802.4000,4801.6000,4801.4000,4800.2000,4800.0000,4803.0000,4803.2000,4803.4000,4803.6000,4804.0000,2,2,5,2,1,1,1,2,1,1
SF,IC2003,2019-12-04 09:30:34.300,4801.4000,37485,-2,287971440.000,4,1,3,多平,S,4801.4000,4800.2000,4800.0000,4799.8000,4799.4000,4802.4000,4803.0000,4803.2000,4803.4000,4803.6000,4,2,1,9,1,1,2,1,2,1
SF,IC2003,2019-12-04 09:30:34.800,4802.6000,37486,1,292773080.000,5,3,2,空开,S,4800.2000,4800.0000,4799.8000,4799.4000,4799.0000,4802.6000,4803.0000,4803.2000,4803.4000,4803.6000,2,1,9,1,1,2,2,1,2,1
SF,IC2003,2019-12-04 09:30:35.300,4802.6000,37486,0,292773080.000,0,-,-,-,-,4800.4000,4800.2000,4800.0000,4799.8000,4799.4000,4802.4000,4802.6000,4803.0000,4803.2000,4803.4000,1,2,1,9,1,3,1,2,1,2
SF,IC2003,2019-12-04 09:30:35.800,4802.6000,37487,1,293733600.000,1,1,0,双开,S,4800.6000,4800.4000,4800.2000,4800.0000,4799.8000,4802.6000,4803.0000,4803.2000,4803.4000,4803.6000,1,1,2,2,9,1,2,1,2,1
SF,IC2003,2019-12-04 09:30:36.300,4802.6000,37487,0,295654640.000,2,1,1,多换,S,4802.8000,4802.6000,4800.8000,4800.2000,4800.0000,4803.0000,4803.2000,4803.4000,4803.6000,4804.0000,1,4,2,2,1,2,1,2,1,1
SF,IC2003,2019-12-04 09:30:36.800,4802.6000,37487,0,300457280.000,5,2,3,多换,S,4800.2000,4800.0000,4799.8000,4799.4000,4799.0000,4802.4000,4802.6000,4802.8000,4803.0000,4803.2000,2,1,9,1,1,2,8,3,3,1
SF,IC2003,2019-12-04 09:30:37.300,4800.2000,37487,0,301417320.000,1,0,1,多换,S,4800.2000,4800.0000,4799.8000,4798.8000,4798.6000,4802.0000,4802.2000,4802.4000,4802.6000,4802.8000,2,1,9,6,6,1,1,1,8,4
SF,IC2003,2019-12-04 09:30:37.800,4802.2000,37487,0,302377760.000,1,0,1,多换,S,4800.4000,4800.2000,4800.0000,4799.8000,4799.6000,4802.6000,4802.8000,4803.0000,4803.2000,4803.4000,1,2,1,9,1,7,1,2,1,2
SF,IC2003,2019-12-04 09:30:38.300,4800.6000,37486,-1,303337880.000,1,0,1,双平,S,4802.0000,4800.2000,4800.0000,4799.8000,4798.8000,4802.4000,4802.6000,4802.8000,4803.0000,4803.2000,4,1,1,9,6,2,5,1,2,1
SF,IC2003,2019-12-04 09:30:38.800,4802.0000,37486,0,307179480.000,4,2,2,多换,S,4801.8000,4800.2000,4800.0000,4799.8000,4798.8000,4802.0000,4802.2000,4802.4000,4802.6000,4802.8000,1,1,1,9,6,5,1,2,1,1
SF,IC2003,2019-12-04 09:30:39.300,4801.8000,37486,0,308139840.000,1,0,1,多换,S,4800.2000,4800.0000,4799.8000,4798.8000,4798.6000,4801.6000,4801.8000,4802.0000,4802.2000,4802.4000,1,1,9,6,6,5,3,6,1,2
SF,IC2003,2019-12-04 09:30:39.800,4800.2000,37488,2,311980320.000,4,3,1,空开,S,4800.0000,4799.8000,4799.0000,4798.8000,4798.6000,4801.6000,4801.8000,4802.0000,4802.2000,4802.4000,1,9,1,6,6,2,3,3,1,1
SF,IC2003,2019-12-04 09:30:40.300,4800.2000,37488,0,311980320.000,0,-,-,-,-,4800.0000,4799.8000,4799.0000,4798.8000,4798.6000,4800.2000,4801.6000,4802.0000,4802.2000,4802.4000,2,9,1,6,6,1,2,3,1,1
SF,IC2003,2019-12-04 09:30:40.800,4801.4000,37486,-2,314860680.000,3,0,3,多平,S,4800.2000,4800.0000,4799.8000,4799.0000,4798.8000,4801.4000,4802.0000,4802.2000,4802.4000,4802.6000,3,2,9,1,6,1,1,1,1,1
SF,IC2003,2019-12-04 09:30:41.300,4801.4000,37483,-3,317741520.000,3,0,3,双平,S,4801.4000,4800.0000,4799.8000,4799.0000,4798.8000,4802.0000,4802.2000,4802.4000,4802.6000,4802.8000,1,2,9,1,6,1,1,1,1,1
SF,IC2003,2019-12-04 09:30:41.800,4801.4000,37482,-1,318701800.000,1,0,1,双平,S,4800.0000,4799.8000,4799.0000,4798.8000,4798.6000,4800.2000,4801.2000,4801.4000,4801.8000,4802.0000,2,11,1,6,6,1,1,1,2,1
SF,IC2003,2019-12-04 09:30:42.300,4800.2000,37482,0,319661840.000,1,0,1,多换,S,4801.8000,4801.2000,4800.4000,4800.2000,4800.0000,4802.0000,4802.2000,4802.6000,4802.8000,4803.0000,1,3,2,6,2,1,1,1,1,1
SF,IC2003,2019-12-04 09:30:42.800,4801.8000,37481,-1,321582560.000,2,0,2,多平,S,4800.6000,4800.2000,4800.0000,4799.8000,4799.0000,4801.6000,4801.8000,4802.0000,4802.2000,4802.6000,1,5,2,11,1,2,6,1,1,1
SF,IC2003,2019-12-04 09:30:43.300,4801.8000,37481,0,321582560.000,0,-,-,-,-,4800.6000,4800.2000,4800.0000,4799.8000,4799.0000,4801.6000,4801.8000,4802.0000,4802.2000,4802.6000,5,5,2,11,1,1,1,1,1,1
SF,IC2003,2019-12-04 09:30:43.800,4800.6000,37480,-1,322542680.000,1,0,1,双平,S,4800.6000,4800.2000,4800.0000,4799.8000,4799.0000,4801.6000,4801.8000,4802.2000,4802.6000,4802.8000,4,5,2,11,1,2,1,1,1,1
SF,IC2003,2019-12-04 09:30:44.300,4800.6000,37477,-3,325423040.000,3,0,3,双平,S,4800.6000,4800.2000,4800.0000,4799.8000,4799.0000,4801.6000,4801.8000,4802.2000,4802.6000,4802.8000,1,5,2,11,1,2,1,1,1,1
SF,IC2003,2019-12-04 09:30:44.800,4800.6000,37476,-1,326383160.000,1,0,1,双平,S,4800.2000,4800.0000,4799.8000,4799.0000,4798.8000,4800.6000,4801.4000,4801.6000,4801.8000,4802.2000,5,2,11,1,6,1,3,2,1,1
SF,IC2003,2019-12-04 09:30:45.300,4801.6000,37473,-3,329263880.000,3,0,3,双平,S,4801.6000,4800.8000,4800.6000,4800.4000,4800.2000,4801.8000,4802.2000,4802.6000,4802.8000,4803.0000,1,3,2,1,3,1,1,1,1,1
SF,IC2003,2019-12-04 09:30:45.800,4801.6000,37472,-1,330224200.000,1,0,1,双平,S,4801.8000,4801.6000,4800.8000,4800.6000,4800.2000,4802.2000,4802.6000,4802.8000,4803.0000,4803.2000,1,1,2,2,4,1,1,1,1,1
SF,IC2003,2019-12-04 09:30:46.300,4801.6000,37471,-1,333105160.000,3,1,2,多平,S,4800.8000,4800.6000,4800.2000,4800.0000,4799.8000,4801.6000,4801.8000,4802.0000,4802.2000,4802.4000,2,2,4,2,11,2,1,2,1,1
SF,IC2003,2019-12-04 09:30:46.800,4800.8000,37471,0,335025480.000,2,1,1,多换,S,4800.6000,4800.2000,4800.0000,4799.8000,4799.0000,4801.8000,4802.0000,4802.2000,4802.4000,4802.6000,2,4,2,11,1,1,1,1,1,1
SF,IC2003,2019-12-04 09:30:47.800,4800.8000,37471,0,335025480.000,0,-,-,-,-,4801.6000,4800.8000,4800.6000,4800.2000,4800.0000,4801.8000,4802.0000,4802.2000,4802.4000,4802.6000,6,1,2,4,2,2,1,1,1,1
SF,IC2003,2019-12-04 09:30:48.300,4801.8000,37467,-4,338866960.000,4,0,4,双平,S,4802.0000,4801.8000,4801.6000,4800.8000,4800.6000,4802.2000,4802.4000,4802.6000,4802.8000,4803.2000,2,1,7,1,2,1,1,1,1,1
SF,IC2003,2019-12-04 09:30:48.800,4802.2000,37466,-1,339827400.000,1,0,1,双平,S,4802.2000,4802.0000,4801.6000,4800.8000,4800.6000,4802.4000,4802.6000,4802.8000,4803.2000,4803.4000,1,2,7,1,2,1,1,1,1,1
SF,IC2003,2019-12-04 09:30:49.300,4802.0000,37468,2,342708640.000,3,2,1,空开,S,4801.6000,4801.2000,4800.8000,4800.6000,4800.4000,4802.0000,4802.2000,4802.4000,4802.6000,4802.8000,7,1,1,2,1,1,1,1,1,1
SF,IC2003,2019-12-04 09:30:49.800,4802.0000,37468,0,342708640.000,0,-,-,-,-,4801.6000,4800.8000,4800.6000,4800.4000,4800.2000,4802.0000,4802.2000,4802.4000,4802.6000,4802.8000,8,1,2,1,4,2,1,1,1,1
SF,IC2003,2019-12-04 09:30:50.300,4802.0000,37466,-2,344629440.000,2,0,2,双平,S,4802.2000,4801.8000,4801.6000,4800.8000,4800.6000,4802.4000,4802.6000,4802.8000,4803.2000,4803.4000,2,2,7,1,2,1,1,1,1,1
SF,IC2003,2019-12-04 09:30:50.800,4802.2000,37466,0,346550320.000,2,1,1,多换,S,4801.8000,4801.6000,4800.8000,4800.6000,4800.4000,4802.4000,4802.6000,4802.8000,4803.2000,4803.4000,1,7,1,3,1,1,1,1,1,1
SF,IC2003,2019-12-04 09:30:51.300,4802.2000,37466,0,349431640.000,3,1,2,多换,S,4802.0000,4801.8000,4801.6000,4800.8000,4800.6000,4802.4000,4802.6000,4802.8000,4803.2000,4803.4000,1,1,7,1,3,1,1,1,1,1
SF,IC2003,2019-12-04 09:30:51.800,4802.2000,37466,0,349431640.000,0,-,-,-,-,4802.0000,4801.8000,4801.6000,4800.8000,4800.6000,4802.2000,4802.4000,4802.6000,4802.8000,4803.2000,1,1,7,1,3,1,1,1,1,1
SF,IC2003,2019-12-04 09:30:52.300,4802.6000,37463,-3,352313080.000,3,0,3,双平,S,4802.2000,4802.0000,4801.8000,4801.6000,4800.8000,4802.8000,4803.2000,4803.4000,4804.0000,4804.2000,4,1,1,7,1,1,1,1,1,1
SF,IC2003,2019-12-04 09:30:52.800,4802.8000,37462,-1,353273640.000,1,0,1,双平,S,4802.8000,4802.2000,4802.0000,4801.8000,4801.6000,4803.2000,4803.4000,4804.0000,4804.2000,4804.6000,2,3,1,1,7,1,1,1,1,1
SF,IC2003,2019-12-04 09:30:53.300,4803.2000,37461,-1,355194920.000,2,0,2,多平,S,4803.0000,4802.4000,4802.2000,4802.0000,4801.8000,4803.4000,4804.0000,4804.6000,4804.8000,4805.0000,1,4,2,2,1,1,1,1,2,1
SF,IC2003,2019-12-04 09:30:53.800,4803.2000,37461,0,355194920.000,0,-,-,-,-,4802.4000,4802.2000,4802.0000,4801.8000,4801.6000,4803.0000,4803.4000,4804.0000,4804.6000,4804.8000,4,2,2,1,7,1,1,1,1,2
SF,IC2003,2019-12-04 09:30:54.300,4803.2000,37461,0,355194920.000,0,-,-,-,-,4802.4000,4802.2000,4802.0000,4801.8000,4801.6000,4803.0000,4803.4000,4804.0000,4804.6000,4804.8000,4,2,2,1,7,2,1,1,1,2
SF,IC2003,2019-12-04 09:30:54.800,4803.0000,37461,0,357116040.000,2,1,1,多换,S,4802.6000,4802.4000,4802.2000,4802.0000,4801.8000,4803.4000,4804.0000,4804.6000,4804.8000,4805.0000,1,4,2,2,1,1,1,1,2,1
SF,IC2003,2019-12-04 09:30:55.300,4803.4000,37460,-1,358076720.000,1,0,1,双平,S,4802.4000,4802.2000,4802.0000,4801.8000,4801.6000,4804.0000,4804.6000,4804.8000,4805.0000,4805.6000,4,2,2,1,7,1,1,2,1,1
SF,IC2003,2019-12-04 09:30:55.800,4803.4000,37460,0,358076720.000,0,-,-,-,-,4802.6000,4802.4000,4802.2000,4802.0000,4801.8000,4803.0000,4804.0000,4804.6000,4804.8000,4805.0000,1,4,2,2,1,2,2,1,2,1
SF,IC2003,2019-12-04 09:30:56.300,4803.0000,37459,-1,359037320.000,1,0,1,双平,S,4802.8000,4802.4000,4802.2000,4802.0000,4801.8000,4803.0000,4804.0000,4804.6000,4804.8000,4805.0000,1,4,2,2,1,1,2,1,2,1
SF,IC2003,2019-12-04 09:30:56.800,4802.8000,37459,0,360958440.000,2,1,1,多换,S,4802.4000,4802.2000,4802.0000,4801.8000,4801.6000,4803.0000,4804.0000,4804.6000,4804.8000,4805.0000,4,2,2,1,7,1,2,1,2,1
SF,IC2003,2019-12-04 09:30:57.300,4802.4000,37458,-1,361918920.000,1,0,1,双平,S,4802.4000,4802.2000,4802.0000,4801.8000,4801.6000,4802.8000,4803.0000,4804.0000,4804.6000,4804.8000,3,1,2,1,7,4,1,2,1,2
SF,IC2003,2019-12-04 09:30:57.800,4802.6000,37454,-4,365760880.000,4,0,4,双平,S,4802.2000,4802.0000,4801.8000,4801.6000,4801.2000,4802.8000,4803.0000,4804.0000,4804.6000,4804.8000,1,2,1,7,1,1,1,2,1,2
SF,IC2003,2019-12-04 09:30:58.300,4802.2000,37453,-1,366721320.000,1,0,1,双平,S,4802.0000,4801.8000,4801.6000,4801.2000,4800.8000,4802.8000,4803.0000,4804.0000,4804.6000,4804.8000,2,1,7,1,1,2,1,2,1,2
SF,IC2003,2019-12-04 09:30:58.800,4802.2000,37453,0,366721320.000,0,-,-,-,-,4802.0000,4801.8000,4801.6000,4801.2000,4800.8000,4802.8000,4803.0000,4804.0000,4804.6000,4804.8000,2,1,7,1,1,2,1,2,1,2
SF,IC2003,2019-12-04 09:30:59.300,4802.8000,37453,0,368642440.000,2,1,1,多换,S,4802.0000,4801.8000,4801.6000,4801.2000,4800.8000,4803.0000,4804.0000,4804.6000,4804.8000,4805.0000,2,1,7,1,1,1,2,1,2,1
SF,IC2003,2019-12-04 09:30:59.800,4802.8000,37453,0,368642440.000,0,-,-,-,-,4802.8000,4802.0000,4801.8000,4801.6000,4801.2000,4803.0000,4804.0000,4804.6000,4804.8000,4805.0000,2,2,1,7,1,1,2,1,2,1
SF,IC2003,2019-12-04 09:31:00.300,4802.8000,37452,-1,370563560.000,2,0,2,多平,S,4802.0000,4801.8000,4801.6000,4801.2000,4800.8000,4802.6000,4802.8000,4803.0000,4804.0000,4804.6000,2,1,2,1,1,3,2,1,2,1
SF,IC2003,2019-12-04 09:31:00.800,4802.8000,37452,0,370563560.000,0,-,-,-,-,4802.0000,4801.6000,4801.2000,4800.8000,4800.6000,4802.2000,4802.6000,4802.8000,4803.0000,4804.0000,2,2,1,1,1,1,2,3,1,2
SF,IC2003,2019-12-04 09:31:01.300,4802.2000,37447,-5,375365760.000,5,0,5,双平,S,4802.0000,4801.6000,4801.2000,4800.8000,4800.6000,4802.8000,4803.0000,4803.6000,4804.0000,4804.6000,2,2,1,1,1,2,1,1,2,1
SF,IC2003,2019-12-04 09:31:01.800,4802.8000,37447,0,376326320.000,1,0,1,多换,S,4802.0000,4801.6000,4801.2000,4800.8000,4800.6000,4803.0000,4803.6000,4804.0000,4804.6000,4804.8000,2,2,1,1,1,1,1,2,1,2
SF,IC2003,2019-12-04 09:31:02.800,4803.0000,37446,-1,381128520.000,5,2,3,多平,S,4801.6000,4801.2000,4800.8000,4800.6000,4800.4000,4803.6000,4804.0000,4804.6000,4804.8000,4805.0000,2,1,1,1,1,1,2,1,2,1
SF,IC2003,2019-12-04 09:31:03.300,4802.6000,37446,0,382089040.000,1,0,1,多换,S,4801.8000,4801.6000,4801.2000,4800.8000,4800.6000,4802.0000,4803.0000,4803.6000,4804.0000,4804.6000,2,2,1,1,1,1,1,1,2,1
SF,IC2003,2019-12-04 09:31:03.800,4802.0000,37445,-1,383049440.000,1,0,1,双平,S,4802.2000,4802.0000,4801.8000,4801.6000,4801.2000,4803.0000,4803.6000,4804.0000,4804.6000,4804.8000,2,7,2,2,1,1,1,2,1,2
SF,IC2003,2019-12-04 09:31:04.300,4803.6000,37445,0,385931320.000,3,1,2,多换,S,4803.6000,4802.0000,4801.8000,4801.6000,4801.2000,4804.0000,4804.6000,4804.8000,4805.0000,4805.6000,2,3,1,2,1,2,1,2,1,1
SF,IC2003,2019-12-04 09:31:04.800,4803.6000,37445,0,387852760.000,2,1,1,多换,S,4802.0000,4801.6000,4801.2000,4800.8000,4800.6000,4803.4000,4803.6000,4803.8000,4804.0000,4804.6000,3,2,1,1,1,5,5,2,2,1
SF,IC2003,2019-12-04 09:31:05.300,4802.2000,37445,0,388813200.000,1,0,1,多换,S,4802.4000,4802.0000,4801.6000,4801.2000,4800.8000,4803.0000,4803.4000,4803.6000,4804.0000,4804.6000,1,2,2,1,1,1,4,6,1,1
SF,IC2003,2019-12-04 09:31:05.800,4802.4000,37444,-1,392655360.000,4,1,3,多平,S,4802.0000,4801.6000,4801.2000,4800.8000,4800.6000,4803.4000,4803.6000,4804.0000,4804.6000,4804.8000,2,2,1,1,1,2,3,1,1,2
SF,IC2003,2019-12-04 09:31:06.300,4802.4000,37444,0,392655360.000,0,-,-,-,-,4802.0000,4801.6000,4801.2000,4800.8000,4800.6000,4803.2000,4803.4000,4803.6000,4804.0000,4804.4000,2,2,1,1,1,1,2,3,1,1
SF,IC2003,2019-12-04 09:31:06.800,4803.4000,37444,0,393616040.000,1,0,1,多换,S,4803.2000,4802.2000,4802.0000,4801.6000,4801.2000,4803.6000,4804.0000,4804.4000,4804.6000,4804.8000,5,1,3,2,1,1,2,1,1,2
SF,IC2003,2019-12-04 09:31:07.300,4803.4000,37444,0,393616040.000,0,-,-,-,-,4803.2000,4802.2000,4802.0000,4801.6000,4801.2000,4804.0000,4804.4000,4804.6000,4804.8000,4805.0000,5,1,3,2,1,2,1,1,2,1
SF,IC2003,2019-12-04 09:31:07.800,4803.2000,37444,0,394576680.000,1,0,1,多换,S,4803.2000,4802.2000,4802.0000,4801.6000,4801.2000,4803.8000,4804.0000,4804.6000,4804.8000,4805.0000,4,1,3,2,1,2,3,1,2,1
SF,IC2003,2019-12-04 09:31:08.300,4803.8000,37442,-2,396498200.000,2,0,2,双平,S,4803.8000,4803.6000,4803.2000,4802.2000,4802.0000,4804.0000,4804.6000,4804.8000,4805.0000,4805.6000,19,5,4,1,3,3,1,2,1,1
SF,IC2003,2019-12-04 09:31:08.800,4804.6000,37438,-4,400341520.000,4,0,4,双平,S,4804.2000,4804.0000,4803.8000,4803.6000,4803.2000,4804.8000,4805.0000,4805.6000,4806.0000,4806.2000,1,7,18,5,4,1,1,1,2,3
SF,IC2003,2019-12-04 09:31:09.300,4804.8000,37437,-1,401302480.000,1,0,1,双平,S,4804.8000,4804.0000,4803.8000,4803.6000,4803.2000,4805.0000,4805.6000,4806.0000,4806.2000,4808.0000,5,7,18,5,4,1,1,2,3,1
SF,IC2003,2019-12-04 09:31:09.800,4805.0000,37433,-4,407068280.000,6,1,5,多平,S,4805.0000,4804.0000,4803.8000,4803.6000,4803.4000,4805.6000,4806.0000,4806.2000,4808.0000,4808.8000,4,6,18,5,1,1,2,3,1,3
SF,IC2003,2019-12-04 09:31:10.300,4805.6000,37424,-9,416678760.000,10,0,10,多平,S,4805.0000,4804.0000,4803.8000,4803.6000,4803.2000,4805.6000,4806.0000,4806.2000,4808.0000,4808.8000,4,8,18,5,4,1,2,3,1,3
SF,IC2003,2019-12-04 09:31:10.800,4805.0000,37426,2,420522760.000,4,3,1,空开,S,4805.0000,4804.0000,4803.8000,4803.6000,4802.2000,4805.4000,4805.6000,4806.0000,4806.2000,4808.0000,1,3,8,5,1,1,3,2,3,1
SF,IC2003,2019-12-04 09:31:11.300,4805.0000,37426,0,421483760.000,1,0,1,多换,S,4804.0000,4803.8000,4803.6000,4802.2000,4802.0000,4805.4000,4805.6000,4806.0000,4806.2000,4807.0000,3,3,5,1,2,1,2,2,3,2
SF,IC2003,2019-12-04 09:31:11.800,4805.4000,37427,1,426288840.000,5,3,2,空开,S,4804.0000,4803.8000,4803.6000,4802.2000,4802.0000,4806.0000,4806.2000,4807.0000,4808.0000,4808.8000,3,3,6,1,2,2,3,2,1,3
SF,IC2003,2019-12-04 09:31:12.300,4805.8000,37420,-7,435899880.000,10,1,9,多平,S,4805.6000,4804.2000,4804.0000,4803.8000,4803.6000,4806.0000,4806.2000,4807.0000,4808.0000,4808.8000,5,1,3,3,6,2,3,2,1,3
SF,IC2003,2019-12-04 09:31:12.800,4804.0000,37415,-5,442627120.000,7,1,6,多平,S,4804.0000,4803.8000,4803.6000,4802.2000,4802.0000,4804.2000,4805.0000,4805.2000,4805.4000,4805.6000,2,3,6,1,2,2,1,1,4,16
SF,IC2003,2019-12-04 09:31:13.300,4805.4000,37409,-6,452236880.000,10,2,8,多平,S,4804.2000,4804.0000,4803.8000,4803.6000,4802.2000,4805.6000,4805.8000,4806.0000,4806.2000,4807.0000,11,2,3,6,1,14,5,2,3,2
SF,IC2003,2019-12-04 09:31:13.800,4804.2000,37409,0,457041080.000,5,2,3,多换,S,4804.2000,4804.0000,4803.8000,4803.6000,4802.2000,4805.4000,4805.6000,4805.8000,4806.0000,4806.2000,7,2,3,6,1,1,7,2,2,3
SF,IC2003,2019-12-04 09:31:14.300,4805.0000,37406,-3,464729600.000,8,2,6,多平,S,4804.4000,4804.2000,4804.0000,4803.8000,4803.6000,4805.2000,4805.6000,4805.8000,4806.0000,4806.2000,1,6,2,3,6,1,1,2,2,3
SF,IC2003,2019-12-04 09:31:14.800,4805.2000,37404,-2,466651680.000,2,0,2,双平,S,4805.2000,4804.2000,4804.0000,4803.8000,4803.6000,4805.6000,4805.8000,4806.0000,4806.2000,4807.0000,5,1,2,3,6,1,2,2,3,2
SF,IC2003,2019-12-04 09:31:15.300,4805.6000,37399,-5,472418080.000,6,0,6,多平,S,4805.6000,4805.4000,4805.2000,4804.2000,4804.0000,4805.8000,4806.0000,4806.2000,4807.0000,4807.8000,3,2,1,1,2,2,2,3,2,1
SF,IC2003,2019-12-04 09:31:15.800,4805.8000,37393,-6,487795680.000,16,5,11,多平,S,4805.8000,4805.2000,4804.2000,4804.0000,4803.6000,4806.0000,4806.2000,4807.0000,4807.4000,4807.8000,3,1,1,2,6,1,3,2,1,1
SF,IC2003,2019-12-04 09:31:16.300,4805.2000,37391,-2,493562600.000,6,2,4,多平,S,4805.6000,4804.2000,4804.0000,4803.6000,4802.4000,4805.8000,4806.2000,4807.0000,4807.4000,4807.8000,1,1,2,6,1,2,3,2,1,1
SF,IC2003,2019-12-04 09:31:16.800,4805.8000,37393,2,497407160.000,4,3,1,空开,S,4806.0000,4804.6000,4804.2000,4804.0000,4803.6000,4806.2000,4807.0000,4807.4000,4807.8000,4808.0000,2,2,1,2,7,3,2,1,1,1
SF,IC2003,2019-12-04 09:31:17.300,4806.0000,37393,0,505096400.000,8,4,4,多换,S,4804.6000,4804.2000,4804.0000,4803.6000,4802.4000,4806.0000,4806.2000,4807.0000,4807.4000,4807.8000,1,1,2,6,1,4,4,2,1,1
SF,IC2003,2019-12-04 09:31:17.800,4804.6000,37392,-1,506057320.000,1,0,1,双平,S,4804.2000,4804.0000,4803.6000,4802.4000,4802.0000,4805.8000,4806.0000,4806.2000,4807.0000,4807.4000,1,2,6,1,1,1,4,4,2,1
SF,IC2003,2019-12-04 09:31:18.300,4805.8000,37395,3,508940520.000,3,3,0,双开,S,4805.8000,4804.4000,4804.2000,4804.0000,4803.8000,4806.0000,4806.2000,4807.0000,4807.4000,4807.8000,3,1,2,2,2,2,4,2,1,1
SF,IC2003,2019-12-04 09:31:18.800,4805.8000,37395,0,512785200.000,4,2,2,多换,S,4805.2000,4804.2000,4804.0000,4803.8000,4803.6000,4805.6000,4806.2000,4807.0000,4807.4000,4807.8000,4,2,2,2,6,1,4,2,1,1
SF,IC2003,2019-12-04 09:31:19.300,4805.8000,37395,0,515668640.000,3,1,2,多换,S,4805.8000,4805.6000,4805.4000,4805.2000,4804.2000,4806.2000,4807.0000,4807.4000,4807.8000,4808.0000,4,4,1,4,2,3,2,1,1,1
SF,IC2003,2019-12-04 09:31:19.800,4805.6000,37398,3,520474400.000,5,4,1,空开,S,4805.6000,4805.4000,4805.2000,4804.2000,4804.0000,4806.2000,4807.0000,4807.4000,4807.8000,4808.0000,3,1,4,2,2,3,2,1,1,1
SF,IC2003,2019-12-04 09:31:20.300,4806.2000,37398,0,522396880.000,2,1,1,多换,S,4805.6000,4805.4000,4805.2000,4804.2000,4804.0000,4806.2000,4807.4000,4807.8000,4808.0000,4808.6000,3,1,4,2,2,1,1,1,1,1
SF,IC2003,2019-12-04 09:31:20.800,4806.2000,37398,0,523358120.000,1,0,1,多换,S,4806.2000,4805.6000,4805.4000,4805.2000,4804.2000,4807.4000,4807.8000,4808.0000,4808.6000,4808.8000,4,3,1,4,2,1,1,1,1,3
SF,IC2003,2019-12-04 09:31:21.300,4805.6000,37400,2,526241480.000,3,2,1,空开,S,4805.4000,4805.2000,4804.2000,4804.0000,4803.8000,4805.6000,4807.0000,4807.2000,4807.4000,4807.8000,1,4,2,2,2,1,2,5,1,1
SF,IC2003,2019-12-04 09:31:21.800,4805.6000,37400,0,527202600.000,1,0,1,多换,S,4806.2000,4805.8000,4805.6000,4805.4000,4805.2000,4807.4000,4808.0000,4808.6000,4808.8000,4809.2000,1,4,8,2,4,1,1,1,3,1
SF,IC2003,2019-12-04 09:31:22.300,4807.4000,37401,1,531048000.000,4,2,2,空开,S,4807.4000,4805.8000,4805.6000,4805.4000,4805.2000,4808.0000,4808.6000,4808.8000,4809.2000,4809.4000,2,1,7,2,4,1,1,3,1,2
SF,IC2003,2019-12-04 09:31:22.800,4807.4000,37401,0,532970960.000,2,1,1,多换,S,4806.0000,4805.6000,4805.4000,4805.2000,4804.2000,4807.2000,4807.4000,4807.8000,4808.0000,4808.6000,1,4,2,4,1,1,10,1,3,1
SF,IC2003,2019-12-04 09:31:23.300,4806.2000,37400,-1,539699960.000,7,3,4,多平,S,4806.2000,4805.6000,4805.4000,4805.2000,4804.2000,4807.4000,4807.8000,4808.0000,4808.6000,4808.8000,1,4,2,4,1,2,2,3,1,3
SF,IC2003,2019-12-04 09:31:23.800,4805.6000,37400,0,541622320.000,2,1,1,多换,S,4805.6000,4805.4000,4805.2000,4804.2000,4804.0000,4806.0000,4807.4000,4807.8000,4808.0000,4808.6000,3,4,4,1,2,1,1,2,1,2
SF,IC2003,2019-12-04 09:31:24.300,4807.4000,37399,-1,544506240.000,3,1,2,多平,S,4807.2000,4806.2000,4806.0000,4805.8000,4805.6000,4807.8000,4808.0000,4808.6000,4808.8000,4809.2000,1,1,5,2,3,2,1,2,3,2
SF,IC2003,2019-12-04 09:31:24.800,4806.2000,37398,-1,546428920.000,2,0,2,多平,S,4805.8000,4805.6000,4805.4000,4805.2000,4804.2000,4806.2000,4807.0000,4807.2000,4807.8000,4808.0000,1,2,4,4,1,1,2,2,2,1
SF,IC2003,2019-12-04 09:31:25.300,4806.0000,37392,-6,562769840.000,17,5,12,多平,S,4806.0000,4805.8000,4805.6000,4805.4000,4805.2000,4807.2000,4807.8000,4808.0000,4808.6000,4808.8000,1,1,3,3,4,2,1,1,2,3
SF,IC2003,2019-12-04 09:31:25.800,4806.0000,37393,1,563731040.000,1,1,0,双开,S,4806.2000,4806.0000,4805.8000,4805.6000,4805.4000,4808.0000,4808.6000,4808.8000,4809.2000,4809.4000,2,1,1,2,3,1,2,3,2,2
SF,IC2003,2019-12-04 09:31:26.300,4806.0000,37393,0,563731040.000,0,-,-,-,-,4806.2000,4806.0000,4805.8000,4805.6000,4805.4000,4807.8000,4808.0000,4808.6000,4808.8000,4809.2000,2,1,1,2,3,2,1,2,3,2
SF,IC2003,2019-12-04 09:31:26.800,4807.8000,37394,1,566615480.000,3,2,1,空开,S,4807.8000,4807.2000,4806.4000,4806.2000,4805.8000,4808.0000,4808.6000,4808.8000,4809.2000,4809.4000,3,2,2,2,1,1,2,3,2,2
SF,IC2003,2019-12-04 09:31:27.300,4806.2000,37393,-1,574306800.000,8,3,5,多平,S,4805.8000,4805.6000,4805.4000,4805.2000,4805.0000,4807.8000,4808.0000,4808.8000,4809.2000,4809.4000,1,2,3,4,2,1,1,3,2,2
SF,IC2003,2019-12-04 09:31:27.800,4806.0000,37393,0,575268000.000,1,0,1,多换,S,4806.0000,4805.8000,4805.6000,4805.4000,4805.2000,4807.8000,4808.0000,4808.8000,4809.2000,4809.4000,1,1,2,3,4,1,1,3,2,2
SF,IC2003,2019-12-04 09:31:28.300,4807.8000,37392,-1,576229560.000,1,0,1,双平,S,4806.2000,4806.0000,4805.8000,4805.6000,4805.4000,4807.6000,4808.0000,4808.8000,4809.2000,4809.4000,3,1,1,2,3,1,1,3,2,2
SF,IC2003,2019-12-04 09:31:28.800,4807.8000,37392,0,577191120.000,1,0,1,多换,S,4807.8000,4806.4000,4806.2000,4806.0000,4805.8000,4808.0000,4808.8000,4809.0000,4809.2000,4809.4000,3,1,3,1,1,1,3,1,2,2
SF,IC2003,2019-12-04 09:31:29.300,4807.8000,37392,0,580075800.000,3,1,2,多换,S,4806.4000,4806.2000,4806.0000,4805.8000,4805.6000,4807.6000,4807.8000,4808.0000,4808.8000,4809.0000,1,2,1,1,2,2,1,1,3,1
SF,IC2003,2019-12-04 09:31:29.800,4806.6000,37390,-2,582959760.000,3,0,3,多平,S,4806.4000,4806.2000,4806.0000,4805.8000,4805.6000,4807.6000,4808.0000,4808.8000,4809.0000,4809.2000,1,2,1,1,2,2,1,3,1,2
SF,IC2003,2019-12-04 09:31:30.300,4807.6000,37390,0,584882800.000,2,1,1,多换,S,4806.4000,4806.2000,4806.0000,4805.8000,4805.6000,4808.0000,4808.8000,4809.0000,4809.2000,4809.4000,1,2,1,1,2,2,3,1,2,2
SF,IC2003,2019-12-04 09:31:30.800,4806.4000,37390,0,585844080.000,1,0,1,多换,S,4806.2000,4806.0000,4805.8000,4805.6000,4805.4000,4806.4000,4807.8000,4808.0000,4808.8000,4809.0000,2,1,1,2,2,3,1,3,3,1
SF,IC2003,2019-12-04 09:31:31.300,4806.4000,37390,0,588727920.000,3,1,2,多换,S,4806.4000,4806.2000,4806.0000,4805.6000,4805.4000,4808.0000,4808.8000,4809.0000,4809.2000,4809.4000,1,2,1,2,2,3,3,1,3,2
SF,IC2003,2019-12-04 09:31:31.800,4806.2000,37391,1,591611680.000,3,2,1,空开,S,4806.4000,4805.6000,4805.4000,4805.2000,4804.8000,4807.6000,4807.8000,4808.0000,4808.8000,4809.0000,2,2,2,4,1,1,1,3,3,1
SF,IC2003,2019-12-04 09:31:32.300,4806.4000,37391,0,593534240.000,2,1,1,多换,S,4806.6000,4805.6000,4805.4000,4805.2000,4804.8000,4807.4000,4807.6000,4808.0000,4808.8000,4809.0000,1,2,2,4,1,2,1,2,3,1
SF,IC2003,2019-12-04 09:31:32.800,4806.6000,37390,-1,594495560.000,1,0,1,双平,S,4805.6000,4805.4000,4805.2000,4805.0000,4804.8000,4807.4000,4807.6000,4808.0000,4808.8000,4809.0000,2,2,4,1,1,2,1,2,3,1
SF,IC2003,2019-12-04 09:31:33.300,4806.6000,37390,0,594495560.000,0,-,-,-,-,4805.6000,4805.4000,4805.2000,4805.0000,4804.8000,4806.2000,4806.6000,4807.2000,4807.4000,4807.6000,1,2,4,1,1,2,5,1,2,2
SF,IC2003,2019-12-04 09:31:33.800,4807.2000,37390,0,598340800.000,4,2,2,多换,S,4805.6000,4805.4000,4805.2000,4805.0000,4804.8000,4805.8000,4807.4000,4807.6000,4808.0000,4808.8000,1,2,4,1,1,5,1,2,2,3
SF,IC2003,2019-12-04 09:31:34.300,4807.4000,37386,-4,606030320.000,8,2,6,多平,S,4805.8000,4805.4000,4805.2000,4805.0000,4804.8000,4807.6000,4807.8000,4808.0000,4808.8000,4809.0000,3,2,5,1,1,3,1,2,3,1
SF,IC2003,2019-12-04 09:31:34.800,4805.8000,37386,0,608913800.000,3,1,2,多换,S,4805.4000,4805.2000,4805.0000,4804.8000,4804.0000,4805.8000,4807.2000,4807.4000,4807.6000,4807.8000,2,5,1,1,2,1,1,5,3,1
SF,IC2003,2019-12-04 09:31:35.300,4805.8000,37385,-1,609874960.000,1,0,1,双平,S,4806.0000,4805.4000,4805.2000,4805.0000,4804.8000,4807.4000,4807.6000,4807.8000,4808.0000,4808.8000,1,2,5,2,1,2,3,2,3,3
SF,IC2003,2019-12-04 09:31:35.800,4807.2000,37385,0,611797600.000,2,1,1,多换,S,4805.8000,4805.4000,4805.2000,4805.0000,4804.8000,4807.2000,4807.4000,4807.6000,4807.8000,4808.0000,3,2,5,2,1,1,2,3,3,3
SF,IC2003,2019-12-04 09:31:36.300,4807.2000,37386,1,614681920.000,3,2,1,空开,S,4805.8000,4805.4000,4805.2000,4805.0000,4804.8000,4807.0000,4807.2000,4807.4000,4807.6000,4807.8000,3,2,5,2,1,3,3,3,3,3
SF,IC2003,2019-12-04 09:31:36.800,4807.2000,37386,0,614681920.000,0,-,-,-,-,4806.0000,4805.8000,4805.4000,4805.2000,4805.0000,4806.6000,4807.0000,4807.2000,4807.4000,4807.6000,1,3,2,5,2,1,1,1,2,2
SF,IC2003,2019-12-04 09:31:37.300,4806.6000,37385,-1,615643240.000,1,0,1,双平,S,4806.6000,4806.2000,4805.8000,4805.4000,4805.2000,4807.2000,4807.4000,4807.6000,4807.8000,4808.0000,1,1,3,2,5,1,2,1,2,2
SF,IC2003,2019-12-04 09:31:37.800,4807.2000,37385,0,618527480.000,3,1,2,多换,S,4807.2000,4805.8000,4805.4000,4805.2000,4805.0000,4807.4000,4807.6000,4807.8000,4808.0000,4808.8000,1,3,3,5,2,2,1,1,2,3
SF,IC2003,2019-12-04 09:31:38.300,4807.2000,37384,-1,620450360.000,2,0,2,多平,S,4805.8000,4805.4000,4805.2000,4805.0000,4804.8000,4807.0000,4807.4000,4807.6000,4807.8000,4808.0000,3,3,5,2,1,1,1,2,1,2
SF,IC2003,2019-12-04 09:31:38.800,4806.0000,37384,0,621411560.000,1,0,1,多换,S,4805.8000,4805.4000,4805.2000,4805.0000,4804.8000,4807.0000,4807.4000,4807.6000,4807.8000,4808.0000,3,3,5,2,1,2,1,2,1,3
SF,IC2003,2019-12-04 09:31:39.300,4805.8000,37384,0,622372720.000,1,0,1,多换,S,4805.4000,4805.2000,4805.0000,4804.8000,4804.0000,4807.0000,4807.4000,4807.6000,4807.8000,4808.0000,3,5,2,1,2,2,1,2,1,3
SF,IC2003,2019-12-04 09:31:39.800,4805.6000,37384,0,623333840.000,1,0,1,多换,S,4805.4000,4805.2000,4805.0000,4804.8000,4804.0000,4807.0000,4807.4000,4807.6000,4807.8000,4808.0000,3,5,2,1,2,2,2,1,1,3
SF,IC2003,2019-12-04 09:31:40.300,4807.0000,37385,1,624295240.000,1,1,0,双开,S,4807.0000,4805.4000,4805.2000,4805.0000,4804.8000,4807.4000,4807.6000,4807.8000,4808.0000,4808.4000,1,4,5,2,1,2,1,1,3,1
SF,IC2003,2019-12-04 09:31:40.800,4807.0000,37385,0,625256640.000,1,0,1,多换,S,4805.4000,4805.2000,4805.0000,4804.8000,4804.0000,4806.8000,4807.0000,4807.2000,4807.4000,4807.6000,3,5,2,1,2,3,6,2,2,1
SF,IC2003,2019-12-04 09:31:41.300,4805.4000,37385,0,626217720.000,1,0,1,多换,S,4805.4000,4805.2000,4805.0000,4804.0000,4803.6000,4806.6000,4806.8000,4807.0000,4807.4000,4807.6000,2,5,2,2,7,2,3,5,2,1
SF,IC2003,2019-12-04 09:31:41.800,4805.4000,37385,0,626217720.000,0,-,-,-,-,4805.4000,4805.2000,4805.0000,4804.0000,4803.6000,4806.6000,4806.8000,4807.0000,4807.4000,4807.6000,2,5,2,2,7,1,2,4,2,1
SF,IC2003,2019-12-04 09:31:42.300,4805.4000,37385,0,626217720.000,0,-,-,-,-,4805.4000,4805.2000,4805.0000,4804.0000,4803.6000,4806.6000,4806.8000,4807.0000,4807.4000,4807.6000,3,5,2,2,7,2,2,4,2,1
SF,IC2003,2019-12-04 09:31:42.800,4806.6000,37385,0,628140360.000,2,1,1,多换,S,4806.6000,4805.4000,4805.2000,4805.0000,4804.0000,4806.8000,4807.0000,4807.2000,4807.4000,4807.6000,2,3,5,2,2,2,4,1,2,1
SF,IC2003,2019-12-04 09:31:43.300,4806.6000,37385,0,631985640.000,4,2,2,多换,S,4805.4000,4805.2000,4805.0000,4804.0000,4803.6000,4806.0000,4806.4000,4806.6000,4806.8000,4807.2000,3,5,2,2,7,10,2,11,2,1
SF,IC2003,2019-12-04 09:31:43.800,4806.6000,37386,1,632946960.000,1,1,0,双开,S,4805.4000,4805.2000,4805.0000,4804.0000,4803.6000,4806.0000,4806.4000,4806.6000,4806.8000,4807.2000,3,5,2,2,7,9,2,9,2,1
SF,IC2003,2019-12-04 09:31:44.300,4806.6000,37386,0,632946960.000,0,-,-,-,-,4805.4000,4805.2000,4805.0000,4804.0000,4803.6000,4806.0000,4806.6000,4806.8000,4807.2000,4807.4000,3,6,2,2,7,9,8,2,1,2
SF,IC2003,2019-12-04 09:31:44.800,4805.4000,37386,0,634869120.000,2,1,1,多换,S,4805.4000,4805.2000,4805.0000,4804.8000,4804.0000,4806.0000,4806.6000,4806.8000,4807.2000,4807.4000,1,5,2,1,2,9,9,2,1,1
SF,IC2003,2019-12-04 09:31:45.300,4805.4000,37386,0,634869120.000,0,-,-,-,-,4805.8000,4805.4000,4805.2000,4805.0000,4804.0000,4806.0000,4806.6000,4806.8000,4807.2000,4807.4000,1,2,5,2,2,9,9,2,1,1
SF,IC2003,2019-12-04 09:31:45.800,4806.0000,37386,0,636791520.000,2,1,1,多换,S,4805.4000,4805.2000,4805.0000,4804.0000,4803.6000,4805.8000,4806.0000,4806.6000,4806.8000,4807.2000,2,5,2,2,7,3,8,4,2,1
SF,IC2003,2019-12-04 09:31:46.300,4805.4000,37386,0,638713680.000,2,1,1,多换,S,4805.2000,4805.0000,4804.0000,4803.6000,4802.4000,4805.4000,4805.6000,4806.0000,4806.4000,4806.6000,5,5,2,7,1,1,2,8,1,4
SF,IC2003,2019-12-04 09:31:46.800,4806.0000,37383,-3,642558200.000,4,0,4,多平,S,4805.4000,4805.2000,4805.0000,4804.0000,4803.6000,4806.0000,4806.4000,4806.6000,4806.8000,4807.2000,3,5,5,2,7,7,1,4,2,1
SF,IC2003,2019-12-04 09:31:47.300,4806.0000,37383,0,645441800.000,3,1,2,多换,S,4805.4000,4805.2000,4805.0000,4804.0000,4803.6000,4806.0000,4806.4000,4806.6000,4806.8000,4807.0000,5,5,5,2,7,4,1,4,1,1
SF,IC2003,2019-12-04 09:31:47.800,4806.0000,37383,0,648325400.000,3,1,2,多换,S,4805.6000,4805.4000,4805.2000,4805.0000,4804.0000,4806.0000,4806.4000,4806.8000,4807.0000,4807.2000,1,3,5,5,2,1,1,1,1,1
SF,IC2003,2019-12-04 09:31:48.300,4806.0000,37383,0,649286600.000,1,0,1,多换,S,4805.6000,4805.4000,4805.2000,4805.0000,4804.0000,4806.4000,4806.8000,4807.0000,4807.2000,4807.4000,1,3,5,5,2,1,1,1,1,1
SF,IC2003,2019-12-04 09:31:48.800,4806.0000,37383,0,649286600.000,0,-,-,-,-,4806.0000,4805.6000,4805.4000,4805.2000,4805.0000,4806.4000,4806.8000,4807.2000,4807.4000,4807.6000,2,1,3,5,5,1,1,1,1,1
SF,IC2003,2019-12-04 09:31:49.300,4806.4000,37383,0,651209160.000,2,1,1,多换,S,4806.4000,4806.0000,4805.6000,4805.4000,4805.2000,4806.8000,4807.2000,4807.4000,4807.6000,4808.0000,8,2,1,1,5,1,1,1,1,3
SF,IC2003,2019-12-04 09:31:49.800,4806.4000,37383,0,651209160.000,0,-,-,-,-,4806.4000,4806.0000,4805.6000,4805.4000,4805.2000,4806.8000,4807.2000,4807.4000,4807.6000,4808.0000,7,2,1,1,5,1,1,1,1,3
SF,IC2003,2019-12-04 09:31:50.300,4806.4000,37388,5,659860760.000,9,7,2,空开,S,4806.0000,4805.6000,4805.4000,4805.2000,4805.0000,4806.2000,4807.2000,4807.4000,4807.6000,4808.0000,1,1,1,5,5,3,1,1,1,3
SF,IC2003,2019-12-04 09:31:50.800,4806.0000,37389,1,662744520.000,3,2,1,空开,S,4805.6000,4805.4000,4805.2000,4805.0000,4804.0000,4805.8000,4806.0000,4806.2000,4807.2000,4807.4000,1,1,5,5,2,1,3,1,1,1
SF,IC2003,2019-12-04 09:31:51.300,4805.6000,37389,0,663705640.000,1,0,1,多换,S,4805.4000,4805.2000,4805.0000,4804.0000,4803.6000,4805.8000,4806.0000,4806.2000,4807.2000,4807.4000,1,5,5,2,7,1,1,1,1,1
SF,IC2003,2019-12-04 09:31:51.800,4805.8000,37389,0,664666800.000,1,0,1,多换,S,4805.6000,4805.4000,4805.2000,4805.0000,4804.0000,4806.0000,4806.2000,4807.2000,4807.4000,4807.6000,1,1,5,5,2,1,1,1,1,3
SF,IC2003,2019-12-04 09:31:52.300,4805.6000,37389,0,665627920.000,1,0,1,多换,S,4805.4000,4805.2000,4805.0000,4804.0000,4803.6000,4806.0000,4806.2000,4807.2000,4807.4000,4807.6000,1,5,5,2,7,1,1,1,1,3
SF,IC2003,2019-12-04 09:31:52.800,4805.6000,37389,0,665627920.000,0,-,-,-,-,4805.8000,4805.4000,4805.2000,4805.0000,4804.0000,4806.0000,4806.2000,4807.2000,4807.4000,4807.6000,1,1,5,5,2,1,1,1,1,3
SF,IC2003,2019-12-04 09:31:53.300,4806.0000,37389,0,666589120.000,1,0,1,多换,S,4806.0000,4805.8000,4805.4000,4805.2000,4805.0000,4806.2000,4807.2000,4807.4000,4807.6000,4808.0000,1,1,1,6,5,1,1,1,3,3
SF,IC2003,2019-12-04 09:31:53.800,4806.0000,37389,0,667550320.000,1,0,1,多换,S,4805.8000,4805.4000,4805.2000,4805.0000,4804.0000,4806.2000,4807.2000,4807.4000,4807.6000,4808.0000,1,1,6,5,2,1,1,1,3,3
SF,IC2003,2019-12-04 09:31:54.300,4805.8000,37389,0,668511480.000,1,0,1,多换,S,4805.4000,4805.2000,4805.0000,4804.0000,4803.6000,4805.8000,4806.2000,4807.2000,4807.4000,4807.6000,1,6,5,2,7,2,1,1,1,3
SF,IC2003,2019-12-04 09:31:54.800,4806.2000,37390,1,671395040.000,3,2,1,空开,S,4806.2000,4805.2000,4805.0000,4804.0000,4803.6000,4807.2000,4807.4000,4807.6000,4807.8000,4808.0000,2,6,5,2,7,1,1,3,1,3
SF,IC2003,2019-12-04 09:31:55.300,4806.2000,37390,0,671395040.000,0,-,-,-,-,4806.2000,4805.2000,4805.0000,4804.0000,4803.6000,4807.0000,4807.2000,4807.4000,4807.6000,4807.8000,2,6,5,2,7,2,1,1,3,1
SF,IC2003,2019-12-04 09:31:55.800,4806.2000,37392,2,678124080.000,7,4,3,空开,S,4805.8000,4805.2000,4805.0000,4804.0000,4803.6000,4807.0000,4807.2000,4807.4000,4807.6000,4807.8000,2,6,5,2,7,2,1,1,3,1
SF,IC2003,2019-12-04 09:31:57.300,4807.0000,37393,1,681008040.000,3,2,1,空开,S,4805.8000,4805.2000,4805.0000,4804.0000,4803.6000,4807.2000,4807.4000,4807.6000,4807.8000,4808.0000,1,6,5,2,7,1,1,2,1,3
SF,IC2003,2019-12-04 09:31:57.800,4807.0000,37393,0,681969440.000,1,0,1,多换,S,4807.0000,4805.8000,4805.2000,4805.0000,4804.0000,4807.2000,4807.4000,4807.6000,4807.8000,4808.0000,1,2,6,5,2,1,1,2,1,3
SF,IC2003,2019-12-04 09:31:58.300,4805.8000,37393,0,683892000.000,2,1,1,多换,S,4805.8000,4805.6000,4805.2000,4805.0000,4804.0000,4806.8000,4807.0000,4807.2000,4807.6000,4807.8000,1,1,6,5,2,2,3,1,2,1
SF,IC2003,2019-12-04 09:31:58.800,4805.8000,37393,0,683892000.000,0,-,-,-,-,4805.8000,4805.6000,4805.2000,4805.0000,4804.0000,4806.8000,4807.0000,4807.2000,4807.6000,4807.8000,1,1,6,5,2,2,2,1,2,1
SF,IC2003,2019-12-04 09:31:59.300,4805.8000,37394,1,684853160.000,1,1,0,双开,S,4805.6000,4805.2000,4805.0000,4804.0000,4803.6000,4806.8000,4807.0000,4807.2000,4807.6000,4807.8000,2,6,5,2,7,2,3,1,2,1
SF,IC2003,2019-12-04 09:31:59.800,4805.8000,37394,0,684853160.000,0,-,-,-,-,4805.6000,4805.2000,4805.0000,4804.0000,4803.6000,4806.8000,4807.0000,4807.2000,4807.6000,4807.8000,2,6,5,2,7,3,3,1,2,1
SF,IC2003,2019-12-04 09:32:00.300,4805.8000,37394,0,684853160.000,0,-,-,-,-,4806.0000,4805.6000,4805.2000,4805.0000,4804.0000,4806.8000,4807.0000,4807.2000,4807.6000,4807.8000,1,2,6,5,2,2,3,1,2,1
SF,IC2003,2019-12-04 09:32:00.800,4806.0000,37394,0,685814360.000,1,0,1,多换,S,4805.6000,4805.2000,4805.0000,4804.0000,4803.6000,4805.8000,4806.8000,4807.0000,4807.2000,4807.6000,2,6,5,2,7,1,2,2,1,1
SF,IC2003,2019-12-04 09:32:01.300,4805.8000,37393,-1,686775520.000,1,0,1,双平,S,4805.6000,4805.2000,4805.0000,4804.0000,4803.6000,4806.8000,4807.0000,4807.2000,4807.6000,4807.8000,2,6,5,2,7,2,2,1,1,1
SF,IC2003,2019-12-04 09:32:01.800,4806.8000,37393,0,688698240.000,2,1,1,多换,S,4806.8000,4805.8000,4805.6000,4805.2000,4805.0000,4807.0000,4807.2000,4807.6000,4807.8000,4808.0000,2,4,2,6,5,2,1,1,1,3
SF,IC2003,2019-12-04 09:32:02.300,4806.8000,37392,-1,691582320.000,3,1,2,多平,S,4805.8000,4805.6000,4805.2000,4805.0000,4804.0000,4806.6000,4807.0000,4807.2000,4807.6000,4807.8000,4,2,6,5,2,2,1,1,1,1
SF,IC2003,2019-12-04 09:32:02.800,4806.6000,37392,0,692543640.000,1,0,1,多换,S,4805.8000,4805.6000,4805.2000,4805.0000,4804.0000,4806.6000,4807.2000,4807.6000,4807.8000,4808.0000,1,2,6,5,2,1,1,1,1,3
SF,IC2003,2019-12-04 09:32:03.300,4805.8000,37391,-1,693504800.000,1,0,1,双平,S,4805.6000,4805.2000,4805.0000,4804.0000,4803.6000,4806.6000,4807.2000,4807.6000,4807.8000,4808.0000,2,6,5,2,7,1,1,1,1,3
SF,IC2003,2019-12-04 09:32:03.800,4806.6000,37391,0,694466120.000,1,0,1,多换,S,4805.6000,4805.2000,4805.0000,4804.0000,4803.6000,4807.2000,4807.6000,4807.8000,4808.0000,4808.8000,3,6,6,2,7,1,1,1,3,3
SF,IC2003,2019-12-04 09:32:04.300,4805.6000,37392,1,695427240.000,1,1,0,双开,S,4805.6000,4805.2000,4805.0000,4804.0000,4803.6000,4807.0000,4807.2000,4807.6000,4807.8000,4808.0000,2,6,6,2,7,1,2,1,1,3
SF,IC2003,2019-12-04 09:32:04.800,4805.6000,37392,0,695427240.000,0,-,-,-,-,4806.6000,4805.6000,4805.2000,4805.0000,4804.0000,4807.2000,4807.6000,4807.8000,4808.0000,4808.8000,2,2,2,6,2,2,1,1,3,3
SF,IC2003,2019-12-04 09:32:05.300,4806.6000,37393,1,697349840.000,2,1,1,空开,S,4805.6000,4805.2000,4805.0000,4804.0000,4803.6000,4806.4000,4806.6000,4807.2000,4807.6000,4807.8000,1,2,6,2,7,2,1,2,1,1
SF,IC2003,2019-12-04 09:32:05.800,4805.6000,37394,1,698310960.000,1,1,0,双开,S,4805.2000,4805.0000,4804.0000,4803.6000,4802.4000,4806.4000,4806.6000,4807.2000,4807.6000,4807.8000,2,6,2,7,1,2,1,2,1,1
SF,IC2003,2019-12-04 09:32:06.300,4805.6000,37394,0,698310960.000,0,-,-,-,-,4805.2000,4805.0000,4804.0000,4803.6000,4802.4000,4805.6000,4806.6000,4807.2000,4807.6000,4807.8000,3,6,2,7,1,1,1,2,1,1
SF,IC2003,2019-12-04 09:32:06.800,4805.6000,37393,-1,699272080.000,1,0,1,双平,S,4805.8000,4805.6000,4805.2000,4805.0000,4804.0000,4807.2000,4807.6000,4807.8000,4808.0000,4808.8000,2,6,3,6,2,1,1,1,3,3
SF,IC2003,2019-12-04 09:32:07.300,4805.6000,37393,0,699272080.000,0,-,-,-,-,4805.8000,4805.6000,4805.2000,4805.0000,4804.0000,4807.2000,4807.6000,4807.8000,4808.0000,4808.8000,2,5,2,6,2,1,1,1,3,3
SF,IC2003,2019-12-04 09:32:07.800,4807.2000,37393,0,701194800.000,2,1,1,多换,S,4805.8000,4805.6000,4805.2000,4805.0000,4804.0000,4806.8000,4807.0000,4807.6000,4807.8000,4808.0000,1,5,2,6,2,1,1,1,1,3
SF,IC2003,2019-12-04 09:32:08.300,4807.0000,37393,0,702156200.000,1,0,1,多换,S,4805.8000,4805.6000,4805.2000,4805.0000,4804.0000,4807.0000,4807.2000,4807.6000,4808.0000,4808.8000,1,2,2,6,2,1,1,1,3,3
SF,IC2003,2019-12-04 09:32:08.800,4807.0000,37393,0,702156200.000,0,-,-,-,-,4805.8000,4805.6000,4805.2000,4805.0000,4804.0000,4807.0000,4807.2000,4807.6000,4808.0000,4808.8000,1,2,2,6,2,2,1,1,3,3
SF,IC2003,2019-12-04 09:32:09.300,4807.0000,37393,0,702156200.000,0,-,-,-,-,4805.8000,4805.6000,4805.2000,4805.0000,4804.8000,4807.0000,4807.2000,4807.4000,4807.6000,4808.0000,1,2,2,6,1,2,1,1,1,3
SF,IC2003,2019-12-04 09:32:09.800,4805.8000,37393,0,703117360.000,1,0,1,多换,S,4805.6000,4805.2000,4805.0000,4804.8000,4804.0000,4805.8000,4807.0000,4807.2000,4807.4000,4807.6000,2,2,6,1,2,2,2,1,1,1
SF,IC2003,2019-12-04 09:32:10.300,4807.0000,37393,0,706001080.000,3,1,2,多换,S,4806.2000,4806.0000,4805.8000,4805.6000,4805.2000,4807.0000,4807.2000,4807.6000,4807.8000,4808.0000,1,4,5,3,2,1,1,1,1,3
SF,IC2003,2019-12-04 09:32:10.800,4807.0000,37393,0,706001080.000,0,-,-,-,-,4806.0000,4805.8000,4805.6000,4805.2000,4805.0000,4806.4000,4807.0000,4807.2000,4807.6000,4808.0000,2,2,2,3,6,1,1,1,1,3
SF,IC2003,2019-12-04 09:32:11.300,4806.0000,37386,-7,712729680.000,7,0,7,双平,S,4805.8000,4805.6000,4805.2000,4805.0000,4804.8000,4807.0000,4807.2000,4807.6000,4808.0000,4808.8000,1,2,3,6,1,1,1,1,3,3
SF,IC2003,2019-12-04 09:32:11.800,4807.0000,37386,0,713691080.000,1,0,1,多换,S,4806.0000,4805.8000,4805.6000,4805.2000,4805.0000,4807.2000,4807.6000,4808.0000,4808.8000,4809.2000,1,2,2,3,6,1,1,3,3,3
SF,IC2003,2019-12-04 09:32:12.300,4807.0000,37386,0,713691080.000,0,-,-,-,-,4807.0000,4806.0000,4805.8000,4805.6000,4805.2000,4807.2000,4807.6000,4808.0000,4808.8000,4809.2000,1,1,2,2,3,1,1,3,3,3
SF,IC2003,2019-12-04 09:32:12.800,4807.0000,37386,0,714652480.000,1,0,1,多换,S,4806.0000,4805.8000,4805.6000,4805.2000,4805.0000,4807.0000,4807.2000,4807.6000,4808.0000,4808.8000,1,2,2,3,6,1,2,1,3,3
SF,IC2003,2019-12-04 09:32:13.300,4807.0000,37386,0,714652480.000,0,-,-,-,-,4806.0000,4805.8000,4805.6000,4805.2000,4805.0000,4807.0000,4807.2000,4807.6000,4808.0000,4808.8000,1,2,2,3,6,1,1,1,3,3
SF,IC2003,2019-12-04 09:32:13.800,4807.0000,37386,0,714652480.000,0,-,-,-,-,4806.0000,4805.8000,4805.6000,4805.2000,4805.0000,4807.0000,4807.2000,4807.6000,4808.0000,4808.8000,2,2,2,3,6,1,1,1,3,3
SF,IC2003,2019-12-04 09:32:14.300,4807.0000,37386,0,714652480.000,0,-,-,-,-,4806.0000,4805.8000,4805.6000,4805.2000,4805.0000,4807.0000,4807.2000,4807.6000,4808.0000,4808.8000,2,2,2,3,6,2,1,1,3,3
SF,IC2003,2019-12-04 09:32:14.800,4807.0000,37386,0,714652480.000,0,-,-,-,-,4806.0000,4805.8000,4805.6000,4805.2000,4805.0000,4807.0000,4807.2000,4807.6000,4807.8000,4808.0000,2,2,2,4,6,2,1,1,1,3
SF,IC2003,2019-12-04 09:32:15.300,4807.0000,37386,0,714652480.000,0,-,-,-,-,4806.2000,4806.0000,4805.8000,4805.2000,4805.0000,4807.0000,4807.2000,4807.6000,4807.8000,4808.0000,1,2,2,4,6,2,1,1,1,3
SF,IC2003,2019-12-04 09:32:15.800,4807.0000,37386,0,714652480.000,0,-,-,-,-,4806.2000,4806.0000,4805.8000,4805.2000,4805.0000,4807.0000,4807.2000,4807.6000,4807.8000,4808.0000,1,2,2,4,6,2,1,1,1,3
SF,IC2003,2019-12-04 09:32:16.300,4807.0000,37386,0,717536520.000,3,1,2,多换,S,4807.0000,4806.0000,4805.8000,4805.2000,4805.0000,4807.2000,4807.6000,4807.8000,4808.0000,4808.8000,3,1,2,4,6,1,1,1,3,3
SF,IC2003,2019-12-04 09:32:16.800,4807.0000,37386,0,720420720.000,3,1,2,多换,S,4806.0000,4805.8000,4805.2000,4805.0000,4804.8000,4806.8000,4807.0000,4807.2000,4807.6000,4807.8000,1,2,4,6,1,4,5,1,1,1
SF,IC2003,2019-12-04 09:32:17.300,4806.0000,37386,0,721381920.000,1,0,1,多换,S,4805.8000,4805.2000,4805.0000,4804.8000,4804.0000,4806.8000,4807.0000,4807.2000,4807.6000,4807.8000,2,4,6,1,2,6,2,1,1,1
SF,IC2003,2019-12-04 09:32:17.800,4805.8000,37386,0,722343080.000,1,0,1,多换,S,4805.8000,4805.2000,4805.0000,4804.8000,4804.0000,4806.4000,4806.8000,4807.0000,4807.2000,4807.6000,1,4,6,1,2,1,6,2,1,1
SF,IC2003,2019-12-04 09:32:18.300,4806.8000,37386,0,724265720.000,2,1,1,多换,S,4805.8000,4805.2000,4805.0000,4804.8000,4804.0000,4806.8000,4807.0000,4807.2000,4807.6000,4807.8000,1,4,6,1,2,5,2,1,1,1
SF,IC2003,2019-12-04 09:32:18.800,4806.8000,37386,0,724265720.000,0,-,-,-,-,4805.8000,4805.2000,4805.0000,4804.8000,4804.0000,4806.8000,4807.0000,4807.2000,4807.6000,4807.8000,1,4,6,1,2,3,2,1,1,1
SF,IC2003,2019-12-04 09:32:19.300,4806.8000,37386,0,724265720.000,0,-,-,-,-,4805.8000,4805.2000,4805.0000,4804.8000,4804.0000,4806.6000,4806.8000,4807.0000,4807.2000,4807.6000,1,4,6,1,2,1,3,1,1,1
SF,IC2003,2019-12-04 09:32:19.800,4806.8000,37386,0,726188440.000,2,1,1,多换,S,4805.8000,4805.2000,4805.0000,4804.8000,4804.0000,4806.8000,4807.0000,4807.2000,4807.6000,4807.8000,1,4,6,1,2,2,1,1,1,1
SF,IC2003,2019-12-04 09:32:20.800,4806.8000,37386,0,728111160.000,2,1,1,多换,S,4805.8000,4805.2000,4805.0000,4804.8000,4804.0000,4807.0000,4807.2000,4807.6000,4807.8000,4808.0000,1,4,6,1,2,1,1,1,1,3
SF,IC2003,2019-12-04 09:32:21.300,4806.8000,37386,0,728111160.000,0,-,-,-,-,4805.8000,4805.2000,4805.0000,4804.8000,4804.0000,4806.6000,4807.0000,4807.2000,4807.6000,4807.8000,1,4,6,1,2,1,1,1,1,1
SF,IC2003,2019-12-04 09:32:21.800,4807.0000,37385,-1,730033880.000,2,0,2,多平,S,4807.0000,4805.8000,4805.2000,4805.0000,4804.8000,4807.2000,4807.6000,4807.8000,4808.0000,4808.8000,1,1,5,6,1,1,1,2,3,3
SF,IC2003,2019-12-04 09:32:22.300,4807.0000,37385,0,730995280.000,1,0,1,多换,S,4805.8000,4805.2000,4805.0000,4804.8000,4804.0000,4806.8000,4807.0000,4807.2000,4807.6000,4807.8000,1,5,6,1,2,1,5,1,1,2
SF,IC2003,2019-12-04 09:32:22.800,4807.0000,37385,0,730995280.000,0,-,-,-,-,4806.0000,4805.8000,4805.2000,4805.0000,4804.8000,4806.8000,4807.0000,4807.2000,4807.6000,4807.8000,1,1,5,6,1,1,3,1,1,2
SF,IC2003,2019-12-04 09:32:23.300,4807.0000,37385,0,732918080.000,2,1,1,多换,S,4806.0000,4805.8000,4805.2000,4805.0000,4804.8000,4807.0000,4807.2000,4807.6000,4807.8000,4808.0000,1,2,5,6,1,1,1,1,2,3
SF,IC2003,2019-12-04 09:32:23.800,4806.0000,37384,-1,733879280.000,1,0,1,双平,S,4805.8000,4805.2000,4805.0000,4804.0000,4803.6000,4806.8000,4807.0000,4807.2000,4807.6000,4807.8000,2,5,6,2,7,1,2,1,2,2
SF,IC2003,2019-12-04 09:32:24.300,4806.0000,37384,0,733879280.000,0,-,-,-,-,4805.8000,4805.2000,4805.0000,4804.0000,4803.6000,4806.6000,4806.8000,4807.0000,4807.2000,4807.6000,2,5,6,2,7,1,1,1,1,2
SF,IC2003,2019-12-04 09:32:24.800,4806.0000,37384,0,733879280.000,0,-,-,-,-,4805.8000,4805.2000,4805.0000,4804.0000,4803.6000,4806.0000,4806.6000,4807.0000,4807.2000,4807.6000,2,5,6,2,7,2,2,1,1,1
SF,IC2003,2019-12-04 09:32:25.300,4806.6000,37382,-2,737724320.000,4,1,3,多平,S,4806.0000,4805.8000,4805.2000,4805.0000,4804.0000,4807.2000,4807.6000,4807.8000,4808.0000,4808.8000,3,2,5,6,2,1,1,2,3,3
SF,IC2003,2019-12-04 09:32:25.800,4806.6000,37382,0,737724320.000,0,-,-,-,-,4805.8000,4805.2000,4805.0000,4804.0000,4803.6000,4806.0000,4807.2000,4807.6000,4807.8000,4808.0000,2,5,6,2,7,1,2,1,2,3
SF,IC2003,2019-12-04 09:32:26.300,4806.0000,37381,-1,738685520.000,1,0,1,双平,S,4806.2000,4806.0000,4805.8000,4805.2000,4805.0000,4807.2000,4807.6000,4807.8000,4808.0000,4808.8000,1,2,2,5,6,2,1,2,3,3
SF,IC2003,2019-12-04 09:32:26.800,4806.0000,37381,0,738685520.000,0,-,-,-,-,4805.8000,4805.2000,4805.0000,4804.0000,4803.6000,4807.2000,4807.6000,4807.8000,4808.0000,4808.8000,2,5,6,2,7,2,1,2,3,3
SF,IC2003,2019-12-04 09:32:27.300,4806.0000,37381,0,738685520.000,0,-,-,-,-,4806.0000,4805.8000,4805.2000,4805.0000,4804.0000,4807.2000,4807.8000,4808.0000,4808.8000,4809.2000,2,2,5,6,2,2,2,3,3,1
SF,IC2003,2019-12-04 09:32:27.800,4806.0000,37381,0,738685520.000,0,-,-,-,-,4806.0000,4805.8000,4805.2000,4805.0000,4804.0000,4806.8000,4807.2000,4807.8000,4808.0000,4808.4000,2,3,5,6,2,1,2,2,3,1
SF,IC2003,2019-12-04 09:32:28.300,4806.0000,37381,0,740607920.000,2,1,1,多换,S,4805.8000,4805.2000,4805.0000,4804.0000,4803.6000,4806.8000,4807.2000,4807.8000,4808.0000,4808.4000,3,5,6,2,7,1,2,2,3,1
SF,IC2003,2019-12-04 09:32:28.800,4807.2000,37381,0,743492160.000,3,1,2,多换,S,4805.8000,4805.2000,4805.0000,4804.0000,4803.6000,4807.8000,4808.0000,4808.4000,4808.8000,4809.2000,3,5,6,2,7,2,3,1,3,1
SF,IC2003,2019-12-04 09:32:29.300,4807.2000,37381,0,743492160.000,0,-,-,-,-,4805.8000,4805.2000,4805.0000,4804.0000,4803.6000,4807.2000,4807.4000,4807.6000,4807.8000,4808.0000,3,5,6,2,7,1,2,6,2,3
SF,IC2003,2019-12-04 09:32:29.800,4805.8000,37381,0,744453320.000,1,0,1,多换,S,4805.8000,4805.2000,4805.0000,4804.0000,4803.6000,4807.0000,4807.2000,4807.4000,4807.6000,4807.8000,2,5,6,2,7,1,2,2,4,2
SF,IC2003,2019-12-04 09:32:30.300,4805.8000,37381,0,744453320.000,0,-,-,-,-,4805.8000,4805.2000,4805.0000,4804.0000,4803.6000,4807.0000,4807.2000,4807.4000,4807.6000,4807.8000,2,5,6,2,7,1,3,2,4,2
SF,IC2003,2019-12-04 09:32:30.800,4805.8000,37381,0,744453320.000,0,-,-,-,-,4805.8000,4805.2000,4805.0000,4804.0000,4803.6000,4806.8000,4807.0000,4807.2000,4807.4000,4807.6000,2,5,6,2,7,1,1,3,2,4
SF,IC2003,2019-12-04 09:32:31.300,4805.8000,37381,0,745414480.000,1,0,1,多换,S,4805.8000,4805.2000,4805.0000,4804.0000,4803.6000,4807.0000,4807.2000,4807.4000,4807.6000,4807.8000,1,5,6,2,7,1,3,2,4,4
SF,IC2003,2019-12-04 09:32:31.800,4805.8000,37381,0,745414480.000,0,-,-,-,-,4805.8000,4805.2000,4805.0000,4804.0000,4803.6000,4806.6000,4807.0000,4807.2000,4807.4000,4807.6000,2,5,6,7,7,1,1,3,2,5
SF,IC2003,2019-12-04 09:32:32.300,4805.8000,37381,0,745414480.000,0,-,-,-,-,4805.8000,4805.2000,4805.0000,4804.0000,4803.6000,4806.6000,4806.8000,4807.0000,4807.2000,4807.4000,2,5,6,7,7,1,1,1,3,2
SF,IC2003,2019-12-04 09:32:32.800,4805.8000,37381,0,745414480.000,0,-,-,-,-,4805.8000,4805.2000,4805.0000,4804.0000,4803.6000,4806.6000,4806.8000,4807.0000,4807.2000,4807.4000,2,5,6,7,7,1,1,1,2,2
SF,IC2003,2019-12-04 09:32:33.800,4805.8000,37381,0,746375640.000,1,0,1,多换,S,4805.8000,4805.2000,4805.0000,4804.0000,4803.6000,4806.6000,4806.8000,4807.0000,4807.2000,4807.4000,1,5,6,7,7,1,1,1,2,1
SF,IC2003,2019-12-04 09:32:34.300,4805.8000,37381,0,746375640.000,0,-,-,-,-,4805.8000,4805.2000,4805.0000,4804.0000,4803.6000,4806.4000,4806.6000,4806.8000,4807.0000,4807.2000,2,5,6,7,7,1,1,1,1,2
SF,IC2003,2019-12-04 09:32:34.800,4806.4000,37380,-1,747336920.000,1,0,1,双平,S,4806.4000,4805.8000,4805.2000,4805.0000,4804.0000,4806.6000,4806.8000,4807.0000,4807.2000,4807.6000,3,2,5,6,7,1,1,1,2,4
SF,IC2003,2019-12-04 09:32:35.300,4806.4000,37378,-2,749259480.000,2,0,2,双平,S,4805.8000,4805.2000,4805.0000,4804.0000,4803.6000,4806.6000,4806.8000,4807.0000,4807.2000,4807.6000,2,5,6,7,7,1,1,1,2,4
SF,IC2003,2019-12-04 09:32:35.800,4806.6000,37379,1,751182120.000,2,1,1,空开,S,4805.8000,4805.2000,4805.0000,4804.0000,4803.6000,4806.8000,4807.0000,4807.2000,4807.6000,4807.8000,2,5,6,7,7,1,1,2,2,2
SF,IC2003,2019-12-04 09:32:36.300,4806.6000,37379,0,751182120.000,0,-,-,-,-,4805.8000,4805.2000,4805.0000,4804.0000,4803.6000,4806.6000,4806.8000,4807.2000,4807.6000,4807.8000,2,5,6,7,7,1,1,2,2,2
SF,IC2003,2019-12-04 09:32:36.800,4805.8000,37379,0,752143280.000,1,0,1,多换,S,4805.8000,4805.2000,4805.0000,4804.0000,4803.6000,4806.6000,4806.8000,4807.2000,4807.6000,4807.8000,1,5,6,7,7,1,1,2,2,2
SF,IC2003,2019-12-04 09:32:38.800,4805.8000,37379,0,752143280.000,0,-,-,-,-,4805.8000,4805.2000,4805.0000,4804.0000,4803.6000,4806.6000,4807.2000,4807.6000,4807.8000,4808.0000,1,5,6,7,7,1,2,2,2,22
SF,IC2003,2019-12-04 09:32:39.300,4805.8000,37379,0,752143280.000,0,-,-,-,-,4805.8000,4805.2000,4805.0000,4804.0000,4803.6000,4806.4000,4806.6000,4807.2000,4807.6000,4807.8000,1,5,6,7,7,1,1,2,2,2
SF,IC2003,2019-12-04 09:32:39.800,4806.4000,37379,0,754065720.000,2,1,1,多换,S,4805.2000,4805.0000,4804.0000,4803.6000,4802.4000,4806.6000,4807.2000,4807.6000,4807.8000,4808.0000,5,6,7,7,1,1,2,2,2,22
SF,IC2003,2019-12-04 09:32:40.300,4806.4000,37379,0,754065720.000,0,-,-,-,-,4805.8000,4805.4000,4805.2000,4805.0000,4804.0000,4806.0000,4806.6000,4807.2000,4807.6000,4807.8000,1,1,5,6,7,1,1,2,2,1
SF,IC2003,2019-12-04 09:32:40.800,4806.0000,37378,-1,755026920.000,1,0,1,双平,S,4806.0000,4805.8000,4805.2000,4805.0000,4804.0000,4806.6000,4807.2000,4807.6000,4807.8000,4808.0000,1,2,5,6,7,1,2,2,1,22
SF,IC2003,2019-12-04 09:32:41.300,4806.0000,37378,0,755988120.000,1,0,1,多换,S,4805.8000,4805.2000,4805.0000,4804.0000,4803.6000,4806.6000,4807.2000,4807.6000,4807.8000,4808.0000,2,5,6,7,7,1,2,2,1,22
SF,IC2003,2019-12-04 09:32:41.800,4806.0000,37378,0,755988120.000,0,-,-,-,-,4806.4000,4805.8000,4805.2000,4805.0000,4804.0000,4806.6000,4807.2000,4807.6000,4807.8000,4808.0000,1,2,5,6,7,1,2,3,1,22
SF,IC2003,2019-12-04 09:32:42.300,4806.4000,37378,0,756949400.000,1,0,1,多换,S,4805.8000,4805.2000,4805.0000,4804.0000,4803.6000,4806.6000,4807.2000,4807.6000,4807.8000,4808.0000,2,5,6,7,7,1,2,2,1,22
SF,IC2003,2019-12-04 09:32:42.800,4806.4000,37378,0,756949400.000,0,-,-,-,-,4805.8000,4805.2000,4805.0000,4804.0000,4803.6000,4806.6000,4807.2000,4807.6000,4807.8000,4808.0000,2,5,6,7,7,1,2,2,1,22
SF,IC2003,2019-12-04 09:32:43.300,4806.0000,37377,-1,757910600.000,1,0,1,双平,S,4805.8000,4805.2000,4805.0000,4804.0000,4803.6000,4806.6000,4807.2000,4807.6000,4807.8000,4808.0000,2,5,7,7,7,1,2,1,1,22
SF,IC2003,2019-12-04 09:32:45.300,4806.0000,37377,0,757910600.000,0,-,-,-,-,4805.8000,4805.2000,4805.0000,4804.0000,4803.6000,4806.6000,4807.2000,4807.6000,4807.8000,4808.0000,2,5,7,7,7,1,2,1,1,22
SF,IC2003,2019-12-04 09:32:45.800,4806.0000,37377,0,757910600.000,0,-,-,-,-,4805.8000,4805.2000,4805.0000,4804.0000,4803.6000,4806.6000,4807.2000,4807.6000,4807.8000,4808.0000,2,5,7,7,7,1,2,1,1,22
SF,IC2003,2019-12-04 09:32:46.300,4806.0000,37377,0,757910600.000,0,-,-,-,-,4805.8000,4805.2000,4805.0000,4804.0000,4803.6000,4806.6000,4807.2000,4807.6000,4807.8000,4808.0000,2,5,7,7,7,1,1,1,1,22
SF,IC2003,2019-12-04 09:32:47.300,4806.6000,37377,0,758871920.000,1,0,1,多换,S,4805.8000,4805.2000,4805.0000,4804.0000,4803.6000,4807.2000,4807.6000,4807.8000,4808.0000,4808.2000,1,5,7,7,7,1,1,1,22,1
SF,IC2003,2019-12-04 09:32:48.300,4805.8000,37376,-1,759833080.000,1,0,1,双平,S,4805.2000,4805.0000,4804.0000,4803.6000,4802.4000,4807.2000,4807.6000,4807.8000,4808.0000,4808.2000,5,7,7,7,1,1,1,1,22,1
SF,IC2003,2019-12-04 09:32:48.800,4807.0000,37376,0,760794480.000,1,0,1,多换,S,4805.4000,4805.2000,4805.0000,4804.0000,4803.6000,4807.2000,4807.6000,4807.8000,4808.0000,4808.2000,2,5,7,7,7,1,1,1,22,1
SF,IC2003,2019-12-04 09:32:49.300,4807.0000,37376,0,760794480.000,0,-,-,-,-,4805.4000,4805.2000,4805.0000,4804.0000,4803.6000,4807.2000,4807.6000,4807.8000,4808.0000,4808.2000,4,5,7,7,7,2,1,1,22,1
SF,IC2003,2019-12-04 09:32:49.800,4807.0000,37376,0,760794480.000,0,-,-,-,-,4806.4000,4805.8000,4805.6000,4805.4000,4805.2000,4807.2000,4807.6000,4807.8000,4808.0000,4808.2000,1,2,1,1,6,1,1,1,22,1
SF,IC2003,2019-12-04 09:32:50.300,4807.0000,37376,0,760794480.000,0,-,-,-,-,4806.4000,4805.8000,4805.6000,4805.4000,4805.2000,4806.6000,4807.2000,4807.6000,4807.8000,4808.0000,1,1,1,1,6,1,1,1,1,22
SF,IC2003,2019-12-04 09:32:50.800,4806.6000,37374,-2,762717120.000,2,0,2,双平,S,4806.6000,4806.4000,4805.8000,4805.6000,4805.4000,4807.2000,4807.6000,4807.8000,4808.0000,4808.2000,4,1,1,1,1,1,1,1,22,1
SF,IC2003,2019-12-04 09:32:51.300,4807.2000,37373,-1,763678560.000,1,0,1,双平,S,4806.4000,4805.8000,4805.6000,4805.4000,4805.2000,4807.6000,4807.8000,4808.0000,4808.2000,4808.8000,1,1,1,1,6,1,1,22,1,3
SF,IC2003,2019-12-04 09:32:51.800,4806.6000,37372,-1,764639880.000,1,0,1,双平,S,4806.6000,4806.4000,4805.6000,4805.2000,4805.0000,4807.6000,4807.8000,4808.0000,4808.2000,4808.8000,1,1,1,6,7,1,1,22,1,3
SF,IC2003,2019-12-04 09:32:52.300,4806.6000,37372,0,764639880.000,0,-,-,-,-,4806.8000,4806.6000,4806.4000,4805.6000,4805.2000,4807.6000,4807.8000,4808.0000,4808.2000,4808.8000,1,1,1,1,6,1,1,22,1,3
SF,IC2003,2019-12-04 09:32:52.800,4806.6000,37372,0,764639880.000,0,-,-,-,-,4806.8000,4806.6000,4806.4000,4805.6000,4805.2000,4807.6000,4807.8000,4808.0000,4808.2000,4808.8000,1,1,1,1,6,1,1,22,1,3
SF,IC2003,2019-12-04 09:32:54.300,4807.6000,37371,-1,765601400.000,1,0,1,双平,S,4807.6000,4806.8000,4806.6000,4806.4000,4805.6000,4807.8000,4808.0000,4808.2000,4808.8000,4809.2000,2,1,1,1,1,1,22,1,3,1
SF,IC2003,2019-12-04 09:32:54.800,4807.8000,37370,-1,766562960.000,1,0,1,双平,S,4807.8000,4806.8000,4806.6000,4806.4000,4805.6000,4808.0000,4808.2000,4808.8000,4809.2000,4809.4000,1,1,1,1,1,22,1,3,1,3
SF,IC2003,2019-12-04 09:32:55.300,4808.0000,37370,0,768486160.000,2,1,1,多换,S,4806.6000,4806.4000,4805.6000,4805.2000,4805.0000,4808.0000,4808.2000,4808.8000,4809.2000,4809.4000,1,1,1,6,7,20,1,3,1,3
SF,IC2003,2019-12-04 09:32:55.800,4808.0000,37370,0,768486160.000,0,-,-,-,-,4807.6000,4807.2000,4806.6000,4805.6000,4805.2000,4808.0000,4808.2000,4808.8000,4809.2000,4809.4000,1,1,1,1,6,21,1,3,1,3
SF,IC2003,2019-12-04 09:32:56.300,4808.0000,37370,0,768486160.000,0,-,-,-,-,4807.6000,4807.2000,4806.6000,4805.2000,4805.0000,4808.0000,4808.2000,4808.8000,4809.2000,4809.4000,1,1,2,6,7,21,1,3,1,3
SF,IC2003,2019-12-04 09:32:56.800,4808.0000,37374,4,776178960.000,8,6,2,空开,S,4807.8000,4807.6000,4807.2000,4806.6000,4805.2000,4808.0000,4808.2000,4808.8000,4809.2000,4809.4000,1,1,1,1,6,13,1,3,1,3
SF,IC2003,2019-12-04 09:32:57.300,4808.0000,37383,9,785794960.000,10,9,1,空开,S,4807.8000,4807.6000,4807.2000,4806.6000,4805.8000,4808.0000,4808.2000,4808.8000,4809.2000,4809.4000,1,1,1,1,1,3,1,3,1,3
SF,IC2003,2019-12-04 09:32:57.800,4808.8000,37380,-3,790603160.000,5,1,4,多平,S,4808.2000,4808.0000,4807.8000,4807.2000,4806.6000,4808.8000,4809.2000,4809.4000,4809.6000,4809.8000,2,1,1,1,1,2,1,3,2,3
SF,IC2003,2019-12-04 09:32:58.300,4809.2000,37377,-3,793488520.000,3,0,3,双平,S,4808.2000,4808.0000,4807.8000,4807.2000,4806.6000,4809.4000,4809.6000,4809.8000,4810.0000,4811.8000,3,1,1,1,1,3,2,3,3,3
SF,IC2003,2019-12-04 09:32:58.800,4809.2000,37377,0,793488520.000,0,-,-,-,-,4808.2000,4807.8000,4807.2000,4806.6000,4806.0000,4809.2000,4809.4000,4809.6000,4809.8000,4810.0000,3,1,1,1,2,1,3,2,3,3
SF,IC2003,2019-12-04 09:32:59.300,4809.2000,37377,0,793488520.000,0,-,-,-,-,4808.2000,4807.8000,4807.2000,4806.6000,4806.0000,4809.4000,4809.6000,4809.8000,4810.0000,4811.8000,2,1,1,1,2,3,2,3,3,3
SF,IC2003,2019-12-04 09:32:59.800,4809.2000,37377,0,794450360.000,1,0,1,多换,S,4808.2000,4807.8000,4807.2000,4806.6000,4806.0000,4809.4000,4809.6000,4809.8000,4810.0000,4811.8000,1,1,1,1,2,4,2,3,3,3
SF,IC2003,2019-12-04 09:33:00.300,4809.2000,37377,0,794450360.000,0,-,-,-,-,4808.2000,4807.8000,4807.2000,4806.6000,4806.0000,4809.2000,4809.4000,4809.6000,4809.8000,4810.0000,1,1,1,1,2,1,4,2,3,3
SF,IC2003,2019-12-04 09:33:00.800,4809.2000,37377,0,794450360.000,0,-,-,-,-,4808.2000,4808.0000,4807.8000,4807.2000,4806.6000,4809.2000,4809.4000,4809.6000,4809.8000,4810.0000,2,4,1,1,1,1,3,2,3,3
SF,IC2003,2019-12-04 09:33:01.300,4809.2000,37377,0,794450360.000,0,-,-,-,-,4808.4000,4808.2000,4808.0000,4807.8000,4807.2000,4809.2000,4809.4000,4809.6000,4809.8000,4810.0000,1,2,4,2,1,1,3,2,3,3
SF,IC2003,2019-12-04 09:33:01.800,4809.2000,37377,0,794450360.000,0,-,-,-,-,4808.6000,4808.4000,4808.2000,4808.0000,4807.8000,4809.4000,4809.6000,4809.8000,4810.0000,4811.8000,1,1,1,4,2,3,2,3,3,3
SF,IC2003,2019-12-04 09:33:02.300,4809.2000,37377,0,794450360.000,0,-,-,-,-,4809.2000,4808.6000,4808.4000,4808.2000,4808.0000,4809.4000,4809.6000,4809.8000,4810.0000,4811.8000,9,1,1,1,4,3,2,3,3,3
SF,IC2003,2019-12-04 09:33:02.800,4809.2000,37378,1,801183240.000,7,4,3,空开,S,4809.2000,4808.6000,4808.4000,4808.2000,4808.0000,4809.4000,4809.6000,4809.8000,4810.0000,4811.8000,7,1,1,1,4,3,2,3,3,3
SF,IC2003,2019-12-04 09:33:03.300,4809.2000,37373,-5,807916120.000,7,1,6,多平,S,4808.6000,4808.4000,4808.2000,4808.0000,4807.8000,4809.2000,4809.4000,4809.6000,4809.8000,4810.0000,1,1,1,4,2,1,3,2,3,3
SF,IC2003,2019-12-04 09:33:03.800,4809.2000,37373,0,807916120.000,0,-,-,-,-,4808.4000,4808.2000,4808.0000,4807.8000,4807.2000,4809.0000,4809.2000,4809.4000,4809.6000,4809.8000,1,1,4,2,1,1,3,3,3,3
SF,IC2003,2019-12-04 09:33:04.300,4808.2000,37372,-1,809839440.000,2,0,2,多平,S,4808.0000,4807.8000,4807.2000,4806.6000,4806.0000,4809.2000,4809.4000,4809.6000,4809.8000,4810.0000,4,2,1,1,2,3,3,3,3,3
SF,IC2003,2019-12-04 09:33:04.800,4808.0000,37371,-1,810801040.000,1,0,1,双平,S,4808.0000,4807.8000,4807.2000,4806.6000,4806.0000,4809.4000,4809.6000,4809.8000,4810.0000,4811.8000,4,2,1,1,2,3,3,3,3,4
SF,IC2003,2019-12-04 09:33:05.300,4808.0000,37371,0,810801040.000,0,-,-,-,-,4809.0000,4808.0000,4807.8000,4807.2000,4806.6000,4809.2000,4809.4000,4809.6000,4809.8000,4810.0000,1,4,2,1,1,1,3,3,3,5
SF,IC2003,2019-12-04 09:33:06.300,4809.2000,37371,0,811762880.000,1,0,1,多换,S,4809.2000,4809.0000,4808.0000,4807.8000,4807.2000,4809.4000,4809.6000,4809.8000,4810.0000,4811.8000,1,1,4,2,1,3,3,3,5,3
SF,IC2003,2019-12-04 09:33:06.800,4809.2000,37371,0,811762880.000,0,-,-,-,-,4809.2000,4809.0000,4808.0000,4807.8000,4807.2000,4809.4000,4809.6000,4809.8000,4810.0000,4811.8000,1,1,4,2,1,3,3,3,5,3
SF,IC2003,2019-12-04 09:33:07.300,4809.4000,37371,0,813686640.000,2,1,1,多换,S,4809.2000,4809.0000,4808.0000,4807.8000,4807.2000,4809.4000,4809.6000,4809.8000,4810.0000,4811.8000,1,1,4,2,1,2,3,3,5,3
SF,IC2003,2019-12-04 09:33:07.800,4809.0000,37372,1,815610280.000,2,1,1,空开,S,4808.0000,4807.8000,4807.2000,4806.6000,4806.0000,4809.4000,4809.6000,4809.8000,4810.0000,4811.8000,4,2,1,1,2,2,3,3,5,3
SF,IC2003,2019-12-04 09:33:08.300,4809.0000,37372,0,815610280.000,0,-,-,-,-,4808.2000,4808.0000,4807.8000,4807.2000,4806.6000,4809.4000,4809.6000,4809.8000,4810.0000,4811.8000,1,4,2,1,1,2,3,3,5,3
SF,IC2003,2019-12-04 09:33:08.800,4809.0000,37372,0,815610280.000,0,-,-,-,-,4808.4000,4808.2000,4808.0000,4807.8000,4807.2000,4809.0000,4809.2000,4809.4000,4809.6000,4809.8000,1,1,3,2,1,1,2,2,3,3
SF,IC2003,2019-12-04 09:33:09.800,4808.4000,37371,-1,816571960.000,1,0,1,双平,S,4808.0000,4807.8000,4807.2000,4806.6000,4806.0000,4809.0000,4809.2000,4809.4000,4809.6000,4809.8000,3,2,1,1,2,1,1,2,3,3
SF,IC2003,2019-12-04 09:33:10.300,4808.4000,37371,0,816571960.000,0,-,-,-,-,4808.0000,4807.8000,4807.2000,4806.6000,4806.0000,4808.4000,4808.8000,4809.0000,4809.2000,4809.4000,3,2,1,1,2,5,1,1,1,2
SF,IC2003,2019-12-04 09:33:11.300,4808.4000,37366,-5,821380360.000,5,0,5,双平,S,4808.4000,4808.0000,4807.8000,4807.2000,4806.6000,4808.8000,4809.0000,4809.2000,4809.4000,4809.6000,8,3,2,1,1,1,1,1,2,3
SF,IC2003,2019-12-04 09:33:11.800,4808.8000,37364,-2,824265680.000,3,0,3,多平,S,4808.6000,4808.4000,4808.0000,4807.8000,4807.2000,4809.2000,4809.4000,4809.6000,4809.8000,4810.0000,1,8,3,2,1,1,2,3,3,5
SF,IC2003,2019-12-04 09:33:12.300,4808.8000,37362,-2,826189280.000,2,0,2,双平,S,4808.6000,4808.4000,4808.0000,4807.8000,4807.2000,4809.4000,4809.6000,4809.8000,4810.0000,4811.8000,1,21,3,2,1,2,3,3,5,3
SF,IC2003,2019-12-04 09:33:12.800,4809.4000,37361,-1,827151160.000,1,0,1,双平,S,4808.6000,4808.4000,4808.0000,4807.8000,4807.2000,4809.4000,4809.6000,4809.8000,4810.0000,4811.8000,1,21,3,2,1,1,3,3,5,3
SF,IC2003,2019-12-04 09:33:13.800,4809.4000,37361,0,827151160.000,0,-,-,-,-,4808.6000,4808.4000,4808.0000,4807.8000,4807.2000,4809.4000,4809.6000,4809.8000,4810.0000,4811.8000,1,21,3,1,1,1,3,3,5,3
SF,IC2003,2019-12-04 09:33:14.800,4809.4000,37361,0,827151160.000,0,-,-,-,-,4808.4000,4808.0000,4807.8000,4807.2000,4806.6000,4809.2000,4809.4000,4809.6000,4809.8000,4810.0000,21,3,1,1,1,1,1,3,3,5
SF,IC2003,2019-12-04 09:33:15.300,4809.4000,37361,0,827151160.000,0,-,-,-,-,4808.4000,4808.0000,4807.8000,4807.2000,4806.6000,4809.2000,4809.4000,4809.6000,4809.8000,4810.0000,21,3,1,1,1,1,1,3,3,5
SF,IC2003,2019-12-04 09:33:15.800,4809.4000,37361,0,827151160.000,0,-,-,-,-,4808.4000,4808.0000,4807.8000,4807.2000,4806.6000,4809.4000,4809.6000,4809.8000,4810.0000,4811.2000,21,3,1,1,1,1,3,3,5,1
SF,IC2003,2019-12-04 09:33:16.300,4809.4000,37361,0,827151160.000,0,-,-,-,-,4808.4000,4808.0000,4807.8000,4807.2000,4806.6000,4808.6000,4809.4000,4809.6000,4809.8000,4810.0000,21,3,1,1,1,1,1,3,3,5
SF,IC2003,2019-12-04 09:33:16.800,4808.4000,37363,2,837729640.000,11,6,5,空开,S,4808.4000,4808.0000,4807.2000,4806.6000,4806.0000,4808.6000,4809.4000,4809.6000,4809.8000,4810.0000,10,3,1,1,2,1,1,3,3,5
SF,IC2003,2019-12-04 09:33:17.300,4808.4000,37363,0,841576360.000,4,2,2,多换,S,4808.4000,4808.0000,4807.2000,4806.6000,4806.0000,4808.6000,4809.4000,4809.6000,4809.8000,4810.0000,6,3,1,1,2,1,1,3,3,5
SF,IC2003,2019-12-04 09:33:17.800,4808.6000,37363,0,842538080.000,1,0,1,多换,S,4808.6000,4808.4000,4808.0000,4807.2000,4806.6000,4809.4000,4809.6000,4809.8000,4810.0000,4811.2000,2,6,3,1,1,1,3,3,5,1
SF,IC2003,2019-12-04 09:33:18.300,4808.6000,37363,0,842538080.000,0,-,-,-,-,4809.2000,4808.6000,4808.4000,4808.0000,4807.2000,4809.4000,4809.6000,4809.8000,4810.0000,4811.2000,1,2,6,3,1,1,3,3,5,1
SF,IC2003,2019-12-04 09:33:18.800,4809.2000,37362,-1,844461800.000,2,0,2,多平,S,4808.6000,4808.4000,4808.0000,4807.2000,4806.6000,4809.6000,4809.8000,4810.0000,4811.2000,4811.4000,2,6,3,1,1,3,3,5,1,1
SF,IC2003,2019-12-04 09:33:19.300,4809.2000,37362,0,844461800.000,0,-,-,-,-,4809.4000,4808.6000,4808.4000,4808.0000,4807.2000,4809.6000,4809.8000,4810.0000,4811.2000,4811.8000,3,2,6,3,1,3,3,5,1,3
SF,IC2003,2019-12-04 09:33:19.800,4809.4000,37363,1,847347440.000,3,2,1,空开,S,4808.4000,4808.0000,4807.2000,4806.6000,4806.0000,4809.4000,4809.6000,4809.8000,4810.0000,4811.2000,6,3,1,1,2,1,3,3,5,1
SF,IC2003,2019-12-04 09:33:20.300,4809.4000,37363,0,847347440.000,0,-,-,-,-,4808.4000,4808.0000,4807.2000,4806.6000,4806.0000,4809.6000,4809.8000,4810.0000,4811.2000,4811.8000,6,3,1,1,2,3,3,5,1,3
SF,IC2003,2019-12-04 09:33:21.800,4809.6000,37363,0,850233200.000,3,1,2,多换,S,4809.6000,4808.4000,4808.0000,4807.2000,4806.6000,4809.8000,4810.0000,4811.2000,4811.8000,4812.0000,1,6,3,1,1,3,5,1,3,4
SF,IC2003,2019-12-04 09:33:22.300,4808.6000,37363,0,853118520.000,3,1,2,多换,S,4808.4000,4808.0000,4807.2000,4806.6000,4806.0000,4809.6000,4809.8000,4810.0000,4811.2000,4811.8000,5,3,1,1,2,3,3,5,1,3
SF,IC2003,2019-12-04 09:33:22.800,4808.6000,37363,0,853118520.000,0,-,-,-,-,4808.6000,4808.4000,4808.0000,4807.2000,4806.6000,4809.6000,4809.8000,4810.0000,4811.2000,4811.8000,1,5,3,1,1,3,3,5,1,3
SF,IC2003,2019-12-04 09:33:23.300,4809.6000,37363,0,855042360.000,2,1,1,多换,S,4808.6000,4808.4000,4808.0000,4807.2000,4806.6000,4809.6000,4809.8000,4810.0000,4811.2000,4811.8000,1,5,3,1,1,1,3,5,1,3
SF,IC2003,2019-12-04 09:33:23.800,4809.6000,37363,0,855042360.000,0,-,-,-,-,4808.4000,4808.0000,4807.2000,4806.6000,4806.0000,4809.4000,4809.6000,4809.8000,4810.0000,4811.2000,5,3,1,1,2,1,2,3,5,1
SF,IC2003,2019-12-04 09:33:24.300,4809.6000,37362,-1,856004280.000,1,0,1,双平,S,4809.4000,4808.4000,4808.0000,4807.2000,4806.6000,4809.6000,4809.8000,4810.0000,4811.2000,4811.8000,1,5,3,1,1,2,3,5,1,3
SF,IC2003,2019-12-04 09:33:24.800,4809.4000,37362,0,856966160.000,1,0,1,多换,S,4808.4000,4808.0000,4807.2000,4806.6000,4806.0000,4809.2000,4809.4000,4809.6000,4809.8000,4810.0000,5,3,1,1,2,3,4,1,3,5
SF,IC2003,2019-12-04 09:33:25.300,4808.6000,37363,1,857927880.000,1,1,0,双开,S,4808.6000,4808.4000,4808.0000,4807.2000,4806.6000,4809.2000,4809.4000,4809.6000,4809.8000,4810.0000,1,5,3,1,1,1,3,1,3,5
SF,IC2003,2019-12-04 09:33:25.800,4808.6000,37363,0,859851320.000,2,1,1,多换,S,4808.4000,4808.0000,4807.2000,4806.6000,4806.0000,4809.0000,4809.2000,4809.4000,4809.6000,4809.8000,5,3,1,1,2,1,1,3,1,3
SF,IC2003,2019-12-04 09:33:26.300,4808.6000,37363,0,859851320.000,0,-,-,-,-,4808.4000,4808.0000,4807.2000,4806.6000,4806.0000,4809.0000,4809.4000,4809.6000,4809.8000,4810.0000,5,3,1,1,2,1,2,1,3,5
SF,IC2003,2019-12-04 09:33:26.800,4808.4000,37364,1,861774680.000,2,1,1,空开,S,4808.6000,4808.4000,4808.0000,4807.2000,4806.6000,4809.0000,4809.4000,4809.6000,4809.8000,4810.0000,1,3,3,1,1,1,3,1,3,5
SF,IC2003,2019-12-04 09:33:27.800,4808.4000,37364,0,861774680.000,0,-,-,-,-,4808.6000,4808.4000,4808.0000,4807.2000,4806.8000,4808.8000,4809.0000,4809.4000,4809.6000,4809.8000,1,3,3,1,2,1,1,2,1,3
SF,IC2003,2019-12-04 09:33:28.300,4808.4000,37364,0,866583080.000,5,2,3,多换,S,4808.0000,4807.2000,4806.8000,4806.6000,4806.0000,4808.4000,4808.6000,4808.8000,4809.0000,4809.6000,3,1,2,1,2,1,2,1,1,1
SF,IC2003,2019-12-04 09:33:28.800,4808.0000,37363,-1,868506280.000,2,0,2,多平,S,4808.0000,4807.2000,4806.8000,4806.6000,4806.0000,4808.6000,4808.8000,4809.0000,4809.6000,4809.8000,1,1,2,1,2,2,1,1,1,3
SF,IC2003,2019-12-04 09:33:29.300,4808.0000,37363,0,868506280.000,0,-,-,-,-,4808.0000,4807.2000,4806.8000,4806.6000,4806.0000,4808.6000,4808.8000,4809.0000,4809.6000,4809.8000,1,1,2,1,2,2,1,1,1,3
SF,IC2003,2019-12-04 09:33:29.800,4808.0000,37363,0,869467880.000,1,0,1,多换,S,4807.2000,4806.8000,4806.6000,4806.0000,4805.8000,4808.6000,4808.8000,4809.0000,4809.4000,4809.6000,1,2,1,2,1,2,2,1,1,1
SF,IC2003,2019-12-04 09:33:30.300,4808.6000,37363,0,870429600.000,1,0,1,多换,S,4807.4000,4807.2000,4806.8000,4806.6000,4806.0000,4808.6000,4808.8000,4809.0000,4809.4000,4809.6000,1,1,2,1,2,1,2,1,1,1
SF,IC2003,2019-12-04 09:33:30.800,4807.4000,37363,0,871391080.000,1,0,1,多换,S,4807.2000,4806.8000,4806.6000,4806.0000,4805.8000,4808.6000,4808.8000,4809.0000,4809.4000,4809.6000,1,2,1,2,1,1,2,1,1,1
SF,IC2003,2019-12-04 09:33:31.300,4808.6000,37360,-3,874276200.000,3,0,3,双平,S,4808.6000,4807.2000,4806.8000,4806.0000,4805.8000,4808.8000,4809.4000,4809.6000,4809.8000,4810.0000,2,1,2,2,1,2,1,1,3,5
SF,IC2003,2019-12-04 09:33:31.800,4808.6000,37359,-1,881970600.000,8,3,5,多平,S,4807.2000,4806.8000,4806.0000,4805.8000,4805.2000,4808.6000,4809.8000,4810.0000,4810.8000,4811.8000,1,2,2,1,6,4,3,5,1,3
SF,IC2003,2019-12-04 09:33:32.300,4808.6000,37359,0,881970600.000,0,-,-,-,-,4807.4000,4807.2000,4806.8000,4806.0000,4805.8000,4808.6000,4809.8000,4810.0000,4810.8000,4811.8000,1,1,2,2,1,2,3,5,1,3
SF,IC2003,2019-12-04 09:33:32.800,4807.4000,37359,0,882932080.000,1,0,1,多换,S,4807.2000,4806.8000,4806.0000,4805.8000,4805.2000,4807.4000,4808.4000,4808.6000,4809.8000,4810.0000,1,2,2,1,6,1,2,1,3,5
SF,IC2003,2019-12-04 09:33:33.300,4807.2000,37358,-1,883893520.000,1,0,1,双平,S,4806.8000,4805.8000,4805.2000,4805.0000,4803.6000,4807.2000,4808.2000,4808.4000,4808.6000,4809.6000,2,1,6,5,7,2,1,4,1,1
SF,IC2003,2019-12-04 09:33:33.800,4806.8000,37358,0,885816240.000,2,1,1,多换,S,4805.8000,4805.2000,4805.0000,4803.6000,4802.0000,4806.8000,4807.8000,4808.2000,4808.4000,4808.6000,1,6,5,7,6,1,1,1,4,2
SF,IC2003,2019-12-04 09:33:34.300,4805.8000,37358,0,887738600.000,2,1,1,多换,S,4806.8000,4805.2000,4805.0000,4803.6000,4802.0000,4807.8000,4808.2000,4808.4000,4808.6000,4808.8000,2,5,5,7,6,1,1,4,2,1
SF,IC2003,2019-12-04 09:33:34.800,4806.8000,37358,0,889661320.000,2,1,1,多换,S,4805.2000,4805.0000,4803.6000,4803.4000,4802.0000,4806.6000,4806.8000,4807.0000,4807.6000,4807.8000,5,5,7,1,6,1,1,3,5,1
SF,IC2003,2019-12-04 09:33:35.300,4806.8000,37358,0,891584000.000,2,1,1,多换,S,4805.4000,4805.2000,4805.0000,4803.6000,4803.4000,4805.8000,4806.4000,4807.6000,4807.8000,4808.2000,1,5,5,7,1,1,1,2,1,1
SF,IC2003,2019-12-04 09:33:35.800,4806.4000,37357,-1,893506440.000,2,0,2,多平,S,4806.0000,4805.8000,4805.2000,4805.0000,4803.6000,4807.6000,4807.8000,4808.2000,4808.4000,4808.6000,2,7,5,5,7,2,1,1,4,1
SF,IC2003,2019-12-04 09:33:36.300,4807.4000,37357,0,894467920.000,1,0,1,多换,S,4806.2000,4806.0000,4805.8000,4805.2000,4805.0000,4807.4000,4807.6000,4807.8000,4808.2000,4808.4000,1,1,9,5,5,2,2,1,1,4
SF,IC2003,2019-12-04 09:33:36.800,4806.2000,37356,-1,895429160.000,1,0,1,双平,S,4806.0000,4805.8000,4805.2000,4805.0000,4803.6000,4807.4000,4807.6000,4807.8000,4808.2000,4808.4000,1,9,5,5,7,1,2,1,1,4
SF,IC2003,2019-12-04 09:33:37.300,4806.2000,37356,0,895429160.000,0,-,-,-,-,4806.0000,4805.8000,4805.2000,4805.0000,4803.6000,4807.4000,4808.2000,4808.4000,4808.6000,4808.8000,1,9,5,5,7,1,1,4,1,1
SF,IC2003,2019-12-04 09:33:37.800,4806.2000,37356,0,895429160.000,0,-,-,-,-,4805.8000,4805.2000,4805.0000,4803.6000,4803.4000,4807.0000,4807.2000,4807.4000,4808.2000,4808.4000,9,5,5,7,1,1,1,1,1,3
SF,IC2003,2019-12-04 09:33:38.300,4806.0000,37355,-1,896390360.000,1,0,1,双平,S,4806.0000,4805.8000,4805.2000,4805.0000,4803.6000,4806.6000,4807.4000,4808.2000,4808.4000,4808.6000,1,9,5,5,7,1,1,1,3,1
SF,IC2003,2019-12-04 09:33:38.800,4806.6000,37354,-1,897351680.000,1,0,1,双平,S,4806.0000,4805.8000,4805.2000,4805.0000,4803.6000,4807.4000,4808.2000,4808.4000,4808.6000,4808.8000,1,9,5,5,7,2,1,3,1,1
SF,IC2003,2019-12-04 09:33:39.300,4806.6000,37354,0,897351680.000,0,-,-,-,-,4806.0000,4805.8000,4805.2000,4805.0000,4803.6000,4807.4000,4808.2000,4808.4000,4808.6000,4808.8000,1,5,5,10,7,2,1,3,1,1
SF,IC2003,2019-12-04 09:33:39.800,4806.6000,37354,0,897351680.000,0,-,-,-,-,4806.0000,4805.8000,4805.2000,4805.0000,4803.6000,4806.8000,4807.4000,4808.2000,4808.4000,4808.6000,1,5,5,10,7,1,2,1,3,1
SF,IC2003,2019-12-04 09:33:40.300,4806.0000,37352,-2,899274080.000,2,0,2,双平,S,4805.8000,4805.2000,4805.0000,4803.6000,4803.4000,4806.0000,4806.8000,4807.4000,4808.2000,4808.4000,5,5,10,7,1,3,1,2,1,3
SF,IC2003,2019-12-04 09:33:40.800,4806.0000,37349,-3,902157680.000,3,0,3,双平,S,4806.2000,4806.0000,4805.8000,4805.2000,4805.0000,4806.8000,4807.4000,4808.2000,4808.4000,4808.6000,2,5,1,5,10,1,2,1,3,1
SF,IC2003,2019-12-04 09:33:41.300,4806.0000,37350,1,903118880.000,1,1,0,双开,S,4806.2000,4806.0000,4805.8000,4805.2000,4805.0000,4806.8000,4807.4000,4808.2000,4808.4000,4808.6000,1,5,1,5,10,1,2,1,3,1
SF,IC2003,2019-12-04 09:33:42.300,4806.0000,37350,0,903118880.000,0,-,-,-,-,4806.2000,4806.0000,4805.8000,4805.2000,4805.0000,4806.8000,4807.4000,4808.2000,4808.4000,4808.8000,1,5,1,5,10,1,2,1,3,1
SF,IC2003,2019-12-04 09:33:42.800,4806.0000,37350,0,903118880.000,0,-,-,-,-,4806.4000,4806.2000,4806.0000,4805.8000,4805.2000,4806.6000,4806.8000,4807.4000,4808.2000,4808.4000,1,1,5,1,5,1,1,2,1,3
SF,IC2003,2019-12-04 09:33:43.300,4806.0000,37350,0,903118880.000,0,-,-,-,-,4806.4000,4806.0000,4805.8000,4805.2000,4805.0000,4806.6000,4806.8000,4807.4000,4808.0000,4808.2000,1,2,1,5,10,1,1,2,1,1
SF,IC2003,2019-12-04 09:33:43.800,4806.6000,37349,-1,905041480.000,2,0,2,多平,S,4806.0000,4805.8000,4805.2000,4805.0000,4804.8000,4806.8000,4807.4000,4808.0000,4808.2000,4808.4000,2,1,5,10,1,1,2,1,1,3
SF,IC2003,2019-12-04 09:33:44.300,4806.6000,37349,0,905041480.000,0,-,-,-,-,4806.0000,4805.8000,4805.2000,4805.0000,4804.8000,4806.8000,4807.4000,4808.0000,4808.2000,4808.4000,2,1,5,10,1,1,2,1,1,3
SF,IC2003,2019-12-04 09:33:44.800,4806.6000,37349,0,905041480.000,0,-,-,-,-,4806.0000,4805.2000,4805.0000,4804.8000,4803.6000,4806.8000,4807.4000,4808.0000,4808.2000,4808.4000,3,5,10,1,7,1,2,1,1,3
SF,IC2003,2019-12-04 09:33:45.300,4806.8000,37349,0,906002840.000,1,0,1,多换,S,4806.0000,4805.2000,4805.0000,4804.8000,4803.6000,4807.4000,4808.0000,4808.2000,4808.4000,4809.0000,3,5,10,1,7,2,1,1,3,1
SF,IC2003,2019-12-04 09:33:45.800,4806.8000,37349,0,906002840.000,0,-,-,-,-,4806.0000,4805.2000,4805.0000,4804.8000,4803.6000,4807.2000,4807.4000,4808.0000,4808.2000,4808.4000,3,5,10,1,7,1,2,1,1,3
SF,IC2003,2019-12-04 09:33:46.300,4806.8000,37349,0,906002840.000,0,-,-,-,-,4806.0000,4805.2000,4805.0000,4804.8000,4803.6000,4807.2000,4807.4000,4808.0000,4808.2000,4808.4000,2,5,10,1,7,1,2,1,1,3
SF,IC2003,2019-12-04 09:33:46.800,4806.8000,37349,0,906002840.000,0,-,-,-,-,4806.0000,4805.2000,4805.0000,4804.8000,4803.6000,4806.6000,4807.0000,4807.2000,4807.4000,4808.0000,2,5,10,1,7,2,1,1,2,1
SF,IC2003,2019-12-04 09:33:47.800,4806.8000,37349,0,906002840.000,0,-,-,-,-,4806.0000,4805.2000,4805.0000,4804.8000,4803.6000,4806.6000,4807.0000,4807.2000,4807.4000,4808.0000,2,5,10,1,7,2,1,1,2,1
SF,IC2003,2019-12-04 09:33:48.300,4807.4000,37350,1,910809880.000,5,3,2,空开,S,4806.0000,4805.8000,4805.2000,4805.0000,4804.8000,4807.4000,4808.0000,4808.2000,4808.4000,4809.0000,2,1,5,10,1,1,1,1,3,1
SF,IC2003,2019-12-04 09:33:48.800,4806.0000,37349,-1,912732280.000,2,0,2,多平,S,4805.8000,4805.2000,4805.0000,4804.8000,4803.6000,4807.2000,4807.4000,4808.0000,4808.2000,4808.4000,1,5,10,1,7,1,1,1,1,3
SF,IC2003,2019-12-04 09:33:49.300,4806.0000,37349,0,912732280.000,0,-,-,-,-,4806.6000,4805.8000,4805.2000,4805.0000,4804.8000,4807.2000,4807.4000,4808.0000,4808.2000,4808.4000,2,1,5,10,1,1,1,1,1,3
SF,IC2003,2019-12-04 09:33:49.800,4806.6000,37350,1,914654920.000,2,1,1,空开,S,4805.8000,4805.2000,4805.0000,4804.8000,4803.6000,4807.2000,4807.4000,4808.0000,4808.2000,4808.4000,1,5,10,1,7,1,1,1,1,3
SF,IC2003,2019-12-04 09:33:50.300,4806.6000,37350,0,914654920.000,0,-,-,-,-,4805.8000,4805.2000,4805.0000,4804.8000,4803.6000,4807.2000,4807.4000,4808.0000,4808.2000,4808.4000,1,5,10,1,7,2,1,1,1,3
SF,IC2003,2019-12-04 09:33:50.800,4806.6000,37350,0,914654920.000,0,-,-,-,-,4805.8000,4805.2000,4805.0000,4804.8000,4803.6000,4806.6000,4807.2000,4807.4000,4808.0000,4808.2000,1,5,10,1,7,1,2,1,1,1
SF,IC2003,2019-12-04 09:33:51.300,4806.6000,37350,0,914654920.000,0,-,-,-,-,4805.8000,4805.2000,4805.0000,4804.8000,4803.6000,4806.6000,4807.2000,4807.4000,4808.0000,4808.2000,2,5,10,1,7,1,2,1,1,1
SF,IC2003,2019-12-04 09:33:52.800,4806.6000,37350,0,915616240.000,1,0,1,多换,S,4806.6000,4805.8000,4805.2000,4805.0000,4804.8000,4807.2000,4807.4000,4808.0000,4808.2000,4808.4000,3,2,5,10,1,2,1,1,1,3
SF,IC2003,2019-12-04 09:33:54.300,4806.6000,37350,0,915616240.000,0,-,-,-,-,4806.6000,4805.8000,4805.2000,4805.0000,4804.8000,4807.2000,4807.4000,4808.0000,4808.2000,4808.4000,3,2,5,10,1,2,1,1,1,3
SF,IC2003,2019-12-04 09:33:54.800,4806.6000,37350,0,916577560.000,1,0,1,多换,S,4806.6000,4805.8000,4805.2000,4805.0000,4804.8000,4807.2000,4807.4000,4808.0000,4808.2000,4808.4000,2,2,5,10,1,2,1,1,1,3
SF,IC2003,2019-12-04 09:33:55.800,4806.6000,37350,0,916577560.000,0,-,-,-,-,4806.6000,4805.8000,4805.2000,4805.0000,4804.8000,4807.2000,4807.4000,4808.0000,4808.2000,4808.4000,2,2,5,10,1,2,1,1,1,3
SF,IC2003,2019-12-04 09:33:56.300,4807.2000,37349,-1,917539000.000,1,0,1,双平,S,4806.6000,4805.8000,4805.2000,4805.0000,4804.8000,4807.2000,4807.4000,4808.0000,4808.2000,4808.4000,2,2,5,10,1,1,1,1,1,3
SF,IC2003,2019-12-04 09:33:56.800,4807.2000,37348,-1,918500440.000,1,0,1,双平,S,4807.2000,4807.0000,4806.6000,4805.8000,4805.2000,4807.4000,4808.0000,4808.2000,4808.4000,4808.6000,5,1,2,2,5,1,1,1,3,2
SF,IC2003,2019-12-04 09:33:57.300,4807.4000,37346,-2,920423400.000,2,0,2,双平,S,4807.6000,4807.2000,4807.0000,4806.6000,4805.8000,4808.0000,4808.2000,4808.4000,4808.6000,4808.8000,1,14,1,2,2,1,1,3,2,1
SF,IC2003,2019-12-04 09:33:57.800,4807.4000,37346,0,920423400.000,0,-,-,-,-,4807.6000,4807.2000,4807.0000,4806.6000,4805.8000,4808.0000,4808.4000,4808.6000,4809.0000,4809.6000,1,14,1,2,2,1,3,2,1,1
SF,IC2003,2019-12-04 09:33:58.800,4807.2000,37347,1,923307800.000,3,2,1,空开,S,4807.2000,4807.0000,4806.6000,4805.8000,4805.2000,4807.4000,4808.0000,4808.4000,4808.6000,4809.0000,12,1,2,2,5,1,1,3,2,1
SF,IC2003,2019-12-04 09:33:59.300,4807.2000,37347,0,925230720.000,2,1,1,多换,S,4807.4000,4807.2000,4807.0000,4806.6000,4805.8000,4807.6000,4808.0000,4808.4000,4808.6000,4809.0000,1,11,1,2,2,1,1,3,2,1
SF,IC2003,2019-12-04 09:33:59.800,4807.4000,37348,1,926192200.000,1,1,0,双开,S,4807.2000,4807.0000,4806.6000,4805.8000,4805.2000,4808.0000,4808.4000,4808.6000,4809.0000,4809.6000,11,1,2,2,5,1,3,2,1,1
SF,IC2003,2019-12-04 09:34:00.300,4807.8000,37348,0,927153760.000,1,0,1,多换,S,4807.4000,4807.2000,4807.0000,4806.6000,4805.8000,4807.8000,4808.0000,4808.4000,4808.6000,4809.0000,2,2,1,2,2,1,1,3,2,1
SF,IC2003,2019-12-04 09:34:00.800,4807.4000,37349,1,929076720.000,2,1,1,空开,S,4807.2000,4806.6000,4805.8000,4805.2000,4805.0000,4807.8000,4808.0000,4808.4000,4808.6000,4809.0000,2,2,2,5,10,1,1,3,2,1
SF,IC2003,2019-12-04 09:34:01.300,4807.4000,37349,0,929076720.000,0,-,-,-,-,4807.4000,4807.2000,4806.6000,4805.8000,4805.2000,4807.8000,4808.0000,4808.4000,4808.6000,4809.0000,1,2,2,2,5,1,1,3,2,1
SF,IC2003,2019-12-04 09:34:01.800,4807.4000,37348,-1,930038200.000,1,0,1,双平,S,4807.2000,4806.6000,4805.8000,4805.2000,4805.0000,4807.8000,4808.0000,4808.4000,4808.6000,4809.0000,2,2,2,5,10,1,1,3,2,1
SF,IC2003,2019-12-04 09:34:03.300,4807.4000,37348,0,930038200.000,0,-,-,-,-,4807.2000,4806.6000,4805.8000,4805.2000,4805.0000,4807.4000,4807.8000,4808.0000,4808.4000,4808.6000,2,2,2,5,10,1,1,2,3,2
SF,IC2003,2019-12-04 09:34:03.800,4807.8000,37347,-1,931961240.000,2,0,2,多平,S,4807.4000,4807.2000,4806.6000,4805.8000,4805.2000,4808.0000,4808.4000,4808.6000,4809.0000,4809.4000,3,2,2,2,5,2,3,2,1,1
SF,IC2003,2019-12-04 09:34:04.300,4808.0000,37347,0,932922840.000,1,0,1,多换,S,4807.6000,4807.4000,4807.2000,4806.6000,4805.8000,4808.0000,4808.4000,4808.6000,4809.0000,4809.4000,2,2,2,2,2,1,1,2,1,1
SF,IC2003,2019-12-04 09:34:04.800,4808.0000,37347,0,933884440.000,1,0,1,多换,S,4807.6000,4807.4000,4807.2000,4806.6000,4805.8000,4808.4000,4808.6000,4809.0000,4809.4000,4809.6000,2,3,2,2,2,1,2,1,1,1
SF,IC2003,2019-12-04 09:34:05.300,4808.0000,37348,1,934846040.000,1,1,0,双开,S,4808.4000,4808.0000,4807.6000,4807.4000,4807.2000,4808.6000,4809.0000,4809.4000,4809.8000,4810.0000,3,3,2,3,2,2,1,1,3,5
SF,IC2003,2019-12-04 09:34:05.800,4808.6000,37346,-2,936769480.000,2,0,2,双平,S,4808.6000,4808.0000,4807.6000,4807.4000,4807.2000,4809.0000,4809.4000,4809.8000,4810.0000,4810.8000,3,3,2,3,2,1,1,3,5,1
SF,IC2003,2019-12-04 09:34:06.300,4809.0000,37346,0,937731280.000,1,0,1,多换,S,4809.2000,4809.0000,4808.0000,4807.6000,4807.4000,4809.8000,4810.0000,4810.8000,4811.8000,4812.0000,1,2,3,2,3,3,5,1,3,4
SF,IC2003,2019-12-04 09:34:06.800,4809.0000,37346,0,937731280.000,0,-,-,-,-,4808.0000,4807.6000,4807.4000,4807.2000,4806.6000,4809.6000,4809.8000,4810.0000,4810.8000,4811.8000,3,2,3,2,2,1,3,5,1,3
SF,IC2003,2019-12-04 09:34:07.300,4809.0000,37346,0,937731280.000,0,-,-,-,-,4809.0000,4808.2000,4808.0000,4807.4000,4807.2000,4809.6000,4809.8000,4810.0000,4810.8000,4811.8000,1,1,3,3,2,1,3,5,1,3
SF,IC2003,2019-12-04 09:34:07.800,4809.0000,37346,0,937731280.000,0,-,-,-,-,4809.0000,4808.2000,4808.0000,4807.4000,4806.6000,4809.8000,4810.0000,4810.8000,4811.8000,4812.0000,1,1,3,3,2,3,5,1,3,4
SF,IC2003,2019-12-04 09:34:08.300,4809.0000,37346,0,937731280.000,0,-,-,-,-,4809.0000,4808.2000,4808.0000,4807.4000,4806.6000,4809.8000,4810.0000,4811.8000,4812.0000,4812.8000,1,1,3,3,2,3,5,3,4,10
SF,IC2003,2019-12-04 09:34:08.800,4809.0000,37346,0,937731280.000,0,-,-,-,-,4809.0000,4808.2000,4808.0000,4807.4000,4806.6000,4809.6000,4809.8000,4810.0000,4811.8000,4812.0000,2,1,3,3,2,1,3,5,3,4
SF,IC2003,2019-12-04 09:34:09.300,4809.0000,37346,0,937731280.000,0,-,-,-,-,4809.0000,4808.2000,4808.0000,4807.4000,4806.6000,4809.8000,4810.0000,4811.8000,4812.0000,4812.8000,2,1,3,1,2,3,5,3,4,10
SF,IC2003,2019-12-04 09:34:09.800,4809.8000,37347,1,939655040.000,2,1,1,空开,S,4809.6000,4809.0000,4808.2000,4808.0000,4807.4000,4809.8000,4810.0000,4811.8000,4812.0000,4812.8000,1,1,1,3,1,2,5,3,4,10
SF,IC2003,2019-12-04 09:34:10.300,4809.6000,37347,0,940616960.000,1,0,1,多换,S,4809.0000,4808.2000,4808.0000,4807.4000,4806.6000,4809.6000,4809.8000,4810.0000,4811.8000,4812.0000,1,1,3,1,2,1,2,5,3,4
SF,IC2003,2019-12-04 09:34:10.800,4809.8000,37346,-1,941578920.000,1,0,1,双平,S,4809.0000,4808.2000,4808.0000,4807.4000,4806.6000,4809.8000,4810.0000,4811.8000,4812.0000,4812.8000,1,1,3,1,2,1,5,3,4,10
SF,IC2003,2019-12-04 09:34:11.300,4809.0000,37346,0,942540720.000,1,0,1,多换,S,4808.2000,4808.0000,4807.4000,4806.6000,4806.0000,4809.8000,4810.0000,4811.8000,4812.0000,4812.8000,1,3,1,2,1,1,5,3,4,10
SF,IC2003,2019-12-04 09:34:11.800,4809.0000,37346,0,942540720.000,0,-,-,-,-,4808.2000,4808.0000,4807.4000,4806.6000,4806.0000,4809.6000,4809.8000,4810.0000,4811.8000,4812.0000,1,3,1,2,1,1,1,5,3,4
SF,IC2003,2019-12-04 09:34:12.300,4809.0000,37346,0,942540720.000,0,-,-,-,-,4808.2000,4808.0000,4807.4000,4806.6000,4806.0000,4809.8000,4810.0000,4811.8000,4812.0000,4812.8000,1,3,1,2,1,2,5,3,4,10
SF,IC2003,2019-12-04 09:34:13.300,4809.8000,37343,-3,945426600.000,3,0,3,双平,S,4808.2000,4808.0000,4807.4000,4806.6000,4806.0000,4810.0000,4811.6000,4811.8000,4812.0000,4812.8000,1,3,1,2,1,5,1,3,4,10
SF,IC2003,2019-12-04 09:34:13.800,4810.0000,37341,-2,950236600.000,5,1,4,多平,S,4810.0000,4808.6000,4808.2000,4808.0000,4807.4000,4811.6000,4811.8000,4812.0000,4812.8000,4814.4000,2,2,1,3,2,1,3,4,10,5
SF,IC2003,2019-12-04 09:34:14.300,4809.8000,37339,-2,953122560.000,3,0,3,多平,S,4809.2000,4808.2000,4808.0000,4807.4000,4806.6000,4809.8000,4810.0000,4810.6000,4810.8000,4811.2000,1,1,3,2,2,1,6,3,1,3
SF,IC2003,2019-12-04 09:34:14.800,4809.8000,37339,0,953122560.000,0,-,-,-,-,4809.2000,4808.2000,4808.0000,4807.4000,4806.6000,4809.8000,4810.6000,4810.8000,4811.2000,4811.4000,1,1,3,2,3,1,3,1,3,3
SF,IC2003,2019-12-04 09:34:15.300,4809.2000,37338,-1,954084400.000,1,0,1,双平,S,4808.2000,4808.0000,4807.4000,4806.6000,4806.0000,4810.6000,4810.8000,4811.2000,4811.4000,4811.6000,1,3,2,3,1,3,1,3,3,1
SF,IC2003,2019-12-04 09:34:15.800,4809.2000,37338,0,954084400.000,0,-,-,-,-,4808.6000,4808.2000,4808.0000,4807.4000,4806.6000,4810.4000,4810.6000,4810.8000,4811.2000,4811.4000,2,1,3,2,3,2,3,1,3,2
SF,IC2003,2019-12-04 09:34:16.300,4809.2000,37338,0,954084400.000,0,-,-,-,-,4808.8000,4808.0000,4807.4000,4806.6000,4806.0000,4810.6000,4810.8000,4811.2000,4811.4000,4811.6000,1,3,2,3,1,3,1,3,2,1
SF,IC2003,2019-12-04 09:34:16.800,4809.2000,37338,0,954084400.000,0,-,-,-,-,4809.0000,4808.8000,4808.0000,4807.4000,4806.6000,4810.4000,4810.6000,4810.8000,4811.2000,4811.4000,1,1,3,2,3,1,3,1,4,2
SF,IC2003,2019-12-04 09:34:17.300,4809.2000,37338,0,954084400.000,0,-,-,-,-,4809.2000,4809.0000,4808.0000,4807.4000,4806.6000,4810.4000,4810.6000,4810.8000,4811.2000,4811.4000,1,1,3,2,3,1,3,1,4,2
SF,IC2003,2019-12-04 09:34:17.800,4809.2000,37338,0,954084400.000,0,-,-,-,-,4809.0000,4808.0000,4807.4000,4806.6000,4806.0000,4810.0000,4810.2000,4810.4000,4810.6000,4810.8000,1,3,2,3,1,1,2,1,3,1
SF,IC2003,2019-12-04 09:34:18.300,4809.2000,37338,0,954084400.000,0,-,-,-,-,4809.0000,4808.0000,4807.4000,4806.6000,4806.0000,4810.0000,4810.2000,4810.6000,4810.8000,4811.2000,1,3,2,3,1,1,2,3,1,4
SF,IC2003,2019-12-04 09:34:18.800,4809.2000,37338,0,954084400.000,0,-,-,-,-,4809.0000,4808.0000,4807.4000,4806.6000,4806.0000,4810.0000,4810.2000,4810.6000,4810.8000,4811.2000,1,3,2,3,1,1,4,3,1,4
SF,IC2003,2019-12-04 09:34:19.300,4810.0000,37338,0,955046400.000,1,0,1,多换,S,4809.0000,4808.0000,4807.4000,4806.6000,4806.0000,4810.2000,4810.6000,4810.8000,4811.2000,4811.4000,1,3,2,3,1,4,3,1,4,1
SF,IC2003,2019-12-04 09:34:19.800,4810.0000,37338,0,955046400.000,0,-,-,-,-,4809.0000,4808.0000,4807.4000,4806.6000,4806.0000,4810.2000,4810.6000,4810.8000,4811.0000,4811.2000,1,3,2,3,1,4,3,1,1,4
SF,IC2003,2019-12-04 09:34:20.800,4810.0000,37338,0,955046400.000,0,-,-,-,-,4809.0000,4808.0000,4807.4000,4806.6000,4806.0000,4809.8000,4810.0000,4810.2000,4810.8000,4811.0000,1,3,2,3,1,1,1,4,1,1
SF,IC2003,2019-12-04 09:34:21.300,4810.0000,37338,0,955046400.000,0,-,-,-,-,4809.0000,4808.0000,4807.4000,4806.6000,4806.0000,4809.6000,4810.2000,4810.8000,4811.0000,4811.2000,1,3,2,3,1,1,4,1,1,4
SF,IC2003,2019-12-04 09:34:21.800,4809.0000,37337,-1,956008200.000,1,0,1,双平,S,4809.0000,4808.0000,4807.4000,4806.6000,4806.0000,4809.6000,4810.2000,4810.8000,4811.0000,4811.2000,1,3,2,3,1,1,4,1,1,4
SF,IC2003,2019-12-04 09:34:22.300,4810.2000,37338,1,957932160.000,2,1,1,空开,S,4809.6000,4809.2000,4809.0000,4808.0000,4807.4000,4810.2000,4810.8000,4811.0000,4811.2000,4811.4000,2,1,1,3,2,1,1,1,4,1
SF,IC2003,2019-12-04 09:34:22.800,4810.2000,37338,0,958894200.000,1,0,1,多换,S,4809.8000,4809.6000,4809.0000,4808.0000,4807.4000,4811.0000,4811.2000,4811.4000,4811.6000,4811.8000,1,2,2,3,2,1,2,1,1,3
SF,IC2003,2019-12-04 09:34:23.300,4810.2000,37338,0,958894200.000,0,-,-,-,-,4810.2000,4809.8000,4809.6000,4809.0000,4808.0000,4811.0000,4811.2000,4811.4000,4811.6000,4811.8000,2,1,2,2,3,1,2,1,1,3
SF,IC2003,2019-12-04 09:34:23.800,4810.2000,37338,0,958894200.000,0,-,-,-,-,4810.2000,4809.8000,4809.6000,4809.0000,4808.0000,4810.8000,4811.0000,4811.4000,4811.6000,4811.8000,2,1,2,2,3,1,1,1,1,3
SF,IC2003,2019-12-04 09:34:24.300,4810.8000,37338,0,959856360.000,1,0,1,多换,S,4810.2000,4809.8000,4809.6000,4809.0000,4808.0000,4811.0000,4811.4000,4811.6000,4811.8000,4812.0000,2,1,2,2,3,1,1,1,3,3
SF,IC2003,2019-12-04 09:34:24.800,4810.8000,37338,0,959856360.000,0,-,-,-,-,4810.2000,4809.8000,4809.6000,4809.0000,4808.0000,4811.0000,4811.4000,4811.8000,4812.0000,4812.8000,2,1,2,2,3,1,1,3,3,10
SF,IC2003,2019-12-04 09:34:26.300,4810.8000,37338,0,959856360.000,0,-,-,-,-,4809.8000,4809.6000,4809.0000,4808.0000,4807.4000,4811.0000,4811.4000,4811.8000,4812.0000,4812.8000,1,2,2,3,2,1,1,3,3,10
SF,IC2003,2019-12-04 09:34:26.800,4810.8000,37339,1,960818520.000,1,1,0,双开,S,4809.8000,4809.6000,4809.0000,4808.0000,4807.4000,4811.0000,4811.4000,4811.8000,4812.0000,4812.8000,1,2,2,3,2,1,1,3,3,10
SF,IC2003,2019-12-04 09:34:27.300,4810.8000,37339,0,960818520.000,0,-,-,-,-,4809.8000,4809.0000,4808.0000,4807.4000,4806.6000,4810.8000,4811.0000,4811.4000,4811.8000,4812.0000,1,2,3,2,2,2,1,1,3,3
SF,IC2003,2019-12-04 09:34:27.800,4809.8000,37339,0,961780480.000,1,0,1,多换,S,4809.0000,4808.0000,4807.4000,4806.6000,4806.0000,4810.8000,4811.0000,4811.4000,4811.8000,4812.0000,2,3,2,2,1,3,1,1,3,3
SF,IC2003,2019-12-04 09:34:28.300,4809.8000,37339,0,961780480.000,0,-,-,-,-,4809.4000,4809.2000,4809.0000,4808.0000,4807.4000,4810.6000,4810.8000,4811.0000,4811.4000,4811.8000,2,1,2,3,2,1,3,1,1,3
SF,IC2003,2019-12-04 09:34:28.800,4809.8000,37339,0,961780480.000,0,-,-,-,-,4809.2000,4809.0000,4808.0000,4807.4000,4806.6000,4809.4000,4810.6000,4810.8000,4811.0000,4811.4000,1,3,3,2,2,1,1,3,1,1
SF,IC2003,2019-12-04 09:34:29.300,4809.4000,37338,-1,962742360.000,1,0,1,双平,S,4809.6000,4809.4000,4809.2000,4809.0000,4808.0000,4810.6000,4810.8000,4811.0000,4811.4000,4812.0000,1,7,1,3,3,1,2,1,1,3
SF,IC2003,2019-12-04 09:34:29.800,4809.4000,37338,0,962742360.000,0,-,-,-,-,4809.6000,4809.4000,4809.2000,4809.0000,4808.0000,4810.6000,4810.8000,4811.0000,4811.4000,4812.0000,1,4,1,3,3,1,2,1,1,3
