市场代码,合约代码,时间,最新,持仓,增仓,成交额,成交量,开仓,平仓,成交类型,方向,买一价,买二价,买三价,买四价,买五价,卖一价,卖二价,卖三价,卖四价,卖五价,买一量,买二量,买三量,买四量,买五量,卖一量,卖二量,卖三量,卖四量,卖五量
SF,IC2007,2020-06-02 09:29:00.000,5473.2000,9214,0,4378560.000,4.000,-,-,-,-,5473.0000,5471.0000,5466.0000,5465.0000,5463.0000,5479.0000,5483.0000,5486.2000,5487.0000,5488.0000,1,1,2,1,1,1,3,1,1,5
SF,IC2007,2020-06-02 09:30:00.500,5483.0000,9215,1,8764160.000,4,2,2,空开,S,5482.8000,5482.4000,5479.6000,5479.0000,5473.2000,5486.2000,5487.0000,5488.0000,5495.6000,5495.8000,1,1,12,3,5,1,1,1,1,1
SF,IC2007,2020-06-02 09:30:01.000,5486.0000,9213,-2,10958560.000,2,0,2,双平,S,5483.0000,5482.8000,5479.6000,5479.0000,5473.2000,5486.0000,5487.0000,5488.0000,5495.6000,5495.8000,1,1,12,2,4,5,1,1,1,1
SF,IC2007,2020-06-02 09:30:01.500,5483.0000,9211,-2,13152360.000,2,0,2,双平,S,5482.8000,5480.6000,5479.6000,5479.0000,5475.2000,5486.0000,5487.0000,5488.0000,5495.6000,5495.8000,1,3,13,2,5,3,1,1,1,1
SF,IC2007,2020-06-02 09:30:02.000,5483.0000,9211,0,13152360.000,0,-,-,-,-,5483.2000,5483.0000,5482.8000,5480.6000,5479.6000,5485.8000,5486.0000,5487.0000,5488.0000,5495.6000,1,1,1,3,13,1,3,1,1,1
SF,IC2007,2020-06-02 09:30:02.500,5485.6000,9209,-2,15346600.000,2,0,2,双平,S,5484.6000,5483.8000,5483.6000,5483.4000,5483.2000,5485.6000,5487.0000,5488.0000,5495.6000,5495.8000,2,2,1,1,1,3,1,1,1,1
SF,IC2007,2020-06-02 09:30:03.000,5484.8000,9209,0,18637480.000,3,1,2,多换,S,5483.4000,5483.2000,5482.8000,5480.6000,5479.6000,5485.4000,5485.6000,5487.0000,5488.0000,5495.6000,1,1,1,3,14,2,3,1,1,1
SF,IC2007,2020-06-02 09:30:03.500,5485.2000,9207,-2,21927840.000,3,0,3,多平,S,5480.6000,5479.6000,5479.0000,5475.2000,5475.0000,5485.2000,5485.4000,5487.0000,5488.0000,5495.8000,3,14,2,5,1,3,2,1,1,1
SF,IC2007,2020-06-02 09:30:04.000,5485.2000,9207,0,21927840.000,0,-,-,-,-,5482.2000,5481.4000,5481.2000,5481.0000,5480.8000,5485.0000,5485.2000,5487.0000,5488.0000,5495.8000,2,1,1,6,3,3,3,1,1,1
SF,IC2007,2020-06-02 09:30:04.500,5484.8000,9206,-1,24121240.000,2,0,2,多平,S,5481.2000,5480.6000,5479.6000,5479.0000,5475.2000,5484.8000,5485.0000,5487.0000,5488.0000,5495.8000,1,3,14,2,5,2,3,1,1,1
SF,IC2007,2020-06-02 09:30:05.000,5484.8000,9206,0,25218200.000,1,0,1,多换,S,5481.4000,5480.6000,5479.6000,5479.0000,5475.2000,5483.8000,5484.6000,5484.8000,5487.0000,5488.0000,1,3,14,2,5,1,3,2,1,1
SF,IC2007,2020-06-02 09:30:05.500,5484.8000,9206,0,25218200.000,0,-,-,-,-,5481.4000,5480.6000,5479.6000,5479.0000,5475.0000,5482.2000,5483.6000,5483.8000,5484.6000,5486.8000,1,3,14,2,1,1,4,1,1,5
SF,IC2007,2020-06-02 09:30:06.000,5480.6000,9205,-1,27410600.000,2,0,2,多平,S,5480.6000,5479.6000,5479.0000,5475.0000,5473.2000,5481.4000,5482.0000,5482.2000,5483.8000,5484.6000,2,14,2,1,2,3,3,1,1,1
SF,IC2007,2020-06-02 09:30:06.500,5480.6000,9201,-4,35083480.000,7,1,6,多平,S,5479.6000,5479.0000,5475.0000,5473.2000,5472.8000,5481.0000,5481.2000,5482.2000,5483.8000,5484.6000,14,2,1,2,1,4,3,1,1,1
SF,IC2007,2020-06-02 09:30:07.000,5479.6000,9198,-3,42754920.000,7,2,5,多平,S,5479.6000,5479.0000,5475.0000,5473.2000,5471.0000,5479.8000,5480.8000,5482.2000,5483.8000,5484.6000,7,2,1,2,1,1,4,1,1,1
SF,IC2007,2020-06-02 09:30:07.500,5479.6000,9192,-6,50426440.000,7,0,7,多平,S,5479.6000,5479.0000,5475.0000,5471.0000,5469.4000,5482.2000,5483.8000,5484.6000,5486.8000,5487.0000,4,2,1,1,5,1,1,1,5,1
SF,IC2007,2020-06-02 09:30:08.000,5479.6000,9193,1,54810120.000,4,2,2,空开,S,5479.0000,5475.0000,5471.0000,5469.4000,5466.0000,5479.4000,5479.6000,5482.0000,5482.2000,5482.4000,2,1,1,5,2,2,3,2,1,1
SF,IC2007,2020-06-02 09:30:08.500,5479.0000,9192,-1,58097520.000,3,1,2,多平,S,5475.0000,5471.0000,5469.4000,5466.0000,5463.0000,5479.0000,5479.6000,5482.0000,5482.2000,5482.4000,1,1,5,2,1,1,3,2,1,1
SF,IC2007,2020-06-02 09:30:09.000,5479.0000,9192,0,58097520.000,0,-,-,-,-,5478.4000,5478.2000,5477.6000,5477.2000,5476.8000,5478.8000,5479.0000,5479.6000,5482.2000,5482.4000,1,1,2,1,3,2,1,3,1,1
SF,IC2007,2020-06-02 09:30:09.500,5477.2000,9191,-1,61384320.000,3,1,2,多平,S,5475.6000,5475.4000,5475.2000,5475.0000,5471.0000,5478.2000,5479.6000,5482.2000,5486.8000,5487.0000,3,2,3,1,1,3,2,1,5,1
SF,IC2007,2020-06-02 09:30:10.000,5475.8000,9191,0,62479480.000,1,0,1,多换,S,5476.8000,5476.0000,5475.8000,5475.6000,5475.4000,5478.0000,5478.2000,5478.6000,5479.6000,5482.2000,1,2,1,2,2,2,3,1,2,1
SF,IC2007,2020-06-02 09:30:10.500,5479.6000,9194,3,72340080.000,9,6,3,空开,S,5481.0000,5476.0000,5475.6000,5475.4000,5475.0000,5482.0000,5482.2000,5486.8000,5487.0000,5488.0000,1,1,2,2,1,1,1,5,1,1
SF,IC2007,2020-06-02 09:30:11.000,5481.0000,9194,0,73436280.000,1,0,1,多换,S,5475.0000,5471.0000,5466.0000,5463.6000,5463.0000,5480.6000,5480.8000,5481.0000,5481.8000,5482.0000,1,1,2,5,1,5,10,4,3,1
SF,IC2007,2020-06-02 09:30:11.500,5481.0000,9194,0,73436280.000,0,-,-,-,-,5475.2000,5475.0000,5471.0000,5466.0000,5463.6000,5478.4000,5478.6000,5479.4000,5479.6000,5480.0000,1,1,1,2,5,1,1,1,2,2
SF,IC2007,2020-06-02 09:30:12.000,5478.6000,9193,-1,74532000.000,1,0,1,双平,S,5478.0000,5475.2000,5475.0000,5471.0000,5466.0000,5478.2000,5478.6000,5479.4000,5479.6000,5480.0000,3,1,1,1,2,2,1,1,2,2
SF,IC2007,2020-06-02 09:30:12.500,5478.0000,9193,0,77818800.000,3,1,2,多换,S,5475.2000,5475.0000,5471.0000,5466.0000,5463.6000,5477.4000,5477.8000,5478.0000,5478.6000,5479.4000,1,1,1,2,5,1,6,2,1,1
SF,IC2007,2020-06-02 09:30:13.000,5477.6000,9192,-1,78914320.000,1,0,1,双平,S,5475.2000,5475.0000,5471.0000,5466.0000,5463.6000,5478.6000,5479.4000,5479.6000,5480.0000,5480.6000,1,1,1,2,5,1,1,2,1,1
SF,IC2007,2020-06-02 09:30:13.500,5477.6000,9192,0,78914320.000,0,-,-,-,-,5475.8000,5475.4000,5475.2000,5475.0000,5471.0000,5478.4000,5478.6000,5480.6000,5480.8000,5481.0000,1,3,1,1,1,2,1,1,2,2
SF,IC2007,2020-06-02 09:30:14.000,5478.4000,9190,-2,81105680.000,2,0,2,双平,S,5476.0000,5475.8000,5475.6000,5475.4000,5475.0000,5480.8000,5481.0000,5481.8000,5482.2000,5486.8000,3,1,1,3,1,1,2,2,1,5
SF,IC2007,2020-06-02 09:30:14.500,5477.0000,9190,0,82201080.000,1,0,1,多换,S,5477.0000,5476.0000,5475.8000,5475.4000,5475.0000,5479.4000,5480.6000,5480.8000,5481.0000,5481.8000,4,2,1,2,1,1,1,1,3,2
SF,IC2007,2020-06-02 09:30:15.000,5477.0000,9190,0,82201080.000,0,-,-,-,-,5477.2000,5477.0000,5476.0000,5475.8000,5475.4000,5479.2000,5479.4000,5480.8000,5481.0000,5481.8000,1,4,2,1,2,1,1,1,3,2
SF,IC2007,2020-06-02 09:30:15.500,5477.0000,9190,0,82201080.000,0,-,-,-,-,5477.8000,5477.2000,5477.0000,5476.0000,5475.8000,5479.4000,5480.8000,5481.0000,5481.8000,5482.2000,1,1,4,2,1,1,1,3,2,1
SF,IC2007,2020-06-02 09:30:16.000,5478.0000,9188,-2,84392560.000,2,0,2,双平,S,5478.0000,5477.8000,5477.0000,5476.0000,5475.8000,5480.8000,5481.0000,5481.8000,5482.2000,5483.0000,1,1,4,2,1,1,3,2,1,1
SF,IC2007,2020-06-02 09:30:16.500,5478.0000,9188,0,84392560.000,0,-,-,-,-,5478.2000,5478.0000,5477.8000,5477.0000,5476.0000,5480.6000,5481.0000,5481.8000,5482.2000,5483.0000,1,1,1,4,1,3,3,2,1,1
SF,IC2007,2020-06-02 09:30:17.000,5478.0000,9188,0,84392560.000,0,-,-,-,-,5478.6000,5478.4000,5478.2000,5477.8000,5477.0000,5480.6000,5481.8000,5483.0000,5484.4000,5486.8000,1,1,1,1,4,3,2,1,1,5
SF,IC2007,2020-06-02 09:30:17.500,5478.0000,9188,0,84392560.000,0,-,-,-,-,5478.8000,5478.6000,5478.2000,5477.8000,5477.0000,5480.6000,5481.8000,5483.0000,5486.8000,5487.0000,1,1,1,1,4,1,2,1,5,1
SF,IC2007,2020-06-02 09:30:18.000,5480.6000,9187,-1,85488680.000,1,0,1,双平,S,5480.8000,5478.8000,5478.6000,5478.2000,5477.8000,5481.8000,5483.0000,5486.8000,5487.0000,5488.0000,1,1,1,1,1,2,1,5,1,1
SF,IC2007,2020-06-02 09:30:18.500,5480.6000,9187,0,87680920.000,2,1,1,多换,S,5479.0000,5478.8000,5478.2000,5477.8000,5477.0000,5480.6000,5480.8000,5481.0000,5481.6000,5481.8000,1,1,1,1,4,8,3,4,2,2
SF,IC2007,2020-06-02 09:30:19.000,5479.8000,9186,-1,94256440.000,6,2,4,多平,S,5478.2000,5477.8000,5477.0000,5476.0000,5475.8000,5480.8000,5481.8000,5483.0000,5486.8000,5487.0000,1,1,4,1,1,1,2,1,5,1
SF,IC2007,2020-06-02 09:30:19.500,5480.8000,9185,-1,95352600.000,1,0,1,双平,S,5478.4000,5478.2000,5477.0000,5476.0000,5475.8000,5481.8000,5483.0000,5486.8000,5487.0000,5488.0000,1,1,4,1,1,2,1,5,1,1
SF,IC2007,2020-06-02 09:30:20.000,5480.8000,9185,0,95352600.000,0,-,-,-,-,5478.6000,5478.4000,5477.0000,5476.0000,5475.8000,5481.6000,5483.0000,5486.8000,5487.0000,5488.0000,1,1,4,1,1,1,1,5,1,1
SF,IC2007,2020-06-02 09:30:20.500,5480.8000,9185,0,95352600.000,0,-,-,-,-,5478.8000,5478.6000,5477.0000,5476.0000,5475.8000,5481.6000,5483.0000,5486.8000,5487.0000,5488.0000,1,1,4,1,1,1,1,5,1,1
SF,IC2007,2020-06-02 09:30:21.000,5480.8000,9185,0,95352600.000,0,-,-,-,-,5479.0000,5478.8000,5477.0000,5476.0000,5475.8000,5481.6000,5483.0000,5486.8000,5487.0000,5488.0000,1,1,4,1,1,1,1,5,1,1
SF,IC2007,2020-06-02 09:30:21.500,5480.8000,9185,0,95352600.000,0,-,-,-,-,5479.2000,5479.0000,5477.0000,5476.0000,5475.8000,5481.6000,5483.0000,5486.8000,5487.0000,5488.0000,1,1,4,1,1,1,1,5,1,1
SF,IC2007,2020-06-02 09:30:22.000,5480.8000,9185,0,95352600.000,0,-,-,-,-,5479.2000,5479.0000,5477.0000,5476.0000,5475.8000,5483.0000,5486.8000,5487.0000,5488.0000,5494.6000,1,1,4,1,1,1,5,1,1,2
SF,IC2007,2020-06-02 09:30:22.500,5480.8000,9185,0,95352600.000,0,-,-,-,-,5481.6000,5479.4000,5479.2000,5477.0000,5476.0000,5482.0000,5482.8000,5483.0000,5486.8000,5487.0000,1,1,1,4,1,1,1,1,5,1
SF,IC2007,2020-06-02 09:30:23.000,5481.6000,9184,-1,96448920.000,1,0,1,双平,S,5479.4000,5479.2000,5477.0000,5476.0000,5475.8000,5481.6000,5481.8000,5482.0000,5483.0000,5486.8000,1,1,4,1,1,1,1,1,1,5
SF,IC2007,2020-06-02 09:30:23.500,5482.0000,9184,0,97545320.000,1,0,1,多换,S,5479.6000,5479.4000,5477.0000,5476.0000,5475.8000,5483.0000,5486.8000,5487.0000,5488.0000,5494.6000,1,1,4,1,1,1,5,1,1,2
SF,IC2007,2020-06-02 09:30:24.000,5482.0000,9184,0,97545320.000,0,-,-,-,-,5479.8000,5479.6000,5477.0000,5476.0000,5475.8000,5482.8000,5483.0000,5486.8000,5487.0000,5488.0000,1,1,4,1,1,2,1,5,1,1
SF,IC2007,2020-06-02 09:30:24.500,5482.0000,9184,0,97545320.000,0,-,-,-,-,5480.0000,5479.8000,5477.0000,5476.0000,5475.8000,5482.8000,5483.0000,5486.8000,5487.0000,5488.0000,1,1,4,1,1,2,1,5,1,1
SF,IC2007,2020-06-02 09:30:25.000,5482.8000,9184,0,98641880.000,1,0,1,多换,S,5480.2000,5480.0000,5477.0000,5476.0000,5475.8000,5482.8000,5483.0000,5486.8000,5487.0000,5488.0000,1,1,4,1,1,1,1,5,1,1
SF,IC2007,2020-06-02 09:30:25.500,5482.8000,9184,0,98641880.000,0,-,-,-,-,5480.4000,5480.2000,5477.0000,5476.0000,5475.8000,5482.6000,5482.8000,5483.0000,5486.8000,5487.0000,1,1,4,1,1,1,1,1,5,1
SF,IC2007,2020-06-02 09:30:26.000,5480.4000,9183,-1,99737960.000,1,0,1,双平,S,5480.2000,5477.0000,5476.0000,5475.8000,5475.0000,5482.6000,5482.8000,5483.0000,5486.8000,5487.0000,1,4,1,1,1,1,1,1,5,1
SF,IC2007,2020-06-02 09:30:26.500,5480.4000,9183,0,99737960.000,0,-,-,-,-,5480.4000,5480.2000,5477.0000,5476.0000,5475.8000,5483.0000,5486.8000,5487.0000,5488.0000,5494.6000,1,1,4,1,1,1,5,1,1,2
SF,IC2007,2020-06-02 09:30:27.000,5480.4000,9183,0,100834040.000,1,0,1,多换,S,5480.6000,5480.4000,5477.0000,5476.0000,5475.8000,5482.8000,5483.0000,5486.8000,5487.0000,5488.0000,1,1,4,1,1,1,1,5,1,1
SF,IC2007,2020-06-02 09:30:27.500,5480.6000,9182,-1,101930160.000,1,0,1,双平,S,5480.6000,5477.0000,5476.0000,5475.8000,5475.2000,5482.8000,5483.0000,5486.8000,5487.0000,5488.0000,1,4,1,1,5,1,1,5,1,1
SF,IC2007,2020-06-02 09:30:28.000,5480.6000,9182,0,101930160.000,0,-,-,-,-,5480.8000,5480.6000,5477.0000,5476.0000,5475.8000,5482.8000,5483.0000,5486.8000,5487.0000,5488.0000,3,1,4,1,1,1,1,5,1,1
SF,IC2007,2020-06-02 09:30:28.500,5480.6000,9181,-1,103026280.000,1,0,1,双平,S,5480.8000,5480.6000,5477.0000,5476.0000,5475.8000,5482.8000,5483.0000,5486.8000,5487.0000,5488.0000,2,1,4,1,1,1,1,5,1,1
SF,IC2007,2020-06-02 09:30:29.000,5480.6000,9180,-1,106314720.000,3,1,2,多平,S,5477.0000,5476.0000,5475.8000,5475.0000,5472.0000,5480.6000,5482.8000,5483.0000,5486.8000,5487.0000,4,1,1,1,1,1,1,1,5,1
SF,IC2007,2020-06-02 09:30:29.500,5480.6000,9180,0,108506960.000,2,1,1,多换,S,5478.4000,5478.2000,5477.6000,5477.4000,5477.0000,5483.0000,5486.8000,5487.0000,5488.0000,5494.6000,2,2,1,2,4,1,5,1,1,2
SF,IC2007,2020-06-02 09:30:30.000,5480.6000,9180,0,108506960.000,0,-,-,-,-,5479.0000,5478.6000,5478.4000,5478.2000,5477.4000,5482.8000,5483.0000,5486.8000,5487.0000,5488.0000,1,1,2,2,2,1,1,5,1,1
SF,IC2007,2020-06-02 09:30:30.500,5480.6000,9180,0,108506960.000,0,-,-,-,-,5479.2000,5479.0000,5477.4000,5477.0000,5476.0000,5482.8000,5483.0000,5486.8000,5487.0000,5488.0000,1,1,1,4,1,2,1,5,1,1
SF,IC2007,2020-06-02 09:30:31.000,5482.6000,9177,-3,111796440.000,3,0,3,双平,S,5479.2000,5477.4000,5477.0000,5476.0000,5475.0000,5482.6000,5482.8000,5483.0000,5486.8000,5487.0000,1,1,4,1,1,3,2,1,5,1
SF,IC2007,2020-06-02 09:30:31.500,5482.6000,9177,0,112892960.000,1,0,1,多换,S,5479.2000,5477.4000,5477.0000,5476.0000,5475.0000,5482.6000,5482.8000,5483.0000,5486.8000,5487.0000,1,1,4,1,1,2,1,1,5,1
SF,IC2007,2020-06-02 09:30:32.000,5482.6000,9177,0,112892960.000,0,-,-,-,-,5479.6000,5479.4000,5479.2000,5477.4000,5477.0000,5482.4000,5482.8000,5483.0000,5486.8000,5487.0000,1,1,1,1,4,1,1,1,5,1
SF,IC2007,2020-06-02 09:30:32.500,5482.6000,9177,0,112892960.000,0,-,-,-,-,5479.8000,5479.6000,5479.4000,5477.4000,5477.0000,5482.4000,5482.8000,5483.0000,5486.8000,5487.0000,1,1,1,1,4,1,1,1,5,1
SF,IC2007,2020-06-02 09:30:33.500,5482.6000,9177,0,112892960.000,0,-,-,-,-,5479.8000,5479.6000,5479.4000,5477.4000,5477.0000,5482.4000,5482.8000,5483.0000,5486.8000,5487.0000,1,1,1,1,4,1,1,1,5,1
SF,IC2007,2020-06-02 09:30:34.500,5482.6000,9177,0,112892960.000,0,-,-,-,-,5479.8000,5477.4000,5477.0000,5476.0000,5475.0000,5482.4000,5482.8000,5483.0000,5486.8000,5487.0000,1,1,4,1,2,1,1,1,5,1
SF,IC2007,2020-06-02 09:30:35.000,5482.4000,9177,0,113989440.000,1,0,1,多换,S,5479.8000,5477.4000,5477.0000,5476.0000,5475.0000,5482.8000,5483.0000,5486.8000,5487.0000,5488.0000,1,1,4,1,2,1,2,5,1,1
SF,IC2007,2020-06-02 09:30:35.500,5482.4000,9177,0,113989440.000,0,-,-,-,-,5479.8000,5477.4000,5477.0000,5476.0000,5475.0000,5482.6000,5482.8000,5483.0000,5486.8000,5487.0000,1,1,4,1,2,3,1,2,5,1
SF,IC2007,2020-06-02 09:30:36.000,5482.4000,9177,0,116181880.000,2,1,1,多换,S,5477.4000,5477.0000,5476.0000,5475.0000,5471.0000,5482.4000,5482.6000,5482.8000,5483.0000,5486.8000,1,4,1,2,1,1,3,1,2,5
SF,IC2007,2020-06-02 09:30:36.500,5482.4000,9177,0,116181880.000,0,-,-,-,-,5478.2000,5478.0000,5477.6000,5477.4000,5477.0000,5482.2000,5482.6000,5482.8000,5483.0000,5486.8000,1,1,1,1,4,2,1,1,2,5
SF,IC2007,2020-06-02 09:30:37.000,5482.4000,9177,0,116181880.000,0,-,-,-,-,5478.4000,5478.2000,5478.0000,5477.4000,5477.0000,5482.2000,5482.4000,5482.6000,5482.8000,5483.0000,1,1,1,1,4,3,1,1,1,2
SF,IC2007,2020-06-02 09:30:37.500,5482.4000,9177,0,116181880.000,0,-,-,-,-,5478.4000,5478.2000,5478.0000,5477.0000,5476.0000,5482.0000,5482.2000,5482.4000,5482.6000,5482.8000,1,1,1,4,1,1,2,1,1,1
SF,IC2007,2020-06-02 09:30:38.000,5482.4000,9177,0,116181880.000,0,-,-,-,-,5478.4000,5477.0000,5476.0000,5475.0000,5471.0000,5481.8000,5482.0000,5482.4000,5482.8000,5483.0000,1,4,1,2,1,2,2,1,1,2
SF,IC2007,2020-06-02 09:30:38.500,5482.4000,9177,0,116181880.000,0,-,-,-,-,5479.0000,5478.8000,5478.4000,5477.0000,5476.0000,5481.8000,5482.0000,5482.4000,5482.8000,5483.0000,1,1,1,4,1,2,2,1,1,2
SF,IC2007,2020-06-02 09:30:39.000,5482.4000,9177,0,116181880.000,0,-,-,-,-,5479.2000,5477.0000,5476.0000,5475.0000,5471.0000,5481.4000,5481.6000,5481.8000,5482.0000,5482.4000,1,4,1,2,1,1,1,2,1,1
SF,IC2007,2020-06-02 09:30:39.500,5482.4000,9177,0,117278360.000,1,0,1,多换,S,5479.2000,5477.0000,5476.0000,5475.0000,5471.0000,5481.4000,5481.6000,5481.8000,5482.0000,5482.4000,1,4,1,2,1,1,1,1,1,1
SF,IC2007,2020-06-02 09:30:40.000,5482.4000,9177,0,117278360.000,0,-,-,-,-,5479.2000,5477.0000,5476.0000,5475.0000,5471.0000,5481.2000,5481.4000,5481.8000,5482.0000,5482.4000,1,4,1,1,1,1,1,1,1,1
SF,IC2007,2020-06-02 09:30:40.500,5481.8000,9173,-4,121663800.000,4,0,4,双平,S,5479.2000,5477.0000,5476.0000,5475.0000,5471.0000,5481.2000,5481.8000,5482.0000,5482.4000,5482.8000,1,4,1,1,1,1,1,1,1,1
SF,IC2007,2020-06-02 09:30:41.000,5481.8000,9173,0,121663800.000,0,-,-,-,-,5479.2000,5477.0000,5476.0000,5475.0000,5471.0000,5481.6000,5481.8000,5482.0000,5482.4000,5482.8000,1,4,1,1,1,1,2,1,1,1
SF,IC2007,2020-06-02 09:30:41.500,5481.8000,9173,0,121663800.000,0,-,-,-,-,5479.2000,5477.0000,5476.0000,5475.0000,5471.0000,5481.0000,5481.4000,5481.6000,5481.8000,5482.0000,1,4,1,1,1,1,2,1,2,1
SF,IC2007,2020-06-02 09:30:42.000,5481.8000,9173,0,121663800.000,0,-,-,-,-,5479.2000,5477.0000,5476.0000,5475.0000,5471.0000,5480.8000,5481.0000,5481.4000,5481.6000,5481.8000,1,4,1,1,1,1,1,1,1,2
SF,IC2007,2020-06-02 09:30:43.000,5481.8000,9173,0,121663800.000,0,-,-,-,-,5480.6000,5479.2000,5477.0000,5476.0000,5475.0000,5480.8000,5481.0000,5481.4000,5481.6000,5481.8000,1,1,4,1,1,1,1,1,1,2
SF,IC2007,2020-06-02 09:30:43.500,5480.6000,9173,0,122759920.000,1,0,1,多换,S,5479.2000,5477.0000,5476.0000,5475.0000,5471.0000,5480.4000,5480.6000,5480.8000,5481.0000,5481.4000,1,4,1,1,1,1,2,1,1,1
SF,IC2007,2020-06-02 09:30:44.000,5480.6000,9173,0,122759920.000,0,-,-,-,-,5477.0000,5476.0000,5475.0000,5471.0000,5469.4000,5479.2000,5480.2000,5480.4000,5480.6000,5481.0000,4,1,1,1,5,1,1,1,4,1
SF,IC2007,2020-06-02 09:30:44.500,5480.6000,9173,0,122759920.000,0,-,-,-,-,5477.4000,5477.2000,5477.0000,5476.0000,5475.0000,5479.2000,5480.2000,5480.6000,5481.4000,5481.6000,1,2,4,1,1,1,1,4,1,1
SF,IC2007,2020-06-02 09:30:45.000,5480.6000,9173,0,122759920.000,0,-,-,-,-,5477.6000,5477.4000,5477.2000,5477.0000,5476.0000,5479.2000,5480.2000,5480.6000,5481.4000,5481.6000,1,1,1,4,1,1,1,2,1,1
SF,IC2007,2020-06-02 09:30:47.000,5480.6000,9173,0,122759920.000,0,-,-,-,-,5477.6000,5477.0000,5476.0000,5475.0000,5471.0000,5479.2000,5480.2000,5480.6000,5481.4000,5481.6000,1,4,1,1,1,1,1,2,1,1
SF,IC2007,2020-06-02 09:30:47.500,5480.6000,9173,0,122759920.000,0,-,-,-,-,5477.6000,5477.0000,5476.0000,5475.0000,5471.0000,5479.0000,5479.2000,5480.6000,5481.4000,5481.6000,1,4,1,1,1,1,1,2,1,1
SF,IC2007,2020-06-02 09:30:48.000,5480.6000,9173,0,122759920.000,0,-,-,-,-,5477.6000,5477.0000,5476.0000,5475.0000,5471.0000,5479.2000,5480.6000,5481.4000,5481.6000,5481.8000,1,4,1,1,1,1,2,1,1,1
SF,IC2007,2020-06-02 09:30:48.500,5480.6000,9173,0,122759920.000,0,-,-,-,-,5477.6000,5477.0000,5476.0000,5475.0000,5471.0000,5479.0000,5479.2000,5480.6000,5481.4000,5481.6000,1,4,1,1,1,1,1,2,1,1
SF,IC2007,2020-06-02 09:30:49.000,5477.6000,9172,-1,123855440.000,1,0,1,双平,S,5477.0000,5476.0000,5475.0000,5471.0000,5469.4000,5479.0000,5479.2000,5480.6000,5481.4000,5481.6000,4,1,1,1,5,1,1,2,1,1
SF,IC2007,2020-06-02 09:30:49.500,5477.6000,9172,0,123855440.000,0,-,-,-,-,5477.2000,5477.0000,5476.0000,5475.0000,5471.0000,5479.0000,5479.2000,5480.6000,5481.4000,5481.6000,1,4,1,1,1,1,1,2,1,1
SF,IC2007,2020-06-02 09:30:50.000,5477.6000,9172,0,123855440.000,0,-,-,-,-,5477.0000,5476.0000,5475.0000,5471.0000,5469.4000,5477.2000,5479.0000,5479.2000,5480.6000,5481.4000,4,1,1,1,5,3,1,1,2,1
SF,IC2007,2020-06-02 09:30:50.500,5477.0000,9169,-3,132618760.000,8,2,6,多平,S,5476.0000,5475.0000,5471.0000,5469.4000,5466.0000,5477.0000,5477.6000,5479.0000,5479.2000,5480.6000,1,1,1,5,2,2,1,1,1,2
SF,IC2007,2020-06-02 09:30:51.000,5477.0000,9169,0,133714160.000,1,0,1,多换,S,5476.2000,5476.0000,5475.0000,5473.0000,5471.0000,5477.0000,5477.6000,5479.0000,5479.2000,5480.6000,1,1,1,1,1,1,1,1,1,2
SF,IC2007,2020-06-02 09:30:51.500,5477.0000,9169,0,133714160.000,0,-,-,-,-,5477.2000,5476.2000,5476.0000,5475.0000,5473.0000,5477.6000,5479.0000,5479.2000,5480.6000,5481.4000,2,1,1,1,1,1,1,1,2,1
SF,IC2007,2020-06-02 09:30:52.000,5477.2000,9167,-2,137000480.000,3,0,3,多平,S,5476.2000,5476.0000,5475.0000,5473.0000,5471.0000,5477.2000,5477.6000,5479.0000,5479.2000,5480.6000,1,1,1,1,1,2,1,1,1,2
SF,IC2007,2020-06-02 09:30:52.500,5476.2000,9166,-1,138095720.000,1,0,1,双平,S,5476.0000,5475.0000,5473.0000,5471.0000,5469.4000,5477.2000,5477.6000,5479.0000,5479.2000,5480.6000,1,1,1,1,5,2,1,1,1,2
SF,IC2007,2020-06-02 09:30:53.000,5476.2000,9166,0,138095720.000,0,-,-,-,-,5476.0000,5475.0000,5473.0000,5471.0000,5469.4000,5477.0000,5477.2000,5477.6000,5479.2000,5480.6000,1,1,1,1,5,1,2,1,1,2
SF,IC2007,2020-06-02 09:30:53.500,5476.2000,9166,0,138095720.000,0,-,-,-,-,5476.0000,5475.0000,5473.0000,5471.0000,5469.4000,5477.0000,5477.2000,5477.6000,5479.2000,5480.6000,1,1,1,1,5,1,2,1,1,2
SF,IC2007,2020-06-02 09:30:54.000,5476.2000,9166,0,138095720.000,0,-,-,-,-,5476.0000,5475.0000,5473.0000,5471.0000,5469.4000,5477.0000,5477.6000,5479.2000,5480.6000,5481.4000,1,1,1,1,5,1,1,1,2,1
SF,IC2007,2020-06-02 09:30:55.000,5476.0000,9167,1,139190920.000,1,1,0,双开,S,5475.0000,5473.0000,5471.0000,5469.4000,5466.0000,5477.0000,5477.6000,5479.2000,5480.6000,5481.4000,1,1,1,5,2,1,1,1,2,1
SF,IC2007,2020-06-02 09:30:55.500,5476.0000,9167,0,139190920.000,0,-,-,-,-,5475.2000,5475.0000,5473.0000,5471.0000,5466.0000,5477.0000,5477.6000,5479.2000,5480.6000,5481.4000,1,1,1,1,2,1,1,1,2,1
SF,IC2007,2020-06-02 09:30:56.000,5476.0000,9167,0,139190920.000,0,-,-,-,-,5475.0000,5473.0000,5471.0000,5466.0000,5463.6000,5477.0000,5477.6000,5479.2000,5480.6000,5481.4000,1,1,1,2,5,1,1,1,2,1
SF,IC2007,2020-06-02 09:30:56.500,5476.0000,9167,0,139190920.000,0,-,-,-,-,5475.0000,5473.0000,5471.0000,5466.0000,5463.6000,5476.8000,5477.0000,5477.6000,5479.2000,5480.6000,1,1,1,2,5,1,1,1,1,2
SF,IC2007,2020-06-02 09:30:57.000,5476.0000,9167,0,139190920.000,0,-,-,-,-,5475.0000,5473.0000,5471.0000,5466.0000,5463.6000,5476.6000,5476.8000,5480.6000,5481.4000,5481.6000,1,1,1,2,5,1,1,2,1,1
SF,IC2007,2020-06-02 09:30:57.500,5476.0000,9167,0,139190920.000,0,-,-,-,-,5475.0000,5473.0000,5471.0000,5466.0000,5463.6000,5476.6000,5476.8000,5480.6000,5481.4000,5481.6000,1,1,1,2,5,1,2,2,1,1
SF,IC2007,2020-06-02 09:30:58.500,5475.0000,9167,0,140285920.000,1,0,1,多换,S,5473.0000,5471.0000,5466.0000,5463.6000,5463.0000,5475.0000,5476.6000,5476.8000,5480.6000,5481.4000,1,1,2,5,1,1,1,2,2,1
SF,IC2007,2020-06-02 09:30:59.000,5475.0000,9167,0,140285920.000,0,-,-,-,-,5473.2000,5473.0000,5471.0000,5466.0000,5463.6000,5474.8000,5475.0000,5476.8000,5480.6000,5481.4000,1,1,1,2,5,1,1,1,2,1
SF,IC2007,2020-06-02 09:31:01.500,5474.8000,9166,-1,141380880.000,1,0,1,双平,S,5473.2000,5473.0000,5471.0000,5466.0000,5463.6000,5475.0000,5481.4000,5481.6000,5482.8000,5483.0000,1,1,1,2,5,1,1,1,1,2
SF,IC2007,2020-06-02 09:31:02.000,5474.8000,9166,0,141380880.000,0,-,-,-,-,5473.2000,5473.0000,5471.0000,5466.0000,5463.6000,5475.0000,5481.4000,5481.6000,5482.8000,5483.0000,1,1,1,2,5,1,1,1,1,2
SF,IC2007,2020-06-02 09:31:02.500,5474.8000,9165,-1,142475840.000,1,0,1,双平,S,5473.2000,5473.0000,5471.0000,5466.0000,5463.6000,5475.0000,5481.4000,5481.6000,5482.8000,5483.0000,1,1,1,2,5,1,1,1,1,2
SF,IC2007,2020-06-02 09:31:03.000,5474.8000,9165,0,142475840.000,0,-,-,-,-,5473.2000,5473.0000,5471.0000,5466.0000,5463.6000,5475.0000,5481.4000,5481.6000,5482.8000,5483.0000,1,1,1,2,5,1,1,1,1,2
SF,IC2007,2020-06-02 09:31:05.000,5473.2000,9164,-1,143570480.000,1,0,1,双平,S,5473.0000,5471.0000,5466.0000,5463.6000,5463.0000,5475.0000,5481.4000,5481.6000,5482.8000,5483.0000,1,1,2,5,1,1,1,1,1,2
SF,IC2007,2020-06-02 09:31:05.500,5473.2000,9164,0,143570480.000,0,-,-,-,-,5473.2000,5473.0000,5471.0000,5466.0000,5463.6000,5475.0000,5481.4000,5481.6000,5482.8000,5483.0000,1,1,1,2,5,1,1,1,1,2
SF,IC2007,2020-06-02 09:31:06.000,5473.0000,9164,0,144665080.000,1,0,1,多换,S,5471.0000,5466.0000,5463.6000,5463.0000,5450.2000,5473.2000,5474.6000,5474.8000,5475.0000,5481.6000,1,2,5,1,1,1,5,4,1,1
SF,IC2007,2020-06-02 09:31:06.500,5473.0000,9164,0,144665080.000,0,-,-,-,-,5471.2000,5471.0000,5466.0000,5463.0000,5457.8000,5473.2000,5474.6000,5474.8000,5475.0000,5481.6000,1,1,2,1,5,1,5,3,1,1
SF,IC2007,2020-06-02 09:31:07.000,5473.0000,9164,0,144665080.000,0,-,-,-,-,5471.2000,5471.0000,5466.0000,5463.0000,5457.8000,5473.0000,5474.6000,5475.0000,5481.6000,5482.8000,1,1,2,1,5,1,4,1,1,1
SF,IC2007,2020-06-02 09:31:08.500,5473.0000,9163,-1,145759680.000,1,0,1,双平,S,5471.2000,5471.0000,5466.0000,5463.0000,5457.8000,5474.6000,5475.0000,5481.6000,5482.8000,5483.0000,1,1,2,1,5,4,1,1,1,2
SF,IC2007,2020-06-02 09:31:09.000,5473.0000,9163,0,145759680.000,0,-,-,-,-,5471.2000,5471.0000,5466.0000,5463.0000,5457.8000,5473.2000,5474.0000,5474.4000,5474.6000,5475.0000,1,1,2,1,5,1,2,4,5,1
SF,IC2007,2020-06-02 09:31:09.500,5473.2000,9162,-1,147948920.000,2,0,2,多平,S,5471.2000,5471.0000,5466.0000,5463.0000,5457.8000,5474.4000,5474.6000,5475.0000,5481.6000,5482.8000,1,1,2,1,5,1,4,1,1,1
SF,IC2007,2020-06-02 09:31:10.000,5473.2000,9162,0,147948920.000,0,-,-,-,-,5471.2000,5471.0000,5466.0000,5463.0000,5457.8000,5474.4000,5475.0000,5481.6000,5482.8000,5483.0000,2,1,2,1,5,1,1,1,1,2
SF,IC2007,2020-06-02 09:31:10.500,5471.6000,9159,-3,152326840.000,4,0,4,多平,S,5471.4000,5471.2000,5471.0000,5466.0000,5463.0000,5475.0000,5481.6000,5482.8000,5483.0000,5486.8000,1,2,1,2,1,1,1,1,1,5
SF,IC2007,2020-06-02 09:31:11.000,5471.6000,9159,0,152326840.000,0,-,-,-,-,5471.6000,5471.4000,5471.2000,5471.0000,5466.0000,5475.0000,5481.6000,5482.8000,5483.0000,5486.8000,2,1,2,1,2,1,1,1,1,5
SF,IC2007,2020-06-02 09:31:11.500,5475.0000,9159,0,153421840.000,1,0,1,多换,S,5472.2000,5472.0000,5471.8000,5471.6000,5471.2000,5481.6000,5482.8000,5483.0000,5486.8000,5488.0000,3,1,1,2,1,1,1,1,5,1
SF,IC2007,2020-06-02 09:31:12.000,5475.0000,9159,0,153421840.000,0,-,-,-,-,5473.0000,5472.4000,5472.0000,5471.6000,5471.2000,5476.8000,5477.0000,5478.0000,5478.2000,5478.8000,1,2,1,1,1,1,2,1,3,2
SF,IC2007,2020-06-02 09:31:12.500,5475.0000,9159,0,153421840.000,0,-,-,-,-,5473.2000,5473.0000,5472.4000,5472.0000,5471.6000,5478.0000,5478.2000,5478.8000,5480.8000,5481.0000,2,1,1,1,1,1,3,2,2,1
SF,IC2007,2020-06-02 09:31:13.000,5475.0000,9159,0,153421840.000,0,-,-,-,-,5473.2000,5472.4000,5472.0000,5471.6000,5471.0000,5477.0000,5477.6000,5478.2000,5478.8000,5480.8000,2,1,1,1,1,3,2,3,2,2
SF,IC2007,2020-06-02 09:31:13.500,5475.0000,9159,0,153421840.000,0,-,-,-,-,5473.8000,5473.6000,5473.2000,5472.4000,5472.0000,5477.0000,5477.6000,5478.2000,5478.8000,5480.8000,1,1,2,1,1,3,2,3,2,2
SF,IC2007,2020-06-02 09:31:14.000,5475.0000,9159,0,153421840.000,0,-,-,-,-,5474.0000,5473.8000,5473.6000,5473.0000,5472.4000,5477.6000,5478.2000,5478.8000,5480.8000,5481.0000,2,1,1,1,1,1,2,2,3,1
SF,IC2007,2020-06-02 09:31:14.500,5477.6000,9158,-1,154517360.000,1,0,1,双平,S,5474.0000,5473.8000,5473.6000,5473.0000,5472.4000,5478.8000,5480.8000,5481.0000,5481.2000,5481.4000,2,1,1,1,1,2,3,1,1,1
SF,IC2007,2020-06-02 09:31:15.000,5477.6000,9158,0,154517360.000,0,-,-,-,-,5474.2000,5474.0000,5473.8000,5473.6000,5473.0000,5480.8000,5481.0000,5481.4000,5481.6000,5482.8000,1,3,1,1,1,1,1,1,1,1
SF,IC2007,2020-06-02 09:31:15.500,5477.6000,9158,0,154517360.000,0,-,-,-,-,5474.4000,5474.2000,5474.0000,5473.0000,5472.0000,5480.8000,5481.0000,5481.4000,5481.6000,5482.8000,3,3,1,1,1,1,2,1,1,1
SF,IC2007,2020-06-02 09:31:16.000,5477.6000,9158,0,154517360.000,0,-,-,-,-,5475.2000,5474.4000,5474.2000,5474.0000,5473.0000,5479.6000,5480.6000,5480.8000,5481.0000,5481.6000,1,3,3,1,1,2,4,2,1,1
SF,IC2007,2020-06-02 09:31:16.500,5477.6000,9158,0,154517360.000,0,-,-,-,-,5475.4000,5475.2000,5474.0000,5473.0000,5472.0000,5479.6000,5480.6000,5480.8000,5481.0000,5481.6000,2,1,1,1,1,2,3,2,1,1
SF,IC2007,2020-06-02 09:31:17.000,5477.6000,9158,0,154517360.000,0,-,-,-,-,5475.4000,5475.2000,5474.0000,5473.0000,5472.0000,5479.0000,5479.6000,5480.6000,5480.8000,5481.0000,2,1,1,1,1,3,2,3,2,1
SF,IC2007,2020-06-02 09:31:17.500,5477.6000,9158,0,154517360.000,0,-,-,-,-,5475.4000,5475.2000,5474.0000,5473.0000,5472.0000,5479.0000,5479.4000,5479.6000,5480.6000,5480.8000,2,1,1,1,1,3,1,2,3,2
SF,IC2007,2020-06-02 09:31:18.000,5477.6000,9158,0,154517360.000,0,-,-,-,-,5475.4000,5473.0000,5472.0000,5471.8000,5471.0000,5479.0000,5479.6000,5480.6000,5480.8000,5481.0000,2,1,1,2,1,3,2,3,2,1
SF,IC2007,2020-06-02 09:31:18.500,5477.6000,9158,0,154517360.000,0,-,-,-,-,5475.4000,5473.0000,5472.0000,5471.8000,5471.0000,5478.8000,5479.0000,5479.6000,5480.6000,5480.8000,2,1,1,2,1,1,3,2,3,2
SF,IC2007,2020-06-02 09:31:19.000,5477.6000,9158,0,154517360.000,0,-,-,-,-,5475.8000,5475.4000,5473.0000,5472.0000,5471.8000,5478.8000,5479.0000,5479.6000,5480.6000,5480.8000,1,2,1,1,2,1,3,2,3,2
SF,IC2007,2020-06-02 09:31:19.500,5477.6000,9158,0,154517360.000,0,-,-,-,-,5476.0000,5475.8000,5473.0000,5472.0000,5471.8000,5480.6000,5480.8000,5481.0000,5481.6000,5482.8000,2,1,1,1,2,1,2,1,1,1
SF,IC2007,2020-06-02 09:31:20.000,5477.6000,9158,0,154517360.000,0,-,-,-,-,5476.0000,5475.8000,5473.0000,5472.0000,5471.8000,5480.6000,5481.6000,5482.8000,5483.0000,5486.8000,2,1,1,1,2,1,1,1,1,5
SF,IC2007,2020-06-02 09:31:20.500,5477.6000,9158,0,154517360.000,0,-,-,-,-,5476.6000,5476.0000,5475.8000,5473.0000,5472.0000,5480.4000,5480.6000,5480.8000,5481.6000,5482.8000,1,2,1,1,1,3,1,1,1,1
SF,IC2007,2020-06-02 09:31:21.000,5477.6000,9158,0,154517360.000,0,-,-,-,-,5476.8000,5476.6000,5475.8000,5475.6000,5472.0000,5481.6000,5482.8000,5483.0000,5486.8000,5488.0000,2,1,1,1,1,1,1,1,5,1
SF,IC2007,2020-06-02 09:31:22.000,5477.6000,9158,0,154517360.000,0,-,-,-,-,5476.8000,5476.6000,5472.0000,5471.0000,5469.4000,5480.0000,5480.8000,5481.0000,5481.4000,5481.6000,2,1,1,1,5,3,1,4,2,1
SF,IC2007,2020-06-02 09:31:22.500,5477.6000,9158,0,154517360.000,0,-,-,-,-,5480.4000,5477.4000,5476.8000,5475.6000,5472.0000,5481.0000,5481.4000,5481.6000,5482.8000,5483.0000,1,1,3,1,1,1,1,1,1,1
SF,IC2007,2020-06-02 09:31:23.000,5480.4000,9158,0,155613440.000,1,0,1,多换,S,5477.4000,5476.8000,5475.6000,5472.0000,5471.0000,5480.2000,5480.4000,5480.6000,5481.0000,5481.4000,1,2,1,1,1,3,3,3,4,1
SF,IC2007,2020-06-02 09:31:23.500,5480.4000,9158,0,155613440.000,0,-,-,-,-,5477.8000,5477.6000,5475.6000,5471.0000,5469.4000,5480.4000,5481.6000,5482.8000,5483.0000,5486.8000,1,2,1,1,5,1,1,1,1,5
SF,IC2007,2020-06-02 09:31:24.000,5480.4000,9157,-1,156709520.000,1,0,1,双平,S,5479.0000,5478.4000,5478.2000,5478.0000,5475.6000,5481.6000,5482.8000,5483.0000,5486.8000,5488.0000,1,2,5,2,1,1,1,1,5,1
SF,IC2007,2020-06-02 09:31:24.500,5480.4000,9157,0,156709520.000,0,-,-,-,-,5479.2000,5479.0000,5478.4000,5478.2000,5475.6000,5481.6000,5482.8000,5483.0000,5486.8000,5488.0000,2,1,2,4,1,1,1,1,5,1
SF,IC2007,2020-06-02 09:31:25.500,5480.4000,9157,0,156709520.000,0,-,-,-,-,5479.2000,5479.0000,5478.4000,5478.2000,5475.6000,5481.6000,5482.8000,5483.0000,5486.8000,5488.0000,2,1,1,4,1,1,1,1,5,1
SF,IC2007,2020-06-02 09:31:26.000,5479.2000,9157,0,157805360.000,1,0,1,多换,S,5479.2000,5479.0000,5478.4000,5478.2000,5475.6000,5481.6000,5482.8000,5483.0000,5486.8000,5488.0000,1,1,1,4,1,1,1,1,5,1
SF,IC2007,2020-06-02 09:31:26.500,5479.2000,9157,0,157805360.000,0,-,-,-,-,5479.4000,5479.2000,5479.0000,5478.4000,5478.2000,5481.6000,5482.8000,5483.0000,5486.8000,5488.0000,1,1,1,1,4,1,1,1,5,1
SF,IC2007,2020-06-02 09:31:27.000,5479.2000,9157,0,157805360.000,0,-,-,-,-,5479.4000,5479.2000,5478.2000,5475.6000,5471.0000,5481.4000,5481.6000,5482.8000,5483.0000,5486.8000,1,1,3,1,1,1,1,1,1,5
SF,IC2007,2020-06-02 09:31:27.500,5479.2000,9157,0,157805360.000,0,-,-,-,-,5479.4000,5479.2000,5478.2000,5471.0000,5469.4000,5481.4000,5481.6000,5482.8000,5483.0000,5486.8000,2,1,3,1,5,1,1,1,1,5
SF,IC2007,2020-06-02 09:31:28.000,5479.2000,9157,0,157805360.000,0,-,-,-,-,5479.4000,5479.2000,5478.2000,5471.0000,5469.4000,5481.4000,5481.6000,5482.8000,5483.0000,5486.8000,1,1,3,1,5,1,1,1,1,5
SF,IC2007,2020-06-02 09:31:28.500,5479.2000,9157,0,157805360.000,0,-,-,-,-,5479.4000,5479.2000,5478.2000,5471.0000,5469.4000,5481.6000,5482.8000,5483.0000,5486.8000,5488.0000,1,1,3,1,5,1,1,1,5,1
SF,IC2007,2020-06-02 09:31:29.000,5479.2000,9157,0,157805360.000,0,-,-,-,-,5479.4000,5479.2000,5478.2000,5471.0000,5469.4000,5481.4000,5481.6000,5482.8000,5483.0000,5486.8000,1,1,3,1,5,1,1,1,1,5
SF,IC2007,2020-06-02 09:31:29.500,5479.2000,9157,0,157805360.000,0,-,-,-,-,5479.4000,5479.2000,5478.2000,5471.0000,5469.4000,5481.6000,5482.8000,5483.0000,5486.8000,5488.0000,1,1,3,1,5,1,1,1,5,1
SF,IC2007,2020-06-02 09:31:30.000,5479.2000,9157,0,157805360.000,0,-,-,-,-,5479.4000,5479.2000,5478.2000,5471.0000,5469.4000,5481.4000,5481.6000,5482.8000,5483.0000,5486.8000,1,1,3,1,5,1,1,1,1,5
SF,IC2007,2020-06-02 09:31:31.000,5479.2000,9157,0,157805360.000,0,-,-,-,-,5479.4000,5479.2000,5478.2000,5471.0000,5469.4000,5480.0000,5481.4000,5481.6000,5482.8000,5483.0000,1,1,3,1,5,1,1,1,1,1
SF,IC2007,2020-06-02 09:31:31.500,5480.0000,9156,-1,158901360.000,1,0,1,双平,S,5480.2000,5479.4000,5478.2000,5471.0000,5469.4000,5481.6000,5482.8000,5483.0000,5486.8000,5488.0000,1,1,3,1,5,1,1,1,5,1
SF,IC2007,2020-06-02 09:31:32.000,5480.0000,9156,0,159997360.000,1,0,1,多换,S,5480.4000,5479.4000,5478.2000,5471.0000,5469.4000,5481.6000,5482.8000,5483.0000,5486.8000,5488.0000,1,1,3,1,5,1,1,1,5,1
SF,IC2007,2020-06-02 09:31:33.000,5480.4000,9155,-1,161093440.000,1,0,1,双平,S,5479.4000,5478.2000,5471.0000,5469.4000,5466.0000,5480.4000,5481.6000,5482.8000,5483.0000,5486.8000,1,3,1,5,2,1,1,1,1,5
SF,IC2007,2020-06-02 09:31:33.500,5479.6000,9155,0,162189360.000,1,0,1,多换,S,5479.4000,5478.2000,5471.0000,5469.4000,5466.0000,5480.4000,5481.6000,5482.2000,5482.8000,5483.0000,1,3,1,5,2,1,1,1,1,1
SF,IC2007,2020-06-02 09:31:34.000,5479.4000,9156,1,163285240.000,1,1,0,双开,S,5478.2000,5471.0000,5469.4000,5466.0000,5463.0000,5480.2000,5480.4000,5481.6000,5482.2000,5482.8000,3,1,5,2,1,1,1,1,1,1
SF,IC2007,2020-06-02 09:31:34.500,5480.2000,9155,-1,164381280.000,1,0,1,双平,S,5478.4000,5471.0000,5469.4000,5466.0000,5463.0000,5480.4000,5481.6000,5482.2000,5482.8000,5483.0000,1,1,5,2,1,1,1,1,1,1
SF,IC2007,2020-06-02 09:31:35.000,5480.2000,9155,0,164381280.000,0,-,-,-,-,5478.6000,5478.4000,5471.0000,5469.4000,5466.0000,5480.2000,5480.4000,5481.6000,5482.2000,5482.8000,1,1,1,5,2,1,1,1,1,1
SF,IC2007,2020-06-02 09:31:35.500,5480.4000,9153,-2,166573400.000,2,0,2,双平,S,5478.8000,5478.6000,5471.0000,5469.4000,5466.0000,5481.6000,5482.2000,5482.8000,5483.0000,5486.8000,1,1,1,5,2,1,1,1,1,5
SF,IC2007,2020-06-02 09:31:36.000,5480.4000,9153,0,166573400.000,0,-,-,-,-,5479.2000,5479.0000,5478.8000,5471.0000,5469.4000,5481.4000,5481.6000,5482.2000,5482.8000,5483.0000,1,2,1,1,5,1,1,1,1,1
SF,IC2007,2020-06-02 09:31:36.500,5480.4000,9153,0,166573400.000,0,-,-,-,-,5479.4000,5479.2000,5479.0000,5471.0000,5469.4000,5481.4000,5481.6000,5482.2000,5482.8000,5483.0000,1,1,2,1,5,1,1,1,1,1
SF,IC2007,2020-06-02 09:31:37.500,5480.4000,9153,0,166573400.000,0,-,-,-,-,5479.6000,5479.4000,5479.0000,5471.0000,5469.4000,5481.4000,5481.6000,5482.2000,5482.8000,5483.0000,1,1,2,1,5,1,1,1,1,1
SF,IC2007,2020-06-02 09:31:38.000,5480.4000,9153,0,166573400.000,0,-,-,-,-,5479.8000,5479.6000,5479.0000,5471.0000,5469.4000,5481.4000,5481.6000,5482.2000,5482.8000,5483.0000,1,1,2,1,5,1,1,1,1,1
SF,IC2007,2020-06-02 09:31:39.000,5480.4000,9153,0,166573400.000,0,-,-,-,-,5479.8000,5479.0000,5471.0000,5469.4000,5466.0000,5481.4000,5481.6000,5482.2000,5482.8000,5483.0000,1,2,1,5,2,1,1,1,1,1
SF,IC2007,2020-06-02 09:31:39.500,5480.4000,9153,0,166573400.000,0,-,-,-,-,5479.8000,5479.0000,5471.0000,5469.4000,5466.0000,5481.6000,5482.2000,5482.8000,5483.0000,5486.8000,1,2,1,5,2,1,1,1,1,5
SF,IC2007,2020-06-02 09:31:40.000,5480.4000,9153,0,166573400.000,0,-,-,-,-,5479.8000,5479.0000,5471.0000,5469.4000,5466.0000,5481.4000,5481.6000,5482.2000,5482.8000,5483.0000,1,2,1,5,2,1,1,1,1,1
SF,IC2007,2020-06-02 09:31:40.500,5480.4000,9153,0,166573400.000,0,-,-,-,-,5479.8000,5479.0000,5471.0000,5469.4000,5466.0000,5481.6000,5482.2000,5482.8000,5483.0000,5486.8000,1,2,1,5,2,1,1,1,1,5
SF,IC2007,2020-06-02 09:31:41.000,5480.4000,9153,0,166573400.000,0,-,-,-,-,5480.2000,5479.8000,5479.0000,5471.0000,5469.4000,5481.4000,5481.6000,5482.2000,5482.8000,5483.0000,1,1,2,1,5,1,1,1,1,1
SF,IC2007,2020-06-02 09:31:41.500,5480.4000,9153,0,166573400.000,0,-,-,-,-,5481.0000,5480.4000,5480.2000,5479.0000,5472.2000,5481.6000,5482.2000,5482.8000,5483.0000,5486.8000,2,1,1,2,1,1,1,1,1,5
SF,IC2007,2020-06-02 09:31:42.000,5481.0000,9151,-2,168765800.000,2,0,2,双平,S,5480.4000,5480.2000,5479.0000,5472.2000,5471.0000,5481.6000,5482.2000,5482.8000,5483.0000,5486.8000,1,1,2,1,1,1,1,1,1,5
SF,IC2007,2020-06-02 09:31:42.500,5481.0000,9151,0,168765800.000,0,-,-,-,-,5480.4000,5479.0000,5472.2000,5471.0000,5469.4000,5481.6000,5482.2000,5482.8000,5483.0000,5486.8000,1,2,1,1,5,1,1,1,1,5
SF,IC2007,2020-06-02 09:31:43.500,5481.0000,9151,0,168765800.000,0,-,-,-,-,5480.4000,5479.0000,5472.2000,5471.0000,5469.4000,5481.6000,5482.2000,5482.8000,5483.0000,5486.8000,1,2,1,1,5,2,1,1,1,5
SF,IC2007,2020-06-02 09:31:44.000,5481.6000,9149,-2,172054480.000,3,0,3,多平,S,5479.0000,5472.2000,5471.0000,5469.4000,5466.0000,5481.6000,5482.2000,5482.8000,5483.0000,5483.4000,2,1,1,5,2,1,1,1,1,1
SF,IC2007,2020-06-02 09:31:44.500,5481.6000,9149,0,172054480.000,0,-,-,-,-,5479.2000,5479.0000,5472.2000,5471.0000,5469.4000,5481.6000,5482.2000,5482.8000,5483.0000,5483.4000,1,2,1,1,5,1,1,1,1,1
SF,IC2007,2020-06-02 09:31:45.000,5481.6000,9149,0,172054480.000,0,-,-,-,-,5479.2000,5479.0000,5472.2000,5471.0000,5469.4000,5481.4000,5481.6000,5482.2000,5482.8000,5483.0000,1,2,1,1,5,1,1,1,1,1
SF,IC2007,2020-06-02 09:31:45.500,5481.6000,9149,0,172054480.000,0,-,-,-,-,5479.2000,5479.0000,5472.2000,5471.0000,5469.4000,5481.4000,5481.6000,5482.2000,5482.8000,5483.0000,1,1,1,1,5,1,1,1,1,1
SF,IC2007,2020-06-02 09:31:46.000,5481.6000,9149,0,172054480.000,0,-,-,-,-,5479.2000,5479.0000,5472.2000,5471.0000,5469.4000,5481.4000,5481.6000,5482.2000,5482.8000,5483.0000,1,1,1,1,5,1,1,1,1,1
SF,IC2007,2020-06-02 09:31:46.500,5481.6000,9149,0,172054480.000,0,-,-,-,-,5479.2000,5479.0000,5472.2000,5471.0000,5469.4000,5480.0000,5481.4000,5481.6000,5482.2000,5482.8000,1,1,1,1,5,2,1,1,1,1
SF,IC2007,2020-06-02 09:31:47.000,5479.2000,9149,0,173150320.000,1,0,1,多换,S,5472.2000,5471.0000,5469.4000,5466.0000,5463.0000,5481.4000,5481.6000,5482.2000,5482.8000,5483.0000,1,1,5,2,1,1,1,1,1,1
SF,IC2007,2020-06-02 09:31:47.500,5479.2000,9149,0,173150320.000,0,-,-,-,-,5477.2000,5477.0000,5476.8000,5476.2000,5476.0000,5481.2000,5481.4000,5481.6000,5482.2000,5482.8000,1,3,4,1,1,1,1,1,1,1
SF,IC2007,2020-06-02 09:31:48.000,5479.2000,9149,0,173150320.000,0,-,-,-,-,5477.8000,5477.4000,5477.2000,5477.0000,5476.8000,5481.2000,5481.6000,5482.2000,5482.8000,5483.0000,1,2,1,3,4,1,1,1,1,1
SF,IC2007,2020-06-02 09:31:48.500,5481.2000,9149,0,174246560.000,1,0,1,多换,S,5478.0000,5477.2000,5477.0000,5476.8000,5476.0000,5481.6000,5482.2000,5482.8000,5483.0000,5486.8000,2,1,3,4,1,1,1,1,1,5
SF,IC2007,2020-06-02 09:31:49.000,5481.2000,9149,0,174246560.000,0,-,-,-,-,5478.0000,5477.2000,5477.0000,5476.8000,5476.0000,5479.8000,5481.4000,5481.6000,5482.2000,5482.8000,2,1,3,4,1,2,1,1,1,1
SF,IC2007,2020-06-02 09:31:49.500,5481.2000,9149,0,174246560.000,0,-,-,-,-,5478.0000,5477.0000,5476.8000,5476.0000,5475.6000,5479.6000,5481.6000,5482.8000,5483.0000,5486.8000,1,3,2,1,2,1,1,1,1,5
SF,IC2007,2020-06-02 09:31:50.000,5478.0000,9149,0,175342160.000,1,0,1,多换,S,5477.0000,5476.8000,5476.0000,5475.6000,5475.0000,5478.0000,5479.6000,5481.6000,5482.8000,5483.0000,3,2,1,2,1,3,1,1,1,1
SF,IC2007,2020-06-02 09:31:50.500,5478.0000,9149,0,178628960.000,3,1,2,多换,S,5477.2000,5476.8000,5476.0000,5475.6000,5475.0000,5479.6000,5481.6000,5482.8000,5483.0000,5486.8000,1,1,1,2,1,1,1,1,1,5
SF,IC2007,2020-06-02 09:31:51.000,5478.0000,9149,0,178628960.000,0,-,-,-,-,5477.2000,5476.0000,5475.6000,5475.0000,5474.8000,5479.6000,5481.6000,5481.8000,5482.8000,5483.0000,1,1,2,1,2,1,1,1,1,1
SF,IC2007,2020-06-02 09:31:52.000,5478.0000,9149,0,178628960.000,0,-,-,-,-,5477.2000,5475.6000,5475.0000,5474.8000,5474.6000,5479.6000,5481.6000,5481.8000,5482.8000,5483.0000,1,2,1,2,1,1,1,1,1,1
SF,IC2007,2020-06-02 09:31:54.500,5478.0000,9149,0,178628960.000,0,-,-,-,-,5477.2000,5475.6000,5475.0000,5474.8000,5474.6000,5479.6000,5481.6000,5481.8000,5482.8000,5483.0000,1,1,1,2,1,1,1,1,1,1
SF,IC2007,2020-06-02 09:31:55.000,5478.0000,9149,0,178628960.000,0,-,-,-,-,5477.2000,5475.0000,5474.8000,5474.6000,5474.0000,5478.4000,5479.6000,5481.6000,5481.8000,5482.8000,1,1,2,1,1,2,1,1,1,1
SF,IC2007,2020-06-02 09:31:55.500,5477.4000,9148,-1,179724440.000,1,0,1,双平,S,5477.2000,5475.0000,5474.8000,5474.6000,5474.0000,5478.2000,5481.6000,5481.8000,5482.8000,5483.0000,1,1,2,1,1,1,1,1,1,1
SF,IC2007,2020-06-02 09:31:56.000,5477.4000,9148,0,179724440.000,0,-,-,-,-,5475.0000,5474.8000,5474.6000,5474.0000,5473.0000,5478.2000,5481.6000,5481.8000,5482.8000,5483.0000,1,2,1,1,2,1,1,1,1,1
SF,IC2007,2020-06-02 09:31:56.500,5477.4000,9148,0,179724440.000,0,-,-,-,-,5475.6000,5475.4000,5475.2000,5474.6000,5474.0000,5478.2000,5481.6000,5481.8000,5482.8000,5483.0000,2,4,3,1,1,1,1,1,1,1
SF,IC2007,2020-06-02 09:31:57.000,5477.4000,9148,0,179724440.000,0,-,-,-,-,5475.8000,5475.6000,5475.4000,5475.2000,5474.6000,5478.2000,5481.6000,5481.8000,5482.8000,5483.0000,2,2,3,1,1,1,1,1,1,1
SF,IC2007,2020-06-02 09:31:57.500,5477.4000,9148,0,179724440.000,0,-,-,-,-,5475.8000,5475.6000,5475.4000,5475.2000,5474.6000,5478.2000,5481.6000,5481.8000,5482.8000,5483.0000,2,2,3,1,1,1,1,1,1,1
SF,IC2007,2020-06-02 09:32:00.000,5477.4000,9148,0,179724440.000,0,-,-,-,-,5475.8000,5475.6000,5475.4000,5475.2000,5474.6000,5477.8000,5478.2000,5481.6000,5481.8000,5482.8000,2,2,3,1,1,1,1,1,1,1
SF,IC2007,2020-06-02 09:32:00.500,5477.4000,9148,0,179724440.000,0,-,-,-,-,5472.4000,5472.2000,5471.0000,5469.4000,5466.0000,5475.8000,5476.2000,5477.6000,5478.4000,5481.6000,2,1,1,2,2,1,2,1,1,1
SF,IC2007,2020-06-02 09:32:01.000,5477.4000,9148,0,179724440.000,0,-,-,-,-,5473.2000,5473.0000,5472.6000,5472.4000,5472.2000,5475.8000,5478.4000,5481.6000,5481.8000,5482.8000,3,3,5,3,1,1,1,1,1,1
SF,IC2007,2020-06-02 09:32:01.500,5477.4000,9149,1,180819920.000,1,1,0,双开,S,5473.4000,5473.0000,5472.6000,5472.4000,5472.2000,5475.8000,5478.2000,5478.4000,5481.6000,5481.8000,2,2,2,1,1,1,1,1,1,1
SF,IC2007,2020-06-02 09:32:02.000,5477.4000,9149,0,180819920.000,0,-,-,-,-,5473.4000,5473.0000,5472.6000,5472.2000,5471.0000,5475.4000,5475.6000,5475.8000,5478.2000,5478.4000,2,1,1,1,1,1,1,1,1,1
SF,IC2007,2020-06-02 09:32:02.500,5475.4000,9147,-2,183010120.000,2,0,2,双平,S,5474.2000,5474.0000,5473.4000,5472.6000,5472.2000,5475.8000,5478.4000,5481.6000,5481.8000,5482.8000,3,4,2,1,1,1,1,1,1,1
SF,IC2007,2020-06-02 09:32:03.000,5475.4000,9147,0,183010120.000,0,-,-,-,-,5474.4000,5472.6000,5472.2000,5471.0000,5467.2000,5475.8000,5478.4000,5481.6000,5481.8000,5482.8000,1,1,1,1,2,1,1,1,1,1
SF,IC2007,2020-06-02 09:32:03.500,5474.4000,9147,0,184105000.000,1,0,1,多换,S,5472.6000,5472.2000,5471.0000,5467.2000,5466.0000,5473.4000,5475.8000,5478.4000,5481.6000,5481.8000,1,1,1,2,2,3,1,1,1,1
SF,IC2007,2020-06-02 09:32:04.000,5473.4000,9147,0,187389040.000,3,1,2,多换,S,5475.4000,5475.0000,5473.6000,5473.2000,5472.8000,5475.8000,5478.4000,5481.6000,5481.8000,5482.8000,1,1,1,1,3,1,1,1,1,1
SF,IC2007,2020-06-02 09:32:04.500,5475.8000,9145,-2,192864560.000,5,1,4,多平,S,5473.2000,5472.8000,5472.6000,5472.2000,5471.0000,5478.4000,5481.6000,5481.8000,5482.8000,5483.0000,1,3,3,1,1,1,1,1,1,1
SF,IC2007,2020-06-02 09:32:05.000,5475.8000,9145,0,192864560.000,0,-,-,-,-,5474.0000,5473.8000,5473.6000,5473.4000,5472.8000,5478.4000,5481.6000,5481.8000,5482.8000,5483.0000,1,1,1,4,3,1,1,1,1,1
SF,IC2007,2020-06-02 09:32:05.500,5475.8000,9145,0,192864560.000,0,-,-,-,-,5474.6000,5474.2000,5474.0000,5473.6000,5473.4000,5478.4000,5481.6000,5481.8000,5482.8000,5483.0000,1,3,2,1,1,1,1,1,1,1
SF,IC2007,2020-06-02 09:32:06.000,5475.8000,9145,0,192864560.000,0,-,-,-,-,5474.8000,5474.2000,5473.6000,5472.6000,5472.2000,5476.4000,5478.4000,5481.6000,5481.8000,5482.8000,3,1,2,1,1,2,1,1,1,1
SF,IC2007,2020-06-02 09:32:06.500,5475.8000,9145,0,192864560.000,0,-,-,-,-,5474.8000,5474.2000,5473.6000,5472.6000,5472.2000,5478.2000,5478.4000,5481.6000,5481.8000,5482.8000,2,1,2,1,1,1,1,1,1,1
SF,IC2007,2020-06-02 09:32:07.000,5475.8000,9145,0,192864560.000,0,-,-,-,-,5475.0000,5474.8000,5474.2000,5473.6000,5472.6000,5478.0000,5478.2000,5478.4000,5481.6000,5481.8000,1,2,1,2,1,1,1,1,1,1
SF,IC2007,2020-06-02 09:32:07.500,5475.8000,9145,0,192864560.000,0,-,-,-,-,5475.2000,5475.0000,5474.2000,5473.6000,5472.6000,5476.4000,5478.0000,5478.4000,5481.6000,5481.8000,1,1,1,2,1,2,1,1,1,1
SF,IC2007,2020-06-02 09:32:08.000,5475.8000,9145,0,192864560.000,0,-,-,-,-,5473.6000,5472.6000,5472.2000,5471.0000,5466.0000,5476.2000,5478.4000,5481.6000,5481.8000,5482.8000,2,1,1,1,2,1,1,1,1,1
SF,IC2007,2020-06-02 09:32:08.500,5475.8000,9145,0,192864560.000,0,-,-,-,-,5473.8000,5472.6000,5472.2000,5471.0000,5466.0000,5476.2000,5478.4000,5481.8000,5482.8000,5483.0000,3,1,1,1,2,1,1,1,1,1
SF,IC2007,2020-06-02 09:32:09.000,5475.8000,9145,0,192864560.000,0,-,-,-,-,5473.8000,5472.6000,5472.2000,5471.0000,5466.0000,5475.8000,5476.2000,5478.4000,5481.8000,5482.8000,3,1,1,1,2,1,1,1,1,1
SF,IC2007,2020-06-02 09:32:09.500,5475.8000,9145,0,192864560.000,0,-,-,-,-,5473.8000,5472.6000,5472.2000,5471.0000,5466.0000,5475.6000,5478.4000,5481.8000,5482.8000,5483.0000,2,1,1,1,2,1,1,1,1,1
SF,IC2007,2020-06-02 09:32:10.000,5475.8000,9144,-1,193959720.000,1,0,1,双平,S,5473.8000,5472.6000,5472.2000,5471.0000,5466.0000,5478.4000,5481.8000,5482.8000,5483.0000,5486.8000,2,1,1,1,2,1,1,1,1,5
SF,IC2007,2020-06-02 09:32:10.500,5475.8000,9144,0,193959720.000,0,-,-,-,-,5474.0000,5473.8000,5472.6000,5472.2000,5471.0000,5474.8000,5475.8000,5477.8000,5478.0000,5478.2000,1,2,1,1,1,1,2,3,1,6
SF,IC2007,2020-06-02 09:32:11.000,5474.8000,9143,-1,195054680.000,1,0,1,双平,S,5474.2000,5473.8000,5472.6000,5472.2000,5471.0000,5477.8000,5478.0000,5478.2000,5478.4000,5481.8000,1,1,1,1,1,3,1,3,1,1
SF,IC2007,2020-06-02 09:32:11.500,5474.8000,9143,0,195054680.000,0,-,-,-,-,5474.4000,5474.2000,5473.8000,5472.6000,5472.2000,5477.6000,5477.8000,5478.0000,5478.2000,5478.4000,1,1,1,1,1,1,3,1,2,1
SF,IC2007,2020-06-02 09:32:12.000,5474.8000,9143,0,195054680.000,0,-,-,-,-,5474.6000,5474.4000,5473.8000,5472.6000,5472.2000,5475.4000,5477.2000,5477.6000,5477.8000,5478.0000,1,1,1,1,1,2,1,1,3,1
SF,IC2007,2020-06-02 09:32:12.500,5474.6000,9142,-1,196149600.000,1,0,1,双平,S,5473.8000,5472.6000,5472.2000,5471.0000,5466.0000,5477.6000,5477.8000,5478.0000,5478.2000,5478.4000,1,1,1,1,2,1,3,1,2,1
SF,IC2007,2020-06-02 09:32:13.000,5474.0000,9141,-1,197244400.000,1,0,1,双平,S,5474.0000,5472.6000,5472.2000,5471.0000,5466.0000,5477.2000,5477.4000,5477.6000,5477.8000,5478.0000,1,1,1,1,2,1,3,1,3,1
SF,IC2007,2020-06-02 09:32:13.500,5474.0000,9141,0,197244400.000,0,-,-,-,-,5474.0000,5472.2000,5471.0000,5466.0000,5463.6000,5474.8000,5476.8000,5477.0000,5477.2000,5477.4000,1,1,1,2,5,2,3,1,2,2
SF,IC2007,2020-06-02 09:32:14.000,5474.0000,9140,-1,198339200.000,1,0,1,双平,S,5472.2000,5471.0000,5466.0000,5463.6000,5463.0000,5474.6000,5476.8000,5477.2000,5478.2000,5478.4000,1,1,2,5,1,1,2,2,1,1
SF,IC2007,2020-06-02 09:32:14.500,5474.0000,9140,0,198339200.000,0,-,-,-,-,5472.6000,5472.4000,5472.2000,5471.0000,5466.0000,5474.6000,5476.8000,5477.2000,5478.4000,5481.8000,1,1,4,1,2,1,2,2,1,1
SF,IC2007,2020-06-02 09:32:15.000,5474.0000,9140,0,198339200.000,0,-,-,-,-,5472.8000,5472.2000,5471.0000,5466.0000,5463.6000,5474.6000,5476.8000,5477.2000,5478.4000,5481.8000,1,4,1,2,5,1,2,2,1,1
SF,IC2007,2020-06-02 09:32:15.500,5474.0000,9140,0,198339200.000,0,-,-,-,-,5472.2000,5471.0000,5466.0000,5463.6000,5463.0000,5474.6000,5476.8000,5477.2000,5478.4000,5481.8000,1,1,2,5,1,1,2,2,1,1
SF,IC2007,2020-06-02 09:32:16.000,5474.0000,9140,0,198339200.000,0,-,-,-,-,5472.4000,5472.2000,5471.0000,5466.0000,5463.6000,5474.2000,5474.6000,5476.8000,5477.2000,5478.4000,1,1,1,2,5,1,1,2,2,1
SF,IC2007,2020-06-02 09:32:16.500,5474.0000,9140,0,198339200.000,0,-,-,-,-,5472.4000,5472.2000,5471.0000,5466.0000,5463.6000,5472.8000,5474.0000,5474.2000,5476.8000,5477.2000,1,1,1,2,5,1,1,1,2,2
SF,IC2007,2020-06-02 09:32:17.000,5472.8000,9139,-1,199433760.000,1,0,1,双平,S,5472.8000,5472.2000,5471.0000,5466.0000,5463.6000,5474.0000,5476.8000,5477.2000,5478.4000,5481.8000,1,1,1,2,5,1,1,2,1,1
SF,IC2007,2020-06-02 09:32:17.500,5472.8000,9138,-1,200528320.000,1,0,1,双平,S,5472.2000,5471.2000,5471.0000,5466.0000,5463.6000,5474.0000,5476.8000,5477.2000,5478.4000,5481.8000,1,1,1,2,5,1,1,2,1,1
SF,IC2007,2020-06-02 09:32:18.000,5472.8000,9138,0,200528320.000,0,-,-,-,-,5472.4000,5472.2000,5471.2000,5471.0000,5466.0000,5476.8000,5477.2000,5478.4000,5481.8000,5482.8000,1,1,1,1,2,1,2,1,1,1
SF,IC2007,2020-06-02 09:32:18.500,5472.8000,9138,0,200528320.000,0,-,-,-,-,5472.4000,5472.2000,5471.2000,5471.0000,5466.0000,5474.4000,5476.0000,5476.2000,5476.6000,5476.8000,1,1,1,1,2,2,4,1,2,3
SF,IC2007,2020-06-02 09:32:19.000,5472.8000,9138,0,200528320.000,0,-,-,-,-,5472.4000,5472.2000,5471.2000,5471.0000,5466.0000,5474.2000,5476.0000,5476.2000,5476.8000,5477.2000,1,1,1,1,2,1,3,1,3,1
SF,IC2007,2020-06-02 09:32:20.000,5472.8000,9138,0,200528320.000,0,-,-,-,-,5472.4000,5472.2000,5471.2000,5471.0000,5466.0000,5474.2000,5476.0000,5476.2000,5476.8000,5477.2000,1,1,1,1,2,1,3,1,2,1
SF,IC2007,2020-06-02 09:32:21.000,5472.6000,9136,-2,202717680.000,2,0,2,双平,S,5472.4000,5472.2000,5471.2000,5471.0000,5466.0000,5476.0000,5476.2000,5481.8000,5482.8000,5483.0000,1,1,1,1,2,3,1,1,1,1
SF,IC2007,2020-06-02 09:32:21.500,5472.6000,9136,0,202717680.000,0,-,-,-,-,5472.4000,5472.2000,5471.2000,5471.0000,5466.0000,5475.8000,5476.0000,5476.2000,5481.8000,5482.8000,1,1,1,1,2,1,3,1,1,1
SF,IC2007,2020-06-02 09:32:22.000,5472.6000,9136,0,202717680.000,0,-,-,-,-,5473.0000,5472.6000,5472.4000,5472.2000,5471.2000,5475.8000,5481.8000,5482.8000,5483.0000,5486.8000,2,2,1,1,1,1,1,1,1,5
SF,IC2007,2020-06-02 09:32:22.500,5472.6000,9136,0,202717680.000,0,-,-,-,-,5473.2000,5472.8000,5472.2000,5471.2000,5471.0000,5475.4000,5475.8000,5481.8000,5482.8000,5483.0000,1,1,1,1,1,1,1,1,1,1
SF,IC2007,2020-06-02 09:32:23.000,5472.6000,9136,0,202717680.000,0,-,-,-,-,5473.2000,5472.2000,5471.2000,5471.0000,5466.0000,5474.4000,5475.2000,5475.4000,5481.8000,5482.8000,1,1,1,1,2,2,1,1,1,1
SF,IC2007,2020-06-02 09:32:23.500,5472.6000,9136,0,202717680.000,0,-,-,-,-,5473.2000,5472.2000,5471.2000,5471.0000,5466.0000,5475.2000,5481.8000,5482.8000,5483.0000,5486.8000,1,1,1,1,2,1,1,1,1,5
SF,IC2007,2020-06-02 09:32:24.500,5473.2000,9135,-1,203812320.000,1,0,1,双平,S,5472.2000,5471.2000,5471.0000,5466.0000,5463.6000,5475.2000,5481.8000,5482.8000,5483.0000,5486.8000,1,1,1,2,5,1,1,1,1,5
SF,IC2007,2020-06-02 09:32:25.000,5473.2000,9135,0,203812320.000,0,-,-,-,-,5472.4000,5472.2000,5471.2000,5471.0000,5466.0000,5473.4000,5474.6000,5475.0000,5475.2000,5475.4000,1,1,1,1,2,2,1,1,1,1
SF,IC2007,2020-06-02 09:32:25.500,5472.2000,9133,-2,206001240.000,2,0,2,双平,S,5471.2000,5471.0000,5466.0000,5463.6000,5463.0000,5473.2000,5475.0000,5475.4000,5481.8000,5482.8000,1,1,2,5,1,1,1,1,1,1
SF,IC2007,2020-06-02 09:32:26.000,5472.2000,9133,0,206001240.000,0,-,-,-,-,5471.2000,5471.0000,5466.0000,5463.6000,5463.0000,5472.6000,5473.2000,5475.0000,5475.4000,5481.8000,1,1,2,5,1,1,1,1,1,1
SF,IC2007,2020-06-02 09:32:26.500,5472.2000,9133,0,206001240.000,0,-,-,-,-,5471.2000,5471.0000,5466.0000,5463.6000,5463.0000,5472.4000,5472.6000,5475.0000,5475.4000,5481.8000,1,1,2,5,1,1,1,1,1,1
SF,IC2007,2020-06-02 09:32:27.000,5472.2000,9133,0,206001240.000,0,-,-,-,-,5471.0000,5466.0000,5463.6000,5463.0000,5458.4000,5472.4000,5472.6000,5475.0000,5481.8000,5482.8000,1,2,5,1,1,1,1,1,1,1
SF,IC2007,2020-06-02 09:32:27.500,5472.2000,9133,0,206001240.000,0,-,-,-,-,5471.0000,5466.0000,5463.6000,5463.0000,5458.4000,5471.8000,5472.4000,5472.6000,5475.0000,5481.8000,1,2,5,1,1,2,1,1,1,1
SF,IC2007,2020-06-02 09:32:28.000,5471.0000,9134,1,207095440.000,1,1,0,双开,S,5466.0000,5463.6000,5463.0000,5458.4000,5454.0000,5471.6000,5472.6000,5475.0000,5481.8000,5482.8000,2,5,1,1,1,1,1,1,1,1
SF,IC2007,2020-06-02 09:32:28.500,5471.0000,9134,0,207095440.000,0,-,-,-,-,5469.4000,5468.8000,5468.6000,5468.4000,5468.0000,5471.4000,5471.6000,5472.6000,5481.8000,5482.8000,1,5,2,3,1,1,1,1,1,1
SF,IC2007,2020-06-02 09:32:29.000,5471.0000,9134,0,207095440.000,0,-,-,-,-,5468.8000,5468.6000,5468.4000,5468.0000,5467.8000,5471.2000,5472.6000,5481.8000,5482.8000,5483.0000,3,2,3,1,1,1,1,1,1,1
SF,IC2007,2020-06-02 09:32:29.500,5471.0000,9134,0,207095440.000,0,-,-,-,-,5469.2000,5468.8000,5468.6000,5468.4000,5467.8000,5471.2000,5472.6000,5482.8000,5483.0000,5486.8000,1,3,2,3,1,1,1,1,1,5
SF,IC2007,2020-06-02 09:32:30.000,5471.0000,9134,0,207095440.000,0,-,-,-,-,5467.8000,5467.2000,5466.6000,5466.2000,5466.0000,5471.2000,5472.6000,5475.2000,5482.8000,5483.0000,1,1,4,2,2,1,1,5,1,1
SF,IC2007,2020-06-02 09:32:30.500,5471.0000,9134,0,207095440.000,0,-,-,-,-,5466.6000,5466.2000,5466.0000,5463.0000,5462.4000,5469.4000,5471.0000,5471.2000,5472.6000,5475.2000,4,2,2,1,2,1,1,1,1,5
SF,IC2007,2020-06-02 09:32:31.000,5471.0000,9134,0,207095440.000,0,-,-,-,-,5468.2000,5467.8000,5467.6000,5467.0000,5466.6000,5469.2000,5469.4000,5472.6000,5475.2000,5482.8000,1,3,1,4,2,2,1,1,5,1
SF,IC2007,2020-06-02 09:32:31.500,5469.4000,9132,-2,209283200.000,2,0,2,双平,S,5467.8000,5467.6000,5467.0000,5466.6000,5466.2000,5472.6000,5475.2000,5482.8000,5483.0000,5488.0000,3,1,2,2,2,1,5,1,1,1
SF,IC2007,2020-06-02 09:32:32.000,5468.0000,9132,0,211471240.000,2,1,1,多换,S,5467.0000,5466.6000,5466.2000,5466.0000,5463.0000,5472.4000,5472.6000,5475.2000,5482.8000,5483.0000,2,2,2,2,1,2,3,5,1,1
SF,IC2007,2020-06-02 09:32:32.500,5468.0000,9132,0,211471240.000,0,-,-,-,-,5468.8000,5468.0000,5467.8000,5467.6000,5467.2000,5472.2000,5472.4000,5472.6000,5475.2000,5482.8000,1,3,1,1,1,1,1,3,5,1
SF,IC2007,2020-06-02 09:32:33.000,5468.0000,9132,0,211471240.000,0,-,-,-,-,5468.8000,5468.0000,5467.8000,5467.6000,5467.0000,5472.2000,5472.6000,5475.2000,5482.8000,5483.0000,1,3,2,1,2,1,1,5,1,1
SF,IC2007,2020-06-02 09:32:33.500,5468.0000,9132,0,211471240.000,0,-,-,-,-,5469.0000,5468.8000,5468.0000,5467.8000,5467.6000,5472.2000,5472.6000,5475.2000,5482.8000,5483.0000,1,1,3,2,1,1,1,5,1,1
SF,IC2007,2020-06-02 09:32:34.000,5468.0000,9132,0,211471240.000,0,-,-,-,-,5469.0000,5468.8000,5468.0000,5467.8000,5467.6000,5471.8000,5472.2000,5472.6000,5475.2000,5482.8000,1,1,4,2,1,1,1,1,5,1
SF,IC2007,2020-06-02 09:32:34.500,5468.0000,9132,0,211471240.000,0,-,-,-,-,5469.0000,5468.8000,5468.4000,5468.2000,5468.0000,5471.6000,5472.6000,5481.0000,5482.8000,5483.0000,1,1,1,1,4,1,1,5,1,1
SF,IC2007,2020-06-02 09:32:35.000,5468.0000,9132,0,211471240.000,0,-,-,-,-,5469.0000,5468.8000,5468.4000,5468.2000,5468.0000,5470.4000,5471.2000,5471.6000,5472.6000,5481.0000,1,1,1,1,4,2,1,1,1,5
SF,IC2007,2020-06-02 09:32:35.500,5470.2000,9131,-1,212565280.000,1,0,1,双平,S,5469.0000,5468.8000,5468.0000,5467.8000,5467.6000,5472.6000,5481.0000,5482.8000,5483.0000,5488.0000,1,1,4,2,1,1,5,1,1,1
SF,IC2007,2020-06-02 09:32:36.000,5469.0000,9129,-2,214752920.000,2,0,2,双平,S,5468.8000,5468.0000,5467.8000,5467.6000,5466.6000,5472.4000,5472.6000,5481.0000,5482.8000,5483.0000,1,4,2,1,1,1,1,5,1,1
SF,IC2007,2020-06-02 09:32:36.500,5469.0000,9129,0,214752920.000,0,-,-,-,-,5468.8000,5468.0000,5467.8000,5467.6000,5466.6000,5472.2000,5472.4000,5472.6000,5481.0000,5482.8000,1,4,2,1,1,1,1,2,5,1
SF,IC2007,2020-06-02 09:32:37.000,5469.0000,9129,0,214752920.000,0,-,-,-,-,5468.8000,5468.0000,5467.8000,5467.6000,5466.6000,5471.8000,5472.0000,5472.2000,5472.6000,5481.0000,1,4,1,1,1,1,1,1,1,5
SF,IC2007,2020-06-02 09:32:37.500,5469.0000,9129,0,214752920.000,0,-,-,-,-,5468.8000,5468.0000,5467.8000,5467.6000,5466.6000,5471.6000,5471.8000,5472.6000,5481.0000,5482.8000,1,4,1,1,1,2,6,1,5,1
SF,IC2007,2020-06-02 09:32:38.000,5469.0000,9129,0,214752920.000,0,-,-,-,-,5469.2000,5468.8000,5468.0000,5467.8000,5467.6000,5471.2000,5471.6000,5471.8000,5472.6000,5474.8000,1,1,4,1,1,1,2,6,1,1
SF,IC2007,2020-06-02 09:32:38.500,5469.0000,9129,0,214752920.000,0,-,-,-,-,5469.2000,5468.8000,5468.0000,5467.8000,5467.6000,5471.0000,5471.6000,5471.8000,5472.6000,5474.8000,1,1,4,1,1,1,1,5,1,1
SF,IC2007,2020-06-02 09:32:39.000,5471.0000,9129,0,215847120.000,1,0,1,多换,S,5468.0000,5467.8000,5467.6000,5466.6000,5466.2000,5471.8000,5472.6000,5474.8000,5481.0000,5482.8000,1,1,1,1,2,5,1,1,5,1
SF,IC2007,2020-06-02 09:32:39.500,5471.0000,9129,0,215847120.000,0,-,-,-,-,5469.8000,5469.0000,5468.6000,5468.4000,5468.2000,5471.6000,5471.8000,5472.6000,5474.8000,5481.0000,2,3,2,3,1,1,5,1,1,5
SF,IC2007,2020-06-02 09:32:40.000,5471.0000,9129,0,215847120.000,0,-,-,-,-,5469.8000,5469.0000,5468.6000,5468.4000,5468.2000,5471.6000,5471.8000,5474.8000,5481.0000,5482.8000,1,3,2,4,1,1,5,1,5,1
SF,IC2007,2020-06-02 09:32:40.500,5471.0000,9129,0,215847120.000,0,-,-,-,-,5469.8000,5469.0000,5468.6000,5468.4000,5468.0000,5471.8000,5474.8000,5481.0000,5482.8000,5483.0000,1,3,2,4,1,5,1,5,1,1
SF,IC2007,2020-06-02 09:32:41.000,5470.0000,9128,-1,216941120.000,1,0,1,双平,S,5469.8000,5469.0000,5468.6000,5468.4000,5468.0000,5471.6000,5471.8000,5474.8000,5481.0000,5482.8000,1,3,2,4,1,1,5,1,5,1
SF,IC2007,2020-06-02 09:32:41.500,5470.0000,9128,0,216941120.000,0,-,-,-,-,5470.8000,5470.0000,5469.8000,5469.0000,5468.6000,5471.6000,5471.8000,5474.8000,5481.0000,5482.8000,1,1,1,3,2,1,5,1,5,1
SF,IC2007,2020-06-02 09:32:42.000,5470.0000,9128,0,216941120.000,0,-,-,-,-,5469.8000,5469.0000,5468.6000,5468.4000,5468.0000,5471.6000,5471.8000,5474.8000,5481.0000,5482.8000,1,3,2,3,1,1,5,1,5,1
SF,IC2007,2020-06-02 09:32:43.500,5470.0000,9128,0,216941120.000,0,-,-,-,-,5469.8000,5469.0000,5468.6000,5468.4000,5468.0000,5471.6000,5471.8000,5474.8000,5481.0000,5482.8000,1,3,3,3,1,1,5,1,5,1
SF,IC2007,2020-06-02 09:32:44.500,5469.8000,9128,0,219129400.000,2,1,1,多换,S,5469.0000,5468.6000,5468.4000,5468.0000,5467.8000,5471.8000,5474.8000,5481.0000,5482.8000,5483.0000,3,3,3,1,1,5,1,5,1,1
SF,IC2007,2020-06-02 09:32:45.000,5469.8000,9128,0,219129400.000,0,-,-,-,-,5470.4000,5469.8000,5469.6000,5469.4000,5469.0000,5471.6000,5471.8000,5474.8000,5481.0000,5482.8000,1,1,1,1,4,1,5,1,5,1
SF,IC2007,2020-06-02 09:32:45.500,5469.8000,9128,0,219129400.000,0,-,-,-,-,5469.6000,5469.0000,5468.6000,5468.4000,5468.0000,5471.8000,5474.8000,5481.0000,5482.8000,5483.0000,1,3,2,3,1,5,1,5,1,1
SF,IC2007,2020-06-02 09:32:46.000,5469.8000,9128,0,219129400.000,0,-,-,-,-,5469.8000,5469.6000,5469.0000,5468.6000,5468.4000,5471.8000,5474.8000,5481.0000,5482.8000,5483.0000,1,1,3,2,3,5,1,5,1,1
SF,IC2007,2020-06-02 09:32:47.000,5469.8000,9128,0,219129400.000,0,-,-,-,-,5470.0000,5469.8000,5469.6000,5469.0000,5468.6000,5471.8000,5474.8000,5481.0000,5482.8000,5483.0000,1,1,1,3,1,5,1,5,1,1
SF,IC2007,2020-06-02 09:32:47.500,5469.8000,9128,0,219129400.000,0,-,-,-,-,5470.0000,5469.8000,5469.6000,5469.0000,5468.6000,5471.8000,5474.8000,5481.0000,5482.8000,5483.0000,1,1,1,3,1,5,1,5,1,1
SF,IC2007,2020-06-02 09:32:48.500,5469.8000,9128,0,219129400.000,0,-,-,-,-,5469.8000,5469.6000,5469.0000,5468.6000,5468.4000,5470.0000,5471.8000,5474.8000,5481.0000,5482.8000,1,1,3,1,3,1,5,1,5,1
SF,IC2007,2020-06-02 09:32:49.000,5470.0000,9127,-1,220223400.000,1,0,1,双平,S,5469.8000,5469.6000,5469.0000,5468.6000,5468.4000,5471.8000,5474.8000,5481.0000,5482.8000,5483.0000,1,1,3,1,3,5,1,5,1,1
SF,IC2007,2020-06-02 09:32:50.500,5470.0000,9127,0,220223400.000,0,-,-,-,-,5470.0000,5469.8000,5469.6000,5469.0000,5468.6000,5471.8000,5474.8000,5481.0000,5482.8000,5483.0000,1,1,1,3,1,5,1,5,1,1
SF,IC2007,2020-06-02 09:32:51.500,5470.0000,9127,0,220223400.000,0,-,-,-,-,5470.0000,5469.8000,5469.6000,5469.0000,5468.6000,5471.8000,5474.8000,5481.0000,5482.8000,5483.0000,1,2,1,3,1,5,1,5,1,1
SF,IC2007,2020-06-02 09:32:52.000,5470.0000,9127,0,220223400.000,0,-,-,-,-,5470.2000,5470.0000,5469.8000,5469.6000,5469.0000,5471.8000,5474.8000,5481.0000,5482.8000,5483.0000,1,1,1,1,3,5,1,5,1,1
SF,IC2007,2020-06-02 09:32:52.500,5470.0000,9127,0,220223400.000,0,-,-,-,-,5470.2000,5470.0000,5469.6000,5469.0000,5468.6000,5471.8000,5474.8000,5481.0000,5482.8000,5483.0000,1,1,1,3,1,5,1,5,1,1
SF,IC2007,2020-06-02 09:32:53.000,5470.0000,9127,0,220223400.000,0,-,-,-,-,5470.4000,5470.2000,5470.0000,5469.8000,5469.6000,5471.8000,5474.8000,5481.0000,5482.8000,5483.0000,1,1,1,1,1,5,1,5,1,1
SF,IC2007,2020-06-02 09:32:53.500,5470.0000,9127,0,220223400.000,0,-,-,-,-,5470.4000,5469.8000,5469.6000,5469.0000,5468.6000,5471.8000,5474.8000,5481.0000,5482.8000,5483.0000,1,1,1,3,1,5,1,5,1,1
SF,IC2007,2020-06-02 09:32:54.000,5470.0000,9127,0,220223400.000,0,-,-,-,-,5470.4000,5469.8000,5469.6000,5469.0000,5468.6000,5471.8000,5474.8000,5481.0000,5482.8000,5483.0000,1,1,1,3,1,5,1,5,1,1
SF,IC2007,2020-06-02 09:32:56.000,5470.0000,9127,0,220223400.000,0,-,-,-,-,5470.4000,5469.8000,5469.6000,5469.0000,5468.6000,5471.8000,5474.8000,5481.0000,5482.8000,5483.0000,1,1,1,3,1,5,1,5,1,1
SF,IC2007,2020-06-02 09:32:56.500,5470.0000,9127,0,220223400.000,0,-,-,-,-,5470.4000,5469.8000,5469.6000,5469.0000,5468.6000,5471.8000,5474.8000,5481.0000,5482.8000,5483.0000,1,1,1,3,1,5,1,5,1,1
SF,IC2007,2020-06-02 09:32:57.500,5470.0000,9127,0,220223400.000,0,-,-,-,-,5470.6000,5470.4000,5469.8000,5469.6000,5469.0000,5471.8000,5474.8000,5481.0000,5482.8000,5483.0000,1,1,1,1,3,5,1,5,1,1
SF,IC2007,2020-06-02 09:32:58.000,5470.0000,9127,0,220223400.000,0,-,-,-,-,5470.8000,5470.6000,5470.4000,5469.8000,5469.6000,5471.8000,5474.8000,5481.0000,5482.8000,5483.0000,2,1,1,1,1,5,1,5,1,1
SF,IC2007,2020-06-02 09:32:59.000,5470.0000,9127,0,220223400.000,0,-,-,-,-,5470.8000,5470.4000,5469.8000,5469.6000,5469.0000,5471.8000,5474.8000,5481.0000,5482.8000,5483.0000,2,1,1,1,3,5,1,5,1,1
SF,IC2007,2020-06-02 09:32:59.500,5470.0000,9127,0,220223400.000,0,-,-,-,-,5470.8000,5470.4000,5469.8000,5469.0000,5468.0000,5471.8000,5474.8000,5481.0000,5482.8000,5483.0000,2,1,1,3,2,5,1,5,1,1
SF,IC2007,2020-06-02 09:33:00.000,5470.8000,9127,0,222411720.000,2,1,1,多换,S,5470.4000,5469.8000,5469.0000,5468.0000,5466.6000,5470.8000,5471.4000,5471.8000,5474.8000,5481.0000,1,1,3,2,1,1,2,5,1,5
SF,IC2007,2020-06-02 09:33:00.500,5470.8000,9126,-1,224599960.000,2,0,2,多平,S,5469.8000,5469.0000,5468.0000,5466.6000,5466.2000,5471.8000,5474.8000,5481.0000,5482.8000,5483.0000,1,3,2,1,1,6,1,5,1,1
SF,IC2007,2020-06-02 09:33:01.000,5470.8000,9126,0,224599960.000,0,-,-,-,-,5469.8000,5468.0000,5466.6000,5466.2000,5466.0000,5471.8000,5474.8000,5481.0000,5482.8000,5483.0000,1,2,1,1,2,6,1,5,1,1
SF,IC2007,2020-06-02 09:33:01.500,5470.8000,9126,0,224599960.000,0,-,-,-,-,5469.8000,5468.0000,5466.6000,5466.2000,5466.0000,5470.4000,5471.8000,5474.8000,5481.0000,5482.8000,1,2,1,1,2,2,6,1,5,1
SF,IC2007,2020-06-02 09:33:02.000,5469.8000,9126,0,225693920.000,1,0,1,多换,S,5468.0000,5466.6000,5466.2000,5466.0000,5463.0000,5470.4000,5471.8000,5474.8000,5481.0000,5482.8000,1,1,1,2,1,2,6,1,5,1
SF,IC2007,2020-06-02 09:33:02.500,5469.8000,9126,0,225693920.000,0,-,-,-,-,5468.4000,5468.0000,5466.6000,5466.2000,5466.0000,5471.8000,5474.8000,5481.0000,5482.8000,5483.0000,1,1,1,1,2,6,1,5,1,1
SF,IC2007,2020-06-02 09:33:03.000,5469.8000,9126,0,225693920.000,0,-,-,-,-,5468.0000,5466.2000,5466.0000,5463.0000,5458.4000,5469.8000,5471.2000,5471.6000,5471.8000,5474.8000,1,1,2,1,1,2,1,6,6,1
SF,IC2007,2020-06-02 09:33:03.500,5469.8000,9126,0,225693920.000,0,-,-,-,-,5468.2000,5468.0000,5466.0000,5463.0000,5458.4000,5469.0000,5469.8000,5471.6000,5471.8000,5474.8000,1,1,2,1,1,2,2,6,6,1
SF,IC2007,2020-06-02 09:33:04.000,5469.8000,9126,0,225693920.000,0,-,-,-,-,5468.2000,5468.0000,5466.0000,5463.0000,5458.4000,5469.8000,5471.6000,5471.8000,5474.8000,5481.0000,1,1,2,1,1,2,6,5,1,5
SF,IC2007,2020-06-02 09:33:04.500,5469.8000,9126,0,225693920.000,0,-,-,-,-,5468.2000,5468.0000,5466.0000,5463.0000,5458.4000,5469.8000,5471.6000,5471.8000,5474.8000,5481.0000,1,1,2,1,1,2,6,5,1,5
SF,IC2007,2020-06-02 09:33:05.000,5469.8000,9126,0,225693920.000,0,-,-,-,-,5468.2000,5468.0000,5466.0000,5463.0000,5458.4000,5468.8000,5469.8000,5471.6000,5471.8000,5474.8000,1,1,2,1,1,2,2,6,5,1
SF,IC2007,2020-06-02 09:33:05.500,5469.8000,9126,0,225693920.000,0,-,-,-,-,5468.2000,5468.0000,5466.0000,5463.0000,5458.4000,5469.8000,5471.6000,5471.8000,5474.8000,5481.0000,1,1,2,1,1,2,5,5,1,5
SF,IC2007,2020-06-02 09:33:06.000,5469.8000,9126,0,225693920.000,0,-,-,-,-,5468.2000,5468.0000,5466.0000,5463.0000,5458.4000,5468.4000,5469.8000,5471.6000,5471.8000,5474.8000,1,1,2,1,1,1,2,5,5,1
SF,IC2007,2020-06-02 09:33:06.500,5468.2000,9126,0,226787560.000,1,0,1,多换,S,5468.0000,5466.0000,5463.0000,5458.4000,5457.8000,5468.2000,5468.4000,5469.8000,5471.6000,5471.8000,1,2,1,1,5,2,1,2,5,5
SF,IC2007,2020-06-02 09:33:07.000,5468.0000,9126,0,227881160.000,1,0,1,多换,S,5466.0000,5463.0000,5458.4000,5457.8000,5454.0000,5469.8000,5471.6000,5471.8000,5474.8000,5481.0000,2,1,1,5,1,2,5,5,1,5
SF,IC2007,2020-06-02 09:33:07.500,5468.0000,9126,0,227881160.000,0,-,-,-,-,5466.0000,5463.0000,5458.4000,5457.8000,5454.0000,5469.6000,5469.8000,5471.6000,5471.8000,5474.8000,2,1,1,5,1,1,2,5,5,1
SF,IC2007,2020-06-02 09:33:08.000,5468.0000,9126,0,227881160.000,0,-,-,-,-,5466.0000,5463.0000,5458.4000,5457.8000,5454.0000,5467.4000,5468.4000,5469.6000,5469.8000,5471.6000,2,1,1,5,1,2,1,1,3,1
SF,IC2007,2020-06-02 09:33:08.500,5468.0000,9126,0,227881160.000,0,-,-,-,-,5466.0000,5463.0000,5458.4000,5457.8000,5454.0000,5468.4000,5469.6000,5469.8000,5471.6000,5471.8000,2,1,1,5,1,1,1,3,1,5
SF,IC2007,2020-06-02 09:33:09.000,5468.0000,9126,0,227881160.000,0,-,-,-,-,5466.4000,5466.0000,5463.0000,5458.4000,5457.8000,5468.0000,5468.4000,5469.6000,5469.8000,5471.6000,1,2,1,1,5,1,1,1,3,1
SF,IC2007,2020-06-02 09:33:09.500,5468.0000,9126,0,227881160.000,0,-,-,-,-,5466.4000,5466.0000,5463.0000,5458.4000,5457.8000,5468.4000,5469.6000,5469.8000,5471.6000,5471.8000,1,2,1,1,5,1,1,3,1,5
SF,IC2007,2020-06-02 09:33:10.500,5468.4000,9126,0,228974840.000,1,0,1,多换,S,5468.4000,5466.4000,5466.0000,5463.0000,5458.4000,5469.6000,5469.8000,5471.6000,5471.8000,5474.8000,2,1,2,1,1,1,2,1,5,1
SF,IC2007,2020-06-02 09:33:11.000,5468.4000,9124,-2,231162200.000,2,0,2,双平,S,5468.4000,5466.4000,5466.0000,5463.0000,5458.4000,5469.8000,5471.6000,5471.8000,5474.8000,5481.0000,2,1,2,1,1,2,1,5,1,5
SF,IC2007,2020-06-02 09:33:11.500,5468.4000,9124,0,232255880.000,1,0,1,多换,S,5468.4000,5466.4000,5466.0000,5463.0000,5458.4000,5469.8000,5471.6000,5471.8000,5474.8000,5481.0000,1,1,2,1,1,2,1,5,1,5
SF,IC2007,2020-06-02 09:33:12.000,5468.4000,9123,-1,233349560.000,1,0,1,双平,S,5466.4000,5466.0000,5463.0000,5458.4000,5457.8000,5468.2000,5468.4000,5469.6000,5469.8000,5471.6000,1,2,1,1,5,1,2,4,4,1
SF,IC2007,2020-06-02 09:33:12.500,5468.4000,9123,0,233349560.000,0,-,-,-,-,5466.4000,5466.0000,5463.0000,5458.4000,5457.8000,5468.4000,5469.6000,5469.8000,5470.2000,5471.6000,1,2,1,1,5,3,4,4,1,1
SF,IC2007,2020-06-02 09:33:13.000,5468.4000,9123,0,233349560.000,0,-,-,-,-,5466.4000,5466.0000,5463.0000,5458.4000,5457.8000,5468.4000,5469.6000,5469.8000,5470.2000,5471.6000,1,2,1,1,5,2,4,4,1,1
SF,IC2007,2020-06-02 09:33:13.500,5468.4000,9123,0,234443240.000,1,0,1,多换,S,5466.4000,5466.0000,5463.0000,5458.4000,5457.8000,5468.4000,5469.6000,5469.8000,5470.2000,5471.6000,1,2,1,1,5,2,4,4,1,1
SF,IC2007,2020-06-02 09:33:14.000,5468.4000,9123,0,234443240.000,0,-,-,-,-,5466.4000,5466.0000,5463.0000,5458.4000,5457.8000,5468.4000,5469.6000,5469.8000,5470.2000,5471.6000,1,2,1,1,5,2,4,4,1,1
SF,IC2007,2020-06-02 09:33:14.500,5468.4000,9123,0,234443240.000,0,-,-,-,-,5466.4000,5466.0000,5463.0000,5458.4000,5457.8000,5468.4000,5469.6000,5469.8000,5470.2000,5471.6000,1,2,1,1,5,3,4,4,1,1
SF,IC2007,2020-06-02 09:33:15.000,5468.4000,9123,0,234443240.000,0,-,-,-,-,5466.4000,5466.0000,5463.0000,5458.4000,5457.8000,5468.4000,5469.6000,5469.8000,5470.2000,5471.6000,1,2,1,1,5,2,4,4,1,1
SF,IC2007,2020-06-02 09:33:15.500,5466.4000,9122,-1,235536520.000,1,0,1,双平,S,5466.0000,5463.0000,5458.4000,5457.8000,5454.0000,5468.2000,5468.4000,5469.6000,5469.8000,5470.2000,2,1,1,5,1,2,5,4,2,1
SF,IC2007,2020-06-02 09:33:16.000,5466.4000,9122,0,235536520.000,0,-,-,-,-,5466.0000,5463.0000,5458.4000,5457.8000,5454.0000,5468.2000,5468.4000,5469.6000,5469.8000,5470.2000,2,1,1,5,1,2,5,4,2,1
SF,IC2007,2020-06-02 09:33:16.500,5466.4000,9122,0,235536520.000,0,-,-,-,-,5466.0000,5463.0000,5458.4000,5457.8000,5454.0000,5467.8000,5468.0000,5468.2000,5468.4000,5469.8000,2,1,1,5,1,1,3,3,6,2
SF,IC2007,2020-06-02 09:33:17.000,5466.0000,9122,0,237722920.000,2,1,1,多换,S,5463.0000,5458.4000,5457.8000,5454.0000,5450.2000,5466.0000,5467.4000,5467.8000,5468.0000,5468.2000,1,1,5,1,1,3,4,1,5,3
SF,IC2007,2020-06-02 09:33:17.500,5466.0000,9122,0,237722920.000,0,-,-,-,-,5463.6000,5463.0000,5462.8000,5458.4000,5457.8000,5465.8000,5466.0000,5467.4000,5467.8000,5468.0000,1,1,1,1,5,1,3,4,1,4
SF,IC2007,2020-06-02 09:33:18.000,5466.0000,9122,0,237722920.000,0,-,-,-,-,5463.6000,5463.0000,5458.4000,5457.8000,5454.0000,5465.8000,5466.0000,5467.4000,5467.8000,5468.0000,1,1,1,5,1,1,3,4,1,4
SF,IC2007,2020-06-02 09:33:18.500,5466.0000,9122,0,237722920.000,0,-,-,-,-,5463.6000,5463.0000,5458.4000,5457.8000,5454.0000,5465.8000,5466.0000,5467.4000,5467.8000,5468.0000,1,1,1,5,1,1,3,4,1,4
SF,IC2007,2020-06-02 09:33:19.000,5466.0000,9122,0,237722920.000,0,-,-,-,-,5463.6000,5463.0000,5458.4000,5457.8000,5454.0000,5465.8000,5466.0000,5467.4000,5467.8000,5468.0000,1,1,1,5,1,1,3,4,1,4
SF,IC2007,2020-06-02 09:33:20.500,5463.6000,9122,0,238815640.000,1,0,1,多换,S,5463.0000,5458.4000,5454.0000,5452.0000,5450.2000,5463.6000,5465.8000,5466.0000,5467.4000,5467.8000,1,1,1,5,1,3,1,3,4,1
SF,IC2007,2020-06-02 09:33:21.000,5463.6000,9122,0,242093800.000,3,1,2,多换,S,5463.0000,5458.4000,5454.0000,5452.0000,5450.2000,5465.8000,5466.0000,5467.4000,5467.8000,5468.0000,1,1,1,5,1,1,2,4,1,2
SF,IC2007,2020-06-02 09:33:21.500,5463.6000,9122,0,242093800.000,0,-,-,-,-,5463.0000,5458.4000,5454.0000,5452.0000,5450.2000,5465.4000,5465.8000,5466.0000,5467.4000,5467.8000,1,1,1,5,1,2,1,2,4,1
SF,IC2007,2020-06-02 09:33:22.000,5463.6000,9122,0,242093800.000,0,-,-,-,-,5463.0000,5458.4000,5454.0000,5452.0000,5450.2000,5465.0000,5465.8000,5466.0000,5467.4000,5467.8000,1,1,1,5,1,2,1,2,4,1
SF,IC2007,2020-06-02 09:33:22.500,5463.6000,9122,0,242093800.000,0,-,-,-,-,5463.0000,5458.4000,5454.0000,5452.0000,5450.2000,5465.8000,5466.0000,5467.4000,5467.8000,5468.0000,1,1,1,5,1,1,2,4,1,2
SF,IC2007,2020-06-02 09:33:23.000,5463.6000,9122,0,242093800.000,0,-,-,-,-,5463.0000,5458.4000,5454.0000,5452.0000,5450.2000,5465.4000,5465.8000,5466.0000,5467.4000,5467.8000,1,1,1,5,1,1,1,2,4,1
SF,IC2007,2020-06-02 09:33:23.500,5463.6000,9122,0,242093800.000,0,-,-,-,-,5463.0000,5458.4000,5454.0000,5452.0000,5450.2000,5465.8000,5466.0000,5467.4000,5467.8000,5468.0000,1,1,1,5,1,1,2,4,1,2
SF,IC2007,2020-06-02 09:33:24.500,5463.6000,9122,0,242093800.000,0,-,-,-,-,5463.2000,5463.0000,5458.4000,5454.0000,5452.0000,5465.8000,5466.0000,5467.4000,5467.8000,5468.0000,1,1,1,1,5,1,2,4,1,2
SF,IC2007,2020-06-02 09:33:25.000,5463.6000,9122,0,242093800.000,0,-,-,-,-,5463.2000,5463.0000,5458.4000,5454.0000,5452.0000,5466.0000,5467.4000,5467.8000,5468.0000,5468.4000,1,1,1,1,5,2,4,1,1,1
SF,IC2007,2020-06-02 09:33:25.500,5463.6000,9122,0,242093800.000,0,-,-,-,-,5463.2000,5463.0000,5458.4000,5454.0000,5452.0000,5465.6000,5466.0000,5467.4000,5467.8000,5468.0000,1,1,1,1,5,2,2,4,1,1
SF,IC2007,2020-06-02 09:33:26.000,5463.6000,9122,0,242093800.000,0,-,-,-,-,5463.4000,5463.2000,5463.0000,5458.4000,5454.0000,5465.2000,5466.0000,5467.4000,5467.8000,5468.0000,1,1,1,1,1,2,2,4,1,1
SF,IC2007,2020-06-02 09:33:26.500,5463.6000,9122,0,242093800.000,0,-,-,-,-,5463.4000,5463.2000,5463.0000,5458.4000,5454.0000,5465.2000,5466.0000,5467.4000,5467.8000,5468.0000,1,1,1,1,1,2,2,4,1,1
SF,IC2007,2020-06-02 09:33:27.000,5463.6000,9122,0,242093800.000,0,-,-,-,-,5463.4000,5463.0000,5458.4000,5454.0000,5452.0000,5465.2000,5466.0000,5467.4000,5467.8000,5468.0000,1,1,1,1,5,2,2,4,1,1
SF,IC2007,2020-06-02 09:33:28.500,5463.4000,9122,0,243186480.000,1,0,1,多换,S,5463.0000,5458.4000,5454.0000,5452.0000,5450.2000,5466.0000,5467.4000,5467.8000,5468.0000,5468.4000,1,1,1,5,1,2,4,1,1,1
SF,IC2007,2020-06-02 09:33:29.000,5463.0000,9122,0,244279080.000,1,0,1,多换,S,5458.4000,5454.0000,5452.0000,5450.2000,5430.0000,5462.8000,5465.4000,5465.6000,5465.8000,5466.0000,1,1,5,1,1,1,1,2,2,3
SF,IC2007,2020-06-02 09:33:29.500,5463.0000,9122,0,244279080.000,0,-,-,-,-,5459.4000,5459.2000,5459.0000,5458.6000,5458.4000,5462.6000,5462.8000,5465.6000,5465.8000,5466.0000,4,1,1,3,1,1,1,2,1,3
SF,IC2007,2020-06-02 09:33:30.000,5463.0000,9122,0,244279080.000,0,-,-,-,-,5460.0000,5459.4000,5459.2000,5458.6000,5458.4000,5462.6000,5462.8000,5465.8000,5466.0000,5468.0000,1,5,1,3,1,1,1,1,3,1
SF,IC2007,2020-06-02 09:33:30.500,5463.0000,9122,0,244279080.000,0,-,-,-,-,5460.0000,5459.6000,5459.4000,5459.2000,5458.6000,5462.6000,5462.8000,5465.8000,5466.0000,5468.0000,1,1,4,1,3,1,1,1,3,1
SF,IC2007,2020-06-02 09:33:31.000,5463.0000,9122,0,244279080.000,0,-,-,-,-,5460.4000,5460.0000,5459.4000,5459.2000,5458.6000,5462.6000,5462.8000,5465.8000,5466.0000,5468.0000,1,3,4,1,2,1,1,1,3,1
SF,IC2007,2020-06-02 09:33:31.500,5463.0000,9122,0,244279080.000,0,-,-,-,-,5460.4000,5460.0000,5459.4000,5459.2000,5458.6000,5462.6000,5462.8000,5465.8000,5466.0000,5468.0000,1,1,4,1,2,1,1,1,3,1
SF,IC2007,2020-06-02 09:33:32.000,5460.0000,9120,-2,246463160.000,2,0,2,双平,S,5460.0000,5459.4000,5459.2000,5458.6000,5458.4000,5462.6000,5462.8000,5465.8000,5466.0000,5468.0000,1,4,1,2,1,1,1,1,3,1
SF,IC2007,2020-06-02 09:33:32.500,5460.0000,9120,0,246463160.000,0,-,-,-,-,5460.0000,5459.4000,5459.2000,5458.6000,5458.4000,5462.6000,5462.8000,5465.8000,5466.0000,5468.0000,1,4,1,2,1,1,1,1,3,1
SF,IC2007,2020-06-02 09:33:33.500,5460.0000,9120,0,246463160.000,0,-,-,-,-,5460.0000,5459.4000,5459.2000,5458.6000,5458.4000,5462.4000,5462.6000,5462.8000,5465.8000,5466.0000,1,4,1,2,1,1,1,1,1,3
SF,IC2007,2020-06-02 09:33:34.500,5460.0000,9120,0,246463160.000,0,-,-,-,-,5460.0000,5459.4000,5459.2000,5458.6000,5458.4000,5462.4000,5462.6000,5462.8000,5465.8000,5466.0000,1,4,1,2,1,2,1,1,1,3
SF,IC2007,2020-06-02 09:33:35.000,5460.0000,9120,0,246463160.000,0,-,-,-,-,5461.4000,5460.2000,5460.0000,5459.4000,5459.2000,5462.4000,5462.6000,5462.8000,5465.8000,5466.0000,3,1,3,4,1,2,1,1,1,3
SF,IC2007,2020-06-02 09:33:35.500,5462.4000,9119,-1,248648120.000,2,0,2,多平,S,5460.2000,5460.0000,5459.4000,5459.2000,5458.6000,5462.8000,5465.8000,5466.0000,5468.0000,5474.8000,1,3,4,1,2,1,1,3,1,1
SF,IC2007,2020-06-02 09:33:36.000,5462.8000,9118,-1,250833240.000,2,0,2,多平,S,5462.4000,5460.8000,5460.4000,5460.2000,5460.0000,5465.8000,5466.0000,5468.0000,5474.8000,5475.2000,1,1,1,1,2,1,2,1,1,5
SF,IC2007,2020-06-02 09:33:36.500,5462.8000,9118,0,250833240.000,0,-,-,-,-,5462.6000,5462.4000,5460.8000,5460.4000,5460.2000,5465.2000,5466.0000,5468.0000,5474.8000,5475.2000,1,1,1,1,1,2,2,1,1,5
SF,IC2007,2020-06-02 09:33:38.000,5462.8000,9118,0,250833240.000,0,-,-,-,-,5462.6000,5462.4000,5460.8000,5460.4000,5460.2000,5465.2000,5466.0000,5468.0000,5474.8000,5475.2000,1,1,1,1,1,2,2,1,1,5
SF,IC2007,2020-06-02 09:33:39.500,5465.2000,9118,0,251926280.000,1,0,1,多换,S,5462.6000,5462.4000,5460.8000,5460.4000,5460.2000,5465.2000,5466.0000,5468.0000,5474.8000,5475.2000,1,1,1,1,1,1,2,1,1,5
SF,IC2007,2020-06-02 09:33:40.000,5465.2000,9118,0,251926280.000,0,-,-,-,-,5462.6000,5462.4000,5460.8000,5460.4000,5460.2000,5465.2000,5466.0000,5468.0000,5474.8000,5475.2000,1,1,1,1,1,1,2,1,1,5
SF,IC2007,2020-06-02 09:33:42.000,5465.2000,9119,1,253019320.000,1,1,0,双开,S,5462.6000,5462.4000,5460.8000,5460.4000,5460.2000,5466.0000,5468.0000,5474.8000,5475.2000,5482.8000,1,1,1,1,1,2,1,1,5,1
SF,IC2007,2020-06-02 09:33:42.500,5465.2000,9119,0,253019320.000,0,-,-,-,-,5462.6000,5462.4000,5460.8000,5460.4000,5460.2000,5466.0000,5468.0000,5474.8000,5475.2000,5482.8000,2,1,1,1,1,2,1,1,5,1
SF,IC2007,2020-06-02 09:33:43.000,5465.2000,9119,0,253019320.000,0,-,-,-,-,5462.6000,5462.4000,5460.8000,5460.4000,5460.2000,5466.0000,5468.0000,5474.8000,5475.2000,5482.8000,2,1,1,1,1,2,1,1,5,1
SF,IC2007,2020-06-02 09:33:43.500,5465.2000,9119,0,253019320.000,0,-,-,-,-,5462.6000,5462.4000,5460.8000,5460.4000,5460.2000,5466.0000,5468.0000,5474.8000,5475.2000,5482.8000,2,1,1,1,1,2,1,1,5,1
SF,IC2007,2020-06-02 09:33:44.000,5465.2000,9119,0,253019320.000,0,-,-,-,-,5462.6000,5462.4000,5460.8000,5460.4000,5460.2000,5465.8000,5466.0000,5466.2000,5468.0000,5474.8000,2,1,1,1,1,2,2,1,1,1
SF,IC2007,2020-06-02 09:33:44.500,5465.6000,9119,0,254112440.000,1,0,1,多换,S,5462.6000,5462.4000,5460.8000,5460.4000,5460.2000,5465.6000,5465.8000,5466.0000,5466.2000,5474.8000,2,1,1,1,1,2,2,2,1,1
SF,IC2007,2020-06-02 09:33:45.000,5465.6000,9119,0,254112440.000,0,-,-,-,-,5462.6000,5462.4000,5460.8000,5460.2000,5460.0000,5465.4000,5465.6000,5465.8000,5466.0000,5466.2000,2,1,1,1,1,2,2,3,2,1
SF,IC2007,2020-06-02 09:33:45.500,5465.6000,9119,0,254112440.000,0,-,-,-,-,5462.6000,5462.4000,5460.8000,5460.2000,5460.0000,5465.4000,5465.6000,5465.8000,5466.0000,5466.2000,2,1,1,1,1,2,2,3,2,1
SF,IC2007,2020-06-02 09:33:46.000,5465.6000,9119,0,254112440.000,0,-,-,-,-,5462.6000,5462.4000,5460.8000,5460.2000,5460.0000,5465.4000,5465.6000,5465.8000,5466.0000,5466.2000,2,1,1,1,1,2,1,3,2,1
SF,IC2007,2020-06-02 09:33:48.000,5465.6000,9119,0,254112440.000,0,-,-,-,-,5462.6000,5462.4000,5460.8000,5460.2000,5460.0000,5465.2000,5465.4000,5465.6000,5465.8000,5466.0000,2,1,1,1,1,1,3,1,3,2
SF,IC2007,2020-06-02 09:33:48.500,5462.6000,9118,-1,255204960.000,1,0,1,双平,S,5462.6000,5462.4000,5462.0000,5460.8000,5460.2000,5465.0000,5465.2000,5465.4000,5465.6000,5465.8000,1,1,1,1,1,1,3,2,1,6
SF,IC2007,2020-06-02 09:33:49.000,5462.6000,9119,1,256297480.000,1,1,0,双开,S,5462.4000,5462.0000,5460.8000,5460.2000,5460.0000,5464.8000,5465.0000,5465.2000,5465.4000,5465.6000,1,1,1,1,1,1,2,2,2,1
SF,IC2007,2020-06-02 09:33:49.500,5462.6000,9118,-1,259574880.000,3,1,2,多平,S,5460.2000,5459.4000,5458.6000,5458.0000,5454.0000,5464.2000,5464.6000,5464.8000,5465.0000,5465.2000,1,4,1,1,1,2,1,1,2,2
SF,IC2007,2020-06-02 09:33:50.000,5462.6000,9118,0,259574880.000,0,-,-,-,-,5460.2000,5459.4000,5458.6000,5458.0000,5454.0000,5464.0000,5464.4000,5464.8000,5465.0000,5465.2000,1,4,1,1,1,1,1,1,1,2
SF,IC2007,2020-06-02 09:33:50.500,5462.6000,9118,0,259574880.000,0,-,-,-,-,5460.2000,5459.4000,5458.6000,5458.0000,5454.0000,5464.0000,5464.4000,5464.8000,5465.0000,5465.2000,1,4,1,1,1,1,1,1,1,2
SF,IC2007,2020-06-02 09:33:51.000,5462.6000,9118,0,259574880.000,0,-,-,-,-,5460.2000,5458.0000,5454.0000,5452.0000,5450.8000,5463.8000,5464.0000,5464.2000,5464.4000,5464.8000,1,1,1,5,1,1,1,1,1,1
SF,IC2007,2020-06-02 09:33:51.500,5462.6000,9118,0,259574880.000,0,-,-,-,-,5460.2000,5458.0000,5454.0000,5452.0000,5450.8000,5463.4000,5463.6000,5463.8000,5464.2000,5464.4000,1,1,1,5,1,4,1,1,1,1
SF,IC2007,2020-06-02 09:33:52.000,5462.6000,9118,0,259574880.000,0,-,-,-,-,5460.2000,5454.0000,5452.0000,5450.8000,5450.2000,5462.8000,5463.2000,5463.4000,5463.8000,5464.4000,1,1,5,1,1,1,2,4,1,1
SF,IC2007,2020-06-02 09:33:52.500,5462.6000,9118,0,260667400.000,1,0,1,多换,S,5460.2000,5454.0000,5452.0000,5450.8000,5450.2000,5462.6000,5463.0000,5463.4000,5463.8000,5464.4000,1,1,5,1,1,1,2,4,1,1
SF,IC2007,2020-06-02 09:33:53.000,5462.6000,9118,0,260667400.000,0,-,-,-,-,5460.2000,5454.0000,5452.0000,5450.8000,5450.2000,5462.6000,5463.0000,5463.4000,5463.8000,5464.4000,1,1,5,1,1,1,2,4,1,1
SF,IC2007,2020-06-02 09:33:53.500,5462.6000,9118,0,260667400.000,0,-,-,-,-,5460.2000,5454.0000,5452.0000,5450.8000,5450.2000,5462.6000,5463.0000,5463.4000,5463.8000,5464.4000,1,1,5,1,1,1,2,4,1,1
SF,IC2007,2020-06-02 09:33:54.000,5462.6000,9118,0,260667400.000,0,-,-,-,-,5460.2000,5454.0000,5452.0000,5450.8000,5450.2000,5462.6000,5463.0000,5463.4000,5463.8000,5464.4000,1,1,5,1,1,1,2,4,1,1
SF,IC2007,2020-06-02 09:33:54.500,5462.6000,9118,0,260667400.000,0,-,-,-,-,5460.2000,5454.0000,5452.0000,5450.8000,5450.2000,5462.6000,5463.0000,5463.8000,5464.4000,5464.8000,1,1,5,1,1,1,2,1,1,1
SF,IC2007,2020-06-02 09:33:55.000,5462.6000,9118,0,260667400.000,0,-,-,-,-,5460.2000,5454.0000,5452.0000,5450.8000,5450.2000,5463.8000,5464.4000,5464.8000,5465.0000,5465.2000,1,1,5,1,1,1,1,1,1,2
SF,IC2007,2020-06-02 09:33:55.500,5462.6000,9118,0,260667400.000,0,-,-,-,-,5460.2000,5454.0000,5452.0000,5450.8000,5450.2000,5463.8000,5464.4000,5464.8000,5465.0000,5465.2000,1,1,5,1,1,1,1,1,1,2
SF,IC2007,2020-06-02 09:33:56.000,5462.6000,9118,0,260667400.000,0,-,-,-,-,5460.2000,5454.0000,5452.0000,5450.8000,5450.2000,5464.4000,5464.8000,5465.0000,5465.2000,5465.4000,1,1,5,1,1,1,1,1,2,1
SF,IC2007,2020-06-02 09:33:56.500,5462.6000,9118,0,260667400.000,0,-,-,-,-,5460.2000,5460.0000,5454.0000,5452.0000,5450.8000,5464.4000,5465.0000,5465.2000,5465.4000,5465.8000,5,1,1,5,1,1,1,1,1,3
SF,IC2007,2020-06-02 09:33:57.000,5462.6000,9118,0,260667400.000,0,-,-,-,-,5460.8000,5460.4000,5460.2000,5460.0000,5454.0000,5465.0000,5465.8000,5466.0000,5474.8000,5475.2000,1,1,5,1,1,1,3,2,1,5
SF,IC2007,2020-06-02 09:33:57.500,5462.6000,9118,0,260667400.000,0,-,-,-,-,5461.0000,5460.8000,5460.4000,5460.2000,5460.0000,5465.8000,5466.0000,5474.8000,5475.2000,5482.8000,1,1,1,5,1,3,2,1,5,1
SF,IC2007,2020-06-02 09:33:58.000,5462.6000,9118,0,260667400.000,0,-,-,-,-,5461.0000,5460.8000,5460.4000,5460.2000,5460.0000,5465.8000,5466.0000,5474.8000,5475.2000,5482.8000,1,1,1,5,1,3,2,1,5,1
SF,IC2007,2020-06-02 09:33:58.500,5462.6000,9118,0,260667400.000,0,-,-,-,-,5461.6000,5461.0000,5460.4000,5460.2000,5460.0000,5465.8000,5466.0000,5474.8000,5475.2000,5482.8000,1,1,1,5,1,3,2,1,5,1
SF,IC2007,2020-06-02 09:33:59.000,5462.6000,9118,0,260667400.000,0,-,-,-,-,5461.6000,5461.4000,5461.0000,5460.4000,5460.2000,5465.8000,5466.0000,5474.8000,5475.2000,5482.8000,1,1,1,1,5,3,2,1,5,1
SF,IC2007,2020-06-02 09:33:59.500,5461.8000,9118,0,261759760.000,1,0,1,多换,S,5461.6000,5461.4000,5461.0000,5460.4000,5460.2000,5465.8000,5466.0000,5474.8000,5475.2000,5482.8000,1,1,1,1,1,3,2,1,5,1
SF,IC2007,2020-06-02 09:34:00.000,5461.8000,9118,0,261759760.000,0,-,-,-,-,5461.8000,5461.6000,5461.0000,5460.4000,5460.2000,5465.6000,5465.8000,5466.0000,5474.8000,5475.2000,2,1,1,1,1,1,3,2,1,5
SF,IC2007,2020-06-02 09:34:00.500,5461.8000,9118,0,261759760.000,0,-,-,-,-,5461.8000,5461.6000,5461.0000,5460.4000,5460.2000,5465.4000,5465.6000,5465.8000,5466.0000,5474.8000,2,1,1,1,1,4,2,3,2,1
SF,IC2007,2020-06-02 09:34:01.000,5461.8000,9118,0,261759760.000,0,-,-,-,-,5461.8000,5461.0000,5460.4000,5460.2000,5454.0000,5465.2000,5465.4000,5465.6000,5465.8000,5466.0000,3,1,1,1,1,1,4,1,3,2
SF,IC2007,2020-06-02 09:34:01.500,5461.8000,9118,0,261759760.000,0,-,-,-,-,5461.8000,5461.0000,5460.4000,5460.2000,5454.0000,5465.2000,5465.4000,5465.6000,5465.8000,5466.0000,3,1,1,1,1,1,6,1,3,2
SF,IC2007,2020-06-02 09:34:02.000,5461.8000,9118,0,261759760.000,0,-,-,-,-,5461.8000,5461.0000,5460.4000,5460.2000,5454.0000,5464.8000,5465.0000,5465.2000,5465.4000,5465.6000,3,1,1,1,1,1,4,3,6,1
SF,IC2007,2020-06-02 09:34:02.500,5461.8000,9117,-1,265036840.000,3,1,2,多平,S,5460.4000,5460.2000,5454.0000,5452.2000,5452.0000,5461.8000,5464.6000,5464.8000,5465.0000,5465.2000,1,1,1,5,5,4,1,1,4,2
SF,IC2007,2020-06-02 09:34:03.000,5461.8000,9113,-4,269406280.000,4,0,4,双平,S,5461.2000,5460.4000,5460.2000,5454.0000,5452.2000,5464.6000,5464.8000,5465.0000,5465.2000,5465.4000,2,1,1,1,5,1,1,2,2,4
SF,IC2007,2020-06-02 09:34:03.500,5461.8000,9113,0,269406280.000,0,-,-,-,-,5460.4000,5460.2000,5454.0000,5452.2000,5452.0000,5464.6000,5464.8000,5465.0000,5465.2000,5465.4000,1,1,1,5,5,1,2,2,2,4
SF,IC2007,2020-06-02 09:34:04.000,5461.8000,9113,0,269406280.000,0,-,-,-,-,5460.4000,5460.2000,5454.0000,5452.2000,5452.0000,5464.4000,5464.6000,5464.8000,5465.0000,5465.2000,1,1,1,5,5,2,1,3,2,2
SF,IC2007,2020-06-02 09:34:04.500,5461.0000,9112,-1,270498480.000,1,0,1,双平,S,5461.0000,5460.8000,5460.4000,5460.2000,5454.0000,5464.2000,5464.4000,5464.8000,5465.0000,5465.4000,1,1,1,1,1,1,2,2,2,4
SF,IC2007,2020-06-02 09:34:05.500,5461.0000,9112,0,270498480.000,0,-,-,-,-,5461.4000,5461.0000,5460.4000,5460.2000,5454.0000,5464.2000,5464.4000,5464.8000,5465.0000,5465.4000,1,1,1,1,1,1,2,2,1,4
SF,IC2007,2020-06-02 09:34:06.000,5461.0000,9112,0,270498480.000,0,-,-,-,-,5461.4000,5461.0000,5460.4000,5460.2000,5454.0000,5464.8000,5465.4000,5465.6000,5465.8000,5466.0000,1,1,1,1,1,2,4,1,3,2
SF,IC2007,2020-06-02 09:34:06.500,5461.0000,9112,0,270498480.000,0,-,-,-,-,5460.4000,5460.2000,5454.0000,5452.2000,5452.0000,5465.4000,5465.6000,5465.8000,5466.0000,5474.8000,1,1,1,5,5,4,1,3,2,1
SF,IC2007,2020-06-02 09:34:07.000,5461.0000,9112,0,270498480.000,0,-,-,-,-,5460.4000,5460.2000,5454.0000,5452.2000,5452.0000,5464.4000,5464.8000,5465.0000,5465.2000,5465.6000,1,1,1,5,5,1,1,1,4,1
SF,IC2007,2020-06-02 09:34:07.500,5461.0000,9112,0,270498480.000,0,-,-,-,-,5461.0000,5460.8000,5460.6000,5460.4000,5460.2000,5461.4000,5465.6000,5465.8000,5466.0000,5474.8000,5,1,1,1,1,1,1,3,2,1
SF,IC2007,2020-06-02 09:34:08.000,5461.4000,9111,-1,271590760.000,1,0,1,双平,S,5462.4000,5461.8000,5461.6000,5461.4000,5461.0000,5465.6000,5465.8000,5466.0000,5474.8000,5475.2000,2,2,2,1,5,1,3,2,1,5
SF,IC2007,2020-06-02 09:34:08.500,5461.4000,9111,0,271590760.000,0,-,-,-,-,5462.6000,5462.4000,5461.0000,5460.4000,5460.2000,5465.0000,5465.4000,5465.6000,5465.8000,5466.0000,1,2,4,1,1,1,3,2,3,2
SF,IC2007,2020-06-02 09:34:09.000,5462.4000,9110,-1,272683240.000,1,0,1,双平,S,5462.4000,5461.4000,5461.0000,5460.4000,5460.2000,5464.8000,5465.0000,5465.4000,5465.6000,5465.8000,2,1,4,1,1,1,1,3,2,3
SF,IC2007,2020-06-02 09:34:09.500,5462.4000,9110,0,272683240.000,0,-,-,-,-,5462.6000,5462.4000,5461.4000,5461.0000,5460.4000,5464.6000,5464.8000,5465.0000,5465.4000,5465.6000,1,2,2,4,1,1,1,3,1,2
SF,IC2007,2020-06-02 09:34:10.000,5462.4000,9110,0,272683240.000,0,-,-,-,-,5462.6000,5462.4000,5461.4000,5461.0000,5460.4000,5464.4000,5464.6000,5465.0000,5465.4000,5465.6000,1,2,2,4,1,1,1,3,1,2
SF,IC2007,2020-06-02 09:34:11.000,5462.4000,9110,0,272683240.000,0,-,-,-,-,5462.6000,5462.4000,5461.4000,5461.0000,5460.4000,5464.4000,5465.0000,5465.6000,5465.8000,5466.0000,1,2,2,4,1,1,2,1,3,2
SF,IC2007,2020-06-02 09:34:12.500,5462.6000,9109,-1,273775760.000,1,0,1,双平,S,5462.4000,5461.4000,5461.0000,5460.2000,5454.0000,5462.6000,5464.4000,5465.0000,5465.6000,5465.8000,2,2,4,1,1,1,1,2,1,3
SF,IC2007,2020-06-02 09:34:13.000,5462.6000,9109,0,273775760.000,0,-,-,-,-,5462.4000,5461.4000,5461.0000,5460.4000,5460.2000,5462.6000,5464.4000,5465.0000,5465.6000,5465.8000,2,2,4,1,1,1,1,2,1,3
SF,IC2007,2020-06-02 09:34:13.500,5462.6000,9108,-1,274868280.000,1,0,1,双平,S,5462.8000,5462.4000,5461.4000,5461.0000,5460.4000,5464.4000,5465.0000,5465.6000,5465.8000,5466.0000,1,2,2,4,1,1,2,1,3,2
SF,IC2007,2020-06-02 09:34:14.000,5462.8000,9107,-1,275960840.000,1,0,1,双平,S,5462.4000,5461.4000,5461.0000,5460.6000,5460.2000,5464.4000,5465.0000,5465.6000,5465.8000,5466.0000,2,2,4,1,1,1,2,1,3,2
SF,IC2007,2020-06-02 09:34:14.500,5462.4000,9105,-2,278145800.000,2,0,2,双平,S,5461.4000,5461.0000,5460.6000,5460.2000,5454.0000,5464.4000,5465.0000,5465.6000,5465.8000,5466.0000,2,4,1,1,1,1,2,1,3,2
SF,IC2007,2020-06-02 09:34:15.000,5462.4000,9105,0,278145800.000,0,-,-,-,-,5462.8000,5461.8000,5461.4000,5461.0000,5460.6000,5464.4000,5465.0000,5465.8000,5466.0000,5474.8000,2,1,2,4,1,1,2,3,2,1
SF,IC2007,2020-06-02 09:34:15.500,5464.4000,9104,-1,279238680.000,1,0,1,双平,S,5461.8000,5461.4000,5461.0000,5460.6000,5460.2000,5465.0000,5465.8000,5466.0000,5474.8000,5475.2000,1,2,4,1,1,2,3,2,1,5
SF,IC2007,2020-06-02 09:34:16.000,5464.4000,9104,0,279238680.000,0,-,-,-,-,5462.0000,5461.8000,5461.4000,5461.0000,5460.6000,5465.8000,5466.0000,5474.8000,5475.2000,5482.8000,1,1,2,4,1,3,2,1,5,1
SF,IC2007,2020-06-02 09:34:16.500,5464.4000,9104,0,279238680.000,0,-,-,-,-,5462.4000,5462.0000,5461.8000,5461.4000,5461.0000,5465.6000,5465.8000,5466.0000,5474.8000,5475.2000,1,1,1,2,4,5,3,2,1,5
SF,IC2007,2020-06-02 09:34:17.000,5464.4000,9104,0,279238680.000,0,-,-,-,-,5462.6000,5462.4000,5461.4000,5460.6000,5460.2000,5465.6000,5465.8000,5466.0000,5474.8000,5475.2000,1,1,2,1,1,5,5,2,1,5
SF,IC2007,2020-06-02 09:34:17.500,5464.4000,9104,0,279238680.000,0,-,-,-,-,5462.6000,5462.4000,5461.4000,5460.6000,5460.2000,5465.4000,5465.6000,5465.8000,5466.0000,5474.8000,1,1,2,1,1,1,1,5,2,1
SF,IC2007,2020-06-02 09:34:18.000,5464.4000,9104,0,279238680.000,0,-,-,-,-,5462.6000,5462.4000,5461.4000,5460.6000,5460.2000,5465.2000,5465.4000,5465.8000,5466.0000,5474.8000,1,1,2,1,1,1,1,5,2,1
SF,IC2007,2020-06-02 09:34:18.500,5464.4000,9104,0,279238680.000,0,-,-,-,-,5462.6000,5462.4000,5461.4000,5460.6000,5460.2000,5465.0000,5465.2000,5465.8000,5466.0000,5474.8000,1,1,2,1,1,1,1,5,2,1
SF,IC2007,2020-06-02 09:34:19.000,5464.4000,9104,0,279238680.000,0,-,-,-,-,5462.6000,5462.4000,5461.4000,5460.6000,5460.2000,5464.8000,5465.0000,5465.8000,5466.0000,5474.8000,1,1,2,1,1,1,1,5,2,1
SF,IC2007,2020-06-02 09:34:19.500,5464.8000,9103,-1,280331640.000,1,0,1,双平,S,5463.8000,5463.0000,5462.6000,5462.4000,5461.4000,5465.0000,5465.8000,5466.0000,5474.8000,5475.2000,2,1,1,1,2,1,5,2,1,5
SF,IC2007,2020-06-02 09:34:20.000,5464.8000,9103,0,280331640.000,0,-,-,-,-,5464.0000,5462.4000,5461.4000,5460.2000,5454.0000,5465.8000,5466.0000,5474.8000,5475.2000,5482.8000,1,1,2,1,1,5,2,1,5,1
SF,IC2007,2020-06-02 09:34:20.500,5464.8000,9103,0,280331640.000,0,-,-,-,-,5464.8000,5464.0000,5462.4000,5461.4000,5460.2000,5465.6000,5465.8000,5466.0000,5474.8000,5475.2000,1,1,1,2,1,1,3,2,1,5
SF,IC2007,2020-06-02 09:34:21.000,5464.8000,9103,0,281424600.000,1,0,1,多换,S,5464.0000,5462.4000,5461.4000,5460.2000,5454.0000,5464.8000,5465.6000,5465.8000,5466.0000,5474.8000,1,1,2,1,1,1,1,3,2,1
SF,IC2007,2020-06-02 09:34:21.500,5464.8000,9103,0,281424600.000,0,-,-,-,-,5465.0000,5464.0000,5462.4000,5461.4000,5460.2000,5465.6000,5465.8000,5466.0000,5466.6000,5474.8000,4,1,1,2,1,1,3,2,1,1
SF,IC2007,2020-06-02 09:34:22.000,5464.8000,9103,0,281424600.000,0,-,-,-,-,5465.0000,5464.0000,5462.4000,5461.4000,5460.2000,5465.8000,5466.0000,5466.6000,5474.8000,5475.2000,4,1,1,2,1,3,2,1,1,5
SF,IC2007,2020-06-02 09:34:22.500,5465.8000,9105,2,283610920.000,2,2,0,双开,S,5465.0000,5464.0000,5462.4000,5461.4000,5460.2000,5465.8000,5466.0000,5466.6000,5467.6000,5474.8000,4,1,1,2,1,1,2,1,1,1
SF,IC2007,2020-06-02 09:34:23.000,5465.8000,9105,0,283610920.000,0,-,-,-,-,5465.0000,5464.0000,5462.4000,5461.4000,5460.2000,5465.8000,5466.0000,5466.6000,5467.6000,5474.8000,4,1,1,2,1,1,2,1,1,1
SF,IC2007,2020-06-02 09:34:23.500,5466.0000,9103,-2,286890480.000,3,0,3,多平,S,5465.2000,5465.0000,5462.4000,5461.4000,5460.2000,5466.6000,5467.6000,5474.8000,5475.2000,5482.8000,1,4,1,2,1,1,1,1,5,1
SF,IC2007,2020-06-02 09:34:24.000,5466.0000,9103,0,286890480.000,0,-,-,-,-,5465.2000,5465.0000,5462.4000,5461.4000,5460.2000,5466.6000,5467.6000,5468.6000,5474.8000,5475.2000,1,4,1,2,1,1,1,1,1,5
SF,IC2007,2020-06-02 09:34:24.500,5466.0000,9103,0,286890480.000,0,-,-,-,-,5465.8000,5465.2000,5465.0000,5462.4000,5461.4000,5466.4000,5466.6000,5467.6000,5468.6000,5474.8000,2,1,4,1,2,1,1,1,1,1
SF,IC2007,2020-06-02 09:34:25.000,5466.0000,9103,0,286890480.000,0,-,-,-,-,5465.8000,5465.2000,5465.0000,5462.4000,5461.4000,5466.6000,5467.6000,5468.6000,5474.8000,5475.2000,2,1,4,1,2,1,1,1,1,5
SF,IC2007,2020-06-02 09:34:25.500,5466.0000,9103,0,286890480.000,0,-,-,-,-,5466.0000,5465.8000,5465.0000,5462.4000,5461.4000,5467.6000,5468.6000,5474.8000,5475.2000,5482.8000,1,2,4,1,2,1,1,1,5,1
SF,IC2007,2020-06-02 09:34:26.000,5466.0000,9103,0,286890480.000,0,-,-,-,-,5466.0000,5465.8000,5465.0000,5462.4000,5461.4000,5467.6000,5468.6000,5469.6000,5474.8000,5475.2000,1,2,4,1,2,1,1,1,1,5
SF,IC2007,2020-06-02 09:34:26.500,5466.0000,9103,0,286890480.000,0,-,-,-,-,5466.0000,5465.8000,5465.0000,5462.4000,5461.4000,5467.6000,5468.6000,5469.6000,5474.8000,5475.2000,1,2,4,1,2,1,1,1,1,5
SF,IC2007,2020-06-02 09:34:27.000,5467.6000,9103,0,287984000.000,1,0,1,多换,S,5466.0000,5465.8000,5465.0000,5462.4000,5461.4000,5468.6000,5469.6000,5474.8000,5475.2000,5482.8000,1,2,4,1,2,1,1,1,5,1
SF,IC2007,2020-06-02 09:34:27.500,5467.6000,9103,0,287984000.000,0,-,-,-,-,5466.0000,5465.8000,5465.0000,5462.4000,5461.4000,5468.4000,5468.6000,5469.6000,5474.8000,5475.2000,1,2,4,1,2,1,1,1,1,5
SF,IC2007,2020-06-02 09:34:31.000,5466.0000,9103,0,289077200.000,1,0,1,多换,S,5465.8000,5465.0000,5462.4000,5461.4000,5460.2000,5468.4000,5468.6000,5469.6000,5474.8000,5475.2000,2,4,1,1,1,1,1,1,1,5
SF,IC2007,2020-06-02 09:34:31.500,5466.0000,9103,0,289077200.000,0,-,-,-,-,5466.0000,5465.8000,5465.0000,5462.4000,5461.4000,5468.4000,5468.6000,5469.6000,5474.8000,5475.2000,1,2,4,1,1,1,1,1,1,5
SF,IC2007,2020-06-02 09:34:32.000,5466.0000,9103,0,289077200.000,0,-,-,-,-,5466.0000,5465.8000,5465.0000,5462.4000,5461.4000,5468.4000,5468.6000,5469.6000,5474.8000,5475.2000,1,2,4,1,1,1,1,1,1,5
SF,IC2007,2020-06-02 09:34:33.500,5468.4000,9102,-1,291264080.000,2,0,2,多平,S,5465.8000,5465.0000,5462.4000,5461.4000,5460.2000,5468.6000,5469.6000,5474.8000,5475.2000,5482.8000,2,4,1,1,1,1,1,1,5,1
SF,IC2007,2020-06-02 09:34:34.000,5468.4000,9102,0,291264080.000,0,-,-,-,-,5466.0000,5465.8000,5465.0000,5462.4000,5461.4000,5468.6000,5469.6000,5474.8000,5475.2000,5482.8000,1,2,4,1,1,1,1,1,5,1
SF,IC2007,2020-06-02 09:34:34.500,5468.4000,9102,0,291264080.000,0,-,-,-,-,5466.0000,5465.8000,5465.0000,5462.4000,5461.4000,5468.4000,5468.6000,5469.6000,5474.8000,5475.2000,1,2,4,1,1,1,1,1,1,5
SF,IC2007,2020-06-02 09:34:36.500,5466.4000,9102,0,292357360.000,1,0,1,多换,S,5466.4000,5466.0000,5465.8000,5465.0000,5462.4000,5468.4000,5468.6000,5469.6000,5474.8000,5475.2000,1,1,2,4,1,1,1,1,1,5
SF,IC2007,2020-06-02 09:34:37.000,5466.4000,9102,0,292357360.000,0,-,-,-,-,5466.6000,5466.4000,5465.8000,5465.0000,5462.4000,5468.4000,5468.6000,5469.6000,5474.8000,5475.2000,1,1,2,4,1,1,1,1,1,5
SF,IC2007,2020-06-02 09:34:37.500,5466.4000,9102,0,292357360.000,0,-,-,-,-,5466.6000,5465.8000,5465.0000,5462.4000,5461.4000,5468.4000,5468.6000,5469.6000,5474.8000,5475.2000,1,2,4,1,1,1,1,1,1,5
SF,IC2007,2020-06-02 09:34:38.000,5466.4000,9102,0,292357360.000,0,-,-,-,-,5465.8000,5465.0000,5462.4000,5461.4000,5460.2000,5468.4000,5468.6000,5469.6000,5474.8000,5475.2000,2,4,1,1,1,1,1,1,1,5
SF,IC2007,2020-06-02 09:34:38.500,5466.4000,9102,0,292357360.000,0,-,-,-,-,5466.0000,5465.8000,5465.0000,5462.4000,5461.4000,5468.2000,5468.4000,5468.6000,5469.6000,5474.8000,1,2,4,1,1,1,1,1,1,1
SF,IC2007,2020-06-02 09:34:39.000,5466.4000,9102,0,292357360.000,0,-,-,-,-,5466.0000,5465.8000,5465.0000,5462.4000,5461.4000,5468.0000,5468.2000,5468.6000,5469.6000,5474.8000,1,2,4,1,1,1,1,1,1,1
SF,IC2007,2020-06-02 09:34:41.500,5466.4000,9102,0,292357360.000,0,-,-,-,-,5466.0000,5465.8000,5465.0000,5462.4000,5461.4000,5468.0000,5468.2000,5468.6000,5469.6000,5474.8000,1,2,4,1,1,1,3,1,1,1
SF,IC2007,2020-06-02 09:34:42.000,5466.4000,9102,0,292357360.000,0,-,-,-,-,5466.0000,5465.8000,5465.0000,5462.4000,5461.4000,5468.0000,5468.2000,5468.6000,5469.6000,5474.8000,1,2,4,1,1,1,3,1,1,1
SF,IC2007,2020-06-02 09:34:44.500,5465.8000,9099,-3,295636880.000,3,0,3,双平,S,5465.0000,5462.4000,5461.4000,5460.2000,5454.0000,5468.0000,5468.2000,5468.6000,5469.6000,5474.8000,4,1,1,1,1,1,3,1,1,1
SF,IC2007,2020-06-02 09:34:45.000,5465.8000,9099,0,295636880.000,0,-,-,-,-,5465.0000,5462.4000,5461.4000,5460.2000,5454.0000,5467.6000,5467.8000,5468.0000,5468.2000,5468.6000,4,1,1,1,1,1,1,1,2,1
SF,IC2007,2020-06-02 09:34:45.500,5465.8000,9099,0,295636880.000,0,-,-,-,-,5465.0000,5462.4000,5461.4000,5460.4000,5460.2000,5467.4000,5467.6000,5468.2000,5468.6000,5469.6000,4,1,1,5,1,2,1,2,1,1
SF,IC2007,2020-06-02 09:34:46.000,5465.0000,9099,0,300008880.000,4,2,2,多换,S,5462.4000,5461.4000,5460.4000,5460.2000,5454.0000,5467.0000,5467.4000,5468.2000,5468.6000,5469.6000,1,1,5,1,1,1,2,2,1,1
SF,IC2007,2020-06-02 09:34:46.500,5465.0000,9099,0,300008880.000,0,-,-,-,-,5463.0000,5462.8000,5462.6000,5462.4000,5462.2000,5466.8000,5467.0000,5468.2000,5468.6000,5474.8000,5,3,3,1,1,2,1,2,1,1
SF,IC2007,2020-06-02 09:34:47.000,5465.0000,9099,0,300008880.000,0,-,-,-,-,5463.4000,5463.2000,5463.0000,5462.8000,5462.6000,5466.8000,5467.0000,5468.2000,5468.6000,5474.8000,1,1,5,1,2,2,1,2,1,1
SF,IC2007,2020-06-02 09:34:47.500,5465.0000,9099,0,300008880.000,0,-,-,-,-,5464.0000,5463.4000,5463.2000,5463.0000,5462.8000,5466.8000,5467.0000,5468.2000,5468.6000,5474.8000,1,1,1,5,1,2,1,2,1,1
SF,IC2007,2020-06-02 09:34:48.000,5465.0000,9099,0,300008880.000,0,-,-,-,-,5464.4000,5463.4000,5463.2000,5463.0000,5462.8000,5466.4000,5466.8000,5467.0000,5468.2000,5468.6000,1,1,1,5,1,1,2,1,2,1
SF,IC2007,2020-06-02 09:34:48.500,5465.0000,9099,0,300008880.000,0,-,-,-,-,5463.2000,5463.0000,5462.8000,5462.4000,5461.4000,5466.0000,5466.2000,5466.8000,5467.0000,5468.2000,1,4,1,1,1,1,1,1,1,2
SF,IC2007,2020-06-02 09:34:49.000,5465.0000,9099,0,300008880.000,0,-,-,-,-,5463.6000,5463.2000,5462.4000,5461.4000,5460.4000,5465.8000,5468.2000,5474.8000,5475.2000,5482.8000,1,1,1,1,5,2,2,1,5,1
SF,IC2007,2020-06-02 09:34:49.500,5465.0000,9099,0,300008880.000,0,-,-,-,-,5463.6000,5463.2000,5461.4000,5460.4000,5460.2000,5465.4000,5465.8000,5468.2000,5474.8000,5475.2000,1,1,1,5,1,1,2,2,1,5
SF,IC2007,2020-06-02 09:34:50.000,5465.0000,9099,0,300008880.000,0,-,-,-,-,5463.2000,5461.4000,5460.4000,5460.2000,5454.0000,5465.2000,5465.4000,5465.8000,5468.2000,5474.8000,1,1,5,1,1,1,1,1,2,1
SF,IC2007,2020-06-02 09:34:50.500,5465.0000,9099,0,300008880.000,0,-,-,-,-,5463.8000,5463.2000,5461.4000,5460.4000,5460.2000,5465.2000,5465.8000,5468.2000,5474.8000,5475.2000,1,1,1,5,1,1,1,2,1,5
SF,IC2007,2020-06-02 09:34:51.000,5465.2000,9100,1,302194680.000,2,1,1,空开,S,5463.2000,5461.4000,5460.4000,5460.2000,5454.0000,5468.2000,5474.8000,5475.2000,5482.8000,5483.0000,1,1,5,1,1,2,1,5,1,1
SF,IC2007,2020-06-02 09:34:51.500,5465.2000,9100,0,302194680.000,0,-,-,-,-,5463.4000,5463.2000,5461.4000,5460.4000,5460.2000,5466.8000,5467.0000,5467.6000,5467.8000,5468.0000,1,1,1,5,2,4,3,1,2,5
SF,IC2007,2020-06-02 09:34:52.000,5465.2000,9100,0,302194680.000,0,-,-,-,-,5463.4000,5463.2000,5461.4000,5460.4000,5460.2000,5466.4000,5466.6000,5466.8000,5467.0000,5467.6000,1,1,1,5,2,1,2,4,5,1
SF,IC2007,2020-06-02 09:34:52.500,5465.2000,9100,0,302194680.000,0,-,-,-,-,5463.4000,5463.2000,5461.4000,5460.4000,5460.2000,5466.0000,5466.2000,5466.8000,5467.0000,5467.6000,1,1,1,5,2,1,2,4,5,1
SF,IC2007,2020-06-02 09:34:53.000,5465.2000,9100,0,302194680.000,0,-,-,-,-,5463.4000,5463.2000,5461.4000,5460.4000,5460.2000,5465.8000,5466.0000,5466.8000,5467.0000,5467.6000,1,1,1,5,2,2,1,4,5,1
SF,IC2007,2020-06-02 09:34:53.500,5465.2000,9100,0,302194680.000,0,-,-,-,-,5463.2000,5461.4000,5460.4000,5460.2000,5457.0000,5465.4000,5465.8000,5467.0000,5467.6000,5467.8000,1,1,5,2,1,2,2,5,1,1
SF,IC2007,2020-06-02 09:34:54.000,5465.2000,9100,0,302194680.000,0,-,-,-,-,5463.4000,5463.2000,5461.4000,5460.4000,5460.2000,5465.8000,5467.0000,5467.6000,5467.8000,5468.0000,1,1,1,5,2,1,3,1,1,3
SF,IC2007,2020-06-02 09:34:54.500,5465.2000,9100,0,302194680.000,0,-,-,-,-,5463.8000,5463.4000,5463.2000,5461.4000,5460.4000,5465.6000,5465.8000,5467.0000,5467.6000,5467.8000,1,1,1,1,5,1,1,3,1,1
SF,IC2007,2020-06-02 09:34:55.000,5465.2000,9100,0,302194680.000,0,-,-,-,-,5464.0000,5463.8000,5463.2000,5461.4000,5460.4000,5465.6000,5467.0000,5467.6000,5467.8000,5468.0000,1,1,1,1,5,1,3,1,1,3
SF,IC2007,2020-06-02 09:34:55.500,5465.2000,9100,0,302194680.000,0,-,-,-,-,5463.2000,5461.4000,5460.4000,5460.2000,5457.0000,5464.0000,5465.2000,5465.4000,5465.6000,5467.0000,1,1,5,2,1,1,1,4,2,3
SF,IC2007,2020-06-02 09:34:56.000,5465.4000,9097,-3,305473360.000,3,0,3,双平,S,5464.4000,5463.4000,5463.2000,5461.4000,5460.4000,5465.4000,5465.6000,5467.0000,5467.6000,5467.8000,2,1,1,1,5,3,1,3,1,1
SF,IC2007,2020-06-02 09:34:56.500,5464.4000,9095,-2,307659120.000,2,0,2,双平,S,5463.2000,5462.4000,5461.4000,5460.4000,5460.2000,5464.2000,5467.0000,5467.6000,5467.8000,5468.0000,1,1,1,5,2,3,3,1,1,3
SF,IC2007,2020-06-02 09:34:57.000,5463.2000,9095,0,308751760.000,1,0,1,多换,S,5462.4000,5461.4000,5460.4000,5460.2000,5457.0000,5464.2000,5466.0000,5467.0000,5467.6000,5467.8000,1,1,5,2,1,2,1,3,1,1
SF,IC2007,2020-06-02 09:34:57.500,5463.2000,9095,0,308751760.000,0,-,-,-,-,5462.6000,5462.4000,5461.4000,5460.6000,5460.4000,5464.2000,5466.0000,5467.0000,5467.6000,5467.8000,1,1,1,1,5,2,1,3,1,1
SF,IC2007,2020-06-02 09:34:58.000,5462.6000,9094,-1,309844280.000,1,0,1,双平,S,5462.4000,5461.4000,5460.6000,5460.4000,5460.2000,5464.0000,5464.2000,5466.0000,5467.0000,5467.6000,1,1,1,5,2,1,2,1,3,1
SF,IC2007,2020-06-02 09:34:58.500,5462.6000,9094,0,309844280.000,0,-,-,-,-,5461.4000,5460.6000,5460.4000,5460.2000,5457.0000,5463.6000,5464.0000,5464.2000,5466.0000,5467.0000,1,1,5,2,1,1,1,2,1,3
