市场代码,合约代码,时间,最新,持仓,增仓,成交额,成交量,开仓,平仓,成交类型,方向,买一价,买二价,买三价,买四价,买五价,卖一价,卖二价,卖三价,卖四价,卖五价,买一量,买二量,买三量,买四量,买五量,卖一量,卖二量,卖三量,卖四量,卖五量
SF,IC2006,2019-11-29 09:29:00.100,4654.6000,17937,0,930920.000,1.000,-,-,-,-,4654.6000,4651.2000,4650.4000,4646.0000,4645.0000,4656.0000,4656.8000,4657.6000,4658.0000,4660.6000,1,1,1,1,1,5,2,3,1,1
SF,IC2006,2019-11-29 09:30:00.100,4654.6000,17937,0,1861840.000,1,0,1,多换,S,4650.4000,4646.0000,4645.0000,4644.0000,4643.0000,4650.6000,4654.0000,4654.2000,4654.4000,4654.6000,1,1,1,1,1,1,1,2,1,2
SF,IC2006,2019-11-29 09:30:00.600,4650.4000,17938,1,5582160.000,4,2,2,空开,S,4646.0000,4645.0000,4644.0000,4643.0000,4642.0000,4650.4000,4654.0000,4654.2000,4654.4000,4654.6000,1,1,1,1,2,3,1,3,1,2
SF,IC2006,2019-11-29 09:30:01.100,4650.4000,17934,-4,9302480.000,4,0,4,双平,S,4648.8000,4646.4000,4646.2000,4646.0000,4645.0000,4654.0000,4654.2000,4654.4000,4654.6000,4655.0000,2,1,1,1,1,1,1,1,1,3
SF,IC2006,2019-11-29 09:30:01.600,4650.2000,17930,-4,13022120.000,4,0,4,双平,S,4648.8000,4647.6000,4646.4000,4646.0000,4645.0000,4653.8000,4654.0000,4654.2000,4654.4000,4655.0000,1,1,1,1,1,1,1,1,1,3
SF,IC2006,2019-11-29 09:30:02.100,4650.2000,17930,0,13022120.000,0,-,-,-,-,4649.6000,4649.2000,4649.0000,4648.8000,4647.6000,4653.8000,4654.2000,4655.0000,4656.0000,4656.8000,1,1,1,1,1,2,1,3,5,2
SF,IC2006,2019-11-29 09:30:02.600,4649.6000,17928,-2,14882000.000,2,0,2,双平,S,4649.6000,4649.4000,4649.2000,4648.8000,4646.0000,4652.8000,4653.8000,4654.2000,4655.0000,4656.0000,1,1,2,1,1,1,1,1,3,5
SF,IC2006,2019-11-29 09:30:03.100,4649.6000,17927,-1,15811920.000,1,0,1,双平,S,4649.6000,4649.4000,4649.2000,4648.8000,4646.0000,4652.6000,4654.2000,4655.0000,4656.0000,4656.8000,1,1,2,1,1,1,1,3,5,2
SF,IC2006,2019-11-29 09:30:03.600,4649.6000,17926,-1,16741840.000,1,0,1,双平,S,4650.2000,4650.0000,4649.2000,4648.8000,4646.0000,4652.6000,4655.0000,4656.0000,4656.8000,4657.6000,1,1,2,1,1,1,3,5,2,3
SF,IC2006,2019-11-29 09:30:04.100,4649.6000,17926,0,16741840.000,0,-,-,-,-,4650.4000,4650.2000,4650.0000,4649.8000,4649.2000,4652.4000,4652.6000,4655.0000,4656.0000,4656.8000,1,1,2,1,1,1,1,3,5,2
SF,IC2006,2019-11-29 09:30:04.600,4649.6000,17926,0,16741840.000,0,-,-,-,-,4650.6000,4650.4000,4650.2000,4649.8000,4649.2000,4652.4000,4655.0000,4656.0000,4656.8000,4657.6000,2,1,1,1,1,1,3,5,2,3
SF,IC2006,2019-11-29 09:30:05.100,4649.6000,17926,0,16741840.000,0,-,-,-,-,4650.8000,4650.6000,4650.2000,4649.8000,4648.8000,4652.4000,4655.0000,4656.0000,4656.8000,4657.6000,2,3,1,1,1,1,3,5,2,3
SF,IC2006,2019-11-29 09:30:05.600,4649.6000,17926,0,16741840.000,0,-,-,-,-,4650.8000,4650.6000,4650.2000,4649.8000,4648.8000,4652.4000,4655.0000,4656.0000,4656.8000,4657.6000,2,2,1,1,1,1,3,5,2,3
SF,IC2006,2019-11-29 09:30:06.600,4649.6000,17926,0,16741840.000,0,-,-,-,-,4650.8000,4650.2000,4649.8000,4649.4000,4649.0000,4652.4000,4655.0000,4656.0000,4656.8000,4657.6000,2,1,1,2,1,1,3,5,2,3
SF,IC2006,2019-11-29 09:30:07.100,4649.6000,17926,0,16741840.000,0,-,-,-,-,4651.2000,4651.0000,4650.8000,4649.8000,4649.4000,4652.4000,4655.0000,4656.0000,4656.8000,4657.6000,1,1,2,1,2,1,3,5,2,3
SF,IC2006,2019-11-29 09:30:07.600,4649.6000,17926,0,16741840.000,0,-,-,-,-,4651.4000,4651.2000,4651.0000,4650.8000,4649.8000,4652.4000,4655.0000,4656.0000,4656.8000,4657.6000,1,1,1,1,1,1,3,5,2,3
SF,IC2006,2019-11-29 09:30:08.100,4652.4000,17926,0,17672320.000,1,0,1,多换,S,4651.4000,4651.2000,4651.0000,4650.8000,4649.8000,4655.0000,4656.0000,4656.8000,4657.6000,4658.0000,1,1,2,1,1,3,5,2,3,1
SF,IC2006,2019-11-29 09:30:08.600,4652.4000,17926,0,17672320.000,0,-,-,-,-,4651.6000,4651.4000,4651.0000,4650.8000,4649.8000,4654.8000,4655.0000,4655.2000,4656.0000,4656.8000,1,1,2,1,1,1,3,1,5,2
SF,IC2006,2019-11-29 09:30:09.100,4652.4000,17926,0,17672320.000,0,-,-,-,-,4651.8000,4651.0000,4650.8000,4649.8000,4649.4000,4653.8000,4654.8000,4655.0000,4655.2000,4656.0000,2,2,1,1,2,1,1,3,1,5
SF,IC2006,2019-11-29 09:30:09.600,4652.4000,17926,0,17672320.000,0,-,-,-,-,4652.0000,4651.0000,4650.8000,4649.8000,4649.4000,4653.6000,4653.8000,4655.0000,4655.2000,4656.0000,1,2,1,1,2,1,1,3,1,5
SF,IC2006,2019-11-29 09:30:10.100,4652.0000,17925,-1,18602720.000,1,0,1,双平,S,4651.0000,4650.8000,4649.8000,4649.4000,4649.2000,4651.8000,4652.0000,4653.6000,4653.8000,4655.0000,2,1,1,2,1,1,1,1,1,3
SF,IC2006,2019-11-29 09:30:10.600,4652.0000,17925,0,18602720.000,0,-,-,-,-,4651.0000,4649.8000,4649.4000,4649.2000,4649.0000,4651.6000,4651.8000,4652.0000,4653.8000,4655.0000,1,1,2,1,1,1,1,1,1,3
SF,IC2006,2019-11-29 09:30:11.100,4651.0000,17924,-1,19532920.000,1,0,1,双平,S,4649.6000,4649.4000,4649.0000,4648.8000,4647.2000,4650.8000,4651.6000,4651.8000,4652.0000,4653.8000,1,1,1,1,4,1,1,1,1,1
SF,IC2006,2019-11-29 09:30:11.600,4650.8000,17923,-1,20463080.000,1,0,1,双平,S,4649.8000,4649.6000,4649.2000,4649.0000,4648.8000,4651.8000,4652.0000,4653.8000,4655.0000,4655.2000,1,1,1,1,1,1,1,1,3,1
SF,IC2006,2019-11-29 09:30:12.100,4650.8000,17923,0,20463080.000,0,-,-,-,-,4649.8000,4649.6000,4649.2000,4649.0000,4648.8000,4651.6000,4651.8000,4652.0000,4653.8000,4655.0000,1,1,1,1,1,1,1,1,1,3
SF,IC2006,2019-11-29 09:30:12.600,4650.0000,17922,-1,21393080.000,1,0,1,双平,S,4649.8000,4649.6000,4649.2000,4649.0000,4648.8000,4651.6000,4651.8000,4652.0000,4653.8000,4655.0000,1,1,1,1,1,1,1,1,1,3
SF,IC2006,2019-11-29 09:30:13.100,4650.0000,17922,0,21393080.000,0,-,-,-,-,4651.6000,4650.2000,4649.8000,4649.6000,4649.0000,4652.0000,4653.8000,4655.0000,4655.2000,4656.0000,1,2,1,1,1,1,1,3,1,5
SF,IC2006,2019-11-29 09:30:13.600,4650.0000,17922,0,21393080.000,0,-,-,-,-,4650.2000,4649.6000,4649.0000,4647.2000,4646.2000,4651.8000,4652.0000,4653.8000,4655.0000,4655.2000,2,1,1,4,2,1,1,1,3,1
SF,IC2006,2019-11-29 09:30:14.600,4651.8000,17921,-1,22323440.000,1,0,1,双平,S,4650.2000,4649.6000,4649.0000,4647.2000,4646.2000,4652.0000,4653.8000,4655.0000,4655.2000,4656.0000,2,1,1,4,2,1,1,3,1,5
SF,IC2006,2019-11-29 09:30:15.100,4651.8000,17921,0,22323440.000,0,-,-,-,-,4650.4000,4650.2000,4649.6000,4649.0000,4647.2000,4653.8000,4655.0000,4655.2000,4656.0000,4656.8000,1,2,1,1,4,1,3,1,5,2
SF,IC2006,2019-11-29 09:30:15.600,4651.8000,17921,0,22323440.000,0,-,-,-,-,4652.0000,4650.4000,4650.2000,4649.6000,4649.0000,4653.6000,4653.8000,4655.0000,4655.2000,4656.0000,1,1,2,1,1,1,1,3,1,5
SF,IC2006,2019-11-29 09:30:16.100,4652.0000,17920,-1,23253840.000,1,0,1,双平,S,4650.4000,4650.2000,4649.6000,4649.0000,4647.2000,4653.6000,4653.8000,4655.0000,4655.2000,4656.0000,1,2,1,1,4,1,1,3,1,5
SF,IC2006,2019-11-29 09:30:16.600,4652.0000,17920,0,23253840.000,0,-,-,-,-,4650.4000,4650.2000,4649.6000,4649.0000,4647.2000,4653.6000,4653.8000,4655.0000,4655.2000,4656.0000,1,1,1,1,4,1,1,3,1,5
SF,IC2006,2019-11-29 09:30:17.100,4652.0000,17920,0,23253840.000,0,-,-,-,-,4650.4000,4650.2000,4649.6000,4649.0000,4647.2000,4653.6000,4653.8000,4654.8000,4655.0000,4655.2000,1,1,1,1,4,1,1,1,3,1
SF,IC2006,2019-11-29 09:30:18.600,4652.0000,17920,0,23253840.000,0,-,-,-,-,4650.4000,4650.2000,4649.6000,4649.0000,4647.2000,4653.6000,4654.8000,4655.0000,4655.2000,4656.0000,1,1,1,1,4,1,1,3,1,5
SF,IC2006,2019-11-29 09:30:19.100,4652.0000,17920,0,23253840.000,0,-,-,-,-,4650.4000,4650.2000,4649.6000,4649.0000,4647.2000,4652.8000,4653.4000,4653.6000,4654.8000,4655.0000,1,1,1,1,4,1,1,1,1,3
SF,IC2006,2019-11-29 09:30:19.600,4652.0000,17920,0,23253840.000,0,-,-,-,-,4650.4000,4650.2000,4649.6000,4649.0000,4647.2000,4652.6000,4653.4000,4654.8000,4655.0000,4655.2000,1,1,1,1,4,1,1,1,3,1
SF,IC2006,2019-11-29 09:30:20.600,4652.0000,17920,0,23253840.000,0,-,-,-,-,4650.8000,4650.6000,4650.4000,4650.2000,4649.6000,4652.6000,4654.8000,4655.0000,4655.2000,4656.0000,1,1,1,1,1,1,1,3,1,5
SF,IC2006,2019-11-29 09:30:21.100,4652.0000,17920,0,23253840.000,0,-,-,-,-,4651.0000,4650.8000,4650.6000,4650.2000,4649.6000,4652.6000,4654.8000,4655.0000,4655.2000,4656.0000,1,2,1,1,1,1,1,3,1,5
SF,IC2006,2019-11-29 09:30:22.100,4652.0000,17920,0,23253840.000,0,-,-,-,-,4651.0000,4650.8000,4650.6000,4649.6000,4649.0000,4652.6000,4654.8000,4655.0000,4655.2000,4656.0000,1,2,1,1,1,1,1,3,1,5
SF,IC2006,2019-11-29 09:30:22.600,4652.0000,17920,0,23253840.000,0,-,-,-,-,4651.2000,4651.0000,4650.6000,4649.6000,4649.0000,4653.0000,4654.8000,4655.0000,4655.2000,4656.0000,1,1,1,1,1,1,1,3,1,5
SF,IC2006,2019-11-29 09:30:23.100,4652.0000,17920,0,23253840.000,0,-,-,-,-,4652.8000,4651.4000,4651.2000,4650.6000,4649.6000,4653.0000,4654.8000,4655.0000,4655.2000,4656.0000,2,1,2,1,1,1,1,1,1,5
SF,IC2006,2019-11-29 09:30:23.600,4653.0000,17919,-1,24184440.000,1,0,1,双平,S,4653.2000,4653.0000,4652.8000,4651.4000,4651.2000,4654.8000,4655.0000,4655.2000,4656.0000,4656.8000,1,1,2,1,2,1,1,1,5,2
SF,IC2006,2019-11-29 09:30:24.100,4653.0000,17919,0,24184440.000,0,-,-,-,-,4653.2000,4653.0000,4652.8000,4651.4000,4651.2000,4654.6000,4654.8000,4655.2000,4656.0000,4656.8000,1,1,2,1,2,1,1,1,5,2
SF,IC2006,2019-11-29 09:30:24.600,4653.2000,17918,-1,25115080.000,1,0,1,双平,S,4653.0000,4652.8000,4651.4000,4650.6000,4649.6000,4654.6000,4654.8000,4655.2000,4656.0000,4656.8000,1,2,1,1,1,1,1,1,5,2
SF,IC2006,2019-11-29 09:30:25.100,4653.2000,17918,0,25115080.000,0,-,-,-,-,4652.8000,4651.4000,4650.6000,4649.6000,4649.0000,4654.4000,4654.6000,4654.8000,4655.2000,4656.0000,2,1,1,1,1,1,1,1,1,5
SF,IC2006,2019-11-29 09:30:25.600,4653.2000,17918,0,25115080.000,0,-,-,-,-,4652.8000,4651.4000,4650.6000,4649.6000,4649.0000,4654.2000,4654.4000,4654.8000,4655.2000,4656.0000,2,1,1,1,1,1,1,1,1,5
SF,IC2006,2019-11-29 09:30:26.100,4653.2000,17918,0,25115080.000,0,-,-,-,-,4651.4000,4650.6000,4649.6000,4649.0000,4648.8000,4654.2000,4654.4000,4654.8000,4655.2000,4656.0000,1,1,1,1,2,1,1,1,1,5
SF,IC2006,2019-11-29 09:30:27.100,4653.2000,17918,0,25115080.000,0,-,-,-,-,4651.8000,4651.4000,4649.6000,4649.0000,4648.8000,4654.2000,4654.4000,4654.8000,4655.2000,4656.0000,1,1,1,1,2,1,1,1,1,5
SF,IC2006,2019-11-29 09:30:27.600,4653.2000,17918,0,25115080.000,0,-,-,-,-,4652.0000,4651.8000,4649.6000,4649.0000,4648.8000,4654.2000,4654.4000,4654.8000,4655.2000,4656.0000,1,1,1,1,2,1,1,1,1,5
SF,IC2006,2019-11-29 09:30:28.100,4653.2000,17918,0,25115080.000,0,-,-,-,-,4652.0000,4650.0000,4649.6000,4649.0000,4648.8000,4654.2000,4654.4000,4654.8000,4655.2000,4656.0000,1,5,1,1,2,1,1,1,1,5
SF,IC2006,2019-11-29 09:30:28.600,4654.0000,17917,-1,26045880.000,1,0,1,双平,S,4652.0000,4650.0000,4649.6000,4649.0000,4648.8000,4654.2000,4654.8000,4655.2000,4656.0000,4656.8000,1,5,1,1,2,1,1,1,5,2
SF,IC2006,2019-11-29 09:30:29.100,4654.0000,17917,0,26045880.000,0,-,-,-,-,4652.0000,4650.0000,4649.6000,4649.0000,4648.8000,4653.0000,4654.2000,4654.8000,4655.2000,4656.0000,2,5,1,1,2,1,1,1,1,5
SF,IC2006,2019-11-29 09:30:29.600,4653.0000,17916,-1,26976480.000,1,0,1,双平,S,4653.0000,4652.0000,4650.0000,4649.6000,4649.0000,4654.2000,4654.8000,4655.2000,4656.0000,4656.8000,1,2,5,1,1,1,1,1,5,2
SF,IC2006,2019-11-29 09:30:30.100,4653.0000,17916,0,26976480.000,0,-,-,-,-,4653.0000,4652.0000,4650.0000,4649.6000,4649.0000,4654.2000,4654.8000,4655.2000,4656.0000,4656.8000,2,2,5,1,1,1,1,1,5,2
SF,IC2006,2019-11-29 09:30:31.100,4653.0000,17916,0,26976480.000,0,-,-,-,-,4653.0000,4652.0000,4650.0000,4649.6000,4649.0000,4654.2000,4654.8000,4655.2000,4656.0000,4656.8000,2,2,6,1,1,1,1,1,5,2
SF,IC2006,2019-11-29 09:30:31.600,4653.0000,17914,-2,28837680.000,2,0,2,双平,S,4652.0000,4650.0000,4649.6000,4649.0000,4648.8000,4654.2000,4655.2000,4656.0000,4656.8000,4657.6000,2,6,1,1,2,1,1,5,2,3
SF,IC2006,2019-11-29 09:30:36.100,4653.0000,17914,0,28837680.000,0,-,-,-,-,4652.0000,4650.0000,4649.6000,4649.0000,4648.8000,4654.0000,4654.2000,4655.2000,4656.0000,4656.8000,2,6,1,1,2,1,1,1,6,2
SF,IC2006,2019-11-29 09:30:36.600,4653.0000,17914,0,28837680.000,0,-,-,-,-,4652.0000,4650.0000,4649.6000,4649.0000,4648.8000,4653.8000,4654.0000,4655.2000,4656.0000,4656.8000,2,6,1,1,2,1,1,1,6,2
SF,IC2006,2019-11-29 09:30:41.100,4652.0000,17912,-2,30698480.000,2,0,2,双平,S,4650.0000,4649.6000,4649.0000,4648.8000,4647.2000,4652.0000,4653.8000,4654.0000,4654.8000,4655.2000,6,1,1,2,4,1,1,1,3,1
SF,IC2006,2019-11-29 09:30:41.600,4652.0000,17912,0,30698480.000,0,-,-,-,-,4650.2000,4650.0000,4649.6000,4649.0000,4648.8000,4652.0000,4653.8000,4654.0000,4654.8000,4655.2000,1,6,1,1,2,1,1,1,3,1
SF,IC2006,2019-11-29 09:30:42.100,4652.0000,17912,0,30698480.000,0,-,-,-,-,4650.2000,4650.0000,4649.6000,4649.0000,4648.8000,4653.8000,4654.0000,4654.8000,4655.2000,4656.0000,1,6,1,1,2,1,1,3,1,6
SF,IC2006,2019-11-29 09:30:42.600,4652.0000,17912,0,30698480.000,0,-,-,-,-,4650.2000,4650.0000,4649.6000,4649.0000,4648.8000,4653.4000,4653.8000,4654.0000,4654.8000,4655.2000,1,6,1,1,2,1,1,1,3,1
SF,IC2006,2019-11-29 09:30:43.100,4652.0000,17912,0,30698480.000,0,-,-,-,-,4650.2000,4650.0000,4649.6000,4649.0000,4648.8000,4653.2000,4653.4000,4654.0000,4654.8000,4655.2000,1,6,1,1,2,1,1,1,3,1
SF,IC2006,2019-11-29 09:30:43.600,4652.0000,17912,0,30698480.000,0,-,-,-,-,4650.2000,4650.0000,4649.6000,4649.0000,4648.8000,4653.2000,4653.4000,4654.0000,4654.8000,4655.2000,1,6,1,1,2,1,1,1,3,1
SF,IC2006,2019-11-29 09:30:44.100,4652.0000,17912,0,30698480.000,0,-,-,-,-,4650.0000,4649.6000,4649.0000,4648.8000,4647.2000,4652.8000,4653.2000,4653.4000,4654.8000,4655.2000,6,1,1,2,4,1,1,1,3,1
SF,IC2006,2019-11-29 09:30:44.600,4652.0000,17912,0,30698480.000,0,-,-,-,-,4650.2000,4650.0000,4649.6000,4649.0000,4648.8000,4652.6000,4652.8000,4653.4000,4654.8000,4655.2000,1,6,1,1,1,1,1,1,3,1
SF,IC2006,2019-11-29 09:30:45.100,4652.0000,17912,0,30698480.000,0,-,-,-,-,4652.0000,4650.0000,4649.6000,4649.0000,4647.2000,4652.6000,4653.4000,4654.8000,4655.2000,4656.0000,1,6,1,1,4,1,1,3,1,6
SF,IC2006,2019-11-29 09:30:45.600,4652.0000,17912,0,31628880.000,1,0,1,多换,S,4650.0000,4649.6000,4649.0000,4647.2000,4646.0000,4652.0000,4652.4000,4652.6000,4652.8000,4653.4000,6,1,1,4,1,1,1,1,1,1
SF,IC2006,2019-11-29 09:30:46.100,4652.0000,17912,0,31628880.000,0,-,-,-,-,4650.0000,4649.6000,4649.0000,4647.2000,4646.0000,4651.8000,4652.0000,4652.8000,4653.4000,4654.8000,6,1,1,4,1,1,1,1,1,3
SF,IC2006,2019-11-29 09:30:48.100,4652.0000,17912,0,31628880.000,0,-,-,-,-,4650.0000,4649.6000,4649.0000,4647.2000,4646.0000,4651.6000,4651.8000,4652.0000,4652.8000,4653.4000,6,1,1,4,1,1,1,1,1,1
SF,IC2006,2019-11-29 09:30:48.600,4652.0000,17912,0,31628880.000,0,-,-,-,-,4650.0000,4649.6000,4649.0000,4647.2000,4646.0000,4651.4000,4651.6000,4652.0000,4652.8000,4653.4000,6,1,1,4,1,1,1,1,1,1
SF,IC2006,2019-11-29 09:30:49.600,4652.0000,17912,0,31628880.000,0,-,-,-,-,4650.0000,4649.8000,4649.6000,4649.0000,4647.2000,4651.4000,4651.6000,4652.0000,4652.8000,4653.4000,6,1,1,1,4,1,1,1,1,1
SF,IC2006,2019-11-29 09:30:50.600,4652.0000,17912,0,31628880.000,0,-,-,-,-,4650.0000,4649.8000,4649.6000,4649.0000,4647.2000,4651.4000,4652.0000,4653.4000,4654.8000,4655.2000,6,1,1,1,4,1,1,1,3,1
SF,IC2006,2019-11-29 09:30:51.100,4652.0000,17912,0,31628880.000,0,-,-,-,-,4650.0000,4649.8000,4649.6000,4649.0000,4647.2000,4651.4000,4653.4000,4654.8000,4655.2000,4656.0000,6,1,1,1,4,1,1,3,1,6
SF,IC2006,2019-11-29 09:30:51.600,4652.0000,17912,0,31628880.000,0,-,-,-,-,4650.0000,4649.8000,4649.6000,4649.0000,4647.2000,4651.2000,4651.4000,4653.4000,4654.8000,4655.2000,6,1,1,1,4,1,1,1,3,1
SF,IC2006,2019-11-29 09:30:52.100,4650.0000,17913,1,32558880.000,1,1,0,双开,S,4650.0000,4649.8000,4649.6000,4649.0000,4647.2000,4651.0000,4651.2000,4653.4000,4654.8000,4655.2000,5,1,1,1,4,1,1,1,3,1
SF,IC2006,2019-11-29 09:30:52.600,4650.0000,17913,0,32558880.000,0,-,-,-,-,4650.0000,4649.8000,4649.6000,4649.0000,4647.2000,4651.0000,4651.2000,4653.4000,4654.8000,4655.2000,5,1,1,1,4,1,1,1,3,1
SF,IC2006,2019-11-29 09:30:53.100,4650.0000,17913,0,32558880.000,0,-,-,-,-,4650.0000,4649.8000,4649.6000,4649.0000,4647.2000,4651.0000,4651.2000,4653.4000,4654.8000,4655.2000,4,1,1,1,4,1,1,1,3,1
SF,IC2006,2019-11-29 09:30:53.600,4650.0000,17913,0,32558880.000,0,-,-,-,-,4650.0000,4649.8000,4649.6000,4649.0000,4647.2000,4651.0000,4651.2000,4653.4000,4654.8000,4655.2000,4,1,1,1,4,1,1,1,3,1
SF,IC2006,2019-11-29 09:30:54.600,4650.0000,17913,0,32558880.000,0,-,-,-,-,4650.0000,4649.8000,4649.6000,4649.0000,4647.2000,4651.0000,4651.2000,4653.4000,4654.8000,4655.2000,4,1,1,1,4,1,1,1,3,1
SF,IC2006,2019-11-29 09:30:55.600,4651.2000,17911,-2,34419320.000,2,0,2,双平,S,4650.0000,4649.8000,4649.6000,4649.0000,4647.2000,4653.4000,4654.8000,4655.2000,4656.0000,4656.8000,4,1,1,1,4,1,3,1,2,2
SF,IC2006,2019-11-29 09:30:56.100,4651.2000,17911,0,34419320.000,0,-,-,-,-,4650.2000,4650.0000,4649.8000,4649.6000,4649.0000,4652.8000,4653.2000,4653.4000,4654.8000,4655.2000,1,4,1,1,1,1,1,1,3,1
SF,IC2006,2019-11-29 09:30:56.600,4651.2000,17911,0,34419320.000,0,-,-,-,-,4650.0000,4649.8000,4649.6000,4649.0000,4647.2000,4651.2000,4652.4000,4652.6000,4652.8000,4653.4000,4,1,1,1,4,1,1,1,1,1
SF,IC2006,2019-11-29 09:30:57.100,4651.2000,17911,0,35349560.000,1,0,1,多换,S,4650.0000,4649.8000,4649.6000,4649.0000,4647.2000,4652.4000,4652.6000,4652.8000,4653.4000,4654.8000,4,1,1,1,4,1,1,1,2,3
SF,IC2006,2019-11-29 09:30:57.600,4652.2000,17910,-1,36280000.000,1,0,1,双平,S,4651.2000,4650.6000,4650.2000,4650.0000,4649.8000,4652.4000,4653.4000,4654.8000,4655.2000,4656.0000,1,1,1,4,1,1,2,3,1,2
SF,IC2006,2019-11-29 09:30:58.100,4652.2000,17910,0,36280000.000,0,-,-,-,-,4651.2000,4650.6000,4650.2000,4650.0000,4649.8000,4653.4000,4654.8000,4655.2000,4656.0000,4656.8000,1,1,1,4,1,2,3,1,2,2
SF,IC2006,2019-11-29 09:30:58.600,4652.2000,17910,0,36280000.000,0,-,-,-,-,4651.4000,4651.2000,4650.6000,4650.0000,4649.8000,4653.2000,4653.4000,4654.8000,4655.2000,4656.0000,1,1,1,4,1,1,2,3,1,2
SF,IC2006,2019-11-29 09:30:59.100,4652.2000,17910,0,36280000.000,0,-,-,-,-,4650.6000,4650.0000,4649.8000,4649.0000,4647.2000,4653.2000,4653.4000,4654.8000,4655.2000,4656.0000,1,4,1,1,4,1,2,3,1,2
SF,IC2006,2019-11-29 09:30:59.600,4652.2000,17910,0,36280000.000,0,-,-,-,-,4650.8000,4650.6000,4650.0000,4649.8000,4649.0000,4653.2000,4653.4000,4654.8000,4655.2000,4656.0000,1,1,4,1,1,1,2,3,1,2
SF,IC2006,2019-11-29 09:31:00.100,4652.2000,17910,0,36280000.000,0,-,-,-,-,4650.8000,4650.6000,4650.0000,4649.8000,4649.0000,4652.8000,4653.2000,4653.4000,4654.8000,4655.2000,1,1,4,1,1,1,2,2,3,1
SF,IC2006,2019-11-29 09:31:00.600,4652.2000,17910,0,36280000.000,0,-,-,-,-,4650.8000,4650.6000,4650.0000,4649.8000,4649.0000,4652.8000,4653.2000,4653.4000,4654.8000,4655.2000,1,1,4,1,1,1,2,2,3,1
SF,IC2006,2019-11-29 09:31:01.100,4652.2000,17910,0,36280000.000,0,-,-,-,-,4650.8000,4650.6000,4650.0000,4649.8000,4649.0000,4652.8000,4653.2000,4653.4000,4654.8000,4655.2000,1,1,4,1,1,1,1,2,3,1
SF,IC2006,2019-11-29 09:31:01.600,4652.2000,17910,0,36280000.000,0,-,-,-,-,4652.8000,4650.8000,4650.6000,4650.0000,4649.8000,4653.2000,4653.4000,4654.8000,4655.2000,4656.0000,1,1,1,4,1,1,2,3,1,2
SF,IC2006,2019-11-29 09:31:02.100,4652.8000,17909,-1,37210560.000,1,0,1,双平,S,4651.2000,4651.0000,4650.8000,4650.6000,4650.0000,4653.2000,4653.4000,4654.8000,4655.2000,4656.0000,2,3,1,1,4,1,1,3,1,2
SF,IC2006,2019-11-29 09:31:02.600,4652.8000,17909,0,37210560.000,0,-,-,-,-,4651.4000,4651.2000,4651.0000,4650.6000,4650.0000,4652.8000,4653.2000,4653.4000,4654.8000,4655.2000,1,2,3,1,4,1,1,1,3,1
SF,IC2006,2019-11-29 09:31:03.100,4652.8000,17909,0,37210560.000,0,-,-,-,-,4651.4000,4651.2000,4651.0000,4650.6000,4650.0000,4653.2000,4653.4000,4654.8000,4655.2000,4656.0000,2,2,1,1,4,1,1,3,1,2
SF,IC2006,2019-11-29 09:31:03.600,4652.8000,17909,0,37210560.000,0,-,-,-,-,4651.6000,4651.4000,4651.2000,4650.6000,4650.0000,4653.2000,4653.4000,4654.8000,4655.2000,4656.0000,1,1,2,1,4,1,1,3,1,2
SF,IC2006,2019-11-29 09:31:04.100,4651.6000,17908,-1,38140880.000,1,0,1,双平,S,4650.6000,4650.0000,4649.8000,4649.4000,4649.0000,4653.0000,4653.2000,4653.4000,4654.8000,4655.2000,1,4,1,2,1,1,1,1,3,1
SF,IC2006,2019-11-29 09:31:04.600,4651.6000,17908,0,38140880.000,0,-,-,-,-,4650.8000,4650.6000,4650.0000,4649.8000,4649.4000,4653.0000,4653.2000,4653.4000,4654.8000,4655.2000,1,1,4,1,2,1,1,1,3,1
SF,IC2006,2019-11-29 09:31:05.100,4650.8000,17907,-1,39071040.000,1,0,1,双平,S,4650.6000,4650.0000,4649.8000,4649.4000,4649.0000,4652.8000,4653.0000,4653.2000,4653.4000,4654.8000,1,4,1,2,1,1,1,1,1,3
SF,IC2006,2019-11-29 09:31:05.600,4650.8000,17907,0,39071040.000,0,-,-,-,-,4650.8000,4650.6000,4650.0000,4649.8000,4649.4000,4652.4000,4653.0000,4653.2000,4653.4000,4654.8000,1,1,4,1,2,1,1,1,1,3
SF,IC2006,2019-11-29 09:31:06.100,4650.8000,17907,0,39071040.000,0,-,-,-,-,4650.8000,4650.6000,4650.0000,4649.8000,4649.4000,4653.0000,4653.2000,4653.4000,4654.8000,4655.2000,1,1,4,1,2,1,1,1,3,1
SF,IC2006,2019-11-29 09:31:06.600,4650.8000,17907,0,39071040.000,0,-,-,-,-,4650.8000,4650.6000,4650.0000,4649.8000,4649.4000,4653.0000,4653.2000,4653.4000,4654.8000,4655.2000,1,1,4,1,2,1,1,1,3,1
SF,IC2006,2019-11-29 09:31:08.100,4650.8000,17907,0,39071040.000,0,-,-,-,-,4650.8000,4650.6000,4650.0000,4649.8000,4649.4000,4652.8000,4653.0000,4653.2000,4653.4000,4654.8000,1,1,4,1,2,1,1,1,1,3
SF,IC2006,2019-11-29 09:31:08.600,4650.8000,17907,0,39071040.000,0,-,-,-,-,4650.8000,4650.6000,4650.0000,4649.8000,4649.4000,4652.6000,4652.8000,4653.2000,4653.4000,4654.8000,1,1,4,1,2,1,1,1,1,3
SF,IC2006,2019-11-29 09:31:09.600,4650.8000,17907,0,39071040.000,0,-,-,-,-,4650.8000,4650.6000,4650.0000,4649.8000,4649.4000,4652.6000,4652.8000,4653.2000,4653.4000,4654.8000,1,1,4,1,2,1,1,1,1,3
SF,IC2006,2019-11-29 09:31:10.100,4650.8000,17907,0,39071040.000,0,-,-,-,-,4650.8000,4650.6000,4650.0000,4649.8000,4649.4000,4652.6000,4653.2000,4653.4000,4654.8000,4655.2000,1,1,4,1,2,1,1,1,3,1
SF,IC2006,2019-11-29 09:31:10.600,4650.8000,17907,0,39071040.000,0,-,-,-,-,4650.6000,4650.0000,4649.8000,4649.4000,4649.0000,4652.6000,4653.2000,4653.4000,4654.8000,4655.2000,1,4,1,2,1,1,1,1,3,1
SF,IC2006,2019-11-29 09:31:11.100,4652.2000,17908,1,40001480.000,1,1,0,双开,S,4650.6000,4650.0000,4649.8000,4649.4000,4649.0000,4652.6000,4653.2000,4653.4000,4654.8000,4655.2000,1,4,1,2,1,1,1,1,3,1
SF,IC2006,2019-11-29 09:31:11.600,4652.2000,17908,0,40001480.000,0,-,-,-,-,4650.8000,4650.6000,4650.0000,4649.8000,4649.4000,4652.6000,4652.8000,4653.2000,4653.4000,4654.8000,1,1,4,1,2,1,1,1,1,3
SF,IC2006,2019-11-29 09:31:12.100,4652.2000,17908,0,40001480.000,0,-,-,-,-,4650.6000,4650.0000,4649.8000,4649.0000,4647.2000,4652.4000,4652.6000,4652.8000,4653.2000,4653.4000,1,4,1,1,4,1,1,1,1,1
SF,IC2006,2019-11-29 09:31:12.600,4652.2000,17908,0,40001480.000,0,-,-,-,-,4650.6000,4650.0000,4649.0000,4647.2000,4646.8000,4652.2000,4652.4000,4652.8000,4653.2000,4653.4000,1,4,1,4,2,1,1,1,1,1
SF,IC2006,2019-11-29 09:31:13.100,4652.2000,17908,0,40001480.000,0,-,-,-,-,4650.6000,4650.0000,4649.0000,4647.2000,4646.8000,4652.2000,4652.4000,4652.8000,4653.2000,4653.4000,1,4,1,4,2,2,1,1,1,1
SF,IC2006,2019-11-29 09:31:14.100,4652.2000,17908,0,40001480.000,0,-,-,-,-,4650.6000,4650.0000,4649.0000,4647.2000,4646.8000,4652.2000,4652.8000,4653.2000,4653.4000,4654.8000,1,4,1,4,2,2,1,1,1,3
SF,IC2006,2019-11-29 09:31:14.600,4652.2000,17908,0,40931920.000,1,0,1,多换,S,4650.6000,4650.0000,4649.0000,4647.2000,4646.8000,4652.2000,4653.2000,4653.4000,4654.4000,4654.8000,1,4,1,4,2,1,1,1,2,3
SF,IC2006,2019-11-29 09:31:15.100,4652.2000,17908,0,40931920.000,0,-,-,-,-,4650.8000,4650.6000,4650.0000,4649.0000,4647.2000,4653.2000,4653.4000,4653.8000,4654.4000,4655.2000,1,1,4,1,4,1,1,3,2,1
SF,IC2006,2019-11-29 09:31:15.600,4652.2000,17908,0,40931920.000,0,-,-,-,-,4650.8000,4650.6000,4650.0000,4649.0000,4647.2000,4653.0000,4653.2000,4653.4000,4653.8000,4654.4000,1,1,4,1,4,1,1,1,3,2
SF,IC2006,2019-11-29 09:31:16.100,4652.2000,17908,0,40931920.000,0,-,-,-,-,4650.8000,4650.6000,4650.0000,4649.0000,4647.2000,4653.0000,4653.2000,4653.4000,4653.8000,4654.4000,1,1,4,1,4,1,1,1,3,2
SF,IC2006,2019-11-29 09:31:19.600,4652.2000,17908,0,40931920.000,0,-,-,-,-,4650.8000,4650.0000,4649.0000,4647.2000,4646.0000,4653.0000,4653.2000,4653.4000,4653.8000,4654.4000,1,4,1,4,1,1,1,1,3,2
SF,IC2006,2019-11-29 09:31:20.100,4652.2000,17908,0,40931920.000,0,-,-,-,-,4650.8000,4650.0000,4649.0000,4647.2000,4646.0000,4653.2000,4653.4000,4653.8000,4654.4000,4655.2000,1,4,1,4,1,1,1,3,2,1
SF,IC2006,2019-11-29 09:31:23.100,4652.2000,17908,0,40931920.000,0,-,-,-,-,4650.8000,4650.0000,4649.0000,4647.2000,4646.0000,4653.2000,4653.4000,4653.8000,4654.4000,4655.2000,1,4,1,4,1,1,1,3,2,1
SF,IC2006,2019-11-29 09:31:23.600,4652.2000,17908,0,40931920.000,0,-,-,-,-,4650.8000,4650.0000,4649.0000,4647.2000,4646.0000,4653.2000,4653.8000,4654.4000,4655.2000,4656.0000,1,4,1,4,1,1,3,2,1,2
SF,IC2006,2019-11-29 09:31:24.100,4652.2000,17908,0,40931920.000,0,-,-,-,-,4650.8000,4650.0000,4649.0000,4647.2000,4646.0000,4653.2000,4653.8000,4654.4000,4655.2000,4656.0000,1,4,1,4,1,1,3,2,1,2
SF,IC2006,2019-11-29 09:31:25.100,4652.2000,17908,0,40931920.000,0,-,-,-,-,4650.8000,4650.6000,4650.0000,4649.0000,4647.2000,4653.2000,4653.8000,4654.4000,4655.2000,4656.0000,1,1,4,1,4,1,3,2,1,2
SF,IC2006,2019-11-29 09:31:25.600,4652.2000,17908,0,40931920.000,0,-,-,-,-,4650.8000,4650.6000,4650.0000,4649.0000,4647.2000,4653.0000,4653.2000,4653.8000,4654.4000,4655.2000,1,1,4,1,4,1,1,3,2,1
SF,IC2006,2019-11-29 09:31:28.100,4652.2000,17908,0,40931920.000,0,-,-,-,-,4651.2000,4650.8000,4650.6000,4650.0000,4649.0000,4653.0000,4653.2000,4653.8000,4654.4000,4655.2000,1,1,1,4,1,1,1,3,2,1
SF,IC2006,2019-11-29 09:31:28.600,4652.2000,17908,0,40931920.000,0,-,-,-,-,4651.4000,4651.2000,4650.6000,4650.0000,4649.0000,4653.0000,4653.2000,4653.8000,4654.4000,4655.2000,1,2,1,4,1,1,1,3,2,1
SF,IC2006,2019-11-29 09:31:29.600,4652.2000,17908,0,40931920.000,0,-,-,-,-,4651.4000,4651.2000,4650.6000,4650.0000,4649.0000,4652.0000,4653.0000,4653.2000,4653.8000,4654.4000,1,2,1,4,1,1,1,1,3,2
SF,IC2006,2019-11-29 09:31:30.100,4651.4000,17908,0,41862200.000,1,0,1,多换,S,4650.6000,4650.0000,4649.8000,4649.0000,4647.2000,4652.0000,4653.0000,4653.2000,4653.8000,4654.4000,1,4,2,1,4,1,1,1,3,2
SF,IC2006,2019-11-29 09:31:30.600,4651.4000,17908,0,41862200.000,0,-,-,-,-,4650.8000,4650.6000,4650.0000,4649.8000,4649.0000,4652.0000,4653.0000,4653.2000,4653.8000,4654.4000,1,1,4,2,1,1,1,1,3,2
SF,IC2006,2019-11-29 09:31:31.600,4651.4000,17908,0,41862200.000,0,-,-,-,-,4650.8000,4650.6000,4650.0000,4649.8000,4649.0000,4652.0000,4653.0000,4653.2000,4653.8000,4654.4000,1,1,4,2,1,1,1,1,3,2
SF,IC2006,2019-11-29 09:31:33.100,4652.0000,17908,0,42792600.000,1,0,1,多换,S,4652.0000,4651.2000,4651.0000,4650.8000,4650.6000,4653.0000,4653.2000,4653.8000,4654.4000,4655.2000,2,1,1,1,1,1,1,3,2,1
SF,IC2006,2019-11-29 09:31:33.600,4652.0000,17908,0,42792600.000,0,-,-,-,-,4652.0000,4651.2000,4651.0000,4650.8000,4650.6000,4653.2000,4653.8000,4654.4000,4655.2000,4656.0000,1,1,2,1,1,1,3,2,1,2
SF,IC2006,2019-11-29 09:31:34.600,4653.2000,17908,0,43723240.000,1,0,1,多换,S,4652.0000,4651.2000,4651.0000,4650.8000,4650.6000,4653.8000,4654.4000,4655.2000,4656.0000,4656.8000,1,1,2,1,1,3,2,1,2,2
SF,IC2006,2019-11-29 09:31:35.100,4653.2000,17908,0,43723240.000,0,-,-,-,-,4652.2000,4652.0000,4651.2000,4651.0000,4650.6000,4652.8000,4653.8000,4654.4000,4655.2000,4656.0000,1,1,1,2,1,1,3,2,1,2
SF,IC2006,2019-11-29 09:31:35.600,4652.8000,17907,-1,44653800.000,1,0,1,双平,S,4652.8000,4652.2000,4651.2000,4650.6000,4650.0000,4653.8000,4654.4000,4655.2000,4656.0000,4656.8000,1,1,1,1,4,3,2,1,2,2
SF,IC2006,2019-11-29 09:31:36.100,4652.8000,17907,0,44653800.000,0,-,-,-,-,4652.8000,4652.2000,4650.6000,4650.0000,4649.4000,4653.8000,4654.4000,4655.2000,4656.0000,4656.8000,2,1,1,4,2,3,2,1,2,2
SF,IC2006,2019-11-29 09:31:37.100,4652.8000,17907,0,44653800.000,0,-,-,-,-,4652.8000,4652.2000,4650.6000,4650.0000,4649.4000,4653.8000,4654.4000,4655.2000,4656.0000,4656.8000,2,1,1,4,2,3,2,1,2,2
SF,IC2006,2019-11-29 09:31:39.100,4653.8000,17905,-2,46515320.000,2,0,2,双平,S,4652.8000,4652.2000,4650.6000,4650.0000,4649.4000,4653.8000,4654.4000,4656.0000,4656.8000,4657.6000,2,1,1,4,2,1,2,2,2,3
SF,IC2006,2019-11-29 09:31:39.600,4653.8000,17904,-1,47446080.000,1,0,1,双平,S,4653.0000,4652.8000,4650.6000,4650.0000,4649.4000,4654.4000,4656.0000,4656.8000,4657.6000,4658.0000,1,2,1,4,2,2,2,2,3,1
SF,IC2006,2019-11-29 09:31:40.100,4653.8000,17904,0,47446080.000,0,-,-,-,-,4653.0000,4652.8000,4650.6000,4650.0000,4649.4000,4653.8000,4654.4000,4656.0000,4656.8000,4657.6000,1,2,1,4,2,2,2,2,2,3
SF,IC2006,2019-11-29 09:31:40.600,4653.8000,17903,-1,48376840.000,1,0,1,双平,S,4653.0000,4652.8000,4650.6000,4650.0000,4649.4000,4653.8000,4654.4000,4656.0000,4656.8000,4657.6000,1,2,1,4,2,1,2,2,2,3
SF,IC2006,2019-11-29 09:31:41.100,4653.8000,17902,-1,49307600.000,1,0,1,双平,S,4653.8000,4653.0000,4652.8000,4650.6000,4650.0000,4654.4000,4656.0000,4656.8000,4657.6000,4658.0000,2,1,1,1,4,2,2,2,3,1
SF,IC2006,2019-11-29 09:31:42.100,4654.4000,17901,-1,50238480.000,1,0,1,双平,S,4653.8000,4653.0000,4652.8000,4650.6000,4650.0000,4654.4000,4656.0000,4656.8000,4657.6000,4658.0000,2,1,1,1,4,1,2,2,3,1
SF,IC2006,2019-11-29 09:31:44.600,4654.4000,17900,-1,51169360.000,1,0,1,双平,S,4653.8000,4653.0000,4652.8000,4650.6000,4650.0000,4656.0000,4656.8000,4657.6000,4658.0000,4659.6000,1,1,1,1,4,2,2,3,1,2
SF,IC2006,2019-11-29 09:31:45.100,4654.4000,17900,0,51169360.000,0,-,-,-,-,4654.4000,4654.0000,4652.8000,4650.6000,4650.0000,4655.8000,4656.0000,4656.8000,4657.6000,4658.0000,1,1,1,1,4,1,2,2,3,1
SF,IC2006,2019-11-29 09:31:45.600,4654.4000,17900,0,51169360.000,0,-,-,-,-,4652.8000,4650.6000,4650.0000,4649.4000,4649.0000,4654.4000,4655.8000,4656.0000,4656.8000,4657.6000,1,1,4,2,1,1,1,2,2,3
SF,IC2006,2019-11-29 09:31:46.100,4654.4000,17900,0,51169360.000,0,-,-,-,-,4653.0000,4652.8000,4650.6000,4650.0000,4649.4000,4654.2000,4655.8000,4656.0000,4656.8000,4657.6000,1,1,1,4,2,1,1,2,2,3
SF,IC2006,2019-11-29 09:31:47.100,4654.4000,17900,0,51169360.000,0,-,-,-,-,4653.0000,4652.8000,4650.6000,4650.0000,4649.4000,4655.8000,4656.0000,4656.8000,4657.6000,4658.0000,1,1,1,4,2,1,2,2,3,1
SF,IC2006,2019-11-29 09:31:47.600,4654.4000,17900,0,51169360.000,0,-,-,-,-,4653.0000,4652.8000,4651.6000,4650.6000,4650.0000,4655.8000,4656.0000,4656.8000,4657.6000,4658.0000,1,1,1,1,4,1,2,2,3,1
SF,IC2006,2019-11-29 09:31:48.100,4654.4000,17900,0,51169360.000,0,-,-,-,-,4653.0000,4652.8000,4651.6000,4650.6000,4650.0000,4655.8000,4656.0000,4656.8000,4657.6000,4658.0000,1,1,1,1,4,1,2,2,3,1
SF,IC2006,2019-11-29 09:31:48.600,4654.4000,17900,0,51169360.000,0,-,-,-,-,4653.0000,4652.8000,4651.6000,4650.6000,4650.0000,4655.8000,4656.0000,4656.8000,4657.6000,4658.0000,1,1,1,1,4,1,2,2,3,1
SF,IC2006,2019-11-29 09:31:49.600,4654.4000,17900,0,51169360.000,0,-,-,-,-,4653.4000,4653.0000,4652.8000,4651.6000,4650.6000,4655.8000,4656.0000,4656.8000,4657.6000,4658.0000,2,1,1,1,1,1,2,2,3,1
SF,IC2006,2019-11-29 09:31:50.100,4655.8000,17899,-1,52100520.000,1,0,1,双平,S,4653.6000,4653.4000,4652.8000,4651.6000,4650.6000,4656.0000,4656.8000,4657.6000,4658.0000,4659.6000,1,2,1,1,1,2,2,3,1,2
SF,IC2006,2019-11-29 09:31:50.600,4655.8000,17899,0,52100520.000,0,-,-,-,-,4653.6000,4653.4000,4652.8000,4651.6000,4650.6000,4655.8000,4656.0000,4656.8000,4657.6000,4658.0000,1,2,1,1,1,1,2,2,3,1
SF,IC2006,2019-11-29 09:31:51.100,4655.8000,17899,0,52100520.000,0,-,-,-,-,4654.0000,4653.8000,4653.6000,4652.8000,4651.6000,4655.8000,4656.0000,4656.8000,4657.6000,4658.0000,2,1,1,1,1,1,2,2,3,1
SF,IC2006,2019-11-29 09:31:51.600,4655.8000,17899,0,52100520.000,0,-,-,-,-,4654.0000,4653.8000,4653.6000,4652.8000,4651.6000,4655.8000,4656.0000,4656.8000,4657.6000,4658.0000,2,1,1,1,1,1,2,2,3,1
SF,IC2006,2019-11-29 09:31:52.100,4655.8000,17899,0,52100520.000,0,-,-,-,-,4652.8000,4651.6000,4651.0000,4650.6000,4650.0000,4655.8000,4656.0000,4656.8000,4657.6000,4658.0000,1,1,1,1,4,1,2,2,3,1
SF,IC2006,2019-11-29 09:31:52.600,4655.2000,17894,-5,56755720.000,5,0,5,双平,S,4653.0000,4652.8000,4651.6000,4651.0000,4650.6000,4655.8000,4656.0000,4656.8000,4657.6000,4658.0000,1,1,1,1,1,1,2,2,3,1
SF,IC2006,2019-11-29 09:31:53.600,4655.2000,17894,0,56755720.000,0,-,-,-,-,4653.4000,4653.2000,4653.0000,4652.8000,4651.6000,4655.8000,4656.0000,4656.8000,4657.6000,4658.0000,2,1,1,1,1,1,2,2,3,1
SF,IC2006,2019-11-29 09:31:54.100,4655.2000,17894,0,56755720.000,0,-,-,-,-,4653.6000,4653.4000,4653.2000,4652.8000,4651.6000,4655.8000,4656.0000,4656.8000,4657.6000,4658.0000,2,2,1,1,1,1,2,2,3,1
SF,IC2006,2019-11-29 09:31:54.600,4655.2000,17894,0,56755720.000,0,-,-,-,-,4653.6000,4653.4000,4653.2000,4652.8000,4651.6000,4655.8000,4656.0000,4656.8000,4657.6000,4658.0000,3,2,1,1,1,1,2,2,3,1
SF,IC2006,2019-11-29 09:31:55.100,4655.2000,17894,0,56755720.000,0,-,-,-,-,4653.8000,4653.6000,4653.2000,4652.8000,4651.6000,4655.8000,4656.0000,4656.8000,4657.6000,4658.0000,1,2,2,1,1,1,1,2,3,1
SF,IC2006,2019-11-29 09:31:55.600,4655.2000,17894,0,56755720.000,0,-,-,-,-,4654.0000,4653.8000,4653.6000,4653.2000,4652.8000,4655.8000,4656.0000,4656.8000,4657.6000,4658.0000,1,2,1,2,1,1,1,2,3,1
SF,IC2006,2019-11-29 09:31:56.100,4655.2000,17894,0,56755720.000,0,-,-,-,-,4654.0000,4653.6000,4653.2000,4652.8000,4651.6000,4655.8000,4656.0000,4656.8000,4657.6000,4658.0000,1,1,2,1,1,1,1,2,3,1
SF,IC2006,2019-11-29 09:31:56.600,4655.2000,17894,0,56755720.000,0,-,-,-,-,4653.2000,4653.0000,4652.8000,4651.6000,4651.0000,4655.8000,4656.0000,4656.8000,4657.6000,4658.0000,1,1,1,1,1,1,1,2,3,1
SF,IC2006,2019-11-29 09:31:57.100,4655.2000,17894,0,56755720.000,0,-,-,-,-,4653.4000,4653.2000,4653.0000,4652.8000,4651.6000,4655.8000,4656.0000,4656.8000,4657.6000,4658.0000,1,1,1,1,1,1,1,2,3,1
SF,IC2006,2019-11-29 09:31:57.600,4655.2000,17894,0,56755720.000,0,-,-,-,-,4653.2000,4653.0000,4652.8000,4651.6000,4651.0000,4655.8000,4656.0000,4656.8000,4657.6000,4658.0000,1,1,1,1,1,1,1,2,3,1
SF,IC2006,2019-11-29 09:31:58.100,4655.2000,17894,0,56755720.000,0,-,-,-,-,4653.4000,4653.2000,4653.0000,4652.8000,4651.6000,4655.4000,4655.8000,4656.0000,4656.8000,4657.6000,1,1,1,1,1,1,1,2,2,3
SF,IC2006,2019-11-29 09:31:58.600,4655.2000,17894,0,56755720.000,0,-,-,-,-,4653.4000,4653.2000,4653.0000,4652.8000,4651.6000,4655.2000,4655.4000,4656.0000,4656.8000,4657.6000,1,1,1,1,1,1,1,1,2,3
SF,IC2006,2019-11-29 09:31:59.100,4655.2000,17894,0,56755720.000,0,-,-,-,-,4653.4000,4653.2000,4653.0000,4652.8000,4651.6000,4655.2000,4656.0000,4656.8000,4657.6000,4658.0000,1,1,1,1,1,1,1,2,3,1
SF,IC2006,2019-11-29 09:31:59.600,4655.2000,17894,0,56755720.000,0,-,-,-,-,4653.4000,4653.2000,4653.0000,4652.8000,4651.6000,4655.2000,4656.0000,4656.8000,4657.6000,4658.0000,1,1,1,1,1,1,1,2,3,1
SF,IC2006,2019-11-29 09:32:00.100,4655.2000,17894,0,56755720.000,0,-,-,-,-,4653.6000,4653.4000,4653.2000,4653.0000,4652.8000,4655.2000,4656.0000,4656.8000,4657.6000,4658.0000,1,1,1,1,1,1,1,2,3,1
SF,IC2006,2019-11-29 09:32:00.600,4655.2000,17894,0,56755720.000,0,-,-,-,-,4653.4000,4653.2000,4653.0000,4652.8000,4651.6000,4655.2000,4656.0000,4656.8000,4657.6000,4658.0000,1,1,1,1,1,1,1,2,3,1
SF,IC2006,2019-11-29 09:32:01.100,4655.2000,17894,0,56755720.000,0,-,-,-,-,4653.2000,4653.0000,4652.8000,4651.6000,4651.0000,4655.2000,4656.0000,4656.8000,4657.6000,4658.0000,1,1,1,1,1,2,1,2,3,1
SF,IC2006,2019-11-29 09:32:01.600,4655.2000,17894,0,56755720.000,0,-,-,-,-,4653.4000,4653.2000,4653.0000,4652.8000,4651.6000,4655.2000,4656.0000,4656.8000,4657.6000,4658.0000,1,1,1,1,1,1,1,2,3,1
SF,IC2006,2019-11-29 09:32:02.100,4655.2000,17894,0,56755720.000,0,-,-,-,-,4653.2000,4653.0000,4652.8000,4651.6000,4651.0000,4655.2000,4656.0000,4656.8000,4657.6000,4658.0000,1,1,1,1,1,1,1,2,3,1
SF,IC2006,2019-11-29 09:32:02.600,4655.2000,17894,0,56755720.000,0,-,-,-,-,4653.4000,4653.2000,4653.0000,4652.8000,4651.6000,4655.2000,4656.0000,4656.8000,4657.6000,4658.0000,1,1,1,1,1,1,1,2,3,1
SF,IC2006,2019-11-29 09:32:03.600,4655.2000,17894,0,56755720.000,0,-,-,-,-,4653.4000,4653.2000,4653.0000,4652.8000,4651.6000,4655.2000,4656.0000,4656.8000,4657.6000,4658.0000,1,1,1,1,1,1,1,2,3,1
SF,IC2006,2019-11-29 09:32:06.100,4655.2000,17894,0,56755720.000,0,-,-,-,-,4653.6000,4653.4000,4653.2000,4653.0000,4652.8000,4655.2000,4656.0000,4656.8000,4657.6000,4658.0000,1,1,1,1,1,1,1,2,3,1
SF,IC2006,2019-11-29 09:32:06.600,4655.2000,17894,0,56755720.000,0,-,-,-,-,4653.8000,4653.6000,4653.2000,4653.0000,4652.8000,4656.0000,4656.8000,4657.6000,4658.0000,4659.6000,1,3,1,1,1,1,2,3,1,2
SF,IC2006,2019-11-29 09:32:07.100,4655.2000,17894,0,56755720.000,0,-,-,-,-,4653.8000,4653.6000,4653.2000,4653.0000,4652.8000,4655.8000,4656.0000,4656.8000,4657.6000,4658.0000,1,3,1,1,1,1,1,2,3,1
SF,IC2006,2019-11-29 09:32:07.600,4655.2000,17894,0,56755720.000,0,-,-,-,-,4653.8000,4653.2000,4653.0000,4652.8000,4651.0000,4655.8000,4656.0000,4656.8000,4657.6000,4658.0000,1,1,1,1,1,1,1,2,3,1
SF,IC2006,2019-11-29 09:32:11.100,4655.2000,17894,0,56755720.000,0,-,-,-,-,4654.0000,4653.8000,4653.2000,4653.0000,4652.8000,4655.8000,4656.0000,4656.2000,4656.8000,4657.6000,1,1,1,1,1,1,1,1,2,3
SF,IC2006,2019-11-29 09:32:11.600,4656.0000,17893,-1,57686920.000,1,0,1,双平,S,4654.2000,4654.0000,4653.2000,4653.0000,4652.8000,4656.2000,4656.8000,4657.6000,4658.0000,4659.6000,2,1,1,1,1,1,2,3,1,2
SF,IC2006,2019-11-29 09:32:12.100,4656.0000,17893,0,57686920.000,0,-,-,-,-,4654.2000,4654.0000,4653.2000,4653.0000,4652.8000,4656.2000,4656.8000,4657.6000,4658.0000,4659.6000,3,1,1,1,1,1,2,3,1,2
SF,IC2006,2019-11-29 09:32:12.600,4656.2000,17892,-1,58618160.000,1,0,1,双平,S,4654.6000,4654.2000,4653.2000,4653.0000,4652.8000,4656.8000,4657.6000,4658.0000,4659.6000,4660.0000,1,3,1,1,1,2,3,1,2,1
SF,IC2006,2019-11-29 09:32:13.100,4656.2000,17892,0,58618160.000,0,-,-,-,-,4654.8000,4654.6000,4654.2000,4653.2000,4653.0000,4656.8000,4657.6000,4658.0000,4659.6000,4660.0000,1,1,2,1,1,2,3,1,2,1
SF,IC2006,2019-11-29 09:32:13.600,4656.2000,17892,0,58618160.000,0,-,-,-,-,4654.8000,4654.6000,4654.2000,4653.2000,4653.0000,4656.8000,4657.6000,4658.0000,4659.6000,4660.0000,1,1,1,1,1,2,3,1,2,1
SF,IC2006,2019-11-29 09:32:14.100,4656.2000,17892,0,58618160.000,0,-,-,-,-,4655.2000,4654.8000,4654.6000,4654.2000,4653.2000,4656.8000,4657.6000,4658.0000,4659.6000,4660.0000,1,1,1,1,1,2,3,1,2,1
SF,IC2006,2019-11-29 09:32:14.600,4656.2000,17892,0,58618160.000,0,-,-,-,-,4655.4000,4655.2000,4654.2000,4653.2000,4653.0000,4656.8000,4657.6000,4658.0000,4659.6000,4660.0000,1,1,1,1,1,2,3,1,2,1
SF,IC2006,2019-11-29 09:32:17.100,4656.8000,17890,-2,60480880.000,2,0,2,双平,S,4656.8000,4655.8000,4655.4000,4655.2000,4654.2000,4657.6000,4658.0000,4659.6000,4660.0000,4660.6000,1,1,1,1,1,3,1,2,1,1
SF,IC2006,2019-11-29 09:32:17.600,4656.8000,17890,0,60480880.000,0,-,-,-,-,4657.0000,4656.8000,4655.8000,4655.4000,4655.2000,4657.6000,4658.0000,4659.6000,4660.0000,4660.6000,1,1,1,1,1,3,1,2,1,1
SF,IC2006,2019-11-29 09:32:18.600,4656.8000,17890,0,60480880.000,0,-,-,-,-,4656.8000,4655.8000,4655.4000,4655.2000,4654.2000,4657.6000,4658.0000,4659.6000,4660.0000,4660.6000,1,1,1,1,1,3,1,2,1,1
SF,IC2006,2019-11-29 09:32:20.100,4656.8000,17890,0,60480880.000,0,-,-,-,-,4656.8000,4655.8000,4655.4000,4655.2000,4654.2000,4657.6000,4658.0000,4659.6000,4660.0000,4660.6000,1,1,1,1,1,3,1,2,1,1
SF,IC2006,2019-11-29 09:32:20.600,4656.8000,17890,0,61412240.000,1,0,1,多换,S,4655.8000,4655.4000,4655.2000,4654.2000,4653.2000,4656.8000,4657.6000,4658.0000,4659.6000,4660.0000,1,1,1,1,1,1,3,1,2,1
SF,IC2006,2019-11-29 09:32:21.100,4656.8000,17890,0,61412240.000,0,-,-,-,-,4656.0000,4655.8000,4654.2000,4653.2000,4653.0000,4656.8000,4657.6000,4658.0000,4659.6000,4660.0000,1,1,1,1,1,1,3,1,2,1
SF,IC2006,2019-11-29 09:32:22.100,4656.8000,17890,0,61412240.000,0,-,-,-,-,4657.0000,4656.8000,4656.0000,4655.8000,4654.2000,4657.6000,4658.0000,4659.6000,4660.0000,4660.6000,1,1,1,1,1,3,1,2,1,1
SF,IC2006,2019-11-29 09:32:22.600,4656.8000,17889,-1,63275000.000,2,0,2,多平,S,4656.0000,4655.8000,4654.2000,4653.2000,4653.0000,4657.6000,4658.0000,4659.6000,4660.0000,4660.6000,1,1,1,1,1,3,1,2,1,1
SF,IC2006,2019-11-29 09:32:23.100,4656.0000,17888,-1,64206200.000,1,0,1,双平,S,4655.8000,4654.2000,4653.2000,4653.0000,4652.8000,4656.8000,4657.4000,4657.6000,4658.0000,4659.6000,1,1,1,1,1,1,1,3,1,2
SF,IC2006,2019-11-29 09:32:23.600,4656.0000,17888,0,64206200.000,0,-,-,-,-,4654.2000,4653.2000,4653.0000,4652.8000,4651.0000,4656.8000,4657.4000,4657.6000,4658.0000,4659.6000,1,1,1,1,2,1,1,3,1,2
SF,IC2006,2019-11-29 09:32:24.100,4656.0000,17888,0,64206200.000,0,-,-,-,-,4654.6000,4654.4000,4654.2000,4653.2000,4653.0000,4656.8000,4657.4000,4657.6000,4658.0000,4659.6000,1,1,1,1,1,1,1,3,1,2
SF,IC2006,2019-11-29 09:32:24.600,4656.0000,17888,0,64206200.000,0,-,-,-,-,4654.8000,4654.6000,4654.2000,4653.2000,4653.0000,4656.8000,4657.4000,4657.6000,4658.0000,4659.6000,1,1,1,1,1,1,1,3,1,2
SF,IC2006,2019-11-29 09:32:25.100,4656.0000,17888,0,64206200.000,0,-,-,-,-,4655.2000,4655.0000,4654.8000,4654.6000,4654.2000,4656.8000,4657.6000,4658.0000,4659.6000,4660.0000,2,1,1,1,1,1,3,1,2,1
SF,IC2006,2019-11-29 09:32:25.600,4656.0000,17888,0,64206200.000,0,-,-,-,-,4655.4000,4655.2000,4655.0000,4654.2000,4653.2000,4656.8000,4657.6000,4658.0000,4659.6000,4660.0000,1,2,1,1,1,1,3,1,2,1
SF,IC2006,2019-11-29 09:32:26.100,4656.0000,17888,0,64206200.000,0,-,-,-,-,4655.6000,4655.4000,4655.2000,4654.2000,4653.2000,4656.8000,4657.6000,4658.0000,4659.6000,4660.0000,1,1,2,1,1,1,3,1,2,1
SF,IC2006,2019-11-29 09:32:26.600,4656.0000,17888,0,64206200.000,0,-,-,-,-,4655.8000,4655.6000,4655.2000,4654.2000,4653.2000,4656.8000,4657.6000,4658.0000,4659.6000,4660.0000,1,1,1,1,1,1,3,1,2,1
SF,IC2006,2019-11-29 09:32:27.600,4656.0000,17888,0,64206200.000,0,-,-,-,-,4655.8000,4655.6000,4655.2000,4654.2000,4653.2000,4657.6000,4658.0000,4659.6000,4660.0000,4660.6000,1,1,1,1,1,3,1,2,1,1
SF,IC2006,2019-11-29 09:32:28.100,4656.0000,17888,0,64206200.000,0,-,-,-,-,4655.8000,4655.6000,4655.2000,4654.2000,4653.2000,4657.4000,4657.6000,4658.0000,4659.6000,4660.0000,1,1,1,1,1,1,3,1,2,1
SF,IC2006,2019-11-29 09:32:28.600,4656.0000,17888,0,64206200.000,0,-,-,-,-,4656.0000,4655.8000,4655.6000,4654.2000,4653.2000,4657.4000,4657.6000,4658.0000,4659.6000,4660.0000,1,1,1,1,1,1,3,1,2,1
SF,IC2006,2019-11-29 09:32:29.100,4656.0000,17887,-1,65137400.000,1,0,1,双平,S,4655.8000,4654.2000,4653.2000,4652.8000,4651.0000,4657.4000,4657.6000,4658.0000,4659.6000,4660.0000,1,1,1,1,2,1,3,1,2,1
SF,IC2006,2019-11-29 09:32:29.600,4656.0000,17887,0,65137400.000,0,-,-,-,-,4654.2000,4653.2000,4652.8000,4651.0000,4650.6000,4657.4000,4657.6000,4658.0000,4659.6000,4660.0000,1,1,1,2,1,1,3,1,2,1
SF,IC2006,2019-11-29 09:32:30.100,4656.0000,17887,0,65137400.000,0,-,-,-,-,4654.6000,4654.4000,4654.2000,4653.2000,4652.8000,4657.4000,4657.6000,4658.0000,4659.6000,4660.0000,1,1,1,1,1,1,3,1,2,1
SF,IC2006,2019-11-29 09:32:30.600,4656.0000,17887,0,65137400.000,0,-,-,-,-,4654.8000,4654.6000,4654.2000,4653.2000,4652.8000,4657.4000,4657.6000,4658.0000,4659.6000,4660.0000,1,1,1,1,1,1,3,1,2,1
SF,IC2006,2019-11-29 09:32:32.100,4656.0000,17887,0,65137400.000,0,-,-,-,-,4656.6000,4654.8000,4654.6000,4654.2000,4653.2000,4657.4000,4657.6000,4658.0000,4659.6000,4660.0000,1,1,1,1,1,1,3,1,2,1
SF,IC2006,2019-11-29 09:32:32.600,4656.6000,17887,0,66068720.000,1,0,1,多换,S,4655.2000,4654.8000,4654.6000,4654.2000,4653.2000,4656.4000,4657.4000,4657.6000,4658.0000,4659.6000,1,1,1,1,1,1,1,3,1,2
SF,IC2006,2019-11-29 09:32:33.100,4656.6000,17887,0,66068720.000,0,-,-,-,-,4655.2000,4654.8000,4654.6000,4654.2000,4653.2000,4656.4000,4657.4000,4657.6000,4658.0000,4659.6000,1,1,1,1,1,2,1,3,1,2
SF,IC2006,2019-11-29 09:32:34.100,4656.4000,17885,-2,67931280.000,2,0,2,双平,S,4654.8000,4654.6000,4654.2000,4653.2000,4652.8000,4657.4000,4657.6000,4658.0000,4659.6000,4660.0000,1,1,1,1,1,1,3,1,2,1
SF,IC2006,2019-11-29 09:32:34.600,4656.4000,17885,0,67931280.000,0,-,-,-,-,4655.4000,4654.8000,4654.6000,4654.2000,4653.2000,4657.4000,4657.6000,4658.0000,4659.6000,4660.0000,1,1,1,1,1,1,3,1,2,1
SF,IC2006,2019-11-29 09:32:35.100,4656.4000,17885,0,67931280.000,0,-,-,-,-,4655.6000,4655.4000,4655.2000,4655.0000,4654.2000,4657.4000,4657.6000,4658.0000,4659.6000,4660.0000,1,1,1,1,1,1,3,1,2,1
SF,IC2006,2019-11-29 09:32:35.600,4656.4000,17885,0,67931280.000,0,-,-,-,-,4655.8000,4655.6000,4655.2000,4655.0000,4654.2000,4657.4000,4657.6000,4658.0000,4659.6000,4660.0000,1,1,1,1,1,1,3,1,2,1
SF,IC2006,2019-11-29 09:32:36.100,4656.4000,17885,0,67931280.000,0,-,-,-,-,4656.2000,4655.8000,4655.6000,4655.0000,4654.2000,4657.4000,4657.6000,4658.0000,4659.6000,4660.0000,1,1,1,1,1,1,3,1,2,1
SF,IC2006,2019-11-29 09:32:36.600,4656.2000,17884,-1,68862520.000,1,0,1,双平,S,4655.0000,4654.2000,4653.2000,4652.8000,4651.0000,4657.4000,4657.6000,4658.0000,4659.2000,4659.6000,1,1,1,1,2,1,3,1,2,2
SF,IC2006,2019-11-29 09:32:37.100,4656.2000,17884,0,68862520.000,0,-,-,-,-,4656.0000,4655.2000,4655.0000,4654.2000,4653.2000,4657.4000,4657.6000,4658.0000,4659.2000,4659.6000,1,1,1,1,1,1,3,1,2,2
SF,IC2006,2019-11-29 09:32:37.600,4656.2000,17884,0,68862520.000,0,-,-,-,-,4656.0000,4655.0000,4654.2000,4653.2000,4652.8000,4657.4000,4657.6000,4658.0000,4659.2000,4659.6000,1,1,1,1,1,1,3,1,2,2
SF,IC2006,2019-11-29 09:32:38.100,4656.0000,17883,-1,69793720.000,1,0,1,双平,S,4655.0000,4654.2000,4653.2000,4652.8000,4651.0000,4656.0000,4657.4000,4657.6000,4658.0000,4659.2000,1,1,1,1,2,1,1,3,1,2
SF,IC2006,2019-11-29 09:32:38.600,4656.0000,17883,0,69793720.000,0,-,-,-,-,4655.0000,4654.2000,4653.2000,4652.8000,4651.0000,4656.0000,4657.4000,4657.6000,4658.0000,4659.2000,1,1,1,1,2,1,1,3,2,2
SF,IC2006,2019-11-29 09:32:39.600,4655.0000,17883,0,70724720.000,1,0,1,多换,S,4654.2000,4653.2000,4652.8000,4651.0000,4650.6000,4656.0000,4657.4000,4657.6000,4658.0000,4659.2000,1,1,1,2,1,1,1,3,2,2
SF,IC2006,2019-11-29 09:32:40.100,4655.0000,17883,0,70724720.000,0,-,-,-,-,4654.4000,4654.2000,4653.2000,4652.8000,4651.0000,4657.4000,4657.6000,4658.0000,4659.2000,4659.6000,1,1,1,1,2,1,3,2,2,2
SF,IC2006,2019-11-29 09:32:40.600,4655.0000,17883,0,70724720.000,0,-,-,-,-,4654.4000,4654.2000,4653.2000,4652.8000,4651.0000,4657.4000,4657.6000,4658.0000,4659.2000,4659.6000,1,1,1,1,2,1,3,2,2,2
SF,IC2006,2019-11-29 09:32:42.100,4655.0000,17883,0,70724720.000,0,-,-,-,-,4654.6000,4654.4000,4653.2000,4652.8000,4651.0000,4657.4000,4657.6000,4658.0000,4659.2000,4659.6000,1,1,1,1,2,1,3,2,2,2
SF,IC2006,2019-11-29 09:32:42.600,4655.0000,17883,0,70724720.000,0,-,-,-,-,4654.8000,4654.6000,4653.2000,4652.8000,4651.0000,4656.6000,4657.4000,4657.6000,4658.0000,4659.2000,1,2,1,1,2,1,1,3,2,2
SF,IC2006,2019-11-29 09:32:43.100,4655.0000,17883,0,70724720.000,0,-,-,-,-,4654.6000,4653.2000,4652.8000,4651.0000,4650.6000,4656.4000,4656.6000,4657.6000,4658.0000,4659.2000,2,1,1,2,1,1,1,3,2,2
SF,IC2006,2019-11-29 09:32:44.100,4655.0000,17883,0,70724720.000,0,-,-,-,-,4654.6000,4653.2000,4652.8000,4651.0000,4650.6000,4656.4000,4656.6000,4657.6000,4658.0000,4659.2000,1,1,1,2,1,1,1,3,2,2
SF,IC2006,2019-11-29 09:32:47.600,4654.6000,17882,-1,71655640.000,1,0,1,双平,S,4653.2000,4652.8000,4651.0000,4650.6000,4650.0000,4654.4000,4656.4000,4656.6000,4657.6000,4658.0000,1,1,2,1,5,1,1,1,3,2
SF,IC2006,2019-11-29 09:32:48.100,4654.4000,17881,-1,72586520.000,1,0,1,双平,S,4653.4000,4653.2000,4652.8000,4651.0000,4650.6000,4656.4000,4657.6000,4658.0000,4659.2000,4659.6000,1,1,1,2,1,1,3,2,2,2
SF,IC2006,2019-11-29 09:32:49.600,4654.4000,17881,0,72586520.000,0,-,-,-,-,4653.8000,4653.4000,4653.2000,4652.8000,4651.0000,4656.4000,4657.6000,4658.0000,4659.2000,4659.6000,1,1,1,1,2,1,3,2,2,2
SF,IC2006,2019-11-29 09:32:50.100,4654.4000,17881,0,72586520.000,0,-,-,-,-,4654.0000,4653.8000,4653.2000,4652.8000,4651.0000,4656.4000,4657.6000,4658.0000,4659.2000,4659.6000,1,1,1,1,2,1,3,2,2,2
SF,IC2006,2019-11-29 09:32:50.600,4654.4000,17881,0,72586520.000,0,-,-,-,-,4653.8000,4653.2000,4652.8000,4651.0000,4650.6000,4656.4000,4657.6000,4658.0000,4659.2000,4659.6000,1,1,1,2,1,1,3,2,2,2
SF,IC2006,2019-11-29 09:32:51.600,4654.4000,17881,0,72586520.000,0,-,-,-,-,4653.8000,4653.2000,4652.8000,4651.0000,4650.6000,4656.4000,4657.6000,4658.0000,4659.2000,4659.6000,1,1,1,2,1,1,3,2,2,2
SF,IC2006,2019-11-29 09:32:52.100,4654.4000,17881,0,72586520.000,0,-,-,-,-,4654.0000,4653.8000,4653.2000,4652.8000,4651.0000,4656.4000,4657.6000,4658.0000,4659.2000,4659.6000,1,1,1,1,2,1,3,2,2,2
SF,IC2006,2019-11-29 09:32:52.600,4653.8000,17880,-1,73517280.000,1,0,1,双平,S,4653.2000,4652.8000,4651.0000,4650.6000,4650.0000,4656.4000,4657.6000,4658.0000,4659.2000,4659.6000,1,1,2,1,5,1,3,2,2,2
SF,IC2006,2019-11-29 09:32:53.100,4653.8000,17880,0,73517280.000,0,-,-,-,-,4653.4000,4653.2000,4652.8000,4651.0000,4650.6000,4656.4000,4657.6000,4658.0000,4659.2000,4659.6000,2,1,1,2,1,1,3,2,2,2
SF,IC2006,2019-11-29 09:32:53.600,4653.8000,17880,0,73517280.000,0,-,-,-,-,4653.4000,4653.2000,4652.8000,4651.0000,4650.6000,4656.4000,4657.6000,4658.0000,4659.0000,4659.2000,2,1,1,2,1,1,3,2,1,2
SF,IC2006,2019-11-29 09:32:54.100,4653.8000,17880,0,73517280.000,0,-,-,-,-,4653.4000,4653.2000,4652.8000,4651.0000,4650.6000,4656.2000,4656.4000,4657.6000,4658.0000,4659.0000,2,1,1,2,1,1,1,3,2,1
SF,IC2006,2019-11-29 09:32:54.600,4653.8000,17880,0,73517280.000,0,-,-,-,-,4653.8000,4653.6000,4653.4000,4653.2000,4652.8000,4656.0000,4656.2000,4657.6000,4658.0000,4659.0000,3,1,2,1,1,1,1,3,2,1
SF,IC2006,2019-11-29 09:32:55.600,4653.8000,17880,0,73517280.000,0,-,-,-,-,4653.6000,4653.4000,4653.2000,4652.8000,4651.0000,4656.0000,4656.2000,4657.6000,4658.0000,4659.0000,1,2,1,1,2,1,1,3,2,1
SF,IC2006,2019-11-29 09:32:56.100,4653.8000,17880,0,73517280.000,0,-,-,-,-,4653.8000,4653.2000,4652.8000,4651.0000,4650.6000,4656.0000,4656.2000,4657.6000,4658.0000,4659.0000,1,1,1,2,1,1,1,3,2,1
SF,IC2006,2019-11-29 09:32:56.600,4653.8000,17880,0,73517280.000,0,-,-,-,-,4653.2000,4652.8000,4651.0000,4650.6000,4650.0000,4656.0000,4656.2000,4657.6000,4658.0000,4659.0000,1,1,2,1,5,1,1,3,2,1
SF,IC2006,2019-11-29 09:32:57.100,4653.8000,17880,0,73517280.000,0,-,-,-,-,4653.4000,4653.2000,4652.8000,4651.0000,4650.6000,4656.0000,4656.2000,4657.6000,4658.0000,4659.0000,1,1,1,2,1,1,1,3,2,1
SF,IC2006,2019-11-29 09:32:58.100,4653.8000,17880,0,73517280.000,0,-,-,-,-,4653.4000,4653.2000,4652.8000,4651.0000,4650.6000,4656.0000,4656.2000,4657.6000,4658.0000,4659.0000,1,1,1,2,1,1,1,3,2,1
SF,IC2006,2019-11-29 09:32:58.600,4653.8000,17880,0,73517280.000,0,-,-,-,-,4653.6000,4653.4000,4653.2000,4652.8000,4651.0000,4656.0000,4656.2000,4657.6000,4658.0000,4659.0000,2,1,1,1,2,1,1,3,2,1
SF,IC2006,2019-11-29 09:32:59.100,4653.8000,17880,0,73517280.000,0,-,-,-,-,4653.8000,4653.6000,4653.2000,4652.8000,4651.0000,4656.0000,4656.2000,4657.6000,4658.0000,4659.0000,4,4,1,1,2,1,1,3,2,1
SF,IC2006,2019-11-29 09:32:59.600,4656.0000,17879,-1,74448480.000,1,0,1,双平,S,4654.0000,4653.8000,4653.6000,4653.2000,4652.8000,4657.6000,4658.0000,4659.0000,4659.6000,4660.0000,1,4,2,1,1,3,2,1,2,1
SF,IC2006,2019-11-29 09:33:00.100,4656.0000,17879,0,74448480.000,0,-,-,-,-,4654.4000,4654.2000,4653.8000,4653.6000,4653.2000,4657.4000,4657.6000,4658.0000,4659.0000,4659.6000,1,2,2,2,1,1,3,2,1,2
SF,IC2006,2019-11-29 09:33:00.600,4656.0000,17879,0,74448480.000,0,-,-,-,-,4654.6000,4654.4000,4654.2000,4653.6000,4653.2000,4657.4000,4657.6000,4658.0000,4659.6000,4660.0000,2,3,1,2,1,1,3,2,2,1
SF,IC2006,2019-11-29 09:33:01.100,4656.0000,17879,0,74448480.000,0,-,-,-,-,4654.8000,4654.6000,4654.4000,4654.2000,4653.6000,4657.2000,4657.4000,4657.6000,4658.0000,4659.6000,3,2,1,1,2,1,1,3,2,2
SF,IC2006,2019-11-29 09:33:01.600,4656.0000,17879,0,74448480.000,0,-,-,-,-,4655.4000,4655.0000,4654.8000,4654.4000,4654.2000,4657.0000,4657.2000,4657.6000,4658.0000,4659.6000,1,1,3,1,1,1,1,3,2,2
SF,IC2006,2019-11-29 09:33:02.100,4656.0000,17879,0,74448480.000,0,-,-,-,-,4657.0000,4655.6000,4655.4000,4655.0000,4654.8000,4657.2000,4657.6000,4658.0000,4659.6000,4660.0000,1,1,1,1,3,1,3,2,2,1
SF,IC2006,2019-11-29 09:33:02.600,4657.0000,17877,-2,76311320.000,2,0,2,双平,S,4657.2000,4655.6000,4655.0000,4654.8000,4653.6000,4657.6000,4658.0000,4659.6000,4660.0000,4660.6000,1,1,1,1,2,3,2,2,1,1
SF,IC2006,2019-11-29 09:33:03.100,4657.2000,17875,-2,78174200.000,2,0,2,双平,S,4655.6000,4655.0000,4654.8000,4653.6000,4653.2000,4657.6000,4658.0000,4659.6000,4660.0000,4660.6000,1,1,1,2,1,3,2,2,1,1
SF,IC2006,2019-11-29 09:33:03.600,4657.2000,17875,0,78174200.000,0,-,-,-,-,4655.6000,4655.0000,4653.6000,4653.2000,4652.8000,4657.6000,4658.0000,4659.6000,4660.0000,4660.6000,1,1,2,1,1,3,2,2,1,1
SF,IC2006,2019-11-29 09:33:04.100,4657.2000,17875,0,78174200.000,0,-,-,-,-,4656.0000,4655.6000,4655.0000,4653.6000,4653.2000,4657.6000,4658.0000,4659.6000,4660.0000,4660.6000,1,1,1,2,1,3,2,2,1,1
SF,IC2006,2019-11-29 09:33:04.600,4657.2000,17875,0,78174200.000,0,-,-,-,-,4656.4000,4656.2000,4656.0000,4655.0000,4653.6000,4657.6000,4658.0000,4659.6000,4660.0000,4660.6000,1,1,1,1,2,3,2,2,1,1
SF,IC2006,2019-11-29 09:33:05.100,4657.2000,17875,0,78174200.000,0,-,-,-,-,4656.6000,4656.4000,4656.0000,4655.0000,4653.6000,4657.6000,4658.0000,4659.6000,4660.0000,4660.6000,1,1,1,1,2,3,2,2,1,1
SF,IC2006,2019-11-29 09:33:05.600,4656.4000,17873,-2,80036800.000,2,0,2,双平,S,4656.0000,4655.0000,4653.6000,4653.2000,4652.8000,4657.6000,4658.0000,4659.6000,4660.0000,4660.6000,1,1,2,1,1,3,2,2,1,1
SF,IC2006,2019-11-29 09:33:06.100,4656.4000,17873,0,80036800.000,0,-,-,-,-,4656.4000,4656.2000,4656.0000,4655.0000,4653.6000,4657.6000,4658.0000,4659.6000,4660.0000,4660.6000,1,1,1,1,2,3,2,2,1,1
SF,IC2006,2019-11-29 09:33:08.100,4656.4000,17873,0,80036800.000,0,-,-,-,-,4656.4000,4656.2000,4656.0000,4655.0000,4653.6000,4657.6000,4658.0000,4659.6000,4660.0000,4660.6000,1,1,1,1,2,3,2,2,1,1
SF,IC2006,2019-11-29 09:33:08.600,4656.4000,17873,0,80036800.000,0,-,-,-,-,4656.4000,4655.0000,4653.6000,4653.2000,4652.8000,4657.4000,4657.6000,4658.0000,4659.6000,4660.0000,1,1,2,1,1,1,3,2,2,1
SF,IC2006,2019-11-29 09:33:10.100,4656.4000,17873,0,80036800.000,0,-,-,-,-,4656.4000,4655.0000,4653.6000,4653.2000,4652.8000,4657.4000,4657.6000,4658.0000,4659.6000,4660.0000,1,1,2,1,1,1,3,2,2,1
SF,IC2006,2019-11-29 09:33:10.600,4656.4000,17873,0,80036800.000,0,-,-,-,-,4656.4000,4655.0000,4653.6000,4653.2000,4652.8000,4657.6000,4658.0000,4659.6000,4660.0000,4660.6000,1,1,2,1,1,3,2,2,1,1
SF,IC2006,2019-11-29 09:33:11.100,4656.4000,17873,0,80036800.000,0,-,-,-,-,4656.6000,4656.4000,4655.0000,4653.6000,4653.2000,4657.6000,4658.0000,4659.6000,4660.0000,4660.6000,2,2,1,2,1,3,2,2,1,1
SF,IC2006,2019-11-29 09:33:11.600,4656.4000,17869,-4,83761960.000,4,0,4,双平,S,4655.0000,4653.6000,4653.2000,4652.8000,4651.0000,4657.4000,4657.6000,4658.0000,4659.6000,4660.0000,1,2,1,1,2,1,3,2,2,1
SF,IC2006,2019-11-29 09:33:12.100,4656.4000,17869,0,83761960.000,0,-,-,-,-,4655.2000,4655.0000,4653.6000,4653.2000,4652.8000,4657.4000,4657.6000,4658.0000,4659.6000,4660.0000,2,1,2,1,1,1,3,2,2,1
SF,IC2006,2019-11-29 09:33:12.600,4655.2000,17868,-1,84693000.000,1,0,1,双平,S,4655.0000,4653.6000,4653.2000,4652.8000,4651.0000,4657.4000,4657.6000,4658.0000,4659.6000,4660.0000,1,2,1,1,2,1,3,2,2,1
SF,IC2006,2019-11-29 09:33:13.100,4655.2000,17868,0,84693000.000,0,-,-,-,-,4653.6000,4653.2000,4652.8000,4651.0000,4650.8000,4657.0000,4657.4000,4657.6000,4658.0000,4659.6000,2,1,1,2,1,1,1,3,2,2
SF,IC2006,2019-11-29 09:33:13.600,4655.2000,17868,0,84693000.000,0,-,-,-,-,4654.0000,4653.8000,4653.6000,4653.2000,4652.8000,4656.8000,4657.0000,4657.6000,4658.0000,4659.6000,1,1,2,1,1,1,1,3,2,2
SF,IC2006,2019-11-29 09:33:14.100,4655.2000,17868,0,84693000.000,0,-,-,-,-,4654.2000,4654.0000,4653.6000,4653.2000,4652.8000,4657.0000,4657.6000,4658.0000,4659.6000,4660.0000,1,1,2,1,1,1,3,2,2,1
SF,IC2006,2019-11-29 09:33:14.600,4655.2000,17868,0,84693000.000,0,-,-,-,-,4654.2000,4654.0000,4653.6000,4653.2000,4652.8000,4656.8000,4657.0000,4657.6000,4658.0000,4659.6000,1,1,2,1,1,1,1,3,2,2
SF,IC2006,2019-11-29 09:33:16.600,4656.8000,17868,0,85624360.000,1,0,1,多换,S,4656.8000,4654.2000,4654.0000,4653.6000,4653.2000,4657.0000,4657.6000,4658.0000,4659.6000,4660.0000,1,1,1,2,1,1,3,2,2,1
SF,IC2006,2019-11-29 09:33:17.100,4656.8000,17868,0,86555720.000,1,0,1,多换,S,4653.6000,4653.2000,4652.8000,4651.0000,4650.8000,4656.2000,4656.6000,4656.8000,4657.0000,4657.6000,1,1,1,2,1,1,1,2,1,3
SF,IC2006,2019-11-29 09:33:17.600,4656.8000,17868,0,86555720.000,0,-,-,-,-,4653.8000,4653.6000,4653.2000,4652.8000,4651.0000,4655.8000,4656.0000,4656.2000,4656.6000,4656.8000,1,1,1,1,2,1,1,1,1,1
SF,IC2006,2019-11-29 09:33:18.100,4656.8000,17868,0,86555720.000,0,-,-,-,-,4653.8000,4653.6000,4653.2000,4652.8000,4651.0000,4655.6000,4655.8000,4656.8000,4657.6000,4658.0000,1,1,1,1,2,1,3,1,3,2
SF,IC2006,2019-11-29 09:33:18.600,4656.8000,17868,0,86555720.000,0,-,-,-,-,4653.8000,4653.6000,4653.2000,4652.8000,4651.0000,4655.2000,4655.6000,4655.8000,4656.4000,4656.8000,1,1,1,1,2,1,1,3,1,1
SF,IC2006,2019-11-29 09:33:19.100,4656.8000,17868,0,86555720.000,0,-,-,-,-,4653.6000,4653.2000,4652.8000,4651.0000,4650.8000,4655.0000,4655.2000,4655.4000,4655.8000,4656.4000,1,1,1,2,1,1,1,2,1,1
SF,IC2006,2019-11-29 09:33:19.600,4656.8000,17868,0,86555720.000,0,-,-,-,-,4653.6000,4653.2000,4652.8000,4651.0000,4650.8000,4655.0000,4655.2000,4655.4000,4656.4000,4656.6000,1,1,1,2,1,1,1,2,1,1
SF,IC2006,2019-11-29 09:33:20.100,4656.8000,17868,0,86555720.000,0,-,-,-,-,4653.8000,4653.6000,4653.2000,4652.8000,4651.0000,4655.0000,4655.2000,4655.4000,4656.4000,4656.6000,1,1,1,1,2,1,1,2,1,1
SF,IC2006,2019-11-29 09:33:20.600,4656.8000,17868,0,86555720.000,0,-,-,-,-,4653.8000,4653.6000,4653.2000,4652.8000,4651.0000,4655.0000,4655.2000,4655.4000,4656.4000,4656.6000,1,1,1,1,2,1,1,1,2,1
SF,IC2006,2019-11-29 09:33:21.100,4656.8000,17868,0,86555720.000,0,-,-,-,-,4653.8000,4653.6000,4653.2000,4652.8000,4651.0000,4656.4000,4656.6000,4656.8000,4657.6000,4658.0000,1,1,1,1,2,3,1,1,3,2
SF,IC2006,2019-11-29 09:33:21.600,4656.8000,17868,0,86555720.000,0,-,-,-,-,4653.8000,4653.6000,4653.2000,4652.8000,4651.0000,4656.0000,4656.2000,4656.4000,4656.6000,4656.8000,1,1,1,1,2,2,1,2,1,1
SF,IC2006,2019-11-29 09:33:22.100,4656.8000,17868,0,86555720.000,0,-,-,-,-,4653.8000,4653.6000,4653.2000,4652.8000,4651.0000,4656.0000,4656.2000,4656.4000,4656.6000,4656.8000,1,1,1,1,2,1,1,1,1,1
SF,IC2006,2019-11-29 09:33:22.600,4656.8000,17868,0,86555720.000,0,-,-,-,-,4654.2000,4653.8000,4653.6000,4653.2000,4652.8000,4655.8000,4656.8000,4657.6000,4658.0000,4659.6000,1,1,1,1,1,1,1,3,2,2
SF,IC2006,2019-11-29 09:33:25.100,4656.8000,17868,0,86555720.000,0,-,-,-,-,4653.8000,4653.6000,4653.2000,4652.8000,4651.0000,4655.8000,4656.8000,4657.6000,4658.0000,4659.6000,1,1,1,1,2,1,1,3,2,2
SF,IC2006,2019-11-29 09:33:25.600,4656.8000,17868,0,86555720.000,0,-,-,-,-,4653.6000,4653.2000,4652.8000,4651.0000,4650.8000,4655.8000,4656.2000,4656.8000,4657.6000,4658.0000,1,1,1,2,1,1,1,1,3,2
SF,IC2006,2019-11-29 09:33:27.600,4656.8000,17868,0,86555720.000,0,-,-,-,-,4653.8000,4653.6000,4653.2000,4652.8000,4651.0000,4655.8000,4656.2000,4656.8000,4657.6000,4658.0000,1,1,1,1,2,1,1,1,3,2
SF,IC2006,2019-11-29 09:33:28.100,4656.8000,17868,0,86555720.000,0,-,-,-,-,4653.8000,4653.6000,4653.2000,4652.8000,4651.0000,4655.6000,4655.8000,4656.2000,4656.8000,4657.6000,1,1,1,1,2,1,1,1,1,3
SF,IC2006,2019-11-29 09:33:28.600,4656.8000,17868,0,86555720.000,0,-,-,-,-,4654.0000,4653.8000,4653.2000,4652.8000,4651.0000,4655.4000,4656.2000,4656.8000,4657.6000,4658.0000,1,1,1,1,2,1,1,1,3,2
SF,IC2006,2019-11-29 09:33:29.100,4656.8000,17868,0,86555720.000,0,-,-,-,-,4654.0000,4653.8000,4653.2000,4652.8000,4651.0000,4655.4000,4656.2000,4656.8000,4657.6000,4658.0000,1,1,1,1,2,1,1,1,3,2
SF,IC2006,2019-11-29 09:33:29.600,4656.8000,17868,0,86555720.000,0,-,-,-,-,4654.0000,4653.2000,4652.8000,4651.0000,4650.8000,4655.4000,4656.2000,4656.8000,4657.6000,4658.0000,1,1,1,2,1,1,1,1,3,2
SF,IC2006,2019-11-29 09:33:32.100,4656.8000,17868,0,86555720.000,0,-,-,-,-,4654.0000,4653.2000,4652.8000,4651.0000,4650.8000,4654.6000,4655.4000,4656.2000,4656.8000,4657.6000,1,1,1,2,1,1,1,1,1,3
SF,IC2006,2019-11-29 09:33:32.600,4654.6000,17867,-1,87486640.000,1,0,1,双平,S,4654.0000,4653.2000,4652.8000,4651.0000,4650.8000,4655.4000,4656.2000,4656.8000,4657.6000,4658.0000,1,1,1,2,1,1,1,1,3,2
SF,IC2006,2019-11-29 09:33:36.600,4654.6000,17867,0,87486640.000,0,-,-,-,-,4654.0000,4653.2000,4652.8000,4651.0000,4650.8000,4655.4000,4656.2000,4656.8000,4657.6000,4658.0000,1,1,1,2,1,1,1,1,3,2
SF,IC2006,2019-11-29 09:33:38.100,4654.0000,17866,-1,88417440.000,1,0,1,双平,S,4653.2000,4652.8000,4651.0000,4650.8000,4650.6000,4655.4000,4656.2000,4656.8000,4657.6000,4658.0000,1,1,2,1,1,1,1,1,3,2
SF,IC2006,2019-11-29 09:33:38.600,4654.0000,17866,0,88417440.000,0,-,-,-,-,4653.2000,4652.8000,4651.0000,4650.8000,4650.6000,4653.8000,4655.0000,4655.4000,4656.2000,4656.8000,1,1,2,1,1,1,1,1,1,1
SF,IC2006,2019-11-29 09:33:39.100,4654.0000,17866,0,88417440.000,0,-,-,-,-,4653.2000,4652.8000,4651.0000,4650.8000,4650.6000,4653.8000,4654.0000,4655.0000,4655.4000,4656.2000,1,1,2,1,1,1,1,1,1,1
SF,IC2006,2019-11-29 09:33:39.600,4653.2000,17866,0,89348080.000,1,0,1,多换,S,4651.0000,4650.8000,4650.6000,4650.0000,4649.0000,4653.8000,4654.0000,4655.0000,4655.4000,4656.2000,2,1,1,5,1,1,1,1,1,1
SF,IC2006,2019-11-29 09:33:40.100,4653.2000,17866,0,89348080.000,0,-,-,-,-,4651.2000,4651.0000,4650.8000,4650.6000,4650.0000,4653.6000,4653.8000,4654.0000,4656.2000,4656.8000,1,2,1,1,5,1,1,1,1,1
SF,IC2006,2019-11-29 09:33:40.600,4653.2000,17866,0,89348080.000,0,-,-,-,-,4652.4000,4651.2000,4651.0000,4650.8000,4650.6000,4653.8000,4654.0000,4656.2000,4656.8000,4657.6000,1,1,2,1,1,1,1,1,1,3
SF,IC2006,2019-11-29 09:33:41.100,4653.2000,17866,0,89348080.000,0,-,-,-,-,4652.4000,4651.2000,4651.0000,4650.8000,4650.6000,4654.0000,4656.2000,4656.8000,4657.6000,4658.0000,1,1,2,1,1,1,1,1,3,2
SF,IC2006,2019-11-29 09:33:41.600,4653.2000,17866,0,89348080.000,0,-,-,-,-,4652.4000,4651.2000,4651.0000,4650.8000,4650.6000,4653.8000,4654.0000,4656.2000,4656.8000,4657.6000,1,1,2,1,1,2,1,1,1,3
SF,IC2006,2019-11-29 09:33:42.100,4653.2000,17866,0,89348080.000,0,-,-,-,-,4652.4000,4651.2000,4651.0000,4650.8000,4650.6000,4653.8000,4654.0000,4656.2000,4656.8000,4657.6000,1,1,2,1,1,2,1,1,1,3
SF,IC2006,2019-11-29 09:33:45.100,4653.2000,17866,0,89348080.000,0,-,-,-,-,4652.4000,4651.2000,4651.0000,4650.8000,4650.6000,4653.8000,4654.0000,4654.6000,4656.2000,4656.8000,1,1,2,1,1,2,1,1,1,1
SF,IC2006,2019-11-29 09:33:49.100,4653.2000,17866,0,89348080.000,0,-,-,-,-,4652.4000,4651.2000,4651.0000,4650.8000,4650.6000,4653.8000,4654.0000,4654.6000,4656.2000,4656.8000,1,1,2,1,1,2,1,1,1,1
SF,IC2006,2019-11-29 09:33:50.100,4653.2000,17866,0,89348080.000,0,-,-,-,-,4652.4000,4651.2000,4651.0000,4650.8000,4650.6000,4653.8000,4654.0000,4654.6000,4656.2000,4656.8000,1,1,2,1,1,2,1,1,1,1
SF,IC2006,2019-11-29 09:33:50.600,4653.2000,17866,0,89348080.000,0,-,-,-,-,4652.4000,4651.2000,4651.0000,4650.8000,4650.6000,4653.8000,4654.0000,4654.6000,4656.2000,4656.8000,1,1,2,1,1,1,1,1,1,1
SF,IC2006,2019-11-29 09:33:52.100,4652.4000,17865,-1,90278560.000,1,0,1,双平,S,4651.2000,4651.0000,4650.8000,4650.6000,4650.0000,4653.8000,4654.0000,4654.6000,4656.2000,4656.8000,1,2,1,1,5,1,1,1,1,1
SF,IC2006,2019-11-29 09:33:52.600,4652.4000,17865,0,90278560.000,0,-,-,-,-,4651.2000,4651.0000,4650.8000,4650.6000,4650.0000,4653.4000,4653.8000,4654.0000,4654.6000,4656.2000,1,2,1,1,5,1,1,1,1,1
SF,IC2006,2019-11-29 09:33:53.100,4652.4000,17865,0,90278560.000,0,-,-,-,-,4651.2000,4651.0000,4650.8000,4650.6000,4650.0000,4653.2000,4653.4000,4654.0000,4654.6000,4656.2000,1,2,1,1,5,1,1,1,1,1
SF,IC2006,2019-11-29 09:33:53.600,4652.4000,17865,0,90278560.000,0,-,-,-,-,4651.2000,4651.0000,4650.8000,4650.6000,4650.0000,4653.2000,4653.4000,4654.0000,4654.6000,4656.2000,1,2,1,1,5,1,1,1,1,1
SF,IC2006,2019-11-29 09:33:54.100,4652.4000,17865,0,90278560.000,0,-,-,-,-,4651.2000,4651.0000,4650.8000,4650.6000,4650.0000,4653.2000,4653.4000,4654.0000,4654.6000,4656.2000,1,2,1,1,5,1,1,1,1,1
SF,IC2006,2019-11-29 09:33:54.600,4652.4000,17865,0,90278560.000,0,-,-,-,-,4651.2000,4651.0000,4650.8000,4650.6000,4650.0000,4653.2000,4653.4000,4654.0000,4654.6000,4656.2000,1,2,1,1,4,1,1,1,1,1
SF,IC2006,2019-11-29 09:33:59.100,4652.4000,17865,0,90278560.000,0,-,-,-,-,4651.2000,4651.0000,4650.8000,4650.6000,4650.0000,4653.2000,4653.4000,4654.0000,4654.6000,4656.2000,1,2,1,1,4,1,2,1,1,1
SF,IC2006,2019-11-29 09:33:59.600,4652.4000,17865,0,90278560.000,0,-,-,-,-,4651.2000,4651.0000,4650.8000,4650.6000,4650.0000,4653.2000,4653.4000,4654.0000,4654.6000,4656.2000,1,2,1,1,4,1,2,1,1,1
SF,IC2006,2019-11-29 09:34:00.100,4652.4000,17865,0,90278560.000,0,-,-,-,-,4651.4000,4651.2000,4651.0000,4650.8000,4650.6000,4653.2000,4653.4000,4654.0000,4654.6000,4656.2000,1,1,2,1,1,1,2,1,1,1
SF,IC2006,2019-11-29 09:34:00.600,4652.4000,17865,0,90278560.000,0,-,-,-,-,4651.6000,4651.4000,4651.0000,4650.8000,4650.6000,4653.2000,4653.4000,4654.0000,4654.6000,4656.2000,1,1,2,1,1,1,1,1,1,1
SF,IC2006,2019-11-29 09:34:01.100,4651.6000,17865,0,91208880.000,1,0,1,多换,S,4651.4000,4651.0000,4650.8000,4650.6000,4650.0000,4653.4000,4654.0000,4654.6000,4656.2000,4656.8000,1,2,1,1,4,1,1,1,1,1
SF,IC2006,2019-11-29 09:34:01.600,4651.6000,17865,0,91208880.000,0,-,-,-,-,4651.6000,4651.4000,4651.0000,4650.8000,4650.6000,4653.2000,4653.4000,4654.0000,4654.6000,4656.2000,1,1,2,1,1,1,1,1,1,1
SF,IC2006,2019-11-29 09:34:03.100,4653.2000,17864,-1,92139520.000,1,0,1,双平,S,4651.6000,4651.4000,4651.0000,4650.8000,4650.6000,4653.4000,4654.0000,4654.6000,4656.2000,4656.8000,1,1,2,1,1,1,1,1,1,1
SF,IC2006,2019-11-29 09:34:03.600,4653.4000,17864,0,93070200.000,1,0,1,多换,S,4653.8000,4651.8000,4651.6000,4651.0000,4650.8000,4654.0000,4654.6000,4656.2000,4656.8000,4657.0000,1,1,1,2,1,1,1,1,1,1
SF,IC2006,2019-11-29 09:34:04.100,4653.8000,17863,-1,94000960.000,1,0,1,双平,S,4651.8000,4651.6000,4651.0000,4650.8000,4650.6000,4653.8000,4654.0000,4654.6000,4656.2000,4656.8000,1,1,2,1,1,1,1,1,1,1
SF,IC2006,2019-11-29 09:34:04.600,4653.8000,17863,0,94000960.000,0,-,-,-,-,4652.0000,4651.8000,4651.0000,4650.8000,4650.6000,4653.6000,4653.8000,4654.0000,4654.6000,4656.2000,2,1,2,1,1,2,2,1,1,1
SF,IC2006,2019-11-29 09:34:05.600,4653.8000,17863,0,94000960.000,0,-,-,-,-,4652.0000,4651.8000,4651.4000,4651.0000,4650.8000,4653.6000,4653.8000,4654.0000,4654.6000,4656.2000,2,1,1,2,1,1,2,1,1,1
SF,IC2006,2019-11-29 09:34:07.100,4653.8000,17863,0,94000960.000,0,-,-,-,-,4652.4000,4652.0000,4651.8000,4651.4000,4651.0000,4653.6000,4653.8000,4654.0000,4654.6000,4656.2000,2,2,1,1,2,1,2,1,1,1
SF,IC2006,2019-11-29 09:34:07.600,4653.8000,17863,0,94000960.000,0,-,-,-,-,4653.6000,4652.6000,4652.4000,4652.0000,4651.8000,4653.8000,4654.0000,4656.2000,4656.8000,4657.0000,1,1,2,1,1,1,1,1,1,1
SF,IC2006,2019-11-29 09:34:08.100,4653.6000,17862,-1,94931680.000,1,0,1,双平,S,4652.6000,4652.4000,4652.0000,4651.8000,4651.4000,4653.6000,4654.0000,4656.2000,4656.8000,4657.0000,1,2,1,1,1,1,1,1,1,1
SF,IC2006,2019-11-29 09:34:08.600,4653.6000,17862,0,94931680.000,0,-,-,-,-,4652.6000,4652.4000,4652.0000,4651.8000,4651.4000,4654.0000,4656.2000,4656.8000,4657.0000,4657.6000,1,1,1,1,1,1,1,1,1,3
SF,IC2006,2019-11-29 09:34:09.100,4653.6000,17862,0,94931680.000,0,-,-,-,-,4652.6000,4652.0000,4651.8000,4651.4000,4651.0000,4654.0000,4656.2000,4656.8000,4657.0000,4657.6000,1,1,1,1,2,1,1,1,1,3
SF,IC2006,2019-11-29 09:34:13.600,4653.6000,17862,0,94931680.000,0,-,-,-,-,4652.6000,4652.0000,4651.8000,4651.4000,4651.0000,4654.0000,4656.2000,4656.8000,4657.0000,4657.6000,1,1,1,1,2,1,1,1,1,3
SF,IC2006,2019-11-29 09:34:14.100,4653.6000,17862,0,94931680.000,0,-,-,-,-,4651.4000,4651.0000,4650.8000,4650.6000,4650.0000,4653.8000,4654.0000,4656.2000,4656.8000,4657.0000,1,2,1,1,4,2,1,1,1,1
SF,IC2006,2019-11-29 09:34:14.600,4653.6000,17862,0,94931680.000,0,-,-,-,-,4651.6000,4651.4000,4651.0000,4650.8000,4650.6000,4653.8000,4654.0000,4656.2000,4656.8000,4657.0000,1,1,2,1,1,2,1,1,1,1
SF,IC2006,2019-11-29 09:34:17.100,4653.6000,17862,0,94931680.000,0,-,-,-,-,4653.6000,4651.6000,4651.4000,4651.0000,4650.8000,4653.8000,4654.0000,4656.2000,4656.8000,4657.0000,1,1,1,2,1,2,1,1,1,1
SF,IC2006,2019-11-29 09:34:17.600,4653.6000,17862,0,95862400.000,1,0,1,多换,S,4651.6000,4651.4000,4651.0000,4650.8000,4650.6000,4653.0000,4653.6000,4653.8000,4654.0000,4656.2000,1,1,2,1,1,2,2,2,1,1
SF,IC2006,2019-11-29 09:34:18.100,4653.6000,17862,0,95862400.000,0,-,-,-,-,4651.6000,4651.4000,4651.0000,4650.8000,4650.6000,4653.6000,4653.8000,4654.0000,4656.2000,4656.8000,1,1,2,1,1,2,2,1,1,1
SF,IC2006,2019-11-29 09:34:18.600,4653.6000,17862,0,95862400.000,0,-,-,-,-,4651.6000,4651.4000,4651.0000,4650.8000,4650.6000,4653.4000,4653.6000,4654.0000,4656.2000,4656.8000,1,1,2,1,1,1,1,1,1,1
SF,IC2006,2019-11-29 09:34:19.100,4653.6000,17862,0,95862400.000,0,-,-,-,-,4651.6000,4651.4000,4651.0000,4650.8000,4650.6000,4653.0000,4653.4000,4653.6000,4654.0000,4656.2000,1,1,2,1,1,1,1,1,1,1
SF,IC2006,2019-11-29 09:34:19.600,4653.6000,17862,0,95862400.000,0,-,-,-,-,4651.8000,4651.6000,4651.4000,4651.0000,4650.8000,4653.4000,4653.6000,4654.0000,4656.2000,4656.8000,1,1,1,2,1,1,2,1,1,1
SF,IC2006,2019-11-29 09:34:20.100,4653.6000,17862,0,95862400.000,0,-,-,-,-,4652.0000,4651.4000,4651.0000,4650.8000,4650.6000,4653.4000,4653.6000,4654.0000,4656.2000,4656.8000,2,1,2,1,1,1,2,1,1,1
SF,IC2006,2019-11-29 09:34:20.600,4653.6000,17862,0,95862400.000,0,-,-,-,-,4652.2000,4652.0000,4651.4000,4651.0000,4650.8000,4653.4000,4653.6000,4654.0000,4656.2000,4656.8000,1,1,1,2,1,1,2,1,1,1
SF,IC2006,2019-11-29 09:34:21.600,4653.6000,17862,0,95862400.000,0,-,-,-,-,4652.2000,4652.0000,4651.4000,4651.2000,4651.0000,4653.4000,4653.6000,4654.0000,4656.2000,4656.8000,1,1,1,1,2,1,2,1,1,1
SF,IC2006,2019-11-29 09:34:22.100,4653.6000,17862,0,95862400.000,0,-,-,-,-,4652.2000,4652.0000,4651.4000,4651.2000,4651.0000,4653.6000,4654.0000,4656.2000,4656.8000,4657.0000,1,1,1,1,2,2,1,1,1,1
SF,IC2006,2019-11-29 09:34:22.600,4653.6000,17862,0,95862400.000,0,-,-,-,-,4652.2000,4652.0000,4651.4000,4651.2000,4651.0000,4653.4000,4653.6000,4654.0000,4656.2000,4656.8000,1,1,1,1,2,1,2,1,1,1
SF,IC2006,2019-11-29 09:34:24.600,4653.6000,17862,0,95862400.000,0,-,-,-,-,4652.0000,4651.4000,4651.2000,4651.0000,4650.8000,4653.4000,4653.6000,4654.0000,4656.2000,4656.8000,1,1,1,2,1,1,2,1,1,1
SF,IC2006,2019-11-29 09:34:25.100,4653.6000,17862,0,95862400.000,0,-,-,-,-,4652.2000,4652.0000,4651.4000,4651.2000,4651.0000,4653.4000,4653.6000,4654.0000,4656.2000,4656.8000,1,1,1,1,2,1,2,1,1,1
SF,IC2006,2019-11-29 09:34:26.100,4653.6000,17862,0,95862400.000,0,-,-,-,-,4652.2000,4652.0000,4651.4000,4651.2000,4651.0000,4653.4000,4653.6000,4654.0000,4656.2000,4656.8000,1,1,1,1,2,1,1,1,1,1
SF,IC2006,2019-11-29 09:34:27.600,4653.6000,17862,0,95862400.000,0,-,-,-,-,4652.4000,4652.0000,4651.4000,4651.2000,4651.0000,4653.4000,4653.6000,4654.0000,4656.2000,4656.8000,1,1,1,1,2,1,1,1,1,1
SF,IC2006,2019-11-29 09:34:28.100,4653.6000,17862,0,95862400.000,0,-,-,-,-,4652.4000,4652.0000,4651.4000,4651.2000,4651.0000,4652.8000,4653.4000,4653.6000,4654.0000,4656.2000,1,1,1,1,2,1,1,1,1,1
SF,IC2006,2019-11-29 09:34:28.600,4652.8000,17862,0,96792960.000,1,0,1,多换,S,4652.4000,4652.0000,4651.4000,4651.2000,4651.0000,4653.6000,4654.0000,4656.2000,4656.8000,4657.0000,1,1,1,1,2,1,1,1,1,1
SF,IC2006,2019-11-29 09:34:30.600,4652.8000,17862,0,96792960.000,0,-,-,-,-,4652.0000,4651.4000,4651.2000,4651.0000,4650.8000,4652.4000,4653.6000,4654.0000,4656.2000,4656.8000,1,1,1,2,1,1,1,1,1,1
SF,IC2006,2019-11-29 09:34:31.100,4652.4000,17861,-1,97723440.000,1,0,1,双平,S,4652.0000,4651.4000,4651.2000,4651.0000,4650.8000,4653.6000,4654.0000,4656.2000,4656.8000,4657.0000,1,1,1,2,1,1,1,1,1,1
SF,IC2006,2019-11-29 09:34:31.600,4652.4000,17861,0,97723440.000,0,-,-,-,-,4651.4000,4651.2000,4651.0000,4650.8000,4650.6000,4653.2000,4653.4000,4653.6000,4654.0000,4656.2000,1,1,2,1,1,1,1,1,1,1
SF,IC2006,2019-11-29 09:34:32.100,4652.4000,17861,0,97723440.000,0,-,-,-,-,4651.6000,4651.4000,4651.2000,4651.0000,4650.8000,4653.0000,4653.6000,4654.0000,4656.2000,4656.8000,2,1,1,2,1,1,1,1,1,1
SF,IC2006,2019-11-29 09:34:32.600,4652.4000,17861,0,97723440.000,0,-,-,-,-,4651.6000,4651.4000,4651.2000,4651.0000,4650.8000,4652.8000,4653.0000,4653.6000,4654.0000,4656.2000,2,1,1,2,1,1,1,1,1,1
SF,IC2006,2019-11-29 09:34:33.100,4652.4000,17861,0,97723440.000,0,-,-,-,-,4651.6000,4651.4000,4651.2000,4651.0000,4650.8000,4652.8000,4653.0000,4653.6000,4654.0000,4656.2000,2,1,1,2,1,1,1,1,1,1
SF,IC2006,2019-11-29 09:34:33.600,4652.4000,17861,0,97723440.000,0,-,-,-,-,4651.8000,4651.6000,4651.4000,4651.2000,4651.0000,4652.8000,4653.0000,4653.6000,4654.0000,4656.2000,1,1,1,1,2,1,1,1,1,1
SF,IC2006,2019-11-29 09:34:34.100,4652.4000,17861,0,97723440.000,0,-,-,-,-,4651.6000,4651.4000,4651.2000,4651.0000,4650.8000,4653.0000,4653.6000,4654.0000,4656.2000,4656.8000,1,1,1,2,1,1,1,1,1,1
SF,IC2006,2019-11-29 09:34:34.600,4652.4000,17861,0,97723440.000,0,-,-,-,-,4651.4000,4651.2000,4651.0000,4650.8000,4650.6000,4653.0000,4653.6000,4654.0000,4656.2000,4656.8000,1,1,2,1,1,1,1,1,1,1
SF,IC2006,2019-11-29 09:34:35.100,4652.4000,17861,0,97723440.000,0,-,-,-,-,4651.6000,4651.4000,4651.2000,4651.0000,4650.8000,4652.8000,4653.0000,4653.6000,4654.0000,4656.2000,1,1,1,2,1,1,1,1,1,1
SF,IC2006,2019-11-29 09:34:35.600,4652.4000,17861,0,97723440.000,0,-,-,-,-,4651.8000,4651.4000,4651.2000,4651.0000,4650.8000,4653.0000,4653.6000,4654.0000,4656.2000,4656.8000,1,1,1,2,1,1,1,1,1,1
SF,IC2006,2019-11-29 09:34:36.100,4652.4000,17861,0,97723440.000,0,-,-,-,-,4651.4000,4651.2000,4651.0000,4650.8000,4650.6000,4652.4000,4652.8000,4653.0000,4653.6000,4654.0000,1,1,2,1,1,1,1,1,1,1
SF,IC2006,2019-11-29 09:34:37.600,4652.4000,17861,0,97723440.000,0,-,-,-,-,4651.6000,4651.4000,4651.2000,4651.0000,4650.8000,4652.4000,4652.8000,4653.0000,4653.6000,4654.0000,3,1,1,2,1,1,1,1,1,1
SF,IC2006,2019-11-29 09:34:38.100,4652.4000,17861,0,97723440.000,0,-,-,-,-,4651.6000,4651.4000,4651.2000,4651.0000,4650.8000,4652.4000,4653.0000,4653.6000,4654.0000,4656.2000,3,1,1,2,1,1,1,1,1,1
SF,IC2006,2019-11-29 09:34:39.100,4652.4000,17861,0,97723440.000,0,-,-,-,-,4651.6000,4651.4000,4651.2000,4651.0000,4650.8000,4652.4000,4653.0000,4653.6000,4654.0000,4656.2000,2,1,1,2,1,1,1,1,1,1
SF,IC2006,2019-11-29 09:34:41.600,4651.6000,17861,0,99584080.000,2,1,1,多换,S,4651.4000,4651.2000,4651.0000,4650.8000,4650.6000,4651.6000,4652.4000,4653.0000,4653.6000,4654.0000,1,1,2,1,1,2,1,1,1,1
SF,IC2006,2019-11-29 09:34:42.100,4651.6000,17860,-1,102375000.000,3,1,2,多平,S,4651.2000,4651.0000,4650.8000,4650.6000,4650.0000,4652.4000,4653.0000,4653.6000,4654.0000,4656.2000,1,2,1,1,4,1,1,1,1,1
SF,IC2006,2019-11-29 09:34:43.600,4651.6000,17860,0,102375000.000,0,-,-,-,-,4651.4000,4651.2000,4651.0000,4650.8000,4650.6000,4652.4000,4653.0000,4653.6000,4654.0000,4656.2000,1,1,2,1,1,1,1,1,1,1
SF,IC2006,2019-11-29 09:34:46.600,4651.6000,17860,0,102375000.000,0,-,-,-,-,4651.6000,4651.2000,4651.0000,4650.8000,4650.6000,4652.4000,4653.0000,4653.6000,4654.0000,4656.2000,1,1,2,1,1,1,1,1,1,1
SF,IC2006,2019-11-29 09:34:47.600,4652.4000,17859,-1,103305480.000,1,0,1,双平,S,4651.6000,4651.2000,4651.0000,4650.8000,4650.6000,4653.0000,4653.6000,4654.0000,4656.2000,4656.8000,1,1,2,1,1,1,1,1,1,1
SF,IC2006,2019-11-29 09:34:48.100,4652.4000,17859,0,103305480.000,0,-,-,-,-,4651.8000,4651.2000,4651.0000,4650.8000,4650.6000,4653.6000,4654.0000,4656.2000,4656.8000,4657.0000,2,1,2,1,1,1,1,1,1,1
SF,IC2006,2019-11-29 09:34:48.600,4652.4000,17859,0,103305480.000,0,-,-,-,-,4651.8000,4651.2000,4651.0000,4650.8000,4650.6000,4653.4000,4653.6000,4654.0000,4656.2000,4656.8000,2,1,2,1,1,1,1,1,1,1
SF,IC2006,2019-11-29 09:34:49.100,4652.4000,17859,0,103305480.000,0,-,-,-,-,4652.0000,4651.8000,4651.2000,4651.0000,4650.8000,4653.4000,4653.6000,4654.0000,4656.2000,4656.8000,1,1,1,2,1,1,1,1,1,1
SF,IC2006,2019-11-29 09:34:50.100,4652.4000,17859,0,103305480.000,0,-,-,-,-,4652.2000,4651.8000,4651.2000,4651.0000,4650.8000,4653.4000,4653.6000,4654.0000,4656.2000,4656.8000,1,1,1,2,1,1,1,1,1,1
SF,IC2006,2019-11-29 09:34:50.600,4652.4000,17859,0,103305480.000,0,-,-,-,-,4652.4000,4651.2000,4651.0000,4650.8000,4650.6000,4653.6000,4654.0000,4656.2000,4656.8000,4657.0000,2,1,2,1,1,1,1,1,1,1
SF,IC2006,2019-11-29 09:34:51.100,4652.4000,17859,0,103305480.000,0,-,-,-,-,4652.6000,4652.4000,4651.2000,4651.0000,4650.8000,4653.6000,4654.0000,4656.2000,4656.8000,4657.0000,1,1,1,2,1,1,1,1,1,1
SF,IC2006,2019-11-29 09:34:51.600,4652.4000,17859,0,103305480.000,0,-,-,-,-,4652.4000,4651.2000,4651.0000,4650.8000,4650.6000,4653.6000,4654.0000,4656.2000,4656.8000,4657.0000,1,1,2,1,1,1,1,1,1,1
SF,IC2006,2019-11-29 09:34:52.100,4652.4000,17859,0,103305480.000,0,-,-,-,-,4651.2000,4651.0000,4650.8000,4650.6000,4650.0000,4653.6000,4654.0000,4656.2000,4656.8000,4657.0000,1,2,1,1,4,1,1,1,1,1
SF,IC2006,2019-11-29 09:34:52.600,4652.4000,17859,0,103305480.000,0,-,-,-,-,4651.4000,4651.2000,4651.0000,4650.8000,4650.6000,4653.4000,4653.6000,4654.0000,4656.2000,4656.8000,2,1,2,1,1,1,1,1,1,1
SF,IC2006,2019-11-29 09:34:53.100,4652.4000,17859,0,103305480.000,0,-,-,-,-,4651.6000,4651.4000,4651.2000,4651.0000,4650.8000,4653.6000,4654.0000,4656.2000,4656.8000,4657.0000,1,1,1,2,1,1,1,1,1,1
SF,IC2006,2019-11-29 09:34:53.600,4652.4000,17859,0,103305480.000,0,-,-,-,-,4651.8000,4651.6000,4651.2000,4651.0000,4650.8000,4653.6000,4654.0000,4656.2000,4656.8000,4657.0000,1,1,1,2,1,1,1,1,1,1
SF,IC2006,2019-11-29 09:34:54.100,4652.4000,17859,0,103305480.000,0,-,-,-,-,4652.0000,4651.8000,4651.2000,4651.0000,4650.8000,4653.6000,4654.0000,4656.2000,4656.8000,4657.0000,1,2,1,2,1,1,1,1,1,1
SF,IC2006,2019-11-29 09:34:54.600,4652.4000,17859,0,103305480.000,0,-,-,-,-,4652.2000,4651.8000,4651.2000,4651.0000,4650.8000,4653.6000,4654.0000,4656.2000,4656.8000,4657.0000,2,1,1,2,1,1,1,1,1,1
SF,IC2006,2019-11-29 09:34:55.100,4654.0000,17859,0,105167000.000,2,1,1,多换,S,4653.6000,4652.4000,4652.2000,4651.8000,4651.2000,4656.2000,4656.8000,4657.0000,4657.6000,4658.0000,1,1,1,1,1,1,1,1,3,1
SF,IC2006,2019-11-29 09:34:55.600,4654.0000,17859,0,105167000.000,0,-,-,-,-,4653.8000,4653.6000,4652.4000,4651.8000,4651.2000,4656.0000,4656.2000,4656.8000,4657.0000,4657.6000,1,1,1,1,1,2,1,1,1,3
SF,IC2006,2019-11-29 09:34:56.100,4654.0000,17859,0,105167000.000,0,-,-,-,-,4653.8000,4652.4000,4651.8000,4651.2000,4651.0000,4656.0000,4656.2000,4656.8000,4657.0000,4657.6000,1,1,1,1,2,2,1,1,1,3
SF,IC2006,2019-11-29 09:34:56.600,4654.0000,17859,0,105167000.000,0,-,-,-,-,4654.0000,4651.2000,4651.0000,4650.8000,4650.6000,4656.0000,4656.2000,4656.8000,4657.0000,4657.6000,1,1,2,1,1,2,1,1,1,3
SF,IC2006,2019-11-29 09:34:57.100,4654.0000,17859,0,105167000.000,0,-,-,-,-,4654.0000,4651.2000,4651.0000,4650.8000,4650.6000,4656.0000,4656.2000,4656.8000,4657.0000,4657.6000,1,1,2,1,1,2,1,1,1,3
SF,IC2006,2019-11-29 09:34:57.600,4654.0000,17859,0,105167000.000,0,-,-,-,-,4654.0000,4651.2000,4651.0000,4650.8000,4650.6000,4656.0000,4656.2000,4656.8000,4657.0000,4657.6000,1,1,2,1,1,1,1,1,1,3
SF,IC2006,2019-11-29 09:34:58.100,4654.0000,17859,0,105167000.000,0,-,-,-,-,4654.0000,4651.2000,4651.0000,4650.8000,4650.6000,4655.8000,4656.0000,4656.2000,4656.8000,4657.0000,1,1,2,1,1,1,1,1,1,1
SF,IC2006,2019-11-29 09:34:58.600,4654.0000,17859,0,105167000.000,0,-,-,-,-,4651.2000,4651.0000,4650.8000,4650.6000,4650.0000,4654.0000,4655.6000,4655.8000,4656.2000,4656.8000,1,2,1,1,4,1,1,1,1,1
SF,IC2006,2019-11-29 09:34:59.100,4654.0000,17859,0,105167000.000,0,-,-,-,-,4651.4000,4651.2000,4651.0000,4650.8000,4650.6000,4655.6000,4655.8000,4656.2000,4656.8000,4657.0000,2,1,2,1,1,1,1,1,1,1
SF,IC2006,2019-11-29 09:34:59.600,4654.0000,17859,0,105167000.000,0,-,-,-,-,4652.0000,4651.6000,4651.4000,4651.2000,4651.0000,4655.6000,4655.8000,4656.2000,4656.8000,4657.0000,1,1,1,1,2,1,1,1,1,1
SF,IC2006,2019-11-29 09:35:00.100,4654.0000,17859,0,105167000.000,0,-,-,-,-,4652.2000,4652.0000,4651.2000,4651.0000,4650.8000,4654.0000,4655.6000,4655.8000,4656.2000,4656.8000,3,1,1,2,1,1,1,1,1,1
SF,IC2006,2019-11-29 09:35:00.600,4654.0000,17859,0,106097800.000,1,0,1,多换,S,4652.4000,4652.2000,4652.0000,4651.2000,4651.0000,4655.8000,4656.2000,4656.8000,4657.0000,4657.6000,1,3,1,1,2,1,1,1,1,2
SF,IC2006,2019-11-29 09:35:01.100,4654.0000,17859,0,106097800.000,0,-,-,-,-,4654.0000,4652.8000,4652.6000,4652.2000,4651.2000,4655.6000,4656.2000,4656.8000,4657.0000,4657.6000,1,1,2,2,1,1,1,1,1,2
SF,IC2006,2019-11-29 09:35:01.600,4654.0000,17859,0,106097800.000,0,-,-,-,-,4654.2000,4654.0000,4652.8000,4652.6000,4652.2000,4655.6000,4656.2000,4656.8000,4657.0000,4657.6000,1,1,1,2,1,1,1,1,1,2
SF,IC2006,2019-11-29 09:35:02.100,4654.0000,17859,0,106097800.000,0,-,-,-,-,4654.2000,4654.0000,4652.6000,4652.2000,4651.2000,4655.6000,4656.2000,4656.8000,4657.0000,4658.0000,1,1,2,1,1,1,1,1,1,1
SF,IC2006,2019-11-29 09:35:04.600,4655.6000,17858,-1,107028920.000,1,0,1,双平,S,4654.4000,4654.2000,4654.0000,4652.6000,4652.2000,4656.2000,4656.8000,4657.0000,4658.0000,4659.6000,1,1,1,1,1,1,1,1,1,2
SF,IC2006,2019-11-29 09:35:05.100,4655.6000,17858,0,107028920.000,0,-,-,-,-,4654.6000,4654.0000,4652.6000,4652.2000,4651.2000,4656.2000,4656.8000,4657.0000,4658.0000,4659.6000,2,1,1,1,1,1,1,1,1,2
SF,IC2006,2019-11-29 09:35:05.600,4655.6000,17858,0,107028920.000,0,-,-,-,-,4654.8000,4654.6000,4654.0000,4652.6000,4652.2000,4656.2000,4656.8000,4657.0000,4658.0000,4659.6000,1,2,1,1,1,1,1,1,1,2
SF,IC2006,2019-11-29 09:35:06.100,4654.8000,17857,-1,107959880.000,1,0,1,双平,S,4654.6000,4654.0000,4652.6000,4651.2000,4651.0000,4656.0000,4656.2000,4656.8000,4657.0000,4658.0000,2,1,1,1,2,1,1,1,1,1
SF,IC2006,2019-11-29 09:35:06.600,4654.8000,17857,0,107959880.000,0,-,-,-,-,4654.6000,4654.0000,4652.6000,4651.2000,4651.0000,4656.2000,4656.8000,4657.0000,4658.0000,4659.6000,2,1,1,1,2,1,1,1,1,2
SF,IC2006,2019-11-29 09:35:07.100,4654.8000,17857,0,107959880.000,0,-,-,-,-,4654.6000,4654.0000,4652.6000,4651.2000,4651.0000,4656.0000,4656.2000,4656.8000,4657.0000,4658.0000,1,1,1,1,2,1,1,1,1,1
SF,IC2006,2019-11-29 09:35:07.600,4654.6000,17856,-1,108890800.000,1,0,1,双平,S,4654.0000,4652.6000,4651.2000,4651.0000,4650.8000,4656.0000,4656.2000,4656.8000,4657.0000,4658.0000,1,1,1,2,1,1,1,1,1,1
SF,IC2006,2019-11-29 09:35:08.100,4654.6000,17856,0,108890800.000,0,-,-,-,-,4654.2000,4654.0000,4652.6000,4651.2000,4651.0000,4656.0000,4656.2000,4656.8000,4657.0000,4658.0000,1,1,1,1,2,1,1,1,1,1
SF,IC2006,2019-11-29 09:35:08.600,4654.6000,17856,0,108890800.000,0,-,-,-,-,4654.2000,4654.0000,4652.6000,4651.2000,4651.0000,4655.8000,4656.0000,4656.2000,4656.8000,4657.0000,1,1,1,1,2,1,1,1,1,1
SF,IC2006,2019-11-29 09:35:09.100,4654.6000,17856,0,108890800.000,0,-,-,-,-,4654.2000,4654.0000,4652.6000,4651.2000,4651.0000,4655.6000,4655.8000,4656.2000,4656.8000,4657.0000,1,1,1,1,2,1,1,1,1,1
SF,IC2006,2019-11-29 09:35:09.600,4654.6000,17856,0,108890800.000,0,-,-,-,-,4654.2000,4654.0000,4652.6000,4651.2000,4651.0000,4655.6000,4655.8000,4656.2000,4656.8000,4657.0000,1,3,1,1,2,1,1,1,1,1
SF,IC2006,2019-11-29 09:35:10.100,4654.6000,17856,0,108890800.000,0,-,-,-,-,4654.2000,4654.0000,4652.6000,4651.2000,4651.0000,4655.6000,4655.8000,4656.2000,4656.8000,4657.0000,1,3,1,1,2,1,1,1,1,1
SF,IC2006,2019-11-29 09:35:11.100,4654.2000,17855,-1,109821640.000,1,0,1,双平,S,4654.0000,4652.6000,4651.2000,4651.0000,4650.8000,4655.6000,4655.8000,4656.2000,4656.8000,4657.0000,2,1,1,2,1,1,1,1,1,1
SF,IC2006,2019-11-29 09:35:12.100,4654.2000,17855,0,109821640.000,0,-,-,-,-,4654.0000,4652.6000,4651.2000,4651.0000,4650.8000,4655.2000,4655.6000,4655.8000,4656.2000,4656.8000,2,1,1,2,1,1,1,1,1,1
SF,IC2006,2019-11-29 09:35:12.600,4654.0000,17855,0,111683240.000,2,1,1,多换,S,4651.2000,4651.0000,4650.8000,4650.6000,4650.0000,4655.0000,4655.2000,4656.2000,4656.8000,4657.0000,1,2,1,1,4,1,1,1,1,1
SF,IC2006,2019-11-29 09:35:13.100,4654.0000,17855,0,111683240.000,0,-,-,-,-,4651.4000,4651.2000,4651.0000,4650.8000,4650.6000,4654.6000,4655.0000,4655.2000,4656.2000,4656.8000,2,1,2,1,2,1,1,1,1,1
SF,IC2006,2019-11-29 09:35:13.600,4654.0000,17855,0,111683240.000,0,-,-,-,-,4651.6000,4651.4000,4651.2000,4651.0000,4650.8000,4654.4000,4654.6000,4655.2000,4656.2000,4656.8000,1,1,1,2,1,1,1,1,1,1
SF,IC2006,2019-11-29 09:35:14.100,4654.0000,17855,0,111683240.000,0,-,-,-,-,4651.8000,4651.2000,4651.0000,4650.8000,4650.6000,4654.4000,4654.6000,4655.2000,4656.2000,4656.8000,2,1,2,1,2,1,1,1,1,1
SF,IC2006,2019-11-29 09:35:14.600,4654.0000,17855,0,111683240.000,0,-,-,-,-,4652.0000,4651.8000,4651.2000,4651.0000,4650.8000,4654.4000,4654.6000,4655.2000,4656.2000,4656.8000,1,1,1,2,1,1,1,1,1,1
SF,IC2006,2019-11-29 09:35:15.100,4654.0000,17855,0,111683240.000,0,-,-,-,-,4652.2000,4651.2000,4651.0000,4650.8000,4650.6000,4654.6000,4655.2000,4656.2000,4656.8000,4657.0000,4,1,2,1,2,1,1,1,1,1
SF,IC2006,2019-11-29 09:35:15.600,4654.0000,17855,0,111683240.000,0,-,-,-,-,4652.4000,4652.2000,4651.2000,4651.0000,4650.8000,4654.4000,4654.6000,4655.2000,4656.2000,4656.8000,2,4,1,2,1,1,1,1,1,1
SF,IC2006,2019-11-29 09:35:16.100,4654.4000,17854,-1,112614120.000,1,0,1,双平,S,4652.6000,4652.4000,4652.2000,4651.2000,4651.0000,4655.2000,4656.2000,4656.8000,4657.0000,4658.0000,2,1,2,1,2,1,1,1,1,1
SF,IC2006,2019-11-29 09:35:16.600,4654.4000,17854,0,112614120.000,0,-,-,-,-,4652.8000,4652.6000,4652.4000,4652.2000,4651.2000,4655.0000,4656.2000,4656.8000,4657.0000,4658.0000,1,3,1,1,1,1,1,1,1,1
SF,IC2006,2019-11-29 09:35:17.100,4655.0000,17853,-1,113545120.000,1,0,1,双平,S,4653.0000,4652.6000,4652.4000,4652.2000,4651.2000,4656.2000,4656.8000,4657.0000,4658.0000,4659.6000,2,1,1,1,1,1,1,1,1,2
SF,IC2006,2019-11-29 09:35:17.600,4655.0000,17853,0,113545120.000,0,-,-,-,-,4653.2000,4653.0000,4652.4000,4652.2000,4651.2000,4655.8000,4656.0000,4656.2000,4656.8000,4657.0000,1,3,1,1,1,1,1,1,1,1
SF,IC2006,2019-11-29 09:35:18.100,4655.0000,17853,0,113545120.000,0,-,-,-,-,4653.4000,4653.0000,4652.4000,4652.2000,4651.0000,4655.6000,4655.8000,4656.2000,4656.8000,4657.0000,2,2,1,1,2,1,1,1,1,1
SF,IC2006,2019-11-29 09:35:18.600,4655.0000,17853,0,113545120.000,0,-,-,-,-,4653.6000,4653.4000,4653.0000,4652.4000,4651.0000,4655.6000,4655.8000,4656.2000,4656.8000,4657.0000,1,1,2,1,2,1,1,1,1,1
SF,IC2006,2019-11-29 09:35:19.100,4653.4000,17852,-1,114475800.000,1,0,1,双平,S,4652.4000,4651.0000,4650.8000,4650.6000,4650.0000,4655.6000,4655.8000,4656.2000,4656.8000,4657.0000,1,2,1,2,4,1,1,1,1,1
SF,IC2006,2019-11-29 09:35:19.600,4653.4000,17852,0,114475800.000,0,-,-,-,-,4652.6000,4652.4000,4651.0000,4650.8000,4650.6000,4655.6000,4655.8000,4656.2000,4656.8000,4657.0000,1,1,2,1,2,1,1,1,1,1
SF,IC2006,2019-11-29 09:35:20.100,4653.4000,17852,0,114475800.000,0,-,-,-,-,4652.8000,4652.6000,4652.4000,4651.0000,4650.8000,4655.2000,4655.6000,4655.8000,4656.2000,4656.8000,1,1,1,2,1,1,1,1,1,1
SF,IC2006,2019-11-29 09:35:20.600,4653.4000,17852,0,114475800.000,0,-,-,-,-,4653.0000,4652.8000,4652.4000,4651.0000,4650.8000,4655.0000,4655.2000,4656.2000,4656.8000,4657.0000,1,1,1,2,1,1,1,1,1,1
SF,IC2006,2019-11-29 09:35:21.100,4653.4000,17852,0,114475800.000,0,-,-,-,-,4653.0000,4652.8000,4652.4000,4651.0000,4650.8000,4654.8000,4655.0000,4656.2000,4656.8000,4657.0000,1,1,1,2,1,1,1,1,1,1
SF,IC2006,2019-11-29 09:35:21.600,4653.4000,17852,0,114475800.000,0,-,-,-,-,4653.2000,4653.0000,4652.4000,4651.0000,4650.8000,4654.8000,4655.0000,4656.2000,4656.8000,4657.0000,1,1,1,2,1,1,1,1,1,1
SF,IC2006,2019-11-29 09:35:22.100,4653.4000,17852,0,114475800.000,0,-,-,-,-,4653.4000,4652.4000,4651.0000,4650.8000,4650.6000,4654.4000,4654.8000,4655.0000,4656.2000,4656.8000,3,1,2,1,2,1,1,1,1,1
SF,IC2006,2019-11-29 09:35:22.600,4654.4000,17852,0,115406680.000,1,0,1,多换,S,4654.6000,4653.6000,4653.4000,4652.4000,4651.0000,4654.8000,4655.0000,4656.2000,4656.8000,4657.0000,2,1,2,1,2,1,1,1,1,1
SF,IC2006,2019-11-29 09:35:23.100,4654.6000,17849,-3,118199440.000,3,0,3,双平,S,4653.6000,4653.4000,4652.4000,4651.0000,4650.8000,4655.0000,4656.2000,4656.8000,4657.0000,4658.0000,1,2,1,2,1,1,1,1,1,1
SF,IC2006,2019-11-29 09:35:23.600,4654.6000,17849,0,118199440.000,0,-,-,-,-,4653.8000,4653.4000,4652.4000,4651.0000,4650.8000,4656.2000,4656.8000,4657.0000,4658.0000,4659.6000,2,1,1,2,1,1,1,1,1,2
SF,IC2006,2019-11-29 09:35:24.100,4654.6000,17849,0,118199440.000,0,-,-,-,-,4653.4000,4652.4000,4651.0000,4650.8000,4650.6000,4655.8000,4656.0000,4656.2000,4656.8000,4657.0000,1,1,2,1,2,1,1,1,1,1
SF,IC2006,2019-11-29 09:35:24.600,4654.6000,17849,0,118199440.000,0,-,-,-,-,4653.6000,4653.4000,4652.4000,4651.0000,4650.8000,4655.6000,4655.8000,4656.2000,4656.8000,4657.0000,2,1,1,2,1,1,1,1,1,1
SF,IC2006,2019-11-29 09:35:25.100,4654.6000,17849,0,118199440.000,0,-,-,-,-,4653.8000,4653.6000,4653.4000,4652.4000,4651.0000,4656.2000,4656.8000,4657.0000,4658.0000,4659.6000,1,1,1,1,2,1,1,1,1,2
SF,IC2006,2019-11-29 09:35:25.600,4654.6000,17849,0,118199440.000,0,-,-,-,-,4654.0000,4653.4000,4652.4000,4651.0000,4650.8000,4656.0000,4656.2000,4656.8000,4657.0000,4658.0000,2,1,1,2,1,1,1,1,1,1
SF,IC2006,2019-11-29 09:35:26.100,4654.6000,17849,0,118199440.000,0,-,-,-,-,4654.2000,4654.0000,4653.4000,4652.4000,4651.0000,4656.0000,4656.2000,4656.8000,4657.0000,4658.0000,1,1,1,1,2,1,1,1,1,1
SF,IC2006,2019-11-29 09:35:26.600,4654.6000,17849,0,118199440.000,0,-,-,-,-,4654.4000,4654.2000,4653.4000,4652.4000,4651.0000,4656.0000,4656.2000,4656.8000,4657.0000,4658.0000,1,1,1,1,2,1,1,1,1,1
SF,IC2006,2019-11-29 09:35:27.100,4654.6000,17849,0,118199440.000,0,-,-,-,-,4654.6000,4654.4000,4653.4000,4652.4000,4651.0000,4656.2000,4656.8000,4657.0000,4658.0000,4659.6000,1,1,1,1,2,1,1,1,1,2
SF,IC2006,2019-11-29 09:35:27.600,4654.6000,17849,0,118199440.000,0,-,-,-,-,4654.8000,4654.6000,4653.4000,4652.4000,4651.0000,4656.2000,4656.8000,4657.0000,4658.0000,4659.6000,1,1,1,1,2,1,1,1,1,2
SF,IC2006,2019-11-29 09:35:28.100,4654.6000,17849,0,118199440.000,0,-,-,-,-,4655.0000,4654.8000,4653.4000,4652.4000,4651.0000,4656.2000,4656.8000,4657.0000,4658.0000,4659.6000,1,1,1,1,2,1,1,1,1,2
SF,IC2006,2019-11-29 09:35:28.600,4654.6000,17849,0,118199440.000,0,-,-,-,-,4654.8000,4653.4000,4652.4000,4651.0000,4650.8000,4656.2000,4656.8000,4657.0000,4658.0000,4659.6000,1,1,1,2,1,1,1,1,1,2
SF,IC2006,2019-11-29 09:35:29.100,4654.6000,17849,0,118199440.000,0,-,-,-,-,4653.4000,4652.4000,4651.0000,4650.8000,4650.6000,4656.0000,4656.2000,4656.8000,4657.0000,4658.0000,1,1,2,1,2,1,1,1,1,1
SF,IC2006,2019-11-29 09:35:29.600,4654.6000,17849,0,118199440.000,0,-,-,-,-,4653.6000,4653.4000,4652.4000,4651.0000,4650.8000,4656.0000,4656.2000,4656.8000,4657.0000,4658.0000,2,1,1,2,1,1,1,1,1,1
SF,IC2006,2019-11-29 09:35:30.100,4654.6000,17849,0,118199440.000,0,-,-,-,-,4653.8000,4653.6000,4653.4000,4652.4000,4651.0000,4656.0000,4656.2000,4656.8000,4657.0000,4658.0000,1,1,1,1,2,1,1,1,1,1
SF,IC2006,2019-11-29 09:35:30.600,4654.6000,17849,0,118199440.000,0,-,-,-,-,4654.0000,4653.4000,4652.4000,4651.0000,4650.8000,4655.8000,4656.0000,4656.2000,4656.8000,4657.0000,2,1,1,2,1,1,1,1,1,1
SF,IC2006,2019-11-29 09:35:31.100,4654.6000,17849,0,118199440.000,0,-,-,-,-,4654.2000,4654.0000,4653.4000,4652.4000,4651.0000,4655.8000,4656.0000,4656.2000,4656.8000,4657.0000,1,1,1,1,2,1,1,1,1,1
SF,IC2006,2019-11-29 09:35:31.600,4654.6000,17849,0,118199440.000,0,-,-,-,-,4654.4000,4653.4000,4652.4000,4651.0000,4650.8000,4655.8000,4656.0000,4656.2000,4656.8000,4657.0000,2,1,1,2,1,1,1,1,1,1
SF,IC2006,2019-11-29 09:35:33.100,4654.6000,17849,0,118199440.000,0,-,-,-,-,4654.4000,4653.4000,4652.4000,4651.0000,4650.8000,4655.8000,4656.0000,4656.2000,4656.8000,4657.0000,1,1,1,2,1,1,1,1,1,1
SF,IC2006,2019-11-29 09:35:34.600,4654.6000,17849,0,118199440.000,0,-,-,-,-,4654.6000,4654.4000,4653.4000,4652.4000,4651.0000,4655.8000,4656.0000,4656.2000,4656.8000,4657.0000,1,1,1,1,2,1,1,1,1,1
SF,IC2006,2019-11-29 09:35:35.100,4654.6000,17849,0,118199440.000,0,-,-,-,-,4654.8000,4653.4000,4652.4000,4651.0000,4650.8000,4655.8000,4656.2000,4656.8000,4657.0000,4658.0000,2,1,1,2,1,1,1,1,1,1
SF,IC2006,2019-11-29 09:35:35.600,4654.6000,17849,0,118199440.000,0,-,-,-,-,4654.8000,4653.4000,4652.4000,4651.0000,4650.8000,4655.8000,4656.2000,4656.8000,4657.0000,4658.0000,2,1,1,2,1,1,1,1,1,1
SF,IC2006,2019-11-29 09:35:36.600,4654.6000,17849,0,118199440.000,0,-,-,-,-,4654.8000,4653.4000,4652.4000,4651.0000,4650.8000,4655.8000,4656.2000,4656.8000,4657.0000,4658.0000,1,1,1,2,1,1,1,1,1,1
SF,IC2006,2019-11-29 09:35:40.600,4654.8000,17848,-1,119130400.000,1,0,1,双平,S,4653.4000,4652.4000,4651.0000,4650.8000,4650.6000,4655.8000,4656.2000,4656.8000,4657.0000,4658.0000,1,1,2,1,2,1,1,1,1,1
SF,IC2006,2019-11-29 09:35:41.100,4654.8000,17848,0,119130400.000,0,-,-,-,-,4653.6000,4653.4000,4652.4000,4651.0000,4650.8000,4655.6000,4655.8000,4656.2000,4656.8000,4657.0000,2,1,1,2,1,1,1,1,1,1
SF,IC2006,2019-11-29 09:35:41.600,4654.8000,17848,0,119130400.000,0,-,-,-,-,4653.8000,4653.6000,4653.4000,4652.4000,4651.0000,4655.6000,4655.8000,4656.2000,4656.8000,4657.0000,1,1,1,1,2,1,1,1,1,1
SF,IC2006,2019-11-29 09:35:42.100,4654.8000,17848,0,119130400.000,0,-,-,-,-,4654.0000,4653.4000,4652.4000,4651.0000,4650.8000,4655.6000,4655.8000,4656.2000,4656.8000,4657.0000,2,1,1,2,1,1,1,1,1,1
SF,IC2006,2019-11-29 09:35:43.100,4654.8000,17848,0,119130400.000,0,-,-,-,-,4654.0000,4653.4000,4652.4000,4651.0000,4650.8000,4655.6000,4655.8000,4656.2000,4656.8000,4657.0000,1,1,1,2,1,1,1,1,1,1
SF,IC2006,2019-11-29 09:35:43.600,4654.8000,17848,0,119130400.000,0,-,-,-,-,4653.4000,4652.4000,4651.0000,4650.8000,4650.6000,4655.6000,4655.8000,4656.2000,4656.8000,4657.0000,1,1,2,1,2,1,1,1,1,1
SF,IC2006,2019-11-29 09:35:44.100,4654.8000,17848,0,119130400.000,0,-,-,-,-,4653.6000,4653.4000,4652.4000,4651.0000,4650.8000,4655.6000,4655.8000,4656.2000,4656.8000,4657.0000,1,1,1,2,1,1,1,1,1,1
SF,IC2006,2019-11-29 09:35:44.600,4654.8000,17848,0,119130400.000,0,-,-,-,-,4653.8000,4653.4000,4652.4000,4651.0000,4650.8000,4655.6000,4655.8000,4656.2000,4656.8000,4657.0000,1,1,1,2,1,1,1,1,1,1
SF,IC2006,2019-11-29 09:35:45.100,4654.8000,17848,0,119130400.000,0,-,-,-,-,4653.8000,4653.4000,4651.0000,4650.8000,4650.6000,4655.6000,4655.8000,4656.2000,4656.8000,4657.0000,1,1,2,1,2,1,1,1,1,1
SF,IC2006,2019-11-29 09:35:45.600,4654.8000,17848,0,119130400.000,0,-,-,-,-,4653.8000,4653.4000,4651.0000,4650.8000,4650.6000,4655.4000,4655.6000,4655.8000,4656.2000,4656.8000,1,1,2,1,2,1,1,1,1,1
SF,IC2006,2019-11-29 09:35:46.100,4654.8000,17848,0,119130400.000,0,-,-,-,-,4654.0000,4653.4000,4651.0000,4650.8000,4650.6000,4655.2000,4655.4000,4655.8000,4656.2000,4656.8000,1,1,2,1,2,1,1,1,1,1
SF,IC2006,2019-11-29 09:35:46.600,4654.8000,17848,0,119130400.000,0,-,-,-,-,4654.0000,4653.4000,4651.0000,4650.8000,4650.6000,4655.2000,4655.4000,4655.8000,4656.2000,4656.8000,1,1,2,1,1,1,1,1,1,1
SF,IC2006,2019-11-29 09:35:47.100,4654.8000,17848,0,119130400.000,0,-,-,-,-,4654.0000,4653.4000,4651.0000,4650.8000,4650.6000,4655.2000,4655.8000,4656.2000,4656.8000,4657.0000,1,1,2,1,1,1,1,1,1,1
SF,IC2006,2019-11-29 09:35:47.600,4654.8000,17848,0,119130400.000,0,-,-,-,-,4654.0000,4653.4000,4651.0000,4650.8000,4650.6000,4655.2000,4655.8000,4656.2000,4656.8000,4657.0000,1,1,2,1,1,1,1,1,1,2
SF,IC2006,2019-11-29 09:35:48.100,4654.8000,17848,0,119130400.000,0,-,-,-,-,4654.0000,4653.4000,4651.0000,4650.8000,4650.6000,4655.2000,4655.4000,4655.8000,4656.2000,4656.8000,1,1,2,1,1,1,2,1,1,1
SF,IC2006,2019-11-29 09:35:49.600,4654.8000,17848,0,119130400.000,0,-,-,-,-,4654.2000,4653.4000,4651.0000,4650.8000,4650.6000,4655.2000,4655.4000,4655.8000,4656.2000,4656.8000,1,1,2,1,1,1,2,1,1,1
SF,IC2006,2019-11-29 09:35:52.100,4654.8000,17848,0,119130400.000,0,-,-,-,-,4654.2000,4653.4000,4651.0000,4650.8000,4650.6000,4655.2000,4655.4000,4655.8000,4656.2000,4656.8000,1,1,2,1,1,1,2,1,1,1
SF,IC2006,2019-11-29 09:35:55.100,4654.8000,17848,0,119130400.000,0,-,-,-,-,4654.2000,4653.4000,4651.0000,4650.8000,4650.6000,4654.6000,4655.2000,4655.4000,4655.8000,4656.2000,1,1,2,1,1,1,1,2,1,1
SF,IC2006,2019-11-29 09:35:56.100,4654.8000,17848,0,119130400.000,0,-,-,-,-,4653.4000,4651.0000,4650.8000,4650.6000,4650.0000,4654.6000,4655.2000,4655.4000,4655.8000,4656.2000,1,2,1,1,4,1,1,2,1,1
SF,IC2006,2019-11-29 09:35:56.600,4654.8000,17848,0,119130400.000,0,-,-,-,-,4653.6000,4653.4000,4651.0000,4650.8000,4650.6000,4654.6000,4655.2000,4655.4000,4655.8000,4656.2000,2,1,2,1,1,1,1,2,1,1
SF,IC2006,2019-11-29 09:35:57.100,4654.8000,17848,0,119130400.000,0,-,-,-,-,4653.8000,4653.6000,4653.4000,4651.0000,4650.8000,4654.6000,4655.2000,4655.4000,4655.8000,4656.2000,1,1,1,2,1,1,1,2,1,1
SF,IC2006,2019-11-29 09:35:57.600,4654.8000,17848,0,119130400.000,0,-,-,-,-,4654.0000,4653.6000,4653.4000,4651.0000,4650.8000,4654.6000,4655.2000,4655.4000,4655.8000,4656.2000,1,1,1,2,1,1,1,2,1,1
SF,IC2006,2019-11-29 09:36:00.100,4654.8000,17848,0,119130400.000,0,-,-,-,-,4654.0000,4653.6000,4653.4000,4651.0000,4650.8000,4655.2000,4655.4000,4655.8000,4656.2000,4656.8000,1,1,1,2,1,1,2,1,1,1
SF,IC2006,2019-11-29 09:36:01.100,4654.8000,17848,0,119130400.000,0,-,-,-,-,4653.6000,4653.4000,4651.0000,4650.8000,4650.6000,4654.0000,4654.6000,4655.2000,4655.4000,4655.8000,1,1,2,1,1,1,1,1,2,1
SF,IC2006,2019-11-29 09:36:01.600,4653.4000,17847,-1,120991800.000,2,0,2,多平,S,4651.0000,4650.8000,4650.6000,4650.0000,4649.0000,4654.0000,4654.6000,4655.2000,4655.4000,4655.8000,2,1,1,4,1,1,1,1,2,1
SF,IC2006,2019-11-29 09:36:02.100,4653.4000,17847,0,120991800.000,0,-,-,-,-,4651.6000,4651.2000,4651.0000,4650.8000,4650.6000,4653.8000,4654.0000,4654.6000,4655.4000,4655.8000,1,2,2,1,1,1,1,1,2,1
SF,IC2006,2019-11-29 09:36:02.600,4653.4000,17847,0,120991800.000,0,-,-,-,-,4651.8000,4651.6000,4651.0000,4650.8000,4650.6000,4654.6000,4655.4000,4655.8000,4656.2000,4656.8000,3,1,2,1,1,1,2,1,1,1
SF,IC2006,2019-11-29 09:36:03.100,4653.4000,17847,0,120991800.000,0,-,-,-,-,4652.0000,4651.8000,4651.0000,4650.8000,4650.6000,4654.4000,4654.6000,4655.4000,4655.8000,4656.2000,1,2,2,1,1,1,1,2,1,1
SF,IC2006,2019-11-29 09:36:03.600,4653.4000,17847,0,120991800.000,0,-,-,-,-,4652.2000,4651.8000,4651.0000,4650.8000,4650.6000,4654.4000,4654.6000,4655.4000,4655.8000,4656.2000,2,1,2,1,1,1,1,2,1,1
SF,IC2006,2019-11-29 09:36:04.100,4653.4000,17847,0,120991800.000,0,-,-,-,-,4652.4000,4652.2000,4651.8000,4651.0000,4650.8000,4654.4000,4654.6000,4655.4000,4655.8000,4656.2000,1,1,1,2,1,1,1,2,1,1
SF,IC2006,2019-11-29 09:36:04.600,4653.4000,17847,0,120991800.000,0,-,-,-,-,4652.6000,4651.8000,4651.0000,4650.8000,4650.6000,4654.4000,4654.6000,4655.4000,4655.8000,4656.2000,2,1,2,1,1,1,1,2,1,1
SF,IC2006,2019-11-29 09:36:05.600,4653.4000,17847,0,120991800.000,0,-,-,-,-,4652.8000,4652.6000,4651.8000,4651.0000,4650.8000,4654.4000,4654.6000,4655.4000,4655.8000,4656.2000,1,1,1,2,1,1,1,2,1,1
SF,IC2006,2019-11-29 09:36:06.100,4653.4000,17847,0,120991800.000,0,-,-,-,-,4653.0000,4651.8000,4651.0000,4650.8000,4650.6000,4655.4000,4655.8000,4656.2000,4656.8000,4657.0000,2,1,2,1,1,2,1,1,1,2
SF,IC2006,2019-11-29 09:36:06.600,4653.4000,17847,0,120991800.000,0,-,-,-,-,4653.2000,4653.0000,4651.8000,4651.0000,4650.8000,4653.6000,4655.2000,4655.4000,4655.8000,4656.2000,1,1,1,2,1,1,1,2,1,1
SF,IC2006,2019-11-29 09:36:07.100,4653.6000,17847,0,121922520.000,1,0,1,多换,S,4653.4000,4651.8000,4651.0000,4650.8000,4650.6000,4655.2000,4655.4000,4656.2000,4656.8000,4657.0000,1,1,2,1,1,1,2,1,1,2
SF,IC2006,2019-11-29 09:36:08.100,4653.6000,17847,0,121922520.000,0,-,-,-,-,4653.6000,4653.4000,4651.0000,4650.8000,4650.6000,4655.2000,4655.4000,4656.2000,4656.8000,4657.0000,1,1,2,1,1,1,2,1,1,2
SF,IC2006,2019-11-29 09:36:08.600,4653.6000,17847,0,121922520.000,0,-,-,-,-,4653.8000,4653.6000,4651.0000,4650.8000,4650.6000,4655.2000,4655.4000,4656.2000,4656.8000,4657.0000,1,1,2,1,1,1,2,1,1,2
SF,IC2006,2019-11-29 09:36:09.100,4653.8000,17846,-1,122853280.000,1,0,1,双平,S,4653.6000,4651.0000,4650.8000,4650.6000,4650.0000,4655.2000,4655.4000,4656.2000,4656.8000,4657.0000,1,2,1,1,4,1,2,1,1,2
SF,IC2006,2019-11-29 09:36:09.600,4653.8000,17846,0,122853280.000,0,-,-,-,-,4651.0000,4650.8000,4650.6000,4650.0000,4649.0000,4655.2000,4655.4000,4656.2000,4656.8000,4657.0000,2,1,1,4,1,1,2,1,1,2
SF,IC2006,2019-11-29 09:36:10.100,4653.8000,17846,0,122853280.000,0,-,-,-,-,4651.8000,4651.2000,4651.0000,4650.8000,4650.6000,4653.6000,4655.2000,4655.4000,4656.2000,4656.8000,1,1,2,1,1,1,1,2,1,1
SF,IC2006,2019-11-29 09:36:10.600,4653.8000,17846,0,122853280.000,0,-,-,-,-,4652.2000,4652.0000,4651.8000,4651.0000,4650.8000,4653.6000,4655.2000,4655.4000,4656.2000,4656.8000,1,1,1,2,1,1,1,2,1,1
SF,IC2006,2019-11-29 09:36:11.100,4653.8000,17846,0,122853280.000,0,-,-,-,-,4652.2000,4652.0000,4651.8000,4651.0000,4650.8000,4653.6000,4655.2000,4655.4000,4656.2000,4656.8000,1,2,1,2,1,1,1,2,1,1
SF,IC2006,2019-11-29 09:36:11.600,4653.8000,17846,0,122853280.000,0,-,-,-,-,4652.0000,4651.8000,4651.0000,4650.8000,4650.6000,4653.4000,4653.6000,4655.4000,4656.2000,4656.8000,1,1,2,1,1,1,1,2,1,1
SF,IC2006,2019-11-29 09:36:12.100,4653.8000,17846,0,122853280.000,0,-,-,-,-,4652.0000,4651.8000,4651.0000,4650.8000,4650.6000,4653.6000,4655.4000,4656.2000,4656.8000,4657.0000,1,1,2,1,1,1,2,1,1,2
