市场代码,合约代码,时间,最新,持仓,增仓,成交额,成交量,开仓,平仓,成交类型,方向,买一价,买二价,买三价,买四价,买五价,卖一价,卖二价,卖三价,卖四价,卖五价,买一量,买二量,买三量,买四量,买五量,卖一量,卖二量,卖三量,卖四量,卖五量
SF,IC2007,2020-05-25 09:29:00.000,5200.2000,4631,0,3120120.000,3.000,-,-,-,-,5196.0000,5195.4000,5194.0000,5192.2000,5192.0000,5204.0000,5213.4000,5228.6000,5235.0000,5236.0000,1,1,1,5,1,5,2,1,1,2
SF,IC2007,2020-05-25 09:30:00.500,5203.8000,4631,0,4160880.000,1,0,1,多换,S,5201.4000,5196.2000,5196.0000,5194.0000,5192.2000,5204.0000,5208.8000,5213.4000,5235.0000,5254.8000,1,1,1,1,5,5,1,2,1,1
SF,IC2007,2020-05-25 09:30:01.000,5204.0000,4631,0,5201680.000,1,0,1,多换,S,5201.6000,5201.4000,5196.0000,5194.0000,5192.2000,5204.0000,5208.8000,5213.4000,5235.0000,5254.8000,1,1,1,1,5,4,1,2,1,1
SF,IC2007,2020-05-25 09:30:01.500,5202.0000,4631,0,7282880.000,2,1,1,多换,S,5202.0000,5201.6000,5201.4000,5196.0000,5194.0000,5204.0000,5208.8000,5213.4000,5235.0000,5254.8000,2,1,1,1,1,3,1,2,1,1
SF,IC2007,2020-05-25 09:30:02.000,5204.0000,4631,0,9364480.000,2,1,1,多换,S,5202.2000,5202.0000,5201.4000,5196.0000,5194.0000,5204.0000,5208.8000,5213.4000,5235.0000,5254.8000,1,2,1,1,1,1,1,2,1,1
SF,IC2007,2020-05-25 09:30:02.500,5204.0000,4631,0,10405280.000,1,0,1,多换,S,5202.6000,5202.4000,5202.2000,5202.0000,5201.4000,5208.8000,5213.4000,5235.0000,5254.8000,5255.0000,3,4,1,2,1,1,2,1,1,1
SF,IC2007,2020-05-25 09:30:03.000,5204.0000,4631,0,10405280.000,0,-,-,-,-,5203.8000,5202.8000,5202.6000,5202.4000,5201.4000,5208.8000,5213.4000,5235.0000,5254.8000,5255.0000,1,4,3,3,1,1,2,1,1,1
SF,IC2007,2020-05-25 09:30:03.500,5204.0000,4631,0,10405280.000,0,-,-,-,-,5205.6000,5204.0000,5203.8000,5202.8000,5202.6000,5208.8000,5213.4000,5235.0000,5254.8000,5255.0000,2,2,1,3,3,1,2,1,1,1
SF,IC2007,2020-05-25 09:30:04.000,5208.8000,4631,0,11447040.000,1,0,1,多换,S,5205.8000,5205.6000,5204.0000,5203.8000,5202.6000,5213.4000,5235.0000,5254.8000,5255.0000,5306.0000,1,2,2,1,3,2,1,1,1,1
SF,IC2007,2020-05-25 09:30:04.500,5208.8000,4631,0,11447040.000,0,-,-,-,-,5205.8000,5204.0000,5202.6000,5201.4000,5200.0000,5211.0000,5211.8000,5213.0000,5213.2000,5213.4000,1,2,2,1,1,1,1,1,1,2
SF,IC2007,2020-05-25 09:30:05.000,5208.8000,4631,0,11447040.000,0,-,-,-,-,5206.0000,5205.8000,5204.0000,5202.6000,5201.4000,5210.8000,5211.8000,5213.0000,5213.4000,5235.0000,3,1,2,2,1,2,1,1,2,1
SF,IC2007,2020-05-25 09:30:05.500,5208.8000,4631,0,11447040.000,0,-,-,-,-,5208.8000,5206.2000,5206.0000,5204.0000,5202.6000,5210.8000,5211.8000,5213.0000,5213.4000,5235.0000,1,1,3,1,2,2,1,1,2,1
SF,IC2007,2020-05-25 09:30:06.000,5208.8000,4631,0,12488800.000,1,0,1,多换,S,5206.2000,5206.0000,5204.0000,5202.6000,5201.4000,5211.8000,5213.0000,5235.0000,5254.8000,5255.0000,1,2,1,2,1,1,1,1,1,1
SF,IC2007,2020-05-25 09:30:06.500,5208.8000,4631,0,12488800.000,0,-,-,-,-,5206.2000,5206.0000,5204.0000,5202.6000,5201.4000,5208.8000,5211.6000,5235.0000,5254.8000,5255.0000,1,2,1,2,1,1,1,1,1,1
SF,IC2007,2020-05-25 09:30:07.000,5208.8000,4631,0,12488800.000,0,-,-,-,-,5206.2000,5206.0000,5204.0000,5202.6000,5201.4000,5235.0000,5254.8000,5255.0000,5306.0000,5308.6000,1,2,1,2,1,1,1,1,1,1
SF,IC2007,2020-05-25 09:30:07.500,5208.8000,4631,0,12488800.000,0,-,-,-,-,5207.2000,5206.4000,5206.2000,5206.0000,5204.0000,5211.8000,5212.2000,5214.2000,5216.4000,5217.2000,1,4,1,2,1,1,1,1,1,2
SF,IC2007,2020-05-25 09:30:08.000,5208.8000,4631,0,12488800.000,0,-,-,-,-,5207.4000,5206.0000,5202.6000,5201.4000,5200.0000,5211.6000,5214.2000,5216.4000,5233.2000,5234.8000,1,2,1,1,1,1,1,1,6,3
SF,IC2007,2020-05-25 09:30:08.500,5208.8000,4631,0,12488800.000,0,-,-,-,-,5207.4000,5207.2000,5202.6000,5201.4000,5200.0000,5214.2000,5216.4000,5233.2000,5234.8000,5235.0000,1,1,1,1,1,1,1,2,3,1
SF,IC2007,2020-05-25 09:30:09.000,5208.8000,4631,0,12488800.000,0,-,-,-,-,5207.8000,5207.4000,5207.2000,5202.6000,5201.4000,5212.6000,5213.0000,5214.0000,5214.2000,5216.4000,2,1,1,1,1,1,1,1,1,1
SF,IC2007,2020-05-25 09:30:09.500,5207.8000,4630,-1,14571960.000,2,0,2,多平,S,5207.8000,5202.6000,5201.4000,5200.0000,5196.0000,5212.0000,5212.4000,5214.2000,5216.4000,5219.8000,1,1,1,1,1,1,2,1,1,1
SF,IC2007,2020-05-25 09:30:10.000,5202.6000,4629,-1,16654040.000,2,0,2,多平,S,5201.4000,5200.0000,5196.0000,5194.0000,5192.2000,5202.6000,5211.8000,5212.0000,5212.4000,5219.8000,1,1,1,1,5,2,1,1,1,1
SF,IC2007,2020-05-25 09:30:10.500,5211.8000,4628,-1,19777440.000,3,1,2,多平,S,5207.2000,5205.4000,5203.0000,5202.8000,5202.6000,5212.0000,5212.4000,5219.8000,5234.8000,5235.0000,1,1,6,8,9,1,1,1,3,1
SF,IC2007,2020-05-25 09:30:11.000,5207.2000,4627,-1,20818880.000,1,0,1,双平,S,5207.4000,5203.0000,5202.8000,5202.6000,5201.8000,5211.0000,5211.8000,5219.8000,5234.8000,5235.0000,1,6,7,10,1,1,1,1,3,1
SF,IC2007,2020-05-25 09:30:11.500,5207.2000,4626,-1,21860320.000,1,0,1,双平,S,5204.8000,5203.0000,5202.8000,5202.6000,5201.8000,5210.2000,5210.4000,5211.0000,5219.8000,5234.8000,1,6,7,8,1,1,1,1,1,3
SF,IC2007,2020-05-25 09:30:12.000,5207.2000,4626,0,21860320.000,0,-,-,-,-,5205.2000,5205.0000,5204.8000,5204.2000,5203.6000,5210.0000,5210.8000,5211.0000,5211.6000,5219.8000,1,1,1,1,1,1,1,1,1,1
SF,IC2007,2020-05-25 09:30:12.500,5210.0000,4626,0,22902320.000,1,0,1,多换,S,5206.0000,5205.4000,5205.2000,5205.0000,5204.8000,5211.0000,5211.6000,5219.8000,5234.8000,5235.0000,1,1,1,1,1,1,1,1,3,1
SF,IC2007,2020-05-25 09:30:13.000,5210.0000,4626,0,22902320.000,0,-,-,-,-,5210.0000,5204.8000,5204.2000,5203.6000,5203.0000,5210.8000,5211.6000,5219.8000,5234.8000,5235.0000,1,1,1,1,6,1,1,1,3,1
SF,IC2007,2020-05-25 09:30:13.500,5210.8000,4624,-2,24986480.000,2,0,2,双平,S,5204.8000,5204.2000,5203.6000,5203.0000,5202.8000,5211.6000,5219.8000,5234.8000,5235.0000,5254.8000,1,1,1,6,10,1,1,3,1,1
SF,IC2007,2020-05-25 09:30:14.000,5210.8000,4624,0,24986480.000,0,-,-,-,-,5207.2000,5206.8000,5206.2000,5205.2000,5205.0000,5210.0000,5211.6000,5219.8000,5234.8000,5235.0000,1,1,1,2,4,1,1,1,3,1
SF,IC2007,2020-05-25 09:30:14.500,5210.2000,4624,0,26028520.000,1,0,1,多换,S,5210.2000,5207.8000,5207.4000,5207.2000,5206.2000,5211.0000,5219.8000,5234.8000,5235.0000,5254.8000,1,1,1,1,1,1,1,3,1,1
SF,IC2007,2020-05-25 09:30:15.000,5211.0000,4623,-1,27070720.000,1,0,1,双平,S,5207.2000,5206.2000,5206.0000,5205.0000,5204.2000,5219.8000,5234.8000,5235.0000,5254.8000,5255.0000,1,1,1,3,1,1,3,1,1,1
SF,IC2007,2020-05-25 09:30:15.500,5211.0000,4623,0,27070720.000,0,-,-,-,-,5210.6000,5208.6000,5207.8000,5207.4000,5207.2000,5214.2000,5215.0000,5215.2000,5215.6000,5216.4000,1,1,1,3,1,1,1,1,1,1
SF,IC2007,2020-05-25 09:30:16.000,5210.6000,4623,0,28112840.000,1,0,1,多换,S,5211.2000,5208.6000,5207.2000,5206.2000,5206.0000,5214.2000,5215.6000,5216.4000,5218.2000,5218.8000,1,1,1,1,1,1,1,1,2,2
SF,IC2007,2020-05-25 09:30:16.500,5211.0000,4622,-1,29155040.000,1,0,1,双平,S,5207.2000,5206.2000,5206.0000,5205.6000,5205.0000,5213.4000,5213.8000,5214.0000,5214.2000,5215.6000,1,2,1,2,3,1,1,2,1,1
SF,IC2007,2020-05-25 09:30:17.000,5211.0000,4622,0,29155040.000,0,-,-,-,-,5210.6000,5207.4000,5207.2000,5206.2000,5206.0000,5211.2000,5213.4000,5213.8000,5214.0000,5214.2000,1,1,1,2,1,1,1,1,2,1
SF,IC2007,2020-05-25 09:30:17.500,5211.0000,4620,-2,31239440.000,2,0,2,双平,S,5210.6000,5207.2000,5206.2000,5206.0000,5205.6000,5214.2000,5215.6000,5216.4000,5217.0000,5218.2000,1,1,2,1,2,1,1,1,1,2
SF,IC2007,2020-05-25 09:30:18.000,5210.6000,4619,-1,32281560.000,1,0,1,双平,S,5207.2000,5206.2000,5206.0000,5205.6000,5205.0000,5214.2000,5215.6000,5216.4000,5217.0000,5219.8000,1,2,1,2,3,1,1,1,1,1
SF,IC2007,2020-05-25 09:30:18.500,5210.6000,4619,0,32281560.000,0,-,-,-,-,5207.2000,5206.2000,5206.0000,5205.6000,5205.0000,5210.6000,5212.2000,5212.4000,5213.6000,5214.0000,1,1,1,2,3,1,1,1,1,1
SF,IC2007,2020-05-25 09:30:19.000,5210.6000,4619,0,32281560.000,0,-,-,-,-,5207.4000,5206.0000,5205.6000,5205.0000,5204.2000,5212.2000,5212.4000,5213.6000,5214.2000,5215.0000,1,1,2,3,1,1,1,1,1,1
SF,IC2007,2020-05-25 09:30:19.500,5210.6000,4619,0,32281560.000,0,-,-,-,-,5207.4000,5207.2000,5206.0000,5205.6000,5205.0000,5212.2000,5212.4000,5213.6000,5214.2000,5215.0000,1,1,1,2,3,1,1,1,1,1
SF,IC2007,2020-05-25 09:30:20.000,5210.6000,4619,0,32281560.000,0,-,-,-,-,5207.4000,5206.0000,5205.6000,5205.0000,5204.2000,5212.2000,5212.4000,5213.6000,5214.2000,5215.0000,1,1,2,3,1,1,1,1,1,1
SF,IC2007,2020-05-25 09:30:20.500,5210.6000,4619,0,32281560.000,0,-,-,-,-,5207.4000,5207.2000,5206.0000,5205.6000,5205.0000,5212.2000,5212.4000,5213.6000,5214.2000,5215.0000,1,1,1,2,3,1,1,1,1,1
SF,IC2007,2020-05-25 09:30:21.000,5210.6000,4619,0,32281560.000,0,-,-,-,-,5207.4000,5205.0000,5203.6000,5203.0000,5202.8000,5212.2000,5212.4000,5213.6000,5214.2000,5215.0000,1,3,3,6,7,1,1,1,1,1
SF,IC2007,2020-05-25 09:30:21.500,5210.6000,4619,0,32281560.000,0,-,-,-,-,5207.4000,5203.6000,5203.0000,5202.8000,5196.0000,5212.0000,5212.4000,5213.6000,5214.2000,5215.0000,1,3,6,7,1,1,1,1,1,1
SF,IC2007,2020-05-25 09:30:22.000,5210.6000,4619,0,32281560.000,0,-,-,-,-,5207.4000,5207.2000,5203.6000,5203.0000,5202.8000,5211.8000,5212.0000,5212.4000,5214.2000,5215.0000,1,1,3,6,7,1,1,1,1,1
SF,IC2007,2020-05-25 09:30:22.500,5210.6000,4619,0,32281560.000,0,-,-,-,-,5207.4000,5204.0000,5203.6000,5203.0000,5202.8000,5212.0000,5212.4000,5214.2000,5215.0000,5215.6000,1,5,3,6,7,1,1,1,1,1
SF,IC2007,2020-05-25 09:30:23.000,5210.6000,4619,0,32281560.000,0,-,-,-,-,5207.4000,5204.0000,5203.6000,5203.0000,5202.8000,5211.8000,5212.0000,5212.4000,5213.0000,5214.2000,1,5,3,6,7,2,1,1,1,1
SF,IC2007,2020-05-25 09:30:23.500,5210.6000,4619,0,32281560.000,0,-,-,-,-,5204.0000,5203.6000,5203.0000,5202.8000,5196.0000,5211.0000,5211.2000,5211.6000,5211.8000,5212.0000,5,3,6,7,1,1,1,1,2,1
SF,IC2007,2020-05-25 09:30:24.000,5210.6000,4619,0,32281560.000,0,-,-,-,-,5204.2000,5204.0000,5203.6000,5203.0000,5202.8000,5210.6000,5210.8000,5211.6000,5211.8000,5212.0000,4,5,3,6,7,1,1,1,2,1
SF,IC2007,2020-05-25 09:30:24.500,5210.6000,4619,0,32281560.000,0,-,-,-,-,5205.2000,5204.2000,5204.0000,5203.6000,5203.0000,5210.8000,5211.6000,5211.8000,5212.0000,5213.0000,1,4,5,1,6,1,1,2,1,1
SF,IC2007,2020-05-25 09:30:25.000,5210.6000,4619,0,32281560.000,0,-,-,-,-,5205.2000,5204.2000,5204.0000,5203.6000,5203.0000,5210.4000,5211.8000,5212.0000,5213.0000,5214.2000,1,4,5,1,6,1,2,1,1,1
SF,IC2007,2020-05-25 09:30:25.500,5210.6000,4619,0,32281560.000,0,-,-,-,-,5204.0000,5203.6000,5203.0000,5202.8000,5201.0000,5210.2000,5210.4000,5211.8000,5212.0000,5213.0000,5,1,6,7,2,1,1,2,1,1
SF,IC2007,2020-05-25 09:30:26.000,5210.6000,4619,0,32281560.000,0,-,-,-,-,5204.0000,5203.6000,5203.0000,5202.8000,5201.0000,5208.4000,5210.0000,5210.2000,5210.4000,5211.8000,5,1,6,7,2,1,1,1,2,1
SF,IC2007,2020-05-25 09:30:26.500,5210.6000,4619,0,32281560.000,0,-,-,-,-,5204.2000,5204.0000,5203.0000,5202.8000,5201.0000,5208.4000,5210.0000,5210.2000,5210.4000,5211.8000,1,5,6,7,2,1,1,1,2,1
SF,IC2007,2020-05-25 09:30:27.000,5210.6000,4619,0,32281560.000,0,-,-,-,-,5204.2000,5204.0000,5203.0000,5202.8000,5201.0000,5208.4000,5210.2000,5210.4000,5211.8000,5212.0000,1,5,6,7,2,1,1,1,1,1
SF,IC2007,2020-05-25 09:30:27.500,5210.6000,4619,0,32281560.000,0,-,-,-,-,5204.4000,5204.2000,5204.0000,5203.0000,5202.8000,5210.4000,5211.8000,5212.0000,5213.0000,5215.0000,5,1,5,6,7,1,1,1,1,1
SF,IC2007,2020-05-25 09:30:28.000,5210.6000,4619,0,32281560.000,0,-,-,-,-,5204.4000,5204.2000,5204.0000,5203.0000,5202.8000,5208.4000,5209.8000,5211.8000,5212.0000,5213.0000,4,1,5,6,7,1,1,1,1,1
SF,IC2007,2020-05-25 09:30:28.500,5210.6000,4619,0,32281560.000,0,-,-,-,-,5204.4000,5204.2000,5204.0000,5203.0000,5202.8000,5208.4000,5209.8000,5211.8000,5212.0000,5213.0000,4,1,5,6,7,1,1,1,1,1
SF,IC2007,2020-05-25 09:30:29.000,5210.6000,4619,0,32281560.000,0,-,-,-,-,5204.2000,5204.0000,5203.0000,5202.8000,5201.8000,5209.8000,5210.0000,5211.8000,5212.0000,5213.0000,1,5,6,7,1,1,1,1,1,1
SF,IC2007,2020-05-25 09:30:29.500,5204.4000,4617,-2,34363320.000,2,0,2,双平,S,5204.4000,5204.2000,5204.0000,5203.0000,5202.8000,5209.6000,5209.8000,5210.0000,5211.8000,5212.0000,1,1,5,6,7,2,1,1,1,1
SF,IC2007,2020-05-25 09:30:30.000,5204.4000,4617,0,34363320.000,0,-,-,-,-,5204.2000,5204.0000,5203.0000,5202.8000,5201.8000,5208.4000,5209.6000,5209.8000,5210.0000,5211.8000,1,5,6,7,1,1,2,1,1,1
SF,IC2007,2020-05-25 09:30:30.500,5208.2000,4617,0,35404960.000,1,0,1,多换,S,5204.6000,5204.4000,5204.2000,5204.0000,5203.0000,5209.4000,5209.6000,5209.8000,5211.8000,5212.0000,1,5,1,5,6,1,2,1,1,1
SF,IC2007,2020-05-25 09:30:31.000,5208.2000,4617,0,35404960.000,0,-,-,-,-,5204.6000,5204.4000,5204.2000,5204.0000,5203.0000,5209.2000,5209.4000,5209.6000,5209.8000,5211.8000,1,1,1,5,6,2,1,2,1,1
SF,IC2007,2020-05-25 09:30:32.000,5209.2000,4617,0,36446800.000,1,0,1,多换,S,5204.6000,5204.4000,5204.2000,5204.0000,5203.0000,5209.4000,5209.6000,5209.8000,5211.8000,5212.0000,1,1,1,5,6,1,2,1,1,1
SF,IC2007,2020-05-25 09:30:32.500,5209.2000,4617,0,36446800.000,0,-,-,-,-,5206.0000,5204.6000,5204.4000,5204.2000,5204.0000,5209.2000,5209.4000,5209.6000,5209.8000,5211.8000,1,1,1,1,5,1,1,2,1,1
SF,IC2007,2020-05-25 09:30:33.000,5209.2000,4617,0,36446800.000,0,-,-,-,-,5206.0000,5205.2000,5204.6000,5204.4000,5204.0000,5208.4000,5209.2000,5209.4000,5209.6000,5211.8000,1,1,1,1,5,1,1,1,2,1
SF,IC2007,2020-05-25 09:30:33.500,5209.2000,4617,0,36446800.000,0,-,-,-,-,5206.0000,5205.2000,5204.6000,5204.4000,5204.0000,5208.2000,5209.0000,5209.2000,5209.4000,5209.6000,1,1,1,2,5,1,1,1,1,2
SF,IC2007,2020-05-25 09:30:34.000,5209.2000,4617,0,36446800.000,0,-,-,-,-,5206.0000,5204.6000,5204.4000,5204.0000,5203.0000,5208.0000,5209.2000,5209.4000,5209.6000,5211.8000,1,1,1,5,6,1,1,1,2,1
SF,IC2007,2020-05-25 09:30:34.500,5209.2000,4617,0,36446800.000,0,-,-,-,-,5206.0000,5204.6000,5204.4000,5204.0000,5203.0000,5209.2000,5209.4000,5209.6000,5211.8000,5212.0000,1,1,1,5,6,1,1,2,1,1
SF,IC2007,2020-05-25 09:30:35.000,5209.2000,4617,0,36446800.000,0,-,-,-,-,5206.0000,5204.6000,5204.4000,5204.0000,5203.0000,5208.4000,5209.0000,5209.2000,5209.4000,5209.6000,1,1,1,5,6,1,1,1,1,2
SF,IC2007,2020-05-25 09:30:35.500,5209.2000,4617,0,37488640.000,1,0,1,多换,S,5206.0000,5204.6000,5204.4000,5204.0000,5203.4000,5208.2000,5208.4000,5209.0000,5209.2000,5209.4000,1,1,1,5,1,1,1,1,1,1
SF,IC2007,2020-05-25 09:30:36.000,5206.0000,4616,-1,38529840.000,1,0,1,双平,S,5204.6000,5204.4000,5204.0000,5203.4000,5203.0000,5208.2000,5208.4000,5209.0000,5209.2000,5209.4000,1,1,5,1,6,1,1,1,1,1
SF,IC2007,2020-05-25 09:30:36.500,5206.0000,4616,0,38529840.000,0,-,-,-,-,5206.2000,5204.6000,5204.0000,5203.4000,5203.0000,5208.2000,5208.4000,5209.0000,5209.2000,5209.4000,1,1,5,1,6,1,1,1,1,1
SF,IC2007,2020-05-25 09:30:37.000,5206.2000,4616,0,39571080.000,1,0,1,多换,S,5204.6000,5204.0000,5203.4000,5203.0000,5202.8000,5208.0000,5208.2000,5208.4000,5209.0000,5209.2000,1,5,1,6,7,1,1,1,1,1
SF,IC2007,2020-05-25 09:30:37.500,5206.2000,4616,0,39571080.000,0,-,-,-,-,5204.6000,5204.0000,5203.4000,5203.0000,5202.8000,5207.8000,5208.0000,5208.2000,5208.4000,5209.0000,1,5,1,6,7,1,1,1,1,1
SF,IC2007,2020-05-25 09:30:38.000,5206.2000,4616,0,39571080.000,0,-,-,-,-,5204.6000,5204.0000,5203.4000,5203.0000,5202.8000,5208.0000,5208.2000,5208.4000,5209.0000,5209.2000,1,5,1,6,7,1,1,1,1,1
SF,IC2007,2020-05-25 09:30:38.500,5206.2000,4616,0,39571080.000,0,-,-,-,-,5204.6000,5204.0000,5203.4000,5203.0000,5202.8000,5208.2000,5208.4000,5209.0000,5209.2000,5209.4000,1,5,1,6,7,1,1,1,1,1
SF,IC2007,2020-05-25 09:30:39.000,5206.2000,4616,0,39571080.000,0,-,-,-,-,5204.6000,5204.0000,5203.4000,5203.0000,5202.8000,5208.0000,5208.2000,5208.4000,5209.0000,5209.2000,1,5,1,6,7,1,1,1,1,1
SF,IC2007,2020-05-25 09:30:39.500,5206.2000,4616,0,39571080.000,0,-,-,-,-,5204.0000,5203.4000,5203.0000,5202.8000,5201.8000,5208.0000,5208.2000,5208.4000,5209.0000,5209.2000,5,1,6,7,1,1,1,1,1,1
SF,IC2007,2020-05-25 09:30:40.000,5206.2000,4616,0,39571080.000,0,-,-,-,-,5205.4000,5204.0000,5203.0000,5202.8000,5201.8000,5207.6000,5207.8000,5208.0000,5208.2000,5208.4000,1,5,6,7,1,2,1,1,1,1
SF,IC2007,2020-05-25 09:30:40.500,5206.2000,4616,0,39571080.000,0,-,-,-,-,5205.4000,5204.0000,5203.0000,5202.8000,5201.8000,5207.4000,5207.6000,5207.8000,5208.0000,5208.2000,1,5,6,7,1,1,1,1,1,1
SF,IC2007,2020-05-25 09:30:41.000,5206.2000,4616,0,39571080.000,0,-,-,-,-,5205.4000,5204.0000,5203.0000,5202.8000,5201.8000,5207.4000,5207.8000,5208.0000,5208.2000,5208.4000,1,5,6,7,2,1,1,1,1,1
SF,IC2007,2020-05-25 09:30:41.500,5207.4000,4615,-1,40612560.000,1,0,1,双平,S,5205.4000,5204.0000,5203.0000,5202.8000,5201.8000,5207.8000,5208.4000,5209.4000,5211.8000,5212.0000,1,5,6,7,2,1,1,1,1,1
SF,IC2007,2020-05-25 09:30:42.000,5207.4000,4615,0,40612560.000,0,-,-,-,-,5205.4000,5204.0000,5203.0000,5202.8000,5201.8000,5207.4000,5207.8000,5208.4000,5209.4000,5211.8000,1,5,6,7,2,1,1,1,1,1
SF,IC2007,2020-05-25 09:30:42.500,5207.4000,4615,0,40612560.000,0,-,-,-,-,5205.4000,5204.0000,5203.0000,5202.8000,5201.8000,5208.4000,5209.4000,5211.8000,5212.0000,5216.2000,1,5,6,7,2,1,1,1,1,1
SF,IC2007,2020-05-25 09:30:44.000,5207.4000,4615,0,40612560.000,0,-,-,-,-,5205.4000,5204.0000,5203.0000,5202.8000,5201.8000,5208.4000,5211.8000,5212.0000,5216.2000,5218.8000,1,5,6,7,2,1,1,1,1,1
SF,IC2007,2020-05-25 09:30:45.000,5205.4000,4616,1,41653640.000,1,1,0,双开,S,5204.0000,5203.0000,5202.8000,5201.8000,5200.8000,5205.4000,5208.4000,5211.8000,5212.0000,5216.2000,5,6,7,2,1,2,1,1,1,1
SF,IC2007,2020-05-25 09:30:45.500,5205.4000,4616,0,43735800.000,2,1,1,多换,S,5205.6000,5204.0000,5203.0000,5202.8000,5201.8000,5208.4000,5211.8000,5212.0000,5216.2000,5218.8000,1,5,6,7,2,1,1,1,1,1
SF,IC2007,2020-05-25 09:30:46.000,5205.4000,4616,0,43735800.000,0,-,-,-,-,5204.0000,5203.0000,5202.8000,5201.8000,5200.8000,5208.0000,5208.4000,5211.8000,5212.0000,5216.2000,5,6,7,2,1,1,1,1,1,1
SF,IC2007,2020-05-25 09:30:47.000,5205.4000,4616,0,43735800.000,0,-,-,-,-,5204.0000,5203.0000,5202.8000,5201.8000,5196.0000,5208.0000,5208.4000,5211.8000,5212.0000,5216.2000,5,6,7,1,1,1,1,1,1,1
SF,IC2007,2020-05-25 09:30:47.500,5205.4000,4616,0,43735800.000,0,-,-,-,-,5204.0000,5203.0000,5202.8000,5201.8000,5196.0000,5207.8000,5208.0000,5208.4000,5211.8000,5212.0000,5,6,7,2,1,1,1,1,1,1
SF,IC2007,2020-05-25 09:30:48.500,5207.8000,4616,0,44777360.000,1,0,1,多换,S,5204.0000,5203.0000,5202.8000,5201.8000,5196.0000,5207.6000,5208.0000,5208.4000,5211.8000,5212.0000,5,6,7,2,1,1,1,1,1,1
SF,IC2007,2020-05-25 09:30:49.500,5207.8000,4616,0,44777360.000,0,-,-,-,-,5204.0000,5203.0000,5202.8000,5201.8000,5196.0000,5208.0000,5208.4000,5211.8000,5212.0000,5216.2000,5,6,7,1,1,1,1,1,1,1
SF,IC2007,2020-05-25 09:30:50.000,5207.8000,4616,0,44777360.000,0,-,-,-,-,5204.0000,5203.0000,5202.8000,5201.8000,5196.0000,5207.8000,5208.0000,5208.4000,5211.8000,5212.0000,5,6,7,1,1,1,1,1,1,1
SF,IC2007,2020-05-25 09:30:51.500,5207.8000,4616,0,44777360.000,0,-,-,-,-,5204.0000,5203.0000,5202.8000,5201.8000,5196.0000,5207.6000,5207.8000,5208.0000,5208.4000,5211.8000,5,6,7,1,1,2,1,1,1,1
SF,IC2007,2020-05-25 09:30:52.000,5207.8000,4616,0,44777360.000,0,-,-,-,-,5204.0000,5203.0000,5202.8000,5201.8000,5196.0000,5207.2000,5207.6000,5207.8000,5208.0000,5208.4000,5,6,7,1,1,2,2,1,1,1
SF,IC2007,2020-05-25 09:30:52.500,5207.8000,4616,0,44777360.000,0,-,-,-,-,5204.0000,5203.0000,5202.8000,5201.8000,5196.0000,5207.2000,5207.6000,5208.0000,5208.4000,5211.8000,5,6,7,1,1,1,2,1,1,1
SF,IC2007,2020-05-25 09:30:53.000,5207.8000,4616,0,44777360.000,0,-,-,-,-,5204.0000,5203.0000,5202.8000,5201.8000,5196.0000,5207.2000,5207.6000,5208.0000,5208.4000,5211.8000,5,6,7,1,1,1,1,1,1,1
SF,IC2007,2020-05-25 09:30:54.000,5207.8000,4616,0,44777360.000,0,-,-,-,-,5204.0000,5203.0000,5202.8000,5201.8000,5196.0000,5207.6000,5208.0000,5208.4000,5211.8000,5212.0000,5,6,7,1,1,1,1,1,1,1
SF,IC2007,2020-05-25 09:30:54.500,5207.8000,4616,0,45818920.000,1,0,1,多换,S,5204.0000,5203.0000,5202.8000,5201.8000,5196.0000,5208.0000,5208.4000,5211.8000,5212.0000,5216.2000,5,6,7,1,1,1,1,1,1,1
SF,IC2007,2020-05-25 09:30:55.000,5207.8000,4616,0,45818920.000,0,-,-,-,-,5204.2000,5204.0000,5203.0000,5202.8000,5201.8000,5208.0000,5208.4000,5211.8000,5212.0000,5216.2000,1,5,6,7,1,1,1,1,1,1
SF,IC2007,2020-05-25 09:30:55.500,5207.8000,4616,0,45818920.000,0,-,-,-,-,5205.0000,5204.0000,5203.0000,5202.8000,5201.8000,5208.0000,5208.4000,5211.8000,5212.0000,5216.2000,1,5,6,7,1,1,1,1,1,1
SF,IC2007,2020-05-25 09:30:56.500,5207.8000,4616,0,45818920.000,0,-,-,-,-,5205.0000,5204.0000,5203.0000,5202.8000,5201.8000,5207.8000,5208.0000,5208.4000,5211.8000,5212.0000,1,5,6,7,1,1,1,1,1,1
SF,IC2007,2020-05-25 09:30:57.000,5207.8000,4616,0,45818920.000,0,-,-,-,-,5205.0000,5204.0000,5203.0000,5202.8000,5201.8000,5207.8000,5208.0000,5208.4000,5211.8000,5212.0000,1,5,6,7,1,1,1,1,1,1
SF,IC2007,2020-05-25 09:30:57.500,5205.0000,4616,0,46859920.000,1,0,1,多换,S,5204.0000,5203.0000,5202.8000,5201.8000,5196.0000,5208.0000,5208.4000,5211.8000,5212.0000,5216.2000,5,6,7,1,1,1,1,1,1,1
SF,IC2007,2020-05-25 09:30:58.000,5205.0000,4616,0,46859920.000,0,-,-,-,-,5204.0000,5203.0000,5202.8000,5201.8000,5196.0000,5208.0000,5208.4000,5211.8000,5212.0000,5216.2000,5,6,7,1,1,1,1,1,1,1
SF,IC2007,2020-05-25 09:30:58.500,5205.0000,4616,0,46859920.000,0,-,-,-,-,5204.0000,5203.0000,5202.8000,5201.8000,5196.0000,5207.8000,5208.0000,5208.4000,5211.8000,5212.0000,5,6,7,1,1,2,1,1,1,1
SF,IC2007,2020-05-25 09:30:59.000,5205.0000,4616,0,46859920.000,0,-,-,-,-,5204.0000,5203.0000,5202.8000,5201.8000,5196.0000,5207.6000,5207.8000,5208.0000,5208.4000,5211.8000,5,6,7,1,1,1,2,1,1,1
SF,IC2007,2020-05-25 09:30:59.500,5205.0000,4616,0,46859920.000,0,-,-,-,-,5204.0000,5203.0000,5202.8000,5201.8000,5196.0000,5207.6000,5207.8000,5208.0000,5208.4000,5211.8000,5,6,7,1,1,1,1,1,1,1
SF,IC2007,2020-05-25 09:31:00.000,5205.0000,4616,0,46859920.000,0,-,-,-,-,5204.0000,5203.0000,5202.8000,5200.0000,5196.0000,5207.4000,5207.6000,5207.8000,5208.0000,5208.4000,5,6,7,2,1,1,1,1,1,1
SF,IC2007,2020-05-25 09:31:00.500,5205.0000,4616,0,46859920.000,0,-,-,-,-,5204.0000,5203.0000,5202.8000,5200.0000,5196.0000,5207.4000,5207.6000,5207.8000,5208.0000,5208.4000,5,6,7,2,1,2,1,1,1,1
SF,IC2007,2020-05-25 09:31:01.000,5205.0000,4616,0,46859920.000,0,-,-,-,-,5204.2000,5204.0000,5203.0000,5202.8000,5200.0000,5207.6000,5207.8000,5208.0000,5208.4000,5211.8000,1,5,6,7,2,1,1,1,1,1
SF,IC2007,2020-05-25 09:31:01.500,5205.0000,4616,0,46859920.000,0,-,-,-,-,5204.2000,5204.0000,5203.0000,5202.8000,5200.0000,5207.8000,5208.0000,5208.4000,5211.8000,5212.0000,1,5,6,7,2,1,1,1,1,1
SF,IC2007,2020-05-25 09:31:02.000,5205.0000,4616,0,46859920.000,0,-,-,-,-,5204.4000,5204.2000,5204.0000,5203.0000,5202.8000,5208.0000,5208.4000,5211.8000,5212.0000,5216.2000,1,1,5,6,7,1,1,1,1,1
SF,IC2007,2020-05-25 09:31:02.500,5205.0000,4616,0,46859920.000,0,-,-,-,-,5204.4000,5204.2000,5204.0000,5203.0000,5202.8000,5208.0000,5208.4000,5211.8000,5212.0000,5216.2000,1,1,5,6,7,1,1,1,1,1
SF,IC2007,2020-05-25 09:31:03.500,5205.0000,4616,0,46859920.000,0,-,-,-,-,5204.4000,5204.2000,5204.0000,5203.0000,5202.8000,5207.8000,5208.0000,5208.4000,5211.8000,5212.0000,1,1,5,6,7,1,1,1,1,1
SF,IC2007,2020-05-25 09:31:04.000,5205.0000,4616,0,46859920.000,0,-,-,-,-,5204.2000,5204.0000,5203.0000,5202.8000,5200.0000,5207.8000,5208.4000,5211.8000,5212.0000,5216.2000,1,5,6,7,2,1,1,1,1,1
SF,IC2007,2020-05-25 09:31:04.500,5205.0000,4616,0,46859920.000,0,-,-,-,-,5204.2000,5204.0000,5203.0000,5202.8000,5200.0000,5207.4000,5207.8000,5208.4000,5211.8000,5212.0000,1,5,6,7,2,1,1,1,1,1
SF,IC2007,2020-05-25 09:31:05.500,5205.0000,4616,0,46859920.000,0,-,-,-,-,5204.0000,5203.0000,5202.8000,5200.0000,5196.0000,5204.2000,5207.4000,5207.8000,5208.4000,5211.8000,5,6,7,2,1,2,1,1,1,1
SF,IC2007,2020-05-25 09:31:06.000,5204.2000,4617,1,51023240.000,4,2,2,空开,S,5204.8000,5204.4000,5204.2000,5204.0000,5203.0000,5207.4000,5208.4000,5211.8000,5212.0000,5216.2000,1,1,1,3,6,1,1,1,1,1
SF,IC2007,2020-05-25 09:31:06.500,5204.2000,4617,0,51023240.000,0,-,-,-,-,5204.8000,5204.0000,5203.0000,5202.8000,5200.0000,5207.4000,5208.4000,5211.8000,5212.0000,5216.2000,1,3,6,7,2,1,1,1,1,1
SF,IC2007,2020-05-25 09:31:08.000,5204.2000,4617,0,51023240.000,0,-,-,-,-,5204.8000,5204.0000,5203.0000,5202.8000,5200.0000,5208.4000,5211.8000,5212.0000,5216.2000,5216.6000,1,3,6,7,2,1,1,1,1,2
SF,IC2007,2020-05-25 09:31:08.500,5204.2000,4617,0,51023240.000,0,-,-,-,-,5204.8000,5204.0000,5203.0000,5202.8000,5200.0000,5208.0000,5208.2000,5208.4000,5211.8000,5212.0000,1,3,6,7,2,1,1,1,1,1
SF,IC2007,2020-05-25 09:31:09.000,5208.0000,4617,0,52064840.000,1,0,1,多换,S,5204.8000,5204.0000,5203.0000,5202.8000,5200.0000,5208.2000,5208.4000,5211.8000,5212.0000,5216.2000,1,3,6,7,2,1,1,1,1,1
SF,IC2007,2020-05-25 09:31:10.000,5208.0000,4617,0,52064840.000,0,-,-,-,-,5204.8000,5204.0000,5203.0000,5202.8000,5200.0000,5208.0000,5208.4000,5211.8000,5212.0000,5216.2000,1,3,6,7,2,1,1,1,1,1
SF,IC2007,2020-05-25 09:31:10.500,5208.0000,4617,0,52064840.000,0,-,-,-,-,5204.8000,5204.0000,5203.0000,5202.8000,5200.0000,5208.4000,5211.8000,5212.0000,5216.2000,5216.6000,1,3,6,7,2,1,1,1,1,2
SF,IC2007,2020-05-25 09:31:11.000,5208.0000,4617,0,52064840.000,0,-,-,-,-,5204.8000,5204.0000,5203.0000,5202.8000,5200.0000,5208.4000,5211.8000,5212.0000,5216.2000,5216.6000,1,3,6,7,2,1,1,1,1,2
SF,IC2007,2020-05-25 09:31:11.500,5208.0000,4617,0,52064840.000,0,-,-,-,-,5204.8000,5204.0000,5203.0000,5202.8000,5200.0000,5208.2000,5208.4000,5211.8000,5212.0000,5216.2000,1,3,6,7,2,1,1,1,1,1
SF,IC2007,2020-05-25 09:31:12.000,5208.0000,4617,0,52064840.000,0,-,-,-,-,5204.8000,5204.0000,5203.0000,5202.8000,5200.0000,5207.8000,5208.2000,5208.4000,5211.8000,5212.0000,1,3,6,7,3,1,1,1,1,1
SF,IC2007,2020-05-25 09:31:12.500,5208.0000,4617,0,52064840.000,0,-,-,-,-,5204.8000,5204.0000,5203.0000,5202.8000,5200.0000,5207.8000,5208.0000,5208.2000,5208.4000,5211.8000,1,3,6,7,3,1,1,1,1,1
SF,IC2007,2020-05-25 09:31:13.000,5204.8000,4616,-1,53105800.000,1,0,1,双平,S,5204.0000,5203.0000,5202.8000,5200.0000,5196.0000,5207.4000,5207.6000,5207.8000,5208.0000,5208.4000,3,6,7,3,1,1,1,1,1,1
SF,IC2007,2020-05-25 09:31:13.500,5204.8000,4616,0,53105800.000,0,-,-,-,-,5204.0000,5203.0000,5202.8000,5200.0000,5196.0000,5207.4000,5207.6000,5207.8000,5208.0000,5208.4000,3,6,7,3,1,1,1,1,1,1
SF,IC2007,2020-05-25 09:31:14.000,5204.8000,4616,0,53105800.000,0,-,-,-,-,5204.0000,5203.0000,5202.8000,5200.0000,5196.0000,5207.2000,5207.4000,5207.6000,5207.8000,5208.4000,3,6,7,3,1,1,1,1,1,1
SF,IC2007,2020-05-25 09:31:14.500,5204.8000,4616,0,53105800.000,0,-,-,-,-,5204.0000,5203.0000,5202.8000,5200.0000,5196.0000,5207.0000,5207.2000,5207.4000,5207.6000,5207.8000,3,6,7,3,1,1,2,1,1,1
SF,IC2007,2020-05-25 09:31:15.000,5204.8000,4616,0,53105800.000,0,-,-,-,-,5204.0000,5203.0000,5202.8000,5200.0000,5196.0000,5206.8000,5207.0000,5207.2000,5208.4000,5211.8000,3,6,7,3,1,2,2,2,1,1
SF,IC2007,2020-05-25 09:31:16.000,5204.8000,4616,0,53105800.000,0,-,-,-,-,5204.0000,5203.0000,5202.8000,5200.0000,5196.0000,5206.8000,5207.0000,5207.2000,5208.4000,5211.8000,3,6,7,3,1,2,1,1,1,1
SF,IC2007,2020-05-25 09:31:16.500,5204.8000,4616,0,53105800.000,0,-,-,-,-,5204.0000,5203.0000,5202.8000,5200.0000,5196.0000,5206.6000,5206.8000,5207.0000,5207.2000,5208.4000,3,6,7,3,1,1,2,1,1,1
SF,IC2007,2020-05-25 09:31:17.000,5204.8000,4616,0,53105800.000,0,-,-,-,-,5204.0000,5203.0000,5202.8000,5200.0000,5196.0000,5206.6000,5206.8000,5207.0000,5207.2000,5208.4000,3,6,7,3,1,1,2,1,1,1
SF,IC2007,2020-05-25 09:31:17.500,5204.0000,4617,1,54146600.000,1,1,0,双开,S,5204.0000,5203.0000,5202.8000,5200.0000,5196.0000,5206.6000,5206.8000,5207.0000,5207.2000,5208.4000,2,6,7,3,1,1,2,1,1,1
SF,IC2007,2020-05-25 09:31:18.000,5204.0000,4617,0,54146600.000,0,-,-,-,-,5204.0000,5203.0000,5202.8000,5200.0000,5196.0000,5206.8000,5207.0000,5207.2000,5208.4000,5212.0000,2,6,7,3,1,2,1,1,1,1
SF,IC2007,2020-05-25 09:31:18.500,5204.0000,4617,0,54146600.000,0,-,-,-,-,5204.0000,5203.0000,5202.8000,5200.0000,5196.0000,5207.2000,5208.4000,5212.0000,5216.6000,5217.6000,2,6,7,3,1,1,1,1,2,2
SF,IC2007,2020-05-25 09:31:19.000,5204.0000,4617,0,54146600.000,0,-,-,-,-,5204.0000,5203.0000,5202.8000,5200.0000,5196.0000,5207.2000,5208.4000,5212.0000,5216.6000,5217.6000,2,6,7,3,1,1,1,1,2,2
SF,IC2007,2020-05-25 09:31:19.500,5204.0000,4617,0,54146600.000,0,-,-,-,-,5204.0000,5203.0000,5202.8000,5200.0000,5196.0000,5208.4000,5212.0000,5216.6000,5217.6000,5218.8000,2,6,7,3,1,1,1,2,2,1
SF,IC2007,2020-05-25 09:31:20.000,5204.0000,4617,0,54146600.000,0,-,-,-,-,5204.2000,5204.0000,5203.0000,5202.8000,5200.0000,5208.4000,5212.0000,5216.6000,5217.6000,5218.8000,1,2,6,7,3,1,1,2,2,1
SF,IC2007,2020-05-25 09:31:20.500,5204.0000,4617,0,54146600.000,0,-,-,-,-,5204.2000,5204.0000,5203.0000,5202.8000,5200.0000,5208.4000,5212.0000,5216.6000,5217.6000,5218.8000,1,2,6,7,3,1,1,2,2,1
SF,IC2007,2020-05-25 09:31:21.000,5204.0000,4617,0,54146600.000,0,-,-,-,-,5204.2000,5204.0000,5203.0000,5202.8000,5200.0000,5207.6000,5208.2000,5208.4000,5212.0000,5216.6000,1,2,6,7,3,1,1,1,1,2
SF,IC2007,2020-05-25 09:31:21.500,5207.6000,4616,-1,55188120.000,1,0,1,双平,S,5204.4000,5204.2000,5204.0000,5203.0000,5202.8000,5208.4000,5212.0000,5216.6000,5217.6000,5218.8000,1,1,2,6,7,1,1,2,2,1
SF,IC2007,2020-05-25 09:31:22.000,5207.6000,4616,0,55188120.000,0,-,-,-,-,5204.4000,5204.2000,5204.0000,5203.0000,5202.8000,5208.4000,5212.0000,5216.6000,5217.6000,5218.8000,1,1,2,6,7,1,1,2,2,1
SF,IC2007,2020-05-25 09:31:22.500,5207.6000,4616,0,55188120.000,0,-,-,-,-,5204.6000,5204.4000,5204.2000,5204.0000,5203.0000,5212.0000,5216.6000,5217.6000,5218.8000,5230.0000,4,2,1,2,6,1,2,2,1,1
SF,IC2007,2020-05-25 09:31:23.000,5207.6000,4616,0,55188120.000,0,-,-,-,-,5204.4000,5204.2000,5204.0000,5203.0000,5202.8000,5210.4000,5211.0000,5211.8000,5212.0000,5216.6000,1,1,2,6,7,1,1,3,1,2
SF,IC2007,2020-05-25 09:31:23.500,5207.6000,4616,0,55188120.000,0,-,-,-,-,5205.2000,5204.8000,5204.6000,5204.4000,5204.2000,5210.4000,5211.8000,5212.0000,5216.6000,5217.6000,1,1,3,1,1,1,2,1,2,2
SF,IC2007,2020-05-25 09:31:24.000,5207.6000,4616,0,55188120.000,0,-,-,-,-,5205.6000,5205.4000,5205.2000,5204.8000,5204.6000,5210.2000,5211.8000,5212.0000,5216.6000,5217.6000,1,1,1,1,3,1,2,1,2,2
SF,IC2007,2020-05-25 09:31:24.500,5207.6000,4616,0,55188120.000,0,-,-,-,-,5205.8000,5205.4000,5205.2000,5204.8000,5204.6000,5211.8000,5212.0000,5216.6000,5217.6000,5218.8000,1,1,1,1,3,2,1,2,2,1
SF,IC2007,2020-05-25 09:31:25.000,5207.6000,4616,0,55188120.000,0,-,-,-,-,5205.4000,5205.2000,5204.8000,5204.6000,5204.4000,5211.0000,5211.8000,5212.0000,5216.6000,5217.6000,1,1,1,3,1,1,3,1,2,2
SF,IC2007,2020-05-25 09:31:25.500,5207.6000,4616,0,55188120.000,0,-,-,-,-,5206.4000,5205.4000,5205.2000,5204.8000,5204.6000,5211.0000,5211.8000,5212.0000,5216.6000,5217.6000,1,1,1,1,3,1,3,1,2,2
SF,IC2007,2020-05-25 09:31:26.000,5207.6000,4616,0,55188120.000,0,-,-,-,-,5206.4000,5205.4000,5205.2000,5204.8000,5204.6000,5210.8000,5211.8000,5212.0000,5216.6000,5217.6000,1,1,1,1,3,1,3,1,2,2
SF,IC2007,2020-05-25 09:31:26.500,5207.6000,4616,0,55188120.000,0,-,-,-,-,5206.4000,5205.4000,5205.2000,5204.8000,5204.6000,5210.6000,5210.8000,5211.8000,5212.0000,5216.6000,1,1,1,1,3,1,1,3,1,2
SF,IC2007,2020-05-25 09:31:27.000,5207.6000,4616,0,55188120.000,0,-,-,-,-,5205.4000,5205.2000,5204.8000,5204.6000,5204.4000,5210.6000,5210.8000,5211.8000,5212.0000,5216.6000,1,1,1,3,1,1,1,2,1,2
SF,IC2007,2020-05-25 09:31:27.500,5207.6000,4616,0,55188120.000,0,-,-,-,-,5205.6000,5205.4000,5205.2000,5204.8000,5204.6000,5210.8000,5211.8000,5212.0000,5216.6000,5217.6000,1,1,1,1,3,1,2,1,2,2
SF,IC2007,2020-05-25 09:31:28.000,5207.6000,4616,0,55188120.000,0,-,-,-,-,5206.0000,5205.6000,5205.4000,5205.2000,5204.8000,5210.4000,5210.6000,5211.8000,5212.0000,5216.6000,1,1,1,1,1,1,1,2,1,2
SF,IC2007,2020-05-25 09:31:28.500,5207.6000,4616,0,55188120.000,0,-,-,-,-,5206.0000,5205.6000,5205.4000,5205.2000,5204.8000,5210.2000,5210.4000,5211.8000,5212.0000,5216.6000,1,1,1,1,1,1,2,2,1,2
SF,IC2007,2020-05-25 09:31:29.000,5207.6000,4616,0,55188120.000,0,-,-,-,-,5206.0000,5205.6000,5205.4000,5205.2000,5204.8000,5210.2000,5210.4000,5211.8000,5212.0000,5216.6000,1,1,1,1,1,1,2,2,1,2
SF,IC2007,2020-05-25 09:31:29.500,5207.6000,4616,0,55188120.000,0,-,-,-,-,5206.2000,5206.0000,5205.6000,5205.2000,5204.8000,5210.2000,5210.4000,5211.8000,5212.0000,5216.6000,1,1,1,1,1,1,2,2,1,2
SF,IC2007,2020-05-25 09:31:30.000,5207.6000,4616,0,55188120.000,0,-,-,-,-,5206.2000,5205.6000,5205.2000,5204.8000,5204.6000,5210.2000,5210.4000,5211.8000,5212.0000,5216.6000,1,1,1,1,3,1,2,2,1,2
SF,IC2007,2020-05-25 09:31:30.500,5207.6000,4616,0,55188120.000,0,-,-,-,-,5206.2000,5205.6000,5205.2000,5204.8000,5204.6000,5210.2000,5210.4000,5211.8000,5212.0000,5216.6000,1,1,1,1,3,1,1,2,1,2
SF,IC2007,2020-05-25 09:31:31.000,5207.6000,4616,0,55188120.000,0,-,-,-,-,5206.2000,5205.6000,5205.2000,5204.8000,5204.6000,5210.2000,5212.0000,5216.6000,5217.6000,5218.8000,1,1,1,1,3,1,1,2,2,1
SF,IC2007,2020-05-25 09:31:31.500,5207.6000,4616,0,55188120.000,0,-,-,-,-,5206.6000,5206.4000,5206.2000,5205.2000,5204.8000,5210.2000,5212.0000,5216.6000,5217.6000,5218.8000,1,3,1,1,1,1,1,2,2,1
SF,IC2007,2020-05-25 09:31:32.000,5207.6000,4616,0,55188120.000,0,-,-,-,-,5207.2000,5206.8000,5206.4000,5206.2000,5205.2000,5212.0000,5216.6000,5217.6000,5218.8000,5230.0000,1,2,3,1,1,1,2,2,1,1
SF,IC2007,2020-05-25 09:31:32.500,5207.6000,4616,0,55188120.000,0,-,-,-,-,5207.2000,5206.8000,5206.4000,5206.2000,5205.2000,5212.0000,5216.6000,5217.6000,5218.8000,5230.0000,1,3,2,1,1,1,2,2,1,1
SF,IC2007,2020-05-25 09:31:33.000,5207.6000,4616,0,55188120.000,0,-,-,-,-,5207.4000,5206.8000,5206.4000,5206.2000,5205.2000,5211.6000,5212.0000,5216.6000,5217.6000,5218.8000,1,2,2,1,1,1,1,2,2,1
SF,IC2007,2020-05-25 09:31:33.500,5207.6000,4616,0,55188120.000,0,-,-,-,-,5207.4000,5206.8000,5206.2000,5205.2000,5204.8000,5211.6000,5212.0000,5216.6000,5217.6000,5218.8000,1,2,1,1,1,2,1,2,2,1
SF,IC2007,2020-05-25 09:31:34.000,5207.6000,4616,0,55188120.000,0,-,-,-,-,5206.8000,5206.2000,5205.2000,5204.8000,5204.6000,5211.6000,5212.0000,5216.6000,5217.6000,5218.8000,2,1,1,1,3,2,1,2,2,1
SF,IC2007,2020-05-25 09:31:34.500,5207.6000,4616,0,55188120.000,0,-,-,-,-,5206.2000,5205.2000,5204.8000,5204.6000,5204.4000,5211.2000,5211.4000,5211.6000,5211.8000,5212.0000,1,1,1,3,1,1,1,1,1,1
SF,IC2007,2020-05-25 09:31:35.000,5207.6000,4616,0,55188120.000,0,-,-,-,-,5205.2000,5204.8000,5204.6000,5204.4000,5204.2000,5210.8000,5211.4000,5211.6000,5211.8000,5212.0000,1,1,3,1,1,1,1,1,1,1
SF,IC2007,2020-05-25 09:31:35.500,5207.6000,4616,0,55188120.000,0,-,-,-,-,5205.2000,5204.8000,5204.6000,5204.4000,5204.2000,5210.6000,5210.8000,5211.6000,5211.8000,5212.0000,1,1,3,1,1,1,1,1,1,1
SF,IC2007,2020-05-25 09:31:36.000,5207.6000,4616,0,55188120.000,0,-,-,-,-,5204.8000,5204.6000,5204.4000,5204.2000,5204.0000,5210.6000,5210.8000,5211.6000,5211.8000,5212.0000,1,3,1,1,2,1,1,1,1,1
SF,IC2007,2020-05-25 09:31:36.500,5207.6000,4616,0,55188120.000,0,-,-,-,-,5205.0000,5204.8000,5204.6000,5204.4000,5204.2000,5210.4000,5210.8000,5211.6000,5211.8000,5212.0000,2,1,3,1,1,1,1,1,1,1
SF,IC2007,2020-05-25 09:31:37.500,5207.6000,4616,0,55188120.000,0,-,-,-,-,5205.0000,5204.6000,5204.4000,5204.2000,5204.0000,5208.4000,5210.4000,5210.8000,5211.6000,5211.8000,1,3,1,1,2,1,1,1,1,1
SF,IC2007,2020-05-25 09:31:38.000,5207.6000,4616,0,55188120.000,0,-,-,-,-,5204.6000,5204.4000,5204.2000,5204.0000,5203.0000,5210.0000,5210.4000,5211.6000,5211.8000,5212.0000,3,1,1,2,6,1,1,1,1,1
SF,IC2007,2020-05-25 09:31:38.500,5204.8000,4616,0,56229080.000,1,0,1,多换,S,5205.0000,5204.4000,5204.2000,5204.0000,5203.0000,5209.8000,5210.0000,5210.4000,5211.6000,5211.8000,1,1,1,2,6,1,1,1,1,1
SF,IC2007,2020-05-25 09:31:39.000,5204.8000,4616,0,56229080.000,0,-,-,-,-,5205.0000,5204.4000,5204.2000,5204.0000,5203.0000,5209.8000,5210.0000,5211.6000,5211.8000,5212.0000,1,1,1,2,6,1,1,1,1,1
SF,IC2007,2020-05-25 09:31:39.500,5204.8000,4616,0,57270040.000,1,0,1,多换,S,5204.4000,5204.2000,5204.0000,5203.0000,5202.8000,5209.8000,5211.6000,5211.8000,5212.0000,5216.6000,1,1,2,6,7,1,1,1,1,2
SF,IC2007,2020-05-25 09:31:40.000,5204.8000,4616,0,57270040.000,0,-,-,-,-,5205.8000,5204.6000,5204.4000,5204.2000,5204.0000,5209.8000,5211.8000,5212.0000,5216.6000,5217.6000,1,1,1,1,2,1,1,1,2,2
SF,IC2007,2020-05-25 09:31:40.500,5204.8000,4616,0,57270040.000,0,-,-,-,-,5205.8000,5205.0000,5204.8000,5204.6000,5204.4000,5208.4000,5209.8000,5211.8000,5212.0000,5216.6000,1,1,1,1,1,1,1,1,1,2
SF,IC2007,2020-05-25 09:31:41.000,5204.8000,4616,0,57270040.000,0,-,-,-,-,5205.0000,5204.8000,5204.4000,5204.2000,5204.0000,5208.4000,5209.8000,5211.8000,5212.0000,5216.6000,1,1,1,1,2,1,1,1,1,2
SF,IC2007,2020-05-25 09:31:42.000,5204.8000,4616,0,57270040.000,0,-,-,-,-,5205.0000,5204.4000,5204.2000,5204.0000,5203.0000,5208.2000,5209.8000,5211.8000,5212.0000,5216.6000,1,1,1,2,6,1,1,1,1,2
SF,IC2007,2020-05-25 09:31:42.500,5204.8000,4616,0,57270040.000,0,-,-,-,-,5205.6000,5205.4000,5205.2000,5205.0000,5204.4000,5208.2000,5209.8000,5211.8000,5212.0000,5216.6000,1,1,2,1,1,1,1,1,1,2
SF,IC2007,2020-05-25 09:31:43.000,5204.8000,4616,0,57270040.000,0,-,-,-,-,5205.8000,5205.6000,5205.4000,5205.2000,5205.0000,5208.2000,5209.8000,5211.8000,5212.0000,5216.6000,1,1,1,3,1,1,1,1,1,2
SF,IC2007,2020-05-25 09:31:43.500,5204.8000,4616,0,57270040.000,0,-,-,-,-,5205.8000,5205.6000,5205.4000,5205.2000,5205.0000,5209.8000,5211.8000,5212.0000,5216.6000,5217.6000,1,1,1,3,1,1,1,1,2,2
SF,IC2007,2020-05-25 09:31:44.000,5204.8000,4616,0,57270040.000,0,-,-,-,-,5206.4000,5206.2000,5206.0000,5205.8000,5205.4000,5209.8000,5211.8000,5212.0000,5212.4000,5216.6000,1,1,1,2,1,1,1,1,1,2
SF,IC2007,2020-05-25 09:31:45.000,5204.8000,4616,0,57270040.000,0,-,-,-,-,5206.4000,5206.2000,5206.0000,5205.8000,5205.2000,5209.8000,5211.8000,5212.0000,5212.4000,5216.6000,2,1,1,2,3,1,1,1,1,2
SF,IC2007,2020-05-25 09:31:45.500,5204.8000,4616,0,57270040.000,0,-,-,-,-,5206.4000,5206.2000,5206.0000,5205.8000,5205.2000,5212.0000,5212.4000,5216.6000,5217.6000,5218.8000,2,1,1,2,3,1,1,2,2,1
SF,IC2007,2020-05-25 09:31:46.000,5204.8000,4616,0,57270040.000,0,-,-,-,-,5206.6000,5206.4000,5206.0000,5205.8000,5205.2000,5211.2000,5211.6000,5211.8000,5212.0000,5212.4000,1,2,1,1,2,1,1,4,2,1
SF,IC2007,2020-05-25 09:31:46.500,5204.8000,4616,0,57270040.000,0,-,-,-,-,5207.4000,5206.8000,5206.6000,5206.0000,5205.8000,5211.0000,5211.2000,5211.6000,5211.8000,5212.0000,1,1,3,1,1,1,1,1,2,1
SF,IC2007,2020-05-25 09:31:47.000,5204.8000,4616,0,57270040.000,0,-,-,-,-,5207.4000,5206.8000,5206.6000,5206.0000,5205.2000,5211.0000,5211.6000,5211.8000,5212.0000,5212.4000,1,1,3,1,2,1,1,2,1,1
SF,IC2007,2020-05-25 09:31:47.500,5204.8000,4616,0,57270040.000,0,-,-,-,-,5207.6000,5206.8000,5206.6000,5206.0000,5205.2000,5211.0000,5211.6000,5211.8000,5212.0000,5212.4000,1,1,2,1,2,1,1,2,1,1
SF,IC2007,2020-05-25 09:31:48.000,5204.8000,4616,0,57270040.000,0,-,-,-,-,5207.6000,5206.8000,5206.6000,5206.0000,5205.2000,5211.0000,5211.6000,5211.8000,5212.0000,5216.6000,1,1,1,1,2,1,1,1,1,2
SF,IC2007,2020-05-25 09:31:48.500,5204.8000,4616,0,57270040.000,0,-,-,-,-,5207.6000,5206.6000,5205.2000,5204.4000,5204.0000,5211.0000,5211.6000,5211.8000,5212.0000,5216.6000,1,1,2,3,2,1,1,1,1,2
SF,IC2007,2020-05-25 09:31:49.000,5204.8000,4616,0,57270040.000,0,-,-,-,-,5207.6000,5206.6000,5205.2000,5204.4000,5204.0000,5211.0000,5211.8000,5212.0000,5216.6000,5217.6000,1,1,2,3,2,1,1,1,2,2
SF,IC2007,2020-05-25 09:31:51.000,5204.8000,4616,0,57270040.000,0,-,-,-,-,5207.6000,5206.6000,5205.2000,5204.4000,5204.0000,5211.0000,5211.8000,5212.0000,5216.6000,5217.6000,1,1,2,3,2,1,1,1,2,2
SF,IC2007,2020-05-25 09:31:51.500,5204.8000,4616,0,57270040.000,0,-,-,-,-,5207.6000,5206.6000,5205.2000,5204.4000,5204.0000,5211.0000,5211.8000,5212.0000,5216.6000,5217.6000,1,1,2,3,2,1,1,1,2,2
SF,IC2007,2020-05-25 09:31:52.500,5204.8000,4616,0,57270040.000,0,-,-,-,-,5207.6000,5205.2000,5204.4000,5204.0000,5203.0000,5211.0000,5211.8000,5212.0000,5216.6000,5217.6000,1,2,3,2,6,1,1,1,2,2
SF,IC2007,2020-05-25 09:31:53.000,5204.8000,4616,0,57270040.000,0,-,-,-,-,5207.6000,5205.2000,5204.4000,5204.0000,5203.0000,5210.8000,5211.0000,5211.8000,5212.0000,5216.6000,1,2,3,2,6,2,1,1,1,2
SF,IC2007,2020-05-25 09:31:53.500,5204.8000,4616,0,57270040.000,0,-,-,-,-,5207.6000,5205.2000,5204.4000,5204.0000,5203.0000,5210.6000,5210.8000,5211.0000,5211.8000,5212.0000,1,2,3,2,6,1,2,1,1,1
SF,IC2007,2020-05-25 09:31:54.000,5204.8000,4616,0,57270040.000,0,-,-,-,-,5207.6000,5205.2000,5204.4000,5204.0000,5203.0000,5210.6000,5210.8000,5211.0000,5211.8000,5212.0000,1,1,3,2,6,1,2,1,1,1
SF,IC2007,2020-05-25 09:31:54.500,5204.8000,4616,0,57270040.000,0,-,-,-,-,5207.6000,5205.2000,5204.4000,5204.0000,5203.0000,5210.4000,5210.6000,5210.8000,5211.0000,5211.8000,1,1,3,2,6,1,1,2,1,1
SF,IC2007,2020-05-25 09:31:55.000,5204.8000,4616,0,57270040.000,0,-,-,-,-,5207.6000,5205.2000,5204.4000,5204.0000,5203.0000,5210.2000,5210.4000,5210.6000,5210.8000,5211.0000,1,1,3,2,6,1,1,1,2,1
SF,IC2007,2020-05-25 09:31:55.500,5207.6000,4615,-1,58311560.000,1,0,1,双平,S,5205.2000,5204.4000,5204.0000,5203.0000,5202.8000,5210.2000,5210.4000,5210.6000,5210.8000,5211.0000,1,3,2,6,7,1,1,1,2,1
SF,IC2007,2020-05-25 09:31:56.000,5207.6000,4615,0,58311560.000,0,-,-,-,-,5204.4000,5204.0000,5203.0000,5202.8000,5200.0000,5208.4000,5210.2000,5210.4000,5210.6000,5210.8000,3,2,6,7,2,1,1,1,1,2
SF,IC2007,2020-05-25 09:31:56.500,5207.6000,4615,0,58311560.000,0,-,-,-,-,5204.6000,5204.4000,5204.0000,5203.0000,5202.8000,5210.2000,5210.4000,5210.6000,5210.8000,5211.0000,3,3,2,6,7,1,1,1,1,1
SF,IC2007,2020-05-25 09:31:57.000,5207.6000,4615,0,58311560.000,0,-,-,-,-,5204.6000,5204.4000,5204.0000,5203.0000,5202.8000,5208.4000,5210.0000,5210.2000,5210.4000,5210.6000,1,3,2,6,7,1,1,1,1,1
SF,IC2007,2020-05-25 09:31:57.500,5208.2000,4615,0,59353200.000,1,0,1,多换,S,5204.8000,5204.4000,5204.0000,5203.0000,5202.8000,5208.4000,5210.4000,5210.8000,5212.0000,5216.6000,1,3,2,6,7,1,1,1,1,2
SF,IC2007,2020-05-25 09:31:58.000,5208.2000,4615,0,59353200.000,0,-,-,-,-,5204.4000,5204.0000,5203.0000,5202.8000,5200.0000,5208.4000,5209.2000,5210.4000,5210.8000,5212.0000,2,2,6,7,2,1,2,1,1,1
SF,IC2007,2020-05-25 09:31:58.500,5208.2000,4615,0,59353200.000,0,-,-,-,-,5204.0000,5203.0000,5202.8000,5200.0000,5196.8000,5208.4000,5209.2000,5210.4000,5210.8000,5212.0000,2,6,7,2,5,1,2,1,1,1
SF,IC2007,2020-05-25 09:31:59.000,5208.2000,4615,0,59353200.000,0,-,-,-,-,5204.2000,5204.0000,5203.0000,5202.8000,5200.0000,5208.4000,5209.2000,5210.4000,5210.8000,5212.0000,2,2,6,7,2,1,2,1,1,1
SF,IC2007,2020-05-25 09:31:59.500,5208.2000,4615,0,59353200.000,0,-,-,-,-,5204.4000,5204.2000,5204.0000,5203.0000,5202.8000,5208.4000,5209.2000,5210.4000,5210.8000,5212.0000,1,1,2,6,7,1,2,1,1,1
SF,IC2007,2020-05-25 09:32:00.000,5208.2000,4615,0,59353200.000,0,-,-,-,-,5204.4000,5204.0000,5203.0000,5202.8000,5200.0000,5208.4000,5209.2000,5210.4000,5210.8000,5212.0000,1,2,6,7,2,1,2,1,1,1
SF,IC2007,2020-05-25 09:32:01.000,5208.2000,4615,0,59353200.000,0,-,-,-,-,5204.0000,5203.0000,5202.8000,5200.0000,5196.8000,5208.0000,5208.4000,5210.8000,5212.0000,5216.6000,2,6,7,2,5,2,1,1,1,2
SF,IC2007,2020-05-25 09:32:01.500,5208.2000,4615,0,59353200.000,0,-,-,-,-,5204.0000,5203.0000,5202.8000,5200.0000,5196.8000,5208.0000,5208.4000,5210.8000,5212.0000,5216.6000,2,6,7,2,5,3,1,1,1,2
SF,IC2007,2020-05-25 09:32:02.000,5208.2000,4615,0,59353200.000,0,-,-,-,-,5204.0000,5203.0000,5202.8000,5200.0000,5196.8000,5207.8000,5208.0000,5208.4000,5212.0000,5216.6000,2,6,7,2,5,2,3,1,1,2
SF,IC2007,2020-05-25 09:32:02.500,5208.2000,4615,0,59353200.000,0,-,-,-,-,5204.0000,5203.0000,5202.8000,5200.0000,5196.8000,5207.6000,5207.8000,5208.4000,5212.0000,5216.6000,2,6,7,2,5,2,1,1,1,2
SF,IC2007,2020-05-25 09:32:03.000,5208.2000,4615,0,59353200.000,0,-,-,-,-,5204.0000,5203.0000,5202.8000,5200.0000,5196.8000,5207.6000,5207.8000,5208.4000,5212.0000,5216.6000,2,6,7,2,5,2,1,1,1,2
SF,IC2007,2020-05-25 09:32:03.500,5208.2000,4615,0,59353200.000,0,-,-,-,-,5204.0000,5203.0000,5202.8000,5200.0000,5196.8000,5207.2000,5207.4000,5207.6000,5208.4000,5212.0000,2,6,7,2,5,1,1,1,1,1
SF,IC2007,2020-05-25 09:32:04.000,5208.2000,4615,0,59353200.000,0,-,-,-,-,5204.0000,5203.0000,5202.8000,5200.0000,5196.8000,5206.8000,5207.2000,5207.4000,5208.4000,5212.0000,2,6,7,2,5,1,2,1,1,1
SF,IC2007,2020-05-25 09:32:05.000,5208.2000,4615,0,59353200.000,0,-,-,-,-,5204.0000,5203.0000,5202.8000,5200.0000,5196.8000,5206.8000,5207.2000,5208.4000,5212.0000,5216.6000,2,6,7,2,5,1,2,1,1,2
SF,IC2007,2020-05-25 09:32:05.500,5208.2000,4615,0,59353200.000,0,-,-,-,-,5204.0000,5203.0000,5202.8000,5200.0000,5196.8000,5207.2000,5208.4000,5212.0000,5216.6000,5217.6000,2,6,7,2,5,2,1,1,2,2
SF,IC2007,2020-05-25 09:32:06.000,5208.2000,4615,0,59353200.000,0,-,-,-,-,5204.0000,5203.0000,5202.8000,5200.0000,5196.8000,5206.8000,5207.2000,5208.4000,5212.0000,5216.6000,2,6,7,2,5,1,2,1,1,2
SF,IC2007,2020-05-25 09:32:06.500,5208.2000,4615,0,59353200.000,0,-,-,-,-,5204.0000,5203.0000,5202.8000,5200.0000,5196.8000,5206.4000,5207.2000,5207.8000,5208.4000,5212.0000,2,6,7,2,5,1,2,1,1,1
SF,IC2007,2020-05-25 09:32:07.000,5208.2000,4615,0,59353200.000,0,-,-,-,-,5204.0000,5203.0000,5202.8000,5200.0000,5196.8000,5206.0000,5207.2000,5208.4000,5212.0000,5216.6000,2,6,7,2,5,1,2,1,1,2
SF,IC2007,2020-05-25 09:32:07.500,5208.2000,4615,0,59353200.000,0,-,-,-,-,5204.0000,5203.0000,5202.8000,5200.0000,5196.8000,5205.8000,5207.2000,5207.8000,5208.4000,5212.0000,2,6,7,2,5,1,2,1,1,1
SF,IC2007,2020-05-25 09:32:08.000,5208.2000,4615,0,59353200.000,0,-,-,-,-,5204.0000,5203.0000,5202.8000,5200.0000,5196.8000,5205.8000,5207.2000,5207.8000,5208.4000,5212.0000,2,6,7,2,5,1,2,1,1,1
SF,IC2007,2020-05-25 09:32:08.500,5208.2000,4615,0,59353200.000,0,-,-,-,-,5204.0000,5203.0000,5202.8000,5200.0000,5196.8000,5205.8000,5207.2000,5207.8000,5208.4000,5212.0000,2,6,7,2,5,1,2,1,6,1
SF,IC2007,2020-05-25 09:32:09.000,5204.0000,4615,0,60394000.000,1,0,1,多换,S,5204.0000,5203.0000,5202.8000,5200.0000,5196.8000,5205.8000,5207.2000,5207.8000,5208.4000,5212.0000,1,6,7,2,5,1,2,1,1,1
SF,IC2007,2020-05-25 09:32:10.000,5204.0000,4615,0,61434800.000,1,0,1,多换,S,5203.0000,5202.8000,5200.0000,5196.8000,5194.0000,5203.8000,5205.8000,5207.2000,5207.8000,5208.4000,6,7,2,5,1,1,1,2,1,1
SF,IC2007,2020-05-25 09:32:10.500,5203.0000,4614,-1,64556800.000,3,1,2,多平,S,5203.0000,5202.8000,5200.0000,5194.0000,5192.2000,5207.0000,5207.2000,5207.8000,5208.4000,5212.0000,4,7,2,1,5,1,2,1,1,1
SF,IC2007,2020-05-25 09:32:11.000,5203.0000,4614,0,64556800.000,0,-,-,-,-,5203.0000,5202.8000,5200.0000,5194.0000,5192.2000,5204.6000,5205.4000,5205.8000,5206.8000,5207.0000,4,7,2,1,5,1,1,1,2,1
SF,IC2007,2020-05-25 09:32:11.500,5203.0000,4614,0,67678880.000,3,1,2,多换,S,5203.0000,5202.8000,5200.0000,5194.0000,5192.2000,5204.4000,5204.6000,5205.4000,5205.8000,5206.8000,2,7,2,1,5,1,1,1,1,1
SF,IC2007,2020-05-25 09:32:12.000,5203.0000,4614,0,69760080.000,2,1,1,多换,S,5202.8000,5200.0000,5194.0000,5192.2000,5191.0000,5204.4000,5204.6000,5205.4000,5205.8000,5206.2000,7,2,1,5,5,1,1,1,1,2
SF,IC2007,2020-05-25 09:32:12.500,5203.0000,4614,0,69760080.000,0,-,-,-,-,5202.8000,5200.0000,5194.0000,5192.2000,5191.0000,5204.2000,5204.6000,5205.4000,5205.8000,5206.2000,7,2,1,5,5,1,1,1,1,2
SF,IC2007,2020-05-25 09:32:13.000,5203.0000,4614,0,69760080.000,0,-,-,-,-,5202.8000,5200.0000,5194.0000,5192.2000,5191.0000,5204.2000,5204.6000,5205.4000,5205.8000,5206.8000,7,2,1,5,5,1,1,1,1,1
SF,IC2007,2020-05-25 09:32:13.500,5203.0000,4614,0,69760080.000,0,-,-,-,-,5202.8000,5200.0000,5194.0000,5192.2000,5191.0000,5204.2000,5204.6000,5205.4000,5206.8000,5207.0000,7,2,1,5,5,1,1,1,1,1
SF,IC2007,2020-05-25 09:32:14.000,5203.0000,4614,0,69760080.000,0,-,-,-,-,5202.8000,5200.8000,5200.0000,5194.0000,5192.2000,5204.2000,5204.6000,5205.4000,5206.8000,5207.0000,7,2,2,1,5,1,1,1,1,1
SF,IC2007,2020-05-25 09:32:16.000,5203.0000,4614,0,69760080.000,0,-,-,-,-,5202.8000,5200.8000,5200.0000,5194.0000,5192.2000,5204.2000,5205.4000,5206.8000,5207.0000,5207.2000,7,2,2,1,5,1,1,1,1,2
SF,IC2007,2020-05-25 09:32:16.500,5202.8000,4614,0,70800640.000,1,0,1,多换,S,5202.8000,5200.8000,5200.0000,5194.0000,5192.2000,5204.2000,5205.4000,5206.8000,5207.0000,5207.2000,6,2,2,1,5,1,1,1,1,2
SF,IC2007,2020-05-25 09:32:17.000,5202.8000,4620,6,77044000.000,6,6,0,双开,S,5200.8000,5200.0000,5194.0000,5192.2000,5191.0000,5202.6000,5204.2000,5205.4000,5206.8000,5207.2000,2,2,1,5,5,1,1,1,1,2
SF,IC2007,2020-05-25 09:32:17.500,5202.8000,4621,1,78084560.000,1,1,0,双开,S,5200.8000,5200.0000,5194.0000,5192.2000,5191.0000,5205.4000,5206.8000,5207.2000,5207.6000,5212.0000,2,2,1,5,5,1,1,2,1,1
SF,IC2007,2020-05-25 09:32:18.000,5202.8000,4621,0,78084560.000,0,-,-,-,-,5200.8000,5200.0000,5194.0000,5192.2000,5191.0000,5204.0000,5204.6000,5205.2000,5205.4000,5206.8000,2,2,1,5,5,1,1,1,1,1
SF,IC2007,2020-05-25 09:32:18.500,5203.6000,4620,-1,79125280.000,1,0,1,双平,S,5200.8000,5200.0000,5194.0000,5192.2000,5191.0000,5203.6000,5205.2000,5205.4000,5206.8000,5207.2000,2,2,1,5,5,1,1,1,1,2
SF,IC2007,2020-05-25 09:32:19.000,5203.6000,4620,0,79125280.000,0,-,-,-,-,5200.8000,5200.0000,5194.0000,5192.2000,5191.0000,5203.4000,5205.2000,5205.4000,5206.8000,5207.2000,2,2,1,5,5,1,1,1,1,2
SF,IC2007,2020-05-25 09:32:21.000,5203.6000,4620,0,79125280.000,0,-,-,-,-,5200.8000,5200.0000,5194.0000,5192.2000,5191.0000,5203.4000,5205.2000,5205.4000,5206.8000,5207.2000,2,2,1,5,5,1,1,1,1,2
SF,IC2007,2020-05-25 09:32:21.500,5203.6000,4620,0,79125280.000,0,-,-,-,-,5200.8000,5200.0000,5194.0000,5192.2000,5191.0000,5203.2000,5205.2000,5205.4000,5206.8000,5207.2000,2,2,1,5,5,1,1,1,1,2
SF,IC2007,2020-05-25 09:32:22.500,5203.6000,4620,0,79125280.000,0,-,-,-,-,5200.8000,5200.0000,5194.0000,5192.2000,5191.0000,5203.2000,5205.2000,5205.4000,5206.8000,5207.2000,2,3,1,5,5,1,1,1,1,2
SF,IC2007,2020-05-25 09:32:23.000,5203.6000,4620,0,79125280.000,0,-,-,-,-,5200.8000,5200.0000,5194.0000,5192.2000,5191.0000,5203.0000,5205.2000,5205.4000,5206.8000,5207.2000,2,3,1,5,5,1,1,1,1,2
SF,IC2007,2020-05-25 09:32:23.500,5203.6000,4620,0,79125280.000,0,-,-,-,-,5200.8000,5200.0000,5194.0000,5192.2000,5191.0000,5202.8000,5205.2000,5205.4000,5206.8000,5207.2000,2,3,1,5,5,1,1,1,1,2
SF,IC2007,2020-05-25 09:32:26.000,5200.8000,4621,1,80165440.000,1,1,0,双开,S,5200.8000,5200.0000,5194.0000,5192.2000,5191.0000,5202.6000,5202.8000,5205.2000,5205.4000,5207.2000,1,3,1,5,5,1,2,1,1,1
SF,IC2007,2020-05-25 09:32:26.500,5200.8000,4621,0,80165440.000,0,-,-,-,-,5200.8000,5200.0000,5194.0000,5192.2000,5191.0000,5202.2000,5205.2000,5205.4000,5207.2000,5212.0000,1,3,1,5,5,1,1,1,1,1
SF,IC2007,2020-05-25 09:32:27.000,5200.8000,4621,0,80165440.000,0,-,-,-,-,5200.8000,5200.0000,5194.0000,5192.2000,5191.0000,5202.0000,5205.2000,5205.4000,5207.2000,5212.0000,1,3,1,5,5,1,1,1,1,1
SF,IC2007,2020-05-25 09:32:29.000,5201.0000,4620,-1,82246040.000,2,0,2,多平,S,5201.0000,5200.8000,5200.0000,5194.0000,5192.2000,5205.2000,5205.4000,5207.2000,5212.0000,5214.2000,1,1,3,1,5,1,1,1,1,5
SF,IC2007,2020-05-25 09:32:29.500,5201.0000,4620,0,82246040.000,0,-,-,-,-,5200.8000,5200.0000,5194.0000,5192.2000,5191.0000,5203.0000,5203.4000,5204.8000,5205.0000,5205.2000,1,3,1,5,5,1,1,1,2,1
SF,IC2007,2020-05-25 09:32:30.000,5201.0000,4620,0,82246040.000,0,-,-,-,-,5200.8000,5200.0000,5194.0000,5192.2000,5191.0000,5203.0000,5204.8000,5205.0000,5205.2000,5207.2000,1,3,1,5,5,1,1,1,1,1
SF,IC2007,2020-05-25 09:32:30.500,5201.0000,4620,0,82246040.000,0,-,-,-,-,5200.8000,5200.0000,5194.0000,5192.2000,5191.0000,5201.0000,5203.0000,5204.8000,5205.0000,5205.2000,1,3,1,5,5,1,1,1,1,1
SF,IC2007,2020-05-25 09:32:31.000,5200.8000,4620,0,84326400.000,2,1,1,多换,S,5200.0000,5194.0000,5192.2000,5191.0000,5188.0000,5203.0000,5204.8000,5205.0000,5205.2000,5207.2000,3,1,5,5,2,1,1,1,1,1
SF,IC2007,2020-05-25 09:32:31.500,5200.8000,4620,0,84326400.000,0,-,-,-,-,5200.0000,5194.0000,5192.2000,5191.0000,5188.0000,5202.8000,5204.8000,5205.0000,5205.2000,5207.2000,3,1,5,5,2,1,1,1,1,1
SF,IC2007,2020-05-25 09:32:32.500,5200.8000,4620,0,84326400.000,0,-,-,-,-,5200.0000,5194.0000,5192.2000,5191.0000,5188.0000,5202.8000,5204.8000,5205.0000,5205.2000,5207.2000,3,1,5,5,2,1,1,1,1,1
SF,IC2007,2020-05-25 09:32:34.500,5200.8000,4620,0,84326400.000,0,-,-,-,-,5200.0000,5194.0000,5192.2000,5191.0000,5188.0000,5202.4000,5202.8000,5204.8000,5205.0000,5205.2000,3,1,5,5,2,1,1,1,1,1
SF,IC2007,2020-05-25 09:32:35.500,5200.8000,4620,0,84326400.000,0,-,-,-,-,5200.0000,5194.0000,5192.2000,5191.0000,5188.0000,5202.0000,5202.8000,5204.8000,5205.0000,5205.2000,3,1,5,5,2,1,1,1,1,1
SF,IC2007,2020-05-25 09:32:36.000,5200.0000,4620,0,86406440.000,2,1,1,多换,S,5200.0000,5194.0000,5192.2000,5191.0000,5188.0000,5202.8000,5204.8000,5205.0000,5205.2000,5207.2000,2,1,5,5,2,1,1,1,1,1
SF,IC2007,2020-05-25 09:32:36.500,5200.0000,4620,0,86406440.000,0,-,-,-,-,5200.0000,5194.0000,5192.2000,5191.0000,5188.0000,5202.4000,5202.8000,5204.8000,5205.0000,5205.2000,2,1,5,5,2,2,1,1,1,1
SF,IC2007,2020-05-25 09:32:37.000,5200.0000,4620,0,86406440.000,0,-,-,-,-,5200.0000,5194.0000,5192.2000,5191.0000,5188.0000,5202.8000,5204.8000,5205.0000,5205.2000,5207.2000,2,1,5,5,2,1,1,1,1,1
SF,IC2007,2020-05-25 09:32:37.500,5202.4000,4620,0,87446920.000,1,0,1,多换,S,5200.0000,5194.0000,5192.2000,5191.0000,5188.0000,5202.4000,5202.6000,5202.8000,5204.8000,5205.0000,2,1,5,5,2,1,1,1,1,1
SF,IC2007,2020-05-25 09:32:38.000,5202.4000,4620,0,87446920.000,0,-,-,-,-,5200.4000,5200.0000,5194.0000,5192.2000,5191.0000,5202.8000,5204.8000,5205.0000,5205.2000,5207.2000,1,2,1,5,5,1,1,1,1,1
SF,IC2007,2020-05-25 09:32:38.500,5202.4000,4620,0,87446920.000,0,-,-,-,-,5200.0000,5194.0000,5192.2000,5191.0000,5188.0000,5202.4000,5204.8000,5205.0000,5205.2000,5207.2000,2,1,5,5,2,1,1,1,1,1
SF,IC2007,2020-05-25 09:32:39.000,5202.4000,4620,0,87446920.000,0,-,-,-,-,5200.4000,5200.0000,5194.0000,5192.2000,5191.0000,5204.8000,5205.0000,5205.2000,5207.2000,5208.8000,1,2,1,5,5,1,1,1,1,1
SF,IC2007,2020-05-25 09:32:39.500,5202.4000,4620,0,87446920.000,0,-,-,-,-,5200.0000,5194.0000,5192.2000,5191.0000,5188.0000,5203.0000,5203.8000,5204.4000,5204.6000,5204.8000,2,1,5,5,2,1,2,1,1,1
SF,IC2007,2020-05-25 09:32:40.000,5202.4000,4620,0,87446920.000,0,-,-,-,-,5200.0000,5194.0000,5192.2000,5191.0000,5188.0000,5203.0000,5204.8000,5205.0000,5205.2000,5207.2000,2,1,5,5,2,1,1,1,1,1
SF,IC2007,2020-05-25 09:32:40.500,5202.4000,4620,0,87446920.000,0,-,-,-,-,5200.0000,5194.0000,5192.2000,5191.0000,5188.0000,5204.8000,5205.0000,5207.2000,5208.8000,5209.8000,2,1,5,5,2,1,1,1,1,1
SF,IC2007,2020-05-25 09:32:41.000,5202.4000,4620,0,87446920.000,0,-,-,-,-,5200.0000,5194.0000,5192.2000,5191.0000,5188.0000,5203.6000,5204.0000,5204.6000,5204.8000,5205.0000,2,1,5,5,2,1,1,3,2,1
SF,IC2007,2020-05-25 09:32:41.500,5200.0000,4620,0,88486920.000,1,0,1,多换,S,5200.0000,5194.0000,5192.2000,5191.0000,5188.0000,5203.6000,5204.0000,5204.8000,5205.0000,5207.2000,1,1,5,5,2,1,1,1,1,1
SF,IC2007,2020-05-25 09:32:42.000,5200.0000,4620,0,88486920.000,0,-,-,-,-,5200.0000,5194.0000,5192.2000,5191.0000,5188.0000,5204.0000,5204.8000,5205.0000,5207.2000,5208.8000,1,1,5,5,2,1,1,1,1,1
SF,IC2007,2020-05-25 09:32:43.000,5200.0000,4620,0,88486920.000,0,-,-,-,-,5200.0000,5194.0000,5192.2000,5191.0000,5188.0000,5204.0000,5207.2000,5208.8000,5209.8000,5212.0000,1,1,5,5,2,1,1,1,1,1
SF,IC2007,2020-05-25 09:32:43.500,5200.0000,4620,0,88486920.000,0,-,-,-,-,5200.6000,5200.4000,5200.0000,5194.0000,5192.2000,5204.0000,5207.2000,5208.8000,5209.8000,5212.0000,1,1,1,1,5,1,1,1,1,1
SF,IC2007,2020-05-25 09:32:44.000,5200.0000,4620,0,88486920.000,0,-,-,-,-,5200.4000,5200.0000,5194.0000,5192.2000,5191.0000,5203.8000,5207.2000,5208.8000,5209.8000,5212.0000,1,1,1,5,5,2,1,1,1,1
SF,IC2007,2020-05-25 09:32:44.500,5200.0000,4620,0,88486920.000,0,-,-,-,-,5200.0000,5194.0000,5192.2000,5191.0000,5188.0000,5203.8000,5207.2000,5208.8000,5209.8000,5212.0000,1,1,5,5,2,1,1,1,1,1
SF,IC2007,2020-05-25 09:32:45.000,5200.0000,4620,0,88486920.000,0,-,-,-,-,5200.0000,5194.0000,5192.2000,5191.0000,5188.0000,5207.2000,5208.8000,5209.8000,5212.0000,5214.2000,1,1,5,5,2,1,1,1,1,5
SF,IC2007,2020-05-25 09:32:45.500,5200.0000,4620,0,88486920.000,0,-,-,-,-,5200.2000,5200.0000,5194.0000,5192.2000,5191.0000,5204.4000,5204.6000,5205.4000,5206.4000,5207.0000,3,1,1,5,5,1,1,1,1,2
SF,IC2007,2020-05-25 09:32:46.000,5200.0000,4620,0,88486920.000,0,-,-,-,-,5200.2000,5200.0000,5194.0000,5192.2000,5191.0000,5204.6000,5205.0000,5205.4000,5206.4000,5207.0000,3,1,1,5,5,1,1,1,1,1
SF,IC2007,2020-05-25 09:32:46.500,5200.0000,4620,0,88486920.000,0,-,-,-,-,5200.4000,5200.2000,5200.0000,5194.0000,5192.2000,5204.6000,5205.0000,5206.4000,5207.0000,5207.2000,1,3,1,1,5,1,1,1,1,2
SF,IC2007,2020-05-25 09:32:47.000,5200.0000,4620,0,88486920.000,0,-,-,-,-,5201.2000,5200.4000,5200.2000,5200.0000,5194.0000,5205.0000,5206.4000,5207.0000,5207.2000,5208.8000,1,2,2,1,1,1,1,1,2,1
SF,IC2007,2020-05-25 09:32:47.500,5200.0000,4620,0,88486920.000,0,-,-,-,-,5201.2000,5200.4000,5200.2000,5200.0000,5194.0000,5207.0000,5207.2000,5208.8000,5209.8000,5212.0000,1,2,2,2,1,1,2,1,1,1
SF,IC2007,2020-05-25 09:32:48.000,5200.0000,4620,0,88486920.000,0,-,-,-,-,5201.2000,5200.4000,5200.2000,5200.0000,5194.0000,5206.0000,5206.8000,5207.0000,5207.2000,5208.8000,1,2,1,2,1,1,2,1,2,1
SF,IC2007,2020-05-25 09:32:48.500,5200.0000,4620,0,88486920.000,0,-,-,-,-,5201.2000,5200.4000,5200.2000,5200.0000,5194.0000,5205.8000,5206.8000,5207.0000,5207.2000,5208.8000,1,2,1,1,1,1,2,1,2,1
SF,IC2007,2020-05-25 09:32:49.000,5200.0000,4620,0,88486920.000,0,-,-,-,-,5201.4000,5201.2000,5200.4000,5200.2000,5200.0000,5205.4000,5205.6000,5205.8000,5207.0000,5207.2000,1,1,2,1,1,1,1,1,1,2
SF,IC2007,2020-05-25 09:32:49.500,5200.0000,4620,0,88486920.000,0,-,-,-,-,5200.4000,5200.2000,5200.0000,5194.0000,5192.2000,5205.8000,5207.0000,5207.2000,5208.8000,5209.8000,1,1,1,1,5,1,1,2,1,1
SF,IC2007,2020-05-25 09:32:50.000,5200.0000,4620,0,88486920.000,0,-,-,-,-,5201.4000,5200.8000,5200.6000,5200.4000,5200.2000,5207.0000,5207.2000,5208.8000,5209.8000,5212.0000,1,1,5,1,1,1,2,1,1,1
SF,IC2007,2020-05-25 09:32:50.500,5200.0000,4620,0,88486920.000,0,-,-,-,-,5201.4000,5201.0000,5200.8000,5200.6000,5200.4000,5207.0000,5207.2000,5208.8000,5209.8000,5212.0000,1,1,1,5,1,2,2,1,1,1
SF,IC2007,2020-05-25 09:32:51.000,5200.0000,4620,0,88486920.000,0,-,-,-,-,5202.0000,5201.6000,5201.4000,5200.8000,5200.6000,5206.6000,5206.8000,5207.2000,5208.8000,5209.8000,1,1,1,1,4,1,1,1,1,1
SF,IC2007,2020-05-25 09:32:51.500,5200.0000,4620,0,88486920.000,0,-,-,-,-,5202.0000,5201.6000,5201.4000,5200.8000,5200.2000,5205.8000,5206.4000,5206.6000,5206.8000,5207.2000,1,1,1,1,1,1,1,1,1,1
SF,IC2007,2020-05-25 09:32:52.000,5200.0000,4620,0,88486920.000,0,-,-,-,-,5201.6000,5201.4000,5200.8000,5200.2000,5200.0000,5205.4000,5206.8000,5207.0000,5207.2000,5208.8000,1,1,1,1,1,1,1,1,1,1
SF,IC2007,2020-05-25 09:32:52.500,5205.4000,4619,-1,89528000.000,1,0,1,双平,S,5201.6000,5201.4000,5200.2000,5200.0000,5194.0000,5207.0000,5207.2000,5208.8000,5209.8000,5212.0000,1,1,1,2,1,1,1,1,1,1
SF,IC2007,2020-05-25 09:32:53.000,5205.4000,4619,0,89528000.000,0,-,-,-,-,5201.8000,5201.6000,5201.4000,5200.2000,5200.0000,5207.0000,5208.8000,5209.8000,5212.0000,5214.2000,1,1,1,1,2,1,1,1,1,5
SF,IC2007,2020-05-25 09:32:53.500,5205.4000,4619,0,89528000.000,0,-,-,-,-,5201.8000,5201.6000,5201.4000,5200.4000,5200.2000,5207.0000,5207.2000,5208.8000,5209.8000,5212.0000,1,1,1,1,1,1,1,1,1,1
SF,IC2007,2020-05-25 09:32:54.000,5205.4000,4619,0,89528000.000,0,-,-,-,-,5202.8000,5201.8000,5201.6000,5200.4000,5200.2000,5207.0000,5208.8000,5209.8000,5212.0000,5214.2000,1,1,1,1,1,1,1,1,1,5
SF,IC2007,2020-05-25 09:32:54.500,5205.4000,4619,0,89528000.000,0,-,-,-,-,5203.0000,5202.8000,5202.6000,5201.8000,5201.6000,5207.0000,5208.8000,5209.8000,5212.0000,5214.2000,1,1,1,1,1,1,1,1,1,5
SF,IC2007,2020-05-25 09:32:55.000,5205.4000,4619,0,89528000.000,0,-,-,-,-,5203.2000,5203.0000,5202.8000,5202.6000,5201.8000,5207.0000,5208.8000,5209.8000,5212.0000,5214.2000,3,1,1,2,1,1,1,1,1,5
SF,IC2007,2020-05-25 09:32:55.500,5205.4000,4619,0,89528000.000,0,-,-,-,-,5204.6000,5203.6000,5203.4000,5203.2000,5203.0000,5207.0000,5208.8000,5209.8000,5212.0000,5214.2000,1,1,1,2,1,1,1,1,1,5
SF,IC2007,2020-05-25 09:32:56.000,5205.4000,4619,0,89528000.000,0,-,-,-,-,5205.0000,5204.6000,5203.6000,5203.4000,5203.2000,5207.0000,5208.8000,5209.8000,5212.0000,5214.2000,1,1,1,1,1,1,1,1,1,5
SF,IC2007,2020-05-25 09:32:56.500,5207.0000,4618,-1,90569400.000,1,0,1,双平,S,5205.2000,5203.6000,5203.4000,5203.0000,5202.6000,5208.8000,5209.8000,5212.0000,5214.2000,5216.6000,1,1,1,1,1,1,1,1,5,2
SF,IC2007,2020-05-25 09:32:57.000,5207.0000,4618,0,90569400.000,0,-,-,-,-,5203.6000,5203.4000,5203.0000,5202.6000,5201.6000,5208.8000,5209.8000,5212.0000,5214.2000,5216.6000,1,1,1,1,1,1,1,1,5,2
SF,IC2007,2020-05-25 09:32:57.500,5207.0000,4618,0,90569400.000,0,-,-,-,-,5207.0000,5204.8000,5204.4000,5203.8000,5203.6000,5208.8000,5209.8000,5212.0000,5214.2000,5216.6000,1,1,1,5,1,1,1,1,5,2
SF,IC2007,2020-05-25 09:32:58.000,5207.0000,4618,0,90569400.000,0,-,-,-,-,5207.0000,5205.0000,5204.8000,5204.4000,5203.8000,5208.8000,5209.8000,5212.0000,5214.2000,5216.6000,1,1,1,1,5,1,1,1,5,2
SF,IC2007,2020-05-25 09:33:00.500,5207.0000,4618,0,90569400.000,0,-,-,-,-,5207.0000,5205.0000,5204.4000,5203.8000,5203.6000,5208.8000,5209.8000,5212.0000,5214.2000,5216.6000,1,1,1,5,1,1,1,1,5,2
SF,IC2007,2020-05-25 09:33:01.000,5207.0000,4618,0,91610800.000,1,0,1,多换,S,5205.0000,5204.4000,5203.8000,5203.6000,5203.0000,5208.8000,5209.8000,5212.0000,5214.2000,5216.6000,1,1,4,1,1,1,1,1,5,2
SF,IC2007,2020-05-25 09:33:01.500,5207.0000,4618,0,91610800.000,0,-,-,-,-,5205.0000,5203.6000,5203.0000,5202.6000,5200.4000,5208.8000,5209.8000,5212.0000,5214.2000,5216.6000,1,1,1,1,1,1,1,1,5,2
SF,IC2007,2020-05-25 09:33:03.500,5207.0000,4618,0,91610800.000,0,-,-,-,-,5205.0000,5203.6000,5203.0000,5202.6000,5200.4000,5208.8000,5209.8000,5212.0000,5214.2000,5216.6000,1,1,2,1,1,1,1,1,5,2
SF,IC2007,2020-05-25 09:33:05.000,5207.0000,4618,0,91610800.000,0,-,-,-,-,5203.6000,5203.0000,5202.6000,5200.4000,5200.2000,5208.8000,5209.8000,5212.0000,5214.2000,5216.6000,1,2,1,1,2,1,1,1,5,2
SF,IC2007,2020-05-25 09:33:05.500,5207.0000,4618,0,91610800.000,0,-,-,-,-,5203.0000,5202.6000,5200.4000,5200.2000,5200.0000,5208.2000,5208.8000,5209.8000,5212.0000,5214.2000,2,1,1,2,1,1,1,1,1,5
SF,IC2007,2020-05-25 09:33:06.000,5208.2000,4617,-1,92652440.000,1,0,1,双平,S,5203.0000,5202.6000,5200.4000,5200.2000,5200.0000,5208.8000,5209.8000,5212.0000,5214.2000,5216.6000,2,1,1,2,1,1,1,1,5,2
SF,IC2007,2020-05-25 09:33:06.500,5208.2000,4617,0,92652440.000,0,-,-,-,-,5203.2000,5203.0000,5202.6000,5200.4000,5200.2000,5208.6000,5208.8000,5209.8000,5212.0000,5214.2000,1,2,1,1,2,1,1,1,1,5
SF,IC2007,2020-05-25 09:33:07.000,5208.2000,4617,0,92652440.000,0,-,-,-,-,5203.6000,5203.4000,5203.2000,5203.0000,5202.6000,5208.8000,5209.8000,5212.0000,5214.2000,5216.6000,1,1,1,2,1,1,1,1,5,2
SF,IC2007,2020-05-25 09:33:07.500,5208.2000,4617,0,92652440.000,0,-,-,-,-,5204.0000,5203.6000,5203.4000,5203.2000,5203.0000,5208.8000,5209.8000,5212.0000,5214.2000,5216.6000,1,1,1,1,2,1,1,1,5,2
SF,IC2007,2020-05-25 09:33:08.500,5208.2000,4617,0,92652440.000,0,-,-,-,-,5204.2000,5204.0000,5203.0000,5200.4000,5200.2000,5208.8000,5209.8000,5212.0000,5214.2000,5216.6000,1,1,1,1,2,1,1,1,5,2
SF,IC2007,2020-05-25 09:33:09.000,5208.2000,4617,0,92652440.000,0,-,-,-,-,5204.0000,5203.0000,5200.4000,5200.2000,5200.0000,5208.6000,5208.8000,5209.8000,5212.0000,5214.2000,1,1,1,2,1,1,1,1,1,5
SF,IC2007,2020-05-25 09:33:09.500,5208.2000,4617,0,92652440.000,0,-,-,-,-,5204.0000,5203.0000,5200.4000,5200.2000,5200.0000,5208.2000,5208.4000,5208.6000,5208.8000,5209.8000,1,1,1,2,1,1,1,1,1,1
SF,IC2007,2020-05-25 09:33:10.000,5208.2000,4617,0,92652440.000,0,-,-,-,-,5203.0000,5200.4000,5200.2000,5200.0000,5192.2000,5208.2000,5208.4000,5208.6000,5208.8000,5209.8000,1,1,2,1,5,1,1,1,1,1
SF,IC2007,2020-05-25 09:33:10.500,5208.2000,4617,0,92652440.000,0,-,-,-,-,5203.0000,5200.4000,5200.2000,5200.0000,5192.2000,5208.2000,5208.4000,5208.6000,5208.8000,5209.8000,1,1,2,1,5,2,1,1,1,1
SF,IC2007,2020-05-25 09:33:11.000,5208.2000,4617,0,92652440.000,0,-,-,-,-,5203.0000,5200.4000,5200.2000,5200.0000,5192.2000,5208.0000,5208.2000,5208.6000,5208.8000,5209.8000,1,1,2,1,5,1,2,1,1,1
SF,IC2007,2020-05-25 09:33:11.500,5208.2000,4617,0,92652440.000,0,-,-,-,-,5203.0000,5200.4000,5200.2000,5200.0000,5192.2000,5208.0000,5208.2000,5208.8000,5209.8000,5212.0000,1,1,2,1,5,1,2,1,1,1
SF,IC2007,2020-05-25 09:33:12.500,5208.2000,4617,0,92652440.000,0,-,-,-,-,5203.0000,5200.4000,5200.2000,5200.0000,5192.2000,5207.6000,5207.8000,5208.0000,5208.2000,5208.8000,1,1,2,1,5,2,2,1,2,1
SF,IC2007,2020-05-25 09:33:13.000,5208.2000,4617,0,92652440.000,0,-,-,-,-,5203.0000,5200.4000,5200.2000,5200.0000,5192.2000,5207.6000,5207.8000,5208.0000,5208.2000,5208.8000,1,1,2,1,5,2,2,1,2,1
SF,IC2007,2020-05-25 09:33:13.500,5208.2000,4617,0,92652440.000,0,-,-,-,-,5203.0000,5200.4000,5200.2000,5200.0000,5192.2000,5207.4000,5207.6000,5207.8000,5208.2000,5208.8000,1,1,2,1,5,2,2,2,2,1
SF,IC2007,2020-05-25 09:33:14.000,5208.2000,4617,0,92652440.000,0,-,-,-,-,5203.0000,5200.4000,5200.2000,5200.0000,5192.2000,5207.4000,5207.6000,5208.2000,5208.8000,5209.8000,1,1,2,1,5,3,1,2,1,1
SF,IC2007,2020-05-25 09:33:14.500,5208.2000,4617,0,92652440.000,0,-,-,-,-,5203.0000,5200.4000,5200.2000,5200.0000,5192.2000,5207.4000,5208.2000,5208.8000,5209.8000,5212.0000,1,1,2,1,5,1,2,1,1,1
SF,IC2007,2020-05-25 09:33:15.000,5208.2000,4617,0,92652440.000,0,-,-,-,-,5203.2000,5203.0000,5200.4000,5200.2000,5200.0000,5208.2000,5208.8000,5209.8000,5212.0000,5214.2000,1,1,1,2,1,2,1,1,1,5
SF,IC2007,2020-05-25 09:33:15.500,5208.2000,4617,0,92652440.000,0,-,-,-,-,5203.2000,5203.0000,5200.4000,5200.2000,5200.0000,5208.2000,5208.8000,5209.8000,5212.0000,5214.2000,1,1,1,2,1,1,1,1,1,5
SF,IC2007,2020-05-25 09:33:16.000,5208.2000,4617,0,92652440.000,0,-,-,-,-,5204.0000,5203.0000,5200.4000,5200.2000,5200.0000,5207.4000,5208.0000,5208.2000,5208.8000,5209.8000,1,1,1,2,1,2,2,1,1,1
SF,IC2007,2020-05-25 09:33:16.500,5204.0000,4617,0,93693240.000,1,0,1,多换,S,5203.0000,5200.4000,5200.2000,5200.0000,5192.2000,5207.4000,5208.2000,5208.8000,5209.8000,5212.0000,1,1,2,1,5,1,1,1,1,1
SF,IC2007,2020-05-25 09:33:17.000,5204.0000,4617,0,93693240.000,0,-,-,-,-,5203.0000,5200.4000,5200.2000,5200.0000,5192.2000,5208.2000,5208.8000,5209.8000,5212.0000,5214.2000,1,1,2,1,5,1,1,1,1,5
SF,IC2007,2020-05-25 09:33:17.500,5207.8000,4618,1,94734800.000,1,1,0,双开,S,5203.0000,5200.4000,5200.2000,5200.0000,5192.2000,5208.2000,5208.8000,5209.8000,5212.0000,5214.2000,1,1,2,1,5,1,1,1,1,5
SF,IC2007,2020-05-25 09:33:18.000,5207.8000,4618,0,94734800.000,0,-,-,-,-,5203.0000,5200.4000,5200.2000,5200.0000,5192.2000,5208.0000,5208.2000,5208.8000,5209.8000,5212.0000,1,1,2,1,5,2,1,1,1,1
SF,IC2007,2020-05-25 09:33:18.500,5207.8000,4618,0,94734800.000,0,-,-,-,-,5203.6000,5203.2000,5203.0000,5200.4000,5200.2000,5208.0000,5208.2000,5208.8000,5209.8000,5212.0000,1,1,1,1,2,2,1,1,1,1
SF,IC2007,2020-05-25 09:33:19.000,5207.8000,4618,0,94734800.000,0,-,-,-,-,5203.6000,5203.2000,5203.0000,5200.4000,5200.2000,5207.6000,5207.8000,5208.0000,5208.2000,5208.8000,1,1,1,1,2,2,2,2,1,1
SF,IC2007,2020-05-25 09:33:19.500,5207.8000,4618,0,94734800.000,0,-,-,-,-,5203.2000,5203.0000,5200.4000,5200.2000,5200.0000,5207.6000,5207.8000,5208.0000,5208.2000,5208.8000,1,1,1,2,1,2,2,2,1,1
SF,IC2007,2020-05-25 09:33:20.000,5207.8000,4618,0,94734800.000,0,-,-,-,-,5203.2000,5203.0000,5200.4000,5200.2000,5200.0000,5207.4000,5208.0000,5208.2000,5208.8000,5209.8000,1,2,1,2,1,1,1,1,1,1
SF,IC2007,2020-05-25 09:33:20.500,5207.8000,4618,0,94734800.000,0,-,-,-,-,5203.2000,5203.0000,5200.4000,5200.2000,5200.0000,5207.4000,5208.2000,5208.8000,5209.8000,5212.0000,1,2,1,2,1,1,1,1,1,1
SF,IC2007,2020-05-25 09:33:21.000,5207.8000,4618,0,94734800.000,0,-,-,-,-,5203.2000,5203.0000,5200.4000,5200.2000,5200.0000,5208.2000,5208.8000,5209.8000,5212.0000,5214.2000,1,3,1,2,1,1,1,1,1,5
SF,IC2007,2020-05-25 09:33:21.500,5207.8000,4618,0,94734800.000,0,-,-,-,-,5203.6000,5203.2000,5203.0000,5200.4000,5200.2000,5208.2000,5208.8000,5209.8000,5212.0000,5214.2000,2,1,3,1,2,1,1,1,1,5
SF,IC2007,2020-05-25 09:33:22.000,5207.8000,4618,0,94734800.000,0,-,-,-,-,5203.6000,5203.4000,5203.2000,5203.0000,5200.4000,5208.2000,5208.8000,5209.8000,5212.0000,5214.2000,2,1,1,3,1,1,1,1,1,5
SF,IC2007,2020-05-25 09:33:22.500,5207.8000,4618,0,94734800.000,0,-,-,-,-,5204.4000,5203.6000,5203.4000,5203.2000,5203.0000,5208.2000,5208.8000,5209.8000,5212.0000,5214.2000,1,1,1,1,3,1,1,1,1,5
SF,IC2007,2020-05-25 09:33:23.000,5204.4000,4617,-1,95775680.000,1,0,1,双平,S,5203.6000,5203.4000,5203.2000,5203.0000,5200.4000,5208.0000,5208.2000,5208.8000,5209.8000,5212.0000,1,1,1,3,1,1,1,1,1,1
SF,IC2007,2020-05-25 09:33:23.500,5204.4000,4617,0,95775680.000,0,-,-,-,-,5203.2000,5203.0000,5200.4000,5200.2000,5200.0000,5208.0000,5208.2000,5208.8000,5209.8000,5212.0000,1,3,1,2,1,2,1,1,1,1
SF,IC2007,2020-05-25 09:33:24.000,5204.4000,4617,0,95775680.000,0,-,-,-,-,5203.2000,5203.0000,5200.4000,5200.2000,5200.0000,5207.6000,5208.0000,5208.2000,5208.8000,5209.8000,1,3,1,2,1,1,3,1,1,1
SF,IC2007,2020-05-25 09:33:24.500,5204.4000,4617,0,95775680.000,0,-,-,-,-,5203.2000,5203.0000,5200.4000,5200.2000,5200.0000,5207.4000,5207.6000,5208.0000,5208.2000,5208.8000,1,3,1,2,1,1,1,1,1,1
SF,IC2007,2020-05-25 09:33:25.000,5204.4000,4617,0,95775680.000,0,-,-,-,-,5203.4000,5203.2000,5203.0000,5200.4000,5200.2000,5207.4000,5207.6000,5208.0000,5208.2000,5208.8000,1,1,3,1,2,1,1,1,1,1
SF,IC2007,2020-05-25 09:33:25.500,5204.4000,4617,0,95775680.000,0,-,-,-,-,5205.0000,5203.4000,5203.2000,5203.0000,5200.4000,5207.4000,5207.6000,5208.0000,5208.2000,5208.8000,1,1,1,3,1,1,1,1,1,1
SF,IC2007,2020-05-25 09:33:26.000,5205.0000,4617,0,96816680.000,1,0,1,多换,S,5203.2000,5203.0000,5200.4000,5200.2000,5200.0000,5207.0000,5207.4000,5207.6000,5208.0000,5208.2000,1,3,1,2,1,1,1,1,1,1
SF,IC2007,2020-05-25 09:33:27.000,5205.0000,4617,0,96816680.000,0,-,-,-,-,5203.0000,5200.4000,5200.2000,5200.0000,5192.2000,5207.0000,5207.4000,5207.6000,5208.0000,5208.2000,3,1,2,1,5,1,1,1,1,1
SF,IC2007,2020-05-25 09:33:27.500,5205.0000,4617,0,96816680.000,0,-,-,-,-,5203.0000,5200.4000,5200.2000,5200.0000,5192.2000,5206.8000,5207.2000,5207.4000,5207.6000,5208.0000,3,1,2,1,5,1,1,1,1,1
SF,IC2007,2020-05-25 09:33:28.000,5206.8000,4617,0,97858040.000,1,0,1,多换,S,5203.0000,5200.4000,5200.2000,5200.0000,5192.2000,5207.4000,5207.6000,5208.0000,5208.2000,5208.8000,3,1,2,1,5,1,1,1,1,1
SF,IC2007,2020-05-25 09:33:29.000,5206.8000,4617,0,97858040.000,0,-,-,-,-,5203.0000,5200.4000,5200.2000,5200.0000,5192.2000,5207.0000,5207.4000,5207.6000,5208.0000,5208.2000,3,1,2,1,5,1,2,1,1,1
SF,IC2007,2020-05-25 09:33:29.500,5206.8000,4617,0,97858040.000,0,-,-,-,-,5203.2000,5203.0000,5200.4000,5200.2000,5200.0000,5206.8000,5207.0000,5207.4000,5207.6000,5208.0000,1,3,1,2,1,1,1,2,1,1
SF,IC2007,2020-05-25 09:33:30.000,5206.8000,4617,0,97858040.000,0,-,-,-,-,5204.2000,5203.2000,5203.0000,5200.4000,5200.2000,5206.8000,5207.4000,5207.6000,5208.0000,5208.2000,1,1,3,1,2,1,1,1,1,1
SF,IC2007,2020-05-25 09:33:30.500,5206.8000,4617,0,97858040.000,0,-,-,-,-,5204.2000,5203.2000,5203.0000,5200.4000,5200.2000,5206.8000,5207.6000,5208.0000,5208.2000,5208.8000,1,1,3,1,2,1,1,1,1,1
SF,IC2007,2020-05-25 09:33:31.000,5206.8000,4617,0,97858040.000,0,-,-,-,-,5204.2000,5203.2000,5203.0000,5200.4000,5200.2000,5206.8000,5207.6000,5208.2000,5208.8000,5209.8000,1,1,3,1,2,1,1,1,1,1
SF,IC2007,2020-05-25 09:33:36.500,5206.8000,4617,0,97858040.000,0,-,-,-,-,5204.2000,5203.2000,5203.0000,5200.4000,5200.2000,5206.8000,5207.6000,5208.2000,5208.8000,5209.8000,1,1,3,1,2,1,1,1,1,1
SF,IC2007,2020-05-25 09:33:37.000,5206.8000,4617,0,97858040.000,0,-,-,-,-,5204.4000,5204.2000,5203.0000,5200.4000,5200.2000,5207.6000,5208.2000,5208.8000,5209.8000,5212.0000,2,1,3,1,2,1,1,1,1,1
SF,IC2007,2020-05-25 09:33:37.500,5206.8000,4617,0,97858040.000,0,-,-,-,-,5204.8000,5204.4000,5204.2000,5203.0000,5200.4000,5208.2000,5208.8000,5209.8000,5212.0000,5214.2000,1,2,1,3,1,1,1,1,1,5
SF,IC2007,2020-05-25 09:33:38.000,5206.8000,4617,0,97858040.000,0,-,-,-,-,5205.0000,5204.8000,5204.4000,5204.2000,5203.0000,5208.2000,5208.8000,5209.8000,5212.0000,5214.2000,1,1,1,1,3,1,1,1,1,5
SF,IC2007,2020-05-25 09:33:38.500,5206.8000,4617,0,97858040.000,0,-,-,-,-,5205.0000,5204.4000,5204.2000,5203.0000,5200.4000,5208.0000,5208.2000,5208.8000,5209.8000,5212.0000,1,1,1,3,1,1,1,1,1,1
SF,IC2007,2020-05-25 09:33:39.000,5206.8000,4617,0,97858040.000,0,-,-,-,-,5205.0000,5204.4000,5204.2000,5203.0000,5200.4000,5208.2000,5208.8000,5209.8000,5212.0000,5214.2000,1,1,1,3,1,1,1,1,1,5
SF,IC2007,2020-05-25 09:33:39.500,5206.8000,4617,0,97858040.000,0,-,-,-,-,5205.0000,5204.4000,5204.2000,5203.0000,5200.4000,5207.8000,5208.0000,5208.2000,5208.8000,5209.8000,1,1,1,3,1,1,1,1,1,1
SF,IC2007,2020-05-25 09:33:40.000,5206.8000,4617,0,97858040.000,0,-,-,-,-,5205.0000,5204.4000,5204.2000,5203.0000,5200.4000,5207.6000,5208.2000,5208.8000,5209.8000,5212.0000,1,1,1,3,1,1,1,1,1,1
SF,IC2007,2020-05-25 09:33:42.000,5206.8000,4617,0,97858040.000,0,-,-,-,-,5205.0000,5204.2000,5203.0000,5200.4000,5200.2000,5207.6000,5208.2000,5208.8000,5209.8000,5212.0000,1,1,3,1,2,1,1,1,1,1
SF,IC2007,2020-05-25 09:33:42.500,5207.6000,4616,-1,98899560.000,1,0,1,双平,S,5205.0000,5204.2000,5203.0000,5200.4000,5200.2000,5208.2000,5208.8000,5209.8000,5212.0000,5214.2000,1,1,3,1,2,1,1,1,1,5
SF,IC2007,2020-05-25 09:33:43.000,5207.6000,4616,0,98899560.000,0,-,-,-,-,5205.2000,5205.0000,5204.2000,5203.0000,5200.4000,5207.6000,5208.2000,5208.8000,5209.8000,5212.0000,1,1,1,3,1,4,1,1,1,1
SF,IC2007,2020-05-25 09:33:43.500,5207.6000,4616,0,98899560.000,0,-,-,-,-,5205.6000,5205.4000,5204.2000,5203.0000,5200.4000,5207.6000,5208.2000,5208.8000,5209.8000,5212.0000,1,1,1,3,1,4,1,1,1,1
SF,IC2007,2020-05-25 09:33:44.000,5207.6000,4616,0,98899560.000,0,-,-,-,-,5205.8000,5205.6000,5204.2000,5203.0000,5200.4000,5207.6000,5208.2000,5208.8000,5209.8000,5212.0000,1,1,1,3,1,4,1,1,1,1
SF,IC2007,2020-05-25 09:33:47.000,5207.6000,4616,0,100982600.000,2,1,1,多换,S,5205.8000,5205.6000,5204.2000,5203.0000,5200.4000,5207.6000,5208.2000,5208.8000,5209.8000,5212.0000,1,1,1,3,1,2,1,1,1,1
SF,IC2007,2020-05-25 09:33:47.500,5207.6000,4618,2,103065640.000,2,2,0,双开,S,5205.8000,5205.6000,5204.2000,5203.0000,5200.4000,5208.2000,5208.8000,5209.8000,5212.0000,5214.2000,1,1,1,3,1,1,1,1,1,5
SF,IC2007,2020-05-25 09:33:48.500,5207.6000,4618,0,103065640.000,0,-,-,-,-,5205.8000,5204.2000,5203.0000,5200.4000,5200.2000,5208.2000,5208.8000,5209.8000,5212.0000,5214.2000,1,1,3,1,2,1,1,1,1,5
SF,IC2007,2020-05-25 09:33:49.000,5207.6000,4618,0,103065640.000,0,-,-,-,-,5205.8000,5204.2000,5203.0000,5200.4000,5200.2000,5207.8000,5208.2000,5208.8000,5209.8000,5212.0000,1,1,3,1,2,1,1,1,1,1
SF,IC2007,2020-05-25 09:33:49.500,5207.6000,4618,0,103065640.000,0,-,-,-,-,5205.8000,5204.2000,5203.0000,5200.4000,5200.2000,5208.2000,5208.8000,5209.8000,5212.0000,5214.2000,1,1,3,1,2,1,1,1,1,5
SF,IC2007,2020-05-25 09:33:50.000,5207.6000,4618,0,103065640.000,0,-,-,-,-,5205.8000,5204.2000,5203.0000,5200.4000,5200.2000,5208.0000,5208.2000,5208.8000,5209.8000,5212.0000,1,1,3,1,2,1,1,1,1,1
SF,IC2007,2020-05-25 09:33:50.500,5207.6000,4618,0,103065640.000,0,-,-,-,-,5205.8000,5204.2000,5203.0000,5200.4000,5200.2000,5208.2000,5208.8000,5209.0000,5209.8000,5212.0000,1,1,3,1,2,1,1,1,1,1
SF,IC2007,2020-05-25 09:33:51.000,5207.6000,4618,0,103065640.000,0,-,-,-,-,5205.8000,5204.2000,5203.0000,5200.4000,5200.2000,5208.2000,5208.8000,5209.0000,5209.8000,5212.0000,1,1,3,1,2,1,1,1,1,1
SF,IC2007,2020-05-25 09:33:51.500,5207.6000,4618,0,103065640.000,0,-,-,-,-,5205.8000,5204.2000,5203.0000,5200.4000,5200.2000,5208.2000,5208.8000,5209.0000,5209.8000,5212.0000,1,1,3,1,2,1,1,1,1,1
SF,IC2007,2020-05-25 09:33:52.000,5207.6000,4618,0,103065640.000,0,-,-,-,-,5206.2000,5205.8000,5204.2000,5203.0000,5200.4000,5208.2000,5208.8000,5209.0000,5209.8000,5212.0000,1,1,1,3,1,1,1,1,1,1
SF,IC2007,2020-05-25 09:33:52.500,5207.6000,4618,0,103065640.000,0,-,-,-,-,5206.4000,5204.2000,5203.0000,5200.4000,5200.2000,5208.2000,5208.8000,5209.0000,5209.8000,5212.0000,2,1,3,1,2,1,1,1,1,1
SF,IC2007,2020-05-25 09:33:53.000,5207.6000,4618,0,103065640.000,0,-,-,-,-,5206.4000,5204.2000,5203.0000,5200.4000,5200.2000,5208.2000,5208.8000,5209.8000,5212.0000,5214.2000,2,1,3,1,2,1,1,1,1,5
SF,IC2007,2020-05-25 09:33:53.500,5208.2000,4618,0,104107280.000,1,0,1,多换,S,5206.4000,5204.2000,5203.0000,5200.4000,5200.2000,5208.8000,5209.8000,5212.0000,5214.2000,5216.6000,2,1,3,1,2,1,1,1,5,2
SF,IC2007,2020-05-25 09:33:54.000,5208.2000,4618,0,104107280.000,0,-,-,-,-,5206.8000,5206.4000,5204.2000,5203.0000,5200.4000,5208.8000,5209.8000,5212.0000,5214.2000,5216.6000,1,1,1,3,1,1,1,1,5,2
SF,IC2007,2020-05-25 09:33:54.500,5208.2000,4618,0,104107280.000,0,-,-,-,-,5207.0000,5204.2000,5203.0000,5200.4000,5200.2000,5208.8000,5209.8000,5212.0000,5214.2000,5216.6000,2,1,3,1,2,1,1,1,5,2
SF,IC2007,2020-05-25 09:33:57.000,5208.8000,4617,-1,105149040.000,1,0,1,双平,S,5207.0000,5204.2000,5203.0000,5200.4000,5200.2000,5209.8000,5212.0000,5214.2000,5216.6000,5217.6000,2,1,3,1,2,1,1,5,2,2
SF,IC2007,2020-05-25 09:33:57.500,5208.8000,4617,0,105149040.000,0,-,-,-,-,5208.8000,5207.4000,5207.2000,5207.0000,5204.2000,5209.8000,5212.0000,5214.2000,5216.6000,5217.6000,2,1,1,1,1,1,1,5,2,2
SF,IC2007,2020-05-25 09:33:58.000,5209.8000,4616,-1,106191000.000,1,0,1,双平,S,5208.8000,5207.2000,5207.0000,5204.2000,5203.0000,5212.0000,5214.2000,5216.6000,5217.6000,5218.8000,3,1,1,1,3,1,5,2,2,1
SF,IC2007,2020-05-25 09:33:58.500,5209.8000,4616,0,106191000.000,0,-,-,-,-,5208.8000,5207.2000,5207.0000,5204.2000,5203.0000,5211.6000,5211.8000,5212.0000,5216.6000,5217.6000,3,1,1,1,3,1,1,1,2,2
SF,IC2007,2020-05-25 09:33:59.000,5209.8000,4616,0,106191000.000,0,-,-,-,-,5208.8000,5207.0000,5204.2000,5203.0000,5200.4000,5211.2000,5211.4000,5212.0000,5216.6000,5217.6000,3,1,1,3,1,1,1,1,2,2
SF,IC2007,2020-05-25 09:33:59.500,5208.8000,4616,0,108274520.000,2,1,1,多换,S,5208.8000,5207.0000,5204.2000,5203.0000,5200.4000,5211.4000,5212.0000,5216.6000,5217.6000,5218.8000,1,1,1,3,1,1,1,2,2,1
SF,IC2007,2020-05-25 09:34:00.000,5208.8000,4616,0,108274520.000,0,-,-,-,-,5209.0000,5208.8000,5204.2000,5203.0000,5200.4000,5211.4000,5212.0000,5216.6000,5217.6000,5218.8000,1,1,1,3,1,1,1,2,2,1
SF,IC2007,2020-05-25 09:34:00.500,5211.4000,4615,-1,109316800.000,1,0,1,双平,S,5209.4000,5209.0000,5208.8000,5204.2000,5203.0000,5212.0000,5216.6000,5217.6000,5218.8000,5220.0000,1,1,1,1,3,1,2,2,1,5
SF,IC2007,2020-05-25 09:34:01.000,5211.4000,4615,0,109316800.000,0,-,-,-,-,5209.6000,5209.4000,5208.8000,5204.2000,5203.0000,5212.0000,5216.6000,5217.6000,5218.8000,5220.0000,1,1,1,1,3,1,2,2,1,5
SF,IC2007,2020-05-25 09:34:01.500,5212.0000,4614,-1,110359200.000,1,0,1,双平,S,5209.6000,5209.4000,5208.8000,5204.2000,5203.0000,5216.6000,5217.6000,5218.8000,5220.0000,5230.0000,1,1,1,1,3,2,2,1,5,1
SF,IC2007,2020-05-25 09:34:02.000,5212.0000,4614,0,110359200.000,0,-,-,-,-,5208.8000,5204.2000,5203.0000,5200.4000,5200.2000,5213.2000,5214.2000,5214.8000,5215.6000,5216.4000,1,1,3,1,2,2,1,1,1,4
SF,IC2007,2020-05-25 09:34:02.500,5212.0000,4614,0,110359200.000,0,-,-,-,-,5209.0000,5208.8000,5204.2000,5203.0000,5200.4000,5213.0000,5213.2000,5214.2000,5214.8000,5215.6000,1,1,1,3,1,2,2,1,1,1
SF,IC2007,2020-05-25 09:34:03.000,5212.0000,4614,0,110359200.000,0,-,-,-,-,5208.8000,5204.2000,5203.0000,5200.4000,5200.2000,5212.6000,5212.8000,5213.0000,5213.2000,5214.2000,1,1,3,1,2,3,1,3,1,1
SF,IC2007,2020-05-25 09:34:03.500,5212.0000,4614,0,110359200.000,0,-,-,-,-,5209.0000,5208.8000,5204.2000,5203.0000,5200.4000,5212.0000,5212.4000,5212.6000,5212.8000,5213.0000,1,1,1,3,1,1,2,3,1,2
SF,IC2007,2020-05-25 09:34:04.000,5212.0000,4614,0,110359200.000,0,-,-,-,-,5209.0000,5208.8000,5204.2000,5203.0000,5200.4000,5212.0000,5212.4000,5212.6000,5212.8000,5214.2000,1,1,1,3,1,2,2,2,1,1
SF,IC2007,2020-05-25 09:34:04.500,5212.0000,4614,0,110359200.000,0,-,-,-,-,5209.2000,5209.0000,5208.8000,5204.2000,5203.0000,5212.6000,5214.8000,5215.6000,5216.4000,5216.6000,1,1,1,1,3,1,1,1,1,2
SF,IC2007,2020-05-25 09:34:05.000,5212.6000,4613,-1,111401720.000,1,0,1,双平,S,5209.2000,5208.8000,5204.2000,5203.0000,5200.4000,5214.8000,5215.6000,5216.4000,5216.6000,5217.6000,1,1,1,3,1,1,1,1,2,2
SF,IC2007,2020-05-25 09:34:05.500,5212.6000,4613,0,111401720.000,0,-,-,-,-,5209.4000,5209.2000,5208.8000,5204.2000,5203.0000,5214.2000,5214.4000,5214.6000,5214.8000,5215.6000,1,1,1,1,3,1,1,3,1,1
SF,IC2007,2020-05-25 09:34:06.000,5212.6000,4613,0,111401720.000,0,-,-,-,-,5209.4000,5209.2000,5208.8000,5204.2000,5203.0000,5214.6000,5214.8000,5216.4000,5216.6000,5217.6000,1,1,1,1,3,1,1,1,2,2
SF,IC2007,2020-05-25 09:34:06.500,5212.6000,4613,0,111401720.000,0,-,-,-,-,5210.6000,5209.4000,5209.2000,5208.8000,5204.2000,5214.4000,5216.4000,5216.6000,5217.6000,5218.8000,1,1,1,1,1,1,1,2,2,1
SF,IC2007,2020-05-25 09:34:07.000,5212.6000,4613,0,111401720.000,0,-,-,-,-,5210.8000,5210.6000,5209.2000,5208.8000,5204.2000,5214.4000,5216.4000,5216.6000,5217.6000,5218.8000,1,1,1,1,1,1,1,2,2,1
SF,IC2007,2020-05-25 09:34:07.500,5212.6000,4613,0,111401720.000,0,-,-,-,-,5210.8000,5210.6000,5209.2000,5208.8000,5204.2000,5214.2000,5216.4000,5216.6000,5217.6000,5218.8000,1,1,1,1,1,1,1,2,2,1
SF,IC2007,2020-05-25 09:34:08.500,5212.6000,4613,0,111401720.000,0,-,-,-,-,5210.8000,5209.2000,5208.8000,5204.2000,5203.0000,5214.2000,5216.4000,5216.6000,5217.6000,5218.8000,1,1,1,1,3,1,1,2,2,1
SF,IC2007,2020-05-25 09:34:09.500,5212.6000,4613,0,111401720.000,0,-,-,-,-,5210.8000,5208.8000,5204.2000,5203.0000,5200.4000,5214.2000,5216.4000,5216.6000,5217.6000,5218.8000,1,1,1,3,1,1,1,2,2,1
SF,IC2007,2020-05-25 09:34:10.000,5210.8000,4612,-1,112443880.000,1,0,1,双平,S,5211.0000,5208.8000,5204.2000,5203.0000,5200.4000,5212.6000,5214.0000,5214.2000,5216.4000,5216.6000,1,1,1,3,1,2,2,2,1,2
SF,IC2007,2020-05-25 09:34:10.500,5211.0000,4611,-1,113486080.000,1,0,1,双平,S,5208.8000,5204.2000,5203.0000,5200.4000,5200.2000,5210.8000,5212.4000,5212.6000,5213.8000,5214.0000,1,1,3,1,2,1,1,2,1,2
SF,IC2007,2020-05-25 09:34:11.000,5211.0000,4611,0,113486080.000,0,-,-,-,-,5209.0000,5208.8000,5204.2000,5203.0000,5200.4000,5212.2000,5212.6000,5213.8000,5214.0000,5214.2000,2,1,1,2,1,1,2,1,1,2
SF,IC2007,2020-05-25 09:34:11.500,5211.0000,4611,0,113486080.000,0,-,-,-,-,5209.4000,5209.0000,5208.8000,5204.2000,5203.0000,5212.2000,5212.6000,5213.8000,5214.0000,5214.2000,1,1,1,1,2,2,1,1,1,2
SF,IC2007,2020-05-25 09:34:12.000,5211.0000,4611,0,113486080.000,0,-,-,-,-,5209.8000,5209.6000,5208.8000,5204.2000,5203.0000,5212.2000,5213.8000,5214.0000,5214.2000,5216.4000,1,1,1,1,2,1,1,1,1,1
SF,IC2007,2020-05-25 09:34:12.500,5211.0000,4611,0,113486080.000,0,-,-,-,-,5210.2000,5210.0000,5208.8000,5204.2000,5203.0000,5213.8000,5214.0000,5214.2000,5216.4000,5216.6000,1,1,1,1,2,1,1,1,1,2
SF,IC2007,2020-05-25 09:34:13.000,5211.0000,4611,0,113486080.000,0,-,-,-,-,5210.4000,5208.8000,5204.2000,5203.0000,5200.4000,5213.4000,5213.6000,5213.8000,5214.0000,5214.2000,1,1,1,2,1,1,1,1,1,1
SF,IC2007,2020-05-25 09:34:13.500,5211.0000,4611,0,113486080.000,0,-,-,-,-,5210.4000,5208.8000,5204.2000,5203.0000,5200.4000,5213.2000,5213.4000,5214.0000,5214.2000,5216.4000,1,1,1,2,1,1,1,1,1,1
SF,IC2007,2020-05-25 09:34:14.000,5211.0000,4611,0,113486080.000,0,-,-,-,-,5208.8000,5204.2000,5203.0000,5200.4000,5200.2000,5213.2000,5213.4000,5214.0000,5216.4000,5216.6000,1,1,2,1,2,1,1,1,1,2
SF,IC2007,2020-05-25 09:34:14.500,5211.0000,4611,0,113486080.000,0,-,-,-,-,5209.0000,5208.8000,5204.2000,5203.0000,5200.4000,5213.2000,5213.4000,5214.0000,5216.4000,5216.6000,2,1,1,2,1,1,1,1,1,2
SF,IC2007,2020-05-25 09:34:15.500,5213.2000,4610,-1,114528720.000,1,0,1,双平,S,5209.0000,5208.8000,5204.2000,5203.0000,5200.4000,5213.4000,5214.0000,5216.4000,5216.6000,5217.6000,2,1,1,2,1,1,1,1,2,2
SF,IC2007,2020-05-25 09:34:16.000,5213.2000,4610,0,114528720.000,0,-,-,-,-,5209.6000,5209.0000,5208.8000,5204.2000,5203.0000,5213.4000,5214.0000,5216.4000,5216.6000,5217.6000,1,2,1,1,2,1,1,1,2,2
SF,IC2007,2020-05-25 09:34:16.500,5213.2000,4610,0,114528720.000,0,-,-,-,-,5209.8000,5209.6000,5209.0000,5208.8000,5204.2000,5213.4000,5214.0000,5216.4000,5216.6000,5217.6000,1,1,1,1,1,1,1,1,2,2
SF,IC2007,2020-05-25 09:34:17.000,5213.2000,4610,0,114528720.000,0,-,-,-,-,5209.8000,5209.6000,5209.0000,5208.8000,5204.2000,5213.4000,5214.0000,5216.4000,5216.6000,5217.6000,1,1,1,1,1,1,1,1,2,2
SF,IC2007,2020-05-25 09:34:17.500,5213.2000,4610,0,114528720.000,0,-,-,-,-,5209.8000,5209.6000,5209.0000,5208.8000,5204.2000,5213.2000,5213.4000,5214.0000,5216.4000,5216.6000,1,1,1,1,1,2,1,1,1,2
SF,IC2007,2020-05-25 09:34:18.000,5213.2000,4610,0,115571360.000,1,0,1,多换,S,5209.8000,5209.6000,5209.0000,5208.8000,5204.2000,5213.2000,5213.4000,5214.0000,5216.4000,5216.6000,1,1,1,1,1,1,1,1,1,2
SF,IC2007,2020-05-25 09:34:18.500,5213.2000,4610,0,115571360.000,0,-,-,-,-,5209.8000,5209.0000,5208.8000,5204.2000,5203.0000,5213.2000,5213.4000,5214.0000,5216.4000,5216.6000,1,1,1,1,2,1,1,1,1,2
SF,IC2007,2020-05-25 09:34:19.000,5213.2000,4610,0,115571360.000,0,-,-,-,-,5210.0000,5209.8000,5209.0000,5208.8000,5204.2000,5213.0000,5213.2000,5213.4000,5214.0000,5216.4000,1,1,1,1,1,2,1,1,1,1
SF,IC2007,2020-05-25 09:34:19.500,5213.2000,4610,0,115571360.000,0,-,-,-,-,5210.2000,5209.0000,5208.8000,5204.2000,5203.0000,5213.0000,5213.2000,5213.4000,5214.0000,5216.4000,1,1,1,1,2,2,1,1,1,1
SF,IC2007,2020-05-25 09:34:20.000,5213.2000,4610,0,115571360.000,0,-,-,-,-,5210.6000,5210.2000,5209.0000,5208.8000,5204.2000,5213.0000,5213.2000,5213.4000,5214.0000,5216.4000,1,1,1,1,1,1,1,1,1,1
SF,IC2007,2020-05-25 09:34:20.500,5213.2000,4610,0,115571360.000,0,-,-,-,-,5211.0000,5210.8000,5209.0000,5208.8000,5204.2000,5216.4000,5216.6000,5217.6000,5218.8000,5220.0000,1,1,1,1,1,1,2,2,1,5
SF,IC2007,2020-05-25 09:34:21.000,5213.2000,4610,0,115571360.000,0,-,-,-,-,5209.0000,5208.8000,5204.2000,5203.0000,5200.4000,5215.2000,5215.4000,5216.2000,5216.4000,5216.6000,1,1,1,2,1,1,1,3,2,2
SF,IC2007,2020-05-25 09:34:21.500,5213.2000,4610,0,115571360.000,0,-,-,-,-,5209.2000,5209.0000,5208.8000,5204.2000,5203.0000,5215.0000,5215.2000,5216.2000,5216.4000,5216.6000,3,1,1,1,2,1,2,2,2,2
SF,IC2007,2020-05-25 09:34:22.000,5213.2000,4610,0,115571360.000,0,-,-,-,-,5209.6000,5209.4000,5209.2000,5209.0000,5208.8000,5214.6000,5215.0000,5215.2000,5216.0000,5216.2000,1,1,3,1,1,1,1,1,1,1
SF,IC2007,2020-05-25 09:34:22.500,5213.2000,4610,0,115571360.000,0,-,-,-,-,5210.4000,5209.8000,5209.6000,5209.4000,5209.2000,5214.6000,5215.0000,5216.0000,5216.2000,5216.4000,1,1,1,1,2,1,1,1,1,2
SF,IC2007,2020-05-25 09:34:23.000,5213.2000,4610,0,115571360.000,0,-,-,-,-,5210.8000,5210.6000,5210.4000,5210.0000,5209.6000,5214.6000,5216.0000,5216.2000,5216.4000,5216.6000,1,1,1,1,1,1,1,1,2,2
SF,IC2007,2020-05-25 09:34:23.500,5213.2000,4610,0,115571360.000,0,-,-,-,-,5211.6000,5211.0000,5210.8000,5210.4000,5209.6000,5214.6000,5216.0000,5216.2000,5216.4000,5216.6000,1,1,1,1,1,1,1,1,2,2
SF,IC2007,2020-05-25 09:34:24.000,5213.2000,4610,0,115571360.000,0,-,-,-,-,5210.4000,5209.6000,5209.0000,5208.8000,5204.2000,5214.4000,5214.6000,5216.0000,5216.2000,5216.4000,1,1,1,1,1,1,1,1,1,2
SF,IC2007,2020-05-25 09:34:24.500,5213.2000,4610,0,115571360.000,0,-,-,-,-,5210.6000,5210.4000,5209.6000,5209.0000,5208.8000,5214.4000,5214.6000,5216.0000,5216.2000,5216.4000,1,1,1,1,1,1,1,1,1,2
SF,IC2007,2020-05-25 09:34:25.000,5213.2000,4610,0,115571360.000,0,-,-,-,-,5210.6000,5210.4000,5209.6000,5209.0000,5208.8000,5214.4000,5214.6000,5216.0000,5216.2000,5216.4000,1,1,1,1,1,2,1,1,1,2
SF,IC2007,2020-05-25 09:34:25.500,5213.2000,4610,0,115571360.000,0,-,-,-,-,5210.6000,5209.0000,5208.8000,5204.2000,5203.0000,5214.4000,5214.6000,5216.0000,5216.2000,5216.4000,1,1,1,1,2,1,1,1,1,2
SF,IC2007,2020-05-25 09:34:26.000,5213.2000,4610,0,115571360.000,0,-,-,-,-,5210.6000,5209.0000,5208.8000,5204.2000,5203.0000,5214.2000,5214.6000,5216.0000,5216.2000,5216.4000,1,1,1,1,2,1,1,1,1,2
SF,IC2007,2020-05-25 09:34:26.500,5213.2000,4610,0,115571360.000,0,-,-,-,-,5210.6000,5209.0000,5208.8000,5204.2000,5203.0000,5216.0000,5216.2000,5216.4000,5216.6000,5217.6000,1,1,1,1,2,1,1,2,2,2
SF,IC2007,2020-05-25 09:34:27.000,5213.2000,4610,0,115571360.000,0,-,-,-,-,5210.8000,5210.6000,5209.0000,5208.8000,5204.2000,5215.6000,5215.8000,5216.0000,5216.2000,5216.4000,1,1,1,1,1,1,1,1,1,2
SF,IC2007,2020-05-25 09:34:27.500,5213.2000,4610,0,115571360.000,0,-,-,-,-,5211.0000,5210.8000,5210.4000,5209.0000,5204.2000,5215.6000,5216.0000,5216.2000,5216.4000,5216.6000,1,1,1,1,1,1,1,1,1,2
SF,IC2007,2020-05-25 09:34:28.000,5213.2000,4610,0,115571360.000,0,-,-,-,-,5214.4000,5211.0000,5210.8000,5209.0000,5204.2000,5215.6000,5216.4000,5216.6000,5217.6000,5218.8000,1,2,1,1,1,1,1,2,2,1
SF,IC2007,2020-05-25 09:34:28.500,5215.6000,4610,0,117657360.000,2,1,1,多换,S,5211.0000,5210.4000,5209.0000,5204.2000,5203.0000,5214.4000,5215.4000,5216.6000,5217.6000,5218.8000,2,1,1,1,2,1,1,2,2,1
SF,IC2007,2020-05-25 09:34:29.000,5215.6000,4610,0,117657360.000,0,-,-,-,-,5211.0000,5209.0000,5204.2000,5203.0000,5202.2000,5214.4000,5216.6000,5217.6000,5218.8000,5220.0000,2,1,1,2,1,1,2,2,1,5
SF,IC2007,2020-05-25 09:34:29.500,5215.6000,4610,0,117657360.000,0,-,-,-,-,5211.0000,5209.0000,5204.2000,5203.0000,5202.2000,5214.4000,5216.6000,5217.6000,5218.8000,5219.4000,2,1,1,2,1,1,2,2,1,1
SF,IC2007,2020-05-25 09:34:31.500,5215.6000,4610,0,117657360.000,0,-,-,-,-,5211.0000,5209.0000,5204.2000,5203.0000,5202.2000,5214.4000,5216.6000,5217.6000,5218.8000,5219.4000,1,1,1,2,1,1,2,2,1,1
SF,IC2007,2020-05-25 09:34:32.000,5214.4000,4609,-1,118700240.000,1,0,1,双平,S,5211.0000,5209.0000,5204.2000,5203.0000,5202.2000,5214.4000,5216.6000,5217.6000,5218.8000,5219.4000,1,1,1,2,1,1,2,2,1,1
SF,IC2007,2020-05-25 09:34:32.500,5214.4000,4609,0,118700240.000,0,-,-,-,-,5211.0000,5209.0000,5204.2000,5203.0000,5202.2000,5214.2000,5214.4000,5216.6000,5217.6000,5218.8000,1,1,1,2,1,2,1,2,2,1
SF,IC2007,2020-05-25 09:34:33.000,5214.4000,4609,0,118700240.000,0,-,-,-,-,5211.0000,5209.0000,5204.2000,5203.0000,5202.2000,5213.8000,5214.2000,5214.4000,5214.6000,5216.6000,1,1,1,2,1,1,1,1,1,2
SF,IC2007,2020-05-25 09:34:33.500,5214.4000,4609,0,118700240.000,0,-,-,-,-,5211.0000,5209.0000,5204.2000,5203.0000,5202.2000,5213.4000,5214.2000,5214.4000,5214.6000,5216.6000,1,1,1,2,1,1,1,1,1,2
SF,IC2007,2020-05-25 09:34:34.000,5214.4000,4609,0,118700240.000,0,-,-,-,-,5211.0000,5209.0000,5204.2000,5203.0000,5202.2000,5214.4000,5214.6000,5216.6000,5217.6000,5218.8000,1,1,1,2,1,1,1,2,2,1
SF,IC2007,2020-05-25 09:34:34.500,5214.4000,4609,0,118700240.000,0,-,-,-,-,5211.0000,5209.0000,5204.2000,5203.0000,5202.2000,5214.2000,5214.4000,5214.6000,5216.6000,5217.6000,1,1,1,2,1,1,1,1,2,2
SF,IC2007,2020-05-25 09:34:35.000,5214.4000,4609,0,118700240.000,0,-,-,-,-,5211.0000,5209.0000,5204.2000,5203.0000,5202.2000,5213.8000,5214.0000,5214.4000,5214.6000,5216.6000,1,1,1,2,1,1,1,1,1,2
SF,IC2007,2020-05-25 09:34:35.500,5214.4000,4609,0,118700240.000,0,-,-,-,-,5211.0000,5209.0000,5204.2000,5203.0000,5202.2000,5214.0000,5214.4000,5214.6000,5216.6000,5217.6000,1,1,1,2,1,1,1,1,2,2
SF,IC2007,2020-05-25 09:34:36.500,5214.4000,4609,0,118700240.000,0,-,-,-,-,5211.0000,5209.0000,5204.2000,5203.0000,5202.2000,5213.8000,5214.0000,5214.4000,5214.6000,5215.0000,1,1,1,2,1,2,1,1,1,1
SF,IC2007,2020-05-25 09:34:37.000,5211.0000,4608,-1,119742440.000,1,0,1,双平,S,5209.0000,5204.2000,5203.0000,5202.2000,5200.4000,5213.4000,5213.6000,5214.4000,5214.6000,5215.0000,1,1,2,1,1,1,1,1,1,1
SF,IC2007,2020-05-25 09:34:37.500,5211.0000,4608,0,119742440.000,0,-,-,-,-,5209.2000,5204.2000,5203.0000,5202.2000,5200.4000,5213.2000,5213.6000,5214.4000,5214.6000,5215.0000,1,1,2,1,1,1,1,1,1,1
SF,IC2007,2020-05-25 09:34:38.000,5211.0000,4608,0,119742440.000,0,-,-,-,-,5209.2000,5204.2000,5203.0000,5202.2000,5200.4000,5213.0000,5213.2000,5213.6000,5214.4000,5214.6000,1,1,2,1,1,1,2,1,1,1
SF,IC2007,2020-05-25 09:34:38.500,5211.0000,4608,0,119742440.000,0,-,-,-,-,5209.2000,5204.2000,5203.0000,5202.2000,5200.4000,5213.2000,5213.6000,5214.4000,5214.6000,5215.0000,1,1,2,1,1,1,1,1,1,1
SF,IC2007,2020-05-25 09:34:39.000,5211.0000,4608,0,119742440.000,0,-,-,-,-,5209.2000,5204.2000,5203.0000,5202.2000,5200.4000,5212.8000,5213.2000,5214.4000,5214.6000,5215.0000,1,1,2,1,1,1,1,1,1,1
SF,IC2007,2020-05-25 09:34:39.500,5211.0000,4608,0,119742440.000,0,-,-,-,-,5209.2000,5204.2000,5203.0000,5202.2000,5200.4000,5212.8000,5213.2000,5214.4000,5214.6000,5215.0000,1,1,2,1,1,2,1,1,1,1
SF,IC2007,2020-05-25 09:34:40.000,5209.2000,4607,-1,120784280.000,1,0,1,双平,S,5204.2000,5203.0000,5202.2000,5200.4000,5200.2000,5212.6000,5212.8000,5213.6000,5214.4000,5214.6000,1,2,1,1,3,1,2,1,1,1
SF,IC2007,2020-05-25 09:34:40.500,5209.2000,4607,0,120784280.000,0,-,-,-,-,5207.2000,5207.0000,5206.6000,5205.2000,5204.4000,5212.4000,5212.6000,5212.8000,5213.6000,5214.4000,1,1,1,1,6,1,1,1,1,1
SF,IC2007,2020-05-25 09:34:41.000,5209.2000,4607,0,120784280.000,0,-,-,-,-,5207.6000,5207.4000,5207.2000,5207.0000,5206.6000,5212.2000,5212.4000,5212.8000,5213.6000,5214.4000,1,1,1,1,1,1,1,1,1,1
SF,IC2007,2020-05-25 09:34:41.500,5209.2000,4607,0,120784280.000,0,-,-,-,-,5208.2000,5207.8000,5207.6000,5207.0000,5206.6000,5211.8000,5212.2000,5212.8000,5214.4000,5214.6000,1,3,1,1,1,1,1,1,1,1
SF,IC2007,2020-05-25 09:34:42.000,5209.2000,4607,0,120784280.000,0,-,-,-,-,5208.4000,5208.2000,5207.8000,5207.6000,5207.0000,5211.8000,5212.2000,5212.8000,5214.4000,5214.6000,1,1,2,1,1,1,1,1,1,1
SF,IC2007,2020-05-25 09:34:42.500,5209.2000,4607,0,120784280.000,0,-,-,-,-,5208.4000,5208.2000,5207.8000,5207.6000,5207.0000,5211.6000,5211.8000,5212.8000,5214.4000,5214.6000,1,1,2,1,1,1,1,1,1,1
SF,IC2007,2020-05-25 09:34:43.000,5209.2000,4607,0,120784280.000,0,-,-,-,-,5207.8000,5207.0000,5206.6000,5205.2000,5204.4000,5211.2000,5211.6000,5211.8000,5212.8000,5214.4000,1,1,1,1,5,1,1,1,1,1
SF,IC2007,2020-05-25 09:34:43.500,5209.2000,4607,0,120784280.000,0,-,-,-,-,5208.0000,5206.6000,5205.2000,5204.4000,5204.2000,5211.2000,5211.6000,5211.8000,5212.8000,5214.4000,1,1,1,5,2,1,1,1,1,1
SF,IC2007,2020-05-25 09:34:44.000,5209.2000,4607,0,120784280.000,0,-,-,-,-,5208.0000,5206.6000,5205.2000,5204.4000,5204.2000,5210.8000,5211.6000,5211.8000,5212.8000,5214.4000,1,1,1,5,2,1,1,1,1,1
SF,IC2007,2020-05-25 09:34:44.500,5209.2000,4607,0,120784280.000,0,-,-,-,-,5208.0000,5206.6000,5205.2000,5204.4000,5204.2000,5210.8000,5212.8000,5214.4000,5214.6000,5216.6000,1,1,1,5,2,2,1,1,1,2
SF,IC2007,2020-05-25 09:34:45.000,5209.2000,4607,0,120784280.000,0,-,-,-,-,5208.0000,5206.6000,5205.2000,5204.4000,5204.2000,5210.8000,5212.8000,5214.4000,5214.6000,5216.6000,1,1,1,5,2,1,1,1,1,2
SF,IC2007,2020-05-25 09:34:45.500,5209.2000,4607,0,120784280.000,0,-,-,-,-,5208.0000,5206.6000,5205.2000,5204.4000,5204.2000,5210.4000,5212.8000,5213.0000,5214.4000,5214.6000,1,1,1,5,2,1,1,1,1,1
SF,IC2007,2020-05-25 09:34:46.000,5209.2000,4607,0,120784280.000,0,-,-,-,-,5208.0000,5206.6000,5205.2000,5204.4000,5204.2000,5212.8000,5213.0000,5214.4000,5214.6000,5216.6000,1,1,1,5,2,1,1,1,1,2
SF,IC2007,2020-05-25 09:34:46.500,5209.2000,4607,0,120784280.000,0,-,-,-,-,5208.0000,5206.6000,5205.2000,5204.4000,5204.2000,5212.6000,5214.4000,5216.6000,5217.6000,5218.8000,1,1,1,5,2,1,1,2,2,1
SF,IC2007,2020-05-25 09:34:48.000,5209.2000,4607,0,120784280.000,0,-,-,-,-,5210.8000,5208.0000,5206.6000,5205.2000,5204.4000,5212.6000,5214.4000,5216.6000,5217.6000,5218.8000,1,1,1,1,5,1,1,2,2,1
SF,IC2007,2020-05-25 09:34:48.500,5210.8000,4607,0,121826440.000,1,0,1,多换,S,5208.0000,5206.6000,5205.2000,5204.4000,5204.2000,5212.4000,5212.6000,5214.4000,5216.6000,5217.6000,1,1,1,5,2,1,1,1,2,2
SF,IC2007,2020-05-25 09:34:49.000,5210.8000,4607,0,121826440.000,0,-,-,-,-,5208.0000,5206.6000,5205.2000,5204.4000,5204.2000,5212.4000,5214.4000,5216.6000,5217.6000,5218.8000,1,1,1,5,2,1,1,2,2,1
SF,IC2007,2020-05-25 09:34:49.500,5210.8000,4607,0,121826440.000,0,-,-,-,-,5208.2000,5208.0000,5206.6000,5205.2000,5204.4000,5212.4000,5214.2000,5214.4000,5216.6000,5217.6000,1,1,1,1,5,1,1,1,2,2
SF,IC2007,2020-05-25 09:34:50.000,5208.4000,4607,0,122868120.000,1,0,1,多换,S,5208.2000,5206.6000,5205.2000,5204.4000,5204.2000,5212.2000,5212.4000,5214.2000,5214.4000,5216.6000,1,1,1,5,2,2,1,1,1,2
SF,IC2007,2020-05-25 09:34:50.500,5208.4000,4607,0,122868120.000,0,-,-,-,-,5208.4000,5208.2000,5206.6000,5205.2000,5204.4000,5212.2000,5212.4000,5214.2000,5214.4000,5216.6000,1,1,1,1,5,2,1,1,1,2
SF,IC2007,2020-05-25 09:34:51.000,5208.4000,4607,0,122868120.000,0,-,-,-,-,5208.4000,5206.6000,5205.2000,5204.4000,5204.2000,5212.2000,5212.4000,5214.2000,5214.4000,5216.6000,1,1,1,5,1,2,1,1,1,2
SF,IC2007,2020-05-25 09:34:51.500,5208.4000,4607,0,122868120.000,0,-,-,-,-,5206.6000,5205.2000,5204.4000,5204.2000,5204.0000,5212.0000,5212.2000,5212.4000,5214.2000,5216.6000,1,1,5,1,1,1,1,1,1,2
SF,IC2007,2020-05-25 09:34:52.000,5208.4000,4607,0,122868120.000,0,-,-,-,-,5206.8000,5205.2000,5204.4000,5204.2000,5204.0000,5211.8000,5212.0000,5212.4000,5214.2000,5216.6000,2,1,5,1,1,1,1,1,1,2
SF,IC2007,2020-05-25 09:34:52.500,5207.0000,4607,0,123909520.000,1,0,1,多换,S,5206.8000,5205.2000,5204.4000,5204.2000,5204.0000,5211.8000,5212.0000,5212.4000,5214.2000,5216.6000,2,1,5,1,1,1,1,1,1,2
SF,IC2007,2020-05-25 09:34:53.000,5207.0000,4607,0,123909520.000,0,-,-,-,-,5206.8000,5205.2000,5204.4000,5204.2000,5204.0000,5211.6000,5211.8000,5212.4000,5214.2000,5216.6000,2,1,5,1,1,1,1,1,1,2
SF,IC2007,2020-05-25 09:34:53.500,5207.0000,4607,0,123909520.000,0,-,-,-,-,5207.2000,5207.0000,5206.8000,5205.2000,5204.4000,5211.4000,5211.6000,5214.2000,5216.6000,5217.6000,2,1,2,1,5,1,1,1,2,2
SF,IC2007,2020-05-25 09:34:54.000,5207.0000,4607,0,123909520.000,0,-,-,-,-,5207.4000,5207.2000,5206.8000,5205.2000,5204.4000,5211.4000,5211.6000,5214.2000,5216.6000,5217.6000,2,2,1,1,5,1,1,1,2,2
SF,IC2007,2020-05-25 09:34:54.500,5207.0000,4607,0,123909520.000,0,-,-,-,-,5207.4000,5207.2000,5206.8000,5205.2000,5204.4000,5211.4000,5211.6000,5214.2000,5216.6000,5217.6000,2,1,1,1,5,1,1,1,2,2
SF,IC2007,2020-05-25 09:34:55.000,5207.0000,4607,0,123909520.000,0,-,-,-,-,5207.8000,5207.4000,5206.8000,5205.2000,5204.4000,5211.4000,5211.6000,5214.2000,5216.6000,5217.6000,1,2,1,1,5,1,1,1,2,2
SF,IC2007,2020-05-25 09:34:55.500,5207.0000,4607,0,123909520.000,0,-,-,-,-,5208.0000,5207.8000,5207.4000,5206.8000,5205.2000,5211.4000,5211.6000,5214.2000,5216.6000,5217.6000,1,1,1,1,1,1,1,1,2,2
SF,IC2007,2020-05-25 09:34:56.000,5207.0000,4607,0,123909520.000,0,-,-,-,-,5208.2000,5208.0000,5207.8000,5206.8000,5205.2000,5211.4000,5211.6000,5214.2000,5216.6000,5217.6000,1,1,1,1,1,1,1,1,2,2
SF,IC2007,2020-05-25 09:34:56.500,5207.0000,4607,0,123909520.000,0,-,-,-,-,5208.4000,5208.2000,5206.8000,5205.2000,5204.4000,5211.0000,5211.4000,5211.6000,5214.2000,5216.6000,1,1,1,1,5,1,1,1,1,2
SF,IC2007,2020-05-25 09:34:57.000,5207.0000,4607,0,123909520.000,0,-,-,-,-,5206.8000,5205.2000,5204.4000,5204.2000,5204.0000,5210.8000,5211.0000,5211.6000,5214.2000,5216.6000,1,1,5,1,1,1,1,1,1,2
SF,IC2007,2020-05-25 09:34:57.500,5207.0000,4607,0,123909520.000,0,-,-,-,-,5207.0000,5205.2000,5204.4000,5204.2000,5204.0000,5208.2000,5210.8000,5211.6000,5214.2000,5216.6000,1,1,5,1,1,1,1,1,1,2
SF,IC2007,2020-05-25 09:34:58.000,5208.2000,4606,-1,124951160.000,1,0,1,双平,S,5207.4000,5207.2000,5205.2000,5204.4000,5204.2000,5211.6000,5214.2000,5216.6000,5217.6000,5218.8000,1,2,1,5,1,1,1,2,2,1
SF,IC2007,2020-05-25 09:34:58.500,5208.2000,4606,0,124951160.000,0,-,-,-,-,5207.6000,5207.4000,5207.2000,5205.2000,5204.4000,5211.2000,5211.4000,5211.6000,5214.2000,5216.6000,1,1,1,1,5,1,1,1,1,2
SF,IC2007,2020-05-25 09:34:59.000,5208.2000,4606,0,124951160.000,0,-,-,-,-,5207.4000,5207.0000,5205.2000,5204.4000,5204.2000,5211.0000,5211.2000,5211.6000,5214.2000,5216.6000,1,1,1,5,1,2,1,1,1,2
SF,IC2007,2020-05-25 09:34:59.500,5208.2000,4606,0,124951160.000,0,-,-,-,-,5207.0000,5204.4000,5204.2000,5203.0000,5202.2000,5210.8000,5211.0000,5211.2000,5214.2000,5216.6000,1,5,1,1,1,2,2,1,1,2
SF,IC2007,2020-05-25 09:35:00.000,5208.2000,4606,0,124951160.000,0,-,-,-,-,5207.2000,5207.0000,5204.4000,5204.2000,5203.0000,5210.6000,5210.8000,5211.0000,5211.2000,5214.2000,1,1,5,1,1,1,2,1,1,1
SF,IC2007,2020-05-25 09:35:00.500,5210.8000,4604,-2,127035440.000,2,0,2,双平,S,5207.2000,5207.0000,5204.4000,5204.2000,5203.0000,5210.8000,5211.0000,5211.2000,5214.2000,5216.6000,1,1,5,1,1,1,1,1,1,2
