市场代码,合约代码,时间,最新,持仓,增仓,成交额,成交量,开仓,平仓,成交类型,方向,买一价,买二价,买三价,买四价,买五价,卖一价,卖二价,卖三价,卖四价,卖五价,买一量,买二量,买三量,买四量,买五量,卖一量,卖二量,卖三量,卖四量,卖五量
SF,IC2001,2019-12-06 09:29:00.100,4922.8000,10378,0,0.000,0.000,-,-,-,-,4930.0000,4922.0000,4921.6000,4921.4000,4921.2000,4935.0000,4937.0000,4939.8000,4942.6000,4945.4000,1,1,1,1,1,1,1,1,1,1
SF,IC2001,2019-12-06 09:30:00.100,4922.8000,10378,0,0.000,0,-,-,-,-,4930.2000,4922.2000,4922.0000,4921.6000,4921.4000,4932.2000,4932.4000,4933.4000,4935.0000,4935.2000,2,1,1,1,1,1,1,2,1,1
SF,IC2001,2019-12-06 09:30:00.600,4930.2000,10375,-3,3944160.000,4,0,4,多平,S,4926.0000,4922.2000,4922.0000,4921.6000,4921.4000,4929.8000,4930.0000,4931.0000,4931.2000,4931.6000,1,1,1,1,1,1,1,2,1,1
SF,IC2001,2019-12-06 09:30:01.100,4930.2000,10375,0,3944160.000,0,-,-,-,-,4926.2000,4926.0000,4922.2000,4922.0000,4921.6000,4929.4000,4929.6000,4929.8000,4930.0000,4930.2000,1,1,1,1,1,2,3,1,1,1
SF,IC2001,2019-12-06 09:30:01.600,4930.2000,10375,0,3944160.000,0,-,-,-,-,4924.2000,4922.2000,4922.0000,4921.6000,4921.4000,4925.0000,4926.8000,4927.0000,4927.2000,4927.6000,1,1,1,1,1,1,2,1,2,1
SF,IC2001,2019-12-06 09:30:02.100,4930.2000,10375,0,3944160.000,0,-,-,-,-,4924.4000,4924.2000,4922.2000,4922.0000,4921.6000,4924.8000,4925.0000,4928.0000,4928.2000,4929.0000,1,1,1,1,1,1,1,1,1,2
SF,IC2001,2019-12-06 09:30:02.600,4924.4000,10374,-1,4929040.000,1,0,1,双平,S,4923.0000,4922.2000,4922.0000,4921.6000,4921.4000,4924.4000,4924.8000,4925.0000,4926.8000,4928.0000,1,1,1,1,1,1,1,1,1,1
SF,IC2001,2019-12-06 09:30:03.100,4924.4000,10374,0,4929040.000,0,-,-,-,-,4923.0000,4922.2000,4922.0000,4921.6000,4921.4000,4924.2000,4924.4000,4925.0000,4926.8000,4928.0000,1,1,1,1,1,1,1,1,1,1
SF,IC2001,2019-12-06 09:30:03.600,4923.0000,10374,0,5913640.000,1,0,1,多换,S,4922.2000,4922.0000,4921.6000,4921.4000,4920.4000,4924.2000,4924.4000,4925.0000,4926.8000,4928.0000,1,1,1,1,5,1,1,1,1,1
SF,IC2001,2019-12-06 09:30:04.100,4923.0000,10374,0,5913640.000,0,-,-,-,-,4922.2000,4922.0000,4921.6000,4921.4000,4921.0000,4924.0000,4924.2000,4924.4000,4925.0000,4925.6000,3,1,1,1,1,1,1,1,1,1
SF,IC2001,2019-12-06 09:30:04.600,4923.0000,10374,0,5913640.000,0,-,-,-,-,4922.2000,4922.0000,4921.6000,4921.4000,4921.0000,4923.8000,4924.0000,4924.4000,4925.0000,4925.6000,1,1,1,1,1,1,1,1,1,1
SF,IC2001,2019-12-06 09:30:05.100,4923.0000,10374,0,5913640.000,0,-,-,-,-,4922.4000,4922.2000,4922.0000,4921.6000,4921.4000,4923.8000,4924.2000,4924.4000,4925.0000,4925.6000,1,1,1,1,1,3,1,1,1,1
SF,IC2001,2019-12-06 09:30:05.600,4923.0000,10374,0,5913640.000,0,-,-,-,-,4922.4000,4922.2000,4922.0000,4921.6000,4921.4000,4923.8000,4924.2000,4924.4000,4925.0000,4925.6000,1,1,1,1,1,2,1,1,1,1
SF,IC2001,2019-12-06 09:30:06.100,4923.0000,10374,0,5913640.000,0,-,-,-,-,4922.2000,4922.0000,4921.6000,4921.4000,4920.4000,4923.2000,4923.6000,4923.8000,4924.2000,4924.4000,1,1,1,1,5,2,2,2,1,1
SF,IC2001,2019-12-06 09:30:06.600,4923.0000,10374,0,5913640.000,0,-,-,-,-,4922.2000,4922.0000,4921.6000,4921.4000,4920.4000,4923.0000,4923.6000,4923.8000,4924.2000,4924.4000,1,1,1,1,5,1,3,1,1,1
SF,IC2001,2019-12-06 09:30:07.100,4923.0000,10374,0,5913640.000,0,-,-,-,-,4922.2000,4922.0000,4921.6000,4921.4000,4920.4000,4922.8000,4923.0000,4923.6000,4924.2000,4925.0000,1,1,1,1,5,1,1,2,1,1
SF,IC2001,2019-12-06 09:30:07.600,4922.2000,10374,0,6898080.000,1,0,1,多换,S,4922.0000,4921.6000,4921.4000,4920.4000,4920.0000,4922.2000,4922.6000,4922.8000,4923.6000,4924.2000,1,1,1,5,1,1,3,2,2,1
SF,IC2001,2019-12-06 09:30:08.100,4922.0000,10373,-1,7882480.000,1,0,1,双平,S,4921.6000,4921.4000,4920.4000,4920.0000,4919.6000,4922.0000,4922.2000,4922.8000,4923.6000,4924.2000,1,1,5,1,1,1,3,1,1,1
SF,IC2001,2019-12-06 09:30:09.100,4922.0000,10373,0,8866880.000,1,0,1,多换,S,4922.0000,4921.6000,4921.4000,4920.4000,4920.0000,4922.2000,4922.8000,4923.0000,4923.6000,4924.2000,3,1,1,5,1,3,1,1,1,1
SF,IC2001,2019-12-06 09:30:09.600,4921.6000,10369,-4,12804400.000,4,0,4,双平,S,4921.4000,4920.4000,4920.0000,4918.4000,4917.0000,4922.0000,4922.2000,4922.8000,4923.0000,4923.6000,1,5,1,1,1,2,4,1,1,1
SF,IC2001,2019-12-06 09:30:10.100,4922.2000,10369,0,15757520.000,3,1,2,多换,S,4920.4000,4920.0000,4918.4000,4917.0000,4916.2000,4922.8000,4923.0000,4923.6000,4924.2000,4925.0000,5,1,1,1,10,1,1,1,1,1
SF,IC2001,2019-12-06 09:30:10.600,4922.2000,10369,0,15757520.000,0,-,-,-,-,4920.6000,4920.4000,4920.0000,4918.4000,4917.0000,4922.6000,4922.8000,4923.0000,4923.6000,4924.2000,1,5,2,1,1,2,1,1,1,1
SF,IC2001,2019-12-06 09:30:11.100,4922.2000,10369,0,15757520.000,0,-,-,-,-,4920.6000,4920.4000,4920.0000,4918.4000,4917.0000,4921.6000,4922.6000,4922.8000,4923.0000,4923.6000,1,5,2,1,1,1,3,1,1,1
SF,IC2001,2019-12-06 09:30:11.600,4922.2000,10369,0,15757520.000,0,-,-,-,-,4920.6000,4920.4000,4920.0000,4918.4000,4917.0000,4921.6000,4922.6000,4923.0000,4923.6000,4924.2000,1,5,2,1,1,1,3,1,1,1
SF,IC2001,2019-12-06 09:30:12.100,4922.2000,10369,0,15757520.000,0,-,-,-,-,4920.6000,4920.4000,4920.0000,4918.4000,4917.0000,4921.6000,4922.6000,4923.0000,4923.6000,4924.2000,1,5,2,1,1,1,2,1,1,1
SF,IC2001,2019-12-06 09:30:13.100,4921.6000,10369,0,16741840.000,1,0,1,多换,S,4920.6000,4920.4000,4920.0000,4918.4000,4917.0000,4922.6000,4923.0000,4923.6000,4924.2000,4925.0000,1,5,2,1,1,2,1,1,1,1
SF,IC2001,2019-12-06 09:30:14.100,4921.6000,10369,0,16741840.000,0,-,-,-,-,4920.6000,4920.4000,4920.0000,4918.4000,4917.0000,4922.4000,4922.6000,4923.0000,4923.6000,4924.2000,1,5,2,1,1,1,2,1,1,1
SF,IC2001,2019-12-06 09:30:14.600,4920.6000,10369,0,17725960.000,1,0,1,多换,S,4920.4000,4920.0000,4918.4000,4917.0000,4916.2000,4922.2000,4922.4000,4922.6000,4923.0000,4923.6000,5,2,1,1,10,2,2,2,1,1
SF,IC2001,2019-12-06 09:30:15.100,4922.2000,10368,-1,18710400.000,1,0,1,双平,S,4920.6000,4920.4000,4920.0000,4918.4000,4917.0000,4922.4000,4922.6000,4923.0000,4923.6000,4924.2000,1,5,2,1,1,1,2,1,1,1
SF,IC2001,2019-12-06 09:30:16.600,4922.2000,10368,0,18710400.000,0,-,-,-,-,4920.6000,4920.4000,4920.0000,4918.4000,4918.0000,4922.4000,4922.6000,4923.0000,4923.6000,4924.2000,1,5,2,1,1,1,2,1,1,1
SF,IC2001,2019-12-06 09:30:17.100,4922.2000,10368,0,18710400.000,0,-,-,-,-,4920.8000,4920.6000,4920.4000,4920.0000,4918.4000,4923.6000,4924.2000,4925.0000,4925.6000,4926.8000,1,1,5,2,1,1,1,1,1,1
SF,IC2001,2019-12-06 09:30:17.600,4922.2000,10368,0,18710400.000,0,-,-,-,-,4921.0000,4920.8000,4920.4000,4920.0000,4918.4000,4923.4000,4923.6000,4924.2000,4925.6000,4926.8000,1,1,5,2,1,1,1,1,1,1
SF,IC2001,2019-12-06 09:30:18.100,4922.2000,10368,0,18710400.000,0,-,-,-,-,4921.0000,4920.4000,4920.0000,4918.4000,4918.0000,4923.4000,4923.6000,4924.2000,4925.6000,4926.8000,1,5,2,1,1,3,1,1,1,1
SF,IC2001,2019-12-06 09:30:18.600,4922.2000,10368,0,18710400.000,0,-,-,-,-,4921.2000,4921.0000,4920.4000,4920.0000,4918.4000,4923.4000,4923.6000,4924.2000,4925.6000,4926.8000,1,1,5,2,1,2,1,1,1,1
SF,IC2001,2019-12-06 09:30:19.100,4922.2000,10368,0,18710400.000,0,-,-,-,-,4921.4000,4921.2000,4920.4000,4920.0000,4918.4000,4923.2000,4923.4000,4923.6000,4924.2000,4925.6000,1,1,5,2,1,2,1,1,1,1
SF,IC2001,2019-12-06 09:30:19.600,4922.2000,10368,0,18710400.000,0,-,-,-,-,4920.4000,4920.0000,4918.4000,4918.0000,4917.0000,4923.2000,4923.4000,4923.6000,4924.2000,4925.6000,5,2,1,2,1,2,1,1,1,1
SF,IC2001,2019-12-06 09:30:20.100,4922.2000,10368,0,18710400.000,0,-,-,-,-,4920.6000,4920.4000,4920.0000,4918.4000,4918.0000,4923.2000,4923.6000,4924.2000,4925.6000,4926.8000,1,5,2,1,2,1,1,1,1,1
SF,IC2001,2019-12-06 09:30:20.600,4922.2000,10368,0,18710400.000,0,-,-,-,-,4920.8000,4920.6000,4920.4000,4920.0000,4918.4000,4923.2000,4923.6000,4924.2000,4925.6000,4926.8000,2,1,6,2,1,1,1,1,1,1
SF,IC2001,2019-12-06 09:30:21.100,4923.2000,10367,-1,19695040.000,1,0,1,双平,S,4923.2000,4921.0000,4920.8000,4920.4000,4920.0000,4923.6000,4924.2000,4925.6000,4926.8000,4928.0000,5,3,1,5,2,1,1,1,1,1
SF,IC2001,2019-12-06 09:30:21.600,4923.2000,10368,1,24618240.000,5,3,2,空开,S,4921.0000,4920.4000,4920.0000,4918.4000,4918.0000,4922.8000,4923.0000,4923.2000,4923.4000,4923.6000,1,5,2,1,2,2,2,3,2,1
SF,IC2001,2019-12-06 09:30:22.100,4923.2000,10368,0,24618240.000,0,-,-,-,-,4920.4000,4920.0000,4918.4000,4918.0000,4917.0000,4922.4000,4922.6000,4922.8000,4923.2000,4923.6000,5,1,1,2,1,1,5,2,7,2
SF,IC2001,2019-12-06 09:30:22.600,4923.2000,10368,0,24618240.000,0,-,-,-,-,4920.6000,4920.4000,4920.0000,4918.4000,4918.0000,4922.2000,4922.4000,4922.6000,4922.8000,4923.2000,1,5,1,1,2,2,1,4,1,7
SF,IC2001,2019-12-06 09:30:23.100,4923.2000,10368,0,24618240.000,0,-,-,-,-,4920.4000,4920.0000,4918.4000,4918.0000,4917.0000,4921.4000,4922.0000,4922.2000,4922.4000,4922.6000,5,1,1,2,1,1,2,2,1,2
SF,IC2001,2019-12-06 09:30:23.600,4923.2000,10368,0,24618240.000,0,-,-,-,-,4920.4000,4920.0000,4918.4000,4918.0000,4917.0000,4921.2000,4921.4000,4922.0000,4922.2000,4922.4000,5,1,1,2,1,1,1,2,1,1
SF,IC2001,2019-12-06 09:30:24.100,4923.2000,10368,0,24618240.000,0,-,-,-,-,4920.4000,4920.0000,4918.4000,4918.0000,4917.0000,4921.2000,4921.4000,4922.0000,4922.2000,4922.4000,5,1,1,2,1,1,1,2,2,1
SF,IC2001,2019-12-06 09:30:24.600,4923.2000,10368,0,24618240.000,0,-,-,-,-,4920.4000,4920.0000,4918.4000,4918.0000,4917.0000,4921.0000,4921.2000,4921.4000,4922.0000,4922.2000,5,1,1,1,1,1,1,1,2,1
SF,IC2001,2019-12-06 09:30:25.100,4921.2000,10367,-1,25602480.000,1,0,1,双平,S,4920.4000,4920.0000,4918.4000,4918.0000,4917.0000,4920.8000,4921.0000,4921.4000,4922.0000,4922.2000,5,1,1,1,1,1,1,1,2,1
SF,IC2001,2019-12-06 09:30:25.600,4921.0000,10366,-1,27570840.000,2,0,2,多平,S,4920.4000,4920.0000,4918.4000,4918.0000,4917.0000,4921.4000,4922.0000,4922.2000,4922.4000,4922.6000,5,1,1,1,1,1,2,1,1,2
SF,IC2001,2019-12-06 09:30:26.100,4921.0000,10366,0,27570840.000,0,-,-,-,-,4920.4000,4920.0000,4918.4000,4918.0000,4917.0000,4921.2000,4921.4000,4922.0000,4922.2000,4922.4000,5,1,1,1,1,1,1,2,1,1
SF,IC2001,2019-12-06 09:30:26.600,4920.4000,10367,1,28554920.000,1,1,0,双开,S,4920.4000,4920.0000,4918.4000,4918.0000,4917.0000,4921.4000,4922.0000,4922.2000,4922.4000,4922.6000,4,1,1,1,1,1,2,1,1,2
SF,IC2001,2019-12-06 09:30:27.100,4920.4000,10367,0,28554920.000,0,-,-,-,-,4920.4000,4920.0000,4918.4000,4918.0000,4917.0000,4921.4000,4922.0000,4922.4000,4922.6000,4922.8000,4,1,1,1,1,1,2,1,2,1
SF,IC2001,2019-12-06 09:30:27.600,4921.4000,10367,0,29539200.000,1,0,1,多换,S,4920.6000,4920.4000,4920.0000,4918.6000,4918.4000,4922.0000,4922.4000,4922.6000,4922.8000,4923.0000,1,4,1,1,1,2,1,2,1,1
SF,IC2001,2019-12-06 09:30:28.100,4921.4000,10367,0,29539200.000,0,-,-,-,-,4920.6000,4920.4000,4920.0000,4918.6000,4918.4000,4922.6000,4922.8000,4923.0000,4923.6000,4924.2000,1,4,1,1,1,1,1,1,1,1
SF,IC2001,2019-12-06 09:30:29.100,4921.4000,10367,0,29539200.000,0,-,-,-,-,4920.6000,4920.4000,4920.0000,4918.6000,4918.4000,4922.8000,4923.0000,4923.6000,4924.2000,4925.6000,1,4,1,1,1,1,1,1,1,1
SF,IC2001,2019-12-06 09:30:29.600,4921.4000,10367,0,29539200.000,0,-,-,-,-,4920.8000,4920.6000,4920.4000,4920.0000,4918.6000,4923.6000,4924.2000,4925.6000,4926.8000,4929.0000,1,1,4,1,1,1,1,1,1,1
SF,IC2001,2019-12-06 09:30:30.100,4921.4000,10367,0,29539200.000,0,-,-,-,-,4921.0000,4920.8000,4920.4000,4920.0000,4918.6000,4922.2000,4922.6000,4923.4000,4923.6000,4924.2000,1,1,4,1,1,1,1,4,1,1
SF,IC2001,2019-12-06 09:30:30.600,4921.4000,10367,0,29539200.000,0,-,-,-,-,4921.0000,4920.4000,4920.0000,4919.6000,4918.6000,4923.4000,4923.6000,4924.2000,4925.6000,4926.8000,1,4,1,1,1,4,1,1,1,1
SF,IC2001,2019-12-06 09:30:31.100,4921.4000,10367,0,29539200.000,0,-,-,-,-,4921.0000,4920.4000,4920.0000,4919.6000,4918.6000,4923.0000,4923.2000,4923.4000,4923.6000,4924.2000,1,4,1,1,1,1,1,4,1,1
SF,IC2001,2019-12-06 09:30:31.600,4921.4000,10367,0,29539200.000,0,-,-,-,-,4921.0000,4920.4000,4920.0000,4919.6000,4918.6000,4922.8000,4923.0000,4923.4000,4923.6000,4924.2000,1,4,1,1,1,3,1,2,1,1
SF,IC2001,2019-12-06 09:30:32.100,4921.4000,10367,0,29539200.000,0,-,-,-,-,4921.0000,4920.4000,4920.0000,4919.6000,4918.6000,4922.6000,4922.8000,4923.4000,4923.6000,4924.2000,1,4,1,1,1,1,1,2,1,1
SF,IC2001,2019-12-06 09:30:33.100,4921.4000,10367,0,29539200.000,0,-,-,-,-,4921.0000,4920.4000,4920.0000,4919.6000,4918.6000,4922.8000,4923.4000,4923.6000,4924.2000,4925.6000,1,4,1,1,1,1,3,1,1,1
SF,IC2001,2019-12-06 09:30:34.600,4921.4000,10367,0,29539200.000,0,-,-,-,-,4921.2000,4921.0000,4920.4000,4920.0000,4919.6000,4922.8000,4923.4000,4923.6000,4924.2000,4925.6000,1,1,4,1,1,1,3,1,1,1
SF,IC2001,2019-12-06 09:30:35.100,4921.4000,10367,0,29539200.000,0,-,-,-,-,4921.4000,4921.2000,4920.4000,4920.0000,4919.6000,4922.8000,4923.4000,4923.6000,4924.2000,4925.6000,1,1,4,1,1,1,3,1,1,1
SF,IC2001,2019-12-06 09:30:35.600,4921.4000,10366,-1,30523480.000,1,0,1,双平,S,4920.4000,4920.0000,4919.6000,4918.6000,4918.4000,4921.4000,4922.8000,4923.4000,4923.6000,4924.2000,4,1,1,1,1,1,1,3,1,1
SF,IC2001,2019-12-06 09:30:36.100,4921.4000,10366,0,31507760.000,1,0,1,多换,S,4921.4000,4920.6000,4920.4000,4920.0000,4919.6000,4922.8000,4923.4000,4923.6000,4924.2000,4925.6000,1,1,4,1,1,1,3,1,1,1
SF,IC2001,2019-12-06 09:30:36.600,4921.4000,10366,0,31507760.000,0,-,-,-,-,4921.4000,4920.6000,4920.4000,4920.0000,4919.6000,4922.6000,4922.8000,4923.4000,4923.6000,4924.2000,1,1,4,1,1,1,1,3,1,1
SF,IC2001,2019-12-06 09:30:37.100,4922.6000,10365,-1,32492280.000,1,0,1,双平,S,4920.6000,4920.4000,4920.0000,4919.6000,4918.6000,4921.4000,4922.6000,4922.8000,4923.4000,4923.6000,1,4,1,1,1,1,1,1,2,1
SF,IC2001,2019-12-06 09:30:37.600,4921.4000,10364,-1,34460840.000,2,0,2,多平,S,4920.6000,4920.4000,4920.0000,4919.6000,4918.6000,4922.6000,4923.4000,4923.6000,4924.2000,4925.6000,1,4,1,1,1,1,2,1,1,1
SF,IC2001,2019-12-06 09:30:38.100,4922.4000,10363,-1,35445320.000,1,0,1,双平,S,4920.6000,4920.4000,4920.0000,4919.6000,4918.6000,4921.6000,4922.6000,4923.4000,4923.6000,4924.2000,1,4,1,1,1,1,1,2,1,1
SF,IC2001,2019-12-06 09:30:38.600,4922.4000,10363,0,35445320.000,0,-,-,-,-,4920.6000,4920.4000,4920.0000,4919.6000,4918.6000,4921.6000,4922.4000,4922.6000,4923.4000,4923.6000,1,4,1,1,1,1,1,1,2,1
SF,IC2001,2019-12-06 09:30:39.100,4920.6000,10363,0,36429440.000,1,0,1,多换,S,4920.4000,4920.0000,4919.6000,4918.6000,4918.4000,4922.4000,4922.6000,4923.0000,4923.4000,4923.6000,4,1,1,1,1,1,1,1,2,1
SF,IC2001,2019-12-06 09:30:39.600,4920.6000,10363,0,36429440.000,0,-,-,-,-,4920.6000,4920.4000,4920.0000,4919.6000,4918.6000,4922.0000,4923.0000,4923.4000,4923.6000,4924.2000,1,4,1,1,1,1,1,2,1,1
SF,IC2001,2019-12-06 09:30:42.600,4920.6000,10361,-2,38397960.000,2,0,2,双平,S,4920.4000,4920.0000,4919.6000,4918.6000,4918.4000,4923.0000,4923.4000,4923.6000,4924.2000,4925.6000,4,1,1,1,1,1,2,1,1,1
SF,IC2001,2019-12-06 09:30:43.100,4920.6000,10361,0,38397960.000,0,-,-,-,-,4922.0000,4920.6000,4920.4000,4920.0000,4919.6000,4923.4000,4923.6000,4924.2000,4925.6000,4926.8000,1,3,4,1,1,1,1,1,1,1
SF,IC2001,2019-12-06 09:30:43.600,4920.6000,10361,0,38397960.000,0,-,-,-,-,4922.2000,4922.0000,4920.6000,4920.4000,4920.0000,4924.2000,4925.6000,4926.8000,4928.6000,4929.0000,1,1,4,4,1,1,1,1,1,1
SF,IC2001,2019-12-06 09:30:44.100,4920.6000,10361,0,38397960.000,0,-,-,-,-,4922.2000,4922.0000,4920.6000,4920.4000,4920.0000,4924.0000,4924.2000,4925.6000,4926.8000,4928.6000,1,1,4,4,1,2,1,1,1,1
SF,IC2001,2019-12-06 09:30:44.600,4920.6000,10361,0,38397960.000,0,-,-,-,-,4923.4000,4922.2000,4922.0000,4920.6000,4920.4000,4924.0000,4924.2000,4925.6000,4926.8000,4928.6000,1,1,1,3,4,3,1,1,1,1
SF,IC2001,2019-12-06 09:30:45.100,4923.4000,10361,0,39382640.000,1,0,1,多换,S,4922.0000,4920.6000,4920.4000,4920.0000,4919.6000,4923.8000,4924.0000,4924.2000,4925.6000,4926.8000,1,3,4,1,1,1,2,1,1,1
SF,IC2001,2019-12-06 09:30:45.600,4923.4000,10361,0,39382640.000,0,-,-,-,-,4922.2000,4922.0000,4920.6000,4920.4000,4920.0000,4923.6000,4924.0000,4924.2000,4925.6000,4926.8000,1,1,3,4,1,1,1,1,1,1
SF,IC2001,2019-12-06 09:30:46.100,4924.0000,10360,-1,40367440.000,1,0,1,双平,S,4922.2000,4922.0000,4920.6000,4920.4000,4920.0000,4924.0000,4925.6000,4926.8000,4928.6000,4929.0000,2,1,3,4,1,1,1,1,1,1
SF,IC2001,2019-12-06 09:30:46.600,4924.0000,10360,0,40367440.000,0,-,-,-,-,4922.2000,4922.0000,4920.6000,4920.4000,4920.0000,4923.8000,4924.0000,4925.6000,4926.8000,4928.6000,2,1,3,4,1,1,1,1,1,1
SF,IC2001,2019-12-06 09:30:47.100,4924.0000,10360,0,40367440.000,0,-,-,-,-,4922.2000,4922.0000,4920.6000,4920.4000,4920.0000,4924.0000,4925.6000,4926.8000,4928.6000,4929.0000,2,1,3,4,1,1,1,1,1,1
SF,IC2001,2019-12-06 09:30:47.600,4924.0000,10360,0,40367440.000,0,-,-,-,-,4922.2000,4922.0000,4920.6000,4920.4000,4920.0000,4923.8000,4924.0000,4925.6000,4926.8000,4928.6000,2,1,3,4,1,1,1,1,1,1
SF,IC2001,2019-12-06 09:30:48.100,4924.0000,10360,0,40367440.000,0,-,-,-,-,4922.2000,4922.0000,4921.4000,4921.2000,4920.6000,4925.6000,4926.8000,4928.6000,4929.0000,4929.4000,2,1,1,1,3,1,1,2,1,2
SF,IC2001,2019-12-06 09:30:48.600,4924.0000,10360,0,40367440.000,0,-,-,-,-,4922.2000,4922.0000,4921.4000,4921.2000,4920.6000,4925.0000,4925.2000,4925.4000,4925.6000,4926.8000,2,1,1,1,3,1,1,5,1,1
SF,IC2001,2019-12-06 09:30:49.100,4924.0000,10360,0,40367440.000,0,-,-,-,-,4922.2000,4922.0000,4921.4000,4921.2000,4920.6000,4925.4000,4926.8000,4928.6000,4929.0000,4929.4000,2,1,1,1,2,1,1,2,1,2
SF,IC2001,2019-12-06 09:30:49.600,4924.0000,10360,0,40367440.000,0,-,-,-,-,4922.8000,4922.2000,4922.0000,4921.2000,4920.6000,4924.8000,4925.2000,4925.4000,4926.8000,4928.6000,1,1,1,1,2,2,2,1,1,2
SF,IC2001,2019-12-06 09:30:50.100,4924.0000,10360,0,40367440.000,0,-,-,-,-,4923.0000,4922.0000,4921.2000,4920.6000,4920.4000,4924.6000,4925.2000,4926.8000,4928.6000,4929.0000,1,1,1,2,4,1,2,1,2,1
SF,IC2001,2019-12-06 09:30:50.600,4924.0000,10360,0,40367440.000,0,-,-,-,-,4923.0000,4922.0000,4921.2000,4920.6000,4920.4000,4924.4000,4924.6000,4925.2000,4925.4000,4926.8000,1,1,1,2,4,1,4,1,1,1
SF,IC2001,2019-12-06 09:30:51.100,4924.0000,10360,0,40367440.000,0,-,-,-,-,4922.0000,4921.2000,4920.8000,4920.6000,4920.4000,4923.0000,4924.4000,4924.6000,4925.2000,4925.4000,1,1,1,2,4,1,1,4,1,1
SF,IC2001,2019-12-06 09:30:51.600,4924.0000,10360,0,40367440.000,0,-,-,-,-,4922.2000,4922.0000,4920.8000,4920.6000,4920.4000,4923.0000,4924.0000,4924.4000,4924.6000,4925.4000,1,1,1,2,4,1,1,1,2,1
SF,IC2001,2019-12-06 09:30:52.100,4924.0000,10360,0,40367440.000,0,-,-,-,-,4922.0000,4920.8000,4920.6000,4920.4000,4920.0000,4923.0000,4924.0000,4924.4000,4924.6000,4925.4000,1,1,2,4,1,1,1,1,2,1
SF,IC2001,2019-12-06 09:30:53.600,4924.0000,10360,0,40367440.000,0,-,-,-,-,4922.0000,4920.8000,4920.6000,4920.4000,4920.0000,4923.0000,4924.0000,4924.4000,4924.6000,4925.4000,1,1,1,4,1,1,1,1,2,1
SF,IC2001,2019-12-06 09:30:54.100,4922.0000,10359,-1,41351840.000,1,0,1,双平,S,4920.8000,4920.6000,4920.4000,4920.0000,4919.6000,4922.0000,4922.6000,4922.8000,4923.0000,4923.6000,1,1,4,1,1,1,1,3,2,1
SF,IC2001,2019-12-06 09:30:54.600,4922.0000,10359,0,41351840.000,0,-,-,-,-,4921.0000,4920.8000,4920.6000,4920.4000,4920.0000,4923.0000,4923.6000,4924.0000,4924.6000,4925.4000,1,1,1,4,1,1,1,1,2,1
SF,IC2001,2019-12-06 09:30:55.100,4922.0000,10359,0,42336240.000,1,0,1,多换,S,4921.0000,4920.8000,4920.4000,4920.0000,4919.6000,4922.8000,4923.0000,4923.6000,4924.0000,4924.6000,1,1,4,1,1,1,1,1,1,2
SF,IC2001,2019-12-06 09:30:55.600,4922.0000,10359,0,42336240.000,0,-,-,-,-,4921.0000,4920.8000,4920.4000,4920.0000,4919.6000,4922.8000,4923.0000,4923.6000,4924.0000,4924.6000,1,1,4,1,1,3,1,1,1,2
SF,IC2001,2019-12-06 09:30:57.100,4921.0000,10359,0,44305000.000,2,1,1,多换,S,4920.8000,4920.4000,4920.0000,4919.6000,4918.6000,4922.8000,4923.0000,4923.6000,4924.0000,4924.6000,1,4,1,1,1,2,1,1,1,2
SF,IC2001,2019-12-06 09:30:57.600,4921.0000,10359,0,44305000.000,0,-,-,-,-,4921.0000,4920.8000,4920.4000,4920.0000,4919.6000,4922.6000,4922.8000,4923.0000,4923.6000,4924.0000,2,1,4,1,1,1,2,1,1,1
SF,IC2001,2019-12-06 09:30:58.600,4921.0000,10359,0,44305000.000,0,-,-,-,-,4921.0000,4920.8000,4920.4000,4920.0000,4919.6000,4922.6000,4923.0000,4923.6000,4924.0000,4924.6000,2,1,4,1,1,1,1,1,1,2
SF,IC2001,2019-12-06 09:31:00.600,4921.0000,10359,0,44305000.000,0,-,-,-,-,4921.2000,4921.0000,4920.8000,4920.4000,4920.0000,4922.4000,4922.6000,4923.0000,4923.6000,4924.0000,1,2,1,4,1,1,1,1,1,1
SF,IC2001,2019-12-06 09:31:01.100,4921.2000,10359,0,45289240.000,1,0,1,多换,S,4920.8000,4920.4000,4920.0000,4919.6000,4918.6000,4922.2000,4922.4000,4923.0000,4923.6000,4924.0000,1,4,1,1,1,2,3,1,1,1
SF,IC2001,2019-12-06 09:31:01.600,4920.8000,10359,0,46273400.000,1,0,1,多换,S,4920.4000,4920.0000,4918.6000,4918.4000,4918.0000,4922.0000,4922.2000,4922.4000,4923.6000,4924.0000,4,1,1,1,1,3,2,1,1,1
SF,IC2001,2019-12-06 09:31:02.100,4920.8000,10358,-1,47257560.000,1,0,1,双平,S,4920.4000,4920.0000,4918.6000,4918.4000,4918.0000,4921.8000,4922.0000,4922.2000,4922.4000,4923.6000,4,1,1,1,1,2,3,1,1,1
SF,IC2001,2019-12-06 09:31:03.100,4920.8000,10358,0,47257560.000,0,-,-,-,-,4920.4000,4920.0000,4918.6000,4918.4000,4918.0000,4921.6000,4921.8000,4922.0000,4922.2000,4922.4000,4,1,1,1,1,2,2,1,1,2
SF,IC2001,2019-12-06 09:31:03.600,4920.8000,10358,0,47257560.000,0,-,-,-,-,4920.4000,4920.0000,4918.6000,4918.4000,4918.0000,4921.6000,4921.8000,4922.2000,4922.4000,4923.6000,4,1,1,1,1,1,2,1,2,1
SF,IC2001,2019-12-06 09:31:05.600,4921.6000,10357,-1,48241880.000,1,0,1,双平,S,4920.4000,4920.0000,4918.6000,4918.4000,4918.0000,4921.8000,4922.2000,4922.4000,4923.6000,4925.4000,4,1,1,1,1,2,1,2,1,1
SF,IC2001,2019-12-06 09:31:06.100,4921.8000,10355,-2,50210600.000,2,0,2,双平,S,4921.6000,4920.6000,4920.4000,4920.0000,4918.6000,4922.2000,4922.4000,4923.6000,4925.4000,4926.8000,1,1,5,1,1,1,1,1,1,1
SF,IC2001,2019-12-06 09:31:06.600,4921.8000,10355,0,50210600.000,0,-,-,-,-,4922.4000,4921.8000,4921.6000,4920.4000,4920.0000,4923.6000,4925.4000,4926.8000,4928.6000,4929.0000,1,1,2,5,1,1,1,1,2,1
SF,IC2001,2019-12-06 09:31:07.100,4921.8000,10355,0,50210600.000,0,-,-,-,-,4922.4000,4921.8000,4921.6000,4920.8000,4920.4000,4923.6000,4925.4000,4926.8000,4928.6000,4929.0000,2,1,2,1,5,1,1,1,2,1
SF,IC2001,2019-12-06 09:31:07.600,4921.8000,10355,0,50210600.000,0,-,-,-,-,4922.6000,4922.4000,4922.0000,4921.6000,4920.8000,4925.4000,4926.8000,4928.6000,4929.0000,4935.6000,1,2,1,2,1,1,1,2,1,1
SF,IC2001,2019-12-06 09:31:08.100,4921.8000,10355,0,50210600.000,0,-,-,-,-,4922.6000,4922.4000,4922.0000,4921.6000,4920.8000,4924.0000,4924.6000,4924.8000,4925.0000,4925.2000,1,2,1,2,1,1,1,1,3,2
SF,IC2001,2019-12-06 09:31:08.600,4921.8000,10355,0,50210600.000,0,-,-,-,-,4922.8000,4922.6000,4922.4000,4922.0000,4921.6000,4923.8000,4924.6000,4924.8000,4925.0000,4925.2000,1,1,2,1,2,1,1,1,3,3
SF,IC2001,2019-12-06 09:31:09.100,4921.8000,10355,0,50210600.000,0,-,-,-,-,4922.8000,4922.4000,4922.0000,4921.6000,4920.8000,4923.6000,4923.8000,4924.6000,4924.8000,4925.0000,1,2,1,2,1,1,1,1,1,3
SF,IC2001,2019-12-06 09:31:09.600,4922.8000,10354,-1,51195160.000,1,0,1,双平,S,4922.4000,4922.0000,4921.6000,4920.8000,4920.6000,4922.8000,4923.2000,4923.4000,4923.6000,4923.8000,1,1,2,1,2,1,1,1,3,1
SF,IC2001,2019-12-06 09:31:10.100,4922.4000,10353,-1,52179640.000,1,0,1,双平,S,4922.0000,4921.6000,4920.8000,4920.6000,4920.4000,4922.8000,4923.4000,4923.6000,4923.8000,4924.6000,1,2,1,2,4,1,1,3,1,1
SF,IC2001,2019-12-06 09:31:10.600,4922.8000,10352,-1,53164200.000,1,0,1,双平,S,4922.8000,4922.2000,4922.0000,4921.6000,4920.8000,4924.6000,4925.0000,4925.2000,4925.4000,4926.8000,1,1,1,2,1,1,3,1,1,1
SF,IC2001,2019-12-06 09:31:11.100,4922.8000,10352,0,54148760.000,1,0,1,多换,S,4922.2000,4922.0000,4921.6000,4920.8000,4920.6000,4923.0000,4923.2000,4923.6000,4923.8000,4924.2000,1,1,2,1,2,1,1,1,3,2
SF,IC2001,2019-12-06 09:31:11.600,4922.8000,10352,0,54148760.000,0,-,-,-,-,4922.2000,4922.0000,4921.6000,4920.8000,4920.6000,4923.8000,4924.2000,4924.4000,4925.0000,4925.2000,1,1,2,1,2,1,1,3,3,1
SF,IC2001,2019-12-06 09:31:12.600,4922.8000,10352,0,54148760.000,0,-,-,-,-,4922.2000,4922.0000,4921.6000,4920.8000,4920.6000,4923.6000,4923.8000,4924.2000,4925.0000,4925.2000,1,1,2,1,2,2,1,1,3,1
SF,IC2001,2019-12-06 09:31:13.100,4922.8000,10352,0,54148760.000,0,-,-,-,-,4922.2000,4922.0000,4921.6000,4920.8000,4920.6000,4923.4000,4923.6000,4923.8000,4924.2000,4925.0000,1,1,1,1,2,1,3,1,2,2
SF,IC2001,2019-12-06 09:31:14.100,4922.2000,10351,-1,55133200.000,1,0,1,双平,S,4922.0000,4921.6000,4920.8000,4920.6000,4920.4000,4923.0000,4923.2000,4923.4000,4923.6000,4923.8000,1,1,1,2,4,1,2,1,1,1
SF,IC2001,2019-12-06 09:31:14.600,4922.0000,10350,-1,56117600.000,1,0,1,双平,S,4921.6000,4920.8000,4920.6000,4920.4000,4920.0000,4922.2000,4922.4000,4922.6000,4922.8000,4923.0000,1,1,2,4,1,1,1,1,3,1
SF,IC2001,2019-12-06 09:31:15.100,4922.6000,10349,-1,58086440.000,2,0,2,多平,S,4920.8000,4920.6000,4920.4000,4920.0000,4919.8000,4922.8000,4923.0000,4923.6000,4924.2000,4925.0000,1,2,4,1,1,3,1,1,1,2
SF,IC2001,2019-12-06 09:31:15.600,4922.6000,10349,0,58086440.000,0,-,-,-,-,4921.0000,4920.8000,4920.6000,4920.4000,4920.0000,4922.4000,4922.6000,4922.8000,4923.0000,4923.6000,1,1,2,4,1,1,2,2,1,1
SF,IC2001,2019-12-06 09:31:16.100,4922.6000,10349,0,58086440.000,0,-,-,-,-,4921.0000,4920.8000,4920.6000,4920.4000,4920.0000,4922.4000,4922.6000,4922.8000,4923.0000,4923.6000,1,1,2,4,1,1,3,1,1,1
SF,IC2001,2019-12-06 09:31:16.600,4922.6000,10349,0,58086440.000,0,-,-,-,-,4921.0000,4920.8000,4920.6000,4920.4000,4920.0000,4922.2000,4922.4000,4922.6000,4922.8000,4923.0000,1,1,2,4,1,1,1,2,1,1
SF,IC2001,2019-12-06 09:31:17.100,4922.6000,10349,0,58086440.000,0,-,-,-,-,4921.0000,4920.8000,4920.6000,4920.4000,4920.0000,4922.2000,4922.4000,4922.6000,4922.8000,4923.0000,1,1,2,4,1,1,1,1,1,1
SF,IC2001,2019-12-06 09:31:17.600,4922.2000,10348,-1,59070880.000,1,0,1,双平,S,4921.0000,4920.8000,4920.6000,4920.4000,4920.0000,4922.4000,4922.6000,4922.8000,4923.0000,4923.6000,1,1,2,4,1,1,1,1,1,1
SF,IC2001,2019-12-06 09:31:18.100,4922.2000,10348,0,59070880.000,0,-,-,-,-,4921.0000,4920.8000,4920.6000,4920.4000,4920.0000,4922.6000,4922.8000,4923.6000,4924.2000,4925.0000,1,1,2,4,1,1,1,1,1,2
SF,IC2001,2019-12-06 09:31:19.100,4922.2000,10348,0,59070880.000,0,-,-,-,-,4921.0000,4920.8000,4920.6000,4920.4000,4920.0000,4923.6000,4924.2000,4925.0000,4925.2000,4925.4000,2,1,2,4,1,1,1,2,1,1
SF,IC2001,2019-12-06 09:31:19.600,4922.2000,10348,0,59070880.000,0,-,-,-,-,4921.0000,4920.8000,4920.6000,4920.4000,4920.0000,4923.4000,4923.6000,4924.2000,4925.0000,4925.2000,2,1,2,4,1,2,1,1,2,1
SF,IC2001,2019-12-06 09:31:20.100,4922.2000,10348,0,59070880.000,0,-,-,-,-,4921.0000,4920.8000,4920.6000,4920.4000,4920.0000,4923.4000,4923.6000,4924.2000,4925.0000,4925.2000,3,1,2,4,1,4,1,1,2,1
SF,IC2001,2019-12-06 09:31:20.600,4922.2000,10348,0,59070880.000,0,-,-,-,-,4921.0000,4920.8000,4920.6000,4920.4000,4920.0000,4923.2000,4923.4000,4923.6000,4924.2000,4925.0000,3,1,2,4,1,1,3,1,1,2
SF,IC2001,2019-12-06 09:31:21.100,4922.2000,10348,0,59070880.000,0,-,-,-,-,4921.0000,4920.8000,4920.6000,4920.4000,4920.0000,4922.2000,4923.0000,4923.2000,4923.4000,4923.6000,3,1,2,4,1,1,5,1,2,1
SF,IC2001,2019-12-06 09:31:21.600,4922.2000,10348,0,59070880.000,0,-,-,-,-,4921.0000,4920.8000,4920.6000,4920.4000,4920.0000,4923.0000,4923.2000,4923.4000,4923.6000,4924.2000,3,1,2,4,1,6,1,1,1,1
SF,IC2001,2019-12-06 09:31:22.100,4922.2000,10348,0,59070880.000,0,-,-,-,-,4921.0000,4920.8000,4920.6000,4920.4000,4920.0000,4922.2000,4922.6000,4922.8000,4923.0000,4923.4000,2,1,2,4,1,1,2,2,5,1
SF,IC2001,2019-12-06 09:31:22.600,4921.0000,10346,-2,61039280.000,2,0,2,双平,S,4920.8000,4920.6000,4920.4000,4920.0000,4918.6000,4921.6000,4921.8000,4922.0000,4922.6000,4922.8000,1,2,4,1,1,1,1,3,2,2
SF,IC2001,2019-12-06 09:31:23.100,4920.8000,10347,1,62023440.000,1,1,0,双开,S,4920.6000,4920.4000,4920.0000,4918.6000,4918.4000,4921.4000,4921.8000,4922.0000,4922.6000,4922.8000,2,4,1,1,1,3,2,2,2,1
SF,IC2001,2019-12-06 09:31:23.600,4920.6000,10345,-2,63991680.000,2,0,2,双平,S,4920.4000,4920.0000,4918.6000,4918.4000,4918.0000,4921.2000,4921.4000,4921.8000,4922.0000,4922.6000,4,1,1,1,1,2,2,2,1,2
SF,IC2001,2019-12-06 09:31:24.100,4920.4000,10345,0,65959840.000,2,1,1,多换,S,4920.4000,4920.0000,4918.6000,4918.4000,4918.0000,4921.0000,4921.2000,4921.8000,4922.0000,4922.6000,2,1,1,1,1,1,2,2,1,2
SF,IC2001,2019-12-06 09:31:24.600,4920.4000,10345,0,67928000.000,2,1,1,多换,S,4920.0000,4918.6000,4918.0000,4917.0000,4916.8000,4920.4000,4920.6000,4921.0000,4921.2000,4921.8000,1,1,1,1,1,1,1,2,2,3
SF,IC2001,2019-12-06 09:31:25.100,4920.4000,10345,0,67928000.000,0,-,-,-,-,4920.0000,4918.6000,4918.0000,4917.0000,4916.8000,4920.4000,4920.8000,4921.2000,4921.8000,4922.0000,1,1,1,1,1,2,1,1,3,1
SF,IC2001,2019-12-06 09:31:25.600,4920.4000,10345,0,67928000.000,0,-,-,-,-,4920.0000,4918.6000,4918.0000,4917.0000,4916.8000,4920.2000,4920.4000,4920.8000,4921.2000,4921.8000,1,1,1,1,1,1,2,1,1,3
SF,IC2001,2019-12-06 09:31:26.100,4920.4000,10345,0,67928000.000,0,-,-,-,-,4920.0000,4918.6000,4918.0000,4917.0000,4916.8000,4920.4000,4920.8000,4921.2000,4921.8000,4922.6000,1,1,1,1,1,2,1,1,3,1
SF,IC2001,2019-12-06 09:31:27.100,4920.8000,10344,-1,68912160.000,1,0,1,双平,S,4920.4000,4920.0000,4918.6000,4918.0000,4917.0000,4921.2000,4921.8000,4922.6000,4922.8000,4923.0000,2,1,1,1,1,1,2,1,1,2
SF,IC2001,2019-12-06 09:31:27.600,4920.4000,10343,-1,69896240.000,1,0,1,双平,S,4920.4000,4920.0000,4918.6000,4918.0000,4917.0000,4920.6000,4921.0000,4921.2000,4921.8000,4922.6000,1,1,1,1,1,1,1,1,2,1
SF,IC2001,2019-12-06 09:31:28.100,4920.4000,10343,0,69896240.000,0,-,-,-,-,4920.4000,4920.0000,4918.6000,4918.0000,4917.0000,4920.6000,4921.0000,4921.2000,4921.8000,4922.6000,1,1,1,1,1,1,2,1,2,1
SF,IC2001,2019-12-06 09:31:28.600,4920.4000,10343,0,69896240.000,0,-,-,-,-,4920.4000,4920.0000,4918.6000,4918.0000,4917.0000,4921.0000,4921.2000,4921.8000,4922.6000,4922.8000,1,1,1,1,1,2,1,2,1,1
SF,IC2001,2019-12-06 09:31:29.100,4920.4000,10343,0,69896240.000,0,-,-,-,-,4920.4000,4920.0000,4918.6000,4918.0000,4917.0000,4921.0000,4921.2000,4921.8000,4922.6000,4922.8000,1,1,1,1,1,1,1,2,1,1
SF,IC2001,2019-12-06 09:31:29.600,4920.4000,10343,0,69896240.000,0,-,-,-,-,4920.6000,4920.4000,4920.0000,4918.6000,4918.0000,4921.0000,4921.2000,4921.8000,4922.6000,4922.8000,1,1,1,1,1,1,1,2,1,1
SF,IC2001,2019-12-06 09:31:30.100,4920.4000,10343,0,69896240.000,0,-,-,-,-,4920.6000,4920.4000,4920.0000,4918.6000,4918.0000,4921.0000,4921.2000,4921.8000,4922.6000,4922.8000,1,1,1,1,1,1,1,2,1,1
SF,IC2001,2019-12-06 09:31:30.600,4920.6000,10342,-1,70880360.000,1,0,1,双平,S,4920.4000,4920.0000,4918.6000,4918.0000,4917.0000,4921.0000,4921.2000,4921.8000,4922.6000,4922.8000,1,1,1,1,1,1,1,2,1,1
SF,IC2001,2019-12-06 09:31:31.100,4920.6000,10342,0,70880360.000,0,-,-,-,-,4920.4000,4920.0000,4918.6000,4918.0000,4917.0000,4921.0000,4921.2000,4921.8000,4922.6000,4922.8000,1,1,1,1,1,1,1,2,1,1
SF,IC2001,2019-12-06 09:31:31.600,4920.6000,10342,0,70880360.000,0,-,-,-,-,4920.4000,4920.0000,4918.6000,4918.0000,4917.0000,4920.8000,4921.0000,4921.2000,4921.8000,4922.6000,1,1,1,1,1,1,1,1,2,1
SF,IC2001,2019-12-06 09:31:32.100,4920.4000,10341,-1,71864440.000,1,0,1,双平,S,4920.0000,4918.6000,4918.0000,4917.0000,4916.8000,4921.0000,4921.2000,4921.8000,4922.6000,4922.8000,1,1,1,1,1,1,1,2,1,1
SF,IC2001,2019-12-06 09:31:34.100,4920.4000,10341,0,71864440.000,0,-,-,-,-,4920.0000,4918.6000,4918.0000,4917.0000,4916.8000,4921.2000,4921.8000,4922.6000,4922.8000,4923.0000,1,1,1,1,1,1,2,1,1,2
SF,IC2001,2019-12-06 09:31:34.600,4920.4000,10341,0,71864440.000,0,-,-,-,-,4920.2000,4920.0000,4918.6000,4918.0000,4917.0000,4920.8000,4921.2000,4921.8000,4922.6000,4922.8000,1,1,1,1,1,1,1,2,1,1
SF,IC2001,2019-12-06 09:31:35.100,4920.4000,10341,0,71864440.000,0,-,-,-,-,4920.8000,4920.2000,4920.0000,4918.6000,4918.0000,4921.2000,4921.8000,4922.6000,4922.8000,4923.0000,1,1,1,1,1,1,2,1,1,2
SF,IC2001,2019-12-06 09:31:35.600,4920.4000,10341,0,71864440.000,0,-,-,-,-,4920.2000,4920.0000,4918.6000,4918.0000,4917.0000,4921.8000,4922.6000,4922.8000,4923.0000,4924.2000,1,1,1,1,1,2,1,1,2,1
SF,IC2001,2019-12-06 09:31:36.100,4920.4000,10341,0,71864440.000,0,-,-,-,-,4920.2000,4920.0000,4918.6000,4918.0000,4917.0000,4921.6000,4921.8000,4922.6000,4922.8000,4923.0000,1,1,1,1,1,1,2,1,1,2
SF,IC2001,2019-12-06 09:31:36.600,4920.4000,10341,0,71864440.000,0,-,-,-,-,4920.2000,4920.0000,4918.6000,4918.0000,4917.0000,4921.6000,4921.8000,4922.6000,4922.8000,4923.0000,1,1,1,1,1,2,2,1,1,2
SF,IC2001,2019-12-06 09:31:37.100,4920.4000,10341,0,71864440.000,0,-,-,-,-,4920.2000,4920.0000,4918.6000,4918.0000,4917.0000,4921.6000,4921.8000,4922.6000,4922.8000,4923.0000,1,1,1,1,1,2,2,1,1,2
SF,IC2001,2019-12-06 09:31:37.600,4920.4000,10341,0,71864440.000,0,-,-,-,-,4920.2000,4920.0000,4918.6000,4918.0000,4917.0000,4921.6000,4921.8000,4922.6000,4922.8000,4923.0000,1,1,1,2,1,2,2,1,1,2
SF,IC2001,2019-12-06 09:31:38.100,4921.6000,10338,-3,74817400.000,3,0,3,双平,S,4921.6000,4920.2000,4920.0000,4918.6000,4918.0000,4921.8000,4922.6000,4922.8000,4923.0000,4924.2000,1,1,1,1,2,2,1,1,2,1
SF,IC2001,2019-12-06 09:31:38.600,4921.6000,10337,-1,75801720.000,1,0,1,双平,S,4920.2000,4920.0000,4918.6000,4918.0000,4917.0000,4921.8000,4922.6000,4922.8000,4923.0000,4924.2000,1,1,1,2,1,2,1,1,2,1
SF,IC2001,2019-12-06 09:31:39.100,4921.8000,10336,-1,76786080.000,1,0,1,双平,S,4920.2000,4920.0000,4918.6000,4918.0000,4917.0000,4922.6000,4922.8000,4923.0000,4924.2000,4925.2000,2,1,1,2,1,1,1,2,1,1
SF,IC2001,2019-12-06 09:31:39.600,4921.8000,10336,0,76786080.000,0,-,-,-,-,4920.2000,4920.0000,4919.8000,4918.6000,4918.0000,4922.4000,4922.6000,4922.8000,4923.0000,4924.2000,2,1,1,1,2,2,1,1,2,1
SF,IC2001,2019-12-06 09:31:41.100,4921.8000,10336,0,76786080.000,0,-,-,-,-,4920.2000,4920.0000,4919.8000,4918.6000,4918.0000,4922.4000,4922.6000,4922.8000,4923.0000,4924.2000,2,1,1,1,2,2,1,1,2,1
SF,IC2001,2019-12-06 09:31:41.600,4921.8000,10336,0,76786080.000,0,-,-,-,-,4920.2000,4920.0000,4919.8000,4918.6000,4918.0000,4922.2000,4922.4000,4922.6000,4922.8000,4923.0000,3,1,1,1,2,2,1,1,1,2
SF,IC2001,2019-12-06 09:31:42.100,4921.8000,10336,0,76786080.000,0,-,-,-,-,4920.2000,4920.0000,4919.8000,4918.6000,4918.0000,4922.2000,4922.4000,4922.6000,4922.8000,4923.0000,3,1,1,1,2,1,1,1,1,2
SF,IC2001,2019-12-06 09:31:42.600,4921.8000,10336,0,76786080.000,0,-,-,-,-,4920.2000,4920.0000,4919.8000,4918.6000,4918.0000,4922.2000,4922.4000,4922.6000,4922.8000,4923.0000,2,1,1,1,2,1,1,1,1,2
SF,IC2001,2019-12-06 09:31:43.100,4920.4000,10336,0,77770160.000,1,0,1,多换,S,4920.2000,4920.0000,4919.8000,4918.6000,4918.0000,4922.0000,4922.4000,4922.6000,4922.8000,4923.0000,2,1,1,1,2,2,1,1,1,2
SF,IC2001,2019-12-06 09:31:45.600,4920.4000,10336,0,77770160.000,0,-,-,-,-,4920.4000,4920.2000,4920.0000,4919.8000,4918.6000,4920.6000,4922.0000,4922.6000,4923.0000,4924.2000,2,2,1,1,1,1,1,1,2,1
SF,IC2001,2019-12-06 09:31:46.100,4920.6000,10336,0,78754280.000,1,0,1,多换,S,4920.8000,4920.6000,4920.4000,4920.2000,4920.0000,4922.6000,4923.0000,4924.2000,4925.2000,4925.4000,1,1,3,1,1,1,2,1,1,1
SF,IC2001,2019-12-06 09:31:46.600,4920.6000,10336,0,78754280.000,0,-,-,-,-,4920.6000,4920.4000,4920.2000,4920.0000,4919.8000,4922.4000,4922.6000,4923.0000,4924.2000,4925.2000,1,2,1,1,1,2,1,2,1,1
SF,IC2001,2019-12-06 09:31:47.100,4920.6000,10336,0,78754280.000,0,-,-,-,-,4920.8000,4920.6000,4920.4000,4920.2000,4920.0000,4922.4000,4922.6000,4923.0000,4924.2000,4925.2000,1,1,2,1,1,2,1,2,1,1
SF,IC2001,2019-12-06 09:31:47.600,4920.6000,10336,0,78754280.000,0,-,-,-,-,4920.8000,4920.6000,4920.4000,4920.2000,4920.0000,4922.4000,4922.6000,4923.0000,4924.2000,4925.2000,1,1,2,1,1,1,1,2,1,1
SF,IC2001,2019-12-06 09:31:48.100,4920.6000,10336,0,78754280.000,0,-,-,-,-,4921.2000,4920.8000,4920.6000,4920.4000,4920.2000,4924.2000,4925.2000,4925.4000,4927.2000,4928.6000,1,1,1,2,1,1,1,1,1,1
SF,IC2001,2019-12-06 09:31:48.600,4920.6000,10336,0,78754280.000,0,-,-,-,-,4921.4000,4921.2000,4920.6000,4920.4000,4920.2000,4924.0000,4925.2000,4925.4000,4927.2000,4928.6000,2,2,1,2,1,1,1,1,1,1
SF,IC2001,2019-12-06 09:31:49.100,4920.6000,10336,0,78754280.000,0,-,-,-,-,4921.6000,4921.4000,4921.2000,4920.6000,4920.4000,4924.0000,4925.2000,4925.4000,4927.2000,4928.6000,1,2,2,1,1,2,1,1,1,1
SF,IC2001,2019-12-06 09:31:49.600,4920.6000,10336,0,78754280.000,0,-,-,-,-,4921.4000,4921.2000,4920.6000,4920.4000,4920.2000,4924.0000,4925.2000,4925.4000,4927.2000,4928.6000,2,2,1,1,1,2,1,1,1,1
SF,IC2001,2019-12-06 09:31:50.100,4920.6000,10336,0,78754280.000,0,-,-,-,-,4921.2000,4920.6000,4920.4000,4920.2000,4920.0000,4923.6000,4923.8000,4924.0000,4925.2000,4925.4000,2,1,1,1,1,2,5,1,1,1
SF,IC2001,2019-12-06 09:31:50.600,4920.6000,10336,0,78754280.000,0,-,-,-,-,4921.4000,4921.2000,4920.6000,4920.4000,4920.2000,4923.0000,4923.4000,4923.6000,4923.8000,4924.2000,1,1,1,1,1,1,2,2,4,1
SF,IC2001,2019-12-06 09:31:51.100,4920.6000,10336,0,78754280.000,0,-,-,-,-,4921.6000,4921.4000,4921.2000,4920.6000,4920.4000,4923.4000,4923.8000,4925.2000,4925.4000,4927.2000,1,1,1,1,3,1,2,1,1,1
SF,IC2001,2019-12-06 09:31:51.600,4920.6000,10336,0,78754280.000,0,-,-,-,-,4921.6000,4921.4000,4921.2000,4920.6000,4920.4000,4923.2000,4923.4000,4923.8000,4925.2000,4925.4000,1,1,1,1,3,1,1,2,1,1
SF,IC2001,2019-12-06 09:31:52.100,4920.6000,10336,0,78754280.000,0,-,-,-,-,4920.6000,4920.4000,4920.2000,4920.0000,4919.8000,4923.0000,4923.2000,4923.8000,4924.2000,4925.2000,1,3,1,1,1,1,1,2,1,1
SF,IC2001,2019-12-06 09:31:52.600,4920.6000,10336,0,78754280.000,0,-,-,-,-,4921.0000,4920.8000,4920.6000,4920.4000,4920.2000,4923.0000,4923.8000,4924.2000,4925.2000,4925.4000,1,1,1,3,1,1,2,1,1,1
SF,IC2001,2019-12-06 09:31:53.100,4920.6000,10336,0,78754280.000,0,-,-,-,-,4921.2000,4921.0000,4920.6000,4920.4000,4920.2000,4922.8000,4923.0000,4923.8000,4924.2000,4925.2000,1,2,1,3,1,1,1,2,1,1
SF,IC2001,2019-12-06 09:31:53.600,4920.6000,10336,0,78754280.000,0,-,-,-,-,4921.2000,4921.0000,4920.6000,4920.4000,4920.2000,4922.6000,4922.8000,4923.8000,4924.2000,4925.2000,1,2,1,3,1,1,1,2,1,1
SF,IC2001,2019-12-06 09:31:54.600,4922.8000,10335,-1,80723360.000,2,0,2,多平,S,4921.6000,4921.4000,4921.2000,4921.0000,4920.6000,4925.2000,4925.4000,4927.2000,4928.6000,4930.0000,3,1,2,2,1,1,1,1,1,5
SF,IC2001,2019-12-06 09:31:55.100,4922.8000,10335,0,80723360.000,0,-,-,-,-,4921.8000,4921.6000,4921.4000,4921.0000,4920.6000,4924.8000,4925.0000,4925.2000,4925.4000,4927.2000,2,1,1,2,1,2,2,1,1,1
SF,IC2001,2019-12-06 09:31:55.600,4922.8000,10335,0,80723360.000,0,-,-,-,-,4922.0000,4921.8000,4921.6000,4921.4000,4921.0000,4924.2000,4924.6000,4924.8000,4925.0000,4925.2000,1,2,1,1,1,1,3,1,1,1
SF,IC2001,2019-12-06 09:31:56.100,4922.8000,10335,0,80723360.000,0,-,-,-,-,4922.2000,4922.0000,4921.8000,4921.6000,4921.0000,4924.0000,4924.2000,4924.6000,4924.8000,4925.0000,1,1,1,1,1,1,1,2,1,1
SF,IC2001,2019-12-06 09:31:56.600,4922.8000,10335,0,80723360.000,0,-,-,-,-,4922.2000,4922.0000,4921.6000,4921.0000,4920.4000,4924.0000,4924.2000,4924.6000,4924.8000,4925.0000,1,1,1,1,3,2,1,2,1,1
SF,IC2001,2019-12-06 09:31:57.100,4922.8000,10335,0,80723360.000,0,-,-,-,-,4922.2000,4922.0000,4921.6000,4921.0000,4920.4000,4924.0000,4924.2000,4924.6000,4924.8000,4925.0000,1,1,1,1,3,1,1,2,1,1
SF,IC2001,2019-12-06 09:31:58.100,4922.8000,10335,0,80723360.000,0,-,-,-,-,4922.2000,4921.6000,4920.4000,4920.2000,4920.0000,4924.0000,4924.2000,4924.6000,4924.8000,4925.0000,1,1,3,1,3,1,1,2,1,1
SF,IC2001,2019-12-06 09:31:58.600,4922.8000,10335,0,80723360.000,0,-,-,-,-,4922.2000,4921.6000,4920.4000,4920.2000,4920.0000,4922.6000,4923.8000,4924.0000,4924.2000,4924.6000,1,1,3,1,3,1,1,1,1,2
SF,IC2001,2019-12-06 09:31:59.100,4922.6000,10335,0,81707880.000,1,0,1,多换,S,4922.2000,4921.6000,4920.4000,4920.2000,4920.0000,4924.2000,4924.6000,4924.8000,4925.0000,4925.2000,1,1,3,1,3,1,2,1,1,1
SF,IC2001,2019-12-06 09:31:59.600,4922.6000,10335,0,81707880.000,0,-,-,-,-,4921.6000,4920.4000,4920.2000,4920.0000,4919.8000,4923.8000,4924.0000,4924.6000,4924.8000,4925.2000,1,3,1,3,1,1,2,2,1,1
SF,IC2001,2019-12-06 09:32:00.100,4922.6000,10335,0,81707880.000,0,-,-,-,-,4921.8000,4921.6000,4920.4000,4920.2000,4920.0000,4923.6000,4923.8000,4924.0000,4924.6000,4924.8000,1,1,3,1,3,2,1,1,2,1
SF,IC2001,2019-12-06 09:32:01.100,4922.6000,10335,0,81707880.000,0,-,-,-,-,4921.8000,4920.4000,4920.2000,4920.0000,4919.8000,4923.6000,4923.8000,4924.0000,4924.6000,4924.8000,1,3,1,3,1,2,1,2,2,1
SF,IC2001,2019-12-06 09:32:01.600,4922.6000,10335,0,81707880.000,0,-,-,-,-,4921.8000,4920.4000,4920.2000,4920.0000,4919.8000,4923.2000,4923.6000,4924.0000,4924.6000,4924.8000,1,3,1,3,1,1,2,2,2,1
SF,IC2001,2019-12-06 09:32:02.100,4922.6000,10335,0,81707880.000,0,-,-,-,-,4920.4000,4920.2000,4920.0000,4919.8000,4918.6000,4923.0000,4924.0000,4924.6000,4924.8000,4925.2000,3,1,3,1,1,2,2,2,1,1
SF,IC2001,2019-12-06 09:32:02.600,4922.6000,10335,0,81707880.000,0,-,-,-,-,4920.8000,4920.6000,4920.4000,4920.2000,4920.0000,4923.0000,4924.0000,4924.6000,4924.8000,4925.2000,1,2,3,1,3,1,2,2,1,1
SF,IC2001,2019-12-06 09:32:03.100,4922.6000,10335,0,81707880.000,0,-,-,-,-,4921.0000,4920.8000,4920.6000,4920.4000,4920.2000,4923.0000,4924.0000,4924.6000,4924.8000,4925.2000,1,1,1,3,1,1,2,2,1,1
SF,IC2001,2019-12-06 09:32:03.600,4922.6000,10335,0,81707880.000,0,-,-,-,-,4921.0000,4920.8000,4920.6000,4920.4000,4920.2000,4924.0000,4924.6000,4924.8000,4925.2000,4925.4000,1,1,1,3,1,2,2,1,1,1
SF,IC2001,2019-12-06 09:32:04.100,4922.6000,10335,0,81707880.000,0,-,-,-,-,4921.0000,4920.8000,4920.4000,4920.2000,4920.0000,4922.6000,4922.8000,4923.2000,4923.4000,4923.8000,1,1,3,1,3,1,1,1,1,4
SF,IC2001,2019-12-06 09:32:04.600,4922.6000,10335,0,81707880.000,0,-,-,-,-,4921.0000,4920.8000,4920.4000,4920.2000,4920.0000,4922.8000,4923.2000,4923.8000,4924.0000,4924.8000,1,1,3,1,3,1,1,2,2,1
SF,IC2001,2019-12-06 09:32:05.100,4922.6000,10335,0,81707880.000,0,-,-,-,-,4921.0000,4920.8000,4920.4000,4920.2000,4920.0000,4922.8000,4923.2000,4923.8000,4924.0000,4924.8000,1,1,3,1,3,1,1,1,2,1
SF,IC2001,2019-12-06 09:32:06.600,4923.2000,10333,-2,83677080.000,2,0,2,双平,S,4922.8000,4921.0000,4920.8000,4920.4000,4920.2000,4923.8000,4924.0000,4924.8000,4925.2000,4925.4000,1,1,1,3,1,1,2,1,1,1
SF,IC2001,2019-12-06 09:32:07.100,4923.2000,10333,0,83677080.000,0,-,-,-,-,4923.0000,4922.8000,4921.4000,4920.8000,4920.4000,4924.0000,4924.8000,4925.2000,4925.4000,4927.2000,1,1,1,1,3,2,1,1,1,1
SF,IC2001,2019-12-06 09:32:07.600,4923.2000,10333,0,83677080.000,0,-,-,-,-,4922.8000,4921.4000,4920.8000,4920.4000,4920.2000,4924.0000,4924.8000,4925.2000,4925.4000,4927.2000,1,1,1,3,1,2,1,1,1,1
SF,IC2001,2019-12-06 09:32:08.100,4924.0000,10332,-1,84661880.000,1,0,1,双平,S,4923.0000,4922.8000,4922.0000,4921.4000,4921.0000,4924.8000,4925.2000,4925.4000,4927.2000,4928.2000,2,1,1,1,1,1,1,1,1,1
SF,IC2001,2019-12-06 09:32:08.600,4924.0000,10332,0,84661880.000,0,-,-,-,-,4923.0000,4922.8000,4922.0000,4921.4000,4921.0000,4923.2000,4924.6000,4924.8000,4925.2000,4925.4000,2,1,1,1,1,1,2,1,1,1
SF,IC2001,2019-12-06 09:32:09.100,4923.2000,10332,0,85646520.000,1,0,1,多换,S,4923.4000,4923.2000,4923.0000,4922.8000,4922.0000,4924.6000,4924.8000,4925.2000,4925.4000,4927.2000,1,3,1,1,1,1,1,1,1,1
SF,IC2001,2019-12-06 09:32:09.600,4923.2000,10332,0,85646520.000,0,-,-,-,-,4923.6000,4923.2000,4923.0000,4922.8000,4922.0000,4924.6000,4925.2000,4925.4000,4927.2000,4928.2000,1,3,1,1,1,1,1,1,1,1
SF,IC2001,2019-12-06 09:32:10.100,4923.2000,10332,0,85646520.000,0,-,-,-,-,4923.6000,4923.2000,4922.8000,4922.0000,4921.4000,4926.8000,4927.2000,4928.2000,4928.6000,4930.0000,1,3,1,1,1,1,1,1,1,5
SF,IC2001,2019-12-06 09:32:10.600,4923.2000,10332,0,85646520.000,0,-,-,-,-,4924.0000,4923.8000,4923.6000,4923.2000,4922.8000,4926.0000,4926.4000,4926.6000,4926.8000,4927.2000,1,1,1,2,1,1,2,3,1,1
SF,IC2001,2019-12-06 09:32:11.100,4923.2000,10332,0,85646520.000,0,-,-,-,-,4924.2000,4924.0000,4923.8000,4923.2000,4922.8000,4926.0000,4926.4000,4926.6000,4926.8000,4927.2000,1,2,1,2,1,1,2,2,1,1
SF,IC2001,2019-12-06 09:32:11.600,4923.2000,10332,0,85646520.000,0,-,-,-,-,4924.2000,4924.0000,4923.2000,4922.8000,4922.6000,4926.4000,4926.6000,4926.8000,4927.2000,4928.2000,1,2,2,1,1,1,2,1,1,1
SF,IC2001,2019-12-06 09:32:12.100,4923.2000,10332,0,85646520.000,0,-,-,-,-,4924.4000,4924.2000,4924.0000,4923.2000,4922.8000,4926.2000,4926.4000,4926.6000,4926.8000,4927.2000,1,1,2,2,1,1,1,1,1,1
SF,IC2001,2019-12-06 09:32:12.600,4923.2000,10332,0,85646520.000,0,-,-,-,-,4925.0000,4924.6000,4924.4000,4924.0000,4923.2000,4926.6000,4926.8000,4928.2000,4928.6000,4930.0000,1,2,1,1,2,1,1,1,1,5
SF,IC2001,2019-12-06 09:32:13.100,4923.2000,10332,0,85646520.000,0,-,-,-,-,4925.2000,4925.0000,4924.6000,4924.4000,4924.0000,4926.6000,4926.8000,4928.2000,4928.6000,4930.0000,1,1,1,1,1,1,1,1,1,5
SF,IC2001,2019-12-06 09:32:13.600,4923.2000,10332,0,85646520.000,0,-,-,-,-,4925.2000,4925.0000,4924.6000,4924.4000,4924.0000,4926.8000,4928.2000,4928.6000,4930.0000,4935.6000,1,1,1,1,1,1,1,1,5,1
SF,IC2001,2019-12-06 09:32:14.100,4926.8000,10331,-1,86631880.000,1,0,1,双平,S,4925.2000,4925.0000,4924.6000,4924.4000,4924.0000,4928.2000,4928.6000,4930.0000,4935.6000,4942.8000,2,1,1,1,1,2,1,5,1,1
SF,IC2001,2019-12-06 09:32:14.600,4926.8000,10331,0,86631880.000,0,-,-,-,-,4925.2000,4925.0000,4924.8000,4924.6000,4924.4000,4927.4000,4927.8000,4928.0000,4928.2000,4928.6000,2,1,1,1,1,1,3,3,2,1
SF,IC2001,2019-12-06 09:32:15.100,4926.8000,10331,0,86631880.000,0,-,-,-,-,4925.2000,4925.0000,4924.8000,4924.6000,4924.0000,4927.4000,4927.8000,4928.0000,4928.2000,4928.6000,2,1,1,1,1,1,3,3,2,1
SF,IC2001,2019-12-06 09:32:15.600,4926.8000,10331,0,86631880.000,0,-,-,-,-,4925.8000,4925.2000,4924.8000,4924.6000,4924.0000,4927.2000,4927.4000,4927.8000,4928.0000,4928.2000,1,1,1,1,1,1,1,3,3,2
SF,IC2001,2019-12-06 09:32:16.100,4926.8000,10331,0,86631880.000,0,-,-,-,-,4926.0000,4925.8000,4924.8000,4924.6000,4924.0000,4927.2000,4927.8000,4928.0000,4928.2000,4928.6000,1,1,1,1,1,1,3,3,2,1
SF,IC2001,2019-12-06 09:32:17.600,4926.0000,10330,-1,87617080.000,1,0,1,双平,S,4924.8000,4924.6000,4924.0000,4923.2000,4922.8000,4927.2000,4927.8000,4928.0000,4928.2000,4928.6000,1,1,1,1,1,1,3,3,2,1
SF,IC2001,2019-12-06 09:32:18.100,4926.0000,10330,0,87617080.000,0,-,-,-,-,4924.8000,4924.0000,4922.8000,4922.6000,4922.0000,4926.8000,4927.0000,4927.2000,4927.8000,4928.0000,1,1,1,1,1,1,4,1,3,1
SF,IC2001,2019-12-06 09:32:18.600,4926.0000,10330,0,87617080.000,0,-,-,-,-,4924.8000,4924.0000,4922.8000,4922.6000,4922.0000,4926.2000,4926.6000,4926.8000,4927.0000,4927.2000,1,1,1,1,1,1,2,1,3,1
SF,IC2001,2019-12-06 09:32:19.100,4926.0000,10330,0,87617080.000,0,-,-,-,-,4922.8000,4922.6000,4922.0000,4921.0000,4920.4000,4925.4000,4925.8000,4926.0000,4926.6000,4926.8000,1,1,1,1,3,1,2,3,2,1
SF,IC2001,2019-12-06 09:32:19.600,4926.0000,10330,0,87617080.000,0,-,-,-,-,4924.6000,4924.0000,4923.8000,4923.6000,4923.2000,4925.8000,4926.0000,4926.6000,4926.8000,4927.0000,1,1,1,1,2,2,1,1,1,3
SF,IC2001,2019-12-06 09:32:20.100,4926.0000,10330,0,87617080.000,0,-,-,-,-,4924.8000,4924.6000,4923.8000,4923.6000,4923.2000,4925.8000,4926.0000,4926.8000,4927.0000,4927.2000,1,1,1,1,1,1,1,1,3,1
SF,IC2001,2019-12-06 09:32:20.600,4924.8000,10330,0,88602040.000,1,0,1,多换,S,4924.6000,4923.8000,4923.6000,4923.2000,4923.0000,4925.8000,4926.0000,4926.8000,4927.0000,4927.2000,1,1,1,1,2,1,1,1,3,1
SF,IC2001,2019-12-06 09:32:21.100,4924.8000,10330,0,88602040.000,0,-,-,-,-,4924.6000,4923.8000,4923.6000,4923.2000,4923.0000,4925.6000,4925.8000,4926.0000,4926.8000,4927.0000,1,1,1,1,1,1,1,1,1,3
SF,IC2001,2019-12-06 09:32:21.600,4924.6000,10329,-1,89586960.000,1,0,1,双平,S,4923.8000,4923.6000,4923.2000,4923.0000,4922.8000,4925.6000,4925.8000,4926.0000,4926.8000,4927.0000,1,1,1,1,1,1,1,1,1,3
SF,IC2001,2019-12-06 09:32:22.100,4924.6000,10329,0,89586960.000,0,-,-,-,-,4923.6000,4922.8000,4922.6000,4922.0000,4921.0000,4924.8000,4925.4000,4925.6000,4925.8000,4926.0000,1,1,1,1,1,1,1,1,1,1
SF,IC2001,2019-12-06 09:32:22.600,4924.6000,10329,0,89586960.000,0,-,-,-,-,4923.8000,4922.8000,4922.6000,4922.0000,4921.0000,4925.4000,4925.6000,4926.8000,4927.0000,4927.8000,1,1,1,1,1,1,1,1,3,1
SF,IC2001,2019-12-06 09:32:23.100,4924.6000,10329,0,89586960.000,0,-,-,-,-,4923.8000,4922.8000,4922.0000,4921.0000,4920.4000,4925.0000,4925.2000,4925.4000,4926.8000,4927.0000,1,1,1,1,3,2,1,1,1,3
SF,IC2001,2019-12-06 09:32:23.600,4923.8000,10329,0,90571720.000,1,0,1,多换,S,4922.8000,4922.0000,4921.0000,4920.4000,4920.2000,4924.4000,4924.8000,4925.0000,4925.2000,4925.4000,1,1,1,3,1,1,1,1,1,1
SF,IC2001,2019-12-06 09:32:24.100,4923.8000,10329,0,90571720.000,0,-,-,-,-,4923.0000,4922.8000,4922.6000,4922.0000,4921.0000,4924.8000,4925.0000,4925.2000,4925.4000,4926.8000,1,1,1,1,1,1,1,1,1,1
SF,IC2001,2019-12-06 09:32:27.100,4923.8000,10329,0,90571720.000,0,-,-,-,-,4923.0000,4922.8000,4922.6000,4922.0000,4921.0000,4924.8000,4925.2000,4925.4000,4926.8000,4927.0000,1,1,1,1,1,1,1,2,1,3
SF,IC2001,2019-12-06 09:32:27.600,4923.8000,10329,0,90571720.000,0,-,-,-,-,4923.0000,4922.8000,4922.6000,4922.0000,4921.0000,4924.6000,4924.8000,4925.4000,4926.8000,4927.0000,1,1,1,1,1,1,1,2,1,3
SF,IC2001,2019-12-06 09:32:28.100,4924.6000,10329,0,91556640.000,1,0,1,多换,S,4923.0000,4922.8000,4922.6000,4922.0000,4921.0000,4924.8000,4925.4000,4926.8000,4927.0000,4928.0000,1,1,1,1,1,1,2,1,3,1
SF,IC2001,2019-12-06 09:32:28.600,4924.6000,10329,0,91556640.000,0,-,-,-,-,4923.0000,4922.8000,4922.6000,4922.0000,4921.0000,4924.6000,4924.8000,4925.4000,4926.8000,4927.0000,1,1,1,1,1,2,1,2,1,3
SF,IC2001,2019-12-06 09:32:29.100,4924.6000,10329,0,91556640.000,0,-,-,-,-,4923.0000,4922.8000,4922.6000,4922.0000,4921.0000,4924.6000,4924.8000,4925.4000,4926.8000,4927.0000,2,1,1,1,1,1,1,2,1,3
SF,IC2001,2019-12-06 09:32:29.600,4924.6000,10328,-1,92541560.000,1,0,1,双平,S,4923.2000,4923.0000,4922.8000,4922.6000,4922.0000,4924.8000,4925.4000,4926.8000,4927.0000,4928.0000,1,2,1,1,1,1,2,1,3,1
SF,IC2001,2019-12-06 09:32:30.100,4924.6000,10328,0,92541560.000,0,-,-,-,-,4924.8000,4923.4000,4923.2000,4923.0000,4922.8000,4925.4000,4926.8000,4927.0000,4928.0000,4928.2000,1,1,2,1,1,1,1,3,1,2
SF,IC2001,2019-12-06 09:32:30.600,4924.6000,10328,0,92541560.000,0,-,-,-,-,4924.8000,4923.4000,4923.2000,4923.0000,4922.8000,4926.8000,4927.0000,4928.0000,4928.2000,4928.6000,1,1,2,1,1,1,3,1,2,1
SF,IC2001,2019-12-06 09:32:31.100,4924.6000,10328,0,92541560.000,0,-,-,-,-,4924.8000,4923.4000,4923.2000,4922.8000,4922.6000,4925.8000,4926.2000,4926.4000,4926.6000,4926.8000,1,1,2,1,1,2,1,1,3,1
SF,IC2001,2019-12-06 09:32:31.600,4924.8000,10328,0,93526520.000,1,0,1,多换,S,4923.4000,4923.2000,4922.8000,4922.6000,4922.0000,4925.8000,4926.2000,4926.4000,4926.6000,4926.8000,1,2,1,1,1,1,1,1,4,1
SF,IC2001,2019-12-06 09:32:32.100,4923.8000,10328,0,94511280.000,1,0,1,多换,S,4923.6000,4923.4000,4923.2000,4922.8000,4922.6000,4925.6000,4926.2000,4926.4000,4926.6000,4926.8000,2,1,1,1,1,1,1,1,1,1
SF,IC2001,2019-12-06 09:32:32.600,4923.8000,10328,0,94511280.000,0,-,-,-,-,4923.8000,4923.6000,4923.2000,4922.8000,4922.6000,4925.6000,4926.4000,4926.6000,4926.8000,4927.0000,1,2,1,1,1,1,1,1,1,3
SF,IC2001,2019-12-06 09:32:33.600,4923.8000,10328,0,95496040.000,1,0,1,多换,S,4923.6000,4923.2000,4922.8000,4922.6000,4922.0000,4925.6000,4926.4000,4926.6000,4926.8000,4927.0000,2,1,1,1,1,1,1,1,1,3
SF,IC2001,2019-12-06 09:32:34.100,4923.8000,10328,0,95496040.000,0,-,-,-,-,4923.8000,4923.6000,4923.2000,4922.8000,4922.6000,4926.4000,4926.6000,4926.8000,4927.0000,4928.0000,1,2,1,1,1,1,1,1,3,1
SF,IC2001,2019-12-06 09:32:34.600,4923.8000,10328,0,95496040.000,0,-,-,-,-,4923.8000,4923.2000,4922.8000,4922.6000,4922.0000,4926.0000,4926.2000,4926.4000,4926.6000,4926.8000,1,1,1,1,1,1,4,1,1,1
SF,IC2001,2019-12-06 09:32:35.100,4923.8000,10328,0,95496040.000,0,-,-,-,-,4923.8000,4923.2000,4922.8000,4922.6000,4922.0000,4925.8000,4926.2000,4926.4000,4926.6000,4926.8000,1,1,1,1,1,1,3,1,1,1
SF,IC2001,2019-12-06 09:32:35.600,4923.8000,10328,0,95496040.000,0,-,-,-,-,4923.8000,4923.2000,4922.8000,4922.6000,4922.0000,4925.8000,4926.2000,4926.4000,4926.6000,4926.8000,1,1,1,1,1,1,3,1,1,1
SF,IC2001,2019-12-06 09:32:36.100,4923.8000,10328,0,95496040.000,0,-,-,-,-,4923.8000,4923.2000,4922.8000,4922.6000,4922.0000,4926.2000,4926.4000,4926.6000,4926.8000,4927.0000,1,1,1,1,1,2,1,1,1,3
SF,IC2001,2019-12-06 09:32:36.600,4923.8000,10328,0,95496040.000,0,-,-,-,-,4923.8000,4923.2000,4922.8000,4922.6000,4922.0000,4926.0000,4926.2000,4926.4000,4926.6000,4926.8000,1,1,1,1,1,2,1,1,1,1
SF,IC2001,2019-12-06 09:32:37.100,4923.8000,10328,0,95496040.000,0,-,-,-,-,4923.8000,4923.2000,4922.8000,4922.6000,4922.0000,4926.0000,4926.2000,4926.4000,4926.6000,4926.8000,2,1,1,1,1,2,1,1,1,1
SF,IC2001,2019-12-06 09:32:37.600,4923.8000,10328,0,95496040.000,0,-,-,-,-,4923.8000,4923.2000,4922.8000,4922.6000,4922.0000,4926.0000,4926.2000,4926.4000,4926.6000,4926.8000,2,1,1,1,1,2,1,1,1,1
SF,IC2001,2019-12-06 09:32:38.100,4923.8000,10327,-1,96480800.000,1,0,1,双平,S,4923.8000,4923.2000,4922.8000,4922.6000,4922.0000,4926.0000,4926.2000,4926.4000,4926.6000,4926.8000,1,1,1,1,1,2,1,1,1,1
SF,IC2001,2019-12-06 09:32:38.600,4923.8000,10327,0,96480800.000,0,-,-,-,-,4924.0000,4923.8000,4923.2000,4922.8000,4922.6000,4926.0000,4926.2000,4926.4000,4926.6000,4926.8000,1,1,1,1,1,2,1,1,1,1
SF,IC2001,2019-12-06 09:32:39.100,4923.8000,10327,0,96480800.000,0,-,-,-,-,4923.8000,4923.2000,4922.8000,4922.6000,4922.0000,4926.0000,4926.2000,4926.4000,4926.6000,4926.8000,1,1,1,1,1,2,1,1,1,1
SF,IC2001,2019-12-06 09:32:39.600,4923.8000,10327,0,96480800.000,0,-,-,-,-,4923.8000,4923.2000,4922.8000,4922.6000,4922.0000,4925.8000,4926.0000,4926.2000,4926.4000,4926.6000,1,1,1,1,1,1,1,1,1,1
SF,IC2001,2019-12-06 09:32:40.100,4923.8000,10327,0,96480800.000,0,-,-,-,-,4923.8000,4923.2000,4922.8000,4922.6000,4922.0000,4925.6000,4925.8000,4926.2000,4926.4000,4926.6000,1,1,1,1,1,1,2,1,1,1
SF,IC2001,2019-12-06 09:32:40.600,4923.8000,10327,0,96480800.000,0,-,-,-,-,4923.2000,4922.8000,4922.6000,4922.0000,4921.0000,4925.6000,4925.8000,4926.2000,4926.4000,4926.6000,1,1,1,1,2,1,2,1,1,1
SF,IC2001,2019-12-06 09:32:41.100,4925.8000,10327,0,98451080.000,2,1,1,多换,S,4923.4000,4923.2000,4922.8000,4922.6000,4922.0000,4926.2000,4926.4000,4926.6000,4926.8000,4927.0000,2,1,1,1,1,1,1,1,1,3
SF,IC2001,2019-12-06 09:32:41.600,4925.8000,10327,0,98451080.000,0,-,-,-,-,4923.4000,4923.2000,4922.8000,4922.6000,4922.0000,4926.0000,4926.4000,4926.6000,4926.8000,4927.0000,2,1,1,1,1,2,1,1,1,3
SF,IC2001,2019-12-06 09:32:42.100,4925.8000,10327,0,98451080.000,0,-,-,-,-,4923.4000,4923.2000,4922.8000,4922.6000,4922.0000,4924.0000,4926.0000,4926.4000,4926.6000,4926.8000,2,1,1,1,1,1,2,1,1,1
SF,IC2001,2019-12-06 09:32:42.600,4924.0000,10327,0,99435880.000,1,0,1,多换,S,4924.2000,4924.0000,4923.8000,4923.6000,4923.4000,4926.0000,4926.6000,4926.8000,4927.0000,4928.0000,1,4,2,3,1,1,1,1,3,1
SF,IC2001,2019-12-06 09:32:43.100,4924.0000,10327,0,99435880.000,0,-,-,-,-,4924.2000,4924.0000,4923.8000,4923.6000,4923.4000,4925.8000,4926.6000,4926.8000,4927.0000,4928.0000,1,5,1,2,1,1,1,1,3,1
SF,IC2001,2019-12-06 09:32:43.600,4924.0000,10327,0,99435880.000,0,-,-,-,-,4924.2000,4924.0000,4923.8000,4923.6000,4923.4000,4925.8000,4926.6000,4926.8000,4927.0000,4928.0000,1,3,1,2,1,1,1,1,3,1
SF,IC2001,2019-12-06 09:32:45.100,4924.0000,10327,0,99435880.000,0,-,-,-,-,4924.2000,4924.0000,4923.8000,4923.6000,4923.4000,4925.8000,4926.6000,4926.8000,4927.0000,4928.0000,1,3,1,2,1,1,1,1,3,1
SF,IC2001,2019-12-06 09:32:45.600,4924.0000,10327,0,99435880.000,0,-,-,-,-,4924.4000,4924.2000,4924.0000,4923.8000,4923.6000,4926.6000,4926.8000,4927.0000,4928.0000,4928.2000,1,1,3,1,2,1,1,3,1,2
SF,IC2001,2019-12-06 09:32:46.100,4924.0000,10327,0,99435880.000,0,-,-,-,-,4924.6000,4924.4000,4924.2000,4924.0000,4923.8000,4926.4000,4926.6000,4926.8000,4927.0000,4928.0000,1,1,1,3,1,1,1,1,3,1
SF,IC2001,2019-12-06 09:32:46.600,4925.6000,10327,0,100421000.000,1,0,1,多换,S,4924.6000,4924.2000,4924.0000,4923.8000,4923.6000,4926.2000,4926.4000,4926.6000,4926.8000,4927.0000,1,1,3,1,1,1,1,1,1,3
SF,IC2001,2019-12-06 09:32:47.100,4925.6000,10327,0,100421000.000,0,-,-,-,-,4924.2000,4924.0000,4923.8000,4923.6000,4923.2000,4926.0000,4926.2000,4926.6000,4926.8000,4927.0000,1,3,1,1,1,2,1,1,1,2
SF,IC2001,2019-12-06 09:32:48.100,4925.6000,10327,0,100421000.000,0,-,-,-,-,4924.2000,4924.0000,4923.8000,4923.6000,4923.2000,4926.0000,4926.6000,4926.8000,4927.0000,4928.0000,1,2,1,1,1,1,1,1,2,1
SF,IC2001,2019-12-06 09:32:48.600,4925.6000,10327,0,100421000.000,0,-,-,-,-,4924.4000,4924.2000,4924.0000,4923.8000,4923.6000,4926.0000,4926.6000,4926.8000,4927.0000,4928.0000,1,1,2,1,1,1,1,1,2,1
SF,IC2001,2019-12-06 09:32:49.100,4925.6000,10327,0,100421000.000,0,-,-,-,-,4924.4000,4924.2000,4924.0000,4923.8000,4923.6000,4926.0000,4926.6000,4926.8000,4927.0000,4928.0000,1,1,2,1,1,1,1,1,2,1
SF,IC2001,2019-12-06 09:32:53.100,4925.6000,10327,0,100421000.000,0,-,-,-,-,4924.4000,4924.2000,4924.0000,4923.8000,4923.6000,4925.4000,4926.0000,4926.6000,4926.8000,4927.0000,3,1,2,1,1,1,1,1,1,2
SF,IC2001,2019-12-06 09:32:53.600,4925.6000,10327,0,100421000.000,0,-,-,-,-,4924.4000,4924.2000,4924.0000,4923.8000,4923.6000,4925.2000,4925.4000,4926.6000,4926.8000,4927.0000,2,1,2,1,1,1,1,1,1,2
SF,IC2001,2019-12-06 09:32:57.600,4925.6000,10327,0,100421000.000,0,-,-,-,-,4924.4000,4924.2000,4924.0000,4923.8000,4923.6000,4925.2000,4925.4000,4926.6000,4926.8000,4927.0000,2,1,2,1,1,1,1,1,1,2
SF,IC2001,2019-12-06 09:32:59.100,4925.6000,10327,0,100421000.000,0,-,-,-,-,4924.4000,4924.2000,4924.0000,4923.8000,4923.6000,4924.8000,4925.2000,4926.6000,4926.8000,4927.0000,2,1,2,1,1,1,1,1,1,2
SF,IC2001,2019-12-06 09:32:59.600,4924.8000,10328,1,101405960.000,1,1,0,双开,S,4924.4000,4924.2000,4924.0000,4923.8000,4923.6000,4926.6000,4926.8000,4927.0000,4928.0000,4928.2000,2,1,2,1,1,1,1,2,1,2
SF,IC2001,2019-12-06 09:33:00.100,4924.8000,10328,0,101405960.000,0,-,-,-,-,4924.4000,4924.2000,4924.0000,4923.8000,4923.6000,4926.2000,4926.4000,4926.6000,4926.8000,4927.0000,2,1,2,1,1,1,2,1,1,2
SF,IC2001,2019-12-06 09:33:00.600,4924.8000,10328,0,101405960.000,0,-,-,-,-,4924.4000,4924.2000,4924.0000,4923.8000,4923.2000,4926.0000,4926.2000,4926.4000,4926.6000,4926.8000,2,1,2,1,1,1,3,1,1,1
SF,IC2001,2019-12-06 09:33:01.100,4924.8000,10328,0,101405960.000,0,-,-,-,-,4924.4000,4924.2000,4924.0000,4923.8000,4923.2000,4926.0000,4926.2000,4926.6000,4926.8000,4927.0000,2,1,2,1,1,1,3,1,1,2
SF,IC2001,2019-12-06 09:33:01.600,4924.8000,10328,0,101405960.000,0,-,-,-,-,4924.6000,4924.4000,4924.2000,4924.0000,4923.8000,4926.6000,4926.8000,4927.0000,4928.0000,4928.2000,1,2,1,2,1,1,1,2,1,2
SF,IC2001,2019-12-06 09:33:02.100,4924.8000,10328,0,101405960.000,0,-,-,-,-,4924.6000,4924.4000,4924.2000,4924.0000,4923.8000,4926.4000,4926.6000,4926.8000,4927.0000,4928.0000,1,2,1,2,1,1,1,1,2,1
SF,IC2001,2019-12-06 09:33:02.600,4924.8000,10328,0,101405960.000,0,-,-,-,-,4924.6000,4924.4000,4924.2000,4924.0000,4923.8000,4926.8000,4927.0000,4928.0000,4928.2000,4928.6000,1,2,1,2,1,1,2,1,2,1
SF,IC2001,2019-12-06 09:33:03.100,4924.8000,10328,0,101405960.000,0,-,-,-,-,4924.8000,4924.6000,4924.4000,4924.2000,4924.0000,4928.0000,4928.2000,4928.6000,4930.0000,4934.0000,1,1,2,1,2,1,2,1,5,1
SF,IC2001,2019-12-06 09:33:03.600,4924.8000,10328,0,101405960.000,0,-,-,-,-,4924.8000,4924.4000,4924.2000,4924.0000,4923.8000,4927.4000,4927.6000,4927.8000,4928.0000,4928.2000,1,2,1,2,1,1,3,2,1,2
SF,IC2001,2019-12-06 09:33:04.100,4924.8000,10328,0,101405960.000,0,-,-,-,-,4925.0000,4924.8000,4924.4000,4924.2000,4924.0000,4927.2000,4927.4000,4927.6000,4927.8000,4928.0000,1,1,2,1,2,1,1,2,1,1
SF,IC2001,2019-12-06 09:33:04.600,4924.8000,10328,0,101405960.000,0,-,-,-,-,4925.2000,4925.0000,4924.8000,4924.4000,4924.2000,4927.2000,4927.4000,4927.6000,4927.8000,4928.0000,1,1,1,2,1,1,1,2,1,1
SF,IC2001,2019-12-06 09:33:05.100,4924.8000,10328,0,101405960.000,0,-,-,-,-,4925.4000,4925.2000,4924.4000,4924.2000,4924.0000,4927.2000,4927.4000,4927.6000,4927.8000,4928.0000,1,1,2,1,2,1,1,2,1,1
SF,IC2001,2019-12-06 09:33:05.600,4924.8000,10328,0,101405960.000,0,-,-,-,-,4925.4000,4925.2000,4925.0000,4924.4000,4924.2000,4927.2000,4927.4000,4927.6000,4927.8000,4928.0000,1,1,1,2,1,1,1,2,1,1
SF,IC2001,2019-12-06 09:33:06.100,4924.8000,10328,0,101405960.000,0,-,-,-,-,4925.4000,4925.2000,4925.0000,4924.4000,4924.2000,4927.4000,4927.6000,4927.8000,4928.0000,4928.2000,1,1,1,2,1,1,2,1,1,2
SF,IC2001,2019-12-06 09:33:07.100,4924.8000,10328,0,101405960.000,0,-,-,-,-,4925.4000,4925.2000,4925.0000,4924.4000,4924.2000,4927.6000,4927.8000,4928.0000,4928.2000,4928.6000,1,1,1,2,1,1,1,1,2,1
SF,IC2001,2019-12-06 09:33:07.600,4924.8000,10328,0,101405960.000,0,-,-,-,-,4925.6000,4925.4000,4925.2000,4925.0000,4924.4000,4927.4000,4927.6000,4927.8000,4928.0000,4928.2000,1,1,1,1,2,1,1,1,1,2
SF,IC2001,2019-12-06 09:33:08.100,4924.8000,10328,0,101405960.000,0,-,-,-,-,4925.6000,4925.4000,4925.0000,4924.4000,4924.2000,4927.4000,4927.6000,4927.8000,4928.0000,4928.2000,1,1,1,2,1,1,1,1,1,2
SF,IC2001,2019-12-06 09:33:08.600,4924.8000,10328,0,101405960.000,0,-,-,-,-,4925.8000,4925.6000,4925.0000,4924.4000,4924.2000,4927.4000,4927.6000,4927.8000,4928.0000,4928.2000,1,1,1,2,1,1,1,1,1,2
SF,IC2001,2019-12-06 09:33:09.100,4924.8000,10328,0,101405960.000,0,-,-,-,-,4925.8000,4925.0000,4924.4000,4924.2000,4924.0000,4926.4000,4927.4000,4927.6000,4927.8000,4928.0000,1,3,2,1,2,1,1,1,1,1
SF,IC2001,2019-12-06 09:33:09.600,4926.4000,10328,0,102391240.000,1,0,1,多换,S,4926.6000,4925.8000,4925.0000,4924.4000,4924.2000,4927.6000,4927.8000,4928.0000,4928.2000,4928.6000,1,1,3,2,1,1,1,1,2,1
SF,IC2001,2019-12-06 09:33:10.100,4926.4000,10328,0,102391240.000,0,-,-,-,-,4925.0000,4924.4000,4924.2000,4923.8000,4923.2000,4927.4000,4927.8000,4928.0000,4928.2000,4928.6000,3,2,1,1,1,1,1,1,2,1
SF,IC2001,2019-12-06 09:33:10.600,4926.4000,10328,0,102391240.000,0,-,-,-,-,4925.2000,4925.0000,4924.4000,4924.2000,4923.8000,4927.4000,4927.8000,4928.0000,4928.2000,4928.6000,5,3,2,2,1,1,1,1,2,1
SF,IC2001,2019-12-06 09:33:11.600,4926.4000,10328,0,102391240.000,0,-,-,-,-,4925.2000,4925.0000,4924.4000,4924.2000,4923.8000,4927.4000,4927.8000,4928.0000,4928.2000,4928.6000,4,3,2,2,1,1,1,1,2,1
SF,IC2001,2019-12-06 09:33:12.100,4926.4000,10328,0,102391240.000,0,-,-,-,-,4925.4000,4925.2000,4925.0000,4924.4000,4924.2000,4927.8000,4928.2000,4928.6000,4934.0000,4935.6000,1,4,3,2,2,1,2,1,1,1
SF,IC2001,2019-12-06 09:33:12.600,4926.4000,10328,0,102391240.000,0,-,-,-,-,4925.6000,4925.4000,4925.2000,4925.0000,4924.4000,4927.6000,4927.8000,4928.2000,4928.6000,4934.0000,1,1,2,2,2,1,1,2,1,1
SF,IC2001,2019-12-06 09:33:13.100,4926.4000,10328,0,102391240.000,0,-,-,-,-,4925.6000,4925.2000,4925.0000,4924.4000,4924.2000,4927.6000,4927.8000,4928.2000,4928.6000,4934.0000,1,2,2,2,1,1,1,2,1,1
SF,IC2001,2019-12-06 09:33:13.600,4926.4000,10328,0,102391240.000,0,-,-,-,-,4925.8000,4925.6000,4925.2000,4925.0000,4924.4000,4927.6000,4927.8000,4928.2000,4928.6000,4934.0000,1,1,2,2,2,1,1,2,1,1
SF,IC2001,2019-12-06 09:33:14.100,4927.6000,10327,-1,103376760.000,1,0,1,双平,S,4925.6000,4925.2000,4925.0000,4924.4000,4924.2000,4927.8000,4928.2000,4928.6000,4934.0000,4935.6000,1,2,2,2,1,1,2,1,1,1
SF,IC2001,2019-12-06 09:33:14.600,4927.6000,10327,0,103376760.000,0,-,-,-,-,4925.8000,4925.6000,4925.2000,4925.0000,4924.4000,4927.6000,4927.8000,4928.2000,4928.6000,4934.0000,1,1,2,2,2,3,1,2,1,1
SF,IC2001,2019-12-06 09:33:15.100,4927.6000,10327,0,103376760.000,0,-,-,-,-,4925.6000,4925.2000,4925.0000,4924.4000,4924.2000,4927.6000,4927.8000,4928.2000,4928.6000,4934.0000,1,1,2,2,1,3,1,2,1,1
SF,IC2001,2019-12-06 09:33:15.600,4927.6000,10327,0,103376760.000,0,-,-,-,-,4925.6000,4925.2000,4925.0000,4924.4000,4924.2000,4927.2000,4927.6000,4927.8000,4928.2000,4928.6000,1,1,2,2,1,1,3,1,2,1
SF,IC2001,2019-12-06 09:33:16.100,4927.6000,10327,0,103376760.000,0,-,-,-,-,4925.6000,4925.2000,4925.0000,4924.4000,4924.2000,4927.0000,4927.2000,4927.6000,4927.8000,4928.2000,1,1,2,2,1,1,1,2,1,2
SF,IC2001,2019-12-06 09:33:16.600,4927.6000,10327,0,103376760.000,0,-,-,-,-,4925.6000,4925.0000,4924.4000,4924.2000,4923.8000,4927.0000,4927.2000,4927.6000,4927.8000,4928.2000,1,2,2,1,1,1,1,2,1,2
SF,IC2001,2019-12-06 09:33:17.100,4927.6000,10327,0,103376760.000,0,-,-,-,-,4925.6000,4925.0000,4924.4000,4924.2000,4923.8000,4926.6000,4927.0000,4927.6000,4927.8000,4928.2000,1,2,2,1,1,1,1,2,1,2
SF,IC2001,2019-12-06 09:33:17.600,4927.6000,10327,0,103376760.000,0,-,-,-,-,4925.6000,4925.0000,4924.4000,4924.2000,4923.2000,4926.4000,4926.6000,4927.6000,4927.8000,4928.2000,1,2,2,1,1,1,1,2,1,2
SF,IC2001,2019-12-06 09:33:18.100,4927.6000,10327,0,103376760.000,0,-,-,-,-,4925.6000,4925.0000,4924.4000,4924.2000,4923.2000,4926.4000,4927.6000,4927.8000,4928.2000,4928.6000,1,2,2,1,1,1,1,1,2,1
SF,IC2001,2019-12-06 09:33:19.100,4927.6000,10327,0,103376760.000,0,-,-,-,-,4925.6000,4925.0000,4924.2000,4923.2000,4922.8000,4926.4000,4927.6000,4927.8000,4928.2000,4928.6000,1,2,1,1,1,1,1,1,2,1
SF,IC2001,2019-12-06 09:33:20.100,4925.6000,10326,-1,104361880.000,1,0,1,双平,S,4925.0000,4924.2000,4923.2000,4922.8000,4922.6000,4925.6000,4926.4000,4927.0000,4927.4000,4927.6000,2,1,1,1,1,1,1,1,1,1
SF,IC2001,2019-12-06 09:33:20.600,4925.6000,10326,0,104361880.000,0,-,-,-,-,4925.0000,4924.2000,4923.2000,4922.8000,4922.6000,4926.4000,4927.0000,4927.4000,4927.6000,4927.8000,2,1,1,1,1,1,1,1,1,1
SF,IC2001,2019-12-06 09:33:21.100,4924.2000,10327,1,107316720.000,3,2,1,空开,S,4923.2000,4922.8000,4922.6000,4922.0000,4921.0000,4926.4000,4927.0000,4927.4000,4927.6000,4927.8000,1,1,1,1,2,2,1,1,1,1
SF,IC2001,2019-12-06 09:33:21.600,4924.2000,10327,0,107316720.000,0,-,-,-,-,4923.4000,4923.2000,4922.8000,4922.6000,4922.0000,4925.0000,4925.6000,4926.0000,4926.2000,4926.4000,1,1,1,1,1,1,1,3,2,2
SF,IC2001,2019-12-06 09:33:22.100,4924.2000,10327,0,107316720.000,0,-,-,-,-,4923.2000,4922.8000,4922.0000,4921.0000,4920.4000,4924.8000,4925.0000,4925.6000,4925.8000,4926.0000,1,1,1,2,3,1,1,1,1,3
SF,IC2001,2019-12-06 09:33:22.600,4924.2000,10327,0,107316720.000,0,-,-,-,-,4923.4000,4923.2000,4922.8000,4922.0000,4921.0000,4924.8000,4925.0000,4925.6000,4925.8000,4926.0000,1,1,1,1,2,1,1,1,1,3
SF,IC2001,2019-12-06 09:33:23.100,4924.2000,10327,0,107316720.000,0,-,-,-,-,4923.2000,4922.8000,4922.0000,4921.0000,4920.4000,4924.8000,4925.0000,4925.4000,4925.6000,4925.8000,1,1,1,2,3,1,1,1,1,1
SF,IC2001,2019-12-06 09:33:23.600,4924.2000,10327,0,107316720.000,0,-,-,-,-,4923.2000,4922.8000,4922.0000,4921.0000,4920.4000,4924.6000,4924.8000,4925.0000,4925.4000,4925.8000,1,1,1,2,3,2,1,1,1,1
SF,IC2001,2019-12-06 09:33:24.100,4924.2000,10327,0,107316720.000,0,-,-,-,-,4923.2000,4922.8000,4922.0000,4921.0000,4920.4000,4924.4000,4924.6000,4925.0000,4925.4000,4925.8000,1,1,1,2,3,2,3,1,1,1
SF,IC2001,2019-12-06 09:33:24.600,4924.2000,10327,0,107316720.000,0,-,-,-,-,4923.2000,4922.8000,4922.0000,4921.0000,4920.4000,4924.4000,4924.6000,4925.0000,4925.4000,4925.8000,1,1,1,2,3,1,3,1,1,1
SF,IC2001,2019-12-06 09:33:25.100,4924.2000,10327,0,107316720.000,0,-,-,-,-,4923.4000,4923.2000,4922.8000,4922.0000,4921.0000,4924.6000,4925.0000,4925.4000,4925.8000,4926.0000,1,1,1,1,2,3,1,1,1,3
SF,IC2001,2019-12-06 09:33:25.600,4924.2000,10327,0,107316720.000,0,-,-,-,-,4923.2000,4922.8000,4922.0000,4921.0000,4920.4000,4924.6000,4925.0000,4925.4000,4925.8000,4926.0000,3,1,1,2,3,2,1,1,1,3
SF,IC2001,2019-12-06 09:33:27.100,4924.2000,10327,0,107316720.000,0,-,-,-,-,4923.2000,4922.8000,4922.0000,4921.0000,4920.4000,4925.0000,4925.4000,4925.8000,4926.0000,4926.2000,3,1,1,2,3,1,1,1,3,1
SF,IC2001,2019-12-06 09:33:27.600,4924.2000,10327,0,107316720.000,0,-,-,-,-,4923.2000,4923.0000,4922.8000,4922.0000,4921.0000,4924.8000,4925.0000,4925.4000,4925.8000,4926.0000,3,1,1,1,2,2,1,1,1,3
SF,IC2001,2019-12-06 09:33:28.100,4924.2000,10327,0,107316720.000,0,-,-,-,-,4923.2000,4923.0000,4922.8000,4922.0000,4921.0000,4924.8000,4925.4000,4925.8000,4926.0000,4926.2000,3,1,1,1,2,2,1,1,3,1
SF,IC2001,2019-12-06 09:33:31.100,4924.2000,10327,0,107316720.000,0,-,-,-,-,4923.4000,4923.2000,4923.0000,4922.8000,4922.0000,4924.8000,4925.4000,4925.8000,4926.0000,4926.2000,1,3,1,1,1,2,1,1,3,1
SF,IC2001,2019-12-06 09:33:31.600,4924.2000,10327,0,107316720.000,0,-,-,-,-,4923.6000,4923.4000,4923.2000,4923.0000,4922.8000,4924.8000,4925.4000,4925.8000,4926.0000,4926.2000,1,1,3,1,1,2,1,1,3,1
SF,IC2001,2019-12-06 09:33:32.100,4924.2000,10327,0,107316720.000,0,-,-,-,-,4923.4000,4923.2000,4923.0000,4922.8000,4922.0000,4924.8000,4925.4000,4926.0000,4926.2000,4926.6000,1,3,1,1,1,2,1,3,1,1
SF,IC2001,2019-12-06 09:33:32.600,4924.2000,10327,0,107316720.000,0,-,-,-,-,4923.6000,4923.4000,4923.2000,4923.0000,4922.8000,4924.8000,4925.4000,4926.0000,4926.2000,4926.6000,1,1,3,1,1,1,1,3,1,1
SF,IC2001,2019-12-06 09:33:33.100,4924.2000,10327,0,107316720.000,0,-,-,-,-,4923.6000,4923.4000,4923.2000,4923.0000,4922.8000,4924.8000,4925.4000,4926.0000,4926.2000,4926.6000,1,1,3,1,1,2,1,3,1,1
SF,IC2001,2019-12-06 09:33:33.600,4924.2000,10327,0,107316720.000,0,-,-,-,-,4923.4000,4923.2000,4923.0000,4922.8000,4922.0000,4924.8000,4925.4000,4926.0000,4926.2000,4926.6000,1,3,1,1,1,2,1,3,1,1
SF,IC2001,2019-12-06 09:33:34.100,4924.2000,10327,0,107316720.000,0,-,-,-,-,4923.4000,4923.2000,4923.0000,4922.8000,4922.0000,4924.6000,4924.8000,4925.4000,4926.0000,4926.2000,1,3,1,1,1,2,1,1,3,1
SF,IC2001,2019-12-06 09:33:34.600,4923.4000,10327,0,108301400.000,1,0,1,多换,S,4923.2000,4923.0000,4922.8000,4922.0000,4921.0000,4923.4000,4924.2000,4924.6000,4924.8000,4925.4000,3,1,1,1,2,1,1,2,1,1
SF,IC2001,2019-12-06 09:33:35.100,4923.4000,10327,0,108301400.000,0,-,-,-,-,4923.2000,4923.0000,4922.8000,4922.0000,4921.0000,4924.2000,4924.6000,4924.8000,4925.4000,4926.0000,3,1,1,1,2,1,2,1,1,3
SF,IC2001,2019-12-06 09:33:35.600,4923.4000,10327,0,108301400.000,0,-,-,-,-,4923.4000,4923.2000,4923.0000,4922.8000,4922.0000,4924.2000,4924.6000,4924.8000,4925.4000,4926.0000,1,3,1,1,1,1,2,1,1,3
SF,IC2001,2019-12-06 09:33:36.100,4923.4000,10327,0,108301400.000,0,-,-,-,-,4923.4000,4923.2000,4923.0000,4922.8000,4922.0000,4924.2000,4924.6000,4924.8000,4925.4000,4926.0000,1,3,1,1,1,1,1,1,1,3
SF,IC2001,2019-12-06 09:33:36.600,4923.4000,10327,0,108301400.000,0,-,-,-,-,4923.4000,4923.2000,4923.0000,4922.8000,4922.0000,4924.6000,4924.8000,4925.4000,4926.0000,4926.2000,1,3,1,1,1,1,1,1,3,1
SF,IC2001,2019-12-06 09:33:42.100,4924.6000,10327,0,109286320.000,1,0,1,多换,S,4924.6000,4923.4000,4923.2000,4923.0000,4922.8000,4924.8000,4925.4000,4926.0000,4926.2000,4926.6000,2,1,3,1,1,1,1,3,1,1
SF,IC2001,2019-12-06 09:33:42.600,4924.6000,10327,0,111256160.000,2,1,1,多换,S,4923.2000,4923.0000,4922.8000,4922.0000,4921.0000,4924.0000,4924.6000,4924.8000,4925.4000,4926.0000,3,1,1,1,2,1,9,1,1,2
SF,IC2001,2019-12-06 09:33:43.100,4924.6000,10326,-1,113225880.000,2,0,2,多平,S,4923.4000,4923.2000,4923.0000,4922.8000,4922.0000,4924.6000,4924.8000,4925.4000,4926.0000,4926.2000,2,3,1,1,1,4,1,1,2,1
SF,IC2001,2019-12-06 09:33:43.600,4924.6000,10325,-1,114210800.000,1,0,1,双平,S,4923.4000,4923.2000,4923.0000,4922.8000,4922.0000,4924.6000,4924.8000,4925.4000,4926.0000,4926.2000,2,3,1,1,1,2,1,1,2,1
SF,IC2001,2019-12-06 09:33:44.600,4924.6000,10325,0,114210800.000,0,-,-,-,-,4923.4000,4923.2000,4923.0000,4922.8000,4922.0000,4924.6000,4924.8000,4925.4000,4926.0000,4926.2000,2,3,1,1,1,2,1,1,2,1
SF,IC2001,2019-12-06 09:33:46.100,4924.6000,10325,0,114210800.000,0,-,-,-,-,4923.4000,4923.2000,4923.0000,4922.8000,4922.0000,4924.6000,4924.8000,4925.4000,4926.0000,4926.2000,2,3,1,1,1,1,1,1,2,1
SF,IC2001,2019-12-06 09:33:48.100,4924.6000,10324,-1,115195720.000,1,0,1,双平,S,4923.4000,4923.2000,4923.0000,4922.8000,4922.0000,4924.8000,4925.4000,4926.0000,4926.2000,4927.0000,2,3,1,1,1,1,1,2,1,1
SF,IC2001,2019-12-06 09:33:48.600,4924.8000,10324,0,116180680.000,1,0,1,多换,S,4924.8000,4923.4000,4923.2000,4923.0000,4922.8000,4926.0000,4926.2000,4927.0000,4927.6000,4928.2000,2,2,3,1,1,2,1,1,1,2
SF,IC2001,2019-12-06 09:33:49.100,4924.8000,10324,0,116180680.000,0,-,-,-,-,4923.4000,4923.2000,4923.0000,4922.8000,4922.0000,4925.8000,4926.0000,4926.2000,4927.0000,4927.6000,2,3,1,1,1,2,2,1,1,1
SF,IC2001,2019-12-06 09:33:49.600,4924.8000,10324,0,116180680.000,0,-,-,-,-,4923.4000,4923.2000,4923.0000,4922.8000,4922.0000,4926.0000,4926.2000,4927.0000,4927.6000,4928.2000,2,3,1,1,1,2,1,1,1,2
SF,IC2001,2019-12-06 09:33:50.100,4924.8000,10324,0,116180680.000,0,-,-,-,-,4923.4000,4923.2000,4923.0000,4922.8000,4922.2000,4926.0000,4926.2000,4927.0000,4927.6000,4928.2000,2,3,1,1,1,2,1,1,1,2
SF,IC2001,2019-12-06 09:33:50.600,4924.8000,10324,0,116180680.000,0,-,-,-,-,4923.4000,4923.2000,4923.0000,4922.8000,4922.2000,4926.0000,4926.2000,4927.0000,4927.6000,4928.2000,2,3,1,1,1,1,1,1,1,2
SF,IC2001,2019-12-06 09:33:51.100,4924.8000,10324,0,116180680.000,0,-,-,-,-,4923.6000,4923.4000,4923.2000,4923.0000,4922.8000,4926.0000,4926.2000,4927.0000,4927.6000,4928.2000,1,4,3,1,1,1,1,1,1,2
SF,IC2001,2019-12-06 09:33:51.600,4924.8000,10324,0,116180680.000,0,-,-,-,-,4923.8000,4923.6000,4923.4000,4923.2000,4923.0000,4927.0000,4927.6000,4928.2000,4928.6000,4934.0000,2,1,2,3,1,1,1,2,1,1
SF,IC2001,2019-12-06 09:33:52.100,4924.8000,10324,0,116180680.000,0,-,-,-,-,4923.8000,4923.6000,4923.4000,4923.2000,4923.0000,4926.8000,4927.0000,4927.6000,4928.2000,4928.6000,2,1,2,3,1,3,1,1,2,1
SF,IC2001,2019-12-06 09:33:52.600,4924.8000,10324,0,116180680.000,0,-,-,-,-,4923.8000,4923.6000,4923.4000,4923.2000,4923.0000,4926.8000,4927.0000,4927.6000,4928.2000,4928.6000,2,1,2,3,1,4,1,1,2,1
SF,IC2001,2019-12-06 09:33:53.100,4924.8000,10324,0,116180680.000,0,-,-,-,-,4923.8000,4923.6000,4923.4000,4923.2000,4923.0000,4926.6000,4926.8000,4927.0000,4927.6000,4928.2000,2,1,2,3,1,2,4,1,1,2
SF,IC2001,2019-12-06 09:33:53.600,4924.8000,10324,0,116180680.000,0,-,-,-,-,4923.8000,4923.6000,4923.4000,4923.2000,4923.0000,4926.4000,4926.6000,4926.8000,4927.0000,4927.6000,2,2,2,3,1,3,1,2,1,1
SF,IC2001,2019-12-06 09:33:54.600,4924.8000,10324,0,116180680.000,0,-,-,-,-,4923.8000,4923.6000,4923.4000,4923.2000,4923.0000,4926.4000,4926.8000,4927.0000,4927.6000,4928.2000,2,2,2,3,1,3,2,1,1,2
SF,IC2001,2019-12-06 09:33:55.100,4924.8000,10324,0,116180680.000,0,-,-,-,-,4923.8000,4923.6000,4923.4000,4923.2000,4923.0000,4926.2000,4926.4000,4926.8000,4927.0000,4927.6000,2,1,2,3,1,1,2,2,1,1
SF,IC2001,2019-12-06 09:33:55.600,4924.8000,10324,0,116180680.000,0,-,-,-,-,4923.8000,4923.6000,4923.4000,4923.2000,4923.0000,4926.0000,4926.8000,4927.0000,4927.6000,4928.2000,2,1,2,3,1,4,2,1,1,2
SF,IC2001,2019-12-06 09:33:57.100,4924.8000,10324,0,116180680.000,0,-,-,-,-,4923.8000,4923.6000,4923.4000,4923.2000,4923.0000,4926.0000,4926.8000,4927.0000,4927.6000,4928.2000,2,1,2,3,1,3,2,1,1,2
SF,IC2001,2019-12-06 09:33:57.600,4924.8000,10324,0,116180680.000,0,-,-,-,-,4924.8000,4923.8000,4923.6000,4923.4000,4923.2000,4925.8000,4926.0000,4926.8000,4927.0000,4927.6000,1,2,1,1,3,2,2,2,1,1
SF,IC2001,2019-12-06 09:33:58.100,4924.8000,10323,-1,117165640.000,1,0,1,双平,S,4923.6000,4923.4000,4923.2000,4923.0000,4922.8000,4924.8000,4925.6000,4925.8000,4926.8000,4927.0000,1,1,3,1,1,1,2,1,2,1
SF,IC2001,2019-12-06 09:33:58.600,4924.8000,10323,0,117165640.000,0,-,-,-,-,4923.8000,4923.6000,4923.4000,4923.2000,4923.0000,4926.8000,4927.0000,4927.6000,4928.2000,4928.6000,2,1,1,3,1,2,1,1,2,1
SF,IC2001,2019-12-06 09:33:59.100,4924.8000,10323,0,117165640.000,0,-,-,-,-,4923.6000,4923.2000,4923.0000,4922.8000,4922.2000,4926.4000,4926.6000,4926.8000,4927.0000,4927.6000,1,3,1,1,1,2,3,2,2,1
SF,IC2001,2019-12-06 09:33:59.600,4924.8000,10323,0,117165640.000,0,-,-,-,-,4923.6000,4923.2000,4923.0000,4922.8000,4922.2000,4925.4000,4925.8000,4926.0000,4926.2000,4926.4000,1,3,1,1,1,1,1,3,4,1
SF,IC2001,2019-12-06 09:34:00.100,4924.8000,10323,0,117165640.000,0,-,-,-,-,4923.8000,4923.6000,4923.2000,4923.0000,4922.8000,4925.2000,4925.4000,4925.8000,4926.0000,4926.2000,1,1,3,1,1,3,1,1,2,3
SF,IC2001,2019-12-06 09:34:01.100,4923.8000,10322,-1,118150400.000,1,0,1,双平,S,4923.6000,4923.2000,4923.0000,4922.8000,4922.0000,4924.8000,4925.0000,4925.2000,4925.4000,4925.8000,1,3,1,1,1,1,1,4,1,1
SF,IC2001,2019-12-06 09:34:01.600,4923.8000,10322,0,118150400.000,0,-,-,-,-,4923.6000,4923.2000,4923.0000,4922.8000,4922.0000,4924.4000,4924.6000,4924.8000,4925.0000,4925.2000,1,3,2,1,1,1,3,1,1,2
SF,IC2001,2019-12-06 09:34:02.100,4923.6000,10321,-1,119135120.000,1,0,1,双平,S,4923.2000,4923.0000,4922.8000,4922.0000,4921.0000,4924.2000,4924.6000,4924.8000,4925.0000,4925.2000,3,2,1,1,2,5,1,1,1,1
SF,IC2001,2019-12-06 09:34:03.100,4923.2000,10321,0,122089040.000,3,1,2,多换,S,4923.0000,4922.8000,4922.0000,4921.0000,4920.4000,4924.2000,4924.6000,4924.8000,4925.0000,4925.2000,2,1,1,1,3,5,1,1,1,1
SF,IC2001,2019-12-06 09:34:03.600,4922.8000,10320,-1,125042800.000,3,1,2,多平,S,4922.0000,4921.0000,4920.4000,4920.2000,4920.0000,4922.8000,4923.2000,4923.8000,4924.0000,4924.2000,1,1,3,1,3,1,3,2,1,4
SF,IC2001,2019-12-06 09:34:04.100,4922.2000,10319,-1,126027240.000,1,0,1,双平,S,4922.2000,4922.0000,4921.0000,4920.4000,4920.2000,4923.2000,4923.8000,4924.0000,4924.2000,4924.4000,1,1,1,3,1,5,2,1,4,1
SF,IC2001,2019-12-06 09:34:04.600,4922.2000,10319,0,126027240.000,0,-,-,-,-,4921.0000,4920.4000,4920.2000,4920.0000,4919.8000,4922.2000,4923.2000,4923.8000,4924.0000,4924.2000,1,3,1,3,1,1,5,2,1,3
SF,IC2001,2019-12-06 09:34:05.100,4922.2000,10319,0,126027240.000,0,-,-,-,-,4921.2000,4921.0000,4920.4000,4920.2000,4920.0000,4922.2000,4923.2000,4923.8000,4924.0000,4924.2000,2,1,3,1,3,1,5,2,1,3
SF,IC2001,2019-12-06 09:34:05.600,4922.2000,10320,1,127011680.000,1,1,0,双开,S,4921.2000,4921.0000,4920.4000,4920.2000,4920.0000,4923.2000,4923.8000,4924.0000,4924.2000,4924.4000,2,1,3,1,3,2,2,1,3,1
SF,IC2001,2019-12-06 09:34:06.100,4921.0000,10319,-1,129964680.000,3,1,2,多平,S,4920.4000,4920.2000,4920.0000,4919.8000,4918.6000,4923.0000,4923.2000,4923.8000,4924.0000,4924.2000,3,1,3,1,1,2,3,3,1,1
SF,IC2001,2019-12-06 09:34:06.600,4923.0000,10318,-1,130949280.000,1,0,1,双平,S,4920.6000,4920.4000,4920.2000,4920.0000,4919.8000,4923.0000,4923.2000,4923.8000,4924.0000,4924.2000,2,3,1,3,1,1,3,3,1,1
SF,IC2001,2019-12-06 09:34:07.100,4923.0000,10318,0,130949280.000,0,-,-,-,-,4920.6000,4920.4000,4920.2000,4920.0000,4919.8000,4922.8000,4923.0000,4923.2000,4923.8000,4924.0000,2,3,1,3,1,1,1,2,3,1
SF,IC2001,2019-12-06 09:34:07.600,4923.0000,10318,0,130949280.000,0,-,-,-,-,4920.6000,4920.4000,4920.2000,4920.0000,4919.8000,4922.6000,4922.8000,4923.0000,4923.2000,4923.8000,2,3,1,3,1,1,1,1,2,3
SF,IC2001,2019-12-06 09:34:08.100,4922.8000,10317,-1,131933840.000,1,0,1,双平,S,4920.6000,4920.4000,4920.2000,4920.0000,4919.8000,4922.4000,4922.6000,4922.8000,4923.0000,4923.2000,2,3,1,3,1,2,1,1,1,2
SF,IC2001,2019-12-06 09:34:09.100,4922.8000,10317,0,131933840.000,0,-,-,-,-,4920.6000,4920.4000,4920.2000,4920.0000,4919.8000,4922.0000,4922.4000,4922.6000,4922.8000,4923.0000,2,3,1,3,1,4,2,2,1,1
SF,IC2001,2019-12-06 09:34:09.600,4922.8000,10317,0,131933840.000,0,-,-,-,-,4920.4000,4920.2000,4920.0000,4919.8000,4918.6000,4921.4000,4921.6000,4921.8000,4922.0000,4922.6000,3,1,3,1,1,1,1,4,4,1
SF,IC2001,2019-12-06 09:34:10.100,4922.8000,10317,0,131933840.000,0,-,-,-,-,4920.6000,4920.4000,4920.2000,4920.0000,4918.6000,4921.2000,4921.6000,4921.8000,4922.0000,4922.6000,1,3,1,3,2,1,1,4,4,1
SF,IC2001,2019-12-06 09:34:10.600,4921.4000,10316,-1,132918120.000,1,0,1,双平,S,4920.6000,4920.4000,4920.2000,4920.0000,4918.6000,4921.6000,4921.8000,4922.0000,4922.6000,4923.2000,1,3,1,3,2,1,3,3,1,2
SF,IC2001,2019-12-06 09:34:11.100,4920.6000,10317,1,133902240.000,1,1,0,双开,S,4920.4000,4920.2000,4920.0000,4918.6000,4918.0000,4921.2000,4921.4000,4921.6000,4921.8000,4922.0000,3,1,3,2,1,1,2,1,1,3
SF,IC2001,2019-12-06 09:34:11.600,4921.2000,10317,0,134886480.000,1,0,1,多换,S,4920.4000,4920.2000,4920.0000,4918.6000,4918.0000,4921.4000,4921.6000,4921.8000,4922.0000,4922.6000,3,1,3,2,1,2,1,1,3,1
SF,IC2001,2019-12-06 09:34:12.100,4921.2000,10317,0,134886480.000,0,-,-,-,-,4920.4000,4920.2000,4920.0000,4918.6000,4918.0000,4921.0000,4921.4000,4921.6000,4921.8000,4922.0000,3,1,3,2,1,2,2,1,1,3
SF,IC2001,2019-12-06 09:34:12.600,4921.0000,10317,0,136854880.000,2,1,1,多换,S,4920.4000,4920.2000,4920.0000,4918.6000,4918.0000,4921.6000,4921.8000,4922.0000,4922.6000,4923.0000,3,1,3,2,1,1,1,2,1,1
SF,IC2001,2019-12-06 09:34:13.100,4921.0000,10317,0,136854880.000,0,-,-,-,-,4920.4000,4920.2000,4920.0000,4918.6000,4918.0000,4921.6000,4922.0000,4922.6000,4923.0000,4923.8000,3,1,3,2,1,1,2,1,1,3
SF,IC2001,2019-12-06 09:34:17.100,4921.6000,10318,1,137839200.000,1,1,0,双开,S,4920.4000,4920.2000,4920.0000,4918.6000,4918.0000,4922.0000,4922.6000,4923.0000,4923.8000,4924.0000,3,1,3,2,1,2,1,1,3,1
SF,IC2001,2019-12-06 09:34:17.600,4921.6000,10318,0,137839200.000,0,-,-,-,-,4921.6000,4920.6000,4920.4000,4920.2000,4920.0000,4922.6000,4923.0000,4923.8000,4924.0000,4924.4000,1,2,3,1,3,1,1,3,1,1
SF,IC2001,2019-12-06 09:34:18.100,4921.6000,10318,0,137839200.000,0,-,-,-,-,4922.6000,4921.8000,4921.6000,4920.4000,4920.2000,4923.0000,4923.8000,4924.0000,4924.4000,4925.2000,1,2,1,3,1,1,3,1,1,1
SF,IC2001,2019-12-06 09:34:18.600,4922.6000,10318,0,138823720.000,1,0,1,多换,S,4921.8000,4920.6000,4920.4000,4920.2000,4920.0000,4923.0000,4923.8000,4925.2000,4926.2000,4926.4000,2,1,3,1,3,1,1,1,2,1
SF,IC2001,2019-12-06 09:34:21.100,4921.8000,10318,0,139808080.000,1,0,1,多换,S,4921.8000,4920.6000,4920.4000,4920.2000,4920.0000,4923.0000,4923.6000,4923.8000,4925.2000,4926.2000,1,1,3,1,3,1,1,1,1,2
SF,IC2001,2019-12-06 09:34:21.600,4923.0000,10318,0,140792680.000,1,0,1,多换,S,4923.0000,4921.8000,4920.6000,4920.4000,4920.2000,4925.2000,4926.2000,4926.4000,4926.6000,4927.0000,1,2,1,3,1,1,2,1,1,1
SF,IC2001,2019-12-06 09:34:22.100,4923.0000,10318,0,140792680.000,0,-,-,-,-,4920.6000,4920.4000,4920.2000,4920.0000,4919.8000,4923.0000,4924.0000,4924.6000,4924.8000,4925.0000,1,3,1,3,1,1,1,2,2,4
SF,IC2001,2019-12-06 09:34:22.600,4923.0000,10318,0,141777280.000,1,0,1,多换,S,4920.8000,4920.6000,4920.4000,4920.2000,4920.0000,4924.0000,4924.6000,4924.8000,4925.0000,4925.2000,3,1,3,1,3,1,1,2,4,1
SF,IC2001,2019-12-06 09:34:23.100,4923.0000,10318,0,141777280.000,0,-,-,-,-,4920.8000,4920.6000,4920.4000,4920.2000,4920.0000,4923.0000,4923.6000,4923.8000,4924.0000,4924.8000,3,1,3,1,3,1,2,5,1,2
SF,IC2001,2019-12-06 09:34:23.600,4923.0000,10318,0,142761880.000,1,0,1,多换,S,4921.0000,4920.8000,4920.6000,4920.4000,4920.2000,4923.6000,4923.8000,4924.0000,4924.8000,4925.0000,2,3,1,3,1,1,3,1,2,1
SF,IC2001,2019-12-06 09:34:24.100,4923.0000,10318,0,142761880.000,0,-,-,-,-,4921.2000,4921.0000,4920.8000,4920.6000,4920.4000,4923.4000,4923.6000,4923.8000,4924.0000,4924.8000,2,1,1,1,3,2,1,1,1,2
SF,IC2001,2019-12-06 09:34:24.600,4923.0000,10318,0,142761880.000,0,-,-,-,-,4921.4000,4921.2000,4921.0000,4920.8000,4920.6000,4923.0000,4923.4000,4923.8000,4924.0000,4924.8000,1,2,1,1,1,1,2,1,1,2
SF,IC2001,2019-12-06 09:34:25.100,4923.0000,10318,0,142761880.000,0,-,-,-,-,4921.6000,4921.4000,4921.0000,4920.6000,4920.4000,4923.0000,4923.4000,4923.8000,4924.0000,4924.8000,2,1,1,1,3,1,2,1,1,2
SF,IC2001,2019-12-06 09:34:25.600,4923.0000,10317,-1,143746480.000,1,0,1,双平,S,4921.4000,4920.6000,4920.4000,4920.2000,4920.0000,4922.8000,4923.0000,4923.8000,4924.0000,4924.8000,1,1,3,1,3,2,1,1,1,2
SF,IC2001,2019-12-06 09:34:26.100,4923.0000,10317,0,143746480.000,0,-,-,-,-,4920.6000,4920.4000,4920.2000,4920.0000,4919.8000,4922.8000,4923.8000,4924.0000,4924.8000,4925.0000,1,3,1,3,1,2,1,1,2,1
SF,IC2001,2019-12-06 09:34:26.600,4923.0000,10317,0,143746480.000,0,-,-,-,-,4920.8000,4920.6000,4920.4000,4920.2000,4920.0000,4922.8000,4923.8000,4924.0000,4924.8000,4925.0000,3,1,3,1,3,2,2,1,2,1
SF,IC2001,2019-12-06 09:34:27.100,4923.0000,10317,0,143746480.000,0,-,-,-,-,4920.8000,4920.6000,4920.4000,4920.2000,4920.0000,4922.6000,4923.8000,4924.0000,4924.8000,4925.0000,3,1,3,1,3,1,2,1,2,1
SF,IC2001,2019-12-06 09:34:27.600,4921.0000,10316,-1,144730680.000,1,0,1,双平,S,4921.0000,4920.8000,4920.6000,4920.4000,4920.2000,4922.6000,4923.8000,4924.0000,4924.8000,4925.0000,1,3,1,3,1,1,2,1,2,1
SF,IC2001,2019-12-06 09:34:28.100,4922.6000,10315,-1,145715200.000,1,0,1,双平,S,4921.2000,4921.0000,4920.6000,4920.4000,4920.2000,4923.8000,4924.0000,4924.8000,4925.0000,4925.2000,2,1,1,3,1,2,1,2,1,1
SF,IC2001,2019-12-06 09:34:28.600,4922.6000,10315,0,145715200.000,0,-,-,-,-,4921.4000,4921.2000,4921.0000,4920.6000,4920.4000,4923.2000,4923.4000,4923.6000,4923.8000,4924.0000,1,2,1,1,3,1,1,4,2,1
SF,IC2001,2019-12-06 09:34:29.100,4922.6000,10315,0,145715200.000,0,-,-,-,-,4922.6000,4921.4000,4921.0000,4920.6000,4920.4000,4923.0000,4923.2000,4923.4000,4923.6000,4923.8000,1,1,1,1,3,2,1,1,2,2
SF,IC2001,2019-12-06 09:34:29.600,4922.6000,10314,-1,146699720.000,1,0,1,双平,S,4921.0000,4920.6000,4920.4000,4920.2000,4920.0000,4922.6000,4923.4000,4923.6000,4923.8000,4924.0000,1,1,3,1,3,1,1,2,2,1
SF,IC2001,2019-12-06 09:34:30.100,4922.6000,10314,0,146699720.000,0,-,-,-,-,4920.6000,4920.4000,4920.2000,4920.0000,4919.8000,4922.4000,4922.6000,4923.4000,4923.6000,4923.8000,1,3,1,3,1,2,4,1,2,2
SF,IC2001,2019-12-06 09:34:30.600,4922.6000,10314,0,146699720.000,0,-,-,-,-,4920.8000,4920.6000,4920.4000,4920.2000,4920.0000,4922.4000,4922.6000,4923.4000,4923.6000,4923.8000,2,1,3,1,3,2,2,1,2,2
SF,IC2001,2019-12-06 09:34:31.100,4922.6000,10314,0,146699720.000,0,-,-,-,-,4920.6000,4920.4000,4920.2000,4920.0000,4919.8000,4922.4000,4922.6000,4923.4000,4923.6000,4923.8000,1,3,1,3,1,2,1,1,2,2
SF,IC2001,2019-12-06 09:34:31.600,4922.6000,10314,0,147684240.000,1,0,1,多换,S,4920.6000,4920.4000,4920.2000,4920.0000,4919.8000,4922.4000,4923.4000,4923.6000,4923.8000,4924.0000,1,3,1,3,1,1,1,2,2,1
SF,IC2001,2019-12-06 09:34:32.600,4922.6000,10314,0,147684240.000,0,-,-,-,-,4920.6000,4920.4000,4920.2000,4920.0000,4919.8000,4922.4000,4923.4000,4923.6000,4923.8000,4924.0000,1,3,1,3,1,2,1,2,2,1
SF,IC2001,2019-12-06 09:34:33.100,4922.6000,10313,-1,148668760.000,1,0,1,双平,S,4920.6000,4920.4000,4920.2000,4920.0000,4919.8000,4922.2000,4922.4000,4923.4000,4923.6000,4923.8000,1,3,1,3,1,1,2,1,2,1
SF,IC2001,2019-12-06 09:34:33.600,4922.4000,10312,-1,149653240.000,1,0,1,双平,S,4920.6000,4920.4000,4920.2000,4920.0000,4919.8000,4922.0000,4922.2000,4922.4000,4923.4000,4923.6000,1,3,1,3,1,2,2,1,1,2
SF,IC2001,2019-12-06 09:34:34.100,4922.2000,10311,-1,150637680.000,1,0,1,双平,S,4921.0000,4920.6000,4920.4000,4920.2000,4920.0000,4922.4000,4922.6000,4923.4000,4923.6000,4923.8000,1,1,3,1,3,1,1,1,2,1
SF,IC2001,2019-12-06 09:34:34.600,4922.2000,10311,0,150637680.000,0,-,-,-,-,4921.0000,4920.6000,4920.4000,4920.2000,4920.0000,4922.2000,4922.4000,4922.6000,4923.4000,4923.6000,1,1,3,1,3,2,1,1,1,2
SF,IC2001,2019-12-06 09:34:35.100,4922.2000,10311,0,150637680.000,0,-,-,-,-,4920.6000,4920.4000,4920.2000,4920.0000,4919.8000,4921.0000,4921.8000,4922.0000,4922.2000,4922.4000,1,3,1,3,1,1,1,3,2,2
SF,IC2001,2019-12-06 09:34:35.600,4921.2000,10310,-1,151621920.000,1,0,1,双平,S,4921.2000,4921.0000,4920.8000,4920.6000,4920.4000,4922.4000,4922.6000,4923.4000,4923.6000,4923.8000,2,2,3,1,3,1,1,1,2,1
SF,IC2001,2019-12-06 09:34:36.100,4921.2000,10310,0,151621920.000,0,-,-,-,-,4921.2000,4921.0000,4920.8000,4920.6000,4920.4000,4922.2000,4922.4000,4922.6000,4923.4000,4923.6000,1,1,1,1,3,2,1,1,1,2
SF,IC2001,2019-12-06 09:34:36.600,4921.2000,10310,0,152606160.000,1,0,1,多换,S,4921.0000,4920.8000,4920.6000,4920.4000,4920.2000,4922.2000,4922.4000,4922.6000,4923.4000,4923.6000,1,1,1,3,1,2,1,1,1,2
SF,IC2001,2019-12-06 09:34:37.100,4922.2000,10309,-1,153590600.000,1,0,1,双平,S,4921.2000,4920.8000,4920.6000,4920.4000,4920.2000,4923.4000,4923.6000,4923.8000,4924.4000,4925.0000,2,1,1,3,1,1,2,1,1,1
SF,IC2001,2019-12-06 09:34:37.600,4922.2000,10309,0,153590600.000,0,-,-,-,-,4922.2000,4921.6000,4921.2000,4920.6000,4920.4000,4923.2000,4923.4000,4923.6000,4923.8000,4924.4000,1,1,2,1,3,4,1,2,1,1
SF,IC2001,2019-12-06 09:34:38.100,4922.2000,10309,0,154575040.000,1,0,1,多换,S,4921.6000,4921.2000,4920.6000,4920.4000,4920.2000,4923.0000,4923.2000,4923.4000,4923.6000,4923.8000,1,2,1,3,1,1,3,1,2,1
SF,IC2001,2019-12-06 09:34:38.600,4922.2000,10309,0,154575040.000,0,-,-,-,-,4921.6000,4921.2000,4920.6000,4920.4000,4920.2000,4922.0000,4922.8000,4923.0000,4923.2000,4923.4000,1,2,1,3,1,1,3,1,1,1
SF,IC2001,2019-12-06 09:34:39.100,4922.0000,10309,0,155559440.000,1,0,1,多换,S,4921.2000,4920.6000,4920.4000,4920.2000,4920.0000,4922.8000,4923.0000,4923.2000,4923.4000,4923.6000,2,1,3,1,3,3,2,1,1,2
SF,IC2001,2019-12-06 09:34:39.600,4922.0000,10309,0,155559440.000,0,-,-,-,-,4920.6000,4920.4000,4920.2000,4920.0000,4919.8000,4921.6000,4922.4000,4922.6000,4922.8000,4923.0000,1,3,1,3,1,1,3,4,2,2
SF,IC2001,2019-12-06 09:34:40.100,4922.0000,10309,0,155559440.000,0,-,-,-,-,4920.8000,4920.6000,4920.4000,4920.2000,4920.0000,4921.6000,4922.4000,4922.6000,4923.0000,4923.4000,3,1,3,1,3,1,2,2,1,1
SF,IC2001,2019-12-06 09:34:40.600,4922.0000,10309,0,155559440.000,0,-,-,-,-,4920.8000,4920.6000,4920.4000,4920.2000,4920.0000,4921.6000,4922.6000,4923.0000,4923.4000,4923.6000,3,1,3,1,3,1,2,1,1,1
SF,IC2001,2019-12-06 09:34:41.600,4922.0000,10309,0,155559440.000,0,-,-,-,-,4920.8000,4920.6000,4920.4000,4920.2000,4920.0000,4922.6000,4923.0000,4923.4000,4923.6000,4923.8000,3,1,3,1,3,2,1,1,1,1
SF,IC2001,2019-12-06 09:34:42.100,4922.0000,10309,0,155559440.000,0,-,-,-,-,4920.8000,4920.6000,4920.4000,4920.2000,4920.0000,4922.4000,4922.6000,4923.0000,4923.4000,4923.6000,3,1,3,1,3,3,2,1,1,1
SF,IC2001,2019-12-06 09:34:43.600,4922.0000,10309,0,155559440.000,0,-,-,-,-,4920.8000,4920.6000,4920.4000,4920.2000,4920.0000,4922.0000,4922.2000,4922.4000,4922.6000,4923.0000,3,1,3,1,3,1,1,3,2,1
SF,IC2001,2019-12-06 09:34:44.100,4922.0000,10309,0,155559440.000,0,-,-,-,-,4920.6000,4920.4000,4920.2000,4920.0000,4919.8000,4921.8000,4922.0000,4922.2000,4922.4000,4922.6000,1,3,1,3,1,1,2,1,3,2
SF,IC2001,2019-12-06 09:34:44.600,4922.0000,10309,0,155559440.000,0,-,-,-,-,4920.8000,4920.6000,4920.4000,4920.2000,4920.0000,4922.0000,4922.6000,4923.0000,4923.4000,4923.6000,3,1,3,1,3,1,2,1,1,1
SF,IC2001,2019-12-06 09:34:46.600,4920.8000,10309,0,156543600.000,1,0,1,多换,S,4920.8000,4920.6000,4920.4000,4920.2000,4920.0000,4922.0000,4922.6000,4923.0000,4923.4000,4923.6000,2,1,3,1,3,1,2,1,1,1
SF,IC2001,2019-12-06 09:34:47.100,4920.8000,10309,0,157527760.000,1,0,1,多换,S,4920.6000,4920.4000,4920.2000,4920.0000,4919.8000,4921.8000,4922.0000,4922.6000,4923.0000,4923.4000,1,3,1,3,1,2,2,1,1,1
SF,IC2001,2019-12-06 09:34:47.600,4920.6000,10310,1,158511880.000,1,1,0,双开,S,4920.4000,4920.2000,4920.0000,4919.8000,4918.6000,4921.8000,4922.0000,4922.6000,4923.0000,4923.4000,3,1,3,1,2,2,2,1,1,1
SF,IC2001,2019-12-06 09:34:48.600,4920.6000,10310,0,158511880.000,0,-,-,-,-,4920.4000,4920.2000,4920.0000,4919.8000,4918.6000,4921.8000,4922.0000,4922.6000,4923.0000,4923.4000,3,1,3,1,2,2,1,1,1,1
SF,IC2001,2019-12-06 09:34:49.100,4920.6000,10310,0,158511880.000,0,-,-,-,-,4920.6000,4920.4000,4920.2000,4920.0000,4919.8000,4921.8000,4922.0000,4922.6000,4923.0000,4923.4000,2,3,1,3,1,2,1,1,1,1
SF,IC2001,2019-12-06 09:34:49.600,4920.6000,10310,0,158511880.000,0,-,-,-,-,4920.4000,4920.2000,4920.0000,4919.8000,4918.6000,4921.8000,4922.0000,4922.6000,4923.0000,4923.4000,3,1,3,1,2,2,2,1,1,1
SF,IC2001,2019-12-06 09:34:51.100,4920.6000,10310,0,158511880.000,0,-,-,-,-,4920.4000,4920.2000,4920.0000,4918.6000,4918.0000,4921.8000,4922.0000,4922.6000,4923.0000,4923.4000,3,1,3,2,1,2,2,1,1,1
SF,IC2001,2019-12-06 09:34:51.600,4920.6000,10310,0,158511880.000,0,-,-,-,-,4920.4000,4920.2000,4920.0000,4918.6000,4918.0000,4921.6000,4921.8000,4922.0000,4922.6000,4923.0000,3,1,3,2,1,1,2,2,2,1
SF,IC2001,2019-12-06 09:34:52.100,4920.6000,10310,0,158511880.000,0,-,-,-,-,4920.4000,4920.2000,4920.0000,4918.6000,4918.0000,4921.4000,4922.0000,4922.6000,4923.0000,4923.4000,3,1,3,2,1,3,2,2,1,1
SF,IC2001,2019-12-06 09:34:52.600,4920.6000,10310,0,158511880.000,0,-,-,-,-,4920.4000,4920.2000,4920.0000,4918.6000,4918.0000,4921.2000,4921.4000,4922.0000,4922.6000,4923.0000,3,1,3,2,1,1,2,1,2,1
SF,IC2001,2019-12-06 09:34:53.100,4920.4000,10311,1,161464120.000,3,2,1,空开,S,4920.2000,4920.0000,4918.6000,4918.0000,4917.0000,4920.4000,4921.0000,4921.2000,4921.4000,4922.0000,1,3,2,1,1,1,3,2,2,1
SF,IC2001,2019-12-06 09:34:53.600,4920.4000,10310,-1,162448200.000,1,0,1,双平,S,4920.2000,4920.0000,4918.6000,4918.0000,4917.0000,4922.0000,4922.6000,4923.0000,4923.4000,4923.6000,1,3,2,1,1,1,1,1,1,1
SF,IC2001,2019-12-06 09:34:54.100,4920.2000,10310,0,163432240.000,1,0,1,多换,S,4920.0000,4918.6000,4918.0000,4917.0000,4916.4000,4921.6000,4921.8000,4922.0000,4922.6000,4923.0000,3,2,1,1,1,2,5,1,1,1
SF,IC2001,2019-12-06 09:34:54.600,4920.2000,10310,0,163432240.000,0,-,-,-,-,4920.0000,4918.6000,4918.0000,4917.0000,4916.4000,4921.4000,4921.6000,4921.8000,4922.0000,4922.6000,3,2,1,1,1,3,1,3,1,1
SF,IC2001,2019-12-06 09:34:55.100,4920.0000,10310,0,164416240.000,1,0,1,多换,S,4920.0000,4918.6000,4918.0000,4917.0000,4916.4000,4921.0000,4921.2000,4921.4000,4921.6000,4921.8000,2,2,1,1,1,2,3,3,1,4
SF,IC2001,2019-12-06 09:34:55.600,4920.0000,10309,-1,166384240.000,2,0,2,多平,S,4918.6000,4918.0000,4917.0000,4916.4000,4916.2000,4920.0000,4920.8000,4921.0000,4921.2000,4921.4000,2,1,1,1,10,1,2,2,3,1
SF,IC2001,2019-12-06 09:34:56.100,4920.0000,10309,0,166384240.000,0,-,-,-,-,4918.8000,4918.6000,4918.0000,4917.0000,4916.4000,4920.0000,4921.0000,4921.2000,4921.4000,4921.6000,2,2,1,1,1,1,2,3,1,1
SF,IC2001,2019-12-06 09:34:56.600,4918.8000,10309,0,167368000.000,1,0,1,多换,S,4918.8000,4918.6000,4918.0000,4917.0000,4916.4000,4920.0000,4921.0000,4921.2000,4921.4000,4921.6000,1,2,1,1,1,1,2,3,1,1
SF,IC2001,2019-12-06 09:34:57.100,4918.8000,10309,0,167368000.000,0,-,-,-,-,4918.6000,4918.0000,4917.4000,4917.0000,4916.4000,4920.0000,4921.0000,4921.2000,4921.4000,4921.6000,1,1,1,1,1,1,2,3,1,1
SF,IC2001,2019-12-06 09:34:57.600,4918.8000,10309,0,167368000.000,0,-,-,-,-,4918.6000,4918.0000,4917.4000,4917.0000,4916.4000,4919.8000,4921.0000,4921.2000,4921.4000,4921.6000,1,1,1,1,1,1,2,3,1,1
SF,IC2001,2019-12-06 09:34:58.100,4918.8000,10309,0,167368000.000,0,-,-,-,-,4918.6000,4918.0000,4917.4000,4917.0000,4916.4000,4919.6000,4921.0000,4921.2000,4921.4000,4921.6000,1,1,1,1,1,1,2,3,1,1
SF,IC2001,2019-12-06 09:34:58.600,4918.8000,10309,0,168351760.000,1,0,1,多换,S,4918.8000,4918.6000,4918.0000,4917.4000,4917.0000,4919.6000,4921.0000,4921.2000,4921.4000,4921.6000,1,1,1,1,1,1,2,3,1,1
SF,IC2001,2019-12-06 09:34:59.100,4919.6000,10308,-1,169335680.000,1,0,1,双平,S,4920.0000,4918.8000,4918.6000,4918.0000,4917.4000,4920.8000,4921.0000,4921.2000,4921.4000,4921.6000,1,1,1,1,1,1,2,3,1,1
SF,IC2001,2019-12-06 09:34:59.600,4920.0000,10307,-1,170319680.000,1,0,1,双平,S,4918.8000,4918.6000,4918.0000,4917.4000,4917.0000,4920.6000,4920.8000,4921.0000,4921.2000,4921.4000,1,1,1,1,1,2,1,2,3,1
SF,IC2001,2019-12-06 09:35:00.100,4920.0000,10307,0,170319680.000,0,-,-,-,-,4918.8000,4918.6000,4918.0000,4917.4000,4917.0000,4920.6000,4920.8000,4921.0000,4921.2000,4921.4000,1,1,1,1,1,1,1,2,3,1
SF,IC2001,2019-12-06 09:35:00.600,4920.0000,10307,0,170319680.000,0,-,-,-,-,4918.8000,4918.6000,4918.0000,4917.4000,4917.0000,4920.6000,4920.8000,4921.2000,4921.6000,4921.8000,1,1,1,1,1,1,1,1,1,2
SF,IC2001,2019-12-06 09:35:01.100,4920.0000,10307,0,170319680.000,0,-,-,-,-,4918.8000,4918.6000,4918.0000,4917.4000,4917.0000,4920.4000,4920.6000,4920.8000,4921.2000,4921.6000,1,1,1,1,1,3,1,1,1,1
SF,IC2001,2019-12-06 09:35:01.600,4920.0000,10307,0,170319680.000,0,-,-,-,-,4918.8000,4918.6000,4918.0000,4917.4000,4917.0000,4920.4000,4920.6000,4920.8000,4921.2000,4921.6000,1,1,1,1,1,1,1,1,1,1
SF,IC2001,2019-12-06 09:35:02.100,4920.0000,10307,0,170319680.000,0,-,-,-,-,4918.8000,4918.6000,4918.0000,4917.4000,4917.0000,4920.2000,4920.4000,4920.6000,4920.8000,4921.2000,1,1,1,1,1,2,1,1,1,2
SF,IC2001,2019-12-06 09:35:02.600,4920.0000,10307,0,170319680.000,0,-,-,-,-,4918.6000,4918.0000,4917.4000,4917.0000,4916.4000,4920.2000,4920.4000,4920.6000,4920.8000,4921.2000,1,1,1,1,1,2,1,1,1,2
SF,IC2001,2019-12-06 09:35:03.100,4920.0000,10307,0,170319680.000,0,-,-,-,-,4918.6000,4918.0000,4917.4000,4917.0000,4916.4000,4920.0000,4920.2000,4920.4000,4920.6000,4920.8000,1,1,1,1,1,1,2,1,1,1
SF,IC2001,2019-12-06 09:35:03.600,4920.0000,10307,0,170319680.000,0,-,-,-,-,4918.6000,4918.0000,4917.4000,4917.0000,4916.4000,4919.6000,4919.8000,4920.0000,4920.4000,4920.6000,1,1,1,1,1,1,2,2,1,1
SF,IC2001,2019-12-06 09:35:04.100,4920.0000,10307,0,170319680.000,0,-,-,-,-,4918.6000,4918.0000,4917.4000,4917.0000,4916.4000,4919.4000,4919.6000,4920.0000,4920.4000,4920.6000,1,1,1,1,1,2,1,2,1,1
SF,IC2001,2019-12-06 09:35:04.600,4918.6000,10306,-1,171303400.000,1,0,1,双平,S,4918.0000,4917.4000,4917.0000,4916.4000,4916.2000,4919.2000,4919.4000,4920.0000,4920.4000,4920.6000,1,1,1,1,10,1,2,2,1,1
SF,IC2001,2019-12-06 09:35:05.100,4918.6000,10306,0,171303400.000,0,-,-,-,-,4918.0000,4917.0000,4916.4000,4916.2000,4916.0000,4918.6000,4919.0000,4920.0000,4920.4000,4920.6000,1,1,1,11,1,1,3,3,1,1
SF,IC2001,2019-12-06 09:35:05.600,4918.6000,10306,0,171303400.000,0,-,-,-,-,4918.0000,4917.0000,4916.4000,4916.2000,4916.0000,4918.4000,4918.6000,4919.0000,4920.0000,4920.4000,1,1,1,11,1,2,1,1,3,1
SF,IC2001,2019-12-06 09:35:06.100,4918.0000,10306,0,172287000.000,1,0,1,多换,S,4917.0000,4916.4000,4916.2000,4916.0000,4912.6000,4918.4000,4918.6000,4919.0000,4920.0000,4920.6000,1,1,11,1,2,2,1,1,3,1
SF,IC2001,2019-12-06 09:35:06.600,4918.0000,10306,0,172287000.000,0,-,-,-,-,4917.0000,4916.4000,4916.2000,4916.0000,4912.6000,4918.4000,4918.6000,4919.0000,4920.0000,4920.6000,1,1,11,1,2,2,1,1,1,1
SF,IC2001,2019-12-06 09:35:07.100,4918.4000,10306,0,174254360.000,2,1,1,多换,S,4918.4000,4917.0000,4916.4000,4916.2000,4916.0000,4919.0000,4920.0000,4920.6000,4920.8000,4921.2000,3,1,1,11,1,1,1,1,1,2
SF,IC2001,2019-12-06 09:35:07.600,4918.8000,10308,2,182123880.000,8,5,3,空开,S,4917.0000,4916.4000,4916.2000,4916.0000,4912.6000,4918.8000,4920.0000,4920.6000,4920.8000,4921.2000,1,1,11,1,2,1,1,1,1,2
SF,IC2001,2019-12-06 09:35:08.100,4918.8000,10309,1,184091400.000,2,1,1,空开,S,4918.8000,4917.2000,4917.0000,4916.4000,4916.2000,4920.0000,4920.6000,4920.8000,4921.2000,4921.6000,1,2,1,1,11,1,1,1,2,1
SF,IC2001,2019-12-06 09:35:08.600,4917.2000,10309,0,186058600.000,2,1,1,多换,S,4917.2000,4917.0000,4916.4000,4916.2000,4916.0000,4918.8000,4919.6000,4919.8000,4920.0000,4920.6000,1,1,1,11,1,1,4,4,1,1
SF,IC2001,2019-12-06 09:35:09.100,4918.8000,10308,-1,187042360.000,1,0,1,双平,S,4918.8000,4917.2000,4917.0000,4916.4000,4916.2000,4919.6000,4919.8000,4920.0000,4920.6000,4920.8000,1,1,1,1,11,2,1,1,1,1
SF,IC2001,2019-12-06 09:35:09.600,4918.8000,10308,0,188026120.000,1,0,1,多换,S,4919.0000,4917.0000,4916.4000,4916.2000,4916.0000,4920.6000,4920.8000,4921.2000,4922.6000,4923.6000,1,1,1,11,1,1,1,2,1,1
SF,IC2001,2019-12-06 09:35:10.100,4918.8000,10308,0,188026120.000,0,-,-,-,-,4917.0000,4916.4000,4916.2000,4916.0000,4912.6000,4920.2000,4920.4000,4920.6000,4920.8000,4921.2000,1,1,11,1,2,1,2,1,1,2
SF,IC2001,2019-12-06 09:35:10.600,4918.8000,10308,0,188026120.000,0,-,-,-,-,4918.0000,4917.8000,4917.4000,4917.2000,4917.0000,4920.6000,4920.8000,4921.2000,4922.6000,4923.6000,1,3,3,2,1,1,1,2,1,1
SF,IC2001,2019-12-06 09:35:11.100,4918.8000,10308,0,188026120.000,0,-,-,-,-,4919.2000,4918.8000,4918.4000,4918.2000,4918.0000,4920.8000,4922.6000,4923.6000,4923.8000,4924.4000,1,1,1,2,1,1,1,1,1,1
SF,IC2001,2019-12-06 09:35:11.600,4918.8000,10308,0,188026120.000,0,-,-,-,-,4918.8000,4918.4000,4918.2000,4918.0000,4917.8000,4920.4000,4920.6000,4920.8000,4922.6000,4923.6000,1,1,2,1,2,1,2,1,1,1
SF,IC2001,2019-12-06 09:35:12.100,4918.8000,10308,0,188026120.000,0,-,-,-,-,4919.0000,4918.8000,4918.4000,4918.0000,4917.8000,4920.4000,4920.8000,4922.6000,4923.6000,4923.8000,2,1,1,1,2,1,1,1,1,1
SF,IC2001,2019-12-06 09:35:13.100,4918.8000,10308,0,188026120.000,0,-,-,-,-,4919.0000,4918.0000,4917.8000,4917.4000,4917.2000,4920.4000,4920.8000,4922.6000,4923.6000,4923.8000,2,1,2,4,1,1,1,1,1,1
SF,IC2001,2019-12-06 09:35:13.600,4920.4000,10305,-3,190978280.000,3,0,3,双平,S,4920.4000,4918.0000,4917.8000,4917.4000,4917.2000,4920.8000,4922.6000,4923.6000,4923.8000,4924.4000,2,1,2,4,1,1,1,1,1,1
SF,IC2001,2019-12-06 09:35:14.100,4920.4000,10303,-2,192946440.000,2,0,2,双平,S,4918.0000,4917.8000,4917.4000,4917.2000,4917.0000,4919.8000,4920.0000,4920.4000,4920.8000,4921.4000,1,2,4,1,1,1,1,1,1,1
SF,IC2001,2019-12-06 09:35:14.600,4920.4000,10305,2,195898680.000,3,2,1,空开,S,4920.4000,4918.2000,4918.0000,4917.8000,4917.4000,4920.8000,4921.4000,4922.6000,4923.6000,4923.8000,2,2,1,2,4,1,1,1,1,1
SF,IC2001,2019-12-06 09:35:15.100,4920.4000,10305,0,197866840.000,2,1,1,多换,S,4918.2000,4918.0000,4917.8000,4917.4000,4917.2000,4920.4000,4920.6000,4920.8000,4921.4000,4922.6000,2,1,1,3,1,2,2,1,1,1
SF,IC2001,2019-12-06 09:35:15.600,4918.4000,10305,0,198850520.000,1,0,1,多换,S,4918.2000,4918.0000,4917.8000,4917.4000,4917.2000,4920.2000,4920.4000,4920.8000,4921.4000,4922.6000,2,1,1,3,1,1,3,2,1,1
