市场代码,合约代码,时间,最新,持仓,增仓,成交额,成交量,开仓,平仓,成交类型,方向,买一价,买二价,买三价,买四价,买五价,卖一价,卖二价,卖三价,卖四价,卖五价,买一量,买二量,买三量,买四量,买五量,卖一量,卖二量,卖三量,卖四量,卖五量
SF,IC2006,2019-12-05 09:29:00.000,4726.6000,20926,0,5671920.000,6.000,-,-,-,-,4718.6000,4717.0000,4713.2000,4712.4000,4710.2000,4729.8000,4730.0000,4736.0000,4737.0000,4738.0000,5,4,1,4,1,1,1,5,1,5
SF,IC2006,2019-12-05 09:30:00.500,4726.6000,20926,0,5671920.000,0,-,-,-,-,4726.8000,4726.4000,4724.2000,4722.0000,4721.8000,4730.0000,4735.6000,4736.0000,4737.0000,4738.0000,1,1,1,1,5,1,1,5,1,5
SF,IC2006,2019-12-05 09:30:01.000,4730.0000,20925,-1,6617920.000,1,0,1,双平,S,4727.2000,4726.8000,4726.4000,4725.0000,4724.2000,4729.0000,4735.6000,4736.0000,4737.0000,4738.0000,1,1,1,1,1,1,1,5,1,5
SF,IC2006,2019-12-05 09:30:01.500,4730.0000,20925,0,9455160.000,3,1,2,多换,S,4726.8000,4726.4000,4725.0000,4724.2000,4723.2000,4729.0000,4730.0000,4735.6000,4736.0000,4736.6000,1,1,1,1,5,1,1,1,5,6
SF,IC2006,2019-12-05 09:30:02.000,4726.6000,20925,0,11345880.000,2,1,1,多换,S,4725.0000,4724.2000,4723.2000,4722.0000,4721.8000,4729.0000,4730.0000,4734.2000,4735.6000,4736.0000,1,1,5,1,5,1,1,1,1,5
SF,IC2006,2019-12-05 09:30:02.500,4726.6000,20925,0,11345880.000,0,-,-,-,-,4725.2000,4725.0000,4724.2000,4722.0000,4721.8000,4728.0000,4729.0000,4730.0000,4733.2000,4734.2000,2,1,1,1,5,1,1,1,1,1
SF,IC2006,2019-12-05 09:30:03.000,4726.6000,20925,0,11345880.000,0,-,-,-,-,4725.2000,4725.0000,4724.2000,4722.0000,4721.8000,4727.8000,4728.0000,4729.0000,4730.0000,4733.2000,2,1,1,1,5,1,1,1,1,1
SF,IC2006,2019-12-05 09:30:04.000,4726.6000,20925,0,11345880.000,0,-,-,-,-,4726.0000,4725.2000,4725.0000,4724.2000,4722.0000,4727.8000,4728.0000,4729.0000,4730.0000,4733.2000,5,2,1,1,1,1,1,1,1,1
SF,IC2006,2019-12-05 09:30:04.500,4728.0000,20926,1,15127240.000,4,2,2,空开,S,4726.0000,4725.2000,4725.0000,4724.2000,4722.0000,4729.0000,4730.0000,4733.2000,4735.6000,4736.0000,4,1,1,1,1,1,1,1,1,5
SF,IC2006,2019-12-05 09:30:05.000,4728.0000,20926,0,15127240.000,0,-,-,-,-,4728.0000,4726.2000,4726.0000,4725.2000,4725.0000,4729.0000,4730.0000,4733.2000,4735.6000,4736.0000,1,1,4,1,1,2,1,1,1,5
SF,IC2006,2019-12-05 09:30:05.500,4728.0000,20927,1,17018440.000,2,1,1,空开,S,4726.2000,4726.0000,4725.2000,4725.0000,4724.2000,4729.0000,4730.0000,4733.2000,4735.6000,4736.0000,1,4,1,1,1,2,1,1,1,5
SF,IC2006,2019-12-05 09:30:06.000,4728.0000,20927,0,17018440.000,0,-,-,-,-,4726.6000,4726.2000,4726.0000,4725.2000,4725.0000,4728.0000,4729.0000,4730.0000,4733.2000,4735.6000,1,1,4,1,1,1,2,1,1,1
SF,IC2006,2019-12-05 09:30:06.500,4728.0000,20927,0,17964040.000,1,0,1,多换,S,4726.8000,4726.6000,4726.0000,4725.2000,4725.0000,4729.0000,4730.0000,4733.2000,4735.6000,4736.0000,1,1,4,1,1,2,1,1,1,5
SF,IC2006,2019-12-05 09:30:07.000,4729.0000,20927,0,18909840.000,1,0,1,多换,S,4726.8000,4726.6000,4726.0000,4725.2000,4725.0000,4729.0000,4730.0000,4733.2000,4735.6000,4736.0000,1,1,4,1,1,1,1,1,1,5
SF,IC2006,2019-12-05 09:30:07.500,4729.0000,20927,0,20801040.000,2,1,1,多换,S,4727.8000,4727.4000,4726.8000,4726.6000,4726.0000,4730.0000,4733.2000,4735.6000,4736.0000,4736.6000,1,1,2,1,4,1,1,1,5,6
SF,IC2006,2019-12-05 09:30:08.000,4730.0000,20928,1,21747040.000,1,1,0,双开,S,4728.0000,4727.8000,4727.4000,4726.8000,4726.6000,4733.2000,4735.6000,4736.0000,4736.6000,4737.0000,1,2,1,1,1,1,1,5,6,1
SF,IC2006,2019-12-05 09:30:08.500,4733.0000,20928,0,22693640.000,1,0,1,多换,S,4728.6000,4728.0000,4727.8000,4727.4000,4726.8000,4733.2000,4735.6000,4736.0000,4736.6000,4737.0000,1,1,2,1,1,1,1,5,6,1
SF,IC2006,2019-12-05 09:30:09.000,4733.0000,20928,0,24586840.000,2,1,1,多换,S,4728.8000,4728.6000,4727.8000,4727.4000,4727.0000,4732.2000,4733.0000,4733.2000,4735.6000,4736.0000,1,1,1,1,1,1,1,1,1,5
SF,IC2006,2019-12-05 09:30:09.500,4733.0000,20928,0,24586840.000,0,-,-,-,-,4728.8000,4727.8000,4727.0000,4726.8000,4726.0000,4732.0000,4732.2000,4733.0000,4733.2000,4735.6000,1,1,1,1,4,1,1,1,1,1
SF,IC2006,2019-12-05 09:30:10.000,4732.0000,20928,0,25533240.000,1,0,1,多换,S,4728.8000,4727.8000,4727.0000,4726.8000,4726.0000,4732.2000,4733.0000,4733.2000,4735.6000,4736.0000,1,1,1,1,4,1,1,1,1,5
SF,IC2006,2019-12-05 09:30:10.500,4732.2000,20929,1,27426080.000,2,1,1,空开,S,4732.2000,4728.8000,4727.8000,4727.0000,4726.8000,4733.0000,4733.2000,4735.6000,4736.0000,4736.6000,3,1,1,1,1,1,1,1,5,6
SF,IC2006,2019-12-05 09:30:11.000,4728.8000,20934,5,35939960.000,9,7,2,空开,S,4727.8000,4727.0000,4726.8000,4726.0000,4725.2000,4731.4000,4732.0000,4732.2000,4733.0000,4733.2000,1,1,1,4,1,1,1,1,1,1
SF,IC2006,2019-12-05 09:30:11.500,4728.0000,20934,0,40667960.000,5,2,3,多换,S,4728.0000,4727.8000,4727.0000,4726.8000,4726.0000,4730.4000,4731.4000,4732.0000,4733.0000,4733.2000,1,1,1,1,4,1,1,1,1,1
SF,IC2006,2019-12-05 09:30:12.000,4728.0000,20934,0,40667960.000,0,-,-,-,-,4728.2000,4728.0000,4727.8000,4726.8000,4726.0000,4730.4000,4731.4000,4733.0000,4733.2000,4733.6000,1,1,1,1,4,1,1,1,1,1
SF,IC2006,2019-12-05 09:30:12.500,4728.0000,20934,0,40667960.000,0,-,-,-,-,4728.4000,4728.2000,4727.8000,4726.8000,4726.0000,4730.4000,4731.4000,4732.6000,4733.0000,4733.2000,1,2,1,1,4,1,1,1,1,1
SF,IC2006,2019-12-05 09:30:13.000,4728.0000,20934,0,40667960.000,0,-,-,-,-,4728.4000,4728.2000,4727.8000,4727.2000,4726.8000,4730.4000,4731.4000,4732.6000,4733.0000,4733.2000,1,2,1,1,1,1,1,1,1,1
SF,IC2006,2019-12-05 09:30:13.500,4728.0000,20934,0,40667960.000,0,-,-,-,-,4730.0000,4728.4000,4728.2000,4727.8000,4727.2000,4730.4000,4731.4000,4732.6000,4733.0000,4733.2000,1,1,2,1,1,1,1,1,1,1
SF,IC2006,2019-12-05 09:30:14.000,4728.2000,20931,-3,44451080.000,4,0,4,多平,S,4728.8000,4727.8000,4727.2000,4726.8000,4726.0000,4730.4000,4731.4000,4732.6000,4733.0000,4733.2000,1,1,1,1,4,1,1,1,1,1
SF,IC2006,2019-12-05 09:30:14.500,4730.4000,20931,0,45397160.000,1,0,1,多换,S,4729.0000,4728.8000,4727.8000,4727.2000,4726.8000,4731.4000,4732.0000,4732.6000,4733.0000,4733.2000,1,1,1,1,1,1,1,1,1,1
SF,IC2006,2019-12-05 09:30:15.000,4730.4000,20931,0,45397160.000,0,-,-,-,-,4729.0000,4728.8000,4727.8000,4727.2000,4726.8000,4731.4000,4732.0000,4732.6000,4733.0000,4733.2000,1,1,2,1,1,1,1,1,1,1
SF,IC2006,2019-12-05 09:30:15.500,4730.4000,20932,1,46343240.000,1,1,0,双开,S,4729.4000,4729.2000,4729.0000,4728.4000,4727.8000,4731.2000,4731.4000,4732.0000,4732.6000,4733.0000,1,1,1,1,2,1,1,1,1,1
SF,IC2006,2019-12-05 09:30:16.000,4730.4000,20932,0,46343240.000,0,-,-,-,-,4730.4000,4729.6000,4729.4000,4728.4000,4727.8000,4731.2000,4731.4000,4732.0000,4732.6000,4733.0000,1,1,1,1,2,1,1,1,1,1
SF,IC2006,2019-12-05 09:30:16.500,4729.4000,20930,-2,49181120.000,3,0,3,多平,S,4728.4000,4728.2000,4727.8000,4727.2000,4726.8000,4729.0000,4730.0000,4730.4000,4731.4000,4732.0000,1,1,2,1,1,10,4,1,1,1
SF,IC2006,2019-12-05 09:30:17.000,4730.0000,20917,-13,62422520.000,14,0,14,多平,S,4729.0000,4728.4000,4728.2000,4727.8000,4727.2000,4730.0000,4732.0000,4732.6000,4733.0000,4733.2000,1,1,1,2,1,3,1,1,2,1
SF,IC2006,2019-12-05 09:30:17.500,4730.0000,20914,-3,66206360.000,4,0,4,多平,S,4729.2000,4729.0000,4728.8000,4728.2000,4727.8000,4732.0000,4732.6000,4733.0000,4733.2000,4736.0000,2,1,1,1,1,1,1,2,1,5
SF,IC2006,2019-12-05 09:30:18.000,4730.0000,20914,0,66206360.000,0,-,-,-,-,4729.6000,4729.4000,4729.2000,4729.0000,4728.2000,4731.8000,4732.0000,4732.6000,4733.0000,4733.2000,1,1,2,1,1,1,1,1,2,1
SF,IC2006,2019-12-05 09:30:18.500,4730.0000,20914,0,66206360.000,0,-,-,-,-,4729.8000,4729.4000,4729.0000,4728.4000,4728.2000,4730.8000,4731.8000,4732.0000,4732.6000,4733.0000,1,1,1,1,1,1,1,1,1,2
SF,IC2006,2019-12-05 09:30:19.000,4730.8000,20914,0,67152520.000,1,0,1,多换,S,4730.8000,4730.0000,4729.8000,4729.4000,4729.0000,4731.8000,4732.0000,4732.6000,4733.0000,4733.2000,1,1,2,1,1,1,1,1,2,1
SF,IC2006,2019-12-05 09:30:19.500,4730.8000,20913,-1,68098680.000,1,0,1,双平,S,4730.8000,4730.0000,4729.8000,4729.4000,4729.0000,4731.8000,4732.0000,4732.6000,4733.0000,4733.2000,1,1,2,1,1,1,1,1,2,1
SF,IC2006,2019-12-05 09:30:20.000,4729.8000,20910,-3,71882760.000,4,0,4,多平,S,4729.4000,4729.0000,4728.8000,4728.4000,4728.2000,4730.8000,4731.8000,4732.0000,4732.6000,4733.0000,1,1,1,1,1,2,1,1,1,2
SF,IC2006,2019-12-05 09:30:20.500,4731.8000,20909,-1,74721440.000,3,1,2,多平,S,4729.4000,4729.0000,4728.8000,4728.4000,4728.2000,4732.0000,4732.6000,4733.0000,4733.2000,4733.6000,1,1,1,1,1,1,1,2,1,1
SF,IC2006,2019-12-05 09:30:21.000,4731.8000,20909,0,74721440.000,0,-,-,-,-,4729.6000,4729.4000,4728.8000,4728.6000,4728.4000,4730.8000,4732.0000,4732.6000,4733.0000,4733.2000,1,1,1,2,1,2,1,1,2,1
SF,IC2006,2019-12-05 09:30:21.500,4731.8000,20909,0,74721440.000,0,-,-,-,-,4729.4000,4728.8000,4728.6000,4728.4000,4728.2000,4729.6000,4729.8000,4730.6000,4730.8000,4732.0000,2,1,2,1,1,1,1,1,2,1
SF,IC2006,2019-12-05 09:30:22.000,4729.4000,20906,-3,77559080.000,3,0,3,双平,S,4728.6000,4728.4000,4728.2000,4727.8000,4727.2000,4729.4000,4729.6000,4729.8000,4730.0000,4730.6000,2,1,1,1,1,2,1,1,5,1
SF,IC2006,2019-12-05 09:30:22.500,4729.8000,20907,1,81342720.000,4,2,2,空开,S,4728.6000,4728.4000,4728.2000,4727.8000,4727.2000,4730.0000,4730.6000,4730.8000,4732.0000,4732.6000,2,1,1,1,1,5,1,2,1,1
SF,IC2006,2019-12-05 09:30:23.000,4730.0000,20906,-1,82288720.000,1,0,1,双平,S,4729.2000,4728.6000,4728.2000,4727.8000,4727.6000,4730.0000,4730.6000,4730.8000,4732.0000,4732.6000,1,2,1,1,1,4,1,2,1,1
SF,IC2006,2019-12-05 09:30:23.500,4729.4000,20905,-1,84180440.000,2,0,2,多平,S,4728.6000,4728.2000,4727.8000,4727.2000,4726.8000,4729.4000,4730.0000,4730.6000,4730.8000,4732.0000,2,1,1,1,1,2,5,1,2,1
SF,IC2006,2019-12-05 09:30:24.000,4729.4000,20904,-1,85126320.000,1,0,1,双平,S,4728.6000,4728.2000,4727.8000,4727.2000,4725.2000,4729.2000,4729.4000,4730.0000,4730.6000,4730.8000,2,1,1,1,1,1,2,6,1,2
SF,IC2006,2019-12-05 09:30:24.500,4729.2000,20903,-1,86072160.000,1,0,1,双平,S,4728.8000,4728.6000,4728.2000,4727.8000,4727.2000,4729.4000,4730.0000,4730.6000,4730.8000,4732.0000,1,2,1,1,1,2,5,1,2,1
SF,IC2006,2019-12-05 09:30:25.500,4728.8000,20901,-2,87963800.000,2,0,2,双平,S,4728.6000,4728.2000,4727.8000,4727.2000,4725.2000,4729.4000,4730.0000,4730.6000,4730.8000,4732.0000,2,1,1,1,1,1,5,1,2,1
SF,IC2006,2019-12-05 09:30:26.000,4728.6000,20901,0,89855400.000,2,1,1,多换,S,4729.2000,4728.6000,4728.2000,4727.8000,4727.2000,4730.0000,4730.6000,4730.8000,4732.0000,4732.6000,1,1,1,1,1,5,1,2,1,1
SF,IC2006,2019-12-05 09:30:26.500,4729.2000,20900,-1,90801240.000,1,0,1,双平,S,4728.6000,4728.2000,4727.8000,4727.2000,4725.2000,4729.2000,4729.8000,4730.0000,4730.8000,4732.0000,1,1,1,1,1,1,1,6,2,1
SF,IC2006,2019-12-05 09:30:27.000,4728.6000,20901,1,91746960.000,1,1,0,双开,S,4728.2000,4727.8000,4727.2000,4725.2000,4725.0000,4729.2000,4729.8000,4730.0000,4730.8000,4732.0000,1,1,1,1,1,2,1,6,2,1
SF,IC2006,2019-12-05 09:30:27.500,4728.2000,20901,0,92692600.000,1,0,1,多换,S,4727.8000,4727.2000,4725.2000,4725.0000,4721.8000,4728.6000,4729.0000,4729.2000,4730.0000,4730.2000,1,1,1,1,5,1,1,2,6,1
SF,IC2006,2019-12-05 09:30:28.000,4727.8000,20902,1,93638160.000,1,1,0,双开,S,4725.2000,4725.0000,4721.8000,4720.8000,4720.2000,4728.6000,4729.0000,4729.2000,4730.0000,4730.2000,1,1,5,4,1,1,1,2,6,1
SF,IC2006,2019-12-05 09:30:28.500,4727.8000,20902,0,93638160.000,0,-,-,-,-,4725.4000,4725.2000,4725.0000,4721.8000,4720.8000,4728.6000,4729.2000,4730.0000,4730.2000,4730.8000,1,1,1,4,4,1,2,6,1,2
SF,IC2006,2019-12-05 09:30:29.000,4727.8000,20902,0,93638160.000,0,-,-,-,-,4726.6000,4726.2000,4725.4000,4725.2000,4725.0000,4727.6000,4728.4000,4728.6000,4729.2000,4730.0000,1,1,1,1,1,1,1,1,2,6
SF,IC2006,2019-12-05 09:30:29.500,4727.8000,20902,0,93638160.000,0,-,-,-,-,4725.4000,4725.2000,4725.0000,4721.8000,4720.8000,4727.6000,4728.4000,4728.6000,4729.2000,4730.0000,1,1,1,5,4,1,1,1,2,6
SF,IC2006,2019-12-05 09:30:30.000,4725.4000,20901,-1,95528320.000,2,0,2,多平,S,4725.2000,4725.0000,4721.8000,4720.8000,4720.2000,4727.6000,4728.4000,4728.6000,4729.2000,4730.0000,1,1,5,4,1,1,1,1,2,6
SF,IC2006,2019-12-05 09:30:30.500,4727.6000,20901,0,96473840.000,1,0,1,多换,S,4726.0000,4725.8000,4725.6000,4725.4000,4725.2000,4728.4000,4728.6000,4729.2000,4730.0000,4730.2000,1,1,1,1,2,1,1,2,6,1
SF,IC2006,2019-12-05 09:30:31.000,4727.6000,20901,0,96473840.000,0,-,-,-,-,4726.2000,4726.0000,4725.8000,4725.6000,4725.4000,4728.6000,4729.2000,4730.0000,4730.2000,4730.8000,1,1,4,2,1,1,2,5,1,2
SF,IC2006,2019-12-05 09:30:31.500,4728.6000,20900,-1,97419560.000,1,0,1,双平,S,4726.8000,4726.6000,4726.4000,4726.2000,4726.0000,4729.2000,4730.0000,4730.2000,4730.8000,4732.0000,1,1,3,1,1,2,5,1,2,1
SF,IC2006,2019-12-05 09:30:32.000,4729.2000,20900,0,99311120.000,2,1,1,多换,S,4727.2000,4727.0000,4726.8000,4726.6000,4726.4000,4729.2000,4730.0000,4730.2000,4730.8000,4732.0000,1,2,1,2,3,1,5,1,2,1
SF,IC2006,2019-12-05 09:30:32.500,4729.2000,20899,-1,100256960.000,1,0,1,双平,S,4729.2000,4728.8000,4728.0000,4727.6000,4727.4000,4730.0000,4730.2000,4730.8000,4732.0000,4732.6000,1,1,1,1,1,5,1,2,1,1
SF,IC2006,2019-12-05 09:30:33.000,4729.8000,20898,-1,101202920.000,1,0,1,双平,S,4728.0000,4727.8000,4727.6000,4727.4000,4727.2000,4729.2000,4730.0000,4730.2000,4730.8000,4732.0000,2,1,1,1,1,1,5,1,2,1
SF,IC2006,2019-12-05 09:30:33.500,4729.2000,20898,0,102148760.000,1,0,1,多换,S,4728.2000,4728.0000,4727.8000,4727.6000,4727.0000,4730.0000,4730.2000,4730.8000,4731.8000,4732.0000,1,2,1,2,2,5,1,2,1,1
SF,IC2006,2019-12-05 09:30:34.000,4729.2000,20898,0,102148760.000,0,-,-,-,-,4728.2000,4727.8000,4727.6000,4726.8000,4726.4000,4729.8000,4730.0000,4730.2000,4730.8000,4731.8000,1,1,2,1,1,1,5,1,2,1
SF,IC2006,2019-12-05 09:30:34.500,4728.8000,20896,-2,104986360.000,3,0,3,多平,S,4728.6000,4728.2000,4727.8000,4727.6000,4726.8000,4730.0000,4730.2000,4730.8000,4731.8000,4732.0000,1,1,1,2,1,4,1,2,1,1
SF,IC2006,2019-12-05 09:30:35.000,4728.8000,20895,-1,106877920.000,2,0,2,多平,S,4728.6000,4727.6000,4726.8000,4726.4000,4726.2000,4729.8000,4730.0000,4730.2000,4730.8000,4731.8000,1,2,1,1,1,3,4,1,2,1
SF,IC2006,2019-12-05 09:30:35.500,4729.8000,20895,0,107823880.000,1,0,1,多换,S,4727.6000,4726.8000,4726.4000,4726.2000,4726.0000,4729.8000,4730.0000,4730.2000,4730.8000,4731.8000,2,1,1,1,2,2,4,1,2,1
SF,IC2006,2019-12-05 09:30:36.000,4729.8000,20895,0,107823880.000,0,-,-,-,-,4727.8000,4727.6000,4726.8000,4726.4000,4726.2000,4729.8000,4730.0000,4730.2000,4730.8000,4731.8000,1,2,1,1,1,2,4,1,2,1
SF,IC2006,2019-12-05 09:30:36.500,4729.8000,20895,0,107823880.000,0,-,-,-,-,4728.4000,4728.2000,4728.0000,4727.8000,4727.6000,4728.8000,4729.6000,4729.8000,4730.0000,4730.2000,2,1,1,2,2,1,1,2,4,1
SF,IC2006,2019-12-05 09:30:37.000,4728.8000,20895,0,108769640.000,1,0,1,多换,S,4728.4000,4728.2000,4728.0000,4727.8000,4727.6000,4729.6000,4729.8000,4730.0000,4730.2000,4730.8000,1,1,2,2,2,1,2,4,1,2
SF,IC2006,2019-12-05 09:30:37.500,4728.8000,20894,-1,109715400.000,1,0,1,双平,S,4729.0000,4728.4000,4727.8000,4727.0000,4726.8000,4729.6000,4729.8000,4730.0000,4730.2000,4730.8000,1,1,1,1,1,1,2,4,1,2
SF,IC2006,2019-12-05 09:30:38.000,4729.0000,20894,0,110661200.000,1,0,1,多换,S,4727.6000,4727.0000,4726.8000,4726.4000,4726.2000,4729.6000,4729.8000,4730.0000,4730.2000,4730.6000,1,1,1,1,1,1,2,4,1,1
SF,IC2006,2019-12-05 09:30:38.500,4729.0000,20894,0,110661200.000,0,-,-,-,-,4727.8000,4727.6000,4727.0000,4726.8000,4726.4000,4728.4000,4729.8000,4730.0000,4730.2000,4730.6000,1,3,1,1,1,1,2,4,1,1
SF,IC2006,2019-12-05 09:30:39.000,4729.8000,20893,-1,113498800.000,3,1,2,多平,S,4728.6000,4728.4000,4727.8000,4727.6000,4727.0000,4730.0000,4730.2000,4730.6000,4730.8000,4731.8000,1,2,1,1,1,4,1,1,2,1
SF,IC2006,2019-12-05 09:30:39.500,4729.8000,20893,0,113498800.000,0,-,-,-,-,4728.6000,4728.4000,4727.8000,4727.0000,4726.8000,4729.0000,4730.0000,4730.2000,4730.6000,4730.8000,1,1,1,1,1,1,4,1,1,2
SF,IC2006,2019-12-05 09:30:40.000,4729.8000,20893,0,113498800.000,0,-,-,-,-,4728.6000,4728.4000,4727.8000,4727.2000,4727.0000,4729.0000,4730.0000,4730.2000,4730.6000,4730.8000,1,1,1,1,1,1,5,1,1,2
SF,IC2006,2019-12-05 09:30:40.500,4729.0000,20892,-1,115390440.000,2,0,2,多平,S,4728.6000,4727.2000,4727.0000,4726.8000,4726.4000,4730.0000,4730.2000,4730.6000,4730.8000,4731.8000,1,1,1,1,2,5,1,1,2,1
SF,IC2006,2019-12-05 09:30:41.000,4729.0000,20892,0,115390440.000,0,-,-,-,-,4729.2000,4727.2000,4727.0000,4726.8000,4726.4000,4729.8000,4730.0000,4730.2000,4730.6000,4730.8000,1,1,1,1,2,1,5,1,1,2
SF,IC2006,2019-12-05 09:30:41.500,4729.2000,20891,-1,116336280.000,1,0,1,双平,S,4727.2000,4727.0000,4726.8000,4726.4000,4726.2000,4729.2000,4729.8000,4730.0000,4730.2000,4730.6000,1,1,1,2,3,1,1,5,1,1
SF,IC2006,2019-12-05 09:30:42.000,4729.2000,20891,0,116336280.000,0,-,-,-,-,4727.4000,4727.2000,4727.0000,4726.8000,4726.4000,4728.2000,4729.8000,4730.0000,4730.2000,4730.6000,1,1,1,1,2,1,1,5,1,1
SF,IC2006,2019-12-05 09:30:42.500,4728.2000,20891,0,117281920.000,1,0,1,多换,S,4728.2000,4727.4000,4727.2000,4727.0000,4726.8000,4729.8000,4730.0000,4730.2000,4730.6000,4730.8000,2,1,1,1,1,1,5,1,1,2
SF,IC2006,2019-12-05 09:30:43.000,4728.2000,20891,0,117281920.000,0,-,-,-,-,4728.2000,4728.0000,4727.6000,4727.4000,4727.2000,4729.8000,4730.0000,4730.2000,4730.6000,4730.8000,3,1,1,1,1,1,5,1,1,2
SF,IC2006,2019-12-05 09:30:43.500,4728.8000,20891,0,118227680.000,1,0,1,多换,S,4728.4000,4728.2000,4728.0000,4727.6000,4727.2000,4729.8000,4730.0000,4730.2000,4730.6000,4730.8000,1,3,1,1,1,1,5,1,1,2
SF,IC2006,2019-12-05 09:30:44.000,4728.8000,20891,0,118227680.000,0,-,-,-,-,4728.4000,4728.2000,4728.0000,4727.2000,4727.0000,4729.8000,4730.0000,4730.2000,4730.6000,4730.8000,1,2,1,1,1,1,5,1,1,2
SF,IC2006,2019-12-05 09:30:44.500,4728.8000,20891,0,118227680.000,0,-,-,-,-,4728.4000,4728.2000,4728.0000,4727.2000,4727.0000,4728.8000,4729.8000,4730.0000,4730.2000,4730.6000,1,2,1,1,1,1,1,5,1,1
SF,IC2006,2019-12-05 09:30:45.000,4728.8000,20891,0,119173440.000,1,0,1,多换,S,4728.8000,4728.0000,4727.2000,4727.0000,4726.8000,4729.8000,4730.0000,4730.2000,4730.6000,4730.8000,1,1,1,1,1,1,5,1,1,2
SF,IC2006,2019-12-05 09:30:45.500,4729.8000,20889,-2,121065160.000,2,0,2,双平,S,4728.0000,4727.2000,4727.0000,4726.8000,4726.4000,4730.0000,4730.2000,4730.6000,4730.8000,4731.8000,1,1,2,1,1,5,1,1,2,1
SF,IC2006,2019-12-05 09:30:46.000,4729.8000,20889,0,121065160.000,0,-,-,-,-,4728.8000,4728.2000,4728.0000,4727.2000,4727.0000,4730.0000,4730.2000,4730.8000,4731.8000,4732.0000,1,2,1,1,2,6,1,2,1,1
SF,IC2006,2019-12-05 09:30:46.500,4728.8000,20888,-1,122010920.000,1,0,1,双平,S,4728.4000,4728.2000,4728.0000,4727.2000,4727.0000,4729.0000,4729.6000,4730.0000,4730.2000,4730.8000,2,1,1,1,1,1,1,6,1,2
SF,IC2006,2019-12-05 09:30:47.000,4729.6000,20888,0,123902640.000,2,1,1,多换,S,4729.2000,4729.0000,4728.4000,4728.2000,4728.0000,4730.0000,4730.2000,4730.8000,4731.8000,4732.0000,1,2,2,2,1,6,1,2,1,1
SF,IC2006,2019-12-05 09:30:47.500,4729.0000,20887,-1,125794280.000,2,0,2,多平,S,4728.6000,4728.4000,4728.0000,4727.2000,4727.0000,4729.8000,4730.0000,4730.2000,4730.8000,4731.8000,1,1,1,1,1,1,6,1,2,1
SF,IC2006,2019-12-05 09:30:48.000,4728.8000,20888,1,126740040.000,1,1,0,双开,S,4728.6000,4728.0000,4727.0000,4726.8000,4726.4000,4729.0000,4729.8000,4730.0000,4730.2000,4730.8000,1,1,1,1,1,1,1,6,1,2
SF,IC2006,2019-12-05 09:30:48.500,4728.6000,20887,-1,127685760.000,1,0,1,双平,S,4728.0000,4727.0000,4726.8000,4726.6000,4726.4000,4728.4000,4728.6000,4729.0000,4729.8000,4730.0000,1,1,1,2,1,1,1,1,1,6
SF,IC2006,2019-12-05 09:30:49.000,4728.6000,20887,0,127685760.000,0,-,-,-,-,4728.0000,4727.0000,4726.8000,4726.6000,4726.4000,4728.4000,4728.6000,4729.0000,4729.8000,4730.0000,1,1,1,2,1,1,1,1,1,6
SF,IC2006,2019-12-05 09:30:49.500,4728.4000,20887,0,128631440.000,1,0,1,多换,S,4728.6000,4728.4000,4728.2000,4728.0000,4727.0000,4729.0000,4730.0000,4730.2000,4730.8000,4731.8000,2,1,1,1,1,1,7,1,2,1
SF,IC2006,2019-12-05 09:30:50.000,4728.4000,20887,0,128631440.000,0,-,-,-,-,4728.6000,4728.0000,4727.0000,4726.8000,4726.6000,4729.0000,4730.0000,4730.2000,4730.8000,4731.8000,1,1,1,2,2,1,7,1,2,1
SF,IC2006,2019-12-05 09:30:50.500,4729.0000,20886,-1,129577240.000,1,0,1,双平,S,4728.8000,4728.0000,4727.0000,4726.8000,4726.6000,4730.0000,4730.2000,4730.8000,4731.8000,4732.0000,1,1,1,3,2,7,1,2,1,1
SF,IC2006,2019-12-05 09:30:51.000,4728.8000,20885,-1,130523000.000,1,0,1,双平,S,4728.0000,4727.0000,4726.8000,4726.6000,4726.4000,4728.6000,4729.0000,4729.8000,4730.0000,4730.2000,1,1,3,2,1,1,1,1,7,1
SF,IC2006,2019-12-05 09:30:51.500,4728.6000,20885,0,131468720.000,1,0,1,多换,S,4728.0000,4727.0000,4726.8000,4726.6000,4726.4000,4729.0000,4729.8000,4730.0000,4730.2000,4730.8000,1,1,3,2,1,1,2,7,1,2
SF,IC2006,2019-12-05 09:30:52.000,4728.6000,20885,0,131468720.000,0,-,-,-,-,4728.0000,4727.0000,4726.8000,4726.6000,4726.4000,4728.6000,4729.0000,4729.8000,4730.0000,4730.2000,1,1,3,2,1,2,1,1,7,1
SF,IC2006,2019-12-05 09:30:52.500,4728.6000,20884,-1,132414440.000,1,0,1,双平,S,4728.0000,4727.0000,4726.8000,4726.6000,4726.4000,4728.6000,4729.0000,4729.8000,4730.0000,4730.2000,2,1,2,2,1,1,1,1,7,1
SF,IC2006,2019-12-05 09:30:53.000,4728.0000,20883,-1,134305640.000,2,0,2,多平,S,4727.0000,4726.8000,4726.4000,4726.2000,4726.0000,4728.0000,4728.4000,4728.6000,4729.0000,4730.0000,1,1,1,1,1,3,1,1,1,7
SF,IC2006,2019-12-05 09:30:53.500,4728.0000,20883,0,134305640.000,0,-,-,-,-,4727.0000,4726.8000,4726.4000,4726.2000,4726.0000,4728.0000,4728.4000,4728.6000,4730.0000,4730.2000,1,1,1,1,1,2,1,1,7,1
SF,IC2006,2019-12-05 09:30:54.000,4727.0000,20883,0,135251040.000,1,0,1,多换,S,4726.8000,4726.4000,4726.2000,4725.6000,4725.2000,4727.0000,4728.0000,4728.4000,4728.6000,4730.0000,1,1,1,2,1,2,2,1,1,7
SF,IC2006,2019-12-05 09:30:54.500,4728.0000,20880,-3,138087440.000,3,0,3,双平,S,4727.0000,4726.8000,4726.4000,4726.2000,4725.6000,4728.0000,4728.4000,4728.6000,4730.0000,4730.2000,1,1,1,1,2,1,1,1,7,1
SF,IC2006,2019-12-05 09:30:55.000,4727.0000,20880,0,139978240.000,2,1,1,多换,S,4727.2000,4727.0000,4726.8000,4726.4000,4725.6000,4728.0000,4728.4000,4728.6000,4730.0000,4730.2000,1,1,1,1,1,1,1,1,7,1
SF,IC2006,2019-12-05 09:30:55.500,4728.0000,20879,-1,140923840.000,1,0,1,双平,S,4727.4000,4727.2000,4727.0000,4726.8000,4726.4000,4728.6000,4730.0000,4730.2000,4730.8000,4731.8000,3,1,1,1,1,1,7,1,2,1
SF,IC2006,2019-12-05 09:30:56.000,4727.4000,20879,0,142814840.000,2,1,1,多换,S,4727.4000,4727.2000,4727.0000,4726.8000,4726.4000,4728.6000,4730.0000,4730.2000,4730.8000,4731.8000,2,1,1,1,2,1,7,1,2,1
SF,IC2006,2019-12-05 09:30:56.500,4727.4000,20879,0,142814840.000,0,-,-,-,-,4727.6000,4727.4000,4727.0000,4726.8000,4726.4000,4728.6000,4730.0000,4730.2000,4730.8000,4731.8000,1,2,1,1,2,1,7,1,2,1
SF,IC2006,2019-12-05 09:30:57.000,4727.4000,20879,0,142814840.000,0,-,-,-,-,4727.6000,4727.4000,4727.0000,4726.8000,4726.4000,4728.6000,4730.0000,4730.2000,4730.8000,4731.8000,1,1,1,1,2,1,7,1,2,1
SF,IC2006,2019-12-05 09:30:57.500,4727.6000,20879,0,143760360.000,1,0,1,多换,S,4727.4000,4726.8000,4726.4000,4725.2000,4725.0000,4728.4000,4728.6000,4730.0000,4730.2000,4730.8000,1,1,2,2,1,1,1,7,1,2
SF,IC2006,2019-12-05 09:30:58.000,4727.6000,20879,0,143760360.000,0,-,-,-,-,4727.4000,4726.8000,4726.6000,4726.4000,4725.2000,4728.4000,4728.6000,4730.0000,4730.2000,4730.8000,1,1,2,2,2,1,1,7,1,2
SF,IC2006,2019-12-05 09:30:58.500,4727.4000,20879,0,144705840.000,1,0,1,多换,S,4727.6000,4726.8000,4726.4000,4725.2000,4725.0000,4728.4000,4728.6000,4730.0000,4730.2000,4730.8000,1,1,2,2,1,1,1,7,1,2
SF,IC2006,2019-12-05 09:30:59.000,4728.4000,20880,1,147542720.000,3,2,1,空开,S,4728.4000,4727.6000,4726.8000,4726.4000,4725.2000,4728.6000,4730.0000,4730.2000,4730.8000,4731.8000,2,1,1,2,2,1,7,1,2,1
SF,IC2006,2019-12-05 09:30:59.500,4727.6000,20879,-1,150379600.000,3,1,2,多平,S,4726.4000,4725.8000,4725.2000,4725.0000,4723.8000,4728.4000,4728.6000,4730.0000,4730.2000,4730.8000,1,2,2,1,1,1,2,7,1,2
SF,IC2006,2019-12-05 09:31:00.000,4727.6000,20879,0,150379600.000,0,-,-,-,-,4726.8000,4726.6000,4726.4000,4726.2000,4725.8000,4728.4000,4728.6000,4730.0000,4730.2000,4730.8000,1,2,2,1,2,1,1,7,1,2
SF,IC2006,2019-12-05 09:31:00.500,4728.4000,20880,1,151325280.000,1,1,0,双开,S,4728.4000,4727.0000,4726.8000,4726.4000,4726.2000,4728.6000,4730.0000,4730.2000,4730.8000,4731.8000,3,2,1,2,1,1,7,1,2,1
SF,IC2006,2019-12-05 09:31:01.000,4728.4000,20881,1,152270960.000,1,1,0,双开,S,4728.4000,4727.0000,4726.8000,4726.4000,4725.8000,4728.6000,4730.0000,4730.2000,4730.8000,4731.8000,2,2,2,2,2,1,7,1,2,1
SF,IC2006,2019-12-05 09:31:01.500,4728.6000,20880,-1,154162400.000,2,0,2,多平,S,4728.6000,4728.4000,4727.0000,4726.8000,4726.6000,4730.0000,4730.2000,4730.8000,4731.8000,4732.0000,2,2,2,2,1,7,1,2,1,1
SF,IC2006,2019-12-05 09:31:02.000,4728.6000,20880,0,154162400.000,0,-,-,-,-,4728.8000,4728.6000,4728.4000,4727.2000,4727.0000,4729.8000,4730.0000,4730.2000,4730.8000,4731.8000,1,2,2,1,2,1,8,1,2,1
SF,IC2006,2019-12-05 09:31:02.500,4728.6000,20880,0,154162400.000,0,-,-,-,-,4728.8000,4728.6000,4728.4000,4727.2000,4727.0000,4729.8000,4730.0000,4730.2000,4730.8000,4731.8000,1,2,2,1,2,1,7,1,2,1
SF,IC2006,2019-12-05 09:31:03.000,4728.8000,20880,0,155108160.000,1,0,1,多换,S,4728.6000,4728.4000,4727.2000,4727.0000,4726.8000,4728.8000,4729.8000,4730.0000,4730.2000,4730.8000,1,2,1,2,2,2,1,7,1,2
SF,IC2006,2019-12-05 09:31:03.500,4728.8000,20878,-2,156999680.000,2,0,2,双平,S,4728.6000,4728.4000,4727.8000,4727.2000,4727.0000,4729.8000,4730.0000,4730.2000,4730.8000,4731.8000,1,2,1,1,1,1,7,1,2,1
SF,IC2006,2019-12-05 09:31:04.000,4728.8000,20878,0,156999680.000,0,-,-,-,-,4728.4000,4727.8000,4727.2000,4727.0000,4726.8000,4729.8000,4730.0000,4730.2000,4730.8000,4731.8000,2,1,1,1,1,1,7,1,2,1
SF,IC2006,2019-12-05 09:31:04.500,4728.8000,20878,0,156999680.000,0,-,-,-,-,4728.4000,4727.2000,4727.0000,4726.8000,4726.4000,4729.8000,4730.0000,4730.2000,4730.8000,4731.8000,2,1,1,1,1,1,7,1,2,1
SF,IC2006,2019-12-05 09:31:05.000,4728.4000,20878,0,158891040.000,2,1,1,多换,S,4727.2000,4726.8000,4726.4000,4725.8000,4725.2000,4728.4000,4728.8000,4729.8000,4730.0000,4730.2000,1,1,1,2,1,2,1,1,7,1
SF,IC2006,2019-12-05 09:31:05.500,4728.4000,20879,1,160782400.000,2,1,1,空开,S,4727.4000,4727.2000,4726.8000,4726.4000,4725.8000,4728.0000,4728.8000,4729.8000,4730.0000,4730.2000,1,1,1,1,2,1,1,1,7,1
SF,IC2006,2019-12-05 09:31:06.000,4728.0000,20879,0,161728000.000,1,0,1,多换,S,4727.4000,4726.8000,4726.4000,4725.8000,4725.2000,4729.8000,4730.0000,4730.2000,4731.8000,4732.0000,2,1,1,2,1,1,4,1,1,1
SF,IC2006,2019-12-05 09:31:06.500,4728.0000,20879,0,161728000.000,0,-,-,-,-,4727.6000,4727.4000,4726.8000,4726.4000,4725.2000,4728.8000,4729.8000,4730.0000,4730.2000,4731.8000,2,2,1,1,1,1,2,4,1,1
SF,IC2006,2019-12-05 09:31:07.000,4728.0000,20879,0,161728000.000,0,-,-,-,-,4727.6000,4727.4000,4726.8000,4726.4000,4725.2000,4728.8000,4729.8000,4730.0000,4730.2000,4731.8000,1,2,1,2,1,1,2,4,1,1
SF,IC2006,2019-12-05 09:31:07.500,4728.0000,20879,0,161728000.000,0,-,-,-,-,4727.4000,4726.8000,4726.4000,4726.2000,4725.6000,4728.6000,4728.8000,4729.8000,4730.0000,4730.2000,2,1,2,1,1,1,1,1,4,1
SF,IC2006,2019-12-05 09:31:08.000,4728.0000,20879,0,161728000.000,0,-,-,-,-,4727.4000,4726.8000,4726.4000,4726.2000,4725.6000,4728.6000,4728.8000,4729.8000,4730.0000,4730.2000,2,1,2,1,1,1,1,1,4,1
SF,IC2006,2019-12-05 09:31:08.500,4728.0000,20879,0,161728000.000,0,-,-,-,-,4727.4000,4726.8000,4726.4000,4726.2000,4725.8000,4727.6000,4728.6000,4728.8000,4729.8000,4730.0000,1,1,2,1,2,3,1,1,1,4
SF,IC2006,2019-12-05 09:31:09.000,4727.6000,20876,-3,164564640.000,3,0,3,双平,S,4727.6000,4727.4000,4726.8000,4726.4000,4726.2000,4728.6000,4729.8000,4730.0000,4730.2000,4731.8000,1,1,1,2,1,1,1,4,1,1
SF,IC2006,2019-12-05 09:31:09.500,4727.6000,20877,1,165510160.000,1,1,0,双开,S,4727.4000,4726.8000,4726.4000,4726.2000,4725.8000,4728.6000,4729.8000,4730.0000,4730.2000,4731.8000,1,1,2,1,2,1,1,4,1,1
SF,IC2006,2019-12-05 09:31:10.000,4727.6000,20877,0,165510160.000,0,-,-,-,-,4727.4000,4726.4000,4726.2000,4725.8000,4725.6000,4728.6000,4729.8000,4730.0000,4730.2000,4731.8000,1,1,1,2,1,1,1,4,1,1
SF,IC2006,2019-12-05 09:31:10.500,4727.6000,20877,0,166455680.000,1,0,1,多换,S,4727.4000,4726.4000,4726.2000,4725.8000,4725.6000,4728.6000,4729.8000,4730.0000,4730.2000,4731.8000,1,1,1,2,1,1,1,4,1,1
SF,IC2006,2019-12-05 09:31:11.500,4728.6000,20876,-1,167401400.000,1,0,1,双平,S,4727.6000,4727.4000,4726.4000,4726.2000,4725.8000,4730.0000,4730.2000,4731.8000,4732.0000,4733.0000,1,1,1,1,2,4,1,1,1,1
SF,IC2006,2019-12-05 09:31:12.000,4728.6000,20876,0,167401400.000,0,-,-,-,-,4728.6000,4727.8000,4727.6000,4727.4000,4726.4000,4729.0000,4729.6000,4730.0000,4730.2000,4731.8000,1,2,3,1,1,1,2,4,1,1
SF,IC2006,2019-12-05 09:31:12.500,4729.0000,20876,0,168347200.000,1,0,1,多换,S,4729.0000,4728.6000,4727.8000,4727.6000,4727.4000,4729.6000,4730.0000,4730.2000,4731.8000,4732.0000,2,1,2,3,1,2,4,1,1,1
SF,IC2006,2019-12-05 09:31:13.000,4729.6000,20875,-1,170239040.000,2,0,2,多平,S,4729.0000,4728.6000,4728.2000,4727.8000,4727.6000,4730.0000,4730.2000,4731.8000,4732.0000,4733.0000,1,1,2,2,1,4,1,1,1,1
SF,IC2006,2019-12-05 09:31:13.500,4730.0000,20873,-2,172131040.000,2,0,2,双平,S,4729.4000,4729.2000,4729.0000,4728.6000,4728.2000,4730.0000,4730.2000,4731.8000,4732.0000,4733.0000,1,2,1,1,2,2,1,1,1,1
SF,IC2006,2019-12-05 09:31:14.000,4729.2000,20871,-2,174968600.000,3,0,3,多平,S,4728.6000,4728.2000,4727.8000,4727.6000,4727.4000,4729.4000,4729.8000,4730.0000,4730.2000,4731.8000,1,2,2,1,2,1,1,3,1,1
SF,IC2006,2019-12-05 09:31:14.500,4729.2000,20871,0,174968600.000,0,-,-,-,-,4728.8000,4728.6000,4727.8000,4727.6000,4727.4000,4729.4000,4729.8000,4730.0000,4730.2000,4731.8000,1,1,1,1,4,1,1,2,1,1
SF,IC2006,2019-12-05 09:31:15.000,4729.2000,20871,0,174968600.000,0,-,-,-,-,4728.6000,4727.8000,4727.4000,4725.2000,4725.0000,4729.4000,4730.0000,4730.2000,4731.8000,4732.0000,1,1,3,1,1,1,2,1,1,1
SF,IC2006,2019-12-05 09:31:15.500,4729.2000,20871,0,174968600.000,0,-,-,-,-,4728.6000,4727.8000,4727.4000,4726.4000,4726.0000,4729.4000,4730.0000,4730.2000,4731.8000,4732.0000,1,1,1,2,1,1,2,1,1,1
SF,IC2006,2019-12-05 09:31:16.000,4729.2000,20871,0,174968600.000,0,-,-,-,-,4728.6000,4727.8000,4727.4000,4726.4000,4726.0000,4728.8000,4729.4000,4730.0000,4730.2000,4731.8000,3,1,1,2,1,2,1,1,1,1
SF,IC2006,2019-12-05 09:31:16.500,4728.8000,20871,0,177805880.000,3,1,2,多换,S,4728.8000,4728.6000,4727.8000,4727.4000,4726.8000,4729.4000,4730.0000,4730.2000,4731.8000,4732.0000,3,3,1,1,1,1,1,1,1,1
SF,IC2006,2019-12-05 09:31:17.000,4728.8000,20871,0,177805880.000,0,-,-,-,-,4729.2000,4728.8000,4728.6000,4727.8000,4727.4000,4729.4000,4730.0000,4730.2000,4731.8000,4732.0000,1,2,3,1,1,1,1,1,1,1
SF,IC2006,2019-12-05 09:31:17.500,4729.2000,20870,-1,179697560.000,2,0,2,多平,S,4728.8000,4728.6000,4727.8000,4727.4000,4726.8000,4729.2000,4729.4000,4730.0000,4730.2000,4731.8000,2,3,1,1,1,1,1,1,1,1
SF,IC2006,2019-12-05 09:31:18.000,4729.2000,20870,0,179697560.000,0,-,-,-,-,4728.8000,4728.6000,4727.8000,4727.4000,4726.8000,4729.4000,4730.0000,4730.2000,4731.8000,4732.0000,2,3,1,1,1,1,1,1,1,1
SF,IC2006,2019-12-05 09:31:18.500,4728.8000,20869,-1,180643320.000,1,0,1,双平,S,4728.8000,4728.6000,4727.8000,4727.4000,4726.8000,4729.4000,4730.0000,4730.2000,4731.8000,4732.0000,1,3,1,1,1,1,1,1,1,1
SF,IC2006,2019-12-05 09:31:19.000,4728.8000,20869,0,180643320.000,0,-,-,-,-,4728.8000,4728.6000,4727.8000,4727.4000,4726.8000,4729.4000,4730.0000,4730.2000,4731.8000,4732.0000,2,3,1,1,1,1,1,1,1,1
SF,IC2006,2019-12-05 09:31:20.500,4729.4000,20869,0,181589200.000,1,0,1,多换,S,4728.8000,4728.6000,4727.8000,4727.4000,4726.8000,4730.0000,4730.2000,4731.8000,4732.0000,4733.0000,2,3,1,1,1,1,1,1,1,1
SF,IC2006,2019-12-05 09:31:21.000,4729.4000,20869,0,181589200.000,0,-,-,-,-,4728.8000,4728.6000,4727.8000,4727.4000,4726.8000,4730.0000,4730.2000,4731.8000,4732.0000,4733.0000,2,3,1,1,1,1,1,1,1,1
SF,IC2006,2019-12-05 09:31:21.500,4729.0000,20869,0,182535000.000,1,0,1,多换,S,4729.0000,4728.8000,4728.6000,4727.4000,4726.8000,4730.0000,4730.2000,4731.8000,4732.0000,4733.0000,1,3,3,1,1,1,1,1,1,1
SF,IC2006,2019-12-05 09:31:22.000,4729.0000,20869,0,182535000.000,0,-,-,-,-,4729.0000,4728.8000,4728.6000,4727.4000,4726.8000,4730.0000,4730.2000,4731.8000,4732.0000,4733.0000,3,3,3,1,1,1,1,1,1,1
SF,IC2006,2019-12-05 09:31:22.500,4730.0000,20869,0,184426800.000,2,1,1,多换,S,4730.0000,4729.0000,4728.8000,4728.6000,4727.4000,4730.2000,4731.8000,4732.0000,4733.0000,4733.2000,4,2,3,3,1,1,1,1,1,1
SF,IC2006,2019-12-05 09:31:23.000,4730.0000,20869,0,188210800.000,4,2,2,多换,S,4729.0000,4728.8000,4728.6000,4727.4000,4726.8000,4730.0000,4730.2000,4731.8000,4732.0000,4733.0000,1,2,3,1,1,2,1,1,1,1
SF,IC2006,2019-12-05 09:31:23.500,4729.0000,20869,0,189156600.000,1,0,1,多换,S,4728.8000,4728.6000,4727.4000,4726.8000,4726.0000,4730.0000,4730.2000,4731.8000,4732.0000,4733.0000,2,3,1,1,1,1,1,1,1,1
SF,IC2006,2019-12-05 09:31:24.000,4729.0000,20869,0,189156600.000,0,-,-,-,-,4728.8000,4728.6000,4727.4000,4726.8000,4726.0000,4729.8000,4730.0000,4730.2000,4731.8000,4732.0000,2,3,1,1,1,1,1,1,1,1
SF,IC2006,2019-12-05 09:31:24.500,4728.8000,20869,0,190102360.000,1,0,1,多换,S,4728.8000,4728.6000,4727.4000,4726.8000,4726.0000,4729.8000,4730.0000,4730.2000,4731.8000,4732.0000,1,3,1,1,1,1,1,1,1,1
SF,IC2006,2019-12-05 09:31:25.000,4728.8000,20869,0,190102360.000,0,-,-,-,-,4728.8000,4728.6000,4727.8000,4727.4000,4726.8000,4729.8000,4730.0000,4730.2000,4731.8000,4732.0000,1,3,1,1,1,1,1,1,1,1
SF,IC2006,2019-12-05 09:31:25.500,4729.8000,20869,0,191994080.000,2,1,1,多换,S,4729.8000,4728.6000,4727.8000,4727.4000,4726.8000,4730.0000,4730.2000,4731.8000,4732.0000,4733.0000,1,3,1,1,1,1,1,1,1,1
SF,IC2006,2019-12-05 09:31:26.000,4729.8000,20869,0,192940040.000,1,0,1,多换,S,4728.6000,4727.8000,4727.4000,4726.8000,4726.0000,4729.6000,4729.8000,4730.0000,4730.2000,4731.8000,3,1,1,1,1,1,1,1,1,1
SF,IC2006,2019-12-05 09:31:26.500,4729.8000,20869,0,192940040.000,0,-,-,-,-,4728.8000,4728.6000,4727.8000,4727.4000,4726.8000,4729.8000,4730.0000,4730.2000,4731.8000,4732.0000,1,3,1,1,1,1,1,1,1,1
SF,IC2006,2019-12-05 09:31:27.000,4729.8000,20869,0,192940040.000,0,-,-,-,-,4729.0000,4728.6000,4727.8000,4727.4000,4726.8000,4730.0000,4730.2000,4731.8000,4732.0000,4733.0000,1,3,1,1,1,1,1,1,1,1
SF,IC2006,2019-12-05 09:31:27.500,4729.8000,20869,0,192940040.000,0,-,-,-,-,4728.6000,4727.8000,4727.4000,4726.8000,4726.0000,4729.8000,4730.0000,4730.2000,4731.8000,4732.0000,3,1,1,1,1,1,1,1,1,1
SF,IC2006,2019-12-05 09:31:28.000,4728.6000,20869,0,193885760.000,1,0,1,多换,S,4728.6000,4727.8000,4727.4000,4726.8000,4726.0000,4728.8000,4729.8000,4730.2000,4731.8000,4732.0000,2,1,1,1,1,1,1,1,1,1
SF,IC2006,2019-12-05 09:31:28.500,4728.8000,20869,0,196722960.000,3,1,2,多换,S,4727.8000,4727.4000,4726.8000,4726.0000,4725.2000,4729.8000,4730.2000,4731.8000,4732.0000,4733.0000,1,1,1,1,1,1,1,1,1,1
SF,IC2006,2019-12-05 09:31:29.000,4729.8000,20869,0,197668920.000,1,0,1,多换,S,4728.0000,4727.4000,4726.8000,4726.0000,4725.2000,4730.2000,4731.8000,4732.0000,4733.0000,4733.2000,2,1,1,1,1,1,1,1,1,1
SF,IC2006,2019-12-05 09:31:29.500,4729.8000,20869,0,197668920.000,0,-,-,-,-,4728.2000,4728.0000,4727.4000,4726.8000,4726.0000,4730.0000,4730.2000,4731.8000,4732.0000,4733.0000,1,2,1,2,1,2,1,1,1,1
SF,IC2006,2019-12-05 09:31:30.000,4730.0000,20869,0,199560920.000,2,1,1,多换,S,4728.4000,4728.0000,4727.4000,4726.8000,4726.0000,4730.0000,4730.2000,4731.8000,4732.0000,4733.0000,2,1,1,2,1,1,1,1,1,1
SF,IC2006,2019-12-05 09:31:30.500,4730.0000,20869,0,199560920.000,0,-,-,-,-,4728.6000,4728.4000,4728.0000,4727.4000,4726.8000,4730.0000,4730.2000,4731.8000,4732.0000,4733.0000,2,2,1,1,2,1,1,1,1,1
SF,IC2006,2019-12-05 09:31:31.000,4730.0000,20869,0,200506920.000,1,0,1,多换,S,4728.6000,4728.4000,4728.0000,4727.4000,4726.8000,4730.2000,4731.8000,4732.0000,4733.0000,4733.2000,2,2,1,1,2,1,1,1,1,1
SF,IC2006,2019-12-05 09:31:31.500,4730.0000,20869,0,200506920.000,0,-,-,-,-,4728.8000,4728.6000,4728.4000,4728.0000,4727.4000,4730.2000,4731.8000,4732.0000,4733.0000,4733.2000,2,1,1,1,1,1,1,1,1,1
SF,IC2006,2019-12-05 09:31:32.000,4730.0000,20869,0,200506920.000,0,-,-,-,-,4730.0000,4729.0000,4728.8000,4728.6000,4728.4000,4730.2000,4731.8000,4732.0000,4733.0000,4733.2000,1,1,1,1,1,1,1,1,1,1
SF,IC2006,2019-12-05 09:31:32.500,4730.0000,20869,0,201452920.000,1,0,1,多换,S,4729.0000,4728.8000,4728.6000,4728.4000,4728.0000,4730.0000,4730.2000,4731.8000,4732.0000,4733.0000,1,1,1,1,1,3,1,1,1,1
SF,IC2006,2019-12-05 09:31:33.000,4730.0000,20869,0,201452920.000,0,-,-,-,-,4728.8000,4728.6000,4728.4000,4728.0000,4727.4000,4729.8000,4730.0000,4730.2000,4731.8000,4732.0000,1,1,2,1,1,1,3,1,1,1
SF,IC2006,2019-12-05 09:31:34.000,4730.0000,20869,0,201452920.000,0,-,-,-,-,4728.8000,4728.4000,4728.0000,4727.4000,4726.8000,4730.0000,4730.2000,4731.8000,4732.0000,4733.0000,1,2,1,1,1,3,1,1,1,1
SF,IC2006,2019-12-05 09:31:35.000,4730.0000,20869,0,201452920.000,0,-,-,-,-,4728.8000,4728.4000,4728.0000,4727.4000,4726.8000,4730.0000,4730.2000,4731.8000,4732.0000,4733.0000,1,2,1,1,1,4,1,1,1,1
SF,IC2006,2019-12-05 09:31:35.500,4728.8000,20868,-1,202398680.000,1,0,1,双平,S,4728.4000,4728.0000,4727.4000,4726.8000,4726.0000,4730.0000,4730.2000,4731.8000,4732.0000,4733.0000,2,1,1,1,1,4,1,1,1,1
SF,IC2006,2019-12-05 09:31:36.000,4728.8000,20868,0,202398680.000,0,-,-,-,-,4728.4000,4728.0000,4727.4000,4726.8000,4726.0000,4729.8000,4730.0000,4730.2000,4731.8000,4732.0000,2,1,1,1,1,1,4,1,1,1
SF,IC2006,2019-12-05 09:31:36.500,4729.8000,20868,0,203344640.000,1,0,1,多换,S,4728.4000,4728.0000,4727.4000,4726.8000,4726.0000,4730.0000,4730.2000,4731.8000,4732.0000,4733.0000,2,1,1,2,1,4,1,1,1,1
SF,IC2006,2019-12-05 09:31:37.000,4729.8000,20868,0,203344640.000,0,-,-,-,-,4728.4000,4728.0000,4727.4000,4726.8000,4726.0000,4729.8000,4730.0000,4730.2000,4731.8000,4732.0000,2,1,1,2,1,1,5,1,1,1
SF,IC2006,2019-12-05 09:31:37.500,4728.0000,20867,-1,206181600.000,3,1,2,多平,S,4727.4000,4726.8000,4726.0000,4725.2000,4725.0000,4728.4000,4729.8000,4730.0000,4730.2000,4731.8000,1,2,1,1,1,1,1,4,1,1
SF,IC2006,2019-12-05 09:31:38.000,4728.0000,20867,0,206181600.000,0,-,-,-,-,4727.6000,4727.4000,4726.8000,4726.0000,4725.2000,4728.4000,4729.4000,4729.6000,4729.8000,4730.0000,1,2,1,1,1,1,1,1,1,3
SF,IC2006,2019-12-05 09:31:38.500,4727.6000,20867,0,207127120.000,1,0,1,多换,S,4727.4000,4726.8000,4726.0000,4725.2000,4725.0000,4729.4000,4729.6000,4729.8000,4730.0000,4730.2000,2,1,1,1,1,1,1,2,3,1
SF,IC2006,2019-12-05 09:31:39.000,4727.6000,20867,0,207127120.000,0,-,-,-,-,4727.4000,4726.8000,4726.0000,4725.2000,4725.0000,4729.2000,4729.4000,4729.6000,4729.8000,4730.0000,2,1,1,1,1,2,1,1,1,4
SF,IC2006,2019-12-05 09:31:39.500,4727.6000,20867,0,207127120.000,0,-,-,-,-,4727.4000,4726.0000,4725.2000,4725.0000,4723.8000,4728.2000,4729.2000,4729.6000,4729.8000,4730.0000,2,1,1,1,1,1,2,1,1,4
SF,IC2006,2019-12-05 09:31:40.000,4727.4000,20865,-2,209018080.000,2,0,2,双平,S,4728.0000,4726.0000,4725.2000,4725.0000,4723.8000,4728.2000,4728.6000,4729.2000,4729.6000,4729.8000,1,1,1,1,1,1,1,2,1,1
SF,IC2006,2019-12-05 09:31:40.500,4728.0000,20865,0,209963680.000,1,0,1,多换,S,4726.0000,4725.2000,4725.0000,4723.8000,4723.2000,4727.6000,4727.8000,4728.2000,4728.6000,4729.2000,1,1,1,1,1,1,1,1,1,2
SF,IC2006,2019-12-05 09:31:41.000,4728.0000,20865,0,209963680.000,0,-,-,-,-,4726.2000,4726.0000,4725.2000,4725.0000,4723.8000,4727.6000,4727.8000,4728.2000,4728.6000,4729.2000,1,1,1,1,1,1,1,1,1,2
SF,IC2006,2019-12-05 09:31:41.500,4728.0000,20865,0,209963680.000,0,-,-,-,-,4726.2000,4726.0000,4725.2000,4725.0000,4723.8000,4727.8000,4728.2000,4728.6000,4729.2000,4729.6000,1,1,1,1,1,1,1,1,2,1
SF,IC2006,2019-12-05 09:31:42.000,4728.0000,20865,0,209963680.000,0,-,-,-,-,4726.2000,4726.0000,4725.2000,4725.0000,4723.8000,4728.2000,4729.2000,4729.6000,4729.8000,4730.0000,1,1,1,1,1,1,2,1,1,3
SF,IC2006,2019-12-05 09:31:42.500,4728.0000,20865,0,209963680.000,0,-,-,-,-,4726.2000,4726.0000,4725.2000,4725.0000,4723.8000,4728.0000,4728.2000,4729.2000,4729.6000,4729.8000,1,1,1,1,1,1,2,1,1,1
SF,IC2006,2019-12-05 09:31:43.000,4728.0000,20865,0,209963680.000,0,-,-,-,-,4726.2000,4726.0000,4725.2000,4725.0000,4723.8000,4728.0000,4728.2000,4729.2000,4729.6000,4729.8000,1,1,1,1,1,1,1,1,1,1
SF,IC2006,2019-12-05 09:31:43.500,4728.0000,20865,0,209963680.000,0,-,-,-,-,4726.0000,4725.2000,4725.0000,4723.8000,4723.2000,4728.0000,4728.2000,4729.2000,4729.6000,4729.8000,1,1,1,1,1,1,1,1,1,1
SF,IC2006,2019-12-05 09:31:44.000,4728.0000,20865,0,209963680.000,0,-,-,-,-,4726.2000,4726.0000,4725.2000,4725.0000,4723.8000,4727.6000,4728.0000,4728.2000,4729.2000,4729.6000,1,1,1,1,1,1,1,1,1,1
SF,IC2006,2019-12-05 09:31:44.500,4728.0000,20865,0,209963680.000,0,-,-,-,-,4726.0000,4725.2000,4725.0000,4723.8000,4723.2000,4727.4000,4727.6000,4727.8000,4728.2000,4729.2000,1,1,1,1,1,1,1,1,1,1
SF,IC2006,2019-12-05 09:31:45.000,4728.0000,20865,0,209963680.000,0,-,-,-,-,4726.0000,4725.2000,4725.0000,4723.8000,4723.2000,4727.4000,4727.6000,4727.8000,4729.2000,4729.8000,1,1,1,1,1,1,1,1,1,1
SF,IC2006,2019-12-05 09:31:45.500,4726.0000,20866,1,210908880.000,1,1,0,双开,S,4725.2000,4725.0000,4723.8000,4723.2000,4720.2000,4726.4000,4727.4000,4727.6000,4727.8000,4729.2000,1,1,1,1,2,1,1,1,1,1
SF,IC2006,2019-12-05 09:31:46.000,4726.4000,20866,0,211854160.000,1,0,1,多换,S,4725.4000,4725.2000,4725.0000,4723.8000,4723.2000,4727.4000,4727.6000,4727.8000,4729.2000,4729.8000,1,1,1,1,1,1,1,1,1,1
SF,IC2006,2019-12-05 09:31:46.500,4725.4000,20866,0,212799240.000,1,0,1,多换,S,4725.2000,4725.0000,4723.8000,4723.2000,4720.2000,4727.4000,4727.6000,4727.8000,4729.2000,4729.8000,1,1,1,1,2,1,1,1,1,1
SF,IC2006,2019-12-05 09:31:47.000,4725.4000,20866,0,213744320.000,1,0,1,多换,S,4725.2000,4725.0000,4723.8000,4723.2000,4720.2000,4726.4000,4727.2000,4727.4000,4727.6000,4727.8000,1,1,1,1,2,1,1,1,1,1
SF,IC2006,2019-12-05 09:31:48.000,4726.4000,20866,0,214689600.000,1,0,1,多换,S,4725.2000,4725.0000,4723.8000,4723.2000,4721.6000,4727.4000,4727.6000,4727.8000,4729.8000,4730.0000,1,1,1,1,1,1,1,1,1,3
SF,IC2006,2019-12-05 09:31:48.500,4725.4000,20866,0,215634680.000,1,0,1,多换,S,4725.2000,4725.0000,4723.8000,4723.2000,4721.6000,4727.4000,4727.6000,4727.8000,4729.8000,4730.0000,1,1,1,1,1,1,1,1,1,3
SF,IC2006,2019-12-05 09:31:49.000,4725.4000,20866,0,215634680.000,0,-,-,-,-,4725.4000,4725.2000,4725.0000,4723.8000,4723.2000,4726.4000,4727.2000,4727.4000,4727.6000,4727.8000,2,1,1,1,1,1,1,1,1,1
SF,IC2006,2019-12-05 09:31:49.500,4725.4000,20866,0,215634680.000,0,-,-,-,-,4725.4000,4725.2000,4725.0000,4723.8000,4723.2000,4726.2000,4726.4000,4727.2000,4727.6000,4727.8000,2,1,1,1,1,1,1,1,1,1
SF,IC2006,2019-12-05 09:31:50.000,4725.4000,20865,-1,216579760.000,1,0,1,双平,S,4725.4000,4725.2000,4725.0000,4723.8000,4723.2000,4726.2000,4726.4000,4727.2000,4727.6000,4727.8000,2,1,1,1,1,1,1,1,1,1
SF,IC2006,2019-12-05 09:31:51.000,4726.2000,20864,-1,217525000.000,1,0,1,双平,S,4725.4000,4725.2000,4725.0000,4723.8000,4723.2000,4726.4000,4727.2000,4727.6000,4727.8000,4728.0000,2,1,1,1,1,1,1,1,1,1
SF,IC2006,2019-12-05 09:31:51.500,4726.2000,20864,0,217525000.000,0,-,-,-,-,4726.2000,4725.4000,4725.2000,4725.0000,4723.8000,4726.4000,4727.2000,4727.6000,4727.8000,4728.0000,20,2,1,1,1,1,1,1,1,1
SF,IC2006,2019-12-05 09:31:52.000,4726.4000,20864,0,218470280.000,1,0,1,多换,S,4726.2000,4725.4000,4725.2000,4725.0000,4723.8000,4727.2000,4727.6000,4727.8000,4728.0000,4729.8000,20,2,1,1,1,1,1,1,1,1
SF,IC2006,2019-12-05 09:31:52.500,4726.4000,20864,0,218470280.000,0,-,-,-,-,4726.2000,4725.4000,4725.2000,4725.0000,4723.8000,4727.0000,4727.2000,4727.6000,4727.8000,4728.0000,20,2,1,1,1,1,1,1,1,1
SF,IC2006,2019-12-05 09:31:53.000,4726.2000,20865,1,219415520.000,1,1,0,双开,S,4726.2000,4725.4000,4725.2000,4725.0000,4723.8000,4726.8000,4727.0000,4727.2000,4727.6000,4727.8000,19,2,1,1,1,1,1,1,1,1
SF,IC2006,2019-12-05 09:31:53.500,4726.2000,20865,0,219415520.000,0,-,-,-,-,4726.2000,4725.4000,4725.2000,4725.0000,4723.8000,4726.8000,4727.0000,4727.2000,4727.6000,4727.8000,19,2,2,1,1,1,1,1,1,1
SF,IC2006,2019-12-05 09:31:54.000,4726.2000,20866,1,223196480.000,4,2,2,空开,S,4726.2000,4725.4000,4725.2000,4725.0000,4723.8000,4726.8000,4727.0000,4727.2000,4727.6000,4727.8000,15,2,2,1,1,1,1,1,1,1
SF,IC2006,2019-12-05 09:31:54.500,4726.2000,20866,0,223196480.000,0,-,-,-,-,4726.2000,4725.4000,4725.2000,4725.0000,4723.8000,4726.6000,4726.8000,4727.2000,4727.6000,4727.8000,15,3,2,1,1,1,1,1,1,1
SF,IC2006,2019-12-05 09:31:55.000,4726.2000,20867,1,230758400.000,8,4,4,空开,S,4726.2000,4725.4000,4725.2000,4725.0000,4723.8000,4726.6000,4726.8000,4727.2000,4727.6000,4728.0000,7,3,2,1,1,2,1,1,1,1
SF,IC2006,2019-12-05 09:31:55.500,4726.2000,20867,0,231703640.000,1,0,1,多换,S,4726.2000,4725.4000,4725.2000,4725.0000,4723.8000,4726.6000,4726.8000,4727.2000,4727.6000,4728.0000,6,2,2,1,1,2,1,1,1,1
SF,IC2006,2019-12-05 09:31:56.000,4726.2000,20867,0,233594120.000,2,1,1,多换,S,4726.2000,4725.4000,4725.2000,4725.0000,4723.8000,4726.6000,4727.2000,4727.6000,4728.0000,4729.8000,4,2,2,1,1,2,1,1,1,1
SF,IC2006,2019-12-05 09:31:56.500,4726.2000,20867,0,233594120.000,0,-,-,-,-,4726.2000,4725.4000,4725.2000,4725.0000,4723.8000,4726.6000,4727.2000,4727.6000,4728.0000,4729.8000,4,2,2,1,1,2,1,1,1,1
SF,IC2006,2019-12-05 09:31:57.500,4726.6000,20867,0,235484760.000,2,1,1,多换,S,4726.2000,4725.4000,4725.2000,4725.0000,4723.8000,4727.2000,4727.6000,4728.0000,4729.8000,4730.0000,4,2,2,1,1,1,1,1,1,4
SF,IC2006,2019-12-05 09:31:58.000,4727.2000,20867,0,236430200.000,1,0,1,多换,S,4726.6000,4726.2000,4725.4000,4725.2000,4725.0000,4727.6000,4728.0000,4729.8000,4730.0000,4730.2000,1,4,2,2,1,1,1,1,4,1
SF,IC2006,2019-12-05 09:31:58.500,4727.2000,20867,0,236430200.000,0,-,-,-,-,4726.2000,4725.4000,4725.2000,4725.0000,4723.8000,4727.4000,4727.6000,4728.0000,4729.8000,4730.0000,4,3,2,1,1,1,1,1,1,4
SF,IC2006,2019-12-05 09:31:59.000,4727.2000,20867,0,236430200.000,0,-,-,-,-,4726.2000,4725.4000,4725.2000,4725.0000,4723.8000,4727.0000,4727.4000,4727.6000,4728.0000,4729.6000,4,3,2,1,1,1,1,1,1,3
SF,IC2006,2019-12-05 09:31:59.500,4727.2000,20867,0,236430200.000,0,-,-,-,-,4726.2000,4725.4000,4725.2000,4725.0000,4723.8000,4726.8000,4727.0000,4727.6000,4728.0000,4729.6000,4,3,2,1,1,1,1,1,1,3
SF,IC2006,2019-12-05 09:32:00.000,4727.2000,20867,0,236430200.000,0,-,-,-,-,4726.2000,4725.4000,4725.2000,4725.0000,4723.8000,4726.8000,4727.0000,4727.6000,4728.0000,4729.6000,4,2,2,1,1,1,1,1,1,3
SF,IC2006,2019-12-05 09:32:00.500,4726.8000,20866,-1,237375560.000,1,0,1,双平,S,4726.2000,4725.8000,4725.4000,4725.2000,4725.0000,4727.0000,4727.6000,4728.0000,4729.6000,4729.8000,4,1,2,2,1,1,1,1,3,1
SF,IC2006,2019-12-05 09:32:01.000,4727.0000,20866,0,238320960.000,1,0,1,多换,S,4727.0000,4726.4000,4726.2000,4725.4000,4725.2000,4727.6000,4728.0000,4729.6000,4729.8000,4730.0000,1,1,4,2,2,1,1,3,1,3
SF,IC2006,2019-12-05 09:32:01.500,4727.0000,20866,0,238320960.000,0,-,-,-,-,4727.0000,4726.4000,4726.2000,4725.4000,4725.2000,4727.6000,4728.0000,4729.6000,4729.8000,4730.0000,1,2,4,2,2,1,1,3,1,3
SF,IC2006,2019-12-05 09:32:02.000,4727.0000,20866,0,238320960.000,0,-,-,-,-,4727.2000,4727.0000,4726.4000,4726.2000,4725.4000,4727.6000,4728.0000,4729.6000,4729.8000,4730.0000,2,1,2,4,2,1,1,3,1,3
SF,IC2006,2019-12-05 09:32:02.500,4727.6000,20865,-1,239266480.000,1,0,1,双平,S,4727.2000,4727.0000,4726.4000,4726.2000,4725.4000,4728.0000,4729.6000,4729.8000,4730.0000,4730.2000,2,1,2,4,2,1,3,1,3,1
SF,IC2006,2019-12-05 09:32:03.000,4728.0000,20864,-1,240212080.000,1,0,1,双平,S,4727.2000,4726.4000,4726.2000,4725.4000,4725.2000,4729.6000,4729.8000,4730.0000,4730.2000,4731.8000,2,1,4,2,2,3,1,3,1,1
SF,IC2006,2019-12-05 09:32:03.500,4728.0000,20864,0,240212080.000,0,-,-,-,-,4727.6000,4727.4000,4727.2000,4726.8000,4726.2000,4729.4000,4729.6000,4729.8000,4730.0000,4730.2000,1,2,2,1,4,2,3,1,3,1
SF,IC2006,2019-12-05 09:32:04.000,4728.0000,20864,0,240212080.000,0,-,-,-,-,4727.6000,4727.4000,4727.2000,4726.8000,4726.2000,4729.2000,4729.4000,4729.6000,4729.8000,4730.0000,1,2,2,1,4,1,1,3,1,3
SF,IC2006,2019-12-05 09:32:04.500,4728.0000,20864,0,240212080.000,0,-,-,-,-,4727.6000,4727.4000,4727.2000,4726.8000,4726.2000,4728.8000,4729.2000,4729.6000,4729.8000,4730.0000,1,1,2,1,4,1,1,3,1,3
SF,IC2006,2019-12-05 09:32:05.000,4728.0000,20864,0,240212080.000,0,-,-,-,-,4727.2000,4726.2000,4725.8000,4725.4000,4725.2000,4729.2000,4729.6000,4729.8000,4730.0000,4730.2000,2,4,1,2,2,1,3,1,3,1
SF,IC2006,2019-12-05 09:32:05.500,4728.0000,20864,0,240212080.000,0,-,-,-,-,4727.4000,4727.2000,4726.2000,4725.8000,4725.4000,4729.2000,4729.6000,4729.8000,4730.0000,4730.2000,1,2,4,1,2,1,3,1,3,1
SF,IC2006,2019-12-05 09:32:06.000,4728.0000,20864,0,240212080.000,0,-,-,-,-,4727.8000,4727.4000,4727.2000,4726.2000,4725.8000,4729.2000,4729.6000,4729.8000,4730.0000,4730.2000,1,2,2,4,1,1,3,1,3,1
SF,IC2006,2019-12-05 09:32:06.500,4727.8000,20864,0,241157640.000,1,0,1,多换,S,4727.4000,4727.2000,4726.2000,4725.8000,4725.4000,4728.8000,4729.2000,4729.6000,4729.8000,4730.0000,1,2,4,1,2,1,1,3,1,3
SF,IC2006,2019-12-05 09:32:07.000,4727.4000,20863,-1,242103120.000,1,0,1,双平,S,4727.2000,4726.2000,4725.8000,4725.4000,4725.2000,4727.4000,4728.8000,4729.2000,4729.6000,4729.8000,2,4,1,2,2,1,1,1,3,1
SF,IC2006,2019-12-05 09:32:07.500,4727.2000,20863,0,243048560.000,1,0,1,多换,S,4727.2000,4726.2000,4725.8000,4725.4000,4725.2000,4728.0000,4728.8000,4729.2000,4729.6000,4729.8000,1,4,1,2,2,2,1,1,3,1
SF,IC2006,2019-12-05 09:32:08.000,4727.2000,20863,0,243994000.000,1,0,1,多换,S,4726.2000,4725.8000,4725.4000,4725.2000,4725.0000,4727.2000,4728.0000,4728.8000,4729.2000,4729.6000,4,1,2,2,1,3,2,1,1,3
SF,IC2006,2019-12-05 09:32:08.500,4727.2000,20863,0,243994000.000,0,-,-,-,-,4726.2000,4725.4000,4725.2000,4725.0000,4723.8000,4727.0000,4727.2000,4728.0000,4728.8000,4729.2000,4,2,2,1,1,1,2,2,1,1
SF,IC2006,2019-12-05 09:32:09.000,4726.2000,20864,1,244939240.000,1,1,0,双开,S,4726.2000,4725.6000,4725.4000,4725.2000,4725.0000,4727.0000,4727.2000,4728.0000,4728.8000,4729.2000,3,1,2,2,1,1,2,2,1,1
SF,IC2006,2019-12-05 09:32:09.500,4726.2000,20865,1,245884480.000,1,1,0,双开,S,4726.2000,4725.4000,4725.2000,4725.0000,4723.8000,4727.0000,4727.2000,4728.0000,4728.8000,4729.2000,2,2,2,1,1,1,2,2,1,1
SF,IC2006,2019-12-05 09:32:10.000,4726.2000,20866,1,246829720.000,1,1,0,双开,S,4726.2000,4725.4000,4725.2000,4725.0000,4723.8000,4727.0000,4727.2000,4728.0000,4728.8000,4729.2000,1,2,2,1,1,1,2,2,1,1
SF,IC2006,2019-12-05 09:32:10.500,4726.2000,20866,0,247774960.000,1,0,1,多换,S,4726.2000,4725.4000,4725.2000,4725.0000,4723.8000,4727.0000,4727.2000,4728.0000,4728.8000,4729.2000,1,2,2,1,1,1,2,2,1,1
SF,IC2006,2019-12-05 09:32:11.000,4727.2000,20868,2,251556480.000,4,3,1,空开,S,4725.4000,4725.2000,4725.0000,4723.8000,4723.2000,4728.0000,4728.8000,4729.2000,4729.6000,4729.8000,2,2,1,1,1,2,1,1,3,1
SF,IC2006,2019-12-05 09:32:11.500,4725.6000,20868,0,252501600.000,1,0,1,多换,S,4726.0000,4725.4000,4725.2000,4725.0000,4723.8000,4728.0000,4728.8000,4729.6000,4729.8000,4730.0000,1,2,2,1,1,2,1,3,1,3
SF,IC2006,2019-12-05 09:32:12.000,4726.0000,20868,0,253446800.000,1,0,1,多换,S,4726.0000,4725.4000,4725.2000,4725.0000,4723.8000,4726.2000,4727.8000,4728.0000,4728.8000,4729.6000,1,2,2,1,1,5,1,2,1,3
SF,IC2006,2019-12-05 09:32:12.500,4726.2000,20863,-5,259118240.000,6,0,6,多平,S,4726.2000,4726.0000,4725.4000,4725.2000,4725.0000,4727.8000,4728.0000,4728.8000,4729.6000,4729.8000,1,1,2,2,1,1,2,1,3,1
SF,IC2006,2019-12-05 09:32:13.000,4726.2000,20863,0,260063480.000,1,0,1,多换,S,4725.4000,4725.2000,4725.0000,4723.8000,4723.2000,4727.8000,4728.0000,4728.8000,4729.6000,4729.8000,2,2,1,1,1,1,2,1,3,1
SF,IC2006,2019-12-05 09:32:13.500,4725.6000,20863,0,261008600.000,1,0,1,多换,S,4725.4000,4725.2000,4725.0000,4723.8000,4723.2000,4727.8000,4728.0000,4728.8000,4729.6000,4729.8000,2,2,1,1,1,1,2,1,3,1
SF,IC2006,2019-12-05 09:32:14.000,4725.4000,20864,1,261953680.000,1,1,0,双开,S,4725.4000,4725.2000,4725.0000,4723.8000,4723.2000,4727.8000,4728.0000,4728.8000,4729.6000,4729.8000,1,2,1,1,1,1,2,1,3,1
SF,IC2006,2019-12-05 09:32:14.500,4725.4000,20865,1,262898760.000,1,1,0,双开,S,4725.2000,4725.0000,4723.8000,4723.2000,4722.2000,4726.2000,4727.8000,4728.0000,4728.8000,4729.6000,2,1,1,1,1,5,1,2,1,3
SF,IC2006,2019-12-05 09:32:15.000,4725.4000,20865,0,263843840.000,1,0,1,多换,S,4725.6000,4725.2000,4725.0000,4723.8000,4723.2000,4726.2000,4727.8000,4728.0000,4728.8000,4729.6000,1,2,1,1,1,5,1,2,1,3
SF,IC2006,2019-12-05 09:32:15.500,4725.8000,20860,-5,269515200.000,6,0,6,多平,S,4726.2000,4725.6000,4725.2000,4725.0000,4723.8000,4727.8000,4728.8000,4729.6000,4729.8000,4730.0000,1,1,2,1,1,1,1,3,1,3
SF,IC2006,2019-12-05 09:32:16.000,4726.2000,20860,0,270460440.000,1,0,1,多换,S,4726.2000,4725.6000,4725.2000,4725.0000,4723.8000,4727.8000,4728.8000,4729.6000,4729.8000,4730.0000,1,1,2,1,1,1,1,3,1,3
SF,IC2006,2019-12-05 09:32:16.500,4726.2000,20860,0,270460440.000,0,-,-,-,-,4726.2000,4725.6000,4725.2000,4725.0000,4723.8000,4727.8000,4728.8000,4729.6000,4730.0000,4730.2000,1,1,2,1,1,1,1,3,3,1
SF,IC2006,2019-12-05 09:32:17.500,4726.2000,20860,0,270460440.000,0,-,-,-,-,4726.2000,4725.6000,4725.2000,4725.0000,4723.8000,4727.8000,4728.8000,4729.6000,4730.0000,4730.2000,1,1,2,1,1,2,1,3,3,1
SF,IC2006,2019-12-05 09:32:18.000,4726.2000,20859,-1,271405680.000,1,0,1,双平,S,4725.6000,4725.2000,4725.0000,4723.8000,4723.2000,4726.2000,4727.8000,4728.8000,4729.6000,4730.0000,1,2,1,1,1,4,2,1,3,3
SF,IC2006,2019-12-05 09:32:21.000,4725.6000,20858,-1,272350800.000,1,0,1,双平,S,4725.2000,4725.0000,4723.8000,4723.2000,4722.2000,4725.6000,4726.2000,4727.8000,4728.8000,4729.6000,2,1,1,1,1,3,4,2,1,3
SF,IC2006,2019-12-05 09:32:21.500,4725.6000,20858,0,273295920.000,1,0,1,多换,S,4725.2000,4725.0000,4723.8000,4723.2000,4722.2000,4725.6000,4726.2000,4727.8000,4728.8000,4729.6000,3,1,1,1,1,2,4,2,1,3
SF,IC2006,2019-12-05 09:32:22.000,4725.6000,20857,-1,275186160.000,2,0,2,多平,S,4725.2000,4725.0000,4723.8000,4723.2000,4722.2000,4726.2000,4727.8000,4728.8000,4729.6000,4730.0000,3,1,1,1,1,4,2,1,3,3
SF,IC2006,2019-12-05 09:32:22.500,4725.6000,20856,-1,276131280.000,1,0,1,双平,S,4725.2000,4725.0000,4723.8000,4723.2000,4722.2000,4725.6000,4726.2000,4727.8000,4728.8000,4729.6000,3,1,1,1,1,4,4,2,1,3
SF,IC2006,2019-12-05 09:32:23.000,4725.6000,20853,-3,278966640.000,3,0,3,双平,S,4725.2000,4725.0000,4723.8000,4723.2000,4722.2000,4725.6000,4726.2000,4727.8000,4728.8000,4729.6000,3,1,1,1,1,1,4,2,1,3
SF,IC2006,2019-12-05 09:32:23.500,4725.6000,20852,-1,279911760.000,1,0,1,双平,S,4725.2000,4725.0000,4723.8000,4723.2000,4722.2000,4726.2000,4727.8000,4728.8000,4729.6000,4730.0000,3,1,1,1,1,4,2,1,3,3
SF,IC2006,2019-12-05 09:32:25.500,4725.2000,20852,0,280856800.000,1,0,1,多换,S,4725.2000,4725.0000,4723.8000,4723.2000,4722.2000,4726.2000,4727.8000,4728.8000,4729.6000,4730.0000,2,1,1,1,1,4,2,1,3,3
SF,IC2006,2019-12-05 09:32:26.000,4725.2000,20851,-1,282747080.000,2,0,2,多平,S,4725.6000,4725.2000,4725.0000,4723.8000,4723.2000,4726.2000,4727.8000,4728.8000,4729.6000,4730.0000,1,2,1,1,1,3,2,1,3,3
SF,IC2006,2019-12-05 09:32:26.500,4725.6000,20850,-1,283692200.000,1,0,1,双平,S,4725.2000,4725.0000,4723.8000,4723.2000,4722.2000,4726.2000,4727.8000,4728.8000,4729.6000,4730.0000,2,1,1,1,1,3,2,1,3,3
SF,IC2006,2019-12-05 09:32:27.000,4725.6000,20850,0,283692200.000,0,-,-,-,-,4725.2000,4725.0000,4723.8000,4723.2000,4722.2000,4726.2000,4727.8000,4728.8000,4729.6000,4730.0000,1,1,1,1,1,3,2,1,3,3
SF,IC2006,2019-12-05 09:32:29.000,4725.6000,20850,0,283692200.000,0,-,-,-,-,4725.2000,4725.0000,4723.8000,4723.2000,4722.2000,4726.2000,4727.0000,4727.8000,4728.8000,4729.6000,1,1,1,1,1,3,1,2,1,3
SF,IC2006,2019-12-05 09:32:29.500,4725.6000,20850,0,283692200.000,0,-,-,-,-,4725.4000,4725.2000,4725.0000,4723.8000,4723.2000,4726.2000,4727.0000,4727.8000,4728.8000,4729.6000,2,1,1,1,1,3,1,2,1,3
SF,IC2006,2019-12-05 09:32:30.000,4726.2000,20847,-3,286527920.000,3,0,3,双平,S,4725.4000,4725.2000,4725.0000,4723.8000,4723.2000,4727.0000,4727.8000,4728.8000,4729.6000,4730.0000,2,1,1,1,1,1,2,1,3,3
SF,IC2006,2019-12-05 09:32:30.500,4725.6000,20846,-1,287473040.000,1,0,1,双平,S,4726.0000,4725.4000,4725.2000,4725.0000,4723.8000,4727.0000,4727.8000,4728.8000,4729.6000,4730.0000,1,2,1,1,1,1,2,1,3,3
SF,IC2006,2019-12-05 09:32:31.000,4725.4000,20844,-2,289363240.000,2,0,2,双平,S,4725.4000,4725.2000,4725.0000,4723.8000,4723.2000,4727.0000,4727.8000,4728.8000,4729.6000,4730.0000,1,1,1,1,1,1,2,1,3,3
SF,IC2006,2019-12-05 09:32:31.500,4725.4000,20844,0,289363240.000,0,-,-,-,-,4725.6000,4725.4000,4725.2000,4725.0000,4723.8000,4727.0000,4727.8000,4728.8000,4729.6000,4730.0000,2,2,2,1,1,1,2,1,3,3
SF,IC2006,2019-12-05 09:32:32.500,4725.6000,20843,-1,290308360.000,1,0,1,双平,S,4725.6000,4725.4000,4725.2000,4725.0000,4723.8000,4727.0000,4727.8000,4728.8000,4729.6000,4730.0000,1,2,1,1,1,1,2,1,3,3
SF,IC2006,2019-12-05 09:32:33.000,4725.6000,20842,-1,292198840.000,2,0,2,多平,S,4725.4000,4725.2000,4725.0000,4723.8000,4723.2000,4727.0000,4727.8000,4728.8000,4729.6000,4730.0000,1,1,1,1,1,1,1,1,3,3
SF,IC2006,2019-12-05 09:32:33.500,4725.6000,20842,0,292198840.000,0,-,-,-,-,4725.4000,4725.2000,4725.0000,4723.8000,4723.2000,4726.8000,4727.0000,4727.8000,4728.8000,4729.6000,1,1,1,1,1,1,1,1,1,3
SF,IC2006,2019-12-05 09:32:34.000,4725.4000,20841,-1,293143920.000,1,0,1,双平,S,4725.2000,4725.0000,4723.8000,4723.2000,4720.2000,4725.4000,4726.8000,4727.0000,4727.8000,4728.8000,1,1,1,1,2,4,1,1,1,1
SF,IC2006,2019-12-05 09:32:34.500,4725.4000,20836,-5,297869320.000,5,0,5,双平,S,4725.2000,4725.0000,4723.8000,4723.2000,4720.2000,4725.4000,4726.8000,4727.0000,4727.8000,4728.8000,1,1,1,1,2,2,1,1,1,1
SF,IC2006,2019-12-05 09:32:35.000,4725.2000,20834,-2,299759440.000,2,0,2,双平,S,4725.0000,4723.8000,4723.2000,4720.2000,4719.6000,4725.2000,4725.4000,4726.8000,4727.0000,4727.8000,1,1,1,2,1,5,1,1,1,1
SF,IC2006,2019-12-05 09:32:35.500,4725.0000,20833,-1,300704440.000,1,0,1,双平,S,4723.8000,4723.2000,4720.4000,4720.2000,4719.6000,4725.2000,4725.4000,4726.8000,4727.0000,4727.8000,1,1,1,2,1,5,1,1,1,1
SF,IC2006,2019-12-05 09:32:36.000,4723.8000,20830,-3,303538880.000,3,0,3,双平,S,4723.4000,4723.2000,4720.4000,4720.2000,4719.6000,4725.2000,4725.4000,4726.8000,4727.0000,4727.8000,1,1,1,2,1,7,1,1,1,1
SF,IC2006,2019-12-05 09:32:36.500,4725.2000,20829,-1,304483920.000,1,0,1,双平,S,4723.6000,4723.4000,4723.2000,4720.4000,4720.2000,4725.2000,4725.4000,4726.8000,4727.0000,4727.8000,2,1,2,1,2,7,1,1,1,1
SF,IC2006,2019-12-05 09:32:37.000,4725.2000,20828,-1,305428960.000,1,0,1,双平,S,4723.6000,4723.2000,4720.4000,4720.2000,4719.6000,4725.2000,4725.4000,4726.8000,4727.0000,4727.8000,2,2,1,2,1,6,1,1,1,1
SF,IC2006,2019-12-05 09:32:37.500,4725.2000,20827,-1,306374000.000,1,0,1,双平,S,4723.8000,4723.6000,4723.2000,4720.2000,4719.6000,4725.2000,4725.4000,4726.8000,4727.0000,4727.8000,2,2,3,2,1,5,1,1,1,1
SF,IC2006,2019-12-05 09:32:38.000,4725.2000,20826,-1,307319040.000,1,0,1,双平,S,4724.0000,4723.8000,4723.6000,4723.2000,4720.2000,4725.2000,4725.4000,4726.8000,4727.0000,4727.8000,1,2,1,3,2,4,1,1,1,1
SF,IC2006,2019-12-05 09:32:39.000,4725.2000,20826,0,307319040.000,0,-,-,-,-,4724.0000,4723.8000,4723.6000,4723.2000,4720.2000,4725.2000,4725.4000,4726.8000,4727.0000,4727.8000,1,1,1,3,2,4,1,1,1,1
SF,IC2006,2019-12-05 09:32:39.500,4725.2000,20826,0,308264080.000,1,0,1,多换,S,4724.0000,4723.8000,4723.6000,4723.2000,4720.2000,4725.2000,4725.4000,4726.8000,4727.0000,4727.8000,1,1,1,3,2,3,1,1,1,1
SF,IC2006,2019-12-05 09:32:40.500,4725.2000,20824,-2,310154160.000,2,0,2,双平,S,4724.2000,4724.0000,4723.8000,4723.6000,4723.2000,4725.2000,4725.4000,4726.8000,4727.0000,4727.8000,2,1,2,1,2,1,1,1,1,1
SF,IC2006,2019-12-05 09:32:41.000,4725.2000,20824,0,310154160.000,0,-,-,-,-,4724.4000,4724.2000,4723.8000,4723.6000,4723.2000,4725.2000,4725.4000,4726.8000,4727.0000,4727.8000,1,1,2,1,2,1,1,1,1,1
SF,IC2006,2019-12-05 09:32:41.500,4725.2000,20824,0,310154160.000,0,-,-,-,-,4724.4000,4724.2000,4723.8000,4723.6000,4723.2000,4725.2000,4725.4000,4726.8000,4727.0000,4727.8000,1,1,2,1,2,1,1,1,1,1
SF,IC2006,2019-12-05 09:32:42.000,4725.2000,20823,-1,311099200.000,1,0,1,双平,S,4724.4000,4723.8000,4723.6000,4723.2000,4720.2000,4725.4000,4726.8000,4727.0000,4727.8000,4728.8000,1,2,1,2,2,1,1,1,1,1
SF,IC2006,2019-12-05 09:32:42.500,4725.2000,20823,0,311099200.000,0,-,-,-,-,4723.8000,4723.6000,4723.2000,4720.2000,4719.6000,4725.4000,4726.8000,4727.0000,4727.8000,4728.8000,2,1,2,2,1,1,1,1,1,1
SF,IC2006,2019-12-05 09:32:43.000,4725.2000,20823,0,311099200.000,0,-,-,-,-,4724.0000,4723.8000,4723.6000,4723.2000,4720.2000,4725.2000,4725.4000,4726.8000,4727.0000,4727.8000,1,1,1,2,2,1,1,1,1,1
SF,IC2006,2019-12-05 09:32:43.500,4725.2000,20823,0,311099200.000,0,-,-,-,-,4724.4000,4724.0000,4723.8000,4723.6000,4723.2000,4725.4000,4726.8000,4727.0000,4727.8000,4728.8000,1,1,1,1,2,1,1,1,1,1
SF,IC2006,2019-12-05 09:32:44.000,4725.4000,20822,-1,312044280.000,1,0,1,双平,S,4724.4000,4724.0000,4723.8000,4723.6000,4723.2000,4726.8000,4727.0000,4727.8000,4728.8000,4729.6000,1,1,1,1,2,1,1,1,1,3
SF,IC2006,2019-12-05 09:32:44.500,4725.4000,20822,0,312044280.000,0,-,-,-,-,4723.8000,4723.6000,4723.2000,4720.2000,4719.6000,4726.6000,4726.8000,4727.0000,4727.8000,4728.8000,1,1,2,2,1,1,1,1,1,1
SF,IC2006,2019-12-05 09:32:45.000,4725.4000,20822,0,312044280.000,0,-,-,-,-,4724.4000,4723.8000,4723.2000,4720.2000,4719.6000,4726.4000,4727.0000,4727.8000,4728.8000,4729.6000,1,1,2,2,1,2,1,1,1,3
SF,IC2006,2019-12-05 09:32:45.500,4725.4000,20822,0,312044280.000,0,-,-,-,-,4724.4000,4723.8000,4723.2000,4720.2000,4719.6000,4726.2000,4726.4000,4727.0000,4727.8000,4728.8000,1,1,2,2,1,1,1,1,1,1
SF,IC2006,2019-12-05 09:32:46.000,4724.4000,20821,-1,312989160.000,1,0,1,双平,S,4723.8000,4723.2000,4720.2000,4719.6000,4719.2000,4724.0000,4726.0000,4727.0000,4727.8000,4728.8000,1,2,2,1,1,3,2,1,1,1
SF,IC2006,2019-12-05 09:32:46.500,4724.0000,20818,-3,315823560.000,3,0,3,双平,S,4723.8000,4723.2000,4720.2000,4719.6000,4719.2000,4726.0000,4727.0000,4727.8000,4728.8000,4729.6000,1,2,2,1,1,2,1,1,1,3
SF,IC2006,2019-12-05 09:32:47.500,4724.0000,20818,0,315823560.000,0,-,-,-,-,4723.8000,4723.2000,4722.0000,4720.2000,4719.6000,4726.0000,4727.0000,4727.8000,4728.8000,4729.6000,1,2,1,2,1,2,1,1,1,3
SF,IC2006,2019-12-05 09:32:48.500,4724.0000,20818,0,315823560.000,0,-,-,-,-,4723.8000,4723.2000,4722.0000,4720.2000,4719.6000,4726.0000,4727.0000,4727.8000,4728.8000,4729.6000,1,2,1,2,1,2,2,1,1,3
SF,IC2006,2019-12-05 09:32:50.000,4724.0000,20818,0,315823560.000,0,-,-,-,-,4723.8000,4723.2000,4722.0000,4720.2000,4719.6000,4725.0000,4726.0000,4727.0000,4727.8000,4728.8000,1,2,1,2,1,1,2,2,1,1
SF,IC2006,2019-12-05 09:32:50.500,4724.0000,20818,0,315823560.000,0,-,-,-,-,4724.2000,4723.8000,4723.2000,4722.0000,4720.2000,4725.0000,4726.0000,4727.0000,4727.8000,4728.8000,1,1,2,1,2,1,2,2,1,1
SF,IC2006,2019-12-05 09:32:51.000,4724.0000,20818,0,315823560.000,0,-,-,-,-,4724.2000,4723.8000,4723.2000,4722.0000,4720.2000,4724.8000,4725.0000,4726.0000,4727.0000,4727.8000,1,1,2,1,2,1,1,1,2,1
SF,IC2006,2019-12-05 09:32:51.500,4724.0000,20818,0,315823560.000,0,-,-,-,-,4724.2000,4723.8000,4723.2000,4722.0000,4720.2000,4724.8000,4725.0000,4726.0000,4727.0000,4727.8000,2,1,2,1,2,1,1,1,2,1
SF,IC2006,2019-12-05 09:32:52.000,4724.0000,20818,0,315823560.000,0,-,-,-,-,4724.2000,4723.8000,4723.2000,4722.0000,4720.2000,4724.8000,4725.0000,4726.0000,4727.0000,4727.8000,3,1,2,1,2,1,1,1,2,1
SF,IC2006,2019-12-05 09:32:52.500,4724.0000,20818,0,315823560.000,0,-,-,-,-,4724.2000,4723.8000,4723.2000,4722.0000,4720.2000,4724.8000,4725.0000,4726.0000,4726.8000,4727.0000,2,1,2,1,2,1,1,1,2,2
SF,IC2006,2019-12-05 09:32:53.000,4724.0000,20818,0,315823560.000,0,-,-,-,-,4724.2000,4723.8000,4723.2000,4722.0000,4720.2000,4724.8000,4725.0000,4726.0000,4726.8000,4727.0000,2,1,2,1,2,1,1,1,2,1
SF,IC2006,2019-12-05 09:32:53.500,4724.8000,20817,-1,316768520.000,1,0,1,双平,S,4724.2000,4723.8000,4723.2000,4722.0000,4720.2000,4725.0000,4726.0000,4726.8000,4727.0000,4727.8000,1,1,2,1,2,1,1,2,1,1
SF,IC2006,2019-12-05 09:32:54.000,4724.8000,20817,0,316768520.000,0,-,-,-,-,4724.2000,4723.8000,4723.2000,4722.0000,4720.2000,4724.8000,4725.0000,4726.0000,4726.8000,4727.0000,1,1,2,1,2,1,1,1,2,1
SF,IC2006,2019-12-05 09:32:54.500,4724.8000,20817,0,316768520.000,0,-,-,-,-,4724.4000,4724.2000,4723.8000,4723.2000,4722.0000,4724.8000,4725.0000,4726.0000,4726.8000,4727.0000,1,1,1,2,1,1,1,1,2,1
SF,IC2006,2019-12-05 09:32:55.000,4724.4000,20817,0,319603120.000,3,1,2,多换,S,4723.8000,4723.2000,4722.0000,4720.2000,4719.6000,4724.8000,4725.0000,4726.0000,4726.8000,4727.0000,1,2,1,2,1,1,1,1,2,1
SF,IC2006,2019-12-05 09:32:55.500,4724.4000,20817,0,319603120.000,0,-,-,-,-,4723.2000,4722.0000,4720.2000,4719.6000,4719.2000,4724.2000,4724.4000,4724.8000,4725.0000,4726.0000,2,1,2,1,1,1,1,1,1,1
SF,IC2006,2019-12-05 09:32:56.000,4724.2000,20817,0,320547960.000,1,0,1,多换,S,4723.2000,4722.0000,4720.2000,4719.6000,4719.2000,4724.0000,4724.2000,4724.4000,4725.0000,4726.0000,2,1,2,1,1,1,1,1,1,1
SF,IC2006,2019-12-05 09:32:57.500,4724.0000,20816,-1,321492760.000,1,0,1,双平,S,4723.2000,4720.2000,4719.6000,4719.2000,4719.0000,4724.2000,4724.4000,4725.0000,4726.0000,4726.8000,2,2,1,1,1,1,1,1,1,2
SF,IC2006,2019-12-05 09:32:58.000,4724.0000,20816,0,321492760.000,0,-,-,-,-,4723.2000,4720.2000,4719.6000,4719.2000,4719.0000,4724.0000,4724.2000,4724.4000,4725.0000,4726.0000,1,2,1,1,1,1,1,1,1,1
SF,IC2006,2019-12-05 09:32:58.500,4723.2000,20815,-1,322437400.000,1,0,1,双平,S,4720.2000,4719.6000,4719.2000,4719.0000,4718.6000,4724.0000,4724.2000,4724.4000,4725.0000,4726.0000,2,1,1,1,5,1,1,1,1,1
SF,IC2006,2019-12-05 09:32:59.000,4723.2000,20815,0,322437400.000,0,-,-,-,-,4721.6000,4720.4000,4720.2000,4720.0000,4719.6000,4724.0000,4724.2000,4724.4000,4725.0000,4726.0000,1,3,2,3,1,1,1,1,1,1
SF,IC2006,2019-12-05 09:32:59.500,4723.2000,20815,0,322437400.000,0,-,-,-,-,4721.8000,4721.6000,4721.0000,4720.4000,4720.2000,4723.8000,4724.0000,4724.2000,4724.4000,4725.0000,2,1,1,1,2,1,1,1,1,1
SF,IC2006,2019-12-05 09:33:00.000,4723.6000,20814,-1,323382120.000,1,0,1,双平,S,4722.0000,4721.8000,4721.6000,4721.0000,4720.4000,4723.6000,4724.2000,4724.4000,4725.0000,4726.8000,1,2,1,1,1,1,1,1,1,2
SF,IC2006,2019-12-05 09:33:00.500,4723.6000,20813,-1,324326840.000,1,0,1,双平,S,4723.6000,4723.2000,4722.2000,4722.0000,4721.8000,4724.2000,4724.4000,4725.0000,4726.8000,4727.0000,1,1,2,1,1,1,1,1,2,1
SF,IC2006,2019-12-05 09:33:01.000,4723.6000,20812,-1,325271560.000,1,0,1,双平,S,4723.2000,4722.6000,4722.2000,4722.0000,4721.8000,4723.6000,4724.2000,4724.4000,4725.0000,4726.8000,1,1,3,1,1,1,1,1,1,2
SF,IC2006,2019-12-05 09:33:01.500,4723.6000,20812,0,325271560.000,0,-,-,-,-,4723.6000,4723.2000,4722.2000,4722.0000,4721.8000,4724.2000,4725.0000,4726.8000,4727.0000,4727.8000,1,1,2,1,1,1,1,2,1,1
SF,IC2006,2019-12-05 09:33:02.000,4723.6000,20812,0,326216280.000,1,0,1,多换,S,4723.8000,4723.4000,4723.2000,4722.2000,4722.0000,4725.0000,4726.8000,4727.0000,4727.8000,4728.8000,1,1,1,2,1,1,2,1,1,1
SF,IC2006,2019-12-05 09:33:02.500,4723.6000,20812,0,326216280.000,0,-,-,-,-,4723.8000,4723.4000,4723.2000,4722.2000,4722.0000,4724.8000,4725.0000,4726.8000,4727.0000,4727.8000,1,1,1,2,1,1,1,2,1,1
SF,IC2006,2019-12-05 09:33:03.000,4723.6000,20812,0,326216280.000,0,-,-,-,-,4723.8000,4723.6000,4723.4000,4723.2000,4722.2000,4724.8000,4725.0000,4726.8000,4727.0000,4727.8000,1,1,1,1,2,1,1,2,1,1
SF,IC2006,2019-12-05 09:33:03.500,4723.6000,20812,0,326216280.000,0,-,-,-,-,4724.0000,4723.6000,4723.2000,4722.2000,4722.0000,4724.8000,4725.0000,4726.8000,4727.0000,4727.8000,1,1,2,2,1,1,1,2,1,1
SF,IC2006,2019-12-05 09:33:04.000,4723.6000,20812,0,326216280.000,0,-,-,-,-,4724.0000,4723.6000,4723.2000,4722.2000,4722.0000,4724.8000,4725.0000,4726.8000,4727.0000,4727.8000,1,2,2,2,1,1,1,2,1,1
SF,IC2006,2019-12-05 09:33:04.500,4723.8000,20812,0,327161040.000,1,0,1,多换,S,4723.6000,4723.2000,4722.2000,4722.0000,4721.8000,4723.8000,4725.0000,4726.8000,4727.0000,4727.8000,2,2,2,1,1,1,1,2,1,1
SF,IC2006,2019-12-05 09:33:05.000,4723.8000,20811,-1,328105800.000,1,0,1,双平,S,4724.0000,4723.8000,4723.6000,4723.2000,4722.2000,4725.0000,4726.8000,4727.0000,4727.8000,4728.8000,2,2,2,2,2,1,2,1,1,1
SF,IC2006,2019-12-05 09:33:06.000,4723.8000,20811,0,328105800.000,0,-,-,-,-,4724.2000,4724.0000,4723.8000,4723.6000,4723.2000,4725.0000,4726.8000,4727.0000,4727.8000,4728.8000,1,2,1,2,2,1,2,1,1,1
SF,IC2006,2019-12-05 09:33:06.500,4725.0000,20810,-1,329050800.000,1,0,1,双平,S,4724.2000,4724.0000,4723.8000,4723.6000,4723.2000,4726.8000,4727.0000,4727.8000,4728.8000,4729.6000,1,3,1,2,1,2,1,1,1,3
SF,IC2006,2019-12-05 09:33:07.000,4725.0000,20810,0,329050800.000,0,-,-,-,-,4725.0000,4724.4000,4724.2000,4724.0000,4723.8000,4726.8000,4727.0000,4727.8000,4728.8000,4729.6000,2,2,1,2,1,2,1,1,1,3
SF,IC2006,2019-12-05 09:33:07.500,4725.0000,20810,0,329050800.000,0,-,-,-,-,4725.0000,4724.8000,4724.4000,4724.2000,4724.0000,4726.6000,4726.8000,4727.0000,4727.8000,4728.8000,2,1,2,1,2,1,2,1,1,1
SF,IC2006,2019-12-05 09:33:08.000,4725.0000,20810,0,329050800.000,0,-,-,-,-,4725.0000,4724.8000,4724.4000,4724.0000,4723.6000,4726.6000,4726.8000,4727.0000,4727.8000,4728.8000,2,1,2,2,2,1,2,1,1,1
SF,IC2006,2019-12-05 09:33:08.500,4725.0000,20810,0,329050800.000,0,-,-,-,-,4725.2000,4725.0000,4724.8000,4724.4000,4724.0000,4726.6000,4726.8000,4727.0000,4727.8000,4729.6000,3,2,1,1,1,1,2,1,1,3
SF,IC2006,2019-12-05 09:33:09.000,4725.0000,20809,-1,330940800.000,2,0,2,多平,S,4725.6000,4725.4000,4725.0000,4724.4000,4723.6000,4726.6000,4726.8000,4727.0000,4727.8000,4729.6000,1,1,1,1,2,1,2,1,1,3
SF,IC2006,2019-12-05 09:33:09.500,4725.0000,20809,0,330940800.000,0,-,-,-,-,4725.6000,4725.4000,4725.0000,4724.4000,4723.6000,4726.6000,4726.8000,4727.0000,4727.8000,4729.6000,1,1,1,1,2,1,2,1,1,3
SF,IC2006,2019-12-05 09:33:10.000,4725.0000,20807,-2,333776000.000,3,0,3,多平,S,4724.4000,4723.6000,4723.2000,4722.2000,4721.6000,4726.6000,4726.8000,4727.0000,4727.8000,4729.6000,1,2,1,1,1,1,2,1,1,3
SF,IC2006,2019-12-05 09:33:10.500,4725.0000,20807,0,333776000.000,0,-,-,-,-,4724.6000,4724.4000,4723.6000,4723.2000,4722.2000,4725.6000,4726.6000,4726.8000,4727.0000,4727.8000,2,1,2,1,1,1,1,2,1,1
SF,IC2006,2019-12-05 09:33:11.000,4725.0000,20807,0,333776000.000,0,-,-,-,-,4725.4000,4724.6000,4723.6000,4723.2000,4722.2000,4725.6000,4726.6000,4726.8000,4727.0000,4727.8000,1,1,2,1,1,1,1,2,1,1
SF,IC2006,2019-12-05 09:33:11.500,4724.6000,20805,-2,335666000.000,2,0,2,双平,S,4723.6000,4723.2000,4722.2000,4721.6000,4720.2000,4726.6000,4726.8000,4727.0000,4727.8000,4729.6000,2,1,1,1,2,1,2,1,1,3
SF,IC2006,2019-12-05 09:33:12.000,4726.6000,20805,0,336611320.000,1,0,1,多换,S,4723.8000,4723.6000,4723.2000,4722.2000,4721.6000,4726.8000,4727.0000,4727.8000,4729.6000,4730.0000,2,2,1,1,1,2,1,1,3,1
SF,IC2006,2019-12-05 09:33:12.500,4726.6000,20805,0,336611320.000,0,-,-,-,-,4724.2000,4724.0000,4723.8000,4723.6000,4723.2000,4726.6000,4726.8000,4727.0000,4727.8000,4729.6000,1,1,2,2,1,1,2,1,1,3
SF,IC2006,2019-12-05 09:33:13.000,4726.6000,20805,0,336611320.000,0,-,-,-,-,4724.4000,4724.2000,4724.0000,4723.8000,4723.6000,4726.6000,4726.8000,4727.0000,4727.8000,4729.6000,1,1,1,1,2,1,2,1,1,3
SF,IC2006,2019-12-05 09:33:13.500,4724.2000,20803,-2,338501040.000,2,0,2,双平,S,4724.0000,4723.8000,4723.6000,4723.2000,4722.2000,4726.6000,4727.0000,4727.8000,4729.6000,4730.0000,1,1,2,1,1,1,1,1,3,1
SF,IC2006,2019-12-05 09:33:15.000,4724.2000,20803,0,338501040.000,0,-,-,-,-,4724.2000,4724.0000,4723.8000,4723.6000,4723.2000,4726.6000,4727.0000,4727.8000,4729.6000,4730.0000,1,1,1,2,1,1,1,1,3,1
SF,IC2006,2019-12-05 09:33:15.500,4724.2000,20803,0,338501040.000,0,-,-,-,-,4724.2000,4724.0000,4723.8000,4723.6000,4723.2000,4726.6000,4727.0000,4727.8000,4729.6000,4730.0000,1,1,1,2,2,1,1,1,3,1
SF,IC2006,2019-12-05 09:33:16.000,4724.2000,20803,0,338501040.000,0,-,-,-,-,4724.0000,4723.8000,4723.6000,4723.2000,4722.2000,4726.6000,4727.0000,4727.8000,4729.6000,4730.0000,1,1,2,2,1,1,1,1,3,1
SF,IC2006,2019-12-05 09:33:17.000,4724.2000,20803,0,338501040.000,0,-,-,-,-,4724.0000,4723.8000,4723.6000,4723.2000,4722.2000,4726.0000,4726.6000,4727.0000,4727.8000,4729.6000,1,1,2,1,1,1,1,1,1,3
SF,IC2006,2019-12-05 09:33:17.500,4724.0000,20801,-2,340390640.000,2,0,2,双平,S,4723.8000,4723.6000,4723.2000,4722.2000,4721.6000,4726.0000,4726.6000,4727.0000,4727.8000,4729.6000,1,2,1,1,1,1,1,1,1,3
SF,IC2006,2019-12-05 09:33:18.000,4724.0000,20801,0,340390640.000,0,-,-,-,-,4724.2000,4724.0000,4723.8000,4723.6000,4723.2000,4726.0000,4727.0000,4727.8000,4729.6000,4730.0000,1,1,1,2,1,1,1,1,3,1
SF,IC2006,2019-12-05 09:33:18.500,4724.0000,20801,0,340390640.000,0,-,-,-,-,4724.4000,4724.2000,4723.8000,4723.6000,4723.2000,4726.0000,4727.0000,4727.8000,4729.6000,4730.0000,1,1,1,2,1,1,1,1,3,1
SF,IC2006,2019-12-05 09:33:19.000,4724.0000,20801,0,340390640.000,0,-,-,-,-,4724.4000,4724.2000,4723.8000,4723.6000,4723.2000,4725.8000,4726.0000,4727.0000,4727.8000,4729.6000,1,1,1,2,1,1,1,1,1,3
SF,IC2006,2019-12-05 09:33:21.000,4725.8000,20801,0,341335800.000,1,0,1,多换,S,4724.4000,4724.2000,4723.8000,4723.6000,4723.2000,4726.0000,4727.0000,4727.8000,4729.6000,4730.0000,1,1,2,2,1,1,1,1,3,1
SF,IC2006,2019-12-05 09:33:21.500,4725.8000,20801,0,341335800.000,0,-,-,-,-,4724.4000,4724.2000,4723.8000,4723.6000,4723.2000,4725.8000,4726.0000,4727.0000,4727.8000,4729.6000,1,1,1,2,1,1,1,1,1,3
SF,IC2006,2019-12-05 09:33:22.000,4724.4000,20798,-3,344170720.000,3,0,3,双平,S,4725.8000,4724.2000,4723.8000,4723.6000,4723.2000,4726.0000,4727.0000,4727.8000,4729.6000,4730.0000,1,1,1,2,1,1,1,1,3,1
SF,IC2006,2019-12-05 09:33:22.500,4725.8000,20798,0,345115880.000,1,0,1,多换,S,4724.2000,4723.8000,4723.6000,4723.2000,4722.2000,4726.0000,4727.0000,4727.8000,4729.6000,4730.0000,1,1,1,1,1,1,1,1,3,1
SF,IC2006,2019-12-05 09:33:23.000,4725.8000,20798,0,345115880.000,0,-,-,-,-,4724.4000,4724.2000,4723.8000,4723.6000,4723.2000,4726.0000,4727.0000,4727.8000,4729.6000,4730.0000,1,1,1,1,1,1,1,1,3,1
SF,IC2006,2019-12-05 09:33:24.000,4725.8000,20798,0,345115880.000,0,-,-,-,-,4724.6000,4724.4000,4724.2000,4723.8000,4723.6000,4726.0000,4727.0000,4727.8000,4729.6000,4730.0000,1,1,1,1,1,2,1,1,3,1
SF,IC2006,2019-12-05 09:33:24.500,4726.0000,20797,-1,347006280.000,2,0,2,多平,S,4724.8000,4724.2000,4723.8000,4723.6000,4723.2000,4727.0000,4727.8000,4729.6000,4730.0000,4730.2000,1,1,1,1,1,1,1,3,1,1
SF,IC2006,2019-12-05 09:33:25.000,4726.0000,20797,0,347006280.000,0,-,-,-,-,4724.8000,4724.2000,4723.8000,4723.6000,4723.2000,4726.8000,4727.0000,4727.8000,4729.6000,4730.0000,1,1,1,1,1,1,1,1,3,1
SF,IC2006,2019-12-05 09:33:25.500,4724.8000,20796,-1,348896200.000,2,0,2,多平,S,4726.0000,4724.2000,4723.8000,4723.6000,4723.2000,4727.0000,4727.8000,4729.6000,4730.0000,4730.2000,1,1,1,1,1,1,1,3,1,1
SF,IC2006,2019-12-05 09:33:26.000,4724.8000,20796,0,348896200.000,0,-,-,-,-,4726.0000,4724.2000,4723.8000,4723.6000,4723.2000,4726.8000,4727.0000,4727.8000,4729.6000,4730.0000,1,1,1,1,1,1,1,1,3,1
SF,IC2006,2019-12-05 09:33:26.500,4724.8000,20796,0,348896200.000,0,-,-,-,-,4726.0000,4724.2000,4723.8000,4723.6000,4723.2000,4726.8000,4727.0000,4727.8000,4729.6000,4730.0000,1,1,1,1,1,1,1,1,3,1
SF,IC2006,2019-12-05 09:33:27.000,4724.8000,20796,0,348896200.000,0,-,-,-,-,4726.4000,4726.0000,4724.2000,4723.8000,4723.6000,4726.8000,4727.0000,4727.8000,4729.6000,4730.0000,1,1,1,1,1,1,1,1,3,1
SF,IC2006,2019-12-05 09:33:28.000,4726.4000,20795,-1,349841480.000,1,0,1,双平,S,4726.0000,4724.2000,4723.8000,4723.6000,4723.0000,4726.8000,4727.0000,4727.8000,4729.6000,4730.0000,1,1,1,1,1,1,1,1,3,1
SF,IC2006,2019-12-05 09:33:28.500,4726.0000,20795,0,350786680.000,1,0,1,多换,S,4724.2000,4723.8000,4723.6000,4723.0000,4722.2000,4726.0000,4726.8000,4727.0000,4727.8000,4729.6000,1,1,1,1,1,1,1,1,1,3
SF,IC2006,2019-12-05 09:33:29.000,4726.0000,20794,-1,351731880.000,1,0,1,双平,S,4724.4000,4724.2000,4723.8000,4723.6000,4723.0000,4727.0000,4727.8000,4729.6000,4730.0000,4730.2000,2,1,1,1,1,1,1,3,1,1
SF,IC2006,2019-12-05 09:33:29.500,4726.0000,20794,0,351731880.000,0,-,-,-,-,4725.2000,4724.4000,4724.2000,4723.8000,4723.6000,4727.8000,4729.6000,4730.0000,4730.2000,4731.8000,1,2,1,1,1,1,3,1,1,1
SF,IC2006,2019-12-05 09:33:30.000,4726.0000,20794,0,351731880.000,0,-,-,-,-,4725.4000,4725.2000,4724.4000,4724.2000,4723.8000,4727.8000,4729.6000,4730.0000,4730.2000,4731.8000,1,1,2,1,1,1,3,1,1,1
SF,IC2006,2019-12-05 09:33:30.500,4726.0000,20794,0,351731880.000,0,-,-,-,-,4725.2000,4724.4000,4724.2000,4723.8000,4723.6000,4727.6000,4727.8000,4729.6000,4730.0000,4730.2000,1,2,1,1,1,1,1,3,1,1
SF,IC2006,2019-12-05 09:33:31.000,4726.0000,20794,0,351731880.000,0,-,-,-,-,4725.4000,4725.2000,4724.4000,4724.2000,4723.8000,4727.6000,4727.8000,4729.6000,4730.0000,4730.2000,1,1,2,2,1,1,1,3,1,1
SF,IC2006,2019-12-05 09:33:32.000,4725.4000,20792,-2,353622040.000,2,0,2,双平,S,4724.4000,4724.2000,4723.8000,4723.6000,4723.0000,4726.8000,4727.6000,4727.8000,4729.6000,4730.0000,2,2,1,1,1,2,1,1,3,1
SF,IC2006,2019-12-05 09:33:32.500,4725.4000,20792,0,353622040.000,0,-,-,-,-,4724.6000,4724.4000,4724.2000,4723.8000,4723.6000,4726.8000,4727.8000,4729.6000,4730.0000,4730.2000,1,2,2,1,1,2,1,3,1,1
SF,IC2006,2019-12-05 09:33:33.000,4725.4000,20792,0,353622040.000,0,-,-,-,-,4725.2000,4724.8000,4724.6000,4724.4000,4724.2000,4726.6000,4726.8000,4727.8000,4729.6000,4730.0000,5,1,1,2,2,1,2,1,3,1
SF,IC2006,2019-12-05 09:33:35.500,4725.2000,20792,0,355512120.000,2,1,1,多换,S,4725.2000,4724.8000,4724.6000,4724.4000,4724.2000,4726.6000,4726.8000,4727.8000,4729.6000,4730.0000,3,1,1,2,2,1,2,1,3,1
SF,IC2006,2019-12-05 09:33:36.000,4725.2000,20792,0,355512120.000,0,-,-,-,-,4725.6000,4725.4000,4725.2000,4724.8000,4724.4000,4726.8000,4727.8000,4729.6000,4730.0000,4730.2000,1,1,3,1,2,2,1,3,1,1
SF,IC2006,2019-12-05 09:33:36.500,4726.8000,20790,-2,357402840.000,2,0,2,双平,S,4726.8000,4725.6000,4725.4000,4725.2000,4724.8000,4727.8000,4729.6000,4730.0000,4730.2000,4731.8000,3,1,2,3,1,1,3,1,1,1
SF,IC2006,2019-12-05 09:33:37.000,4726.8000,20790,0,357402840.000,0,-,-,-,-,4726.8000,4725.4000,4725.2000,4724.8000,4724.4000,4727.6000,4727.8000,4729.6000,4730.0000,4730.2000,2,2,3,1,2,1,1,3,1,1
SF,IC2006,2019-12-05 09:33:37.500,4727.6000,20789,-1,358348360.000,1,0,1,双平,S,4726.8000,4725.4000,4725.2000,4724.8000,4724.4000,4727.8000,4729.6000,4730.0000,4730.2000,4731.8000,1,2,3,2,2,1,3,1,1,1
SF,IC2006,2019-12-05 09:33:38.000,4727.6000,20789,0,358348360.000,0,-,-,-,-,4726.8000,4725.4000,4725.2000,4724.8000,4724.4000,4727.8000,4729.6000,4730.0000,4730.2000,4731.8000,1,3,3,2,2,1,3,1,1,1
SF,IC2006,2019-12-05 09:33:39.500,4726.8000,20788,-1,359293720.000,1,0,1,双平,S,4725.4000,4725.2000,4724.8000,4724.4000,4724.2000,4726.8000,4727.8000,4729.6000,4730.0000,4730.2000,3,3,2,2,2,1,1,3,1,1
SF,IC2006,2019-12-05 09:33:40.000,4726.8000,20787,-1,360239080.000,1,0,1,双平,S,4726.8000,4725.4000,4725.2000,4724.8000,4724.4000,4727.8000,4729.6000,4730.0000,4730.2000,4731.8000,5,3,3,2,2,1,3,1,1,1
SF,IC2006,2019-12-05 09:33:40.500,4727.8000,20786,-1,361184640.000,1,0,1,双平,S,4726.8000,4725.4000,4725.2000,4724.8000,4724.4000,4729.6000,4730.0000,4730.2000,4731.8000,4733.0000,2,3,3,2,2,3,1,1,1,1
SF,IC2006,2019-12-05 09:33:41.000,4727.8000,20786,0,361184640.000,0,-,-,-,-,4727.2000,4727.0000,4726.8000,4725.6000,4725.4000,4729.6000,4730.0000,4730.2000,4731.8000,4733.0000,1,1,2,1,2,3,1,1,1,1
SF,IC2006,2019-12-05 09:33:41.500,4729.6000,20786,0,362130560.000,1,0,1,多换,S,4727.4000,4727.2000,4726.8000,4725.6000,4725.4000,4729.6000,4730.0000,4730.2000,4731.8000,4733.0000,1,1,2,1,2,2,1,1,1,1
SF,IC2006,2019-12-05 09:33:42.000,4729.6000,20786,0,362130560.000,0,-,-,-,-,4727.2000,4726.8000,4725.6000,4725.4000,4725.2000,4729.4000,4729.6000,4730.0000,4730.2000,4731.8000,1,1,1,2,3,1,2,1,1,1
SF,IC2006,2019-12-05 09:33:42.500,4729.6000,20786,0,362130560.000,0,-,-,-,-,4726.8000,4725.6000,4725.4000,4725.2000,4724.8000,4729.4000,4729.6000,4730.0000,4730.2000,4731.8000,1,1,2,3,1,1,2,1,1,1
SF,IC2006,2019-12-05 09:33:43.000,4729.6000,20786,0,362130560.000,0,-,-,-,-,4726.8000,4725.4000,4725.2000,4724.8000,4724.4000,4729.4000,4729.6000,4730.0000,4730.2000,4731.8000,1,2,3,1,2,1,2,1,1,1
SF,IC2006,2019-12-05 09:33:46.500,4729.6000,20786,0,362130560.000,0,-,-,-,-,4726.8000,4725.4000,4725.2000,4724.8000,4724.4000,4729.4000,4729.6000,4730.0000,4730.2000,4731.8000,1,2,3,1,2,1,2,1,1,1
SF,IC2006,2019-12-05 09:33:47.000,4729.6000,20786,0,362130560.000,0,-,-,-,-,4727.0000,4726.8000,4725.4000,4725.2000,4724.8000,4729.4000,4729.6000,4730.0000,4730.2000,4731.8000,1,1,2,3,1,1,2,1,1,1
SF,IC2006,2019-12-05 09:33:47.500,4729.6000,20786,0,362130560.000,0,-,-,-,-,4727.0000,4725.4000,4725.2000,4724.8000,4724.4000,4729.4000,4729.6000,4730.0000,4730.2000,4731.8000,1,2,3,1,2,1,2,1,1,1
SF,IC2006,2019-12-05 09:33:48.000,4729.6000,20786,0,362130560.000,0,-,-,-,-,4725.4000,4725.2000,4724.8000,4724.4000,4724.2000,4729.4000,4729.6000,4730.0000,4730.2000,4731.8000,2,3,1,2,2,1,2,1,1,1
SF,IC2006,2019-12-05 09:33:48.500,4729.6000,20786,0,362130560.000,0,-,-,-,-,4725.8000,4725.6000,4725.4000,4725.2000,4724.8000,4729.4000,4729.6000,4730.0000,4730.2000,4731.8000,1,1,2,3,1,1,2,1,1,1
SF,IC2006,2019-12-05 09:33:49.000,4729.6000,20786,0,362130560.000,0,-,-,-,-,4726.0000,4725.8000,4725.4000,4725.2000,4724.8000,4729.4000,4729.6000,4730.0000,4730.2000,4731.8000,1,1,2,3,1,1,2,1,1,1
SF,IC2006,2019-12-05 09:33:49.500,4729.6000,20786,0,362130560.000,0,-,-,-,-,4726.0000,4725.4000,4725.2000,4724.8000,4724.4000,4727.0000,4729.4000,4729.6000,4730.0000,4730.2000,1,2,3,1,2,1,1,2,1,1
SF,IC2006,2019-12-05 09:33:50.000,4729.6000,20786,0,362130560.000,0,-,-,-,-,4726.0000,4725.4000,4725.2000,4724.8000,4724.4000,4727.0000,4729.4000,4729.6000,4730.0000,4730.2000,1,1,3,1,2,1,1,2,1,1
SF,IC2006,2019-12-05 09:33:51.000,4727.0000,20786,0,363075960.000,1,0,1,多换,S,4726.0000,4725.4000,4725.2000,4724.8000,4724.4000,4729.4000,4729.6000,4730.0000,4730.2000,4731.8000,1,1,3,1,2,1,2,1,1,1
SF,IC2006,2019-12-05 09:33:51.500,4727.0000,20786,0,364021360.000,1,0,1,多换,S,4726.0000,4725.4000,4725.2000,4724.8000,4724.4000,4729.4000,4729.6000,4730.0000,4730.2000,4731.8000,1,1,3,1,2,1,2,1,1,1
SF,IC2006,2019-12-05 09:33:52.500,4729.4000,20786,0,364967240.000,1,0,1,多换,S,4726.6000,4726.0000,4725.4000,4725.2000,4724.8000,4729.6000,4730.0000,4730.2000,4731.8000,4733.0000,1,1,1,3,1,2,1,1,1,1
SF,IC2006,2019-12-05 09:33:53.000,4729.4000,20786,0,364967240.000,0,-,-,-,-,4726.8000,4726.6000,4725.4000,4725.2000,4724.8000,4729.6000,4730.0000,4730.2000,4731.8000,4733.0000,1,1,1,3,1,2,1,1,1,1
SF,IC2006,2019-12-05 09:33:53.500,4729.4000,20786,0,364967240.000,0,-,-,-,-,4726.8000,4726.6000,4725.4000,4725.2000,4724.8000,4729.4000,4729.6000,4730.0000,4730.2000,4731.8000,1,1,1,3,1,1,2,1,1,1
SF,IC2006,2019-12-05 09:33:54.000,4729.4000,20786,0,364967240.000,0,-,-,-,-,4727.0000,4726.8000,4725.4000,4725.2000,4724.8000,4729.4000,4729.6000,4730.0000,4730.2000,4730.4000,2,1,1,3,1,1,2,1,1,2
SF,IC2006,2019-12-05 09:33:54.500,4729.4000,20786,0,364967240.000,0,-,-,-,-,4727.2000,4727.0000,4725.4000,4725.2000,4724.8000,4729.4000,4729.6000,4730.0000,4730.2000,4730.4000,1,2,1,3,1,1,2,1,1,2
SF,IC2006,2019-12-05 09:33:55.000,4729.4000,20786,0,364967240.000,0,-,-,-,-,4727.0000,4725.4000,4725.2000,4724.8000,4724.4000,4729.4000,4729.6000,4730.0000,4730.2000,4730.4000,1,1,3,1,2,1,2,1,1,2
SF,IC2006,2019-12-05 09:33:55.500,4729.4000,20786,0,364967240.000,0,-,-,-,-,4725.4000,4725.2000,4724.8000,4724.4000,4724.2000,4729.4000,4729.6000,4730.0000,4730.2000,4730.4000,1,3,1,2,2,1,2,1,1,2
SF,IC2006,2019-12-05 09:33:56.000,4729.4000,20786,0,364967240.000,0,-,-,-,-,4725.6000,4725.4000,4725.2000,4724.8000,4724.4000,4729.4000,4729.6000,4730.0000,4730.2000,4730.4000,1,1,3,1,2,1,2,1,1,2
SF,IC2006,2019-12-05 09:33:57.500,4729.4000,20786,0,364967240.000,0,-,-,-,-,4725.6000,4725.4000,4725.2000,4724.8000,4724.4000,4729.4000,4729.6000,4730.0000,4730.2000,4730.4000,1,1,3,1,2,1,2,1,1,2
SF,IC2006,2019-12-05 09:33:58.000,4729.4000,20786,0,364967240.000,0,-,-,-,-,4725.8000,4725.6000,4725.4000,4725.2000,4724.8000,4729.4000,4729.6000,4730.0000,4730.2000,4730.4000,1,1,1,3,1,1,2,1,1,2
SF,IC2006,2019-12-05 09:33:58.500,4729.4000,20786,0,364967240.000,0,-,-,-,-,4726.0000,4725.8000,4725.4000,4725.2000,4724.8000,4729.0000,4729.4000,4729.6000,4730.0000,4730.2000,2,1,1,3,1,1,1,2,1,1
SF,IC2006,2019-12-05 09:33:59.000,4729.4000,20786,0,364967240.000,0,-,-,-,-,4726.0000,4725.8000,4725.4000,4725.2000,4724.8000,4728.8000,4729.0000,4729.6000,4730.0000,4730.2000,2,1,1,3,1,1,1,2,1,1
SF,IC2006,2019-12-05 09:33:59.500,4726.0000,20784,-2,366857640.000,2,0,2,双平,S,4726.0000,4725.8000,4725.4000,4725.2000,4724.8000,4728.8000,4729.6000,4730.0000,4730.2000,4730.4000,1,1,1,3,1,1,2,1,1,2
SF,IC2006,2019-12-05 09:34:00.000,4726.0000,20784,0,366857640.000,0,-,-,-,-,4726.2000,4725.8000,4725.4000,4725.2000,4724.8000,4728.8000,4729.6000,4730.0000,4730.2000,4730.4000,2,1,1,3,1,1,3,1,1,2
SF,IC2006,2019-12-05 09:34:01.000,4728.8000,20784,0,367803400.000,1,0,1,多换,S,4728.8000,4726.4000,4726.2000,4725.8000,4725.4000,4729.6000,4730.0000,4730.2000,4730.4000,4730.8000,1,1,2,1,1,3,1,1,2,5
SF,IC2006,2019-12-05 09:34:01.500,4728.8000,20784,0,368749160.000,1,0,1,多换,S,4726.4000,4726.2000,4725.8000,4725.4000,4725.2000,4728.4000,4729.6000,4730.0000,4730.2000,4730.4000,1,2,1,1,3,2,3,1,1,2
SF,IC2006,2019-12-05 09:34:02.000,4728.8000,20784,0,368749160.000,0,-,-,-,-,4726.6000,4726.4000,4725.4000,4725.2000,4724.8000,4729.6000,4730.0000,4730.2000,4730.4000,4730.8000,2,4,1,3,1,3,1,1,2,5
SF,IC2006,2019-12-05 09:34:02.500,4726.8000,20782,-2,370639920.000,2,0,2,双平,S,4726.8000,4726.6000,4726.4000,4725.4000,4725.2000,4729.4000,4729.6000,4730.0000,4730.2000,4730.4000,2,2,4,1,3,1,3,1,1,2
SF,IC2006,2019-12-05 09:34:03.000,4726.8000,20782,0,370639920.000,0,-,-,-,-,4727.2000,4727.0000,4726.8000,4726.6000,4726.4000,4729.6000,4730.0000,4730.2000,4730.4000,4730.8000,1,1,3,1,4,3,1,1,2,5
SF,IC2006,2019-12-05 09:34:03.500,4726.8000,20782,0,370639920.000,0,-,-,-,-,4727.4000,4727.2000,4727.0000,4726.8000,4726.6000,4729.6000,4730.0000,4730.2000,4730.4000,4730.8000,4,2,2,2,1,3,1,1,2,5
SF,IC2006,2019-12-05 09:34:04.000,4726.8000,20782,0,370639920.000,0,-,-,-,-,4727.6000,4727.4000,4727.2000,4727.0000,4726.8000,4729.6000,4730.0000,4730.2000,4730.4000,4730.8000,1,6,2,2,2,3,1,1,2,5
SF,IC2006,2019-12-05 09:34:04.500,4726.8000,20782,0,371585280.000,1,0,1,多换,S,4728.0000,4727.4000,4727.2000,4727.0000,4726.8000,4729.6000,4730.0000,4730.2000,4730.4000,4730.8000,1,5,1,1,2,3,1,1,2,5
SF,IC2006,2019-12-05 09:34:05.000,4727.4000,20779,-3,374421840.000,3,0,3,双平,S,4727.0000,4726.8000,4726.6000,4726.4000,4725.4000,4729.4000,4729.6000,4730.0000,4730.2000,4730.4000,1,2,1,1,1,1,3,1,1,2
SF,IC2006,2019-12-05 09:34:05.500,4727.4000,20779,0,374421840.000,0,-,-,-,-,4727.2000,4727.0000,4726.8000,4725.4000,4725.2000,4727.4000,4729.4000,4729.6000,4730.0000,4730.2000,3,1,1,1,3,10,1,3,1,1
SF,IC2006,2019-12-05 09:34:06.000,4727.4000,20769,-10,383876640.000,10,0,10,双平,S,4727.4000,4727.2000,4727.0000,4726.8000,4725.4000,4729.6000,4730.0000,4730.2000,4730.4000,4730.8000,5,2,1,1,1,3,1,1,2,5
SF,IC2006,2019-12-05 09:34:06.500,4727.4000,20768,-1,384822120.000,1,0,1,双平,S,4727.6000,4727.4000,4727.2000,4726.8000,4725.4000,4729.6000,4730.0000,4730.2000,4730.4000,4730.8000,2,5,1,1,1,3,1,1,2,5
SF,IC2006,2019-12-05 09:34:07.000,4727.4000,20768,0,384822120.000,0,-,-,-,-,4727.6000,4727.4000,4727.2000,4726.8000,4725.2000,4729.4000,4729.6000,4730.0000,4730.2000,4730.4000,2,2,1,1,3,1,3,1,1,2
SF,IC2006,2019-12-05 09:34:07.500,4727.4000,20765,-3,387658560.000,3,0,3,双平,S,4727.4000,4727.2000,4726.8000,4725.2000,4724.8000,4729.4000,4729.6000,4730.0000,4730.2000,4730.4000,2,1,1,3,1,1,3,1,1,2
SF,IC2006,2019-12-05 09:34:08.000,4727.4000,20764,-1,388604040.000,1,0,1,双平,S,4727.4000,4726.8000,4726.4000,4725.2000,4724.8000,4729.4000,4729.6000,4730.0000,4730.2000,4730.4000,2,1,1,3,1,1,3,1,1,2
SF,IC2006,2019-12-05 09:34:08.500,4727.4000,20763,-1,389549520.000,1,0,1,双平,S,4727.6000,4727.4000,4726.8000,4726.4000,4725.2000,4729.2000,4729.4000,4729.6000,4730.0000,4730.2000,1,1,1,1,4,1,1,3,1,1
SF,IC2006,2019-12-05 09:34:09.000,4727.4000,20763,0,389549520.000,0,-,-,-,-,4727.6000,4727.4000,4726.8000,4726.4000,4725.2000,4729.0000,4729.6000,4730.0000,4730.2000,4730.4000,1,1,1,1,4,2,3,1,1,2
SF,IC2006,2019-12-05 09:34:09.500,4727.6000,20762,-1,391440840.000,2,0,2,多平,S,4727.4000,4726.8000,4726.4000,4725.2000,4724.8000,4729.0000,4729.6000,4730.0000,4730.2000,4730.4000,1,1,1,4,1,1,3,1,1,2
SF,IC2006,2019-12-05 09:34:10.000,4727.4000,20761,-1,392386320.000,1,0,1,双平,S,4726.8000,4726.4000,4725.2000,4724.8000,4724.4000,4727.6000,4729.0000,4729.6000,4730.0000,4730.2000,1,1,4,1,1,2,1,3,1,1
SF,IC2006,2019-12-05 09:34:10.500,4727.6000,20760,-1,393331840.000,1,0,1,双平,S,4726.8000,4726.4000,4725.2000,4724.8000,4724.4000,4727.6000,4729.0000,4729.6000,4730.0000,4730.2000,1,1,4,1,1,1,1,3,1,1
SF,IC2006,2019-12-05 09:34:11.000,4727.6000,20758,-2,395222880.000,2,0,2,双平,S,4727.6000,4726.8000,4725.2000,4724.8000,4724.4000,4729.0000,4729.6000,4730.0000,4730.2000,4730.4000,2,1,4,1,1,1,3,1,1,2
SF,IC2006,2019-12-05 09:34:11.500,4728.8000,20756,-2,398059680.000,3,0,3,多平,S,4726.8000,4725.2000,4724.8000,4724.4000,4724.2000,4727.4000,4729.0000,4729.6000,4730.0000,4730.2000,1,4,1,1,2,1,1,3,1,1
SF,IC2006,2019-12-05 09:34:12.000,4727.4000,20755,-1,399005160.000,1,0,1,双平,S,4726.8000,4725.2000,4724.8000,4724.4000,4724.2000,4729.0000,4729.6000,4730.0000,4730.2000,4730.4000,1,4,1,1,2,1,3,1,1,2
SF,IC2006,2019-12-05 09:34:12.500,4726.8000,20754,-1,399950520.000,1,0,1,双平,S,4725.2000,4724.8000,4724.4000,4724.2000,4723.8000,4729.0000,4729.6000,4730.0000,4730.2000,4730.4000,4,1,1,2,1,1,3,1,1,2
SF,IC2006,2019-12-05 09:34:13.000,4725.4000,20753,-1,400895600.000,1,0,1,双平,S,4726.0000,4725.4000,4725.2000,4725.0000,4724.8000,4726.8000,4729.0000,4729.6000,4730.0000,4730.2000,1,1,4,1,1,2,1,3,1,1
SF,IC2006,2019-12-05 09:34:13.500,4726.8000,20751,-2,402786320.000,2,0,2,双平,S,4726.8000,4726.0000,4725.4000,4725.2000,4725.0000,4729.6000,4730.0000,4730.2000,4730.4000,4730.8000,4,2,1,4,1,3,1,1,2,5
SF,IC2006,2019-12-05 09:34:14.000,4726.8000,20751,0,402786320.000,0,-,-,-,-,4726.8000,4726.0000,4725.2000,4725.0000,4724.8000,4729.4000,4729.6000,4730.0000,4730.2000,4730.4000,3,2,3,1,1,1,3,1,1,2
SF,IC2006,2019-12-05 09:34:14.500,4726.8000,20750,-1,403731680.000,1,0,1,双平,S,4726.8000,4726.0000,4725.2000,4725.0000,4724.8000,4729.4000,4729.6000,4730.0000,4730.2000,4730.4000,1,2,3,1,1,1,3,1,1,2
SF,IC2006,2019-12-05 09:34:15.000,4729.4000,20749,-1,405622920.000,2,0,2,多平,S,4726.0000,4725.6000,4725.2000,4725.0000,4724.8000,4729.6000,4730.0000,4730.2000,4730.4000,4730.8000,2,1,3,1,1,3,1,1,2,5
SF,IC2006,2019-12-05 09:34:15.500,4729.4000,20748,-1,406568800.000,1,0,1,双平,S,4727.4000,4726.6000,4726.2000,4726.0000,4725.6000,4729.6000,4730.0000,4730.2000,4730.4000,4730.8000,1,1,1,1,1,3,1,1,2,5
SF,IC2006,2019-12-05 09:34:16.000,4729.4000,20747,-1,407514680.000,1,0,1,双平,S,4727.4000,4726.6000,4726.2000,4726.0000,4725.6000,4729.6000,4730.0000,4730.2000,4730.4000,4730.8000,1,1,1,1,1,3,1,1,2,5
SF,IC2006,2019-12-05 09:34:16.500,4727.4000,20746,-1,408460160.000,1,0,1,双平,S,4726.6000,4726.2000,4726.0000,4725.6000,4725.2000,4726.8000,4729.6000,4730.0000,4730.2000,4730.4000,1,1,1,1,3,1,3,1,1,2
SF,IC2006,2019-12-05 09:34:17.000,4727.2000,20745,-1,409405600.000,1,0,1,双平,S,4726.2000,4726.0000,4725.6000,4725.2000,4725.0000,4729.6000,4730.0000,4730.2000,4730.4000,4730.8000,1,1,1,3,1,3,1,1,2,5
SF,IC2006,2019-12-05 09:34:17.500,4727.0000,20744,-1,410351000.000,1,0,1,双平,S,4726.4000,4726.2000,4726.0000,4725.6000,4725.2000,4729.4000,4729.6000,4730.0000,4730.2000,4730.4000,1,1,1,1,3,1,4,1,1,2
SF,IC2006,2019-12-05 09:34:18.000,4727.0000,20744,0,410351000.000,0,-,-,-,-,4726.6000,4726.4000,4726.2000,4726.0000,4725.6000,4729.0000,4729.4000,4729.6000,4730.0000,4730.2000,1,1,1,1,1,1,1,4,1,1
SF,IC2006,2019-12-05 09:34:18.500,4726.6000,20743,-1,411296320.000,1,0,1,双平,S,4726.4000,4726.2000,4726.0000,4725.6000,4725.2000,4727.4000,4729.0000,4729.4000,4729.6000,4730.0000,1,1,1,1,3,10,1,1,4,1
SF,IC2006,2019-12-05 09:34:19.000,4727.4000,20742,-1,412241800.000,1,0,1,双平,S,4726.4000,4726.2000,4726.0000,4725.6000,4725.2000,4727.4000,4729.4000,4729.6000,4730.0000,4730.2000,2,1,1,1,3,9,1,4,1,1
SF,IC2006,2019-12-05 09:34:19.500,4727.4000,20742,0,412241800.000,0,-,-,-,-,4726.4000,4726.2000,4726.0000,4725.6000,4725.2000,4727.4000,4729.4000,4729.6000,4730.0000,4730.2000,2,1,1,1,3,9,1,4,1,1
SF,IC2006,2019-12-05 09:34:20.000,4726.0000,20739,-3,416022800.000,4,0,4,多平,S,4725.2000,4724.4000,4724.2000,4723.8000,4723.6000,4726.0000,4726.2000,4726.4000,4727.2000,4727.4000,3,1,2,1,1,1,1,1,1,9
SF,IC2006,2019-12-05 09:34:20.500,4726.0000,20732,-7,424529040.000,9,1,8,多平,S,4726.0000,4725.2000,4724.4000,4724.2000,4723.6000,4726.2000,4726.4000,4727.2000,4727.4000,4729.4000,2,1,1,2,1,1,2,1,9,1
SF,IC2006,2019-12-05 09:34:21.000,4726.4000,20729,-3,428309960.000,4,0,4,多平,S,4726.2000,4725.2000,4724.4000,4724.2000,4723.6000,4727.2000,4727.4000,4729.4000,4729.6000,4730.0000,1,1,1,2,1,1,9,1,4,1
SF,IC2006,2019-12-05 09:34:21.500,4726.4000,20729,0,428309960.000,0,-,-,-,-,4726.2000,4725.2000,4724.4000,4724.2000,4723.6000,4727.4000,4729.4000,4729.6000,4730.0000,4730.2000,1,1,1,1,1,9,1,4,1,1
SF,IC2006,2019-12-05 09:34:22.000,4726.4000,20729,0,428309960.000,0,-,-,-,-,4726.2000,4725.2000,4724.4000,4724.2000,4723.6000,4727.2000,4727.4000,4729.4000,4729.6000,4730.0000,2,1,1,1,1,1,9,1,4,1
SF,IC2006,2019-12-05 09:34:22.500,4726.2000,20727,-2,430200440.000,2,0,2,双平,S,4725.2000,4724.4000,4724.2000,4723.6000,4723.0000,4726.2000,4727.0000,4727.4000,4729.4000,4729.6000,1,1,1,2,1,3,1,9,1,4
SF,IC2006,2019-12-05 09:34:23.000,4726.2000,20727,0,430200440.000,0,-,-,-,-,4725.4000,4725.2000,4724.4000,4724.2000,4723.6000,4726.2000,4727.0000,4727.4000,4729.4000,4729.6000,2,1,1,1,2,3,1,9,1,4
SF,IC2006,2019-12-05 09:34:23.500,4726.2000,20726,-1,433035840.000,3,1,2,多平,S,4725.2000,4724.4000,4724.2000,4723.6000,4723.0000,4726.2000,4727.0000,4727.4000,4729.4000,4729.6000,1,1,1,2,1,2,1,9,1,4
SF,IC2006,2019-12-05 09:34:24.000,4726.2000,20726,0,433035840.000,0,-,-,-,-,4725.2000,4724.4000,4724.2000,4723.6000,4723.0000,4726.2000,4727.0000,4727.4000,4729.6000,4730.0000,1,1,1,2,1,2,1,9,4,1
SF,IC2006,2019-12-05 09:34:24.500,4725.2000,20723,-3,436816600.000,4,0,4,多平,S,4724.4000,4724.2000,4723.6000,4723.0000,4721.0000,4727.0000,4727.4000,4729.6000,4730.0000,4730.2000,1,1,2,1,1,1,9,4,1,1
SF,IC2006,2019-12-05 09:34:25.000,4725.2000,20723,0,436816600.000,0,-,-,-,-,4724.4000,4724.2000,4723.6000,4723.0000,4721.0000,4726.8000,4727.4000,4729.6000,4730.0000,4730.2000,1,1,1,1,1,1,9,4,1,1
SF,IC2006,2019-12-05 09:34:25.500,4724.4000,20723,0,437761480.000,1,0,1,多换,S,4724.2000,4723.6000,4723.0000,4721.0000,4720.2000,4726.6000,4727.4000,4729.6000,4730.0000,4730.2000,1,1,1,1,2,1,9,4,1,1
SF,IC2006,2019-12-05 09:34:26.000,4724.4000,20723,0,437761480.000,0,-,-,-,-,4725.0000,4724.2000,4723.6000,4723.0000,4721.0000,4726.4000,4727.4000,4729.6000,4730.0000,4730.2000,1,1,1,1,1,2,9,4,1,1
SF,IC2006,2019-12-05 09:34:26.500,4724.4000,20723,0,438706360.000,1,0,1,多换,S,4724.2000,4723.6000,4723.0000,4721.0000,4720.2000,4726.2000,4726.4000,4727.4000,4729.6000,4730.0000,1,1,1,1,2,1,1,9,4,1
SF,IC2006,2019-12-05 09:34:27.000,4724.2000,20722,-1,439651200.000,1,0,1,双平,S,4723.6000,4723.0000,4721.0000,4720.2000,4720.0000,4727.4000,4729.6000,4730.0000,4730.2000,4730.4000,1,1,1,2,2,9,4,1,1,2
SF,IC2006,2019-12-05 09:34:27.500,4724.2000,20722,0,439651200.000,0,-,-,-,-,4723.6000,4723.0000,4721.0000,4720.2000,4720.0000,4727.2000,4727.4000,4729.6000,4730.0000,4730.2000,1,1,1,2,2,1,9,4,1,1
SF,IC2006,2019-12-05 09:34:28.000,4724.2000,20722,0,439651200.000,0,-,-,-,-,4723.6000,4723.0000,4721.0000,4720.2000,4720.0000,4726.8000,4727.0000,4727.4000,4729.6000,4730.0000,1,1,1,2,2,1,1,9,4,1
SF,IC2006,2019-12-05 09:34:28.500,4724.2000,20722,0,439651200.000,0,-,-,-,-,4723.8000,4723.6000,4723.0000,4721.0000,4720.2000,4726.4000,4726.6000,4726.8000,4727.4000,4729.6000,1,1,1,1,2,1,1,1,9,4
SF,IC2006,2019-12-05 09:34:29.000,4724.2000,20722,0,439651200.000,0,-,-,-,-,4724.0000,4723.8000,4723.6000,4723.0000,4721.0000,4726.4000,4726.6000,4726.8000,4727.4000,4729.6000,1,1,1,1,1,1,1,1,9,4
SF,IC2006,2019-12-05 09:34:29.500,4724.2000,20722,0,439651200.000,0,-,-,-,-,4724.0000,4723.8000,4723.6000,4723.0000,4721.0000,4726.2000,4726.8000,4727.4000,4729.6000,4730.0000,1,1,1,1,1,1,1,9,4,1
SF,IC2006,2019-12-05 09:34:30.000,4724.2000,20722,0,439651200.000,0,-,-,-,-,4724.2000,4723.8000,4723.6000,4723.0000,4721.0000,4726.0000,4726.8000,4727.4000,4729.6000,4730.0000,1,1,1,1,1,1,1,9,4,1
SF,IC2006,2019-12-05 09:34:30.500,4724.2000,20722,0,439651200.000,0,-,-,-,-,4723.8000,4723.6000,4723.0000,4721.0000,4720.2000,4724.0000,4725.8000,4726.8000,4727.4000,4729.6000,1,1,1,1,2,3,1,1,9,4
SF,IC2006,2019-12-05 09:34:31.000,4724.0000,20719,-3,442485600.000,3,0,3,双平,S,4724.0000,4723.8000,4723.6000,4723.0000,4721.0000,4725.8000,4726.8000,4727.4000,4729.6000,4730.0000,1,1,1,1,1,1,1,9,4,1
SF,IC2006,2019-12-05 09:34:31.500,4724.0000,20719,0,442485600.000,0,-,-,-,-,4724.2000,4724.0000,4723.8000,4723.6000,4723.0000,4725.8000,4726.8000,4727.4000,4729.6000,4730.0000,1,1,1,1,1,1,1,9,4,1
SF,IC2006,2019-12-05 09:34:32.000,4724.0000,20718,-1,443430400.000,1,0,1,双平,S,4723.8000,4723.6000,4723.0000,4721.0000,4720.2000,4725.8000,4726.8000,4727.4000,4729.6000,4730.0000,1,1,1,1,2,1,1,9,4,1
SF,IC2006,2019-12-05 09:34:32.500,4724.0000,20718,0,443430400.000,0,-,-,-,-,4723.8000,4723.6000,4723.0000,4721.0000,4720.2000,4725.8000,4726.8000,4727.4000,4729.6000,4730.0000,1,1,1,1,2,1,1,9,4,1
SF,IC2006,2019-12-05 09:34:33.000,4724.0000,20718,0,443430400.000,0,-,-,-,-,4724.2000,4724.0000,4723.8000,4723.6000,4723.0000,4725.8000,4726.8000,4727.4000,4729.6000,4730.0000,1,1,1,1,1,1,1,9,4,1
SF,IC2006,2019-12-05 09:34:33.500,4724.0000,20717,-1,444375200.000,1,0,1,双平,S,4723.8000,4723.6000,4723.0000,4721.0000,4720.2000,4725.8000,4726.8000,4727.4000,4729.6000,4730.0000,1,1,1,1,2,1,1,9,4,1
SF,IC2006,2019-12-05 09:34:34.000,4724.0000,20717,0,444375200.000,0,-,-,-,-,4723.8000,4723.6000,4723.0000,4721.0000,4720.2000,4724.0000,4725.6000,4726.8000,4727.4000,4729.6000,1,1,1,1,2,1,1,1,9,4
SF,IC2006,2019-12-05 09:34:34.500,4724.0000,20716,-1,445320000.000,1,0,1,双平,S,4724.0000,4723.8000,4723.6000,4723.0000,4721.0000,4725.6000,4726.8000,4727.4000,4729.6000,4730.0000,2,1,1,1,1,1,1,9,4,1
SF,IC2006,2019-12-05 09:34:35.000,4723.8000,20715,-1,446264760.000,1,0,1,双平,S,4723.6000,4723.0000,4721.0000,4720.2000,4720.0000,4725.6000,4726.8000,4727.4000,4729.6000,4730.0000,1,1,1,2,2,1,1,9,4,1
SF,IC2006,2019-12-05 09:34:35.500,4723.8000,20715,0,446264760.000,0,-,-,-,-,4723.6000,4723.0000,4721.0000,4720.2000,4720.0000,4725.6000,4726.8000,4727.4000,4729.6000,4730.0000,1,1,3,2,2,1,1,9,4,1
SF,IC2006,2019-12-05 09:34:36.000,4723.8000,20715,0,446264760.000,0,-,-,-,-,4723.8000,4723.6000,4723.0000,4721.0000,4720.2000,4725.6000,4727.4000,4729.6000,4730.0000,4730.2000,1,1,1,3,2,1,9,4,1,1
SF,IC2006,2019-12-05 09:34:36.500,4723.8000,20715,0,446264760.000,0,-,-,-,-,4723.6000,4723.0000,4721.0000,4720.2000,4720.0000,4725.4000,4727.4000,4729.6000,4730.0000,4730.2000,1,1,3,2,2,1,9,4,1,1
SF,IC2006,2019-12-05 09:34:37.000,4723.8000,20715,0,446264760.000,0,-,-,-,-,4723.6000,4723.0000,4721.0000,4720.2000,4720.0000,4725.2000,4727.4000,4729.6000,4730.0000,4730.2000,1,1,3,2,2,1,9,4,1,1
SF,IC2006,2019-12-05 09:34:37.500,4723.8000,20715,0,446264760.000,0,-,-,-,-,4723.6000,4723.0000,4721.0000,4720.2000,4720.0000,4725.0000,4727.4000,4729.6000,4730.0000,4730.2000,1,1,3,2,2,1,9,4,1,1
SF,IC2006,2019-12-05 09:34:38.000,4723.8000,20715,0,446264760.000,0,-,-,-,-,4723.8000,4723.6000,4723.0000,4721.0000,4720.2000,4727.4000,4729.6000,4730.0000,4730.2000,4730.4000,1,1,1,3,2,9,4,1,1,2
SF,IC2006,2019-12-05 09:34:38.500,4723.8000,20715,0,446264760.000,0,-,-,-,-,4723.6000,4723.0000,4721.0000,4720.2000,4720.0000,4727.2000,4727.4000,4729.6000,4730.0000,4730.2000,1,1,3,2,2,1,9,4,1,1
SF,IC2006,2019-12-05 09:34:39.000,4723.8000,20715,0,446264760.000,0,-,-,-,-,4723.6000,4723.0000,4721.0000,4720.2000,4720.0000,4726.0000,4727.0000,4727.4000,4729.6000,4730.0000,1,1,3,2,2,1,2,9,4,1
SF,IC2006,2019-12-05 09:34:39.500,4723.8000,20715,0,446264760.000,0,-,-,-,-,4723.8000,4723.6000,4723.0000,4721.0000,4720.2000,4725.8000,4726.0000,4727.0000,4727.4000,4729.6000,1,1,1,3,2,1,1,1,9,4
SF,IC2006,2019-12-05 09:34:40.000,4723.8000,20715,0,446264760.000,0,-,-,-,-,4723.8000,4723.6000,4723.4000,4723.0000,4721.0000,4725.6000,4726.0000,4727.0000,4727.4000,4729.6000,1,1,1,1,3,2,1,1,9,4
SF,IC2006,2019-12-05 09:34:40.500,4723.8000,20715,0,446264760.000,0,-,-,-,-,4723.8000,4723.6000,4723.4000,4723.0000,4721.0000,4725.4000,4725.6000,4726.0000,4727.0000,4727.4000,1,1,1,1,3,1,1,1,1,9
SF,IC2006,2019-12-05 09:34:41.000,4723.8000,20715,0,446264760.000,0,-,-,-,-,4723.8000,4723.6000,4723.4000,4723.0000,4721.0000,4725.2000,4725.6000,4726.0000,4727.0000,4727.4000,1,1,1,1,3,1,1,1,1,9
