市场代码,合约代码,时间,最新,持仓,增仓,成交额,成交量,开仓,平仓,成交类型,方向,买一价,买二价,买三价,买四价,买五价,卖一价,卖二价,卖三价,卖四价,卖五价,买一量,买二量,买三量,买四量,买五量,卖一量,卖二量,卖三量,卖四量,卖五量
SF,IC2006,2019-12-06 09:29:00.100,4758.0000,21019,0,951600.000,1.000,-,-,-,-,4756.0000,4753.8000,4750.0000,4748.2000,4747.2000,4762.6000,4765.0000,4769.0000,4770.8000,4776.6000,1,1,1,1,1,1,1,5,1,4
SF,IC2006,2019-12-06 09:30:00.100,4762.6000,21020,1,1904120.000,1,1,0,双开,S,4761.6000,4760.0000,4758.4000,4758.0000,4756.4000,4765.0000,4769.0000,4770.8000,4772.0000,4774.4000,1,1,1,2,1,1,5,1,1,1
SF,IC2006,2019-12-06 09:30:00.600,4761.8000,21019,-1,2856480.000,1,0,1,双平,S,4761.6000,4759.4000,4758.4000,4758.0000,4756.4000,4764.8000,4765.0000,4769.0000,4770.8000,4772.0000,1,1,1,2,1,2,1,5,1,1
SF,IC2006,2019-12-06 09:30:01.100,4761.8000,21020,1,3808840.000,1,1,0,双开,S,4762.6000,4761.8000,4758.0000,4757.0000,4756.4000,4764.6000,4764.8000,4765.0000,4769.0000,4770.8000,1,1,2,1,1,1,2,1,5,1
SF,IC2006,2019-12-06 09:30:01.600,4761.8000,21019,-1,5713720.000,2,0,2,多平,S,4758.0000,4757.0000,4756.0000,4754.4000,4752.0000,4764.6000,4764.8000,4765.0000,4769.0000,4770.8000,1,1,2,5,5,1,1,3,5,1
SF,IC2006,2019-12-06 09:30:02.100,4761.8000,21019,0,5713720.000,0,-,-,-,-,4758.2000,4758.0000,4757.0000,4756.0000,4754.4000,4763.2000,4764.6000,4764.8000,4765.0000,4769.0000,1,1,1,2,5,1,1,1,3,5
SF,IC2006,2019-12-06 09:30:02.600,4761.8000,21019,0,5713720.000,0,-,-,-,-,4758.2000,4758.0000,4757.0000,4756.0000,4754.4000,4762.2000,4763.0000,4763.2000,4764.8000,4765.0000,1,1,1,2,5,1,1,1,1,3
SF,IC2006,2019-12-06 09:30:03.100,4762.0000,21019,0,6666120.000,1,0,1,多换,S,4758.2000,4758.0000,4757.0000,4756.0000,4754.4000,4762.0000,4762.2000,4763.2000,4764.8000,4765.0000,1,1,2,2,5,1,1,1,1,3
SF,IC2006,2019-12-06 09:30:03.600,4762.0000,21019,0,6666120.000,0,-,-,-,-,4758.2000,4758.0000,4757.0000,4756.0000,4754.4000,4761.6000,4761.8000,4762.2000,4763.2000,4765.0000,1,1,2,2,5,1,1,1,1,3
SF,IC2006,2019-12-06 09:30:04.100,4762.0000,21019,0,6666120.000,0,-,-,-,-,4759.6000,4758.2000,4758.0000,4757.0000,4756.0000,4761.4000,4761.6000,4762.2000,4763.2000,4765.0000,3,1,1,2,2,1,2,1,1,3
SF,IC2006,2019-12-06 09:30:04.600,4758.2000,21019,0,10473520.000,4,2,2,多换,S,4758.0000,4757.0000,4756.0000,4754.4000,4753.4000,4761.0000,4761.2000,4761.4000,4761.6000,4763.0000,1,2,2,5,1,1,1,1,2,1
SF,IC2006,2019-12-06 09:30:05.100,4758.2000,21018,-1,11425160.000,1,0,1,双平,S,4758.0000,4757.0000,4756.0000,4754.4000,4753.4000,4760.0000,4760.8000,4761.0000,4761.2000,4761.6000,1,2,2,5,1,2,1,1,1,2
SF,IC2006,2019-12-06 09:30:05.600,4758.2000,21018,0,11425160.000,0,-,-,-,-,4758.2000,4758.0000,4757.0000,4756.0000,4754.4000,4760.0000,4760.8000,4761.0000,4761.6000,4763.0000,1,1,2,2,5,1,1,1,2,1
SF,IC2006,2019-12-06 09:30:06.100,4758.2000,21017,-1,12376800.000,1,0,1,双平,S,4758.2000,4758.0000,4757.0000,4756.0000,4754.4000,4759.8000,4760.0000,4761.0000,4761.6000,4763.0000,1,1,2,2,5,1,2,1,2,1
SF,IC2006,2019-12-06 09:30:06.600,4758.0000,21017,0,14280040.000,2,1,1,多换,S,4757.0000,4756.0000,4754.4000,4753.4000,4750.8000,4759.8000,4760.0000,4761.0000,4761.6000,4763.2000,2,2,5,1,1,1,2,1,2,1
SF,IC2006,2019-12-06 09:30:07.100,4758.0000,21017,0,14280040.000,0,-,-,-,-,4757.0000,4756.0000,4754.4000,4753.4000,4750.8000,4759.8000,4760.0000,4761.0000,4761.6000,4763.2000,2,2,5,1,1,1,2,1,7,1
SF,IC2006,2019-12-06 09:30:07.600,4758.0000,21017,0,14280040.000,0,-,-,-,-,4757.0000,4756.0000,4754.4000,4753.4000,4750.8000,4759.8000,4760.0000,4761.0000,4761.6000,4763.2000,2,2,5,1,1,1,3,1,7,1
SF,IC2006,2019-12-06 09:30:08.100,4758.0000,21017,0,14280040.000,0,-,-,-,-,4757.0000,4756.0000,4754.4000,4750.8000,4750.0000,4759.8000,4760.0000,4761.0000,4761.6000,4763.2000,2,2,5,1,1,1,3,1,7,1
SF,IC2006,2019-12-06 09:30:09.100,4758.0000,21017,0,14280040.000,0,-,-,-,-,4757.0000,4756.0000,4754.4000,4752.4000,4750.8000,4759.8000,4760.0000,4761.0000,4761.6000,4763.2000,2,2,5,1,1,1,3,1,7,1
SF,IC2006,2019-12-06 09:30:09.600,4758.0000,21017,0,14280040.000,0,-,-,-,-,4757.0000,4756.0000,4754.4000,4752.4000,4750.8000,4759.8000,4760.0000,4761.0000,4761.6000,4763.2000,1,2,5,1,1,1,3,1,7,1
SF,IC2006,2019-12-06 09:30:10.100,4757.0000,21017,0,16182880.000,2,1,1,多换,S,4756.0000,4754.4000,4752.4000,4750.8000,4750.0000,4759.6000,4759.8000,4760.0000,4761.0000,4761.6000,2,5,1,1,1,2,1,3,1,7
SF,IC2006,2019-12-06 09:30:10.600,4757.0000,21017,0,16182880.000,0,-,-,-,-,4756.2000,4756.0000,4754.4000,4752.4000,4750.8000,4759.4000,4759.6000,4760.0000,4761.0000,4761.6000,1,2,5,1,1,1,1,3,1,7
SF,IC2006,2019-12-06 09:30:11.100,4756.0000,21018,1,18085320.000,2,1,1,空开,S,4756.0000,4754.4000,4752.4000,4750.8000,4750.0000,4759.2000,4759.4000,4759.6000,4760.0000,4761.0000,1,5,1,1,1,1,1,1,3,1
SF,IC2006,2019-12-06 09:30:11.600,4756.0000,21018,0,18085320.000,0,-,-,-,-,4756.0000,4754.4000,4752.4000,4750.8000,4750.0000,4759.0000,4759.2000,4759.6000,4760.0000,4761.0000,1,5,1,1,1,1,1,1,2,1
SF,IC2006,2019-12-06 09:30:12.100,4758.0000,21019,1,19036920.000,1,1,0,双开,S,4756.2000,4756.0000,4754.4000,4752.4000,4750.8000,4758.4000,4759.0000,4759.2000,4759.6000,4760.0000,1,1,5,1,1,1,1,1,1,2
SF,IC2006,2019-12-06 09:30:12.600,4758.0000,21019,0,19036920.000,0,-,-,-,-,4756.0000,4754.4000,4752.4000,4750.8000,4750.0000,4758.2000,4758.8000,4759.2000,4759.6000,4760.0000,1,5,1,1,1,1,1,1,1,2
SF,IC2006,2019-12-06 09:30:13.100,4758.0000,21019,0,19036920.000,0,-,-,-,-,4756.0000,4754.4000,4752.4000,4750.8000,4750.0000,4757.2000,4758.2000,4758.4000,4758.8000,4759.2000,1,5,1,1,1,1,1,1,1,1
SF,IC2006,2019-12-06 09:30:13.600,4757.4000,21019,0,19988400.000,1,0,1,多换,S,4757.6000,4756.0000,4754.4000,4752.4000,4750.8000,4758.2000,4758.8000,4759.2000,4759.6000,4760.0000,1,1,5,1,1,1,1,1,1,2
SF,IC2006,2019-12-06 09:30:14.100,4757.4000,21019,0,19988400.000,0,-,-,-,-,4757.2000,4756.0000,4754.4000,4752.4000,4752.0000,4757.4000,4758.2000,4758.4000,4758.8000,4759.2000,1,1,5,1,1,1,1,1,1,1
SF,IC2006,2019-12-06 09:30:14.600,4757.2000,21019,0,20939840.000,1,0,1,多换,S,4756.0000,4754.4000,4752.4000,4752.0000,4750.8000,4757.4000,4758.2000,4758.4000,4758.8000,4759.2000,1,5,1,1,1,1,1,1,1,1
SF,IC2006,2019-12-06 09:30:15.100,4757.2000,21019,0,20939840.000,0,-,-,-,-,4756.0000,4754.4000,4752.4000,4752.0000,4750.8000,4757.4000,4758.2000,4758.8000,4759.2000,4759.6000,1,5,1,1,1,1,1,1,1,1
SF,IC2006,2019-12-06 09:30:16.100,4757.4000,21018,-1,21891320.000,1,0,1,双平,S,4756.0000,4755.0000,4754.4000,4752.4000,4752.0000,4758.2000,4758.8000,4759.2000,4759.6000,4760.0000,1,1,5,1,1,1,1,1,1,2
SF,IC2006,2019-12-06 09:30:16.600,4757.4000,21018,0,22842800.000,1,0,1,多换,S,4757.6000,4756.2000,4756.0000,4755.0000,4754.4000,4758.0000,4758.2000,4758.8000,4759.2000,4759.6000,1,1,1,1,5,1,1,1,1,1
SF,IC2006,2019-12-06 09:30:17.100,4758.2000,21016,-2,24746040.000,2,0,2,双平,S,4758.4000,4757.6000,4756.2000,4756.0000,4755.0000,4758.8000,4759.2000,4759.6000,4760.0000,4761.0000,1,1,1,1,1,1,1,1,1,1
SF,IC2006,2019-12-06 09:30:17.600,4758.4000,21016,0,25697720.000,1,0,1,多换,S,4757.6000,4756.2000,4756.0000,4755.0000,4754.4000,4758.8000,4759.2000,4759.6000,4760.0000,4761.0000,1,1,1,1,5,1,1,1,1,1
SF,IC2006,2019-12-06 09:30:18.100,4758.4000,21016,0,25697720.000,0,-,-,-,-,4757.6000,4756.2000,4756.0000,4755.0000,4754.4000,4758.6000,4758.8000,4759.2000,4759.6000,4760.0000,1,1,1,1,5,1,1,1,1,1
SF,IC2006,2019-12-06 09:30:18.600,4758.8000,21014,-2,27601200.000,2,0,2,双平,S,4757.6000,4756.2000,4756.0000,4755.0000,4754.4000,4759.2000,4760.0000,4761.0000,4761.6000,4763.2000,1,1,1,1,5,1,1,1,6,1
SF,IC2006,2019-12-06 09:30:19.100,4758.8000,21014,0,27601200.000,0,-,-,-,-,4757.6000,4756.2000,4756.0000,4755.0000,4754.4000,4758.2000,4759.0000,4759.2000,4760.0000,4761.0000,1,1,1,1,5,1,1,1,1,1
SF,IC2006,2019-12-06 09:30:19.600,4758.4000,21014,0,28552880.000,1,0,1,多换,S,4758.4000,4757.6000,4756.2000,4756.0000,4755.0000,4759.0000,4759.2000,4760.0000,4761.0000,4761.6000,3,1,1,1,1,1,1,1,1,6
SF,IC2006,2019-12-06 09:30:20.100,4758.4000,21011,-3,31407920.000,3,0,3,双平,S,4756.2000,4756.0000,4755.0000,4754.4000,4752.4000,4758.4000,4759.0000,4759.2000,4761.0000,4761.6000,1,1,1,5,1,1,1,1,1,6
SF,IC2006,2019-12-06 09:30:20.600,4758.4000,21011,0,31407920.000,0,-,-,-,-,4756.2000,4756.0000,4755.0000,4754.4000,4752.4000,4758.2000,4759.2000,4761.0000,4761.6000,4763.2000,1,1,1,5,1,1,1,1,6,1
SF,IC2006,2019-12-06 09:30:21.100,4758.4000,21011,0,31407920.000,0,-,-,-,-,4756.4000,4756.2000,4756.0000,4755.0000,4754.4000,4758.4000,4761.0000,4761.6000,4763.2000,4765.0000,1,1,1,1,5,1,1,6,1,1
SF,IC2006,2019-12-06 09:30:21.600,4758.4000,21011,0,31407920.000,0,-,-,-,-,4756.6000,4756.4000,4756.0000,4755.0000,4754.4000,4758.2000,4758.4000,4761.0000,4761.6000,4763.2000,1,1,1,1,5,1,1,1,6,1
SF,IC2006,2019-12-06 09:30:22.100,4756.6000,21010,-1,32359240.000,1,0,1,双平,S,4756.0000,4755.0000,4754.4000,4752.4000,4752.0000,4757.2000,4758.2000,4758.4000,4761.0000,4761.6000,1,1,5,1,1,1,1,2,1,6
SF,IC2006,2019-12-06 09:30:23.100,4756.6000,21010,0,32359240.000,0,-,-,-,-,4756.0000,4755.0000,4754.4000,4753.6000,4752.4000,4757.2000,4758.2000,4758.4000,4761.0000,4761.6000,1,1,5,1,1,1,1,2,1,6
SF,IC2006,2019-12-06 09:30:23.600,4756.6000,21010,0,32359240.000,0,-,-,-,-,4756.0000,4755.0000,4754.4000,4753.6000,4752.4000,4757.0000,4757.2000,4758.4000,4761.0000,4761.6000,1,1,5,1,1,1,1,2,1,6
SF,IC2006,2019-12-06 09:30:24.100,4756.0000,21010,0,33310440.000,1,0,1,多换,S,4755.0000,4754.4000,4753.6000,4752.4000,4752.0000,4756.0000,4757.0000,4757.2000,4758.0000,4758.4000,1,5,1,1,1,1,1,1,1,2
SF,IC2006,2019-12-06 09:30:24.600,4756.0000,21010,0,33310440.000,0,-,-,-,-,4755.0000,4754.4000,4753.6000,4752.4000,4752.0000,4757.0000,4758.0000,4758.4000,4761.0000,4761.6000,1,5,1,1,1,1,1,2,1,6
SF,IC2006,2019-12-06 09:30:25.100,4756.0000,21010,0,33310440.000,0,-,-,-,-,4755.0000,4754.4000,4753.6000,4752.4000,4752.0000,4756.0000,4757.0000,4758.0000,4758.4000,4761.0000,1,5,1,1,1,1,1,1,2,1
SF,IC2006,2019-12-06 09:30:25.600,4756.0000,21010,0,33310440.000,0,-,-,-,-,4755.0000,4754.4000,4753.6000,4752.4000,4752.0000,4756.0000,4757.0000,4758.0000,4758.4000,4761.0000,1,5,1,1,1,1,1,1,2,1
SF,IC2006,2019-12-06 09:30:26.100,4756.0000,21011,1,36164040.000,3,2,1,空开,S,4757.0000,4756.0000,4755.0000,4754.4000,4753.6000,4758.0000,4758.4000,4761.0000,4761.6000,4765.0000,9,3,1,5,1,1,2,1,6,1
SF,IC2006,2019-12-06 09:30:26.600,4757.0000,21011,0,37115440.000,1,0,1,多换,S,4757.0000,4756.0000,4755.0000,4754.4000,4753.6000,4757.8000,4758.0000,4758.4000,4761.0000,4761.6000,8,5,1,5,1,1,1,2,1,6
SF,IC2006,2019-12-06 09:30:27.100,4757.0000,21011,0,38066840.000,1,0,1,多换,S,4757.0000,4756.0000,4755.0000,4754.4000,4753.6000,4757.8000,4758.0000,4758.4000,4761.0000,4761.6000,7,5,1,5,1,1,1,2,1,6
SF,IC2006,2019-12-06 09:30:27.600,4758.0000,21009,-2,39970000.000,2,0,2,双平,S,4757.0000,4756.0000,4755.0000,4754.4000,4753.6000,4758.4000,4761.0000,4761.6000,4765.0000,4769.0000,7,5,1,5,1,2,1,6,1,5
SF,IC2006,2019-12-06 09:30:28.100,4758.0000,21009,0,39970000.000,0,-,-,-,-,4757.2000,4757.0000,4756.0000,4755.0000,4754.4000,4757.4000,4758.2000,4758.4000,4761.0000,4761.6000,3,7,5,1,5,1,1,1,1,6
SF,IC2006,2019-12-06 09:30:28.600,4757.4000,21009,0,40921480.000,1,0,1,多换,S,4758.0000,4757.8000,4757.6000,4757.4000,4757.2000,4758.2000,4758.4000,4761.0000,4761.6000,4765.0000,1,2,2,1,3,1,1,1,6,1
SF,IC2006,2019-12-06 09:30:29.100,4758.0000,21006,-3,43776360.000,3,0,3,双平,S,4757.8000,4757.6000,4757.4000,4757.0000,4756.0000,4758.0000,4758.4000,4761.0000,4761.6000,4765.0000,2,2,1,7,3,4,1,1,6,1
SF,IC2006,2019-12-06 09:30:29.600,4758.0000,21006,0,47582760.000,4,2,2,多换,S,4757.6000,4757.4000,4757.0000,4756.0000,4755.0000,4758.4000,4761.0000,4761.6000,4765.0000,4769.0000,2,1,7,3,1,1,1,6,1,5
SF,IC2006,2019-12-06 09:30:30.100,4758.2000,21005,-1,48534400.000,1,0,1,双平,S,4757.0000,4756.0000,4755.0000,4754.4000,4753.6000,4757.6000,4758.4000,4761.0000,4761.6000,4765.0000,7,3,1,5,1,1,1,1,6,1
SF,IC2006,2019-12-06 09:30:30.600,4757.8000,21005,0,49485960.000,1,0,1,多换,S,4757.0000,4756.0000,4755.0000,4754.4000,4753.6000,4758.4000,4761.0000,4761.6000,4765.0000,4769.0000,7,3,1,5,1,1,1,6,1,5
SF,IC2006,2019-12-06 09:30:31.100,4757.0000,21004,-1,52340160.000,3,1,2,多平,S,4757.0000,4756.0000,4755.0000,4754.4000,4753.6000,4758.2000,4758.4000,4761.0000,4761.6000,4765.0000,4,3,1,5,1,1,1,1,6,1
SF,IC2006,2019-12-06 09:30:31.600,4757.0000,21004,0,52340160.000,0,-,-,-,-,4757.0000,4756.0000,4755.0000,4754.4000,4753.6000,4757.2000,4758.2000,4758.4000,4761.0000,4761.6000,4,4,1,5,1,1,1,1,1,6
SF,IC2006,2019-12-06 09:30:32.100,4757.2000,21004,0,53291600.000,1,0,1,多换,S,4757.2000,4757.0000,4756.0000,4755.0000,4754.4000,4758.4000,4761.0000,4761.6000,4765.0000,4769.0000,1,4,4,1,5,1,1,6,1,5
SF,IC2006,2019-12-06 09:30:32.600,4757.2000,21004,0,53291600.000,0,-,-,-,-,4757.2000,4757.0000,4756.0000,4755.0000,4754.4000,4761.0000,4761.6000,4765.0000,4769.0000,4774.4000,1,4,4,1,5,1,6,1,5,1
SF,IC2006,2019-12-06 09:30:33.100,4757.2000,21004,0,53291600.000,0,-,-,-,-,4757.4000,4757.2000,4757.0000,4756.0000,4755.0000,4760.0000,4760.8000,4761.0000,4761.6000,4765.0000,1,1,4,4,1,2,3,1,6,1
SF,IC2006,2019-12-06 09:30:33.600,4757.2000,21004,0,53291600.000,0,-,-,-,-,4757.4000,4757.2000,4757.0000,4756.0000,4755.0000,4759.8000,4760.0000,4760.8000,4761.0000,4761.6000,2,1,4,4,1,1,2,1,1,5
SF,IC2006,2019-12-06 09:30:34.100,4757.2000,21004,0,53291600.000,0,-,-,-,-,4757.4000,4757.2000,4757.0000,4756.0000,4755.0000,4759.8000,4760.0000,4760.8000,4761.0000,4761.6000,1,1,4,4,1,3,4,1,1,5
SF,IC2006,2019-12-06 09:30:34.600,4757.2000,21004,0,53291600.000,0,-,-,-,-,4757.6000,4757.4000,4757.2000,4757.0000,4756.0000,4759.8000,4760.0000,4760.8000,4761.0000,4761.6000,1,1,1,4,4,3,2,1,1,5
SF,IC2006,2019-12-06 09:30:35.100,4757.2000,21004,0,53291600.000,0,-,-,-,-,4757.4000,4757.2000,4757.0000,4756.0000,4755.0000,4759.8000,4760.0000,4760.8000,4761.0000,4761.2000,1,1,4,4,1,3,2,1,1,1
SF,IC2006,2019-12-06 09:30:35.600,4757.2000,21004,0,53291600.000,0,-,-,-,-,4757.4000,4757.2000,4757.0000,4756.0000,4755.0000,4759.8000,4760.0000,4760.8000,4761.0000,4761.2000,1,1,4,4,1,3,3,1,1,1
SF,IC2006,2019-12-06 09:30:36.100,4757.2000,21004,0,53291600.000,0,-,-,-,-,4757.6000,4757.4000,4757.2000,4757.0000,4756.0000,4759.8000,4760.0000,4761.0000,4761.2000,4761.6000,2,1,1,4,4,3,2,1,1,5
SF,IC2006,2019-12-06 09:30:36.600,4757.2000,21004,0,53291600.000,0,-,-,-,-,4757.6000,4757.4000,4757.2000,4757.0000,4756.0000,4759.8000,4760.0000,4761.0000,4761.2000,4761.6000,1,1,1,4,4,3,2,1,1,5
SF,IC2006,2019-12-06 09:30:37.100,4757.2000,21004,0,53291600.000,0,-,-,-,-,4757.6000,4757.2000,4757.0000,4756.0000,4755.0000,4759.8000,4760.0000,4761.0000,4761.6000,4765.0000,1,1,4,4,1,3,3,1,5,1
SF,IC2006,2019-12-06 09:30:37.600,4757.6000,21003,-1,54243120.000,1,0,1,双平,S,4757.0000,4756.0000,4755.0000,4754.4000,4753.6000,4757.6000,4759.8000,4760.0000,4761.0000,4761.6000,4,4,1,5,1,1,3,3,1,5
SF,IC2006,2019-12-06 09:30:38.100,4757.6000,21003,0,54243120.000,0,-,-,-,-,4757.2000,4757.0000,4756.0000,4755.0000,4754.4000,4759.8000,4760.0000,4761.0000,4761.6000,4765.0000,1,4,4,1,5,3,2,1,5,1
SF,IC2006,2019-12-06 09:30:38.600,4757.6000,21003,0,54243120.000,0,-,-,-,-,4757.2000,4757.0000,4756.0000,4755.0000,4754.4000,4758.8000,4759.8000,4760.0000,4761.0000,4761.6000,1,4,4,1,5,1,3,2,1,5
SF,IC2006,2019-12-06 09:30:39.100,4757.6000,21003,0,54243120.000,0,-,-,-,-,4757.2000,4757.0000,4756.0000,4755.0000,4754.4000,4758.4000,4758.6000,4758.8000,4759.6000,4759.8000,1,4,4,1,5,1,2,1,1,2
SF,IC2006,2019-12-06 09:30:39.600,4757.6000,21003,0,54243120.000,0,-,-,-,-,4757.2000,4757.0000,4756.0000,4755.0000,4754.4000,4758.6000,4758.8000,4759.8000,4760.0000,4761.0000,1,4,4,1,5,2,1,1,1,1
SF,IC2006,2019-12-06 09:30:40.600,4757.6000,21003,0,54243120.000,0,-,-,-,-,4757.2000,4757.0000,4756.0000,4755.0000,4754.4000,4758.2000,4758.6000,4758.8000,4759.8000,4760.0000,1,4,4,1,5,1,1,1,1,1
SF,IC2006,2019-12-06 09:30:41.600,4758.2000,21002,-1,56146200.000,2,0,2,多平,S,4757.0000,4756.0000,4755.0000,4754.4000,4753.6000,4758.6000,4758.8000,4759.8000,4760.0000,4761.0000,4,4,1,5,1,1,1,1,1,1
SF,IC2006,2019-12-06 09:30:42.100,4758.2000,21002,0,56146200.000,0,-,-,-,-,4757.0000,4756.0000,4755.0000,4754.4000,4753.6000,4758.4000,4758.6000,4758.8000,4759.0000,4759.8000,4,4,1,5,1,1,1,1,3,1
SF,IC2006,2019-12-06 09:30:42.600,4758.2000,21002,0,56146200.000,0,-,-,-,-,4757.2000,4757.0000,4756.0000,4755.0000,4754.4000,4758.4000,4758.6000,4758.8000,4759.0000,4759.8000,1,4,4,1,5,1,1,1,3,1
SF,IC2006,2019-12-06 09:30:43.100,4758.2000,21002,0,56146200.000,0,-,-,-,-,4758.6000,4758.4000,4757.2000,4757.0000,4756.0000,4758.8000,4759.0000,4759.8000,4760.0000,4761.0000,1,3,1,4,4,1,3,1,1,1
SF,IC2006,2019-12-06 09:30:43.600,4759.0000,21002,0,58049760.000,2,1,1,多换,S,4758.6000,4758.4000,4757.2000,4757.0000,4756.0000,4759.0000,4759.8000,4761.0000,4761.6000,4765.0000,1,1,1,4,4,2,1,1,5,1
SF,IC2006,2019-12-06 09:30:44.100,4759.0000,21002,0,59953360.000,2,1,1,多换,S,4758.6000,4758.4000,4757.2000,4757.0000,4756.0000,4759.8000,4761.0000,4761.6000,4765.0000,4769.0000,1,1,1,4,4,1,1,5,1,5
SF,IC2006,2019-12-06 09:30:44.600,4759.0000,21002,0,59953360.000,0,-,-,-,-,4758.4000,4757.2000,4757.0000,4756.0000,4755.0000,4758.8000,4759.8000,4761.0000,4765.0000,4766.4000,1,1,4,4,1,1,1,1,1,5
SF,IC2006,2019-12-06 09:30:45.100,4758.8000,21002,0,60905120.000,1,0,1,多换,S,4758.4000,4757.2000,4757.0000,4756.4000,4756.0000,4759.8000,4761.0000,4765.0000,4766.4000,4769.0000,1,1,4,1,4,1,1,1,5,5
SF,IC2006,2019-12-06 09:30:45.600,4758.8000,21002,0,60905120.000,0,-,-,-,-,4758.4000,4757.2000,4757.0000,4756.4000,4756.0000,4759.6000,4759.8000,4761.0000,4765.0000,4766.4000,1,1,4,1,4,1,1,1,1,5
SF,IC2006,2019-12-06 09:30:46.100,4758.6000,21002,0,61856840.000,1,0,1,多换,S,4758.4000,4757.2000,4757.0000,4756.4000,4756.0000,4759.6000,4759.8000,4761.0000,4765.0000,4766.4000,1,1,4,1,4,1,1,1,1,5
SF,IC2006,2019-12-06 09:30:46.600,4758.6000,21002,0,61856840.000,0,-,-,-,-,4758.4000,4757.2000,4757.0000,4756.4000,4756.0000,4759.6000,4759.8000,4761.0000,4765.0000,4766.4000,1,1,4,1,4,1,1,1,1,5
SF,IC2006,2019-12-06 09:30:47.100,4758.6000,21002,0,61856840.000,0,-,-,-,-,4758.4000,4757.2000,4757.0000,4756.4000,4756.0000,4758.6000,4759.6000,4759.8000,4761.0000,4765.0000,1,1,4,1,4,1,1,1,1,1
SF,IC2006,2019-12-06 09:30:47.600,4758.6000,21002,0,62808560.000,1,0,1,多换,S,4758.4000,4757.2000,4757.0000,4756.4000,4756.0000,4759.6000,4759.8000,4760.0000,4761.0000,4765.0000,1,1,4,1,4,1,1,1,1,1
SF,IC2006,2019-12-06 09:30:48.100,4758.6000,21002,0,62808560.000,0,-,-,-,-,4759.2000,4758.8000,4758.6000,4758.4000,4757.0000,4759.8000,4760.0000,4761.0000,4765.0000,4766.4000,1,1,1,1,4,1,1,1,1,5
SF,IC2006,2019-12-06 09:30:48.600,4759.8000,21002,0,63760520.000,1,0,1,多换,S,4759.2000,4758.8000,4758.6000,4758.4000,4757.0000,4760.0000,4765.0000,4766.4000,4769.0000,4774.4000,1,1,1,1,4,1,1,5,5,1
SF,IC2006,2019-12-06 09:30:49.100,4760.0000,21002,0,64712520.000,1,0,1,多换,S,4759.8000,4759.4000,4758.8000,4758.4000,4757.0000,4765.0000,4766.4000,4769.0000,4774.4000,4776.6000,1,1,1,1,4,1,5,5,1,4
SF,IC2006,2019-12-06 09:30:49.600,4760.0000,21002,0,64712520.000,0,-,-,-,-,4760.0000,4757.0000,4756.4000,4756.0000,4755.0000,4761.6000,4763.2000,4764.0000,4764.8000,4765.0000,1,4,1,4,1,1,1,1,4,4
SF,IC2006,2019-12-06 09:30:50.100,4760.0000,21002,0,64712520.000,0,-,-,-,-,4757.0000,4756.4000,4756.0000,4755.0000,4754.4000,4760.0000,4761.4000,4763.2000,4764.8000,4765.0000,4,1,4,1,5,1,1,1,2,4
SF,IC2006,2019-12-06 09:30:50.600,4760.0000,21002,0,64712520.000,0,-,-,-,-,4757.2000,4757.0000,4756.4000,4756.0000,4755.0000,4759.0000,4759.8000,4760.0000,4761.0000,4761.4000,3,4,1,4,1,1,1,1,1,1
SF,IC2006,2019-12-06 09:30:51.100,4760.0000,21002,0,64712520.000,0,-,-,-,-,4757.2000,4757.0000,4756.4000,4756.0000,4755.0000,4759.0000,4759.8000,4760.0000,4761.0000,4761.4000,1,4,1,4,1,1,1,1,1,1
SF,IC2006,2019-12-06 09:30:51.600,4757.2000,21002,0,65663960.000,1,0,1,多换,S,4757.0000,4756.0000,4755.0000,4754.4000,4753.6000,4759.0000,4759.8000,4760.0000,4761.0000,4761.4000,4,4,1,5,1,1,1,1,1,1
SF,IC2006,2019-12-06 09:30:52.100,4757.2000,21002,0,65663960.000,0,-,-,-,-,4757.2000,4757.0000,4756.0000,4755.0000,4754.4000,4758.8000,4759.0000,4760.0000,4761.0000,4761.4000,1,4,1,1,5,2,1,1,1,1
SF,IC2006,2019-12-06 09:30:52.600,4757.2000,21002,0,65663960.000,0,-,-,-,-,4757.2000,4757.0000,4756.0000,4755.0000,4754.4000,4758.8000,4759.0000,4760.0000,4761.0000,4761.4000,1,4,1,1,5,2,1,1,1,1
SF,IC2006,2019-12-06 09:30:53.600,4757.2000,21002,0,65663960.000,0,-,-,-,-,4757.2000,4757.0000,4756.0000,4755.0000,4754.4000,4758.8000,4759.0000,4760.0000,4761.0000,4761.4000,1,4,1,1,5,2,1,1,1,1
SF,IC2006,2019-12-06 09:30:54.100,4757.2000,21002,0,65663960.000,0,-,-,-,-,4757.0000,4756.0000,4755.0000,4754.4000,4753.6000,4758.8000,4759.0000,4760.0000,4761.0000,4761.4000,4,1,1,5,1,2,1,1,1,1
SF,IC2006,2019-12-06 09:30:54.600,4757.2000,21002,0,65663960.000,0,-,-,-,-,4757.2000,4757.0000,4756.0000,4755.0000,4754.4000,4758.8000,4759.0000,4760.0000,4761.0000,4763.2000,1,4,1,1,5,2,1,1,1,1
SF,IC2006,2019-12-06 09:30:55.100,4757.2000,21002,0,65663960.000,0,-,-,-,-,4757.0000,4756.0000,4755.0000,4754.4000,4753.6000,4758.8000,4759.0000,4760.0000,4761.0000,4763.2000,4,1,1,5,1,2,1,1,1,1
SF,IC2006,2019-12-06 09:30:55.600,4757.2000,21002,0,65663960.000,0,-,-,-,-,4757.0000,4756.0000,4755.0000,4754.4000,4753.6000,4757.2000,4758.8000,4759.0000,4760.0000,4761.0000,4,1,1,5,1,1,2,1,1,1
SF,IC2006,2019-12-06 09:30:56.100,4757.2000,21002,0,65663960.000,0,-,-,-,-,4757.2000,4757.0000,4756.0000,4755.0000,4754.4000,4758.8000,4761.0000,4763.2000,4765.0000,4766.4000,2,4,1,1,5,2,1,1,1,5
SF,IC2006,2019-12-06 09:30:56.600,4757.8000,21002,0,66615520.000,1,0,1,多换,S,4758.0000,4757.4000,4757.2000,4757.0000,4756.0000,4758.8000,4761.0000,4763.2000,4765.0000,4766.4000,1,1,1,4,1,1,1,1,1,5
SF,IC2006,2019-12-06 09:30:57.100,4758.0000,21002,0,67567120.000,1,0,1,多换,S,4757.4000,4757.2000,4757.0000,4756.0000,4755.0000,4758.8000,4761.0000,4763.2000,4765.0000,4766.4000,1,1,4,1,1,1,1,1,1,5
SF,IC2006,2019-12-06 09:30:57.600,4757.4000,21001,-1,68518600.000,1,0,1,双平,S,4757.2000,4757.0000,4756.0000,4755.0000,4754.4000,4757.8000,4758.8000,4761.0000,4763.2000,4765.0000,1,4,1,1,5,1,1,1,1,1
SF,IC2006,2019-12-06 09:30:58.100,4757.4000,21001,0,68518600.000,0,-,-,-,-,4757.0000,4756.0000,4755.0000,4754.4000,4753.6000,4757.8000,4758.8000,4761.0000,4763.2000,4765.0000,4,1,1,5,1,1,1,1,1,1
SF,IC2006,2019-12-06 09:30:58.600,4757.8000,21001,0,69470160.000,1,0,1,多换,S,4758.0000,4757.0000,4756.0000,4755.0000,4754.4000,4758.8000,4761.0000,4763.2000,4765.0000,4766.4000,1,4,1,1,5,1,1,1,1,5
SF,IC2006,2019-12-06 09:30:59.100,4757.8000,21001,0,69470160.000,0,-,-,-,-,4757.0000,4756.0000,4755.0000,4754.4000,4753.6000,4758.8000,4761.0000,4763.2000,4765.0000,4766.4000,4,1,1,5,1,1,1,1,1,5
SF,IC2006,2019-12-06 09:30:59.600,4757.8000,21001,0,69470160.000,0,-,-,-,-,4757.2000,4757.0000,4756.0000,4755.0000,4754.4000,4757.8000,4758.8000,4761.0000,4763.2000,4765.0000,1,4,1,1,5,1,1,1,1,1
SF,IC2006,2019-12-06 09:31:00.100,4757.8000,21001,0,69470160.000,0,-,-,-,-,4757.0000,4756.0000,4755.0000,4754.4000,4753.6000,4757.8000,4758.8000,4761.0000,4763.2000,4765.0000,4,1,1,5,1,1,1,1,1,1
SF,IC2006,2019-12-06 09:31:00.600,4757.8000,21000,-1,71373280.000,2,0,2,多平,S,4757.0000,4756.0000,4755.0000,4754.4000,4753.6000,4757.8000,4758.8000,4761.0000,4763.2000,4765.0000,4,1,1,5,1,1,1,1,1,1
SF,IC2006,2019-12-06 09:31:01.100,4756.0000,20996,-4,76130080.000,5,0,5,多平,S,4755.0000,4754.4000,4753.6000,4752.0000,4751.2000,4755.8000,4757.0000,4757.6000,4757.8000,4761.0000,1,5,1,1,1,2,1,1,1,1
SF,IC2006,2019-12-06 09:31:01.600,4755.8000,20993,-3,78983400.000,3,0,3,双平,S,4755.2000,4754.4000,4753.6000,4752.0000,4751.2000,4757.0000,4757.6000,4757.8000,4761.0000,4763.2000,1,5,1,1,1,1,1,1,1,1
SF,IC2006,2019-12-06 09:31:02.100,4755.8000,20993,0,78983400.000,0,-,-,-,-,4755.2000,4754.4000,4753.6000,4752.0000,4751.2000,4756.0000,4757.0000,4757.6000,4757.8000,4761.0000,1,5,1,1,1,1,1,1,1,1
SF,IC2006,2019-12-06 09:31:02.600,4756.0000,20993,0,79934600.000,1,0,1,多换,S,4756.0000,4755.2000,4754.4000,4753.6000,4752.0000,4757.0000,4757.6000,4757.8000,4761.0000,4765.0000,2,2,5,1,1,1,1,1,1,1
SF,IC2006,2019-12-06 09:31:03.100,4756.0000,20993,0,79934600.000,0,-,-,-,-,4755.2000,4754.4000,4753.6000,4752.0000,4751.2000,4756.0000,4757.0000,4757.6000,4757.8000,4761.0000,2,5,1,1,1,1,2,1,1,1
SF,IC2006,2019-12-06 09:31:03.600,4757.0000,20992,-1,81837200.000,2,0,2,多平,S,4756.0000,4755.2000,4754.4000,4753.6000,4752.0000,4757.6000,4757.8000,4761.0000,4765.0000,4766.4000,1,2,5,1,1,1,1,1,1,5
SF,IC2006,2019-12-06 09:31:04.100,4757.0000,20992,0,81837200.000,0,-,-,-,-,4756.2000,4756.0000,4755.2000,4754.4000,4753.6000,4756.6000,4757.6000,4757.8000,4761.0000,4765.0000,1,1,2,5,1,1,1,1,1,1
SF,IC2006,2019-12-06 09:31:04.600,4756.6000,20992,0,82788520.000,1,0,1,多换,S,4756.2000,4756.0000,4755.2000,4754.4000,4753.6000,4757.6000,4757.8000,4761.0000,4765.0000,4766.4000,1,1,2,5,1,1,1,1,1,5
SF,IC2006,2019-12-06 09:31:05.100,4756.6000,20992,0,82788520.000,0,-,-,-,-,4756.2000,4756.0000,4755.2000,4755.0000,4754.4000,4757.6000,4757.8000,4761.0000,4765.0000,4766.4000,1,1,2,1,5,1,1,1,1,5
SF,IC2006,2019-12-06 09:31:05.600,4756.6000,20992,0,82788520.000,0,-,-,-,-,4756.0000,4755.2000,4755.0000,4754.4000,4753.6000,4756.6000,4757.4000,4757.6000,4757.8000,4761.0000,1,2,1,5,1,1,1,1,1,1
SF,IC2006,2019-12-06 09:31:06.100,4757.8000,20990,-2,85642880.000,3,0,3,多平,S,4758.2000,4756.2000,4756.0000,4755.2000,4755.0000,4761.0000,4765.0000,4766.4000,4769.0000,4774.4000,2,1,1,1,1,1,1,5,5,1
SF,IC2006,2019-12-06 09:31:06.600,4757.8000,20990,0,85642880.000,0,-,-,-,-,4758.2000,4756.8000,4756.2000,4756.0000,4755.2000,4760.0000,4760.8000,4761.0000,4765.0000,4766.4000,2,1,1,1,1,1,2,1,1,5
SF,IC2006,2019-12-06 09:31:07.100,4757.8000,20990,0,85642880.000,0,-,-,-,-,4756.8000,4756.2000,4756.0000,4755.2000,4755.0000,4759.0000,4759.8000,4760.0000,4761.0000,4765.0000,1,1,1,1,1,1,1,1,1,1
SF,IC2006,2019-12-06 09:31:07.600,4757.8000,20990,0,85642880.000,0,-,-,-,-,4757.0000,4756.8000,4756.0000,4755.2000,4755.0000,4759.0000,4759.8000,4761.0000,4765.0000,4766.4000,1,1,1,1,1,1,1,1,1,5
SF,IC2006,2019-12-06 09:31:08.100,4757.8000,20990,0,85642880.000,0,-,-,-,-,4757.2000,4757.0000,4756.8000,4756.0000,4755.2000,4759.0000,4759.8000,4761.0000,4765.0000,4766.4000,2,1,1,1,1,1,1,1,1,5
SF,IC2006,2019-12-06 09:31:08.600,4757.8000,20990,0,85642880.000,0,-,-,-,-,4757.2000,4757.0000,4756.8000,4756.0000,4755.2000,4758.8000,4759.0000,4761.0000,4765.0000,4766.4000,2,1,1,1,1,1,1,1,1,5
SF,IC2006,2019-12-06 09:31:09.100,4757.8000,20990,0,85642880.000,0,-,-,-,-,4757.2000,4757.0000,4756.0000,4755.2000,4755.0000,4758.8000,4759.0000,4761.0000,4765.0000,4766.4000,2,1,1,1,1,1,1,1,1,5
SF,IC2006,2019-12-06 09:31:09.600,4757.8000,20990,0,85642880.000,0,-,-,-,-,4757.0000,4756.0000,4755.2000,4755.0000,4754.4000,4758.8000,4759.0000,4761.0000,4765.0000,4766.4000,1,1,1,1,5,1,1,1,1,5
SF,IC2006,2019-12-06 09:31:10.100,4757.8000,20990,0,85642880.000,0,-,-,-,-,4757.0000,4756.0000,4755.2000,4755.0000,4754.4000,4758.6000,4758.8000,4759.0000,4761.0000,4765.0000,1,1,1,1,5,1,1,1,1,1
SF,IC2006,2019-12-06 09:31:11.100,4756.0000,20991,1,87545480.000,2,1,1,空开,S,4755.2000,4755.0000,4754.4000,4753.6000,4752.0000,4757.2000,4758.6000,4758.8000,4759.0000,4761.0000,1,1,5,1,1,2,1,1,1,1
SF,IC2006,2019-12-06 09:31:11.600,4757.2000,20991,0,89448360.000,2,1,1,多换,S,4757.2000,4755.4000,4755.2000,4755.0000,4754.4000,4758.8000,4761.0000,4762.0000,4765.0000,4766.4000,1,1,1,1,5,1,1,1,1,5
SF,IC2006,2019-12-06 09:31:12.100,4757.2000,20991,0,89448360.000,0,-,-,-,-,4757.2000,4756.0000,4755.4000,4755.2000,4755.0000,4758.8000,4761.0000,4762.0000,4765.0000,4766.4000,1,1,1,1,1,1,1,1,1,5
SF,IC2006,2019-12-06 09:31:12.600,4757.2000,20990,-1,90399800.000,1,0,1,双平,S,4756.0000,4755.4000,4755.2000,4755.0000,4754.4000,4757.8000,4758.8000,4761.0000,4762.0000,4765.0000,1,1,1,1,5,1,1,1,1,1
SF,IC2006,2019-12-06 09:31:13.100,4757.2000,20990,0,90399800.000,0,-,-,-,-,4757.2000,4756.0000,4755.4000,4755.2000,4755.0000,4757.8000,4758.0000,4758.6000,4758.8000,4761.0000,1,1,1,1,1,1,1,1,1,1
SF,IC2006,2019-12-06 09:31:13.600,4757.2000,20990,0,91351240.000,1,0,1,多换,S,4756.0000,4755.4000,4755.2000,4755.0000,4754.4000,4757.2000,4757.8000,4758.0000,4758.6000,4758.8000,1,1,1,2,5,1,1,1,1,1
SF,IC2006,2019-12-06 09:31:14.100,4756.0000,20989,-1,92302440.000,1,0,1,双平,S,4755.4000,4755.2000,4755.0000,4754.4000,4753.6000,4756.2000,4757.2000,4757.8000,4758.0000,4758.6000,1,1,2,5,1,2,3,1,1,1
SF,IC2006,2019-12-06 09:31:14.600,4756.2000,20989,0,93253680.000,1,0,1,多换,S,4755.2000,4755.0000,4754.4000,4753.6000,4752.0000,4756.2000,4757.2000,4758.0000,4758.8000,4761.0000,1,1,5,1,1,1,3,1,1,1
SF,IC2006,2019-12-06 09:31:15.100,4756.2000,20989,0,94204920.000,1,0,1,多换,S,4757.0000,4755.2000,4755.0000,4754.4000,4753.6000,4757.2000,4758.0000,4758.8000,4761.0000,4762.0000,4,1,1,5,1,3,1,1,1,1
SF,IC2006,2019-12-06 09:31:15.600,4757.0000,20989,0,98010520.000,4,2,2,多换,S,4755.2000,4755.0000,4754.4000,4753.6000,4752.0000,4757.0000,4757.2000,4758.0000,4758.8000,4761.0000,1,1,5,1,1,1,2,1,1,1
SF,IC2006,2019-12-06 09:31:16.100,4757.0000,20989,0,98010520.000,0,-,-,-,-,4755.4000,4755.2000,4755.0000,4754.4000,4753.6000,4757.2000,4758.0000,4758.8000,4761.0000,4762.0000,1,1,1,5,1,2,1,1,1,1
SF,IC2006,2019-12-06 09:31:16.600,4757.0000,20989,0,98010520.000,0,-,-,-,-,4755.4000,4755.2000,4755.0000,4754.4000,4753.6000,4757.0000,4757.2000,4758.0000,4759.0000,4761.0000,1,1,1,5,1,1,2,1,1,1
SF,IC2006,2019-12-06 09:31:17.100,4757.0000,20989,0,98010520.000,0,-,-,-,-,4755.2000,4755.0000,4754.4000,4753.6000,4752.0000,4756.8000,4757.0000,4757.2000,4758.0000,4759.0000,1,1,5,1,1,1,1,2,1,1
SF,IC2006,2019-12-06 09:31:17.600,4757.0000,20989,0,98010520.000,0,-,-,-,-,4756.2000,4755.4000,4755.2000,4755.0000,4754.4000,4756.8000,4757.2000,4758.0000,4759.0000,4761.0000,1,1,1,1,5,1,2,1,1,1
SF,IC2006,2019-12-06 09:31:18.100,4757.2000,20987,-2,99913360.000,2,0,2,双平,S,4757.4000,4757.0000,4756.2000,4755.4000,4755.2000,4758.0000,4759.0000,4761.0000,4762.0000,4765.0000,1,1,1,1,1,1,1,1,1,1
SF,IC2006,2019-12-06 09:31:18.600,4757.4000,20986,-1,100864840.000,1,0,1,双平,S,4757.0000,4756.2000,4755.4000,4755.2000,4755.0000,4757.8000,4758.0000,4759.0000,4761.0000,4762.0000,2,1,1,1,1,1,1,1,1,1
SF,IC2006,2019-12-06 09:31:19.100,4757.8000,20985,-1,101816400.000,1,0,1,双平,S,4757.0000,4756.8000,4756.2000,4755.6000,4755.4000,4758.0000,4759.0000,4761.0000,4762.0000,4765.0000,2,1,1,1,1,1,1,1,1,1
SF,IC2006,2019-12-06 09:31:20.600,4757.8000,20985,0,101816400.000,0,-,-,-,-,4757.0000,4756.8000,4756.2000,4755.6000,4755.4000,4758.0000,4759.0000,4761.0000,4762.0000,4765.0000,1,1,1,1,1,1,1,1,1,1
SF,IC2006,2019-12-06 09:31:21.100,4756.2000,20984,-1,104670400.000,3,1,2,多平,S,4755.6000,4755.2000,4755.0000,4754.4000,4753.6000,4756.6000,4756.8000,4757.0000,4757.8000,4758.0000,1,1,1,5,1,1,1,2,1,1
SF,IC2006,2019-12-06 09:31:21.600,4756.2000,20984,0,104670400.000,0,-,-,-,-,4755.6000,4755.2000,4755.0000,4754.4000,4753.6000,4756.8000,4757.0000,4757.8000,4758.0000,4759.0000,1,1,1,5,1,1,3,1,1,1
SF,IC2006,2019-12-06 09:31:22.100,4756.2000,20984,0,104670400.000,0,-,-,-,-,4755.2000,4755.0000,4754.4000,4753.6000,4752.0000,4756.8000,4757.0000,4757.8000,4758.0000,4759.0000,1,1,5,1,1,1,3,1,1,1
SF,IC2006,2019-12-06 09:31:22.600,4756.2000,20984,0,104670400.000,0,-,-,-,-,4755.4000,4755.2000,4755.0000,4754.4000,4753.6000,4756.6000,4756.8000,4757.0000,4758.0000,4759.0000,1,1,1,5,1,1,1,3,1,1
SF,IC2006,2019-12-06 09:31:23.100,4755.4000,20983,-1,105621480.000,1,0,1,双平,S,4755.2000,4755.0000,4754.4000,4753.6000,4752.0000,4755.4000,4756.6000,4756.8000,4757.0000,4758.0000,1,1,5,1,1,1,1,1,3,1
SF,IC2006,2019-12-06 09:31:23.600,4755.0000,20981,-2,108474520.000,3,0,3,多平,S,4754.4000,4753.6000,4752.0000,4751.2000,4750.8000,4755.0000,4755.2000,4756.6000,4756.8000,4757.0000,5,1,1,1,1,1,2,1,1,2
SF,IC2006,2019-12-06 09:31:24.100,4755.0000,20981,0,108474520.000,0,-,-,-,-,4754.4000,4753.6000,4752.0000,4751.2000,4750.8000,4755.2000,4756.6000,4756.8000,4757.0000,4758.0000,5,1,1,1,1,2,1,1,2,1
SF,IC2006,2019-12-06 09:31:24.600,4755.0000,20981,0,108474520.000,0,-,-,-,-,4754.4000,4753.6000,4752.0000,4751.2000,4750.8000,4755.2000,4756.6000,4756.8000,4757.0000,4758.0000,5,1,1,1,1,2,1,1,2,1
SF,IC2006,2019-12-06 09:31:25.100,4755.0000,20981,0,108474520.000,0,-,-,-,-,4755.0000,4754.4000,4753.6000,4752.0000,4751.2000,4755.2000,4756.6000,4756.8000,4757.0000,4758.0000,1,5,1,1,1,2,1,1,2,1
SF,IC2006,2019-12-06 09:31:26.100,4755.0000,20981,0,108474520.000,0,-,-,-,-,4755.2000,4755.0000,4754.4000,4753.6000,4752.0000,4756.6000,4756.8000,4757.0000,4758.0000,4759.0000,1,1,5,1,1,1,1,2,1,1
SF,IC2006,2019-12-06 09:31:26.600,4755.4000,20980,-1,110376720.000,2,0,2,多平,S,4755.2000,4755.0000,4754.4000,4753.6000,4752.0000,4756.6000,4756.8000,4757.0000,4758.0000,4759.0000,1,1,5,1,1,1,1,2,1,1
SF,IC2006,2019-12-06 09:31:27.100,4755.4000,20980,0,110376720.000,0,-,-,-,-,4755.2000,4755.0000,4754.4000,4753.6000,4752.0000,4756.4000,4756.6000,4756.8000,4757.0000,4758.0000,1,1,5,1,1,1,1,1,2,1
SF,IC2006,2019-12-06 09:31:27.600,4755.4000,20980,0,110376720.000,0,-,-,-,-,4755.2000,4755.0000,4754.4000,4753.6000,4752.0000,4755.4000,4756.2000,4756.4000,4756.8000,4757.0000,1,1,5,1,1,1,1,1,1,2
SF,IC2006,2019-12-06 09:31:28.600,4755.4000,20980,0,111327800.000,1,0,1,多换,S,4755.4000,4755.2000,4755.0000,4754.4000,4753.6000,4756.2000,4756.8000,4757.0000,4758.0000,4759.0000,1,1,1,5,1,1,1,2,1,1
SF,IC2006,2019-12-06 09:31:29.600,4756.2000,20979,-1,112279040.000,1,0,1,双平,S,4755.4000,4755.2000,4755.0000,4754.4000,4753.6000,4756.8000,4757.0000,4758.0000,4759.0000,4759.2000,1,1,1,5,1,1,2,1,1,1
SF,IC2006,2019-12-06 09:31:30.100,4756.2000,20979,0,112279040.000,0,-,-,-,-,4755.4000,4755.2000,4755.0000,4754.4000,4753.6000,4755.8000,4756.8000,4757.0000,4758.0000,4759.0000,1,1,1,5,1,1,1,2,1,1
SF,IC2006,2019-12-06 09:31:30.600,4756.2000,20979,0,112279040.000,0,-,-,-,-,4755.0000,4754.4000,4753.6000,4753.4000,4752.0000,4755.4000,4755.8000,4756.6000,4756.8000,4757.0000,1,5,1,1,1,1,1,1,1,2
SF,IC2006,2019-12-06 09:31:31.100,4756.2000,20979,0,112279040.000,0,-,-,-,-,4755.0000,4754.4000,4753.6000,4753.4000,4752.0000,4755.8000,4756.6000,4756.8000,4757.0000,4758.0000,1,5,1,1,1,1,1,1,2,1
SF,IC2006,2019-12-06 09:31:31.600,4755.0000,20979,0,113230040.000,1,0,1,多换,S,4754.4000,4753.6000,4753.4000,4752.0000,4751.2000,4755.8000,4756.0000,4756.8000,4758.0000,4759.0000,5,1,1,1,1,1,1,1,1,1
SF,IC2006,2019-12-06 09:31:32.100,4755.0000,20979,0,113230040.000,0,-,-,-,-,4754.4000,4753.6000,4753.4000,4752.0000,4751.2000,4755.8000,4756.0000,4756.8000,4758.0000,4759.0000,5,1,1,1,1,1,1,1,1,1
SF,IC2006,2019-12-06 09:31:33.100,4755.8000,20979,0,114181200.000,1,0,1,多换,S,4754.4000,4753.6000,4753.4000,4753.2000,4752.0000,4756.0000,4756.8000,4758.0000,4759.0000,4759.2000,5,1,1,1,1,1,1,1,1,1
SF,IC2006,2019-12-06 09:31:33.600,4755.8000,20979,0,114181200.000,0,-,-,-,-,4754.4000,4753.6000,4753.4000,4753.2000,4752.0000,4756.0000,4756.8000,4758.0000,4759.0000,4759.2000,5,1,1,1,1,1,1,1,1,1
SF,IC2006,2019-12-06 09:31:34.100,4756.0000,20978,-1,115132400.000,1,0,1,双平,S,4754.4000,4753.6000,4753.4000,4753.2000,4752.0000,4758.0000,4759.0000,4759.2000,4761.0000,4762.0000,5,1,1,1,1,1,1,1,1,1
SF,IC2006,2019-12-06 09:31:34.600,4756.0000,20978,0,115132400.000,0,-,-,-,-,4754.4000,4753.6000,4753.4000,4753.2000,4752.0000,4757.0000,4757.8000,4758.0000,4759.0000,4759.2000,5,1,1,1,1,1,1,2,1,1
SF,IC2006,2019-12-06 09:31:35.100,4756.0000,20978,0,115132400.000,0,-,-,-,-,4754.4000,4753.6000,4753.4000,4753.2000,4752.0000,4757.0000,4757.8000,4758.0000,4759.0000,4759.2000,5,1,1,1,1,1,1,2,1,1
SF,IC2006,2019-12-06 09:31:35.600,4756.0000,20978,0,115132400.000,0,-,-,-,-,4754.8000,4754.6000,4754.4000,4753.6000,4753.4000,4757.0000,4757.8000,4758.0000,4759.0000,4759.2000,1,1,5,1,1,1,1,2,1,1
SF,IC2006,2019-12-06 09:31:36.600,4756.0000,20978,0,115132400.000,0,-,-,-,-,4754.8000,4754.4000,4753.6000,4753.4000,4752.0000,4757.0000,4757.8000,4758.0000,4759.0000,4759.2000,1,5,1,1,1,1,1,2,1,1
SF,IC2006,2019-12-06 09:31:37.600,4756.0000,20978,0,115132400.000,0,-,-,-,-,4754.8000,4754.4000,4753.6000,4753.4000,4752.0000,4757.0000,4757.8000,4758.0000,4759.0000,4759.2000,1,5,1,1,1,2,1,2,1,1
SF,IC2006,2019-12-06 09:31:38.100,4756.0000,20978,0,115132400.000,0,-,-,-,-,4756.2000,4755.0000,4754.8000,4754.4000,4753.6000,4757.0000,4757.8000,4758.0000,4759.0000,4759.2000,1,1,1,5,1,2,1,2,1,1
SF,IC2006,2019-12-06 09:31:38.600,4756.0000,20978,0,115132400.000,0,-,-,-,-,4756.2000,4755.0000,4754.8000,4754.4000,4753.6000,4757.0000,4757.8000,4758.0000,4759.0000,4759.2000,1,1,1,5,1,2,1,1,1,1
SF,IC2006,2019-12-06 09:31:39.600,4756.0000,20978,0,115132400.000,0,-,-,-,-,4756.2000,4755.0000,4754.8000,4754.4000,4753.6000,4757.0000,4758.0000,4759.0000,4759.2000,4761.0000,1,1,1,5,1,2,1,1,1,1
SF,IC2006,2019-12-06 09:31:40.100,4756.0000,20978,0,115132400.000,0,-,-,-,-,4756.2000,4755.2000,4755.0000,4754.4000,4753.6000,4757.0000,4758.0000,4759.0000,4759.2000,4761.0000,1,1,1,5,1,2,1,1,1,1
SF,IC2006,2019-12-06 09:31:41.600,4756.0000,20978,0,115132400.000,0,-,-,-,-,4756.2000,4755.2000,4755.0000,4754.4000,4753.6000,4757.0000,4758.0000,4759.0000,4759.2000,4761.0000,1,1,1,5,1,2,1,1,1,1
SF,IC2006,2019-12-06 09:31:42.100,4756.0000,20978,0,115132400.000,0,-,-,-,-,4756.2000,4755.2000,4755.0000,4754.4000,4753.6000,4757.0000,4758.0000,4759.0000,4759.2000,4761.0000,1,1,1,5,1,2,1,1,1,1
SF,IC2006,2019-12-06 09:31:43.600,4756.2000,20977,-1,116083640.000,1,0,1,双平,S,4755.0000,4754.4000,4753.6000,4753.4000,4752.0000,4757.0000,4758.0000,4759.0000,4759.2000,4761.0000,1,5,1,1,1,2,1,1,1,1
SF,IC2006,2019-12-06 09:31:44.100,4756.2000,20977,0,116083640.000,0,-,-,-,-,4755.0000,4754.4000,4753.6000,4753.4000,4752.0000,4757.0000,4758.0000,4759.0000,4759.2000,4761.0000,1,5,1,1,1,2,1,1,1,1
SF,IC2006,2019-12-06 09:31:46.100,4756.2000,20977,0,116083640.000,0,-,-,-,-,4755.0000,4754.4000,4753.6000,4753.4000,4752.0000,4757.0000,4758.0000,4759.0000,4759.2000,4761.0000,1,5,1,1,1,2,1,1,1,1
SF,IC2006,2019-12-06 09:31:46.600,4756.2000,20977,0,116083640.000,0,-,-,-,-,4755.2000,4755.0000,4754.4000,4753.6000,4753.4000,4756.8000,4757.0000,4758.0000,4759.0000,4759.2000,1,1,5,1,1,1,2,1,1,1
SF,IC2006,2019-12-06 09:31:47.100,4755.4000,20976,-1,117034720.000,1,0,1,双平,S,4755.2000,4755.0000,4754.4000,4753.6000,4753.4000,4756.8000,4757.0000,4758.0000,4759.0000,4759.2000,1,1,5,1,1,1,2,1,1,1
SF,IC2006,2019-12-06 09:31:47.600,4757.0000,20976,0,117986120.000,1,0,1,多换,S,4755.2000,4755.0000,4754.4000,4753.6000,4753.4000,4757.0000,4758.0000,4759.0000,4759.2000,4761.0000,1,1,5,1,1,1,1,1,1,1
SF,IC2006,2019-12-06 09:31:48.100,4757.0000,20975,-1,118937520.000,1,0,1,双平,S,4757.4000,4757.2000,4757.0000,4755.2000,4755.0000,4758.0000,4759.0000,4759.2000,4761.0000,4762.0000,1,1,1,1,1,1,1,1,1,1
SF,IC2006,2019-12-06 09:31:48.600,4757.0000,20975,0,118937520.000,0,-,-,-,-,4757.4000,4757.2000,4757.0000,4755.2000,4754.4000,4758.0000,4759.0000,4759.2000,4761.0000,4762.0000,1,1,2,1,5,1,1,1,1,1
SF,IC2006,2019-12-06 09:31:49.100,4757.0000,20975,0,118937520.000,0,-,-,-,-,4757.2000,4757.0000,4755.2000,4754.4000,4753.6000,4758.0000,4759.0000,4759.2000,4761.0000,4762.0000,1,2,1,5,1,1,1,1,1,1
SF,IC2006,2019-12-06 09:31:49.600,4757.0000,20975,0,118937520.000,0,-,-,-,-,4757.0000,4755.2000,4754.4000,4753.6000,4753.4000,4758.0000,4759.0000,4759.2000,4761.0000,4762.0000,2,1,5,1,1,1,1,1,1,1
SF,IC2006,2019-12-06 09:31:50.100,4757.0000,20975,0,118937520.000,0,-,-,-,-,4757.0000,4755.2000,4754.4000,4753.6000,4753.4000,4758.0000,4759.0000,4759.2000,4761.0000,4762.0000,1,1,5,1,1,1,1,1,1,1
SF,IC2006,2019-12-06 09:31:50.600,4757.0000,20975,0,119888920.000,1,0,1,多换,S,4755.2000,4754.4000,4753.6000,4753.4000,4752.0000,4758.0000,4759.0000,4759.2000,4761.0000,4762.0000,1,5,1,1,1,1,1,1,1,1
SF,IC2006,2019-12-06 09:31:51.100,4757.0000,20975,0,119888920.000,0,-,-,-,-,4755.2000,4754.4000,4753.6000,4753.4000,4752.0000,4758.0000,4759.0000,4759.2000,4761.0000,4762.0000,1,5,1,1,1,1,1,1,1,1
SF,IC2006,2019-12-06 09:31:51.600,4757.0000,20975,0,119888920.000,0,-,-,-,-,4755.2000,4754.4000,4753.6000,4753.4000,4752.0000,4758.0000,4759.0000,4759.2000,4761.0000,4762.0000,1,5,1,1,1,1,1,1,1,1
SF,IC2006,2019-12-06 09:31:52.100,4757.0000,20975,0,119888920.000,0,-,-,-,-,4755.8000,4755.2000,4754.4000,4753.6000,4753.4000,4757.0000,4757.8000,4758.0000,4759.0000,4759.2000,1,1,5,1,1,1,2,1,1,1
SF,IC2006,2019-12-06 09:31:52.600,4757.0000,20975,0,119888920.000,0,-,-,-,-,4756.0000,4755.8000,4754.4000,4753.6000,4753.4000,4757.0000,4757.8000,4758.0000,4759.0000,4759.2000,1,1,5,1,1,1,1,1,1,1
SF,IC2006,2019-12-06 09:31:53.600,4757.0000,20976,1,120840320.000,1,1,0,双开,S,4756.0000,4755.8000,4754.4000,4753.6000,4753.4000,4758.0000,4759.0000,4759.2000,4761.0000,4762.0000,1,1,5,1,1,1,1,1,1,1
SF,IC2006,2019-12-06 09:31:54.100,4757.0000,20976,0,120840320.000,0,-,-,-,-,4756.0000,4754.4000,4753.6000,4753.4000,4752.0000,4757.8000,4758.0000,4759.0000,4759.2000,4761.0000,1,5,1,1,1,2,1,1,1,1
SF,IC2006,2019-12-06 09:31:54.600,4757.0000,20976,0,120840320.000,0,-,-,-,-,4756.0000,4754.4000,4753.6000,4753.4000,4752.0000,4757.8000,4758.0000,4759.0000,4759.2000,4761.0000,1,5,1,1,1,1,1,1,1,1
SF,IC2006,2019-12-06 09:31:55.100,4757.0000,20976,0,120840320.000,0,-,-,-,-,4756.0000,4754.4000,4753.6000,4753.4000,4752.0000,4758.0000,4759.0000,4759.2000,4761.0000,4762.0000,1,5,1,1,1,1,1,1,1,1
SF,IC2006,2019-12-06 09:31:55.600,4757.0000,20976,0,120840320.000,0,-,-,-,-,4756.2000,4756.0000,4754.4000,4753.6000,4753.4000,4757.6000,4758.0000,4759.0000,4759.2000,4761.0000,1,1,5,1,1,1,1,1,1,1
SF,IC2006,2019-12-06 09:31:56.100,4757.0000,20976,0,120840320.000,0,-,-,-,-,4756.4000,4756.2000,4754.4000,4753.6000,4753.4000,4757.6000,4758.0000,4759.0000,4759.2000,4761.0000,1,1,5,1,1,1,1,1,1,1
SF,IC2006,2019-12-06 09:31:56.600,4757.0000,20976,0,120840320.000,0,-,-,-,-,4756.4000,4754.4000,4753.6000,4753.4000,4752.0000,4758.0000,4759.0000,4759.2000,4761.0000,4762.0000,2,5,1,1,1,1,1,1,1,1
SF,IC2006,2019-12-06 09:31:57.100,4757.0000,20976,0,120840320.000,0,-,-,-,-,4756.4000,4754.4000,4753.6000,4753.4000,4752.0000,4757.8000,4758.0000,4759.0000,4759.2000,4761.0000,2,5,1,1,1,1,1,1,1,1
SF,IC2006,2019-12-06 09:31:57.600,4756.4000,20975,-1,121791600.000,1,0,1,双平,S,4756.4000,4754.4000,4753.6000,4753.4000,4753.2000,4757.8000,4758.0000,4759.0000,4759.2000,4761.0000,1,5,1,1,1,1,1,1,1,1
SF,IC2006,2019-12-06 09:31:58.100,4756.4000,20975,0,121791600.000,0,-,-,-,-,4756.6000,4755.2000,4754.4000,4753.6000,4753.4000,4757.8000,4758.0000,4759.0000,4759.2000,4761.0000,1,1,5,1,1,1,1,1,1,1
SF,IC2006,2019-12-06 09:31:58.600,4756.4000,20975,0,121791600.000,0,-,-,-,-,4756.6000,4755.2000,4755.0000,4754.4000,4753.6000,4757.8000,4758.0000,4759.0000,4759.2000,4761.0000,1,1,1,5,1,1,2,1,1,1
SF,IC2006,2019-12-06 09:31:59.100,4756.4000,20975,0,122742880.000,1,0,1,多换,S,4755.2000,4755.0000,4754.4000,4753.6000,4753.4000,4757.8000,4758.0000,4759.0000,4759.2000,4761.0000,1,1,5,1,1,1,2,1,1,1
SF,IC2006,2019-12-06 09:31:59.600,4756.4000,20975,0,122742880.000,0,-,-,-,-,4755.4000,4755.2000,4755.0000,4754.4000,4753.6000,4757.6000,4757.8000,4758.0000,4759.0000,4759.2000,1,1,2,5,1,1,1,2,1,1
SF,IC2006,2019-12-06 09:32:00.100,4757.4000,20975,0,123694360.000,1,0,1,多换,S,4755.4000,4755.2000,4755.0000,4754.4000,4753.6000,4757.6000,4757.8000,4758.0000,4759.0000,4759.2000,1,1,2,5,1,1,1,2,1,1
SF,IC2006,2019-12-06 09:32:00.600,4757.4000,20975,0,123694360.000,0,-,-,-,-,4755.4000,4755.2000,4755.0000,4754.4000,4753.6000,4756.0000,4757.6000,4758.0000,4759.0000,4759.2000,1,1,2,5,1,2,1,2,1,1
SF,IC2006,2019-12-06 09:32:01.100,4756.0000,20973,-2,125596760.000,2,0,2,双平,S,4756.0000,4755.4000,4755.2000,4755.0000,4754.4000,4757.6000,4758.0000,4759.0000,4759.2000,4761.0000,3,1,1,2,5,1,2,1,1,1
SF,IC2006,2019-12-06 09:32:01.600,4756.0000,20973,0,126547960.000,1,0,1,多换,S,4756.0000,4755.4000,4755.2000,4755.0000,4754.4000,4757.4000,4757.6000,4758.0000,4759.0000,4759.2000,2,1,1,2,5,1,1,2,1,1
SF,IC2006,2019-12-06 09:32:02.100,4756.0000,20973,0,126547960.000,0,-,-,-,-,4755.2000,4755.0000,4754.4000,4753.6000,4753.4000,4757.2000,4757.4000,4758.0000,4759.0000,4759.2000,1,2,5,1,1,1,1,2,1,1
SF,IC2006,2019-12-06 09:32:02.600,4756.0000,20973,0,126547960.000,0,-,-,-,-,4755.4000,4755.2000,4755.0000,4754.4000,4753.6000,4757.2000,4758.0000,4759.0000,4759.2000,4761.0000,2,1,2,5,1,1,2,1,1,1
SF,IC2006,2019-12-06 09:32:03.100,4757.2000,20973,0,127499400.000,1,0,1,多换,S,4755.4000,4755.2000,4755.0000,4754.4000,4753.6000,4758.0000,4759.0000,4759.2000,4761.0000,4762.0000,2,1,2,5,1,2,1,1,1,1
SF,IC2006,2019-12-06 09:32:03.600,4757.2000,20973,0,127499400.000,0,-,-,-,-,4755.4000,4755.2000,4755.0000,4754.4000,4753.6000,4757.0000,4757.8000,4758.0000,4759.0000,4759.2000,2,1,2,5,1,1,1,2,1,1
SF,IC2006,2019-12-06 09:32:04.100,4757.2000,20973,0,127499400.000,0,-,-,-,-,4755.4000,4755.2000,4755.0000,4754.4000,4753.6000,4756.8000,4757.0000,4757.8000,4758.0000,4759.0000,1,1,2,5,1,1,1,1,2,1
SF,IC2006,2019-12-06 09:32:04.600,4757.2000,20973,0,127499400.000,0,-,-,-,-,4755.4000,4755.2000,4755.0000,4754.4000,4753.6000,4757.0000,4757.8000,4758.0000,4759.0000,4759.2000,1,1,2,5,1,1,1,2,1,1
SF,IC2006,2019-12-06 09:32:05.100,4757.2000,20973,0,127499400.000,0,-,-,-,-,4755.6000,4755.4000,4755.2000,4755.0000,4754.4000,4757.0000,4758.0000,4759.0000,4759.2000,4761.0000,2,1,1,2,5,1,2,1,1,1
SF,IC2006,2019-12-06 09:32:05.600,4757.0000,20974,1,128450800.000,1,1,0,双开,S,4755.6000,4755.4000,4755.2000,4755.0000,4754.4000,4758.0000,4759.0000,4759.2000,4761.0000,4762.0000,2,1,1,2,5,2,1,1,1,1
SF,IC2006,2019-12-06 09:32:06.100,4757.0000,20974,0,128450800.000,0,-,-,-,-,4755.8000,4755.6000,4755.2000,4755.0000,4754.4000,4757.8000,4758.0000,4759.0000,4759.2000,4761.0000,1,3,1,2,5,1,2,1,1,1
SF,IC2006,2019-12-06 09:32:06.600,4756.0000,20973,-1,129402000.000,1,0,1,双平,S,4755.8000,4755.6000,4755.2000,4755.0000,4754.4000,4757.8000,4758.0000,4759.0000,4759.2000,4761.0000,1,3,1,2,5,1,2,1,1,1
SF,IC2006,2019-12-06 09:32:07.100,4756.0000,20973,0,129402000.000,0,-,-,-,-,4755.8000,4755.6000,4755.2000,4755.0000,4754.4000,4758.0000,4759.0000,4759.2000,4761.0000,4762.0000,1,3,1,2,5,2,1,1,1,1
SF,IC2006,2019-12-06 09:32:07.600,4756.0000,20973,0,129402000.000,0,-,-,-,-,4755.8000,4755.6000,4755.2000,4755.0000,4754.4000,4757.8000,4758.0000,4759.0000,4759.2000,4761.0000,2,3,1,2,5,1,2,1,1,1
SF,IC2006,2019-12-06 09:32:08.100,4757.8000,20972,-1,130353560.000,1,0,1,双平,S,4756.0000,4755.8000,4755.6000,4755.2000,4755.0000,4758.0000,4759.0000,4759.2000,4761.0000,4762.0000,1,2,2,1,2,2,1,1,1,1
SF,IC2006,2019-12-06 09:32:08.600,4757.8000,20972,0,130353560.000,0,-,-,-,-,4756.4000,4756.2000,4755.8000,4755.6000,4755.2000,4758.0000,4759.0000,4759.2000,4761.0000,4762.0000,1,1,1,2,1,2,1,1,1,1
SF,IC2006,2019-12-06 09:32:09.100,4757.8000,20972,0,130353560.000,0,-,-,-,-,4756.6000,4756.4000,4755.8000,4755.6000,4755.2000,4758.0000,4759.0000,4759.2000,4761.0000,4762.0000,1,1,1,2,1,2,1,1,1,1
SF,IC2006,2019-12-06 09:32:09.600,4757.8000,20972,0,130353560.000,0,-,-,-,-,4756.6000,4755.8000,4755.6000,4755.2000,4755.0000,4758.0000,4759.0000,4759.2000,4762.0000,4765.0000,2,1,2,1,2,2,1,1,1,1
SF,IC2006,2019-12-06 09:32:10.100,4757.8000,20972,0,130353560.000,0,-,-,-,-,4756.6000,4755.8000,4755.6000,4755.2000,4755.0000,4758.0000,4759.0000,4759.2000,4762.0000,4765.0000,2,1,2,1,3,2,1,1,1,1
SF,IC2006,2019-12-06 09:32:10.600,4758.0000,20972,0,131305160.000,1,0,1,多换,S,4756.6000,4755.8000,4755.6000,4755.2000,4755.0000,4758.0000,4759.0000,4759.2000,4762.0000,4765.0000,2,2,2,1,3,1,1,1,1,1
SF,IC2006,2019-12-06 09:32:11.100,4758.0000,20971,-1,133208360.000,2,0,2,多平,S,4758.0000,4756.6000,4755.8000,4755.6000,4755.2000,4759.0000,4759.2000,4762.0000,4765.0000,4766.4000,1,1,2,2,2,1,1,1,1,5
SF,IC2006,2019-12-06 09:32:11.600,4758.0000,20971,0,133208360.000,0,-,-,-,-,4758.2000,4758.0000,4756.0000,4755.8000,4755.6000,4759.0000,4759.2000,4762.0000,4765.0000,4766.4000,1,2,1,2,2,1,1,1,1,5
SF,IC2006,2019-12-06 09:32:12.100,4758.0000,20971,0,133208360.000,0,-,-,-,-,4758.2000,4758.0000,4756.0000,4755.8000,4755.6000,4759.0000,4759.2000,4762.0000,4765.0000,4766.4000,1,2,1,2,2,1,1,1,1,5
SF,IC2006,2019-12-06 09:32:12.600,4758.0000,20971,0,133208360.000,0,-,-,-,-,4758.4000,4758.2000,4758.0000,4756.0000,4755.8000,4759.0000,4759.2000,4762.0000,4765.0000,4766.4000,1,1,2,1,2,1,1,1,1,5
SF,IC2006,2019-12-06 09:32:13.100,4759.2000,20969,-2,135112000.000,2,0,2,双平,S,4758.6000,4758.4000,4758.0000,4756.0000,4755.8000,4762.0000,4765.0000,4766.4000,4767.2000,4767.6000,1,1,1,1,2,1,1,5,1,1
SF,IC2006,2019-12-06 09:32:13.600,4759.2000,20969,0,135112000.000,0,-,-,-,-,4758.6000,4758.4000,4758.0000,4756.0000,4755.8000,4761.0000,4761.8000,4762.0000,4765.0000,4766.4000,1,1,1,1,2,1,1,1,1,5
SF,IC2006,2019-12-06 09:32:14.100,4759.2000,20969,0,135112000.000,0,-,-,-,-,4758.6000,4758.4000,4758.0000,4756.0000,4755.8000,4761.0000,4761.8000,4762.0000,4765.0000,4766.4000,1,1,1,1,2,1,1,1,1,5
SF,IC2006,2019-12-06 09:32:14.600,4759.2000,20969,0,135112000.000,0,-,-,-,-,4758.6000,4758.4000,4758.0000,4756.0000,4755.8000,4760.8000,4761.0000,4762.0000,4765.0000,4766.4000,1,1,1,1,2,1,1,1,1,5
SF,IC2006,2019-12-06 09:32:15.100,4759.2000,20969,0,135112000.000,0,-,-,-,-,4758.6000,4758.4000,4758.0000,4756.0000,4755.8000,4760.8000,4761.0000,4762.0000,4765.0000,4766.4000,1,1,1,1,2,1,1,1,1,5
SF,IC2006,2019-12-06 09:32:15.600,4759.2000,20969,0,135112000.000,0,-,-,-,-,4758.6000,4758.4000,4758.0000,4756.0000,4755.8000,4760.8000,4761.0000,4762.0000,4765.0000,4766.4000,2,1,1,1,2,1,1,1,1,5
SF,IC2006,2019-12-06 09:32:16.100,4759.2000,20969,0,135112000.000,0,-,-,-,-,4758.6000,4758.4000,4758.0000,4756.0000,4755.8000,4761.0000,4762.0000,4765.0000,4766.4000,4767.2000,2,1,1,1,2,1,1,1,5,1
SF,IC2006,2019-12-06 09:32:16.600,4759.2000,20969,0,135112000.000,0,-,-,-,-,4758.6000,4758.4000,4758.0000,4756.0000,4755.8000,4760.8000,4761.0000,4762.0000,4765.0000,4766.4000,2,1,1,1,2,1,1,1,1,5
SF,IC2006,2019-12-06 09:32:17.100,4759.2000,20969,0,135112000.000,0,-,-,-,-,4758.6000,4758.4000,4758.0000,4756.0000,4755.8000,4760.6000,4760.8000,4761.0000,4762.0000,4765.0000,2,1,1,1,2,1,1,1,1,1
SF,IC2006,2019-12-06 09:32:17.600,4758.6000,20968,-1,137015440.000,2,0,2,多平,S,4758.4000,4758.0000,4756.0000,4755.8000,4755.6000,4760.4000,4760.6000,4761.0000,4762.0000,4765.0000,1,1,1,2,1,1,1,1,1,1
SF,IC2006,2019-12-06 09:32:18.100,4760.2000,20967,-1,138919160.000,2,0,2,多平,S,4758.0000,4756.0000,4755.8000,4755.6000,4755.2000,4760.4000,4760.6000,4761.0000,4762.0000,4765.0000,1,1,1,1,2,1,1,1,1,1
SF,IC2006,2019-12-06 09:32:18.600,4760.2000,20967,0,138919160.000,0,-,-,-,-,4758.2000,4758.0000,4756.0000,4755.8000,4755.6000,4760.4000,4760.6000,4761.0000,4762.0000,4765.0000,1,1,1,1,1,1,1,1,1,1
SF,IC2006,2019-12-06 09:32:19.100,4760.2000,20967,0,138919160.000,0,-,-,-,-,4758.0000,4756.0000,4755.8000,4755.6000,4755.2000,4760.4000,4760.6000,4761.0000,4762.0000,4765.0000,1,1,1,1,2,1,1,1,1,1
SF,IC2006,2019-12-06 09:32:19.600,4760.2000,20967,0,138919160.000,0,-,-,-,-,4758.4000,4758.2000,4758.0000,4756.0000,4755.8000,4760.4000,4761.0000,4762.0000,4765.0000,4766.4000,1,1,1,1,1,1,1,1,1,5
SF,IC2006,2019-12-06 09:32:20.100,4760.2000,20967,0,138919160.000,0,-,-,-,-,4758.4000,4758.0000,4756.0000,4755.8000,4755.6000,4760.4000,4761.0000,4762.0000,4765.0000,4766.4000,1,1,1,1,1,1,1,1,1,5
SF,IC2006,2019-12-06 09:32:20.600,4758.4000,20966,-1,139870840.000,1,0,1,双平,S,4758.0000,4756.0000,4755.8000,4755.6000,4755.2000,4760.4000,4761.0000,4762.0000,4765.0000,4766.4000,1,1,1,1,2,1,1,1,1,5
SF,IC2006,2019-12-06 09:32:21.100,4758.4000,20966,0,139870840.000,0,-,-,-,-,4758.0000,4756.0000,4755.8000,4755.6000,4755.2000,4758.4000,4760.2000,4760.4000,4761.0000,4762.0000,1,1,1,1,2,1,1,1,1,1
SF,IC2006,2019-12-06 09:32:21.600,4758.0000,20966,0,140822440.000,1,0,1,多换,S,4756.0000,4755.2000,4755.0000,4754.4000,4754.2000,4758.0000,4758.4000,4760.2000,4760.4000,4762.0000,1,2,3,5,1,1,1,1,1,1
SF,IC2006,2019-12-06 09:32:22.100,4758.0000,20966,0,140822440.000,0,-,-,-,-,4756.4000,4756.2000,4756.0000,4755.2000,4755.0000,4757.8000,4758.4000,4760.2000,4762.0000,4765.0000,1,1,1,2,3,2,1,1,1,1
SF,IC2006,2019-12-06 09:32:22.600,4758.0000,20966,0,140822440.000,0,-,-,-,-,4756.6000,4756.0000,4755.2000,4755.0000,4754.4000,4757.8000,4758.4000,4762.0000,4765.0000,4766.4000,1,1,2,3,5,1,1,1,1,5
SF,IC2006,2019-12-06 09:32:23.100,4758.0000,20966,0,140822440.000,0,-,-,-,-,4756.6000,4756.0000,4755.2000,4755.0000,4754.4000,4758.4000,4762.0000,4765.0000,4766.4000,4767.2000,1,1,2,3,5,1,1,1,5,1
SF,IC2006,2019-12-06 09:32:23.600,4758.0000,20966,0,140822440.000,0,-,-,-,-,4757.8000,4756.8000,4756.6000,4756.0000,4755.2000,4758.2000,4758.4000,4762.0000,4765.0000,4766.4000,1,1,1,1,2,1,1,1,1,5
SF,IC2006,2019-12-06 09:32:24.100,4758.2000,20965,-1,141774080.000,1,0,1,双平,S,4757.8000,4756.8000,4756.6000,4756.0000,4755.2000,4758.4000,4760.4000,4762.0000,4765.0000,4766.4000,1,1,1,1,2,1,1,1,1,5
SF,IC2006,2019-12-06 09:32:24.600,4758.4000,20965,0,143677320.000,2,1,1,多换,S,4756.8000,4756.6000,4756.0000,4755.2000,4755.0000,4760.4000,4762.0000,4765.0000,4766.4000,4767.2000,1,1,2,2,3,1,1,1,5,1
SF,IC2006,2019-12-06 09:32:25.100,4758.4000,20965,0,143677320.000,0,-,-,-,-,4757.0000,4756.8000,4756.0000,4755.2000,4755.0000,4759.4000,4760.2000,4760.4000,4762.0000,4765.0000,1,1,2,2,3,1,1,1,1,1
SF,IC2006,2019-12-06 09:32:25.600,4758.4000,20965,0,143677320.000,0,-,-,-,-,4757.0000,4756.8000,4756.0000,4755.2000,4755.0000,4759.2000,4759.4000,4760.4000,4762.0000,4765.0000,1,1,2,2,3,1,1,1,1,1
SF,IC2006,2019-12-06 09:32:26.100,4758.4000,20965,0,143677320.000,0,-,-,-,-,4758.4000,4757.0000,4756.8000,4756.0000,4755.2000,4759.2000,4759.4000,4760.4000,4762.0000,4765.0000,1,1,1,2,2,1,1,1,1,1
SF,IC2006,2019-12-06 09:32:26.600,4758.4000,20965,0,144629000.000,1,0,1,多换,S,4757.4000,4757.0000,4756.8000,4756.0000,4755.2000,4758.2000,4759.2000,4759.4000,4760.4000,4762.0000,1,1,1,2,2,1,1,1,1,1
SF,IC2006,2019-12-06 09:32:27.100,4758.4000,20965,0,145580680.000,1,0,1,多换,S,4757.4000,4756.8000,4756.0000,4755.2000,4755.0000,4758.0000,4758.2000,4758.4000,4759.2000,4760.4000,1,1,2,2,3,1,2,1,1,1
SF,IC2006,2019-12-06 09:32:27.600,4758.4000,20965,0,145580680.000,0,-,-,-,-,4756.8000,4756.0000,4755.2000,4755.0000,4754.4000,4758.0000,4758.2000,4758.4000,4759.2000,4760.4000,1,2,2,3,5,1,2,1,1,1
SF,IC2006,2019-12-06 09:32:28.100,4758.4000,20965,0,145580680.000,0,-,-,-,-,4756.8000,4756.0000,4755.2000,4755.0000,4754.4000,4758.0000,4758.2000,4758.4000,4759.2000,4760.4000,1,2,2,3,5,1,1,1,1,1
SF,IC2006,2019-12-06 09:32:28.600,4758.4000,20965,0,145580680.000,0,-,-,-,-,4756.8000,4756.0000,4755.2000,4755.0000,4754.4000,4758.2000,4758.4000,4759.2000,4760.4000,4762.0000,1,2,2,3,5,1,1,1,1,1
SF,IC2006,2019-12-06 09:32:29.100,4758.4000,20965,0,145580680.000,0,-,-,-,-,4758.0000,4757.0000,4756.8000,4756.0000,4755.2000,4759.2000,4760.4000,4762.0000,4765.0000,4766.4000,1,1,2,2,2,1,1,1,1,5
SF,IC2006,2019-12-06 09:32:29.600,4758.4000,20965,0,145580680.000,0,-,-,-,-,4758.2000,4758.0000,4757.0000,4756.8000,4756.0000,4759.2000,4760.4000,4762.0000,4765.0000,4766.4000,1,1,1,2,2,1,1,1,1,5
SF,IC2006,2019-12-06 09:32:30.100,4758.4000,20965,0,145580680.000,0,-,-,-,-,4758.2000,4758.0000,4757.0000,4756.8000,4756.0000,4759.2000,4760.4000,4762.0000,4765.0000,4766.4000,2,1,1,2,2,1,1,1,1,5
SF,IC2006,2019-12-06 09:32:30.600,4759.2000,20964,-1,146532520.000,1,0,1,双平,S,4758.2000,4758.0000,4757.0000,4756.8000,4756.0000,4760.4000,4762.0000,4765.0000,4766.4000,4767.2000,2,1,1,3,2,1,1,1,5,1
SF,IC2006,2019-12-06 09:32:31.100,4760.2000,20964,0,147484560.000,1,0,1,多换,S,4758.6000,4758.4000,4758.2000,4758.0000,4756.8000,4760.4000,4762.0000,4765.0000,4766.4000,4767.2000,1,2,2,1,3,1,1,1,5,1
SF,IC2006,2019-12-06 09:32:31.600,4760.2000,20964,0,147484560.000,0,-,-,-,-,4758.6000,4758.4000,4758.2000,4758.0000,4756.8000,4759.4000,4760.2000,4760.4000,4762.0000,4765.0000,1,2,2,1,2,1,1,1,1,1
SF,IC2006,2019-12-06 09:32:32.100,4760.2000,20964,0,147484560.000,0,-,-,-,-,4758.8000,4758.6000,4758.4000,4758.2000,4758.0000,4759.4000,4760.2000,4760.4000,4762.0000,4765.0000,1,1,2,2,1,1,1,1,1,1
SF,IC2006,2019-12-06 09:32:32.600,4760.2000,20964,0,147484560.000,0,-,-,-,-,4758.8000,4758.4000,4758.2000,4758.0000,4757.0000,4759.4000,4760.2000,4760.4000,4762.0000,4765.0000,1,2,2,1,1,1,1,1,1,1
SF,IC2006,2019-12-06 09:32:33.100,4760.2000,20964,0,147484560.000,0,-,-,-,-,4758.8000,4758.4000,4758.2000,4758.0000,4757.0000,4759.4000,4760.2000,4760.4000,4762.0000,4765.0000,1,2,2,1,1,2,1,1,1,1
SF,IC2006,2019-12-06 09:32:34.100,4760.2000,20964,0,147484560.000,0,-,-,-,-,4758.8000,4758.4000,4758.2000,4758.0000,4757.0000,4759.0000,4759.4000,4760.2000,4760.4000,4762.0000,1,2,2,1,1,1,2,1,1,1
SF,IC2006,2019-12-06 09:32:34.600,4759.4000,20965,1,149388240.000,2,1,1,空开,S,4758.8000,4758.4000,4758.2000,4758.0000,4757.0000,4759.4000,4760.2000,4760.4000,4762.0000,4765.0000,1,2,2,1,1,1,1,1,1,1
SF,IC2006,2019-12-06 09:32:39.100,4759.4000,20965,0,149388240.000,0,-,-,-,-,4758.8000,4758.4000,4758.2000,4758.0000,4757.0000,4759.4000,4760.2000,4760.4000,4762.0000,4765.0000,1,2,2,1,1,1,1,1,1,1
SF,IC2006,2019-12-06 09:32:39.600,4759.4000,20965,0,149388240.000,0,-,-,-,-,4758.8000,4758.4000,4758.2000,4758.0000,4757.0000,4759.4000,4760.2000,4760.4000,4762.0000,4765.0000,1,2,2,1,1,1,1,1,1,1
SF,IC2006,2019-12-06 09:32:40.600,4759.4000,20965,0,149388240.000,0,-,-,-,-,4758.8000,4758.4000,4758.2000,4758.0000,4757.0000,4759.4000,4760.2000,4760.4000,4762.0000,4765.0000,1,2,2,1,1,1,1,1,1,1
SF,IC2006,2019-12-06 09:32:41.600,4758.8000,20965,0,151291880.000,2,1,1,多换,S,4758.4000,4758.2000,4758.0000,4757.0000,4756.8000,4760.2000,4760.4000,4762.0000,4765.0000,4766.4000,2,2,1,1,2,1,1,1,1,5
SF,IC2006,2019-12-06 09:32:42.100,4760.2000,20965,0,152243920.000,1,0,1,多换,S,4758.4000,4758.2000,4758.0000,4757.0000,4756.8000,4760.4000,4762.0000,4765.0000,4766.4000,4767.2000,1,2,1,1,2,1,1,1,5,1
SF,IC2006,2019-12-06 09:32:42.600,4760.2000,20965,0,152243920.000,0,-,-,-,-,4758.4000,4758.2000,4758.0000,4757.0000,4756.8000,4760.4000,4762.0000,4765.0000,4766.4000,4767.2000,1,2,1,1,2,1,1,1,5,1
SF,IC2006,2019-12-06 09:32:43.100,4760.2000,20965,0,152243920.000,0,-,-,-,-,4758.4000,4758.2000,4758.0000,4757.0000,4756.8000,4760.4000,4762.0000,4765.0000,4766.4000,4767.2000,1,2,1,1,2,1,1,1,5,1
SF,IC2006,2019-12-06 09:32:43.600,4760.2000,20965,0,152243920.000,0,-,-,-,-,4759.0000,4758.6000,4758.4000,4758.2000,4758.0000,4760.4000,4762.0000,4765.0000,4766.4000,4767.2000,1,1,1,2,1,1,1,1,5,1
SF,IC2006,2019-12-06 09:32:44.100,4760.2000,20965,0,152243920.000,0,-,-,-,-,4759.2000,4759.0000,4758.6000,4758.2000,4758.0000,4760.4000,4762.0000,4765.0000,4766.4000,4767.2000,1,1,1,2,1,1,1,1,5,1
SF,IC2006,2019-12-06 09:32:45.100,4760.2000,20965,0,152243920.000,0,-,-,-,-,4759.2000,4758.6000,4758.2000,4758.0000,4757.6000,4760.4000,4762.0000,4765.0000,4766.4000,4767.2000,1,1,2,1,1,1,1,1,5,1
SF,IC2006,2019-12-06 09:32:46.600,4759.2000,20964,-1,153195760.000,1,0,1,双平,S,4758.6000,4758.2000,4758.0000,4757.6000,4757.0000,4760.4000,4762.0000,4765.0000,4766.4000,4767.2000,1,2,1,1,1,1,1,1,5,1
SF,IC2006,2019-12-06 09:32:47.100,4759.2000,20964,0,153195760.000,0,-,-,-,-,4758.8000,4758.2000,4758.0000,4757.6000,4757.0000,4760.0000,4760.2000,4760.4000,4762.0000,4765.0000,1,2,1,1,1,1,1,1,1,1
SF,IC2006,2019-12-06 09:32:48.600,4759.2000,20964,0,153195760.000,0,-,-,-,-,4758.8000,4758.2000,4758.0000,4757.6000,4757.0000,4760.0000,4760.4000,4762.0000,4765.0000,4766.4000,1,2,1,1,1,1,1,2,1,5
SF,IC2006,2019-12-06 09:32:49.100,4759.2000,20964,0,153195760.000,0,-,-,-,-,4758.8000,4758.2000,4758.0000,4757.6000,4757.0000,4760.0000,4760.4000,4762.0000,4765.0000,4766.4000,1,2,1,1,1,1,1,2,1,5
SF,IC2006,2019-12-06 09:32:49.600,4759.2000,20964,0,153195760.000,0,-,-,-,-,4758.8000,4758.2000,4758.0000,4757.6000,4757.0000,4760.0000,4760.4000,4762.0000,4765.0000,4766.4000,1,2,1,1,1,1,1,2,1,5
SF,IC2006,2019-12-06 09:32:50.100,4759.2000,20964,0,153195760.000,0,-,-,-,-,4759.4000,4758.8000,4758.2000,4758.0000,4757.6000,4760.0000,4760.4000,4762.0000,4765.0000,4766.4000,1,1,2,1,1,1,1,2,1,5
SF,IC2006,2019-12-06 09:32:50.600,4759.4000,20964,0,154147640.000,1,0,1,多换,S,4758.8000,4758.2000,4758.0000,4757.6000,4757.0000,4760.0000,4760.4000,4762.0000,4765.0000,4766.4000,1,2,1,1,1,1,1,2,1,5
SF,IC2006,2019-12-06 09:32:54.600,4759.4000,20964,0,154147640.000,0,-,-,-,-,4758.8000,4758.2000,4758.0000,4757.6000,4757.0000,4760.0000,4760.4000,4762.0000,4765.0000,4766.4000,1,2,1,1,1,2,1,2,1,5
SF,IC2006,2019-12-06 09:32:55.600,4759.4000,20964,0,154147640.000,0,-,-,-,-,4758.8000,4758.2000,4758.0000,4757.6000,4757.0000,4760.0000,4760.4000,4762.0000,4765.0000,4766.4000,1,2,1,1,1,2,1,2,1,5
SF,IC2006,2019-12-06 09:32:56.100,4759.4000,20964,0,154147640.000,0,-,-,-,-,4758.8000,4758.2000,4758.0000,4757.6000,4757.0000,4759.8000,4760.0000,4760.4000,4762.0000,4765.0000,1,2,1,1,1,1,2,1,2,1
SF,IC2006,2019-12-06 09:32:58.600,4759.4000,20964,0,154147640.000,0,-,-,-,-,4758.8000,4758.2000,4758.0000,4757.6000,4757.0000,4759.8000,4760.0000,4760.2000,4760.4000,4762.0000,1,2,1,1,1,1,2,1,1,2
SF,IC2006,2019-12-06 09:33:00.600,4759.4000,20964,0,154147640.000,0,-,-,-,-,4758.8000,4758.2000,4758.0000,4757.6000,4757.0000,4759.8000,4760.0000,4760.2000,4760.4000,4762.0000,1,2,1,1,1,2,2,1,1,2
SF,IC2006,2019-12-06 09:33:01.600,4760.0000,20962,-2,157955560.000,4,1,3,多平,S,4758.8000,4758.2000,4758.0000,4757.6000,4757.0000,4760.2000,4760.4000,4762.0000,4765.0000,4766.4000,1,2,1,1,1,1,1,2,1,5
SF,IC2006,2019-12-06 09:33:02.100,4760.4000,20962,0,159859680.000,2,1,1,多换,S,4759.0000,4758.8000,4758.2000,4758.0000,4757.6000,4762.0000,4765.0000,4766.4000,4767.2000,4767.6000,1,1,2,1,1,1,1,5,1,1
SF,IC2006,2019-12-06 09:33:02.600,4760.4000,20962,0,159859680.000,0,-,-,-,-,4759.2000,4759.0000,4758.2000,4758.0000,4757.6000,4761.0000,4761.8000,4762.0000,4765.0000,4766.4000,1,1,2,1,1,1,1,1,1,5
SF,IC2006,2019-12-06 09:33:03.100,4760.4000,20962,0,159859680.000,0,-,-,-,-,4759.2000,4759.0000,4758.2000,4758.0000,4757.6000,4761.0000,4762.0000,4765.0000,4766.4000,4767.2000,1,1,2,1,1,1,1,1,5,1
SF,IC2006,2019-12-06 09:33:03.600,4760.4000,20962,0,159859680.000,0,-,-,-,-,4759.6000,4759.2000,4759.0000,4758.2000,4758.0000,4760.8000,4761.0000,4762.0000,4765.0000,4766.4000,1,1,1,2,1,1,1,1,1,5
SF,IC2006,2019-12-06 09:33:04.100,4760.4000,20962,0,159859680.000,0,-,-,-,-,4759.8000,4758.2000,4758.0000,4757.6000,4757.0000,4760.8000,4761.0000,4762.0000,4765.0000,4766.4000,1,2,1,1,1,1,1,1,1,5
SF,IC2006,2019-12-06 09:33:05.100,4760.4000,20962,0,159859680.000,0,-,-,-,-,4759.8000,4758.2000,4758.0000,4757.6000,4757.0000,4761.0000,4762.0000,4765.0000,4766.4000,4767.2000,1,2,1,1,1,1,1,1,5,1
SF,IC2006,2019-12-06 09:33:06.100,4760.4000,20962,0,159859680.000,0,-,-,-,-,4760.8000,4759.8000,4758.2000,4758.0000,4757.6000,4761.0000,4762.0000,4765.0000,4766.4000,4767.2000,1,1,2,1,1,1,1,1,5,1
SF,IC2006,2019-12-06 09:33:06.600,4761.0000,20962,0,160811880.000,1,0,1,多换,S,4760.8000,4759.8000,4758.2000,4757.6000,4757.0000,4762.0000,4765.0000,4766.4000,4767.2000,4767.6000,1,1,1,1,1,1,1,5,1,1
SF,IC2006,2019-12-06 09:33:07.100,4762.0000,20962,0,161764280.000,1,0,1,多换,S,4759.8000,4758.8000,4758.2000,4757.6000,4757.0000,4765.0000,4766.4000,4767.2000,4767.6000,4768.0000,1,1,1,1,1,1,5,1,1,1
SF,IC2006,2019-12-06 09:33:07.600,4762.0000,20962,0,161764280.000,0,-,-,-,-,4759.8000,4758.8000,4758.2000,4757.6000,4757.0000,4764.0000,4764.8000,4765.0000,4766.4000,4767.2000,1,1,1,1,1,1,4,4,5,1
SF,IC2006,2019-12-06 09:33:08.100,4762.0000,20962,0,161764280.000,0,-,-,-,-,4759.8000,4758.8000,4758.2000,4757.6000,4757.0000,4763.8000,4764.0000,4764.8000,4765.0000,4766.4000,1,1,1,1,1,2,1,3,4,5
SF,IC2006,2019-12-06 09:33:08.600,4762.0000,20962,0,161764280.000,0,-,-,-,-,4760.6000,4759.8000,4758.8000,4758.2000,4757.6000,4763.8000,4764.0000,4764.8000,4765.0000,4766.4000,1,1,1,1,1,2,1,3,4,5
SF,IC2006,2019-12-06 09:33:09.100,4762.0000,20962,0,161764280.000,0,-,-,-,-,4760.8000,4760.6000,4758.8000,4758.2000,4757.6000,4763.6000,4763.8000,4764.0000,4764.8000,4765.0000,1,1,1,1,1,1,2,1,2,4
SF,IC2006,2019-12-06 09:33:09.600,4762.0000,20962,0,161764280.000,0,-,-,-,-,4760.8000,4760.6000,4758.8000,4758.2000,4757.6000,4763.4000,4763.6000,4763.8000,4764.0000,4764.8000,1,1,1,1,1,2,1,1,1,1
SF,IC2006,2019-12-06 09:33:10.100,4762.0000,20962,0,161764280.000,0,-,-,-,-,4760.8000,4758.8000,4758.2000,4757.6000,4757.0000,4763.2000,4763.4000,4763.6000,4763.8000,4764.0000,1,1,1,1,1,1,2,1,1,1
SF,IC2006,2019-12-06 09:33:10.600,4762.0000,20962,0,161764280.000,0,-,-,-,-,4760.8000,4758.8000,4758.2000,4757.6000,4757.0000,4763.0000,4763.2000,4763.4000,4763.6000,4763.8000,1,1,1,1,1,1,1,1,1,1
SF,IC2006,2019-12-06 09:33:11.100,4762.0000,20962,0,161764280.000,0,-,-,-,-,4760.8000,4758.8000,4758.2000,4757.6000,4757.0000,4762.0000,4763.0000,4763.2000,4763.4000,4763.6000,1,1,1,1,1,1,1,1,1,1
SF,IC2006,2019-12-06 09:33:11.600,4762.0000,20963,1,163668840.000,2,1,1,空开,S,4762.0000,4758.8000,4758.2000,4757.6000,4757.0000,4762.8000,4763.0000,4763.2000,4763.4000,4763.6000,1,1,1,1,1,1,1,1,1,1
SF,IC2006,2019-12-06 09:33:12.100,4762.0000,20963,0,164621240.000,1,0,1,多换,S,4758.8000,4758.2000,4757.6000,4757.0000,4756.8000,4761.6000,4762.0000,4762.6000,4762.8000,4763.2000,1,1,1,1,1,2,1,1,1,1
SF,IC2006,2019-12-06 09:33:12.600,4762.0000,20963,0,164621240.000,0,-,-,-,-,4759.2000,4759.0000,4758.8000,4758.2000,4757.6000,4761.6000,4761.8000,4762.0000,4762.6000,4762.8000,1,1,1,1,1,2,1,2,1,1
SF,IC2006,2019-12-06 09:33:13.100,4762.0000,20963,0,164621240.000,0,-,-,-,-,4759.4000,4759.2000,4758.8000,4758.2000,4757.6000,4761.6000,4761.8000,4762.0000,4762.6000,4762.8000,1,1,1,1,1,2,1,2,1,1
SF,IC2006,2019-12-06 09:33:13.600,4762.0000,20963,0,164621240.000,0,-,-,-,-,4759.4000,4759.2000,4758.8000,4758.2000,4757.6000,4761.6000,4761.8000,4762.0000,4762.6000,4762.8000,1,1,1,1,1,2,1,2,1,1
SF,IC2006,2019-12-06 09:33:14.100,4762.0000,20963,0,164621240.000,0,-,-,-,-,4759.6000,4759.4000,4759.2000,4758.8000,4758.2000,4761.4000,4761.6000,4761.8000,4762.0000,4762.6000,1,1,1,1,1,1,2,1,2,1
SF,IC2006,2019-12-06 09:33:14.600,4762.0000,20963,0,164621240.000,0,-,-,-,-,4759.8000,4759.6000,4759.2000,4758.8000,4758.2000,4761.4000,4761.6000,4761.8000,4762.0000,4762.6000,1,1,1,1,1,1,2,1,2,1
SF,IC2006,2019-12-06 09:33:16.100,4762.0000,20963,0,164621240.000,0,-,-,-,-,4759.8000,4759.2000,4758.8000,4758.2000,4757.6000,4761.4000,4761.6000,4761.8000,4762.0000,4762.6000,1,1,1,1,1,1,2,1,2,1
SF,IC2006,2019-12-06 09:33:16.600,4759.8000,20962,-1,165573200.000,1,0,1,双平,S,4758.8000,4758.2000,4757.6000,4757.0000,4756.8000,4761.2000,4761.4000,4761.6000,4761.8000,4762.0000,1,1,1,1,1,1,1,2,1,2
SF,IC2006,2019-12-06 09:33:17.100,4761.0000,20962,0,166525400.000,1,0,1,多换,S,4759.0000,4758.8000,4758.2000,4758.0000,4757.6000,4761.2000,4761.4000,4761.6000,4761.8000,4762.0000,1,1,1,1,1,1,1,2,1,2
SF,IC2006,2019-12-06 09:33:17.600,4761.0000,20962,0,166525400.000,0,-,-,-,-,4759.0000,4758.8000,4758.2000,4758.0000,4757.6000,4761.2000,4761.6000,4761.8000,4762.0000,4763.4000,1,1,1,1,1,1,2,1,2,1
SF,IC2006,2019-12-06 09:33:18.100,4761.0000,20962,0,166525400.000,0,-,-,-,-,4759.2000,4759.0000,4758.8000,4758.2000,4758.0000,4761.2000,4761.6000,4762.0000,4763.4000,4763.8000,1,1,1,1,1,1,2,1,1,1
SF,IC2006,2019-12-06 09:33:18.600,4761.0000,20962,0,166525400.000,0,-,-,-,-,4759.4000,4759.2000,4758.8000,4758.2000,4758.0000,4761.2000,4761.6000,4762.0000,4763.4000,4763.8000,2,1,1,1,1,1,2,1,1,1
SF,IC2006,2019-12-06 09:33:19.100,4761.0000,20962,0,166525400.000,0,-,-,-,-,4759.4000,4759.2000,4758.8000,4758.2000,4758.0000,4761.2000,4761.6000,4762.0000,4763.4000,4763.8000,2,1,1,1,1,1,2,1,1,1
SF,IC2006,2019-12-06 09:33:19.600,4761.0000,20962,0,166525400.000,0,-,-,-,-,4759.4000,4758.8000,4758.2000,4758.0000,4757.6000,4761.0000,4761.2000,4761.6000,4762.0000,4763.4000,1,1,1,1,1,1,1,2,1,1
SF,IC2006,2019-12-06 09:33:20.100,4761.0000,20962,0,166525400.000,0,-,-,-,-,4758.8000,4758.2000,4758.0000,4757.6000,4757.0000,4760.8000,4761.0000,4761.6000,4762.0000,4763.4000,1,1,1,1,1,1,1,2,1,1
SF,IC2006,2019-12-06 09:33:20.600,4761.0000,20962,0,167477600.000,1,0,1,多换,S,4759.0000,4758.8000,4758.2000,4758.0000,4757.6000,4760.8000,4761.0000,4761.6000,4762.0000,4763.4000,2,1,1,1,1,1,1,2,1,1
SF,IC2006,2019-12-06 09:33:21.100,4759.0000,20962,0,168429400.000,1,0,1,多换,S,4758.8000,4758.2000,4758.0000,4757.6000,4757.0000,4759.0000,4760.8000,4761.0000,4761.6000,4762.0000,1,1,1,1,1,1,1,1,2,1
SF,IC2006,2019-12-06 09:33:21.600,4758.6000,20960,-2,171284520.000,3,0,3,多平,S,4758.0000,4757.6000,4757.0000,4756.8000,4756.6000,4758.8000,4759.0000,4760.8000,4761.0000,4762.0000,1,1,1,1,1,1,1,1,1,1
SF,IC2006,2019-12-06 09:33:22.100,4759.0000,20960,0,173187920.000,2,1,1,多换,S,4757.6000,4757.0000,4756.8000,4756.6000,4756.0000,4760.8000,4761.0000,4762.0000,4763.4000,4763.8000,1,1,1,1,3,1,1,1,1,1
SF,IC2006,2019-12-06 09:33:22.600,4759.8000,20961,1,174139880.000,1,1,0,双开,S,4757.8000,4757.6000,4757.0000,4756.8000,4756.6000,4760.6000,4760.8000,4762.0000,4763.4000,4765.0000,1,1,1,1,1,2,1,1,1,2
SF,IC2006,2019-12-06 09:33:23.100,4759.8000,20961,0,174139880.000,0,-,-,-,-,4758.2000,4757.6000,4757.0000,4756.8000,4756.6000,4760.4000,4760.6000,4761.0000,4762.0000,4763.4000,1,1,1,1,1,1,2,1,1,1
SF,IC2006,2019-12-06 09:33:23.600,4758.2000,20960,-1,175091520.000,1,0,1,双平,S,4757.6000,4757.0000,4756.8000,4756.6000,4756.0000,4759.4000,4760.2000,4760.4000,4760.6000,4761.0000,1,1,1,1,3,1,2,1,2,1
SF,IC2006,2019-12-06 09:33:24.100,4758.2000,20960,0,176043160.000,1,0,1,多换,S,4757.6000,4757.0000,4756.8000,4756.6000,4756.0000,4758.2000,4759.2000,4759.4000,4760.2000,4760.6000,1,1,1,1,3,1,1,1,2,2
SF,IC2006,2019-12-06 09:33:24.600,4758.2000,20959,-1,176994800.000,1,0,1,双平,S,4757.6000,4757.0000,4756.8000,4756.6000,4756.0000,4759.2000,4760.2000,4760.6000,4761.0000,4762.0000,1,1,1,1,3,1,2,1,1,1
SF,IC2006,2019-12-06 09:33:25.600,4758.2000,20959,0,176994800.000,0,-,-,-,-,4757.8000,4757.6000,4757.0000,4756.8000,4756.6000,4759.2000,4760.2000,4760.6000,4761.0000,4762.0000,1,1,1,1,1,1,1,1,1,1
SF,IC2006,2019-12-06 09:33:26.100,4758.2000,20959,0,176994800.000,0,-,-,-,-,4757.8000,4757.6000,4757.0000,4756.8000,4756.6000,4759.2000,4760.2000,4760.6000,4761.0000,4762.0000,1,1,1,1,1,1,1,1,1,1
SF,IC2006,2019-12-06 09:33:26.600,4758.2000,20959,0,176994800.000,0,-,-,-,-,4757.6000,4757.0000,4756.8000,4756.6000,4756.0000,4759.2000,4760.2000,4760.6000,4761.0000,4762.0000,1,1,1,1,3,1,1,1,1,1
SF,IC2006,2019-12-06 09:33:27.100,4759.2000,20959,0,177946640.000,1,0,1,多换,S,4757.8000,4757.6000,4757.0000,4756.8000,4756.6000,4760.2000,4760.6000,4762.0000,4764.0000,4765.0000,1,1,1,1,1,1,1,1,1,2
SF,IC2006,2019-12-06 09:33:27.600,4759.2000,20959,0,177946640.000,0,-,-,-,-,4758.0000,4757.8000,4757.6000,4757.0000,4756.8000,4759.2000,4760.0000,4760.2000,4760.6000,4762.0000,2,1,1,1,1,1,1,1,1,1
SF,IC2006,2019-12-06 09:33:28.100,4759.2000,20959,0,177946640.000,0,-,-,-,-,4758.0000,4757.8000,4757.6000,4757.0000,4756.8000,4759.2000,4760.0000,4760.2000,4760.6000,4762.0000,1,1,1,1,1,1,1,1,1,1
SF,IC2006,2019-12-06 09:33:28.600,4759.2000,20959,0,177946640.000,0,-,-,-,-,4758.0000,4757.8000,4757.6000,4757.0000,4756.8000,4759.2000,4760.0000,4760.2000,4760.6000,4762.0000,1,1,1,1,1,1,1,1,1,1
SF,IC2006,2019-12-06 09:33:29.600,4759.2000,20959,0,177946640.000,0,-,-,-,-,4758.0000,4757.6000,4757.0000,4756.8000,4756.6000,4759.2000,4760.0000,4760.2000,4760.6000,4762.0000,1,1,1,1,1,1,1,1,1,1
SF,IC2006,2019-12-06 09:33:30.600,4759.2000,20959,0,177946640.000,0,-,-,-,-,4758.0000,4757.8000,4757.6000,4757.0000,4756.8000,4759.2000,4760.0000,4760.2000,4760.6000,4762.0000,1,1,1,1,1,1,1,1,1,1
SF,IC2006,2019-12-06 09:33:31.100,4758.0000,20960,1,178898240.000,1,1,0,双开,S,4757.8000,4757.6000,4757.0000,4756.8000,4756.6000,4758.0000,4759.2000,4760.0000,4760.2000,4760.6000,1,1,1,1,1,1,1,1,1,1
SF,IC2006,2019-12-06 09:33:31.600,4758.0000,20960,0,179849840.000,1,0,1,多换,S,4758.4000,4758.0000,4757.8000,4757.6000,4757.0000,4760.0000,4760.2000,4760.6000,4762.0000,4764.0000,2,1,1,1,1,1,1,1,1,1
SF,IC2006,2019-12-06 09:33:32.100,4758.0000,20960,0,179849840.000,0,-,-,-,-,4757.8000,4757.6000,4757.0000,4756.8000,4756.6000,4759.0000,4759.8000,4760.0000,4760.2000,4762.0000,1,1,1,1,1,1,1,1,1,1
SF,IC2006,2019-12-06 09:33:32.600,4759.0000,20960,0,180801640.000,1,0,1,多换,S,4758.6000,4758.0000,4757.8000,4757.6000,4757.0000,4759.8000,4760.0000,4760.2000,4762.0000,4764.0000,1,1,1,1,1,1,1,1,1,1
SF,IC2006,2019-12-06 09:33:33.100,4759.0000,20960,0,180801640.000,0,-,-,-,-,4758.6000,4758.0000,4757.8000,4757.6000,4757.0000,4759.6000,4759.8000,4760.2000,4762.0000,4764.0000,1,1,1,1,1,1,1,1,1,1
SF,IC2006,2019-12-06 09:33:33.600,4759.0000,20960,0,180801640.000,0,-,-,-,-,4758.0000,4757.8000,4757.6000,4757.0000,4756.8000,4759.6000,4759.8000,4760.2000,4762.0000,4764.0000,1,1,1,1,1,1,1,1,1,1
SF,IC2006,2019-12-06 09:33:34.100,4759.0000,20960,0,180801640.000,0,-,-,-,-,4757.8000,4757.6000,4757.0000,4756.8000,4756.6000,4758.6000,4759.4000,4759.6000,4759.8000,4760.2000,1,1,1,1,1,4,1,1,1,1
SF,IC2006,2019-12-06 09:33:34.600,4757.8000,20960,0,181753200.000,1,0,1,多换,S,4757.6000,4757.0000,4756.8000,4756.6000,4756.0000,4758.6000,4759.4000,4759.6000,4759.8000,4760.0000,1,1,1,1,3,4,1,1,1,1
SF,IC2006,2019-12-06 09:33:35.100,4757.6000,20960,0,182704720.000,1,0,1,多换,S,4757.0000,4756.8000,4756.6000,4756.0000,4755.8000,4758.6000,4759.4000,4759.6000,4759.8000,4760.0000,1,1,1,3,1,4,1,1,1,1
SF,IC2006,2019-12-06 09:33:35.600,4757.6000,20960,0,182704720.000,0,-,-,-,-,4757.2000,4757.0000,4756.8000,4756.6000,4756.0000,4758.6000,4759.6000,4759.8000,4760.0000,4760.2000,1,1,1,1,3,4,1,1,1,1
SF,IC2006,2019-12-06 09:33:36.100,4757.6000,20960,0,182704720.000,0,-,-,-,-,4757.2000,4757.0000,4756.8000,4756.6000,4756.0000,4758.6000,4759.6000,4759.8000,4760.0000,4760.2000,2,1,1,1,3,1,1,1,1,1
SF,IC2006,2019-12-06 09:33:36.600,4757.6000,20960,0,182704720.000,0,-,-,-,-,4757.2000,4757.0000,4756.8000,4756.6000,4756.0000,4758.6000,4759.6000,4759.8000,4760.0000,4760.2000,2,1,1,1,3,1,1,1,1,1
SF,IC2006,2019-12-06 09:33:37.100,4758.6000,20960,0,183656440.000,1,0,1,多换,S,4757.2000,4757.0000,4756.8000,4756.6000,4756.0000,4759.6000,4759.8000,4760.0000,4760.2000,4762.0000,2,1,1,1,3,1,1,1,1,1
SF,IC2006,2019-12-06 09:33:37.600,4758.6000,20960,0,183656440.000,0,-,-,-,-,4757.2000,4757.0000,4756.8000,4756.6000,4756.0000,4759.4000,4759.6000,4759.8000,4760.0000,4760.2000,1,1,1,1,3,1,1,1,1,1
SF,IC2006,2019-12-06 09:33:38.100,4758.6000,20960,0,183656440.000,0,-,-,-,-,4757.4000,4757.2000,4757.0000,4756.8000,4756.6000,4759.2000,4759.4000,4759.8000,4760.0000,4760.2000,1,1,1,1,1,1,1,1,1,1
SF,IC2006,2019-12-06 09:33:38.600,4758.6000,20960,0,183656440.000,0,-,-,-,-,4757.6000,4757.4000,4757.0000,4756.8000,4756.6000,4759.2000,4759.8000,4760.0000,4760.2000,4762.0000,1,2,1,1,1,1,1,1,1,1
SF,IC2006,2019-12-06 09:33:39.600,4758.6000,20960,0,183656440.000,0,-,-,-,-,4757.8000,4757.6000,4757.4000,4757.0000,4756.8000,4759.2000,4759.8000,4760.0000,4760.2000,4762.0000,1,1,2,1,1,1,1,1,1,1
SF,IC2006,2019-12-06 09:33:40.100,4758.6000,20960,0,183656440.000,0,-,-,-,-,4757.8000,4757.6000,4757.0000,4756.8000,4756.6000,4759.2000,4759.8000,4760.0000,4760.2000,4762.0000,1,1,1,1,1,1,1,1,1,1
SF,IC2006,2019-12-06 09:33:40.600,4758.6000,20960,0,183656440.000,0,-,-,-,-,4757.6000,4757.0000,4756.8000,4756.6000,4756.0000,4759.2000,4759.8000,4760.0000,4760.2000,4762.0000,1,1,1,1,3,1,1,1,1,1
SF,IC2006,2019-12-06 09:33:41.100,4758.6000,20960,0,183656440.000,0,-,-,-,-,4757.6000,4757.0000,4756.8000,4756.6000,4756.0000,4759.0000,4759.2000,4759.8000,4760.0000,4760.2000,1,1,1,1,3,1,1,1,1,1
SF,IC2006,2019-12-06 09:33:41.600,4758.6000,20960,0,183656440.000,0,-,-,-,-,4757.0000,4756.8000,4756.6000,4756.0000,4755.8000,4758.8000,4759.0000,4759.8000,4760.0000,4760.2000,1,1,1,3,1,1,1,1,1,1
SF,IC2006,2019-12-06 09:33:42.100,4758.6000,20960,0,183656440.000,0,-,-,-,-,4757.2000,4757.0000,4756.8000,4756.6000,4756.0000,4757.8000,4759.8000,4760.0000,4760.2000,4762.0000,2,1,1,1,3,1,1,1,1,1
SF,IC2006,2019-12-06 09:33:42.600,4757.8000,20960,0,184608000.000,1,0,1,多换,S,4757.8000,4757.2000,4757.0000,4756.8000,4756.6000,4759.0000,4759.8000,4760.0000,4760.2000,4762.0000,2,2,1,1,1,3,1,1,1,1
SF,IC2006,2019-12-06 09:33:43.100,4757.8000,20960,0,184608000.000,0,-,-,-,-,4758.2000,4758.0000,4757.8000,4757.2000,4757.0000,4759.0000,4759.8000,4760.0000,4760.2000,4762.0000,1,1,3,2,1,3,1,1,1,1
SF,IC2006,2019-12-06 09:33:43.600,4757.8000,20960,0,184608000.000,0,-,-,-,-,4758.2000,4758.0000,4757.8000,4757.2000,4757.0000,4759.0000,4759.8000,4760.0000,4760.2000,4762.0000,1,1,3,3,1,3,1,1,1,1
SF,IC2006,2019-12-06 09:33:44.600,4757.8000,20960,0,184608000.000,0,-,-,-,-,4758.2000,4758.0000,4757.8000,4757.2000,4757.0000,4759.0000,4760.0000,4760.2000,4762.0000,4762.2000,1,1,3,3,1,4,1,1,1,1
SF,IC2006,2019-12-06 09:33:45.600,4757.8000,20960,0,184608000.000,0,-,-,-,-,4758.0000,4757.8000,4757.2000,4757.0000,4756.8000,4759.0000,4760.0000,4760.2000,4762.0000,4762.2000,1,3,3,1,1,4,1,1,1,1
SF,IC2006,2019-12-06 09:33:46.600,4757.8000,20960,0,184608000.000,0,-,-,-,-,4758.0000,4757.8000,4757.2000,4757.0000,4756.8000,4759.0000,4760.2000,4762.0000,4762.2000,4764.0000,1,3,3,1,1,4,1,1,1,1
SF,IC2006,2019-12-06 09:33:47.600,4758.0000,20959,-1,185559600.000,1,0,1,双平,S,4757.8000,4757.2000,4757.0000,4756.8000,4756.6000,4759.0000,4760.2000,4762.0000,4762.2000,4764.0000,3,3,1,1,1,4,1,1,1,1
SF,IC2006,2019-12-06 09:33:48.100,4758.0000,20959,0,185559600.000,0,-,-,-,-,4758.0000,4757.8000,4757.2000,4757.0000,4756.8000,4759.0000,4759.6000,4760.2000,4762.0000,4762.2000,1,2,2,1,1,4,1,1,1,1
SF,IC2006,2019-12-06 09:33:48.600,4759.0000,20955,-4,189366800.000,4,0,4,双平,S,4758.0000,4757.8000,4757.2000,4757.0000,4756.8000,4759.6000,4762.0000,4762.2000,4764.0000,4765.0000,1,2,2,1,1,1,1,1,1,2
SF,IC2006,2019-12-06 09:33:49.100,4759.0000,20955,0,189366800.000,0,-,-,-,-,4758.2000,4758.0000,4757.8000,4757.2000,4757.0000,4759.6000,4762.0000,4762.2000,4764.0000,4765.0000,3,1,2,2,1,1,1,1,1,2
SF,IC2006,2019-12-06 09:33:49.600,4759.0000,20955,0,189366800.000,0,-,-,-,-,4758.4000,4758.2000,4757.8000,4757.2000,4757.0000,4759.6000,4762.0000,4762.2000,4764.0000,4765.0000,1,3,2,2,1,1,1,1,1,2
SF,IC2006,2019-12-06 09:33:50.100,4759.6000,20954,-1,190318720.000,1,0,1,双平,S,4758.4000,4758.2000,4757.8000,4757.2000,4757.0000,4762.0000,4762.2000,4764.0000,4765.0000,4766.4000,2,3,2,2,1,1,1,1,2,5
SF,IC2006,2019-12-06 09:33:50.600,4759.6000,20954,0,190318720.000,0,-,-,-,-,4758.6000,4758.4000,4758.2000,4757.8000,4757.2000,4761.0000,4761.2000,4761.8000,4762.0000,4762.2000,3,2,1,2,2,1,1,2,1,1
SF,IC2006,2019-12-06 09:33:51.100,4758.8000,20954,0,191270480.000,1,0,1,多换,S,4758.6000,4758.4000,4758.2000,4757.8000,4757.2000,4760.8000,4761.0000,4761.8000,4762.0000,4762.2000,3,1,1,2,1,1,1,1,1,1
SF,IC2006,2019-12-06 09:33:51.600,4758.8000,20954,0,191270480.000,0,-,-,-,-,4758.8000,4758.6000,4758.4000,4758.2000,4757.8000,4761.0000,4761.8000,4762.0000,4762.2000,4764.0000,1,3,1,1,2,1,1,1,1,1
SF,IC2006,2019-12-06 09:33:52.100,4758.8000,20954,0,191270480.000,0,-,-,-,-,4759.0000,4758.8000,4758.6000,4758.4000,4758.2000,4760.8000,4761.0000,4761.8000,4762.0000,4762.2000,2,1,2,1,1,1,1,1,1,1
SF,IC2006,2019-12-06 09:33:52.600,4758.8000,20954,0,191270480.000,0,-,-,-,-,4759.2000,4759.0000,4758.6000,4758.4000,4758.2000,4760.8000,4761.0000,4761.8000,4762.0000,4762.2000,1,2,2,1,1,1,1,1,1,1
SF,IC2006,2019-12-06 09:33:53.100,4758.8000,20954,0,191270480.000,0,-,-,-,-,4759.2000,4759.0000,4758.6000,4758.0000,4757.8000,4760.6000,4760.8000,4761.0000,4761.8000,4762.0000,1,1,1,1,2,1,1,1,1,1
SF,IC2006,2019-12-06 09:33:53.600,4758.8000,20954,0,191270480.000,0,-,-,-,-,4759.2000,4759.0000,4758.0000,4757.8000,4757.2000,4760.4000,4760.6000,4761.0000,4761.8000,4762.0000,1,1,1,2,1,1,1,1,1,1
SF,IC2006,2019-12-06 09:33:54.100,4758.8000,20954,0,191270480.000,0,-,-,-,-,4759.2000,4758.0000,4757.8000,4757.2000,4757.0000,4760.6000,4761.0000,4761.8000,4762.0000,4762.2000,1,1,2,1,1,1,1,1,1,1
SF,IC2006,2019-12-06 09:33:54.600,4758.8000,20954,0,191270480.000,0,-,-,-,-,4759.2000,4758.0000,4757.8000,4757.2000,4757.0000,4761.0000,4761.8000,4762.0000,4762.2000,4765.0000,1,1,2,1,1,1,1,1,1,2
SF,IC2006,2019-12-06 09:33:55.100,4758.8000,20954,0,191270480.000,0,-,-,-,-,4758.0000,4757.8000,4757.2000,4757.0000,4756.8000,4760.8000,4761.0000,4761.8000,4762.0000,4762.2000,1,2,1,1,1,2,1,1,1,1
SF,IC2006,2019-12-06 09:33:55.600,4758.8000,20954,0,191270480.000,0,-,-,-,-,4758.2000,4758.0000,4757.8000,4757.2000,4757.0000,4760.8000,4761.0000,4761.8000,4762.0000,4762.2000,1,1,2,1,1,2,1,1,1,1
SF,IC2006,2019-12-06 09:33:56.600,4758.8000,20954,0,191270480.000,0,-,-,-,-,4758.6000,4758.2000,4758.0000,4757.8000,4757.2000,4760.8000,4761.0000,4761.8000,4762.0000,4762.2000,1,1,1,2,1,2,1,1,1,1
SF,IC2006,2019-12-06 09:33:57.100,4758.8000,20954,0,191270480.000,0,-,-,-,-,4758.8000,4758.6000,4758.0000,4757.8000,4757.2000,4760.8000,4761.0000,4761.8000,4762.0000,4762.2000,1,1,1,2,1,1,1,1,1,1
SF,IC2006,2019-12-06 09:33:57.600,4758.8000,20954,0,191270480.000,0,-,-,-,-,4758.6000,4758.0000,4757.8000,4757.2000,4757.0000,4760.6000,4760.8000,4761.0000,4761.8000,4762.0000,1,1,2,1,1,1,2,1,1,1
SF,IC2006,2019-12-06 09:33:58.100,4758.8000,20954,0,191270480.000,0,-,-,-,-,4758.8000,4758.6000,4758.0000,4757.8000,4757.2000,4760.4000,4760.6000,4760.8000,4761.0000,4761.8000,1,1,1,2,1,1,1,1,1,1
SF,IC2006,2019-12-06 09:33:58.600,4758.8000,20954,0,191270480.000,0,-,-,-,-,4758.8000,4758.6000,4758.0000,4757.8000,4757.2000,4760.4000,4760.8000,4761.0000,4761.8000,4762.0000,2,1,1,2,1,1,1,1,1,1
SF,IC2006,2019-12-06 09:33:59.100,4758.8000,20953,-1,192222240.000,1,0,1,双平,S,4758.6000,4758.0000,4757.8000,4757.2000,4757.0000,4760.4000,4760.8000,4761.0000,4761.8000,4762.0000,1,1,2,1,1,1,1,1,1,1
SF,IC2006,2019-12-06 09:33:59.600,4758.6000,20952,-1,193173960.000,1,0,1,双平,S,4758.0000,4757.8000,4757.2000,4757.0000,4756.8000,4758.6000,4758.8000,4760.2000,4760.4000,4760.8000,1,2,1,1,1,1,1,1,1,1
SF,IC2006,2019-12-06 09:34:00.100,4758.6000,20952,0,193173960.000,0,-,-,-,-,4758.2000,4758.0000,4757.8000,4757.2000,4757.0000,4758.8000,4760.2000,4760.4000,4760.8000,4761.8000,1,1,2,1,1,1,1,1,1,1
SF,IC2006,2019-12-06 09:34:00.600,4758.6000,20952,0,193173960.000,0,-,-,-,-,4758.2000,4758.0000,4757.8000,4757.2000,4757.0000,4760.4000,4760.8000,4761.8000,4762.0000,4762.2000,1,1,2,1,1,1,1,1,1,1
SF,IC2006,2019-12-06 09:34:01.100,4758.6000,20952,0,193173960.000,0,-,-,-,-,4758.2000,4758.0000,4757.8000,4757.2000,4757.0000,4759.4000,4760.2000,4760.4000,4760.8000,4761.8000,1,1,2,1,1,1,2,1,1,1
SF,IC2006,2019-12-06 09:34:01.600,4758.2000,20951,-1,194125600.000,1,0,1,双平,S,4758.0000,4757.8000,4757.2000,4757.0000,4756.8000,4758.2000,4759.2000,4759.4000,4760.2000,4760.8000,1,2,1,1,1,1,1,1,2,1
SF,IC2006,2019-12-06 09:34:02.100,4758.0000,20951,0,195077200.000,1,0,1,多换,S,4757.8000,4757.2000,4757.0000,4756.8000,4756.6000,4759.2000,4760.2000,4760.8000,4761.8000,4762.0000,2,1,2,1,1,1,2,1,1,1
SF,IC2006,2019-12-06 09:34:02.600,4758.0000,20951,0,195077200.000,0,-,-,-,-,4757.8000,4757.2000,4757.0000,4756.8000,4756.6000,4758.2000,4759.2000,4760.8000,4761.8000,4762.0000,2,1,2,1,1,1,1,1,1,1
SF,IC2006,2019-12-06 09:34:03.100,4757.8000,20949,-2,196980320.000,2,0,2,双平,S,4757.2000,4757.0000,4756.8000,4756.6000,4756.0000,4758.2000,4759.0000,4759.2000,4760.8000,4761.8000,1,2,1,1,3,1,2,1,1,1
SF,IC2006,2019-12-06 09:34:03.600,4757.2000,20949,0,197931760.000,1,0,1,多换,S,4757.0000,4756.8000,4756.6000,4756.0000,4755.8000,4757.2000,4758.0000,4758.2000,4759.0000,4760.8000,2,1,1,3,1,2,1,1,2,1
SF,IC2006,2019-12-06 09:34:04.100,4756.8000,20948,-1,200785920.000,3,1,2,多平,S,4756.6000,4756.0000,4755.8000,4755.4000,4755.0000,4757.0000,4757.2000,4758.0000,4759.0000,4760.8000,1,3,1,1,3,1,1,1,2,1
SF,IC2006,2019-12-06 09:34:04.600,4757.0000,20948,0,201737320.000,1,0,1,多换,S,4756.6000,4756.0000,4755.8000,4755.4000,4755.0000,4757.2000,4758.0000,4759.0000,4760.8000,4761.8000,1,3,1,1,3,1,1,1,1,1
SF,IC2006,2019-12-06 09:34:05.600,4757.0000,20948,0,201737320.000,0,-,-,-,-,4756.6000,4756.0000,4755.8000,4755.4000,4755.0000,4757.2000,4758.0000,4759.0000,4760.4000,4760.8000,1,3,1,1,3,1,1,1,1,1
SF,IC2006,2019-12-06 09:34:06.100,4756.6000,20948,0,202688640.000,1,0,1,多换,S,4756.0000,4755.8000,4755.4000,4755.0000,4754.4000,4756.6000,4757.0000,4757.2000,4759.0000,4760.4000,3,1,1,3,5,1,1,1,1,1
SF,IC2006,2019-12-06 09:34:06.600,4756.6000,20948,0,202688640.000,0,-,-,-,-,4756.0000,4755.8000,4755.4000,4755.0000,4754.4000,4756.6000,4757.0000,4757.2000,4759.0000,4760.4000,3,1,1,3,5,1,1,1,1,1
SF,IC2006,2019-12-06 09:34:07.100,4756.6000,20948,0,202688640.000,0,-,-,-,-,4756.0000,4755.8000,4755.4000,4755.0000,4754.4000,4756.6000,4757.2000,4759.0000,4760.4000,4760.8000,3,1,1,3,5,1,1,1,1,1
SF,IC2006,2019-12-06 09:34:08.100,4756.6000,20948,0,202688640.000,0,-,-,-,-,4756.0000,4755.8000,4755.4000,4755.0000,4754.4000,4756.6000,4757.2000,4759.0000,4760.4000,4760.8000,3,1,1,3,5,2,1,1,1,1
SF,IC2006,2019-12-06 09:34:08.600,4756.0000,20949,1,203639840.000,1,1,0,双开,S,4756.0000,4755.8000,4755.4000,4755.0000,4754.4000,4756.6000,4757.2000,4759.0000,4760.4000,4760.8000,2,1,1,3,5,2,1,1,1,1
SF,IC2006,2019-12-06 09:34:09.100,4756.0000,20948,-1,208395680.000,5,2,3,多平,S,4755.0000,4754.4000,4754.2000,4753.4000,4753.2000,4756.0000,4756.4000,4756.6000,4757.2000,4759.0000,3,5,1,1,1,1,1,2,1,1
SF,IC2006,2019-12-06 09:34:09.600,4756.0000,20949,1,209346880.000,1,1,0,双开,S,4755.0000,4754.4000,4754.2000,4753.4000,4753.2000,4756.4000,4756.6000,4757.2000,4759.0000,4760.4000,3,5,1,1,1,1,2,1,1,1
SF,IC2006,2019-12-06 09:34:10.100,4756.0000,20949,0,209346880.000,0,-,-,-,-,4755.0000,4754.4000,4754.2000,4753.4000,4753.2000,4756.2000,4756.4000,4756.6000,4757.2000,4759.0000,3,5,1,1,1,2,1,2,1,1
SF,IC2006,2019-12-06 09:34:10.600,4756.0000,20949,0,209346880.000,0,-,-,-,-,4755.0000,4754.4000,4754.2000,4753.4000,4753.2000,4756.2000,4756.4000,4756.6000,4757.2000,4759.0000,3,5,1,1,2,2,1,2,1,1
SF,IC2006,2019-12-06 09:34:11.100,4756.0000,20949,0,209346880.000,0,-,-,-,-,4755.0000,4754.4000,4754.2000,4753.4000,4753.2000,4756.0000,4756.2000,4756.6000,4757.2000,4759.0000,3,5,1,1,2,1,2,2,1,1
SF,IC2006,2019-12-06 09:34:11.600,4755.0000,20951,2,211248880.000,2,2,0,双开,S,4755.0000,4754.4000,4754.2000,4753.4000,4753.2000,4756.0000,4756.2000,4756.6000,4757.2000,4759.0000,1,5,1,1,2,1,2,2,1,1
SF,IC2006,2019-12-06 09:34:12.600,4755.0000,20951,0,211248880.000,0,-,-,-,-,4755.0000,4754.4000,4754.2000,4753.4000,4753.2000,4756.0000,4756.2000,4756.6000,4757.2000,4759.0000,1,5,1,1,2,1,1,2,1,1
SF,IC2006,2019-12-06 09:34:13.100,4755.0000,20951,0,211248880.000,0,-,-,-,-,4755.0000,4754.4000,4754.2000,4753.4000,4753.2000,4756.6000,4757.2000,4759.0000,4760.4000,4760.8000,1,5,1,1,2,2,1,1,1,1
SF,IC2006,2019-12-06 09:34:13.600,4755.0000,20951,0,211248880.000,0,-,-,-,-,4755.0000,4754.4000,4754.2000,4753.4000,4753.2000,4756.4000,4756.6000,4757.2000,4759.0000,4760.4000,1,5,1,1,2,2,2,1,1,1
SF,IC2006,2019-12-06 09:34:14.100,4755.0000,20951,0,211248880.000,0,-,-,-,-,4755.0000,4754.4000,4754.2000,4753.4000,4753.2000,4756.4000,4756.6000,4757.2000,4759.0000,4760.4000,1,5,1,1,2,2,1,1,1,1
SF,IC2006,2019-12-06 09:34:14.600,4755.0000,20951,0,211248880.000,0,-,-,-,-,4755.0000,4754.4000,4754.2000,4753.4000,4753.2000,4756.2000,4756.4000,4756.6000,4757.2000,4759.0000,1,5,1,1,2,1,1,1,1,1
SF,IC2006,2019-12-06 09:34:15.100,4755.0000,20951,0,211248880.000,0,-,-,-,-,4755.0000,4754.4000,4754.2000,4753.4000,4753.2000,4756.4000,4756.6000,4757.2000,4759.0000,4760.4000,1,5,1,1,2,1,1,1,1,1
SF,IC2006,2019-12-06 09:34:15.600,4755.0000,20951,0,211248880.000,0,-,-,-,-,4755.0000,4754.4000,4754.2000,4753.4000,4753.2000,4755.4000,4756.4000,4756.6000,4757.2000,4759.0000,1,5,1,1,2,1,1,1,1,1
SF,IC2006,2019-12-06 09:34:16.100,4755.4000,20951,0,212199960.000,1,0,1,多换,S,4755.4000,4755.0000,4754.4000,4754.2000,4753.4000,4756.6000,4757.2000,4759.0000,4760.4000,4760.8000,1,1,5,1,1,1,1,1,1,1
SF,IC2006,2019-12-06 09:34:17.100,4755.4000,20951,0,212199960.000,0,-,-,-,-,4755.4000,4755.0000,4754.4000,4754.2000,4753.4000,4757.2000,4759.0000,4760.4000,4760.8000,4762.2000,1,1,5,1,1,1,1,1,1,1
SF,IC2006,2019-12-06 09:34:17.600,4755.4000,20951,0,212199960.000,0,-,-,-,-,4755.6000,4755.4000,4755.0000,4754.4000,4754.2000,4759.0000,4760.4000,4760.8000,4762.2000,4765.0000,2,1,1,5,1,1,1,1,1,2
SF,IC2006,2019-12-06 09:34:18.100,4755.4000,20951,0,212199960.000,0,-,-,-,-,4755.6000,4755.4000,4755.0000,4754.4000,4754.2000,4758.0000,4758.8000,4759.0000,4760.4000,4760.8000,3,1,1,5,1,2,1,1,1,1
SF,IC2006,2019-12-06 09:34:18.600,4755.4000,20950,-1,213151040.000,1,0,1,双平,S,4755.6000,4755.4000,4755.0000,4754.4000,4754.2000,4758.0000,4758.8000,4759.0000,4760.4000,4760.8000,3,1,1,5,1,2,1,1,1,1
SF,IC2006,2019-12-06 09:34:19.100,4755.4000,20950,0,213151040.000,0,-,-,-,-,4755.8000,4755.6000,4755.4000,4755.0000,4754.4000,4757.8000,4758.0000,4759.0000,4760.4000,4760.8000,1,2,1,1,5,1,1,1,1,1
SF,IC2006,2019-12-06 09:34:19.600,4755.4000,20950,0,213151040.000,0,-,-,-,-,4756.0000,4755.8000,4755.4000,4755.0000,4754.4000,4757.8000,4758.0000,4759.0000,4760.4000,4760.8000,2,1,1,1,5,2,1,1,1,1
SF,IC2006,2019-12-06 09:34:20.600,4755.4000,20950,0,213151040.000,0,-,-,-,-,4756.0000,4755.8000,4755.4000,4755.0000,4754.4000,4757.8000,4758.0000,4759.0000,4760.4000,4760.8000,1,1,1,1,5,2,1,1,1,1
SF,IC2006,2019-12-06 09:34:21.100,4755.4000,20950,0,213151040.000,0,-,-,-,-,4756.0000,4755.8000,4755.4000,4755.0000,4754.8000,4757.8000,4758.0000,4759.0000,4760.4000,4760.8000,1,1,1,1,1,2,1,1,1,1
SF,IC2006,2019-12-06 09:34:21.600,4755.4000,20950,0,213151040.000,0,-,-,-,-,4756.2000,4756.0000,4755.8000,4755.4000,4755.0000,4757.8000,4758.0000,4760.4000,4760.8000,4762.2000,1,1,1,1,1,1,1,1,1,1
SF,IC2006,2019-12-06 09:34:22.100,4755.4000,20950,0,213151040.000,0,-,-,-,-,4756.4000,4756.2000,4755.8000,4755.4000,4755.0000,4757.8000,4758.0000,4760.4000,4760.8000,4762.2000,1,1,1,1,1,1,1,1,1,1
SF,IC2006,2019-12-06 09:34:22.600,4757.6000,20950,0,214102560.000,1,0,1,多换,S,4756.4000,4755.8000,4755.4000,4755.0000,4754.8000,4757.8000,4758.0000,4760.4000,4760.8000,4762.2000,1,1,1,1,1,1,1,1,1,1
SF,IC2006,2019-12-06 09:34:23.100,4757.6000,20950,0,214102560.000,0,-,-,-,-,4756.4000,4755.8000,4755.0000,4754.8000,4754.4000,4757.8000,4758.0000,4760.4000,4760.8000,4762.2000,1,1,1,1,5,1,1,1,1,1
SF,IC2006,2019-12-06 09:34:25.100,4757.6000,20950,0,214102560.000,0,-,-,-,-,4756.4000,4755.8000,4755.0000,4754.8000,4754.4000,4757.8000,4758.0000,4760.4000,4760.8000,4762.2000,1,1,1,1,5,1,1,1,1,1
SF,IC2006,2019-12-06 09:34:25.600,4757.6000,20950,0,214102560.000,0,-,-,-,-,4755.8000,4755.0000,4754.8000,4754.4000,4754.2000,4757.8000,4758.0000,4760.4000,4760.8000,4762.2000,1,1,1,5,1,1,1,1,1,1
SF,IC2006,2019-12-06 09:34:26.100,4757.6000,20950,0,214102560.000,0,-,-,-,-,4756.0000,4755.8000,4755.0000,4754.8000,4754.4000,4757.8000,4758.0000,4760.4000,4760.8000,4762.2000,2,1,1,1,5,1,1,1,1,1
SF,IC2006,2019-12-06 09:34:30.100,4757.6000,20950,0,214102560.000,0,-,-,-,-,4756.0000,4755.8000,4755.0000,4754.8000,4754.4000,4757.6000,4757.8000,4758.0000,4760.4000,4760.8000,2,1,1,1,5,1,1,1,1,1
SF,IC2006,2019-12-06 09:34:30.600,4757.6000,20950,0,214102560.000,0,-,-,-,-,4756.0000,4755.8000,4755.0000,4754.8000,4754.4000,4757.4000,4757.6000,4758.0000,4760.4000,4760.8000,1,1,1,1,5,1,1,1,1,1
SF,IC2006,2019-12-06 09:34:31.100,4757.6000,20950,0,214102560.000,0,-,-,-,-,4755.8000,4755.0000,4754.8000,4754.4000,4754.2000,4757.4000,4757.6000,4758.0000,4760.4000,4760.8000,1,1,1,5,1,1,1,1,1,1
SF,IC2006,2019-12-06 09:34:31.600,4757.6000,20950,0,214102560.000,0,-,-,-,-,4755.8000,4755.0000,4754.8000,4754.4000,4754.2000,4757.2000,4757.4000,4757.6000,4758.0000,4760.4000,1,1,1,5,1,1,1,1,1,1
SF,IC2006,2019-12-06 09:34:32.100,4757.6000,20950,0,214102560.000,0,-,-,-,-,4755.8000,4755.0000,4754.8000,4754.4000,4754.2000,4757.0000,4757.2000,4757.6000,4760.4000,4760.8000,1,1,1,5,1,1,1,1,1,1
SF,IC2006,2019-12-06 09:34:32.600,4757.6000,20950,0,214102560.000,0,-,-,-,-,4755.8000,4755.0000,4754.8000,4754.4000,4754.2000,4757.0000,4757.2000,4760.4000,4760.8000,4762.2000,1,1,1,5,1,1,1,1,1,1
SF,IC2006,2019-12-06 09:34:33.100,4757.6000,20950,0,214102560.000,0,-,-,-,-,4755.8000,4755.0000,4754.8000,4754.4000,4754.2000,4756.8000,4757.0000,4757.2000,4760.4000,4760.8000,1,1,1,5,1,1,1,1,1,1
SF,IC2006,2019-12-06 09:34:33.600,4755.8000,20950,0,215053720.000,1,0,1,多换,S,4755.0000,4754.8000,4754.4000,4754.2000,4753.4000,4756.8000,4757.0000,4757.2000,4760.4000,4760.8000,1,1,5,1,1,1,1,1,1,1
SF,IC2006,2019-12-06 09:34:34.100,4757.0000,20948,-2,216956440.000,2,0,2,双平,S,4755.2000,4755.0000,4754.8000,4754.4000,4754.2000,4757.2000,4760.4000,4760.8000,4762.2000,4765.0000,1,1,1,5,1,1,1,1,1,2
SF,IC2006,2019-12-06 09:34:34.600,4757.0000,20948,0,217907840.000,1,0,1,多换,S,4755.2000,4755.0000,4754.8000,4754.4000,4754.2000,4760.4000,4760.8000,4762.2000,4765.0000,4766.4000,1,1,1,5,1,1,1,1,2,5
SF,IC2006,2019-12-06 09:34:35.100,4757.0000,20948,0,217907840.000,0,-,-,-,-,4755.2000,4755.0000,4754.8000,4754.4000,4754.2000,4757.0000,4758.0000,4758.4000,4758.8000,4759.4000,1,1,1,5,1,2,1,1,1,1
SF,IC2006,2019-12-06 09:34:35.600,4757.0000,20947,-1,218859240.000,1,0,1,双平,S,4755.2000,4755.0000,4754.8000,4754.4000,4754.2000,4760.0000,4760.2000,4760.8000,4762.2000,4765.0000,1,1,1,5,1,3,1,1,1,2
SF,IC2006,2019-12-06 09:34:36.100,4757.0000,20947,0,218859240.000,0,-,-,-,-,4755.4000,4755.2000,4755.0000,4754.8000,4754.4000,4758.4000,4759.0000,4759.8000,4760.0000,4760.8000,1,1,1,1,5,1,1,2,3,1
SF,IC2006,2019-12-06 09:34:36.600,4757.0000,20947,0,218859240.000,0,-,-,-,-,4755.6000,4755.4000,4755.0000,4754.8000,4754.4000,4758.2000,4758.4000,4759.0000,4759.8000,4760.0000,1,1,1,1,5,3,1,1,2,3
SF,IC2006,2019-12-06 09:34:37.100,4757.0000,20947,0,218859240.000,0,-,-,-,-,4755.8000,4755.6000,4755.4000,4755.0000,4754.8000,4758.2000,4759.8000,4760.0000,4760.8000,4762.2000,2,2,1,1,1,3,1,3,1,1
SF,IC2006,2019-12-06 09:34:37.600,4757.0000,20947,0,218859240.000,0,-,-,-,-,4756.0000,4755.8000,4755.6000,4755.4000,4755.0000,4757.2000,4758.2000,4759.8000,4760.0000,4760.8000,1,2,1,1,1,1,3,1,1,1
SF,IC2006,2019-12-06 09:34:38.100,4757.0000,20947,0,218859240.000,0,-,-,-,-,4756.0000,4755.8000,4755.6000,4755.0000,4754.8000,4757.2000,4758.2000,4759.8000,4760.0000,4760.8000,1,2,1,1,1,1,2,1,1,1
SF,IC2006,2019-12-06 09:34:39.100,4757.0000,20947,0,218859240.000,0,-,-,-,-,4756.0000,4755.6000,4755.0000,4754.8000,4754.4000,4757.2000,4758.2000,4759.8000,4760.0000,4760.8000,1,1,1,1,5,1,2,1,1,1
SF,IC2006,2019-12-06 09:34:39.600,4757.2000,20948,1,219810680.000,1,1,0,双开,S,4756.0000,4755.6000,4755.0000,4754.8000,4754.4000,4758.2000,4759.6000,4759.8000,4760.0000,4760.8000,1,1,1,1,5,2,1,1,1,1
SF,IC2006,2019-12-06 09:34:40.100,4757.2000,20948,0,219810680.000,0,-,-,-,-,4756.2000,4756.0000,4755.6000,4755.0000,4754.8000,4757.8000,4758.0000,4758.2000,4759.6000,4759.8000,1,1,1,1,1,1,1,2,1,1
SF,IC2006,2019-12-06 09:34:40.600,4757.2000,20948,0,219810680.000,0,-,-,-,-,4756.2000,4756.0000,4755.6000,4755.0000,4754.8000,4756.8000,4757.6000,4757.8000,4758.2000,4759.6000,1,1,1,1,1,1,1,1,1,1
SF,IC2006,2019-12-06 09:34:41.100,4757.2000,20948,0,219810680.000,0,-,-,-,-,4756.0000,4755.6000,4755.0000,4754.8000,4754.4000,4756.8000,4757.6000,4757.8000,4758.2000,4759.6000,1,1,1,1,5,1,1,1,1,1
SF,IC2006,2019-12-06 09:34:41.600,4757.2000,20948,0,219810680.000,0,-,-,-,-,4756.0000,4755.6000,4755.0000,4754.8000,4754.4000,4756.2000,4756.8000,4757.6000,4757.8000,4758.2000,1,1,1,1,5,1,1,1,1,1
SF,IC2006,2019-12-06 09:34:42.100,4756.2000,20948,0,220761920.000,1,0,1,多换,S,4756.0000,4755.6000,4755.0000,4754.8000,4754.4000,4756.8000,4757.6000,4757.8000,4758.2000,4759.6000,1,1,1,1,5,1,1,1,1,1
SF,IC2006,2019-12-06 09:34:42.600,4756.8000,20949,1,221713280.000,1,1,0,双开,S,4756.0000,4755.6000,4755.0000,4754.8000,4754.4000,4757.6000,4757.8000,4758.2000,4759.6000,4759.8000,1,1,1,1,5,1,1,1,1,1
SF,IC2006,2019-12-06 09:34:43.100,4756.8000,20949,0,221713280.000,0,-,-,-,-,4756.0000,4755.6000,4755.0000,4754.8000,4754.4000,4757.4000,4757.6000,4757.8000,4758.2000,4759.6000,1,1,1,1,5,2,1,1,1,1
SF,IC2006,2019-12-06 09:34:43.600,4756.8000,20949,0,221713280.000,0,-,-,-,-,4755.6000,4755.0000,4754.8000,4754.4000,4754.2000,4756.4000,4757.2000,4757.4000,4758.2000,4759.6000,1,1,1,5,1,1,1,1,1,1
SF,IC2006,2019-12-06 09:34:44.100,4756.8000,20949,0,221713280.000,0,-,-,-,-,4755.6000,4755.0000,4754.8000,4754.4000,4754.2000,4756.4000,4757.2000,4757.4000,4758.2000,4759.6000,1,1,1,5,1,1,1,1,1,1
SF,IC2006,2019-12-06 09:34:44.600,4756.4000,20949,0,222664560.000,1,0,1,多换,S,4755.8000,4755.6000,4755.0000,4754.8000,4754.4000,4757.4000,4758.2000,4759.6000,4760.0000,4762.2000,1,1,1,1,5,1,1,1,1,1
SF,IC2006,2019-12-06 09:34:45.100,4756.4000,20949,0,222664560.000,0,-,-,-,-,4756.0000,4755.8000,4755.6000,4755.0000,4754.8000,4757.4000,4758.2000,4759.6000,4760.0000,4762.2000,1,1,1,1,1,1,1,1,1,1
SF,IC2006,2019-12-06 09:34:45.600,4756.4000,20949,0,222664560.000,0,-,-,-,-,4756.0000,4755.8000,4755.6000,4755.0000,4754.8000,4756.4000,4757.4000,4758.2000,4759.6000,4760.0000,1,1,1,1,1,1,1,1,1,1
SF,IC2006,2019-12-06 09:34:46.100,4756.4000,20949,0,223615840.000,1,0,1,多换,S,4756.0000,4755.8000,4755.6000,4755.0000,4754.8000,4757.4000,4758.2000,4760.0000,4762.2000,4765.0000,1,1,1,1,1,1,1,1,1,2
SF,IC2006,2019-12-06 09:34:46.600,4756.4000,20949,0,223615840.000,0,-,-,-,-,4755.8000,4755.6000,4755.0000,4754.8000,4754.4000,4757.2000,4757.4000,4758.2000,4760.0000,4762.2000,1,1,1,1,5,2,1,1,1,1
SF,IC2006,2019-12-06 09:34:47.100,4755.8000,20948,-1,224567000.000,1,0,1,双平,S,4755.6000,4755.0000,4754.8000,4754.4000,4754.2000,4756.2000,4757.2000,4757.4000,4758.2000,4760.0000,1,1,1,5,1,1,1,1,1,1
SF,IC2006,2019-12-06 09:34:47.600,4755.6000,20947,-1,225518120.000,1,0,1,双平,S,4755.0000,4754.8000,4754.4000,4754.2000,4753.6000,4756.2000,4757.0000,4757.2000,4757.4000,4760.0000,1,1,5,1,1,1,1,1,1,1
SF,IC2006,2019-12-06 09:34:48.100,4756.2000,20948,1,226469360.000,1,1,0,双开,S,4755.2000,4755.0000,4754.8000,4754.4000,4754.2000,4756.4000,4757.0000,4757.2000,4757.4000,4760.0000,1,1,1,5,1,1,1,1,1,1
SF,IC2006,2019-12-06 09:34:51.100,4756.4000,20948,0,227420640.000,1,0,1,多换,S,4755.2000,4755.0000,4754.8000,4754.4000,4754.2000,4757.0000,4757.2000,4757.4000,4760.0000,4762.2000,1,1,1,5,1,1,1,1,1,1
SF,IC2006,2019-12-06 09:34:51.600,4755.4000,20948,0,228371720.000,1,0,1,多换,S,4755.0000,4754.8000,4754.4000,4754.2000,4753.6000,4756.0000,4756.8000,4757.0000,4757.4000,4760.0000,1,1,5,1,1,1,3,1,1,1
SF,IC2006,2019-12-06 09:34:52.100,4756.0000,20949,1,229322920.000,1,1,0,双开,S,4755.4000,4755.0000,4754.8000,4754.4000,4754.2000,4756.8000,4757.0000,4757.4000,4760.0000,4762.0000,1,1,1,5,1,3,1,1,1,1
SF,IC2006,2019-12-06 09:34:52.600,4755.6000,20948,-1,230274040.000,1,0,1,双平,S,4755.4000,4755.0000,4754.8000,4754.4000,4754.2000,4756.6000,4756.8000,4757.0000,4760.0000,4762.0000,1,1,1,5,1,1,2,1,1,1
SF,IC2006,2019-12-06 09:34:53.100,4755.6000,20949,1,231225160.000,1,1,0,双开,S,4755.4000,4755.0000,4754.8000,4754.4000,4754.2000,4756.4000,4756.6000,4756.8000,4757.0000,4760.0000,1,1,1,5,1,1,1,1,1,1
SF,IC2006,2019-12-06 09:34:53.600,4755.6000,20949,0,231225160.000,0,-,-,-,-,4756.0000,4755.4000,4755.0000,4754.8000,4754.4000,4756.4000,4756.6000,4757.0000,4760.0000,4762.0000,1,1,1,1,5,1,1,1,1,1
SF,IC2006,2019-12-06 09:34:54.100,4756.0000,20949,0,232176360.000,1,0,1,多换,S,4755.4000,4755.0000,4754.8000,4754.4000,4754.2000,4756.2000,4756.4000,4756.6000,4757.0000,4760.0000,1,1,1,5,1,1,1,1,1,1
SF,IC2006,2019-12-06 09:34:54.600,4756.0000,20949,0,232176360.000,0,-,-,-,-,4755.4000,4755.0000,4754.8000,4754.4000,4754.2000,4756.0000,4756.2000,4756.6000,4757.0000,4760.0000,1,1,1,5,1,2,1,1,1,1
SF,IC2006,2019-12-06 09:34:55.100,4755.4000,20949,0,233127440.000,1,0,1,多换,S,4755.0000,4754.8000,4754.4000,4754.2000,4753.6000,4755.4000,4756.0000,4756.6000,4760.0000,4762.0000,1,1,5,1,1,1,2,1,1,1
SF,IC2006,2019-12-06 09:34:55.600,4755.4000,20949,0,233127440.000,0,-,-,-,-,4755.0000,4754.8000,4754.4000,4754.2000,4753.6000,4755.4000,4756.0000,4756.6000,4760.0000,4762.0000,1,1,5,1,1,1,2,1,1,1
SF,IC2006,2019-12-06 09:34:56.100,4754.8000,20947,-2,235029400.000,2,0,2,双平,S,4754.4000,4754.2000,4753.6000,4753.4000,4753.2000,4755.4000,4756.0000,4756.6000,4760.0000,4762.0000,5,1,1,1,1,1,2,1,1,1
SF,IC2006,2019-12-06 09:34:56.600,4755.4000,20949,2,236931520.000,2,2,0,双开,S,4754.4000,4754.2000,4753.6000,4753.4000,4753.2000,4756.0000,4756.6000,4760.0000,4762.0000,4762.2000,5,1,1,1,1,2,1,1,1,1
SF,IC2006,2019-12-06 09:34:57.100,4754.4000,20949,0,238833280.000,2,1,1,多换,S,4754.4000,4754.2000,4753.6000,4753.4000,4753.2000,4755.8000,4756.0000,4756.6000,4760.0000,4762.0000,3,1,1,1,1,1,2,1,1,1
