市场代码,合约代码,时间,最新,持仓,增仓,成交额,成交量,开仓,平仓,成交类型,方向,买一价,买二价,买三价,买四价,买五价,卖一价,卖二价,卖三价,卖四价,卖五价,买一量,买二量,买三量,买四量,买五量,卖一量,卖二量,卖三量,卖四量,卖五量
SF,IC2002,2019-12-24 09:29:00.100,5053.2000,1205,0,1010640.000,1.000,-,-,-,-,5053.0000,5045.2000,5041.2000,5036.0000,5035.2000,5073.4000,5091.2000,5096.4000,5101.6000,5109.0000,1,1,1,1,1,1,1,1,1,1
SF,IC2002,2019-12-24 09:30:00.100,5053.2000,1205,0,1010640.000,0,-,-,-,-,5068.8000,5066.0000,5062.2000,5056.2000,5054.2000,5073.4000,5109.0000,5114.0000,5118.6000,5143.0000,1,1,1,1,1,1,1,2,2,3
SF,IC2002,2019-12-24 09:30:00.600,5073.2000,1204,-1,3039920.000,2,0,2,多平,S,5069.2000,5069.0000,5062.2000,5060.0000,5056.2000,5073.4000,5109.0000,5118.6000,5143.0000,5143.8000,1,1,1,1,1,1,1,2,3,1
SF,IC2002,2019-12-24 09:30:01.100,5073.2000,1204,0,3039920.000,0,-,-,-,-,5069.4000,5069.2000,5062.2000,5060.0000,5056.2000,5073.2000,5073.4000,5109.0000,5118.6000,5143.0000,1,1,1,1,1,1,1,1,2,3
SF,IC2002,2019-12-24 09:30:01.600,5073.2000,1204,0,3039920.000,0,-,-,-,-,5069.4000,5069.2000,5062.2000,5060.0000,5057.6000,5073.2000,5073.4000,5080.8000,5109.0000,5118.6000,1,1,1,1,5,2,1,5,1,2
SF,IC2002,2019-12-24 09:30:02.100,5073.2000,1204,0,3039920.000,0,-,-,-,-,5069.4000,5069.2000,5062.2000,5060.0000,5057.6000,5073.2000,5073.4000,5080.8000,5109.0000,5118.6000,1,1,1,1,5,2,1,5,1,2
SF,IC2002,2019-12-24 09:30:02.600,5073.2000,1204,0,3039920.000,0,-,-,-,-,5069.4000,5069.2000,5062.2000,5060.0000,5057.6000,5072.8000,5073.2000,5073.4000,5080.8000,5109.0000,1,1,1,1,5,1,2,1,5,1
SF,IC2002,2019-12-24 09:30:03.100,5073.2000,1204,0,3039920.000,0,-,-,-,-,5069.4000,5069.2000,5062.2000,5060.0000,5057.6000,5072.6000,5072.8000,5073.0000,5073.2000,5073.4000,1,1,1,1,5,1,1,1,1,1
SF,IC2002,2019-12-24 09:30:03.600,5069.4000,1204,0,4053800.000,1,0,1,多换,S,5062.2000,5060.0000,5057.6000,5056.8000,5054.6000,5072.6000,5072.8000,5073.2000,5073.4000,5080.8000,1,1,5,4,1,2,1,1,1,5
SF,IC2002,2019-12-24 09:30:04.100,5069.4000,1204,0,4053800.000,0,-,-,-,-,5064.4000,5063.2000,5062.6000,5062.4000,5062.2000,5072.6000,5072.8000,5073.2000,5073.4000,5080.8000,1,2,1,1,1,2,1,1,1,5
SF,IC2002,2019-12-24 09:30:04.600,5069.4000,1204,0,4053800.000,0,-,-,-,-,5064.6000,5064.4000,5063.2000,5062.6000,5062.2000,5072.6000,5072.8000,5073.2000,5080.8000,5109.0000,1,1,2,1,1,2,1,1,5,1
SF,IC2002,2019-12-24 09:30:05.100,5069.4000,1204,0,4053800.000,0,-,-,-,-,5064.6000,5064.4000,5063.2000,5062.6000,5062.2000,5071.4000,5072.6000,5072.8000,5073.2000,5080.8000,1,1,2,1,1,1,2,1,1,5
SF,IC2002,2019-12-24 09:30:05.600,5069.4000,1204,0,4053800.000,0,-,-,-,-,5066.6000,5064.6000,5063.2000,5062.6000,5062.2000,5071.2000,5071.4000,5072.6000,5072.8000,5073.2000,1,1,2,1,1,1,1,1,1,1
SF,IC2002,2019-12-24 09:30:06.100,5069.4000,1204,0,4053800.000,0,-,-,-,-,5066.8000,5066.6000,5065.6000,5063.2000,5062.6000,5071.2000,5072.6000,5072.8000,5073.2000,5080.8000,1,1,1,2,1,1,1,1,1,5
SF,IC2002,2019-12-24 09:30:07.100,5069.4000,1204,0,4053800.000,0,-,-,-,-,5066.8000,5063.2000,5062.6000,5062.2000,5060.0000,5071.2000,5072.8000,5073.2000,5080.8000,5109.0000,1,2,1,1,1,1,1,1,5,1
SF,IC2002,2019-12-24 09:30:07.600,5069.4000,1204,0,4053800.000,0,-,-,-,-,5066.8000,5066.6000,5063.2000,5062.6000,5062.2000,5068.0000,5071.0000,5071.2000,5072.8000,5073.2000,1,1,2,1,1,1,1,1,1,1
SF,IC2002,2019-12-24 09:30:08.100,5068.0000,1203,-1,5067400.000,1,0,1,双平,S,5067.2000,5066.6000,5063.2000,5062.6000,5062.2000,5071.0000,5072.8000,5073.2000,5080.8000,5109.0000,1,1,2,1,1,1,1,1,5,1
SF,IC2002,2019-12-24 09:30:08.600,5068.0000,1203,0,5067400.000,0,-,-,-,-,5067.6000,5067.4000,5067.2000,5066.6000,5063.2000,5070.8000,5072.8000,5073.2000,5080.8000,5109.0000,1,1,1,1,2,1,1,1,5,1
SF,IC2002,2019-12-24 09:30:09.100,5070.8000,1202,-1,6081560.000,1,0,1,双平,S,5067.8000,5067.6000,5066.6000,5063.2000,5062.6000,5072.8000,5073.2000,5080.8000,5109.0000,5118.6000,1,1,1,2,1,1,1,5,1,1
SF,IC2002,2019-12-24 09:30:09.600,5070.8000,1202,0,6081560.000,0,-,-,-,-,5067.8000,5067.6000,5066.6000,5063.2000,5062.6000,5072.6000,5072.8000,5073.2000,5080.8000,5109.0000,1,1,1,2,1,1,1,1,5,1
SF,IC2002,2019-12-24 09:30:10.100,5072.6000,1202,0,7096080.000,1,0,1,多换,S,5068.0000,5067.8000,5067.6000,5066.6000,5063.2000,5072.8000,5073.2000,5080.8000,5109.0000,5118.6000,1,1,2,1,2,1,1,5,1,1
SF,IC2002,2019-12-24 09:30:10.600,5072.6000,1202,0,7096080.000,0,-,-,-,-,5068.4000,5068.2000,5068.0000,5067.6000,5066.6000,5072.6000,5072.8000,5073.2000,5080.8000,5109.0000,1,1,1,2,1,1,1,1,5,1
SF,IC2002,2019-12-24 09:30:11.100,5072.6000,1202,0,7096080.000,0,-,-,-,-,5068.6000,5068.4000,5068.0000,5067.6000,5066.6000,5072.6000,5073.2000,5080.8000,5109.0000,5118.6000,2,1,1,2,1,1,1,5,1,1
SF,IC2002,2019-12-24 09:30:11.600,5072.6000,1202,0,7096080.000,0,-,-,-,-,5068.6000,5068.4000,5068.0000,5067.6000,5066.6000,5072.6000,5072.8000,5073.2000,5080.8000,5109.0000,2,1,1,2,1,1,1,1,5,1
SF,IC2002,2019-12-24 09:30:12.100,5072.6000,1202,0,7096080.000,0,-,-,-,-,5069.4000,5068.6000,5068.0000,5067.6000,5066.6000,5072.6000,5073.2000,5080.8000,5109.0000,5118.6000,1,2,1,1,1,1,1,5,1,1
SF,IC2002,2019-12-24 09:30:12.600,5072.6000,1202,0,7096080.000,0,-,-,-,-,5069.6000,5069.4000,5068.6000,5066.6000,5062.2000,5072.4000,5072.6000,5073.2000,5080.8000,5109.0000,2,1,1,1,1,1,1,1,5,1
SF,IC2002,2019-12-24 09:30:13.100,5072.6000,1202,0,7096080.000,0,-,-,-,-,5069.6000,5069.4000,5068.6000,5066.6000,5062.2000,5072.2000,5073.2000,5080.8000,5109.0000,5118.6000,2,1,1,1,1,1,1,5,1,1
SF,IC2002,2019-12-24 09:30:14.600,5072.6000,1202,0,7096080.000,0,-,-,-,-,5069.6000,5068.6000,5066.6000,5062.2000,5060.0000,5072.2000,5073.2000,5080.8000,5109.0000,5118.6000,2,1,1,1,1,1,1,5,1,1
SF,IC2002,2019-12-24 09:30:15.100,5072.6000,1202,0,7096080.000,0,-,-,-,-,5069.6000,5066.6000,5062.2000,5060.0000,5057.6000,5072.2000,5073.2000,5080.8000,5109.0000,5118.6000,2,1,1,1,5,1,1,5,1,1
SF,IC2002,2019-12-24 09:30:15.600,5072.6000,1202,0,7096080.000,0,-,-,-,-,5069.6000,5066.6000,5062.2000,5060.0000,5057.6000,5072.0000,5072.2000,5073.2000,5080.8000,5109.0000,1,1,1,1,5,1,1,1,5,1
SF,IC2002,2019-12-24 09:30:16.100,5072.0000,1202,0,9124880.000,2,1,1,多换,S,5069.6000,5066.6000,5062.2000,5060.0000,5057.6000,5073.2000,5080.8000,5109.0000,5118.6000,5143.0000,1,1,1,1,5,1,5,1,1,3
SF,IC2002,2019-12-24 09:30:16.600,5072.0000,1202,0,9124880.000,0,-,-,-,-,5069.6000,5066.6000,5062.2000,5060.0000,5057.6000,5073.0000,5073.2000,5080.8000,5109.0000,5118.6000,1,1,1,1,5,1,1,5,1,1
SF,IC2002,2019-12-24 09:30:17.100,5072.0000,1202,0,9124880.000,0,-,-,-,-,5069.8000,5069.6000,5066.6000,5062.2000,5060.0000,5073.0000,5073.2000,5080.8000,5109.0000,5118.6000,1,1,1,1,1,1,1,5,1,1
SF,IC2002,2019-12-24 09:30:17.600,5070.0000,1201,-1,10138880.000,1,0,1,双平,S,5069.8000,5066.6000,5062.2000,5060.0000,5057.6000,5073.0000,5073.2000,5080.8000,5109.0000,5118.6000,1,1,1,1,5,1,1,5,1,1
SF,IC2002,2019-12-24 09:30:18.100,5070.0000,1201,0,10138880.000,0,-,-,-,-,5070.2000,5070.0000,5069.8000,5066.6000,5062.2000,5073.0000,5073.2000,5080.8000,5109.0000,5118.6000,1,1,1,1,1,1,1,5,1,1
SF,IC2002,2019-12-24 09:30:18.600,5070.0000,1201,0,10138880.000,0,-,-,-,-,5070.4000,5070.2000,5069.8000,5066.6000,5062.2000,5073.0000,5073.2000,5080.8000,5109.0000,5118.6000,2,1,1,1,1,1,1,5,1,1
SF,IC2002,2019-12-24 09:30:19.100,5070.0000,1201,0,10138880.000,0,-,-,-,-,5070.4000,5070.2000,5069.8000,5066.6000,5062.2000,5073.0000,5073.2000,5080.8000,5109.0000,5118.6000,1,1,1,1,1,1,1,5,1,1
SF,IC2002,2019-12-24 09:30:19.600,5070.0000,1201,0,10138880.000,0,-,-,-,-,5070.4000,5070.2000,5066.6000,5062.2000,5060.0000,5072.8000,5073.0000,5073.2000,5080.8000,5109.0000,1,1,1,1,1,1,1,1,5,1
SF,IC2002,2019-12-24 09:30:20.100,5070.0000,1201,0,10138880.000,0,-,-,-,-,5070.6000,5070.2000,5066.6000,5062.2000,5060.0000,5072.6000,5073.2000,5080.8000,5109.0000,5118.6000,1,1,1,1,1,1,1,5,1,1
SF,IC2002,2019-12-24 09:30:20.600,5070.0000,1201,0,10138880.000,0,-,-,-,-,5070.8000,5070.6000,5070.2000,5066.6000,5062.2000,5072.6000,5073.2000,5080.8000,5109.0000,5118.6000,1,1,1,1,1,1,1,5,1,1
SF,IC2002,2019-12-24 09:30:21.100,5070.0000,1201,0,10138880.000,0,-,-,-,-,5071.0000,5070.8000,5070.2000,5066.6000,5062.2000,5073.2000,5080.8000,5109.0000,5118.6000,5143.0000,1,1,1,1,1,1,5,1,1,3
SF,IC2002,2019-12-24 09:30:21.600,5070.0000,1201,0,10138880.000,0,-,-,-,-,5071.2000,5071.0000,5070.8000,5070.2000,5066.6000,5073.0000,5073.2000,5080.8000,5109.0000,5118.6000,1,1,1,1,1,1,1,5,1,1
SF,IC2002,2019-12-24 09:30:22.100,5070.0000,1201,0,10138880.000,0,-,-,-,-,5071.4000,5071.2000,5070.8000,5070.2000,5066.6000,5073.0000,5073.2000,5080.8000,5109.0000,5118.6000,2,1,1,1,1,1,1,5,1,1
SF,IC2002,2019-12-24 09:30:22.600,5071.4000,1202,1,11153160.000,1,1,0,双开,S,5071.4000,5071.2000,5070.8000,5070.2000,5066.6000,5073.0000,5073.2000,5080.8000,5109.0000,5118.6000,1,1,1,1,1,1,1,5,1,1
SF,IC2002,2019-12-24 09:30:23.100,5071.2000,1203,1,13181680.000,2,1,1,空开,S,5070.8000,5070.2000,5066.6000,5062.2000,5060.0000,5073.0000,5073.2000,5080.8000,5109.0000,5118.6000,1,1,1,1,1,1,1,5,1,1
SF,IC2002,2019-12-24 09:30:23.600,5071.2000,1203,0,13181680.000,0,-,-,-,-,5071.0000,5070.8000,5070.2000,5066.6000,5062.2000,5073.0000,5073.2000,5080.8000,5109.0000,5118.6000,1,1,1,1,1,1,1,5,1,1
SF,IC2002,2019-12-24 09:30:24.600,5071.2000,1203,0,13181680.000,0,-,-,-,-,5071.2000,5071.0000,5070.8000,5070.2000,5066.6000,5073.0000,5073.2000,5080.8000,5109.0000,5118.6000,1,1,1,1,1,1,1,5,1,1
SF,IC2002,2019-12-24 09:30:25.100,5071.2000,1203,0,13181680.000,0,-,-,-,-,5071.4000,5071.2000,5070.8000,5070.2000,5066.6000,5073.0000,5073.2000,5080.8000,5109.0000,5118.6000,1,1,1,1,1,1,1,5,1,1
SF,IC2002,2019-12-24 09:30:25.600,5071.2000,1203,0,13181680.000,0,-,-,-,-,5070.8000,5066.6000,5062.2000,5060.0000,5057.6000,5072.8000,5073.0000,5073.2000,5080.8000,5109.0000,1,1,1,1,5,1,1,1,5,1
SF,IC2002,2019-12-24 09:30:26.100,5071.2000,1203,0,13181680.000,0,-,-,-,-,5071.0000,5070.8000,5066.6000,5062.2000,5060.0000,5072.6000,5073.2000,5080.8000,5109.0000,5118.6000,1,1,1,1,1,1,1,5,1,1
SF,IC2002,2019-12-24 09:30:27.600,5072.6000,1203,0,14196200.000,1,0,1,多换,S,5071.0000,5070.8000,5066.6000,5062.2000,5060.0000,5073.2000,5080.8000,5109.0000,5118.6000,5143.0000,1,1,1,1,1,1,5,1,1,3
SF,IC2002,2019-12-24 09:30:29.100,5072.6000,1203,0,14196200.000,0,-,-,-,-,5071.0000,5070.8000,5062.2000,5060.0000,5057.6000,5073.2000,5080.8000,5109.0000,5118.6000,5143.0000,1,1,1,1,5,1,5,1,1,3
SF,IC2002,2019-12-24 09:30:29.600,5073.2000,1204,1,15210840.000,1,1,0,双开,S,5071.0000,5070.8000,5062.2000,5060.0000,5057.6000,5080.8000,5109.0000,5118.6000,5143.0000,5329.0000,1,1,1,1,5,5,1,1,3,3
SF,IC2002,2019-12-24 09:30:30.100,5073.2000,1204,0,15210840.000,0,-,-,-,-,5071.0000,5070.8000,5062.2000,5060.0000,5057.6000,5075.4000,5076.2000,5077.0000,5079.8000,5080.6000,1,1,1,1,5,1,1,1,1,2
SF,IC2002,2019-12-24 09:30:30.600,5073.2000,1204,0,15210840.000,0,-,-,-,-,5071.8000,5071.0000,5070.8000,5062.2000,5060.0000,5075.2000,5075.4000,5076.2000,5077.0000,5079.8000,1,1,1,1,1,1,1,1,1,1
SF,IC2002,2019-12-24 09:30:31.100,5073.2000,1204,0,15210840.000,0,-,-,-,-,5072.0000,5071.8000,5070.8000,5062.2000,5060.0000,5075.4000,5076.2000,5077.0000,5079.8000,5086.6000,1,1,1,1,1,2,1,1,1,5
SF,IC2002,2019-12-24 09:30:31.600,5073.2000,1204,0,15210840.000,0,-,-,-,-,5072.0000,5070.8000,5062.2000,5060.0000,5057.6000,5075.2000,5075.4000,5076.2000,5077.0000,5079.8000,1,1,1,1,5,1,2,1,1,1
SF,IC2002,2019-12-24 09:30:32.100,5073.2000,1204,0,15210840.000,0,-,-,-,-,5072.6000,5072.0000,5062.2000,5060.0000,5057.6000,5075.0000,5075.2000,5075.4000,5076.2000,5079.8000,1,1,1,1,5,1,1,2,1,1
SF,IC2002,2019-12-24 09:30:32.600,5073.2000,1204,0,15210840.000,0,-,-,-,-,5072.8000,5072.6000,5062.2000,5060.0000,5057.6000,5074.8000,5075.0000,5075.4000,5076.2000,5079.8000,1,1,1,1,5,1,1,2,1,1
SF,IC2002,2019-12-24 09:30:33.100,5073.2000,1204,0,15210840.000,0,-,-,-,-,5072.8000,5072.6000,5062.2000,5060.0000,5057.6000,5074.8000,5075.4000,5076.2000,5079.8000,5086.6000,1,1,1,1,5,1,1,1,1,5
SF,IC2002,2019-12-24 09:30:33.600,5073.2000,1204,0,15210840.000,0,-,-,-,-,5072.8000,5072.6000,5062.2000,5060.0000,5057.6000,5074.6000,5074.8000,5075.4000,5076.2000,5079.8000,1,1,1,1,5,1,1,1,1,1
SF,IC2002,2019-12-24 09:30:36.100,5073.2000,1204,0,15210840.000,0,-,-,-,-,5072.8000,5072.6000,5062.2000,5060.0000,5057.6000,5074.6000,5074.8000,5076.2000,5079.8000,5086.6000,1,1,1,1,5,1,1,1,1,5
SF,IC2002,2019-12-24 09:30:36.600,5073.2000,1204,0,15210840.000,0,-,-,-,-,5072.8000,5072.6000,5062.2000,5060.0000,5057.6000,5076.2000,5079.8000,5086.6000,5109.0000,5118.6000,1,1,1,1,5,1,1,5,1,1
SF,IC2002,2019-12-24 09:30:37.100,5073.2000,1204,0,15210840.000,0,-,-,-,-,5072.8000,5072.6000,5062.2000,5060.0000,5057.6000,5076.0000,5076.2000,5079.8000,5086.6000,5109.0000,1,1,1,1,5,1,1,1,5,1
SF,IC2002,2019-12-24 09:30:39.100,5073.2000,1204,0,15210840.000,0,-,-,-,-,5072.8000,5072.6000,5060.0000,5057.6000,5053.8000,5076.0000,5076.2000,5086.6000,5109.0000,5118.6000,1,1,1,5,1,1,1,5,1,1
SF,IC2002,2019-12-24 09:30:39.600,5073.2000,1204,0,15210840.000,0,-,-,-,-,5072.8000,5072.6000,5060.0000,5057.6000,5053.8000,5076.2000,5086.6000,5109.0000,5118.6000,5143.0000,1,1,1,5,1,1,5,1,1,3
SF,IC2002,2019-12-24 09:30:40.600,5073.2000,1204,0,15210840.000,0,-,-,-,-,5073.2000,5072.8000,5072.6000,5060.0000,5057.6000,5086.6000,5109.0000,5118.6000,5143.0000,5329.0000,1,1,1,1,5,5,1,1,3,3
SF,IC2002,2019-12-24 09:30:41.100,5073.2000,1204,0,15210840.000,0,-,-,-,-,5073.4000,5073.2000,5072.6000,5060.0000,5057.6000,5079.0000,5079.6000,5082.0000,5086.4000,5086.6000,1,1,1,1,5,1,1,2,2,5
SF,IC2002,2019-12-24 09:30:41.600,5073.2000,1204,0,15210840.000,0,-,-,-,-,5073.4000,5073.2000,5072.6000,5060.0000,5057.6000,5078.8000,5079.0000,5079.6000,5082.0000,5086.6000,1,1,1,1,5,1,1,1,2,5
SF,IC2002,2019-12-24 09:30:42.100,5073.2000,1204,0,15210840.000,0,-,-,-,-,5073.6000,5073.4000,5073.2000,5072.6000,5060.0000,5078.6000,5078.8000,5079.0000,5079.6000,5082.0000,1,1,1,1,1,1,1,1,1,2
SF,IC2002,2019-12-24 09:30:42.600,5073.2000,1204,0,15210840.000,0,-,-,-,-,5073.8000,5073.6000,5073.2000,5072.6000,5060.0000,5078.4000,5078.6000,5079.0000,5079.6000,5082.0000,1,1,1,1,1,2,1,1,1,2
SF,IC2002,2019-12-24 09:30:43.100,5073.2000,1204,0,15210840.000,0,-,-,-,-,5073.8000,5073.6000,5073.2000,5072.6000,5060.0000,5078.4000,5078.6000,5079.0000,5079.6000,5082.0000,2,1,1,1,1,2,1,1,1,2
SF,IC2002,2019-12-24 09:30:43.600,5073.8000,1203,-1,16225600.000,1,0,1,双平,S,5073.8000,5073.6000,5073.2000,5072.6000,5060.0000,5076.2000,5078.2000,5078.4000,5078.6000,5082.0000,1,1,1,1,1,1,2,2,1,2
SF,IC2002,2019-12-24 09:30:44.100,5073.8000,1203,0,17240360.000,1,0,1,多换,S,5072.6000,5060.0000,5057.6000,5053.8000,5053.4000,5076.0000,5076.2000,5078.2000,5078.4000,5078.6000,1,1,5,1,1,1,1,2,1,1
SF,IC2002,2019-12-24 09:30:44.600,5073.8000,1203,0,17240360.000,0,-,-,-,-,5072.8000,5072.6000,5060.0000,5057.6000,5053.8000,5075.8000,5076.0000,5076.2000,5078.2000,5078.4000,1,1,1,5,1,1,1,1,2,1
SF,IC2002,2019-12-24 09:30:45.100,5073.8000,1203,0,17240360.000,0,-,-,-,-,5072.8000,5072.6000,5060.0000,5057.6000,5053.8000,5075.6000,5075.8000,5076.2000,5078.2000,5078.4000,1,1,1,5,1,1,1,1,2,1
SF,IC2002,2019-12-24 09:30:45.600,5073.8000,1203,0,17240360.000,0,-,-,-,-,5072.8000,5072.6000,5060.0000,5057.6000,5053.8000,5075.4000,5075.6000,5075.8000,5076.2000,5078.2000,1,1,1,5,1,1,1,1,1,2
SF,IC2002,2019-12-24 09:30:46.100,5073.8000,1203,0,17240360.000,0,-,-,-,-,5072.8000,5072.6000,5060.0000,5057.6000,5053.8000,5075.2000,5075.4000,5075.8000,5076.2000,5078.2000,1,1,1,5,1,1,1,1,1,2
SF,IC2002,2019-12-24 09:30:46.600,5073.8000,1203,0,17240360.000,0,-,-,-,-,5072.8000,5072.6000,5060.0000,5057.6000,5053.8000,5075.0000,5075.2000,5075.4000,5075.8000,5076.2000,1,1,1,5,1,1,1,1,1,1
SF,IC2002,2019-12-24 09:30:47.100,5072.8000,1202,-1,18254920.000,1,0,1,双平,S,5072.6000,5060.0000,5057.6000,5053.8000,5053.4000,5074.8000,5075.0000,5075.4000,5075.8000,5076.2000,1,1,5,1,1,2,1,1,1,1
SF,IC2002,2019-12-24 09:30:47.600,5072.8000,1202,0,18254920.000,0,-,-,-,-,5072.8000,5072.6000,5060.0000,5057.6000,5053.8000,5074.8000,5075.0000,5075.4000,5075.8000,5076.2000,1,1,1,5,1,2,1,1,1,1
SF,IC2002,2019-12-24 09:30:48.100,5072.8000,1202,0,18254920.000,0,-,-,-,-,5072.8000,5072.6000,5060.0000,5057.6000,5053.8000,5074.8000,5075.0000,5075.4000,5075.8000,5076.2000,1,1,1,5,1,2,1,2,1,1
SF,IC2002,2019-12-24 09:30:48.600,5072.8000,1202,0,18254920.000,0,-,-,-,-,5072.8000,5060.0000,5057.6000,5053.8000,5053.4000,5074.8000,5075.0000,5075.4000,5075.8000,5076.2000,1,1,5,1,1,2,1,2,1,1
SF,IC2002,2019-12-24 09:30:49.100,5072.8000,1202,0,18254920.000,0,-,-,-,-,5074.2000,5072.8000,5060.0000,5057.6000,5053.8000,5074.8000,5075.0000,5075.4000,5075.8000,5076.2000,1,1,1,5,1,2,1,2,1,1
SF,IC2002,2019-12-24 09:30:49.600,5073.8000,1203,1,19269680.000,1,1,0,双开,S,5060.0000,5057.6000,5053.8000,5053.4000,5053.0000,5074.0000,5074.2000,5074.8000,5075.0000,5075.4000,1,5,1,1,1,1,1,1,1,2
SF,IC2002,2019-12-24 09:30:50.100,5073.8000,1203,0,19269680.000,0,-,-,-,-,5068.8000,5066.0000,5063.6000,5062.2000,5060.2000,5073.8000,5074.0000,5074.2000,5074.8000,5075.0000,1,1,2,1,1,1,1,1,1,1
SF,IC2002,2019-12-24 09:30:50.600,5073.8000,1203,0,19269680.000,0,-,-,-,-,5069.0000,5068.8000,5066.0000,5062.2000,5060.0000,5073.6000,5073.8000,5074.0000,5074.2000,5074.8000,1,1,1,1,1,1,1,1,1,1
SF,IC2002,2019-12-24 09:30:51.100,5073.8000,1203,0,19269680.000,0,-,-,-,-,5069.0000,5068.8000,5066.0000,5062.2000,5060.0000,5073.4000,5073.6000,5074.0000,5074.2000,5074.8000,1,1,1,1,1,1,1,1,1,1
SF,IC2002,2019-12-24 09:30:51.600,5073.8000,1203,0,19269680.000,0,-,-,-,-,5069.8000,5069.0000,5068.8000,5066.0000,5062.2000,5073.2000,5073.4000,5073.6000,5074.0000,5074.2000,1,1,1,1,1,1,1,1,1,1
SF,IC2002,2019-12-24 09:30:52.100,5073.8000,1203,0,19269680.000,0,-,-,-,-,5070.0000,5069.8000,5066.0000,5062.2000,5060.0000,5073.0000,5073.2000,5073.6000,5074.0000,5074.2000,1,1,1,1,1,1,1,1,1,1
SF,IC2002,2019-12-24 09:30:52.600,5073.8000,1203,0,19269680.000,0,-,-,-,-,5070.0000,5066.0000,5064.6000,5062.2000,5060.0000,5072.8000,5073.2000,5073.6000,5074.0000,5074.2000,1,1,1,1,1,1,1,1,1,1
SF,IC2002,2019-12-24 09:30:53.100,5072.8000,1203,0,20284240.000,1,0,1,多换,S,5070.0000,5066.0000,5064.6000,5062.2000,5060.0000,5073.2000,5073.6000,5074.0000,5074.2000,5074.8000,1,1,1,1,1,1,1,1,1,1
SF,IC2002,2019-12-24 09:30:53.600,5072.8000,1203,0,20284240.000,0,-,-,-,-,5070.0000,5066.0000,5064.6000,5062.2000,5060.0000,5073.0000,5073.2000,5073.6000,5074.0000,5074.2000,1,1,1,1,1,1,1,1,1,1
SF,IC2002,2019-12-24 09:30:54.100,5072.8000,1203,0,20284240.000,0,-,-,-,-,5070.0000,5066.0000,5064.6000,5062.2000,5060.0000,5072.8000,5073.0000,5073.2000,5073.6000,5074.0000,1,1,1,1,1,1,1,1,1,1
SF,IC2002,2019-12-24 09:30:54.600,5072.8000,1203,0,20284240.000,0,-,-,-,-,5070.0000,5066.0000,5064.6000,5062.2000,5060.0000,5072.6000,5072.8000,5073.2000,5073.6000,5074.0000,1,1,1,1,1,1,1,1,1,1
SF,IC2002,2019-12-24 09:30:55.100,5072.8000,1203,0,20284240.000,0,-,-,-,-,5070.0000,5066.0000,5064.6000,5062.2000,5060.0000,5072.4000,5072.8000,5073.2000,5073.6000,5074.0000,1,1,1,1,1,1,1,1,1,1
SF,IC2002,2019-12-24 09:30:55.600,5072.8000,1203,0,20284240.000,0,-,-,-,-,5070.0000,5066.0000,5064.6000,5062.2000,5060.0000,5072.4000,5072.8000,5073.2000,5073.6000,5074.0000,1,1,1,1,1,1,1,1,1,1
SF,IC2002,2019-12-24 09:30:56.100,5072.8000,1203,0,20284240.000,0,-,-,-,-,5070.2000,5070.0000,5066.0000,5064.6000,5062.2000,5072.2000,5072.4000,5072.8000,5073.2000,5073.6000,1,1,1,1,1,1,1,1,1,1
SF,IC2002,2019-12-24 09:30:56.600,5072.8000,1203,0,20284240.000,0,-,-,-,-,5070.2000,5070.0000,5064.6000,5062.2000,5060.0000,5072.2000,5072.4000,5072.8000,5073.2000,5073.6000,1,1,1,1,1,1,1,1,1,1
SF,IC2002,2019-12-24 09:30:57.100,5072.8000,1203,0,20284240.000,0,-,-,-,-,5070.4000,5070.2000,5064.6000,5062.2000,5060.0000,5072.2000,5072.4000,5073.2000,5073.6000,5074.2000,1,1,1,1,1,1,1,1,1,1
SF,IC2002,2019-12-24 09:30:57.600,5072.8000,1203,0,20284240.000,0,-,-,-,-,5070.2000,5064.6000,5062.2000,5060.0000,5057.6000,5072.2000,5072.4000,5073.2000,5074.2000,5075.0000,1,1,1,1,5,1,1,1,1,1
SF,IC2002,2019-12-24 09:30:58.100,5072.8000,1203,0,20284240.000,0,-,-,-,-,5064.6000,5062.2000,5060.0000,5057.6000,5055.0000,5072.0000,5072.2000,5072.4000,5073.2000,5074.2000,1,1,1,5,1,1,1,1,1,1
SF,IC2002,2019-12-24 09:30:58.600,5072.8000,1203,0,20284240.000,0,-,-,-,-,5066.6000,5064.8000,5064.6000,5062.2000,5060.0000,5071.8000,5072.0000,5072.4000,5074.2000,5075.0000,1,1,1,1,1,1,1,1,1,1
SF,IC2002,2019-12-24 09:30:59.100,5072.8000,1203,0,20284240.000,0,-,-,-,-,5066.8000,5066.6000,5064.6000,5062.2000,5060.0000,5071.8000,5072.0000,5074.2000,5075.0000,5075.4000,1,1,1,1,1,1,1,1,1,1
SF,IC2002,2019-12-24 09:30:59.600,5072.8000,1203,0,20284240.000,0,-,-,-,-,5067.6000,5067.0000,5066.8000,5066.6000,5064.6000,5071.8000,5074.2000,5075.0000,5075.4000,5086.6000,1,1,1,1,1,1,1,1,1,5
SF,IC2002,2019-12-24 09:31:00.100,5072.8000,1203,0,20284240.000,0,-,-,-,-,5067.8000,5067.6000,5067.0000,5066.6000,5062.2000,5071.8000,5074.2000,5075.0000,5075.4000,5086.6000,1,1,1,1,1,1,1,1,1,5
SF,IC2002,2019-12-24 09:31:00.600,5072.8000,1203,0,20284240.000,0,-,-,-,-,5067.8000,5067.6000,5062.2000,5060.0000,5057.6000,5071.6000,5071.8000,5074.2000,5075.0000,5075.4000,1,1,1,1,5,1,1,1,1,1
SF,IC2002,2019-12-24 09:31:01.100,5067.6000,1202,-1,21297760.000,1,0,1,双平,S,5062.2000,5060.0000,5057.6000,5055.0000,5053.8000,5071.4000,5071.6000,5074.2000,5075.0000,5075.4000,1,1,5,1,1,1,2,1,1,1
SF,IC2002,2019-12-24 09:31:01.600,5067.6000,1202,0,21297760.000,0,-,-,-,-,5064.4000,5062.6000,5062.4000,5062.2000,5060.0000,5071.4000,5071.6000,5074.2000,5075.0000,5075.4000,1,2,1,2,1,1,2,1,1,1
SF,IC2002,2019-12-24 09:31:02.100,5067.6000,1202,0,21297760.000,0,-,-,-,-,5064.6000,5064.4000,5062.6000,5062.2000,5060.0000,5071.2000,5071.4000,5074.2000,5075.0000,5075.4000,1,1,2,2,1,2,1,1,1,1
SF,IC2002,2019-12-24 09:31:02.600,5067.6000,1202,0,21297760.000,0,-,-,-,-,5064.6000,5064.4000,5062.6000,5062.2000,5060.0000,5071.0000,5071.2000,5074.2000,5075.0000,5075.4000,1,1,2,1,1,1,2,1,6,1
SF,IC2002,2019-12-24 09:31:03.100,5067.6000,1202,0,21297760.000,0,-,-,-,-,5064.8000,5064.6000,5064.4000,5062.6000,5062.2000,5070.8000,5071.0000,5075.0000,5075.4000,5088.8000,1,1,1,2,1,1,1,6,1,1
SF,IC2002,2019-12-24 09:31:03.600,5067.6000,1202,0,21297760.000,0,-,-,-,-,5065.0000,5064.8000,5064.4000,5062.6000,5062.2000,5070.2000,5070.6000,5070.8000,5075.0000,5075.4000,1,1,1,2,1,1,1,1,6,1
SF,IC2002,2019-12-24 09:31:04.100,5067.6000,1202,0,21297760.000,0,-,-,-,-,5065.0000,5064.8000,5064.4000,5062.6000,5062.2000,5070.0000,5070.2000,5075.0000,5075.4000,5088.8000,2,1,1,2,1,1,1,6,1,1
SF,IC2002,2019-12-24 09:31:04.600,5067.6000,1202,0,21297760.000,0,-,-,-,-,5065.4000,5065.0000,5064.4000,5062.6000,5062.2000,5069.8000,5070.0000,5070.2000,5075.0000,5075.4000,1,2,1,1,1,1,1,1,1,1
SF,IC2002,2019-12-24 09:31:05.100,5067.6000,1202,0,21297760.000,0,-,-,-,-,5065.6000,5065.4000,5065.0000,5064.4000,5062.6000,5069.6000,5069.8000,5070.2000,5075.4000,5080.8000,1,1,1,1,1,1,1,1,1,5
SF,IC2002,2019-12-24 09:31:06.100,5067.6000,1202,0,21297760.000,0,-,-,-,-,5065.6000,5065.4000,5064.4000,5062.6000,5062.2000,5069.4000,5069.6000,5069.8000,5070.2000,5075.4000,1,1,1,1,1,1,1,1,1,1
SF,IC2002,2019-12-24 09:31:06.600,5067.6000,1202,0,21297760.000,0,-,-,-,-,5065.6000,5065.4000,5064.4000,5062.6000,5062.2000,5069.2000,5069.4000,5069.8000,5070.2000,5075.4000,1,1,1,1,1,1,1,1,1,1
SF,IC2002,2019-12-24 09:31:07.100,5067.6000,1202,0,21297760.000,0,-,-,-,-,5066.6000,5065.6000,5065.4000,5062.6000,5062.2000,5069.4000,5069.8000,5070.2000,5075.4000,5080.8000,1,1,1,1,1,1,1,1,1,5
SF,IC2002,2019-12-24 09:31:07.600,5067.6000,1202,0,21297760.000,0,-,-,-,-,5066.8000,5065.4000,5062.6000,5062.2000,5060.0000,5069.2000,5069.4000,5069.8000,5070.2000,5075.4000,1,1,1,1,1,1,1,1,1,1
SF,IC2002,2019-12-24 09:31:08.100,5067.6000,1202,0,21297760.000,0,-,-,-,-,5067.2000,5066.8000,5062.6000,5062.2000,5060.0000,5069.0000,5069.2000,5069.4000,5069.8000,5070.2000,1,1,1,1,1,1,1,1,1,1
SF,IC2002,2019-12-24 09:31:08.600,5069.0000,1203,1,22311560.000,1,1,0,双开,S,5067.4000,5067.2000,5062.6000,5062.2000,5060.0000,5069.4000,5069.8000,5070.2000,5075.4000,5080.8000,1,1,1,1,1,1,1,1,1,5
SF,IC2002,2019-12-24 09:31:09.100,5069.0000,1203,0,22311560.000,0,-,-,-,-,5067.6000,5067.4000,5067.2000,5062.6000,5062.2000,5069.4000,5070.2000,5075.4000,5080.8000,5088.8000,1,1,1,1,1,1,1,1,5,1
SF,IC2002,2019-12-24 09:31:09.600,5069.0000,1203,0,22311560.000,0,-,-,-,-,5067.6000,5067.4000,5067.2000,5062.6000,5062.2000,5069.2000,5070.2000,5075.4000,5080.8000,5088.8000,1,1,1,1,1,1,1,1,5,1
SF,IC2002,2019-12-24 09:31:10.100,5069.0000,1203,0,22311560.000,0,-,-,-,-,5067.8000,5067.2000,5062.6000,5062.2000,5060.0000,5069.2000,5070.2000,5075.4000,5080.8000,5088.8000,1,1,1,1,1,1,1,1,5,1
SF,IC2002,2019-12-24 09:31:10.600,5070.2000,1203,0,24339440.000,2,1,1,多换,S,5072.2000,5067.2000,5062.6000,5062.2000,5060.0000,5075.4000,5080.8000,5088.8000,5109.0000,5118.6000,3,1,1,1,1,1,5,1,1,1
SF,IC2002,2019-12-24 09:31:11.100,5072.2000,1205,2,27382760.000,3,2,1,空开,S,5067.2000,5062.6000,5062.2000,5060.0000,5057.6000,5072.8000,5074.2000,5075.4000,5080.8000,5088.8000,1,1,1,1,5,1,1,2,5,1
SF,IC2002,2019-12-24 09:31:11.600,5072.2000,1205,0,27382760.000,0,-,-,-,-,5067.4000,5067.2000,5062.6000,5062.2000,5060.0000,5072.6000,5072.8000,5074.2000,5075.4000,5080.8000,1,1,1,1,1,1,1,1,2,5
SF,IC2002,2019-12-24 09:31:12.100,5072.2000,1205,0,27382760.000,0,-,-,-,-,5067.6000,5067.4000,5062.6000,5062.2000,5060.0000,5072.6000,5072.8000,5075.4000,5080.8000,5088.8000,1,1,1,1,1,1,2,2,5,1
SF,IC2002,2019-12-24 09:31:12.600,5072.2000,1205,0,27382760.000,0,-,-,-,-,5067.8000,5067.6000,5062.6000,5062.2000,5060.0000,5072.6000,5072.8000,5075.4000,5080.8000,5088.8000,1,1,1,1,1,1,2,2,5,1
SF,IC2002,2019-12-24 09:31:13.100,5072.2000,1205,0,27382760.000,0,-,-,-,-,5067.8000,5062.6000,5062.2000,5060.0000,5057.6000,5072.4000,5072.6000,5072.8000,5075.4000,5080.8000,1,1,1,1,5,2,1,1,2,5
SF,IC2002,2019-12-24 09:31:13.600,5072.2000,1205,0,27382760.000,0,-,-,-,-,5067.8000,5062.6000,5062.2000,5060.0000,5057.6000,5072.2000,5072.4000,5072.8000,5075.4000,5080.8000,1,1,1,1,5,1,2,1,2,5
SF,IC2002,2019-12-24 09:31:14.100,5072.2000,1205,0,27382760.000,0,-,-,-,-,5067.8000,5062.6000,5062.2000,5060.0000,5057.6000,5072.2000,5072.4000,5072.8000,5075.4000,5080.8000,1,1,1,1,5,1,1,1,2,5
SF,IC2002,2019-12-24 09:31:14.600,5072.2000,1205,0,27382760.000,0,-,-,-,-,5067.8000,5062.6000,5062.2000,5060.0000,5057.6000,5072.0000,5072.2000,5072.8000,5075.4000,5080.8000,1,1,1,1,5,3,1,1,2,5
SF,IC2002,2019-12-24 09:31:15.100,5072.2000,1205,0,27382760.000,0,-,-,-,-,5067.8000,5062.6000,5062.2000,5060.0000,5057.6000,5071.8000,5072.0000,5072.8000,5075.4000,5080.8000,1,1,1,1,5,1,3,1,2,5
SF,IC2002,2019-12-24 09:31:16.100,5072.2000,1205,0,27382760.000,0,-,-,-,-,5067.8000,5062.6000,5062.2000,5060.0000,5057.6000,5071.8000,5072.0000,5072.8000,5075.4000,5080.8000,1,1,1,1,5,1,2,1,2,5
SF,IC2002,2019-12-24 09:31:16.600,5072.2000,1205,0,27382760.000,0,-,-,-,-,5067.8000,5062.6000,5062.2000,5060.0000,5057.6000,5071.6000,5071.8000,5072.0000,5072.8000,5075.4000,1,1,1,1,5,1,1,2,1,2
SF,IC2002,2019-12-24 09:31:17.100,5072.2000,1205,0,27382760.000,0,-,-,-,-,5062.6000,5062.2000,5060.0000,5057.6000,5055.0000,5071.4000,5071.6000,5072.0000,5072.8000,5075.4000,1,1,1,5,1,1,1,1,1,2
SF,IC2002,2019-12-24 09:31:17.600,5072.2000,1205,0,27382760.000,0,-,-,-,-,5064.4000,5062.8000,5062.6000,5062.2000,5060.0000,5071.4000,5071.6000,5072.0000,5072.8000,5075.4000,1,1,1,1,1,1,1,1,1,2
SF,IC2002,2019-12-24 09:31:18.100,5072.2000,1205,0,27382760.000,0,-,-,-,-,5064.6000,5064.4000,5062.6000,5062.2000,5060.0000,5071.4000,5071.6000,5072.0000,5072.8000,5075.4000,1,1,1,1,1,1,1,1,1,2
SF,IC2002,2019-12-24 09:31:18.600,5072.2000,1205,0,27382760.000,0,-,-,-,-,5065.6000,5064.6000,5064.4000,5062.6000,5062.2000,5071.4000,5071.6000,5072.0000,5072.8000,5075.4000,1,1,1,1,1,1,1,1,1,2
SF,IC2002,2019-12-24 09:31:19.100,5072.2000,1205,0,27382760.000,0,-,-,-,-,5065.8000,5065.6000,5064.4000,5062.6000,5062.2000,5071.4000,5071.6000,5072.0000,5072.8000,5075.4000,1,1,1,1,1,1,1,1,1,2
SF,IC2002,2019-12-24 09:31:19.600,5072.2000,1205,0,27382760.000,0,-,-,-,-,5065.8000,5065.6000,5064.4000,5062.6000,5062.2000,5071.4000,5071.6000,5072.0000,5072.8000,5075.4000,2,1,1,1,1,1,1,1,1,2
SF,IC2002,2019-12-24 09:31:20.100,5072.2000,1205,0,27382760.000,0,-,-,-,-,5065.8000,5065.6000,5064.4000,5062.6000,5062.2000,5071.2000,5071.4000,5072.0000,5072.8000,5075.4000,2,1,1,1,1,1,1,1,1,2
SF,IC2002,2019-12-24 09:31:20.600,5072.2000,1205,0,27382760.000,0,-,-,-,-,5065.8000,5065.6000,5062.6000,5062.2000,5060.0000,5071.0000,5071.2000,5072.0000,5072.8000,5075.4000,2,1,1,1,1,1,1,1,1,2
SF,IC2002,2019-12-24 09:31:21.100,5072.2000,1205,0,27382760.000,0,-,-,-,-,5065.8000,5065.6000,5062.6000,5062.2000,5060.0000,5071.0000,5071.2000,5072.0000,5072.8000,5075.4000,1,1,1,1,1,1,1,1,1,2
SF,IC2002,2019-12-24 09:31:21.600,5072.2000,1205,0,27382760.000,0,-,-,-,-,5065.8000,5062.6000,5062.2000,5060.0000,5055.0000,5069.4000,5070.8000,5071.0000,5072.0000,5075.4000,1,1,1,1,1,1,1,1,1,2
SF,IC2002,2019-12-24 09:31:22.100,5072.2000,1205,0,27382760.000,0,-,-,-,-,5065.8000,5060.0000,5055.0000,5053.8000,5053.4000,5069.2000,5069.4000,5070.8000,5072.0000,5075.4000,1,1,1,1,1,1,1,1,1,2
SF,IC2002,2019-12-24 09:31:23.600,5072.2000,1205,0,27382760.000,0,-,-,-,-,5065.8000,5060.0000,5055.0000,5053.8000,5053.4000,5068.8000,5069.0000,5069.2000,5069.4000,5070.8000,1,1,1,1,1,1,1,1,1,1
SF,IC2002,2019-12-24 09:31:24.100,5072.2000,1205,0,27382760.000,0,-,-,-,-,5060.0000,5055.0000,5053.8000,5053.4000,5053.0000,5068.6000,5068.8000,5069.4000,5075.4000,5080.8000,1,1,1,1,1,3,1,1,1,5
SF,IC2002,2019-12-24 09:31:24.600,5072.2000,1205,0,27382760.000,0,-,-,-,-,5062.2000,5060.2000,5060.0000,5055.0000,5053.8000,5068.4000,5068.6000,5068.8000,5069.4000,5070.8000,1,1,1,1,1,1,3,1,1,1
SF,IC2002,2019-12-24 09:31:25.100,5072.2000,1205,0,27382760.000,0,-,-,-,-,5062.4000,5062.2000,5060.0000,5055.0000,5053.8000,5067.8000,5068.2000,5068.4000,5068.6000,5068.8000,1,1,1,1,1,1,1,1,1,1
SF,IC2002,2019-12-24 09:31:25.600,5072.2000,1205,0,27382760.000,0,-,-,-,-,5062.4000,5060.0000,5055.0000,5053.8000,5053.4000,5067.6000,5067.8000,5068.4000,5068.6000,5068.8000,1,1,1,1,1,1,1,1,1,1
SF,IC2002,2019-12-24 09:31:26.600,5072.2000,1205,0,27382760.000,0,-,-,-,-,5062.6000,5062.4000,5060.0000,5055.0000,5053.8000,5067.4000,5067.6000,5067.8000,5068.4000,5068.6000,1,1,1,1,1,1,1,1,1,1
SF,IC2002,2019-12-24 09:31:27.100,5072.2000,1205,0,27382760.000,0,-,-,-,-,5062.8000,5062.6000,5060.0000,5055.0000,5053.8000,5067.2000,5068.4000,5068.6000,5068.8000,5069.4000,1,1,1,1,1,1,1,1,1,1
SF,IC2002,2019-12-24 09:31:27.600,5072.2000,1205,0,27382760.000,0,-,-,-,-,5063.2000,5063.0000,5062.8000,5062.6000,5060.0000,5067.2000,5068.4000,5068.6000,5068.8000,5069.4000,1,1,1,1,1,1,1,1,1,1
SF,IC2002,2019-12-24 09:31:28.100,5072.2000,1205,0,27382760.000,0,-,-,-,-,5063.4000,5063.2000,5063.0000,5060.0000,5055.0000,5067.2000,5068.4000,5068.6000,5068.8000,5069.4000,1,1,1,1,1,1,1,1,1,1
SF,IC2002,2019-12-24 09:31:28.600,5072.2000,1205,0,27382760.000,0,-,-,-,-,5063.6000,5063.4000,5063.2000,5060.0000,5055.0000,5068.4000,5068.6000,5069.4000,5070.6000,5070.8000,1,1,1,1,1,1,1,1,1,1
SF,IC2002,2019-12-24 09:31:29.100,5072.2000,1205,0,27382760.000,0,-,-,-,-,5063.8000,5063.6000,5063.2000,5060.0000,5055.0000,5068.2000,5068.4000,5068.6000,5069.4000,5070.6000,1,1,1,1,1,2,1,1,1,1
SF,IC2002,2019-12-24 09:31:29.600,5072.2000,1205,0,27382760.000,0,-,-,-,-,5063.8000,5063.2000,5060.0000,5055.0000,5054.4000,5068.2000,5068.4000,5068.6000,5069.4000,5070.6000,1,1,1,1,1,2,1,1,1,1
SF,IC2002,2019-12-24 09:31:31.100,5072.2000,1205,0,27382760.000,0,-,-,-,-,5063.8000,5063.2000,5060.0000,5055.0000,5054.4000,5068.0000,5068.2000,5068.4000,5069.4000,5070.6000,1,1,1,1,1,1,2,1,1,1
SF,IC2002,2019-12-24 09:31:31.600,5072.2000,1205,0,27382760.000,0,-,-,-,-,5064.0000,5063.8000,5063.2000,5060.0000,5055.0000,5067.8000,5068.0000,5069.4000,5070.6000,5070.8000,1,1,1,1,1,2,1,1,1,1
SF,IC2002,2019-12-24 09:31:32.100,5072.2000,1205,0,27382760.000,0,-,-,-,-,5064.2000,5064.0000,5063.2000,5060.0000,5055.0000,5067.8000,5068.0000,5069.4000,5070.6000,5070.8000,1,1,1,1,1,2,1,1,1,1
SF,IC2002,2019-12-24 09:31:32.600,5072.2000,1205,0,27382760.000,0,-,-,-,-,5064.4000,5064.2000,5063.2000,5060.0000,5055.0000,5067.8000,5068.0000,5069.4000,5070.6000,5070.8000,1,1,1,1,1,1,1,1,1,1
SF,IC2002,2019-12-24 09:31:33.100,5072.2000,1205,0,27382760.000,0,-,-,-,-,5064.6000,5064.4000,5063.2000,5060.0000,5055.0000,5067.6000,5067.8000,5068.0000,5069.4000,5070.6000,1,1,1,1,1,1,1,1,1,1
SF,IC2002,2019-12-24 09:31:33.600,5072.2000,1205,0,27382760.000,0,-,-,-,-,5064.6000,5063.2000,5060.0000,5055.0000,5054.4000,5067.4000,5067.6000,5068.0000,5069.4000,5070.6000,1,1,1,1,1,1,1,1,1,1
SF,IC2002,2019-12-24 09:31:35.100,5072.2000,1205,0,27382760.000,0,-,-,-,-,5064.6000,5063.2000,5060.0000,5055.0000,5054.4000,5067.4000,5067.6000,5068.0000,5068.8000,5069.4000,1,1,1,1,1,1,1,1,1,1
SF,IC2002,2019-12-24 09:31:35.600,5072.2000,1205,0,27382760.000,0,-,-,-,-,5064.8000,5064.6000,5063.2000,5060.0000,5055.0000,5067.6000,5068.0000,5068.8000,5069.4000,5070.6000,1,1,1,1,1,1,1,1,1,1
SF,IC2002,2019-12-24 09:31:36.100,5072.2000,1205,0,27382760.000,0,-,-,-,-,5065.0000,5064.8000,5063.2000,5060.0000,5055.0000,5067.4000,5067.6000,5068.0000,5068.8000,5069.4000,1,1,1,1,1,1,1,1,1,1
SF,IC2002,2019-12-24 09:31:36.600,5072.2000,1205,0,27382760.000,0,-,-,-,-,5065.2000,5065.0000,5064.8000,5063.2000,5060.0000,5067.6000,5068.0000,5068.8000,5069.4000,5070.6000,1,1,1,1,1,1,1,1,1,1
SF,IC2002,2019-12-24 09:31:37.100,5072.2000,1205,0,27382760.000,0,-,-,-,-,5065.4000,5065.2000,5063.2000,5060.0000,5055.0000,5067.4000,5067.6000,5068.8000,5069.4000,5070.6000,1,1,1,1,1,1,1,1,1,1
SF,IC2002,2019-12-24 09:31:38.100,5072.2000,1205,0,27382760.000,0,-,-,-,-,5065.6000,5065.4000,5065.2000,5063.2000,5060.0000,5067.4000,5067.6000,5068.8000,5069.4000,5070.6000,1,1,1,1,1,1,1,1,1,1
SF,IC2002,2019-12-24 09:31:38.600,5072.2000,1205,0,27382760.000,0,-,-,-,-,5065.8000,5065.6000,5065.2000,5063.2000,5060.0000,5067.4000,5067.6000,5068.8000,5069.4000,5070.6000,1,1,1,1,1,1,1,1,1,1
SF,IC2002,2019-12-24 09:31:39.100,5072.2000,1205,0,27382760.000,0,-,-,-,-,5065.6000,5063.2000,5060.0000,5055.0000,5054.4000,5067.4000,5067.6000,5068.8000,5069.4000,5070.6000,1,1,1,1,1,1,1,1,1,1
SF,IC2002,2019-12-24 09:31:39.600,5072.2000,1205,0,27382760.000,0,-,-,-,-,5063.2000,5060.0000,5055.0000,5054.4000,5053.8000,5067.4000,5067.6000,5069.4000,5070.6000,5070.8000,1,1,1,1,1,1,1,1,1,1
SF,IC2002,2019-12-24 09:31:40.100,5072.2000,1205,0,27382760.000,0,-,-,-,-,5063.4000,5063.2000,5060.0000,5055.0000,5054.4000,5067.4000,5067.6000,5069.4000,5070.6000,5070.8000,1,1,1,1,1,1,1,1,1,1
SF,IC2002,2019-12-24 09:31:41.100,5072.2000,1205,0,27382760.000,0,-,-,-,-,5063.6000,5063.4000,5063.2000,5060.0000,5055.0000,5067.4000,5067.6000,5069.4000,5070.8000,5075.4000,1,1,1,1,1,1,1,1,1,1
SF,IC2002,2019-12-24 09:31:41.600,5072.2000,1205,0,27382760.000,0,-,-,-,-,5063.8000,5063.6000,5063.2000,5060.0000,5055.0000,5067.2000,5067.4000,5067.6000,5069.4000,5070.8000,1,1,1,1,1,1,1,1,1,1
SF,IC2002,2019-12-24 09:31:42.100,5072.2000,1205,0,27382760.000,0,-,-,-,-,5064.0000,5063.8000,5063.6000,5063.2000,5060.0000,5067.0000,5067.2000,5067.6000,5069.4000,5075.4000,1,1,1,1,1,1,1,1,1,1
SF,IC2002,2019-12-24 09:31:42.600,5064.2000,1204,-1,28395600.000,1,0,1,双平,S,5064.0000,5063.6000,5063.2000,5060.0000,5055.0000,5067.0000,5067.2000,5067.6000,5069.4000,5075.4000,1,1,1,1,1,1,1,1,1,1
SF,IC2002,2019-12-24 09:31:43.100,5064.2000,1204,0,28395600.000,0,-,-,-,-,5064.4000,5064.2000,5064.0000,5063.6000,5063.2000,5067.0000,5067.2000,5067.6000,5069.4000,5075.4000,1,1,1,1,1,1,1,1,1,1
SF,IC2002,2019-12-24 09:31:43.600,5064.2000,1204,0,28395600.000,0,-,-,-,-,5064.6000,5064.4000,5064.0000,5063.6000,5063.2000,5067.0000,5067.2000,5067.6000,5069.4000,5075.4000,2,1,1,1,1,1,1,1,1,1
SF,IC2002,2019-12-24 09:31:44.100,5064.2000,1204,0,28395600.000,0,-,-,-,-,5064.6000,5064.4000,5064.0000,5063.6000,5063.2000,5067.2000,5067.6000,5069.4000,5075.4000,5080.8000,2,1,1,1,1,1,1,1,1,5
SF,IC2002,2019-12-24 09:31:44.600,5064.2000,1204,0,28395600.000,0,-,-,-,-,5064.6000,5064.4000,5064.0000,5063.6000,5063.2000,5067.0000,5067.2000,5067.6000,5069.4000,5075.4000,2,1,1,1,1,1,1,1,1,1
SF,IC2002,2019-12-24 09:31:45.100,5064.6000,1204,0,29408520.000,1,0,1,多换,S,5064.6000,5064.4000,5064.0000,5060.0000,5055.0000,5067.0000,5067.2000,5067.6000,5069.4000,5075.4000,1,1,1,1,1,1,1,1,1,1
SF,IC2002,2019-12-24 09:31:45.600,5064.6000,1204,0,29408520.000,0,-,-,-,-,5064.6000,5064.4000,5060.0000,5055.0000,5054.4000,5066.8000,5067.0000,5067.2000,5067.6000,5069.4000,1,1,1,1,1,1,1,1,1,1
SF,IC2002,2019-12-24 09:31:46.100,5064.6000,1204,0,29408520.000,0,-,-,-,-,5064.6000,5064.4000,5060.0000,5055.0000,5054.4000,5066.6000,5066.8000,5067.6000,5069.4000,5075.4000,1,1,1,1,1,2,1,1,1,1
SF,IC2002,2019-12-24 09:31:46.600,5064.6000,1204,0,30421440.000,1,0,1,多换,S,5065.0000,5064.6000,5060.0000,5055.0000,5054.4000,5066.6000,5067.6000,5069.4000,5075.4000,5080.8000,1,1,1,1,1,1,1,1,1,5
SF,IC2002,2019-12-24 09:31:47.100,5064.6000,1204,0,30421440.000,0,-,-,-,-,5065.2000,5065.0000,5060.0000,5055.0000,5054.4000,5067.6000,5069.4000,5075.4000,5080.8000,5088.8000,1,1,1,1,1,1,1,1,5,1
SF,IC2002,2019-12-24 09:31:47.600,5064.6000,1204,0,30421440.000,0,-,-,-,-,5065.2000,5065.0000,5060.0000,5055.0000,5054.4000,5067.4000,5067.6000,5069.4000,5075.4000,5080.8000,1,1,1,1,1,1,1,1,1,5
SF,IC2002,2019-12-24 09:31:48.100,5064.6000,1204,0,30421440.000,0,-,-,-,-,5065.2000,5065.0000,5060.0000,5055.0000,5054.4000,5067.6000,5075.4000,5080.8000,5088.8000,5104.2000,1,1,1,1,1,1,1,5,1,1
SF,IC2002,2019-12-24 09:31:49.100,5064.6000,1204,0,30421440.000,0,-,-,-,-,5065.4000,5065.2000,5065.0000,5060.0000,5055.0000,5067.6000,5075.4000,5080.8000,5088.8000,5104.2000,1,1,1,1,1,1,1,5,1,1
SF,IC2002,2019-12-24 09:31:49.600,5064.6000,1204,0,30421440.000,0,-,-,-,-,5065.6000,5065.4000,5065.0000,5060.0000,5055.0000,5067.4000,5067.6000,5075.4000,5080.8000,5088.8000,1,1,1,1,1,1,1,1,5,1
SF,IC2002,2019-12-24 09:31:50.100,5064.6000,1204,0,30421440.000,0,-,-,-,-,5066.0000,5065.6000,5065.4000,5060.0000,5055.0000,5067.4000,5067.6000,5075.4000,5080.8000,5088.8000,1,1,1,1,1,1,1,1,5,1
SF,IC2002,2019-12-24 09:31:50.600,5064.6000,1204,0,30421440.000,0,-,-,-,-,5066.2000,5066.0000,5060.0000,5055.0000,5054.4000,5067.6000,5075.4000,5080.8000,5088.8000,5104.2000,1,1,1,1,1,1,1,5,1,1
SF,IC2002,2019-12-24 09:31:53.600,5064.6000,1204,0,30421440.000,0,-,-,-,-,5066.6000,5066.2000,5060.0000,5055.0000,5054.4000,5067.6000,5075.4000,5080.8000,5088.8000,5104.2000,1,1,1,1,1,1,1,5,1,1
SF,IC2002,2019-12-24 09:31:54.100,5064.6000,1204,0,30421440.000,0,-,-,-,-,5066.6000,5060.0000,5055.0000,5054.4000,5053.8000,5067.4000,5067.6000,5075.4000,5080.8000,5088.8000,1,1,1,1,1,1,1,1,5,1
SF,IC2002,2019-12-24 09:31:54.600,5064.6000,1204,0,30421440.000,0,-,-,-,-,5066.6000,5060.0000,5055.0000,5054.4000,5053.8000,5067.4000,5075.4000,5080.8000,5088.8000,5104.2000,1,1,1,1,1,1,1,5,1,1
SF,IC2002,2019-12-24 09:31:55.600,5067.4000,1204,0,31434920.000,1,0,1,多换,S,5067.4000,5066.6000,5060.0000,5055.0000,5054.4000,5075.4000,5080.8000,5088.8000,5104.2000,5109.0000,1,1,1,1,1,1,5,1,1,1
SF,IC2002,2019-12-24 09:31:56.100,5067.4000,1204,0,31434920.000,0,-,-,-,-,5067.4000,5066.6000,5060.0000,5055.0000,5054.4000,5071.6000,5072.8000,5073.2000,5075.2000,5075.4000,1,1,1,1,1,1,1,1,3,2
SF,IC2002,2019-12-24 09:31:56.600,5067.4000,1204,0,31434920.000,0,-,-,-,-,5067.4000,5066.6000,5060.0000,5055.0000,5054.4000,5071.4000,5072.8000,5075.2000,5075.4000,5080.8000,1,1,1,1,1,1,1,1,2,5
SF,IC2002,2019-12-24 09:31:57.100,5067.4000,1204,0,31434920.000,0,-,-,-,-,5067.4000,5066.6000,5060.0000,5055.0000,5054.4000,5071.4000,5072.8000,5075.4000,5080.8000,5088.8000,1,1,1,1,1,1,1,2,5,1
SF,IC2002,2019-12-24 09:31:57.600,5067.4000,1204,0,31434920.000,0,-,-,-,-,5067.4000,5060.0000,5055.0000,5054.4000,5053.8000,5071.4000,5072.8000,5075.4000,5080.8000,5088.8000,2,1,1,1,1,1,1,2,5,1
SF,IC2002,2019-12-24 09:31:58.100,5067.4000,1204,0,31434920.000,0,-,-,-,-,5067.4000,5060.0000,5055.0000,5054.4000,5053.8000,5071.2000,5071.4000,5072.8000,5075.4000,5080.8000,2,1,1,1,1,1,1,1,2,5
SF,IC2002,2019-12-24 09:31:58.600,5067.4000,1204,0,31434920.000,0,-,-,-,-,5067.6000,5067.4000,5060.0000,5055.0000,5054.4000,5071.0000,5071.2000,5072.8000,5075.4000,5080.8000,1,2,1,1,1,1,1,1,2,5
SF,IC2002,2019-12-24 09:31:59.100,5067.4000,1204,0,31434920.000,0,-,-,-,-,5067.4000,5060.0000,5055.0000,5054.4000,5053.8000,5070.8000,5071.0000,5072.8000,5075.4000,5080.8000,2,1,1,1,1,1,2,1,2,5
SF,IC2002,2019-12-24 09:31:59.600,5067.4000,1204,0,31434920.000,0,-,-,-,-,5067.4000,5060.0000,5055.0000,5054.4000,5053.8000,5070.6000,5070.8000,5071.0000,5072.8000,5075.4000,2,1,1,1,1,2,1,1,1,2
SF,IC2002,2019-12-24 09:32:00.100,5067.4000,1204,0,31434920.000,0,-,-,-,-,5067.6000,5067.4000,5060.0000,5055.0000,5054.4000,5070.6000,5070.8000,5072.8000,5075.4000,5080.8000,1,2,1,1,1,2,1,1,2,5
SF,IC2002,2019-12-24 09:32:00.600,5067.4000,1204,0,31434920.000,0,-,-,-,-,5067.6000,5067.4000,5060.0000,5055.0000,5054.4000,5070.4000,5070.6000,5070.8000,5072.8000,5075.4000,1,2,1,1,1,1,1,1,1,2
SF,IC2002,2019-12-24 09:32:01.100,5067.4000,1204,0,31434920.000,0,-,-,-,-,5067.6000,5067.4000,5060.0000,5055.0000,5054.4000,5070.2000,5070.4000,5070.8000,5072.8000,5075.4000,1,2,1,1,1,1,1,1,1,2
SF,IC2002,2019-12-24 09:32:01.600,5067.4000,1204,0,31434920.000,0,-,-,-,-,5068.0000,5067.6000,5067.4000,5060.0000,5055.0000,5070.4000,5070.8000,5072.8000,5075.4000,5080.8000,1,1,1,1,1,1,1,1,2,5
SF,IC2002,2019-12-24 09:32:02.100,5067.4000,1204,0,31434920.000,0,-,-,-,-,5068.2000,5068.0000,5067.4000,5060.0000,5055.0000,5070.4000,5070.8000,5072.8000,5075.4000,5080.8000,1,1,1,1,1,1,1,1,2,5
SF,IC2002,2019-12-24 09:32:03.100,5070.4000,1204,0,32449000.000,1,0,1,多换,S,5068.2000,5068.0000,5067.4000,5060.0000,5055.0000,5070.8000,5072.8000,5075.4000,5080.8000,5088.8000,1,1,1,1,1,1,1,2,5,1
SF,IC2002,2019-12-24 09:32:03.600,5070.4000,1204,0,32449000.000,0,-,-,-,-,5068.2000,5068.0000,5067.4000,5060.0000,5055.0000,5070.6000,5070.8000,5072.8000,5075.4000,5080.8000,1,1,1,1,1,1,1,1,2,5
SF,IC2002,2019-12-24 09:32:04.100,5070.4000,1204,0,32449000.000,0,-,-,-,-,5068.2000,5068.0000,5067.4000,5060.0000,5055.0000,5070.4000,5070.6000,5070.8000,5072.8000,5075.4000,1,1,1,1,1,1,1,1,1,2
SF,IC2002,2019-12-24 09:32:04.600,5070.4000,1204,0,32449000.000,0,-,-,-,-,5068.0000,5067.4000,5060.0000,5055.0000,5054.4000,5070.2000,5070.4000,5070.8000,5072.8000,5075.4000,1,1,1,1,1,1,1,1,1,2
SF,IC2002,2019-12-24 09:32:05.100,5070.4000,1204,0,32449000.000,0,-,-,-,-,5068.2000,5068.0000,5067.4000,5060.0000,5055.0000,5070.0000,5070.2000,5070.4000,5070.8000,5072.8000,1,1,1,1,1,1,1,1,1,1
SF,IC2002,2019-12-24 09:32:06.100,5070.4000,1204,0,32449000.000,0,-,-,-,-,5068.2000,5067.4000,5060.0000,5055.0000,5054.4000,5069.8000,5070.0000,5070.2000,5070.8000,5072.8000,1,1,1,1,1,1,1,1,1,1
SF,IC2002,2019-12-24 09:32:06.600,5070.4000,1204,0,32449000.000,0,-,-,-,-,5068.2000,5068.0000,5067.4000,5060.0000,5055.0000,5069.8000,5070.8000,5072.8000,5073.4000,5075.4000,1,1,1,1,1,1,1,1,1,2
SF,IC2002,2019-12-24 09:32:08.600,5070.4000,1204,0,32449000.000,0,-,-,-,-,5068.2000,5068.0000,5067.4000,5060.0000,5055.0000,5070.8000,5072.8000,5073.4000,5075.4000,5080.8000,1,1,1,1,1,1,1,1,2,5
SF,IC2002,2019-12-24 09:32:09.600,5070.4000,1204,0,32449000.000,0,-,-,-,-,5068.2000,5068.0000,5067.4000,5060.0000,5055.0000,5070.6000,5070.8000,5072.8000,5073.4000,5075.4000,1,1,1,1,1,1,1,1,1,2
SF,IC2002,2019-12-24 09:32:10.100,5070.4000,1204,0,32449000.000,0,-,-,-,-,5068.2000,5068.0000,5067.4000,5060.0000,5055.0000,5070.6000,5072.8000,5073.4000,5075.4000,5080.8000,1,1,1,1,1,1,1,1,2,5
SF,IC2002,2019-12-24 09:32:11.100,5070.4000,1204,0,32449000.000,0,-,-,-,-,5068.2000,5068.0000,5067.4000,5060.0000,5055.0000,5070.4000,5070.6000,5072.8000,5073.4000,5075.4000,1,1,1,1,1,1,1,1,1,2
SF,IC2002,2019-12-24 09:32:12.100,5070.4000,1204,0,32449000.000,0,-,-,-,-,5068.2000,5068.0000,5067.4000,5060.0000,5055.0000,5072.8000,5073.4000,5075.4000,5080.8000,5088.8000,1,1,1,1,1,1,1,2,5,1
SF,IC2002,2019-12-24 09:32:12.600,5070.4000,1204,0,32449000.000,0,-,-,-,-,5068.2000,5068.0000,5067.4000,5060.0000,5055.0000,5072.6000,5072.8000,5073.4000,5075.4000,5080.8000,1,1,1,1,1,2,1,1,2,5
SF,IC2002,2019-12-24 09:32:13.600,5070.4000,1204,0,32449000.000,0,-,-,-,-,5068.2000,5068.0000,5067.4000,5060.0000,5055.0000,5072.4000,5072.6000,5072.8000,5073.4000,5075.4000,1,1,1,1,1,1,1,1,1,2
SF,IC2002,2019-12-24 09:32:14.100,5070.4000,1204,0,32449000.000,0,-,-,-,-,5068.2000,5068.0000,5067.4000,5060.0000,5055.0000,5072.2000,5072.4000,5072.8000,5073.4000,5075.4000,1,1,1,1,1,1,1,1,1,2
SF,IC2002,2019-12-24 09:32:14.600,5070.4000,1204,0,32449000.000,0,-,-,-,-,5068.2000,5068.0000,5067.4000,5060.0000,5056.0000,5072.2000,5072.4000,5072.8000,5073.4000,5075.4000,1,1,1,1,1,1,1,1,1,2
SF,IC2002,2019-12-24 09:32:15.100,5070.4000,1204,0,32449000.000,0,-,-,-,-,5068.2000,5068.0000,5067.4000,5060.0000,5056.0000,5072.2000,5072.4000,5072.8000,5075.4000,5080.8000,1,1,1,1,1,1,1,1,2,5
SF,IC2002,2019-12-24 09:32:15.600,5070.4000,1204,0,32449000.000,0,-,-,-,-,5068.2000,5068.0000,5067.4000,5060.0000,5056.0000,5072.0000,5072.2000,5072.4000,5075.4000,5080.8000,1,1,1,1,1,1,1,1,2,5
SF,IC2002,2019-12-24 09:32:16.100,5070.4000,1204,0,32449000.000,0,-,-,-,-,5068.2000,5068.0000,5067.4000,5060.0000,5056.0000,5072.0000,5072.4000,5075.4000,5080.8000,5088.8000,1,1,1,1,1,1,1,2,5,1
SF,IC2002,2019-12-24 09:32:19.100,5070.4000,1204,0,32449000.000,0,-,-,-,-,5068.2000,5068.0000,5067.4000,5060.0000,5056.0000,5072.0000,5075.4000,5080.8000,5088.8000,5104.2000,1,1,1,1,1,1,2,5,1,1
SF,IC2002,2019-12-24 09:32:21.100,5070.4000,1204,0,32449000.000,0,-,-,-,-,5068.8000,5068.2000,5068.0000,5067.4000,5063.4000,5072.0000,5075.4000,5080.8000,5088.8000,5104.2000,1,1,1,1,5,1,2,5,1,1
SF,IC2002,2019-12-24 09:32:21.600,5070.4000,1204,0,32449000.000,0,-,-,-,-,5069.0000,5068.0000,5067.4000,5060.0000,5057.6000,5072.0000,5075.4000,5080.8000,5088.8000,5104.2000,1,1,1,1,5,1,2,5,1,1
SF,IC2002,2019-12-24 09:32:22.100,5070.4000,1204,0,32449000.000,0,-,-,-,-,5069.0000,5068.8000,5068.0000,5067.4000,5060.0000,5075.4000,5080.8000,5088.8000,5104.2000,5109.0000,1,1,1,1,1,2,5,1,1,1
SF,IC2002,2019-12-24 09:32:22.600,5070.4000,1204,0,32449000.000,0,-,-,-,-,5069.0000,5068.8000,5068.0000,5067.4000,5060.0000,5075.2000,5075.4000,5080.8000,5088.8000,5104.2000,1,1,1,1,1,1,2,5,1,1
SF,IC2002,2019-12-24 09:32:23.100,5070.4000,1204,0,32449000.000,0,-,-,-,-,5069.0000,5068.8000,5068.0000,5067.4000,5060.0000,5075.0000,5075.2000,5075.4000,5080.8000,5088.8000,1,1,1,1,1,1,1,2,5,1
SF,IC2002,2019-12-24 09:32:23.600,5070.4000,1204,0,32449000.000,0,-,-,-,-,5069.4000,5069.0000,5068.8000,5068.0000,5067.4000,5074.8000,5075.0000,5075.4000,5080.8000,5088.8000,1,1,1,1,1,1,1,2,5,1
SF,IC2002,2019-12-24 09:32:24.100,5070.4000,1204,0,32449000.000,0,-,-,-,-,5069.6000,5069.4000,5068.8000,5068.0000,5067.4000,5074.8000,5075.0000,5075.4000,5080.8000,5088.8000,1,1,1,1,1,1,1,2,5,1
SF,IC2002,2019-12-24 09:32:25.100,5070.4000,1204,0,32449000.000,0,-,-,-,-,5069.6000,5069.4000,5068.8000,5068.0000,5067.4000,5074.6000,5074.8000,5075.0000,5075.4000,5080.8000,1,1,1,1,1,1,1,1,1,5
SF,IC2002,2019-12-24 09:32:25.600,5070.4000,1204,0,32449000.000,0,-,-,-,-,5069.6000,5069.4000,5068.8000,5068.0000,5067.4000,5074.4000,5074.6000,5075.0000,5075.4000,5080.8000,1,1,1,1,1,1,1,1,1,5
SF,IC2002,2019-12-24 09:32:26.100,5070.4000,1204,0,32449000.000,0,-,-,-,-,5070.0000,5069.6000,5069.4000,5068.8000,5068.0000,5074.2000,5074.4000,5075.0000,5075.4000,5080.8000,1,1,1,1,1,1,1,1,1,5
SF,IC2002,2019-12-24 09:32:26.600,5070.4000,1204,0,32449000.000,0,-,-,-,-,5070.4000,5070.2000,5070.0000,5068.8000,5068.0000,5074.0000,5074.2000,5075.0000,5075.4000,5080.8000,1,1,1,1,1,1,1,1,1,5
SF,IC2002,2019-12-24 09:32:27.100,5070.4000,1204,0,32449000.000,0,-,-,-,-,5070.6000,5070.4000,5070.0000,5068.8000,5068.0000,5073.8000,5074.0000,5075.0000,5075.4000,5080.8000,1,1,1,1,1,1,1,1,1,5
SF,IC2002,2019-12-24 09:32:27.600,5070.4000,1204,0,32449000.000,0,-,-,-,-,5070.6000,5070.4000,5070.0000,5068.8000,5068.0000,5073.6000,5073.8000,5075.0000,5075.4000,5080.8000,1,1,1,1,1,1,1,1,1,5
SF,IC2002,2019-12-24 09:32:28.100,5070.4000,1204,0,32449000.000,0,-,-,-,-,5070.6000,5070.4000,5070.0000,5068.8000,5068.0000,5075.0000,5075.4000,5080.8000,5088.8000,5104.2000,1,1,1,1,1,1,1,5,1,1
SF,IC2002,2019-12-24 09:32:28.600,5070.4000,1204,0,32449000.000,0,-,-,-,-,5070.6000,5070.4000,5070.0000,5068.8000,5068.0000,5074.8000,5075.0000,5075.4000,5080.8000,5088.8000,1,1,1,1,1,1,1,1,5,1
SF,IC2002,2019-12-24 09:32:29.100,5074.8000,1204,0,33463960.000,1,0,1,多换,S,5074.8000,5070.6000,5070.4000,5070.0000,5068.8000,5075.0000,5075.4000,5080.8000,5088.8000,5104.2000,4,1,1,1,1,1,1,5,1,1
SF,IC2002,2019-12-24 09:32:29.600,5074.8000,1206,2,38538800.000,5,3,2,空开,S,5070.6000,5070.4000,5070.0000,5068.8000,5068.0000,5075.4000,5080.8000,5088.8000,5104.2000,5109.0000,1,1,1,1,1,1,5,1,1,1
SF,IC2002,2019-12-24 09:32:30.100,5074.8000,1206,0,38538800.000,0,-,-,-,-,5070.6000,5070.0000,5068.8000,5068.0000,5067.4000,5075.2000,5075.4000,5080.8000,5088.8000,5104.2000,1,1,1,1,1,1,1,5,1,1
SF,IC2002,2019-12-24 09:32:30.600,5074.8000,1206,0,38538800.000,0,-,-,-,-,5073.0000,5071.0000,5070.6000,5068.8000,5068.0000,5075.2000,5075.4000,5080.8000,5088.8000,5104.2000,1,1,1,1,1,1,1,5,1,1
SF,IC2002,2019-12-24 09:32:31.100,5074.8000,1206,0,38538800.000,0,-,-,-,-,5073.2000,5073.0000,5071.6000,5071.0000,5068.8000,5075.4000,5080.8000,5088.8000,5104.2000,5109.0000,1,1,1,1,1,1,5,1,1,1
SF,IC2002,2019-12-24 09:32:31.600,5074.8000,1206,0,38538800.000,0,-,-,-,-,5073.4000,5073.2000,5073.0000,5071.6000,5071.0000,5075.4000,5080.8000,5088.8000,5104.2000,5109.0000,1,1,1,1,1,1,5,1,1,1
SF,IC2002,2019-12-24 09:32:32.100,5075.4000,1206,0,39553880.000,1,0,1,多换,S,5073.6000,5071.6000,5071.0000,5068.0000,5067.4000,5080.8000,5088.8000,5104.2000,5109.0000,5118.6000,2,1,1,1,1,5,1,1,1,1
SF,IC2002,2019-12-24 09:32:32.600,5075.4000,1206,0,39553880.000,0,-,-,-,-,5074.8000,5073.8000,5073.6000,5071.6000,5071.0000,5078.8000,5079.6000,5080.6000,5080.8000,5088.8000,1,1,1,1,1,1,1,2,5,1
SF,IC2002,2019-12-24 09:32:33.100,5075.4000,1206,0,39553880.000,0,-,-,-,-,5074.8000,5073.8000,5071.6000,5071.0000,5068.0000,5078.6000,5078.8000,5079.6000,5080.6000,5080.8000,1,1,1,1,1,1,1,1,1,5
SF,IC2002,2019-12-24 09:32:33.600,5075.4000,1206,0,39553880.000,0,-,-,-,-,5074.8000,5071.0000,5068.0000,5067.4000,5060.0000,5078.6000,5079.6000,5080.6000,5080.8000,5088.8000,1,1,1,1,1,1,1,1,5,1
SF,IC2002,2019-12-24 09:32:34.100,5075.4000,1206,0,39553880.000,0,-,-,-,-,5071.0000,5068.0000,5067.4000,5060.0000,5057.6000,5078.4000,5078.6000,5079.6000,5080.6000,5080.8000,1,1,1,1,5,2,1,1,1,5
SF,IC2002,2019-12-24 09:32:34.600,5075.4000,1206,0,39553880.000,0,-,-,-,-,5071.2000,5071.0000,5068.0000,5067.4000,5060.0000,5078.2000,5078.4000,5079.6000,5080.8000,5088.8000,2,1,1,1,1,1,2,1,5,1
SF,IC2002,2019-12-24 09:32:35.100,5075.4000,1206,0,39553880.000,0,-,-,-,-,5071.4000,5071.2000,5071.0000,5068.0000,5067.4000,5078.0000,5078.2000,5078.4000,5079.6000,5080.8000,1,1,2,1,1,1,1,1,1,5
SF,IC2002,2019-12-24 09:32:35.600,5075.4000,1206,0,39553880.000,0,-,-,-,-,5072.4000,5071.6000,5071.0000,5068.0000,5067.4000,5077.8000,5078.0000,5079.6000,5080.8000,5088.8000,1,2,1,1,1,1,1,1,5,1
SF,IC2002,2019-12-24 09:32:36.100,5075.4000,1206,0,39553880.000,0,-,-,-,-,5072.6000,5072.4000,5071.0000,5068.0000,5067.4000,5077.6000,5077.8000,5078.0000,5079.6000,5080.8000,2,1,1,1,1,1,1,1,1,5
SF,IC2002,2019-12-24 09:32:36.600,5075.4000,1206,0,39553880.000,0,-,-,-,-,5072.8000,5072.6000,5072.4000,5068.0000,5067.4000,5076.2000,5077.4000,5077.6000,5078.0000,5080.8000,1,1,1,1,1,1,1,1,1,5
SF,IC2002,2019-12-24 09:32:37.100,5075.4000,1206,0,39553880.000,0,-,-,-,-,5073.0000,5072.4000,5068.0000,5067.4000,5060.0000,5076.0000,5076.2000,5077.6000,5078.0000,5080.8000,2,1,1,1,1,2,1,1,1,5
SF,IC2002,2019-12-24 09:32:37.600,5075.4000,1206,0,39553880.000,0,-,-,-,-,5073.2000,5073.0000,5072.4000,5068.0000,5067.4000,5076.0000,5076.2000,5077.6000,5078.0000,5080.8000,1,1,1,1,1,2,1,1,1,5
SF,IC2002,2019-12-24 09:32:38.100,5075.4000,1206,0,39553880.000,0,-,-,-,-,5073.4000,5072.4000,5068.0000,5067.4000,5060.0000,5076.0000,5077.6000,5078.0000,5080.8000,5088.8000,2,1,1,1,1,2,1,1,5,1
SF,IC2002,2019-12-24 09:32:38.600,5075.4000,1206,0,39553880.000,0,-,-,-,-,5073.6000,5073.4000,5072.4000,5068.0000,5067.4000,5076.0000,5077.6000,5078.0000,5080.8000,5088.8000,1,1,1,1,1,2,1,1,5,1
SF,IC2002,2019-12-24 09:32:39.100,5075.4000,1206,0,39553880.000,0,-,-,-,-,5073.8000,5072.4000,5068.0000,5067.4000,5060.0000,5076.0000,5077.6000,5078.0000,5080.8000,5088.8000,2,1,1,1,1,1,1,1,5,1
SF,IC2002,2019-12-24 09:32:39.600,5075.4000,1206,0,39553880.000,0,-,-,-,-,5074.0000,5073.8000,5072.4000,5068.0000,5067.4000,5075.8000,5076.0000,5077.6000,5078.0000,5080.8000,1,1,1,1,1,1,1,1,2,5
SF,IC2002,2019-12-24 09:32:40.100,5075.4000,1206,0,39553880.000,0,-,-,-,-,5074.2000,5072.4000,5068.0000,5067.4000,5060.0000,5075.6000,5076.0000,5077.6000,5078.0000,5080.8000,2,1,1,1,1,1,1,1,2,5
SF,IC2002,2019-12-24 09:32:40.600,5075.4000,1206,0,39553880.000,0,-,-,-,-,5074.4000,5074.2000,5072.4000,5068.0000,5067.4000,5075.6000,5076.0000,5077.6000,5078.0000,5080.8000,1,1,1,1,1,1,1,1,2,5
SF,IC2002,2019-12-24 09:32:41.100,5075.4000,1206,0,39553880.000,0,-,-,-,-,5074.6000,5072.4000,5068.0000,5067.4000,5060.0000,5075.6000,5076.0000,5077.6000,5078.0000,5080.8000,1,1,1,1,1,1,1,1,1,5
SF,IC2002,2019-12-24 09:32:42.600,5075.6000,1207,1,40569000.000,1,1,0,双开,S,5074.6000,5072.4000,5068.0000,5067.4000,5060.0000,5076.0000,5077.6000,5078.0000,5080.8000,5088.8000,1,1,1,1,1,1,1,1,5,1
SF,IC2002,2019-12-24 09:32:44.100,5075.6000,1207,0,40569000.000,0,-,-,-,-,5074.6000,5072.4000,5068.0000,5067.4000,5060.0000,5076.0000,5077.6000,5080.8000,5088.8000,5104.2000,1,1,1,1,1,1,1,5,1,1
SF,IC2002,2019-12-24 09:32:44.600,5074.6000,1206,-1,41583920.000,1,0,1,双平,S,5072.4000,5068.0000,5067.4000,5060.0000,5057.6000,5075.0000,5076.0000,5077.6000,5080.8000,5088.8000,1,1,1,1,5,1,1,1,5,1
SF,IC2002,2019-12-24 09:32:45.100,5075.0000,1205,-1,42598920.000,1,0,1,双平,S,5072.4000,5068.0000,5067.4000,5060.0000,5057.6000,5074.8000,5076.0000,5077.6000,5080.8000,5088.8000,1,1,1,1,5,1,1,1,5,1
SF,IC2002,2019-12-24 09:32:45.600,5075.0000,1205,0,42598920.000,0,-,-,-,-,5072.6000,5072.4000,5068.0000,5067.4000,5060.0000,5074.8000,5076.0000,5077.6000,5080.8000,5088.8000,1,1,1,1,1,1,1,1,5,1
SF,IC2002,2019-12-24 09:32:46.600,5075.0000,1205,0,42598920.000,0,-,-,-,-,5072.8000,5072.6000,5072.4000,5068.0000,5067.4000,5076.0000,5077.6000,5080.8000,5088.8000,5104.2000,1,1,1,1,1,1,1,5,1,1
SF,IC2002,2019-12-24 09:32:47.100,5075.0000,1205,0,42598920.000,0,-,-,-,-,5073.0000,5072.8000,5072.4000,5068.0000,5067.4000,5076.0000,5080.8000,5088.8000,5104.2000,5109.0000,1,1,1,1,1,1,5,1,1,1
SF,IC2002,2019-12-24 09:32:47.600,5075.0000,1205,0,42598920.000,0,-,-,-,-,5073.2000,5073.0000,5072.4000,5068.0000,5067.4000,5080.8000,5088.8000,5104.2000,5109.0000,5118.6000,1,1,1,1,1,5,1,1,1,1
SF,IC2002,2019-12-24 09:32:48.100,5075.0000,1205,0,42598920.000,0,-,-,-,-,5073.4000,5073.2000,5072.4000,5068.0000,5067.4000,5079.4000,5079.6000,5080.6000,5080.8000,5088.8000,1,1,1,1,1,1,1,1,5,1
SF,IC2002,2019-12-24 09:32:48.600,5075.0000,1205,0,42598920.000,0,-,-,-,-,5073.6000,5073.4000,5073.2000,5072.4000,5068.0000,5079.2000,5079.4000,5079.6000,5080.8000,5088.8000,1,1,1,1,1,1,1,1,5,1
SF,IC2002,2019-12-24 09:32:49.100,5075.0000,1205,0,42598920.000,0,-,-,-,-,5073.8000,5073.6000,5073.2000,5072.4000,5068.0000,5079.2000,5079.6000,5080.8000,5088.8000,5104.2000,1,1,1,1,1,1,1,5,1,1
SF,IC2002,2019-12-24 09:32:49.600,5075.0000,1205,0,42598920.000,0,-,-,-,-,5074.0000,5073.8000,5073.6000,5073.2000,5072.4000,5079.2000,5079.6000,5080.8000,5088.8000,5104.2000,1,1,1,1,1,1,1,5,1,1
SF,IC2002,2019-12-24 09:32:50.100,5075.0000,1205,0,42598920.000,0,-,-,-,-,5074.2000,5074.0000,5073.6000,5073.2000,5072.4000,5079.0000,5079.2000,5079.6000,5086.6000,5088.8000,1,1,1,1,1,1,1,1,5,1
SF,IC2002,2019-12-24 09:32:50.600,5075.0000,1205,0,42598920.000,0,-,-,-,-,5074.2000,5074.0000,5073.6000,5073.2000,5068.0000,5078.8000,5079.0000,5079.6000,5086.6000,5088.8000,1,1,1,1,1,1,1,1,5,1
SF,IC2002,2019-12-24 09:32:51.100,5075.0000,1205,0,42598920.000,0,-,-,-,-,5074.6000,5074.2000,5074.0000,5073.2000,5068.0000,5078.6000,5078.8000,5079.0000,5079.6000,5086.6000,1,1,1,1,1,1,1,1,1,5
SF,IC2002,2019-12-24 09:32:51.600,5075.0000,1205,0,42598920.000,0,-,-,-,-,5074.8000,5074.6000,5074.0000,5068.0000,5067.4000,5078.4000,5078.6000,5079.0000,5079.6000,5086.6000,1,1,1,1,1,1,1,1,1,5
SF,IC2002,2019-12-24 09:32:52.100,5075.0000,1205,0,42598920.000,0,-,-,-,-,5074.8000,5074.6000,5068.0000,5067.4000,5060.0000,5078.2000,5078.4000,5078.6000,5079.0000,5079.6000,1,1,1,1,1,1,1,1,1,1
SF,IC2002,2019-12-24 09:32:52.600,5075.0000,1205,0,42598920.000,0,-,-,-,-,5074.8000,5074.6000,5068.0000,5067.4000,5060.0000,5078.2000,5078.6000,5079.0000,5079.6000,5086.6000,1,1,1,1,1,1,1,1,1,5
SF,IC2002,2019-12-24 09:32:53.100,5075.0000,1205,0,42598920.000,0,-,-,-,-,5074.8000,5074.6000,5068.0000,5067.4000,5060.0000,5078.2000,5078.6000,5079.6000,5086.6000,5088.8000,1,1,1,1,1,1,1,1,5,1
SF,IC2002,2019-12-24 09:32:55.600,5075.0000,1205,0,42598920.000,0,-,-,-,-,5075.0000,5074.8000,5074.6000,5068.0000,5067.4000,5078.2000,5078.6000,5079.6000,5086.6000,5088.8000,1,1,1,1,1,1,1,1,5,1
SF,IC2002,2019-12-24 09:32:56.100,5075.0000,1205,0,42598920.000,0,-,-,-,-,5075.2000,5075.0000,5074.6000,5069.2000,5068.0000,5078.2000,5086.6000,5088.8000,5104.2000,5109.0000,2,1,1,5,1,1,5,1,1,1
SF,IC2002,2019-12-24 09:32:56.600,5075.0000,1205,0,42598920.000,0,-,-,-,-,5075.2000,5075.0000,5074.6000,5069.2000,5068.0000,5086.6000,5088.8000,5104.2000,5109.0000,5118.6000,2,1,1,5,1,5,1,1,1,1
SF,IC2002,2019-12-24 09:32:57.100,5075.0000,1205,0,42598920.000,0,-,-,-,-,5075.2000,5075.0000,5074.6000,5069.2000,5068.0000,5082.0000,5082.2000,5083.0000,5084.2000,5086.4000,2,1,1,5,1,1,1,1,1,3
SF,IC2002,2019-12-24 09:32:57.600,5075.0000,1205,0,42598920.000,0,-,-,-,-,5075.4000,5075.2000,5075.0000,5074.6000,5069.2000,5081.8000,5082.0000,5082.2000,5083.0000,5084.2000,1,1,1,1,5,1,1,1,1,1
SF,IC2002,2019-12-24 09:32:58.100,5075.0000,1205,0,42598920.000,0,-,-,-,-,5075.6000,5075.4000,5075.0000,5074.6000,5068.0000,5081.6000,5081.8000,5082.0000,5082.2000,5083.0000,1,1,1,1,1,1,1,1,1,1
SF,IC2002,2019-12-24 09:32:58.600,5075.0000,1205,0,42598920.000,0,-,-,-,-,5075.6000,5075.4000,5075.0000,5074.6000,5068.0000,5081.4000,5081.6000,5082.0000,5082.2000,5083.0000,1,1,1,1,1,1,1,1,1,1
SF,IC2002,2019-12-24 09:32:59.100,5075.0000,1205,0,42598920.000,0,-,-,-,-,5075.6000,5075.4000,5074.6000,5068.0000,5067.4000,5081.2000,5081.4000,5081.6000,5082.0000,5082.2000,2,1,1,1,1,1,1,1,1,1
SF,IC2002,2019-12-24 09:32:59.600,5075.0000,1205,0,42598920.000,0,-,-,-,-,5075.6000,5075.4000,5074.6000,5068.0000,5067.4000,5081.0000,5081.2000,5081.6000,5082.0000,5082.2000,2,1,1,1,1,1,1,1,1,1
SF,IC2002,2019-12-24 09:33:00.600,5075.0000,1205,0,42598920.000,0,-,-,-,-,5075.6000,5075.4000,5074.6000,5068.0000,5067.4000,5080.8000,5081.0000,5081.2000,5081.6000,5082.0000,2,1,1,1,1,1,1,1,1,1
SF,IC2002,2019-12-24 09:33:01.100,5075.0000,1205,0,42598920.000,0,-,-,-,-,5075.8000,5075.6000,5075.4000,5074.6000,5068.0000,5079.6000,5080.6000,5080.8000,5081.2000,5081.6000,1,2,1,1,1,1,1,1,1,1
SF,IC2002,2019-12-24 09:33:01.600,5075.0000,1205,0,42598920.000,0,-,-,-,-,5076.0000,5075.6000,5075.4000,5074.6000,5068.0000,5079.4000,5079.6000,5080.8000,5081.2000,5081.6000,2,1,1,1,1,2,1,1,1,1
SF,IC2002,2019-12-24 09:33:02.100,5075.0000,1205,0,42598920.000,0,-,-,-,-,5076.2000,5075.6000,5075.4000,5074.6000,5068.0000,5079.4000,5079.6000,5080.8000,5081.2000,5081.6000,1,1,1,1,1,2,1,1,1,1
SF,IC2002,2019-12-24 09:33:02.600,5075.0000,1205,0,42598920.000,0,-,-,-,-,5076.4000,5076.2000,5074.6000,5068.0000,5067.4000,5079.4000,5079.6000,5080.8000,5081.2000,5081.6000,1,1,1,1,1,2,1,1,1,1
SF,IC2002,2019-12-24 09:33:03.100,5075.0000,1205,0,42598920.000,0,-,-,-,-,5076.2000,5075.8000,5074.6000,5071.0000,5068.0000,5079.4000,5079.6000,5080.8000,5081.2000,5081.6000,1,5,1,1,1,2,1,1,1,1
SF,IC2002,2019-12-24 09:33:03.600,5075.0000,1205,0,42598920.000,0,-,-,-,-,5076.4000,5075.8000,5074.6000,5071.0000,5068.0000,5079.2000,5079.4000,5079.6000,5080.8000,5081.2000,1,5,1,1,1,1,2,1,1,1
SF,IC2002,2019-12-24 09:33:04.100,5075.0000,1205,0,42598920.000,0,-,-,-,-,5075.8000,5074.6000,5071.0000,5068.0000,5067.4000,5079.0000,5079.2000,5079.4000,5079.6000,5080.8000,5,1,1,1,1,2,2,1,1,1
SF,IC2002,2019-12-24 09:33:04.600,5075.0000,1205,0,42598920.000,0,-,-,-,-,5075.8000,5071.0000,5068.0000,5067.4000,5063.4000,5079.0000,5079.2000,5079.4000,5079.6000,5080.8000,5,1,1,1,5,2,2,1,1,1
SF,IC2002,2019-12-24 09:33:05.100,5075.0000,1205,0,42598920.000,0,-,-,-,-,5076.0000,5075.8000,5071.0000,5068.0000,5067.4000,5079.0000,5079.2000,5079.4000,5079.6000,5080.8000,1,5,1,1,1,2,2,1,1,1
SF,IC2002,2019-12-24 09:33:05.600,5075.0000,1205,0,42598920.000,0,-,-,-,-,5075.8000,5071.0000,5068.0000,5067.4000,5063.4000,5076.2000,5079.0000,5079.2000,5079.4000,5080.8000,5,1,1,1,5,1,2,1,1,1
SF,IC2002,2019-12-24 09:33:06.100,5076.0000,1206,1,45644600.000,3,2,1,空开,S,5075.8000,5068.0000,5067.4000,5063.4000,5060.0000,5079.0000,5079.2000,5079.4000,5081.2000,5081.6000,5,1,1,5,1,2,1,1,1,1
SF,IC2002,2019-12-24 09:33:06.600,5076.0000,1206,0,45644600.000,0,-,-,-,-,5075.8000,5068.0000,5067.4000,5063.4000,5060.0000,5079.0000,5079.2000,5079.4000,5081.2000,5081.6000,5,1,1,5,1,3,1,1,1,1
SF,IC2002,2019-12-24 09:33:10.600,5076.0000,1206,0,45644600.000,0,-,-,-,-,5075.8000,5068.0000,5067.4000,5063.4000,5060.0000,5078.8000,5079.0000,5079.2000,5079.4000,5081.2000,5,1,1,5,1,1,3,1,1,1
SF,IC2002,2019-12-24 09:33:11.100,5076.0000,1206,0,45644600.000,0,-,-,-,-,5075.8000,5068.0000,5067.4000,5063.4000,5060.0000,5078.6000,5078.8000,5079.0000,5079.2000,5079.4000,5,1,1,5,1,2,1,2,1,1
SF,IC2002,2019-12-24 09:33:11.600,5076.0000,1206,0,45644600.000,0,-,-,-,-,5075.8000,5068.0000,5067.4000,5063.4000,5060.0000,5078.6000,5078.8000,5079.0000,5079.2000,5079.4000,5,1,1,5,1,2,1,1,1,1
SF,IC2002,2019-12-24 09:33:12.100,5076.0000,1206,0,45644600.000,0,-,-,-,-,5075.8000,5068.0000,5067.4000,5063.4000,5060.0000,5078.4000,5078.6000,5078.8000,5079.0000,5079.2000,5,1,1,5,1,1,2,1,1,1
SF,IC2002,2019-12-24 09:33:12.600,5076.0000,1206,0,45644600.000,0,-,-,-,-,5075.8000,5068.0000,5067.4000,5063.4000,5060.0000,5078.2000,5078.4000,5078.6000,5078.8000,5079.0000,5,1,1,5,1,2,1,1,1,1
SF,IC2002,2019-12-24 09:33:13.100,5076.0000,1206,0,45644600.000,0,-,-,-,-,5076.0000,5075.8000,5068.0000,5067.4000,5063.4000,5078.2000,5078.6000,5078.8000,5079.0000,5079.4000,1,5,1,1,5,2,1,1,1,1
SF,IC2002,2019-12-24 09:33:13.600,5078.6000,1208,2,48691600.000,3,2,1,空开,S,5076.0000,5075.8000,5068.0000,5067.4000,5063.4000,5078.8000,5079.0000,5079.4000,5081.2000,5081.6000,1,5,1,1,5,1,1,1,1,1
SF,IC2002,2019-12-24 09:33:14.100,5078.6000,1208,0,48691600.000,0,-,-,-,-,5076.0000,5075.8000,5068.0000,5067.4000,5063.4000,5078.6000,5078.8000,5079.0000,5079.4000,5081.2000,1,5,1,1,5,1,1,1,1,1
SF,IC2002,2019-12-24 09:33:14.600,5078.6000,1208,0,48691600.000,0,-,-,-,-,5076.2000,5076.0000,5075.8000,5068.0000,5067.4000,5078.6000,5079.0000,5079.4000,5081.2000,5082.0000,1,1,5,1,1,1,1,1,1,1
SF,IC2002,2019-12-24 09:33:15.100,5078.6000,1208,0,48691600.000,0,-,-,-,-,5076.4000,5076.2000,5075.8000,5068.0000,5067.4000,5078.4000,5078.6000,5079.0000,5079.4000,5082.0000,1,1,5,1,1,1,1,1,1,1
SF,IC2002,2019-12-24 09:33:15.600,5078.6000,1208,0,48691600.000,0,-,-,-,-,5076.6000,5076.4000,5076.2000,5075.8000,5068.0000,5078.2000,5078.4000,5078.6000,5079.0000,5082.0000,1,1,1,5,1,1,1,1,1,1
SF,IC2002,2019-12-24 09:33:16.100,5078.6000,1208,0,48691600.000,0,-,-,-,-,5076.8000,5076.6000,5075.8000,5068.0000,5067.4000,5078.2000,5078.4000,5078.6000,5079.0000,5082.0000,1,1,5,1,1,1,1,1,1,1
SF,IC2002,2019-12-24 09:33:16.600,5078.6000,1208,0,48691600.000,0,-,-,-,-,5076.8000,5075.8000,5068.0000,5067.4000,5063.4000,5078.2000,5078.4000,5078.6000,5079.0000,5082.0000,1,5,1,1,5,1,1,1,1,1
SF,IC2002,2019-12-24 09:33:17.100,5078.6000,1208,0,48691600.000,0,-,-,-,-,5076.8000,5075.8000,5068.0000,5067.4000,5063.4000,5078.2000,5078.4000,5078.6000,5082.0000,5086.6000,1,5,1,1,5,1,1,1,1,5
SF,IC2002,2019-12-24 09:33:18.600,5076.8000,1208,0,49706960.000,1,0,1,多换,S,5075.8000,5068.0000,5067.4000,5063.4000,5060.0000,5078.2000,5078.4000,5078.6000,5082.0000,5086.6000,5,1,1,5,1,1,1,1,1,5
SF,IC2002,2019-12-24 09:33:19.100,5076.0000,1207,-1,50722160.000,1,0,1,双平,S,5075.8000,5068.0000,5067.4000,5063.4000,5060.0000,5078.2000,5078.6000,5082.0000,5086.6000,5088.8000,5,1,1,5,1,1,1,1,5,1
SF,IC2002,2019-12-24 09:33:19.600,5076.0000,1207,0,50722160.000,0,-,-,-,-,5076.0000,5075.8000,5068.0000,5067.4000,5063.4000,5078.0000,5078.2000,5078.6000,5082.0000,5086.6000,1,5,1,1,5,1,1,1,1,5
SF,IC2002,2019-12-24 09:33:20.100,5076.0000,1207,0,50722160.000,0,-,-,-,-,5076.0000,5075.8000,5068.0000,5067.4000,5063.4000,5078.2000,5078.6000,5082.0000,5086.6000,5088.8000,1,5,1,1,5,1,1,1,5,1
SF,IC2002,2019-12-24 09:33:20.600,5076.0000,1207,0,50722160.000,0,-,-,-,-,5076.0000,5075.8000,5068.0000,5067.4000,5063.4000,5078.0000,5078.2000,5078.6000,5082.0000,5086.6000,1,5,1,1,5,1,1,1,1,5
SF,IC2002,2019-12-24 09:33:21.100,5076.0000,1207,0,51737360.000,1,0,1,多换,S,5076.0000,5075.8000,5068.0000,5067.4000,5063.4000,5078.2000,5078.6000,5082.0000,5086.6000,5088.8000,1,5,1,1,5,1,1,1,5,1
SF,IC2002,2019-12-24 09:33:21.600,5076.0000,1207,0,51737360.000,0,-,-,-,-,5076.0000,5075.8000,5068.0000,5067.4000,5063.4000,5078.0000,5078.6000,5082.0000,5086.6000,5088.8000,1,5,1,1,5,1,1,1,5,1
SF,IC2002,2019-12-24 09:33:22.100,5076.0000,1207,0,52752560.000,1,0,1,多换,S,5076.0000,5075.8000,5068.0000,5067.4000,5063.4000,5078.0000,5078.6000,5082.0000,5086.6000,5088.8000,1,5,1,1,5,1,1,1,5,1
SF,IC2002,2019-12-24 09:33:22.600,5076.0000,1206,-1,53767760.000,1,0,1,双平,S,5075.8000,5068.0000,5067.4000,5063.4000,5060.0000,5077.8000,5078.0000,5078.6000,5082.0000,5086.6000,5,1,1,5,1,1,2,1,1,5
SF,IC2002,2019-12-24 09:33:23.100,5076.0000,1206,0,53767760.000,0,-,-,-,-,5076.0000,5075.8000,5068.0000,5067.4000,5063.4000,5078.0000,5078.6000,5082.0000,5086.6000,5088.8000,1,5,1,1,5,2,1,1,5,1
SF,IC2002,2019-12-24 09:33:23.600,5076.0000,1206,0,53767760.000,0,-,-,-,-,5076.2000,5076.0000,5075.8000,5068.0000,5067.4000,5077.8000,5078.0000,5078.6000,5082.0000,5086.6000,1,1,5,1,1,1,2,1,1,5
SF,IC2002,2019-12-24 09:33:24.100,5076.2000,1205,-1,54783000.000,1,0,1,双平,S,5076.2000,5075.8000,5068.0000,5067.4000,5063.4000,5078.0000,5078.6000,5082.0000,5086.6000,5088.8000,1,5,1,1,5,2,1,1,5,1
SF,IC2002,2019-12-24 09:33:24.600,5076.2000,1205,0,54783000.000,0,-,-,-,-,5076.4000,5076.2000,5075.8000,5068.0000,5067.4000,5077.8000,5078.0000,5078.6000,5082.0000,5086.6000,1,1,5,1,1,1,2,1,1,5
SF,IC2002,2019-12-24 09:33:25.100,5076.4000,1204,-1,55798280.000,1,0,1,双平,S,5075.8000,5068.0000,5067.4000,5063.4000,5060.0000,5077.8000,5078.0000,5078.6000,5082.0000,5086.6000,5,1,1,5,1,1,2,1,1,5
SF,IC2002,2019-12-24 09:33:25.600,5076.4000,1204,0,55798280.000,0,-,-,-,-,5076.0000,5075.8000,5068.0000,5067.4000,5063.4000,5077.6000,5077.8000,5078.0000,5078.6000,5082.0000,1,5,1,1,5,1,1,2,1,1
SF,IC2002,2019-12-24 09:33:26.100,5076.0000,1203,-1,56813480.000,1,0,1,双平,S,5075.8000,5068.0000,5067.4000,5063.4000,5060.0000,5077.4000,5077.6000,5078.0000,5078.6000,5082.0000,5,1,1,5,1,1,1,2,1,1
SF,IC2002,2019-12-24 09:33:27.600,5075.8000,1203,0,57828640.000,1,0,1,多换,S,5075.8000,5068.0000,5067.4000,5063.4000,5060.0000,5077.4000,5077.6000,5078.0000,5078.6000,5082.0000,4,1,1,5,1,1,1,2,1,1
SF,IC2002,2019-12-24 09:33:28.100,5075.8000,1203,0,57828640.000,0,-,-,-,-,5076.0000,5075.8000,5068.0000,5067.4000,5063.4000,5077.4000,5077.6000,5078.0000,5078.6000,5082.0000,1,4,1,1,5,1,1,2,1,1
SF,IC2002,2019-12-24 09:33:28.600,5076.0000,1202,-1,58843840.000,1,0,1,双平,S,5075.8000,5068.0000,5067.4000,5063.4000,5060.0000,5077.4000,5078.0000,5078.6000,5082.0000,5086.6000,4,1,1,5,1,1,2,1,1,5
SF,IC2002,2019-12-24 09:33:29.100,5076.0000,1202,0,58843840.000,0,-,-,-,-,5076.0000,5075.8000,5068.0000,5067.4000,5063.4000,5077.4000,5078.0000,5082.0000,5086.6000,5088.8000,1,4,1,1,5,1,2,1,5,1
SF,IC2002,2019-12-24 09:33:32.100,5076.0000,1202,0,59859040.000,1,0,1,多换,S,5075.8000,5068.0000,5067.4000,5063.4000,5060.0000,5077.4000,5078.0000,5082.0000,5086.6000,5088.8000,4,1,1,5,1,1,2,1,5,1
SF,IC2002,2019-12-24 09:33:32.600,5075.8000,1205,3,62904520.000,3,3,0,双开,S,5075.8000,5068.0000,5067.4000,5063.4000,5060.0000,5077.4000,5078.0000,5082.0000,5086.6000,5088.8000,1,1,1,5,1,1,1,1,5,1
SF,IC2002,2019-12-24 09:33:33.100,5075.8000,1205,0,63919680.000,1,0,1,多换,S,5068.0000,5067.4000,5063.4000,5060.0000,5056.0000,5078.0000,5082.0000,5086.6000,5088.8000,5104.2000,1,1,5,1,1,1,1,5,1,1
SF,IC2002,2019-12-24 09:33:33.600,5075.8000,1205,0,63919680.000,0,-,-,-,-,5072.8000,5072.0000,5071.0000,5068.8000,5068.2000,5077.8000,5078.0000,5082.0000,5086.6000,5088.8000,1,1,1,1,1,2,1,1,5,1
SF,IC2002,2019-12-24 09:33:34.100,5075.8000,1205,0,63919680.000,0,-,-,-,-,5073.0000,5072.8000,5072.0000,5071.0000,5068.8000,5076.2000,5077.8000,5078.0000,5082.0000,5086.6000,1,1,1,1,1,1,2,1,1,5
SF,IC2002,2019-12-24 09:33:34.600,5075.8000,1205,0,63919680.000,0,-,-,-,-,5073.0000,5072.8000,5072.0000,5071.0000,5068.8000,5076.0000,5076.2000,5082.0000,5086.6000,5088.8000,1,1,1,1,1,2,1,1,5,1
SF,IC2002,2019-12-24 09:33:35.100,5075.8000,1205,0,63919680.000,0,-,-,-,-,5073.0000,5072.8000,5072.0000,5071.0000,5068.8000,5076.0000,5076.2000,5082.0000,5086.6000,5088.8000,1,1,1,1,1,3,1,1,5,1
SF,IC2002,2019-12-24 09:33:35.600,5075.8000,1205,0,63919680.000,0,-,-,-,-,5073.2000,5073.0000,5072.8000,5072.0000,5071.0000,5076.0000,5076.2000,5082.0000,5086.6000,5088.8000,1,1,1,1,1,2,1,1,5,1
SF,IC2002,2019-12-24 09:33:36.100,5075.8000,1205,0,63919680.000,0,-,-,-,-,5073.4000,5073.2000,5072.8000,5072.0000,5071.0000,5076.0000,5076.2000,5082.0000,5086.6000,5088.8000,1,1,1,1,1,2,1,1,5,1
SF,IC2002,2019-12-24 09:33:36.600,5075.8000,1205,0,63919680.000,0,-,-,-,-,5073.4000,5073.2000,5072.8000,5072.0000,5071.0000,5075.8000,5076.0000,5076.2000,5082.0000,5086.6000,1,1,1,1,1,1,2,1,1,5
SF,IC2002,2019-12-24 09:33:37.100,5075.8000,1205,0,63919680.000,0,-,-,-,-,5073.4000,5073.2000,5072.8000,5072.0000,5071.0000,5075.6000,5075.8000,5076.0000,5076.2000,5082.0000,1,1,1,1,1,1,1,1,1,1
SF,IC2002,2019-12-24 09:33:37.600,5075.8000,1205,0,63919680.000,0,-,-,-,-,5073.6000,5073.4000,5073.2000,5072.8000,5072.0000,5075.6000,5076.0000,5076.2000,5082.0000,5086.6000,1,1,1,1,1,1,1,1,1,5
SF,IC2002,2019-12-24 09:33:38.100,5075.6000,1204,-1,64934800.000,1,0,1,双平,S,5073.8000,5073.6000,5072.8000,5072.0000,5071.0000,5076.0000,5076.2000,5082.0000,5086.6000,5088.8000,1,1,1,1,1,1,1,1,5,1
SF,IC2002,2019-12-24 09:33:38.600,5075.6000,1204,0,64934800.000,0,-,-,-,-,5074.0000,5073.8000,5072.8000,5072.0000,5071.0000,5075.8000,5076.0000,5076.2000,5082.0000,5086.6000,1,1,1,1,1,1,1,1,1,5
SF,IC2002,2019-12-24 09:33:39.100,5075.6000,1204,0,64934800.000,0,-,-,-,-,5074.0000,5072.8000,5072.0000,5071.0000,5068.8000,5075.8000,5076.0000,5076.2000,5082.0000,5086.6000,1,1,1,1,1,1,1,1,1,5
SF,IC2002,2019-12-24 09:33:39.600,5075.6000,1204,0,64934800.000,0,-,-,-,-,5072.8000,5072.0000,5071.0000,5068.8000,5068.0000,5075.8000,5076.0000,5076.2000,5082.0000,5086.6000,1,1,1,1,1,1,1,1,1,5
SF,IC2002,2019-12-24 09:33:40.100,5075.6000,1204,0,64934800.000,0,-,-,-,-,5073.0000,5072.8000,5071.0000,5068.8000,5068.0000,5075.6000,5075.8000,5076.0000,5076.2000,5082.0000,1,1,1,1,1,1,1,1,1,1
SF,IC2002,2019-12-24 09:33:40.600,5075.6000,1204,0,64934800.000,0,-,-,-,-,5073.0000,5072.8000,5071.0000,5068.8000,5068.0000,5075.4000,5075.6000,5076.0000,5076.2000,5082.0000,1,1,1,1,1,1,1,1,1,1
SF,IC2002,2019-12-24 09:33:41.100,5075.6000,1204,0,64934800.000,0,-,-,-,-,5073.2000,5073.0000,5072.8000,5071.0000,5068.8000,5075.4000,5076.0000,5076.2000,5082.0000,5086.6000,1,1,1,1,1,1,1,1,1,5
SF,IC2002,2019-12-24 09:33:41.600,5075.6000,1204,0,64934800.000,0,-,-,-,-,5073.2000,5072.8000,5071.0000,5068.8000,5068.0000,5075.4000,5076.2000,5082.0000,5086.6000,5088.8000,1,1,1,1,1,1,1,1,5,1
SF,IC2002,2019-12-24 09:33:44.100,5075.6000,1204,0,64934800.000,0,-,-,-,-,5073.2000,5072.8000,5068.8000,5068.0000,5067.4000,5075.4000,5076.2000,5082.0000,5086.6000,5088.8000,1,1,1,1,1,1,1,1,5,1
SF,IC2002,2019-12-24 09:33:44.600,5075.6000,1204,0,64934800.000,0,-,-,-,-,5072.8000,5068.0000,5067.4000,5063.4000,5060.0000,5075.2000,5076.2000,5082.0000,5086.6000,5088.8000,1,1,1,5,1,1,1,1,5,1
SF,IC2002,2019-12-24 09:33:45.100,5075.6000,1204,0,64934800.000,0,-,-,-,-,5068.0000,5067.4000,5063.4000,5060.0000,5056.0000,5075.0000,5075.2000,5076.2000,5082.0000,5086.6000,1,1,5,1,1,1,1,1,1,5
SF,IC2002,2019-12-24 09:33:45.600,5075.6000,1204,0,64934800.000,0,-,-,-,-,5070.8000,5069.4000,5068.8000,5068.2000,5068.0000,5074.8000,5075.0000,5075.2000,5076.2000,5082.0000,1,1,1,1,1,1,1,1,1,1
SF,IC2002,2019-12-24 09:33:46.100,5075.6000,1204,0,64934800.000,0,-,-,-,-,5071.0000,5070.8000,5069.4000,5068.8000,5068.0000,5074.6000,5074.8000,5075.2000,5076.2000,5082.0000,1,1,1,1,1,1,1,1,1,1
SF,IC2002,2019-12-24 09:33:46.600,5075.6000,1204,0,64934800.000,0,-,-,-,-,5071.0000,5070.8000,5069.4000,5068.8000,5068.0000,5074.4000,5074.6000,5074.8000,5075.2000,5076.2000,1,1,1,1,1,1,1,1,1,1
SF,IC2002,2019-12-24 09:33:47.100,5075.6000,1204,0,64934800.000,0,-,-,-,-,5071.0000,5070.8000,5069.4000,5068.8000,5068.0000,5074.2000,5074.4000,5074.8000,5075.2000,5076.2000,1,1,1,1,1,1,1,1,1,1
SF,IC2002,2019-12-24 09:33:47.600,5075.6000,1204,0,64934800.000,0,-,-,-,-,5071.2000,5071.0000,5070.8000,5069.4000,5068.8000,5074.2000,5074.4000,5074.8000,5076.2000,5082.0000,1,1,1,1,1,1,1,1,1,1
SF,IC2002,2019-12-24 09:33:48.100,5075.6000,1204,0,64934800.000,0,-,-,-,-,5071.2000,5070.8000,5069.4000,5068.8000,5068.0000,5074.2000,5074.4000,5076.2000,5082.0000,5086.6000,1,1,1,1,1,1,1,1,1,5
SF,IC2002,2019-12-24 09:33:48.600,5075.6000,1204,0,64934800.000,0,-,-,-,-,5071.4000,5070.8000,5069.4000,5068.8000,5068.0000,5074.0000,5074.2000,5074.4000,5082.0000,5086.6000,1,1,1,1,1,1,1,1,1,5
SF,IC2002,2019-12-24 09:33:49.100,5075.6000,1204,0,64934800.000,0,-,-,-,-,5072.4000,5070.8000,5069.4000,5068.8000,5068.0000,5073.8000,5074.0000,5082.0000,5086.6000,5088.8000,1,1,1,1,1,1,1,1,5,1
SF,IC2002,2019-12-24 09:33:49.600,5072.4000,1203,-1,65949280.000,1,0,1,双平,S,5070.8000,5069.4000,5068.8000,5068.0000,5067.4000,5074.0000,5082.0000,5086.6000,5088.8000,5104.2000,1,1,1,1,1,1,1,5,1,1
SF,IC2002,2019-12-24 09:33:50.100,5072.4000,1203,0,65949280.000,0,-,-,-,-,5071.0000,5070.8000,5069.4000,5068.8000,5068.0000,5073.8000,5082.0000,5086.6000,5088.8000,5104.2000,2,1,1,1,1,1,1,5,1,1
SF,IC2002,2019-12-24 09:33:51.100,5072.4000,1203,0,65949280.000,0,-,-,-,-,5071.0000,5070.8000,5069.4000,5068.8000,5068.0000,5073.6000,5073.8000,5082.0000,5086.6000,5088.8000,1,1,1,1,1,1,1,1,5,1
SF,IC2002,2019-12-24 09:33:51.600,5072.4000,1203,0,65949280.000,0,-,-,-,-,5071.0000,5070.8000,5069.4000,5068.8000,5068.0000,5073.4000,5073.6000,5082.0000,5086.6000,5088.8000,1,1,1,1,1,1,1,1,5,1
SF,IC2002,2019-12-24 09:33:52.100,5072.4000,1203,0,65949280.000,0,-,-,-,-,5071.0000,5069.4000,5068.8000,5068.0000,5067.4000,5073.2000,5073.4000,5073.6000,5082.0000,5086.6000,1,1,1,1,1,1,1,1,1,5
SF,IC2002,2019-12-24 09:33:52.600,5072.4000,1203,0,65949280.000,0,-,-,-,-,5071.0000,5069.4000,5068.8000,5068.0000,5067.4000,5073.0000,5073.2000,5073.6000,5082.0000,5086.6000,1,1,1,1,1,1,1,1,1,5
SF,IC2002,2019-12-24 09:33:53.100,5072.4000,1203,0,65949280.000,0,-,-,-,-,5071.0000,5069.4000,5068.8000,5068.0000,5067.4000,5072.8000,5073.0000,5073.2000,5073.6000,5086.6000,1,1,1,1,1,1,1,1,1,5
SF,IC2002,2019-12-24 09:33:53.600,5072.4000,1203,0,65949280.000,0,-,-,-,-,5071.0000,5069.4000,5068.8000,5068.0000,5067.4000,5072.6000,5072.8000,5073.2000,5073.6000,5086.6000,1,1,1,1,1,1,1,1,1,5
SF,IC2002,2019-12-24 09:33:54.100,5072.4000,1203,0,65949280.000,0,-,-,-,-,5071.0000,5069.4000,5068.0000,5067.4000,5060.0000,5072.6000,5072.8000,5073.2000,5073.6000,5086.6000,1,1,1,1,1,1,1,1,1,5
SF,IC2002,2019-12-24 09:33:55.600,5072.4000,1203,0,65949280.000,0,-,-,-,-,5071.0000,5069.4000,5068.0000,5067.4000,5060.0000,5072.6000,5072.8000,5073.2000,5086.6000,5088.8000,1,1,1,1,1,1,1,1,5,1
SF,IC2002,2019-12-24 09:33:56.600,5072.6000,1202,-1,66963800.000,1,0,1,双平,S,5071.0000,5069.4000,5068.0000,5067.4000,5060.0000,5072.8000,5073.2000,5086.6000,5088.8000,5104.2000,1,1,1,1,1,1,1,5,1,1
SF,IC2002,2019-12-24 09:33:57.100,5072.6000,1202,0,66963800.000,0,-,-,-,-,5071.2000,5071.0000,5069.4000,5068.0000,5067.4000,5072.6000,5072.8000,5073.2000,5086.6000,5088.8000,1,1,1,1,1,1,1,1,5,1
SF,IC2002,2019-12-24 09:33:57.600,5072.6000,1202,0,66963800.000,0,-,-,-,-,5072.6000,5071.2000,5071.0000,5069.4000,5068.0000,5072.8000,5086.6000,5088.8000,5104.2000,5109.0000,1,1,1,1,1,1,5,1,1,1
SF,IC2002,2019-12-24 09:33:58.100,5072.8000,1203,1,67978360.000,1,1,0,双开,S,5072.6000,5071.2000,5071.0000,5069.4000,5068.0000,5086.6000,5088.8000,5104.2000,5109.0000,5118.6000,1,1,1,1,1,5,1,1,1,1
SF,IC2002,2019-12-24 09:33:58.600,5072.8000,1203,0,67978360.000,0,-,-,-,-,5072.6000,5071.0000,5069.4000,5068.0000,5067.4000,5077.0000,5079.8000,5082.0000,5086.4000,5086.6000,1,1,1,1,1,1,1,1,2,5
SF,IC2002,2019-12-24 09:33:59.100,5072.8000,1203,0,67978360.000,0,-,-,-,-,5071.0000,5069.4000,5068.0000,5067.4000,5060.0000,5076.8000,5077.0000,5079.8000,5082.0000,5086.6000,1,1,1,1,1,1,1,1,1,5
SF,IC2002,2019-12-24 09:33:59.600,5072.8000,1203,0,67978360.000,0,-,-,-,-,5071.2000,5071.0000,5069.4000,5068.0000,5067.4000,5076.8000,5077.0000,5082.0000,5086.6000,5088.8000,1,1,1,1,1,1,1,1,5,1
SF,IC2002,2019-12-24 09:34:00.100,5072.8000,1203,0,67978360.000,0,-,-,-,-,5071.4000,5071.0000,5069.4000,5068.0000,5067.4000,5075.4000,5076.8000,5086.6000,5088.8000,5104.2000,1,1,1,1,1,1,1,5,1,1
SF,IC2002,2019-12-24 09:34:00.600,5072.8000,1203,0,67978360.000,0,-,-,-,-,5071.2000,5071.0000,5069.4000,5068.0000,5067.4000,5075.2000,5075.4000,5086.6000,5088.8000,5104.2000,1,1,1,1,1,1,1,5,1,1
SF,IC2002,2019-12-24 09:34:01.100,5072.8000,1203,0,67978360.000,0,-,-,-,-,5071.4000,5071.2000,5069.4000,5068.0000,5067.4000,5075.2000,5075.4000,5086.6000,5088.8000,5104.2000,1,1,1,1,1,1,1,5,1,1
SF,IC2002,2019-12-24 09:34:02.100,5072.8000,1203,0,67978360.000,0,-,-,-,-,5071.2000,5069.4000,5068.0000,5067.4000,5060.0000,5075.2000,5075.4000,5086.6000,5088.8000,5104.2000,1,1,1,1,1,1,1,5,1,1
SF,IC2002,2019-12-24 09:34:02.600,5072.8000,1203,0,67978360.000,0,-,-,-,-,5069.6000,5069.4000,5068.0000,5067.4000,5060.0000,5075.2000,5075.4000,5086.6000,5088.8000,5104.2000,1,1,1,1,1,1,1,5,1,1
SF,IC2002,2019-12-24 09:34:03.100,5072.8000,1203,0,67978360.000,0,-,-,-,-,5069.8000,5069.6000,5069.4000,5068.0000,5067.4000,5075.2000,5075.4000,5086.6000,5088.8000,5104.2000,2,1,1,1,1,1,1,5,1,1
SF,IC2002,2019-12-24 09:34:03.600,5072.8000,1203,0,67978360.000,0,-,-,-,-,5069.8000,5069.6000,5069.4000,5068.0000,5067.4000,5075.2000,5075.4000,5086.6000,5088.8000,5104.2000,2,1,1,1,1,2,1,5,1,1
SF,IC2002,2019-12-24 09:34:04.100,5072.8000,1203,0,67978360.000,0,-,-,-,-,5070.0000,5069.8000,5069.4000,5068.0000,5067.4000,5075.2000,5075.4000,5086.6000,5088.8000,5104.2000,1,1,1,1,1,1,1,5,1,1
SF,IC2002,2019-12-24 09:34:04.600,5072.8000,1203,0,67978360.000,0,-,-,-,-,5070.2000,5070.0000,5069.4000,5068.0000,5067.4000,5075.2000,5075.4000,5086.6000,5088.8000,5104.2000,2,1,1,1,1,2,1,5,1,1
SF,IC2002,2019-12-24 09:34:05.100,5072.8000,1203,0,67978360.000,0,-,-,-,-,5070.2000,5070.0000,5069.4000,5068.0000,5067.4000,5075.2000,5075.4000,5086.6000,5088.8000,5104.2000,1,1,1,1,1,2,1,5,1,1
SF,IC2002,2019-12-24 09:34:05.600,5072.8000,1203,0,67978360.000,0,-,-,-,-,5070.0000,5069.4000,5068.0000,5067.4000,5060.0000,5075.2000,5075.4000,5086.6000,5088.8000,5104.2000,1,1,3,1,1,2,1,5,1,1
SF,IC2002,2019-12-24 09:34:06.100,5072.8000,1203,0,67978360.000,0,-,-,-,-,5069.6000,5069.4000,5068.0000,5067.4000,5060.0000,5075.2000,5075.4000,5086.6000,5088.8000,5104.2000,1,1,3,1,1,2,1,5,1,1
SF,IC2002,2019-12-24 09:34:06.600,5072.8000,1203,0,67978360.000,0,-,-,-,-,5069.8000,5069.6000,5069.4000,5068.0000,5067.4000,5075.2000,5075.4000,5086.6000,5088.8000,5104.2000,1,1,1,3,1,1,1,5,1,1
SF,IC2002,2019-12-24 09:34:07.100,5072.8000,1203,0,67978360.000,0,-,-,-,-,5069.8000,5069.6000,5069.4000,5068.0000,5067.4000,5074.8000,5075.0000,5075.2000,5075.4000,5086.6000,1,1,1,3,1,1,1,1,1,5
SF,IC2002,2019-12-24 09:34:07.600,5072.8000,1203,0,67978360.000,0,-,-,-,-,5069.8000,5069.6000,5068.0000,5067.4000,5060.0000,5074.6000,5074.8000,5075.0000,5075.4000,5088.8000,1,2,3,1,1,1,1,5,1,1
SF,IC2002,2019-12-24 09:34:08.100,5072.8000,1203,0,67978360.000,0,-,-,-,-,5069.8000,5069.6000,5068.0000,5067.4000,5060.0000,5074.4000,5074.6000,5074.8000,5075.0000,5075.4000,1,2,3,1,1,1,1,1,5,1
SF,IC2002,2019-12-24 09:34:08.600,5072.8000,1203,0,67978360.000,0,-,-,-,-,5069.8000,5069.6000,5068.0000,5067.4000,5060.0000,5074.2000,5074.8000,5075.0000,5075.4000,5088.8000,1,2,3,1,1,1,1,5,1,1
SF,IC2002,2019-12-24 09:34:09.100,5072.8000,1203,0,67978360.000,0,-,-,-,-,5070.0000,5069.8000,5069.6000,5068.0000,5067.4000,5074.2000,5074.8000,5075.0000,5075.4000,5088.8000,1,1,1,3,1,1,1,5,1,1
SF,IC2002,2019-12-24 09:34:09.600,5072.8000,1203,0,67978360.000,0,-,-,-,-,5070.2000,5070.0000,5068.0000,5067.4000,5060.0000,5074.2000,5075.0000,5075.4000,5088.8000,5104.2000,1,1,3,1,1,1,5,1,1,1
SF,IC2002,2019-12-24 09:34:10.100,5072.8000,1203,0,67978360.000,0,-,-,-,-,5070.0000,5068.0000,5067.4000,5060.0000,5057.6000,5074.2000,5075.0000,5075.4000,5088.8000,5104.2000,1,3,1,1,5,1,5,1,1,1
SF,IC2002,2019-12-24 09:34:10.600,5072.8000,1203,0,67978360.000,0,-,-,-,-,5068.0000,5067.4000,5060.0000,5057.6000,5056.0000,5073.8000,5074.2000,5075.0000,5075.4000,5088.8000,3,1,1,5,1,1,1,5,1,1
SF,IC2002,2019-12-24 09:34:11.100,5072.8000,1203,0,67978360.000,0,-,-,-,-,5069.4000,5068.2000,5068.0000,5067.4000,5060.0000,5073.6000,5075.4000,5080.8000,5088.8000,5104.2000,1,2,3,1,1,1,1,5,1,1
SF,IC2002,2019-12-24 09:34:11.600,5072.8000,1203,0,67978360.000,0,-,-,-,-,5069.6000,5068.2000,5068.0000,5067.4000,5060.0000,5073.6000,5075.4000,5080.8000,5088.8000,5104.2000,1,1,3,1,1,1,1,5,1,1
SF,IC2002,2019-12-24 09:34:12.100,5072.8000,1203,0,67978360.000,0,-,-,-,-,5069.6000,5068.0000,5067.4000,5060.0000,5057.6000,5073.4000,5073.6000,5075.4000,5080.8000,5088.8000,1,3,1,1,5,1,1,1,5,1
SF,IC2002,2019-12-24 09:34:12.600,5072.8000,1203,0,67978360.000,0,-,-,-,-,5069.6000,5068.0000,5067.4000,5060.0000,5057.6000,5073.2000,5073.4000,5075.4000,5080.8000,5088.8000,1,3,1,1,5,1,1,1,5,1
SF,IC2002,2019-12-24 09:34:13.100,5072.8000,1203,0,67978360.000,0,-,-,-,-,5069.6000,5069.4000,5068.0000,5067.4000,5060.0000,5073.2000,5073.4000,5075.4000,5080.8000,5088.8000,1,1,3,1,1,1,1,1,5,1
SF,IC2002,2019-12-24 09:34:13.600,5072.8000,1203,0,67978360.000,0,-,-,-,-,5069.8000,5069.6000,5069.4000,5068.0000,5067.4000,5073.2000,5073.4000,5075.4000,5080.8000,5088.8000,1,1,1,3,1,1,1,1,5,1
SF,IC2002,2019-12-24 09:34:14.100,5072.8000,1203,0,67978360.000,0,-,-,-,-,5070.0000,5069.8000,5069.4000,5068.0000,5067.4000,5073.2000,5073.4000,5075.4000,5080.8000,5088.8000,1,1,1,3,1,1,1,1,5,1
SF,IC2002,2019-12-24 09:34:14.600,5072.8000,1203,0,67978360.000,0,-,-,-,-,5070.2000,5070.0000,5069.8000,5069.4000,5068.0000,5073.2000,5075.4000,5080.8000,5088.8000,5104.2000,1,1,1,1,3,1,1,5,1,1
SF,IC2002,2019-12-24 09:34:15.100,5072.8000,1203,0,67978360.000,0,-,-,-,-,5070.4000,5070.2000,5069.4000,5068.0000,5067.4000,5073.0000,5073.2000,5075.4000,5080.8000,5088.8000,1,1,1,3,1,1,1,1,5,1
SF,IC2002,2019-12-24 09:34:15.600,5072.8000,1203,0,67978360.000,0,-,-,-,-,5070.6000,5070.4000,5069.4000,5068.0000,5067.4000,5072.8000,5073.0000,5075.4000,5080.8000,5088.8000,1,1,1,3,1,1,1,1,5,1
SF,IC2002,2019-12-24 09:34:16.100,5072.8000,1203,0,67978360.000,0,-,-,-,-,5070.8000,5070.6000,5069.4000,5068.0000,5067.4000,5072.8000,5073.0000,5075.4000,5080.8000,5088.8000,1,1,1,3,1,1,1,1,5,1
SF,IC2002,2019-12-24 09:34:16.600,5072.8000,1203,0,67978360.000,0,-,-,-,-,5069.4000,5068.0000,5067.4000,5066.6000,5060.0000,5072.8000,5073.0000,5075.4000,5080.8000,5088.8000,1,3,1,1,1,1,1,1,5,1
SF,IC2002,2019-12-24 09:34:17.100,5072.8000,1203,0,67978360.000,0,-,-,-,-,5069.6000,5069.4000,5068.0000,5067.4000,5066.6000,5072.8000,5073.0000,5075.4000,5080.8000,5088.8000,1,1,3,1,1,1,1,1,5,1
SF,IC2002,2019-12-24 09:34:18.100,5072.8000,1203,0,67978360.000,0,-,-,-,-,5069.8000,5069.6000,5069.4000,5068.0000,5067.4000,5072.8000,5073.0000,5075.4000,5080.8000,5088.8000,1,1,1,3,1,1,1,1,5,1
SF,IC2002,2019-12-24 09:34:18.600,5072.8000,1203,0,67978360.000,0,-,-,-,-,5070.0000,5069.8000,5069.4000,5068.0000,5067.4000,5072.8000,5075.4000,5080.8000,5088.8000,5104.2000,1,1,1,3,1,1,1,5,1,1
SF,IC2002,2019-12-24 09:34:19.600,5072.8000,1203,0,67978360.000,0,-,-,-,-,5070.0000,5069.4000,5068.0000,5067.4000,5066.6000,5072.8000,5075.4000,5080.8000,5088.8000,5104.2000,1,1,3,1,1,1,1,5,1,1
SF,IC2002,2019-12-24 09:34:20.100,5072.8000,1203,0,67978360.000,0,-,-,-,-,5070.2000,5070.0000,5069.4000,5068.0000,5067.4000,5072.8000,5075.4000,5080.8000,5088.8000,5104.2000,1,1,1,3,1,1,1,5,1,1
SF,IC2002,2019-12-24 09:34:20.600,5072.8000,1203,0,67978360.000,0,-,-,-,-,5070.4000,5070.2000,5069.4000,5068.0000,5067.4000,5072.8000,5075.4000,5080.8000,5088.8000,5104.2000,2,1,1,3,1,1,1,5,1,1
SF,IC2002,2019-12-24 09:34:21.100,5072.8000,1203,0,67978360.000,0,-,-,-,-,5070.6000,5070.4000,5069.4000,5068.0000,5067.4000,5072.8000,5075.4000,5080.8000,5088.8000,5104.2000,1,2,1,3,1,1,1,5,1,1
SF,IC2002,2019-12-24 09:34:21.600,5072.8000,1203,0,67978360.000,0,-,-,-,-,5070.8000,5070.6000,5070.4000,5069.4000,5068.0000,5072.8000,5075.4000,5080.8000,5088.8000,5104.2000,1,1,1,1,3,1,1,5,1,1
SF,IC2002,2019-12-24 09:34:22.100,5072.8000,1203,0,67978360.000,0,-,-,-,-,5070.6000,5070.4000,5069.4000,5068.0000,5067.4000,5072.8000,5075.4000,5080.8000,5088.8000,5104.2000,1,1,1,3,1,1,1,5,1,1
SF,IC2002,2019-12-24 09:34:22.600,5072.8000,1203,0,67978360.000,0,-,-,-,-,5070.4000,5069.4000,5068.0000,5067.4000,5066.6000,5072.8000,5075.4000,5080.8000,5088.8000,5104.2000,1,1,3,1,1,1,1,5,1,1
SF,IC2002,2019-12-24 09:34:23.100,5072.8000,1203,0,67978360.000,0,-,-,-,-,5070.6000,5070.4000,5069.4000,5068.0000,5067.4000,5072.8000,5075.4000,5080.8000,5088.8000,5104.2000,1,1,1,3,1,1,1,5,1,1
SF,IC2002,2019-12-24 09:34:26.100,5072.8000,1203,0,67978360.000,0,-,-,-,-,5070.6000,5069.4000,5068.0000,5067.4000,5066.6000,5072.8000,5075.4000,5080.8000,5088.8000,5104.2000,1,1,3,1,1,1,1,5,1,1
SF,IC2002,2019-12-24 09:34:27.100,5072.8000,1203,0,67978360.000,0,-,-,-,-,5069.4000,5068.0000,5067.4000,5066.6000,5060.0000,5072.8000,5075.4000,5080.8000,5088.8000,5104.2000,1,3,1,1,1,1,1,5,1,1
SF,IC2002,2019-12-24 09:34:27.600,5072.8000,1203,0,67978360.000,0,-,-,-,-,5069.6000,5069.4000,5068.0000,5067.4000,5066.6000,5072.8000,5075.4000,5080.8000,5088.8000,5104.2000,2,1,3,1,1,1,1,5,1,1
SF,IC2002,2019-12-24 09:34:28.600,5072.8000,1203,0,67978360.000,0,-,-,-,-,5069.6000,5069.4000,5068.0000,5067.4000,5066.6000,5072.6000,5072.8000,5075.4000,5080.8000,5088.8000,2,1,3,1,1,1,1,1,5,1
SF,IC2002,2019-12-24 09:34:29.100,5072.8000,1203,0,67978360.000,0,-,-,-,-,5069.6000,5069.4000,5068.0000,5067.4000,5066.6000,5072.4000,5072.6000,5075.4000,5080.8000,5088.8000,2,1,3,1,1,1,1,1,5,1
SF,IC2002,2019-12-24 09:34:29.600,5072.8000,1203,0,67978360.000,0,-,-,-,-,5069.6000,5069.4000,5068.0000,5067.4000,5066.6000,5072.4000,5072.6000,5075.4000,5080.8000,5088.8000,1,1,3,1,1,1,1,1,5,1
SF,IC2002,2019-12-24 09:34:31.100,5069.6000,1202,-1,68992280.000,1,0,1,双平,S,5069.4000,5068.0000,5067.4000,5066.6000,5060.0000,5072.4000,5072.6000,5075.4000,5080.8000,5088.8000,1,3,1,1,1,1,1,1,5,1
SF,IC2002,2019-12-24 09:34:31.600,5069.6000,1202,0,68992280.000,0,-,-,-,-,5068.0000,5067.4000,5066.6000,5060.0000,5057.6000,5072.4000,5072.6000,5075.4000,5080.8000,5088.8000,3,1,1,1,5,1,1,1,5,1
SF,IC2002,2019-12-24 09:34:32.100,5069.6000,1202,0,68992280.000,0,-,-,-,-,5069.0000,5068.2000,5068.0000,5067.4000,5066.6000,5072.4000,5072.6000,5075.4000,5080.8000,5088.8000,1,1,3,1,1,1,1,1,5,1
SF,IC2002,2019-12-24 09:34:32.600,5069.6000,1202,0,68992280.000,0,-,-,-,-,5068.2000,5068.0000,5067.4000,5066.6000,5060.0000,5072.4000,5072.6000,5075.4000,5080.8000,5088.8000,1,3,1,1,1,1,1,1,5,1
SF,IC2002,2019-12-24 09:34:33.100,5069.6000,1202,0,68992280.000,0,-,-,-,-,5068.6000,5068.2000,5068.0000,5067.4000,5066.6000,5072.4000,5072.6000,5075.4000,5080.8000,5088.8000,1,1,3,1,1,1,1,1,5,1
SF,IC2002,2019-12-24 09:34:33.600,5069.6000,1202,0,68992280.000,0,-,-,-,-,5068.8000,5068.6000,5068.0000,5067.4000,5060.0000,5072.4000,5072.6000,5075.4000,5080.8000,5088.8000,1,1,3,1,1,1,1,1,5,1
SF,IC2002,2019-12-24 09:34:34.100,5069.6000,1202,0,68992280.000,0,-,-,-,-,5068.6000,5068.0000,5067.4000,5060.0000,5057.6000,5072.4000,5072.6000,5075.4000,5080.8000,5088.8000,1,3,1,1,5,1,1,1,5,1
SF,IC2002,2019-12-24 09:34:35.600,5069.6000,1202,0,68992280.000,0,-,-,-,-,5068.6000,5068.0000,5067.4000,5060.0000,5057.6000,5072.4000,5075.4000,5080.8000,5088.8000,5104.2000,1,3,1,1,5,1,1,5,1,1
SF,IC2002,2019-12-24 09:34:36.100,5069.6000,1202,0,68992280.000,0,-,-,-,-,5068.6000,5068.0000,5067.4000,5060.0000,5057.6000,5072.4000,5075.4000,5080.8000,5088.8000,5104.2000,1,3,1,1,5,2,1,5,1,1
SF,IC2002,2019-12-24 09:34:36.600,5069.6000,1202,0,68992280.000,0,-,-,-,-,5068.8000,5068.6000,5068.0000,5067.4000,5060.0000,5072.4000,5075.4000,5080.8000,5088.8000,5104.2000,2,1,3,1,1,2,1,5,1,1
SF,IC2002,2019-12-24 09:34:39.600,5069.6000,1202,0,68992280.000,0,-,-,-,-,5069.4000,5068.8000,5068.6000,5068.0000,5067.4000,5072.4000,5075.4000,5080.8000,5088.8000,5104.2000,1,2,1,3,1,2,1,5,1,1
SF,IC2002,2019-12-24 09:34:40.100,5069.6000,1202,0,68992280.000,0,-,-,-,-,5069.6000,5069.4000,5068.8000,5068.0000,5067.4000,5072.4000,5075.4000,5080.8000,5088.8000,5104.2000,2,1,1,3,1,2,1,5,1,1
SF,IC2002,2019-12-24 09:34:40.600,5069.6000,1202,0,68992280.000,0,-,-,-,-,5070.0000,5069.6000,5069.4000,5068.8000,5068.0000,5072.4000,5075.4000,5080.8000,5088.8000,5104.2000,1,2,1,1,3,2,1,5,1,1
SF,IC2002,2019-12-24 09:34:41.100,5072.4000,1201,-1,70006760.000,1,0,1,双平,S,5070.2000,5069.6000,5069.4000,5068.8000,5068.0000,5072.4000,5075.4000,5080.8000,5088.8000,5104.2000,2,1,1,1,3,1,1,5,1,1
SF,IC2002,2019-12-24 09:34:41.600,5072.4000,1201,0,70006760.000,0,-,-,-,-,5070.8000,5070.2000,5069.6000,5069.4000,5068.0000,5072.2000,5072.4000,5075.4000,5080.8000,5088.8000,1,2,1,1,3,1,1,1,5,1
SF,IC2002,2019-12-24 09:34:42.100,5072.4000,1201,0,70006760.000,0,-,-,-,-,5071.0000,5070.8000,5070.2000,5069.4000,5068.0000,5072.4000,5075.4000,5080.8000,5088.8000,5104.2000,1,1,1,1,3,1,1,5,1,1
SF,IC2002,2019-12-24 09:34:42.600,5072.4000,1201,0,70006760.000,0,-,-,-,-,5071.0000,5070.2000,5069.4000,5068.0000,5067.4000,5072.4000,5075.4000,5080.8000,5088.8000,5104.2000,1,1,1,3,1,1,1,5,1,1
SF,IC2002,2019-12-24 09:34:43.600,5072.4000,1201,0,70006760.000,0,-,-,-,-,5071.2000,5071.0000,5070.2000,5069.4000,5068.0000,5072.4000,5075.4000,5080.8000,5088.8000,5104.2000,1,1,1,1,3,1,1,5,1,1
SF,IC2002,2019-12-24 09:34:44.100,5072.4000,1201,0,70006760.000,0,-,-,-,-,5071.2000,5069.4000,5068.0000,5067.4000,5060.0000,5072.4000,5075.4000,5080.8000,5088.8000,5104.2000,1,1,3,1,1,1,1,5,1,1
SF,IC2002,2019-12-24 09:34:44.600,5072.4000,1201,0,70006760.000,0,-,-,-,-,5071.2000,5069.4000,5068.0000,5067.4000,5065.0000,5072.2000,5072.4000,5075.4000,5080.8000,5088.8000,2,1,3,1,1,1,1,1,5,1
SF,IC2002,2019-12-24 09:34:47.100,5072.2000,1200,-1,71021200.000,1,0,1,双平,S,5071.2000,5069.4000,5068.0000,5067.4000,5065.0000,5072.4000,5075.4000,5080.8000,5088.8000,5104.2000,2,1,3,1,1,1,1,5,1,1
SF,IC2002,2019-12-24 09:34:47.600,5072.2000,1200,0,71021200.000,0,-,-,-,-,5071.6000,5071.4000,5071.2000,5069.4000,5068.0000,5072.4000,5075.4000,5080.8000,5088.8000,5104.2000,2,1,1,1,3,1,1,5,1,1
SF,IC2002,2019-12-24 09:34:48.100,5072.4000,1201,1,72035680.000,1,1,0,双开,S,5071.8000,5071.6000,5071.2000,5069.4000,5068.0000,5075.4000,5080.8000,5088.8000,5104.2000,5109.0000,2,2,1,1,3,1,5,1,1,1
SF,IC2002,2019-12-24 09:34:48.600,5072.4000,1201,0,72035680.000,0,-,-,-,-,5072.0000,5071.8000,5071.6000,5071.2000,5069.4000,5075.2000,5075.4000,5080.8000,5088.8000,5104.2000,1,2,2,1,1,1,1,5,1,1
SF,IC2002,2019-12-24 09:34:49.100,5072.4000,1201,0,72035680.000,0,-,-,-,-,5072.2000,5072.0000,5071.6000,5069.4000,5068.0000,5075.2000,5080.8000,5088.8000,5104.2000,5109.0000,1,1,2,1,3,1,5,1,1,1
SF,IC2002,2019-12-24 09:34:49.600,5072.4000,1201,0,72035680.000,0,-,-,-,-,5072.4000,5072.2000,5072.0000,5071.6000,5069.4000,5075.2000,5080.8000,5088.8000,5104.2000,5109.0000,2,1,1,2,1,1,5,1,1,1
SF,IC2002,2019-12-24 09:34:50.100,5072.4000,1201,0,72035680.000,0,-,-,-,-,5072.6000,5072.4000,5072.0000,5071.6000,5069.4000,5075.2000,5080.8000,5088.8000,5104.2000,5109.0000,1,2,1,2,1,1,5,1,1,1
SF,IC2002,2019-12-24 09:34:51.100,5072.4000,1201,0,72035680.000,0,-,-,-,-,5072.8000,5072.6000,5072.4000,5072.0000,5071.6000,5075.2000,5080.8000,5088.8000,5104.2000,5109.0000,2,1,1,1,2,1,5,1,1,1
SF,IC2002,2019-12-24 09:34:51.600,5072.4000,1201,0,72035680.000,0,-,-,-,-,5073.0000,5072.8000,5072.4000,5071.6000,5068.0000,5075.2000,5080.8000,5088.8000,5104.2000,5109.0000,1,4,1,2,3,1,5,1,1,1
SF,IC2002,2019-12-24 09:34:52.100,5072.4000,1201,0,72035680.000,0,-,-,-,-,5073.2000,5073.0000,5072.8000,5072.4000,5071.6000,5075.2000,5080.8000,5088.8000,5104.2000,5109.0000,1,1,3,1,2,1,5,1,1,1
SF,IC2002,2019-12-24 09:34:52.600,5072.4000,1201,0,72035680.000,0,-,-,-,-,5073.2000,5072.8000,5071.6000,5068.0000,5067.4000,5075.2000,5080.8000,5088.8000,5104.2000,5109.0000,1,1,2,3,1,1,5,1,1,1
SF,IC2002,2019-12-24 09:34:53.100,5072.4000,1201,0,72035680.000,0,-,-,-,-,5074.4000,5073.4000,5072.8000,5071.6000,5068.0000,5075.2000,5080.8000,5088.8000,5104.2000,5109.0000,1,1,1,2,3,1,5,1,1,1
SF,IC2002,2019-12-24 09:34:53.600,5074.4000,1201,0,73050560.000,1,0,1,多换,S,5071.6000,5068.0000,5067.4000,5065.0000,5060.0000,5080.8000,5088.8000,5104.2000,5109.0000,5118.6000,2,3,1,1,1,5,1,1,1,1
SF,IC2002,2019-12-24 09:34:54.100,5074.4000,1201,0,73050560.000,0,-,-,-,-,5072.8000,5071.8000,5071.6000,5068.0000,5067.4000,5077.8000,5079.8000,5080.6000,5080.8000,5088.8000,1,2,2,3,1,1,1,1,5,1
SF,IC2002,2019-12-24 09:34:54.600,5074.4000,1201,0,73050560.000,0,-,-,-,-,5073.0000,5071.6000,5068.0000,5067.4000,5065.0000,5077.6000,5077.8000,5079.8000,5080.8000,5088.8000,3,2,3,1,1,1,1,1,5,1
SF,IC2002,2019-12-24 09:34:55.600,5074.4000,1201,0,73050560.000,0,-,-,-,-,5073.0000,5071.6000,5068.0000,5067.4000,5065.0000,5077.6000,5077.8000,5079.8000,5080.8000,5088.8000,2,2,3,1,1,1,1,1,5,1
SF,IC2002,2019-12-24 09:34:56.100,5074.4000,1201,0,73050560.000,0,-,-,-,-,5073.2000,5073.0000,5072.8000,5071.6000,5068.0000,5077.6000,5079.8000,5080.8000,5088.8000,5104.2000,1,2,1,2,3,1,1,5,1,1
SF,IC2002,2019-12-24 09:34:56.600,5074.4000,1201,0,73050560.000,0,-,-,-,-,5073.4000,5073.2000,5072.8000,5071.6000,5068.0000,5077.6000,5079.8000,5080.8000,5088.8000,5104.2000,2,1,1,2,3,1,1,5,1,1
SF,IC2002,2019-12-24 09:34:57.100,5074.4000,1201,0,73050560.000,0,-,-,-,-,5073.6000,5073.4000,5073.2000,5072.8000,5071.6000,5077.6000,5079.8000,5080.8000,5088.8000,5104.2000,1,2,1,1,2,1,1,5,1,1
SF,IC2002,2019-12-24 09:34:57.600,5074.4000,1201,0,73050560.000,0,-,-,-,-,5073.8000,5073.6000,5073.2000,5072.8000,5071.6000,5077.6000,5079.8000,5080.8000,5088.8000,5104.2000,1,1,1,1,2,1,1,5,1,1
SF,IC2002,2019-12-24 09:34:58.100,5074.4000,1201,0,73050560.000,0,-,-,-,-,5074.0000,5073.8000,5073.6000,5073.2000,5072.8000,5077.6000,5079.8000,5080.8000,5088.8000,5104.2000,1,1,1,1,1,1,1,5,1,1
SF,IC2002,2019-12-24 09:34:58.600,5074.4000,1201,0,73050560.000,0,-,-,-,-,5074.2000,5074.0000,5073.6000,5073.2000,5072.8000,5077.6000,5079.8000,5080.8000,5088.8000,5104.2000,1,1,1,1,1,1,1,5,1,1
SF,IC2002,2019-12-24 09:34:59.100,5074.4000,1201,0,73050560.000,0,-,-,-,-,5074.4000,5074.2000,5074.0000,5073.6000,5073.2000,5077.6000,5079.8000,5080.8000,5088.8000,5104.2000,1,1,1,1,1,1,1,5,1,1
SF,IC2002,2019-12-24 09:34:59.600,5074.4000,1201,0,73050560.000,0,-,-,-,-,5074.6000,5074.4000,5074.0000,5073.6000,5073.2000,5077.6000,5079.8000,5080.8000,5088.8000,5104.2000,1,1,1,1,1,1,1,5,1,1
SF,IC2002,2019-12-24 09:35:00.100,5074.4000,1201,0,73050560.000,0,-,-,-,-,5074.8000,5074.6000,5074.4000,5074.0000,5073.6000,5077.6000,5079.8000,5080.8000,5088.8000,5104.2000,1,1,1,1,1,1,1,5,1,1
SF,IC2002,2019-12-24 09:35:00.600,5074.8000,1200,-1,74065520.000,1,0,1,双平,S,5074.8000,5074.4000,5074.0000,5073.6000,5073.2000,5077.6000,5079.8000,5080.8000,5088.8000,5104.2000,1,1,1,1,1,1,1,5,1,1
SF,IC2002,2019-12-24 09:35:01.100,5074.8000,1200,0,74065520.000,0,-,-,-,-,5075.0000,5074.8000,5074.4000,5074.0000,5073.6000,5077.6000,5079.8000,5080.8000,5088.8000,5104.2000,1,1,1,1,1,1,1,5,1,1
SF,IC2002,2019-12-24 09:35:01.600,5074.8000,1200,0,74065520.000,0,-,-,-,-,5075.2000,5074.8000,5074.4000,5074.0000,5073.6000,5077.6000,5079.8000,5080.8000,5088.8000,5104.2000,1,1,1,1,1,1,1,5,1,1
SF,IC2002,2019-12-24 09:35:02.100,5074.8000,1200,0,74065520.000,0,-,-,-,-,5075.4000,5075.2000,5074.8000,5074.4000,5074.0000,5077.6000,5080.8000,5088.8000,5104.2000,5109.0000,1,1,1,1,1,1,5,1,1,1
SF,IC2002,2019-12-24 09:35:02.600,5074.8000,1200,0,74065520.000,0,-,-,-,-,5075.6000,5075.4000,5075.2000,5074.8000,5074.4000,5077.6000,5080.8000,5088.8000,5104.2000,5109.0000,1,1,1,1,1,1,5,1,1,1
SF,IC2002,2019-12-24 09:35:03.100,5074.8000,1200,0,74065520.000,0,-,-,-,-,5075.8000,5075.6000,5075.2000,5074.8000,5074.4000,5080.8000,5088.8000,5104.2000,5109.0000,5118.6000,1,1,1,1,1,5,1,1,1,1
SF,IC2002,2019-12-24 09:35:03.600,5074.8000,1200,0,74065520.000,0,-,-,-,-,5075.8000,5075.6000,5075.2000,5074.8000,5074.4000,5080.2000,5080.6000,5080.8000,5088.8000,5104.2000,1,1,1,1,1,1,1,5,1,1
SF,IC2002,2019-12-24 09:35:04.100,5074.8000,1200,0,74065520.000,0,-,-,-,-,5076.0000,5075.8000,5075.6000,5075.2000,5074.8000,5080.0000,5080.2000,5080.8000,5088.8000,5104.2000,2,1,1,1,1,1,1,5,1,1
SF,IC2002,2019-12-24 09:35:04.600,5074.8000,1200,0,74065520.000,0,-,-,-,-,5076.2000,5076.0000,5075.6000,5075.2000,5074.8000,5080.0000,5086.6000,5088.8000,5104.2000,5109.0000,1,1,1,1,1,1,5,1,1,1
SF,IC2002,2019-12-24 09:35:05.600,5074.8000,1200,0,74065520.000,0,-,-,-,-,5076.4000,5076.2000,5076.0000,5075.6000,5075.2000,5080.0000,5086.6000,5088.8000,5104.2000,5109.0000,1,1,1,1,1,1,5,1,1,1
SF,IC2002,2019-12-24 09:35:06.100,5074.8000,1200,0,74065520.000,0,-,-,-,-,5076.6000,5076.4000,5076.2000,5076.0000,5075.6000,5080.0000,5086.6000,5088.8000,5104.2000,5109.0000,1,1,1,1,1,1,5,1,1,1
SF,IC2002,2019-12-24 09:35:06.600,5074.8000,1200,0,74065520.000,0,-,-,-,-,5076.8000,5076.6000,5076.4000,5076.2000,5076.0000,5080.0000,5086.6000,5088.8000,5104.2000,5109.0000,2,1,1,1,1,1,5,1,1,1
SF,IC2002,2019-12-24 09:35:07.100,5080.0000,1199,-1,75081520.000,1,0,1,双平,S,5077.0000,5076.8000,5076.4000,5076.2000,5076.0000,5086.6000,5088.8000,5104.2000,5109.0000,5118.6000,1,2,1,1,1,5,1,1,1,1
SF,IC2002,2019-12-24 09:35:07.600,5080.0000,1199,0,75081520.000,0,-,-,-,-,5077.0000,5076.8000,5076.4000,5076.2000,5076.0000,5081.8000,5082.0000,5084.2000,5086.4000,5086.6000,1,1,1,1,1,1,1,1,4,5
SF,IC2002,2019-12-24 09:35:08.100,5080.0000,1199,0,75081520.000,0,-,-,-,-,5077.2000,5077.0000,5076.8000,5076.4000,5076.2000,5081.6000,5081.8000,5082.0000,5084.2000,5086.4000,1,1,1,1,1,1,1,1,1,2
SF,IC2002,2019-12-24 09:35:08.600,5080.0000,1199,0,75081520.000,0,-,-,-,-,5077.4000,5077.2000,5076.8000,5076.4000,5076.2000,5081.6000,5082.0000,5086.4000,5086.6000,5088.8000,1,1,1,1,1,1,1,2,5,1
SF,IC2002,2019-12-24 09:35:09.100,5080.0000,1199,0,75081520.000,0,-,-,-,-,5077.2000,5076.8000,5075.6000,5075.2000,5071.6000,5080.8000,5081.6000,5082.0000,5086.4000,5086.6000,1,1,1,1,2,1,1,1,2,5
SF,IC2002,2019-12-24 09:35:09.600,5080.0000,1199,0,75081520.000,0,-,-,-,-,5077.2000,5075.6000,5075.2000,5071.6000,5068.0000,5080.6000,5082.0000,5086.6000,5088.8000,5104.2000,1,1,1,2,3,1,1,5,1,1
SF,IC2002,2019-12-24 09:35:10.100,5080.0000,1199,0,75081520.000,0,-,-,-,-,5077.2000,5075.6000,5071.6000,5068.0000,5067.4000,5080.0000,5080.6000,5082.0000,5086.6000,5088.8000,1,1,2,3,1,1,1,1,5,1
SF,IC2002,2019-12-24 09:35:10.600,5080.0000,1199,0,75081520.000,0,-,-,-,-,5075.6000,5071.6000,5068.0000,5067.4000,5065.0000,5079.8000,5080.0000,5082.0000,5086.6000,5088.8000,1,2,3,1,1,1,1,1,5,1
SF,IC2002,2019-12-24 09:35:11.100,5080.0000,1199,0,75081520.000,0,-,-,-,-,5075.8000,5075.6000,5071.6000,5068.0000,5067.4000,5079.8000,5080.0000,5082.0000,5086.6000,5088.8000,1,1,2,3,1,1,1,1,5,1
