市场代码,合约代码,时间,最新,持仓,增仓,成交额,成交量,开仓,平仓,成交类型,方向,买一价,买二价,买三价,买四价,买五价,卖一价,卖二价,卖三价,卖四价,卖五价,买一量,买二量,买三量,买四量,买五量,卖一量,卖二量,卖三量,卖四量,卖五量
SF,IC2012,2020-05-28 09:29:00.100,4980.8000,17451,0,2988480.000,3.000,-,-,-,-,4980.2000,4976.0000,4973.8000,4971.4000,4971.2000,4981.0000,4999.0000,4999.8000,5000.0000,5004.0000,1,1,1,1,1,1,2,1,1,5
SF,IC2012,2020-05-28 09:30:00.100,4981.0000,17450,-1,3984680.000,1,0,1,双平,S,4980.8000,4980.2000,4976.0000,4973.8000,4971.4000,4991.8000,4999.0000,4999.8000,5000.0000,5004.0000,1,1,1,1,1,1,2,1,1,5
SF,IC2012,2020-05-28 09:30:00.600,4980.6000,17450,0,5976960.000,2,1,1,多换,S,4981.4000,4981.0000,4980.2000,4976.0000,4973.8000,4982.2000,4987.2000,4988.0000,4991.4000,4991.6000,1,3,1,1,1,1,1,1,4,7
SF,IC2012,2020-05-28 09:30:01.100,4982.2000,17450,0,7969520.000,2,1,1,多换,S,4981.6000,4981.0000,4980.2000,4976.0000,4973.8000,4988.0000,4991.4000,4991.6000,4991.8000,4992.0000,1,2,1,1,1,6,4,6,3,1
SF,IC2012,2020-05-28 09:30:01.600,4982.2000,17450,0,7969520.000,0,-,-,-,-,4982.2000,4981.8000,4981.6000,4981.0000,4980.2000,4986.8000,4987.2000,4987.8000,4988.0000,4991.4000,1,2,2,2,1,1,1,7,1,4
SF,IC2012,2020-05-28 09:30:02.100,4982.2000,17450,0,7969520.000,0,-,-,-,-,4982.4000,4982.2000,4981.8000,4981.6000,4981.0000,4987.8000,4988.0000,4991.4000,4991.6000,4991.8000,2,1,1,1,2,5,1,4,5,2
SF,IC2012,2020-05-28 09:30:02.600,4982.2000,17450,0,7969520.000,0,-,-,-,-,4982.6000,4982.4000,4982.2000,4981.8000,4981.6000,4987.6000,4987.8000,4991.6000,4991.8000,4993.8000,2,2,2,1,1,1,1,5,2,5
SF,IC2012,2020-05-28 09:30:03.100,4982.2000,17450,0,7969520.000,0,-,-,-,-,4982.8000,4982.6000,4982.2000,4981.8000,4981.6000,4987.8000,4991.6000,4991.8000,4999.0000,4999.8000,2,3,2,1,1,1,5,2,2,1
SF,IC2012,2020-05-28 09:30:03.600,4982.2000,17450,0,7969520.000,0,-,-,-,-,4983.0000,4982.8000,4982.6000,4982.2000,4981.8000,4991.6000,4991.8000,4995.0000,4999.0000,4999.8000,2,2,2,2,1,5,2,1,2,1
SF,IC2012,2020-05-28 09:30:04.100,4982.2000,17450,0,7969520.000,0,-,-,-,-,4983.6000,4983.2000,4983.0000,4982.6000,4982.2000,4991.4000,4991.6000,4991.8000,4995.0000,4999.0000,1,2,2,2,2,4,4,2,1,1
SF,IC2012,2020-05-28 09:30:04.600,4982.2000,17450,0,7969520.000,0,-,-,-,-,4983.8000,4983.0000,4982.6000,4982.2000,4981.8000,4991.4000,4991.6000,4991.8000,4995.0000,4999.0000,3,2,2,7,1,4,4,1,1,1
SF,IC2012,2020-05-28 09:30:05.100,4982.2000,17450,0,7969520.000,0,-,-,-,-,4984.4000,4983.8000,4983.0000,4982.6000,4982.2000,4991.2000,4991.4000,4991.8000,4995.0000,4999.0000,1,3,2,2,7,1,2,1,1,1
SF,IC2012,2020-05-28 09:30:05.600,4982.2000,17450,0,7969520.000,0,-,-,-,-,4984.6000,4984.4000,4983.8000,4983.0000,4982.6000,4991.8000,4995.0000,4999.0000,4999.6000,4999.8000,4,1,1,2,2,1,1,1,6,1
SF,IC2012,2020-05-28 09:30:06.100,4982.2000,17450,0,7969520.000,0,-,-,-,-,4987.0000,4984.6000,4983.8000,4983.0000,4982.6000,4991.8000,4995.0000,4999.0000,4999.6000,4999.8000,1,4,1,2,2,1,1,1,6,1
SF,IC2012,2020-05-28 09:30:06.600,4982.2000,17450,0,7969520.000,0,-,-,-,-,4987.2000,4987.0000,4986.8000,4986.0000,4984.6000,4991.8000,4995.0000,4999.0000,4999.6000,4999.8000,4,1,1,1,2,1,1,1,6,1
SF,IC2012,2020-05-28 09:30:07.100,4982.2000,17450,0,7969520.000,0,-,-,-,-,4988.0000,4987.2000,4986.8000,4984.6000,4983.8000,4991.8000,4995.0000,4999.0000,4999.6000,4999.8000,1,4,1,3,1,1,1,1,6,1
SF,IC2012,2020-05-28 09:30:07.600,4982.2000,17450,0,7969520.000,0,-,-,-,-,4988.4000,4988.2000,4988.0000,4987.4000,4987.2000,4991.8000,4995.0000,4996.8000,4999.0000,4999.6000,1,4,1,1,3,1,1,1,1,6
SF,IC2012,2020-05-28 09:30:08.100,4982.2000,17450,0,7969520.000,0,-,-,-,-,4988.6000,4988.2000,4988.0000,4987.2000,4986.8000,4991.8000,4995.0000,4996.8000,4999.0000,4999.6000,3,2,1,3,1,1,1,1,1,6
SF,IC2012,2020-05-28 09:30:08.600,4991.6000,17449,-1,8967840.000,1,0,1,双平,S,4988.6000,4988.2000,4987.2000,4986.8000,4984.6000,4991.6000,4991.8000,4995.0000,4996.8000,4999.6000,2,2,3,1,3,1,1,1,1,6
SF,IC2012,2020-05-28 09:30:09.100,4991.6000,17448,-1,9966160.000,1,0,1,双平,S,4988.6000,4988.2000,4987.2000,4986.8000,4984.6000,4991.8000,4995.0000,4996.8000,4999.6000,4999.8000,2,2,2,1,3,1,1,1,6,1
SF,IC2012,2020-05-28 09:30:09.600,4991.6000,17445,-3,12959920.000,3,0,3,双平,S,4988.2000,4987.2000,4984.6000,4983.8000,4983.0000,4991.6000,4991.8000,4995.0000,4996.8000,4999.6000,2,2,3,1,2,2,1,1,1,6
SF,IC2012,2020-05-28 09:30:10.100,4991.6000,17445,0,12959920.000,0,-,-,-,-,4988.2000,4984.6000,4983.8000,4983.0000,4982.6000,4989.8000,4991.6000,4991.8000,4995.0000,4996.8000,1,3,1,2,2,2,2,1,1,1
SF,IC2012,2020-05-28 09:30:10.600,4988.2000,17443,-2,14955520.000,2,0,2,双平,S,4984.6000,4983.8000,4983.0000,4982.6000,4982.2000,4988.2000,4991.6000,4991.8000,4995.0000,4996.8000,3,1,2,2,6,1,2,1,1,1
SF,IC2012,2020-05-28 09:30:11.100,4988.2000,17443,0,14955520.000,0,-,-,-,-,4984.8000,4984.6000,4983.8000,4983.0000,4982.6000,4988.0000,4988.2000,4991.6000,4991.8000,4995.0000,3,2,1,2,2,1,1,1,1,1
SF,IC2012,2020-05-28 09:30:11.600,4988.0000,17442,-1,15953120.000,1,0,1,双平,S,4985.2000,4985.0000,4984.8000,4984.6000,4983.8000,4988.2000,4991.6000,4991.8000,4995.0000,4996.8000,1,1,3,1,1,1,1,1,1,1
SF,IC2012,2020-05-28 09:30:12.100,4988.0000,17442,0,15953120.000,0,-,-,-,-,4985.4000,4985.2000,4984.8000,4984.6000,4983.8000,4988.2000,4991.8000,4995.0000,4996.8000,4999.6000,4,1,2,1,1,1,1,1,1,6
SF,IC2012,2020-05-28 09:30:12.600,4988.0000,17442,0,15953120.000,0,-,-,-,-,4988.2000,4985.6000,4985.4000,4984.8000,4984.6000,4991.8000,4995.0000,4996.8000,4999.6000,4999.8000,1,1,4,2,1,1,1,1,6,1
SF,IC2012,2020-05-28 09:30:13.100,4988.0000,17442,0,15953120.000,0,-,-,-,-,4988.4000,4988.2000,4985.6000,4985.4000,4984.8000,4991.6000,4991.8000,4995.0000,4996.8000,4999.6000,1,1,1,3,2,1,1,1,1,6
SF,IC2012,2020-05-28 09:30:13.600,4988.0000,17442,0,15953120.000,0,-,-,-,-,4988.4000,4988.2000,4985.4000,4984.8000,4984.6000,4991.6000,4991.8000,4995.0000,4996.8000,4999.6000,1,1,3,2,1,1,1,1,1,6
SF,IC2012,2020-05-28 09:30:14.100,4988.0000,17442,0,15953120.000,0,-,-,-,-,4988.4000,4988.2000,4985.4000,4984.8000,4984.6000,4991.4000,4991.6000,4991.8000,4995.0000,4996.8000,1,1,3,2,1,1,1,1,1,1
SF,IC2012,2020-05-28 09:30:14.600,4988.0000,17442,0,15953120.000,0,-,-,-,-,4988.4000,4988.2000,4985.4000,4984.8000,4984.6000,4991.2000,4991.4000,4991.8000,4995.0000,4996.8000,1,1,3,2,1,1,1,1,1,1
SF,IC2012,2020-05-28 09:30:15.100,4988.0000,17442,0,15953120.000,0,-,-,-,-,4988.4000,4988.2000,4985.4000,4984.8000,4984.6000,4991.2000,4991.4000,4991.8000,4995.0000,4996.8000,1,1,3,2,1,1,1,1,1,1
SF,IC2012,2020-05-28 09:30:15.600,4988.0000,17442,0,15953120.000,0,-,-,-,-,4988.2000,4985.4000,4984.8000,4984.6000,4983.8000,4991.2000,4991.4000,4991.8000,4995.0000,4996.8000,1,3,2,1,1,1,1,1,1,1
SF,IC2012,2020-05-28 09:30:16.100,4988.0000,17442,0,15953120.000,0,-,-,-,-,4988.2000,4985.4000,4984.8000,4984.6000,4983.8000,4989.8000,4991.0000,4991.2000,4991.4000,4991.8000,1,3,2,1,1,1,1,1,1,1
SF,IC2012,2020-05-28 09:30:16.600,4988.2000,17442,0,16950760.000,1,0,1,多换,S,4985.4000,4984.8000,4984.6000,4983.8000,4983.0000,4987.8000,4989.6000,4990.6000,4991.4000,4991.8000,3,2,1,1,2,5,1,1,1,1
SF,IC2012,2020-05-28 09:30:17.100,4988.2000,17442,0,16950760.000,0,-,-,-,-,4985.4000,4984.8000,4984.6000,4983.8000,4983.0000,4987.8000,4990.6000,4991.4000,4991.8000,4995.0000,3,2,1,1,2,5,1,1,1,1
SF,IC2012,2020-05-28 09:30:17.600,4988.2000,17442,0,17948400.000,1,0,1,多换,S,4985.4000,4984.8000,4984.6000,4983.8000,4983.0000,4987.8000,4990.6000,4991.4000,4991.8000,4995.0000,3,2,1,1,2,4,1,1,1,1
SF,IC2012,2020-05-28 09:30:19.600,4987.8000,17442,0,19943520.000,2,1,1,多换,S,4985.4000,4984.8000,4984.6000,4983.8000,4983.0000,4987.8000,4990.6000,4991.4000,4991.8000,4995.0000,1,2,1,1,2,2,1,1,1,1
SF,IC2012,2020-05-28 09:30:20.100,4987.8000,17442,0,19943520.000,0,-,-,-,-,4985.4000,4984.8000,4984.6000,4983.8000,4983.0000,4987.8000,4990.6000,4991.4000,4991.8000,4995.0000,1,2,1,1,2,2,1,1,1,1
SF,IC2012,2020-05-28 09:30:20.600,4987.8000,17442,0,19943520.000,0,-,-,-,-,4985.6000,4985.4000,4984.8000,4984.6000,4983.8000,4987.8000,4990.6000,4991.4000,4991.8000,4995.0000,2,1,2,1,1,2,1,1,1,1
SF,IC2012,2020-05-28 09:30:21.100,4987.8000,17442,0,20941080.000,1,0,1,多换,S,4985.8000,4985.6000,4984.8000,4984.6000,4983.8000,4987.8000,4990.6000,4991.4000,4991.8000,4995.0000,1,2,2,1,1,1,1,1,1,1
SF,IC2012,2020-05-28 09:30:21.600,4987.8000,17442,0,20941080.000,0,-,-,-,-,4985.8000,4984.8000,4984.6000,4983.8000,4983.0000,4987.8000,4990.6000,4991.4000,4991.8000,4995.0000,1,2,1,1,2,1,1,1,1,1
SF,IC2012,2020-05-28 09:30:22.100,4987.8000,17442,0,20941080.000,0,-,-,-,-,4985.8000,4984.8000,4984.6000,4983.8000,4983.0000,4987.8000,4990.6000,4991.4000,4991.8000,4996.8000,1,2,1,1,2,1,1,1,1,1
SF,IC2012,2020-05-28 09:30:22.600,4987.8000,17442,0,20941080.000,0,-,-,-,-,4985.8000,4984.8000,4984.6000,4983.8000,4983.0000,4987.8000,4990.6000,4991.4000,4991.8000,4992.0000,1,2,1,1,2,1,1,1,1,1
SF,IC2012,2020-05-28 09:30:23.100,4987.8000,17442,0,20941080.000,0,-,-,-,-,4985.8000,4984.8000,4984.6000,4983.8000,4983.0000,4987.8000,4991.4000,4991.8000,4992.0000,4996.8000,1,2,1,1,2,1,1,1,1,1
SF,IC2012,2020-05-28 09:30:23.600,4987.8000,17442,0,20941080.000,0,-,-,-,-,4985.8000,4984.8000,4984.6000,4983.8000,4983.0000,4986.8000,4987.8000,4991.4000,4991.8000,4992.0000,1,2,1,1,2,1,1,1,1,1
SF,IC2012,2020-05-28 09:30:24.100,4987.8000,17442,0,20941080.000,0,-,-,-,-,4985.8000,4984.8000,4984.6000,4983.8000,4983.0000,4986.8000,4987.8000,4991.4000,4991.8000,4992.0000,1,2,1,1,2,1,1,1,1,1
SF,IC2012,2020-05-28 09:30:24.600,4987.8000,17442,0,20941080.000,0,-,-,-,-,4984.8000,4984.6000,4983.8000,4983.0000,4982.6000,4985.4000,4986.8000,4987.8000,4991.4000,4991.8000,2,1,1,2,2,1,1,1,1,1
SF,IC2012,2020-05-28 09:30:25.100,4985.4000,17441,-1,21938160.000,1,0,1,双平,S,4984.8000,4984.6000,4983.8000,4983.0000,4982.6000,4986.8000,4987.8000,4991.4000,4991.8000,4992.0000,2,1,1,2,2,1,1,1,1,1
SF,IC2012,2020-05-28 09:30:25.600,4985.4000,17441,0,21938160.000,0,-,-,-,-,4984.6000,4983.8000,4983.0000,4982.6000,4982.2000,4986.6000,4986.8000,4987.8000,4991.4000,4991.8000,1,1,2,2,1,1,1,1,1,1
SF,IC2012,2020-05-28 09:30:26.600,4985.4000,17441,0,21938160.000,0,-,-,-,-,4983.8000,4983.0000,4982.6000,4982.2000,4981.8000,4986.6000,4986.8000,4987.8000,4991.4000,4991.8000,1,2,2,1,1,1,1,1,1,1
SF,IC2012,2020-05-28 09:30:27.100,4985.4000,17441,0,21938160.000,0,-,-,-,-,4984.0000,4983.8000,4983.0000,4982.6000,4982.2000,4986.6000,4986.8000,4987.8000,4991.4000,4991.8000,2,1,2,2,1,1,1,1,1,1
SF,IC2012,2020-05-28 09:30:27.600,4985.4000,17441,0,21938160.000,0,-,-,-,-,4984.0000,4983.8000,4983.0000,4982.6000,4982.2000,4986.6000,4986.8000,4987.8000,4991.4000,4991.8000,2,1,2,2,1,1,1,1,1,1
SF,IC2012,2020-05-28 09:30:28.100,4985.4000,17441,0,21938160.000,0,-,-,-,-,4984.2000,4984.0000,4983.8000,4983.0000,4982.6000,4986.6000,4986.8000,4987.8000,4991.4000,4991.8000,1,2,1,2,2,1,1,1,1,1
SF,IC2012,2020-05-28 09:30:29.100,4986.6000,17441,0,22935480.000,1,0,1,多换,S,4984.2000,4984.0000,4983.8000,4983.0000,4982.6000,4986.8000,4987.8000,4991.4000,4991.8000,4992.0000,1,2,1,2,2,1,1,1,1,1
SF,IC2012,2020-05-28 09:30:29.600,4986.6000,17441,0,22935480.000,0,-,-,-,-,4984.2000,4984.0000,4983.8000,4983.0000,4982.6000,4986.6000,4986.8000,4987.8000,4991.4000,4991.8000,1,1,1,2,2,1,1,1,1,1
SF,IC2012,2020-05-28 09:30:30.100,4986.6000,17441,0,23932800.000,1,0,1,多换,S,4983.0000,4982.6000,4982.2000,4981.8000,4981.6000,4986.8000,4987.8000,4991.4000,4991.8000,4992.0000,2,2,1,1,2,1,1,1,1,1
SF,IC2012,2020-05-28 09:30:30.600,4986.6000,17441,0,23932800.000,0,-,-,-,-,4986.6000,4983.2000,4983.0000,4982.6000,4982.2000,4986.8000,4987.8000,4991.4000,4992.0000,4996.8000,1,3,2,2,1,1,1,1,1,1
SF,IC2012,2020-05-28 09:30:31.100,4986.6000,17440,-1,24930120.000,1,0,1,双平,S,4983.2000,4983.0000,4982.6000,4982.2000,4981.8000,4986.4000,4986.8000,4987.8000,4991.4000,4992.0000,3,2,2,1,1,1,2,1,1,1
SF,IC2012,2020-05-28 09:30:31.600,4986.6000,17440,0,24930120.000,0,-,-,-,-,4983.2000,4981.8000,4981.6000,4980.2000,4977.0000,4986.2000,4986.8000,4987.8000,4991.4000,4992.0000,1,1,2,1,1,1,2,1,1,1
SF,IC2012,2020-05-28 09:30:32.100,4986.6000,17440,0,24930120.000,0,-,-,-,-,4983.2000,4981.8000,4981.6000,4980.2000,4977.0000,4984.6000,4986.2000,4986.8000,4987.8000,4991.4000,1,1,2,1,1,1,1,2,1,1
SF,IC2012,2020-05-28 09:30:32.600,4986.6000,17440,0,24930120.000,0,-,-,-,-,4983.2000,4981.8000,4981.6000,4980.2000,4977.0000,4986.2000,4986.8000,4987.8000,4991.4000,4992.0000,1,1,2,1,1,1,2,1,1,1
SF,IC2012,2020-05-28 09:30:33.100,4986.6000,17440,0,24930120.000,0,-,-,-,-,4981.8000,4981.6000,4980.2000,4977.0000,4976.4000,4984.2000,4986.0000,4986.2000,4986.4000,4986.8000,1,2,1,1,5,1,2,1,1,2
SF,IC2012,2020-05-28 09:30:33.600,4986.6000,17440,0,24930120.000,0,-,-,-,-,4982.0000,4981.8000,4981.6000,4980.2000,4977.0000,4985.0000,4986.2000,4986.4000,4986.8000,4987.8000,3,1,2,1,1,1,1,1,2,1
SF,IC2012,2020-05-28 09:30:34.100,4986.6000,17440,0,24930120.000,0,-,-,-,-,4982.0000,4981.8000,4981.6000,4980.2000,4977.0000,4984.8000,4985.0000,4986.8000,4987.8000,4991.4000,1,1,2,1,1,1,1,2,1,1
SF,IC2012,2020-05-28 09:30:34.600,4986.2000,17440,0,25927360.000,1,0,1,多换,S,4982.0000,4981.6000,4980.2000,4977.0000,4976.4000,4985.0000,4986.8000,4987.8000,4991.4000,4996.8000,1,1,1,1,5,1,2,1,1,1
SF,IC2012,2020-05-28 09:30:35.100,4986.2000,17440,0,25927360.000,0,-,-,-,-,4982.0000,4981.6000,4980.2000,4977.0000,4976.4000,4985.0000,4986.2000,4986.8000,4987.8000,4991.4000,1,1,1,1,5,1,2,2,1,1
SF,IC2012,2020-05-28 09:30:36.600,4986.2000,17440,0,25927360.000,0,-,-,-,-,4982.2000,4982.0000,4981.6000,4980.2000,4977.0000,4985.0000,4986.2000,4986.8000,4987.8000,4991.4000,1,1,1,1,1,1,2,2,1,1
SF,IC2012,2020-05-28 09:30:37.100,4986.2000,17440,0,25927360.000,0,-,-,-,-,4982.4000,4981.6000,4980.2000,4977.0000,4976.4000,4985.0000,4986.2000,4986.8000,4987.8000,4991.4000,2,1,1,1,5,1,2,2,1,1
SF,IC2012,2020-05-28 09:30:37.600,4986.2000,17440,0,25927360.000,0,-,-,-,-,4982.4000,4981.6000,4980.2000,4977.0000,4976.4000,4985.0000,4986.2000,4986.8000,4987.8000,4991.4000,1,1,1,1,5,1,2,2,1,1
SF,IC2012,2020-05-28 09:30:38.600,4985.0000,17440,0,26924360.000,1,0,1,多换,S,4982.6000,4982.4000,4981.6000,4980.2000,4977.0000,4986.2000,4986.8000,4987.8000,4991.4000,4996.8000,2,1,1,1,1,2,2,1,1,1
SF,IC2012,2020-05-28 09:30:39.100,4985.0000,17440,0,26924360.000,0,-,-,-,-,4982.8000,4981.6000,4980.2000,4977.0000,4976.4000,4986.2000,4986.8000,4987.8000,4991.4000,4996.8000,1,1,1,1,5,2,2,1,1,1
SF,IC2012,2020-05-28 09:30:39.600,4985.0000,17440,0,26924360.000,0,-,-,-,-,4982.8000,4981.6000,4980.2000,4977.0000,4976.4000,4984.4000,4986.0000,4986.8000,4987.8000,4991.4000,1,1,1,1,5,1,1,2,1,1
SF,IC2012,2020-05-28 09:30:40.100,4985.0000,17440,0,26924360.000,0,-,-,-,-,4982.8000,4981.6000,4980.2000,4977.0000,4976.4000,4986.0000,4986.8000,4987.8000,4991.4000,4996.8000,1,1,1,1,5,4,2,1,1,1
SF,IC2012,2020-05-28 09:30:40.600,4985.0000,17440,0,26924360.000,0,-,-,-,-,4981.6000,4980.2000,4977.0000,4976.4000,4976.0000,4986.0000,4986.8000,4987.8000,4991.4000,4996.0000,1,1,1,5,1,4,2,1,1,1
SF,IC2012,2020-05-28 09:30:41.100,4985.0000,17440,0,26924360.000,0,-,-,-,-,4981.8000,4981.6000,4980.2000,4977.0000,4976.4000,4983.6000,4986.0000,4986.8000,4987.8000,4988.0000,1,1,1,1,5,1,4,2,1,1
SF,IC2012,2020-05-28 09:30:41.600,4985.0000,17440,0,26924360.000,0,-,-,-,-,4981.8000,4981.6000,4980.2000,4977.0000,4976.4000,4986.0000,4986.8000,4987.8000,4988.0000,4991.4000,1,1,1,1,5,4,2,1,1,1
SF,IC2012,2020-05-28 09:30:42.100,4986.0000,17440,0,27921560.000,1,0,1,多换,S,4982.0000,4981.8000,4981.6000,4980.2000,4977.0000,4986.0000,4986.8000,4987.8000,4988.0000,4991.4000,1,1,1,1,1,3,2,1,1,1
SF,IC2012,2020-05-28 09:30:42.600,4986.0000,17440,0,27921560.000,0,-,-,-,-,4982.2000,4982.0000,4981.6000,4980.2000,4977.0000,4986.8000,4987.8000,4988.0000,4991.4000,4995.0000,1,1,1,1,1,2,1,1,1,1
SF,IC2012,2020-05-28 09:30:43.100,4986.0000,17440,0,27921560.000,0,-,-,-,-,4982.2000,4981.6000,4980.2000,4977.0000,4976.4000,4983.8000,4985.8000,4986.6000,4986.8000,4987.8000,1,1,1,1,5,1,1,2,2,1
SF,IC2012,2020-05-28 09:30:43.600,4986.0000,17440,0,27921560.000,0,-,-,-,-,4982.2000,4981.6000,4980.2000,4977.0000,4976.4000,4985.8000,4986.6000,4986.8000,4987.8000,4988.0000,1,1,1,1,5,1,2,2,1,1
SF,IC2012,2020-05-28 09:30:44.100,4986.0000,17440,0,27921560.000,0,-,-,-,-,4983.8000,4982.4000,4982.2000,4981.6000,4980.2000,4986.6000,4986.8000,4987.8000,4988.0000,4991.4000,1,2,1,1,1,2,2,1,1,1
SF,IC2012,2020-05-28 09:30:44.600,4984.0000,17439,-1,28918360.000,1,0,1,双平,S,4984.0000,4983.8000,4981.6000,4980.2000,4977.0000,4986.4000,4986.6000,4986.8000,4987.8000,4988.0000,1,1,1,1,1,2,2,2,1,1
SF,IC2012,2020-05-28 09:30:45.100,4984.0000,17439,0,28918360.000,0,-,-,-,-,4983.8000,4981.6000,4980.2000,4977.0000,4976.4000,4986.2000,4986.4000,4986.6000,4986.8000,4987.8000,1,1,1,1,5,1,2,1,2,1
SF,IC2012,2020-05-28 09:30:45.600,4984.0000,17439,0,28918360.000,0,-,-,-,-,4983.8000,4981.6000,4980.2000,4977.0000,4976.4000,4986.0000,4986.2000,4986.4000,4986.6000,4986.8000,1,1,1,1,5,1,1,2,1,2
SF,IC2012,2020-05-28 09:30:46.100,4985.8000,17439,0,29915520.000,1,0,1,多换,S,4983.8000,4981.6000,4980.2000,4976.4000,4976.0000,4986.0000,4986.4000,4986.6000,4986.8000,4987.8000,1,1,1,5,1,2,2,1,2,1
SF,IC2012,2020-05-28 09:30:46.600,4986.0000,17439,0,30912720.000,1,0,1,多换,S,4983.8000,4981.6000,4980.2000,4976.4000,4976.0000,4986.0000,4986.4000,4986.6000,4986.8000,4987.8000,1,1,1,5,1,1,2,1,2,1
SF,IC2012,2020-05-28 09:30:47.100,4986.0000,17439,0,30912720.000,0,-,-,-,-,4984.0000,4983.8000,4981.6000,4980.2000,4976.4000,4986.0000,4986.4000,4986.6000,4986.8000,4987.8000,1,1,1,1,5,1,2,1,2,1
SF,IC2012,2020-05-28 09:30:47.600,4986.0000,17439,0,30912720.000,0,-,-,-,-,4984.0000,4983.8000,4981.6000,4980.2000,4976.4000,4986.0000,4986.4000,4986.6000,4986.8000,4987.8000,2,1,1,1,5,1,2,1,2,1
SF,IC2012,2020-05-28 09:30:48.100,4986.0000,17439,0,30912720.000,0,-,-,-,-,4984.2000,4984.0000,4983.8000,4981.6000,4980.2000,4984.6000,4985.6000,4985.8000,4986.0000,4986.4000,1,1,1,1,1,1,1,1,1,2
SF,IC2012,2020-05-28 09:30:48.600,4986.0000,17439,0,30912720.000,0,-,-,-,-,4984.2000,4984.0000,4983.8000,4981.6000,4980.2000,4985.2000,4985.6000,4985.8000,4986.0000,4986.4000,1,1,1,1,1,1,1,1,1,2
SF,IC2012,2020-05-28 09:30:49.100,4986.0000,17439,0,30912720.000,0,-,-,-,-,4984.2000,4984.0000,4983.8000,4981.6000,4980.2000,4985.0000,4985.2000,4985.6000,4985.8000,4986.0000,1,1,1,1,1,1,1,1,1,1
SF,IC2012,2020-05-28 09:30:49.600,4984.0000,17437,-2,32906360.000,2,0,2,双平,S,4983.8000,4981.6000,4980.2000,4976.4000,4976.0000,4985.0000,4985.2000,4985.6000,4985.8000,4986.0000,1,1,1,5,1,1,1,1,1,1
SF,IC2012,2020-05-28 09:30:50.100,4985.2000,17437,0,33903400.000,1,0,1,多换,S,4984.0000,4983.8000,4981.6000,4980.2000,4976.4000,4985.6000,4985.8000,4986.0000,4986.4000,4986.8000,1,1,1,1,5,1,1,1,2,2
SF,IC2012,2020-05-28 09:30:51.600,4985.2000,17437,0,33903400.000,0,-,-,-,-,4984.0000,4983.8000,4981.6000,4980.2000,4976.4000,4985.4000,4985.6000,4985.8000,4986.0000,4986.4000,1,1,1,1,5,1,1,1,1,2
SF,IC2012,2020-05-28 09:30:52.100,4985.2000,17437,0,33903400.000,0,-,-,-,-,4984.0000,4983.8000,4981.6000,4980.2000,4976.4000,4984.6000,4985.4000,4985.6000,4985.8000,4986.0000,1,1,1,1,5,1,1,1,1,1
SF,IC2012,2020-05-28 09:30:52.600,4984.0000,17436,-1,34900200.000,1,0,1,双平,S,4983.8000,4981.6000,4980.2000,4976.4000,4975.0000,4985.6000,4985.8000,4986.0000,4986.4000,4986.8000,1,1,1,5,1,1,1,1,2,1
SF,IC2012,2020-05-28 09:30:53.100,4983.8000,17435,-1,35896960.000,1,0,1,双平,S,4981.6000,4980.2000,4976.4000,4975.0000,4971.2000,4985.4000,4985.6000,4985.8000,4986.0000,4986.4000,1,1,5,1,1,2,1,1,1,2
SF,IC2012,2020-05-28 09:30:53.600,4985.2000,17435,0,36894000.000,1,0,1,多换,S,4981.8000,4981.6000,4980.2000,4976.4000,4975.0000,4985.4000,4985.6000,4985.8000,4986.0000,4986.4000,1,1,1,5,1,2,1,1,1,1
SF,IC2012,2020-05-28 09:30:54.100,4985.2000,17435,0,36894000.000,0,-,-,-,-,4981.8000,4981.6000,4980.2000,4976.4000,4975.0000,4985.4000,4985.6000,4985.8000,4986.0000,4986.4000,1,1,1,5,1,2,1,1,1,1
SF,IC2012,2020-05-28 09:30:54.600,4985.2000,17435,0,36894000.000,0,-,-,-,-,4981.8000,4981.6000,4980.2000,4976.4000,4975.0000,4984.8000,4985.4000,4985.6000,4985.8000,4986.0000,1,1,1,5,1,1,2,1,1,1
SF,IC2012,2020-05-28 09:30:55.100,4985.2000,17435,0,37891040.000,1,0,1,多换,S,4981.8000,4981.6000,4980.2000,4979.0000,4975.0000,4984.6000,4984.8000,4985.2000,4985.4000,4985.8000,1,1,1,1,1,1,1,1,1,1
SF,IC2012,2020-05-28 09:30:55.600,4985.2000,17435,0,37891040.000,0,-,-,-,-,4981.8000,4981.6000,4980.2000,4979.0000,4975.0000,4984.8000,4985.2000,4985.4000,4985.8000,4986.0000,1,1,1,1,1,1,1,1,1,1
SF,IC2012,2020-05-28 09:30:56.100,4985.2000,17435,0,37891040.000,0,-,-,-,-,4982.0000,4981.8000,4981.6000,4980.2000,4979.0000,4984.8000,4985.2000,4985.8000,4986.0000,4986.4000,1,1,1,1,1,1,1,1,1,1
SF,IC2012,2020-05-28 09:30:56.600,4985.2000,17435,0,37891040.000,0,-,-,-,-,4982.2000,4982.0000,4981.6000,4980.2000,4979.0000,4984.8000,4985.2000,4985.8000,4986.0000,4986.4000,1,1,1,1,1,1,1,1,1,1
SF,IC2012,2020-05-28 09:30:57.100,4985.2000,17435,0,37891040.000,0,-,-,-,-,4982.4000,4982.2000,4981.6000,4980.2000,4979.0000,4984.6000,4984.8000,4985.2000,4985.8000,4986.0000,2,1,1,1,1,2,1,1,1,1
SF,IC2012,2020-05-28 09:30:57.600,4985.2000,17435,0,37891040.000,0,-,-,-,-,4982.6000,4982.4000,4981.6000,4980.2000,4979.0000,4984.6000,4984.8000,4985.2000,4985.8000,4986.0000,1,2,1,1,1,2,1,1,1,1
SF,IC2012,2020-05-28 09:30:58.100,4985.2000,17435,0,37891040.000,0,-,-,-,-,4982.6000,4982.4000,4981.6000,4980.2000,4979.0000,4984.6000,4984.8000,4985.0000,4985.2000,4986.0000,1,2,1,1,1,2,1,1,1,1
SF,IC2012,2020-05-28 09:30:59.100,4985.2000,17435,0,37891040.000,0,-,-,-,-,4982.6000,4982.4000,4981.6000,4980.2000,4979.0000,4984.2000,4984.4000,4984.6000,4984.8000,4985.0000,1,2,1,1,1,1,1,2,1,1
SF,IC2012,2020-05-28 09:30:59.600,4985.2000,17435,0,37891040.000,0,-,-,-,-,4982.6000,4982.4000,4981.6000,4980.2000,4979.0000,4983.2000,4984.0000,4984.2000,4984.4000,4984.6000,1,1,1,1,1,1,1,1,1,2
SF,IC2012,2020-05-28 09:31:00.100,4982.6000,17432,-3,41877240.000,4,0,4,多平,S,4981.6000,4980.2000,4979.0000,4975.0000,4971.2000,4984.0000,4984.2000,4984.4000,4984.6000,4984.8000,1,1,1,1,1,1,1,1,2,1
SF,IC2012,2020-05-28 09:31:00.600,4982.6000,17432,0,41877240.000,0,-,-,-,-,4981.6000,4980.2000,4979.0000,4975.0000,4971.2000,4983.0000,4983.8000,4984.0000,4984.2000,4984.4000,1,1,1,1,1,3,1,1,1,1
SF,IC2012,2020-05-28 09:31:01.100,4982.6000,17432,0,41877240.000,0,-,-,-,-,4981.8000,4981.6000,4980.2000,4979.0000,4975.0000,4983.0000,4984.0000,4984.2000,4984.4000,4984.6000,1,1,1,1,1,1,1,1,1,2
SF,IC2012,2020-05-28 09:31:01.600,4982.6000,17432,0,41877240.000,0,-,-,-,-,4981.8000,4981.6000,4980.2000,4979.0000,4975.0000,4982.8000,4983.0000,4984.0000,4984.2000,4984.4000,1,1,1,1,1,2,1,1,1,1
SF,IC2012,2020-05-28 09:31:02.100,4982.6000,17432,0,41877240.000,0,-,-,-,-,4981.8000,4981.6000,4980.2000,4979.0000,4975.0000,4983.0000,4984.0000,4984.2000,4984.4000,4984.6000,1,1,1,1,1,1,1,1,1,2
SF,IC2012,2020-05-28 09:31:02.600,4983.0000,17433,1,42873840.000,1,1,0,双开,S,4981.8000,4981.6000,4980.2000,4979.0000,4975.0000,4984.0000,4984.2000,4984.4000,4984.6000,4984.8000,1,1,1,1,1,1,1,1,2,1
SF,IC2012,2020-05-28 09:31:03.100,4983.0000,17433,0,42873840.000,0,-,-,-,-,4981.8000,4981.6000,4980.2000,4979.0000,4975.0000,4983.8000,4984.0000,4984.2000,4984.4000,4984.6000,1,1,1,1,1,2,1,1,1,2
SF,IC2012,2020-05-28 09:31:03.600,4983.0000,17433,0,42873840.000,0,-,-,-,-,4981.8000,4981.6000,4980.2000,4979.0000,4975.0000,4983.8000,4984.0000,4984.2000,4984.4000,4984.6000,1,1,1,1,1,2,1,1,1,2
SF,IC2012,2020-05-28 09:31:06.100,4983.6000,17433,0,43870560.000,1,0,1,多换,S,4981.8000,4981.6000,4980.2000,4979.0000,4975.0000,4983.8000,4984.0000,4984.6000,4986.0000,4986.4000,1,1,1,1,1,2,1,2,1,1
SF,IC2012,2020-05-28 09:31:06.600,4983.6000,17433,0,43870560.000,0,-,-,-,-,4981.8000,4981.6000,4980.2000,4979.0000,4975.0000,4983.6000,4983.8000,4984.0000,4984.6000,4986.0000,1,1,1,1,1,1,2,1,2,1
SF,IC2012,2020-05-28 09:31:07.100,4983.6000,17433,0,43870560.000,0,-,-,-,-,4981.6000,4980.2000,4979.0000,4975.0000,4971.2000,4983.4000,4983.6000,4983.8000,4984.0000,4984.6000,1,1,1,1,1,4,1,2,1,2
SF,IC2012,2020-05-28 09:31:07.600,4983.6000,17433,0,43870560.000,0,-,-,-,-,4981.6000,4980.2000,4979.0000,4975.0000,4971.2000,4981.8000,4983.4000,4983.6000,4983.8000,4984.0000,1,1,1,1,1,1,5,1,2,1
SF,IC2012,2020-05-28 09:31:08.100,4981.6000,17433,0,44866880.000,1,0,1,多换,S,4980.2000,4979.0000,4975.0000,4971.2000,4970.6000,4981.8000,4983.4000,4983.6000,4983.8000,4984.0000,1,1,1,1,5,1,5,1,2,1
SF,IC2012,2020-05-28 09:31:08.600,4981.6000,17433,0,44866880.000,0,-,-,-,-,4980.2000,4979.0000,4975.0000,4971.2000,4970.6000,4981.6000,4981.8000,4983.4000,4983.6000,4983.8000,1,1,1,1,5,1,1,5,1,2
SF,IC2012,2020-05-28 09:31:09.100,4981.6000,17433,0,44866880.000,0,-,-,-,-,4980.2000,4979.0000,4975.0000,4971.2000,4970.6000,4981.6000,4981.8000,4983.4000,4983.6000,4983.8000,1,1,1,1,5,1,1,5,2,2
SF,IC2012,2020-05-28 09:31:09.600,4981.6000,17433,0,44866880.000,0,-,-,-,-,4980.2000,4979.0000,4975.0000,4971.2000,4970.6000,4981.6000,4981.8000,4983.4000,4983.6000,4983.8000,1,1,1,1,5,1,1,4,1,2
SF,IC2012,2020-05-28 09:31:10.100,4981.6000,17433,0,44866880.000,0,-,-,-,-,4980.4000,4980.2000,4979.0000,4975.0000,4971.2000,4981.8000,4983.4000,4983.6000,4983.8000,4984.0000,1,1,1,1,1,1,4,1,2,1
SF,IC2012,2020-05-28 09:31:11.100,4981.6000,17433,0,44866880.000,0,-,-,-,-,4980.4000,4980.2000,4979.0000,4975.0000,4971.2000,4981.6000,4981.8000,4983.4000,4983.6000,4983.8000,1,1,1,1,1,4,1,4,1,2
SF,IC2012,2020-05-28 09:31:11.600,4981.6000,17433,0,44866880.000,0,-,-,-,-,4980.4000,4980.2000,4979.0000,4975.0000,4971.2000,4981.8000,4983.4000,4983.6000,4983.8000,4984.0000,1,1,1,1,1,1,4,1,2,1
SF,IC2012,2020-05-28 09:31:12.100,4981.6000,17433,0,44866880.000,0,-,-,-,-,4980.4000,4980.2000,4979.0000,4975.0000,4971.2000,4983.4000,4983.6000,4983.8000,4984.0000,4984.6000,1,1,1,1,1,4,1,2,1,2
SF,IC2012,2020-05-28 09:31:12.600,4981.6000,17433,0,45863200.000,1,0,1,多换,S,4980.6000,4980.2000,4979.0000,4975.0000,4971.2000,4982.2000,4983.2000,4983.4000,4983.6000,4983.8000,1,1,1,1,1,1,2,1,1,2
SF,IC2012,2020-05-28 09:31:13.100,4981.6000,17433,0,45863200.000,0,-,-,-,-,4980.2000,4979.0000,4975.0000,4971.2000,4970.6000,4982.2000,4983.4000,4983.6000,4983.8000,4984.0000,1,1,1,1,5,1,1,1,2,1
SF,IC2012,2020-05-28 09:31:13.600,4981.6000,17433,0,45863200.000,0,-,-,-,-,4980.4000,4980.2000,4979.0000,4975.0000,4971.2000,4982.2000,4983.4000,4983.6000,4983.8000,4984.0000,1,1,1,1,1,1,1,1,2,1
SF,IC2012,2020-05-28 09:31:14.100,4981.6000,17433,0,45863200.000,0,-,-,-,-,4980.4000,4980.2000,4979.0000,4975.0000,4971.2000,4983.6000,4983.8000,4984.0000,4984.6000,4986.0000,1,1,1,1,1,1,2,1,2,1
SF,IC2012,2020-05-28 09:31:14.600,4981.6000,17433,0,45863200.000,0,-,-,-,-,4980.4000,4980.2000,4979.0000,4975.0000,4971.2000,4983.6000,4983.8000,4984.0000,4984.6000,4985.4000,1,1,1,1,1,1,2,1,2,1
SF,IC2012,2020-05-28 09:31:15.100,4981.6000,17433,0,45863200.000,0,-,-,-,-,4980.4000,4980.2000,4979.0000,4975.0000,4971.2000,4983.4000,4983.6000,4983.8000,4984.0000,4984.6000,1,1,1,1,1,3,1,2,1,2
SF,IC2012,2020-05-28 09:31:16.600,4981.6000,17433,0,45863200.000,0,-,-,-,-,4980.4000,4980.2000,4979.0000,4975.0000,4971.2000,4982.2000,4983.0000,4983.4000,4983.6000,4983.8000,1,1,1,1,1,1,1,3,1,2
SF,IC2012,2020-05-28 09:31:17.100,4981.6000,17433,0,45863200.000,0,-,-,-,-,4980.2000,4979.0000,4975.0000,4971.2000,4970.6000,4982.0000,4982.2000,4983.0000,4983.4000,4983.6000,1,1,1,1,5,3,1,1,2,1
SF,IC2012,2020-05-28 09:31:17.600,4981.6000,17433,0,45863200.000,0,-,-,-,-,4980.2000,4979.0000,4975.0000,4971.2000,4970.6000,4982.0000,4982.2000,4983.0000,4983.4000,4983.6000,1,1,1,1,5,3,1,1,2,1
SF,IC2012,2020-05-28 09:31:18.600,4981.6000,17433,0,45863200.000,0,-,-,-,-,4980.2000,4979.0000,4975.0000,4971.2000,4970.6000,4982.0000,4982.2000,4983.0000,4983.4000,4983.6000,1,1,1,1,5,3,1,1,2,1
SF,IC2012,2020-05-28 09:31:20.100,4981.6000,17433,0,45863200.000,0,-,-,-,-,4980.2000,4979.0000,4975.0000,4971.2000,4970.6000,4981.6000,4982.0000,4982.2000,4983.0000,4983.4000,1,1,1,1,5,1,3,1,1,2
SF,IC2012,2020-05-28 09:31:20.600,4981.6000,17433,0,45863200.000,0,-,-,-,-,4980.4000,4980.2000,4979.0000,4975.0000,4971.2000,4981.6000,4982.0000,4982.2000,4983.0000,4983.4000,1,1,1,1,1,1,2,1,1,2
SF,IC2012,2020-05-28 09:31:21.100,4981.6000,17433,0,45863200.000,0,-,-,-,-,4980.4000,4980.2000,4979.0000,4975.0000,4971.2000,4981.6000,4982.0000,4982.2000,4983.0000,4983.4000,1,1,1,1,1,1,2,1,1,2
SF,IC2012,2020-05-28 09:31:21.600,4981.6000,17433,0,45863200.000,0,-,-,-,-,4980.4000,4980.2000,4979.0000,4975.0000,4971.2000,4981.4000,4981.6000,4982.0000,4982.2000,4983.0000,1,1,1,1,1,1,1,2,1,1
SF,IC2012,2020-05-28 09:31:22.600,4981.6000,17433,0,45863200.000,0,-,-,-,-,4980.4000,4980.2000,4979.0000,4975.0000,4971.2000,4981.4000,4981.6000,4982.0000,4982.2000,4983.0000,1,1,1,1,1,1,1,2,1,1
SF,IC2012,2020-05-28 09:31:23.100,4981.6000,17433,0,45863200.000,0,-,-,-,-,4980.4000,4980.2000,4979.0000,4975.0000,4971.2000,4981.4000,4982.0000,4982.2000,4983.0000,4983.4000,1,1,1,1,1,1,2,1,1,2
SF,IC2012,2020-05-28 09:31:24.100,4981.6000,17433,0,45863200.000,0,-,-,-,-,4980.8000,4980.4000,4980.2000,4979.0000,4975.0000,4981.4000,4982.0000,4982.2000,4983.0000,4983.4000,1,1,1,1,1,1,2,1,1,2
SF,IC2012,2020-05-28 09:31:24.600,4981.6000,17433,0,45863200.000,0,-,-,-,-,4980.8000,4980.4000,4980.2000,4979.0000,4975.0000,4982.0000,4982.2000,4983.0000,4983.4000,4983.6000,1,1,1,1,1,2,1,1,2,1
SF,IC2012,2020-05-28 09:31:25.100,4981.6000,17433,0,45863200.000,0,-,-,-,-,4980.8000,4980.4000,4980.2000,4979.0000,4975.0000,4981.8000,4982.0000,4982.2000,4983.0000,4983.4000,1,1,1,1,1,1,2,1,1,2
SF,IC2012,2020-05-28 09:31:25.600,4981.0000,17433,0,46859400.000,1,0,1,多换,S,4980.8000,4980.2000,4979.0000,4975.0000,4974.2000,4983.0000,4983.4000,4983.6000,4983.8000,4984.0000,1,1,1,1,3,1,2,1,2,1
SF,IC2012,2020-05-28 09:31:26.100,4981.0000,17433,0,46859400.000,0,-,-,-,-,4981.0000,4980.8000,4980.2000,4979.0000,4975.0000,4983.0000,4983.4000,4983.6000,4983.8000,4984.0000,1,1,1,1,1,1,2,1,2,1
SF,IC2012,2020-05-28 09:31:26.600,4981.0000,17433,0,46859400.000,0,-,-,-,-,4981.0000,4980.8000,4980.2000,4979.0000,4975.0000,4983.0000,4983.6000,4983.8000,4984.0000,4984.4000,1,2,1,1,1,1,1,2,1,1
SF,IC2012,2020-05-28 09:31:27.100,4981.0000,17433,0,46859400.000,0,-,-,-,-,4981.0000,4980.8000,4980.2000,4979.0000,4975.0000,4983.0000,4983.6000,4983.8000,4984.0000,4984.6000,1,2,1,1,1,1,1,2,1,3
SF,IC2012,2020-05-28 09:31:27.600,4981.0000,17433,0,46859400.000,0,-,-,-,-,4981.0000,4980.8000,4980.2000,4979.0000,4975.0000,4983.0000,4983.6000,4983.8000,4984.0000,4984.6000,1,2,1,1,1,1,1,2,1,3
SF,IC2012,2020-05-28 09:31:28.100,4981.0000,17433,0,46859400.000,0,-,-,-,-,4981.0000,4980.8000,4980.2000,4979.0000,4975.0000,4982.8000,4983.0000,4983.6000,4983.8000,4984.0000,1,2,1,1,1,2,1,1,2,1
SF,IC2012,2020-05-28 09:31:29.100,4981.0000,17433,0,46859400.000,0,-,-,-,-,4981.0000,4980.8000,4980.2000,4979.0000,4975.0000,4982.8000,4983.0000,4983.6000,4983.8000,4984.0000,1,2,1,1,1,2,1,1,2,1
SF,IC2012,2020-05-28 09:31:30.100,4981.0000,17433,0,46859400.000,0,-,-,-,-,4981.0000,4980.8000,4980.2000,4979.0000,4975.0000,4982.8000,4983.0000,4983.6000,4983.8000,4984.0000,1,2,1,1,1,2,1,1,2,1
SF,IC2012,2020-05-28 09:31:30.600,4981.0000,17433,0,46859400.000,0,-,-,-,-,4982.8000,4981.0000,4980.8000,4980.2000,4979.0000,4983.0000,4983.6000,4983.8000,4984.0000,4984.6000,1,1,2,1,1,1,1,2,1,3
SF,IC2012,2020-05-28 09:31:31.100,4983.0000,17432,-1,47856000.000,1,0,1,双平,S,4983.2000,4983.0000,4982.8000,4980.8000,4980.2000,4984.0000,4984.6000,4985.8000,4986.0000,4986.4000,2,1,1,3,1,1,3,1,1,1
SF,IC2012,2020-05-28 09:31:31.600,4984.6000,17431,-1,48852920.000,1,0,1,双平,S,4984.8000,4984.6000,4984.0000,4983.8000,4983.2000,4985.8000,4986.0000,4986.4000,4987.0000,4987.8000,1,1,1,1,2,1,1,1,1,4
SF,IC2012,2020-05-28 09:31:32.100,4985.8000,17429,-2,50847040.000,2,0,2,双平,S,4984.6000,4984.0000,4983.8000,4983.2000,4982.8000,4985.6000,4986.0000,4986.4000,4987.0000,4987.8000,1,1,1,2,1,5,1,1,1,4
SF,IC2012,2020-05-28 09:31:32.600,4984.6000,17428,-1,51843960.000,1,0,1,双平,S,4984.0000,4983.8000,4983.2000,4982.8000,4980.8000,4985.6000,4986.0000,4986.4000,4987.0000,4987.8000,1,1,2,1,3,1,1,1,1,4
SF,IC2012,2020-05-28 09:31:33.100,4984.6000,17428,0,51843960.000,0,-,-,-,-,4984.0000,4983.8000,4983.2000,4982.8000,4980.8000,4985.4000,4985.6000,4986.0000,4986.4000,4987.0000,1,1,2,1,3,1,1,1,1,1
SF,IC2012,2020-05-28 09:31:33.600,4984.6000,17428,0,51843960.000,0,-,-,-,-,4984.0000,4983.8000,4983.2000,4982.8000,4980.8000,4985.4000,4985.6000,4986.0000,4986.4000,4987.0000,1,1,2,1,3,1,1,1,1,1
SF,IC2012,2020-05-28 09:31:34.600,4984.6000,17428,0,51843960.000,0,-,-,-,-,4984.0000,4983.8000,4983.2000,4982.8000,4980.8000,4985.4000,4985.6000,4986.0000,4986.4000,4987.0000,1,1,2,1,3,1,1,1,1,1
SF,IC2012,2020-05-28 09:31:35.100,4984.6000,17428,0,51843960.000,0,-,-,-,-,4984.0000,4983.8000,4983.2000,4982.8000,4980.8000,4984.8000,4985.4000,4985.6000,4986.0000,4986.4000,1,1,2,1,3,1,1,1,1,1
SF,IC2012,2020-05-28 09:31:35.600,4984.8000,17428,0,52840920.000,1,0,1,多换,S,4984.0000,4983.8000,4983.2000,4982.8000,4980.8000,4986.0000,4986.4000,4987.0000,4987.8000,4991.4000,1,1,2,1,3,1,1,1,4,1
SF,IC2012,2020-05-28 09:31:36.100,4984.8000,17428,0,52840920.000,0,-,-,-,-,4984.0000,4983.8000,4983.2000,4982.8000,4980.8000,4985.8000,4986.0000,4986.4000,4987.0000,4987.8000,1,1,2,1,3,3,1,1,1,4
SF,IC2012,2020-05-28 09:31:36.600,4984.8000,17428,0,52840920.000,0,-,-,-,-,4984.0000,4983.8000,4983.2000,4982.8000,4980.8000,4985.8000,4986.0000,4986.4000,4987.0000,4987.8000,1,1,2,1,3,3,1,1,1,4
SF,IC2012,2020-05-28 09:31:38.100,4984.8000,17428,0,52840920.000,0,-,-,-,-,4983.8000,4983.2000,4982.8000,4980.8000,4980.2000,4985.8000,4986.0000,4986.4000,4987.0000,4987.8000,1,2,1,3,1,3,1,1,1,4
SF,IC2012,2020-05-28 09:31:38.600,4984.8000,17428,0,52840920.000,0,-,-,-,-,4984.0000,4983.8000,4983.2000,4982.8000,4980.8000,4985.8000,4986.0000,4986.4000,4987.0000,4987.8000,1,1,2,1,3,3,1,1,1,4
SF,IC2012,2020-05-28 09:31:39.100,4984.8000,17428,0,52840920.000,0,-,-,-,-,4983.8000,4983.2000,4982.8000,4980.8000,4980.2000,4985.8000,4986.0000,4986.4000,4987.0000,4987.8000,1,2,1,3,1,3,1,1,1,4
SF,IC2012,2020-05-28 09:31:39.600,4984.8000,17428,0,52840920.000,0,-,-,-,-,4984.0000,4983.8000,4983.2000,4982.8000,4980.8000,4985.8000,4986.0000,4986.4000,4987.0000,4987.8000,1,1,2,1,3,3,1,1,1,4
SF,IC2012,2020-05-28 09:31:40.100,4984.8000,17428,0,52840920.000,0,-,-,-,-,4983.8000,4983.2000,4982.8000,4980.8000,4980.2000,4985.8000,4986.0000,4986.2000,4986.4000,4987.0000,1,2,1,3,1,3,1,1,1,1
SF,IC2012,2020-05-28 09:31:40.600,4984.8000,17428,0,52840920.000,0,-,-,-,-,4983.8000,4983.2000,4982.8000,4980.8000,4980.2000,4985.6000,4985.8000,4986.0000,4986.2000,4986.4000,1,2,1,3,1,1,3,1,1,1
SF,IC2012,2020-05-28 09:31:41.100,4984.8000,17428,0,52840920.000,0,-,-,-,-,4983.8000,4983.2000,4982.8000,4980.8000,4980.2000,4985.4000,4985.6000,4985.8000,4986.0000,4986.2000,1,2,1,3,1,4,1,3,1,1
SF,IC2012,2020-05-28 09:31:41.600,4984.8000,17428,0,52840920.000,0,-,-,-,-,4983.2000,4982.8000,4980.8000,4980.2000,4980.0000,4985.2000,4985.4000,4985.8000,4986.0000,4986.2000,2,1,3,1,1,1,4,3,1,1
SF,IC2012,2020-05-28 09:31:42.100,4984.8000,17428,0,52840920.000,0,-,-,-,-,4983.2000,4982.8000,4980.8000,4980.2000,4980.0000,4985.0000,4985.2000,4985.4000,4985.8000,4986.0000,2,1,3,1,1,4,1,4,3,1
SF,IC2012,2020-05-28 09:31:42.600,4984.8000,17428,0,52840920.000,0,-,-,-,-,4982.8000,4980.8000,4980.2000,4980.0000,4979.0000,4984.6000,4984.8000,4985.0000,4985.4000,4985.8000,1,3,1,1,1,1,1,4,4,3
SF,IC2012,2020-05-28 09:31:43.100,4984.8000,17428,0,52840920.000,0,-,-,-,-,4983.0000,4982.8000,4981.0000,4980.8000,4980.2000,4984.4000,4984.6000,4985.0000,4985.4000,4985.8000,1,1,1,3,1,4,1,4,4,3
SF,IC2012,2020-05-28 09:31:43.600,4984.8000,17428,0,52840920.000,0,-,-,-,-,4983.0000,4982.8000,4981.0000,4980.8000,4980.2000,4983.8000,4984.4000,4984.6000,4985.0000,4985.4000,1,1,1,3,1,1,4,1,4,4
SF,IC2012,2020-05-28 09:31:44.100,4984.8000,17428,0,52840920.000,0,-,-,-,-,4983.0000,4982.8000,4981.0000,4980.8000,4980.2000,4983.8000,4984.4000,4984.6000,4985.0000,4985.4000,1,1,1,3,1,1,4,1,4,4
SF,IC2012,2020-05-28 09:31:44.600,4984.8000,17428,0,52840920.000,0,-,-,-,-,4983.0000,4982.8000,4981.0000,4980.8000,4980.2000,4983.6000,4983.8000,4984.4000,4984.6000,4985.0000,1,1,1,3,1,1,1,4,1,4
SF,IC2012,2020-05-28 09:31:45.100,4984.8000,17428,0,52840920.000,0,-,-,-,-,4983.0000,4982.8000,4981.0000,4980.8000,4980.2000,4983.8000,4984.4000,4984.6000,4985.0000,4985.4000,1,1,1,3,1,1,4,1,4,4
SF,IC2012,2020-05-28 09:31:45.600,4984.8000,17428,0,52840920.000,0,-,-,-,-,4983.0000,4982.8000,4981.0000,4980.8000,4980.2000,4983.8000,4984.4000,4984.6000,4985.0000,4985.4000,1,1,1,3,1,1,4,1,4,4
SF,IC2012,2020-05-28 09:31:46.100,4984.8000,17428,0,52840920.000,0,-,-,-,-,4983.0000,4982.8000,4981.0000,4980.8000,4980.2000,4983.8000,4984.4000,4984.6000,4985.0000,4985.4000,1,1,1,3,1,1,4,1,4,4
SF,IC2012,2020-05-28 09:31:46.600,4983.8000,17427,-1,53837680.000,1,0,1,双平,S,4983.0000,4982.8000,4981.0000,4980.8000,4980.2000,4984.4000,4985.0000,4985.4000,4985.8000,4986.0000,1,1,1,3,1,4,4,4,3,1
SF,IC2012,2020-05-28 09:31:47.100,4983.8000,17427,0,53837680.000,0,-,-,-,-,4983.0000,4982.8000,4981.0000,4980.8000,4980.2000,4985.0000,4985.4000,4985.8000,4986.0000,4986.2000,1,1,1,3,1,4,4,3,1,1
SF,IC2012,2020-05-28 09:31:47.600,4983.8000,17427,0,53837680.000,0,-,-,-,-,4983.0000,4982.8000,4981.0000,4980.8000,4980.2000,4985.0000,4985.4000,4985.8000,4986.0000,4986.2000,1,1,1,3,1,4,4,3,1,1
SF,IC2012,2020-05-28 09:31:48.100,4983.8000,17427,0,53837680.000,0,-,-,-,-,4983.0000,4982.8000,4981.0000,4980.8000,4980.2000,4985.8000,4986.0000,4986.2000,4986.4000,4987.0000,1,1,1,3,1,3,1,1,1,1
SF,IC2012,2020-05-28 09:31:48.600,4983.8000,17427,0,53837680.000,0,-,-,-,-,4983.0000,4982.8000,4981.0000,4980.8000,4980.2000,4985.6000,4985.8000,4986.0000,4986.2000,4986.4000,1,1,1,3,1,1,3,1,1,1
SF,IC2012,2020-05-28 09:31:49.100,4983.8000,17427,0,53837680.000,0,-,-,-,-,4984.2000,4983.0000,4982.8000,4981.0000,4980.8000,4987.0000,4987.8000,4991.4000,4993.8000,4995.0000,1,1,1,1,3,1,4,1,6,1
SF,IC2012,2020-05-28 09:31:49.600,4983.8000,17427,0,53837680.000,0,-,-,-,-,4984.4000,4982.8000,4980.8000,4980.2000,4980.0000,4986.8000,4987.0000,4987.8000,4991.4000,4993.8000,2,1,3,1,1,1,1,4,1,6
SF,IC2012,2020-05-28 09:31:50.100,4983.8000,17427,0,53837680.000,0,-,-,-,-,4984.4000,4982.8000,4980.8000,4980.2000,4980.0000,4987.0000,4987.8000,4991.4000,4993.8000,4995.0000,2,1,3,1,1,1,4,1,6,1
SF,IC2012,2020-05-28 09:31:50.600,4983.8000,17427,0,53837680.000,0,-,-,-,-,4984.4000,4982.8000,4980.8000,4980.2000,4980.0000,4986.8000,4987.0000,4987.8000,4991.4000,4993.8000,2,1,3,1,1,1,1,4,1,6
SF,IC2012,2020-05-28 09:31:51.600,4983.8000,17427,0,53837680.000,0,-,-,-,-,4984.4000,4982.8000,4980.8000,4980.2000,4980.0000,4986.8000,4987.0000,4987.8000,4991.4000,4993.8000,2,1,3,1,1,1,1,4,1,6
SF,IC2012,2020-05-28 09:31:52.100,4983.8000,17427,0,53837680.000,0,-,-,-,-,4984.4000,4982.8000,4980.8000,4980.2000,4980.0000,4986.6000,4986.8000,4987.0000,4987.8000,4991.4000,2,1,3,1,1,1,1,1,4,1
SF,IC2012,2020-05-28 09:31:52.600,4983.8000,17427,0,53837680.000,0,-,-,-,-,4984.4000,4982.8000,4980.8000,4980.2000,4980.0000,4986.6000,4986.8000,4987.0000,4987.8000,4991.4000,2,1,3,1,1,1,1,1,4,1
SF,IC2012,2020-05-28 09:31:53.100,4983.8000,17427,0,53837680.000,0,-,-,-,-,4984.4000,4982.8000,4980.8000,4980.2000,4980.0000,4986.6000,4986.8000,4987.0000,4987.8000,4991.4000,2,1,3,1,1,1,1,1,4,1
SF,IC2012,2020-05-28 09:31:53.600,4983.8000,17429,2,56827960.000,3,2,1,空开,S,4984.4000,4982.8000,4980.8000,4980.2000,4980.0000,4986.6000,4986.8000,4987.0000,4987.8000,4991.4000,2,1,3,1,1,1,1,1,4,1
SF,IC2012,2020-05-28 09:31:54.600,4983.8000,17429,0,56827960.000,0,-,-,-,-,4984.6000,4984.4000,4982.8000,4980.8000,4980.2000,4986.6000,4986.8000,4987.0000,4987.8000,4991.4000,2,2,1,3,1,1,1,1,4,1
SF,IC2012,2020-05-28 09:31:55.100,4987.0000,17426,-3,59820040.000,3,0,3,双平,S,4986.8000,4986.6000,4984.8000,4984.6000,4984.4000,4987.8000,4991.4000,4993.8000,4995.0000,4996.0000,1,1,1,2,1,4,1,6,1,1
SF,IC2012,2020-05-28 09:31:55.600,4986.6000,17424,-2,61814720.000,2,0,2,双平,S,4984.8000,4984.6000,4984.4000,4980.8000,4980.2000,4987.8000,4991.4000,4993.8000,4995.0000,4996.0000,1,2,1,3,1,4,1,6,1,1
SF,IC2012,2020-05-28 09:31:56.100,4986.6000,17424,0,61814720.000,0,-,-,-,-,4985.0000,4984.8000,4984.6000,4980.8000,4980.2000,4987.8000,4991.4000,4993.8000,4995.0000,4996.0000,2,1,2,3,1,4,1,6,1,1
SF,IC2012,2020-05-28 09:31:56.600,4986.6000,17424,0,61814720.000,0,-,-,-,-,4985.0000,4984.6000,4980.8000,4980.2000,4980.0000,4987.8000,4991.4000,4993.8000,4995.0000,4996.0000,2,2,3,1,1,4,1,6,1,1
SF,IC2012,2020-05-28 09:31:57.600,4986.6000,17424,0,61814720.000,0,-,-,-,-,4985.0000,4980.8000,4980.2000,4980.0000,4979.0000,4987.8000,4991.4000,4993.8000,4995.0000,4996.0000,2,3,1,1,1,4,1,6,1,1
SF,IC2012,2020-05-28 09:31:59.100,4986.6000,17424,0,61814720.000,0,-,-,-,-,4985.4000,4985.0000,4980.8000,4980.2000,4980.0000,4987.8000,4991.4000,4993.8000,4995.0000,4996.0000,1,2,3,1,1,4,1,6,1,1
SF,IC2012,2020-05-28 09:31:59.600,4986.6000,17424,0,61814720.000,0,-,-,-,-,4985.4000,4985.0000,4980.8000,4980.2000,4980.0000,4987.6000,4987.8000,4991.4000,4993.8000,4995.0000,1,1,3,1,1,1,4,1,6,1
SF,IC2012,2020-05-28 09:32:00.100,4986.6000,17424,0,61814720.000,0,-,-,-,-,4985.0000,4980.8000,4980.2000,4980.0000,4979.0000,4987.4000,4987.6000,4987.8000,4991.4000,4993.8000,1,3,1,1,1,1,1,4,1,6
SF,IC2012,2020-05-28 09:32:00.600,4986.6000,17424,0,61814720.000,0,-,-,-,-,4985.0000,4980.8000,4980.2000,4980.0000,4979.0000,4987.2000,4987.4000,4987.8000,4991.4000,4993.8000,1,3,1,1,1,1,1,4,1,6
SF,IC2012,2020-05-28 09:32:01.100,4986.6000,17424,0,61814720.000,0,-,-,-,-,4985.4000,4985.0000,4980.8000,4980.2000,4980.0000,4987.4000,4987.8000,4991.4000,4993.8000,4995.0000,1,1,3,1,1,1,4,1,6,1
SF,IC2012,2020-05-28 09:32:01.600,4985.6000,17424,0,64806080.000,3,1,2,多换,S,4985.6000,4980.8000,4980.2000,4980.0000,4979.0000,4987.4000,4987.8000,4991.4000,4993.8000,4995.0000,2,3,1,1,1,1,4,1,6,1
SF,IC2012,2020-05-28 09:32:02.100,4985.6000,17424,0,64806080.000,0,-,-,-,-,4985.6000,4980.8000,4980.2000,4980.0000,4979.0000,4987.4000,4987.8000,4991.4000,4993.8000,4995.0000,2,3,1,1,1,1,4,1,6,1
SF,IC2012,2020-05-28 09:32:02.600,4985.6000,17424,0,64806080.000,0,-,-,-,-,4987.2000,4986.0000,4985.6000,4980.8000,4980.2000,4987.4000,4987.8000,4991.4000,4993.8000,4995.0000,1,1,1,3,1,1,4,1,6,1
SF,IC2012,2020-05-28 09:32:03.100,4987.4000,17423,-1,65803560.000,1,0,1,双平,S,4987.4000,4987.2000,4985.8000,4985.6000,4980.8000,4987.8000,4991.4000,4993.8000,4995.0000,4996.0000,2,1,2,1,3,4,1,6,1,1
SF,IC2012,2020-05-28 09:32:03.600,4987.8000,17422,-1,69793800.000,4,1,3,多平,S,4988.0000,4987.8000,4987.2000,4986.2000,4985.8000,4991.4000,4993.8000,4995.0000,4996.0000,4996.8000,1,1,1,1,2,1,6,1,1,1
SF,IC2012,2020-05-28 09:32:04.100,4987.8000,17422,0,69793800.000,0,-,-,-,-,4988.2000,4988.0000,4987.8000,4987.2000,4986.2000,4991.2000,4991.4000,4993.8000,4995.0000,4996.0000,1,1,1,2,1,5,1,6,1,1
SF,IC2012,2020-05-28 09:32:04.600,4987.8000,17422,0,69793800.000,0,-,-,-,-,4988.4000,4988.2000,4988.0000,4987.8000,4987.2000,4990.6000,4991.2000,4991.4000,4993.8000,4995.0000,1,1,1,1,2,1,5,1,6,1
SF,IC2012,2020-05-28 09:32:05.100,4987.8000,17422,0,69793800.000,0,-,-,-,-,4988.2000,4988.0000,4987.8000,4987.2000,4986.2000,4990.2000,4990.4000,4991.2000,4991.4000,4993.8000,1,1,1,2,1,1,3,4,1,6
SF,IC2012,2020-05-28 09:32:05.600,4987.8000,17422,0,69793800.000,0,-,-,-,-,4987.8000,4987.2000,4986.2000,4986.0000,4985.8000,4990.0000,4990.4000,4991.2000,4991.4000,4993.8000,1,2,1,5,2,3,2,4,1,6
SF,IC2012,2020-05-28 09:32:06.100,4987.8000,17422,0,69793800.000,0,-,-,-,-,4988.0000,4987.8000,4987.2000,4986.2000,4986.0000,4990.0000,4990.4000,4991.2000,4991.4000,4993.8000,1,2,2,1,5,1,2,4,1,6
SF,IC2012,2020-05-28 09:32:06.600,4987.8000,17422,0,69793800.000,0,-,-,-,-,4988.0000,4987.8000,4987.2000,4986.2000,4986.0000,4989.8000,4990.4000,4991.2000,4991.4000,4993.8000,1,1,2,1,5,2,2,4,1,6
SF,IC2012,2020-05-28 09:32:07.100,4987.8000,17422,0,69793800.000,0,-,-,-,-,4988.0000,4987.8000,4987.2000,4986.2000,4986.0000,4989.8000,4990.4000,4991.2000,4991.4000,4995.0000,1,1,2,1,5,1,2,4,1,1
SF,IC2012,2020-05-28 09:32:07.600,4987.8000,17422,0,69793800.000,0,-,-,-,-,4988.0000,4987.8000,4987.2000,4986.2000,4986.0000,4991.2000,4991.4000,4995.0000,4996.0000,4996.8000,1,1,2,1,5,4,1,1,1,1
SF,IC2012,2020-05-28 09:32:08.100,4987.8000,17422,0,69793800.000,0,-,-,-,-,4988.2000,4988.0000,4987.8000,4987.2000,4986.2000,4991.0000,4991.2000,4991.4000,4995.0000,4996.0000,1,1,1,2,1,2,4,1,1,1
SF,IC2012,2020-05-28 09:32:08.600,4987.8000,17422,0,69793800.000,0,-,-,-,-,4988.4000,4988.2000,4987.8000,4987.2000,4986.2000,4990.6000,4991.0000,4991.2000,4991.4000,4995.0000,1,1,1,2,1,1,2,4,1,1
SF,IC2012,2020-05-28 09:32:09.100,4987.8000,17422,0,69793800.000,0,-,-,-,-,4988.4000,4987.8000,4987.2000,4986.2000,4986.0000,4990.2000,4990.4000,4991.0000,4991.2000,4991.4000,1,1,2,1,5,1,1,2,4,1
SF,IC2012,2020-05-28 09:32:09.600,4987.8000,17422,0,69793800.000,0,-,-,-,-,4988.4000,4987.8000,4987.2000,4986.2000,4986.0000,4989.8000,4990.4000,4991.0000,4991.2000,4991.4000,1,1,2,1,5,1,1,2,4,1
SF,IC2012,2020-05-28 09:32:10.100,4988.4000,17421,-1,70791480.000,1,0,1,双平,S,4987.8000,4987.2000,4986.2000,4986.0000,4982.2000,4988.0000,4989.8000,4990.0000,4990.4000,4991.0000,1,2,1,5,5,3,1,2,1,2
SF,IC2012,2020-05-28 09:32:10.600,4987.2000,17421,0,72786480.000,2,1,1,多换,S,4986.2000,4986.0000,4980.8000,4980.0000,4979.0000,4987.2000,4988.0000,4989.6000,4990.0000,4990.4000,1,5,3,1,1,1,3,1,2,1
SF,IC2012,2020-05-28 09:32:11.100,4986.0000,17420,-1,74780920.000,2,0,2,多平,S,4986.0000,4980.8000,4980.0000,4979.0000,4976.4000,4987.2000,4988.0000,4989.0000,4989.6000,4990.0000,4,3,1,1,5,1,3,1,1,2
SF,IC2012,2020-05-28 09:32:11.600,4986.0000,17420,0,78769720.000,4,2,2,多换,S,4980.8000,4980.0000,4979.0000,4976.4000,4975.0000,4986.2000,4988.0000,4989.0000,4989.6000,4990.0000,3,1,1,5,1,1,3,1,1,2
SF,IC2012,2020-05-28 09:32:12.100,4986.0000,17420,0,78769720.000,0,-,-,-,-,4982.2000,4981.2000,4981.0000,4980.8000,4980.0000,4986.2000,4987.0000,4988.0000,4989.6000,4990.0000,1,1,3,3,1,1,1,3,1,2
SF,IC2012,2020-05-28 09:32:12.600,4986.0000,17420,0,78769720.000,0,-,-,-,-,4982.4000,4981.6000,4981.0000,4980.8000,4980.0000,4986.2000,4988.0000,4989.6000,4990.0000,4990.4000,4,1,2,3,1,1,3,1,2,1
SF,IC2012,2020-05-28 09:32:13.100,4986.0000,17420,0,78769720.000,0,-,-,-,-,4982.4000,4981.0000,4980.8000,4980.0000,4979.0000,4986.0000,4986.2000,4988.0000,4989.6000,4990.0000,4,2,3,1,1,1,1,3,1,2
SF,IC2012,2020-05-28 09:32:13.600,4986.0000,17420,0,78769720.000,0,-,-,-,-,4982.4000,4981.0000,4980.8000,4980.0000,4979.0000,4986.2000,4988.0000,4989.6000,4990.0000,4990.4000,4,2,3,1,1,1,3,1,3,1
SF,IC2012,2020-05-28 09:32:14.100,4986.0000,17420,0,78769720.000,0,-,-,-,-,4982.4000,4982.2000,4981.0000,4980.8000,4980.0000,4986.2000,4988.0000,4989.6000,4990.0000,4990.4000,4,1,2,3,1,1,3,1,3,1
SF,IC2012,2020-05-28 09:32:14.600,4986.0000,17420,0,78769720.000,0,-,-,-,-,4982.4000,4982.2000,4981.0000,4980.8000,4980.0000,4986.0000,4986.2000,4988.0000,4989.6000,4990.0000,4,1,2,3,1,1,1,3,1,3
SF,IC2012,2020-05-28 09:32:15.100,4986.0000,17420,0,78769720.000,0,-,-,-,-,4982.4000,4981.0000,4980.8000,4980.0000,4979.0000,4986.0000,4986.2000,4988.0000,4989.6000,4990.0000,4,2,3,1,1,1,1,3,1,3
SF,IC2012,2020-05-28 09:32:15.600,4986.0000,17420,0,78769720.000,0,-,-,-,-,4982.4000,4981.0000,4980.8000,4980.0000,4979.0000,4986.0000,4986.2000,4988.0000,4989.6000,4990.0000,4,2,3,1,1,1,1,3,1,3
SF,IC2012,2020-05-28 09:32:16.100,4986.0000,17420,0,78769720.000,0,-,-,-,-,4981.0000,4980.8000,4980.0000,4979.0000,4976.4000,4986.0000,4986.2000,4988.0000,4989.6000,4990.0000,2,3,1,1,5,1,1,3,1,3
SF,IC2012,2020-05-28 09:32:16.600,4986.0000,17420,0,78769720.000,0,-,-,-,-,4981.2000,4981.0000,4980.8000,4980.0000,4979.0000,4985.8000,4986.0000,4986.2000,4988.0000,4989.6000,2,2,3,1,1,4,1,1,3,1
SF,IC2012,2020-05-28 09:32:17.100,4986.0000,17420,0,78769720.000,0,-,-,-,-,4981.2000,4981.0000,4980.8000,4980.0000,4979.0000,4985.6000,4985.8000,4986.2000,4988.0000,4989.6000,1,2,3,1,1,1,5,1,3,1
SF,IC2012,2020-05-28 09:32:17.600,4986.0000,17420,0,78769720.000,0,-,-,-,-,4981.2000,4980.8000,4980.0000,4979.0000,4976.4000,4985.4000,4985.6000,4985.8000,4986.2000,4988.0000,1,3,1,1,5,4,1,4,1,3
SF,IC2012,2020-05-28 09:32:18.100,4981.2000,17419,-1,79765960.000,1,0,1,双平,S,4980.8000,4980.0000,4979.0000,4976.4000,4975.0000,4985.2000,4985.4000,4985.8000,4986.2000,4988.0000,3,1,1,5,1,1,4,4,1,9
SF,IC2012,2020-05-28 09:32:18.600,4981.2000,17419,0,79765960.000,0,-,-,-,-,4981.0000,4980.8000,4980.0000,4979.0000,4976.4000,4985.0000,4985.2000,4985.4000,4985.8000,4986.2000,2,3,1,1,5,1,1,4,4,1
SF,IC2012,2020-05-28 09:32:19.100,4981.2000,17419,0,79765960.000,0,-,-,-,-,4981.2000,4981.0000,4980.8000,4980.0000,4979.0000,4984.8000,4985.0000,4985.4000,4985.8000,4986.2000,1,2,3,1,1,1,1,4,4,1
SF,IC2012,2020-05-28 09:32:19.600,4981.2000,17419,0,79765960.000,0,-,-,-,-,4981.4000,4981.2000,4981.0000,4980.8000,4980.0000,4984.8000,4985.0000,4985.4000,4985.8000,4986.2000,2,1,1,3,1,1,1,4,4,1
SF,IC2012,2020-05-28 09:32:20.100,4981.2000,17419,0,79765960.000,0,-,-,-,-,4981.6000,4981.4000,4981.0000,4980.8000,4980.0000,4984.8000,4985.0000,4985.4000,4985.8000,4986.2000,1,2,1,3,1,1,2,1,4,1
SF,IC2012,2020-05-28 09:32:20.600,4981.2000,17419,0,79765960.000,0,-,-,-,-,4981.8000,4981.6000,4981.4000,4981.0000,4980.8000,4984.8000,4985.0000,4985.8000,4986.2000,4988.0000,1,1,1,1,3,1,2,4,1,3
SF,IC2012,2020-05-28 09:32:21.100,4981.2000,17419,0,79765960.000,0,-,-,-,-,4982.0000,4981.8000,4981.4000,4981.0000,4980.8000,4984.8000,4985.0000,4985.8000,4986.2000,4988.0000,1,1,1,1,3,1,2,4,1,3
SF,IC2012,2020-05-28 09:32:21.600,4981.2000,17419,0,79765960.000,0,-,-,-,-,4980.8000,4980.0000,4979.0000,4976.4000,4975.0000,4984.2000,4984.8000,4985.0000,4985.8000,4986.2000,3,1,1,5,1,1,1,2,4,1
SF,IC2012,2020-05-28 09:32:22.100,4981.2000,17419,0,79765960.000,0,-,-,-,-,4981.0000,4980.8000,4980.0000,4979.0000,4976.4000,4984.0000,4984.2000,4984.6000,4985.0000,4985.8000,1,3,1,1,5,1,1,1,2,4
SF,IC2012,2020-05-28 09:32:22.600,4981.2000,17419,0,79765960.000,0,-,-,-,-,4980.8000,4980.0000,4979.0000,4976.4000,4975.0000,4983.8000,4984.0000,4984.2000,4984.6000,4985.0000,3,1,1,5,1,1,1,1,1,2
SF,IC2012,2020-05-28 09:32:23.100,4981.2000,17419,0,79765960.000,0,-,-,-,-,4981.0000,4980.8000,4980.0000,4979.0000,4976.4000,4983.8000,4984.2000,4985.0000,4985.8000,4988.0000,1,3,1,1,5,1,1,2,4,3
SF,IC2012,2020-05-28 09:32:23.600,4981.2000,17419,0,79765960.000,0,-,-,-,-,4981.2000,4981.0000,4980.8000,4980.0000,4979.0000,4985.0000,4985.8000,4988.0000,4989.6000,4990.0000,1,1,3,1,1,2,4,3,1,3
SF,IC2012,2020-05-28 09:32:24.100,4981.2000,17419,0,79765960.000,0,-,-,-,-,4981.4000,4981.2000,4980.8000,4980.0000,4979.0000,4985.0000,4985.8000,4988.0000,4989.6000,4990.0000,1,1,3,1,1,2,4,3,1,3
SF,IC2012,2020-05-28 09:32:24.600,4981.2000,17419,0,79765960.000,0,-,-,-,-,4981.6000,4981.4000,4980.8000,4980.0000,4979.0000,4984.8000,4985.0000,4985.8000,4988.0000,4989.6000,1,1,3,1,1,1,2,4,3,1
SF,IC2012,2020-05-28 09:32:25.100,4981.2000,17419,0,79765960.000,0,-,-,-,-,4981.8000,4981.6000,4980.8000,4980.0000,4979.0000,4984.8000,4985.0000,4985.8000,4988.0000,4989.6000,1,1,3,1,1,2,2,4,3,1
SF,IC2012,2020-05-28 09:32:25.600,4981.2000,17419,0,79765960.000,0,-,-,-,-,4982.0000,4981.8000,4980.8000,4980.0000,4979.0000,4984.8000,4985.0000,4985.8000,4988.0000,4989.6000,1,1,3,1,1,1,2,4,3,1
SF,IC2012,2020-05-28 09:32:26.100,4981.2000,17419,0,79765960.000,0,-,-,-,-,4982.0000,4981.8000,4980.8000,4980.0000,4979.0000,4984.4000,4984.8000,4985.0000,4985.8000,4988.0000,1,1,3,1,1,1,1,2,4,3
SF,IC2012,2020-05-28 09:32:26.600,4981.2000,17419,0,79765960.000,0,-,-,-,-,4982.0000,4980.8000,4980.0000,4979.0000,4976.4000,4984.2000,4984.4000,4984.6000,4985.0000,4985.8000,1,3,1,1,5,1,1,1,2,4
SF,IC2012,2020-05-28 09:32:27.100,4981.2000,17419,0,79765960.000,0,-,-,-,-,4982.0000,4980.8000,4980.0000,4979.0000,4976.4000,4984.2000,4984.4000,4985.0000,4985.8000,4988.0000,1,3,1,1,5,1,1,2,4,3
SF,IC2012,2020-05-28 09:32:27.600,4981.2000,17419,0,79765960.000,0,-,-,-,-,4982.0000,4980.8000,4980.0000,4979.0000,4976.4000,4984.2000,4984.4000,4985.0000,4985.8000,4988.0000,1,3,1,1,5,1,1,2,4,3
SF,IC2012,2020-05-28 09:32:28.100,4982.0000,17418,-1,80762360.000,1,0,1,双平,S,4980.8000,4980.0000,4979.0000,4976.4000,4975.0000,4984.2000,4984.4000,4985.0000,4985.8000,4988.0000,3,1,1,5,1,1,1,2,4,3
SF,IC2012,2020-05-28 09:32:28.600,4982.0000,17418,0,80762360.000,0,-,-,-,-,4981.0000,4980.8000,4980.0000,4979.0000,4976.4000,4984.0000,4984.2000,4984.4000,4985.0000,4985.8000,1,3,1,1,5,1,1,1,2,4
SF,IC2012,2020-05-28 09:32:29.100,4982.0000,17418,0,80762360.000,0,-,-,-,-,4981.0000,4980.8000,4980.0000,4979.0000,4976.4000,4983.8000,4984.0000,4984.4000,4985.0000,4985.8000,1,3,1,1,5,1,1,1,2,4
SF,IC2012,2020-05-28 09:32:29.600,4982.0000,17418,0,80762360.000,0,-,-,-,-,4981.4000,4981.0000,4980.8000,4980.0000,4979.0000,4983.6000,4983.8000,4985.0000,4985.8000,4988.0000,1,1,3,1,1,1,1,2,4,3
SF,IC2012,2020-05-28 09:32:30.100,4981.0000,17418,0,82754840.000,2,1,1,多换,S,4980.8000,4980.0000,4979.0000,4976.4000,4975.0000,4983.4000,4983.6000,4985.0000,4985.8000,4988.0000,3,1,1,5,1,1,1,2,4,3
SF,IC2012,2020-05-28 09:32:30.600,4981.0000,17418,0,82754840.000,0,-,-,-,-,4980.8000,4980.0000,4979.0000,4976.4000,4975.0000,4983.2000,4983.4000,4985.0000,4985.8000,4988.0000,3,1,1,5,1,1,1,2,4,3
SF,IC2012,2020-05-28 09:32:31.100,4983.0000,17418,0,83751440.000,1,0,1,多换,S,4980.8000,4980.0000,4979.0000,4976.4000,4975.0000,4983.2000,4985.0000,4985.8000,4988.0000,4989.6000,3,1,1,5,1,1,2,4,3,1
SF,IC2012,2020-05-28 09:32:31.600,4983.0000,17418,0,83751440.000,0,-,-,-,-,4980.8000,4980.0000,4979.0000,4975.0000,4974.2000,4983.0000,4983.2000,4985.0000,4985.8000,4988.0000,3,1,1,1,3,1,1,2,4,3
SF,IC2012,2020-05-28 09:32:32.100,4983.0000,17418,0,83751440.000,0,-,-,-,-,4980.8000,4980.0000,4979.0000,4975.0000,4974.2000,4982.8000,4983.0000,4983.2000,4985.0000,4985.8000,3,1,1,1,3,1,1,1,2,4
SF,IC2012,2020-05-28 09:32:32.600,4983.0000,17418,0,83751440.000,0,-,-,-,-,4980.8000,4980.0000,4979.0000,4975.0000,4974.2000,4982.6000,4983.2000,4985.0000,4985.8000,4988.0000,3,1,1,1,3,1,1,2,4,3
SF,IC2012,2020-05-28 09:32:33.100,4983.0000,17418,0,83751440.000,0,-,-,-,-,4980.8000,4980.0000,4979.0000,4975.0000,4974.2000,4982.6000,4983.2000,4985.0000,4985.8000,4988.0000,3,1,1,1,3,2,1,2,4,3
SF,IC2012,2020-05-28 09:32:34.600,4983.0000,17418,0,83751440.000,0,-,-,-,-,4980.8000,4980.0000,4979.0000,4975.0000,4974.2000,4982.6000,4983.2000,4985.0000,4985.8000,4988.0000,3,1,1,1,3,1,1,2,4,3
SF,IC2012,2020-05-28 09:32:35.100,4983.0000,17418,0,83751440.000,0,-,-,-,-,4980.8000,4980.0000,4979.0000,4975.0000,4974.2000,4982.2000,4982.6000,4983.2000,4985.0000,4985.8000,3,1,1,1,3,1,1,1,2,4
SF,IC2012,2020-05-28 09:32:35.600,4982.6000,17418,0,84747960.000,1,0,1,多换,S,4980.8000,4980.0000,4979.0000,4975.0000,4974.2000,4982.0000,4983.2000,4985.0000,4985.8000,4988.0000,3,1,1,1,3,1,1,2,4,3
SF,IC2012,2020-05-28 09:32:36.100,4982.6000,17418,0,84747960.000,0,-,-,-,-,4980.8000,4980.0000,4979.0000,4975.0000,4974.2000,4981.8000,4982.0000,4983.2000,4985.0000,4985.8000,3,1,1,1,3,1,1,1,2,4
SF,IC2012,2020-05-28 09:32:36.600,4982.6000,17418,0,84747960.000,0,-,-,-,-,4980.8000,4980.0000,4979.0000,4975.0000,4974.2000,4981.6000,4981.8000,4983.2000,4985.0000,4985.8000,3,1,1,1,3,1,1,1,2,4
SF,IC2012,2020-05-28 09:32:37.100,4980.8000,17418,0,87736440.000,3,1,2,多换,S,4980.0000,4979.0000,4975.0000,4974.2000,4970.6000,4981.6000,4981.8000,4983.2000,4985.0000,4985.8000,1,1,1,3,5,1,1,1,2,4
SF,IC2012,2020-05-28 09:32:37.600,4980.8000,17418,0,87736440.000,0,-,-,-,-,4980.0000,4979.0000,4975.0000,4974.2000,4970.6000,4981.6000,4983.2000,4985.0000,4985.8000,4988.0000,1,1,1,3,5,1,1,2,4,3
SF,IC2012,2020-05-28 09:32:38.100,4980.0000,17418,0,88732440.000,1,0,1,多换,S,4979.0000,4975.0000,4974.2000,4970.6000,4970.4000,4981.4000,4981.6000,4983.2000,4985.0000,4985.8000,1,1,3,5,2,1,1,1,2,4
SF,IC2012,2020-05-28 09:32:38.600,4980.0000,17418,0,88732440.000,0,-,-,-,-,4979.0000,4975.0000,4974.2000,4970.6000,4970.4000,4981.2000,4981.4000,4983.2000,4985.0000,4985.8000,1,1,3,5,2,1,2,1,2,4
SF,IC2012,2020-05-28 09:32:39.100,4980.0000,17418,0,88732440.000,0,-,-,-,-,4979.0000,4975.0000,4974.2000,4970.6000,4970.4000,4981.2000,4981.4000,4983.2000,4985.0000,4985.8000,1,1,3,5,2,1,1,1,2,4
SF,IC2012,2020-05-28 09:32:39.600,4980.0000,17418,0,88732440.000,0,-,-,-,-,4979.0000,4975.0000,4974.2000,4970.6000,4970.4000,4981.2000,4981.4000,4983.2000,4985.0000,4985.8000,1,1,3,5,2,1,1,1,2,4
SF,IC2012,2020-05-28 09:32:41.100,4980.0000,17418,0,88732440.000,0,-,-,-,-,4980.0000,4979.0000,4975.0000,4974.2000,4970.6000,4981.2000,4981.4000,4983.2000,4985.0000,4985.8000,1,1,1,3,5,1,1,1,2,4
SF,IC2012,2020-05-28 09:32:41.600,4980.0000,17418,0,88732440.000,0,-,-,-,-,4980.0000,4979.0000,4975.0000,4974.2000,4970.6000,4981.0000,4981.2000,4981.4000,4983.2000,4985.0000,1,1,1,3,5,1,1,1,1,2
SF,IC2012,2020-05-28 09:32:42.100,4980.0000,17418,0,88732440.000,0,-,-,-,-,4980.0000,4979.0000,4975.0000,4974.2000,4970.6000,4981.2000,4981.4000,4983.2000,4985.0000,4985.8000,1,1,1,3,5,1,1,1,2,4
SF,IC2012,2020-05-28 09:32:42.600,4980.0000,17418,0,88732440.000,0,-,-,-,-,4980.0000,4979.0000,4975.0000,4974.2000,4970.6000,4980.8000,4981.2000,4981.4000,4983.2000,4985.0000,1,1,1,3,5,1,1,1,1,2
SF,IC2012,2020-05-28 09:32:43.600,4980.8000,17417,-1,89728600.000,1,0,1,双平,S,4980.0000,4979.0000,4974.2000,4970.6000,4970.4000,4981.2000,4981.4000,4983.2000,4985.0000,4985.8000,1,1,3,5,2,1,1,1,2,4
SF,IC2012,2020-05-28 09:32:45.100,4980.8000,17417,0,89728600.000,0,-,-,-,-,4980.0000,4979.0000,4974.2000,4970.6000,4970.4000,4981.2000,4981.4000,4983.2000,4985.0000,4985.8000,2,1,3,5,2,1,1,1,2,4
SF,IC2012,2020-05-28 09:32:45.600,4980.8000,17417,0,89728600.000,0,-,-,-,-,4980.0000,4979.0000,4974.2000,4970.6000,4970.4000,4981.2000,4981.4000,4983.2000,4985.0000,4985.8000,2,1,3,5,2,1,1,1,2,4
SF,IC2012,2020-05-28 09:32:46.600,4980.8000,17417,0,89728600.000,0,-,-,-,-,4980.0000,4979.0000,4974.2000,4970.6000,4970.4000,4981.2000,4981.4000,4983.2000,4985.0000,4985.8000,2,1,3,5,2,1,1,1,1,4
SF,IC2012,2020-05-28 09:32:48.600,4981.2000,17416,-1,90724840.000,1,0,1,双平,S,4980.0000,4979.0000,4974.2000,4970.6000,4970.4000,4981.4000,4983.2000,4985.0000,4985.8000,4989.6000,2,1,3,5,2,1,1,1,4,4
SF,IC2012,2020-05-28 09:32:50.600,4980.0000,17415,-1,92716840.000,2,0,2,多平,S,4979.0000,4974.2000,4970.6000,4970.4000,4970.0000,4981.4000,4983.2000,4985.0000,4985.8000,4989.6000,1,3,5,2,1,1,1,1,4,4
SF,IC2012,2020-05-28 09:32:51.100,4980.0000,17415,0,92716840.000,0,-,-,-,-,4979.4000,4979.0000,4974.2000,4970.6000,4970.4000,4981.2000,4981.4000,4983.2000,4985.0000,4985.8000,1,1,3,5,2,1,1,1,1,4
SF,IC2012,2020-05-28 09:32:51.600,4980.0000,17415,0,92716840.000,0,-,-,-,-,4979.0000,4974.2000,4970.6000,4970.4000,4970.0000,4981.2000,4983.2000,4985.0000,4985.8000,4989.6000,1,3,5,2,1,4,1,1,4,4
SF,IC2012,2020-05-28 09:32:52.100,4980.0000,17415,0,92716840.000,0,-,-,-,-,4979.4000,4979.2000,4979.0000,4974.2000,4970.6000,4981.2000,4983.2000,4985.0000,4985.8000,4989.6000,1,1,1,3,5,2,1,1,4,4
SF,IC2012,2020-05-28 09:32:52.600,4980.0000,17415,0,92716840.000,0,-,-,-,-,4979.6000,4979.4000,4979.0000,4974.2000,4970.6000,4981.2000,4983.2000,4985.0000,4985.8000,4989.6000,1,1,1,3,5,1,1,1,4,4
SF,IC2012,2020-05-28 09:32:53.600,4981.2000,17414,-1,93713080.000,1,0,1,双平,S,4979.8000,4979.6000,4979.0000,4974.2000,4970.6000,4983.2000,4985.0000,4985.8000,4989.6000,4990.0000,2,1,1,3,5,1,1,4,4,3
SF,IC2012,2020-05-28 09:32:54.100,4981.2000,17414,0,93713080.000,0,-,-,-,-,4980.0000,4979.0000,4974.2000,4970.6000,4970.4000,4983.0000,4983.2000,4985.0000,4985.8000,4989.6000,1,1,3,5,2,1,1,1,4,4
SF,IC2012,2020-05-28 09:32:54.600,4981.2000,17414,0,93713080.000,0,-,-,-,-,4980.0000,4979.0000,4974.2000,4970.6000,4970.4000,4982.8000,4983.0000,4985.8000,4989.6000,4990.0000,1,1,3,5,2,2,1,4,4,3
SF,IC2012,2020-05-28 09:32:56.600,4981.2000,17414,0,93713080.000,0,-,-,-,-,4980.4000,4980.0000,4979.0000,4974.2000,4970.6000,4982.8000,4985.8000,4989.6000,4990.0000,4990.4000,2,1,1,3,5,2,4,4,3,1
SF,IC2012,2020-05-28 09:32:57.100,4981.2000,17414,0,93713080.000,0,-,-,-,-,4980.6000,4980.4000,4979.0000,4974.2000,4970.6000,4982.8000,4985.8000,4989.6000,4990.0000,4990.4000,1,2,1,3,5,1,4,4,3,1
SF,IC2012,2020-05-28 09:32:57.600,4981.2000,17414,0,93713080.000,0,-,-,-,-,4980.6000,4980.4000,4980.2000,4979.0000,4974.2000,4982.8000,4985.8000,4989.6000,4990.0000,4990.4000,1,2,1,1,3,1,4,4,3,1
SF,IC2012,2020-05-28 09:32:58.600,4981.2000,17414,0,93713080.000,0,-,-,-,-,4980.6000,4980.2000,4979.0000,4974.2000,4970.6000,4982.6000,4982.8000,4985.8000,4989.6000,4990.0000,1,1,1,3,5,1,1,4,4,3
SF,IC2012,2020-05-28 09:32:59.100,4980.6000,17414,0,94709200.000,1,0,1,多换,S,4980.2000,4979.0000,4974.2000,4970.6000,4970.4000,4982.8000,4985.8000,4989.6000,4990.0000,4990.4000,1,1,3,5,2,1,4,4,3,1
SF,IC2012,2020-05-28 09:32:59.600,4980.6000,17414,0,94709200.000,0,-,-,-,-,4980.8000,4980.4000,4980.2000,4979.0000,4974.2000,4982.8000,4985.8000,4989.6000,4990.0000,4990.4000,1,1,1,1,3,1,4,4,3,1
SF,IC2012,2020-05-28 09:33:00.100,4980.6000,17414,0,94709200.000,0,-,-,-,-,4980.8000,4980.4000,4980.2000,4979.0000,4974.2000,4985.8000,4989.6000,4990.0000,4990.4000,4991.0000,1,1,1,1,3,4,4,3,1,1
SF,IC2012,2020-05-28 09:33:00.600,4980.6000,17414,0,94709200.000,0,-,-,-,-,4980.2000,4979.0000,4974.2000,4970.6000,4970.4000,4985.6000,4985.8000,4989.6000,4990.0000,4990.4000,1,1,3,5,2,7,4,4,3,1
SF,IC2012,2020-05-28 09:33:01.100,4980.6000,17414,0,94709200.000,0,-,-,-,-,4980.2000,4979.0000,4974.2000,4970.6000,4970.4000,4982.8000,4985.6000,4985.8000,4989.6000,4990.0000,1,1,3,5,2,1,9,4,4,3
SF,IC2012,2020-05-28 09:33:01.600,4980.6000,17414,0,94709200.000,0,-,-,-,-,4980.2000,4979.0000,4974.2000,4970.6000,4970.4000,4982.6000,4985.6000,4985.8000,4989.6000,4990.0000,1,1,3,5,2,3,5,4,4,3
SF,IC2012,2020-05-28 09:33:02.100,4980.2000,17415,1,95705240.000,1,1,0,双开,S,4979.0000,4974.2000,4970.6000,4970.4000,4970.0000,4980.0000,4982.6000,4985.6000,4985.8000,4989.6000,1,3,5,2,1,2,3,5,4,4
SF,IC2012,2020-05-28 09:33:02.600,4980.0000,17415,0,97697280.000,2,1,1,多换,S,4979.2000,4979.0000,4974.2000,4970.6000,4970.4000,4982.6000,4985.6000,4985.8000,4989.6000,4990.0000,2,1,3,5,2,3,5,4,4,3
SF,IC2012,2020-05-28 09:33:04.100,4980.0000,17415,0,97697280.000,0,-,-,-,-,4979.2000,4979.0000,4976.6000,4974.2000,4970.6000,4981.8000,4982.6000,4985.6000,4985.8000,4989.6000,2,1,1,3,5,1,2,5,4,4
SF,IC2012,2020-05-28 09:33:04.600,4980.0000,17415,0,97697280.000,0,-,-,-,-,4979.6000,4979.2000,4979.0000,4976.6000,4974.2000,4981.6000,4981.8000,4982.6000,4985.6000,4985.8000,1,1,1,1,3,1,1,1,5,4
SF,IC2012,2020-05-28 09:33:05.100,4980.0000,17415,0,97697280.000,0,-,-,-,-,4979.8000,4979.2000,4979.0000,4976.6000,4974.2000,4981.8000,4982.6000,4985.6000,4985.8000,4989.6000,1,1,1,1,3,1,1,5,4,4
SF,IC2012,2020-05-28 09:33:05.600,4980.0000,17415,0,98693280.000,1,0,1,多换,S,4979.2000,4979.0000,4976.6000,4974.2000,4970.6000,4981.8000,4982.6000,4985.6000,4985.8000,4989.6000,1,1,1,3,5,1,1,5,4,4
SF,IC2012,2020-05-28 09:33:06.100,4980.0000,17415,0,98693280.000,0,-,-,-,-,4979.0000,4976.6000,4974.2000,4970.6000,4970.4000,4981.6000,4985.6000,4985.8000,4989.6000,4990.0000,1,1,3,5,2,4,5,4,4,3
SF,IC2012,2020-05-28 09:33:07.100,4980.0000,17415,0,98693280.000,0,-,-,-,-,4980.0000,4979.0000,4976.6000,4974.2000,4970.6000,4981.6000,4985.6000,4985.8000,4989.6000,4990.0000,10,1,1,3,5,4,5,4,4,3
SF,IC2012,2020-05-28 09:33:07.600,4980.0000,17415,0,98693280.000,0,-,-,-,-,4980.0000,4979.0000,4976.6000,4974.2000,4970.6000,4980.8000,4981.6000,4985.6000,4985.8000,4989.6000,10,1,1,3,5,1,1,5,4,4
SF,IC2012,2020-05-28 09:33:08.100,4980.8000,17414,-1,99689440.000,1,0,1,双平,S,4980.0000,4979.0000,4976.6000,4974.2000,4970.6000,4981.4000,4981.6000,4985.6000,4985.8000,4989.6000,10,1,1,3,5,2,1,5,4,4
SF,IC2012,2020-05-28 09:33:08.600,4980.8000,17414,0,99689440.000,0,-,-,-,-,4980.0000,4979.0000,4976.6000,4974.2000,4970.6000,4981.0000,4981.6000,4985.6000,4985.8000,4989.6000,10,1,1,3,5,1,1,5,4,4
SF,IC2012,2020-05-28 09:33:09.100,4980.8000,17414,0,99689440.000,0,-,-,-,-,4980.0000,4979.0000,4976.6000,4974.2000,4970.6000,4980.8000,4981.0000,4985.6000,4985.8000,4989.6000,10,1,1,3,5,1,1,5,4,4
SF,IC2012,2020-05-28 09:33:09.600,4980.8000,17413,-1,100685600.000,1,0,1,双平,S,4981.2000,4980.0000,4979.0000,4976.6000,4974.2000,4985.6000,4985.8000,4989.6000,4990.0000,4990.4000,1,10,1,1,3,5,4,4,3,1
SF,IC2012,2020-05-28 09:33:10.100,4980.8000,17413,0,100685600.000,0,-,-,-,-,4981.2000,4980.0000,4979.0000,4976.6000,4974.2000,4981.8000,4985.4000,4985.6000,4985.8000,4989.6000,1,11,1,1,3,1,6,5,4,4
SF,IC2012,2020-05-28 09:33:10.600,4980.8000,17413,0,100685600.000,0,-,-,-,-,4980.0000,4979.0000,4976.6000,4974.2000,4970.6000,4981.6000,4982.2000,4985.4000,4985.6000,4985.8000,11,1,1,3,5,1,1,4,5,4
SF,IC2012,2020-05-28 09:33:11.100,4980.8000,17413,0,100685600.000,0,-,-,-,-,4980.0000,4979.0000,4978.6000,4976.6000,4974.2000,4981.4000,4981.6000,4982.2000,4985.4000,4985.6000,11,1,1,1,3,2,1,1,4,5
SF,IC2012,2020-05-28 09:33:15.100,4980.8000,17413,0,100685600.000,0,-,-,-,-,4980.0000,4979.0000,4978.6000,4976.6000,4974.2000,4985.4000,4985.6000,4985.8000,4989.6000,4990.0000,11,1,1,1,3,4,5,4,4,3
SF,IC2012,2020-05-28 09:33:15.600,4980.8000,17413,0,100685600.000,0,-,-,-,-,4980.0000,4979.0000,4978.6000,4976.6000,4974.2000,4981.8000,4985.2000,4985.4000,4985.6000,4985.8000,11,1,1,1,3,1,4,4,4,4
SF,IC2012,2020-05-28 09:33:16.100,4980.8000,17413,0,100685600.000,0,-,-,-,-,4980.0000,4979.0000,4978.6000,4976.6000,4974.2000,4985.2000,4985.4000,4985.6000,4985.8000,4989.6000,11,1,1,1,3,2,4,4,4,4
SF,IC2012,2020-05-28 09:33:16.600,4980.8000,17413,0,100685600.000,0,-,-,-,-,4980.0000,4979.0000,4978.6000,4974.2000,4970.6000,4981.4000,4985.0000,4985.2000,4985.4000,4985.6000,11,1,1,3,5,1,3,3,2,4
SF,IC2012,2020-05-28 09:33:17.100,4980.8000,17413,0,100685600.000,0,-,-,-,-,4980.0000,4979.0000,4978.6000,4974.2000,4970.6000,4982.2000,4984.0000,4984.2000,4985.0000,4985.2000,11,1,1,3,5,1,1,1,1,3
SF,IC2012,2020-05-28 09:33:17.600,4980.8000,17413,0,100685600.000,0,-,-,-,-,4980.0000,4979.0000,4978.6000,4974.2000,4970.6000,4981.8000,4982.0000,4982.2000,4984.0000,4984.2000,11,1,1,3,5,1,2,1,1,1
SF,IC2012,2020-05-28 09:33:18.100,4980.8000,17413,0,100685600.000,0,-,-,-,-,4980.0000,4979.0000,4978.6000,4974.2000,4970.6000,4981.6000,4981.8000,4982.0000,4982.2000,4984.0000,11,1,1,3,5,2,2,2,1,1
SF,IC2012,2020-05-28 09:33:19.100,4980.8000,17413,0,100685600.000,0,-,-,-,-,4980.0000,4979.0000,4978.6000,4974.2000,4970.6000,4981.6000,4981.8000,4982.0000,4982.2000,4984.0000,11,1,1,3,5,2,2,2,1,1
SF,IC2012,2020-05-28 09:33:19.600,4980.8000,17413,0,100685600.000,0,-,-,-,-,4980.0000,4979.0000,4978.6000,4974.2000,4970.6000,4981.8000,4982.0000,4984.0000,4984.2000,4985.0000,11,1,1,3,5,2,2,1,1,1
SF,IC2012,2020-05-28 09:33:20.100,4980.8000,17413,0,100685600.000,0,-,-,-,-,4980.0000,4979.0000,4978.6000,4974.2000,4970.6000,4982.0000,4984.0000,4984.2000,4985.0000,4985.2000,11,1,1,3,5,2,1,1,1,3
SF,IC2012,2020-05-28 09:33:20.600,4980.8000,17413,0,100685600.000,0,-,-,-,-,4980.0000,4979.0000,4978.6000,4974.2000,4970.6000,4981.0000,4981.4000,4981.6000,4981.8000,4982.0000,11,1,1,3,5,1,1,4,1,2
SF,IC2012,2020-05-28 09:33:21.100,4980.8000,17413,0,100685600.000,0,-,-,-,-,4980.0000,4979.0000,4978.6000,4974.2000,4970.6000,4982.0000,4984.0000,4984.2000,4985.0000,4985.2000,11,1,1,3,5,2,1,1,1,3
SF,IC2012,2020-05-28 09:33:21.600,4980.8000,17413,0,100685600.000,0,-,-,-,-,4980.2000,4980.0000,4979.0000,4978.6000,4974.2000,4981.8000,4982.0000,4982.2000,4984.0000,4984.2000,1,11,1,1,3,2,2,1,1,1
SF,IC2012,2020-05-28 09:33:22.100,4980.8000,17413,0,100685600.000,0,-,-,-,-,4980.2000,4980.0000,4979.0000,4978.6000,4974.2000,4981.8000,4982.0000,4984.0000,4984.2000,4985.0000,1,11,1,1,3,1,2,1,1,1
SF,IC2012,2020-05-28 09:33:22.600,4980.8000,17413,0,100685600.000,0,-,-,-,-,4980.2000,4980.0000,4979.0000,4978.6000,4977.8000,4981.8000,4982.0000,4984.0000,4984.2000,4985.0000,1,11,1,1,1,1,2,1,1,1
SF,IC2012,2020-05-28 09:33:23.100,4980.8000,17413,0,100685600.000,0,-,-,-,-,4980.2000,4980.0000,4979.0000,4978.6000,4977.8000,4981.8000,4982.0000,4984.0000,4984.2000,4985.0000,1,11,1,1,1,1,2,1,1,1
SF,IC2012,2020-05-28 09:33:24.100,4980.8000,17413,0,100685600.000,0,-,-,-,-,4980.2000,4980.0000,4979.0000,4978.6000,4977.8000,4984.0000,4984.2000,4985.0000,4985.2000,4985.4000,1,11,1,1,1,1,1,1,3,2
SF,IC2012,2020-05-28 09:33:24.600,4980.8000,17413,0,100685600.000,0,-,-,-,-,4980.2000,4980.0000,4979.0000,4978.6000,4977.8000,4981.4000,4981.6000,4982.2000,4983.8000,4984.0000,1,11,1,1,1,1,2,1,3,1
SF,IC2012,2020-05-28 09:33:25.100,4980.8000,17413,0,100685600.000,0,-,-,-,-,4980.2000,4980.0000,4979.0000,4978.6000,4977.8000,4983.8000,4984.0000,4984.2000,4985.2000,4985.4000,1,11,1,1,1,3,1,1,3,2
SF,IC2012,2020-05-28 09:33:25.600,4980.8000,17413,0,100685600.000,0,-,-,-,-,4980.2000,4980.0000,4979.0000,4978.6000,4977.8000,4981.6000,4983.8000,4984.0000,4984.2000,4985.2000,1,11,1,1,1,1,3,1,1,3
SF,IC2012,2020-05-28 09:33:26.100,4980.8000,17413,0,100685600.000,0,-,-,-,-,4980.2000,4980.0000,4979.0000,4978.6000,4977.8000,4981.4000,4982.2000,4983.8000,4984.0000,4984.2000,1,11,1,1,1,2,1,3,1,1
SF,IC2012,2020-05-28 09:33:26.600,4980.8000,17413,0,100685600.000,0,-,-,-,-,4980.2000,4980.0000,4979.0000,4978.6000,4977.8000,4983.8000,4984.0000,4984.2000,4985.2000,4985.4000,1,11,1,1,1,3,1,1,3,2
SF,IC2012,2020-05-28 09:33:27.100,4980.8000,17413,0,100685600.000,0,-,-,-,-,4980.2000,4980.0000,4979.0000,4978.6000,4977.8000,4981.6000,4983.6000,4983.8000,4984.0000,4984.2000,1,11,1,1,1,1,1,3,1,1
SF,IC2012,2020-05-28 09:33:27.600,4980.8000,17412,-1,101681760.000,1,0,1,双平,S,4980.4000,4980.2000,4980.0000,4979.0000,4978.6000,4983.6000,4983.8000,4984.0000,4984.2000,4985.2000,1,1,11,1,1,1,3,1,1,3
SF,IC2012,2020-05-28 09:33:28.100,4980.8000,17412,0,101681760.000,0,-,-,-,-,4980.4000,4980.2000,4980.0000,4979.0000,4978.6000,4983.4000,4983.6000,4983.8000,4984.0000,4984.2000,1,1,11,1,1,1,1,1,1,1
SF,IC2012,2020-05-28 09:33:28.600,4980.8000,17412,0,101681760.000,0,-,-,-,-,4980.4000,4980.2000,4980.0000,4979.0000,4978.6000,4983.2000,4983.4000,4983.6000,4983.8000,4984.0000,1,1,11,1,1,2,1,1,1,1
SF,IC2012,2020-05-28 09:33:29.100,4980.8000,17412,0,101681760.000,0,-,-,-,-,4980.4000,4980.2000,4980.0000,4979.0000,4978.6000,4983.0000,4983.6000,4983.8000,4984.0000,4984.2000,1,1,11,1,1,1,1,1,1,1
SF,IC2012,2020-05-28 09:33:29.600,4980.8000,17412,0,101681760.000,0,-,-,-,-,4980.4000,4980.2000,4980.0000,4979.0000,4978.6000,4983.0000,4983.6000,4983.8000,4984.0000,4984.2000,1,1,11,1,1,2,1,1,1,1
SF,IC2012,2020-05-28 09:33:31.600,4980.8000,17412,0,101681760.000,0,-,-,-,-,4980.4000,4980.2000,4980.0000,4979.0000,4978.6000,4983.0000,4984.0000,4984.2000,4985.2000,4985.4000,1,1,11,1,1,2,1,1,2,2
SF,IC2012,2020-05-28 09:33:32.100,4980.8000,17412,0,101681760.000,0,-,-,-,-,4982.2000,4980.4000,4980.2000,4980.0000,4979.0000,4983.0000,4984.0000,4984.2000,4985.2000,4985.4000,1,1,1,11,1,2,1,1,2,2
SF,IC2012,2020-05-28 09:33:32.600,4982.2000,17412,0,102678200.000,1,0,1,多换,S,4980.4000,4980.2000,4980.0000,4979.0000,4977.8000,4982.2000,4983.0000,4984.0000,4985.2000,4985.4000,1,1,11,1,1,1,1,1,2,2
SF,IC2012,2020-05-28 09:33:33.600,4982.2000,17412,0,103674640.000,1,0,1,多换,S,4980.4000,4980.2000,4980.0000,4979.0000,4977.8000,4983.0000,4984.0000,4985.2000,4985.4000,4985.6000,1,1,11,1,1,1,1,2,2,4
SF,IC2012,2020-05-28 09:33:34.100,4982.2000,17412,0,103674640.000,0,-,-,-,-,4980.4000,4980.2000,4980.0000,4979.0000,4977.8000,4982.8000,4983.0000,4984.0000,4985.2000,4985.4000,1,1,11,1,1,1,1,1,2,2
SF,IC2012,2020-05-28 09:33:34.600,4982.2000,17412,0,103674640.000,0,-,-,-,-,4980.4000,4980.2000,4980.0000,4979.0000,4977.8000,4982.8000,4983.0000,4984.0000,4985.2000,4985.4000,1,1,11,1,1,1,1,1,2,2
SF,IC2012,2020-05-28 09:33:36.100,4982.2000,17412,0,103674640.000,0,-,-,-,-,4980.4000,4980.2000,4980.0000,4979.0000,4977.8000,4982.8000,4983.0000,4984.0000,4985.2000,4985.4000,1,1,11,1,1,1,1,1,2,2
SF,IC2012,2020-05-28 09:33:36.600,4982.2000,17412,0,103674640.000,0,-,-,-,-,4980.4000,4980.2000,4980.0000,4979.0000,4977.8000,4982.8000,4983.0000,4984.0000,4985.2000,4985.4000,3,1,11,1,1,1,1,1,2,2
SF,IC2012,2020-05-28 09:33:37.600,4982.2000,17412,0,103674640.000,0,-,-,-,-,4980.4000,4980.2000,4980.0000,4979.0000,4977.8000,4982.4000,4982.6000,4982.8000,4983.0000,4984.0000,3,1,11,1,1,2,1,1,1,1
SF,IC2012,2020-05-28 09:33:38.100,4982.2000,17412,0,103674640.000,0,-,-,-,-,4980.4000,4980.2000,4980.0000,4979.0000,4977.8000,4982.2000,4982.6000,4982.8000,4983.0000,4984.0000,2,1,11,1,1,6,1,1,1,1
SF,IC2012,2020-05-28 09:33:38.600,4982.2000,17412,0,103674640.000,0,-,-,-,-,4980.4000,4980.2000,4980.0000,4979.0000,4977.8000,4981.8000,4982.2000,4982.6000,4982.8000,4983.0000,2,1,11,1,1,2,4,1,1,1
SF,IC2012,2020-05-28 09:33:39.100,4982.2000,17412,0,103674640.000,0,-,-,-,-,4980.4000,4980.2000,4980.0000,4979.0000,4977.8000,4982.2000,4982.8000,4983.0000,4984.0000,4985.2000,2,1,11,1,1,1,1,1,1,2
SF,IC2012,2020-05-28 09:33:40.100,4982.2000,17412,0,103674640.000,0,-,-,-,-,4980.4000,4980.2000,4980.0000,4979.0000,4977.8000,4981.8000,4982.2000,4982.8000,4983.0000,4984.0000,2,1,11,1,1,1,1,1,1,1
SF,IC2012,2020-05-28 09:33:40.600,4982.2000,17412,0,103674640.000,0,-,-,-,-,4980.8000,4980.4000,4980.2000,4980.0000,4979.0000,4981.8000,4982.8000,4983.0000,4984.0000,4985.2000,1,2,1,11,1,1,1,1,1,2
SF,IC2012,2020-05-28 09:33:41.100,4982.2000,17412,0,103674640.000,0,-,-,-,-,4980.8000,4980.4000,4980.2000,4980.0000,4979.0000,4983.0000,4984.0000,4985.2000,4985.4000,4985.6000,1,2,1,11,1,1,1,2,2,4
SF,IC2012,2020-05-28 09:33:41.600,4982.2000,17412,0,103674640.000,0,-,-,-,-,4980.8000,4980.4000,4980.2000,4980.0000,4979.0000,4981.6000,4982.8000,4983.0000,4984.0000,4985.2000,1,2,1,11,1,1,2,1,1,2
SF,IC2012,2020-05-28 09:33:42.100,4981.6000,17411,-1,104670960.000,1,0,1,双平,S,4980.8000,4980.4000,4980.2000,4980.0000,4979.0000,4982.8000,4983.0000,4984.0000,4985.2000,4985.4000,1,2,1,11,1,1,1,1,2,2
SF,IC2012,2020-05-28 09:33:42.600,4981.6000,17411,0,104670960.000,0,-,-,-,-,4980.8000,4980.4000,4980.2000,4980.0000,4979.0000,4982.6000,4982.8000,4984.0000,4985.2000,4985.4000,1,2,1,11,1,1,2,1,2,2
SF,IC2012,2020-05-28 09:33:43.600,4981.6000,17411,0,104670960.000,0,-,-,-,-,4980.8000,4980.4000,4980.2000,4980.0000,4979.0000,4982.4000,4982.6000,4982.8000,4984.0000,4985.2000,1,2,1,11,1,1,1,2,1,2
SF,IC2012,2020-05-28 09:33:45.100,4981.6000,17411,0,104670960.000,0,-,-,-,-,4980.8000,4980.4000,4980.2000,4980.0000,4979.0000,4982.2000,4982.4000,4982.8000,4984.0000,4985.2000,1,2,1,11,1,1,1,2,1,2
SF,IC2012,2020-05-28 09:33:46.100,4981.6000,17411,0,104670960.000,0,-,-,-,-,4980.8000,4980.4000,4980.2000,4980.0000,4979.0000,4982.2000,4982.4000,4982.8000,4984.0000,4985.2000,1,2,1,11,1,1,1,2,1,2
SF,IC2012,2020-05-28 09:33:46.600,4981.6000,17411,0,104670960.000,0,-,-,-,-,4980.8000,4980.4000,4980.2000,4980.0000,4979.0000,4982.2000,4982.4000,4982.8000,4984.0000,4985.2000,1,2,1,11,1,1,1,2,1,2
SF,IC2012,2020-05-28 09:33:48.600,4981.6000,17411,0,104670960.000,0,-,-,-,-,4980.8000,4980.4000,4980.2000,4980.0000,4979.0000,4982.2000,4982.8000,4984.0000,4985.2000,4985.4000,1,2,1,11,1,1,2,1,2,2
SF,IC2012,2020-05-28 09:33:49.100,4981.6000,17411,0,104670960.000,0,-,-,-,-,4980.8000,4980.4000,4980.2000,4980.0000,4979.0000,4982.8000,4984.0000,4985.2000,4985.4000,4985.6000,1,2,1,11,1,2,1,2,2,4
SF,IC2012,2020-05-28 09:33:50.100,4981.6000,17411,0,104670960.000,0,-,-,-,-,4980.8000,4980.4000,4980.2000,4980.0000,4979.0000,4982.6000,4982.8000,4984.0000,4985.2000,4985.4000,1,2,1,11,1,2,2,1,2,2
SF,IC2012,2020-05-28 09:33:50.600,4981.6000,17411,0,104670960.000,0,-,-,-,-,4980.8000,4980.4000,4980.2000,4980.0000,4979.0000,4982.6000,4982.8000,4984.0000,4985.2000,4985.4000,1,2,1,11,1,1,2,1,2,2
SF,IC2012,2020-05-28 09:33:51.100,4981.6000,17411,0,104670960.000,0,-,-,-,-,4980.8000,4980.4000,4980.2000,4980.0000,4979.0000,4982.4000,4982.6000,4982.8000,4984.0000,4985.2000,1,2,1,11,1,2,1,2,1,2
SF,IC2012,2020-05-28 09:33:51.600,4981.6000,17411,0,104670960.000,0,-,-,-,-,4980.8000,4980.4000,4980.2000,4980.0000,4979.0000,4982.8000,4984.0000,4985.2000,4985.4000,4985.6000,1,2,1,11,1,2,1,2,2,4
SF,IC2012,2020-05-28 09:33:52.100,4981.6000,17411,0,104670960.000,0,-,-,-,-,4980.8000,4980.4000,4980.2000,4980.0000,4979.0000,4982.8000,4984.0000,4985.2000,4985.4000,4985.6000,1,2,1,11,1,2,1,2,2,4
SF,IC2012,2020-05-28 09:33:53.100,4981.6000,17411,0,104670960.000,0,-,-,-,-,4981.0000,4980.8000,4980.4000,4980.2000,4980.0000,4981.8000,4982.8000,4984.0000,4985.2000,4985.4000,1,1,2,1,11,5,2,1,2,2
SF,IC2012,2020-05-28 09:33:53.600,4981.8000,17411,0,109652760.000,5,2,3,多换,S,4981.8000,4981.2000,4980.8000,4980.4000,4980.2000,4982.8000,4984.0000,4985.2000,4985.4000,4985.6000,1,1,1,2,1,1,1,2,2,4
SF,IC2012,2020-05-28 09:33:54.600,4981.8000,17411,0,109652760.000,0,-,-,-,-,4981.2000,4980.8000,4980.4000,4980.2000,4980.0000,4982.8000,4984.0000,4985.2000,4985.4000,4985.6000,1,1,2,1,11,1,1,2,2,4
SF,IC2012,2020-05-28 09:33:55.600,4981.8000,17411,0,109652760.000,0,-,-,-,-,4981.4000,4981.2000,4980.8000,4980.4000,4980.2000,4982.8000,4984.0000,4985.2000,4985.4000,4985.6000,1,1,1,2,1,1,1,2,2,4
SF,IC2012,2020-05-28 09:33:56.100,4981.4000,17410,-1,110649040.000,1,0,1,双平,S,4980.8000,4980.4000,4980.2000,4980.0000,4979.0000,4982.6000,4982.8000,4984.0000,4985.2000,4985.4000,1,2,1,11,1,3,1,1,2,2
SF,IC2012,2020-05-28 09:33:56.600,4981.4000,17410,0,110649040.000,0,-,-,-,-,4980.8000,4980.4000,4980.2000,4980.0000,4979.0000,4982.8000,4984.0000,4985.2000,4985.4000,4985.6000,1,2,1,11,1,1,1,2,2,4
SF,IC2012,2020-05-28 09:33:57.100,4981.4000,17410,0,110649040.000,0,-,-,-,-,4980.8000,4980.4000,4980.2000,4980.0000,4979.8000,4982.8000,4984.0000,4985.2000,4985.4000,4985.6000,1,2,1,11,1,1,1,2,2,4
SF,IC2012,2020-05-28 09:34:00.100,4981.4000,17410,0,110649040.000,0,-,-,-,-,4980.8000,4980.4000,4980.2000,4980.0000,4979.8000,4982.8000,4984.0000,4985.2000,4985.4000,4985.6000,1,2,1,11,1,1,2,2,2,4
SF,IC2012,2020-05-28 09:34:00.600,4981.4000,17410,0,110649040.000,0,-,-,-,-,4981.0000,4980.8000,4980.4000,4980.2000,4980.0000,4982.8000,4984.0000,4985.2000,4985.4000,4985.6000,2,1,2,1,11,1,2,2,2,4
SF,IC2012,2020-05-28 09:34:01.100,4982.8000,17409,-1,111645600.000,1,0,1,双平,S,4981.0000,4980.8000,4980.4000,4980.2000,4980.0000,4984.0000,4985.2000,4985.4000,4985.6000,4985.8000,2,1,2,1,11,2,2,2,4,4
SF,IC2012,2020-05-28 09:34:01.600,4982.8000,17409,0,111645600.000,0,-,-,-,-,4981.0000,4980.8000,4980.4000,4980.2000,4980.0000,4982.4000,4983.8000,4984.0000,4985.2000,4985.4000,1,1,2,1,11,2,6,2,2,2
SF,IC2012,2020-05-28 09:34:02.100,4982.8000,17409,0,111645600.000,0,-,-,-,-,4981.0000,4980.8000,4980.4000,4980.2000,4980.0000,4983.8000,4984.0000,4985.2000,4985.4000,4985.6000,1,1,2,1,11,6,2,2,2,4
SF,IC2012,2020-05-28 09:34:02.600,4982.8000,17409,0,111645600.000,0,-,-,-,-,4981.0000,4980.8000,4980.4000,4980.2000,4980.0000,4982.0000,4983.4000,4983.8000,4984.0000,4985.2000,1,1,2,1,11,1,1,6,2,2
SF,IC2012,2020-05-28 09:34:03.100,4982.0000,17408,-1,112642000.000,1,0,1,双平,S,4981.2000,4981.0000,4980.8000,4980.4000,4980.2000,4983.8000,4984.0000,4985.2000,4985.4000,4985.6000,1,1,1,2,1,6,2,2,2,4
SF,IC2012,2020-05-28 09:34:03.600,4982.0000,17408,0,112642000.000,0,-,-,-,-,4981.0000,4980.8000,4980.4000,4980.2000,4980.0000,4983.8000,4984.0000,4985.2000,4985.4000,4985.6000,1,1,2,1,11,6,2,2,2,4
SF,IC2012,2020-05-28 09:34:04.100,4982.0000,17408,0,112642000.000,0,-,-,-,-,4981.2000,4981.0000,4980.8000,4980.4000,4980.2000,4983.8000,4984.0000,4985.2000,4985.4000,4985.6000,1,1,1,2,1,6,2,2,2,4
SF,IC2012,2020-05-28 09:34:04.600,4982.0000,17408,0,112642000.000,0,-,-,-,-,4982.0000,4981.2000,4981.0000,4980.4000,4980.2000,4983.8000,4984.0000,4985.2000,4985.4000,4985.6000,1,1,1,2,1,6,2,2,2,4
SF,IC2012,2020-05-28 09:34:05.100,4982.0000,17408,0,112642000.000,0,-,-,-,-,4982.2000,4982.0000,4980.4000,4980.2000,4980.0000,4983.8000,4984.0000,4985.2000,4985.4000,4985.6000,1,1,2,1,11,5,2,2,2,4
SF,IC2012,2020-05-28 09:34:05.600,4982.0000,17407,-1,113638400.000,1,0,1,双平,S,4982.0000,4980.4000,4980.2000,4980.0000,4979.8000,4982.8000,4983.4000,4983.8000,4984.0000,4985.2000,1,2,1,11,1,1,1,5,2,2
SF,IC2012,2020-05-28 09:34:06.100,4982.0000,17407,0,113638400.000,0,-,-,-,-,4982.0000,4980.4000,4980.2000,4980.0000,4979.8000,4982.6000,4983.8000,4984.0000,4985.2000,4985.4000,1,2,1,11,1,2,5,2,2,2
SF,IC2012,2020-05-28 09:34:07.100,4982.0000,17407,0,113638400.000,0,-,-,-,-,4982.0000,4980.4000,4980.2000,4980.0000,4979.8000,4983.8000,4984.0000,4985.2000,4985.4000,4985.6000,1,2,1,11,1,5,2,2,2,4
SF,IC2012,2020-05-28 09:34:07.600,4982.0000,17407,0,113638400.000,0,-,-,-,-,4982.0000,4980.4000,4980.2000,4980.0000,4979.8000,4983.0000,4983.6000,4983.8000,4984.0000,4985.2000,1,2,1,11,1,1,4,5,2,2
SF,IC2012,2020-05-28 09:34:08.100,4982.0000,17407,0,113638400.000,0,-,-,-,-,4982.0000,4980.4000,4980.2000,4980.0000,4979.8000,4983.6000,4983.8000,4984.0000,4985.2000,4985.4000,1,2,1,11,1,4,5,2,2,2
SF,IC2012,2020-05-28 09:34:09.600,4982.0000,17407,0,113638400.000,0,-,-,-,-,4980.8000,4980.4000,4980.2000,4980.0000,4979.8000,4983.4000,4983.6000,4983.8000,4984.0000,4985.2000,1,2,1,11,1,1,4,5,2,2
SF,IC2012,2020-05-28 09:34:10.100,4982.0000,17407,0,113638400.000,0,-,-,-,-,4981.0000,4980.8000,4980.4000,4980.2000,4980.0000,4983.2000,4983.4000,4983.6000,4983.8000,4984.0000,1,1,2,1,11,4,1,4,4,2
SF,IC2012,2020-05-28 09:34:10.600,4982.0000,17407,0,113638400.000,0,-,-,-,-,4981.0000,4980.8000,4980.4000,4980.2000,4980.0000,4983.0000,4983.2000,4983.6000,4983.8000,4984.0000,1,1,2,1,11,1,4,4,4,2
SF,IC2012,2020-05-28 09:34:11.100,4982.0000,17407,0,113638400.000,0,-,-,-,-,4981.0000,4980.8000,4980.4000,4980.2000,4980.0000,4982.8000,4983.0000,4983.2000,4983.6000,4983.8000,1,1,2,1,11,1,1,4,4,4
SF,IC2012,2020-05-28 09:34:12.100,4982.0000,17407,0,113638400.000,0,-,-,-,-,4981.4000,4981.0000,4980.8000,4980.4000,4980.2000,4982.8000,4983.0000,4983.2000,4983.6000,4983.8000,1,1,1,2,1,1,1,4,4,4
SF,IC2012,2020-05-28 09:34:12.600,4982.0000,17407,0,113638400.000,0,-,-,-,-,4981.4000,4981.0000,4980.8000,4980.4000,4980.2000,4982.8000,4983.0000,4983.2000,4983.6000,4983.8000,1,1,1,2,1,1,1,3,4,4
SF,IC2012,2020-05-28 09:34:13.100,4982.0000,17407,0,113638400.000,0,-,-,-,-,4981.4000,4980.4000,4980.2000,4980.0000,4979.8000,4982.8000,4983.0000,4983.2000,4983.6000,4983.8000,1,2,1,11,1,1,1,3,4,4
SF,IC2012,2020-05-28 09:34:13.600,4982.0000,17407,0,113638400.000,0,-,-,-,-,4980.4000,4980.2000,4980.0000,4979.8000,4979.0000,4982.0000,4982.8000,4983.0000,4983.2000,4983.6000,2,1,11,1,1,1,1,1,3,4
SF,IC2012,2020-05-28 09:34:14.100,4982.0000,17407,0,113638400.000,0,-,-,-,-,4980.6000,4980.4000,4980.2000,4980.0000,4979.8000,4982.0000,4982.8000,4983.2000,4983.6000,4983.8000,2,2,1,11,1,5,1,3,4,4
SF,IC2012,2020-05-28 09:34:14.600,4982.0000,17407,0,113638400.000,0,-,-,-,-,4980.6000,4980.4000,4980.2000,4980.0000,4979.8000,4981.8000,4982.0000,4982.8000,4983.2000,4983.6000,2,2,1,11,1,2,5,1,3,4
SF,IC2012,2020-05-28 09:34:15.100,4982.0000,17407,0,113638400.000,0,-,-,-,-,4980.6000,4980.4000,4980.2000,4980.0000,4979.8000,4982.0000,4982.8000,4983.2000,4983.6000,4983.8000,2,2,1,11,1,5,1,3,4,4
SF,IC2012,2020-05-28 09:34:15.600,4982.0000,17407,0,113638400.000,0,-,-,-,-,4980.8000,4980.6000,4980.4000,4980.2000,4980.0000,4982.0000,4982.8000,4983.2000,4983.6000,4983.8000,1,1,2,1,11,5,1,3,4,4
SF,IC2012,2020-05-28 09:34:16.100,4982.0000,17407,0,113638400.000,0,-,-,-,-,4980.6000,4980.4000,4980.2000,4980.0000,4979.8000,4980.8000,4982.0000,4982.8000,4983.2000,4983.6000,1,2,1,11,1,1,5,1,3,4
SF,IC2012,2020-05-28 09:34:16.600,4980.4000,17404,-3,116626680.000,3,0,3,双平,S,4980.2000,4980.0000,4979.8000,4979.0000,4977.8000,4980.8000,4981.8000,4982.0000,4982.2000,4982.8000,1,11,1,1,1,1,3,5,1,1
SF,IC2012,2020-05-28 09:34:17.100,4980.8000,17402,-2,118619000.000,2,0,2,双平,S,4980.2000,4980.0000,4979.8000,4979.0000,4977.8000,4981.8000,4982.0000,4982.2000,4982.8000,4983.2000,1,11,1,1,1,2,5,1,1,3
SF,IC2012,2020-05-28 09:34:17.600,4980.8000,17402,0,118619000.000,0,-,-,-,-,4980.2000,4980.0000,4979.8000,4979.0000,4977.8000,4981.6000,4981.8000,4982.0000,4982.2000,4982.8000,1,11,1,1,1,2,2,5,1,1
SF,IC2012,2020-05-28 09:34:18.600,4980.8000,17402,0,118619000.000,0,-,-,-,-,4980.2000,4980.0000,4979.8000,4979.0000,4977.8000,4981.4000,4981.6000,4981.8000,4982.0000,4982.2000,1,11,1,1,1,1,2,2,5,1
SF,IC2012,2020-05-28 09:34:19.100,4980.8000,17402,0,118619000.000,0,-,-,-,-,4980.2000,4980.0000,4979.8000,4979.0000,4977.8000,4981.6000,4981.8000,4982.0000,4982.2000,4982.8000,1,11,1,1,1,2,2,5,1,1
SF,IC2012,2020-05-28 09:34:20.600,4980.8000,17402,0,118619000.000,0,-,-,-,-,4980.2000,4980.0000,4979.8000,4979.0000,4977.8000,4981.4000,4981.6000,4981.8000,4982.0000,4982.2000,1,11,1,1,1,2,2,2,5,1
SF,IC2012,2020-05-28 09:34:21.100,4980.8000,17402,0,118619000.000,0,-,-,-,-,4980.2000,4980.0000,4979.8000,4979.0000,4977.8000,4981.2000,4981.4000,4981.8000,4982.0000,4982.2000,1,11,1,1,1,1,2,2,5,1
SF,IC2012,2020-05-28 09:34:21.600,4980.2000,17402,0,119615040.000,1,0,1,多换,S,4980.0000,4979.8000,4979.0000,4977.8000,4974.2000,4980.6000,4981.0000,4981.2000,4981.4000,4981.8000,11,1,1,1,3,1,2,1,2,2
SF,IC2012,2020-05-28 09:34:22.100,4980.2000,17402,0,119615040.000,0,-,-,-,-,4980.0000,4979.8000,4979.0000,4977.8000,4974.2000,4980.4000,4981.0000,4981.4000,4981.8000,4982.0000,10,1,1,1,3,1,2,2,2,5
SF,IC2012,2020-05-28 09:34:22.600,4980.2000,17402,0,119615040.000,0,-,-,-,-,4980.0000,4979.8000,4979.0000,4977.8000,4974.2000,4981.0000,4981.4000,4981.8000,4982.0000,4982.2000,10,1,1,1,3,2,2,2,5,1
SF,IC2012,2020-05-28 09:34:23.100,4980.0000,17402,0,121607040.000,2,1,1,多换,S,4980.0000,4979.8000,4979.0000,4977.8000,4974.2000,4980.4000,4980.8000,4981.0000,4981.4000,4981.8000,8,1,1,1,3,1,2,2,2,2
SF,IC2012,2020-05-28 09:34:23.600,4980.0000,17402,0,121607040.000,0,-,-,-,-,4980.0000,4979.8000,4979.0000,4977.8000,4974.2000,4981.0000,4981.4000,4981.8000,4982.0000,4982.2000,8,1,1,1,3,2,2,2,5,1
SF,IC2012,2020-05-28 09:34:24.100,4980.0000,17402,0,121607040.000,0,-,-,-,-,4980.0000,4979.8000,4979.0000,4977.8000,4974.2000,4980.8000,4981.0000,4981.4000,4981.8000,4982.0000,8,1,1,1,3,2,2,2,2,5
SF,IC2012,2020-05-28 09:34:26.100,4980.0000,17402,0,122603040.000,1,0,1,多换,S,4980.0000,4979.8000,4979.0000,4977.8000,4974.2000,4980.8000,4981.0000,4981.4000,4981.8000,4982.0000,7,1,1,1,3,2,2,2,2,5
SF,IC2012,2020-05-28 09:34:26.600,4980.0000,17403,1,124595040.000,2,1,1,空开,S,4980.0000,4979.8000,4979.0000,4977.8000,4974.2000,4981.0000,4981.4000,4981.8000,4982.0000,4982.2000,5,1,1,1,3,1,2,2,5,1
SF,IC2012,2020-05-28 09:34:27.100,4980.0000,17403,0,126587040.000,2,1,1,多换,S,4980.0000,4979.0000,4977.8000,4974.2000,4970.6000,4980.8000,4981.4000,4981.8000,4982.2000,4982.8000,4,1,1,3,5,1,2,2,1,1
SF,IC2012,2020-05-28 09:34:27.600,4980.0000,17403,0,126587040.000,0,-,-,-,-,4980.0000,4979.0000,4977.8000,4974.2000,4970.6000,4980.6000,4980.8000,4981.4000,4981.8000,4982.2000,4,1,1,3,5,1,2,2,2,1
SF,IC2012,2020-05-28 09:34:28.600,4980.0000,17403,0,126587040.000,0,-,-,-,-,4980.0000,4979.0000,4977.8000,4974.2000,4970.6000,4980.6000,4980.8000,4981.4000,4981.8000,4982.2000,4,1,1,3,5,1,1,2,2,1
SF,IC2012,2020-05-28 09:34:29.100,4980.0000,17403,0,126587040.000,0,-,-,-,-,4980.0000,4979.0000,4977.8000,4974.2000,4970.6000,4980.4000,4980.6000,4980.8000,4981.4000,4981.8000,4,1,1,3,5,2,1,1,2,2
SF,IC2012,2020-05-28 09:34:29.600,4980.0000,17403,0,128579040.000,2,1,1,多换,S,4980.0000,4979.0000,4977.8000,4974.2000,4970.6000,4980.4000,4980.6000,4980.8000,4981.4000,4981.8000,2,1,1,3,5,2,1,1,2,2
SF,IC2012,2020-05-28 09:34:30.100,4980.0000,17403,0,130571040.000,2,1,1,多换,S,4979.0000,4977.8000,4974.2000,4970.6000,4970.4000,4980.4000,4980.6000,4980.8000,4981.4000,4981.8000,1,1,3,5,2,2,1,1,2,2
SF,IC2012,2020-05-28 09:34:30.600,4980.0000,17403,0,130571040.000,0,-,-,-,-,4979.0000,4977.8000,4974.2000,4970.6000,4970.4000,4980.2000,4980.4000,4980.6000,4980.8000,4981.4000,1,1,3,5,2,5,2,1,1,2
SF,IC2012,2020-05-28 09:34:31.100,4980.0000,17404,1,131567040.000,1,1,0,双开,S,4979.0000,4977.8000,4974.2000,4970.6000,4970.4000,4980.2000,4980.4000,4980.8000,4981.4000,4981.8000,1,1,3,5,2,5,2,1,2,2
SF,IC2012,2020-05-28 09:34:31.600,4980.0000,17404,0,131567040.000,0,-,-,-,-,4979.0000,4977.8000,4974.2000,4970.6000,4970.4000,4980.0000,4980.2000,4980.4000,4980.8000,4981.4000,1,1,3,5,2,2,5,2,1,2
SF,IC2012,2020-05-28 09:34:32.100,4980.0000,17404,0,131567040.000,0,-,-,-,-,4979.0000,4977.8000,4974.2000,4970.6000,4970.4000,4980.0000,4980.2000,4980.4000,4980.8000,4981.4000,1,1,3,5,2,4,5,2,1,2
SF,IC2012,2020-05-28 09:34:32.600,4980.0000,17404,0,131567040.000,0,-,-,-,-,4979.0000,4977.8000,4974.2000,4970.6000,4970.4000,4980.0000,4980.2000,4980.4000,4980.8000,4981.4000,1,1,3,5,2,5,5,2,1,2
SF,IC2012,2020-05-28 09:34:33.100,4979.0000,17403,-1,132562840.000,1,0,1,双平,S,4977.8000,4974.2000,4970.6000,4970.4000,4970.0000,4979.8000,4980.0000,4980.2000,4980.4000,4980.8000,1,3,5,2,1,1,5,5,2,1
SF,IC2012,2020-05-28 09:34:33.600,4979.0000,17403,0,132562840.000,0,-,-,-,-,4978.0000,4977.8000,4974.2000,4970.6000,4970.4000,4979.6000,4979.8000,4980.0000,4980.2000,4980.4000,1,1,3,5,2,1,1,5,5,2
SF,IC2012,2020-05-28 09:34:34.100,4979.0000,17403,0,132562840.000,0,-,-,-,-,4978.0000,4977.8000,4974.2000,4970.6000,4970.4000,4979.6000,4979.8000,4980.0000,4980.2000,4980.4000,1,1,3,5,2,1,1,3,5,2
SF,IC2012,2020-05-28 09:34:36.100,4979.0000,17403,0,132562840.000,0,-,-,-,-,4978.2000,4977.8000,4974.2000,4970.6000,4970.4000,4979.8000,4980.0000,4980.2000,4980.4000,4980.8000,1,1,3,5,2,1,3,5,2,1
SF,IC2012,2020-05-28 09:34:36.600,4979.0000,17403,0,132562840.000,0,-,-,-,-,4978.2000,4977.8000,4974.2000,4970.6000,4970.4000,4979.8000,4980.0000,4980.2000,4980.4000,4980.8000,1,1,3,5,2,1,3,5,2,1
SF,IC2012,2020-05-28 09:34:37.100,4979.0000,17403,0,132562840.000,0,-,-,-,-,4977.8000,4974.2000,4970.6000,4970.4000,4970.0000,4979.6000,4979.8000,4980.0000,4980.2000,4980.4000,1,3,5,2,1,1,1,3,5,2
SF,IC2012,2020-05-28 09:34:37.600,4979.0000,17403,0,132562840.000,0,-,-,-,-,4977.8000,4974.2000,4970.6000,4970.4000,4970.0000,4979.8000,4980.0000,4980.2000,4980.4000,4980.8000,1,3,5,2,1,1,3,5,2,1
SF,IC2012,2020-05-28 09:34:38.100,4979.0000,17403,0,132562840.000,0,-,-,-,-,4978.0000,4977.8000,4974.2000,4970.6000,4970.4000,4979.8000,4980.0000,4980.2000,4980.4000,4980.8000,1,1,3,5,2,1,1,5,2,1
SF,IC2012,2020-05-28 09:34:38.600,4979.0000,17403,0,132562840.000,0,-,-,-,-,4978.4000,4977.8000,4974.2000,4970.6000,4970.4000,4980.0000,4980.2000,4980.8000,4981.4000,4981.8000,1,1,3,5,2,1,5,1,2,2
SF,IC2012,2020-05-28 09:34:39.100,4980.0000,17402,-1,133558840.000,1,0,1,双平,S,4979.8000,4978.6000,4977.8000,4974.2000,4970.6000,4980.2000,4980.8000,4981.4000,4981.8000,4982.8000,1,1,1,3,5,5,1,2,2,1
SF,IC2012,2020-05-28 09:34:39.600,4980.2000,17401,-1,139535080.000,6,2,4,多平,S,4980.8000,4980.6000,4979.8000,4977.8000,4974.2000,4981.8000,4982.8000,4983.2000,4983.6000,4983.8000,1,2,1,1,3,2,1,3,4,4
SF,IC2012,2020-05-28 09:34:40.100,4980.2000,17401,0,139535080.000,0,-,-,-,-,4980.8000,4980.6000,4979.8000,4977.8000,4974.2000,4982.8000,4983.2000,4983.6000,4983.8000,4984.0000,1,2,1,1,3,1,3,4,4,2
SF,IC2012,2020-05-28 09:34:40.600,4980.2000,17401,0,139535080.000,0,-,-,-,-,4981.8000,4981.0000,4980.8000,4980.6000,4979.8000,4982.6000,4984.0000,4985.2000,4985.4000,4985.6000,2,1,1,2,1,1,2,2,2,4
SF,IC2012,2020-05-28 09:34:41.100,4980.2000,17401,0,139535080.000,0,-,-,-,-,4980.8000,4980.6000,4979.8000,4977.8000,4974.2000,4982.6000,4984.0000,4985.2000,4985.4000,4985.6000,1,2,1,1,3,3,2,2,2,4
SF,IC2012,2020-05-28 09:34:41.600,4980.2000,17401,0,139535080.000,0,-,-,-,-,4980.8000,4980.6000,4979.8000,4977.8000,4974.2000,4982.6000,4983.4000,4984.0000,4985.2000,4985.4000,1,2,1,1,3,1,2,2,2,2
SF,IC2012,2020-05-28 09:34:42.100,4980.2000,17401,0,139535080.000,0,-,-,-,-,4980.6000,4979.8000,4977.8000,4974.2000,4970.6000,4982.2000,4982.4000,4982.6000,4983.4000,4984.0000,2,1,1,3,5,1,6,1,2,2
SF,IC2012,2020-05-28 09:34:42.600,4980.2000,17401,0,139535080.000,0,-,-,-,-,4980.6000,4979.8000,4977.8000,4974.2000,4970.6000,4982.0000,4982.2000,4982.4000,4983.4000,4984.0000,2,1,1,3,5,3,1,1,2,2
SF,IC2012,2020-05-28 09:34:43.100,4980.2000,17401,0,139535080.000,0,-,-,-,-,4980.6000,4979.8000,4977.8000,4974.2000,4970.6000,4981.8000,4982.0000,4982.2000,4982.4000,4984.0000,2,1,1,3,5,1,3,1,1,2
SF,IC2012,2020-05-28 09:34:43.600,4980.2000,17401,0,139535080.000,0,-,-,-,-,4980.6000,4979.8000,4977.8000,4974.2000,4970.6000,4981.6000,4981.8000,4982.0000,4982.2000,4982.4000,2,1,1,3,5,3,1,2,1,1
SF,IC2012,2020-05-28 09:34:44.600,4980.2000,17401,0,139535080.000,0,-,-,-,-,4980.8000,4980.6000,4979.8000,4977.8000,4974.2000,4981.8000,4984.0000,4985.2000,4985.4000,4985.6000,1,2,1,1,3,1,2,3,2,4
SF,IC2012,2020-05-28 09:34:45.100,4981.8000,17400,-1,140531440.000,1,0,1,双平,S,4981.8000,4981.6000,4981.0000,4980.6000,4979.8000,4984.0000,4985.2000,4985.4000,4985.6000,4985.8000,1,1,1,2,1,2,3,2,4,4
SF,IC2012,2020-05-28 09:34:45.600,4981.8000,17400,0,140531440.000,0,-,-,-,-,4981.8000,4981.6000,4980.6000,4979.8000,4977.8000,4983.6000,4983.8000,4984.0000,4985.2000,4985.4000,1,1,2,1,1,1,1,2,3,2
SF,IC2012,2020-05-28 09:34:46.100,4981.8000,17400,0,140531440.000,0,-,-,-,-,4981.8000,4981.6000,4980.6000,4979.8000,4977.8000,4983.4000,4983.6000,4983.8000,4984.0000,4985.2000,1,1,2,1,1,1,1,1,2,3
SF,IC2012,2020-05-28 09:34:46.600,4981.8000,17400,0,140531440.000,0,-,-,-,-,4981.8000,4981.6000,4980.6000,4979.8000,4977.8000,4983.2000,4983.4000,4983.8000,4984.0000,4985.2000,1,1,2,1,1,1,1,1,2,3
SF,IC2012,2020-05-28 09:34:47.100,4981.8000,17400,0,140531440.000,0,-,-,-,-,4981.8000,4981.6000,4980.6000,4979.8000,4977.8000,4983.0000,4983.2000,4983.4000,4983.8000,4984.0000,1,1,2,1,1,1,1,1,1,2
SF,IC2012,2020-05-28 09:34:48.100,4981.8000,17400,0,140531440.000,0,-,-,-,-,4981.8000,4981.6000,4980.6000,4979.8000,4977.8000,4983.0000,4983.4000,4983.8000,4984.0000,4985.2000,1,1,2,1,1,1,1,1,2,3
SF,IC2012,2020-05-28 09:34:49.600,4981.8000,17400,0,140531440.000,0,-,-,-,-,4982.0000,4981.8000,4981.6000,4980.6000,4979.8000,4983.4000,4983.8000,4984.0000,4985.2000,4985.4000,1,1,1,2,1,1,1,2,3,2
SF,IC2012,2020-05-28 09:34:50.100,4981.8000,17400,0,140531440.000,0,-,-,-,-,4982.0000,4981.8000,4981.6000,4980.6000,4979.8000,4983.2000,4983.4000,4983.8000,4984.0000,4985.2000,1,1,1,2,1,2,1,1,2,3
SF,IC2012,2020-05-28 09:34:50.600,4981.8000,17400,0,140531440.000,0,-,-,-,-,4981.8000,4981.6000,4980.6000,4979.8000,4977.8000,4983.2000,4983.4000,4983.8000,4984.0000,4985.2000,1,1,2,1,1,2,1,1,2,3
SF,IC2012,2020-05-28 09:34:52.100,4981.8000,17400,0,140531440.000,0,-,-,-,-,4981.8000,4981.6000,4980.6000,4979.8000,4977.8000,4983.8000,4984.0000,4985.2000,4985.4000,4985.6000,1,1,2,1,1,1,2,3,2,4
SF,IC2012,2020-05-28 09:34:52.600,4981.8000,17400,0,140531440.000,0,-,-,-,-,4982.2000,4981.8000,4981.6000,4980.6000,4979.8000,4983.6000,4983.8000,4984.0000,4985.2000,4985.4000,1,1,1,2,1,1,1,2,3,2
SF,IC2012,2020-05-28 09:34:53.100,4981.8000,17400,0,140531440.000,0,-,-,-,-,4982.2000,4981.8000,4981.6000,4980.6000,4977.8000,4983.8000,4984.0000,4985.2000,4985.4000,4985.6000,1,1,1,2,1,1,2,3,2,4
SF,IC2012,2020-05-28 09:34:53.600,4981.8000,17400,0,140531440.000,0,-,-,-,-,4982.2000,4981.8000,4981.6000,4980.6000,4977.8000,4984.0000,4985.2000,4985.4000,4985.6000,4985.8000,1,1,1,2,1,2,3,2,4,4
SF,IC2012,2020-05-28 09:34:54.100,4981.8000,17400,0,140531440.000,0,-,-,-,-,4981.8000,4981.6000,4980.6000,4977.8000,4974.2000,4983.6000,4984.0000,4985.2000,4985.4000,4985.6000,1,1,2,1,3,2,2,3,2,4
SF,IC2012,2020-05-28 09:34:54.600,4981.8000,17400,0,140531440.000,0,-,-,-,-,4981.8000,4981.6000,4980.6000,4977.8000,4974.2000,4984.0000,4985.2000,4985.4000,4985.6000,4985.8000,1,1,2,1,3,2,3,2,4,4
SF,IC2012,2020-05-28 09:34:55.100,4981.8000,17400,0,140531440.000,0,-,-,-,-,4981.8000,4981.6000,4980.6000,4977.8000,4974.2000,4983.8000,4984.0000,4985.2000,4985.4000,4985.6000,1,1,2,1,3,1,2,3,2,4
SF,IC2012,2020-05-28 09:34:56.600,4981.8000,17400,0,140531440.000,0,-,-,-,-,4982.0000,4981.8000,4981.6000,4980.6000,4977.8000,4984.0000,4985.2000,4985.4000,4985.6000,4985.8000,1,1,1,2,1,2,3,2,4,4
SF,IC2012,2020-05-28 09:34:57.100,4981.8000,17400,0,140531440.000,0,-,-,-,-,4982.2000,4981.8000,4981.6000,4980.6000,4977.8000,4984.0000,4985.2000,4985.4000,4985.6000,4985.8000,1,1,1,2,1,2,3,2,4,4
SF,IC2012,2020-05-28 09:34:57.600,4984.0000,17401,1,141528240.000,1,1,0,双开,S,4982.6000,4981.8000,4981.6000,4980.6000,4977.8000,4984.0000,4985.2000,4985.4000,4985.6000,4985.8000,1,1,1,2,1,1,3,2,4,4
SF,IC2012,2020-05-28 09:34:58.100,4984.0000,17401,0,141528240.000,0,-,-,-,-,4983.0000,4981.8000,4981.6000,4980.6000,4977.8000,4984.0000,4985.2000,4985.4000,4985.6000,4985.8000,1,1,1,2,1,1,3,2,4,4
SF,IC2012,2020-05-28 09:34:58.600,4984.0000,17401,0,141528240.000,0,-,-,-,-,4983.0000,4981.8000,4981.6000,4977.8000,4974.2000,4984.0000,4985.2000,4985.4000,4985.6000,4985.8000,1,1,1,1,3,1,3,2,4,4
SF,IC2012,2020-05-28 09:34:59.100,4984.0000,17401,0,141528240.000,0,-,-,-,-,4983.0000,4981.8000,4981.6000,4977.8000,4974.2000,4984.0000,4985.2000,4985.4000,4985.6000,4985.8000,1,1,1,1,3,1,3,2,4,4
SF,IC2012,2020-05-28 09:34:59.600,4984.0000,17401,0,141528240.000,0,-,-,-,-,4983.0000,4982.2000,4981.8000,4981.6000,4977.8000,4984.0000,4985.2000,4985.4000,4985.6000,4985.8000,1,1,1,1,1,1,3,2,4,4
SF,IC2012,2020-05-28 09:35:01.100,4984.0000,17401,0,142525040.000,1,0,1,多换,S,4983.2000,4982.2000,4981.8000,4981.6000,4977.8000,4985.2000,4985.4000,4985.6000,4985.8000,4986.8000,1,1,1,1,1,3,2,4,4,1
SF,IC2012,2020-05-28 09:35:01.600,4984.0000,17401,0,142525040.000,0,-,-,-,-,4983.2000,4982.2000,4981.8000,4981.6000,4977.8000,4985.0000,4985.2000,4985.4000,4985.6000,4985.8000,1,1,1,1,1,2,2,1,4,4
SF,IC2012,2020-05-28 09:35:02.100,4984.0000,17401,0,142525040.000,0,-,-,-,-,4983.6000,4982.2000,4981.8000,4981.6000,4977.8000,4985.2000,4986.8000,4989.6000,4990.0000,4990.4000,1,1,1,1,1,1,1,4,3,1
SF,IC2012,2020-05-28 09:35:02.600,4985.0000,17402,1,143522040.000,1,1,0,双开,S,4983.6000,4982.2000,4981.8000,4981.6000,4977.8000,4985.2000,4986.8000,4989.6000,4990.0000,4990.4000,1,1,1,1,1,1,1,4,3,1
SF,IC2012,2020-05-28 09:35:03.100,4985.0000,17402,0,143522040.000,0,-,-,-,-,4982.2000,4981.8000,4981.6000,4977.8000,4974.2000,4985.0000,4985.2000,4986.8000,4989.6000,4990.0000,1,1,1,1,3,2,1,1,4,3
SF,IC2012,2020-05-28 09:35:03.600,4985.0000,17402,0,143522040.000,0,-,-,-,-,4982.2000,4981.8000,4981.6000,4977.8000,4974.2000,4984.8000,4985.2000,4986.8000,4989.6000,4990.0000,1,1,1,1,3,1,1,1,4,3
SF,IC2012,2020-05-28 09:35:04.100,4985.0000,17402,0,143522040.000,0,-,-,-,-,4982.2000,4981.8000,4981.6000,4977.8000,4974.2000,4984.8000,4985.2000,4986.8000,4989.6000,4990.0000,1,1,1,1,3,1,1,1,4,3
SF,IC2012,2020-05-28 09:35:04.600,4985.0000,17402,0,143522040.000,0,-,-,-,-,4982.2000,4981.8000,4981.6000,4977.8000,4974.2000,4984.8000,4985.2000,4986.8000,4989.6000,4990.0000,1,1,1,1,3,1,1,1,4,3
SF,IC2012,2020-05-28 09:35:05.100,4985.0000,17402,0,143522040.000,0,-,-,-,-,4982.2000,4981.8000,4981.6000,4977.8000,4974.2000,4984.6000,4984.8000,4985.2000,4986.8000,4989.6000,1,1,1,1,3,1,1,1,1,4
SF,IC2012,2020-05-28 09:35:05.600,4985.0000,17402,0,143522040.000,0,-,-,-,-,4982.6000,4982.2000,4981.8000,4981.6000,4980.0000,4984.8000,4985.2000,4986.8000,4989.6000,4990.0000,1,1,1,1,3,1,1,1,4,3
SF,IC2012,2020-05-28 09:35:06.100,4985.0000,17402,0,143522040.000,0,-,-,-,-,4982.6000,4982.2000,4981.8000,4981.6000,4980.0000,4984.8000,4985.2000,4986.8000,4989.6000,4990.0000,1,1,1,1,3,1,1,1,4,4
SF,IC2012,2020-05-28 09:35:06.600,4985.0000,17402,0,143522040.000,0,-,-,-,-,4983.0000,4982.2000,4981.8000,4981.6000,4980.0000,4984.8000,4985.2000,4986.8000,4989.6000,4990.0000,1,1,1,1,3,1,1,1,4,4
SF,IC2012,2020-05-28 09:35:07.100,4985.0000,17402,0,143522040.000,0,-,-,-,-,4983.0000,4982.2000,4981.8000,4981.6000,4980.0000,4985.2000,4986.8000,4989.6000,4990.0000,4990.4000,1,1,1,1,3,1,1,4,4,1
SF,IC2012,2020-05-28 09:35:07.600,4985.0000,17402,0,143522040.000,0,-,-,-,-,4983.0000,4982.2000,4981.8000,4981.6000,4980.0000,4985.0000,4985.2000,4986.8000,4989.6000,4990.0000,1,1,2,1,3,1,1,1,4,4
SF,IC2012,2020-05-28 09:35:08.100,4985.0000,17402,0,143522040.000,0,-,-,-,-,4983.0000,4982.2000,4981.8000,4981.6000,4980.0000,4984.8000,4985.0000,4985.2000,4986.8000,4989.6000,1,1,2,1,3,3,1,1,1,4
SF,IC2012,2020-05-28 09:35:09.100,4985.0000,17402,0,143522040.000,0,-,-,-,-,4983.0000,4982.2000,4981.8000,4981.6000,4980.0000,4985.0000,4985.2000,4986.8000,4989.6000,4990.0000,1,1,2,1,3,1,1,1,4,4
