市场代码,合约代码,时间,最新,持仓,增仓,成交额,成交量,开仓,平仓,成交类型,方向,买一价,买二价,买三价,买四价,买五价,卖一价,卖二价,卖三价,卖四价,卖五价,买一量,买二量,买三量,买四量,买五量,卖一量,卖二量,卖三量,卖四量,卖五量
SF,IC2012,2020-06-04 09:29:00.200,5204.4000,20424,0,7286160.000,7.000,-,-,-,-,5204.4000,5202.0000,5200.0000,5193.0000,5191.8000,5205.0000,5206.0000,5206.6000,5209.8000,5210.0000,3,1,1,1,1,1,1,5,1,1
SF,IC2012,2020-06-04 09:30:00.200,5204.4000,20427,3,13531680.000,6,4,2,空开,S,5202.0000,5200.0000,5193.0000,5191.8000,5191.2000,5206.0000,5206.6000,5209.8000,5210.0000,5211.8000,1,2,1,1,1,8,5,1,1,1
SF,IC2012,2020-06-04 09:30:00.700,5204.4000,20427,0,13531680.000,0,-,-,-,-,5203.2000,5202.2000,5202.0000,5200.0000,5193.0000,5206.0000,5206.6000,5209.8000,5210.0000,5211.8000,2,1,1,2,1,8,5,1,1,1
SF,IC2012,2020-06-04 09:30:01.200,5204.4000,20427,0,13531680.000,0,-,-,-,-,5203.4000,5202.2000,5202.0000,5200.0000,5196.8000,5206.0000,5206.6000,5209.8000,5210.0000,5211.8000,1,1,1,2,5,8,5,1,1,1
SF,IC2012,2020-06-04 09:30:01.700,5203.4000,20426,-1,14572360.000,1,0,1,双平,S,5202.0000,5200.0000,5196.8000,5193.0000,5191.8000,5202.2000,5205.8000,5206.0000,5206.6000,5209.8000,1,2,5,1,1,2,1,8,5,1
SF,IC2012,2020-06-04 09:30:02.200,5203.4000,20424,-2,16653720.000,2,0,2,双平,S,5202.2000,5202.0000,5200.0000,5196.8000,5191.8000,5205.8000,5206.0000,5206.6000,5209.8000,5210.0000,2,3,2,5,1,1,8,5,1,1
SF,IC2012,2020-06-04 09:30:02.700,5203.4000,20424,0,16653720.000,0,-,-,-,-,5202.2000,5202.0000,5200.0000,5191.8000,5191.0000,5205.4000,5205.8000,5206.0000,5206.6000,5209.8000,2,1,3,1,5,2,1,8,5,1
SF,IC2012,2020-06-04 09:30:03.200,5202.2000,20423,-1,17694160.000,1,0,1,双平,S,5202.0000,5200.0000,5191.8000,5191.0000,5190.0000,5202.2000,5205.2000,5205.6000,5206.0000,5206.6000,1,3,1,5,1,1,2,2,8,5
SF,IC2012,2020-06-04 09:30:03.700,5202.0000,20423,0,18734560.000,1,0,1,多换,S,5200.0000,5191.8000,5191.0000,5190.0000,5187.0000,5201.8000,5202.2000,5203.4000,5205.2000,5205.6000,3,1,5,1,1,1,1,1,4,2
SF,IC2012,2020-06-04 09:30:04.700,5201.8000,20423,0,20814920.000,2,1,1,多换,S,5200.2000,5200.0000,5191.8000,5191.0000,5190.0000,5202.2000,5203.4000,5205.2000,5205.6000,5206.0000,1,2,1,5,1,1,1,4,2,8
SF,IC2012,2020-06-04 09:30:05.200,5201.8000,20423,0,20814920.000,0,-,-,-,-,5200.2000,5200.0000,5191.8000,5191.0000,5190.0000,5202.2000,5203.4000,5205.2000,5205.4000,5205.6000,1,2,1,5,1,1,1,4,1,2
SF,IC2012,2020-06-04 09:30:05.700,5201.8000,20423,0,20814920.000,0,-,-,-,-,5200.2000,5200.0000,5191.8000,5191.0000,5190.0000,5202.2000,5203.4000,5205.2000,5205.4000,5205.6000,1,2,1,5,1,1,1,4,1,2
SF,IC2012,2020-06-04 09:30:06.200,5200.4000,20423,0,21855000.000,1,0,1,多换,S,5201.8000,5200.2000,5200.0000,5191.8000,5191.0000,5202.2000,5203.4000,5205.2000,5205.4000,5205.6000,1,1,2,1,5,1,1,4,1,2
SF,IC2012,2020-06-04 09:30:06.700,5200.2000,20422,-1,23935360.000,2,0,2,多平,S,5200.0000,5191.8000,5191.0000,5190.0000,5187.0000,5202.2000,5203.4000,5205.2000,5205.4000,5205.6000,2,1,5,1,1,1,1,4,1,2
SF,IC2012,2020-06-04 09:30:07.200,5202.2000,20421,-1,24975800.000,1,0,1,双平,S,5202.2000,5200.0000,5191.8000,5191.0000,5190.0000,5203.4000,5205.2000,5205.4000,5205.6000,5206.0000,1,2,1,5,1,1,2,1,2,8
SF,IC2012,2020-06-04 09:30:07.700,5202.2000,20420,-1,26016240.000,1,0,1,双平,S,5200.0000,5191.8000,5191.0000,5190.0000,5187.0000,5203.4000,5205.2000,5205.4000,5205.6000,5206.0000,2,1,5,1,1,1,2,1,2,8
SF,IC2012,2020-06-04 09:30:08.200,5202.2000,20420,0,26016240.000,0,-,-,-,-,5200.0000,5191.8000,5191.0000,5190.0000,5187.0000,5203.2000,5203.4000,5205.2000,5205.4000,5205.6000,2,1,5,1,1,1,1,1,1,2
SF,IC2012,2020-06-04 09:30:08.700,5202.2000,20420,0,26016240.000,0,-,-,-,-,5200.0000,5191.8000,5191.0000,5190.0000,5187.0000,5203.2000,5203.4000,5205.2000,5205.4000,5205.6000,2,1,5,1,1,1,1,1,1,2
SF,IC2012,2020-06-04 09:30:09.200,5202.2000,20420,0,26016240.000,0,-,-,-,-,5202.2000,5200.0000,5191.8000,5191.0000,5190.0000,5203.2000,5203.4000,5205.2000,5205.4000,5205.6000,1,2,1,5,1,1,1,1,1,2
SF,IC2012,2020-06-04 09:30:09.700,5202.2000,20420,0,27056680.000,1,0,1,多换,S,5200.0000,5191.8000,5191.0000,5190.0000,5187.0000,5203.4000,5205.0000,5205.2000,5205.4000,5205.6000,2,1,5,1,1,1,1,1,1,2
SF,IC2012,2020-06-04 09:30:10.200,5203.4000,20419,-1,29138000.000,2,0,2,多平,S,5200.2000,5200.0000,5191.8000,5191.0000,5190.0000,5205.0000,5205.2000,5205.4000,5206.0000,5206.6000,1,3,1,5,1,1,1,1,8,5
SF,IC2012,2020-06-04 09:30:10.700,5203.4000,20419,0,29138000.000,0,-,-,-,-,5200.2000,5200.0000,5191.8000,5191.0000,5190.0000,5204.8000,5205.0000,5205.2000,5205.4000,5206.0000,1,3,1,5,1,2,1,2,1,8
SF,IC2012,2020-06-04 09:30:11.200,5200.0000,20420,1,30178000.000,1,1,0,双开,S,5200.0000,5191.8000,5191.0000,5190.0000,5187.0000,5205.0000,5205.2000,5205.4000,5206.0000,5206.6000,2,1,5,1,1,1,2,1,8,5
SF,IC2012,2020-06-04 09:30:11.700,5200.0000,20420,0,30178000.000,0,-,-,-,-,5200.2000,5200.0000,5191.8000,5191.0000,5190.0000,5203.0000,5205.0000,5205.2000,5205.4000,5206.0000,2,2,1,5,1,4,1,1,1,4
SF,IC2012,2020-06-04 09:30:12.200,5200.0000,20420,0,30178000.000,0,-,-,-,-,5200.4000,5200.0000,5191.8000,5191.0000,5190.0000,5203.0000,5205.0000,5205.2000,5205.4000,5206.0000,1,2,1,5,1,4,1,1,1,4
SF,IC2012,2020-06-04 09:30:12.700,5200.0000,20420,0,30178000.000,0,-,-,-,-,5200.8000,5200.4000,5200.0000,5191.8000,5191.0000,5203.0000,5205.0000,5205.2000,5205.4000,5206.0000,2,1,2,1,5,4,1,1,1,4
SF,IC2012,2020-06-04 09:30:14.200,5203.0000,20420,0,31218600.000,1,0,1,多换,S,5200.8000,5200.4000,5200.0000,5191.8000,5191.0000,5203.0000,5205.0000,5205.2000,5205.4000,5206.0000,2,1,3,1,5,3,1,1,1,4
SF,IC2012,2020-06-04 09:30:14.700,5203.0000,20420,0,31218600.000,0,-,-,-,-,5202.0000,5200.4000,5200.0000,5191.0000,5190.0000,5203.0000,5205.0000,5205.2000,5205.4000,5206.0000,2,1,3,5,1,3,1,1,1,4
SF,IC2012,2020-06-04 09:30:15.200,5203.0000,20420,0,31218600.000,0,-,-,-,-,5200.4000,5200.0000,5191.0000,5190.0000,5187.0000,5203.0000,5205.0000,5205.2000,5205.4000,5206.0000,1,3,5,1,1,3,1,1,1,4
SF,IC2012,2020-06-04 09:30:16.200,5203.0000,20420,0,31218600.000,0,-,-,-,-,5201.8000,5200.4000,5200.0000,5191.0000,5190.0000,5202.2000,5203.0000,5205.0000,5205.2000,5205.4000,1,1,3,5,1,1,4,1,1,1
SF,IC2012,2020-06-04 09:30:16.700,5203.0000,20420,0,33299800.000,2,1,1,多换,S,5202.4000,5202.2000,5201.8000,5200.0000,5191.0000,5203.0000,5205.0000,5205.2000,5205.4000,5206.0000,2,2,1,3,5,3,1,1,1,4
SF,IC2012,2020-06-04 09:30:17.200,5202.6000,20419,-1,35380920.000,2,0,2,多平,S,5202.2000,5201.8000,5200.0000,5198.8000,5191.0000,5203.0000,5205.0000,5205.2000,5205.4000,5206.0000,2,1,3,1,5,2,1,1,1,4
SF,IC2012,2020-06-04 09:30:17.700,5202.8000,20418,-1,37462080.000,2,0,2,多平,S,5202.8000,5202.2000,5201.8000,5200.0000,5198.8000,5203.0000,5205.0000,5205.2000,5205.4000,5206.0000,1,3,1,3,1,1,2,1,1,4
SF,IC2012,2020-06-04 09:30:18.200,5203.0000,20417,-1,38502680.000,1,0,1,双平,S,5203.0000,5202.2000,5201.8000,5200.0000,5198.8000,5205.0000,5205.2000,5205.4000,5206.0000,5206.6000,3,1,1,3,1,2,1,1,4,5
SF,IC2012,2020-06-04 09:30:18.700,5203.0000,20417,0,39543280.000,1,0,1,多换,S,5203.0000,5202.2000,5200.0000,5198.8000,5191.0000,5205.0000,5205.4000,5206.0000,5206.6000,5210.0000,3,1,3,1,5,2,1,4,5,1
SF,IC2012,2020-06-04 09:30:19.200,5203.0000,20417,0,39543280.000,0,-,-,-,-,5203.0000,5202.2000,5200.0000,5198.8000,5191.0000,5205.0000,5205.4000,5206.0000,5206.6000,5210.0000,5,1,3,1,5,2,1,4,5,1
SF,IC2012,2020-06-04 09:30:19.700,5203.0000,20417,0,39543280.000,0,-,-,-,-,5203.0000,5202.2000,5200.0000,5198.8000,5191.0000,5205.0000,5206.0000,5206.6000,5210.0000,5211.8000,4,1,3,1,5,2,4,5,1,1
SF,IC2012,2020-06-04 09:30:20.200,5203.0000,20417,0,39543280.000,0,-,-,-,-,5203.0000,5202.2000,5202.0000,5200.0000,5198.8000,5203.8000,5205.0000,5206.0000,5206.6000,5210.0000,2,1,1,3,1,1,2,4,5,1
SF,IC2012,2020-06-04 09:30:20.700,5203.8000,20417,0,40584040.000,1,0,1,多换,S,5203.6000,5203.0000,5202.2000,5202.0000,5200.0000,5205.0000,5206.0000,5206.6000,5210.0000,5211.8000,1,9,1,1,3,2,4,5,1,1
SF,IC2012,2020-06-04 09:30:21.200,5205.0000,20416,-1,43706240.000,3,1,2,多平,S,5203.8000,5203.0000,5202.2000,5202.0000,5200.0000,5205.0000,5206.0000,5206.6000,5210.0000,5211.8000,1,5,1,1,3,1,4,5,1,1
SF,IC2012,2020-06-04 09:30:21.700,5203.8000,20415,-1,44747000.000,1,0,1,双平,S,5203.0000,5202.2000,5202.0000,5200.0000,5198.8000,5205.0000,5206.0000,5206.6000,5210.0000,5211.8000,5,1,1,3,1,1,4,5,1,1
SF,IC2012,2020-06-04 09:30:22.200,5203.8000,20415,0,44747000.000,0,-,-,-,-,5203.0000,5202.2000,5202.0000,5200.0000,5198.8000,5205.0000,5206.0000,5206.6000,5210.0000,5211.8000,5,1,1,3,1,2,4,5,1,1
SF,IC2012,2020-06-04 09:30:22.700,5203.8000,20415,0,44747000.000,0,-,-,-,-,5203.0000,5202.2000,5202.0000,5200.0000,5198.8000,5203.8000,5205.0000,5206.0000,5206.6000,5210.0000,5,1,1,3,1,1,2,4,5,1
SF,IC2012,2020-06-04 09:30:23.200,5203.8000,20415,0,44747000.000,0,-,-,-,-,5203.0000,5202.2000,5202.0000,5200.0000,5198.8000,5203.8000,5204.4000,5205.0000,5206.0000,5206.6000,5,1,1,3,1,1,1,2,4,5
SF,IC2012,2020-06-04 09:30:23.700,5203.8000,20415,0,44747000.000,0,-,-,-,-,5203.0000,5202.2000,5202.0000,5200.0000,5198.8000,5203.8000,5204.4000,5205.0000,5206.0000,5206.6000,5,1,1,3,1,1,1,2,4,5
SF,IC2012,2020-06-04 09:30:24.200,5203.8000,20414,-1,45787760.000,1,0,1,双平,S,5203.0000,5202.2000,5202.0000,5201.6000,5200.0000,5205.0000,5206.0000,5206.6000,5210.0000,5211.8000,5,1,1,1,3,2,4,5,2,1
SF,IC2012,2020-06-04 09:30:24.700,5203.2000,20414,0,46828400.000,1,0,1,多换,S,5203.0000,5202.2000,5202.0000,5201.6000,5200.0000,5205.0000,5206.0000,5206.6000,5210.0000,5211.8000,5,1,1,1,3,2,4,5,2,1
SF,IC2012,2020-06-04 09:30:25.700,5203.2000,20414,0,46828400.000,0,-,-,-,-,5203.0000,5202.2000,5202.0000,5201.6000,5200.0000,5205.0000,5206.0000,5206.6000,5210.0000,5211.8000,5,1,1,1,2,2,4,5,2,1
SF,IC2012,2020-06-04 09:30:26.200,5203.2000,20414,0,46828400.000,0,-,-,-,-,5203.0000,5202.2000,5202.0000,5201.6000,5200.0000,5205.0000,5206.0000,5206.6000,5210.0000,5211.8000,5,1,1,1,2,2,4,5,2,1
SF,IC2012,2020-06-04 09:30:26.700,5203.2000,20414,0,46828400.000,0,-,-,-,-,5203.0000,5202.2000,5202.0000,5201.6000,5200.0000,5205.0000,5206.0000,5206.6000,5210.0000,5211.8000,5,1,1,1,2,2,4,5,2,1
SF,IC2012,2020-06-04 09:30:27.200,5203.2000,20414,0,46828400.000,0,-,-,-,-,5203.0000,5202.2000,5202.0000,5201.6000,5200.0000,5205.0000,5206.0000,5206.6000,5210.0000,5211.8000,5,1,1,1,2,2,4,5,2,1
SF,IC2012,2020-06-04 09:30:27.700,5203.0000,20414,0,50990800.000,4,2,2,多换,S,5203.0000,5202.2000,5202.0000,5201.6000,5200.0000,5205.0000,5206.0000,5206.6000,5210.0000,5211.8000,1,1,1,1,2,2,4,5,2,1
SF,IC2012,2020-06-04 09:30:28.700,5203.0000,20414,0,50990800.000,0,-,-,-,-,5203.0000,5202.2000,5202.0000,5201.6000,5200.0000,5204.2000,5205.0000,5206.0000,5206.6000,5210.0000,1,1,1,1,2,1,2,4,5,2
SF,IC2012,2020-06-04 09:30:29.200,5203.0000,20414,0,50990800.000,0,-,-,-,-,5203.0000,5202.2000,5202.0000,5201.6000,5200.0000,5204.2000,5205.0000,5206.0000,5206.6000,5210.0000,1,1,1,1,2,2,2,5,5,2
SF,IC2012,2020-06-04 09:30:30.200,5203.0000,20414,0,52031400.000,1,0,1,多换,S,5202.2000,5202.0000,5201.6000,5200.0000,5198.8000,5204.2000,5205.0000,5206.0000,5206.6000,5210.0000,1,1,1,2,1,2,2,5,5,2
SF,IC2012,2020-06-04 09:30:31.200,5203.0000,20414,0,52031400.000,0,-,-,-,-,5202.2000,5202.0000,5201.6000,5200.0000,5198.8000,5203.0000,5204.2000,5205.0000,5206.0000,5206.6000,1,1,1,2,1,1,2,2,5,5
SF,IC2012,2020-06-04 09:30:31.700,5202.2000,20414,0,53071840.000,1,0,1,多换,S,5202.0000,5201.6000,5200.0000,5198.8000,5196.2000,5203.0000,5204.2000,5205.0000,5206.0000,5206.6000,1,1,2,1,1,1,2,2,5,5
SF,IC2012,2020-06-04 09:30:32.200,5202.8000,20412,-2,56193360.000,3,0,3,多平,S,5201.6000,5200.0000,5198.8000,5196.2000,5192.0000,5203.0000,5204.2000,5205.0000,5206.0000,5206.6000,1,2,1,1,1,1,2,2,5,5
SF,IC2012,2020-06-04 09:30:33.200,5203.0000,20412,0,57233960.000,1,0,1,多换,S,5203.0000,5201.6000,5200.0000,5198.8000,5196.2000,5204.2000,5205.0000,5206.0000,5206.6000,5210.0000,4,1,2,1,1,2,2,5,5,2
SF,IC2012,2020-06-04 09:30:33.700,5203.0000,20412,0,60355760.000,3,1,2,多换,S,5203.0000,5201.6000,5200.0000,5198.8000,5196.2000,5204.2000,5205.0000,5206.0000,5206.6000,5210.0000,1,1,2,1,1,2,1,5,5,2
SF,IC2012,2020-06-04 09:30:34.200,5203.0000,20412,0,61396360.000,1,0,1,多换,S,5201.6000,5200.0000,5198.8000,5196.2000,5192.0000,5204.2000,5205.0000,5206.0000,5206.6000,5210.0000,1,2,1,1,1,2,1,5,5,2
SF,IC2012,2020-06-04 09:30:34.700,5203.0000,20412,0,61396360.000,0,-,-,-,-,5201.6000,5200.0000,5198.8000,5196.2000,5192.0000,5204.2000,5205.0000,5206.0000,5206.6000,5210.0000,1,2,1,1,1,2,2,5,5,2
SF,IC2012,2020-06-04 09:30:35.200,5203.0000,20412,0,61396360.000,0,-,-,-,-,5201.6000,5200.0000,5198.8000,5196.2000,5192.0000,5204.2000,5205.0000,5206.0000,5206.6000,5210.0000,1,2,1,1,1,2,2,5,5,2
SF,IC2012,2020-06-04 09:30:35.700,5203.0000,20412,0,61396360.000,0,-,-,-,-,5201.6000,5200.0000,5198.8000,5196.2000,5192.0000,5204.2000,5205.0000,5206.0000,5206.6000,5210.0000,1,2,1,1,1,2,2,5,5,2
SF,IC2012,2020-06-04 09:30:36.200,5203.0000,20412,0,61396360.000,0,-,-,-,-,5201.6000,5200.0000,5198.8000,5196.2000,5192.0000,5204.2000,5205.0000,5206.0000,5206.6000,5210.0000,1,2,1,1,1,2,2,5,5,2
SF,IC2012,2020-06-04 09:30:36.700,5203.0000,20412,0,61396360.000,0,-,-,-,-,5201.6000,5200.0000,5198.8000,5196.2000,5192.0000,5204.2000,5205.0000,5206.0000,5206.6000,5210.0000,1,2,1,1,1,2,2,5,5,2
SF,IC2012,2020-06-04 09:30:37.200,5203.0000,20412,0,61396360.000,0,-,-,-,-,5201.6000,5200.0000,5198.8000,5196.2000,5192.0000,5204.0000,5204.2000,5205.0000,5206.0000,5206.6000,1,2,1,1,1,1,2,2,5,5
SF,IC2012,2020-06-04 09:30:37.700,5203.0000,20412,0,61396360.000,0,-,-,-,-,5201.6000,5200.0000,5198.8000,5196.2000,5192.0000,5204.0000,5204.2000,5205.0000,5206.0000,5206.6000,1,2,1,1,1,1,2,2,5,5
SF,IC2012,2020-06-04 09:30:38.200,5201.6000,20412,0,62436680.000,1,0,1,多换,S,5200.0000,5198.8000,5196.2000,5192.0000,5191.0000,5204.0000,5204.2000,5204.4000,5205.0000,5206.0000,2,1,1,1,5,1,2,1,2,5
SF,IC2012,2020-06-04 09:30:38.700,5201.6000,20412,0,62436680.000,0,-,-,-,-,5200.0000,5198.8000,5196.2000,5192.0000,5191.0000,5201.6000,5204.0000,5204.2000,5204.4000,5205.0000,2,1,1,1,5,2,1,2,1,2
SF,IC2012,2020-06-04 09:30:39.200,5200.0000,20413,1,67637320.000,5,3,2,空开,S,5198.8000,5196.2000,5192.0000,5191.0000,5190.0000,5200.0000,5204.0000,5204.2000,5204.4000,5205.0000,1,1,1,5,1,7,1,2,1,2
SF,IC2012,2020-06-04 09:30:39.700,5200.0000,20413,0,74917320.000,7,3,4,多换,S,5200.2000,5200.0000,5199.4000,5198.8000,5196.2000,5204.0000,5204.2000,5204.4000,5205.0000,5206.0000,1,3,1,1,1,1,2,1,2,2
SF,IC2012,2020-06-04 09:30:40.200,5200.0000,20413,0,74917320.000,0,-,-,-,-,5200.2000,5200.0000,5198.8000,5196.2000,5192.0000,5204.0000,5204.2000,5204.4000,5205.0000,5206.0000,1,3,1,1,1,3,2,1,2,2
SF,IC2012,2020-06-04 09:30:40.700,5200.0000,20413,0,74917320.000,0,-,-,-,-,5200.2000,5198.8000,5196.2000,5192.0000,5191.0000,5204.0000,5204.2000,5204.4000,5205.0000,5206.0000,1,1,1,1,5,1,2,1,2,2
SF,IC2012,2020-06-04 09:30:41.200,5200.0000,20412,-1,75957320.000,1,0,1,双平,S,5198.8000,5196.2000,5192.0000,5191.0000,5190.0000,5204.0000,5204.2000,5204.4000,5205.0000,5206.0000,1,1,1,5,1,1,2,1,2,2
SF,IC2012,2020-06-04 09:30:41.700,5200.0000,20412,0,75957320.000,0,-,-,-,-,5198.8000,5196.2000,5192.0000,5191.0000,5190.0000,5203.8000,5204.0000,5204.2000,5204.4000,5205.0000,1,1,1,5,1,2,1,2,1,2
SF,IC2012,2020-06-04 09:30:42.200,5200.0000,20412,0,75957320.000,0,-,-,-,-,5199.0000,5198.8000,5196.2000,5192.0000,5191.0000,5204.0000,5204.2000,5204.4000,5205.0000,5206.0000,1,1,1,1,5,1,2,1,2,2
SF,IC2012,2020-06-04 09:30:42.700,5200.0000,20412,0,75957320.000,0,-,-,-,-,5199.0000,5198.8000,5196.2000,5192.0000,5191.0000,5203.0000,5204.0000,5204.2000,5204.4000,5205.0000,1,1,1,1,5,1,1,2,1,2
SF,IC2012,2020-06-04 09:30:43.200,5200.0000,20412,0,75957320.000,0,-,-,-,-,5199.0000,5198.8000,5196.2000,5192.0000,5191.0000,5204.0000,5204.2000,5204.4000,5205.0000,5206.0000,1,1,1,1,5,1,2,1,2,2
SF,IC2012,2020-06-04 09:30:43.700,5200.0000,20412,0,75957320.000,0,-,-,-,-,5199.0000,5198.8000,5196.2000,5192.0000,5191.0000,5202.8000,5204.0000,5204.2000,5204.4000,5205.0000,1,1,1,1,5,1,1,2,1,2
SF,IC2012,2020-06-04 09:30:44.200,5200.0000,20412,0,75957320.000,0,-,-,-,-,5199.2000,5199.0000,5198.8000,5196.2000,5192.0000,5203.4000,5204.0000,5204.2000,5204.4000,5205.0000,3,1,1,1,1,1,1,2,1,2
SF,IC2012,2020-06-04 09:30:44.700,5200.0000,20412,0,75957320.000,0,-,-,-,-,5199.4000,5199.2000,5198.8000,5196.2000,5192.0000,5203.4000,5204.0000,5204.2000,5204.4000,5205.0000,1,3,1,1,1,1,1,2,1,2
SF,IC2012,2020-06-04 09:30:45.200,5200.0000,20412,0,75957320.000,0,-,-,-,-,5199.4000,5199.2000,5198.8000,5196.2000,5192.0000,5202.6000,5203.0000,5203.2000,5203.4000,5204.0000,1,1,1,1,1,1,1,1,3,1
SF,IC2012,2020-06-04 09:30:45.700,5200.0000,20412,0,75957320.000,0,-,-,-,-,5199.4000,5199.2000,5198.8000,5196.2000,5192.0000,5203.4000,5204.0000,5204.2000,5204.4000,5205.0000,1,1,1,1,1,1,1,2,1,2
SF,IC2012,2020-06-04 09:30:46.200,5200.0000,20412,0,75957320.000,0,-,-,-,-,5199.4000,5199.2000,5198.8000,5196.2000,5192.0000,5202.4000,5203.4000,5204.0000,5204.2000,5204.4000,1,1,1,1,1,1,1,1,2,1
SF,IC2012,2020-06-04 09:30:46.700,5200.0000,20412,0,75957320.000,0,-,-,-,-,5199.4000,5199.2000,5198.8000,5196.2000,5192.0000,5202.4000,5203.4000,5204.0000,5204.2000,5204.4000,1,1,1,1,1,1,1,1,2,1
SF,IC2012,2020-06-04 09:30:47.200,5200.0000,20412,0,76997320.000,1,0,1,多换,S,5199.2000,5198.8000,5196.2000,5192.0000,5191.0000,5199.4000,5202.6000,5203.0000,5203.4000,5204.0000,1,1,1,1,5,1,2,1,1,1
SF,IC2012,2020-06-04 09:30:47.700,5199.6000,20411,-1,78037240.000,1,0,1,双平,S,5199.4000,5198.8000,5196.2000,5192.0000,5191.0000,5202.6000,5203.0000,5203.4000,5204.0000,5204.2000,2,1,1,1,5,2,1,1,1,2
SF,IC2012,2020-06-04 09:30:48.200,5199.6000,20411,0,78037240.000,0,-,-,-,-,5199.4000,5198.8000,5196.2000,5192.0000,5191.0000,5202.6000,5203.0000,5203.4000,5204.0000,5204.2000,2,1,1,1,5,2,1,1,1,2
SF,IC2012,2020-06-04 09:30:48.700,5199.6000,20411,0,78037240.000,0,-,-,-,-,5199.4000,5198.8000,5196.2000,5192.0000,5191.0000,5203.4000,5204.0000,5204.2000,5204.4000,5205.0000,1,1,1,1,5,1,1,2,1,2
SF,IC2012,2020-06-04 09:30:49.200,5199.6000,20411,0,78037240.000,0,-,-,-,-,5199.4000,5198.8000,5196.2000,5192.0000,5191.0000,5202.6000,5203.2000,5204.0000,5204.2000,5204.4000,1,1,1,1,5,2,3,1,2,1
SF,IC2012,2020-06-04 09:30:49.700,5199.6000,20411,0,78037240.000,0,-,-,-,-,5199.4000,5198.8000,5196.2000,5192.0000,5191.0000,5202.6000,5203.2000,5204.0000,5204.2000,5204.4000,1,1,1,1,5,4,3,1,2,1
SF,IC2012,2020-06-04 09:30:50.200,5199.6000,20411,0,78037240.000,0,-,-,-,-,5199.4000,5198.8000,5196.2000,5192.0000,5191.0000,5202.6000,5204.0000,5204.2000,5204.4000,5205.0000,1,1,1,1,5,2,1,2,1,2
SF,IC2012,2020-06-04 09:30:50.700,5199.6000,20411,0,78037240.000,0,-,-,-,-,5199.4000,5198.8000,5198.2000,5196.2000,5192.0000,5202.6000,5204.0000,5204.2000,5204.4000,5205.0000,1,1,1,1,1,2,1,2,1,2
SF,IC2012,2020-06-04 09:30:51.200,5199.6000,20411,0,78037240.000,0,-,-,-,-,5199.4000,5198.8000,5198.2000,5196.2000,5192.0000,5202.0000,5202.4000,5202.6000,5204.0000,5204.2000,1,1,1,1,1,1,2,4,1,2
SF,IC2012,2020-06-04 09:30:51.700,5199.4000,20411,0,79077120.000,1,0,1,多换,S,5198.8000,5198.2000,5196.2000,5192.0000,5191.0000,5202.0000,5202.4000,5202.6000,5204.0000,5204.2000,1,1,1,1,5,1,2,4,1,2
SF,IC2012,2020-06-04 09:30:52.200,5199.4000,20412,1,80117000.000,1,1,0,双开,S,5198.8000,5198.2000,5196.2000,5192.0000,5191.0000,5202.6000,5204.0000,5204.2000,5204.4000,5205.0000,1,1,1,1,5,2,1,2,1,2
SF,IC2012,2020-06-04 09:30:52.700,5199.4000,20412,0,80117000.000,0,-,-,-,-,5199.2000,5199.0000,5198.8000,5198.2000,5196.2000,5202.6000,5204.0000,5204.2000,5204.4000,5205.0000,1,1,1,1,1,4,1,2,1,2
SF,IC2012,2020-06-04 09:30:53.200,5199.4000,20412,0,80117000.000,0,-,-,-,-,5199.4000,5199.2000,5198.8000,5198.2000,5196.2000,5202.6000,5204.0000,5204.2000,5204.4000,5205.0000,1,1,1,1,1,6,1,2,1,2
SF,IC2012,2020-06-04 09:30:53.700,5199.4000,20412,0,80117000.000,0,-,-,-,-,5199.4000,5199.2000,5198.8000,5198.2000,5196.2000,5202.2000,5202.6000,5204.0000,5204.2000,5204.4000,1,1,1,1,1,1,3,1,2,1
SF,IC2012,2020-06-04 09:30:54.200,5199.4000,20412,0,80117000.000,0,-,-,-,-,5199.8000,5199.4000,5199.2000,5199.0000,5198.8000,5202.2000,5202.6000,5204.0000,5204.2000,5204.4000,1,1,1,1,1,1,2,1,2,1
SF,IC2012,2020-06-04 09:30:54.700,5199.4000,20412,0,80117000.000,0,-,-,-,-,5199.8000,5199.4000,5199.2000,5199.0000,5198.8000,5202.6000,5204.0000,5204.2000,5204.4000,5205.0000,1,1,1,1,1,2,1,2,1,2
SF,IC2012,2020-06-04 09:30:55.200,5199.4000,20412,0,80117000.000,0,-,-,-,-,5200.0000,5199.8000,5199.2000,5199.0000,5198.8000,5202.6000,5204.0000,5204.2000,5204.4000,5205.0000,1,1,1,1,1,2,1,2,1,2
SF,IC2012,2020-06-04 09:30:56.200,5199.4000,20412,0,80117000.000,0,-,-,-,-,5200.0000,5199.8000,5199.2000,5199.0000,5198.8000,5202.6000,5204.0000,5204.2000,5204.4000,5205.0000,1,1,1,1,1,2,1,2,1,2
SF,IC2012,2020-06-04 09:30:56.700,5199.4000,20412,0,80117000.000,0,-,-,-,-,5200.0000,5199.2000,5199.0000,5198.8000,5198.2000,5202.6000,5204.0000,5204.2000,5204.4000,5205.0000,1,1,1,1,1,2,1,2,1,2
SF,IC2012,2020-06-04 09:30:57.200,5199.2000,20411,-1,82196720.000,2,0,2,多平,S,5199.0000,5198.8000,5198.2000,5196.2000,5192.0000,5199.2000,5200.4000,5202.4000,5202.6000,5204.0000,1,1,1,1,1,1,1,1,2,1
SF,IC2012,2020-06-04 09:30:57.700,5199.2000,20410,-1,83236560.000,1,0,1,双平,S,5199.2000,5199.0000,5198.8000,5198.2000,5196.2000,5200.4000,5202.4000,5202.6000,5204.0000,5204.2000,2,1,1,1,1,1,1,2,1,2
SF,IC2012,2020-06-04 09:30:58.200,5200.4000,20410,0,84276640.000,1,0,1,多换,S,5199.2000,5199.0000,5198.8000,5198.2000,5196.2000,5202.4000,5202.6000,5204.0000,5204.2000,5204.4000,1,1,1,1,1,1,2,1,2,1
SF,IC2012,2020-06-04 09:30:58.700,5200.4000,20410,0,84276640.000,0,-,-,-,-,5199.2000,5199.0000,5198.8000,5198.2000,5196.2000,5202.4000,5202.6000,5204.2000,5204.4000,5205.0000,1,1,1,1,1,3,3,2,1,2
SF,IC2012,2020-06-04 09:30:59.200,5200.4000,20410,0,84276640.000,0,-,-,-,-,5199.8000,5199.2000,5199.0000,5198.8000,5198.2000,5202.4000,5202.6000,5204.2000,5204.4000,5205.0000,1,1,1,1,1,3,4,2,1,2
SF,IC2012,2020-06-04 09:30:59.700,5200.4000,20410,0,84276640.000,0,-,-,-,-,5199.8000,5199.4000,5199.2000,5199.0000,5198.8000,5202.4000,5202.6000,5204.2000,5204.4000,5205.0000,1,1,1,1,1,3,4,2,1,2
SF,IC2012,2020-06-04 09:31:00.200,5200.4000,20410,0,84276640.000,0,-,-,-,-,5199.8000,5199.4000,5199.2000,5199.0000,5198.8000,5202.2000,5202.4000,5202.6000,5204.2000,5204.4000,1,1,1,1,1,1,3,4,2,1
SF,IC2012,2020-06-04 09:31:00.700,5200.4000,20410,0,84276640.000,0,-,-,-,-,5199.8000,5199.4000,5199.2000,5199.0000,5198.8000,5202.2000,5202.4000,5202.6000,5204.2000,5204.4000,1,1,1,1,1,1,3,4,2,1
SF,IC2012,2020-06-04 09:31:01.200,5199.8000,20410,0,85316600.000,1,0,1,多换,S,5199.4000,5199.2000,5199.0000,5198.8000,5198.2000,5202.0000,5202.2000,5202.4000,5202.6000,5204.2000,1,1,1,1,1,1,1,3,4,2
SF,IC2012,2020-06-04 09:31:01.700,5199.8000,20410,0,85316600.000,0,-,-,-,-,5199.4000,5199.2000,5199.0000,5198.8000,5198.2000,5200.4000,5201.8000,5202.0000,5202.2000,5202.4000,1,1,1,1,1,1,1,1,1,2
SF,IC2012,2020-06-04 09:31:02.200,5200.4000,20411,1,86356680.000,1,1,0,双开,S,5199.2000,5199.0000,5198.8000,5198.2000,5196.2000,5201.8000,5202.0000,5202.2000,5202.4000,5202.6000,1,1,1,1,1,1,1,1,2,4
SF,IC2012,2020-06-04 09:31:02.700,5200.4000,20411,0,86356680.000,0,-,-,-,-,5199.2000,5199.0000,5198.8000,5198.2000,5196.2000,5201.6000,5201.8000,5202.2000,5202.4000,5202.6000,1,1,1,1,1,1,1,1,2,4
SF,IC2012,2020-06-04 09:31:03.200,5200.4000,20411,0,86356680.000,0,-,-,-,-,5199.2000,5199.0000,5198.8000,5198.2000,5196.2000,5201.6000,5201.8000,5202.2000,5202.4000,5202.6000,1,1,1,1,1,1,1,1,2,4
SF,IC2012,2020-06-04 09:31:04.700,5200.4000,20411,0,86356680.000,0,-,-,-,-,5199.6000,5199.2000,5199.0000,5198.8000,5198.2000,5201.6000,5201.8000,5202.2000,5202.4000,5202.6000,1,1,1,1,1,1,1,1,2,4
SF,IC2012,2020-06-04 09:31:05.200,5200.4000,20411,0,86356680.000,0,-,-,-,-,5199.2000,5199.0000,5198.8000,5198.2000,5196.2000,5201.6000,5201.8000,5202.2000,5202.4000,5202.6000,1,1,1,1,1,1,1,1,2,4
SF,IC2012,2020-06-04 09:31:06.700,5200.4000,20411,0,86356680.000,0,-,-,-,-,5199.0000,5198.8000,5198.2000,5196.2000,5192.0000,5200.4000,5201.4000,5201.6000,5201.8000,5202.2000,1,1,1,1,1,1,1,1,1,1
SF,IC2012,2020-06-04 09:31:07.200,5200.4000,20411,0,87396760.000,1,0,1,多换,S,5199.0000,5198.8000,5198.2000,5196.2000,5192.0000,5201.4000,5201.6000,5201.8000,5202.2000,5202.4000,1,1,1,1,1,1,1,1,1,2
SF,IC2012,2020-06-04 09:31:07.700,5201.2000,20411,0,88437000.000,1,0,1,多换,S,5199.0000,5198.8000,5198.2000,5196.2000,5192.0000,5201.2000,5201.4000,5201.8000,5202.2000,5202.4000,1,1,1,1,1,1,3,1,1,2
SF,IC2012,2020-06-04 09:31:08.200,5201.2000,20411,0,88437000.000,0,-,-,-,-,5199.0000,5198.8000,5198.2000,5196.2000,5192.0000,5201.0000,5201.2000,5201.8000,5202.2000,5202.4000,1,1,1,1,1,1,1,1,1,2
SF,IC2012,2020-06-04 09:31:08.700,5201.2000,20411,0,88437000.000,0,-,-,-,-,5199.0000,5198.8000,5198.2000,5196.2000,5192.0000,5200.8000,5201.0000,5201.8000,5202.2000,5202.4000,1,1,1,1,1,1,1,1,1,2
SF,IC2012,2020-06-04 09:31:09.700,5201.2000,20411,0,88437000.000,0,-,-,-,-,5199.0000,5198.8000,5198.2000,5196.2000,5192.0000,5200.4000,5200.8000,5201.8000,5202.2000,5202.4000,1,1,1,1,1,1,1,1,1,2
SF,IC2012,2020-06-04 09:31:10.700,5201.2000,20411,0,88437000.000,0,-,-,-,-,5199.0000,5198.8000,5198.2000,5196.2000,5192.0000,5200.8000,5201.8000,5202.2000,5202.4000,5202.6000,1,1,1,1,1,1,1,1,2,4
SF,IC2012,2020-06-04 09:31:11.700,5201.2000,20411,0,88437000.000,0,-,-,-,-,5199.0000,5198.8000,5198.2000,5196.2000,5192.0000,5200.8000,5201.8000,5202.2000,5202.4000,5202.6000,1,1,1,1,1,1,1,1,2,4
SF,IC2012,2020-06-04 09:31:12.200,5201.2000,20411,0,88437000.000,0,-,-,-,-,5199.0000,5198.8000,5198.2000,5196.2000,5192.0000,5201.8000,5202.2000,5202.4000,5202.6000,5204.0000,1,1,1,1,1,1,1,2,4,1
SF,IC2012,2020-06-04 09:31:12.700,5201.2000,20411,0,88437000.000,0,-,-,-,-,5199.2000,5199.0000,5198.8000,5198.2000,5196.2000,5201.6000,5201.8000,5202.2000,5202.4000,5202.6000,1,1,1,1,1,1,1,1,2,4
SF,IC2012,2020-06-04 09:31:13.700,5201.2000,20411,0,88437000.000,0,-,-,-,-,5199.2000,5199.0000,5198.8000,5198.2000,5196.2000,5201.6000,5201.8000,5202.2000,5202.4000,5202.6000,1,1,1,1,1,1,1,1,2,4
SF,IC2012,2020-06-04 09:31:14.200,5201.2000,20411,0,88437000.000,0,-,-,-,-,5199.4000,5199.2000,5199.0000,5198.8000,5198.2000,5201.6000,5201.8000,5202.2000,5202.4000,5202.6000,1,1,1,1,1,1,1,1,2,4
SF,IC2012,2020-06-04 09:31:15.200,5201.2000,20411,0,88437000.000,0,-,-,-,-,5199.4000,5199.2000,5199.0000,5198.8000,5198.2000,5201.6000,5201.8000,5202.2000,5202.4000,5202.6000,1,1,1,1,1,1,1,1,2,2
SF,IC2012,2020-06-04 09:31:15.700,5201.2000,20411,0,88437000.000,0,-,-,-,-,5199.6000,5199.4000,5199.0000,5198.8000,5198.2000,5201.8000,5202.2000,5202.4000,5202.6000,5204.0000,1,1,1,1,1,1,1,2,2,1
SF,IC2012,2020-06-04 09:31:16.200,5201.2000,20411,0,88437000.000,0,-,-,-,-,5199.6000,5199.4000,5199.0000,5198.8000,5198.2000,5201.8000,5202.2000,5202.4000,5202.6000,5204.0000,1,1,1,1,1,1,1,2,2,1
SF,IC2012,2020-06-04 09:31:16.700,5201.2000,20411,0,88437000.000,0,-,-,-,-,5199.6000,5199.4000,5199.0000,5198.8000,5198.2000,5201.6000,5201.8000,5202.2000,5202.4000,5202.6000,1,1,1,1,1,1,1,1,2,2
SF,IC2012,2020-06-04 09:31:17.200,5201.2000,20411,0,88437000.000,0,-,-,-,-,5199.6000,5199.4000,5199.0000,5198.8000,5198.2000,5201.8000,5202.2000,5202.4000,5202.6000,5204.0000,1,1,1,1,1,1,1,2,2,1
SF,IC2012,2020-06-04 09:31:17.700,5201.8000,20410,-1,89477360.000,1,0,1,双平,S,5199.8000,5199.6000,5199.4000,5199.0000,5198.8000,5202.2000,5202.4000,5202.6000,5204.0000,5204.2000,1,1,1,1,1,1,2,2,1,2
SF,IC2012,2020-06-04 09:31:18.200,5201.6000,20410,0,90517680.000,1,0,1,多换,S,5201.6000,5199.8000,5199.6000,5199.4000,5199.0000,5202.2000,5202.4000,5202.6000,5204.0000,5204.2000,2,1,1,1,1,1,2,2,1,2
SF,IC2012,2020-06-04 09:31:18.700,5202.2000,20409,-1,91558120.000,1,0,1,双平,S,5201.6000,5199.8000,5199.6000,5199.4000,5199.0000,5202.4000,5202.6000,5204.0000,5204.2000,5204.4000,2,1,1,1,1,2,2,1,2,1
SF,IC2012,2020-06-04 09:31:19.200,5202.4000,20408,-1,92598600.000,1,0,1,双平,S,5201.6000,5199.8000,5199.6000,5199.4000,5199.0000,5202.4000,5202.6000,5204.0000,5204.2000,5204.4000,2,1,1,1,1,1,2,1,2,1
SF,IC2012,2020-06-04 09:31:19.700,5202.4000,20408,0,92598600.000,0,-,-,-,-,5201.6000,5199.8000,5199.6000,5199.4000,5199.0000,5202.4000,5202.6000,5204.0000,5204.2000,5204.4000,2,1,1,1,1,1,2,1,2,1
SF,IC2012,2020-06-04 09:31:20.200,5202.4000,20408,0,92598600.000,0,-,-,-,-,5201.6000,5199.8000,5199.6000,5199.4000,5199.0000,5202.4000,5202.6000,5204.0000,5204.2000,5204.4000,2,1,1,1,1,1,2,1,2,1
SF,IC2012,2020-06-04 09:31:20.700,5202.4000,20408,0,92598600.000,0,-,-,-,-,5201.6000,5199.8000,5199.6000,5199.4000,5199.0000,5202.4000,5202.6000,5204.0000,5204.2000,5204.4000,2,1,1,1,1,1,2,1,2,1
SF,IC2012,2020-06-04 09:31:21.700,5201.6000,20407,-1,93638920.000,1,0,1,双平,S,5201.6000,5199.8000,5199.6000,5199.4000,5199.0000,5202.4000,5202.6000,5204.0000,5204.2000,5204.4000,1,1,1,1,1,1,2,1,2,1
SF,IC2012,2020-06-04 09:31:22.200,5201.6000,20407,0,93638920.000,0,-,-,-,-,5201.6000,5199.8000,5199.6000,5199.4000,5199.0000,5202.4000,5202.6000,5204.0000,5204.2000,5204.4000,1,1,1,1,1,1,2,1,2,1
SF,IC2012,2020-06-04 09:31:23.200,5202.4000,20406,-1,94679400.000,1,0,1,双平,S,5202.4000,5201.6000,5199.8000,5199.6000,5199.4000,5202.6000,5204.0000,5204.2000,5204.4000,5205.0000,1,1,1,1,1,2,1,2,1,2
SF,IC2012,2020-06-04 09:31:23.700,5202.4000,20405,-1,95719880.000,1,0,1,双平,S,5201.6000,5199.8000,5199.6000,5199.4000,5199.0000,5202.4000,5202.6000,5204.0000,5204.2000,5204.4000,1,1,1,1,1,1,2,1,2,1
SF,IC2012,2020-06-04 09:31:24.200,5202.6000,20404,-1,98841400.000,3,1,2,多平,S,5202.4000,5201.6000,5199.8000,5199.6000,5199.4000,5203.2000,5204.0000,5204.2000,5204.4000,5205.0000,1,1,1,1,1,1,1,3,1,2
SF,IC2012,2020-06-04 09:31:24.700,5203.2000,20404,0,99882040.000,1,0,1,多换,S,5202.4000,5201.6000,5199.8000,5199.4000,5199.0000,5204.0000,5204.2000,5204.4000,5205.0000,5206.0000,1,1,1,1,1,1,3,1,3,2
SF,IC2012,2020-06-04 09:31:25.200,5203.2000,20404,0,99882040.000,0,-,-,-,-,5201.6000,5199.8000,5199.4000,5199.0000,5198.8000,5203.8000,5204.0000,5204.2000,5204.4000,5205.0000,1,1,1,1,1,1,1,3,1,3
SF,IC2012,2020-06-04 09:31:25.700,5203.8000,20404,0,100922800.000,1,0,1,多换,S,5201.6000,5199.8000,5199.4000,5199.0000,5198.8000,5204.0000,5204.2000,5204.4000,5205.0000,5205.8000,1,1,1,1,1,1,3,1,3,1
SF,IC2012,2020-06-04 09:31:26.200,5203.8000,20404,0,101963560.000,1,0,1,多换,S,5202.4000,5202.0000,5201.8000,5201.6000,5199.8000,5204.0000,5204.2000,5204.4000,5205.0000,5205.8000,1,1,1,1,1,1,3,1,3,1
SF,IC2012,2020-06-04 09:31:26.700,5204.0000,20403,-1,103004360.000,1,0,1,双平,S,5202.4000,5202.0000,5201.8000,5201.6000,5199.0000,5204.2000,5204.4000,5205.0000,5205.8000,5206.0000,2,1,1,1,1,3,1,3,1,2
SF,IC2012,2020-06-04 09:31:27.200,5204.0000,20403,0,103004360.000,0,-,-,-,-,5202.6000,5202.4000,5202.0000,5201.6000,5199.0000,5204.2000,5204.4000,5205.0000,5205.8000,5206.0000,1,2,1,1,1,3,1,3,1,2
SF,IC2012,2020-06-04 09:31:27.700,5204.2000,20403,0,106126880.000,3,1,2,多换,S,5204.2000,5203.2000,5202.6000,5202.4000,5201.6000,5204.4000,5205.0000,5205.8000,5206.0000,5206.6000,2,1,1,2,1,1,3,1,2,5
SF,IC2012,2020-06-04 09:31:28.200,5203.2000,20403,0,109249200.000,3,1,2,多换,S,5202.6000,5202.4000,5201.6000,5199.0000,5198.8000,5204.0000,5204.2000,5204.4000,5205.0000,5205.8000,1,1,1,1,1,2,1,1,3,1
SF,IC2012,2020-06-04 09:31:29.200,5203.2000,20403,0,109249200.000,0,-,-,-,-,5202.6000,5201.6000,5199.0000,5198.8000,5198.2000,5204.0000,5204.2000,5204.4000,5205.0000,5205.8000,1,1,1,1,1,2,1,1,3,1
SF,IC2012,2020-06-04 09:31:29.700,5203.2000,20403,0,109249200.000,0,-,-,-,-,5201.6000,5199.0000,5198.8000,5198.2000,5196.2000,5204.0000,5204.2000,5204.4000,5205.0000,5205.8000,1,1,1,1,1,2,1,1,3,1
SF,IC2012,2020-06-04 09:31:30.200,5204.0000,20403,0,113412400.000,4,2,2,多换,S,5201.8000,5201.6000,5199.0000,5198.8000,5198.2000,5204.2000,5204.4000,5205.0000,5205.8000,5206.0000,1,1,1,1,1,1,1,3,1,2
SF,IC2012,2020-06-04 09:31:30.700,5204.0000,20403,0,113412400.000,0,-,-,-,-,5201.8000,5201.6000,5199.0000,5198.8000,5198.2000,5204.2000,5204.4000,5205.0000,5205.8000,5206.0000,1,1,1,1,1,1,1,3,1,2
SF,IC2012,2020-06-04 09:31:31.200,5204.0000,20403,0,113412400.000,0,-,-,-,-,5204.0000,5201.8000,5201.6000,5199.0000,5198.8000,5204.2000,5204.4000,5205.0000,5205.8000,5206.0000,1,1,1,1,1,1,1,3,1,2
SF,IC2012,2020-06-04 09:31:31.700,5204.0000,20403,0,114453200.000,1,0,1,多换,S,5202.2000,5201.8000,5201.6000,5199.0000,5198.8000,5204.0000,5204.2000,5204.4000,5205.0000,5205.8000,1,1,1,1,1,2,1,1,3,1
SF,IC2012,2020-06-04 09:31:32.200,5204.0000,20402,-1,115494000.000,1,0,1,双平,S,5202.4000,5202.2000,5201.6000,5199.0000,5198.8000,5204.0000,5204.2000,5204.4000,5205.0000,5205.8000,1,1,1,1,1,1,1,1,3,1
SF,IC2012,2020-06-04 09:31:32.700,5204.0000,20402,0,115494000.000,0,-,-,-,-,5202.4000,5202.2000,5201.6000,5199.0000,5198.8000,5204.0000,5204.2000,5204.4000,5205.0000,5205.8000,1,1,1,1,1,1,1,1,3,1
SF,IC2012,2020-06-04 09:31:33.200,5204.0000,20402,0,115494000.000,0,-,-,-,-,5202.4000,5202.2000,5201.6000,5199.0000,5198.8000,5204.0000,5204.2000,5204.4000,5205.0000,5205.8000,1,1,1,1,1,1,1,1,3,1
SF,IC2012,2020-06-04 09:31:33.700,5204.0000,20401,-1,116534800.000,1,0,1,双平,S,5204.0000,5202.4000,5202.2000,5201.6000,5199.0000,5204.2000,5204.4000,5205.0000,5205.8000,5206.0000,1,1,1,1,1,1,1,3,1,2
SF,IC2012,2020-06-04 09:31:34.200,5204.0000,20401,0,117575600.000,1,0,1,多换,S,5202.4000,5202.2000,5201.6000,5199.0000,5198.8000,5204.0000,5204.2000,5204.4000,5205.0000,5205.8000,1,1,1,1,1,2,1,1,3,1
SF,IC2012,2020-06-04 09:31:34.700,5202.6000,20399,-2,119656920.000,2,0,2,双平,S,5202.4000,5201.6000,5199.0000,5198.8000,5198.2000,5204.2000,5204.4000,5205.0000,5205.8000,5206.0000,1,1,1,1,1,1,1,3,1,1
SF,IC2012,2020-06-04 09:31:35.200,5202.6000,20399,0,119656920.000,0,-,-,-,-,5202.6000,5202.4000,5201.6000,5199.0000,5198.8000,5204.2000,5204.4000,5205.0000,5205.8000,5206.0000,1,1,1,1,1,1,1,3,1,1
SF,IC2012,2020-06-04 09:31:35.700,5202.6000,20399,0,119656920.000,0,-,-,-,-,5202.8000,5202.6000,5201.6000,5199.0000,5198.8000,5204.2000,5204.4000,5205.0000,5205.8000,5206.0000,1,1,1,1,1,1,1,3,1,1
SF,IC2012,2020-06-04 09:31:36.700,5204.2000,20398,-1,120697760.000,1,0,1,双平,S,5202.8000,5202.6000,5201.6000,5199.0000,5198.8000,5204.4000,5205.0000,5205.8000,5206.0000,5206.2000,1,1,1,1,1,1,3,1,1,1
SF,IC2012,2020-06-04 09:31:37.200,5203.0000,20397,-1,121738360.000,1,0,1,双平,S,5202.8000,5202.6000,5201.6000,5199.0000,5198.8000,5204.4000,5205.0000,5205.8000,5206.0000,5206.2000,1,1,1,1,1,1,3,1,1,1
SF,IC2012,2020-06-04 09:31:37.700,5203.0000,20397,0,121738360.000,0,-,-,-,-,5202.6000,5201.6000,5199.0000,5198.8000,5198.2000,5204.4000,5205.0000,5205.8000,5206.0000,5206.2000,1,1,1,1,1,1,3,1,1,1
SF,IC2012,2020-06-04 09:31:38.200,5202.6000,20396,-1,123819400.000,2,0,2,多平,S,5201.6000,5199.0000,5198.8000,5198.2000,5196.2000,5204.4000,5205.0000,5205.8000,5206.0000,5206.2000,1,1,1,1,1,1,3,1,1,1
SF,IC2012,2020-06-04 09:31:38.700,5202.6000,20396,0,123819400.000,0,-,-,-,-,5201.8000,5201.6000,5199.0000,5198.8000,5198.2000,5204.4000,5205.0000,5205.8000,5206.0000,5206.2000,1,1,1,1,1,1,2,1,1,1
SF,IC2012,2020-06-04 09:31:39.200,5202.6000,20396,0,123819400.000,0,-,-,-,-,5201.8000,5201.6000,5199.8000,5199.0000,5198.8000,5204.4000,5205.0000,5205.8000,5206.0000,5206.2000,1,1,2,1,1,1,2,1,1,1
SF,IC2012,2020-06-04 09:31:39.700,5202.6000,20396,0,123819400.000,0,-,-,-,-,5202.0000,5201.8000,5201.6000,5199.8000,5199.0000,5204.4000,5205.0000,5205.8000,5206.0000,5206.2000,2,1,1,2,1,3,2,1,1,1
SF,IC2012,2020-06-04 09:31:40.200,5202.6000,20396,0,123819400.000,0,-,-,-,-,5202.8000,5202.2000,5202.0000,5201.6000,5199.8000,5204.4000,5205.0000,5205.8000,5206.0000,5206.2000,1,1,2,1,2,3,2,1,1,1
SF,IC2012,2020-06-04 09:31:40.700,5204.4000,20395,-1,127982920.000,4,1,3,多平,S,5202.8000,5202.2000,5202.0000,5201.6000,5199.8000,5205.0000,5205.8000,5206.0000,5206.2000,5206.6000,1,1,2,1,2,2,1,1,1,5
SF,IC2012,2020-06-04 09:31:41.200,5204.4000,20395,0,127982920.000,0,-,-,-,-,5203.0000,5202.8000,5202.0000,5201.6000,5199.8000,5205.0000,5205.8000,5206.0000,5206.2000,5206.6000,1,1,2,1,2,2,1,1,1,5
SF,IC2012,2020-06-04 09:31:41.700,5204.4000,20395,0,127982920.000,0,-,-,-,-,5203.0000,5202.8000,5202.0000,5201.6000,5201.0000,5205.0000,5205.8000,5206.0000,5206.2000,5206.6000,1,1,2,1,1,2,1,1,1,5
SF,IC2012,2020-06-04 09:31:42.200,5205.0000,20394,-1,129023920.000,1,0,1,双平,S,5203.2000,5203.0000,5202.8000,5201.6000,5201.0000,5205.8000,5206.0000,5206.2000,5206.6000,5207.6000,1,1,1,1,1,1,1,1,5,1
SF,IC2012,2020-06-04 09:31:42.700,5205.0000,20394,0,129023920.000,0,-,-,-,-,5203.4000,5203.2000,5202.8000,5202.6000,5201.6000,5205.8000,5206.0000,5206.2000,5206.6000,5207.6000,2,1,1,1,1,1,1,1,5,1
SF,IC2012,2020-06-04 09:31:43.200,5205.0000,20394,0,129023920.000,0,-,-,-,-,5204.4000,5203.4000,5203.2000,5202.8000,5202.6000,5205.8000,5206.0000,5206.2000,5206.6000,5207.6000,1,2,1,1,1,1,1,1,5,1
SF,IC2012,2020-06-04 09:31:43.700,5205.0000,20394,0,129023920.000,0,-,-,-,-,5204.4000,5203.4000,5203.2000,5202.8000,5202.6000,5205.8000,5206.0000,5206.2000,5206.6000,5207.6000,1,2,1,1,1,1,1,1,5,1
SF,IC2012,2020-06-04 09:31:44.200,5204.4000,20393,-1,130064800.000,1,0,1,双平,S,5203.4000,5203.2000,5202.8000,5202.6000,5201.6000,5205.8000,5206.0000,5206.2000,5206.6000,5207.6000,1,1,1,1,1,1,1,1,5,1
SF,IC2012,2020-06-04 09:31:44.700,5204.4000,20393,0,130064800.000,0,-,-,-,-,5203.2000,5202.8000,5202.6000,5201.6000,5201.0000,5203.4000,5205.8000,5206.0000,5206.2000,5206.6000,1,1,1,1,1,1,1,1,1,5
SF,IC2012,2020-06-04 09:31:45.200,5203.4000,20392,-1,131105480.000,1,0,1,双平,S,5203.4000,5202.8000,5201.6000,5201.0000,5199.0000,5206.0000,5206.2000,5206.6000,5207.6000,5210.0000,3,1,1,1,1,1,1,5,1,3
SF,IC2012,2020-06-04 09:31:45.700,5203.4000,20392,0,131105480.000,0,-,-,-,-,5203.4000,5202.8000,5201.8000,5201.6000,5201.0000,5204.8000,5206.0000,5206.2000,5206.6000,5207.6000,3,1,1,1,1,1,1,1,5,1
SF,IC2012,2020-06-04 09:31:46.200,5203.4000,20392,0,131105480.000,0,-,-,-,-,5203.6000,5203.4000,5202.8000,5201.8000,5201.6000,5205.0000,5206.0000,5206.2000,5206.6000,5207.6000,1,2,1,1,1,1,1,1,5,1
SF,IC2012,2020-06-04 09:31:47.700,5203.4000,20392,0,131105480.000,0,-,-,-,-,5203.6000,5203.4000,5202.8000,5201.8000,5201.6000,5205.0000,5206.0000,5206.2000,5206.6000,5207.6000,1,2,1,1,1,3,1,1,5,1
SF,IC2012,2020-06-04 09:31:48.700,5205.0000,20392,0,132146480.000,1,0,1,多换,S,5203.6000,5203.4000,5202.8000,5201.8000,5201.6000,5205.0000,5206.0000,5206.2000,5206.6000,5207.6000,1,2,1,1,1,2,1,1,5,1
SF,IC2012,2020-06-04 09:31:49.200,5205.0000,20392,0,132146480.000,0,-,-,-,-,5204.0000,5203.6000,5203.4000,5202.8000,5201.8000,5205.0000,5206.0000,5206.2000,5206.6000,5207.6000,3,1,2,1,1,2,1,1,5,1
SF,IC2012,2020-06-04 09:31:49.700,5205.0000,20392,0,132146480.000,0,-,-,-,-,5204.2000,5204.0000,5203.4000,5202.8000,5201.8000,5205.0000,5206.0000,5206.2000,5206.6000,5207.6000,1,3,2,1,1,2,1,1,5,1
SF,IC2012,2020-06-04 09:31:50.200,5205.0000,20392,0,132146480.000,0,-,-,-,-,5204.2000,5204.0000,5203.4000,5202.8000,5201.6000,5205.0000,5206.0000,5206.2000,5206.6000,5207.6000,1,3,2,1,1,2,1,1,5,1
SF,IC2012,2020-06-04 09:31:50.700,5204.2000,20391,-1,133187320.000,1,0,1,双平,S,5204.0000,5203.4000,5202.8000,5202.4000,5201.6000,5205.0000,5206.0000,5206.2000,5206.6000,5207.6000,3,2,1,1,1,2,1,1,5,1
SF,IC2012,2020-06-04 09:31:51.200,5204.2000,20391,0,133187320.000,0,-,-,-,-,5204.0000,5203.4000,5202.8000,5202.4000,5201.6000,5205.0000,5206.0000,5206.2000,5206.6000,5207.6000,3,2,1,1,1,2,2,1,5,1
SF,IC2012,2020-06-04 09:31:51.700,5204.2000,20391,0,133187320.000,0,-,-,-,-,5204.0000,5203.4000,5202.8000,5202.4000,5201.0000,5205.0000,5206.0000,5206.2000,5206.6000,5207.6000,3,2,1,1,1,2,2,1,5,1
SF,IC2012,2020-06-04 09:31:52.200,5204.2000,20391,0,133187320.000,0,-,-,-,-,5204.2000,5204.0000,5203.4000,5202.8000,5202.4000,5205.0000,5206.0000,5206.2000,5206.6000,5207.6000,1,3,2,1,1,2,2,1,5,1
SF,IC2012,2020-06-04 09:31:53.200,5205.0000,20391,0,134228320.000,1,0,1,多换,S,5204.2000,5204.0000,5203.4000,5202.8000,5202.4000,5205.0000,5206.0000,5206.2000,5206.6000,5207.6000,1,3,2,1,1,1,2,1,5,1
SF,IC2012,2020-06-04 09:31:54.700,5204.2000,20390,-1,135269160.000,1,0,1,双平,S,5204.0000,5203.4000,5202.8000,5202.4000,5201.0000,5204.2000,5205.0000,5206.0000,5206.2000,5206.6000,3,2,1,1,1,1,1,2,1,5
SF,IC2012,2020-06-04 09:31:55.200,5204.2000,20389,-1,136310000.000,1,0,1,双平,S,5204.4000,5204.2000,5204.0000,5203.4000,5202.8000,5205.0000,5206.0000,5206.2000,5206.6000,5207.6000,2,1,3,2,1,1,2,1,5,1
SF,IC2012,2020-06-04 09:31:56.200,5204.2000,20389,0,136310000.000,0,-,-,-,-,5204.0000,5203.4000,5202.8000,5202.4000,5201.0000,5205.0000,5206.0000,5206.2000,5206.6000,5207.6000,3,2,1,1,1,1,2,1,5,1
SF,IC2012,2020-06-04 09:31:57.700,5205.0000,20389,0,137351000.000,1,0,1,多换,S,5204.0000,5203.4000,5202.8000,5202.4000,5201.0000,5206.0000,5206.2000,5206.6000,5207.6000,5210.0000,3,2,1,1,1,2,1,5,1,3
SF,IC2012,2020-06-04 09:31:58.200,5205.0000,20389,0,138392000.000,1,0,1,多换,S,5204.0000,5203.4000,5202.8000,5202.4000,5201.0000,5205.8000,5206.0000,5206.2000,5206.6000,5207.6000,3,2,1,1,1,1,2,1,5,1
SF,IC2012,2020-06-04 09:32:00.700,5205.0000,20389,0,138392000.000,0,-,-,-,-,5204.0000,5203.4000,5202.8000,5202.4000,5201.0000,5205.8000,5206.0000,5206.2000,5206.6000,5207.6000,3,2,1,1,1,1,2,1,5,1
SF,IC2012,2020-06-04 09:32:01.200,5205.0000,20389,0,138392000.000,0,-,-,-,-,5204.0000,5203.4000,5202.8000,5202.4000,5201.0000,5205.8000,5206.0000,5206.2000,5206.6000,5207.6000,3,2,1,1,1,2,2,1,5,1
SF,IC2012,2020-06-04 09:32:01.700,5204.0000,20390,1,139432800.000,1,1,0,双开,S,5204.0000,5203.4000,5202.8000,5202.4000,5201.0000,5205.8000,5206.0000,5206.2000,5206.6000,5207.6000,2,2,1,1,1,2,2,1,5,1
SF,IC2012,2020-06-04 09:32:02.200,5204.0000,20390,0,141514400.000,2,1,1,多换,S,5203.4000,5202.8000,5202.4000,5201.0000,5199.0000,5205.8000,5206.0000,5206.2000,5206.6000,5207.6000,2,1,1,1,1,2,2,1,5,1
SF,IC2012,2020-06-04 09:32:02.700,5204.0000,20390,0,141514400.000,0,-,-,-,-,5203.4000,5202.8000,5202.4000,5201.0000,5199.0000,5205.4000,5205.8000,5206.0000,5206.2000,5206.6000,2,1,1,1,1,1,2,2,1,5
SF,IC2012,2020-06-04 09:32:03.200,5204.0000,20390,0,141514400.000,0,-,-,-,-,5203.4000,5202.8000,5202.4000,5201.0000,5199.0000,5205.2000,5205.4000,5205.8000,5206.0000,5206.2000,2,1,1,1,1,1,1,1,2,1
SF,IC2012,2020-06-04 09:32:03.700,5204.0000,20390,0,141514400.000,0,-,-,-,-,5203.4000,5202.8000,5202.4000,5201.0000,5199.0000,5204.0000,5205.2000,5205.4000,5205.8000,5206.0000,2,1,1,1,1,2,1,1,1,2
SF,IC2012,2020-06-04 09:32:04.200,5204.0000,20390,0,143596000.000,2,1,1,多换,S,5204.2000,5204.0000,5203.4000,5202.8000,5202.4000,5205.2000,5205.8000,5206.0000,5206.2000,5206.6000,1,2,2,1,1,1,1,2,1,5
SF,IC2012,2020-06-04 09:32:04.700,5204.2000,20389,-1,144636840.000,1,0,1,双平,S,5204.0000,5203.4000,5202.8000,5202.4000,5201.0000,5205.2000,5205.8000,5206.0000,5206.2000,5206.6000,2,2,1,1,1,1,1,2,1,5
SF,IC2012,2020-06-04 09:32:05.200,5204.0000,20389,0,146718440.000,2,1,1,多换,S,5203.4000,5202.8000,5202.4000,5201.0000,5199.0000,5204.0000,5205.8000,5206.0000,5206.2000,5206.6000,2,1,1,1,1,1,1,2,1,5
SF,IC2012,2020-06-04 09:32:05.700,5204.0000,20389,0,146718440.000,0,-,-,-,-,5202.8000,5202.4000,5199.0000,5198.8000,5198.2000,5204.0000,5205.4000,5205.8000,5206.0000,5206.2000,1,1,1,1,1,1,1,1,2,1
SF,IC2012,2020-06-04 09:32:06.200,5204.0000,20389,0,146718440.000,0,-,-,-,-,5203.0000,5202.8000,5202.4000,5201.4000,5199.0000,5204.0000,5205.4000,5205.8000,5206.0000,5206.2000,1,1,1,1,1,1,1,1,2,1
SF,IC2012,2020-06-04 09:32:06.700,5204.0000,20389,0,146718440.000,0,-,-,-,-,5202.8000,5202.4000,5201.4000,5199.0000,5198.8000,5203.0000,5204.0000,5205.4000,5205.8000,5206.0000,1,1,1,1,1,1,1,1,1,2
SF,IC2012,2020-06-04 09:32:07.200,5204.0000,20389,0,146718440.000,0,-,-,-,-,5203.0000,5202.8000,5202.4000,5201.4000,5200.4000,5204.0000,5205.8000,5206.0000,5206.2000,5206.6000,1,1,1,1,1,1,1,2,1,5
SF,IC2012,2020-06-04 09:32:07.700,5204.0000,20389,0,146718440.000,0,-,-,-,-,5203.0000,5202.8000,5202.4000,5201.4000,5200.4000,5204.0000,5205.0000,5205.8000,5206.0000,5206.2000,1,1,1,1,1,1,1,1,2,1
SF,IC2012,2020-06-04 09:32:08.200,5204.0000,20389,0,146718440.000,0,-,-,-,-,5202.8000,5202.4000,5201.4000,5200.4000,5199.0000,5204.0000,5205.0000,5205.8000,5206.0000,5206.2000,1,1,1,1,1,1,1,1,3,1
SF,IC2012,2020-06-04 09:32:08.700,5204.0000,20389,0,146718440.000,0,-,-,-,-,5202.8000,5202.4000,5201.4000,5200.4000,5199.0000,5204.0000,5205.0000,5205.8000,5206.0000,5206.2000,1,1,1,1,1,2,3,1,3,1
SF,IC2012,2020-06-04 09:32:09.200,5204.0000,20389,0,146718440.000,0,-,-,-,-,5202.8000,5202.4000,5201.4000,5200.4000,5199.0000,5204.0000,5205.0000,5205.8000,5206.0000,5206.2000,1,1,1,1,1,2,3,1,3,1
SF,IC2012,2020-06-04 09:32:11.700,5202.8000,20388,-1,147759000.000,1,0,1,双平,S,5202.4000,5201.4000,5200.4000,5199.0000,5198.8000,5204.0000,5205.0000,5205.8000,5206.0000,5206.2000,1,1,1,1,1,2,3,1,3,1
SF,IC2012,2020-06-04 09:32:12.200,5202.8000,20388,0,147759000.000,0,-,-,-,-,5201.4000,5200.4000,5199.0000,5198.8000,5198.2000,5203.8000,5204.0000,5205.0000,5205.8000,5206.0000,1,1,1,1,1,1,2,3,1,3
SF,IC2012,2020-06-04 09:32:12.700,5202.8000,20388,0,147759000.000,0,-,-,-,-,5201.4000,5200.4000,5200.0000,5199.0000,5198.8000,5202.6000,5203.0000,5203.2000,5203.4000,5203.8000,1,1,1,1,1,2,1,1,1,2
SF,IC2012,2020-06-04 09:32:13.200,5202.8000,20388,0,147759000.000,0,-,-,-,-,5201.4000,5200.0000,5199.0000,5198.8000,5198.2000,5203.0000,5203.2000,5203.8000,5204.0000,5205.0000,1,2,1,1,1,1,1,2,2,2
SF,IC2012,2020-06-04 09:32:13.700,5202.8000,20388,0,147759000.000,0,-,-,-,-,5201.6000,5201.4000,5200.0000,5199.0000,5198.8000,5202.4000,5203.0000,5203.8000,5204.0000,5205.0000,1,1,2,1,1,1,1,2,2,2
SF,IC2012,2020-06-04 09:32:14.200,5201.6000,20387,-1,148799320.000,1,0,1,双平,S,5201.4000,5200.0000,5199.0000,5198.8000,5198.2000,5202.4000,5203.0000,5203.8000,5204.0000,5205.0000,1,2,1,1,1,1,2,2,2,2
SF,IC2012,2020-06-04 09:32:14.700,5201.6000,20387,0,148799320.000,0,-,-,-,-,5201.4000,5200.0000,5199.0000,5198.8000,5198.2000,5202.4000,5203.0000,5203.8000,5204.0000,5205.0000,1,2,1,1,1,1,1,2,2,2
SF,IC2012,2020-06-04 09:32:15.700,5201.6000,20387,0,148799320.000,0,-,-,-,-,5201.4000,5200.0000,5199.0000,5198.8000,5198.2000,5201.6000,5202.4000,5203.0000,5203.8000,5204.0000,1,2,1,1,1,1,1,1,2,2
SF,IC2012,2020-06-04 09:32:16.200,5202.4000,20385,-2,150880120.000,2,0,2,双平,S,5201.8000,5201.6000,5201.4000,5200.0000,5199.0000,5203.0000,5203.8000,5204.0000,5205.0000,5206.0000,1,2,1,2,1,1,2,1,2,2
SF,IC2012,2020-06-04 09:32:17.200,5202.4000,20385,0,150880120.000,0,-,-,-,-,5201.8000,5201.4000,5200.0000,5199.0000,5198.8000,5203.0000,5203.8000,5204.0000,5205.0000,5206.0000,1,1,2,1,1,1,2,1,2,2
SF,IC2012,2020-06-04 09:32:17.700,5202.4000,20385,0,150880120.000,0,-,-,-,-,5202.2000,5201.8000,5201.4000,5200.0000,5199.0000,5202.6000,5202.8000,5203.0000,5203.8000,5204.0000,1,1,1,2,1,1,1,2,1,1
SF,IC2012,2020-06-04 09:32:18.200,5202.2000,20385,0,151920560.000,1,0,1,多换,S,5201.8000,5201.4000,5200.0000,5199.0000,5198.8000,5202.8000,5203.0000,5203.8000,5204.0000,5205.0000,1,1,2,1,1,1,1,1,1,2
SF,IC2012,2020-06-04 09:32:19.200,5202.2000,20385,0,151920560.000,0,-,-,-,-,5201.8000,5201.6000,5201.4000,5200.0000,5199.0000,5202.8000,5203.0000,5203.8000,5204.0000,5205.0000,1,1,1,2,1,1,1,1,1,2
SF,IC2012,2020-06-04 09:32:19.700,5202.2000,20385,0,151920560.000,0,-,-,-,-,5201.8000,5201.6000,5201.4000,5200.0000,5199.0000,5203.0000,5203.8000,5204.0000,5205.0000,5206.0000,1,1,1,2,1,1,1,1,2,2
SF,IC2012,2020-06-04 09:32:20.200,5202.2000,20385,0,151920560.000,0,-,-,-,-,5201.8000,5201.6000,5201.4000,5200.0000,5199.0000,5203.0000,5203.8000,5204.0000,5205.0000,5206.0000,1,1,2,2,1,1,1,1,2,2
SF,IC2012,2020-06-04 09:32:21.200,5203.0000,20384,-1,152961160.000,1,0,1,双平,S,5201.8000,5201.6000,5201.4000,5200.0000,5199.0000,5203.8000,5204.0000,5205.0000,5206.0000,5206.2000,1,1,2,2,1,1,1,2,2,1
SF,IC2012,2020-06-04 09:32:21.700,5203.0000,20384,0,152961160.000,0,-,-,-,-,5202.2000,5201.8000,5201.6000,5201.4000,5200.0000,5204.0000,5205.0000,5206.0000,5206.2000,5206.6000,1,1,1,2,2,1,2,2,1,5
SF,IC2012,2020-06-04 09:32:22.700,5203.0000,20384,0,152961160.000,0,-,-,-,-,5202.4000,5202.0000,5201.8000,5201.6000,5201.4000,5204.0000,5205.0000,5206.0000,5206.2000,5206.6000,1,1,1,1,2,1,2,2,1,5
SF,IC2012,2020-06-04 09:32:23.200,5203.0000,20384,0,152961160.000,0,-,-,-,-,5202.4000,5202.0000,5201.8000,5201.6000,5201.4000,5204.0000,5205.0000,5206.0000,5206.2000,5206.6000,1,1,1,1,2,1,2,2,1,5
SF,IC2012,2020-06-04 09:32:24.700,5203.0000,20384,0,152961160.000,0,-,-,-,-,5202.8000,5202.0000,5201.8000,5201.6000,5201.4000,5204.0000,5205.0000,5206.0000,5206.2000,5206.6000,1,1,1,1,2,1,2,2,1,5
SF,IC2012,2020-06-04 09:32:25.200,5203.0000,20384,0,152961160.000,0,-,-,-,-,5202.0000,5201.8000,5201.6000,5201.4000,5200.0000,5203.8000,5204.0000,5205.0000,5206.0000,5206.2000,1,1,1,2,1,1,1,2,2,1
SF,IC2012,2020-06-04 09:32:25.700,5203.0000,20384,0,152961160.000,0,-,-,-,-,5202.0000,5201.8000,5201.6000,5201.4000,5200.0000,5203.8000,5204.0000,5205.0000,5206.0000,5206.2000,1,1,1,2,2,1,1,2,2,1
SF,IC2012,2020-06-04 09:32:26.200,5204.0000,20382,-2,155042720.000,2,0,2,双平,S,5203.8000,5202.2000,5202.0000,5201.8000,5201.6000,5205.0000,5206.0000,5206.2000,5206.6000,5207.6000,1,1,1,1,1,2,2,1,5,1
SF,IC2012,2020-06-04 09:32:26.700,5204.0000,20382,0,155042720.000,0,-,-,-,-,5202.2000,5202.0000,5201.8000,5201.6000,5201.4000,5204.8000,5205.0000,5206.0000,5206.2000,5206.6000,1,1,1,1,1,1,2,2,1,5
SF,IC2012,2020-06-04 09:32:27.200,5204.0000,20382,0,155042720.000,0,-,-,-,-,5202.4000,5202.2000,5202.0000,5201.8000,5201.6000,5204.8000,5205.0000,5206.0000,5206.2000,5206.6000,1,1,1,1,1,1,2,2,1,5
SF,IC2012,2020-06-04 09:32:27.700,5204.0000,20382,0,155042720.000,0,-,-,-,-,5202.6000,5202.4000,5202.0000,5201.8000,5201.6000,5204.8000,5205.0000,5206.0000,5206.2000,5206.6000,1,1,1,1,1,1,2,2,1,5
SF,IC2012,2020-06-04 09:32:28.700,5204.0000,20382,0,155042720.000,0,-,-,-,-,5202.8000,5202.6000,5202.4000,5202.0000,5201.8000,5204.8000,5205.0000,5206.0000,5206.2000,5206.6000,1,1,1,1,1,1,2,2,1,5
SF,IC2012,2020-06-04 09:32:29.200,5204.0000,20382,0,155042720.000,0,-,-,-,-,5203.0000,5202.8000,5202.4000,5202.0000,5201.8000,5205.0000,5206.0000,5206.2000,5206.6000,5207.6000,1,1,1,1,1,2,2,1,5,1
SF,IC2012,2020-06-04 09:32:29.700,5204.0000,20382,0,155042720.000,0,-,-,-,-,5202.8000,5202.4000,5202.0000,5201.8000,5201.6000,5204.8000,5205.0000,5206.0000,5206.2000,5206.6000,1,1,1,1,1,1,2,2,1,5
SF,IC2012,2020-06-04 09:32:31.200,5204.0000,20382,0,155042720.000,0,-,-,-,-,5203.0000,5202.8000,5202.4000,5202.0000,5201.8000,5204.8000,5205.0000,5206.0000,5206.2000,5206.6000,1,1,1,1,1,1,2,2,1,5
SF,IC2012,2020-06-04 09:32:31.700,5203.2000,20381,-1,156083360.000,1,0,1,双平,S,5203.0000,5202.8000,5202.4000,5202.0000,5201.8000,5204.8000,5205.0000,5206.0000,5206.2000,5206.6000,1,1,1,1,1,1,2,2,1,5
SF,IC2012,2020-06-04 09:32:32.700,5203.2000,20381,0,156083360.000,0,-,-,-,-,5203.0000,5202.4000,5202.0000,5201.8000,5201.6000,5204.8000,5205.0000,5206.0000,5206.2000,5206.6000,1,1,1,1,1,1,2,2,1,5
SF,IC2012,2020-06-04 09:32:34.700,5203.2000,20381,0,156083360.000,0,-,-,-,-,5203.0000,5202.4000,5202.0000,5201.8000,5201.6000,5204.8000,5205.0000,5206.0000,5206.2000,5206.6000,1,1,1,2,1,1,2,2,1,5
SF,IC2012,2020-06-04 09:32:35.200,5203.0000,20381,0,157123960.000,1,0,1,多换,S,5202.4000,5202.0000,5201.8000,5201.6000,5201.4000,5202.8000,5205.0000,5206.0000,5206.2000,5206.6000,1,1,1,1,1,1,2,2,1,5
SF,IC2012,2020-06-04 09:32:35.700,5203.0000,20381,0,157123960.000,0,-,-,-,-,5203.0000,5202.0000,5201.8000,5201.6000,5201.4000,5205.0000,5206.0000,5206.2000,5206.6000,5207.6000,2,1,1,1,1,2,2,1,5,1
SF,IC2012,2020-06-04 09:32:36.200,5203.0000,20381,0,157123960.000,0,-,-,-,-,5202.0000,5201.8000,5201.6000,5201.4000,5200.0000,5204.8000,5205.0000,5206.0000,5206.2000,5206.6000,1,1,1,1,1,1,2,2,1,5
SF,IC2012,2020-06-04 09:32:36.700,5203.0000,20381,0,157123960.000,0,-,-,-,-,5202.2000,5202.0000,5201.8000,5201.6000,5201.4000,5204.4000,5204.8000,5205.0000,5206.0000,5206.2000,1,1,1,1,1,1,1,2,2,1
SF,IC2012,2020-06-04 09:32:37.200,5203.0000,20381,0,157123960.000,0,-,-,-,-,5202.2000,5202.0000,5201.8000,5201.6000,5201.4000,5204.2000,5204.4000,5205.0000,5206.0000,5206.2000,1,1,1,1,1,1,1,2,2,1
SF,IC2012,2020-06-04 09:32:37.700,5203.0000,20381,0,157123960.000,0,-,-,-,-,5202.0000,5201.8000,5201.6000,5201.4000,5200.2000,5204.2000,5204.4000,5205.0000,5206.0000,5206.2000,1,1,1,1,1,1,1,2,2,1
SF,IC2012,2020-06-04 09:32:38.200,5203.0000,20381,0,157123960.000,0,-,-,-,-,5202.0000,5201.8000,5201.6000,5201.4000,5200.2000,5204.2000,5205.0000,5206.0000,5206.2000,5206.6000,1,1,1,1,1,1,2,2,1,5
SF,IC2012,2020-06-04 09:32:38.700,5203.0000,20381,0,157123960.000,0,-,-,-,-,5202.0000,5201.8000,5201.6000,5201.4000,5200.2000,5204.2000,5205.0000,5206.0000,5206.2000,5206.6000,1,1,1,1,1,2,2,2,1,5
SF,IC2012,2020-06-04 09:32:40.200,5202.0000,20380,-1,158164360.000,1,0,1,双平,S,5201.8000,5201.6000,5201.4000,5200.2000,5200.0000,5204.2000,5205.0000,5206.0000,5206.2000,5206.6000,1,1,1,1,1,2,2,2,1,5
SF,IC2012,2020-06-04 09:32:41.200,5202.0000,20380,0,158164360.000,0,-,-,-,-,5202.2000,5201.8000,5201.6000,5201.4000,5200.6000,5204.2000,5205.0000,5206.0000,5206.2000,5206.6000,1,1,1,1,1,2,2,2,1,5
SF,IC2012,2020-06-04 09:32:41.700,5202.0000,20380,0,158164360.000,0,-,-,-,-,5201.8000,5201.6000,5201.4000,5200.6000,5200.2000,5204.2000,5205.0000,5206.0000,5206.2000,5206.6000,1,1,1,1,1,2,2,2,1,5
SF,IC2012,2020-06-04 09:32:42.200,5202.0000,20380,0,158164360.000,0,-,-,-,-,5202.2000,5201.8000,5201.6000,5201.4000,5200.2000,5204.2000,5205.0000,5206.0000,5206.2000,5206.6000,1,1,1,1,1,2,2,2,1,5
SF,IC2012,2020-06-04 09:32:42.700,5202.0000,20380,0,158164360.000,0,-,-,-,-,5202.2000,5201.8000,5201.6000,5201.4000,5200.2000,5204.2000,5205.0000,5206.0000,5206.2000,5206.6000,1,1,1,1,1,2,3,2,1,5
SF,IC2012,2020-06-04 09:32:43.200,5202.0000,20380,0,158164360.000,0,-,-,-,-,5201.8000,5201.6000,5201.4000,5200.2000,5200.0000,5204.2000,5205.0000,5206.0000,5206.2000,5206.6000,1,1,1,1,1,2,3,2,1,5
SF,IC2012,2020-06-04 09:32:43.700,5202.0000,20380,0,158164360.000,0,-,-,-,-,5202.2000,5201.8000,5201.6000,5201.4000,5200.2000,5204.2000,5205.0000,5206.0000,5206.2000,5206.6000,1,1,1,1,1,2,3,2,1,5
SF,IC2012,2020-06-04 09:32:44.200,5202.0000,20380,0,158164360.000,0,-,-,-,-,5201.8000,5201.6000,5201.4000,5201.0000,5200.2000,5204.2000,5205.0000,5206.0000,5206.2000,5206.6000,1,1,1,1,1,2,3,2,1,5
SF,IC2012,2020-06-04 09:32:44.700,5202.0000,20380,0,158164360.000,0,-,-,-,-,5202.2000,5201.8000,5201.6000,5201.4000,5201.0000,5204.2000,5205.0000,5206.0000,5206.2000,5206.6000,1,1,1,1,1,2,3,2,1,5
SF,IC2012,2020-06-04 09:32:45.200,5202.0000,20379,-1,159204760.000,1,0,1,双平,S,5201.8000,5201.6000,5201.4000,5201.0000,5200.2000,5202.2000,5204.2000,5205.0000,5206.0000,5206.2000,1,1,1,1,1,3,2,3,2,1
SF,IC2012,2020-06-04 09:32:45.700,5202.2000,20376,-3,162326080.000,3,0,3,双平,S,5202.4000,5202.2000,5201.8000,5201.6000,5201.4000,5204.2000,5205.0000,5206.0000,5206.2000,5206.6000,1,2,1,1,1,2,3,2,1,5
SF,IC2012,2020-06-04 09:32:46.200,5202.2000,20376,0,162326080.000,0,-,-,-,-,5202.4000,5202.2000,5201.8000,5201.6000,5201.4000,5204.2000,5205.0000,5206.0000,5206.2000,5206.6000,1,3,1,1,1,2,3,2,1,5
SF,IC2012,2020-06-04 09:32:46.700,5202.2000,20376,0,162326080.000,0,-,-,-,-,5202.4000,5202.2000,5201.8000,5201.6000,5201.4000,5204.2000,5205.0000,5206.0000,5206.2000,5206.6000,1,1,1,1,1,2,3,2,1,5
SF,IC2012,2020-06-04 09:32:47.200,5202.2000,20376,0,162326080.000,0,-,-,-,-,5202.4000,5202.2000,5201.8000,5201.6000,5201.4000,5204.2000,5205.0000,5206.0000,5206.2000,5206.6000,1,1,1,1,1,2,3,2,1,5
SF,IC2012,2020-06-04 09:32:47.700,5202.2000,20376,0,162326080.000,0,-,-,-,-,5202.4000,5202.2000,5201.8000,5201.6000,5201.4000,5204.2000,5205.0000,5206.0000,5206.2000,5206.6000,1,1,1,1,1,2,3,2,1,5
SF,IC2012,2020-06-04 09:32:48.700,5202.2000,20376,0,162326080.000,0,-,-,-,-,5202.4000,5202.2000,5201.8000,5201.6000,5201.4000,5204.2000,5205.0000,5206.0000,5206.2000,5206.6000,1,1,1,1,1,2,3,2,1,5
SF,IC2012,2020-06-04 09:32:50.200,5202.2000,20376,0,162326080.000,0,-,-,-,-,5202.4000,5202.2000,5201.8000,5201.6000,5201.4000,5204.2000,5205.0000,5206.0000,5206.2000,5206.6000,1,1,1,1,1,2,3,2,1,5
SF,IC2012,2020-06-04 09:32:50.700,5202.2000,20376,0,162326080.000,0,-,-,-,-,5202.4000,5202.2000,5201.8000,5201.6000,5201.4000,5204.2000,5205.0000,5206.0000,5206.2000,5206.6000,1,1,1,1,1,2,3,2,1,5
SF,IC2012,2020-06-04 09:32:51.700,5202.2000,20376,0,162326080.000,0,-,-,-,-,5202.4000,5202.2000,5201.8000,5201.6000,5201.4000,5204.0000,5204.2000,5205.0000,5206.0000,5206.2000,1,1,1,1,1,1,2,3,2,1
SF,IC2012,2020-06-04 09:32:52.200,5202.2000,20376,0,162326080.000,0,-,-,-,-,5202.4000,5202.2000,5201.8000,5201.6000,5201.4000,5203.8000,5204.0000,5205.0000,5206.0000,5206.2000,1,1,1,1,1,1,2,3,2,1
SF,IC2012,2020-06-04 09:32:55.200,5202.2000,20376,0,162326080.000,0,-,-,-,-,5202.4000,5202.2000,5201.8000,5201.6000,5201.4000,5203.0000,5203.8000,5204.0000,5205.0000,5206.0000,1,1,1,1,1,1,1,2,3,2
SF,IC2012,2020-06-04 09:32:55.700,5203.0000,20375,-1,163366680.000,1,0,1,双平,S,5202.4000,5202.2000,5201.8000,5201.6000,5201.4000,5203.8000,5204.0000,5205.0000,5206.0000,5206.2000,1,1,1,1,1,1,2,3,2,1
SF,IC2012,2020-06-04 09:32:56.700,5203.8000,20375,0,165447920.000,2,1,1,多换,S,5203.8000,5201.8000,5201.6000,5201.4000,5201.0000,5204.0000,5205.0000,5206.0000,5206.2000,5206.6000,4,1,1,1,1,2,3,2,1,5
SF,IC2012,2020-06-04 09:32:57.200,5203.8000,20375,0,169610960.000,4,2,2,多换,S,5201.6000,5201.4000,5201.0000,5200.4000,5200.0000,5204.0000,5205.0000,5206.0000,5206.2000,5206.6000,1,1,1,1,1,2,3,2,1,5
SF,IC2012,2020-06-04 09:32:57.700,5203.8000,20375,0,169610960.000,0,-,-,-,-,5201.6000,5201.4000,5201.0000,5200.4000,5200.0000,5203.0000,5203.8000,5204.0000,5205.0000,5206.0000,1,1,1,1,1,1,1,2,3,2
SF,IC2012,2020-06-04 09:32:58.200,5203.8000,20375,0,169610960.000,0,-,-,-,-,5201.6000,5201.4000,5201.0000,5200.4000,5200.0000,5202.8000,5203.0000,5203.2000,5203.6000,5204.0000,1,1,1,1,1,1,1,1,2,2
SF,IC2012,2020-06-04 09:32:58.700,5203.8000,20375,0,169610960.000,0,-,-,-,-,5201.6000,5201.4000,5201.0000,5200.0000,5199.0000,5202.6000,5202.8000,5203.0000,5203.2000,5204.0000,1,1,1,1,1,2,1,1,1,2
SF,IC2012,2020-06-04 09:32:59.200,5201.6000,20375,0,170651280.000,1,0,1,多换,S,5201.4000,5201.0000,5200.0000,5199.0000,5198.8000,5202.4000,5202.6000,5203.0000,5203.2000,5204.0000,1,1,1,1,1,1,2,1,1,2
SF,IC2012,2020-06-04 09:32:59.700,5201.6000,20375,0,170651280.000,0,-,-,-,-,5201.4000,5201.0000,5200.0000,5199.0000,5198.8000,5202.0000,5202.4000,5202.6000,5203.0000,5203.2000,1,1,1,1,1,1,1,2,1,1
SF,IC2012,2020-06-04 09:33:00.200,5201.6000,20375,0,170651280.000,0,-,-,-,-,5201.4000,5201.0000,5200.0000,5199.4000,5199.0000,5202.6000,5203.0000,5203.2000,5204.0000,5205.0000,1,1,1,1,1,2,1,1,2,3
SF,IC2012,2020-06-04 09:33:01.200,5201.4000,20374,-1,172731840.000,2,0,2,多平,S,5201.0000,5200.0000,5199.4000,5199.0000,5198.8000,5202.0000,5202.6000,5203.0000,5203.2000,5204.0000,1,1,1,1,1,1,2,1,1,2
SF,IC2012,2020-06-04 09:33:01.700,5201.0000,20373,-1,173772040.000,1,0,1,双平,S,5201.6000,5200.0000,5199.0000,5198.8000,5198.2000,5202.0000,5202.6000,5203.0000,5203.2000,5204.0000,1,1,1,1,1,1,2,1,1,2
SF,IC2012,2020-06-04 09:33:02.200,5201.6000,20372,-1,174812360.000,1,0,1,双平,S,5200.0000,5199.0000,5198.8000,5198.2000,5196.2000,5202.0000,5202.6000,5203.0000,5203.2000,5204.0000,1,1,1,1,1,1,2,1,1,2
SF,IC2012,2020-06-04 09:33:02.700,5201.6000,20372,0,174812360.000,0,-,-,-,-,5200.2000,5200.0000,5199.0000,5198.8000,5198.2000,5202.0000,5202.6000,5203.0000,5203.2000,5204.0000,1,1,1,1,1,1,2,1,1,2
SF,IC2012,2020-06-04 09:33:03.700,5201.6000,20372,0,174812360.000,0,-,-,-,-,5200.2000,5200.0000,5199.0000,5198.8000,5198.2000,5202.6000,5203.0000,5203.2000,5204.0000,5205.0000,1,1,1,1,1,2,1,1,2,3
SF,IC2012,2020-06-04 09:33:04.200,5201.6000,20372,0,174812360.000,0,-,-,-,-,5200.2000,5200.0000,5199.0000,5198.8000,5198.2000,5202.0000,5202.4000,5202.6000,5203.0000,5203.2000,1,1,1,1,1,1,1,2,1,1
SF,IC2012,2020-06-04 09:33:04.700,5201.6000,20372,0,174812360.000,0,-,-,-,-,5200.2000,5200.0000,5199.0000,5198.8000,5198.2000,5202.0000,5202.6000,5203.0000,5203.2000,5204.0000,1,1,1,1,1,1,2,1,1,1
SF,IC2012,2020-06-04 09:33:05.700,5202.0000,20371,-1,175852760.000,1,0,1,双平,S,5200.2000,5200.0000,5199.0000,5198.8000,5198.2000,5202.6000,5203.0000,5203.2000,5204.0000,5205.0000,1,1,1,1,1,2,1,1,1,3
SF,IC2012,2020-06-04 09:33:06.200,5200.2000,20372,1,177932840.000,2,1,1,空开,S,5200.0000,5199.0000,5198.8000,5198.2000,5198.0000,5202.6000,5203.0000,5203.2000,5204.0000,5205.0000,1,1,1,1,1,2,1,1,1,3
SF,IC2012,2020-06-04 09:33:06.700,5200.2000,20372,0,177932840.000,0,-,-,-,-,5202.0000,5200.4000,5200.2000,5200.0000,5199.0000,5202.4000,5202.6000,5203.0000,5203.2000,5204.0000,5,1,1,1,1,1,2,1,1,1
SF,IC2012,2020-06-04 09:33:07.200,5202.0000,20372,0,182094440.000,4,2,2,多换,S,5202.0000,5200.4000,5200.2000,5200.0000,5199.0000,5202.4000,5202.6000,5203.0000,5203.2000,5204.0000,1,1,1,1,1,1,2,1,1,1
SF,IC2012,2020-06-04 09:33:07.700,5202.0000,20372,0,182094440.000,0,-,-,-,-,5202.0000,5200.4000,5200.2000,5200.0000,5199.0000,5202.4000,5204.0000,5205.0000,5206.0000,5206.2000,1,1,1,1,1,1,1,3,2,1
SF,IC2012,2020-06-04 09:33:08.200,5202.2000,20371,-1,184175280.000,2,0,2,多平,S,5200.4000,5200.2000,5200.0000,5199.0000,5198.8000,5202.4000,5202.6000,5204.0000,5205.0000,5206.0000,1,1,1,1,1,1,2,1,3,2
SF,IC2012,2020-06-04 09:33:08.700,5200.4000,20369,-2,186255840.000,2,0,2,双平,S,5200.0000,5199.0000,5198.8000,5198.2000,5198.0000,5204.0000,5205.0000,5206.0000,5206.2000,5206.6000,1,1,1,1,1,1,3,2,1,5
SF,IC2012,2020-06-04 09:33:09.200,5200.4000,20369,0,186255840.000,0,-,-,-,-,5200.2000,5200.0000,5199.0000,5198.8000,5198.2000,5202.6000,5203.0000,5203.2000,5203.8000,5204.0000,1,1,1,1,1,2,1,1,3,1
SF,IC2012,2020-06-04 09:33:09.700,5200.4000,20369,0,186255840.000,0,-,-,-,-,5200.2000,5200.0000,5199.0000,5198.8000,5198.2000,5202.4000,5202.6000,5203.0000,5203.2000,5203.8000,1,1,1,1,1,1,2,1,1,2
SF,IC2012,2020-06-04 09:33:10.200,5200.4000,20369,0,186255840.000,0,-,-,-,-,5200.0000,5199.0000,5198.8000,5198.2000,5198.0000,5202.0000,5202.2000,5202.4000,5202.6000,5203.0000,1,1,1,1,1,1,2,1,2,1
SF,IC2012,2020-06-04 09:33:10.700,5200.4000,20369,0,186255840.000,0,-,-,-,-,5200.0000,5199.0000,5198.8000,5198.2000,5198.0000,5201.8000,5202.0000,5202.2000,5202.6000,5203.0000,1,1,1,1,1,1,1,2,2,1
SF,IC2012,2020-06-04 09:33:11.200,5200.4000,20369,0,186255840.000,0,-,-,-,-,5200.0000,5199.0000,5198.8000,5198.2000,5198.0000,5201.8000,5202.0000,5202.6000,5203.0000,5203.2000,1,1,1,1,1,1,1,2,1,1
SF,IC2012,2020-06-04 09:33:11.700,5200.4000,20369,0,186255840.000,0,-,-,-,-,5200.0000,5199.0000,5198.8000,5198.2000,5198.0000,5201.8000,5202.0000,5202.6000,5203.0000,5203.2000,1,1,1,1,1,1,1,2,1,1
SF,IC2012,2020-06-04 09:33:12.200,5200.0000,20369,0,187295840.000,1,0,1,多换,S,5199.0000,5198.8000,5198.2000,5198.0000,5196.2000,5201.8000,5202.0000,5202.6000,5203.0000,5203.2000,1,1,1,1,1,1,1,2,1,1
SF,IC2012,2020-06-04 09:33:12.700,5200.0000,20369,0,187295840.000,0,-,-,-,-,5199.2000,5199.0000,5198.8000,5198.2000,5198.0000,5201.4000,5201.8000,5202.0000,5202.6000,5203.0000,1,1,1,1,1,2,1,1,2,1
SF,IC2012,2020-06-04 09:33:13.200,5200.0000,20369,0,187295840.000,0,-,-,-,-,5199.2000,5199.0000,5198.8000,5198.2000,5198.0000,5201.2000,5201.4000,5202.0000,5202.6000,5203.0000,1,1,1,1,1,1,2,1,2,1
SF,IC2012,2020-06-04 09:33:13.700,5200.0000,20369,0,187295840.000,0,-,-,-,-,5199.2000,5199.0000,5198.8000,5198.2000,5198.0000,5201.2000,5202.0000,5202.6000,5203.0000,5203.2000,1,1,1,1,1,1,1,2,1,1
SF,IC2012,2020-06-04 09:33:15.700,5200.0000,20369,0,187295840.000,0,-,-,-,-,5199.6000,5199.2000,5199.0000,5198.8000,5198.2000,5201.2000,5202.0000,5202.6000,5203.0000,5203.2000,1,1,1,1,1,1,1,2,1,1
SF,IC2012,2020-06-04 09:33:16.200,5200.0000,20369,0,187295840.000,0,-,-,-,-,5199.6000,5199.2000,5199.0000,5198.8000,5198.2000,5201.2000,5202.0000,5202.6000,5203.0000,5203.2000,1,1,1,1,1,1,1,2,1,1
SF,IC2012,2020-06-04 09:33:16.700,5200.0000,20369,0,187295840.000,0,-,-,-,-,5199.6000,5199.0000,5198.8000,5198.2000,5198.0000,5201.2000,5202.0000,5202.6000,5203.0000,5203.2000,1,1,1,1,1,2,1,2,1,1
SF,IC2012,2020-06-04 09:33:17.200,5200.0000,20369,0,187295840.000,0,-,-,-,-,5199.6000,5199.0000,5198.8000,5198.2000,5198.0000,5201.2000,5202.0000,5202.6000,5203.0000,5203.2000,1,1,1,1,1,2,1,2,1,1
SF,IC2012,2020-06-04 09:33:17.700,5200.0000,20369,0,187295840.000,0,-,-,-,-,5199.6000,5199.0000,5198.8000,5198.2000,5198.0000,5201.2000,5202.0000,5202.6000,5203.0000,5203.2000,1,1,1,1,1,2,1,2,1,1
SF,IC2012,2020-06-04 09:33:18.200,5199.6000,20369,0,188335760.000,1,0,1,多换,S,5199.0000,5198.8000,5198.2000,5198.0000,5196.2000,5201.2000,5202.0000,5202.6000,5203.0000,5203.2000,1,1,1,1,1,2,1,2,1,1
SF,IC2012,2020-06-04 09:33:18.700,5199.6000,20369,0,188335760.000,0,-,-,-,-,5199.2000,5199.0000,5198.8000,5198.2000,5198.0000,5201.2000,5202.0000,5202.6000,5203.0000,5203.2000,1,1,1,1,1,2,1,2,1,1
SF,IC2012,2020-06-04 09:33:19.200,5199.6000,20369,0,188335760.000,0,-,-,-,-,5200.0000,5199.2000,5199.0000,5198.8000,5198.2000,5201.2000,5202.0000,5202.6000,5203.0000,5203.2000,1,1,1,1,1,2,1,2,1,1
SF,IC2012,2020-06-04 09:33:19.700,5199.6000,20369,0,188335760.000,0,-,-,-,-,5200.0000,5199.0000,5198.8000,5198.2000,5198.0000,5201.0000,5201.2000,5202.0000,5202.6000,5203.0000,1,1,1,1,1,1,2,1,2,1
SF,IC2012,2020-06-04 09:33:20.200,5199.6000,20369,0,188335760.000,0,-,-,-,-,5200.0000,5199.0000,5198.8000,5198.2000,5198.0000,5201.2000,5202.0000,5202.6000,5203.0000,5203.2000,1,1,1,1,1,2,1,3,1,1
SF,IC2012,2020-06-04 09:33:20.700,5199.6000,20370,1,189375680.000,1,1,0,双开,S,5199.0000,5198.8000,5198.2000,5198.0000,5196.2000,5201.2000,5202.0000,5202.6000,5203.0000,5203.2000,1,1,1,1,1,2,1,3,1,1
SF,IC2012,2020-06-04 09:33:21.200,5199.6000,20370,0,189375680.000,0,-,-,-,-,5199.2000,5199.0000,5198.8000,5198.2000,5198.0000,5201.2000,5202.0000,5202.6000,5203.0000,5203.2000,1,1,1,1,1,2,1,3,1,1
SF,IC2012,2020-06-04 09:33:21.700,5199.6000,20370,0,189375680.000,0,-,-,-,-,5199.0000,5198.8000,5198.2000,5198.0000,5196.2000,5201.2000,5202.0000,5202.6000,5203.0000,5203.2000,1,1,1,1,1,2,1,8,1,1
SF,IC2012,2020-06-04 09:33:22.200,5199.6000,20370,0,189375680.000,0,-,-,-,-,5199.2000,5199.0000,5198.8000,5198.2000,5198.0000,5201.2000,5202.0000,5202.6000,5203.0000,5203.2000,1,1,1,1,1,2,1,3,1,1
SF,IC2012,2020-06-04 09:33:25.700,5199.2000,20369,-1,190415520.000,1,0,1,双平,S,5199.0000,5198.8000,5198.2000,5198.0000,5196.2000,5201.0000,5201.2000,5202.0000,5202.6000,5203.0000,1,1,1,1,1,2,2,1,3,1
SF,IC2012,2020-06-04 09:33:26.200,5199.0000,20368,-1,191455320.000,1,0,1,双平,S,5198.8000,5198.2000,5198.0000,5196.2000,5192.0000,5201.0000,5201.2000,5202.0000,5202.6000,5203.0000,1,1,1,1,1,2,1,1,3,1
SF,IC2012,2020-06-04 09:33:26.700,5198.8000,20367,-1,192495080.000,1,0,1,双平,S,5198.2000,5198.0000,5196.2000,5192.0000,5185.2000,5201.0000,5201.2000,5202.0000,5202.6000,5203.0000,1,1,1,1,8,2,1,1,3,1
SF,IC2012,2020-06-04 09:33:27.200,5198.8000,20367,0,192495080.000,0,-,-,-,-,5198.2000,5198.0000,5196.2000,5192.0000,5185.2000,5200.6000,5200.8000,5201.0000,5201.2000,5202.0000,1,1,1,1,8,2,2,2,1,1
SF,IC2012,2020-06-04 09:33:27.700,5198.2000,20367,0,193534720.000,1,0,1,多换,S,5198.0000,5196.2000,5192.0000,5185.2000,5183.8000,5198.4000,5200.2000,5200.4000,5200.8000,5201.0000,1,1,1,8,1,1,2,6,1,1
SF,IC2012,2020-06-04 09:33:28.200,5198.4000,20366,-1,194574400.000,1,0,1,双平,S,5198.0000,5196.2000,5192.0000,5185.2000,5183.8000,5200.4000,5200.8000,5201.0000,5201.2000,5202.0000,1,1,1,8,1,1,1,1,1,1
SF,IC2012,2020-06-04 09:33:28.700,5198.4000,20366,0,194574400.000,0,-,-,-,-,5198.2000,5198.0000,5196.2000,5192.0000,5185.2000,5200.0000,5200.4000,5200.8000,5201.0000,5201.2000,1,1,1,1,8,2,1,1,1,1
SF,IC2012,2020-06-04 09:33:29.200,5198.2000,20365,-1,195614040.000,1,0,1,双平,S,5198.0000,5196.2000,5192.0000,5185.2000,5183.8000,5200.0000,5200.4000,5200.8000,5201.0000,5201.2000,1,1,1,8,1,2,1,1,1,1
SF,IC2012,2020-06-04 09:33:29.700,5198.2000,20365,0,195614040.000,0,-,-,-,-,5198.0000,5196.2000,5192.0000,5185.2000,5183.8000,5199.8000,5200.0000,5200.8000,5201.0000,5202.0000,1,1,1,8,1,1,3,1,1,1
SF,IC2012,2020-06-04 09:33:30.200,5198.2000,20365,0,195614040.000,0,-,-,-,-,5198.0000,5196.2000,5192.0000,5185.2000,5183.8000,5199.8000,5200.0000,5200.8000,5201.0000,5202.0000,1,1,1,8,1,1,3,1,1,1
SF,IC2012,2020-06-04 09:33:30.700,5198.2000,20365,0,195614040.000,0,-,-,-,-,5198.0000,5196.2000,5192.0000,5185.2000,5183.8000,5199.8000,5200.0000,5200.8000,5201.0000,5202.0000,1,1,1,8,1,1,3,1,1,1
SF,IC2012,2020-06-04 09:33:31.200,5198.2000,20365,0,195614040.000,0,-,-,-,-,5198.0000,5196.2000,5192.0000,5185.2000,5183.8000,5199.8000,5200.0000,5200.8000,5201.0000,5202.0000,1,1,1,8,1,1,3,1,1,1
SF,IC2012,2020-06-04 09:33:31.700,5198.2000,20365,0,195614040.000,0,-,-,-,-,5198.0000,5196.2000,5192.0000,5185.2000,5183.8000,5199.8000,5200.0000,5200.8000,5201.0000,5202.0000,1,1,1,8,1,1,3,1,1,1
SF,IC2012,2020-06-04 09:33:33.700,5198.2000,20365,0,195614040.000,0,-,-,-,-,5198.2000,5198.0000,5196.2000,5192.0000,5185.2000,5199.8000,5200.0000,5200.8000,5201.0000,5202.0000,1,1,1,1,8,1,3,1,1,1
SF,IC2012,2020-06-04 09:33:35.700,5198.2000,20365,0,195614040.000,0,-,-,-,-,5198.2000,5198.0000,5196.2000,5192.0000,5185.2000,5199.8000,5200.0000,5200.8000,5201.0000,5202.0000,1,2,1,1,8,1,3,1,1,1
SF,IC2012,2020-06-04 09:33:36.200,5198.2000,20365,0,195614040.000,0,-,-,-,-,5198.2000,5198.0000,5196.2000,5192.0000,5185.2000,5199.8000,5200.0000,5200.8000,5201.0000,5202.0000,1,2,1,1,8,1,3,1,1,1
SF,IC2012,2020-06-04 09:33:36.700,5198.2000,20365,0,196653680.000,1,0,1,多换,S,5198.0000,5196.2000,5192.0000,5185.2000,5183.8000,5199.8000,5200.0000,5200.8000,5201.0000,5202.0000,2,1,1,8,1,1,3,1,1,1
SF,IC2012,2020-06-04 09:33:37.200,5198.0000,20365,0,197693280.000,1,0,1,多换,S,5198.0000,5196.2000,5192.0000,5185.2000,5183.8000,5199.6000,5200.0000,5200.8000,5201.0000,5202.0000,1,1,1,8,1,1,3,1,1,1
SF,IC2012,2020-06-04 09:33:37.700,5198.0000,20365,0,198732880.000,1,0,1,多换,S,5196.2000,5192.0000,5185.2000,5183.8000,5180.0000,5199.4000,5199.6000,5200.0000,5200.8000,5201.0000,1,1,8,1,2,1,1,3,1,1
SF,IC2012,2020-06-04 09:33:38.200,5198.0000,20365,0,198732880.000,0,-,-,-,-,5196.4000,5196.2000,5192.0000,5185.2000,5183.8000,5199.4000,5199.6000,5200.0000,5200.8000,5201.0000,1,1,1,8,1,1,1,3,1,1
SF,IC2012,2020-06-04 09:33:39.200,5198.0000,20365,0,198732880.000,0,-,-,-,-,5196.4000,5196.2000,5192.0000,5185.2000,5183.8000,5199.4000,5200.0000,5200.8000,5201.0000,5202.0000,1,1,1,8,1,1,3,1,1,1
SF,IC2012,2020-06-04 09:33:39.700,5198.0000,20365,0,198732880.000,0,-,-,-,-,5196.6000,5196.4000,5196.2000,5192.0000,5185.2000,5199.4000,5200.0000,5200.8000,5201.0000,5202.0000,1,1,1,1,8,1,3,1,1,1
SF,IC2012,2020-06-04 09:33:40.200,5198.0000,20365,0,198732880.000,0,-,-,-,-,5196.8000,5196.6000,5196.2000,5192.0000,5185.2000,5199.4000,5200.0000,5200.8000,5201.0000,5202.0000,1,1,1,1,8,1,3,1,1,1
SF,IC2012,2020-06-04 09:33:40.700,5198.0000,20365,0,198732880.000,0,-,-,-,-,5197.0000,5196.8000,5196.2000,5192.0000,5185.2000,5200.0000,5200.8000,5201.0000,5202.0000,5202.6000,1,1,1,1,8,3,1,1,1,3
SF,IC2012,2020-06-04 09:33:41.200,5198.0000,20365,0,198732880.000,0,-,-,-,-,5197.2000,5197.0000,5196.2000,5192.0000,5185.2000,5199.8000,5200.0000,5200.8000,5201.0000,5202.0000,1,1,1,1,8,1,3,1,1,1
SF,IC2012,2020-06-04 09:33:41.700,5197.2000,20363,-2,200811800.000,2,0,2,双平,S,5196.2000,5192.0000,5185.2000,5183.8000,5180.0000,5196.4000,5199.6000,5199.8000,5200.0000,5200.8000,1,1,8,1,2,2,1,1,3,1
SF,IC2012,2020-06-04 09:33:42.200,5196.4000,20361,-2,202890360.000,2,0,2,双平,S,5196.4000,5196.2000,5192.0000,5185.2000,5183.8000,5199.6000,5199.8000,5200.0000,5200.8000,5201.0000,2,1,1,8,1,1,1,3,1,1
SF,IC2012,2020-06-04 09:33:42.700,5196.4000,20361,0,202890360.000,0,-,-,-,-,5196.4000,5196.2000,5192.0000,5185.2000,5183.8000,5199.2000,5199.4000,5199.6000,5200.0000,5200.8000,2,1,1,8,1,2,1,2,2,1
SF,IC2012,2020-06-04 09:33:43.200,5199.0000,20360,-1,203930160.000,1,0,1,双平,S,5196.2000,5192.0000,5185.2000,5183.8000,5180.0000,5198.8000,5199.0000,5199.6000,5200.0000,5200.8000,1,1,8,1,2,2,2,1,2,1
SF,IC2012,2020-06-04 09:33:43.700,5199.0000,20360,0,203930160.000,0,-,-,-,-,5196.2000,5192.0000,5185.2000,5183.8000,5180.0000,5198.6000,5198.8000,5199.6000,5200.0000,5200.8000,1,1,8,1,2,2,2,1,2,1
SF,IC2012,2020-06-04 09:33:44.200,5196.2000,20360,0,204969400.000,1,0,1,多换,S,5192.0000,5185.2000,5183.8000,5180.0000,5175.2000,5198.2000,5198.6000,5199.6000,5200.0000,5200.8000,1,8,1,2,1,2,2,1,2,1
SF,IC2012,2020-06-04 09:33:44.700,5196.2000,20360,0,204969400.000,0,-,-,-,-,5193.6000,5192.0000,5185.2000,5183.8000,5180.0000,5198.0000,5199.6000,5200.0000,5200.8000,5201.0000,2,1,8,1,2,2,1,2,1,1
SF,IC2012,2020-06-04 09:33:45.200,5196.2000,20360,0,204969400.000,0,-,-,-,-,5194.4000,5193.6000,5192.0000,5185.2000,5183.8000,5198.0000,5199.6000,5200.0000,5200.8000,5201.0000,1,1,1,8,1,2,1,2,1,1
SF,IC2012,2020-06-04 09:33:45.700,5197.8000,20359,-1,206008960.000,1,0,1,双平,S,5195.2000,5194.4000,5193.6000,5192.0000,5185.2000,5198.0000,5199.6000,5200.0000,5200.8000,5201.0000,1,2,1,1,8,2,1,2,1,1
SF,IC2012,2020-06-04 09:33:46.200,5197.8000,20359,0,206008960.000,0,-,-,-,-,5195.2000,5194.4000,5193.6000,5192.0000,5185.2000,5197.6000,5198.0000,5199.6000,5200.0000,5200.8000,1,1,1,1,8,2,2,1,2,1
SF,IC2012,2020-06-04 09:33:46.700,5197.8000,20359,0,206008960.000,0,-,-,-,-,5195.2000,5194.4000,5193.6000,5192.0000,5185.2000,5197.4000,5197.6000,5198.0000,5199.6000,5200.0000,1,1,1,1,8,1,2,1,1,2
SF,IC2012,2020-06-04 09:33:47.200,5197.8000,20359,0,206008960.000,0,-,-,-,-,5195.2000,5194.4000,5193.6000,5192.0000,5185.2000,5197.4000,5198.0000,5199.6000,5200.0000,5200.8000,1,1,1,1,8,1,1,1,2,1
SF,IC2012,2020-06-04 09:33:47.700,5197.8000,20359,0,206008960.000,0,-,-,-,-,5195.2000,5194.4000,5193.6000,5192.0000,5191.6000,5197.4000,5198.0000,5199.6000,5200.0000,5200.8000,1,1,1,1,2,1,1,1,2,1
SF,IC2012,2020-06-04 09:33:48.200,5197.8000,20359,0,206008960.000,0,-,-,-,-,5195.2000,5194.4000,5193.6000,5192.0000,5191.6000,5197.4000,5198.0000,5199.6000,5200.0000,5200.8000,1,1,1,1,2,1,1,1,2,1
SF,IC2012,2020-06-04 09:33:48.700,5197.8000,20359,0,206008960.000,0,-,-,-,-,5195.2000,5194.4000,5193.6000,5192.0000,5191.6000,5197.4000,5198.0000,5199.6000,5200.0000,5200.8000,1,1,1,1,2,1,1,1,2,1
SF,IC2012,2020-06-04 09:33:49.200,5197.8000,20359,0,206008960.000,0,-,-,-,-,5195.4000,5195.2000,5193.6000,5192.0000,5191.6000,5197.4000,5198.0000,5199.6000,5200.0000,5200.8000,1,1,1,1,2,1,1,1,2,1
SF,IC2012,2020-06-04 09:33:50.200,5197.4000,20358,-1,207048440.000,1,0,1,双平,S,5195.4000,5195.2000,5193.6000,5192.0000,5191.6000,5198.0000,5199.6000,5200.0000,5200.8000,5201.0000,1,1,1,1,2,1,1,2,1,1
SF,IC2012,2020-06-04 09:33:50.700,5197.4000,20358,0,207048440.000,0,-,-,-,-,5195.6000,5195.4000,5195.2000,5193.6000,5192.0000,5197.8000,5198.0000,5199.6000,5200.0000,5200.8000,1,1,1,1,1,1,1,1,2,1
SF,IC2012,2020-06-04 09:33:51.200,5197.4000,20358,0,207048440.000,0,-,-,-,-,5195.6000,5195.4000,5195.2000,5193.6000,5192.0000,5198.0000,5199.6000,5200.0000,5200.8000,5201.0000,1,1,1,1,1,1,1,2,1,1
SF,IC2012,2020-06-04 09:33:52.200,5197.4000,20358,0,207048440.000,0,-,-,-,-,5195.8000,5195.6000,5195.4000,5195.2000,5193.6000,5197.6000,5198.0000,5199.6000,5200.0000,5200.8000,1,1,1,1,1,1,1,1,2,1
SF,IC2012,2020-06-04 09:33:52.700,5196.0000,20357,-1,208087640.000,1,0,1,双平,S,5196.0000,5195.8000,5195.4000,5195.2000,5193.6000,5198.0000,5199.6000,5200.0000,5200.8000,5201.0000,1,1,1,1,1,1,1,2,1,1
SF,IC2012,2020-06-04 09:33:53.200,5196.0000,20357,0,208087640.000,0,-,-,-,-,5196.0000,5195.8000,5195.4000,5195.2000,5193.6000,5199.6000,5200.0000,5200.8000,5201.0000,5202.0000,3,1,1,1,1,1,2,1,1,1
SF,IC2012,2020-06-04 09:33:53.700,5196.0000,20357,0,208087640.000,0,-,-,-,-,5196.0000,5195.8000,5195.4000,5195.2000,5193.6000,5199.4000,5199.6000,5200.0000,5200.8000,5201.0000,3,1,1,1,1,2,1,2,1,1
SF,IC2012,2020-06-04 09:33:54.200,5196.0000,20357,0,208087640.000,0,-,-,-,-,5196.0000,5195.8000,5195.4000,5195.2000,5193.6000,5199.4000,5199.6000,5200.0000,5200.8000,5201.0000,3,1,1,1,1,2,1,2,1,1
SF,IC2012,2020-06-04 09:33:54.700,5196.0000,20357,0,208087640.000,0,-,-,-,-,5196.0000,5195.8000,5195.4000,5195.2000,5193.6000,5199.4000,5199.6000,5200.0000,5200.8000,5201.0000,3,1,1,1,1,2,1,2,1,1
SF,IC2012,2020-06-04 09:33:55.700,5196.0000,20357,0,208087640.000,0,-,-,-,-,5196.2000,5196.0000,5195.8000,5195.4000,5195.2000,5199.4000,5199.6000,5200.0000,5200.8000,5201.0000,2,1,1,1,1,2,1,2,1,1
SF,IC2012,2020-06-04 09:33:56.200,5196.0000,20357,0,208087640.000,0,-,-,-,-,5196.4000,5196.2000,5195.8000,5195.4000,5195.2000,5199.4000,5200.0000,5200.8000,5201.0000,5202.0000,1,2,1,1,1,3,2,1,1,1
SF,IC2012,2020-06-04 09:33:56.700,5196.0000,20357,0,208087640.000,0,-,-,-,-,5196.2000,5195.8000,5195.4000,5195.2000,5193.6000,5199.0000,5199.2000,5199.4000,5200.0000,5200.8000,2,1,1,1,1,2,4,3,2,1
SF,IC2012,2020-06-04 09:33:57.200,5196.0000,20357,0,208087640.000,0,-,-,-,-,5195.8000,5195.4000,5195.2000,5193.6000,5192.0000,5198.6000,5198.8000,5199.2000,5199.4000,5200.0000,1,1,1,1,1,2,3,3,1,2
SF,IC2012,2020-06-04 09:33:57.700,5196.0000,20357,0,208087640.000,0,-,-,-,-,5196.0000,5195.8000,5195.4000,5195.2000,5193.6000,5198.4000,5198.6000,5199.4000,5200.0000,5200.8000,1,1,1,1,1,2,2,1,2,1
SF,IC2012,2020-06-04 09:33:58.200,5196.0000,20357,0,208087640.000,0,-,-,-,-,5196.0000,5195.8000,5195.2000,5193.6000,5192.0000,5198.0000,5198.4000,5199.4000,5200.0000,5200.8000,1,1,1,1,1,2,2,1,2,1
SF,IC2012,2020-06-04 09:33:58.700,5196.0000,20357,0,208087640.000,0,-,-,-,-,5196.0000,5195.8000,5195.2000,5193.6000,5192.0000,5197.8000,5198.0000,5198.4000,5199.4000,5200.0000,1,1,2,1,1,1,2,1,1,2
SF,IC2012,2020-06-04 09:33:59.200,5196.0000,20357,0,208087640.000,0,-,-,-,-,5196.0000,5195.8000,5195.2000,5193.6000,5192.0000,5198.4000,5199.4000,5200.0000,5200.8000,5201.0000,1,1,2,1,1,1,1,2,1,1
SF,IC2012,2020-06-04 09:33:59.700,5196.0000,20357,0,208087640.000,0,-,-,-,-,5196.0000,5195.8000,5195.2000,5193.6000,5192.0000,5198.4000,5199.4000,5200.0000,5200.8000,5201.0000,1,1,2,1,1,1,1,2,1,1
SF,IC2012,2020-06-04 09:34:00.200,5196.0000,20357,0,208087640.000,0,-,-,-,-,5196.2000,5196.0000,5195.8000,5195.2000,5193.6000,5198.4000,5199.4000,5200.0000,5200.8000,5201.0000,1,1,1,2,1,1,1,2,1,1
SF,IC2012,2020-06-04 09:34:00.700,5196.0000,20357,0,208087640.000,0,-,-,-,-,5196.4000,5196.2000,5195.8000,5195.2000,5193.6000,5198.4000,5199.4000,5200.0000,5200.8000,5201.0000,1,1,1,2,1,1,1,2,1,1
SF,IC2012,2020-06-04 09:34:01.200,5196.0000,20357,0,208087640.000,0,-,-,-,-,5196.4000,5196.2000,5195.8000,5195.2000,5193.6000,5199.4000,5200.0000,5200.8000,5201.0000,5202.0000,4,1,1,2,1,1,2,1,1,1
SF,IC2012,2020-06-04 09:34:01.700,5196.0000,20357,0,208087640.000,0,-,-,-,-,5196.6000,5196.4000,5195.8000,5195.2000,5193.6000,5199.2000,5199.4000,5200.0000,5200.8000,5201.0000,1,4,1,2,1,2,1,2,1,1
SF,IC2012,2020-06-04 09:34:02.200,5196.0000,20357,0,208087640.000,0,-,-,-,-,5196.8000,5196.6000,5196.4000,5195.8000,5195.2000,5199.2000,5199.4000,5200.0000,5200.8000,5201.0000,1,1,2,1,2,2,1,2,1,1
SF,IC2012,2020-06-04 09:34:02.700,5196.0000,20357,0,208087640.000,0,-,-,-,-,5196.6000,5196.4000,5195.8000,5195.2000,5193.6000,5198.8000,5199.2000,5199.4000,5200.0000,5200.8000,1,1,1,2,1,2,2,1,2,1
SF,IC2012,2020-06-04 09:34:03.200,5196.0000,20357,0,208087640.000,0,-,-,-,-,5196.6000,5196.4000,5195.8000,5195.2000,5193.6000,5198.6000,5198.8000,5199.2000,5199.4000,5200.0000,1,1,1,2,1,1,2,1,1,2
SF,IC2012,2020-06-04 09:34:03.700,5196.0000,20357,0,208087640.000,0,-,-,-,-,5196.8000,5196.6000,5196.4000,5195.8000,5195.2000,5198.6000,5199.2000,5199.4000,5200.0000,5200.8000,1,1,1,1,2,1,1,1,2,1
SF,IC2012,2020-06-04 09:34:04.200,5196.0000,20357,0,208087640.000,0,-,-,-,-,5196.8000,5196.6000,5196.4000,5195.8000,5195.2000,5198.6000,5199.2000,5199.4000,5200.0000,5200.8000,1,1,1,1,2,1,1,1,2,1
SF,IC2012,2020-06-04 09:34:04.700,5196.0000,20357,0,208087640.000,0,-,-,-,-,5196.8000,5196.6000,5196.4000,5195.8000,5195.2000,5198.6000,5199.2000,5199.4000,5200.0000,5200.8000,1,1,1,1,2,1,1,1,2,1
SF,IC2012,2020-06-04 09:34:05.200,5196.0000,20357,0,208087640.000,0,-,-,-,-,5196.8000,5196.6000,5196.4000,5195.8000,5195.2000,5199.2000,5199.4000,5200.0000,5200.8000,5201.0000,1,1,1,1,2,1,1,2,1,1
SF,IC2012,2020-06-04 09:34:05.700,5196.0000,20357,0,208087640.000,0,-,-,-,-,5196.8000,5196.6000,5196.4000,5195.8000,5195.2000,5199.2000,5199.4000,5200.0000,5200.8000,5201.0000,1,1,1,1,2,1,1,2,1,1
SF,IC2012,2020-06-04 09:34:06.200,5199.4000,20355,-2,210167360.000,2,0,2,双平,S,5196.8000,5196.6000,5196.4000,5195.8000,5195.2000,5200.0000,5200.8000,5202.0000,5202.6000,5203.0000,1,1,1,1,2,2,1,1,2,1
SF,IC2012,2020-06-04 09:34:06.700,5199.4000,20355,0,210167360.000,0,-,-,-,-,5197.0000,5196.8000,5196.4000,5195.8000,5195.2000,5200.0000,5200.8000,5202.0000,5202.6000,5203.0000,1,1,1,1,2,2,1,1,2,1
SF,IC2012,2020-06-04 09:34:07.200,5199.4000,20355,0,210167360.000,0,-,-,-,-,5197.2000,5197.0000,5196.4000,5195.8000,5195.2000,5200.0000,5200.8000,5202.0000,5202.6000,5203.0000,1,1,1,1,2,2,1,1,2,1
SF,IC2012,2020-06-04 09:34:07.700,5199.4000,20355,0,210167360.000,0,-,-,-,-,5197.6000,5197.4000,5197.2000,5196.4000,5195.8000,5199.8000,5200.0000,5200.8000,5202.0000,5202.6000,1,1,1,1,1,1,2,1,1,2
SF,IC2012,2020-06-04 09:34:08.200,5199.4000,20355,0,210167360.000,0,-,-,-,-,5197.8000,5197.6000,5197.4000,5196.4000,5195.8000,5200.0000,5200.8000,5202.0000,5202.6000,5203.0000,1,1,2,1,1,2,1,1,2,1
SF,IC2012,2020-06-04 09:34:11.200,5200.0000,20353,-2,212247360.000,2,0,2,双平,S,5200.0000,5198.4000,5198.0000,5197.8000,5197.4000,5200.8000,5202.0000,5202.6000,5203.0000,5203.8000,1,1,1,1,2,1,1,2,1,1
SF,IC2012,2020-06-04 09:34:11.700,5200.0000,20353,0,212247360.000,0,-,-,-,-,5198.4000,5198.0000,5197.8000,5197.4000,5196.4000,5202.0000,5202.6000,5203.0000,5203.8000,5204.0000,1,1,1,2,1,1,2,1,1,1
SF,IC2012,2020-06-04 09:34:12.200,5200.0000,20353,0,212247360.000,0,-,-,-,-,5198.6000,5198.4000,5198.0000,5197.4000,5196.4000,5201.8000,5202.0000,5202.6000,5203.0000,5203.8000,2,1,1,1,1,1,1,2,1,1
SF,IC2012,2020-06-04 09:34:13.200,5200.0000,20353,0,212247360.000,0,-,-,-,-,5198.6000,5198.4000,5198.0000,5197.4000,5196.4000,5201.8000,5202.6000,5203.0000,5203.8000,5204.0000,2,1,1,1,1,1,2,1,1,1
SF,IC2012,2020-06-04 09:34:13.700,5200.0000,20353,0,212247360.000,0,-,-,-,-,5198.8000,5198.6000,5198.4000,5197.4000,5196.4000,5201.6000,5202.6000,5203.0000,5203.8000,5204.0000,1,2,1,1,1,1,2,1,1,1
SF,IC2012,2020-06-04 09:34:14.200,5200.0000,20353,0,212247360.000,0,-,-,-,-,5199.0000,5198.8000,5198.4000,5197.4000,5196.4000,5201.4000,5201.6000,5202.6000,5203.0000,5203.8000,2,1,1,1,1,1,1,2,1,1
SF,IC2012,2020-06-04 09:34:14.700,5200.0000,20353,0,212247360.000,0,-,-,-,-,5199.0000,5198.8000,5198.4000,5197.4000,5196.4000,5201.6000,5202.6000,5203.0000,5203.8000,5204.0000,2,1,1,1,1,1,2,1,1,1
SF,IC2012,2020-06-04 09:34:15.700,5200.0000,20353,0,212247360.000,0,-,-,-,-,5199.0000,5198.8000,5198.4000,5196.4000,5195.8000,5201.2000,5201.6000,5202.6000,5203.0000,5203.8000,2,1,1,1,1,1,1,2,1,1
SF,IC2012,2020-06-04 09:34:17.200,5200.0000,20353,0,212247360.000,0,-,-,-,-,5199.0000,5195.8000,5195.2000,5192.0000,5191.6000,5201.6000,5202.6000,5203.0000,5203.8000,5204.0000,2,1,2,1,1,1,2,1,1,1
SF,IC2012,2020-06-04 09:34:17.700,5200.0000,20353,0,212247360.000,0,-,-,-,-,5199.0000,5195.8000,5195.2000,5192.0000,5191.6000,5201.2000,5201.4000,5202.6000,5203.0000,5203.8000,1,1,2,1,1,2,1,2,1,1
SF,IC2012,2020-06-04 09:34:18.200,5200.0000,20353,0,212247360.000,0,-,-,-,-,5199.0000,5195.8000,5195.2000,5192.0000,5191.6000,5201.0000,5201.2000,5202.6000,5203.0000,5203.8000,1,1,2,1,1,1,2,2,1,1
SF,IC2012,2020-06-04 09:34:18.700,5200.0000,20353,0,212247360.000,0,-,-,-,-,5195.2000,5192.0000,5191.6000,5190.0000,5185.2000,5201.0000,5201.2000,5202.6000,5203.0000,5203.8000,2,1,1,1,8,1,2,2,1,1
SF,IC2012,2020-06-04 09:34:19.200,5200.0000,20353,0,212247360.000,0,-,-,-,-,5198.4000,5195.4000,5195.2000,5192.0000,5191.6000,5201.0000,5202.6000,5203.0000,5203.8000,5204.0000,1,2,3,1,1,1,2,1,1,1
SF,IC2012,2020-06-04 09:34:19.700,5200.0000,20353,0,212247360.000,0,-,-,-,-,5198.6000,5198.4000,5195.2000,5192.0000,5191.6000,5202.6000,5203.0000,5203.8000,5204.0000,5205.0000,2,1,3,1,1,2,1,1,1,1
SF,IC2012,2020-06-04 09:34:20.200,5200.0000,20353,0,212247360.000,0,-,-,-,-,5198.6000,5198.4000,5195.2000,5192.0000,5191.6000,5200.2000,5202.4000,5202.6000,5203.0000,5203.8000,2,1,3,1,1,1,1,2,1,1
SF,IC2012,2020-06-04 09:34:20.700,5200.2000,20352,-1,213287400.000,1,0,1,双平,S,5198.4000,5195.2000,5192.0000,5191.6000,5190.0000,5202.6000,5203.0000,5203.8000,5204.0000,5205.0000,1,3,1,1,1,2,1,1,1,1
SF,IC2012,2020-06-04 09:34:21.200,5200.2000,20352,0,213287400.000,0,-,-,-,-,5198.6000,5198.4000,5195.2000,5192.0000,5191.6000,5202.0000,5202.4000,5202.6000,5203.0000,5204.0000,1,1,3,1,1,1,1,2,1,1
SF,IC2012,2020-06-04 09:34:21.700,5200.2000,20352,0,213287400.000,0,-,-,-,-,5198.6000,5198.4000,5195.2000,5192.0000,5191.6000,5201.8000,5202.0000,5203.0000,5204.0000,5205.0000,1,1,3,1,1,1,1,1,1,1
SF,IC2012,2020-06-04 09:34:22.200,5200.2000,20352,0,213287400.000,0,-,-,-,-,5199.2000,5198.6000,5198.4000,5195.2000,5192.0000,5202.0000,5204.0000,5205.0000,5206.0000,5206.2000,1,1,1,3,1,1,1,1,1,2
SF,IC2012,2020-06-04 09:34:22.700,5200.2000,20352,0,213287400.000,0,-,-,-,-,5199.4000,5199.2000,5198.4000,5195.2000,5192.0000,5201.6000,5201.8000,5202.0000,5204.0000,5205.0000,1,2,1,3,1,1,1,1,1,1
SF,IC2012,2020-06-04 09:34:23.200,5200.2000,20352,0,213287400.000,0,-,-,-,-,5199.4000,5199.2000,5198.4000,5195.2000,5192.0000,5201.4000,5201.6000,5202.0000,5204.0000,5205.0000,1,2,1,3,1,1,2,1,1,1
SF,IC2012,2020-06-04 09:34:23.700,5200.2000,20352,0,213287400.000,0,-,-,-,-,5199.2000,5198.4000,5195.2000,5192.0000,5191.6000,5202.0000,5204.0000,5205.0000,5206.0000,5206.2000,1,1,3,1,1,1,1,1,1,2
SF,IC2012,2020-06-04 09:34:24.200,5200.2000,20352,0,213287400.000,0,-,-,-,-,5199.4000,5199.2000,5198.4000,5195.2000,5192.0000,5201.8000,5202.0000,5204.0000,5205.0000,5206.0000,1,1,1,3,1,1,1,1,1,1
SF,IC2012,2020-06-04 09:34:24.700,5200.2000,20352,0,213287400.000,0,-,-,-,-,5199.4000,5199.2000,5198.4000,5195.2000,5192.0000,5202.0000,5204.0000,5205.0000,5206.0000,5206.2000,1,1,1,3,1,1,1,1,1,2
SF,IC2012,2020-06-04 09:34:25.200,5200.2000,20352,0,213287400.000,0,-,-,-,-,5199.6000,5199.4000,5198.4000,5195.2000,5192.0000,5201.8000,5202.0000,5204.0000,5205.0000,5206.0000,1,1,1,3,1,1,1,1,1,1
SF,IC2012,2020-06-04 09:34:25.700,5200.2000,20352,0,213287400.000,0,-,-,-,-,5198.4000,5195.2000,5192.0000,5191.6000,5190.0000,5201.8000,5202.0000,5204.0000,5205.0000,5206.0000,1,3,1,1,1,1,1,1,1,1
SF,IC2012,2020-06-04 09:34:26.200,5200.2000,20352,0,213287400.000,0,-,-,-,-,5198.4000,5195.2000,5192.0000,5191.6000,5190.0000,5201.8000,5202.0000,5204.0000,5205.0000,5206.0000,1,3,1,1,1,1,1,1,1,1
SF,IC2012,2020-06-04 09:34:27.200,5201.8000,20352,0,214327760.000,1,0,1,多换,S,5198.6000,5198.4000,5195.2000,5192.0000,5191.6000,5202.0000,5204.0000,5205.0000,5206.0000,5206.2000,1,1,3,1,1,1,1,1,1,2
SF,IC2012,2020-06-04 09:34:27.700,5201.8000,20352,0,214327760.000,0,-,-,-,-,5198.8000,5198.6000,5198.4000,5195.2000,5192.0000,5201.8000,5202.0000,5204.0000,5205.0000,5206.0000,1,1,1,3,1,1,1,1,1,1
SF,IC2012,2020-06-04 09:34:28.200,5201.8000,20352,0,214327760.000,0,-,-,-,-,5198.8000,5198.4000,5195.2000,5192.0000,5191.6000,5201.4000,5201.8000,5202.0000,5204.0000,5205.0000,2,1,3,1,1,2,1,1,1,1
SF,IC2012,2020-06-04 09:34:28.700,5201.8000,20352,0,214327760.000,0,-,-,-,-,5198.8000,5198.4000,5195.2000,5192.0000,5191.6000,5201.0000,5201.2000,5202.0000,5204.0000,5205.0000,1,1,3,1,1,2,1,1,1,1
SF,IC2012,2020-06-04 09:34:29.200,5201.8000,20352,0,214327760.000,0,-,-,-,-,5198.4000,5195.2000,5192.0000,5191.6000,5190.0000,5200.8000,5202.0000,5204.0000,5205.0000,5206.0000,1,3,1,1,1,1,1,1,1,1
SF,IC2012,2020-06-04 09:34:29.700,5201.8000,20352,0,214327760.000,0,-,-,-,-,5195.2000,5192.0000,5191.6000,5190.0000,5185.2000,5200.4000,5200.8000,5202.0000,5204.0000,5205.0000,2,1,1,1,8,2,1,1,1,1
SF,IC2012,2020-06-04 09:34:30.200,5201.8000,20352,0,214327760.000,0,-,-,-,-,5195.4000,5195.2000,5192.0000,5191.6000,5190.0000,5200.2000,5202.0000,5204.0000,5205.0000,5206.0000,1,2,1,1,1,1,1,1,1,1
SF,IC2012,2020-06-04 09:34:31.200,5201.8000,20352,0,214327760.000,0,-,-,-,-,5196.2000,5195.4000,5195.2000,5192.0000,5191.6000,5200.2000,5202.0000,5204.0000,5205.0000,5206.0000,1,1,2,1,1,1,1,1,1,1
SF,IC2012,2020-06-04 09:34:31.700,5201.8000,20352,0,214327760.000,0,-,-,-,-,5196.4000,5196.2000,5195.2000,5192.0000,5191.6000,5200.2000,5202.0000,5204.0000,5205.0000,5206.0000,1,2,2,1,1,1,1,1,1,1
SF,IC2012,2020-06-04 09:34:32.200,5201.8000,20352,0,214327760.000,0,-,-,-,-,5198.4000,5196.6000,5196.4000,5196.2000,5195.2000,5202.0000,5204.0000,5205.0000,5206.0000,5206.2000,1,1,1,2,2,1,1,1,1,2
SF,IC2012,2020-06-04 09:34:32.700,5201.8000,20352,0,214327760.000,0,-,-,-,-,5198.6000,5198.4000,5196.8000,5196.2000,5195.2000,5201.8000,5202.0000,5204.0000,5205.0000,5206.0000,2,1,1,1,2,1,3,1,1,1
SF,IC2012,2020-06-04 09:34:33.200,5201.8000,20352,0,214327760.000,0,-,-,-,-,5198.6000,5198.4000,5196.8000,5196.2000,5195.2000,5201.8000,5202.0000,5204.0000,5205.0000,5206.0000,2,1,1,1,2,1,2,1,1,1
SF,IC2012,2020-06-04 09:34:33.700,5201.8000,20352,0,214327760.000,0,-,-,-,-,5198.6000,5198.4000,5196.8000,5196.2000,5195.2000,5202.0000,5204.0000,5205.0000,5206.0000,5206.2000,2,1,1,1,2,2,1,1,1,2
SF,IC2012,2020-06-04 09:34:34.200,5201.8000,20352,0,214327760.000,0,-,-,-,-,5199.0000,5198.6000,5198.4000,5196.2000,5195.2000,5201.8000,5202.0000,5204.0000,5205.0000,5206.0000,1,2,1,1,2,1,2,1,1,1
SF,IC2012,2020-06-04 09:34:34.700,5201.8000,20352,0,214327760.000,0,-,-,-,-,5199.2000,5198.4000,5197.0000,5196.2000,5195.2000,5201.4000,5201.8000,5202.0000,5204.0000,5205.0000,2,1,1,1,2,2,1,2,1,1
SF,IC2012,2020-06-04 09:34:35.200,5201.8000,20352,0,214327760.000,0,-,-,-,-,5199.2000,5197.0000,5196.2000,5195.2000,5192.0000,5201.2000,5202.0000,5204.0000,5205.0000,5206.0000,1,1,1,2,1,1,2,1,1,1
SF,IC2012,2020-06-04 09:34:35.700,5201.8000,20352,0,214327760.000,0,-,-,-,-,5197.0000,5196.2000,5195.2000,5192.0000,5191.6000,5201.2000,5202.0000,5204.0000,5205.0000,5206.0000,1,1,2,1,1,1,2,1,1,1
SF,IC2012,2020-06-04 09:34:36.200,5201.8000,20352,0,214327760.000,0,-,-,-,-,5197.2000,5197.0000,5196.2000,5195.2000,5192.0000,5201.2000,5202.0000,5204.0000,5205.0000,5206.0000,2,1,1,2,1,2,2,1,1,1
SF,IC2012,2020-06-04 09:34:37.200,5201.8000,20352,0,214327760.000,0,-,-,-,-,5197.2000,5197.0000,5196.2000,5195.2000,5195.0000,5201.2000,5202.0000,5204.0000,5205.0000,5206.0000,2,1,1,2,1,2,2,1,1,1
SF,IC2012,2020-06-04 09:34:37.700,5201.8000,20352,0,214327760.000,0,-,-,-,-,5198.4000,5197.2000,5197.0000,5196.2000,5195.2000,5201.2000,5202.0000,5204.0000,5205.0000,5206.0000,1,2,1,1,2,2,2,1,1,1
SF,IC2012,2020-06-04 09:34:38.200,5201.8000,20352,0,214327760.000,0,-,-,-,-,5198.6000,5198.4000,5197.0000,5196.2000,5195.2000,5201.2000,5202.0000,5204.0000,5205.0000,5206.0000,2,1,1,1,2,2,2,1,1,1
SF,IC2012,2020-06-04 09:34:38.700,5201.8000,20352,0,214327760.000,0,-,-,-,-,5198.6000,5198.4000,5197.0000,5196.2000,5195.2000,5201.2000,5202.0000,5204.0000,5205.0000,5206.0000,2,1,1,1,2,1,2,1,1,1
SF,IC2012,2020-06-04 09:34:39.700,5201.8000,20352,0,214327760.000,0,-,-,-,-,5199.0000,5198.6000,5198.4000,5197.0000,5196.2000,5201.2000,5202.0000,5204.0000,5205.0000,5206.0000,1,2,1,1,1,1,2,1,1,1
SF,IC2012,2020-06-04 09:34:40.200,5201.8000,20352,0,214327760.000,0,-,-,-,-,5199.2000,5199.0000,5198.6000,5198.4000,5197.0000,5201.2000,5202.0000,5204.0000,5205.0000,5206.0000,1,1,1,1,1,1,2,1,1,1
SF,IC2012,2020-06-04 09:34:40.700,5199.2000,20351,-1,215367600.000,1,0,1,双平,S,5199.0000,5198.6000,5198.4000,5197.0000,5196.2000,5201.2000,5202.0000,5204.0000,5205.0000,5206.0000,1,1,1,1,1,1,2,1,1,1
SF,IC2012,2020-06-04 09:34:41.200,5199.2000,20351,0,215367600.000,0,-,-,-,-,5198.6000,5198.4000,5197.0000,5196.2000,5195.2000,5201.0000,5201.2000,5202.0000,5204.0000,5205.0000,1,1,1,1,2,1,1,2,1,1
SF,IC2012,2020-06-04 09:34:41.700,5199.2000,20351,0,215367600.000,0,-,-,-,-,5198.6000,5198.4000,5197.0000,5196.2000,5195.2000,5201.2000,5202.0000,5204.0000,5205.0000,5206.0000,1,1,1,1,2,1,2,1,1,1
SF,IC2012,2020-06-04 09:34:42.200,5199.2000,20351,0,215367600.000,0,-,-,-,-,5199.0000,5198.6000,5198.4000,5197.0000,5196.2000,5201.2000,5202.0000,5204.0000,5205.0000,5206.0000,1,1,1,1,1,1,2,1,1,1
SF,IC2012,2020-06-04 09:34:42.700,5201.2000,20351,0,216407840.000,1,0,1,多换,S,5199.0000,5198.6000,5198.4000,5197.0000,5196.2000,5202.0000,5204.0000,5205.0000,5206.0000,5206.2000,1,1,1,1,1,2,1,1,1,2
SF,IC2012,2020-06-04 09:34:43.200,5201.2000,20351,0,216407840.000,0,-,-,-,-,5199.6000,5199.2000,5198.4000,5197.0000,5196.2000,5202.0000,5204.0000,5205.0000,5206.0000,5206.2000,1,1,1,1,1,2,1,1,1,2
SF,IC2012,2020-06-04 09:34:43.700,5201.2000,20351,0,216407840.000,0,-,-,-,-,5199.8000,5199.6000,5199.2000,5198.4000,5197.0000,5202.0000,5204.0000,5205.0000,5206.0000,5206.2000,1,1,1,1,1,2,1,1,1,2
SF,IC2012,2020-06-04 09:34:44.200,5202.0000,20350,-1,217448240.000,1,0,1,双平,S,5199.8000,5199.6000,5199.2000,5198.4000,5197.0000,5202.0000,5204.0000,5205.0000,5206.0000,5206.2000,1,1,1,1,1,1,1,1,1,2
SF,IC2012,2020-06-04 09:34:44.700,5202.0000,20350,0,217448240.000,0,-,-,-,-,5200.2000,5199.8000,5199.2000,5198.4000,5197.0000,5202.0000,5204.0000,5205.0000,5206.0000,5206.2000,1,1,1,1,1,1,1,1,1,2
SF,IC2012,2020-06-04 09:34:45.200,5202.0000,20350,0,217448240.000,0,-,-,-,-,5200.2000,5199.8000,5199.2000,5198.4000,5197.0000,5202.0000,5204.0000,5205.0000,5206.0000,5206.2000,1,1,1,1,1,1,1,1,1,2
SF,IC2012,2020-06-04 09:34:45.700,5202.0000,20349,-1,218488640.000,1,0,1,双平,S,5202.0000,5200.2000,5199.8000,5199.2000,5198.4000,5204.0000,5205.0000,5206.0000,5206.2000,5206.6000,1,1,1,1,1,1,1,1,2,5
SF,IC2012,2020-06-04 09:34:46.200,5202.0000,20348,-1,219529040.000,1,0,1,双平,S,5200.6000,5199.2000,5198.4000,5197.0000,5196.2000,5204.0000,5205.0000,5206.0000,5206.2000,5206.6000,1,1,1,1,1,1,1,1,2,5
SF,IC2012,2020-06-04 09:34:46.700,5202.0000,20348,0,219529040.000,0,-,-,-,-,5200.8000,5200.6000,5198.4000,5197.0000,5196.2000,5203.4000,5203.8000,5204.0000,5205.0000,5206.0000,1,1,1,1,1,1,1,1,1,1
SF,IC2012,2020-06-04 09:34:47.200,5202.0000,20348,0,219529040.000,0,-,-,-,-,5200.8000,5200.6000,5199.0000,5198.4000,5197.0000,5203.2000,5203.4000,5204.0000,5205.0000,5206.0000,1,1,1,1,1,1,2,1,1,1
SF,IC2012,2020-06-04 09:34:47.700,5202.0000,20348,0,219529040.000,0,-,-,-,-,5200.8000,5199.0000,5198.4000,5197.0000,5196.2000,5203.2000,5204.0000,5205.0000,5206.0000,5206.2000,1,1,1,1,1,1,1,1,1,2
SF,IC2012,2020-06-04 09:34:48.200,5202.0000,20348,0,219529040.000,0,-,-,-,-,5200.8000,5198.4000,5197.0000,5196.2000,5195.2000,5202.8000,5203.2000,5204.0000,5205.0000,5206.0000,1,1,1,1,1,2,1,1,1,1
SF,IC2012,2020-06-04 09:34:48.700,5202.0000,20348,0,219529040.000,0,-,-,-,-,5198.4000,5197.0000,5196.2000,5195.2000,5195.0000,5202.6000,5202.8000,5204.0000,5205.0000,5206.0000,1,1,1,1,1,1,2,1,1,1
SF,IC2012,2020-06-04 09:34:49.200,5202.0000,20348,0,219529040.000,0,-,-,-,-,5198.4000,5197.0000,5196.2000,5195.2000,5195.0000,5202.6000,5204.0000,5205.0000,5206.0000,5206.2000,2,1,1,1,1,1,1,1,1,2
SF,IC2012,2020-06-04 09:34:49.700,5202.6000,20348,0,220569560.000,1,0,1,多换,S,5200.0000,5198.4000,5197.0000,5196.2000,5195.2000,5204.0000,5205.0000,5206.0000,5206.2000,5206.6000,1,2,1,1,1,1,1,1,2,5
SF,IC2012,2020-06-04 09:34:50.200,5202.6000,20348,0,220569560.000,0,-,-,-,-,5200.6000,5200.2000,5198.4000,5197.0000,5196.2000,5203.8000,5204.0000,5205.0000,5206.0000,5206.2000,1,1,2,1,1,1,1,1,1,2
SF,IC2012,2020-06-04 09:34:50.700,5202.6000,20348,0,220569560.000,0,-,-,-,-,5200.8000,5200.6000,5198.4000,5197.0000,5196.2000,5203.4000,5203.8000,5204.0000,5205.0000,5206.0000,1,1,2,1,1,2,1,1,1,1
SF,IC2012,2020-06-04 09:34:51.200,5202.6000,20348,0,220569560.000,0,-,-,-,-,5200.6000,5198.4000,5197.0000,5196.2000,5195.2000,5203.0000,5203.2000,5204.0000,5205.0000,5206.0000,1,2,1,1,1,2,1,1,1,1
SF,IC2012,2020-06-04 09:34:51.700,5202.6000,20348,0,220569560.000,0,-,-,-,-,5200.8000,5200.6000,5198.4000,5197.0000,5196.2000,5202.6000,5202.8000,5204.0000,5205.0000,5206.0000,1,1,2,1,1,2,1,1,1,1
SF,IC2012,2020-06-04 09:34:52.200,5202.6000,20348,0,220569560.000,0,-,-,-,-,5200.8000,5198.4000,5197.0000,5196.2000,5195.2000,5204.0000,5205.0000,5206.0000,5206.2000,5206.6000,1,2,1,1,1,1,1,1,2,5
SF,IC2012,2020-06-04 09:34:52.700,5202.6000,20348,0,220569560.000,0,-,-,-,-,5200.8000,5198.4000,5197.0000,5196.2000,5195.2000,5203.6000,5203.8000,5204.0000,5205.0000,5206.0000,1,2,1,1,1,1,1,1,1,1
SF,IC2012,2020-06-04 09:34:53.200,5202.6000,20348,0,220569560.000,0,-,-,-,-,5200.8000,5198.4000,5197.0000,5196.2000,5195.2000,5203.4000,5203.6000,5204.0000,5205.0000,5206.0000,1,2,1,1,1,1,2,1,1,1
SF,IC2012,2020-06-04 09:34:54.700,5202.6000,20348,0,220569560.000,0,-,-,-,-,5200.8000,5198.4000,5197.0000,5196.2000,5195.2000,5203.4000,5204.0000,5205.0000,5206.0000,5206.2000,1,2,1,1,1,1,1,1,1,2
SF,IC2012,2020-06-04 09:34:55.200,5200.8000,20347,-1,221609720.000,1,0,1,双平,S,5198.4000,5197.0000,5196.2000,5195.2000,5195.0000,5203.0000,5203.2000,5203.4000,5204.0000,5205.0000,2,1,1,1,1,3,2,1,1,1
SF,IC2012,2020-06-04 09:34:55.700,5200.8000,20347,0,221609720.000,0,-,-,-,-,5198.4000,5197.0000,5196.2000,5195.2000,5195.0000,5202.8000,5203.0000,5204.0000,5205.0000,5206.0000,1,1,1,1,1,1,3,1,1,1
SF,IC2012,2020-06-04 09:34:56.200,5202.8000,20346,-1,222650280.000,1,0,1,双平,S,5200.0000,5198.4000,5197.0000,5196.2000,5195.2000,5203.0000,5204.0000,5205.0000,5206.0000,5206.2000,1,2,1,1,1,1,1,1,1,2
SF,IC2012,2020-06-04 09:34:56.700,5202.8000,20346,0,222650280.000,0,-,-,-,-,5200.2000,5198.4000,5197.0000,5196.2000,5195.2000,5202.8000,5203.0000,5204.0000,5205.0000,5206.0000,1,1,1,1,1,1,1,1,1,1
SF,IC2012,2020-06-04 09:34:58.700,5200.2000,20345,-1,223690320.000,1,0,1,双平,S,5198.4000,5197.0000,5196.2000,5195.2000,5195.0000,5202.8000,5203.0000,5204.0000,5205.0000,5206.0000,1,1,1,1,1,1,1,1,1,1
SF,IC2012,2020-06-04 09:34:59.200,5200.2000,20345,0,223690320.000,0,-,-,-,-,5198.4000,5197.0000,5196.2000,5195.2000,5195.0000,5202.8000,5203.0000,5204.0000,5205.0000,5206.0000,2,1,1,1,1,1,1,1,1,1
SF,IC2012,2020-06-04 09:34:59.700,5200.2000,20345,0,223690320.000,0,-,-,-,-,5199.8000,5199.4000,5198.8000,5198.6000,5198.4000,5202.8000,5203.0000,5204.0000,5205.0000,5206.0000,1,1,1,1,2,1,1,1,1,1
SF,IC2012,2020-06-04 09:35:00.200,5200.2000,20345,0,223690320.000,0,-,-,-,-,5200.0000,5199.8000,5199.4000,5198.8000,5198.4000,5202.8000,5203.0000,5204.0000,5205.0000,5206.0000,1,1,1,1,2,1,1,1,1,1
SF,IC2012,2020-06-04 09:35:00.700,5200.2000,20345,0,223690320.000,0,-,-,-,-,5200.0000,5199.8000,5199.4000,5198.8000,5198.4000,5202.4000,5202.8000,5203.0000,5204.0000,5205.0000,1,1,1,1,2,1,1,1,1,1
SF,IC2012,2020-06-04 09:35:01.200,5200.2000,20345,0,223690320.000,0,-,-,-,-,5200.4000,5200.0000,5199.8000,5199.4000,5198.8000,5202.2000,5202.4000,5203.0000,5204.0000,5205.0000,1,1,1,1,1,1,1,1,1,1
SF,IC2012,2020-06-04 09:35:01.700,5200.2000,20344,-1,224730360.000,1,0,1,双平,S,5200.4000,5200.0000,5199.8000,5199.4000,5198.8000,5203.0000,5204.0000,5205.0000,5206.0000,5206.2000,1,1,1,1,1,1,1,1,1,2
SF,IC2012,2020-06-04 09:35:02.200,5200.2000,20344,0,224730360.000,0,-,-,-,-,5200.6000,5200.4000,5199.8000,5199.4000,5198.8000,5202.8000,5203.0000,5204.0000,5205.0000,5206.0000,1,1,1,1,1,1,1,1,1,1
SF,IC2012,2020-06-04 09:35:02.700,5200.2000,20344,0,224730360.000,0,-,-,-,-,5202.8000,5200.8000,5200.6000,5200.4000,5199.4000,5203.0000,5204.0000,5205.0000,5206.0000,5206.2000,1,1,2,1,1,1,1,1,1,2
SF,IC2012,2020-06-04 09:35:03.200,5203.0000,20342,-2,226811520.000,2,0,2,双平,S,5200.8000,5200.6000,5200.4000,5199.4000,5198.4000,5204.0000,5205.0000,5206.0000,5206.2000,5206.6000,1,2,1,1,2,1,1,1,2,5
SF,IC2012,2020-06-04 09:35:03.700,5201.0000,20341,-1,227851720.000,1,0,1,双平,S,5200.8000,5200.6000,5200.4000,5199.4000,5198.4000,5203.8000,5204.0000,5205.0000,5206.0000,5206.2000,1,1,1,1,2,2,1,1,1,2
SF,IC2012,2020-06-04 09:35:04.200,5201.0000,20341,0,227851720.000,0,-,-,-,-,5200.8000,5200.4000,5199.4000,5198.4000,5197.0000,5203.8000,5204.0000,5205.0000,5206.0000,5206.2000,1,1,1,2,1,2,1,1,1,2
SF,IC2012,2020-06-04 09:35:04.700,5201.0000,20341,0,227851720.000,0,-,-,-,-,5203.2000,5201.4000,5201.0000,5199.4000,5198.4000,5203.8000,5204.0000,5205.0000,5206.0000,5206.2000,1,1,2,1,1,2,1,1,1,2
SF,IC2012,2020-06-04 09:35:05.200,5204.0000,20339,-2,229933280.000,2,0,2,双平,S,5203.8000,5203.2000,5201.4000,5201.0000,5199.4000,5205.0000,5206.0000,5206.2000,5206.6000,5207.6000,2,1,1,2,1,1,1,2,5,1
SF,IC2012,2020-06-04 09:35:05.700,5204.0000,20338,-1,230974080.000,1,0,1,双平,S,5204.0000,5203.8000,5203.2000,5201.4000,5201.2000,5205.0000,5206.0000,5206.2000,5206.6000,5207.6000,1,2,1,1,1,1,1,2,5,1
