市场代码,合约代码,时间,最新,持仓,增仓,成交额,成交量,开仓,平仓,成交类型,方向,买一价,买二价,买三价,买四价,买五价,卖一价,卖二价,卖三价,卖四价,卖五价,买一量,买二量,买三量,买四量,买五量,卖一量,卖二量,卖三量,卖四量,卖五量
SF,IC2003,2019-12-03 09:29:00.000,4768.0000,35426,0,8582400.000,9.000,-,-,-,-,4767.0000,4766.6000,4766.0000,4765.0000,4764.2000,4775.0000,4776.0000,4778.0000,4780.4000,4783.2000,2,1,2,4,2,2,1,1,1,1
SF,IC2003,2019-12-03 09:30:00.500,4768.0000,35428,2,19072000.000,11,6,5,空开,S,4769.0000,4768.2000,4767.4000,4767.2000,4767.0000,4773.8000,4775.0000,4776.0000,4776.4000,4778.0000,2,1,10,6,2,1,2,1,2,1
SF,IC2003,2019-12-03 09:30:01.000,4768.8000,35415,-13,34332160.000,16,1,15,多平,S,4769.4000,4769.2000,4769.0000,4768.4000,4768.2000,4772.8000,4773.6000,4773.8000,4774.8000,4775.0000,2,4,2,3,5,2,1,1,2,2
SF,IC2003,2019-12-03 09:30:01.500,4769.4000,35415,0,35286040.000,1,0,1,多换,S,4769.6000,4769.2000,4769.0000,4768.2000,4767.4000,4771.8000,4772.0000,4772.6000,4772.8000,4773.4000,2,2,2,5,5,1,2,2,3,8
SF,IC2003,2019-12-03 09:30:02.000,4769.4000,35415,0,36239920.000,1,0,1,多换,S,4769.2000,4768.6000,4768.2000,4767.4000,4767.2000,4771.6000,4771.8000,4772.0000,4772.4000,4772.6000,1,1,5,5,1,1,2,2,2,1
SF,IC2003,2019-12-03 09:30:02.500,4769.2000,35416,1,37193760.000,1,1,0,双开,S,4769.2000,4768.6000,4768.2000,4767.4000,4767.2000,4770.6000,4770.8000,4771.0000,4771.2000,4771.6000,1,1,5,3,1,2,1,1,1,1
SF,IC2003,2019-12-03 09:30:03.000,4769.2000,35416,0,37193760.000,0,-,-,-,-,4769.6000,4769.2000,4768.6000,4768.2000,4767.4000,4770.4000,4770.6000,4770.8000,4771.0000,4771.2000,1,2,1,4,3,1,2,1,1,1
SF,IC2003,2019-12-03 09:30:03.500,4771.0000,35415,-1,41964080.000,5,2,3,多平,S,4769.8000,4769.2000,4768.2000,4767.2000,4767.0000,4771.2000,4771.6000,4771.8000,4772.0000,4772.2000,2,2,4,1,3,1,2,1,2,1
SF,IC2003,2019-12-03 09:30:04.000,4771.0000,35415,0,41964080.000,0,-,-,-,-,4769.8000,4769.2000,4768.2000,4767.2000,4767.0000,4771.0000,4771.2000,4771.6000,4771.8000,4772.0000,2,2,4,1,3,4,2,2,1,2
SF,IC2003,2019-12-03 09:30:04.500,4769.8000,35413,-2,43872000.000,2,0,2,双平,S,4769.2000,4768.2000,4767.2000,4767.0000,4766.8000,4769.6000,4770.2000,4770.8000,4771.0000,4771.2000,1,4,1,3,1,1,1,5,7,2
SF,IC2003,2019-12-03 09:30:05.000,4769.2000,35412,-1,44825840.000,1,0,1,双平,S,4768.2000,4767.2000,4767.0000,4766.8000,4766.6000,4769.6000,4770.8000,4771.0000,4771.2000,4771.6000,4,1,3,1,1,1,5,7,2,2
SF,IC2003,2019-12-03 09:30:05.500,4769.4000,35412,0,46733560.000,2,1,1,多换,S,4768.2000,4767.2000,4767.0000,4766.8000,4766.6000,4769.6000,4770.8000,4771.0000,4771.2000,4771.6000,5,1,3,1,1,1,5,7,2,2
SF,IC2003,2019-12-03 09:30:06.000,4768.4000,35411,-1,47687240.000,1,0,1,双平,S,4768.2000,4767.2000,4767.0000,4766.8000,4766.6000,4769.6000,4769.8000,4770.8000,4771.0000,4771.2000,5,1,3,1,1,1,1,5,7,2
SF,IC2003,2019-12-03 09:30:06.500,4768.4000,35411,0,47687240.000,0,-,-,-,-,4768.2000,4767.2000,4767.0000,4766.8000,4766.6000,4769.6000,4769.8000,4770.8000,4771.0000,4771.2000,5,1,3,1,1,2,1,5,8,2
SF,IC2003,2019-12-03 09:30:07.000,4768.2000,35413,2,49594520.000,2,2,0,双开,S,4768.2000,4767.2000,4767.0000,4766.8000,4766.6000,4769.6000,4769.8000,4770.8000,4771.0000,4771.2000,3,1,3,1,1,2,1,5,8,2
SF,IC2003,2019-12-03 09:30:07.500,4769.4000,35412,-1,50548400.000,1,0,1,双平,S,4768.2000,4767.2000,4767.0000,4766.8000,4766.6000,4769.6000,4769.8000,4770.8000,4771.0000,4771.2000,3,1,3,1,1,2,1,5,8,2
SF,IC2003,2019-12-03 09:30:08.000,4768.4000,35412,0,51502080.000,1,0,1,多换,S,4768.2000,4767.2000,4767.0000,4766.8000,4766.6000,4769.6000,4769.8000,4770.8000,4771.0000,4771.2000,3,1,3,1,1,2,1,5,8,2
SF,IC2003,2019-12-03 09:30:08.500,4768.2000,35412,0,54363000.000,3,1,2,多换,S,4767.2000,4767.0000,4766.8000,4766.6000,4766.0000,4769.4000,4769.6000,4769.8000,4770.8000,4771.0000,1,3,1,1,2,1,2,1,5,8
SF,IC2003,2019-12-03 09:30:09.000,4768.2000,35412,0,54363000.000,0,-,-,-,-,4767.2000,4767.0000,4766.8000,4766.6000,4766.0000,4769.2000,4769.4000,4769.6000,4769.8000,4771.0000,1,2,1,1,2,7,4,2,1,4
SF,IC2003,2019-12-03 09:30:09.500,4768.2000,35412,0,54363000.000,0,-,-,-,-,4767.4000,4767.2000,4767.0000,4766.8000,4766.6000,4769.0000,4769.2000,4769.6000,4769.8000,4771.0000,1,1,2,1,1,1,2,1,1,4
SF,IC2003,2019-12-03 09:30:10.000,4769.0000,35411,-1,55316800.000,1,0,1,双平,S,4767.2000,4767.0000,4766.8000,4766.6000,4766.0000,4769.2000,4769.6000,4769.8000,4771.0000,4771.2000,1,2,1,1,2,2,1,1,4,2
SF,IC2003,2019-12-03 09:30:10.500,4769.0000,35411,0,56270600.000,1,0,1,多换,S,4767.4000,4767.2000,4767.0000,4766.8000,4766.6000,4768.8000,4769.0000,4769.2000,4769.6000,4771.0000,1,1,2,1,1,2,2,1,1,1
SF,IC2003,2019-12-03 09:30:11.000,4769.0000,35411,0,56270600.000,0,-,-,-,-,4767.2000,4767.0000,4766.8000,4766.6000,4766.2000,4768.6000,4768.8000,4769.0000,4769.2000,4769.6000,1,2,1,1,1,1,1,1,1,1
SF,IC2003,2019-12-03 09:30:11.500,4769.0000,35410,-1,57224400.000,1,0,1,双平,S,4767.2000,4767.0000,4766.8000,4766.6000,4766.2000,4768.6000,4768.8000,4769.0000,4769.4000,4769.6000,1,2,1,1,1,2,1,1,1,1
SF,IC2003,2019-12-03 09:30:12.000,4767.2000,35409,-1,58177840.000,1,0,1,双平,S,4767.0000,4766.8000,4766.6000,4766.2000,4766.0000,4768.6000,4768.8000,4769.0000,4769.4000,4769.6000,2,1,1,1,2,2,1,1,1,1
SF,IC2003,2019-12-03 09:30:12.500,4768.6000,35408,-1,59131560.000,1,0,1,双平,S,4767.0000,4766.8000,4766.6000,4766.2000,4766.0000,4767.2000,4768.6000,4768.8000,4769.0000,4769.4000,2,1,1,1,2,1,1,1,1,1
SF,IC2003,2019-12-03 09:30:13.000,4767.0000,35407,-1,60084960.000,1,0,1,双平,S,4767.0000,4766.8000,4766.6000,4766.2000,4766.0000,4767.2000,4768.2000,4768.4000,4768.6000,4768.8000,1,1,1,1,2,1,2,7,1,1
SF,IC2003,2019-12-03 09:30:13.500,4767.0000,35407,0,61038360.000,1,0,1,多换,S,4766.8000,4766.6000,4766.2000,4766.0000,4765.8000,4767.0000,4767.2000,4768.2000,4768.4000,4768.6000,1,1,1,2,1,2,1,2,7,1
SF,IC2003,2019-12-03 09:30:14.000,4767.0000,35405,-2,63898440.000,3,0,3,多平,S,4766.2000,4766.0000,4765.8000,4765.0000,4764.2000,4767.0000,4767.2000,4768.2000,4768.4000,4768.6000,1,2,1,4,2,1,1,3,7,1
SF,IC2003,2019-12-03 09:30:14.500,4766.8000,35403,-2,66758240.000,3,0,3,多平,S,4766.0000,4765.8000,4765.0000,4764.2000,4763.8000,4767.0000,4767.2000,4768.2000,4768.4000,4768.6000,1,1,4,2,1,1,1,3,7,1
SF,IC2003,2019-12-03 09:30:15.000,4765.8000,35401,-2,68664600.000,2,0,2,双平,S,4765.0000,4764.2000,4763.8000,4763.6000,4761.6000,4766.4000,4767.0000,4767.2000,4768.2000,4768.4000,4,2,1,4,4,1,1,1,3,7
SF,IC2003,2019-12-03 09:30:15.500,4765.8000,35401,0,68664600.000,0,-,-,-,-,4765.2000,4765.0000,4764.2000,4763.8000,4763.6000,4766.4000,4767.0000,4767.2000,4768.2000,4768.4000,1,4,2,1,4,1,1,1,3,7
SF,IC2003,2019-12-03 09:30:16.000,4765.8000,35401,0,68664600.000,0,-,-,-,-,4765.2000,4765.0000,4764.2000,4763.8000,4763.6000,4766.4000,4767.0000,4767.2000,4768.2000,4768.4000,1,4,2,1,4,1,1,1,3,7
SF,IC2003,2019-12-03 09:30:16.500,4766.4000,35401,0,69617880.000,1,0,1,多换,S,4766.0000,4765.2000,4765.0000,4764.2000,4763.6000,4767.0000,4767.2000,4768.2000,4768.4000,4768.6000,1,1,4,2,4,1,1,3,7,1
SF,IC2003,2019-12-03 09:30:17.000,4766.0000,35400,-1,70571080.000,1,0,1,双平,S,4765.2000,4765.0000,4764.2000,4763.6000,4763.0000,4766.4000,4766.8000,4767.0000,4767.2000,4768.2000,1,4,2,4,1,2,1,1,1,3
SF,IC2003,2019-12-03 09:30:17.500,4766.0000,35400,0,70571080.000,0,-,-,-,-,4765.2000,4765.0000,4764.2000,4763.6000,4763.0000,4766.8000,4767.0000,4767.2000,4768.2000,4768.4000,2,4,2,4,1,2,1,1,3,7
SF,IC2003,2019-12-03 09:30:18.000,4766.8000,35399,-1,71524440.000,1,0,1,双平,S,4765.2000,4765.0000,4764.2000,4763.6000,4763.0000,4767.0000,4767.2000,4768.2000,4768.4000,4768.6000,2,2,2,4,1,1,1,3,7,1
SF,IC2003,2019-12-03 09:30:18.500,4767.0000,35398,-1,72477840.000,1,0,1,双平,S,4765.2000,4765.0000,4764.2000,4763.6000,4763.0000,4767.2000,4768.2000,4768.4000,4768.6000,4769.4000,1,2,2,4,1,1,3,7,1,1
SF,IC2003,2019-12-03 09:30:19.000,4767.2000,35398,0,74384720.000,2,1,1,多换,S,4765.6000,4765.4000,4765.2000,4765.0000,4764.2000,4768.2000,4768.4000,4769.4000,4769.6000,4771.0000,1,1,2,2,3,2,3,1,1,1
SF,IC2003,2019-12-03 09:30:19.500,4765.8000,35397,-1,75337880.000,1,0,1,双平,S,4766.6000,4765.8000,4765.6000,4765.4000,4765.2000,4768.0000,4768.2000,4769.4000,4769.6000,4771.0000,1,2,1,5,2,1,2,1,1,1
SF,IC2003,2019-12-03 09:30:20.000,4765.8000,35397,0,75337880.000,0,-,-,-,-,4766.6000,4765.8000,4765.2000,4765.0000,4764.2000,4767.2000,4767.6000,4767.8000,4768.0000,4768.2000,1,2,2,2,3,2,3,2,6,1
SF,IC2003,2019-12-03 09:30:20.500,4766.6000,35396,-1,76291200.000,1,0,1,双平,S,4765.2000,4765.0000,4764.2000,4763.6000,4763.0000,4766.4000,4767.0000,4767.6000,4767.8000,4768.0000,2,2,3,4,1,1,1,7,4,4
SF,IC2003,2019-12-03 09:30:21.000,4766.6000,35396,0,76291200.000,0,-,-,-,-,4765.2000,4765.0000,4764.2000,4763.6000,4763.0000,4766.4000,4767.6000,4767.8000,4768.0000,4768.2000,2,2,2,4,1,1,7,4,4,1
SF,IC2003,2019-12-03 09:30:21.500,4766.6000,35396,0,77244520.000,1,0,1,多换,S,4765.4000,4765.2000,4765.0000,4764.2000,4763.6000,4767.6000,4767.8000,4768.0000,4768.2000,4769.4000,1,2,2,2,4,7,4,4,1,1
SF,IC2003,2019-12-03 09:30:22.000,4766.6000,35396,0,77244520.000,0,-,-,-,-,4765.4000,4765.2000,4765.0000,4764.2000,4763.6000,4766.4000,4767.2000,4767.4000,4767.6000,4768.0000,1,2,2,2,4,2,2,6,6,4
SF,IC2003,2019-12-03 09:30:22.500,4766.6000,35396,0,77244520.000,0,-,-,-,-,4765.4000,4765.2000,4765.0000,4764.2000,4763.6000,4766.2000,4767.0000,4767.2000,4767.4000,4767.6000,1,2,2,2,4,1,1,3,6,6
SF,IC2003,2019-12-03 09:30:23.000,4766.4000,35395,-1,78197800.000,1,0,1,双平,S,4765.6000,4765.2000,4765.0000,4764.2000,4763.6000,4767.2000,4767.4000,4767.6000,4768.0000,4768.2000,1,2,2,2,4,1,3,6,3,1
SF,IC2003,2019-12-03 09:30:23.500,4766.4000,35395,0,78197800.000,0,-,-,-,-,4765.8000,4765.2000,4765.0000,4764.2000,4763.6000,4766.0000,4767.2000,4767.6000,4768.0000,4768.2000,2,2,2,2,4,1,1,1,3,1
SF,IC2003,2019-12-03 09:30:24.000,4766.0000,35395,0,79151000.000,1,0,1,多换,S,4766.2000,4765.8000,4765.2000,4765.0000,4764.2000,4767.2000,4768.0000,4768.2000,4769.4000,4769.6000,1,1,2,2,2,1,3,1,1,1
SF,IC2003,2019-12-03 09:30:24.500,4767.2000,35393,-2,81057880.000,2,0,2,双平,S,4766.8000,4766.4000,4766.2000,4766.0000,4765.2000,4769.6000,4771.0000,4771.8000,4772.0000,4772.2000,1,2,1,2,2,1,1,1,2,1
SF,IC2003,2019-12-03 09:30:25.000,4767.0000,35393,0,82964680.000,2,1,1,多换,S,4766.2000,4765.2000,4765.0000,4764.2000,4763.8000,4767.8000,4768.8000,4769.0000,4769.2000,4769.4000,1,2,2,2,1,2,1,2,9,5
SF,IC2003,2019-12-03 09:30:25.500,4766.8000,35393,0,83918040.000,1,0,1,多换,S,4766.4000,4766.2000,4765.2000,4765.0000,4764.2000,4768.8000,4769.2000,4769.4000,4769.6000,4771.0000,2,1,2,2,2,1,7,5,1,1
SF,IC2003,2019-12-03 09:30:26.000,4766.8000,35393,0,83918040.000,0,-,-,-,-,4766.4000,4765.2000,4765.0000,4764.2000,4763.8000,4768.4000,4768.6000,4768.8000,4769.2000,4769.4000,7,2,2,2,1,5,4,1,2,1
SF,IC2003,2019-12-03 09:30:26.500,4766.8000,35393,0,83918040.000,0,-,-,-,-,4766.6000,4766.4000,4765.2000,4765.0000,4764.2000,4768.8000,4769.4000,4769.6000,4771.0000,4771.8000,1,7,2,2,2,2,1,2,1,1
SF,IC2003,2019-12-03 09:30:27.000,4766.8000,35393,0,83918040.000,0,-,-,-,-,4766.8000,4766.4000,4765.2000,4765.0000,4764.2000,4768.4000,4768.6000,4768.8000,4769.4000,4769.6000,1,6,2,2,2,1,4,2,1,2
SF,IC2003,2019-12-03 09:30:27.500,4766.8000,35393,0,83918040.000,0,-,-,-,-,4767.0000,4766.8000,4766.4000,4766.2000,4765.2000,4768.6000,4768.8000,4769.4000,4769.6000,4771.0000,1,1,6,3,2,4,2,1,2,1
SF,IC2003,2019-12-03 09:30:28.000,4766.8000,35393,0,83918040.000,0,-,-,-,-,4767.2000,4766.4000,4766.2000,4765.6000,4765.2000,4768.8000,4769.4000,4769.6000,4771.0000,4771.8000,2,6,3,1,1,2,1,2,1,1
SF,IC2003,2019-12-03 09:30:28.500,4766.8000,35393,0,83918040.000,0,-,-,-,-,4767.2000,4766.4000,4766.2000,4765.6000,4765.2000,4768.8000,4769.4000,4769.6000,4771.0000,4771.8000,2,6,3,1,1,1,1,2,1,1
SF,IC2003,2019-12-03 09:30:29.000,4766.8000,35393,0,83918040.000,0,-,-,-,-,4767.2000,4766.4000,4766.2000,4765.6000,4765.2000,4768.8000,4769.4000,4769.6000,4771.0000,4771.8000,2,6,3,1,1,1,1,2,1,1
SF,IC2003,2019-12-03 09:30:29.500,4766.8000,35393,0,83918040.000,0,-,-,-,-,4767.6000,4767.2000,4766.4000,4766.2000,4765.6000,4768.8000,4769.4000,4769.6000,4771.0000,4771.8000,1,3,6,3,1,1,1,2,1,1
SF,IC2003,2019-12-03 09:30:30.000,4767.2000,35393,0,85824920.000,2,1,1,多换,S,4767.2000,4766.4000,4766.2000,4765.6000,4765.2000,4768.8000,4769.6000,4771.0000,4772.0000,4772.2000,2,6,3,2,1,1,2,1,2,1
SF,IC2003,2019-12-03 09:30:30.500,4767.2000,35393,0,85824920.000,0,-,-,-,-,4767.4000,4767.2000,4766.4000,4766.2000,4765.6000,4768.8000,4769.6000,4771.0000,4772.0000,4772.2000,1,2,6,3,2,2,2,1,2,1
SF,IC2003,2019-12-03 09:30:31.000,4767.2000,35393,0,85824920.000,0,-,-,-,-,4767.6000,4767.4000,4767.2000,4766.6000,4766.4000,4768.8000,4769.6000,4771.0000,4772.0000,4772.2000,5,5,1,1,6,2,1,1,2,1
SF,IC2003,2019-12-03 09:30:31.500,4767.2000,35392,-1,86778360.000,1,0,1,双平,S,4767.6000,4767.2000,4766.4000,4766.2000,4765.6000,4768.8000,4769.6000,4771.0000,4772.0000,4772.2000,1,2,6,3,2,2,1,1,2,1
SF,IC2003,2019-12-03 09:30:33.000,4767.2000,35392,0,86778360.000,0,-,-,-,-,4767.6000,4767.2000,4766.4000,4766.2000,4765.8000,4768.8000,4769.6000,4771.0000,4772.0000,4772.2000,1,2,6,3,1,2,1,1,2,1
SF,IC2003,2019-12-03 09:30:33.500,4768.8000,35391,-1,87732120.000,1,0,1,双平,S,4767.6000,4767.2000,4766.4000,4766.2000,4765.8000,4768.8000,4769.6000,4771.0000,4772.0000,4772.2000,1,2,6,3,1,1,1,1,2,1
SF,IC2003,2019-12-03 09:30:34.000,4768.8000,35391,0,88685880.000,1,0,1,多换,S,4769.0000,4768.8000,4767.8000,4767.6000,4767.2000,4769.6000,4771.0000,4772.0000,4772.2000,4772.8000,1,3,1,1,1,1,1,2,1,2
SF,IC2003,2019-12-03 09:30:34.500,4768.8000,35391,0,88685880.000,0,-,-,-,-,4769.0000,4767.8000,4767.6000,4767.4000,4767.2000,4769.6000,4771.0000,4772.0000,4772.2000,4772.8000,1,1,1,1,1,1,1,2,1,2
SF,IC2003,2019-12-03 09:30:35.000,4767.8000,35390,-1,89639440.000,1,0,1,双平,S,4767.6000,4767.4000,4767.2000,4766.4000,4766.2000,4769.6000,4771.0000,4772.0000,4772.2000,4772.8000,1,1,1,6,3,2,1,2,1,2
SF,IC2003,2019-12-03 09:30:35.500,4767.8000,35390,0,89639440.000,0,-,-,-,-,4767.6000,4767.4000,4767.2000,4766.4000,4766.2000,4769.4000,4769.6000,4771.0000,4772.0000,4772.2000,1,1,1,6,3,1,2,1,2,1
SF,IC2003,2019-12-03 09:30:36.000,4767.8000,35390,0,89639440.000,0,-,-,-,-,4767.6000,4767.4000,4767.2000,4766.4000,4766.2000,4769.2000,4769.6000,4771.0000,4772.0000,4772.2000,2,1,1,6,3,1,2,1,2,1
SF,IC2003,2019-12-03 09:30:36.500,4767.8000,35390,0,89639440.000,0,-,-,-,-,4767.8000,4767.6000,4767.4000,4767.2000,4766.4000,4769.0000,4769.2000,4769.6000,4771.0000,4772.0000,1,2,1,1,7,2,2,2,1,2
SF,IC2003,2019-12-03 09:30:37.000,4767.8000,35389,-1,90593000.000,1,0,1,双平,S,4767.6000,4767.4000,4767.2000,4766.4000,4766.2000,4768.8000,4769.0000,4769.2000,4769.6000,4771.0000,1,1,1,6,3,2,5,1,2,1
SF,IC2003,2019-12-03 09:30:37.500,4767.8000,35389,0,90593000.000,0,-,-,-,-,4767.6000,4767.4000,4767.2000,4766.4000,4766.2000,4769.0000,4769.2000,4769.6000,4771.0000,4772.0000,1,1,1,6,3,3,1,1,1,2
SF,IC2003,2019-12-03 09:30:38.000,4767.8000,35389,0,90593000.000,0,-,-,-,-,4767.6000,4767.4000,4767.2000,4766.4000,4766.2000,4768.8000,4769.0000,4769.2000,4769.6000,4771.0000,1,1,1,6,3,1,3,1,1,1
SF,IC2003,2019-12-03 09:30:38.500,4767.8000,35389,0,90593000.000,0,-,-,-,-,4767.4000,4767.2000,4766.4000,4766.2000,4765.8000,4768.6000,4769.0000,4769.2000,4769.6000,4771.0000,1,1,6,3,2,2,2,1,1,1
SF,IC2003,2019-12-03 09:30:39.000,4767.8000,35389,0,90593000.000,0,-,-,-,-,4767.8000,4767.4000,4767.2000,4766.4000,4766.2000,4768.4000,4768.6000,4769.0000,4769.2000,4769.6000,1,1,1,6,3,1,8,2,1,1
SF,IC2003,2019-12-03 09:30:39.500,4767.8000,35388,-1,91546560.000,1,0,1,双平,S,4767.4000,4767.2000,4766.4000,4766.2000,4765.8000,4767.8000,4768.2000,4768.4000,4768.6000,4769.0000,1,1,6,3,2,1,1,1,5,2
SF,IC2003,2019-12-03 09:30:40.000,4767.8000,35388,0,91546560.000,0,-,-,-,-,4767.4000,4767.2000,4766.4000,4766.2000,4765.8000,4768.2000,4768.4000,4768.6000,4769.0000,4769.2000,1,1,6,3,2,2,1,5,2,1
SF,IC2003,2019-12-03 09:30:40.500,4767.8000,35388,0,91546560.000,0,-,-,-,-,4767.4000,4767.2000,4766.4000,4766.2000,4765.8000,4768.0000,4768.4000,4768.6000,4769.0000,4769.2000,1,1,6,3,2,1,1,5,2,1
SF,IC2003,2019-12-03 09:30:41.000,4767.4000,35388,0,92500040.000,1,0,1,多换,S,4767.2000,4766.4000,4766.2000,4765.8000,4765.6000,4767.4000,4767.8000,4768.0000,4768.4000,4768.6000,1,6,3,2,2,1,1,2,1,4
SF,IC2003,2019-12-03 09:30:41.500,4767.2000,35388,0,93453480.000,1,0,1,多换,S,4766.4000,4766.2000,4765.8000,4765.6000,4765.2000,4767.2000,4768.0000,4768.4000,4768.6000,4769.0000,6,3,2,2,1,1,2,1,4,2
SF,IC2003,2019-12-03 09:30:42.000,4767.2000,35387,-1,94406920.000,1,0,1,双平,S,4767.6000,4767.2000,4766.6000,4766.4000,4766.2000,4768.0000,4768.4000,4769.0000,4769.2000,4769.6000,1,6,1,7,3,1,1,2,1,1
SF,IC2003,2019-12-03 09:30:42.500,4767.6000,35386,-1,95360440.000,1,0,1,双平,S,4766.4000,4766.2000,4765.8000,4765.6000,4765.2000,4767.6000,4768.0000,4768.4000,4769.0000,4769.2000,6,3,2,2,1,3,2,1,2,1
SF,IC2003,2019-12-03 09:30:43.000,4767.6000,35385,-1,96313960.000,1,0,1,双平,S,4766.4000,4766.2000,4765.8000,4765.6000,4765.2000,4767.6000,4768.0000,4768.4000,4769.0000,4769.6000,6,3,2,1,1,1,1,1,2,1
SF,IC2003,2019-12-03 09:30:43.500,4767.6000,35385,0,96313960.000,0,-,-,-,-,4766.4000,4766.2000,4765.8000,4765.6000,4765.2000,4768.0000,4768.4000,4769.0000,4769.6000,4769.8000,6,3,2,1,1,1,1,2,1,1
SF,IC2003,2019-12-03 09:30:44.000,4767.6000,35385,0,96313960.000,0,-,-,-,-,4766.4000,4766.2000,4765.8000,4765.6000,4765.2000,4767.2000,4767.8000,4768.0000,4769.0000,4769.6000,6,3,2,1,1,2,3,1,2,1
SF,IC2003,2019-12-03 09:30:44.500,4766.4000,35385,0,97267240.000,1,0,1,多换,S,4766.4000,4766.2000,4765.8000,4765.6000,4765.2000,4767.2000,4767.6000,4767.8000,4768.0000,4768.6000,5,3,2,1,1,1,1,7,2,1
SF,IC2003,2019-12-03 09:30:45.000,4766.4000,35385,0,97267240.000,0,-,-,-,-,4766.4000,4766.2000,4765.8000,4765.6000,4765.2000,4766.8000,4767.2000,4767.6000,4767.8000,4768.0000,5,3,2,1,1,1,1,1,7,1
SF,IC2003,2019-12-03 09:30:45.500,4766.8000,35384,-1,98220600.000,1,0,1,双平,S,4766.6000,4766.4000,4766.2000,4765.8000,4765.6000,4767.2000,4767.6000,4767.8000,4768.0000,4768.6000,1,5,3,2,1,1,1,7,1,1
SF,IC2003,2019-12-03 09:30:46.000,4767.2000,35383,-1,99174040.000,1,0,1,双平,S,4766.6000,4766.4000,4766.2000,4765.8000,4765.6000,4767.6000,4767.8000,4768.6000,4769.0000,4769.6000,1,5,3,2,1,1,7,1,2,1
SF,IC2003,2019-12-03 09:30:46.500,4766.6000,35383,0,100127360.000,1,0,1,多换,S,4766.4000,4766.2000,4765.8000,4765.6000,4765.2000,4766.8000,4767.2000,4767.4000,4767.6000,4767.8000,5,3,2,1,1,2,7,9,1,2
SF,IC2003,2019-12-03 09:30:47.000,4766.6000,35377,-6,105847080.000,6,0,6,双平,S,4766.2000,4765.8000,4765.6000,4765.2000,4765.0000,4767.2000,4767.4000,4767.6000,4767.8000,4768.6000,3,2,1,1,3,5,10,1,1,1
SF,IC2003,2019-12-03 09:30:47.500,4766.8000,35376,-1,106800440.000,1,0,1,双平,S,4766.2000,4765.8000,4765.6000,4765.2000,4765.0000,4766.8000,4767.0000,4767.2000,4767.4000,4767.6000,3,2,1,1,3,3,6,5,2,1
SF,IC2003,2019-12-03 09:30:48.000,4766.2000,35373,-3,109660280.000,3,0,3,双平,S,4766.2000,4765.8000,4765.6000,4765.2000,4765.0000,4766.6000,4766.8000,4767.0000,4767.2000,4767.4000,1,1,1,1,3,7,4,3,3,3
SF,IC2003,2019-12-03 09:30:48.500,4765.0000,35375,2,117285480.000,8,5,3,空开,S,4765.0000,4764.2000,4763.6000,4762.6000,4761.6000,4767.0000,4767.2000,4767.4000,4768.6000,4769.0000,1,2,4,1,4,2,3,3,1,2
SF,IC2003,2019-12-03 09:30:49.000,4765.0000,35374,-1,118238480.000,1,0,1,双平,S,4765.2000,4765.0000,4764.2000,4763.6000,4762.6000,4765.8000,4767.0000,4767.2000,4767.4000,4768.6000,1,1,2,4,1,1,3,3,3,1
SF,IC2003,2019-12-03 09:30:49.500,4765.8000,35372,-2,120144800.000,2,0,2,双平,S,4765.8000,4765.4000,4765.0000,4764.2000,4763.6000,4767.0000,4767.2000,4767.4000,4768.6000,4769.0000,2,1,1,2,4,4,3,3,1,2
SF,IC2003,2019-12-03 09:30:50.000,4765.8000,35372,0,120144800.000,0,-,-,-,-,4765.0000,4764.2000,4763.6000,4762.6000,4761.6000,4766.4000,4767.0000,4767.2000,4767.4000,4768.6000,1,2,4,1,4,1,4,3,3,1
SF,IC2003,2019-12-03 09:30:50.500,4765.8000,35372,0,120144800.000,0,-,-,-,-,4765.2000,4765.0000,4764.2000,4763.6000,4762.6000,4765.6000,4766.6000,4767.0000,4767.2000,4767.4000,1,1,2,4,1,1,1,3,2,3
SF,IC2003,2019-12-03 09:30:51.000,4765.6000,35372,0,121097920.000,1,0,1,多换,S,4765.6000,4765.4000,4765.0000,4764.2000,4763.6000,4766.6000,4767.0000,4767.2000,4767.4000,4768.6000,2,1,1,2,4,1,3,2,3,1
SF,IC2003,2019-12-03 09:30:51.500,4765.6000,35372,0,121097920.000,0,-,-,-,-,4765.8000,4765.6000,4765.0000,4764.2000,4763.6000,4767.0000,4767.2000,4767.4000,4768.6000,4769.0000,1,2,1,2,4,3,2,2,1,2
SF,IC2003,2019-12-03 09:30:52.000,4765.6000,35372,0,121097920.000,0,-,-,-,-,4766.0000,4765.8000,4765.6000,4765.0000,4764.2000,4768.6000,4769.0000,4769.6000,4769.8000,4771.0000,1,1,2,1,2,1,2,1,1,1
SF,IC2003,2019-12-03 09:30:52.500,4765.6000,35371,-1,122051040.000,1,0,1,双平,S,4765.6000,4765.0000,4764.2000,4763.8000,4763.6000,4767.4000,4768.2000,4768.4000,4768.6000,4769.0000,2,1,2,1,4,2,8,4,1,2
SF,IC2003,2019-12-03 09:30:53.000,4765.6000,35371,0,122051040.000,0,-,-,-,-,4765.8000,4765.6000,4765.0000,4764.2000,4763.8000,4767.2000,4767.8000,4768.2000,4768.4000,4768.6000,1,2,1,2,1,1,1,8,4,1
SF,IC2003,2019-12-03 09:30:53.500,4765.6000,35371,0,122051040.000,0,-,-,-,-,4766.0000,4765.6000,4765.0000,4764.2000,4763.8000,4767.2000,4767.8000,4768.2000,4768.4000,4768.6000,1,2,1,2,1,1,1,8,4,1
SF,IC2003,2019-12-03 09:30:54.000,4765.6000,35371,0,122051040.000,0,-,-,-,-,4767.2000,4766.2000,4765.0000,4764.2000,4763.8000,4768.2000,4768.4000,4768.6000,4769.0000,4769.6000,2,2,1,2,1,2,3,1,2,1
SF,IC2003,2019-12-03 09:30:54.500,4765.6000,35371,0,122051040.000,0,-,-,-,-,4766.2000,4765.0000,4764.2000,4763.8000,4763.6000,4767.0000,4768.2000,4768.4000,4769.0000,4769.6000,1,1,2,1,4,1,3,2,2,1
SF,IC2003,2019-12-03 09:30:55.000,4767.0000,35369,-2,123957840.000,2,0,2,双平,S,4767.0000,4766.4000,4766.2000,4765.0000,4764.2000,4768.2000,4768.4000,4769.0000,4769.6000,4769.8000,1,1,1,1,2,2,2,2,1,1
SF,IC2003,2019-12-03 09:30:55.500,4767.0000,35369,0,123957840.000,0,-,-,-,-,4767.0000,4766.2000,4765.0000,4764.2000,4763.8000,4768.2000,4768.4000,4769.0000,4769.6000,4769.8000,1,1,1,2,1,2,2,2,1,1
SF,IC2003,2019-12-03 09:30:56.000,4768.2000,35368,-1,124911480.000,1,0,1,双平,S,4767.2000,4767.0000,4766.2000,4765.0000,4764.2000,4768.2000,4769.0000,4769.6000,4769.8000,4771.0000,1,1,1,1,2,1,2,1,1,1
SF,IC2003,2019-12-03 09:30:56.500,4768.2000,35368,0,124911480.000,0,-,-,-,-,4767.4000,4767.0000,4766.2000,4765.0000,4764.2000,4768.2000,4769.0000,4769.6000,4769.8000,4771.0000,1,1,1,1,2,1,2,1,1,1
SF,IC2003,2019-12-03 09:30:57.000,4768.2000,35368,0,124911480.000,0,-,-,-,-,4767.6000,4767.0000,4766.2000,4765.4000,4765.0000,4768.2000,4769.0000,4769.6000,4769.8000,4771.0000,1,1,1,1,1,1,2,1,1,1
SF,IC2003,2019-12-03 09:30:57.500,4768.2000,35368,0,124911480.000,0,-,-,-,-,4767.8000,4767.0000,4766.2000,4765.4000,4765.0000,4769.0000,4769.6000,4769.8000,4771.0000,4772.0000,1,1,1,1,1,2,1,1,1,2
SF,IC2003,2019-12-03 09:30:58.000,4768.2000,35368,0,124911480.000,0,-,-,-,-,4767.0000,4766.2000,4765.4000,4765.0000,4764.2000,4768.6000,4768.8000,4769.0000,4769.6000,4769.8000,1,1,1,1,2,1,6,3,1,1
SF,IC2003,2019-12-03 09:30:58.500,4768.2000,35368,0,124911480.000,0,-,-,-,-,4767.2000,4767.0000,4765.0000,4764.2000,4763.8000,4768.4000,4768.6000,4768.8000,4769.0000,4769.6000,1,2,1,2,1,2,1,4,3,1
SF,IC2003,2019-12-03 09:30:59.000,4768.4000,35367,-1,125865160.000,1,0,1,双平,S,4767.4000,4767.0000,4765.0000,4764.2000,4763.8000,4768.4000,4768.6000,4768.8000,4769.0000,4769.6000,1,1,1,2,1,1,1,4,3,1
SF,IC2003,2019-12-03 09:30:59.500,4767.0000,35365,-2,127772040.000,2,0,2,双平,S,4765.0000,4764.2000,4763.6000,4762.6000,4761.6000,4766.8000,4767.0000,4767.2000,4767.4000,4767.6000,1,2,4,1,4,2,1,1,5,1
SF,IC2003,2019-12-03 09:31:00.000,4767.2000,35361,-4,131585680.000,4,0,4,双平,S,4767.0000,4766.8000,4766.6000,4766.0000,4765.6000,4767.4000,4767.8000,4768.0000,4768.2000,4768.8000,1,2,1,1,2,2,1,1,2,1
SF,IC2003,2019-12-03 09:31:00.500,4766.8000,35358,-3,134445800.000,3,0,3,双平,S,4765.2000,4765.0000,4764.2000,4763.6000,4762.6000,4767.4000,4767.8000,4768.0000,4768.2000,4768.8000,2,2,2,4,1,2,1,1,2,1
SF,IC2003,2019-12-03 09:31:01.000,4766.8000,35358,0,134445800.000,0,-,-,-,-,4765.2000,4765.0000,4764.2000,4763.6000,4762.6000,4766.4000,4766.8000,4767.0000,4767.2000,4767.4000,1,2,2,4,1,2,2,4,7,2
SF,IC2003,2019-12-03 09:31:01.500,4766.8000,35358,0,134445800.000,0,-,-,-,-,4766.0000,4765.6000,4765.4000,4765.2000,4765.0000,4766.8000,4767.2000,4767.4000,4767.8000,4768.0000,2,1,6,1,2,2,1,2,1,1
SF,IC2003,2019-12-03 09:31:02.000,4766.8000,35358,0,134445800.000,0,-,-,-,-,4765.0000,4764.2000,4763.6000,4762.6000,4761.6000,4766.8000,4767.2000,4767.4000,4767.8000,4768.0000,2,2,4,1,4,3,1,2,1,1
SF,IC2003,2019-12-03 09:31:02.500,4766.8000,35358,0,134445800.000,0,-,-,-,-,4765.0000,4764.2000,4763.6000,4762.6000,4761.6000,4766.8000,4767.2000,4767.4000,4767.8000,4768.2000,3,2,4,1,4,3,1,2,1,1
SF,IC2003,2019-12-03 09:31:03.000,4766.8000,35358,0,134445800.000,0,-,-,-,-,4765.0000,4764.2000,4763.6000,4762.6000,4761.6000,4766.6000,4766.8000,4767.2000,4767.4000,4767.8000,3,2,4,1,4,1,3,1,2,1
SF,IC2003,2019-12-03 09:31:03.500,4766.8000,35358,0,134445800.000,0,-,-,-,-,4765.0000,4764.2000,4763.6000,4762.6000,4761.6000,4766.4000,4766.8000,4767.4000,4767.8000,4768.2000,3,2,4,1,4,1,3,2,1,1
SF,IC2003,2019-12-03 09:31:04.000,4766.8000,35358,0,134445800.000,0,-,-,-,-,4765.8000,4765.6000,4765.2000,4765.0000,4764.2000,4766.4000,4766.8000,4767.4000,4767.8000,4768.2000,1,2,1,3,2,1,3,2,1,1
SF,IC2003,2019-12-03 09:31:04.500,4766.4000,35358,0,135399080.000,1,0,1,多换,S,4765.8000,4765.2000,4765.0000,4764.2000,4763.8000,4766.8000,4767.4000,4767.8000,4768.2000,4768.4000,1,1,4,2,1,3,2,1,1,1
SF,IC2003,2019-12-03 09:31:05.000,4766.4000,35358,0,135399080.000,0,-,-,-,-,4765.8000,4765.2000,4765.0000,4764.2000,4763.8000,4766.6000,4766.8000,4767.4000,4767.8000,4768.2000,1,1,3,2,1,1,3,2,1,1
SF,IC2003,2019-12-03 09:31:05.500,4766.4000,35358,0,135399080.000,0,-,-,-,-,4765.8000,4765.2000,4765.0000,4764.2000,4763.8000,4766.8000,4767.4000,4767.8000,4768.2000,4768.4000,1,1,3,2,1,1,2,1,1,1
SF,IC2003,2019-12-03 09:31:06.000,4766.8000,35357,-1,136352440.000,1,0,1,双平,S,4765.8000,4765.2000,4765.0000,4764.2000,4763.8000,4766.6000,4767.4000,4767.8000,4768.2000,4768.4000,1,1,3,2,1,1,2,1,1,1
SF,IC2003,2019-12-03 09:31:06.500,4766.8000,35356,-1,137305800.000,1,0,1,双平,S,4766.8000,4765.8000,4765.2000,4765.0000,4764.2000,4767.4000,4767.8000,4768.2000,4768.4000,4768.6000,1,1,1,3,2,2,1,1,1,1
SF,IC2003,2019-12-03 09:31:07.500,4767.4000,35355,-1,138259280.000,1,0,1,双平,S,4766.8000,4766.2000,4765.8000,4765.2000,4765.0000,4767.4000,4767.8000,4768.2000,4768.4000,4768.6000,1,5,1,1,3,1,1,1,1,1
SF,IC2003,2019-12-03 09:31:08.000,4767.4000,35353,-2,140166240.000,2,0,2,双平,S,4767.4000,4767.0000,4766.8000,4766.2000,4765.8000,4768.2000,4768.4000,4769.0000,4769.8000,4771.0000,2,1,1,5,1,1,1,2,1,1
SF,IC2003,2019-12-03 09:31:08.500,4767.4000,35353,0,140166240.000,0,-,-,-,-,4767.0000,4766.8000,4766.2000,4765.8000,4765.2000,4768.0000,4768.4000,4769.0000,4769.8000,4771.0000,1,1,5,1,1,1,1,2,1,1
SF,IC2003,2019-12-03 09:31:09.000,4767.4000,35353,0,140166240.000,0,-,-,-,-,4767.0000,4766.2000,4765.8000,4765.2000,4765.0000,4768.0000,4768.4000,4769.0000,4769.8000,4771.0000,1,5,1,1,3,1,1,2,1,1
SF,IC2003,2019-12-03 09:31:09.500,4767.4000,35353,0,140166240.000,0,-,-,-,-,4767.0000,4766.2000,4765.8000,4765.2000,4765.0000,4768.0000,4768.4000,4769.0000,4769.8000,4771.0000,1,5,1,2,3,1,1,2,1,1
SF,IC2003,2019-12-03 09:31:10.000,4767.4000,35353,0,140166240.000,0,-,-,-,-,4767.6000,4767.0000,4766.2000,4765.8000,4765.2000,4768.4000,4769.0000,4769.8000,4771.0000,4772.0000,2,3,5,1,2,1,2,1,1,2
SF,IC2003,2019-12-03 09:31:10.500,4767.4000,35353,0,140166240.000,0,-,-,-,-,4767.0000,4766.2000,4765.8000,4765.2000,4765.0000,4768.4000,4769.0000,4769.8000,4771.0000,4772.0000,2,5,1,2,3,1,2,1,1,2
SF,IC2003,2019-12-03 09:31:11.000,4767.4000,35353,0,140166240.000,0,-,-,-,-,4767.0000,4766.2000,4765.8000,4765.2000,4765.0000,4768.4000,4769.0000,4769.8000,4771.0000,4772.0000,2,5,1,2,3,1,2,1,1,2
SF,IC2003,2019-12-03 09:31:11.500,4768.4000,35352,-1,141119920.000,1,0,1,双平,S,4767.6000,4767.2000,4767.0000,4766.2000,4765.8000,4769.0000,4771.0000,4772.0000,4772.8000,4773.8000,2,1,2,5,1,2,1,2,2,1
SF,IC2003,2019-12-03 09:31:12.000,4769.0000,35350,-2,143027520.000,2,0,2,双平,S,4769.2000,4769.0000,4768.4000,4768.0000,4767.8000,4772.0000,4772.4000,4772.8000,4773.8000,4775.0000,1,2,1,2,7,2,1,2,1,1
SF,IC2003,2019-12-03 09:31:12.500,4769.0000,35350,0,143027520.000,0,-,-,-,-,4769.0000,4768.0000,4767.8000,4767.4000,4767.2000,4770.6000,4771.0000,4771.6000,4771.8000,4772.0000,1,2,7,3,4,1,1,7,4,2
SF,IC2003,2019-12-03 09:31:13.000,4769.0000,35350,0,143027520.000,0,-,-,-,-,4769.0000,4768.0000,4767.8000,4767.6000,4767.4000,4771.0000,4771.6000,4771.8000,4772.0000,4772.4000,2,2,6,1,3,1,7,4,2,1
SF,IC2003,2019-12-03 09:31:13.500,4769.0000,35350,0,143027520.000,0,-,-,-,-,4769.0000,4768.4000,4768.0000,4767.8000,4767.6000,4770.8000,4771.0000,4771.6000,4771.8000,4772.0000,2,2,2,6,1,1,1,7,3,2
SF,IC2003,2019-12-03 09:31:14.000,4769.0000,35350,0,143027520.000,0,-,-,-,-,4769.0000,4768.4000,4768.0000,4767.8000,4767.6000,4770.8000,4771.0000,4771.6000,4771.8000,4772.0000,2,2,2,6,1,1,1,6,3,2
SF,IC2003,2019-12-03 09:31:14.500,4769.0000,35350,0,143027520.000,0,-,-,-,-,4769.8000,4769.2000,4769.0000,4768.4000,4768.0000,4770.8000,4771.8000,4772.0000,4772.4000,4772.8000,2,1,2,2,2,1,2,2,1,2
SF,IC2003,2019-12-03 09:31:15.000,4769.0000,35350,0,143027520.000,0,-,-,-,-,4770.0000,4769.2000,4769.0000,4768.4000,4768.0000,4772.0000,4772.4000,4772.8000,4773.8000,4775.0000,1,2,2,2,2,2,1,2,1,1
SF,IC2003,2019-12-03 09:31:15.500,4771.6000,35347,-3,146843480.000,4,0,4,多平,S,4769.0000,4768.4000,4767.8000,4767.6000,4767.4000,4771.6000,4771.8000,4772.0000,4772.4000,4772.8000,1,2,6,1,1,5,3,2,1,2
SF,IC2003,2019-12-03 09:31:16.000,4771.6000,35347,0,146843480.000,0,-,-,-,-,4769.0000,4768.4000,4767.8000,4767.6000,4767.4000,4770.0000,4771.4000,4771.6000,4771.8000,4772.0000,1,2,6,1,1,1,4,5,1,2
SF,IC2003,2019-12-03 09:31:16.500,4771.6000,35347,0,146843480.000,0,-,-,-,-,4769.0000,4768.4000,4767.8000,4767.6000,4767.4000,4769.8000,4771.2000,4771.4000,4771.6000,4771.8000,1,2,6,1,1,1,1,4,5,1
SF,IC2003,2019-12-03 09:31:17.000,4770.0000,35346,-1,147797480.000,1,0,1,双平,S,4769.0000,4768.4000,4767.8000,4767.6000,4767.4000,4771.2000,4771.4000,4771.6000,4771.8000,4772.0000,1,2,6,1,1,1,4,5,1,2
SF,IC2003,2019-12-03 09:31:17.500,4770.0000,35346,0,147797480.000,0,-,-,-,-,4770.0000,4769.0000,4768.4000,4767.8000,4767.6000,4770.2000,4770.8000,4771.0000,4771.2000,4771.4000,1,1,2,6,1,1,4,3,1,3
SF,IC2003,2019-12-03 09:31:18.000,4770.0000,35346,0,148751480.000,1,0,1,多换,S,4769.0000,4768.4000,4767.8000,4767.6000,4767.4000,4770.0000,4770.8000,4771.0000,4771.2000,4771.4000,1,2,6,1,1,3,4,3,1,2
SF,IC2003,2019-12-03 09:31:18.500,4770.0000,35346,0,148751480.000,0,-,-,-,-,4769.0000,4768.4000,4767.4000,4767.0000,4766.4000,4769.8000,4770.0000,4770.2000,4770.8000,4771.0000,1,2,1,1,1,1,4,1,4,1
SF,IC2003,2019-12-03 09:31:19.000,4770.0000,35346,0,148751480.000,0,-,-,-,-,4769.0000,4768.4000,4767.4000,4767.0000,4766.4000,4769.8000,4770.0000,4770.8000,4771.0000,4771.2000,1,2,1,1,1,1,3,4,1,2
SF,IC2003,2019-12-03 09:31:19.500,4770.0000,35346,0,148751480.000,0,-,-,-,-,4769.0000,4768.4000,4767.4000,4767.0000,4766.4000,4770.0000,4770.8000,4771.0000,4771.2000,4771.4000,1,2,1,1,1,3,4,1,2,2
SF,IC2003,2019-12-03 09:31:20.000,4770.0000,35346,0,148751480.000,0,-,-,-,-,4769.0000,4768.4000,4767.4000,4767.0000,4766.4000,4770.0000,4770.8000,4771.0000,4771.2000,4771.4000,1,2,1,1,1,1,4,1,2,2
SF,IC2003,2019-12-03 09:31:20.500,4770.0000,35346,0,148751480.000,0,-,-,-,-,4769.0000,4768.4000,4767.4000,4767.0000,4766.4000,4770.0000,4770.8000,4771.0000,4771.2000,4771.4000,1,2,1,1,1,1,4,1,2,2
SF,IC2003,2019-12-03 09:31:21.000,4770.0000,35346,0,148751480.000,0,-,-,-,-,4769.2000,4769.0000,4768.4000,4767.4000,4767.0000,4770.0000,4770.8000,4771.0000,4771.2000,4771.4000,1,1,2,1,1,1,4,1,2,2
SF,IC2003,2019-12-03 09:31:21.500,4770.0000,35345,-1,149705480.000,1,0,1,双平,S,4769.2000,4769.0000,4768.4000,4767.4000,4767.0000,4770.8000,4771.0000,4771.2000,4771.4000,4771.6000,1,1,2,1,1,2,1,1,2,5
SF,IC2003,2019-12-03 09:31:22.000,4770.0000,35345,0,149705480.000,0,-,-,-,-,4769.2000,4769.0000,4768.4000,4767.4000,4767.0000,4770.6000,4770.8000,4771.0000,4771.2000,4771.4000,1,1,2,1,1,1,3,1,1,2
SF,IC2003,2019-12-03 09:31:22.500,4770.0000,35345,0,149705480.000,0,-,-,-,-,4769.2000,4769.0000,4768.8000,4768.4000,4767.4000,4770.8000,4771.0000,4771.2000,4771.4000,4771.6000,2,1,1,2,1,3,1,1,2,5
SF,IC2003,2019-12-03 09:31:23.000,4770.0000,35345,0,149705480.000,0,-,-,-,-,4769.2000,4769.0000,4768.8000,4768.4000,4767.4000,4770.6000,4770.8000,4771.0000,4771.2000,4771.4000,2,1,1,2,1,1,3,1,1,2
SF,IC2003,2019-12-03 09:31:23.500,4770.0000,35345,0,149705480.000,0,-,-,-,-,4769.2000,4769.0000,4768.8000,4768.4000,4768.2000,4770.8000,4771.0000,4771.2000,4771.4000,4771.6000,2,1,1,2,2,3,1,1,2,5
SF,IC2003,2019-12-03 09:31:24.000,4770.0000,35345,0,149705480.000,0,-,-,-,-,4769.2000,4769.0000,4768.8000,4768.4000,4768.2000,4770.8000,4771.0000,4771.2000,4771.4000,4771.6000,2,1,1,2,4,3,1,1,2,5
SF,IC2003,2019-12-03 09:31:24.500,4770.8000,35345,0,150659640.000,1,0,1,多换,S,4770.0000,4769.2000,4769.0000,4768.8000,4768.4000,4770.8000,4771.0000,4771.2000,4771.4000,4771.6000,1,2,1,1,2,2,1,1,2,4
SF,IC2003,2019-12-03 09:31:25.000,4770.8000,35345,0,150659640.000,0,-,-,-,-,4770.0000,4769.2000,4769.0000,4768.8000,4768.4000,4770.8000,4771.0000,4771.2000,4771.4000,4771.6000,1,2,1,1,2,2,1,1,2,4
SF,IC2003,2019-12-03 09:31:26.500,4770.8000,35345,0,150659640.000,0,-,-,-,-,4770.0000,4769.2000,4769.0000,4768.8000,4768.4000,4770.8000,4771.0000,4771.2000,4771.4000,4771.6000,1,2,1,1,2,2,1,1,1,1
SF,IC2003,2019-12-03 09:31:28.000,4770.8000,35345,0,150659640.000,0,-,-,-,-,4770.0000,4769.2000,4769.0000,4768.8000,4768.2000,4770.8000,4771.0000,4771.2000,4771.4000,4771.6000,1,2,1,1,4,1,1,1,1,1
SF,IC2003,2019-12-03 09:31:28.500,4770.8000,35345,0,150659640.000,0,-,-,-,-,4770.0000,4769.2000,4769.0000,4768.8000,4768.2000,4771.0000,4771.2000,4771.4000,4771.6000,4772.0000,1,2,1,1,4,1,1,1,1,2
SF,IC2003,2019-12-03 09:31:29.000,4770.8000,35345,0,150659640.000,0,-,-,-,-,4770.0000,4769.2000,4769.0000,4768.8000,4768.2000,4771.2000,4771.4000,4771.6000,4772.0000,4772.4000,1,2,1,1,4,1,1,1,2,1
SF,IC2003,2019-12-03 09:31:29.500,4770.8000,35345,0,150659640.000,0,-,-,-,-,4770.8000,4770.0000,4769.2000,4769.0000,4768.8000,4771.2000,4771.4000,4771.6000,4772.0000,4772.4000,2,1,1,1,1,1,1,1,2,1
SF,IC2003,2019-12-03 09:31:30.000,4770.8000,35345,0,152567960.000,2,1,1,多换,S,4770.0000,4769.2000,4769.0000,4768.8000,4768.2000,4770.8000,4771.2000,4771.4000,4771.6000,4772.0000,1,1,1,1,4,2,1,1,1,2
SF,IC2003,2019-12-03 09:31:30.500,4770.0000,35344,-1,153521960.000,1,0,1,双平,S,4769.2000,4769.0000,4768.8000,4768.2000,4767.8000,4770.8000,4771.2000,4771.4000,4771.6000,4772.0000,1,1,1,4,1,2,1,1,1,2
SF,IC2003,2019-12-03 09:31:31.000,4770.0000,35344,0,153521960.000,0,-,-,-,-,4769.4000,4769.2000,4769.0000,4768.8000,4768.2000,4770.8000,4771.2000,4771.4000,4771.6000,4772.0000,1,1,1,1,4,2,1,1,1,2
SF,IC2003,2019-12-03 09:31:31.500,4770.0000,35344,0,153521960.000,0,-,-,-,-,4769.2000,4769.0000,4768.8000,4768.2000,4767.8000,4770.8000,4771.2000,4771.4000,4771.6000,4772.0000,1,1,1,4,1,2,1,1,1,2
SF,IC2003,2019-12-03 09:31:32.500,4770.0000,35344,0,153521960.000,0,-,-,-,-,4769.4000,4769.2000,4769.0000,4768.8000,4768.2000,4770.8000,4771.0000,4771.4000,4771.6000,4772.0000,2,2,1,1,4,2,1,1,1,2
SF,IC2003,2019-12-03 09:31:33.000,4770.0000,35344,0,153521960.000,0,-,-,-,-,4769.6000,4769.4000,4769.2000,4769.0000,4768.8000,4770.8000,4771.0000,4771.4000,4771.6000,4772.4000,1,2,1,1,1,2,1,1,1,1
SF,IC2003,2019-12-03 09:31:33.500,4770.0000,35344,0,153521960.000,0,-,-,-,-,4769.6000,4769.4000,4769.2000,4769.0000,4768.8000,4770.8000,4771.0000,4771.4000,4771.6000,4772.4000,1,1,1,1,1,2,1,1,1,1
SF,IC2003,2019-12-03 09:31:35.000,4770.0000,35344,0,153521960.000,0,-,-,-,-,4769.6000,4769.4000,4769.2000,4769.0000,4768.8000,4770.8000,4771.0000,4771.4000,4771.6000,4772.4000,1,1,1,1,1,2,1,1,1,1
SF,IC2003,2019-12-03 09:31:35.500,4770.0000,35344,0,153521960.000,0,-,-,-,-,4769.6000,4769.4000,4769.2000,4769.0000,4768.8000,4770.6000,4770.8000,4771.0000,4771.4000,4771.6000,1,1,1,1,1,1,2,1,1,1
SF,IC2003,2019-12-03 09:31:36.000,4770.0000,35344,0,153521960.000,0,-,-,-,-,4769.6000,4769.0000,4768.8000,4768.2000,4767.8000,4770.6000,4770.8000,4771.0000,4771.4000,4771.6000,1,1,1,4,1,1,2,1,1,1
SF,IC2003,2019-12-03 09:31:37.500,4769.6000,35343,-1,154475880.000,1,0,1,双平,S,4769.0000,4768.8000,4768.2000,4767.8000,4767.4000,4769.6000,4770.6000,4771.0000,4771.4000,4771.6000,1,1,4,1,1,2,2,1,1,1
SF,IC2003,2019-12-03 09:31:38.000,4769.0000,35342,-1,155429680.000,1,0,1,双平,S,4768.8000,4768.2000,4767.8000,4767.4000,4766.4000,4769.6000,4770.6000,4771.0000,4771.4000,4771.6000,1,4,1,1,1,1,2,1,1,1
SF,IC2003,2019-12-03 09:31:38.500,4769.0000,35342,0,155429680.000,0,-,-,-,-,4769.4000,4768.8000,4768.2000,4767.8000,4767.4000,4770.6000,4771.0000,4771.4000,4771.6000,4772.4000,1,1,4,1,1,2,1,1,1,1
SF,IC2003,2019-12-03 09:31:39.000,4769.4000,35341,-1,157337440.000,2,0,2,多平,S,4768.8000,4768.2000,4767.4000,4766.4000,4766.2000,4769.4000,4770.2000,4770.4000,4770.6000,4771.0000,1,4,1,1,5,3,5,4,1,1
SF,IC2003,2019-12-03 09:31:39.500,4768.8000,35338,-3,160198720.000,3,0,3,双平,S,4768.2000,4766.4000,4766.2000,4765.8000,4765.2000,4768.8000,4769.2000,4769.4000,4770.2000,4770.4000,4,1,5,1,1,1,1,1,5,2
SF,IC2003,2019-12-03 09:31:40.000,4768.8000,35338,0,160198720.000,0,-,-,-,-,4768.2000,4766.2000,4765.8000,4765.2000,4765.0000,4768.6000,4769.0000,4769.2000,4769.4000,4770.2000,4,5,1,1,4,1,1,2,2,5
SF,IC2003,2019-12-03 09:31:40.500,4768.2000,35337,-1,161152360.000,1,0,1,双平,S,4768.2000,4766.2000,4765.8000,4765.2000,4765.0000,4768.6000,4769.0000,4769.2000,4769.4000,4770.2000,3,5,1,1,4,1,1,1,2,5
SF,IC2003,2019-12-03 09:31:41.000,4768.2000,35337,0,161152360.000,0,-,-,-,-,4768.2000,4766.2000,4765.8000,4765.2000,4765.0000,4768.4000,4768.6000,4769.0000,4769.2000,4769.4000,3,5,1,1,4,1,1,1,1,2
SF,IC2003,2019-12-03 09:31:41.500,4768.2000,35336,-1,162106000.000,1,0,1,双平,S,4768.2000,4766.2000,4765.8000,4765.2000,4765.0000,4768.4000,4768.6000,4769.0000,4769.2000,4769.4000,2,5,1,1,4,1,1,1,1,2
SF,IC2003,2019-12-03 09:31:42.000,4768.4000,35336,0,163059680.000,1,0,1,多换,S,4768.2000,4765.8000,4765.2000,4765.0000,4764.2000,4769.0000,4769.2000,4769.4000,4770.2000,4770.4000,2,1,1,4,2,1,1,2,5,1
SF,IC2003,2019-12-03 09:31:42.500,4768.4000,35336,0,163059680.000,0,-,-,-,-,4768.2000,4768.0000,4765.8000,4765.2000,4765.0000,4769.0000,4769.2000,4769.4000,4770.2000,4770.4000,2,1,1,1,4,1,1,2,5,1
SF,IC2003,2019-12-03 09:31:43.000,4768.0000,35334,-2,165920560.000,3,0,3,多平,S,4765.8000,4765.2000,4765.0000,4764.2000,4763.8000,4768.0000,4768.2000,4768.6000,4768.8000,4769.0000,1,1,4,2,1,3,1,1,6,2
SF,IC2003,2019-12-03 09:31:43.500,4768.0000,35334,0,165920560.000,0,-,-,-,-,4766.0000,4765.8000,4765.2000,4765.0000,4764.2000,4768.0000,4768.8000,4769.0000,4769.2000,4769.4000,1,1,1,4,2,2,5,1,1,1
SF,IC2003,2019-12-03 09:31:44.000,4768.0000,35334,0,165920560.000,0,-,-,-,-,4766.6000,4765.8000,4765.2000,4765.0000,4764.2000,4767.8000,4768.0000,4768.8000,4769.0000,4769.2000,1,1,1,4,2,1,2,5,1,1
SF,IC2003,2019-12-03 09:31:44.500,4768.0000,35334,0,165920560.000,0,-,-,-,-,4766.6000,4765.8000,4765.0000,4764.2000,4763.8000,4767.6000,4767.8000,4768.0000,4768.8000,4769.0000,1,1,4,2,1,1,2,1,4,1
SF,IC2003,2019-12-03 09:31:45.000,4768.0000,35334,0,165920560.000,0,-,-,-,-,4766.6000,4765.8000,4765.0000,4764.2000,4763.8000,4767.4000,4767.6000,4767.8000,4768.0000,4768.8000,1,1,4,2,1,2,4,1,1,1
SF,IC2003,2019-12-03 09:31:45.500,4768.0000,35334,0,165920560.000,0,-,-,-,-,4766.6000,4765.8000,4765.0000,4764.2000,4763.8000,4767.4000,4767.6000,4767.8000,4768.0000,4768.4000,1,1,4,2,1,3,4,1,1,1
SF,IC2003,2019-12-03 09:31:46.000,4767.4000,35333,-1,166874040.000,1,0,1,双平,S,4767.4000,4766.6000,4765.8000,4765.0000,4764.2000,4767.6000,4768.0000,4768.4000,4768.8000,4769.2000,19,1,1,4,2,1,1,1,1,1
SF,IC2003,2019-12-03 09:31:46.500,4767.6000,35327,-6,172595000.000,6,0,6,双平,S,4767.8000,4767.4000,4766.6000,4765.8000,4765.0000,4768.0000,4768.4000,4768.8000,4769.2000,4769.6000,1,15,1,1,4,1,1,1,1,1
SF,IC2003,2019-12-03 09:31:47.000,4767.6000,35320,-7,179269480.000,7,0,7,双平,S,4767.4000,4766.6000,4765.8000,4765.0000,4764.2000,4767.6000,4767.8000,4768.0000,4768.4000,4769.2000,10,1,1,4,2,3,5,1,1,1
SF,IC2003,2019-12-03 09:31:47.500,4767.4000,35320,0,180222960.000,1,0,1,多换,S,4767.4000,4766.6000,4765.8000,4765.0000,4764.2000,4767.8000,4768.0000,4769.2000,4769.6000,4770.2000,9,1,1,5,2,1,1,1,1,1
SF,IC2003,2019-12-03 09:31:48.000,4767.8000,35319,-1,182130080.000,2,0,2,多平,S,4767.4000,4766.6000,4765.8000,4765.0000,4764.2000,4768.0000,4769.2000,4769.6000,4770.2000,4770.6000,9,1,1,5,2,1,1,1,1,2
SF,IC2003,2019-12-03 09:31:48.500,4767.4000,35316,-3,184990520.000,3,0,3,双平,S,4767.4000,4766.6000,4765.8000,4765.0000,4764.2000,4767.6000,4767.8000,4768.0000,4769.2000,4769.6000,6,1,1,5,2,1,5,2,1,1
SF,IC2003,2019-12-03 09:31:49.000,4767.4000,35310,-6,190711400.000,6,0,6,双平,S,4766.6000,4765.8000,4765.0000,4764.2000,4763.8000,4767.2000,4767.4000,4767.6000,4767.8000,4768.0000,1,1,5,2,1,1,3,1,8,2
SF,IC2003,2019-12-03 09:31:49.500,4767.4000,35310,0,190711400.000,0,-,-,-,-,4766.6000,4765.8000,4765.0000,4764.2000,4763.8000,4767.6000,4767.8000,4768.0000,4769.6000,4770.2000,1,1,5,2,1,1,6,2,1,1
SF,IC2003,2019-12-03 09:31:50.000,4766.6000,35311,1,191664720.000,1,1,0,双开,S,4765.8000,4765.0000,4764.2000,4763.8000,4763.6000,4767.4000,4767.6000,4767.8000,4768.0000,4769.6000,1,5,2,1,4,2,1,6,2,1
SF,IC2003,2019-12-03 09:31:50.500,4766.6000,35311,0,191664720.000,0,-,-,-,-,4766.0000,4765.8000,4765.0000,4764.2000,4763.8000,4767.6000,4767.8000,4768.0000,4769.6000,4770.2000,3,1,5,2,1,1,5,1,1,1
SF,IC2003,2019-12-03 09:31:51.000,4766.0000,35309,-2,194524360.000,3,0,3,多平,S,4766.0000,4765.8000,4765.0000,4763.8000,4763.6000,4767.6000,4767.8000,4769.6000,4770.2000,4770.6000,1,1,5,1,4,1,5,1,1,1
SF,IC2003,2019-12-03 09:31:51.500,4766.0000,35309,0,194524360.000,0,-,-,-,-,4766.2000,4766.0000,4765.8000,4765.0000,4763.8000,4767.6000,4767.8000,4769.6000,4770.2000,4770.6000,1,1,1,5,1,1,2,1,1,1
SF,IC2003,2019-12-03 09:31:52.500,4766.0000,35309,0,194524360.000,0,-,-,-,-,4766.6000,4766.2000,4766.0000,4765.8000,4765.0000,4767.8000,4769.6000,4770.2000,4770.6000,4771.0000,1,1,1,1,5,1,1,1,1,1
SF,IC2003,2019-12-03 09:31:53.000,4766.0000,35309,0,194524360.000,0,-,-,-,-,4766.6000,4766.0000,4765.8000,4765.0000,4763.8000,4767.8000,4769.6000,4770.2000,4770.6000,4771.0000,2,1,1,5,1,1,1,1,1,1
SF,IC2003,2019-12-03 09:31:53.500,4766.0000,35309,0,194524360.000,0,-,-,-,-,4766.6000,4766.0000,4765.8000,4765.0000,4763.8000,4767.6000,4767.8000,4769.6000,4770.2000,4770.6000,2,1,1,5,1,1,1,1,1,1
SF,IC2003,2019-12-03 09:31:54.000,4767.6000,35307,-2,198338400.000,4,1,3,多平,S,4766.6000,4766.0000,4765.8000,4765.0000,4763.8000,4767.4000,4767.8000,4769.6000,4770.2000,4770.6000,2,1,1,5,1,1,1,1,1,1
SF,IC2003,2019-12-03 09:31:54.500,4767.6000,35307,0,198338400.000,0,-,-,-,-,4766.6000,4765.8000,4765.0000,4763.8000,4763.6000,4767.8000,4769.6000,4770.2000,4770.6000,4771.0000,2,1,5,1,4,1,1,1,1,1
SF,IC2003,2019-12-03 09:31:55.000,4767.6000,35307,0,198338400.000,0,-,-,-,-,4765.8000,4765.0000,4763.8000,4763.6000,4761.6000,4766.8000,4767.4000,4767.6000,4767.8000,4769.6000,1,5,1,4,4,1,2,3,1,1
SF,IC2003,2019-12-03 09:31:55.500,4767.6000,35307,0,198338400.000,0,-,-,-,-,4765.8000,4765.0000,4763.8000,4763.6000,4761.6000,4766.6000,4766.8000,4767.4000,4767.6000,4767.8000,3,5,1,4,4,2,1,2,1,1
SF,IC2003,2019-12-03 09:31:56.000,4766.6000,35306,-1,199291720.000,1,0,1,双平,S,4765.8000,4765.0000,4763.8000,4763.6000,4761.6000,4766.6000,4766.8000,4767.4000,4767.6000,4767.8000,3,5,1,4,4,1,1,2,1,1
SF,IC2003,2019-12-03 09:31:56.500,4766.6000,35305,-1,200245040.000,1,0,1,双平,S,4765.8000,4765.2000,4765.0000,4763.8000,4763.6000,4766.8000,4767.4000,4767.6000,4767.8000,4769.6000,3,1,5,1,4,1,2,1,1,1
SF,IC2003,2019-12-03 09:31:57.000,4766.6000,35305,0,200245040.000,0,-,-,-,-,4766.0000,4765.8000,4765.2000,4765.0000,4763.8000,4766.8000,4767.4000,4767.6000,4767.8000,4769.6000,1,3,1,5,1,1,2,1,1,1
SF,IC2003,2019-12-03 09:31:57.500,4766.8000,35305,0,201198400.000,1,0,1,多换,S,4766.0000,4765.8000,4765.2000,4765.0000,4763.8000,4767.4000,4767.6000,4767.8000,4768.0000,4769.6000,2,2,1,5,1,2,1,1,1,1
SF,IC2003,2019-12-03 09:31:58.000,4766.8000,35305,0,201198400.000,0,-,-,-,-,4766.2000,4766.0000,4765.8000,4765.2000,4765.0000,4767.4000,4767.6000,4767.8000,4768.0000,4769.6000,1,1,2,1,5,2,1,1,1,1
SF,IC2003,2019-12-03 09:31:59.000,4766.8000,35305,0,201198400.000,0,-,-,-,-,4766.0000,4765.8000,4765.6000,4765.2000,4765.0000,4767.2000,4767.4000,4767.6000,4767.8000,4768.0000,1,2,1,1,5,2,2,1,1,1
SF,IC2003,2019-12-03 09:31:59.500,4766.8000,35305,0,201198400.000,0,-,-,-,-,4766.0000,4765.8000,4765.2000,4765.0000,4763.8000,4767.2000,4767.4000,4767.6000,4768.0000,4768.4000,1,1,1,5,1,3,2,1,1,1
SF,IC2003,2019-12-03 09:32:00.000,4766.8000,35305,0,201198400.000,0,-,-,-,-,4765.8000,4765.2000,4765.0000,4763.8000,4763.6000,4766.6000,4767.0000,4767.2000,4767.4000,4767.6000,1,2,4,1,4,1,1,3,2,1
SF,IC2003,2019-12-03 09:32:00.500,4766.8000,35305,0,201198400.000,0,-,-,-,-,4765.8000,4765.6000,4765.2000,4765.0000,4763.8000,4766.6000,4767.0000,4767.2000,4767.4000,4767.6000,1,1,1,4,1,1,1,2,2,1
SF,IC2003,2019-12-03 09:32:01.000,4765.8000,35304,-1,203104720.000,2,0,2,多平,S,4765.2000,4765.0000,4763.8000,4763.6000,4762.2000,4766.6000,4767.0000,4767.2000,4767.4000,4767.6000,1,5,1,4,1,1,1,1,2,1
SF,IC2003,2019-12-03 09:32:01.500,4765.8000,35304,0,203104720.000,0,-,-,-,-,4765.6000,4765.4000,4765.2000,4765.0000,4763.8000,4766.6000,4767.0000,4767.2000,4767.4000,4767.6000,1,2,1,5,1,1,1,1,2,1
SF,IC2003,2019-12-03 09:32:02.000,4765.8000,35304,0,203104720.000,0,-,-,-,-,4765.8000,4765.6000,4765.4000,4765.2000,4765.0000,4766.6000,4767.0000,4767.2000,4767.4000,4767.6000,1,1,1,1,5,1,1,1,2,1
SF,IC2003,2019-12-03 09:32:02.500,4765.8000,35304,0,203104720.000,0,-,-,-,-,4765.8000,4765.2000,4765.0000,4763.8000,4763.6000,4766.6000,4767.0000,4767.4000,4767.6000,4768.0000,2,1,4,1,4,1,1,2,1,1
SF,IC2003,2019-12-03 09:32:03.000,4765.8000,35304,0,204057880.000,1,0,1,多换,S,4765.2000,4765.0000,4763.8000,4763.6000,4762.2000,4766.6000,4767.0000,4767.4000,4767.6000,4768.0000,1,4,1,4,1,1,1,2,1,1
SF,IC2003,2019-12-03 09:32:03.500,4765.8000,35304,0,204057880.000,0,-,-,-,-,4765.2000,4765.0000,4763.8000,4763.6000,4762.2000,4766.4000,4766.6000,4767.0000,4767.4000,4767.6000,2,4,1,4,1,1,1,1,2,1
SF,IC2003,2019-12-03 09:32:04.000,4765.8000,35304,0,204057880.000,0,-,-,-,-,4765.2000,4765.0000,4763.8000,4763.6000,4762.2000,4765.6000,4766.2000,4766.6000,4767.0000,4767.4000,1,4,1,4,1,1,3,1,1,1
SF,IC2003,2019-12-03 09:32:04.500,4765.2000,35304,0,205010920.000,1,0,1,多换,S,4765.0000,4763.8000,4763.6000,4762.2000,4761.6000,4765.6000,4766.2000,4767.0000,4767.4000,4768.0000,4,1,4,1,4,1,3,1,1,1
SF,IC2003,2019-12-03 09:32:05.000,4765.0000,35306,2,206916920.000,2,2,0,双开,S,4765.0000,4763.8000,4763.6000,4762.2000,4761.6000,4765.4000,4766.2000,4767.0000,4767.4000,4768.0000,2,1,4,1,4,1,1,1,1,1
SF,IC2003,2019-12-03 09:32:05.500,4765.0000,35306,0,206916920.000,0,-,-,-,-,4765.0000,4763.8000,4763.6000,4762.2000,4761.6000,4765.4000,4765.6000,4766.2000,4767.4000,4768.0000,2,1,4,1,4,1,1,1,1,1
SF,IC2003,2019-12-03 09:32:06.000,4765.4000,35306,0,207870000.000,1,0,1,多换,S,4765.0000,4763.8000,4763.6000,4762.2000,4761.6000,4766.2000,4767.4000,4768.0000,4768.4000,4769.6000,3,1,4,1,4,1,1,1,1,1
SF,IC2003,2019-12-03 09:32:06.500,4765.4000,35306,0,207870000.000,0,-,-,-,-,4765.4000,4765.0000,4763.8000,4763.6000,4762.2000,4766.2000,4767.4000,4768.0000,4768.4000,4769.6000,1,3,1,4,1,1,1,1,1,1
SF,IC2003,2019-12-03 09:32:07.000,4765.4000,35305,-1,209776320.000,2,0,2,多平,S,4765.0000,4763.8000,4763.6000,4762.2000,4761.6000,4767.4000,4768.0000,4768.4000,4769.6000,4770.6000,3,1,4,1,4,1,1,1,1,1
SF,IC2003,2019-12-03 09:32:07.500,4765.4000,35305,0,209776320.000,0,-,-,-,-,4765.0000,4763.8000,4763.6000,4762.2000,4761.6000,4767.0000,4767.2000,4767.4000,4768.0000,4768.4000,3,1,4,1,4,3,1,1,1,1
SF,IC2003,2019-12-03 09:32:08.000,4765.4000,35305,0,209776320.000,0,-,-,-,-,4765.0000,4763.8000,4763.6000,4762.2000,4761.6000,4766.8000,4767.0000,4767.2000,4767.4000,4768.0000,3,1,4,1,4,4,2,1,1,1
SF,IC2003,2019-12-03 09:32:08.500,4765.4000,35305,0,209776320.000,0,-,-,-,-,4765.0000,4763.8000,4763.6000,4762.2000,4761.6000,4766.4000,4766.6000,4766.8000,4767.0000,4767.2000,3,1,4,1,4,1,1,2,2,1
SF,IC2003,2019-12-03 09:32:09.000,4765.4000,35305,0,209776320.000,0,-,-,-,-,4765.0000,4763.8000,4763.6000,4762.2000,4761.6000,4766.6000,4766.8000,4767.0000,4767.2000,4767.4000,3,1,4,1,4,2,1,2,1,1
SF,IC2003,2019-12-03 09:32:09.500,4766.0000,35306,1,210729520.000,1,1,0,双开,S,4765.0000,4763.8000,4763.6000,4762.2000,4761.6000,4766.6000,4766.8000,4767.0000,4767.2000,4767.4000,3,1,4,1,4,2,1,2,1,1
SF,IC2003,2019-12-03 09:32:10.000,4766.0000,35306,0,210729520.000,0,-,-,-,-,4765.0000,4763.8000,4763.6000,4762.2000,4761.6000,4766.4000,4766.6000,4766.8000,4767.0000,4767.2000,4,1,4,1,4,1,2,1,2,1
SF,IC2003,2019-12-03 09:32:10.500,4766.0000,35306,0,210729520.000,0,-,-,-,-,4765.0000,4763.8000,4763.6000,4762.2000,4761.6000,4766.4000,4766.6000,4766.8000,4767.0000,4767.2000,4,1,4,1,4,1,2,1,2,1
SF,IC2003,2019-12-03 09:32:11.500,4766.0000,35306,0,210729520.000,0,-,-,-,-,4765.2000,4765.0000,4763.8000,4763.6000,4762.2000,4765.8000,4766.8000,4767.0000,4767.2000,4767.4000,1,4,1,4,1,1,1,2,1,1
SF,IC2003,2019-12-03 09:32:12.000,4765.8000,35306,0,211682680.000,1,0,1,多换,S,4765.8000,4765.4000,4765.2000,4765.0000,4763.8000,4766.8000,4767.4000,4768.0000,4768.4000,4769.6000,3,1,1,4,1,1,1,1,1,1
SF,IC2003,2019-12-03 09:32:12.500,4765.8000,35306,0,211682680.000,0,-,-,-,-,4765.8000,4765.2000,4765.0000,4763.8000,4763.6000,4767.4000,4768.0000,4768.4000,4769.6000,4770.6000,3,1,4,1,4,1,1,1,1,1
SF,IC2003,2019-12-03 09:32:13.000,4765.8000,35306,0,211682680.000,0,-,-,-,-,4765.8000,4765.2000,4765.0000,4763.8000,4763.6000,4767.4000,4768.0000,4768.4000,4769.6000,4770.6000,4,1,3,1,4,1,1,1,1,1
SF,IC2003,2019-12-03 09:32:13.500,4765.8000,35306,0,211682680.000,0,-,-,-,-,4765.8000,4765.2000,4765.0000,4763.8000,4763.6000,4767.4000,4768.0000,4768.4000,4769.6000,4770.6000,4,1,3,1,4,2,1,1,1,1
SF,IC2003,2019-12-03 09:32:14.000,4765.8000,35306,0,211682680.000,0,-,-,-,-,4765.8000,4765.2000,4765.0000,4763.8000,4763.6000,4767.4000,4768.0000,4768.4000,4769.6000,4770.6000,4,1,3,1,4,1,1,1,1,1
SF,IC2003,2019-12-03 09:32:15.000,4767.4000,35306,0,212636160.000,1,0,1,多换,S,4765.8000,4765.2000,4765.0000,4763.8000,4763.6000,4768.0000,4768.4000,4769.6000,4770.6000,4771.0000,4,1,3,1,4,1,1,1,1,1
SF,IC2003,2019-12-03 09:32:15.500,4767.4000,35306,0,212636160.000,0,-,-,-,-,4765.8000,4765.2000,4765.0000,4763.8000,4763.6000,4767.8000,4768.0000,4768.4000,4769.6000,4770.6000,4,1,3,1,4,2,1,1,1,1
SF,IC2003,2019-12-03 09:32:16.000,4767.4000,35306,0,212636160.000,0,-,-,-,-,4766.2000,4766.0000,4765.8000,4765.4000,4765.2000,4767.8000,4768.0000,4768.4000,4769.6000,4770.6000,1,2,4,1,1,1,1,1,1,1
SF,IC2003,2019-12-03 09:32:16.500,4767.4000,35306,0,212636160.000,0,-,-,-,-,4766.4000,4766.0000,4765.8000,4765.4000,4765.0000,4767.8000,4768.0000,4769.6000,4770.6000,4771.0000,2,1,3,1,3,1,1,1,1,1
SF,IC2003,2019-12-03 09:32:17.000,4767.4000,35306,0,212636160.000,0,-,-,-,-,4766.4000,4766.0000,4765.8000,4765.4000,4765.0000,4768.0000,4769.6000,4770.6000,4771.0000,4771.2000,2,1,3,1,3,1,1,1,1,1
SF,IC2003,2019-12-03 09:32:17.500,4766.6000,35305,-1,213589480.000,1,0,1,双平,S,4766.4000,4766.0000,4765.8000,4765.4000,4765.0000,4768.0000,4769.6000,4770.6000,4771.0000,4771.2000,2,1,3,1,3,1,1,1,1,1
SF,IC2003,2019-12-03 09:32:19.000,4766.6000,35305,0,213589480.000,0,-,-,-,-,4766.6000,4766.4000,4766.0000,4765.8000,4765.4000,4768.0000,4769.6000,4770.6000,4771.0000,4771.2000,1,2,1,3,1,1,1,1,1,1
SF,IC2003,2019-12-03 09:32:19.500,4766.6000,35305,0,213589480.000,0,-,-,-,-,4766.8000,4766.6000,4766.0000,4765.4000,4765.0000,4768.0000,4769.6000,4770.6000,4771.0000,4771.2000,1,1,1,1,2,1,1,1,1,1
SF,IC2003,2019-12-03 09:32:21.000,4766.6000,35305,0,214542800.000,1,0,1,多换,S,4766.6000,4766.0000,4765.4000,4765.0000,4763.8000,4767.8000,4768.0000,4769.6000,4770.6000,4771.0000,1,1,1,2,1,1,1,1,1,1
SF,IC2003,2019-12-03 09:32:21.500,4767.6000,35305,0,215496320.000,1,0,1,多换,S,4766.0000,4765.4000,4765.0000,4763.8000,4763.6000,4767.6000,4767.8000,4768.0000,4769.6000,4770.6000,1,1,2,1,4,1,2,1,1,1
SF,IC2003,2019-12-03 09:32:22.000,4767.6000,35305,0,215496320.000,0,-,-,-,-,4766.0000,4765.4000,4765.0000,4763.8000,4763.6000,4767.8000,4768.0000,4769.6000,4770.6000,4771.0000,2,1,2,1,4,2,1,1,1,1
SF,IC2003,2019-12-03 09:32:22.500,4767.6000,35305,0,215496320.000,0,-,-,-,-,4766.0000,4765.4000,4765.0000,4763.8000,4763.6000,4767.4000,4767.6000,4767.8000,4768.0000,4769.6000,2,1,2,1,4,1,2,2,1,1
SF,IC2003,2019-12-03 09:32:23.000,4767.6000,35305,0,215496320.000,0,-,-,-,-,4766.2000,4766.0000,4765.4000,4765.0000,4763.8000,4767.6000,4767.8000,4768.0000,4769.6000,4770.6000,1,2,1,2,1,2,2,1,1,1
SF,IC2003,2019-12-03 09:32:23.500,4767.6000,35305,0,215496320.000,0,-,-,-,-,4766.2000,4766.0000,4765.4000,4765.0000,4763.8000,4767.4000,4767.6000,4767.8000,4768.0000,4769.6000,1,1,1,2,1,1,1,2,1,1
SF,IC2003,2019-12-03 09:32:24.000,4767.6000,35305,0,215496320.000,0,-,-,-,-,4766.0000,4765.4000,4765.0000,4763.8000,4763.6000,4767.6000,4767.8000,4768.0000,4769.6000,4770.0000,1,1,2,1,4,1,2,1,1,1
SF,IC2003,2019-12-03 09:32:24.500,4767.6000,35305,0,215496320.000,0,-,-,-,-,4765.4000,4765.0000,4763.8000,4763.6000,4762.2000,4767.4000,4767.6000,4767.8000,4768.0000,4769.6000,1,2,1,4,1,4,1,1,1,1
SF,IC2003,2019-12-03 09:32:25.000,4767.6000,35305,0,215496320.000,0,-,-,-,-,4765.4000,4765.0000,4763.8000,4763.6000,4762.2000,4767.0000,4767.2000,4767.4000,4767.8000,4768.0000,1,2,1,4,1,1,3,4,1,1
SF,IC2003,2019-12-03 09:32:25.500,4767.6000,35305,0,215496320.000,0,-,-,-,-,4765.4000,4765.0000,4763.8000,4763.6000,4762.2000,4766.8000,4767.0000,4767.2000,4767.4000,4767.8000,1,2,1,4,1,1,1,3,2,1
SF,IC2003,2019-12-03 09:32:26.000,4767.6000,35305,0,215496320.000,0,-,-,-,-,4765.4000,4765.0000,4763.8000,4763.6000,4762.2000,4766.6000,4767.0000,4767.2000,4767.4000,4767.8000,1,2,1,4,1,1,1,3,2,1
SF,IC2003,2019-12-03 09:32:26.500,4767.6000,35305,0,215496320.000,0,-,-,-,-,4765.4000,4765.0000,4763.8000,4763.6000,4762.2000,4767.0000,4767.2000,4767.4000,4767.8000,4768.0000,1,2,1,4,1,1,2,2,1,1
SF,IC2003,2019-12-03 09:32:27.000,4767.6000,35305,0,215496320.000,0,-,-,-,-,4765.4000,4765.0000,4763.8000,4763.6000,4762.2000,4766.8000,4767.0000,4767.2000,4767.4000,4768.0000,1,2,1,4,1,2,2,2,1,1
SF,IC2003,2019-12-03 09:32:27.500,4767.6000,35305,0,215496320.000,0,-,-,-,-,4765.4000,4765.0000,4763.8000,4763.6000,4762.2000,4766.6000,4766.8000,4767.0000,4767.2000,4767.4000,1,2,1,4,1,1,1,2,2,1
SF,IC2003,2019-12-03 09:32:28.000,4766.6000,35304,-1,216449640.000,1,0,1,双平,S,4765.6000,4765.4000,4765.0000,4763.8000,4763.6000,4767.0000,4767.2000,4767.4000,4768.0000,4768.2000,1,1,2,1,4,1,2,1,1,1
SF,IC2003,2019-12-03 09:32:28.500,4766.6000,35304,0,216449640.000,0,-,-,-,-,4765.8000,4765.0000,4763.8000,4763.6000,4762.2000,4767.2000,4768.0000,4768.2000,4769.6000,4770.0000,1,2,1,4,1,1,1,1,1,1
SF,IC2003,2019-12-03 09:32:29.000,4766.6000,35304,0,216449640.000,0,-,-,-,-,4765.8000,4765.0000,4763.8000,4763.6000,4762.2000,4767.2000,4768.0000,4768.2000,4769.6000,4770.0000,1,3,1,4,1,1,1,1,1,1
SF,IC2003,2019-12-03 09:32:30.000,4766.6000,35304,0,216449640.000,0,-,-,-,-,4766.0000,4765.8000,4765.0000,4763.8000,4763.6000,4767.2000,4768.0000,4768.2000,4769.6000,4770.0000,1,1,3,1,4,1,1,1,1,1
SF,IC2003,2019-12-03 09:32:30.500,4766.6000,35304,0,216449640.000,0,-,-,-,-,4766.2000,4766.0000,4765.0000,4763.8000,4763.6000,4767.2000,4768.0000,4769.6000,4770.0000,4770.6000,1,1,3,1,4,1,1,1,1,1
SF,IC2003,2019-12-03 09:32:31.000,4766.6000,35304,0,216449640.000,0,-,-,-,-,4766.2000,4766.0000,4765.0000,4763.8000,4763.6000,4767.2000,4768.0000,4769.6000,4770.0000,4770.6000,1,1,3,1,4,1,1,1,1,1
SF,IC2003,2019-12-03 09:32:31.500,4766.6000,35304,0,216449640.000,0,-,-,-,-,4766.2000,4766.0000,4765.0000,4763.8000,4763.6000,4767.2000,4768.0000,4769.6000,4770.0000,4770.6000,1,1,3,1,4,1,1,1,1,1
SF,IC2003,2019-12-03 09:32:32.000,4766.6000,35304,0,216449640.000,0,-,-,-,-,4766.2000,4766.0000,4765.0000,4763.8000,4763.6000,4766.8000,4767.2000,4768.0000,4769.6000,4770.0000,2,1,3,1,4,1,1,1,1,1
SF,IC2003,2019-12-03 09:32:32.500,4766.2000,35302,-2,218356240.000,2,0,2,双平,S,4766.2000,4766.0000,4765.0000,4763.8000,4763.6000,4767.2000,4768.0000,4769.6000,4770.0000,4770.6000,1,1,3,1,4,1,1,1,1,1
SF,IC2003,2019-12-03 09:32:33.000,4766.2000,35302,0,218356240.000,0,-,-,-,-,4767.0000,4766.2000,4766.0000,4765.0000,4763.8000,4768.0000,4769.6000,4770.0000,4770.6000,4771.0000,1,1,1,3,1,1,1,1,1,1
SF,IC2003,2019-12-03 09:32:33.500,4766.2000,35302,0,218356240.000,0,-,-,-,-,4767.0000,4766.2000,4766.0000,4765.0000,4763.8000,4768.0000,4769.6000,4770.0000,4770.6000,4771.0000,1,1,1,3,1,2,1,1,1,1
SF,IC2003,2019-12-03 09:32:34.000,4766.2000,35302,0,218356240.000,0,-,-,-,-,4766.2000,4766.0000,4765.0000,4763.8000,4763.6000,4768.0000,4769.6000,4770.0000,4770.6000,4771.0000,1,1,3,1,4,2,1,1,1,1
SF,IC2003,2019-12-03 09:32:34.500,4766.2000,35302,0,218356240.000,0,-,-,-,-,4766.6000,4766.2000,4766.0000,4765.0000,4763.8000,4768.0000,4769.6000,4770.0000,4770.6000,4771.0000,1,2,1,3,1,2,1,1,1,1
SF,IC2003,2019-12-03 09:32:35.000,4766.2000,35302,0,218356240.000,0,-,-,-,-,4766.6000,4766.2000,4766.0000,4765.0000,4763.8000,4768.0000,4769.6000,4770.0000,4770.6000,4771.0000,1,1,1,3,1,2,1,1,1,1
SF,IC2003,2019-12-03 09:32:35.500,4766.2000,35302,0,218356240.000,0,-,-,-,-,4766.8000,4766.6000,4766.2000,4765.0000,4763.8000,4768.0000,4769.6000,4770.0000,4770.6000,4771.0000,2,1,1,3,1,1,1,1,1,1
SF,IC2003,2019-12-03 09:32:36.000,4766.2000,35302,0,218356240.000,0,-,-,-,-,4766.8000,4766.6000,4766.2000,4765.0000,4763.8000,4768.0000,4769.6000,4770.0000,4770.6000,4771.0000,1,1,1,3,1,1,1,1,1,1
SF,IC2003,2019-12-03 09:32:36.500,4766.2000,35302,0,218356240.000,0,-,-,-,-,4766.8000,4766.6000,4766.2000,4765.0000,4763.8000,4768.0000,4769.6000,4770.0000,4770.6000,4771.0000,1,1,1,3,1,1,1,1,1,1
SF,IC2003,2019-12-03 09:32:37.000,4766.2000,35302,0,218356240.000,0,-,-,-,-,4766.8000,4766.6000,4766.2000,4765.0000,4763.8000,4768.0000,4769.6000,4770.0000,4770.6000,4771.0000,1,1,1,3,1,1,1,1,1,1
SF,IC2003,2019-12-03 09:32:38.000,4766.2000,35302,0,218356240.000,0,-,-,-,-,4767.0000,4766.8000,4766.6000,4766.2000,4765.4000,4768.0000,4769.6000,4770.0000,4770.6000,4771.0000,1,1,1,1,1,1,1,1,1,1
SF,IC2003,2019-12-03 09:32:38.500,4767.0000,35302,0,219309640.000,1,0,1,多换,S,4766.8000,4766.6000,4766.2000,4765.4000,4765.0000,4768.0000,4769.6000,4770.0000,4770.6000,4771.0000,1,1,1,1,3,1,1,1,1,1
SF,IC2003,2019-12-03 09:32:39.000,4768.0000,35301,-1,220263240.000,1,0,1,双平,S,4768.0000,4767.0000,4766.6000,4766.2000,4765.4000,4770.0000,4770.6000,4771.0000,4771.2000,4772.4000,8,3,1,1,1,1,1,1,1,1
SF,IC2003,2019-12-03 09:32:39.500,4768.0000,35301,0,220263240.000,0,-,-,-,-,4768.2000,4768.0000,4767.0000,4766.6000,4766.2000,4769.8000,4770.0000,4770.6000,4771.0000,4771.2000,1,3,2,1,1,2,1,1,1,1
SF,IC2003,2019-12-03 09:32:40.000,4768.0000,35301,0,220263240.000,0,-,-,-,-,4768.0000,4767.0000,4766.6000,4766.2000,4765.4000,4769.8000,4770.0000,4770.6000,4771.0000,4771.2000,3,2,1,1,1,2,1,1,1,1
SF,IC2003,2019-12-03 09:32:40.500,4768.0000,35301,0,220263240.000,0,-,-,-,-,4768.4000,4768.2000,4768.0000,4767.0000,4766.6000,4769.8000,4770.0000,4770.6000,4771.0000,4771.2000,1,1,3,2,1,1,1,1,1,1
SF,IC2003,2019-12-03 09:32:41.000,4768.0000,35301,0,220263240.000,0,-,-,-,-,4768.0000,4767.0000,4766.6000,4766.2000,4765.4000,4769.8000,4770.0000,4770.6000,4771.0000,4771.2000,3,2,1,1,1,1,1,1,1,1
SF,IC2003,2019-12-03 09:32:42.500,4768.0000,35301,0,220263240.000,0,-,-,-,-,4768.4000,4768.0000,4767.0000,4766.6000,4766.2000,4769.8000,4770.0000,4770.6000,4771.0000,4771.2000,1,3,2,1,1,1,1,1,1,1
SF,IC2003,2019-12-03 09:32:43.000,4769.8000,35300,-1,221217200.000,1,0,1,双平,S,4769.8000,4768.0000,4767.0000,4766.6000,4766.4000,4770.0000,4770.6000,4771.0000,4771.2000,4772.4000,19,3,2,1,1,1,1,1,1,1
SF,IC2003,2019-12-03 09:32:43.500,4769.8000,35292,-8,230756800.000,10,1,9,多平,S,4769.8000,4768.0000,4767.0000,4766.6000,4766.4000,4770.0000,4770.6000,4771.0000,4771.2000,4772.4000,9,3,2,1,1,3,1,1,1,1
SF,IC2003,2019-12-03 09:32:44.000,4769.8000,35287,-5,235526600.000,5,0,5,双平,S,4769.8000,4768.0000,4767.0000,4766.6000,4766.4000,4770.0000,4770.6000,4771.0000,4771.2000,4772.4000,4,1,2,1,1,3,1,1,1,1
SF,IC2003,2019-12-03 09:32:44.500,4769.8000,35287,0,238388480.000,3,1,2,多换,S,4769.8000,4768.0000,4767.0000,4766.6000,4766.4000,4770.0000,4770.6000,4771.0000,4771.2000,4771.4000,1,1,2,1,1,1,1,1,1,2
SF,IC2003,2019-12-03 09:32:45.000,4769.8000,35287,0,240296400.000,2,1,1,多换,S,4768.0000,4767.0000,4766.6000,4766.4000,4766.2000,4770.0000,4770.6000,4771.0000,4771.2000,4771.4000,1,2,1,1,1,2,1,1,1,2
SF,IC2003,2019-12-03 09:32:45.500,4769.8000,35287,0,240296400.000,0,-,-,-,-,4768.2000,4768.0000,4767.0000,4766.6000,4766.4000,4770.0000,4770.6000,4771.0000,4771.2000,4771.4000,4,1,1,1,1,2,1,1,1,2
SF,IC2003,2019-12-03 09:32:46.000,4769.8000,35287,0,240296400.000,0,-,-,-,-,4768.6000,4768.2000,4768.0000,4767.0000,4766.6000,4770.0000,4770.6000,4771.0000,4771.2000,4771.4000,1,3,1,1,1,2,1,1,1,2
SF,IC2003,2019-12-03 09:32:46.500,4770.0000,35285,-2,242204400.000,2,0,2,双平,S,4768.8000,4768.6000,4768.2000,4768.0000,4767.0000,4770.6000,4771.0000,4771.2000,4771.4000,4772.4000,2,1,1,1,1,1,1,1,2,1
SF,IC2003,2019-12-03 09:32:47.000,4770.0000,35285,0,242204400.000,0,-,-,-,-,4769.0000,4768.2000,4768.0000,4767.0000,4766.6000,4769.8000,4770.2000,4770.4000,4770.6000,4771.0000,1,1,1,1,1,3,4,2,1,1
SF,IC2003,2019-12-03 09:32:47.500,4770.0000,35285,0,242204400.000,0,-,-,-,-,4768.2000,4768.0000,4767.0000,4766.6000,4766.4000,4770.2000,4770.4000,4770.6000,4771.0000,4771.2000,1,1,1,1,1,2,2,1,1,1
SF,IC2003,2019-12-03 09:32:48.000,4770.0000,35285,0,242204400.000,0,-,-,-,-,4768.4000,4768.2000,4768.0000,4767.0000,4766.6000,4770.0000,4770.2000,4770.4000,4770.6000,4771.0000,1,1,1,1,1,1,2,2,1,1
SF,IC2003,2019-12-03 09:32:48.500,4770.0000,35285,0,242204400.000,0,-,-,-,-,4768.2000,4768.0000,4767.0000,4766.6000,4766.4000,4770.2000,4770.4000,4770.6000,4771.0000,4771.2000,1,1,1,1,1,2,2,1,1,1
SF,IC2003,2019-12-03 09:32:49.000,4770.0000,35285,0,242204400.000,0,-,-,-,-,4768.4000,4768.2000,4768.0000,4767.0000,4766.6000,4770.2000,4770.4000,4770.6000,4771.0000,4771.2000,2,1,1,1,1,1,2,1,1,1
SF,IC2003,2019-12-03 09:32:49.500,4770.0000,35285,0,242204400.000,0,-,-,-,-,4768.6000,4768.4000,4768.0000,4767.0000,4766.6000,4770.2000,4770.4000,4770.6000,4771.0000,4771.2000,1,1,1,1,1,1,2,1,1,1
SF,IC2003,2019-12-03 09:32:50.000,4770.0000,35285,0,242204400.000,0,-,-,-,-,4768.6000,4768.0000,4767.0000,4766.6000,4766.4000,4769.8000,4770.0000,4770.2000,4770.4000,4770.6000,1,1,1,1,1,1,2,1,2,1
SF,IC2003,2019-12-03 09:32:50.500,4770.0000,35285,0,242204400.000,0,-,-,-,-,4768.8000,4768.6000,4768.0000,4767.0000,4766.6000,4770.0000,4770.2000,4770.4000,4770.6000,4771.0000,1,1,1,1,1,1,1,2,1,1
SF,IC2003,2019-12-03 09:32:51.000,4770.0000,35285,0,242204400.000,0,-,-,-,-,4768.6000,4768.0000,4767.8000,4767.0000,4766.6000,4770.0000,4770.2000,4770.4000,4770.6000,4771.0000,1,1,1,1,1,1,1,2,1,1
SF,IC2003,2019-12-03 09:32:51.500,4770.0000,35285,0,242204400.000,0,-,-,-,-,4768.6000,4768.0000,4767.8000,4767.0000,4766.6000,4770.0000,4770.2000,4770.4000,4770.6000,4771.0000,1,1,1,1,1,1,1,1,1,1
SF,IC2003,2019-12-03 09:32:52.500,4770.0000,35285,0,242204400.000,0,-,-,-,-,4768.6000,4768.2000,4768.0000,4767.8000,4767.0000,4770.0000,4770.2000,4770.4000,4770.6000,4771.0000,1,2,1,1,1,1,1,1,1,1
SF,IC2003,2019-12-03 09:32:53.000,4770.0000,35285,0,242204400.000,0,-,-,-,-,4768.8000,4768.6000,4768.2000,4767.8000,4767.0000,4770.0000,4770.2000,4770.6000,4771.0000,4771.2000,2,1,2,1,1,1,1,1,1,1
SF,IC2003,2019-12-03 09:32:53.500,4770.0000,35285,0,242204400.000,0,-,-,-,-,4769.0000,4768.8000,4768.2000,4767.8000,4767.0000,4770.0000,4770.2000,4770.6000,4771.0000,4771.2000,1,1,2,1,1,1,1,1,1,1
SF,IC2003,2019-12-03 09:32:57.500,4770.0000,35285,0,242204400.000,0,-,-,-,-,4769.0000,4768.8000,4768.2000,4767.8000,4767.0000,4769.8000,4770.0000,4770.2000,4770.6000,4771.0000,1,1,2,1,1,1,1,1,1,1
SF,IC2003,2019-12-03 09:32:58.000,4770.0000,35285,0,242204400.000,0,-,-,-,-,4769.0000,4768.2000,4767.8000,4767.0000,4766.6000,4769.6000,4769.8000,4770.0000,4770.2000,4770.6000,1,2,1,1,1,1,1,2,1,1
SF,IC2003,2019-12-03 09:32:58.500,4770.0000,35285,0,242204400.000,0,-,-,-,-,4768.2000,4767.8000,4767.0000,4766.6000,4766.4000,4769.8000,4770.0000,4770.2000,4770.6000,4771.0000,2,1,1,1,1,1,2,1,1,1
SF,IC2003,2019-12-03 09:32:59.000,4770.0000,35285,0,242204400.000,0,-,-,-,-,4768.2000,4767.0000,4766.6000,4766.4000,4766.2000,4769.6000,4769.8000,4770.0000,4770.2000,4770.6000,2,1,1,1,1,1,2,2,1,1
SF,IC2003,2019-12-03 09:32:59.500,4769.6000,35284,-1,243158320.000,1,0,1,双平,S,4768.2000,4766.6000,4766.4000,4766.2000,4765.6000,4769.4000,4769.6000,4769.8000,4770.0000,4770.2000,2,1,1,1,1,1,2,2,3,1
SF,IC2003,2019-12-03 09:33:00.000,4769.6000,35284,0,243158320.000,0,-,-,-,-,4768.2000,4766.6000,4766.4000,4766.2000,4765.6000,4769.0000,4769.2000,4769.6000,4769.8000,4770.0000,3,1,1,1,1,1,1,2,2,2
SF,IC2003,2019-12-03 09:33:00.500,4769.6000,35284,0,243158320.000,0,-,-,-,-,4768.2000,4766.6000,4766.4000,4766.2000,4765.6000,4769.0000,4769.6000,4769.8000,4770.0000,4770.2000,3,1,1,1,1,1,2,2,2,1
SF,IC2003,2019-12-03 09:33:01.500,4768.2000,35284,0,245065760.000,2,1,1,多换,S,4768.2000,4766.6000,4766.4000,4765.6000,4765.4000,4769.6000,4769.8000,4770.0000,4770.2000,4770.6000,2,1,1,1,1,2,2,2,1,1
SF,IC2003,2019-12-03 09:33:02.000,4768.2000,35284,0,245065760.000,0,-,-,-,-,4768.2000,4766.6000,4766.4000,4765.6000,4765.4000,4769.8000,4770.0000,4770.2000,4770.6000,4771.0000,3,1,1,1,1,1,2,1,1,1
SF,IC2003,2019-12-03 09:33:02.500,4768.2000,35284,0,245065760.000,0,-,-,-,-,4768.2000,4766.6000,4766.4000,4765.6000,4765.4000,4769.4000,4769.6000,4769.8000,4770.0000,4770.2000,3,1,1,1,1,2,3,1,2,1
SF,IC2003,2019-12-03 09:33:03.000,4768.2000,35284,0,245065760.000,0,-,-,-,-,4768.2000,4766.6000,4766.4000,4765.6000,4765.4000,4769.6000,4769.8000,4770.0000,4770.2000,4770.6000,3,1,1,1,1,2,1,2,1,1
SF,IC2003,2019-12-03 09:33:03.500,4768.2000,35284,0,245065760.000,0,-,-,-,-,4769.6000,4768.4000,4768.2000,4766.6000,4766.4000,4769.8000,4770.0000,4770.2000,4770.6000,4771.0000,1,1,3,1,1,1,2,1,1,1
SF,IC2003,2019-12-03 09:33:04.000,4769.6000,35283,-1,246019680.000,1,0,1,双平,S,4768.2000,4766.6000,4766.4000,4765.6000,4765.4000,4769.4000,4769.6000,4769.8000,4770.0000,4770.2000,3,1,1,1,1,1,4,2,2,1
SF,IC2003,2019-12-03 09:33:04.500,4769.6000,35283,0,246019680.000,0,-,-,-,-,4768.2000,4766.6000,4766.4000,4765.6000,4765.4000,4769.6000,4769.8000,4770.0000,4770.2000,4770.6000,3,1,1,1,1,1,1,2,1,1
SF,IC2003,2019-12-03 09:33:06.500,4769.6000,35283,0,246019680.000,0,-,-,-,-,4768.2000,4766.6000,4766.4000,4765.6000,4765.4000,4769.6000,4769.8000,4770.0000,4770.2000,4770.6000,3,1,1,1,1,1,1,2,1,1
SF,IC2003,2019-12-03 09:33:07.000,4769.6000,35283,0,246019680.000,0,-,-,-,-,4768.2000,4766.4000,4765.6000,4765.4000,4765.0000,4769.4000,4769.6000,4769.8000,4770.0000,4770.2000,3,1,1,1,2,1,1,1,2,1
SF,IC2003,2019-12-03 09:33:08.500,4769.6000,35283,0,246019680.000,0,-,-,-,-,4768.2000,4766.4000,4765.6000,4765.4000,4765.0000,4769.4000,4769.6000,4769.8000,4770.0000,4770.2000,3,1,1,1,2,1,1,1,2,1
SF,IC2003,2019-12-03 09:33:09.000,4769.6000,35283,0,246019680.000,0,-,-,-,-,4768.2000,4766.4000,4765.6000,4765.4000,4765.0000,4769.6000,4769.8000,4770.0000,4770.2000,4770.6000,3,1,1,1,2,1,1,2,1,1
SF,IC2003,2019-12-03 09:33:10.000,4769.6000,35283,0,246019680.000,0,-,-,-,-,4768.2000,4766.4000,4765.6000,4765.4000,4765.0000,4769.0000,4769.8000,4770.0000,4770.2000,4770.6000,4,1,1,1,2,1,1,2,1,1
SF,IC2003,2019-12-03 09:33:11.000,4769.0000,35283,0,246973480.000,1,0,1,多换,S,4769.0000,4768.2000,4766.4000,4765.6000,4765.4000,4769.8000,4770.0000,4770.2000,4770.6000,4771.0000,1,4,1,1,1,1,2,1,1,1
SF,IC2003,2019-12-03 09:33:11.500,4769.0000,35284,1,247927280.000,1,1,0,双开,S,4768.2000,4766.4000,4765.6000,4765.4000,4765.0000,4769.4000,4769.8000,4770.0000,4770.2000,4770.6000,4,1,1,1,2,2,1,2,1,1
SF,IC2003,2019-12-03 09:33:12.000,4769.0000,35284,0,247927280.000,0,-,-,-,-,4768.2000,4766.4000,4765.6000,4765.4000,4765.0000,4769.6000,4769.8000,4770.0000,4770.2000,4770.6000,4,1,1,1,2,2,1,2,1,1
SF,IC2003,2019-12-03 09:33:12.500,4769.2000,35285,1,248881120.000,1,1,0,双开,S,4768.2000,4766.4000,4765.6000,4765.4000,4765.0000,4769.6000,4769.8000,4770.0000,4770.2000,4770.6000,4,1,1,1,2,2,1,2,1,1
SF,IC2003,2019-12-03 09:33:13.500,4769.2000,35285,0,248881120.000,0,-,-,-,-,4768.2000,4766.4000,4765.6000,4765.4000,4765.0000,4769.6000,4769.8000,4770.0000,4770.2000,4770.6000,4,1,1,1,2,2,1,2,1,1
SF,IC2003,2019-12-03 09:33:14.000,4769.2000,35285,0,248881120.000,0,-,-,-,-,4768.2000,4767.6000,4766.4000,4765.6000,4765.4000,4769.6000,4769.8000,4770.0000,4770.2000,4771.0000,4,1,1,1,1,2,1,2,1,1
SF,IC2003,2019-12-03 09:33:15.000,4768.2000,35286,1,250788680.000,2,1,1,空开,S,4768.2000,4767.6000,4766.4000,4765.6000,4765.4000,4769.4000,4769.6000,4769.8000,4770.0000,4770.2000,3,1,1,1,1,1,1,1,2,1
SF,IC2003,2019-12-03 09:33:15.500,4768.2000,35286,0,250788680.000,0,-,-,-,-,4768.2000,4767.6000,4766.4000,4765.6000,4765.4000,4768.8000,4769.0000,4769.2000,4769.4000,4769.6000,3,1,1,1,1,2,1,1,1,1
SF,IC2003,2019-12-03 09:33:16.000,4768.4000,35286,0,251742360.000,1,0,1,多换,S,4768.2000,4767.6000,4766.4000,4765.6000,4765.4000,4768.6000,4769.0000,4769.4000,4769.8000,4770.0000,2,1,1,1,1,2,1,1,1,3
SF,IC2003,2019-12-03 09:33:16.500,4768.4000,35286,0,251742360.000,0,-,-,-,-,4768.2000,4767.6000,4766.4000,4765.6000,4765.4000,4769.0000,4769.4000,4769.8000,4770.0000,4770.2000,2,1,1,1,1,1,1,1,3,1
SF,IC2003,2019-12-03 09:33:17.000,4768.2000,35284,-2,253649640.000,2,0,2,双平,S,4767.6000,4766.4000,4765.6000,4765.4000,4765.0000,4768.0000,4768.2000,4768.4000,4768.8000,4769.0000,1,1,1,1,2,1,1,1,2,1
SF,IC2003,2019-12-03 09:33:17.500,4768.2000,35284,0,253649640.000,0,-,-,-,-,4767.6000,4766.4000,4765.6000,4765.4000,4765.0000,4767.8000,4768.2000,4768.8000,4769.0000,4769.4000,3,1,1,1,2,1,1,1,1,1
SF,IC2003,2019-12-03 09:33:18.000,4768.2000,35285,1,255556840.000,2,1,1,空开,S,4767.6000,4766.4000,4765.6000,4765.4000,4765.0000,4768.8000,4769.0000,4769.4000,4769.8000,4770.0000,3,1,1,1,2,1,1,1,1,3
SF,IC2003,2019-12-03 09:33:18.500,4768.2000,35285,0,255556840.000,0,-,-,-,-,4767.8000,4767.6000,4766.4000,4765.6000,4765.4000,4768.8000,4769.0000,4769.4000,4769.8000,4770.0000,1,3,1,1,1,1,1,1,1,3
SF,IC2003,2019-12-03 09:33:19.000,4767.8000,35286,1,256510400.000,1,1,0,双开,S,4767.6000,4766.4000,4765.6000,4765.4000,4765.0000,4768.4000,4768.8000,4769.0000,4769.4000,4769.8000,3,1,1,1,2,1,1,1,1,1
SF,IC2003,2019-12-03 09:33:19.500,4767.8000,35286,0,256510400.000,0,-,-,-,-,4767.6000,4766.4000,4765.6000,4765.4000,4765.0000,4768.6000,4768.8000,4769.0000,4769.4000,4769.8000,4,1,1,1,2,1,1,1,1,1
SF,IC2003,2019-12-03 09:33:20.000,4767.8000,35286,0,256510400.000,0,-,-,-,-,4767.6000,4766.4000,4765.6000,4765.4000,4765.0000,4768.6000,4768.8000,4769.0000,4769.4000,4769.8000,3,1,1,1,2,1,1,1,1,1
SF,IC2003,2019-12-03 09:33:20.500,4767.8000,35286,0,256510400.000,0,-,-,-,-,4767.8000,4767.6000,4766.4000,4765.6000,4765.4000,4768.0000,4768.2000,4768.6000,4768.8000,4769.0000,1,3,1,1,1,1,2,1,1,1
SF,IC2003,2019-12-03 09:33:21.000,4767.8000,35285,-1,257463960.000,1,0,1,双平,S,4767.8000,4767.6000,4766.4000,4765.6000,4765.4000,4768.2000,4768.6000,4768.8000,4769.0000,4769.4000,1,3,1,1,1,1,1,1,1,1
SF,IC2003,2019-12-03 09:33:21.500,4767.8000,35285,0,258417520.000,1,0,1,多换,S,4767.6000,4766.4000,4765.6000,4765.4000,4765.0000,4768.2000,4768.6000,4768.8000,4769.0000,4769.4000,3,1,1,1,2,1,1,1,1,1
SF,IC2003,2019-12-03 09:33:22.000,4767.6000,35286,1,259371040.000,1,1,0,双开,S,4767.6000,4766.4000,4765.6000,4765.4000,4765.0000,4768.2000,4768.6000,4768.8000,4769.0000,4769.4000,2,1,1,1,2,1,1,1,1,1
SF,IC2003,2019-12-03 09:33:22.500,4767.6000,35285,-1,260324560.000,1,0,1,双平,S,4767.6000,4766.4000,4765.6000,4765.4000,4765.0000,4768.0000,4768.2000,4768.6000,4768.8000,4769.0000,1,1,1,1,1,1,1,1,1,1
SF,IC2003,2019-12-03 09:33:23.000,4767.6000,35284,-1,261278080.000,1,0,1,双平,S,4766.4000,4765.6000,4765.4000,4765.0000,4763.8000,4767.4000,4767.6000,4767.8000,4768.2000,4768.8000,1,1,1,1,1,1,4,2,1,1
SF,IC2003,2019-12-03 09:33:23.500,4766.4000,35283,-1,262231360.000,1,0,1,双平,S,4765.6000,4765.4000,4765.0000,4763.8000,4763.6000,4766.4000,4767.4000,4767.6000,4767.8000,4768.2000,1,1,1,1,4,1,1,4,6,1
SF,IC2003,2019-12-03 09:33:24.000,4766.4000,35283,0,263184640.000,1,0,1,多换,S,4766.4000,4765.8000,4765.6000,4765.4000,4765.0000,4767.4000,4767.6000,4767.8000,4768.2000,4768.8000,3,1,1,1,1,1,2,1,1,2
SF,IC2003,2019-12-03 09:33:24.500,4766.4000,35283,0,263184640.000,0,-,-,-,-,4765.8000,4765.6000,4765.4000,4765.2000,4765.0000,4767.0000,4767.2000,4767.4000,4767.6000,4767.8000,1,1,1,1,1,1,1,1,2,1
SF,IC2003,2019-12-03 09:33:25.000,4765.8000,35282,-1,264137800.000,1,0,1,双平,S,4765.6000,4765.4000,4765.2000,4765.0000,4763.8000,4766.8000,4767.2000,4767.4000,4767.6000,4768.2000,1,1,1,1,1,1,1,1,2,1
SF,IC2003,2019-12-03 09:33:25.500,4765.8000,35282,0,264137800.000,0,-,-,-,-,4765.6000,4765.4000,4765.2000,4765.0000,4763.8000,4766.8000,4767.2000,4767.4000,4767.6000,4768.2000,1,1,1,1,1,1,1,1,2,1
SF,IC2003,2019-12-03 09:33:26.500,4765.8000,35282,0,264137800.000,0,-,-,-,-,4765.6000,4765.4000,4765.2000,4765.0000,4763.8000,4767.2000,4767.4000,4767.6000,4768.2000,4768.8000,1,1,1,1,1,1,1,2,1,1
SF,IC2003,2019-12-03 09:33:27.000,4765.8000,35282,0,264137800.000,0,-,-,-,-,4765.8000,4765.6000,4765.4000,4765.2000,4765.0000,4767.0000,4767.2000,4767.4000,4767.6000,4768.2000,1,2,1,1,1,1,2,1,2,1
SF,IC2003,2019-12-03 09:33:27.500,4765.8000,35282,0,264137800.000,0,-,-,-,-,4765.8000,4765.6000,4765.4000,4765.2000,4765.0000,4766.4000,4767.0000,4767.2000,4767.4000,4767.6000,1,2,1,1,1,1,1,2,1,2
SF,IC2003,2019-12-03 09:33:28.000,4765.8000,35282,0,264137800.000,0,-,-,-,-,4766.4000,4765.8000,4765.6000,4765.4000,4765.2000,4767.0000,4767.2000,4767.4000,4767.6000,4768.2000,1,1,2,1,1,1,2,1,2,1
SF,IC2003,2019-12-03 09:33:28.500,4766.4000,35283,1,265091080.000,1,1,0,双开,S,4765.8000,4765.6000,4765.4000,4765.2000,4765.0000,4766.6000,4767.0000,4767.2000,4767.4000,4767.6000,1,2,1,1,1,1,1,2,1,1
SF,IC2003,2019-12-03 09:33:29.000,4766.4000,35283,0,265091080.000,0,-,-,-,-,4765.8000,4765.6000,4765.4000,4765.2000,4765.0000,4767.0000,4767.2000,4767.4000,4767.6000,4768.2000,1,2,1,1,1,1,2,1,1,1
SF,IC2003,2019-12-03 09:33:29.500,4766.4000,35283,0,265091080.000,0,-,-,-,-,4765.8000,4765.6000,4765.4000,4765.2000,4765.0000,4766.4000,4767.0000,4767.2000,4767.4000,4767.6000,1,2,1,1,1,1,1,2,1,1
SF,IC2003,2019-12-03 09:33:30.000,4766.4000,35283,0,265091080.000,0,-,-,-,-,4765.8000,4765.6000,4765.4000,4765.2000,4765.0000,4767.0000,4767.2000,4767.4000,4767.6000,4768.2000,1,2,1,1,1,1,2,1,1,1
SF,IC2003,2019-12-03 09:33:30.500,4766.4000,35283,0,265091080.000,0,-,-,-,-,4765.6000,4765.4000,4765.2000,4765.0000,4763.8000,4767.0000,4767.2000,4767.4000,4767.6000,4768.2000,2,1,1,1,1,1,2,1,1,1
SF,IC2003,2019-12-03 09:33:31.000,4766.4000,35283,0,265091080.000,0,-,-,-,-,4765.8000,4765.6000,4765.4000,4765.2000,4765.0000,4767.0000,4767.2000,4767.4000,4767.6000,4768.2000,1,2,1,1,1,1,2,1,1,1
SF,IC2003,2019-12-03 09:33:31.500,4765.8000,35283,0,266997520.000,2,1,1,多换,S,4766.0000,4765.6000,4765.4000,4765.2000,4765.0000,4766.4000,4766.6000,4766.8000,4767.0000,4767.2000,1,2,1,1,1,1,1,2,1,2
SF,IC2003,2019-12-03 09:33:32.000,4767.2000,35284,1,272717680.000,6,3,3,空开,S,4765.6000,4765.4000,4765.2000,4765.0000,4763.8000,4767.0000,4767.6000,4768.2000,4768.8000,4769.0000,2,1,1,1,1,1,1,1,1,1
SF,IC2003,2019-12-03 09:33:33.000,4767.2000,35284,0,272717680.000,0,-,-,-,-,4765.8000,4765.6000,4765.4000,4765.2000,4765.0000,4766.0000,4767.0000,4767.6000,4768.2000,4768.8000,1,2,1,1,1,1,1,1,1,1
SF,IC2003,2019-12-03 09:33:33.500,4766.0000,35283,-1,273670880.000,1,0,1,双平,S,4766.2000,4766.0000,4765.6000,4765.4000,4765.2000,4767.0000,4767.6000,4768.2000,4768.8000,4769.0000,1,1,2,1,1,1,1,1,1,1
SF,IC2003,2019-12-03 09:33:34.000,4766.0000,35283,0,273670880.000,0,-,-,-,-,4766.2000,4765.6000,4765.4000,4765.2000,4765.0000,4766.8000,4767.0000,4767.6000,4768.2000,4768.8000,1,2,1,1,1,1,1,1,1,1
SF,IC2003,2019-12-03 09:33:34.500,4765.6000,35281,-2,276530360.000,3,0,3,多平,S,4765.4000,4765.2000,4765.0000,4763.8000,4763.6000,4766.2000,4766.4000,4766.6000,4766.8000,4767.0000,1,1,1,1,4,1,1,1,1,1
SF,IC2003,2019-12-03 09:33:35.000,4765.6000,35281,0,276530360.000,0,-,-,-,-,4765.4000,4765.2000,4765.0000,4763.8000,4763.6000,4766.2000,4766.8000,4767.6000,4768.2000,4768.8000,2,1,1,1,4,1,1,1,1,1
SF,IC2003,2019-12-03 09:33:35.500,4766.2000,35282,1,277483600.000,1,1,0,双开,S,4765.4000,4765.2000,4765.0000,4763.8000,4763.6000,4766.0000,4767.6000,4768.2000,4768.8000,4769.0000,2,1,1,1,4,1,1,1,1,1
SF,IC2003,2019-12-03 09:33:36.000,4766.0000,35281,-1,278436800.000,1,0,1,双平,S,4766.2000,4766.0000,4765.6000,4765.4000,4765.2000,4767.6000,4768.2000,4768.8000,4769.0000,4769.8000,1,3,2,2,1,1,1,1,1,1
SF,IC2003,2019-12-03 09:33:36.500,4766.0000,35281,0,278436800.000,0,-,-,-,-,4766.2000,4766.0000,4765.6000,4765.4000,4765.2000,4767.0000,4767.4000,4767.6000,4768.2000,4768.8000,1,3,1,2,1,1,1,1,1,1
SF,IC2003,2019-12-03 09:33:37.000,4766.0000,35281,0,278436800.000,0,-,-,-,-,4766.2000,4766.0000,4765.6000,4765.4000,4765.2000,4767.4000,4767.6000,4768.2000,4768.8000,4769.0000,1,3,1,2,1,1,1,1,1,1
SF,IC2003,2019-12-03 09:33:37.500,4766.0000,35281,0,278436800.000,0,-,-,-,-,4766.0000,4765.6000,4765.4000,4765.2000,4765.0000,4767.0000,4767.2000,4767.4000,4767.6000,4768.2000,3,1,2,1,1,1,2,1,1,1
SF,IC2003,2019-12-03 09:33:38.000,4766.0000,35281,0,278436800.000,0,-,-,-,-,4766.0000,4765.6000,4765.4000,4765.2000,4765.0000,4767.2000,4767.4000,4767.6000,4768.2000,4768.8000,3,1,2,1,1,1,1,1,1,1
SF,IC2003,2019-12-03 09:33:38.500,4766.0000,35281,0,278436800.000,0,-,-,-,-,4766.0000,4765.6000,4765.4000,4765.2000,4765.0000,4767.0000,4767.4000,4767.6000,4768.2000,4768.8000,3,1,2,1,1,1,1,1,1,1
SF,IC2003,2019-12-03 09:33:39.000,4766.0000,35281,0,278436800.000,0,-,-,-,-,4766.0000,4765.6000,4765.4000,4765.2000,4765.0000,4766.6000,4766.8000,4767.0000,4767.4000,4767.6000,3,1,2,1,1,2,1,1,1,1
SF,IC2003,2019-12-03 09:33:39.500,4766.6000,35281,0,279390120.000,1,0,1,多换,S,4766.6000,4765.6000,4765.4000,4765.2000,4765.0000,4767.0000,4767.4000,4767.6000,4768.2000,4768.8000,1,1,2,1,1,1,1,1,1,1
SF,IC2003,2019-12-03 09:33:40.000,4766.6000,35281,0,279390120.000,0,-,-,-,-,4765.6000,4765.4000,4765.2000,4765.0000,4763.8000,4766.6000,4767.0000,4767.4000,4767.6000,4768.2000,1,2,1,1,1,1,1,1,1,1
SF,IC2003,2019-12-03 09:33:40.500,4765.8000,35282,1,281296600.000,2,1,1,空开,S,4765.8000,4765.4000,4765.2000,4765.0000,4763.8000,4766.4000,4767.0000,4767.6000,4768.2000,4768.8000,1,2,1,1,1,1,1,1,1,1
SF,IC2003,2019-12-03 09:33:41.000,4766.0000,35281,-1,283203080.000,2,0,2,多平,S,4765.4000,4765.2000,4765.0000,4764.6000,4763.8000,4767.0000,4767.6000,4768.2000,4768.8000,4769.0000,2,1,1,1,1,1,1,1,1,1
SF,IC2003,2019-12-03 09:33:42.000,4766.0000,35281,0,283203080.000,0,-,-,-,-,4765.6000,4765.4000,4765.2000,4765.0000,4764.6000,4767.0000,4767.6000,4768.2000,4768.8000,4769.0000,2,2,1,1,1,1,1,1,1,1
SF,IC2003,2019-12-03 09:33:42.500,4766.0000,35281,0,283203080.000,0,-,-,-,-,4765.8000,4765.4000,4765.2000,4765.0000,4764.6000,4767.0000,4767.6000,4768.2000,4768.8000,4769.0000,1,1,1,1,1,1,1,1,1,1
SF,IC2003,2019-12-03 09:33:45.000,4766.0000,35281,0,283203080.000,0,-,-,-,-,4765.8000,4765.4000,4765.2000,4765.0000,4764.6000,4766.8000,4767.0000,4767.6000,4768.2000,4768.8000,1,1,1,1,1,1,1,1,1,1
SF,IC2003,2019-12-03 09:33:48.000,4766.8000,35280,-1,284156440.000,1,0,1,双平,S,4766.0000,4765.8000,4765.4000,4765.2000,4765.0000,4767.6000,4768.2000,4768.8000,4769.0000,4769.8000,1,1,1,1,1,1,1,1,1,1
SF,IC2003,2019-12-03 09:33:48.500,4766.8000,35280,0,284156440.000,0,-,-,-,-,4766.2000,4765.4000,4765.2000,4765.0000,4764.6000,4767.4000,4767.6000,4768.2000,4768.8000,4769.0000,1,1,1,1,1,1,1,1,1,1
SF,IC2003,2019-12-03 09:33:49.000,4767.4000,35279,-1,285109920.000,1,0,1,双平,S,4766.2000,4765.4000,4765.2000,4765.0000,4764.6000,4767.6000,4768.2000,4768.8000,4769.0000,4769.8000,1,1,1,1,1,1,1,1,1,1
SF,IC2003,2019-12-03 09:33:49.500,4767.6000,35278,-1,286063440.000,1,0,1,双平,S,4766.4000,4766.2000,4765.4000,4765.2000,4765.0000,4767.4000,4768.2000,4768.8000,4769.0000,4769.8000,2,1,1,1,1,1,1,1,1,1
SF,IC2003,2019-12-03 09:33:50.000,4768.2000,35277,-1,287970560.000,2,0,2,多平,S,4767.6000,4767.4000,4766.6000,4766.4000,4765.4000,4769.0000,4769.8000,4770.0000,4771.0000,4771.2000,2,11,4,1,1,1,1,3,1,1
SF,IC2003,2019-12-03 09:33:50.500,4767.6000,35275,-2,289877640.000,2,0,2,双平,S,4767.6000,4767.4000,4766.6000,4765.4000,4765.2000,4769.0000,4769.8000,4770.0000,4771.0000,4771.2000,1,5,5,1,2,1,1,3,1,1
SF,IC2003,2019-12-03 09:33:51.000,4767.6000,35275,0,289877640.000,0,-,-,-,-,4767.8000,4767.6000,4767.4000,4766.6000,4765.4000,4769.0000,4769.8000,4770.0000,4771.0000,4771.2000,1,1,5,5,1,1,1,3,1,1
SF,IC2003,2019-12-03 09:33:51.500,4767.6000,35275,0,289877640.000,0,-,-,-,-,4767.6000,4767.4000,4766.6000,4765.4000,4765.2000,4768.8000,4769.0000,4769.8000,4770.0000,4771.0000,1,4,5,1,2,1,1,1,3,1
SF,IC2003,2019-12-03 09:33:52.000,4767.6000,35274,-1,290831160.000,1,0,1,双平,S,4767.4000,4766.6000,4765.4000,4765.2000,4765.0000,4768.2000,4768.4000,4768.6000,4768.8000,4769.0000,2,3,1,2,1,1,1,2,6,1
SF,IC2003,2019-12-03 09:33:52.500,4766.6000,35271,-3,293691440.000,3,0,3,双平,S,4766.8000,4765.4000,4765.2000,4765.0000,4763.8000,4767.4000,4768.0000,4768.2000,4768.4000,4768.8000,1,1,2,1,1,2,2,2,1,5
SF,IC2003,2019-12-03 09:33:53.000,4767.4000,35272,1,294644920.000,1,1,0,双开,S,4766.8000,4765.4000,4765.2000,4765.0000,4763.8000,4767.4000,4768.0000,4768.4000,4768.8000,4769.0000,2,1,2,1,1,1,1,1,5,1
SF,IC2003,2019-12-03 09:33:53.500,4767.4000,35272,0,294644920.000,0,-,-,-,-,4766.8000,4765.4000,4765.2000,4765.0000,4763.8000,4767.4000,4768.0000,4768.4000,4768.8000,4769.0000,1,1,2,1,1,1,1,1,5,1
SF,IC2003,2019-12-03 09:33:54.500,4767.4000,35272,0,294644920.000,0,-,-,-,-,4766.8000,4765.4000,4765.2000,4765.0000,4763.8000,4767.4000,4768.0000,4768.4000,4768.8000,4769.0000,1,1,3,1,1,1,1,1,5,1
SF,IC2003,2019-12-03 09:33:55.000,4767.4000,35272,0,294644920.000,0,-,-,-,-,4766.8000,4765.4000,4765.2000,4765.0000,4763.8000,4767.4000,4768.0000,4768.4000,4768.8000,4769.0000,1,1,3,1,1,1,1,1,5,1
SF,IC2003,2019-12-03 09:33:55.500,4766.8000,35272,0,295598280.000,1,0,1,多换,S,4765.4000,4765.2000,4765.0000,4763.8000,4763.6000,4767.0000,4767.2000,4767.4000,4768.4000,4768.8000,1,2,1,1,4,1,2,3,1,5
SF,IC2003,2019-12-03 09:33:56.000,4766.8000,35272,0,295598280.000,0,-,-,-,-,4765.6000,4765.4000,4765.2000,4765.0000,4763.8000,4766.8000,4767.2000,4767.4000,4768.4000,4769.0000,1,1,2,1,1,4,1,3,1,1
SF,IC2003,2019-12-03 09:33:56.500,4766.8000,35272,0,295598280.000,0,-,-,-,-,4765.6000,4765.4000,4765.2000,4765.0000,4763.8000,4766.6000,4766.8000,4767.4000,4768.2000,4768.4000,1,1,2,1,1,1,5,3,1,1
SF,IC2003,2019-12-03 09:33:57.000,4765.6000,35272,0,296551400.000,1,0,1,多换,S,4765.4000,4765.2000,4765.0000,4763.8000,4763.6000,4766.2000,4766.4000,4766.6000,4766.8000,4767.4000,1,2,1,1,4,1,1,1,4,3
SF,IC2003,2019-12-03 09:33:57.500,4766.2000,35271,-1,297504640.000,1,0,1,双平,S,4765.4000,4765.2000,4765.0000,4763.8000,4763.6000,4766.8000,4767.4000,4768.2000,4768.4000,4769.0000,1,1,1,1,4,4,3,1,1,1
SF,IC2003,2019-12-03 09:33:58.000,4765.4000,35271,0,298457720.000,1,0,1,多换,S,4765.2000,4765.0000,4763.8000,4763.6000,4762.6000,4766.6000,4766.8000,4767.4000,4768.2000,4768.4000,1,1,1,4,1,2,4,3,1,1
SF,IC2003,2019-12-03 09:33:58.500,4765.4000,35271,0,298457720.000,0,-,-,-,-,4765.2000,4765.0000,4763.8000,4763.6000,4762.6000,4766.6000,4766.8000,4767.4000,4768.2000,4768.4000,1,1,2,4,1,1,4,3,1,1
SF,IC2003,2019-12-03 09:33:59.000,4765.4000,35271,0,298457720.000,0,-,-,-,-,4765.2000,4765.0000,4763.8000,4763.6000,4762.6000,4766.8000,4767.4000,4768.2000,4768.4000,4769.0000,2,1,2,4,1,4,3,1,1,1
SF,IC2003,2019-12-03 09:33:59.500,4765.4000,35271,0,298457720.000,0,-,-,-,-,4765.2000,4765.0000,4763.8000,4763.6000,4762.6000,4766.8000,4767.4000,4768.2000,4768.4000,4769.0000,2,1,2,4,1,5,3,1,1,1
SF,IC2003,2019-12-03 09:34:00.000,4765.4000,35271,0,298457720.000,0,-,-,-,-,4765.2000,4765.0000,4763.8000,4763.6000,4762.6000,4766.6000,4766.8000,4767.4000,4768.2000,4768.4000,1,1,2,4,1,2,5,2,1,1
SF,IC2003,2019-12-03 09:34:00.500,4765.4000,35271,0,298457720.000,0,-,-,-,-,4765.2000,4765.0000,4763.8000,4763.6000,4762.6000,4766.0000,4766.4000,4766.6000,4767.4000,4768.2000,1,1,2,4,1,1,1,2,1,1
SF,IC2003,2019-12-03 09:34:01.000,4765.0000,35273,2,300363760.000,2,2,0,双开,S,4763.8000,4763.6000,4762.6000,4762.2000,4761.6000,4765.2000,4766.0000,4766.6000,4767.4000,4768.2000,2,4,1,1,4,1,1,1,1,1
SF,IC2003,2019-12-03 09:34:01.500,4765.0000,35273,0,300363760.000,0,-,-,-,-,4764.2000,4764.0000,4763.8000,4763.6000,4762.6000,4765.2000,4766.0000,4767.4000,4768.2000,4768.4000,1,1,1,4,2,1,1,1,1,1
SF,IC2003,2019-12-03 09:34:02.000,4765.2000,35273,0,302269840.000,2,1,1,多换,S,4764.2000,4763.8000,4763.6000,4762.6000,4762.2000,4766.0000,4767.4000,4768.2000,4768.4000,4769.0000,1,1,4,2,1,1,1,1,1,1
SF,IC2003,2019-12-03 09:34:02.500,4765.2000,35273,0,302269840.000,0,-,-,-,-,4764.2000,4763.8000,4763.6000,4762.6000,4762.2000,4765.6000,4766.0000,4767.4000,4768.2000,4768.4000,1,1,4,2,1,1,1,1,1,1
SF,IC2003,2019-12-03 09:34:03.000,4765.2000,35273,0,302269840.000,0,-,-,-,-,4764.2000,4763.8000,4763.6000,4762.6000,4762.2000,4765.4000,4765.8000,4767.4000,4768.2000,4768.4000,1,1,4,2,1,1,1,1,1,1
SF,IC2003,2019-12-03 09:34:03.500,4765.4000,35273,0,303222920.000,1,0,1,多换,S,4764.2000,4763.8000,4763.6000,4762.6000,4762.2000,4765.8000,4767.4000,4768.2000,4768.4000,4769.0000,1,1,4,2,1,1,1,1,1,1
SF,IC2003,2019-12-03 09:34:04.000,4765.4000,35273,0,303222920.000,0,-,-,-,-,4765.6000,4764.4000,4764.2000,4763.8000,4763.6000,4767.4000,4768.2000,4768.4000,4769.0000,4769.4000,1,2,1,1,4,1,1,1,1,1
SF,IC2003,2019-12-03 09:34:04.500,4765.4000,35273,0,303222920.000,0,-,-,-,-,4765.6000,4764.4000,4764.2000,4763.8000,4763.6000,4767.0000,4767.2000,4767.4000,4768.2000,4768.4000,1,2,1,1,4,1,2,1,1,1
SF,IC2003,2019-12-03 09:34:05.000,4767.2000,35272,-1,304176360.000,1,0,1,双平,S,4765.6000,4765.0000,4764.4000,4764.2000,4763.8000,4767.2000,4767.4000,4768.2000,4768.4000,4769.0000,1,1,2,1,2,1,1,1,1,1
SF,IC2003,2019-12-03 09:34:05.500,4767.2000,35272,0,305129800.000,1,0,1,多换,S,4765.6000,4765.0000,4764.4000,4764.2000,4763.8000,4767.2000,4767.4000,4768.2000,4768.4000,4769.0000,2,1,1,1,2,1,1,1,1,1
SF,IC2003,2019-12-03 09:34:06.000,4767.2000,35271,-1,306083240.000,1,0,1,双平,S,4767.2000,4766.2000,4765.8000,4765.6000,4765.0000,4767.4000,4768.4000,4769.0000,4769.4000,4769.8000,1,1,2,2,1,1,1,1,1,1
SF,IC2003,2019-12-03 09:34:06.500,4767.4000,35271,0,307036720.000,1,0,1,多换,S,4767.4000,4766.2000,4765.8000,4765.6000,4765.0000,4768.4000,4769.0000,4769.4000,4769.8000,4770.0000,1,1,1,2,1,1,1,1,1,3
SF,IC2003,2019-12-03 09:34:07.000,4767.4000,35271,0,307036720.000,0,-,-,-,-,4766.2000,4765.8000,4765.6000,4765.0000,4764.4000,4767.2000,4768.0000,4768.2000,4768.4000,4769.0000,1,1,1,1,1,1,1,1,1,1
SF,IC2003,2019-12-03 09:34:07.500,4767.2000,35271,0,307990160.000,1,0,1,多换,S,4767.2000,4766.4000,4766.2000,4765.8000,4765.2000,4768.4000,4769.0000,4769.4000,4769.8000,4770.0000,5,2,1,1,1,1,1,1,1,3
SF,IC2003,2019-12-03 09:34:08.000,4767.2000,35271,0,307990160.000,0,-,-,-,-,4766.4000,4766.2000,4765.8000,4765.2000,4765.0000,4768.4000,4769.0000,4769.4000,4769.8000,4770.0000,1,1,1,1,1,1,1,1,1,3
SF,IC2003,2019-12-03 09:34:08.500,4767.2000,35271,0,307990160.000,0,-,-,-,-,4767.0000,4766.4000,4766.2000,4765.2000,4765.0000,4768.2000,4768.4000,4769.0000,4769.4000,4769.8000,1,1,1,1,1,2,2,1,1,1
SF,IC2003,2019-12-03 09:34:09.000,4767.2000,35271,0,307990160.000,0,-,-,-,-,4767.4000,4766.4000,4766.2000,4765.2000,4765.0000,4768.2000,4768.4000,4769.0000,4769.4000,4769.8000,2,1,1,1,1,1,2,1,1,1
SF,IC2003,2019-12-03 09:34:09.500,4767.4000,35269,-2,309897120.000,2,0,2,双平,S,4766.4000,4766.2000,4765.0000,4764.4000,4763.8000,4767.4000,4767.8000,4768.0000,4768.4000,4769.0000,1,1,1,1,1,1,3,1,2,1
SF,IC2003,2019-12-03 09:34:10.000,4768.4000,35268,-1,311804280.000,2,0,2,多平,S,4766.6000,4766.4000,4766.2000,4765.0000,4764.4000,4768.4000,4769.0000,4769.4000,4769.8000,4770.0000,2,1,1,1,1,1,1,1,1,3
SF,IC2003,2019-12-03 09:34:10.500,4768.4000,35268,0,311804280.000,0,-,-,-,-,4766.6000,4766.4000,4766.2000,4765.8000,4765.0000,4768.0000,4768.4000,4769.0000,4769.4000,4769.8000,2,1,1,1,1,1,2,1,1,1
SF,IC2003,2019-12-03 09:34:11.000,4768.4000,35268,0,311804280.000,0,-,-,-,-,4767.0000,4766.6000,4766.4000,4766.2000,4765.8000,4768.4000,4769.0000,4769.4000,4769.8000,4770.0000,1,2,1,1,1,2,1,1,1,3
SF,IC2003,2019-12-03 09:34:11.500,4767.4000,35266,-2,313711240.000,2,0,2,双平,S,4766.6000,4766.4000,4766.2000,4765.8000,4765.0000,4768.2000,4768.4000,4769.0000,4769.4000,4769.8000,1,1,1,1,2,1,2,1,1,1
SF,IC2003,2019-12-03 09:34:12.000,4767.4000,35266,0,313711240.000,0,-,-,-,-,4766.6000,4766.4000,4766.2000,4765.8000,4765.0000,4768.2000,4768.4000,4769.0000,4769.4000,4769.8000,1,1,1,1,2,1,2,1,1,1
SF,IC2003,2019-12-03 09:34:12.500,4767.4000,35266,0,313711240.000,0,-,-,-,-,4766.4000,4766.2000,4765.8000,4765.0000,4764.4000,4768.2000,4768.4000,4769.0000,4769.4000,4769.8000,1,1,1,2,1,1,2,1,1,1
SF,IC2003,2019-12-03 09:34:13.000,4767.4000,35266,0,313711240.000,0,-,-,-,-,4766.8000,4766.4000,4766.2000,4765.8000,4765.0000,4768.2000,4768.4000,4769.0000,4769.4000,4769.8000,1,1,1,1,2,1,2,1,1,1
SF,IC2003,2019-12-03 09:34:13.500,4767.4000,35266,0,313711240.000,0,-,-,-,-,4767.0000,4766.8000,4766.2000,4765.8000,4765.0000,4768.2000,4768.4000,4769.0000,4769.4000,4769.8000,1,1,1,1,2,1,2,1,1,1
SF,IC2003,2019-12-03 09:34:14.000,4767.4000,35266,0,313711240.000,0,-,-,-,-,4767.2000,4767.0000,4766.8000,4766.2000,4765.8000,4768.2000,4769.0000,4769.4000,4769.8000,4770.0000,1,1,1,1,1,1,1,1,1,3
SF,IC2003,2019-12-03 09:34:14.500,4767.4000,35266,0,313711240.000,0,-,-,-,-,4766.8000,4766.2000,4765.8000,4765.0000,4764.8000,4768.2000,4769.0000,4769.4000,4769.8000,4770.0000,1,1,1,3,1,1,1,1,1,3
SF,IC2003,2019-12-03 09:34:16.000,4767.4000,35266,0,313711240.000,0,-,-,-,-,4767.0000,4766.8000,4766.2000,4765.8000,4765.0000,4768.2000,4769.0000,4769.4000,4769.8000,4770.0000,1,1,1,1,3,1,1,1,1,3
SF,IC2003,2019-12-03 09:34:16.500,4767.4000,35266,0,313711240.000,0,-,-,-,-,4766.8000,4766.2000,4765.8000,4765.0000,4764.8000,4768.0000,4768.2000,4769.0000,4769.4000,4769.8000,1,1,1,3,1,1,1,1,1,1
SF,IC2003,2019-12-03 09:34:17.000,4767.4000,35266,0,313711240.000,0,-,-,-,-,4766.8000,4766.2000,4765.8000,4765.0000,4764.8000,4768.2000,4769.0000,4769.4000,4769.8000,4770.0000,1,1,1,3,1,1,1,1,1,3
SF,IC2003,2019-12-03 09:34:17.500,4767.4000,35266,0,313711240.000,0,-,-,-,-,4766.8000,4766.2000,4765.8000,4765.0000,4764.8000,4768.2000,4769.0000,4769.4000,4769.8000,4770.0000,1,1,1,3,1,1,1,1,1,3
SF,IC2003,2019-12-03 09:34:18.000,4766.8000,35266,0,314664600.000,1,0,1,多换,S,4766.2000,4765.8000,4765.0000,4764.8000,4764.4000,4768.0000,4768.2000,4769.0000,4769.4000,4769.8000,1,1,3,1,1,6,2,1,1,1
SF,IC2003,2019-12-03 09:34:18.500,4766.8000,35266,0,314664600.000,0,-,-,-,-,4766.2000,4765.0000,4764.8000,4764.4000,4763.8000,4767.6000,4767.8000,4768.0000,4768.2000,4769.0000,1,3,1,1,1,1,1,6,1,1
SF,IC2003,2019-12-03 09:34:19.000,4766.8000,35266,0,314664600.000,0,-,-,-,-,4766.2000,4765.0000,4764.8000,4764.4000,4763.8000,4767.4000,4767.8000,4768.0000,4768.2000,4769.0000,1,3,1,1,1,1,1,5,1,1
SF,IC2003,2019-12-03 09:34:19.500,4766.8000,35266,0,314664600.000,0,-,-,-,-,4766.2000,4765.0000,4764.8000,4764.6000,4764.4000,4767.8000,4768.0000,4768.2000,4769.0000,4769.4000,1,3,1,1,1,1,5,1,1,1
SF,IC2003,2019-12-03 09:34:20.000,4767.4000,35267,1,315618080.000,1,1,0,双开,S,4766.2000,4765.0000,4764.8000,4764.6000,4764.4000,4767.6000,4767.8000,4768.0000,4768.2000,4768.8000,1,3,1,1,1,1,1,5,1,1
SF,IC2003,2019-12-03 09:34:20.500,4766.2000,35265,-2,317524600.000,2,0,2,双平,S,4765.0000,4764.8000,4764.6000,4764.4000,4763.8000,4767.8000,4768.0000,4768.2000,4769.0000,4769.4000,2,1,1,1,1,1,5,1,1,1
SF,IC2003,2019-12-03 09:34:21.000,4766.2000,35265,0,317524600.000,0,-,-,-,-,4766.6000,4765.6000,4765.4000,4765.2000,4765.0000,4767.6000,4767.8000,4768.2000,4769.0000,4769.4000,1,1,3,2,2,1,1,1,1,1
SF,IC2003,2019-12-03 09:34:21.500,4766.2000,35265,0,317524600.000,0,-,-,-,-,4766.6000,4765.6000,4765.4000,4765.2000,4765.0000,4768.2000,4769.0000,4769.4000,4769.8000,4770.0000,1,1,2,2,2,1,1,1,1,3
SF,IC2003,2019-12-03 09:34:22.000,4766.2000,35265,0,317524600.000,0,-,-,-,-,4767.6000,4766.8000,4766.6000,4765.6000,4765.4000,4768.0000,4768.2000,4769.0000,4769.4000,4769.8000,1,1,1,1,2,1,1,1,1,1
SF,IC2003,2019-12-03 09:34:22.500,4766.2000,35265,0,317524600.000,0,-,-,-,-,4766.8000,4766.6000,4765.6000,4765.4000,4765.2000,4768.2000,4769.0000,4769.4000,4769.8000,4770.0000,1,1,1,2,2,1,1,1,1,3
SF,IC2003,2019-12-03 09:34:23.000,4766.2000,35265,0,317524600.000,0,-,-,-,-,4768.0000,4766.8000,4766.6000,4765.6000,4765.4000,4768.2000,4769.0000,4769.4000,4769.8000,4770.0000,1,1,1,1,2,1,1,1,1,3
SF,IC2003,2019-12-03 09:34:23.500,4768.0000,35264,-1,320385400.000,3,1,2,多平,S,4766.8000,4766.6000,4765.6000,4765.4000,4765.2000,4768.2000,4769.0000,4769.4000,4769.8000,4770.0000,1,1,1,2,2,1,1,1,1,3
SF,IC2003,2019-12-03 09:34:24.000,4769.0000,35263,-1,322292840.000,2,0,2,多平,S,4767.0000,4766.8000,4766.6000,4765.4000,4765.2000,4769.4000,4769.8000,4770.0000,4771.2000,4771.4000,2,1,1,2,2,1,1,3,1,2
SF,IC2003,2019-12-03 09:34:24.500,4769.0000,35263,0,322292840.000,0,-,-,-,-,4768.2000,4767.8000,4767.6000,4767.4000,4767.2000,4769.0000,4769.4000,4769.8000,4770.0000,4771.2000,4,1,1,1,2,1,1,1,3,1
SF,IC2003,2019-12-03 09:34:25.000,4769.0000,35263,0,322292840.000,0,-,-,-,-,4768.2000,4767.8000,4767.6000,4767.2000,4767.0000,4769.4000,4769.8000,4770.0000,4771.2000,4771.4000,4,1,1,2,1,1,1,3,1,2
SF,IC2003,2019-12-03 09:34:25.500,4769.0000,35263,0,322292840.000,0,-,-,-,-,4768.4000,4768.2000,4767.8000,4767.6000,4767.2000,4769.4000,4769.8000,4770.0000,4771.2000,4771.4000,1,4,1,1,1,1,1,3,1,2
SF,IC2003,2019-12-03 09:34:26.000,4769.4000,35262,-1,323246720.000,1,0,1,双平,S,4768.6000,4768.4000,4768.2000,4767.8000,4767.6000,4769.8000,4770.0000,4771.2000,4771.4000,4772.4000,2,1,4,1,1,1,2,1,2,1
SF,IC2003,2019-12-03 09:34:26.500,4769.4000,35262,0,323246720.000,0,-,-,-,-,4768.8000,4768.6000,4768.4000,4768.2000,4767.8000,4769.8000,4770.0000,4771.2000,4771.4000,4772.4000,1,2,1,4,1,1,2,1,2,1
SF,IC2003,2019-12-03 09:34:27.000,4769.4000,35262,0,323246720.000,0,-,-,-,-,4768.8000,4768.6000,4768.4000,4768.2000,4767.8000,4769.8000,4770.0000,4771.2000,4771.4000,4772.4000,1,1,1,4,1,1,2,1,2,1
SF,IC2003,2019-12-03 09:34:28.500,4769.4000,35262,0,323246720.000,0,-,-,-,-,4768.8000,4768.6000,4768.4000,4768.2000,4767.8000,4769.8000,4770.0000,4771.2000,4771.4000,4772.4000,1,1,1,4,1,1,2,1,2,1
SF,IC2003,2019-12-03 09:34:29.000,4769.8000,35261,-1,324200680.000,1,0,1,双平,S,4769.2000,4769.0000,4768.8000,4768.4000,4767.8000,4770.0000,4771.2000,4771.4000,4772.4000,4772.8000,1,2,1,1,1,2,1,2,1,2
SF,IC2003,2019-12-03 09:34:29.500,4769.8000,35261,0,324200680.000,0,-,-,-,-,4769.2000,4769.0000,4768.8000,4768.4000,4767.8000,4770.0000,4771.2000,4771.4000,4772.4000,4772.8000,1,1,1,1,1,2,1,2,1,2
SF,IC2003,2019-12-03 09:34:30.000,4769.8000,35261,0,324200680.000,0,-,-,-,-,4769.0000,4768.8000,4767.8000,4766.6000,4765.4000,4770.0000,4771.2000,4771.4000,4772.4000,4772.8000,1,1,1,1,2,2,1,2,1,2
SF,IC2003,2019-12-03 09:34:32.000,4770.0000,35262,1,325154680.000,1,1,0,双开,S,4769.0000,4768.8000,4767.8000,4766.6000,4765.4000,4770.0000,4771.2000,4771.4000,4772.4000,4772.8000,2,1,1,1,2,1,1,2,1,2
SF,IC2003,2019-12-03 09:34:32.500,4770.0000,35262,0,325154680.000,0,-,-,-,-,4769.0000,4767.8000,4766.6000,4765.4000,4765.2000,4770.0000,4771.2000,4771.4000,4772.4000,4772.8000,1,1,1,2,2,1,1,2,1,2
SF,IC2003,2019-12-03 09:34:33.000,4770.0000,35262,0,325154680.000,0,-,-,-,-,4769.0000,4767.8000,4766.6000,4765.4000,4765.2000,4770.0000,4771.2000,4771.4000,4772.4000,4772.8000,1,1,1,2,2,1,1,2,1,2
SF,IC2003,2019-12-03 09:34:33.500,4769.0000,35263,1,326108480.000,1,1,0,双开,S,4766.6000,4765.4000,4765.2000,4765.0000,4764.8000,4769.8000,4770.0000,4771.2000,4771.4000,4772.4000,1,2,2,1,1,3,1,1,2,1
SF,IC2003,2019-12-03 09:34:34.000,4769.0000,35263,0,326108480.000,0,-,-,-,-,4767.8000,4767.0000,4766.8000,4766.6000,4765.4000,4769.4000,4769.6000,4769.8000,4770.0000,4771.2000,1,2,4,1,2,1,1,2,1,1
SF,IC2003,2019-12-03 09:34:34.500,4769.0000,35263,0,326108480.000,0,-,-,-,-,4768.0000,4767.8000,4767.2000,4767.0000,4766.8000,4769.4000,4769.8000,4770.0000,4771.2000,4771.4000,1,1,1,1,3,1,2,1,1,2
SF,IC2003,2019-12-03 09:34:35.000,4769.0000,35263,0,326108480.000,0,-,-,-,-,4768.0000,4767.8000,4767.2000,4767.0000,4766.8000,4769.8000,4770.0000,4771.2000,4771.4000,4772.4000,1,1,1,1,3,2,1,1,2,1
SF,IC2003,2019-12-03 09:34:35.500,4769.0000,35263,0,326108480.000,0,-,-,-,-,4768.0000,4767.8000,4767.0000,4766.8000,4766.6000,4769.4000,4769.6000,4769.8000,4770.0000,4771.2000,1,1,1,3,1,1,1,2,1,1
SF,IC2003,2019-12-03 09:34:36.000,4769.0000,35263,0,326108480.000,0,-,-,-,-,4768.0000,4767.8000,4767.0000,4766.8000,4766.6000,4769.8000,4770.0000,4771.2000,4771.4000,4772.4000,1,1,1,3,1,2,1,1,2,1
SF,IC2003,2019-12-03 09:34:36.500,4769.0000,35263,0,326108480.000,0,-,-,-,-,4768.0000,4767.8000,4767.0000,4766.8000,4766.6000,4769.4000,4769.6000,4769.8000,4770.0000,4771.2000,1,1,1,3,1,1,1,2,1,1
SF,IC2003,2019-12-03 09:34:37.000,4769.0000,35263,0,326108480.000,0,-,-,-,-,4768.2000,4768.0000,4767.8000,4767.0000,4766.8000,4769.8000,4770.0000,4771.2000,4771.4000,4772.4000,1,1,1,1,3,2,1,1,2,1
SF,IC2003,2019-12-03 09:34:37.500,4769.0000,35263,0,326108480.000,0,-,-,-,-,4768.8000,4768.4000,4767.0000,4766.8000,4766.6000,4769.8000,4770.0000,4771.2000,4771.4000,4772.4000,1,2,1,3,1,1,1,1,2,1
SF,IC2003,2019-12-03 09:34:38.000,4769.8000,35262,-1,327062440.000,1,0,1,双平,S,4768.8000,4768.4000,4767.0000,4766.8000,4766.6000,4770.0000,4771.2000,4771.4000,4772.4000,4772.8000,1,1,1,3,1,1,1,2,1,2
SF,IC2003,2019-12-03 09:34:39.000,4769.8000,35262,0,327062440.000,0,-,-,-,-,4768.8000,4768.4000,4767.0000,4766.8000,4766.6000,4770.0000,4771.2000,4771.4000,4772.4000,4772.8000,1,1,1,3,1,1,1,2,1,2
SF,IC2003,2019-12-03 09:34:40.000,4769.8000,35262,0,327062440.000,0,-,-,-,-,4768.4000,4767.4000,4767.0000,4766.8000,4766.6000,4769.8000,4770.0000,4771.2000,4771.4000,4772.4000,1,1,1,3,1,2,1,1,2,1
SF,IC2003,2019-12-03 09:34:40.500,4769.8000,35262,0,327062440.000,0,-,-,-,-,4768.4000,4767.4000,4767.0000,4766.8000,4766.6000,4769.8000,4770.0000,4771.2000,4771.4000,4772.4000,1,1,1,3,1,1,1,1,2,1
SF,IC2003,2019-12-03 09:34:43.000,4769.8000,35262,0,327062440.000,0,-,-,-,-,4768.4000,4767.4000,4767.0000,4766.8000,4766.6000,4769.8000,4770.0000,4771.2000,4771.4000,4772.4000,1,1,1,3,1,2,1,1,2,1
SF,IC2003,2019-12-03 09:34:43.500,4769.8000,35262,0,327062440.000,0,-,-,-,-,4768.4000,4767.4000,4767.0000,4766.8000,4766.6000,4769.8000,4770.0000,4771.2000,4771.4000,4772.4000,1,1,1,3,1,2,1,1,2,1
SF,IC2003,2019-12-03 09:34:44.000,4769.8000,35262,0,327062440.000,0,-,-,-,-,4768.6000,4768.4000,4767.4000,4767.0000,4766.8000,4769.8000,4770.0000,4771.2000,4771.4000,4772.4000,1,1,1,1,3,2,1,1,2,1
SF,IC2003,2019-12-03 09:34:44.500,4769.8000,35263,1,328016400.000,1,1,0,双开,S,4768.6000,4768.4000,4767.4000,4767.0000,4766.8000,4769.8000,4770.0000,4771.2000,4771.4000,4772.4000,1,1,1,1,3,1,1,1,2,1
SF,IC2003,2019-12-03 09:34:45.000,4769.8000,35262,-1,328970360.000,1,0,1,双平,S,4768.8000,4768.6000,4767.4000,4767.0000,4766.8000,4770.0000,4771.2000,4771.4000,4772.4000,4772.8000,3,1,1,1,3,1,1,2,1,2
SF,IC2003,2019-12-03 09:34:45.500,4770.0000,35262,0,329924360.000,1,0,1,多换,S,4768.8000,4768.6000,4767.4000,4767.0000,4766.8000,4769.6000,4771.2000,4771.4000,4772.4000,4772.8000,3,1,1,1,3,1,1,2,1,2
SF,IC2003,2019-12-03 09:34:46.000,4769.6000,35261,-1,330878280.000,1,0,1,双平,S,4769.6000,4769.0000,4768.8000,4768.6000,4767.4000,4771.2000,4771.4000,4772.4000,4772.8000,4774.4000,5,1,3,1,1,1,2,1,2,5
