市场代码,合约代码,时间,最新,持仓,增仓,成交额,成交量,开仓,平仓,成交类型,方向,买一价,买二价,买三价,买四价,买五价,卖一价,卖二价,卖三价,卖四价,卖五价,买一量,买二量,买三量,买四量,买五量,卖一量,卖二量,卖三量,卖四量,卖五量
SF,IC2006,2020-01-16 09:29:00.100,5452.0000,39346,0,4361600.000,4.000,-,-,-,-,5450.2000,5450.0000,5448.0000,5445.0000,5442.0000,5456.0000,5458.0000,5458.6000,5459.0000,5460.0000,1,4,1,1,2,1,7,2,5,1
SF,IC2006,2020-01-16 09:30:00.100,5452.0000,39346,0,4361600.000,0,-,-,-,-,5452.0000,5451.8000,5450.2000,5450.0000,5448.0000,5453.8000,5455.0000,5455.2000,5455.6000,5455.8000,1,1,1,4,1,1,10,1,3,1
SF,IC2006,2020-01-16 09:30:00.600,5453.6000,39345,-1,6542720.000,2,0,2,多平,S,5451.8000,5450.2000,5450.0000,5448.0000,5445.0000,5453.6000,5453.8000,5454.0000,5455.0000,5455.2000,1,1,4,1,1,3,1,1,11,1
SF,IC2006,2020-01-16 09:30:01.100,5451.8000,39344,-1,8723440.000,2,0,2,多平,S,5450.2000,5450.0000,5448.0000,5445.0000,5442.0000,5451.8000,5453.4000,5453.6000,5453.8000,5454.0000,1,4,1,1,2,1,2,4,2,1
SF,IC2006,2020-01-16 09:30:01.600,5451.8000,39342,-2,11994520.000,3,0,3,多平,S,5450.2000,5450.0000,5448.0000,5445.0000,5443.2000,5453.4000,5453.6000,5453.8000,5454.0000,5454.8000,1,4,1,1,6,1,3,2,1,1
SF,IC2006,2020-01-16 09:30:02.100,5451.8000,39342,0,11994520.000,0,-,-,-,-,5450.2000,5450.0000,5448.0000,5445.0000,5443.2000,5453.2000,5453.6000,5453.8000,5454.0000,5454.8000,1,5,1,1,6,2,2,2,1,1
SF,IC2006,2020-01-16 09:30:02.600,5451.8000,39342,0,11994520.000,0,-,-,-,-,5450.4000,5450.2000,5450.0000,5448.0000,5445.0000,5453.2000,5453.6000,5453.8000,5454.0000,5454.8000,1,2,5,1,1,1,2,2,1,1
SF,IC2006,2020-01-16 09:30:03.100,5451.8000,39342,0,11994520.000,0,-,-,-,-,5450.4000,5450.2000,5450.0000,5449.6000,5448.0000,5453.6000,5453.8000,5454.0000,5454.8000,5455.0000,1,2,5,2,1,2,2,1,1,11
SF,IC2006,2020-01-16 09:30:03.600,5451.8000,39342,0,11994520.000,0,-,-,-,-,5450.4000,5450.2000,5450.0000,5449.6000,5448.0000,5453.4000,5453.6000,5453.8000,5454.0000,5454.8000,1,2,5,2,1,2,2,2,1,1
SF,IC2006,2020-01-16 09:30:04.100,5451.8000,39342,0,11994520.000,0,-,-,-,-,5450.4000,5450.2000,5450.0000,5449.6000,5448.0000,5453.2000,5453.4000,5453.6000,5453.8000,5454.0000,1,2,5,2,1,1,1,1,2,1
SF,IC2006,2020-01-16 09:30:04.600,5451.8000,39342,0,11994520.000,0,-,-,-,-,5450.4000,5450.2000,5450.0000,5449.6000,5448.0000,5453.0000,5453.4000,5453.6000,5453.8000,5454.0000,1,2,5,2,1,1,1,1,2,1
SF,IC2006,2020-01-16 09:30:05.100,5453.0000,39341,-1,13085120.000,1,0,1,双平,S,5450.4000,5450.2000,5450.0000,5449.6000,5448.0000,5453.4000,5453.6000,5453.8000,5454.0000,5454.8000,1,2,5,2,1,1,1,2,1,1
SF,IC2006,2020-01-16 09:30:05.600,5453.0000,39341,0,13085120.000,0,-,-,-,-,5450.6000,5450.4000,5450.2000,5450.0000,5449.6000,5453.4000,5453.6000,5453.8000,5454.0000,5454.8000,2,1,2,5,2,1,1,2,1,1
SF,IC2006,2020-01-16 09:30:06.100,5453.0000,39341,0,13085120.000,0,-,-,-,-,5452.6000,5451.2000,5450.8000,5450.6000,5450.2000,5453.2000,5453.4000,5453.6000,5453.8000,5454.0000,1,1,1,2,2,1,1,1,2,1
SF,IC2006,2020-01-16 09:30:06.600,5452.6000,39341,0,14175640.000,1,0,1,多换,S,5451.2000,5450.8000,5450.6000,5450.2000,5450.0000,5452.6000,5453.4000,5453.6000,5453.8000,5454.0000,1,1,2,2,5,1,1,1,2,1
SF,IC2006,2020-01-16 09:30:07.100,5453.4000,39340,-1,15266320.000,1,0,1,双平,S,5451.4000,5450.6000,5450.2000,5450.0000,5449.6000,5453.6000,5453.8000,5454.0000,5454.8000,5455.0000,1,2,2,5,2,1,2,1,1,10
SF,IC2006,2020-01-16 09:30:07.600,5453.4000,39340,0,15266320.000,0,-,-,-,-,5453.2000,5452.0000,5451.4000,5450.6000,5450.2000,5453.6000,5453.8000,5454.0000,5454.8000,5455.0000,2,1,1,2,2,1,2,1,1,10
SF,IC2006,2020-01-16 09:30:08.100,5453.2000,39338,-2,18538240.000,3,0,3,多平,S,5452.0000,5451.4000,5450.6000,5450.2000,5450.0000,5453.6000,5453.8000,5454.0000,5454.8000,5455.0000,1,1,2,2,5,2,2,1,1,10
SF,IC2006,2020-01-16 09:30:08.600,5453.2000,39338,0,18538240.000,0,-,-,-,-,5452.2000,5452.0000,5450.6000,5450.2000,5450.0000,5453.4000,5453.6000,5453.8000,5454.0000,5454.8000,1,1,2,2,5,1,1,2,1,1
SF,IC2006,2020-01-16 09:30:09.100,5453.6000,39336,-2,20719640.000,2,0,2,双平,S,5452.2000,5452.0000,5450.6000,5450.2000,5450.0000,5453.2000,5453.8000,5454.0000,5454.8000,5455.0000,1,1,2,2,5,5,2,1,1,10
SF,IC2006,2020-01-16 09:30:09.600,5453.2000,39335,-1,21810280.000,1,0,1,双平,S,5452.8000,5452.4000,5452.2000,5452.0000,5450.6000,5453.2000,5453.8000,5454.0000,5454.8000,5455.0000,1,1,1,1,1,6,2,1,1,10
SF,IC2006,2020-01-16 09:30:10.100,5452.8000,39334,-1,22900840.000,1,0,1,双平,S,5452.4000,5452.2000,5452.0000,5451.0000,5450.6000,5452.6000,5453.0000,5453.2000,5453.8000,5454.0000,1,1,1,1,1,1,1,6,2,1
SF,IC2006,2020-01-16 09:30:10.600,5453.2000,39331,-3,27263200.000,4,0,4,多平,S,5452.2000,5452.0000,5451.0000,5450.6000,5450.2000,5453.2000,5453.8000,5454.0000,5454.8000,5455.0000,1,1,1,1,2,4,2,1,1,10
SF,IC2006,2020-01-16 09:30:11.100,5453.2000,39328,-3,30535120.000,3,0,3,双平,S,5452.2000,5452.0000,5451.0000,5450.6000,5450.2000,5453.2000,5453.8000,5454.0000,5454.8000,5455.0000,1,1,1,1,2,4,2,1,1,10
SF,IC2006,2020-01-16 09:30:11.600,5453.2000,39328,0,31625760.000,1,0,1,多换,S,5452.2000,5452.0000,5451.0000,5450.6000,5450.2000,5453.2000,5453.8000,5454.0000,5454.2000,5454.8000,1,1,1,1,2,3,2,1,1,1
SF,IC2006,2020-01-16 09:30:12.100,5453.2000,39328,0,31625760.000,0,-,-,-,-,5452.2000,5452.0000,5451.0000,5450.6000,5450.2000,5453.2000,5453.8000,5454.0000,5454.2000,5454.8000,1,1,1,1,2,3,2,1,1,1
SF,IC2006,2020-01-16 09:30:13.100,5452.2000,39327,-1,32716200.000,1,0,1,双平,S,5452.0000,5451.0000,5450.6000,5450.2000,5450.0000,5453.2000,5453.8000,5454.0000,5454.2000,5454.8000,1,1,1,2,5,3,2,1,1,1
SF,IC2006,2020-01-16 09:30:13.600,5452.2000,39327,0,32716200.000,0,-,-,-,-,5452.0000,5451.6000,5451.0000,5450.6000,5450.2000,5453.0000,5453.2000,5453.8000,5454.0000,5454.2000,1,1,1,1,2,1,3,2,1,1
SF,IC2006,2020-01-16 09:30:14.100,5452.0000,39327,0,33806600.000,1,0,1,多换,S,5451.6000,5451.0000,5450.6000,5450.2000,5450.0000,5452.0000,5452.2000,5453.0000,5453.2000,5453.8000,1,1,1,2,5,1,10,1,3,2
SF,IC2006,2020-01-16 09:30:14.600,5451.6000,39327,0,34896920.000,1,0,1,多换,S,5451.0000,5450.6000,5450.2000,5450.0000,5449.6000,5451.6000,5452.0000,5452.2000,5453.0000,5453.2000,1,1,2,5,2,2,1,10,1,3
SF,IC2006,2020-01-16 09:30:15.100,5451.6000,39324,-3,38167880.000,3,0,3,双平,S,5451.6000,5451.0000,5450.6000,5450.2000,5450.0000,5452.2000,5453.0000,5453.2000,5453.8000,5454.0000,1,1,1,2,5,10,1,3,2,1
SF,IC2006,2020-01-16 09:30:15.600,5451.6000,39323,-1,40348520.000,2,0,2,多平,S,5451.0000,5450.6000,5450.2000,5450.0000,5449.6000,5451.6000,5452.2000,5453.0000,5453.2000,5453.8000,1,1,2,5,2,1,10,1,3,2
SF,IC2006,2020-01-16 09:30:16.100,5451.6000,39323,0,40348520.000,0,-,-,-,-,5451.0000,5450.6000,5450.2000,5450.0000,5449.6000,5451.6000,5452.2000,5453.0000,5453.2000,5453.8000,1,1,2,5,2,1,10,1,3,2
SF,IC2006,2020-01-16 09:30:16.600,5451.0000,39322,-1,41438720.000,1,0,1,双平,S,5450.6000,5450.2000,5450.0000,5449.6000,5446.0000,5451.6000,5452.2000,5453.0000,5453.2000,5453.8000,1,2,5,2,1,1,10,1,3,2
SF,IC2006,2020-01-16 09:30:17.100,5451.4000,39320,-2,43619280.000,2,0,2,双平,S,5450.8000,5450.6000,5450.2000,5450.0000,5449.6000,5452.2000,5453.0000,5453.2000,5453.8000,5454.0000,1,1,2,5,2,10,1,3,2,1
SF,IC2006,2020-01-16 09:30:17.600,5451.0000,39316,-4,47980800.000,4,0,4,双平,S,5450.8000,5450.6000,5450.2000,5450.0000,5449.6000,5452.0000,5452.2000,5453.0000,5453.2000,5453.8000,1,1,2,5,2,1,7,1,3,2
SF,IC2006,2020-01-16 09:30:18.100,5451.0000,39316,0,47980800.000,0,-,-,-,-,5450.8000,5450.6000,5450.2000,5450.0000,5449.6000,5452.0000,5452.2000,5453.0000,5453.2000,5453.8000,1,1,2,5,2,1,7,1,3,2
SF,IC2006,2020-01-16 09:30:18.600,5451.0000,39312,-4,55613600.000,7,1,6,多平,S,5450.8000,5450.6000,5450.2000,5450.0000,5449.6000,5452.2000,5453.0000,5453.2000,5453.8000,5454.0000,1,1,2,5,2,2,1,3,2,1
SF,IC2006,2020-01-16 09:30:19.100,5451.0000,39310,-2,57794240.000,2,0,2,双平,S,5450.8000,5450.6000,5450.2000,5450.0000,5449.6000,5452.2000,5453.0000,5453.2000,5453.8000,5454.0000,1,1,2,5,2,1,1,3,2,1
SF,IC2006,2020-01-16 09:30:19.600,5451.0000,39310,0,57794240.000,0,-,-,-,-,5450.8000,5450.6000,5450.2000,5450.0000,5449.6000,5452.2000,5453.0000,5453.2000,5453.8000,5454.0000,1,1,2,5,2,1,4,3,2,1
SF,IC2006,2020-01-16 09:30:20.100,5450.8000,39308,-2,59974840.000,2,0,2,双平,S,5450.6000,5450.2000,5450.0000,5449.6000,5446.0000,5450.8000,5453.0000,5453.2000,5453.8000,5454.0000,1,2,5,2,1,2,4,4,2,1
SF,IC2006,2020-01-16 09:30:20.600,5450.8000,39306,-2,62155160.000,2,0,2,双平,S,5450.6000,5450.2000,5450.0000,5449.6000,5446.0000,5453.0000,5453.2000,5453.8000,5454.0000,5454.2000,1,2,5,2,1,4,4,2,1,1
SF,IC2006,2020-01-16 09:30:21.100,5450.8000,39306,0,62155160.000,0,-,-,-,-,5450.8000,5450.6000,5450.2000,5450.0000,5449.6000,5452.8000,5453.0000,5453.2000,5453.8000,5454.0000,1,1,2,5,2,1,4,4,2,1
SF,IC2006,2020-01-16 09:30:21.600,5450.8000,39306,0,62155160.000,0,-,-,-,-,5450.8000,5450.6000,5450.2000,5450.0000,5446.0000,5451.8000,5452.6000,5452.8000,5453.0000,5453.2000,1,1,2,5,1,1,1,1,4,4
SF,IC2006,2020-01-16 09:30:22.100,5451.8000,39306,0,63245520.000,1,0,1,多换,S,5450.6000,5450.2000,5450.0000,5446.0000,5445.0000,5452.6000,5452.8000,5453.0000,5453.2000,5453.8000,1,2,5,1,1,1,1,4,4,2
SF,IC2006,2020-01-16 09:30:22.600,5451.8000,39306,0,63245520.000,0,-,-,-,-,5451.8000,5450.8000,5450.6000,5450.2000,5450.0000,5452.4000,5453.0000,5453.2000,5453.8000,5454.0000,1,1,1,2,5,1,4,4,2,1
SF,IC2006,2020-01-16 09:30:23.100,5451.8000,39306,0,64335880.000,1,0,1,多换,S,5450.8000,5450.6000,5450.2000,5450.0000,5446.0000,5452.4000,5453.0000,5453.2000,5453.8000,5454.0000,1,1,2,5,1,1,4,4,2,1
SF,IC2006,2020-01-16 09:30:23.600,5451.8000,39306,0,64335880.000,0,-,-,-,-,5451.6000,5450.8000,5450.6000,5450.2000,5450.0000,5452.2000,5452.4000,5453.0000,5453.2000,5453.8000,1,1,1,2,5,1,1,4,4,2
SF,IC2006,2020-01-16 09:30:24.100,5451.8000,39306,0,64335880.000,0,-,-,-,-,5450.6000,5450.2000,5450.0000,5446.0000,5445.0000,5451.8000,5452.2000,5453.0000,5453.2000,5453.8000,1,2,5,1,1,1,1,4,4,2
SF,IC2006,2020-01-16 09:30:24.600,5451.8000,39306,0,64335880.000,0,-,-,-,-,5450.6000,5450.2000,5450.0000,5446.0000,5445.0000,5450.8000,5451.8000,5452.2000,5453.0000,5453.2000,2,2,5,1,1,1,1,1,4,4
SF,IC2006,2020-01-16 09:30:25.100,5450.8000,39305,-1,65426040.000,1,0,1,双平,S,5450.8000,5450.6000,5450.2000,5450.0000,5446.0000,5451.8000,5453.0000,5453.2000,5453.8000,5454.2000,1,2,2,5,1,1,4,4,1,1
SF,IC2006,2020-01-16 09:30:25.600,5450.8000,39305,0,65426040.000,0,-,-,-,-,5450.6000,5450.2000,5450.0000,5446.0000,5445.0000,5450.8000,5451.0000,5451.6000,5451.8000,5453.0000,2,2,5,1,1,1,1,1,1,4
SF,IC2006,2020-01-16 09:30:26.100,5450.8000,39306,1,68696440.000,3,2,1,空开,S,5450.2000,5450.0000,5446.0000,5445.0000,5443.6000,5450.8000,5451.0000,5451.6000,5451.8000,5453.0000,2,5,1,1,1,3,1,1,1,4
SF,IC2006,2020-01-16 09:30:26.600,5450.8000,39306,0,68696440.000,0,-,-,-,-,5450.2000,5450.0000,5446.0000,5445.0000,5443.6000,5450.6000,5450.8000,5451.0000,5451.8000,5453.0000,2,5,1,1,1,1,3,1,1,4
SF,IC2006,2020-01-16 09:30:27.100,5450.8000,39305,-1,69786600.000,1,0,1,双平,S,5450.2000,5450.0000,5446.0000,5445.0000,5443.6000,5450.8000,5451.0000,5451.8000,5453.0000,5453.2000,2,5,1,1,1,3,1,1,4,4
SF,IC2006,2020-01-16 09:30:27.600,5450.2000,39304,-1,73056840.000,3,1,2,多平,S,5450.0000,5446.0000,5445.0000,5443.6000,5443.2000,5450.2000,5450.8000,5451.0000,5451.8000,5453.0000,5,1,1,1,5,1,2,1,1,4
SF,IC2006,2020-01-16 09:30:28.100,5450.2000,39303,-1,74146880.000,1,0,1,双平,S,5450.2000,5450.0000,5446.0000,5445.0000,5443.6000,5450.8000,5451.0000,5451.8000,5453.0000,5453.2000,1,5,1,1,1,2,1,1,4,4
SF,IC2006,2020-01-16 09:30:28.600,5450.2000,39301,-2,76326960.000,2,0,2,双平,S,5450.0000,5446.0000,5445.0000,5443.6000,5443.2000,5450.6000,5450.8000,5451.0000,5451.8000,5453.0000,5,1,1,1,5,1,2,1,1,4
SF,IC2006,2020-01-16 09:30:29.100,5450.0000,39297,-4,81776960.000,5,0,5,多平,S,5446.0000,5445.0000,5443.6000,5443.2000,5442.0000,5449.4000,5449.6000,5450.0000,5450.2000,5450.6000,1,1,1,5,2,2,2,1,1,1
SF,IC2006,2020-01-16 09:30:29.600,5449.6000,39293,-4,86136520.000,4,0,4,双平,S,5448.8000,5448.6000,5448.0000,5447.8000,5447.2000,5449.6000,5450.0000,5450.2000,5450.6000,5450.8000,1,2,2,1,1,1,1,19,2,2
SF,IC2006,2020-01-16 09:30:30.100,5449.4000,39288,-5,91585360.000,5,0,5,双平,S,5448.0000,5447.2000,5447.0000,5446.4000,5446.2000,5449.6000,5450.0000,5450.2000,5450.6000,5450.8000,2,1,1,3,4,1,1,19,2,2
SF,IC2006,2020-01-16 09:30:30.600,5448.8000,39287,-1,92675120.000,1,0,1,双平,S,5448.2000,5448.0000,5447.2000,5447.0000,5446.4000,5448.8000,5449.6000,5450.0000,5450.2000,5450.6000,2,2,1,1,3,6,1,1,19,2
SF,IC2006,2020-01-16 09:30:31.100,5449.6000,39280,-7,101393360.000,8,0,8,多平,S,5448.2000,5448.0000,5447.2000,5447.0000,5446.4000,5450.2000,5450.6000,5450.8000,5451.0000,5451.8000,2,2,1,1,3,18,2,2,1,1
SF,IC2006,2020-01-16 09:30:31.600,5448.2000,39278,-2,103572680.000,2,0,2,双平,S,5448.2000,5448.0000,5447.2000,5447.0000,5446.4000,5450.0000,5450.2000,5450.6000,5450.8000,5451.0000,1,2,1,1,3,2,18,2,2,1
SF,IC2006,2020-01-16 09:30:32.100,5448.2000,39278,0,103572680.000,0,-,-,-,-,5448.2000,5448.0000,5447.2000,5447.0000,5446.4000,5450.0000,5450.2000,5450.6000,5451.0000,5451.8000,1,2,1,1,3,2,18,2,1,1
SF,IC2006,2020-01-16 09:30:32.600,5450.0000,39277,-1,104662680.000,1,0,1,双平,S,5449.0000,5448.4000,5448.2000,5448.0000,5447.2000,5450.2000,5450.6000,5451.0000,5451.8000,5452.0000,1,3,2,3,1,18,2,1,1,1
SF,IC2006,2020-01-16 09:30:33.100,5450.0000,39277,0,104662680.000,0,-,-,-,-,5449.2000,5449.0000,5448.4000,5448.2000,5448.0000,5449.4000,5450.2000,5450.6000,5451.0000,5451.8000,1,1,3,1,3,1,18,2,1,1
SF,IC2006,2020-01-16 09:30:33.600,5449.4000,39274,-3,107932320.000,3,0,3,双平,S,5449.2000,5449.0000,5448.4000,5448.2000,5448.0000,5450.2000,5450.6000,5451.0000,5451.8000,5452.0000,1,1,3,1,3,18,2,1,1,1
SF,IC2006,2020-01-16 09:30:34.100,5449.4000,39274,0,107932320.000,0,-,-,-,-,5449.4000,5449.2000,5449.0000,5448.4000,5448.2000,5450.2000,5450.6000,5451.0000,5451.8000,5452.0000,1,1,1,2,1,18,2,1,1,1
SF,IC2006,2020-01-16 09:30:34.600,5449.4000,39274,0,107932320.000,0,-,-,-,-,5449.6000,5449.4000,5449.0000,5448.4000,5448.2000,5450.2000,5450.6000,5451.0000,5451.8000,5452.0000,1,1,1,2,1,18,2,1,1,1
SF,IC2006,2020-01-16 09:30:35.100,5450.2000,39271,-3,111202160.000,3,0,3,双平,S,5449.0000,5448.4000,5448.2000,5448.0000,5447.2000,5450.2000,5450.6000,5451.0000,5451.8000,5452.0000,1,1,1,3,1,17,2,1,1,1
SF,IC2006,2020-01-16 09:30:35.600,5450.2000,39271,0,112292200.000,1,0,1,多换,S,5449.4000,5449.0000,5448.4000,5448.2000,5448.0000,5450.2000,5450.6000,5451.0000,5451.8000,5452.0000,1,1,1,1,3,16,2,1,1,1
SF,IC2006,2020-01-16 09:30:36.100,5450.2000,39270,-1,113382240.000,1,0,1,双平,S,5449.4000,5449.0000,5448.4000,5448.2000,5448.0000,5450.2000,5450.6000,5451.0000,5451.8000,5452.0000,1,1,1,1,3,16,2,1,1,1
SF,IC2006,2020-01-16 09:30:36.600,5449.4000,39269,-1,114472120.000,1,0,1,双平,S,5449.0000,5448.4000,5448.2000,5448.0000,5447.2000,5450.2000,5450.6000,5451.0000,5451.8000,5452.0000,1,1,1,4,1,16,2,1,1,1
SF,IC2006,2020-01-16 09:30:37.100,5449.4000,39269,0,114472120.000,0,-,-,-,-,5449.0000,5448.4000,5448.2000,5448.0000,5447.2000,5450.0000,5450.2000,5450.6000,5451.0000,5451.8000,1,1,1,4,1,2,16,2,1,1
SF,IC2006,2020-01-16 09:30:37.600,5450.0000,39268,-1,115562120.000,1,0,1,双平,S,5449.0000,5448.4000,5448.2000,5448.0000,5447.2000,5450.0000,5450.2000,5450.6000,5451.0000,5451.8000,1,1,1,4,1,2,16,2,1,1
SF,IC2006,2020-01-16 09:30:38.100,5450.0000,39268,0,115562120.000,0,-,-,-,-,5449.2000,5449.0000,5448.4000,5448.2000,5448.0000,5450.0000,5450.2000,5450.6000,5451.0000,5451.8000,1,1,1,1,4,2,16,2,1,1
SF,IC2006,2020-01-16 09:30:38.600,5449.8000,39267,-1,117741920.000,2,0,2,多平,S,5449.0000,5448.4000,5448.2000,5448.0000,5447.2000,5450.0000,5450.2000,5450.6000,5451.0000,5451.8000,1,1,1,4,1,2,16,2,1,1
SF,IC2006,2020-01-16 09:30:39.100,5449.0000,39268,1,118831720.000,1,1,0,双开,S,5449.0000,5448.4000,5448.2000,5448.0000,5447.2000,5449.8000,5450.0000,5450.2000,5450.6000,5451.0000,1,1,1,4,1,1,2,17,2,1
SF,IC2006,2020-01-16 09:30:39.600,5449.0000,39267,-1,119921520.000,1,0,1,双平,S,5448.4000,5448.2000,5448.0000,5447.2000,5447.0000,5449.6000,5449.8000,5450.0000,5450.2000,5450.6000,1,1,4,1,1,2,2,1,17,2
SF,IC2006,2020-01-16 09:30:40.100,5449.0000,39267,0,119921520.000,0,-,-,-,-,5448.2000,5448.0000,5447.2000,5447.0000,5446.0000,5449.4000,5449.6000,5450.0000,5450.2000,5450.6000,1,4,1,1,1,1,2,1,17,2
SF,IC2006,2020-01-16 09:30:40.600,5449.2000,39266,-1,121011360.000,1,0,1,双平,S,5448.2000,5448.0000,5446.0000,5443.6000,5443.2000,5449.4000,5449.6000,5450.0000,5450.2000,5450.6000,1,2,1,1,5,1,2,1,17,2
SF,IC2006,2020-01-16 09:30:41.100,5449.2000,39266,0,121011360.000,0,-,-,-,-,5448.4000,5448.2000,5448.0000,5446.0000,5443.6000,5449.4000,5449.6000,5450.0000,5450.2000,5450.6000,1,1,2,1,1,2,1,1,17,2
SF,IC2006,2020-01-16 09:30:41.600,5449.2000,39266,0,121011360.000,0,-,-,-,-,5448.4000,5448.2000,5448.0000,5446.0000,5443.6000,5449.4000,5449.6000,5450.2000,5450.6000,5451.0000,1,1,2,1,1,1,1,17,2,1
SF,IC2006,2020-01-16 09:30:42.100,5449.4000,39265,-1,122101240.000,1,0,1,双平,S,5448.2000,5448.0000,5446.0000,5443.6000,5443.2000,5449.6000,5450.2000,5450.6000,5451.0000,5451.8000,1,2,1,1,5,1,17,2,1,1
SF,IC2006,2020-01-16 09:30:42.600,5449.4000,39265,0,122101240.000,0,-,-,-,-,5448.4000,5448.2000,5448.0000,5446.0000,5443.6000,5450.2000,5450.6000,5451.0000,5451.8000,5452.0000,1,1,3,1,1,17,2,1,1,1
SF,IC2006,2020-01-16 09:30:43.100,5448.4000,39264,-1,123190920.000,1,0,1,双平,S,5448.2000,5448.0000,5446.0000,5443.6000,5443.2000,5450.0000,5450.2000,5450.6000,5451.0000,5451.8000,1,3,1,1,5,1,17,2,1,1
SF,IC2006,2020-01-16 09:30:43.600,5448.2000,39262,-2,125370520.000,2,0,2,双平,S,5448.0000,5446.0000,5443.6000,5443.2000,5442.0000,5448.2000,5450.0000,5450.2000,5450.6000,5451.0000,3,1,1,5,2,1,1,17,2,1
SF,IC2006,2020-01-16 09:30:44.100,5448.2000,39261,-1,126460160.000,1,0,1,双平,S,5448.2000,5448.0000,5446.0000,5443.6000,5443.2000,5450.0000,5450.2000,5450.6000,5451.0000,5451.8000,1,4,1,1,5,1,17,2,1,1
SF,IC2006,2020-01-16 09:30:44.600,5448.2000,39261,0,126460160.000,0,-,-,-,-,5448.2000,5448.0000,5446.0000,5443.6000,5443.2000,5449.8000,5450.0000,5450.2000,5450.6000,5451.0000,1,4,1,1,5,1,1,17,2,1
SF,IC2006,2020-01-16 09:30:45.100,5448.2000,39258,-3,129729640.000,3,0,3,双平,S,5448.0000,5446.0000,5443.6000,5443.2000,5442.0000,5449.8000,5450.0000,5450.2000,5450.6000,5451.0000,2,1,1,5,2,2,1,17,2,1
SF,IC2006,2020-01-16 09:30:45.600,5448.2000,39258,0,129729640.000,0,-,-,-,-,5448.0000,5446.0000,5443.6000,5443.2000,5442.0000,5448.2000,5449.6000,5449.8000,5450.0000,5450.2000,2,1,1,5,2,2,3,1,1,17
SF,IC2006,2020-01-16 09:30:46.100,5448.2000,39257,-1,132998480.000,3,1,2,多平,S,5446.0000,5443.6000,5443.2000,5442.0000,5440.6000,5448.2000,5449.6000,5449.8000,5450.2000,5450.6000,1,1,5,2,1,1,3,1,17,2
SF,IC2006,2020-01-16 09:30:46.600,5448.2000,39256,-1,134088120.000,1,0,1,双平,S,5447.2000,5446.4000,5446.2000,5446.0000,5443.6000,5449.6000,5449.8000,5450.2000,5450.6000,5451.0000,1,2,3,2,1,3,1,17,2,1
SF,IC2006,2020-01-16 09:30:47.100,5447.4000,39254,-2,136267080.000,2,0,2,双平,S,5446.4000,5446.2000,5446.0000,5443.6000,5443.2000,5447.2000,5449.4000,5449.6000,5450.2000,5450.6000,2,1,2,1,5,5,1,2,17,2
SF,IC2006,2020-01-16 09:30:47.600,5447.2000,39249,-5,141714280.000,5,0,5,双平,S,5447.2000,5446.6000,5446.4000,5446.0000,5443.6000,5449.4000,5449.6000,5450.2000,5450.6000,5451.0000,2,1,2,2,1,1,2,17,1,1
SF,IC2006,2020-01-16 09:30:48.100,5448.4000,39250,1,142803960.000,1,1,0,双开,S,5447.2000,5446.6000,5446.4000,5446.0000,5443.6000,5449.2000,5449.4000,5449.6000,5450.2000,5450.6000,1,1,2,2,1,2,1,2,17,1
SF,IC2006,2020-01-16 09:30:48.600,5448.4000,39250,0,142803960.000,0,-,-,-,-,5446.6000,5446.4000,5446.0000,5443.6000,5443.2000,5449.0000,5449.2000,5449.6000,5450.2000,5450.6000,1,2,2,1,5,1,2,2,17,1
SF,IC2006,2020-01-16 09:30:49.100,5448.8000,39249,-1,143893720.000,1,0,1,双平,S,5447.4000,5446.4000,5446.0000,5443.6000,5443.2000,5448.8000,5449.0000,5449.2000,5450.2000,5450.6000,1,2,2,1,5,2,1,1,17,1
SF,IC2006,2020-01-16 09:30:49.600,5448.8000,39249,0,143893720.000,0,-,-,-,-,5447.4000,5446.0000,5443.6000,5443.2000,5442.0000,5448.6000,5448.8000,5449.2000,5450.2000,5450.6000,1,1,1,5,2,1,2,1,17,1
SF,IC2006,2020-01-16 09:30:50.100,5447.4000,39249,0,144983200.000,1,0,1,多换,S,5446.0000,5444.8000,5443.6000,5443.2000,5442.0000,5448.8000,5449.2000,5450.2000,5450.6000,5451.8000,1,1,1,5,2,2,1,17,1,1
SF,IC2006,2020-01-16 09:30:50.600,5447.4000,39249,0,146072680.000,1,0,1,多换,S,5446.2000,5446.0000,5444.8000,5443.6000,5443.2000,5448.6000,5448.8000,5450.2000,5450.6000,5451.8000,2,1,1,1,5,2,2,17,1,1
SF,IC2006,2020-01-16 09:30:51.100,5447.4000,39249,0,146072680.000,0,-,-,-,-,5446.4000,5446.2000,5446.0000,5444.8000,5443.6000,5448.6000,5450.2000,5450.6000,5451.8000,5452.0000,1,2,1,1,1,1,17,1,1,1
SF,IC2006,2020-01-16 09:30:51.600,5447.4000,39249,0,146072680.000,0,-,-,-,-,5446.6000,5446.4000,5446.0000,5444.8000,5443.6000,5448.4000,5448.6000,5450.2000,5450.6000,5451.8000,1,1,2,1,1,2,1,17,1,1
SF,IC2006,2020-01-16 09:30:52.100,5447.4000,39249,0,146072680.000,0,-,-,-,-,5446.8000,5446.6000,5446.4000,5446.0000,5444.8000,5448.6000,5450.2000,5450.6000,5451.8000,5452.0000,2,1,1,2,1,1,17,1,1,1
SF,IC2006,2020-01-16 09:30:52.600,5447.0000,39246,-3,149340920.000,3,0,3,双平,S,5447.0000,5446.8000,5446.0000,5444.8000,5443.6000,5448.6000,5450.2000,5450.6000,5451.8000,5452.0000,2,2,2,1,1,1,17,1,1,1
SF,IC2006,2020-01-16 09:30:53.100,5447.0000,39246,0,149340920.000,0,-,-,-,-,5447.2000,5447.0000,5446.0000,5444.8000,5443.6000,5448.6000,5450.0000,5450.2000,5450.6000,5451.8000,1,2,2,1,1,1,1,17,1,1
SF,IC2006,2020-01-16 09:30:53.600,5447.0000,39246,0,149340920.000,0,-,-,-,-,5447.4000,5447.2000,5447.0000,5446.0000,5444.8000,5448.6000,5450.0000,5450.2000,5450.6000,5451.8000,1,1,1,2,1,1,1,17,1,1
SF,IC2006,2020-01-16 09:30:54.100,5447.0000,39246,0,149340920.000,0,-,-,-,-,5447.6000,5447.4000,5447.2000,5446.0000,5444.8000,5448.6000,5450.0000,5450.2000,5450.6000,5452.0000,1,1,3,2,1,1,1,17,1,1
SF,IC2006,2020-01-16 09:30:54.600,5448.6000,39245,-1,150430640.000,1,0,1,双平,S,5447.8000,5447.6000,5447.2000,5447.0000,5446.0000,5450.0000,5450.2000,5450.6000,5452.0000,5453.0000,1,2,1,1,2,1,17,1,1,4
SF,IC2006,2020-01-16 09:30:55.100,5448.0000,39244,-1,151520240.000,1,0,1,双平,S,5447.8000,5447.2000,5447.0000,5446.0000,5444.8000,5449.8000,5450.0000,5450.2000,5450.6000,5452.0000,2,1,1,2,1,1,1,17,1,1
SF,IC2006,2020-01-16 09:30:55.600,5448.0000,39244,0,151520240.000,0,-,-,-,-,5448.0000,5447.8000,5447.2000,5447.0000,5446.0000,5449.8000,5450.0000,5450.2000,5450.6000,5452.0000,2,1,1,1,2,1,1,17,1,1
SF,IC2006,2020-01-16 09:30:56.100,5448.0000,39242,-2,153699440.000,2,0,2,双平,S,5448.0000,5447.8000,5447.2000,5447.0000,5446.0000,5449.8000,5450.0000,5450.2000,5450.6000,5452.0000,1,1,1,1,2,1,1,17,1,1
SF,IC2006,2020-01-16 09:30:56.600,5448.0000,39242,0,153699440.000,0,-,-,-,-,5447.8000,5447.2000,5447.0000,5446.0000,5444.8000,5449.8000,5450.0000,5450.2000,5452.0000,5453.0000,1,1,1,2,1,1,1,17,1,4
SF,IC2006,2020-01-16 09:30:57.100,5448.0000,39242,0,153699440.000,0,-,-,-,-,5447.8000,5447.2000,5447.0000,5446.0000,5444.8000,5449.6000,5449.8000,5450.0000,5450.2000,5452.0000,1,1,1,2,1,1,1,1,17,1
SF,IC2006,2020-01-16 09:30:57.600,5448.0000,39242,0,153699440.000,0,-,-,-,-,5447.8000,5447.2000,5447.0000,5446.0000,5444.8000,5449.4000,5449.6000,5450.0000,5450.2000,5452.0000,1,1,1,2,1,1,1,1,17,1
SF,IC2006,2020-01-16 09:30:58.100,5448.0000,39242,0,154789040.000,1,0,1,多换,S,5448.2000,5448.0000,5447.8000,5447.2000,5447.0000,5449.4000,5449.6000,5450.0000,5450.2000,5452.0000,1,1,1,1,1,1,1,1,17,1
SF,IC2006,2020-01-16 09:30:58.600,5448.0000,39242,0,154789040.000,0,-,-,-,-,5448.2000,5447.8000,5447.2000,5447.0000,5446.0000,5449.4000,5449.6000,5450.0000,5450.2000,5452.0000,1,1,1,1,2,1,1,1,17,1
SF,IC2006,2020-01-16 09:30:59.100,5448.0000,39242,0,154789040.000,0,-,-,-,-,5448.2000,5447.8000,5447.2000,5447.0000,5446.0000,5449.4000,5449.6000,5450.0000,5450.2000,5452.0000,1,1,1,1,2,1,1,1,17,1
SF,IC2006,2020-01-16 09:30:59.600,5448.0000,39240,-2,156968240.000,2,0,2,双平,S,5447.2000,5447.0000,5446.0000,5444.8000,5443.6000,5448.0000,5449.6000,5450.0000,5450.2000,5452.0000,1,1,2,1,1,8,1,1,17,1
SF,IC2006,2020-01-16 09:31:00.100,5448.0000,39231,-9,166774640.000,9,0,9,双平,S,5448.0000,5447.6000,5447.2000,5447.0000,5446.0000,5450.0000,5450.2000,5452.0000,5453.0000,5453.2000,5,1,1,1,2,1,17,1,4,1
SF,IC2006,2020-01-16 09:31:00.600,5448.0000,39231,0,166774640.000,0,-,-,-,-,5448.2000,5448.0000,5447.6000,5447.2000,5447.0000,5449.8000,5450.0000,5450.2000,5452.0000,5453.0000,1,4,1,1,1,1,1,17,1,4
SF,IC2006,2020-01-16 09:31:01.100,5448.0000,39231,0,166774640.000,0,-,-,-,-,5449.0000,5448.2000,5448.0000,5447.6000,5447.2000,5449.8000,5450.0000,5450.2000,5452.0000,5453.0000,1,1,4,1,1,1,1,17,1,4
SF,IC2006,2020-01-16 09:31:01.600,5448.2000,39229,-2,168954240.000,2,0,2,双平,S,5448.0000,5447.6000,5447.2000,5447.0000,5446.0000,5450.0000,5450.2000,5452.0000,5453.0000,5453.2000,4,1,1,1,2,1,17,1,4,1
SF,IC2006,2020-01-16 09:31:02.100,5448.2000,39229,0,168954240.000,0,-,-,-,-,5449.2000,5448.0000,5447.6000,5447.2000,5446.4000,5449.8000,5450.0000,5450.2000,5452.0000,5453.0000,1,5,1,1,1,1,1,17,1,4
SF,IC2006,2020-01-16 09:31:02.600,5449.8000,39227,-2,172224000.000,3,0,3,多平,S,5448.2000,5448.0000,5447.6000,5447.2000,5446.4000,5450.0000,5450.2000,5451.0000,5452.0000,5453.0000,1,5,1,1,1,1,17,1,1,4
SF,IC2006,2020-01-16 09:31:03.100,5449.8000,39227,0,172224000.000,0,-,-,-,-,5449.4000,5448.4000,5448.2000,5448.0000,5447.6000,5449.8000,5450.0000,5450.2000,5451.0000,5452.0000,1,1,1,4,1,1,1,17,1,1
SF,IC2006,2020-01-16 09:31:03.600,5449.4000,39226,-1,173313880.000,1,0,1,双平,S,5448.4000,5448.2000,5448.0000,5447.6000,5447.2000,5450.0000,5450.2000,5451.0000,5452.0000,5453.0000,1,1,3,1,1,1,17,1,1,4
SF,IC2006,2020-01-16 09:31:04.100,5449.4000,39226,0,173313880.000,0,-,-,-,-,5448.2000,5448.0000,5447.6000,5447.2000,5446.4000,5449.8000,5450.0000,5450.2000,5451.0000,5452.0000,1,3,1,1,1,1,1,17,1,1
SF,IC2006,2020-01-16 09:31:04.600,5449.4000,39226,0,173313880.000,0,-,-,-,-,5448.4000,5448.2000,5448.0000,5447.6000,5447.2000,5449.6000,5449.8000,5450.0000,5450.2000,5451.0000,1,1,3,1,1,1,1,1,17,1
SF,IC2006,2020-01-16 09:31:05.100,5449.8000,39224,-2,175493760.000,2,0,2,双平,S,5448.4000,5448.2000,5448.0000,5447.6000,5447.2000,5450.0000,5450.2000,5451.0000,5452.0000,5453.0000,1,1,3,1,1,1,17,1,1,4
SF,IC2006,2020-01-16 09:31:05.600,5449.8000,39224,0,175493760.000,0,-,-,-,-,5448.6000,5448.4000,5448.2000,5448.0000,5447.6000,5450.0000,5450.2000,5451.0000,5452.0000,5453.0000,1,1,1,3,1,1,17,1,1,4
SF,IC2006,2020-01-16 09:31:06.100,5449.8000,39224,0,175493760.000,0,-,-,-,-,5448.8000,5448.6000,5448.2000,5448.0000,5447.6000,5450.0000,5450.2000,5451.0000,5452.0000,5453.0000,1,1,1,3,1,1,17,1,1,4
SF,IC2006,2020-01-16 09:31:06.600,5450.0000,39224,0,176583760.000,1,0,1,多换,S,5448.8000,5448.6000,5448.2000,5448.0000,5447.6000,5450.2000,5451.0000,5452.0000,5453.0000,5453.2000,1,1,1,1,1,17,1,1,4,1
SF,IC2006,2020-01-16 09:31:07.100,5450.2000,39218,-6,183124000.000,6,0,6,双平,S,5450.0000,5448.8000,5448.2000,5448.0000,5447.6000,5450.2000,5451.0000,5452.0000,5453.0000,5453.2000,2,1,1,1,1,11,1,1,4,1
SF,IC2006,2020-01-16 09:31:07.600,5450.2000,39218,0,183124000.000,0,-,-,-,-,5450.0000,5449.0000,5448.8000,5448.2000,5448.0000,5450.2000,5451.0000,5452.0000,5453.0000,5453.2000,2,1,1,1,1,11,1,1,4,1
SF,IC2006,2020-01-16 09:31:08.100,5450.0000,39218,0,185304000.000,2,1,1,多换,S,5449.0000,5448.8000,5448.0000,5447.6000,5447.2000,5450.0000,5450.2000,5451.0000,5452.0000,5453.0000,1,1,1,1,1,1,11,1,1,4
SF,IC2006,2020-01-16 09:31:08.600,5450.0000,39218,0,185304000.000,0,-,-,-,-,5449.0000,5448.8000,5448.0000,5447.6000,5447.2000,5450.0000,5450.2000,5451.0000,5452.0000,5453.0000,1,1,1,1,1,1,11,1,2,4
SF,IC2006,2020-01-16 09:31:09.100,5450.2000,39218,0,186394040.000,1,0,1,多换,S,5449.6000,5449.2000,5449.0000,5448.0000,5447.6000,5450.2000,5451.0000,5452.0000,5453.0000,5453.2000,1,1,1,1,1,10,1,2,4,1
SF,IC2006,2020-01-16 09:31:09.600,5450.2000,39210,-8,197294440.000,10,1,9,多平,S,5450.2000,5449.6000,5449.0000,5448.0000,5447.6000,5451.0000,5452.0000,5453.0000,5453.2000,5455.0000,2,2,1,1,1,1,2,4,1,14
SF,IC2006,2020-01-16 09:31:10.100,5450.2000,39210,0,197294440.000,0,-,-,-,-,5450.4000,5450.2000,5449.6000,5448.0000,5447.6000,5451.0000,5452.0000,5453.0000,5453.2000,5455.0000,1,1,1,2,1,1,2,4,1,14
SF,IC2006,2020-01-16 09:31:10.600,5450.2000,39210,0,197294440.000,0,-,-,-,-,5450.2000,5448.0000,5447.6000,5447.2000,5446.4000,5451.0000,5452.0000,5453.0000,5453.2000,5455.0000,1,2,1,1,1,1,2,4,1,14
SF,IC2006,2020-01-16 09:31:11.100,5450.2000,39210,0,197294440.000,0,-,-,-,-,5450.2000,5448.0000,5447.6000,5447.2000,5446.4000,5451.0000,5452.0000,5453.0000,5453.2000,5455.0000,1,1,1,1,1,1,2,4,1,14
SF,IC2006,2020-01-16 09:31:11.600,5450.2000,39210,0,197294440.000,0,-,-,-,-,5450.4000,5450.2000,5448.0000,5447.6000,5447.2000,5451.0000,5452.0000,5453.0000,5453.2000,5455.0000,1,1,1,1,1,1,2,4,1,14
SF,IC2006,2020-01-16 09:31:12.100,5450.2000,39210,0,197294440.000,0,-,-,-,-,5450.2000,5448.0000,5447.6000,5447.2000,5446.4000,5451.0000,5452.0000,5453.0000,5453.2000,5455.0000,1,1,1,1,1,1,2,4,1,14
SF,IC2006,2020-01-16 09:31:12.600,5450.2000,39210,0,197294440.000,0,-,-,-,-,5450.2000,5450.0000,5448.0000,5447.6000,5447.2000,5450.8000,5451.0000,5452.0000,5453.0000,5453.2000,1,1,1,1,1,1,1,2,4,1
SF,IC2006,2020-01-16 09:31:13.100,5450.2000,39210,0,197294440.000,0,-,-,-,-,5450.4000,5450.2000,5450.0000,5448.0000,5447.6000,5450.8000,5451.0000,5452.0000,5453.0000,5453.2000,1,1,1,1,1,1,1,2,4,1
SF,IC2006,2020-01-16 09:31:13.600,5450.4000,39209,-1,198384520.000,1,0,1,双平,S,5450.2000,5448.0000,5447.6000,5447.2000,5446.4000,5451.0000,5452.0000,5453.0000,5453.2000,5455.0000,1,1,1,1,1,1,2,4,1,14
SF,IC2006,2020-01-16 09:31:14.100,5450.8000,39206,-3,201655000.000,3,0,3,双平,S,5450.8000,5450.6000,5450.2000,5448.0000,5447.6000,5451.0000,5452.0000,5453.0000,5453.2000,5455.0000,1,1,1,1,1,1,2,4,1,14
SF,IC2006,2020-01-16 09:31:14.600,5451.0000,39204,-2,203835360.000,2,0,2,双平,S,5451.0000,5450.6000,5450.4000,5450.2000,5448.0000,5452.0000,5453.0000,5453.2000,5455.0000,5456.0000,1,1,1,1,1,2,4,1,14,1
SF,IC2006,2020-01-16 09:31:15.100,5451.0000,39204,0,203835360.000,0,-,-,-,-,5451.0000,5450.6000,5450.2000,5448.0000,5447.6000,5452.0000,5453.0000,5453.2000,5455.0000,5456.0000,1,1,1,1,1,2,4,1,14,1
SF,IC2006,2020-01-16 09:31:15.600,5451.0000,39204,0,203835360.000,0,-,-,-,-,5451.4000,5451.2000,5451.0000,5450.2000,5448.0000,5451.8000,5452.0000,5453.0000,5453.2000,5455.0000,1,1,1,1,2,1,1,4,1,14
SF,IC2006,2020-01-16 09:31:16.100,5451.0000,39204,0,203835360.000,0,-,-,-,-,5451.2000,5451.0000,5448.0000,5447.6000,5447.2000,5451.8000,5452.0000,5453.0000,5453.2000,5455.0000,1,1,2,1,1,1,1,4,1,15
SF,IC2006,2020-01-16 09:31:16.600,5451.0000,39204,0,203835360.000,0,-,-,-,-,5451.2000,5451.0000,5448.0000,5447.6000,5447.2000,5451.8000,5452.0000,5453.0000,5453.2000,5455.0000,1,1,2,1,1,1,1,4,1,15
SF,IC2006,2020-01-16 09:31:18.100,5451.0000,39204,0,203835360.000,0,-,-,-,-,5451.2000,5451.0000,5448.0000,5447.6000,5447.2000,5451.8000,5452.0000,5453.0000,5453.2000,5455.0000,1,2,3,1,1,1,1,4,1,15
SF,IC2006,2020-01-16 09:31:19.600,5451.0000,39204,0,203835360.000,0,-,-,-,-,5451.2000,5451.0000,5450.0000,5448.0000,5447.6000,5451.8000,5452.0000,5453.0000,5453.2000,5455.0000,1,2,1,3,1,1,1,4,1,15
SF,IC2006,2020-01-16 09:31:20.100,5451.0000,39204,0,203835360.000,0,-,-,-,-,5451.2000,5451.0000,5450.0000,5448.0000,5447.6000,5451.8000,5452.0000,5453.0000,5453.2000,5455.0000,1,1,1,3,1,1,1,4,1,15
SF,IC2006,2020-01-16 09:31:20.600,5451.0000,39204,0,203835360.000,0,-,-,-,-,5451.0000,5450.0000,5448.0000,5447.6000,5447.2000,5451.8000,5452.0000,5453.0000,5453.2000,5455.0000,4,1,3,1,1,1,1,4,1,15
SF,IC2006,2020-01-16 09:31:21.100,5451.8000,39203,-1,204925720.000,1,0,1,双平,S,5451.0000,5450.0000,5448.0000,5447.6000,5447.2000,5452.0000,5453.0000,5453.2000,5455.0000,5456.0000,3,1,3,1,1,1,4,1,15,1
SF,IC2006,2020-01-16 09:31:21.600,5452.0000,39202,-1,206016120.000,1,0,1,双平,S,5451.0000,5450.0000,5448.0000,5447.6000,5447.2000,5453.0000,5453.2000,5455.0000,5456.0000,5456.2000,3,1,3,1,1,4,1,15,1,1
SF,IC2006,2020-01-16 09:31:22.100,5452.0000,39202,0,206016120.000,0,-,-,-,-,5451.2000,5451.0000,5450.0000,5449.0000,5448.0000,5452.8000,5453.0000,5453.2000,5455.0000,5456.0000,2,3,1,1,3,1,4,1,15,1
SF,IC2006,2020-01-16 09:31:22.600,5452.0000,39202,0,206016120.000,0,-,-,-,-,5452.0000,5451.2000,5451.0000,5450.0000,5449.0000,5452.8000,5453.0000,5453.2000,5455.0000,5456.0000,1,2,3,1,1,1,4,1,15,1
SF,IC2006,2020-01-16 09:31:24.100,5452.0000,39202,0,206016120.000,0,-,-,-,-,5452.2000,5452.0000,5451.2000,5451.0000,5450.0000,5452.8000,5453.0000,5453.2000,5455.0000,5456.0000,1,1,1,3,1,1,4,1,15,1
SF,IC2006,2020-01-16 09:31:25.100,5452.0000,39202,0,206016120.000,0,-,-,-,-,5452.0000,5451.2000,5451.0000,5450.0000,5449.0000,5452.8000,5453.0000,5453.2000,5455.0000,5456.0000,1,1,3,1,1,1,4,1,15,1
SF,IC2006,2020-01-16 09:31:26.100,5452.0000,39202,0,206016120.000,0,-,-,-,-,5452.0000,5451.2000,5451.0000,5450.0000,5449.0000,5452.8000,5453.0000,5453.2000,5454.8000,5455.0000,1,1,3,1,1,1,4,1,1,14
SF,IC2006,2020-01-16 09:31:26.600,5452.0000,39202,0,206016120.000,0,-,-,-,-,5452.8000,5452.0000,5451.2000,5451.0000,5450.0000,5453.0000,5453.2000,5454.8000,5455.0000,5456.0000,3,1,1,3,1,4,1,1,14,1
SF,IC2006,2020-01-16 09:31:27.100,5452.8000,39199,-3,209287800.000,3,0,3,双平,S,5452.0000,5451.2000,5451.0000,5450.0000,5449.0000,5452.8000,5453.0000,5453.2000,5454.8000,5455.0000,1,1,3,1,1,2,4,1,1,14
SF,IC2006,2020-01-16 09:31:27.600,5452.0000,39199,0,210378200.000,1,0,1,多换,S,5451.2000,5451.0000,5450.0000,5449.0000,5448.0000,5452.8000,5453.0000,5453.2000,5454.8000,5455.0000,1,3,1,1,3,2,4,1,1,14
SF,IC2006,2020-01-16 09:31:28.100,5452.0000,39199,0,210378200.000,0,-,-,-,-,5451.2000,5451.0000,5450.0000,5449.0000,5448.0000,5452.6000,5452.8000,5453.0000,5453.2000,5454.8000,1,3,1,1,2,1,2,4,1,1
SF,IC2006,2020-01-16 09:31:28.600,5452.0000,39199,0,210378200.000,0,-,-,-,-,5451.0000,5450.0000,5449.0000,5448.0000,5447.6000,5452.6000,5452.8000,5453.0000,5453.2000,5454.8000,3,1,1,2,1,1,2,4,1,1
SF,IC2006,2020-01-16 09:31:29.100,5452.0000,39199,0,210378200.000,0,-,-,-,-,5452.0000,5451.0000,5450.0000,5449.0000,5448.0000,5452.6000,5452.8000,5453.0000,5453.2000,5454.8000,1,3,1,1,2,1,2,4,1,1
SF,IC2006,2020-01-16 09:31:29.600,5452.0000,39198,-1,211468600.000,1,0,1,双平,S,5451.0000,5450.0000,5449.0000,5448.0000,5447.6000,5452.0000,5452.6000,5453.0000,5453.2000,5454.8000,3,1,1,2,1,2,1,4,1,1
SF,IC2006,2020-01-16 09:31:30.100,5452.0000,39198,0,211468600.000,0,-,-,-,-,5451.2000,5451.0000,5450.0000,5449.0000,5448.0000,5452.0000,5452.6000,5452.8000,5453.0000,5453.2000,2,3,1,1,2,2,1,1,4,1
SF,IC2006,2020-01-16 09:31:30.600,5452.0000,39198,0,211468600.000,0,-,-,-,-,5451.2000,5451.0000,5450.0000,5449.0000,5448.2000,5452.0000,5452.6000,5452.8000,5453.0000,5453.2000,1,3,1,1,1,2,1,1,4,1
SF,IC2006,2020-01-16 09:31:31.100,5452.0000,39198,0,212559000.000,1,0,1,多换,S,5451.0000,5450.0000,5449.0000,5448.2000,5448.0000,5452.0000,5452.6000,5452.8000,5453.0000,5453.2000,3,1,1,1,2,1,1,1,4,1
SF,IC2006,2020-01-16 09:31:31.600,5452.0000,39199,1,213649400.000,1,1,0,双开,S,5451.0000,5450.0000,5449.0000,5448.2000,5448.0000,5452.6000,5452.8000,5453.0000,5453.2000,5454.8000,3,1,1,1,2,1,1,4,1,1
SF,IC2006,2020-01-16 09:31:32.100,5452.0000,39199,0,213649400.000,0,-,-,-,-,5452.0000,5451.0000,5450.0000,5449.0000,5448.2000,5452.6000,5452.8000,5453.0000,5453.2000,5454.8000,1,3,1,1,1,1,1,4,1,1
SF,IC2006,2020-01-16 09:31:32.600,5452.0000,39199,0,214739800.000,1,0,1,多换,S,5451.0000,5450.0000,5449.0000,5448.2000,5448.0000,5452.0000,5452.6000,5452.8000,5453.0000,5453.2000,3,1,1,1,2,1,1,1,4,1
SF,IC2006,2020-01-16 09:31:33.100,5452.0000,39199,0,214739800.000,0,-,-,-,-,5451.0000,5450.0000,5449.0000,5448.2000,5448.0000,5452.0000,5452.6000,5452.8000,5453.0000,5453.2000,3,1,1,1,2,1,1,1,4,1
SF,IC2006,2020-01-16 09:31:33.600,5452.6000,39199,0,218010920.000,3,1,2,多换,S,5451.0000,5450.0000,5449.0000,5448.2000,5448.0000,5452.8000,5453.0000,5453.2000,5454.8000,5455.0000,2,1,1,1,2,1,4,1,1,14
SF,IC2006,2020-01-16 09:31:34.100,5451.2000,39198,-1,219101160.000,1,0,1,双平,S,5451.0000,5450.0000,5449.0000,5448.2000,5448.0000,5452.8000,5453.0000,5453.2000,5454.8000,5455.0000,2,1,1,1,2,3,4,1,1,14
SF,IC2006,2020-01-16 09:31:34.600,5451.0000,39198,0,221281560.000,2,1,1,多换,S,5450.0000,5449.0000,5448.2000,5448.0000,5447.6000,5451.0000,5452.6000,5452.8000,5453.0000,5453.2000,1,1,1,2,1,1,1,3,4,1
SF,IC2006,2020-01-16 09:31:35.100,5451.0000,39198,0,221281560.000,0,-,-,-,-,5450.6000,5450.2000,5450.0000,5449.0000,5448.2000,5451.0000,5452.6000,5452.8000,5453.0000,5453.2000,1,1,1,1,1,1,1,3,4,1
SF,IC2006,2020-01-16 09:31:35.600,5451.0000,39198,0,221281560.000,0,-,-,-,-,5450.4000,5450.2000,5450.0000,5449.0000,5448.2000,5451.0000,5452.6000,5452.8000,5453.0000,5453.2000,1,1,1,1,1,1,1,3,4,1
SF,IC2006,2020-01-16 09:31:36.100,5451.0000,39198,0,221281560.000,0,-,-,-,-,5450.4000,5450.2000,5450.0000,5449.0000,5448.2000,5451.0000,5452.6000,5452.8000,5453.0000,5453.2000,2,1,1,1,1,1,1,3,4,1
SF,IC2006,2020-01-16 09:31:36.600,5451.0000,39198,0,222371760.000,1,0,1,多换,S,5450.6000,5450.4000,5450.2000,5450.0000,5449.0000,5452.6000,5452.8000,5453.0000,5453.2000,5454.8000,1,2,1,1,1,1,3,4,1,1
SF,IC2006,2020-01-16 09:31:37.100,5451.0000,39198,0,222371760.000,0,-,-,-,-,5450.4000,5450.2000,5450.0000,5449.0000,5448.2000,5452.2000,5452.6000,5452.8000,5453.0000,5453.2000,2,1,1,1,1,1,1,3,4,1
SF,IC2006,2020-01-16 09:31:37.600,5451.0000,39198,0,222371760.000,0,-,-,-,-,5450.4000,5450.2000,5450.0000,5449.0000,5448.2000,5452.0000,5452.2000,5452.8000,5453.0000,5453.2000,1,1,1,1,1,1,1,3,4,1
SF,IC2006,2020-01-16 09:31:38.100,5451.0000,39198,0,222371760.000,0,-,-,-,-,5450.6000,5450.4000,5450.2000,5450.0000,5449.0000,5451.0000,5452.0000,5452.2000,5452.8000,5453.0000,2,1,1,1,1,2,1,1,3,4
SF,IC2006,2020-01-16 09:31:38.600,5450.6000,39197,-1,223461880.000,1,0,1,双平,S,5450.4000,5450.2000,5450.0000,5449.0000,5448.2000,5451.0000,5452.2000,5452.8000,5453.0000,5453.2000,1,1,1,1,1,2,1,3,4,1
SF,IC2006,2020-01-16 09:31:39.100,5451.0000,39196,-1,224552080.000,1,0,1,双平,S,5450.4000,5450.2000,5450.0000,5449.0000,5448.2000,5451.0000,5452.2000,5452.8000,5453.0000,5453.2000,1,1,1,1,1,1,1,3,4,1
SF,IC2006,2020-01-16 09:31:39.600,5451.0000,39195,-1,225642280.000,1,0,1,双平,S,5450.6000,5450.4000,5450.0000,5449.0000,5448.2000,5452.2000,5452.8000,5453.0000,5453.2000,5454.8000,2,1,1,1,1,1,3,4,1,1
SF,IC2006,2020-01-16 09:31:40.100,5451.0000,39195,0,225642280.000,0,-,-,-,-,5451.0000,5450.6000,5450.4000,5450.0000,5449.0000,5452.0000,5452.2000,5452.8000,5453.0000,5453.2000,2,1,1,1,1,1,1,3,8,1
SF,IC2006,2020-01-16 09:31:41.100,5451.0000,39195,0,225642280.000,0,-,-,-,-,5451.0000,5450.6000,5450.4000,5450.0000,5449.0000,5452.0000,5452.2000,5452.8000,5453.0000,5453.2000,2,2,1,1,1,1,1,3,8,1
SF,IC2006,2020-01-16 09:31:41.600,5451.0000,39195,0,225642280.000,0,-,-,-,-,5451.2000,5451.0000,5450.6000,5450.4000,5450.0000,5452.0000,5452.2000,5452.8000,5453.0000,5453.2000,1,2,2,1,1,1,1,3,8,1
SF,IC2006,2020-01-16 09:31:43.100,5451.0000,39195,0,225642280.000,0,-,-,-,-,5451.2000,5451.0000,5450.6000,5450.4000,5450.0000,5451.6000,5452.0000,5452.2000,5452.8000,5453.0000,1,2,2,1,1,2,1,1,3,8
SF,IC2006,2020-01-16 09:31:43.600,5451.0000,39195,0,225642280.000,0,-,-,-,-,5451.2000,5451.0000,5450.6000,5450.4000,5450.0000,5452.0000,5452.2000,5452.8000,5453.0000,5453.2000,1,2,2,1,1,1,1,3,8,1
SF,IC2006,2020-01-16 09:31:44.100,5451.0000,39195,0,225642280.000,0,-,-,-,-,5451.2000,5451.0000,5450.6000,5450.4000,5450.0000,5452.0000,5452.2000,5452.8000,5453.0000,5453.2000,1,2,2,1,1,1,1,3,8,1
SF,IC2006,2020-01-16 09:31:44.600,5451.2000,39194,-1,226732520.000,1,0,1,双平,S,5451.0000,5450.6000,5450.4000,5450.0000,5449.0000,5452.0000,5452.2000,5452.8000,5453.0000,5453.2000,2,1,1,1,1,1,1,3,8,1
SF,IC2006,2020-01-16 09:31:45.100,5451.0000,39192,-2,228912920.000,2,0,2,双平,S,5450.6000,5450.4000,5450.0000,5449.0000,5448.2000,5451.0000,5451.6000,5452.0000,5452.2000,5452.8000,1,1,2,1,1,5,1,1,2,3
SF,IC2006,2020-01-16 09:31:45.600,5451.0000,39190,-2,231093240.000,2,0,2,双平,S,5450.4000,5450.0000,5449.0000,5448.2000,5448.0000,5451.0000,5451.6000,5452.0000,5452.2000,5452.8000,1,2,1,1,2,4,1,1,2,3
SF,IC2006,2020-01-16 09:31:47.100,5450.4000,39190,0,232183320.000,1,0,1,多换,S,5450.0000,5449.0000,5448.2000,5448.0000,5447.2000,5451.0000,5452.0000,5452.2000,5452.8000,5453.0000,2,1,1,2,1,4,1,2,3,8
SF,IC2006,2020-01-16 09:31:47.600,5450.4000,39190,0,232183320.000,0,-,-,-,-,5450.0000,5449.0000,5448.2000,5448.0000,5447.2000,5451.0000,5452.0000,5452.2000,5452.8000,5453.0000,2,1,1,2,1,4,1,2,4,8
SF,IC2006,2020-01-16 09:31:48.100,5451.0000,39189,-1,233273520.000,1,0,1,双平,S,5450.0000,5449.0000,5448.2000,5448.0000,5447.2000,5451.0000,5451.8000,5452.0000,5452.2000,5452.8000,3,1,1,2,1,3,1,1,2,4
SF,IC2006,2020-01-16 09:31:48.600,5451.0000,39188,-1,234363720.000,1,0,1,双平,S,5450.4000,5450.0000,5449.0000,5448.2000,5448.0000,5451.0000,5451.8000,5452.0000,5452.2000,5452.8000,1,3,1,1,2,2,1,1,2,4
SF,IC2006,2020-01-16 09:31:49.100,5450.4000,39187,-1,235453800.000,1,0,1,双平,S,5450.6000,5450.0000,5449.0000,5448.2000,5448.0000,5451.0000,5451.8000,5452.0000,5452.2000,5452.8000,1,3,1,1,2,2,1,1,2,4
SF,IC2006,2020-01-16 09:31:49.600,5450.6000,39186,-1,236543920.000,1,0,1,双平,S,5450.0000,5449.0000,5448.2000,5448.0000,5447.2000,5451.0000,5451.8000,5452.0000,5452.2000,5452.8000,3,1,1,2,1,2,1,1,2,4
SF,IC2006,2020-01-16 09:31:50.100,5450.6000,39186,0,236543920.000,0,-,-,-,-,5450.0000,5449.0000,5448.2000,5448.0000,5447.2000,5450.8000,5451.0000,5451.8000,5452.0000,5452.2000,4,1,1,2,1,1,2,1,1,2
SF,IC2006,2020-01-16 09:31:50.600,5450.0000,39186,0,237633920.000,1,0,1,多换,S,5450.0000,5449.0000,5448.2000,5448.0000,5447.2000,5450.8000,5451.0000,5451.8000,5452.0000,5452.2000,4,1,1,2,1,1,2,1,1,2
SF,IC2006,2020-01-16 09:31:51.100,5450.0000,39186,0,237633920.000,0,-,-,-,-,5450.0000,5449.0000,5448.2000,5448.0000,5447.2000,5450.8000,5451.0000,5451.8000,5452.0000,5452.2000,3,1,1,2,1,2,2,1,2,2
SF,IC2006,2020-01-16 09:31:51.600,5450.8000,39184,-2,239814240.000,2,0,2,双平,S,5450.0000,5449.0000,5448.2000,5448.0000,5447.2000,5451.0000,5451.8000,5452.0000,5452.2000,5452.8000,3,1,1,2,1,2,1,2,2,3
SF,IC2006,2020-01-16 09:31:52.100,5450.0000,39183,-1,240904240.000,1,0,1,双平,S,5450.0000,5449.0000,5448.2000,5448.0000,5447.2000,5451.0000,5451.8000,5452.0000,5452.2000,5452.8000,2,1,1,2,1,2,1,2,2,3
SF,IC2006,2020-01-16 09:31:52.600,5450.0000,39181,-2,244174240.000,3,0,3,多平,S,5449.0000,5448.2000,5448.0000,5447.2000,5446.4000,5450.0000,5451.0000,5451.8000,5452.0000,5452.2000,1,1,2,1,1,2,2,1,2,2
SF,IC2006,2020-01-16 09:31:53.100,5450.0000,39181,0,245264240.000,1,0,1,多换,S,5449.2000,5449.0000,5448.2000,5448.0000,5447.2000,5450.0000,5451.0000,5451.8000,5452.0000,5452.2000,1,1,1,2,1,1,2,1,2,2
SF,IC2006,2020-01-16 09:31:53.600,5449.4000,39177,-4,249623880.000,4,0,4,双平,S,5449.2000,5449.0000,5448.2000,5448.0000,5447.2000,5451.0000,5451.8000,5452.0000,5452.2000,5452.8000,1,1,1,2,1,2,1,2,2,3
SF,IC2006,2020-01-16 09:31:54.100,5449.4000,39177,0,249623880.000,0,-,-,-,-,5450.0000,5449.4000,5449.2000,5449.0000,5448.2000,5451.0000,5451.8000,5452.0000,5452.2000,5452.8000,1,1,1,1,1,2,1,2,2,3
SF,IC2006,2020-01-16 09:31:54.600,5450.0000,39177,0,250713880.000,1,0,1,多换,S,5449.4000,5449.2000,5449.0000,5448.2000,5448.0000,5451.0000,5451.8000,5452.0000,5452.2000,5452.8000,1,1,1,1,2,2,1,2,2,3
SF,IC2006,2020-01-16 09:31:55.100,5450.0000,39177,0,250713880.000,0,-,-,-,-,5449.4000,5449.2000,5449.0000,5448.2000,5448.0000,5450.8000,5451.0000,5451.8000,5452.0000,5452.2000,1,1,1,1,2,1,2,1,2,2
SF,IC2006,2020-01-16 09:31:55.600,5450.0000,39177,0,250713880.000,0,-,-,-,-,5449.2000,5449.0000,5448.2000,5448.0000,5447.2000,5450.8000,5451.0000,5451.8000,5452.0000,5452.2000,1,1,1,2,1,1,2,1,2,2
SF,IC2006,2020-01-16 09:31:56.600,5451.0000,39174,-3,253984440.000,3,0,3,双平,S,5449.2000,5449.0000,5448.2000,5448.0000,5447.2000,5451.8000,5452.0000,5452.2000,5452.8000,5453.0000,1,1,1,2,1,1,2,2,3,8
SF,IC2006,2020-01-16 09:31:57.100,5451.0000,39174,0,253984440.000,0,-,-,-,-,5449.2000,5449.0000,5448.2000,5448.0000,5447.2000,5451.6000,5451.8000,5452.0000,5452.2000,5452.8000,1,1,1,2,1,3,1,2,2,3
SF,IC2006,2020-01-16 09:31:57.600,5451.0000,39174,0,253984440.000,0,-,-,-,-,5449.2000,5449.0000,5448.2000,5448.0000,5447.2000,5451.6000,5451.8000,5452.0000,5452.2000,5452.8000,1,1,1,2,1,3,1,2,2,3
SF,IC2006,2020-01-16 09:31:58.100,5451.0000,39174,0,253984440.000,0,-,-,-,-,5449.0000,5448.2000,5448.0000,5447.2000,5446.4000,5449.2000,5451.6000,5451.8000,5452.0000,5452.2000,1,1,2,1,1,2,3,1,2,2
SF,IC2006,2020-01-16 09:31:58.600,5449.2000,39172,-2,259433520.000,5,1,4,多平,S,5448.2000,5448.0000,5447.2000,5446.4000,5446.0000,5451.6000,5451.8000,5452.0000,5452.2000,5452.8000,1,2,1,1,2,2,1,2,1,2
SF,IC2006,2020-01-16 09:31:59.100,5449.2000,39172,0,259433520.000,0,-,-,-,-,5449.0000,5448.4000,5448.2000,5448.0000,5447.2000,5450.4000,5451.4000,5451.6000,5451.8000,5452.0000,1,1,1,2,1,2,1,2,1,2
SF,IC2006,2020-01-16 09:31:59.600,5449.2000,39172,0,259433520.000,0,-,-,-,-,5449.2000,5449.0000,5448.2000,5448.0000,5447.2000,5450.4000,5451.4000,5451.6000,5451.8000,5452.0000,1,1,1,2,1,2,1,2,1,2
SF,IC2006,2020-01-16 09:32:00.100,5449.2000,39172,0,259433520.000,0,-,-,-,-,5449.0000,5448.2000,5448.0000,5447.2000,5446.4000,5450.4000,5451.0000,5451.4000,5451.6000,5451.8000,1,1,3,1,1,2,1,1,2,2
SF,IC2006,2020-01-16 09:32:00.600,5449.0000,39172,0,260523320.000,1,0,1,多换,S,5448.2000,5448.0000,5447.2000,5446.4000,5446.0000,5449.0000,5450.2000,5450.4000,5451.0000,5451.6000,1,3,1,1,2,1,1,2,1,2
SF,IC2006,2020-01-16 09:32:02.100,5449.0000,39172,0,260523320.000,0,-,-,-,-,5448.2000,5448.0000,5447.2000,5446.4000,5446.0000,5450.2000,5450.4000,5451.0000,5451.6000,5451.8000,1,3,1,1,2,1,2,1,2,2
SF,IC2006,2020-01-16 09:32:02.600,5449.0000,39172,0,260523320.000,0,-,-,-,-,5448.4000,5448.2000,5448.0000,5447.2000,5446.4000,5450.2000,5450.4000,5451.0000,5451.6000,5451.8000,1,1,3,1,1,1,2,1,2,2
SF,IC2006,2020-01-16 09:32:03.100,5448.4000,39172,0,261613000.000,1,0,1,多换,S,5448.2000,5448.0000,5447.2000,5446.4000,5446.0000,5449.0000,5450.2000,5450.4000,5451.0000,5451.6000,1,3,1,1,2,1,1,2,1,2
SF,IC2006,2020-01-16 09:32:03.600,5448.0000,39171,-1,263792240.000,2,0,2,多平,S,5448.0000,5447.2000,5446.4000,5446.0000,5445.0000,5448.2000,5448.8000,5449.0000,5450.4000,5451.0000,2,1,1,2,1,2,1,1,2,1
SF,IC2006,2020-01-16 09:32:04.100,5448.0000,39170,-1,265971440.000,2,0,2,多平,S,5447.2000,5446.4000,5446.0000,5445.0000,5444.8000,5448.0000,5448.8000,5449.0000,5450.4000,5451.0000,1,1,2,1,1,2,1,1,2,1
SF,IC2006,2020-01-16 09:32:04.600,5448.0000,39171,1,267061040.000,1,1,0,双开,S,5447.2000,5446.4000,5446.0000,5445.0000,5444.8000,5448.0000,5448.8000,5449.0000,5450.4000,5451.0000,1,1,2,1,1,1,2,1,2,2
SF,IC2006,2020-01-16 09:32:05.600,5448.0000,39171,0,268150640.000,1,0,1,多换,S,5447.2000,5446.4000,5446.0000,5445.0000,5444.8000,5448.8000,5449.0000,5450.4000,5451.0000,5451.6000,1,1,2,1,1,2,1,2,2,2
SF,IC2006,2020-01-16 09:32:06.100,5447.2000,39170,-1,269240080.000,1,0,1,双平,S,5446.4000,5446.0000,5445.0000,5444.8000,5443.6000,5448.8000,5449.0000,5450.4000,5451.0000,5451.6000,1,2,1,1,1,2,1,2,2,2
SF,IC2006,2020-01-16 09:32:07.100,5447.2000,39170,0,269240080.000,0,-,-,-,-,5446.4000,5446.0000,5445.0000,5444.8000,5443.6000,5448.0000,5448.8000,5449.0000,5450.4000,5451.0000,1,2,1,1,1,1,2,1,2,2
SF,IC2006,2020-01-16 09:32:07.600,5446.4000,39169,-1,272508240.000,3,1,2,多平,S,5446.0000,5445.0000,5444.8000,5443.6000,5443.2000,5447.2000,5447.8000,5448.0000,5448.8000,5449.0000,2,1,1,1,5,8,1,1,1,1
SF,IC2006,2020-01-16 09:32:08.100,5447.2000,39169,0,273597680.000,1,0,1,多换,S,5446.0000,5445.0000,5444.8000,5443.6000,5443.2000,5447.2000,5447.8000,5448.0000,5448.8000,5449.0000,2,1,1,1,5,7,1,1,1,1
SF,IC2006,2020-01-16 09:32:08.600,5447.2000,39168,-1,274687120.000,1,0,1,双平,S,5446.0000,5445.0000,5444.8000,5443.6000,5443.2000,5447.2000,5447.8000,5448.0000,5448.8000,5449.0000,3,1,1,1,5,6,1,1,1,1
SF,IC2006,2020-01-16 09:32:09.100,5447.2000,39167,-1,275776560.000,1,0,1,双平,S,5446.2000,5446.0000,5445.0000,5444.8000,5443.6000,5447.2000,5447.8000,5448.0000,5448.8000,5449.0000,1,3,1,1,1,5,1,1,1,1
SF,IC2006,2020-01-16 09:32:09.600,5447.2000,39166,-1,276866000.000,1,0,1,双平,S,5446.2000,5446.0000,5445.0000,5444.8000,5443.6000,5447.2000,5447.8000,5448.0000,5448.8000,5449.0000,1,2,1,1,1,4,1,1,1,1
SF,IC2006,2020-01-16 09:32:10.100,5447.2000,39166,0,276866000.000,0,-,-,-,-,5446.2000,5446.0000,5445.0000,5444.8000,5443.6000,5447.0000,5447.2000,5448.0000,5448.8000,5450.0000,1,2,1,1,1,1,4,1,1,1
SF,IC2006,2020-01-16 09:32:10.600,5446.2000,39165,-1,277955240.000,1,0,1,双平,S,5446.0000,5445.0000,5444.8000,5443.6000,5443.2000,5446.2000,5447.0000,5447.2000,5448.0000,5448.8000,2,1,1,1,5,1,1,4,1,1
SF,IC2006,2020-01-16 09:32:11.100,5446.0000,39164,-1,279044440.000,1,0,1,双平,S,5446.0000,5445.0000,5444.8000,5443.6000,5443.2000,5446.2000,5447.0000,5447.2000,5448.0000,5448.8000,1,1,1,1,5,6,1,4,1,1
SF,IC2006,2020-01-16 09:32:11.600,5446.0000,39163,-1,280133640.000,1,0,1,双平,S,5445.0000,5444.8000,5443.6000,5443.2000,5443.0000,5446.0000,5446.2000,5447.0000,5447.2000,5448.0000,1,1,1,5,1,1,6,1,4,1
SF,IC2006,2020-01-16 09:32:12.100,5446.0000,39162,-1,281222840.000,1,0,1,双平,S,5445.2000,5445.0000,5443.6000,5443.2000,5443.0000,5446.0000,5446.2000,5447.0000,5447.2000,5448.8000,1,1,1,5,1,4,6,1,4,1
SF,IC2006,2020-01-16 09:32:12.600,5446.0000,39161,-1,282312040.000,1,0,1,双平,S,5445.0000,5443.6000,5443.2000,5443.0000,5442.0000,5446.0000,5446.2000,5447.0000,5447.2000,5448.8000,2,1,5,1,2,3,6,1,4,1
SF,IC2006,2020-01-16 09:32:13.100,5446.0000,39161,0,282312040.000,0,-,-,-,-,5445.0000,5443.6000,5443.0000,5442.0000,5440.2000,5445.8000,5446.0000,5446.2000,5447.2000,5448.8000,2,1,1,2,1,1,3,6,4,1
SF,IC2006,2020-01-16 09:32:14.100,5446.0000,39161,0,282312040.000,0,-,-,-,-,5445.2000,5445.0000,5443.6000,5443.0000,5442.0000,5445.8000,5446.0000,5446.2000,5447.2000,5448.8000,1,2,1,1,2,1,3,6,4,1
SF,IC2006,2020-01-16 09:32:14.600,5445.2000,39160,-1,283401080.000,1,0,1,双平,S,5445.0000,5443.6000,5443.0000,5442.0000,5440.2000,5445.8000,5446.0000,5446.2000,5447.2000,5448.8000,2,1,1,2,1,1,3,6,4,1
SF,IC2006,2020-01-16 09:32:15.600,5445.2000,39160,0,283401080.000,0,-,-,-,-,5445.0000,5443.6000,5443.0000,5442.0000,5440.2000,5445.2000,5445.8000,5446.0000,5446.2000,5447.2000,2,1,1,2,1,1,1,4,6,4
SF,IC2006,2020-01-16 09:32:16.100,5445.0000,39160,0,285579080.000,2,1,1,多换,S,5443.6000,5443.0000,5442.0000,5440.2000,5440.0000,5445.2000,5445.8000,5446.0000,5446.2000,5447.2000,1,1,2,1,7,1,1,4,6,4
SF,IC2006,2020-01-16 09:32:16.600,5445.0000,39160,0,285579080.000,0,-,-,-,-,5444.4000,5443.8000,5443.6000,5443.0000,5442.0000,5445.0000,5445.2000,5446.0000,5446.2000,5447.2000,1,1,1,1,2,1,1,4,6,4
SF,IC2006,2020-01-16 09:32:17.600,5445.0000,39160,0,286668080.000,1,0,1,多换,S,5444.4000,5443.8000,5443.6000,5443.0000,5442.0000,5445.2000,5446.0000,5446.2000,5447.2000,5448.8000,1,1,1,1,2,1,4,6,4,1
SF,IC2006,2020-01-16 09:32:18.600,5445.0000,39160,0,286668080.000,0,-,-,-,-,5444.4000,5443.6000,5443.0000,5442.0000,5440.2000,5445.2000,5446.0000,5446.2000,5447.2000,5448.8000,1,1,1,2,1,1,4,6,4,1
SF,IC2006,2020-01-16 09:32:19.100,5445.0000,39160,0,286668080.000,0,-,-,-,-,5444.6000,5444.4000,5443.6000,5443.0000,5442.0000,5445.0000,5445.2000,5446.0000,5446.2000,5447.2000,1,1,1,1,2,10,1,4,6,4
SF,IC2006,2020-01-16 09:32:19.600,5444.4000,39156,-4,291023760.000,4,0,4,双平,S,5443.6000,5443.0000,5442.0000,5440.2000,5440.0000,5444.4000,5445.0000,5445.2000,5446.0000,5446.2000,1,1,2,1,7,2,9,1,4,6
SF,IC2006,2020-01-16 09:32:20.100,5444.4000,39154,-2,293201520.000,2,0,2,双平,S,5444.8000,5443.6000,5443.0000,5442.0000,5440.2000,5445.0000,5445.2000,5446.0000,5446.2000,5447.2000,1,1,1,2,1,9,1,4,6,4
SF,IC2006,2020-01-16 09:32:20.600,5444.8000,39153,-1,294290480.000,1,0,1,双平,S,5443.6000,5443.0000,5442.0000,5440.2000,5440.0000,5445.0000,5445.2000,5446.0000,5446.2000,5447.2000,1,1,2,1,7,9,1,3,6,4
SF,IC2006,2020-01-16 09:32:21.100,5444.8000,39153,0,294290480.000,0,-,-,-,-,5443.8000,5443.6000,5443.0000,5442.0000,5440.2000,5444.8000,5445.0000,5445.2000,5446.0000,5446.2000,1,2,1,2,1,1,9,1,3,6
SF,IC2006,2020-01-16 09:32:21.600,5444.8000,39153,0,294290480.000,0,-,-,-,-,5443.8000,5443.6000,5443.0000,5442.0000,5440.2000,5444.8000,5445.0000,5445.2000,5446.0000,5446.2000,1,2,1,2,1,1,9,2,3,6
SF,IC2006,2020-01-16 09:32:22.100,5444.8000,39153,0,294290480.000,0,-,-,-,-,5443.8000,5443.6000,5443.0000,5442.0000,5440.2000,5444.8000,5445.0000,5445.2000,5446.0000,5446.2000,1,1,1,2,1,1,9,2,3,6
SF,IC2006,2020-01-16 09:32:23.100,5444.8000,39152,-1,295379440.000,1,0,1,双平,S,5443.8000,5443.6000,5443.0000,5442.0000,5440.2000,5445.0000,5445.2000,5446.0000,5446.2000,5447.2000,1,1,1,2,1,9,2,3,6,4
SF,IC2006,2020-01-16 09:32:23.600,5444.8000,39152,0,295379440.000,0,-,-,-,-,5443.8000,5443.6000,5443.0000,5442.0000,5440.2000,5445.0000,5445.2000,5446.0000,5446.2000,5447.2000,2,1,1,2,1,9,2,3,6,4
SF,IC2006,2020-01-16 09:32:24.100,5443.8000,39150,-2,297556960.000,2,0,2,双平,S,5443.6000,5443.0000,5442.0000,5440.2000,5440.0000,5443.8000,5445.0000,5445.2000,5446.0000,5446.2000,1,1,2,1,7,2,9,2,3,6
SF,IC2006,2020-01-16 09:32:24.600,5443.8000,39148,-2,299734480.000,2,0,2,双平,S,5443.8000,5443.6000,5443.0000,5442.0000,5440.2000,5445.0000,5445.2000,5446.0000,5446.2000,5447.2000,1,1,1,2,1,9,2,3,6,4
SF,IC2006,2020-01-16 09:32:25.100,5444.8000,39148,0,300823440.000,1,0,1,多换,S,5444.8000,5443.6000,5443.0000,5442.0000,5440.2000,5445.0000,5445.2000,5446.0000,5446.2000,5447.2000,1,1,1,2,1,9,2,3,6,4
SF,IC2006,2020-01-16 09:32:25.600,5444.8000,39148,0,301912400.000,1,0,1,多换,S,5444.0000,5443.6000,5443.0000,5442.0000,5440.2000,5444.8000,5445.0000,5445.2000,5446.0000,5446.2000,1,1,1,2,1,1,9,2,3,6
SF,IC2006,2020-01-16 09:32:26.100,5444.8000,39148,0,301912400.000,0,-,-,-,-,5444.4000,5444.0000,5443.6000,5443.0000,5442.0000,5445.0000,5445.2000,5446.0000,5446.2000,5447.2000,1,1,1,1,2,9,2,3,6,4
SF,IC2006,2020-01-16 09:32:26.600,5444.8000,39148,0,301912400.000,0,-,-,-,-,5444.0000,5443.6000,5443.0000,5442.0000,5440.2000,5445.0000,5445.2000,5446.0000,5446.2000,5447.2000,1,1,1,2,1,9,2,3,6,4
SF,IC2006,2020-01-16 09:32:27.100,5444.8000,39148,0,301912400.000,0,-,-,-,-,5444.2000,5444.0000,5443.6000,5443.0000,5442.0000,5445.0000,5445.2000,5446.0000,5446.2000,5447.2000,1,1,1,1,2,9,1,3,6,4
SF,IC2006,2020-01-16 09:32:27.600,5444.8000,39148,0,301912400.000,0,-,-,-,-,5444.2000,5443.6000,5443.0000,5442.0000,5440.2000,5444.8000,5445.0000,5445.2000,5446.0000,5446.2000,1,1,1,2,1,1,9,1,3,1
SF,IC2006,2020-01-16 09:32:28.100,5444.8000,39148,0,301912400.000,0,-,-,-,-,5443.6000,5443.0000,5442.0000,5440.2000,5440.0000,5444.2000,5444.8000,5445.0000,5445.2000,5446.0000,1,1,2,1,7,1,1,9,1,3
SF,IC2006,2020-01-16 09:32:29.100,5444.8000,39148,0,301912400.000,0,-,-,-,-,5443.8000,5443.6000,5443.0000,5442.0000,5440.2000,5444.2000,5444.8000,5445.0000,5445.2000,5446.0000,1,1,1,2,1,2,1,9,1,3
SF,IC2006,2020-01-16 09:32:29.600,5443.6000,39146,-2,304089880.000,2,0,2,双平,S,5443.0000,5442.0000,5440.2000,5440.0000,5438.4000,5444.2000,5444.8000,5445.0000,5445.2000,5446.0000,1,2,1,7,5,2,2,9,1,3
SF,IC2006,2020-01-16 09:32:30.100,5443.6000,39146,0,304089880.000,0,-,-,-,-,5443.0000,5442.0000,5440.2000,5440.0000,5438.4000,5444.0000,5444.2000,5444.8000,5445.0000,5445.2000,1,2,1,6,5,1,2,2,9,1
SF,IC2006,2020-01-16 09:32:30.600,5444.0000,39145,-1,305178680.000,1,0,1,双平,S,5443.0000,5442.0000,5440.2000,5440.0000,5438.4000,5444.2000,5444.6000,5444.8000,5445.0000,5445.2000,1,2,1,6,5,3,1,2,9,1
SF,IC2006,2020-01-16 09:32:31.100,5444.0000,39145,0,305178680.000,0,-,-,-,-,5443.4000,5443.2000,5443.0000,5442.0000,5440.2000,5444.2000,5444.6000,5444.8000,5445.0000,5445.2000,1,1,1,2,1,3,1,2,9,1
SF,IC2006,2020-01-16 09:32:31.600,5444.0000,39145,0,305178680.000,0,-,-,-,-,5443.2000,5443.0000,5442.0000,5440.2000,5440.0000,5443.6000,5444.2000,5444.6000,5444.8000,5445.0000,1,1,2,1,6,1,3,1,2,9
SF,IC2006,2020-01-16 09:32:32.600,5443.2000,39144,-1,306267320.000,1,0,1,双平,S,5443.0000,5442.0000,5440.2000,5440.0000,5438.4000,5443.6000,5444.2000,5444.6000,5444.8000,5445.0000,1,2,1,6,5,1,3,1,2,9
SF,IC2006,2020-01-16 09:32:33.100,5443.2000,39144,0,306267320.000,0,-,-,-,-,5443.0000,5442.0000,5440.2000,5440.0000,5438.4000,5443.2000,5443.6000,5444.2000,5444.6000,5444.8000,1,2,1,6,5,1,1,3,1,2
SF,IC2006,2020-01-16 09:32:33.600,5443.2000,39142,-2,308444560.000,2,0,2,双平,S,5442.0000,5440.2000,5440.0000,5438.4000,5435.0000,5443.6000,5444.2000,5444.6000,5444.8000,5445.0000,2,1,6,5,1,1,3,1,2,9
SF,IC2006,2020-01-16 09:32:34.100,5443.2000,39142,0,308444560.000,0,-,-,-,-,5442.2000,5442.0000,5441.8000,5440.2000,5440.0000,5442.8000,5443.2000,5443.4000,5443.6000,5444.2000,1,2,2,1,6,1,1,1,1,3
SF,IC2006,2020-01-16 09:32:34.600,5443.2000,39142,0,308444560.000,0,-,-,-,-,5442.2000,5442.0000,5440.2000,5440.0000,5438.4000,5442.8000,5443.2000,5443.4000,5443.6000,5444.2000,1,2,1,6,5,1,1,1,1,3
SF,IC2006,2020-01-16 09:32:35.100,5442.2000,39141,-1,309533000.000,1,0,1,双平,S,5442.0000,5440.2000,5440.0000,5438.4000,5435.0000,5442.8000,5443.2000,5443.6000,5444.2000,5444.6000,2,1,6,5,1,1,1,1,3,1
SF,IC2006,2020-01-16 09:32:35.600,5442.0000,39139,-2,311709800.000,2,0,2,双平,S,5440.2000,5440.0000,5438.4000,5435.0000,5434.0000,5443.2000,5443.6000,5444.2000,5444.6000,5444.8000,1,5,5,1,2,1,1,3,1,2
SF,IC2006,2020-01-16 09:32:36.100,5441.8000,39138,-1,312798160.000,1,0,1,双平,S,5441.8000,5440.8000,5440.6000,5440.4000,5440.2000,5443.0000,5443.2000,5443.6000,5444.2000,5444.6000,1,1,2,3,2,1,1,1,3,1
SF,IC2006,2020-01-16 09:32:36.600,5441.8000,39138,0,312798160.000,0,-,-,-,-,5440.6000,5440.4000,5440.2000,5440.0000,5438.4000,5443.0000,5443.2000,5443.6000,5444.2000,5444.6000,2,2,2,7,5,1,1,1,3,1
SF,IC2006,2020-01-16 09:32:37.100,5441.8000,39138,0,312798160.000,0,-,-,-,-,5441.2000,5440.8000,5440.4000,5440.2000,5440.0000,5442.0000,5443.0000,5443.2000,5443.6000,5444.2000,1,2,1,2,7,1,1,1,1,3
SF,IC2006,2020-01-16 09:32:37.600,5442.0000,39137,-1,313886560.000,1,0,1,双平,S,5441.2000,5440.8000,5440.4000,5440.2000,5440.0000,5443.0000,5443.2000,5443.6000,5444.2000,5444.6000,1,2,1,2,7,1,1,1,3,1
SF,IC2006,2020-01-16 09:32:38.100,5442.0000,39137,0,313886560.000,0,-,-,-,-,5441.4000,5441.2000,5440.8000,5440.4000,5440.2000,5443.0000,5443.2000,5443.6000,5444.2000,5444.6000,1,1,1,1,2,1,1,1,3,1
SF,IC2006,2020-01-16 09:32:38.600,5442.0000,39137,0,313886560.000,0,-,-,-,-,5441.4000,5440.8000,5440.4000,5440.2000,5440.0000,5443.0000,5443.2000,5443.6000,5444.2000,5444.6000,1,1,1,2,6,1,1,1,3,1
SF,IC2006,2020-01-16 09:32:39.100,5441.4000,39136,-1,314974840.000,1,0,1,双平,S,5440.8000,5440.4000,5440.2000,5440.0000,5438.8000,5443.0000,5443.2000,5443.6000,5444.2000,5444.6000,1,1,2,6,1,1,1,1,3,1
SF,IC2006,2020-01-16 09:32:39.600,5441.0000,39135,-1,317151200.000,2,0,2,多平,S,5440.2000,5440.0000,5438.8000,5438.4000,5435.0000,5441.0000,5442.8000,5443.0000,5443.2000,5443.6000,1,6,1,5,1,8,1,1,1,1
SF,IC2006,2020-01-16 09:32:40.100,5441.0000,39134,-1,318239400.000,1,0,1,双平,S,5440.6000,5440.2000,5440.0000,5438.8000,5438.4000,5441.0000,5442.8000,5443.0000,5443.2000,5443.6000,1,1,6,1,5,7,1,1,1,1
SF,IC2006,2020-01-16 09:32:40.600,5440.6000,39134,0,319327520.000,1,0,1,多换,S,5440.2000,5440.0000,5438.8000,5435.0000,5434.0000,5441.0000,5443.0000,5443.2000,5443.6000,5444.2000,1,6,1,1,2,7,1,1,1,3
SF,IC2006,2020-01-16 09:32:41.100,5441.0000,39133,-1,321503840.000,2,0,2,多平,S,5440.2000,5440.0000,5435.0000,5434.0000,5433.6000,5441.0000,5442.0000,5443.0000,5443.2000,5443.6000,1,6,1,2,5,6,1,1,1,1
SF,IC2006,2020-01-16 09:32:41.600,5441.0000,39133,0,321503840.000,0,-,-,-,-,5440.2000,5440.0000,5435.0000,5434.0000,5433.6000,5441.0000,5442.0000,5443.0000,5443.2000,5443.6000,1,5,1,2,5,6,1,1,1,1
SF,IC2006,2020-01-16 09:32:42.100,5440.2000,39133,0,322591880.000,1,0,1,多换,S,5440.0000,5435.0000,5434.0000,5433.6000,5433.2000,5441.0000,5442.0000,5443.0000,5443.2000,5443.6000,6,1,2,5,3,6,1,1,1,1
SF,IC2006,2020-01-16 09:32:42.600,5440.0000,39136,3,325855880.000,3,3,0,双开,S,5440.0000,5435.0000,5434.0000,5433.6000,5433.2000,5440.2000,5440.8000,5441.0000,5442.0000,5443.2000,2,1,2,5,3,1,1,6,1,1
SF,IC2006,2020-01-16 09:32:43.100,5440.2000,39135,-1,326943920.000,1,0,1,双平,S,5440.2000,5440.0000,5435.0000,5434.0000,5433.6000,5440.8000,5441.0000,5442.0000,5443.2000,5443.6000,2,2,1,2,5,1,6,1,1,1
SF,IC2006,2020-01-16 09:32:43.600,5440.8000,39134,-1,328032080.000,1,0,1,双平,S,5440.4000,5440.2000,5440.0000,5435.0000,5434.0000,5441.0000,5442.0000,5443.2000,5443.6000,5444.2000,1,2,2,1,2,6,1,1,1,3
SF,IC2006,2020-01-16 09:32:44.100,5440.4000,39128,-6,334561160.000,6,0,6,双平,S,5440.2000,5440.0000,5435.0000,5434.0000,5433.6000,5442.0000,5443.2000,5443.6000,5444.2000,5444.6000,2,2,1,2,5,1,1,1,3,1
SF,IC2006,2020-01-16 09:32:44.600,5440.4000,39128,0,334561160.000,0,-,-,-,-,5440.4000,5440.2000,5440.0000,5435.0000,5434.0000,5441.8000,5443.2000,5443.6000,5444.2000,5444.6000,1,2,4,1,2,2,1,1,3,1
SF,IC2006,2020-01-16 09:32:45.100,5440.4000,39128,0,334561160.000,0,-,-,-,-,5440.6000,5440.4000,5440.2000,5440.0000,5435.0000,5441.8000,5443.2000,5443.6000,5444.2000,5444.6000,1,2,2,3,1,2,1,1,3,1
SF,IC2006,2020-01-16 09:32:45.600,5440.4000,39128,0,334561160.000,0,-,-,-,-,5440.6000,5440.4000,5440.0000,5435.0000,5434.0000,5441.8000,5443.2000,5443.6000,5444.2000,5444.6000,1,2,3,1,2,1,1,1,3,1
SF,IC2006,2020-01-16 09:32:46.100,5440.4000,39127,-1,336737320.000,2,0,2,多平,S,5440.0000,5435.0000,5434.0000,5433.6000,5433.2000,5441.8000,5443.2000,5443.6000,5444.2000,5444.6000,3,1,2,5,3,1,1,1,3,1
SF,IC2006,2020-01-16 09:32:46.600,5440.4000,39127,0,336737320.000,0,-,-,-,-,5440.0000,5435.0000,5434.0000,5433.6000,5433.2000,5440.6000,5441.6000,5441.8000,5443.2000,5443.6000,3,1,2,5,3,1,1,1,1,1
SF,IC2006,2020-01-16 09:32:47.100,5440.4000,39127,0,336737320.000,0,-,-,-,-,5440.0000,5435.0000,5434.0000,5433.6000,5433.2000,5440.6000,5441.6000,5441.8000,5443.2000,5443.6000,4,1,2,5,3,2,1,1,1,1
SF,IC2006,2020-01-16 09:32:47.600,5440.4000,39127,0,336737320.000,0,-,-,-,-,5440.0000,5435.0000,5434.0000,5433.6000,5433.2000,5440.6000,5441.6000,5441.8000,5443.2000,5443.6000,3,1,2,5,3,2,1,1,1,1
SF,IC2006,2020-01-16 09:32:48.100,5440.0000,39128,1,340001320.000,3,2,1,空开,S,5435.0000,5434.0000,5433.6000,5433.2000,5431.2000,5440.6000,5441.6000,5441.8000,5443.2000,5443.6000,1,2,5,3,1,2,1,1,1,1
SF,IC2006,2020-01-16 09:32:48.600,5440.0000,39128,0,340001320.000,0,-,-,-,-,5439.2000,5438.4000,5437.6000,5437.2000,5436.8000,5440.4000,5440.6000,5443.2000,5443.6000,5444.2000,1,1,1,2,1,1,2,1,1,3
SF,IC2006,2020-01-16 09:32:49.100,5440.0000,39128,0,340001320.000,0,-,-,-,-,5438.4000,5437.6000,5437.2000,5436.8000,5436.6000,5440.0000,5440.4000,5440.6000,5443.2000,5443.6000,1,1,2,1,1,8,1,2,1,1
SF,IC2006,2020-01-16 09:32:49.600,5440.0000,39128,0,340001320.000,0,-,-,-,-,5439.0000,5438.6000,5438.4000,5437.6000,5437.2000,5440.0000,5440.4000,5440.6000,5443.2000,5443.6000,2,1,2,1,2,8,1,2,1,1
SF,IC2006,2020-01-16 09:32:50.100,5440.0000,39128,0,340001320.000,0,-,-,-,-,5438.6000,5438.4000,5437.6000,5437.2000,5436.8000,5439.2000,5439.8000,5440.0000,5440.6000,5443.2000,1,2,1,2,1,1,1,8,2,1
SF,IC2006,2020-01-16 09:32:50.600,5440.0000,39128,0,340001320.000,0,-,-,-,-,5439.0000,5438.6000,5438.4000,5437.6000,5437.2000,5439.2000,5439.8000,5440.0000,5440.6000,5443.2000,2,1,2,1,2,1,1,8,2,1
SF,IC2006,2020-01-16 09:32:51.100,5439.2000,39127,-1,342176960.000,2,0,2,多平,S,5438.6000,5438.4000,5437.2000,5436.8000,5435.6000,5439.8000,5440.0000,5440.6000,5443.2000,5443.6000,1,1,2,1,2,1,8,2,1,1
SF,IC2006,2020-01-16 09:32:51.600,5439.2000,39127,0,342176960.000,0,-,-,-,-,5439.2000,5438.6000,5438.4000,5437.2000,5436.8000,5439.8000,5440.0000,5440.6000,5443.2000,5443.6000,1,1,1,2,1,1,8,2,1,1
SF,IC2006,2020-01-16 09:32:52.100,5439.2000,39126,-1,343264800.000,1,0,1,双平,S,5438.8000,5438.6000,5438.4000,5437.2000,5436.8000,5439.0000,5439.8000,5440.0000,5440.6000,5443.2000,1,1,1,2,1,3,1,8,2,1
SF,IC2006,2020-01-16 09:32:52.600,5438.8000,39125,-1,344352560.000,1,0,1,双平,S,5438.6000,5438.4000,5437.2000,5436.8000,5435.6000,5439.0000,5439.8000,5440.0000,5440.6000,5443.2000,1,1,2,1,2,3,1,8,2,1
SF,IC2006,2020-01-16 09:32:53.600,5438.8000,39125,0,344352560.000,0,-,-,-,-,5438.6000,5438.4000,5437.2000,5436.8000,5435.6000,5439.0000,5439.8000,5440.0000,5440.6000,5443.2000,1,1,2,1,2,3,1,8,2,1
SF,IC2006,2020-01-16 09:32:54.100,5439.0000,39125,0,345440360.000,1,0,1,多换,S,5438.6000,5438.4000,5437.2000,5436.8000,5435.6000,5439.0000,5439.8000,5440.0000,5440.6000,5443.2000,1,1,2,1,2,2,1,8,2,1
SF,IC2006,2020-01-16 09:32:54.600,5438.6000,39123,-2,348703680.000,3,0,3,多平,S,5439.0000,5438.4000,5437.2000,5436.8000,5435.6000,5439.8000,5440.0000,5440.6000,5443.2000,5443.6000,1,1,2,1,2,1,8,2,1,1
SF,IC2006,2020-01-16 09:32:55.100,5439.0000,39122,-1,349791480.000,1,0,1,双平,S,5438.4000,5437.2000,5436.8000,5435.6000,5435.2000,5439.8000,5440.0000,5440.6000,5443.2000,5443.6000,2,2,1,2,5,1,8,2,1,1
SF,IC2006,2020-01-16 09:32:55.600,5439.0000,39122,0,349791480.000,0,-,-,-,-,5438.4000,5437.2000,5436.8000,5435.6000,5435.2000,5439.0000,5439.8000,5440.0000,5440.6000,5443.2000,2,2,1,2,5,1,1,8,1,1
SF,IC2006,2020-01-16 09:32:56.100,5439.0000,39122,0,349791480.000,0,-,-,-,-,5438.8000,5438.4000,5437.2000,5436.8000,5435.6000,5439.0000,5439.8000,5440.0000,5440.6000,5443.2000,1,2,2,1,2,1,1,8,1,1
SF,IC2006,2020-01-16 09:32:56.600,5439.0000,39122,0,349791480.000,0,-,-,-,-,5438.8000,5438.4000,5437.2000,5436.8000,5435.6000,5439.0000,5439.8000,5440.0000,5440.6000,5443.2000,2,2,2,1,2,1,1,8,1,1
SF,IC2006,2020-01-16 09:32:58.100,5438.8000,39120,-2,351967000.000,2,0,2,双平,S,5438.4000,5437.2000,5436.8000,5435.6000,5435.2000,5439.0000,5439.8000,5440.0000,5440.6000,5443.2000,2,2,1,2,5,1,1,8,1,1
SF,IC2006,2020-01-16 09:32:58.600,5439.0000,39120,0,353054800.000,1,0,1,多换,S,5438.4000,5437.2000,5436.8000,5435.6000,5435.2000,5439.8000,5440.0000,5440.6000,5443.2000,5443.6000,2,2,1,2,5,1,8,1,1,1
SF,IC2006,2020-01-16 09:32:59.100,5439.0000,39120,0,353054800.000,0,-,-,-,-,5438.6000,5438.4000,5437.2000,5436.8000,5435.6000,5439.8000,5440.0000,5440.6000,5443.2000,5443.6000,2,2,2,1,2,2,8,1,1,1
SF,IC2006,2020-01-16 09:33:00.100,5439.8000,39119,-1,354142760.000,1,0,1,双平,S,5438.6000,5438.4000,5437.2000,5436.8000,5435.6000,5440.0000,5440.6000,5443.2000,5443.6000,5444.2000,2,2,2,1,2,8,1,1,1,3
SF,IC2006,2020-01-16 09:33:00.600,5439.8000,39119,0,354142760.000,0,-,-,-,-,5438.8000,5438.6000,5438.4000,5437.2000,5436.8000,5440.0000,5440.6000,5443.2000,5443.6000,5444.2000,1,2,2,2,1,8,1,1,1,3
SF,IC2006,2020-01-16 09:33:01.100,5438.6000,39117,-2,357405960.000,3,0,3,多平,S,5438.4000,5436.8000,5435.2000,5435.0000,5434.0000,5438.6000,5440.0000,5440.6000,5443.6000,5444.2000,1,1,1,1,2,4,8,1,1,3
SF,IC2006,2020-01-16 09:33:01.600,5438.6000,39113,-4,361756840.000,4,0,4,双平,S,5438.4000,5436.8000,5435.2000,5435.0000,5434.0000,5439.8000,5440.0000,5440.6000,5443.6000,5444.2000,2,1,1,1,2,1,8,1,1,3
SF,IC2006,2020-01-16 09:33:02.100,5438.6000,39113,0,361756840.000,0,-,-,-,-,5438.4000,5436.8000,5435.2000,5435.0000,5434.0000,5439.6000,5439.8000,5440.0000,5440.6000,5443.6000,2,1,1,1,2,1,2,8,1,1
SF,IC2006,2020-01-16 09:33:02.600,5438.6000,39104,-9,371546320.000,9,0,9,双平,S,5438.4000,5436.8000,5435.2000,5435.0000,5434.0000,5439.6000,5439.8000,5440.0000,5440.6000,5443.6000,2,1,1,1,2,1,2,8,1,1
SF,IC2006,2020-01-16 09:33:03.100,5438.6000,39104,0,371546320.000,0,-,-,-,-,5438.6000,5438.4000,5436.8000,5435.2000,5435.0000,5439.6000,5439.8000,5440.0000,5440.6000,5443.6000,1,2,1,1,1,1,2,8,1,1
SF,IC2006,2020-01-16 09:33:03.600,5439.4000,39102,-2,373721920.000,2,0,2,双平,S,5438.4000,5436.8000,5435.2000,5435.0000,5434.0000,5439.6000,5439.8000,5440.0000,5440.6000,5443.6000,1,1,1,1,2,1,2,8,1,1
SF,IC2006,2020-01-16 09:33:04.100,5439.4000,39102,0,373721920.000,0,-,-,-,-,5438.4000,5436.8000,5435.2000,5435.0000,5434.0000,5439.6000,5439.8000,5440.0000,5440.6000,5443.6000,1,1,1,1,2,1,2,8,1,1
SF,IC2006,2020-01-16 09:33:05.100,5438.6000,39102,0,374809640.000,1,0,1,多换,S,5438.4000,5438.2000,5436.8000,5435.2000,5435.0000,5438.6000,5439.6000,5439.8000,5440.0000,5440.6000,1,1,1,1,1,2,1,1,8,1
SF,IC2006,2020-01-16 09:33:05.600,5438.6000,39102,0,376985080.000,2,1,1,多换,S,5438.4000,5438.2000,5436.8000,5435.2000,5435.0000,5439.6000,5439.8000,5440.0000,5440.6000,5443.6000,1,1,1,1,1,1,1,8,1,1
SF,IC2006,2020-01-16 09:33:06.600,5438.6000,39102,0,376985080.000,0,-,-,-,-,5438.6000,5438.4000,5438.2000,5437.8000,5436.8000,5439.6000,5439.8000,5440.0000,5440.6000,5443.6000,1,1,1,1,1,1,1,8,1,1
SF,IC2006,2020-01-16 09:33:07.100,5438.6000,39102,0,376985080.000,0,-,-,-,-,5438.6000,5438.4000,5438.2000,5437.8000,5436.8000,5439.8000,5440.0000,5440.6000,5443.6000,5444.2000,1,1,1,1,1,1,8,1,1,3
SF,IC2006,2020-01-16 09:33:07.600,5438.6000,39102,0,376985080.000,0,-,-,-,-,5438.8000,5438.6000,5438.4000,5438.2000,5437.8000,5439.8000,5440.0000,5440.6000,5443.6000,5444.2000,2,1,1,1,1,1,8,1,1,3
SF,IC2006,2020-01-16 09:33:08.100,5439.8000,39102,0,379161000.000,2,1,1,多换,S,5438.8000,5438.6000,5438.4000,5438.2000,5437.8000,5440.0000,5440.6000,5443.6000,5444.2000,5444.6000,2,1,1,1,1,8,1,2,3,1
SF,IC2006,2020-01-16 09:33:08.600,5440.0000,39102,0,381337000.000,2,1,1,多换,S,5438.8000,5438.6000,5438.4000,5438.2000,5437.8000,5439.6000,5440.0000,5440.6000,5443.6000,5444.2000,2,1,1,1,1,1,6,1,2,3
SF,IC2006,2020-01-16 09:33:09.100,5439.6000,39101,-1,382424920.000,1,0,1,双平,S,5439.6000,5438.8000,5438.6000,5438.4000,5438.2000,5440.0000,5440.6000,5443.6000,5444.2000,5444.6000,5,1,1,1,1,6,1,2,3,1
SF,IC2006,2020-01-16 09:33:09.600,5440.0000,39100,-1,384600840.000,2,0,2,多平,S,5439.8000,5439.6000,5438.6000,5438.4000,5438.2000,5440.0000,5440.6000,5443.6000,5444.2000,5444.6000,1,4,1,1,1,5,1,2,3,1
SF,IC2006,2020-01-16 09:33:10.100,5440.0000,39095,-5,390040840.000,5,0,5,双平,S,5439.8000,5439.6000,5438.6000,5438.4000,5438.2000,5440.6000,5443.6000,5444.2000,5444.6000,5444.8000,1,4,1,1,1,1,2,3,1,1
SF,IC2006,2020-01-16 09:33:10.600,5440.0000,39094,-1,391128840.000,1,0,1,双平,S,5439.8000,5439.6000,5438.6000,5438.4000,5438.2000,5440.6000,5443.6000,5444.2000,5444.6000,5444.8000,1,4,1,1,1,1,2,3,1,1
SF,IC2006,2020-01-16 09:33:11.100,5440.0000,39094,0,391128840.000,0,-,-,-,-,5439.8000,5439.6000,5438.6000,5438.4000,5438.2000,5440.4000,5440.6000,5443.6000,5444.2000,5444.6000,1,4,1,1,1,1,1,2,3,1
SF,IC2006,2020-01-16 09:33:11.600,5439.8000,39094,0,392216800.000,1,0,1,多换,S,5439.6000,5438.6000,5438.4000,5438.2000,5437.8000,5440.6000,5443.6000,5444.2000,5444.6000,5444.8000,5,1,1,1,1,1,2,3,1,1
SF,IC2006,2020-01-16 09:33:12.100,5439.6000,39094,0,393304720.000,1,0,1,多换,S,5439.6000,5438.6000,5438.4000,5438.2000,5437.8000,5440.6000,5443.6000,5444.2000,5444.6000,5444.8000,4,1,1,1,1,1,2,3,1,1
SF,IC2006,2020-01-16 09:33:12.600,5439.6000,39094,0,393304720.000,0,-,-,-,-,5439.6000,5438.6000,5438.4000,5438.2000,5437.8000,5440.4000,5440.6000,5443.6000,5444.2000,5444.6000,4,1,1,1,1,1,2,2,3,1
SF,IC2006,2020-01-16 09:33:13.100,5439.6000,39094,0,393304720.000,0,-,-,-,-,5439.6000,5438.6000,5438.4000,5438.2000,5437.8000,5440.4000,5440.6000,5441.0000,5443.6000,5444.2000,4,1,1,1,1,1,2,1,2,3
SF,IC2006,2020-01-16 09:33:13.600,5439.6000,39094,0,393304720.000,0,-,-,-,-,5439.6000,5438.6000,5438.4000,5438.2000,5437.8000,5440.4000,5440.6000,5441.0000,5443.6000,5444.2000,4,1,1,1,1,1,2,1,2,3
SF,IC2006,2020-01-16 09:33:14.100,5439.6000,39094,0,397656400.000,4,2,2,多换,S,5438.6000,5438.4000,5438.2000,5437.8000,5436.8000,5439.6000,5440.4000,5440.6000,5441.0000,5443.6000,1,1,1,1,1,1,1,2,1,2
SF,IC2006,2020-01-16 09:33:14.600,5439.6000,39094,0,399832040.000,2,1,1,多换,S,5438.4000,5438.2000,5437.8000,5436.8000,5436.6000,5440.4000,5440.6000,5441.0000,5443.6000,5444.2000,1,1,1,1,1,1,2,1,2,3
SF,IC2006,2020-01-16 09:33:15.100,5439.6000,39094,0,399832040.000,0,-,-,-,-,5438.4000,5438.2000,5437.8000,5436.8000,5436.6000,5439.6000,5440.2000,5440.4000,5440.6000,5441.0000,1,1,1,1,1,1,1,1,2,1
SF,IC2006,2020-01-16 09:33:15.600,5439.6000,39094,0,399832040.000,0,-,-,-,-,5438.6000,5438.4000,5438.2000,5437.8000,5436.8000,5439.6000,5440.2000,5440.4000,5440.6000,5441.0000,1,1,1,1,1,1,1,1,2,1
SF,IC2006,2020-01-16 09:33:16.100,5439.4000,39092,-2,403095520.000,3,0,3,多平,S,5438.4000,5438.2000,5437.8000,5436.6000,5435.2000,5439.6000,5440.2000,5440.6000,5441.0000,5443.6000,1,1,1,1,1,1,1,2,1,2
SF,IC2006,2020-01-16 09:33:16.600,5438.4000,39091,-1,404183200.000,1,0,1,双平,S,5438.2000,5437.8000,5436.6000,5435.2000,5435.0000,5439.6000,5440.2000,5440.6000,5441.0000,5443.6000,1,1,1,1,1,3,1,2,1,2
SF,IC2006,2020-01-16 09:33:17.100,5439.4000,39090,-1,405271080.000,1,0,1,双平,S,5438.2000,5437.8000,5436.6000,5435.2000,5435.0000,5439.4000,5439.6000,5440.2000,5440.6000,5441.0000,1,1,1,1,1,2,2,1,2,1
SF,IC2006,2020-01-16 09:33:17.600,5439.4000,39090,0,405271080.000,0,-,-,-,-,5438.4000,5438.2000,5437.8000,5436.6000,5435.2000,5439.4000,5439.6000,5440.2000,5440.6000,5441.0000,1,1,1,1,1,1,3,2,2,1
SF,IC2006,2020-01-16 09:33:18.600,5439.6000,39088,-2,408534600.000,3,0,3,多平,S,5439.6000,5438.2000,5437.8000,5436.6000,5435.2000,5440.2000,5440.6000,5441.0000,5443.6000,5444.2000,1,1,1,1,1,2,2,1,2,3
SF,IC2006,2020-01-16 09:33:19.100,5439.6000,39087,-1,409622520.000,1,0,1,双平,S,5438.2000,5437.8000,5436.6000,5435.2000,5435.0000,5439.6000,5440.0000,5440.2000,5440.6000,5441.0000,1,1,1,1,1,2,1,2,2,1
SF,IC2006,2020-01-16 09:33:19.600,5439.6000,39087,0,409622520.000,0,-,-,-,-,5438.2000,5437.8000,5436.6000,5435.2000,5435.0000,5439.4000,5439.6000,5440.0000,5440.2000,5440.6000,1,1,1,1,1,1,2,1,2,1
SF,IC2006,2020-01-16 09:33:20.100,5438.6000,39085,-2,413973000.000,4,1,3,多平,S,5436.6000,5435.2000,5435.0000,5434.0000,5433.2000,5438.2000,5438.6000,5439.2000,5439.4000,5439.6000,1,1,1,2,3,1,1,1,3,2
SF,IC2006,2020-01-16 09:33:20.600,5438.6000,39085,0,413973000.000,0,-,-,-,-,5436.8000,5436.6000,5435.2000,5435.0000,5434.0000,5438.0000,5438.4000,5439.4000,5439.6000,5440.2000,1,1,1,1,2,1,2,1,2,1
SF,IC2006,2020-01-16 09:33:21.100,5438.0000,39085,0,416148200.000,2,1,1,多换,S,5437.0000,5436.8000,5436.6000,5435.2000,5435.0000,5437.6000,5437.8000,5438.2000,5438.4000,5439.4000,1,1,1,1,1,1,1,1,2,1
SF,IC2006,2020-01-16 09:33:21.600,5438.2000,39084,-1,418323360.000,2,0,2,多平,S,5437.2000,5437.0000,5436.8000,5436.6000,5435.2000,5438.4000,5439.4000,5439.6000,5440.2000,5440.6000,1,2,1,1,1,2,1,2,1,1
SF,IC2006,2020-01-16 09:33:22.100,5438.2000,39084,0,418323360.000,0,-,-,-,-,5437.4000,5437.2000,5436.6000,5435.2000,5435.0000,5438.4000,5439.4000,5439.6000,5440.2000,5440.6000,1,1,1,1,1,1,1,2,1,1
SF,IC2006,2020-01-16 09:33:22.600,5438.2000,39084,0,418323360.000,0,-,-,-,-,5437.2000,5436.6000,5435.2000,5435.0000,5434.0000,5438.4000,5439.6000,5440.2000,5440.6000,5441.0000,1,1,1,1,2,1,2,1,1,1
SF,IC2006,2020-01-16 09:33:23.100,5437.2000,39084,0,419410800.000,1,0,1,多换,S,5436.6000,5435.2000,5435.0000,5434.0000,5433.2000,5437.2000,5438.4000,5439.6000,5440.2000,5440.6000,1,1,1,2,3,1,3,2,1,1
SF,IC2006,2020-01-16 09:33:24.100,5436.6000,39084,0,420498120.000,1,0,1,多换,S,5438.0000,5435.2000,5435.0000,5434.0000,5433.2000,5438.4000,5439.6000,5440.2000,5440.6000,5441.0000,1,1,1,2,3,3,2,1,1,1
SF,IC2006,2020-01-16 09:33:24.600,5438.0000,39083,-1,421585720.000,1,0,1,双平,S,5437.2000,5435.2000,5435.0000,5434.0000,5433.2000,5438.0000,5438.4000,5440.2000,5440.6000,5441.0000,1,1,1,2,3,3,3,1,1,1
SF,IC2006,2020-01-16 09:33:25.100,5437.2000,39082,-1,422673160.000,1,0,1,双平,S,5437.2000,5435.2000,5435.0000,5434.0000,5433.2000,5437.8000,5438.0000,5438.4000,5440.2000,5440.6000,1,1,1,2,3,1,3,3,1,1
SF,IC2006,2020-01-16 09:33:25.600,5437.2000,39082,0,424848040.000,2,1,1,多换,S,5435.2000,5435.0000,5434.0000,5433.2000,5433.0000,5437.2000,5437.8000,5438.0000,5438.4000,5440.2000,1,1,2,3,1,1,2,3,3,1
SF,IC2006,2020-01-16 09:33:26.100,5437.2000,39082,0,424848040.000,0,-,-,-,-,5435.4000,5435.2000,5435.0000,5434.0000,5433.2000,5437.2000,5438.0000,5438.4000,5440.2000,5440.6000,4,2,2,2,3,1,2,3,1,1
SF,IC2006,2020-01-16 09:33:26.600,5437.2000,39083,1,425935480.000,1,1,0,双开,S,5437.2000,5435.4000,5435.2000,5435.0000,5434.0000,5438.0000,5438.4000,5440.2000,5440.6000,5441.0000,1,4,2,2,2,2,3,1,1,1
SF,IC2006,2020-01-16 09:33:27.100,5437.2000,39083,0,427022920.000,1,0,1,多换,S,5437.6000,5435.4000,5435.2000,5435.0000,5434.0000,5438.0000,5438.4000,5440.2000,5440.6000,5441.0000,1,1,1,2,2,2,1,1,1,1
SF,IC2006,2020-01-16 09:33:27.600,5437.6000,39082,-1,428110440.000,1,0,1,双平,S,5435.2000,5435.0000,5434.0000,5433.2000,5433.0000,5437.2000,5438.0000,5438.4000,5440.2000,5440.6000,1,2,2,3,1,8,2,1,1,1
SF,IC2006,2020-01-16 09:33:28.100,5437.6000,39082,0,428110440.000,0,-,-,-,-,5435.4000,5435.2000,5435.0000,5434.0000,5433.2000,5437.2000,5438.0000,5438.4000,5440.2000,5440.6000,2,1,1,2,3,8,2,1,1,1
SF,IC2006,2020-01-16 09:33:28.600,5437.2000,39081,-1,434635480.000,6,2,4,多平,S,5435.4000,5435.2000,5435.0000,5434.0000,5433.2000,5437.2000,5438.0000,5438.4000,5440.2000,5440.6000,2,1,1,2,3,2,2,1,1,1
SF,IC2006,2020-01-16 09:33:29.100,5437.2000,39081,0,434635480.000,0,-,-,-,-,5435.6000,5435.4000,5435.2000,5435.0000,5434.0000,5437.0000,5437.2000,5438.0000,5438.4000,5440.2000,1,2,1,1,2,1,2,2,1,1
SF,IC2006,2020-01-16 09:33:29.600,5437.2000,39081,0,434635480.000,0,-,-,-,-,5435.6000,5435.4000,5435.2000,5435.0000,5434.0000,5437.0000,5437.2000,5438.4000,5440.2000,5440.6000,2,1,1,1,2,1,2,1,1,1
SF,IC2006,2020-01-16 09:33:30.600,5435.6000,39079,-2,436809720.000,2,0,2,双平,S,5435.4000,5435.2000,5435.0000,5434.0000,5433.2000,5437.0000,5437.2000,5440.2000,5440.6000,5441.0000,1,1,1,2,3,1,2,1,1,1
SF,IC2006,2020-01-16 09:33:31.100,5437.0000,39077,-2,438984480.000,2,0,2,双平,S,5435.2000,5435.0000,5434.0000,5433.2000,5433.0000,5436.8000,5437.2000,5440.2000,5440.6000,5441.0000,1,1,2,3,1,1,2,1,1,1
SF,IC2006,2020-01-16 09:33:31.600,5437.0000,39077,0,438984480.000,0,-,-,-,-,5435.4000,5435.2000,5435.0000,5434.0000,5433.2000,5436.8000,5437.2000,5440.2000,5440.6000,5441.0000,1,1,1,2,3,1,2,1,1,1
SF,IC2006,2020-01-16 09:33:32.100,5436.8000,39077,0,440071840.000,1,0,1,多换,S,5436.0000,5435.4000,5435.2000,5435.0000,5434.0000,5437.2000,5440.2000,5440.6000,5441.0000,5443.6000,2,1,1,1,2,2,1,1,1,2
SF,IC2006,2020-01-16 09:33:32.600,5436.8000,39077,0,440071840.000,0,-,-,-,-,5436.2000,5436.0000,5435.2000,5435.0000,5434.0000,5436.6000,5437.2000,5440.6000,5441.0000,5443.6000,1,2,1,1,2,5,2,1,1,2
SF,IC2006,2020-01-16 09:33:33.100,5436.2000,39077,0,441159080.000,1,0,1,多换,S,5436.0000,5435.2000,5435.0000,5434.0000,5433.2000,5436.6000,5437.2000,5437.6000,5440.6000,5441.0000,2,1,1,2,3,5,2,1,1,1
SF,IC2006,2020-01-16 09:33:33.600,5437.2000,39077,0,444420920.000,3,1,2,多换,S,5435.2000,5435.0000,5434.0000,5433.2000,5433.0000,5437.2000,5437.6000,5440.6000,5441.0000,5443.6000,1,1,2,3,1,1,1,1,1,2
SF,IC2006,2020-01-16 09:33:34.100,5436.6000,39076,-1,445508240.000,1,0,1,双平,S,5435.4000,5435.2000,5435.0000,5434.0000,5433.2000,5437.0000,5437.2000,5437.6000,5440.2000,5440.6000,2,1,2,2,3,1,1,1,5,1
SF,IC2006,2020-01-16 09:33:34.600,5435.0000,39074,-2,449856360.000,4,1,3,多平,S,5434.0000,5433.2000,5433.0000,5431.2000,5430.2000,5435.0000,5436.6000,5437.0000,5437.2000,5437.6000,2,3,1,1,3,4,1,1,1,1
SF,IC2006,2020-01-16 09:33:35.100,5435.0000,39072,-2,452030360.000,2,0,2,双平,S,5434.2000,5434.0000,5433.2000,5433.0000,5431.2000,5435.0000,5436.6000,5437.0000,5437.2000,5437.6000,1,2,3,1,1,2,1,1,2,1
SF,IC2006,2020-01-16 09:33:35.600,5435.0000,39070,-2,454204360.000,2,0,2,双平,S,5435.0000,5434.0000,5433.2000,5433.0000,5431.2000,5436.6000,5437.2000,5437.6000,5440.2000,5440.6000,2,2,3,1,1,1,2,1,5,1
SF,IC2006,2020-01-16 09:33:36.100,5435.0000,39070,0,454204360.000,0,-,-,-,-,5435.2000,5435.0000,5434.0000,5433.2000,5433.0000,5436.4000,5437.2000,5437.6000,5440.2000,5440.6000,1,2,2,3,1,1,2,1,5,1
SF,IC2006,2020-01-16 09:33:36.600,5436.4000,39070,0,456378920.000,2,1,1,多换,S,5435.2000,5434.0000,5433.2000,5433.0000,5431.2000,5437.2000,5437.6000,5440.2000,5440.6000,5441.0000,1,2,3,1,1,2,1,5,1,1
SF,IC2006,2020-01-16 09:33:37.100,5436.4000,39070,0,456378920.000,0,-,-,-,-,5435.2000,5435.0000,5434.0000,5433.2000,5433.0000,5437.0000,5437.2000,5437.6000,5440.2000,5440.6000,1,1,2,3,1,1,2,1,5,1
SF,IC2006,2020-01-16 09:33:37.600,5435.4000,39069,-1,457466000.000,1,0,1,双平,S,5435.2000,5435.0000,5434.0000,5433.2000,5433.0000,5437.0000,5437.2000,5437.6000,5440.2000,5440.6000,1,1,2,3,1,1,2,1,5,1
SF,IC2006,2020-01-16 09:33:38.100,5435.4000,39069,0,457466000.000,0,-,-,-,-,5435.2000,5435.0000,5434.0000,5433.2000,5433.0000,5436.8000,5437.0000,5437.2000,5437.6000,5440.2000,1,1,2,3,1,1,2,2,1,5
SF,IC2006,2020-01-16 09:33:38.600,5437.0000,39068,-1,459640760.000,2,0,2,多平,S,5435.6000,5435.2000,5435.0000,5434.0000,5433.2000,5437.2000,5437.6000,5440.2000,5440.6000,5441.0000,1,1,1,2,3,2,1,5,1,1
SF,IC2006,2020-01-16 09:33:39.100,5437.0000,39068,0,459640760.000,0,-,-,-,-,5435.8000,5435.6000,5435.0000,5434.0000,5433.2000,5437.2000,5437.6000,5440.2000,5440.6000,5441.0000,1,1,1,2,3,2,1,5,1,1
SF,IC2006,2020-01-16 09:33:39.600,5437.0000,39068,0,459640760.000,0,-,-,-,-,5436.4000,5435.8000,5435.6000,5435.0000,5434.0000,5437.2000,5437.6000,5440.2000,5440.6000,5441.0000,1,1,1,1,2,2,1,5,1,1
SF,IC2006,2020-01-16 09:33:40.100,5436.4000,39069,1,460728040.000,1,1,0,双开,S,5435.8000,5435.6000,5435.0000,5434.0000,5433.2000,5437.2000,5437.6000,5440.2000,5440.6000,5441.0000,1,1,1,2,4,2,1,5,1,1
SF,IC2006,2020-01-16 09:33:41.100,5437.2000,39068,-1,462902640.000,2,0,2,多平,S,5435.6000,5435.0000,5434.2000,5434.0000,5433.2000,5437.2000,5437.6000,5440.2000,5440.6000,5441.0000,1,1,1,2,4,1,1,5,1,1
SF,IC2006,2020-01-16 09:33:41.600,5437.2000,39068,0,462902640.000,0,-,-,-,-,5436.2000,5435.6000,5435.0000,5434.2000,5434.0000,5437.0000,5437.2000,5437.6000,5440.2000,5440.6000,1,1,2,1,2,1,1,1,5,1
SF,IC2006,2020-01-16 09:33:42.100,5436.2000,39069,1,463989880.000,1,1,0,双开,S,5435.6000,5435.0000,5434.2000,5434.0000,5433.2000,5436.2000,5437.0000,5437.2000,5437.6000,5440.2000,1,2,1,2,4,1,1,1,1,5
SF,IC2006,2020-01-16 09:33:43.100,5436.2000,39069,0,463989880.000,0,-,-,-,-,5435.6000,5435.0000,5434.2000,5434.0000,5433.2000,5436.0000,5436.2000,5437.0000,5437.2000,5437.6000,1,2,1,2,4,2,1,1,1,1
SF,IC2006,2020-01-16 09:33:43.600,5436.2000,39069,0,463989880.000,0,-,-,-,-,5435.6000,5435.0000,5434.2000,5434.0000,5433.2000,5436.2000,5437.0000,5437.2000,5437.6000,5440.2000,1,2,1,2,4,1,1,1,1,5
SF,IC2006,2020-01-16 09:33:44.100,5436.2000,39069,0,463989880.000,0,-,-,-,-,5435.6000,5435.0000,5434.2000,5434.0000,5433.2000,5436.2000,5437.0000,5437.2000,5440.2000,5440.6000,1,2,1,2,4,1,1,1,5,1
SF,IC2006,2020-01-16 09:33:44.600,5435.6000,39071,2,467251400.000,3,2,1,空开,S,5435.6000,5435.0000,5434.2000,5434.0000,5433.2000,5437.0000,5437.2000,5440.2000,5440.6000,5441.0000,1,2,1,2,4,2,1,5,1,1
SF,IC2006,2020-01-16 09:33:45.100,5435.6000,39071,0,468338520.000,1,0,1,多换,S,5435.6000,5435.0000,5434.2000,5434.0000,5433.2000,5437.0000,5437.2000,5440.2000,5440.6000,5441.0000,1,2,1,2,4,1,1,5,1,1
SF,IC2006,2020-01-16 09:33:45.600,5437.0000,39071,0,469425920.000,1,0,1,多换,S,5437.0000,5435.8000,5435.6000,5435.0000,5434.2000,5437.2000,5440.2000,5440.6000,5441.0000,5443.6000,1,1,1,2,1,1,5,1,1,2
SF,IC2006,2020-01-16 09:33:46.100,5437.2000,39070,-1,470513360.000,1,0,1,双平,S,5437.2000,5435.8000,5435.6000,5435.0000,5434.2000,5440.2000,5440.6000,5441.0000,5443.6000,5444.2000,1,1,1,2,1,5,1,1,2,3
SF,IC2006,2020-01-16 09:33:46.600,5437.2000,39070,0,470513360.000,0,-,-,-,-,5435.6000,5435.0000,5434.2000,5434.0000,5433.2000,5437.2000,5437.8000,5438.4000,5440.0000,5440.2000,1,2,1,2,4,1,1,3,3,5
SF,IC2006,2020-01-16 09:33:47.100,5437.2000,39070,0,470513360.000,0,-,-,-,-,5435.8000,5435.6000,5435.0000,5434.2000,5434.0000,5437.2000,5437.8000,5438.4000,5440.0000,5440.2000,1,1,2,1,2,1,1,3,1,5
SF,IC2006,2020-01-16 09:33:47.600,5437.2000,39070,0,470513360.000,0,-,-,-,-,5435.6000,5435.0000,5434.2000,5434.0000,5433.2000,5437.0000,5437.2000,5437.8000,5438.4000,5440.0000,1,2,1,2,4,1,1,1,3,1
SF,IC2006,2020-01-16 09:33:48.100,5437.2000,39070,0,470513360.000,0,-,-,-,-,5435.6000,5435.0000,5434.2000,5434.0000,5433.2000,5437.0000,5437.2000,5437.8000,5438.4000,5440.2000,1,2,1,2,4,1,1,1,3,5
SF,IC2006,2020-01-16 09:33:48.600,5437.2000,39070,0,470513360.000,0,-,-,-,-,5435.8000,5435.6000,5435.0000,5434.2000,5434.0000,5437.8000,5438.4000,5440.2000,5440.6000,5441.0000,1,1,2,1,2,1,3,5,1,1
SF,IC2006,2020-01-16 09:33:49.100,5437.2000,39070,0,470513360.000,0,-,-,-,-,5435.6000,5435.0000,5434.2000,5434.0000,5433.2000,5437.6000,5437.8000,5438.4000,5440.2000,5440.6000,1,2,1,2,4,2,1,3,5,1
SF,IC2006,2020-01-16 09:33:49.600,5437.2000,39070,0,470513360.000,0,-,-,-,-,5437.0000,5435.8000,5435.6000,5435.0000,5434.2000,5437.6000,5437.8000,5438.4000,5440.2000,5440.6000,1,1,1,2,1,1,1,3,5,1
SF,IC2006,2020-01-16 09:33:50.100,5437.0000,39071,1,471600760.000,1,1,0,双开,S,5435.6000,5435.0000,5434.2000,5434.0000,5433.2000,5437.0000,5437.8000,5438.4000,5440.2000,5440.6000,1,2,1,2,4,2,1,3,5,1
SF,IC2006,2020-01-16 09:33:50.600,5437.0000,39071,0,471600760.000,0,-,-,-,-,5435.6000,5435.0000,5434.2000,5434.0000,5433.2000,5436.8000,5437.8000,5438.4000,5440.2000,5440.6000,2,2,1,2,4,1,1,3,5,1
SF,IC2006,2020-01-16 09:33:51.100,5437.0000,39071,0,471600760.000,0,-,-,-,-,5435.6000,5435.2000,5435.0000,5434.2000,5434.0000,5436.8000,5437.8000,5438.4000,5440.2000,5440.6000,2,1,2,1,2,1,1,3,5,1
SF,IC2006,2020-01-16 09:33:52.100,5437.0000,39071,0,471600760.000,0,-,-,-,-,5435.6000,5435.2000,5435.0000,5434.2000,5434.0000,5436.8000,5437.8000,5438.4000,5440.2000,5440.6000,1,1,2,1,2,1,1,3,5,1
SF,IC2006,2020-01-16 09:33:52.600,5435.6000,39070,-1,472687880.000,1,0,1,双平,S,5435.2000,5435.0000,5434.2000,5434.0000,5433.2000,5435.6000,5436.8000,5437.8000,5438.4000,5440.2000,1,2,1,2,4,4,1,1,3,5
SF,IC2006,2020-01-16 09:33:53.100,5435.6000,39070,0,473775000.000,1,0,1,多换,S,5435.2000,5435.0000,5434.2000,5434.0000,5433.2000,5435.6000,5436.8000,5437.8000,5438.4000,5440.2000,1,2,1,2,4,3,1,1,3,5
SF,IC2006,2020-01-16 09:33:55.600,5435.6000,39068,-2,475949160.000,2,0,2,双平,S,5435.0000,5434.2000,5434.0000,5433.2000,5433.0000,5435.6000,5436.8000,5438.4000,5440.2000,5440.6000,2,1,2,4,1,2,1,2,5,1
SF,IC2006,2020-01-16 09:33:56.100,5435.6000,39068,0,475949160.000,0,-,-,-,-,5435.0000,5434.2000,5434.0000,5433.2000,5433.0000,5435.6000,5436.8000,5438.4000,5440.2000,5440.6000,2,1,2,4,1,2,1,2,5,1
SF,IC2006,2020-01-16 09:33:56.600,5435.6000,39068,0,475949160.000,0,-,-,-,-,5435.0000,5434.2000,5434.0000,5433.2000,5433.0000,5435.6000,5436.8000,5438.4000,5440.2000,5440.6000,2,1,2,4,1,2,1,2,5,1
SF,IC2006,2020-01-16 09:33:58.100,5435.6000,39067,-1,478123400.000,2,0,2,多平,S,5435.6000,5435.0000,5434.2000,5434.0000,5433.2000,5436.8000,5438.4000,5440.2000,5440.6000,5441.0000,1,2,1,2,4,1,2,5,1,1
SF,IC2006,2020-01-16 09:33:58.600,5435.6000,39067,0,478123400.000,0,-,-,-,-,5435.6000,5435.0000,5434.2000,5434.0000,5433.2000,5436.0000,5436.8000,5438.4000,5440.2000,5440.6000,1,2,1,2,4,2,1,2,5,1
SF,IC2006,2020-01-16 09:33:59.600,5435.6000,39067,0,478123400.000,0,-,-,-,-,5435.6000,5435.0000,5434.2000,5434.0000,5433.2000,5436.8000,5438.4000,5440.2000,5440.6000,5441.0000,1,2,1,2,4,1,2,5,1,1
SF,IC2006,2020-01-16 09:34:00.100,5435.6000,39068,1,480297640.000,2,1,1,空开,S,5435.0000,5434.2000,5434.0000,5433.2000,5433.0000,5435.6000,5436.8000,5438.4000,5440.2000,5440.6000,2,1,2,4,1,9,1,2,5,1
SF,IC2006,2020-01-16 09:34:00.600,5435.6000,39068,0,480297640.000,0,-,-,-,-,5435.2000,5435.0000,5434.2000,5434.0000,5433.2000,5435.6000,5436.8000,5438.4000,5440.2000,5440.6000,1,4,1,2,4,9,1,2,5,1
SF,IC2006,2020-01-16 09:34:01.100,5435.6000,39068,0,481384760.000,1,0,1,多换,S,5435.2000,5435.0000,5434.2000,5434.0000,5433.2000,5435.6000,5436.4000,5436.8000,5438.4000,5440.2000,1,4,1,2,4,8,1,1,2,5
SF,IC2006,2020-01-16 09:34:01.600,5435.4000,39064,-4,485733080.000,4,0,4,双平,S,5435.2000,5435.0000,5434.2000,5434.0000,5433.2000,5435.6000,5436.4000,5436.8000,5438.4000,5440.2000,1,3,1,2,4,8,1,1,2,5
SF,IC2006,2020-01-16 09:34:02.600,5435.2000,39064,0,486820120.000,1,0,1,多换,S,5435.0000,5434.2000,5434.0000,5433.2000,5433.0000,5435.6000,5436.4000,5436.8000,5438.4000,5440.2000,4,1,2,4,1,8,1,1,2,5
SF,IC2006,2020-01-16 09:34:03.100,5435.2000,39064,0,486820120.000,0,-,-,-,-,5435.0000,5434.2000,5434.0000,5433.2000,5433.0000,5435.6000,5436.4000,5436.8000,5438.4000,5440.2000,4,1,2,4,1,8,1,1,2,5
SF,IC2006,2020-01-16 09:34:03.600,5435.0000,39063,-1,488994120.000,2,0,2,多平,S,5435.0000,5434.2000,5434.0000,5433.2000,5433.0000,5435.6000,5436.4000,5436.8000,5438.4000,5440.2000,2,1,2,4,1,8,1,1,1,5
SF,IC2006,2020-01-16 09:34:04.100,5435.6000,39063,0,491168360.000,2,1,1,多换,S,5435.0000,5434.2000,5434.0000,5433.2000,5433.0000,5435.6000,5436.4000,5436.8000,5438.4000,5440.2000,2,1,2,4,1,6,1,1,1,5
SF,IC2006,2020-01-16 09:34:04.600,5435.6000,39063,0,497691080.000,6,3,3,多换,S,5435.6000,5435.0000,5434.2000,5434.0000,5433.2000,5436.4000,5436.8000,5438.4000,5440.2000,5440.6000,1,2,1,2,4,1,1,1,5,1
SF,IC2006,2020-01-16 09:34:05.100,5436.4000,39061,-2,499865640.000,2,0,2,双平,S,5436.4000,5435.2000,5435.0000,5434.2000,5434.0000,5436.8000,5438.4000,5440.2000,5440.6000,5441.0000,1,1,2,1,2,1,1,5,1,2
SF,IC2006,2020-01-16 09:34:05.600,5436.8000,39060,-1,500953000.000,1,0,1,双平,S,5436.8000,5435.2000,5435.0000,5434.2000,5434.0000,5438.4000,5440.2000,5440.6000,5441.0000,5443.6000,1,1,2,1,2,1,5,1,2,2
SF,IC2006,2020-01-16 09:34:06.100,5436.8000,39060,0,500953000.000,0,-,-,-,-,5435.2000,5435.0000,5434.2000,5434.0000,5433.2000,5438.2000,5438.4000,5440.2000,5440.6000,5441.0000,1,2,1,2,4,1,1,5,1,2
SF,IC2006,2020-01-16 09:34:06.600,5436.8000,39060,0,500953000.000,0,-,-,-,-,5435.4000,5435.0000,5434.2000,5434.0000,5433.2000,5438.2000,5438.4000,5440.2000,5440.6000,5441.0000,2,2,1,2,4,1,1,5,1,2
SF,IC2006,2020-01-16 09:34:07.100,5436.8000,39060,0,500953000.000,0,-,-,-,-,5435.4000,5435.0000,5434.2000,5434.0000,5433.2000,5436.8000,5438.2000,5438.4000,5440.2000,5440.6000,2,2,1,2,4,4,1,1,5,1
SF,IC2006,2020-01-16 09:34:07.600,5436.8000,39060,0,500953000.000,0,-,-,-,-,5435.4000,5435.0000,5434.2000,5434.0000,5433.2000,5436.8000,5438.2000,5438.4000,5440.2000,5440.6000,1,2,1,2,4,4,1,1,5,1
SF,IC2006,2020-01-16 09:34:08.600,5436.8000,39060,0,502040360.000,1,0,1,多换,S,5435.6000,5435.4000,5435.0000,5434.2000,5434.0000,5436.8000,5438.2000,5438.4000,5439.8000,5440.2000,1,1,2,1,2,3,1,1,1,5
SF,IC2006,2020-01-16 09:34:10.100,5436.8000,39060,0,502040360.000,0,-,-,-,-,5435.6000,5435.4000,5435.0000,5434.2000,5434.0000,5436.8000,5438.2000,5438.4000,5439.8000,5440.2000,1,1,2,1,2,3,1,1,1,5
SF,IC2006,2020-01-16 09:34:10.600,5436.8000,39060,0,502040360.000,0,-,-,-,-,5435.8000,5435.6000,5435.0000,5434.2000,5434.0000,5436.8000,5438.2000,5438.4000,5439.8000,5440.2000,1,1,2,1,2,3,1,1,1,5
SF,IC2006,2020-01-16 09:34:11.100,5436.8000,39060,0,503127720.000,1,0,1,多换,S,5435.8000,5435.0000,5434.2000,5434.0000,5433.2000,5436.8000,5438.2000,5438.4000,5439.8000,5440.2000,2,2,1,2,4,2,1,1,1,5
SF,IC2006,2020-01-16 09:34:13.600,5436.8000,39060,0,505302440.000,2,1,1,多换,S,5435.8000,5435.0000,5434.2000,5434.0000,5433.2000,5438.2000,5438.4000,5439.8000,5440.2000,5440.6000,2,2,1,2,4,1,1,1,5,1
SF,IC2006,2020-01-16 09:34:14.100,5436.8000,39060,0,505302440.000,0,-,-,-,-,5435.8000,5435.4000,5435.0000,5434.2000,5434.0000,5438.0000,5438.2000,5438.4000,5439.8000,5440.2000,1,1,2,1,2,1,1,1,1,5
SF,IC2006,2020-01-16 09:34:14.600,5436.8000,39060,0,505302440.000,0,-,-,-,-,5437.2000,5436.8000,5436.2000,5436.0000,5435.8000,5438.0000,5438.4000,5439.8000,5440.2000,5440.6000,4,1,2,4,2,1,1,1,5,1
SF,IC2006,2020-01-16 09:34:15.100,5438.0000,39059,-1,506390040.000,1,0,1,双平,S,5437.2000,5436.8000,5436.2000,5435.8000,5435.4000,5438.4000,5439.8000,5440.2000,5440.6000,5441.0000,2,1,2,1,1,1,1,5,1,2
SF,IC2006,2020-01-16 09:34:15.600,5438.0000,39059,0,506390040.000,0,-,-,-,-,5437.4000,5437.2000,5436.8000,5436.2000,5435.8000,5439.8000,5440.2000,5440.6000,5441.0000,5443.6000,1,4,1,2,1,1,5,1,2,2
SF,IC2006,2020-01-16 09:34:16.100,5438.0000,39059,0,506390040.000,0,-,-,-,-,5437.6000,5437.2000,5436.8000,5436.2000,5435.8000,5439.6000,5439.8000,5440.2000,5440.6000,5441.0000,1,4,1,2,1,1,1,5,1,2
SF,IC2006,2020-01-16 09:34:16.600,5438.0000,39059,0,506390040.000,0,-,-,-,-,5437.6000,5436.8000,5436.2000,5435.4000,5435.0000,5439.6000,5439.8000,5440.2000,5440.6000,5441.0000,1,1,2,1,2,1,1,5,1,2
SF,IC2006,2020-01-16 09:34:17.100,5438.0000,39059,0,506390040.000,0,-,-,-,-,5437.8000,5436.8000,5436.2000,5435.4000,5435.0000,5439.6000,5439.8000,5440.2000,5440.6000,5441.0000,2,1,2,1,2,1,1,5,1,2
SF,IC2006,2020-01-16 09:34:17.600,5438.0000,39059,0,506390040.000,0,-,-,-,-,5438.0000,5437.8000,5436.8000,5436.2000,5435.4000,5439.6000,5439.8000,5440.2000,5440.6000,5441.0000,1,3,1,2,1,1,1,5,1,2
SF,IC2006,2020-01-16 09:34:18.100,5438.0000,39059,0,506390040.000,0,-,-,-,-,5438.0000,5437.8000,5436.8000,5436.2000,5435.4000,5439.6000,5439.8000,5440.2000,5440.6000,5441.0000,2,2,1,2,1,1,1,5,1,2
SF,IC2006,2020-01-16 09:34:18.600,5438.0000,39059,0,506390040.000,0,-,-,-,-,5438.0000,5437.8000,5436.8000,5436.2000,5435.4000,5439.6000,5439.8000,5440.6000,5441.0000,5443.6000,1,2,1,2,1,1,1,1,2,2
SF,IC2006,2020-01-16 09:34:19.100,5438.0000,39060,1,507477640.000,1,1,0,双开,S,5437.8000,5436.8000,5436.2000,5435.4000,5435.0000,5439.6000,5439.8000,5440.6000,5441.0000,5443.6000,2,1,2,1,2,1,1,1,2,2
SF,IC2006,2020-01-16 09:34:19.600,5439.6000,39059,-1,508565560.000,1,0,1,双平,S,5437.8000,5436.8000,5436.2000,5435.4000,5435.0000,5439.8000,5440.6000,5441.0000,5443.6000,5444.2000,1,1,2,1,2,1,1,2,2,3
SF,IC2006,2020-01-16 09:34:20.100,5439.6000,39059,0,508565560.000,0,-,-,-,-,5438.0000,5437.8000,5436.8000,5436.2000,5435.4000,5439.8000,5440.6000,5441.0000,5443.6000,5444.2000,1,1,1,2,1,1,1,2,2,3
SF,IC2006,2020-01-16 09:34:20.600,5439.6000,39059,0,508565560.000,0,-,-,-,-,5438.0000,5437.8000,5436.8000,5436.2000,5435.4000,5439.8000,5440.6000,5441.0000,5443.6000,5444.2000,1,2,1,2,1,1,1,2,2,3
SF,IC2006,2020-01-16 09:34:21.100,5439.6000,39059,0,508565560.000,0,-,-,-,-,5438.0000,5437.8000,5436.8000,5436.2000,5435.4000,5439.8000,5440.6000,5441.0000,5443.6000,5444.2000,1,2,1,2,1,1,1,2,2,3
SF,IC2006,2020-01-16 09:34:21.600,5439.6000,39059,0,508565560.000,0,-,-,-,-,5438.2000,5438.0000,5437.8000,5436.8000,5436.2000,5439.8000,5440.6000,5441.0000,5443.6000,5444.2000,1,2,2,1,2,1,1,2,2,3
SF,IC2006,2020-01-16 09:34:22.100,5439.8000,39059,0,509653520.000,1,0,1,多换,S,5438.4000,5438.2000,5438.0000,5437.8000,5436.8000,5440.6000,5441.0000,5443.6000,5444.2000,5444.6000,1,1,1,1,1,1,2,2,3,1
SF,IC2006,2020-01-16 09:34:22.600,5440.6000,39058,-1,510741640.000,1,0,1,双平,S,5439.8000,5438.4000,5438.0000,5437.8000,5436.8000,5441.0000,5443.6000,5444.2000,5444.6000,5444.8000,3,1,1,1,1,2,2,3,1,1
SF,IC2006,2020-01-16 09:34:23.100,5440.6000,39058,0,510741640.000,0,-,-,-,-,5440.0000,5439.8000,5438.0000,5437.8000,5436.8000,5441.0000,5443.6000,5444.2000,5444.6000,5444.8000,1,3,1,1,1,2,2,3,1,1
SF,IC2006,2020-01-16 09:34:23.600,5441.0000,39057,-1,511829840.000,1,0,1,双平,S,5440.0000,5439.8000,5438.0000,5437.8000,5436.8000,5441.0000,5443.6000,5444.2000,5444.6000,5444.8000,1,3,1,1,1,1,2,3,1,1
SF,IC2006,2020-01-16 09:34:24.600,5441.0000,39057,0,511829840.000,0,-,-,-,-,5440.0000,5439.8000,5438.0000,5437.8000,5437.6000,5441.0000,5443.6000,5444.2000,5444.6000,5444.8000,1,3,1,1,1,1,2,3,1,1
SF,IC2006,2020-01-16 09:34:25.100,5441.0000,39057,0,511829840.000,0,-,-,-,-,5439.8000,5438.0000,5437.8000,5437.6000,5436.8000,5441.0000,5443.6000,5444.2000,5444.6000,5444.8000,3,1,1,1,1,1,2,3,1,1
SF,IC2006,2020-01-16 09:34:25.600,5441.0000,39057,0,511829840.000,0,-,-,-,-,5439.8000,5438.0000,5437.8000,5437.6000,5436.8000,5441.0000,5443.6000,5444.2000,5444.6000,5444.8000,3,1,1,1,1,1,2,3,1,1
SF,IC2006,2020-01-16 09:34:26.100,5441.0000,39057,0,511829840.000,0,-,-,-,-,5439.8000,5438.0000,5437.8000,5437.6000,5436.8000,5440.0000,5441.0000,5443.6000,5444.2000,5444.6000,3,1,1,1,1,1,1,2,3,1
SF,IC2006,2020-01-16 09:34:26.600,5439.8000,39056,-1,514005800.000,2,0,2,多平,S,5439.8000,5438.0000,5437.8000,5437.6000,5436.8000,5441.0000,5443.6000,5444.2000,5444.6000,5444.8000,2,1,1,1,1,1,2,3,1,1
SF,IC2006,2020-01-16 09:34:27.100,5439.8000,39056,0,514005800.000,0,-,-,-,-,5439.8000,5438.0000,5437.8000,5437.6000,5436.8000,5441.0000,5443.6000,5444.2000,5444.6000,5444.8000,2,1,1,1,1,1,2,3,1,1
SF,IC2006,2020-01-16 09:34:27.600,5439.8000,39055,-1,515093760.000,1,0,1,双平,S,5439.8000,5438.0000,5437.8000,5437.6000,5436.8000,5440.8000,5441.0000,5443.6000,5444.2000,5444.6000,1,1,1,1,1,1,1,2,3,1
SF,IC2006,2020-01-16 09:34:28.100,5439.8000,39055,0,515093760.000,0,-,-,-,-,5440.0000,5439.8000,5438.0000,5437.8000,5437.6000,5441.0000,5443.6000,5444.2000,5444.6000,5444.8000,1,1,1,1,1,1,2,3,1,1
SF,IC2006,2020-01-16 09:34:30.100,5440.0000,39055,0,516181760.000,1,0,1,多换,S,5439.8000,5438.0000,5437.8000,5437.6000,5435.4000,5441.0000,5443.6000,5444.2000,5444.6000,5444.8000,1,1,1,1,1,1,2,3,1,1
SF,IC2006,2020-01-16 09:34:30.600,5440.0000,39055,0,516181760.000,0,-,-,-,-,5440.0000,5439.8000,5438.0000,5437.8000,5437.6000,5440.8000,5441.0000,5443.6000,5444.2000,5444.6000,1,1,1,1,1,1,1,2,3,1
SF,IC2006,2020-01-16 09:34:31.100,5440.0000,39055,0,516181760.000,0,-,-,-,-,5440.0000,5439.8000,5438.0000,5437.8000,5437.6000,5440.8000,5441.0000,5443.6000,5444.2000,5444.6000,1,1,1,1,1,1,1,2,3,1
SF,IC2006,2020-01-16 09:34:31.600,5440.0000,39055,0,516181760.000,0,-,-,-,-,5440.0000,5439.8000,5438.0000,5437.6000,5435.4000,5440.8000,5441.0000,5443.6000,5444.2000,5444.6000,1,1,1,1,1,1,1,2,3,1
SF,IC2006,2020-01-16 09:34:32.600,5440.8000,39055,0,517269920.000,1,0,1,多换,S,5440.0000,5439.8000,5438.0000,5437.6000,5435.4000,5441.0000,5443.6000,5444.2000,5444.6000,5444.8000,1,1,1,1,1,1,2,3,1,1
SF,IC2006,2020-01-16 09:34:33.100,5440.0000,39056,1,518357920.000,1,1,0,双开,S,5439.8000,5438.0000,5437.6000,5435.4000,5435.0000,5440.0000,5440.8000,5441.0000,5443.6000,5444.2000,1,1,1,1,2,1,1,1,2,3
SF,IC2006,2020-01-16 09:34:33.600,5439.8000,39055,-1,519445880.000,1,0,1,双平,S,5438.0000,5437.6000,5437.4000,5435.4000,5435.0000,5439.8000,5440.8000,5441.0000,5443.6000,5444.2000,1,1,1,1,2,3,1,1,2,3
SF,IC2006,2020-01-16 09:34:34.100,5439.8000,39055,0,519445880.000,0,-,-,-,-,5438.2000,5438.0000,5437.6000,5437.4000,5435.4000,5439.8000,5441.0000,5443.6000,5444.2000,5444.6000,2,1,1,1,1,1,1,2,3,1
SF,IC2006,2020-01-16 09:34:34.600,5439.8000,39055,0,519445880.000,0,-,-,-,-,5440.0000,5439.8000,5438.2000,5437.6000,5437.4000,5441.0000,5443.6000,5444.2000,5444.6000,5444.8000,5,1,2,1,1,1,2,3,1,1
SF,IC2006,2020-01-16 09:34:35.100,5439.8000,39055,0,519445880.000,0,-,-,-,-,5440.6000,5440.0000,5439.8000,5438.2000,5437.6000,5441.0000,5443.6000,5444.2000,5444.6000,5444.8000,1,5,1,1,1,1,2,3,1,1
SF,IC2006,2020-01-16 09:34:35.600,5441.0000,39053,-2,521622200.000,2,0,2,双平,S,5440.0000,5439.8000,5438.2000,5437.6000,5437.4000,5443.6000,5444.2000,5444.6000,5444.8000,5446.0000,5,1,1,1,1,2,3,1,1,3
SF,IC2006,2020-01-16 09:34:36.100,5440.0000,39051,-2,523798240.000,2,0,2,双平,S,5440.0000,5439.8000,5437.6000,5437.4000,5435.4000,5442.0000,5443.2000,5443.4000,5443.6000,5444.2000,4,1,1,1,1,1,6,1,2,3
SF,IC2006,2020-01-16 09:34:36.600,5440.0000,39051,0,523798240.000,0,-,-,-,-,5440.2000,5440.0000,5439.8000,5437.6000,5437.4000,5441.8000,5442.0000,5442.2000,5443.2000,5443.6000,1,4,1,1,1,1,1,1,6,2
SF,IC2006,2020-01-16 09:34:37.100,5440.0000,39051,0,523798240.000,0,-,-,-,-,5440.0000,5439.8000,5437.6000,5437.4000,5435.4000,5441.8000,5442.0000,5442.2000,5443.2000,5443.6000,4,1,1,1,1,1,1,1,6,2
SF,IC2006,2020-01-16 09:34:37.600,5440.0000,39051,0,523798240.000,0,-,-,-,-,5440.2000,5440.0000,5439.8000,5437.6000,5437.4000,5441.8000,5442.0000,5442.2000,5443.2000,5443.6000,1,4,1,1,1,1,1,1,6,2
SF,IC2006,2020-01-16 09:34:38.100,5441.6000,39051,0,524886560.000,1,0,1,多换,S,5440.2000,5440.0000,5439.8000,5437.6000,5437.4000,5441.8000,5442.0000,5442.2000,5443.2000,5443.6000,1,4,1,1,1,1,1,1,6,2
SF,IC2006,2020-01-16 09:34:38.600,5441.6000,39051,0,524886560.000,0,-,-,-,-,5440.0000,5439.8000,5437.6000,5437.4000,5437.0000,5441.8000,5442.0000,5442.2000,5443.2000,5443.6000,4,1,1,1,1,1,1,1,6,2
SF,IC2006,2020-01-16 09:34:39.100,5441.6000,39051,0,524886560.000,0,-,-,-,-,5440.2000,5440.0000,5439.8000,5437.6000,5437.4000,5441.8000,5442.0000,5442.2000,5443.2000,5443.6000,1,4,1,1,1,1,1,1,2,2
SF,IC2006,2020-01-16 09:34:39.600,5441.6000,39051,0,524886560.000,0,-,-,-,-,5440.4000,5440.2000,5440.0000,5437.6000,5437.4000,5441.8000,5442.0000,5442.2000,5443.2000,5443.6000,1,1,4,1,1,1,1,1,2,2
SF,IC2006,2020-01-16 09:34:40.600,5441.6000,39051,0,524886560.000,0,-,-,-,-,5440.2000,5440.0000,5437.6000,5437.4000,5437.0000,5441.8000,5442.0000,5443.2000,5443.6000,5444.2000,1,4,1,1,1,1,1,2,2,3
