市场代码,合约代码,时间,最新,持仓,增仓,成交额,成交量,开仓,平仓,成交类型,方向,买一价,买二价,买三价,买四价,买五价,卖一价,卖二价,卖三价,卖四价,卖五价,买一量,买二量,买三量,买四量,买五量,卖一量,卖二量,卖三量,卖四量,卖五量
SF,IC2008,2020-06-30 09:29:00.400,5670.6000,2224,0,3402360.000,3.000,-,-,-,-,5670.0000,5660.8000,5660.2000,5660.0000,5655.2000,5677.8000,5688.8000,5692.6000,5694.0000,5695.8000,1,2,1,1,1,1,6,1,2,1
SF,IC2008,2020-06-30 09:30:00.400,5677.8000,2223,-1,4537920.000,1,0,1,双平,S,5671.2000,5670.0000,5660.2000,5660.0000,5655.2000,5677.6000,5688.8000,5692.6000,5694.0000,5695.8000,1,1,1,1,1,2,6,1,2,1
SF,IC2008,2020-06-30 09:30:00.900,5671.4000,2223,0,5672200.000,1,0,1,多换,S,5671.4000,5671.2000,5670.0000,5660.2000,5655.2000,5674.2000,5677.4000,5677.6000,5688.8000,5692.6000,1,1,1,1,1,1,3,4,6,1
SF,IC2008,2020-06-30 09:30:01.400,5671.4000,2223,0,6806480.000,1,0,1,多换,S,5671.4000,5671.2000,5670.0000,5666.6000,5660.2000,5674.0000,5677.6000,5678.0000,5684.0000,5688.8000,1,2,1,5,1,3,2,1,5,6
SF,IC2008,2020-06-30 09:30:01.900,5674.0000,2222,-1,9076040.000,2,0,2,多平,S,5671.2000,5670.0000,5666.6000,5660.2000,5655.2000,5674.0000,5677.6000,5678.0000,5684.0000,5688.8000,2,1,5,1,1,2,2,1,5,6
SF,IC2008,2020-06-30 09:30:02.400,5674.0000,2221,-1,11345640.000,2,0,2,多平,S,5671.4000,5671.2000,5670.0000,5666.6000,5660.2000,5677.6000,5678.0000,5684.0000,5688.8000,5692.6000,1,2,1,5,1,2,1,5,6,1
SF,IC2008,2020-06-30 09:30:02.900,5674.0000,2221,0,11345640.000,0,-,-,-,-,5671.6000,5671.4000,5671.2000,5670.0000,5666.6000,5677.0000,5677.4000,5677.6000,5678.0000,5684.0000,1,1,1,1,5,1,1,2,1,5
SF,IC2008,2020-06-30 09:30:03.400,5674.0000,2221,0,11345640.000,0,-,-,-,-,5671.8000,5671.6000,5671.2000,5670.0000,5666.6000,5677.0000,5677.6000,5678.0000,5684.0000,5688.8000,1,1,1,1,5,1,2,1,5,6
SF,IC2008,2020-06-30 09:30:03.900,5672.0000,2221,0,12480040.000,1,0,1,多换,S,5672.0000,5671.8000,5671.2000,5670.0000,5666.6000,5676.8000,5677.0000,5677.6000,5678.0000,5684.0000,1,1,1,1,5,2,1,2,1,5
SF,IC2008,2020-06-30 09:30:04.400,5672.0000,2221,0,12480040.000,0,-,-,-,-,5672.2000,5672.0000,5671.2000,5670.0000,5666.6000,5675.2000,5676.8000,5677.0000,5678.0000,5684.0000,2,1,1,1,5,1,2,1,1,5
SF,IC2008,2020-06-30 09:30:04.900,5675.2000,2220,-1,13615080.000,1,0,1,双平,S,5672.2000,5672.0000,5671.2000,5670.0000,5666.6000,5676.8000,5677.0000,5678.0000,5684.0000,5688.8000,2,1,1,1,5,1,1,1,5,6
SF,IC2008,2020-06-30 09:30:05.400,5675.2000,2220,0,13615080.000,0,-,-,-,-,5672.4000,5672.2000,5671.2000,5670.0000,5666.6000,5676.8000,5677.0000,5678.0000,5684.0000,5688.8000,1,2,1,1,5,1,1,1,5,6
SF,IC2008,2020-06-30 09:30:05.900,5675.2000,2220,0,13615080.000,0,-,-,-,-,5672.6000,5672.4000,5672.2000,5671.2000,5670.0000,5676.6000,5676.8000,5677.0000,5678.0000,5684.0000,1,1,1,1,1,1,1,1,1,5
SF,IC2008,2020-06-30 09:30:06.400,5675.2000,2220,0,13615080.000,0,-,-,-,-,5672.8000,5672.6000,5672.2000,5671.2000,5670.0000,5676.6000,5677.0000,5678.0000,5684.0000,5688.8000,1,1,1,1,1,1,1,1,5,6
SF,IC2008,2020-06-30 09:30:06.900,5675.2000,2220,0,13615080.000,0,-,-,-,-,5673.0000,5672.8000,5672.2000,5671.2000,5670.0000,5677.0000,5678.0000,5684.0000,5688.8000,5692.6000,1,1,1,1,1,1,1,5,6,1
SF,IC2008,2020-06-30 09:30:07.400,5675.2000,2220,0,13615080.000,0,-,-,-,-,5673.2000,5673.0000,5672.2000,5671.2000,5670.0000,5676.8000,5677.0000,5678.0000,5684.0000,5688.8000,1,1,1,1,1,1,1,1,5,6
SF,IC2008,2020-06-30 09:30:07.900,5675.2000,2220,0,13615080.000,0,-,-,-,-,5673.4000,5673.2000,5671.2000,5670.0000,5666.6000,5676.8000,5677.0000,5678.0000,5684.0000,5688.8000,1,1,1,1,5,1,1,1,5,6
SF,IC2008,2020-06-30 09:30:08.400,5675.2000,2220,0,13615080.000,0,-,-,-,-,5673.6000,5673.4000,5671.2000,5670.0000,5666.6000,5676.8000,5677.0000,5678.0000,5684.0000,5688.8000,1,1,1,1,5,1,1,1,5,6
SF,IC2008,2020-06-30 09:30:08.900,5675.2000,2220,0,13615080.000,0,-,-,-,-,5673.8000,5673.6000,5671.2000,5670.0000,5666.6000,5676.8000,5677.0000,5678.0000,5684.0000,5688.8000,1,1,1,1,5,1,1,1,5,6
SF,IC2008,2020-06-30 09:30:09.400,5675.2000,2220,0,13615080.000,0,-,-,-,-,5673.6000,5671.2000,5670.0000,5666.6000,5660.2000,5676.6000,5676.8000,5677.0000,5678.0000,5684.0000,1,1,1,5,1,1,1,1,1,5
SF,IC2008,2020-06-30 09:30:09.900,5673.6000,2217,-3,17020480.000,3,0,3,双平,S,5673.8000,5671.2000,5670.0000,5666.6000,5660.2000,5677.0000,5678.0000,5684.0000,5688.8000,5692.6000,1,1,1,5,1,1,1,5,6,1
SF,IC2008,2020-06-30 09:30:10.400,5673.6000,2217,0,17020480.000,0,-,-,-,-,5674.0000,5671.2000,5670.0000,5666.6000,5660.2000,5676.8000,5677.0000,5678.0000,5684.0000,5688.8000,1,1,1,5,1,1,1,1,5,6
SF,IC2008,2020-06-30 09:30:10.900,5673.6000,2217,0,17020480.000,0,-,-,-,-,5674.0000,5671.2000,5670.0000,5666.6000,5660.2000,5676.6000,5677.0000,5678.0000,5684.0000,5688.8000,1,1,1,5,1,1,1,1,5,6
SF,IC2008,2020-06-30 09:30:11.400,5673.6000,2217,0,17020480.000,0,-,-,-,-,5674.0000,5671.2000,5670.0000,5666.6000,5660.2000,5676.6000,5677.0000,5678.0000,5684.0000,5688.8000,1,1,1,5,1,1,2,1,5,6
SF,IC2008,2020-06-30 09:30:11.900,5673.6000,2217,0,17020480.000,0,-,-,-,-,5674.0000,5671.2000,5670.0000,5666.6000,5660.2000,5677.0000,5678.0000,5684.0000,5688.8000,5692.6000,1,1,1,5,1,2,1,5,6,1
SF,IC2008,2020-06-30 09:30:12.400,5673.6000,2217,0,17020480.000,0,-,-,-,-,5674.0000,5671.2000,5670.0000,5666.6000,5660.2000,5676.8000,5677.0000,5678.0000,5684.0000,5688.8000,1,1,1,5,1,1,2,1,5,6
SF,IC2008,2020-06-30 09:30:12.900,5673.6000,2217,0,17020480.000,0,-,-,-,-,5674.0000,5671.2000,5670.0000,5666.6000,5660.2000,5676.6000,5676.8000,5677.0000,5678.0000,5679.6000,1,1,1,5,1,1,1,2,1,3
SF,IC2008,2020-06-30 09:30:13.400,5673.6000,2217,0,17020480.000,0,-,-,-,-,5671.2000,5670.0000,5666.6000,5660.2000,5655.0000,5676.6000,5677.0000,5678.0000,5679.6000,5684.0000,1,1,5,1,3,1,2,1,3,5
SF,IC2008,2020-06-30 09:30:13.900,5673.6000,2217,0,17020480.000,0,-,-,-,-,5671.4000,5671.2000,5670.0000,5666.6000,5660.2000,5676.4000,5677.0000,5678.0000,5679.6000,5684.0000,2,1,1,5,1,2,2,1,3,5
SF,IC2008,2020-06-30 09:30:14.400,5673.6000,2217,0,17020480.000,0,-,-,-,-,5671.4000,5671.2000,5670.0000,5666.6000,5660.2000,5676.2000,5676.4000,5677.0000,5678.0000,5679.6000,2,1,1,5,1,1,1,2,1,3
SF,IC2008,2020-06-30 09:30:14.900,5673.6000,2217,0,17020480.000,0,-,-,-,-,5671.6000,5671.4000,5670.0000,5666.6000,5660.2000,5675.4000,5676.0000,5676.2000,5677.0000,5678.0000,1,1,1,5,1,1,3,1,2,1
SF,IC2008,2020-06-30 09:30:15.400,5675.2000,2216,-1,18155520.000,1,0,1,双平,S,5671.6000,5671.4000,5670.0000,5660.8000,5660.2000,5675.2000,5676.0000,5677.0000,5678.0000,5679.6000,1,1,1,5,1,1,1,2,1,3
SF,IC2008,2020-06-30 09:30:15.900,5675.2000,2216,0,18155520.000,0,-,-,-,-,5671.8000,5671.6000,5670.0000,5665.2000,5660.8000,5675.2000,5676.0000,5677.0000,5678.0000,5679.6000,1,1,1,1,5,1,1,2,1,3
SF,IC2008,2020-06-30 09:30:16.400,5675.2000,2216,0,18155520.000,0,-,-,-,-,5671.8000,5671.6000,5670.0000,5665.2000,5660.8000,5675.0000,5675.2000,5675.4000,5676.0000,5677.0000,1,1,1,1,5,5,1,1,1,2
SF,IC2008,2020-06-30 09:30:16.900,5675.2000,2216,0,18155520.000,0,-,-,-,-,5671.6000,5670.0000,5665.2000,5660.8000,5660.2000,5674.6000,5674.8000,5675.0000,5675.2000,5675.4000,1,1,1,5,1,1,1,4,1,1
SF,IC2008,2020-06-30 09:30:17.400,5675.2000,2216,0,18155520.000,0,-,-,-,-,5670.0000,5665.2000,5660.8000,5660.2000,5655.0000,5674.4000,5674.6000,5675.0000,5675.2000,5675.4000,1,1,5,1,3,2,3,4,1,1
SF,IC2008,2020-06-30 09:30:17.900,5675.2000,2216,0,18155520.000,0,-,-,-,-,5670.2000,5670.0000,5665.2000,5660.8000,5660.2000,5673.4000,5674.2000,5674.4000,5674.6000,5675.0000,2,1,1,5,1,1,1,1,2,4
SF,IC2008,2020-06-30 09:30:18.400,5675.2000,2216,0,18155520.000,0,-,-,-,-,5670.2000,5670.0000,5665.2000,5660.8000,5660.2000,5673.4000,5674.2000,5674.6000,5675.0000,5675.4000,1,1,1,5,1,1,1,2,3,1
SF,IC2008,2020-06-30 09:30:18.900,5675.2000,2216,0,18155520.000,0,-,-,-,-,5670.2000,5670.0000,5665.2000,5660.8000,5660.2000,5673.2000,5673.4000,5674.2000,5674.6000,5675.0000,1,1,1,5,1,1,1,1,2,3
SF,IC2008,2020-06-30 09:30:19.400,5675.2000,2216,0,18155520.000,0,-,-,-,-,5670.4000,5670.2000,5670.0000,5665.2000,5660.8000,5673.4000,5674.2000,5674.6000,5675.0000,5675.4000,2,1,1,1,5,1,1,2,3,1
SF,IC2008,2020-06-30 09:30:19.900,5675.2000,2216,0,18155520.000,0,-,-,-,-,5670.6000,5670.4000,5670.0000,5665.2000,5660.8000,5673.2000,5674.2000,5674.6000,5677.0000,5678.0000,1,2,1,1,5,1,1,2,1,1
SF,IC2008,2020-06-30 09:30:20.400,5675.2000,2216,0,18155520.000,0,-,-,-,-,5670.8000,5670.6000,5670.4000,5670.0000,5665.2000,5674.2000,5674.6000,5677.0000,5678.0000,5679.6000,1,1,2,1,1,1,2,1,1,3
SF,IC2008,2020-06-30 09:30:20.900,5675.2000,2216,0,18155520.000,0,-,-,-,-,5671.0000,5670.4000,5670.0000,5665.2000,5660.8000,5674.0000,5674.2000,5677.0000,5678.0000,5679.6000,1,3,1,1,5,1,1,1,1,3
SF,IC2008,2020-06-30 09:30:22.900,5675.2000,2216,0,18155520.000,0,-,-,-,-,5671.2000,5671.0000,5670.4000,5670.0000,5665.2000,5674.0000,5674.2000,5674.8000,5677.0000,5678.0000,1,1,3,1,1,1,1,1,1,1
SF,IC2008,2020-06-30 09:30:23.400,5675.2000,2216,0,18155520.000,0,-,-,-,-,5671.4000,5670.4000,5670.0000,5665.2000,5660.8000,5673.6000,5674.2000,5674.8000,5677.0000,5678.0000,1,3,1,1,5,1,1,1,1,1
SF,IC2008,2020-06-30 09:30:23.900,5675.2000,2216,0,18155520.000,0,-,-,-,-,5671.4000,5670.4000,5670.0000,5665.2000,5660.8000,5673.6000,5674.8000,5677.0000,5678.0000,5679.6000,1,3,1,1,5,1,1,1,1,3
SF,IC2008,2020-06-30 09:30:24.400,5675.2000,2216,0,18155520.000,0,-,-,-,-,5671.4000,5670.4000,5665.2000,5660.8000,5660.2000,5673.4000,5674.8000,5677.0000,5678.0000,5679.6000,1,2,1,5,1,1,1,1,1,3
SF,IC2008,2020-06-30 09:30:24.900,5675.2000,2216,0,18155520.000,0,-,-,-,-,5671.4000,5670.4000,5665.2000,5660.8000,5660.2000,5674.8000,5677.0000,5678.0000,5679.6000,5684.0000,1,2,1,5,1,1,1,1,3,5
SF,IC2008,2020-06-30 09:30:25.400,5675.2000,2216,0,18155520.000,0,-,-,-,-,5671.4000,5670.4000,5665.2000,5660.8000,5660.2000,5673.4000,5674.6000,5674.8000,5677.0000,5678.0000,1,1,1,5,1,1,3,1,1,1
SF,IC2008,2020-06-30 09:30:25.900,5675.2000,2216,0,18155520.000,0,-,-,-,-,5671.4000,5665.2000,5660.8000,5660.2000,5655.0000,5673.4000,5674.6000,5674.8000,5677.0000,5678.0000,1,1,5,1,3,1,1,1,1,1
SF,IC2008,2020-06-30 09:30:26.400,5675.2000,2216,0,18155520.000,0,-,-,-,-,5671.4000,5665.2000,5660.8000,5660.2000,5655.0000,5674.6000,5674.8000,5677.0000,5678.0000,5679.6000,1,1,5,1,3,1,1,1,1,3
SF,IC2008,2020-06-30 09:30:27.900,5675.2000,2216,0,18155520.000,0,-,-,-,-,5671.6000,5671.4000,5671.2000,5665.2000,5660.8000,5674.6000,5674.8000,5677.0000,5678.0000,5679.6000,1,1,1,1,5,1,1,1,1,3
SF,IC2008,2020-06-30 09:30:28.400,5675.2000,2216,0,18155520.000,0,-,-,-,-,5671.8000,5665.2000,5660.8000,5660.2000,5655.0000,5674.6000,5674.8000,5677.0000,5678.0000,5679.6000,1,1,5,1,3,1,1,1,1,3
SF,IC2008,2020-06-30 09:30:28.900,5674.6000,2215,-1,19290440.000,1,0,1,双平,S,5671.8000,5665.2000,5660.8000,5660.2000,5655.0000,5674.4000,5674.8000,5677.0000,5678.0000,5679.6000,1,1,5,1,3,1,1,1,1,3
SF,IC2008,2020-06-30 09:30:29.400,5674.6000,2215,0,19290440.000,0,-,-,-,-,5671.8000,5671.4000,5660.8000,5660.2000,5655.0000,5674.4000,5674.8000,5677.0000,5678.0000,5679.6000,1,1,5,1,3,1,1,1,1,3
SF,IC2008,2020-06-30 09:30:30.400,5674.6000,2215,0,19290440.000,0,-,-,-,-,5671.8000,5671.4000,5660.8000,5660.2000,5655.0000,5674.2000,5674.4000,5674.8000,5677.0000,5678.0000,1,1,5,1,3,1,1,1,1,1
SF,IC2008,2020-06-30 09:30:31.400,5674.6000,2215,0,19290440.000,0,-,-,-,-,5671.8000,5671.4000,5660.8000,5660.2000,5655.0000,5674.2000,5674.8000,5677.0000,5678.0000,5679.6000,1,1,5,1,3,1,1,1,1,3
SF,IC2008,2020-06-30 09:30:31.900,5674.6000,2215,0,19290440.000,0,-,-,-,-,5671.8000,5671.4000,5660.8000,5660.2000,5655.0000,5674.8000,5677.0000,5678.0000,5679.6000,5684.0000,1,1,5,1,3,1,1,1,3,5
SF,IC2008,2020-06-30 09:30:32.400,5674.6000,2215,0,19290440.000,0,-,-,-,-,5671.8000,5671.4000,5660.8000,5660.2000,5655.0000,5674.6000,5674.8000,5677.0000,5678.0000,5679.6000,1,1,5,1,3,1,1,1,1,3
SF,IC2008,2020-06-30 09:30:34.900,5674.6000,2215,0,19290440.000,0,-,-,-,-,5671.8000,5671.4000,5660.8000,5660.2000,5655.0000,5674.4000,5674.6000,5674.8000,5677.0000,5678.0000,1,1,5,1,3,1,1,1,1,1
SF,IC2008,2020-06-30 09:30:35.400,5674.6000,2215,0,19290440.000,0,-,-,-,-,5671.4000,5660.8000,5660.2000,5655.0000,5652.0000,5674.2000,5674.4000,5674.8000,5677.0000,5678.0000,1,5,1,3,2,1,1,1,1,1
SF,IC2008,2020-06-30 09:30:35.900,5674.6000,2215,0,19290440.000,0,-,-,-,-,5671.4000,5663.8000,5660.8000,5660.2000,5655.0000,5674.0000,5674.2000,5674.4000,5674.8000,5677.0000,1,3,5,1,3,1,1,1,1,1
SF,IC2008,2020-06-30 09:30:36.400,5674.6000,2215,0,19290440.000,0,-,-,-,-,5671.4000,5663.8000,5660.8000,5660.2000,5655.0000,5674.0000,5674.2000,5674.4000,5674.8000,5677.0000,1,3,5,1,3,1,1,1,1,1
SF,IC2008,2020-06-30 09:30:36.900,5671.4000,2214,-1,20424720.000,1,0,1,双平,S,5663.8000,5660.8000,5660.2000,5655.0000,5652.0000,5673.8000,5674.2000,5674.4000,5674.8000,5677.0000,3,5,1,3,2,1,1,1,1,1
SF,IC2008,2020-06-30 09:30:37.400,5671.4000,2214,0,20424720.000,0,-,-,-,-,5667.8000,5667.6000,5664.6000,5664.0000,5663.8000,5673.6000,5674.2000,5674.8000,5677.0000,5678.0000,1,1,1,2,3,2,1,1,1,1
SF,IC2008,2020-06-30 09:30:37.900,5671.4000,2214,0,20424720.000,0,-,-,-,-,5668.0000,5667.6000,5664.6000,5663.8000,5660.8000,5673.4000,5673.6000,5674.8000,5677.0000,5678.0000,2,1,1,3,5,2,2,1,1,1
SF,IC2008,2020-06-30 09:30:38.400,5671.4000,2214,0,20424720.000,0,-,-,-,-,5668.0000,5667.6000,5664.6000,5663.8000,5660.8000,5673.2000,5673.4000,5674.8000,5677.0000,5678.0000,2,1,1,3,5,1,2,1,1,1
SF,IC2008,2020-06-30 09:30:38.900,5671.4000,2214,0,20424720.000,0,-,-,-,-,5668.0000,5667.6000,5664.6000,5663.8000,5660.8000,5671.4000,5673.0000,5673.2000,5673.4000,5674.8000,1,1,1,3,5,1,3,1,2,1
SF,IC2008,2020-06-30 09:30:39.400,5671.4000,2214,0,20424720.000,0,-,-,-,-,5668.0000,5664.6000,5663.8000,5660.8000,5660.2000,5671.2000,5671.4000,5673.0000,5674.8000,5677.0000,1,1,3,5,1,2,1,2,1,1
SF,IC2008,2020-06-30 09:30:40.400,5671.4000,2214,0,20424720.000,0,-,-,-,-,5668.0000,5664.6000,5663.8000,5660.8000,5660.2000,5671.2000,5671.4000,5673.0000,5674.8000,5677.0000,1,1,3,5,1,2,1,1,1,1
SF,IC2008,2020-06-30 09:30:40.900,5671.4000,2214,0,20424720.000,0,-,-,-,-,5668.2000,5668.0000,5664.6000,5663.8000,5660.8000,5671.2000,5671.4000,5673.0000,5674.8000,5677.0000,1,1,1,3,5,1,1,1,1,1
SF,IC2008,2020-06-30 09:30:41.400,5671.2000,2214,0,21558960.000,1,0,1,多换,S,5668.4000,5668.2000,5664.6000,5663.8000,5660.8000,5671.4000,5673.0000,5674.8000,5677.0000,5678.0000,1,1,1,3,5,1,1,1,1,1
SF,IC2008,2020-06-30 09:30:41.900,5671.2000,2214,0,21558960.000,0,-,-,-,-,5668.4000,5668.2000,5664.6000,5663.8000,5660.8000,5671.2000,5671.4000,5674.8000,5677.0000,5678.0000,1,1,1,3,5,1,1,1,1,1
SF,IC2008,2020-06-30 09:30:42.400,5671.2000,2214,0,21558960.000,0,-,-,-,-,5669.4000,5668.6000,5668.4000,5668.2000,5664.6000,5671.2000,5671.4000,5674.8000,5677.0000,5678.0000,1,1,1,1,1,1,1,1,1,1
SF,IC2008,2020-06-30 09:30:42.900,5671.2000,2214,0,21558960.000,0,-,-,-,-,5669.6000,5669.4000,5664.6000,5663.8000,5660.8000,5671.4000,5674.8000,5677.0000,5678.0000,5679.6000,1,1,1,3,5,1,1,1,1,3
SF,IC2008,2020-06-30 09:30:43.400,5671.2000,2214,0,21558960.000,0,-,-,-,-,5669.6000,5669.4000,5664.6000,5663.8000,5660.8000,5671.2000,5671.4000,5674.8000,5678.0000,5679.6000,1,1,1,3,5,2,1,1,1,3
SF,IC2008,2020-06-30 09:30:43.900,5669.6000,2213,-1,22692880.000,1,0,1,双平,S,5669.4000,5664.6000,5663.8000,5660.8000,5660.2000,5671.2000,5671.4000,5674.8000,5678.0000,5679.6000,1,1,3,5,1,2,1,1,1,3
SF,IC2008,2020-06-30 09:30:44.400,5669.6000,2213,0,22692880.000,0,-,-,-,-,5669.4000,5664.6000,5663.8000,5660.8000,5660.2000,5671.2000,5671.4000,5674.8000,5678.0000,5679.6000,1,1,3,5,1,1,1,1,1,3
SF,IC2008,2020-06-30 09:30:44.900,5669.6000,2213,0,22692880.000,0,-,-,-,-,5669.6000,5669.4000,5664.6000,5663.8000,5660.8000,5671.2000,5671.4000,5674.8000,5678.0000,5679.6000,1,1,1,3,5,1,1,1,1,3
SF,IC2008,2020-06-30 09:30:45.400,5669.6000,2213,0,22692880.000,0,-,-,-,-,5669.6000,5669.4000,5664.6000,5663.8000,5660.8000,5671.0000,5671.2000,5671.4000,5674.8000,5678.0000,1,1,1,3,5,1,1,1,1,1
SF,IC2008,2020-06-30 09:30:45.900,5669.6000,2213,0,22692880.000,0,-,-,-,-,5669.6000,5669.4000,5664.6000,5663.8000,5660.8000,5671.2000,5671.4000,5674.8000,5678.0000,5679.6000,1,1,1,3,5,1,1,1,1,3
SF,IC2008,2020-06-30 09:30:47.400,5669.6000,2213,0,22692880.000,0,-,-,-,-,5669.8000,5669.6000,5669.4000,5664.6000,5660.8000,5671.2000,5671.4000,5674.8000,5678.0000,5679.6000,1,1,1,1,5,1,1,1,1,3
SF,IC2008,2020-06-30 09:30:47.900,5669.6000,2213,0,22692880.000,0,-,-,-,-,5669.8000,5669.4000,5664.6000,5660.8000,5660.2000,5671.2000,5671.4000,5674.8000,5678.0000,5679.6000,1,1,1,5,1,1,1,1,1,3
SF,IC2008,2020-06-30 09:30:48.900,5669.6000,2213,0,22692880.000,0,-,-,-,-,5669.4000,5664.6000,5660.8000,5660.2000,5655.0000,5671.0000,5671.2000,5671.4000,5674.8000,5678.0000,1,1,5,1,3,1,1,1,1,1
SF,IC2008,2020-06-30 09:30:49.400,5669.6000,2213,0,22692880.000,0,-,-,-,-,5669.4000,5664.6000,5660.8000,5660.2000,5655.0000,5671.2000,5671.4000,5674.8000,5678.0000,5679.6000,1,1,5,1,3,1,1,1,1,3
SF,IC2008,2020-06-30 09:30:49.900,5669.6000,2213,0,22692880.000,0,-,-,-,-,5669.6000,5669.4000,5664.6000,5660.8000,5660.2000,5671.2000,5671.4000,5674.8000,5678.0000,5679.6000,2,1,1,5,1,1,1,1,1,3
SF,IC2008,2020-06-30 09:30:50.400,5671.4000,2211,-2,24961400.000,2,0,2,双平,S,5669.6000,5669.4000,5664.6000,5660.8000,5660.2000,5674.8000,5678.0000,5679.6000,5684.0000,5688.8000,2,1,1,5,1,1,1,3,5,6
SF,IC2008,2020-06-30 09:30:50.900,5671.4000,2211,0,24961400.000,0,-,-,-,-,5671.0000,5669.8000,5669.6000,5669.4000,5664.6000,5674.6000,5674.8000,5678.0000,5679.6000,5684.0000,1,1,1,1,1,3,1,1,3,5
SF,IC2008,2020-06-30 09:30:51.400,5671.4000,2211,0,24961400.000,0,-,-,-,-,5671.2000,5671.0000,5669.6000,5669.4000,5664.6000,5674.4000,5674.6000,5674.8000,5678.0000,5679.6000,1,1,1,1,1,1,2,1,1,3
SF,IC2008,2020-06-30 09:30:51.900,5671.4000,2211,0,24961400.000,0,-,-,-,-,5671.2000,5671.0000,5669.6000,5669.4000,5664.6000,5674.2000,5674.6000,5674.8000,5678.0000,5679.6000,1,1,1,1,1,2,2,1,1,3
SF,IC2008,2020-06-30 09:30:52.400,5671.2000,2210,-1,26095640.000,1,0,1,双平,S,5671.0000,5669.6000,5669.4000,5664.6000,5662.2000,5674.2000,5674.6000,5674.8000,5678.0000,5679.6000,1,1,1,1,3,2,2,2,1,3
SF,IC2008,2020-06-30 09:30:52.900,5671.0000,2210,0,27229840.000,1,0,1,多换,S,5669.6000,5669.4000,5664.6000,5662.2000,5660.8000,5674.0000,5674.2000,5674.6000,5674.8000,5678.0000,1,1,1,3,5,2,1,2,2,1
SF,IC2008,2020-06-30 09:30:53.400,5671.0000,2210,0,27229840.000,0,-,-,-,-,5669.6000,5669.4000,5664.6000,5662.2000,5660.8000,5673.8000,5674.0000,5674.2000,5674.6000,5674.8000,1,1,1,3,5,3,2,1,2,2
SF,IC2008,2020-06-30 09:30:53.900,5671.0000,2210,0,27229840.000,0,-,-,-,-,5669.6000,5669.4000,5664.6000,5662.2000,5660.8000,5673.8000,5674.0000,5674.2000,5674.6000,5674.8000,1,1,1,3,5,3,1,1,2,2
SF,IC2008,2020-06-30 09:30:54.400,5671.0000,2210,0,27229840.000,0,-,-,-,-,5669.6000,5669.4000,5664.6000,5662.2000,5660.8000,5673.8000,5674.0000,5674.2000,5674.6000,5674.8000,1,1,1,3,5,3,1,1,2,2
SF,IC2008,2020-06-30 09:30:54.900,5671.0000,2210,0,27229840.000,0,-,-,-,-,5669.6000,5669.4000,5664.6000,5662.2000,5660.8000,5673.6000,5673.8000,5674.0000,5674.2000,5674.6000,1,1,1,3,5,1,3,1,1,2
SF,IC2008,2020-06-30 09:30:55.400,5671.0000,2210,0,27229840.000,0,-,-,-,-,5669.6000,5669.4000,5664.6000,5662.2000,5660.8000,5673.4000,5673.6000,5673.8000,5674.0000,5674.2000,1,1,1,3,5,4,1,2,1,1
SF,IC2008,2020-06-30 09:30:55.900,5671.0000,2210,0,27229840.000,0,-,-,-,-,5669.6000,5669.4000,5664.6000,5662.2000,5660.8000,5673.4000,5673.8000,5674.0000,5674.2000,5674.6000,1,1,1,3,5,4,2,1,1,2
SF,IC2008,2020-06-30 09:30:56.400,5671.0000,2210,0,27229840.000,0,-,-,-,-,5669.6000,5669.4000,5664.6000,5662.2000,5660.8000,5673.4000,5673.8000,5674.0000,5674.2000,5674.6000,1,1,1,3,5,1,1,1,1,2
SF,IC2008,2020-06-30 09:30:56.900,5671.0000,2210,0,27229840.000,0,-,-,-,-,5669.6000,5669.4000,5664.6000,5662.2000,5660.8000,5673.2000,5673.4000,5673.8000,5674.0000,5674.2000,1,1,1,3,5,4,1,1,1,1
SF,IC2008,2020-06-30 09:30:57.400,5671.0000,2210,0,27229840.000,0,-,-,-,-,5669.6000,5669.4000,5664.6000,5662.2000,5660.8000,5673.0000,5673.2000,5673.8000,5674.0000,5674.2000,1,1,1,3,5,3,3,1,1,1
SF,IC2008,2020-06-30 09:30:57.900,5671.0000,2210,0,27229840.000,0,-,-,-,-,5669.6000,5669.4000,5664.6000,5662.2000,5660.8000,5672.8000,5673.0000,5673.2000,5673.8000,5674.0000,1,1,1,3,5,2,2,3,1,1
SF,IC2008,2020-06-30 09:30:58.400,5671.0000,2210,0,27229840.000,0,-,-,-,-,5669.6000,5669.4000,5664.6000,5662.2000,5660.8000,5672.8000,5673.0000,5673.2000,5673.8000,5674.0000,1,1,1,3,5,2,2,3,1,1
SF,IC2008,2020-06-30 09:30:58.900,5671.0000,2210,0,27229840.000,0,-,-,-,-,5669.6000,5669.4000,5664.6000,5662.2000,5660.8000,5672.8000,5673.0000,5673.2000,5673.8000,5674.0000,1,1,1,3,5,1,2,3,1,1
SF,IC2008,2020-06-30 09:30:59.400,5671.0000,2210,0,27229840.000,0,-,-,-,-,5669.6000,5669.4000,5664.6000,5662.2000,5660.8000,5672.8000,5673.0000,5673.2000,5673.8000,5674.0000,1,1,1,3,5,1,2,3,1,1
SF,IC2008,2020-06-30 09:30:59.900,5669.6000,2209,-1,28363760.000,1,0,1,双平,S,5669.4000,5664.6000,5662.2000,5660.8000,5660.2000,5669.6000,5673.0000,5673.2000,5673.8000,5674.0000,1,1,3,5,1,2,2,3,1,1
SF,IC2008,2020-06-30 09:31:00.400,5669.6000,2207,-2,30631600.000,2,0,2,双平,S,5669.4000,5664.6000,5662.2000,5660.8000,5660.2000,5673.0000,5674.6000,5674.8000,5678.0000,5679.6000,1,1,3,5,1,1,1,2,1,3
SF,IC2008,2020-06-30 09:31:00.900,5669.6000,2207,0,30631600.000,0,-,-,-,-,5669.4000,5664.6000,5662.2000,5660.8000,5660.2000,5673.0000,5674.6000,5674.8000,5678.0000,5679.6000,1,1,3,5,1,1,1,2,1,3
SF,IC2008,2020-06-30 09:31:01.400,5673.0000,2206,-1,31766200.000,1,0,1,双平,S,5669.6000,5669.4000,5664.6000,5662.2000,5660.8000,5674.8000,5678.0000,5679.6000,5684.0000,5688.8000,3,1,1,3,5,2,1,3,5,6
SF,IC2008,2020-06-30 09:31:01.900,5673.0000,2206,0,31766200.000,0,-,-,-,-,5669.6000,5669.4000,5664.6000,5662.2000,5660.8000,5674.6000,5674.8000,5679.6000,5684.0000,5688.8000,2,1,1,3,5,3,2,3,5,6
SF,IC2008,2020-06-30 09:31:02.400,5673.0000,2206,0,31766200.000,0,-,-,-,-,5669.6000,5669.4000,5664.6000,5662.2000,5660.8000,5674.4000,5674.6000,5674.8000,5679.6000,5684.0000,1,1,1,3,5,1,3,2,3,5
SF,IC2008,2020-06-30 09:31:02.900,5673.0000,2206,0,31766200.000,0,-,-,-,-,5669.6000,5669.4000,5664.6000,5662.2000,5660.8000,5674.2000,5674.4000,5674.6000,5674.8000,5679.6000,1,1,1,3,5,3,1,3,2,3
SF,IC2008,2020-06-30 09:31:03.400,5673.0000,2206,0,31766200.000,0,-,-,-,-,5669.8000,5669.6000,5664.6000,5662.2000,5660.8000,5674.0000,5674.8000,5679.6000,5684.0000,5688.8000,1,1,1,3,5,1,2,3,5,6
SF,IC2008,2020-06-30 09:31:03.900,5673.0000,2206,0,31766200.000,0,-,-,-,-,5670.0000,5669.8000,5664.6000,5662.2000,5660.8000,5674.0000,5674.8000,5679.6000,5684.0000,5688.8000,1,1,1,3,5,1,2,3,5,6
SF,IC2008,2020-06-30 09:31:05.400,5673.0000,2206,0,31766200.000,0,-,-,-,-,5670.4000,5670.2000,5670.0000,5669.8000,5669.4000,5674.0000,5674.8000,5679.6000,5684.0000,5688.8000,1,1,3,1,1,1,2,3,5,6
SF,IC2008,2020-06-30 09:31:05.900,5673.0000,2206,0,31766200.000,0,-,-,-,-,5670.6000,5670.2000,5670.0000,5669.8000,5669.4000,5674.8000,5679.6000,5684.0000,5688.8000,5692.6000,3,1,2,1,1,2,3,5,6,1
SF,IC2008,2020-06-30 09:31:06.400,5673.0000,2206,0,31766200.000,0,-,-,-,-,5671.0000,5670.6000,5670.2000,5670.0000,5669.8000,5674.8000,5679.6000,5684.0000,5688.8000,5692.6000,1,3,1,2,1,2,3,5,6,1
SF,IC2008,2020-06-30 09:31:06.900,5673.0000,2206,0,31766200.000,0,-,-,-,-,5671.2000,5671.0000,5670.6000,5670.2000,5670.0000,5674.8000,5679.6000,5684.0000,5688.8000,5692.6000,2,1,2,1,2,2,3,5,6,1
SF,IC2008,2020-06-30 09:31:07.400,5671.4000,2206,0,32900480.000,1,0,1,多换,S,5671.4000,5671.2000,5671.0000,5670.6000,5670.2000,5674.8000,5679.6000,5684.0000,5688.8000,5692.6000,1,3,1,2,1,2,3,5,6,1
SF,IC2008,2020-06-30 09:31:07.900,5671.4000,2205,-1,36303320.000,3,1,2,多平,S,5671.2000,5671.0000,5670.6000,5670.2000,5670.0000,5674.6000,5674.8000,5679.6000,5684.0000,5688.8000,1,1,1,1,2,2,2,3,5,6
SF,IC2008,2020-06-30 09:31:08.400,5671.4000,2205,0,36303320.000,0,-,-,-,-,5671.2000,5670.6000,5670.0000,5669.8000,5662.2000,5674.4000,5674.6000,5674.8000,5679.6000,5684.0000,1,1,1,1,3,1,2,2,3,5
SF,IC2008,2020-06-30 09:31:08.900,5671.4000,2205,0,36303320.000,0,-,-,-,-,5671.2000,5670.0000,5669.8000,5662.2000,5660.8000,5674.6000,5674.8000,5679.6000,5684.0000,5688.8000,1,1,1,3,5,1,2,3,5,6
SF,IC2008,2020-06-30 09:31:09.400,5671.4000,2205,0,36303320.000,0,-,-,-,-,5670.0000,5669.8000,5662.2000,5660.8000,5660.2000,5674.6000,5674.8000,5679.6000,5684.0000,5688.8000,1,1,3,5,1,1,2,3,5,6
SF,IC2008,2020-06-30 09:31:09.900,5671.4000,2205,0,36303320.000,0,-,-,-,-,5670.2000,5670.0000,5669.8000,5662.2000,5660.8000,5674.6000,5674.8000,5679.6000,5684.0000,5688.8000,2,2,1,3,5,1,2,3,5,6
SF,IC2008,2020-06-30 09:31:11.400,5671.4000,2205,0,36303320.000,0,-,-,-,-,5670.4000,5670.2000,5670.0000,5669.8000,5662.2000,5674.6000,5674.8000,5679.6000,5684.0000,5688.8000,1,2,2,1,3,1,2,3,5,6
SF,IC2008,2020-06-30 09:31:11.900,5671.4000,2205,0,36303320.000,0,-,-,-,-,5670.6000,5670.4000,5670.2000,5670.0000,5669.8000,5674.6000,5674.8000,5675.0000,5679.6000,5684.0000,2,1,2,2,1,1,2,1,3,5
SF,IC2008,2020-06-30 09:31:12.400,5671.4000,2205,0,36303320.000,0,-,-,-,-,5670.6000,5670.4000,5670.2000,5670.0000,5669.8000,5674.4000,5674.6000,5674.8000,5675.0000,5679.6000,2,1,1,2,1,1,1,2,1,3
SF,IC2008,2020-06-30 09:31:12.900,5671.4000,2205,0,36303320.000,0,-,-,-,-,5670.6000,5670.4000,5670.2000,5670.0000,5669.8000,5674.2000,5674.8000,5675.0000,5679.6000,5684.0000,1,1,1,2,1,2,2,1,3,5
SF,IC2008,2020-06-30 09:31:13.400,5671.4000,2205,0,36303320.000,0,-,-,-,-,5670.6000,5670.4000,5670.2000,5670.0000,5669.8000,5674.2000,5674.8000,5675.0000,5679.6000,5684.0000,2,1,1,2,1,2,2,1,3,5
SF,IC2008,2020-06-30 09:31:13.900,5671.4000,2205,0,36303320.000,0,-,-,-,-,5670.6000,5670.4000,5670.2000,5670.0000,5669.8000,5674.2000,5674.8000,5675.0000,5679.6000,5684.0000,2,1,1,2,1,1,2,1,3,5
SF,IC2008,2020-06-30 09:31:14.400,5671.4000,2205,0,36303320.000,0,-,-,-,-,5670.6000,5670.4000,5670.2000,5670.0000,5669.8000,5674.2000,5674.8000,5675.0000,5679.6000,5684.0000,2,1,1,2,1,1,2,1,3,5
SF,IC2008,2020-06-30 09:31:14.900,5671.4000,2205,0,36303320.000,0,-,-,-,-,5670.6000,5670.4000,5670.2000,5670.0000,5669.8000,5674.2000,5674.8000,5675.0000,5679.6000,5684.0000,2,1,1,2,1,1,2,1,3,5
SF,IC2008,2020-06-30 09:31:15.400,5671.4000,2205,0,36303320.000,0,-,-,-,-,5671.2000,5670.6000,5670.4000,5670.2000,5670.0000,5674.2000,5674.8000,5675.0000,5679.6000,5684.0000,1,2,1,1,2,1,2,1,3,5
SF,IC2008,2020-06-30 09:31:15.900,5671.4000,2205,0,36303320.000,0,-,-,-,-,5670.6000,5670.4000,5670.2000,5670.0000,5669.8000,5674.0000,5674.2000,5674.8000,5675.0000,5679.6000,1,1,1,2,1,2,1,2,1,3
SF,IC2008,2020-06-30 09:31:16.400,5671.4000,2205,0,36303320.000,0,-,-,-,-,5670.8000,5670.6000,5670.4000,5670.2000,5670.0000,5673.8000,5674.0000,5674.8000,5675.0000,5679.6000,1,1,1,1,2,2,2,2,1,3
SF,IC2008,2020-06-30 09:31:16.900,5671.4000,2205,0,36303320.000,0,-,-,-,-,5670.8000,5670.6000,5670.4000,5670.2000,5670.0000,5673.8000,5674.0000,5674.8000,5675.0000,5679.6000,1,1,1,1,2,2,1,2,1,3
SF,IC2008,2020-06-30 09:31:17.400,5671.4000,2205,0,36303320.000,0,-,-,-,-,5671.0000,5670.8000,5670.6000,5670.4000,5670.2000,5673.6000,5673.8000,5674.0000,5674.8000,5675.0000,1,1,1,1,1,1,1,1,2,1
SF,IC2008,2020-06-30 09:31:17.900,5671.4000,2205,0,36303320.000,0,-,-,-,-,5671.2000,5671.0000,5670.8000,5670.6000,5670.4000,5673.6000,5674.0000,5674.8000,5675.0000,5679.6000,1,1,1,1,1,1,1,2,1,3
SF,IC2008,2020-06-30 09:31:18.400,5671.4000,2205,0,36303320.000,0,-,-,-,-,5671.4000,5671.2000,5671.0000,5670.8000,5670.6000,5674.0000,5674.8000,5675.0000,5679.6000,5684.0000,1,1,1,1,1,1,2,1,3,5
SF,IC2008,2020-06-30 09:31:18.900,5671.4000,2205,0,36303320.000,0,-,-,-,-,5671.6000,5671.4000,5671.2000,5671.0000,5670.8000,5673.8000,5674.0000,5674.8000,5675.0000,5679.6000,1,1,2,1,1,1,1,2,1,3
SF,IC2008,2020-06-30 09:31:19.400,5671.4000,2205,0,36303320.000,0,-,-,-,-,5671.4000,5671.2000,5670.8000,5670.6000,5670.4000,5673.8000,5674.0000,5674.8000,5675.0000,5679.6000,1,1,1,1,1,1,1,2,1,3
SF,IC2008,2020-06-30 09:31:19.900,5671.4000,2205,0,36303320.000,0,-,-,-,-,5670.8000,5670.6000,5670.4000,5670.2000,5670.0000,5674.0000,5674.8000,5675.0000,5679.6000,5684.0000,1,1,1,1,2,1,2,1,3,5
SF,IC2008,2020-06-30 09:31:20.400,5671.4000,2205,0,36303320.000,0,-,-,-,-,5671.0000,5670.8000,5670.6000,5670.4000,5670.2000,5674.0000,5674.8000,5675.0000,5679.6000,5684.0000,1,1,1,1,1,1,2,1,3,5
SF,IC2008,2020-06-30 09:31:20.900,5671.4000,2205,0,36303320.000,0,-,-,-,-,5671.0000,5670.8000,5670.6000,5670.4000,5670.2000,5673.8000,5674.0000,5674.8000,5675.0000,5679.6000,1,1,1,1,1,1,1,2,1,3
SF,IC2008,2020-06-30 09:31:21.400,5671.4000,2205,0,36303320.000,0,-,-,-,-,5670.6000,5670.4000,5670.2000,5670.0000,5669.8000,5673.8000,5674.0000,5674.8000,5675.0000,5679.6000,1,1,1,2,1,1,1,2,1,3
SF,IC2008,2020-06-30 09:31:21.900,5671.4000,2205,0,36303320.000,0,-,-,-,-,5670.8000,5670.4000,5670.2000,5670.0000,5669.8000,5674.0000,5674.8000,5675.0000,5679.6000,5684.0000,1,1,1,2,1,1,2,1,3,5
SF,IC2008,2020-06-30 09:31:22.400,5671.4000,2205,0,36303320.000,0,-,-,-,-,5670.8000,5670.4000,5670.2000,5670.0000,5669.8000,5673.4000,5673.8000,5674.0000,5674.8000,5675.0000,1,1,1,2,1,1,1,1,2,1
SF,IC2008,2020-06-30 09:31:22.900,5671.4000,2205,0,36303320.000,0,-,-,-,-,5670.8000,5670.4000,5670.2000,5670.0000,5669.8000,5673.2000,5673.4000,5674.0000,5674.8000,5675.0000,1,1,1,2,1,1,1,1,2,1
SF,IC2008,2020-06-30 09:31:23.400,5671.4000,2205,0,36303320.000,0,-,-,-,-,5670.4000,5670.2000,5670.0000,5669.8000,5662.2000,5673.2000,5673.4000,5674.0000,5674.8000,5675.0000,1,1,2,1,3,1,1,1,2,1
SF,IC2008,2020-06-30 09:31:23.900,5671.4000,2205,0,36303320.000,0,-,-,-,-,5670.4000,5670.2000,5670.0000,5669.8000,5662.2000,5673.4000,5674.0000,5674.8000,5675.0000,5679.6000,1,1,2,1,3,1,1,2,1,3
SF,IC2008,2020-06-30 09:31:24.900,5671.4000,2205,0,36303320.000,0,-,-,-,-,5670.4000,5670.0000,5669.8000,5662.2000,5660.8000,5673.2000,5673.4000,5674.0000,5674.8000,5675.0000,1,1,1,3,5,1,1,1,2,1
SF,IC2008,2020-06-30 09:31:25.400,5671.4000,2205,0,36303320.000,0,-,-,-,-,5670.6000,5670.4000,5670.0000,5669.8000,5662.2000,5673.0000,5673.2000,5673.4000,5674.0000,5674.8000,1,1,1,1,3,1,1,1,1,2
SF,IC2008,2020-06-30 09:31:25.900,5671.4000,2205,0,36303320.000,0,-,-,-,-,5670.4000,5670.0000,5669.8000,5662.2000,5660.8000,5673.0000,5673.4000,5674.0000,5674.8000,5675.0000,1,1,1,3,5,1,1,1,2,1
SF,IC2008,2020-06-30 09:31:26.400,5671.4000,2205,0,36303320.000,0,-,-,-,-,5670.6000,5670.4000,5670.0000,5669.8000,5662.2000,5672.8000,5673.0000,5673.4000,5674.0000,5674.8000,1,1,1,1,3,1,1,1,1,2
SF,IC2008,2020-06-30 09:31:26.900,5671.4000,2205,0,36303320.000,0,-,-,-,-,5670.6000,5670.4000,5670.0000,5669.8000,5662.2000,5672.8000,5673.4000,5674.0000,5674.8000,5675.0000,1,1,1,1,3,1,1,1,2,1
SF,IC2008,2020-06-30 09:31:27.400,5671.4000,2205,0,36303320.000,0,-,-,-,-,5670.6000,5670.4000,5670.0000,5669.8000,5662.2000,5673.4000,5674.0000,5674.8000,5675.0000,5679.6000,1,1,1,1,3,1,1,2,1,3
SF,IC2008,2020-06-30 09:31:27.900,5671.4000,2205,0,36303320.000,0,-,-,-,-,5670.8000,5670.6000,5670.4000,5670.0000,5669.8000,5673.4000,5674.0000,5674.8000,5675.0000,5679.6000,1,1,1,1,1,1,1,2,1,3
SF,IC2008,2020-06-30 09:31:28.400,5671.4000,2205,0,36303320.000,0,-,-,-,-,5671.0000,5670.8000,5670.6000,5670.4000,5670.0000,5673.4000,5674.0000,5674.8000,5675.0000,5679.6000,1,1,1,1,1,1,1,2,1,3
SF,IC2008,2020-06-30 09:31:28.900,5671.4000,2205,0,36303320.000,0,-,-,-,-,5671.0000,5670.8000,5670.6000,5670.4000,5670.0000,5673.2000,5673.4000,5674.0000,5674.8000,5675.0000,1,1,1,1,1,1,1,1,2,1
SF,IC2008,2020-06-30 09:31:29.900,5671.4000,2205,0,36303320.000,0,-,-,-,-,5671.0000,5670.6000,5670.4000,5670.0000,5669.8000,5673.2000,5673.4000,5674.0000,5674.8000,5675.0000,1,1,1,1,1,1,1,1,2,1
SF,IC2008,2020-06-30 09:31:30.400,5671.4000,2205,0,36303320.000,0,-,-,-,-,5670.6000,5670.4000,5670.0000,5669.8000,5662.2000,5673.4000,5674.8000,5675.0000,5679.6000,5684.0000,1,1,1,1,3,1,2,1,3,5
SF,IC2008,2020-06-30 09:31:30.900,5671.4000,2205,0,36303320.000,0,-,-,-,-,5670.8000,5670.6000,5670.4000,5670.0000,5669.8000,5673.2000,5673.4000,5674.8000,5675.0000,5679.6000,1,1,1,1,1,1,1,2,1,3
SF,IC2008,2020-06-30 09:31:31.400,5671.4000,2205,0,36303320.000,0,-,-,-,-,5670.4000,5670.0000,5669.8000,5662.2000,5660.8000,5673.0000,5673.2000,5673.4000,5674.8000,5675.0000,1,1,1,3,5,1,1,1,2,1
SF,IC2008,2020-06-30 09:31:31.900,5671.4000,2205,0,36303320.000,0,-,-,-,-,5670.4000,5670.0000,5669.8000,5662.2000,5660.8000,5673.0000,5673.4000,5674.8000,5675.0000,5679.6000,1,1,1,3,5,1,1,2,1,3
SF,IC2008,2020-06-30 09:31:32.400,5671.4000,2205,0,36303320.000,0,-,-,-,-,5670.6000,5670.4000,5670.0000,5669.8000,5662.2000,5673.0000,5673.4000,5674.8000,5675.0000,5679.6000,1,1,1,1,3,1,1,2,1,3
SF,IC2008,2020-06-30 09:31:32.900,5671.4000,2205,0,36303320.000,0,-,-,-,-,5670.6000,5670.4000,5670.0000,5669.8000,5662.2000,5673.4000,5674.8000,5675.0000,5679.6000,5684.0000,1,1,1,1,3,1,2,1,3,5
SF,IC2008,2020-06-30 09:31:33.400,5671.4000,2205,0,36303320.000,0,-,-,-,-,5670.8000,5670.6000,5670.4000,5670.0000,5669.8000,5673.4000,5674.8000,5675.0000,5679.6000,5684.0000,1,1,1,1,1,1,2,1,3,5
SF,IC2008,2020-06-30 09:31:33.900,5671.4000,2205,0,36303320.000,0,-,-,-,-,5671.0000,5670.8000,5670.6000,5670.4000,5670.0000,5673.4000,5674.8000,5675.0000,5679.6000,5684.0000,1,1,1,1,1,1,2,1,3,5
SF,IC2008,2020-06-30 09:31:34.400,5671.4000,2205,0,36303320.000,0,-,-,-,-,5670.6000,5670.4000,5670.0000,5669.8000,5662.2000,5673.4000,5674.8000,5675.0000,5679.6000,5684.0000,1,1,1,1,3,1,2,1,3,5
SF,IC2008,2020-06-30 09:31:34.900,5671.4000,2205,0,36303320.000,0,-,-,-,-,5670.8000,5670.6000,5670.4000,5670.0000,5669.8000,5673.2000,5673.4000,5674.8000,5675.0000,5679.6000,1,1,1,1,1,1,1,2,1,3
SF,IC2008,2020-06-30 09:31:36.400,5671.4000,2205,0,36303320.000,0,-,-,-,-,5670.8000,5670.6000,5670.4000,5670.0000,5669.8000,5673.2000,5673.4000,5674.8000,5675.0000,5679.6000,1,1,1,1,1,1,1,2,1,3
SF,IC2008,2020-06-30 09:31:36.900,5671.4000,2205,0,36303320.000,0,-,-,-,-,5670.8000,5670.6000,5670.4000,5670.0000,5669.8000,5673.4000,5674.8000,5675.0000,5679.6000,5684.0000,1,1,1,1,1,1,2,1,3,5
SF,IC2008,2020-06-30 09:31:37.400,5671.4000,2205,0,36303320.000,0,-,-,-,-,5671.2000,5670.8000,5670.6000,5670.4000,5670.0000,5673.4000,5674.8000,5675.0000,5679.6000,5684.0000,1,1,1,1,1,1,2,1,3,5
SF,IC2008,2020-06-30 09:31:37.900,5671.4000,2205,0,36303320.000,0,-,-,-,-,5671.4000,5671.2000,5670.8000,5670.6000,5670.4000,5673.4000,5674.8000,5675.0000,5679.6000,5684.0000,1,1,1,1,1,1,2,1,3,5
SF,IC2008,2020-06-30 09:31:38.400,5671.4000,2205,0,36303320.000,0,-,-,-,-,5671.4000,5671.2000,5670.8000,5670.6000,5670.4000,5673.2000,5673.4000,5674.8000,5675.0000,5679.6000,1,1,1,1,1,1,1,2,1,3
SF,IC2008,2020-06-30 09:31:38.900,5671.4000,2205,0,36303320.000,0,-,-,-,-,5671.4000,5671.2000,5670.8000,5670.6000,5670.4000,5673.2000,5673.4000,5674.8000,5675.0000,5679.6000,1,1,1,1,1,1,1,2,1,3
SF,IC2008,2020-06-30 09:31:39.400,5671.4000,2205,0,36303320.000,0,-,-,-,-,5671.4000,5671.2000,5670.8000,5670.6000,5670.4000,5673.4000,5674.8000,5675.0000,5679.6000,5684.0000,1,1,1,1,1,1,2,1,3,5
SF,IC2008,2020-06-30 09:31:41.400,5673.4000,2204,-1,37438000.000,1,0,1,双平,S,5671.4000,5671.2000,5670.8000,5670.6000,5670.4000,5674.8000,5675.0000,5679.6000,5684.0000,5688.8000,1,1,1,1,1,2,1,3,5,6
SF,IC2008,2020-06-30 09:31:41.900,5673.4000,2204,0,37438000.000,0,-,-,-,-,5671.4000,5671.2000,5670.8000,5670.6000,5670.4000,5674.6000,5674.8000,5675.0000,5679.6000,5684.0000,1,1,1,1,1,2,2,1,3,5
SF,IC2008,2020-06-30 09:31:50.900,5673.4000,2204,0,37438000.000,0,-,-,-,-,5671.4000,5671.2000,5670.8000,5670.6000,5670.4000,5674.0000,5674.6000,5674.8000,5675.0000,5679.6000,1,1,1,1,1,1,2,2,1,3
SF,IC2008,2020-06-30 09:31:51.400,5674.0000,2204,0,38572800.000,1,0,1,多换,S,5671.6000,5671.4000,5671.2000,5670.8000,5670.6000,5674.6000,5674.8000,5675.0000,5679.6000,5684.0000,2,1,1,1,1,2,2,1,3,5
SF,IC2008,2020-06-30 09:31:51.900,5674.6000,2203,-1,39707720.000,1,0,1,双平,S,5672.6000,5671.8000,5671.6000,5671.4000,5671.2000,5674.6000,5674.8000,5675.0000,5679.6000,5684.0000,1,1,1,1,1,1,2,1,3,5
SF,IC2008,2020-06-30 09:31:52.400,5674.6000,2203,0,39707720.000,0,-,-,-,-,5674.0000,5672.8000,5672.6000,5671.8000,5671.6000,5674.4000,5674.6000,5674.8000,5675.0000,5679.6000,1,1,1,1,1,1,1,2,1,3
SF,IC2008,2020-06-30 09:31:52.900,5674.0000,2202,-1,40842520.000,1,0,1,双平,S,5672.8000,5672.6000,5671.2000,5662.2000,5660.8000,5674.4000,5674.6000,5674.8000,5675.0000,5679.6000,1,1,1,3,5,1,1,2,1,3
SF,IC2008,2020-06-30 09:31:53.400,5674.0000,2202,0,40842520.000,0,-,-,-,-,5672.8000,5672.6000,5671.2000,5662.2000,5660.8000,5674.6000,5674.8000,5675.0000,5679.6000,5684.0000,1,1,1,3,5,1,2,1,3,5
SF,IC2008,2020-06-30 09:31:53.900,5674.0000,2202,0,40842520.000,0,-,-,-,-,5672.8000,5672.6000,5671.2000,5662.2000,5660.8000,5674.4000,5674.6000,5674.8000,5675.0000,5679.6000,1,1,1,3,5,1,1,2,1,3
SF,IC2008,2020-06-30 09:31:54.400,5674.0000,2202,0,40842520.000,0,-,-,-,-,5672.8000,5672.6000,5671.2000,5662.2000,5660.8000,5674.2000,5674.6000,5674.8000,5675.0000,5679.6000,1,1,1,3,5,1,1,2,1,3
SF,IC2008,2020-06-30 09:31:55.400,5674.2000,2201,-1,41977360.000,1,0,1,双平,S,5672.8000,5672.6000,5671.2000,5662.2000,5660.8000,5674.6000,5674.8000,5675.0000,5679.6000,5684.0000,1,1,1,3,5,1,2,1,3,5
SF,IC2008,2020-06-30 09:31:55.900,5674.2000,2201,0,41977360.000,0,-,-,-,-,5673.0000,5672.8000,5671.2000,5662.2000,5660.8000,5674.6000,5674.8000,5675.0000,5679.6000,5684.0000,1,1,1,3,5,1,2,1,3,5
SF,IC2008,2020-06-30 09:31:56.400,5674.2000,2201,0,41977360.000,0,-,-,-,-,5673.2000,5672.8000,5671.2000,5662.2000,5660.8000,5674.6000,5674.8000,5675.0000,5679.6000,5684.0000,2,1,1,3,5,1,2,1,3,5
SF,IC2008,2020-06-30 09:31:56.900,5673.2000,2201,0,43112000.000,1,0,1,多换,S,5673.2000,5671.2000,5662.2000,5660.8000,5660.2000,5674.6000,5674.8000,5675.0000,5679.6000,5684.0000,1,1,3,5,1,1,2,1,3,5
SF,IC2008,2020-06-30 09:31:57.400,5673.2000,2201,0,43112000.000,0,-,-,-,-,5673.2000,5671.2000,5662.2000,5660.8000,5660.2000,5674.4000,5674.6000,5674.8000,5675.0000,5679.6000,1,1,3,5,1,1,1,2,1,3
SF,IC2008,2020-06-30 09:31:57.900,5673.2000,2200,-1,44246640.000,1,0,1,双平,S,5671.2000,5660.8000,5660.2000,5655.0000,5652.0000,5674.4000,5674.6000,5674.8000,5675.0000,5679.6000,1,5,1,3,2,1,1,2,1,3
SF,IC2008,2020-06-30 09:31:58.400,5673.2000,2200,0,44246640.000,0,-,-,-,-,5672.6000,5671.2000,5668.4000,5660.8000,5660.2000,5674.6000,5674.8000,5675.0000,5679.6000,5684.0000,1,1,3,5,1,1,2,1,3,5
SF,IC2008,2020-06-30 09:32:01.400,5674.6000,2199,-1,45381560.000,1,0,1,双平,S,5672.6000,5671.2000,5668.4000,5660.8000,5660.2000,5674.8000,5675.0000,5679.6000,5684.0000,5688.8000,1,1,3,5,1,2,1,3,5,6
SF,IC2008,2020-06-30 09:32:01.900,5674.6000,2199,0,45381560.000,0,-,-,-,-,5673.2000,5672.8000,5672.6000,5671.2000,5668.4000,5674.8000,5675.0000,5679.6000,5684.0000,5688.8000,1,1,1,1,3,2,1,3,5,6
SF,IC2008,2020-06-30 09:32:02.400,5674.6000,2199,0,45381560.000,0,-,-,-,-,5674.6000,5673.2000,5672.8000,5672.6000,5671.2000,5674.8000,5675.0000,5679.6000,5684.0000,5688.8000,1,1,1,1,1,2,1,3,5,6
SF,IC2008,2020-06-30 09:32:02.900,5674.6000,2196,-3,49921400.000,4,0,4,多平,S,5674.8000,5673.2000,5672.8000,5672.6000,5671.2000,5679.6000,5684.0000,5688.8000,5692.6000,5693.6000,1,1,1,1,1,3,5,6,1,1
SF,IC2008,2020-06-30 09:32:03.400,5674.6000,2196,0,51056320.000,1,0,1,多换,S,5672.6000,5671.2000,5668.4000,5660.8000,5660.2000,5674.2000,5679.0000,5679.4000,5679.6000,5684.0000,1,1,3,5,1,4,1,4,3,5
SF,IC2008,2020-06-30 09:32:03.900,5674.2000,2192,-4,55595680.000,4,0,4,双平,S,5674.2000,5672.6000,5671.2000,5668.4000,5660.8000,5679.0000,5679.4000,5679.6000,5684.0000,5688.8000,1,1,1,3,5,1,1,3,5,6
SF,IC2008,2020-06-30 09:32:04.400,5674.2000,2192,0,55595680.000,0,-,-,-,-,5671.2000,5668.4000,5660.8000,5660.2000,5655.0000,5678.8000,5679.6000,5684.0000,5688.8000,5692.6000,1,3,5,1,3,2,3,5,6,1
SF,IC2008,2020-06-30 09:32:04.900,5674.2000,2192,0,55595680.000,0,-,-,-,-,5671.4000,5671.2000,5668.4000,5660.8000,5660.2000,5678.0000,5678.8000,5679.6000,5684.0000,5688.8000,1,1,3,5,1,1,2,3,5,6
SF,IC2008,2020-06-30 09:32:05.400,5674.2000,2192,0,55595680.000,0,-,-,-,-,5672.6000,5671.4000,5671.2000,5668.4000,5660.8000,5677.8000,5679.6000,5684.0000,5688.8000,5692.6000,1,1,1,3,5,1,3,5,6,1
SF,IC2008,2020-06-30 09:32:05.900,5674.2000,2192,0,55595680.000,0,-,-,-,-,5673.0000,5672.8000,5671.2000,5668.4000,5660.8000,5677.8000,5679.6000,5684.0000,5688.8000,5692.6000,1,1,1,3,5,1,3,5,6,1
SF,IC2008,2020-06-30 09:32:06.900,5674.2000,2192,0,55595680.000,0,-,-,-,-,5673.2000,5673.0000,5672.8000,5672.4000,5671.2000,5677.8000,5679.6000,5684.0000,5688.8000,5692.6000,1,1,1,1,1,1,3,5,6,1
SF,IC2008,2020-06-30 09:32:07.400,5674.2000,2192,0,55595680.000,0,-,-,-,-,5673.2000,5672.8000,5672.4000,5671.2000,5668.4000,5677.8000,5679.6000,5684.0000,5688.8000,5692.6000,1,1,1,1,3,1,3,5,6,1
SF,IC2008,2020-06-30 09:32:10.900,5674.2000,2192,0,55595680.000,0,-,-,-,-,5673.2000,5672.8000,5672.4000,5671.2000,5668.4000,5676.0000,5677.8000,5679.6000,5684.0000,5688.8000,1,1,1,1,3,1,1,3,5,6
SF,IC2008,2020-06-30 09:32:11.400,5674.2000,2192,0,55595680.000,0,-,-,-,-,5673.2000,5672.8000,5672.4000,5671.2000,5668.4000,5676.0000,5677.8000,5679.6000,5684.0000,5688.8000,1,1,1,1,3,1,1,3,5,6
SF,IC2008,2020-06-30 09:32:11.900,5674.2000,2192,0,55595680.000,0,-,-,-,-,5674.6000,5673.2000,5672.8000,5672.4000,5668.4000,5676.0000,5677.8000,5679.6000,5684.0000,5688.8000,1,1,1,1,3,1,1,3,5,6
SF,IC2008,2020-06-30 09:32:12.400,5674.2000,2192,0,55595680.000,0,-,-,-,-,5672.8000,5672.4000,5668.4000,5660.8000,5660.2000,5676.0000,5677.8000,5679.6000,5684.0000,5688.8000,1,1,3,5,1,1,1,3,5,6
SF,IC2008,2020-06-30 09:32:12.900,5674.2000,2192,0,55595680.000,0,-,-,-,-,5673.0000,5672.8000,5672.4000,5668.4000,5660.8000,5676.0000,5677.8000,5679.6000,5684.0000,5688.8000,1,1,1,3,5,1,1,3,5,6
SF,IC2008,2020-06-30 09:32:13.400,5674.2000,2192,0,55595680.000,0,-,-,-,-,5674.6000,5673.0000,5672.8000,5672.4000,5668.4000,5676.0000,5677.8000,5679.6000,5684.0000,5688.8000,1,1,1,6,3,1,1,3,5,6
SF,IC2008,2020-06-30 09:32:13.900,5674.2000,2192,0,55595680.000,0,-,-,-,-,5672.8000,5672.4000,5668.4000,5660.2000,5655.0000,5674.2000,5676.0000,5677.8000,5679.6000,5684.0000,1,6,3,1,3,3,1,1,3,5
SF,IC2008,2020-06-30 09:32:14.400,5674.2000,2193,1,59000200.000,3,2,1,空开,S,5674.2000,5672.8000,5672.4000,5668.4000,5666.6000,5676.0000,5677.8000,5679.6000,5684.0000,5688.8000,7,2,1,3,5,1,1,3,5,6
SF,IC2008,2020-06-30 09:32:14.900,5674.2000,2193,0,59000200.000,0,-,-,-,-,5674.2000,5672.8000,5672.4000,5668.4000,5666.6000,5676.0000,5677.8000,5679.6000,5684.0000,5688.8000,6,2,1,3,5,1,1,3,5,6
SF,IC2008,2020-06-30 09:32:15.400,5676.0000,2189,-4,64674760.000,5,0,5,多平,S,5676.0000,5672.8000,5672.4000,5668.4000,5666.6000,5677.8000,5679.6000,5684.0000,5688.8000,5692.6000,1,2,1,3,5,1,3,5,6,1
SF,IC2008,2020-06-30 09:32:15.900,5676.0000,2188,-1,65809960.000,1,0,1,双平,S,5672.4000,5668.4000,5666.6000,5660.2000,5655.0000,5676.0000,5677.6000,5679.6000,5684.0000,5688.8000,1,3,5,1,3,1,1,3,5,6
SF,IC2008,2020-06-30 09:32:16.400,5676.0000,2188,0,65809960.000,0,-,-,-,-,5672.4000,5668.4000,5666.6000,5660.2000,5655.0000,5675.8000,5679.6000,5684.0000,5688.8000,5692.6000,1,3,5,1,3,1,3,5,6,1
SF,IC2008,2020-06-30 09:32:16.900,5676.0000,2188,0,65809960.000,0,-,-,-,-,5672.6000,5672.4000,5668.4000,5666.6000,5660.2000,5675.8000,5679.6000,5684.0000,5688.8000,5692.6000,1,1,3,5,1,1,3,5,6,1
SF,IC2008,2020-06-30 09:32:17.400,5676.0000,2188,0,65809960.000,0,-,-,-,-,5672.6000,5672.4000,5668.4000,5666.6000,5660.2000,5675.6000,5675.8000,5679.6000,5684.0000,5688.8000,1,1,3,5,1,2,1,3,5,6
SF,IC2008,2020-06-30 09:32:17.900,5676.0000,2188,0,65809960.000,0,-,-,-,-,5672.6000,5672.4000,5668.4000,5666.6000,5660.2000,5675.6000,5675.8000,5678.0000,5679.6000,5684.0000,1,1,3,5,1,1,1,1,3,5
SF,IC2008,2020-06-30 09:32:18.400,5676.0000,2188,0,65809960.000,0,-,-,-,-,5672.6000,5672.4000,5672.2000,5668.4000,5666.6000,5675.8000,5678.0000,5679.6000,5684.0000,5688.8000,1,1,1,3,5,1,1,3,5,6
SF,IC2008,2020-06-30 09:32:18.900,5676.0000,2188,0,65809960.000,0,-,-,-,-,5672.8000,5672.6000,5672.4000,5672.2000,5668.4000,5675.8000,5678.0000,5679.6000,5684.0000,5688.8000,1,1,1,1,3,1,1,3,5,6
SF,IC2008,2020-06-30 09:32:23.400,5676.0000,2188,0,65809960.000,0,-,-,-,-,5672.8000,5672.6000,5672.4000,5672.2000,5666.8000,5675.8000,5678.0000,5679.6000,5684.0000,5688.8000,1,1,1,1,3,1,1,3,5,6
SF,IC2008,2020-06-30 09:32:23.900,5676.0000,2188,0,65809960.000,0,-,-,-,-,5672.6000,5672.4000,5672.2000,5666.8000,5666.6000,5675.8000,5678.0000,5679.6000,5684.0000,5688.8000,1,1,1,3,5,1,1,3,5,6
SF,IC2008,2020-06-30 09:32:24.400,5676.0000,2188,0,65809960.000,0,-,-,-,-,5672.8000,5672.6000,5672.4000,5672.2000,5666.8000,5675.8000,5678.0000,5679.6000,5684.0000,5688.8000,1,1,1,1,3,1,1,3,5,6
SF,IC2008,2020-06-30 09:32:26.900,5676.0000,2188,0,65809960.000,0,-,-,-,-,5673.0000,5672.8000,5672.6000,5672.4000,5672.2000,5675.8000,5678.0000,5679.6000,5684.0000,5688.8000,1,1,1,1,1,1,1,3,5,6
SF,IC2008,2020-06-30 09:32:27.400,5676.0000,2188,0,65809960.000,0,-,-,-,-,5673.0000,5672.6000,5672.4000,5672.2000,5666.8000,5678.0000,5679.6000,5684.0000,5688.8000,5692.6000,1,1,1,1,3,1,3,5,6,1
SF,IC2008,2020-06-30 09:32:27.900,5676.0000,2188,0,65809960.000,0,-,-,-,-,5672.6000,5672.4000,5672.2000,5666.8000,5666.6000,5677.8000,5678.0000,5679.6000,5684.0000,5688.8000,1,1,1,3,5,4,2,3,5,6
SF,IC2008,2020-06-30 09:32:28.400,5676.0000,2188,0,65809960.000,0,-,-,-,-,5672.6000,5672.4000,5672.2000,5666.8000,5666.6000,5677.8000,5678.0000,5679.6000,5684.0000,5688.8000,1,1,1,3,5,4,1,3,5,6
SF,IC2008,2020-06-30 09:32:28.900,5676.0000,2188,0,65809960.000,0,-,-,-,-,5672.6000,5672.4000,5672.2000,5666.8000,5666.6000,5677.6000,5677.8000,5678.0000,5679.6000,5684.0000,1,1,1,3,5,2,4,2,3,5
SF,IC2008,2020-06-30 09:32:29.400,5676.0000,2188,0,65809960.000,0,-,-,-,-,5672.6000,5672.4000,5672.2000,5666.8000,5666.6000,5677.4000,5677.6000,5677.8000,5678.0000,5679.6000,1,1,1,3,5,4,2,3,2,3
SF,IC2008,2020-06-30 09:32:29.900,5676.0000,2188,0,65809960.000,0,-,-,-,-,5672.6000,5672.4000,5672.2000,5666.8000,5666.6000,5676.0000,5676.8000,5677.4000,5677.6000,5677.8000,1,1,1,3,5,1,1,4,1,3
SF,IC2008,2020-06-30 09:32:30.400,5676.0000,2188,0,65809960.000,0,-,-,-,-,5672.6000,5672.4000,5672.2000,5666.8000,5666.6000,5675.8000,5676.0000,5676.8000,5677.4000,5677.8000,1,1,1,3,5,2,1,1,3,3
SF,IC2008,2020-06-30 09:32:30.900,5676.0000,2188,0,65809960.000,0,-,-,-,-,5672.6000,5672.4000,5672.2000,5666.8000,5666.6000,5675.8000,5676.0000,5676.8000,5677.4000,5678.0000,1,1,1,3,5,1,1,1,3,2
SF,IC2008,2020-06-30 09:32:31.400,5676.0000,2188,0,65809960.000,0,-,-,-,-,5672.8000,5672.6000,5672.4000,5672.2000,5666.8000,5675.8000,5676.0000,5676.8000,5677.4000,5678.0000,1,1,1,1,3,1,1,1,3,2
SF,IC2008,2020-06-30 09:32:31.900,5676.0000,2188,0,65809960.000,0,-,-,-,-,5673.0000,5672.8000,5672.6000,5672.4000,5672.2000,5675.8000,5676.0000,5676.8000,5677.4000,5678.0000,1,1,1,1,1,1,1,1,3,2
SF,IC2008,2020-06-30 09:32:32.400,5676.0000,2188,0,65809960.000,0,-,-,-,-,5673.2000,5672.8000,5672.6000,5672.4000,5672.2000,5676.0000,5676.8000,5677.4000,5678.0000,5679.6000,1,1,1,1,1,1,1,3,2,3
SF,IC2008,2020-06-30 09:32:32.900,5676.0000,2188,0,65809960.000,0,-,-,-,-,5673.2000,5672.4000,5672.2000,5666.8000,5666.6000,5676.0000,5676.8000,5677.4000,5678.0000,5679.6000,1,1,1,3,5,1,1,3,2,3
SF,IC2008,2020-06-30 09:32:33.400,5676.0000,2188,0,65809960.000,0,-,-,-,-,5672.4000,5672.2000,5666.8000,5666.6000,5660.2000,5675.8000,5676.0000,5676.8000,5677.4000,5678.0000,1,1,3,5,1,1,1,1,3,2
SF,IC2008,2020-06-30 09:32:33.900,5676.0000,2188,0,65809960.000,0,-,-,-,-,5672.4000,5672.2000,5666.8000,5666.6000,5660.2000,5675.6000,5675.8000,5676.0000,5676.8000,5677.4000,1,1,3,5,1,1,1,1,1,3
SF,IC2008,2020-06-30 09:32:34.400,5676.0000,2188,0,65809960.000,0,-,-,-,-,5672.4000,5672.2000,5666.8000,5666.6000,5660.2000,5675.6000,5676.0000,5676.8000,5677.4000,5678.0000,1,1,3,5,1,1,1,1,3,2
SF,IC2008,2020-06-30 09:32:34.900,5676.0000,2188,0,65809960.000,0,-,-,-,-,5672.6000,5672.4000,5672.2000,5666.8000,5666.6000,5675.6000,5676.0000,5676.8000,5677.4000,5678.0000,1,1,1,3,5,1,1,1,3,3
SF,IC2008,2020-06-30 09:32:35.900,5676.0000,2188,0,65809960.000,0,-,-,-,-,5672.4000,5672.2000,5666.8000,5666.6000,5660.2000,5675.4000,5675.6000,5676.0000,5676.8000,5677.4000,1,1,3,5,1,1,1,1,1,3
SF,IC2008,2020-06-30 09:32:36.400,5676.0000,2188,0,65809960.000,0,-,-,-,-,5672.4000,5672.2000,5666.8000,5666.6000,5660.2000,5675.2000,5675.4000,5675.6000,5676.0000,5676.8000,1,1,3,5,1,1,1,1,1,1
SF,IC2008,2020-06-30 09:32:36.900,5676.0000,2188,0,65809960.000,0,-,-,-,-,5672.4000,5672.2000,5666.8000,5666.6000,5660.2000,5675.2000,5675.6000,5676.0000,5678.0000,5679.6000,1,1,3,5,1,1,1,1,3,3
SF,IC2008,2020-06-30 09:32:37.400,5676.0000,2188,0,65809960.000,0,-,-,-,-,5672.4000,5672.2000,5666.8000,5666.6000,5660.2000,5675.0000,5675.2000,5675.6000,5676.0000,5678.0000,1,1,3,5,1,1,1,1,1,3
SF,IC2008,2020-06-30 09:32:37.900,5676.0000,2188,0,65809960.000,0,-,-,-,-,5672.4000,5672.2000,5666.8000,5666.6000,5660.2000,5674.8000,5675.0000,5675.2000,5675.6000,5676.0000,1,1,3,5,1,1,1,1,1,1
SF,IC2008,2020-06-30 09:32:38.400,5672.2000,2186,-2,68078880.000,2,0,2,双平,S,5666.8000,5666.6000,5660.2000,5655.0000,5652.0000,5674.8000,5675.2000,5675.6000,5676.0000,5678.0000,3,5,1,3,2,1,1,1,1,3
SF,IC2008,2020-06-30 09:32:38.900,5672.2000,2186,0,68078880.000,0,-,-,-,-,5671.2000,5670.0000,5669.4000,5667.0000,5666.8000,5674.6000,5675.2000,5676.0000,5678.0000,5679.6000,1,1,1,2,3,2,1,1,3,3
SF,IC2008,2020-06-30 09:32:39.400,5672.2000,2186,0,68078880.000,0,-,-,-,-,5670.0000,5667.0000,5666.8000,5660.8000,5660.2000,5674.4000,5674.6000,5676.0000,5678.0000,5679.6000,1,2,3,5,1,1,2,1,3,3
SF,IC2008,2020-06-30 09:32:39.900,5672.2000,2186,0,68078880.000,0,-,-,-,-,5670.0000,5666.8000,5660.8000,5660.2000,5655.0000,5674.2000,5676.0000,5678.0000,5679.6000,5684.0000,1,3,5,1,3,2,1,3,3,5
SF,IC2008,2020-06-30 09:32:40.400,5672.2000,2186,0,68078880.000,0,-,-,-,-,5666.8000,5660.8000,5660.2000,5652.0000,5630.2000,5674.2000,5676.0000,5678.0000,5679.6000,5684.0000,3,5,1,2,1,3,1,3,3,5
SF,IC2008,2020-06-30 09:32:40.900,5672.2000,2186,0,68078880.000,0,-,-,-,-,5667.8000,5666.8000,5660.8000,5660.2000,5652.0000,5674.0000,5674.2000,5676.0000,5678.0000,5679.6000,1,3,5,1,2,1,2,1,3,3
SF,IC2008,2020-06-30 09:32:41.400,5672.2000,2186,0,68078880.000,0,-,-,-,-,5667.8000,5665.0000,5660.8000,5660.2000,5652.0000,5673.8000,5674.0000,5676.0000,5678.0000,5679.6000,1,3,5,1,2,2,1,1,2,3
SF,IC2008,2020-06-30 09:32:41.900,5672.2000,2186,0,68078880.000,0,-,-,-,-,5668.0000,5667.8000,5665.0000,5660.8000,5660.2000,5673.8000,5676.0000,5678.0000,5679.6000,5684.0000,1,1,3,5,1,2,1,2,3,5
SF,IC2008,2020-06-30 09:32:46.400,5672.2000,2186,0,68078880.000,0,-,-,-,-,5668.0000,5667.8000,5665.0000,5660.8000,5660.2000,5673.6000,5673.8000,5676.0000,5678.0000,5679.6000,1,1,3,5,1,2,2,1,2,3
SF,IC2008,2020-06-30 09:32:46.900,5672.2000,2186,0,68078880.000,0,-,-,-,-,5668.2000,5668.0000,5667.8000,5665.0000,5660.8000,5673.4000,5676.0000,5678.0000,5679.6000,5684.0000,1,1,1,3,5,3,1,2,3,5
SF,IC2008,2020-06-30 09:32:47.400,5672.2000,2186,0,68078880.000,0,-,-,-,-,5668.2000,5668.0000,5667.8000,5665.0000,5660.8000,5673.2000,5673.4000,5676.0000,5678.0000,5679.6000,1,1,1,3,5,1,2,1,2,3
SF,IC2008,2020-06-30 09:32:47.900,5672.2000,2186,0,68078880.000,0,-,-,-,-,5670.0000,5668.4000,5668.0000,5667.8000,5665.0000,5673.0000,5673.2000,5676.0000,5678.0000,5679.6000,1,1,1,1,3,1,1,1,2,3
SF,IC2008,2020-06-30 09:32:48.400,5672.2000,2186,0,68078880.000,0,-,-,-,-,5668.4000,5668.0000,5667.8000,5665.0000,5660.8000,5672.8000,5673.0000,5676.0000,5678.0000,5679.6000,1,1,1,3,5,1,1,1,2,3
SF,IC2008,2020-06-30 09:32:48.900,5672.2000,2186,0,68078880.000,0,-,-,-,-,5668.4000,5668.0000,5667.8000,5665.0000,5660.8000,5672.6000,5672.8000,5676.0000,5678.0000,5679.6000,1,1,1,3,5,1,1,1,2,3
SF,IC2008,2020-06-30 09:32:50.400,5672.2000,2186,0,68078880.000,0,-,-,-,-,5668.6000,5668.4000,5668.0000,5667.8000,5665.0000,5672.6000,5672.8000,5676.0000,5678.0000,5679.6000,1,1,1,1,3,1,1,1,2,3
SF,IC2008,2020-06-30 09:32:50.900,5672.2000,2186,0,68078880.000,0,-,-,-,-,5668.8000,5668.4000,5668.0000,5667.8000,5665.0000,5672.6000,5672.8000,5676.0000,5678.0000,5679.6000,2,1,1,1,3,1,1,1,2,3
SF,IC2008,2020-06-30 09:32:51.400,5672.2000,2186,0,68078880.000,0,-,-,-,-,5668.8000,5668.4000,5668.0000,5667.8000,5665.0000,5672.6000,5676.0000,5678.0000,5679.6000,5684.0000,2,1,1,1,3,1,1,2,3,5
SF,IC2008,2020-06-30 09:32:51.900,5672.2000,2186,0,68078880.000,0,-,-,-,-,5668.8000,5668.4000,5668.0000,5667.8000,5665.0000,5672.6000,5676.0000,5678.0000,5679.6000,5684.0000,1,1,1,1,3,1,1,2,3,5
SF,IC2008,2020-06-30 09:32:52.400,5672.2000,2186,0,68078880.000,0,-,-,-,-,5669.0000,5668.8000,5668.4000,5668.0000,5667.8000,5672.6000,5676.0000,5678.0000,5679.6000,5684.0000,1,1,1,1,1,1,1,2,3,5
SF,IC2008,2020-06-30 09:32:52.900,5672.2000,2186,0,68078880.000,0,-,-,-,-,5669.2000,5669.0000,5668.8000,5668.4000,5668.0000,5672.6000,5678.0000,5679.6000,5684.0000,5688.8000,1,1,1,1,1,1,2,3,5,6
SF,IC2008,2020-06-30 09:32:53.400,5672.2000,2186,0,68078880.000,0,-,-,-,-,5669.2000,5668.8000,5668.4000,5668.0000,5667.8000,5672.6000,5678.0000,5679.6000,5684.0000,5688.8000,1,1,1,1,1,1,2,3,5,6
SF,IC2008,2020-06-30 09:32:53.900,5672.2000,2186,0,68078880.000,0,-,-,-,-,5669.4000,5669.2000,5668.8000,5668.4000,5668.0000,5672.6000,5678.0000,5679.6000,5684.0000,5688.8000,1,1,1,1,1,1,2,3,5,6
SF,IC2008,2020-06-30 09:32:54.400,5672.2000,2186,0,68078880.000,0,-,-,-,-,5670.0000,5669.6000,5669.4000,5669.2000,5668.8000,5672.6000,5678.0000,5679.6000,5684.0000,5688.8000,1,1,1,1,1,1,2,3,5,6
SF,IC2008,2020-06-30 09:32:54.900,5672.2000,2186,0,68078880.000,0,-,-,-,-,5670.0000,5669.6000,5669.2000,5668.8000,5668.4000,5678.0000,5679.6000,5684.0000,5688.8000,5692.6000,1,1,1,1,1,2,3,5,6,1
SF,IC2008,2020-06-30 09:32:55.400,5672.2000,2186,0,68078880.000,0,-,-,-,-,5670.0000,5669.6000,5669.2000,5668.8000,5668.4000,5675.4000,5677.4000,5677.8000,5678.0000,5679.6000,1,1,1,1,1,1,1,3,3,3
SF,IC2008,2020-06-30 09:32:55.900,5672.2000,2186,0,68078880.000,0,-,-,-,-,5670.2000,5670.0000,5669.6000,5669.2000,5668.8000,5675.2000,5675.4000,5677.4000,5678.0000,5679.6000,1,1,1,1,1,3,1,1,3,3
SF,IC2008,2020-06-30 09:32:58.400,5672.2000,2186,0,68078880.000,0,-,-,-,-,5670.2000,5669.6000,5669.2000,5668.8000,5668.4000,5675.0000,5675.2000,5675.4000,5677.4000,5678.0000,1,1,1,1,1,1,3,1,1,3
SF,IC2008,2020-06-30 09:32:58.900,5672.2000,2186,0,68078880.000,0,-,-,-,-,5670.2000,5669.6000,5669.2000,5668.8000,5667.8000,5674.6000,5674.8000,5675.0000,5675.2000,5675.4000,1,1,1,1,1,1,3,1,1,1
SF,IC2008,2020-06-30 09:32:59.400,5672.2000,2186,0,68078880.000,0,-,-,-,-,5670.2000,5669.6000,5669.2000,5667.8000,5665.0000,5674.4000,5674.8000,5675.2000,5675.4000,5677.4000,1,1,1,1,3,3,1,1,1,1
SF,IC2008,2020-06-30 09:32:59.900,5672.2000,2186,0,68078880.000,0,-,-,-,-,5670.2000,5670.0000,5669.6000,5669.2000,5667.8000,5674.2000,5674.4000,5674.8000,5675.2000,5675.4000,1,1,1,1,1,1,1,1,1,1
SF,IC2008,2020-06-30 09:33:00.400,5672.2000,2186,0,68078880.000,0,-,-,-,-,5670.2000,5670.0000,5669.6000,5669.4000,5669.2000,5674.0000,5674.2000,5675.2000,5675.4000,5677.4000,1,1,1,1,1,1,1,1,1,1
SF,IC2008,2020-06-30 09:33:00.900,5674.0000,2186,0,69213680.000,1,0,1,多换,S,5670.4000,5670.2000,5670.0000,5669.6000,5669.4000,5677.4000,5678.0000,5679.6000,5684.0000,5688.8000,3,1,1,1,1,1,2,3,5,6
SF,IC2008,2020-06-30 09:33:01.400,5674.0000,2186,0,69213680.000,0,-,-,-,-,5670.6000,5670.4000,5670.2000,5670.0000,5669.6000,5677.2000,5677.4000,5678.0000,5679.6000,5684.0000,2,3,1,1,1,2,1,2,3,5
SF,IC2008,2020-06-30 09:33:01.900,5674.0000,2186,0,69213680.000,0,-,-,-,-,5671.2000,5670.8000,5670.6000,5670.4000,5670.2000,5677.2000,5677.4000,5678.0000,5679.6000,5684.0000,1,1,2,1,1,2,1,2,3,5
SF,IC2008,2020-06-30 09:33:02.400,5674.0000,2186,0,69213680.000,0,-,-,-,-,5671.4000,5671.2000,5670.6000,5670.4000,5670.2000,5677.0000,5677.2000,5678.0000,5679.6000,5684.0000,1,1,2,1,1,1,2,2,3,5
SF,IC2008,2020-06-30 09:33:02.900,5674.0000,2186,0,69213680.000,0,-,-,-,-,5671.6000,5671.4000,5671.2000,5670.6000,5670.4000,5676.8000,5677.0000,5678.0000,5679.6000,5684.0000,2,1,1,2,1,1,1,1,3,5
SF,IC2008,2020-06-30 09:33:03.400,5674.0000,2186,0,69213680.000,0,-,-,-,-,5671.8000,5671.6000,5671.2000,5670.6000,5670.4000,5676.8000,5677.0000,5678.0000,5679.6000,5684.0000,1,2,1,2,1,1,1,1,3,5
SF,IC2008,2020-06-30 09:33:04.400,5674.0000,2186,0,69213680.000,0,-,-,-,-,5672.0000,5671.8000,5671.6000,5671.2000,5670.6000,5676.8000,5677.0000,5678.0000,5679.6000,5684.0000,1,1,1,1,2,1,1,1,3,5
SF,IC2008,2020-06-30 09:33:04.900,5674.0000,2186,0,69213680.000,0,-,-,-,-,5672.2000,5672.0000,5671.6000,5671.2000,5670.6000,5675.0000,5676.6000,5676.8000,5678.0000,5679.6000,1,1,1,1,2,1,1,1,1,3
SF,IC2008,2020-06-30 09:33:05.400,5675.0000,2185,-1,70348680.000,1,0,1,双平,S,5672.2000,5671.6000,5671.2000,5670.6000,5670.4000,5676.6000,5678.0000,5679.6000,5684.0000,5688.8000,1,1,1,2,1,1,1,3,5,6
SF,IC2008,2020-06-30 09:33:05.900,5675.0000,2185,0,70348680.000,0,-,-,-,-,5672.2000,5671.6000,5671.2000,5670.6000,5670.4000,5676.4000,5676.6000,5678.0000,5679.6000,5684.0000,1,1,1,2,1,2,1,1,3,5
SF,IC2008,2020-06-30 09:33:06.400,5675.0000,2185,0,70348680.000,0,-,-,-,-,5672.2000,5671.6000,5671.2000,5670.6000,5670.4000,5676.2000,5678.0000,5679.6000,5684.0000,5688.8000,1,1,1,2,1,2,1,3,5,6
SF,IC2008,2020-06-30 09:33:06.900,5675.0000,2185,0,70348680.000,0,-,-,-,-,5672.2000,5671.6000,5671.2000,5670.6000,5670.4000,5676.2000,5678.0000,5679.6000,5684.0000,5692.6000,1,1,1,2,1,2,1,3,5,1
SF,IC2008,2020-06-30 09:33:07.400,5675.0000,2185,0,70348680.000,0,-,-,-,-,5672.2000,5671.6000,5671.2000,5670.6000,5670.4000,5676.2000,5678.0000,5679.6000,5684.0000,5692.6000,1,1,1,2,1,2,1,3,5,1
SF,IC2008,2020-06-30 09:33:07.900,5675.0000,2185,0,70348680.000,0,-,-,-,-,5672.2000,5671.6000,5671.2000,5670.6000,5670.4000,5674.8000,5676.2000,5678.0000,5679.6000,5684.0000,1,1,1,2,1,2,2,1,3,5
SF,IC2008,2020-06-30 09:33:08.400,5675.0000,2185,0,70348680.000,0,-,-,-,-,5672.4000,5672.2000,5671.6000,5671.2000,5670.6000,5674.8000,5676.2000,5678.0000,5679.6000,5684.0000,1,1,1,1,2,2,1,1,3,5
SF,IC2008,2020-06-30 09:33:08.900,5675.0000,2185,0,70348680.000,0,-,-,-,-,5672.6000,5672.4000,5672.2000,5671.6000,5671.2000,5674.8000,5676.2000,5678.0000,5679.6000,5684.0000,1,1,1,1,1,2,1,1,3,5
SF,IC2008,2020-06-30 09:33:09.400,5675.0000,2185,0,70348680.000,0,-,-,-,-,5672.6000,5672.2000,5671.6000,5671.2000,5670.6000,5674.8000,5676.2000,5678.0000,5679.6000,5684.0000,1,1,1,1,2,2,1,1,3,5
SF,IC2008,2020-06-30 09:33:09.900,5674.8000,2183,-2,72618640.000,2,0,2,双平,S,5672.8000,5672.6000,5672.2000,5671.6000,5671.2000,5678.0000,5679.6000,5684.0000,5692.6000,5693.6000,1,1,1,1,1,1,3,5,1,1
SF,IC2008,2020-06-30 09:33:10.400,5674.8000,2183,0,72618640.000,0,-,-,-,-,5673.0000,5672.8000,5672.6000,5672.2000,5671.6000,5677.8000,5678.0000,5679.6000,5684.0000,5692.6000,2,1,1,1,1,1,1,3,5,1
SF,IC2008,2020-06-30 09:33:10.900,5674.8000,2183,0,72618640.000,0,-,-,-,-,5673.0000,5672.6000,5672.2000,5671.6000,5671.2000,5677.8000,5678.0000,5679.6000,5684.0000,5692.6000,2,1,1,1,1,1,1,3,5,1
SF,IC2008,2020-06-30 09:33:14.400,5674.8000,2183,0,72618640.000,0,-,-,-,-,5674.6000,5673.0000,5672.6000,5672.2000,5671.6000,5677.8000,5678.0000,5679.6000,5684.0000,5692.6000,1,2,1,1,1,1,1,3,5,1
SF,IC2008,2020-06-30 09:33:14.900,5674.8000,2183,0,72618640.000,0,-,-,-,-,5673.0000,5672.6000,5672.2000,5670.2000,5670.0000,5677.0000,5677.8000,5678.0000,5679.6000,5684.0000,2,1,1,1,1,3,1,1,3,5
SF,IC2008,2020-06-30 09:33:15.400,5674.8000,2183,0,72618640.000,0,-,-,-,-,5674.6000,5673.0000,5672.6000,5672.2000,5670.2000,5676.8000,5677.0000,5678.0000,5679.6000,5684.0000,1,2,1,1,1,1,3,1,3,5
SF,IC2008,2020-06-30 09:33:15.900,5674.8000,2183,0,72618640.000,0,-,-,-,-,5674.6000,5673.0000,5672.6000,5672.2000,5670.2000,5676.8000,5677.0000,5678.0000,5679.6000,5684.0000,1,1,1,1,1,1,3,1,3,5
SF,IC2008,2020-06-30 09:33:16.400,5674.8000,2183,0,72618640.000,0,-,-,-,-,5673.0000,5672.6000,5672.2000,5670.0000,5669.4000,5676.8000,5677.0000,5678.0000,5679.6000,5684.0000,1,1,1,1,1,1,3,1,3,5
SF,IC2008,2020-06-30 09:33:16.900,5674.8000,2183,0,72618640.000,0,-,-,-,-,5673.2000,5673.0000,5672.6000,5672.2000,5670.0000,5676.8000,5677.0000,5678.0000,5679.6000,5684.0000,3,1,1,1,1,1,3,1,3,5
SF,IC2008,2020-06-30 09:33:17.400,5674.8000,2183,0,72618640.000,0,-,-,-,-,5673.2000,5672.6000,5670.0000,5669.4000,5665.8000,5676.6000,5676.8000,5677.0000,5678.0000,5679.6000,2,1,1,1,1,1,1,3,1,3
SF,IC2008,2020-06-30 09:33:17.900,5674.8000,2183,0,72618640.000,0,-,-,-,-,5673.2000,5672.6000,5670.0000,5669.4000,5665.8000,5676.4000,5676.6000,5677.0000,5678.0000,5679.6000,2,1,1,1,1,1,1,3,1,3
SF,IC2008,2020-06-30 09:33:18.400,5676.2000,2183,0,73753880.000,1,0,1,多换,S,5673.2000,5672.6000,5670.0000,5669.4000,5665.8000,5676.2000,5676.6000,5677.0000,5678.0000,5679.6000,1,1,1,1,1,1,1,3,1,3
SF,IC2008,2020-06-30 09:33:18.900,5676.2000,2183,0,73753880.000,0,-,-,-,-,5673.2000,5670.0000,5669.4000,5665.8000,5665.0000,5676.0000,5676.2000,5676.6000,5676.8000,5677.0000,1,1,1,1,3,1,1,1,2,3
SF,IC2008,2020-06-30 09:33:19.400,5676.2000,2183,0,73753880.000,0,-,-,-,-,5673.2000,5670.0000,5669.4000,5665.8000,5665.0000,5675.8000,5676.0000,5676.6000,5676.8000,5677.0000,1,1,1,1,3,2,1,1,2,3
SF,IC2008,2020-06-30 09:33:19.900,5676.2000,2183,0,73753880.000,0,-,-,-,-,5673.2000,5670.0000,5669.4000,5665.8000,5665.0000,5675.8000,5676.6000,5676.8000,5677.0000,5678.0000,1,1,1,1,3,2,1,2,4,1
SF,IC2008,2020-06-30 09:33:20.400,5676.2000,2183,0,73753880.000,0,-,-,-,-,5673.2000,5670.0000,5669.4000,5665.8000,5665.0000,5675.8000,5676.6000,5676.8000,5677.0000,5678.0000,1,1,1,1,3,2,1,2,4,1
SF,IC2008,2020-06-30 09:33:20.900,5676.2000,2183,0,73753880.000,0,-,-,-,-,5670.0000,5669.4000,5665.8000,5665.0000,5660.8000,5675.6000,5675.8000,5676.6000,5676.8000,5677.0000,1,1,1,3,5,1,2,1,2,4
SF,IC2008,2020-06-30 09:33:21.400,5676.2000,2183,0,73753880.000,0,-,-,-,-,5671.2000,5670.2000,5670.0000,5669.4000,5665.8000,5675.4000,5676.8000,5677.0000,5678.0000,5679.6000,1,2,1,1,1,1,2,4,1,3
SF,IC2008,2020-06-30 09:33:21.900,5676.2000,2183,0,73753880.000,0,-,-,-,-,5671.4000,5671.2000,5670.2000,5670.0000,5669.4000,5675.2000,5676.8000,5677.0000,5678.0000,5679.6000,1,1,1,1,1,1,2,4,1,3
SF,IC2008,2020-06-30 09:33:22.400,5676.2000,2183,0,73753880.000,0,-,-,-,-,5671.6000,5671.4000,5671.2000,5670.2000,5670.0000,5676.8000,5677.0000,5678.0000,5679.6000,5684.0000,2,1,1,1,1,2,4,1,3,5
SF,IC2008,2020-06-30 09:33:22.900,5676.2000,2183,0,73753880.000,0,-,-,-,-,5671.8000,5671.6000,5671.2000,5670.0000,5669.4000,5676.6000,5676.8000,5677.0000,5678.0000,5679.6000,1,1,1,1,1,1,2,4,1,3
SF,IC2008,2020-06-30 09:33:23.400,5676.2000,2183,0,73753880.000,0,-,-,-,-,5672.0000,5671.8000,5671.6000,5671.2000,5670.0000,5675.6000,5676.6000,5676.8000,5677.0000,5678.0000,1,1,1,1,1,1,1,2,4,1
SF,IC2008,2020-06-30 09:33:23.900,5676.2000,2183,0,73753880.000,0,-,-,-,-,5672.2000,5671.6000,5671.2000,5670.0000,5669.4000,5675.6000,5676.8000,5677.0000,5678.0000,5679.6000,1,1,1,1,1,1,2,4,1,3
SF,IC2008,2020-06-30 09:33:26.400,5676.2000,2183,0,73753880.000,0,-,-,-,-,5672.4000,5672.2000,5671.6000,5671.2000,5670.0000,5675.6000,5676.8000,5677.0000,5678.0000,5679.6000,1,1,1,1,1,1,2,4,1,3
SF,IC2008,2020-06-30 09:33:26.900,5676.2000,2183,0,73753880.000,0,-,-,-,-,5672.6000,5672.4000,5671.6000,5671.2000,5670.0000,5675.4000,5675.6000,5676.8000,5677.0000,5678.0000,1,1,1,1,1,1,1,2,4,1
SF,IC2008,2020-06-30 09:33:27.400,5676.2000,2183,0,73753880.000,0,-,-,-,-,5672.6000,5671.6000,5671.2000,5670.0000,5669.4000,5675.6000,5676.8000,5677.0000,5678.0000,5679.6000,1,1,1,1,1,1,2,4,1,3
SF,IC2008,2020-06-30 09:33:27.900,5676.2000,2183,0,73753880.000,0,-,-,-,-,5672.8000,5672.6000,5671.6000,5671.2000,5670.0000,5675.6000,5676.8000,5677.0000,5678.0000,5679.6000,1,1,1,1,1,1,2,4,1,3
SF,IC2008,2020-06-30 09:33:28.400,5676.2000,2183,0,73753880.000,0,-,-,-,-,5673.0000,5672.8000,5672.6000,5671.6000,5671.2000,5675.6000,5676.8000,5677.0000,5678.0000,5679.6000,2,1,1,1,1,1,2,4,1,3
SF,IC2008,2020-06-30 09:33:28.900,5676.2000,2183,0,73753880.000,0,-,-,-,-,5673.0000,5672.8000,5672.6000,5671.6000,5671.2000,5676.8000,5677.0000,5678.0000,5679.6000,5684.0000,1,1,1,1,1,2,4,1,3,5
SF,IC2008,2020-06-30 09:33:29.400,5676.2000,2183,0,73753880.000,0,-,-,-,-,5673.0000,5672.8000,5672.6000,5671.6000,5671.2000,5676.6000,5676.8000,5677.0000,5678.0000,5679.6000,1,1,1,1,1,1,2,4,1,3
SF,IC2008,2020-06-30 09:33:29.900,5676.2000,2183,0,73753880.000,0,-,-,-,-,5674.6000,5673.2000,5673.0000,5672.8000,5672.6000,5676.6000,5676.8000,5677.0000,5678.0000,5679.6000,1,1,1,1,1,1,2,4,1,3
SF,IC2008,2020-06-30 09:33:30.400,5676.2000,2183,0,73753880.000,0,-,-,-,-,5673.2000,5673.0000,5671.6000,5670.0000,5669.4000,5676.8000,5677.0000,5678.0000,5679.6000,5684.0000,1,1,1,1,1,2,4,1,3,5
SF,IC2008,2020-06-30 09:33:30.900,5676.2000,2183,0,73753880.000,0,-,-,-,-,5673.4000,5673.0000,5671.6000,5670.0000,5669.4000,5676.6000,5676.8000,5677.0000,5678.0000,5679.6000,1,1,1,1,1,1,2,1,1,3
SF,IC2008,2020-06-30 09:33:31.400,5676.2000,2183,0,73753880.000,0,-,-,-,-,5673.6000,5673.4000,5673.0000,5671.6000,5670.0000,5676.6000,5676.8000,5677.0000,5678.0000,5679.6000,1,1,1,1,1,1,2,1,1,3
SF,IC2008,2020-06-30 09:33:31.900,5676.2000,2183,0,73753880.000,0,-,-,-,-,5674.6000,5673.8000,5673.6000,5673.4000,5673.0000,5676.8000,5677.0000,5678.0000,5679.6000,5684.0000,1,1,1,1,1,2,1,1,3,5
SF,IC2008,2020-06-30 09:33:32.400,5676.2000,2183,0,73753880.000,0,-,-,-,-,5674.6000,5673.8000,5673.4000,5673.0000,5671.6000,5676.4000,5676.8000,5677.0000,5678.0000,5679.6000,1,1,1,1,1,1,2,1,1,3
SF,IC2008,2020-06-30 09:33:33.900,5676.2000,2183,0,73753880.000,0,-,-,-,-,5674.6000,5673.8000,5673.0000,5671.6000,5670.0000,5676.4000,5676.8000,5677.0000,5678.0000,5679.6000,1,1,1,1,1,1,2,1,1,3
SF,IC2008,2020-06-30 09:33:34.400,5676.2000,2183,0,73753880.000,0,-,-,-,-,5674.8000,5674.6000,5673.8000,5673.0000,5670.0000,5676.4000,5676.8000,5677.0000,5678.0000,5679.6000,1,1,1,1,1,1,2,1,1,3
SF,IC2008,2020-06-30 09:33:34.900,5676.2000,2183,0,73753880.000,0,-,-,-,-,5674.8000,5673.8000,5670.0000,5669.4000,5665.8000,5676.4000,5676.8000,5677.0000,5678.0000,5679.6000,1,1,1,1,1,1,2,1,1,3
SF,IC2008,2020-06-30 09:33:35.400,5676.2000,2183,0,73753880.000,0,-,-,-,-,5670.0000,5669.4000,5665.8000,5665.0000,5660.8000,5676.4000,5676.8000,5677.0000,5678.0000,5679.6000,1,1,1,3,5,1,2,1,1,3
SF,IC2008,2020-06-30 09:33:35.900,5676.2000,2183,0,73753880.000,0,-,-,-,-,5674.6000,5670.2000,5670.0000,5669.4000,5665.8000,5676.8000,5677.0000,5678.0000,5679.6000,5684.0000,1,5,1,1,1,2,1,1,3,5
SF,IC2008,2020-06-30 09:33:36.400,5676.2000,2183,0,73753880.000,0,-,-,-,-,5674.6000,5670.2000,5670.0000,5669.4000,5665.8000,5676.8000,5677.0000,5678.0000,5679.6000,5684.0000,1,6,1,1,1,2,1,1,3,5
SF,IC2008,2020-06-30 09:33:36.900,5676.2000,2183,0,73753880.000,0,-,-,-,-,5674.6000,5670.2000,5670.0000,5669.4000,5665.8000,5676.8000,5677.0000,5678.0000,5679.6000,5684.0000,1,5,1,1,1,2,1,1,3,5
SF,IC2008,2020-06-30 09:33:37.400,5676.2000,2183,0,73753880.000,0,-,-,-,-,5670.2000,5670.0000,5669.4000,5665.8000,5665.0000,5676.6000,5676.8000,5677.0000,5678.0000,5679.6000,4,1,1,1,3,2,2,1,1,3
SF,IC2008,2020-06-30 09:33:37.900,5676.2000,2183,0,73753880.000,0,-,-,-,-,5674.6000,5670.2000,5670.0000,5669.4000,5665.8000,5676.6000,5676.8000,5677.0000,5678.0000,5679.6000,1,4,1,1,1,1,2,1,1,3
SF,IC2008,2020-06-30 09:33:38.400,5676.2000,2183,0,73753880.000,0,-,-,-,-,5674.6000,5670.2000,5670.0000,5669.4000,5665.8000,5676.8000,5677.0000,5678.0000,5679.6000,5684.0000,1,4,1,1,1,2,1,1,3,5
SF,IC2008,2020-06-30 09:33:38.900,5676.2000,2183,0,73753880.000,0,-,-,-,-,5674.8000,5674.6000,5670.2000,5670.0000,5669.4000,5676.8000,5677.0000,5678.0000,5679.6000,5684.0000,1,1,4,1,1,2,1,1,3,5
SF,IC2008,2020-06-30 09:33:39.400,5676.2000,2183,0,73753880.000,0,-,-,-,-,5674.8000,5670.2000,5670.0000,5669.4000,5665.8000,5676.8000,5677.0000,5678.0000,5679.6000,5684.0000,1,4,1,1,1,2,1,1,3,5
SF,IC2008,2020-06-30 09:33:39.900,5676.2000,2183,0,73753880.000,0,-,-,-,-,5674.8000,5670.2000,5670.0000,5669.4000,5665.8000,5676.8000,5677.0000,5678.0000,5679.6000,5684.0000,1,4,1,1,1,2,1,1,3,5
SF,IC2008,2020-06-30 09:33:40.400,5676.2000,2183,0,73753880.000,0,-,-,-,-,5674.8000,5670.2000,5670.0000,5669.4000,5665.8000,5676.4000,5676.6000,5676.8000,5677.0000,5678.0000,1,4,1,1,1,1,1,2,1,1
SF,IC2008,2020-06-30 09:33:41.900,5676.2000,2183,0,73753880.000,0,-,-,-,-,5674.8000,5670.2000,5670.0000,5669.4000,5665.8000,5676.0000,5676.4000,5676.8000,5677.0000,5678.0000,1,4,1,1,1,3,1,2,1,1
SF,IC2008,2020-06-30 09:33:43.400,5676.2000,2183,0,73753880.000,0,-,-,-,-,5674.8000,5670.2000,5670.0000,5669.4000,5665.8000,5676.0000,5676.8000,5677.0000,5678.0000,5679.6000,1,4,1,1,1,3,2,1,1,3
SF,IC2008,2020-06-30 09:33:44.900,5676.0000,2184,1,76024280.000,2,1,1,空开,S,5675.4000,5674.8000,5670.2000,5669.4000,5665.8000,5676.0000,5676.8000,5677.0000,5678.0000,5679.6000,1,1,4,1,1,1,2,1,1,3
SF,IC2008,2020-06-30 09:33:45.400,5676.0000,2184,0,76024280.000,0,-,-,-,-,5674.8000,5670.2000,5669.4000,5665.8000,5665.0000,5676.0000,5676.8000,5677.0000,5678.0000,5679.6000,1,4,1,1,3,1,2,1,1,3
SF,IC2008,2020-06-30 09:33:45.900,5676.0000,2184,0,76024280.000,0,-,-,-,-,5674.8000,5670.2000,5669.4000,5665.8000,5665.0000,5676.0000,5676.8000,5677.0000,5678.0000,5679.6000,1,4,1,1,3,1,2,1,1,3
SF,IC2008,2020-06-30 09:33:46.900,5674.8000,2183,-1,77159240.000,1,0,1,双平,S,5670.2000,5669.4000,5665.8000,5665.0000,5660.8000,5676.0000,5676.8000,5677.0000,5678.0000,5679.6000,4,1,1,3,5,1,2,1,1,3
SF,IC2008,2020-06-30 09:33:47.400,5674.6000,2182,-1,78294160.000,1,0,1,双平,S,5670.4000,5670.2000,5670.0000,5669.4000,5665.8000,5674.6000,5676.0000,5676.8000,5677.0000,5678.0000,3,4,1,1,1,1,1,2,1,1
SF,IC2008,2020-06-30 09:33:47.900,5674.6000,2182,0,78294160.000,0,-,-,-,-,5670.4000,5670.2000,5670.0000,5669.4000,5665.8000,5674.4000,5674.6000,5676.0000,5676.8000,5677.0000,3,3,1,1,1,1,1,1,2,1
SF,IC2008,2020-06-30 09:33:48.400,5674.4000,2183,1,79429040.000,1,1,0,双开,S,5670.6000,5670.4000,5670.2000,5670.0000,5669.4000,5674.6000,5676.0000,5676.8000,5677.0000,5678.0000,1,1,3,1,1,1,1,2,1,1
SF,IC2008,2020-06-30 09:33:48.900,5674.4000,2183,0,79429040.000,0,-,-,-,-,5670.8000,5670.6000,5670.2000,5670.0000,5669.4000,5674.6000,5676.0000,5676.8000,5677.0000,5678.0000,1,1,3,1,1,1,1,2,1,1
SF,IC2008,2020-06-30 09:33:49.400,5674.4000,2183,0,79429040.000,0,-,-,-,-,5671.0000,5670.8000,5670.2000,5670.0000,5669.4000,5674.6000,5676.0000,5676.8000,5677.0000,5678.0000,1,1,3,1,1,1,1,2,1,1
SF,IC2008,2020-06-30 09:33:49.900,5674.6000,2183,0,80563960.000,1,0,1,多换,S,5671.2000,5671.0000,5670.8000,5670.2000,5670.0000,5676.0000,5676.8000,5677.0000,5678.0000,5679.6000,1,1,1,3,1,1,2,1,1,3
SF,IC2008,2020-06-30 09:33:50.400,5674.6000,2183,0,80563960.000,0,-,-,-,-,5671.4000,5671.2000,5670.8000,5670.2000,5670.0000,5676.0000,5676.8000,5677.0000,5678.0000,5679.6000,2,1,1,3,1,1,2,1,1,3
SF,IC2008,2020-06-30 09:33:50.900,5674.6000,2183,0,80563960.000,0,-,-,-,-,5671.8000,5671.4000,5670.2000,5670.0000,5669.4000,5676.0000,5676.8000,5677.0000,5678.0000,5679.6000,1,2,3,1,1,1,2,1,1,3
SF,IC2008,2020-06-30 09:33:51.400,5674.6000,2183,0,80563960.000,0,-,-,-,-,5672.0000,5671.8000,5670.2000,5670.0000,5669.4000,5675.8000,5676.0000,5676.8000,5677.0000,5678.0000,1,1,3,1,1,1,1,2,1,1
SF,IC2008,2020-06-30 09:33:51.900,5674.6000,2183,0,80563960.000,0,-,-,-,-,5672.0000,5671.8000,5670.2000,5670.0000,5669.4000,5675.8000,5676.0000,5676.8000,5677.0000,5678.0000,1,1,3,1,1,1,1,2,1,1
SF,IC2008,2020-06-30 09:33:52.400,5674.6000,2183,0,80563960.000,0,-,-,-,-,5672.0000,5670.2000,5670.0000,5669.4000,5665.8000,5675.8000,5676.0000,5676.8000,5677.0000,5678.0000,1,3,1,1,1,1,1,2,1,1
SF,IC2008,2020-06-30 09:33:52.900,5674.6000,2183,0,80563960.000,0,-,-,-,-,5672.2000,5672.0000,5670.2000,5670.0000,5669.4000,5676.0000,5676.8000,5677.0000,5678.0000,5679.6000,1,1,3,1,1,1,2,1,1,3
SF,IC2008,2020-06-30 09:33:53.400,5674.6000,2183,0,80563960.000,0,-,-,-,-,5672.4000,5672.2000,5670.2000,5670.0000,5669.4000,5676.0000,5676.8000,5677.0000,5678.0000,5679.6000,1,1,3,1,1,1,2,1,1,3
SF,IC2008,2020-06-30 09:33:53.900,5674.6000,2183,0,80563960.000,0,-,-,-,-,5672.6000,5672.4000,5672.2000,5670.2000,5670.0000,5676.0000,5676.8000,5677.0000,5678.0000,5679.6000,1,1,1,3,1,1,2,1,1,3
SF,IC2008,2020-06-30 09:33:54.400,5674.6000,2183,0,80563960.000,0,-,-,-,-,5672.8000,5672.6000,5672.2000,5670.2000,5670.0000,5676.0000,5676.8000,5677.0000,5678.0000,5679.6000,1,1,1,3,1,1,2,1,1,3
SF,IC2008,2020-06-30 09:33:54.900,5674.6000,2183,0,80563960.000,0,-,-,-,-,5672.8000,5672.6000,5670.2000,5670.0000,5669.4000,5676.0000,5676.8000,5677.0000,5678.0000,5679.6000,1,1,3,1,1,1,2,1,1,3
SF,IC2008,2020-06-30 09:33:56.900,5674.6000,2183,0,80563960.000,0,-,-,-,-,5672.8000,5672.6000,5670.2000,5670.0000,5669.4000,5675.8000,5676.0000,5676.8000,5677.0000,5678.0000,1,1,3,1,1,1,1,2,1,1
SF,IC2008,2020-06-30 09:33:57.400,5674.6000,2183,0,80563960.000,0,-,-,-,-,5672.8000,5670.2000,5670.0000,5669.4000,5665.8000,5675.8000,5676.0000,5676.8000,5677.0000,5678.0000,1,3,1,1,1,1,1,2,1,1
SF,IC2008,2020-06-30 09:33:57.900,5674.6000,2183,0,80563960.000,0,-,-,-,-,5672.8000,5670.2000,5670.0000,5669.4000,5665.8000,5675.6000,5675.8000,5676.0000,5676.8000,5677.0000,1,3,1,1,1,1,1,1,2,1
SF,IC2008,2020-06-30 09:33:58.400,5674.6000,2183,0,80563960.000,0,-,-,-,-,5673.0000,5670.2000,5670.0000,5669.4000,5665.8000,5675.6000,5675.8000,5676.0000,5676.8000,5677.0000,1,3,1,1,1,1,1,1,2,1
SF,IC2008,2020-06-30 09:33:59.900,5674.6000,2183,0,80563960.000,0,-,-,-,-,5670.2000,5670.0000,5669.4000,5665.8000,5665.0000,5675.6000,5675.8000,5676.0000,5676.8000,5677.0000,3,1,1,1,3,1,1,1,2,1
SF,IC2008,2020-06-30 09:34:00.400,5674.6000,2183,0,80563960.000,0,-,-,-,-,5670.4000,5670.2000,5670.0000,5669.4000,5665.8000,5675.4000,5675.6000,5675.8000,5676.0000,5676.8000,4,3,1,1,1,1,1,1,1,2
SF,IC2008,2020-06-30 09:34:01.400,5674.6000,2183,0,80563960.000,0,-,-,-,-,5670.4000,5670.2000,5670.0000,5669.4000,5665.8000,5675.6000,5675.8000,5676.0000,5676.8000,5677.0000,4,3,1,1,1,1,1,1,2,1
SF,IC2008,2020-06-30 09:34:01.900,5674.6000,2183,0,80563960.000,0,-,-,-,-,5671.2000,5670.6000,5670.4000,5670.2000,5670.0000,5675.6000,5675.8000,5676.0000,5676.8000,5677.0000,1,1,2,3,1,1,1,1,2,1
SF,IC2008,2020-06-30 09:34:02.400,5674.6000,2183,0,80563960.000,0,-,-,-,-,5671.4000,5671.2000,5670.6000,5670.4000,5670.2000,5675.8000,5676.0000,5676.8000,5677.0000,5678.0000,2,2,1,1,3,1,1,2,1,1
SF,IC2008,2020-06-30 09:34:02.900,5674.6000,2183,0,80563960.000,0,-,-,-,-,5672.4000,5671.6000,5671.4000,5671.2000,5670.6000,5675.8000,5676.0000,5676.8000,5677.0000,5678.0000,1,1,2,1,1,1,1,2,1,1
SF,IC2008,2020-06-30 09:34:03.400,5674.6000,2183,0,80563960.000,0,-,-,-,-,5672.6000,5672.4000,5671.6000,5671.4000,5670.2000,5675.8000,5676.0000,5676.8000,5677.0000,5678.0000,1,2,1,1,3,1,1,2,1,1
SF,IC2008,2020-06-30 09:34:03.900,5674.6000,2183,0,80563960.000,0,-,-,-,-,5672.6000,5672.4000,5671.6000,5670.2000,5670.0000,5675.6000,5675.8000,5676.0000,5676.8000,5677.0000,1,1,1,3,1,1,1,1,2,1
SF,IC2008,2020-06-30 09:34:04.400,5674.6000,2183,0,80563960.000,0,-,-,-,-,5672.6000,5672.4000,5671.6000,5670.2000,5670.0000,5675.6000,5675.8000,5676.0000,5676.8000,5677.0000,1,1,1,3,1,1,1,1,2,1
SF,IC2008,2020-06-30 09:34:04.900,5674.6000,2183,0,80563960.000,0,-,-,-,-,5672.6000,5672.4000,5671.6000,5670.2000,5670.0000,5675.4000,5675.6000,5675.8000,5676.0000,5676.8000,1,1,1,3,1,1,1,1,1,2
SF,IC2008,2020-06-30 09:34:05.400,5674.6000,2183,0,80563960.000,0,-,-,-,-,5672.8000,5671.6000,5670.2000,5670.0000,5669.4000,5675.4000,5675.8000,5676.0000,5676.8000,5677.0000,1,1,3,1,1,1,1,1,2,1
SF,IC2008,2020-06-30 09:34:05.900,5674.6000,2183,0,80563960.000,0,-,-,-,-,5672.8000,5670.2000,5670.0000,5669.4000,5665.8000,5675.4000,5675.8000,5676.0000,5676.8000,5677.0000,1,3,1,1,1,1,1,1,2,1
SF,IC2008,2020-06-30 09:34:07.400,5674.6000,2183,0,80563960.000,0,-,-,-,-,5672.8000,5670.2000,5670.0000,5669.4000,5665.8000,5675.2000,5675.4000,5675.8000,5676.0000,5676.8000,1,3,1,1,1,1,1,1,1,2
SF,IC2008,2020-06-30 09:34:07.900,5674.6000,2183,0,80563960.000,0,-,-,-,-,5673.0000,5672.8000,5670.2000,5670.0000,5669.4000,5675.4000,5675.8000,5676.0000,5676.8000,5677.0000,1,1,3,1,1,1,1,1,2,1
SF,IC2008,2020-06-30 09:34:08.400,5674.6000,2183,0,80563960.000,0,-,-,-,-,5673.0000,5672.8000,5670.2000,5670.0000,5669.4000,5675.4000,5676.0000,5676.8000,5677.0000,5678.0000,1,1,3,1,1,1,1,2,1,1
SF,IC2008,2020-06-30 09:34:08.900,5675.4000,2183,0,81699040.000,1,0,1,多换,S,5673.0000,5672.8000,5670.2000,5670.0000,5669.4000,5676.0000,5676.8000,5677.0000,5678.0000,5679.6000,1,1,3,1,1,1,2,1,1,3
SF,IC2008,2020-06-30 09:34:09.400,5675.4000,2183,0,81699040.000,0,-,-,-,-,5673.2000,5673.0000,5672.8000,5670.2000,5670.0000,5676.0000,5676.8000,5677.0000,5678.0000,5679.6000,1,1,1,3,1,1,2,1,1,3
SF,IC2008,2020-06-30 09:34:09.900,5675.4000,2183,0,81699040.000,0,-,-,-,-,5673.4000,5673.2000,5672.8000,5670.2000,5670.0000,5676.0000,5676.8000,5677.0000,5678.0000,5679.6000,1,1,1,3,1,1,2,1,1,3
SF,IC2008,2020-06-30 09:34:10.900,5675.4000,2183,0,81699040.000,0,-,-,-,-,5675.4000,5673.6000,5673.4000,5673.2000,5672.8000,5676.0000,5676.8000,5677.0000,5678.0000,5679.6000,1,1,1,1,1,1,2,1,1,3
SF,IC2008,2020-06-30 09:34:11.400,5675.4000,2182,-1,82834120.000,1,0,1,双平,S,5673.6000,5672.8000,5670.2000,5669.4000,5665.8000,5676.0000,5676.8000,5677.0000,5678.0000,5679.6000,1,1,3,1,1,1,2,1,1,3
SF,IC2008,2020-06-30 09:34:11.900,5675.4000,2182,0,82834120.000,0,-,-,-,-,5673.8000,5672.8000,5670.2000,5669.4000,5665.8000,5676.0000,5676.8000,5677.0000,5678.0000,5679.6000,1,1,3,1,1,1,2,1,1,3
SF,IC2008,2020-06-30 09:34:12.400,5675.4000,2182,0,82834120.000,0,-,-,-,-,5673.8000,5672.8000,5670.2000,5669.4000,5665.8000,5676.0000,5676.8000,5677.0000,5678.0000,5679.6000,1,1,3,1,1,1,2,1,1,3
SF,IC2008,2020-06-30 09:34:13.400,5675.4000,2182,0,82834120.000,0,-,-,-,-,5672.8000,5670.2000,5669.4000,5665.8000,5663.2000,5676.0000,5676.8000,5677.0000,5678.0000,5679.6000,1,3,1,1,1,1,2,1,1,3
SF,IC2008,2020-06-30 09:34:13.900,5675.4000,2182,0,82834120.000,0,-,-,-,-,5673.0000,5672.8000,5670.2000,5669.4000,5665.8000,5676.0000,5676.8000,5677.0000,5678.0000,5679.6000,1,1,3,1,1,1,2,1,1,3
SF,IC2008,2020-06-30 09:34:14.400,5675.4000,2182,0,82834120.000,0,-,-,-,-,5673.0000,5672.8000,5670.2000,5669.4000,5665.8000,5675.8000,5676.0000,5676.8000,5677.0000,5678.0000,1,1,3,1,1,1,1,2,1,1
SF,IC2008,2020-06-30 09:34:14.900,5675.4000,2182,0,82834120.000,0,-,-,-,-,5673.6000,5673.0000,5670.2000,5669.4000,5665.8000,5675.8000,5676.0000,5676.8000,5677.0000,5678.0000,1,1,3,1,1,1,1,2,1,1
SF,IC2008,2020-06-30 09:34:15.400,5675.4000,2182,0,82834120.000,0,-,-,-,-,5673.6000,5673.0000,5670.2000,5669.4000,5665.8000,5675.6000,5675.8000,5676.0000,5676.8000,5677.0000,1,1,3,1,1,1,1,1,2,1
SF,IC2008,2020-06-30 09:34:15.900,5675.4000,2182,0,82834120.000,0,-,-,-,-,5673.6000,5673.0000,5670.2000,5669.4000,5665.8000,5675.6000,5675.8000,5676.0000,5676.8000,5677.0000,1,1,3,1,1,1,1,1,2,1
SF,IC2008,2020-06-30 09:34:16.400,5675.4000,2182,0,82834120.000,0,-,-,-,-,5673.0000,5670.2000,5669.4000,5665.8000,5663.2000,5675.4000,5675.6000,5675.8000,5676.0000,5676.8000,1,3,1,1,1,1,1,1,1,2
SF,IC2008,2020-06-30 09:34:16.900,5675.4000,2182,0,82834120.000,0,-,-,-,-,5673.0000,5670.2000,5669.4000,5665.8000,5663.2000,5675.2000,5675.4000,5675.6000,5675.8000,5676.0000,1,3,1,1,1,1,1,1,1,1
SF,IC2008,2020-06-30 09:34:17.400,5675.4000,2182,0,82834120.000,0,-,-,-,-,5673.0000,5670.2000,5669.4000,5665.8000,5663.2000,5675.0000,5675.2000,5675.6000,5675.8000,5676.0000,1,3,1,1,1,1,1,1,1,1
SF,IC2008,2020-06-30 09:34:17.900,5675.4000,2182,0,82834120.000,0,-,-,-,-,5673.2000,5673.0000,5670.2000,5669.4000,5665.8000,5675.0000,5675.8000,5676.0000,5676.8000,5677.0000,1,1,3,1,1,1,1,1,2,1
SF,IC2008,2020-06-30 09:34:18.400,5675.4000,2182,0,82834120.000,0,-,-,-,-,5673.4000,5673.2000,5673.0000,5670.2000,5669.4000,5675.8000,5676.0000,5676.8000,5677.0000,5678.0000,1,1,1,3,1,1,1,2,1,1
SF,IC2008,2020-06-30 09:34:19.400,5675.4000,2182,0,82834120.000,0,-,-,-,-,5673.4000,5673.2000,5673.0000,5670.2000,5669.4000,5673.6000,5675.8000,5676.0000,5676.8000,5677.0000,1,1,1,3,1,3,1,1,2,1
SF,IC2008,2020-06-30 09:34:19.900,5673.6000,2182,0,86238280.000,3,1,2,多换,S,5673.8000,5673.4000,5670.2000,5669.4000,5665.8000,5675.8000,5676.0000,5676.8000,5677.0000,5678.0000,1,1,3,1,1,1,1,2,1,1
SF,IC2008,2020-06-30 09:34:20.400,5673.6000,2182,0,86238280.000,0,-,-,-,-,5673.8000,5670.2000,5669.4000,5665.8000,5663.2000,5675.8000,5676.0000,5676.8000,5677.0000,5678.0000,1,3,1,1,1,1,1,2,1,1
SF,IC2008,2020-06-30 09:34:20.900,5673.6000,2182,0,86238280.000,0,-,-,-,-,5670.2000,5669.4000,5665.8000,5663.2000,5660.8000,5675.8000,5676.0000,5676.8000,5677.0000,5678.0000,3,1,1,1,5,1,1,2,1,1
SF,IC2008,2020-06-30 09:34:21.400,5673.6000,2182,0,86238280.000,0,-,-,-,-,5674.0000,5670.6000,5670.4000,5670.2000,5669.4000,5675.8000,5676.0000,5676.8000,5677.0000,5678.0000,1,1,4,3,1,1,1,2,1,1
SF,IC2008,2020-06-30 09:34:21.900,5673.6000,2182,0,86238280.000,0,-,-,-,-,5674.0000,5670.6000,5670.4000,5670.2000,5669.4000,5676.0000,5676.8000,5677.0000,5678.0000,5679.6000,1,1,4,3,1,1,2,1,1,3
SF,IC2008,2020-06-30 09:34:22.400,5673.6000,2182,0,86238280.000,0,-,-,-,-,5674.0000,5670.6000,5670.4000,5670.2000,5669.4000,5676.0000,5676.8000,5677.0000,5678.0000,5679.6000,1,1,2,3,1,1,2,1,1,3
SF,IC2008,2020-06-30 09:34:22.900,5673.6000,2182,0,86238280.000,0,-,-,-,-,5674.0000,5671.4000,5670.6000,5670.4000,5670.2000,5676.0000,5676.8000,5677.0000,5678.0000,5679.6000,1,1,1,2,3,1,2,1,1,3
SF,IC2008,2020-06-30 09:34:24.400,5673.6000,2182,0,86238280.000,0,-,-,-,-,5674.0000,5671.4000,5670.4000,5670.2000,5669.4000,5676.0000,5676.8000,5677.0000,5678.0000,5679.6000,1,1,2,3,1,1,2,1,1,3
SF,IC2008,2020-06-30 09:34:25.400,5673.6000,2182,0,86238280.000,0,-,-,-,-,5674.0000,5671.4000,5670.4000,5670.2000,5669.4000,5675.8000,5676.0000,5676.8000,5677.0000,5678.0000,1,1,2,3,1,1,1,2,1,1
SF,IC2008,2020-06-30 09:34:25.900,5673.6000,2182,0,86238280.000,0,-,-,-,-,5674.0000,5671.4000,5670.4000,5670.2000,5669.4000,5675.8000,5676.0000,5676.8000,5677.0000,5678.0000,1,1,2,3,1,1,1,2,1,1
SF,IC2008,2020-06-30 09:34:26.400,5673.6000,2182,0,86238280.000,0,-,-,-,-,5671.4000,5670.4000,5670.2000,5669.4000,5665.8000,5675.8000,5676.0000,5676.8000,5677.0000,5678.0000,1,2,3,1,1,1,1,2,1,1
SF,IC2008,2020-06-30 09:34:26.900,5673.6000,2182,0,86238280.000,0,-,-,-,-,5673.0000,5671.6000,5671.4000,5670.2000,5669.4000,5676.0000,5676.8000,5677.0000,5678.0000,5679.6000,1,4,1,3,1,1,2,1,1,3
SF,IC2008,2020-06-30 09:34:27.400,5673.6000,2182,0,86238280.000,0,-,-,-,-,5673.2000,5673.0000,5671.6000,5671.4000,5670.2000,5676.0000,5676.8000,5677.0000,5678.0000,5679.6000,2,1,2,1,3,1,2,1,1,3
SF,IC2008,2020-06-30 09:34:27.900,5673.6000,2182,0,86238280.000,0,-,-,-,-,5673.6000,5673.4000,5673.2000,5673.0000,5671.6000,5676.0000,5676.8000,5677.0000,5678.0000,5679.6000,1,1,1,2,2,1,2,1,1,3
SF,IC2008,2020-06-30 09:34:28.400,5673.6000,2182,0,86238280.000,0,-,-,-,-,5674.0000,5673.6000,5673.4000,5673.2000,5673.0000,5676.0000,5676.8000,5677.0000,5678.0000,5679.6000,1,1,1,1,1,1,2,1,1,3
SF,IC2008,2020-06-30 09:34:28.900,5673.6000,2182,0,86238280.000,0,-,-,-,-,5674.0000,5673.6000,5673.4000,5673.2000,5673.0000,5676.0000,5676.8000,5677.0000,5678.0000,5679.6000,1,1,1,1,1,1,2,1,1,3
SF,IC2008,2020-06-30 09:34:29.400,5673.6000,2182,0,86238280.000,0,-,-,-,-,5674.0000,5673.6000,5673.2000,5673.0000,5671.6000,5676.0000,5676.8000,5677.0000,5678.0000,5679.6000,1,1,1,1,1,1,2,1,1,3
SF,IC2008,2020-06-30 09:34:30.400,5673.6000,2182,0,86238280.000,0,-,-,-,-,5674.0000,5673.6000,5673.2000,5673.0000,5671.6000,5675.8000,5676.0000,5676.8000,5677.0000,5678.0000,1,1,1,1,1,1,1,2,1,1
SF,IC2008,2020-06-30 09:34:30.900,5673.6000,2182,0,86238280.000,0,-,-,-,-,5674.0000,5673.6000,5673.2000,5673.0000,5671.6000,5675.6000,5675.8000,5676.0000,5676.8000,5677.0000,1,1,1,1,1,1,1,1,2,1
SF,IC2008,2020-06-30 09:34:31.400,5675.8000,2180,-2,88508560.000,2,0,2,双平,S,5674.0000,5673.6000,5673.2000,5673.0000,5671.6000,5676.0000,5676.8000,5677.0000,5678.0000,5679.6000,1,1,1,1,1,1,2,1,1,3
SF,IC2008,2020-06-30 09:34:34.400,5676.0000,2180,0,89643760.000,1,0,1,多换,S,5674.0000,5673.6000,5673.2000,5673.0000,5671.6000,5676.8000,5677.0000,5678.0000,5679.6000,5684.0000,1,1,1,1,1,2,1,1,3,5
SF,IC2008,2020-06-30 09:34:34.900,5676.0000,2180,0,89643760.000,0,-,-,-,-,5674.2000,5674.0000,5673.6000,5673.0000,5671.6000,5675.8000,5676.8000,5677.0000,5678.0000,5679.6000,1,2,1,1,1,1,2,1,1,3
SF,IC2008,2020-06-30 09:34:35.400,5675.8000,2180,0,90778920.000,1,0,1,多换,S,5674.2000,5674.0000,5673.6000,5673.0000,5671.6000,5676.8000,5677.0000,5678.0000,5679.6000,5684.0000,1,2,1,1,1,2,1,1,3,5
SF,IC2008,2020-06-30 09:34:35.900,5675.8000,2180,0,90778920.000,0,-,-,-,-,5674.2000,5674.0000,5673.6000,5673.0000,5671.6000,5676.8000,5677.0000,5678.0000,5679.6000,5684.0000,2,1,1,1,1,2,1,1,3,5
SF,IC2008,2020-06-30 09:34:38.400,5675.8000,2180,0,90778920.000,0,-,-,-,-,5674.6000,5674.2000,5673.6000,5673.0000,5671.6000,5676.8000,5677.0000,5678.0000,5679.6000,5684.0000,1,2,1,1,1,2,1,1,3,5
SF,IC2008,2020-06-30 09:34:38.900,5675.8000,2180,0,90778920.000,0,-,-,-,-,5674.6000,5674.2000,5673.6000,5673.0000,5671.6000,5676.8000,5677.0000,5678.0000,5679.6000,5684.0000,2,2,1,1,1,2,1,1,3,5
SF,IC2008,2020-06-30 09:34:39.400,5676.8000,2179,-1,91914280.000,1,0,1,双平,S,5674.6000,5674.2000,5673.6000,5673.0000,5671.6000,5676.8000,5677.0000,5678.0000,5679.6000,5684.0000,2,2,1,1,1,1,1,1,3,5
SF,IC2008,2020-06-30 09:34:39.900,5676.8000,2179,0,91914280.000,0,-,-,-,-,5674.8000,5674.6000,5674.2000,5673.0000,5671.6000,5676.8000,5677.0000,5678.0000,5679.6000,5684.0000,1,2,1,1,1,1,1,1,3,5
SF,IC2008,2020-06-30 09:34:40.400,5676.8000,2179,0,91914280.000,0,-,-,-,-,5675.0000,5674.8000,5674.6000,5674.2000,5673.0000,5676.8000,5677.0000,5678.0000,5679.6000,5684.0000,1,1,2,1,1,1,1,1,3,5
SF,IC2008,2020-06-30 09:34:41.400,5677.0000,2177,-2,94185040.000,2,0,2,双平,S,5675.0000,5674.8000,5674.6000,5674.2000,5673.0000,5678.0000,5679.6000,5684.0000,5692.6000,5693.6000,1,1,2,1,1,1,3,5,1,1
SF,IC2008,2020-06-30 09:34:41.900,5677.0000,2177,0,94185040.000,0,-,-,-,-,5675.2000,5675.0000,5674.6000,5674.2000,5673.0000,5678.0000,5679.6000,5684.0000,5692.6000,5693.6000,1,1,2,1,1,2,3,5,1,1
SF,IC2008,2020-06-30 09:34:42.400,5677.0000,2177,0,94185040.000,0,-,-,-,-,5675.4000,5675.2000,5675.0000,5674.6000,5674.2000,5678.0000,5679.6000,5684.0000,5692.6000,5693.6000,1,1,1,2,1,2,3,5,1,1
SF,IC2008,2020-06-30 09:34:42.900,5677.0000,2177,0,94185040.000,0,-,-,-,-,5675.6000,5675.4000,5675.0000,5674.6000,5674.2000,5678.0000,5679.6000,5684.0000,5692.6000,5693.6000,1,1,1,2,1,2,3,5,1,1
SF,IC2008,2020-06-30 09:34:43.400,5677.0000,2177,0,94185040.000,0,-,-,-,-,5675.6000,5675.4000,5675.0000,5674.6000,5674.2000,5678.0000,5679.6000,5684.0000,5692.6000,5693.6000,1,1,1,2,1,2,3,5,1,1
SF,IC2008,2020-06-30 09:34:43.900,5677.0000,2177,0,94185040.000,0,-,-,-,-,5675.8000,5675.6000,5675.4000,5675.0000,5674.6000,5678.0000,5679.6000,5684.0000,5692.6000,5693.6000,1,1,1,1,2,1,3,5,1,1
SF,IC2008,2020-06-30 09:34:44.400,5677.0000,2177,0,94185040.000,0,-,-,-,-,5676.0000,5675.8000,5675.4000,5675.0000,5674.6000,5678.0000,5679.6000,5684.0000,5692.6000,5693.6000,1,1,1,1,2,1,3,5,1,1
SF,IC2008,2020-06-30 09:34:44.900,5677.0000,2177,0,94185040.000,0,-,-,-,-,5676.2000,5676.0000,5675.8000,5675.4000,5675.0000,5678.0000,5679.6000,5684.0000,5692.6000,5693.6000,1,1,1,1,1,1,3,5,1,1
SF,IC2008,2020-06-30 09:34:45.400,5677.0000,2177,0,94185040.000,0,-,-,-,-,5676.2000,5676.0000,5675.8000,5675.4000,5675.0000,5678.0000,5679.6000,5684.0000,5692.6000,5693.6000,1,1,1,1,1,2,3,5,1,1
SF,IC2008,2020-06-30 09:34:46.400,5677.0000,2177,0,94185040.000,0,-,-,-,-,5676.2000,5676.0000,5675.8000,5675.4000,5675.0000,5678.0000,5679.6000,5684.0000,5692.6000,5693.6000,1,1,1,1,1,1,3,5,1,1
SF,IC2008,2020-06-30 09:34:46.900,5677.0000,2177,0,94185040.000,0,-,-,-,-,5676.2000,5676.0000,5675.8000,5675.4000,5675.0000,5678.0000,5679.6000,5684.0000,5692.6000,5693.6000,1,1,1,1,1,1,3,5,1,1
SF,IC2008,2020-06-30 09:34:47.400,5677.0000,2177,0,94185040.000,0,-,-,-,-,5676.4000,5676.2000,5675.8000,5675.4000,5675.0000,5678.0000,5679.6000,5684.0000,5692.6000,5693.6000,1,1,1,1,1,1,3,5,1,1
SF,IC2008,2020-06-30 09:34:48.400,5677.0000,2177,0,94185040.000,0,-,-,-,-,5676.6000,5676.4000,5676.2000,5675.8000,5675.4000,5678.0000,5679.6000,5684.0000,5692.6000,5693.6000,1,1,1,1,1,1,3,5,1,1
SF,IC2008,2020-06-30 09:34:48.900,5678.0000,2176,-1,95320640.000,1,0,1,双平,S,5676.6000,5676.4000,5676.2000,5675.8000,5675.4000,5679.6000,5684.0000,5692.6000,5693.6000,5694.0000,1,1,1,1,1,3,5,1,1,2
SF,IC2008,2020-06-30 09:34:49.400,5678.0000,2176,0,95320640.000,0,-,-,-,-,5676.8000,5676.6000,5676.2000,5675.8000,5675.4000,5679.6000,5684.0000,5692.6000,5693.6000,5694.0000,1,1,1,1,1,3,5,1,1,2
SF,IC2008,2020-06-30 09:34:49.900,5678.0000,2176,0,95320640.000,0,-,-,-,-,5676.8000,5676.6000,5676.2000,5675.8000,5675.4000,5679.6000,5684.0000,5692.6000,5693.6000,5694.0000,2,1,1,1,1,3,5,1,1,2
SF,IC2008,2020-06-30 09:34:50.400,5676.6000,2176,0,98726680.000,3,1,2,多换,S,5676.2000,5675.8000,5675.4000,5673.0000,5671.6000,5678.0000,5679.4000,5679.6000,5684.0000,5692.6000,1,1,1,1,1,1,1,3,5,1
SF,IC2008,2020-06-30 09:34:50.900,5676.6000,2176,0,98726680.000,0,-,-,-,-,5676.2000,5675.8000,5673.0000,5671.6000,5670.2000,5678.0000,5679.4000,5679.6000,5684.0000,5692.6000,1,1,1,1,3,1,1,3,5,1
SF,IC2008,2020-06-30 09:34:51.400,5676.6000,2176,0,98726680.000,0,-,-,-,-,5676.2000,5673.0000,5671.6000,5670.2000,5669.4000,5678.0000,5679.6000,5684.0000,5692.6000,5693.6000,1,1,1,3,1,1,3,5,1,1
SF,IC2008,2020-06-30 09:34:51.900,5676.6000,2176,0,98726680.000,0,-,-,-,-,5673.0000,5671.6000,5670.2000,5669.4000,5666.6000,5678.0000,5679.6000,5684.0000,5692.6000,5693.6000,1,1,3,1,5,1,3,5,1,1
SF,IC2008,2020-06-30 09:34:52.400,5676.6000,2176,0,98726680.000,0,-,-,-,-,5673.2000,5673.0000,5670.2000,5669.4000,5666.6000,5678.0000,5679.6000,5684.0000,5692.6000,5693.6000,3,1,3,1,5,1,3,5,1,1
SF,IC2008,2020-06-30 09:34:52.900,5676.6000,2176,0,98726680.000,0,-,-,-,-,5673.2000,5673.0000,5670.2000,5669.4000,5666.6000,5678.0000,5679.6000,5684.0000,5692.6000,5693.6000,3,1,3,1,5,1,3,5,1,1
SF,IC2008,2020-06-30 09:34:53.400,5676.6000,2176,0,98726680.000,0,-,-,-,-,5676.0000,5673.2000,5673.0000,5670.2000,5669.4000,5677.8000,5678.0000,5679.6000,5684.0000,5692.6000,1,2,1,3,1,1,1,3,5,1
SF,IC2008,2020-06-30 09:34:54.400,5676.6000,2176,0,98726680.000,0,-,-,-,-,5676.0000,5673.2000,5673.0000,5670.2000,5669.4000,5677.8000,5679.6000,5684.0000,5692.6000,5693.6000,1,2,1,3,1,1,3,5,1,1
SF,IC2008,2020-06-30 09:34:54.900,5676.6000,2176,0,98726680.000,0,-,-,-,-,5677.8000,5676.2000,5673.2000,5673.0000,5670.2000,5679.6000,5684.0000,5692.6000,5693.6000,5694.0000,1,1,2,1,3,3,5,1,1,2
SF,IC2008,2020-06-30 09:34:55.400,5677.8000,2175,-1,99862240.000,1,0,1,双平,S,5676.2000,5673.2000,5673.0000,5670.2000,5669.4000,5678.0000,5679.4000,5679.6000,5684.0000,5692.6000,1,2,1,3,1,1,1,3,5,1
SF,IC2008,2020-06-30 09:34:55.900,5677.8000,2175,0,99862240.000,0,-,-,-,-,5676.2000,5673.2000,5673.0000,5670.2000,5669.4000,5679.4000,5679.6000,5684.0000,5692.6000,5693.6000,1,2,1,3,1,1,3,5,1,1
SF,IC2008,2020-06-30 09:34:56.400,5677.8000,2175,0,99862240.000,0,-,-,-,-,5673.2000,5673.0000,5670.2000,5669.4000,5667.0000,5679.4000,5679.6000,5684.0000,5692.6000,5693.6000,2,1,3,1,1,1,3,5,1,1
SF,IC2008,2020-06-30 09:34:58.400,5677.8000,2175,0,99862240.000,0,-,-,-,-,5675.8000,5675.0000,5673.2000,5673.0000,5670.2000,5679.4000,5679.6000,5684.0000,5692.6000,5693.6000,1,2,2,1,3,1,3,5,1,1
SF,IC2008,2020-06-30 09:34:58.900,5677.8000,2175,0,99862240.000,0,-,-,-,-,5676.0000,5675.8000,5675.0000,5673.2000,5673.0000,5678.0000,5679.2000,5679.4000,5679.6000,5684.0000,1,1,2,1,1,1,1,1,3,5
SF,IC2008,2020-06-30 09:34:59.400,5677.8000,2175,0,99862240.000,0,-,-,-,-,5675.0000,5673.6000,5673.2000,5673.0000,5670.2000,5678.0000,5679.2000,5679.4000,5679.6000,5684.0000,2,1,1,1,3,1,1,1,3,5
SF,IC2008,2020-06-30 09:34:59.900,5677.8000,2175,0,99862240.000,0,-,-,-,-,5675.2000,5675.0000,5674.8000,5673.6000,5673.2000,5677.8000,5678.0000,5679.6000,5684.0000,5692.6000,1,2,2,1,1,1,1,3,5,1
SF,IC2008,2020-06-30 09:35:00.900,5677.8000,2175,0,99862240.000,0,-,-,-,-,5675.2000,5675.0000,5674.8000,5673.6000,5673.4000,5677.8000,5678.0000,5679.6000,5684.0000,5692.6000,1,2,2,1,1,1,1,3,5,1
SF,IC2008,2020-06-30 09:35:01.400,5677.8000,2175,0,99862240.000,0,-,-,-,-,5675.4000,5675.0000,5674.8000,5673.4000,5673.0000,5678.0000,5679.6000,5684.0000,5692.6000,5693.6000,2,2,2,1,1,1,3,5,1,1
SF,IC2008,2020-06-30 09:35:01.900,5677.8000,2175,0,99862240.000,0,-,-,-,-,5675.6000,5675.4000,5675.0000,5674.8000,5674.6000,5678.0000,5679.6000,5684.0000,5692.6000,5693.6000,1,2,2,2,2,1,3,5,1,1
SF,IC2008,2020-06-30 09:35:02.400,5677.8000,2175,0,99862240.000,0,-,-,-,-,5675.8000,5675.6000,5675.0000,5674.8000,5674.6000,5678.0000,5679.6000,5684.0000,5692.6000,5693.6000,1,1,2,2,2,1,3,5,1,1
SF,IC2008,2020-06-30 09:35:02.900,5677.8000,2175,0,99862240.000,0,-,-,-,-,5676.0000,5675.8000,5675.6000,5675.0000,5674.8000,5678.0000,5679.6000,5684.0000,5692.6000,5693.6000,1,1,1,2,2,1,3,5,1,1
SF,IC2008,2020-06-30 09:35:03.400,5677.8000,2175,0,99862240.000,0,-,-,-,-,5676.2000,5676.0000,5675.6000,5675.0000,5674.8000,5679.6000,5684.0000,5692.6000,5693.6000,5694.0000,2,1,1,2,2,3,5,1,1,2
SF,IC2008,2020-06-30 09:35:03.900,5677.8000,2175,0,99862240.000,0,-,-,-,-,5678.4000,5676.4000,5676.2000,5675.6000,5675.0000,5679.4000,5679.6000,5684.0000,5692.6000,5693.6000,1,1,2,1,2,1,3,5,1,1
SF,IC2008,2020-06-30 09:35:04.400,5677.8000,2175,0,99862240.000,0,-,-,-,-,5676.4000,5676.2000,5675.0000,5674.8000,5674.6000,5679.4000,5679.6000,5684.0000,5692.6000,5693.6000,1,2,2,2,2,1,3,5,1,1
SF,IC2008,2020-06-30 09:35:04.900,5677.8000,2175,0,99862240.000,0,-,-,-,-,5676.6000,5676.4000,5676.2000,5675.0000,5674.8000,5679.4000,5679.6000,5684.0000,5692.6000,5693.6000,2,1,1,2,2,1,3,5,1,1
SF,IC2008,2020-06-30 09:35:05.400,5677.8000,2175,0,99862240.000,0,-,-,-,-,5676.6000,5676.4000,5676.2000,5675.0000,5674.8000,5679.6000,5684.0000,5692.6000,5693.6000,5694.0000,2,1,1,2,2,3,5,1,1,2
SF,IC2008,2020-06-30 09:35:05.900,5677.8000,2175,0,99862240.000,0,-,-,-,-,5676.6000,5676.4000,5676.2000,5675.0000,5674.8000,5679.6000,5684.0000,5692.6000,5693.6000,5694.0000,2,1,1,2,2,3,5,1,1,2
SF,IC2008,2020-06-30 09:35:06.400,5679.6000,2174,-1,100998160.000,1,0,1,双平,S,5676.8000,5676.6000,5676.4000,5676.2000,5676.0000,5679.6000,5684.0000,5692.6000,5693.6000,5694.0000,1,2,1,1,1,2,5,1,1,2
SF,IC2008,2020-06-30 09:35:06.900,5679.6000,2174,0,100998160.000,0,-,-,-,-,5677.0000,5676.8000,5676.6000,5676.4000,5676.2000,5679.6000,5684.0000,5692.6000,5693.6000,5694.0000,2,1,1,1,1,2,5,1,1,2
SF,IC2008,2020-06-30 09:35:07.400,5677.2000,2173,-1,102133600.000,1,0,1,双平,S,5677.4000,5677.0000,5676.8000,5676.6000,5676.4000,5679.6000,5689.8000,5692.6000,5693.6000,5694.0000,1,2,1,1,1,2,5,1,1,2
SF,IC2008,2020-06-30 09:35:07.900,5677.2000,2173,0,102133600.000,0,-,-,-,-,5677.4000,5677.0000,5676.8000,5676.6000,5676.4000,5679.6000,5689.8000,5692.6000,5693.6000,5694.0000,2,2,1,1,1,2,5,1,1,2
SF,IC2008,2020-06-30 09:35:08.400,5677.2000,2173,0,102133600.000,0,-,-,-,-,5677.6000,5677.4000,5677.0000,5676.6000,5676.4000,5679.6000,5689.8000,5692.6000,5693.6000,5694.0000,1,2,1,1,1,2,5,1,1,2
SF,IC2008,2020-06-30 09:35:08.900,5677.2000,2173,0,102133600.000,0,-,-,-,-,5677.8000,5677.6000,5677.4000,5677.0000,5676.6000,5679.6000,5689.8000,5692.6000,5693.6000,5694.0000,2,1,2,1,1,2,5,1,1,2
SF,IC2008,2020-06-30 09:35:09.400,5677.2000,2173,0,102133600.000,0,-,-,-,-,5678.0000,5677.8000,5677.4000,5677.0000,5676.6000,5679.6000,5689.8000,5692.6000,5693.6000,5694.0000,1,2,2,1,1,2,5,1,1,2
SF,IC2008,2020-06-30 09:35:09.900,5677.2000,2173,0,102133600.000,0,-,-,-,-,5678.0000,5677.8000,5677.4000,5677.0000,5676.6000,5679.6000,5689.8000,5692.6000,5693.6000,5694.0000,2,1,2,1,1,2,5,1,1,2
SF,IC2008,2020-06-30 09:35:10.400,5677.2000,2173,0,103269040.000,1,0,1,多换,S,5678.0000,5677.8000,5677.4000,5677.0000,5676.6000,5679.6000,5689.8000,5692.6000,5693.6000,5694.0000,1,1,2,1,1,2,5,1,1,2
SF,IC2008,2020-06-30 09:35:10.900,5677.2000,2173,0,103269040.000,0,-,-,-,-,5678.2000,5678.0000,5677.8000,5677.4000,5677.0000,5679.6000,5689.8000,5692.6000,5693.6000,5694.0000,1,1,1,2,1,2,5,1,1,2
SF,IC2008,2020-06-30 09:35:12.900,5677.2000,2173,0,103269040.000,0,-,-,-,-,5678.4000,5678.2000,5678.0000,5677.8000,5677.4000,5679.6000,5689.8000,5692.6000,5693.6000,5694.0000,1,1,1,1,2,2,5,1,1,2
SF,IC2008,2020-06-30 09:35:13.400,5679.6000,2172,-1,104404960.000,1,0,1,双平,S,5678.4000,5678.2000,5678.0000,5677.8000,5677.4000,5679.6000,5689.8000,5692.6000,5693.6000,5694.0000,1,1,1,1,1,1,5,1,1,2
SF,IC2008,2020-06-30 09:35:13.900,5679.6000,2171,-1,105540880.000,1,0,1,双平,S,5678.6000,5678.2000,5678.0000,5677.8000,5677.4000,5689.8000,5692.6000,5693.6000,5694.0000,5695.8000,1,1,1,1,1,5,1,1,2,1
SF,IC2008,2020-06-30 09:35:14.400,5679.6000,2171,0,105540880.000,0,-,-,-,-,5678.8000,5678.6000,5678.2000,5678.0000,5677.8000,5680.8000,5681.4000,5683.2000,5685.2000,5689.2000,2,1,1,1,1,1,1,1,1,1
SF,IC2008,2020-06-30 09:35:14.900,5679.6000,2171,0,105540880.000,0,-,-,-,-,5678.8000,5678.6000,5678.2000,5678.0000,5677.8000,5680.8000,5681.4000,5685.2000,5689.2000,5689.6000,1,1,1,1,1,1,1,1,1,2
SF,IC2008,2020-06-30 09:35:15.400,5679.6000,2171,0,105540880.000,0,-,-,-,-,5678.8000,5678.6000,5678.2000,5678.0000,5677.8000,5680.8000,5681.4000,5685.2000,5689.2000,5689.6000,1,1,1,1,1,1,1,1,1,2
SF,IC2008,2020-06-30 09:35:15.900,5679.6000,2171,0,105540880.000,0,-,-,-,-,5678.8000,5678.6000,5678.0000,5677.8000,5677.4000,5680.8000,5681.4000,5685.2000,5689.2000,5689.6000,1,1,1,1,1,1,1,1,1,2
SF,IC2008,2020-06-30 09:35:16.400,5679.6000,2171,0,105540880.000,0,-,-,-,-,5678.6000,5678.0000,5677.8000,5677.4000,5677.0000,5680.6000,5680.8000,5681.4000,5685.2000,5689.2000,1,1,1,1,1,1,1,1,1,1
SF,IC2008,2020-06-30 09:35:16.900,5679.6000,2171,0,105540880.000,0,-,-,-,-,5678.0000,5677.8000,5677.4000,5677.0000,5676.2000,5680.6000,5680.8000,5681.4000,5685.2000,5689.2000,1,1,1,1,1,1,1,1,1,1
SF,IC2008,2020-06-30 09:35:17.400,5679.6000,2171,0,105540880.000,0,-,-,-,-,5678.0000,5677.8000,5677.4000,5677.0000,5675.0000,5680.6000,5680.8000,5681.4000,5685.2000,5689.2000,1,1,1,1,2,1,1,1,1,1
SF,IC2008,2020-06-30 09:35:17.900,5679.6000,2171,0,105540880.000,0,-,-,-,-,5678.2000,5678.0000,5677.8000,5677.4000,5677.0000,5680.6000,5680.8000,5681.4000,5685.2000,5689.2000,1,1,1,1,1,1,1,1,1,1
SF,IC2008,2020-06-30 09:35:18.400,5679.6000,2171,0,105540880.000,0,-,-,-,-,5678.4000,5678.0000,5677.8000,5677.4000,5677.0000,5680.6000,5680.8000,5681.4000,5685.2000,5689.2000,1,1,1,1,1,1,1,1,1,1
SF,IC2008,2020-06-30 09:35:19.900,5678.0000,2169,-2,107812160.000,2,0,2,双平,S,5677.8000,5677.4000,5677.0000,5675.0000,5674.8000,5680.4000,5680.6000,5680.8000,5681.4000,5685.2000,1,1,1,2,2,1,1,1,1,1
SF,IC2008,2020-06-30 09:35:20.400,5678.0000,2169,0,107812160.000,0,-,-,-,-,5677.8000,5677.4000,5675.0000,5674.8000,5674.6000,5680.2000,5680.4000,5680.8000,5681.4000,5685.2000,1,1,2,2,2,3,1,1,1,1
SF,IC2008,2020-06-30 09:35:20.900,5678.0000,2169,0,107812160.000,0,-,-,-,-,5677.8000,5677.4000,5675.0000,5674.8000,5674.6000,5679.6000,5680.2000,5680.8000,5681.4000,5685.2000,1,1,2,2,2,1,2,1,1,1
SF,IC2008,2020-06-30 09:35:21.900,5678.0000,2169,0,107812160.000,0,-,-,-,-,5677.8000,5677.4000,5675.0000,5674.8000,5674.6000,5679.6000,5680.2000,5680.8000,5681.4000,5685.2000,1,1,2,2,2,1,1,1,1,1
SF,IC2008,2020-06-30 09:35:22.900,5678.0000,2169,0,107812160.000,0,-,-,-,-,5677.8000,5675.0000,5674.8000,5674.6000,5674.4000,5679.6000,5680.2000,5680.8000,5681.4000,5685.2000,1,2,2,2,2,1,1,1,1,1
SF,IC2008,2020-06-30 09:35:23.400,5678.0000,2169,0,107812160.000,0,-,-,-,-,5677.8000,5675.0000,5674.8000,5674.6000,5674.4000,5679.6000,5680.2000,5680.8000,5681.4000,5685.2000,2,2,2,2,2,1,1,1,1,1
SF,IC2008,2020-06-30 09:35:23.900,5678.0000,2169,0,107812160.000,0,-,-,-,-,5677.8000,5675.0000,5674.8000,5674.6000,5674.4000,5679.6000,5680.2000,5680.8000,5681.4000,5685.2000,1,2,2,2,2,1,1,1,1,1
SF,IC2008,2020-06-30 09:35:24.400,5678.0000,2169,0,107812160.000,0,-,-,-,-,5677.8000,5675.0000,5674.8000,5674.6000,5674.4000,5679.6000,5680.2000,5680.8000,5681.4000,5685.2000,1,2,2,2,2,1,1,1,1,1
SF,IC2008,2020-06-30 09:35:24.900,5677.8000,2169,0,108947720.000,1,0,1,多换,S,5675.0000,5674.8000,5674.6000,5674.4000,5674.2000,5679.6000,5680.2000,5680.8000,5681.4000,5685.2000,2,2,2,2,2,1,1,1,1,1
SF,IC2008,2020-06-30 09:35:25.400,5677.8000,2169,0,108947720.000,0,-,-,-,-,5676.6000,5676.0000,5675.2000,5675.0000,5674.8000,5679.4000,5679.6000,5680.8000,5681.4000,5685.2000,1,1,2,2,2,1,1,1,1,1
SF,IC2008,2020-06-30 09:35:25.900,5677.8000,2169,0,108947720.000,0,-,-,-,-,5676.6000,5676.0000,5675.2000,5675.0000,5674.8000,5679.4000,5679.6000,5680.8000,5681.4000,5685.2000,1,1,2,2,2,1,1,1,1,1
