市场代码,合约代码,时间,最新,持仓,增仓,成交额,成交量,开仓,平仓,成交类型,方向,买一价,买二价,买三价,买四价,买五价,卖一价,卖二价,卖三价,卖四价,卖五价,买一量,买二量,买三量,买四量,买五量,卖一量,卖二量,卖三量,卖四量,卖五量
SF,IC2006,2019-11-27 09:29:00.100,4626.0000,16678,0,0.000,0.000,-,-,-,-,4632.0000,4623.2000,4609.2000,4608.2000,4607.8000,4637.0000,4637.4000,4641.0000,4642.8000,4645.0000,1,1,1,1,1,1,2,1,1,1
SF,IC2006,2019-11-27 09:30:00.100,4631.0000,16679,1,926200.000,1,1,0,双开,S,4623.2000,4618.2000,4617.0000,4609.2000,4608.2000,4627.2000,4627.6000,4628.0000,4629.4000,4630.0000,1,1,1,1,1,1,1,1,1,3
SF,IC2006,2019-11-27 09:30:00.600,4627.2000,16678,-1,1851640.000,1,0,1,双平,S,4623.2000,4618.2000,4617.0000,4608.2000,4606.0000,4626.8000,4627.0000,4627.6000,4628.0000,4629.4000,1,1,1,1,1,2,3,1,1,1
SF,IC2006,2019-11-27 09:30:01.100,4624.0000,16677,-1,2776440.000,1,0,1,双平,S,4623.2000,4618.2000,4617.6000,4617.0000,4608.2000,4626.6000,4626.8000,4627.0000,4629.4000,4630.0000,1,1,5,1,1,1,2,1,1,3
SF,IC2006,2019-11-27 09:30:01.600,4623.2000,16678,1,3701080.000,1,1,0,双开,S,4618.2000,4617.6000,4617.0000,4608.2000,4606.0000,4626.6000,4626.8000,4627.0000,4629.4000,4630.0000,1,5,1,1,1,2,2,1,1,3
SF,IC2006,2019-11-27 09:30:02.100,4623.2000,16678,0,3701080.000,0,-,-,-,-,4618.6000,4618.4000,4618.2000,4617.6000,4617.0000,4626.6000,4626.8000,4627.0000,4629.4000,4630.0000,3,1,1,5,1,2,2,1,1,3
SF,IC2006,2019-11-27 09:30:02.600,4623.2000,16678,0,3701080.000,0,-,-,-,-,4618.8000,4618.4000,4618.2000,4617.6000,4617.0000,4622.2000,4625.6000,4626.6000,4626.8000,4627.0000,2,1,1,5,1,1,1,2,2,1
SF,IC2006,2019-11-27 09:30:03.100,4622.2000,16678,0,4625520.000,1,0,1,多换,S,4618.4000,4618.2000,4612.8000,4608.2000,4606.0000,4622.2000,4625.6000,4626.6000,4626.8000,4627.0000,1,1,5,1,1,1,1,1,2,1
SF,IC2006,2019-11-27 09:30:03.600,4622.2000,16678,0,4625520.000,0,-,-,-,-,4618.6000,4612.8000,4608.2000,4606.0000,4604.0000,4622.2000,4625.6000,4626.0000,4626.6000,4626.8000,1,5,1,1,1,1,1,1,1,2
SF,IC2006,2019-11-27 09:30:04.100,4622.2000,16678,0,4625520.000,0,-,-,-,-,4618.6000,4612.8000,4608.2000,4606.0000,4604.0000,4622.2000,4625.6000,4626.0000,4626.6000,4627.0000,1,5,1,1,1,1,1,1,1,1
SF,IC2006,2019-11-27 09:30:04.600,4622.2000,16678,0,4625520.000,0,-,-,-,-,4618.6000,4612.8000,4608.2000,4606.0000,4604.0000,4622.2000,4625.6000,4626.0000,4626.6000,4627.0000,1,5,1,1,1,1,1,1,1,1
SF,IC2006,2019-11-27 09:30:05.100,4622.2000,16678,0,4625520.000,0,-,-,-,-,4618.6000,4612.8000,4608.2000,4606.0000,4604.0000,4622.2000,4625.6000,4626.0000,4626.6000,4627.0000,1,5,1,1,1,3,1,1,1,1
SF,IC2006,2019-11-27 09:30:05.600,4622.2000,16678,0,4625520.000,0,-,-,-,-,4619.0000,4618.6000,4612.8000,4608.2000,4606.0000,4622.2000,4625.6000,4626.0000,4626.6000,4627.0000,1,1,5,1,1,3,1,1,1,1
SF,IC2006,2019-11-27 09:30:06.100,4619.0000,16677,-1,5549320.000,1,0,1,双平,S,4612.8000,4608.2000,4606.0000,4604.0000,4602.4000,4622.2000,4625.6000,4626.0000,4626.6000,4627.0000,5,1,1,1,1,3,1,1,1,1
SF,IC2006,2019-11-27 09:30:06.600,4619.0000,16677,0,5549320.000,0,-,-,-,-,4615.0000,4614.4000,4614.0000,4613.8000,4613.2000,4622.0000,4622.2000,4625.6000,4626.0000,4626.6000,3,1,3,2,2,2,3,1,1,1
SF,IC2006,2019-11-27 09:30:07.100,4619.0000,16677,0,5549320.000,0,-,-,-,-,4615.2000,4615.0000,4614.4000,4613.8000,4613.2000,4622.0000,4622.2000,4625.6000,4626.0000,4626.6000,2,3,1,2,2,2,3,1,1,1
SF,IC2006,2019-11-27 09:30:07.600,4619.0000,16677,0,5549320.000,0,-,-,-,-,4616.0000,4615.8000,4615.2000,4615.0000,4614.4000,4622.0000,4622.2000,4625.6000,4626.0000,4626.6000,1,1,2,3,1,2,3,1,1,1
SF,IC2006,2019-11-27 09:30:08.100,4619.0000,16677,0,5549320.000,0,-,-,-,-,4616.2000,4616.0000,4615.8000,4615.0000,4614.4000,4622.0000,4622.2000,4625.6000,4626.0000,4626.6000,1,1,1,1,1,2,3,1,1,1
SF,IC2006,2019-11-27 09:30:08.600,4619.0000,16677,0,5549320.000,0,-,-,-,-,4616.2000,4615.8000,4615.0000,4614.4000,4613.8000,4622.0000,4622.2000,4625.6000,4626.0000,4626.6000,1,1,1,1,2,2,1,1,1,1
SF,IC2006,2019-11-27 09:30:09.100,4619.0000,16677,0,5549320.000,0,-,-,-,-,4616.2000,4615.0000,4614.4000,4613.8000,4612.8000,4621.2000,4622.0000,4622.2000,4625.6000,4626.0000,1,1,1,2,5,1,2,1,1,1
SF,IC2006,2019-11-27 09:30:09.600,4619.0000,16677,0,5549320.000,0,-,-,-,-,4616.2000,4614.4000,4613.8000,4612.8000,4608.2000,4621.0000,4621.2000,4621.4000,4622.0000,4622.2000,1,1,2,5,1,3,1,1,1,1
SF,IC2006,2019-11-27 09:30:10.100,4619.0000,16677,0,5549320.000,0,-,-,-,-,4616.2000,4614.4000,4613.8000,4612.8000,4608.2000,4621.0000,4621.2000,4621.4000,4622.0000,4622.2000,1,1,2,5,1,3,1,1,1,1
SF,IC2006,2019-11-27 09:30:10.600,4619.0000,16677,0,5549320.000,0,-,-,-,-,4616.2000,4614.4000,4613.8000,4612.8000,4612.0000,4621.0000,4621.2000,4622.0000,4622.2000,4625.6000,1,1,2,5,1,3,1,1,1,1
SF,IC2006,2019-11-27 09:30:11.100,4619.0000,16677,0,5549320.000,0,-,-,-,-,4616.2000,4614.4000,4613.8000,4612.8000,4612.0000,4621.0000,4621.2000,4622.0000,4622.2000,4625.6000,1,1,2,5,1,3,1,1,1,1
SF,IC2006,2019-11-27 09:30:11.600,4619.0000,16677,0,5549320.000,0,-,-,-,-,4616.4000,4616.2000,4614.4000,4613.8000,4612.8000,4621.0000,4621.2000,4622.0000,4622.2000,4625.6000,1,1,1,2,5,3,1,1,1,1
SF,IC2006,2019-11-27 09:30:12.100,4619.0000,16677,0,5549320.000,0,-,-,-,-,4618.2000,4616.6000,4614.4000,4613.8000,4612.8000,4621.0000,4621.2000,4622.0000,4622.2000,4625.6000,1,1,1,2,5,3,1,1,1,1
SF,IC2006,2019-11-27 09:30:12.600,4618.2000,16677,0,6472960.000,1,0,1,多换,S,4618.4000,4614.4000,4613.8000,4612.8000,4612.0000,4621.0000,4621.2000,4622.0000,4622.2000,4625.6000,1,1,2,5,1,3,1,1,1,1
SF,IC2006,2019-11-27 09:30:13.100,4618.2000,16676,-1,7396600.000,1,0,1,双平,S,4614.4000,4613.8000,4612.8000,4612.0000,4608.2000,4618.2000,4621.0000,4621.2000,4622.0000,4622.2000,1,2,5,1,1,1,3,1,1,1
SF,IC2006,2019-11-27 09:30:13.600,4618.2000,16676,0,7396600.000,0,-,-,-,-,4614.6000,4613.8000,4612.8000,4612.0000,4608.2000,4618.2000,4621.0000,4621.2000,4622.0000,4622.2000,2,2,5,1,1,1,1,1,1,1
SF,IC2006,2019-11-27 09:30:14.100,4618.2000,16676,0,8320240.000,1,0,1,多换,S,4614.6000,4613.8000,4612.8000,4612.0000,4608.2000,4621.0000,4621.2000,4622.0000,4622.2000,4625.6000,2,2,5,1,1,1,1,1,1,1
SF,IC2006,2019-11-27 09:30:14.600,4618.2000,16676,0,8320240.000,0,-,-,-,-,4614.6000,4613.8000,4612.8000,4612.0000,4610.6000,4620.8000,4621.0000,4621.2000,4622.0000,4622.2000,2,2,5,1,1,2,1,1,1,1
SF,IC2006,2019-11-27 09:30:15.100,4618.2000,16676,0,8320240.000,0,-,-,-,-,4614.8000,4614.6000,4613.8000,4612.8000,4612.0000,4620.6000,4620.8000,4621.0000,4621.2000,4622.0000,1,2,2,5,1,1,2,1,1,1
SF,IC2006,2019-11-27 09:30:15.600,4620.4000,16676,0,9244320.000,1,0,1,多换,S,4615.0000,4614.8000,4613.8000,4612.8000,4612.0000,4619.8000,4620.4000,4620.6000,4621.0000,4622.0000,1,1,2,5,1,1,1,1,1,1
SF,IC2006,2019-11-27 09:30:16.100,4620.4000,16676,0,9244320.000,0,-,-,-,-,4615.4000,4615.0000,4614.8000,4613.8000,4612.8000,4619.4000,4619.6000,4619.8000,4620.2000,4620.6000,1,1,1,2,5,2,1,1,1,1
SF,IC2006,2019-11-27 09:30:16.600,4620.4000,16676,0,9244320.000,0,-,-,-,-,4615.6000,4615.4000,4615.2000,4614.8000,4613.8000,4619.4000,4619.6000,4619.8000,4620.2000,4620.6000,2,1,1,1,2,2,1,1,1,1
SF,IC2006,2019-11-27 09:30:17.100,4620.4000,16676,0,9244320.000,0,-,-,-,-,4615.6000,4615.4000,4615.2000,4614.8000,4613.8000,4619.4000,4619.6000,4620.2000,4620.6000,4621.0000,2,1,1,1,2,2,1,1,1,1
SF,IC2006,2019-11-27 09:30:17.600,4619.4000,16676,0,10168200.000,1,0,1,多换,S,4615.6000,4615.4000,4614.8000,4613.8000,4612.8000,4618.8000,4619.4000,4619.6000,4620.2000,4620.6000,2,1,1,2,5,1,1,1,1,1
SF,IC2006,2019-11-27 09:30:18.100,4619.4000,16676,0,10168200.000,0,-,-,-,-,4616.0000,4615.8000,4615.6000,4615.4000,4613.8000,4619.4000,4620.2000,4620.6000,4621.0000,4622.0000,1,1,2,1,2,1,1,1,1,1
SF,IC2006,2019-11-27 09:30:18.600,4619.4000,16676,0,11092080.000,1,0,1,多换,S,4616.2000,4616.0000,4615.8000,4615.4000,4613.8000,4620.6000,4621.0000,4622.0000,4622.2000,4625.6000,2,2,1,1,2,1,1,1,1,1
SF,IC2006,2019-11-27 09:30:19.100,4619.4000,16676,0,11092080.000,0,-,-,-,-,4616.2000,4615.8000,4615.4000,4613.8000,4612.8000,4620.6000,4621.0000,4622.0000,4622.2000,4625.6000,2,1,1,2,5,1,1,1,1,1
SF,IC2006,2019-11-27 09:30:19.600,4620.6000,16676,0,12016200.000,1,0,1,多换,S,4616.4000,4616.2000,4615.4000,4613.8000,4612.8000,4621.0000,4622.0000,4622.2000,4625.6000,4626.0000,1,2,1,2,5,1,1,1,1,1
SF,IC2006,2019-11-27 09:30:20.100,4620.6000,16676,0,12016200.000,0,-,-,-,-,4617.0000,4616.4000,4615.4000,4613.8000,4612.8000,4621.0000,4622.0000,4622.2000,4625.6000,4626.0000,3,1,1,2,5,1,1,1,1,1
SF,IC2006,2019-11-27 09:30:20.600,4620.6000,16676,0,12016200.000,0,-,-,-,-,4619.4000,4617.0000,4616.8000,4616.6000,4616.4000,4622.0000,4622.2000,4625.6000,4626.0000,4632.0000,1,3,3,1,1,1,1,1,1,5
SF,IC2006,2019-11-27 09:30:21.100,4620.6000,16676,0,12016200.000,0,-,-,-,-,4620.6000,4619.4000,4617.6000,4616.8000,4616.4000,4622.0000,4622.2000,4625.6000,4626.0000,4632.0000,1,1,1,3,1,1,1,1,1,5
SF,IC2006,2019-11-27 09:30:21.600,4620.6000,16676,0,12940320.000,1,0,1,多换,S,4619.4000,4617.6000,4616.8000,4616.4000,4613.8000,4620.4000,4622.0000,4622.2000,4625.6000,4626.0000,1,1,1,1,2,1,1,1,1,1
SF,IC2006,2019-11-27 09:30:22.100,4620.6000,16676,0,12940320.000,0,-,-,-,-,4619.4000,4617.6000,4616.8000,4613.8000,4612.8000,4622.0000,4622.2000,4625.6000,4626.0000,4630.2000,1,1,1,2,5,1,1,1,1,1
SF,IC2006,2019-11-27 09:30:22.600,4620.6000,16676,0,12940320.000,0,-,-,-,-,4619.4000,4616.8000,4613.8000,4612.8000,4612.0000,4622.0000,4622.2000,4625.6000,4626.0000,4630.2000,1,1,2,5,1,1,1,1,1,1
SF,IC2006,2019-11-27 09:30:23.100,4620.6000,16676,0,12940320.000,0,-,-,-,-,4619.4000,4616.8000,4613.8000,4612.8000,4612.0000,4621.6000,4622.0000,4622.2000,4625.6000,4626.0000,1,1,2,5,1,1,1,1,1,1
SF,IC2006,2019-11-27 09:30:24.100,4620.6000,16676,0,12940320.000,0,-,-,-,-,4619.4000,4616.8000,4613.8000,4612.8000,4612.0000,4621.6000,4622.0000,4622.2000,4625.6000,4626.0000,1,1,2,5,1,1,1,1,2,1
SF,IC2006,2019-11-27 09:30:24.600,4620.6000,16676,0,12940320.000,0,-,-,-,-,4619.6000,4619.4000,4616.8000,4613.8000,4612.8000,4621.6000,4622.0000,4622.2000,4625.6000,4626.0000,1,1,1,2,5,1,1,1,2,1
SF,IC2006,2019-11-27 09:30:25.100,4620.6000,16676,0,12940320.000,0,-,-,-,-,4619.6000,4619.4000,4616.8000,4613.8000,4612.8000,4622.0000,4622.2000,4625.6000,4626.0000,4630.2000,1,1,1,2,5,1,1,2,1,1
SF,IC2006,2019-11-27 09:30:25.600,4620.6000,16676,0,12940320.000,0,-,-,-,-,4619.6000,4619.4000,4616.8000,4613.8000,4612.8000,4622.2000,4625.6000,4626.0000,4630.2000,4632.0000,1,1,1,2,5,1,2,1,1,5
SF,IC2006,2019-11-27 09:30:26.100,4620.6000,16676,0,12940320.000,0,-,-,-,-,4619.6000,4619.4000,4616.8000,4613.8000,4612.8000,4622.2000,4625.6000,4626.0000,4630.2000,4632.0000,1,1,1,2,5,1,2,1,1,5
SF,IC2006,2019-11-27 09:30:26.600,4620.6000,16676,0,12940320.000,0,-,-,-,-,4619.6000,4619.4000,4616.8000,4613.8000,4612.8000,4622.0000,4622.2000,4625.6000,4626.0000,4630.2000,1,1,1,2,5,1,1,2,1,1
SF,IC2006,2019-11-27 09:30:28.100,4620.6000,16676,0,12940320.000,0,-,-,-,-,4619.6000,4619.4000,4616.8000,4613.8000,4612.8000,4622.2000,4625.6000,4626.0000,4630.2000,4632.0000,1,1,1,2,5,1,1,1,1,5
SF,IC2006,2019-11-27 09:30:28.600,4622.2000,16676,0,13864760.000,1,0,1,多换,S,4619.6000,4619.4000,4616.8000,4613.8000,4612.8000,4625.6000,4626.0000,4630.2000,4632.0000,4635.0000,1,1,1,2,5,1,1,1,5,2
SF,IC2006,2019-11-27 09:30:29.100,4622.2000,16676,0,13864760.000,0,-,-,-,-,4619.6000,4619.4000,4616.8000,4613.8000,4612.8000,4625.0000,4625.4000,4625.6000,4626.0000,4630.2000,1,1,1,2,5,1,3,2,1,1
SF,IC2006,2019-11-27 09:30:29.600,4622.2000,16676,0,13864760.000,0,-,-,-,-,4619.6000,4619.4000,4616.8000,4613.8000,4612.8000,4623.2000,4624.8000,4625.4000,4625.6000,4626.0000,1,1,1,1,5,1,2,1,2,1
SF,IC2006,2019-11-27 09:30:30.100,4623.2000,16675,-1,14789400.000,1,0,1,双平,S,4620.0000,4619.6000,4616.8000,4613.8000,4612.8000,4624.8000,4625.4000,4625.6000,4630.2000,4632.0000,1,1,1,1,5,1,1,1,1,5
SF,IC2006,2019-11-27 09:30:30.600,4623.2000,16675,0,14789400.000,0,-,-,-,-,4620.2000,4620.0000,4616.8000,4613.8000,4612.8000,4624.6000,4625.4000,4625.6000,4630.2000,4632.0000,1,1,1,1,5,1,1,1,1,5
SF,IC2006,2019-11-27 09:30:31.100,4623.2000,16675,0,14789400.000,0,-,-,-,-,4620.2000,4620.0000,4616.8000,4613.8000,4612.8000,4624.6000,4625.4000,4625.6000,4626.2000,4630.2000,1,1,1,1,5,1,1,1,3,1
SF,IC2006,2019-11-27 09:30:31.600,4623.2000,16675,0,14789400.000,0,-,-,-,-,4620.2000,4620.0000,4616.8000,4613.8000,4612.8000,4625.4000,4625.6000,4626.2000,4630.2000,4632.0000,1,1,1,1,5,1,1,3,1,5
SF,IC2006,2019-11-27 09:30:32.100,4623.2000,16675,0,14789400.000,0,-,-,-,-,4620.2000,4616.8000,4613.8000,4612.8000,4612.0000,4625.2000,4625.4000,4625.6000,4626.2000,4630.2000,1,1,1,5,1,1,1,1,3,1
SF,IC2006,2019-11-27 09:30:32.600,4623.2000,16675,0,14789400.000,0,-,-,-,-,4620.2000,4616.8000,4613.8000,4612.8000,4612.0000,4625.0000,4625.2000,4625.4000,4625.6000,4626.2000,1,1,1,5,1,1,1,1,1,3
SF,IC2006,2019-11-27 09:30:33.100,4623.2000,16675,0,14789400.000,0,-,-,-,-,4620.6000,4620.2000,4616.8000,4615.0000,4613.8000,4624.8000,4625.0000,4625.4000,4625.6000,4626.2000,1,1,1,1,1,1,1,1,1,3
SF,IC2006,2019-11-27 09:30:33.600,4623.2000,16675,0,14789400.000,0,-,-,-,-,4620.8000,4620.6000,4616.8000,4615.0000,4613.8000,4624.8000,4625.0000,4625.4000,4625.6000,4626.2000,1,1,1,1,1,1,1,1,1,3
SF,IC2006,2019-11-27 09:30:34.100,4624.6000,16674,-1,15714320.000,1,0,1,双平,S,4620.8000,4620.6000,4616.8000,4615.0000,4613.8000,4624.8000,4625.0000,4625.4000,4625.6000,4626.2000,1,1,1,1,1,1,1,1,1,3
SF,IC2006,2019-11-27 09:30:34.600,4624.6000,16674,0,15714320.000,0,-,-,-,-,4621.0000,4620.8000,4620.6000,4619.0000,4616.8000,4624.6000,4624.8000,4625.0000,4625.4000,4625.6000,2,1,1,1,1,1,1,1,1,1
SF,IC2006,2019-11-27 09:30:35.100,4624.6000,16674,0,15714320.000,0,-,-,-,-,4621.0000,4619.0000,4616.8000,4615.0000,4613.8000,4624.4000,4624.6000,4625.0000,4625.4000,4625.6000,1,1,1,1,1,1,1,1,1,1
SF,IC2006,2019-11-27 09:30:35.600,4624.6000,16674,0,15714320.000,0,-,-,-,-,4620.0000,4619.0000,4616.8000,4615.0000,4613.8000,4624.2000,4624.4000,4624.6000,4625.0000,4625.4000,1,1,1,1,1,1,1,1,1,1
SF,IC2006,2019-11-27 09:30:36.100,4624.6000,16674,0,15714320.000,0,-,-,-,-,4620.2000,4620.0000,4619.0000,4616.8000,4615.0000,4624.0000,4624.2000,4624.6000,4625.0000,4625.4000,1,1,1,1,1,1,1,1,1,1
SF,IC2006,2019-11-27 09:30:36.600,4624.0000,16673,-1,16639120.000,1,0,1,双平,S,4620.2000,4620.0000,4619.0000,4616.8000,4615.0000,4623.6000,4623.8000,4624.0000,4624.2000,4624.6000,1,1,1,1,1,1,1,1,1,1
SF,IC2006,2019-11-27 09:30:37.100,4624.0000,16673,0,16639120.000,0,-,-,-,-,4620.2000,4620.0000,4619.0000,4616.8000,4615.0000,4623.4000,4623.6000,4623.8000,4624.2000,4624.6000,1,1,1,1,1,2,1,1,1,1
SF,IC2006,2019-11-27 09:30:37.600,4624.0000,16673,0,16639120.000,0,-,-,-,-,4620.2000,4620.0000,4619.0000,4616.8000,4615.0000,4623.4000,4623.8000,4624.2000,4624.6000,4625.0000,1,1,1,1,1,2,1,1,1,1
SF,IC2006,2019-11-27 09:30:38.100,4624.0000,16673,0,16639120.000,0,-,-,-,-,4620.0000,4619.0000,4616.8000,4615.0000,4613.8000,4620.2000,4622.8000,4623.4000,4623.8000,4624.2000,1,1,1,1,1,1,1,2,1,1
SF,IC2006,2019-11-27 09:30:38.600,4620.0000,16673,0,17563120.000,1,0,1,多换,S,4619.0000,4616.8000,4615.0000,4613.8000,4612.8000,4620.0000,4622.8000,4623.0000,4623.4000,4623.8000,1,1,1,1,5,1,1,1,1,1
SF,IC2006,2019-11-27 09:30:39.100,4620.0000,16673,0,17563120.000,0,-,-,-,-,4619.0000,4616.8000,4615.0000,4613.8000,4612.8000,4622.8000,4623.0000,4623.4000,4623.8000,4624.0000,1,1,1,1,5,1,1,1,1,1
SF,IC2006,2019-11-27 09:30:39.600,4620.0000,16673,0,17563120.000,0,-,-,-,-,4620.0000,4619.2000,4619.0000,4616.8000,4615.0000,4622.6000,4622.8000,4623.0000,4623.4000,4623.8000,1,1,1,1,1,1,2,1,1,1
SF,IC2006,2019-11-27 09:30:40.100,4620.0000,16673,0,17563120.000,0,-,-,-,-,4619.0000,4616.8000,4615.0000,4613.8000,4612.8000,4622.6000,4622.8000,4623.0000,4623.4000,4623.8000,1,1,1,1,5,1,2,1,1,1
SF,IC2006,2019-11-27 09:30:40.600,4620.0000,16673,0,17563120.000,0,-,-,-,-,4619.2000,4619.0000,4616.8000,4615.0000,4613.8000,4622.6000,4622.8000,4623.0000,4623.4000,4623.8000,1,1,1,1,1,1,1,1,1,1
SF,IC2006,2019-11-27 09:30:41.100,4620.0000,16673,0,17563120.000,0,-,-,-,-,4619.2000,4619.0000,4616.8000,4615.0000,4613.8000,4622.6000,4623.0000,4623.4000,4623.8000,4624.0000,1,1,1,1,1,1,1,1,1,1
SF,IC2006,2019-11-27 09:30:42.600,4619.2000,16673,0,18486960.000,1,0,1,多换,S,4619.0000,4617.4000,4616.8000,4615.0000,4613.8000,4622.6000,4623.0000,4623.4000,4623.8000,4624.0000,1,1,1,1,1,1,1,1,1,1
SF,IC2006,2019-11-27 09:30:43.100,4619.2000,16673,0,18486960.000,0,-,-,-,-,4619.0000,4616.8000,4615.0000,4613.8000,4612.8000,4622.6000,4623.0000,4623.4000,4623.8000,4624.0000,1,1,1,1,5,1,1,1,1,1
SF,IC2006,2019-11-27 09:30:43.600,4619.2000,16673,0,18486960.000,0,-,-,-,-,4619.0000,4616.8000,4615.0000,4613.8000,4612.8000,4622.2000,4622.4000,4622.6000,4623.4000,4623.8000,1,1,1,1,5,1,2,1,1,1
SF,IC2006,2019-11-27 09:30:44.100,4619.2000,16673,0,18486960.000,0,-,-,-,-,4619.0000,4616.8000,4615.0000,4613.8000,4612.8000,4622.0000,4622.2000,4622.4000,4623.4000,4623.8000,1,1,1,1,5,2,1,2,1,1
SF,IC2006,2019-11-27 09:30:44.600,4619.2000,16673,0,18486960.000,0,-,-,-,-,4619.0000,4616.8000,4615.0000,4613.8000,4612.8000,4622.0000,4622.2000,4622.4000,4623.4000,4623.8000,1,1,1,1,5,3,1,2,1,1
SF,IC2006,2019-11-27 09:30:45.100,4619.2000,16673,0,18486960.000,0,-,-,-,-,4619.0000,4616.8000,4615.0000,4613.8000,4612.8000,4621.8000,4622.4000,4623.4000,4623.8000,4624.0000,1,1,1,1,5,1,2,1,1,1
SF,IC2006,2019-11-27 09:30:46.100,4619.2000,16673,0,18486960.000,0,-,-,-,-,4619.2000,4619.0000,4616.8000,4615.0000,4613.8000,4621.8000,4622.4000,4623.4000,4623.8000,4624.0000,1,1,1,1,1,1,1,1,1,1
SF,IC2006,2019-11-27 09:30:46.600,4619.2000,16673,0,18486960.000,0,-,-,-,-,4619.2000,4619.0000,4616.8000,4615.0000,4613.8000,4621.8000,4622.4000,4623.4000,4623.8000,4624.0000,2,1,1,1,1,1,1,1,1,1
SF,IC2006,2019-11-27 09:30:47.100,4619.2000,16673,0,18486960.000,0,-,-,-,-,4619.2000,4619.0000,4615.0000,4613.8000,4612.8000,4621.8000,4622.4000,4623.4000,4623.8000,4624.0000,1,1,1,1,5,1,1,1,1,1
SF,IC2006,2019-11-27 09:30:47.600,4621.8000,16673,0,19411320.000,1,0,1,多换,S,4619.2000,4619.0000,4618.0000,4615.0000,4613.8000,4623.0000,4623.4000,4623.8000,4624.0000,4624.2000,1,1,1,1,1,1,1,1,1,1
SF,IC2006,2019-11-27 09:30:48.100,4621.8000,16673,0,19411320.000,0,-,-,-,-,4619.0000,4615.0000,4613.8000,4612.8000,4612.0000,4622.8000,4623.0000,4623.4000,4623.8000,4624.0000,1,1,1,5,1,1,1,1,1,1
SF,IC2006,2019-11-27 09:30:48.600,4621.8000,16673,0,19411320.000,0,-,-,-,-,4619.2000,4619.0000,4615.0000,4613.8000,4612.8000,4622.6000,4622.8000,4623.4000,4623.8000,4624.2000,1,1,1,1,5,1,1,1,1,1
SF,IC2006,2019-11-27 09:30:49.100,4621.8000,16673,0,19411320.000,0,-,-,-,-,4619.2000,4619.0000,4615.0000,4613.8000,4612.8000,4622.6000,4622.8000,4623.4000,4623.8000,4624.2000,1,1,1,1,5,1,1,1,1,1
SF,IC2006,2019-11-27 09:30:50.100,4621.8000,16673,0,19411320.000,0,-,-,-,-,4619.2000,4619.0000,4615.0000,4613.8000,4612.8000,4622.6000,4623.4000,4623.8000,4624.2000,4625.6000,1,1,1,1,5,1,1,1,1,1
SF,IC2006,2019-11-27 09:30:50.600,4621.8000,16673,0,19411320.000,0,-,-,-,-,4619.4000,4619.2000,4619.0000,4615.0000,4613.8000,4622.4000,4622.6000,4623.4000,4623.8000,4624.2000,1,1,1,1,1,1,1,1,1,1
SF,IC2006,2019-11-27 09:30:51.100,4621.8000,16673,0,19411320.000,0,-,-,-,-,4619.6000,4619.4000,4619.0000,4615.0000,4613.8000,4623.4000,4623.8000,4624.2000,4625.6000,4630.2000,1,1,1,1,1,1,1,1,1,1
SF,IC2006,2019-11-27 09:30:51.600,4621.8000,16673,0,19411320.000,0,-,-,-,-,4619.6000,4619.4000,4619.0000,4615.0000,4613.8000,4623.2000,4623.4000,4623.8000,4624.2000,4625.6000,1,1,1,1,1,1,1,1,1,1
SF,IC2006,2019-11-27 09:30:52.100,4621.8000,16673,0,19411320.000,0,-,-,-,-,4619.8000,4619.6000,4619.4000,4619.0000,4615.0000,4623.8000,4624.2000,4625.6000,4630.2000,4632.0000,1,1,1,1,1,1,1,1,1,5
SF,IC2006,2019-11-27 09:30:52.600,4621.8000,16673,0,19411320.000,0,-,-,-,-,4622.4000,4620.0000,4619.8000,4619.0000,4615.0000,4623.6000,4623.8000,4624.2000,4625.6000,4630.2000,1,1,1,1,1,1,1,1,1,1
SF,IC2006,2019-11-27 09:30:53.100,4622.4000,16673,0,20335800.000,1,0,1,多换,S,4619.8000,4619.0000,4615.0000,4613.8000,4612.8000,4623.6000,4623.8000,4624.2000,4625.6000,4625.8000,1,1,1,1,5,1,1,1,1,3
SF,IC2006,2019-11-27 09:30:53.600,4622.4000,16673,0,20335800.000,0,-,-,-,-,4620.0000,4619.8000,4619.0000,4615.0000,4613.8000,4623.6000,4623.8000,4624.2000,4625.6000,4625.8000,1,1,1,1,1,1,1,1,1,3
SF,IC2006,2019-11-27 09:30:54.100,4622.4000,16673,0,20335800.000,0,-,-,-,-,4620.4000,4620.0000,4619.8000,4619.0000,4615.0000,4623.6000,4623.8000,4624.2000,4625.6000,4625.8000,1,1,1,1,1,1,1,1,1,3
SF,IC2006,2019-11-27 09:30:54.600,4622.4000,16673,0,20335800.000,0,-,-,-,-,4620.6000,4620.4000,4619.8000,4619.0000,4615.0000,4623.6000,4624.2000,4625.6000,4625.8000,4626.0000,1,1,1,1,1,1,1,1,3,1
SF,IC2006,2019-11-27 09:30:57.100,4622.4000,16673,0,20335800.000,0,-,-,-,-,4620.6000,4620.4000,4619.0000,4615.0000,4613.8000,4623.4000,4623.6000,4624.2000,4625.6000,4625.8000,1,1,1,1,1,1,1,1,1,3
SF,IC2006,2019-11-27 09:30:57.600,4622.4000,16673,0,20335800.000,0,-,-,-,-,4619.0000,4615.0000,4613.8000,4612.8000,4612.0000,4623.2000,4624.2000,4625.6000,4625.8000,4626.0000,1,1,1,5,1,1,1,1,3,1
SF,IC2006,2019-11-27 09:30:58.100,4622.4000,16673,0,20335800.000,0,-,-,-,-,4619.2000,4619.0000,4615.0000,4613.8000,4612.8000,4623.2000,4624.2000,4625.6000,4625.8000,4626.0000,1,1,1,1,5,1,1,1,3,1
SF,IC2006,2019-11-27 09:30:59.100,4622.4000,16673,0,20335800.000,0,-,-,-,-,4619.2000,4619.0000,4615.0000,4613.8000,4612.8000,4622.4000,4623.2000,4624.2000,4625.8000,4626.0000,1,1,1,1,5,1,1,1,3,1
SF,IC2006,2019-11-27 09:30:59.600,4622.4000,16673,0,20335800.000,0,-,-,-,-,4619.2000,4619.0000,4615.0000,4613.8000,4612.8000,4622.4000,4624.2000,4625.8000,4626.0000,4630.2000,1,1,1,1,5,1,1,3,1,1
SF,IC2006,2019-11-27 09:31:00.100,4622.4000,16672,-1,21260280.000,1,0,1,双平,S,4619.2000,4619.0000,4615.0000,4613.8000,4612.8000,4622.4000,4624.2000,4625.8000,4626.0000,4630.2000,1,1,1,1,5,1,2,3,1,1
SF,IC2006,2019-11-27 09:31:00.600,4622.4000,16672,0,21260280.000,0,-,-,-,-,4619.2000,4619.0000,4615.0000,4613.8000,4612.8000,4622.4000,4624.2000,4625.8000,4626.0000,4630.2000,1,1,1,1,5,1,1,3,1,1
SF,IC2006,2019-11-27 09:31:01.100,4622.4000,16672,0,21260280.000,0,-,-,-,-,4619.2000,4619.0000,4615.0000,4613.8000,4612.8000,4622.2000,4622.4000,4624.2000,4625.8000,4626.0000,1,1,1,1,5,1,1,1,3,1
SF,IC2006,2019-11-27 09:31:01.600,4622.4000,16672,0,21260280.000,0,-,-,-,-,4619.2000,4619.0000,4615.0000,4613.8000,4612.8000,4622.2000,4622.4000,4624.2000,4625.8000,4626.0000,1,1,1,1,5,2,1,1,3,1
SF,IC2006,2019-11-27 09:31:02.100,4622.4000,16672,0,21260280.000,0,-,-,-,-,4619.2000,4619.0000,4615.0000,4613.8000,4612.8000,4621.8000,4622.0000,4622.4000,4624.2000,4625.8000,1,1,1,1,5,1,1,1,1,3
SF,IC2006,2019-11-27 09:31:02.600,4622.4000,16672,0,21260280.000,0,-,-,-,-,4619.2000,4619.0000,4615.0000,4613.8000,4612.8000,4622.0000,4622.4000,4624.2000,4625.8000,4626.0000,1,1,1,1,5,1,1,1,3,1
SF,IC2006,2019-11-27 09:31:03.100,4622.4000,16672,0,21260280.000,0,-,-,-,-,4619.2000,4619.0000,4615.0000,4613.8000,4612.8000,4622.0000,4622.4000,4624.2000,4625.8000,4626.0000,1,1,1,1,5,1,1,1,3,1
SF,IC2006,2019-11-27 09:31:05.100,4622.4000,16672,0,21260280.000,0,-,-,-,-,4619.2000,4619.0000,4615.0000,4613.8000,4612.8000,4622.0000,4622.4000,4624.2000,4625.8000,4626.0000,1,1,1,1,5,1,1,1,3,1
SF,IC2006,2019-11-27 09:31:06.100,4622.4000,16672,0,21260280.000,0,-,-,-,-,4619.4000,4619.2000,4619.0000,4615.0000,4613.8000,4622.0000,4622.4000,4624.2000,4625.8000,4626.0000,1,1,1,1,1,1,1,1,3,1
SF,IC2006,2019-11-27 09:31:06.600,4622.4000,16672,0,21260280.000,0,-,-,-,-,4619.6000,4619.0000,4615.0000,4613.8000,4612.8000,4622.4000,4624.2000,4625.8000,4626.0000,4630.2000,1,1,1,1,5,1,1,3,1,1
SF,IC2006,2019-11-27 09:31:07.100,4622.4000,16672,0,21260280.000,0,-,-,-,-,4619.6000,4619.0000,4615.0000,4613.8000,4612.8000,4621.6000,4622.2000,4622.4000,4624.2000,4625.8000,1,1,1,1,5,1,1,1,1,3
SF,IC2006,2019-11-27 09:31:07.600,4619.6000,16671,-1,22184200.000,1,0,1,双平,S,4619.0000,4617.6000,4615.0000,4613.8000,4612.8000,4621.6000,4622.2000,4622.4000,4622.6000,4624.2000,1,1,1,1,5,1,1,1,1,1
SF,IC2006,2019-11-27 09:31:08.100,4619.6000,16671,0,22184200.000,0,-,-,-,-,4619.0000,4615.0000,4613.8000,4612.8000,4612.0000,4621.4000,4621.6000,4622.2000,4622.4000,4624.2000,1,1,1,5,1,2,1,2,1,1
SF,IC2006,2019-11-27 09:31:08.600,4619.6000,16671,0,22184200.000,0,-,-,-,-,4619.0000,4615.0000,4613.8000,4612.8000,4612.0000,4621.4000,4621.6000,4622.2000,4622.4000,4624.2000,1,1,1,5,1,2,1,2,1,1
SF,IC2006,2019-11-27 09:31:09.100,4619.6000,16671,0,22184200.000,0,-,-,-,-,4619.0000,4615.0000,4613.8000,4612.8000,4612.0000,4621.2000,4621.6000,4622.2000,4622.4000,4624.2000,1,1,1,5,1,1,1,1,1,1
SF,IC2006,2019-11-27 09:31:09.600,4619.6000,16671,0,22184200.000,0,-,-,-,-,4619.0000,4615.0000,4613.8000,4612.8000,4612.0000,4621.2000,4622.2000,4622.4000,4624.2000,4626.0000,1,1,1,5,1,1,1,1,1,1
SF,IC2006,2019-11-27 09:31:11.100,4619.6000,16671,0,22184200.000,0,-,-,-,-,4619.0000,4615.0000,4613.8000,4612.8000,4612.0000,4621.2000,4622.4000,4624.2000,4626.0000,4630.2000,1,1,1,5,1,1,1,1,1,1
SF,IC2006,2019-11-27 09:31:11.600,4619.6000,16671,0,22184200.000,0,-,-,-,-,4619.0000,4615.0000,4613.8000,4612.8000,4612.0000,4621.0000,4621.2000,4622.4000,4624.2000,4626.0000,1,1,1,5,1,1,1,1,1,1
SF,IC2006,2019-11-27 09:31:12.100,4619.6000,16671,0,22184200.000,0,-,-,-,-,4619.0000,4615.0000,4613.8000,4612.8000,4612.0000,4621.0000,4621.2000,4622.4000,4624.2000,4626.0000,1,1,1,5,1,1,1,1,1,1
SF,IC2006,2019-11-27 09:31:12.600,4619.6000,16671,0,22184200.000,0,-,-,-,-,4619.0000,4615.0000,4613.8000,4612.8000,4612.0000,4621.2000,4622.4000,4624.2000,4626.0000,4630.2000,1,1,1,5,1,1,1,1,1,1
SF,IC2006,2019-11-27 09:31:13.100,4619.6000,16671,0,22184200.000,0,-,-,-,-,4619.2000,4619.0000,4615.0000,4613.8000,4612.8000,4621.2000,4622.4000,4624.2000,4626.0000,4630.2000,1,1,1,1,5,1,1,1,1,1
SF,IC2006,2019-11-27 09:31:13.600,4619.6000,16671,0,22184200.000,0,-,-,-,-,4619.2000,4619.0000,4615.0000,4613.8000,4612.8000,4621.2000,4622.4000,4624.2000,4626.0000,4630.2000,1,1,1,1,5,1,1,1,1,1
SF,IC2006,2019-11-27 09:31:14.600,4621.2000,16670,-1,23108440.000,1,0,1,双平,S,4619.2000,4619.0000,4615.0000,4613.8000,4612.8000,4622.4000,4624.2000,4626.0000,4630.2000,4632.0000,1,1,1,1,5,1,1,1,1,5
SF,IC2006,2019-11-27 09:31:15.100,4621.2000,16670,0,23108440.000,0,-,-,-,-,4619.4000,4619.2000,4619.0000,4615.0000,4613.8000,4622.4000,4624.2000,4626.0000,4630.2000,4632.0000,2,1,1,1,1,1,1,1,1,5
SF,IC2006,2019-11-27 09:31:15.600,4619.6000,16670,0,24032360.000,1,0,1,多换,S,4619.4000,4619.0000,4617.6000,4615.0000,4613.8000,4622.4000,4622.6000,4624.2000,4626.0000,4630.2000,2,1,1,1,1,1,1,1,1,1
SF,IC2006,2019-11-27 09:31:16.100,4619.6000,16670,0,24032360.000,0,-,-,-,-,4619.4000,4619.0000,4615.0000,4613.8000,4612.8000,4622.2000,4622.4000,4624.2000,4626.0000,4630.2000,2,1,1,1,5,2,1,1,1,1
SF,IC2006,2019-11-27 09:31:16.600,4619.6000,16670,0,24032360.000,0,-,-,-,-,4619.4000,4619.0000,4615.0000,4613.8000,4612.8000,4622.2000,4622.4000,4624.2000,4626.0000,4630.2000,2,1,1,1,5,3,1,1,1,1
SF,IC2006,2019-11-27 09:31:17.100,4619.6000,16670,0,24032360.000,0,-,-,-,-,4619.4000,4619.0000,4615.0000,4613.8000,4612.8000,4622.2000,4622.4000,4624.2000,4626.0000,4630.2000,1,1,1,1,5,3,1,1,1,1
SF,IC2006,2019-11-27 09:31:18.600,4619.6000,16670,0,24032360.000,0,-,-,-,-,4619.4000,4619.0000,4615.0000,4613.8000,4612.8000,4622.2000,4622.4000,4624.2000,4626.0000,4630.2000,1,1,1,1,5,2,1,1,1,1
SF,IC2006,2019-11-27 09:31:19.600,4619.6000,16670,0,24032360.000,0,-,-,-,-,4619.6000,4619.4000,4619.0000,4615.0000,4613.8000,4622.2000,4622.4000,4624.2000,4626.0000,4630.2000,1,1,1,1,1,2,1,1,1,1
SF,IC2006,2019-11-27 09:31:20.100,4619.6000,16670,0,24032360.000,0,-,-,-,-,4619.8000,4619.6000,4619.0000,4615.0000,4613.8000,4622.2000,4622.4000,4624.2000,4626.0000,4630.2000,1,1,1,1,1,2,1,1,1,1
SF,IC2006,2019-11-27 09:31:20.600,4619.6000,16670,0,24032360.000,0,-,-,-,-,4619.8000,4619.6000,4619.0000,4615.0000,4613.8000,4622.2000,4622.4000,4624.2000,4626.0000,4630.2000,1,1,1,1,1,2,1,1,1,1
SF,IC2006,2019-11-27 09:31:21.100,4619.6000,16670,0,24032360.000,0,-,-,-,-,4619.8000,4619.6000,4619.0000,4615.0000,4613.8000,4622.2000,4622.4000,4624.2000,4626.0000,4630.2000,1,1,1,1,1,2,1,1,1,1
SF,IC2006,2019-11-27 09:31:22.100,4619.6000,16670,0,24032360.000,0,-,-,-,-,4620.8000,4619.8000,4619.6000,4619.0000,4615.0000,4622.0000,4622.2000,4622.4000,4624.2000,4626.0000,1,1,1,1,1,1,2,1,1,1
SF,IC2006,2019-11-27 09:31:22.600,4620.8000,16669,-1,25880680.000,2,0,2,多平,S,4619.6000,4619.0000,4615.0000,4613.8000,4612.8000,4620.4000,4620.8000,4621.8000,4622.0000,4622.4000,1,1,1,1,5,1,1,2,1,1
SF,IC2006,2019-11-27 09:31:23.100,4620.8000,16669,0,25880680.000,0,-,-,-,-,4619.6000,4619.0000,4615.0000,4613.8000,4612.8000,4620.8000,4622.0000,4622.4000,4624.2000,4626.0000,1,1,1,1,5,1,1,1,1,1
SF,IC2006,2019-11-27 09:31:25.600,4619.6000,16669,0,26804600.000,1,0,1,多换,S,4619.0000,4615.0000,4613.8000,4612.8000,4612.0000,4622.0000,4622.4000,4624.2000,4626.0000,4630.2000,1,1,1,5,1,1,1,1,1,1
SF,IC2006,2019-11-27 09:31:26.100,4619.6000,16669,0,26804600.000,0,-,-,-,-,4619.0000,4615.0000,4613.8000,4612.8000,4612.0000,4621.8000,4622.0000,4622.4000,4624.2000,4626.0000,1,1,1,5,1,2,1,1,1,1
SF,IC2006,2019-11-27 09:31:26.600,4619.6000,16669,0,26804600.000,0,-,-,-,-,4619.0000,4615.0000,4613.8000,4612.8000,4612.0000,4621.6000,4621.8000,4622.0000,4622.4000,4624.2000,1,1,1,5,1,1,2,1,1,1
SF,IC2006,2019-11-27 09:31:27.100,4619.6000,16669,0,26804600.000,0,-,-,-,-,4619.0000,4615.0000,4613.8000,4612.8000,4612.0000,4621.4000,4621.6000,4622.0000,4622.4000,4624.2000,1,1,1,5,1,1,1,1,1,1
SF,IC2006,2019-11-27 09:31:27.600,4619.6000,16669,0,26804600.000,0,-,-,-,-,4619.4000,4619.0000,4615.0000,4613.8000,4612.8000,4621.2000,4621.4000,4621.6000,4622.0000,4622.4000,1,1,1,1,5,1,1,1,1,1
SF,IC2006,2019-11-27 09:31:28.100,4619.4000,16668,-1,27728480.000,1,0,1,双平,S,4619.0000,4615.0000,4613.8000,4612.8000,4612.0000,4621.0000,4621.2000,4621.6000,4622.0000,4622.4000,1,1,1,5,1,2,1,1,1,1
SF,IC2006,2019-11-27 09:31:28.600,4619.4000,16668,0,27728480.000,0,-,-,-,-,4619.0000,4615.0000,4613.8000,4612.8000,4612.0000,4620.8000,4621.0000,4621.2000,4621.6000,4622.0000,1,1,1,5,1,1,2,1,1,1
SF,IC2006,2019-11-27 09:31:29.100,4619.4000,16668,0,27728480.000,0,-,-,-,-,4619.0000,4615.0000,4613.8000,4612.8000,4612.0000,4620.6000,4620.8000,4621.2000,4621.6000,4622.0000,1,1,1,5,1,1,1,1,1,1
SF,IC2006,2019-11-27 09:31:30.600,4619.4000,16668,0,27728480.000,0,-,-,-,-,4619.0000,4615.0000,4613.8000,4612.8000,4612.0000,4620.4000,4620.6000,4620.8000,4621.2000,4621.6000,1,1,1,5,1,1,1,1,1,1
SF,IC2006,2019-11-27 09:31:31.100,4620.4000,16668,0,28652560.000,1,0,1,多换,S,4619.0000,4615.0000,4613.8000,4612.8000,4612.0000,4620.8000,4621.2000,4621.6000,4622.0000,4622.4000,1,1,1,5,1,1,1,1,1,1
SF,IC2006,2019-11-27 09:31:31.600,4620.4000,16668,0,28652560.000,0,-,-,-,-,4619.0000,4615.0000,4613.8000,4612.8000,4612.0000,4620.6000,4621.6000,4622.0000,4622.4000,4626.0000,1,1,1,5,1,2,1,1,1,1
SF,IC2006,2019-11-27 09:31:32.100,4620.4000,16668,0,28652560.000,0,-,-,-,-,4619.0000,4615.0000,4613.8000,4612.8000,4612.0000,4620.4000,4620.6000,4621.6000,4622.0000,4622.4000,1,1,1,5,1,1,2,1,1,1
SF,IC2006,2019-11-27 09:31:32.600,4620.4000,16668,0,28652560.000,0,-,-,-,-,4619.0000,4615.0000,4613.8000,4612.8000,4612.0000,4620.2000,4620.4000,4620.6000,4621.6000,4622.0000,1,1,1,5,1,1,1,1,1,1
SF,IC2006,2019-11-27 09:31:33.100,4620.4000,16668,0,28652560.000,0,-,-,-,-,4619.0000,4615.0000,4613.8000,4612.8000,4612.0000,4620.2000,4620.4000,4620.6000,4621.6000,4622.0000,1,1,1,5,1,1,1,1,1,1
SF,IC2006,2019-11-27 09:31:33.600,4620.4000,16668,0,28652560.000,0,-,-,-,-,4619.0000,4615.0000,4613.8000,4612.8000,4612.0000,4620.2000,4620.4000,4620.6000,4621.6000,4622.0000,1,1,1,5,1,1,1,1,1,1
SF,IC2006,2019-11-27 09:31:36.100,4620.4000,16668,0,28652560.000,0,-,-,-,-,4619.0000,4615.0000,4613.8000,4612.8000,4612.0000,4620.2000,4620.4000,4620.6000,4621.6000,4622.0000,1,1,1,5,1,1,1,1,1,1
SF,IC2006,2019-11-27 09:31:36.600,4620.4000,16668,0,28652560.000,0,-,-,-,-,4619.0000,4615.0000,4613.8000,4612.8000,4612.0000,4620.4000,4620.6000,4621.6000,4622.0000,4622.4000,1,1,1,5,1,1,1,1,1,1
SF,IC2006,2019-11-27 09:31:37.100,4620.4000,16668,0,28652560.000,0,-,-,-,-,4619.0000,4615.0000,4613.8000,4612.8000,4612.0000,4620.6000,4621.6000,4622.0000,4622.4000,4626.0000,1,1,1,5,1,1,1,1,1,1
SF,IC2006,2019-11-27 09:31:37.600,4620.4000,16668,0,28652560.000,0,-,-,-,-,4619.0000,4615.0000,4613.8000,4612.8000,4612.0000,4620.4000,4620.6000,4621.6000,4622.0000,4622.4000,1,1,1,5,1,1,1,1,1,1
SF,IC2006,2019-11-27 09:31:39.600,4620.4000,16668,0,28652560.000,0,-,-,-,-,4619.0000,4615.0000,4613.8000,4612.8000,4612.0000,4620.4000,4620.6000,4621.6000,4622.0000,4622.4000,1,1,1,5,1,1,1,1,1,1
SF,IC2006,2019-11-27 09:31:40.100,4620.4000,16668,0,28652560.000,0,-,-,-,-,4619.0000,4615.0000,4613.8000,4612.8000,4612.0000,4620.4000,4620.6000,4621.6000,4622.0000,4622.4000,1,1,1,5,1,1,1,1,1,1
SF,IC2006,2019-11-27 09:31:41.600,4620.4000,16667,-1,29576640.000,1,0,1,双平,S,4619.0000,4617.4000,4615.0000,4613.8000,4612.8000,4620.6000,4621.6000,4622.0000,4622.4000,4626.0000,1,1,1,1,5,1,1,1,2,1
SF,IC2006,2019-11-27 09:31:42.100,4620.4000,16667,0,29576640.000,0,-,-,-,-,4619.0000,4615.0000,4613.8000,4612.8000,4612.0000,4620.6000,4621.6000,4622.0000,4622.4000,4626.0000,1,1,1,5,1,1,1,1,1,1
SF,IC2006,2019-11-27 09:31:42.600,4620.4000,16667,0,29576640.000,0,-,-,-,-,4619.0000,4615.0000,4613.8000,4612.8000,4612.0000,4620.4000,4620.6000,4621.6000,4622.0000,4622.4000,1,1,1,5,1,2,1,1,1,1
SF,IC2006,2019-11-27 09:31:43.100,4620.4000,16667,0,29576640.000,0,-,-,-,-,4619.0000,4615.0000,4613.8000,4612.8000,4612.0000,4620.2000,4620.4000,4621.6000,4622.0000,4622.4000,1,1,1,5,1,1,3,1,1,1
SF,IC2006,2019-11-27 09:31:43.600,4619.0000,16667,0,30500440.000,1,0,1,多换,S,4615.0000,4613.8000,4612.8000,4612.0000,4611.8000,4619.0000,4620.0000,4620.2000,4620.4000,4621.6000,1,1,5,1,1,2,1,2,3,1
SF,IC2006,2019-11-27 09:31:44.100,4619.0000,16667,0,30500440.000,0,-,-,-,-,4615.6000,4615.2000,4615.0000,4613.8000,4612.8000,4619.0000,4620.0000,4620.2000,4620.4000,4621.6000,3,1,1,1,5,1,1,2,2,1
SF,IC2006,2019-11-27 09:31:44.600,4619.0000,16667,0,30500440.000,0,-,-,-,-,4615.8000,4615.6000,4615.2000,4615.0000,4613.8000,4619.0000,4620.0000,4620.2000,4620.4000,4621.6000,1,3,1,1,1,1,1,2,2,1
SF,IC2006,2019-11-27 09:31:45.100,4619.0000,16667,0,30500440.000,0,-,-,-,-,4616.0000,4615.8000,4615.2000,4615.0000,4613.8000,4619.0000,4620.0000,4620.2000,4620.4000,4621.6000,2,1,1,1,1,1,1,2,2,1
SF,IC2006,2019-11-27 09:31:45.600,4619.0000,16667,0,30500440.000,0,-,-,-,-,4616.0000,4615.8000,4615.2000,4615.0000,4613.8000,4619.0000,4620.0000,4620.2000,4620.4000,4621.6000,2,1,1,1,1,1,1,1,2,1
SF,IC2006,2019-11-27 09:31:46.100,4619.0000,16666,-1,31424240.000,1,0,1,双平,S,4616.2000,4616.0000,4615.8000,4615.0000,4613.8000,4620.0000,4620.2000,4620.4000,4621.6000,4622.0000,1,2,1,1,1,1,1,2,1,1
SF,IC2006,2019-11-27 09:31:46.600,4619.0000,16666,0,31424240.000,0,-,-,-,-,4616.4000,4616.2000,4615.8000,4615.0000,4613.8000,4620.0000,4620.2000,4620.4000,4621.6000,4622.0000,2,1,1,1,1,1,1,2,1,1
SF,IC2006,2019-11-27 09:31:47.100,4619.0000,16666,0,31424240.000,0,-,-,-,-,4616.4000,4616.2000,4615.8000,4615.0000,4613.8000,4619.8000,4620.0000,4620.2000,4620.4000,4621.6000,2,1,1,1,1,1,1,1,2,1
SF,IC2006,2019-11-27 09:31:47.600,4619.0000,16666,0,31424240.000,0,-,-,-,-,4616.4000,4616.2000,4615.8000,4615.0000,4613.8000,4619.8000,4620.0000,4620.2000,4620.4000,4621.6000,2,1,1,1,1,2,1,1,2,1
SF,IC2006,2019-11-27 09:31:48.100,4619.6000,16665,-1,32348160.000,1,0,1,双平,S,4616.4000,4616.2000,4615.8000,4615.0000,4613.8000,4619.8000,4620.4000,4621.6000,4622.0000,4622.4000,2,1,1,1,1,1,2,1,1,1
SF,IC2006,2019-11-27 09:31:48.600,4619.6000,16665,0,32348160.000,0,-,-,-,-,4616.4000,4616.2000,4615.8000,4615.0000,4613.8000,4619.4000,4619.6000,4619.8000,4620.4000,4621.6000,2,1,1,1,1,1,2,1,1,1
SF,IC2006,2019-11-27 09:31:49.100,4619.6000,16665,0,32348160.000,0,-,-,-,-,4616.4000,4616.2000,4615.8000,4615.0000,4613.8000,4619.4000,4619.6000,4619.8000,4620.4000,4621.6000,2,1,1,1,1,2,1,1,1,1
SF,IC2006,2019-11-27 09:31:49.600,4619.6000,16665,0,32348160.000,0,-,-,-,-,4616.4000,4616.2000,4615.8000,4615.0000,4613.8000,4619.4000,4619.6000,4620.4000,4621.6000,4622.0000,2,1,1,1,1,2,1,1,1,1
SF,IC2006,2019-11-27 09:31:50.100,4619.6000,16665,0,32348160.000,0,-,-,-,-,4616.6000,4616.4000,4615.8000,4615.0000,4613.8000,4618.8000,4619.2000,4619.4000,4620.4000,4621.6000,1,2,1,1,1,1,1,1,1,1
SF,IC2006,2019-11-27 09:31:50.600,4619.6000,16665,0,32348160.000,0,-,-,-,-,4616.6000,4615.8000,4615.0000,4613.8000,4612.8000,4618.8000,4619.2000,4619.4000,4620.4000,4621.6000,1,1,1,1,5,1,3,1,1,1
SF,IC2006,2019-11-27 09:31:51.100,4616.6000,16664,-1,33271480.000,1,0,1,双平,S,4615.0000,4612.0000,4611.8000,4608.2000,4608.0000,4618.4000,4618.6000,4618.8000,4619.0000,4619.2000,1,1,1,1,5,2,3,1,1,1
SF,IC2006,2019-11-27 09:31:51.600,4616.6000,16664,0,33271480.000,0,-,-,-,-,4615.0000,4612.0000,4611.8000,4608.2000,4608.0000,4618.0000,4618.2000,4618.4000,4618.6000,4618.8000,1,1,1,1,5,1,2,4,2,1
SF,IC2006,2019-11-27 09:31:52.100,4616.6000,16664,0,33271480.000,0,-,-,-,-,4615.0000,4612.0000,4611.8000,4608.2000,4608.0000,4617.8000,4618.0000,4618.2000,4618.4000,4618.6000,1,1,1,1,5,3,1,1,2,2
SF,IC2006,2019-11-27 09:31:52.600,4616.6000,16664,0,33271480.000,0,-,-,-,-,4615.2000,4615.0000,4612.0000,4611.8000,4608.2000,4617.6000,4617.8000,4618.0000,4618.2000,4618.4000,1,1,1,1,1,2,3,1,1,1
SF,IC2006,2019-11-27 09:31:53.100,4616.6000,16664,0,33271480.000,0,-,-,-,-,4615.2000,4615.0000,4612.0000,4611.8000,4608.2000,4617.4000,4617.6000,4617.8000,4618.0000,4618.2000,1,1,1,1,1,1,1,2,1,1
SF,IC2006,2019-11-27 09:31:53.600,4616.6000,16664,0,33271480.000,0,-,-,-,-,4615.0000,4612.0000,4611.8000,4608.2000,4608.0000,4617.2000,4617.4000,4617.6000,4617.8000,4618.0000,1,1,1,1,5,2,1,1,1,1
SF,IC2006,2019-11-27 09:31:54.100,4616.6000,16664,0,33271480.000,0,-,-,-,-,4615.0000,4612.0000,4611.8000,4608.2000,4608.0000,4617.0000,4617.2000,4617.4000,4617.8000,4618.0000,1,1,1,1,5,3,2,1,1,1
SF,IC2006,2019-11-27 09:31:54.600,4616.6000,16664,0,33271480.000,0,-,-,-,-,4615.0000,4612.0000,4611.8000,4608.2000,4608.0000,4617.0000,4617.4000,4617.8000,4618.0000,4618.2000,1,1,1,1,5,2,1,1,1,1
SF,IC2006,2019-11-27 09:31:55.100,4616.6000,16664,0,33271480.000,0,-,-,-,-,4615.2000,4615.0000,4612.0000,4611.8000,4608.2000,4616.8000,4617.0000,4617.4000,4617.8000,4618.0000,1,1,1,1,1,1,2,1,1,1
SF,IC2006,2019-11-27 09:31:55.600,4616.6000,16664,0,33271480.000,0,-,-,-,-,4615.0000,4612.0000,4611.8000,4608.2000,4608.0000,4616.6000,4616.8000,4617.0000,4617.4000,4617.8000,1,1,1,1,5,2,1,2,1,1
SF,IC2006,2019-11-27 09:31:56.100,4616.6000,16664,0,33271480.000,0,-,-,-,-,4615.0000,4612.0000,4611.8000,4608.2000,4608.0000,4616.6000,4617.0000,4617.4000,4617.8000,4618.0000,1,1,1,1,5,1,1,1,1,1
SF,IC2006,2019-11-27 09:31:56.600,4616.6000,16664,0,33271480.000,0,-,-,-,-,4615.2000,4615.0000,4612.0000,4611.8000,4608.2000,4616.4000,4616.6000,4617.0000,4617.4000,4617.8000,1,1,1,1,1,1,1,1,1,1
SF,IC2006,2019-11-27 09:31:57.100,4615.2000,16663,-1,34194520.000,1,0,1,双平,S,4615.0000,4612.0000,4611.8000,4608.2000,4608.0000,4616.2000,4616.4000,4616.6000,4617.0000,4617.4000,1,1,1,1,5,1,2,1,1,1
SF,IC2006,2019-11-27 09:31:57.600,4615.2000,16663,0,34194520.000,0,-,-,-,-,4615.2000,4615.0000,4612.0000,4611.8000,4608.2000,4616.2000,4617.4000,4617.8000,4618.0000,4618.2000,1,1,1,1,1,1,1,1,1,1
SF,IC2006,2019-11-27 09:31:58.100,4615.2000,16663,0,34194520.000,0,-,-,-,-,4615.2000,4615.0000,4612.0000,4611.8000,4608.2000,4616.2000,4617.4000,4617.8000,4618.0000,4618.2000,1,1,1,1,1,1,1,1,1,1
SF,IC2006,2019-11-27 09:32:00.100,4615.2000,16662,-1,35117560.000,1,0,1,双平,S,4615.0000,4612.0000,4611.8000,4608.2000,4608.0000,4616.2000,4616.8000,4617.4000,4617.8000,4618.0000,1,2,1,1,5,1,1,1,1,1
SF,IC2006,2019-11-27 09:32:00.600,4615.0000,16662,0,36040560.000,1,0,1,多换,S,4612.0000,4611.8000,4608.2000,4608.0000,4606.0000,4615.0000,4616.0000,4616.2000,4617.4000,4617.8000,1,1,1,5,2,1,3,1,1,1
SF,IC2006,2019-11-27 09:32:01.100,4615.0000,16662,0,36040560.000,0,-,-,-,-,4612.0000,4611.8000,4608.2000,4608.0000,4607.4000,4614.2000,4614.8000,4615.0000,4616.0000,4617.4000,1,1,1,5,2,1,3,2,2,1
SF,IC2006,2019-11-27 09:32:01.600,4615.0000,16662,0,36040560.000,0,-,-,-,-,4612.0000,4611.8000,4608.2000,4607.4000,4606.0000,4614.0000,4614.2000,4614.8000,4615.0000,4616.0000,1,1,1,2,2,1,1,1,2,2
SF,IC2006,2019-11-27 09:32:02.100,4615.0000,16662,0,36040560.000,0,-,-,-,-,4612.0000,4611.8000,4608.2000,4607.4000,4606.0000,4614.0000,4614.2000,4614.8000,4615.0000,4616.0000,1,1,1,2,2,1,1,1,1,1
SF,IC2006,2019-11-27 09:32:02.600,4615.0000,16662,0,36040560.000,0,-,-,-,-,4612.0000,4611.8000,4608.2000,4607.4000,4606.0000,4613.8000,4614.0000,4614.8000,4615.0000,4616.0000,1,1,1,2,2,1,1,1,1,1
SF,IC2006,2019-11-27 09:32:03.100,4614.0000,16661,-1,36963360.000,1,0,1,双平,S,4612.0000,4611.8000,4608.2000,4607.4000,4606.0000,4613.6000,4613.8000,4614.8000,4615.0000,4616.0000,1,1,1,2,2,1,1,1,1,1
SF,IC2006,2019-11-27 09:32:03.600,4613.6000,16660,-1,37886080.000,1,0,1,双平,S,4613.6000,4612.0000,4611.8000,4608.2000,4607.4000,4613.8000,4614.8000,4615.0000,4616.0000,4617.4000,1,1,1,1,2,1,1,1,1,1
SF,IC2006,2019-11-27 09:32:04.100,4613.8000,16659,-1,38808840.000,1,0,1,双平,S,4612.0000,4611.8000,4608.2000,4607.4000,4606.0000,4614.8000,4615.0000,4616.0000,4617.4000,4617.8000,1,1,1,2,2,1,1,1,1,1
SF,IC2006,2019-11-27 09:32:05.100,4613.8000,16659,0,38808840.000,0,-,-,-,-,4612.0000,4611.8000,4608.2000,4607.4000,4606.0000,4615.0000,4616.0000,4617.4000,4617.8000,4618.0000,1,1,1,2,2,1,1,1,1,1
SF,IC2006,2019-11-27 09:32:05.600,4613.8000,16659,0,38808840.000,0,-,-,-,-,4612.4000,4612.2000,4612.0000,4611.8000,4608.2000,4615.0000,4616.0000,4617.4000,4617.8000,4618.0000,1,1,1,1,1,1,1,1,1,1
SF,IC2006,2019-11-27 09:32:06.100,4613.8000,16659,0,38808840.000,0,-,-,-,-,4612.6000,4612.4000,4612.2000,4612.0000,4611.8000,4615.0000,4616.0000,4617.4000,4617.8000,4618.0000,1,1,1,1,1,1,1,1,1,1
SF,IC2006,2019-11-27 09:32:06.600,4615.0000,16658,-1,39731840.000,1,0,1,双平,S,4612.6000,4612.4000,4612.2000,4612.0000,4611.8000,4616.0000,4617.4000,4617.8000,4618.0000,4618.4000,2,1,1,1,1,1,1,1,1,1
SF,IC2006,2019-11-27 09:32:07.100,4615.0000,16658,0,39731840.000,0,-,-,-,-,4612.6000,4612.2000,4612.0000,4611.8000,4608.2000,4617.4000,4617.8000,4618.0000,4618.4000,4619.0000,2,1,1,1,1,1,1,1,1,1
SF,IC2006,2019-11-27 09:32:07.600,4615.0000,16658,0,39731840.000,0,-,-,-,-,4614.0000,4612.6000,4612.2000,4612.0000,4611.8000,4617.4000,4617.8000,4618.0000,4618.4000,4619.0000,1,2,1,1,1,1,1,1,1,1
SF,IC2006,2019-11-27 09:32:08.100,4615.0000,16658,0,39731840.000,0,-,-,-,-,4614.2000,4614.0000,4612.6000,4612.4000,4612.0000,4617.8000,4618.0000,4618.4000,4619.0000,4626.0000,2,1,1,1,1,1,1,1,1,1
SF,IC2006,2019-11-27 09:32:08.600,4615.0000,16658,0,39731840.000,0,-,-,-,-,4614.2000,4612.6000,4612.4000,4612.0000,4611.8000,4617.6000,4617.8000,4618.0000,4618.4000,4619.0000,2,1,1,1,1,1,1,1,1,1
SF,IC2006,2019-11-27 09:32:09.100,4615.0000,16658,0,39731840.000,0,-,-,-,-,4615.2000,4614.2000,4612.6000,4612.0000,4611.8000,4617.6000,4617.8000,4618.0000,4618.4000,4619.0000,1,1,1,1,1,1,1,1,1,1
SF,IC2006,2019-11-27 09:32:09.600,4615.0000,16658,0,39731840.000,0,-,-,-,-,4615.2000,4612.6000,4612.0000,4611.8000,4608.2000,4617.6000,4617.8000,4618.0000,4618.4000,4619.0000,1,1,1,1,1,1,1,1,1,1
SF,IC2006,2019-11-27 09:32:10.100,4615.0000,16658,0,39731840.000,0,-,-,-,-,4615.2000,4612.6000,4612.0000,4611.8000,4608.2000,4617.6000,4617.8000,4618.0000,4618.4000,4619.0000,2,1,1,1,1,1,1,1,1,1
SF,IC2006,2019-11-27 09:32:11.100,4615.0000,16658,0,39731840.000,0,-,-,-,-,4615.2000,4612.6000,4612.0000,4611.8000,4608.2000,4617.4000,4617.6000,4617.8000,4618.0000,4618.4000,2,1,1,1,1,1,1,1,1,1
SF,IC2006,2019-11-27 09:32:11.600,4615.0000,16658,0,39731840.000,0,-,-,-,-,4615.2000,4612.6000,4612.0000,4611.8000,4608.2000,4617.4000,4617.8000,4618.0000,4618.4000,4619.0000,2,1,1,1,1,1,1,1,1,1
SF,IC2006,2019-11-27 09:32:12.100,4615.0000,16658,0,39731840.000,0,-,-,-,-,4615.2000,4612.6000,4612.0000,4611.8000,4608.2000,4617.2000,4617.4000,4617.8000,4618.0000,4618.4000,2,1,1,1,1,1,1,1,1,1
SF,IC2006,2019-11-27 09:32:12.600,4615.0000,16658,0,39731840.000,0,-,-,-,-,4615.2000,4612.6000,4612.0000,4611.8000,4608.2000,4617.2000,4617.4000,4617.8000,4618.0000,4618.4000,2,1,1,1,1,1,1,1,1,1
SF,IC2006,2019-11-27 09:32:13.100,4615.0000,16658,0,39731840.000,0,-,-,-,-,4615.2000,4612.6000,4612.0000,4611.8000,4608.2000,4617.0000,4617.2000,4617.4000,4617.8000,4618.0000,2,1,1,1,1,1,1,1,1,1
SF,IC2006,2019-11-27 09:32:13.600,4615.0000,16658,0,39731840.000,0,-,-,-,-,4615.2000,4612.6000,4612.0000,4611.8000,4608.2000,4616.8000,4617.0000,4617.4000,4617.8000,4618.0000,1,1,1,1,1,1,1,1,1,1
SF,IC2006,2019-11-27 09:32:14.100,4615.0000,16658,0,39731840.000,0,-,-,-,-,4615.2000,4612.6000,4612.0000,4611.8000,4608.2000,4616.6000,4616.8000,4617.0000,4617.4000,4617.8000,1,1,1,1,1,1,1,1,1,1
SF,IC2006,2019-11-27 09:32:14.600,4615.0000,16658,0,39731840.000,0,-,-,-,-,4615.2000,4612.6000,4612.0000,4611.8000,4608.2000,4616.6000,4617.0000,4617.4000,4617.8000,4618.0000,1,1,1,1,1,1,1,1,1,1
SF,IC2006,2019-11-27 09:32:15.600,4615.0000,16658,0,39731840.000,0,-,-,-,-,4615.2000,4613.0000,4612.6000,4612.0000,4611.8000,4616.6000,4617.0000,4617.4000,4617.8000,4618.0000,1,1,1,1,1,1,1,1,1,1
SF,IC2006,2019-11-27 09:32:16.600,4615.0000,16658,0,39731840.000,0,-,-,-,-,4615.2000,4613.0000,4612.6000,4612.0000,4611.8000,4617.0000,4617.4000,4617.8000,4618.0000,4618.4000,1,1,1,1,1,1,1,1,1,1
SF,IC2006,2019-11-27 09:32:17.600,4615.0000,16658,0,39731840.000,0,-,-,-,-,4615.2000,4613.0000,4612.6000,4612.0000,4611.8000,4617.8000,4618.0000,4618.4000,4619.0000,4626.0000,1,1,3,1,1,1,1,1,1,1
SF,IC2006,2019-11-27 09:32:18.100,4615.0000,16658,0,39731840.000,0,-,-,-,-,4615.6000,4615.2000,4613.0000,4612.6000,4612.0000,4617.8000,4618.0000,4618.4000,4619.0000,4626.0000,1,1,1,3,1,1,1,1,1,1
SF,IC2006,2019-11-27 09:32:18.600,4615.2000,16657,-1,40654880.000,1,0,1,双平,S,4615.8000,4615.2000,4613.0000,4612.6000,4612.0000,4617.8000,4618.0000,4618.4000,4619.0000,4626.0000,1,1,1,3,1,1,1,1,1,1
SF,IC2006,2019-11-27 09:32:19.100,4615.2000,16657,0,40654880.000,0,-,-,-,-,4615.8000,4615.2000,4613.0000,4612.6000,4612.0000,4616.8000,4617.8000,4618.0000,4618.4000,4619.0000,1,1,1,3,1,1,1,1,1,1
SF,IC2006,2019-11-27 09:32:20.100,4615.2000,16657,0,40654880.000,0,-,-,-,-,4615.8000,4615.2000,4613.0000,4612.6000,4612.0000,4616.8000,4618.0000,4618.4000,4619.0000,4622.0000,1,1,1,3,1,1,1,1,1,1
SF,IC2006,2019-11-27 09:32:21.100,4615.2000,16657,0,40654880.000,0,-,-,-,-,4615.8000,4615.2000,4613.0000,4612.6000,4612.0000,4616.8000,4618.0000,4618.4000,4619.0000,4622.0000,1,1,1,3,1,1,1,1,2,1
SF,IC2006,2019-11-27 09:32:21.600,4616.8000,16657,0,41578240.000,1,0,1,多换,S,4615.8000,4615.2000,4613.0000,4612.6000,4612.0000,4618.0000,4618.4000,4619.0000,4622.0000,4626.0000,1,1,1,3,1,1,1,2,1,1
SF,IC2006,2019-11-27 09:32:23.100,4616.8000,16657,0,41578240.000,0,-,-,-,-,4616.8000,4615.8000,4615.2000,4613.0000,4612.6000,4618.0000,4618.4000,4619.0000,4622.0000,4626.0000,1,1,1,1,3,1,1,2,1,1
SF,IC2006,2019-11-27 09:32:23.600,4616.8000,16657,0,41578240.000,0,-,-,-,-,4616.8000,4615.8000,4615.2000,4613.0000,4612.6000,4618.0000,4618.4000,4619.0000,4620.0000,4622.0000,1,1,1,1,3,1,1,2,1,1
SF,IC2006,2019-11-27 09:32:24.100,4616.8000,16657,0,41578240.000,0,-,-,-,-,4616.8000,4615.8000,4615.2000,4613.0000,4612.6000,4618.0000,4619.0000,4620.0000,4622.0000,4626.0000,1,1,1,1,3,1,2,1,1,1
SF,IC2006,2019-11-27 09:32:24.600,4618.0000,16656,-1,42501840.000,1,0,1,双平,S,4616.8000,4615.8000,4615.2000,4613.0000,4612.6000,4619.0000,4620.0000,4622.0000,4626.0000,4626.6000,1,1,1,1,3,2,1,1,1,1
SF,IC2006,2019-11-27 09:32:25.100,4618.0000,16656,0,42501840.000,0,-,-,-,-,4616.8000,4616.0000,4615.8000,4615.2000,4613.0000,4619.0000,4620.0000,4622.0000,4626.0000,4626.6000,1,1,1,1,1,2,1,1,1,1
SF,IC2006,2019-11-27 09:32:27.600,4618.0000,16656,0,42501840.000,0,-,-,-,-,4616.8000,4616.0000,4615.8000,4615.2000,4613.0000,4619.0000,4620.0000,4622.0000,4626.0000,4626.6000,1,1,1,1,1,2,1,1,1,1
SF,IC2006,2019-11-27 09:32:28.100,4618.0000,16656,0,42501840.000,0,-,-,-,-,4617.2000,4617.0000,4616.8000,4616.0000,4615.8000,4619.0000,4620.0000,4622.0000,4626.0000,4626.6000,1,1,1,1,1,2,1,1,1,1
SF,IC2006,2019-11-27 09:32:28.600,4619.0000,16655,-1,44349440.000,2,0,2,多平,S,4617.4000,4617.2000,4616.8000,4615.8000,4615.2000,4620.0000,4622.0000,4626.0000,4626.6000,4627.2000,1,1,1,1,1,1,1,1,1,5
SF,IC2006,2019-11-27 09:32:29.100,4619.0000,16655,0,44349440.000,0,-,-,-,-,4617.4000,4617.2000,4617.0000,4616.8000,4615.8000,4620.0000,4622.0000,4626.0000,4626.6000,4627.2000,1,1,1,1,1,1,1,1,1,5
SF,IC2006,2019-11-27 09:32:29.600,4619.0000,16655,0,44349440.000,0,-,-,-,-,4617.4000,4617.2000,4617.0000,4616.8000,4615.8000,4620.0000,4622.0000,4626.0000,4626.6000,4627.2000,1,1,1,1,1,1,1,1,1,5
SF,IC2006,2019-11-27 09:32:30.100,4619.0000,16655,0,44349440.000,0,-,-,-,-,4617.4000,4617.2000,4617.0000,4616.8000,4615.8000,4619.8000,4620.0000,4622.0000,4626.0000,4626.6000,1,1,1,1,1,1,1,1,1,1
SF,IC2006,2019-11-27 09:32:30.600,4619.0000,16655,0,44349440.000,0,-,-,-,-,4617.4000,4617.2000,4617.0000,4616.8000,4615.8000,4619.8000,4620.0000,4622.0000,4626.0000,4626.6000,1,1,1,1,1,1,1,1,1,1
SF,IC2006,2019-11-27 09:32:32.100,4619.0000,16655,0,44349440.000,0,-,-,-,-,4617.4000,4617.2000,4616.8000,4615.8000,4615.2000,4619.8000,4620.0000,4622.0000,4626.0000,4626.6000,1,1,1,1,1,1,1,1,1,1
SF,IC2006,2019-11-27 09:32:32.600,4619.0000,16655,0,44349440.000,0,-,-,-,-,4618.0000,4617.4000,4617.2000,4616.8000,4615.8000,4619.8000,4620.0000,4622.0000,4626.0000,4626.6000,1,1,1,1,1,1,1,1,1,1
SF,IC2006,2019-11-27 09:32:33.100,4619.0000,16655,0,44349440.000,0,-,-,-,-,4618.0000,4617.2000,4616.8000,4615.8000,4615.2000,4619.8000,4620.0000,4622.0000,4626.0000,4626.6000,1,1,1,1,1,1,1,1,1,1
SF,IC2006,2019-11-27 09:32:33.600,4619.0000,16655,0,44349440.000,0,-,-,-,-,4618.0000,4616.8000,4615.8000,4615.2000,4613.2000,4619.6000,4619.8000,4620.0000,4622.0000,4626.0000,1,1,1,1,1,2,1,1,1,1
SF,IC2006,2019-11-27 09:32:34.100,4618.0000,16654,-1,45273040.000,1,0,1,双平,S,4616.8000,4615.8000,4615.2000,4615.0000,4613.2000,4618.0000,4619.4000,4619.6000,4619.8000,4620.0000,1,1,1,1,1,1,1,3,1,1
SF,IC2006,2019-11-27 09:32:34.600,4618.0000,16654,0,45273040.000,0,-,-,-,-,4616.8000,4615.8000,4615.2000,4615.0000,4613.2000,4619.4000,4619.6000,4619.8000,4620.0000,4622.0000,1,1,1,1,1,1,2,1,1,1
SF,IC2006,2019-11-27 09:32:35.100,4618.0000,16654,0,45273040.000,0,-,-,-,-,4616.8000,4615.8000,4615.2000,4615.0000,4613.2000,4619.4000,4619.6000,4619.8000,4620.0000,4622.0000,1,1,1,3,1,1,2,1,1,1
SF,IC2006,2019-11-27 09:32:35.600,4618.0000,16654,0,45273040.000,0,-,-,-,-,4616.8000,4615.8000,4615.2000,4615.0000,4613.2000,4619.0000,4619.2000,4619.4000,4619.6000,4620.0000,1,1,1,3,1,1,1,1,2,1
SF,IC2006,2019-11-27 09:32:36.100,4618.0000,16654,0,45273040.000,0,-,-,-,-,4616.8000,4615.8000,4615.2000,4615.0000,4613.2000,4618.8000,4619.0000,4619.2000,4619.4000,4619.6000,1,1,1,3,1,1,1,1,1,1
SF,IC2006,2019-11-27 09:32:37.600,4618.8000,16653,-1,46196800.000,1,0,1,双平,S,4617.0000,4616.8000,4615.2000,4615.0000,4613.2000,4619.0000,4619.2000,4619.4000,4619.6000,4620.0000,1,1,1,3,1,1,1,1,1,1
SF,IC2006,2019-11-27 09:32:38.600,4618.8000,16653,0,46196800.000,0,-,-,-,-,4617.0000,4616.8000,4616.0000,4615.2000,4615.0000,4619.0000,4619.2000,4619.4000,4619.6000,4620.0000,1,1,1,1,3,1,1,1,1,1
SF,IC2006,2019-11-27 09:32:39.100,4616.8000,16653,0,48043560.000,2,1,1,多换,S,4616.0000,4615.2000,4615.0000,4613.2000,4613.0000,4618.8000,4619.2000,4619.6000,4620.0000,4622.0000,1,1,3,1,1,4,1,1,1,1
SF,IC2006,2019-11-27 09:32:39.600,4616.0000,16653,0,48966760.000,1,0,1,多换,S,4615.0000,4613.2000,4613.0000,4612.6000,4611.8000,4618.6000,4618.8000,4619.2000,4619.6000,4620.0000,3,1,1,2,1,1,4,1,1,1
SF,IC2006,2019-11-27 09:32:40.100,4616.0000,16653,0,48966760.000,0,-,-,-,-,4615.2000,4615.0000,4613.2000,4613.0000,4612.6000,4616.8000,4618.2000,4618.4000,4618.6000,4618.8000,1,4,1,1,2,1,3,2,1,1
SF,IC2006,2019-11-27 09:32:40.600,4616.0000,16653,0,48966760.000,0,-,-,-,-,4615.2000,4615.0000,4613.2000,4613.0000,4612.6000,4616.8000,4618.2000,4618.4000,4618.6000,4618.8000,1,4,1,1,2,1,3,1,1,1
SF,IC2006,2019-11-27 09:32:41.100,4616.8000,16654,1,49890120.000,1,1,0,双开,S,4615.2000,4615.0000,4613.2000,4613.0000,4612.6000,4618.2000,4618.4000,4618.6000,4618.8000,4619.2000,1,4,1,1,2,3,1,1,1,1
SF,IC2006,2019-11-27 09:32:41.600,4616.8000,16654,0,49890120.000,0,-,-,-,-,4615.2000,4615.0000,4613.2000,4613.0000,4612.6000,4618.0000,4618.2000,4618.4000,4618.8000,4619.2000,1,4,1,1,2,2,3,1,1,1
SF,IC2006,2019-11-27 09:32:42.100,4616.8000,16654,0,49890120.000,0,-,-,-,-,4615.2000,4615.0000,4613.2000,4613.0000,4612.6000,4617.6000,4617.8000,4618.0000,4618.2000,4618.4000,1,4,1,1,2,1,1,2,1,1
SF,IC2006,2019-11-27 09:32:42.600,4616.8000,16654,0,49890120.000,0,-,-,-,-,4615.2000,4615.0000,4613.2000,4613.0000,4612.6000,4617.6000,4617.8000,4618.0000,4618.2000,4618.4000,1,4,1,1,2,2,1,1,1,1
SF,IC2006,2019-11-27 09:32:43.600,4616.8000,16654,0,49890120.000,0,-,-,-,-,4615.2000,4615.0000,4613.2000,4613.0000,4612.6000,4617.6000,4617.8000,4618.4000,4618.8000,4619.2000,1,4,1,1,2,2,1,1,1,1
SF,IC2006,2019-11-27 09:32:44.100,4616.8000,16654,0,49890120.000,0,-,-,-,-,4615.2000,4615.0000,4613.2000,4613.0000,4612.6000,4617.6000,4618.4000,4618.8000,4619.2000,4619.6000,1,4,1,1,2,1,1,1,1,1
SF,IC2006,2019-11-27 09:32:44.600,4616.8000,16654,0,49890120.000,0,-,-,-,-,4615.2000,4615.0000,4613.2000,4613.0000,4612.6000,4618.4000,4618.8000,4619.2000,4619.6000,4620.0000,1,4,1,1,2,1,1,1,1,1
SF,IC2006,2019-11-27 09:32:45.100,4616.8000,16654,0,49890120.000,0,-,-,-,-,4615.4000,4615.2000,4615.0000,4613.2000,4613.0000,4618.4000,4618.8000,4619.2000,4619.6000,4620.0000,1,1,4,1,1,1,1,1,1,1
SF,IC2006,2019-11-27 09:32:45.600,4616.8000,16654,0,49890120.000,0,-,-,-,-,4615.6000,4615.4000,4615.0000,4613.2000,4613.0000,4618.8000,4619.2000,4619.6000,4620.0000,4622.0000,2,1,4,1,1,1,1,1,1,1
SF,IC2006,2019-11-27 09:32:46.100,4616.8000,16654,0,49890120.000,0,-,-,-,-,4615.6000,4615.0000,4613.2000,4613.0000,4612.6000,4619.2000,4619.6000,4620.0000,4622.0000,4626.0000,3,4,1,1,2,1,1,1,1,1
SF,IC2006,2019-11-27 09:32:46.600,4616.8000,16654,0,49890120.000,0,-,-,-,-,4616.2000,4615.6000,4615.0000,4613.2000,4613.0000,4619.2000,4619.6000,4620.0000,4622.0000,4626.0000,1,3,4,1,1,1,1,1,1,1
SF,IC2006,2019-11-27 09:32:47.100,4616.8000,16654,0,49890120.000,0,-,-,-,-,4616.4000,4616.2000,4615.6000,4615.0000,4613.2000,4619.2000,4620.0000,4622.0000,4626.0000,4626.6000,1,1,1,4,1,1,1,1,1,1
SF,IC2006,2019-11-27 09:32:48.100,4616.8000,16654,0,49890120.000,0,-,-,-,-,4616.6000,4616.4000,4616.2000,4615.6000,4615.0000,4619.2000,4620.0000,4622.0000,4626.0000,4626.6000,1,1,1,1,4,1,1,1,1,1
SF,IC2006,2019-11-27 09:32:48.600,4616.8000,16654,0,49890120.000,0,-,-,-,-,4616.8000,4615.6000,4615.0000,4613.2000,4613.0000,4620.0000,4622.0000,4626.0000,4626.6000,4627.2000,1,1,4,1,1,1,1,1,1,5
SF,IC2006,2019-11-27 09:32:49.100,4616.8000,16654,0,49890120.000,0,-,-,-,-,4617.0000,4616.8000,4615.6000,4615.0000,4613.2000,4619.8000,4620.0000,4622.0000,4626.0000,4626.6000,1,1,1,4,1,1,1,1,1,1
SF,IC2006,2019-11-27 09:32:49.600,4616.8000,16654,0,49890120.000,0,-,-,-,-,4615.6000,4615.0000,4613.2000,4613.0000,4612.6000,4619.6000,4619.8000,4620.0000,4622.0000,4626.0000,1,4,1,1,2,1,1,1,1,1
SF,IC2006,2019-11-27 09:32:50.100,4616.8000,16654,0,49890120.000,0,-,-,-,-,4616.2000,4615.8000,4615.6000,4615.0000,4613.2000,4619.6000,4620.0000,4622.0000,4626.0000,4626.6000,1,1,1,4,1,2,1,1,1,1
SF,IC2006,2019-11-27 09:32:50.600,4616.8000,16654,0,49890120.000,0,-,-,-,-,4616.4000,4616.2000,4615.6000,4615.0000,4613.2000,4619.6000,4620.0000,4622.0000,4626.0000,4626.6000,1,1,1,4,1,1,1,1,1,1
SF,IC2006,2019-11-27 09:32:51.100,4616.8000,16654,0,49890120.000,0,-,-,-,-,4616.6000,4616.4000,4616.2000,4615.6000,4615.0000,4619.6000,4620.0000,4622.0000,4626.0000,4626.6000,1,2,1,1,4,1,1,1,1,1
SF,IC2006,2019-11-27 09:32:51.600,4616.8000,16654,0,49890120.000,0,-,-,-,-,4616.8000,4616.6000,4616.4000,4615.6000,4615.0000,4619.6000,4620.0000,4622.0000,4626.0000,4626.6000,1,1,1,1,4,1,1,1,1,1
SF,IC2006,2019-11-27 09:32:52.100,4616.8000,16654,0,49890120.000,0,-,-,-,-,4617.0000,4616.8000,4616.6000,4616.4000,4615.6000,4619.4000,4619.6000,4620.0000,4622.0000,4626.0000,1,1,1,1,1,1,1,1,1,1
SF,IC2006,2019-11-27 09:32:52.600,4616.8000,16654,0,49890120.000,0,-,-,-,-,4617.0000,4616.6000,4616.4000,4615.6000,4615.0000,4619.4000,4619.6000,4620.0000,4622.0000,4626.0000,1,1,1,1,4,1,1,1,1,1
SF,IC2006,2019-11-27 09:32:53.100,4616.8000,16654,0,49890120.000,0,-,-,-,-,4617.2000,4617.0000,4616.6000,4616.4000,4615.6000,4619.4000,4620.0000,4622.0000,4626.0000,4626.6000,1,1,1,1,1,1,1,1,1,1
SF,IC2006,2019-11-27 09:32:53.600,4616.8000,16654,0,49890120.000,0,-,-,-,-,4617.2000,4617.0000,4616.6000,4616.4000,4615.6000,4620.0000,4622.0000,4626.0000,4626.6000,4627.2000,1,1,1,1,1,1,1,1,1,5
SF,IC2006,2019-11-27 09:32:54.100,4616.8000,16654,0,49890120.000,0,-,-,-,-,4617.2000,4617.0000,4616.6000,4616.4000,4615.6000,4620.0000,4622.0000,4626.0000,4626.6000,4627.2000,1,1,1,1,1,1,1,1,1,5
SF,IC2006,2019-11-27 09:32:54.600,4616.8000,16654,0,49890120.000,0,-,-,-,-,4619.0000,4617.2000,4617.0000,4616.6000,4616.4000,4620.0000,4622.0000,4626.0000,4626.6000,4627.2000,1,1,1,1,1,1,1,1,1,5
SF,IC2006,2019-11-27 09:32:55.100,4619.0000,16654,0,50813920.000,1,0,1,多换,S,4617.0000,4616.6000,4616.4000,4615.6000,4615.0000,4619.0000,4619.8000,4620.0000,4622.0000,4626.0000,1,1,1,1,4,1,1,1,1,1
SF,IC2006,2019-11-27 09:32:55.600,4619.0000,16654,0,50813920.000,0,-,-,-,-,4617.2000,4617.0000,4616.6000,4616.4000,4615.6000,4619.0000,4620.0000,4622.0000,4626.0000,4626.6000,1,1,1,1,1,1,1,1,1,1
SF,IC2006,2019-11-27 09:32:56.600,4619.0000,16654,0,50813920.000,0,-,-,-,-,4617.2000,4617.0000,4616.6000,4616.4000,4615.6000,4619.0000,4620.0000,4622.0000,4626.0000,4626.6000,1,1,1,1,1,1,1,1,1,1
SF,IC2006,2019-11-27 09:32:57.100,4619.0000,16654,0,50813920.000,0,-,-,-,-,4616.6000,4616.4000,4615.6000,4615.0000,4613.2000,4619.0000,4620.0000,4622.0000,4626.0000,4626.6000,1,1,1,4,1,1,1,1,1,1
SF,IC2006,2019-11-27 09:32:58.600,4619.0000,16654,0,50813920.000,0,-,-,-,-,4616.6000,4616.4000,4616.0000,4615.6000,4615.0000,4619.0000,4620.0000,4622.0000,4626.0000,4626.6000,1,1,1,1,4,1,1,1,1,1
SF,IC2006,2019-11-27 09:32:59.100,4619.0000,16654,0,50813920.000,0,-,-,-,-,4616.6000,4616.4000,4616.0000,4615.6000,4615.0000,4618.8000,4619.0000,4620.0000,4622.0000,4626.0000,1,1,1,1,4,1,1,1,1,1
SF,IC2006,2019-11-27 09:32:59.600,4619.0000,16654,0,50813920.000,0,-,-,-,-,4616.6000,4616.0000,4615.6000,4615.0000,4613.2000,4618.6000,4618.8000,4619.0000,4620.0000,4622.0000,1,1,1,4,1,1,1,1,1,1
SF,IC2006,2019-11-27 09:33:00.100,4619.0000,16654,0,50813920.000,0,-,-,-,-,4616.6000,4616.0000,4615.6000,4615.0000,4613.2000,4618.4000,4618.6000,4619.0000,4620.0000,4622.0000,1,1,1,4,1,1,1,1,1,1
SF,IC2006,2019-11-27 09:33:00.600,4619.0000,16654,0,50813920.000,0,-,-,-,-,4616.6000,4616.0000,4615.0000,4613.2000,4613.0000,4618.0000,4618.4000,4618.6000,4619.0000,4620.0000,1,1,4,1,1,1,2,1,1,1
SF,IC2006,2019-11-27 09:33:01.100,4616.6000,16653,-1,51737240.000,1,0,1,双平,S,4616.0000,4615.0000,4613.2000,4613.0000,4612.6000,4617.8000,4618.0000,4618.4000,4619.0000,4620.0000,1,4,1,1,2,1,2,1,1,1
SF,IC2006,2019-11-27 09:33:01.600,4616.6000,16653,0,51737240.000,0,-,-,-,-,4616.0000,4615.0000,4613.2000,4613.0000,4612.6000,4617.8000,4618.0000,4618.4000,4619.0000,4620.0000,1,4,1,1,2,1,2,1,1,1
SF,IC2006,2019-11-27 09:33:02.100,4616.6000,16653,0,51737240.000,0,-,-,-,-,4616.0000,4615.0000,4613.2000,4613.0000,4612.6000,4617.6000,4617.8000,4618.0000,4618.4000,4619.0000,1,4,1,1,2,1,1,1,1,1
SF,IC2006,2019-11-27 09:33:02.600,4616.6000,16653,0,51737240.000,0,-,-,-,-,4616.0000,4615.0000,4613.2000,4613.0000,4612.6000,4617.6000,4617.8000,4618.0000,4618.4000,4619.0000,1,4,1,1,2,2,1,1,1,1
SF,IC2006,2019-11-27 09:33:03.100,4616.6000,16653,0,51737240.000,0,-,-,-,-,4616.0000,4615.0000,4613.2000,4613.0000,4612.6000,4617.6000,4617.8000,4618.0000,4618.4000,4619.0000,1,4,1,1,2,1,1,1,1,1
SF,IC2006,2019-11-27 09:33:04.100,4616.6000,16653,0,51737240.000,0,-,-,-,-,4616.0000,4615.0000,4613.2000,4613.0000,4612.6000,4617.8000,4618.0000,4618.4000,4619.0000,4620.0000,1,4,1,1,2,1,1,1,1,1
SF,IC2006,2019-11-27 09:33:04.600,4616.6000,16653,0,51737240.000,0,-,-,-,-,4616.0000,4615.0000,4613.2000,4613.0000,4612.6000,4617.6000,4617.8000,4618.0000,4618.4000,4619.0000,1,4,1,1,2,1,1,1,1,1
SF,IC2006,2019-11-27 09:33:05.100,4616.6000,16653,0,51737240.000,0,-,-,-,-,4616.0000,4615.0000,4613.2000,4613.0000,4612.6000,4617.4000,4617.6000,4617.8000,4618.0000,4618.4000,1,4,1,1,2,1,1,1,1,1
SF,IC2006,2019-11-27 09:33:05.600,4616.6000,16653,0,51737240.000,0,-,-,-,-,4616.0000,4615.0000,4613.2000,4613.0000,4612.6000,4617.4000,4617.8000,4618.0000,4618.4000,4619.0000,1,4,1,1,2,2,1,1,1,1
SF,IC2006,2019-11-27 09:33:06.100,4617.4000,16653,0,52660720.000,1,0,1,多换,S,4616.0000,4615.0000,4614.8000,4613.2000,4613.0000,4617.4000,4617.8000,4618.0000,4618.4000,4619.0000,1,4,1,1,1,1,1,1,1,1
SF,IC2006,2019-11-27 09:33:06.600,4617.4000,16653,0,52660720.000,0,-,-,-,-,4616.0000,4615.0000,4613.2000,4613.0000,4612.6000,4617.4000,4617.8000,4618.0000,4618.4000,4619.0000,1,4,1,1,2,1,1,1,1,1
SF,IC2006,2019-11-27 09:33:07.100,4617.4000,16653,0,52660720.000,0,-,-,-,-,4616.0000,4615.0000,4613.2000,4613.0000,4612.6000,4617.2000,4617.4000,4617.8000,4618.0000,4618.4000,1,4,1,1,2,1,1,1,1,1
SF,IC2006,2019-11-27 09:33:07.600,4617.4000,16653,0,52660720.000,0,-,-,-,-,4616.0000,4615.0000,4613.2000,4613.0000,4612.6000,4617.2000,4617.4000,4617.8000,4618.4000,4619.0000,1,4,1,1,2,2,1,1,1,1
SF,IC2006,2019-11-27 09:33:08.100,4617.4000,16653,0,52660720.000,0,-,-,-,-,4616.0000,4615.0000,4613.2000,4613.0000,4612.6000,4617.2000,4617.4000,4617.8000,4618.4000,4619.0000,1,4,1,1,2,2,1,1,1,1
SF,IC2006,2019-11-27 09:33:08.600,4616.0000,16652,-1,54507120.000,2,0,2,多平,S,4616.0000,4615.0000,4613.2000,4613.0000,4612.6000,4617.2000,4617.4000,4617.8000,4618.4000,4619.0000,1,4,1,1,2,2,1,1,1,1
SF,IC2006,2019-11-27 09:33:09.100,4616.0000,16652,0,55430320.000,1,0,1,多换,S,4615.0000,4613.2000,4613.0000,4612.6000,4611.8000,4616.6000,4617.0000,4617.2000,4617.4000,4618.4000,4,1,1,2,1,1,1,1,1,1
SF,IC2006,2019-11-27 09:33:09.600,4616.0000,16652,0,55430320.000,0,-,-,-,-,4615.0000,4613.2000,4613.0000,4612.6000,4611.8000,4616.0000,4616.6000,4617.0000,4617.2000,4617.4000,4,1,1,2,1,1,1,2,1,1
SF,IC2006,2019-11-27 09:33:10.100,4616.0000,16652,0,55430320.000,0,-,-,-,-,4615.0000,4613.2000,4613.0000,4612.6000,4611.8000,4617.0000,4618.4000,4620.0000,4622.0000,4626.0000,4,1,1,2,1,2,1,1,1,1
SF,IC2006,2019-11-27 09:33:10.600,4615.0000,16652,0,56353320.000,1,0,1,多换,S,4615.0000,4613.2000,4613.0000,4612.6000,4611.8000,4615.8000,4616.8000,4617.0000,4618.4000,4620.0000,3,1,1,2,1,1,1,2,1,1
SF,IC2006,2019-11-27 09:33:11.100,4615.0000,16652,0,56353320.000,0,-,-,-,-,4616.2000,4615.8000,4615.0000,4613.2000,4613.0000,4616.8000,4617.0000,4618.4000,4620.0000,4622.0000,2,1,4,1,1,1,2,1,1,1
SF,IC2006,2019-11-27 09:33:11.600,4615.0000,16652,0,56353320.000,0,-,-,-,-,4616.2000,4615.0000,4613.2000,4613.0000,4612.6000,4617.0000,4618.4000,4620.0000,4622.0000,4626.0000,2,3,1,1,2,1,1,1,1,1
SF,IC2006,2019-11-27 09:33:12.100,4615.0000,16652,0,56353320.000,0,-,-,-,-,4616.2000,4615.0000,4613.2000,4613.0000,4612.6000,4617.0000,4618.4000,4620.0000,4622.0000,4626.0000,3,3,1,1,2,1,1,1,1,1
SF,IC2006,2019-11-27 09:33:12.600,4617.0000,16651,-1,57276720.000,1,0,1,双平,S,4616.2000,4615.0000,4613.2000,4613.0000,4612.6000,4618.4000,4620.0000,4622.0000,4626.0000,4626.6000,3,3,1,1,2,1,1,1,1,1
SF,IC2006,2019-11-27 09:33:13.100,4617.0000,16651,0,57276720.000,0,-,-,-,-,4616.2000,4615.0000,4613.2000,4613.0000,4612.6000,4618.0000,4618.4000,4620.0000,4622.0000,4626.0000,3,3,1,1,2,1,1,1,1,1
SF,IC2006,2019-11-27 09:33:13.600,4617.0000,16651,0,57276720.000,0,-,-,-,-,4616.2000,4616.0000,4615.0000,4613.2000,4613.0000,4617.8000,4618.0000,4618.4000,4620.0000,4622.0000,3,1,3,1,1,1,1,1,1,1
SF,IC2006,2019-11-27 09:33:14.600,4617.0000,16651,0,57276720.000,0,-,-,-,-,4616.2000,4616.0000,4615.0000,4613.2000,4613.0000,4617.6000,4617.8000,4618.0000,4618.4000,4620.0000,3,1,3,1,1,1,1,1,1,1
SF,IC2006,2019-11-27 09:33:15.600,4617.0000,16651,0,57276720.000,0,-,-,-,-,4616.2000,4616.0000,4615.0000,4613.2000,4613.0000,4617.8000,4618.0000,4618.4000,4620.0000,4622.0000,3,1,3,1,1,1,1,1,1,1
SF,IC2006,2019-11-27 09:33:16.600,4617.0000,16651,0,57276720.000,0,-,-,-,-,4616.2000,4616.0000,4615.0000,4613.2000,4613.0000,4617.8000,4618.0000,4618.4000,4618.8000,4620.0000,3,1,3,1,1,1,1,1,1,1
SF,IC2006,2019-11-27 09:33:17.100,4617.0000,16651,0,57276720.000,0,-,-,-,-,4616.2000,4616.0000,4615.0000,4613.2000,4613.0000,4617.2000,4617.6000,4617.8000,4618.0000,4618.4000,3,1,3,1,1,1,1,1,1,1
SF,IC2006,2019-11-27 09:33:18.100,4617.0000,16651,0,57276720.000,0,-,-,-,-,4616.2000,4616.0000,4615.0000,4613.2000,4613.0000,4617.2000,4617.6000,4617.8000,4618.0000,4618.4000,3,1,3,1,1,1,1,1,1,1
SF,IC2006,2019-11-27 09:33:18.600,4617.0000,16651,0,57276720.000,0,-,-,-,-,4616.2000,4616.0000,4615.0000,4613.2000,4613.0000,4617.6000,4617.8000,4618.0000,4618.4000,4620.0000,3,1,3,1,1,1,1,1,1,1
SF,IC2006,2019-11-27 09:33:19.100,4617.0000,16651,0,57276720.000,0,-,-,-,-,4616.2000,4616.0000,4615.0000,4613.2000,4613.0000,4617.4000,4617.8000,4618.4000,4620.0000,4622.0000,3,1,3,1,1,1,1,1,1,1
SF,IC2006,2019-11-27 09:33:20.600,4617.0000,16651,0,57276720.000,0,-,-,-,-,4616.2000,4616.0000,4615.0000,4613.2000,4613.0000,4616.8000,4617.2000,4617.4000,4617.8000,4618.4000,3,1,3,1,1,1,1,1,1,1
SF,IC2006,2019-11-27 09:33:21.100,4617.0000,16651,0,57276720.000,0,-,-,-,-,4616.2000,4616.0000,4615.0000,4613.2000,4613.0000,4616.8000,4617.2000,4617.4000,4617.8000,4618.4000,1,1,3,1,1,1,1,1,1,1
SF,IC2006,2019-11-27 09:33:21.600,4616.8000,16651,0,58200080.000,1,0,1,多换,S,4616.2000,4616.0000,4615.0000,4613.2000,4613.0000,4616.6000,4616.8000,4617.2000,4617.4000,4617.8000,1,1,3,1,1,1,1,1,1,1
SF,IC2006,2019-11-27 09:33:22.100,4616.2000,16650,-1,60969760.000,3,1,2,多平,S,4615.0000,4613.2000,4613.0000,4612.6000,4611.8000,4616.0000,4616.2000,4616.6000,4616.8000,4617.4000,3,1,1,2,1,1,1,1,1,1
SF,IC2006,2019-11-27 09:33:22.600,4616.2000,16650,0,60969760.000,0,-,-,-,-,4615.0000,4613.2000,4613.0000,4612.6000,4611.8000,4616.2000,4616.6000,4616.8000,4617.4000,4617.8000,3,1,1,2,1,2,1,1,1,1
SF,IC2006,2019-11-27 09:33:23.100,4616.2000,16650,0,60969760.000,0,-,-,-,-,4615.0000,4613.2000,4613.0000,4612.6000,4611.8000,4616.2000,4616.6000,4616.8000,4617.8000,4618.4000,3,1,1,2,1,1,1,1,1,1
SF,IC2006,2019-11-27 09:33:23.600,4616.2000,16649,-1,61893000.000,1,0,1,双平,S,4615.2000,4615.0000,4613.2000,4613.0000,4612.6000,4616.0000,4617.8000,4618.4000,4620.0000,4622.0000,1,3,1,1,2,1,1,1,1,1
SF,IC2006,2019-11-27 09:33:24.100,4616.0000,16649,0,62816200.000,1,0,1,多换,S,4615.2000,4615.0000,4613.2000,4613.0000,4612.6000,4617.8000,4618.4000,4620.0000,4622.0000,4626.0000,1,3,1,1,2,1,1,1,1,1
SF,IC2006,2019-11-27 09:33:24.600,4616.0000,16649,0,62816200.000,0,-,-,-,-,4615.2000,4615.0000,4613.2000,4613.0000,4612.6000,4617.4000,4617.8000,4618.4000,4620.0000,4622.0000,1,3,1,1,2,1,1,1,1,1
SF,IC2006,2019-11-27 09:33:25.100,4616.0000,16649,0,62816200.000,0,-,-,-,-,4615.2000,4615.0000,4613.2000,4613.0000,4612.6000,4617.2000,4617.4000,4617.8000,4618.4000,4620.0000,1,3,1,1,2,2,1,1,1,1
SF,IC2006,2019-11-27 09:33:25.600,4616.0000,16649,0,62816200.000,0,-,-,-,-,4615.2000,4615.0000,4613.2000,4613.0000,4612.6000,4617.0000,4617.2000,4617.4000,4617.8000,4618.4000,1,3,1,1,2,1,3,1,1,1
SF,IC2006,2019-11-27 09:33:26.100,4615.2000,16649,0,63739240.000,1,0,1,多换,S,4615.0000,4613.2000,4613.0000,4612.6000,4611.8000,4616.8000,4617.0000,4617.2000,4617.8000,4618.0000,3,1,2,2,1,1,1,2,1,1
SF,IC2006,2019-11-27 09:33:26.600,4616.8000,16648,-1,64662600.000,1,0,1,双平,S,4615.0000,4613.2000,4613.0000,4612.6000,4611.8000,4616.4000,4617.2000,4617.8000,4618.4000,4620.0000,3,1,1,2,1,1,2,1,1,1
SF,IC2006,2019-11-27 09:33:27.100,4616.8000,16648,0,64662600.000,0,-,-,-,-,4615.0000,4613.2000,4613.0000,4612.6000,4611.8000,4616.2000,4616.4000,4617.2000,4617.8000,4618.4000,3,1,1,2,1,1,1,1,1,1
SF,IC2006,2019-11-27 09:33:28.100,4616.8000,16648,0,64662600.000,0,-,-,-,-,4615.0000,4613.2000,4613.0000,4612.6000,4611.8000,4616.2000,4616.4000,4617.2000,4617.8000,4618.4000,4,1,1,2,1,1,1,1,1,1
SF,IC2006,2019-11-27 09:33:29.600,4616.8000,16648,0,64662600.000,0,-,-,-,-,4615.0000,4613.2000,4613.0000,4612.6000,4611.8000,4616.0000,4616.2000,4617.2000,4617.8000,4618.4000,4,1,1,2,1,1,1,1,1,1
SF,IC2006,2019-11-27 09:33:31.600,4616.8000,16648,0,64662600.000,0,-,-,-,-,4615.0000,4613.2000,4613.0000,4612.6000,4611.8000,4616.0000,4616.2000,4617.2000,4617.8000,4618.4000,4,1,1,2,1,1,1,1,1,1
SF,IC2006,2019-11-27 09:33:32.100,4616.8000,16648,0,64662600.000,0,-,-,-,-,4615.0000,4613.2000,4613.0000,4612.6000,4611.8000,4616.0000,4616.2000,4617.2000,4617.8000,4618.4000,4,1,1,2,1,1,1,1,4,1
SF,IC2006,2019-11-27 09:33:33.600,4616.0000,16649,1,65585800.000,1,1,0,双开,S,4616.0000,4615.0000,4613.2000,4613.0000,4612.6000,4617.2000,4617.8000,4618.4000,4620.0000,4622.0000,1,4,1,1,2,1,4,1,1,1
SF,IC2006,2019-11-27 09:33:34.100,4616.0000,16649,0,66509000.000,1,0,1,多换,S,4615.0000,4613.2000,4613.0000,4612.6000,4611.8000,4616.0000,4617.0000,4617.2000,4617.8000,4618.4000,4,1,1,2,1,1,2,1,4,1
SF,IC2006,2019-11-27 09:33:34.600,4616.0000,16648,-1,67432200.000,1,0,1,双平,S,4616.0000,4615.0000,4613.2000,4613.0000,4612.6000,4617.2000,4617.8000,4618.4000,4620.0000,4622.0000,1,4,1,1,2,1,1,1,1,1
SF,IC2006,2019-11-27 09:33:35.100,4616.0000,16648,0,67432200.000,0,-,-,-,-,4616.0000,4615.0000,4613.2000,4613.0000,4612.6000,4617.2000,4617.8000,4618.4000,4620.0000,4622.0000,2,4,1,1,2,1,1,1,1,1
SF,IC2006,2019-11-27 09:33:37.100,4616.0000,16648,0,67432200.000,0,-,-,-,-,4616.0000,4615.0000,4613.2000,4613.0000,4612.6000,4617.8000,4618.4000,4620.0000,4622.0000,4622.2000,2,4,1,1,2,1,1,1,1,1
SF,IC2006,2019-11-27 09:33:38.600,4617.8000,16647,-1,68355760.000,1,0,1,双平,S,4616.0000,4615.0000,4613.2000,4613.0000,4612.6000,4617.6000,4618.4000,4620.0000,4622.0000,4622.2000,2,4,1,1,2,1,1,1,1,1
SF,IC2006,2019-11-27 09:33:39.100,4617.6000,16646,-1,69279280.000,1,0,1,双平,S,4616.0000,4615.0000,4613.2000,4613.0000,4612.6000,4617.6000,4620.0000,4622.0000,4622.2000,4626.0000,1,4,1,1,2,1,1,1,1,1
SF,IC2006,2019-11-27 09:33:39.600,4617.6000,16645,-1,70202800.000,1,0,1,双平,S,4616.2000,4616.0000,4615.0000,4613.2000,4613.0000,4620.0000,4622.0000,4622.2000,4626.0000,4626.6000,1,1,4,1,1,1,1,1,1,1
SF,IC2006,2019-11-27 09:33:40.100,4617.6000,16645,0,70202800.000,0,-,-,-,-,4616.2000,4616.0000,4615.0000,4613.2000,4613.0000,4619.8000,4620.0000,4622.0000,4622.2000,4626.0000,1,1,4,1,1,2,2,1,1,1
SF,IC2006,2019-11-27 09:33:40.600,4617.6000,16645,0,70202800.000,0,-,-,-,-,4616.2000,4616.0000,4615.0000,4613.2000,4613.0000,4619.0000,4619.8000,4620.0000,4622.0000,4622.2000,1,1,4,1,1,1,1,2,1,1
SF,IC2006,2019-11-27 09:33:41.100,4617.6000,16645,0,70202800.000,0,-,-,-,-,4616.2000,4616.0000,4615.0000,4613.2000,4613.0000,4619.0000,4620.0000,4622.0000,4622.2000,4626.0000,1,1,4,1,1,1,2,1,1,1
SF,IC2006,2019-11-27 09:33:41.600,4617.6000,16645,0,70202800.000,0,-,-,-,-,4616.4000,4616.2000,4616.0000,4615.0000,4613.2000,4620.0000,4622.0000,4622.2000,4626.0000,4626.6000,1,1,1,4,1,1,1,1,1,1
SF,IC2006,2019-11-27 09:33:42.100,4617.6000,16645,0,70202800.000,0,-,-,-,-,4616.6000,4616.4000,4616.0000,4615.0000,4613.2000,4620.0000,4622.0000,4622.2000,4626.0000,4626.6000,1,1,1,4,1,1,1,1,1,1
SF,IC2006,2019-11-27 09:33:43.100,4617.6000,16645,0,70202800.000,0,-,-,-,-,4617.0000,4616.6000,4616.4000,4616.0000,4615.0000,4620.0000,4622.0000,4622.2000,4626.0000,4626.6000,1,1,1,1,4,1,1,1,1,1
SF,IC2006,2019-11-27 09:33:43.600,4617.6000,16645,0,70202800.000,0,-,-,-,-,4617.2000,4617.0000,4616.0000,4615.0000,4613.2000,4620.0000,4622.0000,4624.6000,4626.0000,4626.6000,1,1,1,4,1,1,1,1,1,1
SF,IC2006,2019-11-27 09:33:44.100,4617.6000,16645,0,70202800.000,0,-,-,-,-,4617.6000,4617.2000,4617.0000,4616.0000,4615.0000,4620.0000,4622.0000,4624.6000,4626.0000,4626.6000,1,1,1,1,4,1,1,1,1,1
SF,IC2006,2019-11-27 09:33:44.600,4617.6000,16645,0,70202800.000,0,-,-,-,-,4617.8000,4617.6000,4617.0000,4616.0000,4615.0000,4620.0000,4622.0000,4624.6000,4626.0000,4626.6000,1,1,1,1,4,1,1,1,1,1
SF,IC2006,2019-11-27 09:33:45.100,4617.6000,16645,0,70202800.000,0,-,-,-,-,4617.8000,4617.6000,4617.0000,4616.0000,4615.0000,4620.0000,4620.2000,4622.0000,4624.6000,4626.0000,1,1,1,1,4,1,1,1,1,1
SF,IC2006,2019-11-27 09:33:45.600,4617.6000,16645,0,70202800.000,0,-,-,-,-,4618.0000,4617.8000,4617.6000,4616.0000,4615.0000,4620.0000,4620.2000,4622.0000,4624.6000,4626.0000,1,1,1,1,4,1,1,1,1,1
SF,IC2006,2019-11-27 09:33:46.100,4617.6000,16645,0,70202800.000,0,-,-,-,-,4618.0000,4616.0000,4615.0000,4613.2000,4613.0000,4619.0000,4620.0000,4620.2000,4622.0000,4624.6000,1,1,4,1,1,1,1,1,1,1
SF,IC2006,2019-11-27 09:33:46.600,4619.0000,16645,0,71126600.000,1,0,1,多换,S,4618.2000,4616.0000,4615.0000,4613.2000,4613.0000,4620.0000,4620.2000,4622.0000,4624.6000,4626.0000,1,1,4,1,1,1,1,1,1,1
SF,IC2006,2019-11-27 09:33:47.600,4619.0000,16645,0,71126600.000,0,-,-,-,-,4618.2000,4616.0000,4615.0000,4613.2000,4613.0000,4620.0000,4620.2000,4622.0000,4624.6000,4626.0000,1,1,4,1,1,1,1,1,1,1
SF,IC2006,2019-11-27 09:33:48.100,4619.0000,16645,0,71126600.000,0,-,-,-,-,4616.0000,4615.0000,4613.2000,4613.0000,4612.6000,4618.0000,4619.8000,4620.0000,4620.2000,4622.0000,1,4,1,1,2,1,1,1,1,1
SF,IC2006,2019-11-27 09:33:48.600,4618.0000,16644,-1,72050200.000,1,0,1,双平,S,4618.0000,4617.0000,4616.2000,4616.0000,4615.0000,4619.8000,4620.0000,4620.2000,4622.0000,4624.6000,1,1,2,1,4,1,1,1,1,1
SF,IC2006,2019-11-27 09:33:49.100,4618.0000,16644,0,72050200.000,0,-,-,-,-,4617.0000,4616.0000,4615.0000,4613.2000,4613.0000,4619.6000,4620.0000,4620.2000,4622.0000,4624.6000,1,1,4,1,1,1,1,1,1,1
SF,IC2006,2019-11-27 09:33:49.600,4618.0000,16644,0,72050200.000,0,-,-,-,-,4616.0000,4615.0000,4613.2000,4613.0000,4612.6000,4618.0000,4619.2000,4619.6000,4620.0000,4620.2000,1,4,1,1,2,1,1,1,1,1
SF,IC2006,2019-11-27 09:33:50.100,4618.0000,16644,0,72050200.000,0,-,-,-,-,4616.2000,4616.0000,4615.0000,4613.2000,4613.0000,4618.0000,4619.0000,4619.2000,4620.0000,4620.2000,2,1,4,1,1,1,1,1,1,1
SF,IC2006,2019-11-27 09:33:50.600,4618.0000,16644,0,72050200.000,0,-,-,-,-,4616.2000,4616.0000,4615.0000,4613.2000,4613.0000,4618.0000,4619.0000,4619.2000,4620.0000,4620.2000,1,1,4,1,1,1,1,1,1,1
SF,IC2006,2019-11-27 09:33:51.100,4618.0000,16644,0,72050200.000,0,-,-,-,-,4616.0000,4615.0000,4613.2000,4613.0000,4612.6000,4617.8000,4618.0000,4619.0000,4619.2000,4620.0000,1,4,1,1,2,1,1,1,1,1
SF,IC2006,2019-11-27 09:33:51.600,4618.0000,16644,0,72050200.000,0,-,-,-,-,4616.0000,4615.0000,4613.2000,4613.0000,4612.6000,4617.8000,4618.0000,4619.2000,4620.0000,4620.2000,1,4,1,1,2,1,1,1,1,1
SF,IC2006,2019-11-27 09:33:52.100,4617.8000,16644,0,72973760.000,1,0,1,多换,S,4616.0000,4615.0000,4613.2000,4613.0000,4612.6000,4618.0000,4619.2000,4620.0000,4620.2000,4622.0000,1,4,1,1,2,1,1,1,1,2
SF,IC2006,2019-11-27 09:33:52.600,4617.8000,16644,0,72973760.000,0,-,-,-,-,4616.0000,4615.0000,4613.2000,4613.0000,4612.6000,4618.0000,4619.2000,4620.0000,4620.2000,4622.0000,1,4,1,1,2,1,1,1,1,2
SF,IC2006,2019-11-27 09:33:53.600,4617.8000,16644,0,72973760.000,0,-,-,-,-,4616.0000,4615.8000,4615.0000,4613.2000,4613.0000,4620.0000,4620.2000,4622.0000,4624.6000,4626.0000,1,1,4,1,1,1,1,2,1,1
SF,IC2006,2019-11-27 09:33:54.100,4617.8000,16644,0,72973760.000,0,-,-,-,-,4616.0000,4615.8000,4615.0000,4613.2000,4613.0000,4619.8000,4620.0000,4620.2000,4622.0000,4624.6000,1,1,4,1,1,2,4,1,2,1
SF,IC2006,2019-11-27 09:33:54.600,4617.8000,16644,0,72973760.000,0,-,-,-,-,4616.0000,4615.8000,4615.0000,4613.2000,4613.0000,4617.8000,4618.2000,4618.4000,4618.6000,4619.6000,1,1,4,1,1,1,1,1,1,1
SF,IC2006,2019-11-27 09:33:55.100,4617.8000,16644,0,72973760.000,0,-,-,-,-,4616.0000,4615.8000,4615.0000,4613.2000,4613.0000,4617.8000,4618.2000,4618.6000,4620.0000,4620.2000,1,1,4,1,1,1,1,1,4,1
SF,IC2006,2019-11-27 09:33:55.600,4617.8000,16644,0,72973760.000,0,-,-,-,-,4616.0000,4615.8000,4615.0000,4613.2000,4613.0000,4617.8000,4618.6000,4620.0000,4620.2000,4622.0000,1,1,4,1,1,1,1,4,1,2
SF,IC2006,2019-11-27 09:33:56.100,4617.8000,16644,0,72973760.000,0,-,-,-,-,4616.0000,4615.8000,4615.0000,4613.2000,4613.0000,4620.0000,4620.2000,4622.0000,4623.2000,4626.0000,1,1,4,1,1,4,1,2,1,1
SF,IC2006,2019-11-27 09:33:56.600,4617.8000,16644,0,72973760.000,0,-,-,-,-,4616.0000,4615.8000,4615.0000,4613.2000,4613.0000,4619.8000,4620.0000,4620.2000,4622.0000,4623.2000,1,1,4,1,1,1,3,1,2,1
SF,IC2006,2019-11-27 09:33:57.100,4617.8000,16644,0,72973760.000,0,-,-,-,-,4616.0000,4615.8000,4615.0000,4613.2000,4613.0000,4618.4000,4618.8000,4619.2000,4619.8000,4620.0000,1,1,4,1,1,1,1,1,1,4
SF,IC2006,2019-11-27 09:33:57.600,4617.8000,16644,0,72973760.000,0,-,-,-,-,4616.0000,4615.8000,4615.0000,4613.2000,4613.0000,4618.2000,4618.4000,4618.8000,4619.2000,4619.6000,1,1,4,1,1,1,2,1,1,1
SF,IC2006,2019-11-27 09:33:58.100,4617.8000,16644,0,72973760.000,0,-,-,-,-,4616.0000,4615.8000,4615.0000,4613.2000,4613.0000,4617.6000,4618.2000,4618.4000,4618.8000,4619.6000,1,1,4,1,1,1,2,3,1,1
SF,IC2006,2019-11-27 09:33:58.600,4617.8000,16644,0,72973760.000,0,-,-,-,-,4616.0000,4615.8000,4615.0000,4613.2000,4613.0000,4617.6000,4618.2000,4618.4000,4618.8000,4620.0000,1,1,4,1,1,2,1,1,1,4
SF,IC2006,2019-11-27 09:33:59.600,4616.0000,16643,-1,73896960.000,1,0,1,双平,S,4615.8000,4615.0000,4613.2000,4613.0000,4612.6000,4617.6000,4618.2000,4618.8000,4620.0000,4620.2000,1,4,1,1,2,2,1,1,4,1
SF,IC2006,2019-11-27 09:34:00.100,4615.8000,16643,0,74820120.000,1,0,1,多换,S,4615.8000,4615.0000,4613.2000,4613.0000,4612.6000,4616.8000,4617.4000,4620.0000,4620.2000,4622.0000,1,4,1,1,2,1,3,4,1,2
SF,IC2006,2019-11-27 09:34:00.600,4615.8000,16642,-1,75743280.000,1,0,1,双平,S,4615.0000,4613.2000,4613.0000,4612.6000,4611.8000,4615.8000,4616.8000,4617.4000,4620.0000,4620.2000,4,1,1,2,1,1,1,2,4,1
SF,IC2006,2019-11-27 09:34:01.100,4615.8000,16642,0,75743280.000,0,-,-,-,-,4615.0000,4613.2000,4613.0000,4612.6000,4611.8000,4615.8000,4616.2000,4616.8000,4617.4000,4620.0000,4,1,1,2,1,1,1,1,1,4
SF,IC2006,2019-11-27 09:34:01.600,4615.0000,16640,-2,79435280.000,4,1,3,多平,S,4613.2000,4613.0000,4612.6000,4611.8000,4610.0000,4615.0000,4616.2000,4617.4000,4620.0000,4620.2000,1,1,2,1,2,1,1,1,4,1
SF,IC2006,2019-11-27 09:34:02.100,4615.0000,16640,0,79435280.000,0,-,-,-,-,4613.4000,4613.2000,4613.0000,4612.6000,4611.8000,4616.2000,4617.4000,4620.0000,4620.2000,4622.0000,1,1,1,2,1,1,1,4,1,2
SF,IC2006,2019-11-27 09:34:02.600,4615.0000,16640,0,79435280.000,0,-,-,-,-,4613.4000,4613.2000,4613.0000,4612.6000,4611.8000,4617.4000,4620.0000,4620.2000,4622.0000,4623.2000,1,1,1,2,1,1,4,1,2,1
SF,IC2006,2019-11-27 09:34:03.100,4615.0000,16640,0,79435280.000,0,-,-,-,-,4613.4000,4613.2000,4613.0000,4612.6000,4611.8000,4617.2000,4617.4000,4617.6000,4620.0000,4620.2000,1,1,1,2,1,3,1,2,4,1
SF,IC2006,2019-11-27 09:34:04.100,4615.0000,16640,0,79435280.000,0,-,-,-,-,4616.4000,4613.4000,4613.2000,4613.0000,4612.6000,4617.2000,4617.4000,4617.6000,4620.0000,4620.2000,1,1,1,1,2,3,1,2,4,1
SF,IC2006,2019-11-27 09:34:04.600,4616.4000,16639,-1,80358560.000,1,0,1,双平,S,4613.2000,4613.0000,4612.6000,4611.8000,4610.0000,4616.4000,4617.2000,4617.6000,4619.8000,4620.0000,1,1,2,1,2,1,1,2,1,4
SF,IC2006,2019-11-27 09:34:05.100,4616.4000,16638,-1,81281840.000,1,0,1,双平,S,4613.8000,4613.4000,4613.2000,4613.0000,4612.6000,4617.2000,4619.8000,4620.0000,4620.2000,4622.0000,1,3,1,1,2,1,1,4,1,2
SF,IC2006,2019-11-27 09:34:05.600,4616.4000,16638,0,81281840.000,0,-,-,-,-,4614.0000,4613.8000,4613.4000,4613.2000,4613.0000,4619.6000,4619.8000,4620.0000,4620.2000,4622.0000,3,1,2,1,1,1,1,4,1,2
SF,IC2006,2019-11-27 09:34:06.100,4616.4000,16638,0,81281840.000,0,-,-,-,-,4614.0000,4613.8000,4613.4000,4613.2000,4613.0000,4618.4000,4619.4000,4619.6000,4619.8000,4620.0000,3,1,1,1,1,1,2,1,1,4
SF,IC2006,2019-11-27 09:34:06.600,4616.4000,16638,0,81281840.000,0,-,-,-,-,4614.8000,4614.0000,4613.8000,4613.4000,4613.2000,4618.2000,4618.8000,4619.6000,4619.8000,4620.0000,1,3,1,1,1,1,1,1,1,4
SF,IC2006,2019-11-27 09:34:07.100,4616.4000,16638,0,81281840.000,0,-,-,-,-,4614.8000,4613.8000,4613.4000,4613.2000,4613.0000,4618.0000,4618.2000,4619.6000,4619.8000,4620.0000,2,1,1,1,1,1,1,1,1,4
SF,IC2006,2019-11-27 09:34:07.600,4616.4000,16638,0,81281840.000,0,-,-,-,-,4614.8000,4613.8000,4613.4000,4613.2000,4613.0000,4617.8000,4618.0000,4618.4000,4619.6000,4619.8000,2,1,1,1,1,1,1,1,1,1
SF,IC2006,2019-11-27 09:34:08.100,4616.4000,16638,0,81281840.000,0,-,-,-,-,4614.8000,4613.8000,4613.4000,4613.2000,4613.0000,4617.8000,4618.0000,4618.4000,4619.6000,4619.8000,1,1,1,1,1,1,1,1,1,1
SF,IC2006,2019-11-27 09:34:08.600,4616.4000,16638,0,81281840.000,0,-,-,-,-,4614.8000,4613.8000,4613.4000,4613.2000,4613.0000,4617.0000,4617.8000,4618.4000,4619.6000,4619.8000,1,1,1,1,1,1,1,1,1,1
SF,IC2006,2019-11-27 09:34:09.100,4616.4000,16638,0,81281840.000,0,-,-,-,-,4613.8000,4613.2000,4613.0000,4612.6000,4611.8000,4617.0000,4617.4000,4618.4000,4619.8000,4620.0000,1,1,1,2,1,1,1,1,1,4
SF,IC2006,2019-11-27 09:34:09.600,4616.4000,16638,0,81281840.000,0,-,-,-,-,4614.2000,4614.0000,4613.2000,4613.0000,4612.6000,4617.0000,4617.4000,4618.4000,4619.8000,4620.0000,1,1,1,1,2,1,1,1,1,4
SF,IC2006,2019-11-27 09:34:10.100,4616.4000,16638,0,81281840.000,0,-,-,-,-,4614.4000,4614.2000,4613.2000,4613.0000,4612.6000,4617.0000,4617.4000,4618.4000,4619.8000,4620.0000,1,1,1,1,2,1,1,1,1,4
SF,IC2006,2019-11-27 09:34:10.600,4616.4000,16638,0,81281840.000,0,-,-,-,-,4614.4000,4613.2000,4613.0000,4612.6000,4611.8000,4617.0000,4617.4000,4618.4000,4619.8000,4620.0000,2,1,1,2,1,1,1,1,1,4
SF,IC2006,2019-11-27 09:34:11.100,4616.4000,16638,0,81281840.000,0,-,-,-,-,4614.4000,4613.2000,4613.0000,4612.6000,4611.8000,4616.0000,4616.6000,4617.0000,4618.4000,4619.8000,2,1,1,2,1,1,1,1,1,1
SF,IC2006,2019-11-27 09:34:11.600,4616.4000,16638,0,81281840.000,0,-,-,-,-,4613.2000,4613.0000,4612.6000,4611.8000,4610.0000,4616.0000,4616.6000,4617.0000,4618.4000,4619.8000,1,1,2,1,2,1,1,1,1,1
SF,IC2006,2019-11-27 09:34:12.100,4613.2000,16636,-2,84049840.000,3,0,3,多平,S,4613.0000,4612.6000,4611.8000,4611.6000,4610.0000,4613.2000,4616.0000,4616.6000,4617.0000,4618.4000,1,2,1,1,2,2,1,1,1,1
SF,IC2006,2019-11-27 09:34:12.600,4613.2000,16629,-7,91430960.000,8,0,8,多平,S,4613.2000,4613.0000,4612.6000,4611.8000,4610.0000,4616.0000,4617.0000,4618.4000,4619.8000,4620.0000,2,1,2,1,2,1,1,1,1,4
SF,IC2006,2019-11-27 09:34:13.100,4613.2000,16629,0,91430960.000,0,-,-,-,-,4613.2000,4613.0000,4612.6000,4611.8000,4610.0000,4615.8000,4616.0000,4617.0000,4618.4000,4619.8000,2,1,2,1,2,1,1,1,1,1
SF,IC2006,2019-11-27 09:34:13.600,4613.2000,16629,0,91430960.000,0,-,-,-,-,4613.6000,4613.2000,4613.0000,4612.6000,4611.8000,4615.8000,4616.0000,4618.4000,4619.8000,4620.0000,1,2,1,2,1,1,1,1,1,4
SF,IC2006,2019-11-27 09:34:14.100,4615.8000,16629,0,92354120.000,1,0,1,多换,S,4613.6000,4613.2000,4613.0000,4612.8000,4612.6000,4616.0000,4617.8000,4618.4000,4619.8000,4620.0000,1,2,1,1,2,1,1,1,1,4
SF,IC2006,2019-11-27 09:34:14.600,4615.8000,16629,0,92354120.000,0,-,-,-,-,4613.8000,4613.6000,4613.2000,4613.0000,4612.6000,4618.4000,4619.8000,4620.0000,4620.2000,4622.0000,1,1,2,1,2,1,1,4,1,2
SF,IC2006,2019-11-27 09:34:15.100,4615.8000,16629,0,92354120.000,0,-,-,-,-,4613.8000,4613.6000,4613.2000,4613.0000,4612.6000,4617.2000,4617.6000,4618.2000,4618.4000,4619.8000,1,1,2,1,2,1,2,3,1,1
SF,IC2006,2019-11-27 09:34:15.600,4615.8000,16629,0,92354120.000,0,-,-,-,-,4613.8000,4613.6000,4613.2000,4613.0000,4612.6000,4616.0000,4617.0000,4617.6000,4618.2000,4618.4000,1,1,2,1,2,1,1,2,1,1
SF,IC2006,2019-11-27 09:34:16.100,4615.8000,16629,0,92354120.000,0,-,-,-,-,4613.8000,4613.6000,4613.2000,4613.0000,4612.6000,4616.0000,4617.6000,4618.2000,4618.4000,4619.8000,1,1,2,1,2,1,2,1,1,1
SF,IC2006,2019-11-27 09:34:16.600,4615.8000,16629,0,92354120.000,0,-,-,-,-,4613.8000,4613.2000,4613.0000,4612.6000,4611.8000,4615.6000,4618.2000,4618.4000,4619.8000,4620.0000,1,2,1,2,1,1,1,1,1,4
SF,IC2006,2019-11-27 09:34:17.100,4615.8000,16629,0,92354120.000,0,-,-,-,-,4614.0000,4613.8000,4613.2000,4613.0000,4612.6000,4615.6000,4618.2000,4618.4000,4619.8000,4620.0000,1,1,2,1,2,1,1,1,1,4
SF,IC2006,2019-11-27 09:34:17.600,4615.8000,16629,0,92354120.000,0,-,-,-,-,4614.0000,4613.2000,4613.0000,4612.6000,4611.8000,4616.4000,4618.2000,4618.4000,4619.8000,4620.0000,1,2,1,2,1,2,1,1,1,4
SF,IC2006,2019-11-27 09:34:18.100,4615.8000,16629,0,92354120.000,0,-,-,-,-,4615.8000,4614.2000,4614.0000,4613.2000,4613.0000,4616.0000,4616.4000,4618.4000,4619.8000,4620.0000,2,1,1,1,1,1,2,1,1,4
SF,IC2006,2019-11-27 09:34:18.600,4616.4000,16627,-2,94200600.000,2,0,2,双平,S,4616.0000,4615.8000,4614.0000,4613.2000,4613.0000,4616.4000,4618.4000,4619.8000,4620.0000,4620.2000,1,2,2,1,1,1,1,1,4,1
SF,IC2006,2019-11-27 09:34:19.100,4616.4000,16626,-1,95123880.000,1,0,1,双平,S,4616.4000,4616.0000,4615.8000,4614.0000,4613.2000,4618.4000,4619.8000,4620.0000,4620.2000,4622.0000,1,1,2,2,1,1,1,4,1,2
SF,IC2006,2019-11-27 09:34:19.600,4616.4000,16626,0,95123880.000,0,-,-,-,-,4616.4000,4616.0000,4615.8000,4614.0000,4613.2000,4618.2000,4618.4000,4620.0000,4620.2000,4622.0000,1,1,2,2,1,1,1,4,1,2
SF,IC2006,2019-11-27 09:34:20.600,4616.4000,16626,0,95123880.000,0,-,-,-,-,4616.4000,4616.0000,4615.8000,4614.0000,4613.2000,4618.2000,4620.0000,4620.2000,4622.0000,4623.2000,1,1,2,2,1,1,4,1,2,1
SF,IC2006,2019-11-27 09:34:21.100,4616.4000,16626,0,95123880.000,0,-,-,-,-,4616.4000,4616.2000,4616.0000,4615.8000,4614.0000,4618.2000,4620.0000,4620.2000,4622.0000,4623.2000,1,3,1,2,2,1,4,1,2,1
SF,IC2006,2019-11-27 09:34:22.100,4616.4000,16626,0,95123880.000,0,-,-,-,-,4616.4000,4616.2000,4616.0000,4615.8000,4615.0000,4618.2000,4620.0000,4620.2000,4622.0000,4623.2000,1,3,1,2,1,1,4,1,2,1
SF,IC2006,2019-11-27 09:34:23.100,4616.4000,16626,0,95123880.000,0,-,-,-,-,4616.2000,4616.0000,4615.8000,4615.0000,4614.0000,4616.4000,4618.2000,4618.4000,4620.0000,4620.2000,3,1,2,1,2,1,1,1,4,1
SF,IC2006,2019-11-27 09:34:23.600,4616.4000,16625,-1,96970400.000,2,0,2,多平,S,4616.4000,4616.2000,4616.0000,4615.8000,4614.0000,4618.4000,4620.0000,4620.2000,4622.0000,4623.2000,1,2,1,2,2,1,4,1,2,1
SF,IC2006,2019-11-27 09:34:24.100,4616.4000,16625,0,97893680.000,1,0,1,多换,S,4616.2000,4616.0000,4615.8000,4614.0000,4613.2000,4618.4000,4620.0000,4620.2000,4622.0000,4623.2000,2,1,2,2,1,1,4,1,2,1
SF,IC2006,2019-11-27 09:34:24.600,4616.4000,16625,0,97893680.000,0,-,-,-,-,4616.2000,4616.0000,4615.8000,4614.0000,4613.2000,4617.2000,4617.8000,4618.2000,4618.4000,4620.0000,2,1,2,2,1,1,1,1,1,4
SF,IC2006,2019-11-27 09:34:25.100,4616.2000,16625,0,99740160.000,2,1,1,多换,S,4614.8000,4614.0000,4613.2000,4613.0000,4612.6000,4616.0000,4617.2000,4618.4000,4620.0000,4620.2000,1,2,1,1,2,1,1,1,4,1
SF,IC2006,2019-11-27 09:34:25.600,4614.8000,16625,0,100663120.000,1,0,1,多换,S,4614.0000,4613.2000,4613.0000,4612.6000,4611.8000,4615.2000,4615.8000,4616.0000,4617.2000,4618.4000,2,1,1,2,1,2,1,1,1,1
SF,IC2006,2019-11-27 09:34:26.100,4614.0000,16624,-1,101585920.000,1,0,1,双平,S,4614.0000,4613.2000,4613.0000,4612.6000,4611.8000,4615.2000,4615.8000,4616.0000,4617.2000,4618.4000,1,1,1,2,1,2,1,1,1,1
SF,IC2006,2019-11-27 09:34:26.600,4614.0000,16623,-1,102508720.000,1,0,1,双平,S,4613.0000,4612.6000,4611.8000,4610.0000,4608.2000,4613.8000,4615.2000,4615.8000,4616.0000,4617.2000,1,2,1,2,1,1,2,1,1,1
SF,IC2006,2019-11-27 09:34:27.100,4613.8000,16622,-1,103431480.000,1,0,1,双平,S,4613.8000,4613.0000,4612.6000,4611.8000,4610.0000,4615.2000,4615.8000,4616.0000,4617.2000,4618.4000,1,1,2,1,2,2,1,1,1,1
SF,IC2006,2019-11-27 09:34:27.600,4613.8000,16622,0,103431480.000,0,-,-,-,-,4613.8000,4613.0000,4612.6000,4611.8000,4610.0000,4615.2000,4615.8000,4616.0000,4617.2000,4618.4000,2,1,2,1,2,2,1,1,1,1
SF,IC2006,2019-11-27 09:34:28.600,4613.8000,16622,0,103431480.000,0,-,-,-,-,4613.8000,4613.0000,4612.6000,4611.8000,4610.0000,4615.2000,4615.8000,4616.0000,4618.4000,4620.0000,2,1,2,1,2,2,1,1,1,4
SF,IC2006,2019-11-27 09:34:30.600,4613.8000,16622,0,103431480.000,0,-,-,-,-,4613.8000,4613.0000,4612.6000,4611.8000,4610.0000,4615.2000,4615.8000,4616.0000,4616.6000,4618.4000,2,1,2,1,2,2,1,1,1,1
SF,IC2006,2019-11-27 09:34:31.600,4613.8000,16622,0,103431480.000,0,-,-,-,-,4613.8000,4613.0000,4612.6000,4611.8000,4610.0000,4615.8000,4616.0000,4616.6000,4618.4000,4620.0000,2,1,2,1,2,1,1,1,1,4
SF,IC2006,2019-11-27 09:34:33.100,4613.8000,16622,0,103431480.000,0,-,-,-,-,4613.8000,4613.0000,4612.6000,4611.8000,4610.0000,4616.0000,4616.6000,4618.4000,4620.0000,4620.2000,2,1,2,1,2,1,1,1,4,1
SF,IC2006,2019-11-27 09:34:33.600,4613.8000,16622,0,103431480.000,0,-,-,-,-,4613.8000,4613.0000,4612.6000,4611.8000,4610.0000,4615.8000,4616.0000,4616.6000,4618.4000,4620.0000,2,1,2,1,2,1,1,1,1,4
SF,IC2006,2019-11-27 09:34:34.100,4613.8000,16622,0,103431480.000,0,-,-,-,-,4613.8000,4613.0000,4612.6000,4611.8000,4610.0000,4616.0000,4618.4000,4620.0000,4620.2000,4622.0000,2,1,2,1,2,1,1,4,1,2
SF,IC2006,2019-11-27 09:34:34.600,4613.8000,16622,0,103431480.000,0,-,-,-,-,4613.8000,4613.0000,4612.6000,4611.8000,4610.0000,4616.0000,4618.4000,4620.0000,4620.2000,4622.0000,1,1,2,1,2,1,1,4,1,2
SF,IC2006,2019-11-27 09:34:35.100,4613.8000,16622,0,103431480.000,0,-,-,-,-,4613.8000,4613.0000,4612.6000,4611.8000,4610.0000,4616.0000,4618.0000,4618.4000,4620.0000,4620.2000,1,1,2,1,2,1,1,1,4,1
SF,IC2006,2019-11-27 09:34:36.100,4613.8000,16622,0,103431480.000,0,-,-,-,-,4613.8000,4613.0000,4612.6000,4611.8000,4610.0000,4615.4000,4616.0000,4618.0000,4618.4000,4620.0000,1,1,2,1,2,1,1,1,1,4
SF,IC2006,2019-11-27 09:34:36.600,4613.8000,16622,0,103431480.000,0,-,-,-,-,4613.8000,4613.0000,4612.6000,4611.8000,4610.0000,4615.2000,4615.4000,4615.8000,4616.0000,4618.0000,1,1,2,1,2,1,1,1,1,1
SF,IC2006,2019-11-27 09:34:37.100,4613.8000,16622,0,103431480.000,0,-,-,-,-,4613.8000,4613.0000,4612.6000,4611.8000,4610.0000,4615.8000,4616.0000,4618.0000,4618.4000,4620.0000,1,1,2,1,2,1,1,1,1,4
SF,IC2006,2019-11-27 09:34:37.600,4613.8000,16622,0,103431480.000,0,-,-,-,-,4613.8000,4613.0000,4612.6000,4611.8000,4610.0000,4615.8000,4616.0000,4618.0000,4618.4000,4620.0000,1,1,2,1,2,1,1,1,1,4
SF,IC2006,2019-11-27 09:34:38.100,4613.8000,16622,0,103431480.000,0,-,-,-,-,4613.8000,4613.0000,4612.6000,4611.8000,4610.0000,4615.0000,4615.6000,4615.8000,4616.0000,4618.0000,1,1,2,1,2,1,1,1,1,1
SF,IC2006,2019-11-27 09:34:38.600,4613.8000,16622,0,103431480.000,0,-,-,-,-,4613.8000,4613.0000,4612.6000,4611.8000,4610.0000,4615.0000,4615.8000,4616.0000,4618.0000,4618.4000,1,1,2,1,2,1,1,1,1,1
SF,IC2006,2019-11-27 09:34:39.100,4613.8000,16622,0,103431480.000,0,-,-,-,-,4613.8000,4613.0000,4612.6000,4611.8000,4610.0000,4615.8000,4616.0000,4618.0000,4618.4000,4620.0000,1,1,2,1,2,1,1,1,1,4
SF,IC2006,2019-11-27 09:34:39.600,4613.8000,16622,0,103431480.000,0,-,-,-,-,4613.8000,4613.0000,4612.6000,4611.8000,4610.0000,4615.8000,4616.0000,4618.0000,4618.4000,4620.0000,1,1,2,1,2,1,1,1,1,4
SF,IC2006,2019-11-27 09:34:40.100,4613.8000,16622,0,103431480.000,0,-,-,-,-,4613.8000,4613.0000,4612.6000,4611.8000,4610.0000,4615.8000,4616.0000,4618.0000,4618.4000,4620.0000,2,1,2,1,2,1,1,1,1,4
SF,IC2006,2019-11-27 09:34:40.600,4613.8000,16622,0,103431480.000,0,-,-,-,-,4613.8000,4613.0000,4612.6000,4611.8000,4610.0000,4614.8000,4616.0000,4618.0000,4618.4000,4620.0000,2,1,2,1,2,1,1,1,1,4
SF,IC2006,2019-11-27 09:34:41.600,4614.8000,16622,0,104354440.000,1,0,1,多换,S,4615.2000,4615.0000,4614.8000,4614.0000,4613.8000,4616.0000,4618.0000,4618.4000,4620.0000,4620.2000,1,1,3,1,2,1,1,1,4,1
SF,IC2006,2019-11-27 09:34:42.100,4614.8000,16622,0,104354440.000,0,-,-,-,-,4615.2000,4615.0000,4614.8000,4614.0000,4613.8000,4618.0000,4618.4000,4620.0000,4620.2000,4622.0000,1,1,3,1,2,1,1,4,1,1
SF,IC2006,2019-11-27 09:34:42.600,4614.8000,16622,0,104354440.000,0,-,-,-,-,4615.2000,4615.0000,4614.8000,4614.0000,4613.8000,4617.2000,4617.6000,4617.8000,4618.0000,4618.4000,1,1,3,1,2,1,2,2,1,1
SF,IC2006,2019-11-27 09:34:43.100,4614.8000,16622,0,104354440.000,0,-,-,-,-,4615.2000,4615.0000,4614.8000,4614.0000,4613.8000,4617.0000,4617.2000,4617.6000,4618.0000,4618.4000,1,1,3,1,2,2,1,2,1,1
SF,IC2006,2019-11-27 09:34:43.600,4614.8000,16622,0,104354440.000,0,-,-,-,-,4615.2000,4615.0000,4614.8000,4614.0000,4613.8000,4617.0000,4617.6000,4618.0000,4618.4000,4620.0000,1,1,3,1,2,2,2,1,1,4
SF,IC2006,2019-11-27 09:34:44.100,4614.8000,16622,0,104354440.000,0,-,-,-,-,4615.2000,4615.0000,4614.8000,4614.0000,4613.8000,4616.6000,4616.8000,4617.0000,4617.6000,4618.0000,1,1,3,1,2,1,1,2,2,1
SF,IC2006,2019-11-27 09:34:44.600,4614.8000,16622,0,104354440.000,0,-,-,-,-,4615.0000,4614.8000,4614.0000,4613.8000,4613.0000,4616.4000,4616.6000,4616.8000,4617.0000,4617.6000,1,3,1,2,1,1,1,1,1,2
SF,IC2006,2019-11-27 09:34:45.100,4614.8000,16622,0,104354440.000,0,-,-,-,-,4614.8000,4614.0000,4613.8000,4613.0000,4612.6000,4616.4000,4616.6000,4616.8000,4617.0000,4617.6000,2,1,2,1,2,1,1,1,1,2
SF,IC2006,2019-11-27 09:34:45.600,4614.8000,16622,0,104354440.000,0,-,-,-,-,4614.8000,4614.0000,4613.8000,4613.0000,4612.6000,4616.0000,4616.4000,4616.6000,4616.8000,4617.0000,2,1,2,1,2,1,1,1,1,1
SF,IC2006,2019-11-27 09:34:46.100,4614.8000,16622,0,104354440.000,0,-,-,-,-,4614.8000,4614.0000,4613.8000,4613.0000,4612.6000,4616.0000,4616.4000,4616.8000,4617.0000,4617.6000,2,1,2,1,2,2,1,1,1,2
SF,IC2006,2019-11-27 09:34:46.600,4614.8000,16622,0,104354440.000,0,-,-,-,-,4614.8000,4614.0000,4613.8000,4613.0000,4612.6000,4616.0000,4616.4000,4616.8000,4617.0000,4617.6000,2,1,2,1,2,1,1,1,1,2
SF,IC2006,2019-11-27 09:34:47.100,4614.8000,16622,0,104354440.000,0,-,-,-,-,4614.8000,4614.0000,4613.8000,4613.0000,4612.6000,4615.8000,4616.0000,4616.4000,4616.8000,4617.0000,2,1,2,1,2,1,1,1,1,1
SF,IC2006,2019-11-27 09:34:48.100,4614.8000,16622,0,104354440.000,0,-,-,-,-,4614.8000,4614.0000,4613.8000,4613.0000,4612.6000,4615.8000,4616.4000,4616.8000,4617.6000,4618.0000,2,1,2,1,2,1,1,1,2,1
SF,IC2006,2019-11-27 09:34:49.600,4615.8000,16621,-1,105277600.000,1,0,1,双平,S,4616.0000,4615.8000,4615.0000,4614.8000,4614.0000,4616.4000,4616.8000,4617.6000,4618.0000,4618.4000,2,1,2,2,1,1,1,2,1,1
SF,IC2006,2019-11-27 09:34:50.100,4616.0000,16620,-1,107124080.000,2,0,2,多平,S,4616.0000,4615.0000,4614.8000,4614.0000,4613.8000,4616.8000,4617.6000,4618.0000,4618.4000,4620.0000,1,2,2,1,2,1,2,1,1,4
SF,IC2006,2019-11-27 09:34:50.600,4616.8000,16620,0,108047440.000,1,0,1,多换,S,4616.4000,4616.0000,4615.0000,4614.8000,4614.0000,4618.0000,4618.4000,4620.0000,4620.2000,4623.2000,1,1,2,2,1,1,1,4,1,1
SF,IC2006,2019-11-27 09:34:51.100,4616.8000,16620,0,108047440.000,0,-,-,-,-,4616.0000,4615.0000,4614.8000,4614.0000,4613.8000,4617.8000,4618.0000,4618.4000,4620.0000,4620.2000,1,2,2,1,2,1,1,1,4,1
SF,IC2006,2019-11-27 09:34:51.600,4616.8000,16620,0,108047440.000,0,-,-,-,-,4616.0000,4615.0000,4614.8000,4613.8000,4613.0000,4617.8000,4618.0000,4618.4000,4620.0000,4620.2000,1,2,2,2,1,1,1,1,4,1
SF,IC2006,2019-11-27 09:34:52.100,4616.8000,16620,0,108047440.000,0,-,-,-,-,4616.0000,4615.0000,4614.8000,4613.8000,4613.0000,4617.6000,4617.8000,4618.0000,4618.4000,4620.0000,1,2,2,2,1,2,1,1,1,4
SF,IC2006,2019-11-27 09:34:52.600,4616.8000,16620,0,108047440.000,0,-,-,-,-,4616.8000,4615.0000,4614.8000,4613.8000,4613.0000,4617.4000,4617.6000,4618.0000,4618.4000,4620.0000,1,2,2,2,1,1,2,1,1,4
SF,IC2006,2019-11-27 09:34:53.100,4616.8000,16620,0,108970800.000,1,0,1,多换,S,4615.0000,4614.8000,4613.8000,4613.0000,4612.6000,4616.2000,4616.8000,4617.4000,4617.6000,4618.0000,2,2,2,1,2,2,1,1,2,1
SF,IC2006,2019-11-27 09:34:53.600,4616.8000,16620,0,108970800.000,0,-,-,-,-,4615.0000,4614.8000,4613.8000,4613.0000,4612.6000,4616.2000,4616.8000,4617.6000,4618.0000,4618.4000,2,2,2,1,2,2,1,2,1,1
SF,IC2006,2019-11-27 09:34:54.600,4616.8000,16620,0,108970800.000,0,-,-,-,-,4615.0000,4614.8000,4613.8000,4613.0000,4612.6000,4615.6000,4616.2000,4616.8000,4617.6000,4618.0000,2,2,2,1,2,1,2,1,2,1
SF,IC2006,2019-11-27 09:34:55.100,4616.8000,16620,0,108970800.000,0,-,-,-,-,4615.0000,4614.8000,4613.8000,4613.0000,4612.6000,4615.6000,4616.2000,4616.8000,4617.6000,4618.0000,2,3,2,1,2,1,2,1,2,1
SF,IC2006,2019-11-27 09:34:55.600,4616.8000,16620,0,108970800.000,0,-,-,-,-,4615.0000,4614.8000,4613.8000,4613.0000,4612.6000,4616.2000,4616.8000,4617.6000,4618.0000,4618.4000,2,3,2,1,2,2,1,2,1,1
SF,IC2006,2019-11-27 09:34:56.600,4616.8000,16620,0,108970800.000,0,-,-,-,-,4615.6000,4615.0000,4614.8000,4613.8000,4613.0000,4616.2000,4616.8000,4617.6000,4618.0000,4618.4000,1,2,3,2,1,2,1,2,1,1
SF,IC2006,2019-11-27 09:34:58.600,4616.8000,16620,0,108970800.000,0,-,-,-,-,4615.6000,4615.0000,4614.8000,4613.8000,4613.0000,4616.2000,4616.8000,4617.6000,4618.0000,4618.4000,1,2,3,2,1,2,1,2,1,1
SF,IC2006,2019-11-27 09:34:59.100,4616.8000,16620,0,108970800.000,0,-,-,-,-,4615.6000,4615.0000,4614.8000,4613.8000,4613.0000,4616.8000,4617.6000,4618.0000,4618.4000,4620.0000,1,2,3,2,1,1,2,1,1,4
SF,IC2006,2019-11-27 09:34:59.600,4616.8000,16620,0,108970800.000,0,-,-,-,-,4616.2000,4615.6000,4615.0000,4614.8000,4613.8000,4617.6000,4618.0000,4618.4000,4620.0000,4620.2000,1,1,2,3,2,2,1,1,4,1
SF,IC2006,2019-11-27 09:35:00.100,4616.8000,16620,0,108970800.000,0,-,-,-,-,4616.2000,4615.6000,4615.0000,4614.8000,4613.8000,4617.4000,4618.0000,4618.4000,4620.0000,4620.2000,1,1,2,3,2,1,1,1,4,1
SF,IC2006,2019-11-27 09:35:00.600,4616.8000,16620,0,108970800.000,0,-,-,-,-,4615.6000,4615.0000,4614.8000,4613.8000,4613.0000,4617.4000,4617.6000,4618.0000,4618.4000,4620.0000,1,2,3,2,1,1,2,1,1,4
SF,IC2006,2019-11-27 09:35:01.100,4616.8000,16620,0,108970800.000,0,-,-,-,-,4615.6000,4615.0000,4614.8000,4613.8000,4613.0000,4617.4000,4618.0000,4618.4000,4620.0000,4620.2000,1,2,3,2,1,1,1,1,4,1
SF,IC2006,2019-11-27 09:35:01.600,4616.8000,16620,0,108970800.000,0,-,-,-,-,4615.6000,4615.0000,4614.8000,4613.8000,4613.0000,4616.8000,4617.4000,4617.6000,4618.0000,4618.4000,1,2,3,2,1,1,1,2,1,1
SF,IC2006,2019-11-27 09:35:02.100,4616.8000,16620,0,108970800.000,0,-,-,-,-,4615.6000,4615.0000,4614.8000,4613.8000,4613.0000,4616.8000,4617.6000,4618.0000,4618.4000,4620.0000,1,2,3,2,1,1,2,1,1,4
SF,IC2006,2019-11-27 09:35:02.600,4615.6000,16620,0,109893920.000,1,0,1,多换,S,4615.0000,4614.8000,4613.8000,4613.0000,4612.6000,4616.8000,4617.6000,4618.0000,4618.4000,4620.0000,2,3,2,1,2,1,2,1,1,4
SF,IC2006,2019-11-27 09:35:04.600,4615.6000,16620,0,109893920.000,0,-,-,-,-,4615.0000,4614.8000,4613.8000,4613.0000,4612.6000,4616.2000,4616.4000,4616.8000,4617.6000,4618.0000,2,3,2,1,2,2,1,1,2,1
SF,IC2006,2019-11-27 09:35:05.100,4615.0000,16620,0,111739920.000,2,1,1,多换,S,4614.8000,4613.8000,4613.0000,4612.6000,4611.8000,4616.2000,4616.4000,4616.8000,4617.6000,4618.0000,3,4,1,2,1,2,1,1,2,1
SF,IC2006,2019-11-27 09:35:05.600,4615.0000,16620,0,111739920.000,0,-,-,-,-,4614.8000,4613.8000,4613.0000,4612.6000,4611.8000,4616.0000,4616.2000,4616.4000,4616.8000,4617.6000,3,4,1,2,1,1,2,1,1,2
SF,IC2006,2019-11-27 09:35:06.100,4615.0000,16620,0,111739920.000,0,-,-,-,-,4614.8000,4613.8000,4613.0000,4612.6000,4611.8000,4616.0000,4616.2000,4616.4000,4616.8000,4617.6000,3,4,1,2,1,1,1,1,1,2
SF,IC2006,2019-11-27 09:35:06.600,4616.2000,16617,-3,114509560.000,3,0,3,双平,S,4616.0000,4614.8000,4613.8000,4613.0000,4612.6000,4616.8000,4618.0000,4618.4000,4620.0000,4620.2000,1,3,4,1,2,1,1,1,4,1
SF,IC2006,2019-11-27 09:35:07.100,4616.0000,16617,0,115432760.000,1,0,1,多换,S,4614.8000,4613.8000,4613.0000,4612.6000,4611.8000,4618.0000,4618.4000,4620.0000,4620.2000,4623.2000,3,4,1,2,1,1,1,4,1,1
SF,IC2006,2019-11-27 09:35:07.600,4616.0000,16617,0,115432760.000,0,-,-,-,-,4616.0000,4614.8000,4613.8000,4613.0000,4612.6000,4617.6000,4617.8000,4618.0000,4618.4000,4620.0000,2,3,4,1,2,2,1,1,1,4
SF,IC2006,2019-11-27 09:35:08.100,4616.0000,16617,0,115432760.000,0,-,-,-,-,4616.0000,4614.8000,4613.8000,4613.0000,4612.6000,4618.0000,4618.4000,4620.0000,4620.2000,4623.2000,2,3,4,1,2,1,1,4,1,1
SF,IC2006,2019-11-27 09:35:08.600,4616.0000,16617,0,115432760.000,0,-,-,-,-,4616.0000,4614.8000,4613.8000,4613.0000,4612.6000,4617.8000,4618.0000,4618.4000,4620.0000,4620.2000,2,3,4,1,2,1,1,1,4,1
SF,IC2006,2019-11-27 09:35:09.600,4616.0000,16617,0,115432760.000,0,-,-,-,-,4616.0000,4614.8000,4613.8000,4613.0000,4612.6000,4617.8000,4618.0000,4618.4000,4620.0000,4620.2000,2,3,3,1,2,1,1,1,4,1
