市场代码,合约代码,时间,最新,持仓,增仓,成交额,成交量,开仓,平仓,成交类型,方向,买一价,买二价,买三价,买四价,买五价,卖一价,卖二价,卖三价,卖四价,卖五价,买一量,买二量,买三量,买四量,买五量,卖一量,卖二量,卖三量,卖四量,卖五量
SF,IC2008,2020-06-24 09:29:00.400,5668.8000,1458,0,0.000,0.000,-,-,-,-,5671.2000,5670.2000,5667.0000,5662.2000,5662.0000,5687.8000,5688.0000,5688.8000,5696.0000,5698.2000,1,1,1,3,1,1,2,4,5,1
SF,IC2008,2020-06-24 09:30:00.400,5687.8000,1459,1,1137560.000,1,1,0,双开,S,5675.4000,5675.0000,5672.0000,5671.4000,5671.2000,5687.6000,5688.0000,5688.8000,5692.0000,5695.0000,1,1,1,4,1,2,2,4,1,1
SF,IC2008,2020-06-24 09:30:00.900,5687.8000,1459,0,1137560.000,0,-,-,-,-,5682.6000,5675.6000,5675.0000,5673.0000,5672.0000,5687.4000,5687.6000,5688.8000,5692.0000,5695.0000,1,3,1,1,1,1,2,4,1,1
SF,IC2008,2020-06-24 09:30:01.400,5687.8000,1459,0,1137560.000,0,-,-,-,-,5682.8000,5675.6000,5675.0000,5673.0000,5672.0000,5687.2000,5687.4000,5688.6000,5688.8000,5692.0000,1,1,1,1,1,1,1,1,4,1
SF,IC2008,2020-06-24 09:30:01.900,5687.8000,1459,0,1137560.000,0,-,-,-,-,5682.8000,5675.6000,5675.0000,5673.0000,5672.0000,5687.0000,5687.2000,5688.6000,5688.8000,5692.0000,1,1,1,1,1,1,1,1,4,1
SF,IC2008,2020-06-24 09:30:02.400,5687.6000,1460,1,2275080.000,1,1,0,双开,S,5675.6000,5675.0000,5672.0000,5671.2000,5670.2000,5686.8000,5687.0000,5688.6000,5688.8000,5695.0000,1,1,1,1,1,1,1,1,4,1
SF,IC2008,2020-06-24 09:30:02.900,5687.6000,1460,0,2275080.000,0,-,-,-,-,5676.4000,5676.0000,5675.8000,5675.6000,5675.0000,5686.6000,5686.8000,5688.6000,5688.8000,5695.0000,1,1,2,1,1,2,1,1,4,1
SF,IC2008,2020-06-24 09:30:03.400,5687.6000,1460,0,2275080.000,0,-,-,-,-,5676.6000,5676.4000,5676.0000,5675.0000,5672.0000,5686.4000,5686.6000,5688.6000,5688.8000,5695.0000,2,1,1,1,1,1,2,1,4,1
SF,IC2008,2020-06-24 09:30:03.900,5687.6000,1460,0,2275080.000,0,-,-,-,-,5676.6000,5676.0000,5675.0000,5672.0000,5671.2000,5686.2000,5686.4000,5688.6000,5688.8000,5695.0000,2,1,1,1,1,2,1,1,4,1
SF,IC2008,2020-06-24 09:30:04.400,5687.6000,1460,0,2275080.000,0,-,-,-,-,5677.8000,5676.8000,5676.6000,5676.0000,5675.0000,5686.0000,5686.2000,5688.6000,5688.8000,5695.0000,1,1,2,1,1,1,2,1,4,1
SF,IC2008,2020-06-24 09:30:04.900,5687.6000,1460,0,2275080.000,0,-,-,-,-,5678.0000,5677.8000,5676.6000,5676.0000,5675.0000,5685.8000,5686.0000,5688.6000,5688.8000,5695.0000,2,1,1,1,1,2,1,1,4,1
SF,IC2008,2020-06-24 09:30:05.400,5687.6000,1460,0,2275080.000,0,-,-,-,-,5678.0000,5677.8000,5676.6000,5676.0000,5675.0000,5685.6000,5685.8000,5688.6000,5688.8000,5695.0000,1,1,1,1,1,1,2,1,4,1
SF,IC2008,2020-06-24 09:30:05.900,5687.6000,1460,0,2275080.000,0,-,-,-,-,5678.2000,5678.0000,5676.6000,5676.0000,5675.0000,5685.4000,5685.6000,5688.6000,5688.8000,5695.0000,1,1,1,1,1,2,1,1,4,1
SF,IC2008,2020-06-24 09:30:06.400,5687.6000,1460,0,2275080.000,0,-,-,-,-,5678.4000,5676.6000,5676.0000,5675.0000,5672.0000,5685.2000,5685.4000,5688.6000,5688.8000,5695.0000,1,1,1,1,1,1,2,1,4,1
SF,IC2008,2020-06-24 09:30:06.900,5687.6000,1460,0,2275080.000,0,-,-,-,-,5678.4000,5676.6000,5676.0000,5675.0000,5672.0000,5684.4000,5684.6000,5685.0000,5685.2000,5688.6000,1,1,1,1,1,1,1,2,1,1
SF,IC2008,2020-06-24 09:30:07.400,5687.6000,1460,0,2275080.000,0,-,-,-,-,5678.4000,5676.6000,5676.0000,5675.0000,5672.0000,5684.2000,5684.4000,5684.6000,5688.6000,5688.8000,1,1,1,1,1,3,1,1,1,4
SF,IC2008,2020-06-24 09:30:07.900,5687.6000,1460,0,2275080.000,0,-,-,-,-,5678.4000,5676.6000,5676.0000,5675.0000,5672.0000,5684.0000,5684.2000,5684.4000,5688.6000,5688.8000,1,1,1,1,1,1,3,1,1,4
SF,IC2008,2020-06-24 09:30:08.400,5687.6000,1460,0,2275080.000,0,-,-,-,-,5678.4000,5676.6000,5676.0000,5675.0000,5672.0000,5683.8000,5684.0000,5684.4000,5688.6000,5688.8000,1,1,1,1,1,3,1,1,1,4
SF,IC2008,2020-06-24 09:30:08.900,5687.6000,1460,0,2275080.000,0,-,-,-,-,5678.4000,5676.6000,5676.0000,5675.0000,5672.0000,5683.2000,5683.8000,5688.6000,5688.8000,5695.0000,1,1,1,1,1,1,3,1,4,1
SF,IC2008,2020-06-24 09:30:09.400,5678.6000,1460,0,4546640.000,2,1,1,多换,S,5678.4000,5676.6000,5676.0000,5675.0000,5672.0000,5683.0000,5688.6000,5688.8000,5695.0000,5695.6000,1,1,1,1,1,3,1,4,1,5
SF,IC2008,2020-06-24 09:30:09.900,5678.6000,1460,0,4546640.000,0,-,-,-,-,5678.6000,5678.4000,5676.6000,5676.0000,5675.0000,5683.0000,5688.6000,5688.8000,5695.0000,5695.6000,1,1,1,1,1,2,1,4,1,5
SF,IC2008,2020-06-24 09:30:10.400,5683.0000,1459,-1,5683240.000,1,0,1,双平,S,5679.8000,5678.8000,5678.6000,5676.6000,5676.0000,5683.0000,5688.6000,5688.8000,5695.0000,5695.6000,1,1,1,1,1,1,1,4,1,5
SF,IC2008,2020-06-24 09:30:10.900,5683.0000,1458,-1,6819840.000,1,0,1,双平,S,5680.0000,5679.8000,5678.6000,5676.0000,5675.0000,5682.8000,5688.6000,5688.8000,5695.0000,5695.6000,1,1,1,1,1,1,1,4,1,5
SF,IC2008,2020-06-24 09:30:11.400,5683.0000,1458,0,6819840.000,0,-,-,-,-,5680.0000,5679.8000,5678.6000,5676.0000,5675.0000,5688.6000,5688.8000,5695.0000,5695.6000,5701.6000,1,1,1,1,1,1,4,1,5,2
SF,IC2008,2020-06-24 09:30:11.900,5683.0000,1458,0,6819840.000,0,-,-,-,-,5680.0000,5676.0000,5675.0000,5672.0000,5671.4000,5685.4000,5687.2000,5688.4000,5688.6000,5688.8000,1,1,1,1,1,1,1,4,1,4
SF,IC2008,2020-06-24 09:30:12.400,5683.0000,1458,0,6819840.000,0,-,-,-,-,5680.0000,5676.0000,5675.0000,5672.0000,5671.4000,5685.2000,5685.4000,5687.2000,5688.6000,5688.8000,1,1,1,1,1,2,1,1,1,4
SF,IC2008,2020-06-24 09:30:12.900,5683.0000,1458,0,6819840.000,0,-,-,-,-,5680.4000,5680.0000,5676.0000,5675.0000,5672.0000,5685.2000,5687.2000,5688.6000,5688.8000,5695.0000,1,1,1,1,1,2,1,1,4,1
SF,IC2008,2020-06-24 09:30:13.400,5683.0000,1458,0,6819840.000,0,-,-,-,-,5680.6000,5680.4000,5680.0000,5676.0000,5675.0000,5685.2000,5687.2000,5688.6000,5688.8000,5695.0000,1,1,1,1,1,2,1,1,4,1
SF,IC2008,2020-06-24 09:30:13.900,5683.0000,1458,0,6819840.000,0,-,-,-,-,5680.6000,5680.0000,5676.0000,5675.0000,5672.0000,5685.2000,5687.2000,5688.6000,5688.8000,5695.0000,1,1,1,1,1,2,1,1,4,1
SF,IC2008,2020-06-24 09:30:14.400,5680.6000,1457,-1,7955960.000,1,0,1,双平,S,5680.0000,5676.0000,5675.0000,5672.0000,5671.4000,5685.2000,5687.2000,5688.6000,5688.8000,5695.0000,1,1,1,1,1,2,1,1,4,1
SF,IC2008,2020-06-24 09:30:14.900,5680.6000,1457,0,7955960.000,0,-,-,-,-,5681.4000,5680.2000,5680.0000,5676.0000,5675.0000,5685.2000,5687.2000,5688.6000,5688.8000,5695.0000,1,1,1,1,1,2,1,1,4,1
SF,IC2008,2020-06-24 09:30:15.400,5680.6000,1457,0,7955960.000,0,-,-,-,-,5681.6000,5681.4000,5680.0000,5676.0000,5672.0000,5685.2000,5688.6000,5688.8000,5695.0000,5695.6000,1,1,1,1,1,2,1,4,1,5
SF,IC2008,2020-06-24 09:30:15.900,5680.6000,1457,0,7955960.000,0,-,-,-,-,5681.6000,5680.0000,5676.0000,5672.0000,5671.4000,5685.2000,5688.6000,5688.8000,5695.0000,5695.6000,1,1,1,1,1,1,1,4,1,5
SF,IC2008,2020-06-24 09:30:16.400,5680.6000,1457,0,7955960.000,0,-,-,-,-,5681.8000,5681.6000,5680.0000,5676.0000,5672.0000,5685.2000,5688.6000,5688.8000,5695.0000,5695.6000,1,1,1,1,1,1,1,4,1,5
SF,IC2008,2020-06-24 09:30:16.900,5680.6000,1457,0,7955960.000,0,-,-,-,-,5682.0000,5681.8000,5680.0000,5676.0000,5672.0000,5685.0000,5685.2000,5688.6000,5688.8000,5695.0000,1,1,1,1,1,1,1,1,4,1
SF,IC2008,2020-06-24 09:30:17.400,5684.8000,1456,-1,9092920.000,1,0,1,双平,S,5682.0000,5681.8000,5680.0000,5676.0000,5672.0000,5685.0000,5688.6000,5688.8000,5695.0000,5695.6000,1,1,1,1,1,1,1,4,1,5
SF,IC2008,2020-06-24 09:30:17.900,5684.8000,1456,0,9092920.000,0,-,-,-,-,5682.0000,5681.8000,5680.0000,5676.0000,5672.0000,5684.8000,5685.0000,5688.6000,5688.8000,5695.0000,1,1,1,1,1,1,1,1,4,1
SF,IC2008,2020-06-24 09:30:20.400,5684.8000,1456,0,9092920.000,0,-,-,-,-,5682.0000,5681.8000,5676.0000,5672.0000,5671.4000,5684.8000,5685.0000,5688.6000,5688.8000,5695.0000,1,1,1,1,1,1,1,1,4,1
SF,IC2008,2020-06-24 09:30:21.400,5682.0000,1456,0,10229320.000,1,0,1,多换,S,5681.8000,5676.0000,5672.0000,5671.4000,5671.2000,5684.8000,5685.0000,5688.6000,5688.8000,5695.0000,1,1,1,1,1,1,1,1,4,1
SF,IC2008,2020-06-24 09:30:21.900,5682.0000,1456,0,10229320.000,0,-,-,-,-,5682.0000,5676.0000,5672.0000,5671.4000,5671.2000,5684.8000,5685.0000,5688.6000,5688.8000,5695.0000,1,1,1,1,1,1,1,1,4,1
SF,IC2008,2020-06-24 09:30:23.400,5682.0000,1456,0,10229320.000,0,-,-,-,-,5676.0000,5672.0000,5671.4000,5671.2000,5670.2000,5684.8000,5685.0000,5688.6000,5688.8000,5695.0000,1,1,1,1,1,1,1,1,4,1
SF,IC2008,2020-06-24 09:30:23.900,5682.0000,1456,0,10229320.000,0,-,-,-,-,5680.8000,5676.2000,5676.0000,5672.0000,5671.4000,5684.6000,5684.8000,5685.0000,5688.6000,5688.8000,1,3,1,1,1,1,1,1,1,4
SF,IC2008,2020-06-24 09:30:24.400,5682.0000,1456,0,10229320.000,0,-,-,-,-,5681.0000,5680.8000,5676.2000,5676.0000,5672.0000,5684.4000,5684.6000,5685.0000,5688.6000,5688.8000,1,1,1,1,1,1,1,1,1,4
SF,IC2008,2020-06-24 09:30:24.900,5682.0000,1456,0,10229320.000,0,-,-,-,-,5681.2000,5681.0000,5676.2000,5676.0000,5671.4000,5684.4000,5685.0000,5688.6000,5688.8000,5695.0000,1,1,1,1,1,1,1,1,4,1
SF,IC2008,2020-06-24 09:30:25.400,5684.4000,1455,-1,11366200.000,1,0,1,双平,S,5681.4000,5681.2000,5676.2000,5676.0000,5671.4000,5685.0000,5688.6000,5688.8000,5695.0000,5695.6000,1,1,1,1,1,1,1,4,1,5
SF,IC2008,2020-06-24 09:30:25.900,5684.4000,1455,0,11366200.000,0,-,-,-,-,5681.4000,5676.2000,5676.0000,5671.4000,5671.2000,5684.8000,5685.0000,5688.6000,5688.8000,5695.0000,1,1,1,1,1,1,1,1,4,1
SF,IC2008,2020-06-24 09:30:28.900,5684.4000,1455,0,11366200.000,0,-,-,-,-,5682.0000,5681.4000,5676.2000,5676.0000,5671.4000,5684.8000,5685.0000,5688.6000,5688.8000,5695.0000,1,1,1,1,1,1,1,1,4,1
SF,IC2008,2020-06-24 09:30:30.400,5684.4000,1455,0,11366200.000,0,-,-,-,-,5682.0000,5681.4000,5676.2000,5676.0000,5671.4000,5684.8000,5685.0000,5688.6000,5688.8000,5695.0000,1,1,1,1,1,1,1,1,4,1
SF,IC2008,2020-06-24 09:30:30.900,5682.0000,1456,1,12502600.000,1,1,0,双开,S,5681.4000,5676.2000,5676.0000,5671.4000,5671.2000,5684.8000,5685.0000,5688.6000,5688.8000,5695.0000,1,1,1,1,1,1,1,1,4,1
SF,IC2008,2020-06-24 09:30:32.900,5681.4000,1456,0,13638880.000,1,0,1,多换,S,5676.2000,5676.0000,5671.4000,5671.2000,5670.2000,5681.2000,5684.8000,5685.0000,5688.6000,5688.8000,1,1,1,1,1,1,1,1,1,4
SF,IC2008,2020-06-24 09:30:33.400,5681.2000,1455,-1,14775120.000,1,0,1,双平,S,5676.4000,5676.2000,5676.0000,5671.4000,5671.2000,5684.8000,5685.0000,5688.6000,5688.8000,5695.0000,3,1,1,1,1,1,1,1,4,1
SF,IC2008,2020-06-24 09:30:33.900,5681.2000,1455,0,14775120.000,0,-,-,-,-,5676.6000,5676.4000,5676.0000,5671.4000,5671.2000,5684.8000,5685.0000,5688.6000,5688.8000,5695.0000,1,2,1,1,1,1,1,1,4,1
SF,IC2008,2020-06-24 09:30:34.400,5681.2000,1455,0,14775120.000,0,-,-,-,-,5676.8000,5676.6000,5676.0000,5671.4000,5671.2000,5684.8000,5685.0000,5688.6000,5688.8000,5695.0000,2,1,1,1,1,1,1,1,4,1
SF,IC2008,2020-06-24 09:30:34.900,5681.2000,1455,0,14775120.000,0,-,-,-,-,5677.0000,5676.8000,5676.0000,5671.4000,5671.2000,5684.8000,5685.0000,5688.6000,5688.8000,5695.0000,2,2,1,1,1,1,1,1,4,1
SF,IC2008,2020-06-24 09:30:35.400,5681.2000,1455,0,14775120.000,0,-,-,-,-,5677.2000,5677.0000,5676.0000,5671.4000,5671.2000,5684.8000,5685.0000,5688.6000,5688.8000,5695.0000,2,1,1,1,1,1,1,1,4,1
SF,IC2008,2020-06-24 09:30:35.900,5681.2000,1455,0,14775120.000,0,-,-,-,-,5677.4000,5677.2000,5676.0000,5671.4000,5671.2000,5684.8000,5685.0000,5688.6000,5688.8000,5695.0000,2,2,1,1,1,1,1,1,4,1
SF,IC2008,2020-06-24 09:30:36.400,5681.2000,1455,0,14775120.000,0,-,-,-,-,5677.6000,5677.4000,5676.0000,5671.4000,5671.2000,5684.8000,5685.0000,5688.6000,5688.8000,5695.0000,2,2,1,1,1,1,1,1,4,1
SF,IC2008,2020-06-24 09:30:36.900,5677.6000,1455,0,15910640.000,1,0,1,多换,S,5677.6000,5677.4000,5676.0000,5671.4000,5671.2000,5684.8000,5685.0000,5688.6000,5688.8000,5695.0000,1,1,1,1,1,1,1,1,4,1
SF,IC2008,2020-06-24 09:30:37.400,5677.6000,1455,0,15910640.000,0,-,-,-,-,5677.8000,5677.6000,5676.0000,5671.4000,5671.2000,5684.8000,5685.0000,5688.6000,5688.8000,5695.0000,2,1,1,1,1,1,1,1,4,1
SF,IC2008,2020-06-24 09:30:37.900,5677.6000,1455,0,15910640.000,0,-,-,-,-,5678.0000,5677.8000,5676.0000,5671.4000,5671.2000,5684.8000,5685.0000,5688.6000,5688.8000,5695.0000,1,2,1,1,1,1,1,1,4,1
SF,IC2008,2020-06-24 09:30:38.400,5677.6000,1455,0,15910640.000,0,-,-,-,-,5678.2000,5678.0000,5677.8000,5676.0000,5671.4000,5684.8000,5685.0000,5688.6000,5688.8000,5695.0000,1,1,1,1,1,1,1,1,4,1
SF,IC2008,2020-06-24 09:30:38.900,5677.6000,1455,0,15910640.000,0,-,-,-,-,5678.4000,5678.2000,5677.8000,5676.0000,5671.4000,5684.8000,5685.0000,5688.6000,5688.8000,5695.0000,1,1,1,1,1,1,1,1,4,1
SF,IC2008,2020-06-24 09:30:39.400,5677.6000,1455,0,15910640.000,0,-,-,-,-,5678.4000,5677.8000,5676.0000,5671.4000,5671.2000,5684.6000,5684.8000,5685.0000,5688.6000,5688.8000,1,1,1,1,1,1,1,1,1,4
SF,IC2008,2020-06-24 09:30:39.900,5677.6000,1455,0,15910640.000,0,-,-,-,-,5678.4000,5677.8000,5676.0000,5671.4000,5671.2000,5684.4000,5684.6000,5685.0000,5688.6000,5688.8000,1,1,1,1,1,1,1,1,1,4
SF,IC2008,2020-06-24 09:30:40.400,5677.6000,1455,0,15910640.000,0,-,-,-,-,5678.6000,5678.4000,5677.8000,5676.0000,5671.4000,5684.2000,5684.4000,5685.0000,5688.6000,5688.8000,1,1,1,1,1,1,1,1,1,4
SF,IC2008,2020-06-24 09:30:40.900,5677.6000,1455,0,15910640.000,0,-,-,-,-,5678.8000,5678.6000,5677.8000,5676.0000,5671.4000,5684.0000,5684.2000,5685.0000,5688.6000,5688.8000,1,1,1,1,1,1,1,1,1,4
SF,IC2008,2020-06-24 09:30:41.400,5677.6000,1455,0,15910640.000,0,-,-,-,-,5678.8000,5678.6000,5677.8000,5676.0000,5671.4000,5683.8000,5684.0000,5685.0000,5688.6000,5688.8000,1,1,1,1,1,1,1,1,1,4
SF,IC2008,2020-06-24 09:30:41.900,5677.6000,1455,0,15910640.000,0,-,-,-,-,5678.8000,5678.6000,5677.8000,5676.0000,5671.4000,5683.6000,5683.8000,5685.0000,5688.6000,5688.8000,1,1,1,1,1,1,1,1,1,4
SF,IC2008,2020-06-24 09:30:42.400,5677.6000,1455,0,15910640.000,0,-,-,-,-,5679.2000,5679.0000,5678.8000,5677.8000,5676.0000,5683.6000,5685.0000,5688.6000,5688.8000,5695.0000,1,1,1,1,1,1,1,1,4,1
SF,IC2008,2020-06-24 09:30:42.900,5677.6000,1455,0,15910640.000,0,-,-,-,-,5679.4000,5679.2000,5677.8000,5676.0000,5671.4000,5683.6000,5685.0000,5688.6000,5688.8000,5695.0000,2,1,1,1,1,1,1,1,4,1
SF,IC2008,2020-06-24 09:30:43.400,5677.6000,1455,0,15910640.000,0,-,-,-,-,5679.8000,5679.4000,5679.2000,5677.8000,5676.0000,5683.6000,5685.0000,5688.6000,5688.8000,5695.0000,1,2,1,1,1,1,1,1,4,1
SF,IC2008,2020-06-24 09:30:43.900,5677.6000,1455,0,15910640.000,0,-,-,-,-,5680.0000,5679.8000,5679.4000,5679.2000,5677.8000,5683.6000,5685.0000,5688.6000,5688.8000,5695.0000,1,1,1,1,1,1,1,1,4,1
SF,IC2008,2020-06-24 09:30:44.400,5677.6000,1455,0,15910640.000,0,-,-,-,-,5680.0000,5679.4000,5679.2000,5677.8000,5676.0000,5683.6000,5685.0000,5688.6000,5688.8000,5695.0000,1,1,1,1,1,1,1,1,4,1
SF,IC2008,2020-06-24 09:30:45.900,5677.6000,1455,0,15910640.000,0,-,-,-,-,5680.0000,5679.4000,5677.8000,5676.0000,5671.4000,5683.6000,5685.0000,5688.6000,5688.8000,5695.0000,1,1,1,1,1,1,1,1,4,1
SF,IC2008,2020-06-24 09:30:46.900,5683.6000,1455,0,17047360.000,1,0,1,多换,S,5680.0000,5679.4000,5677.8000,5676.0000,5671.4000,5685.0000,5688.6000,5688.8000,5695.0000,5695.6000,1,1,1,1,1,1,1,4,1,5
SF,IC2008,2020-06-24 09:30:47.400,5683.6000,1455,0,17047360.000,0,-,-,-,-,5680.2000,5680.0000,5677.8000,5676.0000,5671.4000,5684.8000,5685.0000,5688.6000,5688.8000,5695.0000,1,1,1,1,1,1,1,1,4,1
SF,IC2008,2020-06-24 09:30:47.900,5683.6000,1455,0,17047360.000,0,-,-,-,-,5680.4000,5680.2000,5677.8000,5676.0000,5671.4000,5684.8000,5685.0000,5688.6000,5688.8000,5695.0000,1,1,1,1,1,1,1,1,4,1
SF,IC2008,2020-06-24 09:30:48.400,5683.6000,1455,0,17047360.000,0,-,-,-,-,5680.6000,5680.4000,5677.8000,5676.0000,5671.4000,5684.8000,5685.0000,5688.6000,5688.8000,5695.0000,1,1,1,1,1,1,1,1,4,1
SF,IC2008,2020-06-24 09:30:48.900,5683.6000,1455,0,17047360.000,0,-,-,-,-,5681.0000,5680.8000,5680.6000,5677.8000,5676.0000,5684.8000,5685.0000,5688.6000,5688.8000,5695.0000,1,1,1,1,1,1,1,1,4,1
SF,IC2008,2020-06-24 09:30:49.400,5683.6000,1455,0,17047360.000,0,-,-,-,-,5681.2000,5681.0000,5680.6000,5677.8000,5676.0000,5684.8000,5685.0000,5688.6000,5688.8000,5695.0000,1,1,1,1,1,1,1,1,4,1
SF,IC2008,2020-06-24 09:30:50.400,5683.6000,1455,0,17047360.000,0,-,-,-,-,5681.8000,5681.2000,5680.6000,5677.8000,5676.0000,5684.8000,5685.0000,5688.6000,5688.8000,5695.0000,1,1,1,1,1,1,1,1,4,1
SF,IC2008,2020-06-24 09:30:50.900,5683.6000,1455,0,17047360.000,0,-,-,-,-,5682.0000,5681.8000,5680.6000,5677.8000,5676.0000,5684.8000,5685.0000,5688.6000,5688.8000,5695.0000,1,1,1,1,1,1,1,1,4,1
SF,IC2008,2020-06-24 09:30:51.400,5683.6000,1455,0,17047360.000,0,-,-,-,-,5682.0000,5681.8000,5680.6000,5677.8000,5676.0000,5685.0000,5688.6000,5688.8000,5695.0000,5695.6000,1,1,1,1,1,1,1,4,1,5
SF,IC2008,2020-06-24 09:30:51.900,5683.6000,1455,0,17047360.000,0,-,-,-,-,5682.0000,5681.8000,5680.6000,5677.8000,5676.0000,5684.8000,5685.0000,5688.6000,5688.8000,5695.0000,1,1,1,1,1,1,1,1,4,1
SF,IC2008,2020-06-24 09:30:52.900,5685.0000,1455,0,19321320.000,2,1,1,多换,S,5682.0000,5681.8000,5680.6000,5677.8000,5676.0000,5688.6000,5688.8000,5695.0000,5695.6000,5701.6000,1,1,1,1,1,1,4,1,5,2
SF,IC2008,2020-06-24 09:30:53.400,5685.0000,1455,0,19321320.000,0,-,-,-,-,5682.6000,5682.2000,5682.0000,5677.8000,5676.0000,5688.4000,5688.6000,5688.8000,5695.0000,5695.6000,1,1,1,1,1,1,1,4,1,5
SF,IC2008,2020-06-24 09:30:53.900,5685.0000,1455,0,19321320.000,0,-,-,-,-,5682.8000,5682.6000,5677.8000,5671.4000,5671.2000,5688.4000,5688.6000,5688.8000,5695.0000,5695.6000,2,2,1,1,1,1,1,4,1,5
SF,IC2008,2020-06-24 09:30:54.900,5685.0000,1455,0,19321320.000,0,-,-,-,-,5683.0000,5682.8000,5682.6000,5677.8000,5671.4000,5688.4000,5688.6000,5688.8000,5695.0000,5695.6000,1,2,1,1,1,1,1,4,1,5
SF,IC2008,2020-06-24 09:30:55.400,5685.0000,1455,0,19321320.000,0,-,-,-,-,5683.2000,5683.0000,5682.6000,5677.8000,5671.4000,5688.4000,5688.6000,5688.8000,5695.0000,5695.6000,2,1,1,1,1,1,1,4,1,5
SF,IC2008,2020-06-24 09:30:57.400,5685.0000,1455,0,19321320.000,0,-,-,-,-,5683.8000,5683.2000,5682.6000,5677.8000,5671.4000,5688.4000,5688.6000,5688.8000,5695.0000,5695.6000,1,2,1,1,1,1,1,4,1,5
SF,IC2008,2020-06-24 09:30:57.900,5685.0000,1455,0,19321320.000,0,-,-,-,-,5684.0000,5683.8000,5682.6000,5677.8000,5671.4000,5688.4000,5688.6000,5688.8000,5695.0000,5695.6000,2,1,1,1,1,1,1,4,1,5
SF,IC2008,2020-06-24 09:30:58.400,5685.0000,1455,0,19321320.000,0,-,-,-,-,5684.0000,5683.8000,5682.6000,5677.8000,5671.4000,5688.2000,5688.4000,5688.6000,5688.8000,5695.0000,2,1,1,1,1,1,1,1,4,1
SF,IC2008,2020-06-24 09:30:58.900,5685.0000,1455,0,19321320.000,0,-,-,-,-,5684.0000,5682.6000,5677.8000,5671.4000,5671.2000,5688.0000,5688.2000,5688.6000,5688.8000,5695.0000,2,1,1,1,1,1,1,1,4,1
SF,IC2008,2020-06-24 09:31:02.400,5685.0000,1455,0,19321320.000,0,-,-,-,-,5684.6000,5684.0000,5682.6000,5677.8000,5671.4000,5688.0000,5688.2000,5688.6000,5688.8000,5695.0000,1,2,1,1,1,1,1,1,4,1
SF,IC2008,2020-06-24 09:31:02.900,5685.0000,1455,0,19321320.000,0,-,-,-,-,5684.8000,5684.6000,5684.0000,5682.6000,5677.8000,5688.2000,5688.6000,5688.8000,5695.0000,5695.6000,1,1,1,1,1,1,1,4,1,5
SF,IC2008,2020-06-24 09:31:03.400,5688.2000,1454,-1,20458960.000,1,0,1,双平,S,5684.8000,5684.6000,5684.0000,5682.6000,5677.8000,5688.6000,5688.8000,5695.0000,5695.6000,5701.6000,1,1,1,1,1,1,4,1,5,2
SF,IC2008,2020-06-24 09:31:03.900,5688.8000,1455,1,23872200.000,3,2,1,空开,S,5685.6000,5684.8000,5684.0000,5682.6000,5677.8000,5688.8000,5695.0000,5701.4000,5701.6000,5709.8000,1,1,1,1,1,2,1,5,2,1
SF,IC2008,2020-06-24 09:31:04.400,5688.8000,1455,0,25009960.000,1,0,1,多换,S,5685.8000,5685.6000,5684.0000,5682.6000,5677.8000,5688.8000,5695.0000,5701.4000,5701.6000,5709.8000,1,1,1,1,1,1,1,5,2,1
SF,IC2008,2020-06-24 09:31:04.900,5688.8000,1455,0,25009960.000,0,-,-,-,-,5688.6000,5685.8000,5685.6000,5684.0000,5682.6000,5688.8000,5695.0000,5701.4000,5701.6000,5709.8000,1,1,1,1,1,1,1,5,2,1
SF,IC2008,2020-06-24 09:31:05.400,5688.8000,1457,2,27285440.000,2,2,0,双开,S,5685.8000,5685.6000,5684.0000,5682.6000,5677.8000,5695.0000,5701.4000,5701.6000,5709.8000,5741.2000,1,1,1,1,1,1,5,2,1,4
SF,IC2008,2020-06-24 09:31:05.900,5688.8000,1457,0,27285440.000,0,-,-,-,-,5686.0000,5685.8000,5685.6000,5682.6000,5677.8000,5693.4000,5694.8000,5695.0000,5701.4000,5701.6000,1,1,1,1,1,1,3,1,5,2
SF,IC2008,2020-06-24 09:31:06.400,5688.8000,1457,0,27285440.000,0,-,-,-,-,5686.2000,5686.0000,5685.6000,5682.6000,5677.8000,5693.2000,5693.4000,5694.8000,5695.0000,5701.4000,1,1,1,1,1,1,1,1,1,5
SF,IC2008,2020-06-24 09:31:06.900,5688.8000,1457,0,27285440.000,0,-,-,-,-,5686.4000,5686.2000,5685.6000,5682.6000,5677.8000,5693.2000,5694.8000,5695.0000,5701.4000,5701.6000,1,1,1,1,1,1,1,1,5,2
SF,IC2008,2020-06-24 09:31:07.400,5688.8000,1457,0,27285440.000,0,-,-,-,-,5686.6000,5686.4000,5685.6000,5682.6000,5677.8000,5693.2000,5694.8000,5695.0000,5701.4000,5701.6000,1,1,1,1,1,1,1,1,5,2
SF,IC2008,2020-06-24 09:31:07.900,5688.8000,1457,0,27285440.000,0,-,-,-,-,5686.8000,5686.6000,5682.6000,5677.8000,5671.4000,5693.2000,5694.8000,5695.0000,5701.4000,5701.6000,1,1,1,1,1,1,1,1,5,2
SF,IC2008,2020-06-24 09:31:08.400,5688.8000,1457,0,27285440.000,0,-,-,-,-,5687.8000,5687.6000,5687.0000,5686.8000,5682.6000,5693.2000,5694.8000,5695.0000,5701.4000,5701.6000,1,1,1,1,1,1,1,1,5,2
SF,IC2008,2020-06-24 09:31:08.900,5688.8000,1457,0,27285440.000,0,-,-,-,-,5688.0000,5687.8000,5687.6000,5682.6000,5682.0000,5693.2000,5695.0000,5701.4000,5701.6000,5709.8000,2,1,1,1,1,1,1,5,2,1
SF,IC2008,2020-06-24 09:31:09.400,5688.8000,1457,0,27285440.000,0,-,-,-,-,5688.6000,5688.0000,5687.8000,5682.6000,5682.0000,5693.2000,5695.0000,5701.4000,5701.6000,5709.8000,1,2,1,1,1,1,1,5,2,1
SF,IC2008,2020-06-24 09:31:09.900,5688.8000,1457,0,27285440.000,0,-,-,-,-,5688.8000,5688.6000,5682.6000,5682.0000,5677.8000,5693.2000,5695.0000,5701.4000,5701.6000,5709.8000,2,1,1,1,1,1,1,5,2,1
SF,IC2008,2020-06-24 09:31:10.900,5688.8000,1457,0,27285440.000,0,-,-,-,-,5688.8000,5682.6000,5682.0000,5677.8000,5671.4000,5693.2000,5695.0000,5701.4000,5701.6000,5709.8000,2,1,1,1,1,1,1,5,2,1
SF,IC2008,2020-06-24 09:31:19.900,5693.2000,1456,-1,28424080.000,1,0,1,双平,S,5693.2000,5688.8000,5682.6000,5682.0000,5677.8000,5695.0000,5701.4000,5701.6000,5709.8000,5741.2000,1,2,1,1,1,1,5,2,1,4
SF,IC2008,2020-06-24 09:31:20.400,5693.2000,1455,-1,29562720.000,1,0,1,双平,S,5682.6000,5682.0000,5677.8000,5671.4000,5671.2000,5693.0000,5693.2000,5694.8000,5695.0000,5701.4000,1,1,1,1,1,1,2,5,1,5
SF,IC2008,2020-06-24 09:31:20.900,5693.2000,1455,0,29562720.000,0,-,-,-,-,5682.8000,5682.6000,5682.0000,5671.4000,5671.2000,5692.8000,5693.2000,5694.8000,5695.0000,5701.4000,4,1,1,1,1,2,1,4,1,5
SF,IC2008,2020-06-24 09:31:21.400,5693.2000,1455,0,29562720.000,0,-,-,-,-,5682.8000,5682.6000,5682.0000,5671.4000,5671.2000,5692.6000,5692.8000,5693.2000,5694.8000,5695.0000,4,1,1,1,1,1,2,1,4,1
SF,IC2008,2020-06-24 09:31:21.900,5693.2000,1455,0,29562720.000,0,-,-,-,-,5685.8000,5685.0000,5684.6000,5682.8000,5682.6000,5692.4000,5692.6000,5693.2000,5694.8000,5695.0000,1,1,1,4,1,3,1,1,3,1
SF,IC2008,2020-06-24 09:31:22.400,5693.2000,1455,0,29562720.000,0,-,-,-,-,5686.0000,5685.8000,5685.0000,5684.6000,5682.8000,5692.4000,5693.2000,5694.8000,5695.0000,5701.4000,1,1,1,1,2,2,1,3,1,5
SF,IC2008,2020-06-24 09:31:22.900,5693.2000,1455,0,29562720.000,0,-,-,-,-,5686.4000,5686.0000,5685.8000,5685.0000,5682.8000,5692.4000,5693.2000,5694.8000,5695.0000,5701.4000,1,1,1,1,2,2,1,3,1,5
SF,IC2008,2020-06-24 09:31:23.400,5693.2000,1455,0,29562720.000,0,-,-,-,-,5686.6000,5686.4000,5685.8000,5685.0000,5682.8000,5692.4000,5694.8000,5695.0000,5701.4000,5701.6000,1,1,1,1,2,2,3,1,5,2
SF,IC2008,2020-06-24 09:31:23.900,5693.2000,1455,0,29562720.000,0,-,-,-,-,5687.0000,5686.6000,5686.4000,5685.0000,5682.8000,5692.4000,5694.8000,5695.0000,5701.4000,5701.6000,1,1,1,1,2,2,3,1,5,2
SF,IC2008,2020-06-24 09:31:24.400,5693.2000,1455,0,29562720.000,0,-,-,-,-,5687.2000,5687.0000,5685.0000,5682.8000,5682.6000,5692.2000,5692.4000,5694.8000,5695.0000,5701.4000,1,1,1,2,1,1,2,3,1,5
SF,IC2008,2020-06-24 09:31:24.900,5693.2000,1455,0,29562720.000,0,-,-,-,-,5687.2000,5687.0000,5685.0000,5682.8000,5682.6000,5692.0000,5694.8000,5695.0000,5701.4000,5701.6000,1,1,1,2,1,3,3,1,5,2
SF,IC2008,2020-06-24 09:31:25.400,5693.2000,1455,0,29562720.000,0,-,-,-,-,5687.2000,5685.0000,5682.8000,5682.6000,5682.0000,5691.8000,5692.0000,5694.8000,5695.0000,5701.4000,1,1,2,1,1,1,2,3,1,5
SF,IC2008,2020-06-24 09:31:25.900,5693.2000,1455,0,29562720.000,0,-,-,-,-,5687.2000,5685.0000,5682.8000,5682.6000,5682.0000,5691.6000,5691.8000,5694.8000,5695.0000,5701.4000,1,1,2,1,1,2,1,3,1,5
SF,IC2008,2020-06-24 09:31:28.400,5693.2000,1455,0,29562720.000,0,-,-,-,-,5687.2000,5685.0000,5682.8000,5682.6000,5682.0000,5691.6000,5691.8000,5693.0000,5694.8000,5695.0000,1,1,2,1,1,2,1,1,3,1
SF,IC2008,2020-06-24 09:31:28.900,5693.2000,1455,0,29562720.000,0,-,-,-,-,5687.2000,5685.0000,5682.8000,5682.6000,5682.0000,5691.6000,5693.0000,5694.8000,5695.0000,5701.4000,1,1,2,1,1,2,1,3,1,5
SF,IC2008,2020-06-24 09:31:31.400,5693.2000,1455,0,29562720.000,0,-,-,-,-,5687.2000,5682.8000,5682.6000,5682.0000,5671.4000,5691.6000,5693.0000,5694.8000,5695.0000,5701.4000,1,2,1,1,1,2,1,3,1,5
SF,IC2008,2020-06-24 09:31:31.900,5693.2000,1455,0,29562720.000,0,-,-,-,-,5687.4000,5687.2000,5682.8000,5682.6000,5682.0000,5691.6000,5693.0000,5694.8000,5695.0000,5701.4000,1,1,2,1,1,1,1,3,1,5
SF,IC2008,2020-06-24 09:31:32.400,5693.2000,1455,0,29562720.000,0,-,-,-,-,5687.6000,5687.4000,5682.8000,5682.6000,5682.0000,5691.6000,5693.0000,5694.8000,5695.0000,5701.4000,1,1,2,1,1,1,1,3,1,5
SF,IC2008,2020-06-24 09:31:32.900,5693.2000,1455,0,29562720.000,0,-,-,-,-,5687.6000,5687.4000,5682.8000,5682.6000,5671.4000,5691.6000,5693.0000,5694.8000,5695.0000,5701.4000,1,1,2,1,1,1,1,3,1,5
SF,IC2008,2020-06-24 09:31:33.400,5693.2000,1455,0,29562720.000,0,-,-,-,-,5687.8000,5687.6000,5687.4000,5682.8000,5682.6000,5691.6000,5693.0000,5694.8000,5695.0000,5701.4000,1,1,1,2,1,1,1,3,1,5
SF,IC2008,2020-06-24 09:31:33.900,5693.2000,1455,0,29562720.000,0,-,-,-,-,5688.0000,5687.8000,5687.4000,5682.8000,5682.6000,5691.6000,5693.0000,5694.8000,5695.0000,5701.4000,1,1,1,2,1,1,1,3,1,5
SF,IC2008,2020-06-24 09:31:34.900,5693.2000,1455,0,29562720.000,0,-,-,-,-,5688.0000,5687.8000,5687.4000,5682.8000,5682.6000,5691.6000,5693.0000,5694.8000,5695.0000,5701.4000,1,1,1,2,1,1,1,3,1,5
SF,IC2008,2020-06-24 09:31:35.400,5693.2000,1455,0,29562720.000,0,-,-,-,-,5688.0000,5687.4000,5682.8000,5682.6000,5671.4000,5691.6000,5693.0000,5694.8000,5695.0000,5701.4000,1,1,2,1,1,1,1,3,1,5
SF,IC2008,2020-06-24 09:31:36.900,5693.2000,1455,0,29562720.000,0,-,-,-,-,5688.0000,5687.4000,5682.8000,5682.6000,5672.4000,5691.6000,5693.0000,5694.8000,5695.0000,5701.4000,1,1,2,1,1,1,1,3,1,5
SF,IC2008,2020-06-24 09:31:38.400,5693.2000,1455,0,29562720.000,0,-,-,-,-,5688.0000,5687.4000,5682.8000,5682.6000,5672.4000,5691.6000,5693.0000,5695.0000,5701.4000,5701.6000,1,1,2,1,1,1,1,1,5,2
SF,IC2008,2020-06-24 09:31:39.900,5693.2000,1455,0,29562720.000,0,-,-,-,-,5688.0000,5687.4000,5682.8000,5682.6000,5672.4000,5691.6000,5693.0000,5695.0000,5701.4000,5701.6000,1,1,2,1,1,1,1,1,5,2
SF,IC2008,2020-06-24 09:31:41.400,5688.0000,1454,-1,30700320.000,1,0,1,双平,S,5687.4000,5682.8000,5682.6000,5672.4000,5671.4000,5691.6000,5693.0000,5695.0000,5701.4000,5701.6000,1,2,1,1,1,1,1,1,5,2
SF,IC2008,2020-06-24 09:31:41.900,5688.0000,1454,0,30700320.000,0,-,-,-,-,5687.6000,5687.4000,5682.8000,5682.6000,5672.4000,5691.6000,5693.0000,5695.0000,5701.4000,5701.6000,1,1,2,1,1,1,1,1,5,2
SF,IC2008,2020-06-24 09:31:42.400,5688.0000,1454,0,30700320.000,0,-,-,-,-,5687.6000,5687.4000,5682.8000,5682.6000,5672.4000,5691.6000,5693.0000,5695.0000,5701.4000,5701.6000,1,1,2,1,1,1,1,1,5,2
SF,IC2008,2020-06-24 09:31:43.400,5691.6000,1454,0,31838640.000,1,0,1,多换,S,5687.6000,5687.4000,5682.8000,5682.6000,5672.4000,5693.0000,5695.0000,5701.4000,5701.6000,5709.8000,1,1,2,1,1,1,1,5,2,1
SF,IC2008,2020-06-24 09:31:43.900,5691.6000,1454,0,31838640.000,0,-,-,-,-,5687.8000,5687.6000,5682.8000,5682.6000,5672.4000,5692.8000,5693.0000,5695.0000,5701.4000,5701.6000,1,1,2,1,1,1,1,1,5,2
SF,IC2008,2020-06-24 09:31:44.400,5691.6000,1454,0,31838640.000,0,-,-,-,-,5688.0000,5687.8000,5682.8000,5682.6000,5672.4000,5692.8000,5693.0000,5695.0000,5701.4000,5701.6000,1,1,2,1,1,1,1,1,5,2
SF,IC2008,2020-06-24 09:31:44.900,5691.6000,1454,0,31838640.000,0,-,-,-,-,5688.2000,5688.0000,5682.8000,5682.6000,5672.4000,5692.8000,5693.0000,5695.0000,5701.4000,5701.6000,1,1,2,1,1,1,1,1,5,2
SF,IC2008,2020-06-24 09:31:45.400,5691.6000,1454,0,31838640.000,0,-,-,-,-,5688.6000,5688.4000,5688.2000,5682.8000,5682.6000,5692.8000,5693.0000,5695.0000,5701.4000,5701.6000,1,2,1,2,1,1,1,1,5,2
SF,IC2008,2020-06-24 09:31:45.900,5691.6000,1454,0,31838640.000,0,-,-,-,-,5689.2000,5688.8000,5688.6000,5682.8000,5682.6000,5692.8000,5693.0000,5695.0000,5701.4000,5701.6000,1,2,1,2,1,1,1,1,5,2
SF,IC2008,2020-06-24 09:31:46.400,5691.6000,1454,0,31838640.000,0,-,-,-,-,5689.4000,5688.8000,5682.8000,5682.6000,5672.4000,5692.8000,5693.0000,5695.0000,5701.4000,5701.6000,1,1,1,1,1,1,1,1,5,2
SF,IC2008,2020-06-24 09:31:47.400,5691.6000,1454,0,31838640.000,0,-,-,-,-,5689.4000,5688.8000,5682.8000,5682.6000,5672.4000,5692.6000,5692.8000,5693.0000,5695.0000,5701.4000,1,1,1,1,1,1,1,1,1,5
SF,IC2008,2020-06-24 09:31:47.900,5691.6000,1454,0,31838640.000,0,-,-,-,-,5689.4000,5688.8000,5682.8000,5682.6000,5672.4000,5692.4000,5692.6000,5693.0000,5695.0000,5701.4000,1,1,1,1,1,1,1,1,1,5
SF,IC2008,2020-06-24 09:31:48.400,5691.6000,1454,0,31838640.000,0,-,-,-,-,5689.4000,5682.8000,5682.6000,5672.4000,5671.4000,5692.4000,5692.6000,5693.0000,5695.0000,5701.4000,1,1,1,1,1,1,1,1,1,5
SF,IC2008,2020-06-24 09:31:48.900,5691.6000,1454,0,31838640.000,0,-,-,-,-,5689.4000,5682.8000,5682.6000,5672.4000,5671.4000,5692.4000,5693.0000,5695.0000,5701.4000,5701.6000,1,1,1,1,1,1,1,1,5,2
SF,IC2008,2020-06-24 09:31:49.900,5691.6000,1454,0,31838640.000,0,-,-,-,-,5689.4000,5682.8000,5682.6000,5682.2000,5672.4000,5692.4000,5693.0000,5695.0000,5701.4000,5701.6000,1,1,1,1,1,1,1,1,5,2
SF,IC2008,2020-06-24 09:31:52.400,5692.4000,1454,0,34115000.000,2,1,1,多换,S,5682.8000,5682.6000,5682.2000,5672.4000,5671.4000,5693.0000,5695.0000,5701.4000,5701.6000,5705.0000,1,1,1,1,1,1,1,5,2,1
SF,IC2008,2020-06-24 09:31:52.900,5692.4000,1454,0,34115000.000,0,-,-,-,-,5692.4000,5683.6000,5683.0000,5682.8000,5682.6000,5692.8000,5693.0000,5695.0000,5701.4000,5701.6000,1,1,1,1,1,2,1,1,5,2
SF,IC2008,2020-06-24 09:31:53.400,5692.4000,1454,0,36391960.000,2,1,1,多换,S,5683.6000,5683.0000,5682.8000,5682.6000,5682.2000,5693.0000,5695.0000,5701.4000,5701.6000,5705.0000,1,1,1,1,1,1,1,5,2,1
SF,IC2008,2020-06-24 09:31:53.900,5692.4000,1454,0,36391960.000,0,-,-,-,-,5683.8000,5683.6000,5682.6000,5682.2000,5672.4000,5692.8000,5693.0000,5695.0000,5701.4000,5701.6000,2,1,1,1,1,2,1,1,5,2
SF,IC2008,2020-06-24 09:31:54.400,5692.4000,1454,0,36391960.000,0,-,-,-,-,5687.0000,5683.8000,5683.6000,5682.6000,5682.2000,5692.8000,5693.0000,5695.0000,5701.4000,5701.6000,1,2,1,1,1,2,1,1,5,2
SF,IC2008,2020-06-24 09:31:54.900,5692.4000,1454,0,36391960.000,0,-,-,-,-,5688.2000,5687.2000,5687.0000,5683.8000,5683.6000,5692.6000,5692.8000,5693.0000,5695.0000,5701.4000,1,1,1,1,1,1,2,1,1,5
SF,IC2008,2020-06-24 09:31:55.400,5692.4000,1454,0,36391960.000,0,-,-,-,-,5688.4000,5688.2000,5687.0000,5683.8000,5683.6000,5692.4000,5692.6000,5693.0000,5695.0000,5701.4000,1,1,1,1,1,1,1,1,1,5
SF,IC2008,2020-06-24 09:31:55.900,5692.4000,1454,0,36391960.000,0,-,-,-,-,5688.6000,5688.4000,5688.2000,5685.2000,5683.8000,5692.2000,5692.4000,5692.6000,5693.0000,5695.0000,1,1,1,1,1,1,1,1,1,1
SF,IC2008,2020-06-24 09:31:56.400,5692.4000,1454,0,36391960.000,0,-,-,-,-,5689.4000,5688.8000,5685.2000,5683.8000,5683.6000,5692.2000,5692.4000,5692.6000,5693.0000,5695.0000,1,1,1,1,1,1,1,1,1,1
SF,IC2008,2020-06-24 09:31:56.900,5692.4000,1454,0,36391960.000,0,-,-,-,-,5689.6000,5689.4000,5685.2000,5683.8000,5683.6000,5692.6000,5693.0000,5695.0000,5701.4000,5701.6000,1,1,1,1,1,1,1,1,5,2
SF,IC2008,2020-06-24 09:31:57.400,5692.4000,1454,0,36391960.000,0,-,-,-,-,5689.6000,5689.4000,5685.2000,5683.8000,5683.6000,5692.4000,5693.0000,5695.0000,5701.4000,5705.0000,1,1,1,1,1,1,1,1,5,1
SF,IC2008,2020-06-24 09:31:57.900,5692.4000,1454,0,36391960.000,0,-,-,-,-,5690.6000,5689.6000,5685.2000,5683.8000,5683.6000,5692.4000,5693.0000,5695.0000,5701.4000,5705.0000,1,1,1,1,1,1,1,1,5,1
SF,IC2008,2020-06-24 09:31:58.400,5692.4000,1454,0,36391960.000,0,-,-,-,-,5690.8000,5690.6000,5685.2000,5683.8000,5683.6000,5693.0000,5695.0000,5701.4000,5705.0000,5709.8000,1,1,1,1,1,1,1,5,1,1
SF,IC2008,2020-06-24 09:31:58.900,5692.4000,1454,0,36391960.000,0,-,-,-,-,5690.8000,5685.2000,5683.8000,5683.6000,5682.6000,5692.8000,5693.0000,5695.0000,5701.4000,5705.0000,1,1,1,1,1,1,1,1,5,1
SF,IC2008,2020-06-24 09:31:59.400,5692.4000,1454,0,36391960.000,0,-,-,-,-,5690.8000,5685.2000,5683.8000,5683.6000,5682.6000,5693.0000,5695.0000,5701.4000,5705.0000,5709.8000,1,1,1,1,1,1,1,5,1,1
SF,IC2008,2020-06-24 09:31:59.900,5692.4000,1454,0,36391960.000,0,-,-,-,-,5690.8000,5685.2000,5683.8000,5683.6000,5682.6000,5692.8000,5693.0000,5695.0000,5701.4000,5705.0000,1,1,1,1,1,1,1,1,5,1
SF,IC2008,2020-06-24 09:32:01.400,5693.0000,1454,0,38669120.000,2,1,1,多换,S,5690.8000,5685.2000,5683.8000,5683.6000,5682.6000,5695.0000,5701.4000,5705.0000,5709.8000,5738.6000,1,1,1,1,1,1,5,1,1,2
SF,IC2008,2020-06-24 09:32:01.900,5693.0000,1454,0,38669120.000,0,-,-,-,-,5691.0000,5690.8000,5685.2000,5683.8000,5682.6000,5694.8000,5695.0000,5701.4000,5705.0000,5709.8000,1,1,1,1,1,1,1,5,1,1
SF,IC2008,2020-06-24 09:32:02.400,5693.0000,1454,0,38669120.000,0,-,-,-,-,5691.2000,5691.0000,5685.2000,5683.8000,5682.2000,5695.0000,5701.4000,5705.0000,5709.8000,5738.6000,1,1,1,1,1,1,5,1,1,2
SF,IC2008,2020-06-24 09:32:02.900,5693.0000,1454,0,38669120.000,0,-,-,-,-,5691.2000,5691.0000,5685.2000,5683.8000,5682.2000,5695.0000,5701.4000,5705.0000,5709.8000,5738.6000,1,1,1,1,1,1,5,1,1,2
SF,IC2008,2020-06-24 09:32:03.400,5693.0000,1454,0,38669120.000,0,-,-,-,-,5691.2000,5691.0000,5685.2000,5683.8000,5682.2000,5695.0000,5701.4000,5705.0000,5709.8000,5738.6000,1,1,1,1,1,1,5,1,1,2
SF,IC2008,2020-06-24 09:32:03.900,5693.0000,1454,0,38669120.000,0,-,-,-,-,5691.2000,5691.0000,5685.2000,5683.8000,5682.2000,5695.0000,5701.4000,5705.0000,5709.8000,5738.6000,1,1,1,1,1,1,5,1,1,2
SF,IC2008,2020-06-24 09:32:04.400,5693.0000,1454,0,38669120.000,0,-,-,-,-,5691.2000,5691.0000,5685.2000,5683.8000,5682.2000,5695.0000,5701.4000,5705.0000,5709.8000,5738.6000,1,1,1,1,1,1,5,1,1,2
SF,IC2008,2020-06-24 09:32:04.900,5693.0000,1454,0,38669120.000,0,-,-,-,-,5691.2000,5691.0000,5685.2000,5683.8000,5682.2000,5695.0000,5701.4000,5705.0000,5709.8000,5738.6000,1,1,1,1,1,1,5,1,1,2
SF,IC2008,2020-06-24 09:32:05.400,5693.0000,1454,0,38669120.000,0,-,-,-,-,5691.2000,5685.2000,5683.8000,5682.2000,5680.2000,5694.8000,5695.0000,5701.4000,5705.0000,5709.8000,1,1,1,1,1,1,1,5,1,1
SF,IC2008,2020-06-24 09:32:05.900,5693.0000,1454,0,38669120.000,0,-,-,-,-,5691.2000,5685.2000,5683.8000,5682.2000,5680.2000,5695.0000,5701.4000,5705.0000,5709.8000,5738.6000,1,1,1,1,1,1,5,1,1,2
SF,IC2008,2020-06-24 09:32:06.400,5693.0000,1454,0,38669120.000,0,-,-,-,-,5691.2000,5685.2000,5683.8000,5682.2000,5680.2000,5694.8000,5695.0000,5701.4000,5705.0000,5709.8000,1,1,1,1,1,1,1,5,1,1
SF,IC2008,2020-06-24 09:32:06.900,5693.0000,1454,0,38669120.000,0,-,-,-,-,5691.2000,5685.2000,5683.8000,5682.2000,5680.2000,5695.0000,5701.4000,5705.0000,5709.8000,5710.0000,1,1,1,1,1,1,5,1,1,1
SF,IC2008,2020-06-24 09:32:07.400,5693.0000,1454,0,38669120.000,0,-,-,-,-,5691.2000,5685.2000,5683.8000,5682.2000,5680.2000,5695.0000,5701.4000,5705.0000,5709.8000,5710.0000,1,1,1,1,1,1,5,1,1,1
SF,IC2008,2020-06-24 09:32:07.900,5693.0000,1454,0,38669120.000,0,-,-,-,-,5691.2000,5685.2000,5683.8000,5682.2000,5680.2000,5695.0000,5701.4000,5705.0000,5709.8000,5710.0000,1,1,1,1,1,1,5,1,1,1
SF,IC2008,2020-06-24 09:32:08.400,5693.0000,1454,0,38669120.000,0,-,-,-,-,5691.2000,5685.2000,5683.8000,5682.2000,5680.2000,5694.8000,5695.0000,5701.4000,5705.0000,5709.8000,1,1,1,1,1,1,1,5,1,1
SF,IC2008,2020-06-24 09:32:08.900,5693.0000,1454,0,38669120.000,0,-,-,-,-,5691.2000,5685.2000,5683.8000,5682.2000,5680.2000,5694.8000,5695.0000,5701.4000,5705.0000,5709.8000,1,1,1,1,1,1,1,5,1,1
SF,IC2008,2020-06-24 09:32:09.400,5693.0000,1454,0,38669120.000,0,-,-,-,-,5691.2000,5685.2000,5683.8000,5682.2000,5680.2000,5694.8000,5695.0000,5701.4000,5705.0000,5709.8000,2,1,1,1,1,1,1,5,1,1
SF,IC2008,2020-06-24 09:32:10.400,5694.8000,1453,-1,39808080.000,1,0,1,双平,S,5691.2000,5685.2000,5683.8000,5682.2000,5680.2000,5695.0000,5701.4000,5705.0000,5709.8000,5710.0000,2,1,1,1,1,1,5,1,1,1
SF,IC2008,2020-06-24 09:32:10.900,5691.2000,1453,0,40946320.000,1,0,1,多换,S,5691.2000,5685.2000,5683.8000,5682.2000,5680.2000,5695.0000,5701.4000,5705.0000,5709.8000,5710.0000,1,1,1,1,1,1,5,1,1,1
SF,IC2008,2020-06-24 09:32:11.400,5691.2000,1453,0,40946320.000,0,-,-,-,-,5691.4000,5691.2000,5685.2000,5683.8000,5682.2000,5695.0000,5701.4000,5705.0000,5709.8000,5710.0000,1,1,1,1,1,1,5,1,1,1
SF,IC2008,2020-06-24 09:32:11.900,5691.2000,1453,0,40946320.000,0,-,-,-,-,5691.4000,5691.2000,5685.2000,5683.8000,5682.2000,5694.8000,5695.0000,5701.4000,5705.0000,5709.8000,1,1,1,1,1,1,1,5,1,1
SF,IC2008,2020-06-24 09:32:12.400,5691.2000,1453,0,40946320.000,0,-,-,-,-,5691.4000,5691.2000,5685.2000,5683.8000,5682.2000,5694.8000,5695.0000,5701.4000,5705.0000,5709.8000,1,1,1,1,1,1,1,5,1,1
SF,IC2008,2020-06-24 09:32:12.900,5691.2000,1453,0,40946320.000,0,-,-,-,-,5691.4000,5691.2000,5685.2000,5683.8000,5682.2000,5695.0000,5701.4000,5705.0000,5709.8000,5710.0000,1,1,1,1,1,1,5,1,1,1
SF,IC2008,2020-06-24 09:32:13.400,5691.2000,1453,0,40946320.000,0,-,-,-,-,5691.4000,5691.2000,5685.2000,5683.8000,5682.2000,5695.0000,5701.4000,5705.0000,5709.8000,5710.0000,1,1,1,1,1,1,5,1,1,1
SF,IC2008,2020-06-24 09:32:13.900,5695.0000,1453,0,42085320.000,1,0,1,多换,S,5691.4000,5691.2000,5685.2000,5683.8000,5682.2000,5701.4000,5705.0000,5709.8000,5710.0000,5738.6000,1,1,1,1,1,5,1,1,1,2
SF,IC2008,2020-06-24 09:32:14.400,5691.6000,1452,-1,43223640.000,1,0,1,双平,S,5691.6000,5691.4000,5691.2000,5685.2000,5683.8000,5697.2000,5700.6000,5701.2000,5701.4000,5705.0000,1,1,1,1,1,1,1,4,5,1
SF,IC2008,2020-06-24 09:32:14.900,5691.6000,1452,0,43223640.000,0,-,-,-,-,5691.8000,5691.6000,5691.2000,5685.2000,5683.8000,5697.0000,5697.2000,5700.6000,5701.2000,5701.4000,1,1,1,1,1,1,1,1,1,5
SF,IC2008,2020-06-24 09:32:15.400,5691.6000,1452,0,43223640.000,0,-,-,-,-,5692.0000,5691.8000,5691.2000,5685.2000,5683.8000,5697.0000,5697.2000,5700.6000,5701.2000,5701.4000,1,1,1,1,1,1,1,1,1,5
SF,IC2008,2020-06-24 09:32:15.900,5691.6000,1452,0,43223640.000,0,-,-,-,-,5692.2000,5692.0000,5691.2000,5685.2000,5683.8000,5696.8000,5697.0000,5697.2000,5700.6000,5701.2000,1,1,1,1,1,1,1,1,1,1
SF,IC2008,2020-06-24 09:32:16.400,5691.6000,1452,0,43223640.000,0,-,-,-,-,5692.4000,5692.2000,5691.2000,5685.2000,5683.8000,5696.6000,5696.8000,5697.2000,5700.6000,5701.2000,1,1,1,1,1,1,1,1,1,1
SF,IC2008,2020-06-24 09:32:16.900,5691.6000,1452,0,43223640.000,0,-,-,-,-,5692.6000,5692.4000,5691.2000,5685.2000,5683.8000,5696.6000,5696.8000,5697.2000,5700.6000,5701.2000,1,1,1,1,1,1,1,1,1,1
SF,IC2008,2020-06-24 09:32:18.400,5691.6000,1452,0,43223640.000,0,-,-,-,-,5692.6000,5692.4000,5691.2000,5685.2000,5683.8000,5696.6000,5696.8000,5700.6000,5701.2000,5701.4000,1,1,1,1,1,1,1,1,1,5
SF,IC2008,2020-06-24 09:32:18.900,5691.6000,1452,0,43223640.000,0,-,-,-,-,5692.6000,5692.4000,5691.2000,5685.2000,5683.8000,5696.6000,5700.6000,5701.2000,5701.4000,5705.0000,1,1,1,1,1,1,1,1,5,1
SF,IC2008,2020-06-24 09:32:19.900,5691.6000,1452,0,43223640.000,0,-,-,-,-,5692.6000,5692.4000,5691.2000,5685.6000,5685.2000,5696.6000,5700.6000,5701.2000,5705.0000,5707.2000,1,1,1,1,1,1,1,1,1,5
SF,IC2008,2020-06-24 09:32:20.400,5691.6000,1452,0,43223640.000,0,-,-,-,-,5692.4000,5691.2000,5685.6000,5685.2000,5683.8000,5705.0000,5707.2000,5709.8000,5710.0000,5738.6000,1,1,1,1,1,1,5,1,1,2
SF,IC2008,2020-06-24 09:32:20.900,5691.6000,1452,0,43223640.000,0,-,-,-,-,5692.6000,5692.4000,5691.2000,5685.6000,5685.2000,5700.2000,5702.4000,5703.0000,5704.8000,5705.0000,1,1,1,1,1,1,1,1,5,1
SF,IC2008,2020-06-24 09:32:21.400,5691.6000,1452,0,43223640.000,0,-,-,-,-,5692.8000,5692.6000,5691.2000,5685.6000,5685.2000,5699.4000,5700.0000,5702.4000,5703.0000,5704.8000,1,1,1,1,1,1,2,1,1,3
SF,IC2008,2020-06-24 09:32:21.900,5691.6000,1452,0,43223640.000,0,-,-,-,-,5693.0000,5692.8000,5691.2000,5685.6000,5685.2000,5698.8000,5699.2000,5700.0000,5702.4000,5703.0000,1,1,1,1,1,1,1,1,1,1
SF,IC2008,2020-06-24 09:32:22.400,5691.6000,1452,0,43223640.000,0,-,-,-,-,5693.2000,5693.0000,5691.2000,5685.6000,5685.2000,5698.6000,5698.8000,5700.0000,5702.4000,5703.0000,1,1,1,1,1,1,1,1,1,1
SF,IC2008,2020-06-24 09:32:22.900,5691.6000,1452,0,43223640.000,0,-,-,-,-,5693.4000,5693.2000,5685.6000,5685.2000,5683.8000,5698.2000,5698.6000,5700.0000,5702.4000,5703.0000,1,1,1,1,1,1,1,1,1,1
SF,IC2008,2020-06-24 09:32:23.400,5691.6000,1452,0,43223640.000,0,-,-,-,-,5694.2000,5693.4000,5689.4000,5685.6000,5685.2000,5698.0000,5700.0000,5702.4000,5703.0000,5704.8000,1,1,1,1,1,3,1,1,1,3
SF,IC2008,2020-06-24 09:32:23.900,5691.6000,1452,0,43223640.000,0,-,-,-,-,5694.4000,5694.2000,5689.4000,5685.6000,5685.2000,5698.0000,5700.0000,5702.4000,5703.0000,5704.8000,1,1,1,1,1,2,1,1,1,3
SF,IC2008,2020-06-24 09:32:24.400,5698.0000,1452,0,44363240.000,1,0,1,多换,S,5694.4000,5694.2000,5689.4000,5685.6000,5685.2000,5700.0000,5702.4000,5703.0000,5704.8000,5705.0000,1,1,1,1,1,1,1,1,3,1
SF,IC2008,2020-06-24 09:32:24.900,5698.0000,1452,0,44363240.000,0,-,-,-,-,5694.4000,5694.2000,5689.4000,5685.6000,5685.2000,5697.8000,5699.8000,5700.0000,5702.4000,5703.0000,1,1,1,1,1,1,5,1,1,1
SF,IC2008,2020-06-24 09:32:25.400,5694.2000,1451,-1,46640960.000,2,0,2,多平,S,5689.4000,5685.6000,5685.2000,5683.8000,5682.2000,5697.6000,5697.8000,5699.8000,5702.4000,5704.8000,1,1,1,1,1,2,1,5,1,3
SF,IC2008,2020-06-24 09:32:25.900,5694.2000,1451,0,46640960.000,0,-,-,-,-,5689.6000,5689.4000,5689.2000,5685.6000,5685.2000,5697.4000,5697.8000,5699.8000,5702.4000,5704.8000,1,1,1,1,1,1,1,3,1,3
SF,IC2008,2020-06-24 09:32:26.400,5694.2000,1451,0,46640960.000,0,-,-,-,-,5689.6000,5689.4000,5689.2000,5685.6000,5685.2000,5697.2000,5697.4000,5697.8000,5699.8000,5702.4000,1,1,1,1,1,1,1,1,3,1
SF,IC2008,2020-06-24 09:32:26.900,5694.2000,1451,0,46640960.000,0,-,-,-,-,5689.6000,5689.4000,5689.2000,5685.6000,5685.2000,5696.6000,5697.0000,5697.2000,5699.8000,5702.4000,1,1,1,1,1,1,1,1,3,1
SF,IC2008,2020-06-24 09:32:27.400,5694.2000,1451,0,46640960.000,0,-,-,-,-,5689.6000,5689.4000,5689.2000,5685.6000,5685.2000,5696.4000,5699.8000,5702.4000,5704.8000,5705.0000,1,1,1,1,1,2,3,1,3,1
SF,IC2008,2020-06-24 09:32:27.900,5694.2000,1451,0,46640960.000,0,-,-,-,-,5689.6000,5689.4000,5689.2000,5685.2000,5683.8000,5696.2000,5696.4000,5699.8000,5702.4000,5704.8000,1,1,1,1,1,2,1,3,1,3
SF,IC2008,2020-06-24 09:32:28.400,5694.2000,1451,0,46640960.000,0,-,-,-,-,5689.8000,5689.6000,5689.4000,5689.2000,5685.2000,5696.2000,5699.8000,5702.4000,5704.8000,5705.0000,1,1,1,1,1,2,3,1,3,1
SF,IC2008,2020-06-24 09:32:28.900,5694.2000,1451,0,46640960.000,0,-,-,-,-,5690.0000,5689.8000,5689.4000,5689.2000,5685.2000,5696.0000,5696.2000,5699.8000,5702.4000,5704.8000,1,1,1,1,1,1,2,3,1,3
SF,IC2008,2020-06-24 09:32:29.400,5694.2000,1451,0,46640960.000,0,-,-,-,-,5690.2000,5690.0000,5689.4000,5685.2000,5683.8000,5696.0000,5696.2000,5699.8000,5702.4000,5704.8000,1,1,1,1,1,1,1,3,1,3
SF,IC2008,2020-06-24 09:32:29.900,5694.2000,1451,0,46640960.000,0,-,-,-,-,5690.4000,5690.2000,5689.4000,5685.2000,5683.8000,5696.0000,5696.2000,5699.8000,5702.4000,5704.8000,1,1,1,1,1,1,1,3,1,3
SF,IC2008,2020-06-24 09:32:30.400,5694.2000,1451,0,46640960.000,0,-,-,-,-,5690.6000,5690.4000,5689.4000,5685.2000,5683.8000,5695.8000,5699.8000,5702.4000,5704.8000,5705.0000,1,1,1,1,1,1,3,1,3,1
SF,IC2008,2020-06-24 09:32:30.900,5694.2000,1451,0,46640960.000,0,-,-,-,-,5690.8000,5690.6000,5686.6000,5685.2000,5683.8000,5695.8000,5699.8000,5701.2000,5702.4000,5704.8000,1,1,1,1,1,1,3,1,1,3
SF,IC2008,2020-06-24 09:32:31.400,5694.2000,1451,0,46640960.000,0,-,-,-,-,5691.0000,5690.8000,5686.6000,5685.2000,5683.8000,5695.6000,5695.8000,5699.8000,5701.2000,5704.8000,1,1,1,1,1,1,2,3,1,3
SF,IC2008,2020-06-24 09:32:31.900,5694.2000,1451,0,46640960.000,0,-,-,-,-,5691.2000,5691.0000,5686.6000,5685.2000,5683.8000,5695.6000,5695.8000,5699.8000,5701.2000,5704.8000,1,1,1,1,1,1,1,3,1,3
SF,IC2008,2020-06-24 09:32:32.400,5691.4000,1450,-1,47779240.000,1,0,1,双平,S,5691.2000,5686.6000,5685.2000,5683.8000,5682.2000,5695.2000,5695.4000,5695.6000,5695.8000,5699.8000,1,1,1,1,1,1,2,1,1,3
SF,IC2008,2020-06-24 09:32:32.900,5691.4000,1450,0,47779240.000,0,-,-,-,-,5686.6000,5685.2000,5683.8000,5682.2000,5680.2000,5694.2000,5695.4000,5695.6000,5695.8000,5699.8000,1,1,1,1,1,1,1,1,1,3
SF,IC2008,2020-06-24 09:32:33.400,5691.4000,1450,0,47779240.000,0,-,-,-,-,5686.8000,5686.6000,5685.2000,5683.8000,5682.2000,5694.0000,5694.2000,5695.6000,5695.8000,5699.8000,1,1,1,1,1,1,1,1,1,3
SF,IC2008,2020-06-24 09:32:33.900,5691.4000,1450,0,47779240.000,0,-,-,-,-,5686.8000,5686.6000,5685.2000,5683.8000,5682.2000,5693.8000,5694.0000,5694.2000,5695.6000,5695.8000,1,1,1,1,1,1,1,1,1,1
SF,IC2008,2020-06-24 09:32:34.400,5691.4000,1450,0,47779240.000,0,-,-,-,-,5686.8000,5686.6000,5685.2000,5683.8000,5682.2000,5693.6000,5693.8000,5694.2000,5695.6000,5695.8000,2,1,1,1,1,1,1,1,1,1
SF,IC2008,2020-06-24 09:32:34.900,5691.4000,1450,0,47779240.000,0,-,-,-,-,5686.8000,5686.6000,5685.2000,5683.8000,5682.2000,5693.6000,5694.2000,5695.6000,5695.8000,5699.8000,2,1,1,1,1,1,1,1,1,3
SF,IC2008,2020-06-24 09:32:35.400,5691.4000,1450,0,47779240.000,0,-,-,-,-,5686.8000,5686.6000,5685.2000,5683.8000,5682.2000,5693.4000,5693.6000,5695.6000,5695.8000,5699.8000,2,1,1,1,1,2,1,1,1,3
SF,IC2008,2020-06-24 09:32:35.900,5691.4000,1450,0,47779240.000,0,-,-,-,-,5686.8000,5686.6000,5685.2000,5683.8000,5682.2000,5693.2000,5693.4000,5695.6000,5695.8000,5699.8000,2,1,1,1,1,1,2,1,1,3
SF,IC2008,2020-06-24 09:32:36.400,5691.4000,1450,0,47779240.000,0,-,-,-,-,5686.8000,5686.6000,5685.2000,5683.8000,5682.2000,5693.0000,5693.2000,5695.6000,5695.8000,5699.8000,2,1,1,1,1,1,1,1,1,3
SF,IC2008,2020-06-24 09:32:36.900,5691.4000,1450,0,47779240.000,0,-,-,-,-,5686.8000,5686.6000,5685.2000,5683.8000,5682.2000,5692.8000,5693.0000,5695.6000,5695.8000,5699.8000,2,1,1,1,1,2,1,1,1,3
SF,IC2008,2020-06-24 09:32:37.400,5691.4000,1450,0,47779240.000,0,-,-,-,-,5686.8000,5686.6000,5685.2000,5683.8000,5682.2000,5692.0000,5692.8000,5695.6000,5695.8000,5699.8000,2,1,1,1,1,1,2,6,1,3
SF,IC2008,2020-06-24 09:32:37.900,5691.4000,1450,0,47779240.000,0,-,-,-,-,5686.8000,5683.8000,5682.2000,5680.2000,5672.4000,5691.8000,5692.0000,5695.6000,5695.8000,5699.8000,2,1,1,1,1,1,1,6,1,3
SF,IC2008,2020-06-24 09:32:38.400,5691.4000,1450,0,47779240.000,0,-,-,-,-,5686.8000,5683.8000,5682.2000,5680.2000,5672.4000,5691.6000,5691.8000,5692.0000,5695.6000,5695.8000,2,1,1,1,1,1,1,1,6,1
SF,IC2008,2020-06-24 09:32:38.900,5691.4000,1450,0,47779240.000,0,-,-,-,-,5686.8000,5683.8000,5682.2000,5680.2000,5672.4000,5691.4000,5691.6000,5692.0000,5695.6000,5695.8000,2,1,1,1,1,1,1,1,6,1
SF,IC2008,2020-06-24 09:32:39.400,5691.4000,1450,0,47779240.000,0,-,-,-,-,5686.8000,5683.8000,5682.2000,5680.2000,5672.4000,5691.4000,5692.0000,5695.6000,5695.8000,5699.8000,2,1,1,1,1,1,1,6,1,3
SF,IC2008,2020-06-24 09:32:39.900,5686.8000,1450,0,50053960.000,2,1,1,多换,S,5683.8000,5682.2000,5680.2000,5672.4000,5671.2000,5691.2000,5691.4000,5695.6000,5695.8000,5699.8000,1,1,1,1,1,2,1,6,1,3
SF,IC2008,2020-06-24 09:32:40.400,5684.0000,1449,-1,51190760.000,1,0,1,双平,S,5682.2000,5680.2000,5672.4000,5671.2000,5670.2000,5689.8000,5691.0000,5691.2000,5695.6000,5695.8000,1,1,1,1,1,1,2,1,6,1
SF,IC2008,2020-06-24 09:32:40.900,5684.0000,1449,0,51190760.000,0,-,-,-,-,5682.6000,5682.4000,5682.2000,5680.2000,5672.4000,5689.4000,5689.6000,5691.0000,5695.6000,5695.8000,1,1,1,1,1,1,1,1,6,1
SF,IC2008,2020-06-24 09:32:41.400,5684.0000,1449,0,51190760.000,0,-,-,-,-,5682.8000,5682.2000,5680.2000,5672.4000,5671.2000,5689.2000,5691.0000,5695.6000,5695.8000,5699.8000,1,1,1,1,1,2,1,6,1,3
SF,IC2008,2020-06-24 09:32:41.900,5684.0000,1449,0,51190760.000,0,-,-,-,-,5682.8000,5682.6000,5682.2000,5680.2000,5672.4000,5689.2000,5691.0000,5695.6000,5695.8000,5699.8000,1,1,1,1,1,2,1,5,1,3
SF,IC2008,2020-06-24 09:32:42.400,5684.0000,1449,0,51190760.000,0,-,-,-,-,5682.8000,5682.6000,5682.2000,5680.2000,5672.4000,5689.2000,5691.0000,5695.6000,5695.8000,5699.8000,1,1,1,1,1,2,1,5,1,3
SF,IC2008,2020-06-24 09:32:42.900,5684.0000,1449,0,51190760.000,0,-,-,-,-,5682.8000,5682.6000,5682.2000,5680.2000,5672.4000,5689.2000,5691.0000,5695.6000,5695.8000,5699.8000,1,1,1,1,1,2,1,5,1,3
SF,IC2008,2020-06-24 09:32:43.400,5684.0000,1449,0,51190760.000,0,-,-,-,-,5682.8000,5682.6000,5682.2000,5680.2000,5672.4000,5689.2000,5691.0000,5695.6000,5695.8000,5699.8000,1,1,1,1,1,2,1,5,1,3
SF,IC2008,2020-06-24 09:32:43.900,5684.0000,1449,0,51190760.000,0,-,-,-,-,5682.8000,5682.6000,5682.2000,5680.2000,5672.4000,5689.0000,5689.2000,5691.0000,5695.6000,5695.8000,1,1,1,1,1,1,2,1,5,1
SF,IC2008,2020-06-24 09:32:44.400,5684.0000,1449,0,51190760.000,0,-,-,-,-,5682.8000,5682.6000,5682.2000,5680.2000,5672.4000,5688.8000,5689.0000,5695.6000,5695.8000,5699.8000,1,1,1,1,1,1,1,5,1,3
SF,IC2008,2020-06-24 09:32:44.900,5684.0000,1449,0,51190760.000,0,-,-,-,-,5682.8000,5682.6000,5682.2000,5680.2000,5672.4000,5688.6000,5688.8000,5695.6000,5695.8000,5699.8000,1,1,1,1,1,1,1,5,1,3
SF,IC2008,2020-06-24 09:32:45.400,5684.0000,1449,0,51190760.000,0,-,-,-,-,5682.8000,5682.6000,5682.2000,5680.2000,5672.4000,5688.4000,5688.6000,5695.6000,5695.8000,5699.8000,1,1,1,1,1,1,1,5,1,3
SF,IC2008,2020-06-24 09:32:45.900,5688.4000,1449,0,52328440.000,1,0,1,多换,S,5683.0000,5682.8000,5682.6000,5682.2000,5680.2000,5688.2000,5695.6000,5695.8000,5699.8000,5701.2000,1,1,1,1,1,1,5,1,3,1
SF,IC2008,2020-06-24 09:32:46.400,5688.2000,1448,-1,53466080.000,1,0,1,双平,S,5683.2000,5683.0000,5682.6000,5682.2000,5680.2000,5695.6000,5695.8000,5699.8000,5701.2000,5704.8000,2,1,1,1,1,5,1,3,1,3
SF,IC2008,2020-06-24 09:32:46.900,5688.2000,1448,0,53466080.000,0,-,-,-,-,5683.2000,5683.0000,5682.6000,5682.2000,5680.2000,5691.6000,5695.4000,5695.6000,5695.8000,5699.8000,2,1,1,1,1,1,6,6,1,3
SF,IC2008,2020-06-24 09:32:47.400,5688.2000,1448,0,53466080.000,0,-,-,-,-,5683.2000,5683.0000,5682.6000,5682.2000,5680.2000,5691.6000,5695.4000,5695.6000,5695.8000,5699.8000,2,1,1,1,1,1,3,6,1,3
SF,IC2008,2020-06-24 09:32:47.900,5688.2000,1448,0,53466080.000,0,-,-,-,-,5683.2000,5683.0000,5682.6000,5682.2000,5680.2000,5691.2000,5691.4000,5695.4000,5695.6000,5695.8000,2,1,1,1,1,1,2,3,6,1
SF,IC2008,2020-06-24 09:32:48.400,5688.2000,1448,0,53466080.000,0,-,-,-,-,5683.2000,5683.0000,5682.6000,5682.2000,5680.2000,5691.2000,5691.4000,5695.4000,5695.6000,5695.8000,2,1,1,1,1,3,1,3,6,1
SF,IC2008,2020-06-24 09:32:48.900,5688.2000,1448,0,53466080.000,0,-,-,-,-,5683.8000,5683.2000,5683.0000,5682.6000,5682.2000,5690.6000,5691.0000,5691.2000,5691.4000,5695.4000,1,2,2,1,1,1,2,2,1,3
SF,IC2008,2020-06-24 09:32:49.400,5688.2000,1448,0,53466080.000,0,-,-,-,-,5684.0000,5683.8000,5683.0000,5682.6000,5682.2000,5690.6000,5691.0000,5691.2000,5691.4000,5695.4000,2,1,2,1,1,1,1,2,1,3
SF,IC2008,2020-06-24 09:32:49.900,5688.2000,1448,0,53466080.000,0,-,-,-,-,5684.0000,5683.8000,5683.0000,5682.6000,5682.2000,5690.2000,5690.4000,5690.6000,5691.0000,5691.4000,2,1,2,1,1,2,1,1,1,1
SF,IC2008,2020-06-24 09:32:50.400,5688.2000,1448,0,53466080.000,0,-,-,-,-,5684.0000,5683.8000,5683.0000,5682.6000,5682.2000,5690.2000,5690.6000,5691.0000,5691.4000,5695.4000,2,1,2,1,1,2,1,1,1,3
SF,IC2008,2020-06-24 09:32:50.900,5688.2000,1448,0,53466080.000,0,-,-,-,-,5684.0000,5683.0000,5682.6000,5682.2000,5680.2000,5690.0000,5690.2000,5691.0000,5695.4000,5695.6000,2,2,1,1,1,1,2,1,3,6
SF,IC2008,2020-06-24 09:32:51.400,5688.2000,1448,0,53466080.000,0,-,-,-,-,5684.0000,5683.0000,5682.6000,5682.2000,5680.2000,5690.0000,5691.0000,5695.4000,5695.6000,5695.8000,2,2,1,1,1,1,1,3,6,1
SF,IC2008,2020-06-24 09:32:51.900,5688.2000,1448,0,53466080.000,0,-,-,-,-,5684.0000,5683.0000,5682.6000,5682.2000,5680.2000,5690.0000,5695.4000,5695.6000,5695.8000,5699.8000,2,2,1,1,1,1,3,1,1,3
SF,IC2008,2020-06-24 09:32:52.400,5688.2000,1448,0,53466080.000,0,-,-,-,-,5684.0000,5683.0000,5682.6000,5682.2000,5680.2000,5690.0000,5695.4000,5695.6000,5695.8000,5699.8000,2,2,1,1,1,1,3,1,1,3
SF,IC2008,2020-06-24 09:32:53.400,5688.2000,1448,0,53466080.000,0,-,-,-,-,5684.0000,5683.0000,5682.6000,5682.2000,5680.2000,5689.8000,5690.0000,5695.4000,5695.6000,5695.8000,2,2,1,1,1,1,1,3,1,1
SF,IC2008,2020-06-24 09:32:53.900,5688.2000,1448,0,53466080.000,0,-,-,-,-,5684.0000,5683.0000,5682.6000,5682.2000,5680.2000,5689.8000,5695.4000,5695.6000,5695.8000,5699.8000,2,2,1,1,1,1,3,1,1,3
SF,IC2008,2020-06-24 09:32:54.400,5688.2000,1448,0,53466080.000,0,-,-,-,-,5684.0000,5683.0000,5682.6000,5682.2000,5680.2000,5689.6000,5689.8000,5695.4000,5695.6000,5695.8000,2,2,1,1,1,1,1,3,1,1
SF,IC2008,2020-06-24 09:32:55.900,5688.2000,1448,0,53466080.000,0,-,-,-,-,5684.0000,5683.0000,5682.6000,5682.2000,5680.2000,5689.6000,5689.8000,5695.4000,5695.8000,5699.8000,2,2,1,1,1,1,1,3,1,3
SF,IC2008,2020-06-24 09:32:56.400,5688.2000,1448,0,53466080.000,0,-,-,-,-,5684.0000,5683.0000,5682.2000,5680.2000,5679.6000,5689.6000,5689.8000,5695.4000,5695.8000,5699.8000,2,2,1,1,1,1,1,3,1,3
SF,IC2008,2020-06-24 09:32:57.400,5688.2000,1448,0,53466080.000,0,-,-,-,-,5684.0000,5683.0000,5682.2000,5680.2000,5679.6000,5689.6000,5695.4000,5695.8000,5699.8000,5701.2000,2,2,1,1,1,1,3,1,3,1
SF,IC2008,2020-06-24 09:32:57.900,5688.2000,1448,0,53466080.000,0,-,-,-,-,5684.0000,5683.0000,5682.2000,5680.2000,5679.6000,5689.6000,5695.4000,5695.8000,5699.8000,5701.2000,2,2,1,1,1,1,3,1,3,1
SF,IC2008,2020-06-24 09:32:58.400,5688.2000,1448,0,53466080.000,0,-,-,-,-,5684.0000,5683.0000,5682.2000,5680.2000,5679.6000,5689.2000,5689.4000,5689.6000,5695.4000,5699.8000,2,2,1,1,1,1,2,1,3,3
SF,IC2008,2020-06-24 09:32:58.900,5688.2000,1448,0,53466080.000,0,-,-,-,-,5684.0000,5683.0000,5682.2000,5680.2000,5679.6000,5689.4000,5695.4000,5699.8000,5701.2000,5701.4000,2,2,1,1,1,1,3,3,1,5
SF,IC2008,2020-06-24 09:32:59.400,5688.2000,1448,0,53466080.000,0,-,-,-,-,5684.0000,5683.0000,5682.2000,5680.2000,5679.6000,5689.2000,5689.4000,5695.4000,5699.8000,5701.2000,2,2,1,1,1,2,1,3,3,1
SF,IC2008,2020-06-24 09:32:59.900,5688.2000,1448,0,53466080.000,0,-,-,-,-,5684.0000,5683.0000,5682.2000,5680.2000,5679.6000,5689.0000,5689.2000,5689.4000,5695.4000,5699.8000,2,2,1,1,1,1,2,1,3,3
SF,IC2008,2020-06-24 09:33:00.400,5688.2000,1448,0,53466080.000,0,-,-,-,-,5684.0000,5683.0000,5682.2000,5680.2000,5679.6000,5689.0000,5689.4000,5695.4000,5699.8000,5701.2000,2,2,1,1,1,1,1,3,3,1
SF,IC2008,2020-06-24 09:33:00.900,5688.2000,1448,0,53466080.000,0,-,-,-,-,5684.0000,5683.0000,5682.2000,5680.2000,5679.6000,5688.8000,5689.4000,5695.4000,5699.8000,5701.2000,2,2,1,1,1,1,1,3,3,1
SF,IC2008,2020-06-24 09:33:01.400,5688.2000,1448,0,53466080.000,0,-,-,-,-,5684.0000,5683.0000,5682.2000,5680.2000,5679.6000,5688.8000,5695.4000,5699.8000,5701.2000,5701.4000,2,2,1,1,1,1,3,3,1,5
SF,IC2008,2020-06-24 09:33:01.900,5688.2000,1448,0,53466080.000,0,-,-,-,-,5684.0000,5683.0000,5682.2000,5680.2000,5679.6000,5688.8000,5695.4000,5699.8000,5701.2000,5701.4000,2,2,1,1,1,1,3,3,1,5
SF,IC2008,2020-06-24 09:33:02.400,5688.2000,1448,0,53466080.000,0,-,-,-,-,5684.0000,5683.0000,5682.2000,5680.2000,5679.6000,5688.8000,5695.4000,5699.8000,5701.2000,5701.4000,2,2,1,1,1,1,3,3,1,5
SF,IC2008,2020-06-24 09:33:02.900,5688.2000,1448,0,53466080.000,0,-,-,-,-,5684.0000,5683.0000,5682.2000,5680.2000,5679.6000,5688.8000,5695.4000,5699.8000,5701.2000,5701.4000,2,2,1,1,1,1,3,3,1,5
SF,IC2008,2020-06-24 09:33:03.400,5688.2000,1448,0,53466080.000,0,-,-,-,-,5684.0000,5683.0000,5682.2000,5680.2000,5679.6000,5688.8000,5695.4000,5699.8000,5701.2000,5701.4000,2,2,1,1,1,1,3,3,1,5
SF,IC2008,2020-06-24 09:33:05.400,5688.2000,1448,0,53466080.000,0,-,-,-,-,5684.0000,5683.0000,5682.2000,5680.2000,5679.6000,5688.6000,5688.8000,5695.4000,5699.8000,5701.4000,2,2,1,1,1,1,1,3,3,5
SF,IC2008,2020-06-24 09:33:05.900,5688.2000,1448,0,53466080.000,0,-,-,-,-,5684.0000,5683.0000,5682.2000,5680.2000,5679.6000,5688.6000,5695.4000,5699.8000,5701.4000,5704.8000,2,2,1,1,1,1,3,3,5,3
SF,IC2008,2020-06-24 09:33:06.400,5688.2000,1448,0,53466080.000,0,-,-,-,-,5684.0000,5683.0000,5682.2000,5680.2000,5679.6000,5688.4000,5688.6000,5695.4000,5699.8000,5701.4000,2,2,1,1,1,1,1,3,3,5
SF,IC2008,2020-06-24 09:33:06.900,5688.2000,1448,0,53466080.000,0,-,-,-,-,5684.0000,5683.0000,5682.2000,5680.2000,5672.4000,5688.4000,5688.6000,5695.4000,5699.8000,5701.4000,2,2,1,1,1,1,1,3,3,5
SF,IC2008,2020-06-24 09:33:08.900,5688.2000,1448,0,53466080.000,0,-,-,-,-,5684.0000,5683.0000,5682.2000,5680.2000,5672.4000,5688.4000,5695.4000,5699.8000,5701.4000,5704.8000,2,2,1,1,1,1,3,3,5,3
SF,IC2008,2020-06-24 09:33:09.400,5684.0000,1449,1,55739680.000,2,1,1,空开,S,5683.0000,5682.2000,5680.2000,5672.4000,5671.2000,5687.8000,5688.2000,5688.4000,5695.4000,5699.8000,2,1,1,1,1,1,2,1,3,3
SF,IC2008,2020-06-24 09:33:09.900,5684.0000,1449,0,55739680.000,0,-,-,-,-,5683.2000,5683.0000,5682.2000,5680.2000,5672.4000,5687.6000,5688.2000,5695.4000,5699.8000,5701.4000,1,1,1,1,1,2,2,3,3,5
SF,IC2008,2020-06-24 09:33:10.400,5683.2000,1449,0,56876320.000,1,0,1,多换,S,5683.0000,5682.2000,5680.2000,5672.4000,5671.2000,5687.4000,5687.6000,5688.2000,5695.4000,5699.8000,1,1,1,1,1,1,2,2,3,3
SF,IC2008,2020-06-24 09:33:10.900,5683.2000,1449,0,56876320.000,0,-,-,-,-,5683.0000,5682.2000,5680.2000,5672.4000,5671.2000,5687.2000,5687.4000,5687.6000,5688.2000,5695.4000,1,1,1,1,1,1,1,1,1,3
SF,IC2008,2020-06-24 09:33:11.400,5683.2000,1449,0,56876320.000,0,-,-,-,-,5683.0000,5682.2000,5680.2000,5672.4000,5671.2000,5687.2000,5687.6000,5688.2000,5695.4000,5699.8000,1,1,1,1,1,1,1,1,3,3
SF,IC2008,2020-06-24 09:33:11.900,5683.2000,1449,0,56876320.000,0,-,-,-,-,5683.0000,5682.2000,5680.2000,5672.4000,5671.2000,5687.0000,5687.2000,5687.6000,5688.2000,5695.4000,1,1,1,1,1,1,1,1,1,3
SF,IC2008,2020-06-24 09:33:12.400,5683.2000,1449,0,56876320.000,0,-,-,-,-,5683.0000,5682.2000,5680.2000,5672.4000,5671.2000,5687.0000,5687.6000,5688.2000,5695.4000,5699.8000,1,1,1,1,1,1,1,1,3,3
SF,IC2008,2020-06-24 09:33:12.900,5683.2000,1449,0,56876320.000,0,-,-,-,-,5683.0000,5682.2000,5680.2000,5672.4000,5671.2000,5686.4000,5686.8000,5687.0000,5688.2000,5695.4000,1,1,1,1,1,1,1,1,1,3
SF,IC2008,2020-06-24 09:33:13.400,5683.0000,1450,1,58012920.000,1,1,0,双开,S,5682.2000,5680.2000,5672.4000,5671.2000,5670.2000,5686.0000,5686.8000,5688.2000,5689.8000,5695.4000,1,1,1,1,1,1,1,1,5,3
SF,IC2008,2020-06-24 09:33:13.900,5683.0000,1450,0,58012920.000,0,-,-,-,-,5682.2000,5680.2000,5672.4000,5671.2000,5670.2000,5685.8000,5686.8000,5688.2000,5689.8000,5695.4000,1,1,1,1,1,3,1,1,5,3
SF,IC2008,2020-06-24 09:33:14.400,5682.2000,1450,0,59149360.000,1,0,1,多换,S,5680.2000,5672.4000,5671.2000,5670.2000,5661.4000,5685.8000,5686.8000,5688.2000,5689.8000,5695.4000,1,1,1,1,1,2,1,1,5,3
SF,IC2008,2020-06-24 09:33:14.900,5682.2000,1450,0,59149360.000,0,-,-,-,-,5680.2000,5672.4000,5671.2000,5670.2000,5661.4000,5685.0000,5685.6000,5685.8000,5686.8000,5688.2000,1,1,1,1,1,1,2,1,1,1
SF,IC2008,2020-06-24 09:33:15.400,5682.2000,1450,0,59149360.000,0,-,-,-,-,5680.2000,5672.4000,5671.2000,5670.2000,5661.4000,5684.8000,5685.0000,5685.8000,5686.8000,5688.2000,1,1,1,1,1,1,1,1,1,1
SF,IC2008,2020-06-24 09:33:15.900,5682.2000,1450,0,59149360.000,0,-,-,-,-,5680.2000,5672.4000,5671.2000,5670.2000,5661.4000,5684.6000,5684.8000,5685.0000,5686.8000,5688.2000,1,1,1,1,1,2,1,1,1,1
SF,IC2008,2020-06-24 09:33:16.400,5682.2000,1450,0,59149360.000,0,-,-,-,-,5680.2000,5672.4000,5671.2000,5670.2000,5661.4000,5684.4000,5684.6000,5685.0000,5686.8000,5688.2000,1,1,1,1,1,1,2,1,1,1
SF,IC2008,2020-06-24 09:33:16.900,5682.2000,1450,0,59149360.000,0,-,-,-,-,5680.2000,5672.4000,5671.2000,5670.2000,5661.4000,5684.4000,5684.6000,5685.0000,5686.8000,5688.2000,1,1,1,1,1,1,1,1,1,1
SF,IC2008,2020-06-24 09:33:17.400,5682.2000,1450,0,59149360.000,0,-,-,-,-,5680.2000,5672.4000,5671.2000,5670.2000,5661.4000,5684.2000,5684.4000,5684.6000,5687.0000,5688.2000,1,1,1,1,1,1,1,1,1,1
SF,IC2008,2020-06-24 09:33:18.400,5682.2000,1450,0,59149360.000,0,-,-,-,-,5680.2000,5672.4000,5671.2000,5670.2000,5661.4000,5684.2000,5684.4000,5687.0000,5688.2000,5689.8000,1,1,1,1,1,1,1,1,1,5
SF,IC2008,2020-06-24 09:33:18.900,5682.2000,1450,0,59149360.000,0,-,-,-,-,5680.2000,5672.4000,5671.2000,5670.2000,5661.4000,5684.2000,5687.0000,5688.2000,5689.8000,5695.4000,1,1,1,1,1,1,1,1,5,3
SF,IC2008,2020-06-24 09:33:19.400,5682.2000,1450,0,59149360.000,0,-,-,-,-,5680.2000,5672.4000,5671.2000,5670.2000,5661.4000,5684.2000,5687.0000,5688.2000,5689.8000,5695.4000,1,1,1,1,1,1,1,1,5,3
SF,IC2008,2020-06-24 09:33:20.900,5684.2000,1450,0,60286200.000,1,0,1,多换,S,5680.2000,5672.4000,5671.2000,5670.2000,5661.4000,5687.0000,5688.2000,5689.8000,5695.4000,5699.8000,1,1,1,1,1,1,1,5,3,3
SF,IC2008,2020-06-24 09:33:21.400,5684.2000,1450,0,60286200.000,0,-,-,-,-,5680.4000,5680.2000,5672.4000,5671.2000,5670.2000,5686.4000,5686.8000,5687.0000,5688.2000,5689.8000,1,1,1,1,1,1,1,1,1,5
SF,IC2008,2020-06-24 09:33:21.900,5684.2000,1450,0,60286200.000,0,-,-,-,-,5680.4000,5680.2000,5672.4000,5671.2000,5670.2000,5686.4000,5687.0000,5688.2000,5689.8000,5695.4000,1,1,1,1,1,1,1,1,5,3
SF,IC2008,2020-06-24 09:33:22.400,5684.2000,1450,0,60286200.000,0,-,-,-,-,5680.4000,5680.2000,5672.4000,5671.2000,5670.2000,5685.6000,5686.2000,5687.0000,5688.2000,5689.8000,1,1,1,1,1,1,2,1,1,5
SF,IC2008,2020-06-24 09:33:22.900,5684.2000,1450,0,60286200.000,0,-,-,-,-,5680.4000,5680.2000,5672.4000,5671.2000,5670.2000,5685.4000,5686.2000,5687.0000,5688.2000,5689.8000,1,1,1,1,1,1,2,1,1,5
SF,IC2008,2020-06-24 09:33:24.400,5684.2000,1450,0,60286200.000,0,-,-,-,-,5680.4000,5680.2000,5672.4000,5671.2000,5670.2000,5685.4000,5686.2000,5687.0000,5688.2000,5689.8000,1,1,1,1,1,1,1,1,1,5
SF,IC2008,2020-06-24 09:33:24.900,5685.2000,1450,0,61423240.000,1,0,1,多换,S,5680.6000,5680.2000,5672.4000,5671.2000,5670.2000,5685.2000,5685.4000,5686.2000,5687.0000,5688.2000,1,1,1,1,1,1,1,1,1,1
SF,IC2008,2020-06-24 09:33:26.900,5685.2000,1450,0,61423240.000,0,-,-,-,-,5680.6000,5680.2000,5672.4000,5671.2000,5670.2000,5685.2000,5686.2000,5687.0000,5688.2000,5689.8000,1,1,1,1,1,1,1,1,1,5
SF,IC2008,2020-06-24 09:33:29.400,5685.2000,1450,0,61423240.000,0,-,-,-,-,5680.6000,5680.2000,5672.4000,5671.2000,5670.2000,5685.2000,5686.2000,5687.0000,5688.2000,5695.4000,1,1,1,1,1,1,1,1,1,3
SF,IC2008,2020-06-24 09:33:29.900,5685.2000,1450,0,61423240.000,0,-,-,-,-,5680.6000,5680.2000,5672.4000,5671.2000,5670.2000,5687.0000,5688.2000,5695.4000,5695.6000,5699.8000,1,1,1,1,1,1,1,3,5,3
SF,IC2008,2020-06-24 09:33:31.400,5685.2000,1450,0,61423240.000,0,-,-,-,-,5680.6000,5680.2000,5672.4000,5671.2000,5670.2000,5686.8000,5688.2000,5695.4000,5695.6000,5699.8000,1,1,1,1,1,1,1,3,5,3
SF,IC2008,2020-06-24 09:33:33.900,5685.2000,1450,0,61423240.000,0,-,-,-,-,5681.0000,5680.6000,5680.2000,5672.4000,5671.2000,5686.8000,5688.2000,5695.4000,5695.6000,5699.8000,1,1,1,1,1,1,1,3,5,3
SF,IC2008,2020-06-24 09:33:34.400,5685.2000,1450,0,61423240.000,0,-,-,-,-,5681.2000,5681.0000,5680.2000,5672.4000,5671.2000,5686.8000,5688.2000,5695.4000,5695.6000,5699.8000,1,1,1,1,1,1,1,3,5,3
SF,IC2008,2020-06-24 09:33:34.900,5685.2000,1450,0,61423240.000,0,-,-,-,-,5681.2000,5681.0000,5680.2000,5672.4000,5671.2000,5686.6000,5686.8000,5688.2000,5695.4000,5695.6000,1,1,1,1,1,1,1,1,3,5
SF,IC2008,2020-06-24 09:33:35.400,5685.2000,1450,0,61423240.000,0,-,-,-,-,5681.2000,5680.2000,5672.4000,5671.2000,5670.2000,5686.6000,5686.8000,5688.2000,5695.4000,5695.6000,1,1,1,1,1,1,1,1,3,5
SF,IC2008,2020-06-24 09:33:36.400,5685.2000,1450,0,61423240.000,0,-,-,-,-,5681.2000,5680.2000,5672.4000,5671.2000,5670.2000,5686.6000,5686.8000,5688.2000,5695.4000,5695.6000,1,1,1,1,1,1,1,1,3,5
SF,IC2008,2020-06-24 09:33:38.400,5685.2000,1450,0,61423240.000,0,-,-,-,-,5681.2000,5680.2000,5672.4000,5671.2000,5670.2000,5686.6000,5688.2000,5695.4000,5695.6000,5699.8000,1,1,1,1,1,1,1,3,5,3
SF,IC2008,2020-06-24 09:33:38.900,5685.2000,1450,0,61423240.000,0,-,-,-,-,5681.2000,5680.2000,5672.4000,5671.2000,5670.2000,5686.2000,5686.4000,5686.6000,5688.2000,5695.4000,1,1,1,1,1,1,1,1,1,3
SF,IC2008,2020-06-24 09:33:40.900,5685.2000,1450,0,61423240.000,0,-,-,-,-,5681.2000,5680.2000,5672.4000,5671.2000,5670.2000,5686.2000,5686.6000,5688.2000,5695.4000,5695.6000,1,1,1,1,1,1,1,1,3,5
SF,IC2008,2020-06-24 09:33:41.900,5685.2000,1450,0,61423240.000,0,-,-,-,-,5681.2000,5680.2000,5672.4000,5671.2000,5670.2000,5686.0000,5686.2000,5686.6000,5688.2000,5695.4000,1,1,1,1,1,1,1,1,1,3
SF,IC2008,2020-06-24 09:33:42.900,5685.2000,1450,0,61423240.000,0,-,-,-,-,5681.2000,5680.2000,5672.4000,5671.2000,5670.2000,5686.0000,5686.6000,5688.2000,5695.4000,5695.6000,1,1,1,1,1,1,1,1,3,5
SF,IC2008,2020-06-24 09:33:43.400,5685.2000,1450,0,61423240.000,0,-,-,-,-,5681.2000,5680.2000,5672.4000,5671.2000,5670.2000,5686.0000,5688.2000,5695.4000,5695.6000,5699.8000,1,1,1,1,1,1,1,3,5,3
SF,IC2008,2020-06-24 09:33:43.900,5685.2000,1450,0,61423240.000,0,-,-,-,-,5681.2000,5680.2000,5672.4000,5671.2000,5670.2000,5686.0000,5688.2000,5695.4000,5695.6000,5699.8000,1,1,1,1,1,1,1,3,5,3
SF,IC2008,2020-06-24 09:33:51.900,5685.2000,1450,0,61423240.000,0,-,-,-,-,5681.2000,5672.4000,5671.2000,5670.2000,5661.4000,5686.0000,5688.2000,5695.4000,5695.6000,5699.8000,1,1,1,1,1,1,1,3,5,3
SF,IC2008,2020-06-24 09:33:52.400,5685.2000,1450,0,61423240.000,0,-,-,-,-,5681.2000,5672.4000,5671.2000,5670.2000,5661.4000,5685.4000,5686.0000,5688.2000,5695.4000,5695.6000,1,1,1,1,1,1,1,1,3,5
SF,IC2008,2020-06-24 09:33:53.900,5685.2000,1450,0,61423240.000,0,-,-,-,-,5681.4000,5681.2000,5672.4000,5671.2000,5670.2000,5685.4000,5688.2000,5695.4000,5695.6000,5699.8000,1,1,1,1,1,1,1,3,5,3
SF,IC2008,2020-06-24 09:33:54.400,5685.2000,1450,0,61423240.000,0,-,-,-,-,5681.4000,5681.2000,5672.4000,5671.2000,5670.2000,5684.8000,5685.2000,5688.2000,5695.4000,5695.6000,1,1,1,1,1,1,2,1,3,5
SF,IC2008,2020-06-24 09:33:54.900,5685.2000,1450,0,61423240.000,0,-,-,-,-,5681.4000,5672.4000,5671.2000,5670.2000,5661.4000,5684.8000,5685.2000,5688.2000,5695.4000,5695.6000,1,1,1,1,1,1,2,1,3,5
SF,IC2008,2020-06-24 09:33:55.400,5681.4000,1449,-1,62559520.000,1,0,1,双平,S,5672.4000,5671.2000,5670.2000,5661.4000,5658.4000,5684.8000,5685.2000,5688.2000,5695.4000,5695.6000,1,1,1,1,5,1,2,1,3,5
SF,IC2008,2020-06-24 09:33:55.900,5681.4000,1449,0,62559520.000,0,-,-,-,-,5676.0000,5675.6000,5672.6000,5672.4000,5671.2000,5684.8000,5685.2000,5688.2000,5695.4000,5695.6000,1,1,3,1,1,1,2,1,3,5
SF,IC2008,2020-06-24 09:33:56.400,5681.4000,1449,0,62559520.000,0,-,-,-,-,5676.2000,5676.0000,5675.6000,5672.4000,5671.2000,5685.2000,5688.2000,5695.4000,5695.6000,5699.8000,2,1,1,1,1,1,1,3,5,3
SF,IC2008,2020-06-24 09:33:56.900,5681.4000,1449,0,62559520.000,0,-,-,-,-,5678.4000,5676.4000,5676.2000,5676.0000,5675.6000,5685.2000,5688.2000,5695.4000,5695.6000,5699.8000,1,1,2,1,1,1,1,3,5,3
SF,IC2008,2020-06-24 09:33:57.400,5681.4000,1449,0,62559520.000,0,-,-,-,-,5678.6000,5678.4000,5676.4000,5676.2000,5676.0000,5685.2000,5688.2000,5695.4000,5695.6000,5699.8000,1,1,1,1,1,1,1,3,5,3
SF,IC2008,2020-06-24 09:33:57.900,5681.4000,1449,0,62559520.000,0,-,-,-,-,5678.6000,5678.4000,5676.2000,5676.0000,5675.6000,5685.0000,5685.2000,5688.2000,5695.4000,5695.6000,1,1,1,1,1,1,1,1,3,5
SF,IC2008,2020-06-24 09:33:58.400,5681.4000,1449,0,62559520.000,0,-,-,-,-,5678.8000,5678.6000,5678.4000,5676.2000,5676.0000,5685.0000,5685.2000,5688.2000,5695.4000,5695.6000,1,1,1,1,1,1,1,1,3,5
SF,IC2008,2020-06-24 09:33:58.900,5681.4000,1449,0,62559520.000,0,-,-,-,-,5679.0000,5678.8000,5678.4000,5676.2000,5676.0000,5685.0000,5685.2000,5688.2000,5695.4000,5695.6000,2,1,1,1,1,1,1,1,3,5
SF,IC2008,2020-06-24 09:33:59.400,5681.4000,1449,0,62559520.000,0,-,-,-,-,5679.6000,5679.0000,5678.8000,5676.2000,5676.0000,5685.0000,5685.2000,5688.2000,5695.4000,5695.6000,1,2,1,1,1,1,1,1,3,5
SF,IC2008,2020-06-24 09:33:59.900,5681.4000,1449,0,62559520.000,0,-,-,-,-,5679.8000,5679.6000,5679.0000,5678.8000,5676.2000,5685.0000,5685.2000,5688.2000,5695.4000,5695.6000,1,1,1,1,1,1,1,1,3,5
SF,IC2008,2020-06-24 09:34:00.400,5681.4000,1449,0,62559520.000,0,-,-,-,-,5679.8000,5679.6000,5678.8000,5676.2000,5676.0000,5685.0000,5685.2000,5688.2000,5695.4000,5695.6000,2,1,1,1,1,1,1,1,3,5
SF,IC2008,2020-06-24 09:34:00.900,5681.4000,1449,0,62559520.000,0,-,-,-,-,5679.8000,5679.6000,5678.8000,5676.2000,5676.0000,5685.0000,5685.2000,5688.2000,5695.4000,5695.6000,1,1,1,1,1,1,1,1,3,5
SF,IC2008,2020-06-24 09:34:01.900,5681.4000,1449,0,62559520.000,0,-,-,-,-,5680.0000,5679.8000,5679.6000,5678.8000,5676.2000,5684.8000,5685.0000,5685.2000,5688.2000,5695.4000,1,1,1,1,1,1,1,1,1,3
SF,IC2008,2020-06-24 09:34:02.400,5681.4000,1449,0,62559520.000,0,-,-,-,-,5680.2000,5680.0000,5678.8000,5676.2000,5676.0000,5684.8000,5685.0000,5685.2000,5688.2000,5695.4000,1,1,1,1,1,1,1,1,1,3
SF,IC2008,2020-06-24 09:34:02.900,5681.4000,1449,0,62559520.000,0,-,-,-,-,5680.2000,5678.8000,5676.2000,5676.0000,5675.6000,5684.8000,5685.0000,5685.2000,5688.2000,5695.4000,1,1,1,1,1,1,1,1,1,3
SF,IC2008,2020-06-24 09:34:03.900,5681.4000,1449,0,62559520.000,0,-,-,-,-,5680.2000,5676.2000,5676.0000,5675.6000,5672.4000,5684.8000,5685.0000,5685.2000,5695.4000,5695.6000,1,1,1,1,1,1,1,1,3,5
SF,IC2008,2020-06-24 09:34:04.400,5681.4000,1449,0,62559520.000,0,-,-,-,-,5680.2000,5676.2000,5676.0000,5675.6000,5672.4000,5684.6000,5684.8000,5685.0000,5695.4000,5695.6000,1,1,1,1,1,2,1,1,3,5
SF,IC2008,2020-06-24 09:34:04.900,5681.4000,1449,0,62559520.000,0,-,-,-,-,5680.2000,5676.2000,5676.0000,5675.6000,5672.4000,5684.6000,5684.8000,5685.0000,5695.4000,5695.6000,1,1,1,1,1,1,1,1,3,5
SF,IC2008,2020-06-24 09:34:05.400,5681.4000,1449,0,62559520.000,0,-,-,-,-,5680.2000,5676.2000,5676.0000,5675.6000,5672.4000,5684.4000,5684.8000,5685.0000,5695.4000,5695.6000,1,1,1,1,1,1,1,1,3,5
SF,IC2008,2020-06-24 09:34:07.400,5681.4000,1449,0,62559520.000,0,-,-,-,-,5680.2000,5676.2000,5676.0000,5675.6000,5672.4000,5684.4000,5684.8000,5695.4000,5695.6000,5699.8000,1,1,1,1,1,1,1,3,5,3
SF,IC2008,2020-06-24 09:34:07.900,5681.4000,1449,0,62559520.000,0,-,-,-,-,5680.2000,5676.2000,5676.0000,5675.6000,5672.4000,5684.4000,5684.8000,5695.4000,5695.6000,5699.8000,1,1,1,1,1,1,1,3,5,3
SF,IC2008,2020-06-24 09:34:08.400,5681.4000,1449,0,62559520.000,0,-,-,-,-,5680.2000,5676.2000,5676.0000,5675.6000,5672.4000,5684.4000,5684.8000,5695.4000,5695.6000,5699.8000,1,1,1,1,1,1,1,3,5,3
SF,IC2008,2020-06-24 09:34:08.900,5681.4000,1449,0,62559520.000,0,-,-,-,-,5680.2000,5680.0000,5676.2000,5676.0000,5675.6000,5684.4000,5684.8000,5695.4000,5695.6000,5699.8000,1,1,1,1,1,1,1,3,5,3
SF,IC2008,2020-06-24 09:34:09.400,5681.4000,1449,0,62559520.000,0,-,-,-,-,5680.2000,5680.0000,5676.2000,5676.0000,5675.6000,5684.4000,5684.8000,5695.4000,5695.6000,5699.8000,1,1,1,1,1,1,1,3,5,3
SF,IC2008,2020-06-24 09:34:09.900,5681.4000,1449,0,62559520.000,0,-,-,-,-,5680.2000,5680.0000,5676.2000,5676.0000,5675.6000,5684.4000,5684.8000,5695.4000,5695.6000,5699.8000,1,1,1,1,1,1,1,3,5,3
SF,IC2008,2020-06-24 09:34:10.400,5681.4000,1449,0,62559520.000,0,-,-,-,-,5680.4000,5680.2000,5680.0000,5676.2000,5676.0000,5684.4000,5684.8000,5695.4000,5695.6000,5699.8000,1,1,1,1,1,1,1,3,5,3
SF,IC2008,2020-06-24 09:34:10.900,5681.4000,1449,0,62559520.000,0,-,-,-,-,5680.2000,5680.0000,5676.2000,5676.0000,5675.6000,5684.4000,5684.8000,5695.4000,5695.6000,5699.8000,1,1,1,1,1,1,1,3,5,3
SF,IC2008,2020-06-24 09:34:11.400,5681.4000,1449,0,62559520.000,0,-,-,-,-,5680.4000,5680.2000,5680.0000,5676.2000,5676.0000,5684.4000,5684.8000,5695.4000,5695.6000,5699.8000,1,1,1,1,1,1,1,3,5,3
SF,IC2008,2020-06-24 09:34:11.900,5681.4000,1449,0,62559520.000,0,-,-,-,-,5680.4000,5680.2000,5680.0000,5676.2000,5676.0000,5684.4000,5684.8000,5695.4000,5695.6000,5699.8000,1,1,1,1,1,1,1,3,5,3
SF,IC2008,2020-06-24 09:34:12.400,5681.4000,1449,0,62559520.000,0,-,-,-,-,5680.4000,5680.2000,5680.0000,5676.2000,5676.0000,5684.4000,5684.8000,5695.4000,5695.6000,5699.8000,1,1,1,1,1,1,1,3,5,3
SF,IC2008,2020-06-24 09:34:12.900,5681.4000,1449,0,62559520.000,0,-,-,-,-,5680.6000,5680.4000,5680.2000,5680.0000,5676.2000,5684.4000,5684.8000,5695.4000,5695.6000,5699.8000,1,2,1,1,1,1,1,3,5,3
SF,IC2008,2020-06-24 09:34:13.400,5681.4000,1449,0,62559520.000,0,-,-,-,-,5680.6000,5680.4000,5680.2000,5680.0000,5676.2000,5684.8000,5695.4000,5695.6000,5699.8000,5704.8000,1,2,1,1,1,1,3,5,3,3
SF,IC2008,2020-06-24 09:34:13.900,5681.4000,1449,0,62559520.000,0,-,-,-,-,5680.8000,5680.6000,5680.4000,5680.0000,5676.2000,5684.8000,5695.4000,5695.6000,5699.8000,5704.8000,1,1,2,1,1,1,3,5,3,3
SF,IC2008,2020-06-24 09:34:14.400,5681.4000,1449,0,62559520.000,0,-,-,-,-,5680.8000,5680.6000,5680.4000,5680.0000,5676.2000,5695.4000,5695.6000,5699.8000,5704.8000,5705.0000,1,1,2,1,1,3,5,3,3,1
SF,IC2008,2020-06-24 09:34:14.900,5681.4000,1449,0,62559520.000,0,-,-,-,-,5680.8000,5680.6000,5680.4000,5680.0000,5676.2000,5687.0000,5689.2000,5690.4000,5695.2000,5695.4000,1,1,2,1,1,1,1,1,7,3
SF,IC2008,2020-06-24 09:34:15.400,5681.4000,1449,0,62559520.000,0,-,-,-,-,5680.8000,5680.6000,5680.4000,5680.0000,5676.2000,5687.0000,5689.2000,5690.4000,5695.2000,5695.4000,1,1,2,1,1,1,1,1,4,3
SF,IC2008,2020-06-24 09:34:15.900,5681.4000,1449,0,62559520.000,0,-,-,-,-,5680.8000,5680.6000,5680.4000,5680.0000,5676.2000,5686.8000,5687.8000,5689.2000,5690.4000,5695.2000,1,1,2,1,1,3,1,1,1,4
SF,IC2008,2020-06-24 09:34:16.900,5681.4000,1449,0,62559520.000,0,-,-,-,-,5681.0000,5680.8000,5680.6000,5680.4000,5680.0000,5686.8000,5687.8000,5689.2000,5690.4000,5695.2000,1,1,1,2,1,3,1,1,1,4
SF,IC2008,2020-06-24 09:34:17.400,5681.4000,1449,0,62559520.000,0,-,-,-,-,5681.2000,5681.0000,5680.6000,5680.4000,5680.0000,5687.8000,5689.2000,5690.4000,5695.2000,5695.4000,1,1,1,2,1,1,1,1,4,3
SF,IC2008,2020-06-24 09:34:17.900,5681.4000,1449,0,62559520.000,0,-,-,-,-,5681.2000,5681.0000,5680.6000,5680.4000,5680.0000,5689.2000,5690.4000,5695.2000,5695.4000,5695.6000,1,1,1,2,1,1,1,4,3,5
SF,IC2008,2020-06-24 09:34:18.400,5681.4000,1449,0,62559520.000,0,-,-,-,-,5681.2000,5681.0000,5680.6000,5680.4000,5680.0000,5688.2000,5689.0000,5689.2000,5690.4000,5695.2000,1,1,1,2,1,1,1,1,1,3
SF,IC2008,2020-06-24 09:34:18.900,5681.4000,1449,0,62559520.000,0,-,-,-,-,5681.2000,5681.0000,5680.6000,5680.4000,5680.0000,5688.2000,5689.0000,5689.2000,5690.4000,5695.2000,1,1,1,2,1,1,1,1,1,3
SF,IC2008,2020-06-24 09:34:19.400,5681.4000,1449,0,62559520.000,0,-,-,-,-,5681.2000,5681.0000,5680.6000,5680.4000,5680.0000,5687.8000,5688.0000,5689.0000,5689.2000,5690.4000,1,1,1,2,1,1,1,1,1,1
SF,IC2008,2020-06-24 09:34:19.900,5681.4000,1449,0,62559520.000,0,-,-,-,-,5681.2000,5681.0000,5680.6000,5680.4000,5680.0000,5687.4000,5688.0000,5689.0000,5689.2000,5690.4000,1,1,1,2,1,1,1,1,1,1
SF,IC2008,2020-06-24 09:34:20.400,5681.4000,1449,0,62559520.000,0,-,-,-,-,5681.2000,5681.0000,5680.6000,5680.4000,5680.0000,5689.0000,5689.2000,5690.4000,5695.2000,5695.4000,1,1,1,2,1,1,1,1,3,3
SF,IC2008,2020-06-24 09:34:20.900,5681.4000,1449,0,62559520.000,0,-,-,-,-,5681.2000,5681.0000,5680.6000,5680.4000,5680.0000,5688.8000,5689.0000,5689.2000,5690.4000,5695.2000,1,1,1,2,1,3,1,1,1,3
SF,IC2008,2020-06-24 09:34:21.400,5681.4000,1449,0,62559520.000,0,-,-,-,-,5681.2000,5681.0000,5680.6000,5680.4000,5680.0000,5687.4000,5688.8000,5689.0000,5689.2000,5690.4000,1,1,1,2,1,1,2,1,1,1
SF,IC2008,2020-06-24 09:34:21.900,5681.4000,1449,0,62559520.000,0,-,-,-,-,5681.2000,5680.6000,5680.4000,5680.0000,5676.2000,5687.4000,5688.8000,5689.0000,5689.2000,5690.4000,2,1,2,1,1,1,2,1,1,1
SF,IC2008,2020-06-24 09:34:22.400,5681.4000,1449,0,62559520.000,0,-,-,-,-,5681.2000,5680.6000,5680.4000,5680.0000,5676.2000,5687.2000,5687.4000,5688.8000,5689.0000,5689.2000,2,1,2,1,1,1,1,2,1,1
SF,IC2008,2020-06-24 09:34:22.900,5681.4000,1449,0,62559520.000,0,-,-,-,-,5681.4000,5681.2000,5680.6000,5680.4000,5680.0000,5687.2000,5687.4000,5688.8000,5689.0000,5689.2000,1,2,1,2,1,1,1,2,1,1
SF,IC2008,2020-06-24 09:34:23.400,5681.4000,1449,0,62559520.000,0,-,-,-,-,5681.6000,5681.4000,5681.2000,5680.6000,5680.4000,5687.2000,5687.4000,5688.8000,5689.0000,5689.2000,1,1,1,1,2,1,1,2,1,1
SF,IC2008,2020-06-24 09:34:23.900,5681.4000,1449,0,62559520.000,0,-,-,-,-,5681.6000,5681.4000,5681.2000,5680.6000,5680.4000,5687.0000,5687.2000,5687.4000,5688.8000,5689.0000,1,1,1,1,2,1,1,1,2,1
SF,IC2008,2020-06-24 09:34:26.400,5681.4000,1449,0,62559520.000,0,-,-,-,-,5681.6000,5681.4000,5681.2000,5680.6000,5680.4000,5687.0000,5687.2000,5687.4000,5688.8000,5689.0000,1,1,1,1,2,1,1,1,2,1
SF,IC2008,2020-06-24 09:34:27.400,5681.4000,1449,0,62559520.000,0,-,-,-,-,5681.6000,5681.2000,5680.6000,5680.4000,5680.0000,5687.0000,5687.2000,5687.4000,5688.8000,5689.0000,1,1,1,2,1,1,1,1,2,1
SF,IC2008,2020-06-24 09:34:29.400,5681.4000,1449,0,62559520.000,0,-,-,-,-,5681.6000,5681.2000,5680.6000,5680.4000,5680.0000,5686.8000,5687.0000,5687.2000,5687.4000,5688.8000,1,1,1,2,1,1,1,1,1,2
SF,IC2008,2020-06-24 09:34:30.400,5681.4000,1449,0,62559520.000,0,-,-,-,-,5681.6000,5681.2000,5680.6000,5680.4000,5680.0000,5686.8000,5687.0000,5687.2000,5687.4000,5688.8000,1,1,1,2,1,1,1,1,1,2
SF,IC2008,2020-06-24 09:34:30.900,5681.4000,1449,0,62559520.000,0,-,-,-,-,5681.6000,5681.2000,5680.6000,5680.4000,5680.0000,5686.8000,5687.2000,5687.4000,5688.8000,5689.2000,1,1,1,2,1,1,1,1,2,1
SF,IC2008,2020-06-24 09:34:32.400,5681.4000,1449,0,62559520.000,0,-,-,-,-,5682.0000,5681.6000,5681.2000,5680.6000,5680.4000,5686.8000,5687.2000,5688.8000,5689.2000,5690.4000,1,1,1,1,2,1,1,2,1,1
SF,IC2008,2020-06-24 09:34:32.900,5681.4000,1449,0,62559520.000,0,-,-,-,-,5682.2000,5682.0000,5681.2000,5680.6000,5680.4000,5686.8000,5688.8000,5689.2000,5690.4000,5695.2000,1,1,1,1,2,1,2,1,1,3
SF,IC2008,2020-06-24 09:34:33.400,5681.4000,1449,0,62559520.000,0,-,-,-,-,5682.2000,5682.0000,5681.2000,5680.6000,5680.4000,5686.8000,5688.8000,5689.2000,5690.4000,5695.6000,1,1,1,1,2,1,1,1,1,5
SF,IC2008,2020-06-24 09:34:33.900,5681.4000,1449,0,62559520.000,0,-,-,-,-,5682.2000,5682.0000,5681.2000,5680.6000,5680.4000,5686.8000,5688.8000,5689.2000,5690.4000,5695.6000,2,1,1,1,1,1,1,1,1,5
SF,IC2008,2020-06-24 09:34:34.400,5681.4000,1449,0,62559520.000,0,-,-,-,-,5682.2000,5682.0000,5681.2000,5680.6000,5680.4000,5686.8000,5688.8000,5689.2000,5690.4000,5695.6000,2,1,1,1,1,1,1,1,1,5
SF,IC2008,2020-06-24 09:34:34.900,5681.4000,1449,0,62559520.000,0,-,-,-,-,5682.2000,5682.0000,5681.2000,5680.6000,5680.4000,5686.8000,5688.8000,5689.2000,5690.4000,5695.6000,2,1,1,1,1,1,1,1,1,5
SF,IC2008,2020-06-24 09:34:35.400,5681.4000,1449,0,62559520.000,0,-,-,-,-,5682.2000,5682.0000,5681.2000,5680.6000,5680.4000,5686.8000,5688.8000,5689.2000,5690.4000,5695.6000,2,1,1,1,1,1,1,1,1,5
SF,IC2008,2020-06-24 09:34:35.900,5681.4000,1449,0,62559520.000,0,-,-,-,-,5682.2000,5682.0000,5681.2000,5680.6000,5680.4000,5686.8000,5689.2000,5690.4000,5695.6000,5700.0000,2,1,1,1,1,1,1,1,5,2
SF,IC2008,2020-06-24 09:34:36.400,5681.4000,1449,0,62559520.000,0,-,-,-,-,5682.4000,5682.2000,5682.0000,5681.2000,5680.6000,5686.8000,5689.2000,5690.4000,5695.6000,5700.0000,2,2,1,1,1,1,1,1,5,2
SF,IC2008,2020-06-24 09:34:36.900,5681.4000,1449,0,62559520.000,0,-,-,-,-,5682.6000,5682.4000,5682.2000,5682.0000,5681.2000,5686.8000,5689.2000,5690.4000,5695.6000,5700.0000,1,2,1,1,1,1,1,1,5,2
SF,IC2008,2020-06-24 09:34:37.400,5681.4000,1449,0,62559520.000,0,-,-,-,-,5682.6000,5682.4000,5682.2000,5682.0000,5681.2000,5695.6000,5700.0000,5705.0000,5709.8000,5710.0000,1,2,1,1,1,5,2,1,1,1
SF,IC2008,2020-06-24 09:34:37.900,5681.4000,1449,0,62559520.000,0,-,-,-,-,5682.8000,5682.6000,5682.4000,5682.2000,5682.0000,5687.6000,5689.2000,5692.4000,5695.4000,5695.6000,1,2,2,1,1,1,1,1,7,5
SF,IC2008,2020-06-24 09:34:38.400,5681.4000,1449,0,62559520.000,0,-,-,-,-,5683.0000,5682.8000,5682.6000,5682.4000,5682.2000,5687.6000,5689.2000,5692.4000,5695.4000,5695.6000,1,1,1,1,1,1,1,1,5,5
SF,IC2008,2020-06-24 09:34:38.900,5681.4000,1449,0,62559520.000,0,-,-,-,-,5683.4000,5683.0000,5682.8000,5682.6000,5682.4000,5687.6000,5689.2000,5692.4000,5695.4000,5695.6000,1,1,1,1,1,1,1,1,5,5
SF,IC2008,2020-06-24 09:34:39.400,5681.4000,1449,0,62559520.000,0,-,-,-,-,5683.6000,5683.4000,5683.2000,5682.8000,5682.6000,5687.6000,5692.4000,5695.4000,5695.6000,5695.8000,1,1,1,1,1,1,1,5,5,1
SF,IC2008,2020-06-24 09:34:39.900,5681.4000,1449,0,62559520.000,0,-,-,-,-,5683.6000,5683.4000,5683.2000,5682.8000,5682.6000,5687.6000,5692.4000,5694.8000,5695.4000,5695.6000,1,1,1,1,1,1,1,1,5,5
SF,IC2008,2020-06-24 09:34:41.400,5681.4000,1449,0,62559520.000,0,-,-,-,-,5683.6000,5683.2000,5682.8000,5682.6000,5682.4000,5687.6000,5692.4000,5694.8000,5695.4000,5695.6000,1,1,1,1,1,1,1,1,5,5
SF,IC2008,2020-06-24 09:34:41.900,5681.4000,1449,0,62559520.000,0,-,-,-,-,5683.6000,5682.8000,5682.6000,5682.4000,5682.2000,5687.6000,5692.4000,5694.8000,5695.4000,5695.6000,1,1,1,1,1,1,1,1,5,5
SF,IC2008,2020-06-24 09:34:42.400,5681.4000,1449,0,62559520.000,0,-,-,-,-,5683.6000,5682.8000,5682.6000,5682.4000,5682.2000,5687.6000,5692.4000,5694.8000,5695.4000,5695.6000,1,1,1,1,1,1,1,1,5,5
SF,IC2008,2020-06-24 09:34:42.900,5681.4000,1449,0,62559520.000,0,-,-,-,-,5683.6000,5682.8000,5682.6000,5682.4000,5682.2000,5687.6000,5692.4000,5694.8000,5695.4000,5695.6000,1,1,1,1,1,1,1,1,5,5
SF,IC2008,2020-06-24 09:34:43.400,5681.4000,1449,0,62559520.000,0,-,-,-,-,5683.6000,5682.8000,5682.6000,5682.4000,5682.2000,5687.6000,5692.4000,5694.8000,5695.4000,5695.6000,1,1,1,1,1,1,1,1,5,5
SF,IC2008,2020-06-24 09:34:43.900,5681.4000,1449,0,62559520.000,0,-,-,-,-,5683.6000,5682.8000,5682.6000,5682.4000,5682.2000,5687.6000,5692.4000,5694.8000,5695.4000,5695.6000,1,1,1,1,1,1,1,1,5,5
SF,IC2008,2020-06-24 09:34:44.400,5687.6000,1448,-1,63697040.000,1,0,1,双平,S,5683.6000,5682.8000,5682.6000,5682.4000,5682.2000,5692.4000,5694.8000,5695.4000,5695.6000,5695.8000,1,1,1,1,1,1,1,5,5,1
SF,IC2008,2020-06-24 09:34:44.900,5687.6000,1448,0,63697040.000,0,-,-,-,-,5683.6000,5682.8000,5682.6000,5682.4000,5682.2000,5690.4000,5692.2000,5692.4000,5694.8000,5695.4000,1,1,1,1,1,1,4,1,1,3
SF,IC2008,2020-06-24 09:34:45.400,5687.6000,1448,0,63697040.000,0,-,-,-,-,5684.4000,5683.6000,5682.8000,5682.6000,5682.4000,5690.2000,5690.4000,5692.2000,5692.4000,5694.8000,1,1,1,1,1,1,1,3,1,1
SF,IC2008,2020-06-24 09:34:45.900,5687.6000,1448,0,63697040.000,0,-,-,-,-,5684.6000,5684.4000,5682.8000,5682.6000,5682.4000,5690.2000,5692.2000,5692.4000,5695.4000,5695.6000,1,1,1,1,1,1,3,1,3,5
SF,IC2008,2020-06-24 09:34:47.400,5687.6000,1448,0,63697040.000,0,-,-,-,-,5684.6000,5684.4000,5682.8000,5682.6000,5682.4000,5690.2000,5692.2000,5692.4000,5695.4000,5695.6000,1,1,1,1,1,1,3,1,3,5
SF,IC2008,2020-06-24 09:34:47.900,5687.6000,1448,0,63697040.000,0,-,-,-,-,5685.2000,5684.6000,5682.8000,5682.6000,5682.4000,5690.2000,5692.2000,5692.4000,5695.4000,5695.6000,1,1,1,1,1,1,3,1,3,5
SF,IC2008,2020-06-24 09:34:48.400,5687.6000,1448,0,63697040.000,0,-,-,-,-,5685.4000,5682.8000,5682.6000,5682.4000,5682.2000,5690.2000,5692.2000,5692.4000,5695.4000,5695.6000,1,1,1,1,1,1,3,1,3,5
SF,IC2008,2020-06-24 09:34:49.400,5687.6000,1448,0,63697040.000,0,-,-,-,-,5685.4000,5682.8000,5682.6000,5682.4000,5682.2000,5690.0000,5690.2000,5692.2000,5692.4000,5695.4000,1,1,1,1,1,1,1,3,1,3
SF,IC2008,2020-06-24 09:34:49.900,5687.6000,1448,0,63697040.000,0,-,-,-,-,5685.4000,5682.8000,5682.6000,5682.4000,5682.2000,5689.6000,5690.0000,5690.2000,5692.2000,5692.4000,1,1,1,1,1,1,1,1,2,1
SF,IC2008,2020-06-24 09:34:51.400,5685.4000,1448,0,64834120.000,1,0,1,多换,S,5682.8000,5682.2000,5682.0000,5681.2000,5680.2000,5689.4000,5689.6000,5690.0000,5690.2000,5692.2000,1,1,2,1,1,1,1,1,1,2
SF,IC2008,2020-06-24 09:34:51.900,5685.4000,1448,0,64834120.000,0,-,-,-,-,5682.2000,5682.0000,5681.2000,5680.2000,5680.0000,5689.2000,5689.4000,5690.0000,5690.2000,5692.2000,1,2,1,1,1,1,1,1,1,2
SF,IC2008,2020-06-24 09:34:52.400,5685.4000,1448,0,64834120.000,0,-,-,-,-,5682.2000,5682.0000,5681.2000,5680.2000,5680.0000,5689.0000,5689.2000,5690.0000,5690.2000,5692.2000,1,2,1,1,1,2,1,1,1,2
SF,IC2008,2020-06-24 09:34:52.900,5685.4000,1448,0,64834120.000,0,-,-,-,-,5682.2000,5682.0000,5681.2000,5680.2000,5680.0000,5688.8000,5689.0000,5689.2000,5690.0000,5690.2000,1,2,1,1,1,1,3,1,1,1
SF,IC2008,2020-06-24 09:34:53.400,5685.4000,1448,0,64834120.000,0,-,-,-,-,5682.2000,5682.0000,5681.2000,5680.2000,5680.0000,5688.6000,5688.8000,5689.0000,5689.2000,5690.0000,1,2,1,1,1,3,1,2,1,1
SF,IC2008,2020-06-24 09:34:53.900,5685.4000,1448,0,64834120.000,0,-,-,-,-,5682.2000,5682.0000,5681.2000,5680.2000,5680.0000,5688.6000,5688.8000,5689.0000,5689.2000,5690.0000,1,2,1,1,1,2,1,2,1,1
SF,IC2008,2020-06-24 09:34:54.400,5685.4000,1448,0,64834120.000,0,-,-,-,-,5682.2000,5682.0000,5681.2000,5680.2000,5680.0000,5688.4000,5688.6000,5689.0000,5689.2000,5690.0000,1,2,1,1,1,1,2,2,1,1
SF,IC2008,2020-06-24 09:34:54.900,5685.4000,1448,0,64834120.000,0,-,-,-,-,5682.4000,5682.2000,5682.0000,5681.2000,5680.2000,5688.2000,5688.4000,5689.0000,5689.2000,5690.0000,1,1,2,1,1,1,1,2,1,1
SF,IC2008,2020-06-24 09:34:55.400,5685.4000,1448,0,64834120.000,0,-,-,-,-,5682.4000,5682.2000,5682.0000,5681.2000,5680.2000,5688.2000,5688.4000,5689.0000,5689.2000,5690.0000,1,1,2,1,1,1,1,2,1,1
SF,IC2008,2020-06-24 09:34:56.400,5685.4000,1448,0,64834120.000,0,-,-,-,-,5682.6000,5682.4000,5682.2000,5682.0000,5681.2000,5688.2000,5688.4000,5689.0000,5689.2000,5690.0000,1,1,1,2,1,1,1,1,1,1
SF,IC2008,2020-06-24 09:34:56.900,5685.4000,1448,0,64834120.000,0,-,-,-,-,5682.6000,5682.2000,5682.0000,5681.2000,5680.2000,5688.0000,5688.2000,5688.4000,5689.0000,5689.2000,1,1,2,1,1,1,1,1,1,1
SF,IC2008,2020-06-24 09:34:57.400,5685.4000,1448,0,64834120.000,0,-,-,-,-,5682.2000,5682.0000,5681.2000,5680.2000,5680.0000,5687.8000,5688.0000,5688.4000,5689.0000,5689.2000,1,2,1,1,1,1,1,1,1,1
SF,IC2008,2020-06-24 09:34:57.900,5685.4000,1448,0,64834120.000,0,-,-,-,-,5682.2000,5682.0000,5681.2000,5680.2000,5680.0000,5687.6000,5687.8000,5688.0000,5688.4000,5689.0000,1,2,1,1,1,1,1,1,1,1
SF,IC2008,2020-06-24 09:34:58.400,5685.4000,1448,0,64834120.000,0,-,-,-,-,5682.2000,5682.0000,5681.2000,5680.2000,5680.0000,5687.4000,5687.6000,5688.4000,5689.0000,5689.2000,1,2,1,1,1,1,1,1,1,1
SF,IC2008,2020-06-24 09:34:58.900,5685.4000,1448,0,64834120.000,0,-,-,-,-,5682.2000,5682.0000,5681.2000,5680.2000,5680.0000,5687.4000,5687.6000,5688.4000,5689.0000,5689.2000,1,2,1,1,1,2,1,1,1,1
SF,IC2008,2020-06-24 09:34:59.900,5685.4000,1448,0,64834120.000,0,-,-,-,-,5682.4000,5682.2000,5682.0000,5681.2000,5680.2000,5687.4000,5687.6000,5688.4000,5689.0000,5689.2000,1,1,2,1,1,2,1,1,1,1
SF,IC2008,2020-06-24 09:35:00.400,5685.4000,1448,0,64834120.000,0,-,-,-,-,5682.6000,5682.2000,5682.0000,5681.2000,5680.2000,5687.4000,5687.6000,5688.4000,5689.0000,5689.2000,1,1,2,1,1,1,1,1,1,1
SF,IC2008,2020-06-24 09:35:02.900,5685.4000,1448,0,64834120.000,0,-,-,-,-,5682.6000,5682.0000,5681.2000,5680.2000,5680.0000,5687.4000,5687.6000,5688.4000,5689.0000,5689.2000,1,2,1,1,1,1,1,1,1,1
SF,IC2008,2020-06-24 09:35:03.400,5685.4000,1448,0,64834120.000,0,-,-,-,-,5682.0000,5681.2000,5680.2000,5680.0000,5676.6000,5687.2000,5687.4000,5687.6000,5688.4000,5689.0000,2,1,1,1,1,3,1,1,1,1
SF,IC2008,2020-06-24 09:35:04.900,5685.4000,1448,0,64834120.000,0,-,-,-,-,5682.0000,5681.2000,5680.2000,5680.0000,5676.6000,5687.2000,5687.4000,5687.6000,5688.4000,5688.6000,2,1,1,1,1,3,1,1,1,1
SF,IC2008,2020-06-24 09:35:05.400,5685.4000,1448,0,64834120.000,0,-,-,-,-,5682.0000,5681.2000,5680.2000,5680.0000,5676.6000,5687.2000,5687.6000,5688.4000,5688.6000,5689.0000,2,1,1,1,1,3,1,1,1,1
SF,IC2008,2020-06-24 09:35:05.900,5685.4000,1448,0,64834120.000,0,-,-,-,-,5682.0000,5681.2000,5680.2000,5680.0000,5676.6000,5687.0000,5687.2000,5687.6000,5688.4000,5688.6000,2,1,1,1,1,2,3,1,1,1
SF,IC2008,2020-06-24 09:35:06.400,5685.4000,1448,0,64834120.000,0,-,-,-,-,5682.0000,5680.2000,5680.0000,5676.6000,5676.2000,5686.8000,5687.0000,5687.2000,5687.6000,5688.4000,2,1,1,1,1,1,2,2,1,1
SF,IC2008,2020-06-24 09:35:06.900,5685.4000,1448,0,64834120.000,0,-,-,-,-,5682.0000,5680.2000,5680.0000,5676.6000,5676.2000,5686.6000,5686.8000,5687.0000,5687.2000,5687.6000,2,1,1,1,1,1,1,2,1,1
SF,IC2008,2020-06-24 09:35:07.400,5685.4000,1448,0,64834120.000,0,-,-,-,-,5682.0000,5680.2000,5680.0000,5676.6000,5676.2000,5686.4000,5686.6000,5687.0000,5687.2000,5687.6000,2,1,1,1,1,1,1,2,1,1
SF,IC2008,2020-06-24 09:35:10.900,5685.4000,1448,0,64834120.000,0,-,-,-,-,5682.0000,5680.2000,5680.0000,5676.6000,5676.2000,5686.4000,5686.6000,5687.0000,5687.2000,5687.6000,2,1,1,1,1,1,1,1,1,1
SF,IC2008,2020-06-24 09:35:11.900,5685.4000,1448,0,64834120.000,0,-,-,-,-,5682.0000,5680.2000,5680.0000,5676.6000,5676.2000,5686.4000,5686.6000,5687.0000,5687.2000,5687.6000,2,1,1,1,1,1,1,1,1,1
SF,IC2008,2020-06-24 09:35:12.900,5685.4000,1448,0,64834120.000,0,-,-,-,-,5682.0000,5680.2000,5680.0000,5676.6000,5676.2000,5686.4000,5686.6000,5687.2000,5687.6000,5688.4000,2,1,1,1,1,2,1,1,1,1
SF,IC2008,2020-06-24 09:35:14.900,5685.4000,1448,0,64834120.000,0,-,-,-,-,5682.0000,5680.2000,5680.0000,5676.6000,5676.2000,5686.2000,5686.4000,5686.6000,5687.2000,5687.6000,2,1,1,1,1,1,2,1,1,1
SF,IC2008,2020-06-24 09:35:15.400,5685.4000,1448,0,64834120.000,0,-,-,-,-,5682.0000,5680.2000,5680.0000,5676.6000,5676.2000,5686.0000,5686.2000,5686.4000,5686.6000,5687.2000,2,1,1,1,1,1,1,1,1,1
SF,IC2008,2020-06-24 09:35:15.900,5685.4000,1448,0,64834120.000,0,-,-,-,-,5682.0000,5680.2000,5680.0000,5676.6000,5676.2000,5686.0000,5686.2000,5686.4000,5687.2000,5687.6000,2,1,1,1,1,1,1,1,1,1
SF,IC2008,2020-06-24 09:35:19.400,5685.4000,1448,0,64834120.000,0,-,-,-,-,5682.0000,5680.2000,5680.0000,5676.6000,5676.2000,5686.0000,5686.2000,5686.4000,5687.6000,5688.4000,2,1,1,1,1,1,1,1,1,1
SF,IC2008,2020-06-24 09:35:19.900,5685.4000,1448,0,64834120.000,0,-,-,-,-,5682.0000,5680.2000,5680.0000,5676.6000,5676.2000,5686.2000,5686.4000,5687.6000,5688.6000,5689.2000,2,1,1,1,1,1,1,1,1,1
SF,IC2008,2020-06-24 09:35:20.400,5685.4000,1448,0,64834120.000,0,-,-,-,-,5682.2000,5682.0000,5680.2000,5680.0000,5676.6000,5686.2000,5686.4000,5687.6000,5688.6000,5689.2000,2,2,1,1,1,1,1,1,1,1
SF,IC2008,2020-06-24 09:35:20.900,5685.4000,1448,0,64834120.000,0,-,-,-,-,5682.2000,5682.0000,5680.2000,5680.0000,5676.6000,5686.2000,5686.4000,5687.6000,5688.6000,5689.2000,1,2,1,1,1,1,1,1,1,1
SF,IC2008,2020-06-24 09:35:22.400,5685.4000,1448,0,64834120.000,0,-,-,-,-,5682.2000,5682.0000,5680.2000,5680.0000,5676.6000,5686.2000,5686.4000,5687.6000,5689.2000,5692.2000,1,2,1,1,1,1,1,1,1,2
SF,IC2008,2020-06-24 09:35:22.900,5685.4000,1448,0,64834120.000,0,-,-,-,-,5682.2000,5682.0000,5680.2000,5680.0000,5676.6000,5686.2000,5686.4000,5686.6000,5687.6000,5689.2000,1,2,1,1,1,1,1,1,1,1
SF,IC2008,2020-06-24 09:35:23.400,5685.4000,1448,0,64834120.000,0,-,-,-,-,5682.0000,5680.2000,5680.0000,5676.6000,5676.2000,5686.2000,5686.4000,5686.6000,5687.6000,5689.2000,2,1,1,1,1,1,1,1,1,1
SF,IC2008,2020-06-24 09:35:23.900,5685.4000,1448,0,64834120.000,0,-,-,-,-,5682.0000,5680.2000,5680.0000,5676.6000,5676.2000,5686.0000,5686.2000,5686.4000,5686.6000,5687.6000,2,1,1,1,1,1,1,1,1,1
SF,IC2008,2020-06-24 09:35:30.900,5685.4000,1448,0,64834120.000,0,-,-,-,-,5682.2000,5682.0000,5680.2000,5680.0000,5676.6000,5686.0000,5686.2000,5686.4000,5686.6000,5687.6000,1,2,1,1,1,1,1,1,1,1
SF,IC2008,2020-06-24 09:35:31.400,5685.4000,1448,0,64834120.000,0,-,-,-,-,5682.2000,5682.0000,5680.2000,5680.0000,5676.6000,5686.4000,5686.6000,5687.6000,5689.2000,5692.2000,1,2,1,1,1,1,1,1,1,2
SF,IC2008,2020-06-24 09:35:31.900,5685.4000,1448,0,64834120.000,0,-,-,-,-,5682.4000,5682.2000,5682.0000,5680.2000,5680.0000,5686.4000,5686.6000,5687.6000,5689.2000,5692.2000,1,1,2,1,1,1,1,1,1,2
SF,IC2008,2020-06-24 09:35:32.400,5685.4000,1448,0,64834120.000,0,-,-,-,-,5682.4000,5682.2000,5682.0000,5680.2000,5680.0000,5686.4000,5686.6000,5687.6000,5689.2000,5692.2000,1,1,2,1,1,1,1,1,1,2
SF,IC2008,2020-06-24 09:35:33.400,5685.4000,1448,0,64834120.000,0,-,-,-,-,5682.4000,5682.0000,5680.2000,5680.0000,5676.6000,5686.4000,5686.6000,5687.6000,5689.2000,5692.2000,1,2,1,1,1,1,1,1,1,2
SF,IC2008,2020-06-24 09:35:35.900,5685.4000,1448,0,64834120.000,0,-,-,-,-,5682.6000,5682.4000,5682.0000,5680.2000,5680.0000,5686.4000,5686.6000,5687.6000,5689.2000,5692.2000,1,1,2,1,1,1,1,1,1,2
SF,IC2008,2020-06-24 09:35:36.400,5685.4000,1448,0,64834120.000,0,-,-,-,-,5682.6000,5682.4000,5682.0000,5680.2000,5680.0000,5686.4000,5686.6000,5687.6000,5689.2000,5692.2000,1,1,2,1,1,1,1,1,1,2
SF,IC2008,2020-06-24 09:35:38.400,5685.4000,1448,0,64834120.000,0,-,-,-,-,5682.4000,5682.0000,5680.2000,5680.0000,5676.6000,5686.4000,5686.6000,5687.6000,5689.2000,5692.2000,1,2,1,1,1,1,1,1,1,2
SF,IC2008,2020-06-24 09:35:38.900,5685.4000,1448,0,64834120.000,0,-,-,-,-,5682.0000,5680.2000,5680.0000,5676.6000,5676.2000,5686.4000,5686.6000,5687.6000,5689.2000,5692.2000,2,1,1,1,1,1,1,1,1,2
SF,IC2008,2020-06-24 09:35:39.400,5685.4000,1448,0,64834120.000,0,-,-,-,-,5682.0000,5680.2000,5680.0000,5676.6000,5676.2000,5686.2000,5686.4000,5686.6000,5687.6000,5689.2000,2,1,1,1,1,1,1,1,1,1
SF,IC2008,2020-06-24 09:35:45.900,5685.4000,1448,0,64834120.000,0,-,-,-,-,5682.2000,5682.0000,5680.2000,5680.0000,5676.6000,5686.2000,5686.4000,5686.6000,5687.6000,5689.2000,1,2,1,1,1,1,1,1,1,1
SF,IC2008,2020-06-24 09:35:46.400,5685.4000,1448,0,64834120.000,0,-,-,-,-,5682.2000,5682.0000,5680.2000,5680.0000,5676.6000,5686.4000,5686.6000,5687.6000,5689.2000,5692.2000,1,2,1,1,1,1,1,1,1,2
SF,IC2008,2020-06-24 09:35:46.900,5685.4000,1448,0,64834120.000,0,-,-,-,-,5682.4000,5682.2000,5682.0000,5680.2000,5680.0000,5686.4000,5686.6000,5687.6000,5689.2000,5692.2000,1,1,2,1,1,1,1,1,1,2
SF,IC2008,2020-06-24 09:35:47.400,5685.4000,1448,0,64834120.000,0,-,-,-,-,5682.4000,5682.2000,5682.0000,5680.2000,5680.0000,5686.4000,5686.6000,5687.6000,5689.2000,5692.2000,1,1,2,1,1,1,1,1,1,2
SF,IC2008,2020-06-24 09:35:47.900,5686.4000,1447,-1,65971400.000,1,0,1,双平,S,5682.4000,5682.2000,5682.0000,5680.2000,5680.0000,5686.6000,5687.6000,5689.2000,5692.2000,5695.4000,1,1,2,1,1,1,1,1,2,3
SF,IC2008,2020-06-24 09:35:48.400,5686.6000,1446,-1,67108720.000,1,0,1,双平,S,5682.6000,5682.4000,5682.2000,5682.0000,5680.2000,5689.2000,5692.2000,5695.4000,5695.6000,5695.8000,1,1,1,2,1,1,2,3,5,1
SF,IC2008,2020-06-24 09:35:48.900,5686.6000,1446,0,67108720.000,0,-,-,-,-,5682.8000,5682.6000,5682.2000,5682.0000,5680.2000,5689.0000,5692.2000,5695.4000,5695.6000,5695.8000,1,2,1,2,1,1,2,3,5,1
SF,IC2008,2020-06-24 09:35:49.400,5686.6000,1446,0,67108720.000,0,-,-,-,-,5682.8000,5682.6000,5682.2000,5682.0000,5680.2000,5692.2000,5695.4000,5695.6000,5695.8000,5700.0000,1,2,1,2,1,2,3,5,1,2
SF,IC2008,2020-06-24 09:35:49.900,5686.6000,1446,0,67108720.000,0,-,-,-,-,5682.8000,5682.6000,5682.2000,5682.0000,5680.2000,5692.0000,5692.2000,5692.8000,5695.4000,5695.6000,1,2,1,2,1,6,2,1,3,5
SF,IC2008,2020-06-24 09:35:50.400,5686.6000,1446,0,67108720.000,0,-,-,-,-,5682.8000,5682.6000,5682.2000,5682.0000,5680.2000,5692.0000,5692.2000,5692.8000,5695.4000,5695.6000,1,2,1,2,1,5,2,1,3,5
SF,IC2008,2020-06-24 09:35:50.900,5686.6000,1446,0,67108720.000,0,-,-,-,-,5682.8000,5682.6000,5682.2000,5682.0000,5680.2000,5691.8000,5692.0000,5692.2000,5692.8000,5695.4000,1,2,1,2,1,1,5,2,1,3
SF,IC2008,2020-06-24 09:35:51.400,5686.6000,1446,0,67108720.000,0,-,-,-,-,5683.6000,5682.8000,5682.6000,5682.2000,5682.0000,5691.6000,5691.8000,5692.0000,5692.2000,5692.8000,1,1,2,1,2,2,1,5,2,1
SF,IC2008,2020-06-24 09:35:51.900,5686.6000,1446,0,67108720.000,0,-,-,-,-,5683.8000,5683.6000,5682.6000,5682.2000,5682.0000,5691.6000,5691.8000,5692.0000,5692.2000,5692.8000,1,1,2,1,2,1,1,5,2,1
SF,IC2008,2020-06-24 09:35:52.400,5686.6000,1446,0,67108720.000,0,-,-,-,-,5683.8000,5683.6000,5682.6000,5682.2000,5682.0000,5691.4000,5691.6000,5691.8000,5692.0000,5692.2000,1,1,2,1,2,1,1,1,5,2
SF,IC2008,2020-06-24 09:35:53.400,5686.6000,1446,0,67108720.000,0,-,-,-,-,5683.8000,5683.6000,5682.6000,5682.2000,5682.0000,5691.2000,5691.4000,5691.6000,5691.8000,5692.0000,1,1,2,1,2,1,1,1,1,5
SF,IC2008,2020-06-24 09:35:53.900,5686.6000,1446,0,67108720.000,0,-,-,-,-,5683.6000,5682.6000,5682.2000,5682.0000,5680.2000,5691.0000,5691.6000,5691.8000,5692.0000,5692.2000,1,2,1,2,1,1,1,1,5,2
SF,IC2008,2020-06-24 09:35:54.900,5686.6000,1446,0,67108720.000,0,-,-,-,-,5683.6000,5682.6000,5682.2000,5682.0000,5680.2000,5690.8000,5691.0000,5691.6000,5691.8000,5692.0000,1,2,1,2,1,1,1,1,1,5
SF,IC2008,2020-06-24 09:35:55.400,5686.6000,1446,0,67108720.000,0,-,-,-,-,5682.6000,5682.2000,5682.0000,5680.2000,5680.0000,5690.6000,5691.6000,5691.8000,5692.0000,5692.2000,2,1,2,1,1,1,1,1,5,2
SF,IC2008,2020-06-24 09:35:55.900,5686.6000,1446,0,67108720.000,0,-,-,-,-,5682.8000,5682.6000,5682.2000,5682.0000,5680.2000,5690.4000,5690.6000,5691.6000,5691.8000,5692.0000,1,2,1,2,1,1,1,1,1,5
SF,IC2008,2020-06-24 09:35:56.400,5686.6000,1446,0,67108720.000,0,-,-,-,-,5682.8000,5682.6000,5682.2000,5682.0000,5680.2000,5690.2000,5690.4000,5691.6000,5691.8000,5692.0000,1,1,1,2,1,1,1,1,1,5
SF,IC2008,2020-06-24 09:35:57.400,5686.6000,1446,0,67108720.000,0,-,-,-,-,5682.8000,5682.6000,5682.2000,5682.0000,5680.2000,5690.2000,5690.4000,5691.6000,5692.0000,5692.2000,1,1,1,2,1,1,1,1,5,2
SF,IC2008,2020-06-24 09:35:57.900,5686.6000,1446,0,67108720.000,0,-,-,-,-,5682.8000,5682.6000,5682.2000,5682.0000,5680.2000,5690.0000,5690.2000,5690.4000,5691.6000,5692.0000,1,2,1,2,1,1,1,1,1,5
SF,IC2008,2020-06-24 09:35:58.400,5686.6000,1446,0,67108720.000,0,-,-,-,-,5682.8000,5682.6000,5682.2000,5682.0000,5680.2000,5689.8000,5690.0000,5690.4000,5691.6000,5692.0000,1,2,1,2,1,1,1,1,1,5
SF,IC2008,2020-06-24 09:35:58.900,5686.6000,1446,0,67108720.000,0,-,-,-,-,5682.8000,5682.6000,5682.2000,5682.0000,5680.2000,5689.8000,5690.0000,5690.4000,5691.6000,5692.0000,1,2,1,2,1,1,1,1,1,2
SF,IC2008,2020-06-24 09:35:59.400,5686.6000,1446,0,67108720.000,0,-,-,-,-,5682.8000,5682.6000,5682.2000,5682.0000,5680.2000,5689.6000,5689.8000,5690.0000,5691.6000,5692.0000,1,2,1,2,1,2,1,1,1,2
SF,IC2008,2020-06-24 09:35:59.900,5686.6000,1446,0,67108720.000,0,-,-,-,-,5682.8000,5682.6000,5682.2000,5682.0000,5680.2000,5689.4000,5689.6000,5690.0000,5691.6000,5692.0000,1,2,1,2,1,1,2,1,1,2
SF,IC2008,2020-06-24 09:36:00.400,5686.6000,1446,0,67108720.000,0,-,-,-,-,5682.8000,5682.6000,5682.2000,5682.0000,5680.2000,5689.4000,5689.6000,5690.0000,5692.0000,5692.2000,1,2,1,2,1,1,2,1,2,2
SF,IC2008,2020-06-24 09:36:00.900,5686.6000,1446,0,67108720.000,0,-,-,-,-,5682.8000,5682.6000,5682.2000,5682.0000,5680.2000,5689.4000,5689.6000,5692.0000,5692.2000,5692.8000,1,2,1,2,1,1,2,2,2,1
SF,IC2008,2020-06-24 09:36:02.400,5686.6000,1446,0,67108720.000,0,-,-,-,-,5683.0000,5682.8000,5682.6000,5682.2000,5682.0000,5689.4000,5689.6000,5692.8000,5695.4000,5695.6000,2,1,2,1,2,1,1,1,3,5
SF,IC2008,2020-06-24 09:36:02.900,5686.6000,1446,0,67108720.000,0,-,-,-,-,5683.0000,5682.6000,5682.2000,5682.0000,5680.2000,5689.4000,5689.6000,5692.8000,5695.4000,5695.6000,2,2,1,2,1,1,1,1,3,5
SF,IC2008,2020-06-24 09:36:03.400,5686.6000,1446,0,67108720.000,0,-,-,-,-,5683.6000,5683.2000,5683.0000,5682.6000,5682.2000,5689.4000,5689.6000,5692.8000,5695.4000,5695.6000,1,1,2,2,1,1,1,1,3,5
SF,IC2008,2020-06-24 09:36:03.900,5686.6000,1446,0,67108720.000,0,-,-,-,-,5684.0000,5683.8000,5683.6000,5683.0000,5682.6000,5689.4000,5689.6000,5695.4000,5695.6000,5695.8000,1,1,1,2,2,1,1,3,5,1
SF,IC2008,2020-06-24 09:36:04.400,5686.6000,1446,0,67108720.000,0,-,-,-,-,5684.2000,5684.0000,5683.6000,5683.0000,5682.6000,5689.6000,5695.4000,5695.6000,5695.8000,5700.0000,2,2,1,2,2,1,3,5,1,2
SF,IC2008,2020-06-24 09:36:04.900,5686.6000,1446,0,67108720.000,0,-,-,-,-,5684.8000,5684.2000,5684.0000,5683.0000,5682.6000,5689.6000,5695.4000,5695.6000,5695.8000,5700.0000,1,2,2,2,2,1,3,5,1,2
SF,IC2008,2020-06-24 09:36:05.400,5686.6000,1446,0,67108720.000,0,-,-,-,-,5685.0000,5684.8000,5684.4000,5684.0000,5683.0000,5689.6000,5695.4000,5695.6000,5695.8000,5700.0000,2,1,1,1,1,1,3,5,1,2
SF,IC2008,2020-06-24 09:36:05.900,5686.6000,1446,0,67108720.000,0,-,-,-,-,5685.2000,5685.0000,5684.8000,5684.4000,5684.0000,5689.6000,5695.4000,5695.6000,5695.8000,5700.0000,2,3,1,1,1,1,3,5,1,2
SF,IC2008,2020-06-24 09:36:06.400,5686.6000,1446,0,67108720.000,0,-,-,-,-,5685.4000,5685.2000,5685.0000,5684.8000,5684.0000,5695.4000,5695.6000,5695.8000,5700.0000,5705.0000,1,3,1,1,1,3,5,1,2,1
SF,IC2008,2020-06-24 09:36:06.900,5686.6000,1446,0,67108720.000,0,-,-,-,-,5685.4000,5685.2000,5685.0000,5684.8000,5684.0000,5695.2000,5695.4000,5695.8000,5700.0000,5701.4000,2,3,1,1,1,7,4,1,2,5
