市场代码,合约代码,时间,最新,持仓,增仓,成交额,成交量,开仓,平仓,成交类型,方向,买一价,买二价,买三价,买四价,买五价,卖一价,卖二价,卖三价,卖四价,卖五价,买一量,买二量,买三量,买四量,买五量,卖一量,卖二量,卖三量,卖四量,卖五量
SF,IC2005,2020-04-07 09:29:00.200,5110.0000,5379,0,6132000.000,6.000,-,-,-,-,5108.4000,5103.0000,5100.2000,5095.4000,5093.0000,5110.0000,5126.0000,5138.0000,5142.8000,5143.2000,1,1,1,2,1,4,10,5,1,1
SF,IC2005,2020-04-07 09:30:00.200,5110.0000,5375,-4,11242000.000,5,0,5,多平,S,5110.0000,5108.4000,5100.2000,5095.4000,5093.0000,5110.8000,5126.0000,5138.0000,5142.8000,5143.2000,1,1,1,2,1,3,10,5,1,1
SF,IC2005,2020-04-07 09:30:00.700,5110.8000,5374,-1,15330640.000,4,1,3,多平,S,5111.4000,5110.4000,5110.0000,5108.6000,5105.0000,5126.0000,5138.0000,5142.8000,5143.2000,5148.4000,1,1,1,1,1,10,5,1,1,3
SF,IC2005,2020-04-07 09:30:01.200,5110.8000,5374,0,15330640.000,0,-,-,-,-,5112.2000,5112.0000,5111.8000,5111.6000,5111.4000,5117.4000,5118.4000,5118.6000,5119.4000,5120.4000,1,1,1,4,1,1,1,1,1,1
SF,IC2005,2020-04-07 09:30:01.700,5110.8000,5374,0,15330640.000,0,-,-,-,-,5112.4000,5111.8000,5111.2000,5111.0000,5110.8000,5117.2000,5119.4000,5120.4000,5120.8000,5121.4000,4,1,2,6,1,1,1,2,1,1
SF,IC2005,2020-04-07 09:30:02.200,5117.2000,5373,-1,16354080.000,1,0,1,双平,S,5117.6000,5114.2000,5113.6000,5113.4000,5113.0000,5120.4000,5121.4000,5122.0000,5122.4000,5124.0000,1,1,2,1,1,1,1,3,1,2
SF,IC2005,2020-04-07 09:30:02.700,5117.6000,5372,-1,20447240.000,4,1,3,多平,S,5113.0000,5112.8000,5112.6000,5112.4000,5111.8000,5117.6000,5118.2000,5118.4000,5119.4000,5120.2000,1,1,1,1,1,1,1,1,1,1
SF,IC2005,2020-04-07 09:30:03.200,5113.2000,5371,-1,21469880.000,1,0,1,双平,S,5113.2000,5112.6000,5111.8000,5111.2000,5111.0000,5117.2000,5117.4000,5117.6000,5120.2000,5120.4000,1,1,1,2,6,1,2,1,1,3
SF,IC2005,2020-04-07 09:30:03.700,5117.2000,5370,-1,22493320.000,1,0,1,双平,S,5116.6000,5116.0000,5115.6000,5115.4000,5115.0000,5117.0000,5117.6000,5120.2000,5120.4000,5121.4000,1,1,1,1,1,1,1,1,3,1
SF,IC2005,2020-04-07 09:30:04.200,5117.2000,5370,0,22493320.000,0,-,-,-,-,5111.2000,5111.0000,5110.8000,5110.4000,5110.0000,5116.2000,5116.4000,5116.8000,5117.6000,5120.2000,2,6,1,1,1,1,2,1,1,1
SF,IC2005,2020-04-07 09:30:04.700,5117.2000,5370,0,22493320.000,0,-,-,-,-,5115.6000,5115.0000,5114.4000,5113.6000,5113.4000,5116.0000,5117.6000,5120.2000,5120.4000,5121.4000,1,2,1,2,1,1,1,1,2,1
SF,IC2005,2020-04-07 09:30:05.200,5116.2000,5369,-1,23516560.000,1,0,1,双平,S,5116.8000,5116.4000,5116.2000,5115.8000,5115.6000,5117.6000,5120.2000,5120.4000,5122.0000,5122.4000,1,2,2,1,1,1,1,2,1,1
SF,IC2005,2020-04-07 09:30:05.700,5117.6000,5369,0,24540080.000,1,0,1,多换,S,5117.2000,5117.0000,5116.4000,5116.2000,5115.6000,5120.2000,5120.4000,5124.0000,5125.8000,5126.0000,1,1,2,1,1,1,2,2,1,10
SF,IC2005,2020-04-07 09:30:06.200,5117.6000,5369,0,24540080.000,0,-,-,-,-,5117.6000,5117.4000,5117.2000,5117.0000,5116.4000,5120.4000,5124.0000,5125.8000,5126.0000,5127.2000,1,3,2,1,2,2,2,1,10,5
SF,IC2005,2020-04-07 09:30:06.700,5117.6000,5368,-1,25563600.000,1,0,1,双平,S,5117.8000,5117.2000,5116.4000,5116.2000,5115.6000,5120.0000,5120.2000,5120.4000,5124.0000,5125.8000,2,2,2,1,1,1,1,2,2,1
SF,IC2005,2020-04-07 09:30:07.200,5117.8000,5366,-2,27610720.000,2,0,2,双平,S,5117.2000,5116.4000,5116.2000,5115.6000,5115.0000,5120.0000,5120.2000,5124.0000,5125.8000,5126.0000,2,2,1,1,1,1,1,2,1,10
SF,IC2005,2020-04-07 09:30:07.700,5120.0000,5365,-1,29658680.000,2,0,2,多平,S,5118.8000,5118.0000,5117.4000,5117.2000,5117.0000,5120.0000,5124.0000,5125.8000,5126.0000,5127.2000,1,10,2,2,1,1,2,1,10,5
SF,IC2005,2020-04-07 09:30:08.200,5118.0000,5363,-2,31706280.000,2,0,2,双平,S,5118.0000,5117.4000,5117.2000,5117.0000,5116.4000,5124.0000,5125.8000,5126.0000,5127.2000,5132.6000,9,2,2,1,2,2,1,10,5,1
SF,IC2005,2020-04-07 09:30:08.700,5118.0000,5363,0,31706280.000,0,-,-,-,-,5118.4000,5118.2000,5118.0000,5117.2000,5117.0000,5123.8000,5124.0000,5125.8000,5126.0000,5127.2000,2,2,9,1,1,3,2,1,10,5
SF,IC2005,2020-04-07 09:30:09.200,5118.0000,5363,0,31706280.000,0,-,-,-,-,5118.6000,5118.4000,5118.0000,5117.2000,5117.0000,5123.8000,5124.0000,5125.8000,5126.0000,5127.2000,1,1,9,1,1,4,2,1,10,5
SF,IC2005,2020-04-07 09:30:09.700,5118.0000,5363,0,31706280.000,0,-,-,-,-,5118.6000,5118.4000,5118.0000,5117.2000,5117.0000,5121.6000,5122.0000,5122.4000,5123.4000,5123.6000,1,1,9,1,1,1,1,1,1,1
SF,IC2005,2020-04-07 09:30:10.200,5124.0000,5359,-4,35805360.000,4,0,4,双平,S,5118.8000,5118.6000,5118.4000,5118.0000,5117.2000,5124.0000,5125.8000,5126.0000,5132.6000,5133.0000,3,1,1,9,1,1,1,10,1,5
SF,IC2005,2020-04-07 09:30:10.700,5124.0000,5359,0,35805360.000,0,-,-,-,-,5121.6000,5119.4000,5119.2000,5119.0000,5118.8000,5123.8000,5124.0000,5126.0000,5132.6000,5133.0000,2,1,1,2,3,1,1,10,1,5
SF,IC2005,2020-04-07 09:30:11.200,5121.6000,5357,-2,37854000.000,2,0,2,双平,S,5119.4000,5119.2000,5119.0000,5118.8000,5118.4000,5121.6000,5123.8000,5126.0000,5132.6000,5133.0000,1,1,2,2,1,2,1,10,1,5
SF,IC2005,2020-04-07 09:30:11.700,5121.6000,5356,-1,38878320.000,1,0,1,双平,S,5119.6000,5119.4000,5119.0000,5118.8000,5118.4000,5124.0000,5126.0000,5132.6000,5133.0000,5138.0000,1,1,1,2,1,3,10,1,5,5
SF,IC2005,2020-04-07 09:30:12.200,5121.6000,5356,0,38878320.000,0,-,-,-,-,5119.8000,5119.6000,5118.8000,5118.0000,5116.4000,5123.8000,5124.0000,5126.0000,5132.6000,5133.0000,1,2,1,9,2,1,3,10,1,5
SF,IC2005,2020-04-07 09:30:12.700,5121.6000,5356,0,38878320.000,0,-,-,-,-,5121.6000,5119.8000,5119.6000,5118.0000,5116.4000,5122.4000,5123.8000,5124.0000,5126.0000,5132.6000,1,1,2,9,2,1,1,4,10,1
SF,IC2005,2020-04-07 09:30:13.200,5121.6000,5356,0,39902640.000,1,0,1,多换,S,5119.8000,5119.6000,5118.0000,5116.4000,5115.6000,5121.6000,5124.0000,5126.0000,5132.6000,5133.0000,1,2,9,2,1,2,4,10,1,5
SF,IC2005,2020-04-07 09:30:13.700,5121.6000,5355,-1,40926960.000,1,0,1,双平,S,5120.0000,5119.6000,5118.0000,5116.4000,5115.6000,5124.0000,5126.0000,5132.6000,5133.0000,5138.0000,1,1,9,2,1,3,10,1,5,5
SF,IC2005,2020-04-07 09:30:14.200,5121.6000,5355,0,40926960.000,0,-,-,-,-,5120.2000,5120.0000,5118.0000,5116.4000,5115.6000,5124.0000,5126.0000,5132.6000,5133.0000,5138.0000,1,2,9,2,1,3,10,1,5,5
SF,IC2005,2020-04-07 09:30:14.700,5123.8000,5354,-1,41951720.000,1,0,1,双平,S,5121.6000,5120.2000,5120.0000,5118.0000,5116.4000,5126.0000,5132.6000,5133.0000,5138.0000,5142.8000,1,1,2,9,2,10,1,5,5,1
SF,IC2005,2020-04-07 09:30:15.200,5123.8000,5354,0,41951720.000,0,-,-,-,-,5121.8000,5121.6000,5120.4000,5120.0000,5118.0000,5125.8000,5126.0000,5126.2000,5132.6000,5133.0000,1,1,1,1,9,1,10,1,1,5
SF,IC2005,2020-04-07 09:30:15.700,5123.8000,5354,0,41951720.000,0,-,-,-,-,5122.0000,5121.8000,5121.6000,5120.4000,5118.0000,5125.8000,5126.0000,5126.2000,5132.6000,5133.0000,1,1,1,1,9,1,10,1,1,5
SF,IC2005,2020-04-07 09:30:16.200,5123.8000,5354,0,41951720.000,0,-,-,-,-,5125.8000,5122.4000,5122.2000,5122.0000,5121.6000,5126.0000,5132.6000,5133.0000,5138.0000,5142.8000,1,2,2,1,1,10,1,5,5,1
SF,IC2005,2020-04-07 09:30:16.700,5125.8000,5354,0,45027160.000,3,1,2,多换,S,5122.4000,5122.2000,5122.0000,5121.6000,5118.0000,5125.8000,5126.0000,5126.2000,5132.6000,5133.0000,3,2,1,1,9,16,10,1,1,5
SF,IC2005,2020-04-07 09:30:17.200,5122.6000,5353,-1,46051680.000,1,0,1,双平,S,5122.6000,5122.4000,5122.2000,5121.6000,5118.0000,5125.8000,5126.0000,5132.6000,5133.0000,5138.0000,2,2,1,1,9,14,10,1,5,5
SF,IC2005,2020-04-07 09:30:17.700,5125.8000,5353,0,47076840.000,1,0,1,多换,S,5122.8000,5122.6000,5122.4000,5122.2000,5121.6000,5126.0000,5132.6000,5133.0000,5138.0000,5142.8000,1,2,2,1,1,10,1,5,5,1
SF,IC2005,2020-04-07 09:30:18.200,5126.0000,5352,-1,48102040.000,1,0,1,双平,S,5123.2000,5123.0000,5122.4000,5122.2000,5121.6000,5126.0000,5132.6000,5133.0000,5138.0000,5142.8000,1,3,2,1,1,9,1,5,5,1
SF,IC2005,2020-04-07 09:30:18.700,5126.0000,5352,0,48102040.000,0,-,-,-,-,5123.4000,5123.0000,5122.4000,5122.2000,5121.6000,5126.0000,5126.2000,5132.6000,5133.0000,5138.0000,2,1,2,1,1,9,1,1,5,5
SF,IC2005,2020-04-07 09:30:19.200,5126.0000,5352,0,48102040.000,0,-,-,-,-,5123.4000,5122.4000,5122.2000,5121.6000,5116.4000,5126.0000,5132.6000,5133.0000,5138.0000,5142.8000,3,1,1,1,2,9,1,5,5,1
SF,IC2005,2020-04-07 09:30:19.700,5126.0000,5352,0,48102040.000,0,-,-,-,-,5123.4000,5122.4000,5122.2000,5121.6000,5116.4000,5126.0000,5132.6000,5133.0000,5138.0000,5142.8000,3,1,1,1,2,9,1,5,5,1
SF,IC2005,2020-04-07 09:30:20.200,5126.0000,5352,0,48102040.000,0,-,-,-,-,5123.8000,5123.4000,5122.4000,5122.2000,5121.6000,5126.0000,5132.6000,5133.0000,5138.0000,5142.8000,1,2,1,1,1,9,1,5,5,1
SF,IC2005,2020-04-07 09:30:20.700,5126.0000,5352,0,48102040.000,0,-,-,-,-,5124.0000,5122.4000,5122.2000,5121.6000,5116.4000,5126.0000,5132.6000,5133.0000,5138.0000,5142.8000,2,1,1,1,2,9,1,5,5,1
SF,IC2005,2020-04-07 09:30:21.200,5126.0000,5349,-3,51177640.000,3,0,3,双平,S,5124.0000,5123.8000,5122.4000,5122.2000,5121.6000,5126.0000,5132.6000,5133.0000,5138.0000,5142.8000,2,1,1,1,1,6,1,5,5,1
SF,IC2005,2020-04-07 09:30:21.700,5126.0000,5344,-5,56303640.000,5,0,5,双平,S,5124.0000,5123.8000,5122.4000,5122.2000,5121.6000,5126.0000,5132.6000,5133.0000,5138.0000,5142.8000,2,1,1,1,1,1,1,5,5,1
SF,IC2005,2020-04-07 09:30:22.200,5126.0000,5344,0,56303640.000,0,-,-,-,-,5124.0000,5123.8000,5122.4000,5122.2000,5121.6000,5125.6000,5126.0000,5132.6000,5133.0000,5138.0000,1,1,1,1,1,3,1,1,5,5
SF,IC2005,2020-04-07 09:30:22.700,5125.8000,5342,-2,58353960.000,2,0,2,双平,S,5125.0000,5124.0000,5123.8000,5122.4000,5122.2000,5125.6000,5126.0000,5132.6000,5133.0000,5138.0000,1,1,1,1,1,1,1,1,5,5
SF,IC2005,2020-04-07 09:30:23.200,5125.2000,5342,0,61429080.000,3,1,2,多换,S,5125.0000,5124.0000,5123.8000,5122.4000,5122.2000,5125.6000,5126.0000,5132.6000,5133.0000,5138.0000,1,2,1,1,1,1,1,1,5,5
SF,IC2005,2020-04-07 09:30:23.700,5125.0000,5342,0,62454080.000,1,0,1,多换,S,5124.0000,5123.8000,5122.4000,5122.2000,5121.6000,5125.6000,5126.0000,5132.6000,5133.0000,5138.0000,2,1,1,1,1,1,1,1,5,5
SF,IC2005,2020-04-07 09:30:24.200,5125.6000,5342,0,63479200.000,1,0,1,多换,S,5124.0000,5123.8000,5122.4000,5122.2000,5116.4000,5126.0000,5132.6000,5133.0000,5138.0000,5142.8000,2,1,1,1,2,1,1,5,5,1
SF,IC2005,2020-04-07 09:30:24.700,5124.0000,5341,-1,64504000.000,1,0,1,双平,S,5122.4000,5122.2000,5116.4000,5114.0000,5111.8000,5126.0000,5132.6000,5133.0000,5138.0000,5142.8000,1,1,2,1,1,1,1,5,5,1
SF,IC2005,2020-04-07 09:30:25.200,5124.0000,5341,0,64504000.000,0,-,-,-,-,5125.2000,5122.6000,5122.4000,5122.2000,5116.4000,5126.0000,5126.2000,5130.2000,5132.6000,5133.0000,1,1,1,1,2,1,1,4,1,5
SF,IC2005,2020-04-07 09:30:25.700,5124.0000,5341,0,65528800.000,1,0,1,多换,S,5122.8000,5122.6000,5122.4000,5122.2000,5116.4000,5124.0000,5126.0000,5130.2000,5132.6000,5133.0000,1,1,1,1,2,1,1,4,1,5
SF,IC2005,2020-04-07 09:30:26.200,5126.0000,5337,-4,69628800.000,4,0,4,双平,S,5123.8000,5123.2000,5122.8000,5122.4000,5122.2000,5124.0000,5130.2000,5132.6000,5133.0000,5138.0000,1,1,1,1,1,20,4,1,5,5
SF,IC2005,2020-04-07 09:30:26.700,5124.0000,5329,-8,79876800.000,10,1,9,多平,S,5123.8000,5123.2000,5122.8000,5122.4000,5122.2000,5124.0000,5130.2000,5132.6000,5133.0000,5138.0000,1,1,1,1,1,10,4,1,5,5
SF,IC2005,2020-04-07 09:30:27.200,5124.0000,5325,-4,83976000.000,4,0,4,双平,S,5123.8000,5122.8000,5122.4000,5122.2000,5116.4000,5124.0000,5130.2000,5132.6000,5133.0000,5138.0000,1,1,1,1,2,6,4,1,5,5
SF,IC2005,2020-04-07 09:30:27.700,5124.0000,5323,-2,87050400.000,3,0,3,多平,S,5122.8000,5122.4000,5122.2000,5116.4000,5114.0000,5124.0000,5130.2000,5132.6000,5138.0000,5138.8000,1,1,1,2,1,3,4,1,5,5
SF,IC2005,2020-04-07 09:30:28.200,5124.0000,5320,-3,90124800.000,3,0,3,双平,S,5124.2000,5123.8000,5123.0000,5122.8000,5122.2000,5130.2000,5132.6000,5138.0000,5138.8000,5142.8000,2,1,3,1,1,4,1,5,5,1
SF,IC2005,2020-04-07 09:30:28.700,5124.0000,5320,0,90124800.000,0,-,-,-,-,5124.6000,5124.2000,5124.0000,5123.8000,5123.0000,5130.0000,5130.2000,5132.6000,5138.0000,5138.8000,1,2,1,3,3,2,4,1,5,5
SF,IC2005,2020-04-07 09:30:29.200,5124.0000,5320,0,90124800.000,0,-,-,-,-,5125.0000,5124.8000,5124.6000,5124.2000,5124.0000,5130.0000,5130.2000,5132.6000,5138.0000,5138.8000,1,1,2,2,1,2,4,1,5,5
SF,IC2005,2020-04-07 09:30:29.700,5124.0000,5320,0,90124800.000,0,-,-,-,-,5125.2000,5125.0000,5124.6000,5124.2000,5124.0000,5129.8000,5130.0000,5130.2000,5132.6000,5138.0000,1,1,2,2,1,1,2,4,1,5
SF,IC2005,2020-04-07 09:30:30.200,5124.0000,5320,0,90124800.000,0,-,-,-,-,5125.2000,5125.0000,5124.6000,5124.2000,5124.0000,5129.6000,5129.8000,5130.0000,5130.2000,5132.6000,1,1,2,2,1,1,1,1,4,1
SF,IC2005,2020-04-07 09:30:30.700,5124.0000,5320,0,90124800.000,0,-,-,-,-,5125.2000,5125.0000,5124.2000,5122.2000,5121.4000,5129.4000,5129.6000,5129.8000,5130.0000,5130.2000,1,1,2,1,5,1,2,1,1,4
SF,IC2005,2020-04-07 09:30:31.200,5124.0000,5321,1,91149600.000,1,1,0,双开,S,5125.0000,5124.2000,5122.2000,5121.4000,5114.0000,5129.2000,5129.4000,5129.6000,5129.8000,5130.0000,1,2,1,5,1,2,1,1,1,1
SF,IC2005,2020-04-07 09:30:31.700,5124.0000,5321,0,91149600.000,0,-,-,-,-,5125.4000,5125.0000,5124.2000,5122.2000,5121.4000,5129.2000,5129.4000,5129.6000,5129.8000,5130.0000,1,1,2,1,5,2,1,1,1,1
SF,IC2005,2020-04-07 09:30:32.200,5130.0000,5316,-5,97305040.000,6,0,6,多平,S,5130.0000,5125.8000,5125.6000,5124.2000,5122.2000,5130.2000,5132.6000,5138.0000,5138.8000,5149.8000,2,1,1,2,1,4,1,5,5,1
SF,IC2005,2020-04-07 09:30:32.700,5125.8000,5314,-2,100382200.000,3,0,3,多平,S,5125.6000,5124.2000,5122.2000,5121.4000,5114.0000,5129.4000,5129.8000,5130.0000,5130.2000,5132.6000,2,2,1,5,1,1,3,19,4,1
SF,IC2005,2020-04-07 09:30:33.200,5125.8000,5314,0,100382200.000,0,-,-,-,-,5125.8000,5125.6000,5124.2000,5122.2000,5121.4000,5129.4000,5130.0000,5130.2000,5132.6000,5138.0000,1,2,2,1,5,1,20,4,1,5
SF,IC2005,2020-04-07 09:30:33.700,5125.8000,5314,0,100382200.000,0,-,-,-,-,5126.4000,5126.0000,5125.8000,5124.2000,5122.2000,5129.2000,5129.4000,5130.2000,5132.6000,5138.0000,1,2,1,2,1,1,1,4,1,5
SF,IC2005,2020-04-07 09:30:34.200,5125.8000,5314,0,100382200.000,0,-,-,-,-,5126.6000,5126.4000,5124.2000,5122.2000,5121.4000,5129.0000,5130.2000,5132.6000,5138.0000,5138.8000,2,1,2,1,5,1,4,1,5,5
SF,IC2005,2020-04-07 09:30:34.700,5126.2000,5313,-1,102432680.000,2,0,2,多平,S,5126.4000,5124.2000,5122.2000,5121.4000,5114.0000,5129.0000,5130.2000,5132.6000,5138.0000,5138.8000,1,2,1,5,1,1,4,1,5,5
SF,IC2005,2020-04-07 09:30:35.200,5126.2000,5313,0,102432680.000,0,-,-,-,-,5124.2000,5122.2000,5121.4000,5114.0000,5111.8000,5128.0000,5129.0000,5130.2000,5132.6000,5138.0000,2,1,5,1,1,5,1,4,1,5
SF,IC2005,2020-04-07 09:30:35.700,5126.2000,5313,0,102432680.000,0,-,-,-,-,5126.0000,5125.4000,5124.8000,5124.6000,5124.4000,5127.8000,5128.0000,5130.2000,5132.6000,5138.0000,1,1,1,1,1,2,5,4,1,5
SF,IC2005,2020-04-07 09:30:36.200,5126.2000,5313,0,102432680.000,0,-,-,-,-,5126.0000,5125.4000,5124.8000,5124.6000,5124.4000,5127.8000,5128.0000,5130.2000,5132.6000,5138.0000,1,1,1,1,1,1,5,4,1,5
SF,IC2005,2020-04-07 09:30:36.700,5126.0000,5312,-1,103457880.000,1,0,1,双平,S,5125.4000,5124.8000,5124.6000,5124.4000,5124.2000,5127.8000,5128.0000,5130.2000,5132.6000,5138.0000,1,1,1,1,2,1,5,4,1,5
SF,IC2005,2020-04-07 09:30:37.200,5126.0000,5312,0,103457880.000,0,-,-,-,-,5124.8000,5124.4000,5124.2000,5121.4000,5114.0000,5127.6000,5127.8000,5128.0000,5130.2000,5132.6000,1,1,2,5,1,1,1,5,4,1
SF,IC2005,2020-04-07 09:30:37.700,5126.0000,5312,0,103457880.000,0,-,-,-,-,5124.4000,5124.2000,5121.4000,5114.0000,5111.8000,5127.4000,5127.6000,5128.0000,5130.2000,5132.6000,1,2,5,1,1,2,1,5,4,1
SF,IC2005,2020-04-07 09:30:38.200,5124.4000,5312,0,104482760.000,1,0,1,多换,S,5124.2000,5121.4000,5114.0000,5111.8000,5111.4000,5127.2000,5127.4000,5128.0000,5130.2000,5132.6000,2,5,1,1,1,1,2,5,4,1
SF,IC2005,2020-04-07 09:30:38.700,5124.2000,5310,-2,106532440.000,2,0,2,双平,S,5115.6000,5114.0000,5111.8000,5111.4000,5110.0000,5127.0000,5127.2000,5128.0000,5130.2000,5132.6000,5,1,1,1,1,2,1,5,4,1
SF,IC2005,2020-04-07 09:30:39.200,5124.2000,5310,0,106532440.000,0,-,-,-,-,5123.8000,5122.6000,5122.4000,5122.0000,5121.6000,5127.0000,5128.0000,5130.2000,5132.6000,5138.0000,1,1,1,1,1,2,5,4,1,5
SF,IC2005,2020-04-07 09:30:39.700,5122.6000,5309,-1,107556960.000,1,0,1,双平,S,5122.4000,5122.0000,5121.6000,5121.4000,5120.8000,5126.8000,5127.0000,5128.0000,5130.2000,5132.6000,1,1,1,1,1,1,2,5,4,1
SF,IC2005,2020-04-07 09:30:40.200,5122.6000,5309,0,107556960.000,0,-,-,-,-,5122.8000,5122.4000,5122.0000,5121.6000,5121.4000,5126.6000,5126.8000,5128.0000,5130.2000,5132.6000,1,1,1,1,1,2,1,5,4,1
SF,IC2005,2020-04-07 09:30:40.700,5122.6000,5309,0,107556960.000,0,-,-,-,-,5122.8000,5122.4000,5122.0000,5121.6000,5121.4000,5126.4000,5126.6000,5128.0000,5130.2000,5132.6000,1,1,1,1,1,1,2,5,4,1
SF,IC2005,2020-04-07 09:30:41.200,5126.2000,5310,1,108582200.000,1,1,0,双开,S,5123.0000,5122.8000,5122.4000,5122.0000,5121.6000,5126.2000,5126.4000,5128.0000,5130.2000,5132.6000,1,1,1,1,1,1,1,5,4,1
SF,IC2005,2020-04-07 09:30:41.700,5126.2000,5310,0,108582200.000,0,-,-,-,-,5123.4000,5123.2000,5123.0000,5122.8000,5122.4000,5126.2000,5128.0000,5130.2000,5132.6000,5138.0000,1,1,1,1,1,1,5,4,1,5
SF,IC2005,2020-04-07 09:30:42.200,5126.2000,5310,0,108582200.000,0,-,-,-,-,5123.8000,5123.6000,5122.8000,5122.4000,5122.0000,5126.2000,5128.0000,5130.2000,5132.6000,5138.0000,1,1,1,1,1,1,5,4,1,5
SF,IC2005,2020-04-07 09:30:42.700,5126.2000,5310,0,108582200.000,0,-,-,-,-,5123.8000,5123.6000,5122.8000,5122.4000,5122.0000,5126.2000,5128.0000,5130.2000,5132.6000,5138.0000,1,1,1,1,1,1,5,4,1,5
SF,IC2005,2020-04-07 09:30:43.200,5126.2000,5310,0,108582200.000,0,-,-,-,-,5123.6000,5122.8000,5122.4000,5122.0000,5121.6000,5126.2000,5128.0000,5130.2000,5132.6000,5138.0000,1,1,1,1,1,1,5,4,1,5
SF,IC2005,2020-04-07 09:30:43.700,5126.2000,5310,0,108582200.000,0,-,-,-,-,5123.6000,5122.8000,5122.0000,5121.6000,5121.4000,5126.2000,5128.0000,5130.2000,5132.6000,5138.0000,1,1,1,1,1,1,5,4,1,5
SF,IC2005,2020-04-07 09:30:44.200,5123.6000,5310,0,109606920.000,1,0,1,多换,S,5122.8000,5122.0000,5121.6000,5121.4000,5120.8000,5126.2000,5128.0000,5130.2000,5132.6000,5138.0000,1,1,1,1,1,1,5,4,1,5
SF,IC2005,2020-04-07 09:30:44.700,5123.6000,5310,0,109606920.000,0,-,-,-,-,5122.8000,5122.0000,5121.6000,5121.4000,5120.8000,5126.0000,5126.2000,5128.0000,5130.2000,5132.6000,1,1,1,1,1,1,1,5,4,1
SF,IC2005,2020-04-07 09:30:45.200,5123.6000,5310,0,109606920.000,0,-,-,-,-,5122.8000,5122.0000,5121.6000,5121.4000,5120.8000,5125.8000,5126.0000,5128.0000,5130.2000,5132.6000,1,1,1,1,1,1,1,5,4,1
SF,IC2005,2020-04-07 09:30:45.700,5122.8000,5309,-1,110631480.000,1,0,1,双平,S,5122.0000,5121.6000,5121.4000,5120.8000,5120.4000,5125.6000,5125.8000,5128.0000,5130.2000,5132.6000,1,1,1,1,2,1,1,5,4,1
SF,IC2005,2020-04-07 09:30:46.200,5122.8000,5309,0,110631480.000,0,-,-,-,-,5124.2000,5122.4000,5122.0000,5121.6000,5121.4000,5125.4000,5125.6000,5128.0000,5130.2000,5132.6000,1,1,1,1,1,2,1,5,4,1
SF,IC2005,2020-04-07 09:30:46.700,5124.0000,5307,-2,113705600.000,3,0,3,多平,S,5121.6000,5121.4000,5120.8000,5120.4000,5116.8000,5125.4000,5128.0000,5130.2000,5132.6000,5138.0000,1,1,1,2,1,1,5,4,1,5
SF,IC2005,2020-04-07 09:30:47.200,5124.0000,5307,0,113705600.000,0,-,-,-,-,5123.8000,5122.4000,5121.6000,5121.4000,5120.8000,5125.2000,5125.4000,5128.0000,5130.2000,5132.6000,1,1,2,1,1,2,1,5,4,1
SF,IC2005,2020-04-07 09:30:47.700,5124.0000,5307,0,113705600.000,0,-,-,-,-,5121.6000,5121.4000,5120.8000,5120.4000,5116.8000,5125.0000,5125.2000,5128.0000,5130.2000,5132.6000,1,1,1,2,1,1,1,5,4,1
SF,IC2005,2020-04-07 09:30:48.200,5124.0000,5307,0,113705600.000,0,-,-,-,-,5121.6000,5121.4000,5120.8000,5120.4000,5116.8000,5124.8000,5125.0000,5125.2000,5128.0000,5130.2000,1,1,1,2,1,1,1,1,5,4
SF,IC2005,2020-04-07 09:30:48.700,5124.0000,5307,0,113705600.000,0,-,-,-,-,5120.4000,5116.8000,5115.8000,5115.6000,5114.0000,5124.6000,5124.8000,5128.0000,5130.2000,5132.6000,2,1,4,6,1,2,1,5,4,1
SF,IC2005,2020-04-07 09:30:49.200,5124.0000,5307,0,113705600.000,0,-,-,-,-,5120.4000,5116.8000,5115.8000,5115.6000,5114.0000,5124.4000,5124.6000,5128.0000,5130.2000,5132.6000,2,1,4,6,1,1,2,5,4,1
SF,IC2005,2020-04-07 09:30:49.700,5124.0000,5307,0,113705600.000,0,-,-,-,-,5120.4000,5116.8000,5115.8000,5115.6000,5114.0000,5124.2000,5124.4000,5124.6000,5128.0000,5130.2000,3,1,4,6,1,1,1,1,5,4
SF,IC2005,2020-04-07 09:30:50.200,5124.0000,5307,0,113705600.000,0,-,-,-,-,5121.4000,5120.8000,5120.4000,5116.8000,5115.8000,5124.0000,5124.2000,5124.6000,5127.0000,5128.0000,1,1,4,1,4,1,1,1,1,5
SF,IC2005,2020-04-07 09:30:50.700,5124.2000,5307,0,115755240.000,2,1,1,多换,S,5121.8000,5121.6000,5121.4000,5120.8000,5120.6000,5127.0000,5128.0000,5130.2000,5132.6000,5138.0000,1,1,1,2,3,1,5,4,1,5
SF,IC2005,2020-04-07 09:30:51.200,5124.2000,5307,0,115755240.000,0,-,-,-,-,5121.8000,5121.6000,5121.4000,5120.8000,5120.6000,5126.8000,5127.0000,5128.0000,5130.2000,5132.6000,1,1,1,2,3,1,1,5,4,1
SF,IC2005,2020-04-07 09:30:51.700,5124.2000,5307,0,115755240.000,0,-,-,-,-,5123.8000,5122.0000,5121.8000,5121.6000,5121.4000,5126.8000,5127.0000,5128.0000,5130.2000,5132.6000,1,1,1,2,1,1,1,5,4,1
SF,IC2005,2020-04-07 09:30:52.200,5121.8000,5305,-2,118828760.000,3,0,3,多平,S,5116.8000,5115.8000,5115.6000,5114.0000,5111.4000,5121.8000,5122.6000,5123.4000,5123.6000,5124.6000,1,4,6,1,1,1,1,1,6,1
SF,IC2005,2020-04-07 09:30:52.700,5121.8000,5305,0,118828760.000,0,-,-,-,-,5117.2000,5117.0000,5116.8000,5115.8000,5115.6000,5123.8000,5126.0000,5126.2000,5126.6000,5127.0000,3,6,1,3,6,1,1,1,2,1
SF,IC2005,2020-04-07 09:30:53.200,5121.8000,5305,0,118828760.000,0,-,-,-,-,5117.4000,5117.2000,5117.0000,5115.8000,5115.6000,5121.8000,5123.6000,5123.8000,5126.0000,5126.2000,2,2,5,3,6,1,1,1,1,1
SF,IC2005,2020-04-07 09:30:53.700,5127.2000,5299,-6,129079400.000,10,2,8,多平,S,5119.4000,5118.6000,5117.6000,5117.2000,5117.0000,5127.2000,5128.0000,5130.2000,5132.6000,5138.0000,1,1,1,1,1,3,5,4,1,5
SF,IC2005,2020-04-07 09:30:54.200,5127.2000,5299,0,129079400.000,0,-,-,-,-,5117.6000,5117.2000,5117.0000,5115.8000,5115.6000,5121.0000,5121.8000,5122.6000,5123.2000,5123.4000,1,1,1,3,5,1,1,1,1,1
SF,IC2005,2020-04-07 09:30:54.700,5127.2000,5299,0,129079400.000,0,-,-,-,-,5117.6000,5114.0000,5111.4000,5110.0000,5109.8000,5123.2000,5123.4000,5126.6000,5126.8000,5127.0000,1,1,1,1,5,1,1,1,3,3
SF,IC2005,2020-04-07 09:30:55.200,5127.2000,5299,0,129079400.000,0,-,-,-,-,5114.0000,5111.4000,5110.0000,5109.8000,5100.2000,5123.0000,5124.2000,5126.6000,5126.8000,5127.0000,1,1,1,5,1,2,2,1,3,1
SF,IC2005,2020-04-07 09:30:55.700,5117.2000,5299,0,130102840.000,1,0,1,多换,S,5115.6000,5114.8000,5114.2000,5114.0000,5111.4000,5118.6000,5121.6000,5121.8000,5122.0000,5122.6000,1,1,2,1,1,1,2,1,1,1
SF,IC2005,2020-04-07 09:30:56.200,5117.2000,5299,0,130102840.000,0,-,-,-,-,5115.8000,5115.6000,5115.0000,5114.8000,5114.0000,5121.6000,5121.8000,5122.4000,5122.6000,5123.0000,2,2,1,1,1,1,1,1,1,3
SF,IC2005,2020-04-07 09:30:56.700,5117.2000,5299,0,130102840.000,0,-,-,-,-,5115.6000,5114.8000,5114.0000,5111.4000,5110.0000,5118.2000,5120.4000,5120.8000,5121.4000,5121.6000,1,1,1,1,1,1,2,1,3,3
SF,IC2005,2020-04-07 09:30:57.200,5117.2000,5299,0,130102840.000,0,-,-,-,-,5115.8000,5115.6000,5114.8000,5114.0000,5111.4000,5121.6000,5122.6000,5123.0000,5123.4000,5124.2000,1,1,1,1,1,2,1,1,1,2
SF,IC2005,2020-04-07 09:30:57.700,5117.2000,5299,0,130102840.000,0,-,-,-,-,5115.8000,5115.6000,5114.8000,5114.0000,5111.4000,5121.4000,5121.6000,5122.4000,5122.6000,5123.0000,2,2,1,1,1,3,1,1,2,1
SF,IC2005,2020-04-07 09:30:58.200,5117.2000,5299,0,130102840.000,0,-,-,-,-,5115.8000,5115.6000,5114.8000,5114.0000,5111.4000,5121.4000,5121.6000,5122.6000,5123.0000,5123.4000,2,2,1,1,1,2,1,1,1,1
SF,IC2005,2020-04-07 09:30:58.700,5117.2000,5299,0,130102840.000,0,-,-,-,-,5116.2000,5116.0000,5115.8000,5115.6000,5114.8000,5123.0000,5123.4000,5124.2000,5124.4000,5124.6000,1,1,2,2,1,1,1,2,1,1
SF,IC2005,2020-04-07 09:30:59.200,5117.2000,5299,0,130102840.000,0,-,-,-,-,5117.0000,5116.4000,5116.2000,5116.0000,5115.6000,5122.8000,5123.4000,5124.2000,5124.4000,5124.6000,1,3,1,1,2,1,1,2,1,1
SF,IC2005,2020-04-07 09:30:59.700,5117.2000,5299,0,130102840.000,0,-,-,-,-,5117.2000,5116.2000,5115.6000,5114.8000,5114.0000,5122.6000,5122.8000,5124.2000,5124.4000,5124.6000,2,1,2,1,1,1,1,2,1,1
SF,IC2005,2020-04-07 09:31:00.200,5117.2000,5299,0,130102840.000,0,-,-,-,-,5117.2000,5116.2000,5115.6000,5114.8000,5114.0000,5122.4000,5122.6000,5124.2000,5124.4000,5124.6000,2,1,2,1,1,1,1,2,1,1
SF,IC2005,2020-04-07 09:31:00.700,5117.2000,5299,0,130102840.000,0,-,-,-,-,5115.6000,5114.8000,5114.0000,5111.4000,5110.0000,5119.0000,5119.8000,5121.4000,5122.0000,5122.4000,2,1,1,1,1,1,1,2,1,2
SF,IC2005,2020-04-07 09:31:01.200,5117.2000,5299,0,130102840.000,0,-,-,-,-,5115.8000,5115.6000,5114.8000,5114.0000,5111.4000,5121.4000,5121.6000,5122.0000,5122.4000,5124.2000,2,1,1,1,1,2,1,1,2,2
SF,IC2005,2020-04-07 09:31:01.700,5115.6000,5297,-2,132149400.000,2,0,2,双平,S,5114.0000,5111.4000,5110.0000,5109.8000,5100.2000,5115.6000,5120.0000,5121.2000,5121.4000,5121.6000,1,1,1,5,1,1,1,2,1,1
SF,IC2005,2020-04-07 09:31:02.200,5115.6000,5297,0,133172520.000,1,0,1,多换,S,5115.8000,5114.0000,5111.4000,5110.0000,5109.8000,5121.4000,5121.6000,5122.0000,5124.0000,5124.2000,1,1,1,1,5,1,1,1,1,2
SF,IC2005,2020-04-07 09:31:02.700,5115.6000,5297,0,133172520.000,0,-,-,-,-,5114.4000,5114.0000,5111.4000,5110.0000,5109.8000,5118.0000,5120.0000,5120.2000,5121.0000,5121.2000,1,1,1,1,5,1,1,1,1,2
SF,IC2005,2020-04-07 09:31:03.200,5115.6000,5297,0,133172520.000,0,-,-,-,-,5115.6000,5115.0000,5114.6000,5114.4000,5114.0000,5121.2000,5121.4000,5121.6000,5122.0000,5122.2000,1,1,1,1,1,1,1,1,1,1
SF,IC2005,2020-04-07 09:31:03.700,5115.6000,5297,0,133172520.000,0,-,-,-,-,5115.8000,5115.6000,5115.0000,5114.4000,5114.0000,5118.8000,5121.0000,5121.2000,5121.6000,5122.0000,1,1,1,1,1,3,1,1,1,1
SF,IC2005,2020-04-07 09:31:04.200,5118.8000,5294,-3,136243800.000,3,0,3,双平,S,5116.2000,5116.0000,5115.8000,5115.6000,5115.0000,5121.6000,5122.6000,5124.2000,5124.6000,5125.0000,1,2,1,1,1,1,1,2,1,1
SF,IC2005,2020-04-07 09:31:04.700,5118.8000,5294,0,136243800.000,0,-,-,-,-,5116.4000,5116.2000,5116.0000,5115.6000,5115.0000,5121.4000,5121.6000,5124.2000,5124.6000,5125.0000,2,1,1,2,1,1,1,2,1,1
SF,IC2005,2020-04-07 09:31:05.200,5118.8000,5294,0,136243800.000,0,-,-,-,-,5117.0000,5116.8000,5116.4000,5116.2000,5116.0000,5121.4000,5121.6000,5124.2000,5124.6000,5125.0000,1,1,2,1,1,1,1,2,1,1
SF,IC2005,2020-04-07 09:31:05.700,5117.2000,5294,0,137267240.000,1,0,1,多换,S,5116.8000,5116.4000,5116.2000,5116.0000,5115.6000,5121.2000,5121.4000,5121.6000,5124.2000,5124.6000,1,1,1,1,2,1,1,1,2,1
SF,IC2005,2020-04-07 09:31:06.200,5117.2000,5294,0,137267240.000,0,-,-,-,-,5117.4000,5117.0000,5116.8000,5116.2000,5116.0000,5121.2000,5121.6000,5124.6000,5125.0000,5125.2000,1,2,1,1,1,1,1,1,1,1
SF,IC2005,2020-04-07 09:31:06.700,5117.2000,5294,0,137267240.000,0,-,-,-,-,5117.6000,5117.4000,5117.0000,5116.8000,5116.2000,5121.2000,5121.6000,5124.6000,5125.0000,5125.2000,1,1,1,1,1,1,1,1,2,1
SF,IC2005,2020-04-07 09:31:07.700,5117.2000,5294,0,137267240.000,0,-,-,-,-,5117.6000,5117.4000,5117.0000,5116.8000,5116.2000,5121.2000,5121.6000,5124.6000,5125.0000,5125.2000,1,1,1,1,1,1,1,1,1,1
SF,IC2005,2020-04-07 09:31:08.200,5117.2000,5294,0,137267240.000,0,-,-,-,-,5117.6000,5117.0000,5116.8000,5116.2000,5116.0000,5121.2000,5121.6000,5124.6000,5125.0000,5125.2000,1,1,1,1,1,1,1,1,1,1
SF,IC2005,2020-04-07 09:31:08.700,5121.0000,5293,-1,138291440.000,1,0,1,双平,S,5117.0000,5116.8000,5116.2000,5116.0000,5115.6000,5121.2000,5121.6000,5124.6000,5125.0000,5125.2000,1,1,1,1,2,1,1,1,1,1
SF,IC2005,2020-04-07 09:31:09.200,5121.0000,5293,0,138291440.000,0,-,-,-,-,5117.4000,5117.2000,5117.0000,5116.8000,5116.2000,5121.2000,5121.6000,5124.6000,5125.0000,5125.2000,1,1,1,1,1,1,1,1,1,1
SF,IC2005,2020-04-07 09:31:09.700,5121.0000,5293,0,138291440.000,0,-,-,-,-,5117.6000,5117.4000,5117.0000,5116.8000,5116.2000,5121.2000,5121.6000,5124.6000,5125.0000,5125.2000,1,1,1,1,1,1,1,1,1,1
SF,IC2005,2020-04-07 09:31:10.200,5121.0000,5293,0,138291440.000,0,-,-,-,-,5117.6000,5117.4000,5117.0000,5116.8000,5116.2000,5121.0000,5121.2000,5121.6000,5124.6000,5125.0000,1,1,1,1,1,1,1,1,1,1
SF,IC2005,2020-04-07 09:31:10.700,5121.0000,5293,0,138291440.000,0,-,-,-,-,5117.6000,5117.4000,5117.0000,5116.8000,5116.2000,5120.8000,5121.6000,5124.6000,5125.0000,5125.2000,1,1,1,1,1,1,1,1,1,1
SF,IC2005,2020-04-07 09:31:11.200,5121.0000,5293,0,138291440.000,0,-,-,-,-,5117.6000,5117.4000,5117.0000,5116.8000,5116.2000,5120.8000,5121.6000,5124.6000,5125.0000,5125.2000,1,1,1,1,1,1,1,1,1,1
SF,IC2005,2020-04-07 09:31:11.700,5121.0000,5293,0,138291440.000,0,-,-,-,-,5117.4000,5116.8000,5116.2000,5116.0000,5115.6000,5120.6000,5120.8000,5121.6000,5124.6000,5125.0000,1,1,1,1,1,1,1,1,1,1
SF,IC2005,2020-04-07 09:31:12.200,5121.0000,5293,0,138291440.000,0,-,-,-,-,5117.4000,5116.8000,5116.2000,5116.0000,5115.6000,5120.4000,5120.6000,5121.6000,5124.6000,5125.0000,1,1,1,1,1,1,1,1,1,1
SF,IC2005,2020-04-07 09:31:12.700,5121.0000,5293,0,138291440.000,0,-,-,-,-,5117.4000,5115.6000,5115.0000,5114.4000,5114.0000,5120.2000,5120.4000,5121.6000,5124.6000,5125.0000,1,1,1,1,1,1,1,1,1,1
SF,IC2005,2020-04-07 09:31:13.200,5117.4000,5293,0,139314920.000,1,0,1,多换,S,5115.6000,5115.0000,5114.4000,5114.0000,5111.4000,5120.0000,5120.2000,5121.6000,5124.6000,5125.0000,1,1,1,1,1,1,1,1,1,1
SF,IC2005,2020-04-07 09:31:13.700,5117.4000,5293,0,139314920.000,0,-,-,-,-,5116.0000,5115.8000,5115.6000,5115.0000,5114.4000,5117.4000,5119.8000,5120.0000,5121.6000,5124.6000,1,1,1,1,1,1,1,1,1,1
SF,IC2005,2020-04-07 09:31:14.200,5117.4000,5292,-1,140338400.000,1,0,1,双平,S,5117.4000,5114.4000,5114.0000,5111.4000,5109.8000,5120.0000,5121.6000,5124.6000,5125.2000,5125.6000,1,1,1,1,5,1,1,1,1,2
SF,IC2005,2020-04-07 09:31:14.700,5117.4000,5292,0,140338400.000,0,-,-,-,-,5117.6000,5117.4000,5116.4000,5114.4000,5114.0000,5120.0000,5121.6000,5123.0000,5124.6000,5125.2000,1,1,1,1,1,1,1,1,1,1
SF,IC2005,2020-04-07 09:31:15.200,5117.4000,5292,0,140338400.000,0,-,-,-,-,5117.6000,5117.4000,5116.4000,5114.4000,5114.0000,5120.0000,5121.6000,5124.6000,5124.8000,5125.2000,1,1,1,1,1,1,1,1,1,1
SF,IC2005,2020-04-07 09:31:16.200,5117.4000,5292,0,140338400.000,0,-,-,-,-,5117.6000,5117.4000,5116.4000,5114.4000,5114.0000,5120.0000,5121.6000,5124.6000,5124.8000,5125.2000,1,1,1,1,1,1,1,1,1,1
SF,IC2005,2020-04-07 09:31:16.700,5120.0000,5292,0,141362400.000,1,0,1,多换,S,5118.0000,5117.6000,5117.4000,5116.4000,5114.4000,5121.6000,5124.6000,5124.8000,5125.2000,5125.6000,1,1,1,1,1,1,1,1,1,1
SF,IC2005,2020-04-07 09:31:17.200,5120.0000,5292,0,141362400.000,0,-,-,-,-,5118.2000,5118.0000,5117.4000,5116.4000,5114.4000,5121.6000,5124.6000,5124.8000,5125.2000,5125.6000,2,1,1,1,1,1,1,1,1,1
SF,IC2005,2020-04-07 09:31:17.700,5120.0000,5292,0,141362400.000,0,-,-,-,-,5118.6000,5118.2000,5118.0000,5117.4000,5116.4000,5121.6000,5124.6000,5124.8000,5125.2000,5125.6000,1,2,1,1,1,1,1,1,1,1
SF,IC2005,2020-04-07 09:31:18.200,5121.6000,5292,0,142386720.000,1,0,1,多换,S,5118.8000,5118.6000,5118.0000,5117.4000,5116.4000,5124.6000,5124.8000,5125.6000,5126.0000,5126.2000,2,1,1,1,1,1,1,1,1,2
SF,IC2005,2020-04-07 09:31:18.700,5121.6000,5292,0,142386720.000,0,-,-,-,-,5119.2000,5118.8000,5118.6000,5118.0000,5117.4000,5124.0000,5124.4000,5124.6000,5124.8000,5125.6000,1,3,1,1,1,1,1,1,1,1
SF,IC2005,2020-04-07 09:31:19.200,5121.6000,5292,0,142386720.000,0,-,-,-,-,5119.4000,5118.6000,5118.0000,5117.4000,5116.4000,5123.6000,5123.8000,5124.0000,5124.2000,5124.8000,1,1,1,1,1,1,3,1,1,1
SF,IC2005,2020-04-07 09:31:19.700,5121.6000,5292,0,142386720.000,0,-,-,-,-,5119.4000,5118.6000,5118.0000,5117.4000,5116.4000,5123.4000,5123.6000,5123.8000,5124.0000,5124.2000,1,1,1,1,1,1,1,1,1,1
SF,IC2005,2020-04-07 09:31:20.200,5121.6000,5292,0,142386720.000,0,-,-,-,-,5119.4000,5118.0000,5117.4000,5116.4000,5114.0000,5123.0000,5123.4000,5123.6000,5124.0000,5124.2000,1,1,1,1,1,1,1,1,1,1
SF,IC2005,2020-04-07 09:31:20.700,5121.6000,5292,0,142386720.000,0,-,-,-,-,5121.6000,5118.0000,5117.4000,5116.4000,5114.0000,5122.8000,5123.0000,5123.6000,5124.2000,5124.8000,1,1,1,1,1,1,1,1,1,1
SF,IC2005,2020-04-07 09:31:21.200,5121.6000,5292,0,143411040.000,1,0,1,多换,S,5116.4000,5114.0000,5111.4000,5109.8000,5100.0000,5121.4000,5121.8000,5122.4000,5122.8000,5123.0000,1,1,1,5,1,2,1,1,1,1
SF,IC2005,2020-04-07 09:31:21.700,5121.6000,5292,0,143411040.000,0,-,-,-,-,5116.6000,5116.4000,5114.0000,5111.4000,5109.8000,5121.2000,5122.4000,5122.8000,5123.0000,5123.6000,1,1,1,1,5,1,1,1,1,1
SF,IC2005,2020-04-07 09:31:22.200,5121.6000,5292,0,143411040.000,0,-,-,-,-,5116.6000,5114.0000,5111.4000,5109.8000,5100.0000,5121.2000,5122.4000,5122.8000,5123.0000,5123.6000,1,1,1,5,1,1,1,1,1,1
SF,IC2005,2020-04-07 09:31:22.700,5121.6000,5292,0,143411040.000,0,-,-,-,-,5116.6000,5114.0000,5111.4000,5109.8000,5100.0000,5121.0000,5121.2000,5122.4000,5122.8000,5123.0000,1,1,1,5,1,1,1,1,1,1
SF,IC2005,2020-04-07 09:31:23.200,5121.6000,5292,0,143411040.000,0,-,-,-,-,5116.8000,5116.6000,5114.0000,5111.4000,5109.8000,5120.8000,5121.0000,5122.4000,5122.8000,5123.0000,1,1,1,1,5,1,1,1,1,1
SF,IC2005,2020-04-07 09:31:23.700,5117.0000,5291,-1,144434440.000,1,0,1,双平,S,5116.8000,5114.0000,5111.4000,5109.8000,5100.0000,5120.8000,5121.0000,5122.4000,5122.8000,5123.0000,1,1,1,5,1,1,1,1,1,1
SF,IC2005,2020-04-07 09:31:24.200,5117.0000,5291,0,144434440.000,0,-,-,-,-,5117.0000,5116.8000,5114.0000,5111.4000,5109.8000,5120.6000,5120.8000,5122.4000,5122.8000,5123.0000,1,1,1,1,5,1,1,1,1,1
SF,IC2005,2020-04-07 09:31:24.700,5117.0000,5291,0,144434440.000,0,-,-,-,-,5117.2000,5117.0000,5114.0000,5111.4000,5109.8000,5120.8000,5122.4000,5122.8000,5123.0000,5123.6000,2,2,1,1,5,1,1,1,1,1
SF,IC2005,2020-04-07 09:31:25.200,5117.0000,5291,0,144434440.000,0,-,-,-,-,5117.4000,5117.2000,5114.0000,5111.4000,5109.8000,5120.8000,5122.4000,5122.8000,5123.0000,5123.6000,1,1,1,1,5,1,1,1,1,1
SF,IC2005,2020-04-07 09:31:25.700,5117.0000,5291,0,144434440.000,0,-,-,-,-,5117.6000,5117.4000,5114.0000,5111.4000,5109.8000,5122.4000,5122.8000,5123.0000,5123.6000,5124.8000,1,1,1,1,5,1,1,1,1,2
SF,IC2005,2020-04-07 09:31:26.200,5117.0000,5291,0,144434440.000,0,-,-,-,-,5117.6000,5114.0000,5111.4000,5109.8000,5100.0000,5122.2000,5122.4000,5122.8000,5123.0000,5123.6000,1,1,1,5,1,1,1,1,1,1
SF,IC2005,2020-04-07 09:31:26.700,5117.0000,5291,0,144434440.000,0,-,-,-,-,5117.6000,5114.0000,5111.4000,5109.8000,5100.0000,5122.2000,5122.4000,5122.8000,5123.0000,5123.6000,1,1,1,5,1,1,2,1,1,1
SF,IC2005,2020-04-07 09:31:27.200,5117.0000,5291,0,144434440.000,0,-,-,-,-,5117.6000,5114.0000,5111.4000,5109.8000,5100.0000,5121.8000,5122.2000,5122.4000,5122.8000,5123.0000,1,1,1,5,1,1,1,1,1,1
SF,IC2005,2020-04-07 09:31:27.700,5117.0000,5291,0,144434440.000,0,-,-,-,-,5117.6000,5114.0000,5111.4000,5109.8000,5100.0000,5121.6000,5121.8000,5122.4000,5122.8000,5123.0000,1,1,1,5,1,1,1,2,1,1
SF,IC2005,2020-04-07 09:31:28.200,5117.0000,5291,0,144434440.000,0,-,-,-,-,5117.6000,5114.0000,5111.4000,5109.8000,5100.0000,5121.6000,5121.8000,5122.4000,5122.8000,5123.0000,1,1,1,5,1,1,1,2,1,1
SF,IC2005,2020-04-07 09:31:28.700,5117.0000,5291,0,144434440.000,0,-,-,-,-,5117.6000,5114.0000,5111.4000,5110.0000,5109.8000,5121.2000,5121.6000,5121.8000,5122.4000,5122.8000,1,1,1,1,5,1,1,1,2,1
SF,IC2005,2020-04-07 09:31:29.200,5117.0000,5291,0,144434440.000,0,-,-,-,-,5117.6000,5114.0000,5111.4000,5110.0000,5109.8000,5121.0000,5121.8000,5122.4000,5122.8000,5123.6000,1,1,1,1,5,1,1,1,1,1
SF,IC2005,2020-04-07 09:31:29.700,5117.6000,5291,0,145457960.000,1,0,1,多换,S,5114.0000,5111.4000,5110.0000,5109.8000,5100.0000,5120.8000,5121.0000,5121.8000,5122.4000,5122.8000,1,1,1,5,1,1,1,1,1,1
SF,IC2005,2020-04-07 09:31:30.200,5117.6000,5291,0,145457960.000,0,-,-,-,-,5115.6000,5115.0000,5114.4000,5114.2000,5114.0000,5120.6000,5120.8000,5121.8000,5122.4000,5122.8000,1,1,2,5,1,1,1,1,1,1
SF,IC2005,2020-04-07 09:31:30.700,5117.6000,5291,0,145457960.000,0,-,-,-,-,5117.0000,5116.0000,5115.8000,5115.6000,5115.0000,5120.4000,5121.8000,5122.4000,5122.8000,5123.8000,1,2,4,1,1,1,1,1,1,1
SF,IC2005,2020-04-07 09:31:31.200,5120.4000,5291,0,146482040.000,1,0,1,多换,S,5117.4000,5117.2000,5117.0000,5116.0000,5115.8000,5121.8000,5122.4000,5122.8000,5123.8000,5124.8000,1,2,1,2,3,1,1,1,1,2
SF,IC2005,2020-04-07 09:31:31.700,5120.4000,5291,0,146482040.000,0,-,-,-,-,5117.6000,5117.4000,5117.0000,5116.0000,5115.8000,5122.4000,5122.8000,5123.8000,5124.8000,5125.2000,2,1,1,2,3,1,1,1,2,1
SF,IC2005,2020-04-07 09:31:32.700,5120.4000,5291,0,146482040.000,0,-,-,-,-,5118.0000,5117.6000,5117.4000,5117.0000,5116.0000,5122.8000,5124.8000,5125.2000,5125.8000,5127.2000,1,2,1,1,2,1,2,1,1,1
SF,IC2005,2020-04-07 09:31:33.200,5120.4000,5291,0,146482040.000,0,-,-,-,-,5118.2000,5118.0000,5117.4000,5117.0000,5116.0000,5124.8000,5125.8000,5127.2000,5129.2000,5130.2000,2,1,1,1,2,2,1,1,1,4
SF,IC2005,2020-04-07 09:31:33.700,5120.4000,5291,0,146482040.000,0,-,-,-,-,5118.6000,5118.2000,5118.0000,5117.4000,5117.0000,5124.6000,5124.8000,5127.2000,5129.2000,5130.2000,1,2,1,1,1,3,2,1,1,4
SF,IC2005,2020-04-07 09:31:34.200,5120.4000,5291,0,146482040.000,0,-,-,-,-,5118.8000,5118.6000,5118.0000,5117.4000,5117.0000,5124.0000,5124.2000,5124.4000,5124.6000,5124.8000,2,1,1,1,1,1,2,1,3,2
SF,IC2005,2020-04-07 09:31:34.700,5120.4000,5291,0,146482040.000,0,-,-,-,-,5118.8000,5118.6000,5118.0000,5117.4000,5117.0000,5123.6000,5123.8000,5124.0000,5124.2000,5124.4000,2,1,1,1,1,2,4,1,2,1
SF,IC2005,2020-04-07 09:31:35.200,5120.4000,5291,0,146482040.000,0,-,-,-,-,5118.8000,5118.0000,5117.4000,5117.0000,5116.0000,5123.4000,5123.6000,5124.2000,5124.4000,5124.6000,2,1,1,1,2,2,1,2,1,1
SF,IC2005,2020-04-07 09:31:35.700,5120.4000,5291,0,146482040.000,0,-,-,-,-,5118.8000,5118.0000,5117.4000,5117.0000,5116.0000,5123.0000,5123.4000,5123.6000,5123.8000,5124.2000,2,1,1,1,2,1,2,1,1,2
SF,IC2005,2020-04-07 09:31:36.200,5120.4000,5291,0,146482040.000,0,-,-,-,-,5118.8000,5118.0000,5117.4000,5117.0000,5116.0000,5123.4000,5123.8000,5124.2000,5124.6000,5124.8000,2,1,1,1,3,1,1,2,1,2
SF,IC2005,2020-04-07 09:31:36.700,5120.4000,5291,0,146482040.000,0,-,-,-,-,5119.2000,5118.8000,5118.0000,5117.4000,5117.0000,5124.2000,5124.8000,5127.2000,5129.2000,5130.2000,1,2,1,1,1,2,2,1,1,4
SF,IC2005,2020-04-07 09:31:37.200,5120.4000,5291,0,146482040.000,0,-,-,-,-,5119.4000,5118.8000,5118.0000,5117.4000,5117.0000,5124.0000,5124.2000,5124.8000,5127.2000,5129.2000,1,1,1,1,1,1,2,2,1,1
SF,IC2005,2020-04-07 09:31:37.700,5120.4000,5291,0,146482040.000,0,-,-,-,-,5118.0000,5117.4000,5117.0000,5116.0000,5115.8000,5121.4000,5123.2000,5123.6000,5124.0000,5124.2000,1,1,1,3,3,1,1,2,3,2
SF,IC2005,2020-04-07 09:31:38.200,5120.4000,5291,0,146482040.000,0,-,-,-,-,5118.0000,5117.4000,5117.0000,5116.0000,5115.8000,5123.2000,5123.6000,5123.8000,5124.0000,5124.2000,1,1,1,3,3,1,2,2,4,2
SF,IC2005,2020-04-07 09:31:38.700,5118.0000,5290,-1,147505640.000,1,0,1,双平,S,5117.4000,5117.0000,5116.0000,5115.8000,5115.6000,5123.0000,5123.2000,5123.6000,5123.8000,5124.0000,1,1,3,3,1,3,1,2,2,2
SF,IC2005,2020-04-07 09:31:39.200,5118.0000,5290,0,147505640.000,0,-,-,-,-,5116.0000,5115.6000,5115.0000,5114.2000,5114.0000,5119.8000,5122.4000,5122.6000,5123.0000,5123.2000,1,1,1,3,1,1,1,1,3,1
SF,IC2005,2020-04-07 09:31:39.700,5118.0000,5290,0,147505640.000,0,-,-,-,-,5116.2000,5116.0000,5115.6000,5115.0000,5114.2000,5122.4000,5122.6000,5123.0000,5123.2000,5123.6000,1,1,1,1,3,2,1,3,1,2
SF,IC2005,2020-04-07 09:31:40.200,5118.0000,5290,0,147505640.000,0,-,-,-,-,5116.2000,5116.0000,5115.6000,5115.0000,5114.2000,5122.2000,5122.4000,5122.6000,5123.0000,5123.2000,1,1,1,1,3,2,2,1,1,1
SF,IC2005,2020-04-07 09:31:40.700,5118.0000,5290,0,147505640.000,0,-,-,-,-,5116.2000,5116.0000,5115.6000,5115.0000,5114.2000,5121.8000,5122.2000,5122.4000,5122.6000,5123.0000,1,1,1,1,3,1,2,2,2,1
SF,IC2005,2020-04-07 09:31:41.200,5118.0000,5290,0,147505640.000,0,-,-,-,-,5116.6000,5116.2000,5116.0000,5115.6000,5115.0000,5121.6000,5121.8000,5122.2000,5122.4000,5122.6000,1,1,1,1,1,1,1,1,1,2
SF,IC2005,2020-04-07 09:31:41.700,5118.0000,5290,0,147505640.000,0,-,-,-,-,5118.2000,5117.0000,5116.8000,5116.6000,5116.0000,5121.4000,5121.6000,5121.8000,5122.2000,5122.4000,1,1,2,1,1,1,1,1,1,1
SF,IC2005,2020-04-07 09:31:42.200,5118.0000,5290,0,147505640.000,0,-,-,-,-,5118.4000,5118.2000,5116.8000,5116.6000,5116.0000,5121.2000,5121.4000,5121.8000,5122.2000,5122.4000,1,1,2,1,1,1,1,1,1,1
SF,IC2005,2020-04-07 09:31:42.700,5118.0000,5290,0,147505640.000,0,-,-,-,-,5118.6000,5118.4000,5116.8000,5116.6000,5116.0000,5121.4000,5121.8000,5122.2000,5122.4000,5122.6000,1,1,1,1,1,1,1,1,1,1
SF,IC2005,2020-04-07 09:31:43.200,5118.0000,5291,1,148529240.000,1,1,0,双开,S,5118.6000,5116.8000,5116.6000,5116.0000,5115.6000,5121.2000,5122.2000,5122.4000,5122.6000,5123.6000,1,1,1,1,1,1,1,1,1,2
SF,IC2005,2020-04-07 09:31:43.700,5118.0000,5291,0,148529240.000,0,-,-,-,-,5119.4000,5118.6000,5116.8000,5116.6000,5116.0000,5121.2000,5122.2000,5122.4000,5122.6000,5123.6000,1,1,1,1,1,1,1,1,1,1
SF,IC2005,2020-04-07 09:31:44.200,5118.0000,5291,0,148529240.000,0,-,-,-,-,5119.4000,5118.6000,5116.6000,5116.0000,5115.6000,5122.2000,5122.4000,5123.6000,5124.2000,5124.8000,1,1,1,1,1,1,1,1,1,2
SF,IC2005,2020-04-07 09:31:44.700,5118.0000,5291,0,148529240.000,0,-,-,-,-,5119.4000,5118.6000,5116.6000,5116.0000,5115.6000,5122.0000,5122.4000,5123.6000,5124.2000,5124.8000,1,1,1,1,1,1,1,1,1,2
SF,IC2005,2020-04-07 09:31:45.200,5118.0000,5291,0,148529240.000,0,-,-,-,-,5119.4000,5118.6000,5116.6000,5116.0000,5115.6000,5122.0000,5123.6000,5124.2000,5124.8000,5125.4000,1,1,1,1,1,1,1,1,2,1
SF,IC2005,2020-04-07 09:31:45.700,5118.0000,5291,0,148529240.000,0,-,-,-,-,5119.4000,5118.6000,5116.6000,5116.0000,5115.6000,5122.0000,5123.6000,5124.2000,5124.8000,5125.4000,1,1,1,1,1,1,1,1,2,1
SF,IC2005,2020-04-07 09:31:46.200,5118.4000,5291,0,149552920.000,1,0,1,多换,S,5118.6000,5116.6000,5116.0000,5115.6000,5115.0000,5122.0000,5123.6000,5124.2000,5124.8000,5125.4000,1,1,1,1,1,1,1,1,2,1
SF,IC2005,2020-04-07 09:31:47.200,5122.0000,5292,1,150577320.000,1,1,0,双开,S,5122.0000,5118.6000,5116.6000,5116.0000,5115.6000,5123.6000,5124.2000,5124.8000,5125.4000,5126.2000,19,1,1,1,1,1,1,2,1,2
SF,IC2005,2020-04-07 09:31:47.700,5122.0000,5292,0,165943320.000,15,7,8,多换,S,5122.0000,5116.6000,5116.0000,5115.6000,5115.0000,5122.4000,5123.0000,5123.6000,5123.8000,5124.2000,4,1,1,1,1,1,1,1,1,1
SF,IC2005,2020-04-07 09:31:48.200,5122.0000,5292,0,170040920.000,4,2,2,多换,S,5118.4000,5116.6000,5116.0000,5115.6000,5115.0000,5122.0000,5123.0000,5123.6000,5123.8000,5124.2000,1,1,1,1,1,6,1,1,1,1
SF,IC2005,2020-04-07 09:31:48.700,5122.0000,5292,0,170040920.000,0,-,-,-,-,5118.4000,5116.6000,5116.0000,5115.6000,5115.0000,5121.8000,5122.0000,5123.0000,5123.6000,5123.8000,1,1,1,1,1,1,6,1,1,1
SF,IC2005,2020-04-07 09:31:49.200,5122.0000,5292,0,170040920.000,0,-,-,-,-,5118.4000,5116.6000,5116.0000,5115.6000,5115.0000,5121.8000,5122.0000,5123.0000,5123.6000,5123.8000,1,1,1,1,1,1,7,1,1,1
SF,IC2005,2020-04-07 09:31:49.700,5122.0000,5292,0,170040920.000,0,-,-,-,-,5118.4000,5116.6000,5116.0000,5115.6000,5115.0000,5121.6000,5121.8000,5122.0000,5123.0000,5123.6000,1,1,1,1,1,1,1,1,1,1
SF,IC2005,2020-04-07 09:31:50.200,5118.4000,5292,0,171064600.000,1,0,1,多换,S,5116.6000,5116.0000,5115.6000,5115.0000,5114.2000,5121.6000,5121.8000,5122.0000,5123.0000,5123.6000,1,1,1,1,3,1,1,1,1,1
SF,IC2005,2020-04-07 09:31:50.700,5118.4000,5292,0,171064600.000,0,-,-,-,-,5117.4000,5117.0000,5116.8000,5116.6000,5116.0000,5121.8000,5122.0000,5123.0000,5123.6000,5123.8000,1,1,2,1,1,1,1,1,1,1
SF,IC2005,2020-04-07 09:31:51.200,5118.4000,5292,0,171064600.000,0,-,-,-,-,5117.6000,5117.4000,5117.2000,5117.0000,5116.6000,5121.4000,5121.8000,5122.0000,5123.0000,5123.6000,2,1,1,1,1,1,1,1,1,1
SF,IC2005,2020-04-07 09:31:51.700,5118.4000,5292,0,171064600.000,0,-,-,-,-,5117.6000,5117.4000,5116.6000,5116.0000,5115.6000,5121.4000,5121.8000,5122.0000,5123.0000,5123.6000,2,1,1,1,1,1,1,1,1,1
SF,IC2005,2020-04-07 09:31:52.200,5118.4000,5292,0,171064600.000,0,-,-,-,-,5117.6000,5117.4000,5116.6000,5116.0000,5115.6000,5121.4000,5121.8000,5122.0000,5123.0000,5123.6000,1,1,1,1,1,1,1,1,1,1
SF,IC2005,2020-04-07 09:31:54.200,5118.4000,5292,0,171064600.000,0,-,-,-,-,5117.6000,5116.0000,5115.6000,5115.0000,5114.2000,5121.0000,5121.4000,5121.6000,5121.8000,5122.0000,1,1,1,1,3,1,1,1,1,1
SF,IC2005,2020-04-07 09:31:54.700,5118.4000,5292,0,171064600.000,0,-,-,-,-,5116.0000,5115.6000,5115.0000,5114.2000,5114.0000,5120.8000,5121.0000,5121.6000,5122.0000,5123.6000,1,1,1,3,1,2,1,1,1,1
SF,IC2005,2020-04-07 09:31:55.200,5118.4000,5292,0,171064600.000,0,-,-,-,-,5116.2000,5116.0000,5115.6000,5115.0000,5114.2000,5120.4000,5120.8000,5121.0000,5121.6000,5122.0000,2,1,1,1,3,1,3,1,1,1
SF,IC2005,2020-04-07 09:31:55.700,5118.4000,5292,0,171064600.000,0,-,-,-,-,5116.2000,5116.0000,5115.6000,5115.0000,5114.2000,5120.8000,5121.6000,5122.0000,5123.6000,5124.6000,3,1,1,1,3,2,1,1,1,1
SF,IC2005,2020-04-07 09:31:56.200,5118.4000,5292,0,171064600.000,0,-,-,-,-,5116.4000,5116.2000,5116.0000,5115.6000,5115.0000,5120.8000,5121.6000,5122.0000,5122.2000,5123.6000,1,3,1,1,1,1,1,1,1,1
SF,IC2005,2020-04-07 09:31:56.700,5118.4000,5292,0,171064600.000,0,-,-,-,-,5116.6000,5116.4000,5116.2000,5116.0000,5115.6000,5120.8000,5122.0000,5122.2000,5123.6000,5124.6000,3,1,1,1,1,1,1,1,1,1
SF,IC2005,2020-04-07 09:31:57.200,5118.4000,5292,0,171064600.000,0,-,-,-,-,5118.6000,5117.4000,5117.0000,5116.8000,5116.6000,5122.0000,5122.2000,5123.6000,5124.6000,5124.8000,1,1,3,2,3,1,1,1,1,2
SF,IC2005,2020-04-07 09:31:57.700,5118.4000,5292,0,171064600.000,0,-,-,-,-,5118.8000,5117.4000,5117.0000,5116.8000,5116.6000,5122.0000,5123.6000,5124.6000,5124.8000,5125.2000,2,1,3,3,2,1,1,1,2,1
SF,IC2005,2020-04-07 09:31:58.200,5118.4000,5292,0,171064600.000,0,-,-,-,-,5118.8000,5117.4000,5117.0000,5116.8000,5116.6000,5122.0000,5123.6000,5124.8000,5125.2000,5127.2000,2,1,3,1,2,1,1,2,1,1
SF,IC2005,2020-04-07 09:31:58.700,5118.4000,5292,0,171064600.000,0,-,-,-,-,5118.8000,5117.4000,5117.0000,5116.8000,5116.6000,5121.8000,5122.0000,5123.6000,5124.8000,5125.2000,1,1,3,1,2,1,1,1,2,1
SF,IC2005,2020-04-07 09:31:59.200,5118.4000,5292,0,171064600.000,0,-,-,-,-,5118.8000,5117.4000,5117.0000,5116.8000,5116.6000,5121.8000,5122.0000,5123.6000,5124.8000,5125.2000,1,1,3,1,2,1,1,1,3,1
SF,IC2005,2020-04-07 09:31:59.700,5118.4000,5292,0,171064600.000,0,-,-,-,-,5119.0000,5118.8000,5117.0000,5116.8000,5116.6000,5122.0000,5123.6000,5124.8000,5125.2000,5127.2000,1,1,3,1,2,1,1,3,1,1
SF,IC2005,2020-04-07 09:32:00.200,5122.0000,5292,0,172089000.000,1,0,1,多换,S,5119.2000,5119.0000,5118.8000,5117.0000,5116.8000,5123.6000,5124.8000,5125.2000,5127.2000,5129.0000,2,1,1,3,1,1,3,1,1,1
SF,IC2005,2020-04-07 09:32:00.700,5122.0000,5292,0,172089000.000,0,-,-,-,-,5119.4000,5119.2000,5118.8000,5117.0000,5116.8000,5123.4000,5123.6000,5123.8000,5124.8000,5125.2000,1,2,1,3,1,1,1,1,3,1
SF,IC2005,2020-04-07 09:32:01.200,5122.0000,5292,0,172089000.000,0,-,-,-,-,5119.6000,5119.4000,5119.2000,5118.8000,5117.0000,5124.8000,5125.2000,5127.2000,5129.0000,5129.6000,1,1,1,1,2,2,1,1,1,1
SF,IC2005,2020-04-07 09:32:01.700,5122.0000,5292,0,172089000.000,0,-,-,-,-,5119.6000,5119.2000,5118.8000,5117.0000,5116.8000,5124.0000,5124.4000,5124.6000,5124.8000,5127.2000,1,1,1,2,1,1,1,2,2,1
SF,IC2005,2020-04-07 09:32:02.200,5122.0000,5292,0,172089000.000,0,-,-,-,-,5119.6000,5119.2000,5118.8000,5117.0000,5116.8000,5123.6000,5123.8000,5124.0000,5124.6000,5124.8000,1,1,1,2,1,1,2,2,1,2
SF,IC2005,2020-04-07 09:32:02.700,5122.0000,5292,0,172089000.000,0,-,-,-,-,5119.6000,5119.2000,5118.8000,5117.0000,5116.8000,5123.4000,5123.6000,5123.8000,5124.0000,5124.8000,1,1,1,2,1,2,1,4,2,2
SF,IC2005,2020-04-07 09:32:03.200,5122.0000,5292,0,172089000.000,0,-,-,-,-,5119.8000,5119.6000,5117.0000,5116.8000,5116.6000,5123.4000,5123.6000,5123.8000,5124.0000,5124.8000,1,1,2,1,1,2,1,3,2,2
SF,IC2005,2020-04-07 09:32:03.700,5122.0000,5292,0,172089000.000,0,-,-,-,-,5123.0000,5121.8000,5120.2000,5120.0000,5119.8000,5123.8000,5124.0000,5124.8000,5125.2000,5127.2000,2,1,1,1,1,3,2,2,1,1
SF,IC2005,2020-04-07 09:32:04.200,5123.0000,5290,-2,174138200.000,2,0,2,双平,S,5120.0000,5119.8000,5119.6000,5117.0000,5116.0000,5124.0000,5124.8000,5127.2000,5129.0000,5129.6000,1,1,1,1,1,1,2,1,1,1
SF,IC2005,2020-04-07 09:32:04.700,5123.0000,5290,0,174138200.000,0,-,-,-,-,5120.2000,5119.6000,5117.0000,5116.0000,5115.6000,5124.0000,5124.8000,5127.2000,5129.0000,5129.6000,2,1,1,1,1,2,2,1,1,1
SF,IC2005,2020-04-07 09:32:05.200,5123.0000,5290,0,174138200.000,0,-,-,-,-,5120.2000,5119.6000,5117.0000,5116.0000,5115.6000,5123.8000,5124.0000,5124.8000,5125.2000,5127.2000,2,1,1,1,1,1,2,2,1,1
SF,IC2005,2020-04-07 09:32:05.700,5123.0000,5290,0,174138200.000,0,-,-,-,-,5120.2000,5119.6000,5117.0000,5116.0000,5115.6000,5123.8000,5124.0000,5124.8000,5125.2000,5127.2000,2,1,1,1,1,1,1,2,1,1
SF,IC2005,2020-04-07 09:32:06.200,5123.0000,5290,0,174138200.000,0,-,-,-,-,5120.4000,5120.2000,5119.6000,5117.0000,5116.0000,5124.8000,5125.2000,5127.2000,5129.0000,5129.6000,1,2,1,1,1,2,1,1,1,1
SF,IC2005,2020-04-07 09:32:06.700,5123.0000,5290,0,174138200.000,0,-,-,-,-,5120.6000,5120.4000,5120.2000,5115.6000,5115.0000,5124.8000,5127.2000,5129.0000,5129.6000,5130.0000,3,2,1,1,1,2,1,1,1,1
SF,IC2005,2020-04-07 09:32:07.200,5123.0000,5290,0,174138200.000,0,-,-,-,-,5122.6000,5121.4000,5120.8000,5120.6000,5120.4000,5124.8000,5127.2000,5129.0000,5129.6000,5130.0000,1,2,1,3,2,2,1,1,1,1
SF,IC2005,2020-04-07 09:32:07.700,5124.8000,5288,-2,177212400.000,3,0,3,多平,S,5122.8000,5121.4000,5121.2000,5121.0000,5120.8000,5127.2000,5129.6000,5130.0000,5130.2000,5132.6000,1,1,1,1,2,1,1,1,4,1
SF,IC2005,2020-04-07 09:32:08.200,5124.8000,5288,0,177212400.000,0,-,-,-,-,5123.0000,5122.8000,5121.4000,5121.2000,5121.0000,5125.8000,5127.0000,5127.2000,5129.6000,5130.0000,1,1,1,1,1,1,1,3,1,1
SF,IC2005,2020-04-07 09:32:08.700,5124.8000,5288,0,177212400.000,0,-,-,-,-,5123.2000,5123.0000,5121.4000,5121.2000,5121.0000,5127.2000,5129.6000,5130.0000,5130.2000,5132.6000,1,1,1,1,1,1,1,1,4,1
SF,IC2005,2020-04-07 09:32:09.200,5124.8000,5288,0,177212400.000,0,-,-,-,-,5123.4000,5121.4000,5121.2000,5121.0000,5120.8000,5126.0000,5127.0000,5127.2000,5129.6000,5130.0000,1,1,1,1,2,1,1,1,1,1
SF,IC2005,2020-04-07 09:32:10.200,5124.8000,5288,0,177212400.000,0,-,-,-,-,5123.8000,5123.4000,5121.4000,5121.2000,5121.0000,5127.0000,5127.2000,5129.6000,5130.0000,5130.2000,1,1,1,1,1,1,1,1,1,4
SF,IC2005,2020-04-07 09:32:10.700,5124.8000,5288,0,177212400.000,0,-,-,-,-,5124.0000,5121.4000,5121.2000,5121.0000,5120.8000,5125.0000,5126.0000,5127.0000,5127.2000,5129.6000,1,1,1,1,2,1,1,1,1,1
SF,IC2005,2020-04-07 09:32:11.200,5125.0000,5287,-1,178237400.000,1,0,1,双平,S,5125.2000,5123.8000,5123.0000,5121.4000,5121.2000,5127.2000,5129.6000,5130.0000,5130.2000,5132.6000,2,1,1,6,1,1,1,1,4,1
SF,IC2005,2020-04-07 09:32:11.700,5125.0000,5285,-2,180287400.000,2,0,2,双平,S,5123.0000,5115.6000,5114.2000,5114.0000,5111.4000,5124.8000,5125.0000,5125.6000,5125.8000,5126.0000,1,5,3,1,1,1,5,1,1,1
SF,IC2005,2020-04-07 09:32:12.200,5125.0000,5285,0,180287400.000,0,-,-,-,-,5123.0000,5115.6000,5114.2000,5114.0000,5111.4000,5125.0000,5126.2000,5126.8000,5127.0000,5127.2000,1,5,3,1,1,1,1,1,2,4
SF,IC2005,2020-04-07 09:32:12.700,5125.0000,5285,0,180287400.000,0,-,-,-,-,5123.0000,5115.6000,5114.2000,5114.0000,5111.4000,5125.0000,5126.8000,5127.0000,5127.2000,5129.6000,1,5,3,1,1,2,1,2,3,1
SF,IC2005,2020-04-07 09:32:13.200,5125.0000,5285,0,180287400.000,0,-,-,-,-,5123.0000,5115.6000,5114.2000,5114.0000,5111.4000,5124.0000,5124.8000,5125.0000,5126.8000,5127.0000,1,5,3,1,1,1,1,2,1,1
SF,IC2005,2020-04-07 09:32:13.700,5125.0000,5285,0,180287400.000,0,-,-,-,-,5123.0000,5115.6000,5114.2000,5114.0000,5111.4000,5124.8000,5125.0000,5126.8000,5127.0000,5127.2000,1,5,3,1,1,1,2,1,1,3
SF,IC2005,2020-04-07 09:32:14.200,5125.0000,5285,0,180287400.000,0,-,-,-,-,5123.0000,5115.6000,5114.2000,5114.0000,5111.4000,5124.8000,5125.0000,5126.8000,5127.0000,5127.2000,1,5,3,1,1,1,2,2,1,3
SF,IC2005,2020-04-07 09:32:14.700,5125.0000,5285,0,180287400.000,0,-,-,-,-,5123.0000,5115.6000,5114.2000,5114.0000,5111.4000,5124.8000,5125.0000,5126.8000,5127.0000,5127.2000,1,5,3,1,1,1,2,2,1,3
SF,IC2005,2020-04-07 09:32:15.200,5123.0000,5285,0,181312000.000,1,0,1,多换,S,5115.6000,5114.2000,5114.0000,5111.4000,5100.0000,5122.8000,5123.2000,5124.0000,5124.4000,5124.8000,5,3,1,1,1,1,1,1,2,1
SF,IC2005,2020-04-07 09:32:15.700,5123.0000,5285,0,181312000.000,0,-,-,-,-,5120.4000,5118.4000,5118.2000,5117.8000,5117.0000,5123.0000,5124.0000,5124.4000,5125.0000,5126.8000,1,1,1,1,1,1,2,1,2,2
SF,IC2005,2020-04-07 09:32:16.200,5123.0000,5285,0,182336600.000,1,0,1,多换,S,5123.2000,5123.0000,5122.8000,5121.6000,5121.4000,5125.0000,5127.0000,5127.2000,5128.8000,5129.6000,1,1,1,1,1,2,1,2,1,1
SF,IC2005,2020-04-07 09:32:16.700,5123.0000,5285,0,182336600.000,0,-,-,-,-,5120.6000,5120.4000,5116.2000,5115.8000,5115.6000,5124.8000,5125.0000,5127.0000,5128.8000,5129.6000,1,2,1,8,7,1,2,1,1,1
SF,IC2005,2020-04-07 09:32:17.200,5123.0000,5285,0,182336600.000,0,-,-,-,-,5121.4000,5120.6000,5120.4000,5116.2000,5115.8000,5123.2000,5125.0000,5127.0000,5128.8000,5129.6000,1,1,3,1,8,1,1,1,1,1
SF,IC2005,2020-04-07 09:32:17.700,5121.4000,5285,0,183360880.000,1,0,1,多换,S,5120.6000,5116.2000,5115.8000,5115.6000,5114.2000,5121.0000,5122.2000,5124.4000,5124.6000,5125.0000,1,1,7,7,3,1,1,3,1,1
SF,IC2005,2020-04-07 09:32:18.200,5121.0000,5285,0,184385080.000,1,0,1,多换,S,5123.2000,5121.2000,5121.0000,5116.2000,5115.8000,5124.6000,5125.0000,5128.8000,5129.6000,5129.8000,1,1,1,1,7,1,1,1,1,1
SF,IC2005,2020-04-07 09:32:18.700,5121.0000,5285,0,184385080.000,0,-,-,-,-,5123.2000,5120.8000,5120.4000,5116.2000,5115.8000,5124.0000,5124.4000,5125.0000,5128.8000,5129.6000,1,1,1,1,7,1,1,1,1,1
SF,IC2005,2020-04-07 09:32:19.200,5123.2000,5285,0,185409720.000,1,0,1,多换,S,5120.8000,5120.4000,5116.2000,5115.8000,5115.6000,5123.8000,5125.0000,5128.8000,5129.6000,5129.8000,1,1,1,7,7,1,1,1,1,1
SF,IC2005,2020-04-07 09:32:19.700,5123.2000,5285,0,185409720.000,0,-,-,-,-,5116.2000,5115.8000,5115.6000,5114.2000,5114.0000,5125.0000,5128.8000,5129.6000,5129.8000,5130.2000,1,7,7,3,1,1,1,1,1,4
SF,IC2005,2020-04-07 09:32:20.200,5123.2000,5285,0,185409720.000,0,-,-,-,-,5120.2000,5118.2000,5117.2000,5117.0000,5116.8000,5124.8000,5125.0000,5128.8000,5129.6000,5129.8000,1,2,1,2,1,1,1,1,1,1
SF,IC2005,2020-04-07 09:32:20.700,5123.2000,5285,0,185409720.000,0,-,-,-,-,5121.4000,5120.6000,5120.4000,5120.2000,5118.2000,5124.8000,5125.0000,5128.6000,5128.8000,5129.6000,1,1,3,1,2,1,1,2,1,1
SF,IC2005,2020-04-07 09:32:21.200,5123.2000,5285,0,185409720.000,0,-,-,-,-,5120.4000,5120.2000,5118.2000,5117.2000,5117.0000,5124.8000,5125.0000,5126.0000,5128.6000,5128.8000,1,1,2,1,1,1,1,1,2,1
SF,IC2005,2020-04-07 09:32:21.700,5123.2000,5285,0,185409720.000,0,-,-,-,-,5120.4000,5120.2000,5118.2000,5117.2000,5117.0000,5124.6000,5124.8000,5125.0000,5126.0000,5128.6000,1,1,2,1,1,1,1,1,1,2
SF,IC2005,2020-04-07 09:32:22.200,5123.2000,5285,0,185409720.000,0,-,-,-,-,5120.6000,5120.4000,5120.2000,5118.2000,5117.2000,5124.8000,5125.0000,5126.0000,5128.6000,5128.8000,1,1,1,2,1,1,2,1,2,1
SF,IC2005,2020-04-07 09:32:22.700,5123.2000,5285,0,185409720.000,0,-,-,-,-,5120.8000,5120.6000,5120.2000,5118.2000,5117.2000,5124.6000,5124.8000,5125.0000,5126.0000,5128.6000,1,1,1,2,1,1,1,2,1,2
SF,IC2005,2020-04-07 09:32:23.200,5124.4000,5285,0,186434600.000,1,0,1,多换,S,5121.0000,5120.8000,5120.2000,5118.2000,5116.8000,5124.6000,5124.8000,5125.0000,5126.0000,5128.6000,1,1,1,2,1,1,1,2,1,2
SF,IC2005,2020-04-07 09:32:23.700,5124.4000,5285,0,186434600.000,0,-,-,-,-,5121.2000,5121.0000,5120.2000,5118.2000,5116.8000,5124.6000,5124.8000,5125.0000,5126.0000,5128.6000,1,1,1,2,1,1,1,2,1,2
SF,IC2005,2020-04-07 09:32:24.200,5124.4000,5285,0,186434600.000,0,-,-,-,-,5121.4000,5121.2000,5120.2000,5118.2000,5116.8000,5124.6000,5124.8000,5125.0000,5126.0000,5128.6000,1,1,1,2,1,1,1,2,1,2
SF,IC2005,2020-04-07 09:32:24.700,5124.4000,5285,0,186434600.000,0,-,-,-,-,5121.6000,5121.4000,5120.2000,5118.2000,5116.8000,5124.6000,5124.8000,5125.0000,5126.0000,5128.6000,1,1,1,2,1,1,1,2,1,2
SF,IC2005,2020-04-07 09:32:25.200,5124.4000,5285,0,186434600.000,0,-,-,-,-,5121.8000,5121.6000,5121.4000,5118.2000,5116.8000,5124.6000,5124.8000,5125.0000,5126.0000,5128.6000,1,2,1,2,1,1,1,2,1,2
SF,IC2005,2020-04-07 09:32:25.700,5124.4000,5285,0,186434600.000,0,-,-,-,-,5122.0000,5121.8000,5121.6000,5121.4000,5118.2000,5123.0000,5124.8000,5125.0000,5126.0000,5128.8000,1,1,1,1,2,2,1,2,1,1
SF,IC2005,2020-04-07 09:32:26.200,5123.0000,5285,0,188483800.000,2,1,1,多换,S,5123.6000,5121.6000,5121.4000,5118.2000,5116.8000,5124.8000,5125.0000,5126.0000,5128.8000,5129.6000,2,1,1,2,1,1,2,1,1,1
SF,IC2005,2020-04-07 09:32:26.700,5123.6000,5285,0,189508520.000,1,0,1,多换,S,5123.8000,5123.6000,5121.6000,5121.4000,5118.2000,5124.8000,5125.0000,5126.0000,5128.8000,5129.6000,1,3,1,1,2,1,2,1,1,1
SF,IC2005,2020-04-07 09:32:27.200,5123.6000,5285,0,189508520.000,0,-,-,-,-,5124.0000,5123.8000,5123.6000,5121.6000,5121.4000,5124.8000,5125.0000,5126.0000,5128.8000,5129.6000,1,1,2,1,1,1,2,1,1,1
SF,IC2005,2020-04-07 09:32:28.200,5125.0000,5285,0,192583480.000,3,1,2,多换,S,5125.2000,5125.0000,5124.8000,5124.0000,5123.8000,5126.0000,5128.8000,5129.6000,5129.8000,5130.2000,1,1,2,1,1,1,1,1,1,4
SF,IC2005,2020-04-07 09:32:28.700,5126.0000,5284,-1,194633720.000,2,0,2,多平,S,5125.4000,5125.0000,5124.8000,5123.8000,5123.6000,5128.8000,5129.6000,5129.8000,5130.2000,5132.6000,1,1,2,1,2,1,1,1,4,1
SF,IC2005,2020-04-07 09:32:29.200,5126.8000,5283,-1,195659080.000,1,0,1,双平,S,5125.6000,5125.4000,5125.0000,5124.8000,5123.8000,5128.0000,5128.2000,5128.4000,5128.6000,5128.8000,1,1,1,2,1,1,2,2,1,1
SF,IC2005,2020-04-07 09:32:29.700,5126.8000,5283,0,195659080.000,0,-,-,-,-,5125.8000,5125.6000,5125.0000,5124.8000,5123.8000,5127.8000,5128.0000,5128.2000,5128.4000,5129.6000,1,1,1,2,1,1,1,2,2,1
SF,IC2005,2020-04-07 09:32:30.200,5127.8000,5282,-1,196684640.000,1,0,1,双平,S,5125.8000,5125.0000,5124.8000,5123.8000,5123.6000,5128.0000,5128.2000,5128.4000,5129.6000,5130.2000,1,1,2,1,2,1,2,2,1,4
SF,IC2005,2020-04-07 09:32:30.700,5128.0000,5281,-1,197710240.000,1,0,1,双平,S,5125.8000,5125.0000,5124.8000,5123.8000,5123.6000,5128.4000,5129.6000,5130.2000,5132.6000,5138.0000,1,1,2,1,2,1,1,4,2,5
SF,IC2005,2020-04-07 09:32:31.200,5128.0000,5281,0,197710240.000,0,-,-,-,-,5126.0000,5125.8000,5125.0000,5124.8000,5123.8000,5129.6000,5130.2000,5132.6000,5138.0000,5138.8000,1,1,1,2,1,1,4,2,5,5
SF,IC2005,2020-04-07 09:32:31.700,5128.0000,5281,0,197710240.000,0,-,-,-,-,5126.2000,5126.0000,5125.0000,5124.8000,5123.8000,5129.6000,5130.2000,5132.6000,5138.0000,5138.8000,2,1,1,2,1,1,4,2,5,5
SF,IC2005,2020-04-07 09:32:32.200,5126.4000,5280,-1,198735520.000,1,0,1,双平,S,5126.2000,5125.0000,5124.8000,5121.6000,5121.4000,5129.6000,5130.2000,5132.6000,5138.0000,5138.8000,2,1,2,1,1,1,4,2,5,5
SF,IC2005,2020-04-07 09:32:32.700,5126.4000,5280,0,198735520.000,0,-,-,-,-,5126.4000,5126.2000,5125.0000,5124.8000,5121.6000,5129.6000,5130.2000,5132.6000,5138.0000,5138.8000,1,2,1,2,1,1,4,2,5,5
SF,IC2005,2020-04-07 09:32:33.200,5126.4000,5280,0,198735520.000,0,-,-,-,-,5126.6000,5126.4000,5125.0000,5124.8000,5121.6000,5129.6000,5130.2000,5132.6000,5135.2000,5138.0000,2,1,1,2,1,1,4,1,1,5
SF,IC2005,2020-04-07 09:32:33.700,5126.4000,5280,0,198735520.000,0,-,-,-,-,5126.8000,5126.6000,5125.0000,5124.8000,5121.6000,5129.6000,5130.2000,5132.6000,5133.4000,5135.2000,1,2,1,2,1,1,4,1,1,1
SF,IC2005,2020-04-07 09:32:34.200,5126.6000,5282,2,201811480.000,3,2,1,空开,S,5125.0000,5124.8000,5121.6000,5121.4000,5118.2000,5125.6000,5126.0000,5126.2000,5126.6000,5126.8000,1,2,1,1,3,1,1,1,16,8
SF,IC2005,2020-04-07 09:32:34.700,5125.2000,5282,0,213087720.000,11,5,6,多换,S,5125.0000,5124.8000,5121.6000,5121.4000,5118.2000,5126.6000,5126.8000,5128.2000,5129.4000,5129.6000,1,2,1,1,3,13,6,2,2,1
SF,IC2005,2020-04-07 09:32:35.200,5125.0000,5282,0,214112720.000,1,0,1,多换,S,5121.6000,5121.4000,5118.2000,5116.8000,5116.4000,5126.6000,5126.8000,5129.4000,5129.6000,5130.2000,1,1,3,1,4,9,5,2,1,4
SF,IC2005,2020-04-07 09:32:35.700,5125.0000,5282,0,214112720.000,0,-,-,-,-,5121.8000,5121.6000,5121.4000,5118.2000,5116.8000,5126.4000,5129.6000,5130.2000,5131.8000,5132.6000,1,1,1,3,1,3,1,4,1,1
SF,IC2005,2020-04-07 09:32:37.200,5125.0000,5282,0,214112720.000,0,-,-,-,-,5121.8000,5121.6000,5121.4000,5121.2000,5118.2000,5126.4000,5129.6000,5130.2000,5131.8000,5132.6000,1,1,1,1,3,3,1,4,1,1
SF,IC2005,2020-04-07 09:32:37.700,5125.0000,5282,0,214112720.000,0,-,-,-,-,5122.4000,5122.2000,5121.8000,5121.6000,5121.4000,5126.4000,5129.6000,5130.2000,5131.8000,5132.6000,1,1,1,1,1,2,1,4,1,1
SF,IC2005,2020-04-07 09:32:38.200,5125.0000,5282,0,214112720.000,0,-,-,-,-,5122.8000,5122.6000,5122.4000,5122.2000,5122.0000,5126.2000,5126.4000,5129.6000,5130.2000,5131.8000,1,1,1,1,1,1,2,1,4,1
SF,IC2005,2020-04-07 09:32:38.700,5125.0000,5282,0,214112720.000,0,-,-,-,-,5123.0000,5122.8000,5122.2000,5122.0000,5121.6000,5126.0000,5129.6000,5130.2000,5131.8000,5132.6000,1,1,1,1,1,1,1,4,1,1
SF,IC2005,2020-04-07 09:32:39.200,5126.0000,5282,0,215137920.000,1,0,1,多换,S,5123.8000,5123.4000,5123.2000,5123.0000,5122.8000,5129.6000,5130.2000,5131.8000,5132.6000,5135.2000,1,3,2,1,1,1,4,1,1,1
SF,IC2005,2020-04-07 09:32:39.700,5126.0000,5282,0,215137920.000,0,-,-,-,-,5124.0000,5123.4000,5122.8000,5122.2000,5122.0000,5126.8000,5128.4000,5129.2000,5129.4000,5129.6000,1,2,1,1,1,1,1,2,2,1
SF,IC2005,2020-04-07 09:32:40.200,5126.0000,5282,0,215137920.000,0,-,-,-,-,5124.0000,5123.4000,5122.8000,5122.2000,5122.0000,5126.8000,5128.2000,5128.4000,5129.2000,5129.4000,1,2,1,1,1,1,2,1,2,2
SF,IC2005,2020-04-07 09:32:40.700,5126.0000,5282,0,215137920.000,0,-,-,-,-,5124.0000,5122.8000,5122.2000,5121.6000,5121.4000,5126.6000,5126.8000,5128.2000,5129.2000,5129.4000,1,1,1,1,1,1,1,2,2,1
SF,IC2005,2020-04-07 09:32:41.200,5126.0000,5282,0,215137920.000,0,-,-,-,-,5122.8000,5122.2000,5121.6000,5121.4000,5121.2000,5126.0000,5126.6000,5128.2000,5129.2000,5129.4000,1,1,1,1,1,1,1,2,2,1
SF,IC2005,2020-04-07 09:32:41.700,5126.0000,5282,0,215137920.000,0,-,-,-,-,5121.6000,5121.4000,5121.2000,5118.2000,5116.4000,5125.8000,5126.0000,5128.2000,5129.2000,5129.4000,1,1,1,2,4,2,1,2,2,1
SF,IC2005,2020-04-07 09:32:42.200,5126.0000,5282,0,215137920.000,0,-,-,-,-,5121.8000,5121.6000,5121.4000,5121.2000,5118.2000,5125.8000,5128.2000,5129.2000,5129.4000,5129.6000,1,1,1,1,2,2,2,2,1,1
SF,IC2005,2020-04-07 09:32:42.700,5126.0000,5282,0,215137920.000,0,-,-,-,-,5122.2000,5121.8000,5121.6000,5121.4000,5121.2000,5125.2000,5125.8000,5128.2000,5129.2000,5129.4000,1,1,1,1,1,1,1,2,1,1
SF,IC2005,2020-04-07 09:32:43.200,5126.0000,5282,0,215137920.000,0,-,-,-,-,5122.4000,5122.2000,5121.6000,5121.4000,5121.2000,5125.8000,5128.2000,5129.2000,5129.4000,5129.6000,2,1,1,1,1,1,2,1,1,1
SF,IC2005,2020-04-07 09:32:43.700,5126.0000,5282,0,215137920.000,0,-,-,-,-,5122.4000,5122.2000,5121.6000,5121.4000,5121.2000,5129.2000,5129.4000,5129.6000,5130.2000,5131.8000,2,1,1,1,1,1,1,1,4,1
SF,IC2005,2020-04-07 09:32:44.200,5122.8000,5282,0,216162480.000,1,0,1,多换,S,5122.4000,5122.2000,5121.6000,5121.4000,5121.2000,5126.4000,5127.8000,5128.2000,5129.0000,5129.2000,2,1,1,1,1,1,1,1,2,1
SF,IC2005,2020-04-07 09:32:44.700,5122.8000,5282,0,216162480.000,0,-,-,-,-,5125.8000,5122.8000,5122.6000,5122.4000,5122.2000,5126.4000,5127.8000,5128.8000,5129.0000,5129.2000,1,2,1,3,1,1,1,1,2,1
SF,IC2005,2020-04-07 09:32:45.200,5122.8000,5282,0,216162480.000,0,-,-,-,-,5125.8000,5122.8000,5122.6000,5122.4000,5122.2000,5127.8000,5128.8000,5129.0000,5129.2000,5129.6000,1,2,1,3,1,1,1,2,1,1
SF,IC2005,2020-04-07 09:32:45.700,5122.8000,5282,0,216162480.000,0,-,-,-,-,5125.8000,5122.8000,5122.6000,5122.4000,5122.2000,5127.6000,5128.8000,5129.0000,5129.2000,5129.6000,1,2,1,3,1,1,1,2,1,1
SF,IC2005,2020-04-07 09:32:46.200,5122.8000,5282,0,216162480.000,0,-,-,-,-,5126.4000,5125.8000,5122.8000,5122.6000,5122.4000,5127.6000,5128.8000,5129.0000,5129.2000,5129.6000,1,1,2,1,3,1,1,2,1,1
SF,IC2005,2020-04-07 09:32:46.700,5127.6000,5281,-1,217188000.000,1,0,1,双平,S,5126.4000,5125.8000,5122.8000,5122.6000,5122.4000,5128.8000,5129.0000,5129.6000,5130.2000,5131.4000,1,1,2,1,3,1,1,1,4,1
SF,IC2005,2020-04-07 09:32:47.200,5127.6000,5281,0,217188000.000,0,-,-,-,-,5126.4000,5125.8000,5122.8000,5122.6000,5122.4000,5128.8000,5129.6000,5130.2000,5132.6000,5133.8000,1,1,2,1,3,1,1,4,1,1
SF,IC2005,2020-04-07 09:32:49.200,5130.2000,5279,-2,222317800.000,5,1,4,多平,S,5126.4000,5125.8000,5122.8000,5122.6000,5122.4000,5130.2000,5132.6000,5133.8000,5138.0000,5138.8000,1,1,2,1,3,1,1,1,5,5
SF,IC2005,2020-04-07 09:32:49.700,5126.4000,5280,1,223343080.000,1,1,0,双开,S,5125.8000,5124.2000,5122.8000,5122.6000,5122.4000,5130.0000,5130.2000,5132.6000,5133.8000,5138.0000,1,1,2,1,2,2,2,1,1,5
SF,IC2005,2020-04-07 09:32:50.200,5126.4000,5280,0,223343080.000,0,-,-,-,-,5125.8000,5124.2000,5122.8000,5122.6000,5122.4000,5130.0000,5130.2000,5132.6000,5133.8000,5138.0000,1,1,2,1,2,2,1,1,1,5
SF,IC2005,2020-04-07 09:32:50.700,5126.4000,5280,0,223343080.000,0,-,-,-,-,5125.8000,5124.2000,5122.8000,5122.6000,5122.4000,5129.8000,5130.0000,5130.2000,5132.6000,5133.8000,1,1,2,1,2,1,2,1,1,1
SF,IC2005,2020-04-07 09:32:51.200,5126.4000,5280,0,223343080.000,0,-,-,-,-,5126.2000,5125.8000,5122.8000,5122.6000,5122.4000,5129.6000,5129.8000,5130.0000,5130.2000,5132.6000,1,1,2,1,2,1,1,2,1,1
SF,IC2005,2020-04-07 09:32:51.700,5126.4000,5280,0,223343080.000,0,-,-,-,-,5126.2000,5125.8000,5122.8000,5122.6000,5122.4000,5129.6000,5129.8000,5130.2000,5132.6000,5133.8000,1,1,2,1,2,1,1,1,1,1
SF,IC2005,2020-04-07 09:32:52.200,5126.4000,5280,0,223343080.000,0,-,-,-,-,5126.2000,5125.8000,5122.8000,5122.6000,5122.4000,5129.2000,5129.6000,5130.2000,5132.6000,5133.8000,1,1,2,1,2,1,1,1,1,1
SF,IC2005,2020-04-07 09:32:52.700,5126.4000,5280,0,223343080.000,0,-,-,-,-,5126.2000,5125.8000,5122.8000,5122.6000,5122.4000,5128.0000,5129.0000,5129.2000,5129.6000,5130.2000,1,1,2,1,2,1,1,2,1,1
SF,IC2005,2020-04-07 09:32:53.200,5126.4000,5280,0,223343080.000,0,-,-,-,-,5126.2000,5125.8000,5122.8000,5122.6000,5122.4000,5128.0000,5129.0000,5129.2000,5129.6000,5130.2000,1,1,2,1,2,1,1,2,1,2
SF,IC2005,2020-04-07 09:32:53.700,5126.2000,5280,0,224368320.000,1,0,1,多换,S,5122.8000,5122.6000,5122.4000,5122.2000,5121.6000,5128.0000,5129.0000,5129.2000,5129.6000,5130.2000,2,1,2,1,1,1,1,2,1,2
SF,IC2005,2020-04-07 09:32:54.200,5126.2000,5280,0,224368320.000,0,-,-,-,-,5124.0000,5123.0000,5122.8000,5122.6000,5122.4000,5128.0000,5129.0000,5129.2000,5129.6000,5130.2000,1,1,2,1,1,1,1,1,1,2
SF,IC2005,2020-04-07 09:32:54.700,5126.2000,5280,0,224368320.000,0,-,-,-,-,5124.2000,5124.0000,5123.8000,5123.4000,5123.0000,5127.2000,5128.0000,5129.0000,5129.2000,5129.6000,1,1,1,1,1,1,1,1,1,1
SF,IC2005,2020-04-07 09:32:55.200,5126.2000,5280,0,224368320.000,0,-,-,-,-,5124.2000,5123.8000,5123.4000,5123.0000,5122.8000,5128.0000,5129.2000,5129.6000,5130.2000,5131.4000,1,1,1,1,2,1,1,1,2,1
SF,IC2005,2020-04-07 09:32:55.700,5126.2000,5280,0,224368320.000,0,-,-,-,-,5124.8000,5124.6000,5124.4000,5124.2000,5123.8000,5128.0000,5130.2000,5131.4000,5132.0000,5132.6000,1,2,5,1,1,1,2,1,1,1
SF,IC2005,2020-04-07 09:32:56.200,5126.2000,5280,0,224368320.000,0,-,-,-,-,5125.0000,5124.8000,5124.6000,5124.4000,5123.8000,5128.0000,5130.2000,5131.4000,5132.0000,5132.6000,2,1,2,1,1,1,2,1,1,1
SF,IC2005,2020-04-07 09:32:56.700,5126.2000,5280,0,224368320.000,0,-,-,-,-,5125.0000,5124.6000,5122.8000,5122.6000,5122.2000,5127.8000,5128.0000,5130.2000,5131.4000,5132.0000,3,1,2,1,1,1,1,2,1,1
SF,IC2005,2020-04-07 09:32:57.200,5126.2000,5280,0,224368320.000,0,-,-,-,-,5125.0000,5124.6000,5122.8000,5122.6000,5122.2000,5128.0000,5130.2000,5131.4000,5132.0000,5132.6000,3,1,2,1,1,1,2,1,1,1
SF,IC2005,2020-04-07 09:32:57.700,5128.0000,5280,0,225393920.000,1,0,1,多换,S,5125.2000,5125.0000,5124.6000,5122.8000,5122.6000,5128.0000,5130.2000,5131.4000,5132.0000,5132.6000,1,3,1,2,1,1,2,1,1,1
SF,IC2005,2020-04-07 09:32:58.200,5132.0000,5282,2,229498240.000,4,3,1,空开,S,5125.2000,5125.0000,5124.6000,5122.8000,5122.6000,5132.6000,5133.8000,5138.0000,5138.8000,5145.0000,1,3,1,2,1,1,1,5,5,1
SF,IC2005,2020-04-07 09:32:58.700,5132.0000,5282,0,229498240.000,0,-,-,-,-,5127.6000,5125.2000,5125.0000,5124.6000,5122.8000,5128.0000,5129.8000,5130.0000,5130.4000,5130.6000,1,1,2,1,2,1,1,2,1,1
SF,IC2005,2020-04-07 09:32:59.200,5127.6000,5281,-1,230523760.000,1,0,1,双平,S,5125.0000,5124.6000,5122.8000,5122.2000,5121.6000,5127.6000,5130.0000,5130.4000,5130.6000,5130.8000,2,1,2,1,1,1,2,1,1,1
SF,IC2005,2020-04-07 09:32:59.700,5127.6000,5281,0,230523760.000,0,-,-,-,-,5125.0000,5122.8000,5122.2000,5121.6000,5121.4000,5129.0000,5130.0000,5130.4000,5130.6000,5130.8000,2,2,1,1,1,1,2,1,1,1
SF,IC2005,2020-04-07 09:33:00.200,5127.6000,5281,0,230523760.000,0,-,-,-,-,5125.0000,5122.8000,5122.2000,5121.6000,5121.4000,5128.0000,5128.8000,5129.0000,5130.0000,5130.4000,2,2,1,1,1,1,1,1,1,1
SF,IC2005,2020-04-07 09:33:00.700,5127.6000,5281,0,230523760.000,0,-,-,-,-,5126.2000,5125.0000,5122.8000,5122.2000,5121.6000,5127.8000,5128.0000,5128.2000,5128.8000,5129.0000,1,2,2,1,1,1,1,1,1,1
SF,IC2005,2020-04-07 09:33:01.200,5126.2000,5281,0,231549000.000,1,0,1,多换,S,5125.0000,5122.2000,5121.6000,5121.4000,5121.2000,5126.2000,5126.8000,5128.0000,5128.2000,5128.8000,2,1,1,1,1,1,1,1,2,1
SF,IC2005,2020-04-07 09:33:01.700,5125.0000,5283,2,233599000.000,2,2,0,双开,S,5122.2000,5121.6000,5121.4000,5121.2000,5118.2000,5128.0000,5128.2000,5128.8000,5129.0000,5129.8000,1,1,1,1,2,1,1,1,1,2
SF,IC2005,2020-04-07 09:33:02.200,5125.0000,5283,0,233599000.000,0,-,-,-,-,5122.4000,5122.2000,5121.6000,5121.4000,5121.2000,5127.0000,5127.6000,5127.8000,5128.0000,5128.2000,2,1,1,1,1,1,1,2,1,1
SF,IC2005,2020-04-07 09:33:02.700,5125.0000,5283,0,233599000.000,0,-,-,-,-,5122.4000,5121.6000,5121.4000,5121.2000,5118.2000,5126.6000,5126.8000,5127.0000,5127.6000,5127.8000,2,1,1,1,2,1,1,1,1,1
SF,IC2005,2020-04-07 09:33:03.200,5125.0000,5283,0,233599000.000,0,-,-,-,-,5122.4000,5121.6000,5121.4000,5121.2000,5118.2000,5125.4000,5126.6000,5126.8000,5127.0000,5127.6000,2,1,1,1,2,1,1,1,1,1
SF,IC2005,2020-04-07 09:33:03.700,5125.0000,5283,0,233599000.000,0,-,-,-,-,5122.4000,5121.4000,5121.2000,5118.2000,5116.4000,5125.4000,5126.6000,5126.8000,5127.6000,5127.8000,1,1,1,2,3,1,1,1,1,1
SF,IC2005,2020-04-07 09:33:04.200,5125.0000,5283,0,233599000.000,0,-,-,-,-,5121.4000,5121.2000,5118.2000,5116.4000,5115.8000,5125.2000,5125.4000,5126.6000,5127.6000,5127.8000,1,1,2,3,3,1,1,1,1,1
SF,IC2005,2020-04-07 09:33:04.700,5125.0000,5283,0,234624000.000,1,0,1,多换,S,5121.4000,5121.2000,5118.2000,5116.4000,5115.8000,5125.2000,5125.4000,5126.6000,5127.6000,5127.8000,1,1,2,3,3,1,2,1,1,1
SF,IC2005,2020-04-07 09:33:05.200,5125.0000,5283,0,234624000.000,0,-,-,-,-,5121.2000,5118.2000,5116.4000,5115.8000,5115.6000,5125.2000,5125.4000,5126.6000,5127.6000,5127.8000,1,2,3,3,6,1,1,1,1,1
SF,IC2005,2020-04-07 09:33:05.700,5125.0000,5283,0,234624000.000,0,-,-,-,-,5121.4000,5121.2000,5118.2000,5116.4000,5115.8000,5125.0000,5125.2000,5125.4000,5126.6000,5126.8000,1,1,2,3,3,1,1,1,1,1
SF,IC2005,2020-04-07 09:33:06.200,5125.0000,5283,0,234624000.000,0,-,-,-,-,5121.2000,5118.2000,5116.4000,5115.8000,5115.6000,5124.6000,5124.8000,5125.0000,5126.6000,5126.8000,1,2,3,3,6,1,2,1,1,1
SF,IC2005,2020-04-07 09:33:06.700,5125.0000,5283,0,234624000.000,0,-,-,-,-,5121.2000,5118.2000,5116.4000,5115.8000,5115.6000,5123.0000,5124.4000,5124.6000,5124.8000,5126.6000,1,1,3,3,6,1,1,1,2,1
SF,IC2005,2020-04-07 09:33:07.200,5125.0000,5283,0,234624000.000,0,-,-,-,-,5121.2000,5118.2000,5116.4000,5115.8000,5115.6000,5123.0000,5124.4000,5124.6000,5124.8000,5126.6000,1,1,3,3,6,1,1,1,2,1
SF,IC2005,2020-04-07 09:33:07.700,5125.0000,5283,0,234624000.000,0,-,-,-,-,5121.2000,5118.2000,5116.4000,5115.8000,5115.6000,5123.0000,5124.6000,5124.8000,5126.6000,5126.8000,1,1,3,3,6,1,2,2,1,1
SF,IC2005,2020-04-07 09:33:08.700,5123.0000,5283,0,235648600.000,1,0,1,多换,S,5121.2000,5118.2000,5116.4000,5115.8000,5115.6000,5124.6000,5124.8000,5126.6000,5126.8000,5127.6000,1,1,3,3,6,1,1,1,1,2
SF,IC2005,2020-04-07 09:33:09.200,5123.0000,5283,0,235648600.000,0,-,-,-,-,5121.2000,5118.2000,5116.4000,5115.8000,5115.6000,5124.2000,5124.4000,5124.6000,5124.8000,5126.6000,1,1,3,3,6,1,3,1,1,1
SF,IC2005,2020-04-07 09:33:09.700,5123.0000,5283,0,235648600.000,0,-,-,-,-,5121.2000,5118.2000,5116.4000,5115.8000,5115.6000,5123.8000,5124.0000,5124.2000,5124.4000,5124.6000,1,1,3,3,6,2,2,1,3,1
SF,IC2005,2020-04-07 09:33:10.200,5123.0000,5283,0,235648600.000,0,-,-,-,-,5121.2000,5118.2000,5116.4000,5115.8000,5115.6000,5123.8000,5124.0000,5124.2000,5124.4000,5124.6000,1,1,3,3,6,2,2,1,3,1
SF,IC2005,2020-04-07 09:33:10.700,5123.0000,5283,0,235648600.000,0,-,-,-,-,5121.2000,5118.2000,5116.4000,5115.8000,5115.6000,5123.6000,5124.2000,5124.4000,5124.6000,5124.8000,1,1,3,3,6,1,1,2,1,1
SF,IC2005,2020-04-07 09:33:11.700,5123.0000,5283,0,235648600.000,0,-,-,-,-,5121.2000,5118.2000,5116.4000,5115.8000,5115.6000,5123.6000,5124.2000,5124.4000,5124.6000,5124.8000,1,1,3,3,6,1,1,2,1,1
SF,IC2005,2020-04-07 09:33:12.200,5123.0000,5283,0,235648600.000,0,-,-,-,-,5121.2000,5118.2000,5116.4000,5115.8000,5115.6000,5123.6000,5124.2000,5124.4000,5124.6000,5124.8000,1,1,3,3,6,1,1,1,1,1
SF,IC2005,2020-04-07 09:33:12.700,5123.0000,5283,0,235648600.000,0,-,-,-,-,5121.2000,5118.2000,5116.4000,5115.8000,5115.6000,5123.4000,5123.6000,5124.2000,5124.4000,5124.6000,1,1,3,3,6,1,1,1,1,1
SF,IC2005,2020-04-07 09:33:13.200,5123.0000,5283,0,235648600.000,0,-,-,-,-,5121.2000,5118.2000,5116.4000,5115.8000,5115.6000,5123.4000,5123.6000,5124.2000,5124.4000,5124.6000,1,1,3,3,6,1,1,1,1,1
SF,IC2005,2020-04-07 09:33:13.700,5123.0000,5283,0,235648600.000,0,-,-,-,-,5121.2000,5118.2000,5116.4000,5115.8000,5115.6000,5123.6000,5124.2000,5124.4000,5124.6000,5124.8000,1,1,3,3,6,1,1,1,1,1
SF,IC2005,2020-04-07 09:33:14.200,5123.0000,5283,0,235648600.000,0,-,-,-,-,5121.2000,5118.2000,5116.4000,5115.8000,5115.6000,5123.6000,5124.2000,5124.4000,5124.6000,5124.8000,1,1,3,3,6,1,1,1,1,1
SF,IC2005,2020-04-07 09:33:14.700,5123.0000,5283,0,235648600.000,0,-,-,-,-,5121.2000,5118.2000,5116.4000,5115.8000,5115.6000,5123.6000,5124.2000,5124.4000,5124.6000,5124.8000,1,1,3,3,6,1,1,1,1,1
SF,IC2005,2020-04-07 09:33:15.200,5121.2000,5284,1,236672840.000,1,1,0,双开,S,5118.2000,5116.4000,5115.8000,5115.6000,5114.2000,5123.6000,5123.8000,5124.2000,5124.4000,5124.6000,1,3,3,5,3,1,1,1,1,1
SF,IC2005,2020-04-07 09:33:15.700,5121.2000,5284,0,236672840.000,0,-,-,-,-,5119.4000,5119.0000,5118.6000,5118.4000,5118.2000,5121.2000,5124.4000,5124.6000,5124.8000,5125.2000,1,1,1,2,1,1,1,1,1,1
SF,IC2005,2020-04-07 09:33:16.200,5121.2000,5283,-1,237697080.000,1,0,1,双平,S,5119.4000,5119.0000,5118.8000,5118.6000,5118.4000,5124.4000,5124.6000,5124.8000,5125.2000,5126.0000,1,1,1,1,1,1,1,1,1,1
SF,IC2005,2020-04-07 09:33:16.700,5121.2000,5283,0,237697080.000,0,-,-,-,-,5119.6000,5119.4000,5119.0000,5118.8000,5118.6000,5124.2000,5124.6000,5124.8000,5125.2000,5126.0000,2,1,1,1,1,1,1,1,1,1
SF,IC2005,2020-04-07 09:33:17.200,5121.2000,5283,0,237697080.000,0,-,-,-,-,5119.8000,5119.6000,5119.0000,5118.6000,5118.2000,5124.2000,5124.6000,5124.8000,5125.2000,5126.0000,1,2,1,1,1,1,1,1,1,1
SF,IC2005,2020-04-07 09:33:17.700,5121.2000,5283,0,237697080.000,0,-,-,-,-,5121.6000,5120.2000,5120.0000,5119.0000,5118.6000,5124.2000,5124.8000,5125.2000,5126.0000,5126.6000,1,1,2,1,1,1,1,1,1,2
SF,IC2005,2020-04-07 09:33:18.200,5121.2000,5283,0,237697080.000,0,-,-,-,-,5121.6000,5120.2000,5120.0000,5119.0000,5118.6000,5124.0000,5124.2000,5124.8000,5125.2000,5126.0000,1,1,1,1,1,2,1,1,1,1
SF,IC2005,2020-04-07 09:33:18.700,5121.6000,5284,1,238721400.000,1,1,0,双开,S,5120.0000,5119.0000,5118.6000,5118.2000,5116.4000,5123.8000,5124.0000,5124.8000,5125.2000,5126.0000,1,1,1,1,3,1,2,1,1,1
SF,IC2005,2020-04-07 09:33:19.200,5121.6000,5284,0,238721400.000,0,-,-,-,-,5120.0000,5119.0000,5118.6000,5118.2000,5116.4000,5123.8000,5124.0000,5124.8000,5125.2000,5126.0000,1,1,1,1,3,2,3,1,1,1
SF,IC2005,2020-04-07 09:33:19.700,5121.6000,5284,0,238721400.000,0,-,-,-,-,5120.0000,5119.0000,5118.6000,5118.2000,5116.4000,5123.8000,5124.0000,5124.6000,5124.8000,5125.2000,1,1,1,1,3,2,3,1,1,1
SF,IC2005,2020-04-07 09:33:20.200,5121.6000,5284,0,238721400.000,0,-,-,-,-,5120.0000,5119.0000,5118.6000,5118.2000,5116.4000,5123.8000,5124.0000,5124.6000,5124.8000,5125.2000,1,1,1,1,3,2,2,1,1,1
SF,IC2005,2020-04-07 09:33:20.700,5121.6000,5284,0,238721400.000,0,-,-,-,-,5120.0000,5119.0000,5118.6000,5118.2000,5116.4000,5123.8000,5124.0000,5124.6000,5124.8000,5125.2000,1,1,1,1,3,3,2,1,1,1
SF,IC2005,2020-04-07 09:33:21.700,5121.6000,5284,0,238721400.000,0,-,-,-,-,5120.0000,5119.0000,5118.6000,5118.2000,5116.4000,5123.8000,5124.0000,5124.6000,5124.8000,5125.2000,1,1,1,1,3,3,2,1,1,1
SF,IC2005,2020-04-07 09:33:22.200,5121.6000,5284,0,238721400.000,0,-,-,-,-,5120.0000,5119.0000,5118.6000,5118.2000,5116.4000,5123.6000,5123.8000,5124.0000,5124.6000,5124.8000,1,1,1,1,3,1,3,2,1,1
SF,IC2005,2020-04-07 09:33:22.700,5121.6000,5284,0,238721400.000,0,-,-,-,-,5120.0000,5119.0000,5118.6000,5118.2000,5116.4000,5123.4000,5123.6000,5123.8000,5124.0000,5124.6000,1,1,1,1,3,2,1,1,2,1
SF,IC2005,2020-04-07 09:33:23.200,5121.6000,5284,0,238721400.000,0,-,-,-,-,5121.6000,5120.0000,5118.2000,5116.4000,5115.8000,5123.2000,5123.4000,5123.6000,5124.0000,5124.6000,1,1,1,3,3,1,2,1,2,1
SF,IC2005,2020-04-07 09:33:23.700,5121.6000,5284,0,239745720.000,1,0,1,多换,S,5118.2000,5116.4000,5115.8000,5115.6000,5114.2000,5121.6000,5122.2000,5123.0000,5123.2000,5123.4000,1,3,3,5,3,1,1,1,1,2
SF,IC2005,2020-04-07 09:33:24.200,5121.6000,5284,0,239745720.000,0,-,-,-,-,5118.8000,5118.4000,5118.2000,5116.4000,5115.8000,5123.0000,5123.2000,5123.4000,5123.6000,5124.0000,1,1,1,3,3,1,1,2,1,2
SF,IC2005,2020-04-07 09:33:24.700,5122.8000,5284,0,240770280.000,1,0,1,多换,S,5119.0000,5118.8000,5118.2000,5116.4000,5115.8000,5123.0000,5123.2000,5123.4000,5123.6000,5124.0000,1,1,1,3,3,1,1,2,1,2
SF,IC2005,2020-04-07 09:33:25.200,5122.8000,5284,0,240770280.000,0,-,-,-,-,5119.0000,5118.2000,5116.4000,5115.8000,5115.6000,5122.6000,5122.8000,5123.0000,5123.2000,5123.4000,1,1,3,3,5,1,1,1,1,1
SF,IC2005,2020-04-07 09:33:25.700,5122.8000,5284,0,240770280.000,0,-,-,-,-,5119.0000,5118.2000,5116.4000,5115.8000,5115.6000,5122.6000,5122.8000,5123.0000,5123.2000,5123.4000,1,1,3,3,5,1,2,1,1,1
SF,IC2005,2020-04-07 09:33:26.200,5122.8000,5284,0,240770280.000,0,-,-,-,-,5119.0000,5118.2000,5116.4000,5115.8000,5115.6000,5122.4000,5122.6000,5123.2000,5123.4000,5124.0000,1,1,3,3,5,1,1,1,1,2
SF,IC2005,2020-04-07 09:33:26.700,5122.8000,5284,0,240770280.000,0,-,-,-,-,5119.0000,5118.2000,5116.4000,5115.8000,5115.6000,5122.2000,5122.4000,5122.6000,5123.2000,5123.4000,1,1,3,3,5,1,2,1,1,1
SF,IC2005,2020-04-07 09:33:27.200,5122.8000,5284,0,240770280.000,0,-,-,-,-,5119.0000,5118.2000,5116.4000,5115.8000,5115.6000,5122.2000,5122.4000,5122.6000,5123.2000,5123.4000,1,1,3,3,5,1,2,1,1,1
SF,IC2005,2020-04-07 09:33:27.700,5122.8000,5284,0,240770280.000,0,-,-,-,-,5119.0000,5118.2000,5116.4000,5115.8000,5115.6000,5122.2000,5122.6000,5123.2000,5123.4000,5124.0000,1,1,3,3,5,1,1,1,1,2
SF,IC2005,2020-04-07 09:33:28.200,5122.8000,5284,0,240770280.000,0,-,-,-,-,5119.0000,5118.2000,5116.4000,5115.8000,5115.6000,5122.6000,5123.2000,5123.4000,5124.0000,5124.6000,1,1,3,3,5,1,1,1,2,1
SF,IC2005,2020-04-07 09:33:28.700,5122.8000,5284,0,240770280.000,0,-,-,-,-,5119.6000,5119.2000,5119.0000,5118.2000,5116.4000,5122.6000,5123.4000,5124.0000,5124.6000,5124.8000,1,2,1,1,3,1,1,2,1,2
SF,IC2005,2020-04-07 09:33:29.200,5122.8000,5284,0,240770280.000,0,-,-,-,-,5119.8000,5119.6000,5119.2000,5118.2000,5116.4000,5122.6000,5124.0000,5124.6000,5124.8000,5125.0000,2,1,1,1,3,1,2,1,2,1
SF,IC2005,2020-04-07 09:33:29.700,5122.8000,5284,0,240770280.000,0,-,-,-,-,5119.8000,5119.6000,5118.2000,5116.4000,5115.8000,5122.6000,5124.0000,5124.4000,5124.6000,5124.8000,2,1,1,3,3,1,2,1,1,2
SF,IC2005,2020-04-07 09:33:30.200,5122.8000,5284,0,240770280.000,0,-,-,-,-,5120.4000,5119.8000,5118.2000,5116.4000,5115.8000,5122.6000,5124.0000,5124.4000,5124.6000,5124.8000,1,2,1,3,3,1,2,1,1,2
SF,IC2005,2020-04-07 09:33:30.700,5122.8000,5284,0,240770280.000,0,-,-,-,-,5120.4000,5119.8000,5118.2000,5116.4000,5115.8000,5122.6000,5124.0000,5124.4000,5124.8000,5125.0000,1,2,1,3,3,1,2,1,2,1
SF,IC2005,2020-04-07 09:33:31.200,5122.8000,5284,0,240770280.000,0,-,-,-,-,5120.4000,5119.8000,5118.2000,5116.4000,5115.8000,5122.6000,5124.0000,5124.4000,5124.8000,5125.0000,1,2,1,3,3,1,2,1,2,1
SF,IC2005,2020-04-07 09:33:31.700,5122.8000,5284,0,240770280.000,0,-,-,-,-,5119.8000,5118.2000,5116.4000,5115.8000,5115.6000,5122.6000,5124.0000,5124.4000,5124.8000,5125.0000,2,1,3,3,5,1,2,1,2,1
SF,IC2005,2020-04-07 09:33:32.200,5122.8000,5284,0,240770280.000,0,-,-,-,-,5119.8000,5118.2000,5116.4000,5115.8000,5115.6000,5122.6000,5123.0000,5124.0000,5124.4000,5124.8000,2,1,3,3,5,1,1,2,1,2
SF,IC2005,2020-04-07 09:33:32.700,5122.8000,5284,0,240770280.000,0,-,-,-,-,5119.8000,5118.2000,5116.4000,5115.8000,5115.6000,5122.4000,5122.6000,5123.0000,5124.0000,5124.4000,1,1,3,3,5,1,1,1,2,1
SF,IC2005,2020-04-07 09:33:33.200,5122.8000,5284,0,240770280.000,0,-,-,-,-,5119.8000,5118.2000,5116.4000,5115.8000,5115.6000,5122.4000,5122.6000,5123.0000,5124.0000,5124.4000,1,1,3,3,5,2,1,1,2,1
SF,IC2005,2020-04-07 09:33:33.700,5122.8000,5284,0,240770280.000,0,-,-,-,-,5119.8000,5118.2000,5116.4000,5115.8000,5115.6000,5122.4000,5122.6000,5123.0000,5124.0000,5124.4000,1,1,3,3,5,1,1,1,2,1
SF,IC2005,2020-04-07 09:33:34.200,5122.4000,5285,1,241794760.000,1,1,0,双开,S,5119.8000,5118.2000,5116.4000,5115.8000,5115.6000,5122.6000,5123.0000,5124.0000,5124.4000,5124.8000,1,1,3,3,5,1,1,2,1,2
SF,IC2005,2020-04-07 09:33:34.700,5122.4000,5285,0,241794760.000,0,-,-,-,-,5120.0000,5119.8000,5118.2000,5116.4000,5115.8000,5122.6000,5123.0000,5124.0000,5124.4000,5124.8000,2,1,1,3,3,1,1,2,1,2
SF,IC2005,2020-04-07 09:33:35.200,5119.8000,5284,-1,244866720.000,3,1,2,多平,S,5118.2000,5116.4000,5115.8000,5115.6000,5114.2000,5122.6000,5123.0000,5124.0000,5124.4000,5124.8000,1,3,3,5,3,1,1,2,1,2
SF,IC2005,2020-04-07 09:33:35.700,5119.8000,5284,0,244866720.000,0,-,-,-,-,5119.2000,5118.8000,5118.6000,5118.4000,5118.2000,5122.4000,5122.6000,5123.0000,5124.0000,5124.4000,1,1,1,1,1,1,1,1,2,1
SF,IC2005,2020-04-07 09:33:36.200,5119.8000,5284,0,244866720.000,0,-,-,-,-,5119.4000,5119.2000,5118.8000,5118.6000,5118.2000,5122.4000,5122.6000,5123.0000,5124.0000,5124.4000,2,1,2,1,1,2,1,1,2,1
SF,IC2005,2020-04-07 09:33:36.700,5119.8000,5284,0,244866720.000,0,-,-,-,-,5119.4000,5119.2000,5118.8000,5118.2000,5116.4000,5122.4000,5122.6000,5123.0000,5124.0000,5124.4000,1,1,1,1,3,1,1,1,2,1
SF,IC2005,2020-04-07 09:33:37.200,5119.8000,5284,0,244866720.000,0,-,-,-,-,5119.6000,5119.4000,5119.2000,5118.2000,5116.4000,5122.2000,5122.4000,5122.6000,5123.0000,5124.0000,1,1,1,1,3,1,1,1,1,2
SF,IC2005,2020-04-07 09:33:37.700,5119.8000,5284,0,244866720.000,0,-,-,-,-,5119.4000,5119.2000,5118.2000,5116.4000,5115.8000,5122.2000,5122.4000,5122.6000,5123.0000,5124.0000,1,1,1,3,3,1,1,1,1,2
SF,IC2005,2020-04-07 09:33:38.200,5119.8000,5284,0,244866720.000,0,-,-,-,-,5119.4000,5119.2000,5118.2000,5116.4000,5115.8000,5122.0000,5122.6000,5123.0000,5124.0000,5124.4000,1,1,1,3,3,1,1,1,2,1
SF,IC2005,2020-04-07 09:33:38.700,5122.0000,5284,0,245891120.000,1,0,1,多换,S,5119.8000,5119.4000,5119.2000,5118.2000,5116.4000,5122.6000,5123.0000,5124.0000,5124.4000,5124.8000,1,1,1,1,3,1,1,2,1,2
SF,IC2005,2020-04-07 09:33:39.200,5122.6000,5284,0,246915640.000,1,0,1,多换,S,5120.0000,5119.8000,5118.2000,5116.4000,5115.8000,5123.0000,5124.0000,5124.4000,5124.8000,5125.0000,2,2,1,3,3,1,2,1,2,1
SF,IC2005,2020-04-07 09:33:39.700,5122.6000,5284,0,246915640.000,0,-,-,-,-,5120.2000,5120.0000,5119.8000,5118.2000,5116.4000,5123.0000,5124.0000,5124.4000,5124.8000,5125.0000,2,2,2,1,3,1,2,1,2,1
SF,IC2005,2020-04-07 09:33:40.200,5122.6000,5284,0,246915640.000,0,-,-,-,-,5120.4000,5120.2000,5120.0000,5119.8000,5118.2000,5123.0000,5124.0000,5124.4000,5124.8000,5125.0000,1,1,1,1,1,1,2,1,2,1
SF,IC2005,2020-04-07 09:33:40.700,5122.6000,5284,0,246915640.000,0,-,-,-,-,5120.4000,5120.0000,5118.2000,5116.4000,5115.8000,5123.0000,5124.0000,5124.4000,5124.8000,5125.0000,1,1,1,3,3,1,2,1,2,1
SF,IC2005,2020-04-07 09:33:41.200,5122.6000,5284,0,246915640.000,0,-,-,-,-,5120.4000,5120.0000,5118.2000,5116.4000,5115.8000,5122.8000,5123.0000,5124.0000,5124.4000,5124.8000,1,1,1,3,3,1,1,2,1,2
SF,IC2005,2020-04-07 09:33:41.700,5122.6000,5284,0,246915640.000,0,-,-,-,-,5120.4000,5118.2000,5116.4000,5115.8000,5115.6000,5122.8000,5123.0000,5124.0000,5124.4000,5124.8000,1,1,3,3,5,1,1,2,1,2
SF,IC2005,2020-04-07 09:33:42.200,5122.6000,5284,0,246915640.000,0,-,-,-,-,5120.4000,5118.2000,5116.4000,5115.8000,5115.6000,5122.8000,5123.0000,5124.0000,5124.4000,5124.8000,1,1,3,3,5,1,1,2,1,2
SF,IC2005,2020-04-07 09:33:43.200,5120.4000,5285,1,247939720.000,1,1,0,双开,S,5118.2000,5116.4000,5115.8000,5115.6000,5114.2000,5122.8000,5123.0000,5124.0000,5124.4000,5124.8000,1,3,3,5,3,1,1,2,1,2
SF,IC2005,2020-04-07 09:33:43.700,5120.4000,5285,0,247939720.000,0,-,-,-,-,5119.2000,5118.6000,5118.4000,5118.2000,5116.4000,5122.6000,5123.0000,5124.0000,5124.4000,5124.8000,1,2,1,1,3,1,1,2,1,2
SF,IC2005,2020-04-07 09:33:44.200,5120.4000,5285,0,247939720.000,0,-,-,-,-,5119.4000,5119.2000,5118.8000,5118.6000,5118.4000,5122.6000,5123.0000,5124.0000,5124.4000,5124.8000,1,1,1,2,2,1,1,2,1,2
SF,IC2005,2020-04-07 09:33:44.700,5120.4000,5285,0,247939720.000,0,-,-,-,-,5119.4000,5119.2000,5118.8000,5118.6000,5118.2000,5122.4000,5122.6000,5123.0000,5124.0000,5124.4000,1,1,1,2,1,1,1,1,2,1
SF,IC2005,2020-04-07 09:33:45.200,5120.4000,5285,0,247939720.000,0,-,-,-,-,5119.4000,5119.2000,5118.8000,5118.6000,5118.2000,5122.2000,5122.4000,5123.0000,5124.0000,5124.4000,1,1,1,2,1,1,1,1,2,1
SF,IC2005,2020-04-07 09:33:45.700,5120.4000,5285,0,247939720.000,0,-,-,-,-,5119.4000,5119.2000,5118.8000,5118.6000,5118.2000,5122.2000,5123.0000,5124.0000,5124.4000,5124.8000,1,1,1,2,1,1,1,2,1,2
SF,IC2005,2020-04-07 09:33:46.200,5120.4000,5285,0,247939720.000,0,-,-,-,-,5119.4000,5119.2000,5118.6000,5118.2000,5116.4000,5122.0000,5122.2000,5122.4000,5123.0000,5124.0000,1,1,2,1,3,1,1,1,1,2
SF,IC2005,2020-04-07 09:33:46.700,5120.4000,5285,0,247939720.000,0,-,-,-,-,5119.2000,5118.6000,5118.2000,5116.4000,5115.8000,5122.0000,5122.2000,5122.4000,5123.0000,5124.0000,1,2,1,3,3,1,1,1,1,2
SF,IC2005,2020-04-07 09:33:47.200,5120.4000,5285,0,247939720.000,0,-,-,-,-,5118.2000,5116.4000,5115.8000,5115.6000,5114.2000,5121.6000,5121.8000,5122.4000,5123.0000,5124.0000,1,3,3,5,3,1,1,1,1,2
SF,IC2005,2020-04-07 09:33:47.700,5120.4000,5285,0,247939720.000,0,-,-,-,-,5118.4000,5118.2000,5116.4000,5115.8000,5115.6000,5121.4000,5121.6000,5122.4000,5123.0000,5124.0000,2,1,3,3,5,1,1,1,1,2
SF,IC2005,2020-04-07 09:33:48.200,5120.4000,5285,0,247939720.000,0,-,-,-,-,5118.4000,5118.2000,5116.4000,5115.8000,5115.6000,5121.4000,5121.6000,5122.4000,5123.0000,5124.0000,2,1,3,3,5,1,1,1,1,2
SF,IC2005,2020-04-07 09:33:48.700,5120.4000,5285,0,247939720.000,0,-,-,-,-,5118.4000,5118.2000,5116.4000,5115.8000,5115.6000,5121.2000,5121.4000,5122.4000,5123.0000,5124.0000,2,1,3,3,5,1,1,1,1,2
SF,IC2005,2020-04-07 09:33:49.200,5118.4000,5284,-1,248963400.000,1,0,1,双平,S,5118.4000,5118.2000,5116.4000,5115.8000,5115.6000,5121.0000,5121.2000,5122.4000,5123.0000,5124.0000,1,1,3,3,5,1,1,1,1,2
SF,IC2005,2020-04-07 09:33:50.200,5118.4000,5284,0,248963400.000,0,-,-,-,-,5118.4000,5118.2000,5116.4000,5115.8000,5115.6000,5120.8000,5121.0000,5122.4000,5123.0000,5124.0000,1,1,3,3,5,1,1,1,1,2
SF,IC2005,2020-04-07 09:33:50.700,5118.4000,5284,0,248963400.000,0,-,-,-,-,5118.2000,5116.4000,5115.8000,5115.6000,5114.2000,5120.8000,5121.0000,5122.4000,5123.0000,5124.0000,1,3,3,5,3,2,1,1,1,2
SF,IC2005,2020-04-07 09:33:52.200,5118.4000,5284,0,248963400.000,0,-,-,-,-,5118.2000,5116.4000,5115.8000,5115.6000,5114.2000,5118.4000,5120.8000,5121.0000,5122.4000,5123.0000,1,3,3,5,3,1,1,1,1,1
SF,IC2005,2020-04-07 09:33:52.700,5118.4000,5283,-1,249987080.000,1,0,1,双平,S,5118.2000,5116.4000,5115.8000,5115.6000,5114.2000,5120.8000,5121.0000,5122.4000,5123.0000,5124.0000,1,3,3,5,3,1,1,1,1,2
SF,IC2005,2020-04-07 09:33:54.200,5118.4000,5283,0,249987080.000,0,-,-,-,-,5118.4000,5118.2000,5116.4000,5115.8000,5115.6000,5120.8000,5121.0000,5122.4000,5123.0000,5124.0000,1,1,3,3,5,1,1,1,1,2
SF,IC2005,2020-04-07 09:33:54.700,5118.4000,5283,0,249987080.000,0,-,-,-,-,5118.6000,5118.2000,5116.4000,5115.8000,5115.6000,5120.8000,5121.0000,5122.4000,5123.0000,5124.0000,1,1,3,3,5,1,1,1,1,2
SF,IC2005,2020-04-07 09:33:55.200,5118.4000,5283,0,249987080.000,0,-,-,-,-,5118.6000,5118.4000,5118.2000,5116.4000,5115.8000,5120.6000,5121.0000,5122.4000,5123.0000,5124.0000,1,1,1,3,3,1,1,1,1,2
SF,IC2005,2020-04-07 09:33:55.700,5118.4000,5283,0,249987080.000,0,-,-,-,-,5119.0000,5118.6000,5118.4000,5118.2000,5116.4000,5120.6000,5121.0000,5122.4000,5123.0000,5124.0000,1,1,1,1,3,1,1,1,1,2
SF,IC2005,2020-04-07 09:33:56.200,5118.4000,5283,0,249987080.000,0,-,-,-,-,5118.6000,5118.4000,5118.2000,5116.4000,5115.8000,5120.6000,5122.4000,5123.0000,5124.0000,5124.4000,1,1,1,3,3,1,1,1,2,1
SF,IC2005,2020-04-07 09:33:56.700,5118.4000,5283,0,249987080.000,0,-,-,-,-,5120.0000,5118.6000,5118.4000,5118.2000,5116.4000,5120.6000,5122.4000,5123.0000,5124.0000,5124.4000,1,1,1,1,3,1,1,1,2,1
SF,IC2005,2020-04-07 09:33:57.200,5120.0000,5283,0,251011080.000,1,0,1,多换,S,5118.4000,5118.2000,5116.4000,5115.8000,5115.6000,5120.0000,5120.4000,5120.6000,5122.4000,5123.0000,1,1,3,3,5,1,1,1,1,1
SF,IC2005,2020-04-07 09:33:57.700,5120.0000,5283,0,251011080.000,0,-,-,-,-,5118.2000,5116.4000,5115.8000,5115.6000,5114.2000,5120.6000,5122.4000,5123.0000,5124.0000,5124.4000,1,3,3,5,3,1,1,1,2,1
SF,IC2005,2020-04-07 09:33:58.200,5120.0000,5283,0,251011080.000,0,-,-,-,-,5118.4000,5118.2000,5116.4000,5115.8000,5115.6000,5120.6000,5122.4000,5123.0000,5124.0000,5124.4000,1,1,3,3,5,1,1,1,2,1
SF,IC2005,2020-04-07 09:33:58.700,5120.6000,5283,0,252035200.000,1,0,1,多换,S,5118.4000,5118.2000,5116.4000,5115.8000,5115.6000,5122.4000,5123.0000,5124.0000,5124.4000,5124.6000,1,1,3,3,5,1,1,2,1,1
SF,IC2005,2020-04-07 09:33:59.200,5120.6000,5283,0,252035200.000,0,-,-,-,-,5118.6000,5118.4000,5118.2000,5116.4000,5115.8000,5122.2000,5123.0000,5124.0000,5124.4000,5124.6000,1,1,1,3,3,2,1,2,1,1
SF,IC2005,2020-04-07 09:33:59.700,5120.6000,5283,0,252035200.000,0,-,-,-,-,5119.0000,5118.8000,5118.6000,5118.2000,5116.4000,5122.2000,5123.0000,5124.0000,5124.4000,5124.8000,1,1,1,1,3,2,1,2,1,1
SF,IC2005,2020-04-07 09:34:00.200,5120.6000,5283,0,252035200.000,0,-,-,-,-,5119.2000,5119.0000,5118.2000,5116.4000,5115.8000,5122.2000,5123.0000,5124.0000,5124.4000,5124.8000,1,1,1,3,3,2,1,2,1,1
SF,IC2005,2020-04-07 09:34:00.700,5120.6000,5283,0,252035200.000,0,-,-,-,-,5119.2000,5118.2000,5116.4000,5115.8000,5115.6000,5122.2000,5123.0000,5124.0000,5124.4000,5124.8000,1,1,3,3,5,1,1,2,1,1
SF,IC2005,2020-04-07 09:34:01.200,5120.6000,5283,0,252035200.000,0,-,-,-,-,5119.4000,5119.2000,5118.2000,5116.4000,5115.8000,5122.2000,5123.0000,5124.0000,5124.4000,5124.8000,1,1,1,3,3,1,1,2,1,1
SF,IC2005,2020-04-07 09:34:01.700,5120.6000,5283,0,252035200.000,0,-,-,-,-,5119.8000,5119.4000,5119.2000,5118.2000,5116.4000,5122.2000,5123.0000,5124.0000,5124.4000,5124.8000,1,1,1,1,3,1,1,2,1,1
SF,IC2005,2020-04-07 09:34:02.200,5120.6000,5283,0,252035200.000,0,-,-,-,-,5119.8000,5119.2000,5118.2000,5116.4000,5115.8000,5122.2000,5123.0000,5124.0000,5124.4000,5124.8000,1,1,1,3,3,1,1,2,1,1
SF,IC2005,2020-04-07 09:34:02.700,5120.6000,5283,0,252035200.000,0,-,-,-,-,5119.8000,5119.2000,5118.2000,5116.4000,5115.8000,5122.2000,5122.4000,5123.0000,5124.0000,5124.4000,1,1,1,3,3,1,1,1,2,1
SF,IC2005,2020-04-07 09:34:03.200,5120.6000,5283,0,252035200.000,0,-,-,-,-,5119.8000,5119.2000,5118.2000,5116.4000,5115.8000,5122.2000,5123.0000,5124.0000,5124.4000,5124.8000,1,1,1,3,3,1,1,2,1,1
SF,IC2005,2020-04-07 09:34:03.700,5120.6000,5283,0,252035200.000,0,-,-,-,-,5119.2000,5118.2000,5116.4000,5115.8000,5115.6000,5122.2000,5123.0000,5124.0000,5124.4000,5124.8000,1,1,3,3,5,1,1,2,1,1
SF,IC2005,2020-04-07 09:34:04.200,5120.6000,5283,0,252035200.000,0,-,-,-,-,5119.2000,5118.2000,5116.4000,5115.8000,5115.6000,5122.2000,5123.0000,5124.0000,5124.4000,5124.8000,1,1,3,3,5,1,1,2,1,1
SF,IC2005,2020-04-07 09:34:04.700,5122.2000,5284,1,253059640.000,1,1,0,双开,S,5119.8000,5119.6000,5119.4000,5119.2000,5118.2000,5123.0000,5124.0000,5124.4000,5124.8000,5125.0000,1,1,2,1,1,1,2,1,1,1
SF,IC2005,2020-04-07 09:34:05.200,5123.0000,5284,0,254084240.000,1,0,1,多换,S,5120.0000,5119.8000,5119.6000,5119.4000,5118.2000,5124.0000,5124.4000,5124.8000,5125.0000,5125.2000,3,1,2,2,1,2,1,1,1,1
SF,IC2005,2020-04-07 09:34:05.700,5123.0000,5284,0,254084240.000,0,-,-,-,-,5121.4000,5120.6000,5120.4000,5120.2000,5120.0000,5124.4000,5124.8000,5125.0000,5125.6000,5127.0000,1,1,4,1,6,1,1,1,1,1
SF,IC2005,2020-04-07 09:34:06.200,5124.4000,5284,0,255109120.000,1,0,1,多换,S,5121.6000,5121.4000,5120.8000,5120.6000,5120.4000,5124.8000,5125.0000,5127.0000,5127.2000,5127.6000,3,1,1,1,4,1,1,1,1,3
SF,IC2005,2020-04-07 09:34:06.700,5122.0000,5282,-2,257157920.000,2,0,2,双平,S,5121.8000,5121.6000,5121.4000,5120.8000,5120.4000,5125.0000,5127.6000,5128.8000,5129.0000,5129.4000,2,4,1,1,4,1,1,1,2,1
SF,IC2005,2020-04-07 09:34:07.200,5122.0000,5283,1,258182320.000,1,1,0,双开,S,5121.8000,5121.6000,5121.4000,5120.8000,5120.4000,5124.8000,5125.0000,5128.8000,5129.0000,5129.4000,1,2,1,1,4,1,2,1,1,1
SF,IC2005,2020-04-07 09:34:07.700,5122.0000,5283,0,258182320.000,0,-,-,-,-,5121.6000,5121.4000,5120.8000,5120.4000,5120.2000,5124.8000,5125.0000,5128.8000,5129.0000,5129.4000,1,1,1,4,1,1,2,1,1,1
SF,IC2005,2020-04-07 09:34:08.200,5122.0000,5283,0,258182320.000,0,-,-,-,-,5121.4000,5120.4000,5120.2000,5120.0000,5119.6000,5124.6000,5124.8000,5125.0000,5128.6000,5128.8000,1,4,1,3,2,1,1,1,1,1
SF,IC2005,2020-04-07 09:34:08.700,5122.0000,5283,0,258182320.000,0,-,-,-,-,5121.4000,5120.4000,5120.2000,5119.6000,5119.4000,5124.2000,5124.4000,5124.6000,5125.0000,5128.6000,1,4,1,2,1,1,1,1,1,1
SF,IC2005,2020-04-07 09:34:09.200,5122.0000,5283,0,258182320.000,0,-,-,-,-,5119.6000,5119.4000,5118.2000,5116.4000,5115.8000,5124.0000,5124.2000,5125.0000,5128.6000,5128.8000,2,1,2,3,3,2,1,1,1,1
SF,IC2005,2020-04-07 09:34:09.700,5122.0000,5283,0,258182320.000,0,-,-,-,-,5122.0000,5121.4000,5120.4000,5120.2000,5119.8000,5123.8000,5124.0000,5125.0000,5128.6000,5128.8000,1,1,2,1,2,1,1,1,1,1
SF,IC2005,2020-04-07 09:34:10.200,5122.0000,5283,0,258182320.000,0,-,-,-,-,5122.0000,5120.2000,5119.8000,5119.6000,5119.4000,5124.0000,5125.0000,5128.6000,5128.8000,5129.0000,1,2,1,2,1,1,1,1,1,2
SF,IC2005,2020-04-07 09:34:10.700,5122.0000,5283,0,258182320.000,0,-,-,-,-,5120.2000,5119.8000,5119.6000,5119.4000,5118.2000,5125.0000,5128.6000,5128.8000,5129.0000,5129.4000,2,1,1,1,2,1,1,1,2,1
SF,IC2005,2020-04-07 09:34:11.200,5122.0000,5283,0,258182320.000,0,-,-,-,-,5123.8000,5121.4000,5120.8000,5120.4000,5120.2000,5124.8000,5125.0000,5128.6000,5128.8000,5129.0000,1,1,1,4,2,2,2,1,1,2
SF,IC2005,2020-04-07 09:34:11.700,5123.8000,5283,0,259207080.000,1,0,1,多换,S,5121.4000,5120.8000,5120.4000,5120.2000,5119.6000,5124.8000,5125.0000,5128.6000,5128.8000,5129.0000,1,1,4,1,1,1,2,1,1,2
SF,IC2005,2020-04-07 09:34:12.200,5123.8000,5283,0,259207080.000,0,-,-,-,-,5121.6000,5121.4000,5120.8000,5120.4000,5119.6000,5124.6000,5124.8000,5125.0000,5128.6000,5128.8000,2,1,1,3,1,1,1,2,1,1
SF,IC2005,2020-04-07 09:34:12.700,5123.8000,5283,0,259207080.000,0,-,-,-,-,5122.0000,5121.6000,5121.4000,5120.8000,5120.4000,5124.6000,5124.8000,5125.0000,5128.6000,5128.8000,1,3,1,1,3,1,1,2,1,1
SF,IC2005,2020-04-07 09:34:13.200,5123.8000,5283,0,259207080.000,0,-,-,-,-,5122.2000,5122.0000,5121.6000,5121.4000,5120.8000,5124.6000,5124.8000,5125.0000,5128.6000,5128.8000,1,1,2,1,1,1,1,2,1,1
SF,IC2005,2020-04-07 09:34:13.700,5123.8000,5283,0,259207080.000,0,-,-,-,-,5122.2000,5121.6000,5119.6000,5119.4000,5118.2000,5124.6000,5124.8000,5125.0000,5128.6000,5128.8000,1,1,1,1,2,1,1,2,1,1
SF,IC2005,2020-04-07 09:34:14.200,5123.8000,5283,0,259207080.000,0,-,-,-,-,5122.6000,5122.2000,5121.6000,5119.6000,5119.4000,5124.6000,5124.8000,5125.0000,5128.6000,5128.8000,2,1,1,1,1,1,1,2,1,1
SF,IC2005,2020-04-07 09:34:14.700,5122.6000,5282,-1,260231600.000,1,0,1,双平,S,5122.6000,5122.2000,5119.6000,5119.4000,5118.2000,5123.6000,5124.8000,5125.0000,5128.6000,5128.8000,1,1,1,1,2,1,1,2,1,1
SF,IC2005,2020-04-07 09:34:15.200,5122.6000,5282,0,260231600.000,0,-,-,-,-,5122.6000,5122.2000,5119.6000,5119.4000,5118.2000,5123.6000,5124.8000,5125.0000,5128.6000,5128.8000,1,1,1,1,2,1,1,2,1,1
SF,IC2005,2020-04-07 09:34:15.700,5123.6000,5281,-1,261256320.000,1,0,1,双平,S,5122.6000,5122.4000,5122.2000,5119.6000,5119.4000,5124.0000,5124.8000,5125.0000,5128.6000,5128.8000,1,1,1,1,1,1,1,2,1,1
SF,IC2005,2020-04-07 09:34:16.200,5124.0000,5281,0,262281120.000,1,0,1,多换,S,5122.6000,5122.4000,5122.2000,5119.6000,5119.4000,5124.8000,5125.0000,5128.6000,5128.8000,5129.0000,1,1,1,1,1,1,2,1,1,1
SF,IC2005,2020-04-07 09:34:17.200,5124.0000,5281,0,262281120.000,0,-,-,-,-,5122.6000,5122.4000,5122.2000,5119.6000,5119.4000,5124.8000,5125.0000,5128.6000,5128.8000,5129.0000,1,1,1,1,1,1,2,2,1,1
SF,IC2005,2020-04-07 09:34:19.700,5124.0000,5281,0,262281120.000,0,-,-,-,-,5122.6000,5122.4000,5122.2000,5119.6000,5119.4000,5124.8000,5125.0000,5128.6000,5128.8000,5129.0000,1,1,1,1,1,1,1,2,1,1
SF,IC2005,2020-04-07 09:34:20.200,5124.0000,5281,0,262281120.000,0,-,-,-,-,5122.8000,5122.6000,5122.4000,5119.6000,5119.4000,5124.8000,5128.6000,5128.8000,5129.0000,5129.8000,1,1,1,1,1,1,2,1,1,2
SF,IC2005,2020-04-07 09:34:20.700,5124.0000,5281,0,262281120.000,0,-,-,-,-,5123.0000,5122.8000,5122.6000,5122.4000,5119.6000,5124.8000,5128.6000,5128.8000,5129.0000,5129.8000,1,1,1,1,1,1,2,1,1,2
SF,IC2005,2020-04-07 09:34:21.700,5124.8000,5280,-1,263306080.000,1,0,1,双平,S,5123.0000,5122.8000,5122.6000,5122.4000,5119.6000,5128.6000,5128.8000,5129.0000,5129.8000,5130.0000,1,1,1,1,1,2,1,1,2,1
SF,IC2005,2020-04-07 09:34:22.200,5124.8000,5280,0,263306080.000,0,-,-,-,-,5123.2000,5123.0000,5122.6000,5122.4000,5119.6000,5125.4000,5128.0000,5128.2000,5128.4000,5128.6000,1,1,1,1,1,1,1,3,3,1
SF,IC2005,2020-04-07 09:34:22.700,5124.8000,5280,0,263306080.000,0,-,-,-,-,5122.6000,5122.4000,5119.6000,5119.4000,5118.2000,5125.4000,5128.2000,5128.4000,5128.6000,5128.8000,1,1,1,1,2,1,3,3,1,1
SF,IC2005,2020-04-07 09:34:23.200,5125.4000,5279,-1,264331160.000,1,0,1,双平,S,5122.8000,5122.6000,5122.4000,5119.6000,5119.4000,5125.2000,5128.2000,5128.4000,5128.6000,5128.8000,1,1,1,1,1,1,3,2,1,1
SF,IC2005,2020-04-07 09:34:23.700,5125.4000,5279,0,264331160.000,0,-,-,-,-,5122.8000,5122.6000,5122.4000,5119.6000,5119.4000,5125.2000,5127.0000,5128.2000,5128.4000,5128.6000,1,1,1,1,1,1,1,3,2,1
SF,IC2005,2020-04-07 09:34:24.200,5125.4000,5279,0,264331160.000,0,-,-,-,-,5122.8000,5122.6000,5122.4000,5119.6000,5119.4000,5125.2000,5127.0000,5128.2000,5128.4000,5128.6000,1,1,1,1,1,1,1,2,2,1
SF,IC2005,2020-04-07 09:34:24.700,5125.4000,5279,0,264331160.000,0,-,-,-,-,5122.8000,5122.6000,5122.4000,5119.6000,5119.4000,5125.2000,5127.0000,5128.2000,5128.4000,5128.6000,1,1,1,1,1,1,1,2,2,1
SF,IC2005,2020-04-07 09:34:25.200,5125.4000,5279,0,265356240.000,1,0,1,多换,S,5123.4000,5122.8000,5122.6000,5122.4000,5119.6000,5128.2000,5128.4000,5128.6000,5128.8000,5129.0000,1,2,1,1,1,2,2,1,1,1
SF,IC2005,2020-04-07 09:34:25.700,5125.4000,5279,0,265356240.000,0,-,-,-,-,5123.6000,5123.4000,5122.8000,5122.6000,5122.4000,5127.2000,5127.6000,5128.0000,5128.2000,5128.4000,1,1,2,1,1,2,1,2,3,1
SF,IC2005,2020-04-07 09:34:26.200,5125.4000,5279,0,265356240.000,0,-,-,-,-,5123.8000,5122.6000,5122.4000,5119.4000,5118.2000,5128.0000,5128.2000,5128.4000,5128.8000,5129.0000,2,1,1,1,2,2,2,1,1,1
SF,IC2005,2020-04-07 09:34:26.700,5125.4000,5279,0,265356240.000,0,-,-,-,-,5123.8000,5122.6000,5122.4000,5119.4000,5118.2000,5128.0000,5128.2000,5128.4000,5128.8000,5129.0000,3,1,1,1,2,1,2,1,1,1
SF,IC2005,2020-04-07 09:34:27.200,5125.4000,5279,0,265356240.000,0,-,-,-,-,5124.0000,5123.8000,5122.6000,5122.4000,5119.4000,5128.0000,5128.2000,5128.4000,5128.8000,5129.0000,1,3,1,1,1,1,2,1,1,1
SF,IC2005,2020-04-07 09:34:27.700,5125.4000,5279,0,265356240.000,0,-,-,-,-,5124.4000,5124.2000,5124.0000,5123.8000,5122.6000,5128.2000,5128.4000,5128.8000,5129.0000,5129.8000,1,3,1,1,1,2,1,1,1,2
