市场代码,合约代码,时间,最新,持仓,增仓,成交额,成交量,开仓,平仓,成交类型,方向,买一价,买二价,买三价,买四价,买五价,卖一价,卖二价,卖三价,卖四价,卖五价,买一量,买二量,买三量,买四量,买五量,卖一量,卖二量,卖三量,卖四量,卖五量
SF,IC2001,2019-11-27 09:29:00.100,4813.0000,4041,0,3850400.000,4.000,-,-,-,-,4810.2000,4806.0000,4800.2000,4795.0000,4794.8000,4817.0000,4817.6000,4826.8000,4828.6000,4829.0000,1,1,1,1,1,2,1,1,1,1
SF,IC2001,2019-11-27 09:30:00.100,4813.0000,4041,0,3850400.000,0,-,-,-,-,4810.2000,4806.0000,4800.2000,4795.0000,4790.0000,4811.0000,4813.6000,4814.4000,4816.2000,4817.0000,1,1,1,1,1,1,1,3,1,2
SF,IC2001,2019-11-27 09:30:00.600,4811.0000,4040,-1,4812600.000,1,0,1,双平,S,4810.2000,4807.4000,4806.0000,4800.2000,4798.6000,4811.0000,4812.6000,4813.6000,4814.4000,4816.2000,1,1,1,1,3,1,1,1,3,1
SF,IC2001,2019-11-27 09:30:01.100,4811.0000,4040,0,4812600.000,0,-,-,-,-,4810.2000,4807.4000,4806.0000,4802.4000,4800.2000,4811.0000,4812.6000,4814.4000,4816.2000,4817.0000,1,1,1,5,1,1,1,2,1,2
SF,IC2001,2019-11-27 09:30:01.600,4810.2000,4041,1,5774640.000,1,1,0,双开,S,4807.4000,4806.0000,4802.4000,4800.2000,4798.6000,4811.0000,4812.6000,4814.4000,4816.2000,4817.0000,1,1,5,1,3,1,1,2,1,2
SF,IC2001,2019-11-27 09:30:02.100,4810.2000,4041,0,5774640.000,0,-,-,-,-,4807.6000,4807.4000,4806.0000,4802.4000,4800.2000,4811.0000,4812.6000,4814.4000,4816.2000,4817.0000,1,2,1,5,1,1,1,2,1,2
SF,IC2001,2019-11-27 09:30:02.600,4810.2000,4041,0,5774640.000,0,-,-,-,-,4806.0000,4802.4000,4800.2000,4798.6000,4790.0000,4809.2000,4810.8000,4811.0000,4812.6000,4814.4000,2,5,1,3,1,1,5,2,1,2
SF,IC2001,2019-11-27 09:30:03.100,4806.2000,4040,-1,6735880.000,1,0,1,双平,S,4806.2000,4806.0000,4802.4000,4800.2000,4798.6000,4809.0000,4809.2000,4810.8000,4811.0000,4812.6000,1,2,5,2,3,1,1,4,2,1
SF,IC2001,2019-11-27 09:30:03.600,4806.2000,4040,0,6735880.000,0,-,-,-,-,4806.2000,4806.0000,4802.4000,4800.2000,4798.6000,4809.0000,4809.2000,4810.8000,4811.0000,4812.6000,2,2,5,2,3,1,1,4,2,1
SF,IC2001,2019-11-27 09:30:04.600,4806.2000,4040,0,6735880.000,0,-,-,-,-,4806.2000,4806.0000,4804.6000,4802.4000,4800.2000,4809.0000,4809.2000,4809.4000,4810.8000,4811.0000,2,1,1,5,2,1,1,1,4,2
SF,IC2001,2019-11-27 09:30:05.600,4806.0000,4041,1,12503160.000,6,3,3,空开,S,4804.6000,4802.4000,4800.2000,4798.6000,4790.0000,4806.0000,4809.0000,4809.2000,4809.4000,4810.8000,1,5,2,3,1,14,1,1,1,4
SF,IC2001,2019-11-27 09:30:06.100,4806.0000,4041,0,13464360.000,1,0,1,多换,S,4805.8000,4804.8000,4804.6000,4802.4000,4800.2000,4806.0000,4809.2000,4809.4000,4810.8000,4811.0000,2,2,1,5,2,13,1,1,4,2
SF,IC2001,2019-11-27 09:30:06.600,4806.0000,4041,0,13464360.000,0,-,-,-,-,4804.6000,4802.4000,4800.2000,4798.6000,4790.0000,4806.0000,4809.2000,4809.4000,4810.0000,4810.8000,1,5,2,3,1,13,1,1,1,4
SF,IC2001,2019-11-27 09:30:07.100,4806.0000,4041,0,13464360.000,0,-,-,-,-,4803.2000,4802.4000,4800.2000,4798.6000,4790.0000,4806.0000,4808.0000,4809.2000,4809.4000,4810.0000,1,5,2,3,1,13,1,1,1,1
SF,IC2001,2019-11-27 09:30:07.600,4806.0000,4041,0,13464360.000,0,-,-,-,-,4804.0000,4803.4000,4803.2000,4800.2000,4796.6000,4806.0000,4808.0000,4809.2000,4809.4000,4810.0000,1,2,1,2,5,13,1,1,1,1
SF,IC2001,2019-11-27 09:30:08.100,4806.0000,4041,0,13464360.000,0,-,-,-,-,4803.4000,4803.2000,4800.2000,4796.6000,4790.0000,4806.0000,4808.0000,4809.2000,4809.4000,4810.0000,1,1,2,5,1,13,1,1,1,1
SF,IC2001,2019-11-27 09:30:08.600,4806.0000,4041,0,13464360.000,0,-,-,-,-,4803.4000,4803.2000,4800.2000,4796.6000,4790.0000,4806.0000,4808.0000,4809.2000,4809.4000,4810.0000,2,1,2,5,1,13,1,1,1,1
SF,IC2001,2019-11-27 09:30:09.600,4803.4000,4040,-1,14425040.000,1,0,1,双平,S,4803.2000,4800.2000,4796.6000,4790.0000,4783.0000,4806.0000,4808.0000,4809.2000,4809.4000,4810.0000,1,2,5,1,1,13,1,1,1,1
SF,IC2001,2019-11-27 09:30:10.100,4803.4000,4040,0,14425040.000,0,-,-,-,-,4803.2000,4800.2000,4796.6000,4790.0000,4783.0000,4805.8000,4806.0000,4808.0000,4809.2000,4809.4000,1,2,5,1,1,1,13,1,1,1
SF,IC2001,2019-11-27 09:30:11.100,4803.4000,4040,0,14425040.000,0,-,-,-,-,4801.6000,4800.2000,4796.6000,4790.0000,4783.0000,4805.6000,4805.8000,4806.0000,4806.6000,4808.0000,1,2,5,1,1,1,1,13,1,1
SF,IC2001,2019-11-27 09:30:11.600,4803.4000,4040,0,14425040.000,0,-,-,-,-,4802.6000,4801.8000,4801.6000,4800.2000,4796.6000,4806.0000,4806.6000,4808.0000,4809.2000,4809.4000,1,2,1,2,5,13,1,1,1,1
SF,IC2001,2019-11-27 09:30:12.100,4803.4000,4040,0,14425040.000,0,-,-,-,-,4802.8000,4802.6000,4802.0000,4801.8000,4801.6000,4803.2000,4805.0000,4805.8000,4806.0000,4806.6000,1,1,1,1,1,1,1,2,13,1
SF,IC2001,2019-11-27 09:30:12.600,4803.4000,4039,-1,15385720.000,1,0,1,双平,S,4804.0000,4803.2000,4802.8000,4802.6000,4802.0000,4805.0000,4805.8000,4806.0000,4806.6000,4808.0000,1,3,1,1,1,1,1,13,1,1
SF,IC2001,2019-11-27 09:30:13.100,4803.4000,4039,0,15385720.000,0,-,-,-,-,4803.2000,4802.0000,4801.8000,4801.6000,4800.2000,4805.0000,4805.8000,4806.0000,4806.6000,4808.0000,1,1,1,1,2,1,1,13,1,1
SF,IC2001,2019-11-27 09:30:13.600,4803.4000,4039,0,15385720.000,0,-,-,-,-,4803.2000,4802.0000,4801.8000,4801.6000,4800.2000,4804.8000,4805.0000,4805.8000,4806.0000,4806.6000,1,1,1,1,2,1,1,1,13,1
SF,IC2001,2019-11-27 09:30:15.100,4803.4000,4039,0,15385720.000,0,-,-,-,-,4802.0000,4801.8000,4801.6000,4800.2000,4796.6000,4804.8000,4805.0000,4805.8000,4806.0000,4806.6000,1,1,1,2,5,1,1,1,13,1
SF,IC2001,2019-11-27 09:30:15.600,4803.4000,4039,0,15385720.000,0,-,-,-,-,4802.2000,4802.0000,4801.8000,4801.6000,4800.2000,4804.8000,4805.0000,4805.8000,4806.0000,4806.6000,1,1,1,1,2,1,1,1,13,1
SF,IC2001,2019-11-27 09:30:16.600,4803.4000,4039,0,15385720.000,0,-,-,-,-,4802.4000,4802.2000,4802.0000,4801.8000,4801.6000,4804.8000,4805.0000,4805.8000,4806.0000,4806.6000,1,1,1,1,1,1,1,1,13,1
SF,IC2001,2019-11-27 09:30:17.100,4803.4000,4039,0,15385720.000,0,-,-,-,-,4802.6000,4802.4000,4802.2000,4802.0000,4801.8000,4805.0000,4805.8000,4806.0000,4806.6000,4808.0000,1,1,1,1,1,1,1,13,1,1
SF,IC2001,2019-11-27 09:30:17.600,4803.4000,4039,0,15385720.000,0,-,-,-,-,4802.8000,4802.6000,4802.4000,4802.2000,4802.0000,4805.0000,4805.8000,4806.0000,4806.6000,4808.0000,1,1,1,1,1,1,1,13,1,1
SF,IC2001,2019-11-27 09:30:18.100,4803.4000,4039,0,15385720.000,0,-,-,-,-,4803.0000,4802.8000,4802.6000,4802.4000,4802.2000,4805.0000,4806.0000,4806.6000,4808.0000,4809.2000,1,1,1,1,1,1,13,1,1,1
SF,IC2001,2019-11-27 09:30:18.600,4803.4000,4039,0,15385720.000,0,-,-,-,-,4802.6000,4802.4000,4802.2000,4802.0000,4801.8000,4805.0000,4806.0000,4806.6000,4808.0000,4809.2000,1,1,1,1,1,1,13,1,1,1
SF,IC2001,2019-11-27 09:30:19.100,4803.4000,4039,0,16346400.000,1,0,1,多换,S,4803.8000,4803.2000,4802.8000,4802.6000,4802.4000,4805.0000,4806.0000,4806.6000,4808.0000,4809.2000,1,1,2,1,1,1,13,1,1,1
SF,IC2001,2019-11-27 09:30:19.600,4805.0000,4039,0,17307400.000,1,0,1,多换,S,4803.2000,4803.0000,4802.8000,4802.6000,4802.4000,4806.0000,4806.6000,4808.0000,4809.2000,4809.4000,1,1,1,2,1,13,1,1,1,1
SF,IC2001,2019-11-27 09:30:20.100,4805.0000,4039,0,17307400.000,0,-,-,-,-,4804.0000,4803.6000,4803.4000,4803.2000,4803.0000,4806.0000,4808.0000,4809.2000,4809.4000,4810.0000,1,1,3,1,2,13,1,1,1,1
SF,IC2001,2019-11-27 09:30:20.600,4805.0000,4039,0,17307400.000,0,-,-,-,-,4804.2000,4804.0000,4803.6000,4803.4000,4803.2000,4806.0000,4808.0000,4809.2000,4809.4000,4810.0000,2,1,1,3,1,13,1,1,1,1
SF,IC2001,2019-11-27 09:30:21.600,4805.0000,4039,0,17307400.000,0,-,-,-,-,4804.4000,4804.2000,4804.0000,4803.6000,4803.4000,4806.0000,4808.0000,4809.2000,4809.4000,4810.0000,1,2,1,1,3,13,1,1,1,1
SF,IC2001,2019-11-27 09:30:22.100,4805.0000,4039,0,17307400.000,0,-,-,-,-,4804.4000,4804.2000,4804.0000,4803.6000,4803.4000,4806.0000,4808.0000,4809.2000,4809.4000,4810.0000,1,1,1,1,3,13,1,1,1,1
SF,IC2001,2019-11-27 09:30:22.600,4805.0000,4039,0,17307400.000,0,-,-,-,-,4804.0000,4803.6000,4803.4000,4803.2000,4803.0000,4806.0000,4808.0000,4809.2000,4809.4000,4810.0000,1,1,3,1,2,13,1,1,1,1
SF,IC2001,2019-11-27 09:30:23.100,4805.0000,4039,0,17307400.000,0,-,-,-,-,4803.4000,4803.2000,4803.0000,4802.8000,4802.6000,4806.0000,4808.0000,4809.2000,4809.4000,4810.0000,2,1,2,2,1,13,1,1,1,1
SF,IC2001,2019-11-27 09:30:23.600,4805.0000,4039,0,17307400.000,0,-,-,-,-,4804.8000,4804.2000,4804.0000,4803.8000,4803.6000,4806.0000,4808.0000,4809.2000,4809.4000,4810.0000,1,1,1,1,3,13,1,1,1,1
SF,IC2001,2019-11-27 09:30:24.100,4805.0000,4039,0,17307400.000,0,-,-,-,-,4804.2000,4804.0000,4803.8000,4803.6000,4803.4000,4806.0000,4808.0000,4809.2000,4809.4000,4810.0000,1,1,1,2,2,13,1,1,1,1
SF,IC2001,2019-11-27 09:30:24.600,4806.0000,4039,0,19229800.000,2,1,1,多换,S,4805.0000,4804.6000,4804.4000,4804.2000,4804.0000,4806.0000,4808.0000,4809.2000,4809.4000,4810.0000,1,1,1,1,1,11,1,1,1,1
SF,IC2001,2019-11-27 09:30:25.100,4806.0000,4039,0,20191000.000,1,0,1,多换,S,4805.4000,4805.0000,4804.6000,4804.4000,4804.2000,4806.0000,4808.0000,4809.2000,4809.4000,4810.0000,1,1,1,1,1,10,1,1,1,1
SF,IC2001,2019-11-27 09:30:25.600,4806.0000,4040,1,26919400.000,7,4,3,空开,S,4805.6000,4805.0000,4804.6000,4804.4000,4804.2000,4806.0000,4809.2000,4809.4000,4810.0000,4810.8000,1,2,2,1,1,3,1,1,1,3
SF,IC2001,2019-11-27 09:30:26.100,4806.0000,4041,1,29803000.000,3,2,1,空开,S,4805.0000,4804.6000,4804.4000,4804.2000,4803.8000,4809.2000,4809.4000,4810.0000,4810.8000,4811.0000,2,2,1,1,1,1,1,1,3,2
SF,IC2001,2019-11-27 09:30:26.600,4806.0000,4041,0,29803000.000,0,-,-,-,-,4805.2000,4805.0000,4804.6000,4804.4000,4804.2000,4808.0000,4809.0000,4809.2000,4809.4000,4810.0000,1,2,2,1,1,3,1,2,1,1
SF,IC2001,2019-11-27 09:30:27.100,4806.0000,4041,0,29803000.000,0,-,-,-,-,4805.2000,4805.0000,4804.6000,4804.4000,4804.2000,4807.8000,4809.2000,4809.4000,4810.0000,4810.8000,1,2,2,1,1,1,1,1,1,3
SF,IC2001,2019-11-27 09:30:27.600,4806.0000,4041,0,29803000.000,0,-,-,-,-,4805.2000,4805.0000,4804.6000,4804.4000,4804.2000,4807.8000,4809.2000,4810.8000,4811.0000,4817.0000,2,2,2,1,1,1,1,3,2,2
SF,IC2001,2019-11-27 09:30:28.100,4806.0000,4041,0,29803000.000,0,-,-,-,-,4806.8000,4805.4000,4805.2000,4805.0000,4804.6000,4807.8000,4809.2000,4811.0000,4817.0000,4817.6000,1,1,2,2,2,1,1,2,2,1
SF,IC2001,2019-11-27 09:30:28.600,4807.8000,4040,-1,30764560.000,1,0,1,双平,S,4805.2000,4805.0000,4804.6000,4804.4000,4804.2000,4809.2000,4809.4000,4811.0000,4817.0000,4817.6000,2,2,2,1,1,1,1,2,2,1
SF,IC2001,2019-11-27 09:30:29.100,4807.8000,4040,0,30764560.000,0,-,-,-,-,4805.2000,4805.0000,4804.6000,4804.4000,4804.2000,4808.8000,4809.0000,4809.2000,4811.0000,4817.0000,2,2,2,1,1,1,2,1,2,2
SF,IC2001,2019-11-27 09:30:29.600,4807.8000,4040,0,30764560.000,0,-,-,-,-,4805.6000,4805.4000,4805.2000,4805.0000,4804.6000,4808.6000,4809.2000,4811.0000,4817.0000,4817.6000,1,1,3,2,2,1,1,2,2,1
SF,IC2001,2019-11-27 09:30:30.100,4808.6000,4039,-1,31726280.000,1,0,1,双平,S,4807.6000,4807.2000,4807.0000,4806.2000,4805.8000,4809.2000,4812.4000,4817.0000,4817.6000,4819.8000,3,2,1,3,1,1,1,2,1,5
SF,IC2001,2019-11-27 09:30:30.600,4808.6000,4039,0,31726280.000,0,-,-,-,-,4807.8000,4807.2000,4807.0000,4805.8000,4805.6000,4809.2000,4812.4000,4817.0000,4817.6000,4819.8000,2,2,1,1,1,2,1,2,1,5
SF,IC2001,2019-11-27 09:30:31.100,4808.6000,4039,0,31726280.000,0,-,-,-,-,4808.0000,4805.8000,4805.6000,4805.2000,4805.0000,4809.2000,4811.0000,4812.4000,4817.0000,4817.6000,2,1,1,1,2,2,1,1,2,1
SF,IC2001,2019-11-27 09:30:31.600,4808.6000,4039,0,31726280.000,0,-,-,-,-,4808.0000,4806.6000,4805.8000,4805.6000,4805.2000,4809.2000,4812.4000,4817.0000,4817.6000,4819.8000,2,1,1,1,1,2,1,2,1,5
SF,IC2001,2019-11-27 09:30:34.100,4808.6000,4039,0,31726280.000,0,-,-,-,-,4808.0000,4806.6000,4805.8000,4805.6000,4805.2000,4809.2000,4812.4000,4817.0000,4817.6000,4819.8000,2,1,1,1,1,2,1,2,1,5
SF,IC2001,2019-11-27 09:30:35.100,4808.6000,4039,0,31726280.000,0,-,-,-,-,4808.0000,4806.6000,4805.8000,4805.6000,4805.2000,4809.2000,4812.4000,4816.0000,4817.0000,4817.6000,2,1,1,1,1,2,1,1,2,1
SF,IC2001,2019-11-27 09:30:35.600,4808.6000,4039,0,31726280.000,0,-,-,-,-,4806.6000,4805.8000,4805.6000,4805.2000,4805.0000,4809.2000,4812.4000,4816.0000,4817.0000,4817.6000,1,1,1,1,2,2,1,1,2,1
SF,IC2001,2019-11-27 09:30:36.100,4808.6000,4039,0,31726280.000,0,-,-,-,-,4806.8000,4806.6000,4805.8000,4805.6000,4805.2000,4809.2000,4810.8000,4812.4000,4816.0000,4817.0000,4,1,1,1,1,2,1,1,1,2
SF,IC2001,2019-11-27 09:30:37.100,4808.6000,4039,0,31726280.000,0,-,-,-,-,4806.8000,4805.8000,4805.6000,4805.2000,4805.0000,4809.2000,4810.8000,4812.4000,4816.0000,4817.0000,2,1,1,1,2,2,1,1,1,2
SF,IC2001,2019-11-27 09:30:38.100,4808.6000,4039,0,31726280.000,0,-,-,-,-,4806.8000,4805.8000,4805.6000,4805.2000,4805.0000,4808.8000,4809.2000,4810.8000,4812.4000,4816.0000,2,1,1,1,2,1,2,1,1,1
SF,IC2001,2019-11-27 09:30:38.600,4806.8000,4038,-1,32687640.000,1,0,1,双平,S,4805.8000,4805.6000,4805.2000,4805.0000,4804.6000,4808.8000,4809.2000,4810.8000,4812.4000,4816.0000,1,1,1,2,2,1,2,1,1,1
SF,IC2001,2019-11-27 09:30:39.100,4806.8000,4038,0,32687640.000,0,-,-,-,-,4805.2000,4805.0000,4804.6000,4804.4000,4804.2000,4808.6000,4808.8000,4809.2000,4809.4000,4810.8000,1,2,2,1,1,1,1,2,1,1
SF,IC2001,2019-11-27 09:30:39.600,4806.8000,4038,0,32687640.000,0,-,-,-,-,4805.4000,4805.2000,4805.0000,4804.6000,4804.4000,4808.6000,4808.8000,4809.2000,4809.4000,4810.8000,3,2,1,2,1,1,1,2,1,1
SF,IC2001,2019-11-27 09:30:40.100,4805.6000,4038,0,34609880.000,2,1,1,多换,S,4805.4000,4805.2000,4805.0000,4804.6000,4804.4000,4808.8000,4809.2000,4809.4000,4810.8000,4812.4000,2,2,1,2,1,1,2,1,1,1
SF,IC2001,2019-11-27 09:30:40.600,4805.6000,4038,0,34609880.000,0,-,-,-,-,4805.8000,4805.6000,4805.4000,4805.2000,4805.0000,4809.2000,4809.4000,4810.8000,4812.4000,4816.0000,1,1,2,2,1,2,1,1,1,1
SF,IC2001,2019-11-27 09:30:41.100,4805.6000,4038,0,34609880.000,0,-,-,-,-,4806.0000,4805.8000,4805.6000,4805.2000,4805.0000,4809.2000,4809.4000,4810.8000,4812.4000,4816.0000,2,1,1,2,1,2,1,1,1,1
SF,IC2001,2019-11-27 09:30:41.600,4805.6000,4038,0,34609880.000,0,-,-,-,-,4806.0000,4805.8000,4805.6000,4805.2000,4805.0000,4808.8000,4809.2000,4809.4000,4810.8000,4812.4000,2,1,1,2,1,1,2,1,1,1
SF,IC2001,2019-11-27 09:30:42.100,4805.6000,4038,0,34609880.000,0,-,-,-,-,4806.0000,4805.2000,4805.0000,4804.6000,4804.4000,4808.8000,4809.2000,4809.4000,4810.8000,4812.4000,1,2,1,2,1,1,2,1,1,1
SF,IC2001,2019-11-27 09:30:44.600,4805.6000,4038,0,34609880.000,0,-,-,-,-,4806.0000,4805.2000,4805.0000,4804.6000,4804.4000,4808.6000,4808.8000,4809.2000,4809.4000,4810.8000,1,2,1,2,1,1,1,2,1,1
SF,IC2001,2019-11-27 09:30:45.100,4805.6000,4038,0,34609880.000,0,-,-,-,-,4806.0000,4805.2000,4805.0000,4804.6000,4804.4000,4808.8000,4809.2000,4809.4000,4810.8000,4812.4000,1,2,1,2,1,1,2,1,1,1
SF,IC2001,2019-11-27 09:30:45.600,4805.6000,4038,0,34609880.000,0,-,-,-,-,4806.0000,4805.2000,4805.0000,4804.6000,4804.4000,4808.8000,4809.2000,4809.4000,4810.8000,4812.0000,1,2,1,2,1,1,2,1,1,1
SF,IC2001,2019-11-27 09:30:47.100,4805.6000,4038,0,34609880.000,0,-,-,-,-,4806.0000,4805.2000,4805.0000,4804.6000,4804.4000,4808.0000,4808.8000,4809.2000,4809.4000,4810.8000,1,3,1,2,1,1,1,2,1,1
SF,IC2001,2019-11-27 09:30:48.600,4805.6000,4038,0,34609880.000,0,-,-,-,-,4806.0000,4805.2000,4805.0000,4804.6000,4804.4000,4808.0000,4808.8000,4809.2000,4809.4000,4810.8000,1,2,1,2,1,1,1,2,1,1
SF,IC2001,2019-11-27 09:30:49.100,4805.6000,4038,0,34609880.000,0,-,-,-,-,4806.0000,4805.2000,4805.0000,4804.6000,4804.4000,4808.0000,4808.8000,4809.2000,4809.4000,4810.8000,1,2,1,3,1,1,1,2,1,1
SF,IC2001,2019-11-27 09:30:50.100,4805.6000,4038,0,34609880.000,0,-,-,-,-,4806.2000,4806.0000,4805.2000,4805.0000,4804.6000,4808.0000,4809.2000,4809.4000,4810.8000,4812.0000,1,1,2,1,3,1,2,1,1,1
SF,IC2001,2019-11-27 09:30:50.600,4805.6000,4038,0,34609880.000,0,-,-,-,-,4806.4000,4805.2000,4805.0000,4804.6000,4804.4000,4808.0000,4809.2000,4809.4000,4810.8000,4812.0000,1,2,1,3,1,1,2,1,1,1
SF,IC2001,2019-11-27 09:30:51.100,4805.6000,4038,0,34609880.000,0,-,-,-,-,4806.4000,4805.2000,4805.0000,4804.6000,4804.4000,4808.0000,4809.2000,4809.4000,4810.8000,4812.0000,2,2,1,3,1,1,2,1,1,1
SF,IC2001,2019-11-27 09:30:51.600,4808.0000,4038,0,35571480.000,1,0,1,多换,S,4806.4000,4805.2000,4805.0000,4804.6000,4804.4000,4809.2000,4809.4000,4810.8000,4812.0000,4812.4000,2,1,1,3,1,2,1,1,1,1
SF,IC2001,2019-11-27 09:30:52.100,4808.0000,4038,0,35571480.000,0,-,-,-,-,4806.6000,4806.4000,4805.8000,4805.2000,4805.0000,4809.2000,4810.8000,4812.0000,4812.4000,4815.0000,1,2,1,1,1,2,1,1,1,1
SF,IC2001,2019-11-27 09:30:52.600,4808.0000,4038,0,35571480.000,0,-,-,-,-,4806.8000,4806.6000,4806.4000,4805.8000,4805.2000,4809.2000,4810.8000,4812.0000,4812.4000,4815.0000,2,1,1,1,1,2,1,1,1,1
SF,IC2001,2019-11-27 09:30:54.100,4808.0000,4038,0,35571480.000,0,-,-,-,-,4806.8000,4805.8000,4805.2000,4805.0000,4804.6000,4809.2000,4810.8000,4812.0000,4812.4000,4815.0000,1,1,1,1,2,2,1,1,1,1
SF,IC2001,2019-11-27 09:30:56.100,4808.0000,4038,0,35571480.000,0,-,-,-,-,4806.8000,4805.8000,4805.2000,4805.0000,4804.6000,4809.2000,4809.8000,4810.8000,4812.0000,4812.4000,1,1,1,1,2,2,1,1,1,1
SF,IC2001,2019-11-27 09:30:56.600,4808.0000,4038,0,35571480.000,0,-,-,-,-,4806.8000,4805.8000,4805.2000,4805.0000,4804.6000,4809.0000,4809.2000,4809.8000,4810.8000,4812.0000,1,1,1,1,2,1,2,1,1,1
SF,IC2001,2019-11-27 09:30:57.100,4808.0000,4038,0,35571480.000,0,-,-,-,-,4805.8000,4805.2000,4805.0000,4804.6000,4804.4000,4809.0000,4809.2000,4809.8000,4810.8000,4812.0000,1,1,1,2,1,1,2,1,1,1
SF,IC2001,2019-11-27 09:30:57.600,4808.0000,4038,0,35571480.000,0,-,-,-,-,4806.0000,4805.8000,4805.2000,4805.0000,4804.6000,4809.0000,4809.2000,4809.8000,4810.8000,4812.0000,3,1,1,1,2,1,2,1,1,1
SF,IC2001,2019-11-27 09:30:59.100,4808.0000,4038,0,35571480.000,0,-,-,-,-,4806.2000,4806.0000,4805.2000,4805.0000,4804.6000,4809.0000,4809.2000,4809.8000,4810.8000,4812.0000,1,3,1,1,2,1,2,1,1,1
SF,IC2001,2019-11-27 09:30:59.600,4808.0000,4038,0,35571480.000,0,-,-,-,-,4806.2000,4806.0000,4805.2000,4805.0000,4804.6000,4809.0000,4809.2000,4809.8000,4810.8000,4812.0000,1,2,1,1,2,1,2,1,1,1
SF,IC2001,2019-11-27 09:31:00.100,4808.0000,4038,0,35571480.000,0,-,-,-,-,4806.2000,4806.0000,4805.2000,4805.0000,4804.6000,4809.0000,4809.2000,4809.8000,4810.8000,4812.0000,1,2,1,1,2,1,1,1,1,1
SF,IC2001,2019-11-27 09:31:00.600,4808.0000,4038,0,35571480.000,0,-,-,-,-,4805.2000,4805.0000,4804.6000,4804.4000,4804.2000,4808.8000,4809.0000,4809.2000,4809.8000,4810.8000,1,1,2,1,1,1,2,1,1,1
SF,IC2001,2019-11-27 09:31:01.100,4808.0000,4038,0,35571480.000,0,-,-,-,-,4805.2000,4805.0000,4804.6000,4804.4000,4804.2000,4808.6000,4808.8000,4809.0000,4809.2000,4809.8000,1,1,2,1,1,1,2,2,1,1
SF,IC2001,2019-11-27 09:31:01.600,4808.0000,4038,0,35571480.000,0,-,-,-,-,4805.4000,4805.2000,4805.0000,4804.6000,4804.4000,4808.6000,4808.8000,4809.0000,4809.2000,4809.8000,2,2,1,2,1,1,1,2,1,1
SF,IC2001,2019-11-27 09:31:02.100,4808.0000,4038,0,35571480.000,0,-,-,-,-,4805.4000,4805.2000,4805.0000,4804.6000,4804.4000,4808.6000,4808.8000,4809.0000,4809.2000,4809.8000,2,2,1,2,1,1,1,2,1,1
SF,IC2001,2019-11-27 09:31:02.600,4808.0000,4038,0,35571480.000,0,-,-,-,-,4805.4000,4805.2000,4805.0000,4804.6000,4804.4000,4808.6000,4808.8000,4809.0000,4809.2000,4809.8000,2,2,1,2,1,1,1,2,1,1
SF,IC2001,2019-11-27 09:31:03.100,4808.0000,4038,0,35571480.000,0,-,-,-,-,4806.0000,4805.4000,4805.2000,4805.0000,4804.6000,4808.6000,4808.8000,4809.0000,4809.2000,4809.8000,1,1,2,1,2,1,1,2,1,1
SF,IC2001,2019-11-27 09:31:03.600,4808.0000,4038,0,35571480.000,0,-,-,-,-,4806.0000,4805.2000,4805.0000,4804.6000,4804.4000,4808.4000,4808.8000,4809.0000,4809.2000,4809.8000,1,2,1,2,1,1,1,2,1,1
SF,IC2001,2019-11-27 09:31:04.100,4808.0000,4038,0,35571480.000,0,-,-,-,-,4806.0000,4805.2000,4805.0000,4804.6000,4804.4000,4808.4000,4808.8000,4809.0000,4809.2000,4809.8000,1,2,1,2,1,1,1,2,1,1
SF,IC2001,2019-11-27 09:31:04.600,4808.0000,4038,0,35571480.000,0,-,-,-,-,4806.0000,4805.2000,4805.0000,4804.6000,4804.4000,4808.4000,4808.8000,4809.0000,4809.2000,4809.8000,1,2,1,2,1,1,1,2,1,1
SF,IC2001,2019-11-27 09:31:05.100,4808.0000,4038,0,35571480.000,0,-,-,-,-,4806.0000,4805.0000,4804.6000,4804.4000,4804.2000,4808.4000,4808.8000,4809.0000,4809.2000,4809.8000,1,1,2,1,1,1,1,2,1,1
SF,IC2001,2019-11-27 09:31:06.600,4808.0000,4038,0,35571480.000,0,-,-,-,-,4806.0000,4804.6000,4804.4000,4804.2000,4803.6000,4808.4000,4808.8000,4809.0000,4809.2000,4809.8000,1,1,1,1,1,1,1,2,1,1
SF,IC2001,2019-11-27 09:31:07.100,4806.0000,4037,-1,36532680.000,1,0,1,双平,S,4804.6000,4804.4000,4804.2000,4803.6000,4803.4000,4808.4000,4808.8000,4809.0000,4809.2000,4809.8000,1,1,1,1,1,1,1,2,1,1
SF,IC2001,2019-11-27 09:31:07.600,4806.0000,4037,0,36532680.000,0,-,-,-,-,4804.8000,4804.6000,4804.4000,4804.2000,4803.6000,4808.4000,4808.8000,4809.0000,4809.2000,4809.8000,3,1,1,1,1,1,1,2,1,1
SF,IC2001,2019-11-27 09:31:08.100,4806.0000,4037,0,36532680.000,0,-,-,-,-,4804.8000,4804.6000,4804.4000,4804.2000,4803.6000,4808.2000,4808.4000,4809.0000,4809.2000,4809.8000,2,1,1,1,1,1,1,2,1,1
SF,IC2001,2019-11-27 09:31:08.600,4806.0000,4037,0,36532680.000,0,-,-,-,-,4804.8000,4804.6000,4804.4000,4804.2000,4803.6000,4807.2000,4808.0000,4808.2000,4809.0000,4809.2000,2,1,1,1,1,1,1,1,2,1
SF,IC2001,2019-11-27 09:31:09.100,4806.0000,4037,0,36532680.000,0,-,-,-,-,4806.0000,4805.2000,4805.0000,4804.8000,4804.6000,4809.0000,4809.2000,4809.8000,4810.8000,4812.0000,1,2,2,3,1,2,1,1,1,1
SF,IC2001,2019-11-27 09:31:09.600,4806.0000,4037,0,36532680.000,0,-,-,-,-,4804.2000,4803.6000,4803.4000,4803.2000,4803.0000,4807.2000,4808.4000,4808.8000,4809.0000,4809.2000,1,1,1,1,1,2,1,2,2,1
SF,IC2001,2019-11-27 09:31:10.100,4806.0000,4037,0,36532680.000,0,-,-,-,-,4804.4000,4804.2000,4803.6000,4803.4000,4803.2000,4808.4000,4808.8000,4809.0000,4809.2000,4809.8000,3,2,1,1,1,1,1,2,1,1
SF,IC2001,2019-11-27 09:31:10.600,4806.0000,4037,0,36532680.000,0,-,-,-,-,4804.4000,4804.2000,4803.6000,4803.4000,4803.2000,4808.2000,4808.4000,4808.8000,4809.0000,4809.2000,3,2,1,1,1,1,1,1,2,1
SF,IC2001,2019-11-27 09:31:11.100,4806.0000,4037,0,36532680.000,0,-,-,-,-,4804.4000,4804.2000,4803.6000,4803.4000,4803.2000,4808.2000,4808.4000,4808.8000,4809.0000,4809.2000,3,2,1,1,1,3,1,1,2,1
SF,IC2001,2019-11-27 09:31:11.600,4806.0000,4037,0,36532680.000,0,-,-,-,-,4804.4000,4804.2000,4803.6000,4803.4000,4803.2000,4808.2000,4808.4000,4808.8000,4809.0000,4809.2000,3,2,1,1,1,3,1,1,2,1
SF,IC2001,2019-11-27 09:31:12.600,4806.0000,4037,0,36532680.000,0,-,-,-,-,4804.4000,4804.2000,4803.6000,4803.4000,4803.2000,4808.2000,4808.4000,4808.8000,4809.0000,4809.2000,2,2,1,1,1,3,1,1,2,1
SF,IC2001,2019-11-27 09:31:13.100,4806.0000,4037,0,36532680.000,0,-,-,-,-,4804.8000,4804.6000,4804.4000,4804.2000,4803.6000,4809.0000,4809.2000,4809.8000,4810.8000,4812.0000,1,1,2,2,1,2,1,1,1,1
SF,IC2001,2019-11-27 09:31:13.600,4806.0000,4037,0,36532680.000,0,-,-,-,-,4805.0000,4804.8000,4804.6000,4804.4000,4804.2000,4808.8000,4809.0000,4809.2000,4809.8000,4810.8000,1,1,1,2,2,1,2,1,1,1
SF,IC2001,2019-11-27 09:31:14.100,4806.0000,4037,0,36532680.000,0,-,-,-,-,4805.2000,4805.0000,4804.8000,4804.6000,4804.4000,4808.8000,4809.0000,4809.2000,4809.8000,4810.8000,2,1,1,1,2,1,2,1,1,1
SF,IC2001,2019-11-27 09:31:14.600,4806.0000,4037,0,36532680.000,0,-,-,-,-,4805.2000,4805.0000,4804.8000,4804.6000,4804.4000,4808.8000,4809.0000,4809.2000,4809.8000,4810.8000,2,1,1,1,2,1,1,1,1,1
SF,IC2001,2019-11-27 09:31:15.100,4806.0000,4037,0,36532680.000,0,-,-,-,-,4805.4000,4805.2000,4805.0000,4804.8000,4804.6000,4809.0000,4809.2000,4809.8000,4810.8000,4812.0000,2,3,1,1,1,1,1,1,1,1
SF,IC2001,2019-11-27 09:31:15.600,4806.0000,4037,0,36532680.000,0,-,-,-,-,4805.8000,4805.6000,4805.4000,4805.2000,4805.0000,4808.8000,4809.0000,4809.2000,4809.8000,4810.8000,1,1,2,1,1,1,1,1,1,1
SF,IC2001,2019-11-27 09:31:16.100,4806.0000,4037,0,36532680.000,0,-,-,-,-,4806.0000,4805.8000,4805.6000,4805.4000,4805.2000,4808.8000,4809.0000,4809.2000,4809.8000,4810.8000,1,1,1,2,1,1,1,1,1,1
SF,IC2001,2019-11-27 09:31:16.600,4806.0000,4037,0,36532680.000,0,-,-,-,-,4805.4000,4805.0000,4804.8000,4804.6000,4804.4000,4808.6000,4808.8000,4809.0000,4809.2000,4809.8000,1,1,1,1,2,1,1,2,1,1
SF,IC2001,2019-11-27 09:31:17.100,4806.0000,4037,0,36532680.000,0,-,-,-,-,4805.0000,4804.8000,4804.6000,4804.4000,4804.2000,4807.8000,4808.4000,4808.6000,4809.0000,4809.2000,1,1,1,2,1,1,1,1,2,1
SF,IC2001,2019-11-27 09:31:17.600,4806.0000,4037,0,36532680.000,0,-,-,-,-,4805.2000,4805.0000,4804.8000,4804.6000,4804.4000,4809.0000,4809.2000,4809.8000,4810.8000,4812.0000,2,1,1,1,2,2,1,1,1,1
SF,IC2001,2019-11-27 09:31:18.100,4806.0000,4037,0,36532680.000,0,-,-,-,-,4805.2000,4805.0000,4804.8000,4804.6000,4804.4000,4808.2000,4808.8000,4809.0000,4809.2000,4809.8000,2,1,1,1,2,1,3,2,1,1
SF,IC2001,2019-11-27 09:31:18.600,4806.0000,4037,0,36532680.000,0,-,-,-,-,4805.2000,4805.0000,4804.8000,4804.6000,4804.4000,4809.0000,4809.2000,4809.8000,4810.8000,4812.0000,1,1,1,1,2,1,1,1,1,1
SF,IC2001,2019-11-27 09:31:19.100,4806.0000,4037,0,36532680.000,0,-,-,-,-,4805.4000,4805.2000,4805.0000,4804.8000,4804.6000,4808.8000,4809.0000,4809.2000,4809.8000,4810.8000,2,1,1,1,1,2,1,1,1,1
SF,IC2001,2019-11-27 09:31:19.600,4806.0000,4037,0,36532680.000,0,-,-,-,-,4805.6000,4805.4000,4805.0000,4804.8000,4804.6000,4808.8000,4809.0000,4809.2000,4809.8000,4810.8000,1,1,1,1,1,2,1,1,1,1
SF,IC2001,2019-11-27 09:31:20.100,4806.0000,4037,0,36532680.000,0,-,-,-,-,4805.6000,4805.4000,4805.0000,4804.8000,4804.6000,4808.2000,4808.8000,4809.0000,4809.2000,4809.8000,1,1,1,1,1,1,2,1,2,1
SF,IC2001,2019-11-27 09:31:20.600,4806.0000,4037,0,36532680.000,0,-,-,-,-,4806.2000,4805.8000,4805.6000,4805.4000,4805.0000,4809.0000,4809.2000,4809.8000,4810.8000,4812.0000,1,1,1,1,1,1,2,1,1,1
SF,IC2001,2019-11-27 09:31:21.100,4806.0000,4037,0,36532680.000,0,-,-,-,-,4805.4000,4805.0000,4804.8000,4804.6000,4804.4000,4808.8000,4809.0000,4809.2000,4809.8000,4810.8000,1,1,1,1,2,2,1,2,1,1
SF,IC2001,2019-11-27 09:31:21.600,4806.0000,4037,0,36532680.000,0,-,-,-,-,4805.4000,4805.0000,4804.8000,4804.6000,4804.4000,4808.2000,4808.8000,4809.0000,4809.2000,4809.8000,1,1,1,1,2,1,3,1,2,1
SF,IC2001,2019-11-27 09:31:22.100,4806.0000,4037,0,36532680.000,0,-,-,-,-,4805.4000,4805.0000,4804.8000,4804.6000,4804.4000,4808.2000,4808.8000,4809.0000,4809.2000,4809.8000,1,1,1,1,2,1,1,1,2,1
SF,IC2001,2019-11-27 09:31:22.600,4806.0000,4037,0,36532680.000,0,-,-,-,-,4805.0000,4804.8000,4804.6000,4804.4000,4804.2000,4808.0000,4808.2000,4808.8000,4809.0000,4809.2000,1,1,1,2,1,1,1,1,1,2
SF,IC2001,2019-11-27 09:31:23.100,4806.0000,4037,0,36532680.000,0,-,-,-,-,4804.6000,4804.4000,4804.2000,4803.6000,4803.4000,4808.0000,4808.2000,4808.8000,4809.0000,4809.2000,1,2,1,1,1,1,1,1,1,2
SF,IC2001,2019-11-27 09:31:23.600,4806.0000,4037,0,36532680.000,0,-,-,-,-,4804.8000,4804.6000,4804.4000,4804.2000,4803.6000,4808.0000,4808.2000,4808.8000,4809.0000,4809.2000,3,1,2,1,1,1,1,1,1,2
SF,IC2001,2019-11-27 09:31:24.100,4806.0000,4037,0,36532680.000,0,-,-,-,-,4804.8000,4804.6000,4804.4000,4804.2000,4803.6000,4808.0000,4808.2000,4808.8000,4809.0000,4809.2000,3,1,2,1,2,1,1,1,1,2
SF,IC2001,2019-11-27 09:31:24.600,4806.0000,4037,0,36532680.000,0,-,-,-,-,4804.8000,4804.6000,4804.4000,4804.2000,4803.6000,4808.0000,4808.2000,4808.8000,4809.0000,4809.2000,1,1,2,1,2,1,1,1,1,2
SF,IC2001,2019-11-27 09:31:25.100,4806.0000,4037,0,36532680.000,0,-,-,-,-,4804.8000,4804.4000,4804.2000,4803.6000,4803.4000,4808.0000,4808.2000,4808.8000,4809.0000,4809.2000,1,2,1,2,1,1,1,1,1,2
SF,IC2001,2019-11-27 09:31:25.600,4806.0000,4037,0,36532680.000,0,-,-,-,-,4804.4000,4804.2000,4803.6000,4803.4000,4803.2000,4807.8000,4808.0000,4808.8000,4809.0000,4809.2000,1,1,2,1,1,4,1,1,1,2
SF,IC2001,2019-11-27 09:31:26.100,4806.0000,4037,0,36532680.000,0,-,-,-,-,4804.4000,4804.2000,4803.6000,4803.4000,4803.2000,4807.0000,4807.6000,4807.8000,4808.8000,4809.0000,1,1,2,1,1,1,1,4,1,1
SF,IC2001,2019-11-27 09:31:26.600,4806.0000,4037,0,36532680.000,0,-,-,-,-,4804.6000,4804.4000,4804.2000,4803.6000,4803.4000,4808.2000,4808.8000,4809.0000,4809.2000,4809.8000,1,1,1,2,1,1,1,1,2,1
SF,IC2001,2019-11-27 09:31:27.100,4806.0000,4037,0,36532680.000,0,-,-,-,-,4804.6000,4803.6000,4803.4000,4803.2000,4803.0000,4806.4000,4807.0000,4807.8000,4808.0000,4808.2000,1,2,1,1,1,2,1,1,3,1
SF,IC2001,2019-11-27 09:31:27.600,4806.0000,4037,0,36532680.000,0,-,-,-,-,4804.6000,4803.6000,4803.4000,4803.2000,4803.0000,4807.0000,4807.8000,4808.0000,4808.2000,4808.8000,1,2,1,1,1,1,1,1,1,1
SF,IC2001,2019-11-27 09:31:28.100,4806.0000,4037,0,36532680.000,0,-,-,-,-,4803.6000,4803.4000,4803.2000,4803.0000,4802.8000,4806.8000,4807.0000,4807.6000,4807.8000,4808.0000,1,1,1,1,1,1,1,1,1,1
SF,IC2001,2019-11-27 09:31:28.600,4806.0000,4037,0,36532680.000,0,-,-,-,-,4803.8000,4803.2000,4803.0000,4802.8000,4802.6000,4806.8000,4807.0000,4807.6000,4807.8000,4808.0000,1,1,1,1,1,1,1,1,1,1
SF,IC2001,2019-11-27 09:31:29.100,4806.0000,4037,0,36532680.000,0,-,-,-,-,4803.8000,4803.2000,4803.0000,4802.8000,4802.6000,4806.8000,4807.0000,4807.6000,4807.8000,4808.0000,1,1,1,1,1,1,2,1,1,1
SF,IC2001,2019-11-27 09:31:29.600,4806.0000,4037,0,36532680.000,0,-,-,-,-,4803.8000,4803.2000,4803.0000,4802.8000,4802.6000,4806.8000,4807.0000,4807.6000,4807.8000,4808.0000,1,1,1,1,1,1,1,1,1,1
SF,IC2001,2019-11-27 09:31:30.100,4803.8000,4037,0,37493440.000,1,0,1,多换,S,4803.2000,4803.0000,4802.8000,4802.6000,4802.2000,4806.8000,4807.0000,4807.6000,4807.8000,4808.0000,1,1,1,2,1,1,1,1,1,1
SF,IC2001,2019-11-27 09:31:30.600,4803.8000,4037,0,37493440.000,0,-,-,-,-,4803.4000,4803.2000,4803.0000,4802.8000,4802.6000,4806.8000,4807.0000,4807.6000,4808.0000,4808.2000,1,1,1,1,1,2,1,1,1,1
SF,IC2001,2019-11-27 09:31:31.100,4803.8000,4037,0,37493440.000,0,-,-,-,-,4803.2000,4803.0000,4802.8000,4802.6000,4802.2000,4806.8000,4807.0000,4807.6000,4808.0000,4808.8000,1,1,1,1,1,2,2,1,1,1
SF,IC2001,2019-11-27 09:31:31.600,4803.8000,4037,0,37493440.000,0,-,-,-,-,4803.2000,4803.0000,4802.8000,4802.6000,4802.2000,4806.6000,4806.8000,4807.6000,4808.0000,4808.8000,1,1,1,1,1,1,2,1,1,1
SF,IC2001,2019-11-27 09:31:32.100,4803.8000,4037,0,37493440.000,0,-,-,-,-,4803.4000,4803.2000,4803.0000,4802.8000,4802.6000,4806.4000,4806.6000,4806.8000,4807.6000,4808.0000,1,2,1,1,1,1,1,1,1,1
SF,IC2001,2019-11-27 09:31:32.600,4803.8000,4037,0,37493440.000,0,-,-,-,-,4803.4000,4803.2000,4803.0000,4802.8000,4802.6000,4806.4000,4806.6000,4806.8000,4807.6000,4808.0000,2,2,1,1,1,1,1,1,1,1
SF,IC2001,2019-11-27 09:31:33.600,4803.8000,4037,0,37493440.000,0,-,-,-,-,4803.4000,4803.2000,4803.0000,4802.8000,4802.6000,4806.0000,4806.4000,4806.6000,4806.8000,4807.6000,1,2,1,1,1,1,1,1,1,1
SF,IC2001,2019-11-27 09:31:34.100,4803.8000,4037,0,37493440.000,0,-,-,-,-,4803.2000,4803.0000,4802.8000,4802.6000,4802.2000,4805.8000,4806.6000,4806.8000,4807.6000,4808.0000,2,1,1,1,1,1,1,1,1,1
SF,IC2001,2019-11-27 09:31:34.600,4803.8000,4037,0,37493440.000,0,-,-,-,-,4803.2000,4803.0000,4802.8000,4802.6000,4802.2000,4805.8000,4806.6000,4806.8000,4807.6000,4808.0000,2,2,1,1,1,1,1,1,1,1
SF,IC2001,2019-11-27 09:31:35.600,4803.8000,4037,0,37493440.000,0,-,-,-,-,4803.4000,4803.2000,4803.0000,4802.8000,4802.6000,4805.8000,4806.6000,4806.8000,4807.6000,4808.0000,1,2,2,1,1,1,1,1,1,1
SF,IC2001,2019-11-27 09:31:36.600,4803.8000,4037,0,37493440.000,0,-,-,-,-,4803.6000,4803.4000,4803.2000,4803.0000,4802.8000,4805.8000,4806.6000,4806.8000,4807.6000,4808.0000,1,1,2,1,1,1,1,1,1,1
SF,IC2001,2019-11-27 09:31:37.100,4803.8000,4037,0,37493440.000,0,-,-,-,-,4803.6000,4803.4000,4803.2000,4803.0000,4802.8000,4805.8000,4806.8000,4807.6000,4808.0000,4808.8000,2,1,2,1,1,1,1,1,1,1
SF,IC2001,2019-11-27 09:31:37.600,4803.8000,4037,0,37493440.000,0,-,-,-,-,4803.8000,4803.6000,4803.4000,4803.2000,4803.0000,4805.8000,4806.8000,4807.6000,4808.0000,4808.8000,1,2,1,2,1,1,1,1,1,1
SF,IC2001,2019-11-27 09:31:38.100,4803.8000,4037,0,37493440.000,0,-,-,-,-,4803.6000,4803.4000,4803.2000,4803.0000,4802.8000,4805.8000,4806.8000,4807.6000,4808.0000,4808.8000,2,1,2,1,1,1,1,1,1,1
SF,IC2001,2019-11-27 09:31:38.600,4803.8000,4037,0,37493440.000,0,-,-,-,-,4803.6000,4803.2000,4803.0000,4802.8000,4802.6000,4805.8000,4806.8000,4807.6000,4808.0000,4808.8000,2,2,1,1,1,1,1,1,1,1
SF,IC2001,2019-11-27 09:31:39.600,4803.8000,4037,0,37493440.000,0,-,-,-,-,4803.6000,4803.2000,4803.0000,4802.8000,4802.6000,4805.0000,4805.8000,4806.8000,4807.6000,4808.0000,2,2,1,1,1,1,1,1,1,1
SF,IC2001,2019-11-27 09:31:40.100,4803.8000,4037,0,37493440.000,0,-,-,-,-,4803.6000,4803.2000,4803.0000,4802.8000,4802.6000,4805.0000,4806.8000,4807.6000,4808.0000,4808.8000,1,2,1,1,1,1,1,1,1,1
SF,IC2001,2019-11-27 09:31:40.600,4805.0000,4037,0,38454440.000,1,0,1,多换,S,4803.6000,4803.2000,4803.0000,4802.8000,4802.6000,4806.8000,4807.6000,4808.0000,4808.8000,4809.2000,1,2,1,1,1,1,1,1,1,1
SF,IC2001,2019-11-27 09:31:41.100,4805.0000,4037,0,38454440.000,0,-,-,-,-,4803.6000,4803.2000,4803.0000,4802.8000,4802.6000,4806.2000,4806.6000,4806.8000,4807.6000,4808.0000,1,2,1,1,1,1,3,1,1,1
SF,IC2001,2019-11-27 09:31:41.600,4805.0000,4037,0,38454440.000,0,-,-,-,-,4803.6000,4803.2000,4803.0000,4802.8000,4802.6000,4806.2000,4806.6000,4806.8000,4807.6000,4808.0000,1,2,1,1,1,1,1,1,1,1
SF,IC2001,2019-11-27 09:31:42.100,4805.0000,4037,0,38454440.000,0,-,-,-,-,4803.6000,4803.2000,4803.0000,4802.8000,4802.6000,4806.0000,4806.2000,4806.6000,4806.8000,4807.6000,1,2,1,1,1,2,1,1,1,1
SF,IC2001,2019-11-27 09:31:43.100,4805.0000,4037,0,38454440.000,0,-,-,-,-,4803.6000,4803.2000,4803.0000,4802.8000,4802.6000,4806.0000,4806.2000,4806.6000,4806.8000,4807.6000,1,2,1,1,1,3,1,1,1,1
SF,IC2001,2019-11-27 09:31:43.600,4805.0000,4037,0,38454440.000,0,-,-,-,-,4803.6000,4803.0000,4802.8000,4802.6000,4802.2000,4806.0000,4806.2000,4806.6000,4806.8000,4807.6000,1,1,1,1,1,3,1,1,1,1
SF,IC2001,2019-11-27 09:31:44.100,4805.0000,4037,0,38454440.000,0,-,-,-,-,4803.6000,4803.0000,4802.8000,4802.6000,4802.2000,4806.0000,4806.2000,4806.8000,4807.6000,4808.0000,1,1,1,1,1,3,1,1,1,1
SF,IC2001,2019-11-27 09:31:44.600,4805.0000,4037,0,38454440.000,0,-,-,-,-,4803.6000,4802.6000,4802.2000,4801.8000,4801.6000,4805.8000,4806.0000,4806.2000,4806.8000,4807.6000,1,1,1,1,1,1,3,1,1,1
SF,IC2001,2019-11-27 09:31:45.100,4805.0000,4037,0,38454440.000,0,-,-,-,-,4803.6000,4802.2000,4801.8000,4801.6000,4800.2000,4805.8000,4806.0000,4806.2000,4806.8000,4807.6000,1,1,1,1,3,1,1,1,1,1
SF,IC2001,2019-11-27 09:31:45.600,4805.0000,4037,0,38454440.000,0,-,-,-,-,4803.6000,4802.2000,4801.8000,4801.6000,4800.2000,4805.6000,4805.8000,4806.0000,4806.2000,4806.8000,1,1,1,1,3,2,1,1,1,1
SF,IC2001,2019-11-27 09:31:46.100,4805.0000,4037,0,38454440.000,0,-,-,-,-,4804.0000,4803.6000,4802.2000,4801.8000,4801.6000,4805.6000,4805.8000,4806.0000,4806.2000,4806.8000,1,1,1,1,1,2,1,1,1,1
SF,IC2001,2019-11-27 09:31:47.600,4805.0000,4037,0,38454440.000,0,-,-,-,-,4804.0000,4803.6000,4802.2000,4801.8000,4801.6000,4805.6000,4805.8000,4806.0000,4806.2000,4806.8000,1,1,1,1,1,2,1,1,2,1
SF,IC2001,2019-11-27 09:31:48.100,4805.0000,4037,0,38454440.000,0,-,-,-,-,4804.0000,4803.6000,4802.2000,4801.8000,4801.6000,4805.6000,4806.0000,4806.2000,4806.8000,4807.6000,1,1,1,1,1,2,1,2,1,1
SF,IC2001,2019-11-27 09:31:48.600,4805.0000,4037,0,38454440.000,0,-,-,-,-,4804.0000,4803.6000,4802.2000,4801.8000,4801.6000,4805.4000,4805.6000,4806.0000,4806.2000,4806.8000,1,1,1,1,1,1,2,1,2,1
SF,IC2001,2019-11-27 09:31:49.100,4805.0000,4037,0,38454440.000,0,-,-,-,-,4804.0000,4803.6000,4802.2000,4801.8000,4801.6000,4805.4000,4806.0000,4806.2000,4806.8000,4807.6000,1,1,1,1,1,1,1,2,1,1
SF,IC2001,2019-11-27 09:31:49.600,4804.0000,4037,0,39415240.000,1,0,1,多换,S,4803.6000,4802.2000,4801.8000,4801.6000,4800.2000,4805.4000,4806.0000,4806.2000,4806.8000,4807.6000,1,1,1,1,3,1,1,2,1,1
SF,IC2001,2019-11-27 09:31:50.100,4804.0000,4037,0,39415240.000,0,-,-,-,-,4803.6000,4801.8000,4801.6000,4800.2000,4799.2000,4805.2000,4805.4000,4806.0000,4806.2000,4806.8000,1,1,1,3,1,1,1,1,1,1
SF,IC2001,2019-11-27 09:31:50.600,4803.6000,4036,-1,40375960.000,1,0,1,双平,S,4801.6000,4800.2000,4799.2000,4798.0000,4796.6000,4803.6000,4804.4000,4805.2000,4805.4000,4806.0000,1,3,1,1,5,2,1,4,1,1
SF,IC2001,2019-11-27 09:31:51.100,4803.6000,4036,0,40375960.000,0,-,-,-,-,4800.2000,4799.6000,4799.2000,4798.0000,4796.6000,4804.4000,4805.2000,4805.4000,4806.0000,4806.2000,3,1,1,1,5,1,3,1,1,1
SF,IC2001,2019-11-27 09:31:51.600,4803.6000,4036,0,40375960.000,0,-,-,-,-,4800.4000,4800.2000,4799.6000,4799.2000,4798.0000,4803.6000,4803.8000,4804.2000,4805.2000,4806.0000,1,3,1,1,1,1,1,5,3,1
SF,IC2001,2019-11-27 09:31:52.100,4803.6000,4036,0,40375960.000,0,-,-,-,-,4800.4000,4800.2000,4799.6000,4799.2000,4798.0000,4803.2000,4803.4000,4803.8000,4804.2000,4805.2000,1,3,1,1,1,1,2,1,3,3
SF,IC2001,2019-11-27 09:31:52.600,4803.6000,4036,0,40375960.000,0,-,-,-,-,4800.4000,4800.2000,4799.6000,4799.2000,4798.0000,4803.2000,4803.4000,4803.8000,4804.2000,4805.2000,1,3,1,1,1,1,1,1,3,3
SF,IC2001,2019-11-27 09:31:53.100,4803.6000,4036,0,40375960.000,0,-,-,-,-,4800.4000,4800.2000,4799.6000,4799.2000,4798.0000,4803.0000,4803.2000,4803.4000,4803.8000,4804.2000,1,3,1,1,1,4,1,1,1,3
SF,IC2001,2019-11-27 09:31:53.600,4803.6000,4036,0,40375960.000,0,-,-,-,-,4800.2000,4799.2000,4798.2000,4798.0000,4797.2000,4802.8000,4803.0000,4803.8000,4804.2000,4805.2000,3,1,1,1,1,1,4,1,3,3
SF,IC2001,2019-11-27 09:31:54.100,4803.6000,4036,0,40375960.000,0,-,-,-,-,4800.2000,4799.2000,4798.2000,4798.0000,4797.2000,4802.2000,4802.6000,4802.8000,4803.0000,4803.8000,3,1,1,1,1,1,1,1,3,1
SF,IC2001,2019-11-27 09:31:54.600,4803.6000,4036,0,40375960.000,0,-,-,-,-,4800.4000,4800.2000,4799.2000,4798.2000,4798.0000,4802.2000,4802.6000,4802.8000,4803.0000,4803.8000,1,3,1,1,1,1,1,1,3,1
SF,IC2001,2019-11-27 09:31:55.100,4803.6000,4036,0,40375960.000,0,-,-,-,-,4800.4000,4800.2000,4799.2000,4798.2000,4798.0000,4802.6000,4803.8000,4804.2000,4805.2000,4806.0000,1,3,1,1,1,1,1,3,3,1
SF,IC2001,2019-11-27 09:31:55.600,4803.6000,4036,0,40375960.000,0,-,-,-,-,4800.2000,4799.2000,4798.2000,4798.0000,4797.2000,4802.0000,4802.4000,4802.6000,4803.8000,4804.2000,3,1,1,1,1,1,1,1,1,3
SF,IC2001,2019-11-27 09:31:56.100,4803.6000,4036,0,40375960.000,0,-,-,-,-,4800.4000,4800.2000,4799.2000,4798.2000,4798.0000,4802.6000,4803.8000,4804.2000,4805.2000,4806.0000,1,3,1,1,1,1,1,3,3,1
SF,IC2001,2019-11-27 09:31:57.100,4803.6000,4036,0,40375960.000,0,-,-,-,-,4800.4000,4800.2000,4799.2000,4798.2000,4798.0000,4802.2000,4802.6000,4803.8000,4804.2000,4805.2000,1,3,1,1,1,1,1,1,3,3
SF,IC2001,2019-11-27 09:31:57.600,4803.6000,4036,0,40375960.000,0,-,-,-,-,4800.4000,4800.2000,4799.2000,4798.2000,4798.0000,4802.6000,4803.8000,4804.2000,4805.2000,4806.2000,1,3,1,1,1,1,1,3,3,1
SF,IC2001,2019-11-27 09:31:58.100,4803.6000,4036,0,40375960.000,0,-,-,-,-,4800.4000,4800.2000,4799.2000,4798.2000,4798.0000,4803.8000,4804.2000,4805.2000,4806.2000,4806.8000,1,3,1,1,1,1,3,3,1,1
SF,IC2001,2019-11-27 09:31:58.600,4803.6000,4036,0,40375960.000,0,-,-,-,-,4800.4000,4800.2000,4799.2000,4798.2000,4798.0000,4802.6000,4803.4000,4803.6000,4803.8000,4804.2000,1,3,1,1,1,1,2,4,1,3
SF,IC2001,2019-11-27 09:31:59.100,4803.6000,4036,0,40375960.000,0,-,-,-,-,4800.2000,4799.2000,4798.2000,4798.0000,4797.2000,4802.6000,4803.4000,4803.6000,4803.8000,4804.2000,3,1,1,1,1,1,2,3,1,3
SF,IC2001,2019-11-27 09:31:59.600,4803.6000,4036,0,40375960.000,0,-,-,-,-,4800.2000,4799.2000,4798.2000,4798.0000,4797.2000,4802.4000,4802.6000,4803.4000,4803.6000,4803.8000,3,1,1,1,1,1,1,2,3,1
SF,IC2001,2019-11-27 09:32:00.100,4803.6000,4036,0,40375960.000,0,-,-,-,-,4800.2000,4799.2000,4798.2000,4798.0000,4797.2000,4802.4000,4802.6000,4803.4000,4803.6000,4803.8000,3,1,1,1,1,1,1,2,3,1
SF,IC2001,2019-11-27 09:32:00.600,4800.2000,4035,-1,43256080.000,3,1,2,多平,S,4799.2000,4798.2000,4798.0000,4797.2000,4796.6000,4802.2000,4802.4000,4803.6000,4803.8000,4804.2000,1,1,1,1,5,4,3,3,1,3
SF,IC2001,2019-11-27 09:32:01.100,4799.2000,4034,-1,44215920.000,1,0,1,双平,S,4798.0000,4797.2000,4796.2000,4790.8000,4790.0000,4800.8000,4801.6000,4802.0000,4802.2000,4802.4000,1,1,1,5,1,1,1,1,5,2
SF,IC2001,2019-11-27 09:32:01.600,4799.2000,4034,0,44215920.000,0,-,-,-,-,4798.0000,4796.2000,4790.8000,4790.0000,4783.0000,4800.6000,4800.8000,4801.6000,4802.0000,4802.2000,1,1,5,1,1,4,2,1,1,5
SF,IC2001,2019-11-27 09:32:02.100,4799.2000,4034,0,44215920.000,0,-,-,-,-,4798.0000,4796.2000,4790.8000,4790.0000,4783.0000,4800.4000,4800.6000,4800.8000,4801.6000,4802.0000,1,1,5,1,1,1,4,2,1,1
SF,IC2001,2019-11-27 09:32:02.600,4799.2000,4034,0,44215920.000,0,-,-,-,-,4798.0000,4796.2000,4790.8000,4790.0000,4783.0000,4800.4000,4800.6000,4800.8000,4801.6000,4802.0000,1,1,5,1,1,1,3,2,1,1
SF,IC2001,2019-11-27 09:32:03.100,4799.2000,4034,0,44215920.000,0,-,-,-,-,4798.0000,4794.8000,4790.8000,4790.0000,4783.0000,4800.4000,4800.6000,4800.8000,4801.6000,4802.0000,1,1,5,1,1,1,3,2,1,1
SF,IC2001,2019-11-27 09:32:03.600,4799.2000,4034,0,44215920.000,0,-,-,-,-,4798.2000,4798.0000,4796.2000,4794.8000,4790.8000,4800.4000,4800.8000,4801.6000,4802.0000,4802.2000,1,1,1,1,5,1,2,1,1,5
SF,IC2001,2019-11-27 09:32:05.600,4799.2000,4034,0,44215920.000,0,-,-,-,-,4798.2000,4798.0000,4796.2000,4794.8000,4790.8000,4800.4000,4800.8000,4801.6000,4802.2000,4802.4000,1,1,1,1,5,1,2,1,5,1
SF,IC2001,2019-11-27 09:32:06.100,4800.4000,4033,-1,45176000.000,1,0,1,双平,S,4798.4000,4798.2000,4798.0000,4796.2000,4794.8000,4801.6000,4802.2000,4802.4000,4803.6000,4803.8000,1,1,1,1,1,1,5,1,3,1
SF,IC2001,2019-11-27 09:32:06.600,4800.4000,4033,0,45176000.000,0,-,-,-,-,4798.8000,4798.4000,4798.0000,4797.8000,4796.2000,4801.6000,4802.2000,4803.6000,4803.8000,4804.2000,1,1,1,1,1,1,2,3,1,3
SF,IC2001,2019-11-27 09:32:07.100,4800.4000,4033,0,45176000.000,0,-,-,-,-,4799.0000,4798.8000,4798.4000,4798.0000,4797.8000,4802.2000,4803.6000,4803.8000,4804.2000,4805.2000,2,2,2,1,1,2,3,1,3,3
SF,IC2001,2019-11-27 09:32:07.600,4800.4000,4033,0,45176000.000,0,-,-,-,-,4799.6000,4799.4000,4799.2000,4799.0000,4798.8000,4802.2000,4803.8000,4804.2000,4805.2000,4806.2000,1,1,1,3,1,1,1,3,3,1
SF,IC2001,2019-11-27 09:32:08.100,4800.4000,4033,0,45176000.000,0,-,-,-,-,4800.8000,4800.0000,4799.8000,4799.6000,4799.4000,4802.2000,4803.8000,4805.2000,4806.2000,4808.0000,1,1,2,2,2,1,1,3,1,1
SF,IC2001,2019-11-27 09:32:08.600,4799.4000,4033,0,51895720.000,7,3,4,多换,S,4799.4000,4799.2000,4798.8000,4798.0000,4797.8000,4802.2000,4803.8000,4805.2000,4806.2000,4808.0000,1,1,1,1,1,1,1,3,1,1
SF,IC2001,2019-11-27 09:32:09.100,4799.4000,4033,0,51895720.000,0,-,-,-,-,4800.0000,4799.6000,4799.4000,4799.2000,4798.8000,4802.2000,4803.8000,4805.2000,4806.2000,4808.0000,1,1,3,1,1,1,1,3,1,1
SF,IC2001,2019-11-27 09:32:09.600,4799.4000,4033,0,51895720.000,0,-,-,-,-,4800.0000,4799.4000,4799.2000,4798.8000,4798.0000,4802.2000,4803.8000,4805.2000,4806.2000,4808.0000,1,3,1,1,1,1,1,3,1,1
SF,IC2001,2019-11-27 09:32:10.100,4799.4000,4033,0,51895720.000,0,-,-,-,-,4800.0000,4799.4000,4799.2000,4798.8000,4798.0000,4802.2000,4803.8000,4805.2000,4806.2000,4808.0000,2,3,1,1,1,1,1,3,1,1
SF,IC2001,2019-11-27 09:32:10.600,4799.4000,4033,0,51895720.000,0,-,-,-,-,4800.2000,4800.0000,4799.4000,4799.2000,4798.8000,4802.2000,4803.8000,4805.2000,4806.2000,4808.0000,1,2,3,1,1,1,1,3,1,1
SF,IC2001,2019-11-27 09:32:11.100,4799.4000,4033,0,51895720.000,0,-,-,-,-,4800.2000,4800.0000,4799.4000,4799.2000,4798.8000,4802.2000,4802.6000,4803.8000,4805.2000,4806.2000,1,2,3,1,1,1,1,1,3,1
SF,IC2001,2019-11-27 09:32:11.600,4799.4000,4033,0,51895720.000,0,-,-,-,-,4800.0000,4799.4000,4799.2000,4798.8000,4798.0000,4802.2000,4802.6000,4803.8000,4805.2000,4806.2000,2,3,1,1,1,1,1,1,3,1
SF,IC2001,2019-11-27 09:32:12.100,4799.4000,4033,0,51895720.000,0,-,-,-,-,4800.0000,4799.4000,4799.2000,4798.8000,4798.0000,4802.0000,4802.2000,4802.6000,4803.8000,4805.2000,2,3,1,1,1,1,1,1,1,3
SF,IC2001,2019-11-27 09:32:12.600,4799.4000,4033,0,51895720.000,0,-,-,-,-,4800.0000,4799.4000,4799.2000,4798.8000,4798.0000,4802.0000,4802.2000,4802.6000,4803.8000,4805.2000,2,2,1,1,1,1,1,1,1,3
SF,IC2001,2019-11-27 09:32:13.100,4799.4000,4033,0,51895720.000,0,-,-,-,-,4800.0000,4799.4000,4798.8000,4798.0000,4797.8000,4802.0000,4802.2000,4802.6000,4803.8000,4805.2000,2,2,2,1,1,1,1,1,1,3
SF,IC2001,2019-11-27 09:32:13.600,4799.4000,4033,0,51895720.000,0,-,-,-,-,4800.0000,4799.4000,4798.8000,4798.0000,4797.8000,4802.0000,4802.2000,4802.6000,4803.8000,4805.2000,1,1,2,1,1,1,1,1,1,3
SF,IC2001,2019-11-27 09:32:14.100,4800.0000,4033,0,52855720.000,1,0,1,多换,S,4799.4000,4798.8000,4798.0000,4797.8000,4796.2000,4802.0000,4802.2000,4802.6000,4803.8000,4805.2000,1,1,1,1,1,2,1,1,1,3
SF,IC2001,2019-11-27 09:32:14.600,4800.0000,4033,0,52855720.000,0,-,-,-,-,4798.0000,4797.8000,4796.2000,4794.8000,4790.8000,4802.0000,4802.2000,4802.6000,4803.8000,4805.2000,1,1,1,1,5,2,1,1,1,3
SF,IC2001,2019-11-27 09:32:15.100,4800.0000,4033,0,52855720.000,0,-,-,-,-,4798.6000,4798.4000,4798.2000,4798.0000,4797.8000,4802.0000,4802.2000,4802.6000,4803.8000,4805.2000,1,2,1,2,1,2,1,1,1,3
SF,IC2001,2019-11-27 09:32:15.600,4800.0000,4033,0,52855720.000,0,-,-,-,-,4798.6000,4798.0000,4797.8000,4796.2000,4794.8000,4802.0000,4802.2000,4802.6000,4803.8000,4805.2000,1,2,1,1,1,2,1,1,1,3
SF,IC2001,2019-11-27 09:32:16.100,4800.0000,4033,0,52855720.000,0,-,-,-,-,4799.0000,4798.8000,4798.6000,4798.0000,4797.8000,4802.0000,4802.2000,4802.6000,4803.8000,4805.2000,2,1,1,2,1,2,1,1,1,3
SF,IC2001,2019-11-27 09:32:16.600,4800.0000,4033,0,52855720.000,0,-,-,-,-,4799.0000,4798.6000,4798.0000,4797.8000,4796.2000,4802.0000,4802.2000,4802.6000,4803.8000,4805.2000,3,1,2,1,1,1,1,1,1,3
SF,IC2001,2019-11-27 09:32:17.100,4800.0000,4033,0,52855720.000,0,-,-,-,-,4799.4000,4799.2000,4799.0000,4798.6000,4798.0000,4802.0000,4802.2000,4802.6000,4803.8000,4805.2000,1,1,3,1,2,1,1,1,1,3
SF,IC2001,2019-11-27 09:32:17.600,4800.0000,4033,0,52855720.000,0,-,-,-,-,4799.8000,4799.4000,4799.2000,4799.0000,4798.0000,4802.2000,4802.6000,4803.8000,4805.2000,4806.2000,1,2,1,3,2,1,1,1,3,1
SF,IC2001,2019-11-27 09:32:18.100,4800.0000,4033,0,52855720.000,0,-,-,-,-,4800.0000,4799.6000,4799.4000,4799.2000,4799.0000,4802.2000,4802.6000,4803.8000,4805.2000,4806.2000,1,1,2,1,3,1,1,1,3,1
SF,IC2001,2019-11-27 09:32:18.600,4800.0000,4033,0,52855720.000,0,-,-,-,-,4800.0000,4799.6000,4799.4000,4799.2000,4799.0000,4802.2000,4802.6000,4803.8000,4805.2000,4806.2000,1,1,1,1,3,1,1,1,3,1
SF,IC2001,2019-11-27 09:32:19.100,4800.0000,4033,0,52855720.000,0,-,-,-,-,4800.2000,4800.0000,4799.6000,4799.4000,4799.2000,4802.2000,4802.6000,4803.8000,4805.2000,4806.2000,2,1,1,1,1,1,1,1,3,1
SF,IC2001,2019-11-27 09:32:19.600,4800.0000,4033,0,52855720.000,0,-,-,-,-,4800.2000,4799.6000,4799.4000,4799.2000,4799.0000,4802.2000,4802.6000,4803.8000,4805.2000,4806.2000,2,1,1,1,3,1,1,1,3,1
SF,IC2001,2019-11-27 09:32:20.100,4800.0000,4033,0,52855720.000,0,-,-,-,-,4800.2000,4799.6000,4799.4000,4799.2000,4799.0000,4802.2000,4802.6000,4803.8000,4805.2000,4806.2000,2,1,1,1,1,1,1,1,3,1
SF,IC2001,2019-11-27 09:32:21.100,4800.2000,4033,0,53815760.000,1,0,1,多换,S,4800.4000,4799.6000,4799.4000,4799.2000,4799.0000,4802.2000,4802.6000,4803.8000,4805.2000,4806.2000,1,1,1,1,1,1,1,1,3,1
SF,IC2001,2019-11-27 09:32:21.600,4800.2000,4033,0,54775800.000,1,0,1,多换,S,4799.6000,4799.4000,4799.2000,4799.0000,4798.0000,4802.2000,4802.6000,4803.8000,4805.2000,4806.2000,1,1,1,1,1,1,1,1,3,1
SF,IC2001,2019-11-27 09:32:22.100,4802.2000,4033,0,55736240.000,1,0,1,多换,S,4800.0000,4799.8000,4799.6000,4799.4000,4799.2000,4802.6000,4803.8000,4805.2000,4806.2000,4808.0000,1,3,1,1,1,1,1,3,1,1
SF,IC2001,2019-11-27 09:32:22.600,4802.2000,4033,0,55736240.000,0,-,-,-,-,4800.0000,4799.8000,4799.6000,4799.2000,4799.0000,4802.6000,4803.8000,4805.2000,4806.2000,4808.0000,2,3,1,1,1,1,1,3,1,1
SF,IC2001,2019-11-27 09:32:23.100,4802.2000,4033,0,55736240.000,0,-,-,-,-,4800.4000,4800.2000,4800.0000,4799.8000,4799.2000,4802.6000,4803.8000,4805.2000,4806.2000,4808.0000,1,1,2,3,1,1,1,3,1,1
SF,IC2001,2019-11-27 09:32:23.600,4802.2000,4033,0,55736240.000,0,-,-,-,-,4800.4000,4800.0000,4799.8000,4799.2000,4799.0000,4802.6000,4803.8000,4805.2000,4806.2000,4808.0000,1,3,2,1,1,1,1,3,1,1
SF,IC2001,2019-11-27 09:32:24.100,4802.2000,4033,0,55736240.000,0,-,-,-,-,4800.6000,4800.4000,4800.0000,4799.8000,4799.2000,4803.8000,4805.2000,4806.2000,4808.0000,4808.8000,1,1,3,2,1,1,3,1,1,1
SF,IC2001,2019-11-27 09:32:24.600,4802.2000,4033,0,55736240.000,0,-,-,-,-,4801.0000,4800.8000,4800.6000,4800.4000,4800.2000,4803.8000,4805.2000,4806.2000,4808.0000,4808.8000,1,1,2,2,1,1,3,1,1,1
SF,IC2001,2019-11-27 09:32:25.100,4802.2000,4033,0,55736240.000,0,-,-,-,-,4801.4000,4801.0000,4800.8000,4800.6000,4800.4000,4806.2000,4808.0000,4808.8000,4809.8000,4810.0000,2,2,2,1,1,1,1,1,1,1
SF,IC2001,2019-11-27 09:32:25.600,4802.2000,4033,0,55736240.000,0,-,-,-,-,4801.4000,4801.0000,4800.8000,4800.6000,4800.4000,4804.8000,4805.6000,4806.0000,4806.2000,4808.0000,1,2,2,1,1,1,2,1,1,1
SF,IC2001,2019-11-27 09:32:26.100,4802.2000,4033,0,55736240.000,0,-,-,-,-,4802.0000,4801.8000,4801.6000,4801.4000,4801.0000,4804.8000,4805.6000,4806.2000,4808.0000,4808.8000,2,1,1,2,2,1,1,1,1,1
SF,IC2001,2019-11-27 09:32:26.600,4802.2000,4033,0,55736240.000,0,-,-,-,-,4802.0000,4801.4000,4801.0000,4800.8000,4800.6000,4804.6000,4804.8000,4805.6000,4806.2000,4808.0000,1,2,1,1,1,1,1,1,1,1
SF,IC2001,2019-11-27 09:32:28.100,4802.2000,4033,0,55736240.000,0,-,-,-,-,4802.4000,4802.0000,4801.4000,4801.0000,4800.8000,4804.6000,4804.8000,4805.6000,4806.2000,4808.0000,2,1,1,1,1,1,1,1,1,1
SF,IC2001,2019-11-27 09:32:28.600,4802.2000,4033,0,55736240.000,0,-,-,-,-,4802.6000,4802.0000,4801.4000,4801.0000,4800.8000,4804.8000,4806.2000,4808.0000,4808.8000,4809.8000,1,1,1,1,1,1,1,1,1,1
SF,IC2001,2019-11-27 09:32:32.600,4802.2000,4033,0,56696680.000,1,0,1,多换,S,4802.0000,4801.4000,4801.0000,4800.8000,4800.6000,4804.8000,4806.2000,4808.0000,4808.8000,4809.8000,1,1,1,1,1,1,1,1,1,1
SF,IC2001,2019-11-27 09:32:33.100,4802.2000,4033,0,56696680.000,0,-,-,-,-,4802.0000,4801.4000,4801.0000,4800.8000,4800.6000,4804.6000,4804.8000,4806.2000,4808.0000,4808.8000,1,1,1,1,1,1,1,1,1,1
SF,IC2001,2019-11-27 09:32:34.100,4802.2000,4033,0,56696680.000,0,-,-,-,-,4801.4000,4801.0000,4800.8000,4800.6000,4800.0000,4804.6000,4804.8000,4806.2000,4808.0000,4808.8000,1,1,1,1,1,1,1,1,1,1
SF,IC2001,2019-11-27 09:32:35.100,4802.2000,4033,0,56696680.000,0,-,-,-,-,4801.4000,4801.0000,4800.8000,4800.6000,4800.0000,4804.6000,4804.8000,4806.2000,4808.0000,4808.8000,1,2,1,1,1,1,1,1,1,1
SF,IC2001,2019-11-27 09:32:35.600,4802.2000,4033,0,56696680.000,0,-,-,-,-,4801.6000,4801.4000,4801.0000,4800.8000,4800.6000,4804.4000,4804.6000,4804.8000,4806.2000,4808.0000,2,1,2,1,1,1,1,1,1,1
SF,IC2001,2019-11-27 09:32:36.100,4802.2000,4033,0,56696680.000,0,-,-,-,-,4801.0000,4800.8000,4800.6000,4800.0000,4799.2000,4804.8000,4806.2000,4808.0000,4808.8000,4809.8000,1,1,1,1,1,1,1,1,1,1
SF,IC2001,2019-11-27 09:32:36.600,4802.2000,4033,0,56696680.000,0,-,-,-,-,4801.0000,4800.8000,4800.6000,4800.0000,4799.2000,4804.6000,4804.8000,4806.2000,4808.0000,4808.8000,1,1,1,1,1,2,1,1,1,1
SF,IC2001,2019-11-27 09:32:37.600,4802.2000,4033,0,56696680.000,0,-,-,-,-,4801.8000,4801.4000,4801.2000,4801.0000,4800.8000,4804.6000,4804.8000,4806.2000,4808.0000,4808.8000,2,1,1,1,1,2,1,1,1,1
SF,IC2001,2019-11-27 09:32:38.100,4802.2000,4033,0,56696680.000,0,-,-,-,-,4801.2000,4801.0000,4800.8000,4800.6000,4800.0000,4804.6000,4804.8000,4806.2000,4808.0000,4808.8000,1,1,1,1,1,2,1,1,1,1
SF,IC2001,2019-11-27 09:32:38.600,4802.2000,4033,0,56696680.000,0,-,-,-,-,4801.2000,4801.0000,4800.8000,4800.6000,4800.0000,4804.2000,4804.4000,4804.6000,4804.8000,4806.2000,1,1,1,1,1,1,1,2,1,1
SF,IC2001,2019-11-27 09:32:39.100,4802.2000,4033,0,56696680.000,0,-,-,-,-,4801.2000,4801.0000,4800.8000,4800.6000,4800.0000,4804.2000,4804.4000,4804.8000,4806.2000,4808.0000,1,1,1,1,1,1,1,1,1,1
SF,IC2001,2019-11-27 09:32:39.600,4802.2000,4033,0,56696680.000,0,-,-,-,-,4800.0000,4799.2000,4798.0000,4797.8000,4796.2000,4803.2000,4803.4000,4804.0000,4804.2000,4804.4000,1,1,1,1,1,1,1,1,1,1
SF,IC2001,2019-11-27 09:32:40.100,4802.2000,4033,0,56696680.000,0,-,-,-,-,4800.0000,4799.2000,4798.0000,4797.8000,4796.2000,4803.0000,4803.2000,4803.4000,4804.0000,4804.2000,2,1,1,1,1,1,1,1,4,1
SF,IC2001,2019-11-27 09:32:42.100,4802.2000,4033,0,56696680.000,0,-,-,-,-,4800.0000,4799.2000,4798.0000,4797.8000,4796.2000,4803.0000,4803.2000,4803.4000,4804.0000,4804.2000,2,1,1,1,1,1,1,1,1,1
SF,IC2001,2019-11-27 09:32:42.600,4802.2000,4033,0,56696680.000,0,-,-,-,-,4800.2000,4800.0000,4799.2000,4798.0000,4797.8000,4803.0000,4803.2000,4803.4000,4804.0000,4804.2000,1,2,1,1,1,1,1,1,1,1
SF,IC2001,2019-11-27 09:32:43.100,4802.2000,4033,0,56696680.000,0,-,-,-,-,4800.0000,4799.2000,4798.0000,4797.8000,4796.2000,4803.0000,4803.2000,4803.4000,4804.0000,4804.2000,2,1,1,1,1,1,1,1,1,1
SF,IC2001,2019-11-27 09:32:44.600,4802.2000,4033,0,56696680.000,0,-,-,-,-,4800.2000,4800.0000,4799.2000,4798.0000,4797.8000,4803.0000,4803.2000,4803.4000,4804.0000,4804.2000,1,2,1,1,1,1,1,1,1,1
SF,IC2001,2019-11-27 09:32:45.100,4802.2000,4033,0,56696680.000,0,-,-,-,-,4800.4000,4800.2000,4800.0000,4799.2000,4798.0000,4803.0000,4803.4000,4804.0000,4804.2000,4804.8000,2,1,2,1,1,1,1,1,1,1
SF,IC2001,2019-11-27 09:32:45.600,4802.2000,4033,0,56696680.000,0,-,-,-,-,4800.6000,4800.4000,4800.2000,4800.0000,4799.2000,4803.4000,4804.0000,4804.2000,4804.8000,4806.2000,1,2,2,2,1,1,1,1,1,1
SF,IC2001,2019-11-27 09:32:46.100,4803.4000,4032,-1,57657360.000,1,0,1,双平,S,4801.0000,4800.8000,4800.6000,4800.4000,4800.2000,4804.0000,4804.2000,4804.8000,4806.2000,4808.0000,1,2,2,3,1,1,1,1,1,1
SF,IC2001,2019-11-27 09:32:46.600,4803.4000,4032,0,57657360.000,0,-,-,-,-,4801.0000,4800.8000,4800.6000,4800.4000,4800.2000,4804.0000,4806.2000,4808.0000,4808.8000,4809.8000,2,1,2,1,1,1,1,1,1,1
SF,IC2001,2019-11-27 09:32:47.100,4803.4000,4032,0,57657360.000,0,-,-,-,-,4801.6000,4801.2000,4801.0000,4800.8000,4800.6000,4804.0000,4806.2000,4808.0000,4808.8000,4809.8000,2,1,2,1,2,1,1,1,1,1
SF,IC2001,2019-11-27 09:32:47.600,4803.4000,4032,0,57657360.000,0,-,-,-,-,4801.2000,4801.0000,4800.8000,4800.6000,4800.4000,4806.2000,4808.0000,4808.8000,4809.8000,4810.0000,1,2,1,2,1,1,1,1,1,1
SF,IC2001,2019-11-27 09:32:48.100,4803.4000,4032,0,57657360.000,0,-,-,-,-,4802.6000,4802.2000,4802.0000,4801.2000,4801.0000,4805.8000,4806.2000,4808.0000,4808.8000,4809.8000,2,1,2,1,2,2,1,1,1,1
SF,IC2001,2019-11-27 09:32:48.600,4803.4000,4032,0,57657360.000,0,-,-,-,-,4802.2000,4802.0000,4801.2000,4801.0000,4800.8000,4805.4000,4805.8000,4806.0000,4806.2000,4808.0000,1,1,1,2,1,1,2,1,1,1
SF,IC2001,2019-11-27 09:32:49.100,4803.4000,4032,0,57657360.000,0,-,-,-,-,4802.2000,4802.0000,4801.2000,4801.0000,4800.8000,4805.4000,4805.8000,4806.0000,4806.2000,4808.0000,2,1,1,2,1,1,1,1,1,1
SF,IC2001,2019-11-27 09:32:49.600,4803.4000,4032,0,57657360.000,0,-,-,-,-,4802.2000,4802.0000,4801.2000,4801.0000,4800.8000,4805.2000,4805.4000,4805.8000,4806.2000,4808.0000,1,1,1,2,1,1,1,1,1,1
SF,IC2001,2019-11-27 09:32:50.100,4803.4000,4032,0,57657360.000,0,-,-,-,-,4802.2000,4802.0000,4801.2000,4801.0000,4800.8000,4804.8000,4805.2000,4805.4000,4806.2000,4808.0000,1,1,1,2,1,2,1,1,1,1
SF,IC2001,2019-11-27 09:32:50.600,4803.4000,4032,0,57657360.000,0,-,-,-,-,4802.2000,4801.2000,4801.0000,4800.8000,4800.6000,4805.4000,4806.2000,4808.0000,4808.8000,4809.8000,1,1,2,1,1,1,1,1,1,1
SF,IC2001,2019-11-27 09:32:51.100,4803.4000,4032,0,57657360.000,0,-,-,-,-,4802.2000,4801.2000,4801.0000,4800.8000,4800.6000,4805.2000,4805.4000,4806.2000,4808.0000,4808.8000,1,1,2,1,1,2,1,1,1,1
SF,IC2001,2019-11-27 09:32:52.100,4803.4000,4032,0,57657360.000,0,-,-,-,-,4802.4000,4802.2000,4801.0000,4800.8000,4800.6000,4805.2000,4805.4000,4806.2000,4808.0000,4808.8000,1,1,2,1,1,2,1,1,1,1
SF,IC2001,2019-11-27 09:32:53.100,4803.4000,4032,0,57657360.000,0,-,-,-,-,4802.6000,4802.4000,4802.2000,4801.0000,4800.8000,4805.2000,4805.4000,4806.2000,4808.0000,4808.8000,2,1,2,2,1,2,1,1,1,1
SF,IC2001,2019-11-27 09:32:53.600,4803.4000,4032,0,57657360.000,0,-,-,-,-,4802.6000,4802.4000,4802.2000,4801.0000,4800.8000,4805.2000,4805.4000,4806.2000,4808.0000,4808.8000,2,1,2,2,1,1,1,1,1,1
SF,IC2001,2019-11-27 09:32:54.100,4803.4000,4032,0,57657360.000,0,-,-,-,-,4802.6000,4802.4000,4802.2000,4801.0000,4800.8000,4805.2000,4806.2000,4808.0000,4808.8000,4809.8000,2,1,2,2,1,1,1,1,1,1
SF,IC2001,2019-11-27 09:32:54.600,4803.4000,4032,0,57657360.000,0,-,-,-,-,4802.8000,4802.2000,4801.0000,4800.8000,4800.6000,4805.2000,4806.2000,4808.0000,4808.8000,4809.8000,1,2,2,1,1,1,1,1,1,1
SF,IC2001,2019-11-27 09:32:56.100,4803.4000,4032,0,57657360.000,0,-,-,-,-,4802.2000,4801.0000,4800.8000,4800.6000,4800.4000,4805.2000,4806.2000,4808.0000,4808.8000,4809.8000,2,2,1,1,1,1,1,1,1,1
SF,IC2001,2019-11-27 09:32:56.600,4803.4000,4032,0,57657360.000,0,-,-,-,-,4802.2000,4802.0000,4801.0000,4800.8000,4800.6000,4805.2000,4806.2000,4808.0000,4808.8000,4809.8000,2,1,2,1,1,1,1,1,1,1
SF,IC2001,2019-11-27 09:32:57.100,4803.4000,4032,0,57657360.000,0,-,-,-,-,4802.2000,4802.0000,4801.0000,4800.8000,4800.6000,4805.0000,4805.2000,4806.2000,4808.0000,4808.8000,2,1,2,1,1,1,1,1,1,1
SF,IC2001,2019-11-27 09:32:57.600,4803.4000,4032,0,57657360.000,0,-,-,-,-,4802.2000,4802.0000,4801.0000,4800.8000,4800.6000,4805.0000,4806.2000,4808.0000,4808.8000,4809.8000,2,1,2,1,1,1,1,1,1,1
SF,IC2001,2019-11-27 09:32:58.100,4803.4000,4032,0,57657360.000,0,-,-,-,-,4802.2000,4802.0000,4801.0000,4800.8000,4800.6000,4804.8000,4805.0000,4806.2000,4808.0000,4808.8000,2,1,2,1,1,1,1,1,1,1
SF,IC2001,2019-11-27 09:32:59.600,4803.4000,4032,0,57657360.000,0,-,-,-,-,4802.2000,4801.0000,4800.8000,4800.6000,4800.4000,4804.4000,4804.6000,4804.8000,4805.0000,4806.2000,1,2,1,1,1,1,1,1,1,1
SF,IC2001,2019-11-27 09:33:00.100,4803.4000,4032,0,57657360.000,0,-,-,-,-,4802.2000,4801.0000,4800.8000,4800.6000,4800.0000,4804.4000,4804.6000,4806.2000,4808.0000,4808.8000,1,1,1,1,1,1,1,1,1,1
SF,IC2001,2019-11-27 09:33:00.600,4802.2000,4031,-1,58617800.000,1,0,1,双平,S,4800.6000,4800.0000,4799.2000,4798.0000,4797.8000,4803.2000,4804.0000,4804.4000,4804.6000,4804.8000,1,1,1,1,1,1,1,1,1,1
SF,IC2001,2019-11-27 09:33:01.100,4802.2000,4031,0,58617800.000,0,-,-,-,-,4800.6000,4800.0000,4799.2000,4798.0000,4797.8000,4803.0000,4803.2000,4804.0000,4804.2000,4804.4000,1,1,1,1,1,1,1,1,1,1
SF,IC2001,2019-11-27 09:33:03.600,4802.2000,4031,0,58617800.000,0,-,-,-,-,4800.6000,4800.0000,4799.2000,4798.0000,4797.8000,4803.0000,4803.2000,4804.0000,4804.4000,4804.6000,1,1,1,1,1,1,1,1,1,1
SF,IC2001,2019-11-27 09:33:04.100,4802.2000,4031,0,58617800.000,0,-,-,-,-,4800.0000,4799.2000,4798.0000,4797.8000,4790.8000,4803.0000,4803.2000,4804.0000,4804.4000,4804.6000,1,1,1,1,5,1,1,1,1,1
SF,IC2001,2019-11-27 09:33:05.600,4802.2000,4031,0,58617800.000,0,-,-,-,-,4800.0000,4799.2000,4798.0000,4797.8000,4790.8000,4803.0000,4803.2000,4804.0000,4804.4000,4804.6000,2,1,1,1,5,1,1,1,1,1
SF,IC2001,2019-11-27 09:33:08.600,4802.2000,4031,0,58617800.000,0,-,-,-,-,4800.0000,4799.2000,4798.0000,4797.8000,4790.8000,4802.6000,4803.0000,4803.2000,4804.0000,4804.4000,2,1,1,1,5,1,1,1,1,1
SF,IC2001,2019-11-27 09:33:09.100,4802.2000,4031,0,58617800.000,0,-,-,-,-,4800.0000,4799.2000,4798.0000,4797.8000,4790.8000,4802.6000,4804.0000,4804.4000,4804.8000,4806.2000,1,1,1,1,5,1,1,1,1,1
SF,IC2001,2019-11-27 09:33:09.600,4802.2000,4031,0,58617800.000,0,-,-,-,-,4800.0000,4799.2000,4798.0000,4797.8000,4790.8000,4801.6000,4802.2000,4802.4000,4802.6000,4803.2000,1,1,1,1,5,1,1,1,1,1
SF,IC2001,2019-11-27 09:33:10.100,4802.2000,4031,0,58617800.000,0,-,-,-,-,4800.0000,4799.2000,4798.0000,4797.8000,4790.8000,4801.6000,4802.6000,4803.2000,4804.0000,4804.4000,1,1,1,1,5,1,1,1,1,1
SF,IC2001,2019-11-27 09:33:10.600,4800.0000,4030,-1,59577800.000,1,0,1,双平,S,4798.0000,4797.8000,4790.8000,4790.0000,4788.0000,4801.2000,4801.4000,4801.6000,4802.6000,4803.2000,1,1,5,1,1,2,1,1,1,1
SF,IC2001,2019-11-27 09:33:11.100,4800.0000,4030,0,59577800.000,0,-,-,-,-,4798.6000,4798.4000,4798.0000,4797.8000,4790.8000,4802.6000,4803.2000,4804.0000,4804.8000,4806.2000,1,1,1,1,5,1,1,1,1,1
SF,IC2001,2019-11-27 09:33:11.600,4800.0000,4030,0,59577800.000,0,-,-,-,-,4799.4000,4799.0000,4798.8000,4798.6000,4798.4000,4802.0000,4802.4000,4802.6000,4803.2000,4804.0000,1,1,1,1,1,1,1,1,1,1
SF,IC2001,2019-11-27 09:33:12.100,4800.0000,4030,0,59577800.000,0,-,-,-,-,4799.4000,4799.2000,4799.0000,4798.6000,4798.4000,4802.6000,4803.2000,4804.0000,4804.8000,4806.2000,2,1,1,1,1,1,1,1,1,1
SF,IC2001,2019-11-27 09:33:12.600,4800.0000,4030,0,59577800.000,0,-,-,-,-,4799.4000,4799.2000,4799.0000,4798.6000,4798.4000,4802.4000,4802.6000,4803.2000,4804.0000,4804.8000,3,1,1,1,1,1,1,1,1,1
SF,IC2001,2019-11-27 09:33:13.600,4800.0000,4030,0,59577800.000,0,-,-,-,-,4799.4000,4799.2000,4799.0000,4798.4000,4798.0000,4802.4000,4802.6000,4803.2000,4804.0000,4804.8000,4,1,1,1,1,1,1,1,1,1
SF,IC2001,2019-11-27 09:33:14.100,4802.4000,4029,-1,60538280.000,1,0,1,双平,S,4799.4000,4799.2000,4799.0000,4798.4000,4798.0000,4802.6000,4803.2000,4804.0000,4804.8000,4806.2000,4,1,1,1,1,1,1,1,1,1
SF,IC2001,2019-11-27 09:33:14.600,4802.4000,4029,0,60538280.000,0,-,-,-,-,4799.6000,4799.4000,4799.2000,4799.0000,4798.4000,4802.6000,4803.2000,4804.0000,4804.8000,4806.2000,1,3,1,1,1,1,1,1,1,1
SF,IC2001,2019-11-27 09:33:15.600,4802.4000,4029,0,60538280.000,0,-,-,-,-,4800.0000,4799.6000,4799.4000,4799.2000,4799.0000,4804.0000,4804.8000,4806.2000,4808.0000,4808.8000,1,1,3,1,1,1,1,1,1,1
SF,IC2001,2019-11-27 09:33:16.100,4802.4000,4029,0,60538280.000,0,-,-,-,-,4800.0000,4799.6000,4799.4000,4799.2000,4799.0000,4803.4000,4804.0000,4804.8000,4806.2000,4808.0000,1,1,2,1,1,1,1,1,1,1
SF,IC2001,2019-11-27 09:33:17.100,4802.4000,4029,0,60538280.000,0,-,-,-,-,4799.6000,4799.4000,4799.2000,4799.0000,4798.4000,4803.0000,4803.4000,4804.0000,4804.8000,4806.2000,1,1,1,1,1,1,1,1,1,1
SF,IC2001,2019-11-27 09:33:18.600,4802.4000,4029,0,60538280.000,0,-,-,-,-,4799.6000,4799.4000,4799.2000,4799.0000,4798.4000,4802.8000,4803.0000,4803.4000,4804.0000,4804.8000,1,1,1,1,1,1,1,1,1,1
SF,IC2001,2019-11-27 09:33:19.100,4802.4000,4029,0,60538280.000,0,-,-,-,-,4799.6000,4799.4000,4799.2000,4799.0000,4798.4000,4802.8000,4803.0000,4804.0000,4804.8000,4806.2000,1,1,1,1,1,1,1,1,1,1
SF,IC2001,2019-11-27 09:33:19.600,4802.4000,4029,0,60538280.000,0,-,-,-,-,4799.6000,4799.4000,4799.2000,4799.0000,4798.4000,4802.4000,4802.8000,4803.0000,4804.0000,4804.8000,1,1,1,1,1,1,1,1,1,1
SF,IC2001,2019-11-27 09:33:20.600,4802.4000,4029,0,60538280.000,0,-,-,-,-,4799.6000,4799.4000,4798.4000,4798.0000,4797.8000,4802.4000,4802.8000,4803.0000,4803.2000,4804.0000,1,1,1,1,1,1,1,1,1,1
SF,IC2001,2019-11-27 09:33:21.100,4802.4000,4029,0,60538280.000,0,-,-,-,-,4799.4000,4798.4000,4798.0000,4797.8000,4790.8000,4802.4000,4802.8000,4803.0000,4803.2000,4804.0000,1,1,1,1,5,1,1,1,1,1
SF,IC2001,2019-11-27 09:33:22.100,4802.4000,4029,0,60538280.000,0,-,-,-,-,4798.0000,4797.8000,4790.8000,4790.0000,4788.0000,4802.0000,4802.4000,4802.8000,4803.0000,4803.2000,1,1,5,1,1,1,1,1,1,1
SF,IC2001,2019-11-27 09:33:22.600,4802.4000,4029,0,60538280.000,0,-,-,-,-,4798.2000,4798.0000,4797.8000,4790.8000,4790.0000,4802.0000,4802.4000,4803.0000,4803.2000,4804.0000,1,1,1,5,1,1,1,1,1,1
SF,IC2001,2019-11-27 09:33:23.100,4802.4000,4029,0,60538280.000,0,-,-,-,-,4798.6000,4798.2000,4798.0000,4797.8000,4790.8000,4802.4000,4803.0000,4803.2000,4804.0000,4804.8000,1,1,2,1,5,1,1,1,1,1
SF,IC2001,2019-11-27 09:33:23.600,4802.4000,4029,0,60538280.000,0,-,-,-,-,4798.6000,4798.4000,4798.2000,4798.0000,4797.8000,4802.4000,4803.0000,4803.2000,4804.0000,4804.8000,2,1,1,1,1,1,1,1,1,1
SF,IC2001,2019-11-27 09:33:24.100,4802.4000,4029,0,60538280.000,0,-,-,-,-,4799.0000,4798.6000,4798.4000,4798.2000,4798.0000,4802.4000,4803.0000,4803.2000,4804.0000,4804.8000,1,2,1,1,1,1,1,1,1,1
SF,IC2001,2019-11-27 09:33:24.600,4802.4000,4029,0,60538280.000,0,-,-,-,-,4799.0000,4798.4000,4798.2000,4798.0000,4797.8000,4802.4000,4803.0000,4803.2000,4804.0000,4804.8000,1,1,1,1,1,1,1,1,1,1
SF,IC2001,2019-11-27 09:33:25.100,4802.4000,4029,0,60538280.000,0,-,-,-,-,4799.0000,4798.4000,4798.2000,4798.0000,4797.8000,4801.8000,4802.0000,4802.4000,4803.0000,4803.2000,1,1,1,1,1,1,1,1,1,1
SF,IC2001,2019-11-27 09:33:25.600,4802.4000,4029,0,60538280.000,0,-,-,-,-,4798.4000,4798.2000,4798.0000,4797.8000,4790.8000,4802.0000,4803.0000,4803.2000,4804.0000,4804.8000,1,1,1,1,5,1,1,1,1,1
SF,IC2001,2019-11-27 09:33:26.100,4802.4000,4029,0,60538280.000,0,-,-,-,-,4798.4000,4798.2000,4798.0000,4797.8000,4790.8000,4801.4000,4802.0000,4803.0000,4803.2000,4804.0000,2,1,1,1,5,1,1,1,1,1
SF,IC2001,2019-11-27 09:33:26.600,4802.4000,4029,0,60538280.000,0,-,-,-,-,4798.6000,4798.4000,4798.2000,4798.0000,4797.8000,4801.4000,4802.0000,4803.0000,4803.2000,4804.8000,1,2,1,1,1,1,1,1,1,1
SF,IC2001,2019-11-27 09:33:27.600,4802.4000,4029,0,60538280.000,0,-,-,-,-,4798.6000,4798.4000,4798.2000,4798.0000,4797.8000,4801.4000,4802.0000,4803.0000,4803.2000,4804.8000,1,1,1,1,1,1,1,1,1,1
SF,IC2001,2019-11-27 09:33:28.100,4802.4000,4029,0,60538280.000,0,-,-,-,-,4798.6000,4798.4000,4798.0000,4797.8000,4791.0000,4801.4000,4802.0000,4803.0000,4803.2000,4804.8000,1,1,1,1,1,1,1,1,1,1
SF,IC2001,2019-11-27 09:33:29.100,4802.4000,4029,0,60538280.000,0,-,-,-,-,4798.0000,4797.8000,4791.0000,4790.8000,4790.0000,4801.4000,4802.0000,4803.0000,4803.2000,4804.8000,1,1,1,5,1,1,1,1,1,1
SF,IC2001,2019-11-27 09:33:29.600,4802.4000,4029,0,60538280.000,0,-,-,-,-,4798.0000,4797.8000,4791.0000,4790.8000,4790.0000,4801.4000,4802.0000,4803.0000,4803.2000,4804.8000,1,1,1,5,1,2,1,1,1,1
SF,IC2001,2019-11-27 09:33:30.100,4802.4000,4029,0,60538280.000,0,-,-,-,-,4798.2000,4798.0000,4797.8000,4791.0000,4790.8000,4801.0000,4801.4000,4802.0000,4803.2000,4804.8000,1,1,1,1,5,1,2,1,1,1
SF,IC2001,2019-11-27 09:33:30.600,4802.4000,4029,0,60538280.000,0,-,-,-,-,4798.2000,4798.0000,4797.8000,4791.0000,4790.8000,4801.4000,4802.0000,4803.2000,4804.8000,4806.2000,1,1,1,1,5,2,1,1,1,1
SF,IC2001,2019-11-27 09:33:31.100,4802.4000,4029,0,60538280.000,0,-,-,-,-,4798.2000,4798.0000,4797.8000,4791.0000,4790.8000,4801.4000,4802.0000,4803.2000,4804.8000,4806.2000,1,1,1,1,5,2,1,1,1,1
SF,IC2001,2019-11-27 09:33:32.100,4802.4000,4029,0,60538280.000,0,-,-,-,-,4798.2000,4798.0000,4797.8000,4791.0000,4790.8000,4801.0000,4801.4000,4802.0000,4803.2000,4804.8000,1,1,1,1,5,1,2,1,1,1
SF,IC2001,2019-11-27 09:33:33.100,4802.4000,4029,0,60538280.000,0,-,-,-,-,4798.0000,4797.8000,4791.0000,4790.8000,4790.0000,4801.4000,4802.0000,4803.2000,4804.8000,4806.2000,1,1,1,5,1,2,1,1,1,1
SF,IC2001,2019-11-27 09:33:33.600,4802.4000,4029,0,60538280.000,0,-,-,-,-,4798.0000,4797.8000,4797.4000,4791.0000,4790.8000,4801.4000,4802.0000,4803.2000,4804.8000,4806.2000,1,1,1,1,5,2,1,1,1,1
SF,IC2001,2019-11-27 09:33:34.100,4802.4000,4029,0,60538280.000,0,-,-,-,-,4798.0000,4797.8000,4797.4000,4791.0000,4790.8000,4801.4000,4802.0000,4803.2000,4804.8000,4806.2000,1,1,1,1,5,2,1,1,1,1
SF,IC2001,2019-11-27 09:33:35.100,4802.4000,4029,0,60538280.000,0,-,-,-,-,4798.2000,4798.0000,4797.8000,4791.0000,4790.8000,4801.4000,4802.0000,4803.2000,4804.8000,4806.2000,1,1,1,1,5,2,1,1,1,1
SF,IC2001,2019-11-27 09:33:35.600,4802.4000,4029,0,60538280.000,0,-,-,-,-,4798.6000,4798.4000,4798.2000,4798.0000,4797.8000,4801.4000,4802.0000,4803.2000,4804.8000,4806.2000,2,1,1,2,2,2,1,1,1,1
SF,IC2001,2019-11-27 09:33:36.100,4802.4000,4029,0,60538280.000,0,-,-,-,-,4798.6000,4798.4000,4798.2000,4798.0000,4797.8000,4801.4000,4802.0000,4803.2000,4804.8000,4806.2000,2,1,1,2,2,1,1,1,1,1
SF,IC2001,2019-11-27 09:33:36.600,4801.4000,4030,1,61498560.000,1,1,0,双开,S,4798.6000,4798.4000,4798.2000,4798.0000,4797.8000,4802.0000,4803.2000,4804.8000,4806.2000,4808.0000,2,1,1,2,2,1,1,1,1,1
SF,IC2001,2019-11-27 09:33:37.100,4801.4000,4030,0,61498560.000,0,-,-,-,-,4798.8000,4798.6000,4798.4000,4798.0000,4797.8000,4803.2000,4804.8000,4806.2000,4808.0000,4808.8000,1,2,1,2,2,1,1,1,1,1
SF,IC2001,2019-11-27 09:33:37.600,4801.4000,4030,0,61498560.000,0,-,-,-,-,4799.0000,4798.8000,4798.6000,4798.4000,4798.0000,4802.6000,4803.2000,4804.8000,4806.2000,4808.0000,1,1,2,1,1,1,1,1,1,1
SF,IC2001,2019-11-27 09:33:38.100,4801.4000,4030,0,61498560.000,0,-,-,-,-,4798.8000,4798.6000,4798.4000,4798.0000,4797.8000,4802.6000,4803.2000,4804.8000,4806.2000,4808.0000,1,2,1,1,2,1,1,1,1,1
SF,IC2001,2019-11-27 09:33:38.600,4801.4000,4030,0,61498560.000,0,-,-,-,-,4799.2000,4799.0000,4798.6000,4798.4000,4798.0000,4802.6000,4803.2000,4804.8000,4806.2000,4808.0000,1,1,2,1,1,1,1,1,1,1
SF,IC2001,2019-11-27 09:33:39.100,4801.4000,4030,0,61498560.000,0,-,-,-,-,4799.2000,4799.0000,4798.8000,4798.6000,4798.4000,4802.6000,4803.2000,4804.8000,4806.2000,4808.0000,2,1,1,2,1,1,1,1,1,1
SF,IC2001,2019-11-27 09:33:39.600,4801.4000,4030,0,61498560.000,0,-,-,-,-,4799.2000,4799.0000,4798.8000,4798.6000,4798.4000,4802.6000,4803.2000,4804.8000,4806.2000,4808.0000,3,1,1,2,1,1,1,1,1,1
SF,IC2001,2019-11-27 09:33:40.100,4801.4000,4030,0,61498560.000,0,-,-,-,-,4799.8000,4799.4000,4799.2000,4799.0000,4798.4000,4804.8000,4806.2000,4808.0000,4808.8000,4809.8000,1,2,2,1,1,1,1,1,1,1
SF,IC2001,2019-11-27 09:33:40.600,4801.4000,4030,0,61498560.000,0,-,-,-,-,4801.4000,4799.8000,4799.4000,4799.2000,4798.4000,4803.8000,4804.2000,4804.6000,4804.8000,4806.2000,1,1,2,2,1,1,1,4,2,1
SF,IC2001,2019-11-27 09:33:41.100,4801.4000,4030,0,61498560.000,0,-,-,-,-,4801.4000,4799.8000,4799.4000,4799.2000,4798.4000,4803.4000,4803.6000,4803.8000,4804.2000,4804.6000,1,1,1,2,1,1,1,1,1,4
SF,IC2001,2019-11-27 09:33:41.600,4801.4000,4030,0,61498560.000,0,-,-,-,-,4801.4000,4799.8000,4799.4000,4799.2000,4798.4000,4803.8000,4804.8000,4806.2000,4808.0000,4808.8000,1,1,1,2,1,1,1,1,1,1
SF,IC2001,2019-11-27 09:33:42.100,4801.4000,4030,0,61498560.000,0,-,-,-,-,4801.4000,4799.8000,4799.4000,4799.2000,4798.4000,4804.8000,4806.2000,4808.0000,4808.8000,4809.8000,1,1,1,2,1,1,1,1,1,1
SF,IC2001,2019-11-27 09:33:42.600,4801.4000,4031,1,62458840.000,1,1,0,双开,S,4799.8000,4799.4000,4799.2000,4798.4000,4798.0000,4804.6000,4804.8000,4806.2000,4808.0000,4808.8000,1,1,2,1,1,1,1,1,1,1
SF,IC2001,2019-11-27 09:33:43.100,4801.4000,4031,0,62458840.000,0,-,-,-,-,4800.8000,4800.2000,4800.0000,4799.8000,4799.4000,4804.6000,4804.8000,4806.2000,4808.0000,4808.8000,2,2,1,1,1,1,1,1,1,1
SF,IC2001,2019-11-27 09:33:43.600,4801.4000,4031,0,62458840.000,0,-,-,-,-,4801.0000,4800.8000,4800.6000,4800.4000,4800.2000,4804.6000,4804.8000,4806.2000,4808.0000,4808.8000,1,2,1,1,2,1,1,1,1,1
SF,IC2001,2019-11-27 09:33:44.100,4801.4000,4031,0,62458840.000,0,-,-,-,-,4801.2000,4801.0000,4800.8000,4800.6000,4800.4000,4804.6000,4804.8000,4806.2000,4808.0000,4808.8000,1,1,2,1,1,1,1,1,1,1
SF,IC2001,2019-11-27 09:33:44.600,4801.4000,4031,0,62458840.000,0,-,-,-,-,4801.4000,4801.2000,4801.0000,4800.8000,4800.6000,4804.6000,4806.2000,4808.0000,4808.8000,4809.8000,2,1,2,2,1,1,1,1,1,1
SF,IC2001,2019-11-27 09:33:45.100,4804.6000,4030,-1,63419760.000,1,0,1,双平,S,4804.6000,4801.8000,4801.6000,4801.4000,4801.0000,4806.2000,4808.0000,4808.8000,4809.8000,4810.0000,1,1,1,2,1,1,1,1,1,1
SF,IC2001,2019-11-27 09:33:45.600,4804.6000,4029,-1,64380680.000,1,0,1,双平,S,4801.8000,4801.4000,4801.0000,4800.8000,4800.6000,4805.8000,4806.0000,4806.2000,4808.0000,4808.8000,1,2,1,1,1,1,1,1,1,1
SF,IC2001,2019-11-27 09:33:46.100,4804.6000,4029,0,64380680.000,0,-,-,-,-,4802.0000,4801.8000,4801.4000,4801.0000,4800.6000,4804.8000,4805.6000,4805.8000,4806.0000,4806.2000,1,1,1,1,1,1,1,1,2,1
SF,IC2001,2019-11-27 09:33:46.600,4804.6000,4029,0,64380680.000,0,-,-,-,-,4802.0000,4801.8000,4801.4000,4801.0000,4800.6000,4805.8000,4806.0000,4806.2000,4808.0000,4808.8000,1,1,1,1,1,1,1,1,1,1
SF,IC2001,2019-11-27 09:33:47.100,4804.6000,4029,0,64380680.000,0,-,-,-,-,4802.0000,4801.8000,4801.4000,4801.0000,4800.6000,4805.6000,4805.8000,4806.0000,4806.2000,4808.0000,1,1,1,1,1,2,1,1,1,1
SF,IC2001,2019-11-27 09:33:47.600,4804.6000,4029,0,64380680.000,0,-,-,-,-,4802.0000,4801.8000,4801.4000,4801.0000,4800.6000,4805.0000,4805.2000,4805.4000,4805.6000,4805.8000,1,1,1,1,1,1,1,1,5,1
SF,IC2001,2019-11-27 09:33:48.100,4804.6000,4029,0,64380680.000,0,-,-,-,-,4802.0000,4801.8000,4801.0000,4800.6000,4800.2000,4804.6000,4804.8000,4805.2000,4805.6000,4806.0000,1,1,1,1,2,1,1,1,4,1
SF,IC2001,2019-11-27 09:33:48.600,4802.0000,4028,-1,65341080.000,1,0,1,双平,S,4801.8000,4801.0000,4800.6000,4800.2000,4800.0000,4804.4000,4804.6000,4805.2000,4805.6000,4806.0000,1,1,1,2,1,1,1,1,4,1
SF,IC2001,2019-11-27 09:33:49.100,4802.0000,4028,0,65341080.000,0,-,-,-,-,4801.8000,4801.0000,4800.6000,4800.2000,4800.0000,4804.0000,4804.4000,4804.6000,4805.6000,4806.0000,1,1,1,2,1,1,1,1,4,1
SF,IC2001,2019-11-27 09:33:49.600,4802.0000,4028,0,65341080.000,0,-,-,-,-,4800.6000,4800.2000,4800.0000,4799.2000,4798.0000,4803.8000,4804.0000,4804.6000,4804.8000,4805.6000,1,2,1,2,1,2,1,1,1,3
SF,IC2001,2019-11-27 09:33:50.100,4802.0000,4028,0,65341080.000,0,-,-,-,-,4800.8000,4800.6000,4800.2000,4800.0000,4799.2000,4803.4000,4803.6000,4803.8000,4804.0000,4804.8000,1,1,2,1,2,1,1,2,1,1
SF,IC2001,2019-11-27 09:33:50.600,4802.0000,4028,0,65341080.000,0,-,-,-,-,4799.2000,4798.0000,4797.8000,4791.0000,4790.8000,4803.2000,4803.4000,4803.6000,4804.0000,4804.8000,2,1,2,1,5,1,1,1,1,1
SF,IC2001,2019-11-27 09:33:51.100,4802.0000,4028,0,65341080.000,0,-,-,-,-,4799.4000,4799.2000,4798.0000,4797.8000,4791.0000,4802.8000,4803.0000,4803.2000,4803.4000,4803.6000,1,1,1,2,1,1,1,2,1,1
SF,IC2001,2019-11-27 09:33:51.600,4802.0000,4028,0,65341080.000,0,-,-,-,-,4799.4000,4799.2000,4798.0000,4797.8000,4791.0000,4802.6000,4803.0000,4803.4000,4803.6000,4804.8000,2,1,1,2,1,1,1,1,1,1
SF,IC2001,2019-11-27 09:33:52.100,4802.0000,4028,0,65341080.000,0,-,-,-,-,4799.6000,4799.4000,4799.2000,4798.0000,4797.8000,4802.6000,4803.0000,4803.4000,4804.8000,4805.6000,1,2,1,1,2,1,1,1,1,3
SF,IC2001,2019-11-27 09:33:52.600,4802.0000,4028,0,65341080.000,0,-,-,-,-,4799.4000,4799.2000,4798.0000,4797.8000,4791.0000,4802.6000,4803.0000,4803.4000,4804.8000,4805.6000,1,1,1,2,1,1,1,1,1,3
SF,IC2001,2019-11-27 09:33:53.100,4802.0000,4028,0,65341080.000,0,-,-,-,-,4799.6000,4799.4000,4799.2000,4798.0000,4797.8000,4802.6000,4803.0000,4803.4000,4804.8000,4805.6000,1,1,1,1,2,1,1,1,1,3
SF,IC2001,2019-11-27 09:33:54.600,4802.0000,4028,0,65341080.000,0,-,-,-,-,4799.6000,4799.2000,4798.0000,4797.8000,4791.0000,4802.2000,4802.6000,4803.0000,4803.2000,4803.4000,1,1,1,2,1,2,1,1,1,1
SF,IC2001,2019-11-27 09:33:55.100,4802.0000,4028,0,65341080.000,0,-,-,-,-,4799.6000,4799.2000,4798.0000,4797.8000,4791.0000,4802.0000,4803.0000,4803.2000,4803.4000,4804.8000,1,1,1,2,1,1,1,1,1,1
SF,IC2001,2019-11-27 09:33:56.100,4802.0000,4028,0,65341080.000,0,-,-,-,-,4800.0000,4799.6000,4799.2000,4798.0000,4797.8000,4802.0000,4803.0000,4803.2000,4803.4000,4804.8000,2,1,2,1,2,1,1,1,1,1
SF,IC2001,2019-11-27 09:33:56.600,4802.0000,4028,0,65341080.000,0,-,-,-,-,4800.0000,4799.2000,4798.0000,4797.8000,4791.0000,4802.0000,4803.0000,4803.2000,4803.4000,4804.8000,2,2,1,2,1,1,1,1,1,1
SF,IC2001,2019-11-27 09:33:57.100,4802.0000,4028,0,65341080.000,0,-,-,-,-,4799.2000,4798.0000,4797.8000,4791.0000,4790.8000,4802.0000,4803.0000,4803.2000,4803.4000,4804.8000,2,1,2,1,5,1,1,1,1,1
SF,IC2001,2019-11-27 09:33:58.100,4802.0000,4028,0,65341080.000,0,-,-,-,-,4799.2000,4798.0000,4797.8000,4791.0000,4790.8000,4802.0000,4803.0000,4803.2000,4803.4000,4804.8000,1,1,2,1,5,1,1,1,1,1
SF,IC2001,2019-11-27 09:33:59.100,4802.0000,4028,0,65341080.000,0,-,-,-,-,4799.4000,4799.2000,4798.0000,4797.8000,4791.0000,4802.0000,4803.0000,4803.2000,4803.4000,4804.8000,1,1,1,2,1,1,1,1,1,1
SF,IC2001,2019-11-27 09:33:59.600,4802.0000,4028,0,65341080.000,0,-,-,-,-,4799.4000,4799.2000,4798.0000,4797.8000,4791.0000,4801.6000,4801.8000,4802.0000,4803.2000,4803.4000,1,1,1,1,1,1,1,1,1,1
SF,IC2001,2019-11-27 09:34:00.100,4802.0000,4028,0,65341080.000,0,-,-,-,-,4798.0000,4797.8000,4791.0000,4790.8000,4790.0000,4801.4000,4801.6000,4801.8000,4803.2000,4803.4000,1,1,1,5,2,2,1,1,1,1
SF,IC2001,2019-11-27 09:34:01.100,4802.0000,4028,0,65341080.000,0,-,-,-,-,4798.0000,4797.8000,4791.0000,4790.8000,4790.0000,4801.0000,4801.4000,4801.6000,4801.8000,4803.2000,1,1,1,5,2,1,2,1,1,1
SF,IC2001,2019-11-27 09:34:01.600,4802.0000,4028,0,65341080.000,0,-,-,-,-,4798.0000,4797.8000,4791.0000,4790.8000,4790.0000,4800.6000,4800.8000,4801.0000,4801.6000,4801.8000,1,1,1,5,2,3,1,1,1,2
SF,IC2001,2019-11-27 09:34:02.100,4802.0000,4028,0,65341080.000,0,-,-,-,-,4798.0000,4796.4000,4791.0000,4790.8000,4790.0000,4800.4000,4801.0000,4801.6000,4801.8000,4803.2000,1,1,1,5,2,1,1,1,2,1
SF,IC2001,2019-11-27 09:34:03.100,4802.0000,4028,0,65341080.000,0,-,-,-,-,4798.0000,4796.4000,4791.0000,4790.8000,4790.0000,4800.0000,4800.4000,4801.0000,4801.8000,4803.2000,1,1,1,5,2,1,1,1,1,1
SF,IC2001,2019-11-27 09:34:03.600,4802.0000,4028,0,65341080.000,0,-,-,-,-,4798.0000,4796.4000,4791.0000,4790.8000,4790.0000,4799.8000,4801.0000,4801.8000,4803.2000,4804.8000,1,1,1,5,2,1,1,1,1,1
SF,IC2001,2019-11-27 09:34:05.100,4802.0000,4028,0,65341080.000,0,-,-,-,-,4798.2000,4798.0000,4797.8000,4796.4000,4791.0000,4799.8000,4801.8000,4803.2000,4804.8000,4805.6000,2,1,1,1,1,1,1,1,1,3
SF,IC2001,2019-11-27 09:34:05.600,4799.8000,4027,-1,66301040.000,1,0,1,双平,S,4798.8000,4798.4000,4798.2000,4798.0000,4797.8000,4801.8000,4803.2000,4804.8000,4805.6000,4806.0000,1,1,2,1,1,1,1,1,3,1
SF,IC2001,2019-11-27 09:34:06.100,4799.8000,4027,0,66301040.000,0,-,-,-,-,4799.4000,4799.0000,4798.6000,4798.2000,4798.0000,4801.6000,4803.2000,4804.8000,4805.6000,4806.0000,1,1,1,3,1,1,1,1,3,1
SF,IC2001,2019-11-27 09:34:06.600,4799.8000,4027,0,66301040.000,0,-,-,-,-,4800.0000,4798.2000,4798.0000,4797.8000,4796.4000,4803.0000,4803.2000,4804.8000,4805.6000,4806.0000,1,3,1,1,1,1,1,1,3,1
SF,IC2001,2019-11-27 09:34:07.100,4799.8000,4027,0,66301040.000,0,-,-,-,-,4800.6000,4798.2000,4798.0000,4797.8000,4796.4000,4802.6000,4802.8000,4803.0000,4803.2000,4804.8000,1,2,1,1,1,1,2,1,1,1
SF,IC2001,2019-11-27 09:34:07.600,4800.6000,4026,-1,67261160.000,1,0,1,双平,S,4798.2000,4798.0000,4797.8000,4796.4000,4791.0000,4802.2000,4802.4000,4802.6000,4802.8000,4803.0000,2,1,1,1,1,2,1,1,1,1
SF,IC2001,2019-11-27 09:34:08.100,4800.6000,4026,0,67261160.000,0,-,-,-,-,4798.4000,4798.2000,4798.0000,4797.8000,4796.4000,4802.0000,4802.2000,4803.2000,4804.8000,4805.6000,2,2,1,1,1,1,1,1,1,3
SF,IC2001,2019-11-27 09:34:08.600,4800.6000,4026,0,67261160.000,0,-,-,-,-,4798.8000,4798.4000,4798.2000,4798.0000,4797.8000,4801.6000,4801.8000,4802.0000,4802.2000,4803.2000,1,2,2,1,1,2,2,1,1,1
SF,IC2001,2019-11-27 09:34:09.100,4800.6000,4026,0,67261160.000,0,-,-,-,-,4798.8000,4798.0000,4797.8000,4796.6000,4796.4000,4801.4000,4801.6000,4802.0000,4802.2000,4803.2000,1,1,1,1,1,1,2,1,1,1
SF,IC2001,2019-11-27 09:34:09.600,4800.6000,4026,0,67261160.000,0,-,-,-,-,4798.0000,4797.8000,4796.6000,4796.4000,4791.0000,4801.4000,4802.0000,4802.2000,4803.2000,4804.8000,1,1,1,1,1,1,1,1,1,1
SF,IC2001,2019-11-27 09:34:10.100,4800.6000,4026,0,67261160.000,0,-,-,-,-,4798.4000,4798.2000,4798.0000,4797.8000,4796.6000,4801.4000,4802.0000,4802.2000,4803.2000,4804.8000,1,1,1,1,1,1,1,1,1,1
SF,IC2001,2019-11-27 09:34:10.600,4800.6000,4026,0,67261160.000,0,-,-,-,-,4798.6000,4798.4000,4798.0000,4797.8000,4796.6000,4801.4000,4802.0000,4802.2000,4803.2000,4804.8000,1,2,1,1,1,1,1,1,1,1
SF,IC2001,2019-11-27 09:34:11.600,4800.6000,4026,0,67261160.000,0,-,-,-,-,4798.6000,4798.4000,4798.0000,4797.8000,4796.6000,4801.0000,4801.4000,4802.0000,4802.2000,4803.2000,1,1,1,1,1,1,1,1,1,1
SF,IC2001,2019-11-27 09:34:12.100,4800.6000,4026,0,67261160.000,0,-,-,-,-,4798.0000,4797.8000,4796.6000,4796.4000,4791.0000,4800.8000,4801.0000,4802.2000,4803.2000,4804.8000,1,1,1,1,1,1,2,1,1,1
SF,IC2001,2019-11-27 09:34:13.100,4800.6000,4026,0,67261160.000,0,-,-,-,-,4798.0000,4797.8000,4796.6000,4796.4000,4791.0000,4800.8000,4801.0000,4801.8000,4802.2000,4803.2000,1,1,1,1,1,1,2,1,1,1
SF,IC2001,2019-11-27 09:34:13.600,4800.6000,4026,0,67261160.000,0,-,-,-,-,4798.0000,4796.6000,4796.4000,4791.0000,4790.8000,4800.8000,4801.0000,4801.8000,4802.2000,4803.2000,1,1,1,1,5,1,2,1,1,1
SF,IC2001,2019-11-27 09:34:14.100,4800.6000,4026,0,67261160.000,0,-,-,-,-,4798.2000,4798.0000,4796.6000,4796.4000,4791.0000,4800.8000,4801.0000,4801.8000,4802.2000,4803.2000,1,1,1,1,1,1,2,1,1,1
SF,IC2001,2019-11-27 09:34:18.100,4800.6000,4026,0,67261160.000,0,-,-,-,-,4798.2000,4798.0000,4797.8000,4796.6000,4796.4000,4800.8000,4801.0000,4801.8000,4802.2000,4803.2000,3,1,1,1,1,1,1,1,1,1
SF,IC2001,2019-11-27 09:34:18.600,4800.6000,4026,0,67261160.000,0,-,-,-,-,4798.4000,4798.2000,4798.0000,4797.8000,4796.6000,4801.0000,4801.8000,4802.2000,4803.2000,4804.8000,2,3,1,1,1,1,1,1,1,1
SF,IC2001,2019-11-27 09:34:19.100,4800.6000,4026,0,67261160.000,0,-,-,-,-,4798.6000,4798.4000,4798.2000,4798.0000,4797.8000,4802.2000,4803.2000,4804.8000,4805.6000,4806.0000,1,2,2,1,1,1,1,1,3,1
SF,IC2001,2019-11-27 09:34:19.600,4800.6000,4026,0,67261160.000,0,-,-,-,-,4798.8000,4798.6000,4798.4000,4798.2000,4798.0000,4802.0000,4802.2000,4803.2000,4804.8000,4805.6000,1,1,1,2,1,1,1,1,1,3
SF,IC2001,2019-11-27 09:34:20.100,4800.6000,4026,0,67261160.000,0,-,-,-,-,4799.0000,4798.8000,4798.2000,4798.0000,4797.8000,4802.0000,4802.2000,4803.2000,4804.8000,4805.6000,1,1,2,1,1,1,1,1,1,3
SF,IC2001,2019-11-27 09:34:20.600,4800.6000,4026,0,67261160.000,0,-,-,-,-,4799.2000,4799.0000,4798.8000,4798.2000,4798.0000,4802.0000,4802.2000,4803.2000,4804.8000,4805.6000,1,1,1,2,1,1,1,1,1,3
SF,IC2001,2019-11-27 09:34:21.100,4800.6000,4026,0,67261160.000,0,-,-,-,-,4799.4000,4799.2000,4798.8000,4798.2000,4798.0000,4802.0000,4802.2000,4803.2000,4804.8000,4805.6000,1,1,1,2,1,1,1,1,1,3
SF,IC2001,2019-11-27 09:34:21.600,4800.6000,4026,0,67261160.000,0,-,-,-,-,4799.4000,4799.2000,4798.8000,4798.0000,4797.8000,4802.0000,4803.2000,4804.8000,4805.6000,4806.0000,1,2,1,1,1,1,1,1,3,1
SF,IC2001,2019-11-27 09:34:22.100,4800.6000,4026,0,67261160.000,0,-,-,-,-,4799.6000,4799.4000,4799.2000,4798.0000,4797.8000,4802.0000,4803.2000,4804.8000,4805.6000,4806.0000,3,1,2,1,1,1,1,1,3,1
SF,IC2001,2019-11-27 09:34:22.600,4800.6000,4026,0,67261160.000,0,-,-,-,-,4799.6000,4799.2000,4798.0000,4797.8000,4796.6000,4802.0000,4803.2000,4804.8000,4805.6000,4806.0000,1,1,1,1,1,1,1,1,3,1
SF,IC2001,2019-11-27 09:34:23.600,4800.6000,4026,0,67261160.000,0,-,-,-,-,4799.2000,4798.0000,4797.8000,4796.6000,4796.4000,4801.6000,4801.8000,4802.0000,4803.2000,4804.8000,1,1,1,1,1,1,1,1,1,1
SF,IC2001,2019-11-27 09:34:25.100,4800.6000,4026,0,67261160.000,0,-,-,-,-,4798.0000,4797.8000,4796.6000,4796.4000,4791.0000,4801.6000,4801.8000,4802.0000,4803.2000,4804.8000,1,1,1,1,1,1,1,1,1,1
SF,IC2001,2019-11-27 09:34:25.600,4800.6000,4026,0,67261160.000,0,-,-,-,-,4798.0000,4797.8000,4796.6000,4796.4000,4791.0000,4801.0000,4801.4000,4801.6000,4801.8000,4803.2000,1,1,1,1,1,1,2,1,1,1
SF,IC2001,2019-11-27 09:34:26.100,4800.6000,4026,0,67261160.000,0,-,-,-,-,4798.2000,4798.0000,4797.8000,4796.6000,4796.4000,4800.8000,4801.0000,4801.6000,4801.8000,4803.2000,1,1,1,1,1,2,1,1,1,1
SF,IC2001,2019-11-27 09:34:26.600,4798.0000,4025,-1,69180400.000,2,0,2,多平,S,4796.6000,4796.4000,4791.0000,4790.8000,4790.0000,4800.4000,4800.6000,4800.8000,4801.0000,4801.2000,1,1,1,5,2,1,2,3,1,1
SF,IC2001,2019-11-27 09:34:27.100,4798.0000,4025,0,69180400.000,0,-,-,-,-,4796.8000,4796.6000,4796.4000,4791.0000,4790.8000,4800.0000,4800.4000,4800.6000,4800.8000,4801.0000,1,1,1,1,5,1,1,2,1,1
SF,IC2001,2019-11-27 09:34:30.100,4798.0000,4025,0,69180400.000,0,-,-,-,-,4796.8000,4796.6000,4796.4000,4791.0000,4790.8000,4800.4000,4800.6000,4801.0000,4801.2000,4803.2000,1,1,1,1,5,1,2,1,1,1
SF,IC2001,2019-11-27 09:34:30.600,4798.0000,4025,0,69180400.000,0,-,-,-,-,4796.8000,4796.6000,4796.4000,4791.0000,4790.8000,4800.0000,4800.2000,4800.4000,4800.6000,4801.0000,1,1,1,1,5,1,1,1,2,1
SF,IC2001,2019-11-27 09:34:31.100,4798.0000,4025,0,69180400.000,0,-,-,-,-,4796.8000,4796.6000,4796.4000,4791.0000,4790.8000,4800.0000,4800.4000,4800.6000,4801.0000,4801.2000,1,1,1,1,5,1,1,2,1,1
SF,IC2001,2019-11-27 09:34:31.600,4798.0000,4025,0,69180400.000,0,-,-,-,-,4797.0000,4796.8000,4796.6000,4796.4000,4791.0000,4799.8000,4800.4000,4800.6000,4801.0000,4801.2000,1,1,1,1,1,1,1,2,1,1
SF,IC2001,2019-11-27 09:34:32.100,4798.0000,4025,0,69180400.000,0,-,-,-,-,4797.2000,4796.6000,4796.4000,4791.0000,4790.8000,4799.8000,4800.4000,4800.6000,4801.0000,4801.2000,1,1,1,1,5,1,1,2,1,1
SF,IC2001,2019-11-27 09:34:33.600,4798.0000,4025,0,69180400.000,0,-,-,-,-,4797.2000,4796.6000,4796.4000,4790.8000,4790.0000,4799.8000,4800.4000,4800.6000,4801.0000,4801.2000,1,1,1,5,2,1,1,2,1,1
SF,IC2001,2019-11-27 09:34:35.100,4798.0000,4025,0,69180400.000,0,-,-,-,-,4797.2000,4796.6000,4796.4000,4790.8000,4790.0000,4799.8000,4800.4000,4800.6000,4801.2000,4803.2000,1,1,1,5,2,1,1,2,1,1
SF,IC2001,2019-11-27 09:34:35.600,4798.0000,4025,0,69180400.000,0,-,-,-,-,4797.2000,4796.6000,4796.4000,4790.8000,4790.0000,4800.4000,4800.6000,4801.2000,4803.2000,4804.8000,1,1,1,5,2,1,2,1,1,1
SF,IC2001,2019-11-27 09:34:36.100,4798.0000,4025,0,69180400.000,0,-,-,-,-,4797.2000,4796.6000,4796.4000,4790.8000,4790.0000,4800.2000,4800.4000,4800.6000,4801.2000,4803.2000,1,1,1,5,2,1,1,2,1,1
SF,IC2001,2019-11-27 09:34:36.600,4798.0000,4025,0,69180400.000,0,-,-,-,-,4797.2000,4796.6000,4796.4000,4790.8000,4790.0000,4800.2000,4800.4000,4800.6000,4801.2000,4803.2000,1,1,1,5,2,1,1,1,1,1
SF,IC2001,2019-11-27 09:34:37.100,4798.0000,4025,0,69180400.000,0,-,-,-,-,4797.2000,4796.6000,4796.4000,4790.8000,4790.0000,4800.2000,4800.4000,4800.6000,4801.2000,4803.2000,3,1,1,5,2,1,1,1,1,1
SF,IC2001,2019-11-27 09:34:37.600,4798.0000,4025,0,69180400.000,0,-,-,-,-,4797.4000,4797.2000,4796.6000,4796.4000,4790.8000,4800.2000,4800.4000,4800.6000,4801.2000,4803.2000,1,1,1,1,5,1,1,1,1,1
SF,IC2001,2019-11-27 09:34:38.100,4798.0000,4025,0,69180400.000,0,-,-,-,-,4797.4000,4796.6000,4796.4000,4790.8000,4790.0000,4798.8000,4799.8000,4800.2000,4800.4000,4801.2000,1,1,1,5,2,1,2,1,1,1
SF,IC2001,2019-11-27 09:34:38.600,4798.0000,4025,0,69180400.000,0,-,-,-,-,4796.6000,4796.4000,4790.8000,4790.0000,4788.0000,4800.4000,4801.2000,4803.2000,4804.8000,4805.6000,1,1,5,2,1,1,1,1,1,3
SF,IC2001,2019-11-27 09:34:39.100,4798.0000,4025,0,69180400.000,0,-,-,-,-,4797.2000,4797.0000,4796.8000,4796.6000,4796.4000,4800.4000,4801.2000,4803.2000,4804.8000,4805.6000,2,1,1,1,1,1,1,1,1,3
SF,IC2001,2019-11-27 09:34:39.600,4798.0000,4025,0,69180400.000,0,-,-,-,-,4797.0000,4796.6000,4796.4000,4790.8000,4790.0000,4800.2000,4800.4000,4801.2000,4803.2000,4804.8000,1,1,1,5,2,1,1,1,1,1
SF,IC2001,2019-11-27 09:34:40.100,4798.0000,4025,0,69180400.000,0,-,-,-,-,4797.2000,4797.0000,4796.6000,4796.4000,4790.8000,4800.2000,4800.4000,4801.2000,4803.2000,4804.8000,3,2,1,1,5,1,1,1,1,1
SF,IC2001,2019-11-27 09:34:41.100,4798.0000,4025,0,69180400.000,0,-,-,-,-,4797.2000,4797.0000,4796.6000,4796.4000,4790.8000,4799.8000,4800.0000,4800.2000,4800.4000,4801.2000,2,2,1,1,5,1,1,1,1,1
SF,IC2001,2019-11-27 09:34:41.600,4798.0000,4025,0,69180400.000,0,-,-,-,-,4797.2000,4797.0000,4796.6000,4796.4000,4790.8000,4800.4000,4801.2000,4803.2000,4804.8000,4805.6000,2,2,1,1,5,1,1,1,1,3
SF,IC2001,2019-11-27 09:34:42.100,4798.0000,4025,0,69180400.000,0,-,-,-,-,4797.6000,4797.4000,4797.2000,4797.0000,4796.6000,4800.4000,4801.2000,4803.2000,4804.8000,4805.6000,1,2,2,2,1,1,1,1,1,3
SF,IC2001,2019-11-27 09:34:42.600,4798.0000,4025,0,69180400.000,0,-,-,-,-,4797.8000,4797.6000,4797.4000,4797.2000,4797.0000,4800.4000,4801.2000,4803.2000,4804.8000,4805.6000,1,1,2,1,2,1,1,1,1,3
SF,IC2001,2019-11-27 09:34:43.100,4798.0000,4025,0,69180400.000,0,-,-,-,-,4798.0000,4797.8000,4797.6000,4797.4000,4797.0000,4800.4000,4801.2000,4803.2000,4804.8000,4805.6000,1,1,1,2,2,1,1,1,1,3
SF,IC2001,2019-11-27 09:34:43.600,4798.0000,4025,0,69180400.000,0,-,-,-,-,4798.2000,4798.0000,4797.6000,4797.4000,4797.0000,4800.4000,4801.2000,4803.2000,4804.8000,4805.6000,1,1,1,2,2,1,1,1,1,3
SF,IC2001,2019-11-27 09:34:44.100,4798.0000,4024,-1,70140000.000,1,0,1,双平,S,4798.0000,4797.6000,4797.4000,4797.0000,4796.6000,4800.4000,4801.2000,4803.2000,4804.8000,4805.6000,1,1,2,2,1,1,1,1,1,3
SF,IC2001,2019-11-27 09:34:44.600,4798.0000,4024,0,70140000.000,0,-,-,-,-,4798.0000,4797.6000,4797.4000,4797.0000,4796.6000,4800.2000,4800.4000,4801.2000,4803.2000,4804.8000,1,1,2,2,1,1,1,1,1,1
SF,IC2001,2019-11-27 09:34:45.100,4798.0000,4024,0,70140000.000,0,-,-,-,-,4798.0000,4797.6000,4797.0000,4796.6000,4796.4000,4800.2000,4800.4000,4801.2000,4803.2000,4804.8000,1,1,2,1,1,1,1,1,1,1
SF,IC2001,2019-11-27 09:34:45.600,4798.0000,4024,0,70140000.000,0,-,-,-,-,4797.6000,4797.0000,4796.6000,4796.4000,4790.8000,4800.2000,4800.4000,4801.2000,4803.2000,4804.8000,1,2,1,1,5,1,1,1,1,1
SF,IC2001,2019-11-27 09:34:47.100,4798.0000,4024,0,70140000.000,0,-,-,-,-,4797.8000,4797.6000,4797.0000,4796.6000,4796.4000,4800.2000,4800.4000,4801.2000,4803.2000,4804.8000,1,1,2,1,1,1,1,1,1,1
SF,IC2001,2019-11-27 09:34:48.100,4798.0000,4024,0,70140000.000,0,-,-,-,-,4797.6000,4797.0000,4796.6000,4796.4000,4790.8000,4800.2000,4800.4000,4801.2000,4803.2000,4804.8000,1,2,1,1,5,1,1,1,1,1
SF,IC2001,2019-11-27 09:34:49.100,4798.0000,4024,0,70140000.000,0,-,-,-,-,4797.8000,4797.6000,4797.0000,4796.6000,4796.4000,4800.2000,4800.4000,4801.2000,4803.2000,4804.8000,1,1,2,1,1,1,1,1,1,1
SF,IC2001,2019-11-27 09:34:49.600,4798.0000,4024,0,70140000.000,0,-,-,-,-,4798.2000,4797.8000,4797.0000,4796.6000,4796.4000,4800.2000,4800.4000,4801.2000,4803.2000,4804.8000,1,1,2,1,1,1,1,1,1,1
SF,IC2001,2019-11-27 09:34:50.600,4798.0000,4024,0,70140000.000,0,-,-,-,-,4798.4000,4798.2000,4797.8000,4797.0000,4796.6000,4800.2000,4803.2000,4804.8000,4805.6000,4806.0000,1,3,1,2,1,1,1,1,3,1
SF,IC2001,2019-11-27 09:34:51.100,4798.0000,4024,0,70140000.000,0,-,-,-,-,4798.4000,4798.2000,4797.8000,4797.0000,4796.6000,4800.2000,4803.2000,4804.8000,4805.6000,4806.0000,1,1,1,2,1,1,1,1,3,1
SF,IC2001,2019-11-27 09:34:51.600,4800.2000,4023,-1,71100040.000,1,0,1,双平,S,4798.6000,4798.2000,4797.8000,4797.0000,4796.6000,4803.2000,4804.8000,4805.6000,4806.0000,4806.2000,1,1,1,1,1,1,1,3,1,1
SF,IC2001,2019-11-27 09:34:52.100,4800.2000,4023,0,71100040.000,0,-,-,-,-,4798.6000,4798.2000,4797.8000,4797.0000,4796.6000,4800.4000,4801.2000,4801.8000,4802.0000,4802.2000,1,1,1,1,1,1,1,1,1,1
SF,IC2001,2019-11-27 09:34:52.600,4800.2000,4023,0,71100040.000,0,-,-,-,-,4798.6000,4798.2000,4797.8000,4797.0000,4796.6000,4801.2000,4801.8000,4802.0000,4802.2000,4802.4000,1,1,1,1,1,1,1,1,1,2
SF,IC2001,2019-11-27 09:34:53.100,4800.2000,4023,0,71100040.000,0,-,-,-,-,4798.6000,4798.2000,4797.8000,4797.0000,4796.6000,4801.0000,4801.2000,4801.8000,4802.0000,4802.2000,1,1,1,1,1,1,1,1,1,1
SF,IC2001,2019-11-27 09:34:53.600,4800.2000,4023,0,71100040.000,0,-,-,-,-,4798.6000,4798.2000,4797.8000,4797.0000,4796.6000,4801.0000,4801.2000,4801.8000,4802.0000,4802.2000,1,1,1,1,1,1,1,1,1,1
SF,IC2001,2019-11-27 09:34:54.100,4800.2000,4023,0,71100040.000,0,-,-,-,-,4798.6000,4797.0000,4796.6000,4796.4000,4791.6000,4799.6000,4800.6000,4801.0000,4801.2000,4801.8000,1,1,1,1,2,1,1,1,1,2
SF,IC2001,2019-11-27 09:34:54.600,4798.6000,4022,-1,72059760.000,1,0,1,双平,S,4797.0000,4796.6000,4796.4000,4791.6000,4790.8000,4800.6000,4800.8000,4801.2000,4801.8000,4802.0000,1,1,1,2,5,1,3,1,2,1
SF,IC2001,2019-11-27 09:34:55.100,4798.6000,4022,0,72059760.000,0,-,-,-,-,4797.2000,4797.0000,4796.6000,4796.4000,4791.6000,4800.6000,4801.2000,4801.8000,4802.4000,4802.8000,1,1,1,1,2,1,1,2,2,1
SF,IC2001,2019-11-27 09:34:55.600,4798.6000,4022,0,72059760.000,0,-,-,-,-,4797.2000,4797.0000,4796.6000,4796.4000,4791.6000,4800.4000,4800.6000,4801.2000,4801.8000,4802.4000,1,1,1,1,2,2,1,1,2,2
SF,IC2001,2019-11-27 09:34:56.100,4798.6000,4022,0,72059760.000,0,-,-,-,-,4797.2000,4797.0000,4796.6000,4796.4000,4791.6000,4800.0000,4800.4000,4800.6000,4801.2000,4801.8000,1,1,1,1,2,1,2,1,1,2
SF,IC2001,2019-11-27 09:34:56.600,4798.6000,4022,0,72059760.000,0,-,-,-,-,4797.2000,4797.0000,4796.6000,4796.4000,4791.6000,4800.4000,4800.6000,4801.8000,4802.4000,4803.0000,1,1,1,1,2,1,1,1,2,3
SF,IC2001,2019-11-27 09:34:57.100,4798.6000,4022,0,72059760.000,0,-,-,-,-,4797.2000,4797.0000,4796.6000,4796.4000,4791.6000,4800.2000,4800.4000,4800.6000,4801.8000,4802.4000,1,1,1,1,2,1,1,1,1,2
SF,IC2001,2019-11-27 09:34:59.100,4798.6000,4022,0,72059760.000,0,-,-,-,-,4798.8000,4797.4000,4797.2000,4797.0000,4796.6000,4800.2000,4800.4000,4800.6000,4801.8000,4802.4000,1,2,1,1,1,1,1,1,1,2
SF,IC2001,2019-11-27 09:34:59.600,4798.6000,4022,0,72059760.000,0,-,-,-,-,4798.8000,4797.4000,4797.0000,4796.6000,4796.4000,4800.2000,4800.6000,4801.8000,4802.4000,4803.0000,1,2,1,1,1,1,1,1,2,3
SF,IC2001,2019-11-27 09:35:00.100,4798.6000,4022,0,72059760.000,0,-,-,-,-,4798.8000,4797.4000,4797.0000,4796.6000,4796.4000,4801.8000,4802.4000,4803.0000,4803.2000,4804.8000,1,2,1,1,1,1,1,3,1,1
SF,IC2001,2019-11-27 09:35:00.600,4798.6000,4022,0,72059760.000,0,-,-,-,-,4798.8000,4797.4000,4797.0000,4796.6000,4796.4000,4799.8000,4801.4000,4801.6000,4801.8000,4802.4000,1,2,1,1,1,1,1,2,1,1
SF,IC2001,2019-11-27 09:35:01.100,4798.6000,4022,0,72059760.000,0,-,-,-,-,4798.8000,4797.4000,4797.0000,4796.6000,4796.4000,4801.4000,4801.8000,4802.4000,4803.0000,4803.2000,1,2,1,1,1,1,1,1,3,1
SF,IC2001,2019-11-27 09:35:01.600,4798.6000,4022,0,72059760.000,0,-,-,-,-,4798.8000,4797.4000,4797.0000,4796.6000,4796.4000,4801.2000,4801.4000,4801.8000,4802.4000,4803.0000,1,2,1,1,1,2,1,1,1,3
SF,IC2001,2019-11-27 09:35:02.100,4798.6000,4022,0,72059760.000,0,-,-,-,-,4798.8000,4797.4000,4797.0000,4796.6000,4796.4000,4799.8000,4800.8000,4801.2000,4801.8000,4802.4000,1,1,1,1,1,1,1,3,1,1
SF,IC2001,2019-11-27 09:35:02.600,4798.6000,4022,0,72059760.000,0,-,-,-,-,4798.8000,4797.4000,4797.0000,4796.6000,4796.4000,4800.8000,4801.8000,4802.4000,4803.0000,4803.2000,1,1,1,1,1,1,1,1,3,1
SF,IC2001,2019-11-27 09:35:03.100,4798.6000,4022,0,72059760.000,0,-,-,-,-,4798.8000,4797.4000,4797.0000,4796.6000,4796.4000,4800.6000,4800.8000,4801.8000,4802.4000,4803.0000,1,1,1,1,1,1,1,1,1,3
SF,IC2001,2019-11-27 09:35:03.600,4798.6000,4022,0,72059760.000,0,-,-,-,-,4798.8000,4797.4000,4797.0000,4796.6000,4796.4000,4799.8000,4800.6000,4800.8000,4801.8000,4802.4000,1,1,1,1,1,1,1,1,1,1
SF,IC2001,2019-11-27 09:35:04.100,4798.6000,4022,0,72059760.000,0,-,-,-,-,4798.8000,4797.4000,4797.0000,4796.6000,4796.4000,4800.8000,4801.8000,4802.4000,4803.0000,4803.2000,1,1,1,1,1,1,1,1,3,1
SF,IC2001,2019-11-27 09:35:04.600,4798.6000,4022,0,72059760.000,0,-,-,-,-,4798.8000,4797.4000,4797.0000,4796.6000,4796.4000,4800.2000,4800.6000,4800.8000,4801.8000,4802.4000,1,1,1,1,1,1,2,1,1,1
SF,IC2001,2019-11-27 09:35:05.100,4798.8000,4022,0,73019520.000,1,0,1,多换,S,4797.4000,4797.0000,4796.6000,4796.4000,4791.6000,4798.8000,4799.8000,4800.0000,4800.2000,4800.6000,1,1,1,1,2,1,1,1,1,4
SF,IC2001,2019-11-27 09:35:05.600,4798.8000,4022,0,73019520.000,0,-,-,-,-,4797.6000,4797.4000,4797.0000,4796.6000,4796.4000,4800.2000,4800.6000,4800.8000,4801.8000,4802.4000,1,1,1,1,1,1,1,1,1,1
SF,IC2001,2019-11-27 09:35:06.100,4798.8000,4022,0,73019520.000,0,-,-,-,-,4797.6000,4797.0000,4796.6000,4796.4000,4791.6000,4799.0000,4800.2000,4800.6000,4800.8000,4801.8000,1,1,1,1,2,1,1,1,1,1
SF,IC2001,2019-11-27 09:35:06.600,4799.0000,4022,0,73979320.000,1,0,1,多换,S,4797.6000,4797.0000,4796.6000,4796.4000,4791.6000,4800.6000,4801.8000,4802.4000,4803.0000,4803.2000,1,1,1,1,2,1,1,1,3,1
SF,IC2001,2019-11-27 09:35:07.100,4799.0000,4022,0,73979320.000,0,-,-,-,-,4797.6000,4797.0000,4796.6000,4796.4000,4791.6000,4800.4000,4800.6000,4801.8000,4802.4000,4803.0000,1,1,1,1,2,1,1,1,1,3
SF,IC2001,2019-11-27 09:35:07.600,4799.0000,4022,0,73979320.000,0,-,-,-,-,4797.8000,4797.6000,4797.0000,4796.6000,4796.4000,4800.4000,4800.6000,4801.8000,4802.4000,4803.0000,1,1,1,1,1,1,1,1,1,3
SF,IC2001,2019-11-27 09:35:08.100,4799.0000,4022,0,73979320.000,0,-,-,-,-,4798.0000,4797.8000,4797.0000,4796.6000,4796.4000,4800.4000,4801.8000,4802.4000,4803.0000,4803.2000,3,1,1,1,1,1,1,1,3,1
SF,IC2001,2019-11-27 09:35:08.600,4799.0000,4022,0,73979320.000,0,-,-,-,-,4798.0000,4797.8000,4797.0000,4796.6000,4796.4000,4801.8000,4802.4000,4803.0000,4803.2000,4804.8000,1,1,1,1,1,1,1,3,1,1
SF,IC2001,2019-11-27 09:35:09.100,4799.0000,4022,0,73979320.000,0,-,-,-,-,4798.2000,4798.0000,4797.8000,4797.0000,4796.6000,4801.6000,4801.8000,4802.4000,4803.0000,4803.2000,3,1,2,1,1,1,1,1,3,1
SF,IC2001,2019-11-27 09:35:09.600,4799.0000,4022,0,73979320.000,0,-,-,-,-,4798.6000,4798.4000,4798.2000,4798.0000,4797.8000,4801.6000,4801.8000,4802.4000,4803.0000,4803.2000,1,3,3,1,3,1,1,1,3,1
SF,IC2001,2019-11-27 09:35:10.100,4799.0000,4022,0,73979320.000,0,-,-,-,-,4798.8000,4798.6000,4798.4000,4798.2000,4797.8000,4803.2000,4804.8000,4805.6000,4806.2000,4808.0000,2,3,2,3,2,1,1,3,1,1
SF,IC2001,2019-11-27 09:35:10.600,4799.0000,4022,0,73979320.000,0,-,-,-,-,4799.2000,4799.0000,4798.8000,4798.6000,4798.4000,4803.0000,4803.2000,4804.8000,4805.6000,4806.2000,2,1,3,3,2,2,1,1,3,1
SF,IC2001,2019-11-27 09:35:11.100,4799.0000,4022,0,73979320.000,0,-,-,-,-,4799.6000,4799.4000,4799.2000,4798.8000,4798.6000,4802.6000,4803.0000,4803.2000,4804.8000,4805.6000,1,1,1,1,3,2,2,1,1,3
SF,IC2001,2019-11-27 09:35:11.600,4799.0000,4022,0,73979320.000,0,-,-,-,-,4799.6000,4799.2000,4798.8000,4798.6000,4798.4000,4802.4000,4802.6000,4803.2000,4804.8000,4805.6000,1,1,1,3,2,1,2,1,1,3
SF,IC2001,2019-11-27 09:35:12.100,4799.0000,4022,0,73979320.000,0,-,-,-,-,4799.2000,4798.8000,4798.6000,4798.4000,4797.8000,4802.4000,4802.6000,4803.2000,4804.8000,4805.6000,1,1,3,2,2,1,2,1,1,3
SF,IC2001,2019-11-27 09:35:12.600,4799.0000,4022,0,73979320.000,0,-,-,-,-,4799.6000,4799.4000,4799.2000,4798.8000,4798.6000,4802.4000,4802.6000,4803.2000,4804.8000,4805.6000,1,1,2,1,2,1,1,1,1,3
SF,IC2001,2019-11-27 09:35:13.100,4799.0000,4022,0,73979320.000,0,-,-,-,-,4799.6000,4799.2000,4798.8000,4798.6000,4798.4000,4802.4000,4802.6000,4803.2000,4804.8000,4805.6000,2,1,1,2,2,1,1,1,1,3
SF,IC2001,2019-11-27 09:35:13.600,4799.0000,4022,0,73979320.000,0,-,-,-,-,4799.8000,4799.6000,4799.4000,4798.8000,4798.6000,4802.4000,4802.6000,4803.2000,4804.8000,4805.6000,3,1,1,1,2,1,1,1,1,3
SF,IC2001,2019-11-27 09:35:14.100,4799.0000,4022,0,73979320.000,0,-,-,-,-,4800.0000,4799.8000,4799.6000,4799.4000,4798.8000,4802.6000,4803.2000,4804.8000,4805.6000,4806.2000,1,3,1,1,1,1,1,1,3,1
SF,IC2001,2019-11-27 09:35:14.600,4799.0000,4022,0,73979320.000,0,-,-,-,-,4800.2000,4800.0000,4799.8000,4799.6000,4799.4000,4803.2000,4804.8000,4805.6000,4806.2000,4808.0000,1,2,2,1,1,1,1,3,1,1
SF,IC2001,2019-11-27 09:35:15.100,4799.0000,4022,0,73979320.000,0,-,-,-,-,4800.2000,4800.0000,4799.8000,4799.6000,4799.4000,4804.8000,4805.6000,4806.2000,4808.0000,4808.8000,1,2,2,1,1,1,3,1,1,1
SF,IC2001,2019-11-27 09:35:15.600,4799.0000,4022,0,73979320.000,0,-,-,-,-,4800.6000,4800.4000,4800.2000,4800.0000,4799.8000,4804.6000,4804.8000,4805.6000,4806.2000,4808.0000,1,1,1,1,2,1,1,3,1,1
SF,IC2001,2019-11-27 09:35:16.100,4799.0000,4022,0,73979320.000,0,-,-,-,-,4800.8000,4800.6000,4800.4000,4799.4000,4798.6000,4804.6000,4804.8000,4805.6000,4806.2000,4808.0000,3,3,2,1,2,1,1,3,1,1
SF,IC2001,2019-11-27 09:35:16.600,4799.0000,4022,0,73979320.000,0,-,-,-,-,4801.2000,4800.8000,4800.6000,4800.4000,4799.4000,4804.6000,4804.8000,4805.6000,4806.2000,4808.0000,1,3,2,1,1,1,1,3,1,1
SF,IC2001,2019-11-27 09:35:17.100,4799.0000,4022,0,73979320.000,0,-,-,-,-,4801.4000,4801.2000,4800.8000,4800.6000,4800.4000,4804.6000,4804.8000,4805.6000,4806.2000,4808.0000,1,3,1,2,1,1,1,3,1,1
SF,IC2001,2019-11-27 09:35:17.600,4799.0000,4022,0,73979320.000,0,-,-,-,-,4801.4000,4801.2000,4800.8000,4800.6000,4800.4000,4804.2000,4804.6000,4804.8000,4805.6000,4806.2000,1,1,1,2,1,1,1,2,3,1
SF,IC2001,2019-11-27 09:35:18.100,4799.0000,4022,0,73979320.000,0,-,-,-,-,4801.4000,4801.2000,4800.8000,4800.6000,4800.4000,4804.2000,4804.8000,4805.6000,4806.2000,4808.0000,1,1,1,2,1,1,2,3,1,1
SF,IC2001,2019-11-27 09:35:18.600,4799.0000,4022,0,73979320.000,0,-,-,-,-,4801.4000,4800.8000,4800.6000,4799.4000,4798.6000,4804.0000,4804.2000,4804.8000,4805.6000,4806.2000,1,1,2,1,2,1,1,2,3,1
SF,IC2001,2019-11-27 09:35:19.100,4799.0000,4022,0,73979320.000,0,-,-,-,-,4801.4000,4800.8000,4800.6000,4799.4000,4798.6000,4804.0000,4804.2000,4804.8000,4805.6000,4806.2000,1,1,1,1,2,1,1,2,3,1
SF,IC2001,2019-11-27 09:35:19.600,4799.0000,4022,0,73979320.000,0,-,-,-,-,4800.8000,4800.6000,4799.4000,4798.6000,4798.4000,4804.0000,4804.2000,4804.8000,4805.6000,4806.2000,1,1,1,2,1,1,1,2,3,1
SF,IC2001,2019-11-27 09:35:20.100,4799.0000,4022,0,73979320.000,0,-,-,-,-,4800.8000,4799.4000,4798.6000,4798.4000,4798.0000,4803.4000,4803.6000,4803.8000,4804.0000,4804.2000,1,1,2,1,1,1,1,1,1,1
