市场代码,合约代码,时间,最新,持仓,增仓,成交额,成交量,开仓,平仓,成交类型,方向,买一价,买二价,买三价,买四价,买五价,卖一价,卖二价,卖三价,卖四价,卖五价,买一量,买二量,买三量,买四量,买五量,卖一量,卖二量,卖三量,卖四量,卖五量
SF,IC2006,2019-12-31 09:29:00.300,5142.0000,35353,0,15426000.000,15.000,-,-,-,-,5141.4000,5141.2000,5141.0000,5140.8000,5140.6000,5148.0000,5149.0000,5150.0000,5153.8000,5154.0000,4,3,3,3,3,2,10,6,1,1
SF,IC2006,2019-12-31 09:30:00.300,5145.6000,35349,-4,47352240.000,31,13,18,多平,S,5148.0000,5144.6000,5142.8000,5142.0000,5141.8000,5154.0000,5155.0000,5158.0000,5159.0000,5160.0000,1,1,6,1,9,1,1,5,1,5
SF,IC2006,2019-12-31 09:30:00.800,5154.0000,35344,-5,54563480.000,7,1,6,多平,S,5148.4000,5148.2000,5148.0000,5142.8000,5142.6000,5154.0000,5154.2000,5155.0000,5158.0000,5159.0000,2,1,1,6,1,2,1,1,5,1
SF,IC2006,2019-12-31 09:30:01.300,5148.4000,35343,-1,56622840.000,2,0,2,多平,S,5148.0000,5144.6000,5142.8000,5142.6000,5142.0000,5153.8000,5154.0000,5154.2000,5155.0000,5158.0000,16,5,6,1,1,1,2,1,1,5
SF,IC2006,2019-12-31 09:30:01.800,5148.2000,35343,0,57652480.000,1,0,1,多换,S,5148.0000,5144.6000,5142.8000,5142.6000,5142.0000,5148.8000,5153.2000,5153.4000,5153.6000,5153.8000,16,5,6,1,1,1,2,1,18,1
SF,IC2006,2019-12-31 09:30:02.300,5148.8000,35342,-1,60741600.000,3,1,2,多平,S,5148.0000,5144.6000,5142.8000,5142.6000,5142.4000,5148.6000,5153.2000,5153.4000,5153.8000,5154.0000,16,5,6,1,1,17,1,1,1,2
SF,IC2006,2019-12-31 09:30:02.800,5148.6000,35342,0,62800920.000,2,1,1,多换,S,5148.0000,5144.6000,5142.8000,5142.6000,5142.4000,5148.6000,5153.2000,5153.4000,5154.0000,5154.2000,15,5,6,1,1,16,1,1,2,1
SF,IC2006,2019-12-31 09:30:03.300,5148.6000,35342,0,62800920.000,0,-,-,-,-,5148.0000,5144.6000,5142.8000,5142.6000,5142.4000,5148.4000,5148.6000,5153.2000,5153.4000,5154.0000,15,5,6,1,1,1,16,2,1,2
SF,IC2006,2019-12-31 09:30:03.800,5148.2000,35338,-4,68978560.000,6,1,5,多平,S,5148.0000,5144.6000,5142.8000,5142.4000,5142.0000,5148.2000,5153.2000,5153.4000,5154.0000,5154.2000,10,5,6,1,1,15,2,1,2,1
SF,IC2006,2019-12-31 09:30:04.300,5148.0000,35335,-3,74126560.000,5,1,4,多平,S,5148.0000,5144.6000,5142.8000,5142.0000,5141.4000,5148.2000,5153.2000,5153.4000,5154.0000,5154.2000,5,5,6,1,4,15,1,1,2,1
SF,IC2006,2019-12-31 09:30:04.800,5148.0000,35330,-5,79274560.000,5,0,5,双平,S,5144.6000,5142.8000,5142.0000,5141.4000,5141.2000,5147.0000,5148.2000,5153.2000,5153.4000,5154.0000,5,6,1,4,3,1,15,1,1,2
SF,IC2006,2019-12-31 09:30:05.300,5148.0000,35330,0,79274560.000,0,-,-,-,-,5144.8000,5144.6000,5142.8000,5142.0000,5141.4000,5146.8000,5147.0000,5153.2000,5153.4000,5154.0000,1,5,6,1,4,15,1,1,1,2
SF,IC2006,2019-12-31 09:30:05.800,5144.6000,35328,-2,81332440.000,2,0,2,双平,S,5142.8000,5142.0000,5141.4000,5141.2000,5141.0000,5146.6000,5146.8000,5147.0000,5153.2000,5153.4000,6,1,4,3,3,1,15,1,1,1
SF,IC2006,2019-12-31 09:30:06.300,5144.6000,35328,0,81332440.000,0,-,-,-,-,5143.0000,5142.8000,5142.6000,5142.0000,5141.4000,5146.4000,5146.6000,5147.0000,5153.2000,5153.4000,2,8,1,1,4,15,1,1,1,1
SF,IC2006,2019-12-31 09:30:06.800,5146.4000,35326,-2,87508080.000,6,2,4,多平,S,5143.0000,5142.8000,5142.6000,5142.0000,5141.4000,5146.4000,5147.0000,5153.2000,5153.4000,5154.0000,2,8,1,1,3,10,1,1,1,2
SF,IC2006,2019-12-31 09:30:07.300,5146.4000,35328,2,92653800.000,5,3,2,空开,S,5143.0000,5142.8000,5142.6000,5142.0000,5141.4000,5146.4000,5147.0000,5153.2000,5153.4000,5154.0000,2,8,1,1,3,7,1,1,1,2
SF,IC2006,2019-12-31 09:30:07.800,5146.4000,35328,0,92653800.000,0,-,-,-,-,5143.0000,5142.8000,5142.0000,5141.4000,5141.2000,5146.2000,5146.4000,5147.0000,5153.2000,5153.4000,2,6,1,3,3,1,7,1,1,1
SF,IC2006,2019-12-31 09:30:08.300,5146.4000,35335,7,100888040.000,8,7,1,空开,S,5143.0000,5142.8000,5142.0000,5141.4000,5141.2000,5146.2000,5147.0000,5153.2000,5153.4000,5154.0000,2,6,1,3,3,1,1,1,1,2
SF,IC2006,2019-12-31 09:30:08.800,5147.0000,35331,-4,105005400.000,4,0,4,双平,S,5148.2000,5143.0000,5142.8000,5142.0000,5141.4000,5153.2000,5154.0000,5154.2000,5155.0000,5158.0000,4,1,6,1,3,1,2,1,1,5
SF,IC2006,2019-12-31 09:30:09.300,5148.2000,35329,-2,107064680.000,2,0,2,双平,S,5148.2000,5143.0000,5142.8000,5142.0000,5141.4000,5150.4000,5150.8000,5152.0000,5152.8000,5153.0000,3,1,6,1,3,1,1,1,7,1
SF,IC2006,2019-12-31 09:30:09.800,5148.2000,35328,-1,108094320.000,1,0,1,双平,S,5148.2000,5143.0000,5142.8000,5142.0000,5141.4000,5150.0000,5150.4000,5150.8000,5152.0000,5153.0000,2,1,6,1,3,7,1,1,1,1
SF,IC2006,2019-12-31 09:30:10.300,5148.2000,35327,-1,109123960.000,1,0,1,双平,S,5148.2000,5143.0000,5142.8000,5142.0000,5141.4000,5148.8000,5149.8000,5150.0000,5150.2000,5150.4000,1,1,6,1,3,1,2,8,1,1
SF,IC2006,2019-12-31 09:30:10.800,5148.2000,35326,-1,110153600.000,1,0,1,双平,S,5143.0000,5142.8000,5142.0000,5141.4000,5141.2000,5148.2000,5148.4000,5148.8000,5149.6000,5149.8000,1,6,1,3,3,2,7,1,1,1
SF,IC2006,2019-12-31 09:30:11.300,5148.2000,35326,0,110153600.000,0,-,-,-,-,5143.2000,5143.0000,5142.8000,5141.4000,5141.2000,5146.8000,5147.8000,5148.0000,5148.2000,5148.8000,2,1,6,3,3,1,7,1,3,1
SF,IC2006,2019-12-31 09:30:11.800,5146.8000,35325,-1,111182960.000,1,0,1,双平,S,5143.2000,5143.0000,5142.8000,5141.4000,5141.2000,5146.4000,5148.0000,5148.2000,5150.4000,5152.0000,1,1,6,3,3,7,2,3,1,1
SF,IC2006,2019-12-31 09:30:12.300,5146.8000,35325,0,111182960.000,0,-,-,-,-,5143.4000,5143.2000,5143.0000,5142.8000,5141.4000,5146.4000,5147.2000,5148.0000,5148.2000,5150.4000,1,1,1,6,3,7,1,2,5,1
SF,IC2006,2019-12-31 09:30:12.800,5146.4000,35325,0,112212240.000,1,0,1,多换,S,5143.6000,5143.2000,5143.0000,5142.8000,5141.4000,5146.0000,5146.2000,5147.2000,5148.0000,5148.2000,2,1,1,6,3,1,1,1,2,6
SF,IC2006,2019-12-31 09:30:13.300,5146.4000,35325,0,113241520.000,1,0,1,多换,S,5143.8000,5143.6000,5143.0000,5142.8000,5141.4000,5148.0000,5148.2000,5150.4000,5152.0000,5152.8000,1,2,1,6,3,1,8,1,1,1
SF,IC2006,2019-12-31 09:30:13.800,5145.8000,35324,-1,115299480.000,2,0,2,多平,S,5143.8000,5143.6000,5143.0000,5142.8000,5141.4000,5147.6000,5147.8000,5148.0000,5148.2000,5150.4000,1,2,1,6,3,6,2,1,9,1
SF,IC2006,2019-12-31 09:30:14.300,5145.8000,35324,0,115299480.000,0,-,-,-,-,5146.0000,5143.8000,5143.6000,5143.0000,5142.8000,5147.6000,5147.8000,5148.0000,5148.2000,5150.4000,3,1,2,1,6,6,2,1,9,1
SF,IC2006,2019-12-31 09:30:14.800,5145.8000,35324,0,115299480.000,0,-,-,-,-,5146.2000,5146.0000,5144.0000,5143.0000,5142.8000,5147.2000,5147.4000,5147.6000,5147.8000,5148.2000,1,3,2,1,6,1,1,6,2,9
SF,IC2006,2019-12-31 09:30:15.300,5147.4000,35323,-1,117358400.000,2,0,2,多平,S,5146.0000,5143.0000,5142.8000,5141.4000,5141.2000,5147.8000,5148.2000,5150.4000,5152.0000,5152.8000,3,1,6,3,3,2,9,2,1,1
SF,IC2006,2019-12-31 09:30:15.800,5147.8000,35322,-1,118387960.000,1,0,1,双平,S,5146.2000,5146.0000,5143.2000,5143.0000,5142.8000,5147.8000,5148.2000,5150.4000,5150.6000,5152.0000,1,3,1,1,6,1,9,2,1,1
SF,IC2006,2019-12-31 09:30:16.300,5146.0000,35317,-5,128683400.000,10,2,8,多平,S,5146.0000,5144.8000,5143.6000,5143.2000,5143.0000,5148.2000,5150.4000,5150.6000,5152.8000,5153.2000,1,1,1,1,1,2,2,1,1,1
SF,IC2006,2019-12-31 09:30:16.800,5148.2000,35317,0,129713040.000,1,0,1,多换,S,5147.8000,5146.2000,5146.0000,5144.8000,5143.6000,5148.2000,5150.0000,5150.4000,5150.6000,5152.8000,3,1,1,1,1,1,1,2,1,1
SF,IC2006,2019-12-31 09:30:17.300,5148.2000,35317,0,130742680.000,1,0,1,多换,S,5147.8000,5146.2000,5146.0000,5144.8000,5143.6000,5150.0000,5150.4000,5150.6000,5152.8000,5153.2000,3,1,1,1,1,1,2,1,1,1
SF,IC2006,2019-12-31 09:30:17.800,5148.2000,35317,0,130742680.000,0,-,-,-,-,5148.0000,5147.8000,5146.0000,5144.8000,5143.6000,5149.8000,5150.0000,5150.6000,5152.8000,5154.0000,1,3,1,1,1,3,1,1,2,2
SF,IC2006,2019-12-31 09:30:18.300,5147.8000,35315,-2,132801840.000,2,0,2,双平,S,5147.8000,5146.0000,5144.8000,5143.6000,5143.2000,5149.8000,5150.0000,5150.6000,5152.8000,5154.0000,2,1,1,1,1,2,1,1,2,2
SF,IC2006,2019-12-31 09:30:18.800,5147.8000,35315,0,132801840.000,0,-,-,-,-,5147.8000,5146.0000,5144.8000,5143.6000,5143.2000,5149.6000,5149.8000,5150.0000,5150.6000,5152.8000,2,1,1,1,1,1,2,1,1,2
SF,IC2006,2019-12-31 09:30:19.300,5147.8000,35315,0,132801840.000,0,-,-,-,-,5147.8000,5146.0000,5144.8000,5143.6000,5143.2000,5149.6000,5149.8000,5150.0000,5150.6000,5152.8000,2,1,1,1,1,2,2,1,1,2
SF,IC2006,2019-12-31 09:30:19.800,5147.8000,35315,0,132801840.000,0,-,-,-,-,5147.8000,5146.0000,5144.8000,5143.6000,5143.4000,5148.0000,5149.6000,5150.0000,5150.6000,5152.8000,2,1,1,1,1,1,2,1,1,2
SF,IC2006,2019-12-31 09:30:20.300,5148.0000,35314,-1,133831440.000,1,0,1,双平,S,5148.2000,5147.8000,5146.0000,5144.8000,5143.6000,5149.4000,5150.0000,5150.6000,5152.8000,5154.0000,1,3,1,1,1,1,1,1,2,2
SF,IC2006,2019-12-31 09:30:21.300,5148.0000,35313,-1,134861040.000,1,0,1,双平,S,5147.8000,5146.0000,5144.8000,5143.6000,5143.4000,5150.0000,5152.8000,5154.0000,5154.2000,5155.0000,3,1,1,1,1,1,2,2,1,1
SF,IC2006,2019-12-31 09:30:21.800,5147.8000,35311,-2,136920200.000,2,0,2,双平,S,5147.8000,5146.0000,5144.8000,5143.6000,5143.4000,5149.8000,5150.0000,5152.8000,5154.0000,5154.2000,2,1,1,1,1,2,1,2,2,1
SF,IC2006,2019-12-31 09:30:22.300,5147.8000,35311,0,136920200.000,0,-,-,-,-,5147.8000,5146.0000,5144.8000,5143.6000,5143.4000,5149.4000,5149.8000,5150.0000,5152.8000,5154.0000,2,1,1,1,1,1,2,1,2,2
SF,IC2006,2019-12-31 09:30:22.800,5149.8000,35311,0,140009880.000,3,1,2,多换,S,5149.8000,5147.8000,5146.0000,5144.8000,5143.6000,5150.0000,5152.8000,5154.0000,5154.2000,5155.0000,1,2,1,1,1,1,2,2,1,1
SF,IC2006,2019-12-31 09:30:23.300,5149.8000,35311,0,141039840.000,1,0,1,多换,S,5147.8000,5146.0000,5144.8000,5143.6000,5143.4000,5148.2000,5150.0000,5152.8000,5154.0000,5154.2000,2,1,1,1,1,2,1,2,2,1
SF,IC2006,2019-12-31 09:30:23.800,5148.6000,35311,0,143099320.000,2,1,1,多换,S,5148.2000,5147.8000,5146.0000,5144.8000,5143.6000,5150.0000,5152.8000,5154.0000,5154.2000,5155.0000,3,4,1,1,1,1,1,2,1,1
SF,IC2006,2019-12-31 09:30:24.300,5148.6000,35311,0,143099320.000,0,-,-,-,-,5148.4000,5148.2000,5147.8000,5146.0000,5144.8000,5149.8000,5150.0000,5152.8000,5154.0000,5154.2000,3,3,4,1,1,2,1,1,2,1
SF,IC2006,2019-12-31 09:30:24.800,5148.6000,35311,0,143099320.000,0,-,-,-,-,5148.4000,5148.2000,5147.8000,5146.0000,5144.8000,5149.0000,5149.8000,5150.0000,5152.8000,5154.0000,3,3,4,1,1,1,2,1,1,2
SF,IC2006,2019-12-31 09:30:25.300,5149.0000,35310,-1,144129120.000,1,0,1,双平,S,5148.4000,5148.2000,5147.8000,5146.0000,5144.8000,5149.8000,5150.0000,5152.2000,5152.8000,5154.0000,2,3,4,1,1,2,1,1,1,2
SF,IC2006,2019-12-31 09:30:25.800,5149.0000,35310,0,144129120.000,0,-,-,-,-,5148.6000,5148.2000,5147.8000,5146.0000,5144.8000,5149.6000,5149.8000,5150.0000,5152.2000,5152.8000,1,3,4,1,1,1,2,1,1,1
SF,IC2006,2019-12-31 09:30:26.300,5149.8000,35310,0,146189040.000,2,1,1,多换,S,5149.8000,5148.8000,5148.6000,5148.2000,5147.8000,5150.0000,5152.2000,5152.8000,5154.0000,5154.2000,6,1,1,3,4,1,1,1,2,1
SF,IC2006,2019-12-31 09:30:26.800,5149.8000,35309,-1,153398800.000,7,3,4,多平,S,5150.2000,5148.6000,5148.2000,5147.8000,5146.0000,5152.2000,5152.8000,5154.0000,5154.2000,5155.0000,2,2,3,4,1,1,1,2,1,1
SF,IC2006,2019-12-31 09:30:27.300,5149.8000,35309,0,153398800.000,0,-,-,-,-,5150.2000,5148.6000,5148.2000,5147.8000,5146.0000,5152.0000,5152.2000,5154.0000,5154.2000,5155.0000,2,2,3,4,1,3,1,2,1,1
SF,IC2006,2019-12-31 09:30:27.800,5150.2000,35307,-2,155458880.000,2,0,2,双平,S,5148.6000,5148.2000,5147.8000,5146.0000,5144.8000,5149.8000,5152.0000,5152.2000,5154.0000,5154.2000,2,3,4,1,1,1,2,1,2,1
SF,IC2006,2019-12-31 09:30:28.300,5148.6000,35307,0,156488600.000,1,0,1,多换,S,5148.6000,5148.2000,5147.8000,5146.0000,5144.8000,5149.8000,5154.0000,5154.2000,5155.0000,5158.0000,1,3,4,1,1,1,2,1,1,5
SF,IC2006,2019-12-31 09:30:28.800,5148.6000,35308,1,157518320.000,1,1,0,双开,S,5148.6000,5148.2000,5147.8000,5146.0000,5144.8000,5149.6000,5149.8000,5154.0000,5154.2000,5155.0000,1,3,4,1,1,1,1,2,1,1
SF,IC2006,2019-12-31 09:30:29.300,5148.6000,35308,0,157518320.000,0,-,-,-,-,5148.6000,5148.2000,5147.8000,5146.0000,5144.8000,5149.6000,5149.8000,5151.8000,5154.0000,5154.2000,1,3,4,1,1,2,1,1,2,1
SF,IC2006,2019-12-31 09:30:29.800,5148.6000,35307,-1,158548040.000,1,0,1,双平,S,5147.8000,5146.0000,5144.8000,5143.6000,5143.4000,5148.2000,5149.4000,5149.6000,5149.8000,5151.8000,4,1,1,1,1,1,1,1,1,1
SF,IC2006,2019-12-31 09:30:30.300,5148.2000,35306,-1,159577680.000,1,0,1,双平,S,5147.8000,5146.0000,5144.8000,5143.6000,5143.4000,5149.6000,5149.8000,5151.8000,5154.0000,5154.2000,4,1,1,1,1,2,1,1,2,1
SF,IC2006,2019-12-31 09:30:30.800,5149.2000,35306,0,160607520.000,1,0,1,多换,S,5147.8000,5146.0000,5144.8000,5143.6000,5143.4000,5149.2000,5149.4000,5149.6000,5149.8000,5151.8000,4,1,1,1,1,1,1,2,1,1
SF,IC2006,2019-12-31 09:30:31.300,5149.2000,35306,0,160607520.000,0,-,-,-,-,5147.8000,5146.0000,5144.8000,5143.6000,5143.4000,5148.8000,5149.0000,5149.2000,5149.6000,5149.8000,4,1,1,1,1,1,1,1,1,1
SF,IC2006,2019-12-31 09:30:31.800,5149.2000,35306,0,160607520.000,0,-,-,-,-,5147.8000,5146.0000,5144.8000,5143.6000,5143.4000,5148.8000,5149.0000,5149.2000,5149.6000,5149.8000,4,1,1,1,1,1,2,1,1,1
SF,IC2006,2019-12-31 09:30:32.300,5149.2000,35306,0,160607520.000,0,-,-,-,-,5147.8000,5146.8000,5146.0000,5144.8000,5143.6000,5148.6000,5148.8000,5149.2000,5149.6000,5149.8000,4,1,1,1,1,2,1,1,1,1
SF,IC2006,2019-12-31 09:30:32.800,5147.8000,35303,-3,164725760.000,4,0,4,多平,S,5146.8000,5146.0000,5144.8000,5143.6000,5143.4000,5147.8000,5148.2000,5148.6000,5148.8000,5149.2000,1,1,1,1,1,1,1,2,1,1
SF,IC2006,2019-12-31 09:30:33.300,5147.8000,35303,0,164725760.000,0,-,-,-,-,5147.0000,5146.8000,5146.0000,5144.8000,5143.6000,5147.8000,5148.2000,5148.8000,5149.2000,5149.6000,1,1,1,1,1,1,1,1,1,1
SF,IC2006,2019-12-31 09:30:33.800,5147.8000,35302,-1,165755320.000,1,0,1,双平,S,5147.8000,5147.0000,5146.8000,5146.0000,5144.8000,5148.2000,5148.8000,5149.2000,5149.6000,5149.8000,1,1,1,1,1,1,1,1,1,1
SF,IC2006,2019-12-31 09:30:34.300,5148.2000,35302,0,166784960.000,1,0,1,多换,S,5148.2000,5147.8000,5147.0000,5146.8000,5146.0000,5148.8000,5149.2000,5149.6000,5149.8000,5151.8000,3,1,1,1,1,1,1,1,1,1
SF,IC2006,2019-12-31 09:30:34.800,5148.2000,35302,0,166784960.000,0,-,-,-,-,5148.2000,5147.8000,5147.0000,5146.8000,5146.0000,5148.6000,5148.8000,5149.2000,5149.6000,5149.8000,3,1,1,1,1,1,1,1,1,1
SF,IC2006,2019-12-31 09:30:35.300,5148.6000,35300,-2,168844320.000,2,0,2,双平,S,5148.2000,5148.0000,5147.8000,5147.0000,5146.8000,5148.8000,5149.6000,5149.8000,5151.8000,5153.6000,2,1,2,1,1,1,1,1,1,1
SF,IC2006,2019-12-31 09:30:35.800,5148.0000,35296,-4,172962960.000,4,0,4,双平,S,5147.8000,5147.2000,5147.0000,5146.8000,5146.2000,5148.2000,5149.6000,5149.8000,5151.8000,5153.6000,2,1,1,1,1,2,1,1,1,1
SF,IC2006,2019-12-31 09:30:36.300,5147.8000,35292,-4,177081440.000,4,0,4,双平,S,5147.8000,5147.2000,5147.0000,5146.8000,5146.2000,5149.6000,5149.8000,5151.8000,5153.6000,5154.0000,1,1,1,1,1,1,1,1,1,2
SF,IC2006,2019-12-31 09:30:36.800,5147.8000,35292,0,178111000.000,1,0,1,多换,S,5147.8000,5147.2000,5146.8000,5146.2000,5146.0000,5149.4000,5149.6000,5149.8000,5151.8000,5153.6000,1,1,1,1,1,1,1,1,1,1
SF,IC2006,2019-12-31 09:30:37.300,5147.8000,35292,0,178111000.000,0,-,-,-,-,5148.6000,5148.0000,5147.8000,5147.2000,5146.8000,5149.4000,5149.6000,5149.8000,5151.8000,5153.6000,1,1,1,1,1,1,1,1,1,1
SF,IC2006,2019-12-31 09:30:37.800,5147.8000,35292,0,178111000.000,0,-,-,-,-,5148.6000,5148.2000,5148.0000,5147.8000,5147.2000,5149.0000,5149.4000,5149.6000,5149.8000,5151.8000,1,2,1,1,1,1,1,1,1,1
SF,IC2006,2019-12-31 09:30:38.300,5149.4000,35290,-2,180170680.000,2,0,2,双平,S,5149.4000,5149.0000,5148.6000,5148.2000,5148.0000,5149.6000,5149.8000,5151.8000,5154.0000,5154.2000,1,1,1,2,1,1,1,1,2,1
SF,IC2006,2019-12-31 09:30:38.800,5149.0000,35288,-2,182230400.000,2,0,2,双平,S,5148.6000,5148.2000,5148.0000,5147.8000,5147.2000,5149.4000,5149.8000,5151.8000,5154.0000,5154.2000,1,2,1,1,1,1,1,1,2,1
SF,IC2006,2019-12-31 09:30:39.300,5148.8000,35288,0,183260160.000,1,0,1,多换,S,5148.6000,5148.2000,5148.0000,5147.8000,5147.2000,5149.4000,5149.8000,5151.8000,5154.0000,5154.2000,1,2,1,1,1,1,1,1,2,1
SF,IC2006,2019-12-31 09:30:39.800,5149.4000,35289,1,184290040.000,1,1,0,双开,S,5148.6000,5148.2000,5148.0000,5147.8000,5147.2000,5149.8000,5151.8000,5154.0000,5154.2000,5155.0000,1,2,1,1,1,1,1,2,1,1
SF,IC2006,2019-12-31 09:30:40.300,5149.4000,35289,0,184290040.000,0,-,-,-,-,5149.4000,5148.8000,5148.6000,5148.2000,5148.0000,5149.8000,5151.8000,5154.0000,5154.2000,5155.0000,1,1,1,1,1,1,1,2,1,1
SF,IC2006,2019-12-31 09:30:40.800,5149.6000,35288,-1,185319960.000,1,0,1,双平,S,5149.4000,5148.6000,5148.2000,5148.0000,5147.8000,5149.8000,5151.8000,5154.0000,5154.2000,5155.0000,1,1,1,1,1,1,1,2,1,1
SF,IC2006,2019-12-31 09:30:41.300,5149.8000,35287,-1,186349920.000,1,0,1,双平,S,5149.4000,5148.2000,5148.0000,5147.8000,5147.2000,5151.8000,5154.0000,5154.2000,5155.0000,5160.0000,1,1,1,1,1,1,2,1,1,10
SF,IC2006,2019-12-31 09:30:41.800,5149.8000,35287,0,186349920.000,0,-,-,-,-,5149.6000,5149.4000,5148.2000,5148.0000,5147.8000,5151.6000,5151.8000,5154.0000,5154.2000,5155.0000,1,1,1,1,1,2,1,2,1,1
SF,IC2006,2019-12-31 09:30:42.300,5149.4000,35286,-1,188409720.000,2,0,2,多平,S,5148.2000,5148.0000,5147.8000,5147.2000,5146.8000,5149.4000,5151.6000,5151.8000,5154.0000,5154.2000,1,1,1,1,2,8,1,1,2,1
SF,IC2006,2019-12-31 09:30:42.800,5148.6000,35279,-7,197678480.000,9,1,8,多平,S,5148.6000,5148.4000,5148.2000,5148.0000,5147.8000,5151.6000,5151.8000,5154.0000,5154.2000,5155.0000,2,1,1,4,1,1,1,2,1,1
SF,IC2006,2019-12-31 09:30:43.300,5148.6000,35279,0,197678480.000,0,-,-,-,-,5148.8000,5148.4000,5148.2000,5148.0000,5147.8000,5151.8000,5154.0000,5154.2000,5155.0000,5160.0000,2,1,1,1,1,1,2,1,1,5
SF,IC2006,2019-12-31 09:30:43.800,5148.6000,35279,0,197678480.000,0,-,-,-,-,5149.2000,5148.8000,5148.4000,5148.2000,5148.0000,5151.6000,5154.0000,5154.2000,5155.0000,5160.0000,1,3,1,1,1,1,2,1,1,5
SF,IC2006,2019-12-31 09:30:44.300,5151.6000,35279,0,198708800.000,1,0,1,多换,S,5151.6000,5150.0000,5149.4000,5148.8000,5148.4000,5153.0000,5154.0000,5154.2000,5155.0000,5160.0000,5,1,2,2,1,1,2,1,1,5
SF,IC2006,2019-12-31 09:30:44.800,5151.6000,35278,-1,199739120.000,1,0,1,双平,S,5151.6000,5150.0000,5149.4000,5148.4000,5148.2000,5152.8000,5153.0000,5154.0000,5154.2000,5155.0000,4,1,4,1,1,1,1,2,1,1
SF,IC2006,2019-12-31 09:30:45.300,5151.6000,35278,0,199739120.000,0,-,-,-,-,5151.6000,5150.0000,5149.4000,5148.4000,5148.2000,5152.8000,5153.0000,5154.0000,5154.2000,5155.0000,4,1,3,1,1,1,1,2,1,1
SF,IC2006,2019-12-31 09:30:45.800,5151.6000,35278,0,199739120.000,0,-,-,-,-,5151.8000,5151.6000,5150.0000,5149.4000,5148.4000,5153.0000,5154.0000,5154.2000,5155.0000,5160.0000,1,4,1,2,1,1,2,1,1,5
SF,IC2006,2019-12-31 09:30:46.300,5151.6000,35278,0,199739120.000,0,-,-,-,-,5152.2000,5151.8000,5151.6000,5149.4000,5149.2000,5153.0000,5154.0000,5154.2000,5155.0000,5155.2000,1,1,4,2,1,1,2,1,1,1
SF,IC2006,2019-12-31 09:30:46.800,5151.6000,35278,0,199739120.000,0,-,-,-,-,5152.4000,5152.2000,5151.6000,5149.4000,5149.2000,5153.0000,5154.0000,5154.2000,5155.0000,5155.2000,1,1,4,2,1,1,2,1,1,1
SF,IC2006,2019-12-31 09:30:47.300,5151.6000,35278,0,199739120.000,0,-,-,-,-,5152.4000,5152.2000,5151.6000,5149.4000,5149.2000,5153.0000,5154.0000,5154.2000,5155.0000,5155.2000,1,1,4,2,1,1,2,1,1,1
SF,IC2006,2019-12-31 09:30:47.800,5151.6000,35277,-1,200769440.000,1,0,1,双平,S,5152.4000,5152.2000,5151.6000,5149.4000,5149.2000,5153.0000,5154.0000,5154.2000,5155.0000,5155.2000,1,1,4,2,1,1,2,1,1,1
SF,IC2006,2019-12-31 09:30:48.300,5151.6000,35277,0,200769440.000,0,-,-,-,-,5152.2000,5151.6000,5149.4000,5149.2000,5148.4000,5153.0000,5154.0000,5154.2000,5155.0000,5155.2000,1,4,2,1,1,1,2,1,1,1
SF,IC2006,2019-12-31 09:30:48.800,5151.6000,35277,0,200769440.000,0,-,-,-,-,5152.2000,5151.6000,5149.4000,5149.2000,5148.4000,5153.0000,5154.0000,5154.2000,5155.0000,5155.2000,1,4,2,1,1,1,2,1,1,1
SF,IC2006,2019-12-31 09:30:49.300,5152.6000,35276,-1,202830560.000,2,0,2,多平,S,5151.6000,5149.4000,5149.2000,5148.4000,5148.2000,5154.0000,5154.2000,5155.0000,5155.2000,5160.0000,4,2,1,1,1,2,1,1,1,5
SF,IC2006,2019-12-31 09:30:49.800,5151.8000,35274,-2,204891280.000,2,0,2,双平,S,5151.8000,5151.6000,5151.4000,5149.4000,5149.2000,5152.8000,5153.8000,5154.0000,5154.2000,5154.6000,2,4,1,1,1,3,3,2,1,1
SF,IC2006,2019-12-31 09:30:50.300,5152.8000,35270,-4,209013520.000,4,0,4,双平,S,5152.0000,5151.8000,5151.6000,5151.4000,5150.4000,5153.8000,5154.0000,5154.2000,5154.6000,5155.0000,2,1,5,1,5,2,2,1,1,1
SF,IC2006,2019-12-31 09:30:50.800,5152.2000,35268,-2,211074720.000,2,0,2,双平,S,5152.0000,5151.8000,5151.6000,5151.4000,5150.4000,5153.8000,5154.0000,5154.2000,5154.6000,5155.0000,1,1,5,1,5,1,2,1,1,1
SF,IC2006,2019-12-31 09:30:51.300,5152.2000,35268,0,211074720.000,0,-,-,-,-,5152.4000,5152.2000,5152.0000,5151.8000,5151.6000,5153.6000,5154.0000,5154.2000,5154.6000,5155.0000,3,2,2,1,5,1,2,1,1,1
SF,IC2006,2019-12-31 09:30:51.800,5152.2000,35267,-1,212105160.000,1,0,1,双平,S,5153.6000,5153.2000,5152.8000,5152.6000,5152.4000,5154.0000,5154.2000,5154.6000,5155.0000,5160.0000,1,1,1,1,3,2,1,1,1,5
SF,IC2006,2019-12-31 09:30:52.300,5154.2000,35264,-3,215197600.000,3,0,3,双平,S,5154.0000,5153.8000,5153.6000,5153.2000,5152.8000,5154.6000,5155.0000,5160.0000,5164.0000,5166.6000,2,1,1,1,1,1,1,5,2,3
SF,IC2006,2019-12-31 09:30:52.800,5154.6000,35263,-1,216228520.000,1,0,1,双平,S,5153.8000,5153.6000,5153.2000,5152.8000,5152.6000,5154.4000,5155.0000,5160.0000,5164.0000,5166.6000,1,1,1,1,1,1,1,5,2,3
SF,IC2006,2019-12-31 09:30:53.300,5154.4000,35262,-1,217259400.000,1,0,1,双平,S,5154.8000,5154.0000,5153.8000,5153.6000,5153.2000,5155.0000,5160.0000,5164.0000,5166.6000,5169.6000,1,5,1,1,1,1,5,2,3,5
SF,IC2006,2019-12-31 09:30:53.800,5154.8000,35261,-1,218290360.000,1,0,1,双平,S,5154.0000,5153.8000,5153.6000,5153.2000,5152.8000,5155.0000,5160.0000,5164.0000,5166.6000,5169.6000,5,1,1,1,1,1,5,2,3,5
SF,IC2006,2019-12-31 09:30:54.300,5154.2000,35260,-1,219321200.000,1,0,1,双平,S,5154.4000,5154.2000,5154.0000,5153.8000,5153.6000,5155.0000,5160.0000,5164.0000,5166.6000,5169.6000,1,1,5,1,1,1,5,2,3,5
SF,IC2006,2019-12-31 09:30:55.300,5154.2000,35260,0,219321200.000,0,-,-,-,-,5154.4000,5154.2000,5153.8000,5153.6000,5153.2000,5155.0000,5160.0000,5164.0000,5166.6000,5169.6000,1,1,1,1,1,1,5,2,3,5
SF,IC2006,2019-12-31 09:30:55.800,5154.4000,35260,0,220352080.000,1,0,1,多换,S,5154.2000,5153.8000,5153.6000,5153.2000,5152.8000,5155.0000,5160.0000,5164.0000,5166.6000,5169.6000,1,1,1,1,1,1,5,2,3,5
SF,IC2006,2019-12-31 09:30:56.300,5154.4000,35260,0,220352080.000,0,-,-,-,-,5154.2000,5153.8000,5153.6000,5153.2000,5152.8000,5154.8000,5155.0000,5160.0000,5164.0000,5166.6000,1,1,1,1,1,1,1,5,2,3
SF,IC2006,2019-12-31 09:30:56.800,5154.8000,35259,-1,221383040.000,1,0,1,双平,S,5154.2000,5153.6000,5153.2000,5152.8000,5152.4000,5155.0000,5160.0000,5164.0000,5166.6000,5169.6000,1,1,1,1,1,1,5,2,3,5
SF,IC2006,2019-12-31 09:30:58.300,5154.8000,35259,0,221383040.000,0,-,-,-,-,5154.2000,5153.6000,5153.2000,5152.8000,5152.4000,5155.0000,5160.0000,5164.0000,5166.6000,5169.6000,1,1,1,1,1,1,5,2,3,5
SF,IC2006,2019-12-31 09:30:58.800,5155.0000,35258,-1,222414040.000,1,0,1,双平,S,5154.2000,5153.6000,5153.2000,5152.8000,5152.4000,5160.0000,5164.0000,5166.6000,5169.6000,5169.8000,1,1,1,1,1,5,2,3,5,1
SF,IC2006,2019-12-31 09:30:59.300,5154.4000,35257,-1,223444920.000,1,0,1,双平,S,5154.4000,5154.2000,5153.6000,5153.2000,5152.8000,5159.8000,5160.0000,5164.0000,5166.6000,5169.6000,1,1,1,1,1,2,5,2,3,5
SF,IC2006,2019-12-31 09:30:59.800,5154.4000,35257,0,223444920.000,0,-,-,-,-,5154.6000,5154.4000,5154.2000,5153.6000,5153.2000,5159.4000,5159.8000,5160.0000,5166.6000,5169.6000,1,1,1,1,1,1,2,5,3,7
SF,IC2006,2019-12-31 09:31:00.300,5154.4000,35257,0,223444920.000,0,-,-,-,-,5154.8000,5154.6000,5154.2000,5153.6000,5153.2000,5159.2000,5159.4000,5160.0000,5166.6000,5169.6000,2,1,1,1,1,1,1,5,3,7
SF,IC2006,2019-12-31 09:31:00.800,5154.4000,35257,0,223444920.000,0,-,-,-,-,5154.8000,5154.6000,5154.2000,5153.6000,5153.2000,5158.8000,5159.0000,5159.2000,5159.4000,5160.0000,2,1,1,1,1,1,1,1,1,5
SF,IC2006,2019-12-31 09:31:01.300,5155.0000,35257,0,224475920.000,1,0,1,多换,S,5154.8000,5154.6000,5154.2000,5153.6000,5153.2000,5158.6000,5158.8000,5159.0000,5159.4000,5160.0000,2,1,1,1,1,1,2,1,1,5
SF,IC2006,2019-12-31 09:31:01.800,5158.6000,35257,0,225507640.000,1,0,1,多换,S,5154.8000,5154.6000,5154.2000,5153.6000,5153.2000,5158.4000,5158.8000,5160.0000,5166.6000,5169.6000,1,1,1,1,1,1,1,5,3,7
SF,IC2006,2019-12-31 09:31:02.300,5158.6000,35257,0,225507640.000,0,-,-,-,-,5155.0000,5154.8000,5154.6000,5154.2000,5153.6000,5158.2000,5158.4000,5158.8000,5160.0000,5166.6000,1,1,1,1,1,2,2,1,5,3
SF,IC2006,2019-12-31 09:31:02.800,5158.6000,35257,0,225507640.000,0,-,-,-,-,5155.2000,5155.0000,5154.6000,5154.2000,5153.6000,5158.2000,5158.4000,5158.8000,5160.0000,5166.6000,2,1,1,1,1,2,2,1,5,3
SF,IC2006,2019-12-31 09:31:03.300,5158.6000,35257,0,225507640.000,0,-,-,-,-,5155.2000,5154.6000,5153.6000,5150.4000,5148.0000,5158.0000,5158.2000,5158.4000,5158.8000,5159.0000,1,1,1,5,2,3,2,2,1,1
SF,IC2006,2019-12-31 09:31:03.800,5158.6000,35257,0,225507640.000,0,-,-,-,-,5154.6000,5153.6000,5150.4000,5148.0000,5147.2000,5157.8000,5158.0000,5158.4000,5158.8000,5159.0000,1,1,5,2,1,1,2,2,1,1
SF,IC2006,2019-12-31 09:31:04.300,5157.8000,35256,-1,226539200.000,1,0,1,双平,S,5154.8000,5154.6000,5153.6000,5150.4000,5148.0000,5157.8000,5158.4000,5158.8000,5159.0000,5160.0000,2,1,1,5,2,2,2,1,1,5
SF,IC2006,2019-12-31 09:31:04.800,5157.8000,35256,0,226539200.000,0,-,-,-,-,5154.8000,5154.6000,5153.6000,5150.4000,5148.0000,5157.0000,5157.8000,5158.4000,5158.8000,5159.0000,2,1,1,5,2,1,1,2,1,1
SF,IC2006,2019-12-31 09:31:05.300,5157.8000,35256,0,227570760.000,1,0,1,多换,S,5153.6000,5148.0000,5147.2000,5146.0000,5145.4000,5156.8000,5157.0000,5157.4000,5158.4000,5158.6000,1,2,1,1,1,2,1,1,2,1
SF,IC2006,2019-12-31 09:31:05.800,5157.8000,35256,0,227570760.000,0,-,-,-,-,5153.8000,5153.6000,5148.0000,5147.2000,5146.0000,5156.6000,5156.8000,5157.0000,5157.4000,5158.4000,1,1,2,1,1,1,2,1,1,1
SF,IC2006,2019-12-31 09:31:06.300,5157.8000,35256,0,227570760.000,0,-,-,-,-,5153.8000,5153.6000,5148.0000,5147.2000,5146.0000,5156.2000,5156.4000,5156.6000,5156.8000,5157.4000,1,1,2,1,1,1,1,1,1,1
SF,IC2006,2019-12-31 09:31:06.800,5157.8000,35256,0,227570760.000,0,-,-,-,-,5154.0000,5153.8000,5153.6000,5150.0000,5148.0000,5156.0000,5156.2000,5157.4000,5157.6000,5158.4000,1,1,1,1,2,1,2,1,1,1
SF,IC2006,2019-12-31 09:31:07.300,5157.8000,35256,0,227570760.000,0,-,-,-,-,5154.2000,5154.0000,5153.6000,5150.0000,5148.0000,5156.0000,5156.2000,5157.4000,5157.6000,5158.0000,2,1,1,1,2,1,1,1,1,1
SF,IC2006,2019-12-31 09:31:07.800,5157.8000,35256,0,227570760.000,0,-,-,-,-,5154.2000,5154.0000,5150.0000,5148.0000,5147.2000,5155.8000,5156.0000,5156.2000,5157.4000,5157.6000,2,1,1,2,1,1,1,1,1,1
SF,IC2006,2019-12-31 09:31:08.300,5156.0000,35257,1,228601960.000,1,1,0,双开,S,5154.6000,5154.2000,5154.0000,5150.0000,5148.0000,5155.8000,5156.0000,5157.4000,5157.6000,5158.0000,5,2,1,1,2,1,1,1,1,1
SF,IC2006,2019-12-31 09:31:08.800,5156.0000,35256,-1,230664360.000,2,0,2,多平,S,5156.0000,5154.8000,5154.6000,5154.0000,5150.0000,5157.4000,5157.6000,5158.0000,5158.4000,5158.6000,2,1,5,1,1,1,1,1,1,1
SF,IC2006,2019-12-31 09:31:09.300,5156.0000,35256,0,232726760.000,2,1,1,多换,S,5154.6000,5150.0000,5148.0000,5147.2000,5146.0000,5156.0000,5157.2000,5158.0000,5158.4000,5158.6000,5,1,2,1,1,2,1,1,1,1
SF,IC2006,2019-12-31 09:31:09.800,5156.0000,35256,0,232726760.000,0,-,-,-,-,5154.8000,5154.6000,5150.0000,5148.0000,5147.2000,5156.0000,5157.2000,5158.0000,5158.4000,5158.6000,1,5,1,2,1,2,1,1,1,1
SF,IC2006,2019-12-31 09:31:10.300,5154.8000,35255,-1,233757720.000,1,0,1,双平,S,5154.6000,5150.0000,5148.0000,5147.2000,5146.0000,5156.0000,5157.2000,5158.0000,5158.4000,5158.6000,5,1,2,1,1,2,1,1,1,1
SF,IC2006,2019-12-31 09:31:10.800,5154.8000,35255,0,233757720.000,0,-,-,-,-,5154.6000,5150.0000,5148.0000,5147.2000,5146.0000,5155.8000,5156.0000,5158.0000,5158.4000,5158.6000,5,1,2,1,1,1,2,1,2,1
SF,IC2006,2019-12-31 09:31:11.300,5154.6000,35255,0,235819560.000,2,1,1,多换,S,5154.6000,5150.0000,5148.0000,5147.2000,5146.0000,5154.8000,5155.8000,5158.0000,5158.4000,5158.6000,3,1,2,1,1,1,1,1,2,1
SF,IC2006,2019-12-31 09:31:11.800,5154.6000,35255,0,238912320.000,3,1,2,多换,S,5150.0000,5148.0000,5147.2000,5146.0000,5145.4000,5154.6000,5154.8000,5155.8000,5158.0000,5158.4000,1,2,1,1,1,2,1,1,1,2
SF,IC2006,2019-12-31 09:31:12.300,5154.6000,35255,0,238912320.000,0,-,-,-,-,5152.4000,5152.0000,5151.6000,5150.6000,5150.4000,5154.6000,5154.8000,5158.0000,5158.4000,5158.8000,1,1,1,1,3,2,1,1,2,1
SF,IC2006,2019-12-31 09:31:12.800,5154.6000,35255,0,239943240.000,1,0,1,多换,S,5152.6000,5152.4000,5152.0000,5151.6000,5150.6000,5154.6000,5154.8000,5158.0000,5158.4000,5158.8000,1,1,1,1,1,3,1,1,2,1
SF,IC2006,2019-12-31 09:31:13.300,5154.6000,35255,0,239943240.000,0,-,-,-,-,5152.8000,5152.6000,5152.4000,5152.0000,5151.6000,5154.6000,5154.8000,5158.0000,5158.4000,5158.8000,1,1,1,1,1,1,1,1,2,1
SF,IC2006,2019-12-31 09:31:13.800,5154.6000,35255,0,239943240.000,0,-,-,-,-,5153.0000,5152.8000,5152.4000,5152.0000,5151.6000,5154.6000,5154.8000,5158.0000,5158.4000,5158.8000,1,2,1,1,1,1,1,1,2,1
SF,IC2006,2019-12-31 09:31:14.800,5154.6000,35255,0,239943240.000,0,-,-,-,-,5153.0000,5152.8000,5152.4000,5152.0000,5151.6000,5154.6000,5154.8000,5158.0000,5158.4000,5158.8000,1,2,1,1,1,1,1,1,2,1
SF,IC2006,2019-12-31 09:31:15.300,5154.6000,35254,-1,240974160.000,1,0,1,双平,S,5153.4000,5153.2000,5153.0000,5152.8000,5152.4000,5154.8000,5158.0000,5158.4000,5158.8000,5160.0000,1,1,1,2,1,1,1,2,1,6
SF,IC2006,2019-12-31 09:31:15.800,5154.8000,35253,-1,242005120.000,1,0,1,双平,S,5155.0000,5154.8000,5153.6000,5152.8000,5152.4000,5158.0000,5158.4000,5158.8000,5160.0000,5166.6000,1,1,1,2,1,1,1,1,6,4
SF,IC2006,2019-12-31 09:31:16.300,5154.8000,35253,0,242005120.000,0,-,-,-,-,5155.2000,5155.0000,5154.8000,5153.6000,5152.8000,5157.8000,5158.0000,5158.8000,5160.0000,5166.6000,1,1,1,2,2,1,1,1,6,4
SF,IC2006,2019-12-31 09:31:16.800,5154.8000,35253,0,242005120.000,0,-,-,-,-,5155.4000,5155.2000,5155.0000,5154.8000,5153.6000,5157.8000,5158.0000,5158.8000,5160.0000,5166.6000,1,1,1,1,2,1,1,1,6,4
SF,IC2006,2019-12-31 09:31:17.300,5154.8000,35253,0,242005120.000,0,-,-,-,-,5155.6000,5155.4000,5155.0000,5154.8000,5153.6000,5157.8000,5158.0000,5158.8000,5160.0000,5166.6000,1,1,1,1,2,1,1,1,6,4
SF,IC2006,2019-12-31 09:31:17.800,5154.8000,35253,0,242005120.000,0,-,-,-,-,5155.6000,5155.4000,5155.0000,5154.8000,5153.6000,5157.8000,5158.0000,5158.8000,5159.6000,5160.0000,1,1,1,1,2,1,1,1,1,6
SF,IC2006,2019-12-31 09:31:18.300,5154.8000,35253,0,242005120.000,0,-,-,-,-,5155.8000,5155.6000,5155.4000,5155.0000,5154.8000,5157.8000,5158.0000,5158.8000,5159.6000,5160.0000,1,1,1,1,1,1,1,1,1,6
SF,IC2006,2019-12-31 09:31:18.800,5157.8000,35252,-1,244067840.000,2,0,2,多平,S,5155.8000,5155.4000,5155.0000,5154.8000,5153.6000,5158.0000,5158.8000,5159.6000,5160.0000,5166.6000,1,1,1,1,2,1,1,1,6,4
SF,IC2006,2019-12-31 09:31:19.300,5156.0000,35251,-1,245099040.000,1,0,1,双平,S,5155.8000,5155.4000,5155.0000,5154.8000,5153.6000,5157.8000,5158.0000,5158.8000,5159.6000,5160.0000,1,1,1,1,2,1,1,1,1,6
SF,IC2006,2019-12-31 09:31:19.800,5156.0000,35251,0,245099040.000,0,-,-,-,-,5156.0000,5155.8000,5155.4000,5155.0000,5154.8000,5157.8000,5158.0000,5158.8000,5159.6000,5160.0000,1,1,1,1,1,1,1,1,1,6
SF,IC2006,2019-12-31 09:31:20.300,5157.8000,35250,-1,246130600.000,1,0,1,双平,S,5156.0000,5155.8000,5155.4000,5155.0000,5154.8000,5158.0000,5158.8000,5159.6000,5160.0000,5166.6000,1,1,1,1,1,1,1,1,6,4
SF,IC2006,2019-12-31 09:31:20.800,5158.0000,35249,-1,247162200.000,1,0,1,双平,S,5156.2000,5156.0000,5155.8000,5155.4000,5155.0000,5158.8000,5159.6000,5160.0000,5166.6000,5169.6000,1,1,1,1,1,1,1,6,4,7
SF,IC2006,2019-12-31 09:31:21.300,5158.0000,35249,0,247162200.000,0,-,-,-,-,5156.4000,5156.2000,5155.8000,5155.4000,5155.0000,5158.6000,5158.8000,5159.6000,5160.0000,5166.6000,1,1,1,1,1,1,1,1,6,4
SF,IC2006,2019-12-31 09:31:21.800,5158.0000,35249,0,247162200.000,0,-,-,-,-,5156.6000,5156.4000,5156.2000,5155.8000,5155.4000,5158.4000,5158.6000,5158.8000,5159.6000,5160.0000,1,1,1,1,1,1,1,1,1,6
SF,IC2006,2019-12-31 09:31:22.300,5158.0000,35249,0,247162200.000,0,-,-,-,-,5156.8000,5156.6000,5156.2000,5155.8000,5155.4000,5158.4000,5158.8000,5159.6000,5160.0000,5166.6000,1,1,1,1,1,1,1,1,6,4
SF,IC2006,2019-12-31 09:31:22.800,5158.0000,35249,0,247162200.000,0,-,-,-,-,5157.0000,5156.8000,5156.6000,5156.2000,5155.8000,5158.4000,5158.8000,5159.6000,5160.0000,5166.6000,2,1,1,1,1,1,1,1,5,4
SF,IC2006,2019-12-31 09:31:23.300,5158.0000,35249,0,247162200.000,0,-,-,-,-,5157.2000,5157.0000,5156.6000,5156.2000,5155.8000,5158.4000,5158.8000,5159.6000,5160.0000,5166.6000,1,2,1,1,1,1,1,1,5,4
SF,IC2006,2019-12-31 09:31:23.800,5158.0000,35249,0,247162200.000,0,-,-,-,-,5157.2000,5157.0000,5156.6000,5156.2000,5155.8000,5158.4000,5158.8000,5159.6000,5160.0000,5166.6000,1,2,1,1,1,1,1,1,5,4
SF,IC2006,2019-12-31 09:31:24.300,5158.0000,35249,0,247162200.000,0,-,-,-,-,5157.4000,5157.2000,5157.0000,5156.6000,5156.2000,5158.4000,5158.8000,5159.6000,5160.0000,5166.6000,2,1,2,1,1,1,1,1,5,4
SF,IC2006,2019-12-31 09:31:24.800,5158.4000,35248,-1,248193880.000,1,0,1,双平,S,5157.6000,5157.4000,5157.0000,5156.6000,5156.2000,5158.8000,5159.6000,5160.0000,5166.6000,5169.6000,1,2,2,1,1,1,1,5,4,7
SF,IC2006,2019-12-31 09:31:25.300,5157.4000,35250,2,251288360.000,3,2,1,空开,S,5157.0000,5156.6000,5156.2000,5155.8000,5155.4000,5158.8000,5159.6000,5160.0000,5166.6000,5169.6000,2,1,1,1,1,1,1,5,4,7
SF,IC2006,2019-12-31 09:31:25.800,5157.4000,35250,0,251288360.000,0,-,-,-,-,5157.2000,5157.0000,5156.6000,5156.2000,5155.8000,5158.6000,5158.8000,5159.6000,5160.0000,5166.6000,1,2,1,1,1,1,1,1,5,4
SF,IC2006,2019-12-31 09:31:26.300,5157.4000,35250,0,251288360.000,0,-,-,-,-,5157.2000,5157.0000,5156.6000,5156.2000,5155.8000,5158.6000,5158.8000,5159.6000,5160.0000,5166.6000,1,2,1,1,1,2,1,1,5,4
SF,IC2006,2019-12-31 09:31:26.800,5157.0000,35251,1,255414960.000,4,2,2,空开,S,5158.8000,5157.0000,5156.6000,5156.2000,5155.8000,5159.6000,5160.0000,5166.6000,5169.6000,5169.8000,1,1,1,1,1,1,5,4,7,1
SF,IC2006,2019-12-31 09:31:27.300,5158.8000,35251,0,256446720.000,1,0,1,多换,S,5157.0000,5156.6000,5156.2000,5155.8000,5155.4000,5158.8000,5159.4000,5159.6000,5160.0000,5166.6000,1,1,1,1,1,1,1,1,5,4
SF,IC2006,2019-12-31 09:31:27.800,5158.8000,35251,0,256446720.000,0,-,-,-,-,5157.2000,5157.0000,5156.6000,5156.2000,5155.8000,5158.8000,5159.6000,5160.0000,5166.6000,5169.6000,1,1,1,1,1,1,1,5,4,7
SF,IC2006,2019-12-31 09:31:28.300,5158.8000,35251,0,256446720.000,0,-,-,-,-,5157.4000,5157.2000,5157.0000,5156.6000,5156.2000,5158.8000,5159.6000,5160.0000,5166.6000,5169.6000,1,2,1,1,1,1,1,5,4,7
SF,IC2006,2019-12-31 09:31:28.800,5158.8000,35251,0,256446720.000,0,-,-,-,-,5157.6000,5157.4000,5157.2000,5157.0000,5156.6000,5158.8000,5159.6000,5160.0000,5166.6000,5169.6000,1,1,1,2,1,1,1,5,4,7
SF,IC2006,2019-12-31 09:31:29.300,5158.8000,35251,0,256446720.000,0,-,-,-,-,5157.6000,5157.4000,5157.2000,5157.0000,5156.6000,5158.8000,5159.6000,5160.0000,5166.6000,5169.6000,1,1,1,2,1,1,1,5,4,7
SF,IC2006,2019-12-31 09:31:29.800,5157.6000,35250,-1,258510000.000,2,0,2,多平,S,5157.4000,5157.2000,5157.0000,5156.6000,5156.2000,5159.6000,5160.0000,5166.6000,5169.6000,5169.8000,1,1,2,1,1,1,5,4,7,1
SF,IC2006,2019-12-31 09:31:30.300,5157.6000,35250,0,258510000.000,0,-,-,-,-,5157.6000,5157.2000,5157.0000,5156.6000,5156.2000,5159.4000,5159.6000,5160.0000,5166.6000,5169.6000,1,1,2,1,1,1,1,5,4,7
SF,IC2006,2019-12-31 09:31:30.800,5157.6000,35248,-2,260573400.000,2,0,2,双平,S,5157.2000,5157.0000,5156.6000,5156.2000,5155.8000,5159.6000,5160.0000,5166.6000,5169.6000,5169.8000,1,2,1,1,1,1,5,4,7,1
SF,IC2006,2019-12-31 09:31:31.300,5157.4000,35245,-3,263668240.000,3,0,3,双平,S,5157.2000,5157.0000,5156.6000,5156.2000,5155.8000,5157.4000,5159.6000,5160.0000,5166.6000,5169.6000,1,2,1,1,1,1,1,5,4,7
SF,IC2006,2019-12-31 09:31:31.800,5157.4000,35244,-1,264699720.000,1,0,1,双平,S,5157.8000,5157.4000,5157.2000,5157.0000,5156.6000,5159.6000,5160.0000,5166.6000,5169.6000,5169.8000,2,4,1,2,1,1,5,4,7,1
SF,IC2006,2019-12-31 09:31:32.300,5157.4000,35244,0,264699720.000,0,-,-,-,-,5158.0000,5157.8000,5157.4000,5157.2000,5157.0000,5159.4000,5159.6000,5160.0000,5166.6000,5169.6000,1,2,4,1,2,1,1,5,4,7
SF,IC2006,2019-12-31 09:31:32.800,5157.4000,35244,0,264699720.000,0,-,-,-,-,5158.0000,5157.8000,5157.4000,5157.2000,5157.0000,5159.4000,5159.6000,5160.0000,5166.6000,5169.6000,1,2,14,1,2,1,1,5,4,7
SF,IC2006,2019-12-31 09:31:33.300,5157.4000,35244,0,264699720.000,0,-,-,-,-,5158.2000,5157.8000,5157.4000,5157.2000,5157.0000,5159.4000,5159.6000,5160.0000,5166.6000,5169.6000,1,2,14,1,2,2,1,5,4,7
SF,IC2006,2019-12-31 09:31:33.800,5158.2000,35243,-1,265731360.000,1,0,1,双平,S,5157.4000,5157.2000,5157.0000,5156.6000,5156.2000,5158.2000,5159.0000,5159.4000,5159.6000,5160.0000,14,1,2,1,1,1,1,2,1,5
SF,IC2006,2019-12-31 09:31:34.300,5157.4000,35237,-6,271920240.000,6,0,6,双平,S,5157.6000,5157.4000,5157.2000,5157.0000,5156.6000,5158.4000,5159.0000,5159.2000,5159.4000,5159.6000,1,8,1,2,1,1,1,1,2,1
SF,IC2006,2019-12-31 09:31:34.800,5157.4000,35232,-5,277077680.000,5,0,5,双平,S,5157.4000,5157.2000,5157.0000,5156.6000,5156.2000,5157.6000,5158.2000,5158.4000,5158.8000,5159.0000,4,1,2,1,1,1,1,1,1,1
SF,IC2006,2019-12-31 09:31:35.300,5157.2000,35227,-5,283266480.000,6,0,6,多平,S,5157.0000,5156.6000,5155.8000,5155.4000,5155.0000,5157.2000,5157.4000,5158.8000,5159.0000,5159.2000,2,1,1,1,1,2,5,1,1,1
SF,IC2006,2019-12-31 09:31:35.800,5157.0000,35225,-2,286360680.000,3,0,3,多平,S,5156.6000,5155.8000,5155.4000,5155.0000,5154.8000,5157.0000,5157.4000,5158.8000,5159.0000,5159.2000,1,1,1,1,1,4,5,1,1,1
SF,IC2006,2019-12-31 09:31:36.300,5156.6000,35224,-1,287392000.000,1,0,1,双平,S,5155.8000,5155.4000,5154.8000,5152.4000,5150.4000,5156.6000,5156.8000,5157.0000,5157.4000,5158.8000,1,1,1,1,2,1,1,2,5,1
SF,IC2006,2019-12-31 09:31:36.800,5156.8000,35223,-1,288423360.000,1,0,1,双平,S,5155.8000,5154.8000,5152.4000,5150.4000,5150.0000,5157.0000,5157.4000,5158.8000,5159.2000,5159.4000,1,1,1,2,1,2,5,1,1,2
SF,IC2006,2019-12-31 09:31:37.300,5156.8000,35223,0,288423360.000,0,-,-,-,-,5154.8000,5152.4000,5150.4000,5150.0000,5148.0000,5156.8000,5157.0000,5157.4000,5158.8000,5159.2000,1,1,2,1,1,1,2,5,1,1
SF,IC2006,2019-12-31 09:31:37.800,5156.8000,35223,0,288423360.000,0,-,-,-,-,5156.0000,5155.0000,5154.8000,5152.4000,5150.4000,5156.6000,5156.8000,5157.0000,5157.4000,5158.8000,1,1,1,1,2,1,1,2,5,1
SF,IC2006,2019-12-31 09:31:38.300,5156.6000,35222,-1,291517200.000,3,1,2,多平,S,5155.0000,5154.8000,5152.4000,5150.4000,5150.0000,5156.0000,5156.8000,5157.0000,5157.4000,5158.8000,1,1,1,2,1,1,1,2,5,1
SF,IC2006,2019-12-31 09:31:38.800,5156.6000,35222,0,291517200.000,0,-,-,-,-,5155.0000,5154.8000,5152.4000,5150.4000,5150.0000,5156.8000,5157.0000,5157.4000,5158.8000,5159.2000,1,1,1,2,1,1,2,5,1,1
SF,IC2006,2019-12-31 09:31:39.300,5157.0000,35221,-1,295642360.000,4,1,3,多平,S,5154.8000,5152.4000,5150.4000,5150.0000,5148.0000,5157.4000,5158.8000,5159.4000,5159.6000,5160.0000,1,1,2,1,1,5,1,2,1,5
SF,IC2006,2019-12-31 09:31:39.800,5157.0000,35221,0,295642360.000,0,-,-,-,-,5155.0000,5154.8000,5152.4000,5150.4000,5150.0000,5156.6000,5157.2000,5157.4000,5158.8000,5159.4000,1,1,1,2,1,1,1,5,1,2
SF,IC2006,2019-12-31 09:31:40.300,5156.6000,35220,-1,296673680.000,1,0,1,双平,S,5155.0000,5154.8000,5152.4000,5150.4000,5150.0000,5156.6000,5157.2000,5157.4000,5158.8000,5159.4000,1,1,1,2,1,1,1,5,1,2
SF,IC2006,2019-12-31 09:31:40.800,5156.6000,35219,-1,297705000.000,1,0,1,双平,S,5155.0000,5154.8000,5152.4000,5150.4000,5150.0000,5157.2000,5157.4000,5158.8000,5159.4000,5159.6000,1,1,1,2,1,1,5,1,2,1
SF,IC2006,2019-12-31 09:31:41.300,5156.6000,35219,0,297705000.000,0,-,-,-,-,5157.2000,5156.6000,5155.2000,5155.0000,5154.8000,5157.4000,5158.8000,5159.4000,5159.6000,5160.0000,2,1,1,1,1,5,1,2,1,5
SF,IC2006,2019-12-31 09:31:41.800,5157.4000,35214,-5,302862400.000,5,0,5,双平,S,5157.6000,5156.6000,5155.2000,5155.0000,5154.8000,5158.8000,5159.4000,5159.6000,5160.0000,5163.2000,2,1,1,1,1,1,2,1,5,1
SF,IC2006,2019-12-31 09:31:42.300,5157.4000,35214,0,302862400.000,0,-,-,-,-,5156.6000,5155.0000,5154.8000,5152.4000,5150.4000,5157.6000,5158.4000,5158.6000,5158.8000,5159.4000,1,1,1,1,2,1,1,1,1,2
SF,IC2006,2019-12-31 09:31:42.800,5157.4000,35214,0,302862400.000,0,-,-,-,-,5156.6000,5155.0000,5154.8000,5152.4000,5150.4000,5157.4000,5158.4000,5158.8000,5159.4000,5159.6000,1,1,1,1,2,1,1,1,2,1
SF,IC2006,2019-12-31 09:31:43.800,5157.4000,35214,0,302862400.000,0,-,-,-,-,5156.6000,5155.6000,5155.0000,5154.8000,5152.4000,5157.4000,5158.4000,5158.8000,5159.4000,5159.6000,1,1,1,1,1,1,1,1,2,1
SF,IC2006,2019-12-31 09:31:44.300,5157.4000,35213,-1,303893880.000,1,0,1,双平,S,5156.8000,5156.6000,5155.6000,5154.8000,5152.4000,5158.4000,5158.8000,5159.4000,5159.6000,5160.0000,1,1,1,1,1,1,1,2,1,5
SF,IC2006,2019-12-31 09:31:44.800,5156.8000,35212,-1,304925240.000,1,0,1,双平,S,5156.6000,5155.6000,5154.8000,5152.4000,5150.4000,5158.4000,5158.8000,5159.4000,5159.6000,5160.0000,1,1,1,1,2,2,1,2,1,5
SF,IC2006,2019-12-31 09:31:45.300,5156.8000,35212,0,304925240.000,0,-,-,-,-,5156.8000,5156.6000,5155.6000,5154.8000,5152.4000,5158.2000,5158.4000,5158.8000,5159.4000,5159.6000,1,1,1,1,1,1,2,1,2,1
SF,IC2006,2019-12-31 09:31:45.800,5158.2000,35211,-1,305956880.000,1,0,1,双平,S,5156.8000,5156.6000,5155.6000,5154.8000,5152.4000,5158.4000,5158.8000,5159.4000,5159.6000,5160.0000,1,1,1,1,1,1,1,2,1,5
SF,IC2006,2019-12-31 09:31:46.300,5158.2000,35211,0,305956880.000,0,-,-,-,-,5156.8000,5156.6000,5155.6000,5154.8000,5152.4000,5158.4000,5158.8000,5159.4000,5159.6000,5160.0000,1,1,1,1,1,2,1,2,1,5
SF,IC2006,2019-12-31 09:31:46.800,5158.2000,35211,0,305956880.000,0,-,-,-,-,5157.4000,5156.8000,5156.6000,5155.6000,5154.8000,5158.2000,5158.4000,5158.8000,5159.4000,5159.6000,1,1,1,1,1,1,1,1,2,1
SF,IC2006,2019-12-31 09:31:47.300,5158.2000,35211,0,305956880.000,0,-,-,-,-,5157.4000,5156.8000,5156.6000,5155.6000,5154.8000,5158.4000,5158.8000,5159.4000,5159.6000,5160.0000,1,1,1,1,1,1,1,2,1,5
SF,IC2006,2019-12-31 09:31:47.800,5157.4000,35211,0,308019840.000,2,1,1,多换,S,5156.8000,5156.6000,5155.6000,5154.8000,5152.4000,5158.2000,5158.4000,5158.6000,5158.8000,5159.4000,1,1,2,1,1,1,2,2,1,2
SF,IC2006,2019-12-31 09:31:48.300,5157.4000,35211,0,308019840.000,0,-,-,-,-,5156.6000,5155.6000,5154.8000,5152.4000,5150.4000,5158.2000,5158.4000,5158.6000,5158.8000,5159.4000,1,2,1,1,2,1,1,2,1,2
SF,IC2006,2019-12-31 09:31:48.800,5157.4000,35211,0,308019840.000,0,-,-,-,-,5156.8000,5156.6000,5155.6000,5154.8000,5152.4000,5158.2000,5158.4000,5158.6000,5158.8000,5159.4000,1,1,2,1,1,1,2,2,1,2
SF,IC2006,2019-12-31 09:31:49.300,5157.4000,35211,0,308019840.000,0,-,-,-,-,5156.8000,5156.6000,5155.6000,5154.8000,5152.4000,5157.8000,5158.2000,5158.4000,5158.6000,5158.8000,1,1,2,1,1,1,1,2,2,1
SF,IC2006,2019-12-31 09:31:49.800,5157.4000,35211,0,308019840.000,0,-,-,-,-,5156.8000,5156.6000,5155.6000,5154.8000,5152.4000,5157.4000,5157.8000,5158.0000,5158.4000,5158.6000,1,1,2,1,1,5,1,1,2,2
SF,IC2006,2019-12-31 09:31:50.300,5157.0000,35210,-1,310082600.000,2,0,2,多平,S,5155.6000,5154.8000,5152.4000,5150.4000,5150.0000,5157.4000,5157.8000,5158.4000,5158.6000,5158.8000,2,1,1,2,1,5,1,2,2,1
SF,IC2006,2019-12-31 09:31:50.800,5157.0000,35210,0,311114000.000,1,0,1,多换,S,5155.8000,5155.6000,5154.8000,5152.4000,5150.4000,5157.4000,5157.8000,5158.4000,5158.6000,5158.8000,1,2,1,1,2,5,1,2,2,1
SF,IC2006,2019-12-31 09:31:51.300,5157.0000,35210,0,311114000.000,0,-,-,-,-,5155.8000,5155.6000,5154.8000,5152.4000,5150.4000,5156.8000,5157.4000,5157.8000,5158.4000,5158.6000,3,2,1,1,2,1,5,1,2,2
SF,IC2006,2019-12-31 09:31:51.800,5156.8000,35209,-1,312145360.000,1,0,1,双平,S,5155.8000,5155.6000,5154.8000,5152.4000,5150.4000,5157.4000,5157.8000,5158.4000,5158.6000,5158.8000,3,2,1,1,2,5,1,2,2,1
SF,IC2006,2019-12-31 09:31:53.300,5156.8000,35209,0,312145360.000,0,-,-,-,-,5155.8000,5155.6000,5154.8000,5152.4000,5150.4000,5157.4000,5157.8000,5158.4000,5158.6000,5158.8000,3,2,1,1,2,5,1,2,2,1
SF,IC2006,2019-12-31 09:31:53.800,5157.4000,35208,-1,313176840.000,1,0,1,双平,S,5155.8000,5155.6000,5154.8000,5152.4000,5150.4000,5157.4000,5158.4000,5158.6000,5158.8000,5159.4000,3,2,1,1,2,4,2,2,1,1
SF,IC2006,2019-12-31 09:31:54.300,5157.4000,35208,0,313176840.000,0,-,-,-,-,5155.8000,5155.6000,5154.8000,5152.4000,5150.4000,5157.4000,5158.4000,5158.6000,5158.8000,5159.4000,3,2,1,1,2,4,1,2,1,1
SF,IC2006,2019-12-31 09:31:54.800,5157.4000,35208,0,313176840.000,0,-,-,-,-,5155.8000,5155.6000,5154.8000,5152.4000,5150.4000,5157.2000,5157.4000,5158.4000,5158.6000,5158.8000,2,2,1,1,2,1,4,1,2,1
SF,IC2006,2019-12-31 09:31:55.300,5157.4000,35208,0,313176840.000,0,-,-,-,-,5155.8000,5155.6000,5154.8000,5153.0000,5152.4000,5157.2000,5157.4000,5158.4000,5158.6000,5158.8000,3,2,1,1,1,1,4,1,2,1
SF,IC2006,2019-12-31 09:31:56.800,5157.4000,35208,0,313176840.000,0,-,-,-,-,5155.8000,5155.6000,5154.8000,5153.0000,5152.4000,5157.2000,5157.4000,5158.4000,5158.6000,5158.8000,3,2,1,1,1,1,4,1,2,1
SF,IC2006,2019-12-31 09:31:57.300,5157.4000,35208,0,313176840.000,0,-,-,-,-,5156.2000,5155.8000,5155.6000,5154.8000,5153.0000,5157.2000,5157.4000,5158.4000,5158.6000,5158.8000,1,3,2,1,1,1,4,1,2,1
SF,IC2006,2019-12-31 09:31:57.800,5157.4000,35208,0,313176840.000,0,-,-,-,-,5157.2000,5156.4000,5156.2000,5155.8000,5155.6000,5157.4000,5158.4000,5158.6000,5158.8000,5159.0000,1,1,1,2,2,4,1,2,1,3
SF,IC2006,2019-12-31 09:31:58.300,5156.4000,35206,-2,315239560.000,2,0,2,双平,S,5156.2000,5155.8000,5155.6000,5154.8000,5153.0000,5157.4000,5158.4000,5158.6000,5158.8000,5159.0000,1,2,2,1,1,4,1,2,1,3
SF,IC2006,2019-12-31 09:31:58.800,5156.4000,35206,0,315239560.000,0,-,-,-,-,5156.2000,5155.8000,5155.6000,5154.8000,5153.0000,5157.2000,5157.4000,5158.4000,5158.6000,5158.8000,1,2,2,1,1,2,4,1,2,1
SF,IC2006,2019-12-31 09:31:59.300,5156.2000,35206,0,316270800.000,1,0,1,多换,S,5155.8000,5155.6000,5154.8000,5153.0000,5152.4000,5156.2000,5157.0000,5157.2000,5157.4000,5158.4000,2,2,1,1,1,3,1,2,4,1
SF,IC2006,2019-12-31 09:31:59.800,5155.6000,35203,-3,320395360.000,4,0,4,多平,S,5154.8000,5153.0000,5152.4000,5150.4000,5150.0000,5155.8000,5156.2000,5157.0000,5157.2000,5157.4000,1,1,1,2,1,2,3,2,2,4
SF,IC2006,2019-12-31 09:32:00.300,5155.6000,35203,0,320395360.000,0,-,-,-,-,5154.8000,5153.0000,5152.4000,5150.4000,5150.0000,5156.2000,5157.0000,5157.2000,5157.4000,5158.4000,1,1,1,2,1,3,2,3,4,1
SF,IC2006,2019-12-31 09:32:00.800,5155.6000,35203,0,320395360.000,0,-,-,-,-,5154.8000,5153.0000,5152.4000,5150.4000,5150.0000,5156.0000,5156.2000,5157.0000,5157.2000,5157.4000,1,1,1,2,1,1,3,2,2,4
SF,IC2006,2019-12-31 09:32:01.300,5155.6000,35203,0,320395360.000,0,-,-,-,-,5154.8000,5153.0000,5152.4000,5150.4000,5150.0000,5156.0000,5157.0000,5157.2000,5157.4000,5158.4000,1,1,1,2,1,1,1,2,4,1
SF,IC2006,2019-12-31 09:32:01.800,5156.0000,35202,-1,321426560.000,1,0,1,双平,S,5156.0000,5154.8000,5153.0000,5152.4000,5150.4000,5157.2000,5157.4000,5158.4000,5158.6000,5158.8000,1,1,1,1,2,2,4,1,2,1
SF,IC2006,2019-12-31 09:32:02.300,5156.0000,35202,0,322457760.000,1,0,1,多换,S,5154.8000,5153.0000,5152.4000,5150.4000,5150.0000,5157.0000,5157.2000,5157.4000,5158.4000,5158.6000,1,1,1,2,1,1,2,4,1,2
SF,IC2006,2019-12-31 09:32:02.800,5156.0000,35202,0,322457760.000,0,-,-,-,-,5155.0000,5154.8000,5153.0000,5152.4000,5150.4000,5156.8000,5157.0000,5157.2000,5157.4000,5158.4000,1,1,1,1,2,1,1,2,4,1
SF,IC2006,2019-12-31 09:32:03.300,5155.0000,35201,-1,323488760.000,1,0,1,双平,S,5154.8000,5153.0000,5152.4000,5150.4000,5150.0000,5155.0000,5156.6000,5156.8000,5157.2000,5157.4000,1,1,1,2,1,2,1,2,2,4
SF,IC2006,2019-12-31 09:32:03.800,5154.8000,35196,-5,328643720.000,5,0,5,双平,S,5152.4000,5150.4000,5150.0000,5149.0000,5146.0000,5154.6000,5154.8000,5156.6000,5156.8000,5157.2000,1,2,1,1,1,1,1,1,2,2
SF,IC2006,2019-12-31 09:32:04.300,5154.8000,35196,0,328643720.000,0,-,-,-,-,5152.6000,5152.4000,5150.4000,5150.0000,5149.0000,5154.4000,5154.8000,5156.6000,5156.8000,5157.2000,2,1,2,1,1,1,1,1,2,2
SF,IC2006,2019-12-31 09:32:04.800,5154.8000,35196,0,328643720.000,0,-,-,-,-,5152.6000,5152.4000,5150.4000,5150.0000,5149.0000,5154.2000,5154.4000,5154.8000,5156.8000,5157.2000,2,1,2,1,1,1,1,1,1,2
SF,IC2006,2019-12-31 09:32:05.300,5154.8000,35196,0,328643720.000,0,-,-,-,-,5152.4000,5152.2000,5150.4000,5150.0000,5149.0000,5154.2000,5154.4000,5154.8000,5156.8000,5157.2000,1,1,2,1,1,1,1,1,1,2
SF,IC2006,2019-12-31 09:32:05.800,5154.8000,35196,0,328643720.000,0,-,-,-,-,5152.6000,5150.4000,5150.0000,5149.0000,5146.0000,5154.0000,5154.4000,5154.8000,5157.2000,5157.4000,1,2,1,1,1,1,1,1,2,4
SF,IC2006,2019-12-31 09:32:06.300,5154.8000,35196,0,328643720.000,0,-,-,-,-,5152.6000,5150.4000,5150.0000,5149.0000,5146.0000,5154.8000,5157.2000,5157.4000,5158.4000,5158.6000,1,2,1,1,1,1,2,4,1,3
SF,IC2006,2019-12-31 09:32:06.800,5154.8000,35196,0,328643720.000,0,-,-,-,-,5152.8000,5152.6000,5150.4000,5150.0000,5149.0000,5154.6000,5154.8000,5157.2000,5157.4000,5158.4000,1,1,2,1,1,1,1,2,4,1
SF,IC2006,2019-12-31 09:32:07.300,5154.8000,35196,0,328643720.000,0,-,-,-,-,5153.0000,5152.8000,5150.4000,5150.0000,5149.0000,5154.6000,5154.8000,5157.2000,5157.4000,5158.4000,1,1,2,1,1,1,1,2,4,1
SF,IC2006,2019-12-31 09:32:07.800,5154.8000,35196,0,328643720.000,0,-,-,-,-,5153.2000,5153.0000,5152.8000,5150.4000,5150.0000,5154.8000,5157.2000,5157.4000,5158.4000,5158.6000,1,1,1,2,1,1,2,4,1,3
SF,IC2006,2019-12-31 09:32:08.300,5154.8000,35196,0,328643720.000,0,-,-,-,-,5153.4000,5153.2000,5152.8000,5150.4000,5150.0000,5154.6000,5154.8000,5157.2000,5157.4000,5158.4000,1,1,1,2,1,1,1,2,4,1
SF,IC2006,2019-12-31 09:32:08.800,5154.8000,35196,0,328643720.000,0,-,-,-,-,5153.4000,5153.2000,5152.8000,5150.4000,5150.0000,5154.8000,5157.2000,5157.4000,5158.4000,5158.6000,1,1,1,2,1,1,2,4,1,3
SF,IC2006,2019-12-31 09:32:09.300,5154.8000,35196,0,328643720.000,0,-,-,-,-,5153.4000,5153.2000,5150.4000,5150.0000,5149.0000,5154.8000,5157.2000,5157.4000,5158.4000,5158.6000,1,1,2,1,1,1,2,4,1,3
SF,IC2006,2019-12-31 09:32:09.800,5154.8000,35196,0,329674680.000,1,0,1,多换,S,5153.4000,5153.2000,5150.4000,5150.0000,5149.0000,5157.2000,5157.4000,5158.4000,5158.6000,5158.8000,1,1,2,1,1,2,4,1,3,1
SF,IC2006,2019-12-31 09:32:10.300,5154.8000,35196,0,329674680.000,0,-,-,-,-,5153.6000,5153.4000,5153.2000,5150.4000,5150.0000,5157.0000,5157.2000,5157.4000,5158.4000,5158.6000,1,1,1,2,1,2,2,4,1,3
SF,IC2006,2019-12-31 09:32:10.800,5153.8000,35194,-2,331736200.000,2,0,2,双平,S,5153.2000,5150.4000,5149.0000,5146.0000,5145.4000,5153.6000,5156.8000,5157.0000,5157.2000,5157.4000,1,2,1,1,1,3,1,2,2,4
SF,IC2006,2019-12-31 09:32:11.300,5153.6000,35191,-3,334828400.000,3,0,3,双平,S,5153.6000,5153.2000,5150.4000,5149.0000,5146.0000,5156.8000,5157.0000,5157.2000,5157.4000,5158.4000,4,1,2,1,1,1,1,2,4,1
SF,IC2006,2019-12-31 09:32:11.800,5153.6000,35191,0,334828400.000,0,-,-,-,-,5153.6000,5153.2000,5150.4000,5149.0000,5146.0000,5156.6000,5156.8000,5157.2000,5157.4000,5158.4000,4,1,2,1,1,2,1,2,4,1
SF,IC2006,2019-12-31 09:32:12.300,5153.6000,35191,0,334828400.000,0,-,-,-,-,5153.6000,5150.4000,5149.0000,5146.0000,5145.4000,5156.0000,5156.6000,5156.8000,5157.2000,5157.4000,4,2,1,1,1,1,2,1,2,4
SF,IC2006,2019-12-31 09:32:12.800,5153.6000,35191,0,334828400.000,0,-,-,-,-,5153.6000,5150.4000,5149.0000,5146.0000,5145.4000,5155.8000,5156.0000,5156.6000,5156.8000,5157.2000,4,2,1,1,1,3,1,1,1,2
SF,IC2006,2019-12-31 09:32:13.300,5153.6000,35191,0,334828400.000,0,-,-,-,-,5153.6000,5150.4000,5149.0000,5146.0000,5145.4000,5155.8000,5156.0000,5156.8000,5157.2000,5157.4000,4,2,1,1,1,3,1,1,2,4
SF,IC2006,2019-12-31 09:32:13.800,5153.6000,35191,0,334828400.000,0,-,-,-,-,5153.6000,5150.4000,5149.0000,5146.0000,5145.4000,5155.6000,5155.8000,5156.8000,5157.2000,5157.4000,4,2,1,1,1,1,3,1,2,4
SF,IC2006,2019-12-31 09:32:14.300,5153.6000,35191,0,334828400.000,0,-,-,-,-,5153.8000,5153.6000,5150.4000,5149.0000,5146.0000,5155.4000,5155.8000,5156.8000,5157.2000,5157.4000,1,4,2,1,1,3,2,1,2,4
SF,IC2006,2019-12-31 09:32:14.800,5153.6000,35191,0,334828400.000,0,-,-,-,-,5153.8000,5153.6000,5150.4000,5149.0000,5146.0000,5155.4000,5155.8000,5156.8000,5157.2000,5157.4000,1,4,2,1,1,2,1,1,2,4
SF,IC2006,2019-12-31 09:32:15.300,5153.8000,35190,-1,335859160.000,1,0,1,双平,S,5153.6000,5150.4000,5149.0000,5146.0000,5145.4000,5153.8000,5155.2000,5155.4000,5155.8000,5156.8000,4,2,1,1,1,2,1,3,1,1
SF,IC2006,2019-12-31 09:32:15.800,5153.8000,35188,-2,337920680.000,2,0,2,双平,S,5154.2000,5153.8000,5153.6000,5150.4000,5149.0000,5155.2000,5155.4000,5156.8000,5157.2000,5157.4000,2,2,5,2,1,1,3,1,2,4
SF,IC2006,2019-12-31 09:32:16.300,5153.8000,35188,0,337920680.000,0,-,-,-,-,5154.2000,5153.8000,5153.6000,5150.4000,5149.0000,5155.0000,5155.2000,5155.4000,5156.8000,5157.2000,2,2,4,2,1,1,1,2,1,2
SF,IC2006,2019-12-31 09:32:16.800,5153.8000,35188,0,337920680.000,0,-,-,-,-,5153.8000,5153.6000,5150.4000,5149.0000,5146.0000,5155.0000,5155.2000,5155.4000,5156.8000,5157.2000,2,4,2,1,1,1,1,1,1,2
SF,IC2006,2019-12-31 09:32:17.300,5153.8000,35188,0,338951440.000,1,0,1,多换,S,5153.8000,5153.6000,5150.4000,5149.0000,5146.0000,5155.0000,5155.2000,5155.4000,5156.8000,5157.2000,1,4,2,1,1,1,1,1,1,2
SF,IC2006,2019-12-31 09:32:17.800,5153.8000,35188,0,338951440.000,0,-,-,-,-,5153.8000,5153.6000,5150.4000,5149.0000,5146.0000,5154.2000,5154.8000,5155.0000,5155.2000,5155.4000,1,4,2,1,1,1,1,1,1,1
SF,IC2006,2019-12-31 09:32:18.300,5153.8000,35188,0,338951440.000,0,-,-,-,-,5153.8000,5153.6000,5150.4000,5149.0000,5146.0000,5154.0000,5154.2000,5154.8000,5155.2000,5155.4000,1,4,2,1,1,2,1,1,1,1
SF,IC2006,2019-12-31 09:32:18.800,5153.8000,35188,0,338951440.000,0,-,-,-,-,5153.6000,5150.4000,5149.0000,5146.0000,5145.4000,5154.0000,5154.2000,5154.8000,5155.2000,5155.4000,4,2,1,1,1,1,2,1,1,1
SF,IC2006,2019-12-31 09:32:19.300,5153.6000,35185,-3,342043600.000,3,0,3,双平,S,5150.4000,5149.0000,5146.0000,5145.4000,5144.8000,5153.6000,5154.0000,5154.2000,5154.8000,5155.2000,2,1,1,1,1,1,1,3,1,1
SF,IC2006,2019-12-31 09:32:19.800,5153.6000,35185,0,342043600.000,0,-,-,-,-,5151.6000,5150.6000,5150.4000,5149.0000,5146.0000,5153.4000,5154.0000,5154.2000,5154.8000,5155.2000,1,3,3,1,1,2,1,3,1,1
SF,IC2006,2019-12-31 09:32:20.300,5152.0000,35183,-2,344104400.000,2,0,2,双平,S,5151.8000,5151.6000,5150.6000,5150.4000,5149.0000,5153.4000,5154.0000,5154.2000,5154.8000,5155.2000,1,1,2,1,1,2,1,3,1,1
SF,IC2006,2019-12-31 09:32:20.800,5152.0000,35183,0,344104400.000,0,-,-,-,-,5151.8000,5151.6000,5150.6000,5150.4000,5149.0000,5153.4000,5154.0000,5154.2000,5154.8000,5155.2000,1,1,2,1,1,2,1,3,1,1
SF,IC2006,2019-12-31 09:32:21.300,5151.8000,35182,-1,345134760.000,1,0,1,双平,S,5151.6000,5150.6000,5150.4000,5149.0000,5146.0000,5153.4000,5154.0000,5154.2000,5154.8000,5155.2000,1,2,1,1,1,2,1,3,1,1
SF,IC2006,2019-12-31 09:32:22.300,5153.4000,35182,0,346165440.000,1,0,1,多换,S,5153.2000,5152.8000,5152.4000,5152.0000,5151.6000,5153.4000,5154.0000,5154.2000,5154.8000,5155.2000,1,1,1,1,1,1,1,3,1,1
SF,IC2006,2019-12-31 09:32:22.800,5153.4000,35180,-2,348226760.000,2,0,2,双平,S,5153.4000,5151.6000,5151.2000,5150.6000,5149.0000,5154.0000,5154.2000,5154.8000,5155.2000,5155.4000,1,1,1,1,1,1,3,1,1,1
SF,IC2006,2019-12-31 09:32:23.300,5153.4000,35180,0,348226760.000,0,-,-,-,-,5151.8000,5151.6000,5151.2000,5150.6000,5149.0000,5153.2000,5153.8000,5154.0000,5154.2000,5154.8000,1,1,1,1,1,1,1,1,3,1
SF,IC2006,2019-12-31 09:32:23.800,5153.2000,35179,-1,349257400.000,1,0,1,双平,S,5153.4000,5152.0000,5151.8000,5151.6000,5151.2000,5154.0000,5154.2000,5154.8000,5155.2000,5155.4000,5,1,1,1,1,1,3,3,1,1
SF,IC2006,2019-12-31 09:32:24.800,5154.0000,35179,0,350288200.000,1,0,1,多换,S,5153.4000,5152.0000,5151.8000,5151.6000,5151.2000,5154.2000,5154.8000,5155.2000,5155.4000,5156.8000,5,1,1,1,1,3,3,1,1,1
SF,IC2006,2019-12-31 09:32:25.300,5154.0000,35179,0,350288200.000,0,-,-,-,-,5153.4000,5152.0000,5151.8000,5151.6000,5151.2000,5154.2000,5154.8000,5155.2000,5155.4000,5157.2000,5,1,1,1,1,3,3,1,1,2
SF,IC2006,2019-12-31 09:32:25.800,5154.0000,35179,0,350288200.000,0,-,-,-,-,5153.4000,5152.0000,5151.8000,5151.6000,5151.2000,5154.0000,5154.2000,5154.8000,5155.2000,5155.4000,5,1,1,1,1,1,2,3,1,1
SF,IC2006,2019-12-31 09:32:26.300,5154.0000,35178,-1,351319000.000,1,0,1,双平,S,5154.0000,5153.4000,5152.0000,5151.8000,5151.6000,5154.2000,5154.8000,5155.2000,5155.4000,5157.2000,1,5,1,1,1,2,3,1,1,2
SF,IC2006,2019-12-31 09:32:26.800,5154.0000,35176,-2,353380640.000,2,0,2,双平,S,5153.4000,5152.0000,5151.8000,5151.6000,5151.2000,5154.2000,5154.8000,5155.2000,5155.4000,5157.2000,5,1,1,1,1,1,3,1,1,2
SF,IC2006,2019-12-31 09:32:27.300,5153.4000,35174,-2,360595920.000,7,2,5,多平,S,5153.4000,5151.8000,5151.6000,5151.2000,5150.6000,5154.0000,5154.8000,5155.2000,5155.4000,5157.2000,2,1,1,1,1,1,3,1,1,2
SF,IC2006,2019-12-31 09:32:27.800,5154.0000,35173,-1,361626720.000,1,0,1,双平,S,5154.2000,5153.4000,5151.8000,5151.6000,5151.2000,5154.8000,5155.2000,5155.4000,5157.2000,5157.4000,1,2,1,1,1,3,1,1,2,4
SF,IC2006,2019-12-31 09:32:28.300,5154.0000,35173,0,361626720.000,0,-,-,-,-,5154.2000,5153.4000,5151.8000,5151.6000,5151.2000,5154.8000,5155.2000,5155.4000,5157.2000,5157.4000,2,2,1,1,1,3,1,1,2,4
SF,IC2006,2019-12-31 09:32:28.800,5153.4000,35170,-3,366780720.000,5,1,4,多平,S,5151.8000,5151.6000,5151.2000,5150.6000,5149.0000,5153.4000,5154.8000,5155.2000,5155.4000,5157.2000,1,1,1,1,1,1,2,1,1,2
SF,IC2006,2019-12-31 09:32:29.300,5153.4000,35169,-1,367811400.000,1,0,1,双平,S,5153.4000,5152.4000,5152.0000,5151.8000,5151.6000,5154.8000,5155.2000,5155.4000,5157.2000,5157.4000,1,1,3,1,1,2,1,1,2,4
SF,IC2006,2019-12-31 09:32:29.800,5154.6000,35168,-1,368842320.000,1,0,1,双平,S,5153.4000,5152.4000,5152.0000,5151.6000,5151.2000,5154.8000,5155.2000,5155.4000,5157.2000,5157.4000,1,1,3,1,1,2,1,1,2,4
SF,IC2006,2019-12-31 09:32:30.300,5154.6000,35168,0,368842320.000,0,-,-,-,-,5153.6000,5153.4000,5152.4000,5152.0000,5151.6000,5154.8000,5155.2000,5155.4000,5157.2000,5157.4000,1,1,2,2,1,2,1,1,2,4
SF,IC2006,2019-12-31 09:32:30.800,5153.6000,35167,-1,369873040.000,1,0,1,双平,S,5153.4000,5152.4000,5152.0000,5151.6000,5151.2000,5154.8000,5155.2000,5155.4000,5157.2000,5157.4000,1,1,1,1,1,2,1,1,2,4
SF,IC2006,2019-12-31 09:32:31.300,5153.6000,35167,0,369873040.000,0,-,-,-,-,5153.4000,5152.4000,5152.0000,5151.6000,5151.2000,5154.6000,5154.8000,5155.2000,5155.4000,5157.2000,1,1,1,1,1,1,2,1,1,2
SF,IC2006,2019-12-31 09:32:32.300,5152.0000,35168,1,372964600.000,3,2,1,空开,S,5151.6000,5151.2000,5149.0000,5146.0000,5145.4000,5151.8000,5153.4000,5154.6000,5154.8000,5155.2000,1,1,1,1,1,2,1,1,2,1
SF,IC2006,2019-12-31 09:32:32.800,5153.4000,35167,-1,376056000.000,3,1,2,多平,S,5152.4000,5152.0000,5151.8000,5151.6000,5151.2000,5154.6000,5154.8000,5155.2000,5155.4000,5157.2000,1,2,2,2,1,1,2,1,1,2
SF,IC2006,2019-12-31 09:32:33.300,5153.4000,35167,0,376056000.000,0,-,-,-,-,5152.6000,5152.4000,5152.0000,5151.8000,5151.6000,5154.6000,5154.8000,5155.2000,5155.4000,5157.2000,1,1,2,2,1,1,2,1,1,2
SF,IC2006,2019-12-31 09:32:33.800,5153.4000,35167,0,376056000.000,0,-,-,-,-,5152.8000,5152.6000,5152.4000,5152.0000,5151.8000,5154.6000,5154.8000,5155.2000,5155.4000,5157.2000,1,1,1,2,2,1,2,1,1,2
SF,IC2006,2019-12-31 09:32:34.300,5153.4000,35167,0,376056000.000,0,-,-,-,-,5153.0000,5152.8000,5152.4000,5152.0000,5151.8000,5154.6000,5154.8000,5155.2000,5155.4000,5157.2000,1,1,1,1,2,1,2,1,1,2
SF,IC2006,2019-12-31 09:32:34.800,5153.4000,35167,0,376056000.000,0,-,-,-,-,5153.0000,5152.8000,5152.4000,5152.0000,5151.8000,5154.6000,5154.8000,5155.2000,5155.4000,5157.2000,1,1,1,1,2,1,2,1,1,1
SF,IC2006,2019-12-31 09:32:35.800,5153.4000,35167,0,376056000.000,0,-,-,-,-,5153.0000,5152.8000,5151.8000,5151.6000,5151.2000,5154.6000,5154.8000,5155.2000,5155.4000,5157.2000,1,1,2,1,2,1,2,1,1,1
SF,IC2006,2019-12-31 09:32:36.300,5153.4000,35167,0,376056000.000,0,-,-,-,-,5153.0000,5152.8000,5151.8000,5151.6000,5151.2000,5154.6000,5154.8000,5155.2000,5155.4000,5157.2000,1,1,2,1,2,1,2,1,1,1
SF,IC2006,2019-12-31 09:32:36.800,5154.8000,35166,-1,378117880.000,2,0,2,多平,S,5153.4000,5153.0000,5152.8000,5151.8000,5151.2000,5154.8000,5155.2000,5155.4000,5157.2000,5157.4000,1,1,2,2,2,1,1,1,1,4
SF,IC2006,2019-12-31 09:32:37.300,5154.8000,35166,0,378117880.000,0,-,-,-,-,5153.6000,5152.8000,5151.8000,5151.2000,5149.0000,5154.8000,5155.2000,5155.4000,5157.2000,5157.4000,1,1,2,2,1,1,1,1,1,4
SF,IC2006,2019-12-31 09:32:38.300,5153.6000,35165,-1,379148600.000,1,0,1,双平,S,5152.8000,5151.8000,5151.2000,5149.0000,5146.0000,5153.2000,5154.8000,5155.2000,5155.4000,5157.2000,1,2,2,1,1,2,1,1,1,1
SF,IC2006,2019-12-31 09:32:38.800,5153.2000,35163,-2,381209880.000,2,0,2,双平,S,5153.4000,5153.0000,5152.8000,5151.8000,5151.2000,5154.8000,5155.2000,5155.4000,5157.2000,5157.4000,1,1,1,2,2,1,1,1,1,4
SF,IC2006,2019-12-31 09:32:39.300,5153.2000,35163,0,381209880.000,0,-,-,-,-,5153.4000,5152.8000,5151.8000,5151.2000,5149.0000,5154.6000,5154.8000,5155.2000,5155.4000,5157.2000,1,1,2,2,1,1,1,1,1,1
SF,IC2006,2019-12-31 09:32:39.800,5153.2000,35163,0,381209880.000,0,-,-,-,-,5153.8000,5153.4000,5152.8000,5151.8000,5151.2000,5154.6000,5154.8000,5155.2000,5155.4000,5157.2000,1,1,1,2,2,1,1,1,1,1
SF,IC2006,2019-12-31 09:32:40.300,5153.2000,35163,0,381209880.000,0,-,-,-,-,5153.8000,5153.4000,5152.8000,5151.8000,5151.2000,5154.6000,5154.8000,5155.2000,5155.4000,5157.2000,1,1,1,2,2,2,1,1,1,1
SF,IC2006,2019-12-31 09:32:40.800,5153.2000,35163,0,381209880.000,0,-,-,-,-,5153.8000,5153.4000,5152.8000,5151.8000,5151.2000,5154.6000,5154.8000,5155.2000,5155.4000,5157.2000,1,1,1,2,2,2,1,1,1,1
SF,IC2006,2019-12-31 09:32:41.300,5154.6000,35162,-1,382240800.000,1,0,1,双平,S,5153.8000,5153.4000,5152.8000,5151.8000,5151.2000,5154.6000,5154.8000,5155.2000,5155.4000,5157.4000,1,1,1,2,2,1,1,1,1,4
SF,IC2006,2019-12-31 09:32:41.800,5154.6000,35161,-1,383271720.000,1,0,1,双平,S,5153.8000,5153.4000,5152.8000,5151.8000,5151.2000,5154.6000,5154.8000,5155.2000,5155.4000,5157.4000,1,1,1,2,2,1,1,1,1,4
SF,IC2006,2019-12-31 09:32:42.300,5154.6000,35161,0,383271720.000,0,-,-,-,-,5153.8000,5153.4000,5152.8000,5151.8000,5151.6000,5154.6000,5154.8000,5155.2000,5155.4000,5157.4000,1,1,1,2,1,1,1,1,1,4
SF,IC2006,2019-12-31 09:32:43.800,5154.6000,35161,0,383271720.000,0,-,-,-,-,5153.8000,5153.4000,5152.8000,5151.8000,5151.6000,5154.6000,5154.8000,5155.2000,5155.4000,5157.4000,1,1,1,2,1,2,1,1,1,4
SF,IC2006,2019-12-31 09:32:44.300,5154.6000,35161,0,383271720.000,0,-,-,-,-,5153.8000,5153.4000,5152.8000,5151.8000,5151.6000,5154.6000,5154.8000,5155.2000,5155.4000,5157.4000,1,1,1,2,1,2,1,1,1,4
SF,IC2006,2019-12-31 09:32:44.800,5154.6000,35162,1,384302640.000,1,1,0,双开,S,5153.8000,5153.4000,5152.8000,5151.8000,5151.6000,5154.6000,5154.8000,5155.2000,5157.4000,5158.6000,1,1,1,2,1,1,1,1,4,3
SF,IC2006,2019-12-31 09:32:45.300,5154.0000,35162,0,385333440.000,1,0,1,多换,S,5153.8000,5153.4000,5152.8000,5151.8000,5151.6000,5154.6000,5154.8000,5155.2000,5157.4000,5158.6000,1,1,1,2,1,1,1,1,4,3
SF,IC2006,2019-12-31 09:32:45.800,5154.6000,35161,-1,386364360.000,1,0,1,双平,S,5154.0000,5153.8000,5153.4000,5152.8000,5151.8000,5154.8000,5155.2000,5157.4000,5158.6000,5158.8000,1,1,1,1,2,1,1,4,3,1
SF,IC2006,2019-12-31 09:32:46.300,5154.8000,35160,-1,387395320.000,1,0,1,双平,S,5155.0000,5154.0000,5153.8000,5153.4000,5152.8000,5155.2000,5157.4000,5158.6000,5158.8000,5159.0000,2,1,1,1,1,1,4,3,1,4
SF,IC2006,2019-12-31 09:32:46.800,5155.2000,35158,-2,389457400.000,2,0,2,双平,S,5155.2000,5155.0000,5153.8000,5153.4000,5152.8000,5157.4000,5158.6000,5158.8000,5159.0000,5159.4000,2,1,1,1,1,4,3,1,4,2
SF,IC2006,2019-12-31 09:32:47.300,5155.2000,35158,0,389457400.000,0,-,-,-,-,5156.0000,5155.4000,5155.2000,5155.0000,5154.8000,5157.0000,5157.2000,5157.4000,5158.6000,5158.8000,1,2,2,1,2,1,1,4,3,1
SF,IC2006,2019-12-31 09:32:47.800,5155.2000,35158,0,394612600.000,5,2,3,多换,S,5155.0000,5154.8000,5153.8000,5153.4000,5152.8000,5157.0000,5157.2000,5157.4000,5158.6000,5158.8000,1,2,1,1,1,1,1,4,3,1
SF,IC2006,2019-12-31 09:32:48.300,5155.2000,35158,0,394612600.000,0,-,-,-,-,5155.0000,5154.8000,5153.8000,5152.8000,5151.8000,5156.8000,5157.4000,5158.6000,5158.8000,5159.0000,1,2,1,1,2,2,4,3,1,4
SF,IC2006,2019-12-31 09:32:48.800,5155.2000,35158,0,394612600.000,0,-,-,-,-,5154.8000,5153.8000,5151.8000,5151.6000,5151.2000,5156.8000,5157.4000,5158.6000,5158.8000,5159.0000,2,4,2,1,2,2,4,3,1,4
SF,IC2006,2019-12-31 09:32:49.300,5155.2000,35158,0,394612600.000,0,-,-,-,-,5154.8000,5153.8000,5151.8000,5151.6000,5151.2000,5156.8000,5157.4000,5158.6000,5158.8000,5159.0000,2,4,2,1,2,1,4,3,1,4
SF,IC2006,2019-12-31 09:32:49.800,5155.2000,35158,0,394612600.000,0,-,-,-,-,5154.8000,5153.8000,5151.8000,5151.6000,5151.2000,5156.4000,5156.6000,5156.8000,5157.4000,5158.6000,2,4,2,1,2,1,1,1,4,3
SF,IC2006,2019-12-31 09:32:50.300,5155.2000,35158,0,394612600.000,0,-,-,-,-,5154.8000,5153.8000,5151.8000,5151.6000,5151.2000,5156.2000,5156.4000,5156.6000,5157.4000,5158.6000,2,4,2,1,2,1,1,1,4,3
SF,IC2006,2019-12-31 09:32:50.800,5155.2000,35158,0,394612600.000,0,-,-,-,-,5154.8000,5153.8000,5151.8000,5151.6000,5151.2000,5156.2000,5156.4000,5157.4000,5158.6000,5158.8000,2,4,2,1,2,1,1,4,3,1
SF,IC2006,2019-12-31 09:32:51.800,5155.2000,35158,0,394612600.000,0,-,-,-,-,5154.8000,5153.8000,5151.8000,5151.6000,5151.2000,5156.2000,5156.4000,5157.4000,5158.6000,5158.8000,2,4,2,1,2,1,1,4,3,1
SF,IC2006,2019-12-31 09:32:52.800,5155.2000,35158,0,394612600.000,0,-,-,-,-,5154.8000,5153.8000,5151.8000,5151.6000,5151.2000,5156.0000,5156.2000,5156.4000,5157.4000,5158.6000,2,4,2,1,1,1,1,1,4,3
SF,IC2006,2019-12-31 09:32:53.800,5156.2000,35156,-2,396675040.000,2,0,2,双平,S,5156.2000,5154.8000,5153.8000,5151.8000,5151.6000,5156.4000,5157.4000,5158.6000,5158.8000,5159.0000,3,2,4,2,1,1,4,3,1,4
SF,IC2006,2019-12-31 09:32:54.300,5156.2000,35153,-3,399768760.000,3,0,3,双平,S,5155.0000,5154.8000,5153.8000,5151.8000,5151.6000,5155.8000,5156.2000,5156.4000,5157.4000,5158.6000,1,2,4,2,1,2,1,1,4,3
SF,IC2006,2019-12-31 09:32:56.300,5156.2000,35153,0,399768760.000,0,-,-,-,-,5155.0000,5154.8000,5153.8000,5151.8000,5151.6000,5155.8000,5156.2000,5156.4000,5157.4000,5158.6000,1,2,4,2,1,2,1,1,4,3
SF,IC2006,2019-12-31 09:32:56.800,5155.0000,35153,0,400799760.000,1,0,1,多换,S,5154.8000,5153.8000,5151.8000,5151.6000,5151.0000,5155.8000,5156.2000,5156.4000,5157.4000,5158.6000,2,4,2,1,1,2,1,1,4,3
SF,IC2006,2019-12-31 09:32:57.300,5155.8000,35153,0,402862080.000,2,1,1,多换,S,5155.8000,5155.0000,5154.8000,5153.8000,5151.8000,5156.2000,5156.4000,5157.4000,5158.6000,5158.8000,3,1,2,4,2,1,1,4,3,1
SF,IC2006,2019-12-31 09:32:57.800,5155.8000,35153,0,405955560.000,3,1,2,多换,S,5155.0000,5154.8000,5153.8000,5151.8000,5151.6000,5156.2000,5156.4000,5157.4000,5158.6000,5158.8000,1,2,4,2,1,1,1,4,3,1
SF,IC2006,2019-12-31 09:32:58.300,5155.8000,35153,0,405955560.000,0,-,-,-,-,5155.0000,5154.8000,5153.8000,5151.8000,5151.6000,5156.0000,5156.2000,5156.4000,5157.4000,5158.6000,1,2,4,2,1,1,1,1,4,3
SF,IC2006,2019-12-31 09:32:58.800,5155.8000,35153,0,405955560.000,0,-,-,-,-,5155.0000,5154.8000,5153.8000,5151.8000,5151.6000,5156.2000,5156.4000,5157.4000,5158.6000,5158.8000,1,2,4,2,1,1,1,4,3,1
SF,IC2006,2019-12-31 09:32:59.300,5155.8000,35153,0,405955560.000,0,-,-,-,-,5156.0000,5155.0000,5154.8000,5153.8000,5151.8000,5156.2000,5156.4000,5157.4000,5158.6000,5158.8000,1,1,2,4,2,1,1,4,3,1
SF,IC2006,2019-12-31 09:32:59.800,5156.0000,35153,0,406986760.000,1,0,1,多换,S,5155.0000,5154.8000,5153.8000,5151.8000,5151.6000,5155.6000,5156.0000,5156.2000,5156.4000,5157.4000,1,2,4,2,1,2,2,1,1,4
SF,IC2006,2019-12-31 09:33:00.300,5154.8000,35151,-2,409048720.000,2,0,2,双平,S,5154.8000,5153.8000,5151.8000,5151.6000,5151.0000,5155.6000,5156.0000,5156.2000,5156.4000,5157.4000,1,4,2,1,1,2,2,1,1,4
SF,IC2006,2019-12-31 09:33:00.800,5154.8000,35150,-1,410079680.000,1,0,1,双平,S,5153.8000,5151.8000,5151.6000,5151.0000,5149.0000,5155.6000,5156.0000,5156.2000,5156.4000,5157.4000,4,2,1,1,1,2,2,1,1,4
SF,IC2006,2019-12-31 09:33:01.300,5154.8000,35150,0,410079680.000,0,-,-,-,-,5154.0000,5153.8000,5151.8000,5151.6000,5151.0000,5155.6000,5156.0000,5156.2000,5156.4000,5157.4000,1,4,2,1,1,2,2,1,1,4
SF,IC2006,2019-12-31 09:33:01.800,5154.8000,35150,0,410079680.000,0,-,-,-,-,5155.0000,5154.0000,5153.8000,5151.8000,5151.6000,5155.6000,5156.0000,5156.2000,5156.4000,5157.0000,1,1,4,2,1,2,2,1,1,1
SF,IC2006,2019-12-31 09:33:02.300,5155.0000,35149,-1,411110680.000,1,0,1,双平,S,5154.0000,5153.8000,5151.8000,5151.6000,5151.0000,5156.0000,5156.2000,5156.4000,5157.0000,5157.4000,1,4,2,1,1,2,1,1,1,4
SF,IC2006,2019-12-31 09:33:02.800,5155.0000,35149,0,411110680.000,0,-,-,-,-,5154.2000,5154.0000,5153.8000,5151.8000,5151.6000,5156.0000,5156.2000,5156.4000,5157.0000,5157.4000,1,1,4,2,1,2,1,1,1,4
SF,IC2006,2019-12-31 09:33:03.300,5155.0000,35149,0,411110680.000,0,-,-,-,-,5155.6000,5154.4000,5154.2000,5153.8000,5151.8000,5155.8000,5156.0000,5156.2000,5156.4000,5157.0000,5,1,1,4,2,1,2,1,1,1
SF,IC2006,2019-12-31 09:33:03.800,5156.2000,35147,-2,413173080.000,2,0,2,双平,S,5156.0000,5155.8000,5155.6000,5154.4000,5154.2000,5156.4000,5157.0000,5157.4000,5158.6000,5158.8000,1,1,5,1,1,1,1,4,3,1
SF,IC2006,2019-12-31 09:33:04.300,5156.4000,35146,-1,414204360.000,1,0,1,双平,S,5156.0000,5155.8000,5155.6000,5155.0000,5154.2000,5157.0000,5157.4000,5158.6000,5158.8000,5159.0000,1,2,5,1,1,1,4,3,1,4
SF,IC2006,2019-12-31 09:33:04.800,5156.4000,35146,0,414204360.000,0,-,-,-,-,5156.2000,5156.0000,5155.8000,5155.6000,5155.0000,5157.4000,5158.6000,5158.8000,5159.0000,5159.2000,1,1,2,5,1,4,3,1,4,1
SF,IC2006,2019-12-31 09:33:05.300,5156.4000,35146,0,414204360.000,0,-,-,-,-,5156.2000,5156.0000,5155.8000,5155.6000,5155.0000,5157.4000,5158.6000,5158.8000,5159.0000,5159.6000,1,1,2,5,2,4,3,1,4,1
SF,IC2006,2019-12-31 09:33:06.300,5156.4000,35146,0,414204360.000,0,-,-,-,-,5156.2000,5156.0000,5155.8000,5155.6000,5155.0000,5157.4000,5158.6000,5158.8000,5159.0000,5159.6000,1,1,2,5,2,4,3,1,4,1
SF,IC2006,2019-12-31 09:33:06.800,5156.4000,35146,0,414204360.000,0,-,-,-,-,5156.2000,5156.0000,5155.8000,5155.6000,5155.0000,5157.4000,5158.6000,5158.8000,5159.0000,5159.6000,1,1,2,5,2,4,3,1,4,1
SF,IC2006,2019-12-31 09:33:09.300,5156.2000,35145,-1,415235600.000,1,0,1,双平,S,5156.0000,5155.8000,5155.6000,5155.0000,5154.2000,5157.4000,5158.6000,5158.8000,5159.0000,5159.6000,1,2,5,2,2,4,3,1,4,1
SF,IC2006,2019-12-31 09:33:09.800,5157.2000,35145,0,416267040.000,1,0,1,多换,S,5156.8000,5155.8000,5155.6000,5155.0000,5154.2000,5157.4000,5158.6000,5158.8000,5159.0000,5159.6000,1,2,5,2,2,4,3,1,4,1
SF,IC2006,2019-12-31 09:33:10.300,5156.8000,35144,-1,418329760.000,2,0,2,多平,S,5155.8000,5155.6000,5155.0000,5154.2000,5153.8000,5156.8000,5157.4000,5158.6000,5158.8000,5159.0000,2,5,2,2,4,1,4,3,1,4
SF,IC2006,2019-12-31 09:33:10.800,5156.8000,35144,0,418329760.000,0,-,-,-,-,5156.8000,5156.0000,5155.8000,5155.0000,5154.2000,5157.4000,5158.6000,5158.8000,5159.0000,5159.6000,2,1,2,2,2,4,3,1,4,1
SF,IC2006,2019-12-31 09:33:12.300,5157.4000,35145,1,420392600.000,2,1,1,空开,S,5156.8000,5156.0000,5155.8000,5155.0000,5154.2000,5157.4000,5158.6000,5158.8000,5159.0000,5159.6000,1,1,2,2,2,3,3,1,4,1
SF,IC2006,2019-12-31 09:33:12.800,5157.4000,35145,0,423487040.000,3,1,2,多换,S,5157.4000,5156.8000,5156.0000,5155.8000,5155.0000,5158.6000,5158.8000,5159.0000,5159.6000,5159.8000,3,1,1,2,2,3,1,4,1,2
SF,IC2006,2019-12-31 09:33:13.300,5157.4000,35145,0,426581480.000,3,1,2,多换,S,5156.8000,5156.0000,5155.8000,5155.0000,5154.2000,5157.2000,5157.4000,5158.2000,5158.4000,5158.6000,1,1,2,2,2,1,1,1,2,3
SF,IC2006,2019-12-31 09:33:13.800,5157.2000,35146,1,428644280.000,2,1,1,空开,S,5156.0000,5155.8000,5155.0000,5154.2000,5153.8000,5157.0000,5157.4000,5158.2000,5158.4000,5158.6000,1,2,2,1,4,1,1,1,2,3
SF,IC2006,2019-12-31 09:33:14.300,5156.0000,35145,-1,429675480.000,1,0,1,双平,S,5155.8000,5155.0000,5154.2000,5153.8000,5151.8000,5157.0000,5158.2000,5158.4000,5158.6000,5158.8000,2,2,1,1,2,1,1,2,3,1
SF,IC2006,2019-12-31 09:33:14.800,5156.0000,35145,0,429675480.000,0,-,-,-,-,5156.0000,5155.8000,5155.0000,5154.2000,5153.8000,5157.0000,5158.2000,5158.4000,5158.6000,5158.8000,1,2,2,1,1,1,1,2,3,1
SF,IC2006,2019-12-31 09:33:15.300,5157.0000,35144,-1,430706880.000,1,0,1,双平,S,5157.0000,5156.0000,5155.8000,5155.0000,5154.2000,5158.2000,5158.4000,5158.6000,5158.8000,5159.0000,1,1,2,2,1,1,2,3,1,4
SF,IC2006,2019-12-31 09:33:15.800,5157.0000,35143,-1,431738280.000,1,0,1,双平,S,5156.0000,5155.8000,5155.0000,5154.2000,5153.8000,5157.0000,5157.6000,5158.0000,5158.2000,5158.4000,1,2,2,1,1,1,1,1,1,1
SF,IC2006,2019-12-31 09:33:16.300,5157.0000,35142,-1,432769680.000,1,0,1,双平,S,5157.4000,5157.0000,5156.0000,5155.8000,5155.0000,5157.6000,5158.0000,5158.2000,5158.4000,5158.6000,5,1,1,2,2,1,1,1,1,3
SF,IC2006,2019-12-31 09:33:16.800,5157.6000,35141,-1,433801200.000,1,0,1,双平,S,5157.6000,5157.4000,5157.0000,5156.0000,5155.8000,5158.0000,5158.2000,5158.4000,5158.6000,5158.8000,1,5,1,1,2,1,1,1,3,1
SF,IC2006,2019-12-31 09:33:17.300,5157.6000,35141,0,443084880.000,9,4,5,多换,S,5156.0000,5155.8000,5155.0000,5154.2000,5153.8000,5158.4000,5158.6000,5158.8000,5159.0000,5159.6000,1,2,2,1,1,1,3,1,4,1
SF,IC2006,2019-12-31 09:33:17.800,5157.6000,35141,0,443084880.000,0,-,-,-,-,5157.0000,5156.0000,5155.8000,5155.0000,5154.2000,5158.2000,5158.6000,5158.8000,5159.0000,5159.6000,1,1,2,2,1,1,3,1,4,1
SF,IC2006,2019-12-31 09:33:18.300,5157.6000,35141,0,443084880.000,0,-,-,-,-,5157.0000,5156.0000,5155.8000,5155.0000,5154.2000,5158.2000,5158.6000,5158.8000,5159.0000,5159.4000,1,1,2,2,1,1,3,1,4,1
SF,IC2006,2019-12-31 09:33:19.300,5157.0000,35141,0,444116280.000,1,0,1,多换,S,5158.0000,5156.0000,5155.8000,5155.0000,5154.2000,5158.2000,5158.4000,5158.6000,5158.8000,5159.0000,1,1,2,2,1,1,1,3,2,4
SF,IC2006,2019-12-31 09:33:19.800,5158.0000,35141,0,445147880.000,1,0,1,多换,S,5156.0000,5155.8000,5155.0000,5154.2000,5153.8000,5157.2000,5157.6000,5157.8000,5158.0000,5158.2000,1,2,2,1,1,2,1,1,3,1
SF,IC2006,2019-12-31 09:33:20.300,5158.0000,35141,0,446179480.000,1,0,1,多换,S,5156.0000,5155.8000,5155.0000,5154.2000,5153.8000,5157.6000,5157.8000,5158.0000,5158.4000,5158.6000,1,2,2,1,1,1,1,2,1,4
SF,IC2006,2019-12-31 09:33:20.800,5158.0000,35141,0,446179480.000,0,-,-,-,-,5156.0000,5155.8000,5155.0000,5154.2000,5153.8000,5158.0000,5158.6000,5158.8000,5159.0000,5159.8000,1,2,2,1,1,2,4,2,4,2
SF,IC2006,2019-12-31 09:33:21.300,5158.0000,35141,0,446179480.000,0,-,-,-,-,5156.0000,5155.8000,5155.0000,5154.2000,5153.8000,5157.8000,5158.0000,5158.6000,5158.8000,5159.0000,1,2,2,1,1,2,2,4,2,4
SF,IC2006,2019-12-31 09:33:21.800,5158.0000,35141,0,446179480.000,0,-,-,-,-,5155.8000,5155.0000,5154.2000,5153.8000,5151.8000,5157.4000,5157.6000,5157.8000,5158.0000,5158.6000,2,2,1,1,2,1,1,2,2,4
SF,IC2006,2019-12-31 09:33:22.300,5158.0000,35141,0,446179480.000,0,-,-,-,-,5155.8000,5155.0000,5154.2000,5153.8000,5151.8000,5157.2000,5157.4000,5157.6000,5157.8000,5158.0000,2,2,1,1,2,1,1,1,1,2
SF,IC2006,2019-12-31 09:33:22.800,5158.0000,35141,0,446179480.000,0,-,-,-,-,5156.0000,5155.8000,5155.0000,5154.2000,5153.8000,5156.8000,5157.0000,5157.4000,5157.8000,5158.0000,1,2,2,1,1,1,1,1,1,2
SF,IC2006,2019-12-31 09:33:23.300,5158.0000,35141,0,446179480.000,0,-,-,-,-,5156.0000,5155.8000,5155.0000,5154.2000,5153.8000,5156.8000,5157.0000,5157.2000,5157.4000,5157.8000,1,2,2,1,1,1,1,1,1,1
SF,IC2006,2019-12-31 09:33:24.300,5158.0000,35141,0,446179480.000,0,-,-,-,-,5156.0000,5155.8000,5155.0000,5154.2000,5153.8000,5156.6000,5156.8000,5157.2000,5157.4000,5157.6000,1,2,2,1,1,2,1,1,1,2
SF,IC2006,2019-12-31 09:33:24.800,5156.0000,35140,-1,447210680.000,1,0,1,双平,S,5155.8000,5155.0000,5154.2000,5153.8000,5151.8000,5156.2000,5156.6000,5156.8000,5157.2000,5157.4000,2,2,1,1,2,1,2,1,1,1
SF,IC2006,2019-12-31 09:33:25.300,5156.2000,35140,0,448241920.000,1,0,1,多换,S,5155.8000,5155.0000,5154.2000,5153.8000,5151.8000,5156.6000,5156.8000,5157.2000,5157.4000,5157.6000,1,2,1,1,2,2,1,1,1,2
SF,IC2006,2019-12-31 09:33:25.800,5156.2000,35140,0,448241920.000,0,-,-,-,-,5156.0000,5155.8000,5155.0000,5154.2000,5153.8000,5156.6000,5157.2000,5157.4000,5157.6000,5157.8000,1,1,2,1,1,2,1,1,1,1
SF,IC2006,2019-12-31 09:33:26.300,5156.2000,35140,0,448241920.000,0,-,-,-,-,5156.0000,5155.8000,5155.0000,5154.2000,5153.8000,5156.6000,5157.4000,5157.6000,5157.8000,5158.0000,1,1,2,1,1,2,1,1,1,2
SF,IC2006,2019-12-31 09:33:27.300,5156.6000,35140,0,450304560.000,2,1,1,多换,S,5157.0000,5156.0000,5155.8000,5155.0000,5154.2000,5157.4000,5157.6000,5157.8000,5158.0000,5158.2000,2,2,1,2,1,1,1,1,2,1
SF,IC2006,2019-12-31 09:33:27.800,5157.0000,35140,0,452367360.000,2,1,1,多换,S,5156.0000,5155.8000,5155.0000,5154.2000,5153.8000,5157.0000,5157.4000,5157.6000,5157.8000,5158.0000,3,1,1,1,1,3,1,1,1,1
SF,IC2006,2019-12-31 09:33:28.300,5156.0000,35140,0,453398560.000,1,0,1,多换,S,5156.6000,5156.0000,5155.8000,5155.0000,5154.2000,5156.8000,5157.0000,5157.4000,5157.6000,5157.8000,3,2,1,1,1,1,1,1,1,1
SF,IC2006,2019-12-31 09:33:28.800,5156.6000,35139,-1,457523720.000,4,1,3,多平,S,5156.0000,5155.8000,5155.0000,5154.2000,5153.8000,5156.8000,5157.0000,5157.4000,5157.6000,5157.8000,2,1,1,1,1,1,1,1,1,1
SF,IC2006,2019-12-31 09:33:29.300,5157.0000,35137,-2,459586480.000,2,0,2,双平,S,5157.0000,5156.0000,5155.8000,5155.0000,5154.2000,5157.6000,5157.8000,5158.0000,5158.2000,5158.6000,5,2,1,1,1,1,1,1,1,4
SF,IC2006,2019-12-31 09:33:29.800,5157.6000,35133,-4,463712280.000,4,0,4,双平,S,5157.0000,5156.0000,5155.8000,5155.0000,5154.4000,5157.8000,5158.0000,5158.2000,5158.6000,5158.8000,3,2,1,1,1,1,1,1,4,1
SF,IC2006,2019-12-31 09:33:30.300,5157.2000,35132,-1,465775280.000,2,0,2,多平,S,5157.0000,5156.0000,5155.8000,5155.0000,5154.4000,5158.0000,5158.2000,5158.6000,5158.8000,5159.0000,3,2,1,1,1,1,2,4,1,4
SF,IC2006,2019-12-31 09:33:30.800,5158.0000,35131,-1,466806880.000,1,0,1,双平,S,5157.2000,5157.0000,5156.0000,5155.8000,5155.0000,5158.2000,5158.6000,5158.8000,5159.0000,5159.8000,1,3,3,1,1,2,4,1,4,2
SF,IC2006,2019-12-31 09:33:31.300,5158.0000,35131,0,466806880.000,0,-,-,-,-,5157.2000,5157.0000,5156.0000,5155.8000,5155.0000,5157.8000,5158.2000,5158.6000,5158.8000,5159.0000,1,3,3,1,1,1,2,4,1,4
SF,IC2006,2019-12-31 09:33:31.800,5157.8000,35130,-1,467838440.000,1,0,1,双平,S,5157.2000,5157.0000,5156.0000,5155.8000,5155.0000,5158.2000,5158.6000,5158.8000,5159.0000,5159.8000,1,3,3,1,1,2,4,1,4,2
SF,IC2006,2019-12-31 09:33:32.300,5158.2000,35129,-1,468870080.000,1,0,1,双平,S,5157.2000,5157.0000,5156.0000,5155.8000,5155.0000,5158.2000,5158.6000,5158.8000,5159.0000,5159.8000,1,3,3,1,1,1,4,1,4,2
SF,IC2006,2019-12-31 09:33:32.800,5158.2000,35128,-1,469901720.000,1,0,1,双平,S,5157.2000,5157.0000,5156.0000,5155.8000,5155.0000,5158.2000,5158.6000,5158.8000,5159.0000,5159.8000,1,3,3,1,1,1,4,1,4,2
SF,IC2006,2019-12-31 09:33:33.800,5158.2000,35128,0,469901720.000,0,-,-,-,-,5157.2000,5157.0000,5156.2000,5156.0000,5155.8000,5158.2000,5158.6000,5158.8000,5159.0000,5159.8000,1,3,1,3,1,1,4,1,4,2
SF,IC2006,2019-12-31 09:33:34.800,5158.2000,35129,1,470933360.000,1,1,0,双开,S,5157.2000,5157.0000,5156.2000,5156.0000,5155.0000,5158.6000,5158.8000,5159.0000,5159.8000,5160.0000,1,3,1,3,1,4,1,4,2,5
SF,IC2006,2019-12-31 09:33:36.800,5158.6000,35128,-1,471965080.000,1,0,1,双平,S,5157.4000,5157.2000,5157.0000,5156.2000,5156.0000,5158.6000,5158.8000,5159.0000,5159.8000,5160.0000,1,1,3,1,3,3,1,4,2,5
SF,IC2006,2019-12-31 09:33:37.300,5158.6000,35126,-2,475060240.000,3,0,3,多平,S,5157.4000,5157.0000,5156.2000,5156.0000,5155.0000,5158.8000,5159.0000,5159.8000,5160.0000,5163.0000,1,3,1,3,1,1,4,2,5,1
SF,IC2006,2019-12-31 09:33:37.800,5158.6000,35126,0,475060240.000,0,-,-,-,-,5157.6000,5157.4000,5157.0000,5156.2000,5156.0000,5158.8000,5159.0000,5159.8000,5160.0000,5163.0000,1,1,3,1,3,1,4,2,5,1
SF,IC2006,2019-12-31 09:33:38.300,5158.6000,35126,0,475060240.000,0,-,-,-,-,5157.4000,5157.0000,5156.2000,5156.0000,5155.0000,5158.6000,5158.8000,5159.0000,5159.8000,5160.0000,1,3,1,3,1,1,1,4,2,5
SF,IC2006,2019-12-31 09:33:39.300,5158.6000,35126,0,475060240.000,0,-,-,-,-,5157.4000,5157.0000,5156.2000,5156.0000,5155.0000,5158.6000,5158.8000,5159.0000,5159.8000,5160.0000,1,3,1,3,1,1,1,4,2,6
SF,IC2006,2019-12-31 09:33:39.800,5158.6000,35126,0,475060240.000,0,-,-,-,-,5157.4000,5157.0000,5156.2000,5156.0000,5155.0000,5158.6000,5158.8000,5159.0000,5159.8000,5160.0000,1,3,1,2,1,1,1,4,2,6
SF,IC2006,2019-12-31 09:33:40.300,5158.6000,35126,0,475060240.000,0,-,-,-,-,5157.0000,5156.2000,5156.0000,5155.0000,5154.4000,5158.6000,5158.8000,5159.0000,5159.8000,5160.0000,3,1,2,1,1,1,1,4,2,6
SF,IC2006,2019-12-31 09:33:40.800,5158.6000,35126,0,475060240.000,0,-,-,-,-,5157.0000,5156.2000,5156.0000,5155.0000,5154.4000,5157.4000,5158.6000,5158.8000,5159.0000,5159.8000,3,1,2,1,1,1,1,1,4,2
SF,IC2006,2019-12-31 09:33:41.300,5158.6000,35125,-1,477123440.000,2,0,2,多平,S,5157.0000,5156.2000,5156.0000,5155.0000,5154.4000,5158.8000,5159.0000,5159.8000,5160.0000,5163.0000,3,1,2,1,1,1,4,2,6,1
SF,IC2006,2019-12-31 09:33:41.800,5157.0000,35123,-2,479186240.000,2,0,2,双平,S,5157.0000,5156.2000,5156.0000,5155.0000,5154.4000,5158.6000,5158.8000,5159.0000,5159.8000,5160.0000,1,1,2,1,1,3,1,4,2,6
SF,IC2006,2019-12-31 09:33:42.300,5157.0000,35123,0,479186240.000,0,-,-,-,-,5157.2000,5157.0000,5156.2000,5156.0000,5155.0000,5158.6000,5158.8000,5159.0000,5159.8000,5160.0000,1,1,1,2,1,3,1,4,2,6
SF,IC2006,2019-12-31 09:33:42.800,5157.0000,35123,0,479186240.000,0,-,-,-,-,5157.0000,5156.2000,5156.0000,5155.0000,5154.4000,5157.2000,5158.6000,5158.8000,5159.0000,5159.8000,1,1,2,1,1,1,1,1,4,2
SF,IC2006,2019-12-31 09:33:43.300,5157.0000,35121,-2,481249080.000,2,0,2,双平,S,5157.4000,5156.2000,5156.0000,5155.0000,5154.4000,5158.4000,5158.8000,5159.0000,5159.2000,5159.8000,1,1,2,1,1,2,1,4,1,2
SF,IC2006,2019-12-31 09:33:43.800,5157.4000,35120,-1,482280560.000,1,0,1,双平,S,5156.2000,5156.0000,5155.0000,5154.4000,5154.2000,5157.4000,5158.4000,5158.8000,5159.0000,5159.2000,1,2,1,1,1,3,1,1,4,1
SF,IC2006,2019-12-31 09:33:44.300,5157.4000,35119,-1,483312040.000,1,0,1,双平,S,5156.4000,5156.2000,5156.0000,5155.2000,5155.0000,5157.4000,5158.4000,5158.8000,5159.0000,5159.8000,1,1,2,1,1,2,1,1,4,2
SF,IC2006,2019-12-31 09:33:44.800,5156.4000,35118,-1,484343320.000,1,0,1,双平,S,5156.2000,5156.0000,5155.2000,5155.0000,5154.4000,5157.4000,5158.4000,5158.8000,5159.0000,5159.8000,1,2,1,1,1,2,1,1,4,2
SF,IC2006,2019-12-31 09:33:45.300,5156.4000,35118,0,484343320.000,0,-,-,-,-,5156.2000,5156.0000,5155.2000,5155.0000,5154.4000,5157.2000,5157.4000,5158.4000,5158.8000,5159.0000,1,2,1,1,1,1,2,1,1,5
SF,IC2006,2019-12-31 09:33:45.800,5156.2000,35118,0,485374560.000,1,0,1,多换,S,5156.0000,5155.2000,5155.0000,5154.4000,5154.2000,5157.2000,5157.4000,5158.4000,5158.8000,5159.0000,2,1,1,1,1,1,2,2,1,5
SF,IC2006,2019-12-31 09:33:46.300,5156.0000,35118,0,486405760.000,1,0,1,多换,S,5156.0000,5155.2000,5155.0000,5154.4000,5154.2000,5157.2000,5157.4000,5158.4000,5158.8000,5159.0000,1,1,1,1,1,1,2,2,1,5
SF,IC2006,2019-12-31 09:33:46.800,5156.0000,35118,0,486405760.000,0,-,-,-,-,5156.0000,5155.2000,5155.0000,5154.2000,5154.0000,5157.2000,5157.4000,5158.4000,5158.8000,5159.0000,1,1,1,1,1,1,2,2,1,4
SF,IC2006,2019-12-31 09:33:47.800,5156.0000,35118,0,488468160.000,2,1,1,多换,S,5155.2000,5155.0000,5154.2000,5154.0000,5153.8000,5157.0000,5157.2000,5158.4000,5158.8000,5159.0000,1,1,1,1,1,1,1,1,1,4
SF,IC2006,2019-12-31 09:33:48.300,5156.0000,35118,0,488468160.000,0,-,-,-,-,5155.2000,5155.0000,5154.2000,5154.0000,5153.8000,5156.8000,5157.0000,5158.4000,5158.8000,5159.0000,1,1,1,1,1,2,1,1,1,4
SF,IC2006,2019-12-31 09:33:49.800,5155.2000,35117,-1,489499200.000,1,0,1,双平,S,5155.0000,5154.2000,5154.0000,5153.8000,5151.8000,5156.8000,5157.0000,5158.8000,5159.0000,5159.8000,1,1,1,1,2,2,2,1,4,2
SF,IC2006,2019-12-31 09:33:50.300,5156.8000,35117,0,490530560.000,1,0,1,多换,S,5155.0000,5154.2000,5154.0000,5153.8000,5151.8000,5156.8000,5157.0000,5158.8000,5159.0000,5159.8000,1,1,1,1,2,1,2,1,4,2
SF,IC2006,2019-12-31 09:33:50.800,5156.8000,35117,0,490530560.000,0,-,-,-,-,5155.2000,5155.0000,5154.2000,5154.0000,5153.8000,5156.8000,5157.0000,5158.8000,5159.0000,5159.8000,1,1,1,1,1,1,2,1,4,2
SF,IC2006,2019-12-31 09:33:51.300,5156.8000,35117,0,490530560.000,0,-,-,-,-,5155.0000,5154.2000,5154.0000,5153.8000,5151.8000,5156.6000,5156.8000,5157.0000,5158.8000,5159.0000,1,1,1,1,2,1,1,1,1,4
SF,IC2006,2019-12-31 09:33:51.800,5156.8000,35117,0,491561920.000,1,0,1,多换,S,5155.0000,5154.2000,5154.0000,5153.8000,5151.8000,5156.6000,5157.0000,5158.8000,5159.0000,5159.8000,1,1,1,1,2,1,1,1,4,2
SF,IC2006,2019-12-31 09:33:52.300,5156.8000,35117,0,491561920.000,0,-,-,-,-,5155.2000,5155.0000,5154.2000,5154.0000,5153.8000,5157.0000,5157.6000,5158.8000,5159.0000,5159.8000,1,1,1,1,1,1,1,1,4,2
SF,IC2006,2019-12-31 09:33:52.800,5156.8000,35117,0,491561920.000,0,-,-,-,-,5155.2000,5155.0000,5154.2000,5154.0000,5153.8000,5156.2000,5156.8000,5157.0000,5158.8000,5159.0000,1,1,1,1,1,1,1,1,1,4
SF,IC2006,2019-12-31 09:33:53.300,5156.8000,35117,0,491561920.000,0,-,-,-,-,5155.2000,5155.0000,5154.2000,5154.0000,5153.8000,5156.8000,5157.0000,5157.6000,5158.8000,5159.0000,1,1,1,1,1,1,1,1,1,4
SF,IC2006,2019-12-31 09:33:53.800,5156.8000,35117,0,491561920.000,0,-,-,-,-,5155.2000,5155.0000,5154.2000,5154.0000,5153.8000,5156.6000,5156.8000,5157.0000,5157.6000,5158.8000,1,1,1,1,1,1,1,1,1,1
SF,IC2006,2019-12-31 09:33:54.300,5156.8000,35117,0,491561920.000,0,-,-,-,-,5155.2000,5155.0000,5154.2000,5154.0000,5153.8000,5156.6000,5156.8000,5157.0000,5157.6000,5158.8000,1,1,1,1,1,2,1,1,1,1
SF,IC2006,2019-12-31 09:33:54.800,5156.8000,35117,0,491561920.000,0,-,-,-,-,5155.2000,5155.0000,5154.2000,5154.0000,5153.8000,5156.6000,5157.0000,5157.6000,5158.8000,5159.0000,1,1,1,1,1,2,1,1,1,4
SF,IC2006,2019-12-31 09:33:55.300,5156.8000,35117,0,492593280.000,1,0,1,多换,S,5156.8000,5155.2000,5155.0000,5154.2000,5154.0000,5157.0000,5157.6000,5158.8000,5159.0000,5159.8000,2,1,1,1,1,1,1,1,4,2
SF,IC2006,2019-12-31 09:33:55.800,5156.6000,35117,0,495687320.000,3,1,2,多换,S,5155.2000,5155.0000,5154.2000,5154.0000,5153.8000,5156.8000,5157.0000,5157.6000,5158.8000,5159.0000,1,1,1,1,1,1,1,1,1,4
SF,IC2006,2019-12-31 09:33:56.300,5156.6000,35117,0,495687320.000,0,-,-,-,-,5155.2000,5155.0000,5154.2000,5154.0000,5153.8000,5156.8000,5157.0000,5157.6000,5158.8000,5159.0000,1,1,1,1,1,1,1,1,1,4
SF,IC2006,2019-12-31 09:33:57.300,5156.6000,35117,0,495687320.000,0,-,-,-,-,5155.2000,5155.0000,5154.2000,5154.0000,5153.8000,5156.6000,5156.8000,5157.0000,5157.6000,5158.8000,1,1,1,1,1,1,1,1,1,1
SF,IC2006,2019-12-31 09:33:58.800,5156.6000,35117,0,496718640.000,1,0,1,多换,S,5155.2000,5155.0000,5154.2000,5154.0000,5153.8000,5156.4000,5156.8000,5157.6000,5158.8000,5159.0000,1,1,1,1,1,1,1,1,1,4
SF,IC2006,2019-12-31 09:33:59.300,5156.6000,35117,0,496718640.000,0,-,-,-,-,5155.2000,5155.0000,5154.2000,5154.0000,5153.8000,5156.4000,5156.8000,5157.6000,5158.8000,5159.0000,1,1,1,1,1,1,1,1,1,4
SF,IC2006,2019-12-31 09:34:01.800,5155.2000,35116,-1,497749680.000,1,0,1,双平,S,5155.0000,5154.2000,5154.0000,5153.8000,5151.8000,5156.4000,5156.8000,5157.6000,5158.8000,5159.0000,1,1,1,1,2,1,1,1,1,4
SF,IC2006,2019-12-31 09:34:02.300,5155.2000,35116,0,497749680.000,0,-,-,-,-,5155.2000,5155.0000,5154.2000,5154.0000,5153.8000,5156.2000,5156.4000,5156.8000,5157.6000,5158.8000,1,1,1,1,1,1,1,1,1,1
SF,IC2006,2019-12-31 09:34:02.800,5155.2000,35116,0,497749680.000,0,-,-,-,-,5155.2000,5155.0000,5154.2000,5154.0000,5153.8000,5156.2000,5156.4000,5157.6000,5158.8000,5159.0000,1,1,1,1,1,1,1,1,1,4
SF,IC2006,2019-12-31 09:34:03.300,5156.4000,35116,0,500843400.000,3,1,2,多换,S,5155.2000,5155.0000,5154.2000,5154.0000,5153.8000,5156.0000,5158.8000,5159.0000,5159.8000,5160.0000,1,1,1,1,1,1,1,4,2,5
SF,IC2006,2019-12-31 09:34:03.800,5156.0000,35116,0,502905800.000,2,1,1,多换,S,5156.0000,5155.2000,5155.0000,5154.2000,5154.0000,5156.8000,5158.8000,5159.0000,5159.8000,5160.0000,4,1,1,1,1,1,1,4,2,5
SF,IC2006,2019-12-31 09:34:04.300,5156.0000,35116,0,503937000.000,1,0,1,多换,S,5156.0000,5155.2000,5155.0000,5154.2000,5154.0000,5156.6000,5156.8000,5158.8000,5159.0000,5159.8000,3,1,1,1,1,1,1,1,4,2
SF,IC2006,2019-12-31 09:34:04.800,5156.0000,35116,0,504968200.000,1,0,1,多换,S,5156.2000,5156.0000,5155.0000,5154.2000,5154.0000,5156.6000,5156.8000,5158.8000,5159.0000,5159.8000,1,3,1,1,1,1,1,1,4,2
SF,IC2006,2019-12-31 09:34:05.300,5156.0000,35116,0,509093040.000,4,2,2,多换,S,5155.0000,5154.4000,5154.2000,5154.0000,5153.8000,5156.6000,5156.8000,5158.8000,5159.0000,5159.8000,1,1,1,1,1,1,1,1,4,2
SF,IC2006,2019-12-31 09:34:05.800,5156.6000,35116,0,511155680.000,2,1,1,多换,S,5156.6000,5155.8000,5155.2000,5155.0000,5154.2000,5156.8000,5158.8000,5159.0000,5159.8000,5160.0000,1,1,1,1,1,1,1,4,2,5
SF,IC2006,2019-12-31 09:34:06.300,5156.8000,35117,1,515281000.000,4,2,2,空开,S,5156.8000,5155.8000,5155.2000,5155.0000,5154.2000,5158.8000,5159.0000,5159.8000,5160.0000,5163.0000,1,1,1,1,1,1,4,2,5,1
SF,IC2006,2019-12-31 09:34:06.800,5156.8000,35117,0,517343720.000,2,1,1,多换,S,5155.8000,5155.2000,5155.0000,5154.2000,5154.0000,5156.8000,5158.4000,5158.6000,5158.8000,5159.0000,1,1,1,1,1,2,2,2,1,4
SF,IC2006,2019-12-31 09:34:07.300,5156.6000,35117,0,519406360.000,2,1,1,多换,S,5155.8000,5155.2000,5155.0000,5154.2000,5154.0000,5156.8000,5158.4000,5158.6000,5158.8000,5159.0000,1,1,1,1,1,2,2,2,1,4
SF,IC2006,2019-12-31 09:34:07.800,5156.6000,35117,0,519406360.000,0,-,-,-,-,5156.0000,5155.8000,5155.0000,5154.2000,5154.0000,5156.6000,5156.8000,5158.2000,5158.4000,5158.6000,2,1,1,1,1,1,1,1,2,2
SF,IC2006,2019-12-31 09:34:08.300,5156.6000,35117,0,519406360.000,0,-,-,-,-,5156.0000,5155.8000,5155.0000,5154.2000,5154.0000,5156.6000,5156.8000,5158.2000,5158.4000,5158.6000,1,1,2,1,1,1,1,1,2,2
SF,IC2006,2019-12-31 09:34:08.800,5155.8000,35116,-1,521468720.000,2,0,2,多平,S,5155.0000,5154.2000,5154.0000,5153.8000,5151.8000,5156.0000,5156.2000,5156.8000,5158.2000,5158.4000,2,1,1,1,2,1,1,1,1,2
SF,IC2006,2019-12-31 09:34:09.300,5156.2000,35116,0,524562400.000,3,1,2,多换,S,5156.6000,5155.2000,5155.0000,5154.2000,5154.0000,5156.8000,5158.2000,5158.4000,5158.6000,5158.8000,5,1,2,1,1,1,1,2,1,1
SF,IC2006,2019-12-31 09:34:09.800,5156.6000,35117,1,529719000.000,5,3,2,空开,S,5155.2000,5155.0000,5154.2000,5154.0000,5153.8000,5156.4000,5156.8000,5158.2000,5158.4000,5158.8000,1,2,1,1,1,1,1,1,2,1
SF,IC2006,2019-12-31 09:34:10.300,5156.6000,35117,0,530750320.000,1,0,1,多换,S,5156.0000,5155.2000,5155.0000,5154.2000,5154.0000,5156.4000,5156.8000,5158.2000,5158.4000,5158.8000,6,1,2,1,1,1,1,1,2,1
SF,IC2006,2019-12-31 09:34:10.800,5156.4000,35116,-1,531781600.000,1,0,1,双平,S,5156.4000,5156.0000,5155.2000,5155.0000,5154.2000,5158.2000,5158.4000,5158.8000,5159.0000,5159.8000,1,6,1,2,1,1,2,1,4,2
SF,IC2006,2019-12-31 09:34:11.300,5156.4000,35116,0,531781600.000,0,-,-,-,-,5156.0000,5155.2000,5155.0000,5154.2000,5154.0000,5157.8000,5158.0000,5158.4000,5158.8000,5159.0000,6,1,2,1,1,1,1,2,1,4
SF,IC2006,2019-12-31 09:34:11.800,5156.4000,35116,0,531781600.000,0,-,-,-,-,5156.2000,5156.0000,5155.0000,5154.2000,5154.0000,5157.4000,5157.6000,5157.8000,5158.4000,5158.8000,1,6,2,1,1,1,1,1,2,1
SF,IC2006,2019-12-31 09:34:12.300,5156.4000,35116,0,531781600.000,0,-,-,-,-,5156.2000,5156.0000,5155.0000,5154.2000,5154.0000,5156.4000,5157.0000,5157.4000,5157.8000,5158.4000,1,6,2,1,1,1,1,1,1,2
SF,IC2006,2019-12-31 09:34:12.800,5156.4000,35115,-1,532812880.000,1,0,1,双平,S,5156.4000,5156.0000,5155.8000,5155.0000,5154.2000,5157.0000,5157.4000,5157.8000,5158.4000,5158.8000,1,6,2,2,1,1,1,1,2,1
SF,IC2006,2019-12-31 09:34:13.300,5156.4000,35115,0,532812880.000,0,-,-,-,-,5156.4000,5155.8000,5155.0000,5154.2000,5154.0000,5157.0000,5157.4000,5157.8000,5158.4000,5158.8000,7,2,2,1,1,1,1,1,2,1
SF,IC2006,2019-12-31 09:34:13.800,5156.4000,35114,-1,533844160.000,1,0,1,双平,S,5156.4000,5155.8000,5155.0000,5154.2000,5154.0000,5157.0000,5157.8000,5158.4000,5158.8000,5159.0000,6,2,2,1,1,1,1,2,1,4
SF,IC2006,2019-12-31 09:34:14.300,5157.0000,35114,0,534875560.000,1,0,1,多换,S,5156.6000,5156.4000,5155.8000,5155.0000,5154.2000,5157.8000,5158.4000,5158.8000,5159.0000,5159.8000,1,6,2,2,1,1,2,1,4,2
SF,IC2006,2019-12-31 09:34:14.800,5157.0000,35114,0,534875560.000,0,-,-,-,-,5156.6000,5156.4000,5155.8000,5155.0000,5154.2000,5157.2000,5157.8000,5158.4000,5158.8000,5159.0000,1,6,2,2,1,2,1,2,1,4
SF,IC2006,2019-12-31 09:34:15.300,5156.4000,35113,-1,536938160.000,2,0,2,多平,S,5156.4000,5155.8000,5155.0000,5154.2000,5154.0000,5156.6000,5156.8000,5157.2000,5157.8000,5158.4000,5,2,2,1,1,1,1,2,1,2
SF,IC2006,2019-12-31 09:34:15.800,5156.4000,35113,0,537969440.000,1,0,1,多换,S,5156.4000,5155.8000,5155.0000,5154.2000,5154.0000,5157.0000,5157.2000,5157.8000,5158.4000,5158.8000,4,2,2,1,1,1,2,1,2,1
SF,IC2006,2019-12-31 09:34:16.300,5156.4000,35113,0,537969440.000,0,-,-,-,-,5156.4000,5155.8000,5155.0000,5154.2000,5154.0000,5157.0000,5157.2000,5157.8000,5158.4000,5158.8000,4,2,2,1,1,1,2,1,2,1
SF,IC2006,2019-12-31 09:34:16.800,5156.4000,35113,0,537969440.000,0,-,-,-,-,5156.4000,5155.8000,5155.0000,5154.2000,5154.0000,5157.0000,5157.2000,5157.8000,5158.4000,5158.8000,4,2,2,1,1,1,2,1,2,1
SF,IC2006,2019-12-31 09:34:17.300,5156.4000,35114,1,541063280.000,3,2,1,空开,S,5155.8000,5155.0000,5154.2000,5154.0000,5153.8000,5156.6000,5157.0000,5157.2000,5157.8000,5158.4000,2,2,1,1,1,1,1,2,1,2
SF,IC2006,2019-12-31 09:34:17.800,5157.0000,35114,0,543126000.000,2,1,1,多换,S,5156.0000,5155.0000,5154.2000,5154.0000,5153.8000,5157.2000,5157.8000,5158.4000,5158.8000,5159.0000,2,2,1,1,1,2,1,2,1,4
SF,IC2006,2019-12-31 09:34:18.300,5157.0000,35114,0,543126000.000,0,-,-,-,-,5156.0000,5155.0000,5154.2000,5154.0000,5153.8000,5156.8000,5157.2000,5157.8000,5158.4000,5158.8000,2,2,1,1,1,1,2,1,2,1
SF,IC2006,2019-12-31 09:34:20.300,5156.8000,35114,0,544157360.000,1,0,1,多换,S,5156.8000,5156.0000,5155.0000,5154.2000,5154.0000,5157.2000,5157.8000,5158.4000,5158.8000,5159.0000,3,2,2,1,1,2,1,2,1,4
SF,IC2006,2019-12-31 09:34:20.800,5156.8000,35114,0,547251440.000,3,1,2,多换,S,5156.0000,5155.0000,5154.2000,5154.0000,5153.8000,5157.2000,5157.8000,5158.4000,5158.8000,5159.0000,2,2,1,1,1,2,1,2,1,4
SF,IC2006,2019-12-31 09:34:21.300,5156.0000,35112,-2,549313840.000,2,0,2,双平,S,5155.0000,5154.2000,5154.0000,5153.8000,5151.8000,5157.0000,5157.2000,5158.4000,5158.8000,5159.0000,2,1,1,1,2,5,2,2,1,4
SF,IC2006,2019-12-31 09:34:21.800,5156.8000,35112,0,550345200.000,1,0,1,多换,S,5155.2000,5155.0000,5154.2000,5154.0000,5153.8000,5156.8000,5157.0000,5157.2000,5158.4000,5158.8000,1,2,1,1,1,1,5,2,2,1
SF,IC2006,2019-12-31 09:34:22.800,5156.8000,35112,0,550345200.000,0,-,-,-,-,5155.4000,5155.2000,5155.0000,5154.2000,5154.0000,5156.8000,5157.0000,5157.2000,5158.4000,5158.8000,1,1,2,1,1,1,5,2,2,1
SF,IC2006,2019-12-31 09:34:23.300,5156.8000,35112,0,550345200.000,0,-,-,-,-,5155.6000,5155.4000,5155.0000,5154.2000,5154.0000,5156.8000,5157.0000,5157.2000,5158.4000,5158.8000,1,1,2,1,1,1,6,2,2,1
SF,IC2006,2019-12-31 09:34:23.800,5156.8000,35112,0,550345200.000,0,-,-,-,-,5155.4000,5155.0000,5154.2000,5154.0000,5153.8000,5156.8000,5157.0000,5157.2000,5158.4000,5158.8000,1,2,1,1,1,1,6,2,2,1
SF,IC2006,2019-12-31 09:34:24.300,5156.8000,35112,0,550345200.000,0,-,-,-,-,5155.0000,5154.2000,5154.0000,5153.8000,5151.8000,5156.8000,5157.0000,5157.2000,5158.4000,5158.8000,2,1,1,1,2,1,6,2,2,1
SF,IC2006,2019-12-31 09:34:24.800,5156.8000,35112,0,550345200.000,0,-,-,-,-,5156.0000,5155.2000,5155.0000,5154.2000,5154.0000,5156.8000,5157.0000,5157.2000,5158.4000,5158.8000,1,1,4,1,1,1,6,2,2,1
SF,IC2006,2019-12-31 09:34:25.300,5156.0000,35112,0,551376400.000,1,0,1,多换,S,5155.2000,5155.0000,5154.2000,5154.0000,5153.8000,5156.8000,5157.0000,5157.2000,5158.4000,5158.8000,1,4,1,1,1,1,6,2,2,1
SF,IC2006,2019-12-31 09:34:25.800,5156.0000,35112,0,551376400.000,0,-,-,-,-,5155.4000,5155.2000,5155.0000,5154.2000,5154.0000,5156.8000,5157.0000,5157.2000,5158.4000,5158.8000,1,1,4,1,1,2,6,2,2,1
SF,IC2006,2019-12-31 09:34:26.300,5156.0000,35112,0,551376400.000,0,-,-,-,-,5155.6000,5155.4000,5155.0000,5154.2000,5154.0000,5156.8000,5157.0000,5157.2000,5158.4000,5158.8000,1,1,4,1,1,2,6,2,2,1
SF,IC2006,2019-12-31 09:34:26.800,5156.0000,35112,0,551376400.000,0,-,-,-,-,5155.6000,5155.4000,5155.0000,5154.2000,5154.0000,5156.8000,5157.0000,5157.2000,5158.4000,5158.8000,1,1,4,1,1,2,6,2,2,1
SF,IC2006,2019-12-31 09:34:27.300,5156.8000,35112,0,553439120.000,2,1,1,多换,S,5156.8000,5155.0000,5154.2000,5154.0000,5153.8000,5157.0000,5157.2000,5158.4000,5158.8000,5159.0000,1,4,1,1,1,6,2,1,1,4
SF,IC2006,2019-12-31 09:34:27.800,5156.8000,35112,0,554470480.000,1,0,1,多换,S,5155.0000,5154.2000,5154.0000,5153.8000,5151.8000,5156.8000,5157.0000,5157.2000,5158.4000,5158.8000,4,1,1,1,2,2,6,2,1,1
SF,IC2006,2019-12-31 09:34:28.300,5156.8000,35112,0,554470480.000,0,-,-,-,-,5155.2000,5155.0000,5154.2000,5154.0000,5153.8000,5156.8000,5157.0000,5157.2000,5158.4000,5158.8000,2,4,1,1,1,2,6,2,1,1
SF,IC2006,2019-12-31 09:34:30.300,5156.8000,35112,0,554470480.000,0,-,-,-,-,5155.2000,5155.0000,5154.2000,5154.0000,5153.8000,5156.6000,5156.8000,5157.0000,5157.2000,5158.4000,2,4,1,1,1,1,2,6,2,1
SF,IC2006,2019-12-31 09:34:31.300,5156.6000,35112,0,555501800.000,1,0,1,多换,S,5155.2000,5155.0000,5154.2000,5154.0000,5153.8000,5156.8000,5157.0000,5157.2000,5158.4000,5158.8000,1,4,1,1,1,2,6,2,1,1
SF,IC2006,2019-12-31 09:34:32.300,5156.8000,35112,0,556533160.000,1,0,1,多换,S,5155.2000,5155.0000,5154.2000,5154.0000,5153.8000,5156.8000,5157.0000,5157.2000,5158.4000,5158.8000,1,4,1,1,1,1,6,2,1,1
SF,IC2006,2019-12-31 09:34:32.800,5155.2000,35110,-2,558595280.000,2,0,2,双平,S,5155.0000,5154.2000,5154.0000,5153.8000,5151.8000,5155.2000,5157.0000,5157.2000,5158.4000,5158.8000,4,1,1,1,2,1,6,2,1,1
SF,IC2006,2019-12-31 09:34:33.300,5155.2000,35109,-1,559626320.000,1,0,1,双平,S,5155.2000,5155.0000,5154.2000,5154.0000,5153.8000,5157.0000,5157.2000,5158.4000,5158.8000,5159.0000,4,4,1,1,1,6,2,1,1,4
SF,IC2006,2019-12-31 09:34:33.800,5155.2000,35109,0,559626320.000,0,-,-,-,-,5155.4000,5155.2000,5155.0000,5154.2000,5154.0000,5156.8000,5157.0000,5157.2000,5158.4000,5158.8000,1,4,4,1,1,1,6,2,1,1
SF,IC2006,2019-12-31 09:34:34.300,5155.2000,35109,0,559626320.000,0,-,-,-,-,5155.4000,5155.2000,5155.0000,5154.2000,5154.0000,5157.0000,5157.2000,5158.4000,5158.8000,5159.0000,1,4,4,1,1,6,2,1,1,4
SF,IC2006,2019-12-31 09:34:34.800,5155.2000,35109,0,559626320.000,0,-,-,-,-,5155.4000,5155.2000,5155.0000,5154.2000,5154.0000,5156.8000,5157.0000,5157.2000,5158.4000,5158.8000,1,4,4,1,1,1,6,2,1,1
SF,IC2006,2019-12-31 09:34:35.300,5155.2000,35109,0,559626320.000,0,-,-,-,-,5155.4000,5155.2000,5155.0000,5154.2000,5154.0000,5156.8000,5157.0000,5157.2000,5158.4000,5158.8000,1,3,4,1,1,1,6,2,1,1
SF,IC2006,2019-12-31 09:34:37.300,5155.2000,35109,0,559626320.000,0,-,-,-,-,5155.4000,5155.2000,5155.0000,5154.2000,5154.0000,5156.8000,5157.0000,5157.2000,5158.4000,5158.8000,1,3,4,1,1,1,6,2,1,1
SF,IC2006,2019-12-31 09:34:37.800,5155.2000,35109,0,559626320.000,0,-,-,-,-,5155.4000,5155.2000,5155.0000,5154.2000,5154.0000,5156.8000,5157.0000,5157.2000,5158.4000,5158.8000,1,3,4,1,1,2,6,2,1,1
SF,IC2006,2019-12-31 09:34:38.300,5155.2000,35109,0,559626320.000,0,-,-,-,-,5155.4000,5155.2000,5155.0000,5154.2000,5154.0000,5156.8000,5157.0000,5157.2000,5158.4000,5158.8000,1,3,4,1,1,1,6,2,1,1
SF,IC2006,2019-12-31 09:34:38.800,5157.0000,35110,1,561689080.000,2,1,1,空开,S,5155.4000,5155.2000,5155.0000,5154.2000,5154.0000,5157.0000,5157.2000,5158.4000,5158.8000,5159.0000,1,3,4,1,1,5,2,1,1,4
SF,IC2006,2019-12-31 09:34:39.300,5157.0000,35110,0,561689080.000,0,-,-,-,-,5155.4000,5155.2000,5155.0000,5154.2000,5154.0000,5157.0000,5157.2000,5158.4000,5158.8000,5159.0000,2,3,4,1,1,5,2,1,1,4
SF,IC2006,2019-12-31 09:34:39.800,5157.0000,35110,0,565814680.000,4,2,2,多换,S,5155.4000,5155.2000,5155.0000,5154.2000,5154.0000,5157.0000,5157.2000,5158.4000,5158.8000,5159.0000,2,3,4,1,1,1,2,1,1,4
SF,IC2006,2019-12-31 09:34:40.300,5157.0000,35109,-1,566846080.000,1,0,1,双平,S,5155.4000,5155.2000,5155.0000,5154.2000,5154.0000,5157.2000,5158.4000,5158.8000,5159.0000,5159.8000,2,3,4,1,1,2,1,1,4,2
SF,IC2006,2019-12-31 09:34:40.800,5157.0000,35109,0,566846080.000,0,-,-,-,-,5155.6000,5155.4000,5155.2000,5155.0000,5154.2000,5157.2000,5158.4000,5158.8000,5159.0000,5159.8000,1,2,3,4,1,2,1,1,4,2
SF,IC2006,2019-12-31 09:34:41.300,5157.0000,35109,0,566846080.000,0,-,-,-,-,5155.8000,5155.6000,5155.4000,5155.2000,5155.0000,5157.2000,5158.8000,5159.0000,5159.8000,5160.0000,1,1,1,3,4,2,1,4,2,5
SF,IC2006,2019-12-31 09:34:42.800,5157.0000,35109,0,566846080.000,0,-,-,-,-,5155.8000,5155.6000,5155.4000,5155.2000,5155.0000,5157.2000,5158.8000,5159.0000,5159.8000,5160.0000,1,1,1,2,4,2,1,4,2,5
