市场代码,合约代码,时间,最新,持仓,增仓,成交额,成交量,开仓,平仓,成交类型,方向,买一价,买二价,买三价,买四价,买五价,卖一价,卖二价,卖三价,卖四价,卖五价,买一量,买二量,买三量,买四量,买五量,卖一量,卖二量,卖三量,卖四量,卖五量
SF,IC2006,2019-11-13 09:29:00.400,4609.2000,10265,0,921840.000,1.000,-,-,-,-,4605.0000,4601.0000,4593.8000,4580.0000,4577.2000,4616.4000,4616.8000,4622.0000,4624.0000,4624.4000,1,1,1,1,1,5,1,4,1,5
SF,IC2006,2019-11-13 09:30:00.400,4609.2000,10265,0,921840.000,0,-,-,-,-,4605.0000,4601.0000,4580.0000,4577.2000,4576.2000,4609.2000,4610.0000,4612.4000,4613.8000,4616.2000,1,1,1,1,1,1,2,1,1,1
SF,IC2006,2019-11-13 09:30:00.900,4609.2000,10264,-1,1843680.000,1,0,1,双平,S,4601.0000,4580.0000,4577.2000,4576.2000,4573.2000,4608.8000,4612.4000,4613.8000,4616.4000,4616.8000,1,1,1,1,1,1,1,1,5,1
SF,IC2006,2019-11-13 09:30:01.400,4609.2000,10264,0,1843680.000,0,-,-,-,-,4604.6000,4601.0000,4599.4000,4580.0000,4577.2000,4608.8000,4612.4000,4613.8000,4616.4000,4616.8000,1,1,5,1,1,1,1,1,5,6
SF,IC2006,2019-11-13 09:30:02.400,4609.2000,10264,0,1843680.000,0,-,-,-,-,4604.6000,4601.0000,4599.4000,4580.0000,4577.2000,4608.8000,4612.4000,4613.8000,4616.4000,4616.8000,1,1,5,1,1,1,1,1,5,6
SF,IC2006,2019-11-13 09:30:02.900,4609.2000,10264,0,1843680.000,0,-,-,-,-,4604.6000,4601.0000,4599.4000,4597.0000,4580.0000,4608.8000,4612.4000,4613.8000,4616.4000,4616.8000,1,1,5,1,1,1,1,1,5,6
SF,IC2006,2019-11-13 09:30:04.900,4609.2000,10264,0,1843680.000,0,-,-,-,-,4604.6000,4601.0000,4599.4000,4597.0000,4580.0000,4608.8000,4612.4000,4613.8000,4616.2000,4616.4000,1,1,5,1,1,1,1,1,1,5
SF,IC2006,2019-11-13 09:30:05.400,4609.2000,10264,0,1843680.000,0,-,-,-,-,4601.0000,4597.0000,4593.6000,4580.0000,4577.2000,4607.2000,4608.6000,4608.8000,4613.8000,4614.0000,1,1,5,1,1,1,1,3,1,1
SF,IC2006,2019-11-13 09:30:05.900,4609.2000,10264,0,1843680.000,0,-,-,-,-,4604.6000,4602.0000,4601.0000,4597.0000,4593.6000,4613.8000,4614.0000,4616.2000,4616.4000,4616.8000,1,1,1,1,5,1,1,1,5,5
SF,IC2006,2019-11-13 09:30:06.400,4609.2000,10264,0,1843680.000,0,-,-,-,-,4601.0000,4597.0000,4593.6000,4580.0000,4577.2000,4610.0000,4612.4000,4612.8000,4613.4000,4613.6000,1,1,5,1,1,2,1,2,1,3
SF,IC2006,2019-11-13 09:30:06.900,4609.2000,10264,0,1843680.000,0,-,-,-,-,4601.0000,4597.0000,4593.6000,4580.0000,4577.2000,4609.0000,4609.8000,4610.0000,4612.4000,4612.8000,1,1,5,1,1,1,1,2,1,2
SF,IC2006,2019-11-13 09:30:07.400,4609.2000,10264,0,1843680.000,0,-,-,-,-,4601.0000,4597.0000,4593.6000,4580.0000,4577.2000,4607.2000,4608.8000,4609.0000,4610.0000,4612.8000,1,1,5,1,1,1,1,1,2,2
SF,IC2006,2019-11-13 09:30:07.900,4609.2000,10264,0,1843680.000,0,-,-,-,-,4601.8000,4601.0000,4597.0000,4593.6000,4580.0000,4607.2000,4609.0000,4610.0000,4613.4000,4613.8000,1,1,1,5,1,1,1,2,1,1
SF,IC2006,2019-11-13 09:30:08.900,4609.2000,10264,0,1843680.000,0,-,-,-,-,4601.8000,4601.0000,4597.0000,4593.6000,4580.0000,4606.0000,4607.2000,4609.0000,4610.0000,4613.4000,1,1,1,5,1,4,1,1,2,1
SF,IC2006,2019-11-13 09:30:09.900,4609.2000,10264,0,1843680.000,0,-,-,-,-,4601.8000,4601.0000,4597.0000,4593.6000,4580.0000,4605.6000,4606.0000,4607.2000,4609.0000,4610.0000,1,1,1,5,1,1,4,1,1,2
SF,IC2006,2019-11-13 09:30:10.400,4609.2000,10264,0,1843680.000,0,-,-,-,-,4601.8000,4601.0000,4597.0000,4593.6000,4580.0000,4605.4000,4605.6000,4606.0000,4607.2000,4609.0000,1,1,1,5,1,1,1,4,1,1
SF,IC2006,2019-11-13 09:30:10.900,4601.8000,10263,-1,2764040.000,1,0,1,双平,S,4601.0000,4597.0000,4593.6000,4580.0000,4577.2000,4605.0000,4605.4000,4605.6000,4606.0000,4607.2000,1,1,5,1,1,2,1,1,4,1
SF,IC2006,2019-11-13 09:30:11.400,4601.8000,10263,0,2764040.000,0,-,-,-,-,4601.0000,4597.0000,4593.6000,4580.0000,4577.2000,4604.8000,4605.6000,4606.0000,4607.2000,4607.4000,1,1,5,1,1,1,1,4,1,1
SF,IC2006,2019-11-13 09:30:11.900,4601.8000,10263,0,2764040.000,0,-,-,-,-,4601.0000,4597.0000,4593.6000,4580.0000,4577.2000,4604.8000,4605.0000,4605.6000,4606.0000,4607.2000,1,1,5,1,1,1,1,1,4,1
SF,IC2006,2019-11-13 09:30:12.400,4601.8000,10263,0,2764040.000,0,-,-,-,-,4601.0000,4597.0000,4593.6000,4580.0000,4577.2000,4605.6000,4606.0000,4607.2000,4607.4000,4609.0000,1,1,5,1,1,1,4,1,1,1
SF,IC2006,2019-11-13 09:30:12.900,4601.8000,10263,0,2764040.000,0,-,-,-,-,4601.0000,4597.0000,4593.6000,4580.0000,4577.2000,4605.4000,4605.6000,4606.0000,4607.2000,4607.4000,1,1,5,1,1,1,1,4,1,1
SF,IC2006,2019-11-13 09:30:13.400,4601.8000,10263,0,2764040.000,0,-,-,-,-,4601.0000,4597.0000,4593.6000,4580.0000,4577.2000,4605.4000,4606.0000,4607.2000,4607.4000,4609.0000,1,1,5,1,1,1,4,1,1,1
SF,IC2006,2019-11-13 09:30:14.400,4601.8000,10263,0,2764040.000,0,-,-,-,-,4601.0000,4597.0000,4593.6000,4580.0000,4577.2000,4605.4000,4606.0000,4607.2000,4607.4000,4613.8000,1,1,5,1,1,1,4,1,1,1
SF,IC2006,2019-11-13 09:30:14.900,4601.8000,10263,0,2764040.000,0,-,-,-,-,4601.0000,4597.0000,4593.6000,4580.0000,4577.2000,4605.4000,4606.0000,4607.2000,4613.8000,4614.0000,1,1,5,1,1,1,4,1,1,1
SF,IC2006,2019-11-13 09:30:22.900,4601.8000,10263,0,2764040.000,0,-,-,-,-,4601.0000,4597.0000,4595.8000,4593.6000,4580.0000,4605.4000,4606.0000,4613.8000,4614.0000,4616.2000,1,1,1,5,1,1,4,1,1,1
SF,IC2006,2019-11-13 09:30:23.400,4601.8000,10263,0,2764040.000,0,-,-,-,-,4601.2000,4601.0000,4597.0000,4595.8000,4593.6000,4605.4000,4606.0000,4613.8000,4614.0000,4616.2000,1,1,1,1,5,1,4,1,1,1
SF,IC2006,2019-11-13 09:30:23.900,4601.8000,10263,0,2764040.000,0,-,-,-,-,4601.2000,4601.0000,4597.0000,4595.8000,4593.6000,4605.4000,4606.0000,4613.8000,4614.0000,4616.2000,1,1,1,1,5,1,4,1,1,1
SF,IC2006,2019-11-13 09:30:24.400,4601.8000,10263,0,2764040.000,0,-,-,-,-,4601.2000,4601.0000,4597.0000,4595.8000,4593.6000,4605.4000,4606.0000,4613.8000,4614.0000,4616.2000,1,1,1,1,5,1,4,1,1,1
SF,IC2006,2019-11-13 09:30:24.900,4601.8000,10263,0,2764040.000,0,-,-,-,-,4604.6000,4601.2000,4601.0000,4597.0000,4595.8000,4606.0000,4613.8000,4614.0000,4616.2000,4616.4000,1,1,1,1,1,4,1,1,1,5
SF,IC2006,2019-11-13 09:30:25.400,4601.8000,10263,0,2764040.000,0,-,-,-,-,4601.0000,4597.0000,4595.8000,4593.6000,4580.0000,4605.8000,4606.0000,4613.8000,4614.0000,4616.2000,1,1,1,5,1,1,4,1,1,1
SF,IC2006,2019-11-13 09:30:25.900,4601.8000,10263,0,2764040.000,0,-,-,-,-,4601.2000,4601.0000,4597.0000,4595.8000,4593.6000,4605.8000,4606.0000,4613.8000,4614.0000,4616.2000,2,1,1,1,5,1,4,1,1,1
SF,IC2006,2019-11-13 09:30:26.400,4601.8000,10263,0,2764040.000,0,-,-,-,-,4601.2000,4601.0000,4597.0000,4595.8000,4593.6000,4605.8000,4606.0000,4613.8000,4614.0000,4616.2000,2,1,1,1,5,1,4,1,1,1
SF,IC2006,2019-11-13 09:30:26.900,4601.8000,10263,0,2764040.000,0,-,-,-,-,4601.2000,4601.0000,4597.0000,4595.8000,4593.6000,4605.8000,4606.0000,4613.8000,4614.0000,4616.2000,2,1,1,1,5,1,4,1,1,1
SF,IC2006,2019-11-13 09:30:30.400,4601.2000,10263,0,3684280.000,1,0,1,多换,S,4601.2000,4601.0000,4597.0000,4595.8000,4593.6000,4605.8000,4606.0000,4613.8000,4614.0000,4616.2000,1,1,1,1,5,1,4,1,1,1
SF,IC2006,2019-11-13 09:30:30.900,4601.2000,10263,0,3684280.000,0,-,-,-,-,4601.0000,4597.0000,4595.8000,4593.6000,4592.0000,4605.8000,4606.0000,4613.8000,4614.0000,4616.2000,1,1,1,5,1,1,4,1,1,1
SF,IC2006,2019-11-13 09:30:31.400,4601.2000,10263,0,3684280.000,0,-,-,-,-,4601.2000,4601.0000,4597.0000,4595.8000,4593.6000,4605.8000,4606.0000,4613.8000,4614.0000,4616.2000,1,1,1,1,5,1,4,1,1,1
SF,IC2006,2019-11-13 09:30:33.400,4601.2000,10263,0,3684280.000,0,-,-,-,-,4601.2000,4601.0000,4597.0000,4595.8000,4593.6000,4605.8000,4606.0000,4610.0000,4613.8000,4614.0000,1,1,1,1,5,1,4,1,1,1
SF,IC2006,2019-11-13 09:30:33.900,4601.2000,10263,0,3684280.000,0,-,-,-,-,4601.0000,4597.0000,4595.8000,4593.6000,4592.0000,4605.8000,4606.0000,4610.0000,4613.8000,4614.0000,1,1,1,5,1,1,4,1,1,1
SF,IC2006,2019-11-13 09:30:34.400,4601.2000,10263,0,3684280.000,0,-,-,-,-,4601.0000,4597.0000,4595.8000,4593.6000,4592.0000,4605.4000,4605.8000,4606.0000,4610.0000,4613.8000,1,1,1,5,1,1,1,4,1,1
SF,IC2006,2019-11-13 09:30:34.900,4601.2000,10263,0,3684280.000,0,-,-,-,-,4601.0000,4597.0000,4595.8000,4593.6000,4592.0000,4605.2000,4605.4000,4606.0000,4610.0000,4613.8000,1,1,1,5,1,3,1,4,1,1
SF,IC2006,2019-11-13 09:30:35.900,4601.2000,10263,0,3684280.000,0,-,-,-,-,4601.0000,4597.0000,4595.8000,4593.6000,4592.0000,4605.0000,4605.2000,4606.0000,4610.0000,4613.8000,1,1,1,5,1,1,3,4,1,1
SF,IC2006,2019-11-13 09:30:36.400,4601.2000,10263,0,3684280.000,0,-,-,-,-,4601.0000,4597.0000,4595.8000,4593.6000,4592.0000,4604.8000,4605.0000,4606.0000,4610.0000,4613.8000,1,1,1,5,1,2,1,4,1,1
SF,IC2006,2019-11-13 09:30:36.900,4601.0000,10263,0,4604480.000,1,0,1,多换,S,4597.0000,4595.8000,4593.6000,4592.0000,4580.0000,4604.8000,4605.0000,4606.0000,4610.0000,4613.8000,1,1,5,1,1,2,1,4,1,1
SF,IC2006,2019-11-13 09:30:37.400,4601.0000,10263,0,4604480.000,0,-,-,-,-,4600.0000,4598.2000,4597.0000,4596.8000,4595.8000,4604.8000,4605.0000,4606.0000,4610.0000,4613.8000,1,3,1,1,1,2,1,4,1,1
SF,IC2006,2019-11-13 09:30:37.900,4601.0000,10263,0,4604480.000,0,-,-,-,-,4600.2000,4600.0000,4597.0000,4596.8000,4595.8000,4604.8000,4605.0000,4606.0000,4610.0000,4613.8000,1,1,1,1,1,2,1,4,1,1
SF,IC2006,2019-11-13 09:30:38.900,4601.0000,10263,0,4604480.000,0,-,-,-,-,4600.2000,4600.0000,4597.0000,4596.8000,4595.8000,4604.8000,4605.0000,4606.0000,4610.0000,4613.8000,1,1,1,1,1,2,1,4,1,1
SF,IC2006,2019-11-13 09:30:39.900,4601.0000,10263,0,4604480.000,0,-,-,-,-,4600.2000,4600.0000,4597.0000,4596.8000,4595.8000,4604.6000,4604.8000,4606.0000,4610.0000,4613.8000,1,1,1,1,1,1,2,4,1,1
SF,IC2006,2019-11-13 09:30:40.400,4601.0000,10263,0,4604480.000,0,-,-,-,-,4600.0000,4597.0000,4596.8000,4595.8000,4593.6000,4604.2000,4604.6000,4606.0000,4610.0000,4613.8000,1,1,1,1,5,3,1,4,1,1
SF,IC2006,2019-11-13 09:30:41.900,4601.0000,10263,0,4604480.000,0,-,-,-,-,4600.0000,4597.0000,4593.6000,4592.0000,4580.0000,4604.2000,4604.6000,4606.0000,4610.0000,4613.8000,1,1,5,1,1,3,1,4,1,1
SF,IC2006,2019-11-13 09:30:42.400,4601.0000,10263,0,4604480.000,0,-,-,-,-,4600.0000,4597.0000,4593.6000,4592.0000,4580.0000,4604.0000,4604.2000,4606.0000,4610.0000,4613.8000,1,1,5,1,1,1,3,4,1,1
SF,IC2006,2019-11-13 09:30:42.900,4601.0000,10263,0,4604480.000,0,-,-,-,-,4600.0000,4597.0000,4593.6000,4592.0000,4580.0000,4603.0000,4604.0000,4606.0000,4610.0000,4613.8000,1,1,5,1,1,3,1,4,1,1
SF,IC2006,2019-11-13 09:30:43.900,4601.0000,10263,0,4604480.000,0,-,-,-,-,4597.0000,4593.6000,4592.0000,4580.0000,4577.2000,4603.0000,4604.0000,4606.0000,4610.0000,4613.8000,1,5,1,1,1,3,1,4,1,1
SF,IC2006,2019-11-13 09:30:44.400,4601.0000,10263,0,4604480.000,0,-,-,-,-,4597.2000,4597.0000,4593.6000,4592.0000,4580.0000,4603.0000,4604.0000,4606.0000,4610.0000,4613.8000,1,1,5,1,1,3,1,4,1,1
SF,IC2006,2019-11-13 09:30:46.400,4601.0000,10263,0,4604480.000,0,-,-,-,-,4600.0000,4597.2000,4597.0000,4593.6000,4592.0000,4603.0000,4606.0000,4610.0000,4613.8000,4614.0000,1,1,1,5,1,3,4,1,1,1
SF,IC2006,2019-11-13 09:30:46.900,4601.0000,10263,0,4604480.000,0,-,-,-,-,4600.0000,4597.0000,4593.6000,4592.0000,4580.0000,4603.0000,4606.0000,4610.0000,4613.8000,4614.0000,1,1,5,1,1,3,4,1,1,1
SF,IC2006,2019-11-13 09:30:47.400,4601.0000,10263,0,4604480.000,0,-,-,-,-,4597.0000,4593.6000,4592.0000,4580.0000,4577.2000,4603.0000,4606.0000,4610.0000,4613.8000,4614.0000,1,5,1,1,1,3,4,1,1,1
SF,IC2006,2019-11-13 09:30:47.900,4601.0000,10263,0,4604480.000,0,-,-,-,-,4600.0000,4597.2000,4597.0000,4593.6000,4592.0000,4603.0000,4606.0000,4610.0000,4613.8000,4614.0000,1,2,1,5,1,3,4,1,1,1
SF,IC2006,2019-11-13 09:30:48.400,4601.0000,10263,0,4604480.000,0,-,-,-,-,4600.0000,4597.0000,4593.6000,4592.0000,4580.0000,4603.0000,4606.0000,4610.0000,4613.8000,4614.0000,1,1,5,1,1,3,4,1,1,1
SF,IC2006,2019-11-13 09:30:49.400,4601.0000,10263,0,4604480.000,0,-,-,-,-,4597.0000,4593.6000,4592.0000,4580.0000,4577.2000,4603.0000,4606.0000,4610.0000,4613.8000,4614.0000,1,5,1,1,1,3,4,1,1,1
SF,IC2006,2019-11-13 09:30:49.900,4601.0000,10263,0,4604480.000,0,-,-,-,-,4597.2000,4597.0000,4593.6000,4592.0000,4580.0000,4603.0000,4606.0000,4610.0000,4613.8000,4614.0000,2,1,5,1,1,3,4,1,1,1
SF,IC2006,2019-11-13 09:30:50.400,4603.0000,10263,0,5525080.000,1,0,1,多换,S,4600.0000,4597.2000,4597.0000,4593.6000,4592.0000,4603.0000,4606.0000,4610.0000,4613.8000,4614.0000,1,2,1,5,1,2,4,1,1,1
SF,IC2006,2019-11-13 09:30:50.900,4603.0000,10263,0,5525080.000,0,-,-,-,-,4600.0000,4597.0000,4593.6000,4592.0000,4580.0000,4602.6000,4602.8000,4606.0000,4610.0000,4613.8000,1,1,5,1,1,1,1,4,1,1
SF,IC2006,2019-11-13 09:30:51.400,4603.0000,10263,0,5525080.000,0,-,-,-,-,4600.0000,4597.0000,4593.6000,4592.0000,4580.0000,4602.4000,4602.6000,4606.0000,4610.0000,4613.8000,1,1,5,1,1,2,1,4,1,1
SF,IC2006,2019-11-13 09:30:53.400,4603.0000,10263,0,5525080.000,0,-,-,-,-,4597.0000,4593.6000,4592.0000,4580.0000,4577.2000,4602.4000,4602.6000,4606.0000,4610.0000,4613.8000,1,5,1,1,1,2,1,4,1,1
SF,IC2006,2019-11-13 09:30:53.900,4603.0000,10263,0,5525080.000,0,-,-,-,-,4597.2000,4597.0000,4593.6000,4592.0000,4580.0000,4602.0000,4602.4000,4606.0000,4610.0000,4613.8000,2,1,5,1,1,1,2,4,1,1
SF,IC2006,2019-11-13 09:30:54.400,4603.0000,10263,0,5525080.000,0,-,-,-,-,4597.4000,4597.0000,4593.6000,4592.0000,4580.0000,4601.8000,4602.0000,4602.4000,4606.0000,4610.0000,1,1,5,1,1,1,2,1,4,1
SF,IC2006,2019-11-13 09:30:55.900,4603.0000,10263,0,5525080.000,0,-,-,-,-,4597.4000,4597.0000,4593.6000,4592.0000,4580.0000,4601.8000,4602.0000,4602.4000,4606.0000,4610.0000,1,1,5,1,1,1,1,1,4,1
SF,IC2006,2019-11-13 09:30:56.400,4603.0000,10263,0,5525080.000,0,-,-,-,-,4597.4000,4597.0000,4593.6000,4592.0000,4580.0000,4601.8000,4602.0000,4602.4000,4606.0000,4610.0000,1,1,5,1,1,1,1,1,4,1
SF,IC2006,2019-11-13 09:30:56.900,4603.0000,10263,0,5525080.000,0,-,-,-,-,4597.4000,4597.0000,4593.6000,4592.0000,4580.0000,4601.8000,4602.0000,4602.4000,4606.0000,4610.0000,1,1,5,1,1,1,1,1,4,1
SF,IC2006,2019-11-13 09:30:57.400,4603.0000,10263,0,5525080.000,0,-,-,-,-,4597.4000,4597.0000,4593.6000,4592.0000,4580.0000,4601.4000,4601.8000,4602.4000,4606.0000,4610.0000,1,1,5,1,1,1,1,1,4,1
SF,IC2006,2019-11-13 09:30:57.900,4603.0000,10263,0,5525080.000,0,-,-,-,-,4597.4000,4597.0000,4593.6000,4592.0000,4580.0000,4601.2000,4601.4000,4602.4000,4606.0000,4610.0000,1,1,5,1,1,1,1,1,4,1
SF,IC2006,2019-11-13 09:30:58.900,4603.0000,10263,0,5525080.000,0,-,-,-,-,4597.4000,4597.0000,4593.6000,4592.0000,4580.0000,4600.8000,4601.2000,4601.4000,4602.4000,4606.0000,1,1,5,1,1,1,1,1,1,4
SF,IC2006,2019-11-13 09:30:59.400,4597.4000,10263,0,6444560.000,1,0,1,多换,S,4597.0000,4595.4000,4593.6000,4592.0000,4580.0000,4600.6000,4600.8000,4601.4000,4602.4000,4606.0000,1,1,5,1,1,1,1,1,1,4
SF,IC2006,2019-11-13 09:30:59.900,4597.4000,10263,0,6444560.000,0,-,-,-,-,4597.0000,4593.6000,4592.0000,4580.0000,4577.2000,4600.6000,4600.8000,4601.4000,4602.4000,4605.2000,1,5,1,1,1,1,1,1,1,5
SF,IC2006,2019-11-13 09:31:00.900,4597.4000,10263,0,6444560.000,0,-,-,-,-,4597.0000,4593.6000,4592.0000,4580.0000,4577.2000,4600.6000,4600.8000,4602.4000,4605.2000,4606.0000,1,5,1,1,1,1,1,1,5,4
SF,IC2006,2019-11-13 09:31:01.400,4597.4000,10263,0,6444560.000,0,-,-,-,-,4597.0000,4593.6000,4592.0000,4580.0000,4577.2000,4600.6000,4600.8000,4602.4000,4606.0000,4610.0000,1,5,1,1,1,1,1,1,4,1
SF,IC2006,2019-11-13 09:31:02.400,4597.4000,10263,0,6444560.000,0,-,-,-,-,4597.0000,4593.6000,4592.0000,4580.0000,4577.2000,4600.6000,4602.4000,4606.0000,4610.0000,4611.0000,1,5,1,1,1,1,1,4,1,5
SF,IC2006,2019-11-13 09:31:02.900,4597.4000,10263,0,6444560.000,0,-,-,-,-,4597.2000,4597.0000,4593.6000,4592.0000,4580.0000,4600.6000,4602.4000,4606.0000,4610.0000,4611.0000,1,1,5,1,1,1,1,4,1,5
SF,IC2006,2019-11-13 09:31:04.400,4597.4000,10263,0,6444560.000,0,-,-,-,-,4597.6000,4597.2000,4597.0000,4593.6000,4592.0000,4600.6000,4602.4000,4606.0000,4610.0000,4611.0000,1,1,1,5,1,1,1,4,1,5
SF,IC2006,2019-11-13 09:31:04.900,4597.4000,10263,0,6444560.000,0,-,-,-,-,4597.6000,4597.0000,4593.6000,4592.0000,4580.0000,4600.6000,4602.4000,4606.0000,4610.0000,4611.0000,1,1,5,1,1,1,1,4,1,5
SF,IC2006,2019-11-13 09:31:06.400,4597.4000,10263,0,6444560.000,0,-,-,-,-,4600.0000,4597.6000,4597.0000,4593.6000,4592.0000,4600.6000,4602.4000,4606.0000,4610.0000,4611.0000,1,1,1,5,1,1,1,4,1,5
SF,IC2006,2019-11-13 09:31:06.900,4600.0000,10262,-1,8284560.000,2,0,2,多平,S,4597.6000,4597.0000,4593.6000,4592.0000,4582.8000,4602.4000,4606.0000,4610.0000,4611.0000,4614.0000,1,1,5,1,1,1,4,1,5,1
SF,IC2006,2019-11-13 09:31:07.400,4600.0000,10262,0,8284560.000,0,-,-,-,-,4597.8000,4597.6000,4597.0000,4593.6000,4592.0000,4602.4000,4606.0000,4610.0000,4611.0000,4614.0000,2,1,1,5,1,1,4,1,5,1
SF,IC2006,2019-11-13 09:31:07.900,4600.0000,10262,0,8284560.000,0,-,-,-,-,4597.8000,4597.6000,4597.0000,4593.6000,4592.0000,4602.2000,4602.4000,4606.0000,4610.0000,4611.0000,2,1,1,5,1,1,1,4,1,5
SF,IC2006,2019-11-13 09:31:08.400,4600.0000,10262,0,8284560.000,0,-,-,-,-,4598.6000,4597.8000,4597.6000,4597.0000,4593.6000,4602.2000,4602.4000,4606.0000,4610.0000,4611.0000,1,2,1,1,5,1,1,4,1,5
SF,IC2006,2019-11-13 09:31:08.900,4600.0000,10262,0,8284560.000,0,-,-,-,-,4598.8000,4598.6000,4597.6000,4597.0000,4593.6000,4602.4000,4606.0000,4610.0000,4611.0000,4614.0000,2,1,1,1,5,1,4,1,5,1
SF,IC2006,2019-11-13 09:31:09.400,4602.4000,10262,0,9205040.000,1,0,1,多换,S,4598.8000,4598.6000,4597.6000,4597.0000,4593.6000,4606.0000,4610.0000,4611.0000,4614.0000,4616.2000,2,1,1,1,5,4,1,5,1,1
SF,IC2006,2019-11-13 09:31:09.900,4602.4000,10262,0,9205040.000,0,-,-,-,-,4598.8000,4597.6000,4597.0000,4593.6000,4592.0000,4605.0000,4606.0000,4610.0000,4611.0000,4614.0000,2,1,1,5,1,3,4,1,5,1
SF,IC2006,2019-11-13 09:31:10.400,4602.4000,10262,0,9205040.000,0,-,-,-,-,4599.4000,4598.8000,4597.6000,4597.0000,4593.6000,4604.8000,4606.0000,4610.0000,4611.0000,4614.0000,2,2,1,1,5,2,4,1,5,1
SF,IC2006,2019-11-13 09:31:10.900,4602.4000,10262,0,9205040.000,0,-,-,-,-,4599.6000,4599.4000,4597.6000,4597.0000,4593.6000,4604.8000,4606.0000,4610.0000,4611.0000,4614.0000,2,2,1,1,5,2,4,1,5,1
SF,IC2006,2019-11-13 09:31:11.400,4602.4000,10262,0,9205040.000,0,-,-,-,-,4600.4000,4599.8000,4599.6000,4599.4000,4597.6000,4604.8000,4606.0000,4610.0000,4611.0000,4614.0000,1,1,2,2,1,2,4,1,5,1
SF,IC2006,2019-11-13 09:31:11.900,4602.4000,10262,0,9205040.000,0,-,-,-,-,4600.6000,4600.4000,4599.4000,4597.6000,4597.0000,4604.8000,4606.0000,4610.0000,4611.0000,4614.0000,2,1,2,1,1,2,4,1,5,1
SF,IC2006,2019-11-13 09:31:12.400,4602.4000,10262,0,9205040.000,0,-,-,-,-,4600.6000,4600.4000,4599.4000,4597.6000,4597.0000,4604.8000,4606.0000,4610.0000,4611.0000,4614.0000,2,1,2,1,1,2,4,1,5,1
SF,IC2006,2019-11-13 09:31:12.900,4602.4000,10262,0,9205040.000,0,-,-,-,-,4600.6000,4600.4000,4599.4000,4597.6000,4597.0000,4604.8000,4606.0000,4610.0000,4611.0000,4614.0000,2,1,2,1,1,2,4,1,5,1
SF,IC2006,2019-11-13 09:31:13.400,4602.4000,10262,0,9205040.000,0,-,-,-,-,4600.6000,4599.4000,4597.6000,4597.0000,4593.6000,4604.8000,4606.0000,4610.0000,4611.0000,4614.0000,2,2,1,1,5,2,4,1,5,1
SF,IC2006,2019-11-13 09:31:13.900,4602.4000,10262,0,9205040.000,0,-,-,-,-,4600.6000,4599.4000,4597.6000,4597.0000,4593.6000,4604.8000,4606.0000,4610.0000,4611.0000,4614.0000,2,2,1,1,5,2,4,1,5,1
SF,IC2006,2019-11-13 09:31:14.400,4602.4000,10262,0,9205040.000,0,-,-,-,-,4600.6000,4599.4000,4597.6000,4597.0000,4593.6000,4604.8000,4606.0000,4610.0000,4611.0000,4614.0000,1,2,1,1,5,2,4,1,5,1
SF,IC2006,2019-11-13 09:31:14.900,4602.4000,10262,0,9205040.000,0,-,-,-,-,4600.8000,4600.6000,4599.4000,4597.6000,4597.0000,4604.8000,4606.0000,4610.0000,4611.0000,4614.0000,1,1,2,1,1,2,4,1,5,1
SF,IC2006,2019-11-13 09:31:15.400,4602.4000,10262,0,9205040.000,0,-,-,-,-,4600.8000,4600.6000,4599.4000,4597.6000,4597.0000,4604.8000,4606.0000,4610.0000,4611.0000,4614.0000,1,1,2,1,1,2,4,1,5,1
SF,IC2006,2019-11-13 09:31:15.900,4602.4000,10262,0,9205040.000,0,-,-,-,-,4600.6000,4599.4000,4597.6000,4597.0000,4593.6000,4604.4000,4604.8000,4606.0000,4610.0000,4611.0000,1,2,1,1,5,1,2,4,1,5
SF,IC2006,2019-11-13 09:31:16.400,4600.6000,10261,-1,10125160.000,1,0,1,双平,S,4597.6000,4597.0000,4593.6000,4592.0000,4585.0000,4602.6000,4604.2000,4604.4000,4604.6000,4606.0000,1,1,5,1,1,1,1,1,1,4
SF,IC2006,2019-11-13 09:31:16.900,4600.6000,10261,0,10125160.000,0,-,-,-,-,4597.6000,4597.0000,4593.6000,4592.0000,4585.0000,4602.4000,4602.6000,4604.4000,4604.6000,4606.0000,1,1,5,1,1,1,1,1,1,4
SF,IC2006,2019-11-13 09:31:17.400,4600.6000,10261,0,10125160.000,0,-,-,-,-,4597.6000,4597.0000,4593.6000,4592.0000,4585.0000,4601.6000,4602.4000,4604.4000,4604.6000,4606.0000,1,1,5,1,1,3,1,1,1,4
SF,IC2006,2019-11-13 09:31:17.900,4600.6000,10261,0,10125160.000,0,-,-,-,-,4597.6000,4597.0000,4593.6000,4592.0000,4585.0000,4601.4000,4601.6000,4604.4000,4604.6000,4606.0000,1,1,5,1,1,1,3,1,1,4
SF,IC2006,2019-11-13 09:31:18.400,4600.6000,10261,0,10125160.000,0,-,-,-,-,4600.0000,4597.6000,4597.0000,4593.6000,4592.0000,4601.2000,4601.4000,4604.4000,4604.6000,4606.0000,1,1,1,5,1,2,1,1,1,4
SF,IC2006,2019-11-13 09:31:18.900,4600.0000,10261,0,11045160.000,1,0,1,多换,S,4597.6000,4597.0000,4593.6000,4592.0000,4585.0000,4601.2000,4604.6000,4606.0000,4610.0000,4611.0000,1,1,5,1,1,2,1,4,1,5
SF,IC2006,2019-11-13 09:31:19.400,4600.0000,10261,0,11045160.000,0,-,-,-,-,4597.6000,4597.0000,4593.6000,4592.0000,4585.0000,4601.0000,4601.2000,4604.6000,4606.0000,4610.0000,1,1,5,1,1,1,2,1,4,1
SF,IC2006,2019-11-13 09:31:19.900,4600.0000,10261,0,11045160.000,0,-,-,-,-,4597.6000,4597.0000,4593.6000,4592.0000,4585.0000,4600.8000,4601.0000,4604.6000,4606.0000,4610.0000,1,1,5,1,1,2,1,1,4,1
SF,IC2006,2019-11-13 09:31:20.400,4600.0000,10261,0,11045160.000,0,-,-,-,-,4597.6000,4597.0000,4593.6000,4592.0000,4585.0000,4600.6000,4604.6000,4606.0000,4610.0000,4611.0000,1,1,5,1,1,2,1,4,1,5
SF,IC2006,2019-11-13 09:31:20.900,4600.0000,10261,0,11045160.000,0,-,-,-,-,4597.8000,4597.6000,4597.0000,4593.6000,4592.0000,4599.2000,4600.6000,4604.6000,4606.0000,4610.0000,1,1,1,5,1,1,2,1,4,1
SF,IC2006,2019-11-13 09:31:21.400,4599.2000,10261,0,11965000.000,1,0,1,多换,S,4597.8000,4597.6000,4597.0000,4593.6000,4592.0000,4600.6000,4604.6000,4606.0000,4610.0000,4611.0000,1,1,1,5,1,1,1,4,1,5
SF,IC2006,2019-11-13 09:31:21.900,4599.2000,10261,0,11965000.000,0,-,-,-,-,4597.8000,4597.6000,4597.0000,4593.6000,4592.0000,4600.6000,4604.6000,4606.0000,4610.0000,4611.0000,1,1,1,5,1,1,1,4,1,5
SF,IC2006,2019-11-13 09:31:22.400,4599.2000,10261,0,11965000.000,0,-,-,-,-,4597.8000,4597.6000,4597.0000,4593.6000,4592.0000,4600.6000,4604.6000,4606.0000,4610.0000,4611.0000,1,1,1,5,1,1,1,4,1,5
SF,IC2006,2019-11-13 09:31:22.900,4599.2000,10261,0,11965000.000,0,-,-,-,-,4597.8000,4597.6000,4597.0000,4593.6000,4592.0000,4600.4000,4600.6000,4604.6000,4606.0000,4610.0000,1,1,1,5,1,1,1,1,4,1
SF,IC2006,2019-11-13 09:31:23.400,4599.2000,10261,0,11965000.000,0,-,-,-,-,4597.8000,4597.6000,4597.0000,4593.6000,4592.0000,4600.2000,4600.4000,4604.6000,4606.0000,4610.0000,1,1,1,5,1,1,1,1,4,1
SF,IC2006,2019-11-13 09:31:23.900,4599.2000,10261,0,11965000.000,0,-,-,-,-,4597.6000,4597.0000,4593.6000,4592.0000,4585.0000,4600.0000,4600.2000,4604.6000,4606.0000,4610.0000,1,1,5,1,1,1,1,1,4,1
SF,IC2006,2019-11-13 09:31:24.400,4599.2000,10261,0,11965000.000,0,-,-,-,-,4597.8000,4597.6000,4597.0000,4593.6000,4592.0000,4599.8000,4604.6000,4606.0000,4610.0000,4611.0000,1,1,1,5,1,1,1,4,1,5
SF,IC2006,2019-11-13 09:31:24.900,4599.8000,10260,-1,12884960.000,1,0,1,双平,S,4597.8000,4597.6000,4597.0000,4593.6000,4592.0000,4598.8000,4600.0000,4604.6000,4606.0000,4610.0000,1,1,1,5,1,1,1,1,4,1
SF,IC2006,2019-11-13 09:31:25.400,4600.0000,10260,0,14724720.000,2,1,1,多换,S,4597.8000,4597.6000,4597.0000,4593.6000,4592.0000,4604.6000,4606.0000,4610.0000,4611.0000,4614.0000,1,1,1,5,1,1,4,1,5,1
SF,IC2006,2019-11-13 09:31:25.900,4600.0000,10260,0,14724720.000,0,-,-,-,-,4599.0000,4597.8000,4597.6000,4597.0000,4593.6000,4602.6000,4604.6000,4606.0000,4610.0000,4611.0000,1,1,1,1,5,3,1,4,1,5
SF,IC2006,2019-11-13 09:31:26.400,4600.0000,10260,0,14724720.000,0,-,-,-,-,4599.0000,4597.6000,4597.0000,4593.6000,4592.0000,4602.4000,4604.6000,4606.0000,4610.0000,4611.0000,1,1,1,5,1,2,1,4,1,5
SF,IC2006,2019-11-13 09:31:27.400,4600.0000,10260,0,14724720.000,0,-,-,-,-,4599.2000,4599.0000,4597.6000,4597.0000,4593.6000,4602.4000,4604.6000,4606.0000,4610.0000,4611.0000,1,1,1,1,5,2,1,4,1,5
SF,IC2006,2019-11-13 09:31:28.400,4600.0000,10260,0,14724720.000,0,-,-,-,-,4599.2000,4599.0000,4597.6000,4597.0000,4593.6000,4602.2000,4602.4000,4604.6000,4606.0000,4610.0000,1,1,1,1,5,1,2,1,4,1
SF,IC2006,2019-11-13 09:31:28.900,4600.0000,10260,0,14724720.000,0,-,-,-,-,4599.2000,4599.0000,4597.6000,4597.0000,4593.6000,4602.0000,4602.2000,4604.6000,4606.0000,4610.0000,1,1,1,1,5,1,1,1,4,1
SF,IC2006,2019-11-13 09:31:29.400,4600.0000,10260,0,14724720.000,0,-,-,-,-,4599.2000,4599.0000,4597.6000,4597.0000,4593.6000,4602.0000,4602.2000,4604.6000,4606.0000,4610.0000,1,1,1,1,5,1,1,1,4,1
SF,IC2006,2019-11-13 09:31:29.900,4600.0000,10260,0,14724720.000,0,-,-,-,-,4599.4000,4599.2000,4599.0000,4597.6000,4597.0000,4602.0000,4602.2000,4606.0000,4610.0000,4611.0000,1,1,1,1,1,1,1,4,1,5
SF,IC2006,2019-11-13 09:31:30.400,4600.0000,10260,0,14724720.000,0,-,-,-,-,4599.4000,4599.0000,4597.6000,4597.0000,4593.6000,4602.0000,4602.2000,4606.0000,4610.0000,4611.0000,1,1,1,1,5,1,1,4,1,5
SF,IC2006,2019-11-13 09:31:31.900,4600.0000,10260,0,14724720.000,0,-,-,-,-,4599.6000,4599.4000,4599.0000,4597.6000,4597.0000,4602.0000,4602.2000,4604.0000,4606.0000,4610.0000,1,1,1,1,1,1,1,3,4,1
SF,IC2006,2019-11-13 09:31:32.400,4600.0000,10260,0,14724720.000,0,-,-,-,-,4599.8000,4599.6000,4599.4000,4599.0000,4597.6000,4602.0000,4602.2000,4604.0000,4606.0000,4610.0000,1,1,2,1,1,1,1,3,4,1
SF,IC2006,2019-11-13 09:31:34.400,4600.0000,10260,0,14724720.000,0,-,-,-,-,4599.8000,4599.4000,4599.0000,4597.6000,4597.0000,4602.0000,4602.2000,4604.0000,4606.0000,4610.0000,1,2,1,1,1,1,1,3,4,1
SF,IC2006,2019-11-13 09:31:35.400,4600.0000,10260,0,14724720.000,0,-,-,-,-,4599.8000,4599.4000,4599.0000,4598.2000,4597.6000,4602.0000,4602.2000,4604.0000,4606.0000,4610.0000,1,2,1,1,1,1,1,3,4,1
SF,IC2006,2019-11-13 09:31:36.400,4600.0000,10260,0,14724720.000,0,-,-,-,-,4600.0000,4599.8000,4599.4000,4599.0000,4598.2000,4602.0000,4602.2000,4604.0000,4606.0000,4610.0000,1,1,2,1,1,1,1,3,4,1
SF,IC2006,2019-11-13 09:31:36.900,4600.0000,10260,0,14724720.000,0,-,-,-,-,4600.0000,4599.4000,4599.0000,4598.2000,4597.6000,4601.8000,4602.0000,4602.2000,4604.0000,4606.0000,1,2,1,1,1,1,1,1,3,4
SF,IC2006,2019-11-13 09:31:37.400,4600.0000,10260,0,14724720.000,0,-,-,-,-,4600.0000,4599.4000,4599.0000,4598.2000,4597.6000,4601.6000,4601.8000,4602.2000,4604.0000,4606.0000,3,2,1,1,1,2,1,1,3,4
SF,IC2006,2019-11-13 09:31:38.400,4600.0000,10260,0,14724720.000,0,-,-,-,-,4600.0000,4599.4000,4599.0000,4598.2000,4597.6000,4601.6000,4601.8000,4602.2000,4604.0000,4606.0000,3,2,1,1,1,2,1,1,3,4
SF,IC2006,2019-11-13 09:31:38.900,4600.0000,10260,0,14724720.000,0,-,-,-,-,4600.0000,4599.4000,4599.0000,4598.2000,4597.6000,4601.6000,4601.8000,4602.2000,4604.0000,4606.0000,3,2,1,1,1,2,1,1,3,4
SF,IC2006,2019-11-13 09:31:39.400,4600.0000,10260,0,14724720.000,0,-,-,-,-,4600.0000,4599.4000,4599.0000,4598.2000,4597.6000,4601.4000,4601.8000,4602.0000,4602.2000,4604.0000,3,2,1,1,1,1,1,1,1,3
SF,IC2006,2019-11-13 09:31:40.400,4600.0000,10260,0,14724720.000,0,-,-,-,-,4600.0000,4599.4000,4599.0000,4598.2000,4597.6000,4601.4000,4601.8000,4602.0000,4604.0000,4606.0000,3,2,1,1,1,1,1,1,3,4
SF,IC2006,2019-11-13 09:31:40.900,4600.0000,10260,0,14724720.000,0,-,-,-,-,4600.0000,4599.4000,4599.0000,4598.2000,4597.6000,4600.4000,4601.4000,4601.8000,4602.0000,4604.0000,3,2,1,1,1,1,1,1,1,3
SF,IC2006,2019-11-13 09:31:41.400,4600.4000,10260,0,15644800.000,1,0,1,多换,S,4600.0000,4599.4000,4599.0000,4598.2000,4597.6000,4601.8000,4602.0000,4604.0000,4606.0000,4610.0000,3,2,1,1,1,1,1,3,4,1
SF,IC2006,2019-11-13 09:31:41.900,4600.4000,10260,0,15644800.000,0,-,-,-,-,4600.0000,4599.4000,4599.0000,4598.2000,4597.6000,4601.6000,4601.8000,4602.0000,4604.0000,4606.0000,3,2,1,1,1,1,1,1,3,4
SF,IC2006,2019-11-13 09:31:43.400,4600.4000,10260,0,15644800.000,0,-,-,-,-,4600.2000,4600.0000,4599.4000,4599.0000,4598.2000,4601.6000,4601.8000,4602.0000,4604.0000,4606.0000,1,3,2,1,1,1,1,1,3,4
SF,IC2006,2019-11-13 09:31:44.400,4601.6000,10259,-1,16565120.000,1,0,1,双平,S,4600.2000,4600.0000,4599.4000,4599.0000,4598.2000,4601.8000,4602.0000,4604.0000,4606.0000,4610.0000,1,3,2,2,1,1,1,3,4,1
SF,IC2006,2019-11-13 09:31:44.900,4601.8000,10259,0,17485480.000,1,0,1,多换,S,4600.2000,4600.0000,4599.4000,4599.0000,4598.2000,4602.0000,4604.0000,4606.0000,4610.0000,4611.0000,1,3,2,1,1,1,3,4,1,5
SF,IC2006,2019-11-13 09:31:45.400,4601.8000,10259,0,17485480.000,0,-,-,-,-,4600.4000,4600.2000,4600.0000,4599.4000,4599.0000,4602.0000,4604.0000,4606.0000,4610.0000,4611.0000,1,1,3,2,1,1,3,4,1,5
SF,IC2006,2019-11-13 09:31:45.900,4601.8000,10259,0,17485480.000,0,-,-,-,-,4600.6000,4600.4000,4600.2000,4600.0000,4599.4000,4602.0000,4604.0000,4606.0000,4610.0000,4611.0000,1,1,1,3,2,1,3,4,1,5
SF,IC2006,2019-11-13 09:31:46.400,4601.8000,10259,0,17485480.000,0,-,-,-,-,4600.2000,4600.0000,4599.4000,4599.0000,4598.2000,4602.0000,4604.0000,4606.0000,4610.0000,4611.0000,1,3,2,1,1,1,3,4,1,5
SF,IC2006,2019-11-13 09:31:50.400,4601.8000,10259,0,17485480.000,0,-,-,-,-,4600.0000,4599.4000,4599.0000,4598.2000,4597.6000,4602.0000,4604.0000,4606.0000,4610.0000,4611.0000,3,2,1,1,1,1,3,4,1,5
SF,IC2006,2019-11-13 09:31:50.900,4601.8000,10259,0,17485480.000,0,-,-,-,-,4600.2000,4600.0000,4599.4000,4599.0000,4598.2000,4602.0000,4604.0000,4606.0000,4610.0000,4611.0000,1,3,2,1,1,1,3,4,1,5
SF,IC2006,2019-11-13 09:31:51.400,4601.8000,10259,0,17485480.000,0,-,-,-,-,4600.4000,4600.2000,4600.0000,4599.4000,4599.0000,4602.0000,4604.0000,4606.0000,4610.0000,4611.0000,1,1,3,2,1,1,3,4,1,5
SF,IC2006,2019-11-13 09:31:51.900,4601.8000,10259,0,17485480.000,0,-,-,-,-,4600.6000,4600.4000,4600.2000,4600.0000,4599.4000,4602.0000,4604.0000,4606.0000,4610.0000,4611.0000,1,1,1,3,2,1,3,4,1,5
SF,IC2006,2019-11-13 09:31:52.400,4601.8000,10259,0,17485480.000,0,-,-,-,-,4600.6000,4600.2000,4600.0000,4599.4000,4599.0000,4602.0000,4604.0000,4606.0000,4610.0000,4611.0000,1,1,3,2,1,1,3,4,1,5
SF,IC2006,2019-11-13 09:31:52.900,4601.8000,10259,0,17485480.000,0,-,-,-,-,4600.8000,4600.6000,4600.2000,4600.0000,4599.4000,4602.0000,4604.0000,4606.0000,4610.0000,4611.0000,1,1,1,3,2,1,3,4,1,5
SF,IC2006,2019-11-13 09:31:53.400,4601.8000,10259,0,17485480.000,0,-,-,-,-,4600.6000,4600.2000,4600.0000,4599.4000,4599.0000,4602.0000,4604.0000,4606.0000,4610.0000,4611.0000,1,1,3,2,1,1,3,4,1,5
SF,IC2006,2019-11-13 09:31:53.900,4601.8000,10259,0,17485480.000,0,-,-,-,-,4600.8000,4600.6000,4600.2000,4600.0000,4599.4000,4602.0000,4604.0000,4606.0000,4610.0000,4611.0000,1,1,1,3,2,1,3,4,1,5
SF,IC2006,2019-11-13 09:31:54.400,4601.8000,10259,0,17485480.000,0,-,-,-,-,4601.0000,4600.8000,4600.6000,4600.2000,4600.0000,4602.0000,4604.0000,4606.0000,4610.0000,4611.0000,1,1,1,1,3,1,3,4,1,5
SF,IC2006,2019-11-13 09:31:54.900,4601.8000,10259,0,17485480.000,0,-,-,-,-,4601.0000,4600.6000,4600.2000,4600.0000,4599.4000,4602.0000,4604.0000,4606.0000,4610.0000,4611.0000,1,1,1,3,2,1,3,4,1,5
SF,IC2006,2019-11-13 09:31:55.400,4601.8000,10259,0,17485480.000,0,-,-,-,-,4601.0000,4600.6000,4600.2000,4600.0000,4599.4000,4602.0000,4604.0000,4606.0000,4610.0000,4611.0000,1,1,1,3,2,1,3,4,1,5
SF,IC2006,2019-11-13 09:31:55.900,4601.8000,10259,0,17485480.000,0,-,-,-,-,4601.2000,4601.0000,4600.6000,4600.2000,4600.0000,4602.0000,4604.0000,4606.0000,4610.0000,4611.0000,1,1,1,1,3,1,3,4,1,5
SF,IC2006,2019-11-13 09:31:56.400,4602.0000,10259,0,18405880.000,1,0,1,多换,S,4601.2000,4601.0000,4600.6000,4600.2000,4600.0000,4604.0000,4606.0000,4610.0000,4611.0000,4614.0000,1,1,1,1,3,3,4,1,5,1
SF,IC2006,2019-11-13 09:31:56.900,4602.0000,10259,0,18405880.000,0,-,-,-,-,4601.4000,4601.2000,4601.0000,4600.6000,4600.2000,4603.8000,4604.0000,4606.0000,4610.0000,4611.0000,1,1,1,1,1,1,3,4,1,5
SF,IC2006,2019-11-13 09:31:57.400,4602.0000,10259,0,18405880.000,0,-,-,-,-,4601.4000,4601.0000,4600.6000,4600.2000,4600.0000,4603.8000,4604.0000,4606.0000,4610.0000,4611.0000,1,1,1,1,3,1,3,4,1,5
SF,IC2006,2019-11-13 09:31:57.900,4602.0000,10259,0,18405880.000,0,-,-,-,-,4601.6000,4601.4000,4601.2000,4601.0000,4600.6000,4603.8000,4604.0000,4606.0000,4610.0000,4611.0000,1,1,1,1,1,1,3,4,1,5
SF,IC2006,2019-11-13 09:31:59.400,4601.6000,10259,0,19326200.000,1,0,1,多换,S,4601.4000,4601.2000,4601.0000,4600.6000,4600.2000,4603.8000,4604.0000,4606.0000,4610.0000,4611.0000,1,1,1,1,1,1,3,4,1,5
SF,IC2006,2019-11-13 09:31:59.900,4601.6000,10259,0,19326200.000,0,-,-,-,-,4601.4000,4601.2000,4601.0000,4600.6000,4600.2000,4601.6000,4603.8000,4604.0000,4606.0000,4610.0000,1,1,1,1,1,1,1,3,4,2
SF,IC2006,2019-11-13 09:32:00.400,4601.6000,10258,-1,21166800.000,2,0,2,多平,S,4601.2000,4601.0000,4600.6000,4600.2000,4600.0000,4601.6000,4604.0000,4606.0000,4610.0000,4611.0000,1,1,1,1,3,1,3,4,2,5
SF,IC2006,2019-11-13 09:32:00.900,4601.6000,10257,-1,22087120.000,1,0,1,双平,S,4601.6000,4601.2000,4601.0000,4600.6000,4600.2000,4604.0000,4606.0000,4610.0000,4611.0000,4614.0000,1,1,1,1,1,3,4,2,5,1
SF,IC2006,2019-11-13 09:32:01.400,4601.6000,10256,-1,23007440.000,1,0,1,双平,S,4601.2000,4601.0000,4600.6000,4600.2000,4600.0000,4603.6000,4604.0000,4606.0000,4610.0000,4611.0000,1,1,1,1,3,3,4,4,2,5
SF,IC2006,2019-11-13 09:32:01.900,4601.2000,10256,0,23927680.000,1,0,1,多换,S,4600.0000,4598.2000,4597.6000,4597.0000,4593.6000,4603.6000,4604.0000,4606.0000,4610.0000,4611.0000,3,1,1,1,5,3,4,4,2,5
SF,IC2006,2019-11-13 09:32:02.900,4601.2000,10256,0,23927680.000,0,-,-,-,-,4600.0000,4598.2000,4597.6000,4597.0000,4593.6000,4602.0000,4603.4000,4603.6000,4604.0000,4606.0000,3,1,1,1,5,1,1,3,4,4
SF,IC2006,2019-11-13 09:32:03.400,4601.2000,10256,0,23927680.000,0,-,-,-,-,4600.0000,4598.2000,4597.6000,4597.0000,4593.6000,4601.8000,4602.0000,4603.4000,4604.0000,4606.0000,3,1,1,1,5,2,1,1,4,4
SF,IC2006,2019-11-13 09:32:03.900,4601.2000,10256,0,23927680.000,0,-,-,-,-,4600.2000,4600.0000,4598.2000,4597.6000,4597.0000,4601.6000,4602.0000,4604.0000,4606.0000,4610.0000,1,3,1,1,1,1,1,4,4,2
SF,IC2006,2019-11-13 09:32:04.400,4601.2000,10256,0,23927680.000,0,-,-,-,-,4600.2000,4600.0000,4598.2000,4597.6000,4597.0000,4601.6000,4602.0000,4604.0000,4606.0000,4610.0000,1,3,1,1,1,1,1,4,4,2
SF,IC2006,2019-11-13 09:32:05.900,4601.2000,10256,0,23927680.000,0,-,-,-,-,4600.2000,4600.0000,4598.2000,4597.6000,4597.0000,4601.6000,4602.0000,4604.0000,4606.0000,4610.0000,1,3,1,1,1,1,1,4,4,2
SF,IC2006,2019-11-13 09:32:06.400,4601.2000,10256,0,23927680.000,0,-,-,-,-,4600.2000,4600.0000,4598.2000,4597.6000,4597.0000,4601.6000,4602.0000,4604.0000,4606.0000,4610.0000,2,3,1,1,1,1,1,4,4,2
SF,IC2006,2019-11-13 09:32:07.400,4601.2000,10256,0,23927680.000,0,-,-,-,-,4601.0000,4600.2000,4600.0000,4598.2000,4597.6000,4601.6000,4602.0000,4604.0000,4606.0000,4610.0000,1,2,3,1,1,1,1,4,4,2
SF,IC2006,2019-11-13 09:32:07.900,4601.0000,10256,0,24847880.000,1,0,1,多换,S,4600.2000,4600.0000,4598.2000,4597.6000,4597.0000,4601.6000,4602.0000,4604.0000,4606.0000,4610.0000,1,3,1,1,1,1,1,4,4,2
SF,IC2006,2019-11-13 09:32:08.400,4601.0000,10256,0,24847880.000,0,-,-,-,-,4600.2000,4600.0000,4598.2000,4597.6000,4597.0000,4602.0000,4604.0000,4606.0000,4610.0000,4611.0000,1,3,1,1,1,1,4,4,2,5
SF,IC2006,2019-11-13 09:32:09.400,4600.2000,10257,1,25767920.000,1,1,0,双开,S,4600.0000,4598.2000,4597.6000,4597.0000,4593.6000,4602.0000,4604.0000,4606.0000,4610.0000,4611.0000,3,1,1,1,5,1,4,4,2,5
SF,IC2006,2019-11-13 09:32:10.400,4600.2000,10257,0,25767920.000,0,-,-,-,-,4600.4000,4600.0000,4598.2000,4597.6000,4597.0000,4602.0000,4604.0000,4606.0000,4610.0000,4611.0000,1,1,1,1,1,1,4,4,2,5
SF,IC2006,2019-11-13 09:32:11.900,4600.2000,10257,0,25767920.000,0,-,-,-,-,4600.6000,4600.4000,4600.0000,4598.2000,4597.6000,4602.0000,4604.0000,4606.0000,4610.0000,4611.0000,1,1,1,1,1,1,4,4,2,5
SF,IC2006,2019-11-13 09:32:12.400,4600.2000,10257,0,25767920.000,0,-,-,-,-,4600.8000,4600.6000,4600.4000,4600.0000,4598.2000,4602.0000,4604.0000,4606.0000,4610.0000,4611.0000,1,1,1,1,1,1,4,4,2,5
SF,IC2006,2019-11-13 09:32:12.900,4600.2000,10257,0,25767920.000,0,-,-,-,-,4601.6000,4601.0000,4600.8000,4600.6000,4600.4000,4602.0000,4604.0000,4606.0000,4610.0000,4611.0000,1,1,1,1,1,1,4,4,2,5
SF,IC2006,2019-11-13 09:32:13.400,4601.6000,10257,0,26688240.000,1,0,1,多换,S,4601.0000,4600.6000,4600.4000,4600.0000,4598.2000,4602.0000,4604.0000,4606.0000,4610.0000,4611.0000,1,1,1,1,1,1,4,4,2,5
SF,IC2006,2019-11-13 09:32:15.400,4601.6000,10257,0,26688240.000,0,-,-,-,-,4601.0000,4600.6000,4600.0000,4598.2000,4597.6000,4602.0000,4604.0000,4606.0000,4610.0000,4611.0000,1,1,1,1,1,1,4,4,2,5
SF,IC2006,2019-11-13 09:32:15.900,4601.6000,10257,0,26688240.000,0,-,-,-,-,4600.6000,4600.0000,4598.2000,4597.6000,4597.0000,4602.0000,4604.0000,4606.0000,4610.0000,4611.0000,1,1,1,1,1,1,4,4,2,5
SF,IC2006,2019-11-13 09:32:17.400,4601.6000,10257,0,26688240.000,0,-,-,-,-,4600.6000,4600.0000,4598.2000,4597.0000,4593.6000,4602.0000,4604.0000,4606.0000,4610.0000,4611.0000,1,1,1,1,5,1,4,4,2,5
SF,IC2006,2019-11-13 09:32:18.400,4602.0000,10258,1,27608640.000,1,1,0,双开,S,4602.0000,4600.6000,4600.0000,4598.2000,4597.0000,4604.0000,4606.0000,4610.0000,4611.0000,4614.0000,2,1,1,1,1,4,4,2,5,1
SF,IC2006,2019-11-13 09:32:18.900,4602.0000,10258,0,28529040.000,1,0,1,多换,S,4602.0000,4600.6000,4600.0000,4598.2000,4597.0000,4603.8000,4604.0000,4606.0000,4610.0000,4611.0000,1,1,1,1,1,3,4,4,2,5
SF,IC2006,2019-11-13 09:32:19.900,4602.0000,10258,0,29449440.000,1,0,1,多换,S,4600.6000,4600.0000,4598.2000,4597.0000,4593.6000,4603.8000,4604.0000,4606.0000,4610.0000,4611.0000,1,1,1,1,5,3,4,4,2,5
SF,IC2006,2019-11-13 09:32:23.400,4602.0000,10258,0,29449440.000,0,-,-,-,-,4602.0000,4600.6000,4600.0000,4598.2000,4597.0000,4603.8000,4604.0000,4606.0000,4610.0000,4611.0000,1,1,1,1,1,3,4,4,2,5
SF,IC2006,2019-11-13 09:32:24.900,4602.0000,10258,0,30369840.000,1,0,1,多换,S,4600.6000,4600.0000,4598.2000,4597.0000,4593.6000,4602.0000,4603.8000,4604.0000,4606.0000,4610.0000,1,1,1,1,5,1,3,4,4,2
SF,IC2006,2019-11-13 09:32:25.400,4602.0000,10258,0,30369840.000,0,-,-,-,-,4600.6000,4600.0000,4598.2000,4597.0000,4593.6000,4601.8000,4602.0000,4603.8000,4604.0000,4606.0000,1,1,1,1,5,1,1,1,4,4
SF,IC2006,2019-11-13 09:32:27.400,4598.2000,10259,1,33129600.000,3,2,1,空开,S,4597.0000,4593.6000,4592.0000,4590.0000,4582.8000,4601.8000,4602.0000,4603.8000,4604.0000,4606.0000,1,5,1,1,1,1,1,1,4,4
SF,IC2006,2019-11-13 09:32:27.900,4598.2000,10259,0,33129600.000,0,-,-,-,-,4597.8000,4597.2000,4597.0000,4593.6000,4592.0000,4601.8000,4602.0000,4603.8000,4604.0000,4606.0000,3,1,1,5,1,1,1,1,4,4
SF,IC2006,2019-11-13 09:32:28.400,4598.2000,10259,0,33129600.000,0,-,-,-,-,4598.0000,4597.8000,4597.2000,4597.0000,4593.6000,4601.2000,4601.8000,4602.0000,4603.8000,4604.0000,1,3,1,1,5,1,1,1,1,4
SF,IC2006,2019-11-13 09:32:28.900,4598.2000,10259,0,33129600.000,0,-,-,-,-,4598.2000,4598.0000,4597.2000,4597.0000,4593.6000,4601.0000,4601.2000,4602.0000,4603.8000,4604.0000,1,1,1,1,5,1,1,1,1,4
SF,IC2006,2019-11-13 09:32:29.400,4598.2000,10259,0,33129600.000,0,-,-,-,-,4598.2000,4598.0000,4597.2000,4597.0000,4593.6000,4601.2000,4603.8000,4604.0000,4606.0000,4610.0000,1,1,1,1,5,1,1,4,4,2
SF,IC2006,2019-11-13 09:32:29.900,4598.2000,10259,0,33129600.000,0,-,-,-,-,4601.0000,4598.4000,4598.2000,4598.0000,4597.0000,4601.2000,4603.8000,4604.0000,4606.0000,4610.0000,3,1,1,1,1,1,1,4,4,2
SF,IC2006,2019-11-13 09:32:30.400,4601.0000,10259,0,34049800.000,1,0,1,多换,S,4601.0000,4598.4000,4598.0000,4597.0000,4593.6000,4603.8000,4604.0000,4606.0000,4610.0000,4611.0000,2,1,1,1,5,1,3,4,2,5
SF,IC2006,2019-11-13 09:32:30.900,4601.0000,10259,0,34970000.000,1,0,1,多换,S,4601.0000,4598.4000,4598.2000,4598.0000,4597.0000,4603.4000,4603.8000,4604.0000,4606.0000,4610.0000,1,1,1,1,1,3,1,3,4,2
SF,IC2006,2019-11-13 09:32:31.400,4601.0000,10259,0,35890200.000,1,0,1,多换,S,4598.4000,4598.2000,4598.0000,4597.0000,4593.6000,4601.0000,4603.2000,4603.4000,4603.8000,4604.0000,1,1,1,1,5,1,1,3,1,3
SF,IC2006,2019-11-13 09:32:31.900,4601.0000,10259,0,35890200.000,0,-,-,-,-,4598.6000,4598.4000,4598.2000,4598.0000,4597.0000,4601.0000,4602.8000,4603.2000,4603.8000,4604.0000,2,1,1,1,1,1,1,1,1,3
SF,IC2006,2019-11-13 09:32:33.400,4601.0000,10259,0,35890200.000,0,-,-,-,-,4598.6000,4598.4000,4598.2000,4598.0000,4597.0000,4601.0000,4602.8000,4603.2000,4603.8000,4604.0000,2,1,1,1,1,1,1,1,1,3
SF,IC2006,2019-11-13 09:32:33.900,4601.0000,10259,0,35890200.000,0,-,-,-,-,4598.6000,4598.4000,4598.2000,4598.0000,4597.0000,4601.0000,4602.8000,4603.2000,4603.8000,4604.0000,3,1,1,1,1,1,1,1,1,3
SF,IC2006,2019-11-13 09:32:35.400,4601.0000,10259,0,35890200.000,0,-,-,-,-,4598.6000,4598.4000,4598.0000,4597.0000,4593.6000,4601.0000,4602.8000,4603.2000,4603.8000,4604.0000,3,1,1,1,5,1,1,1,1,3
SF,IC2006,2019-11-13 09:32:35.900,4601.0000,10259,0,36810400.000,1,0,1,多换,S,4601.0000,4598.6000,4598.4000,4598.0000,4597.0000,4602.8000,4603.2000,4603.8000,4604.0000,4606.0000,2,3,1,1,1,1,1,1,3,4
SF,IC2006,2019-11-13 09:32:36.400,4601.0000,10259,0,36810400.000,0,-,-,-,-,4601.0000,4598.6000,4598.4000,4598.0000,4597.0000,4602.6000,4602.8000,4603.2000,4603.8000,4604.0000,2,1,1,1,1,2,1,1,1,3
SF,IC2006,2019-11-13 09:32:37.400,4601.0000,10259,0,36810400.000,0,-,-,-,-,4601.0000,4598.6000,4598.4000,4598.0000,4597.6000,4602.6000,4602.8000,4603.2000,4603.8000,4604.0000,2,1,1,1,1,2,1,1,1,3
SF,IC2006,2019-11-13 09:32:37.900,4601.0000,10259,0,36810400.000,0,-,-,-,-,4601.0000,4598.6000,4598.4000,4598.0000,4597.6000,4601.4000,4602.6000,4602.8000,4603.2000,4603.8000,2,1,1,1,1,1,2,1,1,1
SF,IC2006,2019-11-13 09:32:38.400,4601.0000,10259,0,38650800.000,2,1,1,多换,S,4598.6000,4598.4000,4598.0000,4597.6000,4597.0000,4601.4000,4602.6000,4602.8000,4603.2000,4603.8000,1,1,1,1,1,1,1,1,1,1
SF,IC2006,2019-11-13 09:32:38.900,4601.0000,10259,0,38650800.000,0,-,-,-,-,4598.8000,4598.6000,4598.4000,4598.0000,4597.6000,4601.4000,4602.6000,4602.8000,4603.2000,4603.8000,2,1,1,1,1,1,1,1,1,1
SF,IC2006,2019-11-13 09:32:39.400,4601.0000,10259,0,38650800.000,0,-,-,-,-,4598.8000,4598.6000,4598.4000,4598.0000,4597.6000,4601.4000,4602.6000,4602.8000,4603.2000,4603.8000,2,1,1,1,1,1,1,1,1,1
SF,IC2006,2019-11-13 09:32:39.900,4601.0000,10259,0,38650800.000,0,-,-,-,-,4598.8000,4598.6000,4598.4000,4598.0000,4597.6000,4601.4000,4602.6000,4602.8000,4603.2000,4603.8000,2,1,1,1,1,1,1,1,1,1
SF,IC2006,2019-11-13 09:32:40.900,4601.0000,10259,0,38650800.000,0,-,-,-,-,4598.8000,4598.6000,4598.4000,4598.0000,4597.6000,4600.0000,4601.4000,4602.6000,4602.8000,4603.2000,2,1,1,1,1,1,1,1,1,1
SF,IC2006,2019-11-13 09:32:41.400,4601.0000,10259,0,38650800.000,0,-,-,-,-,4599.0000,4598.6000,4598.4000,4598.0000,4597.6000,4600.0000,4601.4000,4602.6000,4602.8000,4603.2000,1,1,1,1,1,1,1,1,1,1
SF,IC2006,2019-11-13 09:32:41.900,4601.0000,10259,0,38650800.000,0,-,-,-,-,4599.0000,4598.6000,4598.4000,4598.0000,4597.0000,4600.0000,4601.4000,4602.6000,4602.8000,4603.2000,1,1,1,1,1,1,1,1,1,1
SF,IC2006,2019-11-13 09:32:45.900,4600.0000,10259,0,39570800.000,1,0,1,多换,S,4599.0000,4598.6000,4598.4000,4598.0000,4597.0000,4599.4000,4601.4000,4602.6000,4602.8000,4603.2000,1,1,1,1,1,1,1,1,1,1
SF,IC2006,2019-11-13 09:32:46.400,4599.4000,10259,0,40490680.000,1,0,1,多换,S,4599.0000,4598.6000,4598.4000,4598.0000,4597.0000,4601.4000,4602.6000,4602.8000,4603.2000,4603.8000,1,1,1,1,1,1,1,1,1,1
SF,IC2006,2019-11-13 09:32:47.400,4599.4000,10259,0,40490680.000,0,-,-,-,-,4599.0000,4598.6000,4598.4000,4598.0000,4597.6000,4601.4000,4602.6000,4602.8000,4603.2000,4603.8000,1,1,1,1,1,1,1,1,1,1
SF,IC2006,2019-11-13 09:32:47.900,4599.4000,10259,0,40490680.000,0,-,-,-,-,4599.0000,4598.6000,4598.4000,4598.0000,4597.6000,4601.4000,4602.6000,4602.8000,4603.2000,4603.8000,1,1,1,1,1,1,1,1,1,1
SF,IC2006,2019-11-13 09:32:48.400,4599.4000,10259,0,40490680.000,0,-,-,-,-,4599.0000,4598.6000,4598.4000,4598.0000,4597.6000,4601.4000,4602.6000,4602.8000,4603.2000,4603.8000,1,1,1,1,1,1,1,1,1,1
SF,IC2006,2019-11-13 09:32:48.900,4599.4000,10259,0,40490680.000,0,-,-,-,-,4599.0000,4598.6000,4598.4000,4598.0000,4597.6000,4599.8000,4601.4000,4602.6000,4602.8000,4603.2000,1,1,1,1,1,1,1,1,1,1
SF,IC2006,2019-11-13 09:32:49.400,4599.8000,10259,0,41410640.000,1,0,1,多换,S,4599.0000,4598.6000,4598.4000,4598.0000,4597.6000,4601.4000,4602.6000,4602.8000,4603.2000,4603.8000,1,1,1,1,1,1,1,1,1,1
SF,IC2006,2019-11-13 09:32:49.900,4599.8000,10259,0,41410640.000,0,-,-,-,-,4598.6000,4598.0000,4597.6000,4597.0000,4593.6000,4601.2000,4601.4000,4602.6000,4602.8000,4603.2000,1,1,1,1,5,2,1,1,1,1
SF,IC2006,2019-11-13 09:32:50.400,4599.8000,10259,0,41410640.000,0,-,-,-,-,4598.6000,4598.0000,4597.0000,4593.6000,4592.0000,4601.2000,4601.4000,4602.6000,4602.8000,4603.2000,1,1,1,5,1,2,1,1,1,1
SF,IC2006,2019-11-13 09:32:51.900,4599.8000,10259,0,41410640.000,0,-,-,-,-,4598.6000,4598.0000,4597.0000,4593.6000,4592.0000,4599.8000,4601.2000,4601.4000,4602.6000,4602.8000,1,1,1,5,1,2,2,1,1,1
SF,IC2006,2019-11-13 09:32:52.400,4601.2000,10260,1,44170800.000,3,2,1,空开,S,4598.6000,4598.0000,4597.0000,4593.6000,4592.0000,4601.4000,4602.6000,4602.8000,4603.2000,4603.8000,1,1,1,5,1,1,1,1,1,1
SF,IC2006,2019-11-13 09:32:52.900,4601.2000,10260,0,44170800.000,0,-,-,-,-,4598.6000,4597.0000,4593.6000,4592.0000,4590.0000,4601.0000,4601.2000,4601.4000,4602.8000,4604.0000,1,1,5,1,2,1,2,1,1,4
SF,IC2006,2019-11-13 09:32:53.400,4601.2000,10260,0,44170800.000,0,-,-,-,-,4598.6000,4597.0000,4593.6000,4592.0000,4590.0000,4600.8000,4601.0000,4601.4000,4602.8000,4604.0000,1,1,5,1,2,1,1,1,1,4
SF,IC2006,2019-11-13 09:32:53.900,4601.2000,10260,0,44170800.000,0,-,-,-,-,4598.6000,4597.0000,4593.6000,4592.0000,4590.0000,4600.8000,4601.0000,4601.4000,4604.0000,4606.0000,1,1,5,1,2,1,1,1,4,4
SF,IC2006,2019-11-13 09:32:54.900,4598.6000,10261,1,45090520.000,1,1,0,双开,S,4597.0000,4593.6000,4592.0000,4590.0000,4582.8000,4600.8000,4601.0000,4601.4000,4603.0000,4604.0000,1,5,1,2,1,1,1,1,1,4
SF,IC2006,2019-11-13 09:32:55.400,4598.6000,10261,0,45090520.000,0,-,-,-,-,4597.2000,4597.0000,4593.6000,4592.0000,4590.0000,4600.8000,4601.0000,4601.4000,4603.0000,4604.0000,3,1,5,1,2,1,1,1,1,4
SF,IC2006,2019-11-13 09:32:56.400,4598.6000,10261,0,45090520.000,0,-,-,-,-,4597.2000,4597.0000,4593.6000,4592.0000,4590.0000,4600.0000,4600.8000,4601.0000,4601.4000,4603.0000,3,1,5,1,2,1,1,1,1,1
SF,IC2006,2019-11-13 09:32:56.900,4598.6000,10261,0,45090520.000,0,-,-,-,-,4597.2000,4597.0000,4593.6000,4592.0000,4590.0000,4600.0000,4601.4000,4603.0000,4604.0000,4606.0000,3,1,5,1,2,1,1,1,4,4
SF,IC2006,2019-11-13 09:32:57.900,4598.6000,10261,0,45090520.000,0,-,-,-,-,4597.4000,4597.2000,4597.0000,4593.6000,4592.0000,4600.0000,4601.4000,4603.0000,4604.0000,4606.0000,1,3,1,5,1,2,1,1,4,4
SF,IC2006,2019-11-13 09:32:58.400,4598.6000,10261,0,45090520.000,0,-,-,-,-,4597.6000,4597.4000,4597.2000,4597.0000,4593.6000,4600.0000,4601.4000,4603.0000,4604.0000,4606.0000,3,1,1,1,5,2,1,1,4,4
SF,IC2006,2019-11-13 09:32:58.900,4598.6000,10261,0,45090520.000,0,-,-,-,-,4597.6000,4597.4000,4597.2000,4597.0000,4593.6000,4600.0000,4601.4000,4603.0000,4604.0000,4606.0000,3,1,1,1,5,2,1,1,4,4
SF,IC2006,2019-11-13 09:32:59.400,4597.8000,10261,0,46010080.000,1,0,1,多换,S,4597.6000,4597.4000,4597.2000,4597.0000,4593.6000,4600.0000,4601.4000,4603.0000,4604.0000,4606.0000,1,1,1,1,5,3,1,1,4,4
SF,IC2006,2019-11-13 09:32:59.900,4597.8000,10261,0,46010080.000,0,-,-,-,-,4597.6000,4597.4000,4597.2000,4597.0000,4593.6000,4599.8000,4600.0000,4601.4000,4603.0000,4604.0000,1,1,1,1,5,1,2,1,1,4
SF,IC2006,2019-11-13 09:33:01.400,4597.8000,10261,0,46010080.000,0,-,-,-,-,4597.6000,4597.2000,4597.0000,4593.6000,4592.0000,4599.8000,4600.0000,4601.4000,4603.0000,4604.0000,1,1,1,5,1,1,2,1,1,4
SF,IC2006,2019-11-13 09:33:02.400,4597.8000,10261,0,46010080.000,0,-,-,-,-,4597.6000,4597.2000,4597.0000,4596.0000,4593.6000,4599.8000,4600.0000,4601.4000,4603.0000,4604.0000,1,1,1,2,5,1,2,1,1,4
SF,IC2006,2019-11-13 09:33:04.400,4600.0000,10260,-1,47850040.000,2,0,2,多平,S,4597.8000,4597.6000,4597.2000,4597.0000,4596.0000,4600.0000,4601.4000,4602.6000,4603.0000,4604.0000,1,1,1,1,2,1,1,1,1,4
SF,IC2006,2019-11-13 09:33:04.900,4600.0000,10259,-1,48770040.000,1,0,1,双平,S,4598.0000,4597.8000,4597.6000,4597.2000,4597.0000,4601.4000,4603.0000,4604.0000,4606.0000,4610.0000,1,1,1,1,1,1,2,4,4,2
SF,IC2006,2019-11-13 09:33:05.400,4600.0000,10259,0,48770040.000,0,-,-,-,-,4598.4000,4598.0000,4597.8000,4597.6000,4597.2000,4601.4000,4603.0000,4604.0000,4606.0000,4610.0000,3,1,1,1,1,1,2,4,4,2
SF,IC2006,2019-11-13 09:33:05.900,4600.0000,10259,0,48770040.000,0,-,-,-,-,4598.6000,4598.4000,4598.0000,4597.8000,4597.6000,4601.4000,4603.0000,4604.0000,4606.0000,4610.0000,1,3,1,1,1,1,1,4,4,2
SF,IC2006,2019-11-13 09:33:06.400,4600.0000,10259,0,48770040.000,0,-,-,-,-,4598.8000,4598.6000,4598.0000,4597.8000,4597.6000,4601.4000,4603.0000,4604.0000,4606.0000,4610.0000,3,1,1,1,1,1,1,4,4,2
SF,IC2006,2019-11-13 09:33:06.900,4600.0000,10259,0,48770040.000,0,-,-,-,-,4599.0000,4598.8000,4598.6000,4598.0000,4597.8000,4601.4000,4603.0000,4604.0000,4606.0000,4610.0000,1,3,1,1,1,1,1,4,4,2
SF,IC2006,2019-11-13 09:33:07.400,4600.0000,10259,0,48770040.000,0,-,-,-,-,4599.2000,4598.8000,4598.6000,4598.0000,4597.8000,4601.4000,4603.0000,4604.0000,4606.0000,4610.0000,1,1,1,1,1,1,1,4,4,2
SF,IC2006,2019-11-13 09:33:09.400,4600.0000,10259,0,48770040.000,0,-,-,-,-,4599.2000,4598.6000,4598.0000,4597.8000,4597.0000,4601.4000,4603.0000,4604.0000,4606.0000,4610.0000,1,1,1,1,1,1,1,4,4,2
SF,IC2006,2019-11-13 09:33:10.400,4600.0000,10259,0,48770040.000,0,-,-,-,-,4599.2000,4598.6000,4598.0000,4597.8000,4597.0000,4601.4000,4603.0000,4604.0000,4606.0000,4610.0000,1,1,1,1,1,1,1,4,4,2
SF,IC2006,2019-11-13 09:33:10.900,4600.0000,10259,0,48770040.000,0,-,-,-,-,4599.2000,4598.6000,4598.0000,4597.8000,4597.0000,4599.4000,4601.2000,4601.4000,4603.0000,4604.0000,1,1,1,1,1,1,1,1,1,4
SF,IC2006,2019-11-13 09:33:11.400,4599.4000,10259,0,49689920.000,1,0,1,多换,S,4599.2000,4598.6000,4598.0000,4597.8000,4597.0000,4601.4000,4603.0000,4604.0000,4606.0000,4610.0000,1,1,1,1,1,1,1,4,4,2
SF,IC2006,2019-11-13 09:33:11.900,4599.4000,10259,0,49689920.000,0,-,-,-,-,4599.2000,4598.6000,4598.0000,4597.8000,4597.0000,4601.2000,4601.4000,4603.0000,4604.0000,4606.0000,1,1,1,1,1,1,1,1,4,4
SF,IC2006,2019-11-13 09:33:13.400,4599.4000,10259,0,49689920.000,0,-,-,-,-,4599.2000,4598.6000,4598.0000,4597.8000,4597.0000,4601.2000,4601.4000,4603.0000,4604.0000,4606.0000,1,1,1,1,1,1,1,1,4,4
SF,IC2006,2019-11-13 09:33:13.900,4599.4000,10259,0,49689920.000,0,-,-,-,-,4599.2000,4598.6000,4598.0000,4597.0000,4596.0000,4601.4000,4603.0000,4604.0000,4606.0000,4610.0000,1,1,1,1,2,1,1,4,4,2
SF,IC2006,2019-11-13 09:33:16.400,4599.4000,10259,0,49689920.000,0,-,-,-,-,4599.2000,4598.0000,4597.0000,4596.0000,4593.6000,4601.4000,4603.0000,4604.0000,4606.0000,4610.0000,1,1,1,2,5,1,1,4,4,2
SF,IC2006,2019-11-13 09:33:16.900,4599.4000,10259,0,49689920.000,0,-,-,-,-,4598.0000,4597.0000,4596.0000,4593.6000,4592.0000,4601.2000,4601.4000,4603.0000,4604.0000,4606.0000,1,1,2,5,1,1,1,1,4,4
SF,IC2006,2019-11-13 09:33:17.400,4599.4000,10259,0,49689920.000,0,-,-,-,-,4598.2000,4598.0000,4597.0000,4596.0000,4593.6000,4601.2000,4601.4000,4603.0000,4604.0000,4606.0000,1,1,1,2,5,1,1,1,4,4
SF,IC2006,2019-11-13 09:33:20.900,4599.4000,10259,0,49689920.000,0,-,-,-,-,4598.2000,4598.0000,4597.0000,4596.0000,4593.6000,4601.2000,4601.4000,4603.0000,4604.0000,4606.0000,1,1,1,2,5,2,1,1,4,4
SF,IC2006,2019-11-13 09:33:21.900,4599.4000,10259,0,49689920.000,0,-,-,-,-,4598.4000,4598.2000,4598.0000,4597.0000,4596.0000,4601.2000,4601.4000,4603.0000,4604.0000,4606.0000,1,1,1,1,2,2,1,1,4,4
SF,IC2006,2019-11-13 09:33:22.400,4599.4000,10259,0,49689920.000,0,-,-,-,-,4598.4000,4598.0000,4597.0000,4596.0000,4593.6000,4601.2000,4601.4000,4603.0000,4604.0000,4606.0000,1,1,1,2,5,2,1,1,4,4
SF,IC2006,2019-11-13 09:33:22.900,4599.4000,10259,0,49689920.000,0,-,-,-,-,4598.6000,4598.0000,4597.0000,4596.0000,4593.6000,4601.2000,4601.4000,4603.0000,4604.0000,4606.0000,1,1,1,2,5,2,1,1,4,4
SF,IC2006,2019-11-13 09:33:23.900,4598.6000,10258,-1,50609640.000,1,0,1,双平,S,4598.0000,4597.0000,4596.0000,4593.6000,4592.0000,4601.2000,4601.4000,4603.0000,4604.0000,4606.0000,1,1,2,5,1,2,1,1,4,4
SF,IC2006,2019-11-13 09:33:24.400,4598.0000,10258,0,51529240.000,1,0,1,多换,S,4597.0000,4596.0000,4593.6000,4592.0000,4590.0000,4601.2000,4601.4000,4603.0000,4604.0000,4606.0000,1,2,5,1,2,2,1,1,4,4
SF,IC2006,2019-11-13 09:33:24.900,4598.0000,10258,0,51529240.000,0,-,-,-,-,4597.0000,4596.0000,4593.6000,4592.0000,4590.0000,4600.8000,4601.0000,4601.2000,4601.4000,4603.0000,1,2,5,1,2,1,1,2,1,1
SF,IC2006,2019-11-13 09:33:25.400,4598.0000,10258,0,51529240.000,0,-,-,-,-,4597.2000,4597.0000,4596.0000,4593.6000,4592.0000,4601.0000,4601.2000,4601.4000,4603.0000,4604.0000,2,1,2,5,1,1,1,1,1,4
SF,IC2006,2019-11-13 09:33:25.900,4598.0000,10258,0,51529240.000,0,-,-,-,-,4597.2000,4597.0000,4596.0000,4593.6000,4592.0000,4600.8000,4601.2000,4601.4000,4603.0000,4604.0000,2,1,2,5,1,2,1,1,1,4
SF,IC2006,2019-11-13 09:33:26.400,4598.0000,10258,0,51529240.000,0,-,-,-,-,4597.2000,4597.0000,4596.0000,4593.6000,4592.0000,4600.8000,4601.2000,4601.4000,4603.0000,4604.0000,2,1,2,5,1,2,1,1,1,4
SF,IC2006,2019-11-13 09:33:26.900,4601.2000,10259,1,53369600.000,2,1,1,空开,S,4601.2000,4597.2000,4597.0000,4596.0000,4593.6000,4601.4000,4602.0000,4603.0000,4604.0000,4606.0000,1,2,1,2,5,1,1,1,4,4
SF,IC2006,2019-11-13 09:33:27.400,4601.2000,10259,0,54289840.000,1,0,1,多换,S,4597.2000,4597.0000,4596.0000,4593.6000,4592.0000,4601.2000,4601.4000,4603.0000,4604.0000,4606.0000,1,1,2,5,1,1,1,1,4,4
SF,IC2006,2019-11-13 09:33:27.900,4601.2000,10259,0,54289840.000,0,-,-,-,-,4597.4000,4597.2000,4597.0000,4596.0000,4593.6000,4601.0000,4601.2000,4601.4000,4603.0000,4604.0000,3,1,1,2,5,1,1,1,1,4
SF,IC2006,2019-11-13 09:33:28.400,4601.2000,10259,0,54289840.000,0,-,-,-,-,4598.0000,4597.6000,4597.4000,4597.2000,4597.0000,4601.0000,4601.2000,4601.4000,4603.0000,4604.0000,1,1,3,1,1,1,1,1,1,4
SF,IC2006,2019-11-13 09:33:28.900,4601.2000,10259,0,54289840.000,0,-,-,-,-,4598.2000,4598.0000,4597.6000,4597.0000,4596.0000,4601.0000,4601.2000,4601.4000,4603.0000,4604.0000,3,1,1,1,2,1,1,1,1,4
SF,IC2006,2019-11-13 09:33:29.900,4601.2000,10259,0,54289840.000,0,-,-,-,-,4598.2000,4598.0000,4597.6000,4597.0000,4596.0000,4601.0000,4601.2000,4601.4000,4603.0000,4604.0000,3,1,1,1,2,1,1,1,1,4
SF,IC2006,2019-11-13 09:33:30.400,4601.2000,10259,0,54289840.000,0,-,-,-,-,4598.2000,4598.0000,4597.6000,4597.0000,4596.0000,4601.0000,4601.2000,4601.4000,4603.0000,4604.0000,3,1,1,1,2,1,1,1,1,4
SF,IC2006,2019-11-13 09:33:30.900,4601.2000,10259,0,54289840.000,0,-,-,-,-,4598.2000,4598.0000,4597.6000,4597.0000,4596.0000,4601.0000,4601.2000,4601.4000,4603.0000,4604.0000,3,1,1,1,2,1,1,1,1,4
SF,IC2006,2019-11-13 09:33:31.400,4601.2000,10258,-1,55210080.000,1,0,1,双平,S,4598.2000,4598.0000,4597.6000,4597.0000,4596.0000,4601.4000,4603.0000,4604.0000,4606.0000,4610.0000,3,1,1,1,2,1,1,4,4,2
SF,IC2006,2019-11-13 09:33:31.900,4601.4000,10258,0,56130360.000,1,0,1,多换,S,4598.2000,4598.0000,4597.6000,4597.0000,4596.0000,4603.0000,4604.0000,4606.0000,4610.0000,4611.0000,3,1,1,1,2,1,4,4,2,5
SF,IC2006,2019-11-13 09:33:32.400,4601.4000,10258,0,56130360.000,0,-,-,-,-,4598.8000,4598.4000,4598.2000,4598.0000,4597.6000,4604.0000,4606.0000,4610.0000,4611.0000,4614.0000,1,1,3,1,1,4,4,2,5,1
SF,IC2006,2019-11-13 09:33:32.900,4601.4000,10258,0,56130360.000,0,-,-,-,-,4599.4000,4599.0000,4598.8000,4598.2000,4598.0000,4603.8000,4604.0000,4606.0000,4610.0000,4611.0000,3,2,1,1,1,1,4,4,2,5
SF,IC2006,2019-11-13 09:33:33.400,4601.4000,10258,0,56130360.000,0,-,-,-,-,4599.6000,4599.0000,4598.8000,4598.0000,4597.0000,4603.8000,4604.0000,4606.0000,4610.0000,4611.0000,2,2,1,1,1,1,4,4,2,5
SF,IC2006,2019-11-13 09:33:33.900,4601.4000,10258,0,56130360.000,0,-,-,-,-,4599.8000,4599.6000,4599.0000,4598.0000,4597.0000,4603.8000,4604.0000,4606.0000,4610.0000,4611.0000,1,2,1,1,1,1,4,4,2,5
SF,IC2006,2019-11-13 09:33:34.400,4601.4000,10258,0,56130360.000,0,-,-,-,-,4600.0000,4599.8000,4599.6000,4598.0000,4597.0000,4603.4000,4603.6000,4603.8000,4604.0000,4606.0000,2,1,1,1,1,1,1,1,4,4
SF,IC2006,2019-11-13 09:33:34.900,4601.4000,10258,0,56130360.000,0,-,-,-,-,4600.0000,4599.6000,4598.0000,4597.0000,4596.0000,4603.2000,4603.4000,4603.6000,4604.0000,4606.0000,2,1,1,1,2,2,1,1,4,4
SF,IC2006,2019-11-13 09:33:36.400,4601.4000,10258,0,56130360.000,0,-,-,-,-,4600.0000,4599.6000,4598.0000,4597.0000,4596.0000,4602.8000,4603.2000,4603.4000,4604.0000,4606.0000,2,1,1,1,2,1,2,1,4,4
SF,IC2006,2019-11-13 09:33:36.900,4601.4000,10258,0,56130360.000,0,-,-,-,-,4600.0000,4599.6000,4598.0000,4597.0000,4596.0000,4602.8000,4603.4000,4604.0000,4606.0000,4610.0000,2,1,1,1,2,1,1,4,4,2
SF,IC2006,2019-11-13 09:33:37.400,4601.4000,10258,0,56130360.000,0,-,-,-,-,4600.0000,4599.6000,4598.0000,4597.0000,4596.0000,4602.8000,4603.4000,4604.0000,4606.0000,4610.0000,2,1,1,1,2,1,1,4,4,2
SF,IC2006,2019-11-13 09:33:37.900,4601.4000,10258,0,56130360.000,0,-,-,-,-,4600.0000,4599.6000,4598.0000,4597.0000,4596.0000,4602.8000,4603.4000,4604.0000,4606.0000,4610.0000,2,1,1,1,2,1,1,4,4,2
SF,IC2006,2019-11-13 09:33:38.400,4601.4000,10258,0,56130360.000,0,-,-,-,-,4600.0000,4599.6000,4598.0000,4597.0000,4596.0000,4602.8000,4603.4000,4604.0000,4606.0000,4610.0000,2,1,1,1,2,1,1,4,4,2
SF,IC2006,2019-11-13 09:33:38.900,4601.4000,10258,0,56130360.000,0,-,-,-,-,4600.0000,4599.6000,4598.0000,4597.0000,4596.0000,4602.8000,4603.4000,4604.0000,4606.0000,4610.0000,2,1,1,1,2,1,1,4,4,2
SF,IC2006,2019-11-13 09:33:40.900,4601.4000,10258,0,56130360.000,0,-,-,-,-,4600.0000,4599.6000,4598.0000,4597.0000,4596.0000,4603.4000,4604.0000,4606.0000,4610.0000,4611.0000,2,1,1,1,2,1,4,4,2,5
SF,IC2006,2019-11-13 09:33:41.400,4601.4000,10258,0,56130360.000,0,-,-,-,-,4600.0000,4599.6000,4598.0000,4597.0000,4596.0000,4603.2000,4604.0000,4606.0000,4610.0000,4611.0000,2,1,1,1,2,1,4,4,2,5
SF,IC2006,2019-11-13 09:33:42.400,4600.0000,10256,-2,57970360.000,2,0,2,双平,S,4599.6000,4598.0000,4597.0000,4596.0000,4593.6000,4600.0000,4603.0000,4603.2000,4604.0000,4606.0000,1,1,1,2,5,3,1,1,4,4
SF,IC2006,2019-11-13 09:33:42.900,4600.0000,10254,-2,60730360.000,3,0,3,多平,S,4599.6000,4598.0000,4597.0000,4596.0000,4593.6000,4600.0000,4603.0000,4604.0000,4606.0000,4610.0000,1,1,1,2,5,1,1,4,4,2
SF,IC2006,2019-11-13 09:33:43.400,4599.8000,10253,-1,66250160.000,6,2,4,多平,S,4599.6000,4598.0000,4597.0000,4596.0000,4593.6000,4603.0000,4604.0000,4606.0000,4610.0000,4611.0000,1,1,1,2,5,1,4,4,2,5
SF,IC2006,2019-11-13 09:33:43.900,4599.8000,10253,0,66250160.000,0,-,-,-,-,4599.8000,4599.6000,4598.0000,4597.0000,4596.0000,4602.8000,4603.0000,4604.0000,4606.0000,4610.0000,1,1,1,1,2,1,1,4,4,2
SF,IC2006,2019-11-13 09:33:44.400,4599.8000,10253,0,66250160.000,0,-,-,-,-,4600.0000,4599.8000,4598.0000,4597.0000,4596.0000,4602.8000,4603.0000,4604.0000,4606.0000,4610.0000,1,1,1,1,2,1,1,4,4,2
SF,IC2006,2019-11-13 09:33:44.900,4599.8000,10252,-1,67170120.000,1,0,1,双平,S,4598.0000,4597.0000,4596.0000,4593.6000,4592.0000,4602.6000,4602.8000,4603.0000,4604.0000,4606.0000,1,1,2,5,1,1,1,1,4,4
SF,IC2006,2019-11-13 09:33:45.400,4599.8000,10252,0,67170120.000,0,-,-,-,-,4598.2000,4598.0000,4597.0000,4596.0000,4593.6000,4602.4000,4602.6000,4603.0000,4604.0000,4606.0000,1,1,1,2,5,1,1,1,4,4
SF,IC2006,2019-11-13 09:33:45.900,4599.8000,10252,0,67170120.000,0,-,-,-,-,4598.2000,4598.0000,4597.0000,4596.0000,4593.6000,4602.2000,4602.4000,4602.6000,4603.0000,4604.0000,1,1,1,2,5,2,1,1,1,4
SF,IC2006,2019-11-13 09:33:46.400,4599.8000,10252,0,67170120.000,0,-,-,-,-,4598.2000,4598.0000,4597.0000,4596.0000,4593.6000,4602.2000,4602.4000,4602.6000,4604.0000,4606.0000,1,1,1,2,5,3,1,1,4,4
SF,IC2006,2019-11-13 09:33:47.400,4599.8000,10252,0,67170120.000,0,-,-,-,-,4598.4000,4598.2000,4598.0000,4597.0000,4596.0000,4602.2000,4602.4000,4604.0000,4606.0000,4610.0000,1,1,1,1,2,3,1,4,4,2
SF,IC2006,2019-11-13 09:33:47.900,4599.8000,10252,0,67170120.000,0,-,-,-,-,4598.6000,4598.4000,4598.0000,4597.0000,4596.0000,4602.0000,4602.2000,4602.4000,4604.0000,4606.0000,2,1,1,1,2,1,1,1,4,4
SF,IC2006,2019-11-13 09:33:48.400,4599.8000,10252,0,67170120.000,0,-,-,-,-,4598.6000,4598.4000,4598.0000,4597.0000,4596.0000,4602.0000,4604.0000,4606.0000,4610.0000,4611.0000,2,1,1,1,2,1,4,4,2,5
SF,IC2006,2019-11-13 09:33:48.900,4599.8000,10252,0,67170120.000,0,-,-,-,-,4599.0000,4598.6000,4598.4000,4598.0000,4597.0000,4604.0000,4606.0000,4610.0000,4611.0000,4614.0000,1,2,1,1,1,4,4,2,5,1
SF,IC2006,2019-11-13 09:33:49.400,4599.8000,10252,0,67170120.000,0,-,-,-,-,4599.2000,4599.0000,4598.0000,4597.0000,4596.0000,4603.8000,4604.0000,4606.0000,4610.0000,4611.0000,3,2,1,1,2,1,4,4,2,5
SF,IC2006,2019-11-13 09:33:49.900,4599.8000,10252,0,67170120.000,0,-,-,-,-,4599.2000,4599.0000,4598.0000,4597.0000,4596.0000,4603.6000,4603.8000,4604.0000,4606.0000,4610.0000,3,2,1,1,2,1,1,4,4,2
SF,IC2006,2019-11-13 09:33:50.400,4599.8000,10252,0,67170120.000,0,-,-,-,-,4599.2000,4599.0000,4598.0000,4597.0000,4596.0000,4603.4000,4604.0000,4606.0000,4610.0000,4611.0000,3,1,1,1,2,3,4,4,2,5
SF,IC2006,2019-11-13 09:33:50.900,4599.8000,10252,0,67170120.000,0,-,-,-,-,4599.4000,4599.2000,4599.0000,4598.0000,4597.0000,4603.4000,4604.0000,4606.0000,4610.0000,4611.0000,1,1,1,1,1,4,4,4,2,5
SF,IC2006,2019-11-13 09:33:51.400,4599.8000,10252,0,67170120.000,0,-,-,-,-,4599.4000,4599.2000,4598.0000,4597.0000,4596.0000,4603.4000,4604.0000,4606.0000,4610.0000,4611.0000,1,1,1,1,2,4,4,4,2,5
SF,IC2006,2019-11-13 09:33:53.400,4599.8000,10252,0,67170120.000,0,-,-,-,-,4599.4000,4599.2000,4598.0000,4597.0000,4596.0000,4603.2000,4603.4000,4604.0000,4606.0000,4610.0000,1,1,1,1,2,1,4,4,4,2
SF,IC2006,2019-11-13 09:33:53.900,4599.8000,10252,0,67170120.000,0,-,-,-,-,4600.2000,4599.4000,4599.2000,4599.0000,4598.0000,4603.0000,4603.2000,4603.4000,4604.0000,4606.0000,1,1,1,2,1,2,1,2,4,4
SF,IC2006,2019-11-13 09:33:54.400,4599.8000,10252,0,67170120.000,0,-,-,-,-,4600.2000,4599.6000,4599.0000,4598.0000,4597.0000,4603.0000,4603.2000,4603.4000,4604.0000,4606.0000,1,1,2,1,1,2,1,1,4,4
SF,IC2006,2019-11-13 09:33:54.900,4599.8000,10252,0,67170120.000,0,-,-,-,-,4599.6000,4599.0000,4598.0000,4597.0000,4596.0000,4602.8000,4603.0000,4603.2000,4604.0000,4606.0000,1,2,1,1,2,1,2,1,4,4
SF,IC2006,2019-11-13 09:33:55.400,4599.8000,10252,0,67170120.000,0,-,-,-,-,4599.0000,4598.0000,4597.0000,4596.0000,4593.6000,4602.6000,4602.8000,4603.2000,4604.0000,4606.0000,2,1,1,2,5,2,1,1,4,4
SF,IC2006,2019-11-13 09:33:55.900,4599.8000,10252,0,67170120.000,0,-,-,-,-,4599.2000,4599.0000,4598.0000,4597.0000,4596.0000,4599.6000,4602.6000,4602.8000,4603.2000,4604.0000,2,2,1,1,2,5,2,1,1,4
SF,IC2006,2019-11-13 09:33:56.400,4599.6000,10247,-5,71769720.000,5,0,5,双平,S,4599.2000,4599.0000,4598.0000,4597.0000,4596.0000,4602.8000,4603.2000,4604.0000,4606.0000,4610.0000,1,2,1,1,2,1,1,4,4,2
SF,IC2006,2019-11-13 09:33:56.900,4599.6000,10247,0,71769720.000,0,-,-,-,-,4599.2000,4599.0000,4598.0000,4597.0000,4596.0000,4602.6000,4602.8000,4603.2000,4604.0000,4606.0000,1,2,1,1,2,4,1,1,4,4
SF,IC2006,2019-11-13 09:33:57.900,4599.6000,10247,0,71769720.000,0,-,-,-,-,4599.2000,4599.0000,4598.0000,4597.0000,4596.0000,4602.6000,4602.8000,4604.0000,4606.0000,4610.0000,1,2,1,1,2,3,1,4,4,2
SF,IC2006,2019-11-13 09:33:58.400,4599.6000,10247,0,71769720.000,0,-,-,-,-,4599.2000,4599.0000,4598.0000,4597.0000,4596.0000,4602.2000,4602.6000,4604.0000,4606.0000,4610.0000,1,2,1,1,2,1,3,4,4,2
SF,IC2006,2019-11-13 09:33:58.900,4599.2000,10247,0,72689560.000,1,0,1,多换,S,4599.0000,4598.0000,4597.0000,4596.0000,4593.6000,4602.0000,4602.2000,4604.0000,4606.0000,4610.0000,2,1,1,2,5,2,1,4,4,2
SF,IC2006,2019-11-13 09:33:59.400,4599.2000,10247,0,72689560.000,0,-,-,-,-,4599.0000,4598.0000,4597.0000,4596.0000,4593.6000,4600.6000,4601.8000,4602.0000,4602.2000,4604.0000,2,1,1,2,5,1,1,2,1,4
SF,IC2006,2019-11-13 09:33:59.900,4599.2000,10247,0,72689560.000,0,-,-,-,-,4599.0000,4598.0000,4597.0000,4596.0000,4593.6000,4600.6000,4601.8000,4602.2000,4604.0000,4606.0000,2,1,1,2,5,1,1,1,4,4
SF,IC2006,2019-11-13 09:34:02.400,4600.6000,10247,0,73609680.000,1,0,1,多换,S,4599.0000,4598.0000,4597.0000,4596.0000,4593.6000,4599.8000,4601.8000,4602.2000,4604.0000,4606.0000,2,1,1,2,5,1,1,1,4,4
SF,IC2006,2019-11-13 09:34:02.900,4599.8000,10247,0,74529640.000,1,0,1,多换,S,4600.6000,4599.2000,4599.0000,4598.0000,4597.0000,4604.0000,4606.0000,4610.0000,4611.0000,4614.0000,3,1,2,1,1,4,4,2,5,1
SF,IC2006,2019-11-13 09:34:03.400,4599.8000,10247,0,74529640.000,0,-,-,-,-,4600.6000,4599.0000,4598.0000,4597.0000,4596.0000,4603.2000,4603.4000,4603.8000,4604.0000,4606.0000,3,2,1,1,2,1,3,1,4,4
SF,IC2006,2019-11-13 09:34:03.900,4599.8000,10247,0,74529640.000,0,-,-,-,-,4600.6000,4599.0000,4598.0000,4597.0000,4596.0000,4603.0000,4603.2000,4603.8000,4604.0000,4606.0000,3,2,1,1,2,2,1,1,4,4
SF,IC2006,2019-11-13 09:34:04.400,4599.8000,10247,0,74529640.000,0,-,-,-,-,4600.6000,4599.0000,4598.0000,4597.0000,4596.0000,4603.0000,4603.8000,4604.0000,4606.0000,4610.0000,3,2,1,1,2,2,1,4,4,2
SF,IC2006,2019-11-13 09:34:04.900,4599.8000,10247,0,74529640.000,0,-,-,-,-,4600.6000,4599.0000,4598.0000,4597.0000,4596.0000,4602.8000,4603.0000,4603.8000,4604.0000,4606.0000,3,2,1,1,2,1,2,1,4,4
SF,IC2006,2019-11-13 09:34:05.400,4599.8000,10247,0,74529640.000,0,-,-,-,-,4600.6000,4599.0000,4598.0000,4597.0000,4596.0000,4602.6000,4603.8000,4604.0000,4606.0000,4610.0000,3,2,1,1,2,1,1,4,4,2
SF,IC2006,2019-11-13 09:34:06.900,4599.8000,10247,0,74529640.000,0,-,-,-,-,4600.6000,4599.0000,4598.0000,4597.0000,4596.0000,4602.6000,4604.0000,4606.0000,4610.0000,4611.0000,3,2,1,1,2,1,4,4,2,5
SF,IC2006,2019-11-13 09:34:07.400,4599.8000,10247,0,74529640.000,0,-,-,-,-,4600.8000,4600.6000,4599.0000,4598.0000,4597.0000,4604.0000,4606.0000,4610.0000,4611.0000,4614.0000,1,3,2,1,1,4,4,2,5,1
SF,IC2006,2019-11-13 09:34:07.900,4599.8000,10247,0,74529640.000,0,-,-,-,-,4600.8000,4600.6000,4599.0000,4598.0000,4597.0000,4603.8000,4604.0000,4606.0000,4610.0000,4611.0000,1,3,2,1,1,2,4,4,2,5
SF,IC2006,2019-11-13 09:34:08.400,4599.8000,10247,0,74529640.000,0,-,-,-,-,4600.8000,4600.6000,4599.0000,4598.0000,4597.0000,4603.8000,4604.0000,4606.0000,4610.0000,4611.0000,1,3,2,1,1,2,4,4,2,5
SF,IC2006,2019-11-13 09:34:09.900,4599.8000,10247,0,74529640.000,0,-,-,-,-,4601.0000,4600.8000,4600.6000,4599.0000,4598.0000,4603.8000,4604.0000,4606.0000,4610.0000,4611.0000,1,1,3,2,1,2,4,4,2,5
SF,IC2006,2019-11-13 09:34:10.400,4599.8000,10247,0,74529640.000,0,-,-,-,-,4601.0000,4600.6000,4599.0000,4598.0000,4597.0000,4603.8000,4604.0000,4606.0000,4610.0000,4611.0000,1,3,2,1,1,2,4,4,2,5
SF,IC2006,2019-11-13 09:34:10.900,4599.8000,10247,0,74529640.000,0,-,-,-,-,4600.6000,4599.0000,4598.0000,4597.0000,4596.0000,4603.8000,4604.0000,4606.0000,4610.0000,4611.0000,3,2,1,1,2,2,4,4,2,5
SF,IC2006,2019-11-13 09:34:11.400,4599.8000,10247,0,74529640.000,0,-,-,-,-,4600.6000,4599.0000,4598.0000,4597.0000,4596.0000,4603.8000,4604.0000,4606.0000,4610.0000,4611.0000,3,2,1,1,2,2,4,4,2,5
SF,IC2006,2019-11-13 09:34:12.400,4599.8000,10247,0,74529640.000,0,-,-,-,-,4600.8000,4600.6000,4599.0000,4598.0000,4597.0000,4603.8000,4604.0000,4606.0000,4610.0000,4611.0000,1,3,2,1,1,2,4,4,2,5
SF,IC2006,2019-11-13 09:34:12.900,4599.8000,10247,0,74529640.000,0,-,-,-,-,4601.0000,4600.8000,4600.6000,4599.0000,4598.0000,4603.8000,4604.0000,4606.0000,4610.0000,4611.0000,1,1,3,2,1,2,4,4,2,5
SF,IC2006,2019-11-13 09:34:16.900,4599.8000,10247,0,74529640.000,0,-,-,-,-,4601.0000,4600.8000,4599.0000,4598.0000,4597.0000,4603.8000,4604.0000,4606.0000,4610.0000,4611.0000,1,1,2,1,1,2,4,4,2,5
SF,IC2006,2019-11-13 09:34:18.900,4599.8000,10247,0,74529640.000,0,-,-,-,-,4601.0000,4600.8000,4599.0000,4598.0000,4597.0000,4603.8000,4604.0000,4606.0000,4610.0000,4611.0000,1,1,2,1,1,2,4,4,2,5
SF,IC2006,2019-11-13 09:34:19.400,4599.8000,10247,0,74529640.000,0,-,-,-,-,4599.0000,4598.0000,4597.0000,4596.0000,4593.6000,4603.4000,4603.6000,4603.8000,4604.0000,4606.0000,2,1,1,2,5,1,1,2,4,4
SF,IC2006,2019-11-13 09:34:19.900,4599.8000,10247,0,74529640.000,0,-,-,-,-,4599.2000,4599.0000,4598.0000,4597.0000,4596.0000,4603.2000,4603.4000,4603.6000,4604.0000,4606.0000,1,2,1,1,2,2,1,2,4,4
SF,IC2006,2019-11-13 09:34:20.400,4599.8000,10247,0,74529640.000,0,-,-,-,-,4599.2000,4599.0000,4598.0000,4597.0000,4596.0000,4603.0000,4603.2000,4603.6000,4604.0000,4606.0000,1,2,1,1,2,1,1,1,4,4
SF,IC2006,2019-11-13 09:34:20.900,4599.8000,10247,0,74529640.000,0,-,-,-,-,4599.2000,4599.0000,4598.0000,4597.0000,4596.0000,4602.6000,4603.0000,4603.2000,4603.6000,4604.0000,1,2,1,1,2,1,1,1,1,4
SF,IC2006,2019-11-13 09:34:21.400,4599.8000,10247,0,74529640.000,0,-,-,-,-,4599.2000,4599.0000,4598.0000,4597.0000,4596.0000,4602.4000,4603.2000,4603.6000,4604.0000,4606.0000,1,2,1,1,2,1,1,1,4,4
SF,IC2006,2019-11-13 09:34:21.900,4599.8000,10247,0,74529640.000,0,-,-,-,-,4599.4000,4599.2000,4599.0000,4598.0000,4597.0000,4602.4000,4603.2000,4603.6000,4604.0000,4606.0000,1,1,2,1,1,1,1,1,4,4
SF,IC2006,2019-11-13 09:34:22.400,4599.8000,10247,0,74529640.000,0,-,-,-,-,4599.6000,4599.4000,4599.0000,4598.0000,4597.0000,4602.4000,4603.6000,4604.0000,4606.0000,4610.0000,1,2,2,1,1,1,1,4,4,2
SF,IC2006,2019-11-13 09:34:23.400,4599.8000,10247,0,74529640.000,0,-,-,-,-,4599.6000,4599.4000,4599.0000,4598.0000,4597.0000,4602.0000,4602.4000,4604.0000,4606.0000,4610.0000,1,2,2,1,1,1,1,4,4,2
SF,IC2006,2019-11-13 09:34:23.900,4599.8000,10247,0,74529640.000,0,-,-,-,-,4599.6000,4599.4000,4599.0000,4598.0000,4597.0000,4601.8000,4602.0000,4604.0000,4606.0000,4610.0000,1,2,2,1,1,1,1,4,4,2
SF,IC2006,2019-11-13 09:34:24.900,4599.8000,10247,0,74529640.000,0,-,-,-,-,4599.6000,4599.4000,4599.0000,4598.0000,4597.0000,4601.8000,4602.0000,4604.0000,4606.0000,4610.0000,1,1,2,1,1,1,1,4,4,2
SF,IC2006,2019-11-13 09:34:25.400,4599.8000,10247,0,74529640.000,0,-,-,-,-,4599.4000,4599.0000,4598.0000,4597.0000,4596.0000,4601.6000,4601.8000,4602.0000,4604.0000,4606.0000,1,2,1,1,2,1,1,1,4,4
SF,IC2006,2019-11-13 09:34:25.900,4599.8000,10247,0,74529640.000,0,-,-,-,-,4599.4000,4599.0000,4598.0000,4597.0000,4596.0000,4601.4000,4601.6000,4602.0000,4604.0000,4606.0000,1,2,1,1,2,1,1,1,4,4
SF,IC2006,2019-11-13 09:34:26.400,4599.8000,10247,0,74529640.000,0,-,-,-,-,4599.6000,4599.0000,4598.0000,4597.0000,4596.0000,4601.6000,4602.0000,4604.0000,4606.0000,4610.0000,1,2,1,1,2,1,1,4,4,2
SF,IC2006,2019-11-13 09:34:26.900,4599.8000,10247,0,74529640.000,0,-,-,-,-,4599.6000,4599.0000,4598.0000,4597.0000,4596.0000,4601.8000,4604.0000,4606.0000,4610.0000,4611.0000,1,2,1,1,2,1,4,4,2,5
SF,IC2006,2019-11-13 09:34:27.400,4599.8000,10247,0,74529640.000,0,-,-,-,-,4599.6000,4599.0000,4598.0000,4597.0000,4596.0000,4601.6000,4603.8000,4604.0000,4606.0000,4610.0000,1,2,1,1,2,1,1,4,4,2
SF,IC2006,2019-11-13 09:34:27.900,4601.6000,10246,-1,75449960.000,1,0,1,双平,S,4599.6000,4599.0000,4598.0000,4597.0000,4596.0000,4603.2000,4603.8000,4604.0000,4606.0000,4610.0000,1,2,1,1,2,1,1,4,4,2
SF,IC2006,2019-11-13 09:34:28.400,4601.6000,10246,0,75449960.000,0,-,-,-,-,4599.6000,4599.0000,4598.0000,4597.0000,4596.0000,4602.6000,4603.0000,4603.2000,4604.0000,4606.0000,1,2,1,1,2,1,1,1,4,4
SF,IC2006,2019-11-13 09:34:28.900,4601.6000,10246,0,75449960.000,0,-,-,-,-,4599.6000,4599.0000,4598.0000,4597.0000,4596.0000,4602.4000,4602.6000,4603.0000,4604.0000,4606.0000,1,2,1,1,2,1,1,1,4,4
SF,IC2006,2019-11-13 09:34:29.400,4601.6000,10246,0,75449960.000,0,-,-,-,-,4599.6000,4599.0000,4598.0000,4597.0000,4596.0000,4602.4000,4602.6000,4603.0000,4604.0000,4606.0000,1,2,1,1,2,1,1,1,4,4
SF,IC2006,2019-11-13 09:34:29.900,4601.6000,10246,0,75449960.000,0,-,-,-,-,4599.6000,4599.0000,4598.0000,4597.0000,4596.0000,4602.4000,4602.6000,4603.0000,4604.0000,4606.0000,1,2,1,1,2,1,1,1,4,4
SF,IC2006,2019-11-13 09:34:32.900,4601.6000,10246,0,75449960.000,0,-,-,-,-,4600.0000,4599.6000,4599.0000,4598.0000,4597.0000,4602.2000,4602.4000,4602.6000,4603.0000,4604.0000,1,1,2,1,1,1,1,1,1,4
SF,IC2006,2019-11-13 09:34:33.400,4601.6000,10246,0,75449960.000,0,-,-,-,-,4600.2000,4600.0000,4599.0000,4597.0000,4596.0000,4602.2000,4604.0000,4606.0000,4610.0000,4611.0000,1,1,2,1,2,1,4,4,2,5
SF,IC2006,2019-11-13 09:34:33.900,4601.6000,10246,0,75449960.000,0,-,-,-,-,4600.2000,4600.0000,4599.0000,4597.0000,4596.0000,4602.0000,4602.2000,4604.0000,4606.0000,4610.0000,1,2,2,1,2,1,1,4,4,2
SF,IC2006,2019-11-13 09:34:36.400,4601.6000,10246,0,75449960.000,0,-,-,-,-,4600.2000,4600.0000,4599.0000,4597.0000,4596.0000,4602.0000,4604.0000,4606.0000,4610.0000,4611.0000,1,2,2,1,2,1,4,4,2,5
SF,IC2006,2019-11-13 09:34:36.900,4601.6000,10246,0,75449960.000,0,-,-,-,-,4600.2000,4600.0000,4599.0000,4597.0000,4596.0000,4603.8000,4604.0000,4606.0000,4610.0000,4611.0000,1,2,2,1,2,1,4,4,2,5
SF,IC2006,2019-11-13 09:34:37.400,4601.6000,10246,0,75449960.000,0,-,-,-,-,4600.2000,4600.0000,4599.0000,4597.0000,4596.0000,4603.4000,4603.6000,4603.8000,4604.0000,4606.0000,1,2,2,1,2,1,2,1,4,4
SF,IC2006,2019-11-13 09:34:37.900,4601.6000,10246,0,75449960.000,0,-,-,-,-,4600.2000,4600.0000,4599.0000,4597.0000,4596.0000,4603.2000,4603.4000,4603.8000,4604.0000,4606.0000,1,2,2,1,2,1,1,1,4,4
SF,IC2006,2019-11-13 09:34:39.400,4601.6000,10246,0,75449960.000,0,-,-,-,-,4600.2000,4600.0000,4599.0000,4597.0000,4596.0000,4603.2000,4603.4000,4603.8000,4604.0000,4606.0000,1,2,2,1,2,1,1,1,4,4
SF,IC2006,2019-11-13 09:34:45.400,4601.6000,10246,0,75449960.000,0,-,-,-,-,4600.2000,4600.0000,4599.0000,4597.0000,4596.0000,4603.0000,4603.2000,4603.4000,4603.8000,4604.0000,1,2,2,1,2,1,1,1,1,4
SF,IC2006,2019-11-13 09:34:45.900,4601.6000,10246,0,75449960.000,0,-,-,-,-,4600.2000,4600.0000,4599.0000,4597.0000,4596.0000,4602.8000,4603.0000,4603.4000,4603.8000,4604.0000,1,2,2,1,2,1,1,1,1,4
SF,IC2006,2019-11-13 09:34:46.400,4601.6000,10246,0,75449960.000,0,-,-,-,-,4600.2000,4600.0000,4599.0000,4597.0000,4596.0000,4603.0000,4603.8000,4604.0000,4606.0000,4610.0000,1,2,2,1,2,1,1,4,4,2
SF,IC2006,2019-11-13 09:34:46.900,4601.6000,10246,0,75449960.000,0,-,-,-,-,4600.2000,4600.0000,4599.0000,4597.0000,4596.0000,4604.0000,4606.0000,4610.0000,4611.0000,4614.0000,1,2,2,1,2,4,4,2,5,1
SF,IC2006,2019-11-13 09:34:47.400,4601.6000,10246,0,75449960.000,0,-,-,-,-,4600.2000,4600.0000,4599.0000,4597.0000,4596.0000,4603.8000,4604.0000,4606.0000,4610.0000,4611.0000,1,2,2,1,2,3,4,4,2,5
SF,IC2006,2019-11-13 09:34:47.900,4601.6000,10246,0,75449960.000,0,-,-,-,-,4600.6000,4600.2000,4600.0000,4599.0000,4597.0000,4603.8000,4604.0000,4606.0000,4610.0000,4611.0000,1,1,2,2,1,3,4,4,2,5
SF,IC2006,2019-11-13 09:34:48.900,4601.6000,10246,0,75449960.000,0,-,-,-,-,4600.6000,4600.2000,4600.0000,4599.0000,4597.0000,4603.8000,4604.0000,4606.0000,4610.0000,4611.0000,1,1,2,2,1,3,4,4,2,5
SF,IC2006,2019-11-13 09:34:50.400,4601.6000,10246,0,75449960.000,0,-,-,-,-,4600.6000,4600.2000,4600.0000,4599.0000,4597.0000,4602.8000,4603.8000,4604.0000,4606.0000,4610.0000,1,1,2,2,1,1,3,4,4,2
SF,IC2006,2019-11-13 09:34:50.900,4601.6000,10246,0,75449960.000,0,-,-,-,-,4600.8000,4600.6000,4600.0000,4599.0000,4597.0000,4602.8000,4603.8000,4604.0000,4606.0000,4610.0000,1,1,2,2,1,1,1,4,4,2
SF,IC2006,2019-11-13 09:34:53.900,4602.8000,10246,0,76370520.000,1,0,1,多换,S,4600.8000,4600.6000,4600.0000,4599.0000,4597.0000,4603.8000,4604.0000,4606.0000,4610.0000,4614.0000,1,1,2,2,1,1,4,4,2,1
SF,IC2006,2019-11-13 09:34:54.400,4602.8000,10246,0,76370520.000,0,-,-,-,-,4601.2000,4600.8000,4600.0000,4599.0000,4597.0000,4604.0000,4606.0000,4610.0000,4614.0000,4616.2000,1,1,2,2,1,4,4,2,1,1
SF,IC2006,2019-11-13 09:34:54.900,4602.8000,10246,0,76370520.000,0,-,-,-,-,4602.0000,4601.2000,4600.0000,4599.0000,4597.0000,4604.0000,4606.0000,4610.0000,4614.0000,4616.2000,3,1,2,2,1,4,4,2,1,1
SF,IC2006,2019-11-13 09:34:55.400,4602.8000,10246,0,76370520.000,0,-,-,-,-,4602.2000,4601.2000,4600.0000,4599.0000,4597.0000,4604.0000,4606.0000,4610.0000,4614.0000,4616.2000,2,1,3,2,1,4,4,2,1,1
SF,IC2006,2019-11-13 09:34:56.900,4602.8000,10246,0,76370520.000,0,-,-,-,-,4602.2000,4602.0000,4600.0000,4599.0000,4597.0000,4604.0000,4606.0000,4610.0000,4614.0000,4616.2000,2,2,3,2,1,4,4,2,1,1
SF,IC2006,2019-11-13 09:34:57.400,4602.8000,10246,0,76370520.000,0,-,-,-,-,4602.2000,4602.0000,4600.0000,4599.0000,4597.0000,4604.0000,4606.0000,4610.0000,4614.0000,4616.2000,2,1,3,2,1,4,4,2,1,1
SF,IC2006,2019-11-13 09:34:58.900,4602.2000,10246,0,77290960.000,1,0,1,多换,S,4602.2000,4600.0000,4599.0000,4597.0000,4596.0000,4604.0000,4606.0000,4610.0000,4614.0000,4616.2000,1,3,2,1,2,4,4,2,1,1
SF,IC2006,2019-11-13 09:34:59.400,4603.8000,10246,0,78211720.000,1,0,1,多换,S,4600.0000,4599.0000,4597.0000,4596.0000,4593.6000,4603.8000,4604.0000,4606.0000,4610.0000,4614.0000,3,2,1,2,5,1,4,4,2,1
SF,IC2006,2019-11-13 09:34:59.900,4603.8000,10246,0,78211720.000,0,-,-,-,-,4600.2000,4600.0000,4599.0000,4597.0000,4596.0000,4603.8000,4604.0000,4606.0000,4610.0000,4614.0000,3,6,2,1,2,1,4,4,2,1
SF,IC2006,2019-11-13 09:35:00.400,4603.8000,10246,0,78211720.000,0,-,-,-,-,4600.2000,4600.0000,4599.0000,4597.0000,4596.0000,4604.0000,4606.0000,4610.0000,4614.0000,4616.2000,3,6,2,1,2,4,4,2,1,1
SF,IC2006,2019-11-13 09:35:00.900,4603.8000,10246,0,78211720.000,0,-,-,-,-,4600.6000,4600.2000,4600.0000,4599.0000,4597.0000,4604.0000,4606.0000,4610.0000,4614.0000,4616.2000,1,3,6,2,1,4,4,2,1,1
SF,IC2006,2019-11-13 09:35:01.400,4603.8000,10246,0,78211720.000,0,-,-,-,-,4602.0000,4601.2000,4600.6000,4600.0000,4599.0000,4604.0000,4606.0000,4610.0000,4614.0000,4616.2000,1,3,1,6,2,4,4,2,1,1
SF,IC2006,2019-11-13 09:35:01.900,4604.0000,10249,3,80974120.000,3,3,0,双开,S,4602.2000,4602.0000,4600.6000,4600.0000,4599.0000,4604.0000,4606.0000,4610.0000,4614.0000,4616.2000,2,1,1,6,2,1,4,2,1,1
SF,IC2006,2019-11-13 09:35:02.400,4604.0000,10249,0,80974120.000,0,-,-,-,-,4602.2000,4602.0000,4600.6000,4600.0000,4599.0000,4604.0000,4606.0000,4610.0000,4614.0000,4616.2000,2,2,1,6,2,1,4,2,1,1
SF,IC2006,2019-11-13 09:35:02.900,4604.0000,10248,-1,81894920.000,1,0,1,双平,S,4604.2000,4602.2000,4602.0000,4600.0000,4599.0000,4606.0000,4610.0000,4614.0000,4616.2000,4616.4000,1,2,2,6,2,4,2,1,1,5
SF,IC2006,2019-11-13 09:35:03.400,4604.2000,10247,-1,82815760.000,1,0,1,双平,S,4602.0000,4600.0000,4599.0000,4597.0000,4596.0000,4605.8000,4606.0000,4610.0000,4614.0000,4616.2000,2,6,2,1,2,2,4,2,1,1
SF,IC2006,2019-11-13 09:35:03.900,4604.2000,10247,0,82815760.000,0,-,-,-,-,4602.2000,4602.0000,4600.0000,4599.0000,4597.0000,4606.0000,4610.0000,4614.0000,4616.2000,4616.4000,3,2,6,2,1,4,2,1,1,5
SF,IC2006,2019-11-13 09:35:04.400,4604.2000,10247,0,82815760.000,0,-,-,-,-,4602.4000,4602.0000,4600.0000,4599.0000,4597.0000,4605.8000,4606.0000,4610.0000,4614.0000,4616.2000,1,1,6,2,1,1,4,2,1,1
SF,IC2006,2019-11-13 09:35:05.900,4602.4000,10246,-1,83736240.000,1,0,1,双平,S,4600.0000,4599.0000,4597.0000,4596.0000,4593.6000,4605.8000,4606.0000,4610.0000,4614.0000,4616.2000,3,2,1,2,5,1,4,2,1,1
SF,IC2006,2019-11-13 09:35:06.400,4602.4000,10246,0,83736240.000,0,-,-,-,-,4600.2000,4600.0000,4599.0000,4597.0000,4596.0000,4605.6000,4605.8000,4606.0000,4610.0000,4614.0000,1,6,2,1,2,2,1,4,2,1
SF,IC2006,2019-11-13 09:35:06.900,4602.4000,10246,0,83736240.000,0,-,-,-,-,4600.2000,4600.0000,4599.0000,4597.0000,4596.0000,4604.4000,4605.6000,4606.0000,4610.0000,4614.0000,1,6,2,1,2,3,2,4,2,1
SF,IC2006,2019-11-13 09:35:07.400,4602.4000,10246,0,83736240.000,0,-,-,-,-,4600.2000,4600.0000,4599.0000,4597.0000,4596.0000,4604.2000,4605.6000,4606.0000,4610.0000,4614.0000,1,6,2,1,2,2,2,4,2,1
SF,IC2006,2019-11-13 09:35:07.900,4602.4000,10246,0,83736240.000,0,-,-,-,-,4600.2000,4600.0000,4599.0000,4597.0000,4596.0000,4604.2000,4605.6000,4606.0000,4610.0000,4614.0000,1,6,2,1,2,2,1,4,2,1
SF,IC2006,2019-11-13 09:35:08.400,4602.4000,10246,0,83736240.000,0,-,-,-,-,4602.0000,4600.2000,4600.0000,4599.0000,4597.0000,4604.0000,4605.6000,4606.0000,4610.0000,4614.0000,1,1,6,2,1,1,1,4,2,1
SF,IC2006,2019-11-13 09:35:08.900,4602.4000,10246,0,83736240.000,0,-,-,-,-,4602.0000,4600.0000,4599.0000,4597.0000,4596.0000,4604.0000,4606.0000,4610.0000,4614.0000,4616.2000,1,6,2,1,2,1,4,2,1,1
SF,IC2006,2019-11-13 09:35:10.400,4604.0000,10245,-1,84657040.000,1,0,1,双平,S,4602.0000,4600.0000,4599.0000,4597.0000,4596.0000,4605.6000,4606.0000,4610.0000,4614.0000,4616.2000,2,6,2,1,2,1,4,2,1,1
SF,IC2006,2019-11-13 09:35:10.900,4604.0000,10245,0,84657040.000,0,-,-,-,-,4602.2000,4602.0000,4600.0000,4599.0000,4597.0000,4606.0000,4610.0000,4614.0000,4616.2000,4616.4000,2,2,6,2,1,4,2,1,1,5
SF,IC2006,2019-11-13 09:35:11.400,4604.0000,10245,0,84657040.000,0,-,-,-,-,4602.2000,4602.0000,4600.0000,4599.0000,4597.0000,4606.0000,4610.0000,4614.0000,4616.2000,4616.4000,2,2,6,2,1,4,2,1,1,5
SF,IC2006,2019-11-13 09:35:11.900,4602.2000,10244,-1,85577480.000,1,0,1,双平,S,4602.2000,4602.0000,4600.0000,4599.0000,4597.0000,4606.0000,4610.0000,4614.0000,4616.2000,4616.4000,1,2,6,2,1,4,2,1,1,5
SF,IC2006,2019-11-13 09:35:12.400,4602.2000,10244,0,85577480.000,0,-,-,-,-,4604.6000,4602.2000,4602.0000,4600.0000,4599.0000,4606.0000,4610.0000,4614.0000,4616.2000,4616.4000,1,2,2,5,2,4,2,1,1,5
SF,IC2006,2019-11-13 09:35:12.900,4602.2000,10244,0,85577480.000,0,-,-,-,-,4604.6000,4602.0000,4600.0000,4599.0000,4597.0000,4606.0000,4610.0000,4614.0000,4616.2000,4616.4000,1,2,5,2,1,4,2,1,1,5
SF,IC2006,2019-11-13 09:35:13.400,4602.2000,10244,0,85577480.000,0,-,-,-,-,4604.6000,4602.0000,4600.0000,4599.0000,4597.0000,4605.8000,4606.0000,4610.0000,4614.0000,4616.2000,1,2,5,2,1,1,4,2,1,1
SF,IC2006,2019-11-13 09:35:13.900,4605.8000,10243,-1,86498640.000,1,0,1,双平,S,4605.8000,4604.6000,4602.0000,4600.0000,4599.0000,4606.0000,4607.0000,4610.0000,4614.0000,4616.2000,1,1,2,5,2,4,1,2,1,1
SF,IC2006,2019-11-13 09:35:14.400,4606.0000,10243,0,88341000.000,2,1,1,多换,S,4604.6000,4602.0000,4600.0000,4599.0000,4597.0000,4606.0000,4610.0000,4614.0000,4616.2000,4616.4000,1,2,5,2,1,3,2,1,1,5
SF,IC2006,2019-11-13 09:35:14.900,4606.0000,10243,0,88341000.000,0,-,-,-,-,4604.6000,4602.6000,4602.0000,4600.0000,4599.0000,4606.0000,4610.0000,4614.0000,4616.2000,4616.4000,1,1,2,5,2,3,2,1,1,5
SF,IC2006,2019-11-13 09:35:15.400,4606.0000,10243,0,88341000.000,0,-,-,-,-,4604.6000,4602.6000,4602.0000,4600.0000,4599.0000,4606.0000,4610.0000,4614.0000,4616.2000,4616.4000,1,1,2,5,2,3,2,1,1,5
SF,IC2006,2019-11-13 09:35:15.900,4606.0000,10243,0,91104600.000,3,1,2,多换,S,4605.0000,4604.8000,4604.6000,4602.6000,4602.0000,4610.0000,4614.0000,4616.2000,4616.4000,4616.8000,1,1,1,1,2,2,1,1,5,5
SF,IC2006,2019-11-13 09:35:16.400,4606.0000,10243,0,91104600.000,0,-,-,-,-,4605.2000,4605.0000,4604.6000,4602.6000,4602.0000,4609.4000,4610.0000,4614.0000,4616.2000,4616.4000,2,1,1,1,2,1,2,1,1,5
SF,IC2006,2019-11-13 09:35:16.900,4606.0000,10243,0,91104600.000,0,-,-,-,-,4605.4000,4605.2000,4605.0000,4604.6000,4602.6000,4609.4000,4610.0000,4614.0000,4616.2000,4616.4000,1,2,1,1,1,1,2,1,1,5
SF,IC2006,2019-11-13 09:35:17.400,4606.0000,10243,0,91104600.000,0,-,-,-,-,4605.6000,4605.4000,4605.2000,4605.0000,4604.6000,4610.0000,4614.0000,4616.2000,4616.4000,4616.8000,1,1,1,1,1,2,1,1,5,5
SF,IC2006,2019-11-13 09:35:17.900,4606.0000,10243,0,91104600.000,0,-,-,-,-,4605.8000,4605.6000,4605.4000,4605.0000,4604.6000,4609.8000,4610.0000,4614.0000,4616.2000,4616.4000,1,1,1,1,1,2,2,1,1,5
SF,IC2006,2019-11-13 09:35:18.400,4606.0000,10243,0,91104600.000,0,-,-,-,-,4606.2000,4606.0000,4605.8000,4605.4000,4605.0000,4609.8000,4610.0000,4614.0000,4616.2000,4616.4000,1,1,1,1,1,2,2,1,1,5
SF,IC2006,2019-11-13 09:35:18.900,4606.0000,10243,0,91104600.000,0,-,-,-,-,4606.2000,4605.8000,4605.4000,4605.0000,4604.6000,4609.8000,4610.0000,4614.0000,4616.2000,4616.4000,1,1,1,1,1,2,2,1,1,5
SF,IC2006,2019-11-13 09:35:19.400,4606.0000,10243,0,91104600.000,0,-,-,-,-,4606.2000,4605.8000,4605.4000,4605.0000,4604.6000,4609.6000,4609.8000,4610.0000,4614.0000,4616.2000,1,1,1,1,1,1,2,2,1,1
SF,IC2006,2019-11-13 09:35:19.900,4606.0000,10243,0,91104600.000,0,-,-,-,-,4607.2000,4606.4000,4606.2000,4605.4000,4605.0000,4609.4000,4609.6000,4610.0000,4614.0000,4616.2000,1,1,1,1,1,1,1,2,1,1
SF,IC2006,2019-11-13 09:35:20.400,4606.0000,10243,0,91104600.000,0,-,-,-,-,4607.4000,4607.2000,4606.2000,4605.4000,4605.0000,4609.4000,4610.0000,4614.0000,4616.2000,4616.4000,1,1,1,1,1,1,2,1,1,5
SF,IC2006,2019-11-13 09:35:20.900,4606.0000,10243,0,91104600.000,0,-,-,-,-,4607.4000,4607.2000,4606.2000,4605.4000,4605.2000,4609.4000,4610.0000,4614.0000,4616.2000,4616.4000,1,1,1,1,5,1,2,1,1,5
SF,IC2006,2019-11-13 09:35:21.400,4606.0000,10243,0,91104600.000,0,-,-,-,-,4607.2000,4606.2000,4605.4000,4605.2000,4605.0000,4609.4000,4610.0000,4614.0000,4616.2000,4616.4000,1,1,1,6,1,1,2,1,1,5
SF,IC2006,2019-11-13 09:35:22.900,4609.4000,10243,0,92026480.000,1,0,1,多换,S,4607.2000,4606.4000,4606.2000,4605.4000,4605.2000,4610.0000,4614.0000,4616.2000,4616.4000,4616.8000,1,1,1,1,6,2,1,1,5,5
SF,IC2006,2019-11-13 09:35:23.400,4609.4000,10243,0,92026480.000,0,-,-,-,-,4606.2000,4605.4000,4605.0000,4604.6000,4603.4000,4609.8000,4610.0000,4614.0000,4616.2000,4616.4000,1,1,1,1,1,2,2,1,1,5
SF,IC2006,2019-11-13 09:35:23.900,4609.4000,10243,0,92026480.000,0,-,-,-,-,4606.4000,4605.4000,4605.0000,4604.6000,4603.4000,4609.8000,4610.0000,4614.0000,4616.2000,4616.4000,1,1,1,1,1,2,2,1,1,5
SF,IC2006,2019-11-13 09:35:24.400,4609.4000,10243,0,92026480.000,0,-,-,-,-,4606.4000,4605.4000,4605.0000,4604.6000,4603.4000,4608.0000,4609.8000,4610.0000,4614.0000,4616.2000,1,1,1,1,1,1,2,2,1,1
SF,IC2006,2019-11-13 09:35:24.900,4608.0000,10243,0,92948080.000,1,0,1,多换,S,4608.0000,4607.2000,4606.4000,4605.0000,4604.6000,4610.0000,4614.0000,4616.2000,4616.4000,4616.8000,2,1,1,1,1,2,1,1,5,5
SF,IC2006,2019-11-13 09:35:25.400,4608.0000,10243,0,92948080.000,0,-,-,-,-,4608.0000,4607.2000,4605.0000,4604.6000,4603.4000,4610.0000,4614.0000,4616.2000,4616.4000,4616.8000,2,1,1,1,1,2,1,1,5,5
SF,IC2006,2019-11-13 09:35:25.900,4609.8000,10242,-1,93870040.000,1,0,1,双平,S,4608.0000,4605.0000,4604.6000,4603.4000,4602.2000,4610.0000,4614.0000,4616.2000,4616.4000,4616.8000,1,1,1,1,1,2,1,1,5,5
SF,IC2006,2019-11-13 09:35:26.400,4609.8000,10242,0,93870040.000,0,-,-,-,-,4608.0000,4605.0000,4604.6000,4603.4000,4602.2000,4610.0000,4614.0000,4616.2000,4616.4000,4616.8000,1,1,1,1,1,2,1,1,5,5
SF,IC2006,2019-11-13 09:35:26.900,4609.8000,10242,0,93870040.000,0,-,-,-,-,4608.4000,4605.0000,4604.6000,4603.4000,4602.2000,4609.8000,4610.0000,4614.0000,4616.2000,4616.4000,1,1,1,1,1,1,2,1,1,5
SF,IC2006,2019-11-13 09:35:27.400,4608.4000,10242,0,94791720.000,1,0,1,多换,S,4605.0000,4604.6000,4603.4000,4602.2000,4602.0000,4609.8000,4610.0000,4614.0000,4616.2000,4616.4000,1,1,1,1,1,1,2,1,1,5
SF,IC2006,2019-11-13 09:35:27.900,4609.6000,10242,0,95713640.000,1,0,1,多换,S,4607.2000,4606.0000,4605.0000,4604.6000,4603.4000,4609.8000,4610.0000,4614.0000,4616.2000,4616.4000,1,3,2,1,1,1,2,1,1,5
SF,IC2006,2019-11-13 09:35:28.400,4609.6000,10242,0,95713640.000,0,-,-,-,-,4607.4000,4605.0000,4604.6000,4603.4000,4602.2000,4609.8000,4610.0000,4614.0000,4616.2000,4616.4000,2,2,1,1,1,1,2,1,1,5
SF,IC2006,2019-11-13 09:35:29.400,4609.6000,10242,0,95713640.000,0,-,-,-,-,4607.4000,4605.0000,4604.6000,4604.2000,4603.4000,4609.8000,4610.0000,4614.0000,4616.2000,4616.4000,2,2,1,1,1,1,2,1,1,5
SF,IC2006,2019-11-13 09:35:29.900,4609.6000,10242,0,95713640.000,0,-,-,-,-,4607.4000,4605.0000,4604.6000,4604.2000,4603.4000,4609.6000,4609.8000,4610.0000,4614.0000,4616.2000,1,2,1,1,1,1,1,2,1,1
SF,IC2006,2019-11-13 09:35:30.400,4609.6000,10242,0,95713640.000,0,-,-,-,-,4605.0000,4604.6000,4604.2000,4603.4000,4602.2000,4609.4000,4609.6000,4610.0000,4614.0000,4616.2000,2,1,1,1,1,1,1,2,1,1
SF,IC2006,2019-11-13 09:35:30.900,4609.6000,10242,0,95713640.000,0,-,-,-,-,4605.6000,4605.2000,4605.0000,4604.6000,4604.2000,4609.4000,4609.6000,4610.0000,4614.0000,4616.2000,3,1,2,1,1,1,1,2,1,1
SF,IC2006,2019-11-13 09:35:31.400,4609.6000,10242,0,95713640.000,0,-,-,-,-,4605.8000,4605.6000,4605.0000,4604.6000,4604.2000,4610.0000,4614.0000,4616.2000,4616.4000,4616.8000,1,3,2,1,1,2,1,1,5,5
SF,IC2006,2019-11-13 09:35:31.900,4609.6000,10242,0,95713640.000,0,-,-,-,-,4606.0000,4605.8000,4605.0000,4604.6000,4604.2000,4610.0000,4614.0000,4616.2000,4616.4000,4616.8000,3,1,2,1,1,2,1,1,5,5
SF,IC2006,2019-11-13 09:35:32.400,4609.6000,10242,0,95713640.000,0,-,-,-,-,4606.4000,4606.2000,4606.0000,4605.0000,4604.6000,4610.0000,4614.0000,4616.2000,4616.4000,4616.8000,1,1,3,2,1,2,1,1,5,5
SF,IC2006,2019-11-13 09:35:32.900,4609.6000,10242,0,95713640.000,0,-,-,-,-,4606.6000,4606.4000,4606.2000,4605.0000,4604.6000,4610.0000,4614.0000,4616.2000,4616.4000,4616.8000,3,1,1,2,1,2,1,1,5,5
SF,IC2006,2019-11-13 09:35:33.900,4609.6000,10242,0,95713640.000,0,-,-,-,-,4606.6000,4606.4000,4606.2000,4605.0000,4604.6000,4610.0000,4616.2000,4616.4000,4616.8000,4618.4000,3,1,1,2,1,2,1,5,5,1
SF,IC2006,2019-11-13 09:35:34.400,4609.6000,10242,0,95713640.000,0,-,-,-,-,4606.6000,4606.4000,4606.2000,4605.0000,4604.6000,4609.8000,4610.0000,4616.2000,4616.4000,4616.8000,3,1,1,2,1,1,2,1,5,5
SF,IC2006,2019-11-13 09:35:34.900,4609.6000,10242,0,95713640.000,0,-,-,-,-,4606.6000,4606.2000,4605.0000,4604.6000,4604.2000,4609.8000,4610.0000,4616.2000,4616.4000,4616.8000,1,1,2,1,1,2,2,1,5,5
SF,IC2006,2019-11-13 09:35:35.400,4609.6000,10242,0,95713640.000,0,-,-,-,-,4606.6000,4605.0000,4604.6000,4604.2000,4602.2000,4609.6000,4609.8000,4610.0000,4616.2000,4616.4000,1,2,1,1,1,1,2,2,1,5
SF,IC2006,2019-11-13 09:35:35.900,4609.6000,10242,0,95713640.000,0,-,-,-,-,4606.6000,4604.6000,4602.2000,4602.0000,4600.0000,4608.8000,4609.4000,4609.6000,4609.8000,4610.0000,1,1,1,1,1,1,3,1,1,2
SF,IC2006,2019-11-13 09:35:36.400,4609.6000,10242,0,95713640.000,0,-,-,-,-,4604.6000,4602.2000,4602.0000,4600.0000,4599.4000,4608.6000,4608.8000,4609.6000,4610.0000,4616.2000,1,1,1,1,5,2,1,1,2,1
SF,IC2006,2019-11-13 09:35:36.900,4609.6000,10242,0,95713640.000,0,-,-,-,-,4604.8000,4604.6000,4602.2000,4602.0000,4600.0000,4608.8000,4609.6000,4610.0000,4616.2000,4616.4000,3,1,1,1,1,1,1,2,1,5
SF,IC2006,2019-11-13 09:35:37.400,4608.8000,10241,-1,96635400.000,1,0,1,双平,S,4604.8000,4604.6000,4602.2000,4602.0000,4600.0000,4608.8000,4609.6000,4610.0000,4616.2000,4616.4000,3,1,1,1,1,1,1,2,1,5
SF,IC2006,2019-11-13 09:35:37.900,4608.8000,10241,0,96635400.000,0,-,-,-,-,4604.8000,4604.6000,4602.2000,4602.0000,4600.0000,4608.8000,4609.6000,4610.0000,4616.2000,4616.4000,3,1,1,1,1,1,1,2,1,5
SF,IC2006,2019-11-13 09:35:38.400,4608.8000,10241,0,96635400.000,0,-,-,-,-,4605.0000,4604.8000,4604.6000,4602.2000,4602.0000,4608.8000,4609.6000,4610.0000,4616.2000,4616.4000,2,3,1,1,1,1,1,2,1,5
SF,IC2006,2019-11-13 09:35:38.900,4608.8000,10241,0,96635400.000,0,-,-,-,-,4605.6000,4605.2000,4605.0000,4604.6000,4602.2000,4608.8000,4609.6000,4610.0000,4616.2000,4616.4000,3,1,2,1,1,1,1,2,1,5
SF,IC2006,2019-11-13 09:35:39.400,4608.8000,10241,0,96635400.000,0,-,-,-,-,4605.8000,4605.6000,4605.0000,4604.6000,4602.2000,4608.8000,4609.6000,4610.0000,4616.2000,4616.4000,1,3,1,1,1,1,1,2,1,5
SF,IC2006,2019-11-13 09:35:39.900,4608.8000,10241,0,96635400.000,0,-,-,-,-,4606.0000,4605.8000,4604.6000,4602.2000,4602.0000,4608.8000,4609.6000,4610.0000,4616.2000,4616.4000,1,1,1,1,1,1,1,2,1,5
SF,IC2006,2019-11-13 09:35:40.400,4608.8000,10241,0,96635400.000,0,-,-,-,-,4606.2000,4606.0000,4604.6000,4602.2000,4602.0000,4608.6000,4608.8000,4609.6000,4610.0000,4616.2000,1,1,1,1,1,1,1,1,2,1
SF,IC2006,2019-11-13 09:35:40.900,4608.8000,10241,0,96635400.000,0,-,-,-,-,4606.4000,4606.2000,4604.6000,4602.2000,4602.0000,4608.6000,4608.8000,4609.6000,4610.0000,4616.2000,1,1,1,1,1,1,1,1,2,1
SF,IC2006,2019-11-13 09:35:41.400,4606.4000,10241,0,97556680.000,1,0,1,多换,S,4606.2000,4602.2000,4602.0000,4600.0000,4599.4000,4608.4000,4608.6000,4608.8000,4609.6000,4610.0000,1,1,1,1,5,1,1,1,1,2
SF,IC2006,2019-11-13 09:35:41.900,4606.4000,10241,0,97556680.000,0,-,-,-,-,4602.2000,4602.0000,4600.0000,4599.4000,4597.0000,4608.4000,4608.6000,4609.6000,4610.0000,4616.2000,1,1,1,5,1,1,1,1,2,1
SF,IC2006,2019-11-13 09:35:42.400,4606.4000,10241,0,97556680.000,0,-,-,-,-,4604.6000,4604.2000,4602.4000,4602.2000,4602.0000,4608.0000,4608.2000,4608.4000,4608.6000,4609.6000,1,3,1,1,2,1,1,1,1,1
SF,IC2006,2019-11-13 09:35:42.900,4606.4000,10241,0,97556680.000,0,-,-,-,-,4605.2000,4605.0000,4604.8000,4604.6000,4602.2000,4608.0000,4608.2000,4608.6000,4609.6000,4610.0000,3,3,1,1,1,1,1,1,1,2
SF,IC2006,2019-11-13 09:35:43.400,4606.4000,10241,0,97556680.000,0,-,-,-,-,4605.4000,4605.2000,4605.0000,4604.6000,4602.2000,4608.2000,4609.6000,4610.0000,4616.2000,4616.4000,1,3,3,1,1,1,1,2,1,5
SF,IC2006,2019-11-13 09:35:43.900,4606.4000,10241,0,97556680.000,0,-,-,-,-,4605.8000,4605.4000,4605.0000,4604.6000,4602.2000,4609.4000,4610.0000,4616.2000,4616.4000,4616.8000,3,1,3,1,1,1,2,1,5,5
SF,IC2006,2019-11-13 09:35:44.400,4606.4000,10241,0,97556680.000,0,-,-,-,-,4606.0000,4605.8000,4605.0000,4604.6000,4602.2000,4609.8000,4610.0000,4616.2000,4616.4000,4616.8000,1,3,3,1,1,1,2,1,5,5
SF,IC2006,2019-11-13 09:35:44.900,4606.4000,10241,0,97556680.000,0,-,-,-,-,4606.2000,4606.0000,4605.0000,4604.6000,4602.2000,4609.6000,4609.8000,4610.0000,4616.2000,4616.4000,2,1,3,1,1,1,1,2,1,5
SF,IC2006,2019-11-13 09:35:45.400,4606.4000,10241,0,97556680.000,0,-,-,-,-,4606.4000,4606.2000,4605.0000,4604.6000,4602.2000,4609.6000,4609.8000,4610.0000,4616.2000,4616.4000,1,2,3,1,1,1,1,2,1,5
SF,IC2006,2019-11-13 09:35:45.900,4606.4000,10241,0,97556680.000,0,-,-,-,-,4607.2000,4606.4000,4605.0000,4604.6000,4602.2000,4609.8000,4610.0000,4616.2000,4616.4000,4616.8000,4,1,3,1,1,1,2,1,5,5
SF,IC2006,2019-11-13 09:35:46.400,4606.4000,10241,0,97556680.000,0,-,-,-,-,4607.4000,4607.2000,4605.0000,4604.6000,4602.2000,4609.8000,4610.0000,4616.2000,4616.4000,4616.8000,1,3,3,1,1,1,2,1,5,5
SF,IC2006,2019-11-13 09:35:46.900,4606.4000,10241,0,97556680.000,0,-,-,-,-,4607.6000,4607.4000,4607.2000,4605.0000,4604.6000,4609.8000,4610.0000,4616.2000,4616.4000,4616.8000,2,1,1,3,1,1,2,1,5,5
SF,IC2006,2019-11-13 09:35:47.400,4606.4000,10241,0,97556680.000,0,-,-,-,-,4607.6000,4607.4000,4607.2000,4605.0000,4604.6000,4609.8000,4610.0000,4616.2000,4616.4000,4618.4000,2,1,1,3,1,1,2,1,5,1
SF,IC2006,2019-11-13 09:35:47.900,4606.4000,10241,0,97556680.000,0,-,-,-,-,4607.6000,4607.4000,4607.2000,4605.0000,4604.6000,4609.8000,4610.0000,4616.2000,4616.4000,4618.4000,2,1,1,3,1,1,2,1,5,1
SF,IC2006,2019-11-13 09:35:48.400,4609.8000,10240,-1,98478640.000,1,0,1,双平,S,4607.6000,4607.4000,4607.2000,4605.0000,4604.6000,4610.0000,4616.2000,4616.4000,4618.4000,4619.8000,2,1,1,3,1,2,1,5,1,1
SF,IC2006,2019-11-13 09:35:48.900,4609.8000,10240,0,98478640.000,0,-,-,-,-,4607.8000,4607.6000,4607.4000,4607.2000,4605.0000,4610.0000,4616.2000,4616.4000,4618.4000,4619.8000,1,2,1,1,3,2,1,5,1,1
SF,IC2006,2019-11-13 09:35:49.400,4609.8000,10240,0,98478640.000,0,-,-,-,-,4608.0000,4607.4000,4607.2000,4605.0000,4604.6000,4610.0000,4616.2000,4616.4000,4618.4000,4619.8000,2,1,1,3,1,2,1,5,1,1
SF,IC2006,2019-11-13 09:35:49.900,4609.8000,10240,0,98478640.000,0,-,-,-,-,4608.0000,4607.4000,4607.2000,4605.0000,4604.6000,4610.0000,4616.2000,4616.4000,4618.4000,4619.8000,2,1,1,3,1,2,1,5,1,1
SF,IC2006,2019-11-13 09:35:50.400,4610.0000,10238,-2,100322640.000,2,0,2,双平,S,4609.2000,4608.0000,4607.4000,4607.2000,4605.0000,4616.2000,4616.4000,4618.4000,4619.8000,4622.6000,1,2,1,1,3,1,5,1,1,5
SF,IC2006,2019-11-13 09:35:50.900,4610.0000,10238,0,100322640.000,0,-,-,-,-,4609.4000,4609.2000,4607.2000,4605.0000,4602.2000,4612.8000,4614.0000,4616.0000,4616.2000,4616.4000,1,1,1,3,1,3,1,1,1,5
SF,IC2006,2019-11-13 09:35:51.400,4610.0000,10238,0,100322640.000,0,-,-,-,-,4609.4000,4609.2000,4607.2000,4605.0000,4602.2000,4612.6000,4614.0000,4616.0000,4616.2000,4616.4000,1,1,1,1,1,2,1,1,1,5
SF,IC2006,2019-11-13 09:35:51.900,4610.0000,10238,0,100322640.000,0,-,-,-,-,4609.6000,4609.4000,4609.2000,4607.2000,4605.0000,4612.6000,4614.0000,4616.0000,4616.2000,4616.4000,1,1,1,1,1,2,1,1,1,5
SF,IC2006,2019-11-13 09:35:52.400,4610.0000,10238,0,100322640.000,0,-,-,-,-,4610.0000,4609.6000,4609.4000,4609.2000,4607.2000,4612.4000,4614.0000,4616.0000,4616.2000,4616.4000,1,1,1,1,1,1,1,1,1,5
SF,IC2006,2019-11-13 09:35:52.900,4610.0000,10238,0,100322640.000,0,-,-,-,-,4610.2000,4610.0000,4609.2000,4607.2000,4602.2000,4614.0000,4616.2000,4616.4000,4618.4000,4619.8000,3,1,1,1,1,1,1,5,1,1
SF,IC2006,2019-11-13 09:35:53.400,4610.0000,10238,0,100322640.000,0,-,-,-,-,4610.2000,4610.0000,4609.2000,4607.2000,4602.2000,4613.8000,4616.2000,4616.4000,4618.4000,4619.8000,3,2,1,1,1,1,1,5,1,1
SF,IC2006,2019-11-13 09:35:53.900,4610.0000,10238,0,100322640.000,0,-,-,-,-,4610.2000,4610.0000,4609.2000,4607.2000,4602.2000,4613.8000,4616.2000,4616.4000,4618.4000,4619.8000,3,2,1,1,1,1,1,5,1,1
SF,IC2006,2019-11-13 09:35:54.400,4610.0000,10238,0,100322640.000,0,-,-,-,-,4610.2000,4610.0000,4609.2000,4607.2000,4602.2000,4616.2000,4616.4000,4618.4000,4619.8000,4622.6000,3,1,1,1,1,1,5,1,1,5
SF,IC2006,2019-11-13 09:35:54.900,4610.0000,10238,0,100322640.000,0,-,-,-,-,4610.8000,4610.2000,4610.0000,4609.2000,4607.2000,4615.2000,4616.0000,4616.2000,4616.4000,4618.4000,1,3,1,1,1,3,1,1,5,1
SF,IC2006,2019-11-13 09:35:55.400,4610.0000,10238,0,100322640.000,0,-,-,-,-,4611.0000,4610.8000,4610.0000,4609.2000,4607.2000,4616.0000,4616.2000,4616.4000,4618.4000,4619.8000,3,1,1,1,1,1,1,5,1,1
SF,IC2006,2019-11-13 09:35:55.900,4610.0000,10238,0,100322640.000,0,-,-,-,-,4611.0000,4610.8000,4610.0000,4609.2000,4607.2000,4614.8000,4616.0000,4616.2000,4616.4000,4618.4000,1,1,1,1,1,3,1,1,5,1
SF,IC2006,2019-11-13 09:35:56.400,4610.0000,10238,0,100322640.000,0,-,-,-,-,4611.0000,4610.0000,4609.2000,4607.2000,4602.2000,4614.8000,4616.0000,4616.2000,4616.4000,4618.4000,1,1,1,1,1,3,1,1,5,1
SF,IC2006,2019-11-13 09:35:56.900,4610.0000,10238,0,100322640.000,0,-,-,-,-,4611.0000,4610.0000,4609.2000,4607.2000,4602.2000,4614.8000,4616.0000,4616.2000,4616.4000,4618.4000,1,1,1,1,1,3,1,1,5,1
SF,IC2006,2019-11-13 09:35:57.400,4610.0000,10238,0,100322640.000,0,-,-,-,-,4611.0000,4610.0000,4609.2000,4607.2000,4602.2000,4614.8000,4616.2000,4616.4000,4618.4000,4619.8000,1,1,1,1,1,3,1,5,1,1
SF,IC2006,2019-11-13 09:35:57.900,4610.0000,10238,0,100322640.000,0,-,-,-,-,4611.0000,4610.0000,4609.2000,4607.2000,4602.2000,4614.0000,4614.8000,4616.2000,4616.4000,4618.4000,1,1,1,1,1,1,3,1,5,1
SF,IC2006,2019-11-13 09:35:58.400,4610.0000,10238,0,100322640.000,0,-,-,-,-,4611.0000,4610.0000,4609.2000,4607.2000,4602.2000,4613.8000,4614.0000,4616.2000,4616.4000,4618.4000,1,1,1,1,1,3,1,1,5,1
SF,IC2006,2019-11-13 09:35:58.900,4610.0000,10238,0,100322640.000,0,-,-,-,-,4611.0000,4609.2000,4607.2000,4602.2000,4602.0000,4613.8000,4616.2000,4616.4000,4618.4000,4619.8000,1,1,1,1,1,3,1,5,1,1
SF,IC2006,2019-11-13 09:35:59.400,4610.0000,10238,0,100322640.000,0,-,-,-,-,4611.0000,4609.2000,4607.2000,4602.2000,4602.0000,4613.6000,4616.2000,4616.4000,4618.4000,4619.8000,1,1,1,1,1,3,1,5,1,1
SF,IC2006,2019-11-13 09:35:59.900,4610.0000,10238,0,101244640.000,1,0,1,多换,S,4609.2000,4607.2000,4602.2000,4602.0000,4599.4000,4613.6000,4616.2000,4616.4000,4618.4000,4619.8000,1,1,1,1,5,3,1,5,1,1
SF,IC2006,2019-11-13 09:36:00.400,4610.0000,10238,0,101244640.000,0,-,-,-,-,4609.4000,4609.2000,4607.2000,4602.2000,4602.0000,4613.6000,4616.2000,4616.4000,4618.4000,4619.8000,2,1,1,1,1,3,1,5,1,1
SF,IC2006,2019-11-13 09:36:00.900,4610.0000,10238,0,101244640.000,0,-,-,-,-,4610.0000,4609.4000,4609.2000,4607.2000,4602.2000,4613.6000,4616.2000,4616.4000,4618.4000,4619.8000,1,2,1,1,1,3,1,5,1,1
SF,IC2006,2019-11-13 09:36:01.400,4610.0000,10238,0,101244640.000,0,-,-,-,-,4610.2000,4610.0000,4609.2000,4607.2000,4602.2000,4613.6000,4616.2000,4616.4000,4618.4000,4619.8000,1,2,1,1,1,3,1,5,1,1
SF,IC2006,2019-11-13 09:36:01.900,4610.0000,10238,0,101244640.000,0,-,-,-,-,4610.4000,4610.2000,4610.0000,4609.2000,4607.2000,4613.6000,4616.2000,4616.4000,4618.4000,4619.8000,1,2,2,1,1,2,1,5,1,1
SF,IC2006,2019-11-13 09:36:02.400,4610.0000,10238,0,101244640.000,0,-,-,-,-,4610.6000,4610.4000,4610.2000,4610.0000,4609.2000,4616.2000,4616.4000,4618.4000,4619.8000,4622.6000,1,1,1,2,1,1,5,1,1,5
SF,IC2006,2019-11-13 09:36:02.900,4614.8000,10238,0,102167600.000,1,0,1,多换,S,4610.6000,4610.4000,4610.2000,4610.0000,4609.2000,4614.8000,4615.0000,4616.2000,4616.4000,4618.4000,1,1,1,2,1,2,1,1,5,1
SF,IC2006,2019-11-13 09:36:03.400,4614.8000,10238,0,102167600.000,0,-,-,-,-,4611.0000,4610.6000,4610.4000,4610.2000,4610.0000,4614.6000,4616.2000,4616.4000,4618.4000,4619.8000,1,1,1,1,2,1,1,5,1,1
SF,IC2006,2019-11-13 09:36:03.900,4614.8000,10238,0,102167600.000,0,-,-,-,-,4611.2000,4611.0000,4610.4000,4610.2000,4610.0000,4614.4000,4614.6000,4616.2000,4616.4000,4618.4000,1,1,1,1,2,1,1,1,5,1
