市场代码,合约代码,时间,最新,持仓,增仓,成交额,成交量,开仓,平仓,成交类型,方向,买一价,买二价,买三价,买四价,买五价,卖一价,卖二价,卖三价,卖四价,卖五价,买一量,买二量,买三量,买四量,买五量,卖一量,卖二量,卖三量,卖四量,卖五量
SF,IC2003,2019-11-27 09:29:00.100,4735.0000,34358,0,3788000.000,4.000,-,-,-,-,4735.0000,4731.8000,4730.4000,4726.0000,4720.0000,4738.0000,4739.0000,4739.2000,4739.6000,4743.0000,1,1,1,1,6,1,1,1,1,2
SF,IC2003,2019-11-27 09:30:00.100,4730.4000,34359,1,7573520.000,4,2,2,空开,S,4726.0000,4725.6000,4721.8000,4720.0000,4716.0000,4733.0000,4733.4000,4734.4000,4734.6000,4734.8000,3,1,1,6,1,6,3,2,1,2
SF,IC2003,2019-11-27 09:30:00.600,4730.4000,34359,0,7573520.000,0,-,-,-,-,4727.2000,4726.8000,4726.4000,4726.2000,4726.0000,4730.8000,4731.2000,4732.2000,4732.6000,4732.8000,1,2,9,1,3,2,4,1,3,2
SF,IC2003,2019-11-27 09:30:01.100,4730.6000,34357,-2,9465720.000,2,0,2,双平,S,4728.0000,4727.6000,4727.2000,4726.6000,4726.4000,4730.6000,4732.6000,4732.8000,4734.0000,4734.4000,1,2,3,1,9,1,1,1,1,2
SF,IC2003,2019-11-27 09:30:01.600,4727.2000,34357,0,10411160.000,1,0,1,多换,S,4728.8000,4728.4000,4726.6000,4726.4000,4726.2000,4730.6000,4732.8000,4734.0000,4734.6000,4734.8000,1,2,1,8,1,1,1,1,1,1
SF,IC2003,2019-11-27 09:30:02.100,4728.8000,34356,-1,13248120.000,3,1,2,多平,S,4728.0000,4726.2000,4726.0000,4725.6000,4725.4000,4729.6000,4730.0000,4730.2000,4731.2000,4732.8000,1,1,1,1,1,2,2,2,1,1
SF,IC2003,2019-11-27 09:30:02.600,4728.2000,34357,1,14193760.000,1,1,0,双开,S,4728.0000,4726.2000,4726.0000,4725.6000,4725.4000,4729.2000,4729.6000,4730.2000,4731.2000,4732.8000,1,1,1,1,1,3,1,2,1,1
SF,IC2003,2019-11-27 09:30:03.100,4728.0000,34352,-5,18920360.000,5,0,5,双平,S,4721.8000,4721.2000,4720.0000,4719.6000,4716.8000,4729.0000,4729.2000,4729.6000,4730.2000,4731.2000,1,5,6,2,1,1,1,1,2,1
SF,IC2003,2019-11-27 09:30:03.600,4728.0000,34352,0,18920360.000,0,-,-,-,-,4724.2000,4724.0000,4723.4000,4723.2000,4723.0000,4728.0000,4728.6000,4728.8000,4729.0000,4729.6000,2,1,2,2,1,2,1,1,1,1
SF,IC2003,2019-11-27 09:30:04.100,4728.0000,34352,0,18920360.000,0,-,-,-,-,4724.6000,4724.4000,4724.2000,4724.0000,4723.4000,4727.6000,4727.8000,4728.0000,4729.6000,4730.2000,1,2,2,1,2,1,1,2,1,2
SF,IC2003,2019-11-27 09:30:04.600,4728.0000,34352,0,18920360.000,0,-,-,-,-,4724.8000,4724.6000,4724.2000,4724.0000,4723.8000,4727.2000,4727.4000,4727.6000,4728.0000,4729.6000,1,1,2,1,1,1,1,1,1,1
SF,IC2003,2019-11-27 09:30:05.100,4728.0000,34352,0,18920360.000,0,-,-,-,-,4725.2000,4724.8000,4723.4000,4723.2000,4723.0000,4726.8000,4727.0000,4727.2000,4728.0000,4729.6000,1,2,1,1,1,1,1,1,1,1
SF,IC2003,2019-11-27 09:30:05.600,4726.8000,34352,0,19865720.000,1,0,1,多换,S,4725.4000,4725.2000,4724.8000,4723.4000,4723.2000,4726.8000,4728.0000,4729.6000,4730.2000,4731.2000,1,1,1,1,1,1,1,1,1,1
SF,IC2003,2019-11-27 09:30:06.100,4726.8000,34352,0,19865720.000,0,-,-,-,-,4725.8000,4723.4000,4723.2000,4723.0000,4722.2000,4726.8000,4728.0000,4729.6000,4730.2000,4731.2000,1,1,1,1,9,1,1,1,1,1
SF,IC2003,2019-11-27 09:30:06.600,4725.6000,34350,-2,25533960.000,6,2,4,多平,S,4725.0000,4722.2000,4722.0000,4721.8000,4721.2000,4726.4000,4726.8000,4728.0000,4729.6000,4730.2000,1,6,2,1,5,2,1,1,1,1
SF,IC2003,2019-11-27 09:30:07.100,4725.0000,34350,0,26478960.000,1,0,1,多换,S,4722.2000,4722.0000,4721.8000,4721.2000,4720.0000,4726.0000,4726.6000,4728.0000,4729.6000,4730.2000,6,2,1,5,6,1,2,1,1,1
SF,IC2003,2019-11-27 09:30:07.600,4722.2000,34347,-3,29312360.000,3,0,3,双平,S,4722.2000,4722.0000,4721.8000,4720.6000,4720.0000,4725.8000,4726.0000,4726.6000,4728.0000,4729.6000,6,2,1,1,6,1,2,2,1,1
SF,IC2003,2019-11-27 09:30:08.100,4722.2000,34346,-1,30256800.000,1,0,1,双平,S,4722.0000,4721.8000,4720.8000,4720.0000,4716.8000,4722.2000,4725.4000,4725.6000,4725.8000,4726.2000,1,2,1,6,1,4,1,3,4,1
SF,IC2003,2019-11-27 09:30:08.600,4722.2000,34340,-6,38756720.000,9,1,8,多平,S,4722.2000,4721.6000,4720.8000,4720.0000,4716.8000,4725.6000,4725.8000,4726.2000,4728.0000,4729.6000,3,1,1,6,1,1,4,1,1,1
SF,IC2003,2019-11-27 09:30:09.100,4725.4000,34341,1,42536440.000,4,2,2,空开,S,4722.4000,4722.2000,4721.6000,4720.8000,4720.0000,4725.4000,4725.6000,4726.2000,4727.8000,4728.0000,1,4,1,1,6,4,1,1,1,1
SF,IC2003,2019-11-27 09:30:09.600,4725.4000,34341,0,42536440.000,0,-,-,-,-,4722.6000,4722.4000,4722.2000,4721.4000,4720.8000,4725.2000,4725.4000,4725.6000,4726.2000,4728.0000,2,1,4,1,3,1,4,1,1,1
SF,IC2003,2019-11-27 09:30:10.100,4722.6000,34341,0,43480960.000,1,0,1,多换,S,4722.8000,4722.2000,4720.8000,4720.0000,4716.8000,4724.0000,4724.8000,4725.0000,4725.2000,4725.6000,1,4,3,6,1,1,3,2,1,1
SF,IC2003,2019-11-27 09:30:10.600,4724.0000,34340,-1,44425760.000,1,0,1,双平,S,4724.0000,4722.8000,4722.2000,4720.8000,4720.4000,4724.8000,4725.0000,4725.2000,4726.2000,4728.0000,1,1,4,3,1,3,2,1,1,1
SF,IC2003,2019-11-27 09:30:11.100,4724.0000,34339,-1,46315360.000,2,0,2,多平,S,4722.2000,4720.8000,4720.4000,4720.2000,4720.0000,4724.8000,4725.0000,4725.2000,4726.2000,4728.0000,4,3,1,1,6,3,1,1,2,1
SF,IC2003,2019-11-27 09:30:11.600,4724.0000,34339,0,46315360.000,0,-,-,-,-,4722.4000,4722.2000,4720.8000,4720.4000,4720.2000,4724.4000,4724.6000,4724.8000,4725.0000,4726.2000,1,4,3,1,1,1,2,3,1,1
SF,IC2003,2019-11-27 09:30:12.100,4724.0000,34339,0,46315360.000,0,-,-,-,-,4722.4000,4722.2000,4720.8000,4720.4000,4720.2000,4724.6000,4724.8000,4726.2000,4726.6000,4728.0000,1,4,3,1,1,1,3,1,1,1
SF,IC2003,2019-11-27 09:30:12.600,4724.6000,34340,1,47260280.000,1,1,0,双开,S,4722.4000,4722.2000,4720.8000,4720.4000,4720.2000,4724.8000,4726.2000,4726.6000,4728.0000,4729.6000,1,4,3,1,1,3,1,1,1,1
SF,IC2003,2019-11-27 09:30:13.100,4724.6000,34340,0,47260280.000,0,-,-,-,-,4722.6000,4722.4000,4722.2000,4720.8000,4720.4000,4724.2000,4726.2000,4728.0000,4729.6000,4730.2000,1,1,4,3,1,4,1,1,1,1
SF,IC2003,2019-11-27 09:30:13.600,4724.6000,34340,0,47260280.000,0,-,-,-,-,4722.4000,4722.2000,4720.8000,4720.4000,4720.2000,4722.6000,4724.2000,4726.2000,4728.0000,4729.6000,1,3,2,1,1,1,4,1,1,1
SF,IC2003,2019-11-27 09:30:14.100,4722.6000,34339,-1,48204800.000,1,0,1,双平,S,4722.8000,4722.6000,4722.4000,4722.2000,4720.8000,4724.0000,4724.2000,4724.8000,4726.2000,4728.0000,1,1,1,3,2,1,4,1,1,1
SF,IC2003,2019-11-27 09:30:14.600,4722.6000,34339,0,48204800.000,0,-,-,-,-,4723.0000,4722.8000,4722.4000,4722.2000,4720.8000,4724.0000,4724.2000,4724.8000,4726.2000,4728.0000,2,1,1,3,2,1,4,1,1,1
SF,IC2003,2019-11-27 09:30:15.100,4722.6000,34339,0,48204800.000,0,-,-,-,-,4723.0000,4722.4000,4722.2000,4720.8000,4720.4000,4724.2000,4724.8000,4726.2000,4728.0000,4729.6000,2,2,3,2,1,3,1,1,1,1
SF,IC2003,2019-11-27 09:30:15.600,4722.6000,34339,0,48204800.000,0,-,-,-,-,4723.0000,4722.4000,4722.2000,4720.8000,4720.4000,4724.2000,4724.8000,4726.2000,4728.0000,4729.6000,2,1,3,2,1,3,1,1,1,1
SF,IC2003,2019-11-27 09:30:16.100,4722.6000,34339,0,48204800.000,0,-,-,-,-,4723.2000,4723.0000,4722.4000,4722.2000,4720.8000,4724.2000,4724.8000,4726.2000,4728.0000,4729.6000,1,2,1,3,2,3,1,1,1,1
SF,IC2003,2019-11-27 09:30:16.600,4722.6000,34339,0,48204800.000,0,-,-,-,-,4723.2000,4723.0000,4722.4000,4722.2000,4720.8000,4724.2000,4724.8000,4726.2000,4728.0000,4729.6000,1,2,1,3,2,3,1,1,1,1
SF,IC2003,2019-11-27 09:30:17.100,4722.6000,34339,0,48204800.000,0,-,-,-,-,4724.2000,4723.2000,4723.0000,4722.4000,4722.2000,4724.8000,4726.2000,4728.0000,4729.6000,4730.2000,1,1,2,1,3,1,1,1,1,1
SF,IC2003,2019-11-27 09:30:17.600,4724.2000,34339,0,49149640.000,1,0,1,多换,S,4723.2000,4723.0000,4722.4000,4722.2000,4720.8000,4724.0000,4726.2000,4728.0000,4729.6000,4730.2000,1,2,1,2,2,1,1,1,1,1
SF,IC2003,2019-11-27 09:30:18.100,4724.0000,34339,0,50094440.000,1,0,1,多换,S,4724.2000,4723.4000,4723.2000,4723.0000,4722.4000,4726.2000,4728.0000,4729.6000,4730.2000,4731.2000,1,1,1,2,1,1,1,1,1,1
SF,IC2003,2019-11-27 09:30:18.600,4724.2000,34337,-2,51984120.000,2,0,2,双平,S,4723.4000,4723.2000,4723.0000,4722.4000,4722.2000,4724.6000,4725.2000,4725.6000,4725.8000,4726.0000,1,1,2,1,3,2,3,1,4,4
SF,IC2003,2019-11-27 09:30:19.100,4724.2000,34337,0,51984120.000,0,-,-,-,-,4724.0000,4723.6000,4723.2000,4723.0000,4722.4000,4725.8000,4726.2000,4728.0000,4729.6000,4730.2000,1,1,1,2,1,4,1,1,1,1
SF,IC2003,2019-11-27 09:30:19.600,4724.2000,34337,0,51984120.000,0,-,-,-,-,4724.0000,4723.0000,4722.4000,4722.2000,4720.8000,4725.6000,4725.8000,4726.2000,4728.0000,4729.6000,1,2,1,3,2,2,3,1,1,1
SF,IC2003,2019-11-27 09:30:20.100,4724.2000,34337,0,52928960.000,1,0,1,多换,S,4724.2000,4724.0000,4723.0000,4722.4000,4722.2000,4726.2000,4728.0000,4729.6000,4730.2000,4731.2000,2,1,2,1,3,1,1,1,1,1
SF,IC2003,2019-11-27 09:30:20.600,4724.2000,34337,0,53873800.000,1,0,1,多换,S,4724.2000,4724.0000,4723.4000,4723.0000,4722.8000,4726.6000,4728.0000,4729.6000,4730.2000,4731.2000,3,1,1,2,1,1,1,1,1,1
SF,IC2003,2019-11-27 09:30:21.100,4723.4000,34339,2,58597800.000,5,3,2,空开,S,4725.6000,4723.0000,4722.4000,4722.2000,4720.8000,4726.2000,4726.4000,4726.6000,4728.0000,4729.6000,1,2,1,3,2,3,1,1,1,1
SF,IC2003,2019-11-27 09:30:21.600,4725.6000,34337,-2,60488040.000,2,0,2,双平,S,4724.4000,4723.0000,4722.4000,4722.2000,4720.8000,4725.2000,4726.0000,4728.0000,4729.6000,4730.2000,1,2,1,3,2,1,1,1,1,1
SF,IC2003,2019-11-27 09:30:22.100,4725.6000,34337,0,60488040.000,0,-,-,-,-,4724.6000,4724.4000,4723.0000,4722.4000,4722.2000,4725.2000,4728.0000,4729.6000,4730.2000,4731.2000,2,1,2,1,3,1,1,1,1,1
SF,IC2003,2019-11-27 09:30:22.600,4725.2000,34336,-1,61433080.000,1,0,1,双平,S,4725.8000,4725.2000,4724.8000,4724.6000,4723.4000,4726.6000,4728.0000,4729.6000,4730.2000,4731.2000,1,1,2,1,1,1,1,1,1,1
SF,IC2003,2019-11-27 09:30:23.100,4725.8000,34336,0,62378240.000,1,0,1,多换,S,4725.2000,4724.8000,4724.6000,4722.4000,4722.2000,4726.2000,4726.4000,4726.6000,4728.0000,4729.6000,1,2,1,1,2,5,3,1,1,1
SF,IC2003,2019-11-27 09:30:23.600,4725.2000,34335,-1,63323280.000,1,0,1,双平,S,4724.8000,4724.6000,4722.4000,4722.2000,4720.8000,4726.2000,4726.6000,4728.0000,4729.6000,4730.2000,2,1,1,2,3,3,1,1,1,1
SF,IC2003,2019-11-27 09:30:24.100,4725.2000,34335,0,63323280.000,0,-,-,-,-,4724.8000,4724.6000,4722.4000,4722.2000,4720.8000,4726.6000,4728.0000,4729.6000,4730.2000,4731.2000,2,1,1,2,3,1,1,1,1,1
SF,IC2003,2019-11-27 09:30:24.600,4725.2000,34335,0,63323280.000,0,-,-,-,-,4726.2000,4725.0000,4724.8000,4722.4000,4722.2000,4726.6000,4728.0000,4729.6000,4730.2000,4731.2000,1,2,2,1,3,1,1,1,1,1
SF,IC2003,2019-11-27 09:30:25.100,4726.6000,34334,-1,64268600.000,1,0,1,双平,S,4726.4000,4726.2000,4722.4000,4722.2000,4720.8000,4728.0000,4729.6000,4730.2000,4731.2000,4738.0000,3,1,1,3,3,1,1,1,1,1
SF,IC2003,2019-11-27 09:30:25.600,4726.4000,34334,0,66159160.000,2,1,1,多换,S,4726.4000,4726.2000,4724.6000,4722.4000,4722.2000,4727.8000,4728.0000,4729.6000,4730.2000,4731.2000,1,1,1,1,3,1,2,1,1,1
SF,IC2003,2019-11-27 09:30:26.100,4726.4000,34333,-1,68049720.000,2,0,2,多平,S,4726.2000,4724.6000,4722.4000,4722.2000,4720.8000,4727.2000,4727.6000,4727.8000,4728.0000,4729.6000,1,1,1,3,3,2,1,1,2,1
SF,IC2003,2019-11-27 09:30:26.600,4726.4000,34333,0,68049720.000,0,-,-,-,-,4726.2000,4724.6000,4722.4000,4722.2000,4720.8000,4728.0000,4729.6000,4730.2000,4731.2000,4738.0000,1,1,1,3,3,2,1,1,1,1
SF,IC2003,2019-11-27 09:30:27.100,4726.4000,34333,0,68049720.000,0,-,-,-,-,4726.2000,4724.6000,4722.4000,4722.2000,4720.8000,4727.8000,4728.0000,4729.6000,4730.2000,4731.2000,1,1,1,3,3,1,2,1,1,1
SF,IC2003,2019-11-27 09:30:27.600,4726.2000,34333,0,69940560.000,2,1,1,多换,S,4724.6000,4722.4000,4722.2000,4720.8000,4720.4000,4728.0000,4729.6000,4730.2000,4731.2000,4738.0000,1,1,3,3,1,1,1,1,1,1
SF,IC2003,2019-11-27 09:30:28.100,4726.2000,34333,0,69940560.000,0,-,-,-,-,4725.0000,4724.8000,4724.6000,4722.4000,4722.2000,4727.8000,4729.6000,4731.2000,4738.0000,4739.0000,7,1,1,1,3,1,1,1,1,1
SF,IC2003,2019-11-27 09:30:28.600,4727.8000,34333,0,70886120.000,1,0,1,多换,S,4725.2000,4725.0000,4724.8000,4724.6000,4723.8000,4728.0000,4729.6000,4731.2000,4738.0000,4739.0000,2,7,1,1,1,1,1,1,1,1
SF,IC2003,2019-11-27 09:30:29.100,4727.8000,34333,0,70886120.000,0,-,-,-,-,4725.4000,4725.2000,4724.6000,4723.8000,4722.4000,4727.8000,4728.0000,4729.6000,4731.2000,4738.0000,1,3,1,1,1,1,1,1,1,1
SF,IC2003,2019-11-27 09:30:29.600,4727.8000,34333,0,70886120.000,0,-,-,-,-,4726.0000,4725.6000,4725.4000,4725.2000,4724.6000,4729.6000,4731.2000,4738.0000,4739.0000,4739.2000,1,1,2,3,1,1,1,1,1,1
SF,IC2003,2019-11-27 09:30:30.100,4727.8000,34333,0,70886120.000,0,-,-,-,-,4727.2000,4726.2000,4726.0000,4725.8000,4725.6000,4729.6000,4738.0000,4739.0000,4739.2000,4739.6000,1,4,1,1,4,1,1,1,1,1
SF,IC2003,2019-11-27 09:30:30.600,4727.8000,34333,0,70886120.000,0,-,-,-,-,4727.8000,4727.6000,4727.4000,4727.0000,4726.0000,4729.4000,4729.6000,4732.6000,4738.0000,4739.0000,1,1,2,1,2,1,1,1,1,1
SF,IC2003,2019-11-27 09:30:31.100,4727.8000,34333,0,70886120.000,0,-,-,-,-,4728.0000,4727.8000,4727.4000,4726.0000,4725.8000,4728.6000,4731.2000,4732.6000,4738.0000,4739.0000,2,1,2,2,1,2,1,1,1,1
SF,IC2003,2019-11-27 09:30:31.600,4728.6000,34332,-1,72777560.000,2,0,2,多平,S,4728.0000,4727.8000,4727.4000,4726.0000,4725.8000,4732.6000,4738.0000,4739.0000,4739.2000,4739.6000,2,1,2,2,2,1,1,1,1,1
SF,IC2003,2019-11-27 09:30:32.100,4728.6000,34332,0,72777560.000,0,-,-,-,-,4728.2000,4727.8000,4727.4000,4726.0000,4725.8000,4730.4000,4730.8000,4731.4000,4731.8000,4732.2000,1,1,1,2,2,1,2,3,2,4
SF,IC2003,2019-11-27 09:30:32.600,4728.6000,34332,0,72777560.000,0,-,-,-,-,4728.4000,4728.2000,4727.8000,4727.4000,4726.0000,4730.0000,4730.2000,4730.4000,4730.8000,4732.2000,2,1,1,1,2,4,2,1,2,5
SF,IC2003,2019-11-27 09:30:33.100,4729.8000,34331,-1,73723520.000,1,0,1,双平,S,4728.4000,4727.8000,4727.4000,4726.0000,4725.8000,4730.0000,4730.4000,4730.8000,4731.2000,4732.2000,2,1,2,2,2,4,1,2,1,5
SF,IC2003,2019-11-27 09:30:33.600,4729.8000,34331,0,73723520.000,0,-,-,-,-,4728.6000,4728.4000,4727.8000,4727.4000,4726.0000,4730.0000,4730.4000,4730.8000,4732.2000,4732.4000,2,2,1,1,2,3,1,2,1,4
SF,IC2003,2019-11-27 09:30:34.100,4729.8000,34331,0,73723520.000,0,-,-,-,-,4728.6000,4728.4000,4727.8000,4727.4000,4726.0000,4730.4000,4730.8000,4732.2000,4732.4000,4732.6000,1,2,1,1,2,1,2,1,4,3
SF,IC2003,2019-11-27 09:30:34.600,4729.8000,34331,0,73723520.000,0,-,-,-,-,4728.4000,4727.8000,4727.4000,4726.0000,4725.8000,4729.2000,4729.8000,4730.0000,4730.2000,4730.4000,2,1,1,2,2,1,3,1,2,1
SF,IC2003,2019-11-27 09:30:35.100,4729.8000,34329,-2,75615360.000,2,0,2,双平,S,4728.4000,4727.8000,4727.4000,4726.0000,4725.8000,4729.8000,4730.0000,4730.2000,4730.4000,4730.8000,1,1,1,1,2,2,1,1,1,2
SF,IC2003,2019-11-27 09:30:35.600,4728.6000,34329,0,76561080.000,1,0,1,多换,S,4728.4000,4727.8000,4727.4000,4726.0000,4725.8000,4729.6000,4729.8000,4730.0000,4730.2000,4730.4000,1,1,1,1,2,1,2,1,1,1
SF,IC2003,2019-11-27 09:30:36.100,4728.4000,34329,0,78452440.000,2,1,1,多换,S,4727.8000,4727.4000,4726.0000,4725.8000,4725.4000,4728.4000,4729.2000,4729.4000,4729.6000,4730.2000,1,1,1,1,1,2,2,2,1,1
SF,IC2003,2019-11-27 09:30:36.600,4727.8000,34329,0,81289120.000,3,1,2,多换,S,4727.4000,4726.0000,4725.8000,4725.4000,4725.2000,4729.0000,4729.2000,4729.4000,4729.6000,4730.2000,1,1,1,1,1,1,2,1,1,1
SF,IC2003,2019-11-27 09:30:37.100,4727.8000,34329,0,81289120.000,0,-,-,-,-,4727.6000,4726.0000,4725.8000,4725.4000,4725.2000,4728.6000,4728.8000,4729.0000,4729.4000,4729.6000,2,1,1,1,1,2,1,1,1,1
SF,IC2003,2019-11-27 09:30:37.600,4727.6000,34328,-1,82234640.000,1,0,1,双平,S,4727.6000,4726.0000,4725.8000,4725.4000,4725.2000,4728.6000,4729.0000,4729.4000,4729.6000,4730.2000,1,1,1,1,1,2,1,1,1,1
SF,IC2003,2019-11-27 09:30:38.100,4727.6000,34326,-2,84125680.000,2,0,2,双平,S,4726.0000,4725.8000,4725.4000,4725.2000,4724.6000,4728.0000,4728.2000,4728.4000,4728.6000,4729.6000,1,1,1,1,1,1,2,2,2,1
SF,IC2003,2019-11-27 09:30:38.600,4727.6000,34326,0,84125680.000,0,-,-,-,-,4726.0000,4725.8000,4725.4000,4725.2000,4724.6000,4727.6000,4727.8000,4728.0000,4728.2000,4728.4000,1,1,1,1,1,3,2,1,1,1
SF,IC2003,2019-11-27 09:30:39.100,4727.6000,34326,0,84125680.000,0,-,-,-,-,4726.0000,4725.8000,4725.4000,4724.6000,4722.4000,4727.4000,4727.6000,4728.0000,4728.2000,4728.4000,1,1,1,1,1,1,3,1,1,1
SF,IC2003,2019-11-27 09:30:39.600,4727.6000,34326,0,84125680.000,0,-,-,-,-,4726.2000,4726.0000,4725.8000,4725.4000,4724.6000,4727.4000,4727.6000,4728.0000,4728.2000,4728.4000,1,1,1,1,1,1,3,1,1,1
SF,IC2003,2019-11-27 09:30:40.100,4727.6000,34325,-1,85071200.000,1,0,1,双平,S,4726.2000,4726.0000,4725.8000,4725.4000,4724.6000,4727.6000,4728.0000,4728.2000,4728.4000,4729.6000,1,1,1,1,1,3,1,1,1,1
SF,IC2003,2019-11-27 09:30:40.600,4727.6000,34325,0,85071200.000,0,-,-,-,-,4726.4000,4726.2000,4726.0000,4725.8000,4725.4000,4728.4000,4729.6000,4730.2000,4731.0000,4732.2000,1,1,1,1,1,1,1,1,1,1
SF,IC2003,2019-11-27 09:30:41.100,4727.6000,34325,0,85071200.000,0,-,-,-,-,4727.4000,4726.6000,4726.0000,4725.8000,4725.4000,4728.0000,4728.2000,4728.4000,4729.6000,4730.2000,2,1,1,1,1,3,2,1,1,1
SF,IC2003,2019-11-27 09:30:41.600,4727.4000,34325,0,86962160.000,2,1,1,多换,S,4726.0000,4725.8000,4724.6000,4722.4000,4722.2000,4728.0000,4728.2000,4728.4000,4729.6000,4730.2000,1,1,1,1,3,3,2,1,1,1
SF,IC2003,2019-11-27 09:30:42.100,4727.4000,34325,0,86962160.000,0,-,-,-,-,4726.2000,4726.0000,4725.8000,4724.6000,4722.4000,4727.2000,4727.8000,4728.0000,4728.2000,4728.4000,2,1,1,1,1,1,1,3,2,1
SF,IC2003,2019-11-27 09:30:42.600,4727.4000,34325,0,86962160.000,0,-,-,-,-,4726.2000,4726.0000,4725.8000,4724.6000,4722.4000,4727.6000,4728.0000,4728.2000,4728.4000,4729.4000,2,1,1,1,1,1,3,1,1,1
SF,IC2003,2019-11-27 09:30:43.100,4727.4000,34325,0,86962160.000,0,-,-,-,-,4726.2000,4726.0000,4725.8000,4724.6000,4722.4000,4727.4000,4727.6000,4728.0000,4728.2000,4728.4000,2,1,1,1,1,2,1,1,1,1
SF,IC2003,2019-11-27 09:30:44.100,4727.4000,34324,-1,87907640.000,1,0,1,双平,S,4726.2000,4726.0000,4725.8000,4724.6000,4722.4000,4727.4000,4727.6000,4728.0000,4728.2000,4728.4000,1,1,1,1,1,2,1,1,1,1
SF,IC2003,2019-11-27 09:30:44.600,4727.4000,34324,0,87907640.000,0,-,-,-,-,4726.2000,4726.0000,4725.8000,4724.6000,4722.4000,4727.4000,4727.6000,4728.0000,4728.2000,4728.4000,1,1,1,1,1,2,1,1,1,1
SF,IC2003,2019-11-27 09:30:45.100,4727.4000,34324,0,87907640.000,0,-,-,-,-,4726.2000,4726.0000,4725.8000,4724.6000,4722.4000,4727.4000,4727.6000,4728.0000,4728.2000,4728.4000,1,1,1,1,1,2,1,1,1,1
SF,IC2003,2019-11-27 09:30:45.600,4727.4000,34324,0,87907640.000,0,-,-,-,-,4726.4000,4726.2000,4726.0000,4725.8000,4724.6000,4728.0000,4728.2000,4728.4000,4729.4000,4729.6000,1,1,1,1,1,1,1,1,1,1
SF,IC2003,2019-11-27 09:30:46.100,4727.4000,34324,0,87907640.000,0,-,-,-,-,4726.6000,4726.4000,4726.0000,4725.8000,4724.6000,4727.6000,4728.0000,4728.2000,4728.4000,4729.4000,1,1,1,1,1,2,1,1,1,1
SF,IC2003,2019-11-27 09:30:47.100,4727.6000,34324,0,88853160.000,1,0,1,多换,S,4727.4000,4726.6000,4726.4000,4726.0000,4725.8000,4727.6000,4728.0000,4728.2000,4728.4000,4729.4000,1,1,1,1,1,1,1,1,1,1
SF,IC2003,2019-11-27 09:30:47.600,4727.4000,34324,0,89798640.000,1,0,1,多换,S,4726.4000,4726.0000,4725.8000,4724.6000,4722.4000,4727.4000,4727.6000,4728.0000,4728.2000,4728.4000,1,1,1,1,1,3,1,1,1,1
SF,IC2003,2019-11-27 09:30:48.100,4727.4000,34324,0,89798640.000,0,-,-,-,-,4726.0000,4725.8000,4724.6000,4722.4000,4722.2000,4727.4000,4727.6000,4728.0000,4728.2000,4728.4000,1,1,1,1,3,3,1,1,1,1
SF,IC2003,2019-11-27 09:30:48.600,4727.4000,34324,0,89798640.000,0,-,-,-,-,4726.2000,4726.0000,4725.8000,4724.6000,4722.4000,4727.2000,4727.4000,4727.6000,4728.0000,4728.2000,3,1,1,1,1,1,3,1,1,1
SF,IC2003,2019-11-27 09:30:49.100,4727.2000,34323,-1,90744080.000,1,0,1,双平,S,4727.0000,4726.8000,4726.2000,4726.0000,4725.8000,4727.4000,4727.6000,4728.0000,4728.2000,4728.4000,1,1,2,1,1,3,1,1,1,1
SF,IC2003,2019-11-27 09:30:49.600,4728.0000,34322,-1,94526120.000,4,1,3,多平,S,4728.0000,4727.0000,4726.8000,4726.0000,4725.8000,4728.2000,4728.4000,4729.4000,4729.6000,4730.2000,2,1,1,1,1,1,1,1,1,1
SF,IC2003,2019-11-27 09:30:50.100,4728.0000,34320,-2,96417320.000,2,0,2,双平,S,4727.4000,4727.0000,4726.8000,4726.0000,4725.8000,4728.2000,4729.4000,4729.6000,4730.2000,4731.0000,1,1,1,1,1,1,1,1,1,1
SF,IC2003,2019-11-27 09:30:50.600,4727.4000,34320,0,97362800.000,1,0,1,多换,S,4727.0000,4726.8000,4726.0000,4725.8000,4724.6000,4727.8000,4728.2000,4729.4000,4729.6000,4730.2000,1,1,1,1,1,1,1,1,1,1
SF,IC2003,2019-11-27 09:30:51.100,4727.4000,34320,0,97362800.000,0,-,-,-,-,4727.0000,4726.8000,4726.0000,4725.8000,4724.6000,4727.8000,4728.2000,4729.4000,4729.6000,4730.0000,2,1,1,1,1,1,1,1,1,4
SF,IC2003,2019-11-27 09:30:51.600,4727.8000,34319,-1,98308360.000,1,0,1,双平,S,4727.8000,4727.2000,4727.0000,4726.8000,4726.0000,4728.2000,4729.4000,4729.6000,4730.0000,4730.2000,1,1,2,1,1,1,1,1,4,1
SF,IC2003,2019-11-27 09:30:52.100,4728.2000,34318,-1,99254000.000,1,0,1,双平,S,4727.2000,4727.0000,4726.0000,4725.8000,4724.6000,4729.4000,4730.0000,4730.2000,4731.0000,4732.2000,1,2,1,1,1,1,4,1,1,1
SF,IC2003,2019-11-27 09:30:52.600,4728.2000,34318,0,99254000.000,0,-,-,-,-,4727.4000,4727.2000,4727.0000,4726.0000,4725.8000,4729.0000,4729.2000,4729.4000,4730.0000,4730.2000,1,1,2,1,1,1,1,1,4,1
SF,IC2003,2019-11-27 09:30:53.100,4728.2000,34318,0,99254000.000,0,-,-,-,-,4727.2000,4727.0000,4726.0000,4725.8000,4724.6000,4729.0000,4729.4000,4730.0000,4730.2000,4731.0000,1,2,1,1,1,1,1,4,1,1
SF,IC2003,2019-11-27 09:30:54.100,4728.2000,34318,0,99254000.000,0,-,-,-,-,4727.2000,4727.0000,4726.0000,4725.8000,4724.6000,4728.8000,4729.0000,4729.4000,4730.0000,4730.2000,1,2,1,1,1,1,1,1,4,1
SF,IC2003,2019-11-27 09:30:54.600,4728.2000,34318,0,99254000.000,0,-,-,-,-,4727.4000,4727.2000,4727.0000,4726.0000,4725.8000,4729.4000,4730.0000,4730.2000,4731.0000,4732.2000,1,1,2,1,1,1,4,1,1,1
SF,IC2003,2019-11-27 09:30:55.100,4728.2000,34318,0,99254000.000,0,-,-,-,-,4728.8000,4727.6000,4727.2000,4727.0000,4726.0000,4729.2000,4729.4000,4730.0000,4730.2000,4731.0000,1,1,1,2,1,1,1,4,1,1
SF,IC2003,2019-11-27 09:30:55.600,4728.8000,34318,0,100199760.000,1,0,1,多换,S,4727.2000,4727.0000,4726.0000,4725.8000,4724.6000,4728.8000,4729.0000,4729.2000,4729.4000,4730.0000,1,2,1,1,1,5,1,1,1,4
SF,IC2003,2019-11-27 09:30:56.100,4728.8000,34318,0,100199760.000,0,-,-,-,-,4727.2000,4727.0000,4726.0000,4725.8000,4724.6000,4729.4000,4730.0000,4730.2000,4731.0000,4732.2000,1,2,1,1,1,1,4,1,1,1
SF,IC2003,2019-11-27 09:30:56.600,4728.8000,34318,0,100199760.000,0,-,-,-,-,4727.4000,4727.2000,4727.0000,4726.0000,4725.8000,4729.2000,4729.4000,4730.0000,4730.2000,4731.0000,2,1,2,1,1,1,1,4,1,1
SF,IC2003,2019-11-27 09:30:57.100,4728.8000,34318,0,100199760.000,0,-,-,-,-,4727.4000,4727.2000,4727.0000,4726.0000,4725.8000,4729.0000,4729.2000,4729.4000,4730.0000,4730.2000,1,1,2,1,1,1,1,1,4,1
SF,IC2003,2019-11-27 09:30:57.600,4728.8000,34318,0,100199760.000,0,-,-,-,-,4727.4000,4727.2000,4727.0000,4726.0000,4725.8000,4728.8000,4729.4000,4730.0000,4730.2000,4731.0000,1,1,2,1,1,1,1,4,1,1
SF,IC2003,2019-11-27 09:30:58.100,4728.8000,34318,0,100199760.000,0,-,-,-,-,4727.4000,4727.2000,4727.0000,4726.0000,4725.8000,4728.8000,4729.4000,4730.0000,4730.2000,4731.0000,1,1,2,1,1,1,1,4,1,1
SF,IC2003,2019-11-27 09:30:58.600,4728.8000,34318,0,100199760.000,0,-,-,-,-,4727.2000,4727.0000,4726.0000,4725.8000,4724.6000,4728.8000,4729.4000,4730.0000,4730.2000,4731.0000,1,2,1,1,1,1,1,4,1,1
SF,IC2003,2019-11-27 09:30:59.100,4728.8000,34318,0,100199760.000,0,-,-,-,-,4727.2000,4727.0000,4726.0000,4725.8000,4724.6000,4728.6000,4728.8000,4729.4000,4730.0000,4730.2000,1,2,1,1,1,1,1,1,4,1
SF,IC2003,2019-11-27 09:30:59.600,4728.8000,34318,0,100199760.000,0,-,-,-,-,4727.2000,4727.0000,4726.0000,4725.8000,4724.6000,4729.4000,4730.0000,4730.2000,4731.0000,4732.2000,1,2,1,1,1,1,4,1,1,1
SF,IC2003,2019-11-27 09:31:00.100,4728.8000,34318,0,100199760.000,0,-,-,-,-,4727.4000,4727.2000,4727.0000,4726.0000,4725.8000,4729.0000,4729.2000,4729.4000,4730.0000,4730.2000,1,1,2,1,1,2,2,2,4,1
SF,IC2003,2019-11-27 09:31:00.600,4727.4000,34319,1,101145240.000,1,1,0,双开,S,4727.2000,4727.0000,4726.0000,4725.8000,4724.6000,4728.8000,4729.0000,4729.4000,4730.0000,4730.2000,1,2,1,1,1,4,2,2,5,1
SF,IC2003,2019-11-27 09:31:01.100,4727.0000,34320,1,103981480.000,3,2,1,空开,S,4726.0000,4725.8000,4724.6000,4722.4000,4722.2000,4727.8000,4728.4000,4728.6000,4728.8000,4729.2000,1,1,1,1,3,2,2,3,5,1
SF,IC2003,2019-11-27 09:31:01.600,4727.0000,34320,0,103981480.000,0,-,-,-,-,4726.0000,4725.8000,4724.6000,4722.2000,4721.0000,4728.4000,4728.6000,4728.8000,4729.2000,4729.4000,1,1,1,3,1,2,1,3,1,2
SF,IC2003,2019-11-27 09:31:02.100,4727.0000,34320,0,103981480.000,0,-,-,-,-,4726.0000,4725.8000,4724.6000,4722.2000,4721.0000,4728.2000,4728.4000,4728.6000,4728.8000,4729.2000,1,1,1,3,1,2,2,1,3,1
SF,IC2003,2019-11-27 09:31:02.600,4727.0000,34320,0,103981480.000,0,-,-,-,-,4726.2000,4726.0000,4725.8000,4724.6000,4722.2000,4727.8000,4728.2000,4728.6000,4728.8000,4729.2000,1,1,1,1,3,2,1,1,3,1
SF,IC2003,2019-11-27 09:31:03.100,4727.0000,34320,0,103981480.000,0,-,-,-,-,4726.0000,4725.8000,4724.6000,4722.2000,4721.0000,4727.6000,4727.8000,4728.0000,4728.6000,4728.8000,1,1,1,3,1,2,3,1,1,3
SF,IC2003,2019-11-27 09:31:03.600,4727.0000,34320,0,103981480.000,0,-,-,-,-,4726.0000,4725.8000,4724.6000,4722.2000,4721.0000,4727.6000,4727.8000,4728.6000,4728.8000,4729.2000,1,1,1,3,1,1,3,1,3,1
SF,IC2003,2019-11-27 09:31:04.100,4727.0000,34320,0,103981480.000,0,-,-,-,-,4726.0000,4725.8000,4724.6000,4722.2000,4721.0000,4727.8000,4728.6000,4728.8000,4729.2000,4729.4000,1,1,1,3,1,3,1,3,1,2
SF,IC2003,2019-11-27 09:31:04.600,4727.0000,34320,0,103981480.000,0,-,-,-,-,4726.0000,4725.8000,4724.6000,4722.2000,4721.0000,4727.6000,4727.8000,4728.6000,4728.8000,4729.2000,1,1,1,3,1,2,3,1,3,1
SF,IC2003,2019-11-27 09:31:05.100,4727.0000,34320,0,103981480.000,0,-,-,-,-,4725.8000,4724.6000,4722.2000,4721.0000,4720.8000,4727.6000,4727.8000,4728.6000,4728.8000,4729.2000,1,1,3,1,2,2,3,1,3,1
SF,IC2003,2019-11-27 09:31:05.600,4727.0000,34320,0,103981480.000,0,-,-,-,-,4726.0000,4724.6000,4722.2000,4721.0000,4720.8000,4727.6000,4727.8000,4728.6000,4728.8000,4729.2000,1,1,3,1,2,1,3,1,3,1
SF,IC2003,2019-11-27 09:31:06.100,4727.0000,34320,0,103981480.000,0,-,-,-,-,4724.6000,4722.2000,4721.0000,4720.8000,4720.4000,4727.4000,4727.6000,4727.8000,4728.6000,4728.8000,1,3,1,2,1,1,1,3,1,3
SF,IC2003,2019-11-27 09:31:06.600,4727.0000,34320,0,103981480.000,0,-,-,-,-,4724.8000,4724.6000,4722.2000,4721.0000,4720.8000,4727.2000,4727.8000,4728.6000,4728.8000,4729.2000,1,1,3,1,2,1,3,1,2,1
SF,IC2003,2019-11-27 09:31:07.100,4727.0000,34320,0,103981480.000,0,-,-,-,-,4724.8000,4724.6000,4722.2000,4721.0000,4720.8000,4727.2000,4727.8000,4728.6000,4728.8000,4729.2000,1,1,3,1,2,2,2,1,1,1
SF,IC2003,2019-11-27 09:31:07.600,4727.0000,34319,-1,104926880.000,1,0,1,双平,S,4724.8000,4724.6000,4722.2000,4721.0000,4720.8000,4727.2000,4727.8000,4728.6000,4728.8000,4729.2000,1,1,3,1,2,2,2,1,1,1
SF,IC2003,2019-11-27 09:31:08.100,4727.0000,34319,0,104926880.000,0,-,-,-,-,4724.8000,4724.6000,4722.2000,4721.0000,4720.8000,4727.0000,4727.2000,4727.8000,4728.6000,4728.8000,1,1,3,1,2,1,2,2,1,1
SF,IC2003,2019-11-27 09:31:08.600,4727.0000,34319,0,104926880.000,0,-,-,-,-,4724.8000,4724.6000,4722.2000,4721.0000,4720.8000,4727.0000,4727.2000,4727.8000,4728.6000,4728.8000,2,1,3,1,2,3,2,1,1,1
SF,IC2003,2019-11-27 09:31:09.100,4727.0000,34318,-1,105872280.000,1,0,1,双平,S,4725.2000,4724.8000,4724.6000,4724.4000,4722.2000,4727.2000,4728.8000,4729.2000,4729.4000,4730.0000,2,2,1,1,3,2,1,1,2,4
SF,IC2003,2019-11-27 09:31:09.600,4727.0000,34318,0,105872280.000,0,-,-,-,-,4724.8000,4722.2000,4721.0000,4720.8000,4720.4000,4727.0000,4727.2000,4728.8000,4729.2000,4729.4000,1,3,1,2,1,1,2,1,1,2
SF,IC2003,2019-11-27 09:31:10.100,4727.0000,34318,0,105872280.000,0,-,-,-,-,4724.8000,4722.2000,4721.0000,4720.8000,4720.4000,4726.8000,4727.0000,4727.2000,4728.8000,4729.2000,1,3,1,2,1,1,1,2,1,1
SF,IC2003,2019-11-27 09:31:10.600,4727.0000,34318,0,105872280.000,0,-,-,-,-,4725.0000,4724.8000,4722.2000,4721.0000,4720.8000,4727.2000,4728.8000,4729.2000,4729.4000,4730.0000,2,1,3,1,2,1,1,1,2,4
SF,IC2003,2019-11-27 09:31:11.100,4727.0000,34318,0,105872280.000,0,-,-,-,-,4725.2000,4725.0000,4724.8000,4722.2000,4721.0000,4727.0000,4727.2000,4727.8000,4728.8000,4729.2000,2,1,1,3,1,3,1,1,1,1
SF,IC2003,2019-11-27 09:31:11.600,4727.0000,34318,0,105872280.000,0,-,-,-,-,4725.2000,4724.8000,4722.2000,4721.0000,4720.8000,4726.8000,4727.0000,4727.2000,4727.8000,4728.8000,2,1,3,1,2,1,3,1,1,1
SF,IC2003,2019-11-27 09:31:12.100,4725.2000,34316,-2,107762360.000,2,0,2,双平,S,4724.8000,4722.2000,4721.0000,4720.8000,4720.4000,4726.6000,4727.0000,4727.2000,4727.8000,4728.8000,1,3,1,2,1,1,2,1,1,1
SF,IC2003,2019-11-27 09:31:12.600,4725.2000,34316,0,107762360.000,0,-,-,-,-,4726.6000,4725.4000,4725.0000,4724.8000,4722.2000,4727.2000,4727.8000,4728.8000,4729.2000,4729.4000,1,1,2,1,3,1,1,1,1,2
SF,IC2003,2019-11-27 09:31:13.100,4727.2000,34315,-1,109653120.000,2,0,2,多平,S,4726.6000,4725.4000,4725.0000,4724.8000,4722.2000,4729.2000,4729.4000,4730.0000,4730.2000,4730.6000,1,1,1,1,3,1,1,4,1,1
SF,IC2003,2019-11-27 09:31:13.600,4726.6000,34315,0,110598440.000,1,0,1,多换,S,4726.8000,4725.4000,4725.2000,4724.8000,4722.2000,4728.8000,4729.0000,4729.2000,4729.4000,4730.0000,1,1,1,1,3,2,3,1,1,4
SF,IC2003,2019-11-27 09:31:14.100,4726.6000,34315,0,110598440.000,0,-,-,-,-,4726.8000,4725.4000,4725.2000,4725.0000,4724.8000,4728.6000,4728.8000,4729.0000,4729.2000,4729.4000,1,1,1,1,1,2,2,1,1,1
SF,IC2003,2019-11-27 09:31:14.600,4726.6000,34315,0,110598440.000,0,-,-,-,-,4725.4000,4725.2000,4725.0000,4724.8000,4722.8000,4728.6000,4728.8000,4729.0000,4729.2000,4729.4000,1,1,1,1,1,2,2,1,1,1
SF,IC2003,2019-11-27 09:31:15.100,4726.6000,34315,0,110598440.000,0,-,-,-,-,4725.6000,4725.4000,4725.2000,4725.0000,4724.8000,4728.8000,4729.2000,4729.4000,4730.0000,4730.2000,4,2,1,1,1,2,1,1,4,1
SF,IC2003,2019-11-27 09:31:15.600,4726.6000,34315,0,110598440.000,0,-,-,-,-,4726.0000,4725.8000,4725.6000,4725.4000,4725.2000,4726.8000,4728.4000,4728.6000,4728.8000,4729.2000,3,1,3,1,1,1,1,1,1,1
SF,IC2003,2019-11-27 09:31:16.100,4726.8000,34314,-1,111543800.000,1,0,1,双平,S,4726.8000,4726.2000,4726.0000,4725.6000,4725.4000,4728.4000,4728.8000,4729.2000,4729.4000,4730.0000,4,1,3,2,1,1,1,1,1,4
SF,IC2003,2019-11-27 09:31:16.600,4726.8000,34314,0,111543800.000,0,-,-,-,-,4726.8000,4725.2000,4725.0000,4724.8000,4723.8000,4728.0000,4728.2000,4728.4000,4729.2000,4729.4000,1,1,1,1,1,1,4,1,1,1
SF,IC2003,2019-11-27 09:31:17.100,4726.8000,34314,0,111543800.000,0,-,-,-,-,4726.8000,4725.2000,4725.0000,4724.8000,4723.8000,4727.8000,4728.0000,4728.2000,4729.0000,4729.2000,1,1,1,1,1,3,2,2,1,1
SF,IC2003,2019-11-27 09:31:17.600,4726.8000,34314,0,111543800.000,0,-,-,-,-,4726.8000,4725.2000,4725.0000,4724.8000,4723.8000,4727.8000,4728.2000,4729.2000,4729.4000,4730.0000,1,1,1,1,1,1,1,1,1,4
SF,IC2003,2019-11-27 09:31:19.100,4726.8000,34314,0,111543800.000,0,-,-,-,-,4725.2000,4725.0000,4724.8000,4723.8000,4722.8000,4727.8000,4728.2000,4729.2000,4729.4000,4730.0000,1,1,1,1,1,1,1,1,1,4
SF,IC2003,2019-11-27 09:31:19.600,4726.8000,34314,0,111543800.000,0,-,-,-,-,4725.4000,4725.2000,4725.0000,4724.8000,4723.8000,4727.8000,4728.2000,4729.2000,4729.4000,4730.0000,2,1,2,1,1,1,1,1,1,4
SF,IC2003,2019-11-27 09:31:20.100,4726.8000,34314,0,111543800.000,0,-,-,-,-,4725.4000,4725.2000,4725.0000,4724.8000,4723.8000,4727.8000,4728.2000,4729.2000,4729.4000,4730.0000,2,1,2,1,1,1,1,1,1,4
SF,IC2003,2019-11-27 09:31:20.600,4726.8000,34314,0,111543800.000,0,-,-,-,-,4725.8000,4725.6000,4725.4000,4725.2000,4725.0000,4727.8000,4729.2000,4729.4000,4730.0000,4730.2000,1,1,4,1,2,1,1,1,4,1
SF,IC2003,2019-11-27 09:31:21.100,4726.8000,34314,0,111543800.000,0,-,-,-,-,4726.0000,4725.6000,4725.4000,4725.2000,4725.0000,4727.8000,4729.2000,4729.4000,4730.0000,4730.2000,1,1,1,1,2,1,1,1,4,1
SF,IC2003,2019-11-27 09:31:21.600,4726.8000,34314,0,111543800.000,0,-,-,-,-,4725.6000,4725.4000,4725.2000,4725.0000,4724.8000,4727.8000,4729.2000,4729.4000,4730.0000,4730.2000,1,1,1,2,1,1,1,1,4,1
SF,IC2003,2019-11-27 09:31:22.100,4726.8000,34314,0,111543800.000,0,-,-,-,-,4725.4000,4725.2000,4725.0000,4724.8000,4723.8000,4727.6000,4727.8000,4729.2000,4729.4000,4730.0000,1,1,2,1,1,3,1,1,1,4
SF,IC2003,2019-11-27 09:31:22.600,4726.8000,34314,0,111543800.000,0,-,-,-,-,4725.4000,4725.2000,4725.0000,4724.8000,4723.8000,4727.4000,4727.6000,4729.2000,4729.4000,4730.0000,1,1,2,1,1,1,3,1,1,4
SF,IC2003,2019-11-27 09:31:23.100,4726.8000,34314,0,111543800.000,0,-,-,-,-,4725.4000,4725.2000,4725.0000,4724.8000,4723.8000,4727.2000,4727.4000,4727.6000,4729.2000,4729.4000,1,1,2,1,1,2,2,2,1,1
SF,IC2003,2019-11-27 09:31:23.600,4726.8000,34314,0,111543800.000,0,-,-,-,-,4725.2000,4725.0000,4724.8000,4723.8000,4722.8000,4727.2000,4727.6000,4729.2000,4729.4000,4730.0000,1,2,1,1,1,1,2,1,1,4
SF,IC2003,2019-11-27 09:31:24.100,4726.8000,34314,0,111543800.000,0,-,-,-,-,4725.2000,4725.0000,4724.8000,4723.8000,4723.0000,4727.0000,4727.6000,4729.2000,4729.4000,4730.0000,1,3,1,1,1,3,2,1,1,4
SF,IC2003,2019-11-27 09:31:24.600,4726.8000,34314,0,111543800.000,0,-,-,-,-,4725.2000,4725.0000,4724.8000,4723.8000,4723.0000,4726.8000,4727.0000,4727.6000,4729.2000,4729.4000,1,3,1,1,1,1,4,2,1,1
SF,IC2003,2019-11-27 09:31:25.100,4726.8000,34314,0,111543800.000,0,-,-,-,-,4725.2000,4725.0000,4724.8000,4723.0000,4722.8000,4726.6000,4726.8000,4727.0000,4727.6000,4729.2000,1,3,1,1,1,2,1,2,2,1
SF,IC2003,2019-11-27 09:31:25.600,4726.8000,34314,0,111543800.000,0,-,-,-,-,4725.2000,4725.0000,4724.8000,4723.0000,4722.8000,4726.4000,4726.6000,4726.8000,4727.0000,4727.4000,1,3,1,1,1,2,3,1,1,1
SF,IC2003,2019-11-27 09:31:26.100,4726.8000,34314,0,111543800.000,0,-,-,-,-,4725.2000,4725.0000,4724.8000,4723.0000,4722.8000,4726.4000,4726.6000,4726.8000,4727.0000,4727.4000,1,3,1,1,1,1,2,1,1,1
SF,IC2003,2019-11-27 09:31:26.600,4726.8000,34314,0,111543800.000,0,-,-,-,-,4726.4000,4725.2000,4725.0000,4724.8000,4723.0000,4726.6000,4726.8000,4727.0000,4727.4000,4727.6000,1,1,3,1,1,2,1,1,1,2
SF,IC2003,2019-11-27 09:31:27.100,4726.4000,34314,0,112489080.000,1,0,1,多换,S,4725.2000,4725.0000,4724.8000,4723.0000,4722.8000,4726.2000,4726.4000,4726.6000,4726.8000,4727.0000,1,3,1,1,1,1,5,4,1,1
SF,IC2003,2019-11-27 09:31:27.600,4726.4000,34314,0,112489080.000,0,-,-,-,-,4725.2000,4725.0000,4724.8000,4723.0000,4722.8000,4726.4000,4726.6000,4726.8000,4727.0000,4727.4000,1,3,1,1,1,2,2,1,1,1
SF,IC2003,2019-11-27 09:31:28.100,4725.2000,34314,0,113434120.000,1,0,1,多换,S,4725.0000,4724.8000,4723.0000,4722.8000,4722.2000,4726.0000,4726.2000,4726.4000,4726.6000,4727.0000,3,1,1,1,3,1,2,2,2,1
SF,IC2003,2019-11-27 09:31:28.600,4725.2000,34314,0,113434120.000,0,-,-,-,-,4725.0000,4724.8000,4723.0000,4722.8000,4722.2000,4725.8000,4726.0000,4726.2000,4726.4000,4726.6000,3,1,1,1,3,2,1,1,2,2
SF,IC2003,2019-11-27 09:31:29.600,4725.0000,34314,0,114379120.000,1,0,1,多换,S,4725.0000,4724.8000,4723.0000,4722.8000,4722.2000,4725.8000,4726.4000,4726.6000,4727.0000,4727.4000,2,1,1,1,3,1,2,2,1,1
SF,IC2003,2019-11-27 09:31:30.100,4725.0000,34314,0,114379120.000,0,-,-,-,-,4725.0000,4724.8000,4723.0000,4722.8000,4722.2000,4726.4000,4726.6000,4727.0000,4727.4000,4727.6000,2,1,1,1,3,2,2,1,1,2
SF,IC2003,2019-11-27 09:31:30.600,4725.0000,34314,0,114379120.000,0,-,-,-,-,4725.0000,4724.8000,4723.0000,4722.8000,4722.2000,4726.2000,4726.4000,4726.6000,4727.0000,4727.4000,2,1,1,1,3,1,2,2,1,1
SF,IC2003,2019-11-27 09:31:31.100,4725.0000,34314,0,114379120.000,0,-,-,-,-,4725.0000,4724.8000,4723.0000,4722.8000,4722.2000,4726.0000,4726.2000,4726.4000,4726.6000,4727.0000,2,1,1,1,3,2,1,3,2,1
SF,IC2003,2019-11-27 09:31:31.600,4726.4000,34313,-1,115324400.000,1,0,1,双平,S,4725.0000,4724.8000,4723.0000,4722.8000,4722.2000,4726.4000,4726.6000,4727.0000,4727.4000,4727.6000,2,1,1,1,3,2,2,1,1,2
SF,IC2003,2019-11-27 09:31:32.100,4726.4000,34313,0,115324400.000,0,-,-,-,-,4725.0000,4724.8000,4723.0000,4722.8000,4722.2000,4726.2000,4726.4000,4726.6000,4727.0000,4727.4000,2,1,1,1,3,1,1,2,1,1
SF,IC2003,2019-11-27 09:31:32.600,4726.4000,34313,0,115324400.000,0,-,-,-,-,4726.0000,4725.0000,4724.8000,4723.0000,4722.8000,4726.2000,4726.4000,4726.6000,4727.0000,4727.4000,1,2,1,1,1,1,1,2,1,1
SF,IC2003,2019-11-27 09:31:33.100,4726.0000,34313,0,116269600.000,1,0,1,多换,S,4725.0000,4724.8000,4723.0000,4722.8000,4722.2000,4726.2000,4726.6000,4727.0000,4727.4000,4727.6000,2,1,1,1,3,1,2,1,1,2
SF,IC2003,2019-11-27 09:31:33.600,4726.0000,34313,0,116269600.000,0,-,-,-,-,4725.0000,4724.8000,4723.0000,4722.8000,4722.2000,4726.0000,4726.2000,4726.6000,4727.0000,4727.4000,2,1,1,1,3,3,2,2,1,1
SF,IC2003,2019-11-27 09:31:34.100,4726.0000,34313,0,116269600.000,0,-,-,-,-,4725.0000,4724.8000,4723.0000,4722.8000,4722.2000,4726.2000,4726.6000,4727.0000,4727.4000,4727.6000,2,1,1,1,3,1,2,1,1,2
SF,IC2003,2019-11-27 09:31:34.600,4725.0000,34313,0,117214600.000,1,0,1,多换,S,4725.0000,4724.8000,4723.0000,4722.8000,4722.2000,4725.6000,4725.8000,4726.0000,4726.2000,4726.6000,1,1,1,1,3,1,1,1,1,2
SF,IC2003,2019-11-27 09:31:35.100,4725.0000,34313,0,117214600.000,0,-,-,-,-,4725.0000,4724.8000,4723.0000,4722.8000,4722.2000,4725.6000,4725.8000,4726.2000,4726.6000,4727.0000,1,1,1,1,3,1,1,1,2,1
SF,IC2003,2019-11-27 09:31:35.600,4725.6000,34313,0,118159720.000,1,0,1,多换,S,4725.6000,4725.0000,4724.8000,4723.0000,4722.8000,4726.2000,4726.6000,4727.0000,4727.4000,4727.6000,2,1,1,1,1,1,2,1,1,2
SF,IC2003,2019-11-27 09:31:36.100,4725.6000,34313,0,118159720.000,0,-,-,-,-,4725.0000,4724.8000,4723.0000,4722.8000,4722.2000,4726.2000,4726.6000,4727.0000,4727.4000,4727.6000,1,1,1,1,3,1,2,1,1,2
SF,IC2003,2019-11-27 09:31:36.600,4725.6000,34313,0,118159720.000,0,-,-,-,-,4725.0000,4724.8000,4723.0000,4722.8000,4722.2000,4726.6000,4727.0000,4727.4000,4727.6000,4729.2000,1,1,1,1,3,2,1,1,2,1
SF,IC2003,2019-11-27 09:31:37.100,4725.6000,34313,0,118159720.000,0,-,-,-,-,4725.0000,4724.8000,4723.0000,4722.8000,4722.2000,4726.4000,4726.6000,4727.0000,4727.4000,4727.6000,1,1,1,1,3,1,2,1,1,2
SF,IC2003,2019-11-27 09:31:37.600,4725.6000,34313,0,118159720.000,0,-,-,-,-,4725.0000,4724.8000,4723.0000,4722.8000,4722.2000,4726.6000,4727.0000,4727.4000,4727.6000,4729.2000,1,1,1,1,3,2,1,1,2,1
SF,IC2003,2019-11-27 09:31:38.100,4725.6000,34313,0,118159720.000,0,-,-,-,-,4725.0000,4724.8000,4723.0000,4722.8000,4722.2000,4726.4000,4726.6000,4727.0000,4727.4000,4727.6000,1,1,1,1,3,1,2,1,1,2
SF,IC2003,2019-11-27 09:31:38.600,4725.6000,34313,0,118159720.000,0,-,-,-,-,4725.0000,4724.8000,4723.0000,4722.8000,4722.2000,4726.2000,4726.6000,4727.0000,4727.4000,4727.6000,1,1,1,1,3,1,2,1,1,2
SF,IC2003,2019-11-27 09:31:39.100,4725.6000,34313,0,118159720.000,0,-,-,-,-,4725.0000,4724.8000,4723.0000,4722.8000,4722.2000,4726.0000,4726.2000,4726.6000,4727.0000,4727.4000,1,1,1,1,3,1,1,2,1,1
SF,IC2003,2019-11-27 09:31:40.600,4725.0000,34313,0,119104720.000,1,0,1,多换,S,4724.8000,4723.0000,4722.8000,4722.2000,4720.8000,4726.0000,4726.2000,4726.6000,4727.0000,4727.4000,1,1,1,3,2,1,1,2,1,1
SF,IC2003,2019-11-27 09:31:41.100,4725.0000,34313,0,119104720.000,0,-,-,-,-,4724.8000,4723.0000,4722.8000,4722.2000,4720.8000,4725.0000,4726.0000,4726.2000,4726.6000,4727.0000,1,1,1,3,2,1,1,1,2,1
SF,IC2003,2019-11-27 09:31:41.600,4725.0000,34314,1,120049720.000,1,1,0,双开,S,4725.0000,4724.8000,4723.0000,4722.8000,4722.2000,4726.0000,4726.2000,4726.6000,4727.0000,4727.4000,1,1,1,1,3,1,1,2,1,1
SF,IC2003,2019-11-27 09:31:42.100,4725.0000,34314,0,120049720.000,0,-,-,-,-,4725.0000,4724.8000,4723.0000,4722.8000,4722.2000,4726.0000,4726.2000,4726.6000,4727.0000,4727.4000,2,1,1,1,3,1,1,2,1,1
SF,IC2003,2019-11-27 09:31:42.600,4725.0000,34314,0,120049720.000,0,-,-,-,-,4725.0000,4724.8000,4723.0000,4722.8000,4722.2000,4726.0000,4726.2000,4726.6000,4727.0000,4727.4000,1,1,1,1,3,1,1,2,1,1
SF,IC2003,2019-11-27 09:31:43.100,4725.0000,34313,-1,120994720.000,1,0,1,双平,S,4724.8000,4723.0000,4722.8000,4722.2000,4720.8000,4725.6000,4726.0000,4726.6000,4727.0000,4727.4000,1,1,1,3,2,1,1,2,1,1
SF,IC2003,2019-11-27 09:31:43.600,4724.8000,34313,0,121939680.000,1,0,1,多换,S,4723.0000,4722.8000,4722.2000,4720.8000,4720.4000,4724.8000,4725.4000,4725.6000,4726.0000,4726.6000,1,1,3,2,1,2,1,1,1,2
SF,IC2003,2019-11-27 09:31:44.100,4724.8000,34313,0,121939680.000,0,-,-,-,-,4723.2000,4723.0000,4722.8000,4722.2000,4720.8000,4725.6000,4726.0000,4726.6000,4727.0000,4727.4000,2,1,1,2,2,1,1,2,1,1
SF,IC2003,2019-11-27 09:31:44.600,4724.8000,34313,0,121939680.000,0,-,-,-,-,4723.4000,4723.2000,4723.0000,4722.8000,4722.2000,4724.6000,4725.8000,4726.0000,4726.6000,4727.0000,1,1,1,1,2,1,1,1,2,1
SF,IC2003,2019-11-27 09:31:45.100,4724.6000,34313,0,122884600.000,1,0,1,多换,S,4723.0000,4722.8000,4722.2000,4720.8000,4720.6000,4725.4000,4725.8000,4726.0000,4726.6000,4727.0000,1,1,2,2,1,1,1,1,3,1
SF,IC2003,2019-11-27 09:31:45.600,4724.6000,34313,0,122884600.000,0,-,-,-,-,4723.2000,4723.0000,4722.8000,4722.2000,4720.8000,4725.4000,4725.8000,4726.0000,4726.6000,4727.0000,2,1,1,2,2,1,1,1,3,1
SF,IC2003,2019-11-27 09:31:46.100,4724.6000,34313,0,122884600.000,0,-,-,-,-,4723.2000,4723.0000,4722.8000,4722.2000,4720.8000,4725.8000,4726.0000,4726.6000,4727.0000,4727.4000,2,1,1,2,2,1,1,3,1,1
SF,IC2003,2019-11-27 09:31:46.600,4724.6000,34313,0,122884600.000,0,-,-,-,-,4723.2000,4723.0000,4722.8000,4722.2000,4720.8000,4725.8000,4726.0000,4726.6000,4727.0000,4727.4000,2,1,1,2,2,1,1,2,1,1
SF,IC2003,2019-11-27 09:31:47.600,4723.2000,34314,1,124773880.000,2,1,1,空开,S,4723.2000,4723.0000,4722.8000,4722.2000,4721.8000,4725.4000,4725.6000,4725.8000,4726.0000,4726.4000,5,1,1,2,1,1,3,2,1,1
SF,IC2003,2019-11-27 09:31:48.100,4723.2000,34314,0,124773880.000,0,-,-,-,-,4723.8000,4723.2000,4723.0000,4722.8000,4722.2000,4725.2000,4725.6000,4725.8000,4726.0000,4726.6000,1,5,1,1,2,2,2,2,1,2
SF,IC2003,2019-11-27 09:31:48.600,4723.2000,34314,0,124773880.000,0,-,-,-,-,4723.8000,4723.2000,4723.0000,4722.8000,4722.2000,4725.0000,4725.2000,4725.6000,4725.8000,4726.0000,1,5,1,1,2,1,3,1,2,1
SF,IC2003,2019-11-27 09:31:49.100,4723.2000,34314,0,124773880.000,0,-,-,-,-,4723.8000,4723.2000,4723.0000,4722.8000,4722.2000,4725.2000,4725.6000,4725.8000,4726.0000,4726.6000,1,5,1,1,2,1,1,2,1,2
SF,IC2003,2019-11-27 09:31:49.600,4723.2000,34314,0,124773880.000,0,-,-,-,-,4723.8000,4723.2000,4723.0000,4722.8000,4722.2000,4725.0000,4725.2000,4725.6000,4725.8000,4726.0000,1,5,1,1,2,2,1,1,2,1
SF,IC2003,2019-11-27 09:31:50.100,4723.8000,34314,0,125718640.000,1,0,1,多换,S,4723.2000,4723.0000,4722.8000,4722.2000,4720.8000,4724.4000,4725.0000,4725.2000,4725.8000,4726.0000,5,1,1,2,2,2,3,1,2,1
SF,IC2003,2019-11-27 09:31:50.600,4723.2000,34314,0,126663280.000,1,0,1,多换,S,4723.2000,4723.0000,4722.8000,4722.2000,4720.8000,4723.4000,4724.2000,4724.6000,4724.8000,4725.0000,4,1,1,2,2,1,2,1,1,1
SF,IC2003,2019-11-27 09:31:51.100,4723.0000,34316,2,132331040.000,6,4,2,空开,S,4722.8000,4722.2000,4720.8000,4720.4000,4720.2000,4723.0000,4723.2000,4724.4000,4724.6000,4725.0000,1,2,2,1,1,1,1,1,1,1
SF,IC2003,2019-11-27 09:31:51.600,4722.2000,34315,-1,134220040.000,2,0,2,多平,S,4722.2000,4720.2000,4720.0000,4716.8000,4716.0000,4722.6000,4722.8000,4723.2000,4724.4000,4725.0000,1,1,11,1,3,3,12,1,1,1
SF,IC2003,2019-11-27 09:31:52.100,4722.2000,34315,0,135164480.000,1,0,1,多换,S,4720.2000,4720.0000,4719.4000,4716.8000,4716.0000,4722.2000,4722.4000,4722.8000,4724.4000,4725.0000,1,11,1,1,3,1,1,2,2,1
SF,IC2003,2019-11-27 09:31:52.600,4722.2000,34315,0,135164480.000,0,-,-,-,-,4720.4000,4720.2000,4720.0000,4719.4000,4716.8000,4722.8000,4724.4000,4725.0000,4725.8000,4726.6000,3,1,11,1,1,2,2,1,2,2
SF,IC2003,2019-11-27 09:31:53.100,4722.6000,34315,0,136109000.000,1,0,1,多换,S,4720.6000,4720.4000,4720.2000,4720.0000,4719.4000,4722.6000,4722.8000,4723.4000,4724.2000,4724.4000,1,1,1,11,1,1,5,1,1,2
SF,IC2003,2019-11-27 09:31:53.600,4722.6000,34315,0,136109000.000,0,-,-,-,-,4720.6000,4720.2000,4720.0000,4719.4000,4716.8000,4722.4000,4722.6000,4722.8000,4723.4000,4724.4000,1,1,11,1,1,3,3,3,1,2
SF,IC2003,2019-11-27 09:31:54.100,4722.6000,34315,0,136109000.000,0,-,-,-,-,4720.8000,4720.6000,4720.2000,4720.0000,4719.4000,4722.4000,4722.6000,4722.8000,4723.4000,4724.4000,1,1,1,11,1,3,3,3,1,2
SF,IC2003,2019-11-27 09:31:54.600,4722.6000,34315,0,137998040.000,2,1,1,多换,S,4720.8000,4720.6000,4720.2000,4720.0000,4719.4000,4722.4000,4722.6000,4722.8000,4723.4000,4724.4000,1,1,1,11,1,1,3,3,1,2
SF,IC2003,2019-11-27 09:31:55.100,4722.6000,34315,0,137998040.000,0,-,-,-,-,4721.0000,4720.8000,4720.6000,4720.2000,4720.0000,4722.4000,4722.6000,4722.8000,4724.4000,4725.0000,1,1,1,1,11,1,3,3,2,1
SF,IC2003,2019-11-27 09:31:55.600,4722.6000,34315,0,137998040.000,0,-,-,-,-,4720.6000,4720.2000,4720.0000,4719.4000,4716.8000,4721.8000,4722.2000,4722.4000,4722.6000,4722.8000,1,1,11,1,1,2,1,1,3,2
SF,IC2003,2019-11-27 09:31:56.100,4722.6000,34315,0,137998040.000,0,-,-,-,-,4722.0000,4720.8000,4720.6000,4720.2000,4720.0000,4722.2000,4722.4000,4722.6000,4722.8000,4724.4000,1,2,1,1,11,1,1,3,2,2
SF,IC2003,2019-11-27 09:31:56.600,4722.0000,34315,0,138942440.000,1,0,1,多换,S,4720.2000,4720.0000,4719.4000,4716.8000,4716.0000,4721.8000,4722.0000,4722.2000,4722.4000,4722.6000,1,11,1,1,3,1,1,1,1,3
SF,IC2003,2019-11-27 09:31:57.100,4722.2000,34314,-1,139886880.000,1,0,1,双平,S,4722.0000,4720.4000,4720.2000,4720.0000,4719.4000,4722.4000,4722.6000,4722.8000,4724.4000,4725.0000,1,3,1,11,1,1,3,2,2,1
SF,IC2003,2019-11-27 09:31:57.600,4722.2000,34314,0,139886880.000,0,-,-,-,-,4722.0000,4721.8000,4720.4000,4720.2000,4720.0000,4722.4000,4722.8000,4724.4000,4725.0000,4725.8000,1,1,2,1,11,1,1,2,1,2
SF,IC2003,2019-11-27 09:31:58.100,4722.2000,34314,0,139886880.000,0,-,-,-,-,4722.0000,4720.2000,4720.0000,4719.4000,4716.8000,4722.2000,4722.4000,4722.8000,4724.4000,4725.0000,1,1,11,1,1,2,1,1,2,1
SF,IC2003,2019-11-27 09:31:58.600,4722.0000,34313,-1,141775680.000,2,0,2,多平,S,4722.0000,4720.2000,4720.0000,4719.4000,4716.8000,4722.4000,4722.8000,4724.4000,4725.0000,4725.8000,1,1,11,1,1,1,1,2,1,2
SF,IC2003,2019-11-27 09:31:59.100,4721.6000,34311,-2,143664400.000,2,0,2,双平,S,4720.2000,4720.0000,4719.4000,4716.8000,4716.0000,4721.8000,4722.0000,4722.2000,4722.4000,4722.8000,1,11,1,1,3,1,3,1,1,1
SF,IC2003,2019-11-27 09:31:59.600,4720.4000,34309,-2,145552560.000,2,0,2,双平,S,4720.2000,4720.0000,4718.8000,4716.8000,4716.0000,4722.0000,4722.2000,4722.4000,4722.6000,4722.8000,1,11,1,1,3,2,2,1,1,1
SF,IC2003,2019-11-27 09:32:00.100,4720.2000,34310,1,146496600.000,1,1,0,双开,S,4720.0000,4717.6000,4716.8000,4716.0000,4715.4000,4721.8000,4722.0000,4722.2000,4722.4000,4723.0000,11,1,1,3,5,2,2,2,1,1
SF,IC2003,2019-11-27 09:32:00.600,4721.0000,34309,-1,147440800.000,1,0,1,双平,S,4720.0000,4717.6000,4716.8000,4716.0000,4715.4000,4721.0000,4721.4000,4721.6000,4721.8000,4722.0000,11,1,1,3,5,1,1,1,4,3
SF,IC2003,2019-11-27 09:32:01.100,4720.0000,34307,-2,152160800.000,5,1,4,多平,S,4720.4000,4720.0000,4716.8000,4716.0000,4715.0000,4720.6000,4720.8000,4721.4000,4721.6000,4722.0000,1,6,1,4,1,2,2,1,9,2
SF,IC2003,2019-11-27 09:32:01.600,4720.0000,34305,-2,159712880.000,8,3,5,多平,S,4716.8000,4716.0000,4715.0000,4712.0000,4711.0000,4720.2000,4720.4000,4720.6000,4721.0000,4721.2000,1,4,1,1,2,8,14,2,1,1
SF,IC2003,2019-11-27 09:32:02.100,4717.0000,34302,-3,162543080.000,3,0,3,双平,S,4716.8000,4716.0000,4715.4000,4715.0000,4712.0000,4719.2000,4720.0000,4720.2000,4720.4000,4721.0000,1,4,1,1,1,1,1,3,8,1
SF,IC2003,2019-11-27 09:32:02.600,4717.0000,34301,-1,163486480.000,1,0,1,双平,S,4716.8000,4716.6000,4716.0000,4715.0000,4712.0000,4719.0000,4719.2000,4720.2000,4720.4000,4721.0000,1,2,4,1,1,1,1,3,6,1
SF,IC2003,2019-11-27 09:32:03.100,4717.0000,34301,0,163486480.000,0,-,-,-,-,4717.4000,4716.8000,4716.6000,4716.0000,4715.0000,4720.2000,4720.4000,4721.0000,4721.2000,4721.6000,1,1,2,3,1,3,6,2,1,8
SF,IC2003,2019-11-27 09:32:03.600,4717.0000,34301,0,163486480.000,0,-,-,-,-,4717.4000,4717.2000,4716.8000,4716.6000,4716.0000,4720.0000,4720.2000,4720.4000,4721.0000,4722.0000,1,3,1,2,4,2,2,4,1,4
SF,IC2003,2019-11-27 09:32:04.100,4720.0000,34301,0,164430480.000,1,0,1,多换,S,4717.4000,4717.2000,4716.8000,4716.6000,4716.0000,4720.0000,4720.2000,4720.4000,4721.0000,4722.0000,1,3,1,2,4,1,2,4,1,4
SF,IC2003,2019-11-27 09:32:04.600,4720.0000,34301,0,165374480.000,1,0,1,多换,S,4718.2000,4717.6000,4717.4000,4717.2000,4716.8000,4720.2000,4720.4000,4721.0000,4721.2000,4722.0000,1,1,2,3,1,2,3,1,1,4
SF,IC2003,2019-11-27 09:32:05.100,4720.0000,34301,0,165374480.000,0,-,-,-,-,4718.4000,4718.2000,4717.6000,4717.4000,4716.8000,4720.2000,4720.4000,4721.0000,4722.0000,4722.4000,3,1,1,1,1,1,3,1,4,1
SF,IC2003,2019-11-27 09:32:05.600,4720.2000,34302,1,166318520.000,1,1,0,双开,S,4718.6000,4718.4000,4717.6000,4717.4000,4717.2000,4719.8000,4720.4000,4721.0000,4722.0000,4722.4000,1,2,1,1,1,1,3,1,4,1
SF,IC2003,2019-11-27 09:32:06.100,4720.4000,34301,-1,170094760.000,4,1,3,多平,S,4720.0000,4719.8000,4719.4000,4718.8000,4717.6000,4722.0000,4722.4000,4723.0000,4724.4000,4725.8000,1,3,1,3,1,4,1,1,2,1
SF,IC2003,2019-11-27 09:32:06.600,4720.4000,34301,0,170094760.000,0,-,-,-,-,4720.4000,4720.2000,4720.0000,4719.8000,4718.8000,4722.0000,4722.4000,4723.0000,4724.4000,4725.8000,4,1,1,2,1,4,1,1,2,1
SF,IC2003,2019-11-27 09:32:07.100,4722.0000,34300,-1,171983560.000,2,0,2,多平,S,4720.6000,4720.4000,4720.2000,4720.0000,4718.8000,4722.0000,4722.4000,4723.0000,4724.4000,4725.8000,1,4,1,1,1,1,1,1,2,1
SF,IC2003,2019-11-27 09:32:07.600,4722.0000,34300,0,172927960.000,1,0,1,多换,S,4721.0000,4720.8000,4720.4000,4720.0000,4717.6000,4722.4000,4724.4000,4725.8000,4726.6000,4730.0000,1,3,4,1,2,1,2,1,2,4
SF,IC2003,2019-11-27 09:32:08.100,4722.4000,34299,-1,173872440.000,1,0,1,双平,S,4721.6000,4721.2000,4721.0000,4720.4000,4720.0000,4724.4000,4725.8000,4726.6000,4730.0000,4730.6000,1,2,1,4,1,2,1,2,4,1
SF,IC2003,2019-11-27 09:32:08.600,4724.0000,34299,0,174817240.000,1,0,1,多换,S,4721.6000,4721.2000,4721.0000,4720.4000,4719.4000,4724.0000,4724.2000,4724.4000,4724.6000,4725.8000,1,1,1,4,1,1,4,2,1,1
SF,IC2003,2019-11-27 09:32:09.100,4724.0000,34299,0,174817240.000,0,-,-,-,-,4721.2000,4721.0000,4720.4000,4719.4000,4717.6000,4722.8000,4723.6000,4723.8000,4724.0000,4724.2000,1,1,4,1,1,1,1,2,2,3
SF,IC2003,2019-11-27 09:32:09.600,4724.0000,34299,0,174817240.000,0,-,-,-,-,4721.4000,4721.2000,4721.0000,4720.4000,4719.4000,4723.6000,4724.0000,4724.2000,4724.4000,4724.8000,1,1,1,5,1,1,1,2,2,1
SF,IC2003,2019-11-27 09:32:10.100,4724.0000,34299,0,174817240.000,0,-,-,-,-,4721.4000,4721.2000,4721.0000,4720.4000,4719.4000,4723.4000,4723.6000,4724.0000,4724.2000,4724.4000,1,1,1,5,1,1,1,1,2,2
SF,IC2003,2019-11-27 09:32:10.600,4724.0000,34299,0,174817240.000,0,-,-,-,-,4721.6000,4721.4000,4721.2000,4721.0000,4720.4000,4723.4000,4723.6000,4724.0000,4724.2000,4724.4000,1,1,1,1,5,2,1,1,2,2
SF,IC2003,2019-11-27 09:32:11.100,4724.0000,34299,0,174817240.000,0,-,-,-,-,4721.4000,4721.2000,4721.0000,4720.4000,4719.4000,4722.6000,4723.2000,4723.4000,4723.6000,4724.0000,1,1,1,5,1,1,2,1,1,1
SF,IC2003,2019-11-27 09:32:11.600,4724.0000,34299,0,174817240.000,0,-,-,-,-,4721.4000,4721.2000,4721.0000,4720.4000,4719.4000,4723.2000,4723.6000,4724.0000,4724.2000,4724.4000,1,1,1,5,1,1,1,1,2,2
SF,IC2003,2019-11-27 09:32:12.100,4724.0000,34299,0,174817240.000,0,-,-,-,-,4721.4000,4721.2000,4721.0000,4720.4000,4719.4000,4722.8000,4723.0000,4723.2000,4724.0000,4724.2000,1,1,1,5,1,1,2,2,1,2
SF,IC2003,2019-11-27 09:32:12.600,4724.0000,34299,0,174817240.000,0,-,-,-,-,4721.4000,4721.2000,4721.0000,4720.4000,4719.4000,4722.6000,4722.8000,4723.2000,4724.0000,4724.2000,1,1,1,5,1,2,2,1,1,2
SF,IC2003,2019-11-27 09:32:13.100,4721.4000,34299,0,175761520.000,1,0,1,多换,S,4721.2000,4721.0000,4720.4000,4719.4000,4717.6000,4721.4000,4722.4000,4722.6000,4722.8000,4724.0000,1,1,1,1,1,1,1,2,2,1
SF,IC2003,2019-11-27 09:32:13.600,4721.4000,34299,0,175761520.000,0,-,-,-,-,4721.0000,4720.4000,4719.4000,4717.6000,4716.8000,4722.4000,4722.6000,4722.8000,4724.0000,4724.2000,1,1,1,1,1,1,1,1,1,2
SF,IC2003,2019-11-27 09:32:14.100,4721.0000,34298,-1,176705720.000,1,0,1,双平,S,4720.4000,4717.6000,4716.8000,4716.6000,4716.0000,4721.8000,4722.2000,4722.4000,4722.6000,4722.8000,1,1,1,2,4,1,2,1,1,1
SF,IC2003,2019-11-27 09:32:14.600,4721.0000,34298,0,176705720.000,0,-,-,-,-,4720.4000,4717.6000,4716.8000,4716.6000,4716.0000,4722.8000,4724.0000,4724.2000,4724.4000,4725.8000,1,1,1,2,4,1,1,2,2,1
SF,IC2003,2019-11-27 09:32:15.100,4721.0000,34298,0,176705720.000,0,-,-,-,-,4720.6000,4720.4000,4717.8000,4717.6000,4716.8000,4722.6000,4722.8000,4723.4000,4724.0000,4724.2000,1,1,1,1,1,2,2,1,1,2
SF,IC2003,2019-11-27 09:32:15.600,4721.0000,34298,0,176705720.000,0,-,-,-,-,4720.6000,4720.4000,4717.8000,4717.6000,4716.8000,4721.6000,4722.4000,4722.6000,4722.8000,4723.4000,1,1,1,1,1,1,1,3,3,1
SF,IC2003,2019-11-27 09:32:16.100,4721.0000,34298,0,176705720.000,0,-,-,-,-,4720.8000,4720.4000,4717.8000,4717.6000,4716.8000,4722.6000,4722.8000,4723.6000,4724.2000,4724.4000,2,1,1,1,1,2,2,1,2,2
SF,IC2003,2019-11-27 09:32:16.600,4721.0000,34298,0,176705720.000,0,-,-,-,-,4721.0000,4720.8000,4720.4000,4717.8000,4717.6000,4722.6000,4722.8000,4724.2000,4724.4000,4725.8000,2,1,1,1,1,1,1,2,2,1
SF,IC2003,2019-11-27 09:32:17.100,4721.0000,34298,0,176705720.000,0,-,-,-,-,4721.2000,4721.0000,4720.4000,4717.8000,4717.6000,4722.6000,4722.8000,4724.2000,4724.4000,4725.8000,2,1,1,1,1,1,1,2,2,1
SF,IC2003,2019-11-27 09:32:17.600,4721.0000,34298,0,176705720.000,0,-,-,-,-,4721.4000,4721.2000,4720.4000,4719.4000,4717.8000,4724.2000,4724.4000,4725.8000,4726.6000,4730.0000,1,1,1,1,1,2,2,1,2,4
SF,IC2003,2019-11-27 09:32:18.100,4721.0000,34298,0,176705720.000,0,-,-,-,-,4721.6000,4720.4000,4719.4000,4717.8000,4717.6000,4724.0000,4724.2000,4724.4000,4724.6000,4725.8000,1,1,1,1,1,4,2,2,1,1
SF,IC2003,2019-11-27 09:32:18.600,4721.0000,34298,0,176705720.000,0,-,-,-,-,4721.6000,4720.4000,4719.4000,4717.8000,4717.6000,4723.6000,4724.0000,4724.2000,4724.4000,4724.6000,1,1,1,1,1,1,6,2,2,1
SF,IC2003,2019-11-27 09:32:19.100,4721.0000,34298,0,176705720.000,0,-,-,-,-,4722.6000,4721.8000,4720.4000,4719.4000,4717.8000,4723.4000,4723.6000,4724.0000,4724.2000,4724.4000,1,1,1,1,1,2,1,3,2,2
SF,IC2003,2019-11-27 09:32:19.600,4721.6000,34298,0,179538920.000,3,1,2,多换,S,4720.4000,4719.4000,4717.8000,4717.6000,4716.8000,4721.6000,4722.6000,4723.0000,4723.4000,4723.6000,1,1,1,1,1,1,2,1,2,1
SF,IC2003,2019-11-27 09:32:20.100,4721.6000,34298,0,180483240.000,1,0,1,多换,S,4721.8000,4721.6000,4720.8000,4720.6000,4720.4000,4723.6000,4724.0000,4724.2000,4724.4000,4725.8000,1,4,2,4,2,1,2,1,2,1
SF,IC2003,2019-11-27 09:32:20.600,4723.4000,34298,0,181427920.000,1,0,1,多换,S,4721.6000,4721.2000,4720.8000,4720.6000,4720.4000,4723.4000,4723.6000,4724.0000,4724.2000,4724.4000,3,1,1,1,2,1,1,2,1,2
SF,IC2003,2019-11-27 09:32:21.100,4723.4000,34298,0,181427920.000,0,-,-,-,-,4721.8000,4721.6000,4720.8000,4720.6000,4720.4000,4723.6000,4724.0000,4724.2000,4724.4000,4725.8000,1,3,1,1,2,1,1,1,2,1
SF,IC2003,2019-11-27 09:32:21.600,4723.4000,34298,0,181427920.000,0,-,-,-,-,4722.0000,4721.8000,4721.6000,4720.8000,4720.6000,4723.6000,4724.0000,4724.2000,4724.4000,4725.8000,1,1,3,1,1,1,1,1,2,1
SF,IC2003,2019-11-27 09:32:22.100,4722.2000,34297,-1,182372360.000,1,0,1,双平,S,4721.6000,4721.2000,4720.8000,4720.6000,4720.4000,4723.6000,4724.0000,4724.2000,4724.4000,4724.6000,3,1,2,1,2,1,1,1,2,1
SF,IC2003,2019-11-27 09:32:22.600,4722.2000,34297,0,182372360.000,0,-,-,-,-,4721.8000,4721.6000,4721.2000,4720.8000,4720.6000,4723.6000,4724.0000,4724.2000,4724.4000,4725.8000,1,3,1,1,1,1,1,1,2,1
SF,IC2003,2019-11-27 09:32:23.100,4722.0000,34296,-1,183316760.000,1,0,1,双平,S,4722.0000,4721.6000,4721.2000,4720.8000,4720.6000,4723.6000,4724.0000,4724.2000,4724.4000,4725.8000,1,3,1,1,1,1,1,2,2,1
SF,IC2003,2019-11-27 09:32:23.600,4722.0000,34296,0,183316760.000,0,-,-,-,-,4722.2000,4721.6000,4721.2000,4720.8000,4720.6000,4724.2000,4724.4000,4725.8000,4726.6000,4730.0000,1,3,1,1,1,1,2,1,2,4
SF,IC2003,2019-11-27 09:32:24.100,4722.0000,34296,0,183316760.000,0,-,-,-,-,4722.4000,4721.6000,4721.2000,4720.8000,4720.6000,4724.0000,4724.2000,4724.4000,4725.8000,4726.6000,4,3,1,1,1,1,1,1,1,2
SF,IC2003,2019-11-27 09:32:24.600,4722.0000,34296,0,183316760.000,0,-,-,-,-,4722.4000,4721.6000,4721.2000,4720.8000,4720.6000,4725.8000,4726.6000,4730.0000,4730.6000,4732.4000,2,3,1,1,1,1,2,4,1,2
SF,IC2003,2019-11-27 09:32:25.100,4722.0000,34296,0,183316760.000,0,-,-,-,-,4722.4000,4721.6000,4721.2000,4720.8000,4720.6000,4725.6000,4725.8000,4726.6000,4730.0000,4730.6000,1,3,1,2,1,2,1,2,4,1
SF,IC2003,2019-11-27 09:32:25.600,4722.0000,34296,0,183316760.000,0,-,-,-,-,4722.4000,4721.6000,4721.2000,4720.8000,4720.6000,4725.4000,4725.6000,4725.8000,4726.4000,4726.6000,1,3,1,2,1,1,4,1,1,2
SF,IC2003,2019-11-27 09:32:26.100,4722.0000,34296,0,183316760.000,0,-,-,-,-,4723.0000,4722.8000,4722.6000,4722.4000,4721.6000,4725.2000,4725.6000,4725.8000,4726.6000,4727.0000,2,1,3,1,3,1,2,1,2,1
SF,IC2003,2019-11-27 09:32:26.600,4722.0000,34296,0,183316760.000,0,-,-,-,-,4722.8000,4722.6000,4721.6000,4721.2000,4720.8000,4725.2000,4725.6000,4725.8000,4726.6000,4727.0000,1,2,3,1,1,1,1,1,2,1
SF,IC2003,2019-11-27 09:32:27.100,4722.0000,34296,0,183316760.000,0,-,-,-,-,4723.4000,4723.2000,4722.8000,4722.6000,4721.6000,4725.0000,4725.2000,4725.6000,4725.8000,4726.6000,1,2,1,2,3,1,1,1,1,2
SF,IC2003,2019-11-27 09:32:27.600,4722.0000,34296,0,183316760.000,0,-,-,-,-,4723.4000,4722.8000,4722.6000,4721.6000,4721.2000,4725.0000,4725.6000,4725.8000,4726.6000,4727.0000,1,1,2,3,1,1,1,1,2,1
SF,IC2003,2019-11-27 09:32:28.100,4722.0000,34296,0,183316760.000,0,-,-,-,-,4723.6000,4723.4000,4722.8000,4722.6000,4721.6000,4725.0000,4726.6000,4727.0000,4727.2000,4730.0000,1,1,1,2,3,1,2,1,1,4
SF,IC2003,2019-11-27 09:32:28.600,4722.0000,34296,0,183316760.000,0,-,-,-,-,4722.8000,4722.6000,4721.6000,4721.2000,4720.8000,4726.6000,4727.0000,4727.2000,4730.0000,4730.6000,1,2,3,1,1,2,1,1,4,1
SF,IC2003,2019-11-27 09:32:29.100,4722.0000,34296,0,183316760.000,0,-,-,-,-,4725.0000,4723.8000,4722.8000,4722.6000,4721.6000,4726.2000,4726.4000,4726.6000,4726.8000,4727.0000,1,1,1,1,2,4,2,3,1,1
SF,IC2003,2019-11-27 09:32:29.600,4725.0000,34295,-1,185206760.000,2,0,2,多平,S,4722.8000,4722.6000,4721.6000,4721.2000,4720.8000,4725.0000,4725.4000,4725.6000,4726.0000,4726.2000,1,1,2,1,1,2,1,2,3,1
SF,IC2003,2019-11-27 09:32:30.100,4725.0000,34295,0,185206760.000,0,-,-,-,-,4723.8000,4723.2000,4723.0000,4722.8000,4722.6000,4724.8000,4725.0000,4726.2000,4726.4000,4726.6000,1,2,1,1,1,1,2,1,1,3
SF,IC2003,2019-11-27 09:32:30.600,4725.0000,34295,0,185206760.000,0,-,-,-,-,4722.8000,4722.6000,4721.6000,4721.2000,4720.8000,4724.8000,4725.0000,4726.2000,4726.4000,4726.6000,1,1,2,1,1,1,2,1,1,3
SF,IC2003,2019-11-27 09:32:31.100,4725.0000,34295,0,185206760.000,0,-,-,-,-,4723.8000,4723.0000,4722.8000,4722.6000,4721.6000,4725.0000,4726.2000,4726.4000,4726.6000,4727.0000,1,4,1,1,2,2,1,1,3,1
SF,IC2003,2019-11-27 09:32:31.600,4722.8000,34295,0,186151320.000,1,0,1,多换,S,4722.6000,4721.6000,4721.2000,4720.8000,4720.6000,4725.0000,4726.2000,4726.4000,4726.6000,4727.0000,1,2,1,1,1,2,1,1,3,1
SF,IC2003,2019-11-27 09:32:32.100,4722.8000,34295,0,186151320.000,0,-,-,-,-,4723.8000,4723.0000,4722.8000,4722.6000,4721.6000,4726.2000,4726.4000,4726.6000,4727.0000,4727.2000,1,2,2,1,2,1,1,3,1,2
SF,IC2003,2019-11-27 09:32:32.600,4722.8000,34295,0,186151320.000,0,-,-,-,-,4723.8000,4722.6000,4721.6000,4721.2000,4720.8000,4726.0000,4726.2000,4726.4000,4726.6000,4727.0000,1,1,2,1,1,1,1,1,3,1
SF,IC2003,2019-11-27 09:32:33.100,4722.8000,34295,0,186151320.000,0,-,-,-,-,4722.6000,4721.6000,4721.2000,4720.8000,4720.4000,4725.6000,4726.0000,4726.4000,4726.6000,4727.0000,1,2,1,1,2,1,5,1,3,1
SF,IC2003,2019-11-27 09:32:33.600,4722.8000,34295,0,186151320.000,0,-,-,-,-,4723.0000,4722.6000,4721.6000,4721.2000,4720.8000,4725.4000,4725.6000,4726.0000,4726.4000,4726.6000,1,1,2,1,1,1,1,3,1,3
SF,IC2003,2019-11-27 09:32:34.100,4722.8000,34295,0,186151320.000,0,-,-,-,-,4721.6000,4721.2000,4720.8000,4720.4000,4720.2000,4724.6000,4725.2000,4725.4000,4725.6000,4726.0000,2,1,1,2,1,1,3,1,1,2
SF,IC2003,2019-11-27 09:32:34.600,4722.8000,34295,0,186151320.000,0,-,-,-,-,4722.6000,4722.2000,4721.8000,4721.6000,4721.2000,4724.4000,4724.6000,4725.2000,4725.6000,4726.0000,1,2,4,2,1,2,1,2,1,1
SF,IC2003,2019-11-27 09:32:35.100,4724.4000,34295,0,188041040.000,2,1,1,多换,S,4722.8000,4722.6000,4721.8000,4721.6000,4721.2000,4724.6000,4725.2000,4725.6000,4726.0000,4726.4000,1,1,2,2,1,1,2,1,1,1
SF,IC2003,2019-11-27 09:32:35.600,4724.4000,34295,0,188041040.000,0,-,-,-,-,4723.0000,4721.8000,4721.6000,4721.2000,4720.8000,4724.6000,4725.2000,4725.6000,4726.0000,4726.4000,1,2,2,1,1,1,2,1,1,1
SF,IC2003,2019-11-27 09:32:36.100,4724.4000,34295,0,188041040.000,0,-,-,-,-,4721.8000,4721.6000,4721.2000,4720.8000,4720.4000,4724.4000,4724.6000,4725.2000,4725.6000,4726.0000,1,2,1,1,2,2,1,2,1,1
SF,IC2003,2019-11-27 09:32:36.600,4724.4000,34295,0,188041040.000,0,-,-,-,-,4722.4000,4722.2000,4722.0000,4721.8000,4721.6000,4724.4000,4724.6000,4725.2000,4725.6000,4726.0000,1,2,1,1,2,2,1,2,1,1
SF,IC2003,2019-11-27 09:32:37.100,4724.4000,34295,0,188985920.000,1,0,1,多换,S,4722.6000,4722.4000,4721.8000,4721.6000,4721.2000,4724.4000,4725.2000,4725.6000,4726.0000,4726.2000,3,2,1,2,1,1,2,1,1,1
SF,IC2003,2019-11-27 09:32:37.600,4724.4000,34295,0,188985920.000,0,-,-,-,-,4723.4000,4723.0000,4722.8000,4722.6000,4721.8000,4725.2000,4725.6000,4726.0000,4726.4000,4726.6000,1,2,2,2,1,1,1,1,1,3
SF,IC2003,2019-11-27 09:32:38.100,4724.4000,34295,0,188985920.000,0,-,-,-,-,4723.4000,4722.8000,4721.8000,4721.6000,4721.2000,4725.0000,4725.2000,4725.6000,4726.0000,4726.4000,1,1,1,2,1,1,1,1,1,1
SF,IC2003,2019-11-27 09:32:38.600,4723.4000,34295,0,189930600.000,1,0,1,多换,S,4721.8000,4721.6000,4721.2000,4720.8000,4720.4000,4723.4000,4724.2000,4724.6000,4725.0000,4725.2000,1,2,1,1,2,1,2,1,2,2
SF,IC2003,2019-11-27 09:32:39.100,4723.4000,34295,0,189930600.000,0,-,-,-,-,4722.4000,4722.0000,4721.6000,4721.2000,4720.8000,4723.4000,4724.2000,4724.6000,4724.8000,4725.0000,1,2,2,1,1,1,1,1,1,1
SF,IC2003,2019-11-27 09:32:39.600,4722.4000,34295,0,191819560.000,2,1,1,多换,S,4721.6000,4721.2000,4720.4000,4720.2000,4720.0000,4723.2000,4724.6000,4724.8000,4725.0000,4725.2000,2,1,2,1,5,1,1,1,1,1
SF,IC2003,2019-11-27 09:32:40.100,4722.4000,34295,0,191819560.000,0,-,-,-,-,4721.8000,4721.6000,4721.2000,4720.4000,4720.2000,4723.2000,4724.6000,4724.8000,4725.0000,4725.2000,1,2,1,1,1,3,1,1,1,1
SF,IC2003,2019-11-27 09:32:41.100,4720.6000,34294,-1,196540920.000,5,2,3,多平,S,4720.4000,4720.2000,4720.0000,4719.8000,4719.6000,4723.2000,4724.2000,4724.6000,4724.8000,4725.0000,1,1,5,1,1,3,1,1,1,1
SF,IC2003,2019-11-27 09:32:41.600,4720.6000,34294,0,196540920.000,0,-,-,-,-,4720.8000,4720.4000,4720.2000,4720.0000,4719.6000,4723.0000,4723.2000,4724.6000,4724.8000,4725.0000,2,1,1,5,1,2,3,1,1,1
SF,IC2003,2019-11-27 09:32:42.100,4720.6000,34294,0,196540920.000,0,-,-,-,-,4721.2000,4720.6000,4720.4000,4720.2000,4720.0000,4723.0000,4723.2000,4724.6000,4724.8000,4725.2000,2,2,1,1,5,2,2,1,1,1
SF,IC2003,2019-11-27 09:32:42.600,4720.6000,34294,0,196540920.000,0,-,-,-,-,4721.4000,4720.6000,4720.4000,4720.2000,4720.0000,4723.0000,4723.2000,4724.6000,4724.8000,4725.2000,1,2,1,1,5,1,2,1,1,1
SF,IC2003,2019-11-27 09:32:43.100,4720.6000,34294,0,197485040.000,1,0,1,多换,S,4721.6000,4720.6000,4720.4000,4720.2000,4720.0000,4723.0000,4723.2000,4724.6000,4724.8000,4725.2000,1,2,1,1,5,1,2,1,1,1
SF,IC2003,2019-11-27 09:32:43.600,4720.6000,34294,0,197485040.000,0,-,-,-,-,4720.6000,4720.4000,4720.2000,4720.0000,4719.6000,4723.0000,4723.2000,4724.6000,4724.8000,4725.2000,2,1,1,5,1,1,1,1,1,1
SF,IC2003,2019-11-27 09:32:44.100,4720.6000,34294,0,197485040.000,0,-,-,-,-,4721.0000,4720.6000,4720.4000,4720.2000,4720.0000,4723.0000,4723.2000,4724.6000,4724.8000,4725.2000,2,2,1,1,5,1,1,1,1,1
SF,IC2003,2019-11-27 09:32:44.600,4723.0000,34294,0,198429640.000,1,0,1,多换,S,4723.0000,4721.2000,4720.8000,4720.6000,4720.4000,4723.2000,4724.4000,4724.6000,4724.8000,4725.2000,1,3,1,2,1,1,1,1,1,1
SF,IC2003,2019-11-27 09:32:45.100,4723.2000,34293,-1,199374280.000,1,0,1,双平,S,4723.4000,4723.2000,4720.8000,4720.6000,4720.4000,4724.6000,4724.8000,4725.2000,4725.6000,4726.4000,1,5,1,3,1,1,1,1,2,1
SF,IC2003,2019-11-27 09:32:45.600,4723.2000,34293,0,199374280.000,0,-,-,-,-,4723.4000,4723.2000,4720.8000,4720.6000,4720.4000,4724.0000,4724.6000,4724.8000,4725.2000,4725.6000,1,2,2,3,1,1,1,1,1,2
SF,IC2003,2019-11-27 09:32:46.100,4724.0000,34291,-2,204098440.000,5,1,4,多平,S,4723.4000,4723.2000,4720.8000,4720.6000,4720.4000,4725.2000,4725.6000,4726.4000,4726.6000,4727.0000,1,2,3,3,1,1,1,1,3,1
SF,IC2003,2019-11-27 09:32:46.600,4724.0000,34291,0,204098440.000,0,-,-,-,-,4723.8000,4723.6000,4723.4000,4723.2000,4720.8000,4725.0000,4725.6000,4726.4000,4726.6000,4727.0000,2,1,1,2,3,1,1,1,3,1
SF,IC2003,2019-11-27 09:32:47.100,4724.0000,34291,0,204098440.000,0,-,-,-,-,4723.2000,4720.8000,4720.6000,4720.4000,4720.2000,4725.0000,4726.4000,4726.6000,4727.0000,4727.2000,2,3,3,1,1,1,1,3,1,1
SF,IC2003,2019-11-27 09:32:47.600,4725.0000,34290,-1,205043440.000,1,0,1,双平,S,4723.6000,4723.4000,4723.2000,4723.0000,4720.8000,4726.4000,4726.6000,4726.8000,4727.0000,4727.2000,2,1,2,1,3,1,3,1,1,1
SF,IC2003,2019-11-27 09:32:48.100,4725.0000,34290,0,205043440.000,0,-,-,-,-,4723.8000,4723.2000,4720.8000,4720.6000,4720.4000,4726.2000,4726.4000,4726.6000,4727.0000,4727.2000,1,2,3,3,1,1,1,3,1,1
SF,IC2003,2019-11-27 09:32:48.600,4725.0000,34290,0,205043440.000,0,-,-,-,-,4723.8000,4723.2000,4720.8000,4720.6000,4720.4000,4724.8000,4725.0000,4725.8000,4726.2000,4726.4000,1,2,3,2,1,1,2,2,4,2
SF,IC2003,2019-11-27 09:32:49.100,4725.0000,34290,0,205043440.000,0,-,-,-,-,4723.8000,4723.2000,4720.8000,4720.6000,4720.4000,4725.8000,4726.2000,4726.4000,4726.6000,4727.0000,1,1,3,2,1,2,3,2,3,1
SF,IC2003,2019-11-27 09:32:49.600,4723.2000,34291,1,208822760.000,4,2,2,空开,S,4722.4000,4720.8000,4720.6000,4720.4000,4720.2000,4723.0000,4725.6000,4725.8000,4726.2000,4726.4000,1,3,2,1,1,1,1,1,4,1
SF,IC2003,2019-11-27 09:32:50.100,4723.0000,34292,1,209767360.000,1,1,0,双开,S,4723.2000,4723.0000,4722.6000,4722.4000,4720.8000,4725.8000,4726.0000,4726.2000,4726.4000,4726.6000,2,8,1,1,3,1,1,1,1,3
SF,IC2003,2019-11-27 09:32:50.600,4723.0000,34292,0,209767360.000,0,-,-,-,-,4723.6000,4723.4000,4723.2000,4723.0000,4722.6000,4725.6000,4725.8000,4726.4000,4726.6000,4726.8000,2,1,3,6,1,1,1,1,3,1
SF,IC2003,2019-11-27 09:32:51.100,4723.0000,34292,0,209767360.000,0,-,-,-,-,4723.8000,4723.2000,4723.0000,4722.6000,4720.8000,4725.4000,4725.6000,4725.8000,4726.4000,4726.6000,2,3,6,1,3,1,2,1,1,3
SF,IC2003,2019-11-27 09:32:51.600,4723.0000,34292,0,209767360.000,0,-,-,-,-,4723.2000,4723.0000,4722.6000,4720.8000,4720.6000,4725.2000,4725.6000,4725.8000,4726.4000,4726.6000,3,6,1,3,2,1,1,1,1,3
SF,IC2003,2019-11-27 09:32:52.100,4723.0000,34292,0,209767360.000,0,-,-,-,-,4723.4000,4723.2000,4723.0000,4722.6000,4720.8000,4725.2000,4725.6000,4725.8000,4726.4000,4726.6000,4,2,6,1,3,1,1,1,1,3
SF,IC2003,2019-11-27 09:32:52.600,4723.0000,34292,0,209767360.000,0,-,-,-,-,4723.8000,4723.4000,4723.2000,4723.0000,4722.6000,4725.2000,4725.6000,4725.8000,4726.4000,4726.6000,2,2,2,6,1,1,1,1,1,3
SF,IC2003,2019-11-27 09:32:53.100,4723.0000,34292,0,209767360.000,0,-,-,-,-,4724.0000,4723.2000,4723.0000,4722.6000,4720.8000,4725.6000,4725.8000,4726.4000,4726.6000,4726.8000,2,2,6,1,3,1,1,1,3,1
SF,IC2003,2019-11-27 09:32:53.600,4723.8000,34291,-1,210712120.000,1,0,1,双平,S,4724.0000,4723.2000,4723.0000,4722.6000,4722.4000,4725.6000,4725.8000,4726.2000,4726.4000,4726.6000,1,2,6,1,1,1,1,1,1,3
SF,IC2003,2019-11-27 09:32:54.100,4723.8000,34291,0,210712120.000,0,-,-,-,-,4724.2000,4723.2000,4723.0000,4722.6000,4722.2000,4726.4000,4726.6000,4726.8000,4727.0000,4727.2000,1,2,6,1,1,1,3,1,1,1
SF,IC2003,2019-11-27 09:32:54.600,4723.8000,34291,0,210712120.000,0,-,-,-,-,4723.2000,4723.0000,4722.2000,4720.8000,4720.6000,4726.2000,4726.4000,4726.6000,4727.0000,4727.2000,2,6,1,3,2,3,1,3,1,1
SF,IC2003,2019-11-27 09:32:55.100,4723.8000,34291,0,210712120.000,0,-,-,-,-,4723.8000,4723.2000,4723.0000,4722.2000,4720.8000,4726.0000,4726.2000,4726.4000,4726.6000,4727.0000,2,2,6,1,3,1,4,1,3,2
SF,IC2003,2019-11-27 09:32:55.600,4723.8000,34291,0,210712120.000,0,-,-,-,-,4723.2000,4723.0000,4722.2000,4720.8000,4720.6000,4725.6000,4725.8000,4726.0000,4726.2000,4726.4000,2,6,1,3,2,1,1,1,2,1
SF,IC2003,2019-11-27 09:32:56.100,4723.8000,34291,0,210712120.000,0,-,-,-,-,4723.2000,4723.0000,4722.2000,4720.8000,4720.6000,4725.4000,4725.6000,4726.0000,4726.2000,4726.4000,2,6,1,2,2,1,1,1,1,1
SF,IC2003,2019-11-27 09:32:56.600,4723.8000,34291,0,210712120.000,0,-,-,-,-,4723.4000,4723.2000,4723.0000,4722.2000,4720.8000,4725.4000,4725.6000,4726.0000,4726.4000,4726.6000,1,2,6,1,2,1,1,1,1,3
SF,IC2003,2019-11-27 09:32:57.100,4723.8000,34291,0,210712120.000,0,-,-,-,-,4723.4000,4723.2000,4723.0000,4722.2000,4720.8000,4725.2000,4725.4000,4726.0000,4726.4000,4726.6000,1,2,6,1,2,1,1,1,1,3
SF,IC2003,2019-11-27 09:32:57.600,4723.8000,34291,0,210712120.000,0,-,-,-,-,4723.4000,4723.2000,4723.0000,4722.2000,4720.8000,4725.0000,4726.0000,4726.4000,4726.6000,4727.0000,1,2,6,1,2,2,1,1,3,2
SF,IC2003,2019-11-27 09:32:58.100,4723.8000,34291,0,210712120.000,0,-,-,-,-,4723.2000,4723.0000,4722.2000,4720.8000,4720.6000,4725.0000,4726.0000,4726.4000,4726.6000,4727.0000,2,6,1,2,2,2,1,1,3,2
SF,IC2003,2019-11-27 09:32:59.100,4723.2000,34291,0,212601400.000,2,1,1,多换,S,4723.0000,4720.8000,4720.6000,4720.4000,4720.2000,4724.8000,4725.0000,4726.0000,4726.4000,4726.6000,4,2,2,1,1,1,2,1,1,3
SF,IC2003,2019-11-27 09:32:59.600,4723.2000,34291,0,212601400.000,0,-,-,-,-,4720.8000,4720.6000,4720.4000,4720.2000,4720.0000,4724.6000,4724.8000,4725.8000,4726.0000,4726.4000,2,2,1,1,7,3,2,1,1,1
SF,IC2003,2019-11-27 09:33:00.100,4723.2000,34291,0,212601400.000,0,-,-,-,-,4721.4000,4721.2000,4721.0000,4720.8000,4720.6000,4724.4000,4724.6000,4724.8000,4725.8000,4726.0000,2,1,2,3,2,1,2,2,1,1
SF,IC2003,2019-11-27 09:33:00.600,4723.2000,34291,0,212601400.000,0,-,-,-,-,4720.8000,4720.6000,4720.4000,4720.2000,4720.0000,4724.2000,4724.4000,4724.6000,4724.8000,4725.0000,1,1,1,1,7,3,4,1,1,1
SF,IC2003,2019-11-27 09:33:01.100,4723.2000,34291,0,212601400.000,0,-,-,-,-,4720.4000,4720.2000,4720.0000,4719.4000,4717.8000,4723.8000,4724.0000,4724.2000,4724.6000,4724.8000,1,1,7,1,1,1,3,3,1,1
SF,IC2003,2019-11-27 09:33:01.600,4723.2000,34291,0,212601400.000,0,-,-,-,-,4720.6000,4720.4000,4720.2000,4720.0000,4719.4000,4723.6000,4723.8000,4724.0000,4724.2000,4724.6000,1,1,1,7,1,3,1,3,1,1
SF,IC2003,2019-11-27 09:33:02.100,4723.2000,34291,0,212601400.000,0,-,-,-,-,4720.6000,4720.4000,4720.2000,4720.0000,4719.4000,4723.4000,4723.6000,4723.8000,4724.0000,4724.2000,2,1,1,7,1,2,3,1,2,1
SF,IC2003,2019-11-27 09:33:02.600,4723.2000,34291,0,212601400.000,0,-,-,-,-,4720.6000,4720.4000,4720.2000,4720.0000,4719.4000,4723.2000,4723.4000,4723.8000,4724.0000,4724.2000,2,1,1,7,1,2,2,1,2,1
SF,IC2003,2019-11-27 09:33:03.100,4723.2000,34292,1,214490680.000,2,1,1,空开,S,4723.2000,4720.8000,4720.6000,4720.4000,4720.2000,4723.4000,4723.8000,4724.0000,4724.2000,4724.4000,1,2,2,1,1,2,1,2,1,2
SF,IC2003,2019-11-27 09:33:03.600,4723.2000,34292,0,215435320.000,1,0,1,多换,S,4720.8000,4720.6000,4720.4000,4720.2000,4720.0000,4723.0000,4723.2000,4723.4000,4723.8000,4724.0000,3,1,1,1,7,3,2,1,1,1
SF,IC2003,2019-11-27 09:33:04.100,4723.0000,34292,0,218269120.000,3,1,2,多换,S,4721.2000,4721.0000,4720.8000,4720.6000,4720.4000,4723.2000,4723.4000,4723.8000,4724.0000,4724.2000,2,1,2,1,1,5,1,1,1,1
SF,IC2003,2019-11-27 09:33:04.600,4723.0000,34292,0,218269120.000,0,-,-,-,-,4720.8000,4720.4000,4720.2000,4720.0000,4719.4000,4723.0000,4723.2000,4723.4000,4723.8000,4724.0000,1,1,1,7,1,1,5,1,1,1
SF,IC2003,2019-11-27 09:33:05.100,4723.0000,34292,0,219213720.000,1,0,1,多换,S,4720.8000,4720.4000,4720.2000,4720.0000,4719.4000,4723.2000,4723.4000,4723.8000,4724.0000,4724.2000,2,1,1,8,1,5,1,1,1,1
SF,IC2003,2019-11-27 09:33:05.600,4723.0000,34292,0,219213720.000,0,-,-,-,-,4723.0000,4721.2000,4721.0000,4720.8000,4720.4000,4723.2000,4723.4000,4723.8000,4724.0000,4724.2000,1,2,1,2,1,5,1,1,1,1
SF,IC2003,2019-11-27 09:33:06.100,4723.0000,34292,0,221102920.000,2,1,1,多换,S,4720.8000,4720.4000,4720.2000,4720.0000,4719.4000,4722.8000,4723.0000,4723.2000,4723.4000,4723.8000,1,1,1,8,1,1,3,3,1,1
SF,IC2003,2019-11-27 09:33:06.600,4720.8000,34290,-2,224879680.000,4,1,3,多平,S,4721.8000,4720.8000,4720.4000,4720.2000,4720.0000,4722.6000,4723.0000,4723.2000,4723.8000,4724.0000,1,1,1,1,8,1,3,2,1,1
SF,IC2003,2019-11-27 09:33:07.100,4720.8000,34290,0,224879680.000,0,-,-,-,-,4721.8000,4720.4000,4720.2000,4720.0000,4719.4000,4722.4000,4723.0000,4723.2000,4723.8000,4724.0000,1,1,1,8,1,1,2,2,1,1
SF,IC2003,2019-11-27 09:33:07.600,4720.8000,34290,0,224879680.000,0,-,-,-,-,4722.4000,4721.8000,4720.4000,4720.2000,4720.0000,4723.0000,4723.2000,4723.8000,4724.0000,4724.2000,1,2,1,1,8,2,2,1,1,1
SF,IC2003,2019-11-27 09:33:08.100,4722.4000,34290,0,226768640.000,2,1,1,多换,S,4721.8000,4720.4000,4720.2000,4720.0000,4719.6000,4722.4000,4722.8000,4723.8000,4724.0000,4724.2000,1,1,1,8,1,5,3,1,1,1
SF,IC2003,2019-11-27 09:33:08.600,4721.8000,34289,-1,228657360.000,2,0,2,多平,S,4720.6000,4720.4000,4720.2000,4720.0000,4719.6000,4721.8000,4722.2000,4722.4000,4722.8000,4723.8000,1,1,1,8,1,1,1,3,2,1
SF,IC2003,2019-11-27 09:33:09.100,4721.8000,34290,1,229601720.000,1,1,0,双开,S,4721.8000,4720.4000,4720.2000,4720.0000,4719.6000,4722.4000,4722.8000,4723.8000,4724.0000,4724.2000,1,1,1,8,1,2,2,1,1,1
SF,IC2003,2019-11-27 09:33:09.600,4721.8000,34290,0,230546080.000,1,0,1,多换,S,4721.0000,4720.6000,4720.4000,4720.2000,4720.0000,4721.8000,4722.0000,4722.2000,4722.4000,4722.8000,3,1,1,1,8,2,2,3,2,2
SF,IC2003,2019-11-27 09:33:10.100,4721.8000,34290,0,230546080.000,0,-,-,-,-,4721.0000,4720.6000,4720.4000,4720.2000,4720.0000,4722.2000,4722.4000,4722.8000,4723.8000,4724.0000,3,1,1,1,8,1,2,2,1,1
SF,IC2003,2019-11-27 09:33:10.600,4721.0000,34288,-2,232434480.000,2,0,2,双平,S,4721.0000,4720.6000,4720.4000,4720.2000,4720.0000,4721.8000,4722.0000,4722.2000,4722.4000,4722.8000,1,1,1,1,8,2,1,1,4,2
SF,IC2003,2019-11-27 09:33:11.100,4721.8000,34290,2,236211960.000,4,3,1,空开,S,4721.8000,4721.0000,4720.6000,4720.4000,4720.2000,4722.2000,4722.4000,4722.8000,4723.8000,4724.0000,1,1,1,1,1,1,2,2,1,1
SF,IC2003,2019-11-27 09:33:11.600,4721.8000,34290,0,236211960.000,0,-,-,-,-,4721.8000,4721.0000,4720.6000,4720.4000,4720.2000,4722.2000,4722.4000,4722.8000,4723.0000,4723.8000,2,1,1,1,1,1,2,2,1,1
SF,IC2003,2019-11-27 09:33:12.100,4722.2000,34289,-1,237156400.000,1,0,1,双平,S,4721.8000,4721.0000,4720.6000,4720.4000,4720.2000,4722.4000,4722.8000,4723.0000,4723.8000,4724.0000,2,1,1,1,1,2,1,1,1,1
SF,IC2003,2019-11-27 09:33:12.600,4722.4000,34289,0,238100880.000,1,0,1,多换,S,4721.8000,4721.0000,4720.6000,4720.4000,4720.2000,4722.2000,4722.4000,4722.8000,4723.0000,4723.8000,2,1,1,1,1,1,1,1,1,1
SF,IC2003,2019-11-27 09:33:13.100,4722.4000,34289,0,239045360.000,1,0,1,多换,S,4722.2000,4721.8000,4721.0000,4720.6000,4720.4000,4722.4000,4722.8000,4723.0000,4723.8000,4724.0000,1,2,1,1,1,1,1,1,1,1
SF,IC2003,2019-11-27 09:33:13.600,4722.4000,34288,-1,239989840.000,1,0,1,双平,S,4722.4000,4722.2000,4721.8000,4721.0000,4720.6000,4722.8000,4723.0000,4723.8000,4724.0000,4724.2000,1,1,1,1,1,1,1,1,1,1
SF,IC2003,2019-11-27 09:33:14.100,4722.8000,34288,0,243768000.000,4,2,2,多换,S,4722.2000,4721.8000,4721.0000,4720.6000,4720.4000,4722.8000,4723.0000,4723.8000,4724.0000,4724.2000,1,1,1,1,1,1,1,1,1,1
SF,IC2003,2019-11-27 09:33:14.600,4722.8000,34288,0,243768000.000,0,-,-,-,-,4721.8000,4721.0000,4720.6000,4720.4000,4720.2000,4722.6000,4722.8000,4723.0000,4723.8000,4724.0000,1,1,1,1,1,1,1,1,1,1
SF,IC2003,2019-11-27 09:33:15.100,4722.8000,34288,0,243768000.000,0,-,-,-,-,4721.8000,4721.0000,4720.6000,4720.4000,4720.2000,4722.8000,4723.0000,4723.8000,4724.0000,4724.2000,1,1,1,1,1,1,1,1,1,1
SF,IC2003,2019-11-27 09:33:15.600,4722.8000,34288,0,243768000.000,0,-,-,-,-,4722.8000,4721.0000,4720.6000,4720.4000,4720.2000,4723.0000,4723.8000,4724.0000,4724.2000,4724.4000,1,1,1,1,1,1,1,1,1,1
SF,IC2003,2019-11-27 09:33:16.100,4723.0000,34289,1,248490840.000,5,3,2,空开,S,4721.0000,4720.6000,4720.4000,4720.2000,4720.0000,4723.8000,4724.0000,4724.2000,4724.4000,4724.6000,1,1,1,1,8,1,1,1,1,1
SF,IC2003,2019-11-27 09:33:16.600,4723.0000,34289,0,248490840.000,0,-,-,-,-,4721.0000,4720.6000,4720.4000,4720.2000,4720.0000,4722.8000,4723.4000,4723.6000,4723.8000,4724.0000,1,1,1,1,8,4,2,1,1,1
SF,IC2003,2019-11-27 09:33:17.100,4723.0000,34289,0,248490840.000,0,-,-,-,-,4721.0000,4720.6000,4720.4000,4720.2000,4720.0000,4722.4000,4722.6000,4722.8000,4723.6000,4723.8000,1,1,1,1,8,4,1,4,1,1
SF,IC2003,2019-11-27 09:33:17.600,4722.4000,34290,1,249435320.000,1,1,0,双开,S,4721.0000,4720.6000,4720.4000,4720.2000,4720.0000,4722.4000,4722.8000,4723.6000,4723.8000,4724.0000,1,1,1,1,8,1,4,1,1,1
SF,IC2003,2019-11-27 09:33:18.100,4722.4000,34291,1,250379800.000,1,1,0,双开,S,4721.2000,4721.0000,4720.6000,4720.4000,4720.2000,4722.8000,4723.6000,4723.8000,4724.0000,4724.2000,1,1,1,1,1,4,1,1,1,1
SF,IC2003,2019-11-27 09:33:18.600,4722.4000,34291,0,250379800.000,0,-,-,-,-,4721.4000,4721.0000,4720.6000,4720.4000,4720.2000,4722.6000,4722.8000,4723.6000,4723.8000,4724.0000,1,1,1,1,1,2,4,1,1,1
SF,IC2003,2019-11-27 09:33:19.100,4722.4000,34291,0,250379800.000,0,-,-,-,-,4721.0000,4720.6000,4720.4000,4720.2000,4720.0000,4722.6000,4722.8000,4723.0000,4723.6000,4723.8000,1,1,1,1,8,1,4,1,1,1
SF,IC2003,2019-11-27 09:33:19.600,4722.4000,34291,0,250379800.000,0,-,-,-,-,4721.0000,4720.6000,4720.4000,4720.2000,4720.0000,4722.4000,4722.6000,4722.8000,4723.0000,4723.6000,1,1,1,1,9,1,1,4,1,1
SF,IC2003,2019-11-27 09:33:20.100,4722.4000,34291,0,251324280.000,1,0,1,多换,S,4722.4000,4721.0000,4720.6000,4720.4000,4720.2000,4722.8000,4723.0000,4723.6000,4723.8000,4724.0000,1,1,1,1,2,4,1,1,1,1
SF,IC2003,2019-11-27 09:33:20.600,4722.4000,34290,-1,253213240.000,2,0,2,多平,S,4721.0000,4720.6000,4720.4000,4720.2000,4720.0000,4722.2000,4722.4000,4722.6000,4723.0000,4723.8000,1,1,1,2,9,3,7,4,1,1
SF,IC2003,2019-11-27 09:33:21.100,4721.0000,34289,-1,254157440.000,1,0,1,双平,S,4720.6000,4720.4000,4720.2000,4720.0000,4719.2000,4721.0000,4722.4000,4722.6000,4723.0000,4723.8000,1,1,1,9,1,1,4,1,1,1
SF,IC2003,2019-11-27 09:33:21.600,4721.0000,34287,-2,256045840.000,2,0,2,双平,S,4721.2000,4721.0000,4720.6000,4720.4000,4720.2000,4722.6000,4723.0000,4723.8000,4724.0000,4724.2000,2,5,1,1,1,1,1,1,1,1
SF,IC2003,2019-11-27 09:33:22.100,4721.0000,34287,0,256045840.000,0,-,-,-,-,4721.2000,4721.0000,4720.6000,4720.4000,4720.2000,4721.4000,4721.6000,4722.4000,4722.6000,4723.0000,1,2,1,1,1,1,2,3,1,3
SF,IC2003,2019-11-27 09:33:22.600,4721.4000,34286,-1,257934360.000,2,0,2,多平,S,4721.4000,4721.0000,4720.6000,4720.4000,4720.2000,4722.4000,4722.6000,4723.0000,4724.2000,4724.4000,1,2,1,1,1,2,1,3,1,1
SF,IC2003,2019-11-27 09:33:23.100,4721.4000,34286,0,257934360.000,0,-,-,-,-,4721.2000,4721.0000,4720.6000,4720.4000,4720.2000,4722.4000,4722.6000,4723.0000,4724.2000,4724.4000,1,2,1,1,1,1,1,2,1,1
SF,IC2003,2019-11-27 09:33:23.600,4721.4000,34286,0,259822920.000,2,1,1,多换,S,4721.2000,4721.0000,4720.6000,4720.4000,4720.2000,4721.4000,4722.6000,4723.0000,4724.2000,4724.4000,1,2,1,1,1,3,1,2,1,1
SF,IC2003,2019-11-27 09:33:24.100,4721.4000,34286,0,262655760.000,3,1,2,多换,S,4721.2000,4721.0000,4720.6000,4720.4000,4720.2000,4723.0000,4724.2000,4724.4000,4724.6000,4725.8000,1,2,1,1,1,2,1,1,1,1
SF,IC2003,2019-11-27 09:33:24.600,4721.4000,34286,0,262655760.000,0,-,-,-,-,4721.2000,4721.0000,4720.6000,4720.4000,4720.2000,4721.8000,4722.6000,4722.8000,4723.0000,4723.4000,1,2,1,1,1,2,2,3,3,1
SF,IC2003,2019-11-27 09:33:25.100,4721.4000,34286,0,262655760.000,0,-,-,-,-,4721.8000,4721.2000,4721.0000,4720.6000,4720.4000,4722.6000,4722.8000,4723.0000,4723.4000,4724.2000,1,1,2,1,1,1,3,3,1,1
SF,IC2003,2019-11-27 09:33:25.600,4721.8000,34287,1,263600120.000,1,1,0,双开,S,4721.2000,4721.0000,4720.6000,4720.4000,4720.2000,4721.8000,4722.4000,4722.6000,4722.8000,4723.0000,1,2,1,1,1,3,1,1,3,3
SF,IC2003,2019-11-27 09:33:26.100,4721.8000,34286,-1,267377440.000,4,1,3,多平,S,4721.0000,4720.6000,4720.4000,4720.2000,4720.0000,4722.6000,4722.8000,4723.0000,4723.4000,4724.2000,2,1,1,1,9,1,2,3,1,1
SF,IC2003,2019-11-27 09:33:26.600,4721.8000,34286,0,267377440.000,0,-,-,-,-,4720.6000,4720.4000,4720.2000,4720.0000,4717.8000,4722.4000,4722.6000,4722.8000,4723.0000,4723.4000,1,1,1,9,1,1,1,2,3,1
SF,IC2003,2019-11-27 09:33:27.100,4721.8000,34286,0,267377440.000,0,-,-,-,-,4720.6000,4720.4000,4720.2000,4720.0000,4717.8000,4722.0000,4722.4000,4722.6000,4722.8000,4723.0000,1,1,1,9,1,2,2,1,2,3
SF,IC2003,2019-11-27 09:33:27.600,4721.8000,34286,0,267377440.000,0,-,-,-,-,4720.6000,4720.4000,4720.2000,4720.0000,4717.8000,4721.2000,4722.6000,4722.8000,4723.0000,4723.4000,1,1,1,9,1,1,1,2,3,1
SF,IC2003,2019-11-27 09:33:28.100,4720.6000,34288,2,269265800.000,2,2,0,双开,S,4721.2000,4720.4000,4720.2000,4720.0000,4717.8000,4722.6000,4722.8000,4723.0000,4723.4000,4724.2000,1,1,1,9,1,1,2,3,1,1
SF,IC2003,2019-11-27 09:33:28.600,4720.6000,34288,0,269265800.000,0,-,-,-,-,4720.4000,4720.2000,4720.0000,4717.8000,4717.6000,4720.6000,4721.6000,4722.4000,4722.6000,4722.8000,1,1,9,1,1,2,2,2,1,2
SF,IC2003,2019-11-27 09:33:29.100,4720.6000,34288,0,271154040.000,2,1,1,多换,S,4720.6000,4720.4000,4720.2000,4720.0000,4717.8000,4722.4000,4722.6000,4722.8000,4723.0000,4724.2000,1,1,1,9,1,1,1,1,3,1
SF,IC2003,2019-11-27 09:33:29.600,4720.6000,34288,0,271154040.000,0,-,-,-,-,4720.4000,4720.2000,4720.0000,4717.8000,4717.6000,4722.0000,4722.2000,4722.4000,4722.8000,4723.0000,1,1,9,1,1,2,3,1,1,4
SF,IC2003,2019-11-27 09:33:30.100,4720.6000,34288,0,271154040.000,0,-,-,-,-,4720.4000,4720.2000,4720.0000,4717.8000,4717.6000,4721.2000,4721.8000,4722.2000,4722.8000,4723.0000,1,1,9,1,1,2,3,1,1,4
SF,IC2003,2019-11-27 09:33:30.600,4720.6000,34288,0,271154040.000,0,-,-,-,-,4721.2000,4720.4000,4720.2000,4720.0000,4717.8000,4721.8000,4722.2000,4722.8000,4723.0000,4724.2000,1,1,1,9,1,1,1,1,4,1
SF,IC2003,2019-11-27 09:33:31.100,4721.2000,34288,0,272098280.000,1,0,1,多换,S,4720.4000,4720.2000,4720.0000,4717.8000,4717.6000,4721.6000,4721.8000,4722.2000,4722.8000,4723.0000,1,1,9,1,1,1,1,1,1,4
SF,IC2003,2019-11-27 09:33:31.600,4721.2000,34288,0,272098280.000,0,-,-,-,-,4720.4000,4720.2000,4720.0000,4717.8000,4717.6000,4721.8000,4722.2000,4722.8000,4723.0000,4724.2000,1,1,9,1,1,1,1,1,4,1
SF,IC2003,2019-11-27 09:33:32.100,4721.2000,34288,0,272098280.000,0,-,-,-,-,4720.4000,4720.2000,4720.0000,4717.8000,4717.6000,4721.0000,4721.4000,4721.6000,4721.8000,4722.2000,1,1,9,1,1,2,1,2,1,1
SF,IC2003,2019-11-27 09:33:32.600,4720.4000,34288,0,273042360.000,1,0,1,多换,S,4721.0000,4720.2000,4720.0000,4717.8000,4717.6000,4721.4000,4721.8000,4722.2000,4722.8000,4723.0000,1,1,9,1,1,1,1,1,1,4
SF,IC2003,2019-11-27 09:33:33.100,4721.0000,34288,0,273986560.000,1,0,1,多换,S,4720.2000,4720.0000,4717.8000,4717.6000,4717.0000,4720.4000,4721.8000,4722.2000,4722.8000,4723.0000,1,9,1,1,1,1,1,1,1,4
SF,IC2003,2019-11-27 09:33:33.600,4720.4000,34284,-4,279651040.000,6,1,5,多平,S,4720.4000,4720.2000,4720.0000,4717.8000,4717.6000,4721.8000,4722.2000,4722.8000,4723.0000,4724.2000,3,1,9,1,1,1,1,1,4,1
SF,IC2003,2019-11-27 09:33:34.100,4720.4000,34285,1,280595120.000,1,1,0,双开,S,4720.4000,4720.2000,4720.0000,4717.8000,4717.6000,4721.2000,4721.6000,4721.8000,4722.2000,4722.8000,1,1,9,1,1,2,1,1,1,1
SF,IC2003,2019-11-27 09:33:34.600,4720.4000,34285,0,280595120.000,0,-,-,-,-,4721.2000,4720.4000,4720.2000,4720.0000,4717.8000,4721.8000,4722.2000,4722.8000,4723.0000,4724.2000,1,1,1,9,1,1,1,1,4,1
SF,IC2003,2019-11-27 09:33:35.100,4720.4000,34285,0,280595120.000,0,-,-,-,-,4720.4000,4720.2000,4720.0000,4717.8000,4717.6000,4721.8000,4722.2000,4722.8000,4723.0000,4724.2000,2,1,9,1,1,1,1,1,4,1
SF,IC2003,2019-11-27 09:33:35.600,4721.8000,34285,0,281539480.000,1,0,1,多换,S,4721.8000,4720.6000,4720.4000,4720.2000,4720.0000,4722.2000,4722.8000,4723.0000,4724.2000,4724.4000,1,1,2,1,9,1,1,4,1,1
SF,IC2003,2019-11-27 09:33:36.100,4721.8000,34285,0,282483840.000,1,0,1,多换,S,4720.4000,4720.2000,4720.0000,4717.8000,4717.6000,4722.0000,4722.2000,4723.0000,4723.2000,4724.2000,2,1,9,1,1,2,1,3,1,1
SF,IC2003,2019-11-27 09:33:36.600,4722.2000,34285,0,283428280.000,1,0,1,多换,S,4722.0000,4720.6000,4720.4000,4720.2000,4720.0000,4723.0000,4724.2000,4724.4000,4724.6000,4725.8000,1,2,2,1,9,3,1,1,1,1
SF,IC2003,2019-11-27 09:33:37.100,4722.2000,34285,0,283428280.000,0,-,-,-,-,4720.6000,4720.4000,4720.2000,4720.0000,4717.8000,4723.0000,4724.2000,4724.4000,4724.6000,4725.8000,2,2,1,9,1,3,1,1,1,1
SF,IC2003,2019-11-27 09:33:37.600,4722.2000,34285,0,283428280.000,0,-,-,-,-,4720.8000,4720.6000,4720.4000,4720.2000,4720.0000,4722.6000,4723.0000,4724.2000,4724.4000,4724.6000,1,3,2,1,9,2,2,1,1,1
SF,IC2003,2019-11-27 09:33:38.100,4722.2000,34285,0,283428280.000,0,-,-,-,-,4721.0000,4720.8000,4720.6000,4720.4000,4720.2000,4722.2000,4722.8000,4723.0000,4724.2000,4724.4000,1,1,3,2,1,2,1,2,1,1
SF,IC2003,2019-11-27 09:33:38.600,4722.2000,34285,0,284372720.000,1,0,1,多换,S,4720.6000,4720.4000,4720.2000,4720.0000,4717.8000,4722.8000,4723.0000,4724.2000,4724.4000,4724.6000,2,2,1,9,1,1,2,1,1,1
SF,IC2003,2019-11-27 09:33:39.100,4722.8000,34285,0,285317280.000,1,0,1,多换,S,4722.8000,4720.8000,4720.6000,4720.4000,4720.2000,4723.0000,4724.2000,4724.4000,4724.6000,4725.8000,1,2,2,1,1,2,1,1,1,1
SF,IC2003,2019-11-27 09:33:39.600,4723.0000,34283,-2,288151080.000,3,0,3,多平,S,4722.8000,4720.6000,4720.4000,4720.2000,4720.0000,4724.2000,4724.4000,4724.6000,4725.8000,4726.6000,1,2,1,1,10,1,1,1,1,3
SF,IC2003,2019-11-27 09:33:40.100,4723.0000,34283,0,288151080.000,0,-,-,-,-,4720.6000,4720.4000,4720.2000,4720.0000,4719.0000,4724.0000,4724.2000,4724.4000,4724.6000,4724.8000,2,1,2,10,1,1,2,1,1,1
SF,IC2003,2019-11-27 09:33:40.600,4723.0000,34283,0,288151080.000,0,-,-,-,-,4720.8000,4720.6000,4720.4000,4720.2000,4720.0000,4724.0000,4724.2000,4724.4000,4724.6000,4724.8000,3,2,1,2,10,1,1,1,1,1
SF,IC2003,2019-11-27 09:33:41.100,4723.0000,34283,0,288151080.000,0,-,-,-,-,4720.8000,4720.6000,4720.4000,4720.2000,4720.0000,4724.0000,4724.2000,4724.4000,4724.6000,4724.8000,3,2,1,2,10,1,1,1,1,1
SF,IC2003,2019-11-27 09:33:41.600,4723.0000,34283,0,288151080.000,0,-,-,-,-,4724.0000,4721.0000,4720.8000,4720.6000,4720.4000,4725.8000,4726.6000,4727.2000,4730.0000,4730.6000,1,3,3,2,1,1,3,1,1,1
SF,IC2003,2019-11-27 09:33:42.100,4723.0000,34283,0,288151080.000,0,-,-,-,-,4721.0000,4720.8000,4720.6000,4720.4000,4720.2000,4723.0000,4725.4000,4725.6000,4725.8000,4726.0000,3,1,2,1,2,1,2,3,1,1
SF,IC2003,2019-11-27 09:33:42.600,4723.0000,34283,0,289095680.000,1,0,1,多换,S,4723.2000,4723.0000,4721.4000,4721.2000,4721.0000,4725.6000,4725.8000,4726.6000,4727.2000,4730.0000,1,5,3,1,3,3,1,3,1,1
SF,IC2003,2019-11-27 09:33:43.100,4723.0000,34283,0,289095680.000,0,-,-,-,-,4723.0000,4721.0000,4720.8000,4720.6000,4720.4000,4725.2000,4725.4000,4725.6000,4725.8000,4726.0000,2,3,1,2,1,2,2,3,1,1
SF,IC2003,2019-11-27 09:33:43.600,4723.0000,34283,0,289095680.000,0,-,-,-,-,4723.0000,4721.0000,4720.8000,4720.6000,4720.4000,4724.8000,4725.6000,4725.8000,4726.0000,4726.6000,2,3,1,2,2,2,3,1,1,3
SF,IC2003,2019-11-27 09:33:44.100,4723.0000,34283,0,289095680.000,0,-,-,-,-,4723.4000,4723.2000,4723.0000,4721.0000,4720.8000,4724.4000,4725.6000,4725.8000,4726.0000,4726.6000,1,1,2,3,1,2,2,1,1,3
SF,IC2003,2019-11-27 09:33:44.600,4723.0000,34283,0,289095680.000,0,-,-,-,-,4724.8000,4723.6000,4723.4000,4723.0000,4721.0000,4725.6000,4725.8000,4726.0000,4726.6000,4727.2000,1,2,1,2,3,2,1,1,3,1
SF,IC2003,2019-11-27 09:33:45.100,4723.0000,34283,0,289095680.000,0,-,-,-,-,4723.4000,4723.0000,4721.0000,4720.8000,4720.6000,4725.6000,4725.8000,4726.6000,4727.2000,4730.0000,1,2,3,1,2,2,1,4,1,1
SF,IC2003,2019-11-27 09:33:45.600,4723.0000,34283,0,289095680.000,0,-,-,-,-,4723.6000,4723.4000,4723.0000,4722.6000,4721.0000,4725.2000,4725.6000,4725.8000,4726.6000,4727.2000,1,1,2,1,3,1,2,1,4,1
SF,IC2003,2019-11-27 09:33:46.100,4723.0000,34283,0,289095680.000,0,-,-,-,-,4723.6000,4723.4000,4723.0000,4722.6000,4721.0000,4725.0000,4725.2000,4725.6000,4725.8000,4726.6000,1,1,2,1,3,2,1,2,1,4
SF,IC2003,2019-11-27 09:33:46.600,4723.0000,34283,0,289095680.000,0,-,-,-,-,4725.0000,4723.6000,4723.4000,4723.0000,4722.6000,4725.8000,4726.6000,4727.2000,4730.0000,4730.6000,1,1,1,2,1,1,4,1,1,1
SF,IC2003,2019-11-27 09:33:47.100,4723.0000,34283,0,289095680.000,0,-,-,-,-,4723.0000,4722.6000,4721.0000,4720.8000,4720.6000,4725.8000,4726.6000,4726.8000,4727.2000,4730.0000,2,1,2,1,2,1,3,1,1,1
SF,IC2003,2019-11-27 09:33:47.600,4723.0000,34283,0,289095680.000,0,-,-,-,-,4722.6000,4721.0000,4720.8000,4720.4000,4720.2000,4725.0000,4725.4000,4725.6000,4725.8000,4726.6000,1,2,1,2,2,4,2,5,2,3
SF,IC2003,2019-11-27 09:33:48.100,4723.0000,34283,0,289095680.000,0,-,-,-,-,4722.8000,4721.0000,4720.8000,4720.4000,4720.2000,4724.6000,4725.0000,4725.6000,4725.8000,4726.6000,3,2,1,2,2,2,1,4,2,3
SF,IC2003,2019-11-27 09:33:48.600,4724.2000,34282,-1,290040520.000,1,0,1,双平,S,4723.0000,4722.8000,4721.0000,4720.8000,4720.4000,4724.2000,4725.0000,4725.6000,4725.8000,4726.6000,1,3,2,1,2,1,1,4,2,3
SF,IC2003,2019-11-27 09:33:49.100,4724.2000,34282,0,290040520.000,0,-,-,-,-,4721.0000,4720.8000,4720.4000,4720.2000,4720.0000,4725.0000,4725.6000,4725.8000,4726.6000,4726.8000,2,1,2,2,9,1,3,2,3,1
SF,IC2003,2019-11-27 09:33:49.600,4724.2000,34282,0,290040520.000,0,-,-,-,-,4721.2000,4721.0000,4720.8000,4720.4000,4720.2000,4724.8000,4725.0000,4725.6000,4725.8000,4726.6000,2,2,1,2,2,3,3,3,2,3
SF,IC2003,2019-11-27 09:33:50.100,4724.2000,34282,0,290040520.000,0,-,-,-,-,4721.2000,4720.8000,4720.4000,4720.2000,4720.0000,4724.2000,4724.6000,4724.8000,4725.0000,4725.6000,2,1,2,2,9,4,2,3,3,1
SF,IC2003,2019-11-27 09:33:50.600,4724.2000,34282,0,290040520.000,0,-,-,-,-,4721.4000,4720.8000,4720.4000,4720.2000,4720.0000,4723.6000,4724.0000,4724.2000,4724.6000,4724.8000,2,1,1,2,9,1,4,4,2,1
SF,IC2003,2019-11-27 09:33:51.100,4724.2000,34282,0,290040520.000,0,-,-,-,-,4721.4000,4720.4000,4720.2000,4720.0000,4719.0000,4723.2000,4723.4000,4723.6000,4723.8000,4724.0000,1,1,2,9,1,1,4,1,1,1
SF,IC2003,2019-11-27 09:33:51.600,4724.2000,34282,0,290040520.000,0,-,-,-,-,4721.4000,4720.4000,4720.2000,4720.0000,4719.0000,4722.8000,4723.0000,4723.4000,4723.6000,4723.8000,1,1,2,9,1,1,1,1,1,1
SF,IC2003,2019-11-27 09:33:52.100,4724.2000,34282,0,290040520.000,0,-,-,-,-,4722.8000,4721.6000,4721.4000,4720.4000,4720.2000,4723.4000,4723.8000,4724.0000,4724.2000,4725.0000,1,2,1,1,2,1,1,1,1,2
SF,IC2003,2019-11-27 09:33:52.600,4722.8000,34283,1,290985080.000,1,1,0,双开,S,4721.4000,4720.4000,4720.2000,4720.0000,4719.0000,4722.8000,4723.2000,4723.4000,4723.8000,4724.2000,1,1,2,9,1,3,1,1,1,1
SF,IC2003,2019-11-27 09:33:53.100,4722.8000,34283,0,290985080.000,0,-,-,-,-,4721.4000,4720.2000,4720.0000,4719.0000,4717.8000,4723.4000,4723.8000,4724.2000,4725.0000,4725.6000,1,2,9,1,1,1,1,1,2,1
SF,IC2003,2019-11-27 09:33:53.600,4722.8000,34283,0,290985080.000,0,-,-,-,-,4721.6000,4721.4000,4720.2000,4720.0000,4719.0000,4723.4000,4723.8000,4724.2000,4725.0000,4725.6000,1,1,2,9,1,1,1,1,2,1
SF,IC2003,2019-11-27 09:33:54.100,4722.8000,34283,0,290985080.000,0,-,-,-,-,4721.4000,4720.2000,4720.0000,4719.0000,4717.8000,4723.2000,4723.4000,4723.8000,4724.2000,4725.0000,1,2,9,1,1,2,1,1,1,2
SF,IC2003,2019-11-27 09:33:54.600,4722.8000,34283,0,290985080.000,0,-,-,-,-,4721.4000,4720.2000,4720.0000,4719.0000,4717.8000,4722.8000,4723.0000,4723.2000,4723.4000,4723.8000,2,2,9,1,1,1,2,3,1,1
SF,IC2003,2019-11-27 09:33:55.100,4722.8000,34283,0,290985080.000,0,-,-,-,-,4721.6000,4721.4000,4720.2000,4720.0000,4719.0000,4723.8000,4724.2000,4725.0000,4725.6000,4725.8000,1,2,2,9,1,1,1,2,1,2
SF,IC2003,2019-11-27 09:33:55.600,4722.8000,34283,0,290985080.000,0,-,-,-,-,4721.4000,4720.2000,4720.0000,4719.0000,4717.8000,4723.4000,4723.6000,4723.8000,4724.2000,4725.0000,2,2,9,1,1,1,2,2,1,2
SF,IC2003,2019-11-27 09:33:56.100,4722.8000,34283,0,290985080.000,0,-,-,-,-,4723.4000,4722.0000,4721.6000,4721.4000,4720.2000,4723.6000,4723.8000,4724.2000,4725.0000,4725.6000,1,1,2,2,2,2,1,1,2,1
SF,IC2003,2019-11-27 09:33:56.600,4723.4000,34283,0,291929760.000,1,0,1,多换,S,4721.4000,4720.2000,4720.0000,4719.0000,4717.8000,4721.6000,4723.2000,4723.4000,4723.6000,4723.8000,2,2,9,1,1,1,1,4,1,1
SF,IC2003,2019-11-27 09:33:57.100,4721.6000,34283,0,292874080.000,1,0,1,多换,S,4721.8000,4721.6000,4721.4000,4720.2000,4720.0000,4723.2000,4723.4000,4723.6000,4723.8000,4724.2000,3,11,2,2,9,1,3,1,1,1
SF,IC2003,2019-11-27 09:33:57.600,4722.8000,34282,-1,294762960.000,2,0,2,多平,S,4721.6000,4721.4000,4720.2000,4720.0000,4719.0000,4722.8000,4723.0000,4723.2000,4723.4000,4723.6000,3,2,2,9,1,2,3,1,4,1
SF,IC2003,2019-11-27 09:33:58.100,4722.8000,34282,0,294762960.000,0,-,-,-,-,4721.6000,4721.4000,4720.2000,4720.0000,4719.0000,4722.6000,4722.8000,4723.0000,4723.4000,4723.6000,3,2,2,9,1,2,3,1,4,1
SF,IC2003,2019-11-27 09:33:58.600,4722.8000,34282,0,294762960.000,0,-,-,-,-,4721.6000,4721.4000,4720.2000,4720.0000,4719.0000,4723.4000,4723.6000,4723.8000,4724.2000,4725.0000,3,2,2,9,1,2,1,1,1,1
SF,IC2003,2019-11-27 09:33:59.100,4722.8000,34282,0,294762960.000,0,-,-,-,-,4722.8000,4721.6000,4721.4000,4720.2000,4720.0000,4723.0000,4723.2000,4723.4000,4723.6000,4723.8000,1,3,2,2,9,1,7,2,1,1
SF,IC2003,2019-11-27 09:33:59.600,4722.8000,34282,0,295707520.000,1,0,1,多换,S,4721.6000,4721.4000,4720.2000,4720.0000,4719.0000,4722.4000,4722.6000,4722.8000,4723.0000,4723.2000,3,2,2,9,1,1,8,11,2,4
SF,IC2003,2019-11-27 09:34:00.100,4721.4000,34279,-3,299484760.000,4,0,4,多平,S,4721.4000,4720.2000,4720.0000,4717.8000,4717.6000,4721.6000,4722.2000,4722.6000,4722.8000,4723.2000,1,2,9,1,1,2,6,1,3,1
SF,IC2003,2019-11-27 09:34:00.600,4721.4000,34279,0,300429040.000,1,0,1,多换,S,4720.2000,4720.0000,4717.8000,4717.6000,4717.0000,4722.2000,4722.8000,4723.0000,4723.2000,4723.4000,2,9,1,1,1,3,1,2,1,2
SF,IC2003,2019-11-27 09:34:01.100,4721.4000,34279,0,300429040.000,0,-,-,-,-,4720.2000,4720.0000,4717.8000,4717.6000,4717.0000,4721.4000,4721.6000,4722.0000,4722.2000,4722.8000,2,9,1,1,1,2,2,6,2,1
SF,IC2003,2019-11-27 09:34:01.600,4721.4000,34279,0,300429040.000,0,-,-,-,-,4720.2000,4720.0000,4717.8000,4717.6000,4717.0000,4721.2000,4721.4000,4721.6000,4722.0000,4722.2000,2,9,1,1,1,2,2,2,4,2
SF,IC2003,2019-11-27 09:34:02.100,4721.4000,34279,0,300429040.000,0,-,-,-,-,4720.2000,4720.0000,4717.8000,4717.0000,4716.8000,4721.0000,4721.2000,4721.6000,4722.0000,4722.2000,2,9,1,1,1,2,2,2,2,1
SF,IC2003,2019-11-27 09:34:02.600,4721.4000,34279,0,300429040.000,0,-,-,-,-,4720.2000,4720.0000,4717.8000,4717.0000,4716.8000,4721.0000,4721.2000,4722.0000,4722.2000,4722.8000,2,9,1,1,1,2,1,2,1,1
SF,IC2003,2019-11-27 09:34:03.100,4720.2000,34278,-1,302317120.000,2,0,2,多平,S,4720.0000,4717.8000,4717.0000,4716.8000,4716.6000,4720.2000,4720.8000,4721.2000,4722.0000,4722.2000,9,1,1,1,2,2,4,2,2,1
SF,IC2003,2019-11-27 09:34:03.600,4720.2000,34276,-2,304205200.000,2,0,2,双平,S,4720.4000,4720.2000,4720.0000,4718.2000,4717.8000,4720.8000,4721.2000,4722.0000,4722.2000,4723.0000,1,5,9,1,1,2,1,2,1,2
SF,IC2003,2019-11-27 09:34:04.100,4720.8000,34274,-2,306093520.000,2,0,2,双平,S,4721.2000,4721.0000,4720.8000,4720.2000,4720.0000,4722.0000,4722.2000,4723.0000,4723.2000,4723.4000,2,1,5,1,9,2,1,2,1,1
SF,IC2003,2019-11-27 09:34:04.600,4720.8000,34274,0,306093520.000,0,-,-,-,-,4720.8000,4720.2000,4720.0000,4718.2000,4717.8000,4721.8000,4722.0000,4722.2000,4722.4000,4723.0000,3,1,9,1,1,2,2,1,1,2
SF,IC2003,2019-11-27 09:34:05.100,4721.8000,34274,0,307037880.000,1,0,1,多换,S,4720.8000,4720.2000,4720.0000,4719.4000,4718.2000,4721.8000,4722.8000,4723.0000,4723.2000,4723.4000,3,1,9,1,1,2,1,2,1,1
SF,IC2003,2019-11-27 09:34:05.600,4721.8000,34272,-2,309870960.000,3,0,3,多平,S,4721.8000,4721.0000,4720.8000,4720.4000,4720.2000,4723.0000,4723.2000,4723.4000,4723.6000,4723.8000,1,2,3,1,1,2,1,1,1,1
SF,IC2003,2019-11-27 09:34:06.100,4721.8000,34272,0,309870960.000,0,-,-,-,-,4721.8000,4720.8000,4720.4000,4720.2000,4720.0000,4722.8000,4723.0000,4723.2000,4723.4000,4723.6000,3,3,1,1,9,1,2,1,2,1
SF,IC2003,2019-11-27 09:34:06.600,4721.8000,34272,0,309870960.000,0,-,-,-,-,4720.8000,4720.4000,4720.2000,4720.0000,4719.4000,4722.8000,4723.0000,4723.4000,4723.6000,4723.8000,3,1,1,9,1,1,2,1,1,1
SF,IC2003,2019-11-27 09:34:07.100,4721.8000,34272,0,309870960.000,0,-,-,-,-,4721.0000,4720.8000,4720.4000,4720.2000,4720.0000,4722.8000,4723.0000,4723.4000,4723.6000,4723.8000,2,3,1,1,9,1,2,1,1,1
SF,IC2003,2019-11-27 09:34:07.600,4721.8000,34272,0,309870960.000,0,-,-,-,-,4721.0000,4720.8000,4720.4000,4720.2000,4720.0000,4722.6000,4722.8000,4723.0000,4723.4000,4723.6000,1,3,1,1,9,2,1,2,2,1
SF,IC2003,2019-11-27 09:34:08.100,4721.8000,34272,0,309870960.000,0,-,-,-,-,4721.4000,4720.8000,4720.4000,4720.2000,4720.0000,4722.6000,4723.0000,4723.4000,4723.6000,4723.8000,1,3,1,1,9,1,2,1,2,1
SF,IC2003,2019-11-27 09:34:08.600,4721.8000,34272,0,309870960.000,0,-,-,-,-,4720.8000,4720.4000,4720.2000,4720.0000,4719.4000,4722.4000,4722.6000,4723.0000,4723.4000,4723.6000,3,2,1,9,1,3,1,2,1,2
SF,IC2003,2019-11-27 09:34:09.100,4721.8000,34272,0,309870960.000,0,-,-,-,-,4720.8000,4720.4000,4720.2000,4720.0000,4719.4000,4722.2000,4722.4000,4722.6000,4723.0000,4723.4000,3,2,1,9,1,1,2,1,2,1
SF,IC2003,2019-11-27 09:34:09.600,4721.8000,34272,0,309870960.000,0,-,-,-,-,4721.0000,4720.8000,4720.4000,4720.2000,4720.0000,4722.6000,4723.0000,4723.4000,4723.6000,4723.8000,2,3,2,1,9,1,2,1,2,1
SF,IC2003,2019-11-27 09:34:10.100,4721.8000,34272,0,309870960.000,0,-,-,-,-,4721.0000,4720.8000,4720.4000,4720.2000,4720.0000,4722.6000,4723.0000,4723.4000,4723.6000,4723.8000,1,3,2,1,9,1,2,1,2,1
SF,IC2003,2019-11-27 09:34:10.600,4721.8000,34272,0,309870960.000,0,-,-,-,-,4721.0000,4720.8000,4720.4000,4720.2000,4720.0000,4722.4000,4722.6000,4723.0000,4723.4000,4723.6000,1,3,2,1,9,1,1,2,1,2
SF,IC2003,2019-11-27 09:34:11.100,4721.8000,34272,0,309870960.000,0,-,-,-,-,4721.0000,4720.8000,4720.4000,4720.2000,4720.0000,4722.2000,4722.4000,4722.6000,4723.0000,4723.4000,1,3,2,1,9,3,1,1,2,1
SF,IC2003,2019-11-27 09:34:11.600,4721.8000,34272,0,309870960.000,0,-,-,-,-,4721.0000,4720.8000,4720.4000,4720.2000,4720.0000,4722.0000,4722.2000,4723.0000,4723.4000,4723.6000,1,3,2,1,9,2,3,2,1,2
SF,IC2003,2019-11-27 09:34:12.100,4721.8000,34272,0,309870960.000,0,-,-,-,-,4721.0000,4720.8000,4720.4000,4720.2000,4720.0000,4721.6000,4721.8000,4722.0000,4722.2000,4723.0000,1,3,2,1,9,2,1,2,3,2
SF,IC2003,2019-11-27 09:34:12.600,4720.8000,34269,-3,312703480.000,3,0,3,双平,S,4720.8000,4720.4000,4720.2000,4720.0000,4719.4000,4721.6000,4722.0000,4722.2000,4723.0000,4723.4000,1,2,1,9,1,2,2,3,2,1
SF,IC2003,2019-11-27 09:34:13.100,4720.8000,34269,0,313647640.000,1,0,1,多换,S,4720.4000,4720.2000,4720.0000,4719.4000,4718.2000,4721.4000,4721.6000,4722.2000,4723.0000,4723.4000,2,1,9,1,1,2,2,2,2,1
SF,IC2003,2019-11-27 09:34:13.600,4720.8000,34269,0,313647640.000,0,-,-,-,-,4720.4000,4720.0000,4718.2000,4717.8000,4717.0000,4721.4000,4721.6000,4722.2000,4723.0000,4723.4000,2,9,1,1,1,3,2,1,2,1
SF,IC2003,2019-11-27 09:34:14.100,4720.8000,34269,0,313647640.000,0,-,-,-,-,4720.4000,4720.0000,4718.2000,4717.8000,4717.0000,4721.2000,4721.4000,4721.6000,4722.2000,4723.0000,2,9,1,1,1,1,1,2,1,2
SF,IC2003,2019-11-27 09:34:14.600,4721.2000,34269,0,314591880.000,1,0,1,多换,S,4721.2000,4720.4000,4720.0000,4718.2000,4717.8000,4721.4000,4722.2000,4723.0000,4723.4000,4723.6000,1,2,9,1,1,1,1,2,1,2
SF,IC2003,2019-11-27 09:34:15.100,4721.2000,34269,0,315536120.000,1,0,1,多换,S,4720.4000,4720.0000,4718.2000,4717.8000,4717.0000,4721.4000,4722.2000,4723.0000,4723.4000,4723.6000,2,9,1,1,1,1,1,2,1,2
SF,IC2003,2019-11-27 09:34:15.600,4721.2000,34269,0,315536120.000,0,-,-,-,-,4720.4000,4720.0000,4718.2000,4717.8000,4717.0000,4721.2000,4722.2000,4723.0000,4723.4000,4723.6000,2,9,1,1,1,1,1,2,1,2
SF,IC2003,2019-11-27 09:34:16.100,4721.2000,34269,0,315536120.000,0,-,-,-,-,4720.4000,4720.0000,4718.2000,4717.8000,4717.0000,4721.0000,4721.2000,4722.2000,4723.0000,4723.4000,2,9,1,1,1,1,1,1,2,1
SF,IC2003,2019-11-27 09:34:16.600,4720.4000,34270,1,320256760.000,5,3,2,空开,S,4721.0000,4720.0000,4718.2000,4717.8000,4717.0000,4721.2000,4722.2000,4723.0000,4723.4000,4723.6000,1,9,1,1,1,1,1,2,1,2
SF,IC2003,2019-11-27 09:34:17.600,4720.4000,34270,0,320256760.000,0,-,-,-,-,4721.0000,4720.0000,4718.2000,4717.8000,4717.0000,4721.2000,4722.2000,4723.0000,4723.4000,4723.6000,2,9,1,1,1,1,1,2,1,2
SF,IC2003,2019-11-27 09:34:18.100,4721.2000,34269,-1,321201000.000,1,0,1,双平,S,4721.4000,4721.2000,4721.0000,4720.0000,4719.4000,4723.0000,4723.4000,4723.6000,4723.8000,4725.0000,2,6,2,9,1,2,1,2,1,1
