市场代码,合约代码,时间,最新,持仓,增仓,成交额,成交量,开仓,平仓,成交类型,方向,买一价,买二价,买三价,买四价,买五价,卖一价,卖二价,卖三价,卖四价,卖五价,买一量,买二量,买三量,买四量,买五量,卖一量,卖二量,卖三量,卖四量,卖五量
SF,IC2001,2019-12-03 09:29:00.000,4844.8000,5974,0,968960.000,1.000,-,-,-,-,4842.4000,4829.6000,4828.2000,4828.0000,4827.8000,4845.0000,4852.4000,4853.0000,4855.2000,4858.0000,1,1,1,6,3,1,1,1,1,2
SF,IC2001,2019-12-03 09:30:00.500,4845.0000,5974,0,1937960.000,1,0,1,多换,S,4844.8000,4844.4000,4842.4000,4841.0000,4838.0000,4847.8000,4848.0000,4848.2000,4849.4000,4850.0000,1,1,1,2,1,1,1,1,1,1
SF,IC2001,2019-12-03 09:30:01.000,4845.0000,5974,0,1937960.000,0,-,-,-,-,4845.0000,4844.8000,4844.0000,4842.8000,4842.4000,4847.6000,4847.8000,4848.0000,4848.2000,4849.0000,1,1,1,1,1,3,1,1,1,1
SF,IC2001,2019-12-03 09:30:01.500,4844.8000,5975,1,2906920.000,1,1,0,双开,S,4844.0000,4842.8000,4842.4000,4841.4000,4841.0000,4846.2000,4847.4000,4847.6000,4847.8000,4848.0000,1,1,1,1,2,1,3,3,1,1
SF,IC2001,2019-12-03 09:30:02.000,4844.0000,5974,-1,4844520.000,2,0,2,多平,S,4842.8000,4842.4000,4841.4000,4841.0000,4838.0000,4843.0000,4846.0000,4847.4000,4847.6000,4847.8000,2,1,1,2,1,20,2,4,2,1
SF,IC2001,2019-12-03 09:30:02.500,4843.0000,5974,0,17436320.000,13,6,7,多换,S,4842.4000,4841.4000,4841.0000,4838.0000,4837.2000,4843.0000,4845.6000,4845.8000,4846.0000,4847.4000,1,1,2,1,5,7,1,1,2,3
SF,IC2001,2019-12-03 09:30:03.000,4843.0000,5975,1,20342120.000,3,2,1,空开,S,4842.6000,4842.4000,4841.4000,4841.2000,4841.0000,4843.0000,4845.6000,4845.8000,4846.0000,4847.4000,1,3,1,1,2,4,1,1,2,3
SF,IC2001,2019-12-03 09:30:03.500,4843.0000,5975,0,20342120.000,0,-,-,-,-,4842.4000,4841.4000,4841.2000,4841.0000,4838.0000,4842.8000,4843.0000,4844.4000,4845.0000,4845.6000,2,1,1,2,1,1,4,1,1,1
SF,IC2001,2019-12-03 09:30:05.000,4843.0000,5975,0,20342120.000,0,-,-,-,-,4842.4000,4841.4000,4841.0000,4840.0000,4838.0000,4842.8000,4843.0000,4844.4000,4845.0000,4845.6000,2,1,2,1,1,1,4,1,1,1
SF,IC2001,2019-12-03 09:30:05.500,4842.4000,5974,-1,22279080.000,2,0,2,多平,S,4841.4000,4841.0000,4840.0000,4838.0000,4837.0000,4843.0000,4844.4000,4845.0000,4845.6000,4845.8000,1,2,1,1,1,4,1,1,1,1
SF,IC2001,2019-12-03 09:30:06.000,4842.4000,5974,0,22279080.000,0,-,-,-,-,4841.4000,4841.0000,4840.0000,4838.0000,4837.0000,4842.8000,4843.0000,4844.4000,4845.0000,4845.6000,1,2,1,1,1,1,4,1,1,1
SF,IC2001,2019-12-03 09:30:06.500,4842.4000,5974,0,22279080.000,0,-,-,-,-,4841.4000,4841.0000,4840.0000,4838.0000,4837.0000,4842.8000,4844.4000,4845.0000,4845.6000,4845.8000,1,2,1,1,1,1,1,1,1,1
SF,IC2001,2019-12-03 09:30:08.000,4841.4000,5975,1,23247360.000,1,1,0,双开,S,4841.0000,4840.0000,4838.0000,4837.0000,4831.4000,4842.8000,4844.4000,4845.0000,4845.6000,4845.8000,2,1,1,1,5,1,1,1,1,1
SF,IC2001,2019-12-03 09:30:09.000,4841.4000,5975,0,23247360.000,0,-,-,-,-,4841.0000,4838.8000,4838.0000,4837.0000,4831.4000,4842.6000,4842.8000,4843.2000,4844.4000,4845.0000,2,1,1,1,5,1,1,1,1,2
SF,IC2001,2019-12-03 09:30:09.500,4841.0000,5974,-1,24215560.000,1,0,1,双平,S,4841.0000,4838.8000,4838.0000,4837.0000,4831.4000,4841.4000,4842.6000,4843.2000,4844.4000,4845.0000,1,1,1,1,5,4,1,1,1,2
SF,IC2001,2019-12-03 09:30:10.000,4841.0000,5974,0,24215560.000,0,-,-,-,-,4841.0000,4838.8000,4838.0000,4837.0000,4831.4000,4841.2000,4841.4000,4843.2000,4844.4000,4845.0000,2,1,1,1,5,1,4,1,1,2
SF,IC2001,2019-12-03 09:30:10.500,4841.0000,5973,-1,26151960.000,2,0,2,多平,S,4838.8000,4838.0000,4837.0000,4831.4000,4830.0000,4841.4000,4843.2000,4844.4000,4845.0000,4845.6000,1,1,1,5,1,4,1,1,2,1
SF,IC2001,2019-12-03 09:30:11.000,4841.0000,5973,0,26151960.000,0,-,-,-,-,4839.2000,4839.0000,4838.8000,4838.0000,4837.0000,4840.8000,4841.2000,4841.4000,4843.2000,4844.4000,2,2,1,1,1,1,1,4,1,1
SF,IC2001,2019-12-03 09:30:11.500,4841.0000,5973,0,26151960.000,0,-,-,-,-,4839.2000,4839.0000,4838.8000,4838.0000,4837.0000,4840.6000,4840.8000,4841.4000,4842.0000,4843.2000,1,2,1,1,1,1,1,4,1,1
SF,IC2001,2019-12-03 09:30:12.000,4841.0000,5973,0,26151960.000,0,-,-,-,-,4839.2000,4839.0000,4838.8000,4838.0000,4837.0000,4840.6000,4841.4000,4842.0000,4843.2000,4844.4000,2,1,1,1,1,1,4,1,1,1
SF,IC2001,2019-12-03 09:30:12.500,4841.0000,5973,0,26151960.000,0,-,-,-,-,4838.8000,4838.0000,4837.0000,4831.4000,4830.0000,4840.6000,4841.4000,4842.0000,4843.2000,4844.4000,1,1,1,5,1,1,4,1,1,1
SF,IC2001,2019-12-03 09:30:13.000,4841.0000,5973,0,26151960.000,0,-,-,-,-,4839.0000,4838.8000,4838.0000,4837.0000,4831.4000,4840.6000,4841.4000,4842.0000,4843.2000,4844.4000,1,1,1,1,5,1,4,1,1,1
SF,IC2001,2019-12-03 09:30:13.500,4841.0000,5973,0,26151960.000,0,-,-,-,-,4838.0000,4837.6000,4837.0000,4831.4000,4830.0000,4840.6000,4841.4000,4842.0000,4843.2000,4844.4000,1,1,1,5,1,1,4,1,1,1
SF,IC2001,2019-12-03 09:30:14.000,4841.0000,5973,0,26151960.000,0,-,-,-,-,4838.2000,4838.0000,4837.6000,4837.0000,4831.4000,4840.6000,4840.8000,4841.4000,4842.0000,4843.2000,3,1,1,1,5,1,1,4,1,1
SF,IC2001,2019-12-03 09:30:14.500,4841.0000,5973,0,26151960.000,0,-,-,-,-,4838.0000,4837.6000,4837.0000,4831.4000,4830.0000,4840.4000,4840.6000,4840.8000,4841.4000,4842.0000,1,1,1,5,1,1,1,1,4,1
SF,IC2001,2019-12-03 09:30:15.000,4841.0000,5973,0,26151960.000,0,-,-,-,-,4838.0000,4837.6000,4837.0000,4831.4000,4830.0000,4840.2000,4840.4000,4840.8000,4841.4000,4842.0000,1,1,1,5,1,1,1,1,4,1
SF,IC2001,2019-12-03 09:30:15.500,4841.0000,5973,0,26151960.000,0,-,-,-,-,4838.0000,4837.6000,4837.0000,4831.4000,4830.0000,4840.0000,4840.2000,4840.8000,4842.0000,4843.0000,1,1,1,5,1,1,1,1,1,5
SF,IC2001,2019-12-03 09:30:16.000,4841.0000,5973,0,26151960.000,0,-,-,-,-,4838.0000,4837.6000,4837.0000,4831.4000,4830.0000,4839.8000,4840.0000,4840.8000,4842.0000,4843.0000,1,1,1,5,1,1,1,1,1,5
SF,IC2001,2019-12-03 09:30:16.500,4841.0000,5973,0,26151960.000,0,-,-,-,-,4838.0000,4837.0000,4836.4000,4831.4000,4830.0000,4839.8000,4840.0000,4840.8000,4842.0000,4843.0000,1,1,1,5,1,1,1,1,1,5
SF,IC2001,2019-12-03 09:30:17.000,4841.0000,5973,0,26151960.000,0,-,-,-,-,4838.0000,4837.0000,4836.4000,4831.4000,4830.0000,4839.8000,4840.0000,4840.8000,4842.0000,4843.0000,1,1,1,5,1,1,1,1,1,5
SF,IC2001,2019-12-03 09:30:17.500,4838.0000,5974,1,27119560.000,1,1,0,双开,S,4837.0000,4836.4000,4831.4000,4830.0000,4828.0000,4839.8000,4840.0000,4840.8000,4842.0000,4843.0000,1,1,5,1,6,1,1,1,1,5
SF,IC2001,2019-12-03 09:30:18.000,4838.0000,5974,0,27119560.000,0,-,-,-,-,4837.8000,4837.6000,4837.4000,4837.2000,4837.0000,4839.8000,4840.8000,4842.0000,4843.2000,4844.4000,2,1,2,3,1,1,1,1,1,1
SF,IC2001,2019-12-03 09:30:18.500,4838.0000,5974,0,30989960.000,4,2,2,多换,S,4838.4000,4838.0000,4837.8000,4837.6000,4837.4000,4840.8000,4842.0000,4843.2000,4844.4000,4845.0000,1,1,2,1,2,1,1,1,1,2
SF,IC2001,2019-12-03 09:30:19.000,4838.0000,5974,0,30989960.000,0,-,-,-,-,4838.6000,4838.4000,4838.2000,4838.0000,4837.4000,4840.6000,4840.8000,4842.0000,4843.2000,4844.4000,2,2,1,3,2,1,1,1,1,1
SF,IC2001,2019-12-03 09:30:19.500,4840.6000,5973,-1,31958080.000,1,0,1,双平,S,4838.6000,4838.4000,4838.2000,4838.0000,4837.4000,4840.8000,4842.0000,4843.0000,4843.2000,4844.4000,1,3,1,3,2,1,1,2,1,1
SF,IC2001,2019-12-03 09:30:20.000,4840.6000,5973,0,31958080.000,0,-,-,-,-,4838.4000,4838.0000,4837.4000,4837.2000,4837.0000,4840.6000,4840.8000,4842.0000,4843.0000,4843.2000,2,1,2,2,1,1,1,1,2,1
SF,IC2001,2019-12-03 09:30:20.500,4840.6000,5973,0,31958080.000,0,-,-,-,-,4838.4000,4838.0000,4837.4000,4837.2000,4837.0000,4840.6000,4840.8000,4842.0000,4843.0000,4843.2000,2,1,2,2,1,2,1,1,2,1
SF,IC2001,2019-12-03 09:30:21.000,4840.6000,5973,0,31958080.000,0,-,-,-,-,4838.4000,4837.4000,4837.2000,4837.0000,4836.4000,4839.6000,4840.6000,4840.8000,4842.0000,4843.0000,2,2,2,1,1,1,2,1,1,2
SF,IC2001,2019-12-03 09:30:21.500,4840.6000,5973,0,31958080.000,0,-,-,-,-,4838.4000,4837.4000,4837.2000,4837.0000,4836.4000,4840.6000,4840.8000,4842.0000,4843.0000,4843.2000,2,2,1,1,1,2,1,1,2,1
SF,IC2001,2019-12-03 09:30:22.000,4840.6000,5973,0,31958080.000,0,-,-,-,-,4838.4000,4837.4000,4837.0000,4836.4000,4831.4000,4840.2000,4840.4000,4840.6000,4840.8000,4842.0000,2,1,1,1,5,1,1,2,1,1
SF,IC2001,2019-12-03 09:30:22.500,4840.6000,5973,0,31958080.000,0,-,-,-,-,4838.4000,4837.4000,4837.0000,4836.4000,4831.4000,4839.2000,4840.0000,4840.2000,4840.4000,4840.6000,1,1,1,1,5,1,1,1,1,1
SF,IC2001,2019-12-03 09:30:23.000,4840.6000,5973,0,31958080.000,0,-,-,-,-,4838.6000,4838.4000,4837.0000,4836.4000,4831.4000,4840.4000,4840.6000,4840.8000,4842.0000,4843.0000,1,1,1,1,5,1,1,1,1,2
SF,IC2001,2019-12-03 09:30:23.500,4840.6000,5973,0,31958080.000,0,-,-,-,-,4839.2000,4838.6000,4838.4000,4837.0000,4836.4000,4840.8000,4842.0000,4843.0000,4843.2000,4844.4000,1,1,1,1,1,1,1,2,1,1
SF,IC2001,2019-12-03 09:30:24.000,4840.6000,5973,0,31958080.000,0,-,-,-,-,4839.2000,4838.6000,4838.4000,4837.6000,4837.0000,4840.6000,4840.8000,4842.0000,4843.0000,4843.2000,1,1,1,1,1,1,1,1,2,1
SF,IC2001,2019-12-03 09:30:24.500,4839.4000,5971,-2,33894080.000,2,0,2,双平,S,4839.4000,4839.2000,4838.4000,4837.6000,4837.0000,4843.0000,4843.2000,4844.4000,4845.0000,4845.8000,2,2,1,1,1,2,1,1,2,1
SF,IC2001,2019-12-03 09:30:25.000,4839.4000,5970,-1,34861960.000,1,0,1,双平,S,4839.2000,4838.4000,4837.6000,4837.0000,4836.4000,4840.6000,4841.8000,4842.4000,4842.6000,4842.8000,1,1,1,1,1,1,1,1,1,1
SF,IC2001,2019-12-03 09:30:25.500,4839.4000,5970,0,34861960.000,0,-,-,-,-,4839.6000,4839.4000,4839.2000,4838.4000,4837.6000,4842.4000,4842.6000,4842.8000,4843.0000,4843.2000,1,2,2,1,1,1,1,2,2,1
SF,IC2001,2019-12-03 09:30:26.000,4839.4000,5970,0,34861960.000,0,-,-,-,-,4839.6000,4839.4000,4839.2000,4838.4000,4837.6000,4842.2000,4842.4000,4842.6000,4842.8000,4843.0000,1,2,2,1,1,2,1,1,1,2
SF,IC2001,2019-12-03 09:30:26.500,4839.4000,5970,0,34861960.000,0,-,-,-,-,4839.8000,4839.6000,4839.2000,4838.4000,4837.6000,4842.2000,4842.4000,4842.6000,4842.8000,4843.0000,1,1,1,1,1,1,1,1,1,2
SF,IC2001,2019-12-03 09:30:27.000,4839.4000,5970,0,34861960.000,0,-,-,-,-,4839.6000,4839.2000,4838.8000,4838.4000,4837.6000,4839.8000,4842.2000,4842.4000,4842.6000,4842.8000,1,1,1,1,1,1,1,1,1,1
SF,IC2001,2019-12-03 09:30:27.500,4839.8000,5969,-1,35829920.000,1,0,1,双平,S,4839.8000,4839.6000,4839.2000,4838.8000,4838.4000,4842.2000,4842.4000,4842.6000,4842.8000,4843.0000,1,1,1,2,1,1,1,1,1,2
SF,IC2001,2019-12-03 09:30:28.000,4839.8000,5969,0,35829920.000,0,-,-,-,-,4840.0000,4839.8000,4839.6000,4839.2000,4838.8000,4842.2000,4842.4000,4842.6000,4842.8000,4843.0000,3,1,1,1,2,1,1,1,1,2
SF,IC2001,2019-12-03 09:30:28.500,4839.8000,5969,0,35829920.000,0,-,-,-,-,4840.2000,4840.0000,4839.8000,4839.6000,4839.2000,4842.2000,4842.8000,4843.0000,4843.2000,4844.4000,2,3,1,1,1,1,1,2,1,1
SF,IC2001,2019-12-03 09:30:29.000,4839.8000,5969,0,35829920.000,0,-,-,-,-,4840.2000,4840.0000,4839.8000,4839.2000,4838.8000,4842.2000,4842.8000,4843.0000,4843.2000,4844.4000,3,3,1,1,2,1,1,2,1,1
SF,IC2001,2019-12-03 09:30:31.000,4842.2000,5968,-1,36798360.000,1,0,1,双平,S,4842.2000,4841.2000,4840.6000,4840.4000,4840.2000,4843.0000,4843.2000,4844.4000,4845.0000,4847.4000,1,1,3,3,1,2,1,1,2,1
SF,IC2001,2019-12-03 09:30:31.500,4841.2000,5966,-2,38735040.000,2,0,2,双平,S,4840.6000,4840.2000,4840.0000,4839.8000,4839.2000,4842.0000,4842.2000,4842.8000,4843.0000,4843.2000,1,1,3,1,1,1,1,1,2,1
SF,IC2001,2019-12-03 09:30:32.000,4841.2000,5966,0,38735040.000,0,-,-,-,-,4840.6000,4840.2000,4840.0000,4839.8000,4839.2000,4842.2000,4842.8000,4843.0000,4843.2000,4844.4000,2,1,2,1,1,1,1,2,1,1
SF,IC2001,2019-12-03 09:30:33.500,4842.2000,5966,0,39703480.000,1,0,1,多换,S,4842.0000,4840.6000,4840.2000,4840.0000,4839.8000,4842.8000,4843.0000,4843.2000,4844.4000,4845.0000,1,2,1,2,1,1,2,1,1,2
SF,IC2001,2019-12-03 09:30:34.000,4842.2000,5966,0,39703480.000,0,-,-,-,-,4842.0000,4840.6000,4840.2000,4840.0000,4839.8000,4842.2000,4843.0000,4843.2000,4844.4000,4845.0000,1,2,1,2,1,1,2,1,1,2
SF,IC2001,2019-12-03 09:30:34.500,4842.2000,5965,-1,40671920.000,1,0,1,双平,S,4842.0000,4840.6000,4840.0000,4839.8000,4839.2000,4843.0000,4843.2000,4844.4000,4845.0000,4847.4000,1,2,2,1,1,2,1,1,2,1
SF,IC2001,2019-12-03 09:30:35.000,4842.0000,5965,0,41640320.000,1,0,1,多换,S,4840.6000,4840.0000,4839.8000,4839.2000,4838.8000,4843.0000,4843.2000,4844.4000,4845.0000,4847.4000,2,2,1,1,2,3,1,1,2,1
SF,IC2001,2019-12-03 09:30:35.500,4842.0000,5965,0,41640320.000,0,-,-,-,-,4840.8000,4840.6000,4840.0000,4839.8000,4839.2000,4843.0000,4843.2000,4844.4000,4845.0000,4847.4000,2,2,2,1,1,3,1,1,2,1
SF,IC2001,2019-12-03 09:30:36.000,4842.0000,5965,0,41640320.000,0,-,-,-,-,4841.0000,4840.8000,4840.6000,4840.0000,4839.8000,4843.0000,4843.2000,4844.4000,4845.0000,4847.4000,1,2,1,2,1,3,1,1,2,1
SF,IC2001,2019-12-03 09:30:36.500,4842.0000,5965,0,41640320.000,0,-,-,-,-,4841.0000,4840.8000,4840.6000,4840.2000,4840.0000,4843.0000,4843.2000,4844.4000,4845.0000,4847.4000,1,2,1,1,2,3,1,1,2,1
SF,IC2001,2019-12-03 09:30:37.000,4842.0000,5965,0,41640320.000,0,-,-,-,-,4839.8000,4839.2000,4838.8000,4838.4000,4838.0000,4841.0000,4842.6000,4842.8000,4843.0000,4843.2000,1,1,2,1,1,1,2,2,3,1
SF,IC2001,2019-12-03 09:30:37.500,4842.0000,5965,0,41640320.000,0,-,-,-,-,4840.8000,4840.6000,4840.4000,4840.2000,4840.0000,4843.0000,4843.2000,4844.4000,4845.0000,4847.4000,2,1,1,1,4,3,1,1,2,1
SF,IC2001,2019-12-03 09:30:38.000,4842.0000,5965,0,41640320.000,0,-,-,-,-,4840.0000,4839.8000,4839.2000,4838.8000,4838.4000,4843.0000,4843.2000,4844.4000,4845.0000,4847.4000,1,1,1,2,1,3,1,1,2,1
SF,IC2001,2019-12-03 09:30:38.500,4842.0000,5965,0,41640320.000,0,-,-,-,-,4840.0000,4839.8000,4839.2000,4838.8000,4838.4000,4841.4000,4842.0000,4842.8000,4843.0000,4843.2000,1,1,1,2,1,1,2,3,3,1
SF,IC2001,2019-12-03 09:30:39.000,4840.0000,5964,-1,42608320.000,1,0,1,双平,S,4839.8000,4839.2000,4838.8000,4838.4000,4838.0000,4842.0000,4842.8000,4843.0000,4843.2000,4844.4000,1,1,2,1,1,2,3,3,1,1
SF,IC2001,2019-12-03 09:30:39.500,4840.0000,5964,0,42608320.000,0,-,-,-,-,4839.8000,4839.2000,4838.8000,4838.4000,4838.0000,4841.8000,4842.0000,4842.8000,4843.0000,4843.2000,1,1,2,1,1,1,2,3,2,1
SF,IC2001,2019-12-03 09:30:40.000,4839.8000,5964,0,43576280.000,1,0,1,多换,S,4839.8000,4839.2000,4838.8000,4838.4000,4838.0000,4841.8000,4842.0000,4842.8000,4843.0000,4843.2000,1,1,2,1,1,1,2,3,2,1
SF,IC2001,2019-12-03 09:30:40.500,4839.8000,5964,0,43576280.000,0,-,-,-,-,4839.8000,4839.2000,4838.8000,4838.4000,4838.0000,4840.6000,4841.8000,4842.0000,4842.8000,4843.0000,1,1,2,1,1,1,1,3,3,2
SF,IC2001,2019-12-03 09:30:41.000,4839.8000,5964,0,43576280.000,0,-,-,-,-,4839.8000,4839.2000,4838.8000,4838.4000,4838.0000,4841.8000,4842.0000,4842.8000,4843.0000,4843.2000,1,1,2,1,1,1,3,2,2,1
SF,IC2001,2019-12-03 09:30:41.500,4839.8000,5964,0,43576280.000,0,-,-,-,-,4839.8000,4839.2000,4838.8000,4838.4000,4838.0000,4841.6000,4841.8000,4842.0000,4842.8000,4843.0000,1,1,2,1,1,1,1,3,2,2
SF,IC2001,2019-12-03 09:30:42.000,4839.8000,5964,0,43576280.000,0,-,-,-,-,4839.8000,4839.2000,4838.8000,4838.4000,4838.0000,4840.8000,4841.8000,4842.0000,4842.8000,4843.0000,2,1,2,1,1,1,1,3,2,2
SF,IC2001,2019-12-03 09:30:42.500,4839.8000,5964,0,43576280.000,0,-,-,-,-,4839.8000,4839.2000,4838.8000,4838.4000,4838.0000,4840.8000,4842.0000,4842.8000,4843.0000,4843.2000,1,1,2,1,1,1,3,2,2,1
SF,IC2001,2019-12-03 09:30:43.000,4839.8000,5964,0,43576280.000,0,-,-,-,-,4839.8000,4839.2000,4838.8000,4838.4000,4838.0000,4840.8000,4842.0000,4842.8000,4843.0000,4843.2000,1,1,2,1,1,1,3,2,2,1
SF,IC2001,2019-12-03 09:30:43.500,4839.8000,5963,-1,44544240.000,1,0,1,双平,S,4839.2000,4838.8000,4838.4000,4838.0000,4837.6000,4840.0000,4840.8000,4842.0000,4842.8000,4843.0000,1,1,1,1,1,1,1,3,2,2
SF,IC2001,2019-12-03 09:30:44.000,4839.8000,5963,0,44544240.000,0,-,-,-,-,4839.2000,4838.8000,4838.4000,4838.0000,4837.6000,4839.8000,4840.8000,4842.0000,4842.8000,4843.0000,1,1,1,1,1,1,1,3,2,2
SF,IC2001,2019-12-03 09:30:45.500,4839.8000,5963,0,44544240.000,0,-,-,-,-,4839.2000,4838.8000,4838.4000,4838.0000,4837.6000,4840.8000,4842.0000,4842.8000,4843.0000,4843.2000,1,1,1,1,1,1,3,2,2,1
SF,IC2001,2019-12-03 09:30:46.000,4839.8000,5963,0,44544240.000,0,-,-,-,-,4839.2000,4838.8000,4838.4000,4838.0000,4837.6000,4839.6000,4840.8000,4842.0000,4842.8000,4843.0000,1,1,1,1,1,1,1,3,2,2
SF,IC2001,2019-12-03 09:30:46.500,4839.2000,5962,-1,45512080.000,1,0,1,双平,S,4838.8000,4838.4000,4838.0000,4837.6000,4837.0000,4839.2000,4840.4000,4840.6000,4840.8000,4842.0000,1,1,1,1,1,1,1,2,1,3
SF,IC2001,2019-12-03 09:30:47.000,4838.8000,5962,0,46479840.000,1,0,1,多换,S,4838.4000,4838.0000,4837.0000,4836.4000,4831.4000,4840.4000,4840.6000,4840.8000,4842.0000,4842.8000,1,1,1,1,5,1,2,1,3,2
SF,IC2001,2019-12-03 09:30:47.500,4838.8000,5962,0,46479840.000,0,-,-,-,-,4838.4000,4838.0000,4837.0000,4836.4000,4831.4000,4838.8000,4840.2000,4840.4000,4840.6000,4842.0000,1,1,1,1,5,1,2,1,2,3
SF,IC2001,2019-12-03 09:30:48.000,4838.8000,5961,-1,47447600.000,1,0,1,双平,S,4838.4000,4838.0000,4837.0000,4836.4000,4831.4000,4840.2000,4840.4000,4840.6000,4842.0000,4842.8000,1,1,1,1,5,2,1,1,3,1
SF,IC2001,2019-12-03 09:30:48.500,4838.8000,5961,0,47447600.000,0,-,-,-,-,4838.4000,4838.0000,4837.0000,4836.4000,4831.4000,4840.2000,4840.4000,4840.6000,4842.0000,4842.8000,2,1,1,1,5,2,1,1,3,1
SF,IC2001,2019-12-03 09:30:49.000,4838.8000,5961,0,47447600.000,0,-,-,-,-,4838.4000,4838.0000,4837.0000,4836.4000,4831.4000,4840.0000,4840.2000,4840.4000,4840.6000,4842.0000,1,1,1,1,5,1,2,1,1,3
SF,IC2001,2019-12-03 09:30:49.500,4838.8000,5961,0,47447600.000,0,-,-,-,-,4838.4000,4838.0000,4837.0000,4836.4000,4831.4000,4839.8000,4840.0000,4840.2000,4840.4000,4840.6000,1,1,1,1,5,1,1,1,1,1
SF,IC2001,2019-12-03 09:30:50.000,4838.8000,5961,0,47447600.000,0,-,-,-,-,4838.4000,4838.0000,4837.0000,4836.4000,4831.4000,4839.8000,4840.0000,4840.2000,4840.4000,4840.6000,1,1,1,1,5,1,1,1,1,1
SF,IC2001,2019-12-03 09:30:50.500,4838.8000,5961,0,47447600.000,0,-,-,-,-,4838.4000,4838.0000,4837.0000,4836.4000,4831.4000,4839.6000,4839.8000,4840.2000,4840.4000,4840.6000,1,1,1,1,5,1,1,1,1,1
SF,IC2001,2019-12-03 09:30:51.000,4838.8000,5961,0,47447600.000,0,-,-,-,-,4838.4000,4838.0000,4837.0000,4836.4000,4831.4000,4839.8000,4840.2000,4840.4000,4840.6000,4842.0000,1,1,1,1,5,1,1,1,1,3
SF,IC2001,2019-12-03 09:30:52.000,4838.8000,5961,0,47447600.000,0,-,-,-,-,4838.6000,4838.4000,4838.0000,4837.6000,4837.0000,4839.8000,4840.4000,4842.0000,4842.8000,4843.0000,2,2,1,1,1,1,1,3,1,2
SF,IC2001,2019-12-03 09:30:52.500,4838.8000,5961,0,47447600.000,0,-,-,-,-,4839.0000,4838.4000,4838.0000,4837.6000,4837.0000,4839.8000,4840.4000,4842.0000,4842.8000,4843.0000,1,1,1,1,1,1,1,3,1,2
SF,IC2001,2019-12-03 09:30:54.000,4838.8000,5961,0,47447600.000,0,-,-,-,-,4839.0000,4838.4000,4838.0000,4837.6000,4837.0000,4839.8000,4842.0000,4842.8000,4843.0000,4843.2000,1,1,1,1,1,1,3,1,2,1
SF,IC2001,2019-12-03 09:30:54.500,4838.8000,5961,0,47447600.000,0,-,-,-,-,4839.0000,4838.4000,4838.0000,4837.6000,4837.0000,4840.0000,4842.0000,4842.8000,4843.0000,4843.2000,1,1,1,1,1,1,3,1,2,1
SF,IC2001,2019-12-03 09:30:55.000,4840.0000,5961,0,48415600.000,1,0,1,多换,S,4839.8000,4839.6000,4839.4000,4839.2000,4839.0000,4842.0000,4842.8000,4843.0000,4843.2000,4844.4000,2,2,2,1,3,3,1,2,1,1
SF,IC2001,2019-12-03 09:30:55.500,4840.0000,5961,0,48415600.000,0,-,-,-,-,4839.4000,4839.0000,4838.4000,4838.0000,4837.6000,4841.8000,4842.0000,4842.8000,4843.0000,4843.2000,1,3,1,1,1,1,3,1,2,1
SF,IC2001,2019-12-03 09:30:56.000,4840.0000,5961,0,48415600.000,0,-,-,-,-,4839.6000,4839.4000,4839.0000,4838.4000,4838.0000,4841.8000,4842.0000,4842.8000,4843.0000,4843.2000,1,1,2,1,1,1,3,1,2,1
SF,IC2001,2019-12-03 09:30:57.000,4840.0000,5961,0,48415600.000,0,-,-,-,-,4840.2000,4840.0000,4839.8000,4839.6000,4839.4000,4841.8000,4842.0000,4842.8000,4843.0000,4843.2000,2,1,1,1,1,1,3,1,2,1
SF,IC2001,2019-12-03 09:30:57.500,4840.0000,5961,0,48415600.000,0,-,-,-,-,4839.6000,4839.4000,4839.2000,4839.0000,4838.4000,4841.8000,4842.0000,4842.8000,4843.0000,4843.2000,1,1,1,2,1,1,3,1,2,1
SF,IC2001,2019-12-03 09:30:58.000,4840.0000,5961,0,48415600.000,0,-,-,-,-,4839.8000,4839.6000,4839.4000,4839.2000,4839.0000,4841.8000,4842.0000,4842.8000,4843.0000,4843.2000,2,1,1,1,2,1,3,1,2,1
SF,IC2001,2019-12-03 09:30:58.500,4840.0000,5961,0,48415600.000,0,-,-,-,-,4839.6000,4839.4000,4839.0000,4838.4000,4838.0000,4841.8000,4842.0000,4842.8000,4843.0000,4843.2000,1,1,2,1,1,1,3,1,2,1
SF,IC2001,2019-12-03 09:30:59.500,4839.6000,5961,0,49383520.000,1,0,1,多换,S,4839.0000,4838.4000,4838.0000,4837.0000,4836.4000,4839.6000,4840.4000,4841.4000,4841.6000,4841.8000,1,1,1,1,1,1,3,1,2,1
SF,IC2001,2019-12-03 09:31:00.000,4840.2000,5959,-2,53255640.000,4,1,3,多平,S,4840.0000,4839.8000,4839.6000,4839.4000,4839.2000,4841.8000,4842.0000,4843.0000,4843.2000,4844.4000,1,6,6,1,6,1,2,2,1,1
SF,IC2001,2019-12-03 09:31:00.500,4840.2000,5959,0,53255640.000,0,-,-,-,-,4840.0000,4839.8000,4839.6000,4839.4000,4839.2000,4841.4000,4841.8000,4842.0000,4843.0000,4843.2000,1,1,1,1,1,1,1,2,2,1
SF,IC2001,2019-12-03 09:31:01.000,4839.0000,5958,-1,58095200.000,5,2,3,多平,S,4838.4000,4838.0000,4837.0000,4836.4000,4831.4000,4839.8000,4840.0000,4840.2000,4840.4000,4840.6000,1,1,1,1,5,1,3,2,2,1
SF,IC2001,2019-12-03 09:31:01.500,4839.0000,5958,0,58095200.000,0,-,-,-,-,4838.6000,4838.4000,4838.0000,4837.0000,4836.4000,4840.0000,4841.2000,4842.0000,4843.0000,4843.2000,1,2,1,1,1,4,1,2,2,1
SF,IC2001,2019-12-03 09:31:02.000,4839.0000,5958,0,58095200.000,0,-,-,-,-,4838.4000,4838.0000,4837.0000,4836.4000,4831.4000,4839.8000,4840.0000,4842.0000,4843.0000,4843.2000,1,1,1,1,5,1,4,2,2,1
SF,IC2001,2019-12-03 09:31:03.000,4839.0000,5958,0,58095200.000,0,-,-,-,-,4838.4000,4838.0000,4837.0000,4836.4000,4831.4000,4839.8000,4840.0000,4842.0000,4843.0000,4843.2000,1,1,1,1,5,1,3,2,2,1
SF,IC2001,2019-12-03 09:31:03.500,4839.0000,5958,0,58095200.000,0,-,-,-,-,4838.4000,4838.0000,4837.8000,4837.0000,4836.4000,4839.8000,4840.0000,4842.0000,4843.0000,4843.2000,3,1,1,1,1,1,4,2,2,1
SF,IC2001,2019-12-03 09:31:04.000,4839.0000,5958,0,58095200.000,0,-,-,-,-,4838.4000,4838.0000,4837.8000,4837.0000,4836.4000,4839.8000,4840.0000,4842.0000,4843.0000,4843.2000,4,1,1,1,1,1,4,2,2,1
SF,IC2001,2019-12-03 09:31:04.500,4839.0000,5958,0,58095200.000,0,-,-,-,-,4838.4000,4838.0000,4837.8000,4837.0000,4836.4000,4839.8000,4840.0000,4842.0000,4843.0000,4843.2000,1,1,1,1,1,1,4,2,2,1
SF,IC2001,2019-12-03 09:31:05.000,4839.0000,5958,0,58095200.000,0,-,-,-,-,4838.4000,4838.0000,4837.8000,4837.0000,4836.4000,4839.8000,4840.0000,4842.0000,4843.0000,4843.2000,1,1,1,1,1,1,3,3,2,1
SF,IC2001,2019-12-03 09:31:05.500,4839.0000,5958,0,58095200.000,0,-,-,-,-,4838.4000,4838.0000,4837.8000,4837.0000,4836.4000,4839.8000,4840.0000,4842.0000,4843.0000,4843.2000,3,1,1,1,1,1,3,3,2,1
SF,IC2001,2019-12-03 09:31:06.000,4839.0000,5958,0,58095200.000,0,-,-,-,-,4838.4000,4838.0000,4837.8000,4837.0000,4836.4000,4839.8000,4840.0000,4842.0000,4843.0000,4843.2000,1,1,1,1,1,1,3,3,2,1
SF,IC2001,2019-12-03 09:31:06.500,4839.0000,5958,0,58095200.000,0,-,-,-,-,4838.4000,4838.0000,4837.8000,4837.0000,4836.4000,4839.8000,4840.0000,4842.0000,4843.0000,4843.2000,4,1,1,1,1,1,3,2,2,1
SF,IC2001,2019-12-03 09:31:07.000,4839.0000,5958,0,58095200.000,0,-,-,-,-,4838.6000,4838.4000,4838.0000,4837.8000,4837.0000,4839.8000,4840.0000,4842.0000,4843.0000,4843.2000,1,4,1,1,1,1,3,2,2,1
SF,IC2001,2019-12-03 09:31:07.500,4839.8000,5957,-1,59063160.000,1,0,1,双平,S,4838.6000,4838.4000,4838.0000,4837.8000,4837.0000,4840.0000,4842.0000,4843.0000,4843.2000,4844.4000,2,4,1,1,1,2,2,2,1,1
SF,IC2001,2019-12-03 09:31:08.000,4840.0000,5957,0,60999160.000,2,1,1,多换,S,4839.2000,4838.8000,4838.6000,4838.4000,4838.0000,4842.0000,4843.0000,4843.2000,4844.4000,4844.6000,1,2,2,3,1,2,2,1,1,1
SF,IC2001,2019-12-03 09:31:08.500,4840.0000,5957,0,60999160.000,0,-,-,-,-,4838.8000,4838.6000,4838.4000,4838.0000,4837.8000,4841.8000,4842.0000,4843.0000,4843.2000,4844.4000,3,2,3,1,1,1,2,2,1,1
SF,IC2001,2019-12-03 09:31:09.500,4841.8000,5957,0,61967520.000,1,0,1,多换,S,4839.4000,4839.2000,4838.8000,4838.6000,4838.4000,4842.0000,4843.0000,4843.2000,4844.4000,4844.6000,1,1,3,1,1,2,2,1,1,1
SF,IC2001,2019-12-03 09:31:10.000,4841.8000,5957,0,61967520.000,0,-,-,-,-,4840.6000,4840.4000,4839.8000,4839.6000,4839.4000,4841.8000,4842.0000,4843.0000,4844.4000,4844.6000,2,1,2,3,1,1,2,2,1,1
SF,IC2001,2019-12-03 09:31:11.000,4841.8000,5957,0,61967520.000,0,-,-,-,-,4839.8000,4839.6000,4839.4000,4839.2000,4838.8000,4841.8000,4842.0000,4843.0000,4844.4000,4844.6000,1,3,1,2,2,1,2,2,1,1
SF,IC2001,2019-12-03 09:31:11.500,4841.8000,5957,0,61967520.000,0,-,-,-,-,4840.0000,4839.8000,4839.6000,4839.4000,4839.2000,4842.0000,4843.0000,4844.4000,4844.6000,4845.0000,2,1,2,1,2,2,2,1,1,2
SF,IC2001,2019-12-03 09:31:12.000,4842.0000,5956,-1,62935920.000,1,0,1,双平,S,4841.4000,4841.2000,4841.0000,4840.8000,4840.6000,4842.0000,4843.0000,4844.6000,4845.0000,4846.2000,1,2,1,1,2,1,2,1,2,1
SF,IC2001,2019-12-03 09:31:12.500,4842.0000,5955,-1,63904320.000,1,0,1,双平,S,4842.4000,4842.2000,4841.2000,4841.0000,4840.8000,4843.0000,4844.6000,4845.0000,4846.2000,4847.8000,1,1,1,1,1,2,1,2,1,1
SF,IC2001,2019-12-03 09:31:13.000,4843.0000,5954,-1,64872920.000,1,0,1,双平,S,4842.6000,4842.4000,4842.0000,4841.6000,4841.2000,4843.0000,4844.6000,4845.0000,4846.2000,4847.8000,3,1,1,2,1,1,1,2,1,1
SF,IC2001,2019-12-03 09:31:13.500,4843.0000,5954,0,64872920.000,0,-,-,-,-,4842.8000,4842.6000,4841.6000,4841.2000,4841.0000,4843.0000,4844.6000,4845.0000,4846.2000,4847.8000,1,1,1,1,1,1,1,2,1,1
SF,IC2001,2019-12-03 09:31:14.000,4843.0000,5953,-1,65841520.000,1,0,1,双平,S,4842.8000,4841.6000,4841.2000,4841.0000,4840.8000,4844.6000,4845.0000,4846.2000,4847.8000,4848.0000,1,1,1,1,1,1,2,1,1,1
SF,IC2001,2019-12-03 09:31:14.500,4843.0000,5953,0,65841520.000,0,-,-,-,-,4843.0000,4842.8000,4841.6000,4841.2000,4841.0000,4844.4000,4844.6000,4845.0000,4846.2000,4847.8000,2,1,1,1,1,1,1,2,1,1
SF,IC2001,2019-12-03 09:31:15.000,4843.0000,5953,0,65841520.000,0,-,-,-,-,4843.2000,4843.0000,4842.2000,4841.6000,4841.2000,4844.4000,4844.6000,4845.0000,4846.2000,4847.8000,1,2,1,1,1,1,1,2,1,1
SF,IC2001,2019-12-03 09:31:15.500,4843.0000,5951,-2,67778760.000,2,0,2,双平,S,4842.2000,4841.6000,4841.2000,4841.0000,4840.8000,4843.0000,4844.4000,4844.6000,4845.0000,4846.2000,1,1,1,1,1,1,1,1,2,1
SF,IC2001,2019-12-03 09:31:16.000,4843.0000,5951,0,67778760.000,0,-,-,-,-,4841.2000,4841.0000,4840.8000,4840.6000,4840.4000,4843.0000,4844.2000,4844.4000,4844.6000,4845.0000,1,1,1,2,1,1,1,1,1,2
SF,IC2001,2019-12-03 09:31:16.500,4843.0000,5951,0,67778760.000,0,-,-,-,-,4841.6000,4841.4000,4841.2000,4841.0000,4840.8000,4843.0000,4844.4000,4844.6000,4845.0000,4846.2000,1,1,1,1,1,1,1,1,2,1
SF,IC2001,2019-12-03 09:31:18.000,4843.0000,5951,0,67778760.000,0,-,-,-,-,4841.6000,4841.4000,4841.2000,4841.0000,4840.8000,4843.0000,4844.4000,4844.6000,4845.0000,4846.2000,1,1,1,1,1,1,1,1,2,1
SF,IC2001,2019-12-03 09:31:18.500,4843.0000,5951,0,67778760.000,0,-,-,-,-,4841.4000,4841.2000,4841.0000,4840.8000,4840.6000,4843.0000,4844.6000,4845.0000,4846.2000,4847.8000,1,1,1,1,1,2,1,3,1,1
SF,IC2001,2019-12-03 09:31:19.500,4843.0000,5951,0,67778760.000,0,-,-,-,-,4841.4000,4841.2000,4841.0000,4840.8000,4840.6000,4843.0000,4844.6000,4845.0000,4846.2000,4847.8000,2,1,1,1,1,2,1,3,1,1
SF,IC2001,2019-12-03 09:31:20.500,4843.0000,5951,0,67778760.000,0,-,-,-,-,4841.4000,4841.2000,4841.0000,4840.8000,4840.6000,4843.0000,4844.0000,4844.6000,4845.0000,4846.2000,2,1,1,1,1,2,2,1,3,1
SF,IC2001,2019-12-03 09:31:21.000,4843.0000,5951,0,67778760.000,0,-,-,-,-,4841.4000,4841.2000,4841.0000,4840.8000,4840.6000,4843.0000,4844.0000,4844.6000,4845.0000,4846.2000,2,1,1,1,1,2,2,1,3,1
SF,IC2001,2019-12-03 09:31:21.500,4841.6000,5952,1,68747080.000,1,1,0,双开,S,4841.4000,4841.2000,4841.0000,4840.6000,4840.4000,4842.2000,4843.0000,4844.0000,4844.6000,4845.0000,2,1,1,1,1,1,1,2,1,2
SF,IC2001,2019-12-03 09:31:22.000,4842.2000,5952,0,69715520.000,1,0,1,多换,S,4841.4000,4841.2000,4841.0000,4840.6000,4840.4000,4843.0000,4844.0000,4844.6000,4845.0000,4846.2000,2,1,1,1,1,1,2,1,2,1
SF,IC2001,2019-12-03 09:31:22.500,4843.0000,5951,-1,70684120.000,1,0,1,双平,S,4842.2000,4841.6000,4841.4000,4841.2000,4841.0000,4844.0000,4844.6000,4845.0000,4846.2000,4847.8000,2,1,2,1,1,2,1,3,1,1
SF,IC2001,2019-12-03 09:31:23.000,4843.0000,5951,0,70684120.000,0,-,-,-,-,4841.4000,4841.2000,4841.0000,4840.6000,4840.4000,4843.2000,4843.8000,4844.0000,4844.6000,4845.0000,2,1,1,1,1,1,1,2,1,3
SF,IC2001,2019-12-03 09:31:23.500,4843.0000,5951,0,70684120.000,0,-,-,-,-,4841.6000,4841.4000,4841.2000,4841.0000,4840.6000,4843.2000,4843.8000,4844.0000,4844.6000,4845.0000,1,2,1,1,1,1,1,2,1,3
SF,IC2001,2019-12-03 09:31:24.000,4843.0000,5951,0,70684120.000,0,-,-,-,-,4841.8000,4841.6000,4841.4000,4841.2000,4841.0000,4843.2000,4843.8000,4844.0000,4844.6000,4845.0000,1,1,1,1,1,1,1,2,1,3
SF,IC2001,2019-12-03 09:31:26.500,4843.0000,5951,0,70684120.000,0,-,-,-,-,4843.2000,4841.8000,4841.6000,4841.4000,4841.2000,4843.8000,4844.0000,4844.6000,4845.0000,4846.2000,1,1,1,1,1,1,2,1,3,1
SF,IC2001,2019-12-03 09:31:27.000,4843.2000,5951,0,71652760.000,1,0,1,多换,S,4841.8000,4841.6000,4841.4000,4841.2000,4841.0000,4843.6000,4843.8000,4844.0000,4844.6000,4845.0000,1,1,1,1,1,1,1,2,1,3
SF,IC2001,2019-12-03 09:31:27.500,4843.2000,5951,0,71652760.000,0,-,-,-,-,4841.8000,4841.6000,4841.4000,4841.2000,4841.0000,4843.2000,4843.6000,4843.8000,4844.0000,4844.6000,1,1,1,1,1,1,1,1,2,1
SF,IC2001,2019-12-03 09:31:28.000,4843.2000,5951,0,71652760.000,0,-,-,-,-,4841.8000,4841.6000,4841.4000,4841.2000,4841.0000,4843.6000,4844.0000,4844.6000,4845.0000,4846.2000,1,1,1,1,1,1,2,1,3,1
SF,IC2001,2019-12-03 09:31:28.500,4843.2000,5951,0,71652760.000,0,-,-,-,-,4842.0000,4841.8000,4841.6000,4840.6000,4840.4000,4843.6000,4844.0000,4844.6000,4845.0000,4846.2000,4,1,1,1,1,1,2,1,3,1
SF,IC2001,2019-12-03 09:31:29.000,4843.6000,5951,0,72621480.000,1,0,1,多换,S,4842.6000,4842.4000,4842.2000,4842.0000,4841.6000,4844.0000,4844.6000,4845.0000,4846.2000,4847.8000,2,1,1,4,1,2,1,3,1,1
SF,IC2001,2019-12-03 09:31:29.500,4843.6000,5951,0,72621480.000,0,-,-,-,-,4842.6000,4842.4000,4842.2000,4842.0000,4841.6000,4844.0000,4844.6000,4845.0000,4846.2000,4847.8000,2,1,1,4,1,2,1,3,1,1
SF,IC2001,2019-12-03 09:31:30.000,4843.6000,5951,0,72621480.000,0,-,-,-,-,4842.6000,4842.4000,4842.2000,4842.0000,4841.6000,4844.0000,4844.6000,4845.0000,4846.2000,4847.8000,2,1,1,4,1,3,1,3,1,1
SF,IC2001,2019-12-03 09:31:31.000,4843.6000,5951,0,72621480.000,0,-,-,-,-,4842.6000,4842.2000,4842.0000,4841.6000,4840.6000,4844.0000,4844.6000,4845.0000,4846.2000,4847.8000,2,1,4,1,1,3,1,3,1,1
SF,IC2001,2019-12-03 09:31:32.500,4843.6000,5951,0,72621480.000,0,-,-,-,-,4842.6000,4842.2000,4842.0000,4841.8000,4841.6000,4844.0000,4844.6000,4845.0000,4846.2000,4847.8000,2,1,4,1,1,3,1,3,1,1
SF,IC2001,2019-12-03 09:31:33.000,4843.6000,5951,0,72621480.000,0,-,-,-,-,4842.6000,4842.0000,4841.8000,4841.6000,4840.6000,4844.0000,4844.6000,4845.0000,4846.2000,4847.8000,3,4,1,1,1,3,1,3,1,1
SF,IC2001,2019-12-03 09:31:34.500,4843.6000,5951,0,72621480.000,0,-,-,-,-,4842.6000,4842.0000,4841.8000,4841.6000,4840.6000,4842.8000,4844.0000,4844.6000,4845.0000,4846.2000,3,4,1,1,1,3,3,1,3,1
SF,IC2001,2019-12-03 09:31:35.000,4842.6000,5951,0,76495680.000,4,2,2,多换,S,4842.6000,4842.0000,4841.8000,4841.6000,4840.6000,4844.0000,4844.6000,4845.0000,4846.2000,4847.8000,2,3,1,1,1,3,1,3,1,1
SF,IC2001,2019-12-03 09:31:35.500,4842.6000,5950,-1,77464200.000,1,0,1,双平,S,4842.0000,4841.8000,4841.6000,4840.6000,4840.4000,4844.0000,4844.6000,4845.0000,4846.2000,4847.8000,3,1,1,1,1,3,1,3,1,1
SF,IC2001,2019-12-03 09:31:36.000,4842.6000,5950,0,77464200.000,0,-,-,-,-,4842.2000,4842.0000,4841.8000,4841.6000,4840.6000,4844.0000,4844.6000,4845.0000,4846.2000,4847.8000,2,3,1,1,1,3,1,3,1,1
SF,IC2001,2019-12-03 09:31:36.500,4842.6000,5950,0,77464200.000,0,-,-,-,-,4842.6000,4842.2000,4842.0000,4841.8000,4841.6000,4844.0000,4844.6000,4845.0000,4846.2000,4847.8000,1,2,3,1,1,3,1,3,1,1
SF,IC2001,2019-12-03 09:31:37.500,4842.6000,5949,-1,78432720.000,1,0,1,双平,S,4842.2000,4841.8000,4841.6000,4840.6000,4840.4000,4844.0000,4844.6000,4845.0000,4846.2000,4847.8000,1,1,1,1,1,3,1,3,1,1
SF,IC2001,2019-12-03 09:31:38.000,4842.6000,5949,0,78432720.000,0,-,-,-,-,4841.8000,4841.6000,4840.6000,4840.4000,4840.0000,4844.0000,4844.6000,4845.0000,4846.2000,4847.8000,1,1,1,1,5,3,1,3,1,1
SF,IC2001,2019-12-03 09:31:38.500,4842.6000,5949,0,78432720.000,0,-,-,-,-,4840.6000,4840.4000,4840.0000,4839.6000,4839.4000,4844.0000,4844.6000,4845.0000,4846.2000,4847.8000,1,1,4,1,1,3,1,3,1,1
SF,IC2001,2019-12-03 09:31:39.000,4842.6000,5949,0,78432720.000,0,-,-,-,-,4841.0000,4840.8000,4840.6000,4840.4000,4840.0000,4843.8000,4844.0000,4844.6000,4845.0000,4845.8000,1,4,1,1,4,5,3,1,3,1
SF,IC2001,2019-12-03 09:31:39.500,4842.6000,5949,0,78432720.000,0,-,-,-,-,4840.8000,4840.6000,4840.4000,4840.0000,4839.6000,4843.6000,4843.8000,4844.0000,4844.6000,4845.0000,1,1,1,4,1,1,5,2,1,3
SF,IC2001,2019-12-03 09:31:40.000,4842.6000,5949,0,78432720.000,0,-,-,-,-,4840.0000,4839.4000,4838.8000,4838.4000,4838.0000,4840.6000,4842.0000,4842.2000,4843.2000,4843.6000,1,1,1,1,1,1,1,1,1,1
SF,IC2001,2019-12-03 09:31:40.500,4840.6000,5949,0,79400840.000,1,0,1,多换,S,4840.0000,4839.4000,4838.8000,4838.4000,4838.0000,4843.2000,4843.6000,4843.8000,4844.0000,4844.6000,2,1,1,1,1,1,1,4,2,1
SF,IC2001,2019-12-03 09:31:41.000,4840.6000,5949,0,79400840.000,0,-,-,-,-,4840.6000,4840.0000,4839.4000,4838.8000,4838.4000,4843.0000,4843.2000,4843.8000,4844.0000,4844.6000,1,2,1,1,1,3,1,2,2,1
SF,IC2001,2019-12-03 09:31:41.500,4840.6000,5949,0,79400840.000,0,-,-,-,-,4840.6000,4840.0000,4839.4000,4838.8000,4838.4000,4842.8000,4843.0000,4843.2000,4843.8000,4844.0000,2,1,1,1,1,1,4,1,2,2
SF,IC2001,2019-12-03 09:31:42.000,4840.6000,5949,0,79400840.000,0,-,-,-,-,4840.6000,4840.0000,4839.4000,4838.8000,4838.4000,4842.6000,4842.8000,4843.0000,4843.2000,4843.8000,2,1,1,1,1,1,1,2,1,2
SF,IC2001,2019-12-03 09:31:42.500,4840.6000,5949,0,79400840.000,0,-,-,-,-,4840.6000,4840.0000,4839.4000,4838.8000,4838.4000,4842.6000,4842.8000,4843.0000,4843.2000,4843.8000,2,1,1,1,1,2,1,2,1,2
SF,IC2001,2019-12-03 09:31:43.000,4840.6000,5949,0,79400840.000,0,-,-,-,-,4840.0000,4839.4000,4838.8000,4838.4000,4838.0000,4840.4000,4841.6000,4842.2000,4842.4000,4842.6000,1,1,1,1,1,1,1,2,1,2
SF,IC2001,2019-12-03 09:31:43.500,4839.4000,5948,-1,81336720.000,2,0,2,多平,S,4838.8000,4838.4000,4838.0000,4837.8000,4837.0000,4840.4000,4842.2000,4842.4000,4842.6000,4842.8000,1,1,1,1,1,1,2,1,2,1
SF,IC2001,2019-12-03 09:31:44.000,4838.8000,5947,-1,82304480.000,1,0,1,双平,S,4838.4000,4838.0000,4837.8000,4837.0000,4831.4000,4840.4000,4842.2000,4842.4000,4842.6000,4842.8000,1,1,1,1,5,1,2,1,1,1
SF,IC2001,2019-12-03 09:31:44.500,4838.8000,5947,0,82304480.000,0,-,-,-,-,4838.6000,4838.4000,4838.0000,4837.8000,4837.0000,4840.2000,4840.4000,4841.0000,4842.2000,4842.4000,1,3,1,1,1,1,1,1,2,1
SF,IC2001,2019-12-03 09:31:45.000,4838.8000,5947,0,82304480.000,0,-,-,-,-,4838.4000,4838.0000,4837.8000,4837.0000,4831.4000,4840.2000,4840.4000,4841.0000,4842.2000,4842.4000,2,1,1,1,5,1,1,1,2,1
SF,IC2001,2019-12-03 09:31:45.500,4838.8000,5947,0,82304480.000,0,-,-,-,-,4838.4000,4838.0000,4837.8000,4837.0000,4831.4000,4840.4000,4841.0000,4842.2000,4842.4000,4842.8000,2,1,1,1,5,1,1,2,1,1
SF,IC2001,2019-12-03 09:31:46.000,4838.8000,5947,0,82304480.000,0,-,-,-,-,4838.4000,4838.0000,4837.8000,4837.0000,4831.4000,4840.4000,4841.0000,4842.2000,4842.4000,4842.8000,3,1,1,1,5,1,1,2,1,1
SF,IC2001,2019-12-03 09:31:46.500,4838.8000,5947,0,82304480.000,0,-,-,-,-,4838.4000,4838.0000,4837.8000,4837.0000,4831.4000,4840.4000,4841.0000,4842.2000,4842.4000,4842.8000,3,1,1,1,5,2,1,2,1,1
SF,IC2001,2019-12-03 09:31:47.000,4838.8000,5947,0,82304480.000,0,-,-,-,-,4838.4000,4838.0000,4837.8000,4837.0000,4831.4000,4840.4000,4841.0000,4842.2000,4842.4000,4842.8000,2,1,1,1,5,2,1,2,1,1
SF,IC2001,2019-12-03 09:31:49.000,4838.8000,5947,0,82304480.000,0,-,-,-,-,4838.4000,4838.0000,4837.0000,4836.6000,4831.4000,4840.4000,4841.0000,4842.2000,4842.4000,4842.8000,2,1,1,1,5,2,1,2,1,1
SF,IC2001,2019-12-03 09:31:50.500,4838.8000,5947,0,82304480.000,0,-,-,-,-,4838.6000,4838.4000,4838.0000,4837.0000,4836.6000,4840.4000,4841.0000,4842.2000,4842.4000,4842.8000,1,3,1,1,1,2,1,2,1,1
SF,IC2001,2019-12-03 09:31:51.000,4838.4000,5948,1,83272160.000,1,1,0,双开,S,4838.4000,4838.0000,4837.0000,4836.6000,4831.4000,4840.4000,4841.0000,4842.2000,4842.4000,4842.8000,2,1,1,1,5,2,1,2,1,1
SF,IC2001,2019-12-03 09:31:51.500,4838.4000,5948,0,83272160.000,0,-,-,-,-,4838.6000,4838.4000,4838.0000,4837.0000,4836.6000,4840.4000,4841.0000,4842.2000,4842.4000,4842.8000,2,2,1,1,1,1,1,2,1,1
SF,IC2001,2019-12-03 09:31:52.000,4838.4000,5948,0,83272160.000,0,-,-,-,-,4838.6000,4838.4000,4838.0000,4837.0000,4836.6000,4840.4000,4841.0000,4842.2000,4842.4000,4842.8000,3,2,1,1,1,1,1,2,1,1
SF,IC2001,2019-12-03 09:31:52.500,4838.4000,5948,0,83272160.000,0,-,-,-,-,4838.8000,4838.6000,4838.4000,4838.0000,4837.0000,4841.0000,4842.2000,4842.4000,4842.8000,4843.0000,1,3,1,1,1,1,2,1,1,1
SF,IC2001,2019-12-03 09:31:53.000,4838.4000,5948,0,83272160.000,0,-,-,-,-,4838.8000,4838.6000,4838.4000,4838.0000,4837.0000,4840.8000,4841.0000,4842.2000,4842.4000,4842.8000,1,3,1,1,1,1,1,2,1,1
SF,IC2001,2019-12-03 09:31:53.500,4838.4000,5948,0,83272160.000,0,-,-,-,-,4838.8000,4838.6000,4838.4000,4838.0000,4837.0000,4840.8000,4841.0000,4842.2000,4842.4000,4842.8000,1,4,1,1,1,1,1,2,1,1
SF,IC2001,2019-12-03 09:31:54.000,4838.4000,5948,0,83272160.000,0,-,-,-,-,4838.6000,4838.0000,4837.0000,4836.6000,4831.4000,4840.8000,4841.0000,4842.2000,4842.4000,4842.8000,1,1,1,1,5,1,1,2,1,1
SF,IC2001,2019-12-03 09:31:54.500,4838.4000,5948,0,83272160.000,0,-,-,-,-,4838.6000,4838.0000,4837.0000,4836.6000,4831.4000,4840.6000,4840.8000,4841.0000,4842.2000,4842.8000,1,1,1,1,5,2,1,1,2,1
SF,IC2001,2019-12-03 09:31:55.000,4838.4000,5948,0,83272160.000,0,-,-,-,-,4838.6000,4838.0000,4837.0000,4836.6000,4831.4000,4840.4000,4840.6000,4841.0000,4842.2000,4842.8000,1,1,1,1,5,1,2,1,2,1
SF,IC2001,2019-12-03 09:31:59.500,4838.4000,5948,0,83272160.000,0,-,-,-,-,4838.6000,4838.0000,4837.0000,4836.6000,4831.4000,4839.8000,4840.2000,4840.4000,4840.6000,4841.0000,1,1,1,1,5,1,2,1,1,1
SF,IC2001,2019-12-03 09:32:00.000,4838.4000,5948,0,83272160.000,0,-,-,-,-,4838.6000,4838.0000,4837.0000,4836.6000,4831.4000,4839.6000,4839.8000,4840.2000,4840.6000,4841.0000,1,1,1,1,5,1,1,2,1,1
SF,IC2001,2019-12-03 09:32:01.000,4838.6000,5947,-1,84239880.000,1,0,1,双平,S,4838.0000,4837.0000,4836.6000,4831.4000,4830.2000,4839.6000,4839.8000,4840.6000,4841.0000,4842.2000,1,1,1,5,1,1,1,1,1,2
SF,IC2001,2019-12-03 09:32:01.500,4838.6000,5947,0,84239880.000,0,-,-,-,-,4838.2000,4838.0000,4837.0000,4836.6000,4831.4000,4839.6000,4839.8000,4840.6000,4841.0000,4842.2000,1,1,1,1,5,1,1,1,1,2
SF,IC2001,2019-12-03 09:32:02.000,4838.6000,5947,0,84239880.000,0,-,-,-,-,4838.0000,4837.0000,4836.6000,4831.4000,4830.2000,4839.6000,4839.8000,4840.6000,4841.0000,4842.2000,1,1,1,5,1,1,1,1,1,2
SF,IC2001,2019-12-03 09:32:02.500,4838.6000,5947,0,84239880.000,0,-,-,-,-,4838.0000,4837.0000,4836.6000,4831.4000,4830.2000,4839.6000,4839.8000,4840.6000,4841.0000,4842.2000,2,1,1,5,1,1,1,1,1,2
SF,IC2001,2019-12-03 09:32:03.000,4839.6000,5946,-1,86175400.000,2,0,2,多平,S,4837.0000,4836.6000,4831.4000,4830.2000,4830.0000,4839.8000,4840.6000,4841.0000,4842.2000,4842.8000,1,1,5,1,1,1,1,1,2,1
SF,IC2001,2019-12-03 09:32:03.500,4839.6000,5946,0,86175400.000,0,-,-,-,-,4837.2000,4837.0000,4836.6000,4831.4000,4830.2000,4839.6000,4839.8000,4840.6000,4841.0000,4842.2000,1,1,1,5,1,1,1,1,1,2
SF,IC2001,2019-12-03 09:32:04.000,4839.6000,5946,0,86175400.000,0,-,-,-,-,4837.2000,4837.0000,4835.4000,4831.4000,4830.2000,4839.4000,4839.6000,4839.8000,4841.0000,4842.2000,1,1,1,5,1,1,3,1,1,2
SF,IC2001,2019-12-03 09:32:04.500,4839.6000,5946,0,86175400.000,0,-,-,-,-,4837.2000,4837.0000,4835.4000,4831.4000,4830.2000,4839.2000,4839.4000,4839.6000,4839.8000,4841.0000,1,1,1,5,1,2,1,2,1,1
SF,IC2001,2019-12-03 09:32:05.000,4839.6000,5946,0,86175400.000,0,-,-,-,-,4837.0000,4835.4000,4830.2000,4830.0000,4828.0000,4839.2000,4839.4000,4839.6000,4839.8000,4841.0000,1,1,1,1,7,2,1,2,1,1
SF,IC2001,2019-12-03 09:32:05.500,4839.6000,5946,0,86175400.000,0,-,-,-,-,4837.0000,4835.4000,4830.2000,4830.0000,4828.0000,4839.0000,4839.2000,4839.4000,4839.6000,4839.8000,2,1,1,1,7,1,2,1,1,1
SF,IC2001,2019-12-03 09:32:06.000,4839.6000,5946,0,86175400.000,0,-,-,-,-,4837.0000,4835.4000,4830.2000,4830.0000,4828.0000,4839.2000,4839.4000,4839.6000,4839.8000,4841.0000,2,1,1,1,7,2,1,1,1,1
SF,IC2001,2019-12-03 09:32:06.500,4839.6000,5946,0,86175400.000,0,-,-,-,-,4839.0000,4837.0000,4835.4000,4830.2000,4830.0000,4839.2000,4839.4000,4839.6000,4839.8000,4841.0000,1,2,1,1,1,2,1,1,1,1
SF,IC2001,2019-12-03 09:32:07.000,4839.0000,5946,0,87143200.000,1,0,1,多换,S,4837.0000,4835.4000,4830.2000,4830.0000,4828.0000,4838.8000,4839.0000,4839.2000,4839.4000,4839.6000,2,1,1,1,7,1,3,3,1,1
SF,IC2001,2019-12-03 09:32:07.500,4839.0000,5946,0,87143200.000,0,-,-,-,-,4837.0000,4835.4000,4830.2000,4830.0000,4828.0000,4838.8000,4839.0000,4839.2000,4839.4000,4839.6000,2,1,1,1,7,1,2,2,1,1
SF,IC2001,2019-12-03 09:32:09.000,4839.0000,5946,0,87143200.000,0,-,-,-,-,4837.0000,4835.4000,4830.2000,4828.0000,4827.8000,4838.8000,4839.0000,4839.2000,4839.4000,4839.6000,2,1,1,7,4,1,2,2,1,1
SF,IC2001,2019-12-03 09:32:09.500,4839.0000,5946,0,87143200.000,0,-,-,-,-,4837.0000,4835.4000,4830.2000,4828.0000,4827.8000,4838.8000,4839.0000,4839.2000,4839.4000,4839.6000,2,1,1,7,4,1,2,1,1,1
SF,IC2001,2019-12-03 09:32:11.500,4839.0000,5946,0,87143200.000,0,-,-,-,-,4837.4000,4837.2000,4837.0000,4835.4000,4830.2000,4838.8000,4839.0000,4839.2000,4839.8000,4841.0000,1,2,2,1,1,1,1,1,1,1
SF,IC2001,2019-12-03 09:32:12.000,4837.4000,5946,0,88110680.000,1,0,1,多换,S,4837.4000,4837.2000,4837.0000,4835.4000,4830.2000,4838.8000,4839.0000,4839.2000,4839.8000,4841.0000,1,3,1,1,1,1,1,1,1,1
SF,IC2001,2019-12-03 09:32:12.500,4837.4000,5946,0,88110680.000,0,-,-,-,-,4837.4000,4837.2000,4837.0000,4835.4000,4830.2000,4838.8000,4839.0000,4839.8000,4841.0000,4842.2000,2,3,1,1,1,1,1,1,1,2
SF,IC2001,2019-12-03 09:32:14.000,4839.0000,5945,-1,90046240.000,2,0,2,多平,S,4837.4000,4837.2000,4837.0000,4835.4000,4830.2000,4839.8000,4841.0000,4842.2000,4842.8000,4843.0000,2,3,1,1,1,1,1,2,1,1
SF,IC2001,2019-12-03 09:32:14.500,4839.0000,5945,0,90046240.000,0,-,-,-,-,4837.4000,4837.2000,4837.0000,4835.4000,4830.2000,4839.6000,4839.8000,4841.0000,4842.2000,4842.8000,2,3,1,1,1,1,1,1,2,1
SF,IC2001,2019-12-03 09:32:15.000,4839.0000,5945,0,90046240.000,0,-,-,-,-,4837.6000,4837.4000,4837.2000,4837.0000,4836.6000,4839.8000,4841.0000,4842.2000,4842.8000,4843.0000,2,3,3,1,1,1,1,2,1,1
SF,IC2001,2019-12-03 09:32:15.500,4839.0000,5945,0,90046240.000,0,-,-,-,-,4837.8000,4837.6000,4837.4000,4837.2000,4837.0000,4839.8000,4841.0000,4842.2000,4842.8000,4843.0000,1,1,2,3,1,1,1,2,1,1
SF,IC2001,2019-12-03 09:32:16.000,4839.0000,5945,0,90046240.000,0,-,-,-,-,4838.0000,4837.8000,4837.6000,4837.4000,4837.2000,4839.8000,4841.0000,4842.2000,4842.8000,4843.0000,1,4,1,2,3,1,1,2,1,1
SF,IC2001,2019-12-03 09:32:16.500,4839.0000,5945,0,90046240.000,0,-,-,-,-,4838.2000,4838.0000,4837.8000,4837.6000,4837.4000,4841.0000,4842.2000,4842.8000,4843.0000,4843.8000,2,1,3,1,2,1,2,1,1,1
SF,IC2001,2019-12-03 09:32:17.000,4839.0000,5945,0,90046240.000,0,-,-,-,-,4838.4000,4838.2000,4838.0000,4837.8000,4837.4000,4840.8000,4841.0000,4842.2000,4842.8000,4843.0000,1,2,1,3,1,1,1,2,1,1
SF,IC2001,2019-12-03 09:32:17.500,4839.0000,5945,0,90046240.000,0,-,-,-,-,4838.6000,4838.4000,4838.2000,4838.0000,4837.8000,4840.8000,4841.0000,4842.2000,4842.8000,4843.0000,2,2,1,1,3,1,1,2,1,1
SF,IC2001,2019-12-03 09:32:18.000,4839.0000,5945,0,90046240.000,0,-,-,-,-,4839.8000,4838.6000,4838.4000,4838.2000,4838.0000,4840.8000,4841.0000,4842.2000,4842.8000,4843.0000,1,1,2,1,1,1,1,2,1,1
SF,IC2001,2019-12-03 09:32:18.500,4839.0000,5945,0,90046240.000,0,-,-,-,-,4839.8000,4838.8000,4838.6000,4838.4000,4838.2000,4840.8000,4841.0000,4842.2000,4842.8000,4843.0000,1,1,1,2,1,1,1,2,1,1
SF,IC2001,2019-12-03 09:32:19.000,4839.0000,5945,0,90046240.000,0,-,-,-,-,4839.8000,4838.6000,4838.4000,4838.2000,4838.0000,4840.8000,4841.0000,4842.2000,4842.8000,4843.0000,1,1,2,1,1,1,1,2,1,1
SF,IC2001,2019-12-03 09:32:20.500,4839.8000,5944,-1,91014200.000,1,0,1,双平,S,4838.6000,4838.4000,4838.2000,4838.0000,4837.8000,4840.8000,4841.0000,4842.2000,4842.8000,4843.0000,1,2,1,1,4,1,1,2,1,1
SF,IC2001,2019-12-03 09:32:21.000,4839.8000,5944,0,91014200.000,0,-,-,-,-,4838.6000,4838.4000,4838.0000,4837.8000,4837.4000,4839.8000,4840.8000,4841.0000,4842.2000,4842.8000,1,1,1,4,1,1,1,1,2,1
SF,IC2001,2019-12-03 09:32:21.500,4839.8000,5944,0,91014200.000,0,-,-,-,-,4837.8000,4837.4000,4837.2000,4837.0000,4836.6000,4839.8000,4840.0000,4840.6000,4840.8000,4841.0000,1,1,2,1,1,1,1,1,1,1
SF,IC2001,2019-12-03 09:32:22.000,4839.8000,5944,0,91014200.000,0,-,-,-,-,4838.0000,4837.8000,4837.4000,4837.2000,4837.0000,4839.8000,4840.0000,4840.6000,4840.8000,4841.0000,2,1,1,2,1,1,1,1,1,1
SF,IC2001,2019-12-03 09:32:22.500,4839.8000,5945,1,91982160.000,1,1,0,双开,S,4838.0000,4837.8000,4837.4000,4837.2000,4837.0000,4840.0000,4840.6000,4840.8000,4841.0000,4842.2000,2,1,1,2,1,1,1,1,1,2
SF,IC2001,2019-12-03 09:32:23.000,4839.8000,5945,0,91982160.000,0,-,-,-,-,4838.0000,4837.8000,4837.4000,4837.2000,4837.0000,4840.0000,4840.6000,4841.0000,4842.2000,4843.0000,2,1,1,2,1,2,1,1,2,1
SF,IC2001,2019-12-03 09:32:23.500,4839.8000,5945,0,91982160.000,0,-,-,-,-,4838.0000,4837.8000,4837.4000,4837.2000,4837.0000,4840.0000,4840.6000,4841.0000,4842.2000,4843.0000,1,1,1,2,1,2,1,1,2,1
SF,IC2001,2019-12-03 09:32:24.000,4839.8000,5945,0,91982160.000,0,-,-,-,-,4838.0000,4837.8000,4837.2000,4837.0000,4836.6000,4840.0000,4840.6000,4841.0000,4842.2000,4843.0000,1,1,2,1,1,2,1,1,2,1
SF,IC2001,2019-12-03 09:32:24.500,4839.8000,5945,0,91982160.000,0,-,-,-,-,4837.8000,4837.2000,4837.0000,4836.6000,4835.4000,4840.0000,4840.6000,4841.0000,4842.2000,4843.0000,1,2,1,1,1,2,1,1,2,1
SF,IC2001,2019-12-03 09:32:25.000,4839.8000,5945,0,91982160.000,0,-,-,-,-,4837.8000,4837.0000,4836.6000,4835.4000,4830.2000,4839.8000,4840.0000,4841.0000,4842.2000,4843.0000,1,1,1,1,1,3,2,1,2,1
SF,IC2001,2019-12-03 09:32:25.500,4839.8000,5945,0,91982160.000,0,-,-,-,-,4837.8000,4837.0000,4836.6000,4835.4000,4830.2000,4839.6000,4839.8000,4840.0000,4841.0000,4842.2000,1,1,1,1,1,1,5,1,1,2
SF,IC2001,2019-12-03 09:32:26.000,4839.8000,5945,0,91982160.000,0,-,-,-,-,4837.8000,4837.0000,4836.6000,4835.4000,4830.2000,4839.6000,4839.8000,4840.0000,4841.0000,4842.2000,1,1,1,1,1,1,4,1,1,2
SF,IC2001,2019-12-03 09:32:26.500,4839.8000,5945,0,91982160.000,0,-,-,-,-,4837.8000,4837.0000,4836.6000,4835.4000,4830.2000,4839.6000,4839.8000,4840.0000,4841.0000,4842.2000,1,1,1,1,1,1,3,1,1,2
SF,IC2001,2019-12-03 09:32:28.500,4839.8000,5945,0,91982160.000,0,-,-,-,-,4837.8000,4837.0000,4836.6000,4835.4000,4830.2000,4839.6000,4839.8000,4840.0000,4841.0000,4842.2000,1,1,1,1,1,1,2,1,1,2
SF,IC2001,2019-12-03 09:32:29.000,4839.8000,5945,0,91982160.000,0,-,-,-,-,4837.8000,4837.0000,4836.6000,4835.4000,4830.2000,4840.0000,4841.0000,4842.2000,4843.0000,4843.8000,1,1,1,1,1,1,1,2,1,1
SF,IC2001,2019-12-03 09:32:30.500,4839.8000,5945,0,91982160.000,0,-,-,-,-,4838.0000,4837.8000,4837.0000,4836.6000,4835.4000,4840.0000,4841.0000,4842.2000,4843.0000,4843.8000,2,1,1,1,1,1,1,2,1,1
SF,IC2001,2019-12-03 09:32:31.000,4839.8000,5945,0,91982160.000,0,-,-,-,-,4838.2000,4838.0000,4837.0000,4836.6000,4835.4000,4840.0000,4841.0000,4842.2000,4843.0000,4843.8000,1,2,1,1,1,1,1,2,1,1
SF,IC2001,2019-12-03 09:32:32.500,4839.8000,5945,0,91982160.000,0,-,-,-,-,4838.2000,4837.0000,4836.6000,4835.4000,4830.2000,4840.0000,4841.0000,4842.2000,4843.0000,4843.8000,1,1,1,1,1,1,1,2,1,1
SF,IC2001,2019-12-03 09:32:33.000,4839.8000,5945,0,91982160.000,0,-,-,-,-,4838.2000,4837.0000,4836.6000,4835.4000,4830.2000,4840.0000,4841.0000,4842.2000,4843.0000,4843.8000,2,1,1,1,1,1,1,2,1,1
SF,IC2001,2019-12-03 09:32:35.500,4840.0000,5946,1,92950160.000,1,1,0,双开,S,4838.6000,4838.4000,4838.2000,4837.0000,4836.6000,4841.0000,4842.2000,4843.0000,4843.8000,4844.0000,1,3,3,1,1,1,2,1,1,2
SF,IC2001,2019-12-03 09:32:36.000,4840.0000,5946,0,92950160.000,0,-,-,-,-,4838.8000,4838.2000,4837.0000,4836.6000,4835.4000,4840.8000,4841.0000,4842.2000,4843.0000,4843.8000,1,2,1,1,1,1,1,2,1,1
SF,IC2001,2019-12-03 09:32:39.000,4840.8000,5946,0,93918320.000,1,0,1,多换,S,4839.2000,4839.0000,4838.8000,4838.2000,4837.0000,4842.2000,4843.0000,4843.8000,4844.0000,4844.6000,2,2,1,1,1,1,1,1,2,1
SF,IC2001,2019-12-03 09:32:39.500,4840.8000,5946,0,93918320.000,0,-,-,-,-,4839.4000,4839.2000,4839.0000,4838.2000,4837.0000,4842.0000,4842.2000,4843.0000,4843.8000,4844.0000,6,2,2,1,1,1,1,1,1,2
SF,IC2001,2019-12-03 09:32:40.000,4842.2000,5947,1,95855160.000,2,1,1,空开,S,4839.4000,4839.2000,4839.0000,4838.2000,4837.0000,4843.0000,4843.8000,4844.0000,4844.6000,4845.0000,6,2,2,1,1,1,1,2,1,2
SF,IC2001,2019-12-03 09:32:40.500,4842.2000,5947,0,95855160.000,0,-,-,-,-,4840.2000,4839.8000,4839.4000,4839.2000,4839.0000,4842.8000,4843.0000,4843.8000,4844.0000,4844.6000,1,2,6,2,2,1,1,1,2,1
SF,IC2001,2019-12-03 09:32:41.000,4842.2000,5947,0,95855160.000,0,-,-,-,-,4840.4000,4840.2000,4839.8000,4839.4000,4839.2000,4842.8000,4843.0000,4843.8000,4844.0000,4844.6000,1,1,1,5,2,2,1,1,2,1
SF,IC2001,2019-12-03 09:32:43.500,4842.8000,5946,-1,97792280.000,2,0,2,多平,S,4840.4000,4840.2000,4839.8000,4839.4000,4839.2000,4842.8000,4843.0000,4843.8000,4844.0000,4844.6000,1,1,1,5,2,1,1,1,2,1
SF,IC2001,2019-12-03 09:32:44.000,4842.8000,5946,0,97792280.000,0,-,-,-,-,4840.4000,4840.2000,4839.8000,4839.4000,4839.2000,4842.6000,4842.8000,4843.0000,4843.8000,4844.0000,1,1,1,5,2,2,1,1,1,2
SF,IC2001,2019-12-03 09:32:45.000,4842.8000,5946,0,97792280.000,0,-,-,-,-,4840.4000,4840.2000,4839.4000,4839.2000,4839.0000,4842.6000,4842.8000,4843.0000,4843.8000,4844.0000,1,1,5,2,2,2,1,1,1,2
SF,IC2001,2019-12-03 09:32:45.500,4842.8000,5946,0,97792280.000,0,-,-,-,-,4840.4000,4840.2000,4839.4000,4839.2000,4839.0000,4843.0000,4843.8000,4844.0000,4844.6000,4845.0000,1,1,5,2,2,1,1,2,1,2
SF,IC2001,2019-12-03 09:32:46.000,4842.8000,5946,0,97792280.000,0,-,-,-,-,4840.4000,4840.2000,4839.4000,4839.2000,4839.0000,4843.0000,4843.8000,4844.0000,4844.6000,4845.0000,1,1,5,2,2,2,1,2,1,2
SF,IC2001,2019-12-03 09:32:46.500,4842.8000,5946,0,97792280.000,0,-,-,-,-,4840.4000,4840.2000,4839.4000,4839.2000,4839.0000,4843.0000,4843.8000,4844.0000,4844.6000,4845.0000,1,1,5,2,2,2,1,2,1,2
SF,IC2001,2019-12-03 09:32:47.000,4842.8000,5946,0,97792280.000,0,-,-,-,-,4840.4000,4840.2000,4839.4000,4839.2000,4839.0000,4842.8000,4843.0000,4843.8000,4844.0000,4844.6000,1,1,5,2,2,3,2,1,2,1
SF,IC2001,2019-12-03 09:32:47.500,4842.8000,5946,0,97792280.000,0,-,-,-,-,4840.4000,4840.2000,4839.4000,4839.2000,4839.0000,4842.8000,4843.0000,4843.8000,4844.0000,4844.6000,1,1,5,2,2,1,2,1,2,1
SF,IC2001,2019-12-03 09:32:51.000,4842.8000,5946,0,97792280.000,0,-,-,-,-,4840.6000,4840.4000,4840.2000,4839.4000,4839.2000,4843.0000,4843.8000,4844.0000,4844.6000,4845.0000,1,1,1,4,1,2,1,2,1,2
SF,IC2001,2019-12-03 09:32:51.500,4842.8000,5946,0,97792280.000,0,-,-,-,-,4840.8000,4840.2000,4839.4000,4839.2000,4839.0000,4843.0000,4843.8000,4844.0000,4844.6000,4845.0000,1,1,4,1,2,2,1,2,1,2
SF,IC2001,2019-12-03 09:32:52.000,4842.8000,5946,0,97792280.000,0,-,-,-,-,4840.8000,4840.2000,4839.4000,4839.2000,4839.0000,4843.0000,4843.8000,4844.0000,4844.6000,4845.0000,1,1,4,1,2,1,1,2,1,2
SF,IC2001,2019-12-03 09:32:53.000,4842.8000,5946,0,97792280.000,0,-,-,-,-,4840.8000,4840.2000,4839.4000,4839.2000,4839.0000,4843.0000,4844.0000,4844.6000,4845.0000,4847.8000,1,1,4,1,2,1,2,1,3,1
SF,IC2001,2019-12-03 09:32:55.500,4842.8000,5946,0,97792280.000,0,-,-,-,-,4841.0000,4840.8000,4840.2000,4839.4000,4839.2000,4843.0000,4844.0000,4844.6000,4845.0000,4847.8000,2,1,1,4,1,1,2,1,3,1
SF,IC2001,2019-12-03 09:32:56.000,4842.8000,5946,0,97792280.000,0,-,-,-,-,4841.2000,4840.2000,4839.4000,4839.2000,4839.0000,4843.0000,4844.0000,4844.6000,4845.0000,4847.8000,1,1,4,1,2,1,2,1,3,1
SF,IC2001,2019-12-03 09:32:58.000,4841.2000,5946,0,98760520.000,1,0,1,多换,S,4840.2000,4839.4000,4839.2000,4839.0000,4838.2000,4842.8000,4843.0000,4844.0000,4844.6000,4845.0000,1,4,1,2,1,1,1,2,1,3
SF,IC2001,2019-12-03 09:32:58.500,4841.2000,5946,0,98760520.000,0,-,-,-,-,4840.4000,4840.2000,4839.4000,4839.2000,4839.0000,4842.6000,4842.8000,4843.0000,4844.0000,4844.6000,1,1,4,1,2,2,2,1,2,1
SF,IC2001,2019-12-03 09:32:59.000,4841.2000,5946,0,98760520.000,0,-,-,-,-,4840.4000,4840.2000,4839.4000,4839.2000,4839.0000,4842.6000,4842.8000,4843.0000,4844.0000,4844.6000,1,1,2,1,2,2,2,1,2,1
SF,IC2001,2019-12-03 09:32:59.500,4841.2000,5946,0,98760520.000,0,-,-,-,-,4840.4000,4839.4000,4838.2000,4837.0000,4836.6000,4841.4000,4841.6000,4842.2000,4842.4000,4842.6000,1,1,1,1,1,1,1,1,3,2
SF,IC2001,2019-12-03 09:33:00.000,4840.4000,5945,-1,99728600.000,1,0,1,双平,S,4839.4000,4838.2000,4837.0000,4836.6000,4835.4000,4842.2000,4842.4000,4842.6000,4842.8000,4843.0000,1,1,1,1,1,1,3,2,1,1
SF,IC2001,2019-12-03 09:33:00.500,4840.4000,5945,0,99728600.000,0,-,-,-,-,4839.6000,4838.2000,4837.0000,4836.6000,4835.4000,4842.0000,4842.2000,4842.4000,4842.6000,4842.8000,1,1,1,1,1,1,1,3,1,1
SF,IC2001,2019-12-03 09:33:01.000,4840.4000,5945,0,99728600.000,0,-,-,-,-,4839.6000,4838.2000,4837.0000,4836.6000,4835.4000,4842.0000,4842.2000,4842.4000,4842.6000,4842.8000,1,1,1,1,1,1,1,2,1,1
SF,IC2001,2019-12-03 09:33:02.000,4840.4000,5945,0,99728600.000,0,-,-,-,-,4839.6000,4838.2000,4837.0000,4836.6000,4835.4000,4842.0000,4842.4000,4842.6000,4842.8000,4843.0000,1,1,1,1,1,1,1,1,1,1
SF,IC2001,2019-12-03 09:33:02.500,4840.4000,5945,0,99728600.000,0,-,-,-,-,4839.6000,4838.2000,4837.0000,4836.6000,4835.4000,4842.4000,4842.6000,4842.8000,4843.0000,4843.6000,1,1,1,1,1,1,1,1,1,1
SF,IC2001,2019-12-03 09:33:03.000,4840.4000,5945,0,99728600.000,0,-,-,-,-,4839.6000,4838.2000,4837.0000,4836.6000,4835.4000,4842.2000,4842.4000,4842.6000,4842.8000,4843.0000,1,1,1,1,1,1,2,1,1,1
SF,IC2001,2019-12-03 09:33:03.500,4840.4000,5945,0,99728600.000,0,-,-,-,-,4839.8000,4839.6000,4838.2000,4837.0000,4836.6000,4842.6000,4842.8000,4843.0000,4843.6000,4844.0000,3,2,1,1,1,1,1,1,1,2
SF,IC2001,2019-12-03 09:33:04.000,4840.4000,5945,0,99728600.000,0,-,-,-,-,4840.0000,4839.8000,4839.6000,4838.2000,4837.0000,4842.4000,4842.6000,4842.8000,4843.0000,4843.6000,1,1,1,1,1,1,1,1,1,1
SF,IC2001,2019-12-03 09:33:04.500,4840.4000,5945,0,99728600.000,0,-,-,-,-,4840.0000,4839.6000,4838.2000,4837.0000,4836.6000,4842.2000,4842.4000,4842.6000,4842.8000,4843.0000,1,1,1,1,1,1,2,1,1,1
SF,IC2001,2019-12-03 09:33:05.000,4840.4000,5945,0,99728600.000,0,-,-,-,-,4840.0000,4839.6000,4838.2000,4837.0000,4836.6000,4842.6000,4842.8000,4843.0000,4843.6000,4844.0000,1,1,1,1,1,1,1,1,1,2
SF,IC2001,2019-12-03 09:33:05.500,4840.4000,5945,0,99728600.000,0,-,-,-,-,4840.0000,4839.6000,4838.2000,4837.0000,4836.6000,4842.4000,4842.6000,4842.8000,4843.0000,4843.6000,1,1,1,1,1,2,1,1,1,1
SF,IC2001,2019-12-03 09:33:06.000,4840.4000,5945,0,99728600.000,0,-,-,-,-,4840.0000,4839.6000,4838.2000,4837.0000,4836.6000,4842.2000,4842.4000,4842.6000,4842.8000,4843.0000,1,1,1,1,1,1,2,1,1,1
SF,IC2001,2019-12-03 09:33:15.500,4840.4000,5945,0,99728600.000,0,-,-,-,-,4840.0000,4838.2000,4837.0000,4836.6000,4835.4000,4841.8000,4842.2000,4842.4000,4842.6000,4842.8000,1,1,1,1,1,1,1,2,1,1
SF,IC2001,2019-12-03 09:33:16.000,4840.0000,5944,-1,100696600.000,1,0,1,双平,S,4838.2000,4837.0000,4836.6000,4835.4000,4830.2000,4840.6000,4840.8000,4841.6000,4841.8000,4842.2000,1,1,1,1,1,1,1,6,1,1
SF,IC2001,2019-12-03 09:33:16.500,4840.0000,5944,0,100696600.000,0,-,-,-,-,4840.0000,4838.4000,4838.2000,4837.0000,4836.6000,4841.6000,4841.8000,4842.8000,4843.0000,4843.6000,1,3,1,1,1,3,1,1,1,1
SF,IC2001,2019-12-03 09:33:17.000,4840.0000,5944,0,101664600.000,1,0,1,多换,S,4838.4000,4838.2000,4837.0000,4836.6000,4835.4000,4841.2000,4841.4000,4841.6000,4841.8000,4842.4000,1,1,1,1,1,1,4,3,1,1
SF,IC2001,2019-12-03 09:33:17.500,4840.0000,5944,0,101664600.000,0,-,-,-,-,4838.4000,4838.2000,4837.0000,4836.6000,4835.4000,4841.0000,4841.4000,4841.6000,4841.8000,4842.4000,1,1,1,1,1,1,2,2,1,1
SF,IC2001,2019-12-03 09:33:18.000,4840.0000,5944,0,101664600.000,0,-,-,-,-,4838.4000,4838.2000,4837.0000,4836.6000,4835.4000,4841.0000,4841.4000,4841.6000,4841.8000,4842.4000,1,1,1,1,1,1,1,2,1,1
SF,IC2001,2019-12-03 09:33:20.500,4840.0000,5944,0,101664600.000,0,-,-,-,-,4838.4000,4838.2000,4837.0000,4836.6000,4835.4000,4840.8000,4841.0000,4841.4000,4841.6000,4841.8000,1,1,1,1,1,1,1,1,2,1
SF,IC2001,2019-12-03 09:33:21.000,4840.0000,5944,0,101664600.000,0,-,-,-,-,4838.4000,4838.2000,4837.0000,4836.6000,4835.4000,4840.6000,4840.8000,4841.4000,4841.6000,4841.8000,1,1,1,1,1,1,1,1,2,1
SF,IC2001,2019-12-03 09:33:22.000,4840.0000,5944,0,101664600.000,0,-,-,-,-,4838.4000,4838.2000,4837.0000,4836.6000,4835.4000,4840.0000,4840.6000,4840.8000,4841.4000,4841.6000,1,1,1,1,1,2,1,1,1,2
SF,IC2001,2019-12-03 09:33:22.500,4838.4000,5944,0,102632280.000,1,0,1,多换,S,4838.2000,4837.0000,4836.6000,4835.4000,4830.2000,4840.0000,4840.6000,4840.8000,4841.4000,4841.6000,1,1,1,1,1,2,1,1,1,2
SF,IC2001,2019-12-03 09:33:23.000,4838.2000,5944,0,103599920.000,1,0,1,多换,S,4837.0000,4836.6000,4835.4000,4830.2000,4828.0000,4839.8000,4840.0000,4840.8000,4841.4000,4841.6000,1,1,1,1,8,1,2,1,1,2
SF,IC2001,2019-12-03 09:33:23.500,4837.0000,5944,0,104567320.000,1,0,1,多换,S,4837.2000,4836.6000,4835.4000,4830.2000,4828.0000,4839.6000,4839.8000,4840.0000,4841.4000,4841.6000,1,1,1,1,8,2,3,2,1,1
SF,IC2001,2019-12-03 09:33:24.000,4837.0000,5944,0,104567320.000,0,-,-,-,-,4837.2000,4836.6000,4835.4000,4830.2000,4828.0000,4839.4000,4839.6000,4839.8000,4840.0000,4841.4000,1,1,1,1,8,1,1,2,2,1
SF,IC2001,2019-12-03 09:33:24.500,4837.0000,5944,0,104567320.000,0,-,-,-,-,4837.2000,4836.6000,4835.4000,4830.2000,4828.0000,4839.4000,4839.6000,4839.8000,4840.0000,4841.4000,1,1,1,1,8,1,1,2,2,1
SF,IC2001,2019-12-03 09:33:25.000,4837.0000,5944,0,104567320.000,0,-,-,-,-,4837.2000,4836.6000,4835.4000,4830.2000,4828.0000,4839.4000,4839.6000,4839.8000,4840.0000,4841.4000,1,1,1,1,8,1,1,2,2,1
SF,IC2001,2019-12-03 09:33:25.500,4837.0000,5944,0,104567320.000,0,-,-,-,-,4835.4000,4830.2000,4828.0000,4827.8000,4827.6000,4839.2000,4839.4000,4839.6000,4839.8000,4840.0000,1,1,8,4,10,1,1,1,2,2
SF,IC2001,2019-12-03 09:33:26.000,4837.0000,5944,0,104567320.000,0,-,-,-,-,4836.0000,4835.8000,4835.6000,4835.4000,4830.2000,4839.0000,4839.2000,4839.6000,4839.8000,4840.0000,1,2,6,1,1,1,1,1,2,2
SF,IC2001,2019-12-03 09:33:26.500,4837.0000,5944,0,104567320.000,0,-,-,-,-,4836.2000,4836.0000,4835.8000,4835.6000,4835.4000,4839.0000,4839.6000,4839.8000,4840.0000,4841.4000,2,1,2,5,1,1,1,2,2,1
SF,IC2001,2019-12-03 09:33:27.000,4837.0000,5944,0,104567320.000,0,-,-,-,-,4836.4000,4836.2000,4836.0000,4835.8000,4835.6000,4839.0000,4839.6000,4839.8000,4840.0000,4841.4000,1,2,1,2,4,1,1,2,2,1
SF,IC2001,2019-12-03 09:33:27.500,4837.0000,5944,0,104567320.000,0,-,-,-,-,4836.6000,4836.4000,4836.2000,4836.0000,4835.8000,4839.0000,4839.6000,4839.8000,4840.0000,4841.4000,1,1,1,1,2,1,1,2,2,1
SF,IC2001,2019-12-03 09:33:31.500,4837.0000,5944,0,104567320.000,0,-,-,-,-,4836.6000,4836.0000,4835.8000,4835.6000,4835.4000,4838.8000,4839.0000,4839.6000,4839.8000,4840.0000,1,1,2,4,1,1,1,1,2,2
SF,IC2001,2019-12-03 09:33:32.000,4836.6000,5943,-1,105534640.000,1,0,1,双平,S,4836.0000,4835.8000,4835.6000,4835.4000,4830.2000,4838.6000,4838.8000,4839.6000,4839.8000,4840.0000,1,2,4,1,1,1,1,1,2,2
SF,IC2001,2019-12-03 09:33:32.500,4836.6000,5943,0,105534640.000,0,-,-,-,-,4836.2000,4836.0000,4835.8000,4835.6000,4835.4000,4838.6000,4839.6000,4839.8000,4840.0000,4841.4000,6,1,2,4,1,1,1,2,2,1
SF,IC2001,2019-12-03 09:33:33.000,4836.6000,5943,0,105534640.000,0,-,-,-,-,4836.2000,4836.0000,4835.8000,4835.6000,4835.4000,4838.6000,4839.6000,4839.8000,4840.0000,4841.4000,7,1,2,4,1,1,1,2,2,1
SF,IC2001,2019-12-03 09:33:35.000,4836.6000,5943,0,105534640.000,0,-,-,-,-,4836.2000,4835.8000,4835.6000,4835.4000,4830.2000,4838.6000,4839.6000,4839.8000,4840.0000,4841.4000,2,2,3,1,1,1,1,2,2,1
SF,IC2001,2019-12-03 09:33:36.000,4836.6000,5943,0,105534640.000,0,-,-,-,-,4836.2000,4835.8000,4835.6000,4835.4000,4830.2000,4838.6000,4839.6000,4839.8000,4840.0000,4841.4000,3,2,3,1,1,1,1,2,2,1
SF,IC2001,2019-12-03 09:33:36.500,4836.6000,5943,0,105534640.000,0,-,-,-,-,4836.4000,4836.2000,4835.8000,4835.6000,4835.4000,4838.6000,4839.6000,4839.8000,4840.0000,4841.4000,2,4,2,3,1,1,1,2,2,1
SF,IC2001,2019-12-03 09:33:37.000,4836.6000,5943,0,105534640.000,0,-,-,-,-,4836.6000,4836.4000,4836.2000,4835.8000,4835.6000,4838.6000,4839.6000,4839.8000,4840.0000,4841.4000,1,2,3,2,3,1,1,2,2,1
SF,IC2001,2019-12-03 09:33:37.500,4836.6000,5943,0,105534640.000,0,-,-,-,-,4836.6000,4836.4000,4836.2000,4835.8000,4835.6000,4838.6000,4839.6000,4839.8000,4840.0000,4841.4000,1,1,3,2,3,1,1,2,2,1
SF,IC2001,2019-12-03 09:33:38.000,4836.6000,5943,0,105534640.000,0,-,-,-,-,4836.8000,4836.6000,4836.4000,4836.2000,4835.8000,4838.6000,4839.6000,4839.8000,4840.0000,4841.4000,3,2,1,3,2,1,1,1,2,1
SF,IC2001,2019-12-03 09:33:38.500,4836.6000,5943,0,105534640.000,0,-,-,-,-,4836.6000,4836.4000,4836.2000,4835.8000,4835.6000,4838.6000,4839.6000,4839.8000,4840.0000,4841.4000,2,1,3,2,3,1,1,1,2,1
SF,IC2001,2019-12-03 09:33:39.000,4836.6000,5943,0,105534640.000,0,-,-,-,-,4836.6000,4836.2000,4835.8000,4835.6000,4835.4000,4838.6000,4839.6000,4839.8000,4840.0000,4841.4000,2,3,2,3,1,1,1,1,2,1
SF,IC2001,2019-12-03 09:33:40.000,4838.6000,5943,0,106502360.000,1,0,1,多换,S,4838.6000,4836.8000,4836.6000,4836.2000,4835.8000,4839.6000,4839.8000,4840.0000,4841.4000,4841.8000,2,2,2,3,2,1,1,2,1,1
SF,IC2001,2019-12-03 09:33:40.500,4838.6000,5942,-1,108437800.000,2,0,2,多平,S,4836.8000,4836.6000,4836.2000,4835.8000,4835.6000,4839.0000,4839.2000,4839.4000,4839.6000,4839.8000,1,2,3,2,3,1,1,1,1,1
SF,IC2001,2019-12-03 09:33:41.000,4838.6000,5942,0,108437800.000,0,-,-,-,-,4837.0000,4836.8000,4836.6000,4836.2000,4835.8000,4839.0000,4839.6000,4839.8000,4840.0000,4841.4000,1,1,1,3,2,1,1,1,2,1
SF,IC2001,2019-12-03 09:33:45.500,4838.6000,5942,0,108437800.000,0,-,-,-,-,4837.0000,4836.6000,4836.2000,4835.8000,4835.6000,4839.0000,4839.6000,4839.8000,4840.0000,4841.4000,1,1,3,2,3,1,1,1,2,1
SF,IC2001,2019-12-03 09:33:46.000,4838.6000,5942,0,108437800.000,0,-,-,-,-,4837.0000,4836.6000,4836.2000,4835.8000,4835.6000,4839.0000,4839.6000,4839.8000,4840.0000,4841.4000,1,1,3,2,3,1,1,1,2,1
SF,IC2001,2019-12-03 09:33:46.500,4838.6000,5942,0,108437800.000,0,-,-,-,-,4837.0000,4836.6000,4836.2000,4835.8000,4835.6000,4839.0000,4839.6000,4839.8000,4841.4000,4841.8000,1,1,3,2,3,1,1,1,1,1
SF,IC2001,2019-12-03 09:33:48.000,4838.6000,5942,0,108437800.000,0,-,-,-,-,4837.2000,4837.0000,4836.6000,4836.2000,4836.0000,4839.0000,4839.8000,4841.4000,4841.8000,4842.4000,1,1,1,3,1,1,1,1,1,1
SF,IC2001,2019-12-03 09:33:48.500,4838.6000,5942,0,108437800.000,0,-,-,-,-,4837.4000,4836.6000,4836.2000,4836.0000,4835.8000,4839.8000,4841.4000,4841.8000,4842.4000,4843.0000,1,1,3,1,2,1,1,1,1,3
SF,IC2001,2019-12-03 09:33:49.000,4838.6000,5942,0,108437800.000,0,-,-,-,-,4837.4000,4836.6000,4836.2000,4836.0000,4835.8000,4839.6000,4839.8000,4841.4000,4841.8000,4842.4000,1,1,3,1,2,1,1,1,1,1
SF,IC2001,2019-12-03 09:33:49.500,4838.6000,5942,0,108437800.000,0,-,-,-,-,4837.6000,4837.4000,4836.6000,4836.2000,4836.0000,4838.6000,4839.8000,4841.4000,4841.8000,4842.4000,1,1,1,1,1,1,1,1,1,1
SF,IC2001,2019-12-03 09:33:50.000,4838.6000,5942,0,109405520.000,1,0,1,多换,S,4839.8000,4838.8000,4838.2000,4838.0000,4837.8000,4841.2000,4841.4000,4841.8000,4842.4000,4843.0000,1,1,1,2,3,1,1,1,1,3
SF,IC2001,2019-12-03 09:33:50.500,4838.6000,5942,0,109405520.000,0,-,-,-,-,4839.0000,4838.8000,4838.6000,4838.0000,4837.8000,4840.0000,4841.0000,4841.2000,4841.8000,4842.4000,2,1,4,2,7,1,1,1,1,1
SF,IC2001,2019-12-03 09:33:51.000,4840.0000,5942,0,111341520.000,2,1,1,多换,S,4839.0000,4838.8000,4838.6000,4838.0000,4837.8000,4841.0000,4841.2000,4841.8000,4842.4000,4843.0000,2,1,4,2,7,1,1,1,1,3
SF,IC2001,2019-12-03 09:33:51.500,4840.0000,5942,0,111341520.000,0,-,-,-,-,4838.6000,4838.0000,4837.8000,4837.6000,4836.6000,4841.0000,4841.2000,4841.8000,4842.4000,4843.0000,3,2,7,1,1,1,1,1,1,3
SF,IC2001,2019-12-03 09:33:52.000,4840.0000,5942,0,111341520.000,0,-,-,-,-,4838.6000,4838.0000,4837.8000,4837.6000,4836.6000,4840.8000,4841.0000,4841.2000,4841.8000,4842.4000,3,1,6,1,1,2,1,1,1,1
SF,IC2001,2019-12-03 09:33:52.500,4840.0000,5942,0,111341520.000,0,-,-,-,-,4836.6000,4836.0000,4835.8000,4835.6000,4835.4000,4839.6000,4839.8000,4840.6000,4840.8000,4841.2000,1,1,2,3,1,1,1,4,2,1
SF,IC2001,2019-12-03 09:33:53.000,4840.0000,5942,0,111341520.000,0,-,-,-,-,4837.4000,4837.2000,4837.0000,4836.8000,4836.6000,4840.6000,4840.8000,4841.2000,4841.8000,4842.4000,1,1,3,2,1,2,2,1,1,2
SF,IC2001,2019-12-03 09:33:53.500,4840.0000,5942,0,111341520.000,0,-,-,-,-,4837.6000,4837.4000,4837.2000,4837.0000,4836.8000,4840.6000,4840.8000,4841.2000,4841.8000,4842.4000,1,1,2,3,1,2,2,1,1,2
SF,IC2001,2019-12-03 09:33:55.000,4840.0000,5942,0,111341520.000,0,-,-,-,-,4837.6000,4837.4000,4837.0000,4836.8000,4836.6000,4840.4000,4840.6000,4840.8000,4841.2000,4841.8000,1,1,3,1,1,2,2,1,1,1
SF,IC2001,2019-12-03 09:33:55.500,4840.0000,5942,0,111341520.000,0,-,-,-,-,4837.6000,4837.0000,4836.6000,4836.0000,4835.8000,4839.0000,4840.0000,4840.2000,4840.4000,4840.6000,1,1,1,1,2,1,2,3,2,1
SF,IC2001,2019-12-03 09:33:56.000,4840.0000,5942,0,111341520.000,0,-,-,-,-,4837.6000,4836.6000,4836.0000,4835.8000,4835.6000,4840.0000,4840.2000,4840.4000,4840.6000,4840.8000,1,1,1,1,3,2,3,1,1,1
SF,IC2001,2019-12-03 09:33:56.500,4840.0000,5942,0,111341520.000,0,-,-,-,-,4836.0000,4835.8000,4835.6000,4835.4000,4830.2000,4837.6000,4838.6000,4839.4000,4839.6000,4839.8000,1,1,3,1,1,2,1,1,1,2
SF,IC2001,2019-12-03 09:33:57.000,4837.6000,5941,-1,113276560.000,2,0,2,多平,S,4836.2000,4836.0000,4835.8000,4835.6000,4835.4000,4838.8000,4839.4000,4839.6000,4839.8000,4840.0000,1,1,1,3,1,1,1,1,4,3
SF,IC2001,2019-12-03 09:33:57.500,4837.6000,5941,0,113276560.000,0,-,-,-,-,4836.6000,4836.4000,4836.2000,4836.0000,4835.8000,4838.8000,4839.4000,4839.6000,4839.8000,4840.0000,1,2,2,1,1,1,1,1,2,2
SF,IC2001,2019-12-03 09:33:58.000,4837.6000,5941,0,113276560.000,0,-,-,-,-,4836.6000,4836.4000,4836.2000,4836.0000,4835.8000,4838.8000,4839.4000,4839.6000,4839.8000,4840.0000,1,1,1,1,1,1,1,1,2,2
SF,IC2001,2019-12-03 09:33:58.500,4837.6000,5941,0,113276560.000,0,-,-,-,-,4836.8000,4836.6000,4836.4000,4836.0000,4835.8000,4838.8000,4839.6000,4839.8000,4840.0000,4840.2000,1,1,1,1,1,1,1,2,2,1
SF,IC2001,2019-12-03 09:33:59.000,4837.6000,5941,0,113276560.000,0,-,-,-,-,4837.0000,4836.8000,4836.4000,4836.0000,4835.8000,4838.8000,4839.6000,4839.8000,4840.0000,4840.2000,1,1,1,1,1,1,1,2,2,1
SF,IC2001,2019-12-03 09:33:59.500,4837.6000,5941,0,113276560.000,0,-,-,-,-,4837.0000,4836.8000,4836.4000,4836.0000,4835.8000,4838.8000,4839.6000,4839.8000,4840.0000,4840.2000,1,1,1,1,1,1,1,2,2,1
SF,IC2001,2019-12-03 09:34:00.000,4837.6000,5941,0,113276560.000,0,-,-,-,-,4837.0000,4836.8000,4836.0000,4835.8000,4835.6000,4838.8000,4839.6000,4839.8000,4840.0000,4840.2000,1,1,1,1,3,1,1,2,2,1
SF,IC2001,2019-12-03 09:34:00.500,4837.6000,5941,0,113276560.000,0,-,-,-,-,4836.0000,4835.8000,4835.6000,4835.4000,4830.2000,4838.0000,4838.6000,4838.8000,4839.8000,4840.0000,1,1,3,1,1,1,3,2,1,2
SF,IC2001,2019-12-03 09:34:01.000,4837.6000,5941,0,113276560.000,0,-,-,-,-,4836.0000,4835.6000,4835.4000,4830.2000,4828.0000,4837.8000,4838.6000,4838.8000,4839.8000,4840.0000,1,3,1,1,8,1,3,1,1,2
SF,IC2001,2019-12-03 09:34:01.500,4837.6000,5941,0,113276560.000,0,-,-,-,-,4836.0000,4835.4000,4830.2000,4828.0000,4827.8000,4837.0000,4837.8000,4838.6000,4838.8000,4839.8000,1,1,1,8,4,1,1,3,1,1
SF,IC2001,2019-12-03 09:34:02.000,4837.0000,5941,0,114243960.000,1,0,1,多换,S,4836.0000,4835.4000,4830.2000,4828.0000,4827.8000,4837.8000,4838.6000,4838.8000,4839.8000,4840.0000,2,1,1,8,4,1,3,1,1,2
SF,IC2001,2019-12-03 09:34:02.500,4837.0000,5941,0,114243960.000,0,-,-,-,-,4836.0000,4835.4000,4830.2000,4828.0000,4827.8000,4837.8000,4838.6000,4838.8000,4839.8000,4840.0000,2,1,1,8,4,1,3,1,1,2
SF,IC2001,2019-12-03 09:34:03.000,4837.0000,5941,0,114243960.000,0,-,-,-,-,4836.0000,4835.4000,4830.2000,4828.0000,4827.8000,4837.8000,4838.6000,4838.8000,4839.8000,4840.0000,1,1,1,8,4,1,3,1,1,2
SF,IC2001,2019-12-03 09:34:03.500,4836.0000,5942,1,115211160.000,1,1,0,双开,S,4836.0000,4835.4000,4830.2000,4828.0000,4827.8000,4837.8000,4838.6000,4838.8000,4839.8000,4840.0000,1,1,1,8,4,1,3,1,1,2
SF,IC2001,2019-12-03 09:34:04.000,4836.0000,5942,0,115211160.000,0,-,-,-,-,4836.0000,4835.4000,4830.2000,4828.0000,4827.8000,4838.6000,4838.8000,4839.8000,4840.0000,4840.2000,1,1,1,8,4,2,1,1,2,1
SF,IC2001,2019-12-03 09:34:04.500,4836.0000,5942,0,115211160.000,0,-,-,-,-,4836.2000,4836.0000,4835.4000,4830.2000,4828.0000,4838.4000,4838.8000,4839.8000,4840.0000,4840.2000,3,1,1,1,8,1,1,1,2,1
SF,IC2001,2019-12-03 09:34:05.000,4836.0000,5942,0,115211160.000,0,-,-,-,-,4836.4000,4836.2000,4835.4000,4830.2000,4828.0000,4838.4000,4838.8000,4839.8000,4840.0000,4840.2000,2,6,1,1,8,1,1,1,2,1
SF,IC2001,2019-12-03 09:34:05.500,4838.4000,5942,0,116178840.000,1,0,1,多换,S,4836.4000,4836.2000,4835.4000,4830.2000,4828.0000,4838.8000,4839.8000,4840.0000,4840.2000,4840.6000,2,6,1,1,8,1,1,2,1,1
SF,IC2001,2019-12-03 09:34:06.000,4838.4000,5942,0,116178840.000,0,-,-,-,-,4838.8000,4838.6000,4837.6000,4836.8000,4836.6000,4839.0000,4840.0000,4840.6000,4841.2000,4842.4000,1,1,1,3,5,1,1,1,1,1
SF,IC2001,2019-12-03 09:34:06.500,4839.0000,5941,-1,117146640.000,1,0,1,双平,S,4839.0000,4838.8000,4838.6000,4836.8000,4836.6000,4840.6000,4841.2000,4842.4000,4843.0000,4844.0000,1,1,1,3,5,1,1,1,3,2
SF,IC2001,2019-12-03 09:34:07.000,4839.0000,5941,0,118114440.000,1,0,1,多换,S,4836.8000,4836.6000,4836.4000,4836.2000,4835.4000,4840.4000,4840.6000,4841.2000,4842.4000,4843.0000,3,5,2,6,1,1,1,1,1,3
SF,IC2001,2019-12-03 09:34:07.500,4839.0000,5941,0,118114440.000,0,-,-,-,-,4837.4000,4837.0000,4836.8000,4836.6000,4836.4000,4840.4000,4841.2000,4842.4000,4843.0000,4844.0000,1,4,3,5,1,1,1,1,3,2
SF,IC2001,2019-12-03 09:34:08.000,4839.0000,5941,0,118114440.000,0,-,-,-,-,4837.6000,4837.4000,4837.0000,4836.8000,4836.6000,4840.4000,4841.2000,4842.4000,4843.0000,4844.0000,3,1,3,2,5,1,1,1,3,2
SF,IC2001,2019-12-03 09:34:08.500,4839.0000,5941,0,118114440.000,0,-,-,-,-,4837.8000,4837.6000,4837.4000,4837.0000,4836.8000,4840.4000,4841.2000,4842.4000,4843.0000,4844.0000,1,3,1,3,2,1,1,1,3,2
SF,IC2001,2019-12-03 09:34:09.000,4839.0000,5941,0,118114440.000,0,-,-,-,-,4838.0000,4837.6000,4837.4000,4837.0000,4836.8000,4840.2000,4840.4000,4841.2000,4842.4000,4843.0000,1,1,1,3,2,1,1,1,1,3
SF,IC2001,2019-12-03 09:34:09.500,4839.0000,5941,0,118114440.000,0,-,-,-,-,4838.0000,4837.0000,4836.8000,4836.6000,4836.4000,4839.2000,4840.0000,4840.2000,4840.4000,4841.2000,1,1,1,5,1,1,3,1,1,1
SF,IC2001,2019-12-03 09:34:10.000,4839.0000,5941,0,118114440.000,0,-,-,-,-,4838.0000,4836.8000,4836.6000,4836.4000,4836.2000,4840.0000,4840.4000,4841.2000,4842.0000,4842.4000,1,1,5,1,3,1,1,1,1,1
SF,IC2001,2019-12-03 09:34:10.500,4839.0000,5941,0,118114440.000,0,-,-,-,-,4838.0000,4836.8000,4836.6000,4836.4000,4836.2000,4840.0000,4841.2000,4842.0000,4842.4000,4843.0000,1,1,5,1,3,2,1,1,1,3
SF,IC2001,2019-12-03 09:34:13.000,4839.0000,5941,0,118114440.000,0,-,-,-,-,4838.0000,4836.8000,4836.6000,4836.4000,4836.2000,4840.0000,4841.2000,4842.0000,4842.4000,4843.0000,1,1,5,1,3,1,1,1,1,3
SF,IC2001,2019-12-03 09:34:13.500,4839.0000,5941,0,118114440.000,0,-,-,-,-,4838.0000,4836.8000,4836.6000,4836.4000,4836.2000,4841.2000,4842.0000,4842.4000,4843.0000,4844.0000,1,1,5,1,3,1,1,1,3,2
SF,IC2001,2019-12-03 09:34:14.000,4839.0000,5941,0,118114440.000,0,-,-,-,-,4838.2000,4838.0000,4836.8000,4836.6000,4836.4000,4841.0000,4841.2000,4842.0000,4842.4000,4843.0000,2,1,1,5,1,2,1,1,1,3
SF,IC2001,2019-12-03 09:34:14.500,4839.0000,5941,0,118114440.000,0,-,-,-,-,4838.4000,4836.8000,4836.6000,4836.4000,4836.2000,4840.8000,4841.0000,4841.2000,4842.0000,4842.4000,1,1,5,1,3,2,3,1,1,1
SF,IC2001,2019-12-03 09:34:15.000,4839.0000,5941,0,118114440.000,0,-,-,-,-,4838.4000,4836.8000,4836.6000,4836.4000,4836.2000,4840.4000,4840.6000,4840.8000,4841.0000,4841.2000,1,1,5,1,3,1,1,2,2,1
SF,IC2001,2019-12-03 09:34:16.000,4839.0000,5941,0,118114440.000,0,-,-,-,-,4838.4000,4836.8000,4836.6000,4836.4000,4836.2000,4840.4000,4840.6000,4840.8000,4841.0000,4841.2000,1,1,5,1,3,1,1,1,2,1
SF,IC2001,2019-12-03 09:34:16.500,4839.0000,5941,0,118114440.000,0,-,-,-,-,4838.4000,4836.8000,4836.6000,4836.4000,4836.2000,4840.2000,4840.4000,4840.8000,4841.0000,4841.2000,1,1,5,1,3,2,1,1,2,1
SF,IC2001,2019-12-03 09:34:17.000,4839.0000,5941,0,118114440.000,0,-,-,-,-,4838.4000,4836.8000,4836.6000,4836.4000,4836.2000,4840.4000,4840.8000,4841.0000,4841.2000,4842.0000,1,1,5,1,3,1,1,2,1,1
SF,IC2001,2019-12-03 09:34:17.500,4839.0000,5941,0,118114440.000,0,-,-,-,-,4838.4000,4836.8000,4836.6000,4836.4000,4836.2000,4840.4000,4840.8000,4841.0000,4841.2000,4842.0000,1,1,5,1,3,2,1,2,1,1
SF,IC2001,2019-12-03 09:34:18.000,4838.4000,5941,0,119082120.000,1,0,1,多换,S,4836.8000,4836.6000,4836.4000,4836.2000,4835.4000,4839.4000,4840.2000,4840.4000,4840.8000,4841.2000,1,5,1,3,1,1,3,2,1,1
SF,IC2001,2019-12-03 09:34:18.500,4838.4000,5941,0,119082120.000,0,-,-,-,-,4837.0000,4836.8000,4836.6000,4836.4000,4836.2000,4839.4000,4840.2000,4840.4000,4840.8000,4841.2000,2,1,4,1,3,1,3,1,1,1
SF,IC2001,2019-12-03 09:34:19.000,4838.4000,5941,0,119082120.000,0,-,-,-,-,4837.0000,4836.8000,4836.6000,4836.4000,4836.2000,4840.0000,4840.2000,4840.4000,4840.8000,4841.2000,2,1,4,1,3,1,3,1,1,1
SF,IC2001,2019-12-03 09:34:19.500,4838.4000,5941,0,119082120.000,0,-,-,-,-,4837.0000,4836.8000,4836.6000,4836.4000,4836.2000,4839.8000,4840.0000,4840.2000,4840.4000,4840.8000,2,1,4,1,3,1,1,3,1,1
SF,IC2001,2019-12-03 09:34:20.000,4838.4000,5941,0,119082120.000,0,-,-,-,-,4837.2000,4837.0000,4836.6000,4836.4000,4836.2000,4839.6000,4839.8000,4840.0000,4840.2000,4840.4000,1,2,4,1,2,1,2,1,2,1
SF,IC2001,2019-12-03 09:34:20.500,4838.4000,5941,0,119082120.000,0,-,-,-,-,4837.4000,4837.2000,4837.0000,4836.6000,4836.4000,4839.8000,4840.0000,4840.2000,4840.4000,4840.8000,1,1,1,4,1,2,1,2,1,1
SF,IC2001,2019-12-03 09:34:21.000,4838.4000,5941,0,119082120.000,0,-,-,-,-,4837.6000,4837.4000,4837.2000,4837.0000,4836.6000,4839.8000,4840.0000,4840.2000,4840.4000,4840.8000,1,4,1,1,4,1,1,1,1,1
SF,IC2001,2019-12-03 09:34:21.500,4838.4000,5941,0,119082120.000,0,-,-,-,-,4837.8000,4837.6000,4837.4000,4837.2000,4837.0000,4840.0000,4840.2000,4840.4000,4840.8000,4841.2000,1,1,3,1,1,1,1,1,1,1
SF,IC2001,2019-12-03 09:34:22.000,4838.4000,5941,0,119082120.000,0,-,-,-,-,4837.8000,4837.2000,4837.0000,4836.6000,4836.4000,4840.0000,4840.2000,4840.4000,4840.8000,4841.2000,1,1,1,4,1,1,1,1,1,1
SF,IC2001,2019-12-03 09:34:22.500,4838.4000,5941,0,119082120.000,0,-,-,-,-,4838.0000,4837.8000,4837.2000,4836.6000,4836.4000,4840.0000,4840.4000,4840.8000,4841.2000,4842.0000,3,1,1,4,1,1,1,1,1,1
SF,IC2001,2019-12-03 09:34:23.000,4838.4000,5941,0,119082120.000,0,-,-,-,-,4838.2000,4838.0000,4837.4000,4837.2000,4836.6000,4840.0000,4840.4000,4841.2000,4842.0000,4842.4000,1,1,1,1,4,1,1,1,1,1
SF,IC2001,2019-12-03 09:34:23.500,4840.0000,5942,1,120050120.000,1,1,0,双开,S,4840.0000,4838.2000,4838.0000,4837.4000,4837.2000,4840.4000,4841.2000,4842.0000,4842.4000,4843.0000,1,1,1,1,1,1,1,1,1,3
SF,IC2001,2019-12-03 09:34:24.000,4840.4000,5942,0,121018200.000,1,0,1,多换,S,4840.4000,4840.0000,4838.4000,4838.2000,4838.0000,4842.0000,4842.4000,4843.0000,4844.0000,4844.6000,1,1,1,2,1,1,1,3,2,1
SF,IC2001,2019-12-03 09:34:24.500,4840.4000,5942,0,121018200.000,0,-,-,-,-,4840.4000,4838.4000,4838.2000,4838.0000,4837.4000,4841.0000,4841.2000,4841.8000,4842.0000,4842.4000,1,1,2,1,1,1,1,2,1,1
SF,IC2001,2019-12-03 09:34:25.000,4841.0000,5942,0,121986400.000,1,0,1,多换,S,4840.4000,4838.4000,4838.2000,4838.0000,4837.4000,4841.8000,4842.0000,4842.4000,4843.0000,4844.0000,1,1,2,1,1,3,1,1,3,2
SF,IC2001,2019-12-03 09:34:26.000,4841.0000,5942,0,121986400.000,0,-,-,-,-,4840.4000,4838.4000,4838.2000,4838.0000,4837.4000,4841.8000,4843.0000,4844.0000,4844.6000,4845.0000,1,1,2,1,1,1,3,3,1,2
SF,IC2001,2019-12-03 09:34:26.500,4841.0000,5942,0,121986400.000,0,-,-,-,-,4840.4000,4839.4000,4838.4000,4838.2000,4838.0000,4841.8000,4843.0000,4844.0000,4844.6000,4845.0000,1,1,1,2,1,1,3,3,1,2
SF,IC2001,2019-12-03 09:34:27.000,4841.0000,5942,0,121986400.000,0,-,-,-,-,4840.4000,4839.4000,4838.4000,4838.2000,4838.0000,4841.8000,4842.2000,4843.0000,4844.0000,4844.6000,1,1,1,2,1,1,1,3,3,1
SF,IC2001,2019-12-03 09:34:28.500,4841.0000,5942,0,121986400.000,0,-,-,-,-,4840.4000,4839.4000,4838.4000,4838.2000,4838.0000,4841.8000,4842.2000,4843.0000,4844.0000,4844.6000,1,1,1,2,1,1,1,3,3,1
SF,IC2001,2019-12-03 09:34:29.000,4841.0000,5942,0,121986400.000,0,-,-,-,-,4840.6000,4840.4000,4839.4000,4838.4000,4838.2000,4842.2000,4843.0000,4844.0000,4844.6000,4845.0000,1,1,1,1,1,1,3,3,1,2
SF,IC2001,2019-12-03 09:34:29.500,4841.0000,5942,0,121986400.000,0,-,-,-,-,4840.4000,4839.4000,4838.4000,4838.2000,4838.0000,4842.0000,4842.2000,4843.0000,4844.0000,4844.6000,1,1,1,1,1,1,1,3,3,1
SF,IC2001,2019-12-03 09:34:30.000,4841.0000,5942,0,121986400.000,0,-,-,-,-,4840.6000,4839.4000,4838.4000,4838.2000,4838.0000,4842.0000,4842.2000,4843.0000,4844.0000,4844.6000,1,1,1,1,1,1,1,3,3,1
SF,IC2001,2019-12-03 09:34:32.500,4840.6000,5942,0,122954520.000,1,0,1,多换,S,4839.4000,4838.4000,4838.2000,4838.0000,4837.4000,4842.0000,4842.2000,4843.0000,4844.0000,4844.6000,1,1,1,1,1,1,1,3,3,1
SF,IC2001,2019-12-03 09:34:33.000,4840.6000,5942,0,122954520.000,0,-,-,-,-,4839.6000,4839.4000,4838.4000,4838.2000,4838.0000,4842.0000,4842.2000,4843.0000,4844.0000,4844.6000,2,2,1,1,1,1,1,3,3,1
SF,IC2001,2019-12-03 09:34:33.500,4840.6000,5942,0,122954520.000,0,-,-,-,-,4839.6000,4839.4000,4838.4000,4838.2000,4838.0000,4842.0000,4842.2000,4843.0000,4844.0000,4844.6000,2,1,1,1,1,1,1,3,3,1
SF,IC2001,2019-12-03 09:34:34.000,4840.6000,5942,0,122954520.000,0,-,-,-,-,4839.6000,4838.4000,4838.2000,4838.0000,4837.4000,4841.8000,4842.0000,4842.2000,4843.0000,4844.0000,1,1,1,1,1,3,1,1,3,3
SF,IC2001,2019-12-03 09:34:34.500,4840.6000,5942,0,122954520.000,0,-,-,-,-,4838.6000,4838.4000,4838.2000,4838.0000,4837.4000,4841.6000,4841.8000,4842.2000,4843.0000,4844.0000,1,1,1,1,1,1,3,1,3,3
SF,IC2001,2019-12-03 09:34:35.000,4840.6000,5942,0,122954520.000,0,-,-,-,-,4838.8000,4838.6000,4838.4000,4838.2000,4837.4000,4841.6000,4841.8000,4842.2000,4843.0000,4844.0000,5,1,1,1,1,1,2,1,3,3
SF,IC2001,2019-12-03 09:34:36.500,4840.6000,5942,0,122954520.000,0,-,-,-,-,4838.8000,4838.6000,4838.4000,4838.2000,4837.4000,4841.6000,4841.8000,4842.2000,4843.0000,4844.0000,3,1,1,1,1,1,2,1,3,3
SF,IC2001,2019-12-03 09:34:37.000,4840.6000,5942,0,122954520.000,0,-,-,-,-,4839.4000,4839.2000,4839.0000,4838.8000,4838.4000,4841.6000,4842.2000,4843.0000,4844.0000,4844.6000,1,1,4,3,1,1,1,3,3,1
SF,IC2001,2019-12-03 09:34:37.500,4840.6000,5942,0,122954520.000,0,-,-,-,-,4839.6000,4839.4000,4839.2000,4839.0000,4838.8000,4841.6000,4842.2000,4843.0000,4844.0000,4844.6000,5,1,2,4,1,1,1,3,3,1
SF,IC2001,2019-12-03 09:34:39.000,4840.6000,5942,0,122954520.000,0,-,-,-,-,4839.6000,4839.4000,4839.2000,4839.0000,4838.8000,4841.6000,4842.2000,4843.0000,4844.0000,4844.6000,4,1,2,4,1,1,1,3,3,1
SF,IC2001,2019-12-03 09:34:40.000,4840.6000,5942,0,122954520.000,0,-,-,-,-,4839.6000,4839.0000,4838.4000,4838.2000,4837.4000,4841.6000,4842.2000,4843.0000,4844.0000,4844.6000,2,2,1,1,1,1,1,3,3,1
SF,IC2001,2019-12-03 09:34:41.000,4840.6000,5942,0,122954520.000,0,-,-,-,-,4839.6000,4839.0000,4838.4000,4838.2000,4837.4000,4841.6000,4842.2000,4843.0000,4844.0000,4844.6000,1,2,1,1,1,1,1,3,3,1
SF,IC2001,2019-12-03 09:34:43.000,4840.6000,5942,0,122954520.000,0,-,-,-,-,4839.6000,4839.0000,4838.4000,4838.2000,4838.0000,4841.6000,4842.2000,4843.0000,4844.0000,4844.6000,1,2,1,1,1,1,1,3,3,1
SF,IC2001,2019-12-03 09:34:43.500,4840.6000,5942,0,122954520.000,0,-,-,-,-,4839.6000,4839.0000,4838.4000,4838.2000,4838.0000,4841.6000,4842.2000,4843.0000,4844.0000,4844.6000,1,1,1,1,1,1,1,3,3,1
SF,IC2001,2019-12-03 09:34:44.500,4840.6000,5942,0,122954520.000,0,-,-,-,-,4839.6000,4838.4000,4838.2000,4838.0000,4837.4000,4841.6000,4842.2000,4843.0000,4844.0000,4844.6000,1,1,1,1,1,1,1,3,3,1
SF,IC2001,2019-12-03 09:34:45.000,4840.6000,5942,0,122954520.000,0,-,-,-,-,4839.6000,4839.4000,4838.4000,4838.2000,4838.0000,4842.2000,4843.0000,4844.0000,4844.6000,4845.0000,1,1,1,1,1,1,3,3,1,2
SF,IC2001,2019-12-03 09:34:45.500,4839.8000,5942,0,123922480.000,1,0,1,多换,S,4839.8000,4839.6000,4839.4000,4838.4000,4838.2000,4842.0000,4842.2000,4843.0000,4844.0000,4844.6000,2,1,1,1,1,1,1,3,3,1
SF,IC2001,2019-12-03 09:34:46.000,4839.8000,5942,0,124890440.000,1,0,1,多换,S,4839.8000,4839.4000,4838.4000,4838.2000,4838.0000,4841.8000,4842.2000,4843.0000,4844.0000,4844.6000,2,1,1,1,1,1,1,3,3,1
SF,IC2001,2019-12-03 09:34:46.500,4839.8000,5942,0,124890440.000,0,-,-,-,-,4840.0000,4839.8000,4839.4000,4838.4000,4838.2000,4841.8000,4842.2000,4843.0000,4844.0000,4844.6000,1,2,1,1,1,1,1,3,3,1
SF,IC2001,2019-12-03 09:34:47.000,4841.8000,5942,0,125858800.000,1,0,1,多换,S,4840.2000,4840.0000,4839.8000,4839.4000,4838.4000,4842.2000,4843.0000,4844.0000,4844.6000,4845.0000,1,1,2,1,1,1,3,3,1,2
SF,IC2001,2019-12-03 09:34:47.500,4841.8000,5942,0,125858800.000,0,-,-,-,-,4840.4000,4840.2000,4839.8000,4839.4000,4838.4000,4842.0000,4842.2000,4843.0000,4844.0000,4844.6000,1,2,2,1,1,1,1,3,3,1
SF,IC2001,2019-12-03 09:34:52.000,4841.8000,5942,0,125858800.000,0,-,-,-,-,4840.4000,4840.2000,4839.8000,4839.4000,4838.4000,4842.0000,4842.2000,4843.0000,4844.0000,4844.6000,1,2,2,1,1,2,1,3,3,1
SF,IC2001,2019-12-03 09:34:53.500,4842.0000,5943,1,127795600.000,2,1,1,空开,S,4840.8000,4840.6000,4840.4000,4840.2000,4839.8000,4842.2000,4843.0000,4844.0000,4844.6000,4845.0000,2,4,1,2,1,1,3,2,1,2
SF,IC2001,2019-12-03 09:34:54.000,4842.0000,5943,0,128764000.000,1,0,1,多换,S,4840.8000,4840.6000,4840.4000,4840.2000,4839.8000,4842.0000,4842.2000,4843.0000,4844.0000,4844.6000,1,1,1,2,1,2,1,3,2,1
SF,IC2001,2019-12-03 09:34:55.000,4842.0000,5943,0,128764000.000,0,-,-,-,-,4840.8000,4840.6000,4840.4000,4840.2000,4840.0000,4842.0000,4842.2000,4843.0000,4844.0000,4844.6000,1,1,1,2,1,2,1,3,2,1
SF,IC2001,2019-12-03 09:34:56.000,4842.0000,5942,-1,130700800.000,2,0,2,多平,S,4842.0000,4840.8000,4840.6000,4840.4000,4840.2000,4842.2000,4843.0000,4844.0000,4844.6000,4845.0000,2,1,1,1,2,1,3,2,1,2
SF,IC2001,2019-12-03 09:34:56.500,4842.2000,5942,0,133606040.000,3,1,2,多换,S,4841.0000,4840.8000,4840.6000,4840.4000,4840.2000,4843.0000,4844.0000,4844.6000,4845.0000,4845.2000,3,1,1,1,2,3,2,1,2,1
SF,IC2001,2019-12-03 09:34:57.000,4842.2000,5942,0,133606040.000,0,-,-,-,-,4840.8000,4840.6000,4840.2000,4840.0000,4839.8000,4842.8000,4843.0000,4844.0000,4844.6000,4845.0000,1,1,2,1,1,1,3,2,1,2
SF,IC2001,2019-12-03 09:34:57.500,4841.0000,5941,-1,134574240.000,1,0,1,双平,S,4841.0000,4840.8000,4840.6000,4840.2000,4840.0000,4842.8000,4843.0000,4844.0000,4844.6000,4845.0000,1,1,1,2,1,1,3,2,1,2
SF,IC2001,2019-12-03 09:34:58.000,4841.0000,5941,0,134574240.000,0,-,-,-,-,4840.8000,4840.0000,4839.8000,4839.4000,4838.4000,4842.8000,4843.0000,4844.0000,4844.6000,4845.0000,1,1,1,1,1,1,3,2,1,2
SF,IC2001,2019-12-03 09:35:00.000,4841.0000,5941,0,134574240.000,0,-,-,-,-,4841.0000,4840.8000,4840.0000,4839.8000,4839.4000,4842.8000,4843.0000,4844.0000,4844.6000,4845.0000,1,1,1,1,1,1,3,2,1,2
SF,IC2001,2019-12-03 09:35:00.500,4841.0000,5941,0,134574240.000,0,-,-,-,-,4841.0000,4840.8000,4840.0000,4839.8000,4839.4000,4842.8000,4843.0000,4844.0000,4844.6000,4845.0000,4,1,1,1,1,1,3,2,1,2
SF,IC2001,2019-12-03 09:35:01.000,4841.0000,5941,0,134574240.000,0,-,-,-,-,4841.0000,4840.8000,4840.0000,4839.8000,4839.4000,4842.8000,4843.0000,4844.0000,4844.6000,4845.0000,2,1,1,1,1,1,3,2,1,2
SF,IC2001,2019-12-03 09:35:01.500,4841.0000,5941,0,134574240.000,0,-,-,-,-,4841.2000,4841.0000,4840.8000,4840.0000,4839.8000,4842.8000,4843.0000,4844.0000,4844.6000,4845.0000,2,2,1,1,1,1,3,2,1,2
SF,IC2001,2019-12-03 09:35:02.500,4841.0000,5939,-2,136510640.000,2,0,2,双平,S,4840.8000,4840.0000,4839.8000,4839.4000,4838.4000,4842.8000,4843.0000,4844.0000,4844.6000,4845.0000,1,1,1,1,1,1,3,2,1,2
SF,IC2001,2019-12-03 09:35:03.000,4841.0000,5939,0,136510640.000,0,-,-,-,-,4840.0000,4839.4000,4838.4000,4838.2000,4838.0000,4842.8000,4843.0000,4844.0000,4844.6000,4845.0000,1,1,1,1,1,1,3,2,1,2
SF,IC2001,2019-12-03 09:35:03.500,4841.0000,5939,0,136510640.000,0,-,-,-,-,4840.2000,4840.0000,4839.4000,4838.4000,4838.2000,4842.8000,4843.0000,4844.0000,4844.6000,4845.0000,1,1,1,1,1,1,3,2,1,2
SF,IC2001,2019-12-03 09:35:04.000,4841.0000,5939,0,136510640.000,0,-,-,-,-,4840.6000,4840.4000,4840.2000,4840.0000,4839.4000,4842.6000,4842.8000,4843.0000,4844.0000,4844.6000,1,1,6,1,1,1,1,3,2,1
SF,IC2001,2019-12-03 09:35:04.500,4842.8000,5939,0,138447720.000,2,1,1,多换,S,4840.8000,4840.6000,4840.4000,4840.2000,4840.0000,4843.0000,4844.0000,4844.6000,4845.0000,4845.2000,1,2,1,5,1,3,2,1,2,1
SF,IC2001,2019-12-03 09:35:05.000,4842.8000,5939,0,138447720.000,0,-,-,-,-,4842.6000,4841.0000,4840.8000,4840.6000,4840.4000,4843.0000,4844.0000,4844.6000,4845.0000,4845.2000,1,2,4,2,1,3,2,1,2,1
SF,IC2001,2019-12-03 09:35:05.500,4843.0000,5937,-2,141353520.000,3,0,3,多平,S,4843.2000,4843.0000,4841.0000,4840.8000,4840.6000,4844.0000,4844.6000,4845.0000,4845.2000,4847.8000,1,2,2,4,2,2,1,2,1,1
SF,IC2001,2019-12-03 09:35:06.000,4843.0000,5937,0,141353520.000,0,-,-,-,-,4843.2000,4843.0000,4841.0000,4840.8000,4840.6000,4843.8000,4844.0000,4844.6000,4845.0000,4845.2000,1,1,2,4,2,1,2,1,2,1
SF,IC2001,2019-12-03 09:35:06.500,4844.0000,5936,-1,143291080.000,2,0,2,多平,S,4843.2000,4843.0000,4841.8000,4841.0000,4840.8000,4844.0000,4844.6000,4845.0000,4846.4000,4847.8000,1,1,1,2,4,1,1,2,1,1
SF,IC2001,2019-12-03 09:35:07.000,4844.0000,5935,-1,144259880.000,1,0,1,双平,S,4843.4000,4843.2000,4843.0000,4841.8000,4841.0000,4844.6000,4845.0000,4846.4000,4847.8000,4848.0000,1,1,1,1,2,1,2,1,1,1
SF,IC2001,2019-12-03 09:35:07.500,4844.0000,5935,0,144259880.000,0,-,-,-,-,4843.2000,4843.0000,4841.8000,4841.0000,4840.8000,4844.6000,4845.0000,4846.4000,4847.8000,4848.0000,1,1,1,2,3,1,2,1,1,1
SF,IC2001,2019-12-03 09:35:08.500,4844.0000,5935,0,144259880.000,0,-,-,-,-,4843.4000,4843.2000,4843.0000,4841.8000,4841.0000,4844.6000,4845.0000,4846.4000,4847.8000,4848.0000,1,1,1,1,1,1,2,1,1,1
SF,IC2001,2019-12-03 09:35:09.000,4844.0000,5935,0,144259880.000,0,-,-,-,-,4843.4000,4843.2000,4843.0000,4841.8000,4841.0000,4844.6000,4845.0000,4846.4000,4847.8000,4848.0000,1,1,2,1,1,1,2,1,1,1
SF,IC2001,2019-12-03 09:35:10.000,4844.0000,5935,0,144259880.000,0,-,-,-,-,4843.4000,4843.0000,4841.8000,4841.0000,4840.8000,4844.6000,4845.0000,4846.4000,4847.8000,4848.0000,1,2,1,1,3,1,2,1,1,1
SF,IC2001,2019-12-03 09:35:11.000,4844.6000,5935,0,145228800.000,1,0,1,多换,S,4844.6000,4843.4000,4843.0000,4841.8000,4841.0000,4845.0000,4846.4000,4847.8000,4848.0000,4848.8000,1,1,2,1,1,2,1,1,1,5
SF,IC2001,2019-12-03 09:35:11.500,4844.6000,5935,0,146197720.000,1,0,1,多换,S,4843.4000,4843.0000,4841.8000,4841.0000,4840.8000,4844.6000,4845.0000,4846.4000,4847.8000,4848.0000,1,2,1,1,3,1,2,1,1,1
SF,IC2001,2019-12-03 09:35:12.000,4844.6000,5935,0,146197720.000,0,-,-,-,-,4843.4000,4843.0000,4841.8000,4841.0000,4840.8000,4844.4000,4844.6000,4845.0000,4846.4000,4847.8000,1,1,1,1,3,1,2,2,1,1
SF,IC2001,2019-12-03 09:35:12.500,4844.6000,5935,0,146197720.000,0,-,-,-,-,4843.0000,4841.8000,4841.0000,4840.8000,4840.6000,4844.4000,4844.6000,4845.0000,4846.4000,4847.8000,1,1,1,3,2,1,2,2,1,1
SF,IC2001,2019-12-03 09:35:13.500,4844.6000,5935,0,146197720.000,0,-,-,-,-,4843.0000,4841.8000,4841.0000,4840.8000,4840.6000,4844.4000,4844.6000,4845.0000,4846.4000,4847.8000,1,1,1,3,2,1,1,2,1,1
SF,IC2001,2019-12-03 09:35:14.500,4843.0000,5935,0,147166320.000,1,0,1,多换,S,4841.0000,4840.6000,4840.4000,4840.2000,4839.4000,4843.0000,4844.2000,4844.4000,4844.6000,4845.0000,1,2,1,5,1,1,2,1,1,2
SF,IC2001,2019-12-03 09:35:15.000,4843.0000,5935,0,147166320.000,0,-,-,-,-,4841.2000,4841.0000,4840.6000,4840.4000,4840.2000,4843.0000,4844.2000,4844.4000,4844.6000,4845.0000,1,1,2,1,5,1,2,1,1,2
SF,IC2001,2019-12-03 09:35:15.500,4843.0000,5935,0,147166320.000,0,-,-,-,-,4841.4000,4841.2000,4841.0000,4840.6000,4840.4000,4843.0000,4844.2000,4844.4000,4844.6000,4845.0000,1,1,1,2,1,1,2,1,1,2
SF,IC2001,2019-12-03 09:35:16.000,4843.0000,5935,0,147166320.000,0,-,-,-,-,4841.6000,4841.4000,4841.0000,4840.6000,4840.4000,4843.0000,4844.2000,4844.4000,4844.6000,4845.0000,1,1,1,2,1,1,2,1,1,2
SF,IC2001,2019-12-03 09:35:17.000,4843.0000,5935,0,147166320.000,0,-,-,-,-,4841.8000,4841.6000,4841.0000,4840.6000,4840.4000,4843.0000,4844.2000,4844.4000,4844.6000,4845.0000,1,1,1,2,1,1,2,1,1,2
SF,IC2001,2019-12-03 09:35:17.500,4843.0000,5935,0,147166320.000,0,-,-,-,-,4842.0000,4841.8000,4841.0000,4840.6000,4840.4000,4843.0000,4844.2000,4844.4000,4844.6000,4845.0000,1,1,1,2,1,1,2,1,1,2
SF,IC2001,2019-12-03 09:35:18.000,4843.0000,5935,0,147166320.000,0,-,-,-,-,4842.0000,4841.8000,4841.0000,4840.6000,4840.4000,4844.4000,4844.6000,4845.0000,4846.4000,4847.8000,1,1,1,2,1,1,1,2,1,1
SF,IC2001,2019-12-03 09:35:19.000,4842.2000,5935,0,148134760.000,1,0,1,多换,S,4842.0000,4841.0000,4840.6000,4840.4000,4840.2000,4844.4000,4844.6000,4845.0000,4846.4000,4847.8000,1,1,2,1,5,1,1,2,1,1
SF,IC2001,2019-12-03 09:35:19.500,4842.2000,5935,0,148134760.000,0,-,-,-,-,4842.0000,4841.0000,4840.6000,4840.4000,4840.2000,4844.4000,4844.6000,4845.0000,4846.4000,4847.8000,1,1,2,1,5,1,1,3,1,1
SF,IC2001,2019-12-03 09:35:21.500,4842.2000,5935,0,148134760.000,0,-,-,-,-,4842.0000,4841.8000,4841.0000,4840.6000,4840.4000,4844.4000,4844.6000,4845.0000,4846.4000,4847.8000,1,1,1,2,1,1,1,3,1,1
SF,IC2001,2019-12-03 09:35:22.000,4842.2000,5935,0,148134760.000,0,-,-,-,-,4842.0000,4841.8000,4841.0000,4840.6000,4840.4000,4844.2000,4844.4000,4844.6000,4845.0000,4846.4000,1,1,1,2,1,1,1,1,3,1
SF,IC2001,2019-12-03 09:35:24.000,4842.2000,5935,0,148134760.000,0,-,-,-,-,4842.2000,4842.0000,4841.8000,4841.0000,4840.6000,4844.2000,4844.4000,4844.6000,4845.0000,4846.4000,3,1,1,1,1,1,1,1,3,1
SF,IC2001,2019-12-03 09:35:24.500,4842.2000,5935,0,148134760.000,0,-,-,-,-,4842.8000,4842.6000,4842.4000,4842.2000,4841.8000,4844.2000,4844.6000,4845.0000,4846.4000,4847.8000,1,1,3,3,1,1,1,3,1,1
SF,IC2001,2019-12-03 09:35:25.000,4842.2000,5935,0,148134760.000,0,-,-,-,-,4843.0000,4842.6000,4842.4000,4842.2000,4841.8000,4844.4000,4844.6000,4845.0000,4846.4000,4847.8000,1,1,2,3,1,1,1,3,1,1
SF,IC2001,2019-12-03 09:35:25.500,4842.2000,5935,0,148134760.000,0,-,-,-,-,4843.0000,4842.6000,4842.4000,4842.2000,4841.8000,4844.4000,4845.0000,4846.4000,4847.8000,4848.0000,1,1,2,3,1,1,3,1,1,1
SF,IC2001,2019-12-03 09:35:27.000,4842.2000,5935,0,148134760.000,0,-,-,-,-,4843.0000,4842.6000,4842.4000,4842.2000,4841.8000,4844.4000,4845.0000,4846.4000,4847.8000,4848.8000,1,1,2,3,1,1,3,1,1,5
SF,IC2001,2019-12-03 09:35:29.500,4844.4000,5936,1,149103640.000,1,1,0,双开,S,4843.4000,4843.2000,4843.0000,4842.6000,4842.4000,4845.0000,4847.6000,4847.8000,4848.8000,4849.4000,1,5,1,1,2,3,1,1,5,1
SF,IC2001,2019-12-03 09:35:30.000,4844.4000,5936,0,149103640.000,0,-,-,-,-,4843.6000,4843.2000,4842.6000,4842.4000,4842.2000,4845.0000,4847.6000,4847.8000,4848.8000,4849.4000,1,3,1,2,3,3,1,1,5,1
SF,IC2001,2019-12-03 09:35:32.000,4844.4000,5936,0,149103640.000,0,-,-,-,-,4843.6000,4843.2000,4842.6000,4842.4000,4842.2000,4845.0000,4847.6000,4847.8000,4848.8000,4849.4000,1,3,1,2,3,3,1,1,5,1
SF,IC2001,2019-12-03 09:35:32.500,4844.4000,5936,0,149103640.000,0,-,-,-,-,4843.2000,4842.6000,4842.4000,4842.2000,4842.0000,4844.8000,4845.0000,4847.6000,4847.8000,4848.8000,3,1,2,3,2,1,3,1,1,5
SF,IC2001,2019-12-03 09:35:34.500,4844.4000,5936,0,149103640.000,0,-,-,-,-,4843.2000,4842.6000,4842.4000,4842.2000,4842.0000,4844.8000,4845.0000,4847.6000,4847.8000,4848.8000,3,1,2,3,2,1,4,1,1,5
SF,IC2001,2019-12-03 09:35:35.000,4844.4000,5936,0,149103640.000,0,-,-,-,-,4843.4000,4843.2000,4842.6000,4842.4000,4842.2000,4844.8000,4845.0000,4847.6000,4847.8000,4848.8000,1,3,1,2,3,1,4,1,1,5
SF,IC2001,2019-12-03 09:35:36.500,4844.4000,5936,0,149103640.000,0,-,-,-,-,4843.4000,4843.2000,4842.6000,4842.4000,4842.2000,4844.6000,4844.8000,4845.0000,4847.6000,4847.8000,1,3,1,2,3,1,1,4,1,1
SF,IC2001,2019-12-03 09:35:37.000,4844.4000,5936,0,149103640.000,0,-,-,-,-,4843.2000,4842.6000,4842.4000,4842.2000,4842.0000,4844.6000,4844.8000,4845.0000,4847.6000,4847.8000,3,1,1,3,2,1,1,4,1,1
SF,IC2001,2019-12-03 09:35:37.500,4844.4000,5936,0,149103640.000,0,-,-,-,-,4843.2000,4842.6000,4842.4000,4842.2000,4842.0000,4844.4000,4844.6000,4845.0000,4847.6000,4847.8000,3,1,1,3,2,1,1,4,1,1
SF,IC2001,2019-12-03 09:35:38.500,4844.4000,5936,0,150072520.000,1,0,1,多换,S,4843.2000,4842.6000,4842.4000,4842.2000,4842.0000,4844.6000,4845.0000,4847.6000,4847.8000,4848.8000,3,1,1,3,2,1,4,1,1,5
SF,IC2001,2019-12-03 09:35:39.000,4844.4000,5936,0,150072520.000,0,-,-,-,-,4843.4000,4843.2000,4842.6000,4842.4000,4842.2000,4844.6000,4845.0000,4847.6000,4847.8000,4848.8000,1,3,1,1,3,1,4,1,1,5
SF,IC2001,2019-12-03 09:35:41.000,4844.4000,5936,0,150072520.000,0,-,-,-,-,4844.0000,4843.4000,4843.2000,4842.6000,4842.4000,4844.6000,4845.0000,4847.6000,4847.8000,4848.8000,2,1,3,1,1,1,4,1,1,5
SF,IC2001,2019-12-03 09:35:42.000,4844.0000,5937,1,151041320.000,1,1,0,双开,S,4844.0000,4843.4000,4843.2000,4842.6000,4842.4000,4844.6000,4845.0000,4847.6000,4847.8000,4848.8000,1,1,3,1,1,1,4,1,1,5
SF,IC2001,2019-12-03 09:35:42.500,4844.0000,5938,1,152010120.000,1,1,0,双开,S,4843.4000,4843.2000,4842.6000,4842.4000,4842.2000,4844.6000,4845.0000,4847.6000,4847.8000,4848.8000,1,2,1,1,1,1,4,1,1,5
SF,IC2001,2019-12-03 09:35:48.500,4844.0000,5938,0,152010120.000,0,-,-,-,-,4843.4000,4843.2000,4842.6000,4842.2000,4842.0000,4844.6000,4845.0000,4847.6000,4847.8000,4848.8000,1,2,1,1,2,1,4,1,1,5
SF,IC2001,2019-12-03 09:35:49.000,4844.0000,5938,0,152010120.000,0,-,-,-,-,4843.4000,4843.2000,4842.2000,4842.0000,4841.8000,4844.6000,4845.0000,4847.6000,4847.8000,4848.8000,1,2,1,2,1,1,4,1,1,5
SF,IC2001,2019-12-03 09:35:50.500,4844.0000,5938,0,152010120.000,0,-,-,-,-,4843.4000,4843.2000,4842.0000,4841.8000,4841.0000,4844.6000,4845.0000,4846.4000,4847.6000,4847.8000,1,2,2,1,1,1,4,1,1,1
SF,IC2001,2019-12-03 09:35:53.000,4844.0000,5938,0,152010120.000,0,-,-,-,-,4843.4000,4843.2000,4841.8000,4841.0000,4840.6000,4844.6000,4845.0000,4846.4000,4847.6000,4847.8000,1,2,1,1,1,1,4,1,1,1
SF,IC2001,2019-12-03 09:35:56.500,4844.0000,5938,0,152010120.000,0,-,-,-,-,4843.4000,4843.2000,4841.8000,4841.0000,4840.6000,4844.6000,4845.0000,4846.4000,4847.6000,4847.8000,1,2,1,1,1,1,4,1,1,2
SF,IC2001,2019-12-03 09:36:00.500,4844.0000,5938,0,152010120.000,0,-,-,-,-,4843.4000,4843.2000,4841.8000,4841.0000,4840.6000,4844.6000,4845.0000,4846.4000,4847.6000,4847.8000,1,2,1,1,1,1,4,1,1,2
SF,IC2001,2019-12-03 09:36:01.500,4844.0000,5938,0,152010120.000,0,-,-,-,-,4843.4000,4843.2000,4841.8000,4841.0000,4840.6000,4843.8000,4845.0000,4846.4000,4847.6000,4847.8000,1,2,1,1,1,1,4,1,1,2
SF,IC2001,2019-12-03 09:36:02.000,4843.8000,5937,-1,152978880.000,1,0,1,双平,S,4843.2000,4843.0000,4841.8000,4841.0000,4840.6000,4845.0000,4846.4000,4847.6000,4847.8000,4848.8000,2,1,1,1,1,4,1,1,2,5
SF,IC2001,2019-12-03 09:36:02.500,4843.8000,5937,0,152978880.000,0,-,-,-,-,4843.4000,4843.2000,4843.0000,4841.8000,4841.0000,4845.0000,4846.4000,4847.6000,4847.8000,4848.8000,1,3,1,1,1,4,1,1,2,5
SF,IC2001,2019-12-03 09:36:03.000,4843.8000,5937,0,152978880.000,0,-,-,-,-,4843.4000,4843.2000,4843.0000,4841.8000,4841.0000,4845.0000,4846.4000,4847.6000,4847.8000,4848.8000,1,2,1,1,1,4,1,1,2,5
SF,IC2001,2019-12-03 09:36:03.500,4843.8000,5937,0,152978880.000,0,-,-,-,-,4843.2000,4843.0000,4841.8000,4841.0000,4840.6000,4844.8000,4845.0000,4846.4000,4847.6000,4847.8000,2,1,1,1,1,1,4,1,1,2
SF,IC2001,2019-12-03 09:36:04.500,4843.8000,5937,0,152978880.000,0,-,-,-,-,4843.2000,4843.0000,4841.8000,4841.0000,4840.6000,4844.8000,4845.0000,4846.4000,4847.6000,4847.8000,2,1,1,1,1,1,4,1,1,2
SF,IC2001,2019-12-03 09:36:05.000,4843.8000,5937,0,152978880.000,0,-,-,-,-,4843.4000,4843.2000,4843.0000,4841.8000,4841.0000,4845.0000,4846.4000,4847.6000,4847.8000,4848.8000,1,2,1,1,1,4,1,1,2,5
SF,IC2001,2019-12-03 09:36:05.500,4843.8000,5937,0,152978880.000,0,-,-,-,-,4843.4000,4843.2000,4843.0000,4841.8000,4841.0000,4844.8000,4845.0000,4845.2000,4846.4000,4847.6000,1,2,1,1,1,1,4,1,1,1
SF,IC2001,2019-12-03 09:36:06.000,4843.8000,5937,0,152978880.000,0,-,-,-,-,4843.4000,4843.2000,4843.0000,4841.8000,4841.0000,4845.0000,4845.2000,4846.4000,4847.6000,4847.8000,1,2,1,1,1,4,1,1,1,2
SF,IC2001,2019-12-03 09:36:06.500,4843.8000,5937,0,152978880.000,0,-,-,-,-,4843.4000,4843.2000,4843.0000,4841.8000,4841.0000,4844.8000,4845.0000,4845.2000,4846.4000,4847.6000,1,2,1,1,1,1,4,1,1,1
SF,IC2001,2019-12-03 09:36:09.500,4843.8000,5937,0,152978880.000,0,-,-,-,-,4843.4000,4843.2000,4843.0000,4841.8000,4841.0000,4844.8000,4845.0000,4845.2000,4846.4000,4847.6000,1,2,1,1,1,1,6,1,1,1
SF,IC2001,2019-12-03 09:36:10.000,4843.8000,5937,0,152978880.000,0,-,-,-,-,4843.2000,4841.8000,4841.0000,4840.6000,4840.2000,4844.2000,4844.6000,4844.8000,4845.0000,4845.2000,2,1,1,1,3,1,2,1,6,1
SF,IC2001,2019-12-03 09:36:10.500,4843.2000,5938,1,154916160.000,2,1,1,空开,S,4841.8000,4841.0000,4840.6000,4840.2000,4839.4000,4844.0000,4844.6000,4845.0000,4845.2000,4846.4000,1,1,1,3,1,1,3,6,1,1
SF,IC2001,2019-12-03 09:36:11.000,4843.2000,5938,0,154916160.000,0,-,-,-,-,4842.0000,4840.6000,4840.2000,4839.4000,4838.4000,4843.8000,4844.0000,4844.6000,4845.0000,4845.2000,1,1,3,1,1,2,2,1,7,1
SF,IC2001,2019-12-03 09:36:11.500,4843.2000,5938,0,154916160.000,0,-,-,-,-,4842.0000,4840.6000,4840.2000,4839.4000,4838.4000,4843.6000,4843.8000,4844.0000,4844.6000,4845.0000,1,1,3,1,1,1,1,1,1,7
SF,IC2001,2019-12-03 09:36:12.000,4843.2000,5938,0,154916160.000,0,-,-,-,-,4842.0000,4840.6000,4840.2000,4839.4000,4838.4000,4843.6000,4843.8000,4844.0000,4844.6000,4845.0000,1,1,3,1,1,1,1,1,1,7
SF,IC2001,2019-12-03 09:36:14.500,4843.2000,5938,0,154916160.000,0,-,-,-,-,4842.0000,4840.6000,4840.2000,4839.4000,4838.4000,4843.6000,4843.8000,4844.6000,4845.0000,4845.2000,1,1,3,1,1,1,1,1,7,1
SF,IC2001,2019-12-03 09:36:15.000,4843.2000,5938,0,154916160.000,0,-,-,-,-,4842.0000,4840.6000,4840.2000,4839.4000,4838.4000,4844.6000,4845.0000,4845.2000,4846.4000,4846.6000,1,1,3,1,1,1,7,1,1,1
SF,IC2001,2019-12-03 09:36:15.500,4843.2000,5938,0,154916160.000,0,-,-,-,-,4842.0000,4840.6000,4840.2000,4839.4000,4838.4000,4844.4000,4845.0000,4845.2000,4846.4000,4846.6000,2,1,3,1,1,1,6,1,1,1
SF,IC2001,2019-12-03 09:36:17.000,4843.2000,5938,0,154916160.000,0,-,-,-,-,4842.0000,4840.6000,4840.2000,4839.4000,4838.4000,4844.2000,4844.4000,4845.0000,4845.2000,4846.4000,2,1,3,1,1,1,1,6,1,1
SF,IC2001,2019-12-03 09:36:17.500,4843.2000,5938,0,154916160.000,0,-,-,-,-,4842.0000,4840.6000,4840.2000,4839.4000,4838.4000,4844.0000,4845.0000,4845.2000,4846.4000,4846.6000,2,1,3,1,1,1,6,1,1,1
SF,IC2001,2019-12-03 09:36:18.000,4843.2000,5938,0,154916160.000,0,-,-,-,-,4842.0000,4840.6000,4840.2000,4839.4000,4838.4000,4844.0000,4845.0000,4845.2000,4846.4000,4846.6000,6,1,3,1,1,1,6,1,1,1
SF,IC2001,2019-12-03 09:36:21.500,4843.2000,5938,0,154916160.000,0,-,-,-,-,4842.0000,4841.8000,4840.6000,4840.2000,4839.4000,4844.0000,4845.0000,4845.2000,4846.4000,4846.6000,6,1,1,3,1,1,6,1,1,1
SF,IC2001,2019-12-03 09:36:24.000,4843.2000,5938,0,154916160.000,0,-,-,-,-,4842.0000,4841.8000,4840.6000,4840.2000,4839.4000,4844.0000,4844.4000,4845.0000,4845.2000,4846.4000,6,1,1,3,1,1,1,6,1,1
SF,IC2001,2019-12-03 09:36:25.000,4843.2000,5938,0,154916160.000,0,-,-,-,-,4842.0000,4840.6000,4840.2000,4839.4000,4838.4000,4844.0000,4844.4000,4845.0000,4845.2000,4846.4000,6,1,3,1,1,1,1,6,1,1
SF,IC2001,2019-12-03 09:36:25.500,4843.2000,5938,0,154916160.000,0,-,-,-,-,4842.0000,4840.6000,4840.2000,4839.4000,4838.4000,4843.8000,4844.0000,4844.4000,4845.0000,4845.2000,6,1,3,1,1,4,1,1,7,1
SF,IC2001,2019-12-03 09:36:26.000,4843.2000,5938,0,154916160.000,0,-,-,-,-,4842.0000,4840.6000,4840.2000,4839.4000,4838.4000,4843.8000,4844.0000,4844.4000,4845.0000,4845.2000,6,1,3,1,1,2,1,1,7,1
SF,IC2001,2019-12-03 09:36:26.500,4843.2000,5938,0,154916160.000,0,-,-,-,-,4842.0000,4840.6000,4840.2000,4839.4000,4838.4000,4843.8000,4844.0000,4844.4000,4845.0000,4845.2000,6,1,3,1,1,1,1,1,7,1
