市场代码,合约代码,时间,最新,持仓,增仓,成交额,成交量,开仓,平仓,成交类型,方向,买一价,买二价,买三价,买四价,买五价,卖一价,卖二价,卖三价,卖四价,卖五价,买一量,买二量,买三量,买四量,买五量,卖一量,卖二量,卖三量,卖四量,卖五量
SF,IC2007,2020-06-08 09:29:00.100,5507.6000,11312,0,12116720.000,11.000,-,-,-,-,5501.2000,5501.0000,5500.0000,5496.4000,5491.2000,5508.8000,5509.0000,5514.0000,5515.0000,5518.2000,2,3,1,1,1,2,1,15,1,2
SF,IC2007,2020-06-08 09:30:00.100,5500.6000,11315,3,22018160.000,9,6,3,空开,S,5497.4000,5496.4000,5491.2000,5488.0000,5487.6000,5500.0000,5500.6000,5500.8000,5501.4000,5503.4000,1,1,1,1,1,4,11,8,1,1
SF,IC2007,2020-06-08 09:30:00.600,5494.4000,11308,-7,30813320.000,8,0,8,多平,S,5494.4000,5491.2000,5488.0000,5487.6000,5484.4000,5497.2000,5497.4000,5497.8000,5498.2000,5499.4000,1,1,1,1,1,15,4,1,1,1
SF,IC2007,2020-06-08 09:30:01.100,5497.2000,11305,-3,36309840.000,5,1,4,多平,S,5491.2000,5488.0000,5487.6000,5486.8000,5484.4000,5497.0000,5497.4000,5499.8000,5500.0000,5503.4000,1,1,1,5,1,3,5,2,5,1
SF,IC2007,2020-06-08 09:30:01.600,5497.2000,11305,0,37409280.000,1,0,1,多换,S,5494.2000,5493.8000,5493.6000,5491.8000,5491.4000,5497.0000,5497.4000,5499.8000,5500.0000,5503.4000,2,1,1,2,3,3,6,2,5,1
SF,IC2007,2020-06-08 09:30:02.100,5497.0000,11298,-7,47303280.000,9,1,8,多平,S,5497.0000,5494.4000,5494.2000,5493.8000,5491.8000,5497.4000,5499.8000,5500.0000,5503.4000,5503.6000,8,3,3,1,2,4,2,5,1,1
SF,IC2007,2020-06-08 09:30:02.600,5497.4000,11297,-1,52800680.000,5,2,3,多平,S,5497.0000,5494.4000,5491.8000,5491.2000,5488.0000,5499.8000,5500.0000,5503.4000,5503.6000,5504.2000,11,2,2,1,1,2,5,1,1,5
SF,IC2007,2020-06-08 09:30:03.100,5497.4000,11297,0,52800680.000,0,-,-,-,-,5497.2000,5497.0000,5491.8000,5491.2000,5488.0000,5499.8000,5500.0000,5503.4000,5503.6000,5506.8000,2,11,2,1,1,2,5,1,1,1
SF,IC2007,2020-06-08 09:30:03.600,5497.4000,11297,0,52800680.000,0,-,-,-,-,5499.0000,5497.2000,5497.0000,5491.8000,5491.2000,5499.8000,5500.0000,5503.4000,5503.6000,5507.6000,1,5,8,2,1,2,5,1,1,6
SF,IC2007,2020-06-08 09:30:04.100,5499.0000,11296,-1,57199880.000,4,1,3,多平,S,5497.4000,5497.2000,5497.0000,5491.8000,5491.2000,5499.2000,5499.4000,5499.6000,5499.8000,5500.0000,2,2,8,2,1,1,1,3,2,5
SF,IC2007,2020-06-08 09:30:04.600,5499.4000,11293,-3,60499560.000,3,0,3,双平,S,5499.2000,5497.4000,5497.0000,5491.8000,5491.2000,5499.8000,5500.0000,5503.4000,5507.6000,5508.0000,1,2,8,2,1,2,5,1,6,1
SF,IC2007,2020-06-08 09:30:05.100,5499.4000,11292,-1,62699400.000,2,0,2,多平,S,5497.4000,5497.0000,5491.8000,5491.2000,5488.0000,5499.0000,5499.8000,5500.0000,5503.4000,5507.6000,2,8,2,1,1,3,1,5,1,6
SF,IC2007,2020-06-08 09:30:05.600,5499.0000,11291,-1,63799200.000,1,0,1,双平,S,5497.6000,5497.4000,5497.0000,5491.8000,5491.2000,5498.6000,5498.8000,5499.0000,5499.8000,5500.0000,1,2,8,2,1,1,3,3,1,5
SF,IC2007,2020-06-08 09:30:06.100,5498.6000,11290,-1,64898920.000,1,0,1,双平,S,5498.6000,5497.4000,5497.0000,5491.8000,5491.2000,5499.0000,5499.8000,5500.0000,5503.4000,5507.6000,1,2,8,2,1,3,1,5,1,6
SF,IC2007,2020-06-08 09:30:06.600,5499.0000,11288,-2,67098520.000,2,0,2,双平,S,5498.6000,5497.6000,5497.4000,5497.0000,5491.8000,5499.8000,5500.0000,5503.4000,5507.6000,5508.0000,1,1,2,8,2,1,5,1,6,1
SF,IC2007,2020-06-08 09:30:07.100,5499.0000,11288,0,67098520.000,0,-,-,-,-,5498.8000,5497.6000,5497.4000,5497.0000,5491.8000,5499.8000,5500.0000,5503.4000,5507.6000,5508.0000,1,1,2,8,2,1,5,1,6,1
SF,IC2007,2020-06-08 09:30:07.600,5497.6000,11287,-1,68198040.000,1,0,1,双平,S,5497.4000,5497.0000,5491.8000,5491.2000,5488.0000,5497.6000,5498.6000,5499.8000,5500.0000,5503.4000,2,8,2,1,1,1,2,1,5,1
SF,IC2007,2020-06-08 09:30:08.100,5497.4000,11285,-2,72596000.000,4,1,3,多平,S,5497.0000,5491.8000,5491.2000,5488.0000,5486.8000,5499.8000,5500.0000,5503.4000,5507.6000,5508.0000,8,2,1,1,5,1,5,1,6,1
SF,IC2007,2020-06-08 09:30:08.600,5497.0000,11283,-2,74794840.000,2,0,2,双平,S,5497.0000,5491.8000,5491.2000,5488.0000,5486.8000,5499.2000,5499.6000,5499.8000,5500.0000,5503.4000,7,2,1,1,5,1,5,1,5,1
SF,IC2007,2020-06-08 09:30:09.100,5497.0000,11283,0,74794840.000,0,-,-,-,-,5497.4000,5497.2000,5497.0000,5491.8000,5491.2000,5499.6000,5499.8000,5500.0000,5503.4000,5507.6000,1,1,7,2,1,2,1,5,1,6
SF,IC2007,2020-06-08 09:30:09.600,5499.8000,11281,-2,78094640.000,3,0,3,多平,S,5497.6000,5497.4000,5497.0000,5491.8000,5491.2000,5500.0000,5503.4000,5507.6000,5508.0000,5508.8000,1,1,7,2,1,5,1,6,1,3
SF,IC2007,2020-06-08 09:30:10.100,5497.6000,11282,1,81394160.000,3,2,1,空开,S,5497.4000,5497.0000,5491.8000,5491.2000,5488.0000,5500.0000,5503.4000,5507.6000,5508.0000,5508.8000,1,7,2,1,1,3,1,6,1,3
SF,IC2007,2020-06-08 09:30:10.600,5497.6000,11281,-1,84692760.000,3,1,2,多平,S,5497.6000,5497.4000,5497.0000,5491.8000,5491.2000,5500.0000,5503.4000,5507.6000,5508.0000,5508.8000,1,1,6,1,1,3,1,6,1,3
SF,IC2007,2020-06-08 09:30:11.100,5497.4000,11280,-1,87991760.000,3,1,2,多平,S,5497.0000,5491.8000,5491.2000,5488.0000,5486.8000,5500.0000,5503.4000,5507.6000,5508.0000,5508.8000,6,1,1,1,5,2,1,6,1,3
SF,IC2007,2020-06-08 09:30:11.600,5497.4000,11280,0,87991760.000,0,-,-,-,-,5497.2000,5497.0000,5491.8000,5491.2000,5488.0000,5499.2000,5499.8000,5500.0000,5503.4000,5507.6000,1,6,1,1,1,1,1,2,1,6
SF,IC2007,2020-06-08 09:30:12.100,5499.2000,11281,1,89091600.000,1,1,0,双开,S,5497.4000,5497.2000,5497.0000,5491.8000,5491.2000,5499.8000,5500.0000,5507.6000,5508.0000,5508.8000,1,1,6,1,1,1,2,6,1,3
SF,IC2007,2020-06-08 09:30:12.600,5499.8000,11280,-1,90191560.000,1,0,1,双平,S,5497.8000,5497.6000,5497.4000,5497.0000,5491.8000,5500.0000,5507.6000,5508.0000,5508.8000,5509.0000,1,1,1,6,1,2,6,1,3,9
SF,IC2007,2020-06-08 09:30:13.100,5498.0000,11280,0,91291160.000,1,0,1,多换,S,5497.4000,5497.0000,5491.8000,5491.2000,5488.0000,5500.0000,5507.6000,5508.0000,5508.8000,5509.0000,1,6,1,1,1,2,6,1,3,9
SF,IC2007,2020-06-08 09:30:13.600,5498.0000,11280,0,91291160.000,0,-,-,-,-,5497.6000,5497.4000,5497.0000,5491.8000,5491.2000,5499.8000,5500.0000,5505.8000,5507.6000,5508.0000,1,1,6,1,1,1,2,1,6,1
SF,IC2007,2020-06-08 09:30:14.100,5500.0000,11280,0,93491120.000,2,1,1,多换,S,5498.0000,5497.8000,5497.6000,5497.0000,5491.8000,5500.0000,5505.8000,5507.6000,5508.0000,5508.8000,1,2,1,6,1,1,1,6,1,3
SF,IC2007,2020-06-08 09:30:14.600,5498.2000,11280,0,94590760.000,1,0,1,多换,S,5498.2000,5498.0000,5497.0000,5491.8000,5491.2000,5500.0000,5505.8000,5507.6000,5508.0000,5508.8000,1,1,6,1,1,1,1,6,1,3
SF,IC2007,2020-06-08 09:30:15.100,5498.2000,11280,0,94590760.000,0,-,-,-,-,5499.0000,5498.2000,5498.0000,5497.0000,5491.8000,5500.0000,5505.8000,5507.6000,5508.0000,5508.8000,1,1,1,6,1,1,1,6,1,3
SF,IC2007,2020-06-08 09:30:15.600,5498.2000,11280,0,94590760.000,0,-,-,-,-,5499.0000,5498.2000,5498.0000,5497.0000,5491.8000,5500.0000,5505.8000,5507.6000,5508.0000,5508.8000,1,1,1,6,1,1,1,6,1,3
SF,IC2007,2020-06-08 09:30:16.100,5498.2000,11280,0,94590760.000,0,-,-,-,-,5499.2000,5499.0000,5498.0000,5497.0000,5491.8000,5500.0000,5505.8000,5507.6000,5508.0000,5508.8000,1,1,1,6,1,2,1,6,1,3
SF,IC2007,2020-06-08 09:30:16.600,5500.0000,11281,1,95690760.000,1,1,0,双开,S,5499.2000,5499.0000,5497.0000,5491.8000,5491.2000,5500.0000,5505.8000,5507.6000,5508.0000,5508.8000,1,1,6,1,1,1,1,6,1,3
SF,IC2007,2020-06-08 09:30:17.100,5499.0000,11279,-2,97890400.000,2,0,2,双平,S,5497.0000,5491.8000,5491.2000,5488.0000,5486.8000,5498.0000,5500.0000,5505.8000,5507.6000,5508.0000,6,1,1,1,5,1,1,1,6,1
SF,IC2007,2020-06-08 09:30:17.600,5498.0000,11278,-1,100089600.000,2,0,2,多平,S,5498.2000,5497.8000,5497.2000,5497.0000,5491.8000,5505.8000,5507.6000,5508.0000,5508.8000,5509.0000,1,2,1,6,1,1,6,1,3,9
SF,IC2007,2020-06-08 09:30:18.100,5498.0000,11278,0,100089600.000,0,-,-,-,-,5498.4000,5498.2000,5497.0000,5491.8000,5491.2000,5500.4000,5500.6000,5500.8000,5501.6000,5502.0000,1,1,6,1,1,1,1,3,1,3
SF,IC2007,2020-06-08 09:30:18.600,5498.4000,11277,-1,101189280.000,1,0,1,双平,S,5498.2000,5497.0000,5491.8000,5491.2000,5488.0000,5500.2000,5502.0000,5502.6000,5504.0000,5504.2000,1,6,1,1,1,1,3,1,1,1
SF,IC2007,2020-06-08 09:30:19.100,5502.0000,11276,-1,104489360.000,3,1,2,多平,S,5497.0000,5491.8000,5491.2000,5488.0000,5486.8000,5502.0000,5502.6000,5504.0000,5505.4000,5505.6000,6,1,1,1,5,2,1,2,6,5
SF,IC2007,2020-06-08 09:30:19.600,5502.0000,11276,0,104489360.000,0,-,-,-,-,5497.2000,5497.0000,5491.8000,5491.2000,5488.0000,5501.0000,5501.2000,5501.4000,5501.6000,5501.8000,1,6,1,1,1,1,1,3,1,1
SF,IC2007,2020-06-08 09:30:20.100,5502.0000,11276,0,104489360.000,0,-,-,-,-,5497.2000,5497.0000,5491.8000,5491.2000,5488.0000,5498.2000,5500.6000,5500.8000,5501.0000,5501.2000,1,6,1,1,1,1,1,1,1,1
SF,IC2007,2020-06-08 09:30:20.600,5500.6000,11274,-2,106689120.000,2,0,2,双平,S,5497.2000,5497.0000,5491.8000,5491.2000,5488.0000,5500.6000,5500.8000,5501.0000,5501.2000,5501.4000,1,6,1,1,1,1,1,1,1,4
SF,IC2007,2020-06-08 09:30:21.100,5500.6000,11274,0,106689120.000,0,-,-,-,-,5497.2000,5497.0000,5491.8000,5491.2000,5488.0000,5500.4000,5501.0000,5501.2000,5501.4000,5501.6000,1,6,1,1,1,1,1,1,5,2
SF,IC2007,2020-06-08 09:30:21.600,5500.6000,11274,0,106689120.000,0,-,-,-,-,5497.0000,5491.8000,5491.2000,5488.0000,5486.8000,5500.4000,5500.6000,5501.4000,5501.6000,5501.8000,6,1,1,1,5,1,1,2,2,1
SF,IC2007,2020-06-08 09:30:22.100,5500.6000,11274,0,106689120.000,0,-,-,-,-,5497.0000,5491.8000,5491.2000,5488.0000,5486.8000,5499.4000,5499.6000,5499.8000,5500.0000,5500.4000,6,1,1,1,5,1,1,3,1,1
SF,IC2007,2020-06-08 09:30:22.600,5500.6000,11274,0,106689120.000,0,-,-,-,-,5497.0000,5491.8000,5491.2000,5488.0000,5486.8000,5499.2000,5499.4000,5499.6000,5499.8000,5500.0000,6,1,1,1,5,1,1,1,3,1
SF,IC2007,2020-06-08 09:30:23.100,5497.0000,11267,-7,114385320.000,7,0,7,双平,S,5491.8000,5491.2000,5488.0000,5486.8000,5482.0000,5499.2000,5499.4000,5499.6000,5499.8000,5500.0000,1,1,1,5,2,1,1,1,3,2
SF,IC2007,2020-06-08 09:30:23.600,5497.0000,11267,0,114385320.000,0,-,-,-,-,5495.8000,5495.4000,5495.0000,5493.8000,5493.6000,5499.0000,5499.2000,5499.4000,5499.6000,5499.8000,1,2,2,1,1,1,1,1,1,2
SF,IC2007,2020-06-08 09:30:24.100,5498.8000,11266,-1,115485080.000,1,0,1,双平,S,5496.0000,5493.6000,5493.2000,5491.8000,5491.2000,5499.0000,5499.2000,5499.4000,5499.6000,5499.8000,1,1,1,2,1,1,1,1,1,2
SF,IC2007,2020-06-08 09:30:24.600,5498.8000,11266,0,115485080.000,0,-,-,-,-,5496.0000,5493.6000,5493.2000,5491.8000,5491.2000,5498.0000,5498.8000,5499.0000,5499.2000,5499.4000,1,1,1,2,1,1,1,1,1,1
SF,IC2007,2020-06-08 09:30:25.100,5498.8000,11266,0,116584840.000,1,0,1,多换,S,5496.0000,5493.6000,5493.2000,5491.8000,5491.2000,5499.0000,5499.2000,5499.4000,5499.6000,5499.8000,1,1,1,2,1,1,1,1,1,3
SF,IC2007,2020-06-08 09:30:25.600,5498.8000,11266,0,116584840.000,0,-,-,-,-,5496.0000,5493.6000,5493.2000,5491.8000,5491.2000,5498.8000,5499.0000,5499.2000,5499.4000,5499.6000,1,1,1,2,1,2,1,1,1,1
SF,IC2007,2020-06-08 09:30:26.100,5498.8000,11266,0,116584840.000,0,-,-,-,-,5496.0000,5493.6000,5493.2000,5491.8000,5491.2000,5498.6000,5498.8000,5499.2000,5499.4000,5499.6000,1,1,1,2,1,1,2,1,1,1
SF,IC2007,2020-06-08 09:30:26.600,5498.8000,11266,0,116584840.000,0,-,-,-,-,5496.0000,5491.8000,5491.2000,5488.0000,5486.8000,5498.4000,5498.6000,5498.8000,5499.2000,5499.4000,1,2,1,1,5,2,1,1,1,1
SF,IC2007,2020-06-08 09:30:27.100,5498.8000,11266,0,116584840.000,0,-,-,-,-,5496.0000,5491.8000,5491.2000,5488.0000,5486.8000,5498.2000,5498.4000,5498.6000,5498.8000,5499.0000,1,2,1,1,5,1,2,1,1,1
SF,IC2007,2020-06-08 09:30:27.600,5498.8000,11266,0,116584840.000,0,-,-,-,-,5491.8000,5491.2000,5488.0000,5486.8000,5482.0000,5497.2000,5497.4000,5497.6000,5497.8000,5498.0000,2,1,1,5,2,1,1,2,2,1
SF,IC2007,2020-06-08 09:30:28.100,5498.8000,11266,0,116584840.000,0,-,-,-,-,5492.6000,5492.2000,5492.0000,5491.8000,5491.2000,5497.0000,5497.2000,5497.6000,5497.8000,5498.2000,1,2,1,2,1,2,1,2,1,1
SF,IC2007,2020-06-08 09:30:28.600,5498.8000,11266,0,116584840.000,0,-,-,-,-,5493.2000,5492.8000,5492.2000,5491.8000,5491.2000,5497.0000,5497.2000,5497.6000,5497.8000,5498.2000,2,2,2,2,1,2,1,2,1,1
SF,IC2007,2020-06-08 09:30:29.100,5493.4000,11265,-1,117683520.000,1,0,1,双平,S,5493.2000,5491.8000,5491.2000,5488.0000,5486.8000,5497.0000,5497.2000,5497.6000,5497.8000,5498.2000,1,1,1,1,5,2,1,2,1,1
SF,IC2007,2020-06-08 09:30:29.600,5493.4000,11265,0,117683520.000,0,-,-,-,-,5493.4000,5491.8000,5491.2000,5488.0000,5486.8000,5496.0000,5496.6000,5496.8000,5497.0000,5497.2000,1,1,1,1,5,1,1,1,2,2
SF,IC2007,2020-06-08 09:30:30.100,5495.8000,11263,-2,119881840.000,2,0,2,双平,S,5493.6000,5493.4000,5491.8000,5491.2000,5488.0000,5496.0000,5496.6000,5496.8000,5497.2000,5497.6000,1,1,1,1,1,1,1,1,2,2
SF,IC2007,2020-06-08 09:30:30.600,5496.0000,11263,0,122080200.000,2,1,1,多换,S,5493.8000,5493.6000,5491.8000,5491.2000,5488.0000,5496.6000,5496.8000,5497.2000,5497.6000,5497.8000,1,1,1,1,1,1,1,2,2,1
SF,IC2007,2020-06-08 09:30:31.100,5496.0000,11263,0,122080200.000,0,-,-,-,-,5494.0000,5493.8000,5491.8000,5491.2000,5488.0000,5496.6000,5496.8000,5497.2000,5497.6000,5497.8000,1,1,1,1,1,1,1,2,2,1
SF,IC2007,2020-06-08 09:30:31.600,5496.0000,11263,0,122080200.000,0,-,-,-,-,5494.2000,5494.0000,5491.8000,5491.2000,5488.0000,5496.4000,5496.6000,5496.8000,5497.2000,5497.6000,1,1,1,1,1,1,1,1,2,2
SF,IC2007,2020-06-08 09:30:32.100,5496.0000,11263,0,122080200.000,0,-,-,-,-,5494.2000,5494.0000,5491.8000,5491.2000,5488.0000,5496.4000,5496.6000,5496.8000,5497.2000,5497.6000,1,1,1,1,1,1,1,1,2,2
SF,IC2007,2020-06-08 09:30:32.600,5496.0000,11263,0,122080200.000,0,-,-,-,-,5494.2000,5494.0000,5491.8000,5491.2000,5488.0000,5496.0000,5496.4000,5496.6000,5496.8000,5497.6000,1,1,1,1,1,1,1,1,1,2
SF,IC2007,2020-06-08 09:30:33.100,5496.0000,11262,-1,123179400.000,1,0,1,双平,S,5494.2000,5491.8000,5491.2000,5488.0000,5486.8000,5495.8000,5496.0000,5496.6000,5496.8000,5497.6000,1,1,1,1,5,1,1,1,1,2
SF,IC2007,2020-06-08 09:30:33.600,5494.2000,11261,-1,124278240.000,1,0,1,双平,S,5491.8000,5491.2000,5488.0000,5486.8000,5482.0000,5495.6000,5495.8000,5496.0000,5496.6000,5496.8000,1,1,1,5,2,1,2,1,1,1
SF,IC2007,2020-06-08 09:30:34.100,5496.0000,11259,-2,127575720.000,3,0,3,多平,S,5496.0000,5492.2000,5492.0000,5491.8000,5491.2000,5496.8000,5497.6000,5497.8000,5498.2000,5499.2000,4,2,2,2,1,1,2,2,1,1
SF,IC2007,2020-06-08 09:30:34.600,5496.0000,11255,-4,131972520.000,4,0,4,双平,S,5492.2000,5492.0000,5491.8000,5491.2000,5488.0000,5497.6000,5497.8000,5498.2000,5499.2000,5500.0000,2,2,2,1,1,2,2,1,1,1
SF,IC2007,2020-06-08 09:30:35.100,5496.0000,11255,0,131972520.000,0,-,-,-,-,5493.4000,5492.8000,5492.4000,5492.2000,5491.8000,5497.4000,5497.6000,5497.8000,5498.2000,5499.2000,1,1,3,2,2,1,2,1,1,1
SF,IC2007,2020-06-08 09:30:35.600,5496.0000,11255,0,131972520.000,0,-,-,-,-,5494.4000,5493.8000,5493.6000,5493.4000,5492.8000,5497.4000,5497.6000,5497.8000,5498.2000,5499.2000,2,1,2,1,1,1,2,1,1,1
SF,IC2007,2020-06-08 09:30:36.100,5494.6000,11255,0,133071440.000,1,0,1,多换,S,5494.6000,5494.4000,5493.8000,5493.4000,5492.8000,5497.4000,5498.2000,5499.2000,5500.0000,5501.6000,1,2,1,1,1,1,1,1,1,1
SF,IC2007,2020-06-08 09:30:36.600,5494.6000,11255,0,133071440.000,0,-,-,-,-,5494.8000,5494.6000,5494.4000,5493.8000,5493.4000,5496.8000,5497.0000,5497.4000,5498.2000,5499.2000,1,2,2,1,1,3,2,1,1,1
SF,IC2007,2020-06-08 09:30:37.100,5494.6000,11254,-1,134170360.000,1,0,1,双平,S,5494.8000,5494.6000,5494.4000,5493.8000,5492.8000,5497.4000,5498.2000,5499.2000,5500.0000,5501.6000,1,2,2,1,1,1,1,1,1,1
SF,IC2007,2020-06-08 09:30:37.600,5497.4000,11254,0,136369320.000,2,1,1,多换,S,5495.0000,5494.6000,5494.4000,5492.8000,5491.8000,5496.0000,5496.2000,5497.0000,5497.2000,5497.4000,3,1,2,1,1,2,3,1,2,1
SF,IC2007,2020-06-08 09:30:38.100,5496.2000,11252,-2,138567760.000,2,0,2,双平,S,5495.0000,5494.6000,5494.4000,5492.8000,5491.8000,5497.0000,5497.2000,5497.4000,5498.2000,5499.2000,2,1,2,1,1,1,1,1,1,1
SF,IC2007,2020-06-08 09:30:38.600,5497.2000,11251,-1,139667200.000,1,0,1,双平,S,5495.0000,5494.6000,5494.4000,5492.8000,5491.8000,5498.2000,5499.2000,5500.0000,5501.6000,5505.4000,2,1,2,1,1,1,1,1,1,4
SF,IC2007,2020-06-08 09:30:39.100,5495.2000,11250,-1,140766240.000,1,0,1,双平,S,5495.0000,5494.6000,5494.4000,5492.8000,5491.8000,5497.2000,5497.4000,5497.8000,5498.0000,5498.2000,2,1,2,1,1,1,2,4,1,1
SF,IC2007,2020-06-08 09:30:39.600,5495.2000,11250,0,140766240.000,0,-,-,-,-,5495.0000,5494.6000,5494.4000,5492.8000,5491.8000,5497.0000,5497.2000,5497.4000,5497.8000,5498.2000,2,1,2,1,1,1,1,2,4,1
SF,IC2007,2020-06-08 09:30:40.100,5495.2000,11250,0,140766240.000,0,-,-,-,-,5495.0000,5494.4000,5492.8000,5491.8000,5491.2000,5497.0000,5497.2000,5497.4000,5497.8000,5498.2000,1,2,1,1,1,1,1,2,3,1
SF,IC2007,2020-06-08 09:30:40.600,5495.2000,11250,0,140766240.000,0,-,-,-,-,5495.0000,5494.4000,5492.8000,5491.8000,5491.2000,5497.0000,5497.2000,5497.4000,5497.8000,5498.2000,1,2,1,1,1,1,2,2,3,1
SF,IC2007,2020-06-08 09:30:41.100,5495.2000,11250,0,140766240.000,0,-,-,-,-,5495.0000,5494.4000,5492.8000,5491.8000,5491.2000,5496.6000,5497.0000,5497.2000,5497.4000,5497.8000,1,2,1,1,1,2,1,2,2,1
SF,IC2007,2020-06-08 09:30:41.600,5497.0000,11248,-2,144064280.000,3,0,3,多平,S,5497.0000,5495.0000,5494.4000,5492.8000,5491.8000,5497.2000,5497.4000,5497.8000,5498.2000,5499.2000,1,1,2,1,1,2,2,1,1,1
SF,IC2007,2020-06-08 09:30:42.100,5497.0000,11248,0,145163680.000,1,0,1,多换,S,5495.0000,5494.4000,5492.8000,5491.8000,5491.2000,5497.2000,5497.4000,5497.8000,5498.2000,5499.2000,1,2,1,1,1,3,2,1,1,1
SF,IC2007,2020-06-08 09:30:42.600,5497.0000,11248,0,145163680.000,0,-,-,-,-,5495.2000,5495.0000,5492.8000,5491.8000,5491.2000,5497.2000,5497.4000,5497.8000,5498.2000,5499.2000,3,1,1,1,1,2,2,1,1,1
SF,IC2007,2020-06-08 09:30:43.100,5495.4000,11247,-1,146262760.000,1,0,1,双平,S,5495.2000,5492.8000,5491.8000,5491.2000,5491.0000,5497.2000,5497.4000,5498.2000,5499.2000,5500.0000,3,1,1,1,1,1,2,1,1,1
SF,IC2007,2020-06-08 09:30:43.600,5495.4000,11247,0,146262760.000,0,-,-,-,-,5495.4000,5495.2000,5492.8000,5491.8000,5491.2000,5498.2000,5499.2000,5500.0000,5501.6000,5505.4000,1,3,1,1,1,1,1,1,1,4
SF,IC2007,2020-06-08 09:30:44.100,5495.4000,11247,0,146262760.000,0,-,-,-,-,5495.4000,5495.2000,5492.8000,5491.8000,5491.2000,5497.6000,5497.8000,5498.0000,5498.2000,5499.2000,2,3,1,1,1,1,2,1,1,1
SF,IC2007,2020-06-08 09:30:44.600,5495.4000,11247,0,146262760.000,0,-,-,-,-,5495.6000,5495.4000,5495.2000,5492.8000,5491.8000,5498.0000,5499.2000,5500.0000,5501.6000,5505.4000,1,2,2,1,1,1,1,1,1,4
SF,IC2007,2020-06-08 09:30:45.100,5495.4000,11247,0,146262760.000,0,-,-,-,-,5495.8000,5495.6000,5495.4000,5495.2000,5492.8000,5498.0000,5499.2000,5500.0000,5501.6000,5505.4000,1,1,1,2,1,1,1,1,1,4
SF,IC2007,2020-06-08 09:30:46.100,5495.4000,11247,0,146262760.000,0,-,-,-,-,5495.8000,5495.6000,5495.4000,5495.2000,5495.0000,5498.0000,5499.2000,5500.0000,5501.6000,5505.4000,1,1,1,2,1,1,1,1,1,4
SF,IC2007,2020-06-08 09:30:46.600,5495.4000,11247,0,146262760.000,0,-,-,-,-,5495.8000,5495.6000,5495.4000,5495.2000,5495.0000,5497.6000,5497.8000,5498.0000,5499.2000,5500.0000,1,1,1,2,1,1,2,1,1,2
SF,IC2007,2020-06-08 09:30:47.100,5495.4000,11247,0,146262760.000,0,-,-,-,-,5496.0000,5495.8000,5495.4000,5495.2000,5495.0000,5499.2000,5500.0000,5501.6000,5505.4000,5505.6000,1,1,1,2,1,1,2,1,4,3
SF,IC2007,2020-06-08 09:30:47.600,5495.8000,11246,-1,148461080.000,2,0,2,多平,S,5495.4000,5495.2000,5495.0000,5492.8000,5491.8000,5498.8000,5499.0000,5499.2000,5500.0000,5501.6000,1,2,1,1,1,1,1,1,2,1
SF,IC2007,2020-06-08 09:30:48.100,5495.8000,11246,0,148461080.000,0,-,-,-,-,5498.0000,5495.8000,5495.6000,5495.2000,5495.0000,5498.6000,5499.2000,5500.0000,5504.4000,5505.4000,1,1,1,2,1,2,1,2,1,4
SF,IC2007,2020-06-08 09:30:48.600,5499.2000,11242,-4,153959760.000,5,0,5,多平,S,5499.2000,5498.2000,5495.8000,5495.6000,5495.2000,5500.0000,5504.4000,5505.4000,5505.6000,5507.6000,7,1,1,1,2,2,1,4,3,6
SF,IC2007,2020-06-08 09:30:49.100,5499.2000,11236,-6,162758560.000,8,1,7,多平,S,5495.8000,5495.6000,5495.2000,5495.0000,5492.8000,5498.6000,5499.8000,5500.0000,5504.4000,5505.4000,1,1,2,1,1,1,2,2,1,4
SF,IC2007,2020-06-08 09:30:49.600,5496.2000,11234,-2,164957600.000,2,0,2,双平,S,5495.8000,5495.0000,5492.8000,5491.8000,5491.2000,5499.8000,5500.0000,5504.4000,5505.4000,5505.6000,1,1,1,1,1,2,2,1,4,3
SF,IC2007,2020-06-08 09:30:50.100,5496.2000,11234,0,164957600.000,0,-,-,-,-,5496.4000,5496.0000,5495.8000,5495.0000,5492.8000,5499.6000,5499.8000,5500.0000,5504.4000,5505.4000,1,3,1,1,1,1,2,2,1,4
SF,IC2007,2020-06-08 09:30:50.600,5496.2000,11234,0,164957600.000,0,-,-,-,-,5496.6000,5496.4000,5496.0000,5495.8000,5495.0000,5499.2000,5500.0000,5504.4000,5505.4000,5505.6000,1,2,2,1,2,1,2,1,4,3
SF,IC2007,2020-06-08 09:30:51.100,5496.2000,11234,0,164957600.000,0,-,-,-,-,5497.6000,5496.8000,5496.6000,5496.4000,5496.0000,5499.2000,5500.0000,5504.4000,5505.4000,5505.6000,1,1,1,1,2,1,2,1,4,3
SF,IC2007,2020-06-08 09:30:51.600,5496.2000,11234,0,164957600.000,0,-,-,-,-,5497.8000,5497.6000,5496.8000,5496.4000,5496.0000,5499.2000,5499.6000,5500.0000,5504.4000,5505.4000,1,1,1,1,2,1,1,2,1,4
SF,IC2007,2020-06-08 09:30:52.100,5499.2000,11233,-1,166057440.000,1,0,1,双平,S,5497.8000,5497.6000,5496.8000,5496.4000,5496.0000,5499.6000,5500.0000,5504.4000,5505.4000,5505.6000,1,1,1,2,2,1,2,1,4,3
SF,IC2007,2020-06-08 09:30:53.600,5499.6000,11232,-1,167157360.000,1,0,1,双平,S,5497.8000,5497.6000,5496.8000,5496.4000,5496.0000,5500.0000,5504.4000,5505.4000,5505.6000,5508.0000,1,1,1,2,2,2,1,4,3,1
SF,IC2007,2020-06-08 09:30:54.100,5499.6000,11232,0,167157360.000,0,-,-,-,-,5499.6000,5498.0000,5497.8000,5497.6000,5496.4000,5500.0000,5504.4000,5505.4000,5505.6000,5508.0000,1,1,1,1,1,2,1,4,3,1
SF,IC2007,2020-06-08 09:30:54.600,5499.6000,11232,0,167157360.000,0,-,-,-,-,5499.8000,5498.0000,5497.8000,5497.6000,5496.4000,5500.0000,5504.4000,5505.4000,5505.6000,5508.0000,1,1,1,1,1,2,1,4,3,1
SF,IC2007,2020-06-08 09:30:55.100,5499.8000,11231,-1,168257320.000,1,0,1,双平,S,5498.0000,5497.8000,5497.6000,5496.4000,5496.0000,5500.0000,5504.4000,5505.4000,5505.6000,5508.0000,2,1,1,1,2,2,1,4,3,1
SF,IC2007,2020-06-08 09:30:55.600,5499.8000,11231,0,168257320.000,0,-,-,-,-,5498.2000,5498.0000,5497.6000,5496.0000,5495.8000,5499.8000,5500.0000,5504.4000,5505.4000,5505.6000,1,1,1,2,1,1,2,1,4,3
SF,IC2007,2020-06-08 09:30:56.100,5499.8000,11231,0,168257320.000,0,-,-,-,-,5498.2000,5498.0000,5497.6000,5496.0000,5495.8000,5499.8000,5500.0000,5504.4000,5505.4000,5505.6000,1,1,1,2,1,1,2,1,4,3
SF,IC2007,2020-06-08 09:30:56.600,5498.2000,11230,-1,169356960.000,1,0,1,双平,S,5497.6000,5496.0000,5495.8000,5495.0000,5492.8000,5499.8000,5500.0000,5504.4000,5505.4000,5505.6000,1,2,1,2,1,1,2,1,4,3
SF,IC2007,2020-06-08 09:30:57.100,5498.2000,11230,0,169356960.000,0,-,-,-,-,5497.8000,5497.6000,5496.0000,5495.8000,5495.0000,5499.6000,5499.8000,5500.0000,5504.4000,5505.4000,1,1,2,1,2,1,1,2,1,4
SF,IC2007,2020-06-08 09:30:57.600,5498.2000,11230,0,169356960.000,0,-,-,-,-,5497.8000,5497.6000,5496.0000,5495.8000,5495.0000,5499.6000,5499.8000,5500.0000,5504.4000,5505.4000,1,1,2,1,2,2,1,2,1,4
SF,IC2007,2020-06-08 09:30:58.100,5498.2000,11230,0,169356960.000,0,-,-,-,-,5497.8000,5497.6000,5496.0000,5495.8000,5495.0000,5499.6000,5499.8000,5500.0000,5504.4000,5505.4000,1,1,2,1,2,1,1,2,1,4
SF,IC2007,2020-06-08 09:30:58.600,5498.0000,11229,-1,171556480.000,2,0,2,多平,S,5497.8000,5497.6000,5496.0000,5495.8000,5495.0000,5499.8000,5500.0000,5504.4000,5505.4000,5505.6000,1,1,2,1,2,1,2,1,4,3
SF,IC2007,2020-06-08 09:30:59.100,5499.8000,11228,-1,172656440.000,1,0,1,双平,S,5497.8000,5496.0000,5495.8000,5495.0000,5492.8000,5500.0000,5504.4000,5505.4000,5505.6000,5508.0000,1,2,1,2,1,2,1,4,3,1
SF,IC2007,2020-06-08 09:30:59.600,5499.8000,11228,0,172656440.000,0,-,-,-,-,5498.0000,5497.8000,5496.0000,5495.8000,5495.0000,5500.0000,5504.4000,5505.4000,5505.6000,5508.0000,1,1,2,1,2,2,1,4,3,1
SF,IC2007,2020-06-08 09:31:00.100,5498.4000,11229,1,173756120.000,1,1,0,双开,S,5498.2000,5497.8000,5496.0000,5495.8000,5495.0000,5500.0000,5504.4000,5505.4000,5505.6000,5508.0000,1,1,2,1,2,2,1,4,3,1
SF,IC2007,2020-06-08 09:31:00.600,5498.4000,11229,0,173756120.000,0,-,-,-,-,5498.2000,5496.0000,5495.8000,5495.0000,5492.8000,5500.0000,5504.4000,5505.4000,5505.6000,5508.0000,1,2,1,2,1,2,1,4,3,1
SF,IC2007,2020-06-08 09:31:01.100,5499.6000,11225,-4,179255960.000,5,0,5,多平,S,5496.0000,5495.8000,5495.0000,5492.8000,5491.2000,5498.2000,5499.2000,5503.6000,5504.4000,5505.4000,2,1,2,1,1,1,3,1,1,4
SF,IC2007,2020-06-08 09:31:01.600,5499.2000,11222,-3,183655120.000,4,0,4,多平,S,5500.0000,5498.8000,5498.6000,5498.4000,5498.2000,5503.6000,5504.4000,5505.4000,5505.6000,5508.0000,2,1,1,3,1,1,1,4,3,1
SF,IC2007,2020-06-08 09:31:02.100,5500.0000,11222,0,185855120.000,2,1,1,多换,S,5500.2000,5500.0000,5498.6000,5498.4000,5498.2000,5503.4000,5503.6000,5504.4000,5505.4000,5505.6000,1,1,1,1,1,1,1,1,4,3
SF,IC2007,2020-06-08 09:31:02.600,5500.0000,11222,0,185855120.000,0,-,-,-,-,5500.2000,5498.6000,5498.4000,5497.8000,5497.4000,5503.0000,5503.4000,5503.6000,5504.4000,5505.4000,2,1,1,5,1,1,2,1,1,4
SF,IC2007,2020-06-08 09:31:03.100,5500.0000,11222,0,185855120.000,0,-,-,-,-,5500.2000,5498.6000,5498.4000,5498.2000,5497.8000,5502.8000,5503.6000,5504.4000,5505.4000,5508.0000,2,1,1,2,3,1,1,1,3,1
SF,IC2007,2020-06-08 09:31:03.600,5500.0000,11222,0,185855120.000,0,-,-,-,-,5500.4000,5500.2000,5498.6000,5498.4000,5498.2000,5503.6000,5504.4000,5508.0000,5508.8000,5509.0000,1,2,1,1,2,1,1,1,3,9
SF,IC2007,2020-06-08 09:31:04.100,5500.2000,11221,-1,186955160.000,1,0,1,双平,S,5500.4000,5498.6000,5498.4000,5498.2000,5497.8000,5503.4000,5503.6000,5504.4000,5508.0000,5508.8000,2,1,1,2,3,1,1,1,1,3
SF,IC2007,2020-06-08 09:31:04.600,5500.2000,11221,0,186955160.000,0,-,-,-,-,5501.0000,5500.6000,5500.4000,5498.6000,5498.4000,5503.4000,5503.6000,5504.4000,5508.0000,5508.8000,1,3,3,1,1,1,1,1,1,3
SF,IC2007,2020-06-08 09:31:05.100,5500.2000,11221,0,186955160.000,0,-,-,-,-,5503.0000,5501.0000,5500.6000,5500.4000,5498.6000,5503.4000,5503.6000,5504.4000,5508.0000,5508.8000,2,1,2,2,1,1,1,1,1,3
SF,IC2007,2020-06-08 09:31:05.600,5503.0000,11219,-2,190256960.000,3,0,3,多平,S,5500.4000,5498.6000,5498.4000,5498.2000,5497.8000,5502.4000,5503.6000,5504.4000,5508.0000,5508.8000,2,1,1,2,1,1,1,1,1,3
SF,IC2007,2020-06-08 09:31:06.100,5503.0000,11219,0,190256960.000,0,-,-,-,-,5500.4000,5498.6000,5498.4000,5498.2000,5497.8000,5501.0000,5502.2000,5502.4000,5503.6000,5504.4000,2,1,1,2,1,1,1,1,1,1
SF,IC2007,2020-06-08 09:31:06.600,5501.0000,11219,0,192457360.000,2,1,1,多换,S,5501.0000,5500.4000,5498.6000,5498.4000,5498.2000,5502.2000,5503.6000,5504.4000,5508.0000,5508.8000,1,2,1,1,2,1,1,1,1,3
SF,IC2007,2020-06-08 09:31:07.100,5502.2000,11218,-1,194658000.000,2,0,2,多平,S,5503.4000,5502.4000,5500.4000,5498.6000,5498.4000,5503.6000,5504.4000,5508.0000,5508.8000,5509.0000,1,1,1,1,1,1,1,1,3,9
SF,IC2007,2020-06-08 09:31:07.600,5502.4000,11218,0,196859160.000,2,1,1,多换,S,5498.6000,5498.4000,5498.2000,5497.8000,5497.2000,5503.4000,5503.6000,5504.4000,5508.0000,5508.8000,1,1,2,1,1,2,1,1,1,3
SF,IC2007,2020-06-08 09:31:08.100,5502.2000,11217,-1,197959600.000,1,0,1,双平,S,5502.2000,5499.2000,5499.0000,5498.8000,5498.6000,5503.2000,5503.6000,5504.4000,5508.0000,5508.8000,1,6,1,2,1,2,1,1,1,3
SF,IC2007,2020-06-08 09:31:08.600,5503.2000,11216,-1,199060240.000,1,0,1,双平,S,5502.2000,5499.2000,5499.0000,5498.8000,5498.6000,5503.6000,5504.4000,5508.0000,5508.8000,5509.0000,1,6,1,2,1,1,1,1,3,9
SF,IC2007,2020-06-08 09:31:09.100,5502.2000,11216,0,200160680.000,1,0,1,多换,S,5499.2000,5499.0000,5498.8000,5498.6000,5498.4000,5503.4000,5503.6000,5504.4000,5508.0000,5508.8000,6,1,2,1,1,2,1,1,1,3
SF,IC2007,2020-06-08 09:31:09.600,5502.2000,11216,0,200160680.000,0,-,-,-,-,5499.4000,5499.2000,5498.8000,5498.6000,5498.4000,5503.2000,5503.6000,5504.4000,5508.0000,5508.8000,1,4,1,1,1,1,1,1,1,3
SF,IC2007,2020-06-08 09:31:10.100,5502.2000,11216,0,200160680.000,0,-,-,-,-,5499.8000,5499.4000,5499.2000,5499.0000,5498.8000,5503.2000,5503.6000,5504.4000,5508.0000,5508.8000,1,2,5,1,1,1,1,1,1,3
SF,IC2007,2020-06-08 09:31:10.600,5502.2000,11216,0,200160680.000,0,-,-,-,-,5500.0000,5499.8000,5499.4000,5499.2000,5499.0000,5503.0000,5503.2000,5503.6000,5503.8000,5504.4000,1,1,1,5,1,1,1,1,3,1
SF,IC2007,2020-06-08 09:31:11.100,5502.8000,11216,0,201261240.000,1,0,1,多换,S,5500.6000,5500.2000,5500.0000,5499.8000,5499.4000,5503.0000,5503.6000,5503.8000,5504.4000,5508.0000,1,1,1,1,1,1,1,3,1,1
SF,IC2007,2020-06-08 09:31:11.600,5502.8000,11216,0,201261240.000,0,-,-,-,-,5500.8000,5500.6000,5500.2000,5499.8000,5499.2000,5502.8000,5503.0000,5503.6000,5503.8000,5504.4000,1,1,1,1,5,1,1,1,3,1
SF,IC2007,2020-06-08 09:31:12.100,5502.8000,11216,0,201261240.000,0,-,-,-,-,5500.8000,5500.6000,5500.2000,5499.8000,5499.2000,5502.8000,5503.0000,5503.6000,5503.8000,5504.4000,1,1,1,1,4,1,1,1,3,1
SF,IC2007,2020-06-08 09:31:12.600,5502.8000,11216,0,202361800.000,1,0,1,多换,S,5500.8000,5500.6000,5500.2000,5499.8000,5499.2000,5503.0000,5503.6000,5503.8000,5504.4000,5508.0000,1,1,1,1,4,1,1,3,1,1
SF,IC2007,2020-06-08 09:31:13.100,5502.8000,11216,0,202361800.000,0,-,-,-,-,5502.8000,5500.8000,5500.2000,5499.8000,5499.2000,5503.6000,5503.8000,5504.4000,5508.0000,5508.8000,1,1,1,1,4,1,3,1,1,3
SF,IC2007,2020-06-08 09:31:13.600,5502.8000,11215,-1,203462360.000,1,0,1,双平,S,5501.0000,5500.8000,5500.2000,5499.8000,5499.2000,5503.6000,5503.8000,5504.4000,5508.0000,5508.8000,1,1,1,1,3,1,3,1,1,3
SF,IC2007,2020-06-08 09:31:14.100,5502.8000,11215,0,203462360.000,0,-,-,-,-,5501.2000,5499.8000,5499.2000,5498.8000,5498.6000,5503.4000,5503.6000,5503.8000,5504.4000,5508.0000,2,1,3,1,1,1,1,3,1,1
SF,IC2007,2020-06-08 09:31:14.600,5501.2000,11215,0,204562600.000,1,0,1,多换,S,5501.4000,5501.2000,5499.8000,5499.2000,5498.8000,5503.4000,5503.6000,5503.8000,5504.4000,5508.0000,1,1,1,3,1,1,1,3,1,1
SF,IC2007,2020-06-08 09:31:15.100,5502.8000,11214,-1,206763440.000,2,0,2,多平,S,5500.2000,5499.2000,5498.8000,5498.6000,5498.4000,5503.0000,5503.4000,5503.6000,5503.8000,5504.4000,2,3,1,1,1,2,3,1,3,1
SF,IC2007,2020-06-08 09:31:15.600,5500.2000,11211,-3,210063600.000,3,0,3,双平,S,5498.8000,5498.6000,5498.4000,5497.8000,5497.2000,5501.4000,5502.4000,5502.8000,5503.0000,5503.4000,1,1,1,1,1,1,1,2,2,2
SF,IC2007,2020-06-08 09:31:16.100,5501.2000,11210,-1,211163840.000,1,0,1,双平,S,5499.0000,5498.6000,5498.4000,5497.8000,5497.2000,5501.2000,5501.4000,5502.4000,5502.8000,5503.6000,1,1,1,1,1,1,1,1,1,1
SF,IC2007,2020-06-08 09:31:16.600,5501.4000,11209,-1,213364360.000,2,0,2,多平,S,5501.4000,5501.2000,5501.0000,5500.8000,5500.6000,5502.4000,5503.6000,5503.8000,5504.4000,5508.0000,1,1,2,3,2,1,1,3,1,1
SF,IC2007,2020-06-08 09:31:17.100,5501.6000,11207,-2,215565160.000,2,0,2,双平,S,5501.4000,5501.2000,5498.6000,5497.8000,5497.2000,5503.6000,5503.8000,5504.4000,5508.0000,5508.8000,1,1,1,1,1,1,3,1,1,3
SF,IC2007,2020-06-08 09:31:17.600,5501.2000,11207,0,217765680.000,2,1,1,多换,S,5498.6000,5497.8000,5497.2000,5495.0000,5491.2000,5502.6000,5503.2000,5503.4000,5503.6000,5503.8000,1,1,1,2,1,1,2,3,1,3
SF,IC2007,2020-06-08 09:31:18.100,5501.2000,11207,0,217765680.000,0,-,-,-,-,5499.2000,5499.0000,5498.8000,5498.6000,5497.8000,5502.4000,5503.6000,5503.8000,5504.4000,5505.0000,5,3,3,1,1,1,1,3,1,1
SF,IC2007,2020-06-08 09:31:18.600,5501.2000,11207,0,217765680.000,0,-,-,-,-,5499.4000,5499.2000,5499.0000,5498.8000,5498.6000,5503.6000,5503.8000,5504.4000,5505.0000,5508.0000,3,5,3,1,1,1,3,1,1,1
SF,IC2007,2020-06-08 09:31:19.100,5501.2000,11207,0,217765680.000,0,-,-,-,-,5499.4000,5499.2000,5499.0000,5498.8000,5498.6000,5503.4000,5503.6000,5503.8000,5504.4000,5505.0000,2,3,2,1,1,1,1,3,1,1
SF,IC2007,2020-06-08 09:31:20.100,5501.2000,11207,0,217765680.000,0,-,-,-,-,5499.6000,5499.4000,5499.2000,5499.0000,5498.8000,5503.4000,5503.6000,5503.8000,5504.4000,5505.0000,1,2,3,2,1,1,1,3,1,1
SF,IC2007,2020-06-08 09:31:20.600,5501.2000,11207,0,217765680.000,0,-,-,-,-,5500.0000,5499.8000,5499.6000,5499.2000,5499.0000,5503.4000,5503.6000,5503.8000,5504.4000,5505.0000,1,2,1,3,2,1,1,3,1,1
SF,IC2007,2020-06-08 09:31:21.100,5501.2000,11207,0,217765680.000,0,-,-,-,-,5501.0000,5500.2000,5500.0000,5499.6000,5499.4000,5503.4000,5503.6000,5503.8000,5504.4000,5505.0000,1,2,1,1,1,2,1,3,1,1
SF,IC2007,2020-06-08 09:31:22.100,5501.2000,11207,0,217765680.000,0,-,-,-,-,5501.0000,5500.2000,5500.0000,5499.6000,5499.4000,5503.4000,5503.6000,5503.8000,5504.4000,5505.0000,1,2,1,1,1,2,1,3,1,1
SF,IC2007,2020-06-08 09:31:22.600,5501.2000,11207,0,217765680.000,0,-,-,-,-,5501.0000,5500.2000,5500.0000,5499.6000,5499.4000,5503.4000,5503.6000,5503.8000,5504.4000,5505.0000,1,2,1,1,1,2,1,3,1,1
SF,IC2007,2020-06-08 09:31:23.100,5501.2000,11207,0,217765680.000,0,-,-,-,-,5501.0000,5500.2000,5500.0000,5499.6000,5499.4000,5503.4000,5503.6000,5503.8000,5504.4000,5505.0000,1,2,1,1,1,2,1,3,1,1
SF,IC2007,2020-06-08 09:31:24.600,5501.2000,11207,0,217765680.000,0,-,-,-,-,5501.0000,5500.2000,5500.0000,5499.6000,5499.4000,5503.4000,5503.6000,5503.8000,5504.4000,5505.0000,1,2,1,1,1,3,1,3,1,1
SF,IC2007,2020-06-08 09:31:25.100,5501.2000,11207,0,217765680.000,0,-,-,-,-,5501.2000,5501.0000,5500.2000,5500.0000,5499.6000,5503.0000,5503.4000,5503.6000,5503.8000,5504.4000,1,1,1,1,1,1,3,1,3,1
SF,IC2007,2020-06-08 09:31:25.600,5501.0000,11207,0,218865880.000,1,0,1,多换,S,5500.2000,5500.0000,5499.6000,5499.4000,5499.2000,5502.8000,5503.0000,5503.4000,5503.6000,5503.8000,1,1,1,1,3,1,1,2,1,3
SF,IC2007,2020-06-08 09:31:26.100,5502.8000,11206,-1,219966440.000,1,0,1,双平,S,5500.4000,5500.2000,5500.0000,5499.6000,5499.4000,5503.0000,5503.4000,5503.6000,5503.8000,5504.4000,1,1,1,1,1,1,2,1,3,1
SF,IC2007,2020-06-08 09:31:26.600,5502.8000,11206,0,219966440.000,0,-,-,-,-,5500.6000,5500.4000,5500.0000,5499.6000,5499.4000,5501.2000,5502.8000,5503.0000,5503.4000,5503.6000,1,1,1,1,1,1,1,1,2,1
SF,IC2007,2020-06-08 09:31:27.100,5501.2000,11206,0,221066680.000,1,0,1,多换,S,5500.0000,5499.6000,5499.4000,5499.0000,5498.8000,5503.0000,5503.4000,5503.6000,5503.8000,5504.4000,1,1,1,2,1,1,2,1,3,1
SF,IC2007,2020-06-08 09:31:27.600,5502.8000,11206,0,222167240.000,1,0,1,多换,S,5500.2000,5500.0000,5499.6000,5499.4000,5499.0000,5503.0000,5503.4000,5503.6000,5503.8000,5504.4000,2,1,1,1,2,1,2,1,3,1
SF,IC2007,2020-06-08 09:31:28.100,5502.8000,11206,0,222167240.000,0,-,-,-,-,5501.2000,5500.2000,5500.0000,5499.6000,5499.4000,5502.8000,5503.0000,5503.4000,5503.6000,5503.8000,2,2,1,1,1,1,1,2,1,3
SF,IC2007,2020-06-08 09:31:28.600,5502.8000,11206,0,222167240.000,0,-,-,-,-,5501.4000,5501.2000,5500.2000,5500.0000,5499.6000,5503.0000,5503.4000,5503.6000,5503.8000,5504.4000,1,2,1,1,1,2,2,1,3,1
SF,IC2007,2020-06-08 09:31:29.100,5501.2000,11205,-1,225468000.000,3,1,2,多平,S,5500.2000,5500.0000,5499.4000,5499.0000,5498.8000,5502.4000,5503.0000,5503.4000,5503.8000,5504.4000,1,1,1,2,1,1,2,2,3,1
SF,IC2007,2020-06-08 09:31:29.600,5501.2000,11205,0,225468000.000,0,-,-,-,-,5500.4000,5500.2000,5500.0000,5499.4000,5499.0000,5503.0000,5503.2000,5503.4000,5503.8000,5504.4000,1,1,1,1,2,2,1,2,3,1
SF,IC2007,2020-06-08 09:31:30.100,5501.2000,11205,0,225468000.000,0,-,-,-,-,5500.6000,5500.4000,5500.0000,5499.4000,5499.0000,5502.8000,5503.0000,5503.2000,5503.4000,5503.8000,2,1,1,1,2,1,2,1,2,3
SF,IC2007,2020-06-08 09:31:30.600,5501.2000,11205,0,225468000.000,0,-,-,-,-,5500.8000,5500.6000,5500.0000,5499.4000,5499.0000,5502.8000,5503.0000,5503.2000,5503.4000,5503.8000,1,3,2,1,2,1,2,1,2,3
SF,IC2007,2020-06-08 09:31:31.100,5501.2000,11205,0,225468000.000,0,-,-,-,-,5500.8000,5500.6000,5500.0000,5499.4000,5499.0000,5502.8000,5503.0000,5503.2000,5503.4000,5503.8000,1,3,2,1,2,1,2,1,2,3
SF,IC2007,2020-06-08 09:31:31.600,5500.8000,11204,-1,226568160.000,1,0,1,双平,S,5500.6000,5500.0000,5499.4000,5499.0000,5498.8000,5502.8000,5503.0000,5503.2000,5503.4000,5503.8000,2,2,1,2,1,1,2,1,2,3
SF,IC2007,2020-06-08 09:31:32.100,5500.6000,11202,-2,228768400.000,2,0,2,双平,S,5500.0000,5499.4000,5499.0000,5498.8000,5498.6000,5502.8000,5503.0000,5503.2000,5503.4000,5503.8000,2,1,2,1,1,1,2,1,2,3
SF,IC2007,2020-06-08 09:31:32.600,5500.6000,11202,0,228768400.000,0,-,-,-,-,5500.0000,5499.4000,5499.0000,5498.8000,5498.6000,5502.6000,5502.8000,5503.0000,5503.2000,5503.4000,2,1,1,1,1,2,1,2,1,2
SF,IC2007,2020-06-08 09:31:33.100,5500.6000,11202,0,228768400.000,0,-,-,-,-,5500.2000,5500.0000,5499.4000,5499.0000,5498.8000,5502.4000,5502.6000,5503.0000,5503.2000,5503.4000,1,2,1,1,1,2,2,2,1,2
SF,IC2007,2020-06-08 09:31:33.600,5500.0000,11202,0,232068440.000,3,1,2,多换,S,5499.4000,5499.0000,5498.8000,5498.6000,5497.8000,5502.4000,5502.6000,5503.0000,5503.2000,5503.4000,1,1,1,1,1,2,2,2,1,2
SF,IC2007,2020-06-08 09:31:34.100,5500.0000,11202,0,232068440.000,0,-,-,-,-,5499.6000,5499.4000,5498.6000,5497.8000,5497.2000,5502.2000,5502.4000,5502.6000,5503.0000,5503.2000,1,1,1,1,1,1,2,1,2,1
SF,IC2007,2020-06-08 09:31:34.600,5500.0000,11202,0,232068440.000,0,-,-,-,-,5499.6000,5499.4000,5498.6000,5497.8000,5497.2000,5502.0000,5502.2000,5502.4000,5502.6000,5503.0000,1,1,1,1,1,1,1,1,1,2
SF,IC2007,2020-06-08 09:31:35.100,5502.4000,11203,1,241971920.000,9,5,4,空开,S,5499.4000,5498.6000,5497.8000,5497.2000,5495.0000,5502.6000,5503.0000,5503.2000,5503.4000,5503.8000,1,1,1,1,1,1,2,1,2,3
SF,IC2007,2020-06-08 09:31:35.600,5499.6000,11201,-2,244171760.000,2,0,2,双平,S,5499.4000,5498.6000,5497.2000,5495.0000,5491.2000,5501.4000,5502.0000,5502.2000,5502.4000,5502.6000,1,1,1,1,1,1,2,2,1,2
SF,IC2007,2020-06-08 09:31:36.100,5499.4000,11200,-1,245271640.000,1,0,1,双平,S,5498.6000,5495.0000,5491.2000,5488.0000,5486.8000,5499.4000,5501.2000,5501.4000,5501.6000,5502.0000,1,1,1,1,5,1,1,1,1,2
SF,IC2007,2020-06-08 09:31:36.600,5499.4000,11200,0,245271640.000,0,-,-,-,-,5495.0000,5491.2000,5488.0000,5486.8000,5485.0000,5499.4000,5501.2000,5501.4000,5501.6000,5502.0000,1,1,1,5,1,1,1,1,1,2
SF,IC2007,2020-06-08 09:31:37.100,5499.4000,11201,1,248571280.000,3,2,1,空开,S,5500.0000,5495.8000,5495.6000,5495.2000,5495.0000,5501.4000,5501.6000,5502.0000,5502.2000,5502.6000,2,3,2,2,3,1,1,1,2,2
SF,IC2007,2020-06-08 09:31:37.600,5499.8000,11201,0,251871240.000,3,1,2,多换,S,5495.8000,5495.6000,5495.2000,5495.0000,5491.2000,5499.0000,5500.0000,5500.6000,5501.0000,5501.2000,3,2,2,3,1,1,2,4,3,1
SF,IC2007,2020-06-08 09:31:38.100,5499.8000,11201,0,251871240.000,0,-,-,-,-,5496.0000,5495.0000,5491.2000,5488.0000,5486.8000,5498.8000,5499.0000,5500.0000,5500.6000,5501.0000,2,3,1,1,5,1,1,1,2,3
SF,IC2007,2020-06-08 09:31:38.600,5499.8000,11201,0,251871240.000,0,-,-,-,-,5496.0000,5495.0000,5491.2000,5488.0000,5486.8000,5498.6000,5499.0000,5500.0000,5500.6000,5501.0000,2,3,1,1,5,1,1,1,2,3
SF,IC2007,2020-06-08 09:31:39.100,5499.8000,11201,0,252971200.000,1,0,1,多换,S,5496.0000,5495.0000,5491.2000,5488.0000,5486.8000,5499.0000,5500.0000,5500.6000,5501.0000,5501.4000,2,3,1,1,5,1,1,2,3,1
SF,IC2007,2020-06-08 09:31:39.600,5499.8000,11201,0,252971200.000,0,-,-,-,-,5496.0000,5495.0000,5491.2000,5488.0000,5486.8000,5499.0000,5500.0000,5500.6000,5501.0000,5501.4000,2,2,1,1,5,1,1,2,3,1
SF,IC2007,2020-06-08 09:31:40.100,5499.8000,11201,0,252971200.000,0,-,-,-,-,5498.6000,5496.0000,5495.0000,5491.2000,5488.0000,5500.0000,5501.4000,5501.6000,5502.0000,5502.2000,1,2,2,1,1,1,1,1,1,1
SF,IC2007,2020-06-08 09:31:40.600,5498.6000,11201,0,254070920.000,1,0,1,多换,S,5496.2000,5496.0000,5495.0000,5491.2000,5488.0000,5499.6000,5499.8000,5500.0000,5501.4000,5501.6000,1,2,2,1,1,1,1,1,1,1
SF,IC2007,2020-06-08 09:31:41.100,5498.6000,11201,0,254070920.000,0,-,-,-,-,5496.4000,5496.2000,5495.0000,5491.2000,5488.0000,5501.4000,5501.6000,5502.0000,5502.2000,5502.6000,2,1,2,1,1,1,1,1,1,1
SF,IC2007,2020-06-08 09:31:41.600,5498.6000,11201,0,254070920.000,0,-,-,-,-,5496.4000,5496.2000,5495.0000,5491.2000,5488.0000,5499.8000,5500.4000,5501.0000,5501.2000,5501.4000,2,1,1,1,1,1,1,2,1,1
SF,IC2007,2020-06-08 09:31:42.100,5498.6000,11201,0,254070920.000,0,-,-,-,-,5496.4000,5496.2000,5495.0000,5491.2000,5488.4000,5499.6000,5499.8000,5500.4000,5501.0000,5501.4000,2,1,1,1,1,1,1,1,2,1
SF,IC2007,2020-06-08 09:31:42.600,5498.6000,11202,1,255170640.000,1,1,0,双开,S,5496.4000,5496.2000,5495.0000,5491.2000,5488.4000,5500.4000,5501.0000,5501.4000,5501.6000,5502.0000,2,1,1,1,1,1,2,1,1,1
SF,IC2007,2020-06-08 09:31:43.100,5498.6000,11202,0,255170640.000,0,-,-,-,-,5496.6000,5496.4000,5491.2000,5488.4000,5488.0000,5498.0000,5499.2000,5499.8000,5500.0000,5500.2000,1,2,1,1,1,1,1,3,7,2
SF,IC2007,2020-06-08 09:31:43.600,5498.0000,11199,-3,258469520.000,3,0,3,双平,S,5496.8000,5496.6000,5496.4000,5491.2000,5488.4000,5499.8000,5500.0000,5500.2000,5501.4000,5501.6000,1,1,2,1,1,3,2,1,1,1
SF,IC2007,2020-06-08 09:31:44.100,5498.0000,11199,0,258469520.000,0,-,-,-,-,5497.0000,5496.8000,5496.6000,5491.2000,5488.4000,5497.8000,5498.4000,5499.2000,5499.4000,5499.6000,1,1,1,1,1,1,1,2,3,1
SF,IC2007,2020-06-08 09:31:44.600,5498.0000,11199,0,258469520.000,0,-,-,-,-,5497.8000,5496.8000,5496.6000,5491.2000,5488.4000,5499.6000,5499.8000,5500.0000,5501.4000,5501.6000,1,1,1,1,1,1,3,2,1,1
SF,IC2007,2020-06-08 09:31:45.100,5498.0000,11199,0,258469520.000,0,-,-,-,-,5497.8000,5496.8000,5496.6000,5491.2000,5488.4000,5499.4000,5499.6000,5501.4000,5501.6000,5502.0000,1,1,1,1,1,1,1,1,1,1
SF,IC2007,2020-06-08 09:31:45.600,5497.8000,11198,-1,259569080.000,1,0,1,双平,S,5497.8000,5496.8000,5496.6000,5491.2000,5488.4000,5498.2000,5498.8000,5499.2000,5499.4000,5501.4000,1,1,1,1,1,1,1,1,1,1
SF,IC2007,2020-06-08 09:31:46.100,5497.8000,11197,-1,260668640.000,1,0,1,双平,S,5496.8000,5496.6000,5491.2000,5488.4000,5488.0000,5498.2000,5498.8000,5499.2000,5501.4000,5501.6000,1,1,1,1,1,1,1,1,1,1
SF,IC2007,2020-06-08 09:31:46.600,5496.8000,11196,-1,261768000.000,1,0,1,双平,S,5496.6000,5491.2000,5488.4000,5488.0000,5486.8000,5498.0000,5498.2000,5498.8000,5499.2000,5501.4000,1,1,1,1,5,1,1,1,1,1
SF,IC2007,2020-06-08 09:31:47.100,5496.8000,11196,0,261768000.000,0,-,-,-,-,5491.2000,5488.4000,5488.0000,5486.8000,5485.0000,5498.8000,5499.2000,5501.4000,5501.6000,5502.0000,1,1,1,5,1,1,1,1,1,1
SF,IC2007,2020-06-08 09:31:47.600,5496.8000,11196,0,261768000.000,0,-,-,-,-,5494.0000,5493.8000,5493.6000,5493.2000,5491.8000,5498.2000,5498.6000,5501.4000,5501.6000,5502.0000,3,2,3,1,1,1,1,1,1,1
SF,IC2007,2020-06-08 09:31:48.100,5496.8000,11196,0,261768000.000,0,-,-,-,-,5494.4000,5494.2000,5494.0000,5493.8000,5493.6000,5497.8000,5498.0000,5498.2000,5500.6000,5501.4000,1,2,3,2,3,1,1,1,1,1
SF,IC2007,2020-06-08 09:31:48.600,5497.6000,11196,0,262867520.000,1,0,1,多换,S,5494.6000,5494.4000,5494.0000,5493.8000,5493.6000,5497.8000,5498.2000,5500.6000,5501.4000,5501.6000,2,1,3,2,3,1,1,1,1,1
SF,IC2007,2020-06-08 09:31:49.100,5497.6000,11196,0,262867520.000,0,-,-,-,-,5494.6000,5494.4000,5494.0000,5493.8000,5493.6000,5497.2000,5497.6000,5497.8000,5498.2000,5500.6000,3,1,3,2,3,1,1,1,1,1
SF,IC2007,2020-06-08 09:31:49.600,5497.6000,11196,0,262867520.000,0,-,-,-,-,5494.6000,5491.8000,5491.2000,5488.4000,5488.0000,5497.0000,5497.2000,5497.8000,5500.6000,5501.4000,3,1,1,1,1,2,1,1,1,1
SF,IC2007,2020-06-08 09:31:50.100,5494.6000,11196,0,263966440.000,1,0,1,多换,S,5494.6000,5491.8000,5491.2000,5488.4000,5488.0000,5496.6000,5497.0000,5497.2000,5500.6000,5501.4000,1,1,1,1,1,1,2,1,1,1
SF,IC2007,2020-06-08 09:31:50.600,5494.6000,11195,-1,265065360.000,1,0,1,双平,S,5491.8000,5491.2000,5488.4000,5488.0000,5486.8000,5495.8000,5496.4000,5496.6000,5497.0000,5497.2000,1,1,1,1,5,1,2,1,1,1
SF,IC2007,2020-06-08 09:31:51.100,5494.6000,11195,0,265065360.000,0,-,-,-,-,5492.2000,5492.0000,5491.8000,5491.2000,5488.4000,5495.2000,5495.6000,5495.8000,5496.4000,5500.6000,1,1,1,1,1,1,3,1,1,1
SF,IC2007,2020-06-08 09:31:51.600,5494.6000,11195,0,265065360.000,0,-,-,-,-,5492.4000,5491.2000,5488.4000,5488.0000,5486.8000,5495.0000,5495.2000,5495.6000,5495.8000,5496.4000,1,2,1,1,5,3,1,1,1,1
SF,IC2007,2020-06-08 09:31:52.100,5492.4000,11194,-1,266163840.000,1,0,1,双平,S,5491.2000,5488.4000,5488.0000,5486.8000,5485.0000,5494.6000,5495.0000,5495.2000,5495.6000,5496.4000,2,1,1,5,1,1,3,1,1,1
SF,IC2007,2020-06-08 09:31:52.600,5492.4000,11194,0,266163840.000,0,-,-,-,-,5491.4000,5491.2000,5488.4000,5488.0000,5486.8000,5494.2000,5494.4000,5494.6000,5495.0000,5495.2000,1,2,1,1,5,1,2,1,1,1
SF,IC2007,2020-06-08 09:31:53.100,5492.4000,11194,0,266163840.000,0,-,-,-,-,5491.2000,5488.0000,5486.8000,5485.0000,5482.0000,5494.0000,5494.2000,5494.6000,5496.4000,5501.4000,2,1,5,1,2,3,1,1,1,1
SF,IC2007,2020-06-08 09:31:53.600,5491.2000,11194,0,267262080.000,1,0,1,多换,S,5491.2000,5488.0000,5486.8000,5485.0000,5482.0000,5493.6000,5494.0000,5494.2000,5494.6000,5496.4000,1,1,5,1,2,1,3,1,1,1
SF,IC2007,2020-06-08 09:31:54.100,5491.2000,11194,0,267262080.000,0,-,-,-,-,5491.2000,5488.0000,5485.0000,5482.0000,5481.0000,5492.2000,5493.4000,5493.6000,5494.0000,5494.2000,1,1,1,2,5,1,2,1,2,1
SF,IC2007,2020-06-08 09:31:54.600,5491.2000,11195,1,268360320.000,1,1,0,双开,S,5488.0000,5485.0000,5482.0000,5481.0000,5476.4000,5491.2000,5492.2000,5493.4000,5494.0000,5496.4000,1,1,2,5,5,1,1,1,1,1
SF,IC2007,2020-06-08 09:31:55.100,5491.2000,11195,0,269458560.000,1,0,1,多换,S,5488.6000,5488.4000,5488.2000,5488.0000,5485.0000,5492.2000,5493.4000,5496.4000,5498.4000,5501.4000,4,3,2,3,1,1,1,1,5,1
SF,IC2007,2020-06-08 09:31:55.600,5491.2000,11195,0,269458560.000,0,-,-,-,-,5488.8000,5488.6000,5488.4000,5488.0000,5485.0000,5492.0000,5492.2000,5496.4000,5498.4000,5501.4000,2,4,3,3,1,1,1,1,5,1
SF,IC2007,2020-06-08 09:31:56.100,5491.2000,11195,0,269458560.000,0,-,-,-,-,5488.8000,5488.0000,5485.0000,5482.0000,5481.0000,5492.0000,5492.2000,5496.4000,5498.4000,5501.4000,2,1,1,2,5,2,1,1,5,1
SF,IC2007,2020-06-08 09:31:56.600,5491.2000,11195,0,269458560.000,0,-,-,-,-,5488.8000,5488.0000,5485.0000,5482.0000,5481.0000,5491.8000,5492.0000,5492.2000,5496.4000,5498.4000,2,1,1,2,5,1,2,1,1,5
SF,IC2007,2020-06-08 09:31:57.100,5491.2000,11195,0,269458560.000,0,-,-,-,-,5489.2000,5488.8000,5488.0000,5485.0000,5482.0000,5491.6000,5492.0000,5492.2000,5496.4000,5498.4000,1,2,1,1,2,1,1,1,1,5
SF,IC2007,2020-06-08 09:31:57.600,5489.4000,11194,-1,270556440.000,1,0,1,双平,S,5489.4000,5489.2000,5488.8000,5488.6000,5488.0000,5492.2000,5496.4000,5498.4000,5501.4000,5503.0000,3,4,1,1,1,1,1,5,1,2
SF,IC2007,2020-06-08 09:31:58.100,5489.4000,11194,0,270556440.000,0,-,-,-,-,5489.6000,5489.2000,5488.0000,5485.0000,5482.0000,5491.4000,5492.0000,5492.2000,5496.4000,5498.4000,2,1,1,1,2,1,1,1,1,5
SF,IC2007,2020-06-08 09:31:58.600,5489.4000,11194,0,270556440.000,0,-,-,-,-,5489.6000,5489.2000,5488.0000,5485.0000,5482.0000,5492.0000,5492.2000,5496.4000,5498.4000,5501.4000,1,1,1,1,2,1,1,1,5,1
SF,IC2007,2020-06-08 09:31:59.600,5489.4000,11194,0,270556440.000,0,-,-,-,-,5489.8000,5489.6000,5489.2000,5488.0000,5485.0000,5492.0000,5492.2000,5496.4000,5498.4000,5501.4000,1,1,1,1,1,1,1,1,5,1
SF,IC2007,2020-06-08 09:32:00.100,5489.8000,11193,-1,271654400.000,1,0,1,双平,S,5489.8000,5489.2000,5488.0000,5485.0000,5482.0000,5492.2000,5496.4000,5498.4000,5501.4000,5503.0000,1,1,1,1,2,1,1,5,1,2
SF,IC2007,2020-06-08 09:32:00.600,5489.8000,11193,0,271654400.000,0,-,-,-,-,5489.8000,5489.2000,5488.0000,5485.0000,5482.0000,5492.0000,5492.2000,5496.4000,5498.4000,5501.4000,1,1,1,1,2,1,1,1,5,1
SF,IC2007,2020-06-08 09:32:01.100,5489.8000,11193,0,272752360.000,1,0,1,多换,S,5489.8000,5489.2000,5488.0000,5485.0000,5482.0000,5492.0000,5492.2000,5496.4000,5498.4000,5501.4000,1,1,1,1,2,1,1,1,5,2
SF,IC2007,2020-06-08 09:32:01.600,5489.8000,11193,0,272752360.000,0,-,-,-,-,5490.0000,5489.8000,5489.2000,5488.0000,5485.0000,5492.0000,5492.2000,5496.4000,5498.4000,5501.4000,1,1,1,1,1,1,1,1,5,2
SF,IC2007,2020-06-08 09:32:02.100,5490.2000,11192,-1,274948800.000,2,0,2,多平,S,5492.0000,5490.0000,5489.8000,5489.2000,5488.0000,5492.2000,5496.4000,5501.4000,5503.0000,5503.2000,1,1,1,1,1,1,1,2,2,1
SF,IC2007,2020-06-08 09:32:02.600,5492.0000,11189,-3,278244080.000,3,0,3,双平,S,5490.0000,5489.8000,5489.2000,5488.0000,5485.0000,5496.4000,5501.4000,5503.0000,5503.2000,5503.4000,1,1,1,1,1,1,2,2,1,1
SF,IC2007,2020-06-08 09:32:03.100,5492.0000,11189,0,278244080.000,0,-,-,-,-,5492.0000,5490.2000,5490.0000,5489.8000,5489.2000,5493.4000,5495.0000,5495.2000,5495.4000,5496.0000,1,1,1,1,1,1,2,3,2,4
SF,IC2007,2020-06-08 09:32:03.600,5492.0000,11189,0,278244080.000,0,-,-,-,-,5492.0000,5490.2000,5490.0000,5489.8000,5489.2000,5493.0000,5493.2000,5493.4000,5495.0000,5495.2000,1,1,1,1,1,1,1,1,2,3
SF,IC2007,2020-06-08 09:32:04.100,5492.0000,11189,0,278244080.000,0,-,-,-,-,5492.0000,5490.6000,5490.2000,5490.0000,5489.2000,5493.0000,5493.2000,5495.0000,5495.2000,5495.4000,1,1,1,1,1,1,1,2,3,2
SF,IC2007,2020-06-08 09:32:04.600,5492.0000,11189,0,279342480.000,1,0,1,多换,S,5490.6000,5490.2000,5490.0000,5489.6000,5489.2000,5492.8000,5493.0000,5495.0000,5495.2000,5495.4000,1,1,1,1,1,1,1,2,3,2
SF,IC2007,2020-06-08 09:32:05.100,5492.0000,11189,0,279342480.000,0,-,-,-,-,5492.0000,5490.8000,5490.6000,5490.2000,5489.6000,5492.8000,5495.0000,5495.2000,5495.4000,5496.0000,1,2,1,1,1,1,2,3,2,4
SF,IC2007,2020-06-08 09:32:05.600,5492.0000,11189,0,279342480.000,0,-,-,-,-,5492.0000,5490.8000,5490.2000,5489.6000,5489.2000,5492.6000,5492.8000,5495.0000,5495.2000,5495.4000,1,2,1,1,1,2,1,2,3,2
SF,IC2007,2020-06-08 09:32:06.100,5492.0000,11189,0,280440880.000,1,0,1,多换,S,5490.8000,5490.2000,5489.6000,5489.2000,5488.0000,5492.4000,5495.0000,5495.2000,5495.4000,5496.0000,1,1,1,1,1,1,1,3,2,4
SF,IC2007,2020-06-08 09:32:06.600,5492.0000,11189,0,280440880.000,0,-,-,-,-,5490.2000,5489.6000,5489.2000,5488.0000,5485.0000,5492.0000,5492.2000,5492.4000,5495.2000,5495.4000,1,1,1,1,1,1,2,1,3,2
SF,IC2007,2020-06-08 09:32:07.100,5490.4000,11188,-1,281538960.000,1,0,1,双平,S,5489.6000,5489.2000,5488.0000,5485.0000,5482.0000,5490.2000,5491.4000,5491.6000,5491.8000,5492.2000,1,1,1,1,1,1,1,2,1,1
SF,IC2007,2020-06-08 09:32:07.600,5489.6000,11188,0,282636880.000,1,0,1,多换,S,5488.0000,5485.0000,5482.0000,5481.0000,5476.4000,5490.2000,5491.8000,5492.2000,5495.2000,5495.4000,1,1,1,5,5,1,1,1,3,2
SF,IC2007,2020-06-08 09:32:08.100,5489.6000,11188,0,282636880.000,0,-,-,-,-,5488.0000,5485.0000,5482.0000,5481.0000,5476.4000,5490.0000,5490.2000,5492.2000,5495.2000,5495.4000,1,1,1,5,5,1,1,1,3,2
SF,IC2007,2020-06-08 09:32:08.600,5488.8000,11186,-2,284832240.000,2,0,2,双平,S,5485.0000,5482.0000,5481.0000,5476.4000,5476.0000,5489.6000,5490.0000,5490.2000,5492.2000,5495.2000,1,1,5,5,1,2,2,1,1,3
SF,IC2007,2020-06-08 09:32:09.100,5488.8000,11186,0,284832240.000,0,-,-,-,-,5485.4000,5485.2000,5485.0000,5482.0000,5481.0000,5489.4000,5490.0000,5490.2000,5495.2000,5495.4000,1,5,1,1,5,1,1,1,3,2
SF,IC2007,2020-06-08 09:32:09.600,5488.8000,11186,0,284832240.000,0,-,-,-,-,5485.6000,5485.4000,5485.0000,5482.0000,5481.0000,5488.4000,5489.0000,5489.4000,5490.0000,5490.2000,2,1,1,1,5,1,1,2,1,1
SF,IC2007,2020-06-08 09:32:10.100,5488.8000,11186,0,284832240.000,0,-,-,-,-,5485.6000,5485.4000,5485.0000,5482.0000,5481.0000,5487.8000,5488.2000,5490.2000,5495.2000,5495.4000,2,1,1,1,5,1,1,1,3,2
SF,IC2007,2020-06-08 09:32:10.600,5488.8000,11186,0,284832240.000,0,-,-,-,-,5485.6000,5485.4000,5485.0000,5482.0000,5481.0000,5495.2000,5495.4000,5496.0000,5497.0000,5501.4000,2,1,1,1,5,3,2,4,1,2
SF,IC2007,2020-06-08 09:32:11.100,5488.8000,11186,0,284832240.000,0,-,-,-,-,5485.6000,5485.4000,5485.0000,5482.0000,5481.0000,5489.4000,5490.0000,5490.8000,5491.8000,5493.2000,3,1,1,1,5,1,1,3,1,1
SF,IC2007,2020-06-08 09:32:11.600,5489.2000,11185,-1,285930080.000,1,0,1,双平,S,5485.6000,5485.4000,5485.0000,5482.0000,5481.0000,5489.4000,5490.0000,5490.8000,5491.8000,5493.2000,3,1,1,1,5,1,1,1,1,1
SF,IC2007,2020-06-08 09:32:12.100,5489.4000,11184,-1,288125800.000,2,0,2,多平,S,5486.6000,5486.4000,5486.2000,5486.0000,5485.6000,5490.0000,5490.8000,5491.8000,5493.2000,5493.6000,1,1,3,3,3,1,1,1,1,1
SF,IC2007,2020-06-08 09:32:12.600,5489.4000,11184,0,288125800.000,0,-,-,-,-,5488.6000,5486.8000,5486.6000,5486.4000,5486.2000,5490.0000,5490.8000,5491.8000,5493.2000,5493.6000,1,2,2,1,3,1,1,1,1,1
SF,IC2007,2020-06-08 09:32:13.100,5490.0000,11182,-2,290321800.000,2,0,2,双平,S,5488.8000,5488.6000,5486.8000,5486.6000,5486.4000,5493.2000,5493.6000,5494.8000,5495.0000,5497.0000,1,1,1,2,1,1,1,5,3,1
SF,IC2007,2020-06-08 09:32:13.600,5490.0000,11182,0,290321800.000,0,-,-,-,-,5489.0000,5488.6000,5487.0000,5486.6000,5486.4000,5490.2000,5490.8000,5491.8000,5492.2000,5492.8000,1,1,1,2,1,1,2,1,2,4
SF,IC2007,2020-06-08 09:32:14.100,5490.0000,11182,0,290321800.000,0,-,-,-,-,5488.6000,5487.0000,5486.6000,5486.4000,5486.2000,5490.0000,5490.2000,5490.8000,5491.8000,5492.2000,1,1,1,1,3,2,1,2,1,2
SF,IC2007,2020-06-08 09:32:14.600,5490.0000,11182,0,290321800.000,0,-,-,-,-,5488.6000,5487.0000,5486.6000,5486.4000,5486.2000,5490.0000,5490.2000,5490.8000,5491.8000,5492.2000,1,1,1,1,3,1,1,1,1,2
SF,IC2007,2020-06-08 09:32:15.100,5490.0000,11182,0,290321800.000,0,-,-,-,-,5488.6000,5487.0000,5486.2000,5486.0000,5485.4000,5489.6000,5490.0000,5490.8000,5492.2000,5492.8000,1,1,3,1,1,1,1,1,2,4
SF,IC2007,2020-06-08 09:32:15.600,5490.0000,11182,0,290321800.000,0,-,-,-,-,5488.6000,5486.2000,5486.0000,5485.4000,5485.0000,5489.6000,5490.0000,5490.8000,5492.2000,5492.8000,1,3,1,1,1,1,1,1,2,4
SF,IC2007,2020-06-08 09:32:17.600,5490.0000,11181,-1,291419800.000,1,0,1,双平,S,5488.8000,5488.6000,5486.2000,5486.0000,5485.4000,5490.8000,5492.8000,5493.6000,5494.8000,5495.0000,1,1,3,1,1,1,2,1,1,3
SF,IC2007,2020-06-08 09:32:18.100,5490.0000,11181,0,291419800.000,0,-,-,-,-,5490.0000,5489.0000,5488.8000,5488.6000,5486.6000,5490.2000,5492.8000,5493.6000,5494.8000,5495.0000,1,1,1,1,5,1,2,1,1,3
SF,IC2007,2020-06-08 09:32:18.600,5490.2000,11180,-1,292517840.000,1,0,1,双平,S,5490.4000,5490.0000,5488.6000,5486.6000,5486.2000,5492.8000,5493.6000,5494.8000,5495.0000,5497.0000,2,1,2,5,3,2,1,1,3,1
SF,IC2007,2020-06-08 09:32:19.100,5490.2000,11180,0,292517840.000,0,-,-,-,-,5490.6000,5490.4000,5490.0000,5488.6000,5486.6000,5491.0000,5491.6000,5492.2000,5492.4000,5492.6000,1,2,1,2,5,1,1,1,1,1
SF,IC2007,2020-06-08 09:32:19.600,5490.4000,11179,-1,294714120.000,2,0,2,多平,S,5490.4000,5490.0000,5488.6000,5486.6000,5486.2000,5492.8000,5493.6000,5494.8000,5495.0000,5497.0000,1,1,2,5,3,2,1,1,3,1
SF,IC2007,2020-06-08 09:32:20.100,5490.4000,11179,0,294714120.000,0,-,-,-,-,5490.6000,5490.4000,5490.0000,5488.6000,5486.6000,5491.6000,5492.2000,5492.4000,5492.6000,5492.8000,1,1,1,2,5,1,1,1,1,2
SF,IC2007,2020-06-08 09:32:20.600,5490.4000,11179,0,294714120.000,0,-,-,-,-,5490.6000,5490.4000,5490.0000,5488.6000,5486.6000,5491.4000,5491.6000,5492.2000,5492.6000,5492.8000,1,1,1,2,5,1,1,1,1,2
SF,IC2007,2020-06-08 09:32:21.600,5490.6000,11179,0,295812240.000,1,0,1,多换,S,5490.4000,5490.0000,5488.6000,5486.6000,5486.2000,5491.4000,5491.6000,5492.2000,5492.6000,5492.8000,1,1,2,5,3,1,1,1,1,2
SF,IC2007,2020-06-08 09:32:22.100,5490.4000,11178,-1,296910320.000,1,0,1,双平,S,5490.0000,5488.6000,5486.6000,5486.2000,5486.0000,5490.6000,5491.2000,5491.4000,5491.6000,5492.2000,1,2,5,3,1,1,2,1,1,1
SF,IC2007,2020-06-08 09:32:22.600,5490.4000,11178,0,296910320.000,0,-,-,-,-,5488.6000,5486.6000,5486.2000,5486.0000,5485.4000,5491.2000,5492.2000,5492.8000,5493.6000,5494.8000,2,5,3,1,1,2,1,2,1,1
SF,IC2007,2020-06-08 09:32:23.100,5491.0000,11177,-1,298008520.000,1,0,1,双平,S,5488.8000,5488.6000,5487.6000,5486.6000,5486.2000,5491.2000,5492.2000,5492.8000,5493.6000,5494.8000,2,2,1,5,3,1,1,2,1,1
SF,IC2007,2020-06-08 09:32:23.600,5491.0000,11177,0,298008520.000,0,-,-,-,-,5488.8000,5488.6000,5487.6000,5486.6000,5486.2000,5491.2000,5492.2000,5492.8000,5493.6000,5494.8000,2,2,1,5,3,2,1,2,1,1
SF,IC2007,2020-06-08 09:32:24.100,5491.0000,11177,0,298008520.000,0,-,-,-,-,5488.8000,5488.6000,5487.6000,5486.6000,5486.2000,5490.0000,5490.6000,5491.0000,5491.2000,5492.2000,2,2,1,5,3,3,1,1,2,1
SF,IC2007,2020-06-08 09:32:24.600,5491.0000,11177,0,298008520.000,0,-,-,-,-,5488.8000,5488.6000,5487.6000,5486.6000,5486.2000,5490.0000,5490.6000,5491.0000,5491.2000,5492.2000,1,2,1,5,3,4,1,1,1,1
SF,IC2007,2020-06-08 09:32:25.100,5491.0000,11177,0,298008520.000,0,-,-,-,-,5488.8000,5488.6000,5487.6000,5486.6000,5486.2000,5490.0000,5490.6000,5491.0000,5491.2000,5492.2000,1,2,1,5,3,3,1,1,1,1
SF,IC2007,2020-06-08 09:32:25.600,5491.0000,11177,0,298008520.000,0,-,-,-,-,5488.8000,5488.6000,5487.6000,5486.6000,5486.2000,5489.8000,5490.0000,5490.6000,5491.0000,5491.2000,1,2,1,5,3,1,3,1,1,2
SF,IC2007,2020-06-08 09:32:26.100,5491.0000,11177,0,298008520.000,0,-,-,-,-,5488.8000,5488.6000,5487.6000,5486.6000,5486.2000,5489.6000,5489.8000,5490.0000,5490.6000,5491.0000,1,2,1,5,3,1,1,3,1,1
SF,IC2007,2020-06-08 09:32:26.600,5488.8000,11176,-1,299106280.000,1,0,1,双平,S,5488.6000,5487.6000,5486.6000,5486.2000,5486.0000,5488.8000,5490.0000,5490.6000,5491.0000,5491.2000,2,1,5,3,1,1,3,1,1,1
SF,IC2007,2020-06-08 09:32:27.100,5488.8000,11175,-1,300204040.000,1,0,1,双平,S,5488.8000,5488.6000,5487.6000,5486.6000,5486.2000,5490.0000,5490.6000,5491.0000,5491.2000,5492.2000,1,2,1,5,3,3,1,1,1,1
SF,IC2007,2020-06-08 09:32:27.600,5488.8000,11175,0,300204040.000,0,-,-,-,-,5488.6000,5487.6000,5486.6000,5486.2000,5486.0000,5489.2000,5489.8000,5490.0000,5490.6000,5491.2000,2,1,5,3,1,1,2,3,1,1
SF,IC2007,2020-06-08 09:32:28.100,5488.6000,11175,0,301301760.000,1,0,1,多换,S,5487.6000,5486.6000,5486.2000,5486.0000,5485.4000,5488.6000,5489.0000,5489.2000,5489.8000,5490.0000,1,5,3,1,1,1,1,1,1,3
SF,IC2007,2020-06-08 09:32:28.600,5488.6000,11175,0,301301760.000,0,-,-,-,-,5487.6000,5486.6000,5486.2000,5486.0000,5485.4000,5488.6000,5489.0000,5489.2000,5489.8000,5490.0000,1,6,3,1,1,1,1,1,1,3
SF,IC2007,2020-06-08 09:32:29.100,5488.6000,11174,-1,302399480.000,1,0,1,双平,S,5488.6000,5487.8000,5486.6000,5486.2000,5486.0000,5489.8000,5490.0000,5490.6000,5491.2000,5492.8000,2,1,6,3,1,1,3,1,1,2
SF,IC2007,2020-06-08 09:32:29.600,5488.6000,11174,0,302399480.000,0,-,-,-,-,5486.6000,5486.2000,5486.0000,5485.4000,5485.0000,5489.8000,5490.0000,5490.6000,5491.2000,5492.8000,6,3,1,1,1,1,3,1,1,2
SF,IC2007,2020-06-08 09:32:30.100,5488.6000,11174,0,302399480.000,0,-,-,-,-,5488.2000,5486.8000,5486.6000,5485.4000,5485.0000,5489.8000,5490.0000,5490.6000,5491.2000,5492.8000,1,2,6,2,1,1,3,1,1,2
SF,IC2007,2020-06-08 09:32:30.600,5488.2000,11175,1,303497120.000,1,1,0,双开,S,5486.8000,5486.6000,5485.4000,5485.0000,5482.0000,5489.8000,5490.0000,5490.6000,5491.2000,5492.8000,2,6,1,1,1,1,3,1,1,2
SF,IC2007,2020-06-08 09:32:31.100,5488.2000,11175,0,303497120.000,0,-,-,-,-,5486.8000,5486.6000,5485.4000,5485.0000,5482.0000,5489.6000,5489.8000,5490.0000,5490.6000,5491.2000,2,6,1,2,1,1,2,3,1,1
SF,IC2007,2020-06-08 09:32:31.600,5488.2000,11175,0,303497120.000,0,-,-,-,-,5487.4000,5487.0000,5486.8000,5486.6000,5485.4000,5489.4000,5489.6000,5490.0000,5490.6000,5491.2000,1,4,2,7,1,1,1,3,1,1
SF,IC2007,2020-06-08 09:32:32.100,5488.2000,11175,0,303497120.000,0,-,-,-,-,5487.6000,5487.4000,5486.8000,5486.6000,5485.4000,5489.4000,5489.6000,5490.0000,5490.6000,5491.2000,1,1,1,7,1,1,1,3,1,1
SF,IC2007,2020-06-08 09:32:32.600,5488.2000,11175,0,303497120.000,0,-,-,-,-,5487.6000,5487.4000,5486.8000,5486.6000,5485.4000,5489.4000,5489.6000,5490.0000,5490.6000,5491.2000,1,1,1,6,1,1,1,3,1,1
SF,IC2007,2020-06-08 09:32:33.100,5489.4000,11174,-1,304595000.000,1,0,1,双平,S,5489.4000,5487.6000,5487.4000,5486.8000,5486.6000,5489.6000,5490.0000,5490.6000,5491.2000,5492.8000,3,1,1,1,6,1,3,1,1,2
SF,IC2007,2020-06-08 09:32:33.600,5489.6000,11170,-4,310084480.000,5,0,5,多平,S,5487.6000,5486.8000,5486.6000,5485.4000,5485.0000,5490.0000,5490.6000,5491.2000,5492.0000,5492.8000,1,1,5,1,1,3,1,1,1,2
SF,IC2007,2020-06-08 09:32:34.100,5487.6000,11168,-2,312279600.000,2,0,2,双平,S,5486.8000,5486.6000,5485.4000,5485.0000,5482.0000,5490.0000,5490.6000,5491.2000,5492.0000,5492.8000,1,5,1,1,1,3,1,1,1,2
SF,IC2007,2020-06-08 09:32:34.600,5487.6000,11168,0,312279600.000,0,-,-,-,-,5487.0000,5486.8000,5486.6000,5485.4000,5485.0000,5490.0000,5490.6000,5491.2000,5492.0000,5492.8000,5,1,6,1,1,3,1,1,1,2
SF,IC2007,2020-06-08 09:32:35.100,5487.6000,11168,0,312279600.000,0,-,-,-,-,5487.2000,5487.0000,5486.6000,5485.4000,5485.0000,5489.8000,5490.0000,5490.6000,5491.2000,5492.0000,1,5,6,1,1,1,3,1,1,1
SF,IC2007,2020-06-08 09:32:35.600,5487.6000,11168,0,312279600.000,0,-,-,-,-,5487.4000,5487.2000,5487.0000,5486.6000,5485.4000,5489.8000,5490.0000,5490.6000,5491.2000,5492.0000,1,1,3,6,1,1,3,1,1,1
SF,IC2007,2020-06-08 09:32:37.100,5487.6000,11168,0,312279600.000,0,-,-,-,-,5487.4000,5487.2000,5486.6000,5485.4000,5485.0000,5489.8000,5490.0000,5490.6000,5491.2000,5492.0000,1,1,6,1,1,1,3,1,1,1
SF,IC2007,2020-06-08 09:32:37.600,5487.6000,11168,0,312279600.000,0,-,-,-,-,5487.6000,5487.4000,5487.2000,5486.6000,5485.4000,5489.8000,5490.0000,5490.6000,5491.2000,5492.0000,5,1,1,6,1,1,3,1,1,1
SF,IC2007,2020-06-08 09:32:38.100,5487.6000,11168,0,312279600.000,0,-,-,-,-,5487.8000,5487.6000,5487.2000,5486.6000,5485.4000,5489.8000,5490.0000,5490.6000,5491.2000,5492.0000,1,5,1,6,1,1,3,1,1,1
SF,IC2007,2020-06-08 09:32:39.600,5487.6000,11168,0,312279600.000,0,-,-,-,-,5487.8000,5487.6000,5487.2000,5486.6000,5485.4000,5489.4000,5489.8000,5490.0000,5490.6000,5491.2000,1,5,1,6,1,1,1,3,1,1
SF,IC2007,2020-06-08 09:32:40.100,5487.6000,11168,0,312279600.000,0,-,-,-,-,5487.8000,5487.6000,5487.2000,5486.6000,5485.4000,5489.8000,5490.0000,5490.6000,5491.2000,5492.0000,1,5,1,6,1,1,3,1,1,1
SF,IC2007,2020-06-08 09:32:41.100,5487.6000,11168,0,312279600.000,0,-,-,-,-,5487.8000,5487.6000,5487.2000,5486.6000,5485.4000,5489.4000,5489.8000,5490.0000,5490.6000,5491.2000,1,5,1,6,1,1,1,3,1,1
SF,IC2007,2020-06-08 09:32:42.100,5487.6000,11168,0,312279600.000,0,-,-,-,-,5487.8000,5487.6000,5487.2000,5486.6000,5485.4000,5489.4000,5489.8000,5490.6000,5491.2000,5492.0000,1,5,1,6,1,1,1,1,1,1
SF,IC2007,2020-06-08 09:32:42.600,5487.6000,11168,0,312279600.000,0,-,-,-,-,5487.8000,5487.6000,5487.2000,5486.6000,5485.4000,5489.4000,5489.8000,5490.6000,5491.2000,5492.0000,1,5,1,6,1,1,1,1,1,1
SF,IC2007,2020-06-08 09:32:43.100,5487.6000,11168,0,312279600.000,0,-,-,-,-,5487.8000,5487.6000,5487.2000,5486.6000,5485.4000,5489.4000,5490.6000,5491.2000,5492.0000,5492.8000,1,5,1,6,1,1,1,1,1,2
SF,IC2007,2020-06-08 09:32:44.100,5487.6000,11168,0,312279600.000,0,-,-,-,-,5487.8000,5487.6000,5487.2000,5486.6000,5485.4000,5490.6000,5491.2000,5492.0000,5492.8000,5493.6000,1,5,1,6,1,1,1,1,2,1
SF,IC2007,2020-06-08 09:32:44.600,5487.6000,11168,0,312279600.000,0,-,-,-,-,5488.0000,5487.8000,5487.6000,5486.6000,5485.4000,5490.0000,5490.4000,5490.6000,5491.2000,5492.0000,1,1,5,6,1,1,1,1,1,1
SF,IC2007,2020-06-08 09:32:45.100,5487.8000,11167,-1,313377160.000,1,0,1,双平,S,5487.6000,5486.6000,5485.4000,5485.0000,5482.0000,5489.8000,5490.0000,5490.6000,5491.2000,5492.0000,5,6,1,1,1,1,1,1,1,1
SF,IC2007,2020-06-08 09:32:45.600,5487.6000,11166,-1,315572240.000,2,0,2,多平,S,5487.6000,5486.6000,5485.4000,5485.0000,5482.0000,5489.8000,5490.0000,5490.6000,5491.2000,5492.0000,4,6,1,1,1,1,1,1,1,1
SF,IC2007,2020-06-08 09:32:46.600,5487.6000,11166,0,315572240.000,0,-,-,-,-,5487.6000,5486.6000,5485.4000,5485.0000,5482.0000,5489.2000,5489.8000,5490.6000,5491.2000,5492.0000,4,6,1,1,1,2,1,1,1,1
SF,IC2007,2020-06-08 09:32:47.100,5487.6000,11166,0,315572240.000,0,-,-,-,-,5487.6000,5486.6000,5485.4000,5485.0000,5482.0000,5489.0000,5489.2000,5490.6000,5491.2000,5492.0000,4,5,1,1,1,1,2,1,1,1
SF,IC2007,2020-06-08 09:32:47.600,5487.6000,11166,0,316669760.000,1,0,1,多换,S,5487.6000,5486.6000,5485.4000,5485.0000,5482.0000,5489.0000,5489.2000,5490.6000,5491.2000,5492.0000,3,5,1,1,1,1,2,1,1,1
SF,IC2007,2020-06-08 09:32:48.100,5487.6000,11166,0,319962320.000,3,1,2,多换,S,5486.6000,5485.4000,5485.0000,5482.0000,5481.0000,5489.0000,5489.2000,5490.6000,5491.2000,5492.0000,5,1,1,1,5,1,2,1,1,1
SF,IC2007,2020-06-08 09:32:48.600,5487.6000,11166,0,319962320.000,0,-,-,-,-,5486.8000,5486.6000,5485.4000,5485.0000,5482.0000,5489.0000,5490.6000,5491.2000,5492.0000,5492.8000,1,5,1,1,1,1,1,1,1,2
SF,IC2007,2020-06-08 09:32:49.100,5487.6000,11166,0,319962320.000,0,-,-,-,-,5486.8000,5486.6000,5485.4000,5485.0000,5482.0000,5489.0000,5490.6000,5491.2000,5492.0000,5492.8000,1,6,1,1,1,1,1,1,1,2
SF,IC2007,2020-06-08 09:32:50.100,5489.0000,11166,0,321060120.000,1,0,1,多换,S,5486.8000,5486.6000,5485.4000,5485.0000,5482.0000,5490.6000,5491.2000,5492.0000,5492.8000,5493.6000,1,6,1,1,1,1,1,1,2,1
SF,IC2007,2020-06-08 09:32:50.600,5489.0000,11166,0,321060120.000,0,-,-,-,-,5487.0000,5486.8000,5486.6000,5485.4000,5485.0000,5490.4000,5490.6000,5491.2000,5492.0000,5492.8000,1,1,6,1,1,1,1,1,1,2
SF,IC2007,2020-06-08 09:32:51.100,5489.0000,11166,0,321060120.000,0,-,-,-,-,5487.0000,5486.6000,5485.4000,5485.0000,5482.0000,5490.4000,5490.6000,5491.2000,5492.0000,5492.8000,2,6,1,1,1,1,1,1,1,2
SF,IC2007,2020-06-08 09:32:51.600,5489.0000,11166,0,321060120.000,0,-,-,-,-,5487.2000,5487.0000,5486.6000,5485.4000,5485.0000,5490.4000,5490.6000,5491.2000,5492.0000,5492.8000,1,1,6,1,1,2,1,1,1,2
SF,IC2007,2020-06-08 09:32:52.100,5489.0000,11166,0,321060120.000,0,-,-,-,-,5487.4000,5487.2000,5486.6000,5485.4000,5485.0000,5490.4000,5490.6000,5491.2000,5492.0000,5492.8000,1,1,6,1,1,2,1,1,1,2
SF,IC2007,2020-06-08 09:32:52.600,5490.4000,11166,0,323256280.000,2,1,1,多换,S,5490.4000,5487.4000,5486.6000,5485.4000,5485.0000,5490.6000,5491.2000,5492.0000,5492.8000,5493.6000,2,1,6,1,1,1,1,1,2,1
SF,IC2007,2020-06-08 09:32:53.100,5490.4000,11166,0,325452440.000,2,1,1,多换,S,5487.4000,5486.6000,5485.4000,5485.0000,5482.0000,5490.0000,5490.6000,5491.2000,5492.0000,5492.8000,1,5,1,1,1,1,1,1,1,2
SF,IC2007,2020-06-08 09:32:53.600,5490.4000,11166,0,325452440.000,0,-,-,-,-,5487.6000,5487.4000,5486.6000,5485.4000,5485.0000,5489.8000,5490.0000,5490.6000,5491.2000,5492.0000,1,1,5,1,1,1,1,1,1,1
SF,IC2007,2020-06-08 09:32:54.100,5490.4000,11166,0,325452440.000,0,-,-,-,-,5487.6000,5487.4000,5486.6000,5485.4000,5485.0000,5489.2000,5489.8000,5490.0000,5490.6000,5491.2000,1,1,5,1,1,1,1,1,1,1
SF,IC2007,2020-06-08 09:32:54.600,5490.4000,11166,0,325452440.000,0,-,-,-,-,5487.6000,5486.6000,5485.4000,5485.0000,5482.0000,5489.2000,5489.8000,5490.6000,5491.2000,5492.0000,1,5,1,1,1,1,1,1,1,1
SF,IC2007,2020-06-08 09:32:55.100,5490.4000,11166,0,325452440.000,0,-,-,-,-,5487.6000,5487.2000,5486.6000,5485.4000,5485.0000,5489.2000,5489.8000,5490.6000,5491.2000,5492.0000,1,5,5,1,1,1,1,1,1,1
SF,IC2007,2020-06-08 09:32:55.600,5487.6000,11165,-1,326549960.000,1,0,1,双平,S,5487.2000,5486.6000,5485.4000,5485.0000,5482.0000,5487.6000,5489.2000,5490.6000,5491.2000,5492.0000,5,5,1,1,1,1,2,2,1,1
SF,IC2007,2020-06-08 09:32:56.100,5487.6000,11164,-1,327647480.000,1,0,1,双平,S,5487.2000,5486.6000,5485.4000,5485.0000,5482.0000,5490.2000,5490.6000,5491.2000,5492.0000,5492.2000,5,5,1,1,1,1,2,1,1,1
SF,IC2007,2020-06-08 09:32:56.600,5487.6000,11164,0,327647480.000,0,-,-,-,-,5487.4000,5487.2000,5486.6000,5485.4000,5485.0000,5488.8000,5489.4000,5489.8000,5490.0000,5490.2000,1,5,5,1,1,1,1,3,1,1
SF,IC2007,2020-06-08 09:32:57.100,5488.4000,11163,-1,333134960.000,5,2,3,多平,S,5487.2000,5486.6000,5485.4000,5485.0000,5482.0000,5488.4000,5488.8000,5489.4000,5489.8000,5490.2000,2,5,1,1,1,1,1,1,3,1
SF,IC2007,2020-06-08 09:32:57.600,5488.4000,11163,0,333134960.000,0,-,-,-,-,5487.2000,5486.6000,5485.4000,5485.0000,5482.0000,5488.2000,5488.8000,5489.4000,5489.8000,5490.2000,2,5,1,1,1,2,1,1,3,1
SF,IC2007,2020-06-08 09:32:58.100,5487.2000,11163,0,335329840.000,2,1,1,多换,S,5486.6000,5485.0000,5482.0000,5481.0000,5476.4000,5488.0000,5488.8000,5489.4000,5489.8000,5490.2000,5,1,1,5,5,1,1,1,3,1
SF,IC2007,2020-06-08 09:32:58.600,5486.6000,11163,0,340816440.000,5,2,3,多换,S,5485.0000,5482.0000,5481.0000,5476.4000,5476.0000,5486.4000,5487.6000,5487.8000,5489.8000,5490.2000,1,1,5,5,2,1,1,1,3,1
SF,IC2007,2020-06-08 09:32:59.100,5486.6000,11163,0,340816440.000,0,-,-,-,-,5485.0000,5482.0000,5481.0000,5476.4000,5476.0000,5487.8000,5489.8000,5490.2000,5490.6000,5491.2000,1,1,5,5,2,1,3,1,2,1
SF,IC2007,2020-06-08 09:32:59.600,5486.6000,11163,0,340816440.000,0,-,-,-,-,5485.0000,5482.0000,5476.4000,5476.0000,5475.2000,5486.6000,5487.2000,5487.6000,5487.8000,5488.0000,1,1,5,2,5,1,2,1,1,1
SF,IC2007,2020-06-08 09:33:00.100,5486.6000,11163,0,340816440.000,0,-,-,-,-,5485.0000,5482.0000,5476.4000,5476.0000,5475.2000,5487.2000,5487.6000,5489.8000,5490.6000,5491.2000,1,1,5,2,5,1,1,3,2,1
SF,IC2007,2020-06-08 09:33:00.600,5485.0000,11163,0,341913440.000,1,0,1,多换,S,5482.0000,5476.4000,5476.0000,5475.2000,5474.4000,5485.8000,5486.6000,5486.8000,5487.0000,5487.2000,1,5,2,5,5,1,1,3,1,1
SF,IC2007,2020-06-08 09:33:01.100,5485.0000,11163,0,341913440.000,0,-,-,-,-,5482.4000,5482.0000,5476.4000,5476.0000,5475.2000,5485.6000,5485.8000,5486.8000,5487.2000,5490.6000,1,1,5,2,5,1,1,3,1,2
SF,IC2007,2020-06-08 09:33:01.600,5485.0000,11163,0,341913440.000,0,-,-,-,-,5482.8000,5482.6000,5482.4000,5482.0000,5476.4000,5485.6000,5486.8000,5487.2000,5490.6000,5491.2000,1,3,4,1,5,1,1,1,2,1
SF,IC2007,2020-06-08 09:33:02.100,5485.6000,11163,0,343010560.000,1,0,1,多换,S,5483.4000,5483.0000,5482.8000,5482.6000,5482.4000,5485.0000,5487.2000,5490.6000,5491.2000,5492.0000,1,1,1,3,4,1,1,1,1,1
SF,IC2007,2020-06-08 09:33:02.600,5485.0000,11162,-1,344107560.000,1,0,1,双平,S,5485.0000,5484.2000,5483.8000,5483.4000,5482.8000,5487.2000,5490.6000,5491.2000,5492.0000,5492.2000,2,2,2,1,1,1,1,1,1,1
SF,IC2007,2020-06-08 09:33:03.100,5485.0000,11162,0,344107560.000,0,-,-,-,-,5485.0000,5482.8000,5482.6000,5482.4000,5482.0000,5486.6000,5487.0000,5490.6000,5491.2000,5492.0000,1,1,3,3,1,1,1,1,1,1
SF,IC2007,2020-06-08 09:33:03.600,5485.0000,11162,0,344107560.000,0,-,-,-,-,5485.0000,5482.8000,5482.6000,5482.4000,5482.0000,5487.0000,5490.6000,5491.2000,5492.0000,5492.2000,1,1,3,2,1,1,1,1,1,1
SF,IC2007,2020-06-08 09:33:04.100,5485.0000,11162,0,344107560.000,0,-,-,-,-,5485.0000,5482.8000,5482.6000,5482.4000,5482.0000,5490.6000,5491.2000,5492.0000,5492.2000,5492.6000,1,1,3,2,1,1,1,1,1,5
SF,IC2007,2020-06-08 09:33:04.600,5485.0000,11162,0,344107560.000,0,-,-,-,-,5485.2000,5485.0000,5482.8000,5482.6000,5482.4000,5487.8000,5488.4000,5489.0000,5489.4000,5490.2000,1,1,1,3,1,2,1,3,3,5
SF,IC2007,2020-06-08 09:33:05.100,5485.0000,11162,0,344107560.000,0,-,-,-,-,5485.2000,5485.0000,5482.8000,5482.6000,5482.4000,5487.8000,5488.4000,5489.0000,5489.4000,5490.2000,1,1,1,3,1,1,1,3,3,5
SF,IC2007,2020-06-08 09:33:05.600,5485.0000,11162,0,344107560.000,0,-,-,-,-,5485.2000,5485.0000,5482.8000,5482.6000,5482.4000,5487.6000,5487.8000,5488.4000,5489.0000,5489.4000,1,1,1,3,1,1,2,1,3,3
SF,IC2007,2020-06-08 09:33:06.100,5485.0000,11162,0,344107560.000,0,-,-,-,-,5485.6000,5485.4000,5485.2000,5485.0000,5482.8000,5487.6000,5487.8000,5489.0000,5490.2000,5490.6000,1,1,2,1,1,1,1,3,3,1
SF,IC2007,2020-06-08 09:33:06.600,5485.0000,11162,0,344107560.000,0,-,-,-,-,5485.4000,5485.2000,5485.0000,5482.8000,5482.6000,5487.6000,5487.8000,5489.0000,5490.2000,5490.6000,1,1,1,1,3,1,1,3,3,1
SF,IC2007,2020-06-08 09:33:07.100,5487.6000,11162,0,345205080.000,1,0,1,多换,S,5485.4000,5485.2000,5485.0000,5482.8000,5482.6000,5487.8000,5489.0000,5490.2000,5490.6000,5491.0000,1,1,1,1,3,1,3,3,1,1
SF,IC2007,2020-06-08 09:33:07.600,5485.4000,11162,0,346302160.000,1,0,1,多换,S,5487.6000,5485.2000,5485.0000,5482.8000,5482.6000,5487.8000,5489.0000,5490.2000,5490.6000,5491.0000,1,1,1,1,3,1,3,3,1,1
SF,IC2007,2020-06-08 09:33:08.100,5487.6000,11161,-1,347399680.000,1,0,1,双平,S,5485.2000,5485.0000,5482.8000,5482.6000,5482.4000,5487.8000,5489.0000,5490.2000,5490.6000,5491.0000,1,1,1,3,1,1,3,3,1,1
SF,IC2007,2020-06-08 09:33:08.600,5487.6000,11161,0,347399680.000,0,-,-,-,-,5485.8000,5485.2000,5485.0000,5482.8000,5482.6000,5487.6000,5487.8000,5489.0000,5490.2000,5490.6000,1,2,1,1,3,1,1,3,3,1
SF,IC2007,2020-06-08 09:33:09.100,5487.6000,11161,0,347399680.000,0,-,-,-,-,5485.2000,5485.0000,5482.8000,5482.6000,5482.4000,5487.2000,5487.6000,5487.8000,5489.0000,5490.2000,1,6,1,3,1,2,1,1,3,3
SF,IC2007,2020-06-08 09:33:09.600,5487.2000,11160,-1,348497120.000,1,0,1,双平,S,5487.4000,5487.2000,5485.6000,5485.2000,5485.0000,5487.6000,5487.8000,5489.0000,5490.2000,5490.6000,2,1,1,4,6,1,1,3,3,1
SF,IC2007,2020-06-08 09:33:10.100,5487.4000,11157,-3,351789600.000,3,0,3,双平,S,5485.4000,5485.2000,5485.0000,5482.8000,5482.0000,5487.8000,5489.0000,5490.2000,5490.6000,5491.0000,1,1,6,1,1,1,3,3,1,1
SF,IC2007,2020-06-08 09:33:10.600,5487.8000,11157,0,352887160.000,1,0,1,多换,S,5485.8000,5485.4000,5485.0000,5484.4000,5482.8000,5489.0000,5490.2000,5490.6000,5491.0000,5491.2000,1,1,6,1,1,3,3,1,1,1
SF,IC2007,2020-06-08 09:33:11.100,5487.8000,11157,0,352887160.000,0,-,-,-,-,5486.0000,5485.4000,5485.0000,5484.4000,5482.8000,5489.0000,5490.2000,5490.6000,5491.0000,5491.2000,1,1,6,1,1,3,3,1,1,1
SF,IC2007,2020-06-08 09:33:14.600,5487.8000,11157,0,352887160.000,0,-,-,-,-,5486.0000,5485.4000,5485.0000,5484.4000,5482.8000,5489.0000,5490.2000,5490.6000,5491.0000,5491.2000,1,1,6,1,1,3,3,1,1,1
SF,IC2007,2020-06-08 09:33:15.100,5487.8000,11157,0,352887160.000,0,-,-,-,-,5486.2000,5486.0000,5485.4000,5485.0000,5484.4000,5489.0000,5490.2000,5490.6000,5491.0000,5491.2000,1,2,1,6,1,3,3,1,1,1
SF,IC2007,2020-06-08 09:33:15.600,5487.8000,11157,0,352887160.000,0,-,-,-,-,5486.4000,5486.2000,5486.0000,5485.4000,5485.0000,5488.4000,5488.8000,5489.0000,5490.2000,5490.6000,1,1,1,1,6,1,1,3,3,1
SF,IC2007,2020-06-08 09:33:16.100,5487.8000,11157,0,352887160.000,0,-,-,-,-,5486.6000,5486.0000,5485.4000,5485.0000,5484.4000,5488.4000,5488.8000,5489.0000,5490.2000,5490.6000,1,1,1,6,1,1,1,3,3,1
SF,IC2007,2020-06-08 09:33:16.600,5487.8000,11157,0,352887160.000,0,-,-,-,-,5486.0000,5485.4000,5485.0000,5484.4000,5482.8000,5488.0000,5488.6000,5488.8000,5489.0000,5490.2000,1,1,6,1,1,1,1,1,3,3
SF,IC2007,2020-06-08 09:33:17.100,5487.8000,11157,0,352887160.000,0,-,-,-,-,5486.0000,5485.4000,5485.0000,5484.4000,5482.8000,5488.0000,5488.6000,5489.0000,5490.2000,5490.6000,1,1,6,1,1,1,1,3,3,1
SF,IC2007,2020-06-08 09:33:17.600,5487.8000,11157,0,352887160.000,0,-,-,-,-,5486.0000,5485.4000,5485.0000,5484.4000,5482.8000,5487.4000,5487.6000,5488.0000,5488.6000,5489.0000,1,1,6,1,1,1,1,1,1,3
SF,IC2007,2020-06-08 09:33:18.100,5487.8000,11157,0,352887160.000,0,-,-,-,-,5486.0000,5485.4000,5485.0000,5484.4000,5482.8000,5487.4000,5488.6000,5489.0000,5489.4000,5490.2000,1,1,6,1,1,1,1,3,1,3
SF,IC2007,2020-06-08 09:33:18.600,5487.8000,11157,0,352887160.000,0,-,-,-,-,5486.0000,5485.4000,5485.0000,5484.4000,5482.8000,5487.0000,5487.4000,5488.6000,5489.0000,5489.4000,1,1,6,1,1,1,1,1,3,1
SF,IC2007,2020-06-08 09:33:19.100,5487.0000,11157,0,353984560.000,1,0,1,多换,S,5486.2000,5486.0000,5485.4000,5485.0000,5484.4000,5489.0000,5489.4000,5490.2000,5490.6000,5491.0000,1,1,1,6,1,3,1,3,1,1
SF,IC2007,2020-06-08 09:33:19.600,5487.0000,11157,0,353984560.000,0,-,-,-,-,5486.4000,5486.2000,5486.0000,5485.4000,5485.0000,5489.0000,5489.4000,5490.2000,5490.6000,5491.0000,1,1,1,1,6,3,1,3,1,1
SF,IC2007,2020-06-08 09:33:20.100,5487.0000,11157,0,353984560.000,0,-,-,-,-,5486.6000,5486.4000,5486.0000,5485.4000,5485.0000,5488.8000,5489.0000,5489.4000,5490.2000,5490.6000,1,1,1,1,6,1,3,1,3,1
SF,IC2007,2020-06-08 09:33:20.600,5487.0000,11157,0,353984560.000,0,-,-,-,-,5486.6000,5486.4000,5486.0000,5485.4000,5485.0000,5488.8000,5489.0000,5490.2000,5490.6000,5491.0000,1,1,1,1,6,1,3,3,1,1
SF,IC2007,2020-06-08 09:33:21.600,5487.0000,11157,0,353984560.000,0,-,-,-,-,5486.4000,5486.0000,5485.4000,5485.0000,5484.4000,5488.4000,5488.8000,5489.0000,5490.6000,5491.0000,1,1,1,6,1,4,1,3,1,1
SF,IC2007,2020-06-08 09:33:22.100,5487.0000,11157,0,353984560.000,0,-,-,-,-,5486.0000,5485.4000,5485.0000,5484.4000,5482.8000,5488.4000,5488.6000,5488.8000,5489.0000,5490.6000,1,1,6,1,1,4,1,1,3,1
SF,IC2007,2020-06-08 09:33:22.600,5487.0000,11157,0,353984560.000,0,-,-,-,-,5486.2000,5486.0000,5485.4000,5485.0000,5484.4000,5488.0000,5488.6000,5489.0000,5490.6000,5491.0000,1,1,1,6,1,4,1,3,1,1
SF,IC2007,2020-06-08 09:33:23.100,5486.0000,11156,-1,355081760.000,1,0,1,双平,S,5485.4000,5485.0000,5484.4000,5482.8000,5482.0000,5486.2000,5487.2000,5488.0000,5488.6000,5489.0000,1,6,1,1,1,1,1,6,1,4
SF,IC2007,2020-06-08 09:33:23.600,5486.0000,11156,0,355081760.000,0,-,-,-,-,5485.6000,5485.4000,5485.0000,5484.4000,5482.8000,5487.2000,5488.0000,5488.6000,5489.0000,5490.6000,1,1,5,1,1,1,6,1,4,1
SF,IC2007,2020-06-08 09:33:24.100,5486.0000,11156,0,355081760.000,0,-,-,-,-,5485.6000,5485.4000,5485.0000,5484.4000,5482.8000,5488.0000,5488.6000,5489.0000,5490.6000,5491.0000,1,1,5,1,1,4,1,4,1,1
SF,IC2007,2020-06-08 09:33:24.600,5486.0000,11156,0,355081760.000,0,-,-,-,-,5485.6000,5485.4000,5485.0000,5484.4000,5482.8000,5487.4000,5488.0000,5488.6000,5489.0000,5490.6000,1,1,5,1,1,1,5,1,4,1
SF,IC2007,2020-06-08 09:33:25.600,5485.6000,11155,-1,356178880.000,1,0,1,双平,S,5485.4000,5485.0000,5484.4000,5482.8000,5482.0000,5487.4000,5488.0000,5488.6000,5489.0000,5490.6000,1,5,1,1,1,1,5,1,4,1
SF,IC2007,2020-06-08 09:33:26.100,5485.6000,11155,0,356178880.000,0,-,-,-,-,5485.4000,5485.0000,5484.4000,5482.8000,5482.0000,5487.0000,5487.4000,5488.0000,5488.6000,5489.0000,1,5,1,1,1,4,1,1,1,4
SF,IC2007,2020-06-08 09:33:26.600,5485.6000,11155,0,356178880.000,0,-,-,-,-,5485.4000,5485.0000,5484.4000,5482.8000,5482.0000,5487.4000,5488.0000,5488.6000,5489.0000,5490.6000,1,5,1,1,1,1,1,1,4,1
SF,IC2007,2020-06-08 09:33:27.600,5485.6000,11155,0,356178880.000,0,-,-,-,-,5485.6000,5485.4000,5485.0000,5484.4000,5482.8000,5487.4000,5488.0000,5488.6000,5489.0000,5490.6000,3,1,5,1,1,1,1,1,4,1
SF,IC2007,2020-06-08 09:33:28.100,5485.6000,11155,0,356178880.000,0,-,-,-,-,5485.6000,5485.4000,5485.0000,5484.4000,5482.8000,5487.0000,5487.4000,5488.0000,5488.6000,5489.0000,3,1,5,1,1,4,1,1,1,4
SF,IC2007,2020-06-08 09:33:28.600,5485.6000,11155,0,356178880.000,0,-,-,-,-,5485.6000,5485.4000,5485.0000,5484.4000,5482.8000,5487.4000,5488.0000,5488.6000,5489.0000,5490.6000,3,1,5,1,1,1,1,1,4,1
SF,IC2007,2020-06-08 09:33:29.100,5485.6000,11155,0,356178880.000,0,-,-,-,-,5485.6000,5485.4000,5485.0000,5484.4000,5482.8000,5487.4000,5488.0000,5488.6000,5489.0000,5490.6000,3,1,5,1,1,1,1,1,4,1
SF,IC2007,2020-06-08 09:33:29.600,5485.6000,11155,0,357276000.000,1,0,1,多换,S,5485.6000,5485.4000,5485.0000,5484.4000,5482.8000,5486.6000,5487.0000,5488.6000,5488.8000,5489.0000,2,1,5,1,1,1,5,1,1,4
SF,IC2007,2020-06-08 09:33:30.100,5485.6000,11155,0,359470240.000,2,1,1,多换,S,5485.0000,5484.4000,5482.0000,5476.4000,5476.0000,5486.2000,5486.4000,5486.6000,5487.0000,5488.6000,5,1,1,5,2,4,2,2,1,1
SF,IC2007,2020-06-08 09:33:30.600,5485.0000,11157,2,362761240.000,3,2,1,空开,S,5485.0000,5484.4000,5482.0000,5476.4000,5476.0000,5485.4000,5485.8000,5486.4000,5486.6000,5487.0000,2,1,1,5,2,2,4,2,2,1
SF,IC2007,2020-06-08 09:33:31.100,5485.0000,11157,0,364955240.000,2,1,1,多换,S,5482.0000,5476.4000,5476.0000,5475.2000,5475.0000,5485.4000,5485.8000,5486.4000,5486.6000,5487.0000,1,5,2,5,3,1,4,2,2,1
SF,IC2007,2020-06-08 09:33:31.600,5485.0000,11157,0,364955240.000,0,-,-,-,-,5482.2000,5482.0000,5476.4000,5476.0000,5475.2000,5485.4000,5485.8000,5486.4000,5486.6000,5487.0000,1,1,5,2,5,1,4,2,2,1
SF,IC2007,2020-06-08 09:33:32.600,5485.0000,11157,0,364955240.000,0,-,-,-,-,5482.2000,5482.0000,5476.4000,5476.0000,5475.2000,5485.2000,5485.4000,5485.8000,5486.4000,5486.6000,1,1,5,2,5,1,1,4,1,2
SF,IC2007,2020-06-08 09:33:33.100,5485.0000,11157,0,364955240.000,0,-,-,-,-,5482.2000,5482.0000,5476.4000,5476.0000,5475.2000,5485.4000,5485.8000,5486.4000,5486.6000,5487.0000,1,1,5,2,5,1,4,1,2,1
SF,IC2007,2020-06-08 09:33:33.600,5485.0000,11157,0,364955240.000,0,-,-,-,-,5482.4000,5482.2000,5482.0000,5476.4000,5476.0000,5485.2000,5485.4000,5485.8000,5486.4000,5486.6000,1,1,1,5,2,1,1,4,1,2
SF,IC2007,2020-06-08 09:33:34.100,5485.0000,11157,0,364955240.000,0,-,-,-,-,5482.6000,5482.4000,5482.0000,5476.4000,5476.0000,5485.2000,5485.4000,5485.8000,5486.4000,5486.6000,1,1,1,5,2,2,1,4,1,1
SF,IC2007,2020-06-08 09:33:34.600,5485.0000,11157,0,364955240.000,0,-,-,-,-,5482.6000,5482.0000,5476.4000,5476.0000,5475.2000,5485.4000,5485.8000,5486.4000,5486.6000,5487.0000,1,1,5,2,5,1,4,1,1,1
SF,IC2007,2020-06-08 09:33:35.100,5485.0000,11157,0,364955240.000,0,-,-,-,-,5483.2000,5482.6000,5482.0000,5476.4000,5476.0000,5485.4000,5485.8000,5486.4000,5486.6000,5487.0000,1,1,1,5,2,1,4,1,1,1
SF,IC2007,2020-06-08 09:33:35.600,5485.0000,11157,0,364955240.000,0,-,-,-,-,5482.6000,5482.0000,5476.4000,5476.0000,5475.2000,5485.0000,5485.2000,5485.4000,5486.4000,5486.6000,1,1,5,2,5,4,2,1,1,1
SF,IC2007,2020-06-08 09:33:36.600,5485.0000,11157,0,364955240.000,0,-,-,-,-,5482.6000,5482.0000,5476.4000,5476.0000,5475.2000,5485.0000,5485.2000,5485.4000,5486.4000,5486.6000,1,1,5,2,5,4,1,1,1,1
SF,IC2007,2020-06-08 09:33:37.100,5485.0000,11157,0,364955240.000,0,-,-,-,-,5482.6000,5482.0000,5476.4000,5476.0000,5475.2000,5485.0000,5485.2000,5485.4000,5486.4000,5486.6000,1,1,5,2,5,4,1,1,1,1
SF,IC2007,2020-06-08 09:33:37.600,5485.0000,11157,0,364955240.000,0,-,-,-,-,5483.0000,5482.6000,5482.0000,5476.4000,5476.0000,5485.0000,5485.4000,5486.4000,5486.6000,5487.0000,1,1,1,5,2,1,1,1,1,1
SF,IC2007,2020-06-08 09:33:38.100,5485.0000,11157,0,364955240.000,0,-,-,-,-,5483.2000,5483.0000,5482.6000,5482.0000,5476.4000,5485.0000,5485.4000,5486.4000,5486.6000,5487.0000,1,1,1,1,5,1,1,1,1,1
SF,IC2007,2020-06-08 09:33:38.600,5485.0000,11156,-1,366052240.000,1,0,1,双平,S,5485.0000,5483.6000,5483.2000,5482.6000,5482.0000,5485.4000,5486.4000,5486.6000,5487.0000,5487.4000,1,2,1,1,1,1,1,1,1,1
SF,IC2007,2020-06-08 09:33:39.100,5485.0000,11156,0,366052240.000,0,-,-,-,-,5485.4000,5485.0000,5483.2000,5482.6000,5482.0000,5487.4000,5488.8000,5489.0000,5492.0000,5492.2000,1,1,1,1,2,1,1,1,1,1
SF,IC2007,2020-06-08 09:33:39.600,5485.0000,11156,0,366052240.000,0,-,-,-,-,5485.0000,5482.6000,5482.0000,5476.4000,5476.0000,5487.4000,5488.8000,5489.0000,5492.0000,5492.2000,1,1,2,5,2,1,1,1,1,1
SF,IC2007,2020-06-08 09:33:40.100,5485.0000,11156,0,366052240.000,0,-,-,-,-,5485.4000,5485.0000,5483.0000,5482.6000,5482.0000,5487.4000,5488.8000,5489.0000,5492.0000,5492.2000,1,1,1,1,2,1,1,1,1,1
SF,IC2007,2020-06-08 09:33:40.600,5485.0000,11156,0,366052240.000,0,-,-,-,-,5485.0000,5482.6000,5482.0000,5476.4000,5476.0000,5487.4000,5488.8000,5489.0000,5492.0000,5492.2000,1,1,2,5,2,1,1,1,1,1
SF,IC2007,2020-06-08 09:33:41.100,5485.0000,11156,0,366052240.000,0,-,-,-,-,5485.4000,5485.0000,5482.6000,5482.0000,5476.4000,5486.6000,5487.0000,5487.4000,5488.8000,5489.0000,1,1,1,2,5,1,4,1,1,1
SF,IC2007,2020-06-08 09:33:41.600,5486.4000,11155,-1,367149520.000,1,0,1,双平,S,5485.0000,5482.6000,5482.0000,5476.4000,5476.0000,5487.4000,5488.8000,5489.0000,5492.0000,5492.2000,1,1,2,5,2,1,1,1,1,1
SF,IC2007,2020-06-08 09:33:42.100,5486.4000,11155,0,367149520.000,0,-,-,-,-,5485.0000,5483.0000,5482.6000,5482.0000,5476.4000,5487.4000,5488.8000,5489.0000,5492.0000,5492.2000,1,1,1,2,5,1,1,1,1,1
SF,IC2007,2020-06-08 09:33:43.600,5486.4000,11155,0,367149520.000,0,-,-,-,-,5485.0000,5483.0000,5482.6000,5482.0000,5476.4000,5487.0000,5487.4000,5488.8000,5489.0000,5492.0000,1,1,1,1,5,1,1,1,1,1
SF,IC2007,2020-06-08 09:33:44.600,5485.0000,11154,-1,368246520.000,1,0,1,双平,S,5483.0000,5482.6000,5482.0000,5476.4000,5476.0000,5487.0000,5487.4000,5488.8000,5489.0000,5492.0000,1,1,1,5,2,1,1,1,1,1
SF,IC2007,2020-06-08 09:33:45.100,5485.0000,11154,0,368246520.000,0,-,-,-,-,5483.2000,5483.0000,5482.0000,5476.4000,5476.0000,5487.0000,5487.4000,5488.8000,5489.0000,5492.0000,1,1,1,5,2,1,1,1,1,1
SF,IC2007,2020-06-08 09:33:45.600,5485.0000,11154,0,368246520.000,0,-,-,-,-,5483.2000,5483.0000,5482.0000,5476.4000,5476.0000,5486.6000,5487.0000,5487.4000,5488.8000,5489.0000,1,1,1,5,2,4,1,1,1,1
SF,IC2007,2020-06-08 09:33:46.100,5485.0000,11154,0,368246520.000,0,-,-,-,-,5483.2000,5483.0000,5482.0000,5476.4000,5476.0000,5486.6000,5486.8000,5487.0000,5487.4000,5488.8000,1,1,1,5,2,4,1,1,1,1
SF,IC2007,2020-06-08 09:33:46.600,5483.2000,11154,0,369343160.000,1,0,1,多换,S,5483.0000,5482.0000,5476.4000,5476.0000,5475.2000,5486.4000,5486.6000,5486.8000,5487.4000,5488.8000,1,1,5,2,5,1,5,1,1,1
SF,IC2007,2020-06-08 09:33:47.100,5483.2000,11154,0,369343160.000,0,-,-,-,-,5483.0000,5482.0000,5476.4000,5476.0000,5475.2000,5485.8000,5486.4000,5486.6000,5486.8000,5487.4000,1,1,5,2,5,1,1,5,1,1
SF,IC2007,2020-06-08 09:33:47.600,5485.4000,11154,0,370440240.000,1,0,1,多换,S,5483.0000,5482.0000,5476.4000,5476.0000,5475.2000,5485.4000,5485.6000,5485.8000,5486.0000,5486.6000,1,1,5,2,5,4,1,1,1,1
SF,IC2007,2020-06-08 09:33:48.100,5485.4000,11154,0,370440240.000,0,-,-,-,-,5483.0000,5482.0000,5476.4000,5476.0000,5475.2000,5485.0000,5485.2000,5485.4000,5485.6000,5486.0000,1,1,5,2,5,3,1,1,1,1
SF,IC2007,2020-06-08 09:33:48.600,5483.0000,11153,-1,371536840.000,1,0,1,双平,S,5482.0000,5476.4000,5476.0000,5475.2000,5475.0000,5484.2000,5484.6000,5485.0000,5485.2000,5485.6000,1,5,2,5,3,1,1,3,2,1
SF,IC2007,2020-06-08 09:33:49.100,5483.0000,11153,0,371536840.000,0,-,-,-,-,5482.0000,5476.4000,5476.0000,5475.2000,5475.0000,5484.2000,5484.6000,5485.0000,5485.2000,5485.6000,1,5,2,5,3,1,1,3,1,1
SF,IC2007,2020-06-08 09:33:49.600,5483.0000,11153,0,371536840.000,0,-,-,-,-,5482.6000,5482.0000,5476.4000,5476.0000,5475.2000,5484.2000,5484.6000,5485.0000,5485.2000,5485.6000,1,1,5,2,5,1,1,3,1,1
SF,IC2007,2020-06-08 09:33:50.600,5483.0000,11153,0,371536840.000,0,-,-,-,-,5482.0000,5476.4000,5476.0000,5475.2000,5475.0000,5484.2000,5484.6000,5485.0000,5485.2000,5485.6000,1,5,2,5,3,1,1,3,1,1
SF,IC2007,2020-06-08 09:33:51.100,5483.0000,11153,0,371536840.000,0,-,-,-,-,5482.6000,5482.0000,5476.4000,5476.0000,5475.2000,5484.2000,5484.6000,5485.0000,5485.2000,5485.6000,1,1,5,2,5,1,1,3,1,1
SF,IC2007,2020-06-08 09:33:51.600,5483.0000,11153,0,371536840.000,0,-,-,-,-,5482.6000,5482.0000,5476.4000,5476.0000,5475.2000,5484.2000,5484.6000,5485.0000,5485.2000,5485.6000,1,1,5,2,5,1,1,3,1,1
SF,IC2007,2020-06-08 09:33:52.100,5483.0000,11153,0,371536840.000,0,-,-,-,-,5482.0000,5476.4000,5476.0000,5475.2000,5475.0000,5482.6000,5483.8000,5484.2000,5485.2000,5485.6000,1,5,2,5,3,1,4,1,1,1
SF,IC2007,2020-06-08 09:33:52.600,5482.0000,11152,-1,372633240.000,1,0,1,双平,S,5476.4000,5476.0000,5475.2000,5475.0000,5474.4000,5482.0000,5482.6000,5483.8000,5484.2000,5484.6000,5,2,5,3,5,1,1,4,1,1
SF,IC2007,2020-06-08 09:33:53.100,5482.0000,11152,0,372633240.000,0,-,-,-,-,5476.8000,5476.4000,5476.0000,5475.0000,5474.4000,5481.8000,5482.0000,5482.6000,5483.8000,5485.2000,1,5,2,3,5,1,1,1,4,1
SF,IC2007,2020-06-08 09:33:53.600,5482.0000,11152,0,372633240.000,0,-,-,-,-,5477.2000,5476.4000,5476.0000,5475.0000,5474.4000,5481.2000,5481.8000,5482.0000,5482.6000,5483.8000,1,5,2,3,5,1,1,1,1,4
SF,IC2007,2020-06-08 09:33:54.100,5482.0000,11152,0,372633240.000,0,-,-,-,-,5477.2000,5476.4000,5476.0000,5475.0000,5474.4000,5481.0000,5481.2000,5482.0000,5482.6000,5483.8000,1,5,2,3,5,1,1,1,1,4
SF,IC2007,2020-06-08 09:33:54.600,5482.0000,11152,0,372633240.000,0,-,-,-,-,5476.4000,5476.0000,5475.0000,5474.4000,5473.0000,5479.6000,5480.0000,5480.2000,5480.6000,5480.8000,5,2,3,5,2,1,3,2,6,4
SF,IC2007,2020-06-08 09:33:55.100,5479.4000,11152,0,373729120.000,1,0,1,多换,S,5477.4000,5476.6000,5476.4000,5476.0000,5475.0000,5480.6000,5481.0000,5486.8000,5487.0000,5487.4000,1,1,5,1,3,5,2,5,1,1
SF,IC2007,2020-06-08 09:33:55.600,5477.6000,11151,-1,377016040.000,3,1,2,多平,S,5477.6000,5477.4000,5476.4000,5476.0000,5475.0000,5480.6000,5486.8000,5487.0000,5487.4000,5488.8000,1,1,5,1,3,1,5,1,1,1
SF,IC2007,2020-06-08 09:33:56.100,5477.6000,11150,-1,378111560.000,1,0,1,双平,S,5477.6000,5477.4000,5476.4000,5476.0000,5475.0000,5480.6000,5481.2000,5486.8000,5487.0000,5487.4000,1,1,5,1,3,2,1,5,1,1
SF,IC2007,2020-06-08 09:33:56.600,5480.6000,11149,-1,379207680.000,1,0,1,双平,S,5478.0000,5477.6000,5477.4000,5476.4000,5476.0000,5480.6000,5481.2000,5486.8000,5487.0000,5487.4000,1,1,1,5,1,1,1,5,1,1
SF,IC2007,2020-06-08 09:33:57.100,5480.6000,11149,0,380303800.000,1,0,1,多换,S,5478.6000,5478.2000,5478.0000,5477.4000,5476.4000,5481.2000,5486.8000,5487.0000,5487.4000,5488.8000,2,3,1,1,5,1,5,1,1,1
SF,IC2007,2020-06-08 09:33:57.600,5481.2000,11149,0,381400040.000,1,0,1,多换,S,5479.2000,5478.8000,5478.2000,5478.0000,5477.4000,5487.0000,5487.4000,5488.8000,5489.0000,5489.8000,2,1,2,1,1,1,1,1,1,1
SF,IC2007,2020-06-08 09:33:58.100,5481.2000,11149,0,381400040.000,0,-,-,-,-,5481.2000,5479.4000,5478.2000,5478.0000,5477.4000,5483.4000,5484.6000,5484.8000,5485.2000,5486.0000,1,1,2,1,1,1,3,2,4,1
SF,IC2007,2020-06-08 09:33:58.600,5481.2000,11149,0,381400040.000,0,-,-,-,-,5481.2000,5479.4000,5478.2000,5478.0000,5477.4000,5483.4000,5484.6000,5484.8000,5485.2000,5486.0000,1,1,2,1,1,1,3,2,4,1
SF,IC2007,2020-06-08 09:33:59.100,5481.2000,11149,0,381400040.000,0,-,-,-,-,5481.2000,5479.4000,5478.2000,5478.0000,5477.4000,5484.6000,5484.8000,5485.2000,5486.0000,5486.4000,1,1,2,1,1,3,2,4,1,1
SF,IC2007,2020-06-08 09:33:59.600,5481.2000,11149,0,381400040.000,0,-,-,-,-,5481.4000,5481.2000,5478.2000,5478.0000,5477.4000,5484.2000,5485.2000,5486.0000,5486.4000,5486.6000,1,1,1,1,1,1,4,1,1,6
SF,IC2007,2020-06-08 09:34:00.100,5481.2000,11149,0,382496280.000,1,0,1,多换,S,5481.6000,5481.4000,5481.2000,5478.0000,5477.4000,5484.0000,5484.2000,5485.2000,5486.0000,5486.4000,1,1,1,1,1,1,1,4,1,1
SF,IC2007,2020-06-08 09:34:00.600,5481.2000,11149,0,382496280.000,0,-,-,-,-,5481.6000,5481.4000,5481.2000,5478.0000,5477.4000,5484.0000,5484.2000,5485.2000,5486.0000,5486.4000,1,1,1,1,1,1,1,3,1,1
SF,IC2007,2020-06-08 09:34:01.100,5484.0000,11149,0,383593080.000,1,0,1,多换,S,5482.0000,5481.6000,5481.4000,5481.2000,5478.0000,5484.2000,5485.2000,5486.0000,5486.4000,5486.6000,1,1,1,1,1,1,3,1,1,6
SF,IC2007,2020-06-08 09:34:01.600,5482.0000,11149,0,384689480.000,1,0,1,多换,S,5481.6000,5481.4000,5481.2000,5478.0000,5477.4000,5483.4000,5483.6000,5483.8000,5485.2000,5486.0000,1,1,1,1,1,1,2,5,2,1
SF,IC2007,2020-06-08 09:34:02.100,5483.4000,11150,1,385786160.000,1,1,0,双开,S,5481.6000,5481.2000,5478.0000,5477.4000,5476.4000,5483.6000,5483.8000,5485.2000,5486.0000,5486.4000,1,1,1,1,5,2,4,2,1,1
SF,IC2007,2020-06-08 09:34:02.600,5483.4000,11150,0,385786160.000,0,-,-,-,-,5481.6000,5481.2000,5478.0000,5477.4000,5476.4000,5483.2000,5483.6000,5483.8000,5485.2000,5486.0000,1,1,1,1,5,1,2,4,2,1
SF,IC2007,2020-06-08 09:34:03.100,5483.2000,11149,-1,386882800.000,1,0,1,双平,S,5481.6000,5481.2000,5478.0000,5477.4000,5476.4000,5485.2000,5486.0000,5486.4000,5486.6000,5486.8000,1,1,1,1,5,1,1,1,2,1
SF,IC2007,2020-06-08 09:34:03.600,5481.8000,11149,0,387979160.000,1,0,1,多换,S,5481.8000,5481.4000,5481.2000,5480.0000,5478.0000,5484.8000,5485.0000,5485.2000,5486.0000,5486.4000,1,1,1,1,1,4,1,2,1,1
SF,IC2007,2020-06-08 09:34:04.100,5481.8000,11149,0,387979160.000,0,-,-,-,-,5481.8000,5481.4000,5481.2000,5480.0000,5478.0000,5484.8000,5485.0000,5485.2000,5486.0000,5486.4000,1,1,1,1,1,2,1,1,1,1
SF,IC2007,2020-06-08 09:34:04.600,5481.8000,11149,0,387979160.000,0,-,-,-,-,5482.0000,5481.8000,5481.2000,5480.0000,5478.0000,5484.8000,5485.0000,5485.2000,5486.0000,5486.4000,1,1,1,1,1,2,1,1,1,1
SF,IC2007,2020-06-08 09:34:05.100,5484.8000,11148,-1,389076120.000,1,0,1,双平,S,5482.2000,5482.0000,5481.2000,5480.0000,5478.0000,5485.0000,5486.0000,5486.4000,5486.6000,5486.8000,1,1,1,1,1,1,1,1,1,1
SF,IC2007,2020-06-08 09:34:05.600,5483.4000,11147,-1,391269800.000,2,0,2,多平,S,5482.2000,5482.0000,5481.2000,5480.0000,5478.0000,5487.0000,5487.4000,5488.8000,5489.0000,5489.8000,1,1,1,1,1,2,1,1,1,1
SF,IC2007,2020-06-08 09:34:06.100,5483.4000,11147,0,391269800.000,0,-,-,-,-,5482.2000,5482.0000,5481.2000,5480.0000,5478.0000,5486.0000,5486.2000,5486.4000,5486.6000,5486.8000,1,1,1,1,1,1,3,4,7,1
SF,IC2007,2020-06-08 09:34:06.600,5483.4000,11147,0,391269800.000,0,-,-,-,-,5482.2000,5482.0000,5481.2000,5480.0000,5478.0000,5486.6000,5487.0000,5487.4000,5488.8000,5489.0000,1,1,1,1,1,4,2,1,1,1
SF,IC2007,2020-06-08 09:34:07.100,5483.4000,11147,0,391269800.000,0,-,-,-,-,5482.2000,5482.0000,5481.2000,5480.0000,5478.0000,5486.6000,5487.0000,5487.4000,5488.8000,5489.0000,1,1,1,1,1,4,1,1,1,1
SF,IC2007,2020-06-08 09:34:07.600,5482.4000,11146,-1,392366280.000,1,0,1,双平,S,5482.4000,5482.2000,5482.0000,5481.2000,5480.0000,5485.2000,5486.6000,5487.0000,5487.4000,5488.8000,1,4,1,1,1,1,1,1,1,1
SF,IC2007,2020-06-08 09:34:08.100,5485.2000,11145,-1,393463320.000,1,0,1,双平,S,5485.2000,5482.6000,5482.4000,5482.2000,5481.2000,5486.6000,5487.0000,5487.4000,5488.8000,5489.0000,1,1,1,3,1,1,1,1,1,1
SF,IC2007,2020-06-08 09:34:08.600,5485.2000,11145,0,393463320.000,0,-,-,-,-,5482.6000,5482.4000,5482.2000,5480.0000,5476.4000,5486.2000,5486.6000,5487.0000,5487.4000,5488.8000,1,1,4,1,5,1,1,1,1,1
SF,IC2007,2020-06-08 09:34:09.100,5485.2000,11145,0,393463320.000,0,-,-,-,-,5486.6000,5482.6000,5482.4000,5482.2000,5480.0000,5487.0000,5487.4000,5488.8000,5489.0000,5489.8000,1,1,1,4,1,1,1,1,1,1
SF,IC2007,2020-06-08 09:34:09.600,5486.6000,11145,0,394560640.000,1,0,1,多换,S,5482.8000,5482.6000,5482.4000,5482.2000,5480.0000,5487.0000,5487.4000,5488.8000,5489.0000,5489.8000,1,1,1,4,1,1,1,1,1,1
SF,IC2007,2020-06-08 09:34:10.100,5487.0000,11145,0,395658040.000,1,0,1,多换,S,5483.0000,5482.8000,5482.4000,5482.2000,5480.0000,5487.4000,5488.8000,5489.0000,5489.8000,5492.0000,1,1,1,4,1,1,1,1,1,1
SF,IC2007,2020-06-08 09:34:10.600,5487.0000,11145,0,395658040.000,0,-,-,-,-,5486.8000,5483.4000,5483.0000,5482.8000,5482.4000,5487.4000,5488.8000,5489.0000,5489.8000,5492.0000,1,1,1,1,1,1,1,1,1,1
SF,IC2007,2020-06-08 09:34:11.100,5486.8000,11145,0,396755400.000,1,0,1,多换,S,5483.4000,5483.0000,5482.8000,5482.4000,5482.2000,5487.4000,5488.8000,5489.0000,5489.8000,5492.0000,1,1,1,1,4,1,1,1,1,1
SF,IC2007,2020-06-08 09:34:11.600,5486.8000,11145,0,396755400.000,0,-,-,-,-,5483.6000,5483.4000,5482.8000,5482.4000,5482.2000,5487.4000,5488.8000,5489.0000,5489.8000,5492.0000,1,1,1,1,4,1,1,1,1,1
SF,IC2007,2020-06-08 09:34:12.100,5487.4000,11146,1,397852880.000,1,1,0,双开,S,5483.6000,5483.4000,5482.8000,5482.4000,5482.2000,5488.8000,5489.0000,5489.8000,5492.0000,5492.2000,1,1,1,1,4,1,1,1,1,1
SF,IC2007,2020-06-08 09:34:12.600,5487.4000,11146,0,397852880.000,0,-,-,-,-,5483.8000,5483.6000,5483.4000,5482.8000,5482.4000,5488.0000,5488.2000,5488.4000,5488.6000,5488.8000,1,1,1,1,1,2,3,5,3,1
SF,IC2007,2020-06-08 09:34:13.100,5487.4000,11146,0,397852880.000,0,-,-,-,-,5484.0000,5483.8000,5483.4000,5482.8000,5482.4000,5487.6000,5488.0000,5488.2000,5488.4000,5488.6000,1,1,1,1,1,4,2,3,1,3
SF,IC2007,2020-06-08 09:34:13.600,5487.4000,11146,0,397852880.000,0,-,-,-,-,5484.0000,5483.8000,5483.4000,5482.8000,5482.4000,5487.6000,5488.0000,5488.2000,5488.4000,5488.6000,1,2,1,1,1,4,2,3,1,3
SF,IC2007,2020-06-08 09:34:14.600,5487.4000,11146,0,397852880.000,0,-,-,-,-,5484.0000,5483.8000,5482.8000,5482.2000,5480.0000,5487.6000,5488.0000,5488.2000,5488.4000,5488.6000,1,2,1,4,1,4,2,3,1,3
SF,IC2007,2020-06-08 09:34:15.100,5487.4000,11146,0,397852880.000,0,-,-,-,-,5484.2000,5484.0000,5483.8000,5482.8000,5482.2000,5487.4000,5487.6000,5488.0000,5488.2000,5488.4000,2,1,2,1,4,1,4,2,3,1
SF,IC2007,2020-06-08 09:34:15.600,5487.4000,11146,0,397852880.000,0,-,-,-,-,5484.4000,5484.2000,5483.8000,5482.2000,5480.0000,5487.4000,5487.6000,5488.0000,5488.2000,5488.4000,1,2,1,4,1,1,4,2,3,1
SF,IC2007,2020-06-08 09:34:16.600,5487.4000,11146,0,398950360.000,1,0,1,多换,S,5487.4000,5484.4000,5484.2000,5483.8000,5482.2000,5487.6000,5488.0000,5488.2000,5488.4000,5488.6000,1,1,2,1,4,4,2,3,1,3
SF,IC2007,2020-06-08 09:34:17.100,5487.4000,11146,0,400047840.000,1,0,1,多换,S,5484.4000,5484.2000,5483.8000,5482.2000,5476.4000,5488.0000,5488.2000,5488.4000,5488.6000,5488.8000,1,2,1,4,5,2,3,1,3,1
SF,IC2007,2020-06-08 09:34:17.600,5487.4000,11146,0,400047840.000,0,-,-,-,-,5484.4000,5484.2000,5483.8000,5482.2000,5476.4000,5488.6000,5488.8000,5489.0000,5489.4000,5489.8000,1,2,3,4,5,1,1,1,3,1
SF,IC2007,2020-06-08 09:34:18.100,5487.4000,11146,0,400047840.000,0,-,-,-,-,5484.4000,5484.2000,5483.8000,5482.2000,5481.0000,5488.8000,5489.0000,5489.4000,5489.8000,5492.0000,1,2,3,4,5,1,1,1,1,1
SF,IC2007,2020-06-08 09:34:18.600,5488.4000,11146,0,401145520.000,1,0,1,多换,S,5484.8000,5484.6000,5484.4000,5484.2000,5483.8000,5488.4000,5488.8000,5489.0000,5489.4000,5489.8000,1,1,1,2,3,3,1,1,1,1
SF,IC2007,2020-06-08 09:34:19.100,5488.4000,11146,0,401145520.000,0,-,-,-,-,5485.0000,5484.8000,5484.6000,5484.2000,5483.8000,5488.4000,5488.8000,5489.0000,5489.4000,5489.8000,2,1,1,2,3,1,1,1,1,1
SF,IC2007,2020-06-08 09:34:20.100,5488.4000,11146,0,401145520.000,0,-,-,-,-,5485.0000,5484.8000,5484.6000,5484.2000,5483.8000,5488.4000,5488.8000,5489.0000,5489.4000,5489.8000,2,1,1,2,3,1,1,1,1,1
SF,IC2007,2020-06-08 09:34:20.600,5488.4000,11146,0,401145520.000,0,-,-,-,-,5485.2000,5485.0000,5484.8000,5484.6000,5484.2000,5488.4000,5488.8000,5489.0000,5489.4000,5489.8000,1,2,1,1,2,2,1,2,1,1
SF,IC2007,2020-06-08 09:34:21.100,5488.4000,11145,-1,403340880.000,2,0,2,多平,S,5485.4000,5485.2000,5484.8000,5484.6000,5484.2000,5488.8000,5489.0000,5489.8000,5490.8000,5492.0000,2,1,1,1,2,1,2,1,2,1
SF,IC2007,2020-06-08 09:34:21.600,5488.4000,11145,0,403340880.000,0,-,-,-,-,5487.0000,5485.4000,5485.2000,5484.8000,5484.6000,5488.8000,5489.0000,5489.8000,5490.8000,5492.0000,1,2,2,1,1,1,2,1,2,1
SF,IC2007,2020-06-08 09:34:22.600,5488.8000,11144,-1,404438640.000,1,0,1,双平,S,5487.2000,5487.0000,5485.4000,5485.2000,5484.8000,5489.0000,5489.8000,5490.8000,5492.0000,5492.2000,1,1,1,2,1,2,1,2,1,1
SF,IC2007,2020-06-08 09:34:23.100,5489.0000,11144,0,405536440.000,1,0,1,多换,S,5487.0000,5485.4000,5485.2000,5484.8000,5484.6000,5489.0000,5489.8000,5492.0000,5492.2000,5493.0000,1,1,2,1,1,1,1,1,1,1
SF,IC2007,2020-06-08 09:34:23.600,5489.0000,11143,-1,406634240.000,1,0,1,双平,S,5487.2000,5487.0000,5485.4000,5485.2000,5484.8000,5489.8000,5492.0000,5492.2000,5493.0000,5495.0000,1,1,1,2,1,1,1,1,1,3
SF,IC2007,2020-06-08 09:34:24.100,5489.0000,11143,0,406634240.000,0,-,-,-,-,5487.4000,5487.0000,5485.2000,5484.8000,5484.6000,5489.2000,5489.4000,5489.6000,5489.8000,5492.0000,1,1,2,1,1,2,7,4,1,1
SF,IC2007,2020-06-08 09:34:24.600,5489.0000,11143,0,406634240.000,0,-,-,-,-,5487.0000,5486.0000,5485.2000,5484.8000,5484.6000,5489.4000,5489.8000,5492.0000,5492.2000,5493.0000,1,9,2,1,1,1,1,1,1,1
SF,IC2007,2020-06-08 09:34:25.100,5487.2000,11142,-1,407731680.000,1,0,1,双平,S,5487.0000,5486.0000,5485.2000,5484.8000,5484.6000,5489.4000,5489.8000,5492.0000,5492.2000,5493.0000,1,9,2,1,1,1,1,1,1,1
SF,IC2007,2020-06-08 09:34:25.600,5487.2000,11142,0,407731680.000,0,-,-,-,-,5487.0000,5486.0000,5485.2000,5484.8000,5484.6000,5489.0000,5489.4000,5489.8000,5492.0000,5492.2000,1,9,2,1,1,1,1,1,1,1
SF,IC2007,2020-06-08 09:34:26.600,5487.2000,11142,0,407731680.000,0,-,-,-,-,5487.0000,5486.0000,5485.2000,5484.8000,5484.6000,5488.8000,5489.0000,5489.4000,5489.8000,5492.0000,1,9,1,1,1,1,1,1,1,1
SF,IC2007,2020-06-08 09:34:27.600,5487.2000,11142,0,407731680.000,0,-,-,-,-,5487.0000,5486.0000,5485.2000,5484.8000,5484.6000,5488.8000,5489.0000,5489.4000,5489.8000,5492.0000,1,9,1,1,1,3,1,1,1,1
SF,IC2007,2020-06-08 09:34:28.100,5487.2000,11142,0,407731680.000,0,-,-,-,-,5487.0000,5486.0000,5485.2000,5484.8000,5484.6000,5488.8000,5489.0000,5489.4000,5489.8000,5492.0000,1,9,1,1,1,1,1,1,1,1
SF,IC2007,2020-06-08 09:34:29.600,5488.8000,11141,-1,411024880.000,3,1,2,多平,S,5487.0000,5486.0000,5485.2000,5484.8000,5484.6000,5489.4000,5489.8000,5492.0000,5492.2000,5493.0000,1,9,1,1,1,1,1,1,1,1
SF,IC2007,2020-06-08 09:34:30.100,5488.8000,11141,0,411024880.000,0,-,-,-,-,5487.2000,5487.0000,5486.0000,5485.2000,5484.8000,5489.0000,5489.4000,5489.8000,5492.0000,5492.2000,1,1,9,1,1,6,3,1,1,1
SF,IC2007,2020-06-08 09:34:30.600,5488.8000,11141,0,411024880.000,0,-,-,-,-,5487.2000,5487.0000,5486.0000,5485.2000,5484.6000,5488.6000,5489.0000,5489.4000,5489.8000,5492.0000,1,1,9,1,1,2,4,2,1,1
SF,IC2007,2020-06-08 09:34:31.100,5488.6000,11141,0,412122600.000,1,0,1,多换,S,5487.2000,5487.0000,5486.0000,5485.2000,5484.6000,5488.2000,5489.4000,5489.8000,5492.0000,5492.2000,1,1,9,1,1,5,2,1,1,1
SF,IC2007,2020-06-08 09:34:31.600,5488.2000,11139,-2,414317880.000,2,0,2,双平,S,5487.2000,5487.0000,5486.0000,5485.2000,5484.2000,5489.4000,5489.8000,5492.0000,5492.2000,5493.0000,1,2,9,1,2,2,1,1,1,1
SF,IC2007,2020-06-08 09:34:32.100,5488.2000,11139,0,414317880.000,0,-,-,-,-,5487.2000,5487.0000,5486.0000,5485.6000,5485.2000,5489.0000,5489.4000,5489.8000,5492.0000,5492.2000,1,2,9,1,1,4,2,1,1,1
SF,IC2007,2020-06-08 09:34:32.600,5488.2000,11139,0,414317880.000,0,-,-,-,-,5487.6000,5487.2000,5487.0000,5486.0000,5485.6000,5489.0000,5489.8000,5492.0000,5492.2000,5493.0000,1,1,2,9,1,2,1,1,1,1
SF,IC2007,2020-06-08 09:34:33.100,5489.0000,11138,-1,415415680.000,1,0,1,双平,S,5487.2000,5487.0000,5486.0000,5485.6000,5485.2000,5489.0000,5489.8000,5492.0000,5492.2000,5493.0000,1,2,9,1,1,2,1,1,1,1
SF,IC2007,2020-06-08 09:34:34.600,5489.0000,11138,0,415415680.000,0,-,-,-,-,5487.2000,5487.0000,5486.0000,5485.6000,5485.2000,5488.8000,5489.0000,5489.8000,5492.0000,5492.2000,1,2,9,1,1,1,2,1,1,1
