市场代码,合约代码,时间,最新,持仓,增仓,成交额,成交量,开仓,平仓,成交类型,方向,买一价,买二价,买三价,买四价,买五价,卖一价,卖二价,卖三价,卖四价,卖五价,买一量,买二量,买三量,买四量,买五量,卖一量,卖二量,卖三量,卖四量,卖五量
SF,IC2012,2020-05-12 09:29:00.300,5102.2000,11164,0,11224840.000,11.000,-,-,-,-,5100.0000,5091.0000,5090.8000,5090.0000,5085.8000,5108.8000,5116.0000,5118.0000,5119.8000,5124.0000,5,2,1,1,1,1,1,1,1,5
SF,IC2012,2020-05-12 09:30:00.300,5102.2000,11164,0,11224840.000,0,-,-,-,-,5100.0000,5091.0000,5090.0000,5085.8000,5081.2000,5108.0000,5108.4000,5108.6000,5108.8000,5116.0000,5,2,1,1,1,9,7,3,1,1
SF,IC2012,2020-05-12 09:30:00.800,5102.2000,11164,0,11224840.000,0,-,-,-,-,5100.2000,5100.0000,5091.0000,5090.0000,5085.8000,5107.8000,5108.0000,5108.6000,5108.8000,5116.0000,1,5,2,1,1,1,10,2,1,1
SF,IC2012,2020-05-12 09:30:01.300,5102.2000,11164,0,11224840.000,0,-,-,-,-,5100.2000,5100.0000,5091.0000,5090.0000,5085.8000,5107.8000,5108.0000,5108.8000,5116.0000,5118.0000,1,5,2,1,1,1,10,1,1,1
SF,IC2012,2020-05-12 09:30:01.800,5102.2000,11164,0,11224840.000,0,-,-,-,-,5100.4000,5100.2000,5100.0000,5091.0000,5090.0000,5107.8000,5108.0000,5108.8000,5116.0000,5118.0000,1,1,5,2,1,1,10,1,1,1
SF,IC2012,2020-05-12 09:30:02.300,5102.2000,11164,0,11224840.000,0,-,-,-,-,5100.6000,5100.4000,5100.0000,5091.0000,5090.0000,5107.8000,5108.0000,5108.8000,5116.0000,5118.0000,1,1,5,2,1,1,10,1,1,1
SF,IC2012,2020-05-12 09:30:02.800,5102.2000,11164,0,11224840.000,0,-,-,-,-,5100.8000,5100.6000,5100.0000,5091.0000,5090.0000,5105.0000,5107.8000,5108.0000,5108.8000,5116.0000,1,1,5,2,1,7,1,10,1,1
SF,IC2012,2020-05-12 09:30:03.300,5102.2000,11164,0,11224840.000,0,-,-,-,-,5102.8000,5101.0000,5100.8000,5100.0000,5091.0000,5105.0000,5108.0000,5108.8000,5116.0000,5118.0000,1,5,1,5,2,7,10,1,1,1
SF,IC2012,2020-05-12 09:30:03.800,5102.2000,11164,0,11224840.000,0,-,-,-,-,5103.0000,5102.8000,5100.8000,5100.0000,5091.0000,5105.0000,5108.0000,5108.8000,5116.0000,5118.0000,1,1,1,5,2,7,10,1,1,1
SF,IC2012,2020-05-12 09:30:04.300,5102.2000,11164,0,11224840.000,0,-,-,-,-,5103.0000,5102.8000,5100.8000,5100.0000,5091.0000,5105.0000,5108.0000,5108.8000,5116.0000,5118.0000,1,1,1,5,2,7,10,1,1,1
SF,IC2012,2020-05-12 09:30:05.300,5105.0000,11164,0,14287840.000,3,1,2,多换,S,5103.0000,5102.8000,5100.8000,5100.0000,5091.0000,5105.0000,5108.0000,5108.8000,5116.0000,5118.0000,1,1,1,5,2,4,10,1,1,1
SF,IC2012,2020-05-12 09:30:05.800,5105.0000,11165,1,16329440.000,2,1,1,空开,S,5102.8000,5100.8000,5100.0000,5091.0000,5090.0000,5105.0000,5105.2000,5108.0000,5108.8000,5116.0000,1,1,5,2,1,3,1,10,1,1
SF,IC2012,2020-05-12 09:30:06.300,5103.0000,11165,0,17350040.000,1,0,1,多换,S,5102.8000,5100.8000,5100.0000,5091.0000,5090.0000,5103.0000,5105.0000,5105.2000,5108.0000,5108.8000,1,1,5,2,1,1,3,1,10,1
SF,IC2012,2020-05-12 09:30:06.800,5100.0000,11161,-4,25514000.000,8,2,6,多平,S,5100.0000,5091.0000,5090.0000,5085.8000,5080.0000,5103.0000,5105.0000,5105.2000,5108.0000,5108.8000,3,2,1,1,1,1,2,1,10,1
SF,IC2012,2020-05-12 09:30:07.300,5103.0000,11159,-2,28575800.000,3,0,3,多平,S,5103.0000,5100.2000,5100.0000,5091.0000,5090.0000,5105.0000,5105.2000,5108.0000,5108.8000,5115.4000,1,2,3,2,1,2,1,10,1,2
SF,IC2012,2020-05-12 09:30:07.800,5103.0000,11158,-1,29596400.000,1,0,1,双平,S,5101.4000,5100.8000,5100.2000,5100.0000,5091.0000,5103.0000,5104.8000,5105.0000,5105.2000,5108.0000,1,1,1,3,2,1,1,2,1,10
SF,IC2012,2020-05-12 09:30:08.300,5103.0000,11158,0,29596400.000,0,-,-,-,-,5103.0000,5101.6000,5101.4000,5101.2000,5100.8000,5104.8000,5105.0000,5105.2000,5108.0000,5108.8000,1,1,1,1,2,2,2,1,10,1
SF,IC2012,2020-05-12 09:30:08.800,5103.0000,11158,0,29596400.000,0,-,-,-,-,5103.0000,5102.0000,5101.2000,5100.8000,5100.2000,5104.8000,5105.0000,5105.2000,5108.0000,5108.8000,1,1,1,2,1,2,2,1,10,1
SF,IC2012,2020-05-12 09:30:09.300,5103.0000,11158,0,29596400.000,0,-,-,-,-,5102.0000,5101.6000,5100.8000,5100.2000,5100.0000,5104.8000,5105.0000,5105.2000,5108.0000,5108.8000,1,1,2,2,3,2,2,1,10,1
SF,IC2012,2020-05-12 09:30:09.800,5103.0000,11158,0,29596400.000,0,-,-,-,-,5102.2000,5101.6000,5100.8000,5100.2000,5100.0000,5104.8000,5105.0000,5105.2000,5108.0000,5108.8000,2,1,1,1,3,1,2,1,10,1
SF,IC2012,2020-05-12 09:30:10.300,5103.0000,11158,0,29596400.000,0,-,-,-,-,5102.2000,5101.6000,5100.8000,5100.2000,5100.0000,5103.0000,5104.6000,5104.8000,5105.0000,5105.2000,2,1,1,1,4,1,1,2,2,1
SF,IC2012,2020-05-12 09:30:10.800,5104.6000,11158,0,31637920.000,2,1,1,多换,S,5103.0000,5102.4000,5102.2000,5101.6000,5100.8000,5104.8000,5105.0000,5105.2000,5108.0000,5108.8000,1,1,1,1,1,2,2,1,10,1
SF,IC2012,2020-05-12 09:30:11.300,5104.6000,11158,0,31637920.000,0,-,-,-,-,5103.0000,5102.4000,5100.8000,5100.4000,5100.2000,5104.6000,5104.8000,5105.0000,5105.2000,5106.0000,1,1,1,1,1,2,2,2,1,4
SF,IC2012,2020-05-12 09:30:11.800,5104.6000,11158,0,31637920.000,0,-,-,-,-,5100.8000,5100.2000,5100.0000,5099.8000,5091.0000,5103.0000,5104.6000,5104.8000,5105.0000,5105.2000,1,1,4,1,2,1,2,2,2,1
SF,IC2012,2020-05-12 09:30:12.300,5103.2000,11157,-1,32658560.000,1,0,1,双平,S,5101.0000,5100.8000,5100.2000,5100.0000,5099.8000,5104.6000,5104.8000,5105.0000,5105.2000,5106.0000,1,1,1,4,1,1,2,2,1,4
SF,IC2012,2020-05-12 09:30:12.800,5103.2000,11157,0,32658560.000,0,-,-,-,-,5101.0000,5100.8000,5100.2000,5100.0000,5099.8000,5104.4000,5104.6000,5104.8000,5105.0000,5105.2000,1,1,1,4,1,2,1,1,2,1
SF,IC2012,2020-05-12 09:30:13.300,5103.2000,11157,0,32658560.000,0,-,-,-,-,5101.2000,5101.0000,5100.8000,5100.0000,5099.8000,5104.4000,5104.8000,5105.0000,5105.2000,5106.0000,1,1,1,4,1,3,1,2,1,4
SF,IC2012,2020-05-12 09:30:13.800,5103.2000,11157,0,32658560.000,0,-,-,-,-,5101.4000,5101.2000,5100.8000,5100.0000,5099.8000,5104.0000,5104.4000,5104.8000,5105.0000,5105.2000,1,1,1,4,1,1,2,1,2,1
SF,IC2012,2020-05-12 09:30:14.300,5103.2000,11157,0,32658560.000,0,-,-,-,-,5101.4000,5100.8000,5100.0000,5099.8000,5098.6000,5104.0000,5104.2000,5104.4000,5104.8000,5105.0000,1,1,4,1,1,1,1,2,1,2
SF,IC2012,2020-05-12 09:30:14.800,5103.2000,11157,0,32658560.000,0,-,-,-,-,5101.4000,5100.8000,5100.0000,5099.8000,5098.6000,5103.6000,5104.0000,5104.2000,5104.4000,5104.8000,1,1,4,1,1,1,7,1,2,1
SF,IC2012,2020-05-12 09:30:15.300,5103.6000,11157,0,34700000.000,2,1,1,多换,S,5101.6000,5101.4000,5100.8000,5100.0000,5099.8000,5104.0000,5104.4000,5104.8000,5105.0000,5105.2000,2,1,1,5,1,7,2,1,2,1
SF,IC2012,2020-05-12 09:30:15.800,5103.6000,11157,0,34700000.000,0,-,-,-,-,5101.6000,5100.8000,5100.0000,5099.8000,5091.0000,5103.8000,5104.0000,5104.4000,5104.8000,5105.0000,3,1,5,1,2,1,7,1,1,2
SF,IC2012,2020-05-12 09:30:16.300,5103.6000,11157,0,34700000.000,0,-,-,-,-,5101.8000,5101.6000,5100.0000,5099.8000,5091.0000,5104.0000,5104.4000,5104.8000,5105.0000,5105.2000,1,2,5,1,2,7,1,1,2,1
SF,IC2012,2020-05-12 09:30:16.800,5103.8000,11157,0,35720760.000,1,0,1,多换,S,5102.0000,5101.6000,5100.2000,5100.0000,5099.8000,5104.0000,5104.4000,5104.8000,5105.0000,5105.2000,1,1,1,5,1,7,1,1,2,1
SF,IC2012,2020-05-12 09:30:17.300,5101.8000,11155,-2,38781840.000,3,0,3,多平,S,5100.2000,5100.0000,5099.8000,5091.0000,5090.0000,5103.8000,5104.0000,5104.4000,5104.8000,5105.0000,2,4,1,2,1,1,7,1,1,2
SF,IC2012,2020-05-12 09:30:17.800,5101.8000,11155,0,38781840.000,0,-,-,-,-,5100.4000,5100.2000,5100.0000,5091.0000,5090.0000,5103.4000,5103.6000,5103.8000,5104.0000,5104.8000,1,2,4,2,1,1,1,1,7,1
SF,IC2012,2020-05-12 09:30:18.300,5101.8000,11155,0,38781840.000,0,-,-,-,-,5100.4000,5100.2000,5100.0000,5091.0000,5090.0000,5103.2000,5103.4000,5104.0000,5104.8000,5105.0000,1,1,4,2,1,2,1,7,1,2
SF,IC2012,2020-05-12 09:30:19.300,5101.8000,11155,0,38781840.000,0,-,-,-,-,5100.4000,5100.0000,5091.0000,5090.0000,5085.8000,5103.0000,5103.2000,5104.0000,5104.8000,5105.0000,1,4,2,1,1,1,2,6,1,2
SF,IC2012,2020-05-12 09:30:19.800,5101.8000,11155,0,38781840.000,0,-,-,-,-,5100.0000,5091.0000,5090.0000,5085.8000,5080.0000,5102.4000,5102.8000,5103.0000,5103.2000,5104.0000,4,2,1,1,1,1,1,2,1,6
SF,IC2012,2020-05-12 09:30:20.300,5101.8000,11155,0,38781840.000,0,-,-,-,-,5100.0000,5091.0000,5090.0000,5085.8000,5080.0000,5102.2000,5102.4000,5103.0000,5103.2000,5104.0000,4,2,1,1,1,1,1,2,1,6
SF,IC2012,2020-05-12 09:30:21.300,5101.8000,11155,0,38781840.000,0,-,-,-,-,5100.0000,5091.0000,5090.0000,5085.8000,5080.0000,5102.2000,5102.4000,5103.0000,5103.2000,5104.0000,4,2,1,1,1,1,1,1,1,6
SF,IC2012,2020-05-12 09:30:21.800,5102.2000,11154,-1,39802280.000,1,0,1,双平,S,5102.2000,5100.2000,5100.0000,5091.0000,5090.0000,5102.4000,5103.0000,5104.0000,5104.8000,5105.0000,2,1,4,2,1,1,1,6,1,2
SF,IC2012,2020-05-12 09:30:22.300,5102.2000,11152,-2,41843160.000,2,0,2,双平,S,5102.2000,5100.2000,5100.0000,5091.0000,5090.0000,5102.4000,5103.0000,5104.0000,5104.8000,5105.0000,1,1,4,2,1,1,1,6,1,2
SF,IC2012,2020-05-12 09:30:22.800,5102.4000,11152,0,42863640.000,1,0,1,多换,S,5102.2000,5100.2000,5100.0000,5091.0000,5090.0000,5103.0000,5104.0000,5104.8000,5105.0000,5105.2000,1,1,4,2,1,1,6,1,2,1
SF,IC2012,2020-05-12 09:30:23.300,5102.2000,11152,0,43884080.000,1,0,1,多换,S,5100.2000,5100.0000,5091.0000,5090.0000,5085.8000,5102.8000,5103.0000,5104.0000,5104.8000,5105.0000,1,4,2,1,1,1,1,6,1,2
SF,IC2012,2020-05-12 09:30:23.800,5102.2000,11152,0,43884080.000,0,-,-,-,-,5100.4000,5100.2000,5100.0000,5091.0000,5090.0000,5102.8000,5103.0000,5104.0000,5104.8000,5105.0000,1,2,4,2,1,1,1,6,1,2
SF,IC2012,2020-05-12 09:30:24.300,5102.2000,11152,0,43884080.000,0,-,-,-,-,5100.4000,5100.2000,5100.0000,5091.0000,5090.0000,5102.8000,5104.0000,5104.8000,5105.0000,5105.2000,2,2,4,2,1,1,6,1,2,1
SF,IC2012,2020-05-12 09:30:24.800,5102.8000,11152,0,44904640.000,1,0,1,多换,S,5100.6000,5100.4000,5100.2000,5100.0000,5091.0000,5104.0000,5104.8000,5105.0000,5105.2000,5106.0000,2,2,1,4,2,6,1,2,1,4
SF,IC2012,2020-05-12 09:30:25.300,5102.8000,11152,0,44904640.000,0,-,-,-,-,5100.8000,5100.6000,5100.4000,5100.2000,5100.0000,5104.0000,5104.8000,5105.0000,5105.2000,5106.0000,3,2,1,1,4,6,1,2,1,4
SF,IC2012,2020-05-12 09:30:25.800,5102.8000,11152,0,44904640.000,0,-,-,-,-,5100.8000,5100.4000,5100.2000,5100.0000,5097.6000,5103.6000,5103.8000,5104.0000,5104.8000,5105.0000,3,1,1,4,1,1,1,6,1,2
SF,IC2012,2020-05-12 09:30:26.300,5102.8000,11152,0,44904640.000,0,-,-,-,-,5101.2000,5100.8000,5100.2000,5100.0000,5097.6000,5103.4000,5103.6000,5104.0000,5104.8000,5105.0000,2,3,1,4,1,1,1,6,1,2
SF,IC2012,2020-05-12 09:30:26.800,5102.8000,11152,0,44904640.000,0,-,-,-,-,5101.4000,5101.2000,5100.8000,5100.2000,5100.0000,5103.6000,5104.0000,5104.8000,5105.0000,5105.2000,1,2,1,1,4,1,6,1,2,1
SF,IC2012,2020-05-12 09:30:27.300,5102.8000,11152,0,44904640.000,0,-,-,-,-,5101.4000,5101.2000,5100.8000,5100.2000,5100.0000,5103.4000,5103.6000,5104.0000,5104.8000,5105.0000,1,2,1,1,4,1,1,6,1,2
SF,IC2012,2020-05-12 09:30:27.800,5103.4000,11152,0,45925320.000,1,0,1,多换,S,5101.4000,5100.8000,5100.2000,5100.0000,5097.6000,5103.6000,5104.0000,5104.8000,5105.0000,5105.2000,1,1,1,4,1,1,6,1,2,1
SF,IC2012,2020-05-12 09:30:28.300,5103.4000,11152,0,45925320.000,0,-,-,-,-,5101.4000,5100.8000,5100.2000,5100.0000,5099.4000,5102.0000,5103.6000,5104.0000,5104.8000,5105.0000,1,1,1,4,2,1,1,6,1,2
SF,IC2012,2020-05-12 09:30:28.800,5102.0000,11151,-1,46945720.000,1,0,1,双平,S,5101.4000,5100.2000,5100.0000,5099.4000,5097.6000,5104.0000,5104.8000,5105.0000,5105.2000,5106.0000,1,1,4,2,1,6,1,2,1,4
SF,IC2012,2020-05-12 09:30:29.300,5102.0000,11151,0,46945720.000,0,-,-,-,-,5101.4000,5100.2000,5100.0000,5099.4000,5097.6000,5103.8000,5104.0000,5104.8000,5105.0000,5105.2000,1,1,4,2,1,2,6,1,2,1
SF,IC2012,2020-05-12 09:30:29.800,5102.0000,11151,0,46945720.000,0,-,-,-,-,5101.4000,5100.0000,5099.4000,5097.6000,5096.8000,5103.8000,5104.0000,5104.8000,5105.0000,5105.2000,1,4,2,1,1,2,6,1,2,1
SF,IC2012,2020-05-12 09:30:30.300,5101.4000,11150,-1,47966000.000,1,0,1,双平,S,5100.0000,5099.4000,5097.6000,5096.8000,5091.0000,5103.8000,5104.0000,5104.8000,5105.0000,5105.2000,4,2,1,1,2,2,6,1,2,1
SF,IC2012,2020-05-12 09:30:30.800,5101.4000,11150,0,47966000.000,0,-,-,-,-,5100.2000,5100.0000,5099.4000,5097.6000,5096.8000,5103.4000,5103.8000,5104.0000,5104.8000,5105.0000,2,4,2,1,1,1,3,6,1,2
SF,IC2012,2020-05-12 09:30:31.300,5101.4000,11150,0,47966000.000,0,-,-,-,-,5100.2000,5100.0000,5097.6000,5096.8000,5091.0000,5103.2000,5103.4000,5103.8000,5104.0000,5104.8000,2,4,1,1,2,1,1,2,6,1
SF,IC2012,2020-05-12 09:30:31.800,5101.4000,11150,0,47966000.000,0,-,-,-,-,5100.2000,5100.0000,5097.6000,5096.8000,5091.0000,5103.0000,5103.2000,5103.4000,5103.8000,5104.0000,1,4,1,1,2,1,1,1,2,6
SF,IC2012,2020-05-12 09:30:32.300,5101.4000,11150,0,47966000.000,0,-,-,-,-,5100.2000,5100.0000,5097.6000,5096.8000,5091.0000,5102.8000,5103.0000,5103.4000,5103.8000,5104.0000,1,4,1,1,2,2,1,1,2,6
SF,IC2012,2020-05-12 09:30:32.800,5101.4000,11150,0,47966000.000,0,-,-,-,-,5100.4000,5100.2000,5100.0000,5097.6000,5096.8000,5102.8000,5103.0000,5103.4000,5103.8000,5104.0000,1,1,4,1,1,2,1,1,2,6
SF,IC2012,2020-05-12 09:30:33.300,5101.4000,11150,0,47966000.000,0,-,-,-,-,5100.4000,5100.2000,5100.0000,5097.6000,5096.8000,5102.8000,5103.0000,5103.4000,5103.8000,5104.0000,1,1,4,1,1,2,1,1,2,6
SF,IC2012,2020-05-12 09:30:35.300,5101.4000,11150,0,47966000.000,0,-,-,-,-,5100.4000,5100.2000,5100.0000,5097.6000,5096.8000,5102.0000,5102.8000,5103.0000,5103.4000,5103.8000,1,1,4,1,1,6,2,1,1,2
SF,IC2012,2020-05-12 09:30:35.800,5101.4000,11150,0,47966000.000,0,-,-,-,-,5100.0000,5097.6000,5096.8000,5095.8000,5091.0000,5100.4000,5101.8000,5102.0000,5102.8000,5103.0000,4,1,1,2,2,1,1,6,1,1
SF,IC2012,2020-05-12 09:30:36.300,5100.4000,11149,-1,48986080.000,1,0,1,双平,S,5100.4000,5100.2000,5100.0000,5097.6000,5096.8000,5102.0000,5102.8000,5103.0000,5103.4000,5103.8000,1,1,4,1,1,6,1,1,1,1
SF,IC2012,2020-05-12 09:30:36.800,5100.4000,11149,0,48986080.000,0,-,-,-,-,5100.6000,5100.4000,5100.0000,5097.6000,5096.8000,5102.0000,5102.8000,5103.0000,5103.4000,5103.8000,1,1,4,1,1,6,1,1,1,1
SF,IC2012,2020-05-12 09:30:37.300,5100.4000,11149,0,48986080.000,0,-,-,-,-,5100.8000,5100.6000,5100.0000,5097.6000,5096.8000,5101.8000,5102.0000,5102.8000,5103.0000,5103.4000,1,1,4,1,1,1,6,1,1,1
SF,IC2012,2020-05-12 09:30:38.800,5100.4000,11149,0,48986080.000,0,-,-,-,-,5100.6000,5100.0000,5097.6000,5096.8000,5095.8000,5101.2000,5101.8000,5102.0000,5103.0000,5103.4000,1,4,1,1,2,1,1,6,1,1
SF,IC2012,2020-05-12 09:30:39.300,5101.2000,11149,0,50006320.000,1,0,1,多换,S,5101.2000,5100.6000,5100.0000,5097.6000,5096.8000,5102.0000,5103.0000,5103.4000,5103.8000,5104.8000,2,1,4,1,1,6,1,1,1,1
SF,IC2012,2020-05-12 09:30:40.300,5102.0000,11148,-1,55108280.000,5,2,3,多平,S,5101.6000,5100.6000,5100.0000,5097.6000,5096.8000,5102.0000,5103.0000,5103.4000,5103.8000,5105.0000,1,1,4,1,1,3,1,1,1,2
SF,IC2012,2020-05-12 09:30:40.800,5102.0000,11148,0,57149080.000,2,1,1,多换,S,5101.8000,5101.6000,5100.0000,5097.6000,5096.8000,5102.0000,5103.0000,5103.4000,5103.8000,5105.0000,1,1,4,1,1,1,1,1,1,2
SF,IC2012,2020-05-12 09:30:41.300,5102.0000,11148,0,57149080.000,0,-,-,-,-,5101.8000,5100.0000,5097.6000,5096.8000,5095.8000,5102.0000,5103.0000,5103.4000,5103.8000,5105.0000,1,4,1,1,2,1,1,1,1,2
SF,IC2012,2020-05-12 09:30:41.800,5102.0000,11148,0,58169480.000,1,0,1,多换,S,5102.2000,5102.0000,5101.8000,5100.0000,5097.6000,5103.0000,5103.4000,5103.8000,5105.0000,5105.2000,1,1,1,4,1,1,1,1,2,1
SF,IC2012,2020-05-12 09:30:42.300,5102.0000,11148,0,58169480.000,0,-,-,-,-,5102.0000,5101.8000,5100.0000,5097.6000,5096.8000,5103.0000,5103.4000,5103.8000,5105.0000,5105.2000,1,1,4,1,1,1,1,1,2,1
SF,IC2012,2020-05-12 09:30:42.800,5102.0000,11148,0,59189880.000,1,0,1,多换,S,5101.8000,5100.0000,5097.6000,5096.8000,5091.0000,5103.0000,5103.4000,5103.8000,5105.0000,5105.2000,1,4,1,1,2,1,1,1,2,1
SF,IC2012,2020-05-12 09:30:43.300,5102.0000,11148,0,59189880.000,0,-,-,-,-,5102.4000,5101.8000,5100.4000,5100.0000,5097.6000,5103.0000,5103.4000,5103.8000,5105.0000,5105.2000,1,1,1,4,1,1,1,1,2,1
SF,IC2012,2020-05-12 09:30:43.800,5102.2000,11148,0,60210320.000,1,0,1,多换,S,5101.8000,5100.4000,5100.0000,5097.6000,5096.8000,5102.8000,5103.0000,5103.4000,5103.8000,5105.0000,1,1,5,1,1,1,1,1,1,2
SF,IC2012,2020-05-12 09:30:44.300,5102.8000,11148,0,61230880.000,1,0,1,多换,S,5101.8000,5100.4000,5100.0000,5097.6000,5096.8000,5103.0000,5103.4000,5103.8000,5105.0000,5105.2000,1,1,5,1,1,1,1,1,2,1
SF,IC2012,2020-05-12 09:30:44.800,5101.8000,11147,-1,62251240.000,1,0,1,双平,S,5100.4000,5100.0000,5097.6000,5096.8000,5091.0000,5103.0000,5103.4000,5103.8000,5105.0000,5105.2000,1,5,1,1,2,1,1,1,2,1
SF,IC2012,2020-05-12 09:30:45.300,5101.8000,11147,0,62251240.000,0,-,-,-,-,5100.6000,5100.0000,5097.6000,5096.8000,5091.0000,5103.0000,5103.4000,5103.8000,5105.0000,5105.2000,1,5,1,1,2,1,1,1,2,1
SF,IC2012,2020-05-12 09:30:45.800,5101.8000,11147,0,62251240.000,0,-,-,-,-,5100.6000,5100.0000,5097.6000,5096.8000,5091.0000,5102.8000,5103.0000,5103.4000,5103.8000,5105.0000,2,4,1,1,2,2,1,1,1,2
SF,IC2012,2020-05-12 09:30:46.800,5101.8000,11147,0,62251240.000,0,-,-,-,-,5100.6000,5100.0000,5097.6000,5096.8000,5091.0000,5102.8000,5103.0000,5103.4000,5103.8000,5105.0000,2,4,1,1,2,2,1,1,1,2
SF,IC2012,2020-05-12 09:30:47.300,5101.8000,11147,0,62251240.000,0,-,-,-,-,5100.0000,5097.6000,5096.8000,5091.0000,5085.8000,5102.8000,5103.0000,5103.4000,5103.8000,5105.0000,4,1,1,2,1,2,1,1,1,2
SF,IC2012,2020-05-12 09:30:47.800,5101.8000,11147,0,62251240.000,0,-,-,-,-,5100.0000,5097.6000,5096.8000,5091.0000,5085.8000,5102.6000,5102.8000,5103.0000,5103.4000,5103.8000,4,1,1,2,1,1,2,1,1,1
SF,IC2012,2020-05-12 09:30:48.300,5101.8000,11147,0,62251240.000,0,-,-,-,-,5100.0000,5097.6000,5096.8000,5091.0000,5085.8000,5102.4000,5102.6000,5102.8000,5103.0000,5103.4000,4,1,1,2,1,1,1,1,1,1
SF,IC2012,2020-05-12 09:30:49.300,5101.8000,11147,0,62251240.000,0,-,-,-,-,5100.0000,5096.8000,5091.0000,5085.8000,5080.0000,5102.2000,5102.4000,5102.6000,5103.0000,5103.4000,4,1,2,1,1,1,1,1,1,1
SF,IC2012,2020-05-12 09:30:49.800,5101.8000,11147,0,62251240.000,0,-,-,-,-,5100.0000,5096.8000,5091.0000,5085.8000,5080.0000,5102.0000,5102.2000,5102.6000,5103.0000,5103.4000,4,1,2,1,1,1,1,1,1,1
SF,IC2012,2020-05-12 09:30:50.800,5101.8000,11147,0,62251240.000,0,-,-,-,-,5100.0000,5096.8000,5091.0000,5085.8000,5080.0000,5101.6000,5102.0000,5102.6000,5103.0000,5103.4000,5,1,2,1,1,1,1,1,1,1
SF,IC2012,2020-05-12 09:30:51.300,5101.8000,11147,0,62251240.000,0,-,-,-,-,5100.0000,5096.8000,5091.0000,5085.8000,5080.0000,5101.4000,5101.6000,5102.6000,5103.0000,5103.4000,5,1,2,1,1,1,1,1,1,1
SF,IC2012,2020-05-12 09:30:51.800,5101.6000,11147,0,63271560.000,1,0,1,多换,S,5100.0000,5096.8000,5091.0000,5085.8000,5080.0000,5101.6000,5102.0000,5102.6000,5103.0000,5103.4000,5,1,2,1,1,1,1,1,1,1
SF,IC2012,2020-05-12 09:30:52.300,5100.0000,11147,0,65311560.000,2,1,1,多换,S,5100.0000,5096.8000,5091.0000,5085.8000,5080.0000,5101.4000,5101.6000,5102.0000,5102.6000,5103.0000,3,1,2,1,1,1,1,1,1,1
SF,IC2012,2020-05-12 09:30:52.800,5100.0000,11147,0,65311560.000,0,-,-,-,-,5100.0000,5096.8000,5091.0000,5085.8000,5080.0000,5101.4000,5101.6000,5102.0000,5102.6000,5103.0000,3,1,2,1,1,1,1,1,1,1
SF,IC2012,2020-05-12 09:30:53.800,5100.0000,11147,0,66331560.000,1,0,1,多换,S,5100.0000,5096.8000,5091.0000,5085.8000,5080.0000,5101.4000,5101.6000,5102.0000,5102.6000,5103.0000,2,1,2,1,1,1,1,1,1,1
SF,IC2012,2020-05-12 09:30:54.300,5100.0000,11146,-1,67351560.000,1,0,1,双平,S,5100.0000,5096.8000,5091.0000,5085.8000,5080.0000,5101.4000,5101.6000,5102.0000,5102.6000,5103.0000,1,1,2,1,1,1,1,1,1,1
SF,IC2012,2020-05-12 09:30:54.800,5100.0000,11146,0,68371560.000,1,0,1,多换,S,5096.8000,5091.0000,5085.8000,5080.0000,5076.2000,5101.2000,5101.4000,5102.0000,5102.6000,5103.0000,1,2,1,1,1,1,1,1,1,1
SF,IC2012,2020-05-12 09:30:55.300,5100.0000,11146,0,68371560.000,0,-,-,-,-,5097.0000,5096.8000,5091.0000,5085.8000,5080.0000,5101.0000,5101.2000,5102.0000,5103.0000,5103.4000,1,1,2,1,1,1,1,1,1,1
SF,IC2012,2020-05-12 09:30:55.800,5100.0000,11146,0,68371560.000,0,-,-,-,-,5097.0000,5096.8000,5091.0000,5080.0000,5076.2000,5100.8000,5101.0000,5101.2000,5102.0000,5103.0000,1,1,2,1,1,1,1,1,1,1
SF,IC2012,2020-05-12 09:30:56.300,5100.0000,11146,0,68371560.000,0,-,-,-,-,5098.0000,5097.0000,5091.0000,5080.0000,5076.2000,5100.6000,5100.8000,5101.2000,5102.0000,5103.0000,1,1,2,1,1,1,1,1,1,1
SF,IC2012,2020-05-12 09:30:56.800,5100.0000,11146,0,68371560.000,0,-,-,-,-,5098.2000,5098.0000,5097.6000,5097.4000,5091.0000,5100.6000,5102.0000,5103.0000,5103.4000,5105.0000,1,1,1,1,2,1,1,1,1,2
SF,IC2012,2020-05-12 09:30:57.300,5100.0000,11146,0,68371560.000,0,-,-,-,-,5098.2000,5097.4000,5091.0000,5080.0000,5076.2000,5100.6000,5102.0000,5103.0000,5103.4000,5105.0000,1,1,2,1,1,1,1,1,1,2
SF,IC2012,2020-05-12 09:30:57.800,5100.4000,11146,0,69391640.000,1,0,1,多换,S,5098.4000,5098.2000,5098.0000,5097.4000,5091.0000,5100.6000,5103.0000,5103.4000,5105.0000,5106.0000,1,1,1,1,2,1,1,1,2,4
SF,IC2012,2020-05-12 09:30:58.300,5100.4000,11146,0,69391640.000,0,-,-,-,-,5100.6000,5098.6000,5098.4000,5098.0000,5097.4000,5103.0000,5103.4000,5105.0000,5106.0000,5108.0000,1,1,1,1,1,1,1,2,4,3
SF,IC2012,2020-05-12 09:30:58.800,5100.4000,11146,0,69391640.000,0,-,-,-,-,5100.6000,5098.0000,5097.4000,5096.6000,5091.0000,5102.8000,5103.0000,5103.4000,5105.0000,5106.0000,1,1,1,1,2,1,1,1,2,4
SF,IC2012,2020-05-12 09:30:59.300,5100.4000,11146,0,70411720.000,1,0,1,多换,S,5098.0000,5097.4000,5096.6000,5091.0000,5080.0000,5100.0000,5102.2000,5102.8000,5103.0000,5103.4000,1,1,1,2,1,2,1,1,2,1
SF,IC2012,2020-05-12 09:30:59.800,5100.0000,11146,0,72451720.000,2,1,1,多换,S,5100.0000,5098.2000,5098.0000,5097.4000,5096.6000,5102.2000,5103.0000,5103.4000,5105.0000,5106.0000,2,2,1,1,1,1,2,1,2,4
SF,IC2012,2020-05-12 09:31:00.300,5100.0000,11146,0,72451720.000,0,-,-,-,-,5100.0000,5098.2000,5098.0000,5097.4000,5096.6000,5102.0000,5102.2000,5103.0000,5103.4000,5105.0000,2,2,1,1,1,1,1,2,1,2
SF,IC2012,2020-05-12 09:31:00.800,5100.0000,11146,0,72451720.000,0,-,-,-,-,5100.2000,5098.2000,5098.0000,5097.4000,5096.6000,5102.0000,5102.2000,5103.0000,5103.4000,5105.0000,1,1,1,1,1,1,1,2,1,2
SF,IC2012,2020-05-12 09:31:01.300,5100.0000,11146,0,72451720.000,0,-,-,-,-,5098.0000,5097.4000,5096.6000,5091.0000,5080.0000,5100.6000,5102.0000,5102.2000,5103.0000,5105.0000,1,1,1,2,1,1,2,1,2,2
SF,IC2012,2020-05-12 09:31:01.800,5100.0000,11146,0,72451720.000,0,-,-,-,-,5098.2000,5098.0000,5097.4000,5096.6000,5091.0000,5100.6000,5102.0000,5102.2000,5103.0000,5105.0000,1,1,1,1,2,1,1,1,3,2
SF,IC2012,2020-05-12 09:31:02.800,5100.6000,11146,0,73471840.000,1,0,1,多换,S,5099.0000,5098.2000,5098.0000,5097.4000,5096.6000,5102.0000,5102.2000,5103.0000,5105.0000,5106.0000,2,1,1,1,1,1,1,3,2,4
SF,IC2012,2020-05-12 09:31:03.300,5100.6000,11146,0,73471840.000,0,-,-,-,-,5098.0000,5096.6000,5091.0000,5080.0000,5076.2000,5101.8000,5102.0000,5102.2000,5103.0000,5105.0000,1,1,2,1,1,2,1,1,3,2
SF,IC2012,2020-05-12 09:31:03.800,5100.6000,11146,0,73471840.000,0,-,-,-,-,5098.2000,5098.0000,5096.6000,5091.0000,5080.0000,5099.8000,5101.8000,5102.0000,5103.0000,5105.0000,1,1,1,2,1,1,2,1,3,2
SF,IC2012,2020-05-12 09:31:04.300,5099.8000,11145,-1,74491800.000,1,0,1,双平,S,5100.0000,5098.4000,5098.2000,5098.0000,5096.6000,5101.8000,5102.0000,5102.8000,5103.0000,5105.0000,1,1,1,1,1,1,1,1,2,2
SF,IC2012,2020-05-12 09:31:04.800,5099.8000,11145,0,74491800.000,0,-,-,-,-,5100.2000,5098.4000,5098.0000,5096.6000,5091.0000,5102.0000,5102.8000,5103.0000,5105.0000,5106.0000,1,1,1,1,2,1,1,2,2,4
SF,IC2012,2020-05-12 09:31:05.300,5099.8000,11145,0,74491800.000,0,-,-,-,-,5100.2000,5098.0000,5096.6000,5091.0000,5080.0000,5101.8000,5102.0000,5102.8000,5103.0000,5105.0000,1,1,1,2,1,1,1,1,2,2
SF,IC2012,2020-05-12 09:31:05.800,5099.8000,11145,0,74491800.000,0,-,-,-,-,5098.0000,5096.6000,5091.0000,5080.0000,5076.2000,5101.8000,5102.0000,5102.8000,5103.0000,5105.0000,1,1,2,1,1,1,1,1,2,2
SF,IC2012,2020-05-12 09:31:06.300,5099.8000,11145,0,74491800.000,0,-,-,-,-,5098.2000,5098.0000,5096.6000,5091.0000,5080.0000,5100.2000,5101.4000,5101.8000,5102.0000,5102.8000,2,1,1,2,1,1,1,2,1,1
SF,IC2012,2020-05-12 09:31:06.800,5099.8000,11145,0,74491800.000,0,-,-,-,-,5098.2000,5098.0000,5096.6000,5091.0000,5080.0000,5100.2000,5101.4000,5101.8000,5102.0000,5102.8000,1,1,1,2,1,1,1,2,1,1
SF,IC2012,2020-05-12 09:31:07.800,5099.8000,11145,0,74491800.000,0,-,-,-,-,5098.2000,5098.0000,5096.6000,5091.0000,5080.0000,5100.2000,5101.4000,5101.6000,5101.8000,5102.0000,1,1,1,2,1,1,1,3,2,1
SF,IC2012,2020-05-12 09:31:09.300,5100.2000,11145,0,75511840.000,1,0,1,多换,S,5098.4000,5098.2000,5098.0000,5091.0000,5080.0000,5101.4000,5101.6000,5101.8000,5102.0000,5102.8000,1,1,1,2,1,1,3,2,1,1
SF,IC2012,2020-05-12 09:31:09.800,5100.2000,11145,0,75511840.000,0,-,-,-,-,5098.6000,5098.4000,5098.0000,5091.0000,5080.0000,5101.4000,5101.6000,5101.8000,5102.0000,5102.8000,2,1,1,2,1,1,3,1,1,1
SF,IC2012,2020-05-12 09:31:10.300,5100.2000,11145,0,75511840.000,0,-,-,-,-,5098.6000,5098.0000,5091.0000,5080.0000,5076.2000,5101.2000,5101.4000,5101.6000,5101.8000,5102.0000,2,1,2,1,1,1,1,3,2,1
SF,IC2012,2020-05-12 09:31:13.800,5100.2000,11145,0,75511840.000,0,-,-,-,-,5098.6000,5098.0000,5097.2000,5091.0000,5080.0000,5101.2000,5101.4000,5101.6000,5101.8000,5102.0000,2,1,1,2,1,1,1,3,2,1
SF,IC2012,2020-05-12 09:31:14.300,5100.2000,11145,0,75511840.000,0,-,-,-,-,5101.2000,5098.8000,5098.6000,5098.0000,5097.2000,5101.4000,5101.6000,5101.8000,5102.0000,5103.0000,1,1,2,1,1,1,3,2,1,2
SF,IC2012,2020-05-12 09:31:14.800,5101.2000,11145,0,76532080.000,1,0,1,多换,S,5098.8000,5098.6000,5098.0000,5097.2000,5091.0000,5100.2000,5101.4000,5101.6000,5101.8000,5102.0000,1,1,1,1,2,2,1,3,2,1
SF,IC2012,2020-05-12 09:31:15.300,5099.0000,11144,-1,77551880.000,1,0,1,双平,S,5098.8000,5098.0000,5097.2000,5091.0000,5080.0000,5100.2000,5101.4000,5101.6000,5101.8000,5102.0000,1,1,1,2,1,2,1,3,2,2
SF,IC2012,2020-05-12 09:31:15.800,5099.0000,11144,0,77551880.000,0,-,-,-,-,5098.8000,5098.0000,5097.2000,5091.0000,5080.0000,5099.4000,5100.2000,5101.4000,5101.6000,5101.8000,1,1,1,2,1,1,2,1,3,2
SF,IC2012,2020-05-12 09:31:16.300,5100.2000,11142,-2,80611840.000,3,0,3,多平,S,5099.4000,5098.8000,5098.0000,5097.2000,5091.0000,5101.4000,5101.6000,5101.8000,5102.0000,5103.0000,1,1,1,1,2,1,3,2,1,2
SF,IC2012,2020-05-12 09:31:16.800,5100.2000,11142,0,80611840.000,0,-,-,-,-,5099.4000,5098.8000,5098.0000,5097.2000,5091.0000,5101.2000,5101.4000,5101.6000,5101.8000,5102.0000,1,1,1,1,2,1,1,3,2,1
SF,IC2012,2020-05-12 09:31:17.300,5100.2000,11142,0,80611840.000,0,-,-,-,-,5099.6000,5099.4000,5098.8000,5098.0000,5097.2000,5101.4000,5101.6000,5101.8000,5102.0000,5103.0000,1,1,1,1,1,1,3,2,1,2
SF,IC2012,2020-05-12 09:31:17.800,5100.2000,11142,0,80611840.000,0,-,-,-,-,5099.6000,5098.8000,5098.0000,5097.2000,5096.8000,5101.4000,5101.6000,5101.8000,5102.0000,5103.0000,1,1,1,1,1,1,3,2,1,2
SF,IC2012,2020-05-12 09:31:18.300,5100.2000,11142,0,80611840.000,0,-,-,-,-,5099.6000,5098.8000,5098.0000,5097.2000,5096.8000,5101.4000,5101.6000,5101.8000,5102.0000,5103.0000,1,1,1,1,1,1,3,2,1,2
SF,IC2012,2020-05-12 09:31:18.800,5100.2000,11142,0,80611840.000,0,-,-,-,-,5099.8000,5099.6000,5098.8000,5098.4000,5098.0000,5101.4000,5101.6000,5101.8000,5102.0000,5103.0000,2,1,1,1,1,1,3,2,1,2
SF,IC2012,2020-05-12 09:31:19.300,5101.4000,11142,0,81632120.000,1,0,1,多换,S,5101.4000,5100.0000,5099.8000,5098.8000,5098.4000,5101.6000,5101.8000,5102.0000,5103.0000,5105.0000,2,1,2,1,1,3,2,1,2,2
SF,IC2012,2020-05-12 09:31:20.300,5101.4000,11141,-1,83672680.000,2,0,2,多平,S,5100.0000,5099.8000,5098.8000,5098.4000,5098.0000,5101.6000,5101.8000,5102.0000,5103.0000,5105.0000,1,2,1,1,1,3,2,1,2,2
SF,IC2012,2020-05-12 09:31:20.800,5101.4000,11141,0,83672680.000,0,-,-,-,-,5100.2000,5100.0000,5099.8000,5099.4000,5098.8000,5101.6000,5101.8000,5102.0000,5103.0000,5105.0000,2,1,2,1,1,3,2,1,2,2
SF,IC2012,2020-05-12 09:31:21.800,5101.6000,11138,-3,86733640.000,3,0,3,双平,S,5100.2000,5100.0000,5099.8000,5099.4000,5098.8000,5101.8000,5102.0000,5103.0000,5105.0000,5106.0000,2,1,2,1,1,2,1,2,2,4
SF,IC2012,2020-05-12 09:31:22.300,5101.6000,11138,0,86733640.000,0,-,-,-,-,5100.6000,5100.2000,5100.0000,5099.8000,5099.4000,5101.8000,5102.0000,5103.0000,5105.0000,5106.0000,1,2,1,1,1,2,1,2,2,4
SF,IC2012,2020-05-12 09:31:22.800,5101.6000,11138,0,86733640.000,0,-,-,-,-,5100.6000,5100.4000,5100.2000,5100.0000,5099.8000,5101.8000,5102.0000,5103.0000,5105.0000,5106.0000,1,1,2,1,1,2,1,2,2,4
SF,IC2012,2020-05-12 09:31:23.300,5100.6000,11138,0,87753760.000,1,0,1,多换,S,5100.2000,5100.0000,5099.8000,5098.8000,5098.4000,5100.6000,5101.8000,5102.0000,5103.0000,5105.0000,2,1,1,1,1,1,2,1,2,2
SF,IC2012,2020-05-12 09:31:23.800,5100.6000,11138,0,87753760.000,0,-,-,-,-,5100.2000,5100.0000,5099.8000,5098.8000,5098.4000,5100.6000,5101.8000,5102.0000,5103.0000,5105.0000,2,1,1,1,1,1,2,2,2,2
SF,IC2012,2020-05-12 09:31:24.300,5100.2000,11136,-2,89793840.000,2,0,2,双平,S,5099.8000,5098.8000,5098.4000,5098.0000,5091.0000,5101.8000,5102.0000,5103.0000,5105.0000,5106.0000,1,1,1,1,2,2,2,2,2,4
SF,IC2012,2020-05-12 09:31:24.800,5100.2000,11137,1,90813880.000,1,1,0,双开,S,5099.8000,5098.8000,5098.0000,5091.0000,5080.0000,5100.6000,5101.6000,5101.8000,5102.0000,5103.0000,1,1,1,2,1,1,1,2,2,2
SF,IC2012,2020-05-12 09:31:26.800,5099.8000,11136,-1,91833840.000,1,0,1,双平,S,5098.8000,5098.0000,5091.0000,5080.0000,5076.2000,5100.6000,5101.6000,5101.8000,5102.0000,5103.0000,1,1,2,1,1,1,1,2,2,2
SF,IC2012,2020-05-12 09:31:27.300,5099.8000,11136,0,91833840.000,0,-,-,-,-,5098.8000,5098.0000,5091.0000,5080.0000,5076.2000,5100.4000,5100.6000,5101.8000,5102.0000,5103.0000,1,1,2,1,1,1,1,2,2,2
SF,IC2012,2020-05-12 09:31:27.800,5099.8000,11136,0,91833840.000,0,-,-,-,-,5098.8000,5098.0000,5091.0000,5080.0000,5076.2000,5100.4000,5100.6000,5101.8000,5102.0000,5103.0000,1,1,2,1,1,1,1,2,2,2
SF,IC2012,2020-05-12 09:31:28.300,5098.8000,11135,-1,92853600.000,1,0,1,双平,S,5098.0000,5091.0000,5080.0000,5076.2000,5075.0000,5100.4000,5100.6000,5101.8000,5102.0000,5103.0000,1,2,1,1,1,1,1,2,2,1
SF,IC2012,2020-05-12 09:31:29.300,5098.8000,11135,0,92853600.000,0,-,-,-,-,5098.0000,5091.0000,5080.0000,5076.2000,5075.0000,5100.4000,5100.6000,5101.8000,5102.0000,5103.0000,1,2,1,1,1,1,1,2,2,1
SF,IC2012,2020-05-12 09:31:29.800,5098.8000,11135,0,92853600.000,0,-,-,-,-,5098.2000,5098.0000,5091.0000,5080.0000,5076.2000,5100.4000,5100.6000,5101.8000,5102.0000,5103.0000,1,1,2,1,1,1,1,2,2,1
SF,IC2012,2020-05-12 09:31:30.800,5100.4000,11134,-1,93873680.000,1,0,1,双平,S,5098.2000,5098.0000,5091.0000,5080.0000,5076.2000,5100.6000,5101.8000,5102.0000,5103.0000,5105.0000,1,1,2,1,1,1,2,2,1,2
SF,IC2012,2020-05-12 09:31:31.300,5100.6000,11134,0,94893800.000,1,0,1,多换,S,5098.2000,5098.0000,5091.0000,5080.0000,5076.2000,5101.8000,5102.0000,5103.0000,5105.0000,5105.4000,1,1,2,1,1,2,1,1,2,1
SF,IC2012,2020-05-12 09:31:31.800,5100.6000,11134,0,94893800.000,0,-,-,-,-,5098.4000,5098.2000,5098.0000,5091.0000,5080.0000,5101.6000,5101.8000,5102.0000,5103.0000,5105.0000,1,1,1,2,1,1,3,1,1,2
SF,IC2012,2020-05-12 09:31:32.300,5100.6000,11134,0,94893800.000,0,-,-,-,-,5098.6000,5098.4000,5098.0000,5091.0000,5080.0000,5101.6000,5101.8000,5102.0000,5103.0000,5105.0000,1,1,1,2,1,1,3,1,1,2
SF,IC2012,2020-05-12 09:31:32.800,5100.6000,11134,0,94893800.000,0,-,-,-,-,5098.8000,5098.6000,5098.0000,5091.0000,5080.0000,5101.6000,5101.8000,5102.0000,5103.0000,5105.0000,1,1,1,2,1,1,3,1,1,2
SF,IC2012,2020-05-12 09:31:33.300,5100.6000,11134,0,94893800.000,0,-,-,-,-,5099.0000,5098.8000,5098.0000,5091.0000,5080.0000,5101.6000,5101.8000,5102.0000,5103.0000,5105.0000,1,1,1,2,1,1,3,1,1,2
SF,IC2012,2020-05-12 09:31:34.300,5100.6000,11134,0,94893800.000,0,-,-,-,-,5099.0000,5098.8000,5098.0000,5091.0000,5087.0000,5101.6000,5101.8000,5102.0000,5103.0000,5105.0000,1,1,1,2,1,1,3,1,1,2
SF,IC2012,2020-05-12 09:31:34.800,5100.6000,11134,0,94893800.000,0,-,-,-,-,5099.0000,5098.8000,5098.0000,5091.0000,5087.0000,5101.8000,5102.0000,5103.0000,5105.0000,5105.4000,1,1,1,2,1,2,1,1,2,1
SF,IC2012,2020-05-12 09:31:35.300,5100.6000,11134,0,94893800.000,0,-,-,-,-,5099.2000,5099.0000,5098.0000,5091.0000,5087.0000,5101.6000,5101.8000,5102.0000,5103.0000,5105.0000,1,1,1,2,1,2,2,1,1,2
SF,IC2012,2020-05-12 09:31:35.800,5100.6000,11134,0,94893800.000,0,-,-,-,-,5099.4000,5099.2000,5098.0000,5091.0000,5087.0000,5101.6000,5101.8000,5102.0000,5103.0000,5105.0000,1,1,1,2,1,2,2,1,1,2
SF,IC2012,2020-05-12 09:31:36.300,5100.6000,11134,0,94893800.000,0,-,-,-,-,5099.2000,5098.0000,5091.0000,5087.0000,5080.0000,5101.6000,5101.8000,5102.0000,5103.0000,5105.0000,1,1,2,1,2,2,2,1,1,2
SF,IC2012,2020-05-12 09:31:36.800,5101.6000,11134,0,95914120.000,1,0,1,多换,S,5099.4000,5099.2000,5098.0000,5091.0000,5087.0000,5101.6000,5101.8000,5102.0000,5103.0000,5105.0000,1,1,1,2,1,1,2,1,1,2
SF,IC2012,2020-05-12 09:31:37.300,5101.8000,11132,-2,97954800.000,2,0,2,双平,S,5099.4000,5099.2000,5098.0000,5091.0000,5087.0000,5101.8000,5102.0000,5103.0000,5105.0000,5105.4000,1,1,1,2,1,1,1,1,2,1
SF,IC2012,2020-05-12 09:31:37.800,5101.8000,11132,0,98975160.000,1,0,1,多换,S,5099.4000,5099.2000,5098.0000,5091.0000,5087.0000,5103.0000,5105.0000,5105.4000,5106.0000,5116.0000,1,1,1,2,1,1,2,1,4,1
SF,IC2012,2020-05-12 09:31:38.300,5101.8000,11132,0,98975160.000,0,-,-,-,-,5099.6000,5099.4000,5098.0000,5091.0000,5087.0000,5102.8000,5103.0000,5105.0000,5105.4000,5106.0000,1,1,1,2,1,1,1,2,1,4
SF,IC2012,2020-05-12 09:31:38.800,5101.8000,11132,0,98975160.000,0,-,-,-,-,5100.0000,5099.8000,5099.6000,5098.0000,5091.0000,5102.8000,5103.0000,5105.0000,5105.4000,5106.0000,1,1,2,1,2,1,1,2,1,4
SF,IC2012,2020-05-12 09:31:39.300,5101.8000,11132,0,98975160.000,0,-,-,-,-,5100.2000,5100.0000,5099.8000,5098.0000,5091.0000,5102.8000,5103.0000,5105.0000,5105.4000,5106.0000,2,1,1,1,2,1,1,2,1,4
SF,IC2012,2020-05-12 09:31:39.800,5101.8000,11132,0,98975160.000,0,-,-,-,-,5100.2000,5100.0000,5099.8000,5098.0000,5091.0000,5100.4000,5103.0000,5105.0000,5105.4000,5106.0000,2,1,1,1,2,1,1,2,1,4
SF,IC2012,2020-05-12 09:31:40.300,5100.4000,11132,0,99995240.000,1,0,1,多换,S,5100.4000,5100.0000,5099.8000,5098.0000,5091.0000,5103.0000,5105.0000,5105.4000,5106.0000,5116.0000,2,1,1,1,2,1,2,1,4,1
SF,IC2012,2020-05-12 09:31:40.800,5100.4000,11132,0,99995240.000,0,-,-,-,-,5100.6000,5100.4000,5098.0000,5091.0000,5087.0000,5103.0000,5105.0000,5105.4000,5106.0000,5116.0000,1,2,1,2,1,1,2,1,4,1
SF,IC2012,2020-05-12 09:31:41.300,5100.4000,11132,0,99995240.000,0,-,-,-,-,5100.8000,5100.6000,5098.0000,5091.0000,5087.0000,5102.8000,5103.0000,5105.0000,5105.4000,5106.0000,1,2,1,2,1,1,1,2,1,4
SF,IC2012,2020-05-12 09:31:42.300,5100.4000,11132,0,99995240.000,0,-,-,-,-,5100.6000,5098.0000,5091.0000,5087.0000,5080.0000,5102.8000,5103.0000,5105.0000,5105.4000,5106.0000,1,1,2,1,2,1,1,2,1,4
SF,IC2012,2020-05-12 09:31:42.800,5100.4000,11132,0,99995240.000,0,-,-,-,-,5101.2000,5098.0000,5091.0000,5087.0000,5080.0000,5102.6000,5102.8000,5103.0000,5105.0000,5105.4000,1,1,2,1,2,1,1,1,2,1
SF,IC2012,2020-05-12 09:31:43.300,5101.2000,11132,0,101015480.000,1,0,1,多换,S,5098.0000,5091.0000,5087.0000,5080.0000,5079.0000,5102.4000,5102.6000,5103.0000,5105.0000,5105.4000,1,2,1,2,1,1,1,1,2,1
SF,IC2012,2020-05-12 09:31:43.800,5101.2000,11132,0,101015480.000,0,-,-,-,-,5098.2000,5098.0000,5091.0000,5087.0000,5080.0000,5102.4000,5102.6000,5103.0000,5105.0000,5105.4000,2,1,2,1,2,1,1,1,2,1
SF,IC2012,2020-05-12 09:31:44.300,5101.2000,11132,0,101015480.000,0,-,-,-,-,5098.2000,5098.0000,5091.0000,5087.0000,5080.0000,5102.4000,5103.0000,5105.0000,5105.4000,5106.0000,2,1,2,1,2,1,1,2,1,4
SF,IC2012,2020-05-12 09:31:44.800,5101.2000,11132,0,101015480.000,0,-,-,-,-,5099.4000,5099.2000,5098.8000,5098.2000,5098.0000,5102.4000,5103.0000,5105.0000,5105.4000,5106.0000,1,1,2,2,1,1,1,2,1,4
SF,IC2012,2020-05-12 09:31:45.300,5101.2000,11132,0,101015480.000,0,-,-,-,-,5102.4000,5099.6000,5099.4000,5099.2000,5098.8000,5103.0000,5105.0000,5105.4000,5106.0000,5116.0000,1,2,1,1,2,1,2,1,4,1
SF,IC2012,2020-05-12 09:31:45.800,5102.4000,11132,0,102035960.000,1,0,1,多换,S,5099.6000,5099.4000,5099.2000,5098.8000,5098.0000,5102.8000,5103.0000,5105.0000,5105.4000,5106.0000,2,1,1,2,1,1,1,2,1,4
SF,IC2012,2020-05-12 09:31:46.300,5102.4000,11132,0,102035960.000,0,-,-,-,-,5099.8000,5099.6000,5099.4000,5098.8000,5098.0000,5103.0000,5105.0000,5105.4000,5106.0000,5116.0000,1,2,1,1,1,1,2,1,4,1
SF,IC2012,2020-05-12 09:31:46.800,5102.4000,11132,0,102035960.000,0,-,-,-,-,5100.4000,5100.0000,5099.8000,5098.8000,5098.0000,5103.0000,5105.0000,5105.4000,5106.0000,5116.0000,1,2,1,1,1,1,2,1,4,1
SF,IC2012,2020-05-12 09:31:47.300,5102.4000,11132,0,102035960.000,0,-,-,-,-,5100.6000,5100.4000,5100.0000,5099.8000,5098.8000,5103.0000,5105.0000,5105.4000,5106.0000,5116.0000,1,1,1,1,1,1,2,1,4,1
SF,IC2012,2020-05-12 09:31:47.800,5103.0000,11132,0,103056560.000,1,0,1,多换,S,5100.8000,5100.6000,5100.4000,5100.0000,5098.8000,5105.0000,5105.4000,5106.0000,5116.0000,5118.0000,1,1,1,1,1,2,1,4,1,1
SF,IC2012,2020-05-12 09:31:48.300,5103.0000,11132,0,103056560.000,0,-,-,-,-,5101.0000,5100.8000,5100.4000,5100.0000,5098.8000,5105.0000,5105.4000,5106.0000,5116.0000,5118.0000,2,1,1,5,1,2,1,4,1,1
SF,IC2012,2020-05-12 09:31:48.800,5101.0000,11132,0,108157720.000,5,2,3,多换,S,5101.6000,5101.0000,5100.8000,5100.0000,5098.8000,5104.8000,5105.0000,5105.4000,5106.0000,5116.0000,1,1,1,5,1,2,2,1,4,1
SF,IC2012,2020-05-12 09:31:49.300,5101.0000,11132,0,108157720.000,0,-,-,-,-,5101.8000,5101.6000,5100.8000,5100.0000,5098.8000,5104.8000,5105.0000,5105.4000,5106.0000,5116.0000,1,1,1,5,1,2,2,1,4,1
SF,IC2012,2020-05-12 09:31:49.800,5101.0000,11132,0,108157720.000,0,-,-,-,-,5101.8000,5101.6000,5100.8000,5100.0000,5098.8000,5104.8000,5105.0000,5105.4000,5106.0000,5116.0000,1,1,1,5,1,2,2,1,4,1
SF,IC2012,2020-05-12 09:31:50.300,5101.0000,11132,0,108157720.000,0,-,-,-,-,5102.0000,5101.8000,5101.6000,5101.2000,5100.0000,5104.6000,5104.8000,5105.0000,5105.4000,5106.0000,2,1,2,1,5,1,1,2,1,4
SF,IC2012,2020-05-12 09:31:50.800,5104.6000,11132,0,109178640.000,1,0,1,多换,S,5102.2000,5102.0000,5101.6000,5101.2000,5100.8000,5104.8000,5105.0000,5105.4000,5106.0000,5116.0000,1,2,2,1,1,1,2,1,4,1
SF,IC2012,2020-05-12 09:31:51.300,5104.6000,11132,0,109178640.000,0,-,-,-,-,5102.4000,5102.2000,5101.6000,5101.2000,5100.8000,5104.6000,5104.8000,5105.0000,5105.4000,5106.0000,1,2,2,1,1,1,1,2,1,4
SF,IC2012,2020-05-12 09:31:51.800,5104.6000,11132,0,109178640.000,0,-,-,-,-,5102.6000,5102.4000,5102.2000,5101.6000,5101.2000,5104.6000,5104.8000,5105.0000,5105.4000,5106.0000,2,1,1,1,1,1,1,2,1,4
SF,IC2012,2020-05-12 09:31:52.300,5104.6000,11132,0,109178640.000,0,-,-,-,-,5102.6000,5102.4000,5101.6000,5101.2000,5100.2000,5103.6000,5105.0000,5105.4000,5106.0000,5116.0000,2,1,1,1,1,1,2,1,4,1
SF,IC2012,2020-05-12 09:31:52.800,5103.6000,11132,0,110199360.000,1,0,1,多换,S,5103.6000,5102.6000,5101.6000,5101.2000,5100.2000,5105.0000,5105.4000,5106.0000,5116.0000,5118.0000,1,1,1,1,1,2,1,4,1,1
SF,IC2012,2020-05-12 09:31:53.300,5103.6000,11132,0,110199360.000,0,-,-,-,-,5103.8000,5103.6000,5101.6000,5101.2000,5100.2000,5105.0000,5105.4000,5106.0000,5116.0000,5118.0000,3,1,1,1,1,2,1,4,1,1
SF,IC2012,2020-05-12 09:31:53.800,5103.8000,11131,-1,111220120.000,1,0,1,双平,S,5103.8000,5101.6000,5101.2000,5100.2000,5100.0000,5104.8000,5105.0000,5105.4000,5106.0000,5116.0000,1,1,1,1,5,1,2,1,4,1
SF,IC2012,2020-05-12 09:31:54.300,5103.8000,11131,0,111220120.000,0,-,-,-,-,5103.8000,5101.6000,5101.2000,5100.2000,5100.0000,5104.8000,5105.0000,5105.4000,5106.0000,5116.0000,1,1,1,1,5,1,2,1,4,1
SF,IC2012,2020-05-12 09:31:54.800,5104.8000,11130,-1,112241080.000,1,0,1,双平,S,5103.8000,5101.6000,5101.2000,5100.2000,5100.0000,5105.0000,5105.4000,5106.0000,5116.0000,5118.0000,1,1,1,1,5,2,1,4,1,1
SF,IC2012,2020-05-12 09:31:55.300,5105.0000,11130,0,114283080.000,2,1,1,多换,S,5103.8000,5101.6000,5101.2000,5100.2000,5100.0000,5105.4000,5106.0000,5116.0000,5118.0000,5119.6000,1,1,1,1,5,1,4,1,1,1
SF,IC2012,2020-05-12 09:31:55.800,5105.0000,11130,0,114283080.000,0,-,-,-,-,5104.0000,5103.8000,5101.6000,5101.2000,5100.0000,5105.4000,5106.0000,5116.0000,5118.0000,5119.6000,1,1,1,1,5,1,4,1,1,1
SF,IC2012,2020-05-12 09:31:56.300,5105.4000,11130,0,115304160.000,1,0,1,多换,S,5104.2000,5104.0000,5101.6000,5101.2000,5100.0000,5106.0000,5116.0000,5118.0000,5119.6000,5119.8000,1,1,1,1,5,4,1,1,1,1
SF,IC2012,2020-05-12 09:31:57.300,5104.2000,11129,-1,116325000.000,1,0,1,双平,S,5101.6000,5101.2000,5100.0000,5099.4000,5098.2000,5106.0000,5116.0000,5118.0000,5119.6000,5119.8000,1,1,5,1,5,4,1,1,1,1
SF,IC2012,2020-05-12 09:31:57.800,5104.2000,11129,0,116325000.000,0,-,-,-,-,5101.8000,5101.6000,5101.2000,5100.0000,5099.4000,5104.2000,5105.8000,5106.0000,5116.0000,5118.0000,1,1,1,5,1,2,1,4,1,1
SF,IC2012,2020-05-12 09:31:58.800,5104.2000,11129,0,116325000.000,0,-,-,-,-,5101.8000,5101.6000,5101.2000,5100.0000,5099.4000,5104.2000,5105.8000,5106.0000,5116.0000,5118.0000,1,1,1,5,1,2,1,4,1,1
SF,IC2012,2020-05-12 09:31:59.300,5104.2000,11129,0,116325000.000,0,-,-,-,-,5101.8000,5101.6000,5101.2000,5100.0000,5099.4000,5104.2000,5105.8000,5106.0000,5116.0000,5118.0000,1,1,1,5,1,2,1,4,1,1
SF,IC2012,2020-05-12 09:31:59.800,5104.2000,11129,0,116325000.000,0,-,-,-,-,5104.2000,5102.0000,5101.8000,5101.6000,5101.2000,5105.8000,5106.0000,5116.0000,5118.0000,5119.6000,4,2,1,1,1,1,4,1,1,1
SF,IC2012,2020-05-12 09:32:00.300,5104.2000,11129,0,116325000.000,0,-,-,-,-,5104.2000,5102.2000,5102.0000,5101.8000,5101.6000,5105.6000,5106.0000,5116.0000,5118.0000,5119.6000,4,1,2,1,1,1,4,1,1,1
SF,IC2012,2020-05-12 09:32:00.800,5104.2000,11129,0,116325000.000,0,-,-,-,-,5104.2000,5102.0000,5101.8000,5101.6000,5101.2000,5105.6000,5106.0000,5116.0000,5118.0000,5119.6000,2,2,1,1,1,2,4,1,1,1
SF,IC2012,2020-05-12 09:32:01.300,5104.2000,11127,-2,119387520.000,3,0,3,多平,S,5102.0000,5101.8000,5101.6000,5101.2000,5100.0000,5105.4000,5105.6000,5106.0000,5116.0000,5118.0000,2,1,1,1,5,3,2,4,1,1
SF,IC2012,2020-05-12 09:32:01.800,5104.2000,11127,0,119387520.000,0,-,-,-,-,5102.2000,5102.0000,5101.6000,5101.2000,5100.0000,5105.2000,5105.4000,5105.6000,5106.0000,5116.0000,1,2,1,1,5,2,3,2,4,1
SF,IC2012,2020-05-12 09:32:02.300,5104.2000,11127,0,119387520.000,0,-,-,-,-,5102.2000,5102.0000,5101.6000,5101.2000,5100.0000,5105.0000,5105.2000,5105.6000,5106.0000,5116.0000,1,2,1,1,5,1,3,2,4,1
SF,IC2012,2020-05-12 09:32:02.800,5104.2000,11127,0,119387520.000,0,-,-,-,-,5102.2000,5102.0000,5101.6000,5101.2000,5100.0000,5104.8000,5105.0000,5105.2000,5105.6000,5106.0000,1,2,1,1,5,2,1,2,1,4
SF,IC2012,2020-05-12 09:32:03.300,5104.2000,11127,0,119387520.000,0,-,-,-,-,5102.4000,5102.2000,5101.6000,5101.2000,5100.0000,5104.6000,5104.8000,5105.2000,5105.6000,5106.0000,1,1,1,1,5,1,2,2,1,4
SF,IC2012,2020-05-12 09:32:03.800,5104.2000,11127,0,119387520.000,0,-,-,-,-,5102.6000,5102.4000,5101.6000,5101.2000,5100.0000,5104.8000,5105.2000,5105.6000,5106.0000,5116.0000,1,1,1,1,5,2,2,1,4,1
SF,IC2012,2020-05-12 09:32:04.300,5104.2000,11127,0,119387520.000,0,-,-,-,-,5102.6000,5102.4000,5101.6000,5101.2000,5100.0000,5104.8000,5105.2000,5105.6000,5106.0000,5116.0000,1,1,1,1,5,1,1,1,4,1
SF,IC2012,2020-05-12 09:32:04.800,5104.8000,11125,-2,121429440.000,2,0,2,双平,S,5104.8000,5102.8000,5102.6000,5102.4000,5101.6000,5105.2000,5105.6000,5106.0000,5116.0000,5118.0000,2,1,1,1,1,1,1,4,1,1
SF,IC2012,2020-05-12 09:32:05.300,5105.6000,11124,-1,123471600.000,2,0,2,多平,S,5105.2000,5103.6000,5102.8000,5102.6000,5101.6000,5106.0000,5116.0000,5118.0000,5119.6000,5119.8000,1,1,3,1,1,4,1,1,1,1
SF,IC2012,2020-05-12 09:32:05.800,5105.6000,11124,0,123471600.000,0,-,-,-,-,5105.2000,5103.6000,5102.8000,5102.6000,5101.6000,5106.0000,5116.0000,5118.0000,5119.6000,5119.8000,1,1,2,1,1,4,1,1,1,1
SF,IC2012,2020-05-12 09:32:06.300,5106.0000,11125,1,124492800.000,1,1,0,双开,S,5105.2000,5103.6000,5102.8000,5102.6000,5101.6000,5106.0000,5116.0000,5118.0000,5119.6000,5119.8000,1,1,2,1,1,3,1,1,1,1
SF,IC2012,2020-05-12 09:32:07.300,5105.2000,11124,-1,125513840.000,1,0,1,双平,S,5103.6000,5102.8000,5102.6000,5101.6000,5101.2000,5106.0000,5116.0000,5118.0000,5119.6000,5119.8000,1,2,1,1,1,3,1,1,1,1
SF,IC2012,2020-05-12 09:32:07.800,5105.2000,11124,0,125513840.000,0,-,-,-,-,5103.8000,5103.6000,5102.8000,5101.6000,5101.2000,5106.0000,5116.0000,5118.0000,5119.6000,5119.8000,1,1,2,1,1,3,1,1,1,1
SF,IC2012,2020-05-12 09:32:08.800,5105.2000,11124,0,125513840.000,0,-,-,-,-,5104.0000,5103.8000,5102.8000,5101.6000,5101.2000,5106.0000,5116.0000,5118.0000,5119.6000,5119.8000,1,1,2,1,1,3,1,1,1,1
SF,IC2012,2020-05-12 09:32:09.300,5105.2000,11124,0,125513840.000,0,-,-,-,-,5104.2000,5104.0000,5101.6000,5101.2000,5100.0000,5106.0000,5116.0000,5118.0000,5119.6000,5119.8000,3,2,1,1,5,3,1,1,1,1
SF,IC2012,2020-05-12 09:32:09.800,5106.0000,11124,0,128577440.000,3,1,2,多换,S,5104.4000,5104.2000,5104.0000,5101.6000,5101.2000,5116.0000,5118.0000,5119.6000,5119.8000,5129.0000,1,2,1,1,1,1,1,1,1,1
SF,IC2012,2020-05-12 09:32:10.300,5106.0000,11124,0,128577440.000,0,-,-,-,-,5104.8000,5104.6000,5104.4000,5104.0000,5101.6000,5113.2000,5115.6000,5115.8000,5116.0000,5118.0000,1,2,2,1,1,1,6,1,1,1
SF,IC2012,2020-05-12 09:32:10.800,5106.0000,11124,0,128577440.000,0,-,-,-,-,5105.0000,5104.6000,5104.4000,5101.6000,5101.2000,5110.6000,5113.0000,5113.2000,5115.6000,5115.8000,2,1,1,1,1,1,1,1,7,1
SF,IC2012,2020-05-12 09:32:11.300,5106.0000,11124,0,128577440.000,0,-,-,-,-,5105.4000,5105.2000,5105.0000,5104.6000,5104.4000,5110.4000,5110.6000,5113.2000,5115.6000,5115.8000,1,1,1,1,1,2,1,1,7,1
SF,IC2012,2020-05-12 09:32:11.800,5106.0000,11124,0,128577440.000,0,-,-,-,-,5105.6000,5105.4000,5105.2000,5104.6000,5104.4000,5110.4000,5110.6000,5113.2000,5115.6000,5116.0000,1,1,1,1,1,2,1,1,7,1
SF,IC2012,2020-05-12 09:32:12.300,5106.0000,11124,0,128577440.000,0,-,-,-,-,5105.8000,5105.6000,5104.4000,5101.6000,5101.2000,5110.4000,5110.6000,5113.2000,5115.6000,5116.0000,3,1,1,1,1,2,1,1,7,1
SF,IC2012,2020-05-12 09:32:12.800,5106.0000,11124,0,128577440.000,0,-,-,-,-,5106.2000,5106.0000,5105.8000,5104.4000,5101.6000,5110.0000,5110.4000,5113.2000,5115.6000,5116.0000,2,1,3,1,1,1,2,1,7,1
SF,IC2012,2020-05-12 09:32:13.300,5106.0000,11124,0,128577440.000,0,-,-,-,-,5106.4000,5106.2000,5105.8000,5104.4000,5101.6000,5109.8000,5110.0000,5113.2000,5115.6000,5116.0000,1,2,2,1,1,1,1,1,7,1
SF,IC2012,2020-05-12 09:32:13.800,5106.0000,11124,0,128577440.000,0,-,-,-,-,5106.4000,5106.2000,5101.6000,5101.2000,5100.0000,5109.6000,5109.8000,5110.0000,5113.2000,5115.6000,1,2,1,1,5,1,1,1,1,7
SF,IC2012,2020-05-12 09:32:14.300,5106.0000,11124,0,128577440.000,0,-,-,-,-,5106.4000,5101.6000,5101.2000,5100.0000,5099.2000,5109.4000,5109.6000,5110.0000,5113.2000,5116.0000,2,1,1,5,1,1,1,1,1,1
SF,IC2012,2020-05-12 09:32:14.800,5106.0000,11124,0,128577440.000,0,-,-,-,-,5106.8000,5106.4000,5101.6000,5101.2000,5100.0000,5109.2000,5109.4000,5110.0000,5113.2000,5116.0000,1,2,1,1,5,1,1,1,1,1
SF,IC2012,2020-05-12 09:32:15.300,5106.0000,11124,0,128577440.000,0,-,-,-,-,5107.2000,5107.0000,5106.6000,5101.6000,5101.2000,5109.2000,5109.4000,5110.0000,5116.0000,5118.0000,1,1,3,1,1,1,1,1,1,1
SF,IC2012,2020-05-12 09:32:15.800,5106.0000,11124,0,128577440.000,0,-,-,-,-,5107.4000,5106.6000,5101.6000,5101.2000,5100.0000,5110.0000,5116.0000,5118.0000,5119.6000,5119.8000,3,2,1,1,5,1,1,1,1,1
SF,IC2012,2020-05-12 09:32:16.300,5109.8000,11123,-1,129599400.000,1,0,1,双平,S,5109.2000,5107.4000,5101.6000,5101.2000,5100.0000,5116.0000,5118.0000,5119.6000,5119.8000,5129.0000,1,5,1,1,5,1,1,1,1,1
SF,IC2012,2020-05-12 09:32:16.800,5109.2000,11123,0,130621240.000,1,0,1,多换,S,5107.4000,5101.6000,5101.2000,5100.0000,5099.2000,5115.4000,5115.8000,5116.0000,5118.0000,5119.6000,1,1,1,5,1,1,3,1,1,1
SF,IC2012,2020-05-12 09:32:17.300,5109.2000,11123,0,130621240.000,0,-,-,-,-,5107.6000,5107.4000,5101.6000,5101.2000,5100.0000,5115.2000,5115.4000,5115.8000,5116.0000,5118.0000,1,1,1,1,5,2,1,1,1,1
SF,IC2012,2020-05-12 09:32:17.800,5109.2000,11123,0,130621240.000,0,-,-,-,-,5107.6000,5107.4000,5101.6000,5101.2000,5100.0000,5114.4000,5115.0000,5115.2000,5115.4000,5115.8000,1,1,1,1,5,1,1,2,1,1
SF,IC2012,2020-05-12 09:32:18.300,5109.2000,11123,0,130621240.000,0,-,-,-,-,5107.8000,5107.6000,5101.6000,5101.2000,5100.0000,5113.6000,5114.2000,5114.4000,5114.8000,5115.2000,2,1,1,1,5,1,2,1,1,1
SF,IC2012,2020-05-12 09:32:18.800,5113.4000,11122,-1,131643920.000,1,0,1,双平,S,5108.0000,5107.8000,5101.6000,5101.2000,5100.0000,5114.4000,5114.8000,5115.2000,5115.4000,5116.0000,2,2,1,1,5,1,1,1,1,1
SF,IC2012,2020-05-12 09:32:19.300,5114.2000,11121,-1,132666760.000,1,0,1,双平,S,5108.2000,5108.0000,5107.8000,5101.6000,5101.2000,5114.4000,5114.8000,5115.4000,5116.0000,5118.0000,1,2,2,1,1,1,1,1,1,1
SF,IC2012,2020-05-12 09:32:19.800,5114.2000,11120,-1,133689600.000,1,0,1,双平,S,5109.0000,5108.4000,5108.2000,5101.6000,5101.2000,5115.4000,5116.0000,5118.0000,5119.6000,5119.8000,2,2,1,1,1,1,1,1,1,1
SF,IC2012,2020-05-12 09:32:20.300,5114.2000,11120,0,133689600.000,0,-,-,-,-,5109.2000,5109.0000,5108.2000,5101.6000,5101.2000,5116.0000,5118.0000,5119.6000,5119.8000,5129.0000,2,2,1,1,1,1,1,1,1,1
SF,IC2012,2020-05-12 09:32:20.800,5114.8000,11119,-1,134712560.000,1,0,1,双平,S,5109.4000,5109.2000,5109.0000,5101.6000,5100.0000,5115.8000,5116.0000,5118.0000,5119.6000,5119.8000,1,2,2,1,5,1,1,1,1,1
SF,IC2012,2020-05-12 09:32:21.300,5114.8000,11119,0,134712560.000,0,-,-,-,-,5109.6000,5109.4000,5109.0000,5101.6000,5100.0000,5115.8000,5116.0000,5118.0000,5119.6000,5119.8000,2,1,2,1,5,1,1,1,1,1
SF,IC2012,2020-05-12 09:32:21.800,5114.8000,11119,0,134712560.000,0,-,-,-,-,5110.0000,5109.8000,5109.6000,5101.6000,5100.0000,5115.2000,5115.8000,5116.0000,5118.0000,5119.6000,2,1,2,1,5,1,1,1,1,1
SF,IC2012,2020-05-12 09:32:22.300,5114.8000,11119,0,134712560.000,0,-,-,-,-,5110.2000,5110.0000,5109.8000,5101.6000,5100.0000,5114.0000,5115.2000,5115.4000,5115.6000,5116.0000,2,2,1,1,5,1,1,1,1,1
SF,IC2012,2020-05-12 09:32:22.800,5114.8000,11119,0,134712560.000,0,-,-,-,-,5110.2000,5101.6000,5100.0000,5098.2000,5098.0000,5113.8000,5114.0000,5114.8000,5115.2000,5115.6000,2,1,5,5,1,1,1,1,1,1
SF,IC2012,2020-05-12 09:32:23.300,5114.8000,11119,0,134712560.000,0,-,-,-,-,5110.2000,5101.6000,5100.0000,5098.2000,5098.0000,5113.2000,5113.8000,5114.6000,5115.2000,5116.0000,1,1,5,5,1,1,1,1,1,1
SF,IC2012,2020-05-12 09:32:23.800,5114.8000,11119,0,134712560.000,0,-,-,-,-,5110.4000,5110.2000,5101.6000,5100.0000,5098.2000,5113.2000,5114.6000,5115.2000,5116.0000,5118.0000,1,1,1,5,5,1,2,1,1,1
SF,IC2012,2020-05-12 09:32:24.300,5114.8000,11119,0,134712560.000,0,-,-,-,-,5110.6000,5110.4000,5101.6000,5100.0000,5098.2000,5112.8000,5113.0000,5113.2000,5114.6000,5115.2000,1,1,1,5,5,1,1,1,2,1
SF,IC2012,2020-05-12 09:32:24.800,5114.8000,11119,0,134712560.000,0,-,-,-,-,5101.6000,5100.0000,5098.2000,5098.0000,5091.0000,5110.6000,5112.6000,5112.8000,5113.2000,5114.6000,1,5,5,1,2,1,1,1,1,3
SF,IC2012,2020-05-12 09:32:25.300,5114.8000,11119,0,134712560.000,0,-,-,-,-,5101.8000,5101.6000,5100.0000,5098.2000,5098.0000,5110.6000,5113.0000,5113.2000,5114.6000,5115.2000,8,1,5,5,1,1,1,1,3,2
SF,IC2012,2020-05-12 09:32:25.800,5114.8000,11119,0,134712560.000,0,-,-,-,-,5102.0000,5101.8000,5101.6000,5100.0000,5098.2000,5106.2000,5110.6000,5113.0000,5113.2000,5114.4000,1,1,1,5,5,1,1,1,1,1
SF,IC2012,2020-05-12 09:32:26.300,5107.2000,11119,0,135734000.000,1,0,1,多换,S,5106.2000,5105.4000,5105.0000,5104.2000,5102.8000,5113.0000,5113.2000,5114.4000,5114.6000,5115.2000,2,1,3,1,1,1,1,1,3,1
SF,IC2012,2020-05-12 09:32:26.800,5107.2000,11119,0,135734000.000,0,-,-,-,-,5106.4000,5106.2000,5105.4000,5105.0000,5104.6000,5113.0000,5113.2000,5114.4000,5114.6000,5115.2000,1,2,1,3,1,1,1,1,2,1
SF,IC2012,2020-05-12 09:32:27.300,5107.2000,11119,0,135734000.000,0,-,-,-,-,5107.0000,5106.6000,5106.4000,5105.4000,5105.0000,5112.8000,5113.0000,5113.2000,5114.4000,5114.6000,1,3,1,1,3,1,1,1,1,2
SF,IC2012,2020-05-12 09:32:27.800,5107.2000,11119,0,135734000.000,0,-,-,-,-,5107.2000,5107.0000,5106.6000,5105.0000,5104.6000,5112.8000,5113.0000,5113.2000,5114.4000,5114.6000,2,3,4,1,1,1,1,1,1,2
SF,IC2012,2020-05-12 09:32:28.300,5107.2000,11119,0,135734000.000,0,-,-,-,-,5107.4000,5107.2000,5107.0000,5106.6000,5105.0000,5112.8000,5113.0000,5113.2000,5114.4000,5114.6000,1,4,3,1,1,1,1,1,1,3
SF,IC2012,2020-05-12 09:32:28.800,5107.2000,11119,0,135734000.000,0,-,-,-,-,5108.4000,5108.0000,5107.6000,5107.4000,5107.2000,5112.8000,5113.0000,5114.4000,5114.6000,5115.2000,1,1,2,1,1,1,1,1,3,1
SF,IC2012,2020-05-12 09:32:29.300,5107.2000,11119,0,135734000.000,0,-,-,-,-,5108.6000,5108.4000,5108.0000,5107.8000,5107.4000,5112.8000,5113.0000,5114.4000,5114.6000,5115.2000,2,1,1,2,1,1,1,1,3,1
SF,IC2012,2020-05-12 09:32:29.800,5107.2000,11119,0,135734000.000,0,-,-,-,-,5108.6000,5108.4000,5108.0000,5107.4000,5107.2000,5112.8000,5113.0000,5114.4000,5114.6000,5115.2000,2,1,1,1,1,1,1,1,3,1
SF,IC2012,2020-05-12 09:32:30.300,5107.2000,11119,0,135734000.000,0,-,-,-,-,5108.8000,5108.6000,5108.0000,5107.4000,5107.2000,5112.8000,5113.0000,5114.4000,5114.6000,5115.2000,1,2,1,2,1,1,1,1,3,1
SF,IC2012,2020-05-12 09:32:30.800,5107.2000,11119,0,135734000.000,0,-,-,-,-,5109.2000,5109.0000,5108.8000,5108.0000,5107.4000,5114.4000,5114.6000,5115.2000,5116.0000,5118.0000,1,2,1,1,2,1,2,1,2,1
SF,IC2012,2020-05-12 09:32:31.300,5107.2000,11119,0,135734000.000,0,-,-,-,-,5109.4000,5109.2000,5108.8000,5108.2000,5108.0000,5114.2000,5114.6000,5115.2000,5116.0000,5118.0000,3,1,1,1,1,1,1,1,2,1
SF,IC2012,2020-05-12 09:32:31.800,5107.2000,11119,0,135734000.000,0,-,-,-,-,5109.4000,5109.2000,5108.8000,5108.2000,5108.0000,5114.0000,5114.2000,5115.2000,5116.0000,5118.0000,3,1,1,1,1,1,1,1,2,1
SF,IC2012,2020-05-12 09:32:32.300,5107.2000,11119,0,135734000.000,0,-,-,-,-,5109.8000,5109.4000,5109.2000,5108.8000,5108.2000,5113.8000,5114.0000,5114.2000,5115.2000,5116.0000,1,3,1,1,2,1,1,1,1,2
SF,IC2012,2020-05-12 09:32:32.800,5107.2000,11119,0,135734000.000,0,-,-,-,-,5110.0000,5109.8000,5109.4000,5108.8000,5108.2000,5113.8000,5114.0000,5114.2000,5115.2000,5116.0000,2,1,1,1,3,2,1,1,1,2
SF,IC2012,2020-05-12 09:32:33.300,5107.2000,11119,0,135734000.000,0,-,-,-,-,5110.0000,5109.4000,5108.8000,5108.2000,5108.0000,5113.6000,5113.8000,5114.0000,5115.2000,5115.8000,2,1,1,3,1,1,2,1,1,1
SF,IC2012,2020-05-12 09:32:33.800,5107.2000,11119,0,135734000.000,0,-,-,-,-,5110.4000,5110.0000,5108.8000,5108.2000,5104.4000,5113.6000,5113.8000,5114.0000,5115.2000,5115.8000,1,2,1,2,2,1,2,1,1,1
SF,IC2012,2020-05-12 09:32:34.300,5107.2000,11119,0,135734000.000,0,-,-,-,-,5110.6000,5110.4000,5108.8000,5108.6000,5108.2000,5113.6000,5113.8000,5114.0000,5115.2000,5115.8000,2,1,1,1,2,1,2,1,1,1
SF,IC2012,2020-05-12 09:32:34.800,5107.2000,11119,0,135734000.000,0,-,-,-,-,5110.6000,5110.4000,5108.8000,5108.6000,5108.2000,5113.2000,5113.6000,5113.8000,5114.0000,5115.2000,2,1,1,1,2,1,1,2,1,1
SF,IC2012,2020-05-12 09:32:35.300,5107.2000,11119,0,135734000.000,0,-,-,-,-,5110.6000,5109.0000,5108.8000,5108.2000,5104.4000,5113.2000,5113.8000,5114.0000,5115.8000,5116.0000,2,1,1,2,2,1,2,1,1,2
SF,IC2012,2020-05-12 09:32:35.800,5107.2000,11119,0,135734000.000,0,-,-,-,-,5111.0000,5110.6000,5109.0000,5108.8000,5108.2000,5113.0000,5113.2000,5113.8000,5114.0000,5115.8000,1,2,1,1,2,1,1,2,1,1
SF,IC2012,2020-05-12 09:32:36.300,5107.2000,11119,0,135734000.000,0,-,-,-,-,5111.2000,5111.0000,5110.6000,5108.8000,5108.2000,5112.8000,5113.0000,5113.8000,5114.0000,5115.8000,1,1,1,1,2,1,1,2,1,1
SF,IC2012,2020-05-12 09:32:36.800,5107.2000,11119,0,135734000.000,0,-,-,-,-,5111.2000,5109.4000,5108.8000,5108.2000,5104.4000,5114.0000,5115.8000,5116.0000,5118.0000,5119.6000,1,1,1,2,2,1,1,2,1,1
SF,IC2012,2020-05-12 09:32:37.300,5107.2000,11119,0,135734000.000,0,-,-,-,-,5111.4000,5111.2000,5109.4000,5108.8000,5108.2000,5113.6000,5113.8000,5114.0000,5116.0000,5118.0000,1,1,1,1,2,1,1,1,2,1
SF,IC2012,2020-05-12 09:32:37.800,5107.2000,11119,0,135734000.000,0,-,-,-,-,5111.6000,5109.8000,5108.8000,5108.2000,5104.4000,5113.6000,5114.0000,5116.0000,5118.0000,5119.6000,1,1,1,2,2,1,1,2,1,1
SF,IC2012,2020-05-12 09:32:38.300,5107.2000,11119,0,135734000.000,0,-,-,-,-,5111.6000,5109.8000,5108.8000,5108.2000,5104.4000,5113.4000,5114.0000,5116.0000,5118.0000,5119.6000,1,1,1,2,2,1,1,2,1,1
SF,IC2012,2020-05-12 09:32:38.800,5107.2000,11119,0,135734000.000,0,-,-,-,-,5111.8000,5111.6000,5109.8000,5108.2000,5104.4000,5113.4000,5114.0000,5116.0000,5118.0000,5119.4000,1,1,1,2,2,2,1,2,1,2
SF,IC2012,2020-05-12 09:32:39.300,5107.2000,11119,0,135734000.000,0,-,-,-,-,5112.0000,5111.8000,5108.2000,5104.4000,5103.6000,5113.2000,5113.4000,5114.0000,5116.0000,5118.0000,1,1,2,2,1,1,2,1,2,1
SF,IC2012,2020-05-12 09:32:39.800,5111.6000,11118,-1,137778640.000,2,0,2,多平,S,5110.2000,5108.2000,5104.4000,5103.6000,5101.6000,5111.2000,5111.4000,5111.8000,5113.0000,5113.2000,1,2,2,1,1,1,2,3,2,1
SF,IC2012,2020-05-12 09:32:40.300,5111.6000,11118,0,137778640.000,0,-,-,-,-,5110.2000,5108.2000,5104.4000,5103.6000,5101.6000,5111.2000,5111.4000,5111.8000,5112.0000,5113.0000,1,2,2,1,1,1,2,3,1,1
SF,IC2012,2020-05-12 09:32:40.800,5111.6000,11118,0,137778640.000,0,-,-,-,-,5110.6000,5108.2000,5104.4000,5103.6000,5101.6000,5111.2000,5111.4000,5111.8000,5112.0000,5113.0000,1,1,2,1,1,1,2,3,1,1
SF,IC2012,2020-05-12 09:32:41.300,5110.6000,11118,0,138800760.000,1,0,1,多换,S,5108.2000,5104.4000,5103.6000,5101.6000,5100.0000,5110.0000,5110.2000,5111.0000,5111.2000,5111.4000,1,2,1,1,5,1,1,1,1,2
SF,IC2012,2020-05-12 09:32:41.800,5110.6000,11118,0,139822880.000,1,0,1,多换,S,5108.4000,5104.4000,5103.6000,5101.6000,5100.0000,5109.6000,5110.0000,5110.2000,5111.0000,5111.2000,1,2,1,1,5,1,1,1,1,1
SF,IC2012,2020-05-12 09:32:42.300,5110.6000,11118,0,139822880.000,0,-,-,-,-,5108.6000,5108.4000,5104.4000,5103.6000,5101.6000,5109.6000,5110.0000,5110.2000,5111.0000,5111.2000,1,1,2,1,1,1,1,1,1,1
SF,IC2012,2020-05-12 09:32:42.800,5110.6000,11118,0,139822880.000,0,-,-,-,-,5108.8000,5108.6000,5104.4000,5103.6000,5101.6000,5109.6000,5110.0000,5110.2000,5111.0000,5111.2000,1,1,2,1,1,1,1,1,1,1
SF,IC2012,2020-05-12 09:32:43.300,5108.6000,11116,-2,142888080.000,3,0,3,多平,S,5104.4000,5103.6000,5101.6000,5100.0000,5098.2000,5108.4000,5109.6000,5110.0000,5110.2000,5111.0000,2,1,1,5,5,2,1,1,1,1
SF,IC2012,2020-05-12 09:32:43.800,5108.6000,11116,0,142888080.000,0,-,-,-,-,5104.6000,5104.4000,5103.6000,5101.6000,5100.0000,5109.6000,5110.0000,5110.2000,5111.0000,5112.0000,1,2,1,1,5,1,1,1,1,1
SF,IC2012,2020-05-12 09:32:44.300,5108.6000,11116,0,142888080.000,0,-,-,-,-,5104.8000,5104.6000,5104.4000,5103.6000,5101.6000,5109.4000,5109.6000,5110.0000,5110.2000,5112.0000,1,1,2,1,1,1,1,1,1,1
SF,IC2012,2020-05-12 09:32:44.800,5108.6000,11116,0,142888080.000,0,-,-,-,-,5105.8000,5105.4000,5105.0000,5104.8000,5104.4000,5109.4000,5109.6000,5110.0000,5110.2000,5112.0000,2,1,2,1,1,1,1,1,1,1
SF,IC2012,2020-05-12 09:32:45.300,5108.6000,11116,0,142888080.000,0,-,-,-,-,5108.8000,5106.0000,5105.8000,5105.4000,5105.0000,5109.4000,5109.6000,5110.0000,5110.2000,5112.0000,1,1,2,1,1,1,1,1,1,1
SF,IC2012,2020-05-12 09:32:45.800,5108.8000,11116,0,143909840.000,1,0,1,多换,S,5106.0000,5105.8000,5105.4000,5105.0000,5104.8000,5108.8000,5109.4000,5109.6000,5110.0000,5110.2000,1,2,1,1,1,1,1,1,1,1
SF,IC2012,2020-05-12 09:32:46.300,5108.8000,11116,0,143909840.000,0,-,-,-,-,5106.0000,5105.8000,5105.4000,5105.0000,5101.8000,5108.8000,5109.6000,5110.0000,5110.2000,5112.0000,1,2,1,1,1,1,1,1,1,1
SF,IC2012,2020-05-12 09:32:46.800,5108.8000,11116,0,143909840.000,0,-,-,-,-,5106.0000,5105.8000,5105.4000,5105.0000,5101.8000,5108.6000,5108.8000,5109.6000,5110.0000,5110.2000,1,2,1,1,1,1,1,1,1,1
SF,IC2012,2020-05-12 09:32:47.300,5108.8000,11116,0,143909840.000,0,-,-,-,-,5106.2000,5106.0000,5105.8000,5105.4000,5105.0000,5108.4000,5108.6000,5108.8000,5109.6000,5110.0000,1,1,1,1,1,1,1,1,1,1
SF,IC2012,2020-05-12 09:32:47.800,5108.8000,11116,0,143909840.000,0,-,-,-,-,5106.4000,5106.2000,5105.8000,5105.0000,5101.8000,5108.2000,5108.4000,5108.6000,5108.8000,5109.6000,1,1,1,1,1,1,1,1,1,1
SF,IC2012,2020-05-12 09:32:48.300,5108.8000,11116,0,143909840.000,0,-,-,-,-,5106.4000,5105.8000,5105.0000,5101.8000,5100.0000,5108.2000,5108.4000,5108.6000,5108.8000,5109.6000,1,1,1,1,5,1,1,1,1,1
SF,IC2012,2020-05-12 09:32:48.800,5108.8000,11116,0,143909840.000,0,-,-,-,-,5106.4000,5105.8000,5105.0000,5101.8000,5100.0000,5108.2000,5108.4000,5108.6000,5108.8000,5109.6000,1,1,1,1,5,1,1,1,1,1
SF,IC2012,2020-05-12 09:32:50.800,5106.4000,11115,-1,144931120.000,1,0,1,双平,S,5105.0000,5101.8000,5100.0000,5098.2000,5098.0000,5106.4000,5108.2000,5108.4000,5108.6000,5108.8000,1,1,5,5,1,1,1,1,1,1
SF,IC2012,2020-05-12 09:32:51.300,5106.4000,11115,0,144931120.000,0,-,-,-,-,5105.0000,5101.8000,5100.0000,5098.2000,5098.0000,5106.2000,5106.4000,5108.2000,5108.8000,5112.0000,1,1,5,5,1,2,1,1,1,1
SF,IC2012,2020-05-12 09:32:51.800,5105.0000,11114,-1,145952120.000,1,0,1,双平,S,5100.0000,5098.2000,5098.0000,5092.0000,5087.0000,5105.6000,5106.0000,5106.2000,5106.4000,5108.2000,5,5,1,1,1,1,2,3,1,1
SF,IC2012,2020-05-12 09:32:52.300,5105.0000,11114,0,145952120.000,0,-,-,-,-,5100.2000,5100.0000,5098.2000,5098.0000,5092.0000,5105.4000,5105.6000,5106.2000,5106.4000,5108.2000,1,5,5,1,1,4,1,2,1,1
SF,IC2012,2020-05-12 09:32:52.800,5105.0000,11114,0,145952120.000,0,-,-,-,-,5100.2000,5100.0000,5098.2000,5098.0000,5092.0000,5105.2000,5105.4000,5105.6000,5106.2000,5106.4000,1,5,5,1,1,1,4,1,2,1
SF,IC2012,2020-05-12 09:32:53.300,5105.0000,11114,0,145952120.000,0,-,-,-,-,5101.0000,5100.2000,5100.0000,5098.2000,5098.0000,5105.0000,5105.2000,5105.4000,5105.6000,5106.2000,1,1,5,5,1,1,1,3,1,1
SF,IC2012,2020-05-12 09:32:53.800,5105.0000,11114,0,145952120.000,0,-,-,-,-,5101.2000,5101.0000,5100.8000,5100.6000,5100.0000,5105.4000,5105.6000,5106.2000,5106.4000,5112.0000,1,1,2,1,5,3,1,1,1,1
SF,IC2012,2020-05-12 09:32:54.300,5105.0000,11114,0,145952120.000,0,-,-,-,-,5101.4000,5101.2000,5101.0000,5100.8000,5100.0000,5105.2000,5105.6000,5106.2000,5106.4000,5112.0000,1,1,1,2,5,1,1,1,1,1
SF,IC2012,2020-05-12 09:32:54.800,5105.0000,11114,0,145952120.000,0,-,-,-,-,5101.8000,5101.6000,5101.4000,5100.8000,5100.0000,5105.6000,5106.2000,5106.4000,5112.0000,5114.0000,1,1,1,1,5,1,1,1,1,1
SF,IC2012,2020-05-12 09:32:55.300,5105.0000,11114,0,145952120.000,0,-,-,-,-,5105.0000,5102.0000,5101.8000,5101.4000,5100.8000,5105.6000,5106.2000,5106.4000,5112.0000,5114.0000,15,2,1,1,1,1,1,1,1,1
SF,IC2012,2020-05-12 09:32:55.800,5105.0000,11114,0,147994120.000,2,1,1,多换,S,5105.0000,5102.6000,5102.0000,5101.8000,5100.8000,5105.4000,5105.6000,5106.2000,5106.4000,5112.0000,13,1,1,1,1,1,1,1,1,1
SF,IC2012,2020-05-12 09:32:56.300,5105.0000,11114,0,150036120.000,2,1,1,多换,S,5105.0000,5102.6000,5102.0000,5101.8000,5100.8000,5105.2000,5105.4000,5105.6000,5106.2000,5106.4000,11,1,1,1,1,3,1,1,1,1
SF,IC2012,2020-05-12 09:32:56.800,5105.0000,11114,0,157183120.000,7,3,4,多换,S,5105.0000,5102.6000,5102.0000,5101.8000,5100.8000,5105.2000,5105.4000,5106.2000,5106.4000,5112.0000,4,1,1,1,1,3,1,1,1,1
SF,IC2012,2020-05-12 09:32:57.300,5105.0000,11114,0,161267120.000,4,2,2,多换,S,5102.6000,5102.0000,5100.8000,5100.0000,5098.2000,5105.0000,5105.2000,5105.4000,5106.2000,5106.4000,1,1,1,5,5,1,3,1,1,1
SF,IC2012,2020-05-12 09:32:57.800,5105.0000,11114,0,161267120.000,0,-,-,-,-,5102.8000,5102.6000,5100.8000,5100.0000,5098.2000,5105.0000,5105.2000,5106.2000,5106.4000,5112.0000,1,1,1,5,5,1,3,1,1,1
SF,IC2012,2020-05-12 09:32:58.300,5105.0000,11114,0,162288120.000,1,0,1,多换,S,5102.8000,5102.6000,5100.8000,5100.0000,5098.2000,5106.2000,5106.4000,5112.0000,5114.0000,5114.6000,1,1,1,5,5,1,1,1,1,2
SF,IC2012,2020-05-12 09:32:58.800,5105.0000,11114,0,162288120.000,0,-,-,-,-,5102.8000,5102.6000,5100.8000,5100.0000,5098.2000,5106.2000,5106.4000,5112.0000,5114.0000,5114.6000,1,1,1,5,5,1,1,1,1,2
SF,IC2012,2020-05-12 09:32:59.300,5105.0000,11114,0,162288120.000,0,-,-,-,-,5103.4000,5103.2000,5102.8000,5100.8000,5100.0000,5106.2000,5106.4000,5112.0000,5114.0000,5114.6000,1,1,1,1,5,1,1,1,1,2
SF,IC2012,2020-05-12 09:32:59.800,5105.0000,11114,0,162288120.000,0,-,-,-,-,5104.2000,5103.6000,5103.4000,5103.2000,5100.0000,5106.2000,5106.4000,5112.0000,5114.0000,5114.6000,1,1,2,1,5,1,1,1,1,2
SF,IC2012,2020-05-12 09:33:00.300,5106.2000,11112,-2,164330560.000,2,0,2,双平,S,5104.4000,5104.2000,5103.8000,5103.4000,5100.0000,5112.0000,5114.0000,5114.6000,5116.0000,5118.0000,1,1,1,2,5,1,1,2,2,1
SF,IC2012,2020-05-12 09:33:00.800,5106.2000,11112,0,164330560.000,0,-,-,-,-,5104.6000,5104.4000,5104.2000,5103.8000,5103.4000,5111.8000,5112.0000,5114.0000,5114.6000,5116.0000,1,1,1,1,2,1,1,1,2,2
SF,IC2012,2020-05-12 09:33:01.300,5106.2000,11112,0,164330560.000,0,-,-,-,-,5105.0000,5104.8000,5104.6000,5103.8000,5103.4000,5111.8000,5112.0000,5114.0000,5114.6000,5116.0000,1,2,1,1,2,2,1,1,2,2
SF,IC2012,2020-05-12 09:33:01.800,5106.2000,11112,0,164330560.000,0,-,-,-,-,5105.2000,5105.0000,5103.8000,5103.4000,5100.0000,5110.8000,5111.8000,5112.0000,5116.0000,5118.0000,3,1,1,2,5,1,2,1,2,1
SF,IC2012,2020-05-12 09:33:02.300,5106.2000,11112,0,164330560.000,0,-,-,-,-,5105.2000,5105.0000,5103.4000,5100.0000,5098.2000,5110.6000,5110.8000,5111.8000,5112.0000,5116.0000,4,1,1,5,5,3,1,1,1,2
SF,IC2012,2020-05-12 09:33:02.800,5106.2000,11112,0,164330560.000,0,-,-,-,-,5105.2000,5105.0000,5103.4000,5100.0000,5098.2000,5110.2000,5110.4000,5110.6000,5110.8000,5111.8000,4,1,1,5,5,1,1,3,1,1
SF,IC2012,2020-05-12 09:33:03.300,5106.2000,11112,0,164330560.000,0,-,-,-,-,5105.2000,5105.0000,5103.4000,5100.0000,5098.2000,5110.0000,5110.6000,5110.8000,5111.8000,5112.0000,4,1,1,5,5,2,2,1,1,1
SF,IC2012,2020-05-12 09:33:03.800,5106.2000,11112,0,164330560.000,0,-,-,-,-,5105.2000,5105.0000,5103.4000,5100.0000,5098.2000,5107.6000,5110.0000,5110.6000,5110.8000,5111.8000,3,1,1,5,5,1,4,2,1,1
SF,IC2012,2020-05-12 09:33:04.300,5106.2000,11112,0,164330560.000,0,-,-,-,-,5105.2000,5103.4000,5100.0000,5098.2000,5098.0000,5107.4000,5107.6000,5110.0000,5110.6000,5110.8000,1,1,5,5,1,1,1,3,2,1
SF,IC2012,2020-05-12 09:33:04.800,5106.2000,11112,0,164330560.000,0,-,-,-,-,5105.2000,5103.4000,5100.0000,5098.2000,5098.0000,5107.2000,5107.6000,5110.0000,5110.6000,5110.8000,1,1,5,5,1,1,1,3,2,1
SF,IC2012,2020-05-12 09:33:05.300,5106.2000,11112,0,164330560.000,0,-,-,-,-,5103.4000,5100.0000,5098.2000,5098.0000,5092.2000,5107.0000,5107.2000,5107.6000,5110.0000,5110.6000,1,5,5,1,1,1,1,1,3,2
SF,IC2012,2020-05-12 09:33:05.800,5106.2000,11112,0,164330560.000,0,-,-,-,-,5103.6000,5103.4000,5100.0000,5098.2000,5098.0000,5107.0000,5107.2000,5107.6000,5110.0000,5110.6000,1,1,5,5,1,1,1,1,3,2
SF,IC2012,2020-05-12 09:33:06.300,5106.2000,11112,0,164330560.000,0,-,-,-,-,5104.8000,5103.6000,5103.4000,5100.0000,5098.2000,5106.8000,5107.2000,5107.6000,5110.0000,5110.6000,1,1,1,5,5,2,1,1,3,2
SF,IC2012,2020-05-12 09:33:06.800,5106.2000,11112,0,164330560.000,0,-,-,-,-,5105.0000,5104.8000,5104.0000,5103.4000,5100.0000,5106.8000,5107.2000,5107.6000,5110.0000,5110.6000,1,1,1,1,5,1,1,1,3,2
SF,IC2012,2020-05-12 09:33:07.300,5106.8000,11111,-1,165351920.000,1,0,1,双平,S,5106.8000,5105.0000,5104.8000,5104.0000,5103.4000,5107.2000,5107.6000,5110.0000,5110.6000,5111.0000,1,1,1,1,1,1,1,3,2,1
SF,IC2012,2020-05-12 09:33:07.800,5106.8000,11110,-1,166373280.000,1,0,1,双平,S,5105.0000,5104.8000,5104.0000,5103.4000,5100.0000,5107.2000,5107.6000,5110.0000,5110.6000,5111.0000,1,1,1,1,5,1,1,2,2,1
SF,IC2012,2020-05-12 09:33:08.300,5107.6000,11109,-1,168416240.000,2,0,2,多平,S,5107.2000,5105.0000,5104.8000,5104.0000,5103.4000,5110.0000,5110.6000,5111.0000,5111.8000,5112.0000,1,1,1,1,1,2,2,1,1,1
SF,IC2012,2020-05-12 09:33:08.800,5107.6000,11109,0,168416240.000,0,-,-,-,-,5107.2000,5105.4000,5104.0000,5103.4000,5100.0000,5109.6000,5109.8000,5110.0000,5110.6000,5111.0000,1,1,1,1,5,2,1,2,2,1
SF,IC2012,2020-05-12 09:33:09.300,5107.6000,11109,0,168416240.000,0,-,-,-,-,5107.2000,5105.4000,5104.0000,5103.4000,5100.0000,5109.2000,5109.4000,5110.0000,5110.6000,5111.0000,1,1,1,1,5,2,1,2,2,1
SF,IC2012,2020-05-12 09:33:09.800,5107.6000,11109,0,168416240.000,0,-,-,-,-,5105.4000,5104.0000,5103.4000,5100.0000,5098.2000,5109.0000,5110.0000,5110.6000,5111.0000,5111.8000,1,1,1,5,5,3,2,2,1,1
SF,IC2012,2020-05-12 09:33:10.300,5107.6000,11109,0,168416240.000,0,-,-,-,-,5105.6000,5105.4000,5104.0000,5103.4000,5100.0000,5109.0000,5110.0000,5110.6000,5111.0000,5111.8000,1,1,1,1,5,3,2,2,1,1
SF,IC2012,2020-05-12 09:33:10.800,5107.6000,11109,0,168416240.000,0,-,-,-,-,5105.6000,5105.4000,5104.0000,5103.4000,5100.0000,5109.0000,5110.0000,5110.6000,5111.0000,5111.8000,1,1,1,1,5,1,2,2,1,1
SF,IC2012,2020-05-12 09:33:12.300,5107.6000,11109,0,168416240.000,0,-,-,-,-,5105.8000,5105.6000,5105.4000,5104.0000,5100.0000,5109.0000,5110.0000,5110.6000,5111.0000,5111.8000,1,1,1,1,5,1,2,2,1,1
SF,IC2012,2020-05-12 09:33:12.800,5107.6000,11109,0,168416240.000,0,-,-,-,-,5106.6000,5106.0000,5105.8000,5105.4000,5100.0000,5109.0000,5110.0000,5110.6000,5111.0000,5112.0000,1,2,1,1,5,1,2,2,1,1
SF,IC2012,2020-05-12 09:33:13.300,5109.0000,11108,-1,169438040.000,1,0,1,双平,S,5106.8000,5106.6000,5106.2000,5106.0000,5105.8000,5110.0000,5110.6000,5111.0000,5112.0000,5116.0000,1,1,1,1,1,2,2,1,1,2
SF,IC2012,2020-05-12 09:33:13.800,5109.0000,11108,0,169438040.000,0,-,-,-,-,5107.0000,5106.8000,5106.6000,5106.2000,5105.8000,5109.6000,5109.8000,5110.0000,5110.6000,5111.0000,1,1,1,1,1,1,1,2,2,1
SF,IC2012,2020-05-12 09:33:14.300,5109.0000,11108,0,169438040.000,0,-,-,-,-,5107.2000,5107.0000,5106.6000,5106.2000,5105.8000,5109.6000,5110.0000,5110.6000,5111.0000,5112.0000,1,1,1,1,1,2,2,2,1,1
SF,IC2012,2020-05-12 09:33:14.800,5109.0000,11108,0,169438040.000,0,-,-,-,-,5107.2000,5107.0000,5106.6000,5106.2000,5105.8000,5109.4000,5110.0000,5110.6000,5111.0000,5112.0000,1,1,1,1,1,1,2,2,1,1
SF,IC2012,2020-05-12 09:33:15.300,5109.0000,11108,0,169438040.000,0,-,-,-,-,5107.2000,5107.0000,5106.6000,5106.2000,5105.8000,5110.0000,5111.0000,5112.0000,5116.0000,5118.0000,1,1,1,1,1,2,1,1,2,1
SF,IC2012,2020-05-12 09:33:15.800,5109.0000,11108,0,169438040.000,0,-,-,-,-,5107.4000,5107.2000,5106.6000,5106.2000,5105.8000,5111.0000,5112.0000,5113.0000,5116.0000,5118.0000,1,1,1,1,1,1,1,1,2,1
SF,IC2012,2020-05-12 09:33:16.300,5109.0000,11108,0,169438040.000,0,-,-,-,-,5107.6000,5107.4000,5106.6000,5106.2000,5105.8000,5111.0000,5112.0000,5113.0000,5116.0000,5118.0000,1,1,1,1,1,1,1,1,2,1
SF,IC2012,2020-05-12 09:33:16.800,5109.0000,11108,0,169438040.000,0,-,-,-,-,5107.8000,5107.6000,5106.6000,5106.2000,5105.8000,5110.8000,5111.0000,5112.0000,5113.0000,5116.0000,1,1,1,1,1,1,2,1,1,2
SF,IC2012,2020-05-12 09:33:17.300,5109.0000,11108,0,169438040.000,0,-,-,-,-,5108.0000,5107.8000,5106.6000,5106.2000,5100.0000,5110.8000,5111.0000,5112.0000,5113.0000,5116.0000,1,1,1,1,5,1,2,1,1,2
SF,IC2012,2020-05-12 09:33:17.800,5109.0000,11108,0,169438040.000,0,-,-,-,-,5108.2000,5108.0000,5106.6000,5106.2000,5100.0000,5110.8000,5111.0000,5112.0000,5113.0000,5116.0000,2,1,1,1,5,1,2,1,1,2
SF,IC2012,2020-05-12 09:33:18.300,5109.0000,11108,0,169438040.000,0,-,-,-,-,5108.4000,5108.2000,5106.6000,5106.2000,5100.0000,5110.4000,5110.8000,5111.0000,5112.0000,5113.0000,1,2,1,1,5,1,1,2,1,1
SF,IC2012,2020-05-12 09:33:18.800,5109.0000,11108,0,169438040.000,0,-,-,-,-,5108.4000,5108.2000,5106.6000,5106.2000,5100.0000,5110.6000,5110.8000,5111.0000,5112.0000,5113.0000,1,1,1,1,5,1,1,2,1,1
SF,IC2012,2020-05-12 09:33:19.300,5109.0000,11108,0,169438040.000,0,-,-,-,-,5108.6000,5108.4000,5106.2000,5100.0000,5098.2000,5110.4000,5110.6000,5111.0000,5112.0000,5113.0000,1,1,1,5,5,1,1,2,1,1
SF,IC2012,2020-05-12 09:33:19.800,5109.0000,11108,0,169438040.000,0,-,-,-,-,5108.8000,5108.6000,5106.2000,5100.0000,5098.2000,5110.4000,5110.6000,5111.0000,5112.0000,5113.0000,1,1,1,5,5,1,1,2,1,1
SF,IC2012,2020-05-12 09:33:20.300,5108.8000,11107,-1,170459800.000,1,0,1,双平,S,5108.6000,5106.2000,5100.0000,5098.2000,5098.0000,5110.2000,5110.4000,5110.6000,5111.0000,5112.0000,1,1,5,5,1,2,1,1,2,1
SF,IC2012,2020-05-12 09:33:20.800,5108.6000,11106,-1,171481520.000,1,0,1,双平,S,5106.2000,5100.0000,5098.2000,5098.0000,5097.0000,5110.0000,5110.6000,5111.0000,5112.0000,5113.0000,1,5,5,1,2,3,1,2,1,1
SF,IC2012,2020-05-12 09:33:21.300,5108.6000,11106,0,171481520.000,0,-,-,-,-,5106.4000,5106.2000,5100.0000,5098.2000,5098.0000,5110.0000,5110.6000,5111.0000,5112.0000,5113.0000,1,1,5,5,1,3,1,2,1,1
SF,IC2012,2020-05-12 09:33:21.800,5108.6000,11106,0,171481520.000,0,-,-,-,-,5106.4000,5106.2000,5100.0000,5098.2000,5098.0000,5109.4000,5110.0000,5110.6000,5111.0000,5112.0000,1,1,5,5,1,1,1,1,2,1
SF,IC2012,2020-05-12 09:33:22.300,5108.6000,11106,0,171481520.000,0,-,-,-,-,5106.6000,5106.4000,5106.2000,5100.0000,5098.2000,5109.4000,5110.0000,5110.6000,5111.0000,5112.0000,1,1,1,5,5,1,1,1,2,1
SF,IC2012,2020-05-12 09:33:22.800,5108.6000,11106,0,171481520.000,0,-,-,-,-,5106.8000,5106.6000,5106.2000,5100.0000,5098.2000,5109.4000,5110.6000,5111.0000,5112.0000,5113.0000,1,1,1,5,5,1,1,2,1,1
SF,IC2012,2020-05-12 09:33:23.300,5108.6000,11106,0,171481520.000,0,-,-,-,-,5106.8000,5100.0000,5098.2000,5098.0000,5097.0000,5109.4000,5110.6000,5111.0000,5112.0000,5113.0000,1,5,5,1,2,1,1,2,1,1
SF,IC2012,2020-05-12 09:33:23.800,5108.6000,11106,0,171481520.000,0,-,-,-,-,5106.8000,5100.0000,5098.2000,5098.0000,5097.0000,5109.2000,5109.4000,5110.6000,5111.0000,5112.0000,1,5,5,1,2,1,1,1,2,1
SF,IC2012,2020-05-12 09:33:24.800,5108.6000,11106,0,171481520.000,0,-,-,-,-,5106.8000,5100.0000,5098.2000,5098.0000,5097.0000,5108.0000,5109.2000,5109.4000,5110.6000,5111.0000,1,5,5,1,2,1,1,1,1,2
SF,IC2012,2020-05-12 09:33:25.300,5108.0000,11106,0,172503120.000,1,0,1,多换,S,5108.0000,5106.8000,5100.0000,5098.2000,5098.0000,5109.2000,5109.4000,5110.6000,5111.0000,5112.0000,1,1,5,5,1,1,1,1,2,1
SF,IC2012,2020-05-12 09:33:25.800,5108.0000,11106,0,172503120.000,0,-,-,-,-,5108.0000,5106.8000,5100.0000,5098.2000,5098.0000,5109.0000,5109.2000,5109.4000,5110.6000,5111.0000,1,1,5,5,1,1,1,1,1,2
SF,IC2012,2020-05-12 09:33:26.300,5108.0000,11106,0,172503120.000,0,-,-,-,-,5108.0000,5106.8000,5100.0000,5098.2000,5098.0000,5108.8000,5109.0000,5109.4000,5110.6000,5111.0000,1,1,5,5,1,1,1,1,1,2
SF,IC2012,2020-05-12 09:33:26.800,5108.0000,11106,0,172503120.000,0,-,-,-,-,5108.8000,5108.0000,5106.8000,5100.0000,5098.2000,5109.4000,5110.6000,5111.0000,5112.0000,5116.0000,1,1,1,5,5,1,1,2,1,2
SF,IC2012,2020-05-12 09:33:28.300,5108.0000,11106,0,172503120.000,0,-,-,-,-,5108.0000,5106.8000,5100.0000,5098.2000,5098.0000,5109.4000,5110.6000,5111.0000,5112.0000,5116.0000,1,1,5,5,1,1,1,2,1,2
SF,IC2012,2020-05-12 09:33:28.800,5108.0000,11106,0,172503120.000,0,-,-,-,-,5108.0000,5107.2000,5106.8000,5100.0000,5098.2000,5109.2000,5109.4000,5110.6000,5111.0000,5112.0000,1,1,1,5,5,1,1,1,2,1
SF,IC2012,2020-05-12 09:33:29.300,5108.0000,11106,0,172503120.000,0,-,-,-,-,5107.2000,5106.2000,5100.0000,5098.2000,5098.0000,5109.0000,5109.2000,5109.4000,5110.6000,5111.0000,1,1,5,5,1,2,1,1,1,2
SF,IC2012,2020-05-12 09:33:29.800,5108.0000,11106,0,172503120.000,0,-,-,-,-,5107.4000,5107.2000,5106.2000,5105.2000,5100.0000,5109.0000,5109.2000,5109.4000,5110.6000,5111.0000,1,1,1,1,5,3,1,1,1,1
SF,IC2012,2020-05-12 09:33:30.300,5108.0000,11106,0,172503120.000,0,-,-,-,-,5107.2000,5106.2000,5105.2000,5100.0000,5098.2000,5108.8000,5109.0000,5109.4000,5111.0000,5112.0000,1,1,1,5,5,1,3,1,1,1
SF,IC2012,2020-05-12 09:33:31.800,5108.0000,11106,0,172503120.000,0,-,-,-,-,5107.2000,5106.2000,5105.2000,5100.0000,5098.2000,5108.8000,5109.0000,5109.4000,5111.0000,5112.0000,1,1,1,5,5,2,1,1,1,1
SF,IC2012,2020-05-12 09:33:32.300,5108.8000,11106,0,173524880.000,1,0,1,多换,S,5107.2000,5106.2000,5105.2000,5100.0000,5098.2000,5108.8000,5109.0000,5109.4000,5111.0000,5112.0000,1,1,1,5,5,1,1,1,1,1
SF,IC2012,2020-05-12 09:33:32.800,5108.8000,11106,0,173524880.000,0,-,-,-,-,5107.4000,5107.2000,5106.2000,5105.2000,5100.0000,5108.8000,5109.0000,5109.4000,5111.0000,5112.0000,1,1,1,1,5,1,1,1,1,1
SF,IC2012,2020-05-12 09:33:33.300,5109.0000,11105,-1,175568440.000,2,0,2,多平,S,5107.4000,5107.2000,5106.2000,5105.2000,5100.0000,5109.4000,5111.0000,5112.0000,5116.0000,5118.0000,1,1,1,1,5,1,1,1,2,1
SF,IC2012,2020-05-12 09:33:33.800,5109.4000,11105,0,176590320.000,1,0,1,多换,S,5107.6000,5107.4000,5107.2000,5106.2000,5105.2000,5111.0000,5112.0000,5116.0000,5118.0000,5119.6000,1,1,1,1,1,1,1,2,1,1
SF,IC2012,2020-05-12 09:33:34.300,5109.4000,11105,0,176590320.000,0,-,-,-,-,5108.2000,5107.8000,5107.6000,5107.2000,5106.2000,5111.0000,5112.0000,5116.0000,5118.0000,5119.6000,1,2,1,1,1,1,1,2,1,1
SF,IC2012,2020-05-12 09:33:34.800,5109.4000,11105,0,176590320.000,0,-,-,-,-,5108.4000,5108.2000,5107.6000,5107.2000,5106.2000,5110.6000,5111.0000,5112.0000,5116.0000,5118.0000,2,1,1,1,1,1,1,1,2,1
SF,IC2012,2020-05-12 09:33:35.300,5109.4000,11105,0,176590320.000,0,-,-,-,-,5108.6000,5108.4000,5108.2000,5107.2000,5106.2000,5110.6000,5111.0000,5112.0000,5116.0000,5118.0000,1,1,1,1,1,1,1,1,2,1
SF,IC2012,2020-05-12 09:33:35.800,5109.4000,11105,0,176590320.000,0,-,-,-,-,5108.8000,5108.6000,5107.2000,5100.0000,5098.2000,5111.0000,5112.0000,5116.0000,5118.0000,5119.6000,2,1,1,5,5,1,1,2,1,1
SF,IC2012,2020-05-12 09:33:36.300,5109.4000,11105,0,176590320.000,0,-,-,-,-,5109.0000,5108.8000,5108.6000,5107.2000,5100.0000,5110.8000,5111.0000,5112.0000,5116.0000,5118.0000,1,2,1,1,5,1,1,1,2,1
SF,IC2012,2020-05-12 09:33:36.800,5109.4000,11105,0,176590320.000,0,-,-,-,-,5109.2000,5109.0000,5108.8000,5108.6000,5107.2000,5111.0000,5112.0000,5116.0000,5118.0000,5119.6000,1,1,1,1,1,1,1,2,1,1
SF,IC2012,2020-05-12 09:33:37.300,5109.4000,11105,0,176590320.000,0,-,-,-,-,5109.2000,5109.0000,5107.2000,5100.0000,5098.2000,5110.8000,5111.0000,5112.0000,5116.0000,5118.0000,2,1,1,5,5,1,1,1,2,1
SF,IC2012,2020-05-12 09:33:37.800,5109.0000,11102,-3,179655800.000,3,0,3,双平,S,5109.6000,5107.2000,5100.0000,5098.2000,5098.0000,5110.6000,5110.8000,5111.0000,5112.0000,5116.0000,1,1,5,5,1,2,1,1,1,2
SF,IC2012,2020-05-12 09:33:38.300,5109.6000,11102,0,180677720.000,1,0,1,多换,S,5100.0000,5098.2000,5098.0000,5097.0000,5092.2000,5110.4000,5110.6000,5111.0000,5112.0000,5116.0000,5,5,1,2,1,1,2,1,1,2
SF,IC2012,2020-05-12 09:33:38.800,5109.6000,11102,0,180677720.000,0,-,-,-,-,5100.4000,5100.2000,5100.0000,5098.2000,5098.0000,5110.2000,5110.4000,5110.8000,5111.0000,5112.0000,7,1,5,5,1,1,1,1,1,1
SF,IC2012,2020-05-12 09:33:39.300,5109.6000,11102,0,180677720.000,0,-,-,-,-,5104.4000,5100.6000,5100.4000,5100.0000,5098.2000,5110.2000,5110.8000,5111.0000,5112.0000,5114.0000,1,1,7,5,5,1,1,1,1,2
SF,IC2012,2020-05-12 09:33:39.800,5109.6000,11102,0,180677720.000,0,-,-,-,-,5105.6000,5104.6000,5104.4000,5100.4000,5100.0000,5110.2000,5110.8000,5111.0000,5112.0000,5114.0000,1,1,1,7,5,1,1,1,1,2
SF,IC2012,2020-05-12 09:33:40.300,5109.6000,11102,0,180677720.000,0,-,-,-,-,5106.2000,5105.8000,5105.6000,5104.6000,5104.4000,5110.2000,5110.8000,5111.0000,5112.0000,5114.0000,1,1,2,1,1,1,1,1,1,2
SF,IC2012,2020-05-12 09:33:40.800,5109.6000,11103,1,181699640.000,1,1,0,双开,S,5106.6000,5106.4000,5106.2000,5104.6000,5100.4000,5110.8000,5111.0000,5112.0000,5114.0000,5116.0000,2,1,3,1,7,1,1,1,2,2
SF,IC2012,2020-05-12 09:33:41.300,5109.6000,11103,0,181699640.000,0,-,-,-,-,5106.8000,5106.6000,5106.2000,5104.6000,5100.4000,5110.8000,5111.0000,5112.0000,5114.0000,5116.0000,3,2,1,1,7,1,1,1,2,2
SF,IC2012,2020-05-12 09:33:41.800,5109.6000,11103,0,181699640.000,0,-,-,-,-,5107.4000,5107.0000,5106.8000,5106.6000,5106.2000,5110.6000,5110.8000,5111.0000,5112.0000,5114.0000,1,1,2,2,1,1,1,1,1,2
SF,IC2012,2020-05-12 09:33:42.300,5109.6000,11103,0,181699640.000,0,-,-,-,-,5108.2000,5107.6000,5106.8000,5106.6000,5106.2000,5110.6000,5110.8000,5111.0000,5112.0000,5114.0000,1,2,1,2,1,1,1,1,1,2
SF,IC2012,2020-05-12 09:33:42.800,5109.6000,11103,0,181699640.000,0,-,-,-,-,5108.2000,5107.6000,5106.8000,5106.6000,5106.2000,5110.2000,5110.6000,5110.8000,5111.0000,5112.0000,1,2,1,2,1,1,1,1,1,1
SF,IC2012,2020-05-12 09:33:43.300,5109.6000,11103,0,181699640.000,0,-,-,-,-,5108.4000,5108.2000,5107.6000,5106.8000,5106.6000,5110.2000,5110.8000,5111.0000,5112.0000,5114.0000,1,1,1,1,2,1,1,1,1,2
SF,IC2012,2020-05-12 09:33:43.800,5109.6000,11103,0,181699640.000,0,-,-,-,-,5108.4000,5108.2000,5107.6000,5106.8000,5106.6000,5110.0000,5110.8000,5111.0000,5112.0000,5114.0000,1,1,1,1,2,1,3,1,1,2
SF,IC2012,2020-05-12 09:33:44.300,5109.6000,11103,0,181699640.000,0,-,-,-,-,5108.2000,5107.6000,5106.8000,5106.6000,5106.2000,5109.8000,5110.0000,5110.8000,5111.0000,5112.0000,1,1,1,2,1,1,1,3,1,1
SF,IC2012,2020-05-12 09:33:44.800,5109.6000,11103,0,181699640.000,0,-,-,-,-,5108.4000,5108.2000,5106.8000,5106.2000,5104.4000,5110.0000,5110.8000,5111.0000,5112.0000,5114.0000,1,1,1,1,1,1,3,1,1,2
SF,IC2012,2020-05-12 09:33:45.800,5110.0000,11102,-1,182721640.000,1,0,1,双平,S,5110.0000,5108.4000,5108.2000,5106.8000,5106.2000,5110.8000,5111.0000,5112.0000,5114.0000,5116.0000,1,1,1,1,1,3,1,1,2,2
SF,IC2012,2020-05-12 09:33:46.300,5110.0000,11102,0,182721640.000,0,-,-,-,-,5110.0000,5108.4000,5108.2000,5106.2000,5104.4000,5110.8000,5111.0000,5112.0000,5114.0000,5116.0000,1,1,1,1,1,3,1,1,2,2
SF,IC2012,2020-05-12 09:33:46.800,5111.0000,11099,-3,186810320.000,4,0,4,多平,S,5111.6000,5110.2000,5110.0000,5108.2000,5106.2000,5112.0000,5114.0000,5116.0000,5118.0000,5119.6000,2,1,1,1,1,1,2,2,1,1
SF,IC2012,2020-05-12 09:33:47.300,5112.0000,11098,-1,188855120.000,2,0,2,多平,S,5111.6000,5110.2000,5110.0000,5108.2000,5106.2000,5116.0000,5118.0000,5119.6000,5119.8000,5120.6000,2,1,1,1,1,2,1,1,2,1
SF,IC2012,2020-05-12 09:33:47.800,5112.0000,11098,0,188855120.000,0,-,-,-,-,5111.8000,5111.6000,5110.0000,5106.2000,5104.4000,5116.0000,5118.0000,5119.6000,5119.8000,5120.6000,2,2,1,1,1,2,1,1,2,1
SF,IC2012,2020-05-12 09:33:48.300,5112.0000,11098,0,188855120.000,0,-,-,-,-,5112.4000,5111.8000,5111.6000,5110.0000,5106.2000,5115.8000,5116.0000,5118.0000,5119.6000,5119.8000,1,3,2,1,1,1,2,1,1,2
SF,IC2012,2020-05-12 09:33:48.800,5112.0000,11098,0,188855120.000,0,-,-,-,-,5112.6000,5112.4000,5111.8000,5111.6000,5106.2000,5116.0000,5118.0000,5119.6000,5119.8000,5120.6000,2,1,1,2,1,2,1,1,2,1
SF,IC2012,2020-05-12 09:33:49.300,5112.0000,11098,0,188855120.000,0,-,-,-,-,5112.8000,5112.6000,5111.8000,5111.6000,5106.2000,5115.8000,5116.0000,5118.0000,5118.6000,5119.6000,1,2,1,2,1,1,2,1,1,1
SF,IC2012,2020-05-12 09:33:49.800,5112.0000,11098,0,188855120.000,0,-,-,-,-,5113.2000,5113.0000,5112.8000,5111.6000,5109.8000,5115.8000,5116.0000,5118.0000,5118.6000,5119.6000,1,2,1,2,5,1,2,1,1,1
SF,IC2012,2020-05-12 09:33:50.300,5112.0000,11098,0,188855120.000,0,-,-,-,-,5113.2000,5113.0000,5112.8000,5111.6000,5109.8000,5115.8000,5116.0000,5118.0000,5118.6000,5119.6000,1,1,1,2,5,1,2,1,1,1
SF,IC2012,2020-05-12 09:33:50.800,5112.0000,11098,0,188855120.000,0,-,-,-,-,5113.4000,5112.8000,5111.6000,5109.8000,5106.2000,5115.8000,5116.0000,5118.0000,5118.6000,5119.6000,1,1,2,5,1,1,2,1,1,1
SF,IC2012,2020-05-12 09:33:51.300,5112.0000,11098,0,188855120.000,0,-,-,-,-,5113.4000,5112.8000,5111.6000,5106.2000,5104.4000,5115.8000,5116.0000,5118.0000,5118.6000,5119.6000,1,1,2,1,1,1,2,1,1,1
SF,IC2012,2020-05-12 09:33:51.800,5112.0000,11098,0,188855120.000,0,-,-,-,-,5112.8000,5111.6000,5106.2000,5104.4000,5104.0000,5115.4000,5115.8000,5116.0000,5118.0000,5118.6000,1,2,1,1,5,2,1,2,1,1
SF,IC2012,2020-05-12 09:33:52.300,5112.0000,11098,0,188855120.000,0,-,-,-,-,5113.6000,5112.8000,5111.6000,5106.2000,5104.4000,5115.2000,5115.4000,5116.0000,5118.0000,5118.6000,1,1,2,1,1,1,2,2,1,1
SF,IC2012,2020-05-12 09:33:52.800,5112.0000,11098,0,188855120.000,0,-,-,-,-,5112.8000,5111.6000,5106.2000,5104.4000,5104.0000,5115.2000,5115.4000,5116.0000,5118.0000,5118.6000,1,2,1,1,5,1,2,2,1,1
SF,IC2012,2020-05-12 09:33:53.300,5112.0000,11098,0,188855120.000,0,-,-,-,-,5113.0000,5112.8000,5111.6000,5106.2000,5104.4000,5115.2000,5116.0000,5118.0000,5118.6000,5119.6000,1,1,2,1,1,1,2,1,1,1
SF,IC2012,2020-05-12 09:33:53.800,5112.0000,11098,0,188855120.000,0,-,-,-,-,5113.0000,5112.8000,5111.6000,5106.2000,5104.4000,5115.2000,5116.0000,5118.0000,5118.6000,5119.6000,1,1,2,1,1,1,2,1,1,1
SF,IC2012,2020-05-12 09:33:54.300,5112.0000,11098,0,188855120.000,0,-,-,-,-,5111.6000,5106.2000,5104.4000,5104.0000,5100.0000,5115.2000,5116.0000,5118.0000,5118.6000,5119.6000,2,1,1,5,5,1,2,1,1,1
SF,IC2012,2020-05-12 09:33:54.800,5112.0000,11098,0,188855120.000,0,-,-,-,-,5113.2000,5111.8000,5111.6000,5106.2000,5104.4000,5115.2000,5116.0000,5118.0000,5118.6000,5119.6000,1,1,2,1,1,2,2,1,1,1
SF,IC2012,2020-05-12 09:33:55.300,5112.0000,11098,0,188855120.000,0,-,-,-,-,5113.4000,5113.2000,5111.6000,5106.2000,5104.0000,5115.2000,5116.0000,5118.0000,5118.6000,5119.6000,1,1,2,1,5,2,2,1,1,1
SF,IC2012,2020-05-12 09:33:56.300,5112.0000,11098,0,188855120.000,0,-,-,-,-,5113.4000,5111.6000,5106.2000,5104.0000,5100.0000,5115.2000,5116.0000,5118.0000,5118.6000,5119.6000,1,2,1,5,5,2,2,1,1,1
SF,IC2012,2020-05-12 09:33:56.800,5112.0000,11098,0,188855120.000,0,-,-,-,-,5113.4000,5111.6000,5106.2000,5104.0000,5100.0000,5115.0000,5115.2000,5116.0000,5118.0000,5118.6000,1,2,1,5,5,5,2,3,1,1
SF,IC2012,2020-05-12 09:33:57.300,5113.4000,11097,-1,189877800.000,1,0,1,双平,S,5111.6000,5106.2000,5104.0000,5100.0000,5098.0000,5114.8000,5115.0000,5115.2000,5116.0000,5118.0000,2,1,5,5,1,3,5,1,3,1
SF,IC2012,2020-05-12 09:33:57.800,5113.4000,11097,0,189877800.000,0,-,-,-,-,5111.8000,5111.6000,5104.0000,5100.0000,5098.0000,5114.8000,5115.0000,5115.2000,5116.0000,5118.0000,1,2,5,5,1,1,5,1,3,1
SF,IC2012,2020-05-12 09:33:58.300,5113.4000,11097,0,189877800.000,0,-,-,-,-,5112.0000,5111.8000,5111.6000,5104.0000,5100.0000,5114.8000,5115.0000,5115.2000,5116.0000,5118.0000,1,1,2,5,5,1,5,1,3,1
SF,IC2012,2020-05-12 09:33:58.800,5113.4000,11097,0,189877800.000,0,-,-,-,-,5112.2000,5112.0000,5111.6000,5110.8000,5104.0000,5114.8000,5115.0000,5115.2000,5116.0000,5118.0000,2,1,2,1,5,1,5,1,3,1
SF,IC2012,2020-05-12 09:33:59.300,5113.4000,11097,0,189877800.000,0,-,-,-,-,5112.6000,5112.2000,5111.6000,5110.8000,5104.0000,5114.8000,5115.0000,5115.2000,5116.0000,5118.0000,1,2,2,1,5,1,5,1,3,1
SF,IC2012,2020-05-12 09:33:59.800,5113.4000,11097,0,189877800.000,0,-,-,-,-,5112.6000,5112.2000,5111.6000,5110.8000,5104.0000,5114.8000,5115.0000,5115.2000,5116.0000,5118.0000,1,1,2,1,5,1,5,1,3,1
SF,IC2012,2020-05-12 09:34:00.300,5112.2000,11095,-2,191922760.000,2,0,2,双平,S,5111.6000,5110.8000,5104.0000,5100.0000,5098.0000,5114.8000,5115.0000,5115.2000,5116.0000,5118.0000,2,1,5,5,1,1,5,1,3,1
SF,IC2012,2020-05-12 09:34:00.800,5112.2000,11095,0,191922760.000,0,-,-,-,-,5110.8000,5104.0000,5100.0000,5098.0000,5097.0000,5114.4000,5114.8000,5115.0000,5115.2000,5116.0000,1,5,5,1,2,1,1,5,1,3
SF,IC2012,2020-05-12 09:34:01.300,5112.2000,11095,0,191922760.000,0,-,-,-,-,5110.8000,5104.0000,5100.0000,5098.0000,5097.0000,5114.2000,5114.4000,5115.0000,5115.2000,5116.0000,1,5,5,1,2,1,2,5,1,3
SF,IC2012,2020-05-12 09:34:01.800,5112.2000,11095,0,191922760.000,0,-,-,-,-,5104.0000,5100.0000,5098.0000,5097.0000,5092.2000,5114.2000,5115.0000,5115.2000,5116.0000,5118.0000,5,5,1,2,1,1,5,1,3,1
SF,IC2012,2020-05-12 09:34:02.300,5112.2000,11095,0,191922760.000,0,-,-,-,-,5104.4000,5104.2000,5104.0000,5100.0000,5098.0000,5113.6000,5114.0000,5114.2000,5115.0000,5115.2000,6,2,5,5,1,1,1,1,5,1
SF,IC2012,2020-05-12 09:34:02.800,5112.2000,11095,0,191922760.000,0,-,-,-,-,5104.6000,5104.4000,5104.2000,5104.0000,5100.0000,5113.6000,5114.0000,5115.0000,5115.2000,5116.0000,1,6,1,5,5,1,1,5,1,3
SF,IC2012,2020-05-12 09:34:03.300,5112.2000,11095,0,191922760.000,0,-,-,-,-,5107.0000,5106.0000,5105.0000,5104.8000,5104.6000,5113.4000,5113.6000,5114.0000,5115.0000,5115.2000,1,1,6,1,1,1,1,1,5,1
SF,IC2012,2020-05-12 09:34:03.800,5112.2000,11095,0,191922760.000,0,-,-,-,-,5107.2000,5107.0000,5106.0000,5105.0000,5104.8000,5113.4000,5113.6000,5114.0000,5115.0000,5115.2000,1,1,1,6,1,1,1,1,5,1
SF,IC2012,2020-05-12 09:34:04.300,5112.2000,11095,0,191922760.000,0,-,-,-,-,5107.4000,5107.2000,5107.0000,5106.0000,5105.0000,5113.4000,5113.6000,5114.0000,5115.0000,5115.2000,2,1,1,1,6,1,1,1,5,1
SF,IC2012,2020-05-12 09:34:04.800,5112.2000,11095,0,191922760.000,0,-,-,-,-,5108.4000,5107.6000,5107.4000,5106.0000,5105.0000,5113.4000,5114.0000,5115.0000,5115.2000,5116.0000,1,1,3,1,6,1,1,5,1,3
SF,IC2012,2020-05-12 09:34:05.300,5112.2000,11095,0,191922760.000,0,-,-,-,-,5108.6000,5108.4000,5107.4000,5106.0000,5105.0000,5113.4000,5114.0000,5115.0000,5115.2000,5116.0000,3,2,3,1,6,1,1,5,1,3
SF,IC2012,2020-05-12 09:34:05.800,5112.2000,11095,0,191922760.000,0,-,-,-,-,5109.2000,5108.8000,5108.6000,5108.4000,5107.4000,5113.4000,5114.0000,5115.0000,5115.2000,5116.0000,1,1,3,2,2,1,1,5,1,3
SF,IC2012,2020-05-12 09:34:06.300,5112.2000,11095,0,191922760.000,0,-,-,-,-,5109.4000,5109.2000,5108.8000,5108.6000,5108.4000,5113.4000,5114.0000,5115.0000,5115.2000,5116.0000,1,1,1,2,1,1,1,5,1,3
SF,IC2012,2020-05-12 09:34:07.800,5112.2000,11095,0,191922760.000,0,-,-,-,-,5110.2000,5109.4000,5108.8000,5108.6000,5108.4000,5113.4000,5114.0000,5115.0000,5115.2000,5116.0000,1,1,1,2,1,1,1,5,1,3
SF,IC2012,2020-05-12 09:34:08.300,5112.2000,11095,0,191922760.000,0,-,-,-,-,5110.4000,5110.2000,5109.8000,5108.8000,5108.6000,5113.4000,5115.0000,5116.0000,5118.0000,5119.6000,1,1,1,1,2,2,5,3,1,1
SF,IC2012,2020-05-12 09:34:08.800,5112.2000,11095,0,191922760.000,0,-,-,-,-,5110.6000,5110.4000,5109.8000,5108.8000,5108.6000,5113.4000,5115.0000,5116.0000,5118.0000,5119.6000,1,1,1,1,2,2,5,3,1,1
SF,IC2012,2020-05-12 09:34:09.300,5112.2000,11095,0,191922760.000,0,-,-,-,-,5110.8000,5110.6000,5109.8000,5108.8000,5108.6000,5113.4000,5115.0000,5116.0000,5118.0000,5119.6000,1,1,1,1,2,2,5,3,1,1
SF,IC2012,2020-05-12 09:34:09.800,5113.4000,11093,-2,193968120.000,2,0,2,双平,S,5113.4000,5110.8000,5110.6000,5109.8000,5108.8000,5115.0000,5116.0000,5118.0000,5119.6000,5119.8000,4,1,1,1,1,5,3,1,1,2
SF,IC2012,2020-05-12 09:34:10.300,5115.0000,11092,-1,197037080.000,3,1,2,多平,S,5113.6000,5113.4000,5111.0000,5110.8000,5110.6000,5115.0000,5116.0000,5118.0000,5119.6000,5119.8000,1,6,1,1,1,3,3,1,1,2
SF,IC2012,2020-05-12 09:34:10.800,5115.0000,11092,0,200106080.000,3,1,2,多换,S,5115.0000,5113.8000,5113.6000,5113.4000,5111.0000,5116.0000,5118.0000,5119.6000,5119.8000,5120.6000,3,2,1,2,1,3,1,1,2,1
SF,IC2012,2020-05-12 09:34:11.300,5115.0000,11092,0,200106080.000,0,-,-,-,-,5115.2000,5115.0000,5113.8000,5113.6000,5113.4000,5116.0000,5118.0000,5119.6000,5119.8000,5120.6000,1,3,2,1,1,3,1,1,2,1
SF,IC2012,2020-05-12 09:34:11.800,5116.0000,11089,-3,203175680.000,3,0,3,双平,S,5115.2000,5113.8000,5113.4000,5111.0000,5110.8000,5118.0000,5119.6000,5119.8000,5120.6000,5122.4000,1,1,1,1,1,1,1,2,1,2
SF,IC2012,2020-05-12 09:34:12.300,5116.0000,11089,0,203175680.000,0,-,-,-,-,5115.4000,5113.8000,5111.0000,5110.8000,5110.6000,5117.6000,5117.8000,5118.0000,5119.6000,5119.8000,1,1,1,1,1,2,1,1,1,2
SF,IC2012,2020-05-12 09:34:12.800,5115.4000,11088,-1,204198760.000,1,0,1,双平,S,5113.8000,5111.0000,5110.8000,5110.6000,5109.8000,5117.4000,5117.6000,5117.8000,5118.0000,5119.6000,1,1,1,1,1,1,2,1,1,1
SF,IC2012,2020-05-12 09:34:13.300,5115.4000,11088,0,204198760.000,0,-,-,-,-,5113.8000,5111.0000,5110.8000,5109.8000,5107.4000,5117.2000,5117.4000,5117.6000,5118.0000,5119.6000,1,1,1,1,1,1,1,2,1,1
SF,IC2012,2020-05-12 09:34:13.800,5115.4000,11088,0,204198760.000,0,-,-,-,-,5114.0000,5113.8000,5110.8000,5109.8000,5107.4000,5117.0000,5117.2000,5118.0000,5119.6000,5119.8000,1,1,1,1,1,1,1,1,1,2
SF,IC2012,2020-05-12 09:34:14.300,5115.4000,11088,0,204198760.000,0,-,-,-,-,5114.0000,5113.8000,5110.8000,5109.8000,5107.4000,5116.8000,5117.0000,5118.0000,5119.6000,5119.8000,1,1,1,1,1,2,1,1,1,2
SF,IC2012,2020-05-12 09:34:14.800,5115.4000,11088,0,204198760.000,0,-,-,-,-,5114.2000,5114.0000,5113.8000,5110.8000,5109.8000,5116.8000,5117.0000,5118.0000,5119.6000,5119.8000,1,1,1,1,1,2,1,1,1,2
SF,IC2012,2020-05-12 09:34:15.300,5115.4000,11088,0,204198760.000,0,-,-,-,-,5114.4000,5114.2000,5113.8000,5110.8000,5109.8000,5116.8000,5118.0000,5119.6000,5119.8000,5120.6000,1,1,1,1,1,1,1,1,1,1
SF,IC2012,2020-05-12 09:34:15.800,5115.4000,11088,0,204198760.000,0,-,-,-,-,5114.6000,5114.4000,5114.2000,5113.8000,5110.8000,5116.8000,5118.0000,5119.6000,5119.8000,5120.6000,1,1,1,1,1,1,1,1,1,1
SF,IC2012,2020-05-12 09:34:16.300,5115.4000,11088,0,204198760.000,0,-,-,-,-,5115.0000,5114.8000,5114.6000,5114.2000,5113.8000,5118.0000,5119.6000,5119.8000,5120.6000,5122.4000,1,1,1,1,1,1,1,1,1,2
SF,IC2012,2020-05-12 09:34:16.800,5115.4000,11088,0,204198760.000,0,-,-,-,-,5115.2000,5115.0000,5114.6000,5114.2000,5113.8000,5117.8000,5118.0000,5119.6000,5119.8000,5120.6000,2,1,1,1,1,1,1,1,1,1
SF,IC2012,2020-05-12 09:34:17.300,5115.4000,11088,0,204198760.000,0,-,-,-,-,5115.2000,5115.0000,5114.6000,5114.2000,5113.8000,5116.4000,5117.6000,5117.8000,5118.0000,5119.6000,2,1,1,1,1,1,1,1,1,1
SF,IC2012,2020-05-12 09:34:17.800,5115.4000,11088,0,204198760.000,0,-,-,-,-,5115.2000,5115.0000,5114.6000,5114.2000,5113.8000,5116.4000,5117.6000,5117.8000,5118.0000,5119.6000,2,1,1,1,1,1,1,1,1,1
SF,IC2012,2020-05-12 09:34:18.300,5116.4000,11088,0,205222040.000,1,0,1,多换,S,5116.4000,5115.2000,5115.0000,5114.6000,5114.2000,5117.8000,5118.0000,5119.6000,5119.8000,5120.6000,1,2,1,1,1,1,1,1,1,1
SF,IC2012,2020-05-12 09:34:18.800,5116.4000,11088,0,205222040.000,0,-,-,-,-,5116.4000,5115.2000,5115.0000,5114.6000,5114.2000,5118.0000,5119.6000,5119.8000,5120.6000,5122.4000,1,2,1,1,1,1,1,1,1,2
SF,IC2012,2020-05-12 09:34:19.300,5116.4000,11088,0,205222040.000,0,-,-,-,-,5115.2000,5115.0000,5114.6000,5114.2000,5113.8000,5118.0000,5119.6000,5119.8000,5120.6000,5122.4000,2,1,1,1,1,1,1,1,1,2
SF,IC2012,2020-05-12 09:34:19.800,5118.0000,11088,0,207269200.000,2,1,1,多换,S,5119.2000,5115.4000,5115.2000,5115.0000,5114.6000,5119.6000,5119.8000,5120.6000,5122.4000,5129.0000,1,1,2,1,1,1,1,1,2,1
SF,IC2012,2020-05-12 09:34:20.300,5119.2000,11088,0,208293040.000,1,0,1,多换,S,5115.4000,5115.2000,5115.0000,5114.6000,5114.2000,5119.2000,5119.6000,5119.8000,5120.6000,5122.4000,1,1,1,1,1,3,1,1,1,2
SF,IC2012,2020-05-12 09:34:20.800,5119.2000,11088,0,208293040.000,0,-,-,-,-,5115.6000,5115.4000,5115.2000,5115.0000,5114.6000,5116.0000,5119.2000,5119.6000,5119.8000,5120.6000,2,1,1,1,1,1,3,1,1,1
SF,IC2012,2020-05-12 09:34:21.300,5116.0000,11087,-1,209316240.000,1,0,1,双平,S,5116.0000,5115.6000,5115.2000,5115.0000,5114.6000,5119.0000,5119.6000,5119.8000,5120.6000,5122.4000,1,1,1,1,1,1,1,1,1,2
SF,IC2012,2020-05-12 09:34:21.800,5116.0000,11087,0,209316240.000,0,-,-,-,-,5116.2000,5116.0000,5115.6000,5115.2000,5115.0000,5119.0000,5119.6000,5119.8000,5120.6000,5122.4000,3,1,1,1,1,1,1,1,1,2
SF,IC2012,2020-05-12 09:34:22.300,5116.0000,11087,0,209316240.000,0,-,-,-,-,5116.2000,5115.6000,5115.2000,5115.0000,5114.6000,5118.8000,5119.0000,5119.6000,5119.8000,5120.6000,3,1,1,1,1,1,1,1,1,1
SF,IC2012,2020-05-12 09:34:22.800,5116.0000,11087,0,209316240.000,0,-,-,-,-,5116.6000,5116.2000,5115.6000,5115.2000,5115.0000,5119.0000,5119.6000,5119.8000,5120.6000,5122.4000,1,3,1,1,1,1,1,1,1,2
SF,IC2012,2020-05-12 09:34:23.300,5116.0000,11087,0,209316240.000,0,-,-,-,-,5116.8000,5116.6000,5116.2000,5115.6000,5115.2000,5119.0000,5119.6000,5119.8000,5120.6000,5122.4000,1,1,2,1,1,1,1,1,1,2
SF,IC2012,2020-05-12 09:34:23.800,5116.0000,11087,0,209316240.000,0,-,-,-,-,5117.0000,5116.8000,5116.6000,5116.2000,5115.6000,5118.8000,5119.0000,5119.6000,5119.8000,5120.6000,1,1,1,1,1,1,1,1,1,1
SF,IC2012,2020-05-12 09:34:24.300,5116.0000,11087,0,209316240.000,0,-,-,-,-,5117.2000,5116.2000,5115.6000,5115.2000,5115.0000,5118.8000,5119.0000,5119.6000,5119.8000,5120.6000,1,1,1,1,1,1,1,1,1,1
SF,IC2012,2020-05-12 09:34:24.800,5116.0000,11087,0,209316240.000,0,-,-,-,-,5116.2000,5115.6000,5115.2000,5115.0000,5114.6000,5118.6000,5118.8000,5119.0000,5119.6000,5119.8000,1,6,1,1,1,2,1,1,1,1
SF,IC2012,2020-05-12 09:34:25.300,5116.0000,11087,0,209316240.000,0,-,-,-,-,5116.2000,5115.6000,5115.2000,5115.0000,5114.6000,5118.4000,5118.6000,5119.0000,5119.6000,5119.8000,1,1,1,1,1,1,2,1,1,1
SF,IC2012,2020-05-12 09:34:25.800,5116.0000,11087,0,209316240.000,0,-,-,-,-,5116.2000,5115.6000,5115.2000,5115.0000,5114.6000,5118.2000,5118.4000,5119.6000,5119.8000,5120.6000,1,1,1,1,1,2,1,1,1,1
SF,IC2012,2020-05-12 09:34:26.300,5116.0000,11087,0,209316240.000,0,-,-,-,-,5116.4000,5116.2000,5115.6000,5115.2000,5115.0000,5118.0000,5118.2000,5119.6000,5119.8000,5120.6000,1,1,1,1,1,3,1,1,1,1
SF,IC2012,2020-05-12 09:34:26.800,5116.4000,11086,-1,210339520.000,1,0,1,双平,S,5116.2000,5115.6000,5115.2000,5115.0000,5114.6000,5117.8000,5118.0000,5119.6000,5119.8000,5120.6000,1,1,1,1,1,2,2,1,1,1
SF,IC2012,2020-05-12 09:34:27.300,5116.4000,11086,0,210339520.000,0,-,-,-,-,5116.2000,5115.6000,5115.2000,5114.6000,5113.8000,5117.8000,5118.0000,5119.6000,5119.8000,5120.6000,1,1,1,1,2,2,2,1,1,1
SF,IC2012,2020-05-12 09:34:27.800,5116.2000,11086,0,212386240.000,2,1,1,多换,S,5115.6000,5115.2000,5114.6000,5113.8000,5109.8000,5117.8000,5118.0000,5119.6000,5119.8000,5120.6000,1,1,1,2,6,2,1,1,1,1
SF,IC2012,2020-05-12 09:34:28.300,5116.2000,11086,0,212386240.000,0,-,-,-,-,5115.6000,5115.2000,5113.8000,5109.8000,5106.0000,5117.6000,5119.6000,5119.8000,5120.6000,5122.4000,1,1,2,6,1,1,1,1,1,2
SF,IC2012,2020-05-12 09:34:28.800,5116.2000,11086,0,212386240.000,0,-,-,-,-,5115.6000,5115.2000,5113.8000,5109.8000,5106.0000,5117.4000,5117.6000,5119.6000,5119.8000,5120.6000,1,1,2,6,1,2,1,1,1,1
SF,IC2012,2020-05-12 09:34:29.300,5115.6000,11085,-1,213409360.000,1,0,1,双平,S,5113.8000,5109.8000,5106.0000,5100.0000,5098.0000,5117.2000,5117.4000,5119.6000,5119.8000,5120.6000,2,6,1,5,1,1,2,1,1,1
SF,IC2012,2020-05-12 09:34:29.800,5115.6000,11085,0,213409360.000,0,-,-,-,-,5114.0000,5113.8000,5109.8000,5106.0000,5100.0000,5117.2000,5117.4000,5119.6000,5119.8000,5120.6000,1,1,6,1,5,1,2,1,1,1
SF,IC2012,2020-05-12 09:34:30.800,5115.6000,11085,0,213409360.000,0,-,-,-,-,5114.0000,5113.8000,5109.8000,5106.0000,5100.0000,5117.2000,5119.6000,5119.8000,5120.6000,5129.0000,1,1,6,1,5,1,1,1,1,1
SF,IC2012,2020-05-12 09:34:31.300,5115.6000,11085,0,213409360.000,0,-,-,-,-,5114.2000,5114.0000,5113.8000,5109.8000,5106.0000,5116.8000,5117.2000,5119.6000,5119.8000,5120.6000,1,1,1,6,1,2,1,1,1,1
SF,IC2012,2020-05-12 09:34:31.800,5115.6000,11085,0,213409360.000,0,-,-,-,-,5114.4000,5114.2000,5113.8000,5109.8000,5106.0000,5119.6000,5119.8000,5120.6000,5129.0000,5130.0000,1,1,1,6,1,1,1,1,1,1
SF,IC2012,2020-05-12 09:34:32.300,5115.6000,11085,0,213409360.000,0,-,-,-,-,5114.6000,5114.4000,5113.8000,5109.8000,5106.0000,5119.4000,5119.6000,5119.8000,5120.6000,5129.0000,2,1,1,6,1,1,1,1,1,1
SF,IC2012,2020-05-12 09:34:32.800,5115.6000,11085,0,213409360.000,0,-,-,-,-,5114.8000,5114.6000,5113.8000,5109.8000,5106.0000,5119.4000,5119.6000,5119.8000,5120.6000,5129.0000,1,2,1,6,1,3,1,1,1,1
SF,IC2012,2020-05-12 09:34:33.300,5115.6000,11085,0,213409360.000,0,-,-,-,-,5115.0000,5114.8000,5113.8000,5109.8000,5106.0000,5119.4000,5119.6000,5119.8000,5120.6000,5129.0000,2,1,1,6,1,3,1,1,1,1
SF,IC2012,2020-05-12 09:34:33.800,5115.6000,11085,0,213409360.000,0,-,-,-,-,5115.2000,5115.0000,5113.8000,5109.8000,5106.0000,5119.2000,5119.4000,5119.6000,5119.8000,5120.6000,1,3,1,6,1,1,3,1,1,1
SF,IC2012,2020-05-12 09:34:34.300,5115.6000,11085,0,213409360.000,0,-,-,-,-,5115.4000,5115.2000,5115.0000,5113.8000,5109.8000,5119.0000,5119.2000,5119.4000,5119.6000,5119.8000,1,1,1,1,6,1,1,1,1,1
SF,IC2012,2020-05-12 09:34:34.800,5115.6000,11085,0,213409360.000,0,-,-,-,-,5115.4000,5115.0000,5113.8000,5109.8000,5106.0000,5119.0000,5119.2000,5119.4000,5119.6000,5119.8000,1,1,1,6,1,1,1,1,1,1
SF,IC2012,2020-05-12 09:34:35.300,5115.6000,11085,0,213409360.000,0,-,-,-,-,5115.4000,5115.0000,5113.8000,5109.8000,5106.0000,5118.2000,5118.8000,5119.0000,5119.2000,5119.4000,1,1,1,6,1,1,1,1,1,1
SF,IC2012,2020-05-12 09:34:35.800,5115.4000,11085,0,214432440.000,1,0,1,多换,S,5115.0000,5113.8000,5109.8000,5106.0000,5100.0000,5117.8000,5118.0000,5118.2000,5118.8000,5119.2000,1,1,6,1,5,2,2,1,1,1
SF,IC2012,2020-05-12 09:34:36.300,5115.4000,11085,0,214432440.000,0,-,-,-,-,5115.2000,5115.0000,5113.8000,5109.8000,5106.0000,5117.6000,5118.0000,5118.2000,5119.4000,5119.6000,1,1,1,5,1,1,1,1,1,1
SF,IC2012,2020-05-12 09:34:36.800,5115.4000,11085,0,214432440.000,0,-,-,-,-,5115.2000,5115.0000,5113.8000,5109.8000,5106.0000,5117.4000,5117.6000,5118.2000,5119.4000,5119.8000,1,1,1,5,1,1,1,1,1,1
SF,IC2012,2020-05-12 09:34:37.300,5115.4000,11085,0,214432440.000,0,-,-,-,-,5115.2000,5115.0000,5113.8000,5109.8000,5106.0000,5117.2000,5117.4000,5117.6000,5118.2000,5119.4000,1,1,1,5,1,1,1,1,1,1
SF,IC2012,2020-05-12 09:34:37.800,5115.4000,11085,0,214432440.000,0,-,-,-,-,5115.2000,5115.0000,5113.8000,5109.8000,5106.0000,5117.4000,5117.6000,5118.2000,5119.4000,5119.8000,1,1,1,5,1,1,1,1,1,1
