市场代码,合约代码,时间,最新,持仓,增仓,成交额,成交量,开仓,平仓,成交类型,方向,买一价,买二价,买三价,买四价,买五价,卖一价,卖二价,卖三价,卖四价,卖五价,买一量,买二量,买三量,买四量,买五量,卖一量,卖二量,卖三量,卖四量,卖五量
SF,IC2006,2019-11-05 09:29:00.100,4711.8000,6609,0,0.000,0.000,-,-,-,-,4712.6000,4711.6000,4711.0000,4707.0000,4704.2000,4724.0000,4730.0000,4731.2000,4733.6000,4734.0000,2,1,1,1,1,1,4,1,5,1
SF,IC2006,2019-11-05 09:30:00.100,4718.0000,6608,-1,943600.000,1,0,1,双平,S,4720.0000,4715.4000,4713.8000,4712.8000,4712.6000,4723.8000,4724.0000,4730.0000,4733.6000,4736.6000,1,1,1,1,2,1,1,4,5,5
SF,IC2006,2019-11-05 09:30:00.600,4718.0000,6608,0,943600.000,0,-,-,-,-,4720.2000,4715.4000,4713.8000,4713.2000,4712.8000,4723.6000,4724.0000,4730.0000,4733.6000,4736.6000,1,1,1,1,1,1,1,4,5,5
SF,IC2006,2019-11-05 09:30:01.100,4720.2000,6607,-1,1887640.000,1,0,1,双平,S,4715.4000,4715.2000,4713.8000,4713.2000,4712.8000,4723.6000,4724.0000,4726.6000,4730.0000,4733.6000,1,1,1,1,1,1,1,1,4,5
SF,IC2006,2019-11-05 09:30:01.600,4720.2000,6607,0,1887640.000,0,-,-,-,-,4716.6000,4715.6000,4715.4000,4713.8000,4713.2000,4723.6000,4724.0000,4730.0000,4732.8000,4733.6000,2,2,6,1,1,1,1,4,5,5
SF,IC2006,2019-11-05 09:30:02.100,4720.2000,6607,0,1887640.000,0,-,-,-,-,4717.6000,4716.8000,4716.6000,4715.4000,4713.8000,4723.6000,4724.0000,4730.0000,4732.8000,4733.6000,1,1,2,6,1,1,1,4,5,5
SF,IC2006,2019-11-05 09:30:02.600,4720.2000,6607,0,1887640.000,0,-,-,-,-,4717.8000,4717.6000,4716.6000,4715.4000,4713.8000,4723.6000,4724.0000,4730.0000,4732.8000,4733.6000,1,1,2,6,1,1,1,4,5,5
SF,IC2006,2019-11-05 09:30:03.100,4720.2000,6607,0,1887640.000,0,-,-,-,-,4719.4000,4718.2000,4717.8000,4717.6000,4716.6000,4723.6000,4724.0000,4730.0000,4732.8000,4733.6000,1,2,1,1,2,1,1,4,5,5
SF,IC2006,2019-11-05 09:30:03.600,4720.2000,6607,0,1887640.000,0,-,-,-,-,4719.4000,4718.2000,4718.0000,4716.6000,4715.4000,4723.4000,4724.0000,4730.0000,4732.8000,4733.6000,1,3,1,2,6,1,1,4,5,5
SF,IC2006,2019-11-05 09:30:04.100,4720.2000,6607,0,1887640.000,0,-,-,-,-,4719.4000,4718.2000,4718.0000,4716.6000,4715.4000,4723.4000,4724.0000,4730.0000,4732.8000,4733.6000,1,3,1,2,6,1,1,4,5,5
SF,IC2006,2019-11-05 09:30:05.100,4720.2000,6607,0,1887640.000,0,-,-,-,-,4720.0000,4719.6000,4719.4000,4718.2000,4718.0000,4723.4000,4724.0000,4730.0000,4732.8000,4733.6000,1,1,1,3,1,1,1,4,5,5
SF,IC2006,2019-11-05 09:30:05.600,4720.2000,6607,0,1887640.000,0,-,-,-,-,4719.6000,4719.4000,4718.2000,4718.0000,4716.6000,4723.4000,4724.0000,4730.0000,4732.8000,4733.6000,1,1,3,1,2,1,1,4,5,5
SF,IC2006,2019-11-05 09:30:06.100,4720.2000,6607,0,1887640.000,0,-,-,-,-,4719.6000,4719.4000,4718.2000,4718.0000,4716.6000,4723.4000,4724.0000,4730.0000,4732.8000,4733.6000,1,1,2,1,2,1,1,4,5,5
SF,IC2006,2019-11-05 09:30:06.600,4720.2000,6607,0,1887640.000,0,-,-,-,-,4720.6000,4719.4000,4718.2000,4718.0000,4716.6000,4723.2000,4724.0000,4730.0000,4732.8000,4733.6000,1,1,2,1,2,1,1,4,5,5
SF,IC2006,2019-11-05 09:30:08.100,4720.6000,6606,-1,2831760.000,1,0,1,双平,S,4719.4000,4718.2000,4718.0000,4716.6000,4715.4000,4723.2000,4724.0000,4730.0000,4732.8000,4733.6000,1,2,1,2,6,1,1,4,5,5
SF,IC2006,2019-11-05 09:30:09.600,4720.6000,6606,0,2831760.000,0,-,-,-,-,4718.2000,4718.0000,4716.6000,4715.4000,4712.8000,4723.0000,4724.0000,4730.0000,4732.8000,4733.6000,2,1,2,6,1,1,1,4,5,5
SF,IC2006,2019-11-05 09:30:10.100,4720.6000,6606,0,2831760.000,0,-,-,-,-,4718.2000,4718.0000,4715.4000,4712.6000,4711.0000,4722.8000,4723.0000,4724.0000,4730.0000,4732.8000,1,1,6,2,1,1,1,1,4,5
SF,IC2006,2019-11-05 09:30:10.600,4720.6000,6606,0,2831760.000,0,-,-,-,-,4718.0000,4715.4000,4712.6000,4711.0000,4700.2000,4722.8000,4723.0000,4724.0000,4730.0000,4732.8000,1,6,2,1,1,1,1,1,4,5
SF,IC2006,2019-11-05 09:30:11.100,4720.6000,6606,0,2831760.000,0,-,-,-,-,4718.0000,4715.4000,4712.6000,4711.0000,4709.6000,4722.8000,4723.0000,4724.0000,4730.0000,4732.8000,2,1,2,1,5,1,1,1,4,5
SF,IC2006,2019-11-05 09:30:11.600,4720.6000,6606,0,2831760.000,0,-,-,-,-,4718.0000,4715.4000,4712.6000,4711.0000,4709.6000,4722.8000,4723.0000,4724.0000,4730.0000,4732.8000,1,1,2,1,5,1,1,1,4,5
SF,IC2006,2019-11-05 09:30:12.600,4720.6000,6606,0,2831760.000,0,-,-,-,-,4718.0000,4715.4000,4712.6000,4711.0000,4709.6000,4722.6000,4722.8000,4724.0000,4730.0000,4732.8000,1,1,2,1,5,1,1,1,4,5
SF,IC2006,2019-11-05 09:30:13.100,4720.6000,6606,0,2831760.000,0,-,-,-,-,4718.2000,4718.0000,4715.4000,4712.6000,4711.0000,4722.4000,4722.6000,4724.0000,4730.0000,4732.8000,1,1,1,2,1,2,1,1,4,5
SF,IC2006,2019-11-05 09:30:14.100,4720.6000,6606,0,2831760.000,0,-,-,-,-,4718.0000,4715.4000,4712.6000,4711.0000,4709.6000,4722.4000,4722.6000,4724.0000,4730.0000,4732.8000,1,1,2,1,5,2,1,1,4,5
SF,IC2006,2019-11-05 09:30:14.600,4720.6000,6606,0,2831760.000,0,-,-,-,-,4718.0000,4715.4000,4715.0000,4712.6000,4711.0000,4722.4000,4722.6000,4724.0000,4730.0000,4732.8000,1,1,1,2,1,2,1,1,4,5
SF,IC2006,2019-11-05 09:30:15.100,4720.6000,6606,0,2831760.000,0,-,-,-,-,4718.2000,4718.0000,4715.4000,4715.0000,4712.6000,4722.2000,4722.6000,4724.0000,4730.0000,4732.8000,1,1,1,1,2,1,1,1,4,5
SF,IC2006,2019-11-05 09:30:15.600,4720.6000,6606,0,2831760.000,0,-,-,-,-,4718.2000,4718.0000,4715.4000,4715.0000,4712.6000,4722.0000,4722.2000,4724.0000,4730.0000,4732.8000,1,1,1,1,2,1,1,1,4,5
SF,IC2006,2019-11-05 09:30:16.100,4720.6000,6606,0,2831760.000,0,-,-,-,-,4718.4000,4718.2000,4718.0000,4715.4000,4715.0000,4722.0000,4724.0000,4730.0000,4732.8000,4733.6000,1,1,1,1,1,1,1,4,5,5
SF,IC2006,2019-11-05 09:30:16.600,4720.6000,6606,0,2831760.000,0,-,-,-,-,4718.4000,4718.2000,4718.0000,4715.4000,4715.0000,4721.8000,4722.0000,4724.0000,4730.0000,4732.8000,1,1,1,1,1,1,1,1,4,5
SF,IC2006,2019-11-05 09:30:17.100,4720.6000,6606,0,2831760.000,0,-,-,-,-,4718.4000,4718.2000,4718.0000,4715.4000,4715.0000,4722.0000,4724.0000,4730.0000,4732.8000,4733.6000,1,1,1,1,1,1,1,4,5,5
SF,IC2006,2019-11-05 09:30:17.600,4720.6000,6606,0,2831760.000,0,-,-,-,-,4718.6000,4718.4000,4718.0000,4715.4000,4715.0000,4722.0000,4724.0000,4730.0000,4732.8000,4733.6000,1,1,1,1,1,1,1,4,5,5
SF,IC2006,2019-11-05 09:30:18.100,4720.6000,6606,0,2831760.000,0,-,-,-,-,4718.8000,4718.6000,4718.0000,4715.4000,4715.0000,4722.0000,4724.0000,4730.0000,4732.8000,4733.6000,2,1,1,1,1,1,1,4,5,5
SF,IC2006,2019-11-05 09:30:18.600,4720.6000,6606,0,2831760.000,0,-,-,-,-,4718.8000,4718.6000,4718.0000,4715.4000,4715.0000,4721.8000,4724.0000,4730.0000,4732.8000,4733.6000,2,1,1,1,1,1,1,4,5,5
SF,IC2006,2019-11-05 09:30:20.600,4720.6000,6606,0,2831760.000,0,-,-,-,-,4720.0000,4719.2000,4718.8000,4718.6000,4718.0000,4721.8000,4724.0000,4730.0000,4732.8000,4733.6000,1,1,2,1,1,1,1,4,5,5
SF,IC2006,2019-11-05 09:30:21.100,4721.8000,6606,0,3776120.000,1,0,1,多换,S,4721.2000,4720.2000,4720.0000,4719.2000,4718.8000,4724.0000,4730.0000,4732.8000,4733.6000,4736.6000,1,1,1,1,1,1,4,5,5,5
SF,IC2006,2019-11-05 09:30:21.600,4721.8000,6606,0,3776120.000,0,-,-,-,-,4721.2000,4720.0000,4719.2000,4718.8000,4718.6000,4724.0000,4730.0000,4732.8000,4733.6000,4736.6000,1,1,1,1,1,1,4,5,5,5
SF,IC2006,2019-11-05 09:30:22.100,4721.8000,6606,0,3776120.000,0,-,-,-,-,4720.0000,4719.2000,4718.6000,4718.0000,4715.0000,4724.0000,4730.0000,4732.8000,4733.6000,4736.6000,1,1,1,1,1,1,4,5,5,5
SF,IC2006,2019-11-05 09:30:22.600,4721.8000,6606,0,3776120.000,0,-,-,-,-,4721.2000,4720.2000,4720.0000,4719.2000,4719.0000,4724.0000,4730.0000,4732.8000,4733.6000,4736.6000,1,1,1,1,1,1,4,5,5,5
SF,IC2006,2019-11-05 09:30:23.100,4721.8000,6606,0,3776120.000,0,-,-,-,-,4720.0000,4719.2000,4719.0000,4718.6000,4718.0000,4723.8000,4724.0000,4730.0000,4732.8000,4733.6000,1,1,1,1,1,1,1,4,5,5
SF,IC2006,2019-11-05 09:30:23.600,4721.8000,6606,0,3776120.000,0,-,-,-,-,4721.2000,4720.2000,4720.0000,4719.2000,4719.0000,4724.0000,4730.0000,4732.8000,4733.6000,4736.6000,1,1,1,1,1,1,4,5,5,5
SF,IC2006,2019-11-05 09:30:24.100,4721.8000,6606,0,3776120.000,0,-,-,-,-,4721.2000,4720.0000,4719.2000,4719.0000,4718.6000,4723.8000,4724.0000,4730.0000,4732.8000,4733.6000,1,1,1,1,1,1,1,4,5,5
SF,IC2006,2019-11-05 09:30:25.600,4721.8000,6606,0,3776120.000,0,-,-,-,-,4721.4000,4721.2000,4720.0000,4719.2000,4719.0000,4723.8000,4724.0000,4730.0000,4732.8000,4733.6000,1,1,1,1,1,1,1,4,5,5
SF,IC2006,2019-11-05 09:30:26.100,4721.8000,6606,0,3776120.000,0,-,-,-,-,4721.4000,4721.2000,4720.0000,4719.2000,4719.0000,4724.0000,4730.0000,4732.8000,4733.6000,4736.6000,1,1,1,1,1,1,4,5,5,5
SF,IC2006,2019-11-05 09:30:27.100,4721.8000,6606,0,3776120.000,0,-,-,-,-,4721.4000,4719.2000,4719.0000,4718.0000,4715.0000,4724.0000,4730.0000,4732.8000,4733.6000,4736.6000,1,1,1,1,1,1,4,5,5,5
SF,IC2006,2019-11-05 09:30:27.600,4721.8000,6606,0,3776120.000,0,-,-,-,-,4721.4000,4719.2000,4719.0000,4718.0000,4715.0000,4723.8000,4724.0000,4730.0000,4732.8000,4733.6000,1,1,1,1,1,1,1,4,5,5
SF,IC2006,2019-11-05 09:30:28.100,4721.8000,6606,0,3776120.000,0,-,-,-,-,4721.4000,4721.2000,4719.2000,4719.0000,4718.0000,4723.8000,4724.0000,4730.0000,4732.8000,4733.6000,1,1,1,1,1,1,1,4,5,5
SF,IC2006,2019-11-05 09:30:28.600,4721.8000,6606,0,3776120.000,0,-,-,-,-,4721.6000,4721.2000,4719.2000,4719.0000,4718.0000,4724.0000,4730.0000,4732.8000,4733.6000,4736.6000,1,1,1,1,1,1,4,5,5,5
SF,IC2006,2019-11-05 09:30:29.600,4721.8000,6606,0,3776120.000,0,-,-,-,-,4721.6000,4719.2000,4719.0000,4718.0000,4715.0000,4724.0000,4730.0000,4732.8000,4733.6000,4736.6000,1,1,1,1,1,1,4,5,5,5
SF,IC2006,2019-11-05 09:30:30.600,4721.8000,6606,0,3776120.000,0,-,-,-,-,4721.8000,4721.6000,4719.2000,4719.0000,4718.0000,4724.0000,4730.0000,4732.8000,4733.6000,4736.6000,1,1,1,1,1,1,4,5,5,5
SF,IC2006,2019-11-05 09:30:31.100,4721.8000,6606,0,3776120.000,0,-,-,-,-,4722.0000,4721.8000,4721.6000,4719.0000,4718.0000,4724.0000,4730.0000,4732.8000,4733.6000,4736.6000,1,1,1,1,1,1,4,5,5,5
SF,IC2006,2019-11-05 09:30:31.600,4724.0000,6605,-1,4720920.000,1,0,1,双平,S,4722.2000,4722.0000,4721.8000,4721.6000,4719.0000,4730.0000,4732.8000,4733.6000,4736.6000,4740.0000,1,1,1,1,1,4,5,5,5,1
SF,IC2006,2019-11-05 09:30:32.100,4724.0000,6605,0,4720920.000,0,-,-,-,-,4722.4000,4722.2000,4722.0000,4721.8000,4718.0000,4728.4000,4730.0000,4732.8000,4733.6000,4736.6000,1,1,2,1,1,3,4,5,5,5
SF,IC2006,2019-11-05 09:30:32.600,4724.0000,6605,0,4720920.000,0,-,-,-,-,4722.4000,4722.0000,4721.8000,4721.2000,4718.0000,4728.4000,4730.0000,4732.8000,4733.6000,4736.6000,1,2,1,5,1,3,4,5,5,5
SF,IC2006,2019-11-05 09:30:33.100,4722.4000,6604,-1,5665400.000,1,0,1,双平,S,4723.0000,4722.6000,4722.0000,4721.8000,4721.2000,4728.2000,4728.4000,4730.0000,4732.8000,4733.6000,1,1,2,1,5,1,3,4,5,5
SF,IC2006,2019-11-05 09:30:33.600,4722.4000,6604,0,5665400.000,0,-,-,-,-,4723.0000,4722.6000,4722.0000,4721.8000,4721.2000,4728.0000,4728.2000,4730.0000,4732.8000,4733.6000,2,1,2,1,5,3,1,4,5,5
SF,IC2006,2019-11-05 09:30:34.100,4722.4000,6604,0,5665400.000,0,-,-,-,-,4723.0000,4722.6000,4722.0000,4721.8000,4721.2000,4727.8000,4728.0000,4730.0000,4732.8000,4733.6000,2,1,2,1,5,1,3,4,5,5
SF,IC2006,2019-11-05 09:30:34.600,4722.4000,6604,0,5665400.000,0,-,-,-,-,4723.0000,4722.0000,4721.8000,4718.0000,4715.4000,4727.0000,4727.8000,4730.0000,4732.8000,4733.6000,1,2,1,1,5,3,1,4,5,5
SF,IC2006,2019-11-05 09:30:35.100,4722.4000,6604,0,5665400.000,0,-,-,-,-,4722.0000,4721.8000,4718.0000,4715.4000,4715.0000,4726.8000,4727.0000,4730.0000,4732.8000,4733.6000,1,1,1,5,1,1,3,4,5,5
SF,IC2006,2019-11-05 09:30:35.600,4722.4000,6604,0,5665400.000,0,-,-,-,-,4722.0000,4718.0000,4715.4000,4715.0000,4712.6000,4726.4000,4726.8000,4730.0000,4732.8000,4733.6000,1,1,5,1,2,3,1,4,5,5
SF,IC2006,2019-11-05 09:30:36.100,4722.4000,6604,0,5665400.000,0,-,-,-,-,4722.0000,4718.0000,4715.4000,4712.6000,4711.6000,4726.2000,4726.4000,4730.0000,4732.8000,4733.6000,1,1,5,2,1,1,3,4,5,5
SF,IC2006,2019-11-05 09:30:36.600,4725.4000,6604,0,6610480.000,1,0,1,多换,S,4722.0000,4720.6000,4718.0000,4715.4000,4712.6000,4725.4000,4726.2000,4730.0000,4732.8000,4733.6000,1,1,1,5,2,2,1,4,5,5
SF,IC2006,2019-11-05 09:30:37.100,4725.4000,6604,0,6610480.000,0,-,-,-,-,4722.0000,4720.6000,4718.0000,4715.4000,4712.6000,4725.2000,4726.2000,4730.0000,4732.8000,4733.6000,1,1,1,5,2,2,1,4,5,5
SF,IC2006,2019-11-05 09:30:37.600,4725.4000,6604,0,6610480.000,0,-,-,-,-,4722.0000,4720.6000,4718.0000,4715.4000,4712.6000,4725.0000,4725.2000,4726.2000,4730.0000,4732.8000,1,1,1,5,2,1,2,1,4,5
SF,IC2006,2019-11-05 09:30:38.100,4725.4000,6604,0,6610480.000,0,-,-,-,-,4722.0000,4718.0000,4715.4000,4712.6000,4711.6000,4724.8000,4725.0000,4726.2000,4730.0000,4732.8000,1,1,5,2,1,2,1,1,4,5
SF,IC2006,2019-11-05 09:30:38.600,4725.4000,6604,0,6610480.000,0,-,-,-,-,4722.0000,4718.0000,4715.4000,4712.6000,4711.6000,4724.8000,4725.0000,4726.2000,4726.8000,4730.0000,1,1,5,2,1,2,1,1,1,4
SF,IC2006,2019-11-05 09:30:40.100,4725.4000,6604,0,6610480.000,0,-,-,-,-,4722.0000,4718.0000,4715.4000,4712.6000,4711.6000,4724.8000,4725.0000,4726.2000,4726.8000,4730.0000,1,1,5,2,1,2,1,1,1,4
SF,IC2006,2019-11-05 09:30:41.100,4725.4000,6604,0,6610480.000,0,-,-,-,-,4722.0000,4715.4000,4712.6000,4711.6000,4711.0000,4724.8000,4726.2000,4726.8000,4730.0000,4732.8000,1,5,2,1,1,2,1,1,4,5
SF,IC2006,2019-11-05 09:30:41.600,4725.4000,6604,0,6610480.000,0,-,-,-,-,4722.0000,4715.4000,4712.6000,4711.6000,4711.0000,4724.8000,4726.2000,4726.8000,4730.0000,4732.8000,2,5,2,1,1,2,1,1,4,5
SF,IC2006,2019-11-05 09:30:42.100,4725.4000,6604,0,6610480.000,0,-,-,-,-,4722.0000,4715.4000,4712.6000,4711.6000,4711.0000,4724.6000,4726.2000,4726.8000,4730.0000,4732.8000,2,5,2,1,1,1,1,1,4,5
SF,IC2006,2019-11-05 09:30:44.100,4725.4000,6604,0,6610480.000,0,-,-,-,-,4722.0000,4715.4000,4712.6000,4711.6000,4711.0000,4724.6000,4726.2000,4726.8000,4730.0000,4732.8000,2,5,2,1,1,2,1,1,4,5
SF,IC2006,2019-11-05 09:30:46.100,4725.4000,6604,0,6610480.000,0,-,-,-,-,4722.0000,4715.4000,4712.6000,4711.6000,4711.0000,4724.6000,4726.2000,4726.8000,4730.0000,4732.8000,2,5,2,1,1,2,1,1,4,5
SF,IC2006,2019-11-05 09:30:53.600,4725.4000,6604,0,6610480.000,0,-,-,-,-,4722.0000,4715.4000,4712.6000,4711.6000,4711.0000,4724.6000,4726.2000,4726.8000,4730.0000,4732.8000,2,5,2,1,1,2,1,1,4,5
SF,IC2006,2019-11-05 09:30:57.600,4725.4000,6604,0,6610480.000,0,-,-,-,-,4722.0000,4715.4000,4712.6000,4711.6000,4711.0000,4724.0000,4724.6000,4726.2000,4726.8000,4730.0000,2,5,2,1,1,1,2,1,1,4
SF,IC2006,2019-11-05 09:30:58.100,4725.4000,6604,0,6610480.000,0,-,-,-,-,4722.0000,4715.4000,4712.6000,4711.6000,4711.0000,4724.0000,4724.6000,4726.2000,4726.8000,4730.0000,3,5,2,1,1,1,1,1,1,4
SF,IC2006,2019-11-05 09:31:04.100,4724.0000,6604,0,7555280.000,1,0,1,多换,S,4722.0000,4715.4000,4712.6000,4711.6000,4711.0000,4724.6000,4726.2000,4726.8000,4730.0000,4732.8000,3,5,2,1,1,1,1,1,4,5
SF,IC2006,2019-11-05 09:31:06.100,4724.0000,6604,0,7555280.000,0,-,-,-,-,4722.0000,4715.4000,4712.6000,4711.6000,4711.0000,4723.0000,4724.6000,4726.2000,4726.8000,4730.0000,3,5,2,1,1,1,1,1,1,4
SF,IC2006,2019-11-05 09:31:06.600,4723.0000,6604,0,8499880.000,1,0,1,多换,S,4722.0000,4715.4000,4712.6000,4711.6000,4711.0000,4724.6000,4726.2000,4726.8000,4730.0000,4732.8000,3,5,2,1,1,1,1,1,4,5
SF,IC2006,2019-11-05 09:31:08.600,4723.0000,6604,0,8499880.000,0,-,-,-,-,4722.0000,4715.4000,4712.6000,4711.6000,4711.0000,4724.0000,4724.6000,4726.2000,4726.8000,4730.0000,3,5,2,1,1,1,1,1,1,4
SF,IC2006,2019-11-05 09:31:10.100,4723.0000,6604,0,8499880.000,0,-,-,-,-,4722.0000,4715.4000,4712.6000,4711.6000,4711.0000,4724.0000,4724.6000,4726.2000,4726.8000,4730.0000,2,5,2,1,1,1,1,1,1,4
SF,IC2006,2019-11-05 09:31:13.600,4723.0000,6604,0,8499880.000,0,-,-,-,-,4722.0000,4715.4000,4712.6000,4711.6000,4711.0000,4724.0000,4724.6000,4726.2000,4726.8000,4730.0000,2,5,2,1,1,2,1,1,1,4
SF,IC2006,2019-11-05 09:31:18.100,4724.0000,6604,0,9444680.000,1,0,1,多换,S,4722.0000,4715.4000,4712.6000,4711.6000,4711.0000,4724.0000,4724.6000,4726.2000,4726.8000,4730.0000,2,5,2,1,1,1,1,1,1,4
SF,IC2006,2019-11-05 09:31:18.600,4724.0000,6604,0,10389480.000,1,0,1,多换,S,4722.2000,4722.0000,4715.4000,4712.6000,4711.6000,4724.6000,4726.2000,4726.8000,4730.0000,4732.8000,2,2,5,2,1,1,1,1,4,5
SF,IC2006,2019-11-05 09:31:19.100,4724.0000,6604,0,10389480.000,0,-,-,-,-,4722.2000,4722.0000,4715.4000,4712.6000,4711.6000,4724.6000,4726.2000,4726.8000,4730.0000,4732.8000,2,1,5,2,1,1,1,1,4,5
SF,IC2006,2019-11-05 09:31:19.600,4724.0000,6604,0,10389480.000,0,-,-,-,-,4722.2000,4722.0000,4715.4000,4712.6000,4711.6000,4724.6000,4726.2000,4726.8000,4730.0000,4732.8000,3,1,5,2,1,1,1,1,4,5
SF,IC2006,2019-11-05 09:31:22.600,4724.0000,6604,0,10389480.000,0,-,-,-,-,4722.8000,4722.2000,4722.0000,4715.4000,4715.0000,4724.0000,4724.6000,4726.2000,4726.8000,4730.0000,1,3,1,5,1,1,1,1,1,4
SF,IC2006,2019-11-05 09:31:23.100,4724.0000,6604,0,11334280.000,1,0,1,多换,S,4723.0000,4722.8000,4722.2000,4722.0000,4715.4000,4724.6000,4726.2000,4726.8000,4730.0000,4732.8000,1,1,1,1,5,1,1,1,4,5
SF,IC2006,2019-11-05 09:31:23.600,4724.0000,6604,0,11334280.000,0,-,-,-,-,4722.8000,4722.2000,4722.0000,4715.4000,4715.0000,4724.6000,4726.8000,4730.0000,4732.8000,4733.6000,1,1,1,5,1,1,1,4,5,5
SF,IC2006,2019-11-05 09:31:25.600,4724.0000,6604,0,11334280.000,0,-,-,-,-,4722.8000,4722.2000,4722.0000,4715.4000,4715.0000,4724.6000,4726.8000,4730.0000,4732.8000,4733.6000,1,1,1,5,1,1,1,4,5,5
SF,IC2006,2019-11-05 09:31:27.600,4722.8000,6603,-1,12278840.000,1,0,1,双平,S,4722.2000,4715.4000,4715.0000,4713.0000,4712.6000,4724.0000,4724.6000,4726.8000,4730.0000,4732.8000,1,5,1,1,2,1,1,1,4,5
SF,IC2006,2019-11-05 09:31:28.100,4722.8000,6603,0,12278840.000,0,-,-,-,-,4722.4000,4722.2000,4715.4000,4715.0000,4713.0000,4724.0000,4724.6000,4726.8000,4730.0000,4732.8000,1,2,5,1,1,1,1,1,4,5
SF,IC2006,2019-11-05 09:31:30.600,4722.8000,6603,0,12278840.000,0,-,-,-,-,4722.4000,4722.2000,4715.4000,4715.0000,4713.0000,4724.0000,4724.6000,4726.8000,4730.0000,4732.8000,1,2,5,1,1,1,1,1,4,5
SF,IC2006,2019-11-05 09:31:31.100,4722.8000,6603,0,12278840.000,0,-,-,-,-,4722.2000,4715.4000,4715.0000,4713.0000,4711.6000,4724.0000,4724.6000,4726.8000,4730.0000,4732.8000,2,5,1,1,1,1,1,1,4,5
SF,IC2006,2019-11-05 09:31:31.600,4722.8000,6603,0,12278840.000,0,-,-,-,-,4722.2000,4715.4000,4715.0000,4713.0000,4711.6000,4723.0000,4724.0000,4724.6000,4726.8000,4730.0000,2,5,1,1,1,1,1,1,1,4
SF,IC2006,2019-11-05 09:31:32.100,4723.0000,6603,0,13223440.000,1,0,1,多换,S,4722.2000,4715.4000,4715.0000,4713.0000,4711.6000,4724.0000,4724.6000,4726.8000,4730.0000,4732.8000,2,5,1,1,1,1,1,1,4,5
SF,IC2006,2019-11-05 09:31:32.600,4723.0000,6603,0,13223440.000,0,-,-,-,-,4722.4000,4722.2000,4715.4000,4715.0000,4713.0000,4724.0000,4724.6000,4726.8000,4730.0000,4732.8000,1,2,5,1,1,1,1,1,4,5
SF,IC2006,2019-11-05 09:31:36.100,4723.0000,6603,0,13223440.000,0,-,-,-,-,4722.4000,4722.2000,4715.4000,4715.0000,4713.0000,4723.8000,4724.0000,4724.6000,4726.8000,4730.0000,1,2,5,1,1,3,1,1,1,4
SF,IC2006,2019-11-05 09:31:40.100,4722.4000,6602,-1,14167920.000,1,0,1,双平,S,4722.2000,4715.4000,4715.0000,4713.0000,4711.6000,4723.8000,4724.0000,4724.6000,4726.8000,4730.0000,2,5,1,1,1,3,1,1,1,4
SF,IC2006,2019-11-05 09:31:40.600,4722.2000,6601,-1,16056800.000,2,0,2,多平,S,4715.4000,4715.0000,4713.0000,4711.6000,4711.0000,4723.6000,4723.8000,4724.0000,4724.6000,4726.8000,5,1,1,1,1,1,3,1,1,1
SF,IC2006,2019-11-05 09:31:41.100,4722.2000,6601,0,16056800.000,0,-,-,-,-,4717.8000,4716.2000,4715.4000,4715.0000,4713.0000,4723.4000,4723.6000,4723.8000,4724.0000,4724.6000,3,2,6,1,1,1,1,3,1,1
SF,IC2006,2019-11-05 09:31:41.600,4722.2000,6601,0,16056800.000,0,-,-,-,-,4717.8000,4716.2000,4715.4000,4715.0000,4713.0000,4723.2000,4723.4000,4723.8000,4724.0000,4724.6000,3,2,6,1,1,1,1,3,1,1
SF,IC2006,2019-11-05 09:31:42.100,4722.2000,6601,0,16056800.000,0,-,-,-,-,4718.0000,4717.8000,4716.2000,4715.4000,4715.0000,4723.0000,4723.2000,4723.8000,4724.0000,4724.6000,1,3,2,6,1,1,1,3,1,1
SF,IC2006,2019-11-05 09:31:42.600,4722.2000,6601,0,16056800.000,0,-,-,-,-,4718.2000,4718.0000,4716.2000,4715.4000,4715.0000,4722.8000,4723.0000,4723.8000,4724.0000,4724.6000,2,1,2,6,1,1,1,3,1,1
SF,IC2006,2019-11-05 09:31:43.100,4722.2000,6601,0,16056800.000,0,-,-,-,-,4718.4000,4718.2000,4718.0000,4716.2000,4715.4000,4722.6000,4722.8000,4723.8000,4724.0000,4724.6000,1,2,1,2,6,1,1,3,1,1
SF,IC2006,2019-11-05 09:31:43.600,4722.2000,6601,0,16056800.000,0,-,-,-,-,4718.6000,4718.4000,4718.0000,4716.2000,4715.4000,4722.4000,4722.6000,4723.8000,4724.0000,4724.6000,1,1,1,2,6,1,1,3,1,1
SF,IC2006,2019-11-05 09:31:44.100,4722.2000,6601,0,16056800.000,0,-,-,-,-,4719.2000,4718.8000,4718.6000,4718.4000,4715.4000,4722.4000,4722.6000,4723.8000,4724.0000,4724.6000,1,2,1,1,6,1,1,3,1,1
SF,IC2006,2019-11-05 09:31:44.600,4722.2000,6601,0,16056800.000,0,-,-,-,-,4719.4000,4719.2000,4718.8000,4715.4000,4715.0000,4722.4000,4722.6000,4723.8000,4724.0000,4724.6000,1,1,2,6,1,1,1,4,1,1
SF,IC2006,2019-11-05 09:31:46.600,4722.2000,6601,0,16056800.000,0,-,-,-,-,4719.6000,4719.4000,4719.2000,4718.8000,4715.4000,4722.4000,4722.6000,4723.8000,4724.0000,4724.6000,1,1,1,1,6,1,1,4,1,1
SF,IC2006,2019-11-05 09:31:47.100,4722.2000,6601,0,16056800.000,0,-,-,-,-,4719.8000,4719.6000,4719.4000,4719.2000,4715.4000,4722.4000,4722.6000,4723.8000,4724.0000,4724.6000,1,1,1,1,6,1,1,4,1,1
SF,IC2006,2019-11-05 09:31:47.600,4722.2000,6601,0,16056800.000,0,-,-,-,-,4719.8000,4719.6000,4719.4000,4715.4000,4715.0000,4722.4000,4722.6000,4723.8000,4724.0000,4724.6000,1,1,1,6,1,2,1,4,1,1
SF,IC2006,2019-11-05 09:31:48.100,4722.2000,6601,0,16056800.000,0,-,-,-,-,4719.8000,4719.6000,4719.4000,4715.4000,4715.0000,4722.4000,4722.6000,4723.8000,4724.0000,4724.6000,1,1,1,6,1,2,1,4,1,1
SF,IC2006,2019-11-05 09:31:48.600,4722.2000,6601,0,16056800.000,0,-,-,-,-,4719.8000,4719.6000,4719.4000,4715.4000,4715.0000,4722.4000,4722.6000,4723.8000,4724.0000,4724.6000,1,1,1,6,1,2,1,4,1,1
SF,IC2006,2019-11-05 09:31:50.600,4722.4000,6602,1,17945760.000,2,1,1,空开,S,4719.8000,4719.6000,4719.4000,4718.4000,4715.4000,4722.6000,4723.4000,4723.8000,4724.0000,4724.6000,1,1,1,1,6,1,1,4,1,1
SF,IC2006,2019-11-05 09:31:51.100,4722.4000,6602,0,17945760.000,0,-,-,-,-,4719.8000,4719.6000,4719.4000,4715.4000,4715.0000,4722.4000,4723.8000,4724.0000,4724.6000,4726.8000,1,1,1,6,1,1,4,1,1,1
SF,IC2006,2019-11-05 09:31:51.600,4722.4000,6602,0,17945760.000,0,-,-,-,-,4719.8000,4719.4000,4715.4000,4715.0000,4713.0000,4722.4000,4723.8000,4724.0000,4724.6000,4726.8000,1,1,6,1,1,1,4,1,1,1
SF,IC2006,2019-11-05 09:31:54.100,4722.4000,6602,0,17945760.000,0,-,-,-,-,4719.8000,4719.4000,4715.4000,4715.0000,4713.0000,4722.0000,4722.4000,4723.8000,4724.0000,4724.6000,1,1,6,1,1,1,1,4,1,1
SF,IC2006,2019-11-05 09:31:54.600,4722.4000,6602,0,17945760.000,0,-,-,-,-,4719.8000,4719.4000,4715.4000,4715.0000,4713.0000,4722.0000,4723.8000,4724.0000,4724.6000,4726.8000,1,1,6,1,1,1,4,1,1,1
SF,IC2006,2019-11-05 09:31:56.600,4722.4000,6602,0,17945760.000,0,-,-,-,-,4719.8000,4719.4000,4715.4000,4715.0000,4713.0000,4722.0000,4723.8000,4724.0000,4724.6000,4726.8000,1,1,6,1,1,1,4,1,1,1
SF,IC2006,2019-11-05 09:31:58.100,4722.4000,6602,0,17945760.000,0,-,-,-,-,4719.8000,4719.4000,4715.4000,4715.0000,4713.0000,4722.0000,4723.8000,4724.0000,4724.6000,4726.8000,1,1,6,1,1,1,4,1,1,1
SF,IC2006,2019-11-05 09:32:00.100,4722.4000,6602,0,17945760.000,0,-,-,-,-,4720.0000,4719.8000,4719.4000,4715.4000,4715.0000,4721.0000,4722.0000,4723.8000,4724.0000,4724.6000,1,1,1,6,1,1,1,4,1,1
SF,IC2006,2019-11-05 09:32:01.100,4722.4000,6602,0,17945760.000,0,-,-,-,-,4720.0000,4719.4000,4715.4000,4715.0000,4713.0000,4721.0000,4722.0000,4723.8000,4724.0000,4724.6000,1,1,6,1,1,1,1,4,1,1
SF,IC2006,2019-11-05 09:32:01.600,4722.4000,6602,0,17945760.000,0,-,-,-,-,4719.4000,4715.4000,4715.0000,4713.0000,4711.6000,4721.0000,4722.0000,4723.8000,4724.0000,4724.6000,1,6,1,1,1,1,1,4,1,1
SF,IC2006,2019-11-05 09:32:03.100,4722.4000,6602,0,17945760.000,0,-,-,-,-,4719.6000,4719.4000,4715.4000,4715.0000,4713.0000,4721.0000,4722.0000,4723.8000,4724.0000,4724.6000,1,1,6,1,1,1,1,4,1,1
SF,IC2006,2019-11-05 09:32:04.100,4722.4000,6602,0,17945760.000,0,-,-,-,-,4719.6000,4719.4000,4715.4000,4715.0000,4713.0000,4721.0000,4722.0000,4723.8000,4724.0000,4724.6000,1,1,6,1,1,1,1,4,1,1
SF,IC2006,2019-11-05 09:32:05.100,4722.4000,6602,0,17945760.000,0,-,-,-,-,4720.0000,4719.6000,4715.4000,4715.0000,4713.0000,4721.0000,4722.0000,4723.8000,4724.0000,4724.6000,1,1,6,1,1,1,1,4,1,1
SF,IC2006,2019-11-05 09:32:05.600,4720.0000,6602,0,18889760.000,1,0,1,多换,S,4719.6000,4715.4000,4715.0000,4713.0000,4711.6000,4721.0000,4722.0000,4723.8000,4724.0000,4724.6000,1,6,1,1,1,1,1,4,1,1
SF,IC2006,2019-11-05 09:32:06.600,4720.0000,6602,0,18889760.000,0,-,-,-,-,4715.4000,4715.0000,4713.0000,4711.6000,4711.0000,4721.0000,4722.0000,4723.8000,4724.0000,4724.6000,6,1,1,1,1,1,1,4,1,1
SF,IC2006,2019-11-05 09:32:07.100,4720.0000,6602,0,18889760.000,0,-,-,-,-,4715.6000,4715.4000,4715.0000,4713.0000,4711.6000,4720.8000,4721.0000,4722.0000,4723.8000,4724.0000,3,6,1,1,1,2,1,1,4,1
SF,IC2006,2019-11-05 09:32:07.600,4720.0000,6602,0,18889760.000,0,-,-,-,-,4715.8000,4715.6000,4715.4000,4715.0000,4713.0000,4720.8000,4721.0000,4722.0000,4723.8000,4724.0000,1,3,6,1,1,2,1,1,4,1
SF,IC2006,2019-11-05 09:32:08.100,4720.0000,6602,0,18889760.000,0,-,-,-,-,4716.0000,4715.8000,4715.4000,4715.0000,4713.0000,4720.8000,4721.0000,4722.0000,4723.8000,4724.0000,3,1,6,1,1,2,1,1,4,1
SF,IC2006,2019-11-05 09:32:08.600,4720.0000,6602,0,18889760.000,0,-,-,-,-,4716.2000,4716.0000,4715.8000,4715.4000,4715.0000,4720.8000,4721.0000,4722.0000,4723.8000,4724.0000,1,3,1,6,1,2,1,1,4,1
SF,IC2006,2019-11-05 09:32:09.100,4720.0000,6602,0,18889760.000,0,-,-,-,-,4716.4000,4716.2000,4715.8000,4715.4000,4715.0000,4720.8000,4721.0000,4722.0000,4723.8000,4724.0000,1,1,1,1,1,2,1,1,4,1
SF,IC2006,2019-11-05 09:32:09.600,4720.0000,6602,0,18889760.000,0,-,-,-,-,4716.8000,4716.6000,4716.4000,4716.2000,4715.4000,4720.8000,4721.0000,4722.0000,4723.8000,4724.0000,1,1,1,1,1,2,1,1,4,1
SF,IC2006,2019-11-05 09:32:10.100,4720.0000,6602,0,18889760.000,0,-,-,-,-,4717.0000,4716.8000,4716.6000,4715.4000,4715.0000,4720.8000,4721.0000,4722.0000,4723.8000,4724.0000,2,1,1,1,1,2,1,1,4,1
SF,IC2006,2019-11-05 09:32:11.600,4720.0000,6602,0,18889760.000,0,-,-,-,-,4717.8000,4717.0000,4716.6000,4715.4000,4715.0000,4720.8000,4721.0000,4722.0000,4723.8000,4724.0000,1,2,1,1,1,2,1,1,4,1
SF,IC2006,2019-11-05 09:32:12.100,4720.0000,6602,0,18889760.000,0,-,-,-,-,4717.8000,4717.0000,4716.6000,4715.4000,4715.0000,4720.8000,4721.0000,4722.0000,4723.8000,4724.0000,1,1,1,1,1,2,1,1,4,1
SF,IC2006,2019-11-05 09:32:13.100,4717.8000,6601,-1,19833320.000,1,0,1,双平,S,4717.0000,4716.6000,4715.4000,4715.0000,4713.0000,4720.8000,4721.0000,4722.0000,4723.8000,4724.0000,1,1,1,1,1,2,1,1,4,1
SF,IC2006,2019-11-05 09:32:14.100,4717.8000,6601,0,19833320.000,0,-,-,-,-,4717.0000,4716.6000,4715.4000,4715.0000,4713.0000,4720.6000,4720.8000,4721.0000,4722.0000,4723.8000,1,1,1,1,1,1,2,1,1,4
SF,IC2006,2019-11-05 09:32:14.600,4717.8000,6601,0,19833320.000,0,-,-,-,-,4717.2000,4717.0000,4716.6000,4715.4000,4715.0000,4720.4000,4720.6000,4721.0000,4722.0000,4723.8000,1,1,1,1,1,2,1,1,1,4
SF,IC2006,2019-11-05 09:32:15.100,4717.8000,6601,0,19833320.000,0,-,-,-,-,4717.4000,4717.2000,4717.0000,4715.4000,4715.0000,4720.4000,4720.6000,4721.0000,4722.0000,4723.8000,1,1,1,1,1,2,1,1,1,4
SF,IC2006,2019-11-05 09:32:15.600,4717.8000,6601,0,19833320.000,0,-,-,-,-,4717.4000,4717.0000,4715.4000,4715.0000,4713.0000,4720.4000,4721.0000,4722.0000,4723.8000,4724.0000,1,1,1,1,1,2,1,1,4,1
SF,IC2006,2019-11-05 09:32:16.100,4717.8000,6601,0,19833320.000,0,-,-,-,-,4717.4000,4717.0000,4715.4000,4715.0000,4713.0000,4720.4000,4721.0000,4722.0000,4723.8000,4724.0000,1,1,1,1,1,2,1,1,4,1
SF,IC2006,2019-11-05 09:32:17.600,4717.8000,6601,0,19833320.000,0,-,-,-,-,4717.6000,4717.4000,4717.0000,4715.4000,4715.0000,4720.4000,4721.0000,4722.0000,4723.8000,4724.0000,1,1,1,1,1,2,1,1,4,1
SF,IC2006,2019-11-05 09:32:18.100,4717.8000,6601,0,19833320.000,0,-,-,-,-,4717.6000,4717.4000,4717.0000,4715.4000,4715.0000,4720.2000,4720.4000,4721.0000,4722.0000,4723.8000,1,1,1,1,1,1,1,1,1,4
SF,IC2006,2019-11-05 09:32:18.600,4717.8000,6601,0,19833320.000,0,-,-,-,-,4717.8000,4717.6000,4717.4000,4715.4000,4715.0000,4721.0000,4722.0000,4723.8000,4724.0000,4724.6000,1,1,1,1,1,1,1,4,1,1
SF,IC2006,2019-11-05 09:32:19.100,4717.8000,6601,0,19833320.000,0,-,-,-,-,4718.0000,4717.8000,4717.6000,4717.4000,4715.4000,4720.8000,4721.0000,4722.0000,4723.8000,4724.0000,1,1,1,1,1,1,1,1,4,1
SF,IC2006,2019-11-05 09:32:19.600,4717.8000,6601,0,19833320.000,0,-,-,-,-,4720.4000,4718.2000,4718.0000,4717.8000,4717.6000,4721.0000,4722.0000,4723.8000,4724.0000,4724.6000,1,1,2,1,1,1,1,4,1,1
SF,IC2006,2019-11-05 09:32:20.100,4720.4000,6601,0,20777400.000,1,0,1,多换,S,4718.2000,4718.0000,4717.8000,4717.6000,4717.2000,4720.8000,4721.0000,4722.0000,4723.8000,4724.0000,1,1,1,1,1,1,1,1,4,1
SF,IC2006,2019-11-05 09:32:23.100,4720.4000,6601,0,20777400.000,0,-,-,-,-,4718.4000,4718.2000,4718.0000,4717.8000,4717.2000,4720.8000,4721.0000,4722.0000,4723.8000,4724.0000,1,1,1,1,1,1,1,1,4,1
SF,IC2006,2019-11-05 09:32:24.100,4720.4000,6601,0,20777400.000,0,-,-,-,-,4718.4000,4718.2000,4718.0000,4717.8000,4717.2000,4720.8000,4721.0000,4722.0000,4723.8000,4724.0000,1,1,1,1,1,1,1,1,4,1
SF,IC2006,2019-11-05 09:32:24.600,4720.4000,6601,0,20777400.000,0,-,-,-,-,4718.4000,4718.2000,4717.8000,4717.2000,4715.4000,4720.8000,4721.0000,4722.0000,4723.8000,4724.0000,1,1,1,1,1,1,1,1,4,1
SF,IC2006,2019-11-05 09:32:33.100,4720.4000,6601,0,20777400.000,0,-,-,-,-,4718.4000,4717.8000,4717.2000,4715.4000,4715.0000,4720.8000,4721.0000,4722.0000,4723.8000,4724.0000,1,1,1,1,1,1,1,1,4,1
SF,IC2006,2019-11-05 09:32:34.100,4720.4000,6601,0,20777400.000,0,-,-,-,-,4718.4000,4717.8000,4717.2000,4715.4000,4715.0000,4720.0000,4720.8000,4721.0000,4722.0000,4723.8000,1,1,1,1,1,1,1,1,1,4
SF,IC2006,2019-11-05 09:32:34.600,4720.4000,6601,0,20777400.000,0,-,-,-,-,4718.4000,4717.2000,4715.4000,4715.0000,4713.0000,4720.0000,4721.0000,4722.0000,4723.8000,4724.0000,1,1,1,1,1,1,1,1,4,1
SF,IC2006,2019-11-05 09:32:35.100,4720.4000,6601,0,20777400.000,0,-,-,-,-,4718.4000,4717.2000,4715.4000,4713.0000,4711.6000,4720.0000,4721.0000,4722.0000,4723.8000,4724.0000,1,1,1,1,1,1,1,1,4,1
SF,IC2006,2019-11-05 09:32:35.600,4720.4000,6601,0,20777400.000,0,-,-,-,-,4717.2000,4715.4000,4713.0000,4711.6000,4711.0000,4720.0000,4721.0000,4722.0000,4723.8000,4724.0000,1,1,1,1,1,1,1,1,4,1
SF,IC2006,2019-11-05 09:32:36.100,4720.4000,6601,0,20777400.000,0,-,-,-,-,4715.4000,4713.0000,4711.6000,4711.0000,4710.0000,4720.0000,4721.0000,4722.0000,4723.8000,4724.0000,1,1,1,1,1,1,1,1,4,1
SF,IC2006,2019-11-05 09:32:36.600,4720.4000,6601,0,20777400.000,0,-,-,-,-,4715.6000,4715.4000,4713.0000,4711.6000,4711.0000,4719.8000,4720.0000,4721.0000,4722.0000,4723.8000,2,1,1,1,1,1,2,1,1,4
SF,IC2006,2019-11-05 09:32:37.100,4720.4000,6601,0,20777400.000,0,-,-,-,-,4715.8000,4715.6000,4715.4000,4713.0000,4711.6000,4719.8000,4720.0000,4721.0000,4722.0000,4723.8000,1,2,1,1,1,1,2,1,1,4
SF,IC2006,2019-11-05 09:32:37.600,4720.4000,6601,0,20777400.000,0,-,-,-,-,4716.0000,4715.8000,4715.4000,4713.0000,4711.6000,4719.8000,4720.0000,4721.0000,4722.0000,4723.8000,2,1,1,1,1,1,2,1,1,4
SF,IC2006,2019-11-05 09:32:38.100,4720.4000,6601,0,20777400.000,0,-,-,-,-,4716.2000,4716.0000,4715.8000,4715.4000,4713.0000,4719.8000,4720.0000,4721.0000,4722.0000,4723.8000,1,2,1,1,1,1,2,1,1,4
SF,IC2006,2019-11-05 09:32:38.600,4720.4000,6601,0,20777400.000,0,-,-,-,-,4716.4000,4716.2000,4715.8000,4715.4000,4713.0000,4719.8000,4720.0000,4721.0000,4722.0000,4723.8000,1,1,1,1,1,1,2,1,1,4
SF,IC2006,2019-11-05 09:32:39.100,4720.4000,6601,0,20777400.000,0,-,-,-,-,4716.6000,4716.4000,4716.2000,4715.4000,4713.0000,4719.6000,4719.8000,4720.0000,4721.0000,4722.0000,2,1,1,1,1,2,1,2,1,1
SF,IC2006,2019-11-05 09:32:39.600,4720.4000,6601,0,20777400.000,0,-,-,-,-,4716.6000,4716.2000,4715.4000,4713.0000,4711.6000,4719.6000,4719.8000,4720.0000,4721.0000,4722.0000,2,1,1,1,1,2,1,2,1,1
SF,IC2006,2019-11-05 09:32:40.100,4720.4000,6601,0,20777400.000,0,-,-,-,-,4716.8000,4716.6000,4716.2000,4715.4000,4713.0000,4719.6000,4719.8000,4720.0000,4721.0000,4722.0000,1,2,1,1,1,2,1,2,1,1
SF,IC2006,2019-11-05 09:32:41.100,4720.4000,6601,0,20777400.000,0,-,-,-,-,4716.8000,4716.6000,4716.2000,4715.4000,4713.0000,4719.6000,4719.8000,4720.0000,4721.0000,4722.0000,1,1,1,1,1,2,1,2,1,1
SF,IC2006,2019-11-05 09:32:41.600,4720.4000,6601,0,20777400.000,0,-,-,-,-,4717.2000,4716.8000,4716.6000,4716.2000,4715.4000,4719.6000,4719.8000,4720.0000,4721.0000,4722.0000,1,1,1,1,1,2,1,2,1,1
SF,IC2006,2019-11-05 09:32:42.100,4720.4000,6601,0,20777400.000,0,-,-,-,-,4717.2000,4716.6000,4716.2000,4715.4000,4713.0000,4719.6000,4720.0000,4721.0000,4722.0000,4723.8000,1,1,1,1,1,2,2,1,1,4
SF,IC2006,2019-11-05 09:32:42.600,4720.4000,6601,0,20777400.000,0,-,-,-,-,4717.2000,4716.6000,4716.2000,4715.4000,4713.0000,4719.6000,4720.0000,4721.0000,4722.0000,4723.8000,1,1,1,1,1,1,2,1,1,4
SF,IC2006,2019-11-05 09:32:43.100,4720.4000,6601,0,20777400.000,0,-,-,-,-,4717.2000,4716.6000,4716.2000,4715.4000,4713.0000,4720.0000,4721.0000,4722.0000,4723.8000,4724.0000,1,1,1,1,1,2,1,1,4,1
SF,IC2006,2019-11-05 09:32:44.600,4720.4000,6601,0,20777400.000,0,-,-,-,-,4717.2000,4716.6000,4716.2000,4715.4000,4713.0000,4720.0000,4721.0000,4722.0000,4723.8000,4724.0000,1,1,1,1,1,2,1,1,4,1
SF,IC2006,2019-11-05 09:32:45.600,4720.4000,6601,0,20777400.000,0,-,-,-,-,4717.4000,4717.2000,4716.6000,4715.4000,4713.0000,4720.0000,4721.0000,4722.0000,4723.8000,4724.0000,1,1,1,1,1,2,1,1,4,1
SF,IC2006,2019-11-05 09:32:46.100,4720.4000,6601,0,20777400.000,0,-,-,-,-,4717.4000,4717.2000,4716.6000,4715.4000,4713.0000,4720.0000,4721.0000,4722.0000,4723.8000,4724.0000,2,1,1,1,1,2,1,1,4,1
SF,IC2006,2019-11-05 09:32:48.100,4720.4000,6601,0,20777400.000,0,-,-,-,-,4717.4000,4717.2000,4716.6000,4715.4000,4713.0000,4720.0000,4721.0000,4722.0000,4723.8000,4724.0000,1,1,1,1,1,2,1,1,4,1
SF,IC2006,2019-11-05 09:32:52.600,4720.4000,6601,0,20777400.000,0,-,-,-,-,4717.4000,4717.2000,4716.6000,4715.4000,4713.0000,4719.8000,4720.0000,4721.0000,4722.0000,4723.8000,1,1,1,1,1,1,2,1,1,4
SF,IC2006,2019-11-05 09:32:53.100,4720.4000,6601,0,20777400.000,0,-,-,-,-,4717.6000,4717.4000,4717.2000,4716.6000,4715.4000,4719.8000,4720.0000,4721.0000,4722.0000,4723.8000,1,1,1,1,1,1,2,1,1,4
SF,IC2006,2019-11-05 09:32:53.600,4720.4000,6601,0,20777400.000,0,-,-,-,-,4717.8000,4717.6000,4717.4000,4717.2000,4715.4000,4719.8000,4720.0000,4721.0000,4722.0000,4723.8000,1,1,1,1,1,1,2,1,1,4
SF,IC2006,2019-11-05 09:32:54.100,4720.4000,6601,0,20777400.000,0,-,-,-,-,4717.8000,4717.4000,4717.2000,4715.4000,4713.0000,4719.8000,4720.0000,4721.0000,4722.0000,4723.8000,1,1,1,1,1,1,2,1,1,4
SF,IC2006,2019-11-05 09:32:56.100,4719.8000,6601,0,21721360.000,1,0,1,多换,S,4717.8000,4717.4000,4717.2000,4715.4000,4713.0000,4720.0000,4721.0000,4722.0000,4723.8000,4724.0000,1,1,1,1,1,2,1,1,4,1
SF,IC2006,2019-11-05 09:32:56.600,4719.8000,6601,0,21721360.000,0,-,-,-,-,4718.2000,4718.0000,4717.8000,4717.4000,4717.2000,4720.0000,4721.0000,4722.0000,4723.8000,4724.0000,1,2,1,1,1,2,1,1,4,1
SF,IC2006,2019-11-05 09:32:57.100,4719.8000,6601,0,21721360.000,0,-,-,-,-,4718.4000,4718.2000,4717.8000,4717.2000,4715.4000,4720.0000,4721.0000,4722.0000,4723.8000,4724.0000,2,1,1,1,1,2,1,1,4,1
SF,IC2006,2019-11-05 09:32:57.600,4720.0000,6601,0,22665360.000,1,0,1,多换,S,4718.4000,4718.2000,4717.8000,4717.2000,4715.4000,4720.0000,4721.0000,4722.0000,4723.8000,4724.0000,2,1,1,1,1,1,1,1,4,1
SF,IC2006,2019-11-05 09:32:58.100,4720.0000,6601,0,23609360.000,1,0,1,多换,S,4718.8000,4718.4000,4718.2000,4717.8000,4717.2000,4721.0000,4722.0000,4723.8000,4724.0000,4724.6000,1,2,1,1,1,1,1,4,1,1
SF,IC2006,2019-11-05 09:32:58.600,4720.0000,6601,0,23609360.000,0,-,-,-,-,4719.0000,4718.8000,4718.4000,4718.2000,4717.2000,4721.0000,4722.0000,4723.8000,4724.0000,4724.6000,2,1,1,1,1,1,1,4,1,1
SF,IC2006,2019-11-05 09:32:59.600,4720.0000,6601,0,23609360.000,0,-,-,-,-,4719.0000,4718.8000,4718.4000,4717.2000,4715.4000,4721.0000,4722.0000,4723.8000,4724.0000,4724.6000,2,1,1,1,1,1,1,4,1,1
SF,IC2006,2019-11-05 09:33:00.600,4720.0000,6601,0,23609360.000,0,-,-,-,-,4719.2000,4719.0000,4718.4000,4717.2000,4715.4000,4721.0000,4722.0000,4723.8000,4724.0000,4724.6000,1,2,1,1,1,1,1,4,1,1
SF,IC2006,2019-11-05 09:33:01.100,4720.0000,6601,0,23609360.000,0,-,-,-,-,4719.4000,4719.2000,4719.0000,4717.2000,4715.4000,4721.0000,4722.0000,4723.8000,4724.0000,4724.6000,1,1,1,1,1,1,1,4,1,1
SF,IC2006,2019-11-05 09:33:03.100,4720.0000,6601,0,23609360.000,0,-,-,-,-,4719.4000,4719.2000,4719.0000,4718.0000,4717.2000,4721.0000,4722.0000,4723.8000,4724.0000,4724.6000,1,1,1,1,1,1,1,4,1,1
SF,IC2006,2019-11-05 09:33:03.600,4721.0000,6601,0,24553560.000,1,0,1,多换,S,4719.6000,4719.4000,4719.0000,4718.0000,4717.2000,4722.0000,4723.8000,4724.0000,4724.6000,4726.8000,1,1,1,1,1,1,4,1,1,1
SF,IC2006,2019-11-05 09:33:04.100,4721.0000,6601,0,24553560.000,0,-,-,-,-,4719.8000,4719.6000,4719.4000,4718.0000,4717.2000,4722.0000,4723.8000,4724.0000,4724.6000,4726.8000,1,1,1,1,1,1,4,1,1,1
SF,IC2006,2019-11-05 09:33:04.600,4721.0000,6601,0,24553560.000,0,-,-,-,-,4720.0000,4719.8000,4719.4000,4718.0000,4717.2000,4722.0000,4723.8000,4724.0000,4724.6000,4726.8000,3,1,1,2,1,1,4,1,1,1
SF,IC2006,2019-11-05 09:33:05.100,4721.0000,6601,0,24553560.000,0,-,-,-,-,4720.2000,4720.0000,4719.8000,4718.0000,4717.2000,4722.0000,4723.8000,4724.0000,4724.6000,4726.8000,1,2,1,2,1,1,4,1,1,1
SF,IC2006,2019-11-05 09:33:05.600,4721.0000,6601,0,24553560.000,0,-,-,-,-,4721.2000,4720.4000,4720.2000,4719.8000,4718.0000,4722.0000,4723.8000,4724.0000,4724.6000,4726.8000,1,1,2,1,2,1,4,1,1,1
SF,IC2006,2019-11-05 09:33:06.100,4722.0000,6601,0,25497960.000,1,0,1,多换,S,4721.2000,4720.2000,4718.0000,4713.0000,4711.6000,4723.8000,4724.0000,4724.6000,4726.8000,4729.8000,1,2,2,1,1,4,1,1,1,2
SF,IC2006,2019-11-05 09:33:06.600,4722.0000,6601,0,25497960.000,0,-,-,-,-,4721.4000,4720.2000,4718.0000,4713.0000,4711.6000,4723.8000,4724.0000,4724.6000,4726.8000,4729.8000,1,2,2,1,1,4,1,1,1,2
SF,IC2006,2019-11-05 09:33:07.100,4722.0000,6601,0,25497960.000,0,-,-,-,-,4721.2000,4720.2000,4718.0000,4713.0000,4711.6000,4723.8000,4724.0000,4724.6000,4726.8000,4729.8000,1,2,2,1,1,4,1,1,1,2
SF,IC2006,2019-11-05 09:33:07.600,4722.0000,6601,0,25497960.000,0,-,-,-,-,4721.4000,4721.2000,4720.2000,4718.0000,4713.0000,4723.8000,4724.0000,4724.6000,4726.8000,4729.8000,1,1,2,2,1,4,1,1,1,2
SF,IC2006,2019-11-05 09:33:09.100,4722.0000,6601,0,25497960.000,0,-,-,-,-,4721.6000,4721.4000,4720.2000,4718.0000,4713.0000,4723.8000,4724.0000,4724.6000,4726.8000,4729.8000,1,1,2,2,1,4,1,1,1,2
SF,IC2006,2019-11-05 09:33:10.100,4722.0000,6601,0,25497960.000,0,-,-,-,-,4721.8000,4721.6000,4721.4000,4718.0000,4713.0000,4723.8000,4724.0000,4724.6000,4726.8000,4729.8000,1,1,1,2,1,4,1,1,1,2
SF,IC2006,2019-11-05 09:33:11.100,4722.0000,6601,0,25497960.000,0,-,-,-,-,4721.6000,4721.4000,4718.0000,4713.0000,4711.6000,4723.8000,4724.0000,4724.6000,4726.8000,4729.8000,1,1,2,1,1,4,1,1,1,2
SF,IC2006,2019-11-05 09:33:11.600,4722.0000,6601,0,25497960.000,0,-,-,-,-,4721.8000,4721.6000,4721.4000,4718.0000,4713.0000,4723.8000,4724.0000,4724.6000,4726.8000,4729.8000,1,1,1,2,1,4,1,1,1,2
SF,IC2006,2019-11-05 09:33:13.100,4722.0000,6601,0,25497960.000,0,-,-,-,-,4721.6000,4721.4000,4718.0000,4713.0000,4711.6000,4723.8000,4724.0000,4724.6000,4726.8000,4729.8000,1,1,2,1,1,4,1,1,1,2
SF,IC2006,2019-11-05 09:33:13.600,4722.0000,6601,0,25497960.000,0,-,-,-,-,4721.8000,4721.6000,4721.4000,4718.0000,4713.0000,4723.8000,4724.0000,4724.6000,4726.8000,4729.8000,1,1,1,2,1,4,1,1,1,2
SF,IC2006,2019-11-05 09:33:16.100,4722.0000,6601,0,25497960.000,0,-,-,-,-,4721.6000,4721.4000,4718.0000,4713.0000,4711.6000,4723.8000,4724.0000,4724.6000,4726.8000,4729.8000,1,1,2,1,1,4,1,1,1,2
SF,IC2006,2019-11-05 09:33:16.600,4722.0000,6601,0,25497960.000,0,-,-,-,-,4721.8000,4721.4000,4718.0000,4713.0000,4711.6000,4723.8000,4724.0000,4724.6000,4726.8000,4729.8000,1,1,2,1,1,4,1,1,1,2
SF,IC2006,2019-11-05 09:33:17.600,4722.0000,6601,0,25497960.000,0,-,-,-,-,4721.8000,4721.4000,4718.0000,4713.0000,4711.6000,4723.0000,4723.8000,4724.0000,4724.6000,4726.8000,1,1,2,1,1,1,4,1,1,1
SF,IC2006,2019-11-05 09:33:18.100,4722.0000,6601,0,25497960.000,0,-,-,-,-,4718.0000,4713.0000,4711.6000,4711.0000,4710.0000,4723.0000,4723.8000,4724.0000,4724.6000,4726.8000,2,1,1,1,1,1,4,1,1,1
SF,IC2006,2019-11-05 09:33:18.600,4722.0000,6601,0,25497960.000,0,-,-,-,-,4718.2000,4718.0000,4713.0000,4711.6000,4711.0000,4722.8000,4723.0000,4723.8000,4724.0000,4724.6000,3,2,1,1,1,1,1,4,1,1
SF,IC2006,2019-11-05 09:33:19.100,4722.0000,6601,0,25497960.000,0,-,-,-,-,4718.4000,4718.0000,4713.0000,4711.6000,4711.0000,4722.6000,4722.8000,4723.0000,4723.8000,4724.0000,2,2,1,1,1,1,1,1,4,1
SF,IC2006,2019-11-05 09:33:19.600,4722.0000,6601,0,25497960.000,0,-,-,-,-,4718.4000,4718.0000,4713.0000,4711.6000,4711.0000,4722.4000,4722.6000,4723.0000,4723.8000,4724.0000,2,2,1,1,1,1,1,1,4,1
SF,IC2006,2019-11-05 09:33:20.100,4722.0000,6601,0,25497960.000,0,-,-,-,-,4719.0000,4718.4000,4718.0000,4713.0000,4711.6000,4722.4000,4723.0000,4723.8000,4724.0000,4724.6000,1,2,2,1,1,1,1,4,1,1
SF,IC2006,2019-11-05 09:33:20.600,4722.0000,6601,0,25497960.000,0,-,-,-,-,4719.2000,4719.0000,4718.4000,4718.0000,4713.0000,4722.4000,4723.0000,4723.8000,4724.0000,4724.6000,2,1,1,2,1,1,1,4,1,1
SF,IC2006,2019-11-05 09:33:21.600,4722.0000,6601,0,25497960.000,0,-,-,-,-,4719.4000,4719.2000,4718.4000,4718.0000,4713.0000,4722.4000,4723.0000,4723.8000,4724.0000,4724.6000,1,2,1,2,1,1,1,4,1,1
SF,IC2006,2019-11-05 09:33:22.100,4722.0000,6601,0,25497960.000,0,-,-,-,-,4719.6000,4719.2000,4718.0000,4713.0000,4711.6000,4722.2000,4722.4000,4723.0000,4723.8000,4724.0000,1,1,2,1,1,1,1,1,4,1
SF,IC2006,2019-11-05 09:33:22.600,4722.0000,6601,0,25497960.000,0,-,-,-,-,4719.6000,4719.2000,4718.0000,4713.0000,4711.6000,4722.2000,4723.0000,4723.8000,4724.0000,4724.6000,1,1,2,1,1,1,1,4,1,1
SF,IC2006,2019-11-05 09:33:23.100,4722.0000,6601,0,25497960.000,0,-,-,-,-,4718.0000,4713.0000,4711.6000,4711.0000,4710.0000,4722.2000,4723.0000,4723.8000,4724.0000,4724.6000,2,1,1,1,1,1,1,4,1,1
SF,IC2006,2019-11-05 09:33:23.600,4722.0000,6601,0,25497960.000,0,-,-,-,-,4718.0000,4713.0000,4711.6000,4711.0000,4710.0000,4722.0000,4722.2000,4723.0000,4723.8000,4724.0000,2,1,1,1,1,1,1,1,4,1
SF,IC2006,2019-11-05 09:33:24.100,4722.0000,6601,0,25497960.000,0,-,-,-,-,4718.2000,4718.0000,4713.0000,4711.6000,4711.0000,4721.8000,4722.0000,4723.0000,4723.8000,4724.0000,1,2,1,1,1,1,1,1,4,1
SF,IC2006,2019-11-05 09:33:24.600,4722.0000,6601,0,25497960.000,0,-,-,-,-,4718.2000,4718.0000,4713.0000,4711.6000,4711.0000,4721.6000,4721.8000,4723.0000,4723.8000,4724.0000,1,2,1,1,1,1,1,1,4,1
SF,IC2006,2019-11-05 09:33:25.100,4722.0000,6601,0,25497960.000,0,-,-,-,-,4720.6000,4718.2000,4718.0000,4713.0000,4711.6000,4721.4000,4721.6000,4722.0000,4723.0000,4723.8000,2,2,2,1,1,1,1,1,1,4
SF,IC2006,2019-11-05 09:33:25.600,4720.6000,6601,0,27386200.000,2,1,1,多换,S,4718.2000,4718.0000,4713.0000,4711.6000,4711.0000,4721.4000,4722.0000,4723.0000,4723.8000,4724.6000,2,2,1,1,1,1,1,1,4,1
SF,IC2006,2019-11-05 09:33:26.100,4720.6000,6601,0,27386200.000,0,-,-,-,-,4718.2000,4718.0000,4713.0000,4711.6000,4711.0000,4721.2000,4721.4000,4722.0000,4723.0000,4723.8000,2,2,1,1,1,1,1,1,1,4
SF,IC2006,2019-11-05 09:33:26.600,4720.6000,6601,0,27386200.000,0,-,-,-,-,4718.2000,4718.0000,4713.0000,4711.6000,4711.0000,4721.0000,4721.2000,4722.0000,4723.0000,4723.8000,2,2,1,1,1,1,1,1,1,4
SF,IC2006,2019-11-05 09:33:30.100,4720.6000,6601,0,27386200.000,0,-,-,-,-,4720.6000,4718.2000,4718.0000,4713.0000,4711.6000,4721.0000,4721.2000,4722.0000,4723.0000,4723.8000,2,2,2,1,1,1,1,1,1,4
SF,IC2006,2019-11-05 09:33:30.600,4720.6000,6601,0,29274440.000,2,1,1,多换,S,4718.2000,4718.0000,4713.0000,4711.6000,4711.0000,4721.0000,4722.0000,4723.0000,4723.8000,4724.6000,2,2,1,1,1,1,1,1,4,1
SF,IC2006,2019-11-05 09:33:31.100,4720.6000,6601,0,29274440.000,0,-,-,-,-,4718.2000,4718.0000,4713.0000,4711.6000,4711.0000,4721.0000,4722.0000,4723.0000,4723.8000,4724.6000,2,1,1,1,1,1,1,1,4,1
SF,IC2006,2019-11-05 09:33:33.600,4720.6000,6601,0,29274440.000,0,-,-,-,-,4718.4000,4718.2000,4718.0000,4713.0000,4711.6000,4721.0000,4722.0000,4723.0000,4723.8000,4724.6000,2,2,1,1,1,1,1,1,4,1
SF,IC2006,2019-11-05 09:33:34.100,4720.6000,6601,0,29274440.000,0,-,-,-,-,4718.6000,4718.4000,4718.2000,4718.0000,4713.0000,4721.0000,4722.0000,4723.0000,4723.8000,4724.6000,1,2,2,1,1,1,1,1,4,1
SF,IC2006,2019-11-05 09:33:34.600,4720.6000,6601,0,29274440.000,0,-,-,-,-,4718.6000,4718.4000,4718.2000,4718.0000,4713.0000,4721.0000,4722.0000,4723.0000,4723.8000,4724.6000,1,1,2,1,1,1,1,1,4,1
SF,IC2006,2019-11-05 09:33:35.100,4720.6000,6601,0,29274440.000,0,-,-,-,-,4718.8000,4718.6000,4718.4000,4718.2000,4718.0000,4721.0000,4722.0000,4723.0000,4723.8000,4724.6000,1,1,1,2,1,1,1,1,4,1
SF,IC2006,2019-11-05 09:33:35.600,4720.6000,6601,0,29274440.000,0,-,-,-,-,4718.6000,4718.2000,4718.0000,4717.8000,4713.0000,4721.0000,4722.0000,4723.0000,4723.8000,4724.6000,1,2,1,1,1,1,1,1,4,1
SF,IC2006,2019-11-05 09:33:36.600,4720.6000,6601,0,29274440.000,0,-,-,-,-,4718.6000,4718.2000,4718.0000,4713.0000,4711.6000,4721.0000,4722.0000,4723.0000,4723.8000,4724.6000,1,2,1,1,1,1,1,1,4,1
SF,IC2006,2019-11-05 09:33:37.600,4720.6000,6601,0,29274440.000,0,-,-,-,-,4718.8000,4718.6000,4718.2000,4718.0000,4713.0000,4721.0000,4722.0000,4723.0000,4723.8000,4724.6000,1,1,2,1,1,1,1,1,4,1
SF,IC2006,2019-11-05 09:33:38.100,4720.6000,6601,0,29274440.000,0,-,-,-,-,4719.0000,4718.8000,4718.6000,4718.2000,4718.0000,4722.0000,4723.0000,4723.8000,4724.6000,4726.8000,2,1,1,2,1,1,1,4,1,1
SF,IC2006,2019-11-05 09:33:39.100,4720.6000,6601,0,29274440.000,0,-,-,-,-,4719.2000,4719.0000,4718.6000,4718.2000,4718.0000,4722.0000,4723.0000,4723.8000,4724.6000,4726.8000,1,2,1,2,1,1,1,4,1,1
SF,IC2006,2019-11-05 09:33:39.600,4720.6000,6601,0,29274440.000,0,-,-,-,-,4719.4000,4719.2000,4719.0000,4718.6000,4718.2000,4722.0000,4723.0000,4723.8000,4724.6000,4726.8000,1,1,1,1,1,1,1,4,1,1
SF,IC2006,2019-11-05 09:33:40.100,4720.6000,6601,0,29274440.000,0,-,-,-,-,4719.6000,4719.4000,4719.0000,4718.6000,4718.2000,4722.0000,4723.0000,4723.8000,4724.6000,4726.8000,1,1,1,1,1,1,1,4,1,1
SF,IC2006,2019-11-05 09:33:40.600,4720.6000,6601,0,29274440.000,0,-,-,-,-,4719.8000,4719.6000,4719.4000,4719.0000,4718.2000,4722.0000,4723.0000,4723.8000,4724.6000,4726.8000,1,1,1,1,1,1,1,4,1,1
SF,IC2006,2019-11-05 09:33:41.100,4720.6000,6601,0,29274440.000,0,-,-,-,-,4719.8000,4719.4000,4719.0000,4718.2000,4718.0000,4722.0000,4723.0000,4723.8000,4724.6000,4726.8000,1,1,1,1,1,1,1,4,1,1
SF,IC2006,2019-11-05 09:33:43.100,4719.8000,6601,0,30218400.000,1,0,1,多换,S,4719.4000,4719.0000,4718.2000,4718.0000,4713.0000,4722.0000,4723.0000,4723.8000,4724.6000,4726.8000,1,1,1,1,1,1,1,4,1,1
SF,IC2006,2019-11-05 09:33:43.600,4719.8000,6601,0,30218400.000,0,-,-,-,-,4719.4000,4719.0000,4718.2000,4718.0000,4713.0000,4721.8000,4722.0000,4723.0000,4723.8000,4724.6000,1,1,1,1,1,1,1,1,4,1
SF,IC2006,2019-11-05 09:33:47.100,4719.8000,6601,0,30218400.000,0,-,-,-,-,4719.0000,4718.2000,4718.0000,4713.0000,4711.6000,4721.8000,4722.0000,4723.0000,4723.8000,4724.6000,1,1,1,1,1,1,1,1,4,1
SF,IC2006,2019-11-05 09:33:49.100,4719.0000,6601,0,31162200.000,1,0,1,多换,S,4718.2000,4718.0000,4713.0000,4711.6000,4711.0000,4721.8000,4722.0000,4723.0000,4723.8000,4724.6000,1,1,1,1,1,1,1,1,4,1
SF,IC2006,2019-11-05 09:33:49.600,4719.0000,6601,0,31162200.000,0,-,-,-,-,4718.4000,4718.2000,4718.0000,4713.0000,4711.6000,4721.6000,4721.8000,4722.0000,4723.0000,4723.8000,2,1,1,1,1,1,1,1,1,4
SF,IC2006,2019-11-05 09:33:50.100,4719.0000,6601,0,31162200.000,0,-,-,-,-,4719.0000,4718.4000,4718.2000,4718.0000,4713.0000,4721.6000,4722.0000,4723.0000,4723.8000,4724.6000,1,2,1,1,1,1,1,1,4,1
SF,IC2006,2019-11-05 09:33:50.600,4719.0000,6601,0,31162200.000,0,-,-,-,-,4719.0000,4718.4000,4718.2000,4718.0000,4713.0000,4721.4000,4722.0000,4723.0000,4723.8000,4724.6000,1,1,1,1,1,1,1,1,4,1
SF,IC2006,2019-11-05 09:33:52.100,4719.0000,6601,0,31162200.000,0,-,-,-,-,4719.2000,4719.0000,4718.2000,4718.0000,4713.0000,4721.4000,4722.0000,4723.0000,4723.8000,4724.6000,1,1,1,1,1,1,1,1,4,1
SF,IC2006,2019-11-05 09:33:52.600,4719.0000,6601,0,31162200.000,0,-,-,-,-,4719.4000,4719.2000,4719.0000,4718.2000,4718.0000,4722.0000,4723.0000,4723.8000,4724.6000,4726.8000,1,1,1,1,1,1,1,4,1,1
SF,IC2006,2019-11-05 09:33:53.100,4719.0000,6601,0,31162200.000,0,-,-,-,-,4719.6000,4719.4000,4719.0000,4718.2000,4718.0000,4722.0000,4723.0000,4723.8000,4724.6000,4726.8000,1,1,1,1,1,1,1,4,1,1
SF,IC2006,2019-11-05 09:33:53.600,4719.0000,6601,0,31162200.000,0,-,-,-,-,4719.8000,4719.6000,4719.0000,4718.2000,4718.0000,4722.0000,4723.0000,4723.8000,4724.6000,4726.8000,1,1,1,1,1,1,1,4,1,1
SF,IC2006,2019-11-05 09:33:54.100,4719.0000,6601,0,31162200.000,0,-,-,-,-,4720.0000,4719.8000,4719.0000,4718.2000,4718.0000,4722.0000,4723.0000,4723.8000,4724.6000,4726.8000,1,1,1,1,1,1,1,4,1,1
SF,IC2006,2019-11-05 09:33:54.600,4719.0000,6601,0,31162200.000,0,-,-,-,-,4720.0000,4719.0000,4718.0000,4713.0000,4711.6000,4722.0000,4723.0000,4723.8000,4724.6000,4726.8000,1,1,1,1,1,1,1,4,1,1
SF,IC2006,2019-11-05 09:33:55.100,4719.0000,6601,0,31162200.000,0,-,-,-,-,4720.0000,4719.0000,4718.0000,4713.0000,4711.6000,4722.0000,4723.0000,4723.8000,4724.6000,4726.8000,1,1,1,1,1,1,1,4,1,1
SF,IC2006,2019-11-05 09:33:56.100,4719.0000,6601,0,31162200.000,0,-,-,-,-,4720.0000,4719.0000,4718.0000,4713.0000,4711.6000,4721.8000,4722.0000,4723.0000,4723.8000,4724.6000,1,1,1,1,1,1,1,1,4,1
SF,IC2006,2019-11-05 09:33:56.600,4719.0000,6601,0,31162200.000,0,-,-,-,-,4720.0000,4719.0000,4718.0000,4713.0000,4711.6000,4721.8000,4722.0000,4723.0000,4723.8000,4724.6000,1,1,1,1,1,2,1,1,4,1
SF,IC2006,2019-11-05 09:33:57.100,4720.0000,6600,-1,32106200.000,1,0,1,双平,S,4719.0000,4718.0000,4713.0000,4711.6000,4711.0000,4721.6000,4721.8000,4722.0000,4723.0000,4723.8000,1,1,1,1,1,1,2,1,1,4
SF,IC2006,2019-11-05 09:33:58.100,4720.0000,6600,0,32106200.000,0,-,-,-,-,4719.0000,4718.0000,4713.0000,4711.6000,4711.0000,4721.6000,4721.8000,4722.0000,4723.0000,4723.8000,1,1,1,1,1,1,1,1,1,4
SF,IC2006,2019-11-05 09:33:58.600,4720.0000,6600,0,32106200.000,0,-,-,-,-,4719.0000,4718.0000,4713.0000,4711.6000,4711.0000,4721.2000,4721.4000,4721.6000,4721.8000,4722.0000,1,1,1,1,1,1,1,1,1,1
SF,IC2006,2019-11-05 09:33:59.100,4720.0000,6600,0,32106200.000,0,-,-,-,-,4719.0000,4718.0000,4713.0000,4711.6000,4711.0000,4721.0000,4721.2000,4721.4000,4721.8000,4722.0000,1,1,1,1,1,2,1,1,1,1
SF,IC2006,2019-11-05 09:33:59.600,4720.0000,6600,0,32106200.000,0,-,-,-,-,4719.0000,4718.0000,4713.0000,4711.6000,4711.0000,4721.0000,4721.4000,4721.8000,4722.0000,4723.0000,1,1,1,1,1,2,1,1,1,1
SF,IC2006,2019-11-05 09:34:00.100,4720.0000,6600,0,32106200.000,0,-,-,-,-,4719.2000,4719.0000,4718.0000,4713.0000,4711.6000,4721.0000,4721.4000,4721.8000,4722.0000,4723.0000,1,1,1,1,1,2,1,1,1,1
SF,IC2006,2019-11-05 09:34:00.600,4720.0000,6600,0,32106200.000,0,-,-,-,-,4719.2000,4719.0000,4718.0000,4713.0000,4711.6000,4721.0000,4721.4000,4721.8000,4722.0000,4723.0000,1,1,1,1,1,1,1,1,1,1
SF,IC2006,2019-11-05 09:34:03.600,4720.0000,6600,0,32106200.000,0,-,-,-,-,4719.2000,4719.0000,4718.0000,4713.0000,4711.6000,4721.0000,4721.8000,4722.0000,4723.0000,4723.8000,1,1,1,1,1,1,1,1,1,4
SF,IC2006,2019-11-05 09:34:04.100,4720.0000,6600,0,32106200.000,0,-,-,-,-,4719.2000,4719.0000,4718.0000,4713.0000,4711.6000,4721.8000,4722.0000,4723.0000,4723.8000,4724.6000,1,1,1,1,1,1,1,1,4,1
SF,IC2006,2019-11-05 09:34:04.600,4720.0000,6600,0,32106200.000,0,-,-,-,-,4719.2000,4719.0000,4718.0000,4713.0000,4711.6000,4721.6000,4721.8000,4722.0000,4723.0000,4723.8000,1,1,1,1,1,1,1,1,1,4
SF,IC2006,2019-11-05 09:34:06.600,4720.0000,6600,0,32106200.000,0,-,-,-,-,4719.2000,4719.0000,4718.0000,4713.0000,4711.6000,4721.4000,4721.6000,4722.0000,4723.0000,4723.8000,1,1,1,1,1,1,1,1,1,4
SF,IC2006,2019-11-05 09:34:07.100,4720.0000,6600,0,32106200.000,0,-,-,-,-,4719.2000,4719.0000,4718.0000,4713.0000,4711.6000,4721.4000,4722.0000,4723.0000,4723.8000,4724.6000,1,1,1,1,1,1,1,1,4,1
SF,IC2006,2019-11-05 09:34:09.100,4720.0000,6600,0,32106200.000,0,-,-,-,-,4719.2000,4719.0000,4718.0000,4716.0000,4713.0000,4721.4000,4722.0000,4723.0000,4723.8000,4724.6000,1,1,1,1,1,1,1,1,4,1
SF,IC2006,2019-11-05 09:34:16.100,4720.0000,6600,0,32106200.000,0,-,-,-,-,4719.2000,4719.0000,4718.0000,4716.0000,4713.0000,4721.2000,4721.4000,4722.0000,4723.0000,4723.8000,1,1,1,1,1,1,1,1,1,4
SF,IC2006,2019-11-05 09:34:16.600,4720.0000,6600,0,32106200.000,0,-,-,-,-,4719.0000,4718.0000,4716.0000,4713.0000,4711.6000,4719.2000,4721.0000,4721.2000,4721.4000,4722.0000,1,1,1,1,1,1,1,1,1,1
SF,IC2006,2019-11-05 09:34:17.100,4719.0000,6600,0,33050000.000,1,0,1,多换,S,4719.0000,4718.0000,4716.0000,4713.0000,4711.6000,4719.2000,4721.2000,4721.4000,4722.0000,4723.0000,1,1,1,1,1,1,1,1,1,1
SF,IC2006,2019-11-05 09:34:17.600,4719.0000,6599,-1,33993800.000,1,0,1,双平,S,4718.2000,4718.0000,4716.0000,4713.0000,4711.6000,4718.8000,4721.2000,4721.4000,4722.0000,4723.0000,1,1,1,1,1,1,1,1,1,1
SF,IC2006,2019-11-05 09:34:18.100,4718.8000,6598,-1,34937560.000,1,0,1,双平,S,4718.0000,4716.0000,4713.0000,4711.6000,4711.0000,4721.2000,4721.4000,4722.0000,4723.0000,4723.8000,1,1,1,1,1,1,1,1,1,4
SF,IC2006,2019-11-05 09:34:18.600,4718.8000,6598,0,34937560.000,0,-,-,-,-,4718.0000,4716.0000,4713.0000,4711.6000,4711.0000,4721.0000,4721.2000,4721.4000,4722.0000,4723.0000,1,1,1,1,1,3,1,1,1,1
SF,IC2006,2019-11-05 09:34:19.100,4718.8000,6598,0,34937560.000,0,-,-,-,-,4718.0000,4716.0000,4713.0000,4711.6000,4711.0000,4720.8000,4721.0000,4721.2000,4721.4000,4722.0000,1,1,1,1,1,1,3,1,1,1
SF,IC2006,2019-11-05 09:34:19.600,4718.8000,6598,0,34937560.000,0,-,-,-,-,4718.0000,4716.0000,4713.0000,4711.6000,4711.0000,4720.6000,4720.8000,4721.0000,4721.2000,4721.4000,1,1,1,1,1,1,1,1,1,1
SF,IC2006,2019-11-05 09:34:20.100,4718.8000,6598,0,34937560.000,0,-,-,-,-,4718.0000,4716.0000,4713.0000,4711.6000,4711.0000,4720.4000,4720.6000,4720.8000,4721.0000,4721.2000,1,1,1,1,1,1,1,1,1,1
SF,IC2006,2019-11-05 09:34:20.600,4718.8000,6598,0,34937560.000,0,-,-,-,-,4718.0000,4716.0000,4713.0000,4711.6000,4711.0000,4720.2000,4720.4000,4720.8000,4721.0000,4721.2000,1,1,1,1,1,1,1,1,2,1
SF,IC2006,2019-11-05 09:34:21.100,4718.8000,6598,0,34937560.000,0,-,-,-,-,4718.0000,4716.0000,4713.0000,4711.6000,4711.0000,4720.0000,4720.2000,4720.4000,4720.8000,4721.0000,1,1,1,1,1,1,1,1,1,2
SF,IC2006,2019-11-05 09:34:21.600,4718.8000,6598,0,34937560.000,0,-,-,-,-,4718.0000,4716.0000,4713.0000,4711.6000,4711.0000,4720.0000,4720.4000,4720.8000,4721.0000,4721.2000,1,1,1,1,1,1,1,1,2,1
SF,IC2006,2019-11-05 09:34:22.600,4718.8000,6598,0,34937560.000,0,-,-,-,-,4718.0000,4716.0000,4713.0000,4711.6000,4711.0000,4720.4000,4720.8000,4721.0000,4721.2000,4721.4000,1,1,1,1,1,1,1,2,1,1
SF,IC2006,2019-11-05 09:34:23.100,4718.8000,6598,0,34937560.000,0,-,-,-,-,4718.0000,4716.0000,4713.0000,4711.6000,4711.0000,4720.2000,4720.4000,4720.8000,4721.0000,4721.2000,1,1,1,1,1,1,1,1,2,1
SF,IC2006,2019-11-05 09:34:23.600,4718.8000,6598,0,34937560.000,0,-,-,-,-,4718.0000,4716.0000,4713.0000,4711.6000,4711.0000,4720.0000,4720.2000,4720.4000,4720.8000,4721.0000,1,1,1,1,1,1,1,1,1,2
SF,IC2006,2019-11-05 09:34:24.100,4718.0000,6598,0,35881160.000,1,0,1,多换,S,4716.0000,4713.0000,4711.6000,4711.0000,4710.0000,4719.8000,4720.0000,4720.4000,4720.8000,4721.0000,1,1,1,1,1,1,1,1,1,2
SF,IC2006,2019-11-05 09:34:24.600,4718.0000,6598,0,35881160.000,0,-,-,-,-,4716.2000,4716.0000,4713.0000,4711.6000,4711.0000,4719.6000,4719.8000,4720.0000,4720.4000,4720.8000,1,1,1,1,1,2,1,1,1,1
SF,IC2006,2019-11-05 09:34:25.100,4718.0000,6598,0,35881160.000,0,-,-,-,-,4716.2000,4716.0000,4713.0000,4711.6000,4711.0000,4719.4000,4719.6000,4720.0000,4720.4000,4720.8000,1,1,1,1,1,1,2,1,1,1
SF,IC2006,2019-11-05 09:34:25.600,4718.0000,6598,0,35881160.000,0,-,-,-,-,4716.0000,4713.0000,4711.6000,4711.0000,4710.0000,4719.2000,4719.4000,4719.6000,4720.0000,4720.4000,1,1,1,1,1,2,1,1,1,1
SF,IC2006,2019-11-05 09:34:26.100,4718.0000,6598,0,35881160.000,0,-,-,-,-,4716.0000,4713.0000,4711.6000,4711.0000,4710.0000,4719.0000,4719.2000,4719.6000,4720.0000,4720.4000,1,1,1,1,1,1,2,1,1,1
SF,IC2006,2019-11-05 09:34:27.100,4718.0000,6598,0,35881160.000,0,-,-,-,-,4716.0000,4713.0000,4711.6000,4711.0000,4710.0000,4718.8000,4719.0000,4719.2000,4719.6000,4720.0000,1,1,1,1,1,1,1,2,1,1
SF,IC2006,2019-11-05 09:34:27.600,4718.0000,6598,0,35881160.000,0,-,-,-,-,4716.0000,4713.0000,4711.6000,4711.0000,4710.0000,4718.6000,4718.8000,4719.2000,4719.6000,4720.0000,1,1,1,1,1,1,1,2,1,1
SF,IC2006,2019-11-05 09:34:28.100,4718.0000,6598,0,35881160.000,0,-,-,-,-,4716.0000,4713.0000,4711.6000,4711.0000,4710.0000,4718.4000,4718.6000,4718.8000,4719.2000,4719.6000,1,1,1,1,1,1,1,1,2,1
SF,IC2006,2019-11-05 09:34:28.600,4718.0000,6598,0,35881160.000,0,-,-,-,-,4716.0000,4713.0000,4711.6000,4711.0000,4710.0000,4718.2000,4718.4000,4718.8000,4719.2000,4719.6000,1,1,1,1,1,1,1,1,2,1
SF,IC2006,2019-11-05 09:34:29.100,4718.0000,6598,0,35881160.000,0,-,-,-,-,4716.0000,4713.0000,4711.6000,4711.0000,4710.0000,4718.0000,4718.2000,4718.4000,4718.8000,4719.2000,1,1,1,1,1,1,1,1,1,2
SF,IC2006,2019-11-05 09:34:29.600,4718.0000,6598,0,35881160.000,0,-,-,-,-,4716.0000,4713.0000,4711.6000,4711.0000,4710.0000,4717.0000,4718.0000,4718.4000,4718.8000,4719.2000,1,1,1,1,1,1,1,1,1,2
SF,IC2006,2019-11-05 09:34:30.100,4717.0000,6598,0,36824560.000,1,0,1,多换,S,4716.0000,4713.0000,4711.6000,4711.0000,4710.0000,4718.0000,4718.4000,4718.8000,4719.2000,4719.6000,1,1,1,1,1,1,1,1,2,1
SF,IC2006,2019-11-05 09:34:30.600,4717.0000,6598,0,36824560.000,0,-,-,-,-,4716.0000,4713.0000,4711.6000,4711.0000,4710.0000,4718.8000,4719.2000,4719.6000,4721.0000,4721.4000,1,1,1,1,1,1,2,1,1,1
SF,IC2006,2019-11-05 09:34:31.100,4717.0000,6598,0,36824560.000,0,-,-,-,-,4716.0000,4713.0000,4711.6000,4711.0000,4710.0000,4718.6000,4718.8000,4719.2000,4719.6000,4721.0000,1,1,1,1,1,1,1,2,1,1
SF,IC2006,2019-11-05 09:34:31.600,4717.0000,6598,0,36824560.000,0,-,-,-,-,4716.0000,4713.0000,4711.6000,4711.0000,4710.0000,4718.4000,4718.6000,4718.8000,4719.2000,4719.6000,1,1,1,1,1,1,1,1,2,1
SF,IC2006,2019-11-05 09:34:32.100,4717.0000,6598,0,36824560.000,0,-,-,-,-,4716.0000,4713.0000,4711.6000,4711.0000,4710.0000,4718.4000,4718.8000,4719.2000,4719.6000,4721.0000,1,1,1,1,1,1,1,2,1,1
SF,IC2006,2019-11-05 09:34:34.100,4717.0000,6598,0,36824560.000,0,-,-,-,-,4716.0000,4713.0000,4711.6000,4711.0000,4710.0000,4718.2000,4718.4000,4718.8000,4719.2000,4719.6000,1,1,1,1,1,1,1,1,2,1
SF,IC2006,2019-11-05 09:34:34.600,4717.0000,6598,0,36824560.000,0,-,-,-,-,4716.0000,4713.0000,4711.6000,4711.0000,4710.0000,4717.6000,4718.0000,4718.2000,4718.4000,4718.8000,1,1,1,1,1,1,2,1,1,1
SF,IC2006,2019-11-05 09:34:35.100,4716.0000,6598,0,37767760.000,1,0,1,多换,S,4713.0000,4711.6000,4711.0000,4710.0000,4709.6000,4717.4000,4717.6000,4718.0000,4718.2000,4718.4000,1,1,1,1,5,2,1,1,1,1
SF,IC2006,2019-11-05 09:34:35.600,4716.0000,6598,0,37767760.000,0,-,-,-,-,4713.2000,4713.0000,4711.6000,4711.0000,4710.0000,4717.2000,4717.4000,4717.6000,4718.0000,4718.2000,3,1,1,1,1,1,2,1,1,1
SF,IC2006,2019-11-05 09:34:36.100,4716.0000,6598,0,37767760.000,0,-,-,-,-,4713.4000,4713.2000,4713.0000,4711.6000,4711.0000,4717.0000,4717.2000,4717.4000,4717.6000,4718.0000,1,1,1,1,1,2,1,1,1,1
SF,IC2006,2019-11-05 09:34:36.600,4716.8000,6598,0,38711120.000,1,0,1,多换,S,4713.4000,4713.2000,4713.0000,4711.6000,4711.0000,4717.0000,4717.4000,4717.6000,4718.0000,4718.2000,1,1,1,1,1,2,1,1,1,1
SF,IC2006,2019-11-05 09:34:37.600,4716.8000,6598,0,38711120.000,0,-,-,-,-,4713.4000,4713.0000,4711.6000,4711.0000,4710.0000,4717.0000,4717.4000,4717.6000,4718.0000,4718.2000,1,1,1,1,1,2,1,1,1,1
SF,IC2006,2019-11-05 09:34:38.100,4716.8000,6598,0,38711120.000,0,-,-,-,-,4713.4000,4713.0000,4711.6000,4711.0000,4710.0000,4716.6000,4717.0000,4717.4000,4717.6000,4718.0000,1,1,1,1,1,1,2,1,1,1
SF,IC2006,2019-11-05 09:34:38.600,4716.8000,6598,0,38711120.000,0,-,-,-,-,4713.4000,4713.0000,4711.6000,4711.0000,4710.0000,4716.4000,4716.6000,4717.0000,4717.4000,4717.6000,1,1,1,1,1,2,1,1,1,1
SF,IC2006,2019-11-05 09:34:43.100,4716.8000,6598,0,38711120.000,0,-,-,-,-,4714.0000,4713.4000,4713.0000,4711.6000,4711.0000,4716.4000,4716.6000,4717.0000,4717.4000,4717.6000,2,1,1,1,1,2,1,1,1,1
SF,IC2006,2019-11-05 09:34:43.600,4716.8000,6598,0,38711120.000,0,-,-,-,-,4714.0000,4713.0000,4711.6000,4711.0000,4710.0000,4716.4000,4716.6000,4717.0000,4717.4000,4717.6000,2,1,1,1,1,2,1,1,1,1
SF,IC2006,2019-11-05 09:34:44.600,4716.8000,6598,0,38711120.000,0,-,-,-,-,4715.0000,4714.0000,4713.0000,4711.6000,4711.0000,4716.4000,4716.6000,4717.0000,4717.4000,4717.6000,1,2,1,1,1,2,1,1,1,1
SF,IC2006,2019-11-05 09:34:46.600,4716.8000,6598,0,38711120.000,0,-,-,-,-,4715.0000,4714.0000,4713.0000,4711.6000,4711.0000,4716.4000,4717.0000,4717.4000,4717.6000,4718.0000,1,2,1,1,1,2,1,1,1,1
SF,IC2006,2019-11-05 09:34:47.100,4716.8000,6598,0,38711120.000,0,-,-,-,-,4715.0000,4714.0000,4713.0000,4711.6000,4711.0000,4717.0000,4717.4000,4717.6000,4718.0000,4718.4000,1,2,1,1,1,1,1,1,1,1
SF,IC2006,2019-11-05 09:34:52.100,4716.8000,6598,0,38711120.000,0,-,-,-,-,4715.0000,4714.0000,4713.0000,4711.6000,4711.0000,4716.8000,4717.0000,4717.4000,4717.6000,4718.0000,1,2,1,1,1,1,1,1,1,1
SF,IC2006,2019-11-05 09:34:52.600,4716.8000,6598,0,38711120.000,0,-,-,-,-,4715.0000,4714.0000,4713.0000,4711.6000,4711.0000,4716.6000,4716.8000,4717.0000,4717.4000,4717.6000,1,2,1,1,1,1,1,1,1,1
SF,IC2006,2019-11-05 09:34:53.100,4716.6000,6597,-1,39654440.000,1,0,1,双平,S,4715.2000,4715.0000,4714.0000,4713.0000,4711.6000,4717.4000,4717.6000,4718.0000,4718.4000,4721.0000,1,1,2,1,1,1,1,1,1,1
SF,IC2006,2019-11-05 09:34:53.600,4716.6000,6597,0,39654440.000,0,-,-,-,-,4715.2000,4715.0000,4714.0000,4713.0000,4711.6000,4717.6000,4721.0000,4723.0000,4723.8000,4724.6000,1,1,2,1,1,1,1,1,4,1
SF,IC2006,2019-11-05 09:34:54.100,4716.6000,6597,0,39654440.000,0,-,-,-,-,4715.4000,4715.2000,4715.0000,4714.0000,4713.0000,4717.6000,4721.0000,4723.0000,4723.8000,4724.6000,1,1,1,2,1,1,1,1,4,1
SF,IC2006,2019-11-05 09:34:54.600,4716.6000,6597,0,39654440.000,0,-,-,-,-,4715.6000,4715.4000,4715.0000,4714.0000,4713.0000,4717.6000,4721.0000,4723.0000,4723.8000,4724.6000,1,1,1,2,1,1,1,1,4,1
SF,IC2006,2019-11-05 09:34:55.100,4716.6000,6597,0,39654440.000,0,-,-,-,-,4715.8000,4715.6000,4715.4000,4715.0000,4714.0000,4717.6000,4721.0000,4723.0000,4723.8000,4724.6000,1,1,2,1,2,1,1,1,4,1
SF,IC2006,2019-11-05 09:34:55.600,4717.6000,6597,0,40597960.000,1,0,1,多换,S,4716.0000,4715.4000,4715.0000,4714.0000,4713.0000,4721.0000,4723.0000,4723.8000,4724.6000,4726.8000,1,1,1,2,1,1,1,4,1,1
SF,IC2006,2019-11-05 09:34:56.100,4717.6000,6597,0,40597960.000,0,-,-,-,-,4716.4000,4716.2000,4716.0000,4715.4000,4715.0000,4720.8000,4721.0000,4723.0000,4723.8000,4724.6000,1,1,1,1,1,3,1,1,4,1
SF,IC2006,2019-11-05 09:34:56.600,4717.6000,6597,0,40597960.000,0,-,-,-,-,4716.6000,4716.4000,4716.2000,4715.4000,4715.0000,4720.8000,4721.0000,4723.0000,4723.8000,4724.6000,1,2,1,1,1,3,1,1,4,1
SF,IC2006,2019-11-05 09:34:57.600,4717.6000,6597,0,40597960.000,0,-,-,-,-,4716.6000,4716.4000,4715.4000,4715.0000,4714.0000,4720.8000,4721.0000,4723.0000,4723.8000,4724.6000,1,1,1,1,2,3,1,1,4,1
SF,IC2006,2019-11-05 09:34:58.100,4717.6000,6597,0,40597960.000,0,-,-,-,-,4717.2000,4716.4000,4715.4000,4715.0000,4714.0000,4720.8000,4721.0000,4723.0000,4723.8000,4724.6000,1,1,1,1,2,3,1,1,4,1
SF,IC2006,2019-11-05 09:34:58.600,4717.6000,6597,0,40597960.000,0,-,-,-,-,4717.2000,4715.4000,4715.0000,4714.0000,4713.0000,4720.8000,4721.0000,4723.0000,4723.8000,4724.6000,1,1,1,2,1,3,1,1,4,1
SF,IC2006,2019-11-05 09:34:59.100,4717.6000,6597,0,40597960.000,0,-,-,-,-,4715.4000,4715.0000,4714.0000,4713.0000,4711.6000,4720.8000,4721.0000,4723.0000,4723.8000,4724.6000,1,1,2,1,1,3,1,1,4,1
SF,IC2006,2019-11-05 09:34:59.600,4717.6000,6597,0,40597960.000,0,-,-,-,-,4715.4000,4715.0000,4714.0000,4713.0000,4711.6000,4720.6000,4720.8000,4721.0000,4723.0000,4723.8000,1,1,2,1,1,2,3,1,1,4
SF,IC2006,2019-11-05 09:35:00.100,4717.6000,6597,0,40597960.000,0,-,-,-,-,4715.6000,4715.4000,4715.0000,4714.0000,4713.0000,4719.8000,4720.4000,4720.6000,4720.8000,4721.0000,1,1,1,2,1,1,3,2,1,1
SF,IC2006,2019-11-05 09:35:00.600,4717.6000,6597,0,40597960.000,0,-,-,-,-,4715.6000,4715.4000,4715.0000,4714.0000,4713.0000,4719.6000,4719.8000,4720.4000,4720.6000,4720.8000,1,1,1,2,1,3,1,1,2,1
SF,IC2006,2019-11-05 09:35:01.600,4717.6000,6597,0,40597960.000,0,-,-,-,-,4715.6000,4715.4000,4715.0000,4714.0000,4713.0000,4719.0000,4719.6000,4719.8000,4720.4000,4720.6000,1,1,1,2,1,1,3,1,1,1
SF,IC2006,2019-11-05 09:35:02.100,4717.6000,6597,0,40597960.000,0,-,-,-,-,4715.6000,4715.0000,4714.0000,4713.0000,4711.6000,4718.8000,4719.0000,4719.6000,4719.8000,4720.4000,1,1,2,1,1,2,1,1,1,1
SF,IC2006,2019-11-05 09:35:02.600,4717.6000,6597,0,40597960.000,0,-,-,-,-,4715.6000,4715.0000,4714.0000,4713.0000,4711.6000,4718.8000,4719.0000,4719.6000,4719.8000,4720.4000,2,1,2,1,1,2,1,1,1,1
SF,IC2006,2019-11-05 09:35:03.100,4717.6000,6597,0,40597960.000,0,-,-,-,-,4715.6000,4715.0000,4714.0000,4713.0000,4711.6000,4718.8000,4719.0000,4719.6000,4719.8000,4720.4000,1,1,2,1,1,2,1,1,1,1
SF,IC2006,2019-11-05 09:35:03.600,4717.6000,6597,0,40597960.000,0,-,-,-,-,4715.6000,4715.0000,4714.0000,4713.0000,4711.6000,4718.8000,4719.6000,4719.8000,4720.4000,4720.6000,1,1,2,1,1,2,1,1,1,1
SF,IC2006,2019-11-05 09:35:04.100,4717.6000,6597,0,40597960.000,0,-,-,-,-,4715.6000,4715.0000,4714.0000,4713.0000,4711.6000,4718.6000,4718.8000,4719.6000,4719.8000,4720.4000,1,1,2,1,1,1,2,1,1,1
SF,IC2006,2019-11-05 09:35:04.600,4717.6000,6597,0,40597960.000,0,-,-,-,-,4715.6000,4714.0000,4713.0000,4711.6000,4711.0000,4718.4000,4718.6000,4718.8000,4719.6000,4720.4000,1,2,1,1,1,2,1,1,1,1
SF,IC2006,2019-11-05 09:35:05.100,4717.6000,6597,0,40597960.000,0,-,-,-,-,4715.6000,4714.0000,4713.0000,4711.6000,4711.0000,4718.4000,4718.6000,4718.8000,4719.6000,4720.4000,1,2,1,1,1,2,1,1,1,1
SF,IC2006,2019-11-05 09:35:06.600,4717.6000,6597,0,40597960.000,0,-,-,-,-,4715.6000,4714.0000,4713.0000,4711.6000,4711.0000,4718.4000,4718.6000,4718.8000,4719.6000,4720.4000,1,2,1,1,1,1,1,1,1,1
SF,IC2006,2019-11-05 09:35:07.100,4717.6000,6597,0,40597960.000,0,-,-,-,-,4715.8000,4715.6000,4715.4000,4714.0000,4713.0000,4718.6000,4719.6000,4720.4000,4720.6000,4720.8000,2,1,1,2,1,1,1,1,1,1
SF,IC2006,2019-11-05 09:35:07.600,4717.6000,6597,0,40597960.000,0,-,-,-,-,4715.8000,4715.6000,4715.4000,4714.0000,4713.0000,4718.6000,4719.6000,4720.4000,4720.8000,4721.0000,2,1,1,2,1,1,1,1,1,1
SF,IC2006,2019-11-05 09:35:08.100,4717.6000,6597,0,40597960.000,0,-,-,-,-,4715.8000,4715.6000,4715.4000,4714.0000,4713.0000,4720.4000,4720.8000,4721.0000,4723.0000,4723.8000,2,1,1,2,1,1,1,1,1,4
SF,IC2006,2019-11-05 09:35:09.600,4717.6000,6597,0,40597960.000,0,-,-,-,-,4716.4000,4715.8000,4715.6000,4715.4000,4714.0000,4720.4000,4720.8000,4721.0000,4723.0000,4723.8000,1,2,1,1,2,1,1,1,1,4
SF,IC2006,2019-11-05 09:35:10.100,4717.6000,6597,0,40597960.000,0,-,-,-,-,4716.6000,4716.4000,4715.8000,4715.6000,4715.4000,4718.2000,4720.2000,4720.4000,4720.8000,4721.0000,1,1,1,1,1,1,1,1,1,1
SF,IC2006,2019-11-05 09:35:10.600,4718.2000,6596,-1,41541600.000,1,0,1,双平,S,4716.6000,4716.4000,4715.8000,4715.6000,4715.4000,4720.2000,4720.4000,4720.8000,4721.0000,4723.0000,1,1,1,1,1,1,1,1,1,1
SF,IC2006,2019-11-05 09:35:11.600,4718.2000,6596,0,41541600.000,0,-,-,-,-,4716.8000,4716.6000,4716.4000,4715.8000,4715.6000,4720.2000,4721.0000,4723.0000,4723.8000,4724.6000,1,1,1,1,1,1,1,1,4,1
SF,IC2006,2019-11-05 09:35:12.100,4718.2000,6596,0,41541600.000,0,-,-,-,-,4717.6000,4717.0000,4716.8000,4715.8000,4715.6000,4720.2000,4721.0000,4723.0000,4723.8000,4724.6000,1,3,2,1,1,1,1,1,4,1
SF,IC2006,2019-11-05 09:35:12.600,4718.2000,6596,0,41541600.000,0,-,-,-,-,4717.8000,4717.6000,4716.8000,4715.6000,4715.4000,4720.2000,4721.0000,4723.0000,4723.8000,4724.6000,3,1,2,1,1,1,1,1,4,1
SF,IC2006,2019-11-05 09:35:13.100,4718.2000,6596,0,41541600.000,0,-,-,-,-,4717.8000,4717.6000,4716.8000,4715.6000,4715.4000,4721.0000,4723.0000,4723.8000,4724.6000,4726.8000,4,1,2,1,1,1,1,4,1,1
SF,IC2006,2019-11-05 09:35:13.600,4718.2000,6596,0,41541600.000,0,-,-,-,-,4718.2000,4717.8000,4716.8000,4715.6000,4715.4000,4721.0000,4723.0000,4723.8000,4724.6000,4726.8000,1,3,2,1,1,1,1,4,1,1
SF,IC2006,2019-11-05 09:35:14.100,4718.2000,6596,0,41541600.000,0,-,-,-,-,4718.4000,4718.2000,4717.8000,4716.8000,4715.6000,4721.0000,4723.0000,4723.8000,4724.6000,4726.8000,1,1,1,1,1,1,1,4,1,1
SF,IC2006,2019-11-05 09:35:15.100,4718.2000,6596,0,41541600.000,0,-,-,-,-,4718.6000,4718.4000,4717.8000,4715.6000,4715.4000,4721.0000,4723.0000,4723.8000,4724.6000,4726.8000,1,1,1,1,1,1,1,4,1,1
SF,IC2006,2019-11-05 09:35:15.600,4718.2000,6596,0,41541600.000,0,-,-,-,-,4719.0000,4718.8000,4718.6000,4717.8000,4715.6000,4721.0000,4723.0000,4723.8000,4724.6000,4726.8000,1,1,1,1,1,1,1,4,1,1
SF,IC2006,2019-11-05 09:35:16.100,4721.0000,6595,-1,42485800.000,1,0,1,双平,S,4719.2000,4719.0000,4718.6000,4715.6000,4715.4000,4723.0000,4723.8000,4724.6000,4726.8000,4729.8000,2,1,1,1,1,1,4,1,1,2
SF,IC2006,2019-11-05 09:35:16.600,4721.0000,6595,0,42485800.000,0,-,-,-,-,4719.2000,4719.0000,4718.6000,4715.6000,4715.4000,4722.8000,4723.0000,4723.8000,4724.6000,4726.8000,2,1,1,1,1,2,1,4,1,1
SF,IC2006,2019-11-05 09:35:17.600,4721.0000,6595,0,42485800.000,0,-,-,-,-,4719.2000,4719.0000,4718.6000,4715.6000,4715.4000,4722.0000,4722.8000,4723.0000,4723.8000,4724.6000,2,1,1,1,1,1,2,1,4,1
SF,IC2006,2019-11-05 09:35:18.100,4721.0000,6595,0,42485800.000,0,-,-,-,-,4719.2000,4719.0000,4718.6000,4715.6000,4715.4000,4722.0000,4723.0000,4723.8000,4724.6000,4726.8000,2,1,1,1,1,1,1,4,1,1
SF,IC2006,2019-11-05 09:35:18.600,4721.0000,6595,0,42485800.000,0,-,-,-,-,4719.2000,4718.6000,4715.6000,4715.4000,4714.0000,4722.0000,4723.0000,4723.8000,4724.6000,4726.8000,2,1,1,1,2,1,1,4,1,1
SF,IC2006,2019-11-05 09:35:19.100,4721.0000,6595,0,42485800.000,0,-,-,-,-,4719.8000,4719.2000,4718.6000,4715.6000,4715.4000,4722.0000,4723.0000,4723.8000,4724.6000,4726.8000,1,2,1,1,1,1,1,4,1,1
SF,IC2006,2019-11-05 09:35:19.600,4721.0000,6595,0,42485800.000,0,-,-,-,-,4720.0000,4719.8000,4719.2000,4715.6000,4715.4000,4723.0000,4723.8000,4724.6000,4726.8000,4729.8000,2,1,1,1,1,1,4,1,1,2
SF,IC2006,2019-11-05 09:35:20.600,4721.0000,6595,0,42485800.000,0,-,-,-,-,4720.0000,4719.2000,4715.6000,4715.4000,4714.0000,4723.0000,4723.8000,4724.6000,4726.8000,4729.8000,2,1,1,1,2,1,4,1,1,2
SF,IC2006,2019-11-05 09:35:21.100,4721.0000,6595,0,42485800.000,0,-,-,-,-,4720.0000,4719.2000,4715.6000,4715.4000,4714.0000,4723.0000,4723.8000,4724.6000,4726.8000,4729.8000,2,1,1,1,2,1,4,1,1,2
SF,IC2006,2019-11-05 09:35:22.100,4721.0000,6595,0,42485800.000,0,-,-,-,-,4720.8000,4720.0000,4719.2000,4715.6000,4715.4000,4723.0000,4723.8000,4724.6000,4726.8000,4729.8000,1,2,1,1,1,1,4,1,1,2
SF,IC2006,2019-11-05 09:35:22.600,4721.0000,6595,0,42485800.000,0,-,-,-,-,4721.2000,4721.0000,4720.8000,4720.0000,4717.0000,4723.0000,4723.8000,4724.6000,4726.8000,4729.8000,1,2,1,1,1,1,4,1,1,2
SF,IC2006,2019-11-05 09:35:23.100,4721.0000,6595,0,42485800.000,0,-,-,-,-,4721.4000,4721.0000,4720.8000,4717.0000,4715.6000,4723.0000,4723.8000,4724.6000,4726.8000,4729.8000,2,1,1,1,1,1,4,1,1,2
SF,IC2006,2019-11-05 09:35:24.100,4721.0000,6595,0,42485800.000,0,-,-,-,-,4721.4000,4721.0000,4720.8000,4717.0000,4715.6000,4723.0000,4723.8000,4724.6000,4726.8000,4729.8000,1,1,1,1,1,1,4,1,1,2
SF,IC2006,2019-11-05 09:35:25.100,4721.0000,6595,0,42485800.000,0,-,-,-,-,4721.6000,4721.4000,4721.0000,4720.8000,4717.0000,4723.0000,4723.8000,4724.6000,4726.8000,4729.8000,1,1,1,1,1,1,4,1,1,2
SF,IC2006,2019-11-05 09:35:25.600,4721.0000,6595,0,42485800.000,0,-,-,-,-,4721.8000,4721.6000,4721.0000,4720.8000,4717.0000,4723.0000,4723.8000,4724.6000,4726.8000,4729.8000,1,1,1,1,1,1,4,1,1,2
SF,IC2006,2019-11-05 09:35:27.100,4721.0000,6595,0,42485800.000,0,-,-,-,-,4721.8000,4721.6000,4721.0000,4717.0000,4715.6000,4723.0000,4723.8000,4724.6000,4726.8000,4729.8000,1,1,1,1,1,1,4,1,1,2
SF,IC2006,2019-11-05 09:35:27.600,4721.0000,6595,0,42485800.000,0,-,-,-,-,4721.0000,4717.0000,4715.6000,4714.0000,4713.0000,4722.8000,4723.0000,4723.8000,4724.6000,4726.8000,1,1,1,2,1,3,1,4,1,1
SF,IC2006,2019-11-05 09:35:28.100,4721.0000,6595,0,42485800.000,0,-,-,-,-,4721.2000,4721.0000,4717.0000,4715.6000,4714.0000,4722.8000,4723.0000,4723.8000,4724.6000,4726.8000,1,1,1,1,2,3,1,4,1,1
SF,IC2006,2019-11-05 09:35:29.600,4721.0000,6595,0,42485800.000,0,-,-,-,-,4721.4000,4721.2000,4721.0000,4717.0000,4715.6000,4722.8000,4723.0000,4723.8000,4724.6000,4726.8000,1,1,1,1,1,3,1,4,1,1
SF,IC2006,2019-11-05 09:35:30.100,4721.0000,6595,0,42485800.000,0,-,-,-,-,4721.6000,4721.4000,4721.0000,4717.0000,4715.6000,4722.8000,4723.0000,4723.8000,4724.6000,4726.8000,1,1,1,1,1,3,1,4,1,1
SF,IC2006,2019-11-05 09:35:30.600,4721.0000,6595,0,42485800.000,0,-,-,-,-,4721.8000,4721.6000,4721.4000,4717.0000,4715.6000,4722.8000,4723.0000,4723.8000,4724.6000,4726.8000,1,1,1,1,1,3,1,4,1,1
SF,IC2006,2019-11-05 09:35:31.100,4721.0000,6595,0,42485800.000,0,-,-,-,-,4722.0000,4721.8000,4721.4000,4717.0000,4715.6000,4722.8000,4723.0000,4723.8000,4724.6000,4726.8000,2,1,1,1,1,3,1,4,1,1
SF,IC2006,2019-11-05 09:35:31.600,4721.0000,6595,0,42485800.000,0,-,-,-,-,4722.0000,4721.8000,4721.4000,4717.0000,4715.6000,4722.8000,4723.0000,4723.8000,4724.6000,4726.8000,1,1,1,1,1,3,1,4,1,1
SF,IC2006,2019-11-05 09:35:33.600,4722.8000,6596,1,44374920.000,2,1,1,空开,S,4722.0000,4721.8000,4717.0000,4715.6000,4714.0000,4722.8000,4723.0000,4723.8000,4724.6000,4726.8000,1,1,1,1,2,1,1,4,1,1
SF,IC2006,2019-11-05 09:35:34.100,4722.8000,6596,0,45319480.000,1,0,1,多换,S,4717.0000,4715.6000,4714.0000,4713.0000,4711.6000,4723.0000,4723.8000,4724.6000,4726.8000,4729.8000,1,1,2,1,1,1,4,1,1,2
SF,IC2006,2019-11-05 09:35:34.600,4722.8000,6596,0,45319480.000,0,-,-,-,-,4721.2000,4720.0000,4719.8000,4717.2000,4717.0000,4723.0000,4723.8000,4724.6000,4726.8000,4729.8000,1,1,3,1,3,1,4,1,1,2
SF,IC2006,2019-11-05 09:35:35.100,4722.8000,6596,0,45319480.000,0,-,-,-,-,4721.4000,4720.0000,4717.0000,4715.6000,4714.0000,4723.0000,4723.8000,4724.6000,4726.8000,4729.8000,2,1,1,1,2,1,4,1,1,2
SF,IC2006,2019-11-05 09:35:35.600,4722.8000,6596,0,45319480.000,0,-,-,-,-,4721.4000,4717.0000,4715.6000,4714.0000,4713.0000,4723.0000,4723.8000,4724.6000,4726.8000,4729.8000,1,1,1,2,1,1,4,1,1,2
SF,IC2006,2019-11-05 09:35:36.100,4722.8000,6596,0,45319480.000,0,-,-,-,-,4721.4000,4721.2000,4717.0000,4715.6000,4714.0000,4723.0000,4723.8000,4724.6000,4726.8000,4729.8000,1,1,1,1,2,1,4,1,1,2
SF,IC2006,2019-11-05 09:35:36.600,4722.8000,6596,0,45319480.000,0,-,-,-,-,4721.4000,4717.0000,4715.6000,4714.0000,4713.0000,4723.0000,4723.8000,4724.6000,4726.8000,4729.8000,1,1,1,2,1,1,4,1,1,2
SF,IC2006,2019-11-05 09:35:37.600,4722.8000,6596,0,45319480.000,0,-,-,-,-,4717.0000,4715.6000,4714.0000,4713.0000,4711.6000,4723.0000,4723.8000,4724.6000,4726.8000,4729.8000,1,1,2,1,1,1,4,1,1,2
SF,IC2006,2019-11-05 09:35:38.100,4722.8000,6596,0,45319480.000,0,-,-,-,-,4718.2000,4717.0000,4715.6000,4714.0000,4713.0000,4722.8000,4723.0000,4723.8000,4724.6000,4726.8000,3,1,1,2,1,1,1,4,1,1
SF,IC2006,2019-11-05 09:35:38.600,4722.8000,6596,0,45319480.000,0,-,-,-,-,4718.4000,4718.2000,4717.0000,4715.6000,4714.0000,4723.0000,4723.8000,4724.6000,4726.8000,4729.8000,1,3,1,1,2,1,4,1,1,2
SF,IC2006,2019-11-05 09:35:39.100,4722.8000,6596,0,45319480.000,0,-,-,-,-,4718.6000,4718.4000,4717.0000,4715.6000,4714.0000,4723.0000,4723.8000,4724.6000,4726.8000,4729.8000,2,1,1,1,2,1,4,1,1,2
SF,IC2006,2019-11-05 09:35:39.600,4722.8000,6596,0,45319480.000,0,-,-,-,-,4718.8000,4718.6000,4717.0000,4715.6000,4714.0000,4723.0000,4723.8000,4724.6000,4726.8000,4729.8000,1,2,1,1,2,1,4,1,1,2
SF,IC2006,2019-11-05 09:35:40.100,4722.8000,6596,0,45319480.000,0,-,-,-,-,4719.8000,4719.0000,4718.8000,4717.0000,4715.6000,4723.0000,4723.8000,4724.6000,4726.8000,4729.8000,1,2,1,1,1,1,4,1,1,2
SF,IC2006,2019-11-05 09:35:40.600,4722.8000,6596,0,45319480.000,0,-,-,-,-,4720.0000,4719.8000,4717.0000,4715.6000,4714.0000,4723.0000,4723.8000,4724.6000,4726.8000,4729.8000,2,1,1,1,2,1,4,1,1,2
SF,IC2006,2019-11-05 09:35:41.100,4722.8000,6596,0,45319480.000,0,-,-,-,-,4720.2000,4720.0000,4719.8000,4717.0000,4715.6000,4722.2000,4723.0000,4723.8000,4724.6000,4726.8000,1,3,1,1,1,1,1,4,1,1
SF,IC2006,2019-11-05 09:35:41.600,4722.8000,6596,0,45319480.000,0,-,-,-,-,4720.4000,4720.2000,4720.0000,4719.8000,4717.0000,4722.2000,4723.0000,4723.8000,4724.6000,4726.8000,2,1,1,1,1,1,1,4,1,1
SF,IC2006,2019-11-05 09:35:42.100,4722.2000,6595,-1,46263920.000,1,0,1,双平,S,4720.4000,4720.2000,4720.0000,4719.8000,4717.0000,4723.0000,4723.8000,4724.6000,4726.8000,4729.8000,2,1,1,1,1,1,4,1,1,2
SF,IC2006,2019-11-05 09:35:42.600,4722.2000,6595,0,46263920.000,0,-,-,-,-,4720.4000,4720.2000,4719.8000,4717.0000,4715.6000,4723.0000,4723.8000,4724.6000,4726.8000,4729.8000,2,1,1,1,1,1,4,1,1,2
SF,IC2006,2019-11-05 09:35:43.100,4722.2000,6595,0,46263920.000,0,-,-,-,-,4721.2000,4720.8000,4720.4000,4720.2000,4717.0000,4723.0000,4723.8000,4724.6000,4726.8000,4729.8000,1,1,2,1,1,1,4,1,1,2
SF,IC2006,2019-11-05 09:35:43.600,4722.2000,6595,0,46263920.000,0,-,-,-,-,4721.4000,4721.2000,4720.8000,4720.2000,4717.0000,4723.0000,4723.8000,4724.6000,4726.8000,4729.8000,2,1,1,1,1,1,4,1,1,2
SF,IC2006,2019-11-05 09:35:44.600,4722.2000,6595,0,46263920.000,0,-,-,-,-,4721.4000,4721.2000,4720.8000,4717.0000,4715.6000,4723.0000,4723.8000,4724.6000,4726.8000,4729.8000,2,1,1,1,1,1,4,1,1,2
SF,IC2006,2019-11-05 09:35:46.100,4722.2000,6595,0,46263920.000,0,-,-,-,-,4721.4000,4721.2000,4717.0000,4715.6000,4715.4000,4723.0000,4723.8000,4724.6000,4726.8000,4729.8000,2,1,1,1,1,1,4,1,1,2
SF,IC2006,2019-11-05 09:35:47.100,4722.2000,6595,0,46263920.000,0,-,-,-,-,4721.6000,4721.4000,4721.2000,4717.0000,4715.6000,4723.0000,4723.8000,4724.6000,4726.8000,4729.8000,1,2,1,1,1,1,4,1,1,2
SF,IC2006,2019-11-05 09:35:47.600,4722.2000,6595,0,46263920.000,0,-,-,-,-,4721.4000,4721.2000,4717.0000,4715.6000,4715.4000,4723.0000,4723.8000,4724.6000,4726.8000,4729.8000,1,1,1,1,1,1,4,1,1,2
SF,IC2006,2019-11-05 09:35:48.100,4722.2000,6595,0,46263920.000,0,-,-,-,-,4721.4000,4717.0000,4715.6000,4715.4000,4714.0000,4723.0000,4723.8000,4724.6000,4726.8000,4729.8000,1,1,1,1,2,1,4,1,1,2
SF,IC2006,2019-11-05 09:35:49.100,4722.2000,6595,0,46263920.000,0,-,-,-,-,4721.6000,4721.4000,4721.2000,4717.0000,4715.6000,4723.0000,4723.8000,4724.6000,4726.8000,4729.8000,1,1,1,1,1,1,4,1,1,2
SF,IC2006,2019-11-05 09:35:49.600,4722.2000,6595,0,46263920.000,0,-,-,-,-,4721.4000,4721.2000,4717.0000,4715.6000,4715.4000,4723.0000,4723.8000,4724.6000,4726.8000,4729.8000,1,1,1,1,1,1,4,1,1,2
SF,IC2006,2019-11-05 09:35:50.100,4722.2000,6595,0,46263920.000,0,-,-,-,-,4721.6000,4721.4000,4721.2000,4717.0000,4715.6000,4723.0000,4723.8000,4724.6000,4726.8000,4729.8000,1,1,1,1,1,1,4,1,1,2
SF,IC2006,2019-11-05 09:35:50.600,4722.2000,6595,0,46263920.000,0,-,-,-,-,4717.0000,4715.6000,4715.4000,4714.0000,4713.0000,4723.0000,4723.8000,4724.6000,4726.8000,4729.8000,1,1,1,2,1,1,4,1,1,2
SF,IC2006,2019-11-05 09:35:51.100,4722.2000,6595,0,46263920.000,0,-,-,-,-,4718.8000,4717.2000,4717.0000,4715.6000,4715.4000,4722.8000,4723.0000,4723.8000,4724.6000,4726.8000,3,1,1,1,1,1,1,4,1,1
SF,IC2006,2019-11-05 09:35:51.600,4722.2000,6595,0,46263920.000,0,-,-,-,-,4719.0000,4718.8000,4717.0000,4715.6000,4715.4000,4723.0000,4723.8000,4724.6000,4726.8000,4729.8000,2,3,1,1,1,1,4,1,1,2
SF,IC2006,2019-11-05 09:35:52.100,4722.2000,6595,0,46263920.000,0,-,-,-,-,4720.0000,4719.6000,4719.2000,4719.0000,4717.0000,4723.0000,4723.8000,4724.6000,4726.8000,4729.8000,1,1,2,2,1,1,4,1,1,2
SF,IC2006,2019-11-05 09:35:52.600,4722.2000,6595,0,46263920.000,0,-,-,-,-,4720.2000,4720.0000,4719.6000,4717.0000,4715.6000,4723.0000,4723.8000,4724.6000,4726.8000,4729.8000,3,1,1,1,1,1,4,1,1,2
SF,IC2006,2019-11-05 09:35:53.100,4722.2000,6595,0,46263920.000,0,-,-,-,-,4721.2000,4720.2000,4720.0000,4719.6000,4717.0000,4723.0000,4723.8000,4724.6000,4726.8000,4729.8000,1,3,1,1,1,1,4,1,1,2
SF,IC2006,2019-11-05 09:35:53.600,4722.2000,6595,0,46263920.000,0,-,-,-,-,4721.4000,4720.0000,4719.6000,4717.0000,4715.6000,4723.0000,4723.8000,4724.6000,4726.8000,4729.8000,1,1,1,1,1,1,4,1,1,2
SF,IC2006,2019-11-05 09:35:54.100,4722.2000,6595,0,46263920.000,0,-,-,-,-,4720.0000,4719.6000,4717.0000,4715.6000,4715.4000,4723.0000,4723.8000,4724.6000,4726.8000,4729.8000,1,1,1,1,1,1,4,1,1,2
SF,IC2006,2019-11-05 09:35:54.600,4722.2000,6595,0,46263920.000,0,-,-,-,-,4720.2000,4720.0000,4719.6000,4717.0000,4715.6000,4723.0000,4723.8000,4724.6000,4726.8000,4729.8000,2,2,1,1,1,1,4,1,1,2
SF,IC2006,2019-11-05 09:35:55.100,4722.2000,6595,0,46263920.000,0,-,-,-,-,4721.2000,4720.4000,4720.2000,4720.0000,4719.6000,4723.0000,4723.8000,4724.6000,4726.8000,4729.8000,1,1,2,1,1,1,4,1,1,2
SF,IC2006,2019-11-05 09:35:55.600,4722.2000,6595,0,46263920.000,0,-,-,-,-,4721.4000,4721.2000,4720.0000,4719.6000,4717.0000,4723.0000,4723.8000,4724.6000,4726.8000,4729.8000,1,1,1,1,1,1,4,1,1,2
SF,IC2006,2019-11-05 09:35:56.100,4722.2000,6595,0,46263920.000,0,-,-,-,-,4721.4000,4721.2000,4720.0000,4717.0000,4715.6000,4722.0000,4723.0000,4723.8000,4724.6000,4726.8000,1,1,1,1,1,1,1,4,1,1
SF,IC2006,2019-11-05 09:35:56.600,4722.2000,6595,0,46263920.000,0,-,-,-,-,4721.4000,4720.0000,4717.0000,4715.6000,4715.4000,4722.0000,4723.0000,4723.8000,4724.6000,4726.8000,1,1,1,1,1,1,1,4,1,1
SF,IC2006,2019-11-05 09:35:57.600,4722.2000,6595,0,46263920.000,0,-,-,-,-,4717.0000,4715.6000,4715.4000,4714.0000,4713.0000,4722.0000,4723.0000,4723.8000,4724.6000,4726.8000,1,1,1,2,1,1,1,4,1,1
SF,IC2006,2019-11-05 09:35:58.100,4722.2000,6595,0,46263920.000,0,-,-,-,-,4718.2000,4717.4000,4717.2000,4717.0000,4715.6000,4722.0000,4723.0000,4723.8000,4724.6000,4726.8000,1,3,1,1,1,1,1,4,1,1
SF,IC2006,2019-11-05 09:35:58.600,4722.2000,6595,0,46263920.000,0,-,-,-,-,4718.4000,4718.2000,4717.0000,4715.6000,4715.4000,4721.8000,4722.0000,4723.0000,4723.8000,4724.6000,3,1,1,1,1,1,1,1,4,1
SF,IC2006,2019-11-05 09:35:59.600,4722.2000,6595,0,46263920.000,0,-,-,-,-,4718.4000,4718.2000,4717.0000,4715.6000,4715.4000,4721.8000,4722.0000,4723.0000,4723.8000,4724.6000,2,1,1,1,1,1,1,1,4,1
SF,IC2006,2019-11-05 09:36:00.100,4722.2000,6595,0,46263920.000,0,-,-,-,-,4718.4000,4718.2000,4717.0000,4715.6000,4715.4000,4721.8000,4722.0000,4723.0000,4723.8000,4724.6000,1,1,1,1,1,1,1,1,4,1
SF,IC2006,2019-11-05 09:36:01.100,4722.2000,6595,0,46263920.000,0,-,-,-,-,4718.4000,4718.2000,4717.0000,4715.6000,4715.4000,4721.8000,4723.0000,4723.8000,4724.6000,4726.8000,1,1,1,1,1,1,1,4,1,1
SF,IC2006,2019-11-05 09:36:01.600,4722.2000,6595,0,46263920.000,0,-,-,-,-,4718.4000,4718.2000,4717.0000,4715.6000,4715.4000,4720.0000,4721.8000,4723.0000,4723.8000,4724.6000,1,1,1,1,1,1,1,1,4,1
SF,IC2006,2019-11-05 09:36:02.100,4722.2000,6595,0,46263920.000,0,-,-,-,-,4718.4000,4718.2000,4717.0000,4715.6000,4715.4000,4720.0000,4723.0000,4723.8000,4724.6000,4726.8000,1,1,1,1,1,1,1,4,1,1
SF,IC2006,2019-11-05 09:36:02.600,4722.2000,6595,0,46263920.000,0,-,-,-,-,4718.2000,4717.0000,4715.6000,4715.4000,4714.0000,4719.8000,4720.0000,4723.0000,4723.8000,4724.6000,1,1,1,1,2,1,1,1,4,1
SF,IC2006,2019-11-05 09:36:03.100,4722.2000,6595,0,46263920.000,0,-,-,-,-,4718.2000,4717.0000,4715.6000,4715.4000,4714.0000,4720.0000,4723.0000,4723.8000,4724.6000,4726.8000,1,1,1,1,2,1,1,4,1,1
SF,IC2006,2019-11-05 09:36:04.100,4722.2000,6595,0,46263920.000,0,-,-,-,-,4718.4000,4718.2000,4717.0000,4715.6000,4715.4000,4720.0000,4723.0000,4723.8000,4724.6000,4726.8000,1,1,1,1,1,1,1,4,1,1
SF,IC2006,2019-11-05 09:36:05.600,4718.4000,6595,0,47207600.000,1,0,1,多换,S,4718.2000,4717.0000,4715.6000,4715.4000,4714.0000,4720.0000,4723.0000,4723.8000,4724.6000,4726.8000,1,1,1,1,2,1,1,4,1,1
SF,IC2006,2019-11-05 09:36:06.100,4718.4000,6595,0,47207600.000,0,-,-,-,-,4718.2000,4717.0000,4715.6000,4715.4000,4714.0000,4719.8000,4720.0000,4723.0000,4723.8000,4724.6000,1,1,1,1,2,1,1,1,4,1
SF,IC2006,2019-11-05 09:36:06.600,4718.2000,6595,0,48151240.000,1,0,1,多换,S,4717.0000,4715.6000,4715.4000,4714.0000,4713.0000,4719.8000,4720.0000,4723.0000,4723.8000,4724.6000,1,1,1,2,1,1,1,1,4,1
SF,IC2006,2019-11-05 09:36:07.100,4718.2000,6595,0,48151240.000,0,-,-,-,-,4717.0000,4715.6000,4715.4000,4714.0000,4713.0000,4719.8000,4723.0000,4723.8000,4724.6000,4726.8000,1,1,1,2,1,1,1,4,1,1
SF,IC2006,2019-11-05 09:36:07.600,4718.2000,6595,0,48151240.000,0,-,-,-,-,4717.2000,4717.0000,4715.6000,4715.4000,4714.0000,4718.2000,4719.8000,4723.0000,4723.8000,4724.6000,1,1,1,1,2,1,1,1,4,1
SF,IC2006,2019-11-05 09:36:08.100,4718.2000,6595,0,49094880.000,1,0,1,多换,S,4717.0000,4715.6000,4715.4000,4714.0000,4713.0000,4723.0000,4723.8000,4724.6000,4726.8000,4729.8000,1,1,1,2,1,1,4,1,1,2
SF,IC2006,2019-11-05 09:36:08.600,4718.2000,6595,0,49094880.000,0,-,-,-,-,4717.0000,4715.6000,4715.4000,4714.0000,4713.0000,4720.8000,4722.8000,4723.0000,4723.8000,4724.6000,1,1,1,2,1,3,1,1,4,1
SF,IC2006,2019-11-05 09:36:09.100,4718.2000,6595,0,49094880.000,0,-,-,-,-,4717.0000,4715.6000,4715.4000,4714.0000,4713.0000,4720.6000,4720.8000,4722.8000,4723.0000,4723.8000,1,1,1,2,1,1,3,1,1,4
SF,IC2006,2019-11-05 09:36:09.600,4718.2000,6595,0,49094880.000,0,-,-,-,-,4717.0000,4715.6000,4715.4000,4714.0000,4713.0000,4720.4000,4720.6000,4722.8000,4723.0000,4723.8000,1,1,1,2,1,2,1,1,1,4
SF,IC2006,2019-11-05 09:36:10.100,4718.2000,6595,0,49094880.000,0,-,-,-,-,4717.0000,4715.6000,4715.4000,4714.0000,4713.0000,4720.2000,4720.4000,4720.6000,4722.8000,4723.0000,1,1,1,2,1,1,2,1,1,1
SF,IC2006,2019-11-05 09:36:10.600,4718.2000,6595,0,49094880.000,0,-,-,-,-,4717.0000,4715.6000,4715.4000,4714.0000,4713.0000,4720.0000,4722.8000,4723.0000,4723.8000,4724.6000,1,1,1,2,1,1,1,1,4,1
SF,IC2006,2019-11-05 09:36:12.600,4718.2000,6595,0,49094880.000,0,-,-,-,-,4715.6000,4715.4000,4714.0000,4713.0000,4711.0000,4719.8000,4720.0000,4722.8000,4723.0000,4723.8000,1,1,2,1,1,1,1,1,1,4
SF,IC2006,2019-11-05 09:36:13.100,4718.2000,6595,0,49094880.000,0,-,-,-,-,4715.8000,4715.6000,4715.4000,4714.0000,4713.0000,4722.8000,4723.0000,4723.8000,4724.6000,4726.8000,3,1,2,2,1,1,1,4,1,1
SF,IC2006,2019-11-05 09:36:13.600,4718.2000,6595,0,49094880.000,0,-,-,-,-,4716.0000,4715.8000,4715.6000,4715.4000,4714.0000,4722.0000,4722.8000,4723.0000,4723.8000,4724.6000,1,3,1,2,2,3,1,1,4,1
SF,IC2006,2019-11-05 09:36:14.100,4718.2000,6595,0,49094880.000,0,-,-,-,-,4716.4000,4716.2000,4716.0000,4715.6000,4715.4000,4721.8000,4722.0000,4722.8000,4723.0000,4723.8000,1,3,1,1,2,1,3,1,1,4
SF,IC2006,2019-11-05 09:36:14.600,4718.2000,6595,0,49094880.000,0,-,-,-,-,4716.6000,4716.4000,4716.0000,4715.6000,4715.4000,4720.4000,4721.6000,4721.8000,4722.8000,4723.0000,2,1,1,1,2,1,2,1,1,1
SF,IC2006,2019-11-05 09:36:15.100,4718.2000,6595,0,49094880.000,0,-,-,-,-,4716.8000,4716.6000,4716.4000,4715.6000,4715.4000,4720.2000,4720.4000,4721.8000,4722.8000,4723.0000,1,1,1,1,2,1,1,1,1,1
SF,IC2006,2019-11-05 09:36:15.600,4718.2000,6595,0,49094880.000,0,-,-,-,-,4717.0000,4716.8000,4716.4000,4715.6000,4715.4000,4720.2000,4720.4000,4721.8000,4722.8000,4723.0000,1,1,1,1,2,1,1,1,1,1
SF,IC2006,2019-11-05 09:36:16.100,4718.2000,6595,0,49094880.000,0,-,-,-,-,4717.0000,4716.4000,4715.6000,4715.4000,4714.0000,4720.2000,4720.4000,4721.8000,4722.8000,4723.0000,1,1,1,2,2,1,1,1,1,1
SF,IC2006,2019-11-05 09:36:17.600,4718.2000,6595,0,49094880.000,0,-,-,-,-,4717.2000,4717.0000,4716.4000,4715.6000,4715.4000,4720.2000,4720.4000,4721.8000,4722.8000,4723.0000,1,1,2,1,2,1,1,1,1,1
SF,IC2006,2019-11-05 09:36:18.100,4718.2000,6595,0,49094880.000,0,-,-,-,-,4716.4000,4715.6000,4715.4000,4714.0000,4713.0000,4717.2000,4720.2000,4720.4000,4721.8000,4722.8000,2,1,2,2,1,1,1,1,1,1
SF,IC2006,2019-11-05 09:36:18.600,4717.8000,6595,0,50038440.000,1,0,1,多换,S,4716.6000,4716.4000,4715.6000,4715.4000,4714.0000,4720.4000,4721.8000,4722.8000,4723.0000,4723.8000,2,2,1,2,2,1,1,1,1,4
SF,IC2006,2019-11-05 09:36:19.100,4717.8000,6595,0,50038440.000,0,-,-,-,-,4716.8000,4716.6000,4716.4000,4715.6000,4715.4000,4720.4000,4721.8000,4722.8000,4723.0000,4723.8000,1,1,2,1,2,1,1,1,1,4
SF,IC2006,2019-11-05 09:36:19.600,4717.8000,6595,0,50038440.000,0,-,-,-,-,4717.0000,4716.8000,4716.4000,4715.6000,4715.4000,4722.8000,4723.0000,4723.8000,4724.6000,4726.8000,1,1,2,1,2,1,1,4,1,1
SF,IC2006,2019-11-05 09:36:20.100,4717.8000,6595,0,50038440.000,0,-,-,-,-,4717.2000,4717.0000,4716.4000,4715.6000,4715.4000,4722.6000,4722.8000,4723.0000,4723.8000,4724.6000,2,1,2,1,2,2,1,1,4,1
SF,IC2006,2019-11-05 09:36:20.600,4717.8000,6595,0,50038440.000,0,-,-,-,-,4717.4000,4717.2000,4716.4000,4715.6000,4715.4000,4722.4000,4722.6000,4722.8000,4723.0000,4723.8000,1,2,2,1,2,1,2,1,1,4
SF,IC2006,2019-11-05 09:36:21.100,4717.8000,6595,0,50038440.000,0,-,-,-,-,4717.6000,4717.4000,4717.2000,4716.4000,4715.6000,4722.2000,4722.4000,4722.8000,4723.0000,4723.8000,1,1,1,2,1,2,1,1,1,4
SF,IC2006,2019-11-05 09:36:21.600,4717.8000,6595,0,50038440.000,0,-,-,-,-,4717.8000,4717.2000,4716.4000,4715.6000,4715.4000,4722.0000,4722.2000,4722.4000,4722.8000,4723.0000,2,1,2,1,2,1,2,1,1,1
SF,IC2006,2019-11-05 09:36:22.100,4717.8000,6595,0,50038440.000,0,-,-,-,-,4717.8000,4716.4000,4715.6000,4715.4000,4714.0000,4721.8000,4722.0000,4722.4000,4722.8000,4723.0000,1,1,1,2,2,2,1,1,1,1
SF,IC2006,2019-11-05 09:36:22.600,4717.8000,6595,0,50038440.000,0,-,-,-,-,4717.8000,4716.8000,4716.4000,4715.6000,4715.4000,4721.8000,4722.0000,4722.4000,4722.8000,4723.0000,1,1,1,1,2,2,1,1,1,1
SF,IC2006,2019-11-05 09:36:24.100,4717.8000,6595,0,50038440.000,0,-,-,-,-,4718.0000,4717.8000,4716.8000,4716.4000,4715.6000,4721.8000,4722.0000,4722.4000,4722.8000,4723.0000,1,1,1,1,1,2,1,1,1,1
SF,IC2006,2019-11-05 09:36:24.600,4717.8000,6595,0,50038440.000,0,-,-,-,-,4716.8000,4716.4000,4715.6000,4715.4000,4714.0000,4721.8000,4722.0000,4722.4000,4722.8000,4723.0000,1,1,1,1,2,2,1,1,1,1
SF,IC2006,2019-11-05 09:36:25.100,4717.8000,6595,0,50038440.000,0,-,-,-,-,4717.0000,4716.8000,4716.4000,4715.6000,4715.4000,4721.2000,4721.6000,4722.4000,4722.8000,4723.0000,3,1,1,1,1,1,1,1,1,1
SF,IC2006,2019-11-05 09:36:25.600,4717.8000,6595,0,50038440.000,0,-,-,-,-,4717.0000,4716.8000,4716.4000,4715.6000,4715.4000,4721.2000,4722.4000,4722.8000,4723.0000,4723.8000,3,1,1,1,1,1,1,1,1,4
SF,IC2006,2019-11-05 09:36:26.100,4717.8000,6595,0,50038440.000,0,-,-,-,-,4717.8000,4717.4000,4717.0000,4716.8000,4716.4000,4721.2000,4722.4000,4722.8000,4723.0000,4723.8000,1,1,3,1,1,1,1,1,1,4
SF,IC2006,2019-11-05 09:36:26.600,4717.8000,6595,0,50038440.000,0,-,-,-,-,4718.0000,4717.8000,4717.4000,4716.8000,4716.4000,4722.4000,4722.8000,4723.0000,4723.8000,4724.6000,2,1,1,1,1,1,1,1,4,1
SF,IC2006,2019-11-05 09:36:27.100,4717.8000,6595,0,50038440.000,0,-,-,-,-,4718.0000,4717.8000,4717.4000,4716.8000,4716.4000,4722.2000,4722.4000,4722.8000,4723.0000,4723.8000,2,1,1,1,1,1,1,1,1,4
SF,IC2006,2019-11-05 09:36:27.600,4717.8000,6595,0,50038440.000,0,-,-,-,-,4718.2000,4718.0000,4717.8000,4717.4000,4716.8000,4722.2000,4722.4000,4722.8000,4723.0000,4723.8000,1,2,1,1,1,1,1,1,1,4
SF,IC2006,2019-11-05 09:36:28.100,4717.8000,6595,0,50038440.000,0,-,-,-,-,4718.6000,4718.4000,4718.2000,4716.8000,4716.4000,4722.2000,4722.4000,4722.8000,4723.0000,4723.2000,1,2,2,1,1,1,1,1,1,1
SF,IC2006,2019-11-05 09:36:28.600,4717.8000,6595,0,50038440.000,0,-,-,-,-,4718.6000,4718.4000,4718.2000,4716.8000,4716.4000,4722.0000,4722.2000,4722.4000,4722.8000,4723.0000,1,1,1,1,1,1,1,1,1,1
SF,IC2006,2019-11-05 09:36:29.100,4717.8000,6595,0,50038440.000,0,-,-,-,-,4718.8000,4718.6000,4718.2000,4716.8000,4716.4000,4721.8000,4722.0000,4723.0000,4723.2000,4723.8000,1,1,1,1,1,1,1,1,1,4
SF,IC2006,2019-11-05 09:36:29.600,4721.8000,6595,0,50982800.000,1,0,1,多换,S,4719.0000,4718.8000,4718.6000,4718.2000,4716.8000,4722.0000,4723.0000,4723.2000,4723.6000,4723.8000,1,1,2,1,1,1,1,1,1,4
SF,IC2006,2019-11-05 09:36:30.100,4721.8000,6595,0,50982800.000,0,-,-,-,-,4719.2000,4718.8000,4718.2000,4716.8000,4716.4000,4722.0000,4723.0000,4723.2000,4723.8000,4724.6000,1,1,1,1,1,1,1,1,4,1
SF,IC2006,2019-11-05 09:36:30.600,4721.8000,6595,0,50982800.000,0,-,-,-,-,4719.2000,4718.2000,4716.8000,4716.4000,4715.6000,4722.0000,4723.0000,4723.2000,4723.8000,4724.6000,1,1,1,1,2,1,1,1,4,1
SF,IC2006,2019-11-05 09:36:31.600,4721.8000,6595,0,50982800.000,0,-,-,-,-,4719.2000,4716.8000,4716.4000,4715.6000,4715.4000,4722.0000,4723.0000,4723.2000,4723.8000,4724.6000,1,1,1,2,1,1,1,1,4,1
SF,IC2006,2019-11-05 09:36:32.100,4721.8000,6595,0,50982800.000,0,-,-,-,-,4719.4000,4719.2000,4716.8000,4716.4000,4715.6000,4723.0000,4723.2000,4723.8000,4724.6000,4726.8000,1,1,1,1,2,1,1,4,1,1
SF,IC2006,2019-11-05 09:36:32.600,4721.8000,6595,0,50982800.000,0,-,-,-,-,4719.6000,4719.4000,4716.8000,4716.4000,4715.6000,4723.0000,4723.2000,4723.8000,4724.6000,4726.8000,3,1,1,1,2,1,1,4,1,1
SF,IC2006,2019-11-05 09:36:33.100,4721.8000,6595,0,50982800.000,0,-,-,-,-,4719.8000,4719.6000,4716.8000,4716.4000,4715.6000,4723.0000,4723.2000,4723.8000,4724.6000,4726.8000,1,3,1,1,2,1,1,4,1,1
SF,IC2006,2019-11-05 09:36:33.600,4721.8000,6595,0,50982800.000,0,-,-,-,-,4720.0000,4719.8000,4716.8000,4716.4000,4715.6000,4723.0000,4723.2000,4723.8000,4724.6000,4726.8000,2,1,1,1,2,1,1,4,1,1
SF,IC2006,2019-11-05 09:36:34.100,4721.8000,6595,0,50982800.000,0,-,-,-,-,4720.2000,4720.0000,4716.8000,4716.4000,4715.6000,4723.0000,4723.2000,4723.8000,4724.6000,4726.8000,1,2,1,1,2,1,1,4,1,1
SF,IC2006,2019-11-05 09:36:34.600,4721.8000,6595,0,50982800.000,0,-,-,-,-,4720.4000,4716.8000,4716.4000,4715.6000,4715.4000,4722.2000,4723.0000,4723.2000,4723.8000,4724.6000,1,1,1,2,1,1,1,1,4,1
SF,IC2006,2019-11-05 09:36:39.100,4722.2000,6595,0,51927240.000,1,0,1,多换,S,4720.6000,4720.4000,4716.8000,4716.4000,4715.6000,4723.0000,4723.2000,4723.8000,4724.6000,4726.8000,1,1,1,1,2,1,1,4,1,1
SF,IC2006,2019-11-05 09:36:39.600,4722.2000,6595,0,51927240.000,0,-,-,-,-,4720.8000,4716.8000,4716.4000,4715.6000,4715.4000,4723.0000,4723.2000,4723.8000,4724.6000,4726.8000,1,1,1,2,1,1,1,4,1,1
SF,IC2006,2019-11-05 09:36:40.600,4722.2000,6595,0,51927240.000,0,-,-,-,-,4720.8000,4716.8000,4716.4000,4715.6000,4715.4000,4723.0000,4723.2000,4723.8000,4724.6000,4729.8000,1,1,1,2,1,1,1,4,1,2
SF,IC2006,2019-11-05 09:36:41.600,4720.8000,6595,0,52871400.000,1,0,1,多换,S,4719.8000,4716.8000,4716.4000,4715.6000,4715.4000,4723.0000,4723.2000,4723.8000,4724.6000,4729.8000,1,1,1,2,1,1,1,4,2,2
SF,IC2006,2019-11-05 09:36:42.100,4720.8000,6595,0,52871400.000,0,-,-,-,-,4720.0000,4716.8000,4716.4000,4715.6000,4715.4000,4723.0000,4723.2000,4723.8000,4724.6000,4729.8000,2,1,1,2,1,1,1,4,1,2
SF,IC2006,2019-11-05 09:36:42.600,4720.8000,6595,0,52871400.000,0,-,-,-,-,4720.0000,4716.8000,4716.4000,4715.6000,4715.4000,4723.0000,4723.2000,4723.8000,4724.6000,4729.8000,2,1,1,2,1,1,1,4,1,2
SF,IC2006,2019-11-05 09:36:43.100,4720.8000,6595,0,52871400.000,0,-,-,-,-,4720.0000,4716.8000,4716.4000,4715.6000,4715.4000,4722.0000,4723.0000,4723.2000,4723.8000,4724.6000,1,1,1,2,1,1,1,1,4,1
SF,IC2006,2019-11-05 09:36:44.100,4720.8000,6595,0,52871400.000,0,-,-,-,-,4720.2000,4720.0000,4716.8000,4716.4000,4715.6000,4722.0000,4723.0000,4723.2000,4723.8000,4724.6000,1,1,1,1,2,1,1,1,4,1
SF,IC2006,2019-11-05 09:36:44.600,4720.8000,6595,0,52871400.000,0,-,-,-,-,4720.4000,4720.2000,4716.8000,4716.4000,4715.6000,4722.0000,4723.0000,4723.2000,4723.8000,4724.6000,2,1,1,1,2,1,1,1,4,1
SF,IC2006,2019-11-05 09:36:45.100,4722.0000,6594,-1,53815800.000,1,0,1,双平,S,4720.4000,4720.2000,4716.8000,4716.4000,4715.6000,4723.0000,4723.2000,4723.8000,4724.6000,4729.8000,2,1,1,1,2,1,1,4,1,2
SF,IC2006,2019-11-05 09:36:46.100,4722.0000,6594,0,53815800.000,0,-,-,-,-,4720.4000,4720.2000,4716.8000,4716.4000,4715.6000,4723.0000,4723.2000,4723.8000,4724.6000,4729.8000,1,1,1,1,2,1,1,4,1,2
SF,IC2006,2019-11-05 09:36:46.600,4720.4000,6593,-1,54759880.000,1,0,1,双平,S,4720.2000,4717.6000,4716.8000,4716.4000,4715.6000,4722.8000,4723.0000,4723.2000,4723.8000,4724.6000,1,1,1,1,2,2,1,1,4,1
SF,IC2006,2019-11-05 09:36:47.100,4720.4000,6593,0,54759880.000,0,-,-,-,-,4716.8000,4716.4000,4715.6000,4715.4000,4714.0000,4722.8000,4723.0000,4723.2000,4723.8000,4724.6000,1,1,2,1,2,2,1,1,4,1
SF,IC2006,2019-11-05 09:36:47.600,4720.4000,6593,0,54759880.000,0,-,-,-,-,4717.0000,4716.8000,4716.4000,4715.6000,4715.4000,4722.2000,4722.6000,4722.8000,4723.0000,4723.2000,3,1,1,2,1,1,1,2,1,1
SF,IC2006,2019-11-05 09:36:48.100,4720.4000,6593,0,54759880.000,0,-,-,-,-,4717.0000,4716.8000,4716.4000,4715.6000,4715.4000,4722.0000,4722.2000,4722.6000,4722.8000,4723.0000,3,1,1,2,1,1,1,1,1,1
SF,IC2006,2019-11-05 09:36:49.100,4720.4000,6593,0,54759880.000,0,-,-,-,-,4717.8000,4717.0000,4716.8000,4716.4000,4715.6000,4722.0000,4722.6000,4722.8000,4723.0000,4723.2000,1,3,1,1,2,1,1,1,1,1
SF,IC2006,2019-11-05 09:36:49.600,4720.4000,6593,0,54759880.000,0,-,-,-,-,4718.2000,4718.0000,4717.8000,4716.8000,4716.4000,4722.0000,4722.8000,4723.0000,4723.2000,4723.8000,1,2,1,1,1,2,1,1,1,4
SF,IC2006,2019-11-05 09:36:50.100,4720.4000,6593,0,54759880.000,0,-,-,-,-,4718.4000,4718.2000,4717.8000,4716.8000,4716.4000,4722.0000,4722.8000,4723.0000,4723.2000,4723.8000,2,1,1,1,1,2,1,1,1,4
SF,IC2006,2019-11-05 09:36:50.600,4720.4000,6593,0,54759880.000,0,-,-,-,-,4718.6000,4718.4000,4718.2000,4717.8000,4716.8000,4722.0000,4722.8000,4723.0000,4723.2000,4723.8000,1,2,1,1,1,2,1,1,1,4
SF,IC2006,2019-11-05 09:36:51.100,4720.4000,6593,0,54759880.000,0,-,-,-,-,4718.8000,4718.6000,4718.2000,4716.8000,4716.4000,4722.0000,4722.8000,4723.0000,4723.2000,4723.8000,2,1,1,1,1,2,1,1,1,4
SF,IC2006,2019-11-05 09:36:52.100,4720.4000,6593,0,54759880.000,0,-,-,-,-,4718.8000,4718.2000,4716.8000,4716.4000,4715.6000,4722.0000,4722.8000,4723.0000,4723.2000,4723.8000,2,1,1,1,2,2,1,1,1,4
SF,IC2006,2019-11-05 09:36:53.600,4720.4000,6593,0,54759880.000,0,-,-,-,-,4719.0000,4718.8000,4718.2000,4716.8000,4716.4000,4722.0000,4722.8000,4723.0000,4723.2000,4723.8000,1,2,1,1,1,2,1,1,1,4
SF,IC2006,2019-11-05 09:36:54.100,4720.4000,6593,0,54759880.000,0,-,-,-,-,4719.2000,4719.0000,4718.8000,4718.2000,4716.8000,4722.0000,4722.8000,4723.0000,4723.2000,4723.8000,1,1,1,1,1,2,1,1,1,4
SF,IC2006,2019-11-05 09:36:55.100,4720.4000,6593,0,54759880.000,0,-,-,-,-,4719.4000,4719.2000,4718.8000,4718.2000,4716.8000,4722.0000,4722.8000,4723.0000,4723.2000,4723.8000,1,1,1,1,1,2,1,1,1,4
SF,IC2006,2019-11-05 09:36:55.600,4720.4000,6593,0,54759880.000,0,-,-,-,-,4719.6000,4719.4000,4718.8000,4718.2000,4716.8000,4722.0000,4722.8000,4723.0000,4723.2000,4723.8000,1,1,1,1,1,2,1,1,1,4
SF,IC2006,2019-11-05 09:36:56.100,4720.4000,6593,0,54759880.000,0,-,-,-,-,4719.8000,4719.4000,4718.8000,4718.2000,4716.8000,4722.0000,4722.8000,4723.0000,4723.2000,4723.8000,1,1,1,1,1,2,1,1,1,4
SF,IC2006,2019-11-05 09:36:56.600,4720.4000,6593,0,54759880.000,0,-,-,-,-,4719.8000,4718.8000,4718.2000,4716.8000,4716.4000,4722.0000,4722.8000,4723.0000,4723.2000,4723.8000,2,1,1,1,1,2,1,1,1,4
SF,IC2006,2019-11-05 09:36:57.600,4720.4000,6593,0,54759880.000,0,-,-,-,-,4719.8000,4718.8000,4718.2000,4716.8000,4716.4000,4722.0000,4722.8000,4723.0000,4723.2000,4723.8000,1,1,1,1,1,2,1,1,1,4
SF,IC2006,2019-11-05 09:36:59.100,4720.4000,6593,0,54759880.000,0,-,-,-,-,4720.0000,4719.8000,4718.8000,4718.2000,4716.8000,4722.0000,4722.8000,4723.0000,4723.2000,4723.8000,1,1,1,1,1,2,1,1,1,4
SF,IC2006,2019-11-05 09:37:00.100,4720.4000,6593,0,54759880.000,0,-,-,-,-,4720.2000,4720.0000,4718.2000,4716.8000,4716.4000,4722.0000,4722.8000,4723.0000,4723.2000,4723.8000,1,1,1,1,1,2,1,1,1,4
SF,IC2006,2019-11-05 09:37:00.600,4720.4000,6593,0,54759880.000,0,-,-,-,-,4720.4000,4720.2000,4718.2000,4716.8000,4716.4000,4722.0000,4723.0000,4723.2000,4723.8000,4729.8000,1,1,1,1,1,2,1,1,4,2
SF,IC2006,2019-11-05 09:37:01.100,4720.4000,6593,0,54759880.000,0,-,-,-,-,4720.2000,4718.2000,4716.8000,4716.4000,4715.6000,4721.0000,4722.0000,4723.0000,4723.2000,4723.8000,1,1,1,1,2,1,2,1,1,4
SF,IC2006,2019-11-05 09:37:01.600,4721.0000,6593,0,55704080.000,1,0,1,多换,S,4721.0000,4718.2000,4716.8000,4716.4000,4715.6000,4722.0000,4723.0000,4723.2000,4723.8000,4729.8000,1,1,1,1,2,1,1,1,4,2
SF,IC2006,2019-11-05 09:37:02.100,4721.0000,6593,0,55704080.000,0,-,-,-,-,4718.2000,4716.8000,4716.4000,4715.6000,4715.4000,4722.0000,4723.0000,4723.2000,4723.8000,4729.8000,1,1,1,2,1,1,1,1,4,2
SF,IC2006,2019-11-05 09:37:02.600,4721.0000,6593,0,55704080.000,0,-,-,-,-,4719.4000,4718.4000,4718.2000,4716.8000,4716.4000,4722.0000,4723.0000,4723.2000,4723.8000,4729.8000,1,2,1,1,1,1,1,1,4,2
