市场代码,合约代码,时间,最新,持仓,增仓,成交额,成交量,开仓,平仓,成交类型,方向,买一价,买二价,买三价,买四价,买五价,卖一价,卖二价,卖三价,卖四价,卖五价,买一量,买二量,买三量,买四量,买五量,卖一量,卖二量,卖三量,卖四量,卖五量
SF,IC2012,2020-07-01 09:29:00.400,5526.0000,36738,0,26524800.000,24.000,-,-,-,-,5525.4000,5523.0000,5521.2000,5520.0000,5518.6000,5526.0000,5529.6000,5532.0000,5532.6000,5533.0000,1,1,1,3,1,4,7,1,2,11
SF,IC2012,2020-07-01 09:30:00.400,5527.8000,36733,-5,37579160.000,10,2,8,多平,S,5527.0000,5526.4000,5526.2000,5526.0000,5525.4000,5529.6000,5529.8000,5532.0000,5532.6000,5533.0000,1,1,3,16,1,6,1,1,2,11
SF,IC2012,2020-07-01 09:30:00.900,5529.4000,36730,-3,40895880.000,3,0,3,双平,S,5526.6000,5526.4000,5526.2000,5526.0000,5525.4000,5529.4000,5529.6000,5529.8000,5532.0000,5532.6000,1,1,3,15,1,2,6,1,1,2
SF,IC2012,2020-07-01 09:30:01.400,5529.4000,36729,-1,43107640.000,2,0,2,多平,S,5528.6000,5528.4000,5527.0000,5526.8000,5526.4000,5529.6000,5529.8000,5532.0000,5532.6000,5533.0000,3,2,1,2,1,6,1,1,2,11
SF,IC2012,2020-07-01 09:30:01.900,5528.0000,36726,-3,47530960.000,4,0,4,多平,S,5528.0000,5527.0000,5526.8000,5526.2000,5526.0000,5529.6000,5529.8000,5532.0000,5532.6000,5533.0000,1,1,1,3,14,4,1,1,2,11
SF,IC2012,2020-07-01 09:30:02.400,5526.2000,36727,1,57480800.000,9,5,4,空开,S,5526.2000,5526.0000,5525.4000,5525.0000,5523.0000,5526.6000,5527.0000,5529.4000,5529.6000,5529.8000,3,14,1,1,1,1,1,4,4,1
SF,IC2012,2020-07-01 09:30:02.900,5529.6000,36715,-12,77377960.000,18,3,15,多平,S,5527.2000,5526.8000,5526.4000,5526.2000,5526.0000,5529.6000,5529.8000,5532.0000,5532.6000,5533.0000,1,3,1,1,14,3,1,1,2,11
SF,IC2012,2020-07-01 09:30:03.400,5529.6000,36711,-4,82907080.000,5,0,5,多平,S,5529.6000,5526.8000,5526.2000,5526.0000,5525.4000,5529.8000,5532.0000,5532.6000,5533.0000,5533.6000,2,2,1,14,1,1,1,2,11,2
SF,IC2012,2020-07-01 09:30:03.900,5529.6000,36709,-2,85118920.000,2,0,2,双平,S,5526.8000,5526.2000,5526.0000,5525.4000,5525.0000,5529.6000,5529.8000,5530.4000,5532.0000,5532.6000,2,1,14,1,1,1,1,1,1,2
SF,IC2012,2020-07-01 09:30:04.400,5529.8000,36709,0,88436720.000,3,1,2,多换,S,5529.8000,5527.0000,5526.8000,5526.2000,5526.0000,5530.4000,5532.0000,5532.6000,5533.0000,5533.6000,1,2,2,1,14,1,1,2,11,2
SF,IC2012,2020-07-01 09:30:04.900,5529.8000,36709,0,89542680.000,1,0,1,多换,S,5527.0000,5526.8000,5526.2000,5526.0000,5525.4000,5527.2000,5528.4000,5529.6000,5530.0000,5530.2000,2,2,1,14,1,10,2,1,1,1
SF,IC2012,2020-07-01 09:30:05.400,5527.2000,36699,-10,100597080.000,10,0,10,双平,S,5526.8000,5526.2000,5526.0000,5525.4000,5525.0000,5528.0000,5528.4000,5530.0000,5530.2000,5530.4000,2,1,14,1,1,1,2,1,1,1
SF,IC2012,2020-07-01 09:30:05.900,5526.8000,36697,-2,102807800.000,2,0,2,双平,S,5526.2000,5526.0000,5525.4000,5525.0000,5523.0000,5526.8000,5527.8000,5528.0000,5528.4000,5530.0000,1,14,1,1,1,2,1,2,2,1
SF,IC2012,2020-07-01 09:30:06.400,5526.8000,36692,-5,113860040.000,10,2,8,多平,S,5526.0000,5525.4000,5525.0000,5523.0000,5521.2000,5526.8000,5528.0000,5528.4000,5530.0000,5530.2000,7,1,1,1,1,2,1,2,1,1
SF,IC2012,2020-07-01 09:30:06.900,5526.0000,36691,-1,114965240.000,1,0,1,双平,S,5526.2000,5526.0000,5525.4000,5525.0000,5523.0000,5526.8000,5527.0000,5528.0000,5528.4000,5530.0000,1,6,1,1,1,2,10,1,2,1
SF,IC2012,2020-07-01 09:30:07.400,5526.0000,36689,-2,118280880.000,3,0,3,多平,S,5526.0000,5525.4000,5525.0000,5523.0000,5521.2000,5526.6000,5526.8000,5527.0000,5528.0000,5528.4000,4,1,1,1,1,1,2,10,1,2
SF,IC2012,2020-07-01 09:30:07.900,5525.4000,36688,-1,123806760.000,5,2,3,多平,S,5525.0000,5523.0000,5521.2000,5520.0000,5518.6000,5525.8000,5526.6000,5526.8000,5527.0000,5528.0000,1,1,1,1,1,4,1,1,10,2
SF,IC2012,2020-07-01 09:30:08.400,5525.0000,36688,0,124911760.000,1,0,1,多换,S,5523.0000,5521.2000,5520.0000,5518.6000,5515.8000,5525.4000,5525.6000,5525.8000,5526.0000,5526.2000,1,1,1,1,5,7,1,1,1,2
SF,IC2012,2020-07-01 09:30:08.900,5525.0000,36688,0,124911760.000,0,-,-,-,-,5523.2000,5523.0000,5521.2000,5520.0000,5518.6000,5525.2000,5525.4000,5526.0000,5526.2000,5526.8000,1,1,1,1,1,1,8,1,2,1
SF,IC2012,2020-07-01 09:30:09.400,5523.0000,36688,0,127121360.000,2,1,1,多换,S,5521.2000,5520.0000,5518.6000,5515.8000,5515.0000,5525.2000,5525.4000,5526.0000,5526.2000,5526.8000,1,1,1,5,1,2,7,2,2,1
SF,IC2012,2020-07-01 09:30:09.900,5523.0000,36688,0,127121360.000,0,-,-,-,-,5521.4000,5521.2000,5520.0000,5518.6000,5515.8000,5523.0000,5525.0000,5525.2000,5525.4000,5526.0000,2,1,1,1,5,1,3,2,7,2
SF,IC2012,2020-07-01 09:30:10.400,5525.0000,36688,0,132645160.000,5,2,3,多换,S,5521.6000,5521.4000,5521.2000,5520.0000,5518.6000,5525.0000,5525.2000,5525.4000,5526.0000,5526.2000,1,1,1,1,1,1,1,7,2,2
SF,IC2012,2020-07-01 09:30:10.900,5525.0000,36688,0,132645160.000,0,-,-,-,-,5521.8000,5521.6000,5521.2000,5520.0000,5518.6000,5524.8000,5525.4000,5526.0000,5526.2000,5526.8000,3,1,1,1,1,1,7,2,2,2
SF,IC2012,2020-07-01 09:30:11.400,5525.0000,36688,0,132645160.000,0,-,-,-,-,5521.8000,5521.6000,5521.2000,5520.0000,5518.6000,5524.0000,5524.8000,5525.4000,5526.0000,5526.2000,3,1,1,1,1,1,1,7,2,2
SF,IC2012,2020-07-01 09:30:11.900,5521.8000,36687,-1,133749520.000,1,0,1,双平,S,5522.4000,5522.0000,5521.8000,5521.6000,5521.2000,5523.8000,5524.0000,5525.4000,5526.0000,5526.2000,1,1,2,1,1,1,1,7,2,2
SF,IC2012,2020-07-01 09:30:12.400,5523.8000,36686,-1,134854280.000,1,0,1,双平,S,5522.6000,5522.0000,5521.8000,5521.2000,5520.0000,5524.0000,5525.4000,5526.0000,5526.2000,5526.8000,1,3,1,1,1,1,7,2,2,2
SF,IC2012,2020-07-01 09:30:12.900,5522.6000,36685,-1,137063600.000,2,0,2,多平,S,5522.0000,5521.8000,5521.2000,5520.0000,5518.6000,5525.4000,5526.0000,5526.2000,5526.8000,5527.0000,3,1,1,1,1,7,2,2,2,10
SF,IC2012,2020-07-01 09:30:13.400,5522.6000,36685,0,137063600.000,0,-,-,-,-,5522.2000,5522.0000,5521.2000,5520.0000,5518.6000,5525.2000,5525.4000,5526.0000,5526.2000,5526.8000,2,3,1,1,1,4,7,2,2,2
SF,IC2012,2020-07-01 09:30:13.900,5522.6000,36686,1,138168120.000,1,1,0,双开,S,5522.4000,5522.2000,5522.0000,5521.2000,5520.0000,5525.2000,5525.4000,5526.0000,5526.2000,5526.8000,2,2,2,1,1,4,7,2,2,2
SF,IC2012,2020-07-01 09:30:14.400,5522.6000,36686,0,138168120.000,0,-,-,-,-,5522.6000,5522.4000,5522.0000,5521.2000,5520.0000,5525.2000,5525.4000,5526.0000,5526.2000,5526.8000,3,2,2,1,1,2,7,2,2,2
SF,IC2012,2020-07-01 09:30:14.900,5525.2000,36684,-2,140378200.000,2,0,2,双平,S,5523.0000,5522.8000,5522.6000,5522.4000,5522.0000,5525.4000,5526.0000,5526.2000,5526.8000,5527.0000,2,4,2,2,2,7,2,2,2,10
SF,IC2012,2020-07-01 09:30:15.400,5525.4000,36684,0,148113760.000,7,3,4,多换,S,5523.2000,5523.0000,5522.8000,5522.4000,5522.0000,5526.0000,5526.2000,5526.8000,5527.0000,5528.0000,3,2,3,2,2,2,2,2,10,2
SF,IC2012,2020-07-01 09:30:15.900,5526.0000,36683,-1,150324160.000,2,0,2,多平,S,5523.4000,5523.2000,5522.8000,5522.4000,5522.0000,5526.2000,5526.8000,5527.0000,5528.0000,5529.0000,2,2,2,2,2,2,2,10,2,1
SF,IC2012,2020-07-01 09:30:16.400,5523.6000,36678,-5,155847920.000,5,0,5,双平,S,5523.6000,5523.4000,5523.2000,5522.8000,5522.4000,5526.2000,5526.8000,5527.0000,5528.0000,5529.0000,3,4,1,2,1,2,2,10,2,1
SF,IC2012,2020-07-01 09:30:16.900,5523.6000,36678,0,155847920.000,0,-,-,-,-,5523.8000,5523.6000,5523.4000,5522.8000,5522.4000,5526.0000,5526.2000,5526.8000,5527.0000,5528.0000,2,4,2,2,1,1,2,2,10,2
SF,IC2012,2020-07-01 09:30:17.400,5523.6000,36678,0,158057360.000,2,1,1,多换,S,5523.8000,5523.6000,5523.4000,5522.8000,5522.4000,5526.0000,5526.2000,5526.8000,5527.0000,5528.0000,2,2,1,2,1,1,2,2,10,2
SF,IC2012,2020-07-01 09:30:17.900,5523.6000,36678,0,158057360.000,0,-,-,-,-,5524.4000,5524.0000,5523.8000,5523.6000,5523.4000,5526.0000,5526.2000,5526.8000,5527.0000,5528.0000,1,3,2,2,1,1,2,2,10,2
SF,IC2012,2020-07-01 09:30:18.400,5523.6000,36678,0,158057360.000,0,-,-,-,-,5524.6000,5524.4000,5524.0000,5523.8000,5523.6000,5526.2000,5526.8000,5527.0000,5528.0000,5529.0000,1,1,3,1,2,2,2,10,2,1
SF,IC2012,2020-07-01 09:30:18.900,5526.2000,36676,-2,160267840.000,2,0,2,双平,S,5524.8000,5524.6000,5524.4000,5524.0000,5523.8000,5526.8000,5527.0000,5528.0000,5529.0000,5530.4000,1,1,1,3,1,2,10,2,1,1
SF,IC2012,2020-07-01 09:30:19.400,5526.2000,36676,0,160267840.000,0,-,-,-,-,5525.0000,5524.8000,5524.0000,5523.8000,5523.6000,5526.8000,5527.0000,5528.0000,5529.0000,5530.4000,4,1,3,1,2,2,10,2,1,1
SF,IC2012,2020-07-01 09:30:19.900,5526.2000,36676,0,160267840.000,0,-,-,-,-,5525.2000,5525.0000,5524.0000,5523.8000,5523.6000,5526.2000,5526.8000,5527.0000,5528.0000,5529.0000,1,3,3,2,2,1,2,10,2,1
SF,IC2012,2020-07-01 09:30:20.400,5526.2000,36675,-1,163583680.000,3,1,2,多平,S,5525.4000,5525.2000,5525.0000,5524.0000,5523.8000,5526.8000,5527.0000,5528.0000,5529.0000,5530.4000,3,1,2,3,2,1,10,2,1,1
SF,IC2012,2020-07-01 09:30:20.900,5526.2000,36675,0,163583680.000,0,-,-,-,-,5525.6000,5525.4000,5524.0000,5523.8000,5523.6000,5526.6000,5526.8000,5527.0000,5528.0000,5529.0000,1,3,2,2,2,3,1,10,2,1
SF,IC2012,2020-07-01 09:30:21.400,5526.2000,36675,0,163583680.000,0,-,-,-,-,5525.8000,5525.4000,5524.0000,5523.8000,5523.6000,5526.8000,5527.0000,5528.0000,5529.0000,5530.4000,1,3,2,2,2,1,10,2,1,1
SF,IC2012,2020-07-01 09:30:21.900,5526.2000,36675,0,163583680.000,0,-,-,-,-,5525.8000,5525.4000,5524.0000,5523.8000,5523.6000,5526.8000,5527.0000,5528.0000,5529.0000,5530.4000,1,3,2,2,2,1,10,1,1,1
SF,IC2012,2020-07-01 09:30:22.400,5526.0000,36675,0,164688880.000,1,0,1,多换,S,5526.0000,5525.8000,5525.4000,5524.0000,5523.8000,5526.8000,5527.0000,5528.0000,5529.0000,5530.4000,1,1,1,2,2,1,10,1,1,1
SF,IC2012,2020-07-01 09:30:22.900,5526.0000,36674,-1,168004480.000,3,1,2,多平,S,5525.4000,5524.0000,5523.8000,5523.6000,5522.4000,5526.8000,5527.0000,5528.0000,5529.0000,5530.4000,1,2,2,2,1,1,10,1,1,1
SF,IC2012,2020-07-01 09:30:23.400,5526.6000,36673,-1,169109800.000,1,0,1,双平,S,5525.6000,5525.4000,5524.0000,5523.8000,5522.4000,5526.8000,5527.0000,5528.0000,5529.0000,5530.4000,3,1,1,2,1,1,10,1,1,1
SF,IC2012,2020-07-01 09:30:23.900,5526.8000,36672,-1,170215160.000,1,0,1,双平,S,5525.8000,5525.6000,5524.0000,5523.8000,5522.4000,5527.0000,5528.0000,5529.0000,5530.4000,5530.6000,1,2,1,2,1,10,1,1,1,1
SF,IC2012,2020-07-01 09:30:24.400,5526.0000,36671,-1,171320360.000,1,0,1,双平,S,5526.0000,5525.8000,5525.6000,5524.0000,5523.8000,5527.0000,5528.0000,5529.0000,5530.4000,5530.6000,1,1,2,1,2,10,1,1,1,1
SF,IC2012,2020-07-01 09:30:24.900,5527.0000,36671,0,172425760.000,1,0,1,多换,S,5526.2000,5526.0000,5525.6000,5524.0000,5523.8000,5527.0000,5528.0000,5529.0000,5530.4000,5530.6000,1,1,3,1,2,9,1,1,1,1
SF,IC2012,2020-07-01 09:30:25.400,5525.6000,36668,-3,176846440.000,4,0,4,多平,S,5524.0000,5523.8000,5522.4000,5522.0000,5520.0000,5525.6000,5527.0000,5528.0000,5529.0000,5530.4000,1,2,1,2,2,6,9,1,1,1
SF,IC2012,2020-07-01 09:30:25.900,5525.6000,36664,-4,181266920.000,4,0,4,双平,S,5524.8000,5524.2000,5524.0000,5523.8000,5522.4000,5525.6000,5526.2000,5527.0000,5528.0000,5529.0000,1,5,1,1,1,4,1,9,1,1
SF,IC2012,2020-07-01 09:30:26.400,5525.6000,36664,0,182372040.000,1,0,1,多换,S,5524.2000,5524.0000,5522.4000,5522.0000,5520.0000,5525.6000,5526.2000,5527.0000,5528.0000,5529.0000,5,1,1,2,2,3,1,9,1,1
SF,IC2012,2020-07-01 09:30:26.900,5525.6000,36664,0,182372040.000,0,-,-,-,-,5524.2000,5524.0000,5522.4000,5522.0000,5520.0000,5525.4000,5525.6000,5526.2000,5527.0000,5528.0000,4,1,1,2,2,2,3,1,9,1
SF,IC2012,2020-07-01 09:30:27.400,5524.2000,36663,-1,183476880.000,1,0,1,双平,S,5522.0000,5520.0000,5518.6000,5518.0000,5516.0000,5525.2000,5525.4000,5525.6000,5526.2000,5526.8000,3,2,1,1,1,2,2,3,1,1
SF,IC2012,2020-07-01 09:30:27.900,5524.2000,36663,0,183476880.000,0,-,-,-,-,5522.2000,5522.0000,5520.0000,5518.6000,5518.0000,5524.8000,5525.0000,5525.2000,5525.6000,5526.2000,2,3,2,1,1,10,1,3,3,1
SF,IC2012,2020-07-01 09:30:28.400,5524.6000,36663,0,184581800.000,1,0,1,多换,S,5522.4000,5522.2000,5522.0000,5520.0000,5518.6000,5524.8000,5525.2000,5525.6000,5526.2000,5526.8000,3,2,3,2,1,10,1,3,1,1
SF,IC2012,2020-07-01 09:30:28.900,5524.6000,36663,0,184581800.000,0,-,-,-,-,5522.6000,5522.4000,5522.2000,5522.0000,5520.0000,5524.6000,5524.8000,5525.2000,5525.6000,5526.2000,2,2,1,3,2,1,10,1,3,1
SF,IC2012,2020-07-01 09:30:29.400,5524.6000,36663,0,184581800.000,0,-,-,-,-,5522.8000,5522.6000,5522.4000,5522.2000,5522.0000,5524.8000,5525.2000,5525.6000,5526.2000,5526.8000,2,1,3,1,3,10,1,3,1,1
SF,IC2012,2020-07-01 09:30:29.900,5524.6000,36663,0,184581800.000,0,-,-,-,-,5524.2000,5523.0000,5522.8000,5522.4000,5522.2000,5524.8000,5525.6000,5526.2000,5526.8000,5527.0000,1,1,2,3,1,10,3,1,1,9
SF,IC2012,2020-07-01 09:30:30.400,5524.8000,36662,-1,185686760.000,1,0,1,双平,S,5524.2000,5523.0000,5522.8000,5522.4000,5522.2000,5524.8000,5525.6000,5526.2000,5526.8000,5527.0000,1,1,2,3,1,9,3,1,1,9
SF,IC2012,2020-07-01 09:30:30.900,5524.4000,36652,-10,196736280.000,10,0,10,双平,S,5524.4000,5524.2000,5523.0000,5522.8000,5522.4000,5525.6000,5526.2000,5526.8000,5527.0000,5528.0000,4,1,1,1,3,3,1,1,9,1
SF,IC2012,2020-07-01 09:30:31.400,5525.6000,36650,-2,198946520.000,2,0,2,双平,S,5524.8000,5524.6000,5524.4000,5524.2000,5522.8000,5525.6000,5526.2000,5526.6000,5526.8000,5527.0000,1,3,4,1,1,1,1,1,1,9
SF,IC2012,2020-07-01 09:30:31.900,5525.6000,36649,-1,200051640.000,1,0,1,双平,S,5524.8000,5524.6000,5524.4000,5524.2000,5522.8000,5526.2000,5526.6000,5526.8000,5527.0000,5528.0000,1,3,4,1,1,1,1,1,9,1
SF,IC2012,2020-07-01 09:30:32.400,5525.6000,36649,0,200051640.000,0,-,-,-,-,5526.0000,5525.0000,5524.8000,5524.6000,5524.4000,5526.2000,5526.6000,5526.8000,5527.0000,5528.0000,1,1,1,2,4,1,1,1,9,1
SF,IC2012,2020-07-01 09:30:32.900,5525.8000,36648,-1,201156800.000,1,0,1,双平,S,5525.0000,5524.8000,5524.4000,5524.2000,5522.8000,5526.2000,5526.6000,5526.8000,5527.0000,5528.0000,1,1,4,1,1,1,1,1,9,1
SF,IC2012,2020-07-01 09:30:33.400,5525.8000,36648,0,201156800.000,0,-,-,-,-,5525.2000,5525.0000,5524.8000,5524.4000,5524.2000,5526.2000,5526.6000,5526.8000,5527.0000,5528.0000,1,1,1,4,1,1,1,1,9,1
SF,IC2012,2020-07-01 09:30:33.900,5525.8000,36648,0,201156800.000,0,-,-,-,-,5525.2000,5525.0000,5524.8000,5524.4000,5524.2000,5526.2000,5526.6000,5526.8000,5527.0000,5528.0000,1,1,1,4,1,1,1,1,9,1
SF,IC2012,2020-07-01 09:30:34.400,5524.8000,36646,-2,203366760.000,2,0,2,双平,S,5524.4000,5524.2000,5522.8000,5522.4000,5522.2000,5524.8000,5525.0000,5526.2000,5526.6000,5526.8000,4,1,1,1,1,9,5,1,1,1
SF,IC2012,2020-07-01 09:30:34.900,5524.8000,36637,-9,213311400.000,9,0,9,双平,S,5524.6000,5524.4000,5524.2000,5522.8000,5522.4000,5525.0000,5526.2000,5526.6000,5526.8000,5527.0000,1,4,1,1,1,5,1,1,1,9
SF,IC2012,2020-07-01 09:30:35.400,5525.0000,36633,-4,217731400.000,4,0,4,双平,S,5524.8000,5524.6000,5524.4000,5524.2000,5522.8000,5525.0000,5526.2000,5526.6000,5526.8000,5527.0000,1,1,4,1,1,1,1,1,1,9
SF,IC2012,2020-07-01 09:30:35.900,5525.0000,36632,-1,218836400.000,1,0,1,双平,S,5524.6000,5524.4000,5524.2000,5522.8000,5522.4000,5525.0000,5526.2000,5526.6000,5526.8000,5527.0000,1,4,1,1,1,1,1,1,1,9
SF,IC2012,2020-07-01 09:30:36.400,5525.0000,36632,0,218836400.000,0,-,-,-,-,5524.8000,5524.6000,5524.4000,5524.2000,5522.8000,5525.0000,5526.2000,5526.6000,5526.8000,5527.0000,1,1,4,1,1,2,1,1,1,9
SF,IC2012,2020-07-01 09:30:36.900,5525.0000,36632,0,219941400.000,1,0,1,多换,S,5524.8000,5524.6000,5524.4000,5524.2000,5522.8000,5525.0000,5526.2000,5526.6000,5526.8000,5527.0000,1,1,4,1,1,1,1,1,1,9
SF,IC2012,2020-07-01 09:30:37.400,5525.0000,36632,0,221046400.000,1,0,1,多换,S,5524.6000,5524.4000,5524.2000,5522.8000,5522.4000,5526.2000,5526.6000,5526.8000,5527.0000,5528.0000,1,4,1,1,1,1,1,1,9,1
SF,IC2012,2020-07-01 09:30:37.900,5525.0000,36632,0,221046400.000,0,-,-,-,-,5524.8000,5524.6000,5524.4000,5524.2000,5522.4000,5526.0000,5526.2000,5526.6000,5526.8000,5527.0000,1,1,4,1,1,1,1,1,1,9
SF,IC2012,2020-07-01 09:30:38.400,5525.8000,36631,-1,222151560.000,1,0,1,双平,S,5524.8000,5524.6000,5524.4000,5524.2000,5522.4000,5525.8000,5526.0000,5526.2000,5526.6000,5526.8000,1,1,4,1,1,1,1,1,1,1
SF,IC2012,2020-07-01 09:30:38.900,5524.8000,36630,-1,223256520.000,1,0,1,双平,S,5525.0000,5524.4000,5524.2000,5522.4000,5522.2000,5525.6000,5525.8000,5526.2000,5526.6000,5526.8000,1,4,1,1,2,1,1,1,1,1
SF,IC2012,2020-07-01 09:30:39.400,5525.0000,36629,-1,224361520.000,1,0,1,双平,S,5524.4000,5524.2000,5522.4000,5522.2000,5522.0000,5524.6000,5524.8000,5525.6000,5525.8000,5526.2000,4,1,1,2,2,10,8,1,1,1
SF,IC2012,2020-07-01 09:30:39.900,5524.2000,36622,-7,232095560.000,7,0,7,双平,S,5522.4000,5522.2000,5522.0000,5520.0000,5518.6000,5524.4000,5524.6000,5524.8000,5525.6000,5525.8000,1,2,2,2,1,2,10,8,1,1
SF,IC2012,2020-07-01 09:30:40.400,5522.6000,36621,-1,233200080.000,1,0,1,双平,S,5522.2000,5522.0000,5520.0000,5518.6000,5518.0000,5524.2000,5524.4000,5524.6000,5524.8000,5525.8000,1,2,2,1,1,1,2,10,8,1
SF,IC2012,2020-07-01 09:30:40.900,5522.6000,36621,0,233200080.000,0,-,-,-,-,5522.4000,5522.0000,5520.0000,5518.6000,5518.0000,5524.0000,5524.2000,5524.4000,5524.6000,5524.8000,3,2,2,1,1,1,1,2,10,8
SF,IC2012,2020-07-01 09:30:41.400,5522.6000,36621,0,233200080.000,0,-,-,-,-,5522.6000,5522.4000,5522.0000,5520.0000,5518.6000,5523.8000,5524.0000,5524.4000,5524.6000,5524.8000,1,1,2,2,1,1,1,2,10,8
SF,IC2012,2020-07-01 09:30:41.900,5524.4000,36620,-1,236514240.000,3,1,2,多平,S,5522.8000,5522.4000,5522.0000,5520.0000,5518.6000,5524.4000,5524.6000,5524.8000,5525.8000,5526.2000,1,1,2,2,1,1,10,8,1,2
SF,IC2012,2020-07-01 09:30:42.400,5522.8000,36619,-1,237618800.000,1,0,1,双平,S,5523.0000,5522.0000,5520.0000,5518.6000,5518.0000,5524.2000,5524.4000,5524.6000,5524.8000,5525.8000,1,2,2,1,1,2,1,10,8,1
SF,IC2012,2020-07-01 09:30:42.900,5523.0000,36618,-1,238723400.000,1,0,1,双平,S,5522.0000,5520.0000,5518.6000,5518.0000,5516.4000,5524.2000,5524.4000,5524.6000,5524.8000,5525.8000,2,2,1,1,1,2,1,10,8,1
SF,IC2012,2020-07-01 09:30:43.400,5523.0000,36618,0,238723400.000,0,-,-,-,-,5522.4000,5522.2000,5522.0000,5520.0000,5518.6000,5524.0000,5524.2000,5524.4000,5524.6000,5524.8000,1,1,2,2,1,1,2,1,10,8
SF,IC2012,2020-07-01 09:30:43.900,5522.2000,36616,-2,240932320.000,2,0,2,双平,S,5522.0000,5520.0000,5518.6000,5518.0000,5516.4000,5523.8000,5524.0000,5524.2000,5524.4000,5524.6000,2,2,1,1,1,1,1,1,1,10
SF,IC2012,2020-07-01 09:30:44.400,5522.2000,36616,0,240932320.000,0,-,-,-,-,5522.0000,5520.0000,5518.6000,5518.0000,5516.4000,5523.8000,5524.2000,5524.4000,5524.6000,5524.8000,2,2,1,1,1,1,1,1,10,8
SF,IC2012,2020-07-01 09:30:44.900,5523.8000,36616,0,242037080.000,1,0,1,多换,S,5522.0000,5520.0000,5518.6000,5518.0000,5516.4000,5523.6000,5524.2000,5524.4000,5524.6000,5524.8000,2,3,1,1,1,1,1,1,10,8
SF,IC2012,2020-07-01 09:30:45.400,5523.4000,36613,-3,245350560.000,3,0,3,双平,S,5520.0000,5518.6000,5518.0000,5516.4000,5515.8000,5523.6000,5524.2000,5524.4000,5524.6000,5524.8000,3,1,1,1,5,1,1,1,10,8
SF,IC2012,2020-07-01 09:30:45.900,5523.4000,36613,0,245350560.000,0,-,-,-,-,5520.2000,5520.0000,5518.6000,5518.0000,5516.4000,5523.2000,5523.4000,5523.6000,5524.2000,5524.4000,3,3,1,1,1,1,3,1,1,1
SF,IC2012,2020-07-01 09:30:46.400,5523.4000,36613,0,245350560.000,0,-,-,-,-,5520.2000,5520.0000,5518.6000,5518.0000,5516.4000,5523.0000,5523.2000,5523.4000,5523.6000,5524.2000,3,3,1,1,1,1,1,1,1,1
SF,IC2012,2020-07-01 09:30:46.900,5523.4000,36613,0,245350560.000,0,-,-,-,-,5520.2000,5520.0000,5518.6000,5518.0000,5516.4000,5522.8000,5523.0000,5523.2000,5523.6000,5524.4000,3,3,1,1,1,1,1,1,1,1
SF,IC2012,2020-07-01 09:30:47.400,5523.4000,36613,0,245350560.000,0,-,-,-,-,5520.2000,5520.0000,5518.6000,5518.0000,5516.4000,5522.0000,5522.6000,5522.8000,5523.2000,5524.4000,3,3,1,1,1,3,1,1,1,1
SF,IC2012,2020-07-01 09:30:47.900,5522.0000,36610,-3,248663760.000,3,0,3,双平,S,5520.2000,5520.0000,5518.6000,5518.0000,5516.4000,5522.0000,5523.2000,5524.6000,5524.8000,5525.8000,2,3,1,1,1,1,1,10,8,1
SF,IC2012,2020-07-01 09:30:48.400,5522.0000,36610,0,248663760.000,0,-,-,-,-,5520.2000,5520.0000,5518.6000,5518.0000,5516.4000,5521.8000,5522.0000,5523.2000,5524.6000,5525.8000,3,3,1,1,1,1,9,1,10,1
SF,IC2012,2020-07-01 09:30:48.900,5522.0000,36610,0,249768160.000,1,0,1,多换,S,5520.2000,5520.0000,5518.6000,5518.0000,5517.8000,5522.0000,5523.2000,5524.6000,5525.8000,5526.2000,2,3,1,1,1,9,1,10,1,1
SF,IC2012,2020-07-01 09:30:49.400,5522.0000,36610,0,249768160.000,0,-,-,-,-,5520.4000,5520.2000,5520.0000,5518.6000,5518.0000,5522.0000,5523.2000,5524.6000,5525.8000,5526.2000,2,2,3,1,1,9,1,10,1,1
SF,IC2012,2020-07-01 09:30:49.900,5522.0000,36609,-1,250872560.000,1,0,1,双平,S,5520.6000,5520.4000,5520.2000,5520.0000,5518.6000,5522.0000,5523.2000,5524.6000,5525.8000,5526.2000,3,1,1,3,1,8,1,10,1,1
SF,IC2012,2020-07-01 09:30:50.400,5522.0000,36609,0,250872560.000,0,-,-,-,-,5520.6000,5520.4000,5520.2000,5520.0000,5518.6000,5522.0000,5523.2000,5524.6000,5525.8000,5526.2000,1,1,1,3,1,8,1,10,1,1
SF,IC2012,2020-07-01 09:30:50.900,5522.0000,36609,0,250872560.000,0,-,-,-,-,5520.6000,5520.4000,5520.2000,5520.0000,5518.6000,5522.0000,5523.2000,5524.6000,5525.8000,5526.0000,1,1,1,3,1,8,1,10,1,1
SF,IC2012,2020-07-01 09:30:51.400,5522.0000,36609,0,250872560.000,0,-,-,-,-,5520.6000,5520.4000,5520.2000,5520.0000,5518.6000,5521.8000,5522.0000,5524.6000,5525.8000,5526.0000,1,1,1,3,1,1,8,10,1,1
SF,IC2012,2020-07-01 09:30:51.900,5522.0000,36609,0,250872560.000,0,-,-,-,-,5520.6000,5520.4000,5520.2000,5520.0000,5518.6000,5521.6000,5521.8000,5522.0000,5524.6000,5525.8000,1,1,1,3,1,1,1,8,10,1
SF,IC2012,2020-07-01 09:30:52.400,5522.0000,36609,0,250872560.000,0,-,-,-,-,5520.6000,5520.2000,5520.0000,5518.6000,5518.0000,5521.6000,5521.8000,5522.0000,5524.6000,5525.8000,1,1,3,1,2,1,1,8,10,1
SF,IC2012,2020-07-01 09:30:52.900,5521.6000,36608,-1,251976880.000,1,0,1,双平,S,5520.6000,5520.2000,5520.0000,5518.6000,5518.0000,5521.6000,5522.0000,5524.6000,5525.8000,5526.0000,1,1,3,1,2,1,8,10,1,1
SF,IC2012,2020-07-01 09:30:53.400,5521.6000,36608,0,251976880.000,0,-,-,-,-,5520.6000,5520.2000,5520.0000,5518.6000,5518.0000,5521.6000,5522.0000,5524.6000,5525.8000,5526.0000,1,1,3,1,2,1,8,10,1,1
SF,IC2012,2020-07-01 09:30:53.900,5521.6000,36607,-1,254185320.000,2,0,2,多平,S,5520.2000,5520.0000,5518.6000,5518.0000,5517.8000,5522.0000,5524.6000,5525.8000,5526.0000,5526.2000,1,3,1,2,1,8,10,1,1,1
SF,IC2012,2020-07-01 09:30:54.400,5521.6000,36607,0,254185320.000,0,-,-,-,-,5520.2000,5520.0000,5518.6000,5518.0000,5517.8000,5520.6000,5521.8000,5522.0000,5524.6000,5525.8000,1,3,1,2,1,1,6,8,10,1
SF,IC2012,2020-07-01 09:30:54.900,5520.8000,36606,-1,255289480.000,1,0,1,双平,S,5520.2000,5520.0000,5518.6000,5518.0000,5517.8000,5520.6000,5521.8000,5522.0000,5524.6000,5525.8000,1,3,1,2,1,1,6,8,10,1
SF,IC2012,2020-07-01 09:30:55.400,5520.6000,36606,0,256393600.000,1,0,1,多换,S,5521.6000,5520.8000,5520.2000,5520.0000,5518.6000,5521.8000,5522.0000,5524.6000,5525.8000,5526.0000,1,2,1,3,1,3,8,10,1,1
SF,IC2012,2020-07-01 09:30:55.900,5521.6000,36605,-1,257497920.000,1,0,1,双平,S,5520.8000,5520.2000,5520.0000,5519.6000,5518.6000,5521.8000,5522.0000,5524.6000,5525.8000,5526.0000,2,1,3,1,1,1,8,10,1,1
SF,IC2012,2020-07-01 09:30:56.400,5521.6000,36605,0,257497920.000,0,-,-,-,-,5520.8000,5520.2000,5520.0000,5519.6000,5518.6000,5521.8000,5522.0000,5524.6000,5525.8000,5526.0000,2,1,3,1,1,1,8,10,1,1
SF,IC2012,2020-07-01 09:30:56.900,5521.6000,36605,0,257497920.000,0,-,-,-,-,5520.8000,5520.2000,5520.0000,5519.6000,5518.6000,5521.6000,5521.8000,5522.0000,5522.6000,5524.6000,2,1,3,1,1,1,1,8,1,10
SF,IC2012,2020-07-01 09:30:57.400,5520.8000,36604,-1,258602080.000,1,0,1,双平,S,5520.2000,5520.0000,5519.6000,5518.6000,5518.0000,5521.6000,5521.8000,5522.0000,5522.6000,5524.6000,1,3,1,1,1,1,1,8,1,10
SF,IC2012,2020-07-01 09:30:57.900,5520.8000,36604,0,258602080.000,0,-,-,-,-,5520.4000,5520.2000,5520.0000,5519.6000,5518.6000,5521.6000,5521.8000,5522.0000,5522.6000,5524.6000,1,1,3,1,1,1,1,8,1,10
SF,IC2012,2020-07-01 09:30:58.400,5520.8000,36604,0,258602080.000,0,-,-,-,-,5520.6000,5520.4000,5520.2000,5520.0000,5519.6000,5521.6000,5521.8000,5522.0000,5522.6000,5524.6000,1,1,1,3,1,1,1,8,1,10
SF,IC2012,2020-07-01 09:30:58.900,5520.4000,36604,0,260810280.000,2,1,1,多换,S,5520.2000,5520.0000,5519.6000,5518.6000,5518.0000,5521.6000,5521.8000,5522.0000,5522.6000,5524.6000,1,3,1,1,1,1,1,8,1,10
SF,IC2012,2020-07-01 09:30:59.400,5520.2000,36605,1,261914320.000,1,1,0,双开,S,5520.0000,5519.6000,5518.6000,5518.0000,5517.8000,5520.2000,5521.4000,5521.6000,5521.8000,5522.0000,3,1,1,1,1,2,1,1,1,8
SF,IC2012,2020-07-01 09:30:59.900,5520.2000,36605,0,264122400.000,2,1,1,多换,S,5520.4000,5520.2000,5520.0000,5519.6000,5518.6000,5520.6000,5521.4000,5521.6000,5521.8000,5522.0000,2,1,3,1,1,1,1,1,1,9
SF,IC2012,2020-07-01 09:31:00.400,5520.6000,36605,0,265226520.000,1,0,1,多换,S,5520.2000,5520.0000,5519.6000,5518.6000,5518.0000,5521.4000,5521.6000,5521.8000,5522.0000,5522.6000,1,3,1,1,1,1,1,1,9,1
SF,IC2012,2020-07-01 09:31:00.900,5520.0000,36607,2,269642560.000,4,3,1,空开,S,5519.6000,5518.6000,5518.0000,5517.8000,5516.4000,5520.0000,5521.2000,5521.4000,5521.6000,5521.8000,1,1,1,1,1,5,1,4,1,1
SF,IC2012,2020-07-01 09:31:01.400,5520.0000,36606,-1,277370480.000,7,3,4,多平,S,5520.0000,5518.6000,5518.0000,5517.8000,5516.4000,5521.2000,5521.4000,5521.6000,5521.8000,5522.0000,3,1,1,1,1,1,4,1,1,1
SF,IC2012,2020-07-01 09:31:01.900,5520.0000,36606,0,278474480.000,1,0,1,多换,S,5520.0000,5518.6000,5518.0000,5516.4000,5515.8000,5521.0000,5521.4000,5521.6000,5521.8000,5522.0000,3,1,1,1,5,2,4,1,1,1
SF,IC2012,2020-07-01 09:31:02.400,5521.0000,36604,-2,280682880.000,2,0,2,双平,S,5520.0000,5518.6000,5518.0000,5516.4000,5515.8000,5521.4000,5521.6000,5521.8000,5522.0000,5522.6000,1,1,1,1,5,4,1,1,1,1
SF,IC2012,2020-07-01 09:31:02.900,5520.0000,36601,-3,283995080.000,3,0,3,双平,S,5518.6000,5518.0000,5516.4000,5515.8000,5511.0000,5519.6000,5521.4000,5521.6000,5521.8000,5522.0000,1,1,1,5,1,2,4,1,1,1
SF,IC2012,2020-07-01 09:31:03.400,5520.0000,36599,-2,286203080.000,2,0,2,双平,S,5520.8000,5520.0000,5519.8000,5519.6000,5518.8000,5521.4000,5521.6000,5521.8000,5522.0000,5522.6000,1,1,1,3,2,4,1,1,1,1
SF,IC2012,2020-07-01 09:31:03.900,5520.8000,36596,-3,289515400.000,3,0,3,双平,S,5518.8000,5518.6000,5518.0000,5516.4000,5515.8000,5521.4000,5521.6000,5521.8000,5522.0000,5522.6000,2,1,1,1,5,4,1,1,1,1
SF,IC2012,2020-07-01 09:31:04.400,5520.8000,36596,0,289515400.000,0,-,-,-,-,5519.0000,5518.8000,5518.6000,5518.0000,5516.4000,5521.4000,5521.6000,5521.8000,5522.0000,5522.6000,1,2,1,1,1,4,1,1,1,1
SF,IC2012,2020-07-01 09:31:04.900,5520.8000,36596,0,289515400.000,0,-,-,-,-,5519.2000,5519.0000,5518.8000,5518.6000,5518.0000,5521.2000,5521.4000,5521.6000,5521.8000,5522.0000,1,1,1,1,1,2,4,1,1,1
SF,IC2012,2020-07-01 09:31:05.400,5520.8000,36596,0,289515400.000,0,-,-,-,-,5519.2000,5519.0000,5518.6000,5518.0000,5516.4000,5520.8000,5521.0000,5521.2000,5521.4000,5521.6000,1,1,1,1,1,5,1,2,3,1
SF,IC2012,2020-07-01 09:31:05.900,5520.8000,36596,0,289515400.000,0,-,-,-,-,5518.6000,5518.0000,5516.4000,5515.8000,5511.0000,5519.6000,5520.6000,5520.8000,5521.2000,5521.4000,1,1,1,5,1,1,4,5,1,3
SF,IC2012,2020-07-01 09:31:06.400,5519.6000,36596,0,290619320.000,1,0,1,多换,S,5519.6000,5519.2000,5518.6000,5518.0000,5516.4000,5520.6000,5520.8000,5521.2000,5521.4000,5521.8000,1,1,1,1,1,4,5,1,3,1
SF,IC2012,2020-07-01 09:31:06.900,5518.6000,36596,0,292826960.000,2,1,1,多换,S,5518.0000,5516.4000,5515.8000,5511.0000,5506.0000,5519.6000,5520.6000,5520.8000,5521.2000,5521.4000,1,1,5,1,1,1,4,5,1,3
SF,IC2012,2020-07-01 09:31:07.400,5519.2000,36594,-2,295034720.000,2,0,2,双平,S,5518.2000,5518.0000,5516.4000,5515.8000,5511.0000,5519.2000,5520.6000,5520.8000,5521.2000,5521.4000,1,1,1,5,1,4,1,5,2,3
SF,IC2012,2020-07-01 09:31:07.900,5519.2000,36590,-4,299450080.000,4,0,4,双平,S,5519.2000,5519.0000,5518.2000,5518.0000,5515.8000,5520.4000,5520.6000,5520.8000,5521.2000,5521.4000,1,1,1,1,5,1,1,5,2,3
SF,IC2012,2020-07-01 09:31:08.400,5519.2000,36590,0,299450080.000,0,-,-,-,-,5519.2000,5519.0000,5518.2000,5518.0000,5515.8000,5520.2000,5520.4000,5520.8000,5521.2000,5521.4000,1,1,1,1,5,2,1,5,2,3
SF,IC2012,2020-07-01 09:31:08.900,5519.0000,36590,0,300553880.000,1,0,1,多换,S,5519.6000,5518.2000,5518.0000,5515.8000,5511.0000,5520.2000,5520.4000,5520.8000,5521.2000,5521.4000,1,1,1,5,1,2,1,5,2,3
SF,IC2012,2020-07-01 09:31:09.400,5520.2000,36588,-2,303865880.000,3,0,3,多平,S,5518.2000,5518.0000,5515.8000,5511.0000,5506.0000,5519.2000,5520.4000,5520.8000,5521.2000,5521.4000,1,1,5,1,1,5,1,5,2,3
SF,IC2012,2020-07-01 09:31:09.900,5520.4000,36583,-5,310489160.000,6,0,6,多平,S,5519.2000,5518.4000,5518.2000,5518.0000,5515.8000,5520.8000,5521.2000,5521.4000,5521.8000,5522.0000,4,7,1,1,5,5,2,3,1,1
SF,IC2012,2020-07-01 09:31:10.400,5519.4000,36583,0,311593040.000,1,0,1,多换,S,5519.2000,5518.4000,5518.0000,5515.8000,5512.0000,5520.8000,5521.2000,5521.4000,5521.8000,5522.0000,2,7,1,5,1,5,2,3,1,1
SF,IC2012,2020-07-01 09:31:10.900,5519.4000,36581,-2,314904680.000,3,0,3,多平,S,5519.6000,5519.2000,5519.0000,5518.4000,5518.0000,5520.6000,5520.8000,5521.2000,5521.8000,5522.0000,1,2,1,1,1,2,5,2,1,1
SF,IC2012,2020-07-01 09:31:11.400,5520.4000,36579,-2,317112840.000,2,0,2,双平,S,5519.6000,5519.2000,5518.4000,5518.0000,5515.8000,5520.4000,5520.6000,5520.8000,5521.2000,5521.8000,1,2,1,1,5,1,2,5,2,1
SF,IC2012,2020-07-01 09:31:11.900,5519.2000,36576,-3,320424640.000,3,0,3,双平,S,5518.4000,5518.0000,5515.8000,5512.0000,5511.0000,5519.2000,5520.2000,5520.6000,5520.8000,5521.2000,1,1,5,1,1,4,2,1,5,2
SF,IC2012,2020-07-01 09:31:12.400,5519.2000,36576,0,321528480.000,1,0,1,多换,S,5518.4000,5518.0000,5515.8000,5512.0000,5511.0000,5519.2000,5520.2000,5520.6000,5520.8000,5521.2000,1,1,5,1,1,3,2,1,5,2
SF,IC2012,2020-07-01 09:31:12.900,5519.2000,36576,0,322632320.000,1,0,1,多换,S,5518.6000,5518.4000,5518.0000,5515.8000,5512.0000,5519.2000,5520.2000,5520.8000,5521.2000,5521.8000,1,1,1,5,1,2,2,5,2,1
SF,IC2012,2020-07-01 09:31:13.400,5519.2000,36576,0,323736160.000,1,0,1,多换,S,5518.4000,5518.0000,5515.8000,5512.0000,5511.0000,5519.2000,5520.8000,5521.2000,5521.8000,5522.0000,1,1,5,1,1,1,5,2,1,1
SF,IC2012,2020-07-01 09:31:13.900,5518.4000,36574,-2,327047360.000,3,0,3,多平,S,5518.0000,5517.4000,5515.8000,5512.0000,5511.0000,5518.4000,5520.8000,5521.2000,5521.8000,5522.0000,1,1,5,1,1,3,5,2,1,1
SF,IC2012,2020-07-01 09:31:14.400,5518.6000,36572,-2,331462120.000,4,1,3,多平,S,5518.4000,5518.0000,5517.4000,5515.8000,5512.0000,5520.8000,5521.2000,5521.8000,5522.0000,5522.6000,2,1,1,5,1,5,1,1,1,1
SF,IC2012,2020-07-01 09:31:14.900,5518.6000,36572,0,331462120.000,0,-,-,-,-,5518.6000,5518.4000,5518.0000,5517.4000,5515.8000,5520.6000,5520.8000,5521.2000,5521.8000,5522.0000,2,1,1,1,5,3,5,1,1,1
SF,IC2012,2020-07-01 09:31:15.400,5518.6000,36572,0,331462120.000,0,-,-,-,-,5518.6000,5518.0000,5517.4000,5515.8000,5512.0000,5520.6000,5520.8000,5521.2000,5521.8000,5522.0000,2,1,1,5,1,3,5,1,1,1
SF,IC2012,2020-07-01 09:31:16.400,5518.0000,36570,-2,334773160.000,3,0,3,多平,S,5517.4000,5515.8000,5512.0000,5511.0000,5506.0000,5518.0000,5520.6000,5520.8000,5521.2000,5521.8000,1,5,1,1,1,2,3,5,1,1
SF,IC2012,2020-07-01 09:31:16.900,5518.0000,36568,-2,336980360.000,2,0,2,双平,S,5518.0000,5517.8000,5517.4000,5517.2000,5515.8000,5520.6000,5520.8000,5521.2000,5521.8000,5522.0000,2,1,1,1,5,1,5,1,1,1
SF,IC2012,2020-07-01 09:31:17.400,5518.0000,36568,0,336980360.000,0,-,-,-,-,5518.2000,5518.0000,5517.4000,5517.2000,5515.8000,5520.4000,5520.6000,5520.8000,5521.0000,5521.2000,1,2,1,1,5,2,1,5,1,1
SF,IC2012,2020-07-01 09:31:17.900,5518.0000,36566,-2,339187560.000,2,0,2,双平,S,5517.4000,5517.2000,5515.8000,5512.0000,5511.0000,5518.2000,5520.2000,5520.4000,5520.8000,5521.0000,1,1,5,1,1,1,2,2,5,1
SF,IC2012,2020-07-01 09:31:18.400,5518.2000,36565,-1,342498280.000,3,1,2,多平,S,5517.2000,5513.4000,5512.0000,5511.0000,5510.0000,5519.6000,5520.2000,5520.4000,5520.8000,5521.0000,1,1,2,1,5,1,1,2,5,2
SF,IC2012,2020-07-01 09:31:18.900,5518.2000,36565,0,342498280.000,0,-,-,-,-,5519.0000,5517.2000,5513.4000,5512.0000,5511.0000,5519.4000,5519.6000,5520.4000,5520.8000,5521.0000,1,1,1,2,1,3,1,2,5,2
SF,IC2012,2020-07-01 09:31:19.400,5519.0000,36564,-1,343602080.000,1,0,1,双平,S,5517.2000,5513.4000,5512.0000,5511.0000,5510.0000,5518.0000,5518.6000,5519.0000,5519.4000,5519.6000,1,1,2,1,5,5,1,1,2,1
SF,IC2012,2020-07-01 09:31:19.900,5517.2000,36563,-1,346912400.000,3,1,2,多平,S,5513.4000,5512.0000,5511.0000,5510.0000,5506.0000,5517.2000,5517.8000,5518.0000,5519.0000,5519.4000,1,2,1,5,1,1,1,5,1,2
SF,IC2012,2020-07-01 09:31:20.400,5514.0000,36561,-2,349118640.000,2,0,2,双平,S,5513.8000,5513.6000,5513.4000,5512.0000,5511.0000,5517.0000,5517.2000,5518.0000,5519.0000,5519.4000,1,2,1,2,1,2,3,5,1,1
SF,IC2012,2020-07-01 09:31:20.900,5514.0000,36561,0,349118640.000,0,-,-,-,-,5514.0000,5512.0000,5511.0000,5510.0000,5506.0000,5517.0000,5517.2000,5518.0000,5519.0000,5519.4000,2,2,1,5,1,2,3,5,2,1
SF,IC2012,2020-07-01 09:31:21.400,5514.0000,36561,0,349118640.000,0,-,-,-,-,5514.0000,5512.0000,5511.4000,5511.0000,5510.0000,5517.0000,5517.2000,5518.0000,5519.0000,5519.4000,2,2,1,1,5,2,3,5,2,1
SF,IC2012,2020-07-01 09:31:21.900,5514.0000,36561,0,349118640.000,0,-,-,-,-,5514.0000,5512.0000,5511.4000,5511.0000,5510.0000,5516.8000,5517.0000,5517.2000,5518.0000,5519.0000,2,2,1,1,5,2,1,3,5,2
SF,IC2012,2020-07-01 09:31:22.400,5516.8000,36561,0,352428680.000,3,1,2,多换,S,5517.0000,5514.0000,5512.0000,5511.4000,5511.0000,5517.2000,5518.0000,5519.0000,5519.4000,5520.4000,3,2,2,1,1,3,5,2,1,1
SF,IC2012,2020-07-01 09:31:22.900,5517.0000,36561,0,355738880.000,3,1,2,多换,S,5514.0000,5512.0000,5511.4000,5511.0000,5510.6000,5516.4000,5516.6000,5517.0000,5517.2000,5518.0000,2,2,1,1,1,1,1,1,4,5
SF,IC2012,2020-07-01 09:31:23.400,5517.0000,36561,0,355738880.000,0,-,-,-,-,5514.0000,5512.0000,5511.4000,5511.0000,5510.6000,5516.2000,5516.4000,5517.0000,5517.2000,5518.0000,2,2,1,1,1,3,1,1,4,5
SF,IC2012,2020-07-01 09:31:23.900,5516.2000,36561,0,356842120.000,1,0,1,多换,S,5514.0000,5512.0000,5511.4000,5511.0000,5510.6000,5516.2000,5516.4000,5517.0000,5517.2000,5518.0000,2,2,1,1,1,2,1,1,4,5
SF,IC2012,2020-07-01 09:31:24.400,5516.2000,36561,0,357945360.000,1,0,1,多换,S,5514.0000,5512.0000,5511.4000,5511.0000,5510.6000,5516.2000,5516.4000,5517.0000,5517.2000,5518.0000,2,2,1,1,1,1,1,1,4,5
SF,IC2012,2020-07-01 09:31:24.900,5516.2000,36561,0,357945360.000,0,-,-,-,-,5514.0000,5512.0000,5511.4000,5511.0000,5510.6000,5516.0000,5516.2000,5517.0000,5517.2000,5518.0000,2,2,1,1,1,2,1,1,3,5
SF,IC2012,2020-07-01 09:31:25.400,5516.2000,36561,0,357945360.000,0,-,-,-,-,5514.0000,5512.0000,5511.4000,5511.0000,5510.6000,5516.0000,5516.2000,5517.0000,5517.2000,5518.0000,1,2,1,1,1,2,1,1,3,5
SF,IC2012,2020-07-01 09:31:25.900,5516.2000,36561,0,357945360.000,0,-,-,-,-,5514.0000,5513.0000,5512.0000,5511.4000,5511.0000,5515.8000,5516.0000,5516.2000,5517.0000,5517.2000,1,1,2,1,1,1,1,1,1,3
SF,IC2012,2020-07-01 09:31:26.400,5516.2000,36561,0,357945360.000,0,-,-,-,-,5514.0000,5513.0000,5512.0000,5511.4000,5511.0000,5515.6000,5515.8000,5516.2000,5517.0000,5517.2000,1,1,2,1,1,1,2,1,1,3
SF,IC2012,2020-07-01 09:31:26.900,5514.0000,36560,-1,359048160.000,1,0,1,双平,S,5513.0000,5512.0000,5511.4000,5511.0000,5510.6000,5515.6000,5515.8000,5516.2000,5517.0000,5517.2000,1,2,1,1,1,1,2,1,1,3
SF,IC2012,2020-07-01 09:31:27.400,5514.0000,36560,0,359048160.000,0,-,-,-,-,5513.2000,5513.0000,5512.0000,5511.4000,5511.0000,5515.2000,5515.4000,5515.6000,5515.8000,5516.2000,2,1,2,2,1,1,1,1,1,1
SF,IC2012,2020-07-01 09:31:27.900,5514.0000,36560,0,359048160.000,0,-,-,-,-,5513.2000,5513.0000,5512.0000,5511.4000,5511.0000,5515.0000,5515.2000,5515.4000,5515.8000,5516.2000,1,1,2,2,1,3,1,1,1,1
SF,IC2012,2020-07-01 09:31:28.400,5514.0000,36560,0,359048160.000,0,-,-,-,-,5513.2000,5513.0000,5512.0000,5511.4000,5511.0000,5515.0000,5515.2000,5515.4000,5515.8000,5516.2000,1,1,2,1,1,3,1,1,1,1
SF,IC2012,2020-07-01 09:31:28.900,5513.2000,36559,-1,360150800.000,1,0,1,双平,S,5513.0000,5512.0000,5511.4000,5511.0000,5510.6000,5515.0000,5515.2000,5515.4000,5515.8000,5516.2000,1,3,1,1,1,3,1,1,1,1
SF,IC2012,2020-07-01 09:31:29.400,5513.2000,36559,0,360150800.000,0,-,-,-,-,5514.0000,5513.2000,5513.0000,5512.0000,5511.4000,5515.0000,5515.2000,5515.4000,5515.8000,5516.2000,2,2,1,3,1,3,1,1,1,1
SF,IC2012,2020-07-01 09:31:29.900,5513.2000,36559,0,360150800.000,0,-,-,-,-,5514.0000,5513.2000,5513.0000,5512.0000,5511.4000,5515.0000,5515.2000,5515.4000,5515.8000,5516.2000,2,1,1,3,1,3,1,1,1,1
SF,IC2012,2020-07-01 09:31:30.400,5514.0000,36557,-2,362356400.000,2,0,2,双平,S,5513.2000,5513.0000,5512.0000,5511.4000,5511.0000,5514.8000,5515.0000,5515.4000,5515.8000,5516.2000,1,1,3,1,1,1,3,1,1,1
SF,IC2012,2020-07-01 09:31:30.900,5514.0000,36557,0,362356400.000,0,-,-,-,-,5513.0000,5512.0000,5511.4000,5511.0000,5510.6000,5514.0000,5514.6000,5514.8000,5515.0000,5515.4000,1,3,1,1,1,1,1,1,2,1
SF,IC2012,2020-07-01 09:31:31.400,5514.0000,36557,0,364561800.000,2,1,1,多换,S,5512.0000,5511.4000,5511.0000,5510.6000,5510.0000,5514.6000,5514.8000,5515.0000,5515.4000,5515.8000,3,1,1,1,5,1,1,2,1,1
SF,IC2012,2020-07-01 09:31:31.900,5514.0000,36557,0,364561800.000,0,-,-,-,-,5512.2000,5512.0000,5511.0000,5510.0000,5508.2000,5513.0000,5514.6000,5514.8000,5515.0000,5515.4000,4,3,1,5,1,1,1,1,2,1
SF,IC2012,2020-07-01 09:31:32.400,5513.8000,36556,-1,365664560.000,1,0,1,双平,S,5513.0000,5512.4000,5512.2000,5512.0000,5511.0000,5514.0000,5514.6000,5514.8000,5517.0000,5517.2000,1,1,3,3,1,1,1,1,1,1
SF,IC2012,2020-07-01 09:31:32.900,5513.8000,36556,0,365664560.000,0,-,-,-,-,5513.2000,5512.2000,5512.0000,5511.0000,5508.2000,5513.8000,5514.0000,5514.6000,5514.8000,5517.0000,1,1,3,1,1,2,4,1,1,1
SF,IC2012,2020-07-01 09:31:33.400,5513.2000,36555,-1,366767200.000,1,0,1,双平,S,5512.0000,5511.0000,5508.2000,5506.0000,5505.0000,5513.8000,5514.0000,5514.8000,5517.0000,5517.2000,3,1,1,1,1,2,4,1,1,1
SF,IC2012,2020-07-01 09:31:33.900,5513.2000,36555,0,366767200.000,0,-,-,-,-,5512.0000,5511.0000,5508.2000,5506.0000,5505.0000,5513.6000,5513.8000,5514.0000,5514.8000,5517.0000,3,1,1,1,1,2,2,4,1,1
SF,IC2012,2020-07-01 09:31:34.400,5512.0000,36555,0,370074400.000,3,1,2,多换,S,5511.0000,5508.2000,5506.0000,5505.0000,5504.2000,5512.8000,5513.6000,5513.8000,5514.0000,5517.0000,1,1,1,1,5,1,2,2,4,1
SF,IC2012,2020-07-01 09:31:34.900,5512.0000,36555,0,370074400.000,0,-,-,-,-,5511.0000,5508.2000,5506.0000,5505.0000,5504.2000,5512.6000,5512.8000,5514.0000,5517.2000,5518.0000,1,1,1,1,5,2,1,4,1,5
SF,IC2012,2020-07-01 09:31:35.400,5512.0000,36555,0,370074400.000,0,-,-,-,-,5511.8000,5511.0000,5510.0000,5508.2000,5506.0000,5512.4000,5512.6000,5512.8000,5514.0000,5517.2000,1,1,20,1,1,2,3,1,4,1
SF,IC2012,2020-07-01 09:31:35.900,5512.0000,36555,0,370074400.000,0,-,-,-,-,5511.8000,5511.0000,5510.0000,5506.0000,5505.0000,5512.4000,5512.6000,5512.8000,5514.0000,5516.0000,1,1,20,1,1,2,3,1,4,1
SF,IC2012,2020-07-01 09:31:36.400,5512.0000,36555,0,370074400.000,0,-,-,-,-,5511.8000,5511.0000,5510.0000,5506.0000,5505.0000,5512.4000,5512.6000,5512.8000,5514.0000,5516.0000,1,1,20,1,1,2,1,1,4,1
SF,IC2012,2020-07-01 09:31:36.900,5512.4000,36555,0,371176880.000,1,0,1,多换,S,5511.8000,5511.0000,5510.0000,5509.2000,5508.8000,5512.4000,5512.6000,5512.8000,5514.0000,5516.0000,1,1,20,1,1,1,1,1,4,1
SF,IC2012,2020-07-01 09:31:37.400,5512.6000,36554,-1,373381880.000,2,0,2,多平,S,5512.4000,5511.8000,5511.0000,5510.0000,5509.2000,5512.8000,5514.0000,5516.0000,5517.2000,5518.0000,1,1,1,20,1,1,4,1,1,5
SF,IC2012,2020-07-01 09:31:37.900,5512.4000,36555,1,374484360.000,1,1,0,双开,S,5511.8000,5511.0000,5510.0000,5509.2000,5506.0000,5512.0000,5512.8000,5514.0000,5516.0000,5517.2000,1,1,20,1,1,2,1,4,1,1
SF,IC2012,2020-07-01 09:31:38.400,5512.0000,36555,0,376689160.000,2,1,1,多换,S,5512.4000,5511.8000,5511.0000,5510.0000,5509.2000,5512.8000,5514.0000,5516.0000,5517.2000,5518.0000,2,1,1,20,1,1,4,1,1,5
SF,IC2012,2020-07-01 09:31:38.900,5512.4000,36555,0,378894120.000,2,1,1,多换,S,5511.8000,5511.0000,5510.0000,5509.2000,5506.0000,5512.2000,5512.6000,5512.8000,5514.0000,5516.0000,1,1,20,1,1,1,1,1,4,1
SF,IC2012,2020-07-01 09:31:39.400,5511.8000,36555,0,379996480.000,1,0,1,多换,S,5511.0000,5510.0000,5509.2000,5506.0000,5505.0000,5512.2000,5512.6000,5512.8000,5514.0000,5516.0000,1,20,1,1,1,1,1,1,3,1
SF,IC2012,2020-07-01 09:31:39.900,5511.8000,36555,0,379996480.000,0,-,-,-,-,5511.0000,5510.0000,5509.2000,5506.0000,5505.0000,5512.0000,5512.2000,5512.6000,5512.8000,5514.0000,1,20,1,1,1,2,1,1,1,3
SF,IC2012,2020-07-01 09:31:40.400,5511.8000,36555,0,379996480.000,0,-,-,-,-,5511.2000,5511.0000,5510.0000,5509.2000,5506.0000,5512.0000,5512.2000,5512.8000,5514.0000,5516.0000,1,1,20,1,1,2,1,1,3,1
SF,IC2012,2020-07-01 09:31:41.400,5511.2000,36554,-1,382201120.000,2,0,2,多平,S,5511.0000,5510.0000,5509.2000,5506.0000,5505.0000,5512.0000,5512.2000,5514.0000,5516.0000,5517.2000,1,20,1,1,1,1,1,3,1,1
SF,IC2012,2020-07-01 09:31:41.900,5511.2000,36554,0,382201120.000,0,-,-,-,-,5511.2000,5511.0000,5510.0000,5509.2000,5506.0000,5511.8000,5512.2000,5514.0000,5516.0000,5517.2000,1,1,20,1,1,1,1,3,1,1
SF,IC2012,2020-07-01 09:31:42.400,5511.2000,36554,0,384405600.000,2,1,1,多换,S,5511.0000,5510.0000,5509.2000,5506.0000,5505.0000,5511.8000,5512.2000,5514.0000,5516.0000,5517.2000,1,20,1,1,1,1,1,3,1,1
SF,IC2012,2020-07-01 09:31:43.400,5511.2000,36554,0,384405600.000,0,-,-,-,-,5511.0000,5510.0000,5506.0000,5505.0000,5504.2000,5511.8000,5512.2000,5514.0000,5516.0000,5517.2000,1,20,1,1,5,1,1,3,1,1
SF,IC2012,2020-07-01 09:31:43.900,5511.0000,36554,0,385507800.000,1,0,1,多换,S,5510.0000,5506.0000,5505.0000,5504.2000,5501.0000,5511.8000,5512.2000,5514.0000,5516.0000,5517.2000,20,1,1,5,1,1,1,3,1,1
SF,IC2012,2020-07-01 09:31:44.400,5511.8000,36554,0,386610160.000,1,0,1,多换,S,5510.2000,5510.0000,5506.0000,5505.0000,5504.2000,5512.2000,5514.0000,5516.0000,5517.2000,5518.0000,6,20,1,1,5,1,3,1,1,5
SF,IC2012,2020-07-01 09:31:44.900,5512.2000,36554,0,387712600.000,1,0,1,多换,S,5510.2000,5510.0000,5506.0000,5505.0000,5504.2000,5511.0000,5514.0000,5516.0000,5517.2000,5518.0000,6,20,1,1,5,3,3,1,1,5
SF,IC2012,2020-07-01 09:31:45.400,5511.0000,36554,0,391019200.000,3,1,2,多换,S,5510.2000,5510.0000,5506.0000,5505.0000,5504.2000,5514.0000,5516.0000,5517.2000,5518.0000,5520.0000,6,20,1,1,5,3,1,1,5,1
SF,IC2012,2020-07-01 09:31:45.900,5511.0000,36554,0,391019200.000,0,-,-,-,-,5510.4000,5510.2000,5510.0000,5506.0000,5505.0000,5511.0000,5513.8000,5514.0000,5516.0000,5517.2000,3,5,20,1,1,5,1,3,1,1
SF,IC2012,2020-07-01 09:31:46.400,5511.0000,36549,-5,396530200.000,5,0,5,双平,S,5511.0000,5510.2000,5510.0000,5506.0000,5505.0000,5511.8000,5513.8000,5514.0000,5516.0000,5517.2000,2,4,20,1,1,1,1,3,1,1
SF,IC2012,2020-07-01 09:31:46.900,5511.8000,36548,-1,397632560.000,1,0,1,双平,S,5511.2000,5511.0000,5510.2000,5510.0000,5506.0000,5513.8000,5514.0000,5516.0000,5517.2000,5518.0000,1,1,4,20,1,1,3,1,1,5
SF,IC2012,2020-07-01 09:31:47.400,5511.8000,36548,0,397632560.000,0,-,-,-,-,5511.4000,5511.2000,5511.0000,5510.2000,5510.0000,5513.8000,5514.0000,5516.0000,5517.2000,5518.0000,1,1,1,4,21,1,3,1,1,5
SF,IC2012,2020-07-01 09:31:47.900,5511.0000,36544,-4,402041640.000,4,0,4,双平,S,5510.2000,5510.0000,5507.8000,5506.0000,5505.0000,5511.0000,5513.8000,5514.0000,5516.0000,5517.2000,4,21,1,1,1,1,1,3,1,1
SF,IC2012,2020-07-01 09:31:48.400,5511.0000,36543,-1,403143840.000,1,0,1,双平,S,5512.2000,5512.0000,5511.0000,5510.2000,5510.0000,5513.8000,5514.0000,5516.0000,5517.2000,5518.0000,2,1,2,3,21,1,3,1,1,5
SF,IC2012,2020-07-01 09:31:48.900,5513.8000,36543,0,404246600.000,1,0,1,多换,S,5512.4000,5512.2000,5512.0000,5510.8000,5510.2000,5514.0000,5514.6000,5516.0000,5517.2000,5518.0000,1,2,1,1,3,3,1,1,1,5
SF,IC2012,2020-07-01 09:31:49.400,5513.8000,36543,0,404246600.000,0,-,-,-,-,5512.6000,5512.4000,5512.2000,5512.0000,5511.4000,5513.8000,5514.0000,5514.6000,5516.0000,5517.2000,1,1,2,1,1,1,3,1,1,1
SF,IC2012,2020-07-01 09:31:49.900,5512.6000,36542,-1,405349120.000,1,0,1,双平,S,5512.4000,5512.2000,5512.0000,5511.4000,5511.2000,5513.6000,5513.8000,5514.0000,5514.6000,5516.0000,1,2,1,1,1,1,1,3,1,1
SF,IC2012,2020-07-01 09:31:50.400,5513.6000,36541,-1,406451840.000,1,0,1,双平,S,5512.6000,5512.4000,5512.2000,5512.0000,5511.4000,5514.0000,5514.6000,5516.0000,5517.2000,5518.0000,1,1,2,1,1,3,1,1,1,5
SF,IC2012,2020-07-01 09:31:50.900,5514.0000,36541,0,408657440.000,2,1,1,多换,S,5512.6000,5512.4000,5512.2000,5512.0000,5511.4000,5514.0000,5514.6000,5516.0000,5517.2000,5518.0000,1,1,2,1,1,1,1,1,1,5
SF,IC2012,2020-07-01 09:31:51.400,5512.8000,36540,-1,410862800.000,2,0,2,多平,S,5514.0000,5512.6000,5512.4000,5512.2000,5512.0000,5514.6000,5516.0000,5517.2000,5517.6000,5518.0000,1,1,1,2,1,1,1,1,1,5
SF,IC2012,2020-07-01 09:31:51.900,5514.6000,36540,0,411965720.000,1,0,1,多换,S,5514.6000,5514.0000,5512.6000,5512.4000,5512.2000,5516.0000,5517.2000,5517.6000,5518.0000,5520.0000,1,1,1,1,2,1,1,1,5,1
SF,IC2012,2020-07-01 09:31:52.400,5512.6000,36539,-1,414171040.000,2,0,2,多平,S,5512.4000,5511.4000,5511.2000,5511.0000,5510.8000,5512.6000,5515.8000,5516.0000,5517.2000,5517.6000,1,1,2,3,1,3,1,1,1,1
SF,IC2012,2020-07-01 09:31:52.900,5512.6000,36536,-3,417478600.000,3,0,3,双平,S,5513.0000,5512.6000,5512.4000,5511.4000,5511.2000,5515.8000,5516.0000,5517.2000,5517.6000,5518.0000,1,2,1,1,2,1,1,1,1,5
SF,IC2012,2020-07-01 09:31:53.400,5512.6000,36536,0,417478600.000,0,-,-,-,-,5513.2000,5512.6000,5512.4000,5511.4000,5511.2000,5515.8000,5516.0000,5517.2000,5517.6000,5518.0000,2,1,1,1,2,1,1,1,1,5
SF,IC2012,2020-07-01 09:31:53.900,5512.6000,36536,0,420786160.000,3,1,2,多换,S,5511.4000,5511.2000,5511.0000,5510.8000,5510.2000,5515.6000,5515.8000,5516.0000,5517.2000,5517.6000,1,2,3,1,1,1,1,1,1,1
SF,IC2012,2020-07-01 09:31:54.400,5512.6000,36536,0,420786160.000,0,-,-,-,-,5511.6000,5511.4000,5511.2000,5511.0000,5510.8000,5515.4000,5515.6000,5516.0000,5517.2000,5517.6000,2,1,2,3,1,3,1,1,1,1
SF,IC2012,2020-07-01 09:31:54.900,5512.6000,36536,0,420786160.000,0,-,-,-,-,5512.2000,5511.6000,5511.4000,5511.0000,5510.8000,5515.2000,5515.4000,5516.0000,5517.2000,5517.6000,2,1,1,3,1,2,3,1,1,1
SF,IC2012,2020-07-01 09:31:55.400,5512.6000,36536,0,420786160.000,0,-,-,-,-,5512.6000,5512.4000,5512.2000,5511.4000,5511.0000,5515.0000,5515.2000,5516.0000,5517.2000,5517.6000,1,2,2,2,3,3,2,1,1,1
SF,IC2012,2020-07-01 09:31:55.900,5512.6000,36536,0,420786160.000,0,-,-,-,-,5512.8000,5512.6000,5512.2000,5511.4000,5511.0000,5515.0000,5515.2000,5516.0000,5517.2000,5517.6000,1,1,2,2,3,3,1,1,1,1
SF,IC2012,2020-07-01 09:31:56.400,5512.6000,36536,0,420786160.000,0,-,-,-,-,5513.0000,5512.8000,5512.6000,5512.2000,5511.4000,5515.0000,5515.2000,5516.0000,5517.2000,5517.6000,1,1,1,2,2,1,1,1,1,1
SF,IC2012,2020-07-01 09:31:56.900,5512.6000,36536,0,420786160.000,0,-,-,-,-,5513.2000,5512.6000,5512.2000,5512.0000,5511.4000,5515.0000,5515.2000,5516.0000,5517.2000,5517.6000,2,1,2,1,1,1,1,1,1,1
SF,IC2012,2020-07-01 09:31:57.400,5512.6000,36536,0,420786160.000,0,-,-,-,-,5513.4000,5513.2000,5512.6000,5512.2000,5512.0000,5515.0000,5516.0000,5517.2000,5517.6000,5518.0000,1,2,1,2,1,1,1,1,1,5
SF,IC2012,2020-07-01 09:31:57.900,5512.6000,36536,0,420786160.000,0,-,-,-,-,5513.6000,5513.2000,5512.6000,5512.2000,5512.0000,5515.0000,5516.0000,5517.2000,5517.6000,5518.0000,1,1,2,2,1,1,1,1,1,5
SF,IC2012,2020-07-01 09:31:58.400,5512.6000,36536,0,420786160.000,0,-,-,-,-,5513.8000,5513.6000,5513.2000,5512.6000,5512.2000,5514.8000,5515.0000,5516.0000,5517.2000,5517.6000,1,1,1,2,2,1,1,1,1,1
SF,IC2012,2020-07-01 09:31:58.900,5512.6000,36536,0,425196240.000,4,2,2,多换,S,5512.6000,5512.2000,5512.0000,5511.4000,5511.0000,5514.8000,5515.0000,5516.0000,5517.2000,5517.6000,1,1,1,1,4,1,1,1,1,1
SF,IC2012,2020-07-01 09:31:59.400,5512.6000,36536,0,425196240.000,0,-,-,-,-,5512.8000,5512.6000,5512.2000,5512.0000,5511.4000,5514.6000,5516.0000,5517.2000,5517.6000,5518.0000,2,1,1,1,1,1,1,1,1,5
SF,IC2012,2020-07-01 09:31:59.900,5512.6000,36536,0,425196240.000,0,-,-,-,-,5513.0000,5512.8000,5512.6000,5512.0000,5511.4000,5514.6000,5516.0000,5517.2000,5517.6000,5518.0000,1,3,1,1,1,1,1,1,1,5
SF,IC2012,2020-07-01 09:32:00.400,5512.6000,36536,0,425196240.000,0,-,-,-,-,5513.2000,5513.0000,5512.8000,5512.6000,5512.0000,5514.2000,5514.4000,5514.6000,5515.2000,5516.0000,1,1,1,1,1,1,1,1,1,1
SF,IC2012,2020-07-01 09:32:00.900,5513.2000,36535,-1,426298880.000,1,0,1,双平,S,5512.8000,5512.6000,5512.0000,5511.0000,5510.8000,5514.0000,5514.2000,5515.2000,5516.0000,5516.4000,1,1,1,4,1,2,2,1,1,1
SF,IC2012,2020-07-01 09:32:01.400,5512.6000,36534,-1,428503960.000,2,0,2,多平,S,5512.0000,5511.0000,5510.8000,5510.0000,5509.8000,5512.8000,5513.8000,5514.0000,5514.2000,5515.2000,1,3,1,21,1,1,1,2,2,1
SF,IC2012,2020-07-01 09:32:01.900,5512.0000,36534,0,429606360.000,1,0,1,多换,S,5512.2000,5511.2000,5511.0000,5510.8000,5510.0000,5512.6000,5512.8000,5514.2000,5515.2000,5516.0000,1,1,3,1,21,3,1,2,1,1
SF,IC2012,2020-07-01 09:32:02.400,5512.6000,36532,-2,442836040.000,12,5,7,多平,S,5511.2000,5511.0000,5510.0000,5506.0000,5505.0000,5512.8000,5514.2000,5515.2000,5516.0000,5516.4000,1,2,21,1,1,1,2,1,1,1
SF,IC2012,2020-07-01 09:32:02.900,5512.6000,36532,0,442836040.000,0,-,-,-,-,5512.0000,5511.4000,5511.0000,5510.0000,5508.8000,5512.6000,5514.2000,5515.2000,5516.0000,5516.4000,1,1,2,21,1,2,2,1,1,1
SF,IC2012,2020-07-01 09:32:03.400,5512.6000,36530,-2,445041080.000,2,0,2,双平,S,5512.6000,5512.0000,5511.4000,5511.0000,5510.0000,5513.0000,5514.2000,5515.2000,5516.0000,5516.4000,1,1,1,2,21,3,2,1,1,1
SF,IC2012,2020-07-01 09:32:03.900,5512.6000,36529,-1,446143600.000,1,0,1,双平,S,5512.0000,5511.6000,5511.4000,5511.0000,5510.0000,5513.0000,5514.2000,5515.2000,5516.0000,5516.4000,2,1,1,2,21,3,2,1,1,1
SF,IC2012,2020-07-01 09:32:04.400,5513.0000,36529,0,449451400.000,3,1,2,多换,S,5512.0000,5511.6000,5511.4000,5511.0000,5510.6000,5512.6000,5514.2000,5515.2000,5516.0000,5516.4000,2,1,1,2,1,1,2,1,1,1
SF,IC2012,2020-07-01 09:32:04.900,5514.2000,36528,-1,451656760.000,2,0,2,多平,S,5512.0000,5511.6000,5511.4000,5511.0000,5510.6000,5514.2000,5515.2000,5516.0000,5516.4000,5516.6000,2,1,1,2,1,1,1,1,1,3
SF,IC2012,2020-07-01 09:32:05.400,5514.2000,36527,-1,452759600.000,1,0,1,双平,S,5512.2000,5512.0000,5511.6000,5511.4000,5511.0000,5515.2000,5516.0000,5516.4000,5516.6000,5517.2000,3,2,1,1,2,1,1,1,3,1
SF,IC2012,2020-07-01 09:32:05.900,5514.2000,36527,0,452759600.000,0,-,-,-,-,5512.4000,5512.2000,5512.0000,5511.8000,5511.6000,5515.0000,5515.2000,5516.0000,5516.4000,5516.6000,1,2,2,1,1,2,1,1,1,3
SF,IC2012,2020-07-01 09:32:06.400,5514.2000,36527,0,452759600.000,0,-,-,-,-,5512.6000,5512.4000,5512.2000,5512.0000,5511.8000,5515.0000,5515.2000,5516.0000,5516.4000,5516.6000,1,1,1,3,1,2,1,1,1,3
SF,IC2012,2020-07-01 09:32:06.900,5514.2000,36527,0,452759600.000,0,-,-,-,-,5512.8000,5512.6000,5512.2000,5512.0000,5511.8000,5515.0000,5515.2000,5516.0000,5516.4000,5516.6000,2,1,1,3,1,2,1,1,1,3
SF,IC2012,2020-07-01 09:32:07.400,5514.2000,36527,0,452759600.000,0,-,-,-,-,5513.0000,5512.8000,5512.2000,5512.0000,5511.8000,5515.0000,5515.2000,5516.0000,5516.4000,5516.6000,1,2,1,3,1,2,1,1,1,3
SF,IC2012,2020-07-01 09:32:07.900,5514.2000,36527,0,452759600.000,0,-,-,-,-,5513.2000,5513.0000,5512.8000,5512.2000,5512.0000,5515.0000,5515.2000,5516.0000,5516.4000,5516.6000,1,1,1,1,3,1,1,1,1,3
SF,IC2012,2020-07-01 09:32:08.400,5514.2000,36527,0,452759600.000,0,-,-,-,-,5513.4000,5513.2000,5512.8000,5512.2000,5512.0000,5515.0000,5515.2000,5516.0000,5516.4000,5516.6000,1,1,2,1,2,1,1,1,1,3
SF,IC2012,2020-07-01 09:32:08.900,5514.2000,36527,0,452759600.000,0,-,-,-,-,5513.4000,5513.2000,5512.8000,5512.2000,5512.0000,5515.0000,5515.2000,5516.0000,5516.4000,5516.6000,1,1,1,1,2,1,1,1,1,3
SF,IC2012,2020-07-01 09:32:09.400,5512.2000,36527,0,456067280.000,3,1,2,多换,S,5512.0000,5511.8000,5511.6000,5511.4000,5511.0000,5515.0000,5515.2000,5516.0000,5516.4000,5516.6000,2,1,2,2,2,1,1,1,1,3
SF,IC2012,2020-07-01 09:32:09.900,5512.2000,36527,0,456067280.000,0,-,-,-,-,5512.2000,5512.0000,5511.8000,5511.6000,5511.4000,5514.8000,5515.0000,5515.2000,5516.0000,5516.2000,1,2,1,2,2,1,1,1,1,1
SF,IC2012,2020-07-01 09:32:10.400,5512.2000,36527,0,456067280.000,0,-,-,-,-,5512.8000,5512.2000,5512.0000,5511.8000,5511.6000,5514.6000,5514.8000,5515.2000,5516.0000,5516.2000,1,1,2,1,2,1,1,1,1,1
SF,IC2012,2020-07-01 09:32:10.900,5512.2000,36527,0,456067280.000,0,-,-,-,-,5513.0000,5512.8000,5512.6000,5512.2000,5512.0000,5514.6000,5515.2000,5516.0000,5516.2000,5516.4000,1,1,1,1,2,1,1,1,1,1
SF,IC2012,2020-07-01 09:32:11.400,5512.2000,36527,0,456067280.000,0,-,-,-,-,5513.0000,5512.6000,5512.2000,5512.0000,5511.8000,5514.6000,5515.2000,5516.0000,5516.2000,5516.4000,1,1,1,2,1,1,1,1,1,1
SF,IC2012,2020-07-01 09:32:11.900,5512.2000,36527,0,456067280.000,0,-,-,-,-,5513.0000,5512.6000,5512.2000,5512.0000,5511.8000,5514.6000,5515.2000,5516.0000,5516.2000,5516.4000,1,1,1,2,1,1,1,1,1,1
SF,IC2012,2020-07-01 09:32:12.400,5514.6000,36527,0,457170200.000,1,0,1,多换,S,5513.2000,5512.6000,5512.2000,5512.0000,5511.8000,5515.2000,5516.0000,5516.2000,5516.4000,5516.6000,1,1,1,2,1,1,1,1,1,3
SF,IC2012,2020-07-01 09:32:12.900,5514.6000,36527,0,457170200.000,0,-,-,-,-,5513.4000,5513.2000,5512.6000,5512.4000,5512.0000,5515.0000,5515.2000,5516.0000,5516.2000,5516.4000,1,1,1,1,2,1,1,1,1,1
SF,IC2012,2020-07-01 09:32:13.400,5515.0000,36526,-1,458273200.000,1,0,1,双平,S,5513.6000,5513.4000,5512.6000,5512.4000,5512.0000,5515.2000,5516.0000,5516.2000,5516.4000,5516.6000,1,1,1,1,2,1,1,1,1,3
SF,IC2012,2020-07-01 09:32:13.900,5515.0000,36529,3,462685240.000,4,3,1,空开,S,5515.0000,5513.8000,5512.8000,5512.6000,5512.4000,5516.0000,5516.2000,5516.4000,5516.6000,5517.2000,17,2,1,1,1,1,1,1,3,1
SF,IC2012,2020-07-01 09:32:14.400,5516.0000,36528,-1,464891600.000,2,0,2,多平,S,5515.2000,5515.0000,5513.8000,5512.8000,5512.6000,5516.2000,5516.4000,5516.6000,5517.2000,5517.6000,1,17,1,1,1,1,1,3,1,1
SF,IC2012,2020-07-01 09:32:14.900,5516.0000,36528,0,464891600.000,0,-,-,-,-,5515.2000,5515.0000,5513.8000,5512.8000,5512.6000,5516.2000,5516.4000,5516.6000,5517.2000,5517.6000,1,17,1,1,1,1,1,3,1,1
SF,IC2012,2020-07-01 09:32:15.400,5516.2000,36527,-1,465994840.000,1,0,1,双平,S,5515.4000,5515.2000,5515.0000,5513.8000,5512.8000,5516.4000,5516.6000,5517.2000,5517.6000,5519.0000,1,1,17,1,1,1,3,1,1,3
SF,IC2012,2020-07-01 09:32:15.900,5516.2000,36527,0,465994840.000,0,-,-,-,-,5515.4000,5515.0000,5514.0000,5513.8000,5512.6000,5516.4000,5516.6000,5517.2000,5517.6000,5519.0000,1,17,2,1,1,1,3,1,1,3
SF,IC2012,2020-07-01 09:32:16.400,5516.4000,36526,-1,467098120.000,1,0,1,双平,S,5515.4000,5515.0000,5514.0000,5513.8000,5512.6000,5516.6000,5517.2000,5517.6000,5519.0000,5520.0000,1,17,2,1,1,3,1,1,3,1
SF,IC2012,2020-07-01 09:32:16.900,5516.6000,36525,-1,468201440.000,1,0,1,双平,S,5515.6000,5515.4000,5515.0000,5514.0000,5513.8000,5516.6000,5517.2000,5517.6000,5519.0000,5520.0000,1,1,17,2,1,2,1,1,3,1
SF,IC2012,2020-07-01 09:32:17.400,5515.4000,36522,-3,471510840.000,3,0,3,双平,S,5515.0000,5514.0000,5512.6000,5512.2000,5512.0000,5515.4000,5516.6000,5517.2000,5517.6000,5519.0000,17,2,1,1,2,1,2,1,1,3
SF,IC2012,2020-07-01 09:32:17.900,5515.4000,36521,-1,472613920.000,1,0,1,双平,S,5515.4000,5515.0000,5514.0000,5512.6000,5512.2000,5516.6000,5517.2000,5517.6000,5519.0000,5520.0000,1,17,2,1,1,2,1,1,3,1
SF,IC2012,2020-07-01 09:32:18.400,5515.4000,36520,-1,473717000.000,1,0,1,双平,S,5515.4000,5515.0000,5512.6000,5512.2000,5512.0000,5516.4000,5516.6000,5517.2000,5517.6000,5519.0000,1,17,1,1,2,1,2,1,1,3
SF,IC2012,2020-07-01 09:32:18.900,5515.4000,36520,0,473717000.000,0,-,-,-,-,5515.4000,5515.0000,5512.6000,5512.2000,5512.0000,5516.2000,5516.4000,5516.6000,5517.2000,5517.6000,1,17,1,1,2,2,1,2,1,1
SF,IC2012,2020-07-01 09:32:19.400,5515.4000,36520,0,473717000.000,0,-,-,-,-,5515.4000,5515.0000,5512.6000,5512.2000,5512.0000,5516.2000,5516.6000,5517.2000,5517.6000,5519.0000,1,18,1,1,2,2,2,1,1,3
SF,IC2012,2020-07-01 09:32:19.900,5515.4000,36520,0,473717000.000,0,-,-,-,-,5515.4000,5515.0000,5512.6000,5512.2000,5512.0000,5516.6000,5517.2000,5517.6000,5519.0000,5520.0000,2,18,1,1,2,2,1,1,3,1
SF,IC2012,2020-07-01 09:32:20.400,5515.4000,36520,0,473717000.000,0,-,-,-,-,5515.6000,5515.4000,5515.0000,5512.6000,5512.2000,5516.4000,5516.6000,5517.2000,5517.6000,5519.0000,1,2,18,1,1,2,2,1,1,3
SF,IC2012,2020-07-01 09:32:20.900,5515.4000,36520,0,473717000.000,0,-,-,-,-,5515.6000,5515.4000,5515.0000,5512.6000,5512.2000,5516.4000,5516.6000,5517.2000,5517.6000,5519.0000,1,2,18,1,1,1,2,1,1,3
SF,IC2012,2020-07-01 09:32:21.900,5515.4000,36520,0,473717000.000,0,-,-,-,-,5515.4000,5515.0000,5512.6000,5512.2000,5512.0000,5516.4000,5516.6000,5517.2000,5517.6000,5519.0000,2,18,1,1,2,1,2,1,1,3
SF,IC2012,2020-07-01 09:32:22.400,5515.4000,36520,0,473717000.000,0,-,-,-,-,5515.4000,5515.0000,5512.6000,5512.2000,5512.0000,5516.0000,5516.2000,5516.4000,5516.6000,5517.2000,2,18,1,1,2,1,2,1,2,1
SF,IC2012,2020-07-01 09:32:22.900,5516.0000,36519,-1,474820200.000,1,0,1,双平,S,5515.6000,5515.4000,5515.0000,5512.6000,5512.2000,5516.2000,5516.4000,5516.6000,5517.2000,5517.6000,1,2,18,1,1,2,1,2,1,1
SF,IC2012,2020-07-01 09:32:23.400,5516.0000,36519,0,474820200.000,0,-,-,-,-,5515.6000,5515.4000,5515.0000,5512.6000,5512.2000,5516.2000,5516.4000,5516.6000,5517.2000,5517.6000,1,2,18,1,1,2,1,2,1,1
SF,IC2012,2020-07-01 09:32:23.900,5515.6000,36519,0,475923320.000,1,0,1,多换,S,5515.4000,5515.0000,5512.6000,5512.2000,5512.0000,5516.2000,5516.4000,5516.6000,5517.2000,5517.6000,2,18,1,1,2,2,1,2,1,1
SF,IC2012,2020-07-01 09:32:24.900,5515.6000,36519,0,475923320.000,0,-,-,-,-,5515.4000,5515.0000,5512.6000,5512.2000,5512.0000,5516.0000,5516.2000,5516.4000,5516.6000,5517.2000,2,18,1,1,2,1,2,1,2,1
SF,IC2012,2020-07-01 09:32:25.400,5515.6000,36519,0,475923320.000,0,-,-,-,-,5515.4000,5515.0000,5512.6000,5512.2000,5512.0000,5516.0000,5516.2000,5516.4000,5516.6000,5517.2000,1,18,1,1,2,1,2,1,2,1
SF,IC2012,2020-07-01 09:32:25.900,5515.6000,36519,0,475923320.000,0,-,-,-,-,5515.6000,5515.4000,5515.0000,5512.6000,5512.2000,5516.0000,5516.2000,5516.4000,5516.6000,5517.2000,1,1,18,1,1,1,2,1,2,1
SF,IC2012,2020-07-01 09:32:26.400,5516.2000,36520,1,478129760.000,2,1,1,空开,S,5516.0000,5515.6000,5515.4000,5515.0000,5512.6000,5516.2000,5516.4000,5516.6000,5517.2000,5517.6000,1,1,1,18,1,1,1,2,1,1
SF,IC2012,2020-07-01 09:32:26.900,5516.2000,36520,0,479233000.000,1,0,1,多换,S,5516.0000,5515.6000,5515.4000,5515.0000,5512.6000,5516.6000,5517.2000,5517.4000,5517.6000,5519.0000,1,1,1,18,1,2,1,1,1,3
SF,IC2012,2020-07-01 09:32:27.400,5516.2000,36520,0,479233000.000,0,-,-,-,-,5516.0000,5515.6000,5515.4000,5515.0000,5512.6000,5516.6000,5517.2000,5517.4000,5517.6000,5519.0000,1,1,1,18,1,2,1,1,1,3
SF,IC2012,2020-07-01 09:32:27.900,5516.6000,36519,-1,480336320.000,1,0,1,双平,S,5516.0000,5515.6000,5515.4000,5515.0000,5512.6000,5516.6000,5517.2000,5517.4000,5517.6000,5519.0000,1,1,1,18,1,1,1,1,1,3
SF,IC2012,2020-07-01 09:32:28.400,5516.6000,36518,-1,481439640.000,1,0,1,双平,S,5516.6000,5516.0000,5515.6000,5515.4000,5515.0000,5517.2000,5517.4000,5517.6000,5519.0000,5520.0000,1,1,1,1,18,1,1,1,3,1
SF,IC2012,2020-07-01 09:32:28.900,5516.6000,36518,0,481439640.000,0,-,-,-,-,5516.6000,5516.0000,5515.6000,5515.4000,5515.2000,5517.2000,5517.4000,5517.6000,5519.0000,5520.0000,1,2,1,1,1,1,1,1,3,1
SF,IC2012,2020-07-01 09:32:29.400,5516.6000,36518,0,481439640.000,0,-,-,-,-,5516.6000,5516.0000,5515.6000,5515.4000,5515.2000,5517.2000,5517.4000,5517.6000,5519.0000,5520.0000,1,2,1,1,1,1,1,1,3,1
SF,IC2012,2020-07-01 09:32:29.900,5517.2000,36518,0,482543080.000,1,0,1,多换,S,5517.2000,5516.6000,5516.0000,5515.6000,5515.4000,5517.4000,5517.6000,5519.0000,5520.0000,5521.0000,3,1,2,1,1,1,1,3,1,1
SF,IC2012,2020-07-01 09:32:30.400,5517.4000,36518,0,483646560.000,1,0,1,多换,S,5517.2000,5516.6000,5516.0000,5515.6000,5515.4000,5517.6000,5518.0000,5519.0000,5520.0000,5521.0000,4,1,2,1,1,1,1,3,1,1
SF,IC2012,2020-07-01 09:32:31.400,5517.2000,36517,-1,484750000.000,1,0,1,双平,S,5517.2000,5516.6000,5516.0000,5515.6000,5515.4000,5517.6000,5518.0000,5519.0000,5520.0000,5521.0000,3,1,2,1,1,1,1,3,1,1
SF,IC2012,2020-07-01 09:32:32.400,5517.6000,36515,-2,489163840.000,4,1,3,多平,S,5517.6000,5516.6000,5516.0000,5515.6000,5515.4000,5518.0000,5519.0000,5520.0000,5521.0000,5521.8000,2,1,2,1,1,1,3,1,1,1
SF,IC2012,2020-07-01 09:32:32.900,5517.6000,36515,0,491370880.000,2,1,1,多换,S,5516.6000,5516.0000,5515.6000,5515.4000,5515.2000,5518.0000,5519.0000,5520.0000,5521.0000,5521.8000,1,2,1,1,2,1,3,1,1,1
SF,IC2012,2020-07-01 09:32:33.400,5517.6000,36515,0,491370880.000,0,-,-,-,-,5516.0000,5515.6000,5515.4000,5515.2000,5515.0000,5516.6000,5518.0000,5519.0000,5520.0000,5521.0000,2,1,1,2,18,3,1,3,1,1
SF,IC2012,2020-07-01 09:32:33.900,5516.6000,36512,-3,494680840.000,3,0,3,双平,S,5516.6000,5516.2000,5516.0000,5515.6000,5515.4000,5518.0000,5519.0000,5520.0000,5521.0000,5521.8000,1,1,2,1,1,1,3,1,1,1
SF,IC2012,2020-07-01 09:32:34.400,5516.6000,36512,0,494680840.000,0,-,-,-,-,5516.2000,5516.0000,5515.6000,5515.4000,5515.2000,5518.0000,5519.0000,5520.0000,5521.0000,5521.8000,1,2,1,1,2,1,3,1,1,1
SF,IC2012,2020-07-01 09:32:34.900,5516.2000,36511,-1,495784080.000,1,0,1,双平,S,5516.0000,5515.6000,5515.4000,5515.2000,5515.0000,5516.2000,5517.8000,5518.0000,5519.0000,5520.0000,2,1,1,2,18,2,1,1,3,1
SF,IC2012,2020-07-01 09:32:35.400,5516.2000,36509,-2,497990560.000,2,0,2,双平,S,5516.6000,5516.2000,5516.0000,5515.6000,5515.4000,5517.8000,5518.0000,5519.0000,5521.0000,5521.8000,1,3,2,1,1,1,1,3,1,1
SF,IC2012,2020-07-01 09:32:35.900,5516.2000,36509,0,497990560.000,0,-,-,-,-,5516.2000,5516.0000,5515.8000,5515.6000,5515.4000,5517.8000,5518.0000,5519.0000,5521.0000,5521.8000,1,2,1,1,1,1,1,3,1,1
SF,IC2012,2020-07-01 09:32:36.400,5516.2000,36509,0,497990560.000,0,-,-,-,-,5516.0000,5515.8000,5515.6000,5515.4000,5515.2000,5517.8000,5518.0000,5519.0000,5521.0000,5521.8000,2,1,1,1,2,1,1,3,1,1
SF,IC2012,2020-07-01 09:32:36.900,5516.2000,36508,-1,499093800.000,1,0,1,双平,S,5516.0000,5515.8000,5515.6000,5515.4000,5515.2000,5516.2000,5517.8000,5518.0000,5519.0000,5521.0000,2,1,1,1,2,2,1,1,3,1
SF,IC2012,2020-07-01 09:32:37.400,5516.2000,36505,-3,505713080.000,6,1,5,多平,S,5515.6000,5515.4000,5515.2000,5515.0000,5514.2000,5517.8000,5518.0000,5519.0000,5521.0000,5521.8000,1,1,2,19,1,1,1,3,1,1
SF,IC2012,2020-07-01 09:32:37.900,5516.2000,36505,0,505713080.000,0,-,-,-,-,5515.4000,5515.2000,5515.0000,5514.2000,5512.2000,5517.6000,5517.8000,5518.0000,5519.0000,5521.0000,1,2,19,1,1,1,1,1,3,1
SF,IC2012,2020-07-01 09:32:38.400,5516.2000,36505,0,505713080.000,0,-,-,-,-,5515.4000,5515.0000,5512.2000,5512.0000,5510.0000,5517.4000,5517.6000,5518.0000,5519.0000,5521.0000,1,19,1,2,1,2,1,1,3,1
SF,IC2012,2020-07-01 09:32:38.900,5516.2000,36505,0,505713080.000,0,-,-,-,-,5515.4000,5515.0000,5514.2000,5512.2000,5512.0000,5517.2000,5517.4000,5518.0000,5519.0000,5521.0000,1,19,1,1,2,1,3,1,3,1
SF,IC2012,2020-07-01 09:32:39.400,5515.4000,36505,0,506816160.000,1,0,1,多换,S,5515.0000,5514.2000,5512.8000,5512.2000,5512.0000,5516.8000,5517.0000,5517.2000,5517.4000,5518.0000,19,1,1,1,2,1,1,1,2,1
SF,IC2012,2020-07-01 09:32:39.900,5516.6000,36505,0,509022800.000,2,1,1,多换,S,5515.0000,5514.2000,5512.8000,5512.2000,5512.0000,5516.6000,5517.4000,5518.0000,5519.0000,5521.0000,19,1,1,1,2,6,2,1,3,1
SF,IC2012,2020-07-01 09:32:40.400,5516.6000,36505,0,509022800.000,0,-,-,-,-,5515.0000,5514.2000,5512.2000,5512.0000,5510.0000,5516.4000,5516.6000,5517.4000,5518.0000,5519.0000,19,1,1,2,2,2,5,2,1,3
SF,IC2012,2020-07-01 09:32:40.900,5516.6000,36505,0,509022800.000,0,-,-,-,-,5515.0000,5514.2000,5512.2000,5512.0000,5510.0000,5516.4000,5516.6000,5517.4000,5518.0000,5519.0000,19,1,1,2,2,4,5,2,1,3
SF,IC2012,2020-07-01 09:32:41.400,5516.6000,36505,0,509022800.000,0,-,-,-,-,5515.0000,5514.2000,5512.2000,5512.0000,5510.0000,5516.2000,5516.4000,5516.6000,5517.4000,5518.0000,19,1,1,2,2,1,4,5,2,1
SF,IC2012,2020-07-01 09:32:41.900,5515.0000,36505,0,523361800.000,13,6,7,多换,S,5515.0000,5514.8000,5514.2000,5512.2000,5512.0000,5516.0000,5516.2000,5516.4000,5516.6000,5517.4000,6,1,1,1,2,7,1,2,5,2
SF,IC2012,2020-07-01 09:32:42.400,5515.0000,36504,-1,531082800.000,7,3,4,多平,S,5514.8000,5512.2000,5512.0000,5510.0000,5506.0000,5515.0000,5515.8000,5516.0000,5516.2000,5516.4000,1,1,2,2,1,1,1,6,1,2
SF,IC2012,2020-07-01 09:32:42.900,5514.8000,36504,0,532185760.000,1,0,1,多换,S,5512.4000,5512.2000,5512.0000,5510.0000,5506.0000,5514.8000,5515.0000,5515.6000,5516.0000,5516.2000,1,1,2,2,1,1,1,1,5,1
SF,IC2012,2020-07-01 09:32:43.400,5514.8000,36504,0,532185760.000,0,-,-,-,-,5512.6000,5512.4000,5512.2000,5512.0000,5511.6000,5514.4000,5514.6000,5514.8000,5515.0000,5516.0000,1,1,1,1,1,1,2,1,1,5
SF,IC2012,2020-07-01 09:32:43.900,5514.8000,36504,0,532185760.000,0,-,-,-,-,5512.6000,5512.2000,5512.0000,5511.6000,5510.0000,5514.2000,5514.4000,5514.8000,5515.0000,5516.0000,1,1,1,1,2,2,1,1,1,5
SF,IC2012,2020-07-01 09:32:44.400,5514.8000,36504,0,532185760.000,0,-,-,-,-,5512.6000,5512.2000,5512.0000,5511.6000,5510.6000,5514.2000,5514.4000,5514.8000,5515.0000,5516.0000,1,1,1,1,1,2,1,1,1,5
SF,IC2012,2020-07-01 09:32:44.900,5514.8000,36504,0,532185760.000,0,-,-,-,-,5512.2000,5512.0000,5511.6000,5510.6000,5510.0000,5514.2000,5514.4000,5514.8000,5515.0000,5516.0000,1,1,1,1,2,2,1,1,1,5
SF,IC2012,2020-07-01 09:32:45.400,5514.8000,36504,0,532185760.000,0,-,-,-,-,5512.4000,5512.2000,5512.0000,5511.6000,5510.6000,5514.2000,5514.4000,5514.8000,5515.0000,5516.0000,1,1,1,1,1,2,1,1,1,5
SF,IC2012,2020-07-01 09:32:45.900,5514.8000,36504,0,532185760.000,0,-,-,-,-,5513.0000,5512.4000,5512.2000,5512.0000,5511.6000,5514.2000,5514.4000,5514.8000,5515.0000,5516.0000,1,1,1,1,1,2,1,1,1,5
SF,IC2012,2020-07-01 09:32:46.400,5514.8000,36504,0,532185760.000,0,-,-,-,-,5513.0000,5512.4000,5512.2000,5512.0000,5511.6000,5514.2000,5514.4000,5514.8000,5515.0000,5516.0000,1,1,1,1,1,2,1,1,1,5
SF,IC2012,2020-07-01 09:32:46.900,5514.8000,36504,0,532185760.000,0,-,-,-,-,5513.0000,5512.4000,5512.2000,5512.0000,5511.6000,5514.2000,5514.4000,5514.8000,5515.0000,5516.0000,1,2,1,1,1,1,1,1,1,5
SF,IC2012,2020-07-01 09:32:47.400,5514.8000,36504,0,533288720.000,1,0,1,多换,S,5513.0000,5512.4000,5512.2000,5512.0000,5511.6000,5514.4000,5514.8000,5515.0000,5516.2000,5516.4000,1,2,1,1,1,1,1,1,1,1
SF,IC2012,2020-07-01 09:32:47.900,5514.4000,36503,-1,534391600.000,1,0,1,双平,S,5514.2000,5513.2000,5513.0000,5512.4000,5512.2000,5515.0000,5516.2000,5516.4000,5517.4000,5518.0000,1,1,1,1,1,1,1,1,1,1
SF,IC2012,2020-07-01 09:32:48.400,5514.4000,36503,0,534391600.000,0,-,-,-,-,5514.2000,5513.2000,5513.0000,5512.6000,5512.4000,5516.2000,5516.4000,5517.4000,5518.0000,5519.0000,2,1,1,1,1,1,1,1,1,3
SF,IC2012,2020-07-01 09:32:48.900,5514.4000,36503,0,534391600.000,0,-,-,-,-,5514.2000,5513.2000,5513.0000,5512.6000,5512.4000,5515.8000,5516.0000,5516.2000,5516.4000,5517.4000,2,1,1,1,2,1,5,1,1,1
SF,IC2012,2020-07-01 09:32:49.400,5514.4000,36503,0,534391600.000,0,-,-,-,-,5514.2000,5513.2000,5513.0000,5512.6000,5512.4000,5515.4000,5515.6000,5516.0000,5516.2000,5516.4000,2,1,1,1,2,1,2,3,1,1
SF,IC2012,2020-07-01 09:32:49.900,5514.4000,36503,0,534391600.000,0,-,-,-,-,5514.2000,5513.2000,5513.0000,5512.6000,5512.4000,5515.2000,5515.4000,5516.0000,5516.2000,5516.4000,2,1,1,1,2,4,1,3,1,1
SF,IC2012,2020-07-01 09:32:50.400,5514.2000,36502,-1,536597280.000,2,0,2,多平,S,5513.2000,5513.0000,5512.6000,5512.4000,5512.2000,5513.8000,5514.2000,5515.0000,5515.2000,5516.0000,1,1,1,2,2,2,1,1,3,1
SF,IC2012,2020-07-01 09:32:50.900,5513.0000,36501,-1,537699880.000,1,0,1,双平,S,5512.6000,5512.4000,5512.2000,5512.0000,5511.6000,5513.8000,5514.2000,5515.2000,5516.2000,5517.4000,1,1,2,1,1,2,1,3,1,1
SF,IC2012,2020-07-01 09:32:51.400,5513.0000,36501,0,537699880.000,0,-,-,-,-,5512.6000,5512.2000,5512.0000,5511.2000,5510.0000,5513.8000,5514.2000,5515.2000,5516.2000,5517.4000,1,2,1,1,2,2,1,3,1,1
SF,IC2012,2020-07-01 09:32:51.900,5513.6000,36502,1,538802600.000,1,1,0,双开,S,5512.8000,5512.6000,5512.2000,5512.0000,5511.2000,5513.6000,5513.8000,5514.2000,5515.2000,5516.2000,1,1,2,1,1,1,5,1,3,1
SF,IC2012,2020-07-01 09:32:52.400,5512.6000,36500,-2,541007680.000,2,0,2,双平,S,5512.2000,5512.0000,5511.2000,5510.0000,5509.6000,5512.6000,5513.6000,5513.8000,5514.2000,5515.2000,2,1,1,2,1,1,1,3,1,3
SF,IC2012,2020-07-01 09:32:52.900,5512.6000,36498,-2,543212720.000,2,0,2,双平,S,5512.6000,5512.2000,5512.0000,5511.2000,5510.0000,5513.6000,5513.8000,5514.2000,5515.2000,5516.2000,1,2,1,1,2,1,3,1,1,1
SF,IC2012,2020-07-01 09:32:53.400,5512.2000,36497,-1,546520120.000,3,1,2,多平,S,5512.0000,5511.2000,5510.0000,5509.6000,5508.2000,5513.6000,5513.8000,5514.2000,5515.0000,5515.2000,1,1,2,1,1,1,3,1,1,1
SF,IC2012,2020-07-01 09:32:53.900,5512.2000,36497,0,546520120.000,0,-,-,-,-,5512.2000,5512.0000,5511.2000,5510.0000,5509.6000,5513.4000,5513.6000,5513.8000,5514.2000,5515.0000,1,1,1,3,1,1,1,3,1,1
SF,IC2012,2020-07-01 09:32:54.400,5512.2000,36497,0,546520120.000,0,-,-,-,-,5512.4000,5512.2000,5512.0000,5511.2000,5510.0000,5513.6000,5513.8000,5514.2000,5515.0000,5516.2000,1,1,1,1,2,1,3,1,1,1
SF,IC2012,2020-07-01 09:32:54.900,5512.2000,36497,0,546520120.000,0,-,-,-,-,5512.4000,5512.2000,5512.0000,5511.2000,5510.0000,5513.6000,5513.8000,5514.2000,5515.0000,5516.2000,1,2,1,1,1,1,3,1,1,1
SF,IC2012,2020-07-01 09:32:55.400,5512.2000,36497,0,546520120.000,0,-,-,-,-,5512.4000,5512.2000,5512.0000,5511.2000,5510.0000,5513.8000,5514.2000,5515.0000,5516.2000,5518.0000,1,2,1,1,1,3,1,1,1,1
SF,IC2012,2020-07-01 09:32:55.900,5512.2000,36497,0,546520120.000,0,-,-,-,-,5512.4000,5512.2000,5512.0000,5511.2000,5511.0000,5513.6000,5513.8000,5514.2000,5515.0000,5516.2000,1,1,1,1,1,3,5,1,1,1
SF,IC2012,2020-07-01 09:32:56.400,5512.2000,36497,0,546520120.000,0,-,-,-,-,5512.4000,5512.2000,5512.0000,5511.2000,5511.0000,5513.6000,5513.8000,5514.2000,5515.0000,5516.2000,1,1,1,1,1,3,3,1,1,1
SF,IC2012,2020-07-01 09:32:56.900,5512.2000,36497,0,546520120.000,0,-,-,-,-,5512.6000,5512.4000,5512.2000,5512.0000,5511.2000,5513.6000,5513.8000,5514.2000,5515.0000,5516.2000,1,1,1,1,1,1,3,1,1,1
SF,IC2012,2020-07-01 09:32:57.400,5512.2000,36497,0,546520120.000,0,-,-,-,-,5512.6000,5512.4000,5512.2000,5512.0000,5511.2000,5513.6000,5513.8000,5514.2000,5515.0000,5516.2000,1,1,2,1,1,1,3,1,1,1
SF,IC2012,2020-07-01 09:32:58.400,5512.2000,36497,0,546520120.000,0,-,-,-,-,5512.6000,5512.4000,5512.2000,5512.0000,5511.4000,5513.6000,5513.8000,5514.2000,5515.0000,5516.2000,1,1,2,1,1,1,3,1,1,1
SF,IC2012,2020-07-01 09:32:58.900,5512.4000,36496,-1,547622600.000,1,0,1,双平,S,5512.2000,5512.0000,5511.6000,5511.4000,5511.2000,5513.6000,5513.8000,5515.0000,5515.2000,5516.2000,2,1,1,1,1,1,3,1,1,1
SF,IC2012,2020-07-01 09:32:59.400,5512.4000,36496,0,547622600.000,0,-,-,-,-,5512.4000,5512.2000,5512.0000,5511.6000,5511.4000,5513.6000,5513.8000,5515.0000,5515.2000,5516.2000,1,2,1,1,1,1,3,1,1,1
SF,IC2012,2020-07-01 09:32:59.900,5512.4000,36497,1,548725080.000,1,1,0,双开,S,5512.2000,5512.0000,5511.6000,5511.4000,5511.2000,5512.4000,5513.6000,5513.8000,5515.0000,5515.2000,2,1,1,1,1,2,1,3,1,1
SF,IC2012,2020-07-01 09:33:00.400,5512.4000,36495,-2,552032520.000,3,0,3,多平,S,5512.2000,5512.0000,5511.6000,5511.4000,5511.2000,5513.6000,5513.8000,5515.2000,5516.2000,5518.0000,1,1,1,1,1,1,3,1,1,1
SF,IC2012,2020-07-01 09:33:00.900,5512.4000,36495,0,552032520.000,0,-,-,-,-,5512.4000,5512.2000,5512.0000,5511.4000,5511.2000,5513.4000,5513.6000,5513.8000,5515.0000,5515.2000,2,1,1,1,1,1,1,3,1,1
SF,IC2012,2020-07-01 09:33:01.400,5512.4000,36495,0,552032520.000,0,-,-,-,-,5512.4000,5512.2000,5512.0000,5511.4000,5511.2000,5513.4000,5513.8000,5515.0000,5515.2000,5516.2000,3,1,1,1,2,1,3,1,1,1
SF,IC2012,2020-07-01 09:33:01.900,5512.4000,36495,0,552032520.000,0,-,-,-,-,5512.4000,5512.2000,5512.0000,5511.4000,5511.2000,5513.8000,5515.0000,5515.2000,5516.2000,5518.0000,3,1,1,1,2,3,1,1,1,1
SF,IC2012,2020-07-01 09:33:02.400,5512.4000,36495,0,554237480.000,2,1,1,多换,S,5512.4000,5512.2000,5512.0000,5511.2000,5510.0000,5513.6000,5513.8000,5515.0000,5515.2000,5516.2000,1,1,1,2,11,2,3,1,1,1
SF,IC2012,2020-07-01 09:33:02.900,5512.4000,36495,0,554237480.000,0,-,-,-,-,5512.6000,5512.4000,5512.2000,5512.0000,5511.2000,5513.6000,5513.8000,5515.0000,5515.2000,5516.2000,1,1,1,1,2,1,3,1,1,1
SF,IC2012,2020-07-01 09:33:03.400,5512.4000,36495,0,554237480.000,0,-,-,-,-,5512.2000,5512.0000,5511.2000,5510.0000,5509.6000,5513.6000,5513.8000,5515.0000,5515.2000,5516.2000,1,1,2,11,1,1,3,1,1,1
SF,IC2012,2020-07-01 09:33:03.900,5512.4000,36495,0,554237480.000,0,-,-,-,-,5512.4000,5512.2000,5512.0000,5511.2000,5510.0000,5513.6000,5513.8000,5515.0000,5515.2000,5516.2000,1,1,1,2,11,1,3,1,1,1
SF,IC2012,2020-07-01 09:33:04.400,5513.6000,36493,-2,556442880.000,2,0,2,双平,S,5512.6000,5512.4000,5512.2000,5512.0000,5511.2000,5513.8000,5515.0000,5515.2000,5516.2000,5518.0000,3,1,2,1,2,3,1,1,1,1
SF,IC2012,2020-07-01 09:33:04.900,5513.6000,36493,0,556442880.000,0,-,-,-,-,5512.6000,5512.4000,5512.2000,5512.0000,5511.2000,5513.8000,5515.0000,5515.2000,5516.2000,5518.0000,1,1,2,1,2,1,1,1,1,1
SF,IC2012,2020-07-01 09:33:05.900,5513.6000,36493,0,556442880.000,0,-,-,-,-,5512.6000,5512.4000,5512.2000,5512.0000,5511.2000,5513.6000,5513.8000,5515.0000,5515.2000,5516.2000,1,1,2,1,2,1,1,1,1,1
SF,IC2012,2020-07-01 09:33:06.400,5513.6000,36493,0,556442880.000,0,-,-,-,-,5512.4000,5512.2000,5512.0000,5511.2000,5510.0000,5513.4000,5513.6000,5513.8000,5515.0000,5515.2000,1,2,1,2,11,1,1,1,1,1
SF,IC2012,2020-07-01 09:33:06.900,5513.4000,36491,-2,558648240.000,2,0,2,双平,S,5512.4000,5512.2000,5512.0000,5511.2000,5510.0000,5513.8000,5515.0000,5515.2000,5516.2000,5518.0000,1,2,1,2,11,1,1,1,1,1
SF,IC2012,2020-07-01 09:33:07.400,5513.4000,36491,0,558648240.000,0,-,-,-,-,5513.6000,5512.6000,5512.4000,5512.2000,5512.0000,5513.8000,5515.0000,5515.2000,5516.2000,5518.0000,1,1,1,2,1,1,1,1,1,1
SF,IC2012,2020-07-01 09:33:07.900,5513.8000,36490,-1,559751000.000,1,0,1,双平,S,5513.6000,5513.4000,5512.6000,5512.4000,5512.2000,5515.0000,5515.2000,5516.2000,5518.0000,5519.0000,1,1,1,1,2,1,1,1,1,3
SF,IC2012,2020-07-01 09:33:08.400,5513.8000,36490,0,559751000.000,0,-,-,-,-,5513.6000,5513.4000,5512.6000,5512.4000,5512.2000,5514.8000,5515.0000,5515.2000,5516.2000,5518.0000,1,1,1,1,2,2,1,1,2,1
SF,IC2012,2020-07-01 09:33:08.900,5513.8000,36490,0,559751000.000,0,-,-,-,-,5513.6000,5513.4000,5512.8000,5512.6000,5512.4000,5514.8000,5515.0000,5515.2000,5516.2000,5517.2000,1,1,1,2,1,2,1,1,2,1
SF,IC2012,2020-07-01 09:33:09.400,5513.4000,36489,-1,561956400.000,2,0,2,多平,S,5512.8000,5512.6000,5512.4000,5512.2000,5512.0000,5513.4000,5514.6000,5514.8000,5515.0000,5515.2000,1,2,1,2,1,1,2,2,1,1
SF,IC2012,2020-07-01 09:33:09.900,5512.8000,36487,-2,564161520.000,2,0,2,双平,S,5512.4000,5512.2000,5512.0000,5511.2000,5510.0000,5513.2000,5513.4000,5514.6000,5514.8000,5515.0000,1,2,1,2,11,1,1,1,2,1
SF,IC2012,2020-07-01 09:33:10.400,5512.4000,36487,0,565264000.000,1,0,1,多换,S,5512.2000,5512.0000,5511.2000,5510.0000,5509.6000,5513.0000,5513.2000,5513.4000,5513.6000,5514.6000,2,1,1,11,1,2,1,1,1,1
SF,IC2012,2020-07-01 09:33:10.900,5512.0000,36486,-1,568571280.000,3,1,2,多平,S,5511.2000,5510.0000,5509.6000,5508.8000,5506.8000,5512.8000,5513.0000,5513.2000,5513.4000,5513.6000,1,11,1,1,1,3,1,1,1,1
SF,IC2012,2020-07-01 09:33:11.400,5512.0000,36486,0,568571280.000,0,-,-,-,-,5511.2000,5510.0000,5509.6000,5508.8000,5506.8000,5512.4000,5512.6000,5513.2000,5513.4000,5513.6000,1,11,1,1,1,1,4,1,1,1
SF,IC2012,2020-07-01 09:33:11.900,5512.0000,36486,0,568571280.000,0,-,-,-,-,5511.2000,5510.0000,5508.8000,5506.8000,5506.0000,5512.0000,5512.2000,5512.6000,5513.2000,5513.4000,1,11,1,1,1,2,3,2,1,1
SF,IC2012,2020-07-01 09:33:12.400,5511.2000,36486,0,569673520.000,1,0,1,多换,S,5510.0000,5508.8000,5506.8000,5506.0000,5505.0000,5510.8000,5511.2000,5512.0000,5512.2000,5512.6000,11,1,1,1,1,1,1,2,3,2
SF,IC2012,2020-07-01 09:33:12.900,5510.0000,36484,-2,572979720.000,3,0,3,多平,S,5510.8000,5510.0000,5507.0000,5506.8000,5506.0000,5511.2000,5512.2000,5512.6000,5513.2000,5513.6000,1,10,1,1,1,1,2,2,1,1
SF,IC2012,2020-07-01 09:33:13.400,5511.0000,36481,-3,576286240.000,3,0,3,双平,S,5510.0000,5509.8000,5507.0000,5506.8000,5506.0000,5511.2000,5512.2000,5512.6000,5513.2000,5513.6000,11,1,1,1,1,1,1,2,1,1
SF,IC2012,2020-07-01 09:33:14.400,5511.0000,36481,0,576286240.000,0,-,-,-,-,5510.0000,5509.8000,5507.0000,5506.8000,5506.0000,5510.8000,5511.0000,5511.2000,5512.2000,5512.6000,11,1,1,1,1,3,1,1,1,2
SF,IC2012,2020-07-01 09:33:14.900,5511.0000,36481,0,576286240.000,0,-,-,-,-,5510.6000,5510.2000,5510.0000,5509.8000,5507.0000,5510.8000,5511.0000,5511.2000,5512.2000,5512.6000,1,1,11,1,1,3,1,1,1,2
SF,IC2012,2020-07-01 09:33:15.400,5510.6000,36481,0,577388360.000,1,0,1,多换,S,5510.2000,5510.0000,5509.8000,5507.0000,5506.8000,5510.8000,5511.0000,5511.2000,5512.2000,5512.6000,1,11,1,1,1,3,1,1,1,2
SF,IC2012,2020-07-01 09:33:15.900,5510.6000,36481,0,577388360.000,0,-,-,-,-,5510.2000,5510.0000,5509.8000,5507.0000,5506.8000,5510.8000,5511.2000,5512.2000,5512.6000,5513.2000,1,11,1,1,1,3,1,1,2,1
SF,IC2012,2020-07-01 09:33:16.400,5510.6000,36481,0,577388360.000,0,-,-,-,-,5510.2000,5510.0000,5509.8000,5507.0000,5506.8000,5510.8000,5511.2000,5512.2000,5512.6000,5513.2000,1,11,1,1,1,3,1,1,2,1
SF,IC2012,2020-07-01 09:33:16.900,5510.6000,36481,0,577388360.000,0,-,-,-,-,5510.2000,5510.0000,5509.8000,5507.0000,5506.8000,5510.8000,5511.2000,5512.2000,5512.6000,5513.2000,1,11,1,1,1,4,1,1,2,1
SF,IC2012,2020-07-01 09:33:17.400,5510.2000,36480,-1,578490400.000,1,0,1,双平,S,5510.0000,5509.8000,5506.8000,5506.0000,5505.0000,5510.6000,5510.8000,5511.2000,5512.2000,5512.6000,11,1,1,1,1,1,4,1,1,2
SF,IC2012,2020-07-01 09:33:17.900,5510.0000,36480,0,581796400.000,3,1,2,多换,S,5510.0000,5509.8000,5508.8000,5506.8000,5506.0000,5510.6000,5510.8000,5511.2000,5512.2000,5512.6000,8,1,1,1,1,2,4,1,1,2
SF,IC2012,2020-07-01 09:33:18.400,5509.8000,36477,-3,592816320.000,10,3,7,多平,S,5508.8000,5506.8000,5506.0000,5505.0000,5501.0000,5510.0000,5510.6000,5510.8000,5511.2000,5512.6000,1,1,1,1,2,2,2,4,1,2
SF,IC2012,2020-07-01 09:33:18.900,5509.8000,36477,0,592816320.000,0,-,-,-,-,5508.8000,5507.8000,5506.0000,5505.0000,5501.0000,5509.8000,5510.0000,5510.6000,5510.8000,5511.0000,1,1,1,1,2,3,3,2,4,1
SF,IC2012,2020-07-01 09:33:19.400,5508.8000,36476,-1,595019840.000,2,0,2,多平,S,5507.8000,5506.8000,5506.0000,5505.6000,5505.0000,5509.6000,5509.8000,5510.0000,5510.6000,5510.8000,1,1,1,1,1,3,1,2,2,4
SF,IC2012,2020-07-01 09:33:19.900,5508.8000,36476,0,595019840.000,0,-,-,-,-,5507.8000,5506.8000,5506.0000,5505.6000,5505.0000,5509.0000,5509.2000,5509.4000,5510.0000,5510.6000,1,1,1,1,1,1,1,1,2,1
SF,IC2012,2020-07-01 09:33:20.400,5509.0000,36475,-1,596121640.000,1,0,1,双平,S,5509.0000,5508.0000,5507.8000,5506.8000,5506.0000,5509.2000,5509.4000,5510.0000,5510.6000,5510.8000,1,2,1,1,1,1,1,2,1,4
SF,IC2012,2020-07-01 09:33:20.900,5509.2000,36475,0,597223480.000,1,0,1,多换,S,5509.4000,5509.2000,5509.0000,5508.0000,5507.8000,5510.6000,5510.8000,5511.0000,5512.6000,5513.2000,1,1,1,1,1,1,4,1,2,1
SF,IC2012,2020-07-01 09:33:21.400,5510.0000,36475,0,598325480.000,1,0,1,多换,S,5509.6000,5509.4000,5509.2000,5509.0000,5507.8000,5510.0000,5510.4000,5510.6000,5510.8000,5511.0000,2,1,1,1,1,1,1,1,4,1
SF,IC2012,2020-07-01 09:33:21.900,5509.8000,36473,-2,600529440.000,2,0,2,双平,S,5509.6000,5509.4000,5509.2000,5506.0000,5505.6000,5510.6000,5510.8000,5511.0000,5512.6000,5513.2000,2,1,1,1,1,1,4,1,2,1
SF,IC2012,2020-07-01 09:33:22.400,5509.4000,36473,0,601631320.000,1,0,1,多换,S,5506.0000,5505.6000,5505.0000,5501.2000,5501.0000,5510.6000,5510.8000,5511.0000,5512.6000,5513.2000,1,1,1,1,2,1,4,1,2,1
SF,IC2012,2020-07-01 09:33:22.900,5510.4000,36473,0,603835480.000,2,1,1,多换,S,5510.0000,5506.8000,5506.2000,5506.0000,5505.6000,5510.4000,5510.6000,5510.8000,5511.0000,5512.6000,1,1,3,1,1,4,1,4,1,2
SF,IC2012,2020-07-01 09:33:23.400,5510.0000,36473,0,604937480.000,1,0,1,多换,S,5507.8000,5506.8000,5506.2000,5506.0000,5505.6000,5510.0000,5510.4000,5510.6000,5510.8000,5511.0000,1,1,3,1,1,2,1,1,4,1
SF,IC2012,2020-07-01 09:33:23.900,5510.0000,36473,0,608243480.000,3,1,2,多换,S,5508.0000,5507.8000,5507.2000,5506.2000,5506.0000,5509.8000,5510.0000,5510.2000,5510.6000,5510.8000,1,1,1,1,1,2,4,1,1,4
SF,IC2012,2020-07-01 09:33:24.400,5510.0000,36473,0,608243480.000,0,-,-,-,-,5508.0000,5506.2000,5506.0000,5505.6000,5505.0000,5509.8000,5510.0000,5510.2000,5510.6000,5510.8000,1,1,1,1,1,2,2,1,1,4
SF,IC2012,2020-07-01 09:33:24.900,5510.0000,36473,0,608243480.000,0,-,-,-,-,5508.0000,5506.8000,5506.2000,5506.0000,5505.0000,5509.2000,5509.4000,5509.8000,5510.0000,5510.6000,1,1,1,1,1,1,2,3,2,1
SF,IC2012,2020-07-01 09:33:25.400,5510.0000,36473,0,608243480.000,0,-,-,-,-,5506.8000,5506.2000,5506.0000,5505.0000,5501.2000,5509.0000,5509.2000,5509.8000,5510.0000,5510.6000,1,1,1,1,1,2,1,1,2,1
SF,IC2012,2020-07-01 09:33:25.900,5510.0000,36473,0,608243480.000,0,-,-,-,-,5507.0000,5506.0000,5505.0000,5501.2000,5501.0000,5508.6000,5509.0000,5509.2000,5509.8000,5510.0000,1,1,1,1,2,2,3,1,1,2
SF,IC2012,2020-07-01 09:33:26.400,5510.0000,36473,0,608243480.000,0,-,-,-,-,5507.0000,5506.0000,5505.0000,5501.2000,5501.0000,5508.4000,5508.6000,5509.0000,5509.2000,5509.8000,1,1,1,1,2,1,2,2,1,1
SF,IC2012,2020-07-01 09:33:26.900,5507.0000,36472,-1,609344880.000,1,0,1,双平,S,5506.0000,5505.0000,5501.2000,5501.0000,5500.8000,5508.2000,5508.4000,5508.6000,5509.0000,5509.8000,1,1,1,2,1,1,1,2,1,1
SF,IC2012,2020-07-01 09:33:27.400,5507.0000,36472,0,609344880.000,0,-,-,-,-,5506.6000,5506.2000,5506.0000,5505.0000,5501.2000,5508.0000,5508.2000,5509.8000,5510.0000,5510.6000,1,2,1,1,1,1,1,1,2,1
SF,IC2012,2020-07-01 09:33:27.900,5507.0000,36472,0,609344880.000,0,-,-,-,-,5507.0000,5506.8000,5506.0000,5505.0000,5501.2000,5509.8000,5510.0000,5510.4000,5510.6000,5510.8000,2,3,1,1,1,1,2,1,1,4
SF,IC2012,2020-07-01 09:33:28.400,5507.0000,36469,-3,612649080.000,3,0,3,双平,S,5506.0000,5505.0000,5501.2000,5501.0000,5500.8000,5507.0000,5509.4000,5509.6000,5509.8000,5510.0000,1,1,1,2,1,4,2,2,1,2
SF,IC2012,2020-07-01 09:33:28.900,5507.0000,36465,-4,617054680.000,4,0,4,双平,S,5507.0000,5506.2000,5506.0000,5505.0000,5501.2000,5509.4000,5509.6000,5509.8000,5510.0000,5510.6000,1,3,1,1,1,2,2,1,2,1
SF,IC2012,2020-07-01 09:33:29.400,5507.0000,36465,0,617054680.000,0,-,-,-,-,5507.2000,5507.0000,5506.0000,5505.0000,5501.2000,5509.2000,5509.6000,5510.0000,5510.6000,5510.8000,2,1,1,1,1,2,1,2,1,4
SF,IC2012,2020-07-01 09:33:29.900,5507.0000,36465,0,617054680.000,0,-,-,-,-,5507.2000,5506.0000,5505.0000,5504.8000,5501.2000,5509.2000,5509.6000,5510.0000,5510.6000,5510.8000,2,1,1,1,1,3,1,2,1,3
SF,IC2012,2020-07-01 09:33:30.400,5507.0000,36465,0,617054680.000,0,-,-,-,-,5507.6000,5507.2000,5506.0000,5505.0000,5504.8000,5509.2000,5509.6000,5510.0000,5510.6000,5510.8000,1,1,1,1,1,3,1,2,1,3
SF,IC2012,2020-07-01 09:33:30.900,5507.0000,36464,-1,619257480.000,2,0,2,多平,S,5506.0000,5505.0000,5504.8000,5501.2000,5501.0000,5507.0000,5509.2000,5510.0000,5510.6000,5510.8000,1,1,1,1,2,3,3,2,1,3
SF,IC2012,2020-07-01 09:33:31.400,5507.0000,36461,-3,622561680.000,3,0,3,双平,S,5507.0000,5506.2000,5506.0000,5505.0000,5504.8000,5509.2000,5510.0000,5510.8000,5515.2000,5516.2000,2,5,1,1,1,3,2,3,1,1
SF,IC2012,2020-07-01 09:33:31.900,5507.0000,36461,0,622561680.000,0,-,-,-,-,5507.6000,5507.2000,5507.0000,5506.8000,5506.2000,5509.2000,5510.0000,5510.8000,5515.2000,5516.2000,1,1,2,1,2,3,2,3,1,1
SF,IC2012,2020-07-01 09:33:32.400,5507.0000,36461,0,622561680.000,0,-,-,-,-,5507.6000,5507.2000,5507.0000,5506.8000,5506.0000,5509.0000,5509.2000,5510.0000,5510.8000,5515.2000,1,1,1,1,1,3,3,2,3,1
SF,IC2012,2020-07-01 09:33:32.900,5506.0000,36458,-3,628068440.000,5,1,4,多平,S,5505.0000,5502.8000,5501.2000,5501.0000,5500.8000,5508.8000,5509.0000,5509.2000,5510.0000,5510.8000,1,3,1,2,1,1,3,2,1,3
SF,IC2012,2020-07-01 09:33:33.400,5506.0000,36458,0,628068440.000,0,-,-,-,-,5505.2000,5505.0000,5502.8000,5501.2000,5501.0000,5508.6000,5508.8000,5509.0000,5509.2000,5510.0000,2,1,3,1,2,3,1,2,2,1
SF,IC2012,2020-07-01 09:33:33.900,5506.8000,36458,0,629169800.000,1,0,1,多换,S,5508.0000,5506.0000,5505.2000,5505.0000,5502.8000,5508.4000,5508.6000,5509.2000,5510.0000,5510.8000,1,1,1,1,3,3,2,2,1,3
SF,IC2012,2020-07-01 09:33:34.400,5508.0000,36457,-1,630271400.000,1,0,1,双平,S,5506.0000,5505.8000,5505.2000,5505.0000,5502.8000,5508.4000,5509.2000,5510.0000,5510.8000,5515.0000,1,1,1,1,3,2,2,1,3,1
SF,IC2012,2020-07-01 09:33:34.900,5508.0000,36457,0,630271400.000,0,-,-,-,-,5506.4000,5506.2000,5506.0000,5505.8000,5505.0000,5508.2000,5508.4000,5509.2000,5510.0000,5510.8000,1,3,1,1,1,1,2,2,1,3
SF,IC2012,2020-07-01 09:33:35.400,5508.2000,36456,-1,631373040.000,1,0,1,双平,S,5506.8000,5506.6000,5506.2000,5506.0000,5505.8000,5509.2000,5510.0000,5510.8000,5515.0000,5515.2000,1,2,1,1,1,1,1,3,1,1
SF,IC2012,2020-07-01 09:33:35.900,5507.2000,36454,-2,633576320.000,2,0,2,双平,S,5507.2000,5507.0000,5506.6000,5506.0000,5505.8000,5510.0000,5510.8000,5515.0000,5515.2000,5516.2000,1,1,1,1,1,1,3,1,1,1
SF,IC2012,2020-07-01 09:33:36.400,5507.2000,36454,0,633576320.000,0,-,-,-,-,5507.4000,5507.2000,5506.6000,5506.4000,5506.2000,5508.0000,5509.8000,5510.8000,5512.4000,5515.0000,3,2,2,2,1,5,2,3,1,1
SF,IC2012,2020-07-01 09:33:36.900,5509.8000,36448,-6,640186280.000,6,0,6,双平,S,5508.0000,5507.6000,5507.4000,5507.2000,5506.6000,5509.8000,5510.8000,5512.4000,5515.0000,5515.2000,4,4,2,1,1,1,3,1,1,1
SF,IC2012,2020-07-01 09:33:37.400,5509.8000,36448,0,640186280.000,0,-,-,-,-,5508.0000,5507.6000,5507.4000,5507.2000,5506.4000,5509.4000,5509.6000,5510.8000,5512.4000,5515.0000,3,3,3,2,2,1,2,3,1,1
SF,IC2012,2020-07-01 09:33:37.900,5509.8000,36448,0,640186280.000,0,-,-,-,-,5508.0000,5507.6000,5507.4000,5507.2000,5506.4000,5509.2000,5509.4000,5510.8000,5512.4000,5515.0000,3,1,3,1,2,2,1,3,1,1
SF,IC2012,2020-07-01 09:33:38.400,5509.2000,36448,0,641288120.000,1,0,1,多换,S,5508.0000,5507.6000,5507.4000,5507.2000,5506.4000,5509.0000,5509.2000,5509.4000,5510.8000,5512.4000,1,1,2,1,2,1,2,1,3,1
SF,IC2012,2020-07-01 09:33:38.900,5509.0000,36448,0,642389920.000,1,0,1,多换,S,5508.0000,5507.4000,5507.2000,5506.4000,5506.2000,5508.8000,5509.0000,5509.4000,5510.8000,5512.4000,1,1,1,2,1,1,1,1,3,1
SF,IC2012,2020-07-01 09:33:39.400,5509.0000,36448,0,642389920.000,0,-,-,-,-,5508.0000,5506.4000,5506.0000,5505.0000,5502.8000,5508.6000,5508.8000,5509.0000,5510.8000,5512.4000,1,2,1,1,3,1,1,1,3,1
SF,IC2012,2020-07-01 09:33:39.900,5508.0000,36448,0,643491520.000,1,0,1,多换,S,5506.4000,5506.0000,5505.0000,5502.8000,5501.2000,5508.0000,5508.4000,5508.6000,5508.8000,5509.0000,2,1,1,3,1,1,1,1,1,1
SF,IC2012,2020-07-01 09:33:40.400,5508.0000,36448,0,643491520.000,0,-,-,-,-,5506.6000,5506.4000,5506.0000,5505.0000,5502.8000,5508.0000,5508.4000,5508.6000,5510.8000,5512.4000,1,1,2,1,3,1,1,1,3,1
SF,IC2012,2020-07-01 09:33:40.900,5508.0000,36448,0,643491520.000,0,-,-,-,-,5506.8000,5506.0000,5505.0000,5502.8000,5501.2000,5507.8000,5508.0000,5508.6000,5512.4000,5515.0000,1,1,1,3,1,2,2,1,1,1
SF,IC2012,2020-07-01 09:33:41.400,5508.0000,36448,0,643491520.000,0,-,-,-,-,5506.8000,5505.0000,5504.0000,5502.8000,5501.2000,5507.6000,5507.8000,5508.0000,5508.6000,5512.4000,1,1,1,3,1,1,2,2,1,1
SF,IC2012,2020-07-01 09:33:41.900,5507.6000,36447,-1,645694400.000,2,0,2,多平,S,5505.0000,5504.0000,5502.8000,5501.2000,5501.0000,5507.8000,5508.0000,5508.6000,5512.4000,5515.0000,1,1,3,1,2,2,2,1,1,1
SF,IC2012,2020-07-01 09:33:42.400,5507.6000,36447,0,645694400.000,0,-,-,-,-,5505.2000,5505.0000,5504.0000,5502.8000,5501.2000,5507.6000,5507.8000,5508.0000,5512.4000,5515.0000,2,1,1,4,1,2,1,2,1,1
SF,IC2012,2020-07-01 09:33:42.900,5507.6000,36447,0,645694400.000,0,-,-,-,-,5505.2000,5505.0000,5504.0000,5503.4000,5502.8000,5507.4000,5507.6000,5508.0000,5512.4000,5515.0000,2,1,1,1,4,1,2,2,1,1
SF,IC2012,2020-07-01 09:33:43.400,5507.6000,36447,0,645694400.000,0,-,-,-,-,5505.2000,5505.0000,5504.2000,5503.4000,5503.0000,5506.8000,5507.2000,5507.6000,5508.0000,5512.4000,2,1,1,1,1,5,1,2,2,1
SF,IC2012,2020-07-01 09:33:43.900,5507.6000,36447,0,645694400.000,0,-,-,-,-,5505.2000,5505.0000,5503.4000,5503.0000,5502.8000,5506.8000,5507.6000,5508.0000,5512.4000,5515.0000,2,1,1,1,3,5,2,2,1,1
SF,IC2012,2020-07-01 09:33:44.400,5507.4000,36447,0,646795880.000,1,0,1,多换,S,5505.6000,5505.4000,5505.2000,5505.0000,5503.4000,5506.8000,5507.6000,5508.0000,5512.4000,5515.0000,1,1,2,1,1,4,2,2,1,1
SF,IC2012,2020-07-01 09:33:44.900,5506.8000,36447,0,648998600.000,2,1,1,多换,S,5505.8000,5505.4000,5505.2000,5505.0000,5503.4000,5506.8000,5507.6000,5508.0000,5512.4000,5515.0000,4,1,1,1,1,3,1,2,1,1
SF,IC2012,2020-07-01 09:33:45.400,5506.8000,36444,-3,652302680.000,3,0,3,双平,S,5506.8000,5506.0000,5505.8000,5505.4000,5505.2000,5507.6000,5508.0000,5512.4000,5515.0000,5515.2000,2,1,3,1,1,1,2,1,1,1
SF,IC2012,2020-07-01 09:33:45.900,5506.8000,36444,0,653404040.000,1,0,1,多换,S,5506.8000,5506.0000,5505.8000,5505.4000,5505.2000,5507.6000,5508.0000,5512.4000,5515.0000,5515.2000,1,1,3,1,1,1,2,1,1,1
SF,IC2012,2020-07-01 09:33:46.400,5506.8000,36444,0,653404040.000,0,-,-,-,-,5506.8000,5506.2000,5506.0000,5505.8000,5505.4000,5507.6000,5508.0000,5512.4000,5515.0000,5515.2000,1,1,1,3,1,1,2,1,1,1
SF,IC2012,2020-07-01 09:33:46.900,5506.8000,36444,0,653404040.000,0,-,-,-,-,5506.8000,5506.2000,5506.0000,5505.8000,5505.4000,5507.6000,5508.0000,5512.4000,5513.6000,5515.0000,1,1,1,3,1,1,2,1,3,1
SF,IC2012,2020-07-01 09:33:47.400,5506.8000,36444,0,653404040.000,0,-,-,-,-,5506.8000,5506.2000,5506.0000,5505.8000,5505.4000,5507.6000,5508.0000,5512.4000,5513.6000,5515.0000,1,1,2,3,1,1,2,1,3,1
SF,IC2012,2020-07-01 09:33:48.400,5507.6000,36443,-1,654505560.000,1,0,1,双平,S,5506.8000,5506.2000,5506.0000,5505.8000,5505.4000,5508.0000,5512.4000,5513.6000,5515.0000,5515.2000,1,1,1,3,1,2,1,3,1,1
SF,IC2012,2020-07-01 09:33:49.400,5507.6000,36443,0,654505560.000,0,-,-,-,-,5506.8000,5506.2000,5506.0000,5505.8000,5505.4000,5508.0000,5512.4000,5513.6000,5515.0000,5515.2000,2,1,1,3,1,2,1,3,1,1
SF,IC2012,2020-07-01 09:33:49.900,5507.6000,36443,0,654505560.000,0,-,-,-,-,5507.6000,5507.0000,5506.8000,5506.2000,5506.0000,5508.0000,5512.4000,5513.6000,5515.0000,5515.2000,1,1,2,1,1,2,1,3,1,1
SF,IC2012,2020-07-01 09:33:50.400,5507.6000,36441,-2,657810280.000,3,0,3,多平,S,5507.0000,5506.8000,5506.2000,5506.0000,5505.8000,5512.4000,5513.6000,5515.0000,5515.2000,5516.2000,1,2,1,1,2,1,3,1,1,1
SF,IC2012,2020-07-01 09:33:50.900,5506.8000,36438,-3,661114400.000,3,0,3,双平,S,5506.2000,5506.0000,5505.8000,5505.4000,5505.0000,5506.8000,5509.2000,5510.4000,5512.0000,5512.2000,1,1,2,1,1,5,2,2,2,3
SF,IC2012,2020-07-01 09:33:51.400,5506.8000,36436,-2,666621200.000,5,1,4,多平,S,5506.2000,5506.0000,5505.4000,5505.0000,5503.8000,5510.4000,5512.0000,5512.2000,5512.4000,5513.6000,1,1,1,1,1,2,2,3,1,3
SF,IC2012,2020-07-01 09:33:51.900,5506.8000,36436,0,666621200.000,0,-,-,-,-,5506.4000,5506.2000,5506.0000,5505.4000,5503.8000,5509.2000,5510.2000,5510.4000,5512.0000,5512.2000,3,1,1,1,1,2,3,2,2,1
SF,IC2012,2020-07-01 09:33:52.400,5507.0000,36435,-1,667722600.000,1,0,1,双平,S,5506.4000,5506.2000,5506.0000,5505.4000,5503.8000,5508.6000,5509.0000,5510.2000,5510.4000,5512.0000,1,1,1,1,1,1,2,1,2,2
SF,IC2012,2020-07-01 09:33:52.900,5507.0000,36435,0,667722600.000,0,-,-,-,-,5506.4000,5506.0000,5503.8000,5503.0000,5502.8000,5508.4000,5508.6000,5509.0000,5510.2000,5510.4000,1,1,1,2,3,1,1,1,1,2
SF,IC2012,2020-07-01 09:33:53.400,5507.0000,36435,0,667722600.000,0,-,-,-,-,5506.0000,5503.8000,5503.0000,5502.8000,5501.2000,5508.2000,5508.4000,5508.6000,5508.8000,5509.0000,1,1,2,3,1,1,1,1,1,1
SF,IC2012,2020-07-01 09:33:53.900,5507.0000,36435,0,667722600.000,0,-,-,-,-,5506.0000,5503.8000,5503.0000,5502.8000,5501.6000,5508.0000,5508.2000,5508.4000,5508.6000,5509.0000,1,1,2,3,1,1,3,1,1,1
SF,IC2012,2020-07-01 09:33:54.400,5506.0000,36435,0,668823800.000,1,0,1,多换,S,5503.8000,5503.0000,5502.8000,5501.6000,5501.2000,5507.8000,5508.0000,5508.4000,5509.0000,5510.4000,1,2,3,1,1,1,1,1,1,2
SF,IC2012,2020-07-01 09:33:54.900,5504.0000,36432,-3,672126200.000,3,0,3,双平,S,5504.0000,5503.8000,5503.0000,5502.8000,5501.6000,5507.6000,5507.8000,5508.4000,5510.4000,5512.0000,1,1,2,3,1,4,4,1,2,1
SF,IC2012,2020-07-01 09:33:55.400,5504.0000,36431,-1,673227000.000,1,0,1,双平,S,5503.0000,5502.8000,5501.6000,5501.2000,5501.0000,5507.4000,5507.6000,5507.8000,5510.4000,5512.0000,1,3,1,1,2,1,5,1,2,1
SF,IC2012,2020-07-01 09:33:55.900,5504.0000,36431,0,673227000.000,0,-,-,-,-,5503.2000,5503.0000,5502.8000,5501.6000,5501.2000,5507.2000,5507.6000,5507.8000,5510.4000,5512.0000,2,1,3,1,1,8,1,1,2,1
SF,IC2012,2020-07-01 09:33:56.400,5504.0000,36431,0,673227000.000,0,-,-,-,-,5503.8000,5503.4000,5503.2000,5503.0000,5502.8000,5507.0000,5507.2000,5507.8000,5510.4000,5512.0000,1,1,1,1,3,1,6,1,2,1
SF,IC2012,2020-07-01 09:33:56.900,5504.0000,36431,0,673227000.000,0,-,-,-,-,5504.0000,5503.8000,5503.6000,5503.4000,5502.8000,5506.6000,5506.8000,5507.0000,5507.2000,5507.8000,1,1,2,1,3,2,2,1,3,1
SF,IC2012,2020-07-01 09:33:57.400,5504.0000,36431,0,673227000.000,0,-,-,-,-,5504.0000,5503.6000,5503.4000,5502.8000,5501.6000,5506.4000,5507.2000,5507.8000,5510.4000,5512.0000,1,2,1,3,1,2,1,1,1,1
SF,IC2012,2020-07-01 09:33:57.900,5504.0000,36431,0,673227000.000,0,-,-,-,-,5504.2000,5504.0000,5503.6000,5503.4000,5502.8000,5506.4000,5507.8000,5510.4000,5512.0000,5512.4000,1,1,2,1,3,3,1,1,1,1
SF,IC2012,2020-07-01 09:33:58.400,5504.0000,36431,0,673227000.000,0,-,-,-,-,5504.4000,5504.2000,5503.6000,5503.4000,5502.8000,5506.2000,5506.4000,5507.8000,5510.4000,5512.0000,1,1,2,1,3,1,3,1,1,1
SF,IC2012,2020-07-01 09:33:58.900,5506.2000,36432,1,675429440.000,2,1,1,空开,S,5503.6000,5502.8000,5501.6000,5501.2000,5501.0000,5506.4000,5507.8000,5510.4000,5512.0000,5512.4000,1,3,2,1,2,1,1,1,1,1
SF,IC2012,2020-07-01 09:33:59.400,5506.2000,36432,0,675429440.000,0,-,-,-,-,5503.8000,5503.6000,5502.8000,5501.6000,5501.2000,5506.2000,5506.4000,5507.8000,5510.4000,5512.4000,3,1,3,2,1,2,1,1,1,1
SF,IC2012,2020-07-01 09:33:59.900,5505.0000,36433,1,676530440.000,1,1,0,双开,S,5505.0000,5503.8000,5502.8000,5501.6000,5501.2000,5506.2000,5506.4000,5507.8000,5510.4000,5512.4000,5,2,3,2,1,2,1,1,1,1
SF,IC2012,2020-07-01 09:34:00.400,5505.0000,36433,0,676530440.000,0,-,-,-,-,5505.0000,5504.0000,5503.8000,5503.0000,5502.8000,5506.2000,5507.8000,5510.4000,5512.4000,5513.6000,5,1,1,1,3,2,1,1,1,3
SF,IC2012,2020-07-01 09:34:00.900,5506.2000,36431,-2,678732920.000,2,0,2,双平,S,5506.2000,5505.2000,5505.0000,5504.0000,5503.8000,5507.8000,5510.4000,5512.4000,5513.6000,5515.0000,1,3,5,1,1,1,1,1,3,1
SF,IC2012,2020-07-01 09:34:01.400,5506.4000,36429,-2,680935480.000,2,0,2,双平,S,5506.2000,5505.2000,5505.0000,5504.0000,5503.8000,5507.4000,5507.6000,5507.8000,5510.4000,5512.4000,1,2,5,1,1,1,2,1,1,1
SF,IC2012,2020-07-01 09:34:01.900,5506.4000,36429,0,680935480.000,0,-,-,-,-,5506.2000,5505.2000,5505.0000,5504.2000,5504.0000,5507.2000,5507.6000,5507.8000,5510.4000,5512.4000,1,2,5,1,1,2,1,1,1,1
SF,IC2012,2020-07-01 09:34:02.400,5506.2000,36431,2,683138000.000,2,2,0,双开,S,5505.2000,5505.0000,5504.2000,5504.0000,5503.8000,5507.0000,5507.2000,5507.6000,5507.8000,5510.4000,2,5,1,1,1,1,1,1,1,1
SF,IC2012,2020-07-01 09:34:02.900,5506.2000,36431,0,683138000.000,0,-,-,-,-,5505.6000,5505.4000,5505.2000,5505.0000,5504.2000,5507.2000,5507.8000,5510.4000,5512.4000,5513.6000,1,2,2,5,1,1,1,1,1,3
SF,IC2012,2020-07-01 09:34:03.400,5507.2000,36430,-1,684239440.000,1,0,1,双平,S,5506.0000,5505.8000,5505.2000,5505.0000,5504.2000,5507.8000,5510.4000,5512.4000,5513.6000,5515.0000,2,2,2,5,1,1,1,1,3,1
SF,IC2012,2020-07-01 09:34:03.900,5507.2000,36430,0,684239440.000,0,-,-,-,-,5506.4000,5506.2000,5506.0000,5505.2000,5505.0000,5507.8000,5510.4000,5512.4000,5513.6000,5515.0000,1,3,1,2,5,1,1,1,3,1
SF,IC2012,2020-07-01 09:34:04.400,5507.2000,36430,0,684239440.000,0,-,-,-,-,5506.6000,5506.4000,5506.2000,5506.0000,5505.2000,5507.8000,5510.4000,5512.4000,5513.6000,5515.0000,1,1,2,1,2,1,1,1,3,1
SF,IC2012,2020-07-01 09:34:04.900,5507.2000,36430,0,684239440.000,0,-,-,-,-,5506.8000,5506.6000,5506.2000,5506.0000,5505.4000,5507.8000,5510.4000,5512.4000,5513.6000,5515.0000,2,1,1,1,1,1,1,1,3,1
SF,IC2012,2020-07-01 09:34:05.400,5507.8000,36429,-1,685341000.000,1,0,1,双平,S,5507.0000,5506.8000,5506.2000,5506.0000,5505.4000,5510.4000,5512.4000,5513.6000,5515.0000,5515.2000,1,1,1,1,1,1,1,3,1,1
SF,IC2012,2020-07-01 09:34:05.900,5510.2000,36429,0,686443040.000,1,0,1,多换,S,5507.2000,5506.2000,5506.0000,5505.4000,5505.2000,5510.2000,5510.4000,5512.4000,5513.6000,5515.0000,4,1,1,1,3,1,2,1,3,1
SF,IC2012,2020-07-01 09:34:06.400,5510.2000,36429,0,686443040.000,0,-,-,-,-,5507.4000,5507.2000,5506.2000,5506.0000,5505.4000,5510.2000,5512.4000,5513.6000,5515.0000,5515.2000,1,3,1,1,1,1,1,3,1,1
SF,IC2012,2020-07-01 09:34:06.900,5510.2000,36429,0,686443040.000,0,-,-,-,-,5508.0000,5507.6000,5507.4000,5507.2000,5506.2000,5512.4000,5513.6000,5515.0000,5515.2000,5516.2000,1,2,1,1,1,1,3,1,1,1
SF,IC2012,2020-07-01 09:34:07.400,5510.2000,36429,0,686443040.000,0,-,-,-,-,5508.2000,5507.2000,5506.2000,5506.0000,5505.4000,5512.0000,5512.2000,5512.4000,5513.6000,5515.0000,5,1,1,1,1,1,1,1,3,1
SF,IC2012,2020-07-01 09:34:07.900,5510.2000,36429,0,686443040.000,0,-,-,-,-,5508.4000,5508.2000,5506.2000,5506.0000,5505.4000,5511.8000,5512.0000,5512.4000,5513.6000,5515.0000,1,5,1,1,1,1,1,1,3,1
SF,IC2012,2020-07-01 09:34:08.400,5510.2000,36429,0,686443040.000,0,-,-,-,-,5508.6000,5508.4000,5508.2000,5506.2000,5506.0000,5511.8000,5512.4000,5513.6000,5515.0000,5515.2000,2,1,2,1,1,1,1,3,1,1
SF,IC2012,2020-07-01 09:34:08.900,5511.8000,36428,-1,687545400.000,1,0,1,双平,S,5508.8000,5508.6000,5508.4000,5508.2000,5506.2000,5512.0000,5512.4000,5513.6000,5515.0000,5515.2000,1,2,1,2,1,1,1,3,1,1
SF,IC2012,2020-07-01 09:34:09.400,5511.8000,36428,0,687545400.000,0,-,-,-,-,5509.0000,5508.8000,5508.4000,5508.2000,5506.2000,5511.8000,5512.0000,5512.4000,5513.6000,5515.0000,2,1,1,2,1,1,1,1,3,1
SF,IC2012,2020-07-01 09:34:09.900,5511.8000,36427,-1,688647760.000,1,0,1,双平,S,5509.6000,5509.2000,5509.0000,5508.4000,5508.2000,5511.6000,5512.4000,5513.6000,5515.0000,5515.2000,1,2,2,1,2,2,1,3,1,1
SF,IC2012,2020-07-01 09:34:10.400,5511.6000,36427,0,690852400.000,2,1,1,多换,S,5510.0000,5509.8000,5509.2000,5509.0000,5508.4000,5512.4000,5513.6000,5515.0000,5515.2000,5516.2000,1,2,1,1,1,1,3,1,1,1
SF,IC2012,2020-07-01 09:34:10.900,5511.6000,36427,0,690852400.000,0,-,-,-,-,5510.2000,5510.0000,5509.8000,5509.2000,5509.0000,5512.2000,5512.4000,5513.6000,5515.0000,5515.2000,2,1,1,1,1,1,1,3,1,1
SF,IC2012,2020-07-01 09:34:11.400,5510.2000,36426,-1,691954440.000,1,0,1,双平,S,5510.2000,5509.2000,5509.0000,5508.4000,5508.2000,5511.8000,5512.2000,5512.4000,5513.6000,5515.0000,1,1,1,1,1,1,1,1,3,1
SF,IC2012,2020-07-01 09:34:11.900,5510.2000,36425,-1,693056480.000,1,0,1,双平,S,5508.2000,5506.2000,5506.0000,5505.4000,5505.2000,5511.4000,5511.6000,5512.4000,5513.6000,5515.0000,1,1,2,1,1,1,2,1,3,1
SF,IC2012,2020-07-01 09:34:12.400,5510.2000,36425,0,693056480.000,0,-,-,-,-,5508.4000,5506.2000,5506.0000,5505.4000,5505.2000,5511.2000,5511.4000,5511.6000,5512.4000,5513.6000,2,1,2,1,1,2,1,1,1,3
SF,IC2012,2020-07-01 09:34:12.900,5510.2000,36425,0,693056480.000,0,-,-,-,-,5508.6000,5508.4000,5506.2000,5506.0000,5505.4000,5511.2000,5512.4000,5513.6000,5515.0000,5515.2000,2,2,1,2,1,2,1,3,1,1
SF,IC2012,2020-07-01 09:34:13.400,5510.2000,36425,0,693056480.000,0,-,-,-,-,5508.8000,5508.6000,5508.4000,5506.2000,5506.0000,5511.2000,5512.4000,5513.6000,5515.0000,5515.2000,1,2,1,1,2,2,1,3,1,1
SF,IC2012,2020-07-01 09:34:13.900,5510.2000,36425,0,693056480.000,0,-,-,-,-,5508.8000,5508.6000,5506.2000,5506.0000,5505.4000,5511.2000,5512.4000,5513.6000,5515.0000,5515.2000,1,2,1,2,1,2,1,3,1,1
SF,IC2012,2020-07-01 09:34:14.400,5510.2000,36425,0,693056480.000,0,-,-,-,-,5509.0000,5508.8000,5508.6000,5506.2000,5506.0000,5511.2000,5512.4000,5513.6000,5515.0000,5515.2000,1,1,2,1,2,2,1,3,1,1
SF,IC2012,2020-07-01 09:34:14.900,5511.2000,36424,-1,694158720.000,1,0,1,双平,S,5509.2000,5509.0000,5508.6000,5506.2000,5506.0000,5512.4000,5513.6000,5515.0000,5515.2000,5516.2000,1,1,2,1,2,1,3,1,1,1
SF,IC2012,2020-07-01 09:34:15.400,5511.2000,36424,0,694158720.000,0,-,-,-,-,5509.4000,5509.2000,5509.0000,5508.6000,5506.2000,5512.2000,5512.4000,5513.6000,5515.0000,5515.2000,1,1,1,2,1,1,1,3,1,1
SF,IC2012,2020-07-01 09:34:15.900,5511.2000,36424,0,694158720.000,0,-,-,-,-,5509.6000,5509.4000,5508.6000,5506.2000,5506.0000,5512.2000,5512.4000,5513.6000,5515.0000,5515.2000,1,1,2,1,3,1,1,3,1,1
SF,IC2012,2020-07-01 09:34:16.400,5512.2000,36424,0,695261160.000,1,0,1,多换,S,5509.8000,5509.6000,5508.6000,5506.2000,5506.0000,5512.4000,5513.6000,5515.0000,5515.2000,5516.6000,1,1,2,1,3,1,3,1,1,3
SF,IC2012,2020-07-01 09:34:16.900,5512.2000,36424,0,695261160.000,0,-,-,-,-,5510.0000,5509.8000,5506.2000,5506.0000,5505.4000,5511.8000,5512.0000,5512.2000,5512.4000,5513.6000,1,1,1,3,1,1,1,3,1,3
