市场代码,合约代码,时间,最新,持仓,增仓,成交额,成交量,开仓,平仓,成交类型,方向,买一价,买二价,买三价,买四价,买五价,卖一价,卖二价,卖三价,卖四价,卖五价,买一量,买二量,买三量,买四量,买五量,卖一量,卖二量,卖三量,卖四量,卖五量
SF,IC2001,2019-12-13 09:29:00.100,5052.0000,20150,0,27280800.000,27.000,-,-,-,-,5045.4000,5045.0000,5041.0000,5040.0000,5039.0000,5054.4000,5055.0000,5059.0000,5060.2000,5062.8000,1,1,31,2,2,1,1,1,2,1
SF,IC2001,2019-12-13 09:30:00.100,5045.4000,20157,7,38390000.000,11,9,2,空开,S,5045.0000,5041.0000,5040.0000,5039.0000,5038.0000,5049.0000,5049.2000,5050.8000,5051.0000,5051.2000,1,31,2,2,1,3,1,1,1,1
SF,IC2001,2019-12-13 09:30:00.600,5049.0000,20146,-11,71685600.000,33,11,22,多平,S,5046.2000,5045.0000,5041.0000,5040.0000,5039.0000,5049.0000,5049.2000,5050.8000,5051.0000,5051.2000,1,1,19,2,2,1,1,1,1,1
SF,IC2001,2019-12-13 09:30:01.100,5049.0000,20142,-4,81781880.000,10,3,7,多平,S,5049.0000,5047.2000,5046.4000,5046.2000,5046.0000,5050.8000,5051.0000,5051.2000,5051.8000,5052.0000,2,2,1,1,1,1,2,1,1,3
SF,IC2001,2019-12-13 09:30:01.600,5049.2000,20140,-2,93898280.000,12,5,7,多平,S,5046.0000,5045.2000,5045.0000,5044.8000,5041.0000,5049.2000,5049.4000,5049.8000,5050.4000,5050.6000,1,2,1,1,19,1,1,4,1,5
SF,IC2001,2019-12-13 09:30:02.100,5049.0000,20135,-5,106013680.000,12,3,9,多平,S,5049.0000,5045.0000,5042.6000,5041.0000,5040.0000,5049.2000,5049.8000,5050.4000,5050.6000,5050.8000,3,1,1,19,2,1,2,4,3,1
SF,IC2001,2019-12-13 09:30:02.600,5049.0000,20138,3,112072480.000,6,4,2,空开,S,5045.0000,5042.6000,5041.0000,5040.0000,5039.0000,5049.0000,5049.2000,5049.4000,5049.8000,5050.4000,1,1,19,2,2,1,1,2,2,4
SF,IC2001,2019-12-13 09:30:03.100,5049.0000,20138,0,113082280.000,1,0,1,多换,S,5045.2000,5045.0000,5042.6000,5041.0000,5040.0000,5047.6000,5048.0000,5048.2000,5048.8000,5049.0000,1,2,1,19,2,1,1,1,1,4
SF,IC2001,2019-12-13 09:30:03.600,5048.4000,20138,0,114091960.000,1,0,1,多换,S,5045.2000,5045.0000,5042.6000,5041.0000,5040.0000,5047.6000,5048.0000,5048.2000,5049.0000,5049.2000,1,2,1,19,2,1,1,1,6,1
SF,IC2001,2019-12-13 09:30:04.100,5049.0000,20138,0,120149400.000,6,3,3,多换,S,5045.6000,5045.4000,5045.2000,5045.0000,5044.8000,5049.0000,5049.2000,5049.4000,5049.8000,5050.4000,3,1,2,2,1,5,1,2,2,1
SF,IC2001,2019-12-13 09:30:04.600,5045.6000,20138,0,133274080.000,13,6,7,多换,S,5045.6000,5045.4000,5045.0000,5044.8000,5042.6000,5049.8000,5050.4000,5050.6000,5051.0000,5052.0000,3,2,2,1,1,2,1,1,1,3
SF,IC2001,2019-12-13 09:30:05.100,5045.6000,20138,0,133274080.000,0,-,-,-,-,5047.6000,5045.8000,5045.6000,5045.4000,5045.0000,5049.6000,5050.0000,5050.4000,5050.6000,5051.0000,1,1,4,2,2,1,1,1,1,1
SF,IC2001,2019-12-13 09:30:05.600,5045.6000,20138,0,133274080.000,0,-,-,-,-,5048.0000,5047.8000,5047.6000,5047.2000,5046.0000,5050.0000,5050.4000,5050.6000,5051.0000,5052.0000,2,1,1,1,1,1,1,1,1,3
SF,IC2001,2019-12-13 09:30:06.100,5049.8000,20136,-2,135293640.000,2,0,2,双平,S,5048.2000,5047.6000,5045.6000,5045.0000,5044.8000,5050.0000,5050.4000,5050.6000,5051.0000,5052.0000,1,1,4,2,1,1,1,1,1,3
SF,IC2001,2019-12-13 09:30:06.600,5047.6000,20135,-1,137312800.000,2,0,2,多平,S,5047.0000,5045.6000,5045.0000,5044.8000,5044.4000,5049.0000,5050.0000,5050.4000,5050.6000,5051.0000,1,4,2,1,2,1,1,1,1,1
SF,IC2001,2019-12-13 09:30:07.100,5047.2000,20133,-2,139332040.000,2,0,2,双平,S,5047.2000,5045.6000,5045.0000,5044.8000,5044.4000,5047.6000,5049.8000,5050.0000,5050.4000,5050.6000,1,4,4,1,2,1,1,1,1,1
SF,IC2001,2019-12-13 09:30:07.600,5048.2000,20132,-1,141351200.000,2,0,2,多平,S,5049.0000,5048.6000,5047.6000,5047.4000,5047.2000,5050.0000,5050.4000,5050.6000,5051.0000,5051.2000,4,2,2,1,1,1,1,1,1,1
SF,IC2001,2019-12-13 09:30:08.100,5050.0000,20132,0,142361200.000,1,0,1,多换,S,5049.0000,5048.8000,5048.6000,5047.6000,5047.4000,5050.4000,5050.6000,5051.0000,5052.0000,5052.4000,4,2,2,4,4,1,1,1,3,1
SF,IC2001,2019-12-13 09:30:08.600,5050.0000,20132,0,145390960.000,3,1,2,多换,S,5049.0000,5048.8000,5048.6000,5047.6000,5047.2000,5050.2000,5050.4000,5050.6000,5051.0000,5051.2000,3,2,2,2,1,1,1,1,1,1
SF,IC2001,2019-12-13 09:30:09.100,5050.0000,20132,0,146400960.000,1,0,1,多换,S,5049.4000,5049.0000,5048.8000,5048.6000,5048.0000,5050.2000,5050.4000,5050.6000,5051.0000,5051.2000,1,3,2,2,1,1,1,1,1,1
SF,IC2001,2019-12-13 09:30:09.600,5050.6000,20131,-1,149431160.000,3,1,2,多平,S,5049.4000,5049.0000,5048.8000,5048.6000,5047.6000,5051.0000,5052.0000,5052.4000,5053.2000,5053.4000,1,3,2,2,3,1,3,1,1,1
SF,IC2001,2019-12-13 09:30:10.100,5049.4000,20129,-2,152460880.000,3,0,3,多平,S,5049.0000,5048.8000,5048.6000,5047.6000,5047.2000,5049.2000,5049.8000,5050.6000,5050.8000,5051.0000,3,2,2,3,1,1,1,1,2,1
SF,IC2001,2019-12-13 09:30:10.600,5050.6000,20126,-3,155490800.000,3,0,3,双平,S,5050.6000,5050.2000,5049.2000,5049.0000,5048.6000,5051.0000,5052.0000,5052.4000,5053.2000,5053.4000,2,1,2,4,2,1,3,1,1,1
SF,IC2001,2019-12-13 09:30:11.100,5051.0000,20126,0,156501000.000,1,0,1,多换,S,5050.2000,5049.2000,5049.0000,5048.8000,5048.6000,5052.0000,5052.4000,5053.2000,5053.4000,5053.8000,1,2,3,1,2,3,1,1,1,2
SF,IC2001,2019-12-13 09:30:11.600,5050.2000,20127,1,157511040.000,1,1,0,双开,S,5050.2000,5049.2000,5049.0000,5048.8000,5048.6000,5050.4000,5050.6000,5050.8000,5051.8000,5052.0000,1,2,3,1,2,1,1,1,3,3
SF,IC2001,2019-12-13 09:30:12.100,5050.2000,20127,0,158521080.000,1,0,1,多换,S,5049.2000,5049.0000,5048.8000,5048.6000,5048.2000,5049.8000,5050.0000,5050.2000,5050.4000,5050.6000,2,3,1,2,1,1,2,2,1,1
SF,IC2001,2019-12-13 09:30:12.600,5050.2000,20126,-1,165591280.000,7,3,4,多平,S,5049.0000,5048.8000,5048.6000,5048.2000,5047.6000,5050.2000,5051.8000,5052.0000,5052.2000,5052.4000,3,1,2,1,1,2,2,3,1,1
SF,IC2001,2019-12-13 09:30:13.100,5050.2000,20124,-2,167611360.000,2,0,2,双平,S,5049.2000,5049.0000,5048.8000,5048.6000,5048.2000,5050.2000,5051.8000,5052.0000,5052.2000,5052.4000,2,3,1,2,1,2,1,3,1,1
SF,IC2001,2019-12-13 09:30:13.600,5050.2000,20124,0,167611360.000,0,-,-,-,-,5049.2000,5049.0000,5048.8000,5048.6000,5048.2000,5050.2000,5051.8000,5052.0000,5052.2000,5052.4000,4,3,1,2,1,2,1,3,1,1
SF,IC2001,2019-12-13 09:30:14.100,5050.2000,20123,-1,170641480.000,3,1,2,多平,S,5050.2000,5049.2000,5049.0000,5048.8000,5048.6000,5051.8000,5052.0000,5052.2000,5052.4000,5052.6000,1,4,3,1,2,1,3,1,1,1
SF,IC2001,2019-12-13 09:30:14.600,5050.2000,20122,-1,171651520.000,1,0,1,双平,S,5049.2000,5049.0000,5048.8000,5048.6000,5048.2000,5051.8000,5052.0000,5052.2000,5052.4000,5052.6000,4,3,1,2,1,1,3,1,1,1
SF,IC2001,2019-12-13 09:30:15.100,5050.2000,20122,0,171651520.000,0,-,-,-,-,5050.2000,5049.2000,5049.0000,5048.8000,5048.6000,5051.4000,5051.6000,5051.8000,5052.0000,5052.2000,2,4,3,1,2,1,4,1,3,1
SF,IC2001,2019-12-13 09:30:15.600,5050.2000,20121,-1,177711960.000,6,2,4,多平,S,5049.2000,5049.0000,5048.8000,5048.6000,5048.2000,5051.6000,5051.8000,5052.0000,5052.2000,5052.4000,4,3,1,2,1,2,1,3,1,1
SF,IC2001,2019-12-13 09:30:16.100,5051.4000,20121,0,178722240.000,1,0,1,多换,S,5049.2000,5049.0000,5048.8000,5048.6000,5048.2000,5051.6000,5051.8000,5052.0000,5052.2000,5052.4000,4,3,1,2,1,2,1,3,1,1
SF,IC2001,2019-12-13 09:30:16.600,5051.8000,20126,5,187815160.000,9,7,2,空开,S,5051.8000,5049.2000,5049.0000,5048.8000,5048.6000,5052.0000,5052.2000,5052.4000,5052.6000,5053.2000,1,4,3,1,2,3,1,1,1,1
SF,IC2001,2019-12-13 09:30:17.100,5050.2000,20127,1,189835560.000,2,1,1,空开,S,5049.2000,5049.0000,5048.8000,5048.2000,5047.6000,5050.2000,5051.0000,5051.6000,5052.0000,5052.2000,4,3,1,1,1,1,2,1,3,1
SF,IC2001,2019-12-13 09:30:17.600,5050.2000,20127,0,190845600.000,1,0,1,多换,S,5050.2000,5049.2000,5049.0000,5048.8000,5048.2000,5050.6000,5051.0000,5052.0000,5052.2000,5052.6000,2,5,3,1,1,2,1,3,1,1
SF,IC2001,2019-12-13 09:30:18.100,5050.0000,20126,-1,195895600.000,5,2,3,多平,S,5049.2000,5049.0000,5048.8000,5047.2000,5046.4000,5050.0000,5050.2000,5050.6000,5051.0000,5052.0000,3,3,1,1,1,2,5,2,1,3
SF,IC2001,2019-12-13 09:30:18.600,5049.2000,20125,-1,198925160.000,3,1,2,多平,S,5049.2000,5049.0000,5048.8000,5047.2000,5046.4000,5050.0000,5050.2000,5051.0000,5052.0000,5052.2000,1,3,1,1,1,2,5,1,3,1
SF,IC2001,2019-12-13 09:30:19.100,5049.8000,20126,1,203974720.000,5,3,2,空开,S,5049.0000,5048.8000,5047.2000,5046.4000,5045.6000,5049.2000,5050.0000,5050.2000,5051.0000,5052.0000,2,1,1,1,4,1,2,5,1,3
SF,IC2001,2019-12-13 09:30:19.600,5048.8000,20126,0,210033720.000,6,3,3,多换,S,5047.2000,5046.4000,5045.6000,5045.0000,5044.8000,5049.4000,5050.2000,5051.0000,5052.0000,5052.2000,1,1,4,4,1,2,5,1,3,1
SF,IC2001,2019-12-13 09:30:20.100,5049.4000,20127,1,212053480.000,2,1,1,空开,S,5049.2000,5048.0000,5047.6000,5047.4000,5047.2000,5050.2000,5051.0000,5052.0000,5052.2000,5052.6000,1,1,3,2,1,7,2,3,1,1
SF,IC2001,2019-12-13 09:30:20.600,5049.4000,20127,0,212053480.000,0,-,-,-,-,5048.0000,5047.6000,5047.4000,5047.2000,5046.4000,5049.0000,5049.2000,5049.8000,5050.2000,5051.0000,1,3,5,1,1,1,5,1,8,2
SF,IC2001,2019-12-13 09:30:21.100,5049.4000,20127,0,212053480.000,0,-,-,-,-,5048.2000,5048.0000,5047.6000,5047.4000,5047.2000,5049.0000,5049.2000,5049.4000,5049.8000,5050.2000,1,1,2,3,1,1,6,1,1,6
SF,IC2001,2019-12-13 09:30:21.600,5049.2000,20125,-2,214073120.000,2,0,2,双平,S,5047.6000,5047.4000,5047.2000,5046.4000,5045.6000,5049.2000,5049.4000,5049.6000,5049.8000,5050.2000,2,2,1,1,4,5,1,2,1,6
SF,IC2001,2019-12-13 09:30:22.100,5049.2000,20125,0,214073120.000,0,-,-,-,-,5047.8000,5047.6000,5047.4000,5046.4000,5045.6000,5049.2000,5049.4000,5049.6000,5049.8000,5050.2000,5,2,2,1,4,4,1,2,1,6
SF,IC2001,2019-12-13 09:30:22.600,5049.2000,20125,0,214073120.000,0,-,-,-,-,5047.8000,5047.6000,5046.4000,5045.6000,5045.0000,5049.2000,5049.4000,5049.6000,5049.8000,5050.2000,4,1,1,4,4,4,1,2,1,6
SF,IC2001,2019-12-13 09:30:23.100,5047.8000,20125,0,216092520.000,2,1,1,多换,S,5047.8000,5047.6000,5046.4000,5045.6000,5045.0000,5049.2000,5049.4000,5049.6000,5049.8000,5050.0000,2,1,1,4,4,3,2,2,1,1
SF,IC2001,2019-12-13 09:30:23.600,5047.8000,20122,-3,219121200.000,3,0,3,双平,S,5047.6000,5046.4000,5045.6000,5045.0000,5044.8000,5049.2000,5049.4000,5049.6000,5049.8000,5050.0000,1,1,4,4,1,3,2,2,1,1
SF,IC2001,2019-12-13 09:30:24.100,5049.0000,20122,0,222150600.000,3,1,2,多换,S,5046.4000,5045.6000,5045.0000,5044.8000,5044.4000,5048.6000,5049.0000,5049.2000,5049.4000,5049.8000,1,4,4,1,2,1,1,3,2,1
SF,IC2001,2019-12-13 09:30:24.600,5049.0000,20122,0,222150600.000,0,-,-,-,-,5046.6000,5046.4000,5045.6000,5045.0000,5044.8000,5047.6000,5048.4000,5048.6000,5049.2000,5049.4000,2,2,4,4,1,5,1,1,3,2
SF,IC2001,2019-12-13 09:30:25.100,5049.0000,20122,0,222150600.000,0,-,-,-,-,5046.6000,5046.4000,5045.6000,5045.0000,5044.8000,5047.6000,5048.4000,5048.6000,5049.2000,5049.4000,2,2,4,4,1,5,1,1,3,2
SF,IC2001,2019-12-13 09:30:25.600,5047.6000,20121,-1,223160120.000,1,0,1,双平,S,5047.0000,5046.6000,5046.4000,5045.6000,5045.0000,5047.6000,5048.6000,5049.2000,5049.4000,5049.8000,1,2,2,4,4,4,3,3,2,1
SF,IC2001,2019-12-13 09:30:26.100,5046.6000,20120,-1,224169440.000,1,0,1,双平,S,5046.6000,5046.4000,5045.6000,5045.0000,5044.8000,5047.0000,5047.6000,5048.6000,5049.0000,5049.2000,1,2,4,4,1,1,4,1,2,3
SF,IC2001,2019-12-13 09:30:26.600,5047.6000,20120,0,230226440.000,6,3,3,多换,S,5047.6000,5045.6000,5045.0000,5044.8000,5044.4000,5048.6000,5049.0000,5049.2000,5049.4000,5049.8000,1,2,4,1,2,1,2,3,2,1
SF,IC2001,2019-12-13 09:30:27.100,5047.6000,20120,0,231235960.000,1,0,1,多换,S,5047.0000,5046.6000,5045.6000,5045.0000,5044.8000,5048.4000,5049.0000,5049.2000,5049.4000,5049.8000,1,1,2,4,1,1,2,3,2,1
SF,IC2001,2019-12-13 09:30:27.600,5048.4000,20120,0,232245640.000,1,0,1,多换,S,5047.0000,5046.6000,5045.6000,5045.0000,5044.8000,5049.0000,5049.2000,5049.4000,5049.8000,5050.0000,2,1,2,4,1,2,3,2,1,1
SF,IC2001,2019-12-13 09:30:28.100,5048.4000,20120,0,232245640.000,0,-,-,-,-,5047.2000,5047.0000,5046.6000,5046.4000,5045.6000,5048.8000,5049.0000,5049.2000,5049.4000,5049.8000,1,2,1,1,2,1,2,3,2,1
SF,IC2001,2019-12-13 09:30:28.600,5048.4000,20120,0,232245640.000,0,-,-,-,-,5047.0000,5046.6000,5046.4000,5045.6000,5045.0000,5048.8000,5049.0000,5049.2000,5049.4000,5049.8000,2,1,1,2,4,1,2,3,2,1
SF,IC2001,2019-12-13 09:30:29.100,5048.4000,20120,0,232245640.000,0,-,-,-,-,5047.0000,5046.6000,5046.4000,5045.6000,5045.0000,5048.8000,5049.0000,5049.2000,5049.4000,5049.8000,2,1,1,2,4,1,2,3,2,1
SF,IC2001,2019-12-13 09:30:29.600,5048.4000,20120,0,232245640.000,0,-,-,-,-,5047.0000,5045.6000,5045.0000,5044.8000,5044.4000,5048.4000,5048.6000,5048.8000,5049.2000,5049.4000,2,1,4,1,2,1,2,1,3,2
SF,IC2001,2019-12-13 09:30:30.100,5047.0000,20119,-1,235273880.000,3,1,2,多平,S,5045.6000,5045.0000,5044.8000,5044.4000,5042.6000,5047.0000,5048.2000,5048.4000,5048.6000,5049.2000,1,4,1,2,2,2,1,2,4,3
SF,IC2001,2019-12-13 09:30:30.600,5047.0000,20119,0,235273880.000,0,-,-,-,-,5046.2000,5045.8000,5045.6000,5045.0000,5044.8000,5047.0000,5048.2000,5048.4000,5048.6000,5049.2000,1,2,1,4,1,4,1,2,4,3
SF,IC2001,2019-12-13 09:30:31.100,5047.0000,20119,0,235273880.000,0,-,-,-,-,5046.4000,5045.0000,5044.8000,5044.4000,5042.6000,5047.0000,5048.2000,5048.4000,5048.6000,5049.2000,1,4,1,2,2,5,1,1,2,3
SF,IC2001,2019-12-13 09:30:31.600,5046.4000,20118,-1,236283160.000,1,0,1,双平,S,5045.0000,5044.8000,5044.4000,5042.6000,5041.6000,5046.2000,5047.0000,5048.2000,5048.4000,5049.2000,4,1,2,2,1,1,5,1,1,3
SF,IC2001,2019-12-13 09:30:32.100,5046.4000,20117,-1,237292440.000,1,0,1,双平,S,5045.2000,5045.0000,5044.8000,5044.4000,5042.6000,5045.6000,5047.0000,5047.6000,5048.2000,5048.4000,1,4,1,2,2,1,5,2,1,1
SF,IC2001,2019-12-13 09:30:32.600,5047.0000,20117,0,239311000.000,2,1,1,多换,S,5045.6000,5045.4000,5045.2000,5045.0000,5044.8000,5047.0000,5047.6000,5048.2000,5048.4000,5049.2000,1,1,2,3,1,4,2,1,1,3
SF,IC2001,2019-12-13 09:30:33.100,5047.0000,20111,-6,248393440.000,9,1,8,多平,S,5045.0000,5044.4000,5042.6000,5041.6000,5041.0000,5047.0000,5048.2000,5048.4000,5049.2000,5049.4000,3,2,2,1,19,3,1,1,3,2
SF,IC2001,2019-12-13 09:30:33.600,5047.0000,20109,-2,250412240.000,2,0,2,双平,S,5045.2000,5045.0000,5044.4000,5042.6000,5041.6000,5046.6000,5046.8000,5047.0000,5048.4000,5048.8000,7,3,3,2,1,1,1,1,1,2
SF,IC2001,2019-12-13 09:30:34.100,5047.0000,20109,0,250412240.000,0,-,-,-,-,5046.0000,5045.2000,5045.0000,5044.4000,5042.6000,5046.4000,5046.6000,5047.0000,5048.4000,5048.8000,1,4,3,3,2,1,1,1,1,2
SF,IC2001,2019-12-13 09:30:34.600,5046.2000,20108,-1,252430680.000,2,0,2,多平,S,5045.2000,5045.0000,5044.4000,5042.6000,5041.6000,5046.6000,5047.0000,5048.4000,5048.8000,5049.2000,4,3,3,2,1,1,1,1,2,3
SF,IC2001,2019-12-13 09:30:35.100,5046.6000,20107,-1,253440000.000,1,0,1,双平,S,5045.4000,5045.2000,5045.0000,5044.4000,5042.6000,5047.0000,5048.4000,5048.8000,5049.2000,5049.4000,2,2,3,3,2,2,1,2,3,2
SF,IC2001,2019-12-13 09:30:35.600,5046.6000,20107,0,253440000.000,0,-,-,-,-,5045.0000,5044.4000,5042.6000,5041.6000,5041.0000,5045.2000,5045.4000,5046.8000,5047.0000,5047.4000,3,3,2,1,19,2,1,1,2,1
SF,IC2001,2019-12-13 09:30:36.100,5045.4000,20105,-2,256467160.000,3,0,3,多平,S,5045.8000,5045.2000,5045.0000,5044.4000,5042.6000,5046.8000,5047.0000,5047.4000,5047.8000,5048.4000,1,4,4,3,2,1,2,1,2,1
SF,IC2001,2019-12-13 09:30:36.600,5045.8000,20105,0,257476320.000,1,0,1,多换,S,5045.4000,5045.2000,5045.0000,5044.4000,5042.6000,5045.8000,5046.8000,5047.0000,5047.4000,5047.8000,1,2,3,3,2,2,1,2,1,2
SF,IC2001,2019-12-13 09:30:37.100,5045.8000,20105,0,258485480.000,1,0,1,多换,S,5045.2000,5045.0000,5044.4000,5042.6000,5041.6000,5046.8000,5047.0000,5047.4000,5047.8000,5048.0000,2,3,3,2,1,1,2,1,2,1
SF,IC2001,2019-12-13 09:30:37.600,5045.8000,20105,0,258485480.000,0,-,-,-,-,5045.0000,5044.4000,5042.6000,5041.6000,5041.0000,5046.8000,5047.0000,5047.4000,5047.8000,5048.0000,4,3,2,1,19,1,3,1,2,1
SF,IC2001,2019-12-13 09:30:38.100,5045.8000,20105,0,258485480.000,0,-,-,-,-,5045.2000,5045.0000,5044.4000,5042.6000,5041.6000,5045.4000,5046.2000,5046.8000,5047.0000,5047.4000,4,4,3,2,1,1,1,1,3,1
SF,IC2001,2019-12-13 09:30:38.600,5045.4000,20105,0,261512880.000,3,1,2,多换,S,5045.2000,5045.0000,5044.4000,5042.6000,5041.6000,5046.8000,5047.0000,5047.4000,5047.8000,5048.0000,5,4,3,2,1,1,3,1,2,1
SF,IC2001,2019-12-13 09:30:39.100,5045.4000,20106,1,262521960.000,1,1,0,双开,S,5045.4000,5045.2000,5045.0000,5044.4000,5042.6000,5046.8000,5047.0000,5047.4000,5047.8000,5048.0000,1,2,4,3,2,1,3,1,2,1
SF,IC2001,2019-12-13 09:30:39.600,5045.4000,20106,0,262521960.000,0,-,-,-,-,5045.4000,5045.0000,5044.4000,5042.6000,5041.6000,5046.6000,5046.8000,5047.0000,5047.4000,5047.8000,1,4,3,2,1,1,1,3,1,2
SF,IC2001,2019-12-13 09:30:40.100,5046.4000,20106,0,266558600.000,4,2,2,多换,S,5045.0000,5044.4000,5043.2000,5042.6000,5041.6000,5046.4000,5046.6000,5047.0000,5047.4000,5047.8000,3,3,1,2,1,1,1,3,1,2
SF,IC2001,2019-12-13 09:30:40.600,5045.0000,20106,0,267567600.000,1,0,1,多换,S,5045.0000,5044.4000,5043.2000,5042.6000,5041.6000,5046.4000,5046.6000,5047.0000,5047.4000,5048.0000,2,3,1,2,1,1,1,3,1,1
SF,IC2001,2019-12-13 09:30:41.100,5045.0000,20106,0,267567600.000,0,-,-,-,-,5045.0000,5044.4000,5043.2000,5042.6000,5041.6000,5046.4000,5046.6000,5046.8000,5047.0000,5047.2000,4,3,1,2,1,1,1,1,3,2
SF,IC2001,2019-12-13 09:30:41.600,5045.0000,20106,0,267567600.000,0,-,-,-,-,5046.0000,5045.0000,5044.4000,5043.2000,5042.6000,5046.4000,5046.6000,5046.8000,5047.0000,5047.2000,5,4,3,1,2,1,1,1,3,2
SF,IC2001,2019-12-13 09:30:42.100,5046.2000,20105,-1,273622840.000,6,2,4,多平,S,5045.0000,5044.4000,5043.2000,5042.6000,5041.6000,5046.6000,5046.8000,5047.0000,5047.2000,5047.4000,4,3,1,2,1,1,1,3,2,1
SF,IC2001,2019-12-13 09:30:42.600,5046.2000,20105,0,273622840.000,0,-,-,-,-,5045.0000,5044.4000,5043.2000,5042.6000,5041.6000,5045.4000,5046.4000,5046.6000,5046.8000,5047.0000,4,2,1,2,1,1,1,1,1,3
SF,IC2001,2019-12-13 09:30:43.100,5045.2000,20105,0,277658880.000,4,2,2,多换,S,5045.0000,5044.4000,5043.2000,5042.6000,5041.6000,5045.4000,5046.6000,5046.8000,5047.0000,5047.4000,1,2,1,2,1,1,1,1,3,1
SF,IC2001,2019-12-13 09:30:43.600,5045.4000,20105,0,278667960.000,1,0,1,多换,S,5045.0000,5044.4000,5043.2000,5042.6000,5041.6000,5046.6000,5046.8000,5047.0000,5047.4000,5048.0000,1,2,1,2,1,3,1,3,1,1
SF,IC2001,2019-12-13 09:30:44.100,5045.2000,20104,-1,279677000.000,1,0,1,双平,S,5045.0000,5044.4000,5043.8000,5043.2000,5042.6000,5046.6000,5046.8000,5047.0000,5047.4000,5048.0000,1,2,1,1,2,1,1,3,1,1
SF,IC2001,2019-12-13 09:30:44.600,5046.4000,20103,-1,280686280.000,1,0,1,双平,S,5045.0000,5044.4000,5043.2000,5042.6000,5041.6000,5046.4000,5046.6000,5046.8000,5047.0000,5047.2000,1,2,1,2,1,1,1,1,3,2
SF,IC2001,2019-12-13 09:30:45.100,5046.4000,20103,0,280686280.000,0,-,-,-,-,5045.0000,5044.4000,5043.2000,5042.6000,5041.6000,5046.4000,5046.6000,5046.8000,5047.0000,5047.2000,1,2,1,2,1,1,1,1,3,2
SF,IC2001,2019-12-13 09:30:45.600,5045.0000,20102,-1,281695280.000,1,0,1,双平,S,5044.4000,5043.2000,5042.6000,5041.6000,5041.0000,5046.4000,5046.6000,5046.8000,5047.0000,5047.2000,2,1,2,1,19,1,1,1,3,2
SF,IC2001,2019-12-13 09:30:46.100,5045.0000,20102,0,281695280.000,0,-,-,-,-,5046.0000,5044.4000,5043.2000,5042.6000,5041.6000,5046.4000,5046.6000,5046.8000,5047.0000,5047.2000,2,2,1,2,1,1,1,1,3,2
SF,IC2001,2019-12-13 09:30:46.600,5046.0000,20102,0,283713680.000,2,1,1,多换,S,5045.2000,5044.4000,5043.2000,5042.6000,5041.6000,5046.0000,5046.6000,5046.8000,5047.0000,5047.2000,2,2,1,2,1,1,1,1,3,2
SF,IC2001,2019-12-13 09:30:47.100,5046.0000,20102,0,284722880.000,1,0,1,多换,S,5045.2000,5044.4000,5043.2000,5042.6000,5041.6000,5045.8000,5046.6000,5046.8000,5047.0000,5047.2000,2,2,1,2,1,1,1,1,3,2
SF,IC2001,2019-12-13 09:30:47.600,5046.0000,20102,0,284722880.000,0,-,-,-,-,5045.2000,5044.4000,5043.2000,5042.6000,5041.6000,5045.8000,5046.0000,5046.6000,5046.8000,5047.0000,2,2,1,2,1,1,1,3,1,3
SF,IC2001,2019-12-13 09:30:48.100,5046.0000,20102,0,284722880.000,0,-,-,-,-,5045.2000,5044.4000,5043.2000,5042.6000,5041.6000,5046.0000,5046.6000,5046.8000,5047.0000,5047.4000,2,2,1,2,1,1,1,1,3,1
SF,IC2001,2019-12-13 09:30:48.600,5045.2000,20102,0,285731920.000,1,0,1,多换,S,5045.2000,5044.4000,5043.2000,5042.6000,5041.6000,5046.0000,5046.6000,5046.8000,5047.0000,5047.4000,1,2,1,2,1,2,1,1,2,3
SF,IC2001,2019-12-13 09:30:49.100,5045.2000,20102,0,285731920.000,0,-,-,-,-,5045.2000,5045.0000,5044.4000,5043.2000,5042.6000,5046.0000,5046.4000,5046.6000,5046.8000,5047.0000,1,1,2,1,2,3,1,1,1,2
SF,IC2001,2019-12-13 09:30:49.600,5045.2000,20102,0,286740960.000,1,0,1,多换,S,5045.0000,5044.4000,5043.2000,5042.6000,5041.6000,5046.0000,5046.4000,5046.6000,5046.8000,5047.0000,1,2,1,2,1,3,1,1,1,2
SF,IC2001,2019-12-13 09:30:50.100,5045.2000,20102,0,286740960.000,0,-,-,-,-,5045.0000,5044.4000,5043.2000,5042.6000,5041.6000,5046.0000,5046.4000,5046.6000,5046.8000,5047.0000,1,2,1,2,1,3,1,1,1,2
SF,IC2001,2019-12-13 09:30:50.600,5046.0000,20103,1,288759360.000,2,1,1,空开,S,5045.2000,5045.0000,5044.4000,5043.2000,5042.6000,5046.0000,5046.4000,5046.6000,5046.8000,5047.0000,1,1,2,1,2,1,1,1,3,2
SF,IC2001,2019-12-13 09:30:51.100,5046.0000,20103,0,288759360.000,0,-,-,-,-,5045.2000,5045.0000,5044.4000,5043.2000,5042.6000,5046.0000,5046.4000,5046.6000,5046.8000,5047.0000,1,1,2,1,2,3,1,2,3,2
SF,IC2001,2019-12-13 09:30:51.600,5045.0000,20102,-1,293804400.000,5,2,3,多平,S,5045.0000,5044.4000,5043.2000,5042.6000,5041.6000,5046.0000,5046.4000,5046.6000,5046.8000,5047.0000,2,2,1,2,1,3,1,2,3,2
SF,IC2001,2019-12-13 09:30:52.100,5046.0000,20100,-2,295822800.000,2,0,2,双平,S,5045.0000,5044.4000,5043.2000,5042.6000,5041.6000,5046.0000,5046.4000,5046.6000,5046.8000,5047.0000,2,2,1,2,1,1,1,2,3,2
SF,IC2001,2019-12-13 09:30:52.600,5045.2000,20097,-3,298850080.000,3,0,3,双平,S,5045.2000,5045.0000,5044.6000,5044.4000,5043.2000,5046.4000,5046.6000,5046.8000,5047.0000,5047.4000,1,2,1,2,1,1,2,1,2,3
SF,IC2001,2019-12-13 09:30:53.100,5045.2000,20097,0,299859120.000,1,0,1,多换,S,5045.0000,5044.6000,5044.4000,5043.8000,5043.2000,5046.4000,5046.6000,5046.8000,5047.0000,5047.4000,2,1,2,1,1,1,2,1,2,3
SF,IC2001,2019-12-13 09:30:53.600,5046.4000,20096,-1,300868400.000,1,0,1,双平,S,5046.4000,5045.2000,5045.0000,5044.6000,5044.4000,5046.6000,5046.8000,5047.0000,5047.4000,5048.4000,1,1,2,1,2,2,1,2,3,1
SF,IC2001,2019-12-13 09:30:54.100,5046.4000,20094,-2,303896240.000,3,0,3,多平,S,5045.2000,5045.0000,5044.6000,5044.4000,5043.8000,5046.6000,5046.8000,5047.0000,5047.4000,5048.4000,1,2,1,2,1,2,1,2,1,1
SF,IC2001,2019-12-13 09:30:54.600,5045.6000,20089,-5,308942520.000,5,0,5,双平,S,5045.4000,5045.2000,5045.0000,5044.6000,5044.4000,5047.0000,5048.0000,5048.4000,5049.2000,5049.4000,3,1,2,1,2,2,2,1,3,1
SF,IC2001,2019-12-13 09:30:55.100,5046.2000,20089,0,309951760.000,1,0,1,多换,S,5045.6000,5045.4000,5045.0000,5044.6000,5044.4000,5047.0000,5048.0000,5048.4000,5049.2000,5049.4000,3,6,3,1,2,2,2,1,3,1
SF,IC2001,2019-12-13 09:30:55.600,5046.2000,20089,0,309951760.000,0,-,-,-,-,5046.6000,5046.4000,5045.8000,5045.6000,5045.4000,5047.0000,5048.0000,5048.2000,5048.4000,5049.2000,3,20,1,3,4,2,2,1,1,3
SF,IC2001,2019-12-13 09:30:56.100,5046.6000,20086,-3,312979720.000,3,0,3,双平,S,5046.4000,5045.8000,5045.6000,5045.4000,5045.0000,5046.6000,5047.0000,5048.0000,5048.2000,5048.4000,20,1,3,4,3,2,2,2,1,1
SF,IC2001,2019-12-13 09:30:56.600,5047.0000,20083,-3,316007760.000,3,0,3,双平,S,5046.6000,5046.4000,5045.8000,5045.6000,5045.4000,5047.0000,5048.2000,5048.4000,5049.2000,5049.4000,1,20,1,1,4,1,1,1,3,1
SF,IC2001,2019-12-13 09:30:57.100,5046.6000,20084,1,317017080.000,1,1,0,双开,S,5046.4000,5045.8000,5045.6000,5045.4000,5045.0000,5046.6000,5047.0000,5048.2000,5048.4000,5048.6000,20,1,1,4,3,1,1,1,1,2
SF,IC2001,2019-12-13 09:30:57.600,5047.0000,20086,2,319035800.000,2,2,0,双开,S,5046.4000,5045.8000,5045.6000,5045.4000,5045.0000,5048.2000,5048.4000,5048.6000,5049.2000,5049.4000,20,1,1,4,3,1,1,2,3,1
SF,IC2001,2019-12-13 09:30:58.100,5047.0000,20086,0,319035800.000,0,-,-,-,-,5046.4000,5045.8000,5045.4000,5045.0000,5044.6000,5048.0000,5048.2000,5048.4000,5048.6000,5049.2000,20,1,4,3,1,1,1,1,2,3
SF,IC2001,2019-12-13 09:30:58.600,5047.0000,20086,0,319035800.000,0,-,-,-,-,5046.6000,5046.4000,5045.8000,5045.4000,5045.0000,5048.0000,5048.2000,5048.4000,5048.6000,5049.2000,1,20,1,4,3,1,1,1,2,3
SF,IC2001,2019-12-13 09:30:59.100,5046.6000,20086,0,320045120.000,1,0,1,多换,S,5046.4000,5045.8000,5045.4000,5045.0000,5044.6000,5046.6000,5048.0000,5048.2000,5048.4000,5048.6000,20,1,3,3,1,4,1,1,1,2
SF,IC2001,2019-12-13 09:30:59.600,5046.6000,20085,-1,323073080.000,3,1,2,多平,S,5046.4000,5045.8000,5045.4000,5045.0000,5044.6000,5046.6000,5048.0000,5048.2000,5048.4000,5048.6000,20,1,3,3,1,1,1,1,1,2
SF,IC2001,2019-12-13 09:31:00.100,5046.6000,20085,0,326101040.000,3,1,2,多换,S,5046.6000,5046.4000,5045.8000,5045.4000,5045.0000,5048.0000,5048.2000,5048.6000,5049.2000,5049.4000,1,20,1,3,3,1,1,2,3,1
SF,IC2001,2019-12-13 09:31:00.600,5046.6000,20085,0,327110360.000,1,0,1,多换,S,5046.6000,5046.4000,5045.4000,5045.0000,5044.6000,5048.0000,5048.2000,5049.2000,5049.4000,5049.6000,1,20,3,3,1,1,1,3,1,1
SF,IC2001,2019-12-13 09:31:01.100,5046.6000,20084,-1,329129000.000,2,0,2,多平,S,5046.8000,5046.6000,5046.4000,5045.4000,5045.0000,5047.8000,5048.0000,5049.0000,5049.2000,5049.4000,2,1,20,3,4,6,1,2,3,1
SF,IC2001,2019-12-13 09:31:01.600,5047.8000,20078,-6,336195920.000,7,0,7,多平,S,5047.8000,5047.2000,5047.0000,5046.8000,5046.6000,5049.0000,5049.2000,5049.4000,5049.6000,5049.8000,1,1,2,6,1,2,3,1,1,1
SF,IC2001,2019-12-13 09:31:02.100,5047.8000,20078,0,340234160.000,4,2,2,多换,S,5047.8000,5047.0000,5046.8000,5046.6000,5046.4000,5049.0000,5049.2000,5049.4000,5049.6000,5049.8000,1,2,6,1,10,2,3,1,1,1
SF,IC2001,2019-12-13 09:31:02.600,5049.0000,20078,0,341243960.000,1,0,1,多换,S,5048.0000,5047.8000,5047.0000,5046.8000,5046.6000,5048.8000,5049.2000,5049.4000,5049.6000,5049.8000,2,1,2,5,1,1,3,1,1,3
SF,IC2001,2019-12-13 09:31:03.100,5047.8000,20077,-1,345282480.000,4,1,3,多平,S,5047.0000,5046.8000,5046.6000,5046.4000,5045.4000,5047.8000,5049.2000,5049.4000,5049.8000,5050.0000,2,4,1,10,2,1,3,1,3,1
SF,IC2001,2019-12-13 09:31:03.600,5047.8000,20077,0,346292040.000,1,0,1,多换,S,5048.0000,5047.8000,5047.2000,5047.0000,5046.8000,5049.2000,5049.4000,5049.8000,5050.0000,5050.2000,1,1,1,2,2,3,1,3,2,6
SF,IC2001,2019-12-13 09:31:04.100,5048.0000,20077,0,349320840.000,3,1,2,多换,S,5047.8000,5047.4000,5047.2000,5047.0000,5046.8000,5049.2000,5049.4000,5049.8000,5050.0000,5050.2000,4,1,3,1,1,4,1,1,2,6
SF,IC2001,2019-12-13 09:31:04.600,5048.0000,20077,0,349320840.000,0,-,-,-,-,5047.8000,5047.4000,5047.2000,5047.0000,5046.8000,5049.0000,5049.2000,5049.4000,5049.8000,5050.0000,1,1,2,1,1,1,4,1,1,2
SF,IC2001,2019-12-13 09:31:05.100,5047.8000,20077,0,352349440.000,3,1,2,多换,S,5047.2000,5047.0000,5046.6000,5046.4000,5045.4000,5048.0000,5049.0000,5049.2000,5049.4000,5049.8000,2,4,1,10,1,1,1,4,1,1
SF,IC2001,2019-12-13 09:31:05.600,5048.0000,20078,1,356387840.000,4,2,2,空开,S,5047.6000,5047.2000,5047.0000,5046.6000,5046.4000,5049.0000,5049.2000,5049.4000,5049.8000,5050.0000,2,2,5,1,10,1,4,1,1,2
SF,IC2001,2019-12-13 09:31:06.100,5048.0000,20078,0,356387840.000,0,-,-,-,-,5048.2000,5048.0000,5047.8000,5047.6000,5047.4000,5049.2000,5049.4000,5049.8000,5050.0000,5050.2000,2,4,3,2,1,4,1,1,2,8
SF,IC2001,2019-12-13 09:31:06.600,5048.0000,20078,0,356387840.000,0,-,-,-,-,5048.0000,5047.8000,5047.6000,5047.4000,5047.0000,5048.2000,5049.2000,5049.4000,5049.8000,5050.0000,2,2,2,1,5,1,4,1,1,2
SF,IC2001,2019-12-13 09:31:07.100,5048.2000,20077,-1,361436040.000,5,2,3,多平,S,5048.2000,5048.0000,5047.8000,5047.6000,5047.4000,5049.2000,5049.4000,5049.8000,5050.0000,5050.2000,2,2,1,1,1,4,1,1,2,6
SF,IC2001,2019-12-13 09:31:07.600,5048.0000,20078,1,363455240.000,2,1,1,空开,S,5048.0000,5047.8000,5047.6000,5047.4000,5047.0000,5049.2000,5049.4000,5049.8000,5050.0000,5050.2000,1,1,1,1,6,4,1,1,2,6
SF,IC2001,2019-12-13 09:31:08.100,5048.0000,20079,1,364464840.000,1,1,0,双开,S,5047.8000,5047.6000,5047.4000,5047.0000,5046.6000,5048.0000,5049.0000,5049.2000,5049.4000,5049.8000,1,1,1,6,1,2,1,4,1,1
SF,IC2001,2019-12-13 09:31:08.600,5049.0000,20080,1,368503400.000,4,2,2,空开,S,5047.6000,5047.4000,5047.0000,5046.6000,5046.4000,5049.2000,5049.4000,5049.8000,5050.0000,5050.2000,1,1,6,1,10,4,1,1,3,6
SF,IC2001,2019-12-13 09:31:09.100,5047.6000,20079,-1,371531960.000,3,1,2,多平,S,5047.8000,5047.4000,5047.0000,5046.6000,5046.4000,5049.0000,5049.2000,5049.4000,5049.8000,5050.0000,2,1,6,1,10,1,4,1,1,3
SF,IC2001,2019-12-13 09:31:09.600,5047.4000,20080,1,373551240.000,2,1,1,空开,S,5047.0000,5046.6000,5046.4000,5045.0000,5044.6000,5047.4000,5049.2000,5049.4000,5049.8000,5050.0000,6,1,10,5,1,1,4,1,4,3
SF,IC2001,2019-12-13 09:31:10.100,5047.4000,20081,1,374560720.000,1,1,0,双开,S,5047.2000,5047.0000,5046.6000,5046.4000,5045.0000,5047.8000,5049.2000,5049.4000,5049.8000,5050.0000,1,6,1,10,5,1,4,1,4,3
SF,IC2001,2019-12-13 09:31:10.600,5047.8000,20081,0,377589400.000,3,1,2,多换,S,5047.4000,5047.2000,5047.0000,5046.6000,5046.4000,5049.2000,5049.4000,5049.8000,5050.0000,5050.2000,7,1,6,1,10,4,1,4,3,6
SF,IC2001,2019-12-13 09:31:11.100,5047.8000,20081,0,377589400.000,0,-,-,-,-,5047.6000,5047.4000,5047.0000,5046.6000,5046.4000,5049.0000,5049.2000,5049.4000,5049.6000,5049.8000,1,3,6,1,10,1,4,1,1,4
SF,IC2001,2019-12-13 09:31:11.600,5047.4000,20082,1,381627360.000,4,2,2,空开,S,5047.4000,5047.0000,5046.6000,5046.4000,5045.0000,5049.0000,5049.2000,5049.4000,5049.6000,5049.8000,1,6,1,10,5,2,4,1,1,4
SF,IC2001,2019-12-13 09:31:12.100,5047.4000,20082,0,381627360.000,0,-,-,-,-,5047.0000,5046.6000,5046.4000,5045.0000,5044.6000,5048.0000,5049.0000,5049.2000,5049.4000,5049.6000,6,1,10,5,1,1,2,4,1,1
SF,IC2001,2019-12-13 09:31:12.600,5049.0000,20077,-5,388694960.000,7,1,6,多平,S,5049.0000,5047.0000,5046.6000,5046.4000,5045.0000,5049.2000,5049.4000,5049.6000,5049.8000,5050.0000,15,4,1,9,5,4,2,1,4,3
SF,IC2001,2019-12-13 09:31:13.100,5049.0000,20062,-15,403841960.000,15,0,15,双平,S,5047.8000,5047.2000,5047.0000,5046.6000,5046.4000,5049.0000,5049.2000,5049.4000,5049.6000,5049.8000,1,1,4,1,9,11,4,2,1,4
SF,IC2001,2019-12-13 09:31:13.600,5047.8000,20062,0,404851520.000,1,0,1,多换,S,5047.2000,5047.0000,5046.6000,5046.4000,5045.0000,5047.6000,5047.8000,5048.8000,5049.0000,5049.2000,1,4,1,9,5,2,4,1,5,4
SF,IC2001,2019-12-13 09:31:14.100,5047.2000,20062,0,405860960.000,1,0,1,多换,S,5047.0000,5046.6000,5046.4000,5045.0000,5044.6000,5047.6000,5047.8000,5048.8000,5049.0000,5049.2000,4,1,9,5,1,2,1,1,4,4
SF,IC2001,2019-12-13 09:31:14.600,5047.0000,20062,0,409898640.000,4,2,2,多换,S,5047.0000,5046.6000,5046.4000,5045.0000,5044.6000,5047.6000,5048.8000,5049.0000,5049.2000,5049.4000,1,1,9,5,1,2,1,5,4,2
SF,IC2001,2019-12-13 09:31:15.100,5047.0000,20062,0,409898640.000,0,-,-,-,-,5047.0000,5046.6000,5046.4000,5045.0000,5044.6000,5047.6000,5048.8000,5049.0000,5049.2000,5049.4000,1,1,9,5,1,2,1,7,4,2
SF,IC2001,2019-12-13 09:31:15.600,5047.0000,20062,0,409898640.000,0,-,-,-,-,5047.0000,5046.6000,5046.4000,5045.0000,5044.6000,5048.8000,5049.0000,5049.2000,5049.4000,5049.6000,5,1,9,5,1,1,5,4,2,1
SF,IC2001,2019-12-13 09:31:16.100,5048.8000,20061,-1,410908400.000,1,0,1,双平,S,5047.8000,5047.6000,5047.2000,5047.0000,5046.6000,5049.0000,5049.2000,5049.4000,5049.6000,5049.8000,2,2,2,5,1,5,4,2,3,2
SF,IC2001,2019-12-13 09:31:16.600,5047.6000,20059,-2,414946800.000,4,1,3,多平,S,5047.6000,5047.4000,5047.2000,5047.0000,5046.6000,5047.8000,5049.0000,5049.2000,5049.4000,5049.6000,4,1,4,5,1,2,3,4,2,3
SF,IC2001,2019-12-13 09:31:17.100,5047.8000,20057,-2,417975480.000,3,0,3,多平,S,5047.6000,5047.4000,5047.2000,5047.0000,5046.6000,5049.0000,5049.2000,5049.4000,5049.6000,5049.8000,1,1,1,5,1,3,4,2,3,2
SF,IC2001,2019-12-13 09:31:17.600,5047.0000,20056,-1,424032120.000,6,2,4,多平,S,5047.0000,5046.6000,5046.0000,5045.0000,5044.6000,5047.4000,5048.8000,5049.0000,5049.2000,5049.4000,2,1,5,5,1,3,1,3,4,2
SF,IC2001,2019-12-13 09:31:18.100,5047.0000,20056,0,426050920.000,2,1,1,多换,S,5046.6000,5046.0000,5045.0000,5044.6000,5044.4000,5047.0000,5047.6000,5048.6000,5048.8000,5049.0000,1,5,4,1,2,4,1,2,1,4
SF,IC2001,2019-12-13 09:31:18.600,5046.6000,20055,-1,427060240.000,1,0,1,双平,S,5046.0000,5045.0000,5044.6000,5044.4000,5043.8000,5046.6000,5046.8000,5048.0000,5048.4000,5048.6000,5,4,1,2,1,5,1,1,3,2
SF,IC2001,2019-12-13 09:31:19.100,5046.6000,20055,0,427060240.000,0,-,-,-,-,5046.2000,5046.0000,5045.0000,5044.6000,5044.4000,5046.6000,5046.8000,5047.6000,5048.0000,5048.4000,1,5,4,1,2,2,1,5,1,3
SF,IC2001,2019-12-13 09:31:19.600,5046.0000,20054,-1,430087880.000,3,1,2,多平,S,5046.0000,5045.0000,5044.6000,5044.4000,5043.8000,5046.2000,5046.6000,5046.8000,5047.6000,5047.8000,3,4,1,2,1,2,1,1,5,2
SF,IC2001,2019-12-13 09:31:20.100,5046.8000,20052,-2,440180160.000,10,4,6,多平,S,5047.4000,5045.0000,5044.6000,5044.4000,5043.8000,5047.6000,5047.8000,5048.0000,5048.4000,5048.6000,13,4,1,2,1,5,2,1,1,2
SF,IC2001,2019-12-13 09:31:20.600,5047.4000,20045,-7,453303400.000,13,3,10,多平,S,5045.0000,5044.6000,5044.4000,5043.8000,5042.6000,5047.0000,5047.2000,5047.4000,5047.6000,5048.0000,4,1,2,1,1,1,2,4,5,1
SF,IC2001,2019-12-13 09:31:21.100,5046.6000,20046,1,454312720.000,1,1,0,双开,S,5045.4000,5045.2000,5045.0000,5044.6000,5044.4000,5046.6000,5047.0000,5047.4000,5047.6000,5048.0000,1,3,4,1,2,1,1,2,5,2
SF,IC2001,2019-12-13 09:31:21.600,5046.6000,20045,-1,455322040.000,1,0,1,双平,S,5045.8000,5045.6000,5045.4000,5045.2000,5045.0000,5047.0000,5047.4000,5047.6000,5048.0000,5048.6000,2,1,2,4,4,1,2,5,2,2
SF,IC2001,2019-12-13 09:31:22.100,5046.0000,20044,-1,458350120.000,3,1,2,多平,S,5045.4000,5045.2000,5045.0000,5044.6000,5044.4000,5045.8000,5047.4000,5047.6000,5048.6000,5049.0000,1,2,4,1,2,1,1,5,3,2
SF,IC2001,2019-12-13 09:31:22.600,5045.8000,20044,0,459359280.000,1,0,1,多换,S,5045.8000,5045.6000,5045.0000,5044.6000,5044.4000,5047.4000,5047.6000,5048.6000,5049.0000,5049.2000,3,1,4,1,2,3,5,3,2,4
SF,IC2001,2019-12-13 09:31:23.100,5045.8000,20044,0,461377600.000,2,1,1,多换,S,5046.0000,5045.8000,5045.6000,5045.0000,5044.6000,5047.0000,5047.2000,5047.4000,5047.6000,5047.8000,1,3,1,4,1,2,1,1,5,2
SF,IC2001,2019-12-13 09:31:23.600,5045.8000,20044,0,461377600.000,0,-,-,-,-,5046.0000,5045.8000,5045.6000,5045.0000,5044.6000,5047.4000,5047.6000,5047.8000,5048.4000,5048.6000,3,3,1,4,1,1,5,2,2,3
SF,IC2001,2019-12-13 09:31:24.100,5045.8000,20044,0,461377600.000,0,-,-,-,-,5046.0000,5045.8000,5045.6000,5045.0000,5044.6000,5047.2000,5047.4000,5047.6000,5047.8000,5048.6000,3,3,1,4,1,1,1,5,2,3
SF,IC2001,2019-12-13 09:31:24.600,5046.0000,20042,-2,463396000.000,2,0,2,双平,S,5046.0000,5045.8000,5045.6000,5045.0000,5044.6000,5047.6000,5047.8000,5048.6000,5049.0000,5049.2000,1,3,1,4,1,5,2,3,2,4
SF,IC2001,2019-12-13 09:31:25.100,5046.0000,20042,0,463396000.000,0,-,-,-,-,5046.2000,5045.8000,5045.6000,5045.0000,5044.6000,5047.4000,5047.6000,5047.8000,5048.2000,5048.6000,1,3,1,4,1,1,5,2,2,3
SF,IC2001,2019-12-13 09:31:25.600,5045.8000,20043,1,465414360.000,2,1,1,空开,S,5045.8000,5045.6000,5045.0000,5044.6000,5044.4000,5047.4000,5047.6000,5047.8000,5048.2000,5048.6000,2,1,4,1,2,1,5,2,2,3
SF,IC2001,2019-12-13 09:31:26.100,5045.8000,20043,0,465414360.000,0,-,-,-,-,5045.6000,5045.0000,5044.6000,5044.4000,5043.8000,5047.2000,5047.4000,5047.6000,5047.8000,5048.6000,1,4,1,2,1,1,1,5,2,3
SF,IC2001,2019-12-13 09:31:26.600,5045.8000,20043,0,465414360.000,0,-,-,-,-,5045.6000,5045.0000,5044.6000,5044.4000,5043.8000,5047.2000,5047.4000,5047.6000,5047.8000,5048.6000,1,4,1,2,1,3,1,5,2,3
SF,IC2001,2019-12-13 09:31:27.100,5045.6000,20043,0,466423480.000,1,0,1,多换,S,5045.0000,5044.6000,5044.4000,5043.8000,5042.6000,5045.6000,5047.2000,5047.4000,5047.6000,5047.8000,4,1,2,1,1,2,3,1,5,2
SF,IC2001,2019-12-13 09:31:27.600,5045.2000,20040,-3,469450760.000,3,0,3,双平,S,5045.0000,5044.6000,5044.4000,5043.8000,5042.6000,5045.6000,5047.2000,5047.4000,5047.6000,5047.8000,4,1,2,1,1,2,3,1,5,2
SF,IC2001,2019-12-13 09:31:28.100,5045.0000,20040,0,470459760.000,1,0,1,多换,S,5045.0000,5044.6000,5044.4000,5043.8000,5042.6000,5045.6000,5047.2000,5047.4000,5047.6000,5047.8000,3,1,2,1,1,2,3,1,5,2
SF,IC2001,2019-12-13 09:31:28.600,5045.0000,20041,1,471468760.000,1,1,0,双开,S,5045.0000,5044.6000,5044.4000,5043.8000,5042.6000,5045.6000,5047.2000,5047.4000,5047.6000,5047.8000,2,1,2,1,1,2,3,1,5,2
SF,IC2001,2019-12-13 09:31:29.100,5045.0000,20041,0,472477760.000,1,0,1,多换,S,5045.0000,5044.6000,5044.4000,5043.8000,5042.6000,5045.6000,5047.2000,5047.4000,5047.6000,5047.8000,1,1,2,1,1,2,3,1,5,2
SF,IC2001,2019-12-13 09:31:29.600,5045.6000,20039,-2,474496000.000,2,0,2,双平,S,5045.8000,5045.6000,5045.2000,5045.0000,5044.6000,5047.2000,5047.6000,5047.8000,5048.6000,5049.0000,1,2,5,1,1,3,5,2,3,2
SF,IC2001,2019-12-13 09:31:30.100,5045.6000,20039,0,475505120.000,1,0,1,多换,S,5045.6000,5045.2000,5045.0000,5044.6000,5044.4000,5047.2000,5047.6000,5047.8000,5048.6000,5049.0000,1,5,1,1,2,3,5,2,3,2
SF,IC2001,2019-12-13 09:31:30.600,5045.6000,20039,0,475505120.000,0,-,-,-,-,5045.8000,5045.6000,5045.2000,5045.0000,5044.6000,5047.2000,5047.6000,5047.8000,5048.6000,5049.0000,1,1,2,1,1,3,5,2,3,2
SF,IC2001,2019-12-13 09:31:31.100,5045.6000,20039,0,475505120.000,0,-,-,-,-,5045.6000,5045.0000,5044.6000,5044.4000,5043.8000,5046.8000,5047.0000,5047.2000,5047.6000,5047.8000,1,1,1,2,1,1,1,3,5,2
SF,IC2001,2019-12-13 09:31:31.600,5045.6000,20039,0,475505120.000,0,-,-,-,-,5045.6000,5045.0000,5044.6000,5044.4000,5043.8000,5046.6000,5047.2000,5047.6000,5047.8000,5048.6000,1,1,1,2,1,1,2,5,2,3
SF,IC2001,2019-12-13 09:31:32.100,5045.6000,20039,0,475505120.000,0,-,-,-,-,5045.6000,5045.0000,5044.6000,5044.4000,5043.8000,5045.8000,5046.6000,5047.2000,5047.6000,5047.8000,1,1,1,2,1,1,1,2,5,2
SF,IC2001,2019-12-13 09:31:32.600,5045.6000,20039,0,476514240.000,1,0,1,多换,S,5045.0000,5044.6000,5044.4000,5043.8000,5042.6000,5045.8000,5046.6000,5047.6000,5047.8000,5048.6000,1,1,2,1,1,1,1,5,2,3
SF,IC2001,2019-12-13 09:31:33.100,5045.6000,20039,0,476514240.000,0,-,-,-,-,5045.0000,5044.6000,5044.4000,5043.8000,5042.6000,5045.6000,5045.8000,5046.6000,5047.6000,5047.8000,1,1,2,1,1,2,1,1,5,2
SF,IC2001,2019-12-13 09:31:33.600,5045.6000,20039,0,476514240.000,0,-,-,-,-,5045.0000,5044.6000,5044.4000,5043.8000,5042.6000,5045.6000,5046.6000,5047.2000,5047.6000,5047.8000,1,1,2,1,1,2,1,2,5,2
SF,IC2001,2019-12-13 09:31:34.100,5045.0000,20039,0,477523240.000,1,0,1,多换,S,5044.6000,5044.4000,5043.8000,5042.6000,5042.2000,5045.6000,5046.6000,5047.2000,5047.6000,5047.8000,1,2,1,1,1,3,1,2,5,2
SF,IC2001,2019-12-13 09:31:34.600,5044.6000,20038,-1,478532160.000,1,0,1,双平,S,5044.4000,5043.8000,5042.6000,5042.2000,5042.0000,5044.6000,5045.6000,5046.6000,5047.6000,5047.8000,2,1,1,1,2,5,3,1,5,2
SF,IC2001,2019-12-13 09:31:35.100,5044.6000,20037,-1,479541080.000,1,0,1,双平,S,5044.4000,5043.8000,5042.6000,5042.2000,5042.0000,5044.6000,5045.6000,5046.4000,5046.6000,5047.4000,2,1,1,1,2,4,3,2,1,1
SF,IC2001,2019-12-13 09:31:35.600,5044.4000,20037,0,481558840.000,2,1,1,多换,S,5043.8000,5042.6000,5042.2000,5042.0000,5041.6000,5044.6000,5045.6000,5046.4000,5046.6000,5047.4000,1,1,1,2,1,4,3,2,1,1
SF,IC2001,2019-12-13 09:31:36.100,5044.4000,20037,0,481558840.000,0,-,-,-,-,5042.6000,5042.4000,5042.2000,5042.0000,5041.6000,5044.4000,5044.6000,5045.6000,5046.4000,5046.6000,1,1,1,2,1,1,4,3,2,1
SF,IC2001,2019-12-13 09:31:36.600,5044.6000,20038,1,484585320.000,3,2,1,空开,S,5042.8000,5042.6000,5042.4000,5042.2000,5042.0000,5043.8000,5044.6000,5045.6000,5046.4000,5046.6000,5,1,1,1,2,1,3,3,2,1
SF,IC2001,2019-12-13 09:31:37.100,5043.8000,20038,0,485594080.000,1,0,1,多换,S,5043.4000,5043.2000,5042.8000,5042.6000,5042.4000,5044.6000,5045.6000,5046.4000,5046.6000,5047.4000,1,1,7,1,1,3,3,2,1,1
SF,IC2001,2019-12-13 09:31:37.600,5043.8000,20038,0,485594080.000,0,-,-,-,-,5043.4000,5043.2000,5042.8000,5042.6000,5042.4000,5044.6000,5045.4000,5045.6000,5046.6000,5047.4000,1,1,6,1,1,3,2,3,1,1
SF,IC2001,2019-12-13 09:31:38.100,5043.8000,20038,0,485594080.000,0,-,-,-,-,5043.6000,5043.2000,5042.8000,5042.6000,5042.4000,5043.8000,5044.6000,5045.6000,5046.6000,5047.4000,4,1,3,1,1,1,3,3,1,1
SF,IC2001,2019-12-13 09:31:38.600,5043.8000,20037,-1,486602840.000,1,0,1,双平,S,5044.0000,5043.8000,5043.6000,5043.2000,5042.8000,5044.6000,5045.6000,5046.0000,5046.6000,5047.4000,1,3,5,1,3,3,3,2,1,1
SF,IC2001,2019-12-13 09:31:39.100,5043.6000,20033,-4,490637840.000,4,0,4,双平,S,5043.6000,5043.2000,5042.8000,5042.6000,5042.4000,5044.6000,5045.6000,5046.0000,5046.6000,5047.4000,4,1,3,1,1,3,3,2,1,1
SF,IC2001,2019-12-13 09:31:39.600,5044.4000,20032,-1,491646720.000,1,0,1,双平,S,5043.6000,5043.2000,5042.8000,5042.6000,5042.4000,5044.4000,5044.6000,5045.4000,5045.6000,5047.4000,2,1,3,1,1,2,3,2,3,1
SF,IC2001,2019-12-13 09:31:40.100,5043.6000,20031,-1,494672880.000,3,1,2,多平,S,5043.6000,5043.2000,5042.8000,5042.6000,5042.4000,5044.4000,5045.4000,5045.6000,5047.4000,5047.6000,2,1,2,1,1,2,2,3,1,5
SF,IC2001,2019-12-13 09:31:40.600,5043.6000,20031,0,494672880.000,0,-,-,-,-,5042.6000,5042.4000,5042.2000,5042.0000,5041.6000,5044.4000,5045.6000,5047.4000,5047.6000,5047.8000,1,1,1,2,1,2,3,1,5,2
SF,IC2001,2019-12-13 09:31:41.100,5043.0000,20029,-2,497698880.000,3,0,3,多平,S,5042.8000,5042.6000,5042.4000,5042.2000,5042.0000,5045.6000,5046.6000,5047.4000,5047.6000,5047.8000,4,1,1,1,2,3,2,1,5,2
SF,IC2001,2019-12-13 09:31:41.600,5043.0000,20029,0,497698880.000,0,-,-,-,-,5043.2000,5043.0000,5042.8000,5042.6000,5042.4000,5045.4000,5045.6000,5046.6000,5047.4000,5047.6000,1,1,8,1,1,3,3,2,1,5
SF,IC2001,2019-12-13 09:31:42.100,5043.0000,20029,0,497698880.000,0,-,-,-,-,5043.4000,5043.2000,5043.0000,5042.8000,5042.6000,5045.4000,5045.6000,5046.6000,5047.4000,5047.6000,2,1,1,6,1,3,3,2,1,5
SF,IC2001,2019-12-13 09:31:42.600,5043.0000,20029,0,497698880.000,0,-,-,-,-,5043.8000,5043.6000,5043.4000,5043.2000,5043.0000,5045.4000,5045.6000,5046.6000,5047.4000,5047.6000,1,3,2,2,1,3,3,2,1,5
SF,IC2001,2019-12-13 09:31:43.100,5043.8000,20027,-2,500725160.000,3,0,3,多平,S,5043.6000,5043.4000,5043.2000,5043.0000,5042.8000,5045.4000,5045.6000,5046.6000,5047.4000,5047.6000,5,1,2,1,2,2,3,2,1,5
SF,IC2001,2019-12-13 09:31:43.600,5043.6000,20027,0,503751320.000,3,1,2,多换,S,5043.6000,5043.4000,5043.2000,5043.0000,5042.8000,5045.4000,5045.6000,5046.6000,5047.4000,5047.6000,5,1,2,1,2,2,3,2,1,5
SF,IC2001,2019-12-13 09:31:44.100,5043.6000,20027,0,503751320.000,0,-,-,-,-,5044.0000,5043.6000,5043.4000,5043.2000,5043.0000,5045.4000,5045.6000,5046.6000,5047.4000,5047.6000,1,5,2,2,1,2,3,2,1,5
SF,IC2001,2019-12-13 09:31:44.600,5043.6000,20027,0,503751320.000,0,-,-,-,-,5044.0000,5043.6000,5043.4000,5043.2000,5043.0000,5045.4000,5045.6000,5046.6000,5047.4000,5047.6000,2,3,2,2,1,2,3,2,1,5
SF,IC2001,2019-12-13 09:31:45.100,5044.0000,20027,0,505768920.000,2,1,1,多换,S,5043.6000,5043.4000,5043.2000,5043.0000,5042.8000,5044.8000,5045.4000,5045.6000,5046.6000,5047.4000,3,2,2,1,2,1,3,3,2,1
SF,IC2001,2019-12-13 09:31:45.600,5044.0000,20027,0,505768920.000,0,-,-,-,-,5044.0000,5043.8000,5043.6000,5043.4000,5043.2000,5044.6000,5044.8000,5045.4000,5045.6000,5046.6000,1,3,1,2,2,2,1,1,3,2
SF,IC2001,2019-12-13 09:31:46.100,5043.8000,20025,-2,508795240.000,3,0,3,多平,S,5043.4000,5043.2000,5042.8000,5042.6000,5042.4000,5044.0000,5044.6000,5044.8000,5045.0000,5045.4000,1,2,1,1,1,1,2,1,1,1
SF,IC2001,2019-12-13 09:31:46.600,5043.4000,20025,0,509803920.000,1,0,1,多换,S,5043.2000,5042.8000,5042.6000,5042.4000,5042.2000,5043.6000,5043.8000,5044.0000,5044.4000,5044.8000,1,1,1,1,1,1,2,1,1,1
SF,IC2001,2019-12-13 09:31:47.100,5043.2000,20024,-1,510812560.000,1,0,1,双平,S,5043.0000,5042.6000,5042.4000,5042.2000,5042.0000,5043.6000,5043.8000,5044.0000,5044.4000,5044.8000,5,1,1,1,2,3,2,2,1,1
SF,IC2001,2019-12-13 09:31:47.600,5043.2000,20024,0,510812560.000,0,-,-,-,-,5043.0000,5042.6000,5042.4000,5042.2000,5042.0000,5043.6000,5043.8000,5044.0000,5044.4000,5044.8000,5,1,1,1,2,3,2,2,1,1
SF,IC2001,2019-12-13 09:31:48.100,5043.0000,20024,0,514847400.000,4,2,2,多换,S,5043.0000,5042.6000,5042.4000,5042.2000,5042.0000,5044.0000,5044.4000,5045.0000,5045.4000,5045.6000,4,1,1,1,2,1,1,1,1,3
SF,IC2001,2019-12-13 09:31:48.600,5043.0000,20024,0,514847400.000,0,-,-,-,-,5043.0000,5042.6000,5042.4000,5042.2000,5042.0000,5043.8000,5044.0000,5044.4000,5045.0000,5045.4000,5,1,1,1,2,2,1,1,1,1
SF,IC2001,2019-12-13 09:31:49.100,5043.2000,20025,1,516864680.000,2,1,1,空开,S,5043.2000,5043.0000,5042.6000,5042.4000,5042.2000,5043.8000,5044.0000,5044.4000,5045.0000,5045.4000,1,5,1,1,1,2,1,1,1,1
SF,IC2001,2019-12-13 09:31:49.600,5043.2000,20025,0,516864680.000,0,-,-,-,-,5043.4000,5043.0000,5042.6000,5042.4000,5042.2000,5043.8000,5044.0000,5044.4000,5045.0000,5045.4000,1,5,1,1,1,2,1,1,1,1
SF,IC2001,2019-12-13 09:31:50.100,5043.0000,20027,2,519890560.000,3,2,1,空开,S,5043.0000,5042.6000,5042.4000,5042.2000,5042.0000,5043.4000,5044.0000,5044.4000,5045.0000,5045.4000,3,1,1,1,2,3,1,1,3,1
SF,IC2001,2019-12-13 09:31:50.600,5043.0000,20027,0,522916360.000,3,1,2,多换,S,5042.6000,5042.4000,5042.2000,5042.0000,5041.6000,5043.0000,5043.2000,5043.4000,5044.0000,5044.4000,1,1,1,2,1,1,2,3,1,1
SF,IC2001,2019-12-13 09:31:51.100,5043.0000,20027,0,522916360.000,0,-,-,-,-,5042.6000,5042.2000,5042.0000,5041.6000,5041.2000,5043.0000,5043.2000,5043.4000,5044.0000,5044.4000,1,1,2,1,1,1,2,3,1,1
SF,IC2001,2019-12-13 09:31:51.600,5042.2000,20027,0,524933320.000,2,1,1,多换,S,5042.0000,5041.6000,5041.2000,5040.0000,5039.0000,5042.8000,5043.0000,5043.4000,5044.0000,5044.4000,2,1,1,31,2,2,2,3,1,1
SF,IC2001,2019-12-13 09:31:52.100,5042.6000,20027,0,525941840.000,1,0,1,多换,S,5042.0000,5041.6000,5041.2000,5040.0000,5039.0000,5042.6000,5042.8000,5043.0000,5043.4000,5044.0000,2,1,1,31,2,3,2,2,3,1
SF,IC2001,2019-12-13 09:31:52.600,5042.6000,20027,0,525941840.000,0,-,-,-,-,5042.0000,5041.6000,5041.2000,5040.0000,5039.0000,5042.6000,5042.8000,5043.0000,5043.4000,5044.0000,2,1,1,31,2,3,2,2,3,1
SF,IC2001,2019-12-13 09:31:53.100,5042.0000,20027,0,526950240.000,1,0,1,多换,S,5042.0000,5041.6000,5041.2000,5040.0000,5039.0000,5042.4000,5042.6000,5043.0000,5043.4000,5044.0000,1,1,1,31,2,2,3,2,3,1
SF,IC2001,2019-12-13 09:31:53.600,5042.0000,20027,0,526950240.000,0,-,-,-,-,5042.0000,5041.6000,5040.0000,5039.0000,5038.6000,5042.4000,5042.6000,5043.0000,5043.4000,5043.8000,1,1,32,2,1,2,3,2,3,2
SF,IC2001,2019-12-13 09:31:54.100,5040.0000,20027,0,529974960.000,3,1,2,多换,S,5040.0000,5039.0000,5038.0000,5037.4000,5037.0000,5042.0000,5042.4000,5042.6000,5043.0000,5043.4000,31,2,1,1,1,1,2,3,2,3
SF,IC2001,2019-12-13 09:31:54.600,5040.0000,20027,0,529974960.000,0,-,-,-,-,5040.4000,5040.2000,5040.0000,5039.0000,5038.0000,5041.8000,5042.0000,5042.6000,5043.0000,5043.4000,3,2,32,2,1,2,1,3,2,3
SF,IC2001,2019-12-13 09:31:55.100,5040.0000,20026,-1,530982960.000,1,0,1,双平,S,5040.6000,5040.4000,5040.2000,5040.0000,5039.0000,5042.0000,5042.6000,5043.0000,5043.4000,5043.8000,5,3,1,33,2,1,3,2,3,2
SF,IC2001,2019-12-13 09:31:55.600,5042.0000,20025,-1,531991360.000,1,0,1,双平,S,5041.8000,5041.0000,5040.8000,5040.6000,5040.4000,5042.0000,5042.6000,5043.0000,5043.4000,5043.8000,1,1,2,6,1,3,3,2,3,2
SF,IC2001,2019-12-13 09:31:56.100,5042.0000,20025,0,531991360.000,0,-,-,-,-,5041.0000,5040.8000,5040.6000,5040.4000,5040.0000,5042.0000,5042.6000,5043.0000,5043.4000,5043.8000,1,2,3,1,33,3,3,2,3,2
SF,IC2001,2019-12-13 09:31:56.600,5042.0000,20025,0,532999760.000,1,0,1,多换,S,5041.0000,5040.8000,5040.6000,5040.4000,5040.0000,5041.8000,5042.0000,5042.6000,5043.0000,5043.4000,1,2,3,1,33,2,3,3,2,3
SF,IC2001,2019-12-13 09:31:57.100,5041.0000,20019,-6,541065160.000,8,1,7,多平,S,5041.2000,5041.0000,5040.4000,5040.0000,5039.8000,5041.8000,5042.0000,5042.6000,5043.0000,5043.4000,1,1,1,33,1,2,3,3,2,3
SF,IC2001,2019-12-13 09:31:57.600,5041.2000,20018,-1,542073400.000,1,0,1,双平,S,5041.0000,5040.4000,5040.0000,5039.8000,5039.0000,5041.8000,5042.0000,5042.2000,5042.6000,5043.0000,1,1,33,1,2,2,3,4,3,2
SF,IC2001,2019-12-13 09:31:58.100,5041.6000,20018,0,543081720.000,1,0,1,多换,S,5040.0000,5039.0000,5038.0000,5037.4000,5037.0000,5041.0000,5041.6000,5041.8000,5042.0000,5042.2000,33,2,1,1,1,3,2,2,3,4
SF,IC2001,2019-12-13 09:31:58.600,5041.6000,20018,0,544090040.000,1,0,1,多换,S,5040.0000,5039.0000,5038.0000,5037.4000,5037.0000,5041.0000,5041.6000,5041.8000,5042.0000,5042.2000,33,2,1,1,1,2,2,2,7,4
SF,IC2001,2019-12-13 09:31:59.100,5041.6000,20018,0,544090040.000,0,-,-,-,-,5040.2000,5040.0000,5039.0000,5038.0000,5037.4000,5040.8000,5041.0000,5041.8000,5042.0000,5042.2000,1,31,2,1,1,2,2,2,7,4
SF,IC2001,2019-12-13 09:31:59.600,5040.2000,20017,-1,545098080.000,1,0,1,双平,S,5040.0000,5039.0000,5038.0000,5037.4000,5037.0000,5040.2000,5040.8000,5041.0000,5041.2000,5041.8000,31,2,1,1,1,2,2,2,1,2
SF,IC2001,2019-12-13 09:32:00.100,5041.8000,20015,-2,556187840.000,11,4,7,多平,S,5041.8000,5040.2000,5040.0000,5039.0000,5038.2000,5042.0000,5042.2000,5042.6000,5043.0000,5043.4000,3,1,28,2,1,9,4,3,1,3
SF,IC2001,2019-12-13 09:32:00.600,5041.8000,20015,0,559212920.000,3,1,2,多换,S,5040.4000,5040.2000,5040.0000,5039.0000,5038.2000,5041.6000,5041.8000,5042.0000,5042.2000,5042.6000,2,2,28,2,1,2,2,9,4,3
SF,IC2001,2019-12-13 09:32:01.100,5041.8000,20013,-2,567279800.000,8,3,5,多平,S,5040.8000,5040.6000,5040.4000,5040.2000,5040.0000,5042.0000,5042.2000,5042.6000,5043.0000,5043.4000,1,2,2,2,28,9,4,3,1,3
SF,IC2001,2019-12-13 09:32:01.600,5042.0000,20008,-5,577363800.000,10,2,8,多平,S,5041.8000,5041.6000,5040.8000,5040.6000,5040.4000,5042.2000,5042.6000,5043.0000,5043.4000,5043.6000,1,1,1,1,2,4,3,1,3,1
SF,IC2001,2019-12-13 09:32:02.100,5042.6000,20002,-6,583414480.000,6,0,6,双平,S,5041.6000,5040.8000,5040.4000,5040.2000,5040.0000,5042.6000,5043.0000,5043.4000,5043.8000,5044.8000,1,3,2,2,28,2,1,3,2,1
SF,IC2001,2019-12-13 09:32:02.600,5041.8000,20000,-2,585431200.000,2,0,2,双平,S,5041.6000,5040.8000,5040.4000,5040.2000,5040.0000,5042.4000,5042.6000,5043.0000,5043.4000,5043.8000,1,3,2,2,29,2,2,1,3,2
SF,IC2001,2019-12-13 09:32:03.100,5041.6000,19999,-1,586439520.000,1,0,1,双平,S,5040.8000,5040.4000,5040.2000,5040.0000,5039.6000,5042.4000,5042.6000,5043.0000,5043.4000,5043.8000,1,2,2,29,1,2,2,1,3,2
SF,IC2001,2019-12-13 09:32:03.600,5040.8000,19998,-1,587447680.000,1,0,1,双平,S,5040.4000,5040.2000,5040.0000,5039.6000,5039.0000,5040.8000,5041.6000,5042.4000,5042.6000,5043.0000,2,2,29,1,2,2,1,2,2,1
SF,IC2001,2019-12-13 09:32:04.100,5040.8000,19995,-3,590472160.000,3,0,3,双平,S,5041.0000,5040.8000,5040.4000,5040.2000,5040.0000,5041.6000,5042.6000,5043.0000,5043.4000,5043.8000,3,3,2,2,29,1,2,1,3,2
SF,IC2001,2019-12-13 09:32:04.600,5040.8000,19995,0,590472160.000,0,-,-,-,-,5040.8000,5040.4000,5040.2000,5040.0000,5039.6000,5041.6000,5042.6000,5043.0000,5043.2000,5043.4000,5,2,2,29,1,1,2,1,1,3
SF,IC2001,2019-12-13 09:32:05.100,5040.8000,19996,1,595512960.000,5,3,2,空开,S,5040.4000,5040.2000,5040.0000,5039.6000,5039.0000,5041.6000,5042.6000,5043.0000,5043.2000,5043.4000,2,2,29,1,2,1,2,1,1,3
SF,IC2001,2019-12-13 09:32:05.600,5041.6000,19995,-1,596521280.000,1,0,1,双平,S,5040.6000,5040.4000,5040.2000,5040.0000,5039.6000,5043.0000,5043.2000,5043.4000,5043.8000,5044.8000,2,3,2,29,1,1,1,3,2,1
SF,IC2001,2019-12-13 09:32:06.100,5041.6000,19995,0,596521280.000,0,-,-,-,-,5040.6000,5040.4000,5040.2000,5040.0000,5039.6000,5042.8000,5043.0000,5043.2000,5043.8000,5044.8000,3,3,2,29,1,3,1,1,2,1
SF,IC2001,2019-12-13 09:32:06.600,5043.0000,19991,-4,600555560.000,4,0,4,双平,S,5041.0000,5040.8000,5040.6000,5040.4000,5040.2000,5043.2000,5043.8000,5044.8000,5045.0000,5045.4000,1,5,2,3,2,1,2,1,1,1
SF,IC2001,2019-12-13 09:32:07.100,5043.0000,19991,0,600555560.000,0,-,-,-,-,5041.2000,5041.0000,5040.8000,5040.4000,5040.2000,5043.0000,5043.2000,5043.8000,5044.8000,5045.0000,2,1,6,3,2,2,1,2,1,1
SF,IC2001,2019-12-13 09:32:07.600,5041.4000,19991,0,601563840.000,1,0,1,多换,S,5041.4000,5041.2000,5041.0000,5040.8000,5040.4000,5043.0000,5043.2000,5043.8000,5044.8000,5045.0000,1,2,2,5,3,2,1,2,1,1
SF,IC2001,2019-12-13 09:32:08.100,5041.4000,19991,0,601563840.000,0,-,-,-,-,5041.4000,5041.2000,5041.0000,5040.8000,5040.4000,5043.0000,5043.2000,5043.8000,5044.8000,5045.0000,2,2,2,5,3,2,1,2,1,1
SF,IC2001,2019-12-13 09:32:08.600,5043.0000,19991,0,602572440.000,1,0,1,多换,S,5041.6000,5041.4000,5041.0000,5040.8000,5040.4000,5043.0000,5043.2000,5043.8000,5044.8000,5045.0000,2,2,2,5,3,1,1,2,1,1
SF,IC2001,2019-12-13 09:32:09.100,5043.0000,19991,0,603581040.000,1,0,1,多换,S,5041.6000,5041.4000,5041.0000,5040.8000,5040.4000,5043.2000,5043.8000,5044.8000,5045.0000,5045.4000,2,1,1,3,3,1,2,1,1,1
SF,IC2001,2019-12-13 09:32:09.600,5041.8000,19989,-2,605597760.000,2,0,2,双平,S,5041.8000,5041.6000,5041.4000,5041.0000,5040.8000,5043.2000,5043.8000,5044.8000,5045.0000,5045.4000,1,2,1,1,3,1,2,1,1,1
SF,IC2001,2019-12-13 09:32:10.100,5041.8000,19990,1,607614480.000,2,1,1,空开,S,5043.2000,5042.0000,5041.8000,5041.4000,5041.0000,5044.8000,5045.0000,5045.4000,5046.2000,5047.4000,2,2,2,1,1,1,1,1,1,1
SF,IC2001,2019-12-13 09:32:10.600,5043.2000,19990,0,609631760.000,2,1,1,多换,S,5042.0000,5041.8000,5041.4000,5041.0000,5040.8000,5043.2000,5044.6000,5044.8000,5045.0000,5045.4000,2,1,1,1,4,1,5,1,1,1
SF,IC2001,2019-12-13 09:32:11.100,5044.6000,19989,-1,611649320.000,2,0,2,多平,S,5043.4000,5043.2000,5042.0000,5041.8000,5041.4000,5044.6000,5044.8000,5045.0000,5045.4000,5046.2000,1,3,2,1,1,4,1,1,1,1
SF,IC2001,2019-12-13 09:32:11.600,5042.0000,19986,-3,614675040.000,3,0,3,双平,S,5042.0000,5041.4000,5041.0000,5040.8000,5040.4000,5044.6000,5044.8000,5045.0000,5045.4000,5046.2000,1,1,1,4,1,4,1,1,1,1
SF,IC2001,2019-12-13 09:32:12.100,5042.0000,19986,0,614675040.000,0,-,-,-,-,5042.2000,5042.0000,5041.4000,5041.0000,5040.8000,5044.8000,5045.0000,5045.4000,5046.2000,5047.4000,3,1,1,1,2,1,1,1,1,1
SF,IC2001,2019-12-13 09:32:12.600,5044.6000,19986,0,615683960.000,1,0,1,多换,S,5042.4000,5042.2000,5041.4000,5041.0000,5040.8000,5044.6000,5044.8000,5045.0000,5045.4000,5046.2000,3,6,1,1,2,1,1,1,3,1
SF,IC2001,2019-12-13 09:32:13.100,5043.2000,19986,0,617701400.000,2,1,1,多换,S,5042.8000,5042.6000,5042.4000,5042.2000,5042.0000,5045.0000,5045.4000,5046.2000,5047.4000,5047.6000,1,3,3,6,1,1,1,1,1,6
SF,IC2001,2019-12-13 09:32:13.600,5043.2000,19986,0,617701400.000,0,-,-,-,-,5043.0000,5042.6000,5042.4000,5042.2000,5041.4000,5044.8000,5045.0000,5045.2000,5045.4000,5046.2000,2,2,1,3,1,2,1,2,1,1
SF,IC2001,2019-12-13 09:32:14.100,5044.8000,19986,0,619718960.000,2,1,1,多换,S,5043.0000,5042.6000,5042.4000,5042.2000,5041.4000,5044.8000,5045.0000,5045.2000,5045.4000,5046.2000,2,2,1,3,1,1,1,2,1,1
SF,IC2001,2019-12-13 09:32:14.600,5043.2000,19985,-1,620727600.000,1,0,1,双平,S,5043.2000,5043.0000,5042.6000,5042.4000,5042.2000,5044.8000,5045.0000,5045.2000,5045.4000,5046.2000,1,2,2,1,2,1,1,2,1,1
SF,IC2001,2019-12-13 09:32:15.100,5044.8000,19986,1,621736560.000,1,1,0,双开,S,5043.4000,5043.2000,5043.0000,5042.6000,5042.4000,5045.0000,5045.2000,5046.2000,5047.4000,5047.6000,2,1,1,2,1,1,2,1,1,6
SF,IC2001,2019-12-13 09:32:15.600,5044.8000,19986,0,621736560.000,0,-,-,-,-,5043.6000,5043.4000,5043.2000,5043.0000,5042.6000,5045.0000,5046.2000,5047.4000,5047.6000,5047.8000,1,2,1,1,2,1,1,1,6,2
SF,IC2001,2019-12-13 09:32:16.100,5043.6000,19983,-3,624762800.000,3,0,3,双平,S,5044.8000,5043.2000,5043.0000,5042.6000,5042.4000,5045.0000,5045.8000,5046.2000,5046.4000,5047.4000,1,1,1,2,1,1,1,1,2,1
SF,IC2001,2019-12-13 09:32:16.600,5044.8000,19983,0,628798640.000,4,2,2,多换,S,5043.2000,5042.6000,5042.4000,5042.2000,5042.0000,5045.0000,5045.8000,5046.2000,5046.4000,5047.4000,1,2,1,2,1,1,1,1,2,1
SF,IC2001,2019-12-13 09:32:17.100,5044.8000,19983,0,628798640.000,0,-,-,-,-,5043.4000,5043.2000,5042.6000,5042.4000,5042.2000,5044.8000,5045.0000,5045.8000,5046.2000,5046.4000,3,2,2,1,2,2,1,1,1,2
SF,IC2001,2019-12-13 09:32:17.600,5044.8000,19983,0,628798640.000,0,-,-,-,-,5043.4000,5043.2000,5042.6000,5042.4000,5042.2000,5045.0000,5045.8000,5046.2000,5046.4000,5047.4000,3,3,2,1,2,1,1,1,2,1
SF,IC2001,2019-12-13 09:32:18.100,5044.8000,19983,0,628798640.000,0,-,-,-,-,5043.6000,5043.4000,5043.2000,5042.6000,5042.4000,5045.0000,5045.8000,5046.2000,5046.4000,5047.4000,1,3,2,2,1,1,1,1,2,1
SF,IC2001,2019-12-13 09:32:18.600,5044.8000,19983,0,628798640.000,0,-,-,-,-,5043.8000,5043.6000,5043.4000,5043.2000,5042.6000,5045.0000,5045.8000,5046.2000,5046.4000,5047.4000,2,1,1,2,2,1,1,1,2,1
SF,IC2001,2019-12-13 09:32:19.100,5043.8000,19981,-2,630816160.000,2,0,2,双平,S,5043.6000,5043.4000,5043.2000,5042.6000,5042.4000,5043.8000,5045.0000,5045.8000,5046.2000,5046.4000,1,1,1,2,1,1,1,1,1,2
SF,IC2001,2019-12-13 09:32:19.600,5043.8000,19980,-1,631824920.000,1,0,1,双平,S,5043.8000,5043.6000,5043.4000,5043.2000,5042.6000,5044.6000,5045.0000,5045.8000,5046.2000,5046.4000,2,1,1,1,2,1,1,1,1,2
SF,IC2001,2019-12-13 09:32:20.100,5043.8000,19980,0,631824920.000,0,-,-,-,-,5044.0000,5043.8000,5043.4000,5043.2000,5042.6000,5044.6000,5045.0000,5045.8000,5046.2000,5046.4000,1,7,1,1,2,1,1,1,1,2
SF,IC2001,2019-12-13 09:32:20.600,5043.8000,19980,0,631824920.000,0,-,-,-,-,5043.8000,5043.4000,5043.2000,5042.6000,5042.4000,5044.6000,5045.0000,5045.8000,5046.2000,5046.4000,7,1,1,2,1,1,1,1,1,2
SF,IC2001,2019-12-13 09:32:21.100,5044.6000,19980,0,632833840.000,1,0,1,多换,S,5044.6000,5043.8000,5043.4000,5043.2000,5042.6000,5045.0000,5045.8000,5046.2000,5046.4000,5047.4000,1,7,1,1,2,1,1,1,2,1
SF,IC2001,2019-12-13 09:32:21.600,5045.0000,19979,-1,634851640.000,2,0,2,多平,S,5043.8000,5043.4000,5043.2000,5042.6000,5042.4000,5045.8000,5046.2000,5046.4000,5047.4000,5047.6000,7,1,1,2,1,1,1,2,1,6
SF,IC2001,2019-12-13 09:32:22.100,5045.0000,19979,0,634851640.000,0,-,-,-,-,5044.0000,5043.8000,5043.2000,5042.6000,5042.4000,5044.6000,5045.6000,5045.8000,5046.2000,5046.4000,3,7,1,2,1,3,2,2,1,2
SF,IC2001,2019-12-13 09:32:22.600,5045.0000,19979,0,634851640.000,0,-,-,-,-,5044.0000,5043.8000,5043.2000,5042.4000,5042.2000,5044.6000,5045.6000,5045.8000,5046.2000,5046.4000,1,3,1,1,2,3,2,2,1,2
SF,IC2001,2019-12-13 09:32:23.100,5043.8000,19979,0,636869200.000,2,1,1,多换,S,5043.8000,5043.2000,5042.4000,5042.2000,5042.0000,5044.0000,5044.6000,5045.6000,5045.8000,5046.2000,1,1,1,2,1,1,3,2,2,1
SF,IC2001,2019-12-13 09:32:23.600,5044.6000,19978,-1,638886920.000,2,0,2,多平,S,5043.8000,5043.2000,5042.4000,5042.2000,5042.0000,5044.6000,5045.6000,5045.8000,5046.2000,5047.4000,1,1,1,2,1,2,2,4,1,1
SF,IC2001,2019-12-13 09:32:24.100,5043.8000,19977,-1,639895680.000,1,0,1,双平,S,5043.2000,5042.4000,5042.2000,5042.0000,5041.0000,5043.8000,5044.6000,5045.6000,5045.8000,5046.2000,1,1,2,1,1,2,2,2,4,1
SF,IC2001,2019-12-13 09:32:24.600,5043.2000,19978,1,640904320.000,1,1,0,双开,S,5042.2000,5042.0000,5041.0000,5040.8000,5040.4000,5043.2000,5043.8000,5044.6000,5045.6000,5045.8000,2,1,1,1,1,4,4,2,2,2
SF,IC2001,2019-12-13 09:32:25.100,5043.2000,19978,0,640904320.000,0,-,-,-,-,5041.0000,5040.8000,5040.4000,5040.0000,5039.6000,5043.2000,5043.8000,5044.6000,5045.0000,5045.2000,1,1,1,29,2,4,4,2,1,2
SF,IC2001,2019-12-13 09:32:25.600,5043.2000,19978,0,642921600.000,2,1,1,多换,S,5041.6000,5041.4000,5041.2000,5041.0000,5040.8000,5043.2000,5043.8000,5044.6000,5045.0000,5045.2000,1,4,2,1,1,2,4,2,1,2
SF,IC2001,2019-12-13 09:32:26.100,5043.2000,19978,0,643930240.000,1,0,1,多换,S,5041.8000,5041.6000,5041.4000,5041.0000,5040.8000,5043.2000,5043.8000,5044.6000,5045.0000,5045.2000,2,1,3,1,1,1,4,2,1,2
SF,IC2001,2019-12-13 09:32:26.600,5043.2000,19978,0,643930240.000,0,-,-,-,-,5041.8000,5041.6000,5041.4000,5041.0000,5040.8000,5043.2000,5043.8000,5044.6000,5045.0000,5045.2000,3,1,2,1,1,1,4,2,1,2
SF,IC2001,2019-12-13 09:32:27.100,5043.2000,19979,1,645947520.000,2,1,1,空开,S,5041.8000,5041.6000,5041.4000,5041.0000,5040.8000,5043.8000,5044.6000,5045.0000,5045.2000,5045.6000,3,1,2,1,1,4,2,1,2,2
SF,IC2001,2019-12-13 09:32:27.600,5043.6000,19978,-1,646956240.000,1,0,1,双平,S,5041.8000,5041.6000,5041.4000,5041.0000,5040.8000,5043.6000,5043.8000,5044.6000,5045.0000,5045.2000,3,1,2,2,1,1,4,2,1,2
SF,IC2001,2019-12-13 09:32:28.100,5043.6000,19978,0,646956240.000,0,-,-,-,-,5043.2000,5041.8000,5041.4000,5041.0000,5040.8000,5043.6000,5043.8000,5044.6000,5045.0000,5045.8000,1,2,1,2,1,2,4,2,1,2
SF,IC2001,2019-12-13 09:32:28.600,5043.2000,19978,0,647964880.000,1,0,1,多换,S,5041.8000,5041.4000,5041.0000,5040.8000,5040.4000,5043.6000,5043.8000,5044.6000,5045.0000,5045.4000,2,1,2,1,1,2,5,2,1,2
SF,IC2001,2019-12-13 09:32:29.100,5043.2000,19978,0,647964880.000,0,-,-,-,-,5041.8000,5041.4000,5041.0000,5040.8000,5040.4000,5043.4000,5043.6000,5043.8000,5044.6000,5045.0000,2,1,2,1,1,2,1,5,2,1
SF,IC2001,2019-12-13 09:32:29.600,5043.2000,19978,0,648973520.000,1,0,1,多换,S,5042.0000,5041.8000,5041.4000,5041.0000,5040.8000,5043.6000,5043.8000,5044.6000,5045.0000,5045.2000,2,3,1,2,1,1,5,2,1,2
SF,IC2001,2019-12-13 09:32:30.100,5043.8000,19976,-2,653008520.000,4,1,3,多平,S,5043.6000,5043.4000,5042.4000,5042.2000,5042.0000,5043.8000,5044.6000,5045.8000,5046.2000,5047.4000,2,1,1,5,2,2,2,2,1,1
SF,IC2001,2019-12-13 09:32:30.600,5043.8000,19975,-1,656034800.000,3,1,2,多平,S,5044.0000,5043.8000,5043.6000,5043.4000,5042.4000,5044.6000,5045.8000,5046.2000,5047.4000,5047.6000,1,2,2,1,1,2,2,3,1,6
SF,IC2001,2019-12-13 09:32:31.100,5044.6000,19975,0,658052640.000,2,1,1,多换,S,5044.0000,5043.8000,5043.6000,5043.4000,5042.4000,5045.8000,5046.2000,5047.4000,5047.6000,5047.8000,1,1,2,1,1,2,3,1,6,2
SF,IC2001,2019-12-13 09:32:31.600,5044.6000,19975,0,658052640.000,0,-,-,-,-,5043.8000,5043.6000,5043.4000,5042.4000,5042.2000,5044.0000,5045.6000,5045.8000,5046.2000,5047.4000,1,2,1,1,3,3,2,2,3,1
SF,IC2001,2019-12-13 09:32:32.100,5044.0000,19972,-3,661079040.000,3,0,3,双平,S,5044.0000,5043.8000,5043.6000,5043.4000,5042.4000,5045.6000,5045.8000,5046.2000,5047.4000,5047.6000,1,1,2,1,1,3,2,3,1,6
SF,IC2001,2019-12-13 09:32:32.600,5044.0000,19972,0,661079040.000,0,-,-,-,-,5044.2000,5044.0000,5043.8000,5043.6000,5043.4000,5045.6000,5045.8000,5046.2000,5046.4000,5047.4000,1,1,1,2,1,3,2,3,1,1
SF,IC2001,2019-12-13 09:32:33.100,5044.0000,19972,0,661079040.000,0,-,-,-,-,5044.2000,5044.0000,5043.8000,5043.6000,5043.4000,5045.6000,5045.8000,5046.2000,5046.4000,5047.4000,1,1,1,2,1,3,2,1,1,1
SF,IC2001,2019-12-13 09:32:33.600,5044.0000,19966,-6,667132680.000,6,0,6,双平,S,5043.8000,5043.6000,5043.4000,5043.2000,5043.0000,5044.0000,5045.8000,5046.2000,5046.4000,5047.2000,1,2,1,2,6,7,2,1,1,2
SF,IC2001,2019-12-13 09:32:34.100,5044.0000,19961,-5,674194280.000,7,1,6,多平,S,5044.8000,5044.6000,5044.2000,5044.0000,5043.8000,5045.8000,5046.4000,5047.2000,5047.4000,5047.6000,2,2,4,13,1,2,1,2,1,6
SF,IC2001,2019-12-13 09:32:34.600,5045.8000,19963,2,676212600.000,2,2,0,双开,S,5045.0000,5044.8000,5044.2000,5044.0000,5043.8000,5046.4000,5047.2000,5047.4000,5047.6000,5047.8000,4,2,2,7,1,1,2,1,6,2
SF,IC2001,2019-12-13 09:32:35.100,5045.0000,19961,-2,679239800.000,3,0,3,多平,S,5045.0000,5044.8000,5044.2000,5044.0000,5043.8000,5046.2000,5046.4000,5047.2000,5047.4000,5047.6000,3,2,3,6,1,2,1,2,1,6
SF,IC2001,2019-12-13 09:32:35.600,5045.0000,19961,0,679239800.000,0,-,-,-,-,5045.2000,5045.0000,5044.8000,5044.2000,5044.0000,5046.4000,5047.6000,5047.8000,5048.8000,5049.0000,2,3,2,3,6,1,6,2,1,2
SF,IC2001,2019-12-13 09:32:36.100,5045.0000,19961,0,679239800.000,0,-,-,-,-,5045.4000,5045.2000,5045.0000,5044.8000,5044.2000,5046.4000,5047.6000,5047.8000,5048.8000,5049.0000,2,2,1,2,3,1,6,4,1,2
SF,IC2001,2019-12-13 09:32:36.600,5045.0000,19961,0,679239800.000,0,-,-,-,-,5045.8000,5045.6000,5045.4000,5045.0000,5044.8000,5046.4000,5047.6000,5047.8000,5048.8000,5049.0000,1,2,2,1,2,1,6,4,1,2
SF,IC2001,2019-12-13 09:32:37.100,5045.8000,19960,-1,682267280.000,3,1,2,多平,S,5045.0000,5044.8000,5044.2000,5044.0000,5043.8000,5045.8000,5046.4000,5047.6000,5047.8000,5048.8000,1,2,3,6,1,1,2,6,4,1
SF,IC2001,2019-12-13 09:32:37.600,5046.4000,19957,-3,685295000.000,3,0,3,双平,S,5046.4000,5045.0000,5044.8000,5044.2000,5044.0000,5047.6000,5047.8000,5048.8000,5049.0000,5049.4000,2,1,2,3,5,6,4,1,2,2
SF,IC2001,2019-12-13 09:32:38.100,5046.4000,19955,-2,687313560.000,2,0,2,双平,S,5046.2000,5045.8000,5045.4000,5045.0000,5044.8000,5047.4000,5047.6000,5047.8000,5048.8000,5049.0000,1,5,1,1,2,2,6,4,1,2
SF,IC2001,2019-12-13 09:32:38.600,5046.4000,19955,0,687313560.000,0,-,-,-,-,5046.4000,5046.2000,5045.8000,5045.4000,5045.0000,5047.6000,5047.8000,5049.0000,5049.4000,5049.8000,2,1,5,1,1,6,2,2,4,1
SF,IC2001,2019-12-13 09:32:39.100,5046.4000,19953,-2,689332120.000,2,0,2,双平,S,5046.2000,5045.8000,5045.4000,5045.0000,5044.8000,5046.4000,5047.6000,5047.8000,5049.0000,5049.4000,1,5,1,1,2,1,6,2,2,4
SF,IC2001,2019-12-13 09:32:39.600,5047.6000,19949,-4,694379480.000,5,0,5,多平,S,5047.0000,5046.8000,5046.6000,5046.4000,5046.2000,5047.6000,5047.8000,5049.0000,5049.4000,5049.8000,4,3,3,11,1,2,2,2,2,1
SF,IC2001,2019-12-13 09:32:40.100,5047.8000,19945,-4,700436440.000,6,1,5,多平,S,5047.8000,5047.6000,5047.2000,5047.0000,5046.8000,5049.0000,5049.4000,5049.8000,5050.0000,5050.2000,1,1,1,3,1,2,2,1,2,1
SF,IC2001,2019-12-13 09:32:40.600,5047.8000,19945,0,700436440.000,0,-,-,-,-,5048.2000,5048.0000,5047.8000,5047.6000,5047.4000,5049.0000,5049.4000,5049.8000,5050.0000,5050.2000,1,2,1,1,2,2,2,1,2,1
SF,IC2001,2019-12-13 09:32:41.100,5048.0000,19943,-2,702455680.000,2,0,2,双平,S,5047.6000,5047.4000,5047.0000,5046.8000,5046.6000,5048.0000,5049.0000,5049.4000,5049.8000,5050.0000,1,2,1,1,2,3,2,2,1,2
SF,IC2001,2019-12-13 09:32:41.600,5047.8000,19942,-1,703465240.000,1,0,1,双平,S,5047.6000,5047.4000,5047.0000,5046.8000,5046.6000,5049.0000,5049.4000,5049.8000,5050.0000,5050.2000,1,2,1,1,2,2,2,1,2,1
SF,IC2001,2019-12-13 09:32:42.100,5047.8000,19939,-3,706493920.000,3,0,3,双平,S,5047.6000,5047.4000,5047.0000,5046.6000,5046.4000,5048.8000,5049.0000,5049.4000,5049.8000,5050.0000,1,2,1,2,3,2,2,2,1,2
SF,IC2001,2019-12-13 09:32:42.600,5047.4000,19938,-1,707503400.000,1,0,1,双平,S,5047.0000,5046.6000,5046.4000,5046.0000,5044.2000,5048.8000,5049.0000,5049.4000,5049.8000,5050.0000,1,2,3,2,1,2,2,2,1,2
SF,IC2001,2019-12-13 09:32:43.100,5047.4000,19938,0,707503400.000,0,-,-,-,-,5048.0000,5047.4000,5047.2000,5047.0000,5046.6000,5049.0000,5049.4000,5049.8000,5050.0000,5050.2000,1,1,2,1,1,2,2,1,2,1
SF,IC2001,2019-12-13 09:32:43.600,5048.8000,19932,-6,717600600.000,10,2,8,多平,S,5048.2000,5047.4000,5047.2000,5046.8000,5046.4000,5048.8000,5049.0000,5049.4000,5049.8000,5050.0000,1,1,2,2,3,2,2,2,1,2
SF,IC2001,2019-12-13 09:32:44.100,5047.4000,19931,-1,718610080.000,1,0,1,双平,S,5046.4000,5046.0000,5043.6000,5043.2000,5043.0000,5047.8000,5048.2000,5049.0000,5049.4000,5049.8000,3,2,1,2,5,2,4,2,2,2
SF,IC2001,2019-12-13 09:32:44.600,5048.2000,19930,-1,720629280.000,2,0,2,多平,S,5047.8000,5046.6000,5046.4000,5046.0000,5043.6000,5048.2000,5049.0000,5049.4000,5049.8000,5050.0000,2,3,4,2,1,3,2,2,1,2
SF,IC2001,2019-12-13 09:32:45.100,5048.6000,19927,-3,727697280.000,7,2,5,多平,S,5048.4000,5048.2000,5048.0000,5047.8000,5047.0000,5049.4000,5049.8000,5050.0000,5050.2000,5051.0000,2,11,1,3,2,2,1,2,3,1
SF,IC2001,2019-12-13 09:32:45.600,5049.2000,19925,-2,729716960.000,2,0,2,双平,S,5048.4000,5048.2000,5047.8000,5047.0000,5046.8000,5049.4000,5049.8000,5050.0000,5050.2000,5051.0000,2,3,2,2,2,2,1,2,1,1
SF,IC2001,2019-12-13 09:32:46.100,5049.2000,19925,0,729716960.000,0,-,-,-,-,5048.4000,5048.2000,5047.0000,5046.6000,5046.0000,5049.4000,5049.8000,5050.0000,5050.2000,5051.0000,1,2,1,1,1,2,1,2,1,1
SF,IC2001,2019-12-13 09:32:46.600,5048.4000,19925,0,731736320.000,2,1,1,多换,S,5048.2000,5047.0000,5046.6000,5046.0000,5043.6000,5048.4000,5048.6000,5049.2000,5049.4000,5049.8000,2,1,1,1,1,1,1,2,2,1
SF,IC2001,2019-12-13 09:32:47.100,5048.4000,19924,-1,734765360.000,3,1,2,多平,S,5048.4000,5048.2000,5047.0000,5046.6000,5046.0000,5048.6000,5049.2000,5049.4000,5049.8000,5050.0000,2,2,1,1,1,1,2,2,1,1
SF,IC2001,2019-12-13 09:32:47.600,5048.6000,19924,0,735775080.000,1,0,1,多换,S,5048.8000,5048.6000,5048.4000,5048.2000,5047.0000,5049.4000,5049.8000,5050.0000,5050.2000,5051.0000,1,3,1,2,1,2,1,6,1,1
SF,IC2001,2019-12-13 09:32:48.100,5048.6000,19924,0,735775080.000,0,-,-,-,-,5048.8000,5048.6000,5048.4000,5048.2000,5048.0000,5049.4000,5049.8000,5050.0000,5050.2000,5051.0000,1,3,1,2,3,2,1,6,1,1
SF,IC2001,2019-12-13 09:32:48.600,5048.6000,19922,-2,737794520.000,2,0,2,双平,S,5048.6000,5048.4000,5048.2000,5048.0000,5047.4000,5048.8000,5049.2000,5049.4000,5049.8000,5050.0000,1,1,2,3,1,3,2,2,1,6
SF,IC2001,2019-12-13 09:32:49.100,5049.2000,19917,-5,744862800.000,7,1,6,多平,S,5048.0000,5047.4000,5047.0000,5046.6000,5046.0000,5049.2000,5049.4000,5049.8000,5050.0000,5050.2000,3,1,1,1,1,1,2,1,6,1
SF,IC2001,2019-12-13 09:32:49.600,5048.0000,19915,-2,749910800.000,5,1,4,多平,S,5048.4000,5047.4000,5047.0000,5046.0000,5043.6000,5049.2000,5049.4000,5049.8000,5050.0000,5050.2000,1,1,1,1,1,1,2,1,6,1
SF,IC2001,2019-12-13 09:32:50.100,5048.4000,19911,-4,753949520.000,4,0,4,双平,S,5047.4000,5047.0000,5046.0000,5043.6000,5043.2000,5048.4000,5049.4000,5049.8000,5050.0000,5050.2000,1,1,1,1,2,1,2,1,6,1
SF,IC2001,2019-12-13 09:32:50.600,5048.4000,19911,0,753949520.000,0,-,-,-,-,5048.4000,5047.6000,5047.4000,5047.0000,5046.0000,5049.4000,5049.8000,5050.0000,5050.2000,5051.0000,1,1,1,1,1,2,1,6,1,3
SF,IC2001,2019-12-13 09:32:51.100,5048.4000,19911,0,754959200.000,1,0,1,多换,S,5047.0000,5046.0000,5043.6000,5043.2000,5043.0000,5049.2000,5049.4000,5049.8000,5050.0000,5050.2000,1,1,1,2,5,2,2,1,7,1
SF,IC2001,2019-12-13 09:32:51.600,5049.2000,19911,0,756978880.000,2,1,1,多换,S,5047.2000,5047.0000,5046.0000,5043.6000,5043.2000,5049.4000,5049.8000,5050.0000,5050.2000,5051.0000,2,1,1,1,2,2,1,8,1,3
SF,IC2001,2019-12-13 09:32:52.100,5049.2000,19911,0,756978880.000,0,-,-,-,-,5047.2000,5047.0000,5046.0000,5043.6000,5043.2000,5049.2000,5049.4000,5049.8000,5050.0000,5050.2000,3,1,1,1,2,2,2,1,8,1
SF,IC2001,2019-12-13 09:32:52.600,5049.2000,19911,0,756978880.000,0,-,-,-,-,5047.4000,5047.2000,5047.0000,5046.0000,5043.6000,5049.4000,5049.8000,5050.0000,5050.2000,5051.0000,2,3,1,1,1,2,1,8,1,3
SF,IC2001,2019-12-13 09:32:53.100,5049.2000,19911,0,756978880.000,0,-,-,-,-,5047.6000,5047.4000,5047.2000,5046.0000,5043.6000,5049.2000,5049.4000,5049.8000,5050.0000,5050.2000,2,2,1,1,1,2,2,1,8,1
SF,IC2001,2019-12-13 09:32:53.600,5047.6000,19910,-1,757988400.000,1,0,1,双平,S,5047.6000,5047.4000,5046.0000,5043.6000,5043.2000,5049.2000,5049.4000,5049.8000,5050.0000,5050.2000,1,2,1,1,2,3,2,1,10,1
SF,IC2001,2019-12-13 09:32:54.100,5047.4000,19910,0,760007400.000,2,1,1,多换,S,5046.0000,5043.6000,5043.2000,5043.0000,5042.0000,5047.4000,5047.6000,5049.0000,5049.2000,5049.4000,6,1,2,5,1,3,2,1,3,2
SF,IC2001,2019-12-13 09:32:54.600,5047.4000,19909,-1,761016880.000,1,0,1,双平,S,5046.0000,5043.6000,5043.2000,5043.0000,5042.0000,5047.2000,5047.4000,5047.6000,5049.0000,5049.2000,6,1,2,5,1,1,3,2,2,1
SF,IC2001,2019-12-13 09:32:55.100,5046.2000,19908,-1,762026120.000,1,0,1,双平,S,5046.2000,5046.0000,5043.6000,5043.2000,5043.0000,5047.4000,5047.6000,5049.0000,5049.2000,5049.4000,1,5,1,2,5,3,2,2,1,4
SF,IC2001,2019-12-13 09:32:55.600,5046.0000,19907,-1,764044560.000,2,0,2,多平,S,5046.0000,5043.6000,5043.2000,5043.0000,5042.0000,5047.2000,5047.4000,5047.6000,5048.6000,5049.0000,4,1,2,5,1,4,3,2,1,2
SF,IC2001,2019-12-13 09:32:56.100,5046.0000,19909,2,767072160.000,3,2,1,空开,S,5046.0000,5043.6000,5043.2000,5043.0000,5042.0000,5047.0000,5047.2000,5047.4000,5047.6000,5047.8000,1,1,2,5,1,2,5,3,2,2
SF,IC2001,2019-12-13 09:32:56.600,5046.0000,19910,1,768081360.000,1,1,0,双开,S,5043.6000,5043.2000,5043.0000,5042.0000,5041.0000,5046.0000,5046.8000,5047.0000,5047.2000,5047.4000,1,2,5,1,2,3,2,2,3,3
SF,IC2001,2019-12-13 09:32:57.100,5046.0000,19910,0,768081360.000,0,-,-,-,-,5044.2000,5043.8000,5043.6000,5043.2000,5043.0000,5045.8000,5046.0000,5046.8000,5047.0000,5047.2000,1,6,1,2,5,1,3,4,2,3
SF,IC2001,2019-12-13 09:32:57.600,5046.0000,19910,0,769090560.000,1,0,1,多换,S,5044.4000,5044.2000,5043.8000,5043.6000,5043.2000,5046.0000,5046.8000,5047.0000,5047.2000,5047.4000,2,1,3,1,2,3,4,2,3,3
SF,IC2001,2019-12-13 09:32:58.100,5046.0000,19908,-2,772118160.000,3,0,3,多平,S,5044.6000,5044.4000,5044.2000,5043.8000,5043.6000,5046.8000,5047.2000,5047.4000,5047.6000,5048.6000,1,3,1,2,1,2,3,3,2,1
SF,IC2001,2019-12-13 09:32:58.600,5046.0000,19908,0,772118160.000,0,-,-,-,-,5044.8000,5044.6000,5044.4000,5044.2000,5043.8000,5047.4000,5047.6000,5048.6000,5049.0000,5049.4000,2,1,1,1,2,3,2,1,2,2
SF,IC2001,2019-12-13 09:32:59.100,5046.0000,19908,0,772118160.000,0,-,-,-,-,5045.0000,5044.8000,5044.4000,5044.2000,5043.8000,5047.0000,5047.2000,5047.4000,5048.6000,5049.0000,1,2,1,1,2,2,2,3,1,2
SF,IC2001,2019-12-13 09:32:59.600,5046.0000,19908,0,772118160.000,0,-,-,-,-,5045.2000,5045.0000,5044.4000,5044.2000,5043.8000,5046.8000,5047.0000,5047.4000,5048.6000,5049.0000,2,3,1,1,2,2,2,3,1,2
SF,IC2001,2019-12-13 09:33:00.100,5046.0000,19908,0,772118160.000,0,-,-,-,-,5045.2000,5045.0000,5044.4000,5044.2000,5043.8000,5046.8000,5047.4000,5048.6000,5049.0000,5049.4000,2,3,1,1,2,1,3,1,2,2
SF,IC2001,2019-12-13 09:33:00.600,5046.8000,19908,0,773127520.000,1,0,1,多换,S,5045.4000,5045.2000,5045.0000,5044.4000,5043.8000,5047.4000,5048.6000,5049.0000,5049.4000,5049.8000,3,3,2,1,1,3,1,2,2,1
SF,IC2001,2019-12-13 09:33:01.100,5046.8000,19908,0,773127520.000,0,-,-,-,-,5046.8000,5045.6000,5045.4000,5045.2000,5045.0000,5047.2000,5047.4000,5048.6000,5049.0000,5049.4000,2,2,1,1,2,2,3,1,2,2
SF,IC2001,2019-12-13 09:33:01.600,5047.2000,19908,0,775146400.000,2,1,1,多换,S,5046.8000,5045.6000,5045.4000,5045.2000,5045.0000,5047.4000,5049.4000,5049.8000,5050.0000,5050.2000,2,3,1,1,2,3,2,1,7,1
SF,IC2001,2019-12-13 09:33:02.100,5047.4000,19908,0,778174840.000,3,1,2,多换,S,5047.2000,5047.0000,5046.8000,5045.6000,5045.2000,5049.4000,5049.8000,5050.0000,5050.2000,5050.4000,1,1,2,3,1,2,1,9,1,1
SF,IC2001,2019-12-13 09:33:02.600,5047.4000,19908,0,778174840.000,0,-,-,-,-,5047.4000,5047.0000,5046.8000,5045.6000,5045.2000,5049.2000,5049.4000,5049.8000,5050.0000,5050.2000,3,1,2,3,1,5,2,1,9,1
SF,IC2001,2019-12-13 09:33:03.100,5047.4000,19908,0,778174840.000,0,-,-,-,-,5047.6000,5047.4000,5046.8000,5046.4000,5045.6000,5049.2000,5049.4000,5049.8000,5050.0000,5050.2000,1,3,2,1,3,2,2,1,9,1
SF,IC2001,2019-12-13 09:33:03.600,5047.4000,19908,0,778174840.000,0,-,-,-,-,5047.6000,5047.4000,5046.8000,5046.4000,5045.6000,5049.2000,5049.4000,5049.8000,5050.0000,5050.2000,1,3,2,1,1,2,2,1,9,1
SF,IC2001,2019-12-13 09:33:04.100,5047.4000,19908,0,782212760.000,4,2,2,多换,S,5047.8000,5047.4000,5046.8000,5046.4000,5045.6000,5049.4000,5049.8000,5050.0000,5050.2000,5050.4000,1,1,2,1,1,2,1,9,1,1
SF,IC2001,2019-12-13 09:33:04.600,5047.4000,19908,0,782212760.000,0,-,-,-,-,5046.8000,5046.4000,5045.6000,5045.2000,5043.8000,5049.2000,5049.4000,5049.8000,5050.0000,5050.2000,2,1,1,1,1,2,2,1,9,1
SF,IC2001,2019-12-13 09:33:05.100,5047.4000,19908,0,782212760.000,0,-,-,-,-,5047.2000,5047.0000,5046.8000,5046.4000,5045.6000,5049.2000,5049.4000,5049.8000,5050.0000,5050.2000,1,3,2,1,1,2,2,1,7,1
SF,IC2001,2019-12-13 09:33:05.600,5047.4000,19908,0,782212760.000,0,-,-,-,-,5047.4000,5047.2000,5047.0000,5046.8000,5046.4000,5049.2000,5049.4000,5049.8000,5050.0000,5050.2000,2,1,1,2,1,2,2,1,7,1
SF,IC2001,2019-12-13 09:33:06.100,5047.4000,19907,-1,783222240.000,1,0,1,双平,S,5047.0000,5046.8000,5046.4000,5045.6000,5045.2000,5048.8000,5049.2000,5049.4000,5049.8000,5050.0000,1,2,1,1,1,2,2,2,1,7
SF,IC2001,2019-12-13 09:33:06.600,5047.4000,19907,0,783222240.000,0,-,-,-,-,5046.8000,5045.6000,5045.2000,5043.8000,5043.6000,5047.2000,5048.6000,5048.8000,5049.2000,5049.4000,2,1,1,1,1,1,4,2,2,2
SF,IC2001,2019-12-13 09:33:07.100,5046.8000,19907,0,785240960.000,2,1,1,多换,S,5045.2000,5043.8000,5043.6000,5043.2000,5043.0000,5047.2000,5048.6000,5048.8000,5049.2000,5049.4000,1,1,1,2,6,1,4,2,2,2
SF,IC2001,2019-12-13 09:33:07.600,5046.8000,19907,0,785240960.000,0,-,-,-,-,5045.4000,5045.2000,5043.8000,5043.6000,5043.2000,5046.8000,5047.0000,5047.2000,5048.6000,5048.8000,2,1,1,1,2,7,2,1,2,3
SF,IC2001,2019-12-13 09:33:08.100,5046.8000,19907,0,785240960.000,0,-,-,-,-,5045.0000,5043.8000,5043.6000,5043.2000,5043.0000,5046.6000,5046.8000,5047.2000,5048.0000,5048.6000,3,1,1,2,6,2,7,1,2,2
SF,IC2001,2019-12-13 09:33:08.600,5046.8000,19907,0,785240960.000,0,-,-,-,-,5045.0000,5043.8000,5043.6000,5043.2000,5043.0000,5046.4000,5046.6000,5046.8000,5047.2000,5048.0000,3,1,1,2,6,1,2,7,1,3
SF,IC2001,2019-12-13 09:33:09.100,5046.8000,19907,0,785240960.000,0,-,-,-,-,5045.0000,5043.8000,5043.6000,5043.2000,5043.0000,5046.2000,5046.4000,5046.8000,5047.2000,5048.0000,3,1,1,2,6,3,1,7,1,1
SF,IC2001,2019-12-13 09:33:09.600,5046.0000,19907,0,786250160.000,1,0,1,多换,S,5045.0000,5043.6000,5043.2000,5043.0000,5042.0000,5046.2000,5046.4000,5046.8000,5047.2000,5047.4000,3,1,2,6,1,3,1,7,3,1
SF,IC2001,2019-12-13 09:33:10.100,5045.0000,19907,0,789277160.000,3,1,2,多换,S,5043.2000,5043.0000,5042.0000,5041.0000,5040.4000,5045.2000,5045.8000,5046.2000,5046.4000,5046.8000,2,6,1,2,1,1,2,3,1,7
SF,IC2001,2019-12-13 09:33:10.600,5045.2000,19905,-2,791295240.000,2,0,2,双平,S,5045.2000,5043.4000,5043.2000,5043.0000,5042.0000,5045.8000,5046.2000,5046.4000,5046.8000,5047.2000,1,3,3,6,1,2,3,1,7,3
SF,IC2001,2019-12-13 09:33:11.100,5045.2000,19905,0,791295240.000,0,-,-,-,-,5045.0000,5043.4000,5043.2000,5043.0000,5042.0000,5045.2000,5046.2000,5046.8000,5047.2000,5047.4000,2,4,3,6,1,2,2,7,3,1
SF,IC2001,2019-12-13 09:33:11.600,5045.2000,19903,-2,793313320.000,2,0,2,双平,S,5045.0000,5043.4000,5043.2000,5043.0000,5042.0000,5046.2000,5046.8000,5047.2000,5047.4000,5047.6000,2,3,3,6,1,2,7,3,1,1
SF,IC2001,2019-12-13 09:33:12.100,5045.2000,19903,0,793313320.000,0,-,-,-,-,5045.2000,5045.0000,5043.4000,5043.2000,5043.0000,5045.8000,5046.2000,5046.8000,5047.2000,5047.4000,4,2,3,4,6,1,2,7,3,1
SF,IC2001,2019-12-13 09:33:12.600,5045.2000,19903,0,793313320.000,0,-,-,-,-,5045.0000,5043.4000,5043.2000,5043.0000,5042.0000,5045.2000,5046.8000,5047.2000,5047.4000,5047.6000,2,3,4,6,1,3,7,3,1,1
SF,IC2001,2019-12-13 09:33:13.100,5045.0000,19903,0,795331320.000,2,1,1,多换,S,5043.4000,5043.2000,5043.0000,5042.0000,5041.2000,5045.0000,5046.0000,5046.8000,5047.2000,5047.4000,3,4,6,1,1,4,1,7,3,1
SF,IC2001,2019-12-13 09:33:13.600,5045.0000,19903,0,795331320.000,0,-,-,-,-,5043.4000,5043.2000,5043.0000,5042.0000,5041.2000,5044.8000,5045.0000,5045.2000,5046.0000,5046.8000,3,4,6,1,1,2,8,1,1,7
SF,IC2001,2019-12-13 09:33:14.100,5043.6000,19903,0,796340040.000,1,0,1,多换,S,5043.6000,5043.4000,5043.2000,5043.0000,5042.0000,5045.0000,5046.0000,5046.8000,5047.2000,5047.4000,1,3,4,6,1,8,1,7,3,1
SF,IC2001,2019-12-13 09:33:14.600,5045.0000,19902,-1,797349040.000,1,0,1,双平,S,5043.8000,5043.6000,5043.4000,5043.2000,5043.0000,5045.0000,5046.0000,5046.8000,5047.2000,5047.4000,2,1,1,4,6,7,1,7,3,1
SF,IC2001,2019-12-13 09:33:15.100,5045.0000,19902,0,797349040.000,0,-,-,-,-,5044.0000,5043.8000,5043.6000,5043.2000,5043.0000,5045.0000,5046.0000,5046.8000,5047.2000,5047.4000,1,3,1,4,6,4,1,7,3,1
SF,IC2001,2019-12-13 09:33:15.600,5045.0000,19900,-2,799367040.000,2,0,2,双平,S,5044.2000,5044.0000,5043.8000,5043.6000,5043.2000,5045.0000,5046.0000,5046.8000,5047.2000,5047.4000,2,1,1,1,4,2,1,7,3,1
SF,IC2001,2019-12-13 09:33:16.100,5044.4000,19898,-2,802393920.000,3,0,3,多平,S,5044.0000,5043.8000,5043.6000,5043.2000,5043.0000,5046.0000,5046.8000,5047.2000,5047.4000,5047.6000,6,1,1,4,6,1,7,3,1,1
SF,IC2001,2019-12-13 09:33:16.600,5044.4000,19898,0,802393920.000,0,-,-,-,-,5044.2000,5044.0000,5043.8000,5043.2000,5043.0000,5045.8000,5046.0000,5046.8000,5047.2000,5047.4000,3,6,1,4,6,2,1,7,1,1
SF,IC2001,2019-12-13 09:33:17.100,5044.4000,19898,0,802393920.000,0,-,-,-,-,5044.2000,5044.0000,5043.2000,5043.0000,5042.0000,5046.0000,5046.8000,5047.2000,5047.4000,5047.6000,3,6,4,6,1,1,7,1,3,1
SF,IC2001,2019-12-13 09:33:17.600,5044.4000,19898,0,802393920.000,0,-,-,-,-,5044.4000,5044.2000,5044.0000,5043.2000,5043.0000,5046.0000,5046.8000,5047.2000,5047.4000,5047.6000,1,3,5,4,6,1,7,1,3,1
SF,IC2001,2019-12-13 09:33:18.100,5046.0000,19897,-1,803403120.000,1,0,1,双平,S,5044.6000,5044.4000,5044.2000,5044.0000,5043.2000,5046.8000,5047.2000,5047.4000,5047.6000,5048.0000,3,1,1,5,4,7,1,1,1,1
SF,IC2001,2019-12-13 09:33:18.600,5045.0000,19897,0,804412120.000,1,0,1,多换,S,5044.6000,5044.4000,5044.2000,5044.0000,5043.2000,5046.6000,5046.8000,5047.2000,5047.4000,5048.0000,3,1,1,5,4,2,7,1,1,1
SF,IC2001,2019-12-13 09:33:19.100,5045.0000,19897,0,804412120.000,0,-,-,-,-,5044.8000,5044.6000,5044.4000,5044.2000,5044.0000,5046.8000,5047.2000,5047.4000,5048.0000,5048.4000,3,3,1,1,5,7,1,1,1,2
SF,IC2001,2019-12-13 09:33:19.600,5045.0000,19897,0,804412120.000,0,-,-,-,-,5045.2000,5045.0000,5044.8000,5044.4000,5044.2000,5046.6000,5046.8000,5047.2000,5047.4000,5048.0000,1,3,3,1,1,3,7,1,1,1
SF,IC2001,2019-12-13 09:33:20.100,5045.0000,19897,0,804412120.000,0,-,-,-,-,5045.4000,5044.8000,5044.6000,5044.4000,5044.0000,5046.6000,5046.8000,5047.2000,5047.4000,5048.0000,2,2,1,1,5,3,7,1,1,1
SF,IC2001,2019-12-13 09:33:20.600,5045.0000,19897,0,804412120.000,0,-,-,-,-,5045.4000,5044.8000,5044.6000,5044.4000,5044.0000,5046.6000,5046.8000,5047.2000,5047.4000,5048.0000,2,2,1,1,5,2,7,1,1,1
SF,IC2001,2019-12-13 09:33:21.100,5045.0000,19897,0,804412120.000,0,-,-,-,-,5045.4000,5044.8000,5044.6000,5044.4000,5044.0000,5046.8000,5047.2000,5047.4000,5048.0000,5048.4000,2,2,1,1,5,8,1,1,1,2
SF,IC2001,2019-12-13 09:33:21.600,5045.0000,19897,0,804412120.000,0,-,-,-,-,5045.6000,5045.4000,5044.8000,5044.6000,5044.4000,5046.8000,5047.2000,5047.4000,5048.0000,5048.4000,1,3,1,1,1,8,1,1,1,2
SF,IC2001,2019-12-13 09:33:22.100,5045.0000,19897,0,804412120.000,0,-,-,-,-,5045.4000,5044.8000,5044.6000,5044.4000,5044.0000,5046.8000,5047.2000,5047.4000,5048.0000,5048.4000,2,1,1,1,5,8,1,1,1,2
SF,IC2001,2019-12-13 09:33:23.100,5045.4000,19895,-2,806430280.000,2,0,2,双平,S,5044.8000,5044.6000,5044.4000,5044.0000,5043.2000,5046.8000,5047.2000,5047.4000,5048.0000,5048.4000,1,1,1,5,3,8,1,1,1,2
SF,IC2001,2019-12-13 09:33:23.600,5045.4000,19895,0,806430280.000,0,-,-,-,-,5045.4000,5045.0000,5044.8000,5044.6000,5044.4000,5046.6000,5046.8000,5047.2000,5047.4000,5048.0000,1,2,1,1,1,2,8,1,1,1
SF,IC2001,2019-12-13 09:33:24.100,5045.4000,19895,0,806430280.000,0,-,-,-,-,5045.4000,5045.0000,5044.8000,5044.6000,5044.4000,5046.6000,5046.8000,5047.2000,5047.4000,5048.0000,1,3,1,1,1,2,8,1,1,1
SF,IC2001,2019-12-13 09:33:24.600,5045.4000,19895,0,806430280.000,0,-,-,-,-,5045.0000,5044.8000,5044.6000,5044.4000,5044.0000,5046.6000,5046.8000,5047.2000,5047.4000,5048.0000,1,1,1,1,5,2,8,1,1,1
SF,IC2001,2019-12-13 09:33:25.100,5045.4000,19895,0,806430280.000,0,-,-,-,-,5045.0000,5044.6000,5044.4000,5044.0000,5043.2000,5046.4000,5046.6000,5046.8000,5047.2000,5047.4000,1,1,1,5,3,1,2,1,1,1
SF,IC2001,2019-12-13 09:33:25.600,5045.4000,19895,0,806430280.000,0,-,-,-,-,5045.0000,5044.6000,5044.4000,5044.0000,5043.2000,5046.2000,5046.4000,5046.8000,5047.2000,5047.4000,1,1,1,5,3,2,1,1,1,1
SF,IC2001,2019-12-13 09:33:26.100,5045.4000,19895,0,806430280.000,0,-,-,-,-,5045.2000,5045.0000,5044.6000,5044.4000,5044.0000,5046.2000,5046.8000,5047.2000,5047.4000,5048.0000,1,1,1,1,5,2,1,1,1,1
SF,IC2001,2019-12-13 09:33:26.600,5045.4000,19895,0,806430280.000,0,-,-,-,-,5045.2000,5045.0000,5044.6000,5044.4000,5044.0000,5046.2000,5046.8000,5047.2000,5047.4000,5048.0000,1,1,1,1,5,2,1,1,1,1
SF,IC2001,2019-12-13 09:33:27.100,5045.2000,19894,-1,808448560.000,2,0,2,多平,S,5045.0000,5044.6000,5044.4000,5044.0000,5043.2000,5046.2000,5046.8000,5047.2000,5047.4000,5048.0000,1,1,1,5,3,1,1,1,1,1
SF,IC2001,2019-12-13 09:33:27.600,5045.0000,19894,0,812484560.000,4,2,2,多换,S,5044.6000,5044.4000,5044.0000,5043.2000,5043.0000,5046.2000,5046.8000,5047.2000,5047.4000,5048.0000,1,1,5,3,7,1,1,1,1,1
SF,IC2001,2019-12-13 09:33:28.100,5045.0000,19894,0,812484560.000,0,-,-,-,-,5044.6000,5044.4000,5044.0000,5043.2000,5043.0000,5046.2000,5046.8000,5047.2000,5047.4000,5048.0000,1,1,5,3,7,1,1,1,1,1
SF,IC2001,2019-12-13 09:33:28.600,5044.6000,19894,0,813493480.000,1,0,1,多换,S,5045.2000,5044.4000,5044.0000,5043.2000,5043.0000,5046.2000,5046.8000,5047.2000,5047.4000,5048.0000,1,1,5,3,7,1,1,1,1,1
SF,IC2001,2019-12-13 09:33:29.100,5045.2000,19894,0,815511560.000,2,1,1,多换,S,5044.0000,5043.2000,5043.0000,5042.0000,5041.2000,5045.2000,5046.8000,5047.2000,5047.4000,5047.6000,5,3,7,4,1,4,1,1,1,1
SF,IC2001,2019-12-13 09:33:29.600,5044.0000,19895,1,816520360.000,1,1,0,双开,S,5044.0000,5043.2000,5043.0000,5042.0000,5041.2000,5045.0000,5045.2000,5045.8000,5046.6000,5046.8000,4,3,7,4,1,2,3,2,2,1
SF,IC2001,2019-12-13 09:33:30.100,5045.2000,19893,-2,818538400.000,2,0,2,双平,S,5045.0000,5044.2000,5044.0000,5043.2000,5043.0000,5045.2000,5046.8000,5047.2000,5047.4000,5047.6000,1,1,4,3,7,2,1,1,1,1
SF,IC2001,2019-12-13 09:33:30.600,5045.2000,19891,-2,820556480.000,2,0,2,双平,S,5045.0000,5044.2000,5044.0000,5043.2000,5043.0000,5046.8000,5047.2000,5047.4000,5047.6000,5048.0000,2,1,4,3,7,1,1,1,1,3
SF,IC2001,2019-12-13 09:33:31.100,5045.2000,19891,0,820556480.000,0,-,-,-,-,5045.0000,5044.2000,5044.0000,5043.2000,5043.0000,5046.4000,5046.6000,5046.8000,5047.2000,5047.4000,2,1,4,3,7,1,3,1,1,1
SF,IC2001,2019-12-13 09:33:31.600,5045.2000,19891,0,820556480.000,0,-,-,-,-,5045.0000,5044.2000,5044.0000,5043.2000,5043.0000,5046.2000,5046.4000,5046.6000,5046.8000,5047.2000,2,1,4,3,7,2,1,1,1,1
SF,IC2001,2019-12-13 09:33:32.100,5045.0000,19891,0,821565480.000,1,0,1,多换,S,5045.0000,5044.2000,5044.0000,5043.2000,5043.0000,5046.2000,5046.6000,5046.8000,5047.2000,5047.4000,1,1,4,3,7,2,1,1,1,1
SF,IC2001,2019-12-13 09:33:32.600,5045.0000,19890,-1,822574480.000,1,0,1,双平,S,5044.2000,5044.0000,5043.2000,5043.0000,5042.0000,5046.0000,5046.2000,5046.6000,5046.8000,5047.2000,1,4,3,7,4,1,2,1,1,1
SF,IC2001,2019-12-13 09:33:33.100,5045.0000,19890,0,823583480.000,1,0,1,多换,S,5044.4000,5044.2000,5044.0000,5043.2000,5043.0000,5045.8000,5046.6000,5046.8000,5047.2000,5047.4000,2,1,4,3,7,3,1,1,1,1
SF,IC2001,2019-12-13 09:33:33.600,5045.0000,19890,0,823583480.000,0,-,-,-,-,5044.2000,5044.0000,5043.2000,5043.0000,5042.0000,5045.8000,5046.8000,5047.2000,5047.4000,5047.6000,1,4,3,7,4,3,1,1,1,1
SF,IC2001,2019-12-13 09:33:34.100,5045.0000,19890,0,823583480.000,0,-,-,-,-,5044.2000,5044.0000,5043.2000,5043.0000,5042.0000,5045.8000,5046.8000,5047.2000,5047.4000,5047.6000,1,5,3,7,4,3,1,1,3,1
SF,IC2001,2019-12-13 09:33:34.600,5044.2000,19887,-3,826610000.000,3,0,3,双平,S,5044.0000,5043.2000,5043.0000,5042.0000,5041.2000,5044.2000,5045.6000,5045.8000,5046.8000,5047.2000,5,3,7,4,1,4,2,3,1,1
SF,IC2001,2019-12-13 09:33:35.100,5045.8000,19881,-6,834681920.000,8,1,7,多平,S,5045.6000,5045.2000,5044.4000,5044.2000,5044.0000,5046.8000,5047.2000,5047.4000,5048.0000,5048.6000,1,1,6,10,7,1,1,1,1,1
SF,IC2001,2019-12-13 09:33:35.600,5045.2000,19881,0,836700080.000,2,1,1,多换,S,5044.2000,5044.0000,5043.2000,5043.0000,5042.0000,5045.0000,5045.6000,5046.4000,5046.6000,5046.8000,4,5,3,7,4,4,3,2,2,1
SF,IC2001,2019-12-13 09:33:36.100,5044.4000,19881,0,839727040.000,3,1,2,多换,S,5044.4000,5044.2000,5044.0000,5043.2000,5043.0000,5045.0000,5046.6000,5046.8000,5047.0000,5047.2000,1,5,5,3,7,2,2,1,1,1
SF,IC2001,2019-12-13 09:33:36.600,5044.4000,19881,0,839727040.000,0,-,-,-,-,5044.4000,5044.2000,5044.0000,5043.2000,5043.0000,5045.0000,5046.6000,5046.8000,5047.0000,5047.2000,1,4,5,3,7,2,2,1,1,1
SF,IC2001,2019-12-13 09:33:37.100,5044.4000,19881,0,839727040.000,0,-,-,-,-,5044.4000,5044.2000,5044.0000,5043.2000,5043.0000,5045.0000,5046.6000,5046.8000,5047.0000,5047.2000,1,4,5,3,7,3,2,1,1,1
SF,IC2001,2019-12-13 09:33:37.600,5044.2000,19881,0,841744760.000,2,1,1,多换,S,5044.4000,5044.2000,5044.0000,5043.2000,5043.0000,5045.0000,5046.6000,5046.8000,5047.0000,5047.2000,1,3,5,3,7,3,2,1,1,1
SF,IC2001,2019-12-13 09:33:38.100,5044.4000,19881,0,842753640.000,1,0,1,多换,S,5044.4000,5044.2000,5044.0000,5043.2000,5043.0000,5045.0000,5046.6000,5046.8000,5047.0000,5047.2000,1,2,5,3,7,3,2,1,1,3
SF,IC2001,2019-12-13 09:33:39.100,5044.4000,19880,-1,843762520.000,1,0,1,双平,S,5044.0000,5043.2000,5043.0000,5042.0000,5041.2000,5044.4000,5045.0000,5046.6000,5046.8000,5047.0000,5,3,7,4,1,1,3,2,1,1
SF,IC2001,2019-12-13 09:33:39.600,5044.4000,19879,-1,844771400.000,1,0,1,双平,S,5044.4000,5044.0000,5043.2000,5043.0000,5042.0000,5045.0000,5046.6000,5046.8000,5047.0000,5047.2000,1,5,3,7,4,3,2,1,1,3
SF,IC2001,2019-12-13 09:33:40.100,5044.0000,19879,0,846789080.000,2,1,1,多换,S,5044.0000,5043.2000,5043.0000,5042.0000,5041.2000,5044.4000,5044.8000,5045.0000,5046.8000,5047.0000,4,3,7,4,1,1,2,3,1,1
SF,IC2001,2019-12-13 09:33:40.600,5044.4000,19879,0,849815560.000,3,1,2,多换,S,5044.0000,5043.2000,5043.0000,5042.0000,5041.2000,5044.8000,5045.0000,5046.6000,5046.8000,5047.0000,2,3,7,4,1,2,3,2,1,1
SF,IC2001,2019-12-13 09:33:41.100,5044.4000,19879,0,849815560.000,0,-,-,-,-,5044.0000,5043.2000,5043.0000,5042.0000,5041.2000,5045.0000,5046.6000,5046.8000,5047.0000,5047.2000,2,3,7,4,1,3,2,1,1,1
SF,IC2001,2019-12-13 09:33:41.600,5044.4000,19879,0,849815560.000,0,-,-,-,-,5044.0000,5043.2000,5043.0000,5042.0000,5041.2000,5044.8000,5045.0000,5046.6000,5046.8000,5047.0000,2,3,7,4,1,2,3,2,1,1
SF,IC2001,2019-12-13 09:33:42.600,5044.4000,19879,0,849815560.000,0,-,-,-,-,5044.0000,5043.2000,5043.0000,5042.0000,5041.2000,5044.8000,5045.0000,5046.6000,5046.8000,5047.0000,2,3,7,4,1,2,3,3,1,1
SF,IC2001,2019-12-13 09:33:43.100,5044.4000,19879,0,849815560.000,0,-,-,-,-,5044.0000,5043.2000,5043.0000,5042.0000,5041.2000,5044.8000,5045.0000,5046.6000,5046.8000,5047.0000,2,3,7,4,1,2,3,3,1,1
SF,IC2001,2019-12-13 09:33:43.600,5044.0000,19879,0,850824360.000,1,0,1,多换,S,5044.8000,5044.0000,5043.2000,5043.0000,5042.0000,5045.0000,5046.6000,5046.8000,5047.0000,5047.2000,1,1,3,7,4,3,3,1,1,1
SF,IC2001,2019-12-13 09:33:44.100,5044.8000,19879,0,853851320.000,3,1,2,多换,S,5044.8000,5044.4000,5044.2000,5044.0000,5043.2000,5045.0000,5046.6000,5046.8000,5047.0000,5047.2000,1,1,1,1,3,1,1,1,1,1
SF,IC2001,2019-12-13 09:33:44.600,5044.4000,19879,0,855869160.000,2,1,1,多换,S,5044.0000,5043.2000,5043.0000,5042.0000,5041.2000,5045.0000,5046.6000,5046.8000,5047.0000,5047.2000,1,3,7,4,1,1,3,1,1,1
SF,IC2001,2019-12-13 09:33:45.100,5044.4000,19879,0,855869160.000,0,-,-,-,-,5044.0000,5043.2000,5043.0000,5042.0000,5041.2000,5044.8000,5045.0000,5046.6000,5046.8000,5047.0000,1,3,7,4,1,1,1,1,1,1
SF,IC2001,2019-12-13 09:33:45.600,5044.4000,19879,0,855869160.000,0,-,-,-,-,5044.0000,5043.2000,5043.0000,5042.0000,5041.2000,5044.8000,5045.0000,5046.6000,5046.8000,5047.0000,1,3,7,4,1,1,1,1,1,1
SF,IC2001,2019-12-13 09:33:46.600,5044.4000,19879,0,855869160.000,0,-,-,-,-,5044.0000,5043.2000,5043.0000,5042.0000,5041.2000,5044.8000,5045.0000,5046.6000,5046.8000,5047.0000,1,3,7,4,1,1,1,3,1,1
SF,IC2001,2019-12-13 09:33:47.100,5044.0000,19879,0,856877960.000,1,0,1,多换,S,5043.2000,5043.0000,5042.0000,5041.2000,5041.0000,5044.8000,5045.0000,5046.6000,5046.8000,5047.0000,3,7,4,1,2,1,1,3,1,1
SF,IC2001,2019-12-13 09:33:47.600,5044.0000,19879,0,856877960.000,0,-,-,-,-,5043.4000,5043.2000,5043.0000,5042.0000,5041.2000,5044.6000,5044.8000,5045.0000,5046.6000,5046.8000,4,4,7,4,1,2,1,1,3,1
SF,IC2001,2019-12-13 09:33:48.100,5044.0000,19879,0,856877960.000,0,-,-,-,-,5043.4000,5043.2000,5043.0000,5042.0000,5041.2000,5044.8000,5045.0000,5046.6000,5046.8000,5047.0000,5,4,7,4,1,1,1,3,1,1
SF,IC2001,2019-12-13 09:33:48.600,5043.4000,19877,-2,858895320.000,2,0,2,双平,S,5043.4000,5043.2000,5043.0000,5042.0000,5041.2000,5044.2000,5044.6000,5044.8000,5045.0000,5046.6000,3,4,7,4,1,1,2,1,1,3
SF,IC2001,2019-12-13 09:33:49.100,5044.8000,19875,-2,862930960.000,4,1,3,多平,S,5044.4000,5044.2000,5043.4000,5043.2000,5043.0000,5045.0000,5046.6000,5046.8000,5047.0000,5047.2000,1,1,3,4,7,1,3,1,1,1
SF,IC2001,2019-12-13 09:33:49.600,5044.8000,19875,0,862930960.000,0,-,-,-,-,5044.4000,5044.2000,5043.4000,5043.2000,5043.0000,5045.0000,5046.6000,5046.8000,5047.0000,5047.2000,1,1,1,4,7,1,1,1,1,1
SF,IC2001,2019-12-13 09:33:50.100,5044.8000,19875,0,862930960.000,0,-,-,-,-,5043.4000,5043.2000,5043.0000,5042.0000,5041.2000,5045.0000,5046.6000,5046.8000,5047.0000,5047.2000,1,4,7,4,1,1,1,1,1,3
SF,IC2001,2019-12-13 09:33:50.600,5043.6000,19874,-1,863939680.000,1,0,1,双平,S,5043.6000,5043.4000,5043.2000,5043.0000,5042.0000,5044.8000,5045.0000,5046.6000,5046.8000,5047.0000,2,1,4,7,4,2,1,1,1,1
SF,IC2001,2019-12-13 09:33:51.100,5043.6000,19874,0,863939680.000,0,-,-,-,-,5043.6000,5043.4000,5043.2000,5043.0000,5042.0000,5045.0000,5046.6000,5046.8000,5047.0000,5047.2000,2,1,4,7,4,1,1,1,1,3
SF,IC2001,2019-12-13 09:33:51.600,5045.0000,19874,0,864948680.000,1,0,1,多换,S,5045.0000,5043.8000,5043.6000,5043.2000,5043.0000,5046.6000,5046.8000,5047.0000,5047.2000,5047.4000,1,1,2,4,7,1,1,1,3,1
SF,IC2001,2019-12-13 09:33:52.100,5046.4000,19873,-1,865957960.000,1,0,1,双平,S,5045.2000,5045.0000,5043.8000,5043.6000,5043.2000,5046.4000,5046.6000,5046.8000,5047.0000,5047.2000,1,3,3,2,4,1,1,1,1,1
SF,IC2001,2019-12-13 09:33:52.600,5046.4000,19873,0,865957960.000,0,-,-,-,-,5045.2000,5045.0000,5043.6000,5043.4000,5043.2000,5046.0000,5046.4000,5046.6000,5046.8000,5047.0000,1,2,1,1,4,1,3,1,1,1
SF,IC2001,2019-12-13 09:33:53.100,5046.4000,19873,0,865957960.000,0,-,-,-,-,5045.2000,5045.0000,5043.6000,5043.4000,5043.2000,5046.0000,5046.4000,5046.6000,5046.8000,5047.0000,1,2,1,1,4,1,1,1,1,1
SF,IC2001,2019-12-13 09:33:54.100,5045.0000,19873,0,866966960.000,1,0,1,多换,S,5043.6000,5043.4000,5043.2000,5043.0000,5042.0000,5045.0000,5046.0000,5046.4000,5046.6000,5046.8000,1,1,4,7,4,3,1,1,1,1
SF,IC2001,2019-12-13 09:33:54.600,5045.0000,19873,0,869993960.000,3,1,2,多换,S,5045.0000,5044.4000,5044.0000,5043.8000,5043.6000,5046.0000,5046.6000,5046.8000,5047.0000,5047.2000,4,2,2,3,2,1,1,1,1,1
SF,IC2001,2019-12-13 09:33:55.100,5045.0000,19873,0,871002960.000,1,0,1,多换,S,5045.0000,5044.0000,5043.8000,5043.6000,5043.4000,5045.8000,5046.0000,5046.6000,5046.8000,5047.0000,1,1,1,2,1,2,2,1,1,1
SF,IC2001,2019-12-13 09:33:55.600,5045.0000,19873,0,872011960.000,1,0,1,多换,S,5043.8000,5043.6000,5043.4000,5043.2000,5043.0000,5044.0000,5044.6000,5045.8000,5046.0000,5046.6000,1,2,1,3,7,2,1,2,1,1
SF,IC2001,2019-12-13 09:33:56.100,5044.6000,19873,0,875038520.000,3,1,2,多换,S,5044.4000,5044.2000,5044.0000,5043.8000,5043.4000,5046.0000,5046.6000,5046.8000,5047.0000,5047.2000,2,1,7,1,1,1,1,1,1,1
SF,IC2001,2019-12-13 09:33:56.600,5045.8000,19872,-1,876047680.000,1,0,1,双平,S,5045.0000,5044.6000,5044.4000,5044.2000,5044.0000,5045.8000,5046.0000,5046.6000,5046.8000,5047.0000,1,4,1,2,8,1,1,1,1,1
SF,IC2001,2019-12-13 09:33:57.100,5045.0000,19872,0,877056680.000,1,0,1,多换,S,5045.2000,5044.6000,5044.2000,5044.0000,5043.4000,5045.8000,5046.0000,5046.6000,5046.8000,5047.0000,1,1,2,6,1,1,1,1,1,1
SF,IC2001,2019-12-13 09:33:57.600,5045.2000,19872,0,878065720.000,1,0,1,多换,S,5044.6000,5044.2000,5044.0000,5043.4000,5043.2000,5045.0000,5045.2000,5045.8000,5046.0000,5046.6000,1,2,4,1,3,4,2,1,1,1
SF,IC2001,2019-12-13 09:33:58.100,5044.6000,19871,-1,879074640.000,1,0,1,双平,S,5044.0000,5043.4000,5043.2000,5043.0000,5042.0000,5045.0000,5045.2000,5045.8000,5046.0000,5046.6000,2,1,3,7,4,4,2,1,1,1
SF,IC2001,2019-12-13 09:33:58.600,5044.6000,19871,0,879074640.000,0,-,-,-,-,5044.2000,5044.0000,5043.4000,5043.2000,5043.0000,5045.0000,5045.2000,5046.0000,5046.6000,5046.8000,2,2,1,3,7,4,2,1,1,1
SF,IC2001,2019-12-13 09:33:59.100,5044.6000,19871,0,879074640.000,0,-,-,-,-,5044.2000,5044.0000,5043.4000,5043.2000,5043.0000,5045.0000,5045.2000,5046.0000,5046.6000,5046.8000,2,2,1,3,7,4,2,1,1,1
SF,IC2001,2019-12-13 09:33:59.600,5044.0000,19871,0,881092240.000,2,1,1,多换,S,5043.4000,5043.2000,5043.0000,5042.0000,5041.4000,5044.4000,5045.0000,5045.2000,5046.0000,5046.6000,1,3,7,4,3,1,4,1,1,1
SF,IC2001,2019-12-13 09:34:00.100,5044.0000,19871,0,881092240.000,0,-,-,-,-,5043.6000,5043.4000,5043.2000,5043.0000,5042.0000,5044.4000,5045.0000,5045.2000,5046.0000,5046.6000,2,1,3,7,4,1,4,1,1,1
SF,IC2001,2019-12-13 09:34:01.600,5043.6000,19869,-2,884118560.000,3,0,3,多平,S,5043.4000,5043.2000,5043.0000,5042.0000,5041.4000,5043.6000,5045.0000,5045.2000,5046.0000,5046.6000,1,3,7,4,3,7,4,1,1,1
SF,IC2001,2019-12-13 09:34:02.100,5043.6000,19862,-7,891179600.000,7,0,7,双平,S,5043.6000,5043.4000,5043.2000,5043.0000,5042.0000,5044.2000,5045.0000,5045.2000,5046.0000,5046.6000,1,1,3,7,4,2,4,1,1,1
SF,IC2001,2019-12-13 09:34:02.600,5043.6000,19862,0,891179600.000,0,-,-,-,-,5043.6000,5043.4000,5043.2000,5043.0000,5042.0000,5044.2000,5045.0000,5045.2000,5046.0000,5046.6000,1,1,3,7,4,2,8,1,1,1
SF,IC2001,2019-12-13 09:34:03.100,5043.6000,19862,0,892188320.000,1,0,1,多换,S,5043.4000,5043.2000,5043.0000,5042.0000,5041.8000,5044.2000,5045.0000,5045.2000,5046.0000,5046.6000,1,3,7,4,1,2,8,1,1,1
SF,IC2001,2019-12-13 09:34:03.600,5043.4000,19862,0,895214320.000,3,1,2,多换,S,5043.2000,5043.0000,5042.0000,5041.8000,5041.4000,5043.4000,5044.0000,5044.2000,5045.0000,5045.2000,1,7,4,1,3,1,3,2,8,1
SF,IC2001,2019-12-13 09:34:04.100,5043.0000,19862,0,898240200.000,3,1,2,多换,S,5043.0000,5042.0000,5041.4000,5041.2000,5041.0000,5043.4000,5044.0000,5044.2000,5045.0000,5045.2000,6,4,3,1,2,1,3,2,8,1
SF,IC2001,2019-12-13 09:34:04.600,5043.2000,19865,3,903283240.000,5,4,1,空开,S,5043.0000,5042.0000,5041.4000,5041.0000,5040.4000,5043.4000,5044.0000,5044.2000,5045.0000,5045.2000,2,4,3,2,1,1,3,2,8,1
SF,IC2001,2019-12-13 09:34:05.100,5043.0000,19864,-1,905300440.000,2,0,2,多平,S,5042.0000,5041.4000,5041.0000,5040.4000,5040.0000,5043.4000,5044.0000,5044.2000,5045.0000,5045.2000,4,3,2,1,29,1,3,2,8,1
SF,IC2001,2019-12-13 09:34:05.600,5043.0000,19864,0,905300440.000,0,-,-,-,-,5042.0000,5041.4000,5041.0000,5040.4000,5040.0000,5043.2000,5043.4000,5044.0000,5044.2000,5045.0000,4,3,2,1,29,2,1,1,2,8
SF,IC2001,2019-12-13 09:34:06.100,5043.0000,19864,0,905300440.000,0,-,-,-,-,5042.0000,5041.4000,5041.0000,5040.6000,5040.4000,5043.2000,5043.4000,5044.0000,5044.2000,5045.0000,3,3,2,1,1,2,1,1,2,8
SF,IC2001,2019-12-13 09:34:06.600,5042.2000,19863,-1,906308880.000,1,0,1,双平,S,5042.2000,5042.0000,5041.4000,5041.0000,5040.6000,5043.4000,5044.0000,5044.2000,5045.0000,5045.2000,1,3,3,2,1,1,1,2,8,1
SF,IC2001,2019-12-13 09:34:07.100,5042.2000,19863,0,906308880.000,0,-,-,-,-,5042.0000,5041.4000,5041.0000,5040.6000,5040.4000,5043.2000,5043.4000,5044.0000,5044.2000,5045.0000,3,3,2,1,1,2,1,1,2,8
SF,IC2001,2019-12-13 09:34:07.600,5042.2000,19863,0,906308880.000,0,-,-,-,-,5042.0000,5041.4000,5041.0000,5040.6000,5040.4000,5042.6000,5043.2000,5043.4000,5044.0000,5044.2000,3,3,2,1,1,1,2,1,1,2
SF,IC2001,2019-12-13 09:34:08.100,5042.6000,19864,1,907317400.000,1,1,0,双开,S,5042.0000,5041.4000,5041.0000,5040.6000,5040.4000,5043.2000,5043.4000,5044.0000,5044.2000,5045.0000,3,3,2,1,1,2,1,1,2,8
SF,IC2001,2019-12-13 09:34:08.600,5042.0000,19864,0,908325800.000,1,0,1,多换,S,5042.0000,5041.4000,5041.0000,5040.6000,5040.4000,5043.2000,5043.4000,5044.0000,5044.2000,5045.0000,2,3,2,1,1,2,1,1,2,8
SF,IC2001,2019-12-13 09:34:09.100,5042.0000,19864,0,910342600.000,2,1,1,多换,S,5041.4000,5041.0000,5040.6000,5040.4000,5040.0000,5043.2000,5043.4000,5044.2000,5045.0000,5045.2000,3,2,1,1,29,3,1,2,8,3
SF,IC2001,2019-12-13 09:34:09.600,5042.0000,19864,0,910342600.000,0,-,-,-,-,5041.4000,5041.0000,5040.6000,5040.4000,5040.0000,5042.0000,5042.8000,5043.2000,5043.4000,5044.2000,3,2,1,1,29,4,1,3,1,2
SF,IC2001,2019-12-13 09:34:10.100,5042.0000,19864,0,910342600.000,0,-,-,-,-,5041.4000,5041.0000,5040.6000,5040.4000,5040.0000,5042.0000,5042.8000,5043.2000,5044.2000,5044.8000,3,2,1,1,29,4,1,3,4,1
SF,IC2001,2019-12-13 09:34:10.600,5041.4000,19864,0,911350880.000,1,0,1,多换,S,5041.4000,5041.0000,5040.4000,5040.0000,5039.6000,5041.8000,5042.0000,5042.8000,5043.2000,5044.2000,2,2,1,29,1,2,4,1,1,4
SF,IC2001,2019-12-13 09:34:11.100,5041.4000,19864,0,913367440.000,2,1,1,多换,S,5041.0000,5040.4000,5040.0000,5039.6000,5039.4000,5041.8000,5042.0000,5043.2000,5044.2000,5044.8000,2,1,29,1,1,2,4,1,4,1
SF,IC2001,2019-12-13 09:34:11.600,5041.4000,19864,0,913367440.000,0,-,-,-,-,5041.0000,5040.4000,5040.0000,5039.6000,5039.4000,5041.2000,5041.6000,5041.8000,5042.0000,5043.2000,2,1,29,1,1,1,1,2,4,1
SF,IC2001,2019-12-13 09:34:12.100,5041.2000,19864,0,914375680.000,1,0,1,多换,S,5041.0000,5040.4000,5040.0000,5039.6000,5039.4000,5041.6000,5041.8000,5042.0000,5043.2000,5043.6000,2,1,29,1,1,1,2,4,1,1
SF,IC2001,2019-12-13 09:34:12.600,5041.0000,19864,0,915383880.000,1,0,1,多换,S,5041.0000,5040.4000,5040.0000,5039.6000,5039.4000,5041.4000,5042.0000,5043.2000,5043.6000,5044.0000,1,1,29,1,1,2,4,1,1,2
SF,IC2001,2019-12-13 09:34:13.600,5041.0000,19865,1,916392080.000,1,1,0,双开,S,5040.4000,5040.0000,5039.6000,5039.4000,5038.2000,5041.4000,5042.0000,5043.2000,5043.6000,5044.0000,1,29,1,1,1,2,4,1,1,2
SF,IC2001,2019-12-13 09:34:14.100,5041.0000,19865,0,916392080.000,0,-,-,-,-,5040.4000,5040.0000,5039.6000,5039.4000,5038.2000,5040.8000,5041.2000,5041.4000,5042.0000,5043.2000,1,29,1,1,1,1,1,2,4,1
SF,IC2001,2019-12-13 09:34:14.600,5040.8000,19865,0,917400240.000,1,0,1,多换,S,5040.4000,5040.0000,5039.6000,5039.4000,5038.2000,5041.2000,5041.4000,5042.0000,5043.2000,5043.6000,1,29,1,1,1,1,2,4,1,3
SF,IC2001,2019-12-13 09:34:15.100,5041.0000,19866,1,918408440.000,1,1,0,双开,S,5040.8000,5040.4000,5040.0000,5039.6000,5039.4000,5041.2000,5041.4000,5042.0000,5043.2000,5043.6000,2,1,29,1,1,1,2,4,1,3
