市场代码,合约代码,时间,最新,持仓,增仓,成交额,成交量,开仓,平仓,成交类型,方向,买一价,买二价,买三价,买四价,买五价,卖一价,卖二价,卖三价,卖四价,卖五价,买一量,买二量,买三量,买四量,买五量,卖一量,卖二量,卖三量,卖四量,卖五量
SF,IC2011,2020-09-22 09:29:00.400,6290.0000,2820,0,0.000,0.000,-,-,-,-,6245.8000,6240.0000,6237.8000,6235.6000,6232.0000,6250.0000,6265.0000,6268.0000,6284.2000,6288.6000,3,2,3,1,2,1,1,1,1,2
SF,IC2011,2020-09-22 09:30:00.400,6250.0000,2819,-1,2500400.000,2,0,2,多平,S,6256.8000,6254.2000,6251.0000,6250.4000,6250.0000,6265.0000,6268.0000,6284.2000,6288.6000,6289.0000,1,1,1,1,1,1,1,1,2,1
SF,IC2011,2020-09-22 09:30:00.900,6250.0000,2819,0,2500400.000,0,-,-,-,-,6259.2000,6251.6000,6251.0000,6250.4000,6247.0000,6264.8000,6265.0000,6268.0000,6284.2000,6288.6000,1,1,1,1,1,1,1,1,1,2
SF,IC2011,2020-09-22 09:30:01.400,6250.0000,2819,0,2500400.000,0,-,-,-,-,6259.4000,6259.2000,6251.6000,6251.0000,6250.4000,6264.8000,6265.0000,6268.0000,6284.2000,6288.6000,1,1,1,1,1,1,1,1,1,2
SF,IC2011,2020-09-22 09:30:01.900,6250.0000,2819,0,2500400.000,0,-,-,-,-,6259.4000,6252.4000,6251.6000,6250.4000,6247.0000,6264.6000,6264.8000,6265.0000,6268.0000,6284.2000,1,1,1,1,1,1,1,1,1,1
SF,IC2011,2020-09-22 09:30:02.400,6250.0000,2819,0,2500400.000,0,-,-,-,-,6259.4000,6252.4000,6251.6000,6250.4000,6247.0000,6264.4000,6264.6000,6268.0000,6270.4000,6284.2000,1,1,1,1,1,1,1,1,1,1
SF,IC2011,2020-09-22 09:30:02.900,6250.0000,2819,0,2500400.000,0,-,-,-,-,6259.6000,6259.4000,6255.2000,6254.8000,6252.4000,6264.4000,6270.4000,6284.2000,6288.6000,6318.6000,1,1,1,1,1,1,1,1,2,1
SF,IC2011,2020-09-22 09:30:03.400,6250.0000,2819,0,2500400.000,0,-,-,-,-,6259.6000,6259.4000,6255.2000,6254.8000,6252.4000,6264.4000,6270.4000,6284.2000,6288.6000,6318.6000,1,1,1,1,1,1,1,1,2,1
SF,IC2011,2020-09-22 09:30:03.900,6250.0000,2819,0,2500400.000,0,-,-,-,-,6255.2000,6254.8000,6252.4000,6251.6000,6250.4000,6264.2000,6264.4000,6270.4000,6284.2000,6288.6000,1,1,1,1,1,2,1,1,1,2
SF,IC2011,2020-09-22 09:30:04.400,6250.0000,2819,0,2500400.000,0,-,-,-,-,6255.4000,6255.2000,6254.8000,6252.4000,6251.6000,6264.0000,6264.2000,6270.4000,6284.2000,6288.6000,1,2,1,1,1,1,1,1,1,2
SF,IC2011,2020-09-22 09:30:04.900,6250.0000,2819,0,2500400.000,0,-,-,-,-,6255.6000,6255.4000,6252.4000,6251.6000,6250.4000,6263.8000,6264.0000,6270.4000,6284.2000,6288.6000,1,1,1,1,1,1,2,1,1,2
SF,IC2011,2020-09-22 09:30:05.400,6250.0000,2819,0,2500400.000,0,-,-,-,-,6255.4000,6252.4000,6251.6000,6250.4000,6246.0000,6263.6000,6263.8000,6264.0000,6270.4000,6284.2000,1,1,1,1,1,1,1,1,1,1
SF,IC2011,2020-09-22 09:30:05.900,6250.0000,2819,0,2500400.000,0,-,-,-,-,6255.4000,6252.4000,6251.6000,6250.8000,6250.4000,6263.4000,6263.6000,6264.0000,6270.4000,6284.2000,1,1,1,1,1,2,1,1,1,1
SF,IC2011,2020-09-22 09:30:06.400,6250.0000,2819,0,2500400.000,0,-,-,-,-,6255.6000,6255.4000,6251.6000,6250.8000,6250.4000,6263.2000,6263.4000,6264.0000,6265.8000,6284.2000,1,1,2,1,1,1,2,1,1,1
SF,IC2011,2020-09-22 09:30:06.900,6250.0000,2819,0,2500400.000,0,-,-,-,-,6255.4000,6252.2000,6251.8000,6251.6000,6250.8000,6263.0000,6263.2000,6263.4000,6264.0000,6265.8000,1,2,1,2,1,2,1,1,1,1
SF,IC2011,2020-09-22 09:30:07.400,6250.0000,2819,0,2500400.000,0,-,-,-,-,6255.4000,6252.2000,6251.8000,6251.6000,6250.8000,6262.8000,6263.0000,6263.4000,6264.0000,6265.8000,1,2,1,2,1,1,2,1,1,1
SF,IC2011,2020-09-22 09:30:07.900,6250.0000,2819,0,2500400.000,0,-,-,-,-,6256.0000,6255.6000,6255.4000,6252.2000,6251.8000,6262.6000,6262.8000,6263.4000,6264.0000,6265.8000,1,1,1,2,1,2,1,1,1,1
SF,IC2011,2020-09-22 09:30:08.400,6250.0000,2819,0,2500400.000,0,-,-,-,-,6255.6000,6255.4000,6252.2000,6251.8000,6251.6000,6262.4000,6262.6000,6263.4000,6264.0000,6265.8000,1,1,2,1,2,1,2,1,1,1
SF,IC2011,2020-09-22 09:30:08.900,6250.0000,2818,-1,3750400.000,1,0,1,双平,S,6255.4000,6252.2000,6251.8000,6251.6000,6250.8000,6262.2000,6262.4000,6264.0000,6265.8000,6284.2000,1,2,1,2,1,1,1,1,1,1
SF,IC2011,2020-09-22 09:30:09.400,6250.0000,2818,0,3750400.000,0,-,-,-,-,6256.0000,6255.4000,6252.2000,6251.8000,6251.6000,6262.0000,6262.2000,6264.0000,6265.8000,6284.2000,2,1,2,1,2,1,1,1,1,1
SF,IC2011,2020-09-22 09:30:09.900,6250.0000,2818,0,3750400.000,0,-,-,-,-,6256.0000,6255.4000,6252.2000,6251.6000,6251.0000,6261.8000,6262.0000,6264.0000,6265.8000,6284.2000,2,1,2,2,1,2,1,1,1,1
SF,IC2011,2020-09-22 09:30:10.400,6250.0000,2818,0,3750400.000,0,-,-,-,-,6257.0000,6256.2000,6256.0000,6255.8000,6255.4000,6261.6000,6261.8000,6264.0000,6284.2000,6288.6000,2,3,2,1,1,1,1,1,1,2
SF,IC2011,2020-09-22 09:30:10.900,6250.0000,2818,0,3750400.000,0,-,-,-,-,6257.2000,6257.0000,6256.2000,6256.0000,6255.8000,6261.4000,6261.6000,6264.0000,6284.2000,6288.6000,1,2,3,2,1,1,1,1,1,2
SF,IC2011,2020-09-22 09:30:11.400,6250.0000,2818,0,3750400.000,0,-,-,-,-,6257.6000,6257.2000,6257.0000,6256.6000,6256.2000,6261.2000,6261.4000,6264.0000,6284.2000,6288.6000,1,2,2,1,2,2,1,1,1,2
SF,IC2011,2020-09-22 09:30:11.900,6250.0000,2818,0,3750400.000,0,-,-,-,-,6257.2000,6257.0000,6256.6000,6256.2000,6256.0000,6261.2000,6264.0000,6284.2000,6288.6000,6318.6000,1,1,1,1,2,1,1,1,2,1
SF,IC2011,2020-09-22 09:30:12.400,6250.0000,2818,0,3750400.000,0,-,-,-,-,6257.8000,6257.2000,6256.2000,6256.0000,6255.8000,6261.0000,6261.2000,6284.2000,6288.6000,6318.6000,1,1,1,2,1,1,1,1,2,1
SF,IC2011,2020-09-22 09:30:12.900,6250.0000,2818,0,3750400.000,0,-,-,-,-,6256.2000,6256.0000,6255.8000,6253.2000,6251.8000,6260.8000,6261.0000,6284.2000,6288.6000,6318.6000,1,2,1,1,1,2,1,1,2,1
SF,IC2011,2020-09-22 09:30:13.400,6250.0000,2818,0,3750400.000,0,-,-,-,-,6256.0000,6255.8000,6253.2000,6251.8000,6251.4000,6260.6000,6260.8000,6261.0000,6284.2000,6288.6000,2,1,1,1,2,1,1,1,1,2
SF,IC2011,2020-09-22 09:30:13.900,6250.0000,2818,0,3750400.000,0,-,-,-,-,6256.0000,6253.2000,6251.8000,6251.4000,6251.2000,6260.4000,6260.6000,6261.0000,6284.2000,6288.6000,2,1,1,2,1,1,1,1,1,2
SF,IC2011,2020-09-22 09:30:14.400,6250.0000,2818,0,3750400.000,0,-,-,-,-,6256.8000,6256.2000,6256.0000,6253.2000,6251.8000,6260.2000,6260.4000,6261.0000,6284.2000,6288.6000,1,1,2,1,1,2,1,1,1,2
SF,IC2011,2020-09-22 09:30:14.900,6256.8000,2818,0,5001760.000,1,0,1,多换,S,6256.2000,6256.0000,6253.2000,6251.8000,6251.4000,6256.8000,6260.0000,6261.0000,6284.2000,6288.6000,1,2,1,1,2,1,1,1,1,2
SF,IC2011,2020-09-22 09:30:15.400,6256.2000,2818,0,10006920.000,4,2,2,多换,S,6256.0000,6253.8000,6251.8000,6251.2000,6251.0000,6256.6000,6284.2000,6288.6000,6318.6000,6319.4000,2,1,1,1,1,1,1,2,1,3
SF,IC2011,2020-09-22 09:30:15.900,6256.6000,2818,0,11258240.000,1,0,1,多换,S,6256.0000,6251.8000,6251.2000,6251.0000,6250.8000,6284.2000,6288.6000,6318.6000,6319.4000,6394.0000,2,1,1,1,2,1,2,1,3,3
SF,IC2011,2020-09-22 09:30:16.400,6256.6000,2818,0,11258240.000,0,-,-,-,-,6256.0000,6251.2000,6251.0000,6250.8000,6250.4000,6260.4000,6264.0000,6282.0000,6284.0000,6284.2000,2,1,2,1,2,1,1,6,7,1
SF,IC2011,2020-09-22 09:30:16.900,6256.6000,2818,0,11258240.000,0,-,-,-,-,6256.0000,6251.2000,6251.0000,6250.8000,6250.4000,6260.2000,6264.0000,6282.0000,6284.0000,6284.2000,2,1,2,1,3,2,1,6,6,1
SF,IC2011,2020-09-22 09:30:17.400,6256.6000,2818,0,11258240.000,0,-,-,-,-,6256.0000,6252.2000,6251.2000,6251.0000,6250.8000,6259.8000,6260.2000,6264.0000,6282.0000,6284.0000,2,1,1,2,1,1,2,1,6,5
SF,IC2011,2020-09-22 09:30:17.900,6256.6000,2818,0,11258240.000,0,-,-,-,-,6256.0000,6252.2000,6251.2000,6251.0000,6250.8000,6259.8000,6260.2000,6264.0000,6282.0000,6284.0000,2,1,1,2,1,1,2,1,6,5
SF,IC2011,2020-09-22 09:30:18.400,6256.6000,2818,0,11258240.000,0,-,-,-,-,6256.0000,6252.2000,6251.0000,6250.8000,6250.4000,6259.4000,6259.8000,6260.2000,6264.0000,6264.8000,2,1,1,1,3,1,1,2,1,1
SF,IC2011,2020-09-22 09:30:18.900,6256.6000,2818,0,11258240.000,0,-,-,-,-,6256.0000,6251.8000,6251.0000,6250.8000,6250.4000,6259.4000,6259.8000,6260.2000,6264.0000,6264.8000,2,1,1,1,1,1,1,1,1,1
SF,IC2011,2020-09-22 09:30:19.400,6256.0000,2818,0,12509440.000,1,0,1,多换,S,6256.0000,6251.8000,6251.0000,6250.8000,6250.4000,6258.6000,6259.2000,6259.4000,6259.8000,6260.2000,1,1,1,1,1,1,1,1,1,1
SF,IC2011,2020-09-22 09:30:19.900,6256.0000,2818,0,13760640.000,1,0,1,多换,S,6251.8000,6251.0000,6250.8000,6250.4000,6246.0000,6258.6000,6259.2000,6259.4000,6259.8000,6260.2000,1,1,1,1,1,1,1,1,1,1
SF,IC2011,2020-09-22 09:30:20.400,6256.0000,2818,0,13760640.000,0,-,-,-,-,6252.0000,6251.0000,6250.8000,6250.4000,6246.0000,6258.4000,6258.6000,6259.2000,6259.4000,6259.8000,2,1,1,1,1,1,1,1,1,1
SF,IC2011,2020-09-22 09:30:20.900,6256.0000,2818,0,13760640.000,0,-,-,-,-,6252.0000,6251.0000,6250.8000,6250.4000,6246.0000,6258.4000,6258.6000,6259.2000,6259.4000,6259.8000,2,1,1,2,1,1,1,1,1,1
SF,IC2011,2020-09-22 09:30:21.400,6256.0000,2818,0,13760640.000,0,-,-,-,-,6252.0000,6251.0000,6250.8000,6250.4000,6246.0000,6258.4000,6258.6000,6259.2000,6259.4000,6264.8000,2,1,1,2,1,1,1,1,1,1
SF,IC2011,2020-09-22 09:30:21.900,6256.0000,2818,0,13760640.000,0,-,-,-,-,6252.6000,6252.0000,6251.0000,6250.8000,6250.4000,6258.4000,6258.6000,6259.4000,6264.8000,6275.0000,1,1,1,1,2,1,1,1,1,3
SF,IC2011,2020-09-22 09:30:22.400,6256.0000,2818,0,13760640.000,0,-,-,-,-,6252.8000,6252.6000,6251.0000,6250.8000,6250.4000,6258.4000,6259.4000,6264.8000,6275.0000,6282.0000,2,1,1,1,2,1,1,1,3,6
SF,IC2011,2020-09-22 09:30:22.900,6256.0000,2818,0,13760640.000,0,-,-,-,-,6253.0000,6252.8000,6252.6000,6251.0000,6250.8000,6257.8000,6259.4000,6264.8000,6275.0000,6282.0000,2,2,1,1,1,1,1,1,3,6
SF,IC2011,2020-09-22 09:30:23.400,6256.0000,2818,0,13760640.000,0,-,-,-,-,6253.2000,6253.0000,6252.8000,6251.0000,6250.8000,6257.8000,6259.4000,6264.8000,6275.0000,6282.0000,1,2,1,1,1,1,1,1,3,6
SF,IC2011,2020-09-22 09:30:23.900,6256.0000,2818,0,13760640.000,0,-,-,-,-,6253.2000,6252.8000,6251.0000,6250.8000,6250.4000,6257.6000,6257.8000,6259.4000,6264.8000,6275.0000,1,1,1,1,2,1,1,1,1,3
SF,IC2011,2020-09-22 09:30:24.400,6256.0000,2818,0,13760640.000,0,-,-,-,-,6253.2000,6252.8000,6251.0000,6250.8000,6250.4000,6257.6000,6259.4000,6264.8000,6275.0000,6282.0000,1,1,1,1,2,1,1,1,3,6
SF,IC2011,2020-09-22 09:30:24.900,6256.0000,2818,0,13760640.000,0,-,-,-,-,6253.4000,6253.2000,6252.8000,6251.0000,6250.8000,6264.8000,6275.0000,6282.0000,6284.0000,6284.2000,1,2,1,1,1,1,3,6,5,1
SF,IC2011,2020-09-22 09:30:25.400,6256.0000,2818,0,13760640.000,0,-,-,-,-,6253.6000,6253.4000,6250.8000,6250.4000,6249.0000,6258.6000,6259.2000,6264.6000,6264.8000,6275.0000,1,1,1,2,1,1,1,1,1,3
SF,IC2011,2020-09-22 09:30:25.900,6256.0000,2818,0,13760640.000,0,-,-,-,-,6253.8000,6253.6000,6250.8000,6250.4000,6249.0000,6260.0000,6264.6000,6264.8000,6275.0000,6282.0000,1,1,1,2,1,1,1,1,3,6
SF,IC2011,2020-09-22 09:30:26.400,6256.0000,2818,0,13760640.000,0,-,-,-,-,6254.0000,6253.8000,6250.8000,6250.4000,6249.0000,6259.8000,6260.0000,6264.6000,6264.8000,6275.0000,1,1,1,2,1,1,1,1,1,3
SF,IC2011,2020-09-22 09:30:26.900,6256.0000,2818,0,13760640.000,0,-,-,-,-,6254.2000,6254.0000,6251.0000,6250.8000,6250.4000,6259.6000,6259.8000,6264.8000,6275.0000,6282.0000,1,1,1,1,2,2,1,1,3,6
SF,IC2011,2020-09-22 09:30:27.400,6254.4000,2818,0,15011520.000,1,0,1,多换,S,6254.2000,6251.0000,6250.8000,6250.4000,6246.0000,6259.2000,6259.6000,6264.8000,6275.0000,6282.0000,1,1,1,2,1,2,2,1,3,6
SF,IC2011,2020-09-22 09:30:27.900,6254.4000,2818,0,15011520.000,0,-,-,-,-,6254.2000,6251.0000,6250.8000,6250.4000,6246.0000,6259.0000,6259.2000,6259.6000,6264.8000,6275.0000,1,1,1,2,1,1,2,1,1,3
SF,IC2011,2020-09-22 09:30:28.400,6254.4000,2818,0,15011520.000,0,-,-,-,-,6254.2000,6251.0000,6250.8000,6250.4000,6246.0000,6259.0000,6259.2000,6264.8000,6275.0000,6282.0000,1,1,1,2,1,1,1,1,3,6
SF,IC2011,2020-09-22 09:30:28.900,6254.4000,2818,0,16262400.000,1,0,1,多换,S,6254.2000,6251.0000,6250.8000,6250.4000,6246.0000,6259.0000,6264.8000,6275.0000,6282.0000,6284.0000,1,1,1,2,1,1,1,3,6,3
SF,IC2011,2020-09-22 09:30:29.400,6254.4000,2818,0,16262400.000,0,-,-,-,-,6254.6000,6254.4000,6254.2000,6251.0000,6250.8000,6259.0000,6264.8000,6275.0000,6282.0000,6284.0000,1,4,1,1,1,1,1,3,6,3
SF,IC2011,2020-09-22 09:30:29.900,6254.4000,2818,0,16262400.000,0,-,-,-,-,6254.8000,6254.6000,6254.4000,6251.0000,6250.8000,6259.0000,6264.8000,6275.0000,6282.0000,6284.0000,3,2,3,1,1,1,1,3,6,3
SF,IC2011,2020-09-22 09:30:30.400,6254.4000,2818,0,16262400.000,0,-,-,-,-,6255.0000,6254.8000,6254.6000,6254.4000,6251.0000,6258.6000,6259.0000,6264.8000,6275.0000,6282.0000,1,2,2,1,1,1,1,1,3,6
SF,IC2011,2020-09-22 09:30:30.900,6258.6000,2818,0,17514120.000,1,0,1,多换,S,6255.4000,6255.0000,6254.6000,6254.4000,6251.0000,6264.8000,6275.0000,6282.0000,6284.0000,6284.2000,1,1,1,1,1,1,3,6,3,1
SF,IC2011,2020-09-22 09:30:31.400,6258.6000,2818,0,17514120.000,0,-,-,-,-,6255.6000,6255.4000,6255.0000,6254.6000,6254.4000,6262.2000,6264.0000,6264.6000,6264.8000,6275.0000,1,1,1,1,1,1,1,2,1,3
SF,IC2011,2020-09-22 09:30:31.900,6258.6000,2818,0,17514120.000,0,-,-,-,-,6256.2000,6255.8000,6255.6000,6255.4000,6254.4000,6262.2000,6264.0000,6264.6000,6264.8000,6275.0000,1,1,1,1,1,1,1,1,1,3
SF,IC2011,2020-09-22 09:30:32.400,6258.6000,2818,0,17514120.000,0,-,-,-,-,6256.4000,6256.2000,6256.0000,6255.8000,6255.4000,6262.2000,6264.0000,6264.6000,6264.8000,6275.0000,1,1,2,1,1,1,1,1,1,3
SF,IC2011,2020-09-22 09:30:32.900,6258.6000,2818,0,17514120.000,0,-,-,-,-,6256.4000,6256.2000,6256.0000,6255.8000,6255.4000,6262.0000,6262.2000,6264.0000,6264.6000,6264.8000,1,1,2,1,1,1,1,1,1,1
SF,IC2011,2020-09-22 09:30:33.400,6258.6000,2818,0,17514120.000,0,-,-,-,-,6256.4000,6256.2000,6256.0000,6255.8000,6254.4000,6262.0000,6262.2000,6264.0000,6264.6000,6264.8000,1,1,1,1,1,1,1,1,1,1
SF,IC2011,2020-09-22 09:30:33.900,6258.6000,2818,0,17514120.000,0,-,-,-,-,6256.4000,6256.2000,6255.8000,6254.4000,6251.0000,6264.0000,6264.6000,6275.0000,6284.0000,6284.2000,1,1,1,1,1,1,1,3,3,1
SF,IC2011,2020-09-22 09:30:34.400,6258.6000,2818,0,17514120.000,0,-,-,-,-,6256.4000,6256.2000,6255.8000,6254.4000,6251.0000,6264.0000,6275.0000,6284.0000,6284.2000,6288.6000,1,1,1,1,1,2,3,3,1,2
SF,IC2011,2020-09-22 09:30:34.900,6258.6000,2818,0,17514120.000,0,-,-,-,-,6257.4000,6256.6000,6256.4000,6255.8000,6254.4000,6263.6000,6264.0000,6275.0000,6284.0000,6284.2000,1,1,1,1,1,1,2,3,3,1
SF,IC2011,2020-09-22 09:30:35.400,6258.6000,2818,0,17514120.000,0,-,-,-,-,6257.6000,6257.4000,6256.6000,6255.8000,6251.0000,6263.6000,6275.0000,6284.0000,6284.2000,6288.6000,2,1,1,1,1,1,3,2,1,2
SF,IC2011,2020-09-22 09:30:35.900,6258.6000,2818,0,17514120.000,0,-,-,-,-,6257.8000,6257.6000,6257.4000,6256.6000,6255.8000,6263.6000,6275.0000,6284.0000,6284.2000,6288.6000,1,2,1,1,1,1,3,2,1,2
SF,IC2011,2020-09-22 09:30:36.400,6258.6000,2818,0,17514120.000,0,-,-,-,-,6259.2000,6258.6000,6258.0000,6257.8000,6257.6000,6263.6000,6275.0000,6284.0000,6284.2000,6288.6000,1,1,2,1,1,1,3,2,1,2
SF,IC2011,2020-09-22 09:30:36.900,6258.6000,2818,0,17514120.000,0,-,-,-,-,6259.4000,6258.0000,6257.8000,6257.6000,6256.6000,6263.6000,6275.0000,6284.0000,6284.2000,6288.6000,1,1,1,1,1,1,3,2,1,2
SF,IC2011,2020-09-22 09:30:37.900,6258.6000,2818,0,17514120.000,0,-,-,-,-,6259.4000,6258.0000,6257.8000,6257.6000,6256.6000,6263.6000,6275.0000,6284.0000,6284.2000,6288.6000,1,1,1,1,1,1,3,2,1,2
SF,IC2011,2020-09-22 09:30:38.900,6258.6000,2818,0,17514120.000,0,-,-,-,-,6259.4000,6258.0000,6257.6000,6256.6000,6255.8000,6275.0000,6284.0000,6284.2000,6288.6000,6318.6000,1,1,1,1,1,3,1,1,2,1
SF,IC2011,2020-09-22 09:30:39.400,6258.6000,2818,0,17514120.000,0,-,-,-,-,6259.8000,6259.4000,6258.0000,6257.6000,6256.6000,6268.8000,6269.4000,6274.8000,6275.0000,6284.0000,1,1,1,1,1,1,1,2,3,1
SF,IC2011,2020-09-22 09:30:39.900,6258.6000,2818,0,17514120.000,0,-,-,-,-,6260.0000,6259.8000,6256.6000,6255.8000,6250.4000,6268.6000,6269.4000,6275.0000,6284.0000,6284.2000,2,1,1,1,2,1,1,3,1,1
SF,IC2011,2020-09-22 09:30:40.400,6267.8000,2818,0,18767680.000,1,0,1,多换,S,6261.2000,6260.4000,6260.0000,6255.8000,6250.4000,6268.2000,6268.6000,6269.4000,6275.0000,6284.0000,1,1,3,1,2,1,1,1,3,1
SF,IC2011,2020-09-22 09:30:40.900,6267.8000,2818,0,18767680.000,0,-,-,-,-,6261.4000,6261.2000,6261.0000,6260.4000,6260.0000,6268.2000,6268.6000,6275.0000,6284.2000,6288.6000,2,2,2,1,1,1,1,3,1,2
SF,IC2011,2020-09-22 09:30:41.400,6267.8000,2818,0,18767680.000,0,-,-,-,-,6261.4000,6261.2000,6261.0000,6260.4000,6260.0000,6267.4000,6268.2000,6268.6000,6275.0000,6284.2000,2,2,1,1,1,1,1,1,3,1
SF,IC2011,2020-09-22 09:30:41.900,6267.8000,2818,0,18767680.000,0,-,-,-,-,6262.2000,6261.4000,6261.2000,6261.0000,6260.0000,6268.2000,6275.0000,6284.2000,6288.6000,6318.6000,1,2,1,1,1,1,3,1,2,1
SF,IC2011,2020-09-22 09:30:42.400,6267.8000,2818,0,18767680.000,0,-,-,-,-,6262.4000,6261.4000,6261.2000,6261.0000,6250.4000,6268.0000,6268.2000,6275.0000,6284.2000,6288.6000,2,1,1,1,1,1,1,3,1,2
SF,IC2011,2020-09-22 09:30:42.900,6267.8000,2818,0,18767680.000,0,-,-,-,-,6262.4000,6261.4000,6261.2000,6261.0000,6250.4000,6267.8000,6268.0000,6275.0000,6284.2000,6288.6000,2,1,1,1,1,1,1,3,1,2
SF,IC2011,2020-09-22 09:30:43.400,6267.8000,2818,0,18767680.000,0,-,-,-,-,6262.4000,6261.4000,6261.0000,6250.4000,6235.6000,6267.8000,6268.0000,6275.0000,6284.2000,6288.6000,2,1,1,1,1,1,1,3,1,2
SF,IC2011,2020-09-22 09:30:43.900,6267.8000,2818,0,18767680.000,0,-,-,-,-,6262.4000,6261.4000,6258.2000,6250.4000,6235.6000,6267.6000,6267.8000,6275.0000,6284.2000,6287.2000,1,1,5,1,1,2,1,3,1,5
SF,IC2011,2020-09-22 09:30:44.400,6267.8000,2818,0,18767680.000,0,-,-,-,-,6262.4000,6258.2000,6250.4000,6235.6000,6232.0000,6267.6000,6275.0000,6284.2000,6287.2000,6288.6000,1,5,1,1,2,2,3,1,5,2
SF,IC2011,2020-09-22 09:30:44.900,6267.8000,2818,0,18767680.000,0,-,-,-,-,6264.0000,6262.6000,6262.4000,6258.2000,6250.4000,6275.0000,6284.2000,6287.2000,6288.6000,6318.6000,1,1,1,5,1,3,1,5,2,1
SF,IC2011,2020-09-22 09:30:45.400,6267.8000,2818,0,18767680.000,0,-,-,-,-,6264.2000,6263.8000,6262.4000,6258.2000,6250.4000,6271.2000,6273.6000,6274.8000,6275.0000,6284.2000,1,1,1,5,1,1,1,4,3,1
SF,IC2011,2020-09-22 09:30:45.900,6267.8000,2818,0,18767680.000,0,-,-,-,-,6264.2000,6263.8000,6262.4000,6258.2000,6250.4000,6273.6000,6274.8000,6275.0000,6284.2000,6287.2000,1,1,1,5,1,1,2,3,1,5
SF,IC2011,2020-09-22 09:30:46.400,6267.8000,2818,0,18767680.000,0,-,-,-,-,6264.2000,6263.8000,6262.4000,6258.2000,6250.4000,6270.6000,6271.0000,6273.0000,6273.6000,6274.8000,1,1,1,5,1,1,2,1,1,1
SF,IC2011,2020-09-22 09:30:46.900,6267.8000,2818,0,18767680.000,0,-,-,-,-,6264.2000,6263.8000,6262.4000,6258.2000,6250.4000,6270.4000,6270.6000,6271.0000,6273.6000,6274.8000,1,1,1,5,1,1,1,2,1,1
SF,IC2011,2020-09-22 09:30:47.400,6270.2000,2818,0,20021720.000,1,0,1,多换,S,6264.2000,6263.8000,6262.4000,6258.2000,6250.4000,6269.8000,6270.6000,6273.6000,6275.0000,6284.2000,1,1,1,5,1,1,1,1,3,1
SF,IC2011,2020-09-22 09:30:47.900,6270.2000,2818,0,20021720.000,0,-,-,-,-,6264.2000,6263.8000,6262.4000,6258.2000,6250.4000,6269.4000,6269.8000,6270.6000,6273.6000,6275.0000,1,1,1,5,1,1,1,1,1,3
SF,IC2011,2020-09-22 09:30:48.400,6270.2000,2818,0,21275760.000,1,0,1,多换,S,6264.4000,6264.2000,6263.8000,6262.4000,6258.2000,6269.8000,6270.6000,6273.6000,6275.0000,6284.2000,1,1,1,1,5,1,1,1,3,1
SF,IC2011,2020-09-22 09:30:48.900,6270.2000,2818,0,21275760.000,0,-,-,-,-,6264.6000,6264.4000,6263.8000,6262.4000,6258.2000,6269.2000,6269.4000,6270.6000,6273.6000,6275.0000,1,1,1,1,5,2,1,1,1,3
SF,IC2011,2020-09-22 09:30:49.400,6270.2000,2818,0,21275760.000,0,-,-,-,-,6264.6000,6263.8000,6258.2000,6250.4000,6235.6000,6269.0000,6269.2000,6270.6000,6273.6000,6275.0000,1,1,5,1,1,1,3,1,1,3
SF,IC2011,2020-09-22 09:30:49.900,6270.2000,2818,0,21275760.000,0,-,-,-,-,6264.8000,6264.6000,6258.2000,6250.4000,6235.6000,6269.0000,6270.6000,6273.6000,6275.0000,6284.2000,1,1,5,1,1,1,1,1,3,1
SF,IC2011,2020-09-22 09:30:50.400,6270.2000,2818,0,21275760.000,0,-,-,-,-,6264.8000,6264.6000,6258.2000,6250.4000,6235.6000,6268.8000,6270.2000,6270.6000,6273.6000,6275.0000,1,1,5,1,1,2,1,1,1,3
SF,IC2011,2020-09-22 09:30:50.900,6270.2000,2818,0,21275760.000,0,-,-,-,-,6264.8000,6264.6000,6258.2000,6250.4000,6235.6000,6268.6000,6268.8000,6270.2000,6273.6000,6275.0000,1,1,5,1,1,1,2,1,1,3
SF,IC2011,2020-09-22 09:30:51.400,6270.2000,2818,0,21275760.000,0,-,-,-,-,6264.6000,6258.2000,6250.4000,6235.6000,6232.0000,6268.6000,6268.8000,6270.2000,6273.6000,6275.0000,1,5,1,1,2,1,2,1,1,3
SF,IC2011,2020-09-22 09:30:51.900,6270.2000,2818,0,21275760.000,0,-,-,-,-,6264.6000,6258.2000,6250.4000,6235.6000,6232.0000,6268.4000,6268.6000,6270.2000,6273.6000,6275.0000,1,5,1,1,2,2,1,1,1,3
SF,IC2011,2020-09-22 09:30:52.400,6270.2000,2818,0,21275760.000,0,-,-,-,-,6258.2000,6250.4000,6235.6000,6232.0000,6230.2000,6268.2000,6268.4000,6270.2000,6273.6000,6275.0000,5,1,1,2,2,2,2,1,1,3
SF,IC2011,2020-09-22 09:30:52.900,6270.2000,2818,0,21275760.000,0,-,-,-,-,6264.0000,6262.2000,6260.8000,6259.2000,6258.4000,6268.0000,6268.4000,6270.2000,6273.6000,6275.0000,1,1,1,1,2,1,1,1,1,3
SF,IC2011,2020-09-22 09:30:53.400,6270.2000,2818,0,21275760.000,0,-,-,-,-,6264.0000,6260.8000,6259.2000,6258.4000,6252.4000,6268.0000,6268.4000,6270.2000,6273.6000,6275.0000,1,1,1,1,5,2,1,1,1,3
SF,IC2011,2020-09-22 09:30:53.900,6270.2000,2818,0,21275760.000,0,-,-,-,-,6264.0000,6259.2000,6258.4000,6252.4000,6250.4000,6267.8000,6268.0000,6268.4000,6270.2000,6273.6000,1,1,1,5,1,1,2,1,1,1
SF,IC2011,2020-09-22 09:30:54.400,6270.2000,2818,0,21275760.000,0,-,-,-,-,6264.0000,6259.2000,6258.4000,6252.4000,6250.4000,6267.6000,6267.8000,6268.4000,6270.2000,6273.6000,1,1,1,5,1,1,1,1,1,1
SF,IC2011,2020-09-22 09:30:54.900,6270.2000,2818,0,21275760.000,0,-,-,-,-,6264.0000,6259.2000,6258.4000,6252.4000,6250.4000,6267.4000,6267.6000,6268.4000,6270.2000,6273.6000,1,1,1,5,1,1,1,1,1,1
SF,IC2011,2020-09-22 09:30:55.400,6270.2000,2818,0,21275760.000,0,-,-,-,-,6264.0000,6259.2000,6258.4000,6252.4000,6250.4000,6267.0000,6267.2000,6267.4000,6268.4000,6270.2000,1,1,1,5,1,2,1,1,1,1
SF,IC2011,2020-09-22 09:30:55.900,6270.2000,2818,0,21275760.000,0,-,-,-,-,6264.0000,6259.2000,6258.4000,6252.4000,6250.4000,6266.8000,6267.0000,6267.2000,6268.4000,6270.2000,1,1,1,5,1,1,2,1,1,1
SF,IC2011,2020-09-22 09:30:56.400,6270.2000,2818,0,21275760.000,0,-,-,-,-,6264.0000,6259.2000,6258.4000,6252.4000,6250.4000,6266.8000,6267.0000,6268.4000,6270.2000,6275.0000,1,1,1,5,1,1,2,1,1,3
SF,IC2011,2020-09-22 09:30:56.900,6270.2000,2818,0,21275760.000,0,-,-,-,-,6259.2000,6258.4000,6252.4000,6250.4000,6235.6000,6266.4000,6266.8000,6268.4000,6270.2000,6275.0000,1,1,5,1,1,2,1,1,1,3
SF,IC2011,2020-09-22 09:30:57.400,6270.2000,2818,0,21275760.000,0,-,-,-,-,6261.0000,6260.4000,6259.4000,6259.2000,6252.4000,6266.4000,6266.8000,6270.2000,6275.0000,6284.2000,1,1,3,1,5,2,1,1,3,1
SF,IC2011,2020-09-22 09:30:57.900,6270.2000,2818,0,21275760.000,0,-,-,-,-,6261.4000,6261.2000,6261.0000,6260.4000,6259.4000,6266.2000,6266.4000,6266.8000,6270.2000,6275.0000,1,1,1,1,2,1,2,1,1,3
SF,IC2011,2020-09-22 09:30:58.400,6270.2000,2818,0,21275760.000,0,-,-,-,-,6261.6000,6261.4000,6260.4000,6259.4000,6259.2000,6266.2000,6266.4000,6266.8000,6269.2000,6270.2000,1,1,1,2,1,1,2,1,1,1
SF,IC2011,2020-09-22 09:30:58.900,6270.2000,2818,0,21275760.000,0,-,-,-,-,6262.2000,6261.8000,6261.6000,6261.4000,6259.4000,6266.4000,6266.8000,6269.2000,6270.2000,6275.0000,1,3,1,1,1,2,1,1,1,3
SF,IC2011,2020-09-22 09:30:59.400,6270.2000,2818,0,21275760.000,0,-,-,-,-,6261.8000,6261.6000,6261.4000,6259.4000,6259.2000,6266.8000,6269.2000,6270.2000,6275.0000,6284.2000,2,1,1,1,1,1,1,1,3,1
SF,IC2011,2020-09-22 09:30:59.900,6270.2000,2818,0,21275760.000,0,-,-,-,-,6262.0000,6261.8000,6261.6000,6261.4000,6259.4000,6269.2000,6270.2000,6275.0000,6284.2000,6287.2000,1,2,1,1,1,1,1,3,1,5
SF,IC2011,2020-09-22 09:31:00.400,6270.2000,2818,0,21275760.000,0,-,-,-,-,6262.0000,6261.8000,6261.6000,6261.4000,6259.2000,6266.6000,6268.8000,6269.0000,6269.2000,6270.2000,1,2,1,1,1,1,1,2,1,1
SF,IC2011,2020-09-22 09:31:00.900,6270.2000,2818,0,21275760.000,0,-,-,-,-,6262.0000,6261.8000,6261.6000,6261.4000,6259.2000,6266.4000,6266.6000,6267.6000,6268.8000,6269.0000,1,2,1,1,1,1,1,1,1,2
SF,IC2011,2020-09-22 09:31:01.400,6270.2000,2818,0,21275760.000,0,-,-,-,-,6262.2000,6262.0000,6261.6000,6261.4000,6259.2000,6266.0000,6266.4000,6267.6000,6268.8000,6269.0000,1,1,1,1,1,1,1,1,1,2
SF,IC2011,2020-09-22 09:31:01.900,6270.2000,2818,0,21275760.000,0,-,-,-,-,6262.2000,6261.6000,6261.4000,6259.2000,6252.4000,6265.8000,6266.2000,6268.8000,6269.0000,6269.2000,1,1,1,1,5,2,1,1,1,1
SF,IC2011,2020-09-22 09:31:02.400,6270.2000,2818,0,21275760.000,0,-,-,-,-,6262.2000,6261.6000,6261.4000,6259.2000,6252.4000,6265.6000,6265.8000,6268.8000,6269.0000,6269.2000,1,1,1,1,5,1,2,1,1,1
SF,IC2011,2020-09-22 09:31:02.900,6270.2000,2818,0,21275760.000,0,-,-,-,-,6262.2000,6261.6000,6261.4000,6259.2000,6252.4000,6265.4000,6265.6000,6268.8000,6269.0000,6269.2000,1,1,1,1,5,2,1,1,1,1
SF,IC2011,2020-09-22 09:31:03.400,6270.2000,2818,0,21275760.000,0,-,-,-,-,6262.2000,6261.6000,6261.4000,6259.2000,6252.4000,6265.2000,6265.4000,6268.8000,6269.2000,6270.2000,1,1,1,1,5,1,2,1,1,1
SF,IC2011,2020-09-22 09:31:03.900,6270.2000,2818,0,21275760.000,0,-,-,-,-,6261.6000,6261.4000,6259.2000,6252.4000,6250.4000,6265.0000,6265.2000,6268.8000,6269.2000,6270.2000,1,1,1,5,1,2,1,1,1,1
SF,IC2011,2020-09-22 09:31:04.400,6270.2000,2818,0,21275760.000,0,-,-,-,-,6261.8000,6261.6000,6261.4000,6259.2000,6252.4000,6265.0000,6265.2000,6268.8000,6269.2000,6270.2000,1,1,1,1,5,2,1,1,1,1
SF,IC2011,2020-09-22 09:31:04.900,6270.2000,2818,0,21275760.000,0,-,-,-,-,6261.8000,6261.6000,6261.4000,6259.2000,6252.4000,6264.6000,6265.0000,6268.8000,6269.2000,6270.2000,1,1,1,1,5,2,2,1,1,1
SF,IC2011,2020-09-22 09:31:05.400,6270.2000,2818,0,21275760.000,0,-,-,-,-,6261.8000,6261.6000,6261.4000,6259.2000,6252.4000,6264.4000,6264.6000,6268.8000,6269.2000,6270.2000,1,1,1,1,5,2,2,1,1,1
SF,IC2011,2020-09-22 09:31:05.900,6270.2000,2818,0,21275760.000,0,-,-,-,-,6261.6000,6261.4000,6259.2000,6252.4000,6250.4000,6264.4000,6268.8000,6269.2000,6270.2000,6275.0000,1,1,1,5,1,2,1,1,1,3
SF,IC2011,2020-09-22 09:31:06.400,6270.2000,2818,0,21275760.000,0,-,-,-,-,6261.6000,6261.4000,6252.4000,6250.4000,6235.6000,6264.2000,6264.4000,6268.8000,6269.2000,6270.2000,1,1,5,1,1,3,2,1,1,1
SF,IC2011,2020-09-22 09:31:06.900,6261.4000,2819,1,23780360.000,2,1,1,空开,S,6252.4000,6250.4000,6235.6000,6232.0000,6230.2000,6264.0000,6264.2000,6264.4000,6268.8000,6269.2000,5,1,1,2,2,1,3,1,1,1
SF,IC2011,2020-09-22 09:31:07.400,6261.4000,2819,0,23780360.000,0,-,-,-,-,6256.8000,6256.2000,6254.4000,6252.6000,6252.4000,6263.6000,6263.8000,6264.0000,6264.4000,6268.8000,2,1,1,4,6,2,1,1,1,1
SF,IC2011,2020-09-22 09:31:07.900,6261.4000,2819,0,23780360.000,0,-,-,-,-,6257.0000,6256.8000,6256.2000,6254.4000,6252.6000,6263.4000,6264.4000,6268.8000,6269.2000,6270.2000,2,2,1,1,1,1,1,1,1,1
SF,IC2011,2020-09-22 09:31:08.400,6261.4000,2819,0,23780360.000,0,-,-,-,-,6257.0000,6256.8000,6256.2000,6254.4000,6252.6000,6263.2000,6263.4000,6264.4000,6268.8000,6269.2000,2,2,1,1,1,3,1,1,1,1
SF,IC2011,2020-09-22 09:31:08.900,6261.4000,2819,0,23780360.000,0,-,-,-,-,6257.2000,6257.0000,6256.8000,6256.2000,6255.0000,6263.0000,6263.2000,6264.4000,6268.8000,6269.2000,1,2,1,1,1,2,3,1,1,1
SF,IC2011,2020-09-22 09:31:09.400,6261.4000,2819,0,23780360.000,0,-,-,-,-,6257.4000,6257.2000,6257.0000,6256.8000,6256.2000,6262.8000,6263.0000,6263.2000,6268.8000,6269.2000,1,1,1,1,1,1,1,2,1,1
SF,IC2011,2020-09-22 09:31:09.900,6261.4000,2819,0,23780360.000,0,-,-,-,-,6257.4000,6257.2000,6257.0000,6256.2000,6255.0000,6262.6000,6262.8000,6263.2000,6268.8000,6269.2000,1,1,1,1,1,2,1,2,1,1
SF,IC2011,2020-09-22 09:31:10.400,6261.4000,2819,0,23780360.000,0,-,-,-,-,6257.6000,6257.4000,6257.2000,6257.0000,6256.2000,6262.4000,6262.6000,6263.2000,6268.8000,6269.2000,1,1,1,1,1,1,2,2,1,1
SF,IC2011,2020-09-22 09:31:10.900,6261.4000,2819,0,23780360.000,0,-,-,-,-,6257.8000,6257.6000,6257.2000,6257.0000,6256.2000,6262.2000,6263.2000,6268.8000,6269.2000,6270.2000,1,1,1,1,1,1,2,1,1,1
SF,IC2011,2020-09-22 09:31:11.400,6261.4000,2819,0,23780360.000,0,-,-,-,-,6257.8000,6257.6000,6257.2000,6257.0000,6256.2000,6262.0000,6262.2000,6263.2000,6268.8000,6269.2000,1,1,1,1,1,1,1,2,1,1
SF,IC2011,2020-09-22 09:31:11.900,6261.4000,2819,0,23780360.000,0,-,-,-,-,6257.8000,6257.6000,6257.2000,6257.0000,6256.2000,6262.0000,6262.2000,6268.8000,6269.2000,6270.2000,1,1,1,1,1,2,1,1,1,1
SF,IC2011,2020-09-22 09:31:12.400,6261.4000,2819,0,23780360.000,0,-,-,-,-,6257.8000,6257.6000,6257.2000,6257.0000,6256.2000,6261.8000,6262.0000,6262.2000,6268.8000,6269.2000,1,1,1,1,1,1,2,1,1,1
SF,IC2011,2020-09-22 09:31:12.900,6261.4000,2819,0,23780360.000,0,-,-,-,-,6257.8000,6257.2000,6257.0000,6256.2000,6255.0000,6261.6000,6261.8000,6262.0000,6262.2000,6268.8000,1,1,1,1,1,1,1,1,1,1
SF,IC2011,2020-09-22 09:31:13.400,6261.4000,2819,0,23780360.000,0,-,-,-,-,6258.0000,6257.0000,6256.2000,6254.4000,6252.6000,6261.4000,6261.6000,6262.2000,6269.2000,6270.2000,1,1,1,1,1,1,3,1,1,1
SF,IC2011,2020-09-22 09:31:13.900,6261.4000,2819,0,23780360.000,0,-,-,-,-,6257.0000,6256.2000,6254.4000,6252.6000,6252.4000,6261.0000,6261.2000,6261.4000,6262.2000,6269.2000,1,1,1,1,6,2,1,1,1,1
SF,IC2011,2020-09-22 09:31:14.400,6261.4000,2819,0,23780360.000,0,-,-,-,-,6257.2000,6257.0000,6256.2000,6254.4000,6252.6000,6260.8000,6261.0000,6262.2000,6269.2000,6270.2000,2,1,1,1,1,1,2,1,1,1
SF,IC2011,2020-09-22 09:31:14.900,6261.4000,2819,0,23780360.000,0,-,-,-,-,6257.2000,6257.0000,6256.2000,6254.4000,6252.6000,6260.6000,6261.0000,6262.2000,6269.2000,6270.2000,2,1,1,1,1,1,2,1,1,1
SF,IC2011,2020-09-22 09:31:15.400,6261.4000,2819,0,23780360.000,0,-,-,-,-,6257.2000,6257.0000,6256.2000,6254.4000,6252.6000,6260.4000,6260.6000,6262.2000,6269.2000,6270.2000,2,1,1,1,1,2,1,1,1,1
SF,IC2011,2020-09-22 09:31:15.900,6261.4000,2819,0,23780360.000,0,-,-,-,-,6257.2000,6257.0000,6256.2000,6254.4000,6252.6000,6262.2000,6269.2000,6270.2000,6275.0000,6284.2000,2,1,1,1,1,1,1,1,3,1
SF,IC2011,2020-09-22 09:31:16.400,6261.4000,2819,0,23780360.000,0,-,-,-,-,6257.4000,6257.2000,6257.0000,6256.2000,6254.4000,6262.0000,6262.2000,6269.2000,6270.2000,6275.0000,1,1,1,1,1,1,1,1,1,3
SF,IC2011,2020-09-22 09:31:16.900,6261.4000,2819,0,23780360.000,0,-,-,-,-,6258.2000,6257.6000,6257.4000,6257.0000,6256.2000,6261.8000,6262.0000,6269.2000,6270.2000,6275.0000,1,1,1,1,1,1,2,1,1,3
SF,IC2011,2020-09-22 09:31:17.400,6261.4000,2819,0,23780360.000,0,-,-,-,-,6258.4000,6257.4000,6257.0000,6256.2000,6254.4000,6269.2000,6270.2000,6275.0000,6284.2000,6287.2000,1,1,1,1,1,1,1,3,1,5
SF,IC2011,2020-09-22 09:31:17.900,6261.4000,2819,0,23780360.000,0,-,-,-,-,6258.4000,6257.4000,6257.0000,6256.2000,6254.4000,6261.6000,6264.0000,6268.8000,6269.0000,6269.2000,1,1,1,1,1,2,2,1,5,1
SF,IC2011,2020-09-22 09:31:18.400,6261.4000,2819,0,23780360.000,0,-,-,-,-,6257.0000,6254.4000,6250.4000,6246.6000,6235.6000,6261.4000,6261.6000,6264.0000,6268.8000,6269.0000,1,1,1,5,1,3,2,2,1,3
SF,IC2011,2020-09-22 09:31:18.900,6261.4000,2819,0,23780360.000,0,-,-,-,-,6257.2000,6257.0000,6254.4000,6250.4000,6246.6000,6261.0000,6261.2000,6261.4000,6264.0000,6268.8000,1,1,1,1,5,2,1,3,2,1
SF,IC2011,2020-09-22 09:31:19.400,6261.4000,2819,0,23780360.000,0,-,-,-,-,6257.2000,6257.0000,6254.4000,6250.4000,6246.6000,6260.8000,6261.0000,6261.2000,6264.0000,6268.8000,1,1,1,1,5,2,3,1,2,1
SF,IC2011,2020-09-22 09:31:19.900,6261.4000,2819,0,23780360.000,0,-,-,-,-,6257.2000,6257.0000,6254.4000,6250.4000,6246.6000,6260.4000,6260.8000,6261.0000,6261.2000,6264.0000,1,1,1,1,5,2,2,1,1,2
SF,IC2011,2020-09-22 09:31:20.400,6261.4000,2819,0,23780360.000,0,-,-,-,-,6257.4000,6257.2000,6257.0000,6254.4000,6250.4000,6260.2000,6260.4000,6260.8000,6261.2000,6262.4000,1,1,1,1,1,1,2,1,1,1
SF,IC2011,2020-09-22 09:31:20.900,6261.4000,2819,0,23780360.000,0,-,-,-,-,6257.4000,6257.0000,6254.4000,6250.4000,6246.6000,6260.2000,6260.4000,6260.8000,6262.4000,6264.0000,1,1,1,1,5,1,2,1,1,2
SF,IC2011,2020-09-22 09:31:21.400,6261.4000,2819,0,23780360.000,0,-,-,-,-,6257.4000,6250.4000,6246.6000,6235.6000,6232.0000,6259.8000,6260.0000,6260.2000,6262.4000,6264.0000,1,1,5,1,2,2,1,1,1,1
SF,IC2011,2020-09-22 09:31:21.900,6259.6000,2819,0,26283760.000,2,1,1,多换,S,6250.4000,6246.6000,6235.6000,6232.0000,6230.2000,6259.8000,6260.0000,6262.4000,6264.0000,6269.0000,1,5,1,2,2,2,1,1,1,1
SF,IC2011,2020-09-22 09:31:22.400,6259.6000,2819,0,26283760.000,0,-,-,-,-,6254.4000,6253.2000,6252.4000,6250.6000,6250.4000,6258.8000,6259.2000,6259.6000,6260.0000,6261.2000,1,1,1,4,2,1,1,1,1,1
SF,IC2011,2020-09-22 09:31:22.900,6259.6000,2819,0,26283760.000,0,-,-,-,-,6254.6000,6254.4000,6253.2000,6252.4000,6250.6000,6258.6000,6259.2000,6260.0000,6261.2000,6262.4000,1,1,1,1,2,1,1,1,1,1
SF,IC2011,2020-09-22 09:31:23.400,6258.6000,2819,0,27535480.000,1,0,1,多换,S,6254.8000,6254.6000,6254.4000,6253.2000,6252.4000,6258.6000,6259.2000,6260.0000,6261.2000,6262.4000,1,1,1,1,1,1,1,1,1,1
SF,IC2011,2020-09-22 09:31:23.900,6258.6000,2819,0,27535480.000,0,-,-,-,-,6255.0000,6254.8000,6253.2000,6252.4000,6250.6000,6258.4000,6260.0000,6261.2000,6262.4000,6264.0000,1,1,1,1,2,2,1,1,1,1
SF,IC2011,2020-09-22 09:31:24.400,6258.6000,2819,0,27535480.000,0,-,-,-,-,6255.0000,6254.8000,6253.2000,6252.4000,6250.6000,6258.4000,6260.0000,6261.2000,6262.4000,6264.0000,1,1,1,1,2,1,1,1,1,1
SF,IC2011,2020-09-22 09:31:26.400,6258.6000,2819,0,27535480.000,0,-,-,-,-,6255.0000,6254.8000,6252.4000,6250.6000,6250.4000,6258.4000,6260.0000,6261.2000,6262.4000,6264.0000,1,1,1,2,2,1,1,1,1,1
SF,IC2011,2020-09-22 09:31:26.900,6258.6000,2819,0,27535480.000,0,-,-,-,-,6255.0000,6254.8000,6252.4000,6250.6000,6250.4000,6258.2000,6258.4000,6260.0000,6261.2000,6262.4000,1,1,1,2,1,1,1,1,1,1
SF,IC2011,2020-09-22 09:31:27.400,6258.6000,2819,0,27535480.000,0,-,-,-,-,6255.0000,6254.8000,6252.4000,6250.6000,6250.4000,6258.0000,6258.2000,6258.4000,6261.2000,6262.4000,1,1,1,2,1,1,1,1,1,1
SF,IC2011,2020-09-22 09:31:27.900,6255.0000,2818,-1,28786480.000,1,0,1,双平,S,6254.8000,6252.4000,6250.6000,6250.4000,6246.6000,6257.8000,6258.0000,6261.2000,6262.4000,6264.0000,1,1,2,1,5,1,3,1,1,1
SF,IC2011,2020-09-22 09:31:28.400,6255.0000,2818,0,28786480.000,0,-,-,-,-,6255.0000,6254.8000,6252.4000,6250.6000,6250.4000,6257.6000,6257.8000,6258.0000,6261.2000,6262.4000,1,1,1,2,1,1,1,2,1,1
SF,IC2011,2020-09-22 09:31:28.900,6255.0000,2818,0,28786480.000,0,-,-,-,-,6255.2000,6255.0000,6254.8000,6252.4000,6250.6000,6257.8000,6258.0000,6262.4000,6264.0000,6269.0000,1,1,1,1,2,1,2,1,1,1
SF,IC2011,2020-09-22 09:31:29.400,6255.0000,2818,0,28786480.000,0,-,-,-,-,6255.4000,6255.2000,6254.8000,6252.4000,6250.6000,6262.4000,6264.0000,6269.0000,6275.0000,6284.2000,1,1,1,1,2,1,1,1,3,1
SF,IC2011,2020-09-22 09:31:29.900,6255.0000,2818,0,28786480.000,0,-,-,-,-,6255.6000,6255.4000,6255.2000,6254.8000,6252.4000,6262.2000,6262.4000,6264.0000,6269.0000,6275.0000,1,1,1,1,1,2,1,1,1,3
SF,IC2011,2020-09-22 09:31:30.400,6255.0000,2818,0,28786480.000,0,-,-,-,-,6255.8000,6255.6000,6255.2000,6254.8000,6252.4000,6262.2000,6264.0000,6264.6000,6269.0000,6275.0000,1,1,1,1,1,2,1,1,1,3
SF,IC2011,2020-09-22 09:31:30.900,6255.0000,2818,0,28786480.000,0,-,-,-,-,6256.0000,6255.8000,6255.2000,6254.8000,6252.4000,6262.0000,6262.2000,6264.0000,6264.6000,6269.0000,1,1,1,1,1,1,2,1,1,1
SF,IC2011,2020-09-22 09:31:31.400,6255.0000,2818,0,28786480.000,0,-,-,-,-,6256.2000,6256.0000,6255.2000,6254.8000,6252.4000,6261.8000,6262.0000,6262.2000,6264.0000,6264.6000,1,1,1,1,1,1,1,1,1,1
SF,IC2011,2020-09-22 09:31:31.900,6255.0000,2818,0,28786480.000,0,-,-,-,-,6256.4000,6256.2000,6255.2000,6254.8000,6252.4000,6261.6000,6261.8000,6262.2000,6264.0000,6264.6000,1,1,1,1,1,1,1,1,1,1
SF,IC2011,2020-09-22 09:31:32.400,6255.0000,2818,0,28786480.000,0,-,-,-,-,6256.6000,6256.4000,6255.2000,6254.8000,6252.4000,6261.6000,6261.8000,6264.0000,6264.6000,6269.0000,1,1,1,1,1,1,1,1,1,1
SF,IC2011,2020-09-22 09:31:32.900,6255.0000,2818,0,28786480.000,0,-,-,-,-,6256.8000,6256.6000,6255.2000,6254.8000,6252.4000,6261.6000,6261.8000,6264.0000,6264.6000,6269.0000,1,1,1,1,1,1,1,1,1,1
SF,IC2011,2020-09-22 09:31:33.400,6255.0000,2818,0,28786480.000,0,-,-,-,-,6257.0000,6256.8000,6255.2000,6254.8000,6252.4000,6261.6000,6261.8000,6264.0000,6264.6000,6269.0000,1,1,1,1,1,1,1,1,1,1
SF,IC2011,2020-09-22 09:31:33.900,6255.0000,2818,0,28786480.000,0,-,-,-,-,6257.2000,6257.0000,6255.2000,6252.4000,6250.6000,6261.6000,6261.8000,6264.0000,6264.6000,6269.0000,1,1,1,1,1,1,1,1,1,1
SF,IC2011,2020-09-22 09:31:34.400,6255.0000,2818,0,28786480.000,0,-,-,-,-,6257.4000,6257.2000,6255.2000,6252.4000,6250.6000,6261.6000,6261.8000,6264.0000,6264.6000,6269.0000,1,1,1,1,1,1,1,1,1,1
SF,IC2011,2020-09-22 09:31:34.900,6255.0000,2818,0,28786480.000,0,-,-,-,-,6257.4000,6257.2000,6255.2000,6252.4000,6250.6000,6261.4000,6261.6000,6261.8000,6264.6000,6269.0000,1,1,1,1,1,1,1,1,1,1
SF,IC2011,2020-09-22 09:31:35.400,6255.0000,2818,0,28786480.000,0,-,-,-,-,6257.4000,6257.2000,6255.2000,6250.6000,6250.4000,6261.2000,6261.4000,6261.8000,6269.0000,6275.0000,1,1,1,1,1,1,1,1,1,3
SF,IC2011,2020-09-22 09:31:35.900,6255.0000,2818,0,28786480.000,0,-,-,-,-,6257.4000,6257.2000,6255.2000,6250.6000,6250.4000,6261.8000,6269.0000,6275.0000,6284.2000,6287.2000,1,1,1,1,1,1,1,3,1,5
SF,IC2011,2020-09-22 09:31:36.400,6255.0000,2818,0,28786480.000,0,-,-,-,-,6257.6000,6257.4000,6255.2000,6250.6000,6250.4000,6261.6000,6269.0000,6275.0000,6284.2000,6287.2000,2,1,1,1,1,1,1,3,1,5
SF,IC2011,2020-09-22 09:31:36.900,6255.0000,2818,0,28786480.000,0,-,-,-,-,6257.8000,6257.6000,6255.2000,6250.6000,6250.4000,6269.0000,6275.0000,6284.2000,6287.2000,6316.6000,1,2,1,1,1,1,3,1,5,1
SF,IC2011,2020-09-22 09:31:37.400,6255.0000,2818,0,28786480.000,0,-,-,-,-,6258.0000,6257.8000,6257.6000,6255.2000,6250.4000,6265.8000,6268.8000,6269.0000,6275.0000,6284.2000,1,1,1,1,1,1,3,1,3,1
SF,IC2011,2020-09-22 09:31:37.900,6255.0000,2818,0,28786480.000,0,-,-,-,-,6260.0000,6258.2000,6258.0000,6257.6000,6255.2000,6265.6000,6265.8000,6268.8000,6269.0000,6275.0000,1,1,1,1,1,1,1,2,1,3
SF,IC2011,2020-09-22 09:31:38.400,6255.0000,2818,0,28786480.000,0,-,-,-,-,6260.2000,6255.2000,6250.4000,6246.6000,6235.6000,6265.4000,6265.6000,6268.8000,6269.0000,6275.0000,2,1,1,5,1,1,1,2,1,3
SF,IC2011,2020-09-22 09:31:38.900,6255.0000,2818,0,28786480.000,0,-,-,-,-,6260.2000,6255.2000,6250.4000,6246.6000,6235.6000,6265.2000,6265.4000,6265.6000,6268.8000,6269.0000,2,1,1,5,1,2,1,1,2,1
SF,IC2011,2020-09-22 09:31:39.400,6255.0000,2818,0,28786480.000,0,-,-,-,-,6260.2000,6255.2000,6250.4000,6246.6000,6235.6000,6265.0000,6265.2000,6265.6000,6268.8000,6269.0000,2,1,1,5,1,1,1,1,2,1
SF,IC2011,2020-09-22 09:31:39.900,6255.0000,2818,0,28786480.000,0,-,-,-,-,6260.4000,6260.2000,6255.2000,6250.4000,6246.6000,6264.8000,6265.6000,6268.8000,6275.0000,6284.2000,2,2,1,1,5,1,1,2,3,1
SF,IC2011,2020-09-22 09:31:40.400,6255.0000,2818,0,28786480.000,0,-,-,-,-,6260.6000,6260.4000,6255.2000,6250.4000,6246.6000,6265.6000,6268.8000,6275.0000,6284.2000,6287.2000,4,3,1,1,5,1,2,3,1,5
SF,IC2011,2020-09-22 09:31:40.900,6265.6000,2818,0,30039600.000,1,0,1,多换,S,6260.6000,6260.4000,6255.2000,6250.4000,6246.6000,6268.8000,6275.0000,6284.2000,6287.2000,6292.6000,4,3,1,1,5,1,3,1,5,1
SF,IC2011,2020-09-22 09:31:41.400,6265.6000,2818,0,30039600.000,0,-,-,-,-,6260.6000,6260.4000,6250.4000,6246.6000,6235.6000,6268.6000,6268.8000,6275.0000,6284.2000,6287.2000,3,3,1,5,1,1,3,3,1,5
SF,IC2011,2020-09-22 09:31:41.900,6265.6000,2818,0,30039600.000,0,-,-,-,-,6260.8000,6260.6000,6260.4000,6250.4000,6246.6000,6265.4000,6267.6000,6268.6000,6268.8000,6275.0000,1,3,2,1,5,1,1,2,1,3
SF,IC2011,2020-09-22 09:31:42.400,6265.6000,2818,0,30039600.000,0,-,-,-,-,6261.0000,6260.8000,6260.6000,6260.4000,6250.4000,6265.2000,6267.2000,6267.6000,6268.6000,6268.8000,1,1,1,1,1,1,1,1,1,1
SF,IC2011,2020-09-22 09:31:42.900,6265.6000,2818,0,30039600.000,0,-,-,-,-,6261.0000,6260.8000,6260.6000,6260.4000,6250.4000,6265.0000,6265.2000,6267.2000,6267.6000,6268.6000,1,1,1,1,1,1,1,1,1,1
SF,IC2011,2020-09-22 09:31:43.400,6265.6000,2818,0,30039600.000,0,-,-,-,-,6261.0000,6260.8000,6260.6000,6260.4000,6250.4000,6264.8000,6265.0000,6265.2000,6267.2000,6267.6000,1,1,1,1,1,1,1,1,1,1
SF,IC2011,2020-09-22 09:31:43.900,6265.6000,2818,0,30039600.000,0,-,-,-,-,6261.0000,6260.6000,6260.4000,6250.4000,6246.6000,6264.6000,6265.2000,6267.2000,6267.6000,6268.8000,1,1,1,1,5,2,1,1,1,1
SF,IC2011,2020-09-22 09:31:44.400,6265.6000,2818,0,30039600.000,0,-,-,-,-,6260.4000,6250.4000,6246.6000,6235.6000,6232.6000,6264.6000,6265.2000,6267.2000,6268.8000,6275.0000,1,1,5,1,1,2,1,1,1,3
SF,IC2011,2020-09-22 09:31:44.900,6265.6000,2818,0,30039600.000,0,-,-,-,-,6260.4000,6250.4000,6246.6000,6235.6000,6232.6000,6264.6000,6265.2000,6267.2000,6268.8000,6275.0000,1,1,5,1,1,2,1,1,1,3
SF,IC2011,2020-09-22 09:31:45.400,6265.6000,2818,0,30039600.000,0,-,-,-,-,6250.4000,6246.6000,6235.6000,6232.6000,6232.0000,6264.2000,6264.4000,6264.6000,6265.2000,6267.2000,1,5,1,1,2,1,1,1,1,1
SF,IC2011,2020-09-22 09:31:45.900,6265.6000,2818,0,30039600.000,0,-,-,-,-,6256.8000,6256.4000,6256.0000,6254.4000,6250.6000,6264.0000,6264.2000,6264.4000,6267.2000,6268.8000,1,1,1,1,5,1,1,1,1,1
SF,IC2011,2020-09-22 09:31:46.400,6265.6000,2818,0,30039600.000,0,-,-,-,-,6257.0000,6256.8000,6256.4000,6256.0000,6254.4000,6263.8000,6264.0000,6264.4000,6267.2000,6268.8000,2,1,1,1,1,1,1,1,1,1
SF,IC2011,2020-09-22 09:31:46.900,6265.6000,2818,0,30039600.000,0,-,-,-,-,6257.0000,6256.8000,6256.4000,6256.0000,6254.4000,6263.6000,6263.8000,6264.4000,6267.2000,6268.8000,2,1,1,1,1,2,2,1,1,1
SF,IC2011,2020-09-22 09:31:47.400,6265.6000,2818,0,30039600.000,0,-,-,-,-,6257.2000,6257.0000,6256.8000,6256.4000,6256.0000,6263.6000,6263.8000,6264.4000,6267.2000,6268.8000,1,2,1,1,1,2,2,1,1,1
SF,IC2011,2020-09-22 09:31:47.900,6265.6000,2818,0,30039600.000,0,-,-,-,-,6257.4000,6257.2000,6257.0000,6256.8000,6256.4000,6263.2000,6263.6000,6263.8000,6264.4000,6267.2000,1,1,1,1,1,1,2,1,1,1
SF,IC2011,2020-09-22 09:31:48.400,6265.6000,2818,0,30039600.000,0,-,-,-,-,6257.4000,6257.2000,6257.0000,6256.8000,6256.4000,6263.0000,6263.2000,6263.8000,6264.4000,6267.2000,1,1,1,1,1,2,1,1,1,1
SF,IC2011,2020-09-22 09:31:48.900,6265.6000,2818,0,30039600.000,0,-,-,-,-,6258.2000,6257.4000,6257.2000,6257.0000,6256.8000,6263.0000,6263.2000,6263.8000,6264.4000,6267.2000,1,1,1,1,1,2,1,1,1,1
SF,IC2011,2020-09-22 09:31:49.400,6265.6000,2818,0,30039600.000,0,-,-,-,-,6258.4000,6258.2000,6257.2000,6257.0000,6256.8000,6263.0000,6263.2000,6264.4000,6267.2000,6268.8000,1,1,1,1,1,2,1,1,1,1
SF,IC2011,2020-09-22 09:31:49.900,6265.6000,2818,0,30039600.000,0,-,-,-,-,6258.4000,6258.2000,6257.2000,6257.0000,6256.8000,6262.6000,6263.0000,6264.4000,6267.2000,6268.8000,1,1,1,1,1,1,2,1,1,1
SF,IC2011,2020-09-22 09:31:50.400,6265.6000,2818,0,30039600.000,0,-,-,-,-,6258.4000,6257.2000,6257.0000,6256.8000,6256.4000,6262.4000,6262.6000,6263.0000,6264.4000,6267.2000,1,1,1,1,1,2,1,1,1,1
SF,IC2011,2020-09-22 09:31:50.900,6265.6000,2818,0,30039600.000,0,-,-,-,-,6257.2000,6257.0000,6256.4000,6254.4000,6250.6000,6262.2000,6262.4000,6262.6000,6263.0000,6267.2000,1,1,1,1,1,1,2,1,1,1
SF,IC2011,2020-09-22 09:31:51.400,6265.6000,2818,0,30039600.000,0,-,-,-,-,6257.4000,6257.2000,6257.0000,6256.4000,6254.4000,6262.0000,6262.2000,6262.4000,6267.2000,6268.8000,1,1,1,1,1,1,2,1,1,1
SF,IC2011,2020-09-22 09:31:51.900,6265.6000,2818,0,30039600.000,0,-,-,-,-,6257.4000,6257.2000,6257.0000,6256.8000,6256.4000,6261.8000,6262.0000,6262.2000,6267.2000,6275.0000,1,1,1,2,1,1,1,2,1,3
SF,IC2011,2020-09-22 09:31:52.400,6265.6000,2818,0,30039600.000,0,-,-,-,-,6257.6000,6257.4000,6257.2000,6257.0000,6256.8000,6261.6000,6261.8000,6262.2000,6267.2000,6275.0000,1,1,1,1,2,1,1,2,1,3
SF,IC2011,2020-09-22 09:31:52.900,6265.6000,2818,0,30039600.000,0,-,-,-,-,6257.8000,6257.6000,6257.2000,6257.0000,6256.8000,6261.6000,6262.2000,6267.2000,6275.0000,6284.2000,1,1,1,1,2,1,2,1,3,1
SF,IC2011,2020-09-22 09:31:53.400,6265.6000,2818,0,30039600.000,0,-,-,-,-,6257.8000,6257.6000,6257.2000,6257.0000,6256.8000,6262.2000,6267.2000,6275.0000,6284.2000,6287.2000,1,1,1,1,2,2,1,3,1,5
SF,IC2011,2020-09-22 09:31:53.900,6265.6000,2818,0,30039600.000,0,-,-,-,-,6258.0000,6257.8000,6257.6000,6257.2000,6257.0000,6262.2000,6267.2000,6275.0000,6284.2000,6287.2000,1,1,1,1,1,1,1,3,1,5
SF,IC2011,2020-09-22 09:31:54.400,6265.6000,2818,0,30039600.000,0,-,-,-,-,6258.6000,6258.2000,6258.0000,6257.6000,6257.0000,6262.2000,6267.2000,6275.0000,6284.2000,6287.2000,1,1,1,1,1,1,1,3,1,5
SF,IC2011,2020-09-22 09:31:54.900,6265.6000,2818,0,30039600.000,0,-,-,-,-,6259.2000,6258.8000,6258.6000,6258.0000,6257.6000,6262.2000,6267.2000,6275.0000,6284.2000,6287.2000,1,1,1,1,1,1,1,3,1,5
SF,IC2011,2020-09-22 09:31:55.400,6262.2000,2818,0,31292040.000,1,0,1,多换,S,6259.4000,6259.2000,6258.6000,6258.0000,6257.6000,6267.2000,6275.0000,6284.2000,6287.2000,6292.6000,2,1,1,1,1,1,3,1,5,1
SF,IC2011,2020-09-22 09:31:55.900,6262.2000,2818,0,31292040.000,0,-,-,-,-,6259.6000,6259.4000,6258.6000,6256.8000,6256.4000,6265.8000,6267.0000,6267.2000,6275.0000,6284.2000,1,2,1,2,2,1,1,1,3,1
SF,IC2011,2020-09-22 09:31:56.400,6262.2000,2818,0,31292040.000,0,-,-,-,-,6259.8000,6259.6000,6259.4000,6256.8000,6256.4000,6265.6000,6265.8000,6267.2000,6275.0000,6284.2000,1,1,1,2,2,1,1,1,3,1
SF,IC2011,2020-09-22 09:31:56.900,6262.2000,2818,0,31292040.000,0,-,-,-,-,6260.0000,6259.8000,6259.4000,6256.8000,6256.4000,6265.4000,6265.6000,6265.8000,6267.2000,6275.0000,1,1,1,2,2,3,1,1,1,3
SF,IC2011,2020-09-22 09:31:57.400,6262.2000,2818,0,31292040.000,0,-,-,-,-,6260.2000,6260.0000,6259.4000,6256.8000,6256.4000,6265.4000,6267.2000,6275.0000,6284.2000,6287.2000,1,1,1,2,2,3,1,3,1,5
SF,IC2011,2020-09-22 09:31:57.900,6262.2000,2818,0,31292040.000,0,-,-,-,-,6260.4000,6260.2000,6259.4000,6256.8000,6256.4000,6265.4000,6267.2000,6275.0000,6284.2000,6287.2000,1,1,1,2,2,1,1,3,1,5
SF,IC2011,2020-09-22 09:31:58.400,6262.2000,2818,0,31292040.000,0,-,-,-,-,6260.6000,6260.4000,6259.4000,6256.8000,6256.4000,6265.4000,6267.2000,6275.0000,6284.2000,6287.2000,2,1,1,2,2,1,1,3,1,5
SF,IC2011,2020-09-22 09:31:58.900,6262.2000,2818,0,31292040.000,0,-,-,-,-,6260.8000,6260.6000,6259.4000,6256.8000,6256.4000,6265.4000,6267.2000,6275.0000,6284.2000,6287.2000,1,2,1,2,2,1,1,3,1,5
SF,IC2011,2020-09-22 09:31:59.400,6262.2000,2818,0,31292040.000,0,-,-,-,-,6261.0000,6260.8000,6260.6000,6259.4000,6256.8000,6265.4000,6267.2000,6275.0000,6284.2000,6287.2000,1,1,1,1,2,1,1,3,1,5
SF,IC2011,2020-09-22 09:31:59.900,6262.2000,2818,0,31292040.000,0,-,-,-,-,6261.2000,6261.0000,6260.6000,6259.4000,6256.8000,6265.4000,6267.2000,6275.0000,6284.2000,6287.2000,1,1,1,1,2,1,1,3,1,5
SF,IC2011,2020-09-22 09:32:00.400,6262.2000,2818,0,31292040.000,0,-,-,-,-,6261.4000,6261.2000,6260.6000,6259.4000,6256.8000,6267.2000,6275.0000,6284.2000,6287.2000,6292.6000,1,1,1,1,2,1,3,1,5,1
SF,IC2011,2020-09-22 09:32:00.900,6262.2000,2818,0,31292040.000,0,-,-,-,-,6261.6000,6261.4000,6260.6000,6259.4000,6256.8000,6267.0000,6267.2000,6275.0000,6284.2000,6287.2000,1,1,1,1,2,2,1,3,1,5
SF,IC2011,2020-09-22 09:32:01.400,6262.2000,2818,0,31292040.000,0,-,-,-,-,6261.8000,6261.6000,6260.6000,6256.8000,6256.4000,6266.8000,6267.0000,6267.2000,6275.0000,6284.2000,1,1,1,2,1,1,1,1,3,1
SF,IC2011,2020-09-22 09:32:01.900,6262.2000,2818,0,31292040.000,0,-,-,-,-,6262.0000,6261.8000,6260.6000,6256.8000,6256.4000,6266.8000,6267.2000,6275.0000,6284.2000,6287.2000,1,1,1,2,1,1,1,3,1,5
SF,IC2011,2020-09-22 09:32:02.400,6262.2000,2818,0,31292040.000,0,-,-,-,-,6262.2000,6262.0000,6260.6000,6256.8000,6256.4000,6267.2000,6275.0000,6284.2000,6287.2000,6292.6000,1,1,1,2,1,1,3,1,5,1
SF,IC2011,2020-09-22 09:32:02.900,6262.2000,2818,0,31292040.000,0,-,-,-,-,6262.4000,6262.2000,6256.8000,6256.4000,6250.4000,6267.0000,6267.2000,6275.0000,6284.2000,6287.2000,1,1,2,1,2,2,1,3,1,5
SF,IC2011,2020-09-22 09:32:03.400,6266.8000,2817,-1,32545400.000,1,0,1,双平,S,6262.6000,6262.4000,6256.8000,6256.4000,6250.4000,6266.8000,6267.0000,6267.2000,6275.0000,6284.2000,1,1,2,1,2,2,2,1,3,1
SF,IC2011,2020-09-22 09:32:03.900,6266.8000,2817,0,32545400.000,0,-,-,-,-,6262.4000,6256.8000,6256.4000,6250.4000,6246.6000,6265.2000,6266.6000,6266.8000,6267.0000,6267.2000,1,2,1,2,5,1,1,2,1,1
SF,IC2011,2020-09-22 09:32:04.400,6266.8000,2817,0,32545400.000,0,-,-,-,-,6256.8000,6256.4000,6250.4000,6246.6000,6235.6000,6265.0000,6266.8000,6267.2000,6275.0000,6284.2000,2,1,2,5,1,1,2,1,3,1
SF,IC2011,2020-09-22 09:32:04.900,6266.8000,2817,0,32545400.000,0,-,-,-,-,6259.2000,6258.6000,6258.2000,6257.2000,6257.0000,6264.8000,6265.0000,6267.2000,6275.0000,6284.2000,1,1,1,1,4,1,1,1,3,1
SF,IC2011,2020-09-22 09:32:05.400,6266.8000,2817,0,32545400.000,0,-,-,-,-,6259.4000,6258.2000,6257.2000,6257.0000,6256.8000,6264.8000,6265.2000,6267.2000,6275.0000,6284.2000,1,1,1,2,2,1,1,1,3,1
SF,IC2011,2020-09-22 09:32:05.900,6266.8000,2817,0,32545400.000,0,-,-,-,-,6259.4000,6258.2000,6257.2000,6257.0000,6256.8000,6264.6000,6264.8000,6267.2000,6275.0000,6284.2000,1,1,1,2,2,2,1,1,3,1
SF,IC2011,2020-09-22 09:32:06.400,6266.8000,2817,0,32545400.000,0,-,-,-,-,6259.4000,6258.2000,6257.2000,6257.0000,6256.8000,6264.4000,6264.6000,6267.2000,6275.0000,6284.2000,1,1,1,2,2,1,2,1,3,1
SF,IC2011,2020-09-22 09:32:06.900,6266.8000,2817,0,32545400.000,0,-,-,-,-,6259.4000,6258.2000,6257.0000,6256.8000,6256.4000,6264.2000,6264.4000,6264.6000,6267.2000,6275.0000,1,1,2,2,1,1,1,1,1,3
SF,IC2011,2020-09-22 09:32:07.400,6266.8000,2817,0,32545400.000,0,-,-,-,-,6259.4000,6258.2000,6257.0000,6256.8000,6256.4000,6264.0000,6264.2000,6264.6000,6267.2000,6275.0000,1,1,2,2,1,1,1,1,1,3
SF,IC2011,2020-09-22 09:32:07.900,6266.8000,2817,0,32545400.000,0,-,-,-,-,6259.6000,6259.4000,6258.2000,6257.0000,6256.8000,6263.8000,6264.0000,6267.2000,6275.0000,6284.2000,1,1,1,1,2,1,1,1,3,1
SF,IC2011,2020-09-22 09:32:08.400,6266.8000,2817,0,32545400.000,0,-,-,-,-,6260.0000,6259.8000,6259.6000,6258.2000,6257.0000,6264.0000,6267.2000,6275.0000,6284.2000,6287.2000,1,1,1,1,1,1,1,3,1,5
SF,IC2011,2020-09-22 09:32:08.900,6266.8000,2817,0,32545400.000,0,-,-,-,-,6260.4000,6260.2000,6260.0000,6259.6000,6258.2000,6267.2000,6275.0000,6284.2000,6287.2000,6292.6000,2,1,1,1,1,1,3,1,5,1
SF,IC2011,2020-09-22 09:32:09.400,6266.8000,2817,0,32545400.000,0,-,-,-,-,6260.6000,6260.4000,6260.0000,6259.6000,6258.2000,6267.2000,6275.0000,6284.2000,6287.2000,6292.6000,2,2,1,1,6,1,3,1,5,1
SF,IC2011,2020-09-22 09:32:09.900,6266.8000,2817,0,32545400.000,0,-,-,-,-,6260.6000,6260.4000,6260.0000,6259.6000,6258.2000,6267.0000,6269.8000,6275.0000,6284.2000,6287.2000,2,2,1,1,6,2,1,3,1,5
SF,IC2011,2020-09-22 09:32:10.400,6266.8000,2817,0,32545400.000,0,-,-,-,-,6261.6000,6260.8000,6260.6000,6260.4000,6259.6000,6267.0000,6269.8000,6275.0000,6284.2000,6287.2000,1,1,2,2,1,2,1,3,1,5
SF,IC2011,2020-09-22 09:32:10.900,6266.8000,2817,0,32545400.000,0,-,-,-,-,6261.8000,6261.6000,6260.8000,6260.4000,6259.6000,6266.8000,6267.0000,6269.8000,6275.0000,6284.2000,2,1,1,2,1,1,1,1,3,1
SF,IC2011,2020-09-22 09:32:11.400,6266.8000,2817,0,32545400.000,0,-,-,-,-,6261.8000,6260.8000,6258.2000,6256.8000,6256.4000,6266.6000,6266.8000,6275.0000,6284.2000,6287.2000,1,1,1,2,1,3,1,3,1,5
SF,IC2011,2020-09-22 09:32:11.900,6266.8000,2817,0,36305480.000,3,1,2,多换,S,6258.2000,6256.8000,6256.4000,6252.4000,6250.4000,6266.4000,6266.6000,6266.8000,6275.0000,6284.2000,1,2,1,5,2,1,3,1,3,1
SF,IC2011,2020-09-22 09:32:12.400,6266.8000,2817,0,36305480.000,0,-,-,-,-,6259.2000,6258.8000,6258.6000,6258.4000,6258.2000,6264.6000,6266.2000,6266.4000,6266.6000,6266.8000,1,1,1,2,1,1,1,1,2,1
SF,IC2011,2020-09-22 09:32:12.900,6266.8000,2817,0,36305480.000,0,-,-,-,-,6259.4000,6259.2000,6258.8000,6258.6000,6258.4000,6264.4000,6266.2000,6266.6000,6266.8000,6275.0000,2,1,1,1,1,1,1,1,1,3
SF,IC2011,2020-09-22 09:32:13.400,6266.8000,2817,0,36305480.000,0,-,-,-,-,6259.4000,6259.2000,6258.8000,6258.6000,6258.4000,6264.4000,6266.2000,6266.6000,6266.8000,6275.0000,2,1,1,1,1,1,1,1,1,3
SF,IC2011,2020-09-22 09:32:13.900,6266.8000,2817,0,36305480.000,0,-,-,-,-,6259.6000,6259.4000,6259.2000,6258.8000,6258.6000,6264.2000,6266.2000,6266.6000,6266.8000,6275.0000,2,2,1,1,1,1,1,1,1,3
SF,IC2011,2020-09-22 09:32:14.400,6266.8000,2817,0,36305480.000,0,-,-,-,-,6260.4000,6260.2000,6259.8000,6259.6000,6259.2000,6266.2000,6266.6000,6266.8000,6275.0000,6284.2000,1,1,1,2,1,1,1,1,3,1
SF,IC2011,2020-09-22 09:32:14.900,6266.8000,2817,0,36305480.000,0,-,-,-,-,6260.6000,6260.4000,6260.2000,6259.6000,6259.2000,6266.6000,6266.8000,6275.0000,6284.2000,6287.2000,2,1,1,1,1,1,1,3,1,5
SF,IC2011,2020-09-22 09:32:15.400,6266.8000,2817,0,36305480.000,0,-,-,-,-,6260.8000,6260.6000,6260.4000,6260.2000,6259.6000,6266.4000,6266.8000,6275.0000,6284.2000,6287.2000,3,2,1,1,1,1,1,3,1,5
SF,IC2011,2020-09-22 09:32:15.900,6266.8000,2817,0,36305480.000,0,-,-,-,-,6261.0000,6260.8000,6260.4000,6260.2000,6259.6000,6266.8000,6275.0000,6284.2000,6287.2000,6292.6000,2,3,1,2,1,1,3,1,5,1
SF,IC2011,2020-09-22 09:32:16.400,6266.8000,2817,0,36305480.000,0,-,-,-,-,6262.2000,6261.0000,6260.8000,6260.2000,6259.6000,6266.6000,6275.0000,6284.2000,6287.2000,6292.6000,1,2,2,2,1,1,3,1,5,1
SF,IC2011,2020-09-22 09:32:16.900,6266.8000,2817,0,36305480.000,0,-,-,-,-,6262.8000,6262.4000,6262.2000,6260.8000,6260.2000,6275.0000,6284.2000,6287.2000,6292.6000,6316.6000,1,2,1,2,1,3,1,5,1,1
SF,IC2011,2020-09-22 09:32:17.400,6266.8000,2817,0,36305480.000,0,-,-,-,-,6263.0000,6262.8000,6262.2000,6260.8000,6260.2000,6271.2000,6273.6000,6274.8000,6275.0000,6275.4000,3,1,1,2,1,1,1,2,3,1
SF,IC2011,2020-09-22 09:32:17.900,6266.8000,2817,0,36305480.000,0,-,-,-,-,6264.0000,6263.2000,6263.0000,6262.8000,6260.8000,6270.8000,6271.0000,6273.6000,6274.8000,6275.0000,2,1,3,1,1,1,1,1,1,3
SF,IC2011,2020-09-22 09:32:18.400,6266.8000,2817,0,36305480.000,0,-,-,-,-,6264.2000,6264.0000,6263.4000,6263.2000,6262.8000,6270.8000,6273.6000,6274.8000,6275.0000,6275.4000,2,2,1,1,1,1,1,1,3,1
SF,IC2011,2020-09-22 09:32:18.900,6266.8000,2817,0,36305480.000,0,-,-,-,-,6264.2000,6264.0000,6263.4000,6263.2000,6262.8000,6270.6000,6270.8000,6273.6000,6274.8000,6275.0000,2,2,1,1,1,2,1,1,1,3
SF,IC2011,2020-09-22 09:32:19.400,6266.8000,2817,0,36305480.000,0,-,-,-,-,6264.4000,6264.2000,6264.0000,6263.4000,6263.2000,6270.6000,6270.8000,6273.6000,6274.8000,6275.0000,1,2,2,1,1,2,1,1,1,3
SF,IC2011,2020-09-22 09:32:19.900,6266.8000,2817,0,36305480.000,0,-,-,-,-,6265.0000,6264.6000,6264.4000,6263.4000,6263.2000,6270.2000,6270.6000,6273.6000,6274.8000,6275.0000,1,2,1,1,1,1,2,1,1,3
SF,IC2011,2020-09-22 09:32:20.400,6266.8000,2817,0,36305480.000,0,-,-,-,-,6265.2000,6265.0000,6264.4000,6263.4000,6263.2000,6270.0000,6270.2000,6270.6000,6273.6000,6274.8000,1,1,1,1,1,1,1,1,1,1
SF,IC2011,2020-09-22 09:32:20.900,6266.8000,2817,0,36305480.000,0,-,-,-,-,6265.4000,6265.2000,6264.4000,6263.4000,6263.2000,6269.8000,6270.0000,6270.6000,6273.6000,6274.8000,1,1,1,1,1,2,1,1,1,1
SF,IC2011,2020-09-22 09:32:21.400,6266.8000,2817,0,36305480.000,0,-,-,-,-,6265.6000,6265.4000,6264.4000,6260.4000,6256.8000,6269.8000,6270.6000,6273.6000,6274.8000,6275.0000,2,1,1,1,2,1,1,1,1,3
SF,IC2011,2020-09-22 09:32:21.900,6266.8000,2817,0,36305480.000,0,-,-,-,-,6265.8000,6265.6000,6265.4000,6260.4000,6256.8000,6270.6000,6274.8000,6275.0000,6284.2000,6287.2000,2,2,1,1,2,1,1,3,1,5
SF,IC2011,2020-09-22 09:32:22.400,6266.8000,2817,0,36305480.000,0,-,-,-,-,6266.0000,6265.8000,6265.4000,6260.4000,6256.8000,6270.6000,6274.8000,6275.0000,6284.2000,6287.2000,2,1,1,1,2,1,1,3,1,5
SF,IC2011,2020-09-22 09:32:22.900,6266.8000,2817,0,36305480.000,0,-,-,-,-,6266.0000,6265.8000,6260.4000,6256.8000,6252.4000,6270.4000,6270.6000,6275.0000,6284.2000,6287.2000,2,1,1,2,5,1,1,3,1,5
SF,IC2011,2020-09-22 09:32:23.400,6266.8000,2817,0,36305480.000,0,-,-,-,-,6266.0000,6265.8000,6260.4000,6256.8000,6252.4000,6270.2000,6270.4000,6275.0000,6284.2000,6287.2000,1,1,1,2,5,2,1,3,1,5
SF,IC2011,2020-09-22 09:32:23.900,6266.8000,2817,0,36305480.000,0,-,-,-,-,6266.0000,6260.4000,6256.8000,6252.4000,6250.4000,6270.0000,6270.2000,6275.0000,6284.2000,6287.2000,1,1,2,5,2,1,2,3,1,5
SF,IC2011,2020-09-22 09:32:24.400,6266.8000,2817,0,36305480.000,0,-,-,-,-,6260.4000,6256.8000,6252.4000,6250.4000,6235.6000,6269.8000,6270.0000,6270.2000,6275.0000,6284.2000,1,2,5,2,1,1,1,1,3,1
SF,IC2011,2020-09-22 09:32:24.900,6266.8000,2817,0,36305480.000,0,-,-,-,-,6263.2000,6262.2000,6260.6000,6260.4000,6256.8000,6269.4000,6269.6000,6269.8000,6275.0000,6284.2000,1,2,4,1,2,1,3,1,3,1
SF,IC2011,2020-09-22 09:32:25.400,6266.8000,2817,0,36305480.000,0,-,-,-,-,6263.4000,6263.2000,6262.2000,6260.6000,6260.4000,6269.4000,6269.6000,6269.8000,6275.0000,6284.2000,2,1,2,2,1,1,2,1,3,1
SF,IC2011,2020-09-22 09:32:25.900,6266.8000,2817,0,36305480.000,0,-,-,-,-,6264.0000,6263.6000,6263.4000,6262.2000,6260.6000,6269.2000,6269.8000,6275.0000,6284.2000,6287.2000,2,1,2,1,1,1,1,3,1,5
SF,IC2011,2020-09-22 09:32:26.400,6266.8000,2817,0,36305480.000,0,-,-,-,-,6264.2000,6264.0000,6263.6000,6262.2000,6260.6000,6269.8000,6275.0000,6284.2000,6287.2000,6292.6000,2,2,1,1,1,1,3,1,5,1
SF,IC2011,2020-09-22 09:32:26.900,6266.8000,2817,0,36305480.000,0,-,-,-,-,6264.4000,6264.2000,6264.0000,6263.6000,6262.2000,6269.6000,6275.0000,6284.2000,6287.2000,6292.6000,1,2,2,1,1,1,3,1,5,1
SF,IC2011,2020-09-22 09:32:27.400,6266.8000,2817,0,36305480.000,0,-,-,-,-,6264.6000,6264.4000,6264.0000,6263.6000,6262.2000,6269.6000,6275.0000,6284.2000,6287.2000,6292.6000,3,1,2,1,1,1,3,1,5,1
SF,IC2011,2020-09-22 09:32:27.900,6266.8000,2817,0,36305480.000,0,-,-,-,-,6264.6000,6264.4000,6264.0000,6263.6000,6262.2000,6269.6000,6275.0000,6284.2000,6287.2000,6292.6000,3,1,2,1,1,1,3,1,5,1
SF,IC2011,2020-09-22 09:32:28.400,6266.8000,2817,0,36305480.000,0,-,-,-,-,6264.6000,6264.4000,6264.0000,6263.6000,6262.2000,6269.4000,6269.6000,6275.0000,6284.2000,6287.2000,2,1,2,1,1,1,1,3,1,5
SF,IC2011,2020-09-22 09:32:28.900,6266.8000,2817,0,36305480.000,0,-,-,-,-,6264.6000,6264.4000,6263.6000,6262.2000,6260.6000,6269.2000,6269.4000,6275.0000,6284.2000,6287.2000,2,1,1,1,1,2,1,3,1,5
SF,IC2011,2020-09-22 09:32:29.400,6266.8000,2817,0,36305480.000,0,-,-,-,-,6264.6000,6264.4000,6263.6000,6262.2000,6260.6000,6269.0000,6269.2000,6269.4000,6275.0000,6284.2000,1,1,1,1,1,1,2,1,3,1
SF,IC2011,2020-09-22 09:32:29.900,6266.8000,2817,0,36305480.000,0,-,-,-,-,6264.6000,6264.4000,6263.6000,6262.2000,6260.6000,6268.8000,6269.0000,6275.0000,6284.2000,6287.2000,1,1,1,1,1,2,1,3,1,5
SF,IC2011,2020-09-22 09:32:30.400,6266.8000,2817,0,36305480.000,0,-,-,-,-,6265.4000,6264.6000,6264.4000,6263.6000,6262.2000,6268.8000,6269.0000,6275.0000,6284.2000,6287.2000,1,1,1,1,1,1,1,3,1,5
SF,IC2011,2020-09-22 09:32:30.900,6266.8000,2817,0,36305480.000,0,-,-,-,-,6265.6000,6265.4000,6265.0000,6264.4000,6263.6000,6268.8000,6275.0000,6284.2000,6287.2000,6292.6000,2,1,1,1,1,1,3,1,5,1
SF,IC2011,2020-09-22 09:32:31.400,6266.8000,2817,0,36305480.000,0,-,-,-,-,6265.6000,6265.0000,6264.4000,6263.6000,6262.2000,6275.0000,6284.2000,6287.2000,6292.6000,6316.6000,2,1,1,1,1,3,1,5,1,1
SF,IC2011,2020-09-22 09:32:31.900,6266.8000,2817,0,36305480.000,0,-,-,-,-,6265.8000,6265.6000,6265.0000,6264.4000,6263.6000,6273.0000,6273.6000,6274.8000,6275.0000,6284.2000,1,2,1,1,1,1,1,1,3,1
SF,IC2011,2020-09-22 09:32:32.400,6266.8000,2817,0,36305480.000,0,-,-,-,-,6266.0000,6265.8000,6265.6000,6265.0000,6264.4000,6273.0000,6273.6000,6275.0000,6284.2000,6287.2000,1,1,1,1,1,1,1,3,1,5
SF,IC2011,2020-09-22 09:32:32.900,6266.8000,2817,0,36305480.000,0,-,-,-,-,6266.4000,6266.2000,6266.0000,6265.6000,6265.0000,6272.8000,6273.0000,6273.6000,6275.0000,6284.2000,1,1,1,1,1,1,1,1,3,1
SF,IC2011,2020-09-22 09:32:33.400,6266.8000,2817,0,36305480.000,0,-,-,-,-,6266.6000,6265.0000,6264.4000,6260.4000,6252.4000,6272.6000,6272.8000,6273.0000,6273.6000,6275.0000,2,1,1,1,5,1,1,1,1,3
SF,IC2011,2020-09-22 09:32:33.900,6266.8000,2817,0,36305480.000,0,-,-,-,-,6267.0000,6266.6000,6265.0000,6264.4000,6260.4000,6272.4000,6272.6000,6273.0000,6273.6000,6275.0000,1,2,1,1,1,4,1,1,1,3
SF,IC2011,2020-09-22 09:32:34.400,6266.8000,2817,0,36305480.000,0,-,-,-,-,6267.2000,6267.0000,6264.4000,6260.4000,6252.4000,6272.2000,6272.4000,6273.0000,6273.6000,6275.0000,2,1,1,1,5,1,4,1,1,3
SF,IC2011,2020-09-22 09:32:34.900,6266.8000,2817,0,36305480.000,0,-,-,-,-,6267.2000,6264.4000,6260.4000,6252.4000,6250.4000,6272.0000,6272.2000,6272.4000,6273.0000,6273.6000,2,1,1,5,1,2,1,2,1,1
SF,IC2011,2020-09-22 09:32:35.400,6266.8000,2817,0,36305480.000,0,-,-,-,-,6267.2000,6264.4000,6260.4000,6252.4000,6250.4000,6272.0000,6272.4000,6273.0000,6273.6000,6275.0000,2,1,1,5,1,2,2,1,1,3
SF,IC2011,2020-09-22 09:32:35.900,6272.0000,2817,0,38814280.000,2,1,1,多换,S,6267.6000,6267.2000,6264.4000,6260.4000,6252.4000,6283.8000,6284.2000,6287.2000,6292.6000,6316.6000,1,2,1,1,5,3,1,5,1,1
SF,IC2011,2020-09-22 09:32:36.400,6272.0000,2817,0,38814280.000,0,-,-,-,-,6267.8000,6267.6000,6264.4000,6264.0000,6260.4000,6274.8000,6278.2000,6278.4000,6283.6000,6283.8000,3,1,1,5,1,1,1,1,2,3
SF,IC2011,2020-09-22 09:32:36.900,6272.0000,2817,0,38814280.000,0,-,-,-,-,6268.8000,6268.2000,6268.0000,6267.8000,6264.0000,6274.6000,6278.4000,6283.6000,6283.8000,6284.2000,1,1,1,3,5,1,1,2,3,1
SF,IC2011,2020-09-22 09:32:37.400,6272.0000,2817,0,38814280.000,0,-,-,-,-,6269.2000,6269.0000,6268.0000,6264.0000,6260.4000,6274.4000,6274.6000,6278.4000,6283.6000,6283.8000,1,2,1,5,1,1,1,1,2,3
SF,IC2011,2020-09-22 09:32:37.900,6272.0000,2817,0,38814280.000,0,-,-,-,-,6269.4000,6268.0000,6264.0000,6260.4000,6250.4000,6274.2000,6274.4000,6278.4000,6283.6000,6283.8000,1,1,5,1,1,2,1,1,2,3
SF,IC2011,2020-09-22 09:32:38.400,6272.0000,2817,0,38814280.000,0,-,-,-,-,6269.4000,6268.0000,6264.0000,6260.4000,6250.4000,6274.0000,6274.2000,6274.4000,6278.4000,6283.6000,1,1,5,1,1,2,2,1,1,2
SF,IC2011,2020-09-22 09:32:38.900,6272.0000,2817,0,38814280.000,0,-,-,-,-,6268.0000,6264.0000,6260.4000,6250.4000,6243.2000,6273.8000,6274.0000,6278.4000,6283.6000,6283.8000,1,5,1,1,1,2,2,1,2,3
SF,IC2011,2020-09-22 09:32:39.400,6272.0000,2817,0,38814280.000,0,-,-,-,-,6268.4000,6268.2000,6268.0000,6264.0000,6260.4000,6273.8000,6278.4000,6283.6000,6283.8000,6284.2000,1,1,1,5,1,3,1,2,3,1
SF,IC2011,2020-09-22 09:32:39.900,6272.0000,2817,0,38814280.000,0,-,-,-,-,6268.6000,6268.0000,6264.0000,6260.4000,6250.4000,6273.4000,6273.6000,6273.8000,6278.4000,6283.6000,1,1,5,1,1,1,1,1,1,2
SF,IC2011,2020-09-22 09:32:40.400,6272.0000,2817,0,38814280.000,0,-,-,-,-,6268.6000,6268.0000,6264.0000,6260.4000,6250.4000,6273.2000,6273.6000,6278.4000,6283.6000,6283.8000,1,1,5,1,1,2,1,1,2,3
SF,IC2011,2020-09-22 09:32:40.900,6272.0000,2817,0,38814280.000,0,-,-,-,-,6269.0000,6268.8000,6268.6000,6268.0000,6264.0000,6273.0000,6273.2000,6278.4000,6283.6000,6283.8000,1,1,1,1,5,1,2,1,2,3
SF,IC2011,2020-09-22 09:32:41.400,6272.0000,2817,0,38814280.000,0,-,-,-,-,6269.2000,6269.0000,6268.8000,6268.0000,6264.0000,6273.2000,6278.4000,6283.6000,6283.8000,6284.2000,1,1,1,1,5,1,1,2,3,1
SF,IC2011,2020-09-22 09:32:41.900,6272.0000,2817,0,38814280.000,0,-,-,-,-,6269.2000,6269.0000,6268.8000,6268.0000,6264.0000,6273.2000,6278.4000,6283.6000,6283.8000,6284.2000,1,1,1,1,5,1,1,2,3,1
SF,IC2011,2020-09-22 09:32:42.400,6272.0000,2817,0,38814280.000,0,-,-,-,-,6269.2000,6268.0000,6264.0000,6260.4000,6250.4000,6273.0000,6273.2000,6278.4000,6283.6000,6283.8000,1,1,5,1,1,2,1,1,2,3
SF,IC2011,2020-09-22 09:32:42.900,6272.0000,2817,0,38814280.000,0,-,-,-,-,6268.6000,6260.4000,6258.2000,6250.4000,6243.2000,6272.8000,6273.0000,6273.2000,6278.4000,6283.6000,1,1,5,1,1,1,2,1,1,2
SF,IC2011,2020-09-22 09:32:43.400,6268.6000,2817,0,40068000.000,1,0,1,多换,S,6260.4000,6258.2000,6250.4000,6243.2000,6235.6000,6272.8000,6273.0000,6273.2000,6283.6000,6283.8000,1,5,1,1,1,1,1,1,2,3
SF,IC2011,2020-09-22 09:32:43.900,6268.6000,2817,0,40068000.000,0,-,-,-,-,6264.6000,6264.0000,6260.8000,6260.6000,6260.4000,6272.6000,6272.8000,6273.0000,6283.6000,6283.8000,1,3,1,3,2,2,1,1,2,3
SF,IC2011,2020-09-22 09:32:44.400,6268.6000,2817,0,40068000.000,0,-,-,-,-,6265.0000,6264.8000,6260.6000,6260.4000,6258.2000,6271.2000,6272.4000,6272.6000,6272.8000,6273.0000,1,1,1,2,5,1,1,2,1,1
SF,IC2011,2020-09-22 09:32:44.900,6268.6000,2817,0,40068000.000,0,-,-,-,-,6265.4000,6265.2000,6265.0000,6260.6000,6260.4000,6271.0000,6271.2000,6272.4000,6272.8000,6273.0000,1,1,1,1,1,1,1,1,1,1
SF,IC2011,2020-09-22 09:32:45.400,6268.6000,2817,0,40068000.000,0,-,-,-,-,6265.6000,6265.4000,6260.6000,6258.2000,6250.4000,6271.0000,6271.2000,6272.4000,6273.0000,6283.6000,1,1,1,5,1,1,1,1,1,2
SF,IC2011,2020-09-22 09:32:45.900,6268.6000,2817,0,40068000.000,0,-,-,-,-,6266.0000,6265.6000,6265.4000,6260.6000,6258.2000,6270.8000,6271.0000,6273.0000,6283.6000,6283.8000,1,1,1,1,5,1,1,1,2,3
SF,IC2011,2020-09-22 09:32:46.400,6268.6000,2817,0,40068000.000,0,-,-,-,-,6269.0000,6266.2000,6266.0000,6265.4000,6260.6000,6273.0000,6283.6000,6283.8000,6284.2000,6293.0000,1,2,1,1,1,1,2,3,1,5
SF,IC2011,2020-09-22 09:32:46.900,6268.6000,2817,0,40068000.000,0,-,-,-,-,6269.2000,6269.0000,6266.4000,6266.2000,6260.6000,6272.8000,6273.0000,6283.6000,6283.8000,6284.2000,1,1,1,2,1,1,1,2,3,1
SF,IC2011,2020-09-22 09:32:47.400,6268.6000,2817,0,40068000.000,0,-,-,-,-,6269.2000,6269.0000,6266.4000,6266.2000,6260.6000,6272.6000,6272.8000,6273.0000,6283.6000,6283.8000,1,1,1,2,1,1,1,1,2,3
SF,IC2011,2020-09-22 09:32:47.900,6269.0000,2816,-1,42575600.000,2,0,2,多平,S,6266.4000,6266.2000,6260.6000,6258.2000,6250.4000,6272.4000,6272.6000,6273.0000,6283.6000,6283.8000,1,2,1,5,1,1,1,1,2,3
SF,IC2011,2020-09-22 09:32:48.400,6269.2000,2815,-1,43829440.000,1,0,1,双平,S,6266.6000,6266.4000,6260.6000,6258.2000,6250.4000,6271.2000,6272.2000,6272.4000,6272.6000,6283.6000,1,1,1,5,1,1,1,1,1,2
SF,IC2011,2020-09-22 09:32:48.900,6269.2000,2815,0,43829440.000,0,-,-,-,-,6266.6000,6266.4000,6260.6000,6258.2000,6250.4000,6271.0000,6271.2000,6272.4000,6283.6000,6283.8000,1,1,1,5,1,3,1,1,2,3
SF,IC2011,2020-09-22 09:32:49.400,6269.2000,2815,0,43829440.000,0,-,-,-,-,6266.6000,6266.4000,6260.6000,6258.2000,6250.4000,6271.0000,6271.2000,6283.6000,6283.8000,6284.2000,1,1,1,5,1,3,1,2,3,1
SF,IC2011,2020-09-22 09:32:49.900,6269.2000,2815,0,43829440.000,0,-,-,-,-,6266.8000,6266.6000,6260.6000,6258.2000,6250.4000,6271.0000,6271.2000,6283.6000,6283.8000,6284.2000,1,1,1,5,1,3,1,2,3,1
SF,IC2011,2020-09-22 09:32:50.400,6269.2000,2815,0,43829440.000,0,-,-,-,-,6267.0000,6266.8000,6260.6000,6258.2000,6250.4000,6271.0000,6271.2000,6283.6000,6283.8000,6284.2000,1,1,1,5,1,2,1,2,3,1
SF,IC2011,2020-09-22 09:32:50.900,6269.2000,2815,0,43829440.000,0,-,-,-,-,6267.0000,6266.8000,6260.6000,6258.2000,6250.4000,6270.8000,6271.0000,6271.2000,6283.6000,6283.8000,1,1,1,5,1,1,2,1,2,3
SF,IC2011,2020-09-22 09:32:51.400,6269.2000,2815,0,43829440.000,0,-,-,-,-,6267.0000,6260.6000,6258.2000,6250.4000,6243.2000,6270.6000,6271.0000,6271.2000,6283.6000,6283.8000,1,1,5,1,1,1,1,1,2,3
SF,IC2011,2020-09-22 09:32:51.900,6269.2000,2815,0,43829440.000,0,-,-,-,-,6267.2000,6267.0000,6260.6000,6258.2000,6250.4000,6270.6000,6271.0000,6271.2000,6283.6000,6283.8000,1,1,1,5,1,1,1,1,2,3
SF,IC2011,2020-09-22 09:32:52.400,6269.2000,2815,0,43829440.000,0,-,-,-,-,6267.4000,6267.2000,6260.6000,6258.2000,6250.4000,6270.6000,6283.6000,6283.8000,6284.2000,6293.0000,1,1,1,5,1,1,2,3,1,5
SF,IC2011,2020-09-22 09:32:52.900,6269.2000,2815,0,43829440.000,0,-,-,-,-,6267.4000,6267.2000,6260.6000,6258.2000,6250.4000,6270.4000,6283.6000,6283.8000,6284.2000,6293.0000,1,1,1,5,1,1,2,3,1,5
SF,IC2011,2020-09-22 09:32:53.400,6269.2000,2815,0,43829440.000,0,-,-,-,-,6267.4000,6260.6000,6258.2000,6250.4000,6243.2000,6270.2000,6270.4000,6283.6000,6283.8000,6284.2000,1,1,5,1,1,1,1,2,3,1
SF,IC2011,2020-09-22 09:32:53.900,6269.2000,2815,0,43829440.000,0,-,-,-,-,6267.4000,6260.6000,6258.2000,6250.4000,6243.2000,6269.8000,6270.0000,6270.2000,6283.6000,6283.8000,1,1,5,1,1,1,2,1,2,3
SF,IC2011,2020-09-22 09:32:54.400,6269.2000,2815,0,43829440.000,0,-,-,-,-,6260.6000,6258.2000,6250.4000,6243.2000,6235.6000,6269.6000,6269.8000,6270.0000,6270.2000,6283.6000,1,5,1,1,1,2,1,2,1,2
SF,IC2011,2020-09-22 09:32:54.900,6269.2000,2815,0,43829440.000,0,-,-,-,-,6264.2000,6262.4000,6262.2000,6261.0000,6260.8000,6269.4000,6269.6000,6269.8000,6270.0000,6283.6000,1,1,1,1,1,1,2,1,2,2
SF,IC2011,2020-09-22 09:32:55.400,6269.2000,2815,0,43829440.000,0,-,-,-,-,6264.6000,6264.4000,6262.4000,6260.6000,6258.2000,6269.4000,6269.6000,6269.8000,6283.6000,6283.8000,1,1,1,1,5,1,1,1,2,3
SF,IC2011,2020-09-22 09:32:55.900,6269.4000,2815,0,45083320.000,1,0,1,多换,S,6264.8000,6262.4000,6258.2000,6250.4000,6243.2000,6269.6000,6269.8000,6283.6000,6283.8000,6284.2000,2,1,5,1,1,1,1,2,3,1
SF,IC2011,2020-09-22 09:32:56.900,6269.4000,2815,0,45083320.000,0,-,-,-,-,6265.2000,6264.8000,6262.4000,6258.2000,6250.4000,6269.6000,6269.8000,6283.6000,6283.8000,6284.2000,1,2,1,5,1,1,1,2,3,1
SF,IC2011,2020-09-22 09:32:57.400,6269.4000,2815,0,45083320.000,0,-,-,-,-,6265.4000,6265.2000,6262.4000,6258.2000,6250.4000,6269.6000,6269.8000,6283.6000,6283.8000,6284.2000,2,1,1,5,1,1,1,2,3,1
SF,IC2011,2020-09-22 09:32:57.900,6269.4000,2815,0,45083320.000,0,-,-,-,-,6265.4000,6262.4000,6258.2000,6250.4000,6243.2000,6269.6000,6269.8000,6283.6000,6283.8000,6284.2000,2,1,5,1,1,1,1,2,3,1
SF,IC2011,2020-09-22 09:32:58.400,6269.4000,2815,0,45083320.000,0,-,-,-,-,6265.4000,6262.4000,6258.2000,6250.4000,6243.2000,6269.2000,6269.4000,6269.6000,6269.8000,6283.6000,2,1,5,1,1,1,2,1,1,2
SF,IC2011,2020-09-22 09:32:58.900,6269.4000,2815,0,45083320.000,0,-,-,-,-,6265.4000,6262.4000,6258.2000,6250.4000,6243.2000,6269.0000,6269.2000,6269.6000,6283.6000,6283.8000,1,1,5,1,1,2,1,1,2,3
SF,IC2011,2020-09-22 09:32:59.400,6269.4000,2815,0,45083320.000,0,-,-,-,-,6265.4000,6262.4000,6258.2000,6250.4000,6243.2000,6268.2000,6268.8000,6269.0000,6269.2000,6283.6000,1,1,5,1,1,1,1,2,1,2
SF,IC2011,2020-09-22 09:32:59.900,6269.4000,2815,0,45083320.000,0,-,-,-,-,6265.4000,6262.4000,6258.2000,6250.4000,6243.2000,6268.0000,6269.2000,6283.6000,6283.8000,6284.2000,1,1,5,1,1,1,2,2,3,1
SF,IC2011,2020-09-22 09:33:00.400,6269.4000,2815,0,45083320.000,0,-,-,-,-,6265.4000,6262.4000,6258.2000,6250.4000,6243.2000,6269.2000,6283.6000,6283.8000,6284.2000,6293.0000,1,1,5,1,1,1,2,3,1,5
SF,IC2011,2020-09-22 09:33:00.900,6269.4000,2815,0,45083320.000,0,-,-,-,-,6265.4000,6262.4000,6258.2000,6250.4000,6243.2000,6283.6000,6283.8000,6284.2000,6293.0000,6303.2000,1,1,5,1,1,2,3,1,5,1
SF,IC2011,2020-09-22 09:33:01.400,6269.4000,2815,0,45083320.000,0,-,-,-,-,6265.6000,6265.4000,6262.4000,6258.2000,6250.4000,6270.2000,6274.8000,6276.6000,6278.4000,6283.4000,1,1,1,5,1,1,1,1,1,2
SF,IC2011,2020-09-22 09:33:01.900,6269.4000,2815,0,45083320.000,0,-,-,-,-,6265.8000,6265.6000,6262.4000,6258.2000,6250.4000,6274.8000,6278.4000,6283.4000,6283.6000,6283.8000,1,1,1,5,1,1,1,2,2,3
SF,IC2011,2020-09-22 09:33:02.400,6269.4000,2815,0,45083320.000,0,-,-,-,-,6266.0000,6265.8000,6262.4000,6258.2000,6250.4000,6270.6000,6273.6000,6274.8000,6283.4000,6283.6000,1,1,1,5,1,1,1,1,1,1
SF,IC2011,2020-09-22 09:33:02.900,6269.4000,2815,0,45083320.000,0,-,-,-,-,6266.2000,6266.0000,6265.0000,6262.4000,6258.2000,6270.6000,6273.6000,6283.4000,6283.6000,6283.8000,1,1,1,1,5,1,1,1,1,3
SF,IC2011,2020-09-22 09:33:03.400,6269.4000,2815,0,45083320.000,0,-,-,-,-,6266.4000,6266.2000,6265.0000,6262.4000,6258.2000,6270.4000,6270.6000,6273.6000,6283.4000,6283.6000,1,1,1,1,5,1,1,1,1,1
SF,IC2011,2020-09-22 09:33:03.900,6269.4000,2815,0,45083320.000,0,-,-,-,-,6266.6000,6266.4000,6265.0000,6262.4000,6258.2000,6270.4000,6270.6000,6273.6000,6283.6000,6284.2000,1,1,1,1,5,1,1,1,1,1
SF,IC2011,2020-09-22 09:33:04.400,6270.4000,2815,0,46337400.000,1,0,1,多换,S,6266.4000,6265.0000,6258.2000,6250.4000,6243.2000,6270.6000,6283.6000,6284.2000,6293.0000,6303.2000,1,1,5,1,1,1,1,1,5,1
SF,IC2011,2020-09-22 09:33:04.900,6270.4000,2815,0,46337400.000,0,-,-,-,-,6266.6000,6266.4000,6265.0000,6258.2000,6250.4000,6270.6000,6283.6000,6284.2000,6293.0000,6303.2000,1,1,1,5,1,1,1,1,5,1
SF,IC2011,2020-09-22 09:33:05.400,6270.4000,2815,0,46337400.000,0,-,-,-,-,6266.8000,6266.6000,6266.4000,6265.0000,6258.2000,6283.0000,6283.6000,6284.2000,6293.0000,6303.2000,1,1,1,1,5,3,1,1,5,1
SF,IC2011,2020-09-22 09:33:05.900,6270.4000,2815,0,46337400.000,0,-,-,-,-,6267.0000,6265.0000,6258.2000,6250.4000,6243.2000,6271.6000,6273.6000,6274.8000,6278.4000,6282.8000,2,1,5,1,1,1,1,1,1,2
SF,IC2011,2020-09-22 09:33:06.400,6270.4000,2815,0,46337400.000,0,-,-,-,-,6267.0000,6265.0000,6258.2000,6250.4000,6243.2000,6271.4000,6271.6000,6273.6000,6278.4000,6282.8000,2,1,5,1,1,1,1,1,1,2
SF,IC2011,2020-09-22 09:33:07.400,6270.4000,2815,0,46337400.000,0,-,-,-,-,6267.0000,6265.0000,6258.2000,6250.4000,6243.2000,6271.4000,6278.4000,6282.8000,6283.0000,6284.2000,2,1,5,1,1,1,1,2,3,1
SF,IC2011,2020-09-22 09:33:07.900,6270.4000,2815,0,46337400.000,0,-,-,-,-,6267.0000,6265.0000,6264.8000,6258.2000,6250.4000,6271.2000,6271.4000,6278.4000,6282.8000,6283.0000,2,1,1,5,1,1,1,1,2,3
SF,IC2011,2020-09-22 09:33:08.400,6270.4000,2815,0,46337400.000,0,-,-,-,-,6267.0000,6265.0000,6264.8000,6258.2000,6250.4000,6271.2000,6278.4000,6282.8000,6283.0000,6284.2000,2,1,1,5,1,1,1,2,3,1
SF,IC2011,2020-09-22 09:33:08.900,6270.4000,2815,0,46337400.000,0,-,-,-,-,6267.0000,6265.0000,6264.8000,6258.2000,6250.4000,6271.0000,6271.2000,6278.4000,6282.8000,6283.0000,2,1,1,5,1,1,1,1,2,3
SF,IC2011,2020-09-22 09:33:11.900,6270.4000,2815,0,46337400.000,0,-,-,-,-,6267.0000,6265.0000,6264.8000,6258.2000,6250.4000,6270.4000,6271.0000,6271.2000,6282.8000,6283.0000,2,1,1,5,1,1,1,1,2,3
SF,IC2011,2020-09-22 09:33:12.400,6270.4000,2815,0,46337400.000,0,-,-,-,-,6267.0000,6265.0000,6264.8000,6258.2000,6250.4000,6270.0000,6270.2000,6271.0000,6271.2000,6282.8000,1,1,1,5,1,1,1,1,1,2
SF,IC2011,2020-09-22 09:33:12.900,6270.4000,2815,0,46337400.000,0,-,-,-,-,6267.0000,6265.0000,6264.8000,6258.2000,6250.4000,6270.2000,6271.0000,6282.8000,6283.0000,6284.2000,1,1,1,5,1,1,1,2,3,1
SF,IC2011,2020-09-22 09:33:13.400,6270.4000,2815,0,46337400.000,0,-,-,-,-,6267.0000,6265.0000,6264.8000,6258.2000,6250.4000,6271.0000,6282.8000,6283.0000,6284.2000,6293.0000,1,1,1,5,1,1,2,3,1,5
SF,IC2011,2020-09-22 09:33:13.900,6270.4000,2815,0,46337400.000,0,-,-,-,-,6267.0000,6265.0000,6264.8000,6258.2000,6250.4000,6270.2000,6271.0000,6282.8000,6283.0000,6284.2000,1,1,1,5,1,1,1,2,3,1
SF,IC2011,2020-09-22 09:33:14.400,6270.4000,2815,0,46337400.000,0,-,-,-,-,6267.0000,6265.0000,6264.8000,6258.2000,6250.4000,6270.0000,6270.2000,6271.0000,6282.8000,6283.0000,1,1,1,5,1,1,1,1,2,3
SF,IC2011,2020-09-22 09:33:16.400,6270.4000,2815,0,46337400.000,0,-,-,-,-,6267.0000,6265.0000,6264.8000,6258.2000,6250.4000,6270.2000,6271.0000,6282.8000,6283.0000,6284.2000,1,1,1,5,1,1,1,2,3,1
SF,IC2011,2020-09-22 09:33:16.900,6270.4000,2815,0,46337400.000,0,-,-,-,-,6267.2000,6267.0000,6265.0000,6264.8000,6258.2000,6270.2000,6282.8000,6283.0000,6284.2000,6293.0000,1,1,1,1,5,1,2,3,1,5
SF,IC2011,2020-09-22 09:33:17.400,6270.4000,2815,0,46337400.000,0,-,-,-,-,6267.4000,6267.2000,6265.0000,6264.8000,6258.2000,6270.2000,6282.8000,6283.0000,6284.2000,6293.0000,1,1,1,1,5,1,2,3,1,5
SF,IC2011,2020-09-22 09:33:21.900,6270.4000,2815,0,46337400.000,0,-,-,-,-,6267.6000,6267.4000,6265.0000,6264.8000,6258.2000,6270.2000,6282.8000,6283.0000,6284.2000,6293.0000,1,1,1,1,5,1,2,3,1,5
SF,IC2011,2020-09-22 09:33:22.400,6267.8000,2815,0,47590960.000,1,0,1,多换,S,6267.6000,6265.0000,6264.8000,6258.2000,6250.4000,6270.2000,6282.8000,6283.0000,6284.2000,6293.0000,1,1,1,5,1,1,2,3,1,5
SF,IC2011,2020-09-22 09:33:22.900,6267.8000,2815,0,47590960.000,0,-,-,-,-,6267.8000,6267.6000,6265.0000,6264.8000,6258.2000,6270.2000,6282.8000,6283.0000,6284.2000,6293.0000,1,1,1,1,5,1,2,3,1,5
SF,IC2011,2020-09-22 09:33:25.900,6267.8000,2815,0,47590960.000,0,-,-,-,-,6267.8000,6267.6000,6265.0000,6264.8000,6258.2000,6270.0000,6270.2000,6282.8000,6283.0000,6284.2000,1,1,1,1,5,1,1,2,3,1
SF,IC2011,2020-09-22 09:33:26.400,6267.8000,2815,0,47590960.000,0,-,-,-,-,6267.8000,6265.0000,6264.8000,6258.2000,6250.4000,6270.0000,6270.2000,6282.8000,6283.0000,6284.2000,1,1,1,5,1,1,1,2,3,1
SF,IC2011,2020-09-22 09:33:26.900,6267.8000,2815,0,48844520.000,1,0,1,多换,S,6268.0000,6265.0000,6264.8000,6258.2000,6250.4000,6269.8000,6270.2000,6282.8000,6283.0000,6284.2000,1,1,1,5,1,1,1,2,3,1
SF,IC2011,2020-09-22 09:33:27.400,6267.8000,2815,0,48844520.000,0,-,-,-,-,6268.0000,6265.0000,6264.8000,6258.2000,6250.4000,6269.6000,6269.8000,6270.2000,6282.8000,6283.0000,1,1,1,5,1,1,1,1,2,3
SF,IC2011,2020-09-22 09:33:27.900,6267.8000,2815,0,48844520.000,0,-,-,-,-,6265.0000,6264.8000,6258.2000,6250.4000,6243.2000,6269.6000,6269.8000,6270.2000,6282.8000,6283.0000,1,1,5,1,1,1,1,1,2,3
SF,IC2011,2020-09-22 09:33:28.400,6267.8000,2815,0,48844520.000,0,-,-,-,-,6265.2000,6265.0000,6264.8000,6258.2000,6250.4000,6269.6000,6269.8000,6270.2000,6282.8000,6283.0000,1,1,1,5,1,1,1,1,2,3
SF,IC2011,2020-09-22 09:33:28.900,6267.8000,2815,0,48844520.000,0,-,-,-,-,6266.4000,6265.4000,6265.2000,6265.0000,6264.8000,6270.2000,6282.8000,6283.0000,6284.2000,6293.0000,1,1,1,1,1,1,2,3,1,5
SF,IC2011,2020-09-22 09:33:29.400,6267.8000,2815,0,48844520.000,0,-,-,-,-,6266.4000,6265.4000,6265.2000,6265.0000,6264.8000,6282.8000,6283.0000,6284.2000,6293.0000,6303.2000,1,1,1,1,1,2,3,1,5,1
SF,IC2011,2020-09-22 09:33:29.900,6267.8000,2815,0,48844520.000,0,-,-,-,-,6266.6000,6266.4000,6265.0000,6264.8000,6258.2000,6271.2000,6274.8000,6277.2000,6278.4000,6282.6000,1,1,1,1,5,1,1,1,1,1
SF,IC2011,2020-09-22 09:33:30.400,6267.8000,2815,0,48844520.000,0,-,-,-,-,6267.2000,6266.6000,6265.0000,6264.8000,6258.2000,6274.8000,6278.4000,6282.6000,6282.8000,6283.0000,1,1,1,1,5,1,1,1,2,3
SF,IC2011,2020-09-22 09:33:30.900,6267.8000,2815,0,48844520.000,0,-,-,-,-,6267.4000,6267.2000,6265.0000,6264.8000,6258.2000,6272.8000,6274.6000,6274.8000,6278.4000,6283.0000,1,1,1,1,5,1,1,1,1,3
SF,IC2011,2020-09-22 09:33:31.400,6267.8000,2815,0,48844520.000,0,-,-,-,-,6267.6000,6267.4000,6267.2000,6265.0000,6264.8000,6272.6000,6272.8000,6274.8000,6278.4000,6283.0000,1,1,1,1,1,1,1,1,1,3
SF,IC2011,2020-09-22 09:33:31.900,6267.8000,2815,0,48844520.000,0,-,-,-,-,6268.8000,6267.8000,6267.6000,6267.2000,6265.0000,6272.6000,6278.4000,6283.0000,6284.2000,6293.0000,1,3,1,1,1,1,1,3,1,5
SF,IC2011,2020-09-22 09:33:32.400,6267.8000,2815,0,48844520.000,0,-,-,-,-,6269.4000,6268.8000,6267.8000,6267.2000,6265.0000,6272.6000,6278.4000,6283.0000,6284.2000,6293.0000,1,1,2,1,1,1,1,3,1,5
SF,IC2011,2020-09-22 09:33:32.900,6272.6000,2815,0,50099040.000,1,0,1,多换,S,6272.6000,6269.4000,6268.8000,6267.8000,6267.2000,6283.0000,6284.2000,6293.0000,6303.2000,6316.6000,1,1,2,2,1,3,1,5,1,1
SF,IC2011,2020-09-22 09:33:33.400,6272.6000,2815,0,50099040.000,0,-,-,-,-,6272.8000,6272.6000,6270.4000,6269.4000,6268.8000,6275.6000,6278.4000,6282.4000,6282.8000,6283.0000,1,1,1,1,2,1,2,1,2,3
SF,IC2011,2020-09-22 09:33:33.900,6272.6000,2815,0,50099040.000,0,-,-,-,-,6272.6000,6270.4000,6269.4000,6268.8000,6267.8000,6275.6000,6282.4000,6282.8000,6283.0000,6284.2000,1,1,1,2,1,1,1,1,3,1
SF,IC2011,2020-09-22 09:33:34.400,6272.6000,2815,0,50099040.000,0,-,-,-,-,6272.6000,6270.4000,6269.4000,6268.8000,6265.0000,6275.4000,6275.6000,6282.4000,6282.8000,6283.0000,1,1,1,2,1,1,1,1,1,3
SF,IC2011,2020-09-22 09:33:34.900,6275.4000,2816,1,52608640.000,2,1,1,空开,S,6272.8000,6268.8000,6265.0000,6264.8000,6258.2000,6275.6000,6282.4000,6282.8000,6283.0000,6284.2000,1,2,1,1,5,1,1,1,3,1
SF,IC2011,2020-09-22 09:33:35.400,6272.8000,2816,0,53863200.000,1,0,1,多换,S,6268.8000,6265.0000,6264.8000,6258.2000,6250.4000,6275.6000,6282.4000,6282.8000,6283.0000,6284.2000,2,1,1,5,1,1,1,1,3,1
SF,IC2011,2020-09-22 09:33:35.900,6272.8000,2816,0,53863200.000,0,-,-,-,-,6269.0000,6265.0000,6264.8000,6258.2000,6250.4000,6275.4000,6275.6000,6282.4000,6283.0000,6284.2000,1,1,1,5,1,1,1,1,3,1
SF,IC2011,2020-09-22 09:33:36.400,6272.8000,2816,0,53863200.000,0,-,-,-,-,6269.0000,6265.0000,6264.8000,6258.2000,6250.4000,6275.4000,6275.6000,6282.4000,6283.0000,6284.2000,1,1,1,5,1,1,1,1,3,1
SF,IC2011,2020-09-22 09:33:36.900,6272.8000,2816,0,53863200.000,0,-,-,-,-,6269.0000,6265.0000,6264.8000,6258.2000,6250.4000,6275.4000,6275.6000,6282.4000,6283.0000,6284.2000,1,1,1,5,1,1,1,1,3,1
SF,IC2011,2020-09-22 09:33:37.400,6272.8000,2816,0,53863200.000,0,-,-,-,-,6269.4000,6269.2000,6269.0000,6265.0000,6264.8000,6275.6000,6282.4000,6283.0000,6284.2000,6293.0000,1,1,1,1,1,1,1,3,1,5
SF,IC2011,2020-09-22 09:33:37.900,6272.8000,2816,0,53863200.000,0,-,-,-,-,6269.6000,6269.4000,6268.8000,6265.0000,6264.8000,6275.6000,6282.4000,6283.0000,6284.2000,6293.0000,3,1,1,1,1,1,1,3,1,5
SF,IC2011,2020-09-22 09:33:38.400,6272.8000,2816,0,53863200.000,0,-,-,-,-,6271.2000,6269.8000,6269.6000,6268.8000,6265.0000,6275.6000,6282.4000,6283.0000,6284.2000,6293.0000,1,1,4,1,1,1,1,3,1,5
SF,IC2011,2020-09-22 09:33:38.900,6275.6000,2816,0,55118320.000,1,0,1,多换,S,6271.4000,6269.8000,6269.6000,6268.8000,6265.0000,6275.4000,6282.4000,6283.0000,6284.2000,6293.0000,1,1,1,1,1,1,1,3,1,5
SF,IC2011,2020-09-22 09:33:39.900,6275.6000,2816,0,55118320.000,0,-,-,-,-,6271.6000,6271.4000,6269.8000,6268.8000,6265.0000,6275.4000,6283.0000,6284.2000,6293.0000,6303.2000,1,1,1,1,1,1,3,1,5,1
SF,IC2011,2020-09-22 09:33:40.400,6275.6000,2816,0,55118320.000,0,-,-,-,-,6271.8000,6271.6000,6271.4000,6269.8000,6268.8000,6283.0000,6284.2000,6293.0000,6303.2000,6316.6000,1,1,1,1,1,3,1,5,1,1
SF,IC2011,2020-09-22 09:33:40.900,6275.6000,2816,0,55118320.000,0,-,-,-,-,6272.0000,6271.8000,6271.6000,6268.8000,6265.0000,6278.4000,6282.6000,6282.8000,6283.0000,6284.2000,1,1,1,1,1,2,1,3,3,1
SF,IC2011,2020-09-22 09:33:41.400,6275.6000,2816,0,55118320.000,0,-,-,-,-,6272.0000,6271.8000,6271.6000,6268.8000,6265.0000,6282.6000,6282.8000,6283.0000,6284.2000,6293.0000,1,1,1,1,1,1,3,3,1,5
SF,IC2011,2020-09-22 09:33:41.900,6275.6000,2816,0,55118320.000,0,-,-,-,-,6272.0000,6271.8000,6271.6000,6268.8000,6265.0000,6278.4000,6280.4000,6282.4000,6282.6000,6282.8000,1,1,1,1,1,2,1,1,1,2
SF,IC2011,2020-09-22 09:33:42.400,6275.6000,2816,0,55118320.000,0,-,-,-,-,6272.0000,6271.8000,6271.6000,6268.8000,6268.0000,6278.4000,6280.4000,6282.4000,6282.6000,6283.0000,1,1,1,1,1,2,1,1,1,3
SF,IC2011,2020-09-22 09:33:42.900,6275.6000,2816,0,55118320.000,0,-,-,-,-,6272.0000,6271.8000,6271.6000,6268.8000,6268.0000,6278.0000,6278.4000,6281.0000,6282.6000,6284.2000,1,1,1,1,1,1,1,1,1,1
SF,IC2011,2020-09-22 09:33:43.400,6275.6000,2816,0,55118320.000,0,-,-,-,-,6272.0000,6271.8000,6271.6000,6268.8000,6268.0000,6278.0000,6281.0000,6282.2000,6282.6000,6284.2000,1,1,1,1,1,1,1,1,1,1
SF,IC2011,2020-09-22 09:33:44.400,6275.6000,2816,0,55118320.000,0,-,-,-,-,6272.0000,6271.8000,6268.8000,6268.0000,6265.0000,6278.0000,6281.0000,6282.2000,6282.6000,6284.2000,1,1,1,1,1,1,1,1,1,1
SF,IC2011,2020-09-22 09:33:44.900,6275.6000,2816,0,55118320.000,0,-,-,-,-,6272.0000,6271.8000,6268.8000,6268.0000,6265.0000,6277.4000,6277.8000,6278.0000,6281.0000,6282.2000,1,1,1,1,1,1,1,1,1,1
SF,IC2011,2020-09-22 09:33:45.400,6275.6000,2816,0,55118320.000,0,-,-,-,-,6272.0000,6271.8000,6268.8000,6268.0000,6265.0000,6276.6000,6277.2000,6277.4000,6277.8000,6278.0000,1,1,1,1,1,1,1,1,1,1
SF,IC2011,2020-09-22 09:33:45.900,6275.6000,2816,0,55118320.000,0,-,-,-,-,6272.0000,6268.8000,6268.0000,6265.0000,6264.8000,6276.4000,6276.6000,6277.2000,6277.4000,6277.8000,1,1,1,1,1,1,1,1,1,1
SF,IC2011,2020-09-22 09:33:46.400,6275.6000,2816,0,55118320.000,0,-,-,-,-,6272.0000,6268.0000,6265.0000,6264.8000,6258.2000,6275.8000,6276.0000,6276.2000,6276.4000,6276.6000,1,1,1,1,5,1,1,1,1,1
SF,IC2011,2020-09-22 09:33:46.900,6275.6000,2816,0,55118320.000,0,-,-,-,-,6268.0000,6265.0000,6264.8000,6258.2000,6250.4000,6272.0000,6274.8000,6275.6000,6275.8000,6276.0000,1,1,1,5,1,1,1,1,1,1
SF,IC2011,2020-09-22 09:33:47.400,6275.6000,2816,0,55118320.000,0,-,-,-,-,6268.0000,6265.0000,6264.8000,6258.2000,6250.4000,6272.0000,6274.8000,6275.6000,6275.8000,6276.0000,1,1,1,5,1,1,1,1,1,1
SF,IC2011,2020-09-22 09:33:47.900,6275.6000,2816,0,55118320.000,0,-,-,-,-,6268.0000,6265.0000,6264.8000,6258.2000,6250.4000,6272.0000,6274.8000,6275.8000,6276.0000,6276.2000,1,1,1,5,1,1,1,1,1,2
SF,IC2011,2020-09-22 09:33:48.400,6272.0000,2817,1,56372720.000,1,1,0,双开,S,6268.0000,6265.0000,6264.8000,6258.2000,6250.4000,6274.8000,6275.0000,6275.8000,6276.0000,6276.2000,1,1,1,5,1,1,2,1,1,1
SF,IC2011,2020-09-22 09:33:48.900,6272.0000,2817,0,56372720.000,0,-,-,-,-,6268.2000,6268.0000,6265.0000,6264.8000,6258.2000,6275.0000,6275.8000,6276.0000,6276.2000,6278.2000,2,1,1,1,5,2,1,1,1,1
SF,IC2011,2020-09-22 09:33:49.400,6272.0000,2817,0,56372720.000,0,-,-,-,-,6268.2000,6268.0000,6265.0000,6264.8000,6258.2000,6275.0000,6275.8000,6276.0000,6276.2000,6278.2000,2,1,1,1,5,1,1,1,1,1
SF,IC2011,2020-09-22 09:33:49.900,6272.0000,2817,0,56372720.000,0,-,-,-,-,6268.2000,6268.0000,6265.0000,6264.8000,6258.2000,6275.0000,6275.8000,6276.0000,6276.2000,6278.2000,2,1,1,1,5,1,1,1,1,1
SF,IC2011,2020-09-22 09:33:50.400,6272.0000,2817,0,56372720.000,0,-,-,-,-,6268.2000,6268.0000,6265.0000,6264.8000,6258.2000,6275.0000,6275.8000,6276.2000,6278.2000,6282.2000,1,1,1,1,5,1,1,1,1,1
SF,IC2011,2020-09-22 09:33:50.900,6272.0000,2817,0,56372720.000,0,-,-,-,-,6268.4000,6268.2000,6268.0000,6265.0000,6264.8000,6274.2000,6275.0000,6278.2000,6282.2000,6284.2000,1,1,1,1,1,1,1,1,1,1
SF,IC2011,2020-09-22 09:33:51.400,6272.0000,2817,0,56372720.000,0,-,-,-,-,6268.6000,6268.4000,6268.0000,6265.0000,6264.8000,6274.2000,6275.0000,6278.2000,6279.0000,6282.2000,2,1,1,1,1,1,1,1,1,1
SF,IC2011,2020-09-22 09:33:51.900,6272.0000,2817,0,56372720.000,0,-,-,-,-,6268.6000,6268.4000,6268.0000,6265.0000,6264.8000,6274.0000,6274.2000,6278.2000,6279.0000,6282.2000,2,1,1,1,1,1,1,1,1,1
SF,IC2011,2020-09-22 09:33:52.400,6272.0000,2817,0,56372720.000,0,-,-,-,-,6268.6000,6268.0000,6265.0000,6264.8000,6258.2000,6274.0000,6274.2000,6278.2000,6279.0000,6282.2000,1,1,1,1,5,1,1,1,1,1
SF,IC2011,2020-09-22 09:33:52.900,6272.0000,2817,0,56372720.000,0,-,-,-,-,6268.6000,6268.0000,6265.0000,6264.8000,6258.2000,6273.4000,6273.6000,6273.8000,6274.0000,6275.0000,1,1,1,1,5,1,1,1,1,1
SF,IC2011,2020-09-22 09:33:53.400,6272.0000,2817,0,56372720.000,0,-,-,-,-,6268.6000,6268.0000,6265.0000,6264.8000,6258.2000,6273.2000,6273.4000,6274.0000,6275.0000,6278.2000,1,1,1,1,5,1,1,1,1,1
SF,IC2011,2020-09-22 09:33:53.900,6272.0000,2817,0,56372720.000,0,-,-,-,-,6268.8000,6268.6000,6268.0000,6265.0000,6264.8000,6273.2000,6273.4000,6274.0000,6275.0000,6278.2000,1,1,1,1,1,1,1,1,1,1
SF,IC2011,2020-09-22 09:33:54.400,6272.0000,2817,0,56372720.000,0,-,-,-,-,6269.0000,6268.8000,6268.0000,6265.0000,6264.8000,6273.2000,6275.0000,6278.2000,6279.0000,6282.2000,1,1,1,1,1,1,1,1,1,1
SF,IC2011,2020-09-22 09:33:54.900,6272.0000,2817,0,56372720.000,0,-,-,-,-,6269.2000,6269.0000,6268.8000,6268.0000,6265.0000,6272.8000,6273.2000,6275.0000,6278.2000,6279.0000,1,1,1,1,1,1,1,1,1,1
SF,IC2011,2020-09-22 09:33:55.400,6272.0000,2817,0,56372720.000,0,-,-,-,-,6268.8000,6268.0000,6264.8000,6258.2000,6250.4000,6272.8000,6275.0000,6278.2000,6279.0000,6282.2000,1,1,1,5,1,1,1,1,1,1
SF,IC2011,2020-09-22 09:33:55.900,6272.0000,2817,0,56372720.000,0,-,-,-,-,6268.8000,6268.0000,6264.8000,6258.2000,6250.4000,6275.0000,6278.2000,6279.0000,6282.2000,6284.2000,1,1,1,5,1,1,1,1,1,1
SF,IC2011,2020-09-22 09:33:56.400,6272.0000,2817,0,56372720.000,0,-,-,-,-,6269.0000,6268.8000,6268.0000,6264.8000,6258.2000,6275.0000,6278.2000,6279.0000,6282.2000,6284.2000,1,1,1,1,5,1,1,1,1,1
SF,IC2011,2020-09-22 09:33:56.900,6272.0000,2817,0,56372720.000,0,-,-,-,-,6269.2000,6269.0000,6268.8000,6268.0000,6264.8000,6274.8000,6278.2000,6279.0000,6282.2000,6284.2000,1,1,1,1,1,1,1,1,1,1
SF,IC2011,2020-09-22 09:33:57.400,6272.0000,2817,0,56372720.000,0,-,-,-,-,6269.4000,6269.2000,6268.8000,6268.0000,6264.8000,6274.6000,6274.8000,6278.2000,6279.0000,6282.2000,1,1,1,1,1,1,1,1,1,1
SF,IC2011,2020-09-22 09:33:57.900,6272.0000,2817,0,56372720.000,0,-,-,-,-,6269.4000,6269.2000,6268.8000,6268.0000,6264.8000,6274.4000,6274.6000,6278.2000,6279.0000,6282.2000,1,1,1,1,1,1,1,1,1,1
SF,IC2011,2020-09-22 09:33:58.400,6272.0000,2817,0,56372720.000,0,-,-,-,-,6269.4000,6269.2000,6268.8000,6268.0000,6264.8000,6274.2000,6274.4000,6275.4000,6278.2000,6279.0000,1,1,1,1,1,1,1,1,1,1
SF,IC2011,2020-09-22 09:33:58.900,6272.0000,2817,0,56372720.000,0,-,-,-,-,6269.4000,6269.2000,6268.8000,6268.0000,6264.8000,6274.0000,6274.2000,6275.4000,6278.2000,6279.0000,1,1,1,1,1,1,1,1,1,1
SF,IC2011,2020-09-22 09:33:59.400,6272.0000,2817,0,56372720.000,0,-,-,-,-,6269.4000,6269.2000,6268.8000,6268.0000,6264.8000,6274.0000,6275.4000,6278.2000,6279.0000,6282.2000,1,1,1,1,1,1,1,1,1,1
SF,IC2011,2020-09-22 09:33:59.900,6272.0000,2817,0,56372720.000,0,-,-,-,-,6269.6000,6269.4000,6268.8000,6268.0000,6264.8000,6273.8000,6274.0000,6275.4000,6278.2000,6279.0000,1,1,1,1,1,1,1,1,1,1
SF,IC2011,2020-09-22 09:34:00.400,6272.0000,2817,0,56372720.000,0,-,-,-,-,6269.6000,6269.4000,6268.8000,6268.0000,6264.8000,6273.6000,6273.8000,6278.2000,6279.0000,6282.2000,1,1,1,1,1,1,1,1,1,1
SF,IC2011,2020-09-22 09:34:00.900,6272.0000,2817,0,56372720.000,0,-,-,-,-,6269.8000,6269.6000,6269.4000,6268.8000,6268.0000,6278.2000,6279.0000,6282.2000,6284.2000,6293.0000,1,1,1,1,1,1,1,1,1,5
SF,IC2011,2020-09-22 09:34:01.400,6272.0000,2817,0,56372720.000,0,-,-,-,-,6270.0000,6269.8000,6269.6000,6268.8000,6268.0000,6276.6000,6278.0000,6278.2000,6279.0000,6282.2000,1,1,1,1,1,1,2,1,1,1
SF,IC2011,2020-09-22 09:34:01.900,6272.0000,2817,0,56372720.000,0,-,-,-,-,6270.2000,6270.0000,6269.8000,6269.6000,6268.8000,6276.4000,6278.0000,6278.2000,6282.2000,6284.2000,1,2,1,1,1,1,1,1,1,1
SF,IC2011,2020-09-22 09:34:02.400,6272.0000,2817,0,56372720.000,0,-,-,-,-,6271.2000,6270.4000,6270.2000,6270.0000,6269.6000,6276.4000,6278.0000,6282.2000,6284.2000,6293.0000,1,2,1,1,1,1,1,1,1,5
SF,IC2011,2020-09-22 09:34:02.900,6272.0000,2817,0,56372720.000,0,-,-,-,-,6271.4000,6271.2000,6270.4000,6270.2000,6270.0000,6276.4000,6278.0000,6282.2000,6284.2000,6293.0000,1,1,1,1,1,1,1,1,1,5
SF,IC2011,2020-09-22 09:34:03.400,6272.0000,2817,0,56372720.000,0,-,-,-,-,6271.4000,6271.2000,6270.4000,6270.2000,6270.0000,6276.4000,6278.0000,6282.2000,6284.2000,6293.0000,1,1,1,1,1,1,1,1,1,5
SF,IC2011,2020-09-22 09:34:03.900,6272.0000,2817,0,56372720.000,0,-,-,-,-,6271.4000,6271.2000,6270.4000,6270.2000,6270.0000,6282.2000,6284.2000,6293.0000,6298.4000,6303.2000,1,1,1,1,1,1,1,5,3,1
SF,IC2011,2020-09-22 09:34:04.400,6272.0000,2817,0,56372720.000,0,-,-,-,-,6271.4000,6271.2000,6270.4000,6270.2000,6270.0000,6280.2000,6282.0000,6282.2000,6284.2000,6293.0000,1,1,1,1,1,1,1,1,1,5
SF,IC2011,2020-09-22 09:34:04.900,6272.0000,2817,0,56372720.000,0,-,-,-,-,6271.4000,6271.2000,6270.4000,6270.2000,6270.0000,6280.0000,6280.2000,6282.2000,6284.2000,6293.0000,1,1,1,1,1,2,1,1,1,5
SF,IC2011,2020-09-22 09:34:05.400,6272.0000,2817,0,56372720.000,0,-,-,-,-,6271.4000,6271.2000,6270.2000,6270.0000,6269.6000,6279.6000,6280.0000,6280.2000,6282.2000,6284.2000,1,1,1,1,1,1,1,1,1,1
SF,IC2011,2020-09-22 09:34:05.900,6272.0000,2817,0,56372720.000,0,-,-,-,-,6271.4000,6271.2000,6270.2000,6270.0000,6269.6000,6279.6000,6280.0000,6280.2000,6282.2000,6284.2000,1,1,1,1,1,1,1,1,1,1
SF,IC2011,2020-09-22 09:34:06.400,6279.0000,2817,0,57628520.000,1,0,1,多换,S,6271.4000,6271.2000,6270.2000,6270.0000,6269.6000,6279.6000,6280.2000,6282.2000,6284.2000,6293.0000,1,1,1,1,1,1,1,1,1,5
SF,IC2011,2020-09-22 09:34:06.900,6279.0000,2817,0,57628520.000,0,-,-,-,-,6271.8000,6271.6000,6271.4000,6271.2000,6270.0000,6279.6000,6280.2000,6282.2000,6284.2000,6293.0000,5,1,1,1,1,1,1,1,1,5
SF,IC2011,2020-09-22 09:34:07.400,6279.0000,2817,0,57628520.000,0,-,-,-,-,6273.6000,6273.0000,6272.0000,6271.8000,6271.6000,6279.6000,6282.2000,6284.2000,6298.4000,6298.8000,1,1,1,5,2,1,1,1,3,5
SF,IC2011,2020-09-22 09:34:07.900,6279.0000,2817,0,57628520.000,0,-,-,-,-,6273.8000,6273.6000,6273.0000,6271.8000,6271.6000,6279.6000,6282.2000,6284.2000,6298.4000,6298.8000,1,1,1,5,2,1,1,1,3,5
SF,IC2011,2020-09-22 09:34:08.400,6279.0000,2817,0,57628520.000,0,-,-,-,-,6275.4000,6274.8000,6274.0000,6273.8000,6273.6000,6279.6000,6282.2000,6284.2000,6298.4000,6298.8000,1,1,2,1,1,1,1,1,3,5
SF,IC2011,2020-09-22 09:34:08.900,6275.6000,2816,-1,58883640.000,1,0,1,双平,S,6275.6000,6275.4000,6274.8000,6274.0000,6273.8000,6284.2000,6298.4000,6298.8000,6303.2000,6316.6000,1,1,1,1,1,1,3,5,1,1
SF,IC2011,2020-09-22 09:34:09.400,6275.6000,2816,0,58883640.000,0,-,-,-,-,6275.8000,6275.6000,6275.4000,6274.0000,6273.6000,6282.6000,6283.8000,6284.0000,6284.2000,6298.4000,1,1,1,1,1,1,1,2,1,3
SF,IC2011,2020-09-22 09:34:09.900,6275.6000,2816,0,58883640.000,0,-,-,-,-,6276.0000,6275.8000,6275.4000,6274.0000,6273.6000,6282.4000,6282.6000,6283.8000,6284.2000,6298.4000,2,1,1,1,1,2,1,1,1,3
SF,IC2011,2020-09-22 09:34:10.400,6275.6000,2816,0,58883640.000,0,-,-,-,-,6276.4000,6276.2000,6276.0000,6275.4000,6274.0000,6282.0000,6282.2000,6282.4000,6282.6000,6283.8000,1,1,2,1,1,1,2,1,1,1
SF,IC2011,2020-09-22 09:34:10.900,6275.6000,2816,0,58883640.000,0,-,-,-,-,6276.6000,6276.4000,6276.0000,6274.0000,6273.6000,6281.8000,6282.0000,6282.2000,6283.8000,6284.2000,2,1,1,1,1,1,1,2,1,1
SF,IC2011,2020-09-22 09:34:11.400,6275.6000,2816,0,58883640.000,0,-,-,-,-,6277.0000,6276.6000,6276.4000,6276.0000,6274.0000,6281.2000,6281.6000,6281.8000,6282.2000,6283.8000,1,2,1,1,1,1,1,1,2,1
SF,IC2011,2020-09-22 09:34:11.900,6275.6000,2816,0,58883640.000,0,-,-,-,-,6276.6000,6276.4000,6274.0000,6273.6000,6271.8000,6281.0000,6281.2000,6281.6000,6282.2000,6284.2000,1,1,1,1,5,1,1,1,2,1
SF,IC2011,2020-09-22 09:34:12.400,6275.6000,2816,0,58883640.000,0,-,-,-,-,6276.6000,6274.0000,6273.6000,6271.8000,6270.0000,6280.8000,6281.0000,6281.2000,6281.6000,6282.2000,1,1,1,5,1,2,1,1,1,2
SF,IC2011,2020-09-22 09:34:12.900,6275.6000,2816,0,58883640.000,0,-,-,-,-,6276.6000,6274.0000,6273.6000,6271.8000,6270.0000,6280.4000,6280.6000,6280.8000,6281.2000,6281.6000,1,1,1,5,1,1,1,2,1,1
SF,IC2011,2020-09-22 09:34:13.400,6275.6000,2816,0,58883640.000,0,-,-,-,-,6274.0000,6271.8000,6270.0000,6268.0000,6264.8000,6280.2000,6280.4000,6280.8000,6281.6000,6282.2000,1,5,1,1,1,3,1,2,1,2
SF,IC2011,2020-09-22 09:34:13.900,6278.4000,2816,0,60139320.000,1,0,1,多换,S,6274.2000,6271.8000,6270.0000,6268.0000,6264.8000,6280.0000,6280.2000,6280.8000,6281.6000,6282.2000,2,5,1,1,1,2,3,2,1,2
SF,IC2011,2020-09-22 09:34:14.400,6278.4000,2816,0,60139320.000,0,-,-,-,-,6274.4000,6274.2000,6271.8000,6270.0000,6268.0000,6279.8000,6280.2000,6280.8000,6281.6000,6282.2000,1,2,5,1,1,1,2,2,1,2
SF,IC2011,2020-09-22 09:34:14.900,6278.4000,2816,0,60139320.000,0,-,-,-,-,6274.6000,6274.4000,6271.8000,6270.0000,6268.0000,6279.8000,6280.2000,6280.8000,6281.6000,6284.2000,2,1,5,1,1,1,2,2,1,1
SF,IC2011,2020-09-22 09:34:15.400,6279.8000,2816,0,61395280.000,1,0,1,多换,S,6274.8000,6274.6000,6274.4000,6271.8000,6270.0000,6280.2000,6280.8000,6284.2000,6298.4000,6298.8000,1,2,1,5,1,2,2,1,3,5
SF,IC2011,2020-09-22 09:34:15.900,6279.8000,2816,0,61395280.000,0,-,-,-,-,6275.0000,6274.8000,6274.4000,6271.8000,6270.0000,6280.0000,6280.2000,6284.2000,6298.4000,6298.8000,3,1,1,5,1,2,1,1,3,5
SF,IC2011,2020-09-22 09:34:16.400,6279.8000,2816,0,61395280.000,0,-,-,-,-,6275.6000,6275.0000,6271.8000,6270.0000,6268.0000,6279.8000,6280.0000,6280.2000,6284.2000,6298.4000,1,2,5,1,1,2,1,1,1,3
SF,IC2011,2020-09-22 09:34:16.900,6279.4000,2816,0,63906280.000,2,1,1,多换,S,6275.0000,6271.8000,6270.0000,6268.0000,6264.8000,6279.4000,6279.6000,6279.8000,6280.2000,6284.2000,1,5,1,1,1,1,3,2,1,1
SF,IC2011,2020-09-22 09:34:17.400,6279.4000,2816,0,63906280.000,0,-,-,-,-,6275.0000,6271.8000,6270.0000,6268.0000,6264.8000,6278.4000,6279.2000,6279.4000,6279.6000,6279.8000,1,5,1,1,1,1,2,2,2,2
SF,IC2011,2020-09-22 09:34:17.900,6279.4000,2816,0,63906280.000,0,-,-,-,-,6271.8000,6270.0000,6268.0000,6264.8000,6264.0000,6278.2000,6278.4000,6279.0000,6279.2000,6279.4000,5,1,1,1,5,2,2,2,1,2
SF,IC2011,2020-09-22 09:34:18.400,6279.4000,2816,0,63906280.000,0,-,-,-,-,6272.6000,6272.0000,6271.8000,6270.0000,6268.0000,6277.2000,6277.8000,6278.2000,6278.4000,6279.0000,1,2,5,1,1,1,1,1,2,2
SF,IC2011,2020-09-22 09:34:18.900,6279.4000,2816,0,63906280.000,0,-,-,-,-,6272.8000,6272.6000,6271.8000,6270.0000,6268.0000,6277.0000,6279.0000,6279.2000,6279.4000,6284.2000,2,1,5,1,1,1,2,1,1,1
SF,IC2011,2020-09-22 09:34:19.400,6279.4000,2816,0,63906280.000,0,-,-,-,-,6273.0000,6272.8000,6272.6000,6271.8000,6270.0000,6279.0000,6279.4000,6284.2000,6298.4000,6298.8000,2,2,1,5,1,2,1,1,3,5
SF,IC2011,2020-09-22 09:34:19.900,6279.4000,2816,0,63906280.000,0,-,-,-,-,6273.2000,6273.0000,6271.8000,6270.0000,6264.8000,6278.8000,6284.2000,6298.4000,6298.8000,6303.2000,2,2,5,1,1,1,1,3,5,1
SF,IC2011,2020-09-22 09:34:20.400,6279.4000,2816,0,63906280.000,0,-,-,-,-,6277.2000,6273.8000,6273.2000,6273.0000,6271.8000,6278.4000,6278.8000,6284.2000,6298.4000,6298.8000,2,1,2,1,5,2,1,1,3,5
SF,IC2011,2020-09-22 09:34:20.900,6277.2000,2818,2,66417160.000,2,2,0,双开,S,6273.8000,6273.2000,6273.0000,6271.8000,6270.0000,6274.8000,6277.2000,6278.4000,6284.2000,6298.4000,1,2,1,5,1,1,4,3,1,3
SF,IC2011,2020-09-22 09:34:21.400,6274.8000,2817,-1,67672120.000,1,0,1,双平,S,6274.0000,6273.2000,6271.8000,6270.0000,6264.8000,6278.4000,6282.0000,6284.2000,6298.4000,6298.8000,1,1,5,1,1,3,1,1,3,5
SF,IC2011,2020-09-22 09:34:21.900,6274.2000,2817,0,68926960.000,1,0,1,多换,S,6271.8000,6270.0000,6264.8000,6264.0000,6250.4000,6276.6000,6277.0000,6278.2000,6278.4000,6282.0000,5,1,1,5,1,1,1,7,2,1
SF,IC2011,2020-09-22 09:34:22.400,6274.2000,2817,0,68926960.000,0,-,-,-,-,6272.6000,6272.0000,6271.8000,6270.0000,6264.8000,6276.4000,6276.6000,6277.0000,6278.2000,6278.4000,1,1,5,1,1,2,1,1,4,1
SF,IC2011,2020-09-22 09:34:22.900,6274.2000,2817,0,68926960.000,0,-,-,-,-,6272.8000,6272.6000,6271.8000,6270.0000,6264.8000,6276.2000,6277.0000,6277.8000,6278.2000,6278.4000,1,1,5,1,1,1,1,1,2,1
SF,IC2011,2020-09-22 09:34:23.400,6274.2000,2817,0,68926960.000,0,-,-,-,-,6273.0000,6272.8000,6272.6000,6271.8000,6270.0000,6276.0000,6277.8000,6278.2000,6278.4000,6282.0000,1,1,1,5,1,1,1,2,1,1
SF,IC2011,2020-09-22 09:34:23.900,6274.2000,2817,0,68926960.000,0,-,-,-,-,6273.2000,6273.0000,6272.6000,6271.8000,6270.0000,6276.0000,6277.8000,6278.2000,6282.0000,6284.2000,2,1,1,5,1,1,1,2,1,1
SF,IC2011,2020-09-22 09:34:24.400,6274.2000,2817,0,68926960.000,0,-,-,-,-,6273.4000,6273.2000,6272.6000,6271.8000,6270.0000,6276.0000,6278.2000,6282.0000,6284.2000,6298.4000,1,2,1,5,1,1,2,1,1,3
SF,IC2011,2020-09-22 09:34:24.900,6274.2000,2817,0,68926960.000,0,-,-,-,-,6273.6000,6273.4000,6273.2000,6272.6000,6271.8000,6276.0000,6278.2000,6282.0000,6284.2000,6298.4000,1,1,2,1,5,1,2,1,1,3
SF,IC2011,2020-09-22 09:34:25.400,6274.2000,2817,0,68926960.000,0,-,-,-,-,6274.0000,6273.8000,6273.6000,6273.2000,6272.0000,6276.0000,6278.2000,6282.0000,6284.2000,6298.4000,1,1,1,1,1,1,1,1,1,3
SF,IC2011,2020-09-22 09:34:25.900,6276.0000,2817,0,70182160.000,1,0,1,多换,S,6274.2000,6274.0000,6273.2000,6272.0000,6271.8000,6278.2000,6282.0000,6284.2000,6298.4000,6298.8000,2,1,1,1,5,1,1,1,3,5
SF,IC2011,2020-09-22 09:34:26.400,6276.0000,2817,0,70182160.000,0,-,-,-,-,6276.0000,6274.2000,6274.0000,6273.2000,6272.0000,6278.0000,6278.2000,6282.0000,6284.2000,6298.4000,1,2,1,1,1,1,1,1,1,3
SF,IC2011,2020-09-22 09:34:26.900,6276.0000,2817,0,70182160.000,0,-,-,-,-,6276.0000,6274.2000,6274.0000,6273.2000,6272.0000,6278.0000,6278.2000,6282.0000,6284.2000,6298.4000,1,2,1,1,1,1,1,1,1,3
SF,IC2011,2020-09-22 09:34:27.400,6276.0000,2817,0,70182160.000,0,-,-,-,-,6276.0000,6274.2000,6274.0000,6273.2000,6272.0000,6277.8000,6278.0000,6278.2000,6282.0000,6284.2000,1,2,1,1,1,1,1,1,1,1
SF,IC2011,2020-09-22 09:34:30.400,6276.0000,2817,0,70182160.000,0,-,-,-,-,6276.0000,6274.2000,6274.0000,6273.2000,6272.0000,6277.8000,6278.0000,6278.2000,6282.0000,6284.2000,1,2,1,1,1,1,1,1,1,1
SF,IC2011,2020-09-22 09:34:30.900,6276.0000,2817,0,70182160.000,0,-,-,-,-,6276.2000,6276.0000,6275.0000,6274.2000,6274.0000,6277.8000,6278.2000,6282.0000,6284.2000,6284.6000,1,1,1,1,1,1,1,1,1,2
SF,IC2011,2020-09-22 09:34:31.400,6276.0000,2817,0,70182160.000,0,-,-,-,-,6276.2000,6276.0000,6275.0000,6274.2000,6273.2000,6282.0000,6284.2000,6284.6000,6298.4000,6298.8000,1,1,1,1,1,1,1,2,3,5
SF,IC2011,2020-09-22 09:34:31.900,6276.0000,2817,0,70182160.000,0,-,-,-,-,6276.4000,6276.2000,6276.0000,6275.0000,6274.2000,6280.2000,6281.8000,6282.0000,6284.2000,6284.6000,1,1,1,1,1,1,1,1,1,2
SF,IC2011,2020-09-22 09:34:32.400,6276.0000,2817,0,70182160.000,0,-,-,-,-,6276.6000,6276.0000,6275.0000,6274.2000,6273.2000,6279.8000,6280.0000,6280.2000,6282.0000,6284.2000,1,1,1,1,1,1,2,1,1,1
SF,IC2011,2020-09-22 09:34:32.900,6276.0000,2817,0,70182160.000,0,-,-,-,-,6276.6000,6276.0000,6275.0000,6274.2000,6273.2000,6279.6000,6279.8000,6280.2000,6282.0000,6284.2000,1,1,1,1,1,2,1,1,1,1
