市场代码,合约代码,时间,最新,持仓,增仓,成交额,成交量,开仓,平仓,成交类型,方向,买一价,买二价,买三价,买四价,买五价,卖一价,卖二价,卖三价,卖四价,卖五价,买一量,买二量,买三量,买四量,买五量,卖一量,卖二量,卖三量,卖四量,卖五量
SF,IC2009,2020-05-29 09:29:00.000,5086.0000,47911,0,17292400.000,17.000,-,-,-,-,5084.4000,5084.0000,5083.0000,5082.0000,5081.8000,5086.0000,5091.6000,5093.0000,5097.6000,5100.0000,1,1,1,1,1,2,1,1,10,4
SF,IC2009,2020-05-29 09:30:00.500,5086.0000,47912,1,20344000.000,3,2,1,空开,S,5086.2000,5086.0000,5085.0000,5084.6000,5084.4000,5087.0000,5091.6000,5093.0000,5100.0000,5101.0000,20,4,1,4,2,1,1,1,4,5
SF,IC2009,2020-05-29 09:30:01.000,5086.2000,47902,-10,30517000.000,10,0,10,双平,S,5086.2000,5086.0000,5085.8000,5085.6000,5085.0000,5087.0000,5091.6000,5093.0000,5100.0000,5101.0000,19,5,1,1,1,1,1,1,4,5
SF,IC2009,2020-05-29 09:30:01.500,5086.2000,47904,2,37638000.000,7,4,3,空开,S,5086.2000,5086.0000,5085.8000,5085.6000,5085.0000,5091.6000,5093.0000,5100.0000,5101.0000,5105.0000,14,5,1,1,1,1,1,4,5,1
SF,IC2009,2020-05-29 09:30:02.000,5086.2000,47903,-1,38655240.000,1,0,1,双平,S,5086.4000,5086.2000,5086.0000,5085.8000,5085.6000,5087.0000,5088.0000,5088.2000,5088.6000,5088.8000,4,14,5,1,1,1,1,3,1,1
SF,IC2009,2020-05-29 09:30:02.500,5087.0000,47902,-1,40690360.000,2,0,2,多平,S,5086.6000,5086.4000,5086.2000,5086.0000,5085.8000,5090.0000,5090.8000,5091.2000,5091.4000,5091.6000,1,2,14,5,1,1,1,1,4,2
SF,IC2009,2020-05-29 09:30:03.000,5086.6000,47889,-13,54933400.000,14,0,14,多平,S,5086.6000,5086.4000,5086.2000,5086.0000,5085.8000,5089.8000,5090.0000,5090.8000,5091.2000,5091.4000,1,1,14,3,1,1,1,1,1,4
SF,IC2009,2020-05-29 09:30:03.500,5089.6000,47888,-1,57985960.000,3,1,2,多平,S,5086.6000,5086.4000,5086.2000,5086.0000,5085.8000,5089.6000,5089.8000,5090.0000,5090.8000,5091.2000,1,1,14,3,1,2,1,1,1,1
SF,IC2009,2020-05-29 09:30:04.000,5089.6000,47885,-3,61039720.000,3,0,3,双平,S,5086.4000,5086.2000,5086.0000,5085.8000,5085.6000,5089.4000,5089.6000,5089.8000,5090.0000,5090.8000,1,14,3,1,1,1,3,1,2,1
SF,IC2009,2020-05-29 09:30:04.500,5086.6000,47884,-1,67145680.000,6,2,4,多平,S,5086.2000,5086.0000,5085.8000,5085.6000,5085.2000,5089.2000,5089.4000,5089.6000,5089.8000,5090.0000,14,3,1,1,1,1,2,2,1,2
SF,IC2009,2020-05-29 09:30:05.000,5089.2000,47882,-2,71216960.000,4,1,3,多平,S,5086.4000,5086.2000,5086.0000,5085.8000,5085.6000,5089.0000,5089.2000,5089.6000,5089.8000,5090.0000,2,14,3,1,1,1,1,1,1,2
SF,IC2009,2020-05-29 09:30:05.500,5086.6000,47879,-3,74269960.000,3,0,3,双平,S,5086.6000,5086.4000,5086.2000,5086.0000,5085.8000,5088.2000,5089.6000,5089.8000,5090.0000,5090.8000,2,2,14,3,1,1,1,1,2,1
SF,IC2009,2020-05-29 09:30:06.000,5086.6000,47879,0,74269960.000,0,-,-,-,-,5087.4000,5086.8000,5086.6000,5086.2000,5086.0000,5089.6000,5090.0000,5090.8000,5091.2000,5091.4000,1,3,1,14,3,1,2,1,1,2
SF,IC2009,2020-05-29 09:30:06.500,5087.2000,47879,0,75287400.000,1,0,1,多换,S,5086.2000,5086.0000,5085.8000,5085.6000,5085.2000,5086.4000,5087.2000,5088.4000,5089.4000,5089.6000,14,3,1,1,1,1,1,1,1,1
SF,IC2009,2020-05-29 09:30:07.000,5086.4000,47878,-1,76304680.000,1,0,1,双平,S,5086.2000,5086.0000,5085.8000,5085.6000,5085.2000,5089.4000,5089.6000,5090.0000,5090.8000,5091.2000,14,3,1,1,1,2,1,2,1,1
SF,IC2009,2020-05-29 09:30:07.500,5086.4000,47877,-1,77321960.000,1,0,1,双平,S,5086.4000,5086.2000,5086.0000,5085.8000,5085.6000,5089.2000,5089.4000,5089.6000,5090.0000,5090.8000,3,14,3,1,1,1,2,1,3,1
SF,IC2009,2020-05-29 09:30:08.000,5086.4000,47877,0,77321960.000,0,-,-,-,-,5086.4000,5086.2000,5086.0000,5085.8000,5085.6000,5088.8000,5089.0000,5089.2000,5090.0000,5090.8000,3,14,3,1,1,1,1,2,2,1
SF,IC2009,2020-05-29 09:30:08.500,5086.4000,47875,-2,79356520.000,2,0,2,双平,S,5086.4000,5086.2000,5086.0000,5085.8000,5085.6000,5088.6000,5088.8000,5090.0000,5090.8000,5091.2000,1,14,3,1,1,1,1,2,1,1
SF,IC2009,2020-05-29 09:30:09.000,5088.8000,47874,-1,81392000.000,2,0,2,多平,S,5086.6000,5086.4000,5086.2000,5086.0000,5085.8000,5090.0000,5090.8000,5091.2000,5091.4000,5091.6000,1,2,14,3,1,2,1,1,2,1
SF,IC2009,2020-05-29 09:30:09.500,5090.0000,47872,-2,83427960.000,2,0,2,双平,S,5086.8000,5086.6000,5086.2000,5086.0000,5085.8000,5090.0000,5090.8000,5091.2000,5091.4000,5091.6000,2,4,14,2,1,1,1,1,2,1
SF,IC2009,2020-05-29 09:30:10.000,5090.0000,47871,-1,84445960.000,1,0,1,双平,S,5088.6000,5087.6000,5087.0000,5086.8000,5086.2000,5089.8000,5090.0000,5090.8000,5091.2000,5091.4000,1,1,2,2,14,1,2,1,1,2
SF,IC2009,2020-05-29 09:30:10.500,5088.6000,47871,0,85463680.000,1,0,1,多换,S,5087.6000,5087.0000,5086.8000,5086.2000,5086.0000,5088.4000,5089.6000,5089.8000,5090.0000,5090.8000,1,2,1,13,1,1,1,3,2,1
SF,IC2009,2020-05-29 09:30:11.000,5089.6000,47869,-2,89534680.000,4,1,3,多平,S,5087.8000,5087.6000,5087.0000,5086.2000,5086.0000,5089.8000,5090.0000,5090.8000,5091.4000,5091.6000,1,2,2,13,1,1,2,1,2,1
SF,IC2009,2020-05-29 09:30:11.500,5089.6000,47869,0,89534680.000,0,-,-,-,-,5087.8000,5087.6000,5087.0000,5086.2000,5086.0000,5089.8000,5090.0000,5090.8000,5091.4000,5091.6000,1,2,2,13,1,1,2,1,2,1
SF,IC2009,2020-05-29 09:30:12.000,5089.6000,47869,0,89534680.000,0,-,-,-,-,5087.8000,5087.6000,5087.0000,5086.2000,5086.0000,5089.6000,5089.8000,5090.0000,5090.8000,5091.4000,3,2,2,13,1,1,1,3,1,2
SF,IC2009,2020-05-29 09:30:12.500,5088.0000,47868,-1,90552280.000,1,0,1,双平,S,5088.4000,5088.0000,5087.8000,5087.6000,5087.0000,5090.0000,5091.4000,5091.6000,5093.0000,5098.2000,1,2,1,2,2,2,2,1,1,5
SF,IC2009,2020-05-29 09:30:13.000,5088.4000,47868,0,93605360.000,3,1,2,多换,S,5087.8000,5087.6000,5087.0000,5086.2000,5086.0000,5089.8000,5090.0000,5091.4000,5091.6000,5093.0000,2,3,2,13,1,2,2,2,1,1
SF,IC2009,2020-05-29 09:30:13.500,5088.4000,47868,0,93605360.000,0,-,-,-,-,5088.8000,5087.8000,5087.6000,5087.0000,5086.2000,5089.8000,5090.0000,5091.4000,5091.6000,5093.0000,1,2,3,2,13,1,1,2,1,1
SF,IC2009,2020-05-29 09:30:14.000,5088.8000,47868,0,94623120.000,1,0,1,多换,S,5087.8000,5087.6000,5087.0000,5086.2000,5086.0000,5089.6000,5089.8000,5090.0000,5091.4000,5091.6000,2,3,1,13,1,1,3,1,2,1
SF,IC2009,2020-05-29 09:30:14.500,5087.8000,47866,-2,98694000.000,4,1,3,多平,S,5087.6000,5087.0000,5086.2000,5086.0000,5085.2000,5089.4000,5089.6000,5090.0000,5091.4000,5091.6000,3,1,13,1,1,1,4,2,2,1
SF,IC2009,2020-05-29 09:30:15.000,5087.8000,47866,0,98694000.000,0,-,-,-,-,5087.8000,5087.6000,5087.0000,5086.2000,5086.0000,5089.4000,5089.6000,5090.0000,5091.4000,5091.6000,1,2,2,13,1,1,4,2,2,1
SF,IC2009,2020-05-29 09:30:15.500,5087.8000,47865,-1,99711560.000,1,0,1,双平,S,5087.6000,5087.0000,5086.2000,5086.0000,5085.2000,5089.4000,5089.6000,5090.0000,5091.4000,5091.6000,2,2,13,1,1,1,1,2,2,1
SF,IC2009,2020-05-29 09:30:16.000,5087.8000,47865,0,99711560.000,0,-,-,-,-,5087.6000,5087.0000,5086.2000,5086.0000,5085.2000,5087.8000,5089.4000,5089.6000,5090.0000,5091.4000,2,1,13,1,1,1,4,1,2,2
SF,IC2009,2020-05-29 09:30:16.500,5087.6000,47862,-3,102764160.000,3,0,3,双平,S,5087.0000,5086.2000,5086.0000,5085.2000,5085.0000,5087.6000,5089.4000,5089.6000,5090.0000,5091.4000,1,13,1,1,1,4,4,1,2,2
SF,IC2009,2020-05-29 09:30:17.000,5087.0000,47861,-1,103781560.000,1,0,1,双平,S,5086.2000,5086.0000,5085.2000,5085.0000,5084.4000,5087.6000,5087.8000,5089.4000,5089.6000,5090.0000,13,1,1,1,1,4,1,3,1,2
SF,IC2009,2020-05-29 09:30:17.500,5087.0000,47861,0,103781560.000,0,-,-,-,-,5086.2000,5086.0000,5085.2000,5085.0000,5084.4000,5087.4000,5087.6000,5087.8000,5089.4000,5089.6000,13,1,1,1,1,2,4,1,1,1
SF,IC2009,2020-05-29 09:30:18.000,5087.0000,47861,0,103781560.000,0,-,-,-,-,5086.2000,5086.0000,5085.2000,5085.0000,5084.4000,5087.4000,5087.6000,5087.8000,5088.0000,5089.6000,13,1,1,1,1,2,4,1,1,1
SF,IC2009,2020-05-29 09:30:18.500,5086.2000,47859,-2,106833280.000,3,0,3,多平,S,5086.2000,5086.0000,5085.2000,5085.0000,5084.4000,5087.0000,5087.2000,5087.4000,5087.6000,5087.8000,10,1,1,1,1,1,1,1,4,1
SF,IC2009,2020-05-29 09:30:19.000,5086.2000,47859,0,106833280.000,0,-,-,-,-,5086.2000,5086.0000,5085.2000,5085.0000,5084.4000,5086.8000,5087.0000,5087.2000,5087.6000,5087.8000,10,1,1,1,1,1,1,1,4,1
SF,IC2009,2020-05-29 09:30:19.500,5086.0000,47854,-5,119040080.000,12,3,9,多平,S,5085.2000,5085.0000,5084.4000,5083.6000,5083.0000,5086.0000,5086.4000,5086.8000,5087.0000,5087.2000,1,1,1,3,1,5,1,1,1,1
SF,IC2009,2020-05-29 09:30:20.000,5086.0000,47854,0,119040080.000,0,-,-,-,-,5085.2000,5085.0000,5084.4000,5083.6000,5083.0000,5086.0000,5086.4000,5086.8000,5087.0000,5087.6000,1,1,1,3,1,2,1,1,1,4
SF,IC2009,2020-05-29 09:30:20.500,5086.0000,47854,0,119040080.000,0,-,-,-,-,5085.2000,5085.0000,5084.4000,5083.6000,5083.0000,5086.4000,5086.8000,5087.0000,5087.6000,5087.8000,1,1,1,4,1,1,1,1,4,1
SF,IC2009,2020-05-29 09:30:21.000,5085.0000,47855,1,121074120.000,2,1,1,空开,S,5084.4000,5083.6000,5083.0000,5082.0000,5081.8000,5086.2000,5086.4000,5087.0000,5087.6000,5087.8000,1,4,1,1,1,1,4,1,4,1
SF,IC2009,2020-05-29 09:30:21.500,5085.0000,47855,0,121074120.000,0,-,-,-,-,5084.4000,5083.6000,5083.0000,5082.0000,5081.8000,5085.2000,5086.2000,5086.4000,5087.0000,5087.6000,1,4,1,1,1,1,1,4,1,4
SF,IC2009,2020-05-29 09:30:22.000,5085.2000,47854,-1,122091160.000,1,0,1,双平,S,5084.4000,5083.6000,5083.0000,5082.0000,5081.8000,5085.2000,5086.2000,5086.4000,5087.0000,5087.6000,1,4,1,1,1,1,1,2,1,4
SF,IC2009,2020-05-29 09:30:22.500,5085.2000,47854,0,122091160.000,0,-,-,-,-,5084.4000,5083.6000,5083.0000,5082.0000,5081.8000,5085.2000,5086.2000,5086.4000,5087.0000,5087.6000,1,4,1,1,1,2,1,2,1,4
SF,IC2009,2020-05-29 09:30:23.000,5085.2000,47853,-1,123108200.000,1,0,1,双平,S,5084.4000,5083.6000,5083.0000,5082.0000,5081.8000,5086.2000,5086.4000,5087.0000,5087.6000,5087.8000,1,4,1,1,1,1,1,1,4,1
SF,IC2009,2020-05-29 09:30:24.000,5085.2000,47853,0,123108200.000,0,-,-,-,-,5084.4000,5083.6000,5083.0000,5082.0000,5081.0000,5086.2000,5086.4000,5087.0000,5087.6000,5087.8000,1,4,1,1,2,1,1,1,4,1
SF,IC2009,2020-05-29 09:30:24.500,5085.2000,47853,0,123108200.000,0,-,-,-,-,5084.8000,5084.4000,5083.6000,5083.0000,5082.0000,5086.2000,5086.4000,5087.0000,5087.6000,5087.8000,1,1,4,1,1,4,1,1,4,1
SF,IC2009,2020-05-29 09:30:25.000,5084.4000,47853,0,125142040.000,2,1,1,多换,S,5083.6000,5083.0000,5082.0000,5081.0000,5080.6000,5084.6000,5086.0000,5086.4000,5087.6000,5087.8000,3,1,1,2,1,3,3,1,4,1
SF,IC2009,2020-05-29 09:30:25.500,5084.4000,47853,0,125142040.000,0,-,-,-,-,5083.6000,5083.0000,5082.0000,5081.0000,5080.6000,5084.4000,5084.6000,5086.0000,5086.4000,5087.6000,3,1,1,2,1,1,7,3,1,4
SF,IC2009,2020-05-29 09:30:26.000,5083.6000,47852,-1,128192200.000,3,1,2,多平,S,5083.0000,5082.0000,5081.0000,5080.6000,5080.0000,5083.4000,5084.4000,5084.6000,5086.0000,5086.4000,1,1,2,1,1,3,2,4,1,1
SF,IC2009,2020-05-29 09:30:26.500,5083.0000,47852,0,129208800.000,1,0,1,多换,S,5082.0000,5081.0000,5080.6000,5080.0000,5079.4000,5084.4000,5084.8000,5086.0000,5086.4000,5087.6000,1,2,1,1,5,2,1,1,1,4
SF,IC2009,2020-05-29 09:30:27.000,5083.0000,47852,0,129208800.000,0,-,-,-,-,5082.0000,5081.0000,5080.6000,5080.0000,5079.4000,5084.2000,5084.4000,5084.8000,5086.4000,5087.6000,1,2,1,1,5,1,2,1,1,4
SF,IC2009,2020-05-29 09:30:27.500,5084.2000,47849,-3,132259280.000,3,0,3,双平,S,5082.0000,5081.0000,5080.6000,5080.0000,5079.4000,5084.2000,5084.8000,5086.4000,5087.6000,5087.8000,1,2,1,1,5,1,1,1,4,1
SF,IC2009,2020-05-29 09:30:28.000,5084.2000,47849,0,132259280.000,0,-,-,-,-,5082.2000,5082.0000,5081.0000,5080.6000,5080.0000,5084.0000,5084.2000,5084.4000,5084.8000,5086.4000,1,1,2,1,1,1,1,2,1,1
SF,IC2009,2020-05-29 09:30:28.500,5082.0000,47849,0,133275680.000,1,0,1,多换,S,5081.0000,5080.6000,5080.0000,5079.4000,5077.4000,5082.0000,5084.0000,5084.4000,5084.8000,5086.4000,2,1,1,5,5,1,2,2,1,1
SF,IC2009,2020-05-29 09:30:29.000,5082.0000,47849,0,133275680.000,0,-,-,-,-,5081.6000,5081.2000,5081.0000,5080.6000,5080.0000,5082.0000,5084.0000,5084.4000,5084.8000,5086.4000,1,2,2,1,1,1,1,2,1,1
SF,IC2009,2020-05-29 09:30:29.500,5081.8000,47843,-6,141406680.000,8,1,7,多平,S,5081.4000,5081.2000,5081.0000,5080.6000,5080.0000,5081.6000,5084.0000,5084.4000,5084.8000,5086.4000,1,3,2,1,1,22,1,2,1,1
SF,IC2009,2020-05-29 09:30:30.000,5081.4000,47839,-4,145471880.000,4,0,4,双平,S,5081.2000,5081.0000,5080.6000,5080.0000,5079.4000,5081.6000,5084.0000,5084.4000,5084.8000,5086.4000,1,2,1,1,5,21,1,2,1,1
SF,IC2009,2020-05-29 09:30:30.500,5081.4000,47838,-1,146488160.000,1,0,1,双平,S,5081.0000,5080.6000,5080.0000,5079.4000,5077.4000,5081.6000,5084.0000,5084.4000,5084.8000,5086.4000,2,1,1,5,5,21,1,2,1,1
SF,IC2009,2020-05-29 09:30:31.000,5081.4000,47838,0,146488160.000,0,-,-,-,-,5081.0000,5080.6000,5080.0000,5079.4000,5077.4000,5081.6000,5084.0000,5084.4000,5084.8000,5086.4000,2,1,1,5,5,21,1,2,1,1
SF,IC2009,2020-05-29 09:30:31.500,5081.6000,47836,-2,150553200.000,4,1,3,多平,S,5080.6000,5080.0000,5079.4000,5077.4000,5075.4000,5081.6000,5084.0000,5084.4000,5084.8000,5086.4000,1,1,5,5,5,19,1,2,1,1
SF,IC2009,2020-05-29 09:30:32.000,5081.6000,47836,0,150553200.000,0,-,-,-,-,5080.6000,5080.0000,5079.4000,5077.4000,5075.4000,5081.4000,5081.6000,5084.4000,5084.8000,5086.4000,2,1,5,5,5,2,19,2,1,1
SF,IC2009,2020-05-29 09:30:32.500,5080.6000,47836,0,151569320.000,1,0,1,多换,S,5080.6000,5080.0000,5079.4000,5077.4000,5075.4000,5081.2000,5081.6000,5084.4000,5084.8000,5086.4000,1,1,5,5,5,1,19,2,1,1
SF,IC2009,2020-05-29 09:30:33.000,5080.6000,47835,-1,153601680.000,2,0,2,多平,S,5080.0000,5079.4000,5077.4000,5075.4000,5075.0000,5081.6000,5084.4000,5084.8000,5086.4000,5088.0000,1,5,5,5,5,19,2,1,1,1
SF,IC2009,2020-05-29 09:30:33.500,5080.0000,47836,1,154617680.000,1,1,0,双开,S,5079.4000,5077.4000,5075.4000,5075.0000,5073.4000,5081.4000,5081.6000,5084.4000,5084.8000,5086.4000,5,5,5,5,5,2,19,2,1,1
SF,IC2009,2020-05-29 09:30:34.000,5080.0000,47836,0,154617680.000,0,-,-,-,-,5080.0000,5079.4000,5077.4000,5075.4000,5075.0000,5081.4000,5081.6000,5084.4000,5084.8000,5086.4000,2,5,5,5,5,2,19,2,1,1
SF,IC2009,2020-05-29 09:30:34.500,5080.0000,47836,0,154617680.000,0,-,-,-,-,5080.0000,5079.4000,5077.4000,5075.4000,5075.0000,5081.4000,5081.6000,5084.4000,5084.8000,5086.4000,2,5,5,5,5,2,19,2,1,1
SF,IC2009,2020-05-29 09:30:35.000,5080.0000,47836,0,156649680.000,2,1,1,多换,S,5079.4000,5077.4000,5075.4000,5075.0000,5073.4000,5080.0000,5081.2000,5081.4000,5081.6000,5084.4000,5,5,5,5,5,1,1,1,22,2
SF,IC2009,2020-05-29 09:30:35.500,5080.0000,47836,0,156649680.000,0,-,-,-,-,5079.4000,5077.4000,5075.4000,5075.0000,5073.4000,5079.8000,5080.0000,5081.2000,5081.4000,5081.6000,5,5,5,5,5,3,2,1,1,22
SF,IC2009,2020-05-29 09:30:36.000,5080.0000,47836,0,156649680.000,0,-,-,-,-,5079.4000,5077.4000,5075.4000,5075.0000,5073.4000,5080.0000,5081.2000,5081.4000,5081.6000,5084.4000,5,5,5,5,5,2,1,1,22,2
SF,IC2009,2020-05-29 09:30:36.500,5079.8000,47835,-1,162745120.000,6,2,4,多平,S,5079.4000,5077.4000,5075.4000,5075.0000,5073.4000,5080.0000,5081.2000,5081.4000,5081.6000,5084.4000,1,5,5,5,5,2,1,1,22,2
SF,IC2009,2020-05-29 09:30:37.000,5079.4000,47833,-2,164776880.000,2,0,2,双平,S,5077.4000,5075.4000,5075.0000,5073.4000,5073.2000,5079.8000,5080.0000,5081.6000,5084.4000,5086.4000,5,5,5,5,1,1,2,22,2,1
SF,IC2009,2020-05-29 09:30:37.500,5079.8000,47833,0,167824720.000,3,1,2,多换,S,5078.4000,5078.2000,5077.6000,5077.4000,5075.4000,5080.0000,5081.6000,5084.4000,5086.4000,5088.0000,5,4,3,5,5,2,22,2,1,1
SF,IC2009,2020-05-29 09:30:38.000,5079.8000,47832,-1,168840680.000,1,0,1,双平,S,5078.6000,5077.6000,5077.4000,5075.4000,5073.4000,5080.0000,5081.6000,5083.0000,5084.4000,5086.4000,2,2,5,5,5,2,22,1,2,1
SF,IC2009,2020-05-29 09:30:38.500,5078.6000,47831,-1,169856400.000,1,0,1,双平,S,5077.6000,5077.4000,5075.4000,5073.4000,5073.2000,5078.4000,5079.4000,5079.8000,5080.0000,5081.6000,1,5,5,5,1,1,2,2,2,22
SF,IC2009,2020-05-29 09:30:39.000,5078.4000,47831,0,170872080.000,1,0,1,多换,S,5077.6000,5077.4000,5075.4000,5073.4000,5073.2000,5078.6000,5079.4000,5079.8000,5080.0000,5081.6000,1,5,5,5,1,1,1,2,2,22
SF,IC2009,2020-05-29 09:30:39.500,5078.4000,47831,0,170872080.000,0,-,-,-,-,5077.6000,5077.4000,5075.4000,5073.4000,5073.2000,5078.6000,5079.4000,5079.8000,5080.0000,5081.6000,1,5,5,5,1,2,1,1,2,22
SF,IC2009,2020-05-29 09:30:40.000,5077.4000,47833,2,173918560.000,3,2,1,空开,S,5077.4000,5075.4000,5073.4000,5073.2000,5071.4000,5078.4000,5078.6000,5079.4000,5079.8000,5080.0000,3,5,5,1,5,2,2,1,1,3
SF,IC2009,2020-05-29 09:30:40.500,5077.4000,47836,3,176965000.000,3,3,0,双开,S,5075.4000,5073.4000,5073.2000,5071.4000,5070.4000,5077.4000,5077.6000,5078.2000,5078.4000,5078.6000,5,5,1,5,5,20,1,2,2,1
SF,IC2009,2020-05-29 09:30:41.000,5075.4000,47835,-1,188133120.000,11,5,6,多平,S,5075.4000,5073.4000,5073.2000,5071.4000,5070.4000,5077.2000,5077.4000,5077.6000,5078.2000,5078.4000,3,5,1,5,5,1,14,1,2,1
SF,IC2009,2020-05-29 09:30:41.500,5077.2000,47828,-7,196256920.000,8,0,8,多平,S,5077.0000,5076.8000,5076.6000,5076.4000,5076.2000,5077.4000,5077.6000,5078.2000,5078.4000,5078.6000,1,2,1,3,2,9,1,1,1,1
SF,IC2009,2020-05-29 09:30:42.000,5077.2000,47828,0,197272360.000,1,0,1,多换,S,5077.2000,5076.0000,5075.8000,5075.6000,5075.4000,5077.4000,5077.6000,5078.2000,5078.4000,5078.6000,1,3,4,3,3,9,1,1,1,1
SF,IC2009,2020-05-29 09:30:42.500,5077.4000,47821,-7,207427120.000,10,1,9,多平,S,5077.4000,5075.6000,5075.4000,5074.8000,5073.4000,5077.6000,5078.2000,5078.4000,5078.6000,5079.4000,1,3,3,1,5,1,1,1,1,1
SF,IC2009,2020-05-29 09:30:43.000,5077.4000,47820,-1,209458080.000,2,0,2,多平,S,5075.6000,5075.4000,5074.8000,5073.4000,5073.2000,5077.6000,5078.2000,5078.4000,5078.6000,5079.4000,3,3,1,5,1,1,1,1,1,1
SF,IC2009,2020-05-29 09:30:43.500,5077.6000,47819,-1,210473600.000,1,0,1,双平,S,5077.4000,5077.2000,5076.8000,5076.6000,5076.4000,5078.2000,5078.4000,5078.6000,5079.4000,5080.0000,1,2,1,5,1,1,1,1,1,2
SF,IC2009,2020-05-29 09:30:44.000,5077.2000,47818,-1,211489040.000,1,0,1,双平,S,5077.2000,5076.6000,5076.2000,5076.0000,5075.8000,5078.4000,5078.6000,5079.4000,5080.0000,5081.6000,1,1,1,1,2,1,1,1,2,4
SF,IC2009,2020-05-29 09:30:44.500,5077.6000,47817,-1,213520240.000,2,0,2,多平,S,5077.6000,5077.2000,5076.6000,5076.2000,5076.0000,5078.6000,5079.4000,5080.0000,5081.6000,5083.0000,1,2,1,1,1,1,1,2,4,1
SF,IC2009,2020-05-29 09:30:45.000,5077.6000,47817,0,213520240.000,0,-,-,-,-,5077.8000,5077.2000,5076.0000,5075.6000,5075.4000,5078.4000,5078.6000,5079.4000,5080.0000,5081.6000,1,1,1,2,3,1,1,1,2,4
SF,IC2009,2020-05-29 09:30:45.500,5078.6000,47815,-2,215551640.000,2,0,2,双平,S,5078.0000,5077.8000,5076.0000,5075.8000,5075.6000,5079.4000,5080.0000,5081.6000,5083.0000,5084.4000,3,4,1,1,1,1,2,4,1,2
SF,IC2009,2020-05-29 09:30:46.000,5078.8000,47811,-4,219614360.000,4,0,4,双平,S,5077.8000,5076.0000,5075.8000,5075.6000,5075.4000,5079.4000,5080.0000,5081.6000,5083.0000,5084.4000,1,1,1,1,3,1,2,4,1,2
SF,IC2009,2020-05-29 09:30:46.500,5078.8000,47811,0,219614360.000,0,-,-,-,-,5078.0000,5076.0000,5075.8000,5075.4000,5075.0000,5079.2000,5079.4000,5080.0000,5081.6000,5083.0000,1,1,1,3,1,1,1,2,4,1
SF,IC2009,2020-05-29 09:30:47.000,5078.8000,47811,0,219614360.000,0,-,-,-,-,5078.2000,5078.0000,5076.0000,5075.8000,5075.4000,5079.4000,5080.0000,5081.6000,5083.0000,5084.4000,1,1,1,1,3,1,2,4,1,2
SF,IC2009,2020-05-29 09:30:47.500,5078.2000,47811,0,221645840.000,2,1,1,多换,S,5078.0000,5076.0000,5075.8000,5075.4000,5075.0000,5079.4000,5080.0000,5081.6000,5083.0000,5084.4000,1,1,1,3,1,2,2,4,1,2
SF,IC2009,2020-05-29 09:30:48.000,5079.4000,47811,0,222661720.000,1,0,1,多换,S,5079.2000,5078.0000,5077.2000,5076.0000,5075.8000,5080.0000,5081.6000,5083.0000,5084.4000,5086.6000,1,2,1,1,1,2,4,1,2,5
SF,IC2009,2020-05-29 09:30:48.500,5079.2000,47810,-1,223677560.000,1,0,1,双平,S,5078.0000,5077.2000,5076.0000,5075.8000,5075.4000,5079.6000,5079.8000,5080.0000,5081.6000,5083.0000,2,1,1,1,3,2,1,2,4,1
SF,IC2009,2020-05-29 09:30:49.000,5078.0000,47809,-1,224693160.000,1,0,1,双平,S,5077.2000,5076.0000,5075.8000,5075.4000,5075.0000,5079.0000,5079.4000,5079.8000,5080.0000,5081.6000,1,1,1,3,1,1,2,1,2,4
SF,IC2009,2020-05-29 09:30:49.500,5080.0000,47811,2,228756800.000,4,3,1,空开,S,5077.4000,5077.2000,5076.0000,5075.8000,5075.4000,5081.6000,5083.0000,5084.4000,5086.6000,5088.0000,2,1,1,1,3,4,1,2,5,1
SF,IC2009,2020-05-29 09:30:50.000,5080.0000,47811,0,228756800.000,0,-,-,-,-,5080.0000,5078.0000,5077.6000,5077.4000,5077.2000,5080.8000,5081.4000,5081.6000,5083.0000,5084.4000,1,1,2,1,1,1,3,5,1,2
SF,IC2009,2020-05-29 09:30:50.500,5080.0000,47810,-1,229772800.000,1,0,1,双平,S,5079.0000,5078.0000,5077.4000,5077.2000,5077.0000,5079.8000,5080.2000,5080.6000,5080.8000,5081.4000,3,1,1,1,1,1,3,1,1,2
SF,IC2009,2020-05-29 09:30:51.000,5080.0000,47810,0,229772800.000,0,-,-,-,-,5079.2000,5079.0000,5078.2000,5078.0000,5077.2000,5081.4000,5081.6000,5083.0000,5084.4000,5086.6000,3,3,1,1,1,2,6,1,2,5
SF,IC2009,2020-05-29 09:30:51.500,5081.2000,47809,-1,230789040.000,1,0,1,双平,S,5079.4000,5079.2000,5079.0000,5078.2000,5078.0000,5080.4000,5081.4000,5081.6000,5083.0000,5084.4000,1,1,3,1,1,2,2,6,1,2
SF,IC2009,2020-05-29 09:30:52.000,5079.4000,47808,-1,231804920.000,1,0,1,双平,S,5079.0000,5078.2000,5078.0000,5077.8000,5077.2000,5079.8000,5080.2000,5080.6000,5080.8000,5081.6000,3,1,1,1,1,3,3,1,1,7
SF,IC2009,2020-05-29 09:30:52.500,5079.0000,47805,-3,235868120.000,4,0,4,多平,S,5078.2000,5078.0000,5077.8000,5077.2000,5077.0000,5080.2000,5081.6000,5083.0000,5084.4000,5086.6000,1,1,1,2,1,3,7,1,2,5
SF,IC2009,2020-05-29 09:30:53.000,5079.0000,47805,0,235868120.000,0,-,-,-,-,5078.4000,5078.2000,5078.0000,5077.8000,5077.2000,5079.6000,5079.8000,5080.0000,5080.4000,5081.6000,1,1,1,1,2,1,1,3,2,7
SF,IC2009,2020-05-29 09:30:53.500,5079.0000,47805,0,235868120.000,0,-,-,-,-,5078.4000,5078.0000,5077.8000,5077.2000,5077.0000,5079.6000,5080.0000,5081.6000,5083.0000,5084.4000,1,1,1,2,1,2,5,7,1,2
SF,IC2009,2020-05-29 09:30:54.000,5079.0000,47805,0,235868120.000,0,-,-,-,-,5078.0000,5077.8000,5077.2000,5077.0000,5076.0000,5078.8000,5079.2000,5079.4000,5079.6000,5080.0000,1,1,2,1,1,3,2,4,3,2
SF,IC2009,2020-05-29 09:30:54.500,5078.2000,47804,-1,236883760.000,1,0,1,双平,S,5078.0000,5077.8000,5077.2000,5077.0000,5076.0000,5079.2000,5079.4000,5080.0000,5080.2000,5081.6000,1,1,2,1,1,1,2,2,1,7
SF,IC2009,2020-05-29 09:30:55.000,5078.0000,47803,-1,237899360.000,1,0,1,双平,S,5077.8000,5077.2000,5077.0000,5075.4000,5075.0000,5078.6000,5079.0000,5079.2000,5080.0000,5080.2000,1,2,1,3,1,3,4,3,2,1
SF,IC2009,2020-05-29 09:30:55.500,5077.8000,47802,-1,238914920.000,1,0,1,双平,S,5077.2000,5077.0000,5075.4000,5075.0000,5074.8000,5078.4000,5079.0000,5079.2000,5080.2000,5081.4000,2,1,3,1,1,2,3,3,1,2
SF,IC2009,2020-05-29 09:30:56.000,5077.8000,47802,0,238914920.000,0,-,-,-,-,5077.2000,5077.0000,5075.4000,5075.0000,5074.8000,5078.2000,5078.4000,5079.0000,5079.2000,5080.2000,2,1,3,1,1,4,2,1,1,1
SF,IC2009,2020-05-29 09:30:56.500,5077.6000,47800,-2,242976720.000,4,1,3,多平,S,5076.6000,5075.4000,5075.0000,5074.8000,5073.4000,5077.6000,5078.0000,5078.2000,5079.0000,5079.2000,1,3,1,1,5,2,2,3,1,1
SF,IC2009,2020-05-29 09:30:57.000,5077.6000,47800,0,242976720.000,0,-,-,-,-,5076.6000,5075.4000,5075.0000,5073.4000,5073.2000,5077.2000,5077.4000,5077.8000,5078.2000,5078.4000,1,3,1,5,1,2,4,1,1,3
SF,IC2009,2020-05-29 09:30:57.500,5077.6000,47800,0,242976720.000,0,-,-,-,-,5076.6000,5075.4000,5075.0000,5073.4000,5073.2000,5077.2000,5077.4000,5078.2000,5078.4000,5079.0000,1,3,1,5,1,2,3,1,3,1
SF,IC2009,2020-05-29 09:30:58.000,5077.6000,47795,-5,248054320.000,5,0,5,双平,S,5077.8000,5076.6000,5075.4000,5075.0000,5073.4000,5078.4000,5080.2000,5081.4000,5081.6000,5083.0000,5,1,3,1,5,3,1,2,6,1
SF,IC2009,2020-05-29 09:30:58.500,5078.0000,47793,-2,250085520.000,2,0,2,双平,S,5078.0000,5077.8000,5077.2000,5076.6000,5075.4000,5080.2000,5081.4000,5081.6000,5083.0000,5084.4000,1,5,1,1,3,1,2,6,1,2
SF,IC2009,2020-05-29 09:30:59.000,5078.0000,47793,0,250085520.000,0,-,-,-,-,5078.2000,5078.0000,5077.8000,5077.2000,5076.6000,5078.8000,5079.0000,5079.6000,5080.0000,5080.2000,1,1,5,1,1,1,1,1,2,3
SF,IC2009,2020-05-29 09:30:59.500,5078.8000,47791,-2,252117040.000,2,0,2,双平,S,5078.2000,5078.0000,5077.8000,5076.6000,5075.4000,5078.8000,5079.6000,5080.0000,5080.2000,5080.4000,1,1,5,2,3,1,1,5,1,2
SF,IC2009,2020-05-29 09:31:00.000,5078.2000,47791,0,253132680.000,1,0,1,多换,S,5079.4000,5078.2000,5077.8000,5076.6000,5075.4000,5080.0000,5080.2000,5080.4000,5081.4000,5081.6000,10,1,5,2,3,5,1,2,2,4
SF,IC2009,2020-05-29 09:31:00.500,5080.2000,47782,-9,263291880.000,10,0,10,多平,S,5080.0000,5079.6000,5079.4000,5078.8000,5077.8000,5081.4000,5081.6000,5083.0000,5084.4000,5085.6000,3,1,3,3,5,2,4,2,2,1
SF,IC2009,2020-05-29 09:31:01.000,5079.4000,47776,-6,270403440.000,7,0,7,多平,S,5078.8000,5077.8000,5077.2000,5076.6000,5075.4000,5080.0000,5080.2000,5080.6000,5080.8000,5081.2000,5,5,1,2,3,1,1,1,1,4
SF,IC2009,2020-05-29 09:31:01.500,5079.4000,47776,0,270403440.000,0,-,-,-,-,5079.0000,5078.8000,5077.8000,5077.2000,5076.6000,5079.4000,5080.0000,5080.2000,5080.6000,5081.2000,1,5,5,1,1,7,2,1,1,1
SF,IC2009,2020-05-29 09:31:02.000,5079.4000,47776,0,277514600.000,7,3,4,多换,S,5079.4000,5079.0000,5078.8000,5077.8000,5077.2000,5081.2000,5081.4000,5081.6000,5081.8000,5083.0000,3,1,5,5,1,1,2,5,1,2
SF,IC2009,2020-05-29 09:31:02.500,5079.4000,47776,0,277514600.000,0,-,-,-,-,5080.0000,5079.6000,5079.4000,5078.8000,5077.8000,5081.2000,5081.4000,5081.6000,5081.8000,5083.0000,1,1,1,5,5,2,2,5,1,2
SF,IC2009,2020-05-29 09:31:03.000,5079.4000,47776,0,277514600.000,0,-,-,-,-,5080.0000,5079.6000,5079.4000,5078.8000,5077.8000,5081.2000,5081.4000,5081.6000,5083.0000,5084.4000,1,1,1,5,5,2,2,4,2,2
SF,IC2009,2020-05-29 09:31:03.500,5080.2000,47773,-3,280562920.000,3,0,3,双平,S,5080.0000,5079.6000,5079.4000,5078.8000,5077.8000,5081.4000,5081.6000,5083.0000,5084.4000,5085.6000,1,1,1,5,5,2,4,2,2,1
SF,IC2009,2020-05-29 09:31:04.000,5080.0000,47773,0,281578920.000,1,0,1,多换,S,5079.6000,5079.4000,5078.8000,5077.8000,5077.2000,5080.8000,5081.2000,5081.4000,5081.6000,5083.0000,1,1,5,5,1,1,1,2,5,2
SF,IC2009,2020-05-29 09:31:04.500,5080.0000,47773,0,281578920.000,0,-,-,-,-,5079.8000,5079.6000,5079.4000,5078.8000,5077.8000,5080.0000,5081.2000,5081.4000,5081.6000,5083.0000,2,1,1,5,5,1,1,2,5,2
SF,IC2009,2020-05-29 09:31:05.000,5079.6000,47770,-3,284626800.000,3,0,3,双平,S,5079.4000,5078.8000,5077.8000,5077.2000,5076.8000,5080.2000,5080.6000,5081.0000,5081.2000,5081.4000,1,5,5,1,20,1,1,1,1,2
SF,IC2009,2020-05-29 09:31:05.500,5079.6000,47770,0,284626800.000,0,-,-,-,-,5079.4000,5078.8000,5077.8000,5077.2000,5076.8000,5081.0000,5081.2000,5081.4000,5081.6000,5083.0000,2,5,5,1,20,1,1,2,5,2
SF,IC2009,2020-05-29 09:31:06.000,5080.8000,47769,-1,285642960.000,1,0,1,双平,S,5080.0000,5079.6000,5079.4000,5078.8000,5077.8000,5080.8000,5081.0000,5081.4000,5081.6000,5083.0000,1,1,1,5,5,1,1,2,5,2
SF,IC2009,2020-05-29 09:31:06.500,5080.8000,47769,0,285642960.000,0,-,-,-,-,5080.0000,5079.4000,5078.8000,5077.8000,5077.2000,5080.8000,5081.0000,5081.4000,5081.6000,5083.0000,1,2,5,5,1,1,1,2,5,2
SF,IC2009,2020-05-29 09:31:07.000,5080.8000,47769,0,285642960.000,0,-,-,-,-,5080.0000,5079.4000,5078.8000,5077.8000,5077.2000,5080.8000,5081.0000,5081.4000,5081.6000,5083.0000,2,3,5,5,1,1,1,2,5,2
SF,IC2009,2020-05-29 09:31:07.500,5081.0000,47767,-2,287675320.000,2,0,2,双平,S,5080.2000,5080.0000,5079.4000,5078.8000,5078.6000,5081.4000,5081.6000,5083.0000,5084.4000,5085.6000,1,2,3,5,5,2,4,2,2,1
SF,IC2009,2020-05-29 09:31:08.000,5081.4000,47767,0,288691600.000,1,0,1,多换,S,5080.4000,5080.2000,5080.0000,5079.4000,5078.8000,5081.4000,5081.6000,5083.0000,5084.4000,5085.6000,2,2,1,2,5,1,4,2,2,1
SF,IC2009,2020-05-29 09:31:08.500,5081.4000,47766,-1,292756760.000,4,1,3,多平,S,5080.6000,5080.4000,5080.0000,5079.4000,5078.8000,5081.6000,5083.0000,5084.4000,5085.6000,5086.6000,2,2,1,2,5,3,2,2,1,5
SF,IC2009,2020-05-29 09:31:09.000,5081.4000,47766,0,292756760.000,0,-,-,-,-,5080.8000,5080.0000,5079.4000,5078.8000,5078.6000,5081.6000,5083.0000,5084.4000,5085.6000,5086.6000,4,1,2,5,5,3,2,2,1,5
SF,IC2009,2020-05-29 09:31:09.500,5080.8000,47767,1,293772920.000,1,1,0,双开,S,5080.8000,5080.0000,5079.4000,5078.8000,5078.6000,5081.6000,5083.0000,5084.4000,5085.6000,5086.6000,3,1,2,5,5,3,2,2,1,5
SF,IC2009,2020-05-29 09:31:10.000,5081.4000,47766,-1,294789200.000,1,0,1,双平,S,5080.0000,5079.4000,5078.8000,5078.6000,5078.2000,5081.6000,5083.0000,5084.4000,5085.6000,5086.6000,1,2,5,5,1,3,2,2,1,5
SF,IC2009,2020-05-29 09:31:10.500,5081.4000,47766,0,294789200.000,0,-,-,-,-,5080.2000,5080.0000,5079.4000,5078.8000,5078.6000,5081.6000,5083.0000,5084.4000,5085.6000,5086.6000,1,3,2,5,5,3,2,2,1,5
SF,IC2009,2020-05-29 09:31:11.000,5081.4000,47766,0,294789200.000,0,-,-,-,-,5080.2000,5080.0000,5079.4000,5078.8000,5078.6000,5081.6000,5083.0000,5084.4000,5085.6000,5086.6000,4,1,2,5,5,3,2,2,1,5
SF,IC2009,2020-05-29 09:31:11.500,5081.4000,47766,0,294789200.000,0,-,-,-,-,5080.6000,5080.4000,5080.2000,5080.0000,5079.4000,5081.4000,5081.6000,5083.0000,5084.4000,5085.6000,1,4,1,1,2,1,3,2,2,1
SF,IC2009,2020-05-29 09:31:12.000,5081.4000,47766,0,295805480.000,1,0,1,多换,S,5080.8000,5080.6000,5080.4000,5080.0000,5079.4000,5081.6000,5083.0000,5084.4000,5085.6000,5087.6000,1,1,2,1,2,3,2,2,1,1
SF,IC2009,2020-05-29 09:31:12.500,5081.4000,47766,0,295805480.000,0,-,-,-,-,5080.8000,5080.6000,5080.4000,5080.0000,5079.4000,5081.4000,5081.6000,5083.0000,5084.4000,5085.6000,1,1,1,1,2,1,3,2,2,1
SF,IC2009,2020-05-29 09:31:13.000,5081.6000,47765,-1,296821800.000,1,0,1,双平,S,5080.8000,5080.6000,5080.0000,5079.4000,5078.8000,5081.0000,5081.6000,5083.0000,5084.4000,5085.6000,1,1,1,2,5,1,2,2,2,1
SF,IC2009,2020-05-29 09:31:13.500,5081.6000,47761,-4,300886840.000,4,0,4,双平,S,5081.6000,5081.0000,5080.6000,5080.0000,5079.4000,5083.0000,5084.4000,5085.6000,5087.6000,5088.0000,4,3,1,1,2,2,2,1,1,1
SF,IC2009,2020-05-29 09:31:14.000,5081.8000,47761,0,303936120.000,3,1,2,多换,S,5081.6000,5081.0000,5080.6000,5080.0000,5079.4000,5083.0000,5084.4000,5085.6000,5087.6000,5088.0000,4,3,1,1,2,2,2,1,1,2
SF,IC2009,2020-05-29 09:31:14.500,5082.8000,47760,-1,306985320.000,3,1,2,多平,S,5081.6000,5081.0000,5080.6000,5080.0000,5079.4000,5082.8000,5083.0000,5084.4000,5085.6000,5087.6000,2,2,1,1,2,2,3,2,1,1
SF,IC2009,2020-05-29 09:31:15.000,5082.8000,47760,0,309018240.000,2,1,1,多换,S,5081.8000,5081.6000,5081.0000,5080.6000,5080.0000,5083.0000,5084.4000,5085.6000,5087.6000,5088.0000,1,2,2,1,1,2,2,1,1,2
SF,IC2009,2020-05-29 09:31:15.500,5082.8000,47760,0,309018240.000,0,-,-,-,-,5081.6000,5081.0000,5080.6000,5080.0000,5079.4000,5082.8000,5083.0000,5084.4000,5085.6000,5087.6000,2,2,1,1,2,1,5,2,1,1
SF,IC2009,2020-05-29 09:31:16.000,5082.8000,47759,-1,310034800.000,1,0,1,双平,S,5081.8000,5081.6000,5081.0000,5080.8000,5080.6000,5083.0000,5084.4000,5085.6000,5087.6000,5088.0000,3,2,1,1,1,2,2,1,1,2
SF,IC2009,2020-05-29 09:31:16.500,5082.8000,47759,0,310034800.000,0,-,-,-,-,5082.0000,5081.8000,5081.6000,5081.0000,5080.8000,5083.0000,5084.4000,5085.6000,5087.6000,5088.0000,1,2,2,1,1,2,2,1,1,2
SF,IC2009,2020-05-29 09:31:17.000,5083.0000,47758,-1,312068000.000,2,0,2,多平,S,5082.2000,5082.0000,5081.6000,5081.0000,5080.8000,5084.4000,5085.6000,5087.6000,5088.0000,5090.0000,1,2,2,1,1,2,1,1,2,2
SF,IC2009,2020-05-29 09:31:17.500,5083.0000,47758,0,312068000.000,0,-,-,-,-,5082.2000,5082.0000,5081.6000,5081.0000,5080.8000,5084.4000,5085.6000,5087.6000,5088.0000,5090.0000,2,1,2,1,1,2,1,1,2,2
SF,IC2009,2020-05-29 09:31:18.000,5083.0000,47758,0,312068000.000,0,-,-,-,-,5082.2000,5082.0000,5081.6000,5081.0000,5080.8000,5084.2000,5084.4000,5085.6000,5087.6000,5088.0000,2,1,2,1,1,1,2,1,1,2
SF,IC2009,2020-05-29 09:31:18.500,5084.0000,47757,-1,313084800.000,1,0,1,双平,S,5082.2000,5081.6000,5081.0000,5080.8000,5080.6000,5084.0000,5084.2000,5084.4000,5085.6000,5087.6000,1,2,1,1,1,1,2,3,1,1
SF,IC2009,2020-05-29 09:31:19.000,5084.0000,47757,0,313084800.000,0,-,-,-,-,5082.2000,5081.6000,5081.0000,5080.8000,5080.6000,5083.8000,5084.0000,5084.2000,5084.4000,5085.6000,1,2,1,1,1,1,1,1,2,1
SF,IC2009,2020-05-29 09:31:19.500,5084.0000,47757,0,313084800.000,0,-,-,-,-,5082.2000,5081.6000,5081.0000,5080.8000,5080.6000,5084.0000,5084.4000,5085.6000,5087.6000,5088.0000,2,2,1,1,1,1,2,1,1,2
SF,IC2009,2020-05-29 09:31:20.000,5084.0000,47757,0,313084800.000,0,-,-,-,-,5082.2000,5081.6000,5081.0000,5080.8000,5080.6000,5084.4000,5085.6000,5087.6000,5088.0000,5090.0000,2,2,1,1,1,2,1,1,2,2
SF,IC2009,2020-05-29 09:31:20.500,5084.2000,47756,-1,314101640.000,1,0,1,双平,S,5082.2000,5081.6000,5081.0000,5080.8000,5080.6000,5084.4000,5085.6000,5087.6000,5088.0000,5090.0000,1,2,1,1,1,2,1,1,2,2
SF,IC2009,2020-05-29 09:31:21.000,5084.0000,47755,-1,315118440.000,1,0,1,双平,S,5084.0000,5082.2000,5081.6000,5081.0000,5080.8000,5084.4000,5085.6000,5087.6000,5088.0000,5090.0000,1,2,2,1,1,2,1,1,2,2
SF,IC2009,2020-05-29 09:31:21.500,5084.4000,47754,-1,316135320.000,1,0,1,双平,S,5084.0000,5082.2000,5081.6000,5080.8000,5080.6000,5084.4000,5085.6000,5087.6000,5088.0000,5090.0000,3,2,2,1,1,1,1,1,2,2
SF,IC2009,2020-05-29 09:31:22.000,5084.4000,47753,-1,317152200.000,1,0,1,双平,S,5084.2000,5084.0000,5082.2000,5081.6000,5080.8000,5085.6000,5087.6000,5088.0000,5090.0000,5092.4000,1,2,1,2,1,1,1,2,2,5
SF,IC2009,2020-05-29 09:31:22.500,5084.4000,47753,0,317152200.000,0,-,-,-,-,5084.4000,5084.2000,5084.0000,5081.6000,5080.8000,5085.6000,5087.6000,5088.0000,5090.0000,5092.4000,1,1,2,2,1,1,1,2,2,5
SF,IC2009,2020-05-29 09:31:23.000,5084.6000,47751,-2,319186240.000,2,0,2,双平,S,5084.4000,5084.0000,5081.6000,5080.8000,5080.6000,5087.6000,5088.0000,5090.0000,5092.4000,5093.0000,3,2,2,1,1,1,2,2,5,2
SF,IC2009,2020-05-29 09:31:23.500,5084.6000,47751,0,319186240.000,0,-,-,-,-,5084.6000,5084.4000,5084.0000,5081.6000,5080.8000,5087.4000,5087.6000,5088.0000,5090.0000,5092.4000,2,1,2,2,1,5,5,2,2,5
SF,IC2009,2020-05-29 09:31:24.000,5084.6000,47751,0,319186240.000,0,-,-,-,-,5084.8000,5084.6000,5084.0000,5083.6000,5081.6000,5087.0000,5087.2000,5087.4000,5087.6000,5088.0000,1,2,2,1,2,1,3,2,7,2
SF,IC2009,2020-05-29 09:31:24.500,5084.6000,47751,0,319186240.000,0,-,-,-,-,5084.8000,5084.6000,5084.0000,5083.6000,5081.6000,5086.4000,5086.8000,5087.0000,5087.2000,5087.6000,2,2,2,1,2,2,1,3,1,4
SF,IC2009,2020-05-29 09:31:25.000,5087.0000,47751,0,322238400.000,3,1,2,多换,S,5085.0000,5084.8000,5084.6000,5084.0000,5083.6000,5087.0000,5087.6000,5088.0000,5090.0000,5092.4000,1,2,1,2,1,1,4,2,2,5
SF,IC2009,2020-05-29 09:31:25.500,5087.0000,47751,0,322238400.000,0,-,-,-,-,5085.2000,5085.0000,5084.8000,5084.6000,5084.0000,5087.0000,5087.6000,5088.0000,5090.0000,5092.4000,1,1,1,1,2,1,4,2,2,5
SF,IC2009,2020-05-29 09:31:26.000,5087.0000,47751,0,322238400.000,0,-,-,-,-,5085.2000,5084.8000,5084.6000,5084.0000,5083.6000,5086.4000,5086.8000,5087.0000,5087.6000,5088.0000,1,1,1,2,1,2,4,2,4,2
SF,IC2009,2020-05-29 09:31:26.500,5087.0000,47751,0,322238400.000,0,-,-,-,-,5085.2000,5084.6000,5084.0000,5083.6000,5081.6000,5086.4000,5086.8000,5087.0000,5087.6000,5088.0000,2,1,2,1,2,2,3,2,4,2
SF,IC2009,2020-05-29 09:31:27.000,5087.0000,47751,0,322238400.000,0,-,-,-,-,5085.2000,5084.6000,5084.0000,5083.6000,5081.6000,5086.8000,5087.0000,5087.6000,5088.0000,5090.0000,2,1,2,1,2,2,2,4,2,2
SF,IC2009,2020-05-29 09:31:27.500,5087.0000,47751,0,322238400.000,0,-,-,-,-,5085.2000,5084.6000,5084.0000,5083.6000,5082.0000,5086.8000,5087.0000,5087.6000,5088.0000,5090.0000,2,1,2,1,1,2,1,4,2,2
SF,IC2009,2020-05-29 09:31:28.000,5087.0000,47751,0,322238400.000,0,-,-,-,-,5085.2000,5084.6000,5084.0000,5083.6000,5082.0000,5086.8000,5087.0000,5087.6000,5088.0000,5090.0000,2,1,1,1,1,1,1,4,2,2
SF,IC2009,2020-05-29 09:31:28.500,5087.0000,47751,0,322238400.000,0,-,-,-,-,5085.2000,5085.0000,5084.6000,5084.0000,5083.6000,5086.8000,5087.0000,5087.6000,5088.0000,5090.0000,1,1,1,1,1,2,1,4,2,2
SF,IC2009,2020-05-29 09:31:29.000,5087.0000,47751,0,322238400.000,0,-,-,-,-,5085.2000,5085.0000,5084.6000,5084.0000,5083.6000,5086.8000,5087.0000,5087.6000,5088.0000,5090.0000,3,1,1,1,1,1,1,4,2,2
SF,IC2009,2020-05-29 09:31:29.500,5085.4000,47751,0,324272840.000,2,1,1,多换,S,5085.4000,5085.2000,5085.0000,5084.6000,5084.0000,5087.0000,5087.6000,5088.0000,5090.0000,5092.4000,1,1,1,1,1,1,2,2,2,5
SF,IC2009,2020-05-29 09:31:30.000,5085.4000,47751,0,324272840.000,0,-,-,-,-,5085.6000,5085.4000,5085.0000,5084.6000,5084.0000,5087.0000,5087.6000,5088.0000,5090.0000,5092.4000,1,3,1,1,1,1,2,2,2,5
SF,IC2009,2020-05-29 09:31:30.500,5085.4000,47751,0,324272840.000,0,-,-,-,-,5087.0000,5085.6000,5085.0000,5084.6000,5084.0000,5087.6000,5088.0000,5090.0000,5092.4000,5093.0000,1,4,1,1,1,1,2,2,5,2
SF,IC2009,2020-05-29 09:31:31.000,5087.0000,47750,-1,326307640.000,2,0,2,多平,S,5085.6000,5085.0000,5084.6000,5084.0000,5083.6000,5087.6000,5088.0000,5090.0000,5092.4000,5093.0000,3,1,1,1,1,2,2,2,5,2
SF,IC2009,2020-05-29 09:31:31.500,5087.0000,47750,0,326307640.000,0,-,-,-,-,5085.6000,5085.0000,5084.6000,5084.0000,5083.6000,5086.4000,5087.4000,5087.6000,5088.0000,5090.0000,2,1,1,1,1,1,2,4,2,2
SF,IC2009,2020-05-29 09:31:32.000,5087.0000,47750,0,326307640.000,0,-,-,-,-,5086.6000,5086.4000,5085.6000,5085.0000,5084.6000,5087.4000,5087.6000,5088.0000,5090.0000,5092.4000,1,1,2,1,1,1,5,2,2,5
SF,IC2009,2020-05-29 09:31:32.500,5086.4000,47749,-1,329359520.000,3,1,2,多平,S,5085.6000,5085.0000,5084.6000,5084.0000,5083.6000,5087.4000,5087.6000,5088.0000,5090.0000,5092.4000,1,1,1,1,1,1,3,2,2,5
SF,IC2009,2020-05-29 09:31:33.000,5086.4000,47749,0,329359520.000,0,-,-,-,-,5085.6000,5085.0000,5084.6000,5084.0000,5083.6000,5087.6000,5088.0000,5090.0000,5092.4000,5093.0000,1,1,1,1,1,3,2,2,5,2
SF,IC2009,2020-05-29 09:31:33.500,5086.4000,47749,0,329359520.000,0,-,-,-,-,5085.6000,5085.0000,5084.6000,5084.0000,5083.6000,5086.4000,5087.4000,5087.6000,5088.0000,5090.0000,1,1,1,1,1,2,5,5,2,2
SF,IC2009,2020-05-29 09:31:34.000,5086.4000,47749,0,329359520.000,0,-,-,-,-,5085.6000,5085.0000,5084.6000,5084.0000,5083.6000,5087.4000,5087.6000,5088.0000,5090.0000,5092.4000,1,1,1,1,1,1,5,2,2,5
SF,IC2009,2020-05-29 09:31:34.500,5085.6000,47748,-1,330376640.000,1,0,1,双平,S,5085.0000,5084.6000,5084.0000,5083.6000,5082.0000,5086.4000,5087.2000,5087.4000,5087.6000,5088.0000,1,1,1,1,1,2,3,3,5,2
SF,IC2009,2020-05-29 09:31:35.000,5085.6000,47748,0,330376640.000,0,-,-,-,-,5085.0000,5084.6000,5084.0000,5083.6000,5082.0000,5085.6000,5086.2000,5086.4000,5087.2000,5087.4000,1,1,1,1,1,1,3,2,1,2
SF,IC2009,2020-05-29 09:31:35.500,5087.4000,47747,-1,332411160.000,2,0,2,多平,S,5085.0000,5084.6000,5084.0000,5083.6000,5082.0000,5087.6000,5088.0000,5090.0000,5092.4000,5093.0000,1,1,1,1,1,4,2,2,5,2
SF,IC2009,2020-05-29 09:31:36.000,5087.4000,47747,0,332411160.000,0,-,-,-,-,5085.2000,5085.0000,5084.6000,5084.0000,5083.6000,5087.4000,5087.6000,5088.0000,5090.0000,5092.4000,2,3,1,1,1,2,4,2,2,5
SF,IC2009,2020-05-29 09:31:36.500,5087.4000,47747,0,333428640.000,1,0,1,多换,S,5085.2000,5085.0000,5084.6000,5084.0000,5083.6000,5087.6000,5088.0000,5090.0000,5092.4000,5093.0000,2,1,1,1,1,4,2,3,5,2
SF,IC2009,2020-05-29 09:31:37.000,5087.4000,47747,0,333428640.000,0,-,-,-,-,5085.4000,5085.2000,5085.0000,5084.6000,5084.0000,5087.6000,5088.0000,5090.0000,5092.4000,5093.0000,3,2,1,1,1,4,2,3,5,2
SF,IC2009,2020-05-29 09:31:37.500,5087.4000,47747,0,333428640.000,0,-,-,-,-,5085.6000,5085.2000,5085.0000,5084.6000,5084.0000,5086.4000,5087.2000,5087.4000,5087.6000,5088.0000,1,1,1,1,1,2,1,6,4,2
SF,IC2009,2020-05-29 09:31:38.000,5085.2000,47745,-2,335462800.000,2,0,2,双平,S,5085.0000,5084.6000,5084.0000,5083.6000,5082.0000,5085.6000,5086.2000,5086.4000,5086.8000,5087.2000,1,1,1,1,2,1,2,2,1,1
SF,IC2009,2020-05-29 09:31:38.500,5085.2000,47745,0,335462800.000,0,-,-,-,-,5085.0000,5084.6000,5084.0000,5083.6000,5082.0000,5085.2000,5085.6000,5086.2000,5086.4000,5087.2000,1,1,1,1,2,1,1,4,2,1
SF,IC2009,2020-05-29 09:31:39.000,5085.0000,47744,-1,336479800.000,1,0,1,双平,S,5084.6000,5084.0000,5083.6000,5082.0000,5081.6000,5085.6000,5086.2000,5086.4000,5087.2000,5087.4000,1,1,1,2,2,1,3,2,1,3
SF,IC2009,2020-05-29 09:31:39.500,5085.0000,47744,0,336479800.000,0,-,-,-,-,5085.2000,5084.6000,5084.0000,5083.6000,5082.0000,5085.6000,5086.2000,5086.4000,5086.6000,5087.2000,2,1,1,1,2,1,2,2,2,1
SF,IC2009,2020-05-29 09:31:40.000,5085.0000,47742,-2,341564720.000,5,1,4,多平,S,5085.0000,5084.0000,5083.6000,5082.0000,5081.6000,5085.6000,5086.2000,5086.4000,5086.6000,5087.4000,1,1,1,2,2,1,2,2,2,2
SF,IC2009,2020-05-29 09:31:40.500,5085.0000,47741,-1,342581720.000,1,0,1,双平,S,5084.0000,5083.6000,5082.0000,5081.6000,5080.8000,5085.6000,5086.2000,5086.4000,5086.6000,5087.4000,1,1,2,2,1,3,1,2,2,2
SF,IC2009,2020-05-29 09:31:41.000,5085.4000,47740,-1,343598800.000,1,0,1,双平,S,5084.0000,5083.6000,5082.0000,5081.6000,5080.8000,5085.4000,5085.6000,5086.0000,5086.2000,5086.4000,2,1,2,2,1,2,3,1,1,2
SF,IC2009,2020-05-29 09:31:41.500,5085.4000,47740,0,344615880.000,1,0,1,多换,S,5084.2000,5084.0000,5083.6000,5082.0000,5081.6000,5085.6000,5086.0000,5086.2000,5086.4000,5086.6000,2,2,1,2,2,2,1,1,2,2
SF,IC2009,2020-05-29 09:31:42.000,5085.4000,47740,0,344615880.000,0,-,-,-,-,5084.2000,5084.0000,5083.6000,5082.0000,5081.6000,5085.6000,5086.0000,5086.2000,5086.4000,5086.6000,2,2,1,2,2,1,1,1,2,2
SF,IC2009,2020-05-29 09:31:42.500,5085.4000,47740,0,344615880.000,0,-,-,-,-,5084.2000,5084.0000,5083.6000,5082.0000,5081.6000,5085.6000,5086.0000,5086.2000,5086.4000,5086.6000,2,1,1,2,2,1,1,1,2,2
SF,IC2009,2020-05-29 09:31:43.000,5085.4000,47740,0,344615880.000,0,-,-,-,-,5084.2000,5084.0000,5083.6000,5082.0000,5081.6000,5084.8000,5085.4000,5085.6000,5086.0000,5086.2000,2,1,1,2,2,1,1,8,1,1
SF,IC2009,2020-05-29 09:31:43.500,5085.4000,47739,-1,345632960.000,1,0,1,双平,S,5084.2000,5084.0000,5083.6000,5082.0000,5081.6000,5085.6000,5085.8000,5086.0000,5086.2000,5086.4000,1,1,1,2,2,2,1,1,1,2
SF,IC2009,2020-05-29 09:31:44.000,5085.4000,47739,0,345632960.000,0,-,-,-,-,5084.2000,5084.0000,5083.6000,5082.0000,5081.6000,5085.6000,5085.8000,5086.0000,5086.2000,5086.4000,1,1,1,2,2,2,1,1,1,2
SF,IC2009,2020-05-29 09:31:44.500,5085.4000,47739,0,345632960.000,0,-,-,-,-,5084.2000,5084.0000,5083.6000,5082.0000,5081.6000,5085.6000,5085.8000,5086.0000,5086.2000,5086.4000,1,1,1,2,2,3,1,1,1,2
SF,IC2009,2020-05-29 09:31:45.000,5085.4000,47739,0,345632960.000,0,-,-,-,-,5084.2000,5084.0000,5083.6000,5082.0000,5081.6000,5085.4000,5085.6000,5085.8000,5086.0000,5086.2000,1,1,1,2,2,5,3,1,1,1
SF,IC2009,2020-05-29 09:31:45.500,5085.4000,47740,1,346650040.000,1,1,0,双开,S,5084.2000,5084.0000,5083.6000,5082.0000,5081.6000,5085.4000,5085.6000,5085.8000,5086.0000,5086.2000,1,1,1,2,2,1,1,1,1,1
SF,IC2009,2020-05-29 09:31:46.000,5085.4000,47740,0,346650040.000,0,-,-,-,-,5084.2000,5084.0000,5083.6000,5082.0000,5081.6000,5084.8000,5085.4000,5085.6000,5085.8000,5086.0000,1,1,1,2,2,1,3,3,1,1
SF,IC2009,2020-05-29 09:31:46.500,5084.2000,47739,-1,347666880.000,1,0,1,双平,S,5084.0000,5083.6000,5082.0000,5081.6000,5080.8000,5084.8000,5085.4000,5085.6000,5085.8000,5086.0000,1,1,2,2,1,1,2,3,1,1
SF,IC2009,2020-05-29 09:31:47.000,5084.2000,47739,0,347666880.000,0,-,-,-,-,5084.0000,5083.6000,5082.0000,5081.6000,5080.8000,5084.6000,5084.8000,5085.4000,5085.6000,5085.8000,1,1,2,2,1,1,1,1,3,1
SF,IC2009,2020-05-29 09:31:47.500,5084.0000,47738,-1,348683680.000,1,0,1,双平,S,5083.6000,5082.0000,5081.6000,5080.8000,5080.0000,5084.6000,5084.8000,5085.4000,5085.6000,5085.8000,1,2,2,1,1,1,1,1,3,1
SF,IC2009,2020-05-29 09:31:48.000,5083.8000,47737,-1,352750600.000,4,1,3,多平,S,5082.0000,5081.6000,5080.8000,5080.0000,5079.0000,5084.0000,5084.2000,5084.4000,5084.6000,5084.8000,2,2,1,1,1,3,7,2,1,1
SF,IC2009,2020-05-29 09:31:48.500,5084.2000,47736,-1,353767440.000,1,0,1,双平,S,5082.2000,5082.0000,5081.6000,5080.8000,5080.0000,5084.8000,5085.6000,5085.8000,5086.0000,5086.2000,3,2,2,1,1,1,2,1,1,1
SF,IC2009,2020-05-29 09:31:49.000,5084.2000,47736,0,353767440.000,0,-,-,-,-,5082.4000,5082.2000,5082.0000,5081.6000,5080.8000,5084.6000,5084.8000,5085.6000,5085.8000,5086.0000,2,1,2,2,1,1,1,2,1,1
SF,IC2009,2020-05-29 09:31:49.500,5084.2000,47736,0,353767440.000,0,-,-,-,-,5082.6000,5082.4000,5082.0000,5081.6000,5080.8000,5083.6000,5084.6000,5084.8000,5085.6000,5085.8000,1,2,2,2,1,1,1,1,2,1
SF,IC2009,2020-05-29 09:31:50.000,5083.8000,47735,-1,354784200.000,1,0,1,双平,S,5082.6000,5082.0000,5081.6000,5080.8000,5080.0000,5083.6000,5084.8000,5085.6000,5085.8000,5086.0000,1,2,2,1,1,1,1,2,3,1
SF,IC2009,2020-05-29 09:31:50.500,5083.8000,47735,0,354784200.000,0,-,-,-,-,5082.6000,5082.0000,5081.6000,5080.8000,5080.0000,5084.8000,5085.6000,5085.8000,5086.0000,5086.2000,1,2,2,1,1,1,2,3,1,1
SF,IC2009,2020-05-29 09:31:51.000,5084.6000,47735,0,355801120.000,1,0,1,多换,S,5084.6000,5082.6000,5082.0000,5081.6000,5080.8000,5084.8000,5085.6000,5085.8000,5086.0000,5086.2000,4,2,2,2,1,1,2,3,1,1
SF,IC2009,2020-05-29 09:31:51.500,5084.6000,47734,-1,360885760.000,5,2,3,多平,S,5083.6000,5082.6000,5082.0000,5081.6000,5080.8000,5085.6000,5085.8000,5086.0000,5086.2000,5086.4000,1,2,2,2,1,2,1,1,1,2
SF,IC2009,2020-05-29 09:31:52.000,5084.6000,47734,0,360885760.000,0,-,-,-,-,5083.8000,5083.6000,5082.0000,5081.6000,5080.8000,5085.6000,5085.8000,5086.0000,5086.2000,5086.4000,1,4,2,2,1,5,1,1,1,2
SF,IC2009,2020-05-29 09:31:52.500,5084.6000,47734,0,360885760.000,0,-,-,-,-,5083.8000,5083.6000,5082.0000,5081.6000,5080.8000,5085.6000,5085.8000,5086.0000,5086.2000,5086.4000,4,1,2,2,1,1,1,1,1,2
SF,IC2009,2020-05-29 09:31:53.000,5084.6000,47734,0,360885760.000,0,-,-,-,-,5083.8000,5083.6000,5082.0000,5081.6000,5080.8000,5085.6000,5085.8000,5086.0000,5086.2000,5086.4000,2,1,2,2,1,2,1,1,1,2
SF,IC2009,2020-05-29 09:31:53.500,5084.6000,47734,0,360885760.000,0,-,-,-,-,5084.8000,5084.0000,5083.8000,5083.6000,5082.0000,5085.4000,5085.6000,5085.8000,5086.0000,5086.2000,2,2,2,1,2,2,1,1,1,1
SF,IC2009,2020-05-29 09:31:54.000,5085.4000,47731,-3,363937000.000,3,0,3,双平,S,5085.0000,5084.8000,5084.0000,5083.8000,5083.6000,5085.8000,5086.0000,5087.6000,5087.8000,5088.0000,2,2,1,1,1,1,2,3,5,2
SF,IC2009,2020-05-29 09:31:54.500,5085.8000,47730,-1,364954160.000,1,0,1,双平,S,5085.0000,5084.8000,5083.6000,5082.0000,5081.6000,5086.0000,5087.2000,5087.6000,5087.8000,5088.0000,2,2,1,2,2,2,2,3,5,2
SF,IC2009,2020-05-29 09:31:55.000,5085.6000,47730,0,365971280.000,1,0,1,多换,S,5084.8000,5083.6000,5082.0000,5081.6000,5080.8000,5085.8000,5086.0000,5086.2000,5087.2000,5087.6000,2,1,2,2,1,2,2,2,2,3
SF,IC2009,2020-05-29 09:31:56.000,5085.6000,47730,0,365971280.000,0,-,-,-,-,5084.8000,5083.6000,5082.0000,5081.6000,5080.8000,5085.8000,5086.0000,5087.2000,5087.6000,5087.8000,2,1,2,2,1,3,2,2,3,5
SF,IC2009,2020-05-29 09:31:56.500,5085.6000,47730,0,365971280.000,0,-,-,-,-,5085.0000,5084.8000,5083.6000,5082.0000,5081.6000,5085.8000,5086.0000,5087.2000,5087.6000,5087.8000,1,2,1,2,2,2,2,2,3,5
SF,IC2009,2020-05-29 09:31:57.000,5085.0000,47731,1,366988280.000,1,1,0,双开,S,5084.8000,5083.6000,5082.0000,5081.6000,5080.8000,5085.8000,5086.0000,5087.2000,5087.6000,5087.8000,2,1,2,2,1,2,2,2,3,5
SF,IC2009,2020-05-29 09:31:57.500,5085.0000,47731,0,366988280.000,0,-,-,-,-,5084.8000,5083.6000,5082.0000,5081.6000,5080.8000,5085.0000,5085.4000,5085.8000,5086.0000,5087.2000,2,1,2,2,1,1,3,1,2,2
SF,IC2009,2020-05-29 09:31:58.000,5085.0000,47731,0,368005280.000,1,0,1,多换,S,5084.8000,5083.6000,5082.0000,5081.6000,5080.8000,5085.4000,5085.8000,5086.0000,5087.2000,5087.6000,2,1,2,2,1,3,1,2,2,3
SF,IC2009,2020-05-29 09:31:59.000,5084.8000,47730,-1,370039200.000,2,0,2,多平,S,5083.6000,5082.0000,5081.6000,5080.8000,5080.0000,5085.4000,5085.8000,5086.0000,5087.2000,5087.6000,1,2,2,1,1,3,1,2,2,3
SF,IC2009,2020-05-29 09:31:59.500,5085.4000,47728,-2,372073360.000,2,0,2,双平,S,5083.8000,5083.6000,5082.0000,5081.6000,5080.8000,5085.4000,5085.8000,5086.0000,5087.2000,5087.6000,2,3,2,2,1,1,1,2,2,3
SF,IC2009,2020-05-29 09:32:00.000,5085.4000,47728,0,372073360.000,0,-,-,-,-,5084.0000,5083.8000,5083.6000,5082.0000,5081.6000,5085.4000,5085.8000,5086.0000,5087.2000,5087.6000,4,2,1,2,2,1,1,2,2,3
SF,IC2009,2020-05-29 09:32:00.500,5085.4000,47727,-1,373090440.000,1,0,1,双平,S,5085.4000,5084.2000,5083.8000,5083.6000,5082.0000,5085.8000,5086.0000,5087.6000,5087.8000,5088.0000,1,4,1,1,2,1,2,3,5,2
SF,IC2009,2020-05-29 09:32:01.000,5085.4000,47727,0,373090440.000,0,-,-,-,-,5084.2000,5083.8000,5083.6000,5082.0000,5081.6000,5085.4000,5085.8000,5086.0000,5087.6000,5087.8000,3,1,1,2,2,2,1,2,3,5
SF,IC2009,2020-05-29 09:32:01.500,5085.4000,47727,0,373090440.000,0,-,-,-,-,5084.2000,5083.8000,5083.6000,5082.0000,5081.6000,5085.2000,5085.4000,5085.8000,5086.0000,5087.6000,1,1,1,2,2,1,1,1,2,3
SF,IC2009,2020-05-29 09:32:02.000,5085.4000,47727,0,373090440.000,0,-,-,-,-,5084.2000,5083.6000,5082.0000,5081.6000,5080.8000,5085.2000,5085.4000,5085.8000,5086.0000,5087.6000,1,1,2,2,1,1,1,1,2,3
SF,IC2009,2020-05-29 09:32:02.500,5085.4000,47727,0,373090440.000,0,-,-,-,-,5084.2000,5083.6000,5082.0000,5081.6000,5080.8000,5085.2000,5085.4000,5085.8000,5086.0000,5087.6000,1,1,2,2,1,1,1,1,2,3
SF,IC2009,2020-05-29 09:32:03.000,5085.4000,47727,0,373090440.000,0,-,-,-,-,5084.2000,5083.6000,5082.0000,5081.6000,5080.8000,5085.2000,5085.4000,5085.8000,5086.0000,5087.6000,1,1,2,2,1,1,1,1,2,3
SF,IC2009,2020-05-29 09:32:03.500,5084.2000,47725,-2,375124120.000,2,0,2,双平,S,5083.6000,5082.0000,5081.6000,5080.8000,5080.0000,5084.2000,5085.2000,5085.8000,5086.0000,5087.6000,1,2,2,1,1,1,2,1,2,3
SF,IC2009,2020-05-29 09:32:04.000,5084.2000,47725,0,375124120.000,0,-,-,-,-,5083.6000,5082.0000,5081.6000,5080.8000,5080.0000,5085.2000,5085.8000,5086.0000,5087.6000,5087.8000,1,2,2,1,1,1,1,2,3,5
SF,IC2009,2020-05-29 09:32:04.500,5083.8000,47724,-1,377157600.000,2,0,2,多平,S,5082.0000,5081.6000,5080.8000,5080.0000,5079.2000,5085.0000,5085.2000,5085.8000,5086.0000,5087.6000,2,2,1,1,2,2,4,1,2,3
SF,IC2009,2020-05-29 09:32:05.000,5083.8000,47724,0,377157600.000,0,-,-,-,-,5082.2000,5082.0000,5081.6000,5080.8000,5080.0000,5084.8000,5085.0000,5085.2000,5085.8000,5086.0000,2,2,2,1,1,1,2,3,1,2
SF,IC2009,2020-05-29 09:32:05.500,5083.8000,47724,0,377157600.000,0,-,-,-,-,5082.2000,5082.0000,5081.6000,5080.8000,5080.0000,5084.4000,5084.6000,5084.8000,5085.2000,5085.8000,2,2,2,1,1,1,1,4,1,1
SF,IC2009,2020-05-29 09:32:06.000,5083.8000,47724,0,377157600.000,0,-,-,-,-,5082.2000,5082.0000,5081.6000,5080.8000,5080.0000,5084.0000,5084.2000,5084.4000,5084.8000,5085.2000,1,2,2,1,1,1,2,4,4,1
SF,IC2009,2020-05-29 09:32:06.500,5083.8000,47724,0,377157600.000,0,-,-,-,-,5082.2000,5082.0000,5081.6000,5080.8000,5080.0000,5083.6000,5083.8000,5084.0000,5084.2000,5084.4000,1,2,2,1,1,1,2,2,1,2
SF,IC2009,2020-05-29 09:32:07.000,5082.2000,47723,-1,378174040.000,1,0,1,双平,S,5082.0000,5081.6000,5080.8000,5080.0000,5079.2000,5083.0000,5083.4000,5083.6000,5083.8000,5084.2000,2,2,1,1,2,1,2,3,3,1
SF,IC2009,2020-05-29 09:32:07.500,5082.0000,47723,0,379190440.000,1,0,1,多换,S,5082.2000,5082.0000,5081.6000,5080.8000,5080.0000,5082.8000,5083.0000,5083.6000,5084.2000,5084.4000,1,1,2,1,1,2,3,1,1,1
SF,IC2009,2020-05-29 09:32:08.000,5082.0000,47721,-2,381223240.000,2,0,2,双平,S,5081.6000,5080.8000,5080.0000,5079.2000,5079.0000,5082.6000,5082.8000,5083.0000,5083.6000,5084.2000,2,1,1,2,1,1,1,6,1,1
SF,IC2009,2020-05-29 09:32:08.500,5082.0000,47721,0,381223240.000,0,-,-,-,-,5081.6000,5080.8000,5080.0000,5079.2000,5079.0000,5082.4000,5082.6000,5083.0000,5083.6000,5084.4000,2,1,1,2,1,2,2,1,1,1
SF,IC2009,2020-05-29 09:32:09.000,5082.0000,47721,0,381223240.000,0,-,-,-,-,5081.6000,5080.8000,5080.0000,5079.2000,5079.0000,5083.0000,5084.4000,5084.8000,5085.2000,5085.8000,2,1,1,2,1,1,1,1,1,1
SF,IC2009,2020-05-29 09:32:09.500,5082.0000,47721,0,381223240.000,0,-,-,-,-,5081.8000,5081.6000,5080.8000,5080.0000,5079.2000,5082.8000,5083.0000,5084.4000,5084.8000,5085.2000,1,2,1,1,2,1,3,1,1,1
SF,IC2009,2020-05-29 09:32:10.000,5082.8000,47720,-1,382239800.000,1,0,1,双平,S,5081.8000,5081.6000,5080.8000,5080.0000,5079.2000,5083.0000,5084.4000,5084.8000,5085.2000,5085.8000,1,2,1,1,2,3,1,1,1,1
SF,IC2009,2020-05-29 09:32:10.500,5082.8000,47717,-3,386306160.000,4,0,4,多平,S,5082.8000,5082.0000,5081.8000,5081.6000,5080.8000,5084.4000,5084.8000,5085.2000,5085.8000,5086.0000,1,1,4,2,1,1,1,1,1,2
SF,IC2009,2020-05-29 09:32:11.000,5082.8000,47717,0,386306160.000,0,-,-,-,-,5083.0000,5082.8000,5081.8000,5081.6000,5080.8000,5084.4000,5085.2000,5085.8000,5086.0000,5087.8000,1,2,2,3,1,1,1,1,2,5
SF,IC2009,2020-05-29 09:32:11.500,5083.0000,47716,-1,387322760.000,1,0,1,双平,S,5082.8000,5081.8000,5081.6000,5080.8000,5080.0000,5084.2000,5084.4000,5085.2000,5085.4000,5085.8000,2,1,3,1,2,1,1,1,2,1
SF,IC2009,2020-05-29 09:32:12.000,5082.8000,47715,-1,388339320.000,1,0,1,双平,S,5081.6000,5080.8000,5080.0000,5079.2000,5079.0000,5084.0000,5084.2000,5084.4000,5085.2000,5085.4000,2,1,2,2,1,1,4,1,1,2
SF,IC2009,2020-05-29 09:32:12.500,5083.8000,47715,0,389356080.000,1,0,1,多换,S,5081.8000,5081.6000,5080.8000,5080.0000,5079.2000,5084.0000,5084.2000,5084.4000,5085.2000,5085.4000,1,2,1,2,2,1,1,1,1,2
SF,IC2009,2020-05-29 09:32:13.000,5083.8000,47715,0,389356080.000,0,-,-,-,-,5081.6000,5080.8000,5080.0000,5079.2000,5079.0000,5083.0000,5083.6000,5083.8000,5084.0000,5084.2000,2,1,2,2,1,3,4,1,2,1
SF,IC2009,2020-05-29 09:32:13.500,5083.8000,47715,0,389356080.000,0,-,-,-,-,5081.6000,5080.8000,5080.0000,5079.2000,5079.0000,5082.8000,5083.0000,5083.4000,5083.6000,5083.8000,2,1,2,2,1,2,5,2,4,3
SF,IC2009,2020-05-29 09:32:14.000,5083.8000,47715,0,389356080.000,0,-,-,-,-,5081.6000,5080.8000,5080.0000,5079.2000,5079.0000,5082.8000,5083.0000,5083.4000,5083.6000,5083.8000,2,1,2,2,1,2,5,2,4,2
SF,IC2009,2020-05-29 09:32:14.500,5083.8000,47715,0,389356080.000,0,-,-,-,-,5081.6000,5080.8000,5080.0000,5079.2000,5079.0000,5082.6000,5082.8000,5083.0000,5083.4000,5083.6000,2,1,2,2,1,1,2,5,2,4
SF,IC2009,2020-05-29 09:32:15.000,5081.6000,47714,-1,390372400.000,1,0,1,双平,S,5081.6000,5080.8000,5080.0000,5079.2000,5079.0000,5082.4000,5082.6000,5082.8000,5083.0000,5083.4000,1,1,2,2,1,1,1,1,5,2
SF,IC2009,2020-05-29 09:32:15.500,5081.6000,47713,-1,391388720.000,1,0,1,双平,S,5080.8000,5080.0000,5079.2000,5079.0000,5078.2000,5081.6000,5082.2000,5082.4000,5082.6000,5082.8000,1,2,2,1,1,1,1,1,1,1
SF,IC2009,2020-05-29 09:32:16.000,5081.6000,47713,0,391388720.000,0,-,-,-,-,5081.0000,5080.8000,5080.0000,5079.2000,5079.0000,5082.2000,5082.4000,5082.6000,5082.8000,5083.0000,1,3,2,2,1,1,1,1,1,5
SF,IC2009,2020-05-29 09:32:16.500,5081.6000,47713,0,391388720.000,0,-,-,-,-,5080.8000,5080.0000,5079.2000,5079.0000,5078.2000,5082.0000,5082.2000,5082.8000,5083.0000,5083.6000,2,2,2,1,1,1,1,1,5,1
SF,IC2009,2020-05-29 09:32:17.000,5082.0000,47712,-1,392405120.000,1,0,1,双平,S,5081.0000,5080.8000,5080.0000,5079.2000,5079.0000,5082.2000,5082.8000,5083.0000,5083.6000,5083.8000,1,1,2,2,1,1,1,5,1,1
SF,IC2009,2020-05-29 09:32:17.500,5082.2000,47711,-1,393421560.000,1,0,1,双平,S,5081.2000,5081.0000,5080.8000,5080.0000,5079.2000,5082.8000,5083.0000,5083.6000,5083.8000,5084.2000,2,2,1,2,2,1,5,1,1,1
SF,IC2009,2020-05-29 09:32:18.000,5082.8000,47710,-1,394438120.000,1,0,1,双平,S,5082.2000,5081.4000,5081.2000,5080.8000,5080.0000,5083.0000,5083.8000,5084.2000,5084.4000,5085.2000,2,5,1,1,2,1,1,1,1,1
SF,IC2009,2020-05-29 09:32:18.500,5083.0000,47709,-1,395454720.000,1,0,1,双平,S,5083.0000,5082.4000,5081.4000,5081.0000,5080.8000,5084.2000,5084.4000,5085.2000,5085.8000,5086.0000,2,4,1,1,1,1,1,1,1,1
SF,IC2009,2020-05-29 09:32:19.000,5082.4000,47708,-1,397487680.000,2,0,2,多平,S,5081.4000,5081.0000,5080.8000,5080.0000,5079.2000,5084.0000,5084.2000,5084.4000,5085.2000,5085.8000,1,1,1,2,2,1,1,1,1,1
SF,IC2009,2020-05-29 09:32:19.500,5082.4000,47708,0,397487680.000,0,-,-,-,-,5081.8000,5081.6000,5081.4000,5081.0000,5080.8000,5083.8000,5084.0000,5084.2000,5085.2000,5085.8000,1,1,3,1,1,1,1,1,1,1
SF,IC2009,2020-05-29 09:32:20.000,5082.4000,47708,0,397487680.000,0,-,-,-,-,5082.0000,5081.8000,5081.4000,5081.0000,5080.8000,5083.6000,5084.2000,5085.2000,5085.8000,5086.0000,3,1,1,1,1,1,1,1,1,1
SF,IC2009,2020-05-29 09:32:20.500,5082.4000,47708,0,397487680.000,0,-,-,-,-,5082.2000,5082.0000,5081.8000,5081.0000,5080.8000,5083.6000,5084.2000,5085.2000,5085.8000,5086.0000,2,1,1,1,1,1,1,1,1,1
SF,IC2009,2020-05-29 09:32:21.000,5082.4000,47708,0,397487680.000,0,-,-,-,-,5081.0000,5080.8000,5080.0000,5079.2000,5079.0000,5083.4000,5083.6000,5084.2000,5085.2000,5085.8000,1,1,2,2,1,1,3,1,1,1
SF,IC2009,2020-05-29 09:32:21.500,5082.4000,47708,0,397487680.000,0,-,-,-,-,5081.4000,5081.2000,5081.0000,5080.8000,5080.0000,5083.2000,5083.6000,5084.2000,5085.2000,5085.8000,1,1,2,1,2,1,1,1,1,1
SF,IC2009,2020-05-29 09:32:22.000,5083.2000,47707,-1,398504320.000,1,0,1,双平,S,5081.6000,5081.4000,5081.2000,5081.0000,5080.8000,5083.2000,5084.2000,5085.2000,5085.8000,5086.0000,1,1,1,1,1,2,1,1,1,1
SF,IC2009,2020-05-29 09:32:22.500,5083.2000,47707,0,398504320.000,0,-,-,-,-,5081.8000,5081.2000,5081.0000,5080.8000,5080.0000,5082.8000,5083.0000,5083.2000,5084.2000,5085.2000,1,1,1,1,2,1,1,2,1,1
SF,IC2009,2020-05-29 09:32:23.000,5083.2000,47707,0,398504320.000,0,-,-,-,-,5081.2000,5081.0000,5080.8000,5080.0000,5079.2000,5083.0000,5083.2000,5084.2000,5085.2000,5085.8000,1,1,1,2,2,1,1,1,1,1
SF,IC2009,2020-05-29 09:32:23.500,5083.2000,47707,0,398504320.000,0,-,-,-,-,5081.4000,5081.2000,5081.0000,5080.8000,5080.0000,5083.0000,5083.2000,5084.2000,5085.2000,5085.8000,1,2,1,1,2,1,1,1,1,1
SF,IC2009,2020-05-29 09:32:24.000,5083.2000,47706,-1,400537560.000,2,0,2,多平,S,5083.0000,5081.6000,5081.4000,5081.0000,5080.8000,5084.2000,5085.2000,5085.8000,5086.0000,5087.0000,1,3,2,1,1,1,1,1,1,1
SF,IC2009,2020-05-29 09:32:24.500,5083.2000,47706,0,400537560.000,0,-,-,-,-,5083.2000,5083.0000,5081.0000,5080.8000,5080.0000,5084.2000,5085.2000,5085.8000,5086.0000,5087.0000,1,4,1,1,2,1,1,1,1,1
SF,IC2009,2020-05-29 09:32:25.000,5083.2000,47706,0,400537560.000,0,-,-,-,-,5083.2000,5083.0000,5081.0000,5080.8000,5080.0000,5084.2000,5085.2000,5085.8000,5086.0000,5087.0000,2,3,1,1,2,1,1,1,1,1
SF,IC2009,2020-05-29 09:32:25.500,5083.2000,47706,0,400537560.000,0,-,-,-,-,5083.2000,5083.0000,5081.0000,5080.8000,5080.0000,5084.2000,5085.2000,5085.8000,5086.0000,5087.0000,2,2,1,1,2,1,1,1,1,1
SF,IC2009,2020-05-29 09:32:26.000,5083.2000,47706,0,400537560.000,0,-,-,-,-,5083.2000,5083.0000,5081.0000,5080.8000,5080.0000,5084.2000,5085.2000,5085.8000,5086.0000,5087.0000,1,2,1,1,2,1,1,1,1,1
SF,IC2009,2020-05-29 09:32:26.500,5083.2000,47706,0,400537560.000,0,-,-,-,-,5083.0000,5081.0000,5080.8000,5080.0000,5079.2000,5084.2000,5085.2000,5085.8000,5086.0000,5087.0000,1,1,1,2,2,1,1,1,1,1
SF,IC2009,2020-05-29 09:32:27.000,5084.2000,47705,-1,401554400.000,1,0,1,双平,S,5083.2000,5083.0000,5081.0000,5080.8000,5080.0000,5085.2000,5085.8000,5086.0000,5087.0000,5087.8000,2,2,1,1,2,1,1,1,1,5
SF,IC2009,2020-05-29 09:32:27.500,5084.2000,47705,0,401554400.000,0,-,-,-,-,5084.2000,5083.4000,5083.2000,5083.0000,5081.0000,5085.2000,5085.8000,5086.0000,5087.0000,5087.8000,2,3,1,1,1,1,1,1,1,5
SF,IC2009,2020-05-29 09:32:28.000,5085.2000,47704,-1,403588480.000,2,0,2,多平,S,5084.4000,5084.2000,5083.2000,5083.0000,5081.0000,5085.8000,5086.0000,5087.0000,5087.8000,5088.0000,3,2,1,1,1,1,1,1,5,3
SF,IC2009,2020-05-29 09:32:28.500,5085.8000,47703,-1,404605640.000,1,0,1,双平,S,5084.8000,5084.6000,5083.0000,5081.0000,5080.8000,5086.0000,5087.0000,5087.8000,5088.0000,5088.6000,1,5,1,1,1,1,1,5,3,1
SF,IC2009,2020-05-29 09:32:29.000,5086.0000,47702,-1,405622840.000,1,0,1,双平,S,5085.0000,5084.8000,5084.6000,5083.0000,5081.0000,5087.0000,5087.8000,5088.0000,5088.6000,5090.0000,2,3,1,1,1,1,5,3,1,3
SF,IC2009,2020-05-29 09:32:29.500,5086.0000,47702,0,405622840.000,0,-,-,-,-,5084.8000,5083.0000,5081.0000,5080.8000,5080.0000,5086.8000,5087.0000,5087.8000,5088.0000,5088.6000,1,1,1,1,2,1,1,5,3,1
SF,IC2009,2020-05-29 09:32:30.000,5086.0000,47702,0,405622840.000,0,-,-,-,-,5085.0000,5084.8000,5083.0000,5081.2000,5081.0000,5086.4000,5086.8000,5087.0000,5087.8000,5088.0000,1,2,1,1,1,1,3,1,5,3
SF,IC2009,2020-05-29 09:32:30.500,5086.0000,47702,0,405622840.000,0,-,-,-,-,5085.2000,5085.0000,5084.8000,5083.0000,5081.2000,5086.4000,5086.8000,5087.0000,5087.8000,5088.0000,1,3,1,1,1,1,1,1,5,3
SF,IC2009,2020-05-29 09:32:31.000,5086.0000,47702,0,405622840.000,0,-,-,-,-,5085.4000,5085.2000,5084.8000,5083.0000,5082.0000,5086.4000,5086.8000,5087.0000,5087.8000,5088.0000,2,3,1,1,1,1,1,1,5,3
SF,IC2009,2020-05-29 09:32:31.500,5086.0000,47702,0,405622840.000,0,-,-,-,-,5085.6000,5085.4000,5085.2000,5084.8000,5083.0000,5086.4000,5087.0000,5087.8000,5088.0000,5088.6000,1,1,2,1,1,1,1,5,3,1
SF,IC2009,2020-05-29 09:32:32.000,5086.4000,47702,0,406640120.000,1,0,1,多换,S,5085.8000,5085.6000,5084.8000,5082.0000,5081.2000,5087.0000,5087.8000,5088.0000,5088.6000,5090.0000,2,2,1,1,1,1,5,3,1,3
SF,IC2009,2020-05-29 09:32:32.500,5087.0000,47701,-1,407657520.000,1,0,1,双平,S,5086.0000,5085.8000,5085.6000,5084.8000,5082.0000,5087.8000,5088.0000,5088.6000,5090.0000,5092.4000,1,1,2,1,1,5,3,1,3,5
SF,IC2009,2020-05-29 09:32:33.000,5086.2000,47700,-1,408674760.000,1,0,1,双平,S,5086.2000,5086.0000,5085.6000,5084.8000,5082.0000,5087.6000,5087.8000,5088.0000,5088.6000,5090.0000,1,2,1,1,1,3,5,3,1,3
SF,IC2009,2020-05-29 09:32:33.500,5086.0000,47698,-2,410709200.000,2,0,2,双平,S,5084.8000,5082.0000,5081.2000,5081.0000,5080.8000,5087.2000,5087.4000,5087.6000,5087.8000,5088.0000,1,1,1,1,1,3,6,3,5,3
SF,IC2009,2020-05-29 09:32:34.000,5086.2000,47697,-1,411726440.000,1,0,1,双平,S,5084.8000,5082.0000,5081.2000,5081.0000,5080.8000,5086.8000,5087.0000,5087.2000,5087.4000,5087.6000,1,1,1,1,1,1,2,4,1,4
SF,IC2009,2020-05-29 09:32:34.500,5086.2000,47697,0,411726440.000,0,-,-,-,-,5085.2000,5085.0000,5084.8000,5082.0000,5081.2000,5086.6000,5087.0000,5087.2000,5087.4000,5087.6000,1,1,3,1,1,2,1,4,1,4
SF,IC2009,2020-05-29 09:32:35.000,5086.2000,47697,0,411726440.000,0,-,-,-,-,5085.4000,5085.2000,5082.0000,5081.2000,5081.0000,5086.6000,5087.2000,5087.6000,5087.8000,5088.0000,1,2,1,1,1,1,1,4,5,3
SF,IC2009,2020-05-29 09:32:35.500,5086.6000,47696,-1,412743760.000,1,0,1,双平,S,5086.6000,5085.4000,5082.0000,5081.2000,5081.0000,5087.6000,5087.8000,5088.0000,5088.6000,5090.0000,1,3,1,1,1,4,5,3,1,3
SF,IC2009,2020-05-29 09:32:36.000,5086.6000,47696,0,414778400.000,2,1,1,多换,S,5085.4000,5082.0000,5081.2000,5081.0000,5080.8000,5087.6000,5087.8000,5088.0000,5088.6000,5090.0000,2,2,1,1,1,4,5,3,1,3
SF,IC2009,2020-05-29 09:32:36.500,5086.6000,47696,0,414778400.000,0,-,-,-,-,5086.4000,5085.8000,5085.4000,5082.0000,5081.2000,5087.4000,5087.6000,5087.8000,5088.0000,5088.6000,1,1,2,2,1,1,3,5,3,1
SF,IC2009,2020-05-29 09:32:37.000,5086.6000,47696,0,414778400.000,0,-,-,-,-,5086.6000,5086.4000,5082.0000,5081.2000,5081.0000,5087.6000,5087.8000,5088.0000,5088.6000,5090.0000,1,2,2,1,1,1,5,3,1,3
SF,IC2009,2020-05-29 09:32:37.500,5086.6000,47696,0,414778400.000,0,-,-,-,-,5086.6000,5086.4000,5082.0000,5081.2000,5081.0000,5087.8000,5088.0000,5088.6000,5090.0000,5092.4000,2,1,2,1,1,5,3,1,3,5
SF,IC2009,2020-05-29 09:32:38.000,5088.0000,47690,-6,420883800.000,6,0,6,双平,S,5087.8000,5087.6000,5086.8000,5086.6000,5086.4000,5088.0000,5088.6000,5090.0000,5092.4000,5093.0000,1,1,2,2,1,2,1,3,5,1
SF,IC2009,2020-05-29 09:32:38.500,5088.0000,47688,-2,422919000.000,2,0,2,双平,S,5088.4000,5087.6000,5086.8000,5086.6000,5086.4000,5088.6000,5090.0000,5093.0000,5096.0000,5098.2000,3,1,1,1,1,1,3,1,2,5
SF,IC2009,2020-05-29 09:32:39.000,5088.6000,47685,-3,425972160.000,3,0,3,双平,S,5088.8000,5088.6000,5087.6000,5086.8000,5086.4000,5090.0000,5093.0000,5096.0000,5098.2000,5098.4000,1,5,1,1,1,3,1,2,5,6
SF,IC2009,2020-05-29 09:32:39.500,5088.6000,47685,0,425972160.000,0,-,-,-,-,5089.0000,5088.8000,5088.6000,5087.6000,5086.4000,5089.8000,5090.0000,5093.0000,5096.0000,5098.2000,1,2,1,1,1,1,3,1,2,5
SF,IC2009,2020-05-29 09:32:40.000,5089.8000,47683,-2,428008080.000,2,0,2,双平,S,5089.0000,5088.8000,5088.6000,5087.6000,5086.4000,5090.0000,5093.0000,5096.0000,5098.2000,5098.4000,1,2,1,1,1,3,1,2,5,6
SF,IC2009,2020-05-29 09:32:40.500,5089.8000,47683,0,428008080.000,0,-,-,-,-,5089.0000,5088.8000,5088.6000,5087.6000,5086.4000,5090.0000,5093.0000,5096.0000,5098.2000,5098.4000,1,1,1,1,1,3,1,2,5,6
SF,IC2009,2020-05-29 09:32:41.000,5088.6000,47681,-2,431061360.000,3,0,3,多平,S,5087.6000,5086.4000,5082.0000,5081.2000,5081.0000,5089.8000,5090.0000,5093.0000,5096.0000,5098.2000,1,1,2,1,1,1,3,1,2,5
SF,IC2009,2020-05-29 09:32:41.500,5089.6000,47680,-1,432079280.000,1,0,1,双平,S,5088.0000,5087.8000,5087.6000,5086.4000,5082.0000,5089.8000,5090.0000,5096.0000,5098.2000,5098.4000,1,1,1,1,2,2,3,2,5,6
SF,IC2009,2020-05-29 09:32:42.000,5089.6000,47680,0,432079280.000,0,-,-,-,-,5088.2000,5087.6000,5086.4000,5082.0000,5081.2000,5089.6000,5090.0000,5096.0000,5098.2000,5098.4000,1,1,1,2,1,2,3,2,5,6
SF,IC2009,2020-05-29 09:32:42.500,5089.6000,47680,0,433097200.000,1,0,1,多换,S,5088.2000,5087.6000,5086.4000,5082.0000,5081.2000,5089.6000,5090.0000,5096.0000,5098.2000,5098.4000,1,1,1,2,1,2,3,2,5,6
SF,IC2009,2020-05-29 09:32:43.000,5088.2000,47679,-1,434114840.000,1,0,1,双平,S,5086.4000,5082.0000,5081.2000,5081.0000,5080.8000,5089.4000,5089.6000,5090.0000,5096.0000,5098.2000,1,2,1,1,6,4,2,3,2,5
SF,IC2009,2020-05-29 09:32:43.500,5089.2000,47679,0,435132680.000,1,0,1,多换,S,5087.0000,5086.8000,5086.6000,5086.4000,5086.2000,5089.2000,5089.4000,5090.0000,5096.0000,5098.2000,1,1,1,6,1,1,2,3,2,5
SF,IC2009,2020-05-29 09:32:44.000,5089.2000,47678,-1,436150520.000,1,0,1,双平,S,5087.4000,5087.2000,5087.0000,5086.8000,5086.4000,5089.2000,5089.4000,5090.0000,5096.0000,5098.2000,1,1,2,1,3,1,2,3,2,5
SF,IC2009,2020-05-29 09:32:44.500,5089.2000,47678,0,436150520.000,0,-,-,-,-,5087.6000,5087.4000,5086.8000,5086.4000,5086.2000,5089.4000,5090.0000,5096.0000,5098.2000,5098.4000,2,1,1,3,1,2,3,2,5,6
SF,IC2009,2020-05-29 09:32:45.000,5089.4000,47677,-1,438186240.000,2,0,2,多平,S,5089.2000,5087.8000,5087.6000,5086.8000,5086.4000,5090.0000,5096.0000,5098.2000,5098.4000,5100.0000,1,1,1,1,3,3,2,5,6,4
SF,IC2009,2020-05-29 09:32:45.500,5089.4000,47677,0,438186240.000,0,-,-,-,-,5089.2000,5087.6000,5086.8000,5086.4000,5086.2000,5089.8000,5090.0000,5096.0000,5098.2000,5098.4000,1,1,1,3,1,1,2,2,5,6
SF,IC2009,2020-05-29 09:32:46.000,5089.4000,47676,-1,441240080.000,3,1,2,多平,S,5089.2000,5087.6000,5086.8000,5086.4000,5086.2000,5090.0000,5096.0000,5098.2000,5098.4000,5100.0000,3,1,1,3,1,1,2,5,6,4
SF,IC2009,2020-05-29 09:32:46.500,5090.0000,47676,0,442258080.000,1,0,1,多换,S,5089.4000,5089.2000,5086.8000,5086.4000,5086.2000,5096.0000,5098.2000,5098.4000,5100.0000,5102.0000,2,2,1,3,1,2,5,6,4,1
SF,IC2009,2020-05-29 09:32:47.000,5089.6000,47675,-1,443276000.000,1,0,1,双平,S,5089.6000,5089.4000,5089.2000,5086.8000,5086.4000,5090.0000,5091.2000,5091.4000,5092.0000,5092.2000,1,1,1,1,3,1,6,1,2,6
SF,IC2009,2020-05-29 09:32:47.500,5090.0000,47673,-2,445312000.000,2,0,2,双平,S,5089.6000,5089.2000,5086.8000,5086.4000,5086.2000,5092.0000,5092.2000,5092.4000,5092.8000,5093.4000,1,1,1,3,1,2,3,1,2,1
SF,IC2009,2020-05-29 09:32:48.000,5089.6000,47673,0,446329920.000,1,0,1,多换,S,5090.0000,5089.8000,5089.2000,5086.8000,5086.4000,5091.8000,5092.0000,5092.2000,5092.4000,5092.8000,1,1,1,1,3,5,2,3,1,2
SF,IC2009,2020-05-29 09:32:48.500,5089.8000,47672,-1,447347880.000,1,0,1,双平,S,5089.8000,5089.2000,5086.8000,5086.4000,5086.2000,5091.8000,5092.0000,5092.2000,5092.4000,5092.8000,1,1,1,3,1,6,2,3,1,2
SF,IC2009,2020-05-29 09:32:49.000,5089.8000,47672,0,447347880.000,0,-,-,-,-,5089.8000,5089.2000,5086.8000,5086.4000,5086.2000,5091.8000,5092.0000,5092.2000,5092.4000,5092.8000,2,1,1,3,1,6,1,3,1,2
SF,IC2009,2020-05-29 09:32:49.500,5091.8000,47670,-2,450402160.000,3,0,3,多平,S,5089.2000,5086.8000,5086.4000,5086.2000,5082.0000,5091.8000,5092.0000,5092.2000,5092.4000,5092.8000,1,1,3,1,2,5,1,3,1,2
SF,IC2009,2020-05-29 09:32:50.000,5091.8000,47670,0,450402160.000,0,-,-,-,-,5089.2000,5086.4000,5086.2000,5082.0000,5081.2000,5089.8000,5090.8000,5091.6000,5091.8000,5092.0000,1,3,1,2,1,1,1,6,5,1
SF,IC2009,2020-05-29 09:32:50.500,5089.2000,47669,-1,451420000.000,1,0,1,双平,S,5086.4000,5086.2000,5082.0000,5081.2000,5081.0000,5089.0000,5089.2000,5089.8000,5090.8000,5091.6000,1,1,2,1,1,1,1,1,1,5
SF,IC2009,2020-05-29 09:32:51.000,5089.0000,47666,-3,454473440.000,3,0,3,双平,S,5086.6000,5086.4000,5086.2000,5082.0000,5081.2000,5089.6000,5090.8000,5091.6000,5091.8000,5092.0000,2,4,1,2,1,1,1,3,2,1
SF,IC2009,2020-05-29 09:32:51.500,5089.0000,47666,0,454473440.000,0,-,-,-,-,5088.0000,5087.2000,5087.0000,5086.8000,5086.6000,5089.6000,5090.8000,5091.6000,5091.8000,5092.0000,1,1,1,2,3,1,1,3,2,1
SF,IC2009,2020-05-29 09:32:52.000,5091.6000,47667,1,456509680.000,2,1,1,空开,S,5088.2000,5088.0000,5087.2000,5087.0000,5086.8000,5091.6000,5091.8000,5092.0000,5092.2000,5092.8000,3,3,1,1,1,2,2,1,3,2
SF,IC2009,2020-05-29 09:32:52.500,5091.6000,47667,0,456509680.000,0,-,-,-,-,5088.4000,5088.2000,5088.0000,5087.2000,5086.8000,5091.4000,5091.6000,5091.8000,5092.0000,5092.2000,2,2,2,1,1,2,2,1,1,3
SF,IC2009,2020-05-29 09:32:53.000,5091.6000,47667,0,456509680.000,0,-,-,-,-,5089.6000,5089.0000,5088.6000,5088.4000,5088.2000,5091.4000,5091.6000,5091.8000,5092.0000,5092.2000,1,3,2,2,1,2,2,1,1,3
SF,IC2009,2020-05-29 09:32:53.500,5091.6000,47667,0,456509680.000,0,-,-,-,-,5089.6000,5089.0000,5088.6000,5088.4000,5088.2000,5091.4000,5091.6000,5091.8000,5092.0000,5092.2000,1,3,2,1,1,1,2,1,1,3
SF,IC2009,2020-05-29 09:32:54.000,5091.6000,47667,0,456509680.000,0,-,-,-,-,5089.6000,5089.0000,5088.6000,5088.4000,5088.2000,5090.8000,5091.2000,5091.4000,5091.6000,5091.8000,1,4,2,1,1,1,2,1,2,1
SF,IC2009,2020-05-29 09:32:54.500,5091.6000,47667,0,456509680.000,0,-,-,-,-,5089.8000,5089.6000,5089.0000,5088.4000,5088.2000,5091.4000,5091.6000,5092.0000,5092.2000,5092.8000,3,3,4,1,1,1,1,1,3,2
SF,IC2009,2020-05-29 09:32:55.000,5090.0000,47666,-1,457527680.000,1,0,1,双平,S,5089.8000,5089.6000,5089.0000,5088.4000,5088.2000,5091.4000,5091.6000,5092.0000,5092.2000,5092.8000,2,2,4,1,1,2,1,1,3,2
SF,IC2009,2020-05-29 09:32:55.500,5090.0000,47666,0,457527680.000,0,-,-,-,-,5090.0000,5089.8000,5089.6000,5089.0000,5088.4000,5091.4000,5092.0000,5092.2000,5092.8000,5094.4000,1,3,1,4,1,2,1,3,2,1
SF,IC2009,2020-05-29 09:32:56.000,5089.8000,47665,-1,459563640.000,2,0,2,多平,S,5089.8000,5089.6000,5089.0000,5088.4000,5088.2000,5091.0000,5091.2000,5091.4000,5092.0000,5092.2000,2,1,4,1,1,2,2,2,1,3
SF,IC2009,2020-05-29 09:32:56.500,5089.6000,47662,-3,462617480.000,3,0,3,双平,S,5089.0000,5088.0000,5087.2000,5086.4000,5086.2000,5089.6000,5089.8000,5090.6000,5090.8000,5091.0000,4,1,1,3,1,1,2,2,5,2
SF,IC2009,2020-05-29 09:32:57.000,5088.0000,47658,-4,467706280.000,5,0,5,多平,S,5087.2000,5086.4000,5086.2000,5082.0000,5081.2000,5088.0000,5088.8000,5089.0000,5089.6000,5089.8000,1,1,1,2,1,1,1,2,2,2
SF,IC2009,2020-05-29 09:32:57.500,5089.8000,47656,-2,470759760.000,3,0,3,多平,S,5087.4000,5087.2000,5086.4000,5086.2000,5082.0000,5089.8000,5090.4000,5090.8000,5092.0000,5092.2000,1,1,1,1,2,1,1,2,1,3
SF,IC2009,2020-05-29 09:32:58.000,5089.8000,47656,0,470759760.000,0,-,-,-,-,5087.4000,5087.2000,5086.4000,5086.2000,5082.0000,5089.4000,5089.8000,5090.4000,5090.8000,5092.0000,1,1,1,1,2,2,1,1,2,1
SF,IC2009,2020-05-29 09:32:58.500,5089.8000,47656,0,470759760.000,0,-,-,-,-,5088.0000,5087.4000,5087.2000,5086.4000,5086.2000,5089.8000,5090.4000,5090.8000,5092.0000,5092.2000,2,4,1,1,1,1,1,2,1,3
SF,IC2009,2020-05-29 09:32:59.000,5089.8000,47656,0,470759760.000,0,-,-,-,-,5088.2000,5088.0000,5087.2000,5086.4000,5086.2000,5089.8000,5090.4000,5090.8000,5092.0000,5092.2000,4,3,1,1,1,1,1,1,1,3
SF,IC2009,2020-05-29 09:32:59.500,5089.8000,47656,0,470759760.000,0,-,-,-,-,5088.2000,5088.0000,5087.2000,5086.4000,5086.2000,5089.8000,5090.8000,5092.0000,5092.2000,5092.8000,3,3,1,1,1,1,1,1,3,2
SF,IC2009,2020-05-29 09:33:00.000,5089.8000,47655,-1,472795680.000,2,0,2,多平,S,5088.2000,5088.0000,5087.2000,5086.4000,5086.2000,5089.6000,5089.8000,5090.8000,5092.0000,5092.2000,2,2,1,1,1,1,1,1,1,3
SF,IC2009,2020-05-29 09:33:00.500,5089.8000,47655,0,472795680.000,0,-,-,-,-,5088.4000,5088.2000,5088.0000,5086.4000,5086.2000,5089.6000,5089.8000,5090.8000,5092.0000,5092.2000,4,2,2,1,1,1,1,1,1,3
SF,IC2009,2020-05-29 09:33:01.000,5089.8000,47655,0,472795680.000,0,-,-,-,-,5088.6000,5088.4000,5088.0000,5086.4000,5086.2000,5089.8000,5090.8000,5092.0000,5092.2000,5092.8000,1,2,2,1,1,1,1,1,3,2
SF,IC2009,2020-05-29 09:33:01.500,5089.8000,47655,0,472795680.000,0,-,-,-,-,5088.6000,5088.2000,5088.0000,5086.2000,5083.2000,5089.8000,5090.8000,5092.0000,5092.2000,5092.8000,4,1,2,1,1,1,1,1,3,2
SF,IC2009,2020-05-29 09:33:02.000,5088.6000,47654,-1,473813400.000,1,0,1,双平,S,5088.0000,5086.2000,5083.2000,5082.0000,5081.2000,5089.8000,5090.8000,5092.0000,5092.2000,5092.8000,2,1,1,2,1,1,1,1,3,2
SF,IC2009,2020-05-29 09:33:02.500,5089.8000,47653,-1,474831360.000,1,0,1,双平,S,5088.4000,5088.2000,5088.0000,5086.2000,5083.2000,5089.8000,5090.8000,5092.0000,5092.2000,5092.8000,2,2,3,1,1,2,1,1,3,2
SF,IC2009,2020-05-29 09:33:03.000,5088.2000,47652,-1,475849000.000,1,0,1,双平,S,5088.2000,5088.0000,5086.2000,5083.2000,5082.0000,5089.6000,5090.8000,5092.0000,5092.2000,5092.8000,1,3,1,1,1,1,1,1,3,2
SF,IC2009,2020-05-29 09:33:03.500,5088.2000,47652,0,475849000.000,0,-,-,-,-,5088.0000,5086.2000,5083.2000,5082.0000,5081.2000,5089.4000,5089.6000,5090.8000,5092.0000,5092.2000,2,1,1,1,1,1,3,1,1,3
SF,IC2009,2020-05-29 09:33:04.000,5089.4000,47652,0,476866880.000,1,0,1,多换,S,5088.0000,5086.2000,5083.2000,5082.0000,5081.2000,5089.4000,5089.6000,5090.8000,5091.2000,5092.0000,2,1,1,1,1,2,1,1,1,1
SF,IC2009,2020-05-29 09:33:04.500,5089.4000,47652,0,476866880.000,0,-,-,-,-,5088.0000,5086.2000,5083.2000,5082.0000,5081.2000,5089.2000,5089.4000,5089.6000,5090.8000,5091.2000,2,1,1,1,1,1,2,1,1,1
SF,IC2009,2020-05-29 09:33:05.000,5089.4000,47652,0,476866880.000,0,-,-,-,-,5088.0000,5086.2000,5083.2000,5082.0000,5081.2000,5089.2000,5090.8000,5091.2000,5092.0000,5092.2000,2,1,1,1,1,4,1,1,1,3
SF,IC2009,2020-05-29 09:33:05.500,5089.4000,47651,-1,477884760.000,1,0,1,双平,S,5088.0000,5086.2000,5083.2000,5082.0000,5081.2000,5089.0000,5089.2000,5090.8000,5091.2000,5092.0000,2,1,1,1,1,1,3,1,1,1
SF,IC2009,2020-05-29 09:33:06.000,5088.0000,47651,0,479919960.000,2,1,1,多换,S,5086.2000,5083.2000,5082.0000,5081.2000,5081.0000,5087.8000,5088.0000,5088.8000,5089.0000,5089.2000,1,1,1,1,1,2,1,1,3,3
SF,IC2009,2020-05-29 09:33:06.500,5088.0000,47651,0,480937560.000,1,0,1,多换,S,5083.2000,5082.0000,5081.2000,5081.0000,5080.8000,5087.6000,5087.8000,5088.0000,5088.2000,5088.8000,1,1,1,1,1,4,3,2,1,2
SF,IC2009,2020-05-29 09:33:07.000,5088.0000,47651,0,480937560.000,0,-,-,-,-,5083.8000,5083.4000,5083.2000,5083.0000,5082.0000,5087.4000,5087.6000,5087.8000,5088.0000,5088.2000,1,1,1,1,1,2,5,2,2,1
SF,IC2009,2020-05-29 09:33:07.500,5088.0000,47651,0,480937560.000,0,-,-,-,-,5084.4000,5084.0000,5083.8000,5083.4000,5083.2000,5087.2000,5087.4000,5087.6000,5088.0000,5088.2000,2,2,3,1,1,1,2,2,2,1
SF,IC2009,2020-05-29 09:33:08.000,5087.2000,47650,-1,481955000.000,1,0,1,双平,S,5084.8000,5084.6000,5084.4000,5084.0000,5083.8000,5087.2000,5087.4000,5087.6000,5088.0000,5088.2000,1,1,2,2,2,1,1,2,2,1
SF,IC2009,2020-05-29 09:33:08.500,5087.2000,47650,0,481955000.000,0,-,-,-,-,5086.2000,5085.6000,5085.2000,5085.0000,5084.8000,5087.2000,5088.0000,5088.8000,5089.0000,5090.6000,1,1,3,1,5,1,2,1,1,1
SF,IC2009,2020-05-29 09:33:09.000,5087.2000,47650,0,481955000.000,0,-,-,-,-,5086.4000,5086.2000,5085.6000,5085.2000,5084.8000,5087.2000,5088.0000,5089.0000,5090.6000,5092.8000,3,3,1,1,3,1,2,1,1,2
SF,IC2009,2020-05-29 09:33:09.500,5087.2000,47650,0,481955000.000,0,-,-,-,-,5086.4000,5084.8000,5083.8000,5083.2000,5082.0000,5087.2000,5088.0000,5090.6000,5092.8000,5093.6000,1,3,1,1,1,1,2,1,2,1
SF,IC2009,2020-05-29 09:33:10.000,5086.4000,47649,-1,482972280.000,1,0,1,双平,S,5086.2000,5084.8000,5084.4000,5083.8000,5083.2000,5087.2000,5088.0000,5090.6000,5092.8000,5093.6000,1,1,1,1,1,2,2,1,2,1
SF,IC2009,2020-05-29 09:33:10.500,5086.2000,47648,-1,483989520.000,1,0,1,双平,S,5084.4000,5083.8000,5083.2000,5082.0000,5081.2000,5086.4000,5087.0000,5087.2000,5088.0000,5090.6000,1,1,1,1,1,1,2,1,2,1
SF,IC2009,2020-05-29 09:33:11.000,5086.2000,47648,0,483989520.000,0,-,-,-,-,5084.8000,5084.6000,5084.4000,5083.8000,5083.2000,5087.0000,5087.2000,5088.0000,5090.6000,5092.8000,1,4,2,1,1,2,1,2,1,2
SF,IC2009,2020-05-29 09:33:11.500,5086.2000,47648,0,483989520.000,0,-,-,-,-,5085.0000,5084.8000,5084.6000,5084.4000,5083.8000,5087.0000,5088.0000,5090.6000,5092.8000,5093.6000,1,1,3,2,1,1,2,1,2,1
SF,IC2009,2020-05-29 09:33:12.000,5086.2000,47648,0,483989520.000,0,-,-,-,-,5085.0000,5084.8000,5084.6000,5084.4000,5083.8000,5088.0000,5090.6000,5092.8000,5093.6000,5094.4000,3,1,1,1,1,2,1,2,1,1
SF,IC2009,2020-05-29 09:33:12.500,5086.2000,47648,0,483989520.000,0,-,-,-,-,5085.2000,5085.0000,5084.8000,5084.6000,5084.4000,5087.8000,5088.0000,5092.8000,5093.6000,5094.4000,3,3,1,1,1,1,2,2,1,1
SF,IC2009,2020-05-29 09:33:13.000,5086.2000,47648,0,483989520.000,0,-,-,-,-,5086.2000,5085.6000,5085.4000,5085.2000,5085.0000,5088.0000,5092.8000,5093.6000,5094.4000,5095.6000,2,1,2,4,1,2,2,1,1,5
SF,IC2009,2020-05-29 09:33:13.500,5086.2000,47648,0,483989520.000,0,-,-,-,-,5086.2000,5085.4000,5085.2000,5084.8000,5084.6000,5087.8000,5088.0000,5092.8000,5093.6000,5094.4000,2,2,1,1,1,1,2,2,1,1
SF,IC2009,2020-05-29 09:33:14.000,5086.2000,47648,0,483989520.000,0,-,-,-,-,5086.4000,5086.2000,5085.2000,5084.8000,5084.6000,5087.8000,5088.0000,5092.8000,5093.6000,5094.4000,1,2,1,1,1,3,1,2,1,1
SF,IC2009,2020-05-29 09:33:14.500,5086.2000,47648,0,483989520.000,0,-,-,-,-,5086.2000,5085.2000,5084.8000,5084.6000,5084.4000,5087.8000,5088.0000,5092.8000,5093.6000,5094.4000,2,1,1,1,1,3,1,2,1,1
SF,IC2009,2020-05-29 09:33:15.000,5086.2000,47648,0,485006760.000,1,0,1,多换,S,5086.2000,5084.8000,5084.6000,5084.4000,5083.8000,5087.6000,5087.8000,5088.0000,5092.8000,5093.6000,1,1,1,1,1,2,1,1,2,1
SF,IC2009,2020-05-29 09:33:15.500,5086.2000,47648,0,485006760.000,0,-,-,-,-,5086.2000,5084.8000,5084.6000,5084.4000,5083.8000,5087.4000,5087.6000,5089.2000,5092.8000,5093.6000,1,1,1,1,1,1,2,1,2,1
SF,IC2009,2020-05-29 09:33:16.000,5086.2000,47648,0,486024000.000,1,0,1,多换,S,5084.8000,5084.6000,5084.4000,5083.8000,5082.0000,5087.4000,5087.6000,5088.0000,5089.2000,5092.8000,1,1,1,1,1,1,1,1,1,2
SF,IC2009,2020-05-29 09:33:16.500,5086.2000,47648,0,486024000.000,0,-,-,-,-,5085.0000,5084.8000,5084.6000,5084.4000,5083.8000,5087.4000,5087.6000,5088.0000,5089.2000,5092.8000,1,1,1,1,1,1,2,1,1,2
SF,IC2009,2020-05-29 09:33:17.000,5086.2000,47648,0,486024000.000,0,-,-,-,-,5084.4000,5083.8000,5082.0000,5081.0000,5080.8000,5086.2000,5087.4000,5087.6000,5088.0000,5092.8000,1,1,1,1,1,1,4,2,1,2
SF,IC2009,2020-05-29 09:33:17.500,5086.2000,47648,0,486024000.000,0,-,-,-,-,5084.8000,5084.4000,5083.8000,5082.0000,5081.0000,5086.2000,5087.4000,5087.6000,5088.0000,5092.8000,1,1,1,1,1,4,3,2,1,2
SF,IC2009,2020-05-29 09:33:18.000,5086.2000,47648,0,486024000.000,0,-,-,-,-,5084.4000,5083.8000,5082.0000,5081.4000,5081.0000,5086.0000,5086.2000,5087.6000,5088.0000,5092.8000,1,1,1,1,1,2,3,2,1,2
SF,IC2009,2020-05-29 09:33:18.500,5086.2000,47648,0,486024000.000,0,-,-,-,-,5084.4000,5083.8000,5082.0000,5081.4000,5081.0000,5086.0000,5086.2000,5087.6000,5088.0000,5092.8000,1,1,1,1,1,3,2,2,1,2
SF,IC2009,2020-05-29 09:33:19.000,5086.2000,47648,0,486024000.000,0,-,-,-,-,5084.6000,5084.4000,5083.8000,5082.0000,5081.4000,5085.8000,5086.0000,5086.2000,5086.6000,5087.6000,2,1,1,1,1,3,2,2,1,2
SF,IC2009,2020-05-29 09:33:19.500,5086.0000,47646,-2,491110160.000,5,1,4,多平,S,5084.8000,5084.4000,5083.8000,5082.0000,5081.4000,5086.2000,5087.6000,5088.0000,5092.8000,5093.6000,5,1,1,1,1,2,2,1,2,1
SF,IC2009,2020-05-29 09:33:20.000,5086.2000,47645,-1,493144640.000,2,0,2,多平,S,5086.2000,5085.0000,5084.8000,5084.4000,5083.8000,5088.0000,5092.8000,5093.6000,5094.4000,5095.6000,3,3,2,1,1,1,2,1,1,5
SF,IC2009,2020-05-29 09:33:20.500,5086.8000,47644,-1,494162000.000,1,0,1,双平,S,5086.4000,5086.2000,5085.6000,5085.0000,5084.8000,5088.0000,5092.8000,5093.6000,5094.4000,5095.6000,4,2,1,1,1,1,2,1,1,5
SF,IC2009,2020-05-29 09:33:21.000,5086.8000,47644,0,494162000.000,0,-,-,-,-,5086.6000,5086.4000,5086.2000,5085.6000,5085.4000,5088.0000,5092.8000,5093.6000,5094.4000,5095.6000,5,1,2,1,1,1,2,1,1,5
SF,IC2009,2020-05-29 09:33:21.500,5088.0000,47643,-1,495179600.000,1,0,1,双平,S,5086.8000,5086.2000,5085.6000,5085.4000,5085.0000,5092.8000,5093.6000,5094.4000,5095.6000,5096.0000,4,2,1,1,1,2,1,1,5,2
SF,IC2009,2020-05-29 09:33:22.000,5088.0000,47643,0,495179600.000,0,-,-,-,-,5087.0000,5086.8000,5086.2000,5085.6000,5085.4000,5089.4000,5090.2000,5090.4000,5090.8000,5091.6000,2,2,2,1,1,1,2,3,1,1
SF,IC2009,2020-05-29 09:33:22.500,5088.0000,47643,0,495179600.000,0,-,-,-,-,5087.2000,5087.0000,5086.8000,5086.2000,5085.6000,5089.0000,5089.2000,5090.4000,5090.6000,5090.8000,3,1,1,2,1,2,1,2,1,1
SF,IC2009,2020-05-29 09:33:23.000,5088.0000,47643,0,495179600.000,0,-,-,-,-,5087.4000,5087.2000,5086.8000,5086.2000,5085.6000,5088.8000,5090.4000,5090.6000,5090.8000,5091.0000,2,1,1,2,1,1,2,1,1,2
SF,IC2009,2020-05-29 09:33:23.500,5088.0000,47643,0,495179600.000,0,-,-,-,-,5087.4000,5087.2000,5086.2000,5085.6000,5085.0000,5088.2000,5088.8000,5089.0000,5090.4000,5090.6000,1,1,2,1,1,2,1,2,2,1
SF,IC2009,2020-05-29 09:33:24.000,5088.2000,47641,-2,497214880.000,2,0,2,双平,S,5088.2000,5087.6000,5087.4000,5085.6000,5085.0000,5090.4000,5090.6000,5090.8000,5091.0000,5091.6000,1,1,2,1,1,2,1,1,2,1
SF,IC2009,2020-05-29 09:33:24.500,5088.2000,47641,0,497214880.000,0,-,-,-,-,5087.6000,5087.4000,5085.6000,5085.0000,5084.8000,5090.0000,5090.2000,5090.4000,5090.6000,5090.8000,1,1,1,1,1,1,3,2,1,1
SF,IC2009,2020-05-29 09:33:25.000,5088.2000,47641,0,497214880.000,0,-,-,-,-,5087.6000,5087.4000,5085.6000,5085.0000,5084.8000,5089.8000,5090.0000,5090.2000,5090.4000,5090.6000,1,1,1,1,1,1,1,2,2,1
SF,IC2009,2020-05-29 09:33:25.500,5088.2000,47641,0,497214880.000,0,-,-,-,-,5087.6000,5085.6000,5085.0000,5084.8000,5084.4000,5089.8000,5090.4000,5090.6000,5090.8000,5091.0000,3,1,1,1,1,1,1,1,1,3
SF,IC2009,2020-05-29 09:33:26.000,5088.2000,47641,0,497214880.000,0,-,-,-,-,5087.6000,5085.6000,5085.0000,5084.8000,5084.4000,5088.0000,5089.8000,5090.4000,5090.6000,5090.8000,3,1,1,1,1,1,1,1,1,1
SF,IC2009,2020-05-29 09:33:26.500,5088.0000,47639,-2,499250080.000,2,0,2,双平,S,5088.4000,5088.0000,5087.8000,5087.6000,5085.6000,5089.6000,5092.0000,5092.2000,5093.6000,5096.0000,2,6,3,1,1,1,1,3,1,2
SF,IC2009,2020-05-29 09:33:27.000,5088.0000,47639,0,499250080.000,0,-,-,-,-,5088.6000,5088.0000,5087.8000,5085.6000,5085.0000,5092.0000,5092.2000,5093.6000,5096.0000,5096.6000,3,3,2,1,1,1,3,1,2,1
SF,IC2009,2020-05-29 09:33:27.500,5088.0000,47639,0,499250080.000,0,-,-,-,-,5089.6000,5088.8000,5088.6000,5088.0000,5087.8000,5091.4000,5091.6000,5091.8000,5092.0000,5092.2000,28,1,1,3,2,1,2,3,1,3
SF,IC2009,2020-05-29 09:33:28.000,5088.6000,47639,0,500267800.000,1,0,1,多换,S,5089.6000,5088.8000,5088.6000,5088.0000,5087.8000,5091.0000,5091.2000,5091.6000,5091.8000,5092.0000,27,1,1,3,2,1,1,2,1,1
SF,IC2009,2020-05-29 09:33:28.500,5088.6000,47639,0,500267800.000,0,-,-,-,-,5089.8000,5089.6000,5088.8000,5088.6000,5088.0000,5090.8000,5091.0000,5091.8000,5092.0000,5092.2000,2,27,1,1,3,1,1,1,1,3
SF,IC2009,2020-05-29 09:33:29.000,5088.6000,47639,0,500267800.000,0,-,-,-,-,5089.8000,5089.6000,5088.6000,5088.0000,5087.8000,5090.8000,5091.6000,5091.8000,5092.0000,5092.2000,2,27,1,3,2,1,1,1,1,3
SF,IC2009,2020-05-29 09:33:29.500,5089.6000,47638,-1,502303640.000,2,0,2,多平,S,5089.6000,5088.6000,5088.0000,5087.8000,5085.0000,5089.8000,5090.4000,5090.6000,5090.8000,5091.6000,27,1,3,2,1,1,1,1,4,1
SF,IC2009,2020-05-29 09:33:30.000,5089.8000,47635,-3,507393400.000,5,1,4,多平,S,5089.8000,5089.6000,5088.6000,5088.0000,5087.8000,5090.0000,5090.6000,5090.8000,5091.6000,5091.8000,2,25,1,2,2,1,1,1,1,1
SF,IC2009,2020-05-29 09:33:30.500,5090.4000,47633,-2,510447600.000,3,0,3,多平,S,5090.2000,5090.0000,5089.8000,5089.6000,5088.6000,5091.6000,5091.8000,5092.0000,5092.2000,5093.6000,3,1,2,25,1,1,1,1,3,1
SF,IC2009,2020-05-29 09:33:31.000,5090.4000,47633,0,510447600.000,0,-,-,-,-,5090.4000,5090.0000,5089.8000,5089.6000,5088.0000,5091.6000,5091.8000,5092.0000,5092.2000,5093.6000,2,2,2,25,2,1,1,1,3,1
SF,IC2009,2020-05-29 09:33:31.500,5090.4000,47633,0,510447600.000,0,-,-,-,-,5090.4000,5090.0000,5089.8000,5089.6000,5088.0000,5091.6000,5092.0000,5092.2000,5093.6000,5096.0000,2,2,2,25,2,1,1,3,1,2
SF,IC2009,2020-05-29 09:33:32.000,5090.4000,47633,0,510447600.000,0,-,-,-,-,5090.6000,5090.4000,5090.0000,5089.8000,5089.6000,5091.6000,5093.6000,5096.0000,5096.6000,5098.0000,2,1,2,2,25,1,1,2,1,1
SF,IC2009,2020-05-29 09:33:32.500,5090.4000,47633,0,510447600.000,0,-,-,-,-,5090.8000,5090.4000,5090.0000,5089.8000,5089.6000,5091.6000,5093.6000,5096.0000,5096.6000,5098.0000,3,1,2,2,25,1,1,2,1,1
SF,IC2009,2020-05-29 09:33:33.000,5090.4000,47633,0,510447600.000,0,-,-,-,-,5090.8000,5090.0000,5089.8000,5089.6000,5087.8000,5091.6000,5093.6000,5094.6000,5096.0000,5096.6000,3,2,2,25,2,1,1,1,2,1
SF,IC2009,2020-05-29 09:33:33.500,5091.6000,47632,-1,511465920.000,1,0,1,双平,S,5090.8000,5090.0000,5089.8000,5089.6000,5087.8000,5093.6000,5094.6000,5096.0000,5096.6000,5098.0000,2,2,2,25,2,1,1,2,1,1
SF,IC2009,2020-05-29 09:33:34.000,5091.6000,47632,0,511465920.000,0,-,-,-,-,5091.0000,5090.8000,5090.0000,5089.8000,5089.6000,5092.8000,5093.0000,5093.2000,5093.4000,5093.6000,1,1,2,2,25,2,1,1,3,2
SF,IC2009,2020-05-29 09:33:34.500,5091.6000,47632,0,511465920.000,0,-,-,-,-,5091.0000,5090.8000,5090.0000,5089.8000,5089.6000,5092.6000,5092.8000,5093.0000,5093.2000,5093.4000,1,1,2,2,25,3,2,1,1,1
SF,IC2009,2020-05-29 09:33:35.000,5091.6000,47632,0,511465920.000,0,-,-,-,-,5091.2000,5091.0000,5090.0000,5089.8000,5089.6000,5092.6000,5092.8000,5093.0000,5093.4000,5093.6000,1,1,2,2,25,4,2,1,1,2
SF,IC2009,2020-05-29 09:33:35.500,5091.0000,47631,-1,513502360.000,2,0,2,多平,S,5090.0000,5089.8000,5089.6000,5087.8000,5085.0000,5092.0000,5092.2000,5092.4000,5092.6000,5092.8000,2,2,25,2,1,2,3,4,3,2
SF,IC2009,2020-05-29 09:33:36.000,5091.0000,47631,0,513502360.000,0,-,-,-,-,5090.2000,5090.0000,5089.8000,5089.6000,5088.8000,5091.8000,5092.2000,5092.4000,5092.6000,5093.4000,2,2,2,25,1,1,1,1,1,1
SF,IC2009,2020-05-29 09:33:36.500,5091.0000,47631,0,513502360.000,0,-,-,-,-,5090.0000,5089.8000,5089.6000,5088.8000,5087.8000,5091.2000,5091.6000,5091.8000,5092.0000,5092.2000,2,2,25,1,1,1,2,5,1,3
SF,IC2009,2020-05-29 09:33:37.000,5091.0000,47631,0,513502360.000,0,-,-,-,-,5090.0000,5089.8000,5088.8000,5087.8000,5085.0000,5091.2000,5091.6000,5091.8000,5092.0000,5092.2000,2,2,1,1,1,1,3,4,1,2
SF,IC2009,2020-05-29 09:33:37.500,5091.2000,47632,1,516557040.000,3,2,1,空开,S,5091.4000,5090.0000,5089.8000,5088.8000,5087.8000,5091.6000,5091.8000,5092.0000,5092.2000,5093.4000,22,2,2,1,1,3,1,1,2,1
SF,IC2009,2020-05-29 09:33:38.000,5091.6000,47630,-2,519612000.000,3,0,3,多平,S,5091.4000,5090.0000,5089.8000,5088.8000,5087.8000,5091.8000,5092.2000,5093.4000,5093.6000,5096.0000,23,2,1,1,1,1,2,1,2,2
SF,IC2009,2020-05-29 09:33:38.500,5091.8000,47630,0,520630360.000,1,0,1,多换,S,5091.8000,5091.6000,5091.4000,5090.0000,5089.8000,5093.4000,5093.6000,5096.0000,5096.6000,5098.0000,1,2,22,1,1,1,2,2,1,1
SF,IC2009,2020-05-29 09:33:39.000,5091.8000,47630,0,520630360.000,0,-,-,-,-,5093.4000,5092.0000,5091.8000,5091.4000,5090.0000,5093.6000,5096.0000,5096.6000,5098.0000,5098.2000,1,1,5,22,1,2,2,1,1,5
SF,IC2009,2020-05-29 09:33:39.500,5092.0000,47626,-4,525723560.000,5,0,5,多平,S,5092.0000,5091.8000,5091.4000,5090.0000,5089.8000,5096.0000,5096.6000,5098.0000,5098.2000,5098.4000,1,4,22,1,1,2,1,1,5,6
SF,IC2009,2020-05-29 09:33:40.000,5092.0000,47626,0,525723560.000,0,-,-,-,-,5093.4000,5092.2000,5092.0000,5091.8000,5091.4000,5094.0000,5094.6000,5094.8000,5095.8000,5096.0000,1,3,3,1,22,1,4,1,4,3
SF,IC2009,2020-05-29 09:33:40.500,5092.0000,47626,0,525723560.000,0,-,-,-,-,5093.4000,5092.2000,5092.0000,5091.8000,5091.4000,5094.6000,5095.8000,5096.0000,5096.6000,5098.0000,2,1,2,1,22,1,2,5,1,1
SF,IC2009,2020-05-29 09:33:41.000,5092.0000,47626,0,525723560.000,0,-,-,-,-,5093.6000,5093.4000,5092.2000,5091.8000,5089.8000,5095.8000,5096.0000,5096.6000,5098.0000,5098.2000,2,2,1,1,1,2,5,1,1,5
SF,IC2009,2020-05-29 09:33:41.500,5092.0000,47626,0,525723560.000,0,-,-,-,-,5095.0000,5093.8000,5093.4000,5091.8000,5089.8000,5095.6000,5095.8000,5096.0000,5096.6000,5098.0000,22,2,1,1,1,2,2,5,1,1
SF,IC2009,2020-05-29 09:33:42.000,5094.8000,47626,0,526742520.000,1,0,1,多换,S,5095.2000,5095.0000,5094.0000,5093.8000,5093.4000,5095.8000,5096.0000,5096.6000,5098.0000,5098.4000,1,22,1,1,1,2,2,1,1,6
SF,IC2009,2020-05-29 09:33:42.500,5095.2000,47626,0,534894520.000,8,4,4,多换,S,5095.0000,5093.8000,5093.4000,5091.8000,5089.8000,5095.4000,5095.6000,5095.8000,5096.0000,5096.6000,16,1,1,1,1,1,2,4,3,1
SF,IC2009,2020-05-29 09:33:43.000,5095.2000,47626,0,534894520.000,0,-,-,-,-,5095.0000,5093.8000,5093.4000,5091.8000,5089.8000,5095.4000,5095.8000,5096.0000,5096.6000,5098.0000,16,1,1,1,1,1,2,3,1,1
SF,IC2009,2020-05-29 09:33:43.500,5095.0000,47626,0,535913520.000,1,0,1,多换,S,5095.0000,5093.8000,5093.4000,5091.8000,5089.8000,5095.4000,5095.8000,5096.0000,5096.6000,5098.0000,15,1,1,1,1,1,2,3,1,1
SF,IC2009,2020-05-29 09:33:44.000,5095.4000,47625,-1,536932600.000,1,0,1,双平,S,5095.4000,5095.0000,5093.8000,5093.4000,5091.8000,5095.8000,5096.0000,5096.6000,5098.0000,5098.4000,1,15,1,1,1,1,2,1,1,6
SF,IC2009,2020-05-29 09:33:44.500,5095.4000,47625,0,536932600.000,0,-,-,-,-,5095.0000,5093.8000,5093.4000,5091.8000,5089.8000,5095.8000,5096.0000,5096.6000,5098.0000,5098.4000,15,1,1,1,1,2,3,1,1,6
SF,IC2009,2020-05-29 09:33:45.000,5095.4000,47625,0,536932600.000,0,-,-,-,-,5093.8000,5093.4000,5091.8000,5089.8000,5087.8000,5095.8000,5096.0000,5096.6000,5098.0000,5098.4000,1,1,1,1,1,1,2,1,1,6
SF,IC2009,2020-05-29 09:33:45.500,5096.0000,47625,0,539990200.000,3,1,2,多换,S,5096.4000,5094.0000,5093.8000,5091.8000,5087.8000,5096.6000,5098.0000,5098.4000,5100.0000,5104.0000,12,1,2,1,1,1,1,6,1,5
SF,IC2009,2020-05-29 09:33:46.000,5096.4000,47625,0,552221560.000,12,6,6,多换,S,5093.8000,5091.8000,5089.8000,5087.8000,5086.6000,5096.4000,5096.6000,5096.8000,5098.0000,5098.4000,2,1,1,1,5,2,5,2,1,6
SF,IC2009,2020-05-29 09:33:46.500,5094.0000,47625,0,553240360.000,1,0,1,多换,S,5093.8000,5089.8000,5087.8000,5086.6000,5085.0000,5095.6000,5096.0000,5096.2000,5096.4000,5096.6000,2,1,1,5,1,1,1,4,4,3
SF,IC2009,2020-05-29 09:33:47.000,5093.8000,47624,-1,554259120.000,1,0,1,双平,S,5092.2000,5089.8000,5087.8000,5086.6000,5085.0000,5095.4000,5095.6000,5095.8000,5096.0000,5096.2000,1,1,1,5,1,1,3,1,2,3
SF,IC2009,2020-05-29 09:33:47.500,5093.8000,47624,0,554259120.000,0,-,-,-,-,5094.2000,5093.4000,5093.2000,5092.8000,5092.4000,5095.2000,5095.4000,5095.6000,5096.0000,5096.2000,1,1,1,1,2,2,1,1,1,1
SF,IC2009,2020-05-29 09:33:48.000,5093.8000,47624,0,554259120.000,0,-,-,-,-,5094.2000,5092.4000,5092.2000,5089.8000,5086.6000,5094.8000,5095.0000,5096.0000,5096.2000,5096.4000,3,1,1,1,5,1,1,1,1,2
SF,IC2009,2020-05-29 09:33:48.500,5093.8000,47624,0,554259120.000,0,-,-,-,-,5094.2000,5092.4000,5092.2000,5089.8000,5086.6000,5094.8000,5095.0000,5096.0000,5096.2000,5096.4000,2,1,1,1,5,1,1,1,1,2
SF,IC2009,2020-05-29 09:33:49.000,5093.8000,47624,0,554259120.000,0,-,-,-,-,5094.2000,5092.4000,5092.2000,5089.8000,5086.6000,5094.6000,5094.8000,5096.0000,5096.2000,5096.4000,1,1,1,1,5,1,1,1,1,2
SF,IC2009,2020-05-29 09:33:49.500,5093.8000,47624,0,554259120.000,0,-,-,-,-,5092.4000,5092.2000,5089.8000,5086.6000,5085.0000,5094.2000,5094.6000,5094.8000,5096.0000,5096.2000,1,1,1,5,1,1,1,1,1,1
SF,IC2009,2020-05-29 09:33:50.000,5093.8000,47624,0,554259120.000,0,-,-,-,-,5092.8000,5092.4000,5092.2000,5089.8000,5086.6000,5094.0000,5094.2000,5094.8000,5096.0000,5096.2000,1,3,1,1,5,1,1,1,1,1
SF,IC2009,2020-05-29 09:33:50.500,5093.8000,47624,0,554259120.000,0,-,-,-,-,5092.2000,5089.8000,5086.6000,5085.0000,5082.0000,5094.0000,5094.2000,5094.8000,5096.0000,5096.2000,1,1,5,1,1,2,1,1,1,1
SF,IC2009,2020-05-29 09:33:51.000,5093.8000,47624,0,554259120.000,0,-,-,-,-,5092.6000,5092.4000,5092.2000,5089.8000,5086.6000,5093.8000,5094.0000,5094.2000,5094.8000,5096.0000,1,1,1,1,5,1,2,1,1,1
SF,IC2009,2020-05-29 09:33:51.500,5093.8000,47624,0,554259120.000,0,-,-,-,-,5092.4000,5092.2000,5089.8000,5086.6000,5085.0000,5094.0000,5094.2000,5096.0000,5096.2000,5096.4000,1,1,1,5,1,2,1,1,1,2
SF,IC2009,2020-05-29 09:33:52.000,5093.8000,47624,0,554259120.000,0,-,-,-,-,5092.6000,5092.4000,5092.2000,5089.8000,5086.6000,5094.0000,5094.2000,5096.0000,5096.2000,5096.4000,1,1,1,1,5,2,1,1,1,2
SF,IC2009,2020-05-29 09:33:52.500,5093.8000,47624,0,554259120.000,0,-,-,-,-,5092.6000,5092.4000,5092.2000,5089.8000,5086.6000,5094.0000,5094.2000,5096.0000,5096.4000,5096.6000,1,1,1,1,5,1,1,1,2,1
SF,IC2009,2020-05-29 09:33:53.000,5093.8000,47624,0,554259120.000,0,-,-,-,-,5092.4000,5092.2000,5089.8000,5086.6000,5085.0000,5094.0000,5094.2000,5096.0000,5096.6000,5096.8000,1,1,1,5,1,1,1,1,1,2
SF,IC2009,2020-05-29 09:33:54.000,5094.0000,47624,0,555277920.000,1,0,1,多换,S,5094.0000,5092.6000,5092.4000,5092.2000,5089.8000,5094.2000,5096.0000,5096.2000,5096.6000,5096.8000,2,1,1,1,1,1,1,1,1,2
SF,IC2009,2020-05-29 09:33:54.500,5094.0000,47623,-1,558334320.000,3,1,2,多平,S,5092.4000,5092.2000,5089.8000,5086.6000,5085.0000,5094.0000,5094.2000,5096.0000,5096.2000,5096.6000,1,1,1,5,1,1,1,1,1,1
SF,IC2009,2020-05-29 09:33:55.000,5094.0000,47623,0,558334320.000,0,-,-,-,-,5092.6000,5092.4000,5092.2000,5089.8000,5086.6000,5094.2000,5096.0000,5096.2000,5096.6000,5096.8000,2,3,1,1,5,1,1,1,1,2
SF,IC2009,2020-05-29 09:33:55.500,5094.0000,47623,0,558334320.000,0,-,-,-,-,5092.8000,5092.6000,5092.4000,5092.2000,5089.8000,5094.2000,5095.6000,5096.0000,5096.2000,5096.6000,3,1,2,1,1,1,1,1,1,1
SF,IC2009,2020-05-29 09:33:56.000,5094.0000,47623,0,558334320.000,0,-,-,-,-,5092.6000,5092.2000,5089.8000,5086.6000,5085.0000,5094.2000,5095.6000,5096.0000,5096.2000,5096.6000,1,1,1,5,1,1,1,1,1,1
SF,IC2009,2020-05-29 09:33:56.500,5094.0000,47623,0,558334320.000,0,-,-,-,-,5093.0000,5092.6000,5092.2000,5089.8000,5086.6000,5094.0000,5094.2000,5094.8000,5095.6000,5096.0000,1,1,1,1,5,2,1,1,1,1
SF,IC2009,2020-05-29 09:33:57.000,5094.0000,47623,0,558334320.000,0,-,-,-,-,5093.0000,5092.6000,5092.2000,5089.8000,5085.0000,5094.0000,5094.2000,5094.8000,5095.6000,5096.0000,1,1,1,1,1,2,1,1,1,1
SF,IC2009,2020-05-29 09:33:57.500,5093.0000,47622,-1,559352920.000,1,0,1,双平,S,5089.8000,5085.0000,5082.0000,5081.4000,5081.0000,5094.0000,5094.2000,5094.8000,5095.6000,5096.0000,1,1,1,1,1,1,1,1,1,1
SF,IC2009,2020-05-29 09:33:58.000,5093.0000,47622,0,559352920.000,0,-,-,-,-,5092.0000,5091.2000,5090.8000,5090.4000,5090.0000,5093.8000,5094.0000,5094.2000,5094.8000,5095.6000,1,2,2,2,2,3,4,1,1,1
SF,IC2009,2020-05-29 09:33:58.500,5093.0000,47622,0,559352920.000,0,-,-,-,-,5091.2000,5090.8000,5090.4000,5090.0000,5089.8000,5093.0000,5093.4000,5093.6000,5093.8000,5094.0000,2,2,1,3,2,1,1,1,1,1
SF,IC2009,2020-05-29 09:33:59.000,5093.0000,47623,1,560371520.000,1,1,0,双开,S,5091.4000,5091.2000,5090.8000,5090.4000,5090.0000,5093.0000,5093.4000,5093.6000,5093.8000,5094.0000,1,2,2,1,2,1,1,1,1,2
SF,IC2009,2020-05-29 09:34:00.000,5093.0000,47623,0,560371520.000,0,-,-,-,-,5091.4000,5091.2000,5090.8000,5089.8000,5082.0000,5092.8000,5093.0000,5093.6000,5093.8000,5094.0000,1,2,2,2,1,1,1,1,1,2
SF,IC2009,2020-05-29 09:34:00.500,5093.0000,47623,0,560371520.000,0,-,-,-,-,5089.8000,5082.0000,5081.4000,5081.0000,5080.8000,5092.6000,5092.8000,5093.8000,5094.0000,5094.2000,2,1,1,1,6,1,3,1,2,1
SF,IC2009,2020-05-29 09:34:01.000,5093.0000,47623,0,560371520.000,0,-,-,-,-,5089.8000,5082.0000,5081.4000,5081.0000,5080.8000,5092.2000,5092.4000,5092.6000,5092.8000,5093.8000,2,1,1,1,6,1,1,4,2,1
SF,IC2009,2020-05-29 09:34:01.500,5089.8000,47622,-1,563425400.000,3,1,2,多平,S,5082.0000,5081.4000,5081.0000,5080.8000,5080.0000,5091.8000,5092.0000,5092.2000,5092.4000,5093.8000,1,1,1,6,2,1,1,3,1,1
SF,IC2009,2020-05-29 09:34:02.000,5089.8000,47622,0,563425400.000,0,-,-,-,-,5088.4000,5087.6000,5087.2000,5086.4000,5086.2000,5091.6000,5091.8000,5092.0000,5092.2000,5093.8000,1,1,1,1,1,3,1,4,3,1
SF,IC2009,2020-05-29 09:34:02.500,5089.8000,47622,0,563425400.000,0,-,-,-,-,5087.2000,5086.4000,5086.2000,5085.6000,5085.4000,5090.4000,5090.8000,5091.0000,5091.2000,5091.4000,1,1,1,1,1,1,1,1,1,3
SF,IC2009,2020-05-29 09:34:03.000,5089.8000,47622,0,563425400.000,0,-,-,-,-,5088.2000,5088.0000,5087.4000,5086.4000,5085.4000,5090.0000,5090.2000,5091.4000,5092.0000,5092.2000,2,1,1,1,1,1,2,1,2,1
SF,IC2009,2020-05-29 09:34:03.500,5089.8000,47622,0,563425400.000,0,-,-,-,-,5087.4000,5086.4000,5085.4000,5084.6000,5084.4000,5089.6000,5089.8000,5090.0000,5091.4000,5092.0000,1,1,1,1,2,1,1,2,1,2
SF,IC2009,2020-05-29 09:34:04.000,5089.8000,47622,0,563425400.000,0,-,-,-,-,5088.6000,5088.2000,5088.0000,5087.8000,5087.4000,5089.8000,5090.0000,5091.4000,5092.0000,5092.2000,1,1,2,1,2,1,2,1,2,1
SF,IC2009,2020-05-29 09:34:04.500,5089.8000,47621,-1,564443360.000,1,0,1,双平,S,5089.8000,5087.4000,5086.4000,5085.4000,5084.6000,5090.0000,5091.4000,5092.0000,5092.2000,5093.8000,1,2,1,1,1,1,1,1,1,1
SF,IC2009,2020-05-29 09:34:05.000,5089.8000,47621,0,564443360.000,0,-,-,-,-,5087.4000,5086.4000,5085.4000,5084.6000,5084.4000,5091.4000,5092.0000,5092.2000,5093.8000,5094.0000,2,1,1,1,2,1,1,1,1,1
SF,IC2009,2020-05-29 09:34:05.500,5089.8000,47621,0,564443360.000,0,-,-,-,-,5090.0000,5088.2000,5088.0000,5087.6000,5087.4000,5091.2000,5091.4000,5092.0000,5092.2000,5093.8000,1,1,1,2,3,2,1,1,1,1
SF,IC2009,2020-05-29 09:34:06.000,5089.8000,47621,0,564443360.000,0,-,-,-,-,5090.2000,5090.0000,5088.2000,5088.0000,5087.6000,5092.0000,5093.8000,5094.0000,5094.2000,5094.8000,1,3,2,1,3,1,1,1,1,1
SF,IC2009,2020-05-29 09:34:06.500,5089.8000,47621,0,564443360.000,0,-,-,-,-,5090.6000,5090.2000,5090.0000,5088.2000,5088.0000,5093.8000,5094.0000,5094.2000,5094.8000,5095.6000,1,3,2,2,1,1,1,1,1,1
SF,IC2009,2020-05-29 09:34:07.000,5089.8000,47621,0,564443360.000,0,-,-,-,-,5090.6000,5090.2000,5090.0000,5088.2000,5088.0000,5091.6000,5092.0000,5092.2000,5093.0000,5093.2000,1,1,2,2,1,1,5,3,1,2
SF,IC2009,2020-05-29 09:34:07.500,5091.6000,47620,-1,565461680.000,1,0,1,双平,S,5090.8000,5090.6000,5090.0000,5088.2000,5088.0000,5093.0000,5093.2000,5093.4000,5093.6000,5093.8000,1,1,2,2,1,1,2,1,3,1
SF,IC2009,2020-05-29 09:34:08.000,5091.6000,47620,0,565461680.000,0,-,-,-,-,5090.8000,5090.0000,5088.2000,5088.0000,5087.6000,5092.8000,5093.0000,5093.2000,5093.6000,5093.8000,2,1,2,1,1,1,1,2,2,1
SF,IC2009,2020-05-29 09:34:08.500,5091.6000,47620,0,565461680.000,0,-,-,-,-,5091.2000,5091.0000,5090.8000,5090.0000,5088.2000,5092.8000,5093.0000,5093.2000,5093.6000,5093.8000,1,1,2,1,2,2,1,2,2,1
SF,IC2009,2020-05-29 09:34:09.000,5091.6000,47620,0,565461680.000,0,-,-,-,-,5091.4000,5090.8000,5090.0000,5088.2000,5088.0000,5092.8000,5093.0000,5093.6000,5093.8000,5094.0000,3,1,1,2,1,1,1,1,1,1
SF,IC2009,2020-05-29 09:34:09.500,5091.6000,47620,0,565461680.000,0,-,-,-,-,5091.4000,5090.8000,5090.0000,5088.2000,5088.0000,5092.8000,5093.0000,5093.6000,5094.0000,5094.2000,3,1,2,2,1,2,1,1,1,1
SF,IC2009,2020-05-29 09:34:10.000,5091.6000,47620,0,565461680.000,0,-,-,-,-,5090.0000,5088.2000,5088.0000,5087.6000,5086.4000,5092.6000,5092.8000,5093.0000,5093.6000,5094.0000,2,2,1,1,1,3,2,1,1,1
SF,IC2009,2020-05-29 09:34:10.500,5091.6000,47620,0,565461680.000,0,-,-,-,-,5090.2000,5090.0000,5088.2000,5088.0000,5087.6000,5091.4000,5092.4000,5092.6000,5092.8000,5093.0000,1,1,2,1,1,1,3,3,1,1
SF,IC2009,2020-05-29 09:34:11.000,5091.6000,47620,0,565461680.000,0,-,-,-,-,5090.4000,5090.2000,5090.0000,5088.2000,5088.0000,5092.4000,5093.0000,5094.0000,5094.2000,5094.8000,2,1,1,2,1,2,1,1,1,1
SF,IC2009,2020-05-29 09:34:11.500,5091.6000,47620,0,565461680.000,0,-,-,-,-,5090.6000,5090.0000,5088.2000,5088.0000,5087.6000,5092.4000,5093.0000,5094.0000,5094.2000,5094.8000,1,1,2,1,1,1,1,1,1,1
SF,IC2009,2020-05-29 09:34:12.000,5091.6000,47620,0,565461680.000,0,-,-,-,-,5090.6000,5090.0000,5088.2000,5088.0000,5087.6000,5093.0000,5093.4000,5094.0000,5094.2000,5094.8000,6,1,2,1,1,2,1,1,1,1
SF,IC2009,2020-05-29 09:34:12.500,5091.6000,47620,0,565461680.000,0,-,-,-,-,5091.0000,5090.8000,5090.6000,5090.0000,5088.2000,5093.0000,5094.0000,5094.2000,5094.8000,5095.6000,2,2,4,1,1,2,1,1,1,1
SF,IC2009,2020-05-29 09:34:13.000,5091.6000,47620,0,565461680.000,0,-,-,-,-,5091.4000,5091.2000,5090.8000,5090.6000,5090.0000,5093.0000,5094.0000,5094.2000,5094.8000,5095.6000,1,5,2,1,1,2,1,1,1,1
SF,IC2009,2020-05-29 09:34:13.500,5093.0000,47620,0,566480280.000,1,0,1,多换,S,5091.6000,5091.4000,5091.2000,5090.8000,5090.0000,5093.0000,5094.0000,5094.2000,5094.8000,5095.6000,3,4,2,2,1,1,1,1,1,1
SF,IC2009,2020-05-29 09:34:14.000,5094.0000,47619,-1,568517680.000,2,0,2,多平,S,5094.0000,5091.8000,5091.6000,5091.4000,5091.2000,5094.2000,5094.8000,5095.6000,5096.6000,5097.0000,1,3,1,1,2,1,1,1,1,1
