市场代码,合约代码,时间,最新,持仓,增仓,成交额,成交量,开仓,平仓,成交类型,方向,买一价,买二价,买三价,买四价,买五价,卖一价,卖二价,卖三价,卖四价,卖五价,买一量,买二量,买三量,买四量,买五量,卖一量,卖二量,卖三量,卖四量,卖五量
SF,IC2003,2019-11-29 09:29:00.100,4752.8000,34347,0,2851680.000,3.000,-,-,-,-,4752.0000,4751.0000,4750.6000,4748.8000,4748.0000,4753.0000,4762.0000,4765.0000,4766.6000,4767.0000,1,3,34,1,3,1,1,5,1,1
SF,IC2003,2019-11-29 09:30:00.100,4752.0000,34347,0,3802080.000,1,0,1,多换,S,4751.0000,4750.6000,4750.0000,4748.0000,4746.2000,4753.0000,4755.8000,4762.0000,4765.0000,4766.6000,3,34,2,3,1,1,2,1,5,1
SF,IC2003,2019-11-29 09:30:00.600,4751.6000,34346,-1,5702800.000,2,0,2,多平,S,4751.2000,4751.0000,4750.6000,4750.0000,4749.0000,4753.0000,4755.8000,4762.0000,4765.0000,4766.6000,1,3,35,2,1,2,3,1,5,1
SF,IC2003,2019-11-29 09:30:01.100,4753.0000,34344,-2,7604000.000,2,0,2,双平,S,4753.8000,4753.6000,4753.4000,4753.2000,4752.6000,4757.2000,4761.8000,4762.0000,4765.0000,4766.6000,2,1,2,3,5,1,5,1,5,1
SF,IC2003,2019-11-29 09:30:01.600,4753.0000,34344,0,11406400.000,4,2,2,多换,S,4752.0000,4751.6000,4751.4000,4751.2000,4751.0000,4755.8000,4756.0000,4756.8000,4757.0000,4757.2000,5,1,2,6,4,1,2,6,11,1
SF,IC2003,2019-11-29 09:30:02.100,4753.0000,34344,0,11406400.000,0,-,-,-,-,4754.2000,4752.4000,4752.2000,4752.0000,4751.8000,4755.6000,4756.8000,4757.0000,4757.2000,4761.8000,2,4,5,3,1,1,2,2,1,5
SF,IC2003,2019-11-29 09:30:02.600,4756.8000,34341,-3,15210440.000,4,0,4,多平,S,4752.2000,4752.0000,4751.6000,4751.4000,4751.2000,4756.8000,4757.2000,4761.8000,4762.0000,4765.0000,1,3,1,1,2,1,1,5,1,5
SF,IC2003,2019-11-29 09:30:03.100,4756.8000,34341,0,17113160.000,2,1,1,多换,S,4753.6000,4752.8000,4752.6000,4752.2000,4752.0000,4756.6000,4756.8000,4757.2000,4761.8000,4762.0000,2,2,4,1,3,6,1,1,5,1
SF,IC2003,2019-11-29 09:30:03.600,4756.8000,34341,0,17113160.000,0,-,-,-,-,4753.8000,4753.6000,4752.6000,4752.0000,4751.6000,4756.6000,4756.8000,4757.2000,4761.8000,4762.0000,1,2,1,3,1,7,1,1,5,1
SF,IC2003,2019-11-29 09:30:04.100,4756.8000,34341,0,17113160.000,0,-,-,-,-,4753.8000,4753.6000,4752.6000,4752.0000,4751.6000,4756.6000,4756.8000,4757.2000,4761.8000,4762.0000,1,2,1,3,1,3,1,1,5,1
SF,IC2003,2019-11-29 09:30:04.600,4756.8000,34341,0,17113160.000,0,-,-,-,-,4754.0000,4753.8000,4753.6000,4752.6000,4752.0000,4756.6000,4756.8000,4757.2000,4761.8000,4762.0000,1,1,2,1,3,3,1,1,5,1
SF,IC2003,2019-11-29 09:30:05.100,4756.8000,34341,0,17113160.000,0,-,-,-,-,4754.2000,4754.0000,4753.6000,4752.6000,4752.0000,4756.4000,4756.6000,4756.8000,4757.2000,4761.8000,1,1,2,1,3,1,3,1,1,5
SF,IC2003,2019-11-29 09:30:05.600,4756.8000,34341,0,17113160.000,0,-,-,-,-,4754.2000,4754.0000,4753.6000,4752.6000,4752.0000,4756.6000,4756.8000,4757.2000,4761.8000,4762.0000,1,1,2,1,3,2,1,1,5,1
SF,IC2003,2019-11-29 09:30:06.100,4756.8000,34341,0,17113160.000,0,-,-,-,-,4754.2000,4754.0000,4753.6000,4752.6000,4752.0000,4756.4000,4756.6000,4756.8000,4757.2000,4761.8000,1,1,2,1,3,1,1,1,1,5
SF,IC2003,2019-11-29 09:30:06.600,4756.8000,34341,0,17113160.000,0,-,-,-,-,4754.4000,4754.2000,4754.0000,4753.6000,4752.0000,4756.4000,4756.6000,4756.8000,4757.2000,4761.8000,1,1,1,2,3,1,1,1,1,5
SF,IC2003,2019-11-29 09:30:07.100,4756.4000,34341,0,18064440.000,1,0,1,多换,S,4756.4000,4754.6000,4754.4000,4754.0000,4753.6000,4756.6000,4756.8000,4757.2000,4761.8000,4762.0000,1,1,2,1,2,1,1,1,5,1
SF,IC2003,2019-11-29 09:30:07.600,4756.4000,34340,-1,19967000.000,2,0,2,多平,S,4754.6000,4754.4000,4754.0000,4753.6000,4752.4000,4756.6000,4757.2000,4761.8000,4762.0000,4765.0000,1,2,1,2,1,1,1,5,1,5
SF,IC2003,2019-11-29 09:30:08.100,4756.4000,34340,0,19967000.000,0,-,-,-,-,4754.6000,4754.4000,4754.2000,4754.0000,4753.6000,4756.6000,4757.2000,4761.8000,4762.0000,4765.0000,1,2,1,1,2,1,1,5,1,5
SF,IC2003,2019-11-29 09:30:08.600,4756.4000,34340,0,19967000.000,0,-,-,-,-,4754.6000,4754.4000,4754.2000,4754.0000,4753.6000,4756.6000,4757.2000,4761.8000,4762.0000,4765.0000,1,2,1,1,2,1,1,5,1,5
SF,IC2003,2019-11-29 09:30:09.100,4756.4000,34340,0,19967000.000,0,-,-,-,-,4754.6000,4754.4000,4754.2000,4754.0000,4753.6000,4756.6000,4757.2000,4761.8000,4762.0000,4764.0000,1,2,1,1,2,1,1,5,1,1
SF,IC2003,2019-11-29 09:30:09.600,4756.4000,34340,0,19967000.000,0,-,-,-,-,4754.6000,4754.4000,4754.2000,4754.0000,4753.6000,4756.6000,4757.2000,4761.8000,4762.0000,4764.0000,1,1,1,1,2,1,1,5,1,1
SF,IC2003,2019-11-29 09:30:10.100,4756.4000,34340,0,19967000.000,0,-,-,-,-,4754.6000,4754.2000,4754.0000,4753.6000,4752.4000,4756.4000,4756.6000,4757.2000,4761.8000,4762.0000,2,1,1,2,1,1,1,1,5,1
SF,IC2003,2019-11-29 09:30:10.600,4754.6000,34340,0,20917920.000,1,0,1,多换,S,4753.6000,4752.4000,4752.0000,4751.8000,4751.4000,4755.6000,4756.2000,4756.4000,4756.6000,4757.2000,2,1,2,1,1,2,1,5,1,1
SF,IC2003,2019-11-29 09:30:11.100,4754.6000,34340,0,20917920.000,0,-,-,-,-,4753.6000,4752.4000,4752.0000,4751.8000,4751.4000,4754.4000,4755.4000,4756.2000,4756.4000,4756.6000,2,1,2,1,1,1,1,2,4,1
SF,IC2003,2019-11-29 09:30:11.600,4754.6000,34339,-1,21868840.000,1,0,1,双平,S,4753.8000,4753.6000,4752.4000,4752.0000,4751.8000,4756.2000,4756.4000,4756.6000,4757.2000,4761.8000,1,2,1,2,1,2,4,1,1,5
SF,IC2003,2019-11-29 09:30:12.100,4753.8000,34338,-1,22819600.000,1,0,1,双平,S,4752.4000,4752.0000,4751.8000,4751.4000,4751.0000,4756.0000,4756.2000,4756.6000,4757.2000,4761.8000,1,2,1,1,4,5,2,1,1,5
SF,IC2003,2019-11-29 09:30:12.600,4754.0000,34337,-1,23770400.000,1,0,1,双平,S,4752.6000,4752.0000,4751.8000,4751.0000,4750.6000,4753.8000,4754.0000,4755.4000,4755.8000,4756.0000,1,2,1,4,35,1,1,3,3,5
SF,IC2003,2019-11-29 09:30:13.100,4754.0000,34335,-2,25671960.000,2,0,2,双平,S,4754.8000,4754.6000,4754.0000,4753.8000,4753.6000,4755.8000,4756.0000,4756.6000,4757.2000,4761.8000,2,2,6,3,1,1,1,1,1,5
SF,IC2003,2019-11-29 09:30:13.600,4754.0000,34335,0,25671960.000,0,-,-,-,-,4754.0000,4752.6000,4751.8000,4751.0000,4750.6000,4754.6000,4754.8000,4755.2000,4755.4000,4755.6000,1,1,1,4,35,1,4,2,2,1
SF,IC2003,2019-11-29 09:30:14.100,4754.6000,34333,-2,27573680.000,2,0,2,双平,S,4752.6000,4751.8000,4751.0000,4750.6000,4750.2000,4755.4000,4755.6000,4755.8000,4756.6000,4757.2000,1,1,4,35,1,1,1,1,1,1
SF,IC2003,2019-11-29 09:30:14.600,4754.6000,34333,0,27573680.000,0,-,-,-,-,4753.0000,4752.8000,4752.6000,4751.8000,4751.0000,4755.2000,4755.4000,4756.6000,4757.2000,4761.8000,1,1,1,1,4,1,1,1,1,5
SF,IC2003,2019-11-29 09:30:15.100,4753.2000,34332,-1,28524320.000,1,0,1,双平,S,4753.4000,4753.2000,4753.0000,4752.8000,4751.8000,4755.2000,4756.6000,4757.2000,4761.8000,4762.0000,1,1,1,1,1,1,1,1,5,1
SF,IC2003,2019-11-29 09:30:15.600,4753.2000,34332,0,28524320.000,0,-,-,-,-,4753.6000,4753.4000,4753.0000,4752.8000,4752.2000,4756.6000,4757.2000,4761.8000,4762.0000,4764.0000,1,1,1,1,1,1,1,5,1,1
SF,IC2003,2019-11-29 09:30:16.100,4753.2000,34332,0,28524320.000,0,-,-,-,-,4753.8000,4753.6000,4753.4000,4753.0000,4752.2000,4756.4000,4756.6000,4757.2000,4761.8000,4762.0000,1,2,1,1,1,2,2,1,5,1
SF,IC2003,2019-11-29 09:30:16.600,4753.2000,34332,0,28524320.000,0,-,-,-,-,4754.0000,4753.8000,4753.6000,4753.4000,4753.0000,4756.4000,4756.6000,4757.2000,4761.8000,4762.0000,1,1,1,1,1,3,1,1,5,1
SF,IC2003,2019-11-29 09:30:17.100,4753.2000,34332,0,28524320.000,0,-,-,-,-,4753.8000,4753.6000,4753.4000,4753.0000,4752.2000,4756.4000,4756.6000,4757.2000,4761.8000,4762.0000,1,1,1,1,1,3,1,1,5,1
SF,IC2003,2019-11-29 09:30:17.600,4756.4000,34332,0,29475600.000,1,0,1,多换,S,4754.0000,4753.8000,4753.6000,4753.4000,4753.0000,4756.4000,4756.6000,4757.2000,4761.8000,4762.0000,1,1,1,1,1,2,1,1,5,1
SF,IC2003,2019-11-29 09:30:18.100,4756.4000,34332,0,29475600.000,0,-,-,-,-,4754.0000,4753.8000,4753.6000,4753.4000,4753.0000,4756.2000,4756.4000,4756.6000,4757.2000,4761.8000,1,1,1,1,1,1,2,1,1,5
SF,IC2003,2019-11-29 09:30:18.600,4756.4000,34332,0,29475600.000,0,-,-,-,-,4754.0000,4753.8000,4753.6000,4753.0000,4752.2000,4755.8000,4756.2000,4756.4000,4756.6000,4757.2000,1,1,1,1,1,1,2,1,1,1
SF,IC2003,2019-11-29 09:30:19.100,4756.4000,34332,0,29475600.000,0,-,-,-,-,4754.0000,4753.6000,4753.0000,4752.2000,4751.8000,4755.8000,4756.2000,4756.4000,4756.6000,4757.2000,1,1,1,1,1,2,1,1,1,1
SF,IC2003,2019-11-29 09:30:19.600,4756.4000,34332,0,29475600.000,0,-,-,-,-,4754.0000,4753.6000,4753.0000,4752.2000,4751.8000,4755.8000,4756.2000,4756.4000,4756.6000,4757.2000,1,1,1,1,1,1,1,1,1,1
SF,IC2003,2019-11-29 09:30:20.100,4756.4000,34332,0,29475600.000,0,-,-,-,-,4754.0000,4753.6000,4753.0000,4752.2000,4751.8000,4755.6000,4755.8000,4756.4000,4756.6000,4757.2000,1,1,1,1,1,1,1,1,1,1
SF,IC2003,2019-11-29 09:30:20.600,4756.4000,34332,0,29475600.000,0,-,-,-,-,4754.0000,4753.8000,4753.6000,4753.0000,4752.2000,4755.6000,4756.4000,4756.6000,4757.2000,4761.8000,1,1,1,1,1,1,1,1,1,5
SF,IC2003,2019-11-29 09:30:21.100,4756.4000,34332,0,29475600.000,0,-,-,-,-,4754.2000,4754.0000,4753.8000,4753.6000,4753.0000,4755.6000,4756.4000,4756.6000,4757.2000,4761.8000,1,1,1,1,1,1,1,1,1,5
SF,IC2003,2019-11-29 09:30:21.600,4756.4000,34332,0,29475600.000,0,-,-,-,-,4754.4000,4754.2000,4753.8000,4753.6000,4753.4000,4755.6000,4756.4000,4756.6000,4757.2000,4761.8000,1,1,1,1,1,1,1,1,1,5
SF,IC2003,2019-11-29 09:30:22.100,4756.4000,34332,0,29475600.000,0,-,-,-,-,4754.6000,4754.4000,4754.2000,4753.8000,4753.6000,4755.6000,4756.6000,4757.2000,4761.8000,4762.0000,3,1,1,1,1,1,1,1,5,1
SF,IC2003,2019-11-29 09:30:22.600,4755.6000,34331,-1,30426720.000,1,0,1,双平,S,4755.6000,4754.8000,4754.6000,4754.2000,4753.8000,4756.6000,4757.2000,4761.8000,4762.0000,4764.0000,1,1,3,1,1,1,1,5,1,1
SF,IC2003,2019-11-29 09:30:23.100,4756.6000,34331,0,31378040.000,1,0,1,多换,S,4755.8000,4755.6000,4754.2000,4753.8000,4753.6000,4758.6000,4761.8000,4762.0000,4764.0000,4765.0000,1,2,1,1,1,1,5,1,1,5
SF,IC2003,2019-11-29 09:30:23.600,4756.6000,34331,0,31378040.000,0,-,-,-,-,4756.0000,4755.8000,4755.6000,4753.8000,4753.6000,4758.2000,4758.4000,4758.6000,4761.8000,4762.0000,1,1,2,1,1,1,5,1,5,1
SF,IC2003,2019-11-29 09:30:24.100,4756.6000,34331,0,31378040.000,0,-,-,-,-,4756.2000,4756.0000,4755.6000,4754.8000,4753.8000,4758.0000,4758.2000,4758.4000,4758.6000,4761.8000,1,1,2,1,1,1,1,4,1,5
SF,IC2003,2019-11-29 09:30:24.600,4756.6000,34331,0,31378040.000,0,-,-,-,-,4756.2000,4755.6000,4754.8000,4753.8000,4753.6000,4758.0000,4758.2000,4758.6000,4762.0000,4764.0000,1,2,1,1,1,1,1,1,1,1
SF,IC2003,2019-11-29 09:30:25.100,4756.6000,34331,0,31378040.000,0,-,-,-,-,4756.2000,4755.6000,4754.8000,4753.8000,4753.6000,4757.8000,4758.0000,4758.2000,4758.6000,4762.0000,1,2,1,1,1,1,1,1,1,1
SF,IC2003,2019-11-29 09:30:25.600,4756.6000,34331,0,31378040.000,0,-,-,-,-,4756.2000,4755.8000,4755.6000,4754.8000,4753.8000,4758.0000,4758.2000,4758.6000,4762.0000,4764.0000,1,3,2,1,1,1,1,1,1,1
SF,IC2003,2019-11-29 09:30:26.100,4756.6000,34331,0,31378040.000,0,-,-,-,-,4756.2000,4755.8000,4755.6000,4754.8000,4753.8000,4757.8000,4758.0000,4758.2000,4758.6000,4762.0000,1,3,2,1,1,1,1,1,1,1
SF,IC2003,2019-11-29 09:30:26.600,4756.6000,34331,0,31378040.000,0,-,-,-,-,4756.4000,4756.2000,4755.8000,4755.6000,4754.8000,4757.6000,4758.0000,4758.2000,4758.6000,4762.0000,1,1,3,2,1,1,1,1,1,1
SF,IC2003,2019-11-29 09:30:27.100,4756.6000,34331,0,31378040.000,0,-,-,-,-,4756.4000,4756.2000,4755.8000,4755.6000,4754.8000,4758.0000,4758.2000,4758.6000,4762.0000,4764.0000,1,1,3,2,1,1,1,1,1,1
SF,IC2003,2019-11-29 09:30:27.600,4756.6000,34331,0,31378040.000,0,-,-,-,-,4755.8000,4755.6000,4754.8000,4753.8000,4753.6000,4757.8000,4758.0000,4758.2000,4758.6000,4762.0000,3,2,1,1,1,1,1,1,1,1
SF,IC2003,2019-11-29 09:30:28.100,4756.6000,34331,0,31378040.000,0,-,-,-,-,4756.0000,4755.8000,4755.6000,4754.8000,4753.8000,4757.6000,4758.2000,4758.6000,4762.0000,4764.0000,1,3,2,1,1,2,1,1,1,1
SF,IC2003,2019-11-29 09:30:29.600,4756.6000,34331,0,31378040.000,0,-,-,-,-,4756.2000,4756.0000,4755.8000,4755.6000,4754.8000,4757.6000,4758.2000,4758.6000,4762.0000,4764.0000,2,1,3,2,1,1,1,1,1,1
SF,IC2003,2019-11-29 09:30:30.100,4757.6000,34330,-1,32329560.000,1,0,1,双平,S,4757.6000,4756.4000,4756.2000,4755.8000,4755.6000,4758.2000,4758.6000,4762.0000,4764.0000,4765.0000,1,1,2,3,2,1,1,1,1,5
SF,IC2003,2019-11-29 09:30:30.600,4757.6000,34329,-1,33281080.000,1,0,1,双平,S,4756.4000,4756.2000,4755.8000,4755.6000,4754.8000,4758.2000,4758.6000,4762.0000,4764.0000,4765.0000,1,2,3,2,1,1,1,1,1,5
SF,IC2003,2019-11-29 09:30:31.100,4757.6000,34329,0,33281080.000,0,-,-,-,-,4756.6000,4756.4000,4756.2000,4755.8000,4755.6000,4758.0000,4758.2000,4758.6000,4762.0000,4764.0000,1,1,2,3,2,1,1,1,1,1
SF,IC2003,2019-11-29 09:30:31.600,4757.6000,34329,0,33281080.000,0,-,-,-,-,4756.4000,4756.2000,4755.8000,4755.6000,4754.8000,4757.8000,4758.2000,4758.6000,4762.0000,4764.0000,1,2,3,2,1,1,1,1,1,1
SF,IC2003,2019-11-29 09:30:32.100,4757.6000,34329,0,33281080.000,0,-,-,-,-,4756.4000,4756.2000,4755.8000,4755.6000,4754.8000,4757.6000,4758.2000,4758.6000,4762.0000,4764.0000,1,1,3,2,1,1,1,1,1,1
SF,IC2003,2019-11-29 09:30:32.600,4757.4000,34327,-2,35183840.000,2,0,2,双平,S,4756.2000,4755.8000,4755.6000,4754.8000,4753.8000,4757.4000,4757.6000,4758.2000,4758.6000,4762.0000,1,3,2,1,1,2,1,1,1,1
SF,IC2003,2019-11-29 09:30:33.100,4757.4000,34327,0,35183840.000,0,-,-,-,-,4756.4000,4756.2000,4755.8000,4755.6000,4754.8000,4757.4000,4758.2000,4758.6000,4762.0000,4764.0000,2,1,3,2,1,2,1,1,1,1
SF,IC2003,2019-11-29 09:30:34.100,4757.4000,34327,0,35183840.000,0,-,-,-,-,4756.4000,4756.2000,4755.8000,4755.6000,4754.8000,4757.4000,4758.2000,4758.6000,4762.0000,4764.0000,2,1,3,1,1,2,1,1,1,1
SF,IC2003,2019-11-29 09:30:36.100,4757.4000,34328,1,36135320.000,1,1,0,双开,S,4756.4000,4756.2000,4755.8000,4755.6000,4754.8000,4757.4000,4758.2000,4758.6000,4762.0000,4764.0000,2,1,3,1,1,1,1,1,1,1
SF,IC2003,2019-11-29 09:30:37.100,4757.4000,34327,-1,37086800.000,1,0,1,双平,S,4757.4000,4756.4000,4756.2000,4755.8000,4755.6000,4758.2000,4758.6000,4762.0000,4764.0000,4765.0000,1,2,1,3,1,1,1,1,1,5
SF,IC2003,2019-11-29 09:30:37.600,4757.4000,34327,0,38038280.000,1,0,1,多换,S,4756.2000,4755.8000,4755.6000,4753.8000,4753.6000,4757.4000,4757.6000,4758.0000,4758.2000,4758.6000,1,3,1,1,1,2,2,3,1,1
SF,IC2003,2019-11-29 09:30:38.100,4757.4000,34327,0,38038280.000,0,-,-,-,-,4756.2000,4755.8000,4755.6000,4753.8000,4753.6000,4758.0000,4758.2000,4758.6000,4762.0000,4764.0000,1,3,1,1,1,2,1,1,1,1
SF,IC2003,2019-11-29 09:30:38.600,4757.4000,34327,0,38038280.000,0,-,-,-,-,4756.4000,4756.2000,4755.8000,4755.6000,4753.8000,4757.2000,4757.8000,4758.0000,4758.2000,4758.6000,1,1,3,1,1,1,1,2,1,1
SF,IC2003,2019-11-29 09:30:39.100,4756.4000,34326,-1,38989560.000,1,0,1,双平,S,4756.2000,4755.8000,4755.6000,4753.8000,4753.6000,4757.2000,4758.0000,4758.2000,4758.6000,4762.0000,1,3,1,1,1,1,2,2,1,1
SF,IC2003,2019-11-29 09:30:39.600,4756.4000,34326,0,38989560.000,0,-,-,-,-,4756.2000,4755.8000,4755.6000,4753.8000,4753.6000,4756.4000,4757.0000,4757.2000,4758.0000,4758.2000,1,3,1,1,1,2,1,1,1,2
SF,IC2003,2019-11-29 09:30:40.100,4756.4000,34326,0,38989560.000,0,-,-,-,-,4756.2000,4755.8000,4755.6000,4753.8000,4753.6000,4757.0000,4757.2000,4758.0000,4758.2000,4758.6000,1,3,1,1,1,1,1,1,2,1
SF,IC2003,2019-11-29 09:30:40.600,4757.0000,34325,-1,40892200.000,2,0,2,多平,S,4755.8000,4753.8000,4753.6000,4753.4000,4753.0000,4757.2000,4758.0000,4758.2000,4758.6000,4762.0000,3,1,1,1,1,1,1,2,1,1
SF,IC2003,2019-11-29 09:30:41.100,4757.0000,34325,0,40892200.000,0,-,-,-,-,4755.8000,4753.8000,4753.6000,4753.4000,4753.0000,4756.2000,4756.6000,4756.8000,4757.0000,4757.2000,3,1,1,1,1,2,2,2,3,1
SF,IC2003,2019-11-29 09:30:41.600,4755.8000,34322,-3,43745680.000,3,0,3,双平,S,4753.8000,4753.6000,4753.4000,4753.0000,4752.2000,4756.0000,4756.2000,4756.8000,4757.0000,4757.2000,1,1,1,1,1,1,2,2,6,1
SF,IC2003,2019-11-29 09:30:42.100,4755.8000,34322,0,43745680.000,0,-,-,-,-,4754.0000,4753.8000,4753.6000,4753.4000,4753.0000,4756.0000,4756.2000,4756.8000,4757.0000,4757.2000,1,1,1,1,1,1,1,2,5,1
SF,IC2003,2019-11-29 09:30:42.600,4755.8000,34322,0,43745680.000,0,-,-,-,-,4754.2000,4754.0000,4753.8000,4753.6000,4753.0000,4756.0000,4756.2000,4756.8000,4757.0000,4757.2000,1,1,1,1,1,1,1,2,5,1
SF,IC2003,2019-11-29 09:30:43.100,4755.8000,34322,0,43745680.000,0,-,-,-,-,4754.6000,4754.4000,4753.8000,4753.6000,4753.0000,4756.0000,4756.2000,4756.8000,4757.0000,4757.2000,1,2,1,1,1,1,1,2,5,1
SF,IC2003,2019-11-29 09:30:43.600,4755.8000,34322,0,43745680.000,0,-,-,-,-,4754.8000,4753.8000,4753.6000,4753.0000,4752.2000,4755.8000,4756.0000,4756.2000,4756.8000,4757.0000,1,1,1,1,1,1,1,1,2,6
SF,IC2003,2019-11-29 09:30:44.100,4754.8000,34321,-1,44696640.000,1,0,1,双平,S,4753.8000,4753.0000,4752.2000,4751.8000,4751.0000,4754.2000,4754.8000,4755.4000,4755.8000,4756.0000,1,1,1,1,4,1,1,2,2,1
SF,IC2003,2019-11-29 09:30:44.600,4754.8000,34320,-1,46598440.000,2,0,2,多平,S,4754.0000,4753.8000,4753.0000,4752.2000,4751.8000,4755.8000,4756.0000,4756.2000,4756.8000,4757.0000,1,1,1,1,1,1,1,1,2,6
SF,IC2003,2019-11-29 09:30:45.100,4754.8000,34320,0,46598440.000,0,-,-,-,-,4754.2000,4754.0000,4753.8000,4753.0000,4752.2000,4755.6000,4755.8000,4756.0000,4756.2000,4756.8000,1,1,1,2,1,2,1,1,1,2
SF,IC2003,2019-11-29 09:30:45.600,4754.8000,34320,0,46598440.000,0,-,-,-,-,4754.0000,4753.8000,4753.0000,4752.2000,4751.8000,4755.4000,4755.6000,4755.8000,4756.0000,4756.2000,1,1,2,1,1,1,1,1,1,1
SF,IC2003,2019-11-29 09:30:46.100,4753.8000,34319,-1,47549200.000,1,0,1,双平,S,4753.8000,4753.0000,4751.8000,4751.0000,4750.6000,4755.2000,4755.4000,4755.8000,4756.0000,4756.2000,5,1,1,4,35,4,3,1,1,1
SF,IC2003,2019-11-29 09:30:46.600,4753.8000,34319,0,47549200.000,0,-,-,-,-,4753.8000,4753.0000,4751.8000,4751.0000,4750.6000,4755.2000,4755.4000,4755.8000,4756.0000,4756.2000,5,1,1,4,35,4,2,1,1,1
SF,IC2003,2019-11-29 09:30:47.600,4753.8000,34319,0,47549200.000,0,-,-,-,-,4753.8000,4753.0000,4751.8000,4751.0000,4750.6000,4755.2000,4755.4000,4755.8000,4756.0000,4756.2000,5,1,1,4,35,4,1,1,1,1
SF,IC2003,2019-11-29 09:30:48.100,4753.8000,34319,0,47549200.000,0,-,-,-,-,4753.8000,4753.0000,4751.8000,4751.0000,4750.6000,4754.6000,4755.0000,4755.2000,4755.4000,4755.8000,5,1,1,4,35,1,1,4,1,1
SF,IC2003,2019-11-29 09:30:48.600,4753.8000,34319,0,47549200.000,0,-,-,-,-,4753.8000,4753.0000,4751.8000,4751.0000,4750.6000,4754.4000,4754.6000,4755.2000,4755.4000,4755.6000,5,1,1,4,35,1,1,4,1,1
SF,IC2003,2019-11-29 09:30:49.100,4753.8000,34318,-1,48499960.000,1,0,1,双平,S,4753.8000,4753.0000,4751.8000,4751.0000,4750.6000,4754.4000,4754.6000,4755.2000,4755.4000,4755.6000,4,1,1,4,35,1,1,4,1,1
SF,IC2003,2019-11-29 09:30:49.600,4753.8000,34318,0,48499960.000,0,-,-,-,-,4753.8000,4751.8000,4751.0000,4750.6000,4750.0000,4754.6000,4755.2000,4755.4000,4755.6000,4755.8000,4,1,4,35,1,1,3,1,1,1
SF,IC2003,2019-11-29 09:30:50.600,4753.8000,34315,-3,51352240.000,3,0,3,双平,S,4753.8000,4751.8000,4751.0000,4750.6000,4750.0000,4754.6000,4755.2000,4755.8000,4756.0000,4756.2000,2,1,4,35,1,1,2,1,1,1
SF,IC2003,2019-11-29 09:30:51.100,4753.8000,34313,-2,53253760.000,2,0,2,双平,S,4751.8000,4751.0000,4750.6000,4750.0000,4748.6000,4755.2000,4755.8000,4756.0000,4756.2000,4756.8000,1,4,35,1,1,2,1,1,1,1
SF,IC2003,2019-11-29 09:30:51.600,4753.8000,34313,0,53253760.000,0,-,-,-,-,4752.0000,4751.8000,4751.0000,4750.6000,4750.0000,4753.6000,4755.0000,4755.2000,4755.8000,4756.0000,1,1,3,35,1,1,2,2,1,1
SF,IC2003,2019-11-29 09:30:52.100,4753.6000,34313,0,54204480.000,1,0,1,多换,S,4752.2000,4752.0000,4751.8000,4751.0000,4750.6000,4755.0000,4755.2000,4755.6000,4755.8000,4756.2000,2,1,1,3,35,3,2,1,1,1
SF,IC2003,2019-11-29 09:30:52.600,4753.6000,34313,0,54204480.000,0,-,-,-,-,4752.4000,4752.2000,4751.8000,4751.0000,4750.6000,4754.8000,4755.0000,4755.2000,4755.6000,4755.8000,1,1,1,3,35,1,2,1,1,1
SF,IC2003,2019-11-29 09:30:53.100,4753.6000,34313,0,54204480.000,0,-,-,-,-,4752.4000,4752.2000,4751.8000,4751.0000,4750.6000,4754.6000,4754.8000,4755.0000,4755.2000,4755.6000,1,1,1,3,35,3,2,2,1,1
SF,IC2003,2019-11-29 09:30:53.600,4753.6000,34313,0,54204480.000,0,-,-,-,-,4752.4000,4752.2000,4751.8000,4751.0000,4750.6000,4754.4000,4754.6000,4755.0000,4755.2000,4755.6000,1,1,1,3,35,2,2,2,1,1
SF,IC2003,2019-11-29 09:30:54.100,4753.6000,34313,0,54204480.000,0,-,-,-,-,4753.0000,4752.8000,4752.4000,4751.8000,4751.0000,4754.2000,4754.4000,4754.6000,4755.0000,4755.2000,1,1,1,1,3,1,1,1,1,1
SF,IC2003,2019-11-29 09:30:54.600,4753.6000,34313,0,54204480.000,0,-,-,-,-,4753.0000,4752.8000,4752.4000,4751.8000,4751.0000,4754.4000,4754.6000,4755.0000,4755.2000,4755.6000,1,1,1,1,3,1,1,1,1,1
SF,IC2003,2019-11-29 09:30:55.100,4753.6000,34313,0,54204480.000,0,-,-,-,-,4753.2000,4753.0000,4751.8000,4751.0000,4750.6000,4754.4000,4754.6000,4755.0000,4755.2000,4755.6000,1,1,1,3,35,1,1,1,1,1
SF,IC2003,2019-11-29 09:30:55.600,4754.4000,34312,-1,55155360.000,1,0,1,双平,S,4753.4000,4753.2000,4751.8000,4751.0000,4750.6000,4755.2000,4755.6000,4755.8000,4756.2000,4756.8000,1,1,1,4,35,1,1,1,1,1
SF,IC2003,2019-11-29 09:30:56.100,4754.4000,34312,0,55155360.000,0,-,-,-,-,4753.6000,4751.8000,4751.0000,4750.6000,4750.0000,4755.0000,4755.2000,4755.6000,4755.8000,4756.2000,1,1,4,35,1,3,1,1,1,1
SF,IC2003,2019-11-29 09:30:56.600,4754.4000,34312,0,55155360.000,0,-,-,-,-,4753.6000,4751.8000,4751.0000,4750.6000,4750.0000,4755.0000,4755.2000,4755.6000,4755.8000,4756.2000,1,1,4,35,1,1,1,1,1,1
SF,IC2003,2019-11-29 09:30:57.100,4754.4000,34312,0,55155360.000,0,-,-,-,-,4753.8000,4753.6000,4751.8000,4751.0000,4750.6000,4755.0000,4755.2000,4755.6000,4755.8000,4756.2000,2,1,1,4,35,1,1,1,1,1
SF,IC2003,2019-11-29 09:30:57.600,4754.4000,34312,0,55155360.000,0,-,-,-,-,4754.0000,4753.8000,4751.8000,4751.0000,4750.6000,4756.8000,4757.0000,4757.2000,4758.2000,4758.6000,1,2,1,4,35,1,6,1,1,1
SF,IC2003,2019-11-29 09:30:58.100,4754.4000,34312,0,55155360.000,0,-,-,-,-,4754.2000,4754.0000,4753.8000,4751.8000,4751.0000,4756.4000,4756.6000,4756.8000,4757.0000,4757.2000,1,1,1,1,4,1,6,1,2,1
SF,IC2003,2019-11-29 09:30:58.600,4754.4000,34312,0,55155360.000,0,-,-,-,-,4754.4000,4754.2000,4753.8000,4751.8000,4751.0000,4756.2000,4756.4000,4756.6000,4756.8000,4757.0000,1,1,1,1,4,1,1,4,1,2
SF,IC2003,2019-11-29 09:30:59.100,4754.4000,34312,0,55155360.000,0,-,-,-,-,4755.4000,4754.6000,4754.4000,4751.8000,4751.0000,4756.2000,4756.4000,4756.6000,4756.8000,4757.0000,1,2,1,1,4,1,1,4,1,2
SF,IC2003,2019-11-29 09:30:59.600,4755.4000,34311,-1,56106440.000,1,0,1,双平,S,4754.6000,4751.8000,4751.0000,4750.6000,4750.0000,4755.4000,4756.0000,4756.2000,4756.4000,4756.8000,2,1,4,35,1,2,4,1,1,1
SF,IC2003,2019-11-29 09:31:00.100,4755.4000,34311,0,56106440.000,0,-,-,-,-,4754.6000,4751.8000,4751.0000,4750.6000,4750.0000,4756.0000,4756.2000,4756.4000,4756.8000,4757.0000,2,1,4,35,1,4,1,1,1,2
SF,IC2003,2019-11-29 09:31:00.600,4755.4000,34311,0,56106440.000,0,-,-,-,-,4754.8000,4754.6000,4751.8000,4751.0000,4750.6000,4755.4000,4756.2000,4756.4000,4756.8000,4757.0000,2,1,1,4,35,1,1,1,1,2
SF,IC2003,2019-11-29 09:31:01.100,4755.4000,34311,0,57057520.000,1,0,1,多换,S,4755.6000,4755.4000,4754.8000,4754.6000,4752.6000,4756.8000,4757.0000,4757.2000,4758.2000,4758.6000,1,4,2,1,1,1,2,1,1,1
SF,IC2003,2019-11-29 09:31:01.600,4755.4000,34311,0,57057520.000,0,-,-,-,-,4755.4000,4754.8000,4754.6000,4752.6000,4751.8000,4757.0000,4757.2000,4758.2000,4758.6000,4762.0000,3,1,1,1,1,1,1,1,1,1
SF,IC2003,2019-11-29 09:31:02.100,4755.4000,34311,0,57057520.000,0,-,-,-,-,4755.4000,4754.8000,4754.6000,4752.6000,4751.8000,4756.8000,4757.2000,4758.6000,4762.0000,4764.0000,3,1,1,1,1,1,1,1,1,1
SF,IC2003,2019-11-29 09:31:02.600,4755.4000,34311,0,57057520.000,0,-,-,-,-,4755.6000,4755.4000,4754.8000,4754.2000,4752.6000,4756.8000,4757.2000,4758.6000,4762.0000,4764.0000,1,3,1,1,1,1,1,1,1,1
SF,IC2003,2019-11-29 09:31:03.100,4755.4000,34311,0,57057520.000,0,-,-,-,-,4755.8000,4755.4000,4754.8000,4754.2000,4752.6000,4757.2000,4758.6000,4762.0000,4764.0000,4765.0000,1,3,1,1,1,1,1,1,1,5
SF,IC2003,2019-11-29 09:31:03.600,4755.4000,34311,0,57057520.000,0,-,-,-,-,4755.4000,4754.8000,4754.2000,4752.6000,4751.8000,4757.0000,4757.2000,4758.6000,4762.0000,4764.0000,2,1,1,1,1,1,1,1,1,1
SF,IC2003,2019-11-29 09:31:04.100,4755.4000,34310,-1,58008600.000,1,0,1,双平,S,4755.4000,4754.2000,4752.6000,4751.8000,4751.0000,4756.8000,4757.0000,4757.2000,4758.6000,4762.0000,1,1,1,1,4,1,8,1,1,1
SF,IC2003,2019-11-29 09:31:04.600,4755.4000,34310,0,58008600.000,0,-,-,-,-,4755.4000,4752.6000,4751.8000,4751.0000,4750.6000,4756.2000,4756.6000,4757.0000,4757.2000,4758.6000,1,1,1,4,35,2,9,3,1,1
SF,IC2003,2019-11-29 09:31:05.100,4755.4000,34308,-2,59910760.000,2,0,2,双平,S,4753.2000,4751.8000,4751.0000,4750.6000,4750.0000,4755.2000,4755.4000,4755.8000,4756.0000,4756.6000,1,1,4,35,2,1,2,3,2,6
SF,IC2003,2019-11-29 09:31:05.600,4755.4000,34305,-3,62764000.000,3,0,3,双平,S,4755.2000,4753.8000,4753.6000,4753.4000,4751.8000,4756.4000,4756.6000,4756.8000,4757.0000,4757.2000,2,2,1,2,1,1,6,1,1,1
SF,IC2003,2019-11-29 09:31:06.100,4755.4000,34305,0,62764000.000,0,-,-,-,-,4755.2000,4753.8000,4753.4000,4751.8000,4751.0000,4755.6000,4756.2000,4756.4000,4756.6000,4756.8000,2,2,1,1,4,2,5,1,5,1
SF,IC2003,2019-11-29 09:31:06.600,4755.4000,34305,0,62764000.000,0,-,-,-,-,4755.2000,4753.8000,4753.4000,4751.8000,4751.0000,4756.0000,4756.2000,4756.4000,4756.6000,4756.8000,2,2,1,2,4,1,2,1,5,1
SF,IC2003,2019-11-29 09:31:08.100,4755.4000,34305,0,62764000.000,0,-,-,-,-,4755.2000,4754.2000,4753.8000,4753.4000,4751.8000,4756.0000,4756.2000,4756.4000,4756.6000,4756.8000,2,1,2,1,2,1,2,1,5,1
SF,IC2003,2019-11-29 09:31:08.600,4755.4000,34305,0,62764000.000,0,-,-,-,-,4755.2000,4754.2000,4753.8000,4753.4000,4751.8000,4756.0000,4756.2000,4756.4000,4756.6000,4756.8000,2,1,2,1,2,1,1,1,5,1
SF,IC2003,2019-11-29 09:31:09.100,4755.4000,34305,0,62764000.000,0,-,-,-,-,4755.2000,4754.2000,4753.8000,4753.4000,4751.8000,4755.8000,4756.0000,4756.4000,4756.6000,4756.8000,2,1,2,1,2,1,1,1,5,1
SF,IC2003,2019-11-29 09:31:10.100,4755.4000,34305,0,62764000.000,0,-,-,-,-,4755.2000,4754.2000,4753.8000,4753.4000,4751.8000,4755.8000,4756.4000,4756.6000,4756.8000,4757.0000,2,1,2,1,2,1,1,5,1,1
SF,IC2003,2019-11-29 09:31:10.600,4755.2000,34305,0,64666080.000,2,1,1,多换,S,4754.2000,4753.4000,4751.8000,4751.0000,4750.6000,4755.2000,4755.6000,4755.8000,4756.4000,4756.6000,1,1,2,4,35,3,1,1,1,5
SF,IC2003,2019-11-29 09:31:11.100,4754.2000,34304,-1,66567760.000,2,0,2,多平,S,4753.4000,4751.8000,4751.0000,4750.6000,4750.0000,4755.2000,4755.6000,4755.8000,4756.4000,4756.6000,1,2,4,35,1,2,1,1,1,5
SF,IC2003,2019-11-29 09:31:11.600,4754.2000,34304,0,66567760.000,0,-,-,-,-,4753.4000,4751.8000,4751.0000,4750.6000,4750.0000,4755.0000,4755.2000,4755.8000,4756.4000,4756.6000,1,2,4,35,1,3,2,1,1,5
SF,IC2003,2019-11-29 09:31:12.100,4755.0000,34303,-1,67518760.000,1,0,1,双平,S,4753.4000,4751.8000,4751.0000,4750.6000,4750.0000,4755.2000,4755.8000,4756.4000,4756.6000,4756.8000,1,1,4,35,1,2,1,1,5,1
SF,IC2003,2019-11-29 09:31:12.600,4755.0000,34303,0,67518760.000,0,-,-,-,-,4753.4000,4751.8000,4751.0000,4750.6000,4750.0000,4755.0000,4755.2000,4755.8000,4756.4000,4756.6000,1,1,4,35,1,3,2,1,1,5
SF,IC2003,2019-11-29 09:31:13.100,4755.0000,34303,0,68469760.000,1,0,1,多换,S,4753.4000,4751.8000,4751.0000,4750.6000,4750.0000,4755.0000,4755.2000,4755.8000,4756.4000,4756.6000,1,1,4,35,1,1,2,1,1,5
SF,IC2003,2019-11-29 09:31:13.600,4755.0000,34303,0,68469760.000,0,-,-,-,-,4753.8000,4753.6000,4753.4000,4751.8000,4751.0000,4755.2000,4755.8000,4756.4000,4756.6000,4756.8000,1,1,1,1,4,2,1,1,5,1
SF,IC2003,2019-11-29 09:31:14.100,4755.0000,34303,0,68469760.000,0,-,-,-,-,4753.8000,4753.4000,4751.8000,4751.0000,4750.6000,4755.2000,4755.8000,4756.4000,4756.6000,4756.8000,1,1,1,4,35,2,1,1,5,1
SF,IC2003,2019-11-29 09:31:14.600,4755.0000,34303,0,68469760.000,0,-,-,-,-,4754.0000,4753.8000,4751.8000,4751.0000,4750.6000,4755.2000,4755.8000,4756.4000,4756.6000,4756.8000,2,1,1,4,35,2,1,1,5,1
SF,IC2003,2019-11-29 09:31:15.100,4755.0000,34303,0,68469760.000,0,-,-,-,-,4755.2000,4754.0000,4753.8000,4751.8000,4751.0000,4756.4000,4756.6000,4756.8000,4757.0000,4757.2000,1,2,1,1,4,1,1,1,1,1
SF,IC2003,2019-11-29 09:31:15.600,4755.0000,34303,0,68469760.000,0,-,-,-,-,4755.2000,4754.0000,4753.8000,4751.8000,4751.0000,4756.2000,4756.4000,4756.6000,4756.8000,4757.0000,1,1,1,1,4,1,1,1,1,1
SF,IC2003,2019-11-29 09:31:16.100,4755.0000,34303,0,68469760.000,0,-,-,-,-,4755.2000,4754.0000,4753.8000,4751.8000,4751.0000,4756.0000,4756.2000,4756.4000,4756.6000,4756.8000,1,1,1,1,4,1,1,1,1,1
SF,IC2003,2019-11-29 09:31:17.100,4755.0000,34303,0,69420760.000,1,0,1,多换,S,4754.0000,4753.8000,4751.8000,4751.0000,4750.6000,4756.2000,4756.4000,4756.6000,4756.8000,4757.0000,1,1,1,4,35,1,1,1,1,1
SF,IC2003,2019-11-29 09:31:17.600,4755.0000,34303,0,69420760.000,0,-,-,-,-,4754.0000,4753.8000,4751.8000,4751.0000,4750.6000,4756.4000,4756.6000,4756.8000,4757.0000,4757.2000,1,1,1,4,35,1,1,1,1,1
SF,IC2003,2019-11-29 09:31:18.100,4755.0000,34303,0,69420760.000,0,-,-,-,-,4754.8000,4754.4000,4754.2000,4754.0000,4752.6000,4756.6000,4756.8000,4757.0000,4757.2000,4758.6000,2,2,1,1,1,1,1,1,1,1
SF,IC2003,2019-11-29 09:31:18.600,4755.0000,34303,0,69420760.000,0,-,-,-,-,4755.0000,4754.8000,4754.4000,4754.2000,4752.6000,4756.6000,4756.8000,4757.0000,4757.2000,4758.6000,3,2,2,1,1,1,1,1,1,1
SF,IC2003,2019-11-29 09:31:19.100,4755.0000,34303,0,69420760.000,0,-,-,-,-,4755.4000,4755.0000,4754.8000,4754.4000,4754.2000,4756.6000,4756.8000,4757.0000,4757.2000,4758.6000,1,3,2,2,1,1,1,1,1,1
SF,IC2003,2019-11-29 09:31:19.600,4755.0000,34303,0,69420760.000,0,-,-,-,-,4755.4000,4755.0000,4754.4000,4754.2000,4754.0000,4756.4000,4756.6000,4756.8000,4757.0000,4757.2000,1,2,2,1,1,1,1,1,1,1
SF,IC2003,2019-11-29 09:31:20.100,4755.0000,34303,0,69420760.000,0,-,-,-,-,4755.4000,4755.0000,4754.4000,4754.2000,4754.0000,4757.2000,4758.6000,4762.0000,4764.0000,4765.0000,1,1,2,1,1,1,1,1,1,5
SF,IC2003,2019-11-29 09:31:20.600,4755.0000,34303,0,69420760.000,0,-,-,-,-,4755.4000,4755.0000,4754.4000,4754.2000,4754.0000,4757.0000,4757.2000,4758.6000,4762.0000,4764.0000,1,1,2,1,1,9,1,1,1,1
SF,IC2003,2019-11-29 09:31:21.100,4755.0000,34303,0,69420760.000,0,-,-,-,-,4755.6000,4754.4000,4754.2000,4754.0000,4752.6000,4757.0000,4757.2000,4758.6000,4762.0000,4764.0000,1,2,1,1,1,7,1,1,1,1
SF,IC2003,2019-11-29 09:31:21.600,4751.8000,34303,0,76076040.000,7,3,4,多换,S,4751.0000,4750.6000,4750.0000,4749.2000,4748.6000,4757.0000,4757.2000,4758.6000,4762.0000,4764.0000,4,35,1,1,1,7,1,1,1,1
SF,IC2003,2019-11-29 09:31:22.100,4751.8000,34303,0,76076040.000,0,-,-,-,-,4754.2000,4754.0000,4753.4000,4752.8000,4752.0000,4756.8000,4757.0000,4757.2000,4758.6000,4762.0000,3,2,2,3,1,1,2,2,1,1
SF,IC2003,2019-11-29 09:31:22.600,4751.8000,34303,0,76076040.000,0,-,-,-,-,4754.4000,4754.2000,4753.4000,4752.8000,4752.0000,4756.6000,4757.0000,4757.2000,4758.6000,4762.0000,4,1,2,3,1,1,1,2,1,1
SF,IC2003,2019-11-29 09:31:23.100,4751.8000,34303,0,76076040.000,0,-,-,-,-,4754.8000,4754.6000,4754.4000,4754.2000,4753.4000,4757.0000,4757.2000,4758.6000,4762.0000,4764.0000,1,1,2,1,2,1,2,1,1,1
SF,IC2003,2019-11-29 09:31:23.600,4751.8000,34303,0,76076040.000,0,-,-,-,-,4755.0000,4754.8000,4754.4000,4754.2000,4754.0000,4756.8000,4757.0000,4757.2000,4758.6000,4762.0000,1,1,1,1,1,1,1,2,1,1
SF,IC2003,2019-11-29 09:31:24.100,4751.8000,34303,0,76076040.000,0,-,-,-,-,4755.0000,4754.8000,4754.4000,4754.2000,4754.0000,4756.6000,4756.8000,4757.0000,4757.2000,4758.6000,1,1,1,1,1,1,2,1,2,1
SF,IC2003,2019-11-29 09:31:24.600,4751.8000,34303,0,76076040.000,0,-,-,-,-,4755.0000,4754.4000,4754.2000,4754.0000,4753.4000,4756.4000,4756.8000,4757.0000,4757.2000,4758.6000,1,1,1,1,3,2,1,1,2,1
SF,IC2003,2019-11-29 09:31:25.100,4751.8000,34303,0,76076040.000,0,-,-,-,-,4755.0000,4754.2000,4754.0000,4753.4000,4753.2000,4756.4000,4756.8000,4757.0000,4757.2000,4758.6000,1,1,1,3,1,2,1,1,2,1
SF,IC2003,2019-11-29 09:31:25.600,4751.8000,34303,0,76076040.000,0,-,-,-,-,4754.2000,4754.0000,4753.4000,4753.0000,4752.6000,4756.4000,4756.8000,4757.0000,4757.2000,4758.6000,1,1,3,1,1,1,1,1,2,1
SF,IC2003,2019-11-29 09:31:26.100,4751.8000,34303,0,76076040.000,0,-,-,-,-,4754.4000,4754.0000,4753.4000,4753.0000,4752.8000,4756.2000,4756.4000,4756.8000,4757.0000,4757.2000,1,1,3,1,1,1,1,1,1,2
SF,IC2003,2019-11-29 09:31:26.600,4751.8000,34303,0,76076040.000,0,-,-,-,-,4755.4000,4754.6000,4754.4000,4754.0000,4753.4000,4756.4000,4757.2000,4758.6000,4762.0000,4764.0000,2,2,2,1,4,1,2,1,1,1
SF,IC2003,2019-11-29 09:31:27.100,4751.8000,34303,0,76076040.000,0,-,-,-,-,4755.4000,4754.6000,4754.4000,4754.0000,4753.4000,4756.4000,4757.2000,4758.6000,4762.0000,4764.0000,2,1,2,1,4,1,2,1,1,1
SF,IC2003,2019-11-29 09:31:27.600,4755.4000,34302,-1,77027120.000,1,0,1,双平,S,4754.4000,4754.0000,4753.8000,4753.6000,4753.4000,4756.4000,4757.2000,4758.6000,4762.0000,4764.0000,2,1,1,1,4,1,2,1,1,1
SF,IC2003,2019-11-29 09:31:28.100,4755.4000,34302,0,77027120.000,0,-,-,-,-,4754.6000,4754.4000,4754.0000,4753.6000,4753.4000,4756.4000,4757.2000,4758.6000,4762.0000,4764.0000,2,2,1,1,4,1,2,1,1,1
SF,IC2003,2019-11-29 09:31:28.600,4755.4000,34302,0,77027120.000,0,-,-,-,-,4754.8000,4754.6000,4754.4000,4754.0000,4753.6000,4756.4000,4757.2000,4758.6000,4762.0000,4764.0000,1,1,3,1,1,1,2,1,1,1
SF,IC2003,2019-11-29 09:31:29.100,4755.4000,34302,0,77027120.000,0,-,-,-,-,4754.8000,4754.4000,4753.6000,4753.4000,4752.8000,4756.4000,4757.2000,4758.6000,4762.0000,4764.0000,1,3,1,3,2,1,2,1,1,1
SF,IC2003,2019-11-29 09:31:29.600,4754.8000,34303,1,77978080.000,1,1,0,双开,S,4754.4000,4753.6000,4753.4000,4752.8000,4752.6000,4754.8000,4756.4000,4757.2000,4758.6000,4762.0000,3,1,3,2,1,1,1,2,1,1
SF,IC2003,2019-11-29 09:31:30.100,4754.8000,34303,0,78929040.000,1,0,1,多换,S,4755.0000,4754.8000,4754.4000,4753.6000,4753.4000,4756.4000,4757.2000,4758.6000,4762.0000,4764.0000,2,6,3,1,3,1,2,1,1,1
SF,IC2003,2019-11-29 09:31:30.600,4756.2000,34301,-2,80831520.000,2,0,2,双平,S,4755.0000,4754.8000,4754.4000,4753.4000,4752.8000,4756.2000,4756.4000,4757.2000,4758.6000,4762.0000,1,5,1,3,2,1,1,2,1,1
SF,IC2003,2019-11-29 09:31:31.100,4756.2000,34301,0,80831520.000,0,-,-,-,-,4755.0000,4754.8000,4754.4000,4753.4000,4752.8000,4756.0000,4756.2000,4756.4000,4757.2000,4758.6000,1,4,1,2,2,1,1,1,2,1
SF,IC2003,2019-11-29 09:31:31.600,4756.2000,34302,1,81782760.000,1,1,0,双开,S,4755.0000,4754.8000,4754.4000,4753.4000,4752.8000,4756.2000,4756.4000,4757.2000,4758.6000,4762.0000,1,4,1,2,3,1,1,2,1,1
SF,IC2003,2019-11-29 09:31:32.100,4756.2000,34302,0,81782760.000,0,-,-,-,-,4754.8000,4754.4000,4753.6000,4753.4000,4752.8000,4756.0000,4756.2000,4757.2000,4758.6000,4762.0000,4,1,1,2,3,1,1,2,1,1
SF,IC2003,2019-11-29 09:31:32.600,4756.2000,34302,0,81782760.000,0,-,-,-,-,4754.8000,4754.4000,4753.6000,4753.4000,4752.8000,4756.0000,4756.2000,4756.8000,4757.2000,4758.6000,4,1,1,2,3,1,1,1,2,1
SF,IC2003,2019-11-29 09:31:33.100,4756.2000,34300,-2,83685200.000,2,0,2,双平,S,4756.2000,4756.0000,4755.2000,4755.0000,4754.8000,4756.8000,4757.2000,4758.6000,4762.0000,4764.0000,3,3,1,2,1,1,2,1,1,1
SF,IC2003,2019-11-29 09:31:33.600,4756.8000,34300,0,84636560.000,1,0,1,多换,S,4756.0000,4755.2000,4755.0000,4754.8000,4753.6000,4757.2000,4758.6000,4762.0000,4764.0000,4765.0000,1,1,1,1,1,2,1,1,1,5
SF,IC2003,2019-11-29 09:31:34.100,4756.8000,34300,0,84636560.000,0,-,-,-,-,4756.0000,4755.2000,4755.0000,4754.8000,4753.6000,4757.2000,4758.6000,4762.0000,4764.0000,4765.0000,1,1,2,1,1,2,1,1,1,5
SF,IC2003,2019-11-29 09:31:34.600,4756.8000,34300,0,84636560.000,0,-,-,-,-,4756.0000,4755.0000,4754.8000,4753.6000,4753.4000,4757.2000,4758.6000,4762.0000,4764.0000,4765.0000,1,1,1,1,2,2,1,1,1,5
SF,IC2003,2019-11-29 09:31:35.100,4756.8000,34300,0,84636560.000,0,-,-,-,-,4756.2000,4756.0000,4754.8000,4753.6000,4753.4000,4757.2000,4758.6000,4762.0000,4764.0000,4765.0000,2,1,1,1,2,2,1,1,1,5
SF,IC2003,2019-11-29 09:31:35.600,4757.2000,34299,-1,86539440.000,2,0,2,多平,S,4757.2000,4756.2000,4756.0000,4754.8000,4753.6000,4758.6000,4762.0000,4764.0000,4765.0000,4766.6000,1,2,1,1,1,1,1,1,5,1
SF,IC2003,2019-11-29 09:31:36.100,4757.2000,34299,0,86539440.000,0,-,-,-,-,4757.2000,4756.2000,4756.0000,4754.8000,4753.6000,4758.0000,4758.2000,4758.4000,4758.6000,4762.0000,1,2,1,2,1,2,2,4,1,1
SF,IC2003,2019-11-29 09:31:36.600,4757.2000,34299,0,86539440.000,0,-,-,-,-,4757.2000,4756.2000,4756.0000,4754.8000,4753.6000,4758.2000,4758.4000,4758.6000,4762.0000,4764.0000,1,1,1,2,1,2,2,1,1,1
SF,IC2003,2019-11-29 09:31:37.100,4757.2000,34299,0,86539440.000,0,-,-,-,-,4757.2000,4756.0000,4754.8000,4753.6000,4753.4000,4757.8000,4758.0000,4758.2000,4758.4000,4758.6000,1,1,2,1,2,1,3,2,1,1
SF,IC2003,2019-11-29 09:31:37.600,4757.2000,34299,0,86539440.000,0,-,-,-,-,4757.2000,4756.0000,4754.8000,4754.2000,4753.6000,4757.8000,4758.0000,4758.2000,4758.4000,4758.6000,1,1,2,1,1,1,2,2,1,1
SF,IC2003,2019-11-29 09:31:38.100,4757.2000,34299,0,86539440.000,0,-,-,-,-,4757.2000,4754.8000,4754.2000,4753.6000,4753.4000,4757.8000,4758.0000,4758.2000,4758.4000,4758.6000,1,2,1,1,2,1,2,2,1,1
SF,IC2003,2019-11-29 09:31:38.600,4757.2000,34299,0,86539440.000,0,-,-,-,-,4757.2000,4754.8000,4754.2000,4753.6000,4753.4000,4758.0000,4758.2000,4758.4000,4758.6000,4762.0000,1,2,1,1,2,1,2,1,1,1
SF,IC2003,2019-11-29 09:31:39.100,4757.2000,34299,0,86539440.000,0,-,-,-,-,4757.8000,4757.2000,4754.8000,4754.2000,4753.6000,4758.4000,4758.6000,4762.0000,4764.0000,4765.0000,1,1,2,1,1,1,1,1,1,5
SF,IC2003,2019-11-29 09:31:39.600,4757.2000,34299,0,86539440.000,0,-,-,-,-,4758.0000,4757.8000,4757.2000,4754.8000,4754.2000,4758.4000,4758.6000,4762.0000,4764.0000,4765.0000,1,1,1,2,1,1,1,1,1,5
SF,IC2003,2019-11-29 09:31:40.100,4758.4000,34298,-1,87491120.000,1,0,1,双平,S,4758.0000,4757.8000,4757.2000,4754.8000,4754.2000,4760.4000,4762.0000,4764.0000,4765.0000,4766.6000,1,1,1,2,1,1,1,1,5,1
SF,IC2003,2019-11-29 09:31:40.600,4757.8000,34297,-1,89394280.000,2,0,2,多平,S,4757.2000,4754.8000,4754.2000,4753.6000,4753.4000,4758.0000,4758.2000,4758.8000,4759.0000,4759.2000,1,2,1,1,2,1,3,1,3,3
SF,IC2003,2019-11-29 09:31:41.100,4758.0000,34297,0,90345880.000,1,0,1,多换,S,4758.0000,4757.4000,4757.2000,4754.8000,4754.2000,4760.0000,4760.2000,4760.4000,4762.0000,4764.0000,1,1,1,2,1,1,6,1,1,1
SF,IC2003,2019-11-29 09:31:41.600,4758.0000,34297,0,90345880.000,0,-,-,-,-,4758.0000,4757.4000,4757.2000,4754.8000,4754.2000,4759.8000,4760.0000,4760.2000,4760.4000,4762.0000,1,1,1,2,1,4,1,5,1,1
SF,IC2003,2019-11-29 09:31:42.600,4758.0000,34297,0,91297480.000,1,0,1,多换,S,4757.4000,4757.2000,4754.8000,4754.2000,4753.6000,4759.8000,4760.0000,4760.2000,4760.4000,4762.0000,1,1,2,1,1,4,1,5,1,1
SF,IC2003,2019-11-29 09:31:43.100,4758.0000,34297,0,91297480.000,0,-,-,-,-,4757.4000,4757.2000,4754.8000,4754.2000,4753.6000,4759.8000,4760.0000,4760.2000,4760.4000,4762.0000,1,1,2,1,1,3,2,5,1,1
SF,IC2003,2019-11-29 09:31:43.600,4758.0000,34297,0,91297480.000,0,-,-,-,-,4757.4000,4757.2000,4754.8000,4754.2000,4753.6000,4758.6000,4759.8000,4760.0000,4760.2000,4760.4000,1,1,2,1,1,2,3,2,5,1
SF,IC2003,2019-11-29 09:31:44.100,4758.0000,34297,0,91297480.000,0,-,-,-,-,4757.4000,4757.2000,4754.8000,4754.2000,4753.6000,4759.8000,4760.0000,4760.2000,4760.4000,4762.0000,1,1,2,1,1,2,2,5,1,1
SF,IC2003,2019-11-29 09:31:44.600,4759.8000,34297,0,92249440.000,1,0,1,多换,S,4757.4000,4757.2000,4754.8000,4754.2000,4753.6000,4759.6000,4759.8000,4760.0000,4760.2000,4760.4000,1,1,2,1,1,2,1,2,5,1
SF,IC2003,2019-11-29 09:31:45.100,4759.8000,34296,-1,93201400.000,1,0,1,双平,S,4757.4000,4757.2000,4754.8000,4754.2000,4753.6000,4759.6000,4759.8000,4760.0000,4760.2000,4760.4000,1,1,2,1,1,1,1,1,5,1
SF,IC2003,2019-11-29 09:31:46.100,4759.8000,34296,0,93201400.000,0,-,-,-,-,4757.4000,4757.2000,4754.8000,4754.2000,4753.6000,4758.0000,4759.4000,4759.6000,4759.8000,4760.0000,1,1,2,1,1,1,1,1,1,1
SF,IC2003,2019-11-29 09:31:46.600,4758.0000,34295,-1,94153000.000,1,0,1,双平,S,4757.4000,4757.2000,4754.8000,4754.2000,4753.6000,4759.4000,4759.8000,4760.0000,4760.2000,4760.4000,1,1,2,1,1,2,1,1,4,1
SF,IC2003,2019-11-29 09:31:47.100,4758.0000,34295,0,94153000.000,0,-,-,-,-,4757.4000,4757.2000,4754.8000,4754.2000,4753.6000,4757.8000,4759.2000,4759.4000,4760.0000,4760.2000,1,1,2,1,1,1,1,2,1,4
SF,IC2003,2019-11-29 09:31:47.600,4757.8000,34293,-2,96056120.000,2,0,2,双平,S,4757.4000,4757.2000,4754.8000,4754.2000,4753.6000,4759.0000,4759.4000,4760.0000,4760.2000,4760.4000,1,1,2,1,1,1,2,1,4,1
SF,IC2003,2019-11-29 09:31:48.100,4757.8000,34293,0,96056120.000,0,-,-,-,-,4757.4000,4757.2000,4754.8000,4754.2000,4753.6000,4758.8000,4759.4000,4760.0000,4760.2000,4760.4000,1,1,2,1,1,1,2,1,4,1
SF,IC2003,2019-11-29 09:31:48.600,4757.8000,34293,0,96056120.000,0,-,-,-,-,4757.4000,4757.2000,4754.8000,4754.2000,4753.6000,4759.4000,4760.0000,4760.2000,4760.4000,4762.0000,1,1,2,1,1,2,1,4,1,1
SF,IC2003,2019-11-29 09:31:49.100,4757.8000,34293,0,96056120.000,0,-,-,-,-,4757.6000,4757.4000,4757.2000,4754.8000,4754.2000,4758.8000,4759.2000,4759.4000,4760.0000,4760.2000,1,1,1,2,1,1,1,2,1,4
SF,IC2003,2019-11-29 09:31:49.600,4757.8000,34293,0,96056120.000,0,-,-,-,-,4757.8000,4757.2000,4754.8000,4754.2000,4753.6000,4758.8000,4759.4000,4760.0000,4760.2000,4760.4000,1,1,2,1,1,1,2,1,4,1
SF,IC2003,2019-11-29 09:31:50.100,4758.8000,34293,0,97007880.000,1,0,1,多换,S,4758.0000,4757.8000,4757.6000,4757.2000,4754.8000,4759.4000,4760.0000,4760.4000,4762.0000,4764.0000,1,1,1,1,2,2,1,1,1,1
SF,IC2003,2019-11-29 09:31:50.600,4758.8000,34293,0,97007880.000,0,-,-,-,-,4758.4000,4758.2000,4757.2000,4754.8000,4754.2000,4759.4000,4760.0000,4760.4000,4762.0000,4764.0000,1,1,1,2,1,1,1,1,1,1
SF,IC2003,2019-11-29 09:31:51.100,4758.8000,34293,0,97007880.000,0,-,-,-,-,4758.4000,4758.2000,4757.2000,4754.8000,4754.2000,4759.4000,4760.0000,4760.4000,4762.0000,4764.0000,1,1,1,2,1,1,1,1,1,1
SF,IC2003,2019-11-29 09:31:52.100,4758.4000,34292,-1,97959560.000,1,0,1,双平,S,4758.2000,4757.2000,4754.8000,4754.2000,4753.6000,4759.4000,4760.0000,4760.4000,4762.0000,4764.0000,1,1,2,1,1,1,1,1,1,1
SF,IC2003,2019-11-29 09:31:52.600,4758.4000,34292,0,97959560.000,0,-,-,-,-,4758.2000,4757.2000,4754.8000,4754.2000,4753.6000,4759.4000,4760.0000,4760.4000,4762.0000,4764.0000,1,1,2,1,1,1,1,1,1,1
SF,IC2003,2019-11-29 09:31:53.600,4758.4000,34292,0,97959560.000,0,-,-,-,-,4758.2000,4757.2000,4754.8000,4754.2000,4753.6000,4759.4000,4760.0000,4760.4000,4762.0000,4764.0000,1,1,2,1,1,1,1,1,1,1
SF,IC2003,2019-11-29 09:31:54.100,4758.4000,34292,0,97959560.000,0,-,-,-,-,4758.2000,4757.2000,4754.8000,4754.2000,4753.6000,4760.0000,4760.4000,4762.0000,4764.0000,4765.0000,1,1,2,1,1,1,1,1,1,5
SF,IC2003,2019-11-29 09:31:54.600,4758.4000,34292,0,97959560.000,0,-,-,-,-,4758.2000,4757.2000,4754.8000,4754.2000,4753.6000,4759.8000,4760.0000,4760.4000,4762.0000,4764.0000,1,1,2,1,1,3,1,1,1,1
SF,IC2003,2019-11-29 09:31:55.100,4758.4000,34292,0,97959560.000,0,-,-,-,-,4758.4000,4758.2000,4757.2000,4754.8000,4754.2000,4759.2000,4759.8000,4760.0000,4760.4000,4762.0000,1,1,1,2,1,1,2,1,1,1
SF,IC2003,2019-11-29 09:31:55.600,4758.4000,34292,0,97959560.000,0,-,-,-,-,4758.2000,4757.2000,4754.8000,4754.2000,4753.6000,4759.2000,4759.8000,4760.0000,4760.4000,4762.0000,1,1,2,1,1,1,2,1,1,1
SF,IC2003,2019-11-29 09:31:56.100,4758.4000,34292,0,97959560.000,0,-,-,-,-,4758.2000,4757.2000,4754.8000,4754.2000,4753.6000,4759.2000,4759.8000,4760.0000,4760.4000,4762.0000,1,1,2,1,1,1,3,1,1,1
SF,IC2003,2019-11-29 09:31:56.600,4758.2000,34292,0,98911200.000,1,0,1,多换,S,4757.2000,4754.8000,4754.2000,4753.6000,4753.4000,4759.0000,4759.2000,4759.8000,4760.0000,4760.4000,1,2,1,1,2,1,1,3,1,1
SF,IC2003,2019-11-29 09:31:57.100,4758.2000,34292,0,98911200.000,0,-,-,-,-,4757.4000,4757.2000,4754.8000,4754.2000,4753.6000,4758.2000,4759.0000,4759.2000,4759.8000,4760.0000,1,1,2,1,1,1,1,1,3,1
SF,IC2003,2019-11-29 09:31:57.600,4758.2000,34292,0,98911200.000,0,-,-,-,-,4757.4000,4757.2000,4754.8000,4754.2000,4753.6000,4758.2000,4759.0000,4759.2000,4759.8000,4760.0000,1,1,2,1,1,1,1,1,3,1
SF,IC2003,2019-11-29 09:31:58.600,4758.2000,34292,0,98911200.000,0,-,-,-,-,4757.4000,4757.2000,4754.8000,4754.2000,4753.6000,4759.2000,4759.8000,4760.0000,4760.4000,4762.0000,1,1,2,1,1,1,3,1,1,1
SF,IC2003,2019-11-29 09:31:59.100,4758.2000,34292,0,98911200.000,0,-,-,-,-,4757.4000,4757.2000,4754.8000,4754.2000,4753.6000,4759.0000,4759.2000,4759.8000,4760.0000,4760.4000,1,1,2,1,1,1,1,3,1,1
SF,IC2003,2019-11-29 09:31:59.600,4758.2000,34292,0,98911200.000,0,-,-,-,-,4757.4000,4757.2000,4754.8000,4754.2000,4753.6000,4759.2000,4759.8000,4760.0000,4760.4000,4762.0000,1,1,2,1,1,1,3,1,1,1
SF,IC2003,2019-11-29 09:32:00.100,4758.2000,34292,0,98911200.000,0,-,-,-,-,4757.8000,4757.4000,4757.2000,4754.8000,4754.2000,4759.2000,4759.8000,4760.0000,4760.4000,4762.0000,1,1,1,2,1,1,3,1,1,1
SF,IC2003,2019-11-29 09:32:00.600,4758.2000,34292,0,98911200.000,0,-,-,-,-,4757.4000,4757.2000,4754.8000,4754.2000,4753.6000,4758.6000,4758.8000,4759.0000,4759.2000,4759.8000,1,1,2,1,1,2,1,5,1,2
SF,IC2003,2019-11-29 09:32:01.100,4758.2000,34292,0,98911200.000,0,-,-,-,-,4757.4000,4757.2000,4754.8000,4754.2000,4753.6000,4758.4000,4759.0000,4759.2000,4759.8000,4760.0000,1,1,2,1,1,1,4,1,2,1
SF,IC2003,2019-11-29 09:32:01.600,4758.2000,34292,0,98911200.000,0,-,-,-,-,4757.4000,4757.2000,4755.8000,4754.8000,4754.2000,4759.0000,4759.2000,4759.8000,4760.0000,4760.4000,1,1,1,2,1,3,1,2,1,1
SF,IC2003,2019-11-29 09:32:02.100,4758.2000,34292,0,98911200.000,0,-,-,-,-,4757.4000,4757.2000,4755.8000,4754.8000,4754.2000,4758.8000,4759.0000,4759.2000,4759.8000,4760.0000,1,1,1,2,1,1,3,1,2,1
SF,IC2003,2019-11-29 09:32:02.600,4759.0000,34291,-1,99863000.000,1,0,1,双平,S,4757.4000,4757.2000,4755.8000,4754.8000,4754.2000,4759.0000,4759.2000,4759.8000,4760.0000,4760.4000,1,1,1,2,1,2,1,2,1,1
SF,IC2003,2019-11-29 09:32:03.600,4759.0000,34291,0,99863000.000,0,-,-,-,-,4757.4000,4757.2000,4755.8000,4754.8000,4754.2000,4758.8000,4759.0000,4759.2000,4759.8000,4760.0000,1,1,1,2,1,1,2,1,2,1
SF,IC2003,2019-11-29 09:32:04.100,4759.0000,34291,0,99863000.000,0,-,-,-,-,4757.6000,4757.4000,4757.2000,4756.4000,4755.8000,4759.0000,4759.2000,4759.8000,4760.0000,4760.4000,1,1,1,1,1,2,1,2,1,1
SF,IC2003,2019-11-29 09:32:04.600,4759.0000,34291,0,99863000.000,0,-,-,-,-,4757.8000,4757.2000,4756.4000,4755.8000,4754.8000,4759.0000,4759.2000,4759.8000,4760.0000,4760.4000,1,1,1,1,2,2,1,2,1,1
SF,IC2003,2019-11-29 09:32:05.600,4759.0000,34291,0,99863000.000,0,-,-,-,-,4757.8000,4757.2000,4756.4000,4755.8000,4754.8000,4759.2000,4759.8000,4760.0000,4760.4000,4762.0000,1,1,1,1,2,1,2,1,1,1
SF,IC2003,2019-11-29 09:32:06.100,4759.0000,34291,0,99863000.000,0,-,-,-,-,4758.2000,4757.8000,4757.2000,4756.4000,4755.8000,4758.6000,4759.2000,4759.8000,4760.0000,4760.4000,1,1,1,1,1,1,1,2,1,1
SF,IC2003,2019-11-29 09:32:06.600,4758.6000,34291,0,100814720.000,1,0,1,多换,S,4758.4000,4758.2000,4757.2000,4756.4000,4755.8000,4759.2000,4759.8000,4760.0000,4760.4000,4762.0000,1,1,1,1,1,1,2,1,1,1
SF,IC2003,2019-11-29 09:32:07.100,4758.6000,34291,0,100814720.000,0,-,-,-,-,4758.4000,4757.2000,4756.4000,4755.8000,4754.8000,4759.2000,4759.8000,4760.0000,4760.4000,4762.0000,1,1,1,1,2,1,2,1,1,1
SF,IC2003,2019-11-29 09:32:08.600,4758.6000,34291,0,100814720.000,0,-,-,-,-,4758.6000,4758.4000,4757.2000,4756.4000,4755.8000,4759.2000,4759.8000,4760.0000,4760.4000,4762.0000,1,1,1,1,1,1,2,1,1,1
SF,IC2003,2019-11-29 09:32:10.100,4758.6000,34291,0,100814720.000,0,-,-,-,-,4759.0000,4758.8000,4758.6000,4758.4000,4757.2000,4759.2000,4759.8000,4760.0000,4760.4000,4762.0000,1,1,1,1,1,1,2,1,1,1
SF,IC2003,2019-11-29 09:32:10.600,4759.0000,34290,-1,102718360.000,2,0,2,多平,S,4758.8000,4758.6000,4758.4000,4757.2000,4756.4000,4759.8000,4760.0000,4760.4000,4762.0000,4764.0000,1,1,1,1,1,2,1,1,1,1
SF,IC2003,2019-11-29 09:32:11.100,4759.0000,34290,0,102718360.000,0,-,-,-,-,4759.0000,4758.8000,4758.6000,4757.2000,4756.4000,4759.8000,4760.4000,4762.0000,4764.0000,4765.0000,1,1,1,1,1,2,1,1,1,5
SF,IC2003,2019-11-29 09:32:11.600,4759.8000,34288,-2,104622280.000,2,0,2,双平,S,4759.0000,4758.8000,4758.6000,4757.2000,4756.4000,4760.4000,4762.0000,4764.0000,4765.0000,4766.6000,1,1,1,1,1,1,1,1,5,1
SF,IC2003,2019-11-29 09:32:12.100,4761.8000,34287,-1,105574640.000,1,0,1,双平,S,4759.2000,4759.0000,4758.8000,4758.6000,4757.2000,4762.0000,4764.0000,4765.0000,4766.6000,4767.0000,1,2,1,1,1,1,1,5,1,1
SF,IC2003,2019-11-29 09:32:12.600,4761.8000,34287,0,105574640.000,0,-,-,-,-,4759.4000,4759.0000,4758.8000,4758.6000,4757.2000,4761.6000,4761.8000,4762.0000,4763.2000,4764.0000,2,1,1,1,1,2,8,1,1,1
SF,IC2003,2019-11-29 09:32:13.100,4761.8000,34287,0,105574640.000,0,-,-,-,-,4759.8000,4759.4000,4759.0000,4758.8000,4758.6000,4761.6000,4761.8000,4762.0000,4763.2000,4764.0000,1,2,1,1,1,2,8,1,1,1
SF,IC2003,2019-11-29 09:32:13.600,4761.8000,34287,0,105574640.000,0,-,-,-,-,4760.2000,4760.0000,4759.4000,4759.0000,4758.8000,4761.6000,4761.8000,4762.0000,4763.2000,4764.0000,1,2,1,1,1,2,3,1,1,1
SF,IC2003,2019-11-29 09:32:14.100,4761.8000,34287,0,105574640.000,0,-,-,-,-,4760.4000,4759.4000,4759.0000,4758.8000,4758.6000,4761.0000,4761.4000,4761.6000,4761.8000,4762.0000,1,1,1,1,1,2,3,2,3,1
SF,IC2003,2019-11-29 09:32:14.600,4761.8000,34287,0,105574640.000,0,-,-,-,-,4760.4000,4759.0000,4758.8000,4758.6000,4757.6000,4761.4000,4761.8000,4762.0000,4763.2000,4764.0000,1,1,1,1,1,1,1,1,1,1
SF,IC2003,2019-11-29 09:32:15.100,4761.8000,34287,0,105574640.000,0,-,-,-,-,4760.4000,4759.0000,4758.6000,4757.6000,4757.2000,4761.4000,4761.8000,4762.0000,4763.2000,4764.0000,1,1,1,1,1,1,1,1,1,1
SF,IC2003,2019-11-29 09:32:15.600,4760.4000,34287,0,106526720.000,1,0,1,多换,S,4759.0000,4758.6000,4757.6000,4757.2000,4756.4000,4761.4000,4761.8000,4762.0000,4763.2000,4764.0000,1,1,1,1,1,1,1,1,1,1
SF,IC2003,2019-11-29 09:32:16.100,4760.4000,34287,0,106526720.000,0,-,-,-,-,4759.4000,4759.2000,4759.0000,4758.6000,4757.6000,4761.4000,4762.0000,4763.2000,4764.0000,4765.0000,3,1,1,1,1,1,1,1,1,5
SF,IC2003,2019-11-29 09:32:16.600,4760.4000,34287,0,106526720.000,0,-,-,-,-,4759.8000,4759.6000,4759.4000,4759.0000,4758.6000,4762.0000,4763.2000,4764.0000,4765.0000,4766.6000,1,3,2,1,1,1,1,1,5,1
SF,IC2003,2019-11-29 09:32:17.100,4760.4000,34287,0,106526720.000,0,-,-,-,-,4760.2000,4760.0000,4759.4000,4759.2000,4759.0000,4762.0000,4763.2000,4764.0000,4765.0000,4766.6000,2,1,2,1,1,1,1,1,5,1
SF,IC2003,2019-11-29 09:32:17.600,4760.4000,34287,0,106526720.000,0,-,-,-,-,4760.6000,4760.4000,4760.2000,4759.4000,4759.2000,4762.0000,4763.2000,4764.0000,4765.0000,4766.6000,1,3,1,2,1,1,1,1,5,1
SF,IC2003,2019-11-29 09:32:18.100,4762.0000,34287,0,107479120.000,1,0,1,多换,S,4760.8000,4760.4000,4760.2000,4759.4000,4759.2000,4764.0000,4764.8000,4765.0000,4766.6000,4767.0000,2,1,1,2,1,1,1,5,1,1
SF,IC2003,2019-11-29 09:32:18.600,4762.0000,34287,0,107479120.000,0,-,-,-,-,4761.4000,4761.0000,4760.8000,4760.4000,4760.2000,4763.6000,4763.8000,4764.0000,4764.8000,4765.0000,2,1,1,1,1,2,11,2,1,5
SF,IC2003,2019-11-29 09:32:19.100,4762.0000,34287,0,107479120.000,0,-,-,-,-,4761.4000,4761.0000,4760.8000,4760.4000,4760.2000,4762.4000,4763.2000,4763.4000,4763.6000,4763.8000,2,1,1,1,1,2,1,6,2,3
SF,IC2003,2019-11-29 09:32:19.600,4762.0000,34287,0,107479120.000,0,-,-,-,-,4761.4000,4760.8000,4760.4000,4760.2000,4759.4000,4763.4000,4763.6000,4763.8000,4764.0000,4764.8000,2,1,1,1,2,6,2,1,2,1
SF,IC2003,2019-11-29 09:32:20.100,4762.0000,34287,0,107479120.000,0,-,-,-,-,4761.4000,4760.8000,4760.4000,4760.2000,4759.4000,4763.2000,4763.4000,4763.6000,4763.8000,4764.0000,2,1,1,1,2,4,6,2,1,2
SF,IC2003,2019-11-29 09:32:20.600,4761.4000,34288,1,108431400.000,1,1,0,双开,S,4761.4000,4760.8000,4760.2000,4759.4000,4759.2000,4762.0000,4762.8000,4763.0000,4763.2000,4763.4000,1,1,1,2,1,2,2,6,2,1
SF,IC2003,2019-11-29 09:32:21.100,4761.4000,34288,0,109383680.000,1,0,1,多换,S,4760.8000,4759.4000,4759.2000,4759.0000,4758.6000,4761.4000,4762.4000,4762.8000,4763.0000,4763.6000,1,2,1,1,1,2,1,1,6,1
SF,IC2003,2019-11-29 09:32:21.600,4761.4000,34288,0,109383680.000,0,-,-,-,-,4760.8000,4759.4000,4759.2000,4759.0000,4758.6000,4761.4000,4761.8000,4762.8000,4763.0000,4763.4000,1,1,1,1,1,2,2,1,6,1
SF,IC2003,2019-11-29 09:32:22.100,4761.4000,34288,0,109383680.000,0,-,-,-,-,4760.8000,4759.4000,4759.2000,4759.0000,4758.6000,4761.4000,4761.8000,4762.8000,4763.0000,4763.4000,1,1,1,1,1,2,1,1,5,1
SF,IC2003,2019-11-29 09:32:22.600,4760.8000,34287,-1,110335840.000,1,0,1,双平,S,4759.4000,4759.2000,4759.0000,4758.6000,4757.6000,4761.4000,4761.8000,4762.8000,4763.0000,4763.4000,1,1,1,1,1,2,1,1,5,1
SF,IC2003,2019-11-29 09:32:23.100,4760.8000,34287,0,110335840.000,0,-,-,-,-,4759.6000,4759.4000,4759.0000,4758.6000,4757.6000,4761.4000,4761.8000,4762.8000,4763.0000,4763.4000,3,1,1,1,1,2,1,1,5,1
SF,IC2003,2019-11-29 09:32:23.600,4761.4000,34287,0,111288120.000,1,0,1,多换,S,4760.0000,4759.6000,4759.4000,4759.0000,4758.6000,4761.4000,4761.8000,4762.8000,4763.0000,4763.4000,1,2,1,1,1,1,1,1,5,1
SF,IC2003,2019-11-29 09:32:24.100,4761.4000,34287,0,111288120.000,0,-,-,-,-,4759.6000,4759.0000,4758.6000,4757.6000,4757.2000,4761.4000,4761.8000,4762.8000,4763.0000,4763.4000,1,1,1,1,1,1,1,4,5,1
SF,IC2003,2019-11-29 09:32:24.600,4761.4000,34286,-1,112240400.000,1,0,1,双平,S,4761.4000,4760.0000,4759.8000,4759.6000,4759.0000,4761.8000,4762.8000,4763.0000,4763.4000,4763.6000,1,1,1,1,1,1,4,5,1,1
SF,IC2003,2019-11-29 09:32:25.100,4761.4000,34286,0,112240400.000,0,-,-,-,-,4761.4000,4760.0000,4759.8000,4759.6000,4759.0000,4761.8000,4762.8000,4763.0000,4763.4000,4763.6000,1,1,1,1,1,1,4,5,1,1
SF,IC2003,2019-11-29 09:32:25.600,4761.4000,34285,-1,113192680.000,1,0,1,双平,S,4759.8000,4759.6000,4759.0000,4757.6000,4757.2000,4761.4000,4761.8000,4762.8000,4763.0000,4763.4000,1,1,1,1,1,3,1,4,5,1
SF,IC2003,2019-11-29 09:32:26.100,4761.4000,34285,0,113192680.000,0,-,-,-,-,4760.0000,4759.8000,4759.0000,4757.6000,4757.2000,4761.4000,4761.8000,4762.8000,4763.0000,4763.4000,2,1,1,1,1,3,1,4,5,1
SF,IC2003,2019-11-29 09:32:26.600,4761.4000,34285,0,113192680.000,0,-,-,-,-,4760.0000,4759.8000,4759.0000,4757.6000,4757.2000,4761.4000,4761.8000,4762.8000,4763.0000,4763.4000,3,1,1,1,1,3,1,4,5,1
SF,IC2003,2019-11-29 09:32:27.600,4761.4000,34285,0,113192680.000,0,-,-,-,-,4760.0000,4759.8000,4759.0000,4757.6000,4757.2000,4762.8000,4763.0000,4763.4000,4763.6000,4764.0000,2,1,2,1,1,4,5,1,1,2
SF,IC2003,2019-11-29 09:32:28.100,4761.4000,34285,0,113192680.000,0,-,-,-,-,4760.4000,4760.2000,4760.0000,4759.8000,4759.0000,4762.4000,4762.6000,4762.8000,4763.4000,4764.0000,1,1,2,1,2,1,8,4,1,2
SF,IC2003,2019-11-29 09:32:28.600,4761.4000,34285,0,113192680.000,0,-,-,-,-,4760.6000,4760.2000,4760.0000,4759.8000,4759.0000,4762.2000,4762.6000,4762.8000,4763.4000,4764.0000,1,1,1,1,2,3,8,4,1,2
SF,IC2003,2019-11-29 09:32:29.100,4761.4000,34285,0,113192680.000,0,-,-,-,-,4759.8000,4759.0000,4757.6000,4757.2000,4756.4000,4761.8000,4762.0000,4762.2000,4762.6000,4762.8000,1,2,1,1,1,1,2,3,8,3
SF,IC2003,2019-11-29 09:32:29.600,4761.4000,34285,0,113192680.000,0,-,-,-,-,4760.0000,4759.0000,4757.6000,4757.2000,4756.4000,4760.6000,4761.6000,4761.8000,4762.0000,4762.2000,2,2,1,1,1,1,3,1,1,1
SF,IC2003,2019-11-29 09:32:30.100,4761.4000,34285,0,113192680.000,0,-,-,-,-,4760.0000,4759.0000,4757.6000,4757.2000,4756.4000,4761.6000,4761.8000,4762.0000,4762.6000,4762.8000,1,2,1,1,1,1,1,1,6,3
SF,IC2003,2019-11-29 09:32:30.600,4761.4000,34285,0,113192680.000,0,-,-,-,-,4760.0000,4759.0000,4757.6000,4757.2000,4756.4000,4760.8000,4761.4000,4761.6000,4761.8000,4762.0000,1,2,1,1,1,1,2,1,1,1
SF,IC2003,2019-11-29 09:32:31.100,4761.4000,34285,0,113192680.000,0,-,-,-,-,4760.0000,4759.0000,4757.6000,4757.2000,4756.4000,4760.8000,4761.4000,4761.6000,4761.8000,4762.0000,1,1,1,1,1,1,1,1,1,1
SF,IC2003,2019-11-29 09:32:32.100,4761.4000,34285,0,113192680.000,0,-,-,-,-,4760.0000,4759.0000,4757.6000,4757.2000,4756.4000,4761.4000,4761.6000,4761.8000,4762.0000,4762.6000,1,1,1,1,1,1,1,1,1,6
SF,IC2003,2019-11-29 09:32:32.600,4761.4000,34285,0,113192680.000,0,-,-,-,-,4760.0000,4759.0000,4757.6000,4757.2000,4756.4000,4761.6000,4761.8000,4762.0000,4762.6000,4762.8000,1,1,1,1,1,1,1,1,6,3
SF,IC2003,2019-11-29 09:32:33.100,4761.4000,34285,0,113192680.000,0,-,-,-,-,4760.8000,4760.0000,4759.0000,4757.6000,4757.2000,4761.4000,4761.6000,4761.8000,4762.0000,4762.6000,1,1,1,1,1,1,1,1,1,6
SF,IC2003,2019-11-29 09:32:33.600,4760.0000,34283,-2,115096840.000,2,0,2,双平,S,4759.0000,4757.6000,4757.2000,4756.4000,4756.2000,4760.8000,4761.2000,4761.6000,4761.8000,4762.0000,1,1,1,1,1,4,4,3,1,1
SF,IC2003,2019-11-29 09:32:34.100,4760.0000,34283,0,115096840.000,0,-,-,-,-,4759.8000,4759.4000,4759.2000,4759.0000,4757.6000,4762.6000,4762.8000,4763.4000,4764.0000,4764.8000,2,2,2,1,1,6,3,1,2,1
SF,IC2003,2019-11-29 09:32:34.600,4760.0000,34283,0,115096840.000,0,-,-,-,-,4760.0000,4759.4000,4759.0000,4757.6000,4757.2000,4762.2000,4762.4000,4762.6000,4762.8000,4763.4000,3,1,1,1,1,1,3,6,3,1
SF,IC2003,2019-11-29 09:32:35.100,4760.0000,34283,0,115096840.000,0,-,-,-,-,4760.4000,4760.0000,4759.4000,4759.0000,4757.6000,4762.0000,4762.2000,4762.4000,4762.6000,4762.8000,1,3,1,1,1,1,1,3,6,3
SF,IC2003,2019-11-29 09:32:35.600,4760.0000,34283,0,115096840.000,0,-,-,-,-,4760.0000,4759.4000,4759.0000,4757.6000,4757.2000,4761.8000,4762.0000,4762.2000,4762.4000,4762.6000,2,1,1,1,1,1,1,1,1,6
SF,IC2003,2019-11-29 09:32:36.100,4760.0000,34283,0,115096840.000,0,-,-,-,-,4760.4000,4760.0000,4759.4000,4759.0000,4757.6000,4761.6000,4762.0000,4762.2000,4762.4000,4762.6000,1,2,1,1,1,2,2,1,1,6
SF,IC2003,2019-11-29 09:32:36.600,4760.0000,34283,0,115096840.000,0,-,-,-,-,4759.4000,4759.0000,4757.6000,4757.2000,4756.4000,4761.4000,4761.6000,4762.2000,4762.4000,4762.6000,1,1,1,1,1,1,2,1,1,6
SF,IC2003,2019-11-29 09:32:37.100,4760.0000,34283,0,115096840.000,0,-,-,-,-,4759.6000,4759.0000,4757.6000,4757.2000,4756.4000,4761.2000,4762.2000,4762.4000,4762.6000,4762.8000,2,1,1,1,1,2,1,1,6,3
SF,IC2003,2019-11-29 09:32:37.600,4760.0000,34283,0,115096840.000,0,-,-,-,-,4759.0000,4757.6000,4757.2000,4756.4000,4756.2000,4759.6000,4761.0000,4761.2000,4762.2000,4762.4000,1,1,1,1,1,1,1,2,1,1
SF,IC2003,2019-11-29 09:32:38.100,4759.6000,34283,0,116048760.000,1,0,1,多换,S,4759.8000,4759.6000,4759.2000,4759.0000,4757.6000,4761.0000,4761.2000,4762.2000,4762.6000,4762.8000,1,3,5,1,1,1,1,1,5,3
SF,IC2003,2019-11-29 09:32:38.600,4759.6000,34283,0,116048760.000,0,-,-,-,-,4759.2000,4759.0000,4757.6000,4757.2000,4756.4000,4760.8000,4761.0000,4762.2000,4762.6000,4762.8000,1,1,1,1,1,2,1,1,5,3
SF,IC2003,2019-11-29 09:32:39.600,4759.6000,34283,0,116048760.000,0,-,-,-,-,4759.2000,4759.0000,4757.6000,4757.2000,4756.4000,4760.8000,4761.0000,4761.6000,4762.2000,4762.6000,1,1,1,1,1,2,1,3,1,5
SF,IC2003,2019-11-29 09:32:40.100,4759.6000,34283,0,116048760.000,0,-,-,-,-,4759.4000,4759.2000,4759.0000,4757.6000,4757.2000,4760.8000,4761.0000,4761.6000,4762.2000,4762.6000,1,2,1,1,1,1,1,3,1,5
SF,IC2003,2019-11-29 09:32:40.600,4759.6000,34283,0,116048760.000,0,-,-,-,-,4759.2000,4759.0000,4757.6000,4757.2000,4756.4000,4760.6000,4760.8000,4761.0000,4761.6000,4762.2000,1,1,1,1,1,1,1,1,3,1
SF,IC2003,2019-11-29 09:32:41.100,4759.6000,34283,0,116048760.000,0,-,-,-,-,4759.2000,4759.0000,4757.6000,4757.2000,4756.4000,4760.8000,4761.0000,4761.6000,4762.2000,4762.6000,1,1,1,1,1,1,1,3,1,5
SF,IC2003,2019-11-29 09:32:41.600,4759.6000,34283,0,116048760.000,0,-,-,-,-,4759.2000,4759.0000,4757.6000,4757.2000,4756.4000,4760.8000,4761.0000,4761.6000,4762.2000,4762.6000,2,1,1,1,1,1,1,3,1,5
SF,IC2003,2019-11-29 09:32:42.100,4759.6000,34283,0,116048760.000,0,-,-,-,-,4757.6000,4757.2000,4756.4000,4756.2000,4755.8000,4760.6000,4760.8000,4761.0000,4761.6000,4762.2000,1,1,1,1,1,1,1,1,3,1
SF,IC2003,2019-11-29 09:32:42.600,4759.6000,34283,0,116048760.000,0,-,-,-,-,4758.2000,4758.0000,4757.8000,4757.6000,4757.2000,4760.4000,4761.0000,4761.6000,4762.2000,4762.6000,1,1,2,2,1,2,1,3,1,5
SF,IC2003,2019-11-29 09:32:43.100,4759.6000,34283,0,116048760.000,0,-,-,-,-,4758.6000,4758.4000,4758.0000,4757.8000,4757.6000,4760.4000,4761.0000,4761.6000,4762.2000,4762.6000,2,2,1,1,2,2,1,3,1,5
SF,IC2003,2019-11-29 09:32:43.600,4759.6000,34283,0,116048760.000,0,-,-,-,-,4758.8000,4758.4000,4758.0000,4757.6000,4757.2000,4760.0000,4760.4000,4761.0000,4761.6000,4762.2000,2,1,1,2,1,1,1,1,3,1
SF,IC2003,2019-11-29 09:32:44.100,4759.6000,34283,0,116048760.000,0,-,-,-,-,4758.8000,4758.4000,4758.0000,4757.6000,4757.2000,4760.4000,4761.0000,4761.6000,4762.2000,4762.6000,2,1,1,2,1,1,1,3,1,5
SF,IC2003,2019-11-29 09:32:44.600,4759.6000,34283,0,116048760.000,0,-,-,-,-,4758.8000,4758.4000,4758.0000,4757.6000,4757.2000,4760.2000,4760.4000,4761.0000,4761.6000,4762.2000,1,1,1,2,1,1,1,1,3,1
SF,IC2003,2019-11-29 09:32:45.100,4759.6000,34283,0,116048760.000,0,-,-,-,-,4758.8000,4758.4000,4758.0000,4757.6000,4757.2000,4760.0000,4761.0000,4761.6000,4762.2000,4762.6000,1,1,1,2,1,1,1,3,1,5
SF,IC2003,2019-11-29 09:32:46.100,4759.6000,34283,0,116048760.000,0,-,-,-,-,4758.8000,4758.4000,4758.0000,4757.6000,4757.2000,4760.0000,4761.0000,4761.6000,4762.2000,4762.6000,1,1,1,2,1,1,1,3,1,5
SF,IC2003,2019-11-29 09:32:46.600,4759.6000,34283,0,116048760.000,0,-,-,-,-,4759.0000,4758.0000,4757.6000,4757.2000,4756.4000,4760.0000,4761.0000,4761.6000,4762.0000,4762.2000,1,1,2,1,1,1,1,3,1,1
SF,IC2003,2019-11-29 09:32:47.100,4759.0000,34282,-1,117000560.000,1,0,1,双平,S,4758.0000,4757.6000,4757.2000,4756.4000,4756.2000,4760.0000,4761.0000,4761.6000,4762.0000,4762.2000,1,2,1,1,1,1,1,3,1,1
SF,IC2003,2019-11-29 09:32:47.600,4759.0000,34282,0,117000560.000,0,-,-,-,-,4757.6000,4757.2000,4756.4000,4756.2000,4755.8000,4759.0000,4759.6000,4759.8000,4760.0000,4761.6000,1,1,1,1,1,1,1,5,1,3
SF,IC2003,2019-11-29 09:32:48.100,4759.0000,34282,0,117000560.000,0,-,-,-,-,4757.8000,4757.6000,4757.2000,4756.4000,4756.2000,4759.4000,4759.6000,4759.8000,4760.0000,4761.6000,1,1,1,1,1,1,1,3,1,3
SF,IC2003,2019-11-29 09:32:48.600,4759.0000,34282,0,117000560.000,0,-,-,-,-,4757.8000,4757.6000,4757.2000,4756.4000,4756.2000,4759.4000,4760.0000,4761.6000,4762.0000,4762.2000,2,2,1,1,1,1,1,3,1,1
SF,IC2003,2019-11-29 09:32:49.100,4759.0000,34282,0,117000560.000,0,-,-,-,-,4758.0000,4757.8000,4757.6000,4757.2000,4756.4000,4760.0000,4761.6000,4762.0000,4762.2000,4762.6000,1,2,1,1,1,1,3,1,1,5
SF,IC2003,2019-11-29 09:32:49.600,4759.0000,34282,0,117000560.000,0,-,-,-,-,4758.2000,4757.8000,4757.6000,4757.2000,4756.4000,4759.8000,4760.0000,4761.6000,4762.0000,4762.2000,3,1,1,1,1,1,1,3,1,1
SF,IC2003,2019-11-29 09:32:50.100,4758.2000,34282,0,117952200.000,1,0,1,多换,S,4758.2000,4757.8000,4757.6000,4757.2000,4756.4000,4759.6000,4761.6000,4762.0000,4762.2000,4762.6000,1,1,1,1,1,2,3,1,1,5
SF,IC2003,2019-11-29 09:32:51.600,4758.2000,34282,0,117952200.000,0,-,-,-,-,4758.2000,4757.8000,4757.6000,4757.2000,4756.4000,4759.6000,4761.6000,4762.0000,4762.2000,4762.6000,1,1,1,1,1,2,3,1,1,5
SF,IC2003,2019-11-29 09:32:52.100,4758.2000,34282,0,117952200.000,0,-,-,-,-,4758.2000,4757.8000,4757.6000,4757.2000,4756.4000,4759.4000,4759.6000,4761.6000,4762.0000,4762.2000,1,1,1,1,1,1,2,3,1,1
SF,IC2003,2019-11-29 09:32:52.600,4758.2000,34282,0,117952200.000,0,-,-,-,-,4758.2000,4757.8000,4757.6000,4757.2000,4756.4000,4759.4000,4759.6000,4761.6000,4762.0000,4762.2000,1,1,1,1,1,1,1,3,1,1
SF,IC2003,2019-11-29 09:32:53.100,4758.2000,34282,0,117952200.000,0,-,-,-,-,4758.2000,4757.8000,4757.6000,4757.2000,4756.4000,4759.6000,4761.6000,4762.0000,4762.2000,4762.6000,1,1,1,1,1,1,3,1,1,5
SF,IC2003,2019-11-29 09:32:53.600,4758.2000,34282,0,117952200.000,0,-,-,-,-,4757.8000,4757.6000,4757.2000,4756.4000,4756.2000,4759.4000,4759.6000,4761.6000,4762.0000,4762.2000,1,1,1,1,1,2,1,3,1,1
SF,IC2003,2019-11-29 09:32:54.100,4758.2000,34282,0,117952200.000,0,-,-,-,-,4758.0000,4757.8000,4757.6000,4757.2000,4756.4000,4759.4000,4759.6000,4761.6000,4762.0000,4762.2000,1,1,1,1,1,2,1,3,1,1
SF,IC2003,2019-11-29 09:32:54.600,4758.2000,34282,0,117952200.000,0,-,-,-,-,4758.2000,4758.0000,4757.8000,4757.6000,4757.2000,4759.4000,4759.6000,4761.6000,4762.0000,4762.2000,1,1,1,1,1,2,1,3,1,1
SF,IC2003,2019-11-29 09:32:55.100,4758.2000,34282,0,117952200.000,0,-,-,-,-,4757.8000,4757.6000,4757.2000,4756.4000,4756.2000,4759.2000,4759.4000,4761.6000,4762.0000,4762.2000,1,1,1,1,1,1,2,3,1,1
SF,IC2003,2019-11-29 09:32:55.600,4758.2000,34282,0,117952200.000,0,-,-,-,-,4757.8000,4757.6000,4757.2000,4756.4000,4756.2000,4759.0000,4759.2000,4759.4000,4761.6000,4762.0000,1,1,1,1,1,1,1,1,3,1
SF,IC2003,2019-11-29 09:32:56.100,4758.2000,34282,0,117952200.000,0,-,-,-,-,4757.8000,4757.6000,4757.2000,4756.4000,4756.2000,4758.8000,4759.2000,4759.4000,4761.6000,4762.0000,1,1,1,1,1,1,1,1,3,1
SF,IC2003,2019-11-29 09:32:56.600,4758.2000,34282,0,117952200.000,0,-,-,-,-,4757.8000,4757.6000,4757.2000,4756.4000,4756.2000,4759.2000,4759.4000,4761.6000,4762.0000,4762.2000,1,1,1,1,1,1,1,3,1,1
SF,IC2003,2019-11-29 09:32:57.100,4758.2000,34282,0,117952200.000,0,-,-,-,-,4757.8000,4757.6000,4757.2000,4756.4000,4756.2000,4759.0000,4759.2000,4759.4000,4761.6000,4762.0000,1,1,1,1,1,1,1,1,3,1
SF,IC2003,2019-11-29 09:32:57.600,4758.2000,34282,0,117952200.000,0,-,-,-,-,4757.8000,4757.6000,4757.2000,4756.4000,4756.2000,4758.8000,4761.6000,4762.0000,4762.2000,4762.6000,1,1,1,1,1,2,3,1,1,5
SF,IC2003,2019-11-29 09:32:58.100,4758.2000,34282,0,117952200.000,0,-,-,-,-,4757.8000,4757.6000,4757.2000,4756.4000,4756.2000,4758.6000,4758.8000,4761.6000,4762.0000,4762.6000,1,1,1,1,1,1,1,3,1,5
SF,IC2003,2019-11-29 09:32:58.600,4758.6000,34282,0,118903920.000,1,0,1,多换,S,4757.8000,4757.6000,4757.2000,4756.4000,4756.2000,4758.8000,4761.6000,4762.0000,4762.6000,4762.8000,1,1,1,1,1,1,3,1,5,3
SF,IC2003,2019-11-29 09:32:59.100,4758.6000,34281,-1,120807400.000,2,0,2,多平,S,4758.4000,4758.2000,4757.8000,4757.6000,4757.4000,4761.6000,4762.0000,4762.6000,4762.8000,4763.4000,1,2,2,1,1,3,1,5,3,1
SF,IC2003,2019-11-29 09:32:59.600,4758.6000,34281,0,120807400.000,0,-,-,-,-,4758.8000,4758.6000,4757.8000,4757.6000,4757.4000,4761.2000,4761.4000,4761.6000,4762.0000,4762.8000,1,2,2,1,1,2,7,3,1,3
SF,IC2003,2019-11-29 09:33:00.100,4758.6000,34281,0,120807400.000,0,-,-,-,-,4759.0000,4758.8000,4758.6000,4757.8000,4757.6000,4760.8000,4761.0000,4761.2000,4761.4000,4761.6000,1,2,2,2,1,1,1,1,8,3
SF,IC2003,2019-11-29 09:33:00.600,4758.6000,34281,0,120807400.000,0,-,-,-,-,4759.4000,4759.0000,4758.8000,4758.6000,4757.8000,4760.6000,4760.8000,4761.2000,4761.4000,4761.6000,1,1,1,2,3,2,1,1,3,3
SF,IC2003,2019-11-29 09:33:01.100,4758.6000,34281,0,120807400.000,0,-,-,-,-,4759.6000,4759.2000,4759.0000,4758.8000,4758.6000,4760.6000,4761.4000,4761.6000,4762.2000,4762.8000,1,1,1,1,1,2,3,3,1,3
SF,IC2003,2019-11-29 09:33:01.600,4758.6000,34281,0,120807400.000,0,-,-,-,-,4759.6000,4759.2000,4759.0000,4758.8000,4758.6000,4760.4000,4761.4000,4761.6000,4762.2000,4762.8000,1,1,1,1,1,1,2,3,1,3
SF,IC2003,2019-11-29 09:33:02.100,4760.4000,34280,-1,121759480.000,1,0,1,双平,S,4760.4000,4759.2000,4759.0000,4758.8000,4758.6000,4761.4000,4761.6000,4762.2000,4762.8000,4763.4000,2,1,1,1,1,2,3,1,3,1
SF,IC2003,2019-11-29 09:33:02.600,4760.4000,34280,0,121759480.000,0,-,-,-,-,4760.4000,4760.2000,4759.8000,4759.2000,4759.0000,4761.6000,4762.2000,4762.8000,4763.4000,4764.0000,4,1,1,1,1,3,1,3,1,1
SF,IC2003,2019-11-29 09:33:03.100,4760.4000,34280,0,121759480.000,0,-,-,-,-,4760.4000,4759.8000,4759.2000,4759.0000,4757.8000,4761.6000,4762.8000,4763.4000,4764.0000,4764.8000,4,1,1,1,2,3,3,1,1,1
SF,IC2003,2019-11-29 09:33:03.600,4760.4000,34280,0,121759480.000,0,-,-,-,-,4760.6000,4760.4000,4759.8000,4759.2000,4759.0000,4761.6000,4762.8000,4763.4000,4764.0000,4764.8000,1,5,1,2,1,3,3,1,1,1
SF,IC2003,2019-11-29 09:33:04.100,4761.6000,34280,0,122711800.000,1,0,1,多换,S,4760.4000,4759.8000,4759.2000,4759.0000,4757.8000,4761.6000,4762.8000,4763.4000,4764.0000,4764.8000,4,1,2,1,2,2,3,1,1,1
SF,IC2003,2019-11-29 09:33:04.600,4761.6000,34280,0,122711800.000,0,-,-,-,-,4760.8000,4760.4000,4759.8000,4759.2000,4759.0000,4761.6000,4762.8000,4763.4000,4764.0000,4764.8000,1,4,1,2,1,2,3,1,1,1
SF,IC2003,2019-11-29 09:33:05.100,4761.6000,34280,0,122711800.000,0,-,-,-,-,4760.6000,4760.4000,4759.8000,4759.2000,4759.0000,4761.6000,4762.8000,4764.0000,4764.8000,4765.0000,1,4,1,1,1,2,3,1,1,1
SF,IC2003,2019-11-29 09:33:05.600,4761.6000,34280,0,122711800.000,0,-,-,-,-,4760.8000,4760.6000,4760.4000,4759.8000,4759.2000,4761.6000,4762.8000,4764.0000,4764.8000,4765.0000,1,1,4,1,1,2,3,1,1,1
SF,IC2003,2019-11-29 09:33:06.100,4761.6000,34280,0,122711800.000,0,-,-,-,-,4760.6000,4760.4000,4759.8000,4759.2000,4759.0000,4761.6000,4762.8000,4764.0000,4764.8000,4765.0000,1,3,1,1,1,2,3,1,1,1
SF,IC2003,2019-11-29 09:33:06.600,4761.6000,34280,0,122711800.000,0,-,-,-,-,4760.4000,4759.8000,4759.2000,4759.0000,4757.8000,4761.4000,4761.6000,4762.8000,4764.0000,4764.8000,3,1,1,1,2,1,2,3,1,1
SF,IC2003,2019-11-29 09:33:07.100,4761.6000,34280,0,122711800.000,0,-,-,-,-,4760.4000,4759.8000,4759.2000,4759.0000,4757.8000,4761.6000,4762.8000,4764.0000,4764.8000,4765.0000,3,1,1,1,2,2,3,1,1,1
SF,IC2003,2019-11-29 09:33:07.600,4760.4000,34279,-1,123663880.000,1,0,1,双平,S,4759.8000,4759.2000,4759.0000,4757.8000,4757.6000,4761.4000,4761.6000,4762.8000,4764.0000,4764.8000,1,1,1,2,1,2,2,3,1,1
SF,IC2003,2019-11-29 09:33:08.600,4760.4000,34279,0,123663880.000,0,-,-,-,-,4759.8000,4759.2000,4759.0000,4757.8000,4757.6000,4761.4000,4761.6000,4762.8000,4764.0000,4764.8000,2,1,1,2,1,2,2,3,1,1
SF,IC2003,2019-11-29 09:33:09.100,4760.4000,34279,0,123663880.000,0,-,-,-,-,4760.0000,4759.8000,4759.2000,4757.8000,4757.6000,4761.4000,4761.6000,4762.8000,4764.0000,4764.8000,1,2,1,2,1,2,2,3,1,1
SF,IC2003,2019-11-29 09:33:09.600,4760.4000,34279,0,123663880.000,0,-,-,-,-,4760.2000,4760.0000,4759.8000,4759.2000,4757.8000,4761.4000,4761.6000,4762.8000,4764.0000,4764.8000,1,1,2,1,2,2,4,3,1,1
SF,IC2003,2019-11-29 09:33:10.100,4760.4000,34279,0,123663880.000,0,-,-,-,-,4760.2000,4760.0000,4759.8000,4759.2000,4757.8000,4761.2000,4761.4000,4761.6000,4762.8000,4764.0000,1,1,2,1,2,1,2,4,3,1
SF,IC2003,2019-11-29 09:33:10.600,4760.4000,34279,0,123663880.000,0,-,-,-,-,4760.2000,4760.0000,4759.8000,4759.2000,4757.8000,4761.2000,4761.4000,4761.6000,4762.8000,4764.0000,1,1,2,1,2,1,5,4,3,1
SF,IC2003,2019-11-29 09:33:11.100,4760.4000,34279,0,123663880.000,0,-,-,-,-,4760.4000,4760.0000,4759.8000,4759.2000,4757.8000,4761.2000,4761.4000,4761.6000,4762.8000,4764.0000,1,1,1,1,2,1,5,4,3,1
SF,IC2003,2019-11-29 09:33:11.600,4760.4000,34278,-1,124615960.000,1,0,1,双平,S,4760.2000,4759.2000,4757.8000,4757.6000,4757.4000,4760.4000,4761.0000,4761.2000,4761.4000,4761.6000,1,1,2,1,1,1,1,1,5,4
SF,IC2003,2019-11-29 09:33:12.100,4760.2000,34277,-1,125568000.000,1,0,1,双平,S,4759.2000,4757.8000,4757.4000,4757.2000,4756.4000,4760.0000,4760.2000,4761.2000,4761.4000,4761.6000,1,2,1,1,1,2,5,1,5,4
SF,IC2003,2019-11-29 09:33:12.600,4759.2000,34276,-1,126519840.000,1,0,1,双平,S,4759.2000,4757.8000,4757.4000,4757.2000,4756.4000,4760.0000,4760.2000,4761.2000,4761.4000,4761.6000,1,2,1,1,1,1,5,1,5,4
SF,IC2003,2019-11-29 09:33:13.100,4759.2000,34275,-1,127471680.000,1,0,1,双平,S,4757.8000,4757.4000,4757.2000,4756.4000,4756.2000,4759.8000,4760.0000,4760.2000,4761.0000,4761.4000,2,1,1,1,1,1,1,3,1,5
SF,IC2003,2019-11-29 09:33:13.600,4760.2000,34272,-3,131279720.000,4,0,4,多平,S,4760.4000,4760.2000,4760.0000,4759.8000,4759.6000,4761.4000,4761.6000,4762.8000,4763.2000,4764.0000,2,3,2,1,4,5,4,3,1,1
SF,IC2003,2019-11-29 09:33:14.100,4760.4000,34271,-1,132231800.000,1,0,1,双平,S,4760.0000,4759.2000,4758.6000,4758.2000,4758.0000,4760.2000,4761.2000,4761.4000,4761.6000,4762.8000,1,1,1,2,1,1,2,5,5,3
SF,IC2003,2019-11-29 09:33:14.600,4759.2000,34271,0,134135640.000,2,1,1,多换,S,4758.6000,4758.2000,4758.0000,4757.8000,4757.4000,4759.6000,4759.8000,4760.0000,4760.4000,4761.0000,1,1,1,1,1,3,2,5,2,2
SF,IC2003,2019-11-29 09:33:15.100,4759.6000,34271,0,135087560.000,1,0,1,多换,S,4758.8000,4758.6000,4757.8000,4757.4000,4757.2000,4759.6000,4760.0000,4760.4000,4761.2000,4761.4000,1,1,1,1,1,1,5,1,3,5
SF,IC2003,2019-11-29 09:33:15.600,4759.6000,34271,0,135087560.000,0,-,-,-,-,4758.6000,4757.8000,4757.4000,4757.2000,4756.4000,4758.8000,4760.0000,4760.4000,4761.2000,4761.4000,1,1,1,1,1,2,1,1,3,5
SF,IC2003,2019-11-29 09:33:16.100,4759.6000,34271,0,135087560.000,0,-,-,-,-,4758.6000,4757.8000,4757.4000,4757.2000,4756.4000,4760.0000,4760.4000,4761.2000,4761.4000,4761.6000,2,1,1,1,1,1,1,3,5,4
SF,IC2003,2019-11-29 09:33:16.600,4758.6000,34270,-1,136039280.000,1,0,1,双平,S,4757.8000,4757.4000,4757.2000,4756.4000,4756.2000,4759.8000,4760.0000,4760.4000,4761.2000,4761.4000,1,1,1,1,1,1,1,1,3,5
SF,IC2003,2019-11-29 09:33:17.100,4758.6000,34270,0,136039280.000,0,-,-,-,-,4757.8000,4757.4000,4757.2000,4756.4000,4756.2000,4759.6000,4759.8000,4760.0000,4760.4000,4761.2000,1,1,1,1,1,2,2,1,1,3
SF,IC2003,2019-11-29 09:33:17.600,4758.6000,34270,0,136039280.000,0,-,-,-,-,4757.8000,4757.4000,4757.2000,4756.4000,4756.2000,4758.6000,4759.2000,4759.4000,4759.6000,4759.8000,1,1,1,1,1,1,1,1,1,1
SF,IC2003,2019-11-29 09:33:18.100,4758.6000,34270,0,136039280.000,0,-,-,-,-,4757.8000,4757.4000,4757.2000,4756.4000,4756.2000,4758.6000,4759.4000,4760.0000,4761.2000,4761.4000,1,1,1,1,1,1,1,1,3,5
SF,IC2003,2019-11-29 09:33:18.600,4758.6000,34270,0,136039280.000,0,-,-,-,-,4757.8000,4757.4000,4757.2000,4756.4000,4756.2000,4758.4000,4758.6000,4759.4000,4760.0000,4761.2000,1,1,1,1,1,1,1,1,1,3
SF,IC2003,2019-11-29 09:33:20.100,4758.6000,34270,0,136991000.000,1,0,1,多换,S,4757.8000,4757.2000,4756.4000,4756.2000,4755.8000,4758.6000,4759.4000,4760.0000,4761.2000,4761.4000,1,1,1,1,1,1,1,1,3,5
SF,IC2003,2019-11-29 09:33:20.600,4758.6000,34270,0,136991000.000,0,-,-,-,-,4758.0000,4757.8000,4757.2000,4756.4000,4756.2000,4758.6000,4759.4000,4760.0000,4761.2000,4761.4000,1,1,1,1,1,1,1,1,3,5
SF,IC2003,2019-11-29 09:33:22.100,4759.4000,34268,-2,138894600.000,2,0,2,双平,S,4758.6000,4758.2000,4758.0000,4757.8000,4757.2000,4760.0000,4761.2000,4761.4000,4761.6000,4762.8000,5,1,1,1,1,1,3,5,5,3
SF,IC2003,2019-11-29 09:33:22.600,4759.4000,34268,0,138894600.000,0,-,-,-,-,4758.8000,4758.6000,4757.8000,4757.2000,4756.4000,4760.0000,4761.2000,4761.4000,4761.6000,4762.8000,1,1,1,1,1,1,3,5,4,3
SF,IC2003,2019-11-29 09:33:23.100,4758.8000,34268,0,139846360.000,1,0,1,多换,S,4758.6000,4757.8000,4757.2000,4756.4000,4756.2000,4759.8000,4760.0000,4761.2000,4761.4000,4761.6000,1,1,1,1,1,2,1,3,5,4
SF,IC2003,2019-11-29 09:33:23.600,4758.6000,34268,0,140798080.000,1,0,1,多换,S,4757.8000,4757.2000,4756.4000,4756.2000,4755.8000,4758.6000,4759.6000,4759.8000,4760.0000,4761.2000,1,1,1,1,1,1,1,2,1,3
SF,IC2003,2019-11-29 09:33:24.100,4758.6000,34268,0,140798080.000,0,-,-,-,-,4758.0000,4757.8000,4757.2000,4756.4000,4756.2000,4758.4000,4759.8000,4760.0000,4761.2000,4761.4000,1,1,1,1,1,1,2,1,3,5
SF,IC2003,2019-11-29 09:33:24.600,4759.8000,34267,-1,142701720.000,2,0,2,多平,S,4758.2000,4758.0000,4757.8000,4757.2000,4756.4000,4759.8000,4760.0000,4761.2000,4761.4000,4761.6000,1,1,1,1,1,1,1,2,5,4
SF,IC2003,2019-11-29 09:33:25.100,4759.8000,34267,0,142701720.000,0,-,-,-,-,4758.2000,4758.0000,4757.8000,4757.2000,4756.4000,4759.6000,4759.8000,4760.0000,4761.2000,4761.4000,1,1,1,1,1,3,1,1,2,5
SF,IC2003,2019-11-29 09:33:26.100,4759.8000,34267,0,142701720.000,0,-,-,-,-,4758.2000,4758.0000,4757.8000,4757.2000,4756.4000,4759.0000,4759.6000,4759.8000,4760.0000,4761.2000,1,1,1,1,1,1,3,1,1,2
SF,IC2003,2019-11-29 09:33:26.600,4759.8000,34267,0,142701720.000,0,-,-,-,-,4758.2000,4758.0000,4757.8000,4757.2000,4756.4000,4759.0000,4759.6000,4760.0000,4761.2000,4761.4000,1,1,1,1,1,1,2,1,2,5
SF,IC2003,2019-11-29 09:33:27.100,4759.8000,34267,0,142701720.000,0,-,-,-,-,4758.2000,4758.0000,4757.8000,4757.2000,4756.4000,4758.8000,4759.0000,4759.6000,4760.0000,4761.2000,1,1,1,1,1,1,1,2,1,2
SF,IC2003,2019-11-29 09:33:27.600,4758.2000,34266,-1,143653360.000,1,0,1,双平,S,4758.0000,4757.8000,4757.2000,4756.4000,4756.2000,4758.8000,4759.0000,4760.0000,4761.2000,4761.4000,1,1,1,1,1,1,1,1,2,5
SF,IC2003,2019-11-29 09:33:28.600,4758.0000,34266,0,144604960.000,1,0,1,多换,S,4757.2000,4756.4000,4756.2000,4755.8000,4754.8000,4758.8000,4759.0000,4760.0000,4761.2000,4761.4000,1,1,1,1,1,1,1,1,2,5
SF,IC2003,2019-11-29 09:33:29.100,4758.8000,34267,1,145556720.000,1,1,0,双开,S,4757.4000,4757.2000,4756.4000,4756.2000,4755.8000,4759.0000,4760.0000,4761.2000,4761.4000,4761.6000,1,2,1,1,1,1,1,2,5,4
SF,IC2003,2019-11-29 09:33:29.600,4758.8000,34267,0,145556720.000,0,-,-,-,-,4757.4000,4757.2000,4756.4000,4756.2000,4755.8000,4758.8000,4759.0000,4760.0000,4761.2000,4761.4000,1,2,1,1,1,1,1,1,2,5
SF,IC2003,2019-11-29 09:33:30.600,4758.8000,34267,0,145556720.000,0,-,-,-,-,4757.4000,4757.2000,4756.4000,4756.2000,4755.8000,4758.8000,4760.0000,4761.2000,4761.4000,4761.6000,1,2,1,1,1,1,1,2,5,4
SF,IC2003,2019-11-29 09:33:31.100,4758.8000,34267,0,145556720.000,0,-,-,-,-,4757.6000,4757.4000,4757.2000,4756.4000,4756.2000,4758.8000,4760.0000,4761.2000,4761.4000,4761.6000,1,2,3,1,1,1,1,2,5,4
SF,IC2003,2019-11-29 09:33:31.600,4758.8000,34267,0,145556720.000,0,-,-,-,-,4757.8000,4757.4000,4757.2000,4756.4000,4756.2000,4758.8000,4760.0000,4761.2000,4761.4000,4761.6000,1,1,3,1,1,1,1,2,5,4
SF,IC2003,2019-11-29 09:33:32.100,4758.8000,34267,0,145556720.000,0,-,-,-,-,4757.8000,4757.4000,4757.2000,4756.4000,4756.2000,4758.8000,4760.0000,4761.2000,4761.4000,4761.6000,1,1,3,1,1,1,1,2,5,4
SF,IC2003,2019-11-29 09:33:32.600,4758.8000,34267,0,145556720.000,0,-,-,-,-,4757.8000,4757.2000,4756.4000,4756.2000,4755.8000,4758.8000,4760.0000,4761.2000,4761.4000,4761.6000,1,3,1,1,1,1,2,2,5,4
SF,IC2003,2019-11-29 09:33:33.600,4758.8000,34268,1,146508480.000,1,1,0,双开,S,4757.8000,4757.2000,4756.4000,4756.2000,4755.8000,4758.8000,4760.0000,4761.2000,4761.4000,4761.6000,1,3,1,1,1,1,2,2,5,4
SF,IC2003,2019-11-29 09:33:37.600,4758.8000,34268,0,146508480.000,0,-,-,-,-,4757.8000,4757.2000,4756.4000,4756.2000,4755.8000,4758.4000,4758.8000,4760.0000,4761.2000,4761.4000,1,3,1,1,1,1,1,2,2,5
SF,IC2003,2019-11-29 09:33:38.100,4758.8000,34268,0,147460240.000,1,0,1,多换,S,4757.2000,4756.4000,4756.2000,4755.8000,4754.8000,4758.8000,4760.0000,4761.2000,4761.4000,4761.6000,3,1,1,1,1,1,2,2,5,4
SF,IC2003,2019-11-29 09:33:38.600,4758.8000,34268,0,147460240.000,0,-,-,-,-,4757.2000,4756.4000,4756.2000,4755.8000,4754.8000,4758.6000,4758.8000,4760.0000,4761.2000,4761.4000,3,1,1,1,1,3,1,2,2,5
SF,IC2003,2019-11-29 09:33:39.100,4758.8000,34268,0,147460240.000,0,-,-,-,-,4757.2000,4756.4000,4756.2000,4755.8000,4754.8000,4758.6000,4758.8000,4760.0000,4761.2000,4761.4000,3,1,1,1,1,2,1,2,2,5
SF,IC2003,2019-11-29 09:33:39.600,4758.8000,34268,0,147460240.000,0,-,-,-,-,4757.2000,4756.4000,4755.8000,4754.8000,4754.2000,4758.2000,4758.4000,4758.6000,4758.8000,4760.0000,3,1,1,1,1,1,2,2,1,2
SF,IC2003,2019-11-29 09:33:40.100,4758.8000,34268,0,147460240.000,0,-,-,-,-,4757.2000,4756.4000,4755.8000,4754.8000,4754.2000,4758.0000,4758.2000,4758.4000,4758.6000,4758.8000,3,1,1,1,1,1,1,2,1,1
SF,IC2003,2019-11-29 09:33:40.600,4758.8000,34268,0,147460240.000,0,-,-,-,-,4757.2000,4756.4000,4755.8000,4754.8000,4754.2000,4758.4000,4758.6000,4758.8000,4760.0000,4761.2000,3,1,1,1,1,1,1,1,2,2
SF,IC2003,2019-11-29 09:33:41.100,4758.8000,34268,0,147460240.000,0,-,-,-,-,4757.2000,4756.4000,4755.8000,4754.8000,4754.2000,4758.2000,4758.4000,4758.8000,4760.0000,4761.2000,3,1,1,1,1,1,1,1,2,2
SF,IC2003,2019-11-29 09:33:41.600,4758.8000,34268,0,147460240.000,0,-,-,-,-,4757.2000,4756.4000,4755.8000,4754.8000,4754.2000,4758.2000,4758.4000,4758.8000,4760.0000,4761.2000,3,1,1,1,1,1,1,1,2,2
SF,IC2003,2019-11-29 09:33:42.100,4758.8000,34268,0,147460240.000,0,-,-,-,-,4757.8000,4757.2000,4756.4000,4755.8000,4754.8000,4758.2000,4758.4000,4758.8000,4760.0000,4761.2000,1,3,1,1,1,1,1,1,2,2
SF,IC2003,2019-11-29 09:33:42.600,4757.2000,34266,-2,151266200.000,4,1,3,多平,S,4757.2000,4756.4000,4755.8000,4754.8000,4754.2000,4757.6000,4757.8000,4758.0000,4758.2000,4758.4000,1,1,1,1,1,1,7,4,1,1
SF,IC2003,2019-11-29 09:33:43.100,4757.2000,34266,0,152217640.000,1,0,1,多换,S,4756.4000,4755.8000,4754.8000,4754.2000,4753.6000,4757.8000,4758.2000,4758.6000,4758.8000,4759.8000,1,1,1,1,1,1,1,1,1,1
SF,IC2003,2019-11-29 09:33:43.600,4757.2000,34266,0,152217640.000,0,-,-,-,-,4756.4000,4755.8000,4754.8000,4753.6000,4752.8000,4757.6000,4757.8000,4758.2000,4758.6000,4758.8000,1,1,1,1,1,2,1,1,1,1
SF,IC2003,2019-11-29 09:33:44.100,4757.2000,34266,0,152217640.000,0,-,-,-,-,4756.6000,4756.4000,4755.8000,4754.8000,4753.6000,4758.2000,4758.6000,4758.8000,4759.8000,4760.0000,1,1,1,1,1,1,1,1,1,1
SF,IC2003,2019-11-29 09:33:44.600,4757.2000,34266,0,152217640.000,0,-,-,-,-,4756.6000,4756.4000,4755.8000,4754.8000,4753.6000,4758.0000,4758.2000,4758.6000,4758.8000,4759.8000,1,1,1,1,1,3,1,1,1,1
SF,IC2003,2019-11-29 09:33:45.100,4757.2000,34266,0,152217640.000,0,-,-,-,-,4756.6000,4756.4000,4755.8000,4754.8000,4753.6000,4757.8000,4758.0000,4758.6000,4758.8000,4759.8000,1,1,1,1,1,2,3,1,1,1
SF,IC2003,2019-11-29 09:33:45.600,4756.6000,34265,-1,153168960.000,1,0,1,双平,S,4756.4000,4755.8000,4754.8000,4753.6000,4752.8000,4757.6000,4757.8000,4758.0000,4758.6000,4758.8000,1,1,1,1,1,1,2,2,1,1
SF,IC2003,2019-11-29 09:33:46.100,4757.8000,34266,1,154120520.000,1,1,0,双开,S,4756.4000,4755.8000,4754.8000,4753.6000,4752.8000,4757.8000,4758.0000,4758.6000,4758.8000,4759.8000,1,1,1,1,1,2,1,1,1,1
SF,IC2003,2019-11-29 09:33:46.600,4757.8000,34266,0,154120520.000,0,-,-,-,-,4756.4000,4755.8000,4754.8000,4753.6000,4752.8000,4757.6000,4757.8000,4758.0000,4758.6000,4758.8000,1,1,1,1,1,1,2,1,1,1
SF,IC2003,2019-11-29 09:33:47.100,4757.8000,34266,0,154120520.000,0,-,-,-,-,4756.4000,4755.8000,4754.8000,4753.6000,4752.8000,4757.4000,4757.8000,4758.0000,4758.6000,4758.8000,1,1,1,1,1,2,1,1,1,1
SF,IC2003,2019-11-29 09:33:49.600,4757.8000,34266,0,154120520.000,0,-,-,-,-,4756.4000,4755.8000,4754.8000,4753.6000,4752.8000,4757.4000,4757.8000,4758.0000,4758.6000,4758.8000,1,1,1,1,1,2,1,1,1,1
SF,IC2003,2019-11-29 09:33:50.100,4757.8000,34266,0,154120520.000,0,-,-,-,-,4756.4000,4755.8000,4754.8000,4753.6000,4752.8000,4757.4000,4757.8000,4758.0000,4758.6000,4758.8000,1,1,1,1,1,2,1,1,1,1
SF,IC2003,2019-11-29 09:33:51.600,4757.8000,34266,0,154120520.000,0,-,-,-,-,4756.4000,4755.8000,4754.8000,4753.6000,4752.8000,4757.4000,4757.8000,4758.0000,4758.6000,4758.8000,1,1,1,1,1,2,1,2,1,1
SF,IC2003,2019-11-29 09:33:52.100,4757.8000,34266,0,154120520.000,0,-,-,-,-,4756.4000,4755.8000,4754.8000,4753.6000,4752.8000,4757.2000,4757.4000,4757.8000,4758.0000,4758.6000,1,1,1,1,1,1,2,1,2,1
SF,IC2003,2019-11-29 09:33:52.600,4756.4000,34267,1,155071800.000,1,1,0,双开,S,4755.8000,4754.8000,4753.6000,4752.8000,4752.2000,4757.4000,4757.8000,4758.0000,4758.6000,4758.8000,1,1,1,1,1,2,1,2,1,1
SF,IC2003,2019-11-29 09:33:53.100,4756.4000,34267,0,155071800.000,0,-,-,-,-,4755.8000,4754.8000,4753.6000,4752.8000,4752.2000,4757.2000,4757.4000,4757.8000,4758.0000,4758.6000,1,1,1,1,1,1,2,1,2,1
SF,IC2003,2019-11-29 09:33:53.600,4757.0000,34267,0,156023200.000,1,0,1,多换,S,4755.8000,4754.8000,4753.6000,4752.8000,4752.2000,4757.4000,4757.8000,4758.0000,4758.6000,4758.8000,1,1,1,1,1,1,2,2,1,1
SF,IC2003,2019-11-29 09:33:54.100,4757.0000,34267,0,156023200.000,0,-,-,-,-,4755.8000,4754.8000,4753.6000,4752.8000,4752.2000,4757.0000,4757.2000,4757.4000,4757.8000,4758.0000,1,1,1,1,1,1,2,1,1,2
SF,IC2003,2019-11-29 09:33:54.600,4757.0000,34267,0,156023200.000,0,-,-,-,-,4755.8000,4754.8000,4753.6000,4752.8000,4752.2000,4757.0000,4757.2000,4757.4000,4757.8000,4758.0000,1,1,1,1,1,1,1,1,1,2
SF,IC2003,2019-11-29 09:33:55.100,4757.0000,34267,0,156023200.000,0,-,-,-,-,4755.8000,4754.8000,4753.6000,4752.8000,4752.2000,4756.8000,4757.0000,4757.2000,4757.4000,4757.8000,1,1,1,1,1,1,1,1,1,1
SF,IC2003,2019-11-29 09:33:55.600,4757.0000,34267,0,156023200.000,0,-,-,-,-,4755.8000,4754.8000,4753.6000,4752.8000,4752.2000,4757.0000,4757.2000,4757.4000,4757.8000,4758.0000,1,1,1,1,1,1,1,1,1,2
SF,IC2003,2019-11-29 09:33:56.100,4757.0000,34267,0,156023200.000,0,-,-,-,-,4755.8000,4753.6000,4753.2000,4752.8000,4752.2000,4756.6000,4756.8000,4757.8000,4758.0000,4758.6000,1,1,1,1,1,1,2,1,2,1
SF,IC2003,2019-11-29 09:33:56.600,4756.4000,34268,1,157925640.000,2,1,1,空开,S,4753.6000,4753.2000,4752.8000,4752.2000,4752.0000,4756.6000,4756.8000,4757.8000,4758.0000,4758.2000,1,1,1,1,5,1,4,1,2,1
SF,IC2003,2019-11-29 09:33:57.100,4756.4000,34268,0,157925640.000,0,-,-,-,-,4754.2000,4754.0000,4753.8000,4753.6000,4753.2000,4756.4000,4756.6000,4756.8000,4757.8000,4758.0000,1,1,2,1,1,1,1,2,1,1
SF,IC2003,2019-11-29 09:33:57.600,4756.4000,34268,0,157925640.000,0,-,-,-,-,4754.4000,4754.0000,4753.8000,4753.6000,4753.2000,4756.4000,4756.6000,4756.8000,4757.8000,4758.0000,1,1,1,1,1,1,1,2,1,1
SF,IC2003,2019-11-29 09:33:58.100,4756.4000,34268,0,157925640.000,0,-,-,-,-,4754.6000,4754.4000,4754.0000,4753.8000,4753.6000,4756.4000,4756.6000,4756.8000,4757.8000,4758.0000,2,1,1,1,1,1,1,2,1,1
SF,IC2003,2019-11-29 09:33:58.600,4756.4000,34268,0,157925640.000,0,-,-,-,-,4754.8000,4754.6000,4754.0000,4753.8000,4753.6000,4756.6000,4756.8000,4757.8000,4758.0000,4758.2000,1,1,1,1,1,1,1,1,1,1
SF,IC2003,2019-11-29 09:33:59.100,4756.4000,34268,0,157925640.000,0,-,-,-,-,4755.2000,4755.0000,4754.8000,4754.0000,4753.8000,4756.2000,4756.6000,4756.8000,4757.8000,4758.0000,1,1,1,1,1,1,1,1,1,1
SF,IC2003,2019-11-29 09:33:59.600,4756.4000,34268,0,157925640.000,0,-,-,-,-,4756.2000,4755.4000,4755.2000,4754.0000,4753.8000,4756.6000,4756.8000,4757.8000,4758.0000,4758.2000,2,2,1,1,1,1,1,1,1,1
SF,IC2003,2019-11-29 09:34:00.100,4756.6000,34268,0,159828280.000,2,1,1,多换,S,4756.6000,4756.4000,4755.4000,4754.0000,4753.8000,4757.8000,4758.2000,4758.6000,4758.8000,4759.8000,2,1,1,1,1,1,1,1,1,1
SF,IC2003,2019-11-29 09:34:00.600,4756.6000,34268,0,159828280.000,0,-,-,-,-,4756.6000,4755.4000,4754.0000,4753.8000,4753.6000,4757.0000,4757.6000,4757.8000,4758.6000,4758.8000,1,1,1,1,1,1,3,1,1,1
SF,IC2003,2019-11-29 09:34:01.100,4756.6000,34268,0,159828280.000,0,-,-,-,-,4756.6000,4755.4000,4754.0000,4753.8000,4753.6000,4757.0000,4757.6000,4757.8000,4758.6000,4758.8000,1,1,1,1,1,1,1,1,1,1
SF,IC2003,2019-11-29 09:34:01.600,4756.6000,34268,0,159828280.000,0,-,-,-,-,4756.8000,4756.6000,4755.4000,4754.0000,4753.8000,4757.0000,4757.8000,4758.6000,4758.8000,4759.8000,1,1,1,1,1,1,1,1,1,1
SF,IC2003,2019-11-29 09:34:02.100,4756.6000,34268,0,159828280.000,0,-,-,-,-,4756.6000,4755.4000,4754.0000,4753.8000,4753.6000,4757.0000,4757.8000,4758.6000,4758.8000,4759.8000,1,1,1,1,1,1,1,1,1,1
SF,IC2003,2019-11-29 09:34:02.600,4757.0000,34269,1,160779680.000,1,1,0,双开,S,4756.8000,4756.6000,4755.4000,4754.0000,4753.8000,4757.8000,4758.6000,4758.8000,4759.8000,4761.4000,1,1,1,1,1,1,1,1,1,5
SF,IC2003,2019-11-29 09:34:03.100,4757.0000,34269,0,160779680.000,0,-,-,-,-,4757.0000,4756.6000,4755.4000,4754.0000,4753.8000,4757.8000,4758.6000,4758.8000,4759.8000,4761.4000,1,1,1,1,1,1,1,1,1,5
SF,IC2003,2019-11-29 09:34:03.600,4757.8000,34269,0,161731240.000,1,0,1,多换,S,4757.8000,4757.2000,4756.6000,4755.0000,4754.0000,4758.6000,4758.8000,4759.8000,4761.4000,4761.6000,1,2,1,1,1,1,1,1,5,4
SF,IC2003,2019-11-29 09:34:04.100,4757.8000,34269,0,161731240.000,0,-,-,-,-,4756.6000,4755.0000,4754.0000,4753.8000,4753.6000,4757.8000,4758.4000,4758.6000,4758.8000,4759.8000,1,1,1,1,1,2,1,1,1,1
SF,IC2003,2019-11-29 09:34:04.600,4757.8000,34269,0,161731240.000,0,-,-,-,-,4756.8000,4756.6000,4755.0000,4754.0000,4753.8000,4757.8000,4758.6000,4758.8000,4759.8000,4761.4000,1,1,1,1,1,2,1,1,1,5
SF,IC2003,2019-11-29 09:34:05.100,4757.8000,34269,0,161731240.000,0,-,-,-,-,4756.6000,4755.0000,4754.0000,4753.8000,4753.6000,4757.8000,4758.6000,4758.8000,4759.8000,4761.4000,1,1,1,1,1,2,1,1,1,5
SF,IC2003,2019-11-29 09:34:05.600,4757.8000,34269,0,161731240.000,0,-,-,-,-,4756.8000,4756.6000,4755.0000,4754.0000,4753.8000,4757.8000,4758.6000,4758.8000,4759.8000,4761.4000,1,1,1,1,1,2,1,1,1,5
SF,IC2003,2019-11-29 09:34:06.100,4757.8000,34269,0,161731240.000,0,-,-,-,-,4757.0000,4756.6000,4755.0000,4754.0000,4753.8000,4757.8000,4758.6000,4758.8000,4759.8000,4761.4000,1,1,1,1,1,2,1,1,1,5
SF,IC2003,2019-11-29 09:34:06.600,4757.8000,34269,0,161731240.000,0,-,-,-,-,4756.6000,4755.0000,4754.0000,4753.8000,4753.6000,4757.0000,4757.8000,4758.6000,4758.8000,4759.8000,1,1,1,1,1,1,2,1,1,1
SF,IC2003,2019-11-29 09:34:07.100,4757.0000,34269,0,162682640.000,1,0,1,多换,S,4757.2000,4757.0000,4756.8000,4756.6000,4755.0000,4758.6000,4758.8000,4759.8000,4761.4000,4761.6000,1,5,1,1,1,1,1,1,5,4
SF,IC2003,2019-11-29 09:34:07.600,4757.0000,34269,0,162682640.000,0,-,-,-,-,4757.4000,4757.2000,4757.0000,4755.0000,4753.8000,4758.6000,4758.8000,4759.8000,4761.4000,4761.6000,2,1,3,1,1,1,1,1,5,4
SF,IC2003,2019-11-29 09:34:08.100,4757.0000,34269,0,162682640.000,0,-,-,-,-,4757.4000,4757.2000,4757.0000,4755.0000,4753.8000,4758.6000,4758.8000,4759.8000,4761.4000,4761.6000,1,1,3,1,1,1,1,1,5,4
SF,IC2003,2019-11-29 09:34:08.600,4757.0000,34269,0,162682640.000,0,-,-,-,-,4757.2000,4757.0000,4755.0000,4753.8000,4753.6000,4758.6000,4758.8000,4759.8000,4761.4000,4761.6000,1,3,1,1,1,1,1,1,5,4
SF,IC2003,2019-11-29 09:34:09.100,4757.0000,34269,0,162682640.000,0,-,-,-,-,4757.4000,4757.0000,4755.0000,4753.8000,4753.6000,4758.6000,4758.8000,4761.4000,4761.6000,4762.8000,1,3,1,1,1,1,1,5,4,3
SF,IC2003,2019-11-29 09:34:09.600,4757.0000,34269,0,162682640.000,0,-,-,-,-,4757.0000,4755.0000,4753.8000,4753.6000,4753.2000,4758.6000,4758.8000,4761.4000,4761.6000,4762.8000,3,1,1,1,1,1,1,5,4,3
SF,IC2003,2019-11-29 09:34:10.100,4757.0000,34269,0,162682640.000,0,-,-,-,-,4757.2000,4757.0000,4755.0000,4753.8000,4753.6000,4757.4000,4758.2000,4758.4000,4758.6000,4758.8000,1,3,1,1,1,1,1,2,1,1
SF,IC2003,2019-11-29 09:34:10.600,4757.4000,34269,0,163634120.000,1,0,1,多换,S,4757.4000,4757.2000,4757.0000,4755.0000,4753.8000,4758.6000,4758.8000,4760.0000,4761.4000,4761.6000,1,1,2,1,1,1,1,1,5,4
SF,IC2003,2019-11-29 09:34:11.100,4757.4000,34269,0,163634120.000,0,-,-,-,-,4757.6000,4757.2000,4757.0000,4755.0000,4753.8000,4758.6000,4758.8000,4760.0000,4761.4000,4761.6000,1,1,2,1,1,1,1,1,5,4
SF,IC2003,2019-11-29 09:34:11.600,4757.4000,34269,0,163634120.000,0,-,-,-,-,4757.2000,4757.0000,4755.0000,4753.8000,4753.6000,4758.6000,4758.8000,4760.0000,4761.4000,4761.6000,1,2,1,1,1,1,1,1,5,4
SF,IC2003,2019-11-29 09:34:12.100,4757.4000,34269,0,163634120.000,0,-,-,-,-,4757.4000,4757.2000,4756.8000,4755.0000,4753.8000,4758.4000,4758.6000,4758.8000,4760.0000,4761.4000,1,1,1,1,1,1,1,1,1,5
SF,IC2003,2019-11-29 09:34:12.600,4757.4000,34269,0,163634120.000,0,-,-,-,-,4757.2000,4756.8000,4755.0000,4753.8000,4753.6000,4758.4000,4758.6000,4758.8000,4760.0000,4761.4000,1,1,1,1,1,1,1,1,1,5
SF,IC2003,2019-11-29 09:34:13.100,4757.4000,34269,0,163634120.000,0,-,-,-,-,4757.2000,4756.8000,4755.0000,4753.8000,4753.6000,4758.0000,4758.2000,4758.4000,4758.6000,4758.8000,1,1,1,1,1,1,1,1,1,1
SF,IC2003,2019-11-29 09:34:13.600,4757.4000,34269,0,163634120.000,0,-,-,-,-,4756.8000,4755.0000,4753.8000,4753.6000,4753.2000,4758.0000,4758.2000,4758.4000,4758.6000,4758.8000,1,1,1,1,1,1,1,1,1,1
SF,IC2003,2019-11-29 09:34:14.100,4757.4000,34269,0,163634120.000,0,-,-,-,-,4756.8000,4755.0000,4753.8000,4753.2000,4752.8000,4757.8000,4758.0000,4758.2000,4758.4000,4758.6000,1,1,1,1,1,4,1,1,1,1
SF,IC2003,2019-11-29 09:34:14.600,4756.8000,34268,-1,164585480.000,1,0,1,双平,S,4756.4000,4755.0000,4753.8000,4753.2000,4752.8000,4757.8000,4758.0000,4758.2000,4758.4000,4758.6000,1,1,1,1,1,4,1,1,1,1
SF,IC2003,2019-11-29 09:34:15.100,4756.8000,34268,0,164585480.000,0,-,-,-,-,4756.4000,4755.0000,4753.8000,4753.2000,4752.8000,4756.8000,4757.4000,4757.6000,4757.8000,4758.2000,1,1,1,1,1,3,1,1,2,1
SF,IC2003,2019-11-29 09:34:15.600,4756.4000,34268,0,165536760.000,1,0,1,多换,S,4755.0000,4753.8000,4753.2000,4752.8000,4752.2000,4757.4000,4757.6000,4757.8000,4758.2000,4758.4000,1,1,1,1,1,1,3,2,1,1
SF,IC2003,2019-11-29 09:34:16.100,4756.4000,34268,0,165536760.000,0,-,-,-,-,4755.4000,4755.2000,4755.0000,4753.8000,4753.2000,4757.4000,4757.6000,4757.8000,4758.2000,4758.4000,1,1,1,1,1,1,1,2,1,1
SF,IC2003,2019-11-29 09:34:16.600,4756.4000,34268,0,165536760.000,0,-,-,-,-,4755.6000,4755.0000,4753.8000,4753.2000,4752.8000,4757.4000,4757.6000,4757.8000,4758.2000,4758.4000,3,1,1,1,1,1,1,2,1,1
SF,IC2003,2019-11-29 09:34:17.100,4756.4000,34268,0,165536760.000,0,-,-,-,-,4756.0000,4755.6000,4755.0000,4753.8000,4753.2000,4757.4000,4757.6000,4757.8000,4758.2000,4758.4000,1,2,1,1,1,1,1,2,1,1
SF,IC2003,2019-11-29 09:34:17.600,4756.4000,34268,0,165536760.000,0,-,-,-,-,4756.2000,4755.0000,4753.8000,4753.2000,4752.8000,4757.4000,4757.6000,4757.8000,4758.2000,4758.4000,2,1,1,1,1,1,1,2,1,1
SF,IC2003,2019-11-29 09:34:18.100,4756.2000,34268,0,166488000.000,1,0,1,多换,S,4756.2000,4755.0000,4753.8000,4753.2000,4752.8000,4757.4000,4757.6000,4757.8000,4758.2000,4758.4000,1,1,1,1,1,1,1,2,1,1
SF,IC2003,2019-11-29 09:34:18.600,4756.2000,34268,0,166488000.000,0,-,-,-,-,4756.4000,4755.0000,4753.8000,4753.2000,4752.8000,4757.4000,4757.6000,4757.8000,4758.2000,4758.4000,1,1,1,1,1,1,1,2,1,1
SF,IC2003,2019-11-29 09:34:19.100,4756.2000,34268,0,166488000.000,0,-,-,-,-,4755.0000,4753.8000,4753.2000,4752.8000,4752.2000,4757.4000,4757.6000,4757.8000,4758.2000,4758.4000,1,1,1,1,1,1,1,2,1,1
SF,IC2003,2019-11-29 09:34:19.600,4756.2000,34268,0,166488000.000,0,-,-,-,-,4755.4000,4755.2000,4755.0000,4753.8000,4753.2000,4757.4000,4757.6000,4757.8000,4758.2000,4758.4000,1,1,1,1,1,1,1,2,1,1
SF,IC2003,2019-11-29 09:34:20.100,4756.2000,34268,0,166488000.000,0,-,-,-,-,4755.6000,4755.0000,4753.8000,4753.2000,4752.8000,4757.6000,4758.4000,4758.6000,4758.8000,4760.0000,3,1,1,1,1,1,1,1,1,1
SF,IC2003,2019-11-29 09:34:20.600,4756.2000,34268,0,166488000.000,0,-,-,-,-,4755.8000,4755.6000,4755.0000,4753.8000,4753.2000,4757.6000,4758.4000,4758.6000,4758.8000,4760.0000,1,2,1,1,1,1,1,1,1,1
SF,IC2003,2019-11-29 09:34:21.100,4756.2000,34268,0,166488000.000,0,-,-,-,-,4756.2000,4756.0000,4755.0000,4753.8000,4753.2000,4757.6000,4758.4000,4758.6000,4758.8000,4760.0000,1,2,1,1,1,1,1,1,1,1
SF,IC2003,2019-11-29 09:34:21.600,4756.2000,34268,0,166488000.000,0,-,-,-,-,4756.4000,4755.0000,4753.8000,4753.2000,4752.8000,4757.6000,4758.4000,4758.6000,4758.8000,4760.0000,2,1,1,1,1,1,1,1,1,1
SF,IC2003,2019-11-29 09:34:22.600,4756.2000,34268,0,166488000.000,0,-,-,-,-,4756.4000,4755.0000,4753.8000,4753.2000,4752.8000,4758.4000,4758.6000,4758.8000,4760.0000,4761.4000,2,1,1,1,1,1,1,1,1,5
SF,IC2003,2019-11-29 09:34:23.100,4756.2000,34268,0,166488000.000,0,-,-,-,-,4756.4000,4755.0000,4753.8000,4753.2000,4752.8000,4757.2000,4758.2000,4758.4000,4758.6000,4758.8000,2,1,1,1,1,1,3,1,1,1
SF,IC2003,2019-11-29 09:34:23.600,4756.2000,34268,0,166488000.000,0,-,-,-,-,4756.4000,4755.0000,4753.8000,4753.2000,4752.8000,4757.2000,4758.2000,4758.4000,4758.6000,4758.8000,2,1,1,1,1,1,2,1,1,1
SF,IC2003,2019-11-29 09:34:24.100,4756.2000,34268,0,166488000.000,0,-,-,-,-,4756.4000,4755.0000,4753.8000,4753.2000,4752.8000,4757.2000,4758.2000,4758.4000,4758.6000,4758.8000,2,1,1,1,1,1,1,1,1,1
SF,IC2003,2019-11-29 09:34:24.600,4756.4000,34269,1,167439280.000,1,1,0,双开,S,4755.0000,4753.8000,4753.2000,4752.8000,4752.2000,4757.2000,4758.2000,4758.4000,4758.6000,4758.8000,1,1,1,1,1,1,1,1,1,1
SF,IC2003,2019-11-29 09:34:25.100,4756.4000,34269,0,167439280.000,0,-,-,-,-,4755.4000,4755.2000,4755.0000,4753.8000,4753.2000,4757.2000,4758.2000,4758.4000,4758.6000,4758.8000,1,1,1,1,1,1,1,2,1,1
SF,IC2003,2019-11-29 09:34:25.600,4756.4000,34269,0,167439280.000,0,-,-,-,-,4755.8000,4755.6000,4755.0000,4753.8000,4753.2000,4757.2000,4758.2000,4758.4000,4758.6000,4758.8000,1,2,1,1,1,1,1,2,1,1
SF,IC2003,2019-11-29 09:34:26.100,4756.4000,34269,0,167439280.000,0,-,-,-,-,4756.0000,4755.8000,4755.0000,4753.8000,4753.2000,4757.2000,4758.2000,4758.4000,4758.6000,4758.8000,2,1,1,1,1,1,1,2,1,1
SF,IC2003,2019-11-29 09:34:26.600,4756.0000,34269,0,168390480.000,1,0,1,多换,S,4756.0000,4755.8000,4755.0000,4753.8000,4753.2000,4757.2000,4758.2000,4758.4000,4758.6000,4758.8000,1,1,1,1,1,1,1,2,1,1
SF,IC2003,2019-11-29 09:34:27.100,4756.0000,34269,0,168390480.000,0,-,-,-,-,4755.0000,4753.8000,4753.2000,4752.8000,4752.2000,4757.2000,4758.2000,4758.4000,4758.6000,4758.8000,1,1,1,1,1,1,1,2,1,1
SF,IC2003,2019-11-29 09:34:27.600,4756.0000,34269,0,168390480.000,0,-,-,-,-,4755.4000,4755.2000,4755.0000,4753.8000,4753.2000,4757.2000,4758.2000,4758.4000,4758.6000,4758.8000,1,3,1,1,1,1,1,2,1,1
SF,IC2003,2019-11-29 09:34:28.100,4756.0000,34269,0,168390480.000,0,-,-,-,-,4755.8000,4755.6000,4755.2000,4755.0000,4753.8000,4757.2000,4758.2000,4758.4000,4758.6000,4758.8000,1,2,2,1,1,1,1,2,1,1
SF,IC2003,2019-11-29 09:34:28.600,4756.0000,34269,0,168390480.000,0,-,-,-,-,4756.0000,4755.2000,4755.0000,4753.8000,4753.2000,4757.0000,4757.2000,4758.2000,4758.4000,4758.6000,1,2,1,1,1,1,1,1,2,1
SF,IC2003,2019-11-29 09:34:29.100,4756.0000,34269,0,168390480.000,0,-,-,-,-,4756.0000,4755.2000,4755.0000,4753.8000,4753.2000,4757.0000,4757.2000,4758.2000,4758.4000,4758.6000,1,2,1,1,1,1,1,1,1,1
SF,IC2003,2019-11-29 09:34:30.600,4756.0000,34269,0,168390480.000,0,-,-,-,-,4756.0000,4755.2000,4755.0000,4753.8000,4753.2000,4757.0000,4757.2000,4758.2000,4758.4000,4758.6000,1,1,1,1,1,1,1,1,1,1
SF,IC2003,2019-11-29 09:34:31.100,4756.0000,34269,0,168390480.000,0,-,-,-,-,4755.0000,4753.8000,4753.2000,4752.8000,4752.2000,4757.0000,4757.2000,4758.2000,4758.4000,4758.6000,1,1,1,1,1,1,1,1,1,1
SF,IC2003,2019-11-29 09:34:31.600,4756.0000,34269,0,168390480.000,0,-,-,-,-,4755.2000,4755.0000,4753.8000,4753.2000,4752.8000,4756.8000,4757.0000,4757.2000,4758.2000,4758.6000,3,1,1,1,1,1,1,1,1,1
SF,IC2003,2019-11-29 09:34:32.100,4756.0000,34269,0,168390480.000,0,-,-,-,-,4755.2000,4755.0000,4753.8000,4753.2000,4752.8000,4756.8000,4757.0000,4757.2000,4758.2000,4758.8000,2,1,1,1,1,1,1,1,1,1
SF,IC2003,2019-11-29 09:34:32.600,4756.0000,34269,0,168390480.000,0,-,-,-,-,4755.2000,4755.0000,4753.8000,4753.2000,4752.8000,4756.8000,4757.2000,4758.2000,4758.8000,4760.0000,2,1,1,1,1,1,1,1,1,1
SF,IC2003,2019-11-29 09:34:33.100,4756.0000,34269,0,168390480.000,0,-,-,-,-,4753.8000,4753.2000,4752.8000,4752.2000,4752.0000,4756.6000,4756.8000,4757.2000,4758.2000,4758.8000,1,1,1,1,3,2,1,1,1,1
SF,IC2003,2019-11-29 09:34:33.600,4756.0000,34269,0,168390480.000,0,-,-,-,-,4755.4000,4755.0000,4754.2000,4754.0000,4753.8000,4756.4000,4756.6000,4757.2000,4758.2000,4758.8000,3,1,1,2,1,2,1,1,1,1
SF,IC2003,2019-11-29 09:34:34.100,4756.0000,34269,0,168390480.000,0,-,-,-,-,4754.0000,4753.8000,4753.2000,4752.8000,4752.2000,4756.4000,4757.2000,4758.2000,4758.8000,4760.0000,2,1,1,1,1,1,1,1,1,1
SF,IC2003,2019-11-29 09:34:34.600,4756.0000,34269,0,168390480.000,0,-,-,-,-,4754.4000,4754.0000,4753.8000,4753.2000,4752.8000,4756.2000,4756.4000,4757.2000,4758.2000,4758.8000,1,2,1,1,1,1,1,1,1,1
SF,IC2003,2019-11-29 09:34:35.100,4756.0000,34269,0,168390480.000,0,-,-,-,-,4754.8000,4754.6000,4754.4000,4754.2000,4754.0000,4756.2000,4756.4000,4757.2000,4758.2000,4758.8000,1,2,1,1,1,1,1,1,1,1
SF,IC2003,2019-11-29 09:34:35.600,4756.0000,34269,0,168390480.000,0,-,-,-,-,4755.0000,4754.4000,4754.2000,4754.0000,4753.8000,4756.2000,4756.4000,4757.2000,4758.2000,4758.8000,2,1,1,1,1,1,1,1,1,1
SF,IC2003,2019-11-29 09:34:36.100,4756.0000,34269,0,168390480.000,0,-,-,-,-,4755.0000,4754.4000,4754.2000,4754.0000,4753.8000,4756.2000,4756.4000,4757.2000,4758.2000,4758.8000,1,1,1,1,1,1,1,1,1,1
SF,IC2003,2019-11-29 09:34:36.600,4756.0000,34269,0,168390480.000,0,-,-,-,-,4754.4000,4754.2000,4754.0000,4753.8000,4753.2000,4756.2000,4756.4000,4757.2000,4758.2000,4758.8000,1,1,1,1,1,1,1,1,1,1
SF,IC2003,2019-11-29 09:34:37.100,4756.0000,34269,0,168390480.000,0,-,-,-,-,4754.8000,4754.6000,4754.4000,4754.2000,4754.0000,4756.2000,4756.4000,4757.2000,4758.2000,4758.8000,1,2,1,1,1,1,1,1,1,1
SF,IC2003,2019-11-29 09:34:37.600,4756.0000,34269,0,168390480.000,0,-,-,-,-,4755.0000,4754.4000,4754.2000,4754.0000,4753.8000,4756.2000,4756.4000,4757.2000,4758.2000,4758.8000,2,1,1,1,1,1,1,1,1,1
SF,IC2003,2019-11-29 09:34:38.600,4756.0000,34269,0,168390480.000,0,-,-,-,-,4755.6000,4755.0000,4754.4000,4754.2000,4754.0000,4756.2000,4756.4000,4757.2000,4758.2000,4760.0000,1,1,1,1,1,1,1,1,1,1
SF,IC2003,2019-11-29 09:34:39.100,4756.0000,34269,0,168390480.000,0,-,-,-,-,4755.6000,4754.4000,4754.2000,4754.0000,4753.8000,4756.2000,4756.4000,4757.2000,4758.2000,4758.6000,1,1,1,1,1,1,1,1,1,1
SF,IC2003,2019-11-29 09:34:40.100,4756.0000,34269,0,168390480.000,0,-,-,-,-,4755.6000,4754.4000,4754.2000,4754.0000,4753.8000,4756.2000,4756.4000,4757.2000,4758.2000,4758.6000,1,1,1,1,1,1,1,1,1,1
SF,IC2003,2019-11-29 09:34:40.600,4756.0000,34269,0,168390480.000,0,-,-,-,-,4755.6000,4754.4000,4754.2000,4754.0000,4753.8000,4756.0000,4756.2000,4757.2000,4758.2000,4758.6000,1,1,1,1,1,1,1,1,1,1
