市场代码,合约代码,时间,最新,持仓,增仓,成交额,成交量,开仓,平仓,成交类型,方向,买一价,买二价,买三价,买四价,买五价,卖一价,卖二价,卖三价,卖四价,卖五价,买一量,买二量,买三量,买四量,买五量,卖一量,卖二量,卖三量,卖四量,卖五量
SF,IC2009,2020-04-10 09:29:00.100,5019.0000,35413,0,7026600.000,7.000,-,-,-,-,5015.2000,5015.0000,5010.4000,5010.0000,5005.0000,5019.0000,5020.0000,5022.6000,5028.0000,5029.0000,1,21,1,22,1,2,7,1,2,15
SF,IC2009,2020-04-10 09:30:00.100,5014.8000,35424,11,34103680.000,27,19,8,空开,S,5010.0000,5005.0000,5004.0000,5002.4000,5001.0000,5014.8000,5015.2000,5016.2000,5018.2000,5018.6000,19,1,1,2,5,9,5,1,1,8
SF,IC2009,2020-04-10 09:30:00.600,5014.4000,35421,-3,39118080.000,5,1,4,多平,S,5010.2000,5010.0000,5005.0000,5004.0000,5002.4000,5014.6000,5014.8000,5015.0000,5015.2000,5015.4000,2,19,1,1,2,5,10,1,4,2
SF,IC2009,2020-04-10 09:30:01.100,5010.4000,35421,0,40120160.000,1,0,1,多换,S,5010.4000,5010.2000,5010.0000,5005.0000,5004.0000,5014.2000,5014.6000,5014.8000,5015.0000,5015.2000,3,2,19,1,1,1,3,5,2,1
SF,IC2009,2020-04-10 09:30:01.600,5010.4000,35421,0,41122240.000,1,0,1,多换,S,5010.6000,5010.4000,5010.0000,5005.0000,5004.0000,5014.0000,5014.2000,5014.8000,5015.0000,5015.2000,1,2,19,1,1,2,3,4,2,1
SF,IC2009,2020-04-10 09:30:02.100,5011.2000,35420,-1,46132760.000,5,2,3,多平,S,5010.0000,5005.0000,5004.0000,5002.4000,5001.0000,5014.0000,5014.2000,5014.8000,5015.0000,5015.2000,18,1,1,2,5,4,3,4,2,1
SF,IC2009,2020-04-10 09:30:02.600,5011.2000,35420,0,46132760.000,0,-,-,-,-,5010.0000,5005.0000,5004.0000,5002.4000,5001.0000,5012.8000,5013.6000,5013.8000,5014.0000,5014.2000,18,1,1,2,5,1,7,3,2,3
SF,IC2009,2020-04-10 09:30:03.100,5012.6000,35418,-2,51143800.000,5,1,4,多平,S,5010.0000,5005.0000,5004.0000,5002.4000,5001.0000,5012.4000,5012.6000,5012.8000,5013.6000,5013.8000,15,1,1,2,5,2,1,4,8,2
SF,IC2009,2020-04-10 09:30:03.600,5010.0000,35418,0,55151800.000,4,2,2,多换,S,5010.0000,5005.0000,5004.0000,5002.4000,5001.0000,5011.2000,5012.0000,5012.2000,5012.8000,5013.6000,11,1,1,2,5,1,1,1,2,8
SF,IC2009,2020-04-10 09:30:04.100,5013.6000,35420,2,75195120.000,20,11,9,空开,S,5005.0000,5004.0000,5002.4000,5001.0000,5000.0000,5013.6000,5013.8000,5014.2000,5014.8000,5015.0000,1,1,2,5,3,6,1,2,2,2
SF,IC2009,2020-04-10 09:30:04.600,5013.6000,35420,0,75195120.000,0,-,-,-,-,5005.2000,5005.0000,5004.8000,5004.0000,5002.4000,5009.8000,5010.0000,5011.2000,5011.4000,5011.6000,2,1,3,1,2,5,1,3,2,1
SF,IC2009,2020-04-10 09:30:05.100,5010.2000,35419,-1,77199200.000,2,0,2,多平,S,5005.2000,5005.0000,5004.8000,5004.0000,5002.4000,5012.8000,5013.2000,5013.6000,5014.2000,5014.8000,3,1,3,1,2,2,1,7,1,2
SF,IC2009,2020-04-10 09:30:05.600,5010.2000,35419,0,77199200.000,0,-,-,-,-,5005.8000,5005.4000,5005.2000,5005.0000,5004.8000,5012.2000,5012.8000,5013.2000,5013.4000,5013.6000,1,1,3,1,3,2,2,1,1,7
SF,IC2009,2020-04-10 09:30:06.100,5010.2000,35419,0,77199200.000,0,-,-,-,-,5010.2000,5006.0000,5005.8000,5005.2000,5005.0000,5012.2000,5012.8000,5013.0000,5013.2000,5013.4000,1,3,1,1,1,1,2,1,1,1
SF,IC2009,2020-04-10 09:30:06.600,5012.0000,35419,0,79203640.000,2,1,1,多换,S,5006.0000,5005.8000,5005.2000,5005.0000,5004.8000,5012.2000,5012.8000,5013.0000,5013.2000,5013.6000,3,1,1,1,3,1,2,1,1,7
SF,IC2009,2020-04-10 09:30:07.100,5012.0000,35419,0,79203640.000,0,-,-,-,-,5006.0000,5005.8000,5005.2000,5005.0000,5004.8000,5012.2000,5012.8000,5013.2000,5013.6000,5013.8000,3,1,1,1,3,1,2,1,1,1
SF,IC2009,2020-04-10 09:30:07.600,5012.2000,35419,0,81208520.000,2,1,1,多换,S,5012.2000,5007.6000,5007.0000,5006.0000,5005.8000,5012.8000,5013.2000,5014.0000,5014.8000,5015.0000,3,1,1,3,1,1,1,1,2,2
SF,IC2009,2020-04-10 09:30:08.100,5012.2000,35418,-1,86220720.000,5,2,3,多平,S,5007.0000,5006.0000,5005.8000,5005.2000,5005.0000,5012.0000,5012.2000,5012.4000,5012.6000,5012.8000,1,3,1,1,1,5,1,1,3,1
SF,IC2009,2020-04-10 09:30:08.600,5012.2000,35418,0,86220720.000,0,-,-,-,-,5007.6000,5007.2000,5007.0000,5006.0000,5005.8000,5012.0000,5012.2000,5012.4000,5012.6000,5012.8000,1,1,1,2,1,7,1,1,3,1
SF,IC2009,2020-04-10 09:30:09.100,5012.2000,35418,0,86220720.000,0,-,-,-,-,5007.8000,5007.6000,5007.0000,5006.0000,5005.8000,5012.0000,5012.2000,5012.4000,5012.6000,5013.6000,1,1,1,2,1,7,1,1,2,1
SF,IC2009,2020-04-10 09:30:09.600,5012.2000,35418,0,86220720.000,0,-,-,-,-,5008.0000,5007.8000,5006.0000,5005.8000,5005.4000,5012.0000,5012.2000,5012.4000,5012.6000,5013.6000,1,1,2,1,1,7,1,1,2,1
SF,IC2009,2020-04-10 09:30:10.100,5012.2000,35418,0,86220720.000,0,-,-,-,-,5008.2000,5008.0000,5007.4000,5006.0000,5005.8000,5012.0000,5012.2000,5012.4000,5013.6000,5013.8000,4,1,1,2,1,3,1,1,1,2
SF,IC2009,2020-04-10 09:30:10.600,5012.2000,35418,0,86220720.000,0,-,-,-,-,5008.2000,5008.0000,5007.4000,5006.0000,5005.8000,5012.0000,5012.2000,5012.4000,5013.6000,5013.8000,4,1,1,2,1,2,1,1,1,2
SF,IC2009,2020-04-10 09:30:11.100,5012.2000,35418,0,86220720.000,0,-,-,-,-,5008.8000,5008.2000,5007.4000,5006.0000,5005.8000,5012.0000,5012.4000,5013.6000,5013.8000,5014.0000,2,4,1,2,1,2,1,1,2,1
SF,IC2009,2020-04-10 09:30:11.600,5012.2000,35418,0,86220720.000,0,-,-,-,-,5009.0000,5008.8000,5008.2000,5007.4000,5006.0000,5011.6000,5012.0000,5013.8000,5014.8000,5015.0000,1,2,3,1,2,1,2,2,3,2
SF,IC2009,2020-04-10 09:30:12.100,5009.2000,35416,-2,88224920.000,2,0,2,双平,S,5009.0000,5008.8000,5008.2000,5008.0000,5007.4000,5012.0000,5013.8000,5014.8000,5015.0000,5015.2000,3,2,3,3,1,2,2,3,2,2
SF,IC2009,2020-04-10 09:30:12.600,5009.0000,35414,-2,90228520.000,2,0,2,双平,S,5009.0000,5008.2000,5008.0000,5007.4000,5006.0000,5012.0000,5013.8000,5014.8000,5015.0000,5015.2000,1,4,3,1,2,2,2,3,2,2
SF,IC2009,2020-04-10 09:30:13.100,5009.0000,35414,0,90228520.000,0,-,-,-,-,5010.0000,5009.4000,5009.2000,5009.0000,5008.2000,5011.8000,5012.0000,5013.8000,5014.8000,5015.0000,1,1,1,1,4,1,2,2,2,2
SF,IC2009,2020-04-10 09:30:13.600,5009.0000,35414,0,90228520.000,0,-,-,-,-,5010.2000,5010.0000,5009.6000,5009.4000,5009.2000,5012.0000,5013.8000,5014.8000,5015.0000,5015.2000,1,1,3,1,1,2,2,2,2,1
SF,IC2009,2020-04-10 09:30:14.100,5009.0000,35414,0,90228520.000,0,-,-,-,-,5010.2000,5010.0000,5009.6000,5009.4000,5009.0000,5012.0000,5013.8000,5014.8000,5015.0000,5015.2000,1,1,3,1,1,2,2,2,2,1
SF,IC2009,2020-04-10 09:30:14.600,5009.0000,35414,0,90228520.000,0,-,-,-,-,5010.2000,5010.0000,5009.6000,5009.4000,5009.0000,5011.8000,5012.0000,5013.8000,5014.8000,5015.0000,1,1,2,1,1,1,2,2,2,2
SF,IC2009,2020-04-10 09:30:15.100,5012.0000,35414,0,93235680.000,3,1,2,多换,S,5012.0000,5010.2000,5010.0000,5009.6000,5009.4000,5013.8000,5014.8000,5015.0000,5015.2000,5015.4000,2,1,1,1,1,2,2,2,1,2
SF,IC2009,2020-04-10 09:30:15.600,5012.0000,35414,0,95240480.000,2,1,1,多换,S,5010.6000,5010.2000,5010.0000,5009.6000,5009.4000,5012.0000,5013.6000,5013.8000,5014.8000,5015.0000,1,2,1,1,1,1,1,2,1,2
SF,IC2009,2020-04-10 09:30:16.100,5012.0000,35413,-1,96242880.000,1,0,1,双平,S,5012.2000,5010.8000,5010.6000,5010.2000,5010.0000,5013.6000,5013.8000,5014.8000,5015.2000,5015.4000,1,1,1,1,2,1,2,1,1,1
SF,IC2009,2020-04-10 09:30:16.600,5010.6000,35411,-2,98247440.000,2,0,2,双平,S,5011.4000,5010.2000,5010.0000,5009.0000,5008.0000,5012.2000,5013.8000,5014.8000,5015.2000,5015.4000,1,1,2,1,3,2,2,1,1,1
SF,IC2009,2020-04-10 09:30:17.100,5011.4000,35410,-1,99249720.000,1,0,1,双平,S,5010.2000,5010.0000,5009.0000,5008.0000,5007.4000,5013.8000,5014.8000,5015.2000,5015.4000,5016.0000,1,2,1,3,1,2,1,1,1,1
SF,IC2009,2020-04-10 09:30:17.600,5011.4000,35410,0,99249720.000,0,-,-,-,-,5010.4000,5010.2000,5010.0000,5009.0000,5008.8000,5011.4000,5013.8000,5014.8000,5015.2000,5015.4000,1,1,2,1,1,2,2,1,1,1
SF,IC2009,2020-04-10 09:30:18.100,5012.2000,35408,-2,102256720.000,3,0,3,多平,S,5010.4000,5010.2000,5010.0000,5009.0000,5008.8000,5013.8000,5014.8000,5015.2000,5015.4000,5016.0000,1,1,2,1,1,2,1,1,1,1
SF,IC2009,2020-04-10 09:30:18.600,5012.2000,35408,0,102256720.000,0,-,-,-,-,5012.0000,5011.4000,5010.4000,5010.2000,5010.0000,5013.8000,5014.8000,5015.2000,5015.4000,5016.0000,1,1,1,1,2,2,1,1,1,1
SF,IC2009,2020-04-10 09:30:19.100,5012.0000,35408,0,103259120.000,1,0,1,多换,S,5011.4000,5010.4000,5010.2000,5010.0000,5009.0000,5013.8000,5014.8000,5015.2000,5015.4000,5015.8000,1,1,1,2,1,2,1,1,1,1
SF,IC2009,2020-04-10 09:30:19.600,5013.8000,35407,-1,104261880.000,1,0,1,双平,S,5011.6000,5011.4000,5010.2000,5010.0000,5009.0000,5013.6000,5013.8000,5014.8000,5015.2000,5015.4000,1,1,1,2,1,1,1,1,1,1
SF,IC2009,2020-04-10 09:30:20.100,5013.8000,35407,0,104261880.000,0,-,-,-,-,5011.6000,5011.4000,5010.2000,5010.0000,5009.0000,5013.0000,5013.6000,5013.8000,5014.8000,5015.2000,1,1,1,1,1,1,1,1,1,1
SF,IC2009,2020-04-10 09:30:20.600,5013.8000,35407,0,104261880.000,0,-,-,-,-,5012.0000,5011.6000,5011.4000,5010.2000,5010.0000,5013.0000,5013.8000,5014.8000,5015.2000,5015.4000,1,1,6,1,1,1,1,1,1,1
SF,IC2009,2020-04-10 09:30:21.100,5012.0000,35406,-1,106266880.000,2,0,2,多平,S,5011.6000,5011.4000,5010.2000,5010.0000,5009.0000,5013.8000,5014.8000,5015.2000,5015.4000,5016.0000,1,6,1,1,1,2,1,1,1,1
SF,IC2009,2020-04-10 09:30:21.600,5012.0000,35406,0,106266880.000,0,-,-,-,-,5012.2000,5011.6000,5011.4000,5010.8000,5010.2000,5013.8000,5014.8000,5015.2000,5015.4000,5016.0000,1,1,6,1,1,2,1,1,1,1
SF,IC2009,2020-04-10 09:30:22.100,5012.0000,35406,0,106266880.000,0,-,-,-,-,5012.2000,5011.6000,5011.4000,5010.8000,5010.2000,5013.2000,5013.4000,5013.8000,5014.8000,5015.2000,1,1,6,1,1,1,1,2,1,1
SF,IC2009,2020-04-10 09:30:22.600,5013.8000,35404,-2,109274960.000,3,0,3,多平,S,5013.2000,5012.4000,5011.6000,5011.4000,5010.8000,5013.8000,5014.8000,5015.2000,5015.4000,5016.0000,1,1,1,6,1,1,1,1,1,1
SF,IC2009,2020-04-10 09:30:23.100,5013.8000,35403,-1,110277720.000,1,0,1,双平,S,5013.2000,5012.4000,5011.6000,5011.4000,5010.8000,5014.8000,5015.2000,5015.4000,5016.0000,5017.2000,1,1,1,6,1,1,1,1,1,1
SF,IC2009,2020-04-10 09:30:23.600,5013.8000,35403,0,110277720.000,0,-,-,-,-,5013.4000,5013.2000,5012.4000,5011.6000,5011.4000,5014.6000,5014.8000,5015.2000,5015.4000,5017.2000,1,2,1,1,6,1,1,1,1,1
SF,IC2009,2020-04-10 09:30:24.100,5013.8000,35403,0,110277720.000,0,-,-,-,-,5013.6000,5013.2000,5012.4000,5011.4000,5010.8000,5014.6000,5014.8000,5015.2000,5015.4000,5017.2000,2,2,1,6,1,2,1,1,1,1
SF,IC2009,2020-04-10 09:30:24.600,5014.6000,35401,-2,112283360.000,2,0,2,双平,S,5013.6000,5013.2000,5012.4000,5011.4000,5010.8000,5014.6000,5014.8000,5015.2000,5015.4000,5019.0000,1,5,1,6,1,1,1,1,1,2
SF,IC2009,2020-04-10 09:30:25.100,5014.6000,35400,-1,113286280.000,1,0,1,双平,S,5014.6000,5013.8000,5013.2000,5012.4000,5011.4000,5014.8000,5015.2000,5015.4000,5019.0000,5020.0000,9,1,5,1,6,1,1,1,2,6
SF,IC2009,2020-04-10 09:30:25.600,5014.6000,35391,-9,122312560.000,9,0,9,双平,S,5013.2000,5012.4000,5011.4000,5010.8000,5010.2000,5014.8000,5015.2000,5015.4000,5019.0000,5020.0000,5,1,5,1,1,2,1,1,2,6
SF,IC2009,2020-04-10 09:30:26.100,5014.6000,35391,0,122312560.000,0,-,-,-,-,5013.4000,5013.2000,5012.4000,5011.4000,5010.8000,5014.8000,5015.2000,5015.4000,5019.0000,5020.0000,2,5,1,5,1,2,1,1,2,6
SF,IC2009,2020-04-10 09:30:26.600,5013.8000,35389,-2,125321240.000,3,0,3,多平,S,5013.4000,5013.2000,5011.4000,5010.8000,5010.2000,5015.2000,5015.4000,5019.0000,5020.0000,5022.6000,2,5,5,1,1,1,1,2,6,1
SF,IC2009,2020-04-10 09:30:27.100,5013.8000,35389,0,125321240.000,0,-,-,-,-,5013.4000,5013.2000,5011.4000,5010.8000,5010.2000,5015.2000,5015.4000,5019.0000,5020.0000,5022.6000,2,5,5,1,1,1,1,2,6,1
SF,IC2009,2020-04-10 09:30:27.600,5013.8000,35389,0,125321240.000,0,-,-,-,-,5013.4000,5013.2000,5010.8000,5010.2000,5010.0000,5015.2000,5019.0000,5020.0000,5022.6000,5022.8000,2,5,1,1,1,1,2,6,1,5
SF,IC2009,2020-04-10 09:30:28.100,5015.2000,35390,1,126324280.000,1,1,0,双开,S,5015.2000,5013.4000,5013.2000,5010.8000,5010.2000,5019.0000,5020.0000,5022.6000,5022.8000,5027.8000,4,2,5,1,1,2,6,1,5,1
SF,IC2009,2020-04-10 09:30:28.600,5015.2000,35391,1,128330360.000,2,1,1,空开,S,5015.2000,5013.4000,5013.2000,5010.8000,5010.2000,5018.8000,5019.0000,5020.0000,5022.6000,5022.8000,2,1,5,1,2,2,2,6,1,5
SF,IC2009,2020-04-10 09:30:29.100,5015.2000,35391,0,130336440.000,2,1,1,多换,S,5013.4000,5013.2000,5010.8000,5010.2000,5010.0000,5015.4000,5018.0000,5018.6000,5018.8000,5019.0000,1,5,1,2,1,1,1,2,2,2
SF,IC2009,2020-04-10 09:30:29.600,5015.2000,35391,0,130336440.000,0,-,-,-,-,5013.6000,5013.4000,5013.2000,5010.8000,5010.2000,5015.4000,5018.0000,5018.6000,5018.8000,5019.0000,2,1,5,1,2,1,1,2,1,2
SF,IC2009,2020-04-10 09:30:30.100,5015.2000,35391,0,130336440.000,0,-,-,-,-,5013.8000,5013.6000,5013.2000,5010.8000,5010.2000,5015.4000,5018.0000,5018.8000,5019.0000,5020.0000,1,2,5,1,2,1,1,1,2,6
SF,IC2009,2020-04-10 09:30:30.600,5015.2000,35391,0,130336440.000,0,-,-,-,-,5014.0000,5013.8000,5013.6000,5013.2000,5010.8000,5015.4000,5018.0000,5018.8000,5019.0000,5020.0000,1,1,1,5,1,1,1,1,2,6
SF,IC2009,2020-04-10 09:30:31.100,5015.4000,35390,-1,132342600.000,2,0,2,多平,S,5015.4000,5014.2000,5013.6000,5013.2000,5010.8000,5018.0000,5018.8000,5019.0000,5020.0000,5022.6000,1,2,1,5,1,1,1,2,6,1
SF,IC2009,2020-04-10 09:30:31.600,5015.4000,35390,0,132342600.000,0,-,-,-,-,5015.4000,5014.2000,5013.2000,5010.8000,5010.2000,5017.8000,5019.0000,5020.0000,5022.6000,5022.8000,1,1,5,1,2,1,2,6,1,5
SF,IC2009,2020-04-10 09:30:32.100,5015.4000,35390,0,132342600.000,0,-,-,-,-,5015.4000,5014.2000,5013.2000,5010.8000,5010.2000,5017.6000,5017.8000,5019.0000,5020.0000,5022.6000,2,1,5,1,2,2,2,2,6,1
SF,IC2009,2020-04-10 09:30:32.600,5015.4000,35388,-2,134348760.000,2,0,2,双平,S,5015.4000,5014.2000,5013.2000,5010.8000,5010.2000,5017.4000,5017.6000,5017.8000,5019.0000,5020.0000,1,1,5,1,2,1,2,2,2,6
SF,IC2009,2020-04-10 09:30:33.100,5010.8000,35387,-1,141367200.000,7,3,4,多平,S,5010.2000,5010.0000,5009.0000,5008.8000,5007.4000,5010.6000,5015.8000,5016.0000,5016.6000,5017.2000,2,2,1,1,1,4,1,2,4,1
SF,IC2009,2020-04-10 09:30:33.600,5010.6000,35383,-4,145375680.000,4,0,4,双平,S,5011.2000,5010.8000,5010.6000,5010.4000,5010.2000,5016.0000,5016.8000,5017.6000,5019.0000,5020.0000,3,11,1,3,2,1,1,1,2,6
SF,IC2009,2020-04-10 09:30:34.100,5010.6000,35383,0,145375680.000,0,-,-,-,-,5011.4000,5011.2000,5010.8000,5010.6000,5010.2000,5015.8000,5016.0000,5017.6000,5019.0000,5020.0000,2,2,11,1,2,2,1,1,2,6
SF,IC2009,2020-04-10 09:30:34.600,5010.6000,35383,0,145375680.000,0,-,-,-,-,5011.4000,5010.8000,5010.6000,5010.2000,5010.0000,5015.2000,5015.8000,5016.0000,5017.6000,5019.0000,1,11,1,2,2,1,3,1,1,2
SF,IC2009,2020-04-10 09:30:35.100,5010.6000,35383,0,145375680.000,0,-,-,-,-,5011.4000,5010.8000,5010.2000,5010.0000,5009.0000,5014.8000,5015.0000,5015.2000,5015.8000,5016.0000,1,11,2,3,2,1,1,1,1,2
SF,IC2009,2020-04-10 09:30:35.600,5010.6000,35383,0,145375680.000,0,-,-,-,-,5011.4000,5010.8000,5010.2000,5010.0000,5009.0000,5014.6000,5014.8000,5015.0000,5015.2000,5015.8000,1,11,2,3,1,2,1,1,1,1
SF,IC2009,2020-04-10 09:30:36.100,5010.6000,35383,0,145375680.000,0,-,-,-,-,5011.4000,5011.0000,5010.8000,5010.2000,5010.0000,5014.4000,5014.6000,5014.8000,5015.0000,5015.2000,1,1,11,2,3,1,1,1,1,1
SF,IC2009,2020-04-10 09:30:36.600,5010.6000,35383,0,145375680.000,0,-,-,-,-,5011.4000,5011.0000,5010.8000,5010.2000,5010.0000,5014.2000,5014.4000,5014.8000,5015.0000,5015.2000,1,1,11,2,3,1,1,1,1,1
SF,IC2009,2020-04-10 09:30:37.100,5010.6000,35383,0,145375680.000,0,-,-,-,-,5011.6000,5011.4000,5011.0000,5010.8000,5010.2000,5014.4000,5014.8000,5015.0000,5015.8000,5016.0000,2,1,1,11,2,1,1,1,1,1
SF,IC2009,2020-04-10 09:30:37.600,5010.6000,35383,0,145375680.000,0,-,-,-,-,5011.8000,5011.6000,5011.0000,5010.8000,5010.2000,5014.2000,5014.4000,5014.8000,5015.0000,5015.8000,1,2,1,11,2,1,1,1,1,1
SF,IC2009,2020-04-10 09:30:38.100,5010.6000,35383,0,145375680.000,0,-,-,-,-,5011.8000,5011.6000,5010.8000,5010.2000,5010.0000,5014.2000,5014.4000,5014.8000,5015.0000,5015.8000,2,2,11,2,3,1,1,1,1,1
SF,IC2009,2020-04-10 09:30:38.600,5010.6000,35383,0,145375680.000,0,-,-,-,-,5011.8000,5011.6000,5010.8000,5010.2000,5010.0000,5014.2000,5014.4000,5014.8000,5015.0000,5015.8000,2,1,11,2,3,1,1,1,1,1
SF,IC2009,2020-04-10 09:30:39.100,5010.6000,35383,0,145375680.000,0,-,-,-,-,5011.8000,5011.6000,5011.0000,5010.8000,5010.2000,5014.2000,5014.4000,5014.8000,5015.0000,5015.8000,2,1,1,11,2,1,1,1,1,1
SF,IC2009,2020-04-10 09:30:39.600,5010.6000,35383,0,145375680.000,0,-,-,-,-,5011.8000,5011.6000,5011.0000,5010.8000,5010.2000,5014.0000,5014.2000,5014.4000,5014.8000,5015.0000,2,1,1,11,2,1,1,1,1,1
SF,IC2009,2020-04-10 09:30:40.100,5010.6000,35383,0,145375680.000,0,-,-,-,-,5011.8000,5011.6000,5010.8000,5010.2000,5010.0000,5013.8000,5014.0000,5014.4000,5014.8000,5015.0000,2,1,11,2,3,1,1,1,1,1
SF,IC2009,2020-04-10 09:30:40.600,5010.6000,35383,0,145375680.000,0,-,-,-,-,5011.8000,5011.6000,5010.8000,5010.2000,5010.0000,5013.4000,5013.6000,5013.8000,5014.0000,5014.4000,1,1,11,2,4,1,1,1,1,1
SF,IC2009,2020-04-10 09:30:41.100,5010.6000,35383,0,145375680.000,0,-,-,-,-,5011.8000,5011.6000,5010.8000,5010.2000,5010.0000,5013.2000,5014.0000,5014.4000,5015.0000,5016.0000,1,1,11,2,4,2,1,1,1,1
SF,IC2009,2020-04-10 09:30:41.600,5013.0000,35383,0,146378280.000,1,0,1,多换,S,5012.0000,5011.6000,5010.8000,5010.2000,5010.0000,5013.2000,5014.0000,5014.4000,5015.0000,5016.0000,1,1,11,2,4,2,1,1,1,1
SF,IC2009,2020-04-10 09:30:42.100,5013.0000,35383,0,146378280.000,0,-,-,-,-,5012.0000,5010.8000,5010.2000,5010.0000,5009.4000,5013.2000,5014.0000,5015.0000,5016.0000,5020.0000,1,11,2,4,1,2,1,1,1,6
SF,IC2009,2020-04-10 09:30:42.600,5013.0000,35383,0,146378280.000,0,-,-,-,-,5012.0000,5010.8000,5010.2000,5010.0000,5009.4000,5013.2000,5014.0000,5015.0000,5016.0000,5020.0000,1,11,2,3,1,2,1,1,1,6
SF,IC2009,2020-04-10 09:30:43.100,5013.0000,35383,0,146378280.000,0,-,-,-,-,5012.0000,5010.8000,5010.2000,5010.0000,5009.4000,5013.2000,5014.0000,5014.4000,5015.0000,5016.0000,1,11,2,3,1,2,1,1,1,1
SF,IC2009,2020-04-10 09:30:43.600,5013.0000,35383,0,146378280.000,0,-,-,-,-,5012.0000,5011.8000,5010.8000,5010.2000,5010.0000,5013.2000,5014.0000,5015.0000,5016.0000,5020.0000,1,1,11,2,3,3,1,1,1,6
SF,IC2009,2020-04-10 09:30:44.100,5011.8000,35382,-1,148383040.000,2,0,2,多平,S,5010.8000,5010.2000,5010.0000,5009.4000,5009.2000,5013.2000,5014.0000,5015.0000,5016.0000,5020.0000,11,2,3,1,1,3,1,1,1,6
SF,IC2009,2020-04-10 09:30:44.600,5011.8000,35382,0,148383040.000,0,-,-,-,-,5011.0000,5010.8000,5010.2000,5010.0000,5009.4000,5013.0000,5013.2000,5015.0000,5016.0000,5020.0000,4,11,2,4,1,1,1,1,1,6
SF,IC2009,2020-04-10 09:30:45.100,5011.8000,35382,0,148383040.000,0,-,-,-,-,5011.0000,5010.8000,5010.2000,5010.0000,5009.4000,5012.8000,5013.0000,5013.2000,5015.0000,5016.0000,4,11,2,4,1,1,2,1,1,1
SF,IC2009,2020-04-10 09:30:45.600,5011.8000,35382,0,148383040.000,0,-,-,-,-,5011.0000,5010.8000,5010.2000,5010.0000,5009.0000,5012.6000,5013.2000,5016.0000,5020.0000,5022.6000,4,11,2,4,1,1,1,1,6,1
SF,IC2009,2020-04-10 09:30:46.100,5011.0000,35381,-1,149385240.000,1,0,1,双平,S,5010.8000,5010.2000,5010.0000,5009.0000,5008.8000,5012.4000,5013.2000,5016.0000,5020.0000,5022.6000,11,2,4,1,1,1,1,1,6,1
SF,IC2009,2020-04-10 09:30:46.600,5012.4000,35380,-1,150387720.000,1,0,1,双平,S,5012.8000,5012.6000,5011.0000,5010.8000,5010.2000,5013.2000,5016.0000,5020.0000,5022.6000,5022.8000,2,1,2,11,2,1,1,7,1,5
SF,IC2009,2020-04-10 09:30:47.100,5013.2000,35377,-3,153395480.000,3,0,3,双平,S,5011.0000,5010.8000,5010.2000,5010.0000,5009.0000,5016.0000,5020.0000,5022.6000,5022.8000,5028.0000,1,11,2,4,1,1,7,1,5,1
SF,IC2009,2020-04-10 09:30:47.600,5013.2000,35377,0,153395480.000,0,-,-,-,-,5011.0000,5010.8000,5010.2000,5010.0000,5009.0000,5013.6000,5015.0000,5015.4000,5015.8000,5016.0000,1,11,2,4,1,1,2,1,5,3
SF,IC2009,2020-04-10 09:30:48.100,5013.2000,35377,0,153395480.000,0,-,-,-,-,5011.0000,5010.8000,5010.2000,5010.0000,5009.0000,5013.4000,5013.6000,5013.8000,5015.0000,5015.4000,1,11,2,4,1,2,1,1,2,1
SF,IC2009,2020-04-10 09:30:48.600,5013.2000,35377,0,153395480.000,0,-,-,-,-,5013.2000,5011.2000,5011.0000,5010.8000,5010.2000,5013.6000,5015.8000,5016.0000,5020.0000,5022.6000,1,1,1,11,2,1,1,1,7,1
SF,IC2009,2020-04-10 09:30:49.100,5013.6000,35375,-2,155400840.000,2,0,2,双平,S,5013.6000,5011.2000,5011.0000,5010.8000,5010.2000,5016.0000,5020.0000,5022.6000,5022.8000,5028.0000,1,1,1,11,2,1,7,1,5,1
SF,IC2009,2020-04-10 09:30:49.600,5013.6000,35375,0,155400840.000,0,-,-,-,-,5013.4000,5011.8000,5011.0000,5010.8000,5010.2000,5015.2000,5015.8000,5016.0000,5020.0000,5022.6000,2,1,1,11,2,2,3,1,7,1
SF,IC2009,2020-04-10 09:30:50.100,5013.6000,35375,0,155400840.000,0,-,-,-,-,5013.6000,5013.4000,5011.8000,5011.0000,5010.8000,5014.4000,5015.0000,5015.8000,5016.0000,5020.0000,1,2,1,1,11,1,2,1,3,7
SF,IC2009,2020-04-10 09:30:50.600,5013.6000,35374,-1,156403560.000,1,0,1,双平,S,5013.4000,5011.8000,5011.0000,5010.8000,5010.2000,5014.4000,5015.0000,5015.4000,5015.8000,5016.0000,2,1,1,11,2,1,2,1,1,2
SF,IC2009,2020-04-10 09:30:51.100,5013.6000,35374,0,156403560.000,0,-,-,-,-,5013.4000,5011.8000,5011.0000,5010.8000,5010.2000,5014.2000,5014.4000,5015.0000,5015.8000,5016.0000,2,1,1,11,2,1,1,2,1,2
SF,IC2009,2020-04-10 09:30:51.600,5013.4000,35373,-1,158408920.000,2,0,2,多平,S,5011.8000,5011.0000,5010.8000,5010.2000,5010.0000,5014.2000,5014.4000,5015.0000,5015.8000,5016.0000,1,1,11,2,4,1,1,2,1,2
SF,IC2009,2020-04-10 09:30:52.100,5014.0000,35372,-1,159411720.000,1,0,1,双平,S,5012.0000,5011.8000,5010.8000,5010.2000,5010.0000,5014.2000,5014.4000,5015.0000,5015.8000,5016.0000,1,1,11,2,4,1,1,1,1,2
SF,IC2009,2020-04-10 09:30:52.600,5014.0000,35372,0,159411720.000,0,-,-,-,-,5012.0000,5011.8000,5010.8000,5010.2000,5010.0000,5014.4000,5015.0000,5015.8000,5016.0000,5020.0000,1,1,11,2,4,1,1,1,2,7
SF,IC2009,2020-04-10 09:30:53.100,5014.0000,35372,0,159411720.000,0,-,-,-,-,5012.0000,5011.8000,5010.8000,5010.2000,5010.0000,5013.6000,5015.0000,5015.8000,5016.0000,5020.0000,1,1,11,2,4,2,1,1,2,7
SF,IC2009,2020-04-10 09:30:53.600,5014.0000,35372,0,159411720.000,0,-,-,-,-,5012.2000,5012.0000,5011.8000,5010.8000,5010.2000,5013.6000,5015.0000,5016.0000,5016.2000,5020.0000,2,1,1,11,2,2,1,2,1,7
SF,IC2009,2020-04-10 09:30:54.600,5014.0000,35372,0,159411720.000,0,-,-,-,-,5012.2000,5012.0000,5011.8000,5010.8000,5010.2000,5013.6000,5015.0000,5016.0000,5016.2000,5020.0000,1,1,1,11,2,2,1,2,1,7
SF,IC2009,2020-04-10 09:30:55.100,5014.0000,35372,0,159411720.000,0,-,-,-,-,5012.0000,5011.8000,5010.8000,5010.2000,5010.0000,5013.4000,5013.6000,5015.0000,5016.0000,5016.2000,1,1,11,2,4,2,1,1,2,1
SF,IC2009,2020-04-10 09:30:55.600,5013.6000,35371,-1,160414440.000,1,0,1,双平,S,5012.2000,5012.0000,5011.8000,5010.8000,5010.2000,5013.4000,5013.6000,5015.0000,5016.0000,5016.2000,1,1,1,11,2,1,1,1,2,1
SF,IC2009,2020-04-10 09:30:56.100,5013.6000,35371,0,160414440.000,0,-,-,-,-,5012.0000,5011.8000,5010.8000,5010.2000,5010.0000,5013.4000,5013.6000,5015.0000,5016.0000,5016.2000,1,1,11,2,4,1,1,1,2,1
SF,IC2009,2020-04-10 09:30:56.600,5013.6000,35371,0,160414440.000,0,-,-,-,-,5011.8000,5010.8000,5010.2000,5010.0000,5009.0000,5013.4000,5015.0000,5016.0000,5016.2000,5020.0000,1,11,2,4,1,2,1,2,1,7
SF,IC2009,2020-04-10 09:30:57.100,5013.4000,35369,-2,162419800.000,2,0,2,双平,S,5013.4000,5012.0000,5011.8000,5010.8000,5010.2000,5015.0000,5016.0000,5016.2000,5020.0000,5022.6000,1,2,1,11,2,1,2,1,7,1
SF,IC2009,2020-04-10 09:30:57.600,5013.4000,35369,0,162419800.000,0,-,-,-,-,5013.4000,5012.0000,5011.8000,5010.8000,5010.2000,5014.6000,5015.0000,5016.0000,5016.2000,5020.0000,1,1,1,11,2,2,1,2,1,7
SF,IC2009,2020-04-10 09:30:58.100,5013.4000,35368,-1,163422480.000,1,0,1,双平,S,5012.0000,5011.8000,5010.8000,5010.2000,5010.0000,5014.4000,5014.6000,5015.0000,5016.0000,5016.2000,1,1,11,2,4,1,2,2,2,1
SF,IC2009,2020-04-10 09:30:58.600,5013.4000,35368,0,163422480.000,0,-,-,-,-,5012.2000,5012.0000,5011.8000,5010.8000,5010.2000,5014.4000,5015.0000,5016.0000,5016.2000,5020.0000,1,1,1,11,2,2,1,2,1,7
SF,IC2009,2020-04-10 09:30:59.100,5013.4000,35368,0,163422480.000,0,-,-,-,-,5012.4000,5012.2000,5011.8000,5010.8000,5010.2000,5014.4000,5015.0000,5016.0000,5016.2000,5020.0000,1,1,1,11,2,1,1,2,1,7
SF,IC2009,2020-04-10 09:30:59.600,5013.4000,35368,0,163422480.000,0,-,-,-,-,5012.6000,5012.4000,5012.2000,5011.8000,5010.8000,5014.4000,5015.0000,5016.0000,5016.2000,5020.0000,1,1,1,1,11,1,1,2,1,7
SF,IC2009,2020-04-10 09:31:00.100,5013.4000,35368,0,163422480.000,0,-,-,-,-,5012.8000,5011.8000,5010.8000,5010.4000,5010.2000,5014.4000,5015.0000,5016.0000,5016.2000,5020.0000,2,1,11,1,2,1,1,2,1,7
SF,IC2009,2020-04-10 09:31:00.600,5013.4000,35368,0,163422480.000,0,-,-,-,-,5012.8000,5011.8000,5011.4000,5010.8000,5010.4000,5014.4000,5015.0000,5016.0000,5016.2000,5020.0000,2,1,1,11,1,1,1,1,1,7
SF,IC2009,2020-04-10 09:31:01.100,5013.4000,35368,0,163422480.000,0,-,-,-,-,5012.8000,5011.8000,5011.4000,5010.8000,5010.2000,5014.4000,5015.0000,5016.0000,5016.2000,5020.0000,1,1,1,11,2,1,1,1,1,7
SF,IC2009,2020-04-10 09:31:01.600,5012.8000,35367,-1,164425040.000,1,0,1,双平,S,5011.8000,5011.4000,5010.8000,5010.2000,5010.0000,5014.2000,5014.4000,5015.0000,5016.0000,5016.2000,1,1,11,2,4,1,3,1,1,1
SF,IC2009,2020-04-10 09:31:02.100,5012.8000,35367,0,164425040.000,0,-,-,-,-,5011.8000,5011.4000,5010.8000,5010.2000,5010.0000,5014.4000,5015.0000,5016.0000,5016.2000,5020.0000,1,1,11,2,4,1,1,1,1,7
SF,IC2009,2020-04-10 09:31:02.600,5012.8000,35367,0,164425040.000,0,-,-,-,-,5012.0000,5011.8000,5011.4000,5010.8000,5010.2000,5013.8000,5014.2000,5014.4000,5015.0000,5016.0000,1,1,1,11,2,2,2,1,1,1
SF,IC2009,2020-04-10 09:31:03.100,5012.8000,35366,-1,165427600.000,1,0,1,双平,S,5012.0000,5011.8000,5011.4000,5010.8000,5010.2000,5013.6000,5014.2000,5014.4000,5015.0000,5016.0000,1,1,1,11,2,1,1,1,1,1
SF,IC2009,2020-04-10 09:31:03.600,5012.8000,35366,0,165427600.000,0,-,-,-,-,5011.8000,5011.4000,5010.8000,5010.2000,5010.0000,5013.4000,5013.6000,5014.2000,5014.4000,5015.0000,1,1,11,2,4,1,2,1,1,1
SF,IC2009,2020-04-10 09:31:04.100,5012.8000,35366,0,165427600.000,0,-,-,-,-,5011.8000,5011.4000,5010.8000,5010.2000,5010.0000,5013.6000,5014.2000,5014.4000,5015.0000,5016.0000,1,1,11,2,4,2,1,1,1,1
SF,IC2009,2020-04-10 09:31:04.600,5012.8000,35366,0,165427600.000,0,-,-,-,-,5011.8000,5011.4000,5010.8000,5010.2000,5010.0000,5013.4000,5014.2000,5014.4000,5015.0000,5016.0000,1,1,11,2,4,1,1,1,1,1
SF,IC2009,2020-04-10 09:31:05.100,5011.8000,35366,0,166429960.000,1,0,1,多换,S,5011.4000,5010.8000,5010.2000,5010.0000,5009.0000,5013.0000,5013.2000,5013.4000,5014.2000,5014.4000,1,11,2,4,1,2,2,2,1,1
SF,IC2009,2020-04-10 09:31:05.600,5011.8000,35366,0,166429960.000,0,-,-,-,-,5011.4000,5010.8000,5010.2000,5010.0000,5009.0000,5012.8000,5013.2000,5014.2000,5014.4000,5015.0000,1,11,2,4,1,1,1,1,1,1
SF,IC2009,2020-04-10 09:31:06.100,5011.8000,35366,0,166429960.000,0,-,-,-,-,5011.4000,5010.8000,5010.2000,5010.0000,5009.0000,5013.2000,5014.2000,5014.4000,5016.0000,5016.2000,1,11,2,4,1,1,1,1,1,1
SF,IC2009,2020-04-10 09:31:06.600,5011.8000,35366,0,166429960.000,0,-,-,-,-,5011.4000,5010.8000,5010.2000,5010.0000,5009.0000,5012.6000,5013.0000,5013.2000,5014.2000,5014.4000,1,11,2,4,1,1,3,1,1,1
SF,IC2009,2020-04-10 09:31:07.100,5011.8000,35366,0,166429960.000,0,-,-,-,-,5011.4000,5010.8000,5010.2000,5010.0000,5009.0000,5011.8000,5012.6000,5013.0000,5013.2000,5014.2000,1,11,2,4,1,1,1,2,1,1
SF,IC2009,2020-04-10 09:31:07.600,5011.8000,35364,-2,168434680.000,2,0,2,双平,S,5011.4000,5010.8000,5010.2000,5010.0000,5009.0000,5012.6000,5013.2000,5014.2000,5016.0000,5018.4000,1,11,2,4,1,1,1,1,1,1
SF,IC2009,2020-04-10 09:31:08.100,5011.8000,35364,0,168434680.000,0,-,-,-,-,5011.8000,5011.4000,5010.8000,5010.2000,5010.0000,5012.6000,5013.2000,5014.2000,5016.0000,5018.4000,1,1,11,2,4,1,1,1,1,1
SF,IC2009,2020-04-10 09:31:08.600,5012.6000,35363,-1,169437200.000,1,0,1,双平,S,5011.4000,5010.8000,5010.2000,5010.0000,5009.0000,5013.2000,5016.0000,5018.4000,5020.0000,5022.6000,1,11,2,4,1,1,1,1,7,1
SF,IC2009,2020-04-10 09:31:09.100,5012.6000,35363,0,169437200.000,0,-,-,-,-,5011.6000,5011.4000,5010.8000,5010.2000,5010.0000,5013.0000,5013.2000,5016.0000,5018.4000,5020.0000,1,1,11,2,4,3,1,1,1,7
SF,IC2009,2020-04-10 09:31:09.600,5012.6000,35363,0,169437200.000,0,-,-,-,-,5011.6000,5011.4000,5010.8000,5010.2000,5010.0000,5013.0000,5013.2000,5016.0000,5018.4000,5020.0000,1,1,11,2,4,3,1,1,1,7
SF,IC2009,2020-04-10 09:31:10.100,5012.6000,35363,0,169437200.000,0,-,-,-,-,5011.6000,5011.4000,5010.8000,5010.2000,5010.0000,5012.8000,5013.2000,5016.0000,5020.0000,5022.6000,1,1,11,2,4,2,1,1,7,1
SF,IC2009,2020-04-10 09:31:10.600,5012.8000,35361,-2,171442320.000,2,0,2,双平,S,5011.6000,5011.4000,5010.8000,5010.2000,5010.0000,5013.2000,5016.0000,5020.0000,5022.6000,5022.8000,1,1,11,2,4,1,1,7,1,5
SF,IC2009,2020-04-10 09:31:11.600,5012.8000,35361,0,171442320.000,0,-,-,-,-,5011.6000,5011.4000,5010.8000,5010.2000,5010.0000,5013.2000,5016.0000,5020.0000,5022.6000,5022.8000,1,1,11,2,4,1,1,7,1,5
SF,IC2009,2020-04-10 09:31:12.600,5012.8000,35361,0,171442320.000,0,-,-,-,-,5011.6000,5011.4000,5010.8000,5010.2000,5010.0000,5013.0000,5013.2000,5016.0000,5020.0000,5022.6000,1,1,11,2,4,1,1,1,7,1
SF,IC2009,2020-04-10 09:31:13.100,5012.8000,35361,0,171442320.000,0,-,-,-,-,5011.6000,5011.4000,5010.8000,5010.2000,5010.0000,5013.2000,5016.0000,5020.0000,5022.6000,5022.8000,1,1,11,2,4,1,1,7,1,5
SF,IC2009,2020-04-10 09:31:13.600,5012.8000,35361,0,171442320.000,0,-,-,-,-,5011.6000,5011.4000,5010.8000,5010.2000,5010.0000,5013.0000,5013.2000,5016.0000,5020.0000,5022.6000,1,1,11,2,9,1,1,1,7,1
SF,IC2009,2020-04-10 09:31:14.100,5011.6000,35360,-1,172444640.000,1,0,1,双平,S,5013.0000,5011.4000,5010.8000,5010.2000,5010.0000,5013.2000,5016.0000,5020.0000,5022.6000,5022.8000,1,1,11,2,9,1,1,7,1,5
SF,IC2009,2020-04-10 09:31:14.600,5013.0000,35359,-1,173447240.000,1,0,1,双平,S,5011.4000,5010.8000,5010.2000,5010.0000,5009.0000,5013.2000,5016.0000,5020.0000,5022.6000,5022.8000,1,11,2,9,1,1,1,7,1,5
SF,IC2009,2020-04-10 09:31:15.100,5013.2000,35358,-1,174449880.000,1,0,1,双平,S,5011.6000,5011.4000,5010.8000,5010.2000,5010.0000,5016.0000,5020.0000,5022.6000,5022.8000,5028.0000,3,1,11,2,9,1,7,1,5,1
SF,IC2009,2020-04-10 09:31:15.600,5013.2000,35358,0,174449880.000,0,-,-,-,-,5013.2000,5011.6000,5011.4000,5010.8000,5010.2000,5014.8000,5015.4000,5015.8000,5016.0000,5020.0000,1,2,1,11,2,2,1,4,3,7
SF,IC2009,2020-04-10 09:31:16.100,5011.6000,35357,-1,175452200.000,1,0,1,双平,S,5012.0000,5011.6000,5011.4000,5010.8000,5010.2000,5013.2000,5014.6000,5015.8000,5016.0000,5020.0000,1,1,1,11,2,1,1,2,2,7
SF,IC2009,2020-04-10 09:31:16.600,5011.6000,35357,0,175452200.000,0,-,-,-,-,5013.4000,5012.2000,5012.0000,5011.4000,5010.8000,5015.8000,5016.0000,5020.0000,5022.6000,5022.8000,1,2,2,1,11,2,2,7,1,5
SF,IC2009,2020-04-10 09:31:17.100,5013.4000,35356,-1,176454880.000,1,0,1,双平,S,5012.2000,5012.0000,5011.4000,5010.8000,5010.2000,5015.6000,5015.8000,5016.0000,5020.0000,5022.6000,1,2,1,11,2,2,1,2,7,1
SF,IC2009,2020-04-10 09:31:17.600,5013.4000,35356,0,176454880.000,0,-,-,-,-,5012.2000,5012.0000,5011.4000,5010.8000,5010.2000,5015.4000,5015.6000,5016.0000,5020.0000,5022.6000,1,2,1,11,2,1,2,2,7,1
SF,IC2009,2020-04-10 09:31:18.100,5013.4000,35356,0,176454880.000,0,-,-,-,-,5012.2000,5012.0000,5011.4000,5010.8000,5010.2000,5015.4000,5016.0000,5020.0000,5022.6000,5022.8000,1,2,1,11,2,3,1,7,1,5
SF,IC2009,2020-04-10 09:31:18.600,5013.4000,35356,0,176454880.000,0,-,-,-,-,5012.4000,5012.2000,5012.0000,5011.4000,5010.8000,5014.6000,5015.4000,5016.0000,5020.0000,5022.6000,1,1,2,1,11,2,2,1,7,1
SF,IC2009,2020-04-10 09:31:19.100,5013.4000,35356,0,176454880.000,0,-,-,-,-,5012.6000,5012.0000,5010.8000,5010.2000,5010.0000,5014.4000,5015.4000,5016.0000,5020.0000,5022.6000,1,2,11,2,9,1,2,1,7,1
SF,IC2009,2020-04-10 09:31:19.600,5013.4000,35356,0,176454880.000,0,-,-,-,-,5012.6000,5012.0000,5011.6000,5010.8000,5010.2000,5014.2000,5016.0000,5020.0000,5022.6000,5022.8000,1,1,1,11,2,1,1,7,1,5
SF,IC2009,2020-04-10 09:31:20.100,5013.4000,35356,0,176454880.000,0,-,-,-,-,5012.6000,5012.0000,5011.6000,5010.8000,5010.2000,5016.0000,5020.0000,5022.6000,5022.8000,5028.0000,1,1,1,11,2,1,7,1,5,1
SF,IC2009,2020-04-10 09:31:20.600,5013.4000,35356,0,176454880.000,0,-,-,-,-,5012.6000,5012.0000,5011.6000,5010.8000,5010.2000,5015.6000,5015.8000,5016.0000,5020.0000,5022.6000,1,1,1,11,2,2,1,1,7,1
SF,IC2009,2020-04-10 09:31:21.100,5013.4000,35356,0,176454880.000,0,-,-,-,-,5012.6000,5012.0000,5011.6000,5010.8000,5010.2000,5015.4000,5015.6000,5016.0000,5020.0000,5022.6000,1,1,1,11,2,1,2,2,7,1
SF,IC2009,2020-04-10 09:31:21.600,5013.4000,35356,0,176454880.000,0,-,-,-,-,5014.2000,5012.6000,5012.0000,5011.6000,5010.8000,5015.4000,5016.0000,5020.0000,5022.6000,5022.8000,1,1,1,1,11,2,2,7,1,5
SF,IC2009,2020-04-10 09:31:22.100,5014.2000,35355,-1,177457720.000,1,0,1,双平,S,5012.0000,5011.6000,5010.8000,5010.2000,5010.0000,5013.4000,5014.2000,5014.6000,5015.2000,5015.4000,1,1,11,2,9,2,2,2,1,1
SF,IC2009,2020-04-10 09:31:22.600,5013.4000,35354,-1,178460400.000,1,0,1,双平,S,5012.0000,5011.6000,5010.8000,5010.2000,5010.0000,5013.2000,5013.4000,5014.2000,5014.8000,5015.4000,1,1,11,2,9,1,2,2,1,2
SF,IC2009,2020-04-10 09:31:23.100,5013.4000,35354,0,178460400.000,0,-,-,-,-,5012.0000,5011.6000,5010.8000,5010.2000,5010.0000,5013.2000,5013.4000,5014.2000,5015.4000,5016.0000,1,1,11,2,9,1,2,2,2,1
SF,IC2009,2020-04-10 09:31:24.100,5013.4000,35354,0,178460400.000,0,-,-,-,-,5012.0000,5011.6000,5010.8000,5010.2000,5010.0000,5013.0000,5013.4000,5014.2000,5015.4000,5016.0000,1,1,11,2,9,1,2,2,2,1
SF,IC2009,2020-04-10 09:31:24.600,5013.4000,35354,0,178460400.000,0,-,-,-,-,5012.0000,5011.6000,5010.8000,5010.2000,5010.0000,5013.4000,5014.2000,5015.4000,5016.0000,5020.0000,1,1,11,2,9,2,2,2,1,7
SF,IC2009,2020-04-10 09:31:25.100,5013.2000,35353,-1,179463040.000,1,0,1,双平,S,5013.0000,5012.0000,5011.6000,5010.8000,5010.2000,5014.2000,5015.4000,5016.0000,5020.0000,5022.6000,1,1,1,11,2,2,2,1,7,1
SF,IC2009,2020-04-10 09:31:25.600,5013.0000,35352,-1,180465640.000,1,0,1,双平,S,5012.0000,5011.6000,5011.4000,5010.8000,5010.2000,5013.8000,5014.0000,5014.2000,5015.4000,5016.0000,1,1,1,11,2,2,1,3,2,1
SF,IC2009,2020-04-10 09:31:26.100,5013.0000,35352,0,180465640.000,0,-,-,-,-,5012.0000,5011.6000,5011.4000,5010.8000,5010.2000,5013.6000,5014.0000,5014.2000,5015.4000,5016.0000,1,1,1,11,2,1,1,2,2,1
SF,IC2009,2020-04-10 09:31:26.600,5013.2000,35352,0,181468280.000,1,0,1,多换,S,5012.0000,5011.6000,5011.4000,5010.8000,5010.2000,5013.2000,5013.6000,5014.0000,5014.2000,5015.4000,1,1,1,11,2,1,2,1,2,2
SF,IC2009,2020-04-10 09:31:27.100,5013.2000,35352,0,181468280.000,0,-,-,-,-,5012.0000,5011.6000,5011.4000,5010.8000,5010.2000,5013.2000,5013.6000,5014.0000,5014.2000,5015.4000,2,1,1,11,2,1,2,1,1,2
SF,IC2009,2020-04-10 09:31:27.600,5011.6000,35351,-1,184475400.000,3,1,2,多平,S,5011.4000,5010.8000,5010.2000,5010.0000,5009.0000,5013.6000,5014.0000,5014.2000,5015.4000,5016.0000,1,11,2,9,1,1,1,1,2,1
SF,IC2009,2020-04-10 09:31:28.100,5011.6000,35351,0,184475400.000,0,-,-,-,-,5011.6000,5011.4000,5010.8000,5010.2000,5010.0000,5013.2000,5013.6000,5014.0000,5014.2000,5015.4000,1,1,11,2,9,1,1,1,1,2
SF,IC2009,2020-04-10 09:31:28.600,5011.6000,35351,0,184475400.000,0,-,-,-,-,5011.4000,5010.8000,5010.2000,5010.0000,5009.0000,5013.0000,5013.4000,5014.0000,5014.2000,5015.4000,1,11,2,9,1,1,1,1,1,2
SF,IC2009,2020-04-10 09:31:29.100,5011.6000,35351,0,184475400.000,0,-,-,-,-,5011.4000,5010.8000,5010.2000,5010.0000,5009.0000,5012.8000,5013.0000,5014.0000,5014.2000,5015.4000,1,11,2,9,1,1,1,1,1,2
SF,IC2009,2020-04-10 09:31:29.600,5011.6000,35351,0,184475400.000,0,-,-,-,-,5011.6000,5011.4000,5010.8000,5010.2000,5010.0000,5013.0000,5014.0000,5014.2000,5015.4000,5016.0000,2,1,11,2,9,1,1,1,2,1
SF,IC2009,2020-04-10 09:31:30.100,5011.6000,35348,-3,187482360.000,3,0,3,双平,S,5011.4000,5010.8000,5010.2000,5010.0000,5009.0000,5014.0000,5014.2000,5015.4000,5016.0000,5020.0000,1,11,2,9,1,1,1,2,1,7
SF,IC2009,2020-04-10 09:31:30.600,5011.6000,35348,0,187482360.000,0,-,-,-,-,5011.6000,5011.4000,5010.8000,5010.2000,5010.0000,5013.0000,5013.8000,5014.0000,5014.2000,5015.4000,2,1,11,2,9,1,1,1,1,2
SF,IC2009,2020-04-10 09:31:31.100,5011.6000,35346,-2,189487000.000,2,0,2,双平,S,5011.4000,5010.8000,5010.2000,5010.0000,5009.0000,5012.8000,5013.0000,5013.4000,5013.8000,5014.0000,1,11,2,9,1,1,1,1,1,1
SF,IC2009,2020-04-10 09:31:31.600,5011.6000,35346,0,189487000.000,0,-,-,-,-,5011.4000,5010.8000,5010.2000,5010.0000,5009.0000,5013.0000,5013.4000,5013.8000,5014.0000,5014.2000,1,11,2,9,1,1,1,1,1,1
SF,IC2009,2020-04-10 09:31:32.100,5011.6000,35346,0,189487000.000,0,-,-,-,-,5011.6000,5011.4000,5010.8000,5010.2000,5010.0000,5013.0000,5013.4000,5013.8000,5014.0000,5015.4000,1,1,11,2,9,1,1,1,1,2
SF,IC2009,2020-04-10 09:31:32.600,5011.6000,35346,0,189487000.000,0,-,-,-,-,5012.8000,5011.8000,5011.6000,5011.4000,5010.8000,5013.8000,5014.0000,5015.4000,5016.0000,5020.0000,1,1,1,1,11,1,1,2,1,7
SF,IC2009,2020-04-10 09:31:33.100,5012.8000,35345,-1,190489560.000,1,0,1,双平,S,5011.8000,5011.4000,5010.8000,5010.2000,5010.0000,5012.8000,5013.4000,5013.6000,5013.8000,5014.0000,1,1,11,1,8,2,1,1,1,1
SF,IC2009,2020-04-10 09:31:33.600,5012.8000,35345,0,190489560.000,0,-,-,-,-,5011.4000,5010.8000,5010.2000,5010.0000,5009.0000,5011.8000,5012.8000,5013.6000,5013.8000,5014.0000,1,11,1,8,1,1,2,1,1,1
SF,IC2009,2020-04-10 09:31:34.100,5011.6000,35345,0,192494160.000,2,1,1,多换,S,5010.8000,5010.2000,5010.0000,5009.0000,5008.8000,5012.8000,5013.6000,5013.8000,5014.0000,5015.4000,11,1,9,1,1,1,1,1,1,1
SF,IC2009,2020-04-10 09:31:34.600,5011.6000,35345,0,192494160.000,0,-,-,-,-,5011.0000,5010.8000,5010.2000,5010.0000,5009.0000,5012.6000,5012.8000,5013.6000,5014.0000,5015.4000,1,11,1,9,1,1,1,1,1,1
SF,IC2009,2020-04-10 09:31:35.100,5011.6000,35345,0,192494160.000,0,-,-,-,-,5010.8000,5010.2000,5010.0000,5009.0000,5008.8000,5012.4000,5012.6000,5012.8000,5013.6000,5014.0000,11,1,9,1,2,1,1,2,1,1
SF,IC2009,2020-04-10 09:31:35.600,5011.6000,35345,0,192494160.000,0,-,-,-,-,5011.2000,5011.0000,5010.8000,5010.2000,5010.0000,5012.6000,5013.6000,5014.0000,5015.4000,5016.0000,1,1,11,1,9,1,1,1,1,1
SF,IC2009,2020-04-10 09:31:36.100,5011.6000,35345,0,192494160.000,0,-,-,-,-,5011.2000,5011.0000,5010.8000,5010.2000,5010.0000,5012.4000,5012.6000,5013.6000,5014.0000,5015.4000,1,1,11,1,9,1,1,1,1,1
SF,IC2009,2020-04-10 09:31:36.600,5012.4000,35344,-1,193496640.000,1,0,1,双平,S,5011.2000,5011.0000,5010.8000,5010.2000,5010.0000,5012.6000,5013.6000,5014.0000,5015.4000,5016.0000,1,1,11,1,9,1,1,1,1,1
SF,IC2009,2020-04-10 09:31:37.100,5012.4000,35344,0,193496640.000,0,-,-,-,-,5012.0000,5011.4000,5011.2000,5010.8000,5010.2000,5013.6000,5014.0000,5015.4000,5016.0000,5020.0000,1,2,1,11,1,1,1,1,1,7
SF,IC2009,2020-04-10 09:31:37.600,5012.4000,35344,0,193496640.000,0,-,-,-,-,5012.6000,5012.0000,5011.4000,5011.2000,5010.8000,5013.4000,5014.0000,5015.4000,5016.0000,5020.0000,1,1,1,1,11,2,1,1,1,7
SF,IC2009,2020-04-10 09:31:38.100,5012.4000,35344,0,193496640.000,0,-,-,-,-,5012.0000,5011.4000,5010.8000,5010.2000,5010.0000,5013.4000,5014.0000,5015.4000,5016.0000,5020.0000,1,1,11,1,8,3,1,1,1,7
SF,IC2009,2020-04-10 09:31:38.600,5012.4000,35344,0,193496640.000,0,-,-,-,-,5012.6000,5012.2000,5012.0000,5010.8000,5010.2000,5015.4000,5016.0000,5020.0000,5022.6000,5022.8000,1,2,1,11,1,1,1,7,1,5
SF,IC2009,2020-04-10 09:31:39.100,5012.4000,35344,0,193496640.000,0,-,-,-,-,5012.8000,5012.6000,5012.0000,5010.8000,5010.2000,5014.2000,5015.2000,5015.4000,5016.0000,5020.0000,2,1,1,11,1,1,2,1,1,7
SF,IC2009,2020-04-10 09:31:39.600,5012.4000,35342,-2,195501600.000,2,0,2,双平,S,5012.0000,5010.8000,5010.2000,5010.0000,5008.8000,5014.0000,5014.2000,5015.2000,5015.4000,5016.0000,1,11,1,8,1,1,2,1,1,1
SF,IC2009,2020-04-10 09:31:40.100,5012.4000,35342,0,195501600.000,0,-,-,-,-,5012.2000,5012.0000,5010.8000,5010.2000,5010.0000,5014.0000,5014.2000,5015.2000,5015.4000,5016.0000,3,1,11,1,8,1,1,1,1,1
SF,IC2009,2020-04-10 09:31:40.600,5012.2000,35341,-1,196504040.000,1,0,1,双平,S,5012.2000,5012.0000,5010.8000,5010.2000,5010.0000,5013.8000,5014.0000,5015.2000,5015.4000,5016.0000,2,1,11,1,8,1,1,1,1,1
SF,IC2009,2020-04-10 09:31:41.100,5012.2000,35340,-1,197506480.000,1,0,1,双平,S,5012.2000,5012.0000,5010.8000,5010.2000,5010.0000,5013.6000,5015.2000,5015.4000,5016.0000,5020.0000,1,1,11,1,8,3,1,1,1,7
SF,IC2009,2020-04-10 09:31:41.600,5012.2000,35340,0,197506480.000,0,-,-,-,-,5012.2000,5012.0000,5010.8000,5010.2000,5010.0000,5013.6000,5015.2000,5015.4000,5016.0000,5020.0000,1,1,11,1,8,1,1,1,1,7
SF,IC2009,2020-04-10 09:31:42.100,5012.2000,35340,0,197506480.000,0,-,-,-,-,5012.4000,5012.2000,5012.0000,5010.8000,5010.2000,5015.2000,5015.4000,5016.0000,5020.0000,5022.6000,2,1,1,11,1,1,1,1,7,1
SF,IC2009,2020-04-10 09:31:42.600,5012.2000,35339,-1,198508920.000,1,0,1,双平,S,5012.2000,5012.0000,5010.8000,5010.2000,5010.0000,5014.4000,5014.8000,5015.0000,5015.2000,5015.4000,1,1,12,1,9,2,1,2,1,1
SF,IC2009,2020-04-10 09:31:43.100,5012.2000,35339,0,198508920.000,0,-,-,-,-,5012.6000,5012.4000,5012.2000,5012.0000,5010.8000,5014.2000,5014.4000,5015.2000,5015.4000,5016.0000,1,1,1,1,12,1,2,1,1,1
SF,IC2009,2020-04-10 09:31:43.600,5012.2000,35339,0,198508920.000,0,-,-,-,-,5012.6000,5012.4000,5012.2000,5012.0000,5010.8000,5014.0000,5014.2000,5014.4000,5015.2000,5015.4000,1,1,1,1,12,1,1,1,1,1
SF,IC2009,2020-04-10 09:31:44.100,5012.2000,35339,0,198508920.000,0,-,-,-,-,5012.6000,5012.4000,5012.2000,5012.0000,5010.8000,5014.2000,5015.2000,5015.4000,5016.0000,5020.0000,1,1,1,1,12,1,1,1,1,7
SF,IC2009,2020-04-10 09:31:44.600,5012.2000,35339,0,198508920.000,0,-,-,-,-,5012.8000,5012.6000,5012.2000,5012.0000,5010.8000,5015.2000,5015.4000,5016.0000,5020.0000,5022.6000,1,2,1,1,12,1,1,1,7,1
SF,IC2009,2020-04-10 09:31:45.100,5012.2000,35339,0,198508920.000,0,-,-,-,-,5012.8000,5012.6000,5012.2000,5012.0000,5010.8000,5014.6000,5015.0000,5015.2000,5016.0000,5020.0000,1,2,1,1,12,1,1,1,1,7
SF,IC2009,2020-04-10 09:31:45.600,5012.2000,35339,0,198508920.000,0,-,-,-,-,5013.0000,5012.8000,5012.6000,5012.2000,5012.0000,5014.6000,5015.0000,5015.2000,5016.0000,5020.0000,1,1,1,1,1,2,1,1,1,7
SF,IC2009,2020-04-10 09:31:46.100,5012.2000,35339,0,198508920.000,0,-,-,-,-,5013.0000,5012.8000,5012.6000,5012.2000,5012.0000,5014.4000,5014.6000,5015.2000,5016.0000,5020.0000,2,1,1,1,1,2,2,1,1,7
SF,IC2009,2020-04-10 09:31:48.100,5012.2000,35339,0,198508920.000,0,-,-,-,-,5013.0000,5012.8000,5012.6000,5012.2000,5012.0000,5014.4000,5014.6000,5015.2000,5016.0000,5020.0000,2,1,1,1,1,2,1,1,1,7
SF,IC2009,2020-04-10 09:31:48.600,5012.6000,35338,-1,199511440.000,1,0,1,双平,S,5013.0000,5012.8000,5012.6000,5012.2000,5012.0000,5014.4000,5014.6000,5015.2000,5016.0000,5020.0000,1,1,1,1,1,2,1,1,1,7
SF,IC2009,2020-04-10 09:31:49.600,5013.0000,35337,-1,200514040.000,1,0,1,双平,S,5012.8000,5012.6000,5012.2000,5012.0000,5010.8000,5014.4000,5014.6000,5015.2000,5016.0000,5020.0000,1,1,1,1,12,1,1,1,1,7
SF,IC2009,2020-04-10 09:31:50.100,5013.0000,35337,0,200514040.000,0,-,-,-,-,5012.8000,5012.6000,5012.2000,5012.0000,5010.8000,5013.0000,5014.4000,5014.6000,5015.2000,5016.0000,1,1,1,1,12,1,1,1,1,1
SF,IC2009,2020-04-10 09:31:50.600,5013.0000,35336,-1,201516640.000,1,0,1,双平,S,5013.4000,5013.0000,5012.6000,5012.2000,5012.0000,5016.0000,5020.0000,5022.6000,5022.8000,5028.0000,1,6,1,1,1,1,7,1,5,1
SF,IC2009,2020-04-10 09:31:51.100,5013.0000,35336,0,201516640.000,0,-,-,-,-,5013.6000,5013.0000,5012.6000,5012.2000,5012.0000,5015.4000,5015.6000,5015.8000,5016.0000,5020.0000,1,5,1,1,1,1,1,2,3,7
SF,IC2009,2020-04-10 09:31:51.600,5013.0000,35335,-1,202519240.000,1,0,1,双平,S,5013.0000,5012.6000,5012.2000,5012.0000,5010.8000,5015.2000,5015.6000,5015.8000,5016.0000,5020.0000,3,1,1,1,12,1,2,1,1,7
SF,IC2009,2020-04-10 09:31:52.100,5013.0000,35335,0,202519240.000,0,-,-,-,-,5014.2000,5013.2000,5013.0000,5012.6000,5012.0000,5015.0000,5016.0000,5020.0000,5022.6000,5022.8000,1,1,3,1,1,1,1,7,1,5
SF,IC2009,2020-04-10 09:31:52.600,5014.2000,35334,-1,203522080.000,1,0,1,双平,S,5013.2000,5013.0000,5012.6000,5012.0000,5010.8000,5015.0000,5016.0000,5020.0000,5022.6000,5022.8000,1,3,1,1,12,1,1,7,1,5
SF,IC2009,2020-04-10 09:31:53.100,5013.4000,35335,1,204524760.000,1,1,0,双开,S,5013.2000,5013.0000,5012.6000,5012.0000,5010.8000,5014.2000,5014.8000,5015.0000,5016.0000,5020.0000,1,3,1,1,12,1,1,1,1,7
SF,IC2009,2020-04-10 09:31:53.600,5013.4000,35335,0,204524760.000,0,-,-,-,-,5013.2000,5013.0000,5012.6000,5012.0000,5010.8000,5014.2000,5015.0000,5015.8000,5016.0000,5020.0000,1,3,1,1,12,1,1,1,1,7
SF,IC2009,2020-04-10 09:31:54.100,5013.4000,35335,0,204524760.000,0,-,-,-,-,5013.2000,5013.0000,5012.6000,5012.0000,5010.8000,5014.2000,5015.0000,5015.8000,5016.0000,5020.0000,1,3,1,1,12,1,1,1,1,7
SF,IC2009,2020-04-10 09:31:54.600,5014.2000,35335,0,205527600.000,1,0,1,多换,S,5013.2000,5013.0000,5012.6000,5012.0000,5010.8000,5015.0000,5015.8000,5016.0000,5020.0000,5022.6000,1,3,1,1,12,1,1,1,7,1
SF,IC2009,2020-04-10 09:31:55.100,5013.2000,35334,-1,206530240.000,1,0,1,双平,S,5013.0000,5012.0000,5010.8000,5010.2000,5010.0000,5014.8000,5015.0000,5015.8000,5016.0000,5020.0000,3,1,12,1,10,2,1,1,1,7
SF,IC2009,2020-04-10 09:31:55.600,5013.2000,35334,0,206530240.000,0,-,-,-,-,5013.0000,5012.0000,5010.8000,5010.2000,5010.0000,5014.6000,5014.8000,5015.8000,5016.0000,5020.0000,1,1,12,1,10,1,3,1,1,7
SF,IC2009,2020-04-10 09:31:56.100,5013.2000,35334,0,206530240.000,0,-,-,-,-,5014.2000,5013.0000,5012.0000,5010.8000,5010.2000,5014.4000,5014.6000,5014.8000,5015.8000,5016.0000,1,1,1,12,1,1,1,2,1,1
SF,IC2009,2020-04-10 09:31:56.600,5014.0000,35333,-1,207533040.000,1,0,1,双平,S,5013.0000,5012.0000,5010.8000,5010.2000,5010.0000,5014.6000,5015.8000,5016.0000,5020.0000,5022.6000,1,1,12,1,10,1,1,1,7,1
SF,IC2009,2020-04-10 09:31:57.100,5014.0000,35333,0,207533040.000,0,-,-,-,-,5012.0000,5010.8000,5010.2000,5010.0000,5008.8000,5014.4000,5014.6000,5015.8000,5016.0000,5020.0000,1,12,1,10,1,1,2,1,1,7
SF,IC2009,2020-04-10 09:31:57.600,5014.0000,35333,0,207533040.000,0,-,-,-,-,5012.0000,5010.8000,5010.2000,5010.0000,5008.8000,5014.0000,5014.2000,5014.4000,5014.8000,5015.8000,1,12,1,10,1,1,1,1,1,1
SF,IC2009,2020-04-10 09:31:58.100,5014.0000,35333,0,207533040.000,0,-,-,-,-,5012.0000,5010.8000,5010.2000,5010.0000,5008.8000,5013.8000,5014.0000,5014.4000,5014.8000,5015.8000,1,12,1,10,1,2,1,1,1,1
SF,IC2009,2020-04-10 09:31:58.600,5014.0000,35333,0,207533040.000,0,-,-,-,-,5012.0000,5010.8000,5010.2000,5010.0000,5008.8000,5013.8000,5014.0000,5015.8000,5016.0000,5020.0000,1,12,1,10,1,3,1,1,1,7
SF,IC2009,2020-04-10 09:31:59.100,5014.0000,35333,0,207533040.000,0,-,-,-,-,5012.0000,5010.8000,5010.2000,5010.0000,5008.8000,5013.2000,5013.8000,5014.0000,5015.8000,5016.0000,1,12,1,9,1,1,3,1,1,1
SF,IC2009,2020-04-10 09:31:59.600,5014.0000,35333,0,207533040.000,0,-,-,-,-,5012.0000,5010.8000,5010.2000,5010.0000,5008.8000,5013.0000,5013.2000,5013.6000,5013.8000,5016.0000,1,12,1,9,1,1,1,1,2,1
SF,IC2009,2020-04-10 09:32:00.100,5013.2000,35332,-1,209538280.000,2,0,2,多平,S,5013.0000,5012.0000,5010.8000,5010.2000,5010.0000,5013.8000,5016.0000,5016.8000,5020.0000,5022.6000,1,1,12,1,9,2,1,3,7,1
SF,IC2009,2020-04-10 09:32:00.600,5013.0000,35331,-1,210540880.000,1,0,1,双平,S,5012.0000,5011.6000,5010.8000,5010.2000,5010.0000,5012.8000,5013.0000,5013.6000,5013.8000,5016.0000,1,1,12,1,9,2,2,3,3,1
SF,IC2009,2020-04-10 09:32:01.100,5013.0000,35331,0,210540880.000,0,-,-,-,-,5012.0000,5011.6000,5010.8000,5010.2000,5010.0000,5012.8000,5013.0000,5013.8000,5014.2000,5016.0000,1,1,12,2,9,2,1,3,1,1
SF,IC2009,2020-04-10 09:32:01.600,5012.0000,35331,0,211543280.000,1,0,1,多换,S,5011.6000,5010.8000,5010.2000,5010.0000,5008.8000,5012.0000,5012.8000,5013.8000,5014.2000,5016.0000,1,12,2,9,1,1,2,3,1,1
SF,IC2009,2020-04-10 09:32:02.100,5011.6000,35330,-1,212545600.000,1,0,1,双平,S,5010.8000,5010.2000,5010.0000,5009.2000,5008.8000,5011.6000,5012.4000,5012.6000,5012.8000,5013.8000,12,2,9,1,1,2,1,2,2,3
SF,IC2009,2020-04-10 09:32:02.600,5011.6000,35330,0,212545600.000,0,-,-,-,-,5010.8000,5010.2000,5010.0000,5009.2000,5008.8000,5012.4000,5012.6000,5012.8000,5013.8000,5016.0000,12,2,9,1,1,1,1,2,3,1
SF,IC2009,2020-04-10 09:32:03.100,5011.6000,35330,0,212545600.000,0,-,-,-,-,5010.8000,5010.2000,5010.0000,5009.2000,5008.0000,5012.2000,5012.4000,5012.8000,5013.8000,5016.0000,12,2,9,1,1,2,2,2,3,1
SF,IC2009,2020-04-10 09:32:03.600,5011.6000,35330,0,212545600.000,0,-,-,-,-,5010.8000,5010.2000,5010.0000,5009.2000,5008.0000,5011.2000,5012.0000,5012.2000,5012.4000,5012.8000,12,2,9,1,1,1,1,3,1,2
SF,IC2009,2020-04-10 09:32:04.100,5011.2000,35329,-1,213547840.000,1,0,1,双平,S,5010.8000,5010.2000,5010.0000,5009.2000,5008.0000,5012.2000,5012.8000,5013.8000,5016.8000,5020.0000,12,2,9,1,1,1,2,2,3,7
SF,IC2009,2020-04-10 09:32:04.600,5011.2000,35329,0,213547840.000,0,-,-,-,-,5011.4000,5011.2000,5010.8000,5010.2000,5010.0000,5011.8000,5012.0000,5012.2000,5012.8000,5013.8000,2,1,12,2,9,2,1,1,2,2
SF,IC2009,2020-04-10 09:32:05.100,5011.4000,35327,-2,215552400.000,2,0,2,双平,S,5011.2000,5011.0000,5010.8000,5010.2000,5010.0000,5011.8000,5012.2000,5012.8000,5013.8000,5016.8000,1,1,12,2,9,1,1,2,1,3
SF,IC2009,2020-04-10 09:32:05.600,5011.2000,35326,-1,216554640.000,1,0,1,双平,S,5011.0000,5010.8000,5010.2000,5010.0000,5009.2000,5011.2000,5011.8000,5012.2000,5012.8000,5013.8000,1,12,2,9,1,1,2,1,2,2
SF,IC2009,2020-04-10 09:32:06.100,5011.0000,35326,0,217556840.000,1,0,1,多换,S,5010.8000,5010.2000,5010.0000,5009.2000,5008.0000,5011.4000,5012.2000,5012.8000,5013.8000,5016.8000,12,2,9,1,1,1,1,2,1,3
SF,IC2009,2020-04-10 09:32:06.600,5010.8000,35325,-1,219561160.000,2,0,2,多平,S,5010.8000,5010.2000,5010.0000,5009.2000,5008.0000,5011.0000,5011.4000,5012.2000,5012.8000,5013.8000,10,2,9,1,1,1,1,1,2,1
SF,IC2009,2020-04-10 09:32:07.100,5010.8000,35322,-3,227578440.000,8,2,6,多平,S,5010.8000,5010.2000,5010.0000,5009.2000,5008.0000,5011.4000,5012.2000,5012.8000,5013.8000,5016.8000,2,2,9,1,1,1,1,2,1,4
SF,IC2009,2020-04-10 09:32:07.600,5010.8000,35322,0,229582760.000,2,1,1,多换,S,5010.2000,5010.0000,5009.2000,5008.0000,5006.0000,5010.4000,5010.8000,5011.2000,5011.4000,5012.8000,2,9,1,1,1,2,4,2,1,2
SF,IC2009,2020-04-10 09:32:08.100,5010.0000,35312,-10,240604840.000,11,0,11,多平,S,5009.2000,5008.0000,5006.0000,5005.2000,5005.0000,5010.2000,5010.4000,5010.8000,5011.2000,5011.4000,1,1,1,4,1,2,2,5,4,1
SF,IC2009,2020-04-10 09:32:08.600,5010.0000,35312,0,240604840.000,0,-,-,-,-,5009.2000,5008.0000,5006.0000,5005.2000,5005.0000,5009.4000,5009.8000,5010.2000,5010.4000,5010.8000,1,1,1,4,1,1,2,2,2,3
SF,IC2009,2020-04-10 09:32:09.100,5010.0000,35312,0,240604840.000,0,-,-,-,-,5009.2000,5008.0000,5006.0000,5005.2000,5005.0000,5009.4000,5009.8000,5010.2000,5010.4000,5011.0000,1,1,1,3,1,1,2,1,2,1
SF,IC2009,2020-04-10 09:32:09.600,5010.0000,35312,0,240604840.000,0,-,-,-,-,5008.6000,5008.0000,5006.0000,5005.2000,5005.0000,5009.4000,5009.8000,5010.2000,5010.4000,5011.0000,1,1,1,3,1,1,2,1,2,1
SF,IC2009,2020-04-10 09:32:10.100,5010.0000,35312,0,240604840.000,0,-,-,-,-,5008.6000,5008.0000,5006.0000,5005.2000,5005.0000,5009.2000,5009.4000,5009.8000,5010.2000,5010.4000,1,1,1,3,1,2,1,2,1,2
SF,IC2009,2020-04-10 09:32:11.100,5010.0000,35312,0,240604840.000,0,-,-,-,-,5008.6000,5008.0000,5006.0000,5005.2000,5005.0000,5009.2000,5009.8000,5010.2000,5010.4000,5011.0000,1,1,1,3,1,1,2,1,2,1
SF,IC2009,2020-04-10 09:32:11.600,5008.6000,35312,0,241606560.000,1,0,1,多换,S,5008.0000,5006.0000,5005.2000,5005.0000,5002.4000,5009.8000,5010.2000,5010.4000,5011.0000,5011.2000,1,1,3,1,2,2,1,2,1,1
SF,IC2009,2020-04-10 09:32:12.100,5008.6000,35312,0,241606560.000,0,-,-,-,-,5008.0000,5006.0000,5005.2000,5005.0000,5002.4000,5008.6000,5009.4000,5009.6000,5009.8000,5010.2000,1,1,3,1,2,1,1,2,2,1
SF,IC2009,2020-04-10 09:32:12.600,5008.6000,35312,0,241606560.000,0,-,-,-,-,5008.0000,5006.0000,5005.2000,5005.0000,5002.4000,5008.6000,5009.2000,5009.4000,5009.6000,5009.8000,1,1,3,1,2,1,1,2,2,2
SF,IC2009,2020-04-10 09:32:13.100,5008.0000,35312,0,242608160.000,1,0,1,多换,S,5006.0000,5005.2000,5005.0000,5002.4000,5002.2000,5008.6000,5009.4000,5009.6000,5009.8000,5010.2000,1,3,1,2,1,1,1,1,2,1
SF,IC2009,2020-04-10 09:32:13.600,5008.0000,35312,0,242608160.000,0,-,-,-,-,5005.2000,5005.0000,5002.4000,5002.2000,5000.8000,5008.4000,5008.6000,5009.4000,5009.8000,5010.2000,3,1,2,1,1,2,1,1,2,1
SF,IC2009,2020-04-10 09:32:14.100,5008.0000,35312,0,242608160.000,0,-,-,-,-,5005.8000,5005.2000,5005.0000,5002.4000,5002.2000,5008.4000,5008.6000,5009.4000,5009.8000,5010.2000,1,3,1,2,1,2,1,1,2,1
SF,IC2009,2020-04-10 09:32:14.600,5008.0000,35312,0,242608160.000,0,-,-,-,-,5005.8000,5005.2000,5005.0000,5002.4000,5002.2000,5008.2000,5008.4000,5008.6000,5009.4000,5009.8000,1,3,2,2,1,2,2,1,1,2
SF,IC2009,2020-04-10 09:32:15.100,5008.0000,35312,0,242608160.000,0,-,-,-,-,5006.4000,5005.8000,5005.2000,5005.0000,5002.4000,5008.0000,5008.4000,5008.6000,5009.4000,5009.8000,1,1,3,2,2,1,1,1,1,2
SF,IC2009,2020-04-10 09:32:15.600,5008.0000,35312,0,242608160.000,0,-,-,-,-,5006.4000,5005.8000,5005.2000,5005.0000,5002.4000,5008.0000,5008.4000,5008.6000,5009.4000,5009.8000,1,1,3,2,2,2,1,1,1,2
SF,IC2009,2020-04-10 09:32:16.100,5008.0000,35312,0,242608160.000,0,-,-,-,-,5005.8000,5005.2000,5005.0000,5002.4000,5002.2000,5007.8000,5008.0000,5008.4000,5008.6000,5009.4000,1,3,2,2,1,3,2,1,1,1
SF,IC2009,2020-04-10 09:32:16.600,5008.0000,35312,0,242608160.000,0,-,-,-,-,5006.0000,5005.8000,5005.2000,5005.0000,5002.4000,5007.6000,5007.8000,5008.0000,5008.4000,5008.6000,1,1,3,2,2,1,3,1,1,1
SF,IC2009,2020-04-10 09:32:17.100,5008.0000,35312,0,242608160.000,0,-,-,-,-,5005.2000,5005.0000,5002.4000,5002.2000,5000.8000,5006.4000,5007.0000,5007.6000,5007.8000,5008.0000,3,2,2,1,1,2,2,2,1,1
SF,IC2009,2020-04-10 09:32:17.600,5006.6000,35310,-2,244610800.000,2,0,2,双平,S,5005.2000,5005.0000,5002.4000,5002.2000,5000.8000,5007.4000,5007.6000,5008.0000,5008.4000,5009.4000,3,2,2,1,1,1,1,1,1,1
SF,IC2009,2020-04-10 09:32:18.100,5005.2000,35309,-1,245611840.000,1,0,1,双平,S,5005.2000,5005.0000,5002.4000,5002.2000,5000.8000,5007.2000,5008.0000,5008.4000,5009.4000,5011.2000,2,2,2,1,1,2,1,1,1,5
SF,IC2009,2020-04-10 09:32:18.600,5005.2000,35308,-1,246612880.000,1,0,1,双平,S,5005.4000,5005.2000,5005.0000,5002.4000,5002.2000,5007.0000,5007.2000,5008.0000,5008.4000,5009.4000,1,1,2,2,1,1,2,1,1,1
SF,IC2009,2020-04-10 09:32:19.100,5005.2000,35308,0,246612880.000,0,-,-,-,-,5005.2000,5005.0000,5002.4000,5002.2000,5000.8000,5006.8000,5007.2000,5008.0000,5009.4000,5011.2000,2,2,2,1,1,2,1,1,1,5
SF,IC2009,2020-04-10 09:32:19.600,5005.2000,35308,0,246612880.000,0,-,-,-,-,5005.4000,5005.2000,5005.0000,5002.4000,5002.2000,5007.2000,5008.0000,5009.4000,5011.2000,5011.4000,1,1,2,2,1,1,1,1,5,1
SF,IC2009,2020-04-10 09:32:20.100,5005.2000,35308,0,246612880.000,0,-,-,-,-,5005.6000,5005.2000,5005.0000,5002.4000,5002.2000,5008.0000,5009.4000,5011.2000,5011.4000,5016.8000,1,1,2,2,1,1,1,5,1,4
SF,IC2009,2020-04-10 09:32:20.600,5005.2000,35308,0,246612880.000,0,-,-,-,-,5005.6000,5005.2000,5005.0000,5002.4000,5002.2000,5007.8000,5008.0000,5009.4000,5011.2000,5011.4000,1,1,2,2,1,2,1,1,5,1
SF,IC2009,2020-04-10 09:32:21.100,5005.2000,35308,0,246612880.000,0,-,-,-,-,5005.6000,5005.2000,5005.0000,5002.4000,5002.2000,5007.4000,5007.8000,5008.0000,5009.4000,5011.2000,1,1,2,2,1,1,2,1,1,5
SF,IC2009,2020-04-10 09:32:21.600,5005.2000,35308,0,246612880.000,0,-,-,-,-,5005.6000,5005.2000,5005.0000,5002.4000,5002.2000,5007.2000,5008.0000,5009.4000,5011.2000,5011.4000,1,1,2,2,1,2,1,1,5,1
SF,IC2009,2020-04-10 09:32:22.100,5005.6000,35307,-1,247614000.000,1,0,1,双平,S,5005.2000,5005.0000,5002.4000,5002.2000,5000.8000,5007.2000,5008.0000,5009.4000,5011.2000,5011.4000,1,2,2,1,1,1,1,1,5,1
SF,IC2009,2020-04-10 09:32:22.600,5005.6000,35307,0,247614000.000,0,-,-,-,-,5005.2000,5005.0000,5002.4000,5002.2000,5000.8000,5005.6000,5006.2000,5006.6000,5006.8000,5007.0000,1,2,2,1,1,1,1,1,1,3
SF,IC2009,2020-04-10 09:32:23.100,5005.6000,35307,0,248615120.000,1,0,1,多换,S,5005.2000,5005.0000,5004.0000,5002.4000,5002.2000,5006.8000,5007.0000,5007.2000,5008.0000,5009.4000,1,2,1,2,1,2,2,1,1,1
SF,IC2009,2020-04-10 09:32:23.600,5005.6000,35307,0,248615120.000,0,-,-,-,-,5005.6000,5005.2000,5005.0000,5004.0000,5002.4000,5006.6000,5006.8000,5007.0000,5008.0000,5011.2000,1,1,1,1,2,3,1,2,1,5
SF,IC2009,2020-04-10 09:32:24.100,5005.6000,35307,0,248615120.000,0,-,-,-,-,5005.6000,5005.2000,5005.0000,5004.0000,5002.4000,5006.6000,5006.8000,5007.0000,5008.0000,5011.2000,1,1,1,1,2,2,1,1,1,5
SF,IC2009,2020-04-10 09:32:24.600,5005.6000,35307,0,248615120.000,0,-,-,-,-,5005.6000,5005.2000,5005.0000,5004.0000,5002.4000,5006.8000,5007.0000,5008.0000,5011.2000,5011.4000,1,1,1,1,2,1,1,1,5,1
SF,IC2009,2020-04-10 09:32:25.100,5007.0000,35307,0,249616520.000,1,0,1,多换,S,5005.6000,5005.2000,5005.0000,5004.0000,5002.4000,5008.0000,5011.2000,5011.4000,5016.8000,5020.0000,1,1,1,1,2,1,5,1,3,7
SF,IC2009,2020-04-10 09:32:25.600,5007.0000,35307,0,249616520.000,0,-,-,-,-,5005.6000,5005.2000,5005.0000,5004.0000,5002.4000,5007.6000,5007.8000,5008.0000,5011.2000,5011.4000,1,1,1,1,2,1,1,2,5,1
SF,IC2009,2020-04-10 09:32:26.100,5007.0000,35307,0,249616520.000,0,-,-,-,-,5005.8000,5005.6000,5005.2000,5005.0000,5004.0000,5007.8000,5008.0000,5011.2000,5011.4000,5016.8000,1,1,2,1,1,2,2,5,1,3
SF,IC2009,2020-04-10 09:32:26.600,5007.0000,35307,0,249616520.000,0,-,-,-,-,5005.6000,5005.2000,5005.0000,5004.0000,5002.4000,5005.8000,5007.0000,5007.2000,5007.4000,5007.6000,1,2,1,1,2,1,1,1,1,2
SF,IC2009,2020-04-10 09:32:27.100,5005.8000,35306,-1,251618880.000,2,0,2,多平,S,5005.2000,5005.0000,5004.0000,5002.4000,5002.2000,5006.6000,5007.0000,5007.4000,5007.6000,5007.8000,2,1,1,2,1,1,1,1,1,1
SF,IC2009,2020-04-10 09:32:27.600,5005.8000,35306,0,251618880.000,0,-,-,-,-,5005.2000,5005.0000,5004.0000,5002.4000,5002.2000,5007.4000,5007.6000,5007.8000,5008.0000,5011.2000,2,1,1,2,1,1,1,1,2,5
SF,IC2009,2020-04-10 09:32:28.100,5005.8000,35306,0,251618880.000,0,-,-,-,-,5005.4000,5005.2000,5005.0000,5004.0000,5002.4000,5006.6000,5007.0000,5007.2000,5007.4000,5007.6000,1,2,1,1,2,1,1,1,1,1
SF,IC2009,2020-04-10 09:32:28.600,5005.8000,35306,0,251618880.000,0,-,-,-,-,5005.4000,5005.2000,5005.0000,5004.0000,5002.4000,5007.2000,5008.0000,5011.2000,5016.8000,5020.0000,1,2,1,1,2,1,2,5,3,7
SF,IC2009,2020-04-10 09:32:29.100,5005.8000,35306,0,251618880.000,0,-,-,-,-,5005.2000,5005.0000,5004.0000,5002.4000,5002.2000,5007.2000,5008.0000,5011.2000,5016.8000,5020.0000,2,1,1,2,1,2,2,5,3,7
SF,IC2009,2020-04-10 09:32:29.600,5007.2000,35305,-1,252620320.000,1,0,1,双平,S,5005.6000,5005.4000,5005.2000,5005.0000,5004.0000,5007.2000,5008.0000,5011.2000,5016.8000,5020.0000,1,1,3,1,1,1,2,5,3,7
SF,IC2009,2020-04-10 09:32:30.100,5007.2000,35305,0,252620320.000,0,-,-,-,-,5005.8000,5005.6000,5005.2000,5005.0000,5004.0000,5007.0000,5007.2000,5008.0000,5011.2000,5016.8000,1,1,3,1,1,1,2,2,5,3
SF,IC2009,2020-04-10 09:32:30.600,5007.2000,35306,1,253621760.000,1,1,0,双开,S,5005.8000,5005.6000,5005.2000,5005.0000,5004.0000,5007.0000,5007.2000,5008.0000,5011.2000,5016.8000,1,1,3,1,1,2,1,1,5,3
SF,IC2009,2020-04-10 09:32:31.100,5007.2000,35306,0,253621760.000,0,-,-,-,-,5005.8000,5005.6000,5005.2000,5005.0000,5004.0000,5007.0000,5008.0000,5011.2000,5016.8000,5020.0000,1,1,3,1,1,2,1,5,3,7
SF,IC2009,2020-04-10 09:32:31.600,5007.2000,35306,0,253621760.000,0,-,-,-,-,5005.6000,5005.2000,5005.0000,5004.0000,5002.4000,5006.2000,5006.6000,5006.8000,5007.0000,5008.0000,1,2,1,1,2,1,1,3,2,1
SF,IC2009,2020-04-10 09:32:32.100,5007.2000,35306,0,253621760.000,0,-,-,-,-,5005.6000,5005.2000,5005.0000,5004.0000,5002.4000,5006.8000,5007.0000,5008.0000,5011.2000,5016.8000,1,2,1,1,2,1,2,1,5,3
SF,IC2009,2020-04-10 09:32:32.600,5007.2000,35306,0,253621760.000,0,-,-,-,-,5005.6000,5005.2000,5005.0000,5004.0000,5002.4000,5006.8000,5007.0000,5008.0000,5011.2000,5016.8000,1,2,1,1,2,2,2,1,5,3
SF,IC2009,2020-04-10 09:32:33.100,5007.2000,35306,0,253621760.000,0,-,-,-,-,5005.6000,5005.2000,5005.0000,5004.0000,5002.4000,5006.2000,5006.6000,5006.8000,5007.0000,5008.0000,1,2,1,1,2,1,1,1,2,1
SF,IC2009,2020-04-10 09:32:33.600,5005.6000,35306,0,254622880.000,1,0,1,多换,S,5005.2000,5005.0000,5004.0000,5002.4000,5002.2000,5006.2000,5006.6000,5006.8000,5007.0000,5008.0000,2,1,1,2,1,1,2,1,2,1
SF,IC2009,2020-04-10 09:32:34.100,5005.2000,35304,-2,256624960.000,2,0,2,双平,S,5005.0000,5004.0000,5002.4000,5002.2000,5000.8000,5006.6000,5006.8000,5007.0000,5008.0000,5011.2000,1,1,2,1,1,1,1,2,1,5
SF,IC2009,2020-04-10 09:32:34.600,5005.2000,35304,0,256624960.000,0,-,-,-,-,5005.0000,5004.0000,5002.4000,5002.2000,5000.8000,5006.2000,5006.4000,5006.6000,5007.0000,5008.0000,1,1,2,1,1,1,2,2,2,1
SF,IC2009,2020-04-10 09:32:35.100,5005.0000,35305,1,258626960.000,2,1,1,空开,S,5004.0000,5002.4000,5002.2000,5000.8000,5000.0000,5006.0000,5006.6000,5007.0000,5008.0000,5011.2000,1,2,1,1,8,1,1,2,1,5
SF,IC2009,2020-04-10 09:32:35.600,5005.0000,35305,0,258626960.000,0,-,-,-,-,5004.0000,5002.4000,5002.2000,5000.8000,5000.0000,5005.0000,5005.2000,5005.8000,5006.0000,5007.0000,1,2,1,1,8,1,1,2,2,2
SF,IC2009,2020-04-10 09:32:36.100,5005.0000,35305,0,260628760.000,2,1,1,多换,S,5002.4000,5002.2000,5000.8000,5000.0000,4997.4000,5005.2000,5005.8000,5006.0000,5007.0000,5008.0000,2,1,1,8,1,1,1,2,2,1
SF,IC2009,2020-04-10 09:32:36.600,5005.0000,35305,0,260628760.000,0,-,-,-,-,5004.0000,5003.0000,5002.6000,5002.4000,5002.2000,5005.2000,5005.8000,5006.0000,5007.0000,5008.0000,1,1,1,2,1,1,1,1,2,1
SF,IC2009,2020-04-10 09:32:37.100,5005.0000,35305,0,260628760.000,0,-,-,-,-,5004.2000,5004.0000,5002.6000,5002.4000,5002.2000,5007.0000,5008.0000,5011.2000,5016.8000,5020.0000,1,1,1,2,1,2,1,5,3,7
SF,IC2009,2020-04-10 09:32:37.600,5005.0000,35305,0,260628760.000,0,-,-,-,-,5004.4000,5004.0000,5002.4000,5002.2000,5000.8000,5006.4000,5006.8000,5007.0000,5008.0000,5011.2000,1,1,2,1,1,2,2,2,1,5
SF,IC2009,2020-04-10 09:32:38.100,5004.4000,35304,-1,261629640.000,1,0,1,双平,S,5004.6000,5004.0000,5002.4000,5002.2000,5001.2000,5006.2000,5006.4000,5006.8000,5007.0000,5008.0000,1,1,2,1,2,1,2,1,2,1
SF,IC2009,2020-04-10 09:32:38.600,5004.4000,35304,0,261629640.000,0,-,-,-,-,5004.0000,5002.4000,5002.2000,5001.2000,5000.8000,5006.0000,5006.2000,5006.8000,5007.0000,5008.0000,1,2,1,2,1,1,2,1,2,1
SF,IC2009,2020-04-10 09:32:39.100,5004.2000,35304,0,262630480.000,1,0,1,多换,S,5004.0000,5002.4000,5002.2000,5001.2000,5000.8000,5005.8000,5006.8000,5007.0000,5008.0000,5011.2000,1,2,1,2,1,2,1,2,1,5
SF,IC2009,2020-04-10 09:32:39.600,5004.2000,35304,0,262630480.000,0,-,-,-,-,5004.0000,5002.4000,5002.2000,5001.2000,5000.8000,5004.6000,5005.8000,5006.8000,5007.0000,5008.0000,1,2,1,2,1,1,2,1,2,1
SF,IC2009,2020-04-10 09:32:40.100,5004.6000,35303,-1,263631400.000,1,0,1,双平,S,5004.8000,5004.6000,5004.4000,5004.0000,5002.4000,5007.0000,5008.0000,5011.2000,5016.8000,5020.0000,1,2,1,1,2,2,1,5,3,7
SF,IC2009,2020-04-10 09:32:40.600,5004.6000,35303,0,263631400.000,0,-,-,-,-,5004.8000,5004.6000,5004.4000,5004.0000,5002.4000,5006.8000,5007.0000,5008.0000,5011.2000,5016.8000,1,4,1,1,2,1,3,1,5,3
SF,IC2009,2020-04-10 09:32:41.100,5004.6000,35303,0,263631400.000,0,-,-,-,-,5004.8000,5004.6000,5004.4000,5004.0000,5002.4000,5005.0000,5006.6000,5006.8000,5007.0000,5008.0000,1,4,1,1,2,1,1,1,3,1
SF,IC2009,2020-04-10 09:32:41.600,5005.0000,35301,-2,265633400.000,2,0,2,双平,S,5005.0000,5004.6000,5004.0000,5002.4000,5002.2000,5006.8000,5007.0000,5008.0000,5011.2000,5016.8000,4,3,1,2,1,1,2,2,5,3
SF,IC2009,2020-04-10 09:32:42.100,5005.0000,35301,0,265633400.000,0,-,-,-,-,5005.0000,5004.6000,5003.6000,5002.4000,5002.2000,5006.6000,5006.8000,5007.0000,5008.0000,5011.2000,2,3,1,2,1,1,1,2,2,5
SF,IC2009,2020-04-10 09:32:42.600,5005.0000,35301,0,265633400.000,0,-,-,-,-,5005.0000,5004.6000,5003.6000,5002.4000,5002.2000,5006.4000,5006.8000,5007.0000,5008.0000,5011.2000,2,3,1,2,1,1,1,2,2,5
SF,IC2009,2020-04-10 09:32:43.100,5005.0000,35301,0,266634400.000,1,0,1,多换,S,5005.2000,5005.0000,5004.8000,5004.6000,5003.6000,5006.8000,5007.0000,5008.0000,5011.2000,5016.8000,1,2,1,3,1,1,2,2,5,3
SF,IC2009,2020-04-10 09:32:43.600,5005.0000,35301,0,266634400.000,0,-,-,-,-,5005.2000,5005.0000,5004.8000,5004.6000,5003.6000,5006.6000,5006.8000,5007.0000,5008.0000,5011.2000,1,2,1,3,1,1,1,2,2,5
SF,IC2009,2020-04-10 09:32:44.100,5005.0000,35301,0,266634400.000,0,-,-,-,-,5005.2000,5005.0000,5004.8000,5004.6000,5003.6000,5006.4000,5006.8000,5007.0000,5008.0000,5011.2000,1,2,1,3,1,1,1,2,2,5
SF,IC2009,2020-04-10 09:32:44.600,5005.0000,35301,0,266634400.000,0,-,-,-,-,5005.0000,5004.8000,5004.6000,5003.6000,5002.4000,5006.2000,5006.8000,5007.0000,5008.0000,5011.2000,2,1,3,1,2,1,1,2,2,5
SF,IC2009,2020-04-10 09:32:45.100,5005.0000,35301,0,266634400.000,0,-,-,-,-,5005.2000,5005.0000,5004.8000,5004.6000,5003.6000,5006.8000,5007.0000,5008.0000,5011.2000,5016.8000,1,2,1,1,1,1,2,2,5,3
SF,IC2009,2020-04-10 09:32:45.600,5005.0000,35301,0,266634400.000,0,-,-,-,-,5005.2000,5005.0000,5004.8000,5004.6000,5003.6000,5006.8000,5007.0000,5008.0000,5011.2000,5016.8000,1,2,1,1,1,1,1,2,5,3
SF,IC2009,2020-04-10 09:32:46.100,5005.0000,35301,0,266634400.000,0,-,-,-,-,5005.4000,5005.2000,5005.0000,5004.8000,5004.6000,5006.8000,5007.0000,5008.0000,5011.2000,5016.8000,1,2,2,1,1,1,1,2,5,3
SF,IC2009,2020-04-10 09:32:46.600,5005.0000,35301,0,266634400.000,0,-,-,-,-,5005.4000,5005.2000,5005.0000,5004.8000,5004.6000,5006.8000,5007.0000,5008.0000,5011.2000,5016.8000,1,1,2,1,1,1,1,2,5,3
SF,IC2009,2020-04-10 09:32:47.100,5005.0000,35301,0,266634400.000,0,-,-,-,-,5005.6000,5005.4000,5005.2000,5005.0000,5004.8000,5006.6000,5006.8000,5007.0000,5008.0000,5011.2000,1,1,1,2,1,1,1,1,2,5
SF,IC2009,2020-04-10 09:32:47.600,5005.6000,35301,0,267635520.000,1,0,1,多换,S,5005.4000,5005.0000,5004.8000,5004.6000,5003.6000,5006.6000,5006.8000,5007.0000,5008.0000,5011.2000,1,1,1,1,1,1,1,1,2,5
SF,IC2009,2020-04-10 09:32:48.100,5005.6000,35301,0,267635520.000,0,-,-,-,-,5005.4000,5005.0000,5004.8000,5004.6000,5003.6000,5006.6000,5006.8000,5007.0000,5008.0000,5011.2000,1,1,1,1,1,1,1,1,1,5
SF,IC2009,2020-04-10 09:32:48.600,5005.6000,35301,0,267635520.000,0,-,-,-,-,5005.4000,5005.0000,5004.6000,5003.6000,5003.0000,5006.6000,5006.8000,5007.0000,5008.0000,5011.2000,1,1,1,1,1,2,1,1,1,5
SF,IC2009,2020-04-10 09:32:49.600,5005.6000,35301,0,268636640.000,1,0,1,多换,S,5005.4000,5005.0000,5004.6000,5003.6000,5003.0000,5006.6000,5006.8000,5007.0000,5008.0000,5011.2000,1,1,1,1,1,1,1,1,1,5
SF,IC2009,2020-04-10 09:32:50.600,5005.4000,35301,0,269637720.000,1,0,1,多换,S,5005.2000,5005.0000,5004.6000,5003.6000,5003.0000,5006.6000,5006.8000,5007.0000,5008.0000,5011.2000,1,1,1,1,1,1,1,1,1,5
SF,IC2009,2020-04-10 09:32:51.100,5005.4000,35301,0,269637720.000,0,-,-,-,-,5005.2000,5005.0000,5004.6000,5003.6000,5003.0000,5006.8000,5007.0000,5008.0000,5011.2000,5016.8000,1,1,1,1,1,1,1,1,5,3
SF,IC2009,2020-04-10 09:32:51.600,5005.2000,35300,-1,271640120.000,2,0,2,多平,S,5005.0000,5004.6000,5003.6000,5003.0000,5002.6000,5007.0000,5008.0000,5011.2000,5016.8000,5020.0000,1,1,1,1,1,1,1,5,3,7
SF,IC2009,2020-04-10 09:32:52.100,5005.2000,35298,-2,273642200.000,2,0,2,双平,S,5005.0000,5004.6000,5003.6000,5003.0000,5002.6000,5006.2000,5008.0000,5011.2000,5016.8000,5020.0000,1,1,1,1,1,1,1,5,3,7
SF,IC2009,2020-04-10 09:32:52.600,5006.2000,35298,0,274643440.000,1,0,1,多换,S,5006.4000,5006.2000,5005.4000,5005.0000,5004.6000,5008.0000,5011.2000,5016.8000,5020.0000,5022.6000,1,1,1,1,1,1,5,3,7,1
SF,IC2009,2020-04-10 09:32:53.100,5006.4000,35298,0,275644720.000,1,0,1,多换,S,5006.2000,5005.4000,5005.0000,5004.6000,5003.6000,5007.6000,5007.8000,5008.0000,5011.2000,5016.8000,1,1,2,1,1,2,2,1,5,3
SF,IC2009,2020-04-10 09:32:53.600,5006.4000,35298,0,275644720.000,0,-,-,-,-,5006.2000,5005.4000,5005.0000,5004.6000,5003.6000,5007.0000,5007.8000,5008.0000,5011.2000,5016.8000,1,1,2,1,1,1,1,1,5,3
SF,IC2009,2020-04-10 09:32:54.100,5007.0000,35298,0,276646120.000,1,0,1,多换,S,5007.0000,5005.4000,5005.0000,5004.6000,5003.6000,5007.8000,5008.0000,5011.2000,5016.8000,5020.0000,3,1,2,1,1,1,1,5,3,7
SF,IC2009,2020-04-10 09:32:54.600,5007.0000,35298,0,276646120.000,0,-,-,-,-,5007.8000,5007.0000,5005.4000,5005.0000,5003.6000,5008.0000,5011.2000,5016.8000,5020.0000,5022.6000,1,3,1,1,1,1,5,3,7,1
SF,IC2009,2020-04-10 09:32:55.100,5008.0000,35297,-1,277647720.000,1,0,1,双平,S,5008.0000,5007.0000,5006.2000,5005.4000,5005.0000,5016.8000,5017.0000,5020.0000,5022.6000,5025.0000,5,4,1,1,1,3,5,7,1,1
SF,IC2009,2020-04-10 09:32:55.600,5008.0000,35298,1,278649320.000,1,1,0,双开,S,5008.0000,5007.0000,5006.2000,5005.4000,5005.0000,5010.2000,5010.8000,5011.8000,5012.8000,5014.8000,2,4,1,1,1,1,1,3,1,1
SF,IC2009,2020-04-10 09:32:56.100,5008.0000,35298,0,278649320.000,0,-,-,-,-,5008.0000,5007.0000,5006.2000,5005.4000,5005.0000,5010.2000,5011.8000,5012.8000,5014.8000,5015.0000,2,4,1,1,1,1,3,1,1,2
SF,IC2009,2020-04-10 09:32:56.600,5008.0000,35298,0,278649320.000,0,-,-,-,-,5008.0000,5007.0000,5006.2000,5005.4000,5005.0000,5010.2000,5011.8000,5012.8000,5014.8000,5015.0000,2,4,1,1,1,1,1,1,1,2
SF,IC2009,2020-04-10 09:32:57.100,5008.0000,35299,1,279650920.000,1,1,0,双开,S,5008.0000,5007.0000,5006.2000,5005.4000,5005.0000,5015.8000,5016.0000,5016.4000,5016.6000,5016.8000,1,4,1,1,1,1,3,6,5,4
SF,IC2009,2020-04-10 09:32:57.600,5008.0000,35299,0,279650920.000,0,-,-,-,-,5008.0000,5007.0000,5006.2000,5005.4000,5005.0000,5010.6000,5011.8000,5012.4000,5014.8000,5015.0000,1,4,1,1,1,1,1,1,1,1
SF,IC2009,2020-04-10 09:32:58.100,5008.0000,35299,0,279650920.000,0,-,-,-,-,5008.0000,5007.0000,5006.2000,5005.4000,5005.0000,5010.4000,5010.6000,5012.4000,5014.8000,5015.0000,1,4,1,1,1,1,1,2,1,1
SF,IC2009,2020-04-10 09:32:58.600,5008.0000,35299,0,279650920.000,0,-,-,-,-,5008.2000,5008.0000,5007.0000,5006.2000,5005.4000,5010.4000,5012.4000,5014.8000,5015.0000,5015.4000,1,1,4,1,1,1,2,2,1,7
SF,IC2009,2020-04-10 09:32:59.100,5008.0000,35299,0,280652520.000,1,0,1,多换,S,5008.0000,5007.0000,5006.2000,5005.4000,5005.0000,5009.8000,5010.4000,5012.4000,5014.8000,5015.0000,1,3,1,1,1,1,1,2,2,1
SF,IC2009,2020-04-10 09:32:59.600,5008.0000,35299,0,280652520.000,0,-,-,-,-,5008.0000,5007.0000,5006.2000,5005.4000,5005.0000,5009.6000,5009.8000,5012.4000,5014.8000,5015.0000,1,3,1,1,1,2,1,1,2,1
SF,IC2009,2020-04-10 09:33:00.100,5008.0000,35299,0,280652520.000,0,-,-,-,-,5008.0000,5007.0000,5006.2000,5005.4000,5005.0000,5009.6000,5012.4000,5014.8000,5015.0000,5015.4000,1,3,1,1,1,2,1,2,1,6
SF,IC2009,2020-04-10 09:33:00.600,5008.0000,35299,0,280652520.000,0,-,-,-,-,5008.0000,5007.0000,5006.2000,5005.4000,5005.0000,5009.6000,5012.4000,5014.8000,5015.0000,5015.4000,1,3,1,1,1,4,1,2,1,6
SF,IC2009,2020-04-10 09:33:01.100,5008.0000,35299,0,281654120.000,1,0,1,多换,S,5007.0000,5006.2000,5005.4000,5005.0000,5004.0000,5009.6000,5012.4000,5014.8000,5015.0000,5015.4000,3,1,1,1,1,2,1,2,1,6
SF,IC2009,2020-04-10 09:33:01.600,5009.6000,35297,-2,284659880.000,3,0,3,多平,S,5007.0000,5006.2000,5005.4000,5005.0000,5004.0000,5012.4000,5014.8000,5015.0000,5015.4000,5015.6000,3,1,1,1,1,1,2,1,6,2
SF,IC2009,2020-04-10 09:33:02.100,5009.6000,35297,0,284659880.000,0,-,-,-,-,5009.8000,5007.4000,5007.2000,5007.0000,5006.2000,5010.2000,5011.2000,5012.2000,5012.4000,5014.8000,1,1,1,3,1,1,1,2,1,2
SF,IC2009,2020-04-10 09:33:02.600,5009.6000,35297,0,284659880.000,0,-,-,-,-,5009.8000,5007.8000,5007.4000,5007.2000,5007.0000,5010.2000,5012.2000,5012.4000,5014.8000,5015.0000,1,1,1,1,3,1,2,1,2,1
SF,IC2009,2020-04-10 09:33:03.100,5010.2000,35296,-1,286663960.000,2,0,2,多平,S,5010.2000,5009.8000,5007.8000,5007.4000,5007.2000,5012.2000,5012.4000,5014.8000,5015.0000,5015.4000,1,1,1,1,1,2,1,2,1,6
SF,IC2009,2020-04-10 09:33:03.600,5010.2000,35295,-1,288668040.000,2,0,2,多平,S,5009.8000,5008.2000,5007.8000,5007.4000,5007.0000,5011.8000,5012.0000,5012.2000,5012.4000,5014.8000,1,1,1,1,3,1,2,1,1,2
SF,IC2009,2020-04-10 09:33:04.100,5010.2000,35295,0,288668040.000,0,-,-,-,-,5010.0000,5009.8000,5008.8000,5008.2000,5007.0000,5012.2000,5014.8000,5015.0000,5015.4000,5015.8000,1,1,1,1,3,1,2,1,6,1
SF,IC2009,2020-04-10 09:33:04.600,5010.2000,35293,-2,290672120.000,2,0,2,双平,S,5010.2000,5009.8000,5008.8000,5008.2000,5007.0000,5012.2000,5014.8000,5015.8000,5016.0000,5016.6000,1,1,1,1,3,1,1,1,3,4
SF,IC2009,2020-04-10 09:33:05.100,5010.2000,35293,0,290672120.000,0,-,-,-,-,5011.2000,5010.4000,5010.2000,5009.8000,5008.8000,5014.8000,5015.8000,5016.0000,5016.6000,5016.8000,1,1,1,1,1,1,1,3,4,3
SF,IC2009,2020-04-10 09:33:05.600,5010.2000,35293,0,290672120.000,0,-,-,-,-,5009.8000,5008.8000,5007.0000,5006.2000,5005.4000,5013.4000,5013.6000,5014.6000,5014.8000,5015.0000,1,1,3,1,1,1,1,2,2,1
SF,IC2009,2020-04-10 09:33:06.100,5010.2000,35293,0,290672120.000,0,-,-,-,-,5010.6000,5009.8000,5008.8000,5007.0000,5006.2000,5013.2000,5014.6000,5014.8000,5015.8000,5016.0000,1,1,1,3,1,2,1,1,1,3
SF,IC2009,2020-04-10 09:33:06.600,5010.2000,35293,0,290672120.000,0,-,-,-,-,5010.6000,5009.8000,5008.8000,5007.0000,5006.2000,5012.6000,5013.0000,5013.2000,5013.4000,5014.6000,1,1,1,3,1,3,1,2,1,1
SF,IC2009,2020-04-10 09:33:07.100,5010.2000,35293,0,290672120.000,0,-,-,-,-,5009.8000,5008.8000,5007.0000,5006.2000,5005.4000,5012.4000,5012.6000,5013.0000,5013.2000,5014.6000,1,1,3,1,1,2,2,1,1,1
SF,IC2009,2020-04-10 09:33:07.600,5010.2000,35293,0,290672120.000,0,-,-,-,-,5009.8000,5008.8000,5007.0000,5006.2000,5005.4000,5010.6000,5012.2000,5012.4000,5013.2000,5014.6000,1,1,3,1,1,1,1,1,1,1
SF,IC2009,2020-04-10 09:33:08.100,5010.6000,35293,0,291674240.000,1,0,1,多换,S,5010.6000,5010.0000,5009.8000,5008.8000,5007.0000,5011.8000,5012.4000,5013.2000,5014.8000,5015.8000,1,1,1,1,3,1,1,1,1,1
SF,IC2009,2020-04-10 09:33:08.600,5010.6000,35293,0,291674240.000,0,-,-,-,-,5010.0000,5009.8000,5008.8000,5007.0000,5006.2000,5010.6000,5011.6000,5012.4000,5013.2000,5014.8000,1,2,1,3,1,1,1,1,1,1
SF,IC2009,2020-04-10 09:33:09.100,5010.6000,35294,1,292676360.000,1,1,0,双开,S,5010.6000,5010.0000,5009.8000,5008.8000,5007.0000,5011.6000,5012.4000,5013.2000,5014.8000,5015.8000,1,1,1,1,3,2,1,1,1,1
SF,IC2009,2020-04-10 09:33:09.600,5010.6000,35294,0,292676360.000,0,-,-,-,-,5010.4000,5010.0000,5009.8000,5008.8000,5007.0000,5011.6000,5012.4000,5013.2000,5014.8000,5015.8000,1,1,1,1,3,1,1,1,1,1
SF,IC2009,2020-04-10 09:33:10.100,5010.6000,35294,0,292676360.000,0,-,-,-,-,5010.0000,5009.8000,5008.8000,5007.0000,5006.2000,5011.4000,5011.6000,5012.4000,5013.2000,5014.8000,1,1,1,3,1,1,1,1,1,1
SF,IC2009,2020-04-10 09:33:10.600,5010.6000,35294,0,292676360.000,0,-,-,-,-,5010.0000,5009.8000,5008.8000,5007.0000,5006.2000,5011.2000,5011.4000,5011.6000,5013.2000,5014.8000,1,1,1,3,1,1,2,1,1,1
SF,IC2009,2020-04-10 09:33:11.100,5010.6000,35294,0,292676360.000,0,-,-,-,-,5011.2000,5010.0000,5009.8000,5008.8000,5007.0000,5011.4000,5011.6000,5013.2000,5014.8000,5015.8000,1,2,1,1,3,1,1,1,1,1
SF,IC2009,2020-04-10 09:33:11.600,5011.2000,35294,0,293678600.000,1,0,1,多换,S,5010.6000,5010.0000,5009.8000,5008.8000,5007.0000,5011.4000,5011.6000,5013.2000,5014.8000,5015.8000,1,2,1,1,3,1,1,1,1,1
SF,IC2009,2020-04-10 09:33:12.100,5010.6000,35293,-1,294680720.000,1,0,1,双平,S,5010.0000,5009.8000,5008.8000,5006.2000,5005.4000,5011.4000,5011.6000,5013.2000,5014.8000,5015.8000,2,1,1,1,1,1,1,1,1,1
SF,IC2009,2020-04-10 09:33:12.600,5010.6000,35293,0,294680720.000,0,-,-,-,-,5010.0000,5009.8000,5008.8000,5006.2000,5005.4000,5011.2000,5011.4000,5011.6000,5013.2000,5014.8000,1,1,1,1,1,1,1,1,1,1
SF,IC2009,2020-04-10 09:33:13.100,5010.6000,35293,0,294680720.000,0,-,-,-,-,5010.0000,5009.8000,5008.8000,5006.2000,5005.4000,5011.0000,5011.2000,5011.4000,5011.6000,5013.2000,1,1,1,1,1,1,1,1,1,1
SF,IC2009,2020-04-10 09:33:14.600,5010.6000,35293,0,294680720.000,0,-,-,-,-,5010.0000,5009.8000,5008.8000,5006.2000,5005.4000,5010.8000,5011.0000,5011.2000,5011.4000,5011.6000,1,1,1,1,1,1,1,1,1,1
SF,IC2009,2020-04-10 09:33:15.100,5010.6000,35293,0,294680720.000,0,-,-,-,-,5010.0000,5009.8000,5008.8000,5006.2000,5005.4000,5011.0000,5011.2000,5011.4000,5011.6000,5013.2000,1,1,1,1,1,1,1,1,1,1
SF,IC2009,2020-04-10 09:33:15.600,5010.0000,35292,-1,295682720.000,1,0,1,双平,S,5009.8000,5008.8000,5006.2000,5005.4000,5005.0000,5010.8000,5011.0000,5011.2000,5011.4000,5011.6000,1,1,1,1,2,1,1,1,1,1
SF,IC2009,2020-04-10 09:33:16.100,5009.8000,35292,0,296684680.000,1,0,1,多换,S,5008.8000,5006.2000,5005.4000,5005.0000,5004.0000,5009.6000,5009.8000,5010.0000,5010.6000,5011.2000,1,1,1,2,1,1,1,2,1,1
SF,IC2009,2020-04-10 09:33:16.600,5009.8000,35292,0,296684680.000,0,-,-,-,-,5006.2000,5005.4000,5005.0000,5004.0000,5003.6000,5009.4000,5009.6000,5009.8000,5010.0000,5011.2000,1,1,2,1,1,1,1,1,2,1
SF,IC2009,2020-04-10 09:33:17.100,5009.8000,35292,0,296684680.000,0,-,-,-,-,5007.6000,5006.6000,5006.2000,5005.4000,5005.0000,5009.4000,5009.6000,5009.8000,5010.0000,5011.2000,1,1,1,1,2,1,1,1,2,1
SF,IC2009,2020-04-10 09:33:17.600,5009.8000,35292,0,296684680.000,0,-,-,-,-,5007.8000,5007.6000,5006.6000,5006.2000,5005.4000,5009.6000,5009.8000,5010.0000,5011.2000,5011.4000,1,1,1,1,1,1,2,2,1,1
SF,IC2009,2020-04-10 09:33:18.100,5009.8000,35292,0,296684680.000,0,-,-,-,-,5006.6000,5006.2000,5005.4000,5005.0000,5004.0000,5009.6000,5009.8000,5010.0000,5011.2000,5011.4000,1,1,1,2,1,1,2,2,1,1
SF,IC2009,2020-04-10 09:33:18.600,5009.8000,35292,0,296684680.000,0,-,-,-,-,5007.8000,5006.6000,5006.2000,5005.4000,5005.0000,5009.4000,5009.6000,5009.8000,5010.0000,5011.2000,1,1,1,1,2,1,1,2,2,1
SF,IC2009,2020-04-10 09:33:19.100,5009.8000,35292,0,296684680.000,0,-,-,-,-,5007.8000,5006.2000,5005.4000,5005.0000,5004.0000,5009.4000,5009.6000,5009.8000,5010.0000,5011.2000,1,1,1,2,1,1,1,2,2,1
SF,IC2009,2020-04-10 09:33:19.600,5009.8000,35292,0,296684680.000,0,-,-,-,-,5008.0000,5007.8000,5006.2000,5005.4000,5005.0000,5009.6000,5009.8000,5010.0000,5011.2000,5011.4000,1,1,1,1,2,1,2,2,1,1
SF,IC2009,2020-04-10 09:33:20.100,5009.8000,35292,0,296684680.000,0,-,-,-,-,5008.2000,5006.2000,5005.4000,5005.0000,5004.0000,5009.6000,5009.8000,5010.0000,5011.2000,5011.4000,1,1,1,2,1,1,2,2,1,1
SF,IC2009,2020-04-10 09:33:20.600,5009.6000,35291,-1,297686600.000,1,0,1,双平,S,5008.4000,5007.6000,5006.2000,5005.4000,5005.0000,5009.8000,5010.0000,5011.2000,5011.4000,5011.6000,2,1,1,1,2,2,2,1,1,1
SF,IC2009,2020-04-10 09:33:21.100,5009.6000,35291,0,297686600.000,0,-,-,-,-,5008.4000,5007.6000,5006.2000,5005.4000,5005.0000,5009.6000,5009.8000,5010.0000,5011.2000,5011.4000,1,1,1,1,2,1,2,2,1,1
SF,IC2009,2020-04-10 09:33:21.600,5009.6000,35291,0,297686600.000,0,-,-,-,-,5008.4000,5007.6000,5006.2000,5005.4000,5005.0000,5009.8000,5010.0000,5011.2000,5011.4000,5011.6000,1,1,1,1,2,2,2,1,1,1
SF,IC2009,2020-04-10 09:33:22.100,5009.6000,35291,0,297686600.000,0,-,-,-,-,5008.4000,5007.6000,5006.2000,5005.4000,5005.0000,5009.4000,5009.6000,5009.8000,5010.0000,5011.2000,1,1,1,1,2,1,2,2,2,1
SF,IC2009,2020-04-10 09:33:22.600,5009.6000,35291,0,297686600.000,0,-,-,-,-,5008.4000,5007.6000,5006.2000,5005.4000,5005.0000,5009.4000,5009.6000,5009.8000,5010.0000,5011.2000,1,1,1,1,2,1,1,2,2,1
SF,IC2009,2020-04-10 09:33:23.100,5009.6000,35290,-1,298688520.000,1,0,1,双平,S,5008.4000,5007.6000,5006.2000,5005.4000,5005.0000,5009.8000,5010.0000,5011.2000,5011.4000,5011.6000,1,1,1,1,2,2,2,1,1,1
SF,IC2009,2020-04-10 09:33:23.600,5009.6000,35290,0,298688520.000,0,-,-,-,-,5008.4000,5007.6000,5006.2000,5005.4000,5005.0000,5009.8000,5010.0000,5011.2000,5011.4000,5011.6000,1,1,1,1,2,2,2,1,1,1
SF,IC2009,2020-04-10 09:33:24.100,5009.6000,35290,0,298688520.000,0,-,-,-,-,5008.6000,5008.4000,5007.6000,5006.2000,5005.4000,5009.8000,5010.0000,5011.2000,5011.4000,5011.6000,1,1,1,1,1,2,2,1,1,1
SF,IC2009,2020-04-10 09:33:24.600,5009.6000,35290,0,298688520.000,0,-,-,-,-,5008.6000,5006.2000,5005.4000,5005.0000,5004.0000,5009.8000,5010.0000,5011.2000,5011.4000,5011.6000,1,1,1,2,1,2,2,1,1,1
SF,IC2009,2020-04-10 09:33:25.100,5009.6000,35290,0,298688520.000,0,-,-,-,-,5008.8000,5008.6000,5006.2000,5005.4000,5005.0000,5009.6000,5009.8000,5010.0000,5011.2000,5011.4000,1,2,1,1,2,1,2,2,1,1
SF,IC2009,2020-04-10 09:33:25.600,5009.6000,35289,-1,299690440.000,1,0,1,双平,S,5009.0000,5008.8000,5006.2000,5005.4000,5005.0000,5009.8000,5010.0000,5011.2000,5011.4000,5011.6000,2,1,1,1,2,2,2,1,1,1
SF,IC2009,2020-04-10 09:33:26.100,5009.6000,35289,0,299690440.000,0,-,-,-,-,5009.6000,5009.0000,5008.8000,5006.2000,5005.4000,5009.8000,5010.0000,5011.2000,5011.4000,5011.6000,1,2,1,1,1,1,2,1,1,1
SF,IC2009,2020-04-10 09:33:26.600,5009.8000,35288,-1,300692400.000,1,0,1,双平,S,5009.6000,5009.0000,5008.8000,5006.2000,5005.4000,5010.0000,5011.2000,5011.4000,5011.6000,5014.8000,1,1,1,1,1,2,1,1,1,1
SF,IC2009,2020-04-10 09:33:27.100,5009.8000,35288,0,300692400.000,0,-,-,-,-,5009.2000,5009.0000,5006.2000,5005.4000,5005.0000,5010.0000,5011.2000,5011.4000,5011.6000,5014.8000,1,1,1,1,2,2,1,1,1,1
SF,IC2009,2020-04-10 09:33:28.600,5009.8000,35288,0,300692400.000,0,-,-,-,-,5009.8000,5009.2000,5009.0000,5006.2000,5005.4000,5010.0000,5011.2000,5011.4000,5011.6000,5014.8000,1,1,1,1,1,2,1,1,1,1
SF,IC2009,2020-04-10 09:33:29.100,5009.8000,35288,0,301694360.000,1,0,1,多换,S,5009.2000,5009.0000,5006.2000,5005.4000,5005.0000,5009.8000,5010.0000,5011.2000,5011.4000,5011.6000,1,1,1,1,2,1,2,1,1,1
SF,IC2009,2020-04-10 09:33:29.600,5009.8000,35288,0,301694360.000,0,-,-,-,-,5009.2000,5009.0000,5006.2000,5005.4000,5005.0000,5009.8000,5010.0000,5011.2000,5011.4000,5011.6000,1,1,1,1,2,1,2,1,1,1
SF,IC2009,2020-04-10 09:33:30.100,5009.2000,35287,-1,302696200.000,1,0,1,双平,S,5006.2000,5005.4000,5005.0000,5004.0000,5003.6000,5009.2000,5009.8000,5010.0000,5011.2000,5011.4000,1,1,2,1,1,1,1,2,1,1
SF,IC2009,2020-04-10 09:33:30.600,5009.2000,35287,0,302696200.000,0,-,-,-,-,5008.2000,5006.4000,5006.2000,5005.4000,5005.0000,5009.0000,5009.2000,5009.8000,5010.0000,5011.2000,1,3,1,1,2,1,1,1,2,1
SF,IC2009,2020-04-10 09:33:31.100,5009.0000,35286,-1,303698000.000,1,0,1,双平,S,5009.0000,5008.2000,5006.4000,5006.2000,5005.4000,5009.8000,5010.0000,5011.2000,5011.4000,5011.6000,1,1,1,1,1,1,2,1,1,1
SF,IC2009,2020-04-10 09:33:31.600,5009.0000,35286,0,304699800.000,1,0,1,多换,S,5008.2000,5006.4000,5006.2000,5005.4000,5005.0000,5008.8000,5009.0000,5009.6000,5009.8000,5010.0000,1,1,1,1,2,1,1,2,1,2
SF,IC2009,2020-04-10 09:33:32.100,5009.0000,35286,0,304699800.000,0,-,-,-,-,5008.2000,5006.4000,5006.2000,5005.4000,5005.0000,5009.0000,5009.6000,5009.8000,5010.0000,5011.4000,1,1,1,1,2,1,1,1,2,1
SF,IC2009,2020-04-10 09:33:32.600,5009.0000,35286,0,304699800.000,0,-,-,-,-,5008.2000,5006.4000,5006.2000,5005.4000,5005.0000,5009.0000,5009.8000,5010.0000,5011.0000,5011.4000,1,1,1,1,2,1,1,2,1,1
SF,IC2009,2020-04-10 09:33:33.600,5009.0000,35285,-1,305701600.000,1,0,1,双平,S,5009.0000,5008.2000,5006.4000,5006.2000,5005.4000,5009.8000,5010.0000,5011.0000,5011.4000,5011.6000,2,1,1,1,1,1,2,1,1,1
SF,IC2009,2020-04-10 09:33:34.100,5009.0000,35284,-1,306703400.000,1,0,1,双平,S,5009.0000,5008.8000,5008.2000,5006.4000,5006.2000,5009.6000,5009.8000,5010.0000,5011.0000,5011.4000,1,1,1,1,1,1,1,2,1,1
SF,IC2009,2020-04-10 09:33:35.100,5009.0000,35283,-1,307705200.000,1,0,1,双平,S,5008.8000,5008.2000,5006.4000,5006.2000,5005.4000,5009.6000,5009.8000,5010.0000,5011.0000,5011.4000,1,1,1,1,1,1,1,2,1,1
SF,IC2009,2020-04-10 09:33:35.600,5009.0000,35283,0,307705200.000,0,-,-,-,-,5008.8000,5008.2000,5006.4000,5006.2000,5005.4000,5009.6000,5009.8000,5010.0000,5011.0000,5011.4000,1,1,1,1,1,1,1,5,1,1
SF,IC2009,2020-04-10 09:33:36.100,5009.0000,35283,0,307705200.000,0,-,-,-,-,5008.8000,5008.2000,5006.4000,5006.2000,5005.4000,5009.6000,5009.8000,5010.0000,5011.0000,5011.4000,1,1,1,1,1,1,1,5,1,1
SF,IC2009,2020-04-10 09:33:37.600,5009.0000,35283,0,307705200.000,0,-,-,-,-,5008.8000,5008.2000,5006.4000,5006.2000,5005.4000,5009.6000,5009.8000,5010.0000,5011.0000,5011.4000,1,1,1,1,1,1,1,5,1,1
SF,IC2009,2020-04-10 09:33:38.100,5009.0000,35283,0,307705200.000,0,-,-,-,-,5008.8000,5008.2000,5006.4000,5006.2000,5005.4000,5009.8000,5010.0000,5011.0000,5011.4000,5011.6000,1,1,1,1,1,1,5,1,1,1
SF,IC2009,2020-04-10 09:33:38.600,5008.8000,35284,1,308706960.000,1,1,0,双开,S,5006.4000,5006.2000,5005.4000,5005.0000,5004.0000,5009.8000,5010.0000,5011.0000,5011.4000,5011.6000,1,1,1,2,1,1,5,1,1,1
SF,IC2009,2020-04-10 09:33:39.100,5008.8000,35284,0,308706960.000,0,-,-,-,-,5008.8000,5006.6000,5006.4000,5006.2000,5005.4000,5009.8000,5010.0000,5011.0000,5011.4000,5011.6000,1,1,3,1,1,1,5,1,1,1
SF,IC2009,2020-04-10 09:33:39.600,5008.8000,35283,-1,310710680.000,2,0,2,多平,S,5006.6000,5006.4000,5006.2000,5005.4000,5005.0000,5010.0000,5011.0000,5011.4000,5011.6000,5014.8000,1,4,1,1,2,5,1,1,1,1
SF,IC2009,2020-04-10 09:33:40.100,5007.4000,35282,-1,311712160.000,1,0,1,双平,S,5006.8000,5006.6000,5006.4000,5006.2000,5005.4000,5009.8000,5010.0000,5011.0000,5011.4000,5011.6000,1,1,2,1,1,1,7,1,1,1
SF,IC2009,2020-04-10 09:33:40.600,5007.4000,35282,0,311712160.000,0,-,-,-,-,5006.8000,5006.6000,5006.4000,5006.2000,5005.4000,5008.8000,5009.8000,5010.0000,5011.0000,5011.4000,1,1,2,1,1,1,1,5,1,1
SF,IC2009,2020-04-10 09:33:41.100,5008.4000,35281,-1,312713840.000,1,0,1,双平,S,5007.0000,5006.8000,5006.6000,5006.4000,5006.2000,5008.8000,5009.8000,5010.0000,5011.0000,5011.4000,1,1,1,1,1,1,1,5,1,1
SF,IC2009,2020-04-10 09:33:41.600,5008.4000,35281,0,312713840.000,0,-,-,-,-,5007.2000,5007.0000,5006.6000,5006.2000,5005.4000,5008.8000,5009.8000,5010.0000,5011.0000,5011.4000,2,1,1,1,1,1,1,5,1,1
SF,IC2009,2020-04-10 09:33:42.100,5008.4000,35281,0,312713840.000,0,-,-,-,-,5007.2000,5007.0000,5006.6000,5006.2000,5005.4000,5008.8000,5009.8000,5010.0000,5011.0000,5011.4000,2,1,1,1,1,2,1,5,1,1
SF,IC2009,2020-04-10 09:33:43.600,5008.4000,35281,0,312713840.000,0,-,-,-,-,5007.2000,5007.0000,5006.6000,5006.2000,5005.4000,5008.8000,5009.8000,5010.0000,5011.0000,5011.4000,2,1,1,1,1,3,1,5,1,1
SF,IC2009,2020-04-10 09:33:45.100,5008.4000,35281,0,312713840.000,0,-,-,-,-,5007.2000,5007.0000,5006.6000,5006.2000,5005.4000,5008.8000,5009.8000,5010.0000,5011.0000,5011.4000,2,1,1,1,1,3,1,5,1,1
SF,IC2009,2020-04-10 09:33:45.600,5008.4000,35281,0,312713840.000,0,-,-,-,-,5007.2000,5006.6000,5006.2000,5005.4000,5005.0000,5008.8000,5009.8000,5010.0000,5011.0000,5011.4000,1,1,1,1,2,3,1,5,1,1
SF,IC2009,2020-04-10 09:33:46.100,5008.4000,35281,0,312713840.000,0,-,-,-,-,5007.4000,5007.2000,5006.6000,5006.2000,5005.4000,5008.8000,5009.8000,5010.0000,5011.0000,5011.4000,1,1,1,1,1,3,1,5,1,1
SF,IC2009,2020-04-10 09:33:46.600,5008.4000,35281,0,312713840.000,0,-,-,-,-,5007.2000,5006.6000,5006.2000,5005.4000,5005.0000,5008.8000,5009.8000,5010.0000,5011.0000,5011.4000,1,1,1,1,2,3,1,5,1,1
SF,IC2009,2020-04-10 09:33:47.100,5008.4000,35281,0,312713840.000,0,-,-,-,-,5007.4000,5007.2000,5006.6000,5006.2000,5005.4000,5008.8000,5009.8000,5010.0000,5011.0000,5011.4000,1,1,1,1,1,4,1,5,1,1
SF,IC2009,2020-04-10 09:33:47.600,5008.4000,35281,0,312713840.000,0,-,-,-,-,5007.6000,5007.2000,5006.6000,5006.2000,5005.4000,5008.8000,5009.8000,5010.0000,5011.0000,5011.4000,1,1,1,1,1,4,1,5,1,1
SF,IC2009,2020-04-10 09:33:48.100,5008.8000,35281,0,313715600.000,1,0,1,多换,S,5007.2000,5006.6000,5006.2000,5005.4000,5005.0000,5008.8000,5009.8000,5010.0000,5011.0000,5011.4000,1,1,1,1,2,3,1,5,1,1
SF,IC2009,2020-04-10 09:33:48.600,5008.8000,35281,0,313715600.000,0,-,-,-,-,5007.2000,5006.6000,5006.2000,5005.4000,5005.0000,5008.8000,5009.8000,5010.0000,5011.0000,5011.4000,1,1,1,1,2,3,1,5,1,1
SF,IC2009,2020-04-10 09:33:49.100,5008.8000,35281,0,313715600.000,0,-,-,-,-,5007.2000,5006.2000,5005.4000,5005.0000,5004.0000,5008.6000,5008.8000,5010.0000,5011.0000,5011.4000,1,1,1,2,1,2,3,5,1,1
SF,IC2009,2020-04-10 09:33:49.600,5007.2000,35280,-1,314717040.000,1,0,1,双平,S,5006.2000,5005.0000,5004.0000,5003.6000,5002.6000,5007.2000,5008.4000,5008.6000,5008.8000,5010.0000,1,2,1,1,1,4,2,4,3,5
SF,IC2009,2020-04-10 09:33:50.100,5007.2000,35280,0,314717040.000,0,-,-,-,-,5006.2000,5005.0000,5004.0000,5003.6000,5002.6000,5007.2000,5008.6000,5008.8000,5010.0000,5011.4000,1,2,1,1,1,1,2,3,3,1
SF,IC2009,2020-04-10 09:33:50.600,5007.2000,35280,0,314717040.000,0,-,-,-,-,5006.2000,5005.0000,5004.0000,5003.6000,5002.6000,5008.6000,5008.8000,5010.0000,5011.4000,5011.6000,1,2,1,1,1,2,3,3,1,1
SF,IC2009,2020-04-10 09:33:51.100,5008.6000,35279,-1,315718760.000,1,0,1,双平,S,5006.2000,5005.0000,5004.0000,5003.6000,5002.6000,5008.6000,5008.8000,5010.0000,5011.4000,5011.6000,1,2,1,1,1,1,3,3,1,1
SF,IC2009,2020-04-10 09:33:51.600,5008.6000,35279,0,315718760.000,0,-,-,-,-,5007.2000,5006.4000,5006.2000,5005.0000,5004.0000,5008.2000,5008.4000,5008.6000,5008.8000,5010.0000,1,2,1,2,1,1,1,1,3,3
SF,IC2009,2020-04-10 09:33:53.600,5007.2000,35279,0,316720200.000,1,0,1,多换,S,5006.4000,5006.2000,5005.0000,5004.0000,5003.6000,5008.2000,5008.4000,5008.6000,5008.8000,5010.0000,2,1,2,1,1,1,1,1,3,3
SF,IC2009,2020-04-10 09:33:54.100,5007.2000,35279,0,316720200.000,0,-,-,-,-,5006.4000,5006.2000,5005.0000,5004.0000,5003.6000,5008.0000,5008.2000,5008.6000,5008.8000,5010.0000,2,1,2,1,1,1,1,1,3,3
SF,IC2009,2020-04-10 09:33:54.600,5007.2000,35279,0,316720200.000,0,-,-,-,-,5006.4000,5006.2000,5005.0000,5004.0000,5003.6000,5008.0000,5008.2000,5008.6000,5008.8000,5010.0000,1,1,2,1,1,1,1,1,3,3
SF,IC2009,2020-04-10 09:33:55.100,5007.2000,35279,0,316720200.000,0,-,-,-,-,5006.4000,5006.2000,5005.0000,5004.0000,5003.6000,5007.8000,5008.0000,5008.2000,5008.8000,5010.0000,1,1,2,1,1,2,1,1,3,3
SF,IC2009,2020-04-10 09:33:55.600,5007.2000,35279,0,316720200.000,0,-,-,-,-,5006.4000,5006.2000,5005.0000,5004.0000,5003.6000,5007.6000,5007.8000,5008.0000,5008.8000,5010.0000,1,1,2,1,1,1,1,1,3,3
SF,IC2009,2020-04-10 09:33:56.100,5007.2000,35279,0,316720200.000,0,-,-,-,-,5006.4000,5006.2000,5005.0000,5004.0000,5003.6000,5008.0000,5008.8000,5010.0000,5011.4000,5011.6000,1,1,2,1,1,1,3,3,1,1
SF,IC2009,2020-04-10 09:33:56.600,5007.2000,35278,-1,317721640.000,1,0,1,双平,S,5006.4000,5006.2000,5005.0000,5004.0000,5003.6000,5007.4000,5007.8000,5008.0000,5008.2000,5008.8000,1,1,2,1,1,1,1,1,1,3
SF,IC2009,2020-04-10 09:33:57.100,5008.2000,35277,-1,320726360.000,3,1,2,多平,S,5006.2000,5005.0000,5004.0000,5003.6000,5002.6000,5008.8000,5010.0000,5011.4000,5011.6000,5015.0000,1,2,1,1,1,3,3,1,1,3
SF,IC2009,2020-04-10 09:33:57.600,5008.2000,35277,0,320726360.000,0,-,-,-,-,5006.2000,5005.0000,5004.0000,5003.6000,5002.6000,5008.2000,5008.4000,5008.6000,5008.8000,5010.0000,1,2,1,1,1,1,1,3,3,3
SF,IC2009,2020-04-10 09:33:58.100,5008.2000,35277,0,320726360.000,0,-,-,-,-,5006.2000,5005.0000,5004.0000,5003.6000,5002.6000,5008.0000,5008.2000,5008.4000,5008.6000,5008.8000,1,2,1,1,1,2,1,1,2,3
SF,IC2009,2020-04-10 09:33:58.600,5008.2000,35277,0,320726360.000,0,-,-,-,-,5006.2000,5005.0000,5004.0000,5003.6000,5002.6000,5008.0000,5008.2000,5008.4000,5008.8000,5010.0000,1,2,1,1,1,2,1,1,3,3
SF,IC2009,2020-04-10 09:33:59.100,5006.2000,35277,0,321727600.000,1,0,1,多换,S,5005.0000,5004.0000,5003.6000,5002.6000,5002.2000,5008.0000,5008.2000,5008.4000,5008.8000,5010.0000,2,1,1,1,1,2,1,1,3,3
SF,IC2009,2020-04-10 09:33:59.600,5006.2000,35277,0,321727600.000,0,-,-,-,-,5005.2000,5005.0000,5004.0000,5003.6000,5002.6000,5007.8000,5008.0000,5008.2000,5008.4000,5008.8000,2,2,1,1,1,1,1,1,1,3
SF,IC2009,2020-04-10 09:34:00.100,5006.2000,35277,0,321727600.000,0,-,-,-,-,5005.2000,5005.0000,5004.0000,5003.6000,5002.6000,5007.6000,5007.8000,5008.0000,5008.2000,5008.4000,2,2,1,1,1,1,1,1,1,1
SF,IC2009,2020-04-10 09:34:00.600,5006.2000,35277,0,321727600.000,0,-,-,-,-,5005.2000,5005.0000,5004.0000,5003.6000,5002.6000,5007.6000,5008.0000,5008.4000,5008.8000,5010.0000,2,2,1,1,1,2,1,1,3,3
SF,IC2009,2020-04-10 09:34:01.100,5006.2000,35277,0,321727600.000,0,-,-,-,-,5005.2000,5005.0000,5004.0000,5003.6000,5002.6000,5007.6000,5008.0000,5008.4000,5008.8000,5010.0000,2,2,1,1,1,2,1,1,3,3
SF,IC2009,2020-04-10 09:34:01.600,5005.0000,35278,1,322728600.000,1,1,0,双开,S,5005.0000,5004.0000,5003.6000,5002.6000,5002.2000,5007.0000,5007.6000,5008.0000,5008.8000,5010.0000,1,1,1,1,1,1,2,1,3,3
SF,IC2009,2020-04-10 09:34:02.100,5005.0000,35278,0,322728600.000,0,-,-,-,-,5005.0000,5004.0000,5003.6000,5002.6000,5002.2000,5006.8000,5007.0000,5007.2000,5007.4000,5007.6000,1,1,1,1,1,3,1,1,1,1
SF,IC2009,2020-04-10 09:34:02.600,5005.0000,35278,0,323729600.000,1,0,1,多换,S,5004.0000,5003.6000,5002.6000,5002.2000,5001.2000,5006.8000,5007.0000,5007.2000,5007.6000,5008.0000,1,1,1,1,2,3,1,1,1,1
SF,IC2009,2020-04-10 09:34:03.100,5005.0000,35278,0,323729600.000,0,-,-,-,-,5004.2000,5004.0000,5003.6000,5002.6000,5002.2000,5006.8000,5007.2000,5007.6000,5008.0000,5008.8000,1,1,1,1,1,1,1,1,1,3
SF,IC2009,2020-04-10 09:34:03.600,5005.0000,35278,0,323729600.000,0,-,-,-,-,5004.4000,5004.2000,5004.0000,5003.6000,5002.6000,5006.6000,5006.8000,5007.2000,5007.6000,5008.0000,1,2,1,1,1,1,2,1,1,1
SF,IC2009,2020-04-10 09:34:04.100,5005.0000,35278,0,323729600.000,0,-,-,-,-,5004.6000,5004.4000,5004.2000,5004.0000,5003.6000,5006.4000,5006.6000,5007.6000,5008.0000,5008.8000,1,1,1,1,1,1,1,1,1,3
SF,IC2009,2020-04-10 09:34:04.600,5005.0000,35278,0,323729600.000,0,-,-,-,-,5004.6000,5004.2000,5004.0000,5003.6000,5002.6000,5006.2000,5006.4000,5006.6000,5007.6000,5008.0000,1,2,1,1,1,1,1,1,1,1
SF,IC2009,2020-04-10 09:34:05.100,5005.0000,35278,0,323729600.000,0,-,-,-,-,5004.6000,5004.2000,5004.0000,5003.6000,5002.6000,5006.0000,5006.6000,5007.6000,5008.0000,5008.8000,1,2,1,1,1,2,1,1,1,3
SF,IC2009,2020-04-10 09:34:05.600,5005.0000,35278,0,323729600.000,0,-,-,-,-,5004.2000,5004.0000,5003.6000,5002.6000,5002.2000,5006.0000,5006.6000,5007.6000,5008.0000,5008.8000,1,1,1,1,1,2,1,1,1,3
SF,IC2009,2020-04-10 09:34:07.600,5005.0000,35278,0,323729600.000,0,-,-,-,-,5004.4000,5004.2000,5004.0000,5003.6000,5002.6000,5006.0000,5006.6000,5007.6000,5008.0000,5008.8000,1,1,1,1,1,1,1,1,1,3
SF,IC2009,2020-04-10 09:34:08.100,5005.0000,35278,0,323729600.000,0,-,-,-,-,5004.6000,5004.2000,5004.0000,5003.6000,5002.6000,5006.0000,5006.6000,5007.6000,5008.0000,5008.8000,2,1,1,1,1,1,1,1,1,3
SF,IC2009,2020-04-10 09:34:08.600,5006.0000,35277,-1,324730800.000,1,0,1,双平,S,5004.8000,5004.6000,5004.2000,5004.0000,5003.6000,5006.6000,5007.6000,5008.0000,5008.8000,5010.0000,1,2,1,1,1,1,1,1,3,3
SF,IC2009,2020-04-10 09:34:09.100,5006.0000,35277,0,324730800.000,0,-,-,-,-,5005.0000,5004.8000,5004.6000,5004.2000,5004.0000,5007.6000,5008.0000,5008.8000,5010.0000,5011.4000,1,1,1,1,1,1,1,3,3,1
SF,IC2009,2020-04-10 09:34:09.600,5002.2000,35274,-3,329734120.000,5,1,4,多平,S,5001.2000,5000.8000,5000.0000,4997.4000,4993.8000,5006.6000,5006.8000,5007.0000,5007.4000,5007.6000,2,1,7,1,5,1,1,1,2,1
SF,IC2009,2020-04-10 09:34:10.100,5002.2000,35274,0,329734120.000,0,-,-,-,-,5003.4000,5001.6000,5001.4000,5001.2000,5000.8000,5006.6000,5007.4000,5007.6000,5008.0000,5008.8000,1,4,2,2,1,1,1,1,1,3
SF,IC2009,2020-04-10 09:34:10.600,5002.2000,35274,0,329734120.000,0,-,-,-,-,5003.6000,5003.4000,5002.4000,5002.2000,5001.6000,5005.8000,5006.2000,5006.4000,5006.6000,5007.4000,1,1,1,1,4,1,1,1,1,1
SF,IC2009,2020-04-10 09:34:11.100,5002.2000,35274,0,329734120.000,0,-,-,-,-,5003.6000,5003.4000,5002.2000,5001.6000,5001.4000,5005.6000,5005.8000,5006.2000,5006.4000,5006.6000,1,1,1,1,2,1,1,1,1,1
SF,IC2009,2020-04-10 09:34:11.600,5002.2000,35274,0,329734120.000,0,-,-,-,-,5003.6000,5003.4000,5002.2000,5001.4000,5001.2000,5005.2000,5005.4000,5005.6000,5005.8000,5006.2000,1,1,1,2,2,1,1,1,1,1
SF,IC2009,2020-04-10 09:34:12.100,5002.2000,35274,0,329734120.000,0,-,-,-,-,5003.6000,5003.4000,5002.2000,5001.4000,5001.2000,5005.0000,5005.2000,5006.4000,5006.6000,5007.4000,1,1,1,2,2,1,2,1,1,1
SF,IC2009,2020-04-10 09:34:12.600,5002.2000,35274,0,329734120.000,0,-,-,-,-,5002.2000,5001.4000,5001.2000,5000.8000,5000.0000,5005.0000,5005.2000,5006.4000,5006.6000,5007.4000,1,2,2,1,7,2,2,1,1,1
SF,IC2009,2020-04-10 09:34:13.100,5002.2000,35274,0,329734120.000,0,-,-,-,-,5002.6000,5002.4000,5002.2000,5001.4000,5001.2000,5005.0000,5005.2000,5006.4000,5006.6000,5007.4000,2,1,1,2,2,2,1,1,1,1
SF,IC2009,2020-04-10 09:34:13.600,5002.6000,35274,0,330734640.000,1,0,1,多换,S,5002.6000,5002.2000,5001.4000,5001.2000,5000.8000,5005.0000,5005.2000,5006.4000,5006.6000,5007.4000,2,1,2,2,1,2,1,1,1,1
SF,IC2009,2020-04-10 09:34:14.100,5002.6000,35274,0,330734640.000,0,-,-,-,-,5002.6000,5002.2000,5001.4000,5001.2000,5000.8000,5004.2000,5004.6000,5005.0000,5006.4000,5007.4000,1,1,2,2,1,1,1,3,1,1
SF,IC2009,2020-04-10 09:34:14.600,5004.0000,35274,0,332735960.000,2,1,1,多换,S,5002.2000,5001.4000,5001.2000,5000.8000,5000.0000,5004.0000,5004.2000,5004.6000,5005.0000,5006.4000,1,2,2,1,8,2,1,1,2,1
SF,IC2009,2020-04-10 09:34:15.100,5004.0000,35274,0,332735960.000,0,-,-,-,-,5002.2000,5001.4000,5001.2000,5000.8000,5000.0000,5002.6000,5003.6000,5004.0000,5004.2000,5005.0000,1,2,2,1,8,2,1,3,1,1
SF,IC2009,2020-04-10 09:34:15.600,5002.6000,35274,0,335737520.000,3,1,2,多换,S,5002.2000,5001.4000,5001.2000,5000.8000,5000.0000,5003.6000,5004.0000,5004.2000,5005.0000,5006.4000,1,2,2,1,7,1,2,1,1,1
SF,IC2009,2020-04-10 09:34:16.100,5002.2000,35275,1,336737960.000,1,1,0,双开,S,5001.4000,5001.2000,5000.8000,5000.0000,4997.4000,5003.6000,5004.0000,5004.2000,5005.0000,5006.4000,2,2,1,7,1,1,2,1,1,1
SF,IC2009,2020-04-10 09:34:16.600,5001.6000,35275,0,337738280.000,1,0,1,多换,S,5001.2000,5000.8000,5000.0000,4997.4000,4994.8000,5003.2000,5003.4000,5003.6000,5004.0000,5004.2000,2,1,7,1,2,1,2,1,1,1
SF,IC2009,2020-04-10 09:34:17.100,5001.6000,35275,0,337738280.000,0,-,-,-,-,5001.4000,5001.2000,5000.8000,5000.0000,4997.8000,5003.0000,5003.2000,5003.4000,5004.0000,5004.2000,1,2,1,7,1,1,2,1,1,1
SF,IC2009,2020-04-10 09:34:17.600,5001.6000,35275,0,337738280.000,0,-,-,-,-,5001.6000,5001.4000,5001.2000,5000.8000,5000.0000,5002.4000,5002.6000,5003.2000,5003.4000,5004.0000,1,1,2,1,7,1,1,2,1,1
SF,IC2009,2020-04-10 09:34:18.100,5002.4000,35274,-1,338738760.000,1,0,1,双平,S,5001.4000,5001.2000,5000.8000,5000.0000,4997.8000,5003.2000,5003.4000,5004.0000,5004.2000,5005.0000,1,2,1,7,2,1,1,1,1,2
SF,IC2009,2020-04-10 09:34:18.600,5001.8000,35274,0,339739120.000,1,0,1,多换,S,5001.6000,5001.4000,5001.2000,5000.8000,5000.0000,5003.2000,5004.0000,5004.2000,5005.0000,5006.4000,1,2,2,1,7,1,1,1,2,1
SF,IC2009,2020-04-10 09:34:19.100,5001.8000,35274,0,339739120.000,0,-,-,-,-,5001.8000,5001.6000,5001.2000,5000.8000,5000.0000,5003.2000,5004.0000,5004.2000,5005.0000,5008.0000,2,1,2,1,7,1,1,1,2,1
SF,IC2009,2020-04-10 09:34:19.600,5001.8000,35274,0,339739120.000,0,-,-,-,-,5001.8000,5001.6000,5001.2000,5000.8000,5000.0000,5003.2000,5004.0000,5004.2000,5005.0000,5008.0000,2,2,2,1,7,1,1,1,2,1
SF,IC2009,2020-04-10 09:34:20.100,5001.8000,35274,0,339739120.000,0,-,-,-,-,5002.0000,5001.8000,5001.6000,5001.2000,5000.8000,5003.2000,5004.0000,5005.0000,5008.0000,5008.8000,1,1,2,2,1,1,1,2,1,2
SF,IC2009,2020-04-10 09:34:20.600,5002.0000,35274,0,340739520.000,1,0,1,多换,S,5001.6000,5001.2000,5000.8000,5000.0000,4999.6000,5002.0000,5002.8000,5003.0000,5003.2000,5004.0000,1,2,1,7,1,1,2,3,1,1
SF,IC2009,2020-04-10 09:34:21.100,5001.6000,35273,-1,341739840.000,1,0,1,双平,S,5001.2000,5000.8000,5000.0000,4997.8000,4997.4000,5002.0000,5003.0000,5003.2000,5004.0000,5005.0000,2,1,7,1,1,1,2,1,1,2
SF,IC2009,2020-04-10 09:34:21.600,5002.0000,35273,0,342740240.000,1,0,1,多换,S,5001.2000,5000.8000,5000.0000,4997.8000,4997.4000,5003.0000,5003.2000,5004.0000,5005.0000,5008.0000,2,1,7,1,1,2,1,1,2,1
SF,IC2009,2020-04-10 09:34:22.100,5001.2000,35273,0,344740720.000,2,1,1,多换,S,5000.8000,5000.0000,4997.8000,4997.4000,4994.8000,5001.8000,5002.8000,5003.0000,5003.2000,5004.0000,1,7,1,1,2,1,1,2,1,1
SF,IC2009,2020-04-10 09:34:22.600,5001.2000,35273,0,344740720.000,0,-,-,-,-,5000.8000,5000.0000,4997.8000,4997.4000,4994.8000,5001.6000,5001.8000,5003.0000,5003.2000,5004.0000,1,8,1,1,2,1,1,2,1,1
SF,IC2009,2020-04-10 09:34:23.100,5001.6000,35273,0,345741040.000,1,0,1,多换,S,5000.8000,5000.0000,4997.8000,4997.4000,4994.8000,5003.0000,5003.2000,5004.0000,5005.0000,5005.4000,1,8,1,1,2,2,1,1,2,5
SF,IC2009,2020-04-10 09:34:23.600,5001.6000,35273,0,345741040.000,0,-,-,-,-,5000.8000,5000.0000,4997.8000,4997.4000,4994.8000,5001.4000,5002.2000,5002.4000,5002.8000,5003.0000,1,8,1,1,2,1,1,1,2,2
SF,IC2009,2020-04-10 09:34:24.100,5000.8000,35272,-1,346741200.000,1,0,1,双平,S,5000.0000,4997.8000,4997.4000,4994.8000,4990.2000,5000.8000,5001.4000,5002.2000,5002.8000,5003.0000,8,1,1,2,2,2,1,1,2,2
SF,IC2009,2020-04-10 09:34:24.600,5000.8000,35269,-3,349741680.000,3,0,3,双平,S,5000.0000,4997.8000,4997.4000,4994.8000,4990.2000,5002.2000,5003.0000,5003.2000,5004.0000,5005.0000,7,2,1,2,2,1,2,1,1,2
SF,IC2009,2020-04-10 09:34:25.100,5000.8000,35269,0,349741680.000,0,-,-,-,-,5000.8000,5000.2000,5000.0000,4997.8000,4997.4000,5001.0000,5002.0000,5002.2000,5003.0000,5003.2000,1,1,7,2,1,1,2,1,1,1
SF,IC2009,2020-04-10 09:34:25.600,5000.8000,35267,-2,351742040.000,2,0,2,双平,S,5000.2000,5000.0000,4999.4000,4997.8000,4997.4000,5001.6000,5002.0000,5002.2000,5003.0000,5003.2000,1,7,1,2,3,1,2,1,1,1
