市场代码,合约代码,时间,最新,持仓,增仓,成交额,成交量,开仓,平仓,成交类型,方向,买一价,买二价,买三价,买四价,买五价,卖一价,卖二价,卖三价,卖四价,卖五价,买一量,买二量,买三量,买四量,买五量,卖一量,卖二量,卖三量,卖四量,卖五量
SF,IC2002,2019-12-31 09:29:00.300,5230.6000,3018,0,0.000,0.000,-,-,-,-,5225.0000,5223.0000,5215.0000,5213.0000,5208.4000,5236.4000,5238.6000,5245.0000,5248.6000,5250.0000,1,1,1,1,1,1,5,1,1,1
SF,IC2002,2019-12-31 09:30:00.300,5230.6000,3018,0,1046120.000,1,0,1,多换,S,5232.6000,5232.4000,5229.0000,5227.8000,5225.4000,5236.0000,5236.4000,5245.0000,5248.6000,5283.4000,1,1,1,1,1,1,3,1,1,3
SF,IC2002,2019-12-31 09:30:00.800,5232.6000,3017,-1,2092640.000,1,0,1,双平,S,5225.0000,5223.0000,5217.0000,5215.0000,5213.0000,5235.0000,5235.2000,5235.6000,5236.0000,5236.4000,1,1,1,1,1,3,2,1,1,1
SF,IC2002,2019-12-31 09:30:01.300,5232.6000,3017,0,2092640.000,0,-,-,-,-,5225.8000,5225.4000,5225.2000,5225.0000,5224.8000,5231.6000,5234.6000,5234.8000,5235.0000,5235.2000,1,2,2,1,1,1,1,1,3,2
SF,IC2002,2019-12-31 09:30:01.800,5232.6000,3017,0,2092640.000,0,-,-,-,-,5227.6000,5226.2000,5226.0000,5225.8000,5225.4000,5231.2000,5231.4000,5231.6000,5234.6000,5235.6000,1,1,1,1,1,2,1,1,1,1
SF,IC2002,2019-12-31 09:30:02.300,5232.6000,3017,0,2092640.000,0,-,-,-,-,5228.0000,5226.2000,5225.8000,5225.0000,5224.8000,5231.0000,5231.6000,5234.6000,5235.6000,5236.4000,1,1,1,1,1,1,1,1,1,1
SF,IC2002,2019-12-31 09:30:02.800,5232.6000,3017,0,2092640.000,0,-,-,-,-,5228.0000,5226.2000,5225.8000,5225.0000,5224.8000,5229.8000,5231.0000,5231.6000,5234.6000,5235.6000,1,1,1,1,1,2,1,1,1,1
SF,IC2002,2019-12-31 09:30:03.300,5232.6000,3017,0,2092640.000,0,-,-,-,-,5226.2000,5225.8000,5225.0000,5223.0000,5220.0000,5228.8000,5229.6000,5229.8000,5231.6000,5234.6000,1,1,1,1,5,1,5,2,1,1
SF,IC2002,2019-12-31 09:30:03.800,5232.6000,3017,0,2092640.000,0,-,-,-,-,5226.2000,5225.8000,5225.0000,5223.0000,5220.0000,5228.0000,5228.6000,5228.8000,5229.6000,5231.6000,1,1,1,1,5,2,1,1,1,1
SF,IC2002,2019-12-31 09:30:04.300,5232.6000,3017,0,2092640.000,0,-,-,-,-,5226.2000,5223.0000,5220.0000,5217.0000,5215.0000,5227.2000,5227.8000,5228.8000,5229.6000,5234.6000,1,1,5,1,1,1,1,1,1,1
SF,IC2002,2019-12-31 09:30:04.800,5226.2000,3016,-1,3137880.000,1,0,1,双平,S,5223.0000,5220.0000,5217.0000,5215.0000,5213.0000,5227.0000,5227.2000,5228.8000,5237.4000,5248.6000,1,5,1,1,1,1,3,1,5,1
SF,IC2002,2019-12-31 09:30:05.300,5226.2000,3016,0,3137880.000,0,-,-,-,-,5223.6000,5223.2000,5223.0000,5220.0000,5217.0000,5227.0000,5227.2000,5228.8000,5237.4000,5248.6000,1,4,1,5,1,1,1,1,5,1
SF,IC2002,2019-12-31 09:30:05.800,5226.2000,3016,0,3137880.000,0,-,-,-,-,5223.0000,5220.0000,5217.0000,5215.0000,5213.0000,5226.8000,5227.0000,5227.2000,5228.8000,5237.4000,1,5,1,1,1,2,1,1,1,5
SF,IC2002,2019-12-31 09:30:06.300,5226.2000,3016,0,3137880.000,0,-,-,-,-,5223.0000,5217.0000,5215.0000,5214.2000,5213.0000,5226.6000,5227.2000,5228.8000,5237.4000,5248.6000,1,1,1,5,1,1,1,1,5,1
SF,IC2002,2019-12-31 09:30:06.800,5226.2000,3016,0,3137880.000,0,-,-,-,-,5223.0000,5217.0000,5215.0000,5214.2000,5213.0000,5225.0000,5225.4000,5226.2000,5226.6000,5227.2000,1,1,1,5,1,1,2,1,1,1
SF,IC2002,2019-12-31 09:30:07.300,5226.2000,3016,0,3137880.000,0,-,-,-,-,5223.0000,5217.0000,5215.0000,5214.2000,5213.0000,5224.8000,5225.0000,5225.4000,5226.2000,5227.2000,1,1,1,5,1,1,1,2,1,1
SF,IC2002,2019-12-31 09:30:07.800,5226.2000,3016,0,3137880.000,0,-,-,-,-,5223.0000,5217.0000,5215.0000,5214.2000,5213.0000,5224.8000,5225.0000,5226.2000,5227.2000,5237.4000,1,1,1,5,1,1,1,1,1,5
SF,IC2002,2019-12-31 09:30:08.300,5226.2000,3016,0,3137880.000,0,-,-,-,-,5223.0000,5217.0000,5215.0000,5214.2000,5213.0000,5224.4000,5224.8000,5225.0000,5226.2000,5227.2000,1,1,1,5,1,1,1,1,1,1
SF,IC2002,2019-12-31 09:30:08.800,5223.0000,3015,-1,4182480.000,1,0,1,双平,S,5217.0000,5215.0000,5214.2000,5213.0000,5210.0000,5222.8000,5224.4000,5225.0000,5226.2000,5237.4000,1,1,5,1,1,1,1,1,1,5
SF,IC2002,2019-12-31 09:30:09.300,5223.0000,3015,0,4182480.000,0,-,-,-,-,5220.0000,5219.8000,5218.4000,5217.4000,5217.2000,5222.8000,5224.4000,5225.0000,5226.2000,5237.4000,1,1,1,1,5,1,1,1,1,5
SF,IC2002,2019-12-31 09:30:09.800,5220.0000,3015,0,5226480.000,1,0,1,多换,S,5218.4000,5217.4000,5217.2000,5217.0000,5215.0000,5222.8000,5224.4000,5225.0000,5226.2000,5237.4000,1,1,4,1,1,1,1,1,1,5
SF,IC2002,2019-12-31 09:30:10.300,5220.0000,3015,0,5226480.000,0,-,-,-,-,5219.0000,5218.6000,5217.2000,5217.0000,5215.0000,5222.6000,5222.8000,5224.4000,5225.0000,5226.2000,1,2,3,1,1,1,1,1,1,1
SF,IC2002,2019-12-31 09:30:10.800,5220.0000,3015,0,5226480.000,0,-,-,-,-,5218.6000,5217.2000,5217.0000,5215.0000,5214.2000,5222.2000,5222.4000,5222.6000,5222.8000,5224.4000,2,3,1,1,5,2,1,1,1,1
SF,IC2002,2019-12-31 09:30:11.300,5222.0000,3014,-1,6270880.000,1,0,1,双平,S,5219.6000,5218.6000,5217.2000,5217.0000,5215.0000,5222.6000,5222.8000,5224.4000,5225.0000,5226.2000,1,2,3,1,1,1,1,1,1,1
SF,IC2002,2019-12-31 09:30:11.800,5222.0000,3014,0,6270880.000,0,-,-,-,-,5218.6000,5217.2000,5217.0000,5215.0000,5214.2000,5222.4000,5222.8000,5224.4000,5225.0000,5226.2000,1,3,1,1,5,1,1,1,1,1
SF,IC2002,2019-12-31 09:30:12.300,5222.0000,3014,0,6270880.000,0,-,-,-,-,5218.8000,5218.6000,5217.2000,5217.0000,5215.0000,5221.2000,5222.0000,5222.4000,5222.8000,5224.4000,1,1,3,1,1,1,2,1,1,1
SF,IC2002,2019-12-31 09:30:12.800,5221.4000,3013,-1,7315160.000,1,0,1,双平,S,5219.0000,5218.8000,5217.2000,5217.0000,5215.0000,5222.8000,5224.4000,5225.8000,5226.2000,5248.6000,2,1,3,1,1,1,1,5,1,1
SF,IC2002,2019-12-31 09:30:13.300,5221.4000,3013,0,7315160.000,0,-,-,-,-,5219.2000,5219.0000,5217.2000,5217.0000,5215.0000,5222.2000,5222.6000,5222.8000,5224.4000,5225.8000,1,1,3,1,1,2,1,1,1,5
SF,IC2002,2019-12-31 09:30:13.800,5221.4000,3013,0,7315160.000,0,-,-,-,-,5219.4000,5219.2000,5217.2000,5217.0000,5215.0000,5222.8000,5224.4000,5225.8000,5226.2000,5248.6000,1,1,3,1,1,1,1,5,1,1
SF,IC2002,2019-12-31 09:30:14.300,5221.4000,3013,0,7315160.000,0,-,-,-,-,5219.6000,5219.4000,5219.2000,5217.2000,5217.0000,5222.8000,5224.4000,5226.2000,5231.6000,5248.6000,1,2,1,3,1,3,1,1,5,1
SF,IC2002,2019-12-31 09:30:14.800,5221.4000,3013,0,7315160.000,0,-,-,-,-,5219.8000,5219.6000,5219.2000,5217.2000,5217.0000,5222.8000,5224.4000,5226.2000,5231.6000,5248.6000,1,1,1,3,1,1,1,1,5,1
SF,IC2002,2019-12-31 09:30:15.300,5222.8000,3012,-1,8359720.000,1,0,1,双平,S,5220.0000,5219.6000,5219.2000,5217.2000,5217.0000,5224.4000,5226.2000,5231.6000,5248.6000,5250.0000,3,1,1,3,1,1,1,5,1,1
SF,IC2002,2019-12-31 09:30:15.800,5222.8000,3012,0,8359720.000,0,-,-,-,-,5220.6000,5220.2000,5220.0000,5219.6000,5219.2000,5224.2000,5226.2000,5231.6000,5248.6000,5250.0000,1,3,2,1,1,2,1,5,1,1
SF,IC2002,2019-12-31 09:30:16.300,5224.2000,3010,-2,10449400.000,2,0,2,双平,S,5221.2000,5221.0000,5220.8000,5220.6000,5220.2000,5226.2000,5231.6000,5248.6000,5250.0000,5336.0000,2,1,3,1,2,1,5,1,1,3
SF,IC2002,2019-12-31 09:30:16.800,5226.2000,3009,-1,11494640.000,1,0,1,双平,S,5221.6000,5221.4000,5221.2000,5220.8000,5220.6000,5231.6000,5248.6000,5250.0000,5336.0000,5555.0000,2,1,1,3,1,5,1,1,3,1
SF,IC2002,2019-12-31 09:30:17.300,5226.2000,3009,0,11494640.000,0,-,-,-,-,5221.8000,5221.6000,5221.2000,5220.8000,5220.6000,5227.0000,5227.2000,5228.8000,5229.0000,5231.2000,1,2,1,3,1,3,2,1,1,1
SF,IC2002,2019-12-31 09:30:17.800,5226.2000,3009,0,11494640.000,0,-,-,-,-,5222.4000,5222.2000,5222.0000,5221.8000,5221.6000,5226.8000,5231.2000,5231.6000,5248.6000,5250.0000,1,1,2,1,2,1,1,7,1,1
SF,IC2002,2019-12-31 09:30:18.300,5226.2000,3009,0,11494640.000,0,-,-,-,-,5222.8000,5222.6000,5222.4000,5222.2000,5222.0000,5231.2000,5231.6000,5248.6000,5250.0000,5336.0000,1,1,1,1,2,1,7,1,1,3
SF,IC2002,2019-12-31 09:30:18.800,5226.2000,3009,0,11494640.000,0,-,-,-,-,5223.0000,5222.8000,5222.4000,5222.2000,5222.0000,5227.6000,5227.8000,5228.8000,5229.0000,5231.0000,2,1,1,1,2,3,2,1,1,1
SF,IC2002,2019-12-31 09:30:19.300,5226.2000,3009,0,11494640.000,0,-,-,-,-,5223.4000,5223.0000,5222.8000,5222.4000,5222.0000,5227.4000,5231.2000,5231.6000,5248.6000,5250.0000,1,2,1,1,2,1,1,7,1,1
SF,IC2002,2019-12-31 09:30:19.800,5226.2000,3009,0,11494640.000,0,-,-,-,-,5223.6000,5223.4000,5223.0000,5222.8000,5222.0000,5231.2000,5231.6000,5248.6000,5250.0000,5336.0000,2,1,1,1,2,1,7,1,1,3
SF,IC2002,2019-12-31 09:30:20.300,5226.2000,3009,0,11494640.000,0,-,-,-,-,5224.0000,5223.6000,5223.4000,5223.0000,5222.0000,5230.0000,5230.2000,5231.0000,5231.2000,5231.6000,1,2,1,1,2,3,2,1,1,2
SF,IC2002,2019-12-31 09:30:20.800,5226.2000,3009,0,11494640.000,0,-,-,-,-,5224.2000,5224.0000,5223.6000,5223.4000,5223.0000,5229.6000,5229.8000,5231.2000,5231.6000,5237.4000,1,1,1,1,1,1,1,1,2,5
SF,IC2002,2019-12-31 09:30:21.300,5226.2000,3009,0,11494640.000,0,-,-,-,-,5224.6000,5224.2000,5224.0000,5223.6000,5223.0000,5229.0000,5229.4000,5229.6000,5231.2000,5231.6000,1,1,1,1,1,3,3,1,1,2
SF,IC2002,2019-12-31 09:30:21.800,5226.2000,3009,0,11494640.000,0,-,-,-,-,5224.6000,5224.2000,5224.0000,5223.6000,5223.0000,5228.8000,5229.6000,5231.2000,5231.6000,5237.4000,1,1,1,1,1,1,1,1,2,5
SF,IC2002,2019-12-31 09:30:22.300,5226.2000,3009,0,11494640.000,0,-,-,-,-,5224.8000,5224.6000,5224.2000,5224.0000,5223.6000,5228.8000,5229.6000,5231.2000,5231.6000,5237.4000,1,1,1,1,1,4,1,1,2,5
SF,IC2002,2019-12-31 09:30:22.800,5226.2000,3009,0,11494640.000,0,-,-,-,-,5225.2000,5225.0000,5224.8000,5224.6000,5224.2000,5228.8000,5229.6000,5231.2000,5231.6000,5237.4000,1,1,1,1,1,4,1,1,2,5
SF,IC2002,2019-12-31 09:30:23.300,5226.2000,3009,0,11494640.000,0,-,-,-,-,5225.4000,5225.2000,5224.8000,5224.6000,5224.2000,5228.8000,5231.2000,5231.6000,5237.4000,5248.6000,2,1,1,1,1,1,1,2,5,1
SF,IC2002,2019-12-31 09:30:23.800,5228.8000,3009,0,12540400.000,1,0,1,多换,S,5229.0000,5225.8000,5225.4000,5225.2000,5224.8000,5231.2000,5231.6000,5237.4000,5248.6000,5250.0000,2,1,2,1,1,1,2,5,1,1
SF,IC2002,2019-12-31 09:30:24.300,5229.0000,3009,0,14632000.000,2,1,1,多换,S,5225.8000,5225.4000,5225.2000,5224.8000,5223.6000,5229.8000,5230.2000,5231.2000,5231.6000,5237.4000,1,1,1,1,1,3,2,1,2,5
SF,IC2002,2019-12-31 09:30:24.800,5229.0000,3009,0,14632000.000,0,-,-,-,-,5226.0000,5225.8000,5225.4000,5225.2000,5224.8000,5231.2000,5231.6000,5237.4000,5248.6000,5250.0000,2,1,1,1,1,1,1,5,1,1
SF,IC2002,2019-12-31 09:30:25.300,5229.0000,3009,0,14632000.000,0,-,-,-,-,5226.4000,5226.0000,5225.8000,5225.4000,5223.6000,5229.8000,5230.2000,5231.2000,5237.4000,5248.6000,1,2,1,1,1,3,2,1,5,1
SF,IC2002,2019-12-31 09:30:25.800,5229.0000,3009,0,14632000.000,0,-,-,-,-,5226.6000,5226.4000,5226.0000,5225.8000,5225.4000,5231.2000,5237.4000,5248.6000,5250.0000,5336.0000,2,1,1,1,1,1,5,1,1,3
SF,IC2002,2019-12-31 09:30:26.300,5229.0000,3009,0,14632000.000,0,-,-,-,-,5226.8000,5226.6000,5226.4000,5225.4000,5223.6000,5230.8000,5231.2000,5237.4000,5248.6000,5250.0000,1,2,1,1,1,3,3,5,1,1
SF,IC2002,2019-12-31 09:30:26.800,5229.0000,3009,0,14632000.000,0,-,-,-,-,5226.8000,5226.6000,5226.4000,5223.6000,5223.0000,5230.4000,5230.6000,5231.2000,5237.4000,5248.6000,1,2,1,1,1,1,1,1,5,1
SF,IC2002,2019-12-31 09:30:27.300,5230.4000,3008,-1,15678080.000,1,0,1,双平,S,5227.2000,5227.0000,5223.6000,5223.0000,5222.0000,5237.4000,5248.6000,5250.0000,5336.0000,5555.0000,1,2,1,1,2,5,1,1,3,1
SF,IC2002,2019-12-31 09:30:27.800,5230.4000,3008,0,15678080.000,0,-,-,-,-,5227.4000,5227.2000,5227.0000,5223.6000,5223.0000,5229.2000,5229.6000,5231.6000,5232.6000,5233.2000,1,1,1,1,1,3,2,1,1,1
SF,IC2002,2019-12-31 09:30:28.300,5227.6000,3007,-1,16723600.000,1,0,1,双平,S,5227.2000,5227.0000,5223.6000,5223.0000,5222.0000,5229.2000,5229.6000,5231.6000,5232.6000,5233.2000,1,1,1,1,1,3,2,1,1,1
SF,IC2002,2019-12-31 09:30:28.800,5227.2000,3006,-1,17769040.000,1,0,1,双平,S,5223.6000,5223.0000,5222.0000,5221.6000,5220.8000,5231.6000,5232.6000,5233.2000,5237.0000,5237.4000,1,1,1,1,2,1,1,1,1,5
SF,IC2002,2019-12-31 09:30:29.300,5227.2000,3006,0,17769040.000,0,-,-,-,-,5224.0000,5223.8000,5223.6000,5222.0000,5221.6000,5228.4000,5228.8000,5231.2000,5231.4000,5231.6000,1,1,1,1,1,3,2,1,2,2
SF,IC2002,2019-12-31 09:30:29.800,5227.2000,3006,0,17769040.000,0,-,-,-,-,5224.2000,5224.0000,5222.0000,5221.6000,5220.8000,5228.0000,5231.2000,5231.4000,5231.6000,5233.2000,1,1,1,1,2,1,1,2,2,1
SF,IC2002,2019-12-31 09:30:30.300,5227.2000,3006,0,17769040.000,0,-,-,-,-,5224.6000,5224.4000,5224.2000,5224.0000,5222.0000,5231.2000,5231.4000,5231.6000,5233.2000,5237.0000,1,1,1,1,1,1,1,2,1,1
SF,IC2002,2019-12-31 09:30:30.800,5227.2000,3006,0,17769040.000,0,-,-,-,-,5224.8000,5224.6000,5224.4000,5224.0000,5222.0000,5228.8000,5229.2000,5231.0000,5231.2000,5231.6000,1,1,1,1,1,3,2,1,1,2
SF,IC2002,2019-12-31 09:30:31.300,5227.2000,3006,0,17769040.000,0,-,-,-,-,5225.0000,5224.8000,5224.6000,5224.4000,5222.0000,5228.4000,5231.0000,5231.2000,5231.6000,5233.2000,1,1,1,1,1,1,1,1,2,1
SF,IC2002,2019-12-31 09:30:31.800,5227.2000,3006,0,17769040.000,0,-,-,-,-,5225.2000,5225.0000,5224.6000,5224.4000,5222.0000,5228.2000,5228.4000,5231.0000,5231.2000,5231.6000,2,1,1,1,1,3,1,1,1,2
SF,IC2002,2019-12-31 09:30:32.300,5227.2000,3006,0,17769040.000,0,-,-,-,-,5225.2000,5225.0000,5224.6000,5222.0000,5221.6000,5228.0000,5228.2000,5228.4000,5231.0000,5231.6000,2,1,1,1,1,1,2,1,1,2
SF,IC2002,2019-12-31 09:30:32.800,5227.2000,3006,0,17769040.000,0,-,-,-,-,5225.2000,5224.6000,5222.0000,5221.6000,5220.8000,5227.8000,5228.0000,5228.2000,5228.4000,5231.0000,1,1,1,1,2,4,1,2,1,1
SF,IC2002,2019-12-31 09:30:33.300,5227.2000,3006,0,17769040.000,0,-,-,-,-,5225.2000,5224.6000,5222.0000,5221.6000,5220.8000,5227.8000,5228.0000,5228.2000,5228.4000,5231.0000,1,1,1,1,2,4,1,2,1,1
SF,IC2002,2019-12-31 09:30:33.800,5227.2000,3006,0,17769040.000,0,-,-,-,-,5225.2000,5224.6000,5222.0000,5221.6000,5220.8000,5227.8000,5228.0000,5228.4000,5231.0000,5231.6000,1,1,1,1,2,1,1,1,1,2
SF,IC2002,2019-12-31 09:30:34.300,5227.2000,3006,0,17769040.000,0,-,-,-,-,5225.4000,5225.2000,5224.6000,5222.0000,5221.6000,5228.4000,5231.0000,5231.6000,5233.2000,5237.0000,1,1,1,1,1,1,1,2,1,1
SF,IC2002,2019-12-31 09:30:34.800,5227.2000,3006,0,17769040.000,0,-,-,-,-,5225.6000,5225.4000,5224.6000,5222.0000,5221.6000,5228.2000,5228.4000,5231.0000,5231.6000,5233.2000,1,1,1,1,1,3,1,1,2,1
SF,IC2002,2019-12-31 09:30:35.300,5227.2000,3006,0,17769040.000,0,-,-,-,-,5225.8000,5225.6000,5224.6000,5222.0000,5221.6000,5228.2000,5228.4000,5231.0000,5231.6000,5233.2000,1,1,1,1,1,3,1,1,2,1
SF,IC2002,2019-12-31 09:30:35.800,5227.2000,3006,0,17769040.000,0,-,-,-,-,5226.0000,5225.8000,5224.6000,5222.0000,5221.6000,5228.2000,5228.4000,5231.0000,5231.6000,5233.2000,1,1,1,1,1,3,1,1,2,1
SF,IC2002,2019-12-31 09:30:36.300,5227.2000,3006,0,17769040.000,0,-,-,-,-,5226.0000,5224.6000,5222.0000,5221.6000,5220.8000,5228.0000,5228.4000,5231.0000,5231.6000,5233.2000,1,1,1,1,2,1,1,1,2,1
SF,IC2002,2019-12-31 09:30:36.800,5227.2000,3006,0,17769040.000,0,-,-,-,-,5226.0000,5224.6000,5222.0000,5221.6000,5220.8000,5228.0000,5231.0000,5231.6000,5233.2000,5237.0000,1,1,1,1,2,4,1,2,1,1
SF,IC2002,2019-12-31 09:30:37.300,5227.2000,3006,0,17769040.000,0,-,-,-,-,5226.0000,5224.6000,5222.0000,5221.6000,5220.8000,5231.6000,5233.2000,5237.0000,5237.4000,5248.6000,1,1,1,1,2,2,1,1,5,1
SF,IC2002,2019-12-31 09:30:37.800,5227.2000,3006,0,17769040.000,0,-,-,-,-,5226.2000,5224.6000,5222.0000,5221.6000,5220.8000,5228.4000,5229.2000,5231.2000,5231.4000,5231.6000,1,1,1,1,2,3,2,1,1,2
SF,IC2002,2019-12-31 09:30:38.300,5227.2000,3006,0,17769040.000,0,-,-,-,-,5226.4000,5226.2000,5224.6000,5222.0000,5221.6000,5228.4000,5229.2000,5231.2000,5231.4000,5231.6000,1,1,1,1,1,3,2,1,1,2
SF,IC2002,2019-12-31 09:30:38.800,5227.2000,3006,0,17769040.000,0,-,-,-,-,5226.4000,5224.6000,5222.0000,5221.6000,5220.8000,5228.2000,5231.2000,5231.4000,5231.6000,5233.2000,1,1,1,1,2,1,1,1,2,1
SF,IC2002,2019-12-31 09:30:39.300,5227.2000,3006,0,17769040.000,0,-,-,-,-,5226.4000,5224.6000,5222.0000,5221.6000,5220.8000,5228.2000,5231.2000,5231.4000,5231.6000,5233.2000,1,1,1,1,2,1,1,1,2,1
SF,IC2002,2019-12-31 09:30:39.800,5227.2000,3006,0,17769040.000,0,-,-,-,-,5226.4000,5224.6000,5222.0000,5221.6000,5220.8000,5228.2000,5231.2000,5231.4000,5231.6000,5233.2000,1,1,1,1,2,1,1,1,2,1
SF,IC2002,2019-12-31 09:30:40.300,5227.2000,3006,0,17769040.000,0,-,-,-,-,5226.4000,5224.6000,5222.0000,5221.6000,5220.8000,5231.2000,5231.4000,5231.6000,5233.2000,5237.0000,1,1,1,1,2,1,1,2,1,1
SF,IC2002,2019-12-31 09:30:40.800,5227.2000,3006,0,17769040.000,0,-,-,-,-,5226.6000,5224.6000,5222.0000,5221.6000,5220.8000,5228.4000,5229.2000,5231.0000,5231.2000,5231.6000,1,1,1,1,2,3,2,2,1,2
SF,IC2002,2019-12-31 09:30:41.300,5227.2000,3006,0,17769040.000,0,-,-,-,-,5226.8000,5226.6000,5224.6000,5222.0000,5221.6000,5228.4000,5229.2000,5231.0000,5231.2000,5231.6000,1,1,1,1,1,3,2,2,1,2
SF,IC2002,2019-12-31 09:30:41.800,5227.2000,3006,0,17769040.000,0,-,-,-,-,5226.8000,5226.6000,5224.6000,5222.0000,5221.6000,5231.2000,5231.6000,5233.2000,5237.0000,5237.4000,1,1,1,1,1,1,1,1,1,5
SF,IC2002,2019-12-31 09:30:42.300,5227.2000,3006,0,17769040.000,0,-,-,-,-,5227.0000,5226.8000,5226.6000,5224.6000,5222.0000,5229.4000,5230.2000,5231.2000,5231.6000,5233.2000,2,1,1,1,1,3,2,1,1,1
SF,IC2002,2019-12-31 09:30:42.800,5229.4000,3003,-3,20906680.000,3,0,3,双平,S,5227.2000,5227.0000,5226.6000,5224.6000,5222.0000,5231.2000,5233.2000,5237.0000,5237.4000,5248.6000,1,2,1,1,1,1,1,1,5,1
SF,IC2002,2019-12-31 09:30:43.300,5229.4000,3003,0,20906680.000,0,-,-,-,-,5227.6000,5227.4000,5227.0000,5226.6000,5222.0000,5231.2000,5233.2000,5237.0000,5237.4000,5248.6000,1,1,2,1,1,1,1,1,5,1
SF,IC2002,2019-12-31 09:30:43.800,5229.4000,3003,0,20906680.000,0,-,-,-,-,5227.8000,5227.6000,5227.0000,5226.6000,5222.0000,5231.2000,5233.2000,5237.0000,5237.4000,5248.6000,2,1,2,1,1,1,1,1,5,1
SF,IC2002,2019-12-31 09:30:44.300,5229.4000,3003,0,20906680.000,0,-,-,-,-,5228.2000,5227.8000,5227.6000,5227.0000,5226.6000,5233.2000,5237.0000,5237.4000,5248.6000,5250.0000,1,2,1,1,1,1,1,5,1,1
SF,IC2002,2019-12-31 09:30:44.800,5229.4000,3003,0,20906680.000,0,-,-,-,-,5228.4000,5228.2000,5227.8000,5227.6000,5227.0000,5231.8000,5232.6000,5232.8000,5233.0000,5233.2000,2,1,1,1,1,2,1,1,1,1
SF,IC2002,2019-12-31 09:30:45.300,5228.8000,3002,-1,21952440.000,1,0,1,双平,S,5228.8000,5228.4000,5227.8000,5227.0000,5226.6000,5237.4000,5248.6000,5250.0000,5336.0000,5555.0000,1,2,1,1,1,5,1,1,3,1
SF,IC2002,2019-12-31 09:30:45.800,5228.8000,3002,0,21952440.000,0,-,-,-,-,5229.0000,5228.4000,5227.8000,5227.0000,5226.6000,5233.8000,5236.0000,5236.4000,5237.0000,5237.2000,1,1,1,1,1,2,1,1,1,1
SF,IC2002,2019-12-31 09:30:46.300,5228.8000,3002,0,21952440.000,0,-,-,-,-,5229.2000,5229.0000,5228.4000,5227.8000,5227.0000,5233.4000,5233.6000,5236.0000,5236.4000,5237.0000,1,1,1,1,1,1,1,1,1,1
SF,IC2002,2019-12-31 09:30:46.800,5228.8000,3002,0,21952440.000,0,-,-,-,-,5229.4000,5229.2000,5228.4000,5227.8000,5227.0000,5233.4000,5236.0000,5236.4000,5237.0000,5237.4000,1,1,1,1,1,1,1,1,1,7
SF,IC2002,2019-12-31 09:30:47.300,5228.8000,3002,0,21952440.000,0,-,-,-,-,5229.6000,5229.4000,5229.2000,5228.4000,5227.8000,5233.4000,5236.0000,5236.4000,5237.0000,5237.4000,1,1,1,1,1,1,1,1,1,7
SF,IC2002,2019-12-31 09:30:47.800,5228.8000,3002,0,21952440.000,0,-,-,-,-,5229.8000,5229.6000,5229.2000,5228.4000,5227.8000,5233.4000,5236.0000,5236.4000,5237.0000,5237.4000,2,1,1,1,1,1,1,1,1,7
SF,IC2002,2019-12-31 09:30:48.300,5228.8000,3002,0,21952440.000,0,-,-,-,-,5229.8000,5229.6000,5229.2000,5228.4000,5227.8000,5233.4000,5236.0000,5236.4000,5237.0000,5237.4000,3,1,1,1,1,1,1,1,1,7
SF,IC2002,2019-12-31 09:30:48.800,5228.8000,3002,0,21952440.000,0,-,-,-,-,5229.8000,5229.6000,5229.2000,5228.4000,5227.8000,5233.4000,5236.0000,5236.4000,5237.0000,5237.4000,2,1,1,1,1,1,1,1,1,2
SF,IC2002,2019-12-31 09:30:49.300,5233.4000,3001,-1,22999120.000,1,0,1,双平,S,5230.2000,5229.8000,5229.6000,5229.2000,5228.4000,5236.4000,5237.4000,5243.2000,5248.6000,5250.0000,1,1,1,1,1,1,2,5,1,1
SF,IC2002,2019-12-31 09:30:49.800,5233.4000,3001,0,22999120.000,0,-,-,-,-,5230.4000,5230.2000,5229.8000,5229.6000,5229.2000,5235.0000,5236.0000,5236.2000,5236.4000,5237.4000,3,1,1,1,1,2,2,1,1,2
SF,IC2002,2019-12-31 09:30:50.300,5233.4000,3001,0,22999120.000,0,-,-,-,-,5231.2000,5230.8000,5230.6000,5230.4000,5230.2000,5237.4000,5243.2000,5248.6000,5250.0000,5336.0000,1,1,1,3,1,1,5,1,1,3
SF,IC2002,2019-12-31 09:30:50.800,5233.4000,3001,0,22999120.000,0,-,-,-,-,5231.6000,5231.4000,5230.8000,5230.6000,5230.4000,5237.0000,5237.2000,5237.4000,5243.2000,5248.6000,1,2,1,1,1,1,3,1,5,1
SF,IC2002,2019-12-31 09:30:51.300,5233.4000,3001,0,22999120.000,0,-,-,-,-,5231.8000,5231.6000,5231.4000,5230.8000,5230.6000,5236.8000,5237.0000,5243.2000,5248.6000,5250.0000,2,2,1,1,1,1,1,5,1,1
SF,IC2002,2019-12-31 09:30:51.800,5233.4000,3001,0,22999120.000,0,-,-,-,-,5232.2000,5232.0000,5231.8000,5231.6000,5231.4000,5237.0000,5243.2000,5248.6000,5250.0000,5336.0000,1,1,2,2,1,1,5,1,1,3
SF,IC2002,2019-12-31 09:30:52.300,5233.4000,3001,0,22999120.000,0,-,-,-,-,5232.4000,5232.2000,5232.0000,5231.8000,5231.6000,5243.2000,5248.6000,5250.0000,5336.0000,5555.0000,2,1,1,1,2,5,1,1,3,1
SF,IC2002,2019-12-31 09:30:52.800,5233.4000,3001,0,22999120.000,0,-,-,-,-,5232.8000,5232.6000,5232.4000,5232.2000,5232.0000,5237.6000,5240.2000,5240.4000,5241.6000,5242.8000,1,1,1,1,1,2,1,1,1,2
SF,IC2002,2019-12-31 09:30:53.300,5233.4000,3001,0,22999120.000,0,-,-,-,-,5233.4000,5233.0000,5232.8000,5232.6000,5232.2000,5237.4000,5240.2000,5240.4000,5241.6000,5242.8000,3,1,1,2,1,2,1,1,1,2
SF,IC2002,2019-12-31 09:30:53.800,5233.4000,3001,0,22999120.000,0,-,-,-,-,5233.8000,5233.6000,5233.4000,5232.8000,5232.6000,5236.4000,5237.4000,5240.2000,5240.4000,5241.6000,1,1,3,1,1,2,2,1,1,1
SF,IC2002,2019-12-31 09:30:54.300,5233.4000,3001,0,22999120.000,0,-,-,-,-,5234.0000,5233.8000,5233.6000,5233.4000,5232.8000,5240.2000,5240.4000,5241.6000,5242.8000,5243.2000,1,1,1,3,1,1,1,1,2,6
SF,IC2002,2019-12-31 09:30:54.800,5233.4000,3001,0,22999120.000,0,-,-,-,-,5234.4000,5233.8000,5233.6000,5233.4000,5232.6000,5237.6000,5239.8000,5240.0000,5240.2000,5240.4000,1,1,1,3,1,2,1,1,1,1
SF,IC2002,2019-12-31 09:30:55.300,5233.4000,3001,0,22999120.000,0,-,-,-,-,5234.6000,5234.4000,5233.8000,5233.6000,5233.4000,5239.8000,5240.0000,5240.2000,5240.4000,5241.6000,1,1,1,1,3,1,1,1,1,1
SF,IC2002,2019-12-31 09:30:55.800,5233.4000,3001,0,22999120.000,0,-,-,-,-,5234.6000,5233.6000,5233.4000,5232.6000,5231.6000,5236.4000,5239.6000,5239.8000,5240.2000,5240.4000,1,1,3,1,1,2,1,1,1,1
SF,IC2002,2019-12-31 09:30:56.800,5233.4000,3001,0,22999120.000,0,-,-,-,-,5234.6000,5233.6000,5233.4000,5232.6000,5231.4000,5239.6000,5239.8000,5240.2000,5240.4000,5241.6000,1,1,3,1,1,1,1,1,1,1
SF,IC2002,2019-12-31 09:30:57.300,5233.4000,3001,0,22999120.000,0,-,-,-,-,5234.6000,5233.6000,5233.4000,5231.4000,5230.6000,5236.8000,5239.2000,5239.4000,5239.6000,5239.8000,1,1,3,1,1,2,1,1,1,1
SF,IC2002,2019-12-31 09:30:57.800,5233.4000,3001,0,22999120.000,0,-,-,-,-,5234.6000,5233.6000,5233.4000,5231.4000,5230.6000,5239.2000,5239.4000,5239.6000,5239.8000,5240.2000,1,1,3,1,1,1,1,1,1,1
SF,IC2002,2019-12-31 09:30:58.300,5233.4000,3001,0,22999120.000,0,-,-,-,-,5234.6000,5233.6000,5233.4000,5231.4000,5230.6000,5236.8000,5239.0000,5239.2000,5239.8000,5240.2000,2,1,3,1,1,2,1,1,1,1
SF,IC2002,2019-12-31 09:30:58.800,5233.4000,3001,0,22999120.000,0,-,-,-,-,5235.0000,5234.8000,5234.6000,5233.6000,5233.4000,5239.2000,5239.8000,5241.6000,5242.8000,5243.2000,1,1,2,1,3,1,1,1,1,6
SF,IC2002,2019-12-31 09:30:59.300,5233.4000,3001,0,22999120.000,0,-,-,-,-,5235.2000,5234.8000,5234.6000,5233.6000,5233.4000,5237.4000,5239.0000,5239.2000,5239.8000,5241.6000,1,1,2,1,3,2,1,1,1,1
SF,IC2002,2019-12-31 09:30:59.800,5233.4000,3001,0,22999120.000,0,-,-,-,-,5235.2000,5234.8000,5234.6000,5233.6000,5233.4000,5239.0000,5239.2000,5239.8000,5241.6000,5242.8000,1,1,2,1,3,1,1,1,1,1
SF,IC2002,2019-12-31 09:31:00.300,5233.4000,3001,0,22999120.000,0,-,-,-,-,5235.2000,5234.6000,5233.6000,5233.4000,5231.4000,5237.0000,5238.6000,5239.0000,5239.2000,5241.6000,1,2,1,3,1,2,1,1,1,1
SF,IC2002,2019-12-31 09:31:00.800,5233.4000,3001,0,22999120.000,0,-,-,-,-,5235.4000,5235.2000,5234.6000,5233.6000,5233.4000,5238.6000,5239.0000,5239.2000,5241.6000,5242.8000,1,1,2,1,3,1,1,1,1,1
SF,IC2002,2019-12-31 09:31:01.300,5233.4000,3001,0,22999120.000,0,-,-,-,-,5235.6000,5235.4000,5235.2000,5234.6000,5233.6000,5238.4000,5238.6000,5239.2000,5241.6000,5242.8000,1,1,1,2,1,1,1,1,1,1
SF,IC2002,2019-12-31 09:31:01.800,5233.4000,3001,0,22999120.000,0,-,-,-,-,5235.6000,5235.4000,5235.2000,5234.6000,5233.6000,5237.8000,5238.0000,5238.4000,5238.6000,5241.6000,1,1,1,2,1,2,1,1,1,1
SF,IC2002,2019-12-31 09:31:02.300,5233.4000,3001,0,22999120.000,0,-,-,-,-,5235.6000,5235.2000,5234.6000,5233.6000,5233.4000,5238.0000,5238.4000,5238.6000,5241.6000,5242.8000,1,1,2,1,3,1,1,1,1,1
SF,IC2002,2019-12-31 09:31:02.800,5233.4000,3001,0,22999120.000,0,-,-,-,-,5235.6000,5235.2000,5234.6000,5233.6000,5233.4000,5237.4000,5237.8000,5238.0000,5238.6000,5241.6000,1,1,2,1,3,2,1,1,1,1
SF,IC2002,2019-12-31 09:31:03.300,5233.4000,3001,0,22999120.000,0,-,-,-,-,5235.6000,5235.2000,5234.6000,5233.6000,5233.4000,5237.2000,5238.0000,5238.6000,5241.6000,5242.8000,1,1,2,1,3,1,1,1,1,1
SF,IC2002,2019-12-31 09:31:03.800,5235.6000,3000,-1,24046240.000,1,0,1,双平,S,5235.2000,5234.6000,5233.6000,5233.4000,5231.4000,5236.6000,5236.8000,5237.2000,5238.0000,5241.6000,1,2,1,3,1,2,1,1,1,1
SF,IC2002,2019-12-31 09:31:04.300,5235.2000,2999,-1,25093280.000,1,0,1,双平,S,5234.6000,5233.6000,5233.4000,5231.4000,5230.6000,5236.6000,5236.8000,5237.2000,5238.0000,5241.6000,2,1,3,1,1,2,1,1,1,1
SF,IC2002,2019-12-31 09:31:04.800,5235.2000,2999,0,25093280.000,0,-,-,-,-,5234.6000,5233.6000,5233.4000,5231.4000,5230.6000,5236.4000,5236.8000,5242.8000,5243.2000,5248.6000,2,1,3,1,1,2,1,1,6,1
SF,IC2002,2019-12-31 09:31:05.300,5235.2000,2999,0,25093280.000,0,-,-,-,-,5234.6000,5233.4000,5231.4000,5230.4000,5229.6000,5235.6000,5236.2000,5236.4000,5236.8000,5242.8000,2,3,1,1,1,2,3,3,1,1
SF,IC2002,2019-12-31 09:31:05.800,5235.2000,2999,0,25093280.000,0,-,-,-,-,5234.6000,5233.4000,5231.4000,5230.4000,5229.6000,5236.2000,5236.4000,5236.8000,5242.8000,5243.2000,1,3,1,1,1,2,1,1,1,6
SF,IC2002,2019-12-31 09:31:06.300,5235.2000,2999,0,25093280.000,0,-,-,-,-,5234.6000,5233.4000,5231.4000,5230.4000,5229.6000,5236.0000,5236.2000,5236.4000,5242.8000,5243.2000,1,3,1,1,1,1,2,1,1,6
SF,IC2002,2019-12-31 09:31:06.800,5235.2000,2999,0,25093280.000,0,-,-,-,-,5234.6000,5233.4000,5231.4000,5230.4000,5229.6000,5236.0000,5236.4000,5242.8000,5243.2000,5248.6000,1,3,1,1,1,1,1,1,6,1
SF,IC2002,2019-12-31 09:31:07.300,5235.2000,2999,0,25093280.000,0,-,-,-,-,5234.6000,5234.2000,5233.4000,5231.4000,5230.4000,5236.0000,5236.4000,5242.8000,5243.2000,5248.6000,1,1,3,1,1,1,1,1,6,1
SF,IC2002,2019-12-31 09:31:07.800,5235.2000,2999,0,25093280.000,0,-,-,-,-,5234.6000,5234.2000,5233.4000,5231.4000,5230.4000,5236.0000,5236.4000,5242.8000,5243.2000,5248.6000,1,1,3,1,1,3,1,1,6,1
SF,IC2002,2019-12-31 09:31:08.300,5235.2000,2999,0,25093280.000,0,-,-,-,-,5234.8000,5234.6000,5234.2000,5233.4000,5231.4000,5236.4000,5242.8000,5243.2000,5248.6000,5250.0000,1,1,1,3,1,1,1,6,1,1
SF,IC2002,2019-12-31 09:31:08.800,5235.2000,2999,0,25093280.000,0,-,-,-,-,5234.8000,5234.6000,5234.2000,5233.4000,5231.4000,5236.4000,5242.8000,5243.2000,5248.6000,5250.0000,1,1,1,3,1,1,1,6,1,1
SF,IC2002,2019-12-31 09:31:09.300,5235.2000,2999,0,25093280.000,0,-,-,-,-,5234.8000,5234.6000,5234.2000,5233.4000,5231.4000,5235.8000,5236.4000,5242.8000,5243.2000,5248.6000,1,1,1,3,1,2,1,1,6,1
SF,IC2002,2019-12-31 09:31:10.300,5234.8000,2998,-1,26140240.000,1,0,1,双平,S,5234.6000,5234.2000,5233.4000,5231.4000,5230.4000,5236.4000,5242.8000,5243.2000,5248.6000,5250.0000,1,1,3,1,1,1,1,6,1,1
SF,IC2002,2019-12-31 09:31:10.800,5234.8000,2998,0,26140240.000,0,-,-,-,-,5234.6000,5234.2000,5233.4000,5231.4000,5229.6000,5236.2000,5236.4000,5242.8000,5243.2000,5248.6000,1,1,3,1,1,2,2,1,6,1
SF,IC2002,2019-12-31 09:31:11.300,5234.8000,2998,0,26140240.000,0,-,-,-,-,5234.6000,5234.2000,5233.4000,5231.4000,5229.6000,5235.8000,5236.2000,5236.4000,5242.8000,5243.2000,1,1,3,1,1,1,2,1,1,5
SF,IC2002,2019-12-31 09:31:11.800,5234.8000,2998,0,26140240.000,0,-,-,-,-,5234.6000,5234.2000,5233.4000,5229.6000,5226.6000,5235.8000,5236.2000,5236.4000,5242.8000,5243.2000,1,1,3,1,1,1,1,1,1,5
SF,IC2002,2019-12-31 09:31:12.300,5234.8000,2998,0,26140240.000,0,-,-,-,-,5234.6000,5234.2000,5233.4000,5229.6000,5226.6000,5235.8000,5236.4000,5242.8000,5243.2000,5248.6000,1,1,3,1,1,1,1,1,5,1
SF,IC2002,2019-12-31 09:31:12.800,5234.8000,2998,0,26140240.000,0,-,-,-,-,5234.6000,5234.2000,5233.4000,5229.6000,5226.6000,5235.6000,5235.8000,5236.0000,5236.4000,5242.8000,1,1,3,1,1,1,1,1,1,1
SF,IC2002,2019-12-31 09:31:13.300,5234.8000,2998,0,26140240.000,0,-,-,-,-,5234.6000,5234.2000,5233.4000,5229.6000,5226.6000,5235.8000,5236.4000,5242.8000,5243.2000,5248.6000,1,1,3,1,1,1,1,1,5,1
SF,IC2002,2019-12-31 09:31:13.800,5234.8000,2998,0,27187200.000,1,0,1,多换,S,5234.6000,5234.2000,5233.4000,5229.6000,5226.6000,5235.8000,5236.4000,5242.8000,5243.2000,5248.6000,1,1,3,1,1,1,1,1,5,1
SF,IC2002,2019-12-31 09:31:14.300,5234.8000,2998,0,27187200.000,0,-,-,-,-,5234.6000,5234.2000,5233.4000,5229.6000,5226.6000,5234.8000,5235.6000,5235.8000,5236.0000,5236.4000,1,1,3,1,1,2,1,1,1,1
SF,IC2002,2019-12-31 09:31:14.800,5234.6000,2998,0,28234120.000,1,0,1,多换,S,5234.2000,5233.4000,5229.6000,5226.6000,5225.8000,5235.8000,5236.4000,5242.8000,5243.2000,5248.6000,1,3,1,1,5,1,1,1,5,1
SF,IC2002,2019-12-31 09:31:15.800,5234.6000,2998,0,28234120.000,0,-,-,-,-,5234.2000,5233.4000,5229.6000,5226.6000,5225.8000,5242.8000,5243.2000,5248.6000,5250.0000,5336.0000,1,3,1,1,5,1,5,1,1,3
SF,IC2002,2019-12-31 09:31:16.300,5234.6000,2998,0,28234120.000,0,-,-,-,-,5234.2000,5233.4000,5229.6000,5226.6000,5225.8000,5236.8000,5240.2000,5240.4000,5241.6000,5242.4000,1,3,1,1,5,2,1,1,1,1
SF,IC2002,2019-12-31 09:31:16.800,5234.6000,2998,0,28234120.000,0,-,-,-,-,5234.4000,5234.2000,5233.4000,5229.6000,5226.6000,5240.2000,5240.4000,5241.6000,5242.4000,5242.6000,1,1,3,1,1,1,1,1,1,2
SF,IC2002,2019-12-31 09:31:17.300,5234.6000,2998,0,28234120.000,0,-,-,-,-,5234.2000,5233.4000,5229.6000,5226.6000,5225.8000,5237.0000,5239.8000,5240.0000,5240.2000,5240.4000,1,3,1,1,5,2,1,2,1,1
SF,IC2002,2019-12-31 09:31:17.800,5234.6000,2998,0,28234120.000,0,-,-,-,-,5234.4000,5234.2000,5233.4000,5229.6000,5226.6000,5239.8000,5240.0000,5240.2000,5240.4000,5241.6000,1,1,3,1,1,1,1,1,1,1
SF,IC2002,2019-12-31 09:31:18.300,5234.6000,2998,0,28234120.000,0,-,-,-,-,5234.2000,5233.4000,5229.6000,5226.6000,5225.8000,5236.0000,5237.4000,5239.6000,5239.8000,5240.2000,1,3,1,1,5,2,1,3,1,1
SF,IC2002,2019-12-31 09:31:18.800,5234.6000,2998,0,28234120.000,0,-,-,-,-,5234.4000,5234.2000,5233.4000,5229.6000,5226.6000,5239.6000,5239.8000,5240.2000,5240.4000,5242.4000,1,1,3,1,1,2,1,1,1,1
SF,IC2002,2019-12-31 09:31:19.300,5234.6000,2998,0,28234120.000,0,-,-,-,-,5234.2000,5233.4000,5229.6000,5226.6000,5225.8000,5236.8000,5239.2000,5239.4000,5239.6000,5239.8000,1,3,1,1,5,2,1,1,1,1
SF,IC2002,2019-12-31 09:31:19.800,5234.6000,2998,0,28234120.000,0,-,-,-,-,5234.4000,5234.2000,5233.4000,5229.6000,5226.6000,5239.2000,5239.6000,5239.8000,5240.2000,5240.4000,1,1,3,1,1,1,1,1,1,1
SF,IC2002,2019-12-31 09:31:20.300,5234.6000,2998,0,28234120.000,0,-,-,-,-,5234.4000,5234.2000,5233.4000,5229.6000,5226.6000,5237.2000,5239.0000,5239.2000,5239.8000,5240.2000,1,1,3,1,1,2,2,1,1,1
SF,IC2002,2019-12-31 09:31:20.800,5234.6000,2998,0,28234120.000,0,-,-,-,-,5234.8000,5234.4000,5234.2000,5233.4000,5229.6000,5239.2000,5239.8000,5240.2000,5240.4000,5242.8000,1,1,1,3,1,1,1,1,1,1
SF,IC2002,2019-12-31 09:31:21.300,5234.6000,2998,0,28234120.000,0,-,-,-,-,5235.0000,5234.8000,5234.2000,5233.4000,5229.6000,5237.6000,5239.0000,5239.2000,5239.8000,5240.2000,1,1,1,3,1,2,2,1,1,1
SF,IC2002,2019-12-31 09:31:21.800,5234.6000,2998,0,28234120.000,0,-,-,-,-,5235.0000,5234.8000,5234.2000,5233.4000,5229.6000,5237.6000,5239.0000,5239.2000,5239.8000,5240.2000,1,1,1,3,1,2,1,1,1,1
SF,IC2002,2019-12-31 09:31:22.300,5234.6000,2998,0,28234120.000,0,-,-,-,-,5235.0000,5234.8000,5234.2000,5233.4000,5229.6000,5239.0000,5239.2000,5239.8000,5240.2000,5240.4000,1,1,1,3,1,1,1,1,1,1
SF,IC2002,2019-12-31 09:31:22.800,5234.6000,2998,0,28234120.000,0,-,-,-,-,5235.0000,5234.8000,5234.2000,5233.4000,5229.6000,5237.8000,5238.6000,5238.8000,5239.0000,5239.2000,1,1,1,3,1,2,1,1,1,1
SF,IC2002,2019-12-31 09:31:23.300,5237.8000,2997,-1,29281680.000,1,0,1,双平,S,5235.0000,5234.8000,5234.2000,5233.4000,5229.6000,5237.8000,5238.6000,5239.0000,5239.2000,5240.2000,1,1,1,3,1,1,1,1,1,1
SF,IC2002,2019-12-31 09:31:23.800,5237.8000,2997,0,29281680.000,0,-,-,-,-,5235.0000,5234.8000,5234.2000,5233.4000,5229.6000,5238.6000,5239.0000,5239.2000,5240.2000,5240.4000,1,1,1,3,1,1,1,1,1,1
SF,IC2002,2019-12-31 09:31:24.300,5237.8000,2997,0,29281680.000,0,-,-,-,-,5235.4000,5235.0000,5234.8000,5234.2000,5233.4000,5238.4000,5238.6000,5239.0000,5239.2000,5240.2000,1,1,1,1,3,1,1,1,1,1
SF,IC2002,2019-12-31 09:31:24.800,5237.8000,2997,0,29281680.000,0,-,-,-,-,5235.6000,5235.4000,5234.8000,5234.2000,5233.4000,5238.4000,5238.6000,5239.0000,5239.2000,5240.2000,1,1,1,1,3,1,1,1,1,1
SF,IC2002,2019-12-31 09:31:25.300,5237.8000,2997,0,29281680.000,0,-,-,-,-,5235.6000,5234.8000,5234.2000,5233.4000,5229.6000,5238.0000,5238.6000,5239.0000,5240.2000,5240.4000,1,1,1,3,1,1,1,1,1,1
SF,IC2002,2019-12-31 09:31:26.300,5237.8000,2997,0,29281680.000,0,-,-,-,-,5235.6000,5234.8000,5234.2000,5233.4000,5229.6000,5238.6000,5239.0000,5240.2000,5240.4000,5242.8000,1,1,1,3,1,1,1,1,1,1
SF,IC2002,2019-12-31 09:31:26.800,5237.8000,2997,0,29281680.000,0,-,-,-,-,5234.8000,5234.2000,5233.4000,5229.6000,5226.6000,5237.8000,5238.4000,5238.6000,5239.8000,5240.2000,1,1,3,1,1,1,2,1,1,1
SF,IC2002,2019-12-31 09:31:27.300,5237.8000,2997,0,29281680.000,0,-,-,-,-,5235.0000,5234.8000,5234.2000,5233.4000,5229.6000,5238.6000,5239.8000,5240.2000,5240.4000,5242.8000,1,1,1,3,1,1,1,1,1,1
SF,IC2002,2019-12-31 09:31:27.800,5237.8000,2997,0,29281680.000,0,-,-,-,-,5235.0000,5234.8000,5234.2000,5233.4000,5229.6000,5238.0000,5238.6000,5239.8000,5240.2000,5240.4000,1,1,1,3,1,1,1,1,1,1
SF,IC2002,2019-12-31 09:31:28.300,5237.8000,2997,0,29281680.000,0,-,-,-,-,5235.2000,5235.0000,5234.8000,5234.2000,5233.4000,5238.6000,5239.8000,5240.2000,5240.4000,5242.8000,1,1,1,1,3,1,1,1,1,1
SF,IC2002,2019-12-31 09:31:28.800,5237.8000,2997,0,29281680.000,0,-,-,-,-,5235.4000,5235.2000,5234.8000,5234.2000,5233.4000,5238.6000,5239.8000,5240.2000,5240.4000,5242.8000,1,1,1,1,3,2,1,1,1,1
SF,IC2002,2019-12-31 09:31:29.300,5237.8000,2997,0,29281680.000,0,-,-,-,-,5235.6000,5235.4000,5235.2000,5234.2000,5233.4000,5238.6000,5239.8000,5240.2000,5240.4000,5242.8000,1,1,1,1,3,2,1,1,1,1
SF,IC2002,2019-12-31 09:31:29.800,5237.8000,2997,0,29281680.000,0,-,-,-,-,5235.8000,5235.6000,5235.2000,5234.2000,5233.4000,5238.6000,5239.8000,5240.2000,5240.4000,5242.8000,1,1,1,1,3,2,1,1,1,1
SF,IC2002,2019-12-31 09:31:31.300,5237.8000,2997,0,29281680.000,0,-,-,-,-,5236.2000,5235.8000,5235.6000,5234.2000,5233.4000,5239.8000,5240.2000,5240.4000,5243.2000,5248.6000,1,1,1,1,3,1,1,1,5,1
SF,IC2002,2019-12-31 09:31:31.800,5237.8000,2997,0,29281680.000,0,-,-,-,-,5236.2000,5235.8000,5235.6000,5234.2000,5233.4000,5239.0000,5239.4000,5239.6000,5239.8000,5240.2000,1,1,1,1,3,1,1,2,1,1
SF,IC2002,2019-12-31 09:31:32.300,5237.8000,2997,0,29281680.000,0,-,-,-,-,5236.4000,5236.2000,5235.6000,5234.2000,5233.4000,5239.4000,5239.8000,5240.2000,5240.4000,5243.2000,1,1,1,1,3,1,1,1,1,5
SF,IC2002,2019-12-31 09:31:32.800,5237.8000,2997,0,29281680.000,0,-,-,-,-,5236.2000,5235.6000,5234.2000,5233.4000,5229.6000,5239.2000,5239.4000,5239.8000,5240.2000,5240.4000,1,1,1,3,1,2,1,1,1,1
SF,IC2002,2019-12-31 09:31:33.300,5237.8000,2997,0,29281680.000,0,-,-,-,-,5236.2000,5235.6000,5234.2000,5233.4000,5229.6000,5239.2000,5239.4000,5239.8000,5240.2000,5240.4000,1,1,1,3,1,1,1,1,1,1
SF,IC2002,2019-12-31 09:31:33.800,5237.8000,2997,0,29281680.000,0,-,-,-,-,5235.6000,5234.2000,5233.4000,5229.6000,5226.6000,5238.2000,5238.8000,5239.0000,5239.2000,5239.4000,1,1,3,1,1,1,1,1,1,1
SF,IC2002,2019-12-31 09:31:34.300,5237.8000,2997,0,29281680.000,0,-,-,-,-,5234.2000,5233.4000,5229.6000,5226.6000,5225.8000,5238.0000,5238.8000,5239.4000,5239.8000,5240.2000,1,3,1,1,5,1,1,1,1,1
SF,IC2002,2019-12-31 09:31:34.800,5237.8000,2997,0,29281680.000,0,-,-,-,-,5234.6000,5234.4000,5234.2000,5233.4000,5229.6000,5237.4000,5237.8000,5238.0000,5238.8000,5239.8000,1,2,1,3,1,1,1,1,1,1
SF,IC2002,2019-12-31 09:31:35.300,5237.8000,2997,0,29281680.000,0,-,-,-,-,5234.2000,5233.4000,5229.6000,5226.6000,5225.8000,5237.0000,5237.2000,5237.8000,5239.8000,5240.2000,1,3,1,1,5,1,1,1,1,1
SF,IC2002,2019-12-31 09:31:35.800,5237.8000,2997,0,29281680.000,0,-,-,-,-,5234.2000,5233.4000,5229.6000,5226.6000,5225.8000,5236.8000,5237.0000,5237.2000,5237.8000,5239.8000,1,3,1,1,5,1,1,1,1,1
SF,IC2002,2019-12-31 09:31:36.300,5237.8000,2997,0,29281680.000,0,-,-,-,-,5234.4000,5234.2000,5233.4000,5229.6000,5226.6000,5237.2000,5237.8000,5239.8000,5240.2000,5240.4000,1,1,3,1,1,1,1,1,1,1
SF,IC2002,2019-12-31 09:31:36.800,5237.8000,2997,0,29281680.000,0,-,-,-,-,5234.2000,5233.4000,5229.6000,5226.6000,5225.8000,5236.2000,5236.8000,5237.0000,5237.2000,5237.8000,1,3,1,1,5,1,1,2,1,1
SF,IC2002,2019-12-31 09:31:37.300,5237.8000,2997,0,29281680.000,0,-,-,-,-,5234.2000,5233.4000,5229.6000,5226.6000,5225.8000,5236.2000,5236.8000,5237.0000,5237.2000,5237.8000,1,3,1,1,5,1,1,1,1,1
SF,IC2002,2019-12-31 09:31:37.800,5237.8000,2997,0,29281680.000,0,-,-,-,-,5234.2000,5233.4000,5229.6000,5226.6000,5225.8000,5236.2000,5236.8000,5237.2000,5237.8000,5239.8000,1,3,1,1,5,1,1,1,1,1
SF,IC2002,2019-12-31 09:31:38.300,5237.8000,2997,0,29281680.000,0,-,-,-,-,5234.2000,5233.4000,5229.6000,5226.6000,5225.8000,5236.0000,5236.8000,5237.2000,5237.8000,5239.8000,1,3,1,1,5,1,1,1,1,1
SF,IC2002,2019-12-31 09:31:39.800,5237.8000,2997,0,29281680.000,0,-,-,-,-,5234.2000,5233.4000,5229.6000,5225.8000,5225.0000,5236.8000,5237.2000,5237.8000,5239.8000,5240.2000,1,3,1,5,1,1,1,1,1,1
SF,IC2002,2019-12-31 09:31:40.300,5237.8000,2997,0,29281680.000,0,-,-,-,-,5234.2000,5233.4000,5229.6000,5225.8000,5225.0000,5235.6000,5236.6000,5236.8000,5237.8000,5239.8000,1,3,1,5,1,1,2,1,1,1
SF,IC2002,2019-12-31 09:31:40.800,5235.6000,2996,-1,30328800.000,1,0,1,双平,S,5234.2000,5233.4000,5225.8000,5225.0000,5222.0000,5236.6000,5236.8000,5237.8000,5239.8000,5240.2000,1,3,5,1,1,1,1,1,1,1
SF,IC2002,2019-12-31 09:31:41.300,5235.6000,2996,0,30328800.000,0,-,-,-,-,5234.4000,5234.2000,5233.4000,5225.8000,5225.0000,5237.8000,5239.8000,5240.2000,5240.4000,5243.2000,1,1,3,5,1,1,1,1,1,5
SF,IC2002,2019-12-31 09:31:41.800,5235.6000,2996,0,30328800.000,0,-,-,-,-,5234.6000,5234.4000,5234.2000,5233.4000,5225.8000,5237.8000,5239.8000,5240.2000,5240.4000,5243.2000,1,1,1,3,5,1,1,1,1,5
SF,IC2002,2019-12-31 09:31:42.300,5235.6000,2996,0,30328800.000,0,-,-,-,-,5234.6000,5234.4000,5234.2000,5233.4000,5225.8000,5237.6000,5237.8000,5239.8000,5240.2000,5240.4000,1,1,1,3,5,1,1,1,1,1
SF,IC2002,2019-12-31 09:31:42.800,5235.6000,2996,0,30328800.000,0,-,-,-,-,5234.2000,5233.4000,5225.8000,5225.0000,5222.0000,5237.2000,5237.4000,5237.6000,5237.8000,5239.8000,1,3,5,1,1,1,1,1,1,1
SF,IC2002,2019-12-31 09:31:43.300,5235.6000,2996,0,30328800.000,0,-,-,-,-,5234.2000,5233.4000,5225.8000,5225.0000,5222.0000,5237.0000,5237.2000,5237.8000,5239.8000,5240.2000,1,3,5,1,1,2,1,1,1,1
SF,IC2002,2019-12-31 09:31:43.800,5235.6000,2996,0,30328800.000,0,-,-,-,-,5234.4000,5234.2000,5233.4000,5225.8000,5225.0000,5237.0000,5237.2000,5237.8000,5239.8000,5240.2000,1,1,3,5,1,1,1,1,1,1
SF,IC2002,2019-12-31 09:31:44.300,5235.6000,2996,0,30328800.000,0,-,-,-,-,5234.4000,5234.2000,5233.4000,5225.8000,5225.0000,5237.2000,5237.8000,5239.8000,5240.2000,5240.4000,2,1,3,5,1,1,1,1,1,1
SF,IC2002,2019-12-31 09:31:44.800,5235.6000,2996,0,30328800.000,0,-,-,-,-,5234.4000,5234.2000,5233.4000,5225.8000,5225.0000,5237.2000,5237.4000,5237.8000,5239.8000,5240.2000,2,1,3,5,1,1,1,1,1,1
SF,IC2002,2019-12-31 09:31:45.300,5235.6000,2996,0,30328800.000,0,-,-,-,-,5234.4000,5234.2000,5233.4000,5225.8000,5225.0000,5237.8000,5239.8000,5240.2000,5240.4000,5243.2000,2,1,3,5,1,1,1,1,1,5
SF,IC2002,2019-12-31 09:31:46.300,5235.6000,2996,0,30328800.000,0,-,-,-,-,5234.8000,5234.6000,5234.4000,5234.2000,5233.4000,5237.8000,5239.8000,5240.2000,5240.4000,5243.2000,1,1,2,1,3,1,1,1,1,5
SF,IC2002,2019-12-31 09:31:46.800,5235.6000,2996,0,30328800.000,0,-,-,-,-,5234.4000,5234.2000,5233.4000,5225.8000,5225.0000,5237.6000,5237.8000,5239.8000,5240.2000,5240.4000,1,1,3,5,1,2,1,1,1,1
SF,IC2002,2019-12-31 09:31:47.300,5235.6000,2996,0,30328800.000,0,-,-,-,-,5234.6000,5234.4000,5234.2000,5233.4000,5225.8000,5237.6000,5237.8000,5239.8000,5240.2000,5240.4000,1,1,1,3,5,2,1,1,1,1
SF,IC2002,2019-12-31 09:31:47.800,5235.6000,2996,0,30328800.000,0,-,-,-,-,5234.4000,5234.2000,5233.4000,5225.8000,5225.0000,5237.2000,5237.4000,5237.6000,5237.8000,5239.8000,1,1,3,5,1,1,1,1,1,1
SF,IC2002,2019-12-31 09:31:48.300,5235.6000,2996,0,30328800.000,0,-,-,-,-,5234.4000,5234.2000,5233.4000,5225.8000,5225.0000,5237.0000,5237.2000,5237.8000,5239.8000,5240.2000,1,1,3,5,1,3,1,1,1,1
SF,IC2002,2019-12-31 09:31:48.800,5235.6000,2996,0,30328800.000,0,-,-,-,-,5234.4000,5234.2000,5233.4000,5225.8000,5225.0000,5236.6000,5237.0000,5237.2000,5239.8000,5240.2000,1,1,3,5,1,1,3,1,1,1
SF,IC2002,2019-12-31 09:31:49.300,5235.6000,2996,0,30328800.000,0,-,-,-,-,5234.4000,5234.2000,5233.4000,5225.8000,5225.0000,5236.6000,5237.0000,5237.2000,5239.8000,5240.2000,1,1,3,5,1,1,1,1,1,1
SF,IC2002,2019-12-31 09:31:49.800,5235.6000,2996,0,30328800.000,0,-,-,-,-,5234.4000,5234.2000,5233.4000,5225.8000,5225.0000,5237.0000,5237.2000,5239.8000,5240.2000,5240.4000,1,1,3,5,1,1,1,1,1,1
SF,IC2002,2019-12-31 09:31:50.300,5235.6000,2996,0,30328800.000,0,-,-,-,-,5234.4000,5234.2000,5233.4000,5225.8000,5225.0000,5236.6000,5237.2000,5239.8000,5240.2000,5240.4000,1,1,3,5,1,1,1,1,1,1
SF,IC2002,2019-12-31 09:31:50.800,5235.6000,2996,0,30328800.000,0,-,-,-,-,5234.6000,5234.4000,5234.2000,5233.4000,5225.8000,5236.6000,5237.2000,5239.8000,5240.2000,5240.4000,1,1,1,3,5,1,1,1,1,1
SF,IC2002,2019-12-31 09:31:51.800,5235.6000,2996,0,30328800.000,0,-,-,-,-,5234.6000,5234.4000,5234.2000,5233.4000,5225.8000,5236.0000,5236.6000,5237.2000,5239.8000,5240.2000,1,1,1,3,5,1,1,1,1,1
SF,IC2002,2019-12-31 09:31:52.800,5236.0000,2995,-1,31376000.000,1,0,1,双平,S,5234.6000,5234.4000,5234.2000,5233.4000,5225.8000,5237.2000,5239.8000,5240.2000,5240.4000,5243.2000,1,1,1,3,5,1,1,1,1,5
SF,IC2002,2019-12-31 09:31:53.800,5236.0000,2995,0,31376000.000,0,-,-,-,-,5234.6000,5234.4000,5234.2000,5233.4000,5225.8000,5239.8000,5240.2000,5240.4000,5243.2000,5248.6000,1,1,1,3,5,1,1,1,5,1
SF,IC2002,2019-12-31 09:31:54.300,5236.0000,2995,0,31376000.000,0,-,-,-,-,5234.6000,5234.4000,5234.2000,5233.4000,5225.8000,5239.4000,5239.6000,5239.8000,5240.2000,5240.4000,1,1,1,3,5,1,2,1,1,1
SF,IC2002,2019-12-31 09:31:54.800,5236.0000,2995,0,31376000.000,0,-,-,-,-,5234.4000,5234.2000,5233.4000,5225.8000,5225.0000,5239.2000,5239.4000,5239.8000,5240.2000,5240.4000,1,1,3,5,1,3,1,1,1,1
SF,IC2002,2019-12-31 09:31:55.300,5236.0000,2995,0,31376000.000,0,-,-,-,-,5234.6000,5234.4000,5234.2000,5233.4000,5225.8000,5238.8000,5239.2000,5239.4000,5239.8000,5240.2000,1,1,1,3,5,1,3,1,1,1
SF,IC2002,2019-12-31 09:31:55.800,5236.0000,2995,0,31376000.000,0,-,-,-,-,5234.4000,5234.2000,5233.4000,5225.8000,5225.0000,5238.6000,5238.8000,5239.4000,5239.8000,5240.2000,1,1,3,5,1,3,1,1,1,1
SF,IC2002,2019-12-31 09:31:56.300,5236.0000,2995,0,31376000.000,0,-,-,-,-,5234.6000,5234.4000,5234.2000,5233.4000,5225.8000,5238.2000,5238.6000,5238.8000,5239.8000,5240.2000,1,1,1,3,5,1,3,1,1,1
SF,IC2002,2019-12-31 09:31:56.800,5236.0000,2995,0,31376000.000,0,-,-,-,-,5234.6000,5234.4000,5234.2000,5233.4000,5225.8000,5238.0000,5238.2000,5238.6000,5238.8000,5239.8000,1,1,1,3,5,2,1,1,1,1
SF,IC2002,2019-12-31 09:31:57.300,5236.0000,2995,0,31376000.000,0,-,-,-,-,5234.6000,5234.4000,5234.2000,5233.4000,5225.8000,5237.6000,5237.8000,5238.0000,5238.2000,5239.8000,1,1,1,3,5,1,1,2,1,1
SF,IC2002,2019-12-31 09:31:57.800,5236.0000,2995,0,31376000.000,0,-,-,-,-,5234.6000,5234.4000,5234.2000,5233.4000,5225.8000,5237.4000,5237.6000,5237.8000,5238.2000,5239.8000,1,1,1,3,5,1,1,1,1,1
SF,IC2002,2019-12-31 09:31:58.300,5236.0000,2995,0,31376000.000,0,-,-,-,-,5234.4000,5234.2000,5233.4000,5225.8000,5225.0000,5237.0000,5237.4000,5237.6000,5237.8000,5239.8000,1,1,3,5,1,1,1,1,1,1
SF,IC2002,2019-12-31 09:31:58.800,5236.0000,2995,0,31376000.000,0,-,-,-,-,5234.4000,5234.2000,5233.4000,5225.8000,5225.0000,5236.8000,5237.0000,5237.6000,5237.8000,5239.8000,1,1,3,5,1,1,1,1,1,1
SF,IC2002,2019-12-31 09:31:59.300,5236.0000,2995,0,31376000.000,0,-,-,-,-,5234.4000,5234.2000,5233.4000,5225.8000,5225.0000,5236.4000,5236.6000,5236.8000,5237.0000,5239.8000,1,1,3,5,1,1,1,1,1,1
SF,IC2002,2019-12-31 09:31:59.800,5236.0000,2995,0,31376000.000,0,-,-,-,-,5234.4000,5234.2000,5233.4000,5225.8000,5225.0000,5236.2000,5236.4000,5236.8000,5237.0000,5239.8000,1,1,3,5,1,1,1,1,1,1
SF,IC2002,2019-12-31 09:32:00.300,5236.0000,2995,0,31376000.000,0,-,-,-,-,5234.4000,5234.2000,5233.4000,5225.8000,5225.0000,5236.2000,5236.4000,5236.8000,5237.0000,5239.8000,1,1,3,5,1,1,1,1,1,1
SF,IC2002,2019-12-31 09:32:00.800,5236.0000,2995,0,31376000.000,0,-,-,-,-,5234.4000,5234.2000,5233.4000,5225.8000,5225.0000,5236.0000,5236.2000,5236.4000,5236.8000,5239.8000,1,1,3,5,1,1,1,1,1,1
SF,IC2002,2019-12-31 09:32:01.300,5236.0000,2995,0,31376000.000,0,-,-,-,-,5234.4000,5234.2000,5233.4000,5225.8000,5225.0000,5236.0000,5236.4000,5238.6000,5239.8000,5240.2000,1,1,3,5,1,1,1,1,1,1
SF,IC2002,2019-12-31 09:32:01.800,5236.0000,2995,0,31376000.000,0,-,-,-,-,5234.4000,5234.2000,5233.4000,5225.8000,5225.0000,5238.6000,5239.8000,5240.2000,5240.4000,5243.2000,1,1,3,5,1,1,1,1,1,5
SF,IC2002,2019-12-31 09:32:02.300,5236.0000,2995,0,31376000.000,0,-,-,-,-,5234.4000,5234.2000,5233.4000,5225.8000,5225.0000,5238.2000,5238.4000,5238.6000,5239.8000,5240.2000,1,1,3,5,1,1,3,1,1,1
SF,IC2002,2019-12-31 09:32:02.800,5236.0000,2995,0,31376000.000,0,-,-,-,-,5234.4000,5234.2000,5233.4000,5225.8000,5225.0000,5237.4000,5238.0000,5238.2000,5238.4000,5238.6000,1,1,3,5,1,1,2,1,1,1
SF,IC2002,2019-12-31 09:32:03.300,5236.0000,2995,0,31376000.000,0,-,-,-,-,5234.4000,5234.2000,5233.4000,5225.8000,5225.0000,5237.0000,5237.2000,5237.4000,5238.2000,5238.4000,1,1,3,5,1,1,2,1,1,1
SF,IC2002,2019-12-31 09:32:03.800,5236.0000,2995,0,31376000.000,0,-,-,-,-,5234.4000,5234.2000,5233.4000,5225.8000,5225.0000,5236.8000,5237.0000,5237.4000,5238.2000,5238.4000,1,1,3,5,1,3,1,1,1,1
SF,IC2002,2019-12-31 09:32:04.300,5236.0000,2995,0,31376000.000,0,-,-,-,-,5234.4000,5234.2000,5233.4000,5225.8000,5225.0000,5236.4000,5236.8000,5237.0000,5237.4000,5238.4000,1,1,3,5,1,2,3,1,1,1
SF,IC2002,2019-12-31 09:32:04.800,5234.4000,2995,0,32422880.000,1,0,1,多换,S,5234.2000,5233.4000,5225.8000,5225.0000,5222.0000,5236.2000,5236.4000,5236.8000,5237.0000,5237.4000,1,3,5,1,1,3,2,1,1,1
SF,IC2002,2019-12-31 09:32:05.300,5234.2000,2995,0,33469720.000,1,0,1,多换,S,5233.4000,5225.8000,5225.0000,5222.0000,5220.8000,5235.8000,5236.0000,5236.2000,5236.4000,5236.8000,3,5,1,1,2,1,1,3,2,1
SF,IC2002,2019-12-31 09:32:05.800,5234.2000,2995,0,33469720.000,0,-,-,-,-,5233.4000,5225.8000,5225.0000,5222.0000,5220.8000,5235.8000,5236.2000,5236.4000,5236.8000,5237.4000,3,5,1,1,2,1,2,1,1,1
SF,IC2002,2019-12-31 09:32:06.300,5234.2000,2995,0,33469720.000,0,-,-,-,-,5233.4000,5225.8000,5225.0000,5222.0000,5220.8000,5235.6000,5235.8000,5236.2000,5236.4000,5236.8000,3,5,1,1,2,2,1,2,1,1
SF,IC2002,2019-12-31 09:32:06.800,5234.2000,2995,0,33469720.000,0,-,-,-,-,5233.4000,5225.8000,5225.0000,5222.0000,5220.8000,5235.4000,5235.6000,5235.8000,5236.2000,5236.8000,3,5,1,1,2,1,2,1,2,1
SF,IC2002,2019-12-31 09:32:07.300,5234.2000,2995,0,33469720.000,0,-,-,-,-,5233.4000,5225.8000,5225.0000,5222.0000,5220.8000,5235.6000,5235.8000,5236.2000,5236.8000,5237.4000,3,5,1,1,2,2,1,2,1,1
SF,IC2002,2019-12-31 09:32:07.800,5234.2000,2995,0,33469720.000,0,-,-,-,-,5233.4000,5225.8000,5225.0000,5222.0000,5220.8000,5235.6000,5236.2000,5238.6000,5239.8000,5243.2000,3,5,1,1,2,2,2,1,1,5
SF,IC2002,2019-12-31 09:32:08.300,5234.2000,2995,0,33469720.000,0,-,-,-,-,5233.4000,5225.8000,5225.0000,5222.0000,5220.8000,5235.6000,5236.2000,5238.6000,5239.8000,5243.2000,3,5,1,1,2,2,1,1,1,5
SF,IC2002,2019-12-31 09:32:08.800,5234.2000,2995,0,33469720.000,0,-,-,-,-,5233.4000,5225.8000,5225.0000,5222.0000,5220.8000,5238.6000,5239.8000,5243.2000,5248.6000,5250.0000,3,5,1,1,2,1,1,5,1,1
SF,IC2002,2019-12-31 09:32:09.300,5234.2000,2995,0,33469720.000,0,-,-,-,-,5233.6000,5233.4000,5225.8000,5225.0000,5222.0000,5238.2000,5238.4000,5238.6000,5239.8000,5243.2000,1,3,5,1,1,1,4,1,1,5
SF,IC2002,2019-12-31 09:32:09.800,5234.2000,2995,0,33469720.000,0,-,-,-,-,5233.4000,5225.8000,5225.0000,5222.0000,5220.8000,5238.0000,5238.2000,5238.4000,5238.6000,5239.8000,3,5,1,1,2,2,1,2,1,1
SF,IC2002,2019-12-31 09:32:10.300,5234.2000,2995,0,33469720.000,0,-,-,-,-,5233.8000,5233.6000,5233.4000,5225.8000,5225.0000,5237.4000,5237.6000,5237.8000,5238.0000,5238.2000,1,2,3,5,1,1,1,2,2,1
SF,IC2002,2019-12-31 09:32:10.800,5234.2000,2995,0,33469720.000,0,-,-,-,-,5234.0000,5233.8000,5233.4000,5225.8000,5225.0000,5237.2000,5237.6000,5237.8000,5238.0000,5238.6000,1,1,3,5,1,1,1,2,2,1
SF,IC2002,2019-12-31 09:32:11.300,5234.2000,2995,0,33469720.000,0,-,-,-,-,5233.8000,5233.4000,5225.8000,5225.0000,5222.0000,5237.0000,5237.2000,5237.6000,5237.8000,5238.6000,1,3,5,1,1,2,1,1,2,1
SF,IC2002,2019-12-31 09:32:11.800,5234.2000,2995,0,33469720.000,0,-,-,-,-,5233.8000,5233.4000,5225.8000,5225.0000,5222.0000,5236.6000,5236.8000,5237.0000,5237.2000,5238.6000,1,3,5,1,1,1,1,2,1,1
SF,IC2002,2019-12-31 09:32:12.300,5234.2000,2995,0,33469720.000,0,-,-,-,-,5233.4000,5225.8000,5225.0000,5222.0000,5220.8000,5236.6000,5237.0000,5237.2000,5238.6000,5239.8000,3,5,1,1,2,1,2,1,1,1
SF,IC2002,2019-12-31 09:32:12.800,5234.2000,2995,0,33469720.000,0,-,-,-,-,5233.6000,5233.4000,5225.8000,5225.0000,5222.0000,5236.4000,5236.6000,5237.0000,5237.2000,5238.6000,1,3,5,1,1,2,1,2,1,1
SF,IC2002,2019-12-31 09:32:13.300,5234.2000,2995,0,33469720.000,0,-,-,-,-,5234.4000,5233.6000,5233.4000,5225.8000,5225.0000,5236.4000,5236.6000,5237.0000,5237.2000,5238.6000,1,1,3,5,1,2,1,1,1,1
SF,IC2002,2019-12-31 09:32:13.800,5234.2000,2995,0,33469720.000,0,-,-,-,-,5234.4000,5233.4000,5225.8000,5225.0000,5222.0000,5236.0000,5236.2000,5236.4000,5236.6000,5237.0000,1,3,5,1,1,1,1,1,1,1
SF,IC2002,2019-12-31 09:32:14.300,5234.2000,2995,0,33469720.000,0,-,-,-,-,5234.4000,5233.4000,5225.8000,5225.0000,5222.0000,5235.8000,5236.0000,5236.6000,5237.0000,5238.6000,1,3,5,1,1,1,1,1,1,1
SF,IC2002,2019-12-31 09:32:14.800,5234.2000,2995,0,33469720.000,0,-,-,-,-,5234.4000,5233.4000,5225.8000,5225.0000,5222.0000,5235.8000,5236.6000,5237.0000,5238.6000,5239.8000,1,3,5,1,1,1,1,1,1,1
SF,IC2002,2019-12-31 09:32:15.800,5234.2000,2995,0,33469720.000,0,-,-,-,-,5234.4000,5233.4000,5225.8000,5225.0000,5222.0000,5237.0000,5238.6000,5239.8000,5243.2000,5248.6000,1,3,5,1,1,1,1,1,5,1
SF,IC2002,2019-12-31 09:32:16.300,5234.2000,2995,0,33469720.000,0,-,-,-,-,5234.4000,5233.4000,5225.8000,5225.0000,5222.0000,5236.6000,5236.8000,5237.0000,5238.6000,5239.8000,1,3,5,1,1,1,2,1,1,1
SF,IC2002,2019-12-31 09:32:16.800,5234.2000,2995,0,33469720.000,0,-,-,-,-,5234.4000,5233.4000,5225.8000,5225.0000,5222.0000,5236.6000,5236.8000,5237.0000,5238.6000,5239.8000,1,3,5,1,1,1,1,1,1,1
SF,IC2002,2019-12-31 09:32:17.300,5234.2000,2995,0,33469720.000,0,-,-,-,-,5234.4000,5233.4000,5225.8000,5225.0000,5222.0000,5236.6000,5237.0000,5238.6000,5239.8000,5243.2000,1,3,5,1,1,1,1,1,1,5
SF,IC2002,2019-12-31 09:32:17.800,5234.2000,2995,0,33469720.000,0,-,-,-,-,5234.4000,5233.4000,5225.8000,5225.0000,5222.0000,5236.4000,5236.6000,5237.0000,5238.6000,5239.8000,1,3,5,1,1,1,1,1,1,1
SF,IC2002,2019-12-31 09:32:18.800,5234.2000,2995,0,33469720.000,0,-,-,-,-,5234.4000,5233.4000,5225.8000,5225.0000,5222.0000,5236.6000,5237.0000,5238.6000,5239.8000,5243.2000,1,3,5,1,1,1,1,1,1,5
SF,IC2002,2019-12-31 09:32:19.300,5234.2000,2995,0,33469720.000,0,-,-,-,-,5234.4000,5233.4000,5225.8000,5225.0000,5222.0000,5236.4000,5236.6000,5238.6000,5239.8000,5243.2000,1,3,5,1,1,3,1,1,1,5
SF,IC2002,2019-12-31 09:32:19.800,5234.2000,2995,0,33469720.000,0,-,-,-,-,5234.4000,5233.4000,5225.8000,5225.0000,5222.0000,5236.4000,5236.6000,5238.6000,5239.8000,5243.2000,1,3,5,1,1,3,1,1,1,5
SF,IC2002,2019-12-31 09:32:20.300,5234.2000,2995,0,33469720.000,0,-,-,-,-,5234.4000,5233.4000,5225.8000,5225.0000,5222.0000,5236.4000,5236.6000,5238.6000,5239.8000,5243.2000,1,3,5,1,1,2,1,1,1,5
SF,IC2002,2019-12-31 09:32:21.300,5234.2000,2995,0,33469720.000,0,-,-,-,-,5234.4000,5233.4000,5225.8000,5225.0000,5222.0000,5236.0000,5236.4000,5236.6000,5238.6000,5239.8000,1,3,5,1,1,1,2,1,1,1
SF,IC2002,2019-12-31 09:32:21.800,5234.2000,2995,0,33469720.000,0,-,-,-,-,5234.4000,5233.4000,5225.8000,5225.0000,5222.0000,5235.8000,5236.4000,5236.6000,5238.6000,5239.8000,1,3,5,1,1,1,2,1,1,1
SF,IC2002,2019-12-31 09:32:22.300,5234.2000,2995,0,33469720.000,0,-,-,-,-,5234.4000,5233.4000,5225.8000,5225.0000,5222.0000,5235.8000,5236.6000,5238.6000,5239.8000,5243.2000,1,3,5,1,1,1,1,1,1,5
SF,IC2002,2019-12-31 09:32:22.800,5234.2000,2995,0,33469720.000,0,-,-,-,-,5234.4000,5233.4000,5225.8000,5225.0000,5222.0000,5236.6000,5238.6000,5239.8000,5243.2000,5248.6000,1,3,5,1,1,1,1,1,5,1
SF,IC2002,2019-12-31 09:32:24.300,5234.2000,2995,0,33469720.000,0,-,-,-,-,5234.4000,5233.4000,5225.8000,5225.0000,5222.0000,5238.6000,5239.8000,5243.2000,5248.6000,5250.0000,1,3,5,1,1,1,1,5,1,1
SF,IC2002,2019-12-31 09:32:24.800,5234.2000,2995,0,33469720.000,0,-,-,-,-,5234.4000,5233.4000,5225.8000,5225.0000,5222.0000,5238.2000,5238.4000,5238.6000,5239.8000,5243.2000,1,3,5,1,1,1,2,1,1,5
SF,IC2002,2019-12-31 09:32:25.300,5234.2000,2995,0,33469720.000,0,-,-,-,-,5234.4000,5233.4000,5225.8000,5225.0000,5222.0000,5237.4000,5238.0000,5238.2000,5238.4000,5238.6000,1,3,5,1,1,1,1,1,1,1
SF,IC2002,2019-12-31 09:32:25.800,5234.2000,2995,0,33469720.000,0,-,-,-,-,5234.4000,5233.4000,5225.8000,5225.0000,5222.0000,5237.2000,5237.4000,5238.0000,5238.2000,5238.6000,1,3,5,1,1,1,1,1,1,1
SF,IC2002,2019-12-31 09:32:27.800,5234.2000,2995,0,33469720.000,0,-,-,-,-,5234.4000,5233.4000,5225.8000,5225.0000,5222.0000,5237.2000,5238.0000,5238.2000,5238.6000,5239.8000,1,3,5,1,1,1,1,1,1,1
SF,IC2002,2019-12-31 09:32:28.300,5234.2000,2995,0,33469720.000,0,-,-,-,-,5234.8000,5234.6000,5234.4000,5233.4000,5225.8000,5238.2000,5238.6000,5239.8000,5243.2000,5248.6000,1,1,1,3,5,1,1,1,5,1
SF,IC2002,2019-12-31 09:32:28.800,5234.2000,2995,0,33469720.000,0,-,-,-,-,5235.0000,5234.8000,5234.4000,5233.4000,5225.8000,5238.2000,5238.6000,5239.8000,5243.2000,5248.6000,1,1,1,3,5,1,1,1,5,1
SF,IC2002,2019-12-31 09:32:29.300,5234.2000,2995,0,33469720.000,0,-,-,-,-,5235.4000,5235.0000,5234.8000,5234.4000,5233.4000,5238.2000,5238.6000,5239.8000,5243.2000,5248.6000,1,1,1,1,3,1,1,1,5,1
SF,IC2002,2019-12-31 09:32:29.800,5234.2000,2995,0,33469720.000,0,-,-,-,-,5235.4000,5235.0000,5234.8000,5234.4000,5233.4000,5238.0000,5238.2000,5238.6000,5239.8000,5243.2000,1,1,1,1,3,1,1,1,1,5
SF,IC2002,2019-12-31 09:32:30.300,5234.2000,2995,0,33469720.000,0,-,-,-,-,5235.0000,5234.8000,5234.4000,5233.4000,5225.8000,5238.0000,5238.2000,5238.6000,5239.8000,5243.2000,1,1,1,3,5,1,1,1,1,5
SF,IC2002,2019-12-31 09:32:30.800,5234.2000,2995,0,33469720.000,0,-,-,-,-,5235.0000,5234.8000,5234.4000,5233.4000,5225.8000,5237.4000,5238.0000,5238.2000,5238.6000,5239.8000,1,1,1,3,5,1,1,1,1,1
SF,IC2002,2019-12-31 09:32:31.300,5235.0000,2994,-1,34516720.000,1,0,1,双平,S,5235.0000,5234.4000,5233.4000,5225.8000,5225.0000,5238.6000,5239.8000,5243.2000,5248.6000,5250.0000,1,1,3,5,1,1,1,5,1,1
SF,IC2002,2019-12-31 09:32:31.800,5235.0000,2994,0,34516720.000,0,-,-,-,-,5235.0000,5234.4000,5233.4000,5225.8000,5225.0000,5238.2000,5238.4000,5238.6000,5239.8000,5243.2000,1,1,3,5,1,1,1,1,1,5
SF,IC2002,2019-12-31 09:32:33.300,5235.0000,2994,0,34516720.000,0,-,-,-,-,5235.2000,5235.0000,5234.4000,5233.4000,5225.8000,5237.4000,5238.0000,5238.2000,5238.4000,5238.6000,1,1,1,3,5,1,1,1,1,1
SF,IC2002,2019-12-31 09:32:33.800,5235.0000,2994,0,34516720.000,0,-,-,-,-,5235.2000,5235.0000,5234.4000,5233.4000,5225.8000,5237.2000,5238.2000,5238.4000,5238.6000,5239.8000,1,1,1,3,5,1,1,1,1,1
SF,IC2002,2019-12-31 09:32:34.300,5235.0000,2994,0,34516720.000,0,-,-,-,-,5235.4000,5235.2000,5234.4000,5233.4000,5225.8000,5237.2000,5237.4000,5238.2000,5238.6000,5239.8000,1,1,1,3,5,1,1,1,1,1
SF,IC2002,2019-12-31 09:32:34.800,5235.0000,2994,0,34516720.000,0,-,-,-,-,5235.4000,5235.2000,5234.4000,5233.4000,5225.8000,5238.2000,5238.6000,5239.8000,5243.2000,5248.6000,1,1,1,3,5,1,1,1,5,1
SF,IC2002,2019-12-31 09:32:35.800,5235.0000,2994,0,34516720.000,0,-,-,-,-,5235.4000,5235.2000,5234.4000,5233.4000,5225.8000,5237.4000,5238.0000,5238.2000,5238.6000,5239.8000,1,1,1,3,5,1,1,1,1,1
SF,IC2002,2019-12-31 09:32:36.300,5235.0000,2994,0,34516720.000,0,-,-,-,-,5235.4000,5235.2000,5234.4000,5233.4000,5225.8000,5238.0000,5238.2000,5238.6000,5239.8000,5243.2000,1,1,1,3,5,1,1,1,1,5
SF,IC2002,2019-12-31 09:32:36.800,5235.0000,2994,0,34516720.000,0,-,-,-,-,5235.4000,5235.2000,5234.4000,5233.4000,5225.8000,5238.0000,5238.2000,5238.6000,5239.8000,5243.2000,1,1,1,3,5,1,1,1,1,5
SF,IC2002,2019-12-31 09:32:38.300,5235.0000,2994,0,34516720.000,0,-,-,-,-,5235.4000,5235.2000,5233.4000,5225.8000,5225.0000,5237.6000,5237.8000,5238.0000,5238.2000,5238.6000,1,1,3,5,1,1,1,1,1,1
SF,IC2002,2019-12-31 09:32:38.800,5235.0000,2994,0,34516720.000,0,-,-,-,-,5236.2000,5235.4000,5235.2000,5233.4000,5225.8000,5237.8000,5238.0000,5238.2000,5238.6000,5239.8000,1,1,1,3,5,1,1,1,1,1
SF,IC2002,2019-12-31 09:32:39.300,5235.0000,2994,0,34516720.000,0,-,-,-,-,5236.2000,5235.4000,5235.2000,5233.4000,5225.8000,5238.0000,5238.2000,5238.6000,5239.8000,5243.2000,1,1,1,3,5,1,1,1,1,5
SF,IC2002,2019-12-31 09:32:39.800,5235.0000,2994,0,34516720.000,0,-,-,-,-,5236.2000,5235.4000,5235.2000,5233.4000,5225.8000,5237.8000,5238.0000,5238.2000,5238.6000,5239.8000,1,1,1,3,5,1,1,1,1,1
SF,IC2002,2019-12-31 09:32:43.300,5235.0000,2994,0,34516720.000,0,-,-,-,-,5236.2000,5235.4000,5233.4000,5225.8000,5225.0000,5237.8000,5238.0000,5238.2000,5238.6000,5239.8000,1,1,3,5,1,1,1,1,1,1
SF,IC2002,2019-12-31 09:32:43.800,5235.0000,2994,0,34516720.000,0,-,-,-,-,5236.2000,5235.4000,5233.4000,5225.8000,5225.0000,5238.0000,5238.2000,5238.6000,5239.8000,5243.2000,1,1,3,5,1,1,1,1,1,5
SF,IC2002,2019-12-31 09:32:44.800,5235.0000,2994,0,34516720.000,0,-,-,-,-,5236.4000,5236.2000,5235.4000,5233.4000,5225.8000,5237.4000,5238.0000,5238.2000,5238.6000,5239.8000,1,1,1,3,5,1,1,1,1,1
SF,IC2002,2019-12-31 09:32:45.300,5237.4000,2994,0,35564200.000,1,0,1,多换,S,5236.4000,5236.2000,5235.4000,5233.4000,5225.8000,5238.0000,5238.2000,5238.6000,5239.8000,5243.2000,1,1,1,3,5,1,1,1,1,5
SF,IC2002,2019-12-31 09:32:45.800,5238.0000,2994,0,36611800.000,1,0,1,多换,S,5236.4000,5236.2000,5235.4000,5233.4000,5225.8000,5238.2000,5238.6000,5239.8000,5243.2000,5248.6000,1,1,1,3,5,1,1,1,5,1
SF,IC2002,2019-12-31 09:32:46.300,5238.2000,2993,-1,37659440.000,1,0,1,双平,S,5236.6000,5236.4000,5236.2000,5233.4000,5225.8000,5238.6000,5239.8000,5243.2000,5248.6000,5250.0000,1,1,1,3,5,1,1,5,1,1
SF,IC2002,2019-12-31 09:32:46.800,5238.6000,2993,0,38707160.000,1,0,1,多换,S,5236.8000,5236.4000,5236.2000,5233.4000,5225.8000,5239.8000,5243.2000,5248.6000,5250.0000,5336.0000,1,1,1,3,5,1,5,1,1,3
SF,IC2002,2019-12-31 09:32:47.300,5238.6000,2993,0,38707160.000,0,-,-,-,-,5237.0000,5236.8000,5236.4000,5236.2000,5233.4000,5239.8000,5243.2000,5248.6000,5250.0000,5336.0000,1,1,1,1,3,1,5,1,1,3
SF,IC2002,2019-12-31 09:32:47.800,5238.6000,2993,0,38707160.000,0,-,-,-,-,5237.4000,5237.0000,5236.8000,5236.4000,5236.2000,5239.8000,5243.2000,5248.6000,5250.0000,5336.0000,1,1,1,1,1,1,5,1,1,3
SF,IC2002,2019-12-31 09:32:48.300,5237.6000,2993,0,39754680.000,1,0,1,多换,S,5237.4000,5237.0000,5236.8000,5236.4000,5236.2000,5239.8000,5243.2000,5248.6000,5250.0000,5336.0000,1,1,1,1,1,1,5,1,1,3
SF,IC2002,2019-12-31 09:32:48.800,5237.6000,2993,0,39754680.000,0,-,-,-,-,5237.0000,5236.8000,5236.4000,5236.2000,5233.4000,5239.6000,5239.8000,5243.2000,5248.6000,5250.0000,1,1,1,1,3,1,1,5,1,1
SF,IC2002,2019-12-31 09:32:49.300,5237.6000,2993,0,39754680.000,0,-,-,-,-,5236.8000,5236.4000,5236.2000,5233.4000,5225.8000,5239.6000,5239.8000,5243.2000,5248.6000,5250.0000,1,1,1,3,5,1,1,5,1,1
SF,IC2002,2019-12-31 09:32:49.800,5237.6000,2993,0,39754680.000,0,-,-,-,-,5236.4000,5236.2000,5233.4000,5225.8000,5225.0000,5239.4000,5239.8000,5243.2000,5248.6000,5250.0000,1,1,3,5,1,1,1,5,1,1
SF,IC2002,2019-12-31 09:32:50.300,5237.6000,2993,0,39754680.000,0,-,-,-,-,5236.6000,5236.4000,5236.2000,5233.4000,5225.8000,5239.4000,5239.8000,5243.2000,5248.6000,5250.0000,1,1,1,3,5,1,1,5,1,1
SF,IC2002,2019-12-31 09:32:51.300,5239.4000,2992,-1,40802560.000,1,0,1,双平,S,5236.6000,5236.2000,5233.4000,5225.8000,5225.0000,5239.8000,5243.2000,5248.6000,5250.0000,5336.0000,1,1,3,5,1,1,5,1,1,3
SF,IC2002,2019-12-31 09:32:51.800,5239.4000,2992,0,40802560.000,0,-,-,-,-,5236.2000,5233.4000,5225.8000,5225.0000,5222.0000,5239.6000,5239.8000,5243.2000,5248.6000,5250.0000,1,3,5,1,1,1,1,5,1,1
SF,IC2002,2019-12-31 09:32:52.300,5239.4000,2992,0,40802560.000,0,-,-,-,-,5236.4000,5236.2000,5233.4000,5225.8000,5225.0000,5239.6000,5239.8000,5243.2000,5248.6000,5250.0000,2,1,3,5,1,1,1,5,1,1
SF,IC2002,2019-12-31 09:32:52.800,5239.4000,2992,0,40802560.000,0,-,-,-,-,5236.8000,5236.4000,5236.2000,5233.4000,5225.8000,5239.6000,5239.8000,5243.2000,5248.6000,5250.0000,1,2,1,3,5,1,1,5,1,1
SF,IC2002,2019-12-31 09:32:53.300,5239.4000,2992,0,40802560.000,0,-,-,-,-,5238.0000,5237.0000,5236.8000,5236.4000,5236.2000,5239.8000,5243.2000,5248.6000,5250.0000,5336.0000,2,1,1,1,1,1,5,1,1,3
SF,IC2002,2019-12-31 09:32:53.800,5239.4000,2992,0,40802560.000,0,-,-,-,-,5238.0000,5236.4000,5236.2000,5233.4000,5225.8000,5239.4000,5239.6000,5239.8000,5243.2000,5248.6000,2,1,1,3,5,1,1,1,5,1
SF,IC2002,2019-12-31 09:32:54.300,5238.0000,2993,1,41850160.000,1,1,0,双开,S,5238.0000,5236.4000,5236.2000,5233.4000,5225.8000,5239.4000,5239.6000,5239.8000,5243.2000,5248.6000,1,1,1,3,5,1,1,1,5,1
SF,IC2002,2019-12-31 09:32:54.800,5238.0000,2993,0,41850160.000,0,-,-,-,-,5238.0000,5236.4000,5236.2000,5233.4000,5225.8000,5239.4000,5239.6000,5239.8000,5243.2000,5248.6000,1,1,1,3,5,1,1,1,5,1
SF,IC2002,2019-12-31 09:32:55.300,5238.0000,2993,0,41850160.000,0,-,-,-,-,5238.0000,5236.4000,5236.2000,5233.4000,5225.8000,5239.4000,5239.8000,5243.2000,5248.6000,5250.0000,1,1,1,3,5,1,1,5,1,1
SF,IC2002,2019-12-31 09:32:57.800,5238.0000,2993,0,42897760.000,1,0,1,多换,S,5236.4000,5236.2000,5233.4000,5225.8000,5225.0000,5239.8000,5243.2000,5248.6000,5250.0000,5336.0000,1,1,3,5,1,1,5,1,1,3
SF,IC2002,2019-12-31 09:32:58.300,5238.0000,2993,0,42897760.000,0,-,-,-,-,5236.6000,5236.4000,5236.2000,5233.4000,5225.8000,5239.6000,5239.8000,5243.2000,5248.6000,5250.0000,1,1,1,3,5,1,1,5,1,1
SF,IC2002,2019-12-31 09:32:58.800,5238.0000,2993,0,42897760.000,0,-,-,-,-,5236.8000,5236.6000,5236.4000,5236.2000,5233.4000,5239.6000,5239.8000,5243.2000,5248.6000,5250.0000,1,1,1,1,3,1,1,5,1,1
SF,IC2002,2019-12-31 09:32:59.800,5238.0000,2993,0,42897760.000,0,-,-,-,-,5236.6000,5236.4000,5236.2000,5233.4000,5225.8000,5239.4000,5239.6000,5239.8000,5243.2000,5248.6000,1,1,1,3,5,1,1,1,5,1
SF,IC2002,2019-12-31 09:33:00.300,5238.0000,2993,0,42897760.000,0,-,-,-,-,5236.6000,5236.4000,5236.2000,5233.4000,5225.8000,5239.2000,5239.4000,5239.6000,5239.8000,5243.2000,1,1,1,3,5,2,1,1,1,5
SF,IC2002,2019-12-31 09:33:00.800,5238.0000,2993,0,42897760.000,0,-,-,-,-,5236.4000,5236.2000,5233.4000,5225.8000,5225.0000,5239.2000,5239.6000,5239.8000,5243.2000,5248.6000,1,1,3,5,1,2,1,1,5,1
SF,IC2002,2019-12-31 09:33:01.300,5238.0000,2993,0,42897760.000,0,-,-,-,-,5236.4000,5236.2000,5233.4000,5225.8000,5225.0000,5239.6000,5239.8000,5243.2000,5248.6000,5250.0000,1,1,3,5,1,1,1,5,1,1
SF,IC2002,2019-12-31 09:33:01.800,5238.0000,2993,0,42897760.000,0,-,-,-,-,5236.6000,5236.4000,5236.2000,5233.4000,5225.8000,5239.6000,5239.8000,5243.2000,5248.6000,5250.0000,1,1,1,3,5,1,1,5,1,1
SF,IC2002,2019-12-31 09:33:02.300,5238.0000,2993,0,42897760.000,0,-,-,-,-,5236.8000,5236.6000,5236.4000,5236.2000,5233.4000,5239.6000,5239.8000,5243.2000,5248.6000,5250.0000,1,1,1,1,3,1,1,5,1,1
SF,IC2002,2019-12-31 09:33:02.800,5238.0000,2993,0,42897760.000,0,-,-,-,-,5237.0000,5236.8000,5236.4000,5236.2000,5233.4000,5239.4000,5239.8000,5243.2000,5248.6000,5250.0000,1,1,1,1,3,1,1,5,1,1
SF,IC2002,2019-12-31 09:33:03.300,5238.0000,2993,0,42897760.000,0,-,-,-,-,5237.0000,5236.8000,5236.4000,5236.2000,5233.4000,5239.2000,5239.8000,5243.2000,5248.6000,5250.0000,1,1,1,1,3,1,1,5,1,1
SF,IC2002,2019-12-31 09:33:03.800,5238.0000,2993,0,42897760.000,0,-,-,-,-,5237.4000,5237.0000,5236.8000,5236.4000,5236.2000,5239.2000,5239.8000,5243.2000,5248.6000,5250.0000,1,1,1,1,1,1,1,5,1,1
SF,IC2002,2019-12-31 09:33:04.300,5238.0000,2993,0,42897760.000,0,-,-,-,-,5237.6000,5237.4000,5236.8000,5236.4000,5236.2000,5239.2000,5239.8000,5243.2000,5248.6000,5250.0000,1,1,1,1,1,1,1,5,1,1
SF,IC2002,2019-12-31 09:33:04.800,5238.0000,2993,0,42897760.000,0,-,-,-,-,5237.6000,5237.4000,5236.8000,5236.4000,5236.2000,5239.8000,5243.2000,5248.6000,5250.0000,5336.0000,1,1,1,1,1,1,5,1,1,3
SF,IC2002,2019-12-31 09:33:05.300,5238.0000,2993,0,42897760.000,0,-,-,-,-,5237.8000,5237.6000,5237.4000,5236.4000,5236.2000,5239.8000,5243.2000,5248.6000,5250.0000,5336.0000,1,1,1,1,1,1,5,1,1,3
SF,IC2002,2019-12-31 09:33:05.800,5238.0000,2993,0,42897760.000,0,-,-,-,-,5238.0000,5237.8000,5237.4000,5236.4000,5236.2000,5239.8000,5243.2000,5248.6000,5250.0000,5336.0000,2,1,1,1,1,1,5,1,1,3
SF,IC2002,2019-12-31 09:33:06.300,5238.0000,2993,0,42897760.000,0,-,-,-,-,5238.4000,5238.0000,5237.8000,5236.4000,5236.2000,5239.8000,5243.2000,5248.6000,5250.0000,5336.0000,1,2,1,1,1,1,5,1,1,3
SF,IC2002,2019-12-31 09:33:06.800,5238.0000,2993,0,42897760.000,0,-,-,-,-,5238.0000,5237.8000,5236.4000,5236.2000,5233.4000,5239.6000,5239.8000,5243.2000,5248.6000,5250.0000,1,1,1,1,3,1,1,5,1,1
SF,IC2002,2019-12-31 09:33:07.800,5238.0000,2993,0,42897760.000,0,-,-,-,-,5238.0000,5237.8000,5236.2000,5233.4000,5225.8000,5239.6000,5239.8000,5243.2000,5248.6000,5250.0000,1,1,1,3,5,1,1,5,1,1
SF,IC2002,2019-12-31 09:33:08.800,5238.0000,2993,0,42897760.000,0,-,-,-,-,5238.0000,5237.8000,5236.2000,5233.4000,5225.8000,5239.8000,5243.2000,5248.6000,5250.0000,5336.0000,1,1,1,3,5,1,5,1,1,3
SF,IC2002,2019-12-31 09:33:09.300,5238.0000,2993,0,42897760.000,0,-,-,-,-,5238.2000,5238.0000,5236.2000,5233.4000,5225.8000,5239.6000,5239.8000,5243.2000,5248.6000,5250.0000,1,1,1,3,5,2,1,5,1,1
SF,IC2002,2019-12-31 09:33:09.800,5238.0000,2993,0,42897760.000,0,-,-,-,-,5238.2000,5236.2000,5233.4000,5225.8000,5225.0000,5239.6000,5239.8000,5243.2000,5248.6000,5250.0000,1,1,3,5,1,2,1,5,1,1
SF,IC2002,2019-12-31 09:33:10.300,5238.0000,2993,0,42897760.000,0,-,-,-,-,5238.2000,5236.2000,5233.4000,5225.8000,5225.0000,5239.6000,5239.8000,5243.2000,5248.6000,5250.0000,1,1,3,5,1,1,1,5,1,1
SF,IC2002,2019-12-31 09:33:11.300,5238.0000,2993,0,42897760.000,0,-,-,-,-,5238.2000,5236.2000,5233.4000,5225.8000,5225.0000,5239.6000,5239.8000,5243.2000,5248.6000,5250.0000,1,1,3,5,1,1,1,5,1,1
SF,IC2002,2019-12-31 09:33:11.800,5238.0000,2993,0,42897760.000,0,-,-,-,-,5238.2000,5237.0000,5236.2000,5233.4000,5225.8000,5239.6000,5239.8000,5243.2000,5248.6000,5250.0000,1,1,1,3,5,1,1,5,1,1
SF,IC2002,2019-12-31 09:33:15.800,5238.0000,2993,0,42897760.000,0,-,-,-,-,5238.2000,5237.0000,5236.2000,5233.4000,5225.8000,5239.4000,5239.6000,5239.8000,5243.2000,5248.6000,1,1,1,3,5,1,1,1,5,1
SF,IC2002,2019-12-31 09:33:16.300,5238.0000,2993,0,42897760.000,0,-,-,-,-,5238.2000,5237.0000,5236.2000,5233.4000,5225.8000,5239.2000,5239.4000,5239.8000,5243.2000,5248.6000,1,1,1,3,5,1,1,1,5,1
SF,IC2002,2019-12-31 09:33:17.800,5238.0000,2993,0,42897760.000,0,-,-,-,-,5238.2000,5237.0000,5236.2000,5233.4000,5225.8000,5239.4000,5239.8000,5243.2000,5248.6000,5250.0000,1,1,1,3,5,1,1,5,1,1
SF,IC2002,2019-12-31 09:33:18.300,5238.0000,2993,0,42897760.000,0,-,-,-,-,5238.2000,5237.0000,5236.2000,5233.4000,5225.8000,5239.4000,5239.8000,5243.2000,5248.6000,5250.0000,1,1,1,3,5,1,1,5,1,1
SF,IC2002,2019-12-31 09:33:18.800,5238.0000,2993,0,42897760.000,0,-,-,-,-,5238.2000,5237.0000,5236.2000,5233.4000,5225.8000,5239.2000,5239.4000,5239.8000,5243.2000,5248.6000,1,1,1,3,5,1,1,1,5,1
SF,IC2002,2019-12-31 09:33:19.300,5238.2000,2992,-1,43945400.000,1,0,1,双平,S,5237.0000,5236.2000,5233.4000,5225.8000,5225.0000,5238.2000,5239.2000,5239.4000,5239.8000,5243.2000,1,1,3,5,1,1,1,1,1,5
SF,IC2002,2019-12-31 09:33:19.800,5238.2000,2991,-1,44993040.000,1,0,1,双平,S,5237.4000,5237.0000,5236.2000,5233.4000,5225.8000,5239.4000,5239.8000,5243.2000,5248.6000,5250.0000,1,1,1,3,5,1,1,5,1,1
SF,IC2002,2019-12-31 09:33:20.300,5238.2000,2991,0,44993040.000,0,-,-,-,-,5237.4000,5237.0000,5236.2000,5233.4000,5225.8000,5239.2000,5239.4000,5239.8000,5243.2000,5248.6000,1,1,1,3,5,1,1,1,5,1
SF,IC2002,2019-12-31 09:33:20.800,5238.2000,2991,0,44993040.000,0,-,-,-,-,5237.4000,5237.0000,5236.2000,5233.4000,5225.8000,5239.2000,5239.8000,5243.2000,5248.6000,5250.0000,1,1,1,3,5,1,1,5,1,1
SF,IC2002,2019-12-31 09:33:21.300,5238.2000,2991,0,44993040.000,0,-,-,-,-,5237.0000,5236.2000,5233.4000,5225.8000,5225.0000,5239.0000,5239.2000,5239.8000,5243.2000,5248.6000,1,1,3,5,1,1,1,1,5,1
SF,IC2002,2019-12-31 09:33:21.800,5238.2000,2991,0,44993040.000,0,-,-,-,-,5237.0000,5236.2000,5233.4000,5225.8000,5225.0000,5238.8000,5239.0000,5239.8000,5243.2000,5248.6000,1,1,3,5,1,1,1,1,5,1
SF,IC2002,2019-12-31 09:33:22.300,5238.2000,2991,0,44993040.000,0,-,-,-,-,5237.0000,5236.2000,5233.4000,5225.8000,5225.0000,5238.6000,5238.8000,5239.8000,5243.2000,5248.6000,1,1,3,5,1,2,1,1,5,1
SF,IC2002,2019-12-31 09:33:22.800,5238.2000,2991,0,44993040.000,0,-,-,-,-,5237.0000,5236.2000,5233.4000,5225.8000,5225.0000,5238.6000,5238.8000,5239.8000,5243.2000,5248.6000,1,1,3,5,1,2,1,1,5,1
SF,IC2002,2019-12-31 09:33:23.800,5238.2000,2991,0,44993040.000,0,-,-,-,-,5237.0000,5236.2000,5233.4000,5225.8000,5225.0000,5238.6000,5238.8000,5239.8000,5243.2000,5248.6000,1,1,3,5,1,1,1,1,5,1
SF,IC2002,2019-12-31 09:33:24.300,5238.2000,2991,0,44993040.000,0,-,-,-,-,5237.0000,5236.2000,5233.4000,5225.8000,5225.0000,5238.6000,5239.8000,5243.2000,5248.6000,5250.0000,1,1,3,5,1,1,1,5,1,1
SF,IC2002,2019-12-31 09:33:24.800,5238.2000,2991,0,44993040.000,0,-,-,-,-,5237.0000,5236.2000,5233.4000,5225.8000,5225.0000,5239.8000,5243.2000,5248.6000,5250.0000,5336.0000,1,1,3,5,1,1,5,1,1,3
SF,IC2002,2019-12-31 09:33:25.300,5238.2000,2991,0,44993040.000,0,-,-,-,-,5237.2000,5237.0000,5236.2000,5233.4000,5225.8000,5239.8000,5243.2000,5248.6000,5250.0000,5336.0000,1,1,1,3,5,1,5,1,1,3
SF,IC2002,2019-12-31 09:33:25.800,5238.2000,2991,0,44993040.000,0,-,-,-,-,5237.2000,5237.0000,5236.2000,5233.4000,5225.8000,5238.4000,5239.4000,5239.6000,5239.8000,5243.2000,1,1,1,3,5,1,1,1,1,5
SF,IC2002,2019-12-31 09:33:26.300,5238.2000,2991,0,44993040.000,0,-,-,-,-,5237.0000,5236.2000,5233.4000,5225.8000,5225.0000,5238.4000,5239.4000,5239.8000,5243.2000,5248.6000,1,1,3,5,1,1,1,1,5,1
SF,IC2002,2019-12-31 09:33:26.800,5238.2000,2991,0,44993040.000,0,-,-,-,-,5237.0000,5236.2000,5233.4000,5225.8000,5225.0000,5238.4000,5239.8000,5243.2000,5248.6000,5250.0000,1,1,3,5,1,1,1,5,1,1
SF,IC2002,2019-12-31 09:33:30.300,5238.4000,2990,-1,46040720.000,1,0,1,双平,S,5237.0000,5236.2000,5233.4000,5225.8000,5225.0000,5239.8000,5243.2000,5248.6000,5250.0000,5336.0000,1,1,3,5,1,1,5,1,1,3
SF,IC2002,2019-12-31 09:33:30.800,5238.4000,2990,0,46040720.000,0,-,-,-,-,5237.2000,5237.0000,5236.2000,5233.4000,5225.8000,5239.8000,5243.2000,5248.6000,5250.0000,5336.0000,2,2,1,3,5,1,5,1,1,3
SF,IC2002,2019-12-31 09:33:31.300,5238.4000,2990,0,46040720.000,0,-,-,-,-,5237.4000,5237.2000,5237.0000,5236.2000,5233.4000,5239.8000,5243.2000,5248.6000,5250.0000,5336.0000,1,2,2,1,3,1,5,1,1,3
SF,IC2002,2019-12-31 09:33:31.800,5238.4000,2990,0,46040720.000,0,-,-,-,-,5237.8000,5237.6000,5237.4000,5237.2000,5237.0000,5239.8000,5243.2000,5248.6000,5250.0000,5336.0000,1,1,1,1,2,1,5,1,1,3
SF,IC2002,2019-12-31 09:33:32.300,5238.4000,2990,0,46040720.000,0,-,-,-,-,5238.0000,5237.8000,5237.2000,5237.0000,5236.2000,5239.8000,5243.2000,5248.6000,5250.0000,5336.0000,1,1,1,2,1,1,5,1,1,3
SF,IC2002,2019-12-31 09:33:32.800,5238.4000,2990,0,46040720.000,0,-,-,-,-,5238.0000,5237.8000,5237.2000,5237.0000,5236.2000,5239.8000,5243.2000,5248.6000,5250.0000,5336.0000,1,1,1,2,1,1,5,1,1,3
SF,IC2002,2019-12-31 09:33:33.300,5238.4000,2990,0,46040720.000,0,-,-,-,-,5238.0000,5237.8000,5237.2000,5237.0000,5236.2000,5239.8000,5243.2000,5248.6000,5250.0000,5336.0000,1,1,1,2,1,1,5,1,1,3
SF,IC2002,2019-12-31 09:33:33.800,5238.4000,2990,0,46040720.000,0,-,-,-,-,5238.0000,5237.8000,5237.2000,5237.0000,5236.2000,5239.8000,5243.2000,5248.6000,5250.0000,5336.0000,1,1,1,2,1,1,5,1,1,3
SF,IC2002,2019-12-31 09:33:34.300,5238.4000,2990,0,46040720.000,0,-,-,-,-,5238.0000,5237.8000,5237.2000,5237.0000,5236.2000,5239.8000,5243.2000,5248.6000,5250.0000,5336.0000,1,1,1,2,1,1,5,1,1,3
SF,IC2002,2019-12-31 09:33:34.800,5238.4000,2990,0,46040720.000,0,-,-,-,-,5238.0000,5237.8000,5237.2000,5237.0000,5236.2000,5239.8000,5243.2000,5248.6000,5250.0000,5336.0000,1,1,1,2,1,1,5,1,1,3
SF,IC2002,2019-12-31 09:33:35.300,5238.4000,2990,0,46040720.000,0,-,-,-,-,5238.2000,5238.0000,5237.8000,5237.0000,5236.2000,5239.8000,5243.2000,5248.6000,5250.0000,5336.0000,1,1,1,2,1,1,5,1,1,3
SF,IC2002,2019-12-31 09:33:35.800,5239.8000,2991,1,47088680.000,1,1,0,双开,S,5238.2000,5237.8000,5237.0000,5236.2000,5233.4000,5243.2000,5248.6000,5250.0000,5336.0000,5555.0000,1,1,2,1,3,5,1,1,3,1
SF,IC2002,2019-12-31 09:33:36.300,5239.8000,2991,0,47088680.000,0,-,-,-,-,5238.4000,5238.2000,5237.8000,5237.0000,5236.2000,5242.8000,5243.0000,5248.6000,5249.0000,5250.0000,2,1,1,2,1,1,2,1,5,1
SF,IC2002,2019-12-31 09:33:36.800,5239.8000,2991,0,47088680.000,0,-,-,-,-,5238.8000,5238.4000,5238.2000,5237.0000,5236.2000,5242.6000,5242.8000,5248.6000,5249.0000,5250.0000,1,2,1,2,1,2,1,1,5,1
SF,IC2002,2019-12-31 09:33:37.300,5239.8000,2991,0,47088680.000,0,-,-,-,-,5239.0000,5238.8000,5238.2000,5237.0000,5236.2000,5242.4000,5242.6000,5242.8000,5248.6000,5249.0000,1,1,1,2,1,1,2,1,1,5
SF,IC2002,2019-12-31 09:33:37.800,5239.8000,2991,0,47088680.000,0,-,-,-,-,5239.2000,5239.0000,5238.8000,5237.0000,5236.2000,5242.2000,5242.4000,5242.8000,5248.6000,5249.0000,1,1,1,2,1,1,1,1,1,5
SF,IC2002,2019-12-31 09:33:38.300,5239.8000,2991,0,47088680.000,0,-,-,-,-,5238.8000,5237.0000,5236.2000,5225.8000,5225.0000,5242.0000,5242.2000,5242.4000,5248.6000,5249.0000,1,2,1,5,1,3,1,1,1,5
SF,IC2002,2019-12-31 09:33:38.800,5239.8000,2991,0,47088680.000,0,-,-,-,-,5238.8000,5237.0000,5236.2000,5225.8000,5225.0000,5242.0000,5242.2000,5242.4000,5248.6000,5249.0000,1,2,1,5,1,1,1,1,1,5
SF,IC2002,2019-12-31 09:33:39.300,5239.8000,2991,0,47088680.000,0,-,-,-,-,5238.8000,5237.0000,5236.2000,5225.8000,5225.0000,5241.8000,5242.0000,5242.4000,5248.6000,5249.0000,1,2,1,5,1,1,1,1,1,5
SF,IC2002,2019-12-31 09:33:39.800,5239.8000,2991,0,47088680.000,0,-,-,-,-,5238.8000,5237.0000,5236.2000,5225.8000,5225.0000,5241.8000,5242.4000,5248.6000,5249.0000,5250.0000,1,2,1,5,1,1,1,1,5,1
SF,IC2002,2019-12-31 09:33:40.300,5239.8000,2991,0,47088680.000,0,-,-,-,-,5238.8000,5237.0000,5236.2000,5225.8000,5225.0000,5241.6000,5241.8000,5242.4000,5248.6000,5249.0000,1,2,1,5,1,2,1,1,1,5
SF,IC2002,2019-12-31 09:33:40.800,5239.8000,2991,0,47088680.000,0,-,-,-,-,5238.8000,5237.0000,5236.2000,5225.8000,5225.0000,5241.6000,5241.8000,5242.4000,5248.6000,5249.0000,1,2,1,5,1,2,1,1,1,5
SF,IC2002,2019-12-31 09:33:41.300,5239.8000,2991,0,47088680.000,0,-,-,-,-,5238.8000,5237.0000,5236.2000,5225.8000,5225.0000,5241.4000,5241.6000,5242.4000,5248.6000,5249.0000,1,2,1,5,1,1,1,1,1,5
SF,IC2002,2019-12-31 09:33:41.800,5239.8000,2991,0,47088680.000,0,-,-,-,-,5238.8000,5237.0000,5236.2000,5225.8000,5225.0000,5241.2000,5241.4000,5242.4000,5248.6000,5249.0000,1,2,1,5,1,1,1,1,1,5
SF,IC2002,2019-12-31 09:33:42.300,5239.8000,2991,0,47088680.000,0,-,-,-,-,5238.8000,5237.0000,5236.2000,5225.8000,5225.0000,5241.0000,5241.2000,5241.4000,5242.4000,5248.6000,1,2,1,5,1,1,1,1,1,1
SF,IC2002,2019-12-31 09:33:42.800,5239.8000,2991,0,47088680.000,0,-,-,-,-,5238.8000,5237.0000,5236.2000,5225.8000,5225.0000,5240.8000,5241.0000,5241.4000,5242.4000,5248.6000,1,2,1,5,1,1,1,1,1,1
SF,IC2002,2019-12-31 09:33:43.300,5239.8000,2991,0,47088680.000,0,-,-,-,-,5238.8000,5237.0000,5236.2000,5225.8000,5225.0000,5240.8000,5241.4000,5242.4000,5248.6000,5249.0000,1,2,1,5,1,1,1,1,1,5
SF,IC2002,2019-12-31 09:33:43.800,5239.8000,2991,0,47088680.000,0,-,-,-,-,5238.8000,5237.0000,5236.2000,5225.8000,5225.0000,5240.8000,5241.4000,5242.4000,5248.6000,5249.0000,1,2,1,5,1,1,1,1,1,5
SF,IC2002,2019-12-31 09:33:44.300,5239.8000,2991,0,47088680.000,0,-,-,-,-,5238.8000,5237.0000,5236.2000,5225.8000,5225.0000,5240.8000,5241.4000,5242.4000,5248.6000,5249.0000,1,2,1,5,1,1,1,1,1,5
SF,IC2002,2019-12-31 09:33:44.800,5238.8000,2991,0,48136440.000,1,0,1,多换,S,5237.0000,5236.2000,5225.8000,5225.0000,5222.0000,5240.8000,5241.4000,5248.6000,5249.0000,5250.0000,2,1,5,1,1,1,1,1,5,1
SF,IC2002,2019-12-31 09:33:45.300,5238.8000,2991,0,48136440.000,0,-,-,-,-,5237.4000,5237.2000,5237.0000,5236.2000,5225.8000,5240.6000,5240.8000,5248.6000,5249.0000,5250.0000,1,2,2,1,5,2,1,1,5,1
SF,IC2002,2019-12-31 09:33:45.800,5238.8000,2991,0,48136440.000,0,-,-,-,-,5237.4000,5237.2000,5237.0000,5236.2000,5225.8000,5240.4000,5240.6000,5240.8000,5248.6000,5249.0000,1,1,2,1,5,2,2,1,1,5
SF,IC2002,2019-12-31 09:33:46.300,5238.8000,2991,0,48136440.000,0,-,-,-,-,5237.4000,5237.2000,5237.0000,5236.2000,5225.8000,5240.4000,5240.6000,5248.6000,5249.0000,5250.0000,1,1,2,1,5,2,1,1,5,1
SF,IC2002,2019-12-31 09:33:46.800,5238.8000,2991,0,48136440.000,0,-,-,-,-,5237.6000,5237.4000,5237.0000,5236.2000,5225.8000,5240.2000,5240.4000,5248.6000,5249.0000,5250.0000,2,1,2,1,5,1,1,1,5,1
SF,IC2002,2019-12-31 09:33:47.300,5238.8000,2991,0,48136440.000,0,-,-,-,-,5237.6000,5237.4000,5237.0000,5236.2000,5225.8000,5240.0000,5240.2000,5240.4000,5248.6000,5249.0000,1,1,2,1,5,1,1,1,1,5
SF,IC2002,2019-12-31 09:33:47.800,5238.8000,2991,0,48136440.000,0,-,-,-,-,5237.0000,5236.2000,5225.8000,5225.0000,5222.0000,5239.8000,5240.0000,5240.4000,5248.6000,5249.0000,2,1,5,1,1,2,1,1,1,5
SF,IC2002,2019-12-31 09:33:48.300,5238.8000,2991,0,48136440.000,0,-,-,-,-,5237.2000,5237.0000,5236.2000,5225.8000,5225.0000,5239.6000,5239.8000,5240.0000,5240.4000,5248.6000,1,2,1,5,1,2,2,1,1,1
SF,IC2002,2019-12-31 09:33:48.800,5238.8000,2991,0,48136440.000,0,-,-,-,-,5237.0000,5236.2000,5225.8000,5225.0000,5222.0000,5239.4000,5239.6000,5239.8000,5240.0000,5248.6000,2,1,5,1,1,2,2,1,1,1
SF,IC2002,2019-12-31 09:33:49.300,5238.8000,2991,0,48136440.000,0,-,-,-,-,5237.0000,5236.2000,5225.8000,5225.0000,5222.0000,5239.2000,5239.4000,5239.6000,5239.8000,5240.0000,2,1,5,1,1,2,2,2,1,1
SF,IC2002,2019-12-31 09:33:49.800,5238.8000,2991,0,48136440.000,0,-,-,-,-,5237.0000,5236.2000,5225.8000,5225.0000,5222.0000,5238.8000,5239.0000,5239.2000,5239.4000,5239.6000,2,1,5,1,1,1,2,2,1,2
SF,IC2002,2019-12-31 09:33:50.300,5238.8000,2991,0,48136440.000,0,-,-,-,-,5237.0000,5236.2000,5225.8000,5225.0000,5222.0000,5238.6000,5238.8000,5239.0000,5239.2000,5239.4000,2,1,5,1,1,1,1,1,2,1
SF,IC2002,2019-12-31 09:33:50.800,5238.8000,2991,0,48136440.000,0,-,-,-,-,5237.2000,5237.0000,5236.2000,5225.8000,5225.0000,5238.6000,5239.2000,5239.6000,5248.6000,5249.0000,1,2,1,5,1,1,2,2,1,5
SF,IC2002,2019-12-31 09:33:51.300,5238.8000,2991,0,48136440.000,0,-,-,-,-,5237.0000,5236.2000,5225.8000,5225.0000,5222.0000,5238.6000,5239.2000,5248.6000,5249.0000,5250.0000,2,1,5,1,1,1,2,1,5,1
SF,IC2002,2019-12-31 09:33:51.800,5238.8000,2991,0,48136440.000,0,-,-,-,-,5237.0000,5236.2000,5225.8000,5225.0000,5222.0000,5238.6000,5248.6000,5249.0000,5250.0000,5336.0000,2,1,5,1,1,1,1,5,1,3
SF,IC2002,2019-12-31 09:33:52.300,5238.8000,2991,0,48136440.000,0,-,-,-,-,5237.0000,5236.2000,5225.8000,5225.0000,5222.0000,5248.6000,5249.0000,5250.0000,5336.0000,5555.0000,2,1,5,1,1,1,5,1,3,1
SF,IC2002,2019-12-31 09:33:52.800,5238.8000,2991,0,48136440.000,0,-,-,-,-,5237.0000,5236.2000,5225.8000,5225.0000,5222.0000,5240.2000,5241.6000,5243.4000,5244.8000,5247.2000,2,1,5,1,1,1,1,1,1,2
SF,IC2002,2019-12-31 09:33:53.300,5238.8000,2991,0,48136440.000,0,-,-,-,-,5237.0000,5236.2000,5225.8000,5225.0000,5222.0000,5239.8000,5240.0000,5241.6000,5244.8000,5248.2000,2,1,5,1,1,1,2,1,1,2
SF,IC2002,2019-12-31 09:33:53.800,5238.8000,2991,0,48136440.000,0,-,-,-,-,5237.0000,5236.2000,5225.8000,5225.0000,5222.0000,5239.6000,5239.8000,5241.6000,5244.8000,5248.2000,2,1,5,1,1,2,1,1,1,2
SF,IC2002,2019-12-31 09:33:54.300,5238.8000,2991,0,48136440.000,0,-,-,-,-,5237.0000,5236.2000,5225.8000,5225.0000,5222.0000,5239.4000,5239.6000,5239.8000,5241.6000,5244.8000,2,1,5,1,1,1,3,1,1,1
SF,IC2002,2019-12-31 09:33:54.800,5238.8000,2991,0,48136440.000,0,-,-,-,-,5237.0000,5236.2000,5225.8000,5225.0000,5222.0000,5239.2000,5239.4000,5239.6000,5239.8000,5241.6000,2,1,5,1,1,1,1,2,1,1
SF,IC2002,2019-12-31 09:33:55.300,5238.8000,2991,0,48136440.000,0,-,-,-,-,5237.0000,5236.2000,5225.8000,5225.0000,5222.0000,5239.2000,5239.4000,5239.6000,5239.8000,5241.6000,2,1,5,1,1,1,1,2,1,1
SF,IC2002,2019-12-31 09:33:55.800,5238.8000,2991,0,48136440.000,0,-,-,-,-,5237.0000,5236.2000,5225.8000,5225.0000,5222.0000,5239.0000,5239.2000,5239.4000,5239.6000,5239.8000,2,1,5,1,1,1,1,1,1,1
SF,IC2002,2019-12-31 09:33:56.300,5238.8000,2991,0,48136440.000,0,-,-,-,-,5237.0000,5236.2000,5225.8000,5225.0000,5222.0000,5238.8000,5239.0000,5239.2000,5239.4000,5239.6000,2,1,5,1,1,1,1,1,1,1
SF,IC2002,2019-12-31 09:33:56.800,5238.8000,2991,0,48136440.000,0,-,-,-,-,5237.0000,5236.2000,5225.8000,5225.0000,5222.0000,5238.8000,5239.0000,5239.2000,5239.4000,5239.6000,3,1,5,1,1,1,1,1,1,1
SF,IC2002,2019-12-31 09:33:57.300,5238.8000,2991,0,48136440.000,0,-,-,-,-,5237.0000,5236.2000,5225.8000,5225.0000,5222.0000,5238.8000,5239.0000,5239.2000,5239.4000,5239.6000,3,1,5,1,1,1,1,1,1,1
SF,IC2002,2019-12-31 09:33:57.800,5238.8000,2991,0,48136440.000,0,-,-,-,-,5238.0000,5237.2000,5237.0000,5225.8000,5225.0000,5238.8000,5239.0000,5239.2000,5239.6000,5239.8000,1,1,3,5,1,1,1,1,1,1
SF,IC2002,2019-12-31 09:33:58.300,5238.0000,2991,0,49184040.000,1,0,1,多换,S,5237.0000,5225.8000,5225.0000,5222.0000,5220.8000,5238.8000,5239.0000,5239.2000,5239.6000,5239.8000,3,5,1,1,2,1,1,1,1,1
SF,IC2002,2019-12-31 09:33:58.800,5238.0000,2991,0,49184040.000,0,-,-,-,-,5237.0000,5225.8000,5225.0000,5222.0000,5220.8000,5238.8000,5239.0000,5239.2000,5239.6000,5239.8000,3,5,1,1,2,1,1,1,1,1
SF,IC2002,2019-12-31 09:33:59.300,5238.0000,2991,0,49184040.000,0,-,-,-,-,5237.0000,5225.8000,5225.0000,5222.0000,5220.8000,5238.8000,5239.0000,5239.2000,5239.6000,5239.8000,3,5,1,1,2,1,1,1,1,1
SF,IC2002,2019-12-31 09:33:59.800,5238.0000,2991,0,49184040.000,0,-,-,-,-,5237.0000,5225.8000,5225.0000,5222.0000,5220.8000,5238.6000,5238.8000,5239.2000,5239.6000,5239.8000,3,5,1,1,2,1,1,1,1,1
SF,IC2002,2019-12-31 09:34:00.300,5238.0000,2991,0,49184040.000,0,-,-,-,-,5237.0000,5225.8000,5225.0000,5222.0000,5220.8000,5238.6000,5238.8000,5239.2000,5239.6000,5239.8000,3,5,1,1,2,1,1,1,1,1
SF,IC2002,2019-12-31 09:34:00.800,5238.0000,2991,0,49184040.000,0,-,-,-,-,5237.0000,5225.8000,5225.0000,5222.0000,5220.8000,5238.6000,5238.8000,5239.2000,5239.6000,5239.8000,3,5,1,1,2,1,1,1,1,1
SF,IC2002,2019-12-31 09:34:01.300,5238.0000,2991,0,49184040.000,0,-,-,-,-,5237.0000,5225.8000,5225.0000,5222.0000,5220.8000,5238.6000,5238.8000,5239.2000,5239.6000,5239.8000,3,5,1,1,2,1,1,1,1,1
SF,IC2002,2019-12-31 09:34:01.800,5238.0000,2991,0,49184040.000,0,-,-,-,-,5237.0000,5225.8000,5225.0000,5222.0000,5220.8000,5238.6000,5238.8000,5239.2000,5239.6000,5239.8000,3,5,1,1,2,1,1,1,1,1
SF,IC2002,2019-12-31 09:34:02.300,5237.0000,2991,0,52326240.000,3,1,2,多换,S,5225.8000,5225.0000,5222.0000,5220.8000,5220.2000,5238.2000,5238.4000,5238.6000,5238.8000,5239.2000,5,1,1,2,2,1,1,1,1,1
SF,IC2002,2019-12-31 09:34:02.800,5237.0000,2991,0,52326240.000,0,-,-,-,-,5233.2000,5232.6000,5231.6000,5229.2000,5227.6000,5238.0000,5238.2000,5238.4000,5238.8000,5239.2000,1,1,2,1,2,3,1,1,1,1
SF,IC2002,2019-12-31 09:34:03.300,5237.0000,2991,0,52326240.000,0,-,-,-,-,5233.6000,5233.4000,5233.2000,5232.6000,5231.6000,5237.8000,5238.0000,5238.2000,5238.4000,5238.8000,1,2,1,1,2,1,3,1,1,1
SF,IC2002,2019-12-31 09:34:03.800,5237.0000,2991,0,52326240.000,0,-,-,-,-,5233.8000,5233.6000,5233.2000,5232.6000,5231.6000,5237.6000,5238.0000,5238.2000,5238.4000,5239.2000,2,1,1,1,2,1,3,1,1,1
SF,IC2002,2019-12-31 09:34:04.300,5237.0000,2991,0,52326240.000,0,-,-,-,-,5234.2000,5233.8000,5233.6000,5233.2000,5232.6000,5237.6000,5238.0000,5238.2000,5238.4000,5239.2000,1,2,1,1,1,1,3,1,1,1
SF,IC2002,2019-12-31 09:34:04.800,5237.0000,2991,0,52326240.000,0,-,-,-,-,5234.4000,5234.2000,5233.6000,5233.2000,5232.6000,5237.6000,5238.0000,5238.2000,5241.6000,5248.6000,2,1,1,1,1,1,3,1,1,1
SF,IC2002,2019-12-31 09:34:05.300,5237.0000,2991,0,52326240.000,0,-,-,-,-,5234.8000,5234.4000,5234.2000,5233.6000,5233.2000,5237.6000,5238.0000,5238.2000,5241.6000,5248.6000,1,2,1,1,1,1,2,1,1,1
SF,IC2002,2019-12-31 09:34:05.800,5237.0000,2991,0,52326240.000,0,-,-,-,-,5235.0000,5234.8000,5234.2000,5233.6000,5233.2000,5237.6000,5238.2000,5241.6000,5248.6000,5249.0000,2,1,1,1,1,1,1,1,1,5
SF,IC2002,2019-12-31 09:34:06.300,5235.0000,2991,0,53373240.000,1,0,1,多换,S,5235.0000,5234.8000,5234.2000,5233.6000,5233.2000,5237.6000,5238.2000,5241.6000,5248.6000,5249.0000,1,1,1,1,1,1,1,1,1,5
SF,IC2002,2019-12-31 09:34:06.800,5235.0000,2991,0,54420240.000,1,0,1,多换,S,5234.8000,5234.2000,5233.6000,5233.2000,5232.6000,5237.4000,5237.6000,5238.2000,5241.6000,5248.6000,1,1,1,1,1,1,1,1,1,1
SF,IC2002,2019-12-31 09:34:07.300,5235.0000,2991,0,54420240.000,0,-,-,-,-,5234.2000,5233.6000,5232.6000,5231.6000,5226.2000,5237.2000,5237.4000,5237.6000,5238.2000,5241.6000,1,1,1,2,1,1,1,1,1,1
SF,IC2002,2019-12-31 09:34:07.800,5235.0000,2991,0,54420240.000,0,-,-,-,-,5234.2000,5233.6000,5232.6000,5231.6000,5226.2000,5237.0000,5237.2000,5237.6000,5238.2000,5241.6000,1,1,1,2,1,1,1,1,1,1
SF,IC2002,2019-12-31 09:34:08.300,5235.0000,2991,0,54420240.000,0,-,-,-,-,5234.2000,5233.6000,5232.6000,5231.6000,5226.2000,5236.8000,5237.0000,5237.2000,5237.6000,5238.2000,1,1,1,2,1,1,1,1,1,1
SF,IC2002,2019-12-31 09:34:08.800,5235.0000,2991,0,54420240.000,0,-,-,-,-,5234.2000,5233.6000,5232.6000,5231.6000,5226.2000,5236.6000,5236.8000,5237.2000,5237.6000,5238.2000,1,1,1,2,1,1,1,1,1,1
SF,IC2002,2019-12-31 09:34:09.300,5235.0000,2991,0,54420240.000,0,-,-,-,-,5234.2000,5233.6000,5232.6000,5231.6000,5226.2000,5236.6000,5236.8000,5237.6000,5238.2000,5241.6000,1,1,1,2,1,1,1,1,1,1
SF,IC2002,2019-12-31 09:34:09.800,5235.0000,2991,0,54420240.000,0,-,-,-,-,5234.2000,5233.6000,5232.6000,5231.6000,5226.2000,5236.4000,5236.6000,5236.8000,5237.6000,5238.2000,1,1,1,2,1,1,1,1,1,1
SF,IC2002,2019-12-31 09:34:10.300,5235.0000,2991,0,54420240.000,0,-,-,-,-,5234.2000,5233.6000,5232.6000,5231.6000,5226.2000,5236.4000,5236.6000,5236.8000,5237.6000,5238.2000,1,1,1,2,1,1,1,1,1,1
SF,IC2002,2019-12-31 09:34:10.800,5235.0000,2991,0,54420240.000,0,-,-,-,-,5234.2000,5233.6000,5232.6000,5231.6000,5226.2000,5236.2000,5236.4000,5236.8000,5237.6000,5238.2000,1,1,1,2,1,1,1,1,1,1
SF,IC2002,2019-12-31 09:34:11.300,5235.0000,2991,0,54420240.000,0,-,-,-,-,5234.2000,5233.6000,5232.6000,5231.6000,5226.2000,5236.0000,5236.2000,5236.4000,5236.8000,5237.6000,1,1,1,2,1,1,1,1,1,1
SF,IC2002,2019-12-31 09:34:11.800,5235.0000,2991,0,54420240.000,0,-,-,-,-,5234.2000,5233.6000,5232.6000,5231.6000,5226.2000,5236.0000,5236.2000,5236.4000,5236.8000,5237.6000,1,1,1,2,1,1,1,1,1,1
SF,IC2002,2019-12-31 09:34:18.300,5235.0000,2991,0,54420240.000,0,-,-,-,-,5234.2000,5233.6000,5232.6000,5231.6000,5226.2000,5236.0000,5236.2000,5236.4000,5236.8000,5237.6000,1,1,1,2,1,1,1,1,1,1
SF,IC2002,2019-12-31 09:34:28.300,5236.0000,2991,0,55467440.000,1,0,1,多换,S,5234.2000,5233.6000,5232.6000,5231.6000,5226.2000,5236.2000,5236.4000,5236.8000,5237.6000,5238.2000,1,1,1,2,1,1,1,1,1,1
SF,IC2002,2019-12-31 09:34:28.800,5236.0000,2991,0,55467440.000,0,-,-,-,-,5234.2000,5233.6000,5232.6000,5231.6000,5226.2000,5236.0000,5236.2000,5236.8000,5237.6000,5238.2000,1,1,1,2,1,1,1,1,1,1
SF,IC2002,2019-12-31 09:34:29.300,5236.0000,2991,0,55467440.000,0,-,-,-,-,5234.2000,5233.6000,5232.6000,5231.6000,5226.2000,5236.0000,5236.2000,5237.6000,5238.2000,5240.0000,1,1,1,2,1,1,1,1,1,1
SF,IC2002,2019-12-31 09:34:29.800,5236.0000,2991,0,55467440.000,0,-,-,-,-,5234.2000,5233.6000,5232.6000,5231.6000,5226.2000,5236.0000,5236.2000,5238.2000,5240.0000,5241.6000,1,1,1,2,1,1,1,1,1,1
SF,IC2002,2019-12-31 09:34:30.300,5236.0000,2991,0,55467440.000,0,-,-,-,-,5234.2000,5233.6000,5232.6000,5231.6000,5226.2000,5236.2000,5238.2000,5240.0000,5241.6000,5248.6000,1,1,1,2,1,1,1,1,1,1
SF,IC2002,2019-12-31 09:34:35.300,5234.2000,2990,-1,56514280.000,1,0,1,双平,S,5233.6000,5232.6000,5231.6000,5226.2000,5226.0000,5234.0000,5236.2000,5238.2000,5240.0000,5241.6000,1,1,2,1,1,3,1,1,1,1
SF,IC2002,2019-12-31 09:34:35.800,5234.0000,2989,-1,59654680.000,3,1,2,多平,S,5235.0000,5233.6000,5232.6000,5231.6000,5226.2000,5238.2000,5240.0000,5241.6000,5248.6000,5249.0000,1,1,1,2,1,1,1,1,1,5
SF,IC2002,2019-12-31 09:34:36.300,5234.0000,2989,0,59654680.000,0,-,-,-,-,5235.0000,5233.6000,5232.6000,5231.6000,5231.0000,5237.8000,5238.0000,5238.2000,5240.0000,5241.6000,1,1,1,2,1,1,3,1,1,1
SF,IC2002,2019-12-31 09:34:36.800,5234.0000,2989,0,59654680.000,0,-,-,-,-,5235.0000,5233.6000,5232.6000,5231.6000,5231.0000,5237.4000,5237.6000,5237.8000,5238.0000,5238.2000,1,1,1,2,1,1,1,1,1,1
SF,IC2002,2019-12-31 09:34:37.300,5234.0000,2989,0,59654680.000,0,-,-,-,-,5235.0000,5233.6000,5232.6000,5231.6000,5231.0000,5237.0000,5237.2000,5237.4000,5237.8000,5238.0000,1,1,1,2,1,1,2,1,1,1
SF,IC2002,2019-12-31 09:34:37.800,5234.0000,2989,0,59654680.000,0,-,-,-,-,5235.0000,5233.6000,5232.6000,5231.6000,5231.0000,5236.8000,5237.0000,5237.2000,5237.4000,5237.8000,1,1,1,2,1,1,1,1,1,1
SF,IC2002,2019-12-31 09:34:38.300,5234.0000,2989,0,59654680.000,0,-,-,-,-,5235.0000,5233.6000,5232.6000,5231.6000,5231.0000,5236.6000,5236.8000,5237.0000,5237.2000,5237.4000,1,1,1,2,1,1,1,1,1,1
SF,IC2002,2019-12-31 09:34:38.800,5234.0000,2989,0,59654680.000,0,-,-,-,-,5235.0000,5233.6000,5232.6000,5231.6000,5231.0000,5236.6000,5237.8000,5238.2000,5240.0000,5241.6000,1,1,1,2,1,1,1,1,1,1
SF,IC2002,2019-12-31 09:34:39.300,5234.0000,2989,0,59654680.000,0,-,-,-,-,5235.4000,5235.0000,5233.6000,5232.6000,5231.6000,5236.6000,5237.8000,5238.2000,5240.0000,5241.6000,1,2,1,1,2,1,1,1,1,1
SF,IC2002,2019-12-31 09:34:39.800,5234.0000,2989,0,59654680.000,0,-,-,-,-,5235.6000,5235.4000,5235.0000,5233.6000,5232.6000,5240.0000,5241.6000,5248.6000,5249.0000,5250.0000,1,1,2,1,1,1,1,1,5,1
SF,IC2002,2019-12-31 09:34:40.300,5234.0000,2989,0,59654680.000,0,-,-,-,-,5236.0000,5235.6000,5235.4000,5235.0000,5233.6000,5239.6000,5239.8000,5240.0000,5241.6000,5248.6000,1,1,1,2,1,1,3,1,1,1
SF,IC2002,2019-12-31 09:34:40.800,5234.0000,2989,0,59654680.000,0,-,-,-,-,5236.2000,5236.0000,5235.4000,5235.0000,5233.6000,5239.2000,5239.4000,5239.6000,5239.8000,5240.0000,1,1,1,2,1,1,1,1,1,1
SF,IC2002,2019-12-31 09:34:41.300,5234.0000,2989,0,59654680.000,0,-,-,-,-,5236.2000,5236.0000,5235.4000,5235.0000,5233.6000,5239.0000,5239.2000,5239.6000,5239.8000,5240.0000,1,1,1,2,1,3,1,1,1,1
SF,IC2002,2019-12-31 09:34:41.800,5234.0000,2989,0,59654680.000,0,-,-,-,-,5236.2000,5236.0000,5235.4000,5235.0000,5233.6000,5238.6000,5239.0000,5239.2000,5239.6000,5239.8000,1,1,1,2,1,1,3,1,1,1
SF,IC2002,2019-12-31 09:34:42.300,5234.0000,2989,0,59654680.000,0,-,-,-,-,5236.2000,5236.0000,5235.4000,5235.0000,5233.6000,5238.4000,5238.6000,5239.0000,5239.2000,5239.6000,1,1,1,2,1,2,1,2,1,1
SF,IC2002,2019-12-31 09:34:42.800,5234.0000,2989,0,59654680.000,0,-,-,-,-,5236.2000,5236.0000,5235.4000,5235.0000,5233.6000,5238.4000,5238.6000,5239.0000,5239.2000,5239.6000,1,1,1,1,1,2,1,1,1,1
SF,IC2002,2019-12-31 09:34:43.300,5234.0000,2989,0,59654680.000,0,-,-,-,-,5236.2000,5236.0000,5235.4000,5235.0000,5233.6000,5238.4000,5238.6000,5239.0000,5239.2000,5239.6000,1,1,1,1,1,1,1,1,1,1
SF,IC2002,2019-12-31 09:34:43.800,5236.2000,2988,-1,60701920.000,1,0,1,双平,S,5236.0000,5235.4000,5235.0000,5234.4000,5233.6000,5238.0000,5238.2000,5238.4000,5238.6000,5239.0000,1,1,1,1,1,1,1,1,1,1
SF,IC2002,2019-12-31 09:34:44.300,5236.2000,2988,0,60701920.000,0,-,-,-,-,5235.4000,5235.0000,5234.4000,5233.6000,5232.6000,5237.8000,5238.0000,5238.2000,5238.6000,5239.0000,1,1,1,1,1,1,1,1,1,1
SF,IC2002,2019-12-31 09:34:44.800,5236.2000,2988,0,60701920.000,0,-,-,-,-,5235.4000,5234.4000,5233.6000,5232.6000,5231.6000,5237.4000,5237.6000,5237.8000,5238.0000,5238.2000,1,1,1,1,2,1,1,1,1,1
SF,IC2002,2019-12-31 09:34:45.300,5237.2000,2989,1,61749360.000,1,1,0,双开,S,5235.4000,5233.6000,5232.6000,5231.6000,5231.0000,5237.2000,5237.4000,5237.6000,5238.0000,5238.2000,1,1,1,2,1,1,1,1,1,1
SF,IC2002,2019-12-31 09:34:45.800,5237.2000,2989,0,61749360.000,0,-,-,-,-,5233.6000,5233.0000,5232.6000,5231.6000,5231.0000,5237.0000,5237.2000,5237.4000,5237.6000,5238.0000,1,1,1,2,1,1,1,1,1,1
SF,IC2002,2019-12-31 09:34:46.300,5237.2000,2989,0,61749360.000,0,-,-,-,-,5233.8000,5233.6000,5233.0000,5232.6000,5231.6000,5237.0000,5237.4000,5237.6000,5238.0000,5239.0000,1,1,1,1,2,1,1,1,1,1
SF,IC2002,2019-12-31 09:34:46.800,5237.2000,2989,0,61749360.000,0,-,-,-,-,5234.2000,5233.8000,5233.6000,5233.0000,5232.6000,5237.0000,5237.4000,5238.0000,5239.0000,5239.6000,1,1,1,1,1,1,1,1,1,1
SF,IC2002,2019-12-31 09:34:47.300,5237.2000,2989,0,61749360.000,0,-,-,-,-,5234.2000,5233.8000,5233.6000,5233.0000,5232.6000,5237.4000,5238.0000,5239.0000,5239.6000,5240.0000,1,1,1,1,1,1,1,1,1,1
SF,IC2002,2019-12-31 09:34:47.800,5237.2000,2989,0,61749360.000,0,-,-,-,-,5234.2000,5233.8000,5233.6000,5233.0000,5232.6000,5237.2000,5237.4000,5238.0000,5239.0000,5239.6000,1,1,1,1,1,2,1,1,1,1
SF,IC2002,2019-12-31 09:34:48.300,5237.2000,2989,0,61749360.000,0,-,-,-,-,5234.2000,5233.6000,5233.0000,5232.6000,5231.6000,5237.2000,5237.4000,5238.0000,5239.0000,5239.6000,1,1,1,1,2,2,1,1,1,1
SF,IC2002,2019-12-31 09:34:48.800,5237.2000,2989,0,61749360.000,0,-,-,-,-,5234.2000,5233.6000,5233.0000,5232.6000,5231.6000,5237.2000,5238.0000,5239.0000,5239.6000,5240.0000,1,1,1,1,2,1,1,1,1,1
SF,IC2002,2019-12-31 09:34:49.800,5234.2000,2989,0,62796200.000,1,0,1,多换,S,5233.6000,5233.0000,5232.6000,5231.6000,5231.0000,5237.2000,5238.0000,5239.0000,5239.6000,5240.0000,1,1,1,2,1,1,1,1,1,1
SF,IC2002,2019-12-31 09:34:50.300,5234.2000,2989,0,62796200.000,0,-,-,-,-,5234.0000,5233.6000,5233.0000,5232.6000,5231.6000,5237.2000,5238.0000,5239.0000,5239.6000,5240.0000,1,1,1,1,2,1,1,1,1,1
SF,IC2002,2019-12-31 09:34:50.800,5234.2000,2989,0,62796200.000,0,-,-,-,-,5234.4000,5234.0000,5233.6000,5233.0000,5232.6000,5237.2000,5238.0000,5239.0000,5239.6000,5240.0000,1,1,1,1,1,1,1,1,1,1
SF,IC2002,2019-12-31 09:34:51.800,5234.2000,2989,0,62796200.000,0,-,-,-,-,5234.6000,5234.4000,5234.0000,5233.6000,5233.0000,5237.0000,5237.2000,5238.0000,5239.0000,5239.6000,1,1,1,1,1,1,1,1,1,1
SF,IC2002,2019-12-31 09:34:52.300,5234.2000,2989,0,62796200.000,0,-,-,-,-,5234.6000,5234.4000,5234.0000,5233.6000,5233.0000,5236.8000,5237.0000,5238.0000,5239.0000,5239.6000,1,1,1,1,1,1,1,1,1,1
SF,IC2002,2019-12-31 09:34:53.800,5234.2000,2989,0,62796200.000,0,-,-,-,-,5235.0000,5234.6000,5234.4000,5234.0000,5233.6000,5236.8000,5238.0000,5239.0000,5239.6000,5240.0000,1,1,1,1,1,1,1,1,1,1
SF,IC2002,2019-12-31 09:34:54.300,5234.2000,2989,0,62796200.000,0,-,-,-,-,5235.0000,5234.6000,5234.4000,5233.6000,5233.0000,5236.6000,5236.8000,5238.0000,5239.0000,5239.6000,1,1,1,1,1,1,1,1,1,1
SF,IC2002,2019-12-31 09:34:54.800,5234.2000,2989,0,62796200.000,0,-,-,-,-,5235.0000,5234.6000,5234.4000,5233.6000,5232.6000,5236.6000,5236.8000,5238.0000,5239.0000,5239.6000,1,1,1,1,1,1,1,1,1,1
SF,IC2002,2019-12-31 09:34:55.300,5234.2000,2989,0,62796200.000,0,-,-,-,-,5235.0000,5234.6000,5234.4000,5233.6000,5232.6000,5236.8000,5238.0000,5239.0000,5239.6000,5240.0000,1,1,1,1,1,1,1,1,1,1
SF,IC2002,2019-12-31 09:34:55.800,5234.2000,2989,0,62796200.000,0,-,-,-,-,5235.0000,5234.6000,5234.4000,5233.6000,5232.6000,5236.6000,5236.8000,5238.0000,5239.0000,5239.6000,1,1,1,1,1,1,1,1,1,1
SF,IC2002,2019-12-31 09:34:57.300,5234.2000,2989,0,62796200.000,0,-,-,-,-,5234.4000,5233.6000,5232.6000,5231.6000,5231.0000,5236.6000,5236.8000,5238.0000,5239.0000,5239.6000,1,1,1,2,1,1,1,1,1,1
SF,IC2002,2019-12-31 09:34:57.800,5234.2000,2989,0,62796200.000,0,-,-,-,-,5234.4000,5233.6000,5232.6000,5231.6000,5231.0000,5236.4000,5236.6000,5238.0000,5239.0000,5239.6000,1,1,1,2,1,1,1,1,1,1
SF,IC2002,2019-12-31 09:34:58.300,5234.2000,2989,0,62796200.000,0,-,-,-,-,5234.4000,5233.6000,5232.6000,5231.6000,5231.0000,5236.2000,5236.4000,5236.6000,5238.0000,5239.0000,1,1,1,2,1,1,1,1,1,1
SF,IC2002,2019-12-31 09:34:58.800,5234.2000,2989,0,62796200.000,0,-,-,-,-,5233.6000,5232.6000,5231.6000,5231.0000,5226.2000,5236.0000,5236.2000,5236.6000,5238.0000,5239.0000,1,1,2,1,1,1,1,1,1,1
SF,IC2002,2019-12-31 09:34:59.300,5234.2000,2989,0,62796200.000,0,-,-,-,-,5233.6000,5232.6000,5231.6000,5231.0000,5226.2000,5235.8000,5236.0000,5236.2000,5236.6000,5238.0000,1,1,2,1,1,1,1,1,1,1
SF,IC2002,2019-12-31 09:35:01.300,5234.2000,2989,0,62796200.000,0,-,-,-,-,5234.0000,5233.6000,5232.6000,5231.6000,5231.0000,5235.8000,5236.0000,5236.2000,5236.6000,5238.0000,1,1,1,2,1,1,1,1,1,1
SF,IC2002,2019-12-31 09:35:01.800,5234.2000,2989,0,62796200.000,0,-,-,-,-,5234.4000,5234.0000,5233.6000,5232.6000,5231.6000,5235.8000,5238.0000,5239.0000,5239.6000,5240.0000,1,1,1,1,2,1,1,1,1,1
SF,IC2002,2019-12-31 09:35:02.300,5234.2000,2989,0,62796200.000,0,-,-,-,-,5234.4000,5234.0000,5233.6000,5232.6000,5231.6000,5238.0000,5239.0000,5239.6000,5240.0000,5241.6000,1,1,1,1,2,1,1,1,1,1
SF,IC2002,2019-12-31 09:35:02.800,5234.2000,2989,0,62796200.000,0,-,-,-,-,5234.4000,5234.0000,5233.6000,5232.6000,5231.6000,5237.6000,5237.8000,5238.0000,5239.0000,5240.0000,1,1,1,1,2,1,2,1,1,1
SF,IC2002,2019-12-31 09:35:03.300,5234.2000,2989,0,62796200.000,0,-,-,-,-,5234.4000,5234.0000,5233.6000,5232.6000,5231.6000,5237.2000,5237.4000,5237.6000,5237.8000,5238.0000,1,1,1,1,2,1,1,1,1,1
SF,IC2002,2019-12-31 09:35:03.800,5234.2000,2989,0,62796200.000,0,-,-,-,-,5234.6000,5234.4000,5234.0000,5233.6000,5233.0000,5238.0000,5239.0000,5240.0000,5241.6000,5248.6000,1,1,1,1,2,1,1,1,1,1
SF,IC2002,2019-12-31 09:35:04.300,5234.2000,2989,0,62796200.000,0,-,-,-,-,5235.0000,5234.8000,5234.6000,5234.4000,5233.6000,5240.0000,5248.6000,5249.0000,5250.0000,5336.0000,3,1,1,1,1,1,1,5,1,3
SF,IC2002,2019-12-31 09:35:04.800,5234.2000,2989,0,62796200.000,0,-,-,-,-,5235.8000,5235.2000,5235.0000,5234.8000,5234.4000,5239.8000,5240.0000,5248.6000,5249.0000,5250.0000,1,1,3,1,1,2,1,1,5,1
SF,IC2002,2019-12-31 09:35:05.300,5234.2000,2989,0,62796200.000,0,-,-,-,-,5236.4000,5236.2000,5236.0000,5235.8000,5235.0000,5239.8000,5240.0000,5248.6000,5249.0000,5250.0000,1,1,3,1,3,1,1,1,5,1
SF,IC2002,2019-12-31 09:35:05.800,5234.2000,2989,0,62796200.000,0,-,-,-,-,5236.8000,5236.6000,5236.4000,5236.2000,5236.0000,5240.0000,5248.6000,5249.0000,5250.0000,5336.0000,1,1,1,1,2,1,1,5,1,3
SF,IC2002,2019-12-31 09:35:06.300,5234.2000,2989,0,62796200.000,0,-,-,-,-,5237.2000,5237.0000,5236.8000,5236.4000,5236.2000,5240.0000,5248.6000,5249.0000,5250.0000,5336.0000,1,1,1,1,1,1,1,5,1,3
SF,IC2002,2019-12-31 09:35:06.800,5234.2000,2989,0,62796200.000,0,-,-,-,-,5237.6000,5237.2000,5236.8000,5236.2000,5235.0000,5239.6000,5239.8000,5240.0000,5248.6000,5249.0000,1,1,1,1,3,2,2,1,1,5
SF,IC2002,2019-12-31 09:35:07.300,5234.2000,2989,0,62796200.000,0,-,-,-,-,5236.8000,5236.2000,5235.0000,5234.8000,5234.4000,5239.4000,5239.8000,5240.0000,5248.6000,5249.0000,1,1,3,1,1,1,1,1,1,5
SF,IC2002,2019-12-31 09:35:07.800,5234.2000,2989,0,62796200.000,0,-,-,-,-,5237.0000,5236.8000,5236.2000,5235.0000,5234.8000,5239.4000,5240.0000,5248.6000,5249.0000,5250.0000,1,1,1,2,1,1,1,1,5,1
