市场代码,合约代码,时间,最新,持仓,增仓,成交额,成交量,开仓,平仓,成交类型,方向,买一价,买二价,买三价,买四价,买五价,卖一价,卖二价,卖三价,卖四价,卖五价,买一量,买二量,买三量,买四量,买五量,卖一量,卖二量,卖三量,卖四量,卖五量
SF,IC2010,2020-08-31 09:29:00.100,6640.6000,3605,0,2656240.000,2.000,-,-,-,-,6640.6000,6640.4000,6640.2000,6640.0000,6639.0000,6642.4000,6643.0000,6643.4000,6648.8000,6663.4000,3,2,5,6,5,1,1,1,2,1
SF,IC2010,2020-08-31 09:30:00.100,6639.0000,3623,18,29217040.000,20,19,1,空开,S,6639.0000,6620.0000,6604.6000,6601.2000,6599.8000,6640.0000,6640.2000,6640.6000,6643.0000,6643.4000,3,2,1,1,1,2,2,1,1,1
SF,IC2010,2020-08-31 09:30:00.600,6639.0000,3626,3,33200440.000,3,3,0,双开,S,6620.0000,6604.6000,6601.2000,6599.8000,6594.6000,6635.8000,6639.4000,6639.8000,6640.0000,6640.6000,2,1,1,1,1,1,1,1,2,1
SF,IC2010,2020-08-31 09:30:01.100,6639.4000,3624,-2,35856120.000,2,0,2,双平,S,6631.2000,6630.8000,6629.6000,6628.6000,6627.6000,6634.8000,6635.4000,6635.8000,6636.8000,6637.8000,1,1,1,2,1,1,1,1,1,1
SF,IC2010,2020-08-31 09:30:01.600,6634.8000,3623,-1,37183080.000,1,0,1,双平,S,6631.4000,6631.2000,6627.6000,6623.0000,6620.6000,6635.4000,6635.8000,6636.8000,6637.8000,6639.8000,3,1,1,1,2,1,1,1,1,1
SF,IC2010,2020-08-31 09:30:02.100,6634.8000,3622,-1,38510040.000,1,0,1,双平,S,6631.6000,6631.4000,6631.2000,6623.0000,6620.6000,6635.0000,6635.4000,6635.8000,6636.8000,6637.8000,2,4,1,1,2,1,1,1,1,1
SF,IC2010,2020-08-31 09:30:02.600,6635.4000,3620,-2,41164120.000,2,0,2,双平,S,6631.8000,6631.6000,6631.2000,6623.0000,6620.6000,6635.8000,6636.8000,6637.8000,6640.0000,6640.6000,3,2,1,1,2,1,1,1,1,1
SF,IC2010,2020-08-31 09:30:03.100,6635.4000,3620,0,41164120.000,0,-,-,-,-,6632.0000,6631.8000,6631.2000,6623.6000,6623.0000,6633.8000,6635.8000,6636.8000,6637.8000,6640.0000,2,3,1,5,1,1,1,1,1,1
SF,IC2010,2020-08-31 09:30:03.600,6631.8000,3619,-1,47795960.000,5,2,3,多平,S,6623.0000,6620.6000,6620.2000,6620.0000,6617.8000,6635.6000,6635.8000,6636.8000,6637.8000,6640.0000,1,2,1,2,5,1,1,1,1,1
SF,IC2010,2020-08-31 09:30:04.100,6632.0000,3620,1,49122360.000,1,1,0,双开,S,6625.8000,6623.6000,6623.4000,6623.2000,6623.0000,6635.8000,6636.8000,6637.8000,6640.0000,6640.6000,1,4,1,1,1,1,1,1,1,1
SF,IC2010,2020-08-31 09:30:04.600,6632.0000,3620,0,49122360.000,0,-,-,-,-,6626.0000,6625.8000,6623.4000,6623.2000,6623.0000,6630.2000,6630.6000,6635.8000,6636.8000,6637.8000,1,1,5,1,1,1,2,1,1,1
SF,IC2010,2020-08-31 09:30:05.100,6632.0000,3620,0,49122360.000,0,-,-,-,-,6626.0000,6625.8000,6623.4000,6623.0000,6620.6000,6635.8000,6636.8000,6637.8000,6641.0000,6643.0000,6,1,1,1,1,1,1,1,5,1
SF,IC2010,2020-08-31 09:30:05.600,6635.8000,3622,2,53103080.000,3,2,1,空开,S,6626.2000,6626.0000,6625.8000,6623.4000,6623.0000,6636.8000,6637.8000,6638.8000,6641.0000,6643.0000,1,5,1,1,1,1,2,1,5,1
SF,IC2010,2020-08-31 09:30:06.100,6635.8000,3622,0,53103080.000,0,-,-,-,-,6626.8000,6626.4000,6626.2000,6625.8000,6623.4000,6635.6000,6636.8000,6637.8000,6638.8000,6641.0000,4,12,1,1,1,1,1,2,1,5
SF,IC2010,2020-08-31 09:30:06.600,6635.8000,3622,0,53103080.000,0,-,-,-,-,6630.2000,6627.0000,6626.8000,6626.2000,6625.8000,6636.8000,6637.8000,6638.8000,6641.0000,6643.0000,1,12,4,1,1,1,2,1,5,1
SF,IC2010,2020-08-31 09:30:07.100,6630.2000,3622,0,54429120.000,1,0,1,多换,S,6630.4000,6625.8000,6623.4000,6623.0000,6620.6000,6631.8000,6635.4000,6636.8000,6637.8000,6638.8000,12,1,1,1,1,2,1,1,2,1
SF,IC2010,2020-08-31 09:30:07.600,6631.8000,3621,-1,55755480.000,1,0,1,双平,S,6630.4000,6625.8000,6623.4000,6623.0000,6620.6000,6636.8000,6637.8000,6641.0000,6643.0000,6643.4000,11,1,1,1,1,1,2,5,1,1
SF,IC2010,2020-08-31 09:30:08.100,6631.8000,3621,0,55755480.000,0,-,-,-,-,6632.0000,6631.8000,6630.6000,6630.4000,6625.8000,6636.8000,6637.6000,6637.8000,6641.0000,6643.0000,1,1,2,11,1,1,1,2,5,1
SF,IC2010,2020-08-31 09:30:08.600,6632.0000,3621,0,61061080.000,4,2,2,多换,S,6632.2000,6631.8000,6625.8000,6623.4000,6623.0000,6633.8000,6634.0000,6636.8000,6637.6000,6637.8000,9,1,1,1,1,2,2,1,1,2
SF,IC2010,2020-08-31 09:30:09.100,6632.2000,3621,0,72999000.000,9,4,5,多换,S,6623.4000,6620.6000,6612.0000,6601.2000,6599.8000,6632.2000,6632.4000,6633.0000,6636.8000,6637.6000,1,1,5,1,1,1,1,1,1,1
SF,IC2010,2020-08-31 09:30:09.600,6632.2000,3621,0,72999000.000,0,-,-,-,-,6623.6000,6620.6000,6612.0000,6601.2000,6599.8000,6632.0000,6633.6000,6636.8000,6637.6000,6637.8000,4,1,5,1,1,1,1,1,1,2
SF,IC2010,2020-08-31 09:30:10.100,6632.2000,3621,0,72999000.000,0,-,-,-,-,6623.6000,6620.6000,6612.0000,6601.2000,6599.8000,6632.0000,6636.8000,6637.6000,6637.8000,6641.0000,4,1,5,1,1,1,1,1,2,5
SF,IC2010,2020-08-31 09:30:10.600,6636.8000,3622,1,74326360.000,1,1,0,双开,S,6625.8000,6623.8000,6623.6000,6620.6000,6612.0000,6637.6000,6637.8000,6641.0000,6643.0000,6643.4000,1,3,4,1,5,1,2,5,1,1
SF,IC2010,2020-08-31 09:30:11.100,6636.8000,3622,0,74326360.000,0,-,-,-,-,6626.4000,6626.0000,6625.8000,6624.2000,6623.8000,6637.6000,6637.8000,6641.0000,6643.0000,6643.4000,4,1,1,1,1,1,2,5,1,1
SF,IC2010,2020-08-31 09:30:11.600,6636.8000,3622,0,74326360.000,0,-,-,-,-,6626.6000,6626.4000,6625.8000,6624.2000,6623.8000,6637.4000,6637.6000,6637.8000,6641.0000,6643.0000,1,4,1,1,1,1,1,2,5,1
SF,IC2010,2020-08-31 09:30:12.100,6636.8000,3622,0,74326360.000,0,-,-,-,-,6627.2000,6626.6000,6625.8000,6624.2000,6623.8000,6636.6000,6637.6000,6637.8000,6641.0000,6643.0000,4,2,1,1,1,1,1,2,5,1
SF,IC2010,2020-08-31 09:30:12.600,6636.8000,3622,0,74326360.000,0,-,-,-,-,6627.4000,6627.2000,6626.8000,6626.6000,6625.8000,6636.4000,6636.6000,6637.6000,6637.8000,6641.0000,1,4,1,1,1,1,1,1,2,5
SF,IC2010,2020-08-31 09:30:13.100,6636.8000,3622,0,74326360.000,0,-,-,-,-,6628.0000,6627.4000,6626.6000,6625.8000,6620.6000,6636.4000,6636.6000,6637.6000,6637.8000,6641.0000,4,2,1,1,1,1,1,1,2,5
SF,IC2010,2020-08-31 09:30:13.600,6636.8000,3622,0,74326360.000,0,-,-,-,-,6628.2000,6628.0000,6627.4000,6626.6000,6625.8000,6636.4000,6636.6000,6637.6000,6637.8000,6641.0000,1,4,1,1,1,1,1,1,2,5
SF,IC2010,2020-08-31 09:30:14.100,6636.8000,3622,0,74326360.000,0,-,-,-,-,6628.8000,6628.4000,6627.4000,6626.6000,6625.8000,6636.2000,6636.6000,6637.6000,6637.8000,6641.0000,4,1,1,1,1,2,1,1,2,5
SF,IC2010,2020-08-31 09:30:14.600,6636.8000,3622,0,74326360.000,0,-,-,-,-,6628.8000,6628.4000,6627.4000,6626.6000,6625.8000,6635.4000,6636.2000,6637.6000,6637.8000,6641.0000,4,1,1,1,1,1,1,1,2,5
SF,IC2010,2020-08-31 09:30:15.100,6636.8000,3622,0,74326360.000,0,-,-,-,-,6629.0000,6628.8000,6627.4000,6626.6000,6625.8000,6635.4000,6636.0000,6637.6000,6637.8000,6641.0000,1,4,1,1,1,1,1,1,2,5
SF,IC2010,2020-08-31 09:30:15.600,6636.8000,3622,0,74326360.000,0,-,-,-,-,6629.0000,6628.8000,6627.4000,6626.6000,6625.8000,6635.2000,6635.4000,6637.6000,6637.8000,6641.0000,1,3,1,1,1,2,1,1,2,5
SF,IC2010,2020-08-31 09:30:16.100,6636.8000,3622,0,74326360.000,0,-,-,-,-,6629.0000,6626.6000,6625.8000,6620.6000,6612.0000,6632.0000,6632.2000,6635.2000,6635.4000,6637.6000,1,1,1,1,5,2,1,2,1,1
SF,IC2010,2020-08-31 09:30:16.600,6635.4000,3621,-1,76979960.000,2,0,2,多平,S,6629.2000,6625.8000,6620.6000,6612.0000,6601.2000,6637.8000,6641.0000,6643.0000,6643.4000,6648.8000,1,1,1,5,1,1,5,1,1,2
SF,IC2010,2020-08-31 09:30:17.100,6635.4000,3621,0,76979960.000,0,-,-,-,-,6629.4000,6629.2000,6625.8000,6620.6000,6612.0000,6632.6000,6633.4000,6637.6000,6637.8000,6638.6000,1,1,1,1,5,1,1,1,2,1
SF,IC2010,2020-08-31 09:30:17.600,6635.4000,3621,0,76979960.000,0,-,-,-,-,6632.0000,6629.2000,6625.8000,6620.6000,6612.0000,6637.6000,6637.8000,6641.0000,6643.0000,6643.4000,1,1,1,1,5,2,1,5,1,1
SF,IC2010,2020-08-31 09:30:18.100,6632.0000,3622,1,78306360.000,1,1,0,双开,S,6625.8000,6620.6000,6612.0000,6601.2000,6599.8000,6632.0000,6633.6000,6634.4000,6637.4000,6637.6000,1,1,5,1,1,4,1,1,2,2
SF,IC2010,2020-08-31 09:30:18.600,6632.0000,3622,0,78306360.000,0,-,-,-,-,6626.4000,6625.8000,6620.6000,6612.0000,6601.2000,6631.8000,6632.0000,6637.4000,6637.6000,6637.8000,4,1,1,5,1,1,1,1,1,1
SF,IC2010,2020-08-31 09:30:19.100,6632.0000,3621,-1,79632760.000,1,0,1,双平,S,6626.6000,6626.4000,6626.0000,6625.8000,6620.6000,6631.8000,6632.6000,6637.8000,6641.0000,6643.0000,1,4,1,1,1,1,1,1,5,1
SF,IC2010,2020-08-31 09:30:19.600,6632.0000,3621,0,79632760.000,0,-,-,-,-,6626.8000,6626.6000,6625.8000,6620.6000,6612.0000,6631.8000,6632.6000,6637.8000,6641.0000,6643.0000,4,2,1,1,5,1,1,1,5,1
SF,IC2010,2020-08-31 09:30:20.100,6631.8000,3621,0,80959120.000,1,0,1,多换,S,6631.8000,6627.0000,6626.8000,6625.8000,6620.6000,6632.6000,6637.8000,6641.0000,6643.0000,6643.4000,1,1,4,1,1,1,1,5,1,1
SF,IC2010,2020-08-31 09:30:20.600,6632.6000,3621,0,83612000.000,2,1,1,多换,S,6627.0000,6626.8000,6625.8000,6620.6000,6612.0000,6631.8000,6637.8000,6641.0000,6643.0000,6643.4000,1,4,1,1,5,2,1,5,1,1
SF,IC2010,2020-08-31 09:30:21.100,6632.6000,3620,-1,86265040.000,2,0,2,多平,S,6627.6000,6627.0000,6625.8000,6620.6000,6612.0000,6637.8000,6639.2000,6641.0000,6643.0000,6643.4000,4,1,1,1,5,1,1,5,1,1
SF,IC2010,2020-08-31 09:30:21.600,6632.6000,3617,-3,90244600.000,3,0,3,双平,S,6627.8000,6627.6000,6627.2000,6625.8000,6620.6000,6632.0000,6632.2000,6632.4000,6637.8000,6639.2000,1,4,1,1,1,1,2,1,1,1
SF,IC2010,2020-08-31 09:30:22.100,6632.0000,3616,-1,91571000.000,1,0,1,双平,S,6628.2000,6627.8000,6625.8000,6620.6000,6612.0000,6637.8000,6639.2000,6641.0000,6643.0000,6643.4000,4,1,1,1,5,1,1,5,1,1
SF,IC2010,2020-08-31 09:30:22.600,6632.0000,3616,0,91571000.000,0,-,-,-,-,6628.4000,6628.2000,6628.0000,6625.8000,6620.6000,6632.6000,6636.8000,6637.8000,6639.2000,6641.0000,1,4,1,1,1,1,1,1,1,5
SF,IC2010,2020-08-31 09:30:23.100,6632.0000,3616,0,91571000.000,0,-,-,-,-,6628.4000,6628.2000,6625.8000,6620.6000,6612.0000,6637.8000,6639.2000,6641.0000,6643.0000,6643.4000,1,4,1,1,5,1,1,5,1,1
SF,IC2010,2020-08-31 09:30:23.600,6632.0000,3616,0,91571000.000,0,-,-,-,-,6629.0000,6628.8000,6628.4000,6625.8000,6620.6000,6631.6000,6631.8000,6632.6000,6635.8000,6637.0000,2,2,1,1,1,2,1,1,1,1
SF,IC2010,2020-08-31 09:30:24.100,6631.8000,3615,-1,92897360.000,1,0,1,双平,S,6629.6000,6629.0000,6628.6000,6625.8000,6620.6000,6637.8000,6639.2000,6641.0000,6643.0000,6643.4000,2,2,1,1,1,1,1,5,1,1
SF,IC2010,2020-08-31 09:30:24.600,6631.8000,3615,0,92897360.000,0,-,-,-,-,6630.2000,6629.8000,6629.6000,6625.8000,6620.6000,6637.6000,6637.8000,6641.0000,6643.0000,6643.4000,2,1,2,1,1,1,1,5,1,1
SF,IC2010,2020-08-31 09:30:25.100,6630.4000,3614,-1,94223440.000,1,0,1,双平,S,6630.4000,6630.2000,6629.8000,6625.8000,6625.2000,6637.6000,6637.8000,6641.0000,6643.0000,6643.4000,2,2,1,1,3,1,1,5,1,1
SF,IC2010,2020-08-31 09:30:25.600,6630.4000,3614,0,94223440.000,0,-,-,-,-,6631.0000,6630.6000,6630.4000,6626.0000,6625.8000,6637.6000,6637.8000,6638.4000,6641.0000,6643.0000,2,1,2,1,1,1,1,1,5,1
SF,IC2010,2020-08-31 09:30:26.100,6630.4000,3614,0,94223440.000,0,-,-,-,-,6631.6000,6631.2000,6631.0000,6630.6000,6626.0000,6637.6000,6637.8000,6638.4000,6641.0000,6643.0000,2,1,2,2,1,1,1,1,5,1
SF,IC2010,2020-08-31 09:30:26.600,6630.4000,3614,0,94223440.000,0,-,-,-,-,6632.2000,6631.8000,6631.6000,6631.4000,6630.6000,6637.6000,6637.8000,6638.4000,6641.0000,6643.0000,2,1,2,1,1,1,1,1,5,1
SF,IC2010,2020-08-31 09:30:27.100,6630.4000,3614,0,94223440.000,0,-,-,-,-,6632.8000,6632.4000,6632.2000,6631.4000,6626.0000,6637.6000,6637.8000,6638.4000,6641.0000,6643.0000,2,2,3,1,1,1,1,1,5,1
SF,IC2010,2020-08-31 09:30:27.600,6632.8000,3613,-1,96876440.000,2,0,2,多平,S,6633.0000,6632.8000,6632.4000,6631.4000,6626.0000,6637.4000,6637.8000,6638.4000,6641.0000,6643.0000,2,2,1,1,1,1,1,1,5,1
SF,IC2010,2020-08-31 09:30:28.100,6637.4000,3612,-1,98203920.000,1,0,1,双平,S,6633.2000,6633.0000,6632.8000,6631.4000,6626.0000,6637.8000,6638.4000,6641.0000,6643.0000,6643.4000,1,3,2,1,1,1,1,5,1,1
SF,IC2010,2020-08-31 09:30:28.600,6637.4000,3612,0,98203920.000,0,-,-,-,-,6633.8000,6633.4000,6633.2000,6633.0000,6631.4000,6637.6000,6637.8000,6641.0000,6643.0000,6643.4000,2,1,2,1,1,1,1,5,1,1
SF,IC2010,2020-08-31 09:30:29.100,6637.6000,3612,0,99531440.000,1,0,1,多换,S,6634.4000,6634.0000,6633.8000,6633.4000,6631.4000,6641.0000,6643.0000,6643.4000,6648.8000,6663.4000,2,1,3,1,1,5,1,1,2,1
SF,IC2010,2020-08-31 09:30:29.600,6634.6000,3611,-1,102185280.000,2,0,2,多平,S,6634.0000,6633.8000,6631.4000,6626.0000,6625.2000,6641.0000,6643.0000,6643.4000,6648.8000,6663.4000,1,2,1,1,3,5,1,1,2,1
SF,IC2010,2020-08-31 09:30:30.100,6634.6000,3611,0,102185280.000,0,-,-,-,-,6634.6000,6634.2000,6633.8000,6631.4000,6626.0000,6641.0000,6643.0000,6643.4000,6648.8000,6663.4000,1,1,2,1,1,5,1,1,2,1
SF,IC2010,2020-08-31 09:30:30.600,6637.8000,3612,1,104839760.000,2,1,1,空开,S,6634.6000,6633.8000,6631.4000,6626.0000,6625.2000,6637.8000,6640.8000,6641.0000,6643.0000,6643.4000,1,2,1,1,3,2,2,5,1,1
SF,IC2010,2020-08-31 09:30:31.100,6634.8000,3611,-1,106166720.000,1,0,1,双平,S,6631.4000,6626.0000,6625.2000,6620.6000,6612.0000,6634.6000,6640.8000,6641.0000,6643.0000,6643.4000,1,1,3,1,5,1,2,5,1,1
SF,IC2010,2020-08-31 09:30:31.600,6634.6000,3610,-1,107493640.000,1,0,1,双平,S,6632.0000,6631.4000,6626.0000,6625.2000,6620.6000,6640.8000,6641.0000,6643.0000,6643.4000,6648.8000,4,1,1,3,1,1,5,1,1,2
SF,IC2010,2020-08-31 09:30:32.100,6634.6000,3610,0,107493640.000,0,-,-,-,-,6632.0000,6631.6000,6631.4000,6627.4000,6626.0000,6640.8000,6641.0000,6643.0000,6643.4000,6648.8000,4,1,1,2,1,1,5,1,1,2
SF,IC2010,2020-08-31 09:30:32.600,6634.6000,3610,0,107493640.000,0,-,-,-,-,6632.2000,6632.0000,6631.4000,6627.4000,6625.2000,6640.6000,6640.8000,6641.0000,6641.6000,6643.0000,2,4,1,2,3,1,1,5,1,1
SF,IC2010,2020-08-31 09:30:33.100,6634.6000,3610,0,107493640.000,0,-,-,-,-,6637.6000,6632.8000,6632.6000,6632.2000,6631.4000,6640.4000,6640.6000,6641.0000,6641.6000,6643.0000,3,4,1,1,1,1,1,5,1,1
SF,IC2010,2020-08-31 09:30:33.600,6637.6000,3610,0,108821160.000,1,0,1,多换,S,6637.6000,6632.8000,6632.6000,6632.2000,6631.4000,6638.2000,6640.4000,6640.6000,6641.0000,6641.6000,2,4,1,1,1,2,1,1,5,1
SF,IC2010,2020-08-31 09:30:34.100,6637.6000,3610,0,110148680.000,1,0,1,多换,S,6638.2000,6637.6000,6632.8000,6632.6000,6632.2000,6640.6000,6641.0000,6643.0000,6643.4000,6648.8000,1,1,4,1,1,1,5,1,1,2
SF,IC2010,2020-08-31 09:30:34.600,6638.2000,3611,1,111476320.000,1,1,0,双开,S,6637.6000,6632.8000,6632.6000,6632.2000,6631.4000,6638.2000,6639.2000,6640.6000,6641.0000,6643.0000,1,4,1,1,1,1,2,1,5,1
SF,IC2010,2020-08-31 09:30:35.100,6637.6000,3610,-1,112803840.000,1,0,1,双平,S,6632.8000,6632.6000,6632.2000,6631.4000,6627.4000,6637.6000,6640.6000,6641.0000,6643.0000,6643.4000,4,1,1,1,2,2,1,5,1,1
SF,IC2010,2020-08-31 09:30:35.600,6637.6000,3610,0,112803840.000,0,-,-,-,-,6633.0000,6632.8000,6632.2000,6627.4000,6625.2000,6637.4000,6640.6000,6641.0000,6643.0000,6643.4000,1,4,1,2,3,1,1,5,1,1
SF,IC2010,2020-08-31 09:30:36.100,6637.6000,3610,0,112803840.000,0,-,-,-,-,6635.2000,6633.6000,6633.0000,6632.2000,6627.4000,6637.4000,6640.6000,6641.0000,6643.0000,6643.4000,1,4,2,1,2,1,1,5,1,1
SF,IC2010,2020-08-31 09:30:36.600,6637.6000,3610,0,112803840.000,0,-,-,-,-,6633.6000,6633.0000,6632.2000,6627.4000,6625.2000,6640.6000,6641.0000,6643.0000,6643.4000,6648.8000,4,1,1,2,3,1,5,1,1,2
SF,IC2010,2020-08-31 09:30:37.100,6637.6000,3610,0,112803840.000,0,-,-,-,-,6635.4000,6634.2000,6633.8000,6633.0000,6627.4000,6637.2000,6640.6000,6641.0000,6643.0000,6643.4000,1,4,2,1,2,2,1,5,1,1
SF,IC2010,2020-08-31 09:30:37.600,6637.6000,3610,0,112803840.000,0,-,-,-,-,6637.6000,6637.4000,6636.0000,6633.8000,6633.0000,6641.0000,6643.0000,6643.4000,6648.8000,6663.4000,1,2,4,1,1,5,1,1,2,1
SF,IC2010,2020-08-31 09:30:38.100,6637.6000,3609,-1,114131360.000,1,0,1,双平,S,6637.6000,6637.4000,6636.0000,6635.6000,6633.8000,6641.0000,6643.0000,6643.4000,6648.8000,6663.4000,1,2,4,1,1,5,1,1,2,1
SF,IC2010,2020-08-31 09:30:38.600,6637.6000,3608,-1,116786400.000,2,0,2,多平,S,6637.4000,6636.0000,6633.8000,6633.0000,6627.4000,6639.0000,6641.0000,6643.0000,6643.4000,6648.8000,2,4,1,1,2,2,5,1,1,2
SF,IC2010,2020-08-31 09:30:39.100,6637.6000,3608,0,119441440.000,2,1,1,多换,S,6639.0000,6637.4000,6636.0000,6633.8000,6633.0000,6641.0000,6643.0000,6643.4000,6648.8000,6663.4000,1,2,4,1,1,5,1,1,2,1
SF,IC2010,2020-08-31 09:30:39.600,6637.4000,3607,-1,122096680.000,2,0,2,多平,S,6637.4000,6636.0000,6633.8000,6633.0000,6627.4000,6639.0000,6641.0000,6643.0000,6643.4000,6648.8000,1,4,1,1,2,2,5,1,1,2
SF,IC2010,2020-08-31 09:30:40.100,6637.4000,3607,0,124751960.000,2,1,1,多换,S,6636.0000,6633.8000,6633.0000,6627.4000,6625.2000,6641.0000,6643.0000,6643.4000,6648.8000,6663.4000,4,1,1,2,3,5,1,1,2,1
SF,IC2010,2020-08-31 09:30:40.600,6637.4000,3607,0,124751960.000,0,-,-,-,-,6636.2000,6636.0000,6633.8000,6633.0000,6627.4000,6638.6000,6638.8000,6641.0000,6643.0000,6643.4000,1,4,1,1,2,2,1,5,1,1
SF,IC2010,2020-08-31 09:30:41.100,6637.4000,3607,0,124751960.000,0,-,-,-,-,6636.0000,6633.8000,6633.0000,6627.4000,6625.2000,6641.0000,6643.0000,6643.4000,6648.8000,6663.4000,4,1,1,2,3,5,1,1,2,1
SF,IC2010,2020-08-31 09:30:41.600,6637.4000,3607,0,124751960.000,0,-,-,-,-,6637.4000,6636.6000,6633.8000,6633.0000,6627.4000,6640.8000,6641.0000,6643.0000,6643.4000,6648.8000,1,4,1,1,2,2,5,1,1,2
SF,IC2010,2020-08-31 09:30:42.100,6637.4000,3607,0,124751960.000,0,-,-,-,-,6636.6000,6633.8000,6633.0000,6627.4000,6625.2000,6639.0000,6640.8000,6641.0000,6643.0000,6643.4000,4,1,1,2,3,2,2,5,1,1
SF,IC2010,2020-08-31 09:30:42.600,6637.4000,3607,0,124751960.000,0,-,-,-,-,6636.6000,6633.8000,6633.0000,6627.4000,6625.2000,6640.8000,6641.0000,6643.0000,6643.4000,6648.8000,3,1,1,2,3,1,5,1,1,2
SF,IC2010,2020-08-31 09:30:43.100,6637.4000,3607,0,124751960.000,0,-,-,-,-,6636.8000,6633.8000,6633.0000,6627.4000,6625.2000,6640.6000,6640.8000,6641.0000,6643.0000,6643.4000,1,1,1,2,3,1,1,5,1,1
SF,IC2010,2020-08-31 09:30:43.600,6637.4000,3607,0,124751960.000,0,-,-,-,-,6636.8000,6633.8000,6633.0000,6627.4000,6625.2000,6640.6000,6640.8000,6641.0000,6643.0000,6643.4000,4,1,1,2,3,1,1,5,1,1
SF,IC2010,2020-08-31 09:30:44.100,6637.4000,3607,0,124751960.000,0,-,-,-,-,6633.8000,6633.0000,6627.4000,6625.2000,6623.6000,6640.4000,6640.6000,6640.8000,6641.0000,6643.0000,1,1,2,3,5,1,1,1,5,1
SF,IC2010,2020-08-31 09:30:44.600,6637.4000,3607,0,124751960.000,0,-,-,-,-,6637.2000,6634.4000,6633.8000,6633.0000,6627.4000,6640.2000,6640.8000,6641.0000,6643.0000,6643.4000,3,4,1,1,2,1,1,5,1,1
SF,IC2010,2020-08-31 09:30:45.100,6637.4000,3607,0,124751960.000,0,-,-,-,-,6637.2000,6634.4000,6634.0000,6633.8000,6633.0000,6638.8000,6640.8000,6641.0000,6643.0000,6643.4000,3,4,1,1,1,2,1,5,1,1
SF,IC2010,2020-08-31 09:30:45.600,6637.4000,3607,0,124751960.000,0,-,-,-,-,6637.2000,6634.4000,6633.8000,6633.0000,6627.4000,6640.8000,6641.0000,6643.0000,6643.4000,6648.8000,3,4,1,1,2,1,5,1,1,2
SF,IC2010,2020-08-31 09:30:46.100,6637.4000,3608,1,126079440.000,1,1,0,双开,S,6637.2000,6634.4000,6633.8000,6633.0000,6627.4000,6640.8000,6641.0000,6643.0000,6643.4000,6648.8000,3,4,1,1,2,1,5,1,1,2
SF,IC2010,2020-08-31 09:30:46.600,6637.4000,3608,0,126079440.000,0,-,-,-,-,6637.2000,6634.4000,6633.8000,6633.0000,6627.4000,6639.0000,6640.6000,6640.8000,6641.0000,6643.0000,3,4,1,1,2,2,1,1,5,1
SF,IC2010,2020-08-31 09:30:47.100,6637.4000,3608,0,126079440.000,0,-,-,-,-,6639.0000,6637.2000,6634.4000,6633.8000,6633.0000,6640.8000,6641.0000,6643.0000,6643.4000,6648.8000,1,3,4,1,1,1,5,1,1,2
SF,IC2010,2020-08-31 09:30:47.600,6637.2000,3607,-1,128734360.000,2,0,2,多平,S,6637.2000,6634.4000,6633.8000,6633.0000,6627.4000,6638.8000,6639.0000,6640.8000,6641.0000,6643.0000,2,4,1,1,2,2,1,1,5,1
SF,IC2010,2020-08-31 09:30:48.100,6637.2000,3602,-5,135372560.000,5,0,5,双平,S,6634.4000,6633.8000,6633.0000,6627.4000,6625.2000,6640.6000,6640.8000,6641.0000,6643.0000,6643.4000,4,1,1,2,3,1,1,5,1,1
SF,IC2010,2020-08-31 09:30:48.600,6638.6000,3602,0,136700280.000,1,0,1,多换,S,6634.6000,6634.4000,6633.0000,6627.4000,6625.2000,6640.8000,6641.0000,6643.0000,6643.4000,6648.8000,1,4,1,2,3,1,5,1,1,2
SF,IC2010,2020-08-31 09:30:49.100,6638.6000,3602,0,136700280.000,0,-,-,-,-,6635.0000,6634.8000,6634.6000,6633.0000,6630.2000,6640.8000,6641.0000,6643.0000,6643.4000,6648.8000,1,3,1,1,1,1,5,1,1,2
SF,IC2010,2020-08-31 09:30:49.600,6638.6000,3602,0,136700280.000,0,-,-,-,-,6635.6000,6635.2000,6635.0000,6634.8000,6633.0000,6640.8000,6641.0000,6643.0000,6643.4000,6648.8000,3,1,1,1,1,1,5,1,1,2
SF,IC2010,2020-08-31 09:30:50.100,6638.6000,3602,0,136700280.000,0,-,-,-,-,6636.2000,6635.8000,6635.6000,6635.4000,6633.0000,6640.8000,6641.0000,6643.0000,6643.4000,6648.8000,1,1,3,1,1,1,5,1,1,2
SF,IC2010,2020-08-31 09:30:50.600,6638.6000,3602,0,136700280.000,0,-,-,-,-,6636.4000,6636.2000,6635.6000,6633.0000,6630.2000,6641.0000,6643.0000,6643.4000,6648.8000,6663.4000,1,1,3,1,1,5,1,1,2,1
SF,IC2010,2020-08-31 09:30:51.100,6638.6000,3602,0,136700280.000,0,-,-,-,-,6637.0000,6636.6000,6636.4000,6633.0000,6630.2000,6641.0000,6643.0000,6643.4000,6648.8000,6663.4000,1,3,2,1,1,5,1,1,2,1
SF,IC2010,2020-08-31 09:30:51.600,6641.0000,3602,0,139356680.000,2,1,1,多换,S,6637.4000,6637.2000,6637.0000,6633.0000,6630.2000,6643.0000,6643.4000,6648.8000,6663.4000,6683.4000,3,1,1,1,1,1,1,2,1,1
SF,IC2010,2020-08-31 09:30:52.100,6641.0000,3602,0,139356680.000,0,-,-,-,-,6640.8000,6638.0000,6637.6000,6637.4000,6637.2000,6643.0000,6643.4000,6648.8000,6663.4000,6683.4000,1,1,1,3,1,1,1,2,1,1
SF,IC2010,2020-08-31 09:30:52.600,6640.8000,3602,0,140684840.000,1,0,1,多换,S,6640.2000,6637.6000,6637.4000,6633.0000,6630.2000,6642.8000,6643.0000,6643.4000,6646.8000,6648.8000,1,1,3,1,1,1,1,1,5,2
SF,IC2010,2020-08-31 09:30:53.100,6640.2000,3602,0,142012880.000,1,0,1,多换,S,6637.6000,6637.4000,6633.0000,6630.2000,6627.4000,6642.8000,6643.0000,6643.4000,6646.8000,6648.8000,1,3,1,1,2,2,1,1,5,2
SF,IC2010,2020-08-31 09:30:53.600,6640.2000,3602,0,142012880.000,0,-,-,-,-,6637.6000,6637.4000,6633.0000,6630.2000,6627.4000,6642.8000,6643.0000,6643.4000,6646.8000,6648.8000,1,3,1,1,2,1,1,1,5,2
SF,IC2010,2020-08-31 09:30:54.100,6640.2000,3602,0,142012880.000,0,-,-,-,-,6637.6000,6637.4000,6633.0000,6630.2000,6627.4000,6642.6000,6642.8000,6643.0000,6643.4000,6646.8000,1,3,1,1,2,1,1,1,1,5
SF,IC2010,2020-08-31 09:30:54.600,6640.2000,3602,0,142012880.000,0,-,-,-,-,6637.6000,6633.0000,6630.2000,6627.4000,6625.2000,6642.8000,6643.0000,6643.4000,6646.8000,6648.8000,1,1,1,2,3,1,1,1,5,2
SF,IC2010,2020-08-31 09:30:55.600,6640.2000,3602,0,142012880.000,0,-,-,-,-,6637.6000,6633.0000,6630.2000,6627.4000,6625.2000,6642.6000,6642.8000,6643.0000,6643.4000,6646.8000,1,1,1,2,3,1,1,1,1,5
SF,IC2010,2020-08-31 09:30:56.100,6640.2000,3602,0,142012880.000,0,-,-,-,-,6637.6000,6633.0000,6630.2000,6627.4000,6625.2000,6642.8000,6643.0000,6643.4000,6646.8000,6648.8000,1,1,1,2,3,1,1,1,5,2
SF,IC2010,2020-08-31 09:30:56.600,6642.8000,3602,0,143341440.000,1,0,1,多换,S,6637.8000,6637.6000,6633.0000,6630.2000,6627.4000,6643.0000,6643.4000,6646.8000,6648.8000,6663.4000,1,1,1,1,2,1,1,5,2,1
SF,IC2010,2020-08-31 09:30:57.100,6642.8000,3602,0,143341440.000,0,-,-,-,-,6638.0000,6633.0000,6630.2000,6627.4000,6625.2000,6642.8000,6643.0000,6643.4000,6646.8000,6648.8000,1,1,1,2,3,1,1,1,5,2
SF,IC2010,2020-08-31 09:30:57.600,6642.8000,3602,0,145998560.000,2,1,1,多换,S,6638.2000,6633.0000,6630.2000,6627.4000,6625.2000,6642.8000,6643.0000,6643.4000,6646.8000,6648.8000,1,1,1,2,3,1,1,1,5,2
SF,IC2010,2020-08-31 09:30:58.100,6642.6000,3604,2,151310880.000,4,3,1,空开,S,6638.4000,6633.0000,6630.2000,6627.4000,6625.2000,6643.0000,6643.4000,6646.8000,6648.8000,6663.4000,1,1,1,2,3,1,1,5,2,1
SF,IC2010,2020-08-31 09:30:58.600,6638.4000,3604,0,152638560.000,1,0,1,多换,S,6633.0000,6630.2000,6627.4000,6625.2000,6623.6000,6642.6000,6642.8000,6643.0000,6643.4000,6646.8000,1,1,2,3,5,1,1,1,1,5
SF,IC2010,2020-08-31 09:30:59.100,6638.4000,3604,0,152638560.000,0,-,-,-,-,6633.6000,6633.0000,6630.2000,6627.4000,6625.2000,6642.4000,6643.0000,6643.4000,6646.8000,6648.8000,4,1,1,2,3,1,1,1,5,2
SF,IC2010,2020-08-31 09:30:59.600,6638.4000,3604,0,152638560.000,0,-,-,-,-,6633.6000,6630.2000,6627.4000,6625.2000,6623.6000,6642.2000,6642.4000,6643.0000,6643.4000,6646.8000,4,1,2,3,5,1,2,1,1,5
SF,IC2010,2020-08-31 09:31:00.100,6638.4000,3604,0,152638560.000,0,-,-,-,-,6633.6000,6630.2000,6627.4000,6625.2000,6623.6000,6642.0000,6642.2000,6643.0000,6643.4000,6646.8000,4,1,2,3,5,1,2,1,1,5
SF,IC2010,2020-08-31 09:31:00.600,6638.4000,3604,0,152638560.000,0,-,-,-,-,6630.2000,6627.4000,6625.2000,6623.6000,6620.6000,6636.0000,6641.8000,6642.0000,6642.2000,6643.0000,1,2,3,5,1,1,1,1,1,1
SF,IC2010,2020-08-31 09:31:01.100,6636.0000,3603,-1,155292960.000,2,0,2,多平,S,6633.8000,6633.4000,6632.0000,6631.2000,6630.8000,6641.8000,6642.2000,6643.0000,6646.8000,6648.8000,1,2,1,1,4,1,1,1,5,2
SF,IC2010,2020-08-31 09:31:01.600,6636.0000,3603,0,155292960.000,0,-,-,-,-,6634.2000,6634.0000,6632.4000,6631.2000,6630.6000,6641.6000,6641.8000,6642.2000,6643.0000,6646.8000,4,2,1,1,1,1,1,1,1,5
SF,IC2010,2020-08-31 09:31:02.100,6636.0000,3603,0,155292960.000,0,-,-,-,-,6634.4000,6634.2000,6631.2000,6630.6000,6630.4000,6641.6000,6641.8000,6642.2000,6643.0000,6646.8000,2,4,1,1,1,2,1,1,1,5
SF,IC2010,2020-08-31 09:31:02.600,6636.0000,3603,0,155292960.000,0,-,-,-,-,6634.4000,6634.2000,6631.2000,6630.6000,6630.4000,6641.6000,6641.8000,6642.2000,6643.0000,6646.8000,2,4,1,1,1,1,1,1,1,5
SF,IC2010,2020-08-31 09:31:03.100,6636.0000,3603,0,155292960.000,0,-,-,-,-,6634.4000,6634.2000,6631.2000,6630.6000,6630.4000,6641.4000,6641.6000,6641.8000,6642.2000,6643.0000,2,4,1,1,1,1,1,1,1,1
SF,IC2010,2020-08-31 09:31:03.600,6636.0000,3603,0,155292960.000,0,-,-,-,-,6638.0000,6634.4000,6631.2000,6630.6000,6630.4000,6639.8000,6641.2000,6641.8000,6642.2000,6643.0000,1,2,1,1,1,1,1,1,1,1
SF,IC2010,2020-08-31 09:31:04.100,6638.0000,3603,0,156620560.000,1,0,1,多换,S,6634.4000,6631.2000,6630.6000,6630.4000,6630.2000,6638.0000,6639.6000,6641.2000,6641.8000,6642.2000,1,1,1,1,3,1,1,1,1,1
SF,IC2010,2020-08-31 09:31:04.600,6638.0000,3603,0,156620560.000,0,-,-,-,-,6634.6000,6634.4000,6631.2000,6630.4000,6630.2000,6638.0000,6639.6000,6641.8000,6642.2000,6643.0000,1,1,1,1,3,1,2,1,1,1
SF,IC2010,2020-08-31 09:31:05.100,6634.4000,3602,-1,159274360.000,2,0,2,多平,S,6631.2000,6630.4000,6630.2000,6627.4000,6625.2000,6634.6000,6637.4000,6637.8000,6641.8000,6642.2000,1,1,3,2,3,1,1,1,1,1
SF,IC2010,2020-08-31 09:31:05.600,6634.6000,3601,-1,160601280.000,1,0,1,双平,S,6631.2000,6630.4000,6630.2000,6627.4000,6625.2000,6637.4000,6637.8000,6641.8000,6642.2000,6643.0000,1,1,3,2,3,1,1,1,1,1
SF,IC2010,2020-08-31 09:31:06.100,6634.6000,3601,0,160601280.000,0,-,-,-,-,6631.4000,6630.4000,6630.2000,6627.4000,6625.2000,6637.2000,6641.8000,6642.2000,6643.0000,6646.8000,1,1,3,2,3,3,1,1,1,5
SF,IC2010,2020-08-31 09:31:06.600,6634.6000,3601,0,160601280.000,0,-,-,-,-,6631.4000,6630.4000,6630.2000,6627.4000,6625.2000,6636.2000,6637.2000,6641.8000,6642.2000,6643.0000,1,1,3,2,3,1,3,1,1,1
SF,IC2010,2020-08-31 09:31:07.100,6634.6000,3601,0,160601280.000,0,-,-,-,-,6631.4000,6630.4000,6630.2000,6627.4000,6625.2000,6635.8000,6636.0000,6636.2000,6641.8000,6642.2000,1,1,3,2,3,1,2,1,1,1
SF,IC2010,2020-08-31 09:31:07.600,6634.6000,3601,0,160601280.000,0,-,-,-,-,6631.6000,6631.4000,6630.4000,6630.2000,6627.4000,6635.6000,6636.0000,6636.2000,6641.8000,6642.2000,1,1,1,3,2,2,1,1,1,1
SF,IC2010,2020-08-31 09:31:08.100,6634.6000,3601,0,160601280.000,0,-,-,-,-,6631.8000,6631.6000,6630.4000,6630.2000,6627.4000,6635.6000,6641.8000,6642.4000,6643.0000,6646.8000,1,4,1,3,2,1,1,1,1,5
SF,IC2010,2020-08-31 09:31:08.600,6634.6000,3601,0,160601280.000,0,-,-,-,-,6632.0000,6630.4000,6630.2000,6627.4000,6625.2000,6635.4000,6635.6000,6641.8000,6642.4000,6643.0000,4,1,3,2,3,2,2,1,1,1
SF,IC2010,2020-08-31 09:31:09.100,6634.6000,3601,0,160601280.000,0,-,-,-,-,6633.8000,6630.4000,6630.2000,6627.4000,6625.2000,6635.4000,6635.6000,6641.8000,6642.4000,6643.0000,1,1,3,2,3,4,1,1,1,1
SF,IC2010,2020-08-31 09:31:09.600,6633.8000,3601,0,161928040.000,1,0,1,多换,S,6630.2000,6627.4000,6625.2000,6620.6000,6620.2000,6631.8000,6633.8000,6635.0000,6635.2000,6635.4000,3,2,3,1,1,3,1,1,1,2
SF,IC2010,2020-08-31 09:31:10.100,6630.2000,3601,0,163254080.000,1,0,1,多换,S,6630.2000,6627.4000,6625.2000,6620.6000,6620.2000,6631.8000,6634.8000,6635.0000,6635.2000,6635.4000,2,2,3,1,1,3,1,1,1,1
SF,IC2010,2020-08-31 09:31:10.600,6630.2000,3601,0,165906160.000,2,1,1,多换,S,6627.4000,6625.2000,6620.6000,6620.2000,6617.8000,6631.6000,6631.8000,6634.8000,6635.0000,6635.2000,2,3,1,1,5,1,3,1,1,5
SF,IC2010,2020-08-31 09:31:11.100,6630.2000,3601,0,165906160.000,0,-,-,-,-,6627.4000,6625.2000,6620.6000,6620.2000,6617.8000,6631.4000,6631.6000,6631.8000,6634.8000,6635.0000,2,3,1,1,5,1,1,3,1,1
SF,IC2010,2020-08-31 09:31:11.600,6630.2000,3601,0,165906160.000,0,-,-,-,-,6627.4000,6625.2000,6620.6000,6620.2000,6617.8000,6631.0000,6631.2000,6631.4000,6631.8000,6634.8000,2,3,1,1,5,1,1,2,3,1
SF,IC2010,2020-08-31 09:31:12.100,6630.2000,3601,0,165906160.000,0,-,-,-,-,6627.4000,6625.2000,6620.6000,6620.2000,6617.8000,6630.8000,6631.0000,6631.2000,6631.4000,6631.8000,2,3,1,1,5,1,1,1,1,3
SF,IC2010,2020-08-31 09:31:12.600,6630.2000,3601,0,165906160.000,0,-,-,-,-,6627.4000,6625.2000,6620.6000,6620.2000,6617.8000,6630.6000,6630.8000,6631.0000,6631.2000,6631.4000,2,3,1,1,5,1,1,1,1,1
SF,IC2010,2020-08-31 09:31:13.100,6630.2000,3601,0,165906160.000,0,-,-,-,-,6627.4000,6625.2000,6620.6000,6620.2000,6617.8000,6630.4000,6630.6000,6631.0000,6631.4000,6631.8000,2,3,1,1,5,1,2,1,1,3
SF,IC2010,2020-08-31 09:31:13.600,6627.4000,3601,0,168557120.000,2,1,1,多换,S,6625.2000,6620.6000,6620.2000,6617.8000,6601.2000,6630.4000,6630.6000,6631.0000,6631.4000,6631.8000,3,1,1,5,1,1,2,1,1,3
SF,IC2010,2020-08-31 09:31:14.100,6627.4000,3601,0,168557120.000,0,-,-,-,-,6625.2000,6620.6000,6620.2000,6617.8000,6601.2000,6627.4000,6630.2000,6630.4000,6630.6000,6631.0000,3,1,1,5,1,1,2,1,1,1
SF,IC2010,2020-08-31 09:31:14.600,6627.4000,3601,0,169882600.000,1,0,1,多换,S,6627.4000,6625.2000,6620.6000,6620.2000,6617.8000,6630.2000,6630.4000,6630.6000,6631.0000,6631.8000,1,3,1,1,5,1,1,1,1,3
SF,IC2010,2020-08-31 09:31:15.100,6625.2000,3600,-1,172533120.000,2,0,2,多平,S,6625.2000,6620.6000,6620.2000,6612.0000,6601.2000,6627.4000,6630.4000,6630.6000,6631.8000,6634.8000,2,1,1,5,1,1,1,1,3,1
SF,IC2010,2020-08-31 09:31:15.600,6625.2000,3600,0,172533120.000,0,-,-,-,-,6625.4000,6625.2000,6620.6000,6620.2000,6612.0000,6628.8000,6630.4000,6630.6000,6631.8000,6634.8000,1,2,1,1,5,1,1,1,3,1
SF,IC2010,2020-08-31 09:31:16.100,6625.2000,3600,0,172533120.000,0,-,-,-,-,6625.4000,6625.2000,6620.6000,6620.2000,6612.0000,6628.8000,6630.6000,6631.8000,6634.8000,6635.2000,2,2,1,1,5,1,1,3,1,5
SF,IC2010,2020-08-31 09:31:16.600,6625.2000,3600,0,172533120.000,0,-,-,-,-,6625.4000,6625.2000,6620.6000,6620.2000,6612.0000,6628.8000,6630.6000,6631.8000,6634.8000,6635.2000,1,2,1,1,5,1,1,3,1,5
SF,IC2010,2020-08-31 09:31:17.100,6625.6000,3597,-3,176509120.000,3,0,3,双平,S,6625.6000,6625.4000,6625.2000,6620.6000,6620.2000,6630.6000,6631.8000,6634.8000,6635.2000,6641.8000,3,1,2,1,1,1,3,1,5,1
SF,IC2010,2020-08-31 09:31:17.600,6625.6000,3597,0,176509120.000,0,-,-,-,-,6625.8000,6625.6000,6625.2000,6620.6000,6620.2000,6630.4000,6630.6000,6631.8000,6634.8000,6635.2000,3,4,2,1,1,1,1,3,1,5
SF,IC2010,2020-08-31 09:31:18.100,6625.6000,3597,0,176509120.000,0,-,-,-,-,6626.0000,6625.8000,6625.2000,6620.6000,6620.2000,6630.4000,6630.6000,6631.8000,6634.8000,6635.2000,2,2,2,1,1,1,2,3,1,5
SF,IC2010,2020-08-31 09:31:18.600,6625.6000,3597,0,176509120.000,0,-,-,-,-,6626.2000,6626.0000,6625.2000,6620.6000,6620.2000,6630.4000,6630.6000,6631.8000,6634.8000,6635.2000,2,2,2,1,1,1,1,3,1,5
SF,IC2010,2020-08-31 09:31:19.100,6630.2000,3598,1,177835160.000,1,1,0,双开,S,6630.2000,6626.2000,6625.2000,6620.6000,6620.2000,6630.4000,6630.6000,6631.8000,6634.8000,6635.2000,1,2,2,1,1,2,1,3,1,5
SF,IC2010,2020-08-31 09:31:19.600,6630.2000,3598,0,179161200.000,1,0,1,多换,S,6625.2000,6620.6000,6620.2000,6612.0000,6601.2000,6629.8000,6630.2000,6630.6000,6631.8000,6634.8000,2,1,1,5,1,1,2,2,3,1
SF,IC2010,2020-08-31 09:31:20.100,6630.2000,3598,0,180487240.000,1,0,1,多换,S,6625.2000,6620.6000,6620.2000,6612.0000,6601.2000,6629.6000,6629.8000,6630.0000,6630.2000,6630.6000,2,1,1,5,1,2,1,1,1,1
SF,IC2010,2020-08-31 09:31:20.600,6630.2000,3598,0,180487240.000,0,-,-,-,-,6625.2000,6620.2000,6612.0000,6601.2000,6590.0000,6629.0000,6629.4000,6629.6000,6629.8000,6630.6000,2,1,5,1,2,1,2,1,2,1
SF,IC2010,2020-08-31 09:31:21.100,6625.2000,3598,0,181812280.000,1,0,1,多换,S,6625.2000,6620.2000,6612.0000,6601.2000,6590.0000,6628.8000,6629.0000,6629.6000,6629.8000,6630.6000,1,1,5,1,2,1,2,1,2,1
SF,IC2010,2020-08-31 09:31:21.600,6625.2000,3598,0,181812280.000,0,-,-,-,-,6625.2000,6620.2000,6612.0000,6601.2000,6590.0000,6628.2000,6628.6000,6628.8000,6629.0000,6629.6000,1,1,5,1,2,1,1,1,2,1
SF,IC2010,2020-08-31 09:31:22.100,6625.2000,3598,0,181812280.000,0,-,-,-,-,6625.2000,6620.2000,6612.0000,6601.2000,6590.0000,6628.0000,6628.2000,6629.0000,6629.6000,6629.8000,1,1,5,1,2,1,1,1,1,1
SF,IC2010,2020-08-31 09:31:22.600,6625.2000,3598,0,181812280.000,0,-,-,-,-,6625.2000,6620.2000,6612.0000,6601.2000,6590.0000,6627.4000,6628.0000,6628.2000,6629.6000,6629.8000,1,1,5,1,2,1,1,2,1,1
SF,IC2010,2020-08-31 09:31:23.600,6625.2000,3598,0,181812280.000,0,-,-,-,-,6625.2000,6620.2000,6612.0000,6601.2000,6590.0000,6627.2000,6627.4000,6628.0000,6628.2000,6629.6000,1,1,5,1,2,1,1,1,2,1
SF,IC2010,2020-08-31 09:31:24.100,6628.0000,3596,-2,187114280.000,4,1,3,多平,S,6625.2000,6620.2000,6612.0000,6601.2000,6590.0000,6628.2000,6629.6000,6629.8000,6630.6000,6631.8000,1,1,5,1,2,2,1,1,1,3
SF,IC2010,2020-08-31 09:31:24.600,6625.2000,3596,0,188439320.000,1,0,1,多换,S,6620.2000,6612.0000,6601.2000,6590.0000,6585.4000,6625.2000,6627.2000,6627.4000,6627.8000,6628.0000,1,5,1,2,1,1,1,1,1,1
SF,IC2010,2020-08-31 09:31:25.100,6625.2000,3597,1,191089400.000,2,1,1,空开,S,6623.6000,6623.0000,6622.6000,6621.8000,6620.8000,6629.8000,6631.8000,6633.4000,6635.2000,6642.4000,2,1,2,1,1,1,3,1,5,1
SF,IC2010,2020-08-31 09:31:25.600,6625.2000,3597,0,191089400.000,0,-,-,-,-,6623.8000,6623.0000,6622.8000,6621.2000,6620.6000,6628.0000,6628.4000,6629.6000,6629.8000,6631.8000,2,1,1,1,3,1,1,1,1,3
SF,IC2010,2020-08-31 09:31:26.100,6625.2000,3597,0,191089400.000,0,-,-,-,-,6624.0000,6623.8000,6623.0000,6621.2000,6620.6000,6628.0000,6628.4000,6629.6000,6629.8000,6631.8000,1,2,1,1,3,1,1,2,1,3
SF,IC2010,2020-08-31 09:31:26.600,6625.2000,3597,0,191089400.000,0,-,-,-,-,6626.4000,6624.2000,6624.0000,6623.8000,6623.0000,6627.4000,6627.8000,6629.8000,6631.8000,6633.4000,1,2,1,1,1,1,3,1,3,1
SF,IC2010,2020-08-31 09:31:27.100,6626.4000,3597,0,192414680.000,1,0,1,多换,S,6624.2000,6624.0000,6620.6000,6620.4000,6620.2000,6626.4000,6627.0000,6627.4000,6627.6000,6627.8000,1,1,1,1,1,2,1,1,1,1
SF,IC2010,2020-08-31 09:31:27.600,6626.4000,3597,0,192414680.000,0,-,-,-,-,6620.6000,6620.4000,6620.2000,6612.0000,6601.2000,6625.4000,6626.2000,6626.4000,6626.6000,6627.0000,1,1,1,5,1,1,1,1,1,1
SF,IC2010,2020-08-31 09:31:28.100,6626.4000,3597,0,192414680.000,0,-,-,-,-,6620.8000,6620.6000,6620.2000,6606.2000,6601.2000,6625.0000,6625.2000,6625.4000,6625.8000,6626.0000,1,1,1,5,1,1,1,1,1,1
SF,IC2010,2020-08-31 09:31:28.600,6625.0000,3594,-3,196389840.000,3,0,3,双平,S,6621.2000,6621.0000,6620.8000,6620.6000,6620.2000,6624.6000,6624.8000,6625.2000,6625.8000,6626.4000,1,3,1,1,1,1,1,1,1,1
SF,IC2010,2020-08-31 09:31:29.100,6621.6000,3591,-3,200364080.000,3,0,3,双平,S,6621.6000,6621.2000,6621.0000,6620.8000,6620.6000,6624.4000,6626.4000,6631.8000,6633.4000,6635.2000,1,1,2,1,1,1,1,3,1,5
SF,IC2010,2020-08-31 09:31:29.600,6624.4000,3590,-1,201688960.000,1,0,1,双平,S,6621.8000,6621.6000,6621.2000,6621.0000,6620.8000,6626.4000,6631.8000,6633.4000,6635.2000,6642.4000,1,1,1,2,1,1,3,1,5,1
SF,IC2010,2020-08-31 09:31:30.100,6624.4000,3590,0,201688960.000,0,-,-,-,-,6622.2000,6622.0000,6621.8000,6621.6000,6621.2000,6625.4000,6625.8000,6631.8000,6633.4000,6635.2000,1,4,2,1,1,1,1,3,1,5
SF,IC2010,2020-08-31 09:31:30.600,6624.4000,3591,1,203013840.000,1,1,0,双开,S,6624.4000,6622.6000,6622.4000,6622.2000,6622.0000,6624.6000,6631.8000,6633.4000,6635.2000,6642.4000,1,1,1,1,2,1,3,1,5,1
SF,IC2010,2020-08-31 09:31:31.100,6624.4000,3591,0,205663640.000,2,1,1,多换,S,6623.8000,6622.6000,6622.4000,6622.2000,6622.0000,6631.8000,6633.4000,6635.2000,6642.4000,6643.0000,1,1,1,1,2,3,1,5,1,1
SF,IC2010,2020-08-31 09:31:31.600,6624.2000,3590,-1,208313360.000,2,0,2,多平,S,6624.2000,6624.0000,6622.6000,6622.2000,6622.0000,6629.4000,6631.4000,6631.6000,6631.8000,6633.4000,1,1,1,1,2,1,1,1,3,1
SF,IC2010,2020-08-31 09:31:32.100,6624.2000,3590,0,208313360.000,0,-,-,-,-,6625.4000,6624.6000,6624.4000,6624.2000,6624.0000,6629.2000,6631.4000,6631.8000,6633.4000,6635.2000,1,1,2,1,1,1,1,3,1,5
SF,IC2010,2020-08-31 09:31:32.600,6625.4000,3590,0,209638440.000,1,0,1,多换,S,6625.8000,6625.6000,6625.4000,6624.6000,6624.4000,6629.2000,6631.4000,6631.8000,6633.4000,6635.2000,1,2,1,1,1,1,1,3,1,5
SF,IC2010,2020-08-31 09:31:33.100,6625.8000,3588,-2,212288680.000,2,0,2,双平,S,6626.2000,6625.8000,6625.6000,6625.4000,6624.6000,6629.2000,6631.4000,6631.8000,6633.4000,6635.2000,1,1,2,1,1,1,1,3,1,5
SF,IC2010,2020-08-31 09:31:33.600,6626.2000,3586,-2,214939080.000,2,0,2,双平,S,6626.6000,6626.4000,6626.2000,6625.8000,6625.6000,6629.2000,6631.4000,6631.8000,6633.4000,6635.2000,1,1,1,1,2,1,1,3,1,5
SF,IC2010,2020-08-31 09:31:34.100,6629.2000,3585,-1,216264920.000,1,0,1,双平,S,6627.0000,6626.6000,6626.4000,6626.2000,6625.6000,6631.4000,6631.8000,6633.4000,6635.2000,6642.4000,1,1,1,1,2,1,3,1,5,1
SF,IC2010,2020-08-31 09:31:34.600,6629.2000,3585,0,216264920.000,0,-,-,-,-,6627.4000,6627.2000,6627.0000,6626.6000,6626.4000,6629.0000,6629.8000,6631.2000,6631.4000,6631.8000,1,1,1,1,1,1,1,1,1,3
SF,IC2010,2020-08-31 09:31:35.100,6629.0000,3585,0,217590720.000,1,0,1,多换,S,6627.4000,6627.0000,6626.6000,6626.4000,6625.6000,6631.0000,6631.2000,6631.4000,6631.8000,6633.4000,1,1,1,1,2,1,1,1,3,1
SF,IC2010,2020-08-31 09:31:35.600,6629.0000,3585,0,217590720.000,0,-,-,-,-,6627.8000,6627.6000,6627.4000,6625.6000,6625.4000,6631.2000,6631.4000,6631.8000,6635.2000,6642.4000,1,2,1,1,1,1,1,3,5,1
SF,IC2010,2020-08-31 09:31:36.100,6629.0000,3585,0,217590720.000,0,-,-,-,-,6628.2000,6628.0000,6627.8000,6627.6000,6625.4000,6631.0000,6631.2000,6631.4000,6631.8000,6635.2000,1,1,1,1,1,1,1,1,3,5
SF,IC2010,2020-08-31 09:31:36.600,6629.0000,3586,1,218916520.000,1,1,0,双开,S,6628.6000,6628.2000,6628.0000,6627.8000,6625.4000,6631.2000,6631.4000,6631.8000,6635.2000,6642.4000,1,1,1,1,1,2,1,3,5,1
SF,IC2010,2020-08-31 09:31:37.100,6629.0000,3585,-1,220242320.000,1,0,1,双平,S,6629.0000,6628.2000,6628.0000,6625.4000,6620.2000,6631.2000,6631.8000,6635.2000,6642.4000,6643.0000,1,1,1,1,1,1,3,5,1,1
SF,IC2010,2020-08-31 09:31:37.600,6628.2000,3585,0,221567960.000,1,0,1,多换,S,6628.0000,6625.4000,6620.2000,6606.2000,6590.0000,6628.6000,6629.0000,6630.2000,6630.4000,6631.2000,1,1,1,5,2,1,1,1,1,1
SF,IC2010,2020-08-31 09:31:38.100,6628.0000,3584,-1,222893560.000,1,0,1,双平,S,6625.4000,6620.2000,6606.2000,6590.0000,6568.0000,6627.6000,6628.0000,6631.2000,6631.8000,6635.2000,1,1,5,2,1,1,1,1,3,5
SF,IC2010,2020-08-31 09:31:38.600,6627.8000,3584,0,224219120.000,1,0,1,多换,S,6625.6000,6625.4000,6620.2000,6606.2000,6590.4000,6627.2000,6627.6000,6631.2000,6631.8000,6635.2000,1,1,1,5,1,1,1,1,3,5
SF,IC2010,2020-08-31 09:31:39.100,6625.6000,3584,0,225544240.000,1,0,1,多换,S,6625.6000,6625.4000,6620.2000,6606.2000,6590.4000,6627.6000,6631.2000,6631.8000,6635.2000,6642.4000,1,1,1,5,1,1,1,3,5,1
SF,IC2010,2020-08-31 09:31:39.600,6625.6000,3584,0,225544240.000,0,-,-,-,-,6625.4000,6620.2000,6606.2000,6590.4000,6590.0000,6627.6000,6631.2000,6631.8000,6635.2000,6642.4000,1,1,5,1,2,1,1,3,5,1
SF,IC2010,2020-08-31 09:31:40.100,6625.6000,3584,0,225544240.000,0,-,-,-,-,6625.8000,6625.6000,6625.4000,6620.2000,6606.2000,6627.6000,6631.2000,6631.8000,6635.2000,6642.4000,1,1,1,1,5,1,1,3,5,1
SF,IC2010,2020-08-31 09:31:40.600,6625.6000,3584,0,225544240.000,0,-,-,-,-,6626.0000,6625.8000,6625.6000,6625.4000,6620.2000,6627.6000,6631.2000,6631.8000,6635.2000,6642.4000,1,1,1,2,1,1,1,3,5,1
SF,IC2010,2020-08-31 09:31:41.100,6627.6000,3583,-1,226869760.000,1,0,1,双平,S,6626.2000,6626.0000,6625.8000,6625.6000,6625.4000,6631.2000,6631.8000,6635.2000,6642.4000,6643.0000,1,1,1,1,1,1,3,5,1,1
SF,IC2010,2020-08-31 09:31:41.600,6627.6000,3583,0,226869760.000,0,-,-,-,-,6626.6000,6626.4000,6626.2000,6625.6000,6625.4000,6631.2000,6631.8000,6635.2000,6642.4000,6643.0000,1,2,4,1,1,1,3,5,1,1
SF,IC2010,2020-08-31 09:31:42.100,6627.6000,3583,0,226869760.000,0,-,-,-,-,6628.8000,6627.0000,6626.8000,6626.6000,6625.6000,6630.8000,6631.2000,6631.8000,6635.2000,6642.4000,1,1,6,1,1,1,1,3,5,1
SF,IC2010,2020-08-31 09:31:42.600,6628.8000,3583,0,228195520.000,1,0,1,多换,S,6627.0000,6626.8000,6626.6000,6625.4000,6620.2000,6628.8000,6630.6000,6631.8000,6635.2000,6642.4000,1,2,1,1,1,1,2,3,5,1
SF,IC2010,2020-08-31 09:31:43.100,6627.2000,3583,0,229520960.000,1,0,1,多换,S,6625.4000,6620.2000,6606.2000,6590.4000,6590.0000,6630.6000,6631.8000,6635.2000,6642.4000,6643.0000,1,1,5,1,2,3,3,5,1,1
SF,IC2010,2020-08-31 09:31:43.600,6627.2000,3583,0,230846400.000,1,0,1,多换,S,6625.8000,6625.6000,6625.4000,6620.2000,6606.2000,6630.2000,6630.6000,6631.8000,6635.2000,6642.4000,1,1,1,1,5,1,2,3,5,1
SF,IC2010,2020-08-31 09:31:44.100,6627.2000,3583,0,230846400.000,0,-,-,-,-,6626.2000,6626.0000,6625.4000,6620.2000,6606.2000,6630.0000,6630.2000,6630.6000,6631.8000,6635.2000,1,3,1,1,5,1,1,1,3,5
SF,IC2010,2020-08-31 09:31:44.600,6627.2000,3583,0,230846400.000,0,-,-,-,-,6626.2000,6626.0000,6625.4000,6620.2000,6606.2000,6629.6000,6629.8000,6630.0000,6630.2000,6630.6000,1,2,1,1,5,1,1,1,1,1
SF,IC2010,2020-08-31 09:31:45.100,6627.2000,3583,0,230846400.000,0,-,-,-,-,6626.4000,6626.2000,6626.0000,6625.4000,6620.2000,6629.2000,6629.4000,6629.6000,6629.8000,6630.2000,1,1,2,1,1,1,1,1,2,1
SF,IC2010,2020-08-31 09:31:45.600,6627.2000,3583,0,230846400.000,0,-,-,-,-,6626.4000,6626.0000,6625.4000,6620.2000,6606.2000,6628.8000,6629.2000,6629.4000,6629.6000,6629.8000,2,1,1,1,5,1,1,1,1,1
SF,IC2010,2020-08-31 09:31:46.100,6627.2000,3583,0,230846400.000,0,-,-,-,-,6626.6000,6626.4000,6626.0000,6625.4000,6620.2000,6629.0000,6629.2000,6629.6000,6629.8000,6630.2000,2,1,1,1,1,1,1,1,1,1
SF,IC2010,2020-08-31 09:31:46.600,6626.8000,3584,1,232171760.000,1,1,0,双开,S,6626.6000,6626.4000,6626.0000,6625.4000,6620.2000,6628.8000,6629.0000,6629.2000,6629.6000,6629.8000,1,1,1,1,1,1,1,1,1,1
SF,IC2010,2020-08-31 09:31:47.100,6626.8000,3584,0,233497120.000,1,0,1,多换,S,6626.4000,6626.0000,6625.4000,6620.2000,6606.2000,6626.6000,6629.2000,6629.6000,6629.8000,6630.2000,1,1,1,1,5,1,1,1,1,1
SF,IC2010,2020-08-31 09:31:47.600,6626.4000,3584,0,238798400.000,4,2,2,多换,S,6626.0000,6625.4000,6620.2000,6606.2000,6590.4000,6628.4000,6629.2000,6629.6000,6629.8000,6630.2000,1,1,1,5,1,1,1,1,1,1
SF,IC2010,2020-08-31 09:31:48.100,6626.4000,3584,0,238798400.000,0,-,-,-,-,6626.0000,6625.4000,6620.2000,6606.2000,6590.4000,6628.2000,6628.4000,6629.2000,6629.6000,6629.8000,1,1,1,5,1,1,1,1,1,1
SF,IC2010,2020-08-31 09:31:48.600,6626.4000,3584,0,238798400.000,0,-,-,-,-,6626.2000,6626.0000,6625.4000,6620.2000,6606.2000,6628.2000,6628.4000,6629.2000,6629.6000,6629.8000,4,1,1,1,5,1,1,1,1,1
SF,IC2010,2020-08-31 09:31:49.100,6626.0000,3585,1,240123600.000,1,1,0,双开,S,6625.4000,6620.2000,6606.2000,6590.4000,6590.0000,6628.0000,6628.2000,6628.4000,6629.2000,6629.6000,1,1,5,1,2,1,1,1,1,1
SF,IC2010,2020-08-31 09:31:49.600,6626.0000,3585,0,240123600.000,0,-,-,-,-,6625.4000,6620.2000,6606.2000,6590.4000,6590.0000,6627.6000,6628.4000,6629.2000,6629.6000,6629.8000,1,1,5,1,2,1,1,1,1,1
SF,IC2010,2020-08-31 09:31:50.600,6626.0000,3585,0,240123600.000,0,-,-,-,-,6625.6000,6625.4000,6620.2000,6606.2000,6590.4000,6627.4000,6627.6000,6628.4000,6629.2000,6629.6000,4,1,1,5,1,1,1,1,1,1
SF,IC2010,2020-08-31 09:31:51.100,6627.6000,3585,0,241449120.000,1,0,1,多换,S,6625.6000,6625.4000,6620.2000,6606.2000,6590.4000,6628.4000,6629.2000,6629.6000,6629.8000,6630.2000,4,1,1,5,1,1,1,1,1,1
SF,IC2010,2020-08-31 09:31:51.600,6627.6000,3585,0,241449120.000,0,-,-,-,-,6625.6000,6625.4000,6620.2000,6606.2000,6590.4000,6627.2000,6628.0000,6628.4000,6629.2000,6629.6000,4,1,1,5,1,1,1,1,1,1
SF,IC2010,2020-08-31 09:31:52.100,6627.6000,3585,0,241449120.000,0,-,-,-,-,6625.4000,6620.2000,6606.2000,6590.4000,6590.0000,6628.0000,6628.4000,6629.2000,6629.6000,6629.8000,1,1,5,1,2,1,1,1,1,1
SF,IC2010,2020-08-31 09:31:52.600,6627.6000,3585,0,241449120.000,0,-,-,-,-,6625.4000,6620.2000,6606.2000,6590.4000,6590.0000,6627.0000,6627.6000,6627.8000,6628.0000,6628.4000,1,1,5,1,2,1,1,2,1,1
SF,IC2010,2020-08-31 09:31:53.100,6625.4000,3585,0,244099280.000,2,1,1,多换,S,6620.2000,6606.2000,6590.4000,6590.0000,6580.0000,6627.6000,6627.8000,6628.0000,6628.4000,6629.2000,1,5,1,2,20,1,2,1,1,1
SF,IC2010,2020-08-31 09:31:53.600,6625.4000,3585,0,244099280.000,0,-,-,-,-,6624.8000,6624.0000,6623.0000,6622.4000,6620.8000,6627.2000,6627.6000,6628.0000,6628.4000,6629.2000,1,2,1,1,4,1,1,1,1,1
SF,IC2010,2020-08-31 09:31:54.100,6624.8000,3584,-1,245424240.000,1,0,1,双平,S,6624.0000,6623.0000,6621.6000,6620.8000,6620.6000,6627.0000,6627.2000,6627.6000,6628.0000,6628.4000,1,1,1,4,2,1,1,1,1,1
SF,IC2010,2020-08-31 09:31:54.600,6624.8000,3584,0,245424240.000,0,-,-,-,-,6624.2000,6620.8000,6620.6000,6620.4000,6620.2000,6626.6000,6627.0000,6627.2000,6627.6000,6628.0000,1,4,2,3,1,1,1,1,1,1
SF,IC2010,2020-08-31 09:31:55.100,6624.2000,3583,-1,246749080.000,1,0,1,双平,S,6620.8000,6620.6000,6620.4000,6620.2000,6606.2000,6626.2000,6626.6000,6626.8000,6627.0000,6627.2000,4,1,3,1,5,1,1,1,1,1
SF,IC2010,2020-08-31 09:31:55.600,6624.2000,3583,0,246749080.000,0,-,-,-,-,6624.2000,6623.4000,6623.0000,6621.0000,6620.8000,6625.8000,6626.2000,6626.6000,6627.0000,6627.2000,1,2,1,4,4,1,1,1,1,1
SF,IC2010,2020-08-31 09:31:56.100,6624.2000,3582,-1,248073920.000,1,0,1,双平,S,6623.0000,6621.0000,6620.8000,6620.6000,6620.4000,6625.6000,6625.8000,6626.0000,6626.2000,6626.6000,1,4,4,1,2,2,1,1,1,1
SF,IC2010,2020-08-31 09:31:56.600,6624.2000,3582,0,248073920.000,0,-,-,-,-,6621.0000,6620.8000,6620.6000,6620.4000,6620.2000,6625.2000,6625.4000,6625.6000,6625.8000,6626.2000,2,1,1,1,1,1,1,1,1,1
SF,IC2010,2020-08-31 09:31:57.100,6624.2000,3582,0,248073920.000,0,-,-,-,-,6623.4000,6623.0000,6621.4000,6621.0000,6620.6000,6624.8000,6625.4000,6625.6000,6625.8000,6626.2000,1,2,1,3,1,1,1,1,1,1
SF,IC2010,2020-08-31 09:31:57.600,6624.2000,3582,0,248073920.000,0,-,-,-,-,6622.4000,6621.4000,6621.0000,6620.6000,6620.4000,6625.4000,6625.6000,6625.8000,6626.2000,6626.6000,1,1,2,1,1,1,1,1,1,1
SF,IC2010,2020-08-31 09:31:58.100,6624.2000,3582,0,248073920.000,0,-,-,-,-,6622.4000,6621.4000,6621.0000,6620.6000,6620.4000,6625.2000,6625.6000,6625.8000,6626.2000,6626.6000,1,1,2,1,1,1,1,1,1,1
SF,IC2010,2020-08-31 09:31:58.600,6625.2000,3581,-1,249398960.000,1,0,1,双平,S,6624.0000,6622.8000,6622.6000,6622.4000,6621.4000,6625.2000,6625.4000,6625.6000,6625.8000,6626.2000,1,1,1,1,1,1,1,1,1,1
SF,IC2010,2020-08-31 09:31:59.100,6625.2000,3579,-2,252049040.000,2,0,2,双平,S,6623.0000,6622.6000,6622.4000,6621.4000,6621.0000,6624.8000,6625.4000,6625.6000,6625.8000,6627.0000,1,1,1,1,1,1,1,1,1,1
SF,IC2010,2020-08-31 09:31:59.600,6625.2000,3579,0,252049040.000,0,-,-,-,-,6623.4000,6622.6000,6621.4000,6621.0000,6620.6000,6624.4000,6627.0000,6631.8000,6632.0000,6635.2000,1,1,1,1,1,1,1,3,1,5
SF,IC2010,2020-08-31 09:32:00.100,6625.2000,3579,0,252049040.000,0,-,-,-,-,6623.4000,6622.6000,6621.4000,6620.8000,6620.6000,6627.0000,6631.8000,6632.0000,6635.2000,6642.4000,1,1,1,1,1,1,3,1,5,1
SF,IC2010,2020-08-31 09:32:00.600,6625.2000,3579,0,252049040.000,0,-,-,-,-,6623.8000,6621.4000,6620.8000,6620.6000,6620.4000,6626.8000,6627.0000,6631.8000,6632.0000,6635.2000,1,1,1,1,1,2,1,3,1,5
SF,IC2010,2020-08-31 09:32:01.100,6625.2000,3579,0,252049040.000,0,-,-,-,-,6624.2000,6623.8000,6621.4000,6620.8000,6620.6000,6626.8000,6627.0000,6631.8000,6632.0000,6635.2000,1,1,1,1,1,2,1,3,1,5
SF,IC2010,2020-08-31 09:32:01.600,6625.2000,3579,0,252049040.000,0,-,-,-,-,6624.6000,6624.2000,6623.8000,6621.4000,6620.8000,6626.8000,6627.0000,6631.8000,6632.0000,6635.2000,1,1,1,1,1,2,1,3,1,5
SF,IC2010,2020-08-31 09:32:02.100,6625.2000,3579,0,252049040.000,0,-,-,-,-,6625.0000,6624.6000,6624.2000,6623.8000,6621.4000,6626.8000,6627.0000,6631.8000,6632.0000,6635.2000,1,1,1,1,1,1,1,3,1,5
SF,IC2010,2020-08-31 09:32:02.600,6626.8000,3577,-2,256024400.000,3,0,3,多平,S,6625.2000,6624.6000,6624.2000,6623.8000,6620.8000,6627.0000,6631.8000,6632.0000,6635.2000,6642.4000,1,1,1,1,1,1,3,1,5,1
SF,IC2010,2020-08-31 09:32:03.100,6626.8000,3577,0,256024400.000,0,-,-,-,-,6624.6000,6624.2000,6623.8000,6620.8000,6620.4000,6626.6000,6627.0000,6631.8000,6632.0000,6635.2000,1,1,1,1,1,1,1,3,1,5
SF,IC2010,2020-08-31 09:32:03.600,6626.8000,3577,0,256024400.000,0,-,-,-,-,6624.6000,6624.2000,6623.8000,6620.8000,6620.4000,6627.0000,6631.8000,6632.0000,6635.2000,6642.4000,1,1,1,1,1,1,3,1,5,1
SF,IC2010,2020-08-31 09:32:04.100,6626.8000,3577,0,256024400.000,0,-,-,-,-,6625.6000,6624.8000,6624.6000,6624.2000,6623.8000,6627.0000,6631.8000,6632.0000,6635.2000,6642.4000,1,1,1,1,1,1,3,1,5,1
SF,IC2010,2020-08-31 09:32:04.600,6626.8000,3577,0,256024400.000,0,-,-,-,-,6624.8000,6624.6000,6624.2000,6623.8000,6620.8000,6626.8000,6627.0000,6631.8000,6632.0000,6635.2000,1,1,1,1,1,1,1,3,1,5
SF,IC2010,2020-08-31 09:32:05.100,6627.0000,3577,0,258675160.000,2,1,1,多换,S,6624.8000,6624.6000,6624.2000,6623.8000,6620.8000,6631.8000,6632.0000,6635.2000,6642.4000,6643.0000,1,1,1,1,1,3,1,5,1,1
SF,IC2010,2020-08-31 09:32:05.600,6627.0000,3577,0,258675160.000,0,-,-,-,-,6625.2000,6625.0000,6624.8000,6624.6000,6624.2000,6631.4000,6631.6000,6631.8000,6632.0000,6635.2000,1,3,2,1,1,1,2,3,1,5
SF,IC2010,2020-08-31 09:32:06.100,6627.0000,3577,0,258675160.000,0,-,-,-,-,6625.6000,6625.4000,6625.2000,6624.8000,6624.6000,6631.0000,6631.2000,6631.4000,6631.6000,6631.8000,1,2,1,2,1,1,1,1,1,3
SF,IC2010,2020-08-31 09:32:06.600,6627.0000,3577,0,258675160.000,0,-,-,-,-,6626.0000,6625.8000,6625.6000,6625.4000,6625.2000,6630.8000,6631.2000,6631.4000,6631.8000,6635.2000,1,2,1,1,1,1,1,1,3,5
SF,IC2010,2020-08-31 09:32:07.100,6627.0000,3577,0,258675160.000,0,-,-,-,-,6626.4000,6626.2000,6626.0000,6625.8000,6625.6000,6630.6000,6631.8000,6635.2000,6642.4000,6643.0000,1,2,2,1,1,1,3,5,1,1
SF,IC2010,2020-08-31 09:32:07.600,6627.0000,3577,0,258675160.000,0,-,-,-,-,6626.8000,6626.6000,6626.4000,6626.0000,6625.8000,6630.4000,6631.8000,6635.2000,6642.4000,6643.0000,1,2,1,1,1,2,3,5,1,1
SF,IC2010,2020-08-31 09:32:08.100,6627.0000,3577,0,258675160.000,0,-,-,-,-,6627.2000,6627.0000,6626.8000,6626.6000,6626.4000,6630.4000,6631.8000,6635.2000,6642.4000,6643.0000,1,1,1,1,1,1,3,5,1,1
SF,IC2010,2020-08-31 09:32:08.600,6627.0000,3577,0,258675160.000,0,-,-,-,-,6627.6000,6627.4000,6627.2000,6627.0000,6626.8000,6631.8000,6635.2000,6639.8000,6642.4000,6643.0000,1,1,2,1,1,3,5,1,1,1
SF,IC2010,2020-08-31 09:32:09.100,6627.0000,3577,0,258675160.000,0,-,-,-,-,6628.0000,6627.8000,6627.6000,6627.2000,6626.8000,6631.6000,6631.8000,6635.2000,6639.8000,6642.4000,1,2,1,2,1,1,3,5,1,1
SF,IC2010,2020-08-31 09:32:09.600,6627.0000,3578,1,260000560.000,1,1,0,双开,S,6628.4000,6628.2000,6628.0000,6627.8000,6627.6000,6631.4000,6631.8000,6635.2000,6639.8000,6642.4000,1,1,1,1,1,1,3,5,1,1
SF,IC2010,2020-08-31 09:32:10.100,6627.0000,3578,0,260000560.000,0,-,-,-,-,6628.8000,6628.6000,6628.4000,6628.2000,6628.0000,6631.8000,6635.2000,6639.8000,6642.4000,6643.0000,1,1,1,1,1,3,5,1,1,1
SF,IC2010,2020-08-31 09:32:10.600,6627.0000,3578,0,260000560.000,0,-,-,-,-,6629.2000,6629.0000,6628.8000,6628.6000,6628.4000,6631.8000,6635.2000,6639.8000,6642.4000,6643.0000,1,2,1,2,1,3,5,1,1,1
SF,IC2010,2020-08-31 09:32:11.100,6631.8000,3578,0,261326920.000,1,0,1,多换,S,6629.6000,6629.4000,6629.2000,6629.0000,6628.8000,6631.8000,6635.2000,6639.8000,6642.4000,6643.0000,1,1,1,3,1,2,5,1,1,1
SF,IC2010,2020-08-31 09:32:11.600,6631.8000,3578,0,261326920.000,0,-,-,-,-,6630.0000,6629.8000,6629.6000,6629.4000,6629.2000,6631.8000,6635.2000,6639.8000,6642.4000,6643.0000,1,1,1,1,1,2,5,1,1,1
SF,IC2010,2020-08-31 09:32:12.100,6631.8000,3578,0,263979640.000,2,1,1,多换,S,6630.4000,6630.2000,6630.0000,6629.8000,6629.6000,6635.2000,6639.8000,6642.4000,6643.0000,6644.2000,1,1,1,1,1,5,1,1,1,1
SF,IC2010,2020-08-31 09:32:12.600,6631.8000,3578,0,263979640.000,0,-,-,-,-,6630.8000,6630.6000,6630.4000,6630.2000,6630.0000,6635.0000,6635.2000,6639.8000,6642.4000,6643.0000,1,2,1,1,1,1,5,1,1,1
SF,IC2010,2020-08-31 09:32:13.100,6631.8000,3578,0,263979640.000,0,-,-,-,-,6631.2000,6631.0000,6630.8000,6630.6000,6630.4000,6635.0000,6635.2000,6639.8000,6642.4000,6643.0000,1,2,1,1,1,2,5,1,1,1
SF,IC2010,2020-08-31 09:32:13.600,6631.8000,3578,0,263979640.000,0,-,-,-,-,6631.6000,6631.2000,6631.0000,6630.8000,6630.4000,6635.0000,6639.8000,6641.0000,6642.4000,6643.0000,1,1,2,1,1,2,1,5,1,1
SF,IC2010,2020-08-31 09:32:14.100,6635.0000,3577,-1,265306640.000,1,0,1,双平,S,6632.0000,6631.6000,6631.2000,6631.0000,6630.8000,6635.0000,6639.8000,6641.0000,6642.4000,6643.0000,1,1,1,2,1,1,1,5,1,1
SF,IC2010,2020-08-31 09:32:14.600,6635.0000,3577,0,265306640.000,0,-,-,-,-,6632.4000,6632.0000,6631.6000,6631.2000,6631.0000,6634.8000,6639.8000,6641.0000,6642.4000,6643.0000,1,1,1,1,2,2,1,5,1,1
SF,IC2010,2020-08-31 09:32:15.100,6632.6000,3576,-1,266633160.000,1,0,1,双平,S,6632.0000,6631.6000,6631.0000,6622.4000,6620.8000,6634.6000,6634.8000,6635.0000,6639.8000,6641.0000,1,1,2,1,1,1,1,1,1,5
SF,IC2010,2020-08-31 09:32:15.600,6632.0000,3573,-3,270612360.000,3,0,3,双平,S,6631.0000,6622.4000,6620.8000,6620.2000,6619.2000,6632.4000,6634.6000,6639.8000,6641.0000,6642.4000,1,1,1,1,1,1,2,1,5,1
SF,IC2010,2020-08-31 09:32:16.100,6631.0000,3573,0,271938560.000,1,0,1,多换,S,6622.4000,6620.8000,6620.2000,6619.2000,6606.2000,6632.2000,6634.2000,6634.6000,6639.8000,6641.0000,1,1,1,1,5,1,2,1,1,5
SF,IC2010,2020-08-31 09:32:16.600,6631.0000,3573,0,271938560.000,0,-,-,-,-,6626.4000,6624.0000,6623.6000,6623.0000,6622.6000,6631.8000,6632.0000,6632.4000,6634.2000,6639.8000,1,1,1,6,3,1,1,1,1,1
SF,IC2010,2020-08-31 09:32:17.100,6631.0000,3573,0,271938560.000,0,-,-,-,-,6628.2000,6627.0000,6626.6000,6625.8000,6624.0000,6631.4000,6631.8000,6632.4000,6634.2000,6639.8000,1,4,3,1,1,1,1,1,1,1
SF,IC2010,2020-08-31 09:32:17.600,6631.0000,3573,0,271938560.000,0,-,-,-,-,6628.6000,6628.4000,6626.6000,6623.0000,6622.6000,6631.0000,6631.2000,6631.4000,6631.8000,6632.4000,4,1,3,2,2,1,1,1,1,1
SF,IC2010,2020-08-31 09:32:18.100,6631.0000,3572,-1,273264760.000,1,0,1,双平,S,6628.6000,6628.4000,6626.6000,6623.0000,6622.6000,6631.0000,6631.2000,6631.4000,6631.8000,6632.4000,4,1,2,2,2,1,1,1,1,1
SF,IC2010,2020-08-31 09:32:18.600,6631.8000,3569,-3,277243600.000,3,0,3,双平,S,6628.8000,6628.6000,6628.4000,6626.6000,6623.0000,6632.4000,6634.2000,6639.8000,6641.0000,6642.4000,2,5,1,2,2,1,1,1,5,1
SF,IC2010,2020-08-31 09:32:19.100,6631.8000,3569,0,277243600.000,0,-,-,-,-,6631.0000,6629.4000,6629.2000,6629.0000,6628.8000,6632.4000,6634.2000,6639.8000,6641.0000,6642.4000,1,4,1,3,3,1,1,1,5,1
SF,IC2010,2020-08-31 09:32:19.600,6631.2000,3569,0,278569840.000,1,0,1,多换,S,6631.0000,6629.4000,6629.2000,6629.0000,6628.8000,6634.2000,6639.8000,6641.0000,6642.4000,6643.0000,1,4,2,2,4,1,1,5,1,1
SF,IC2010,2020-08-31 09:32:20.100,6631.2000,3569,0,278569840.000,0,-,-,-,-,6631.4000,6631.2000,6631.0000,6629.2000,6629.0000,6639.8000,6641.0000,6642.4000,6643.0000,6644.2000,1,7,1,1,2,1,5,1,1,1
SF,IC2010,2020-08-31 09:32:20.600,6631.2000,3569,0,278569840.000,0,-,-,-,-,6631.8000,6631.6000,6631.4000,6631.2000,6631.0000,6636.8000,6639.4000,6639.6000,6639.8000,6641.0000,5,1,1,2,1,1,1,2,1,5
SF,IC2010,2020-08-31 09:32:21.100,6631.2000,3569,0,278569840.000,0,-,-,-,-,6632.2000,6632.0000,6631.8000,6631.6000,6631.4000,6636.4000,6636.6000,6636.8000,6639.4000,6639.6000,1,1,1,4,1,1,1,1,1,1
SF,IC2010,2020-08-31 09:32:21.600,6632.6000,3568,-1,281223560.000,2,0,2,多平,S,6632.6000,6632.4000,6632.2000,6631.8000,6631.6000,6636.0000,6636.2000,6636.4000,6636.6000,6636.8000,1,1,1,1,4,1,1,1,1,1
SF,IC2010,2020-08-31 09:32:22.100,6632.6000,3564,-4,286529640.000,4,0,4,双平,S,6632.4000,6631.0000,6629.0000,6626.6000,6623.0000,6635.6000,6635.8000,6636.0000,6636.2000,6636.4000,1,1,1,1,2,1,3,1,1,1
SF,IC2010,2020-08-31 09:32:22.600,6632.4000,3564,0,287856120.000,1,0,1,多换,S,6631.0000,6629.0000,6626.6000,6623.0000,6622.6000,6635.2000,6635.6000,6635.8000,6636.0000,6636.4000,1,1,1,2,1,1,1,2,1,1
SF,IC2010,2020-08-31 09:32:23.100,6632.4000,3564,0,287856120.000,0,-,-,-,-,6631.0000,6626.6000,6623.0000,6622.6000,6622.4000,6635.0000,6635.2000,6635.4000,6635.6000,6635.8000,1,1,2,1,1,3,2,1,1,1
SF,IC2010,2020-08-31 09:32:23.600,6631.0000,3564,0,289182320.000,1,0,1,多换,S,6626.6000,6623.0000,6622.6000,6622.4000,6620.8000,6634.6000,6634.8000,6635.0000,6635.2000,6635.6000,1,2,1,1,1,2,1,4,1,1
SF,IC2010,2020-08-31 09:32:24.100,6631.0000,3564,0,289182320.000,0,-,-,-,-,6627.2000,6626.8000,6626.6000,6623.0000,6622.6000,6634.2000,6634.4000,6634.6000,6634.8000,6635.0000,4,1,1,2,1,2,2,1,2,1
SF,IC2010,2020-08-31 09:32:24.600,6631.0000,3564,0,289182320.000,0,-,-,-,-,6627.4000,6627.2000,6626.6000,6623.0000,6622.6000,6633.8000,6634.0000,6634.2000,6634.6000,6634.8000,1,5,1,2,1,1,2,1,1,2
SF,IC2010,2020-08-31 09:32:25.100,6631.0000,3564,0,289182320.000,0,-,-,-,-,6627.8000,6627.4000,6626.6000,6623.0000,6622.6000,6633.4000,6633.6000,6633.8000,6634.0000,6634.2000,4,1,1,2,1,1,2,1,1,1
SF,IC2010,2020-08-31 09:32:25.600,6631.0000,3564,0,289182320.000,0,-,-,-,-,6628.0000,6627.8000,6626.6000,6623.0000,6622.6000,6633.0000,6633.2000,6633.4000,6633.8000,6634.2000,1,4,1,2,1,1,2,1,1,1
SF,IC2010,2020-08-31 09:32:26.100,6631.0000,3564,0,289182320.000,0,-,-,-,-,6628.2000,6628.0000,6626.6000,6623.0000,6622.6000,6632.6000,6632.8000,6633.0000,6633.4000,6633.8000,5,1,1,2,1,1,2,1,1,1
SF,IC2010,2020-08-31 09:32:26.600,6631.0000,3564,0,289182320.000,0,-,-,-,-,6628.4000,6628.2000,6627.2000,6626.6000,6623.0000,6632.2000,6632.4000,6632.6000,6632.8000,6633.0000,1,5,1,1,2,1,1,1,1,1
SF,IC2010,2020-08-31 09:32:27.100,6631.0000,3564,0,289182320.000,0,-,-,-,-,6628.6000,6628.4000,6627.2000,6626.6000,6623.0000,6631.8000,6632.0000,6632.2000,6632.4000,6632.6000,4,1,1,1,2,1,1,1,2,1
SF,IC2010,2020-08-31 09:32:27.600,6628.4000,3562,-2,291833720.000,2,0,2,双平,S,6627.2000,6626.6000,6623.0000,6622.6000,6622.4000,6631.4000,6631.6000,6631.8000,6632.0000,6632.2000,1,1,2,1,1,1,1,1,2,1
SF,IC2010,2020-08-31 09:32:28.100,6627.2000,3562,0,293159160.000,1,0,1,多换,S,6623.0000,6622.6000,6622.4000,6620.8000,6620.2000,6631.0000,6631.2000,6631.4000,6631.6000,6631.8000,2,1,1,1,1,1,2,2,1,1
SF,IC2010,2020-08-31 09:32:28.600,6627.2000,3562,0,293159160.000,0,-,-,-,-,6624.6000,6623.6000,6623.4000,6623.2000,6623.0000,6630.6000,6630.8000,6631.0000,6631.2000,6631.4000,1,3,1,1,2,1,3,1,1,1
SF,IC2010,2020-08-31 09:32:29.100,6627.2000,3562,0,293159160.000,0,-,-,-,-,6625.2000,6624.8000,6623.4000,6623.0000,6622.4000,6630.2000,6630.4000,6630.6000,6630.8000,6631.0000,3,1,2,2,1,1,2,1,2,1
SF,IC2010,2020-08-31 09:32:29.600,6627.2000,3562,0,293159160.000,0,-,-,-,-,6625.4000,6625.2000,6623.4000,6623.0000,6622.4000,6629.8000,6630.0000,6630.2000,6630.4000,6630.6000,1,3,2,2,1,1,3,1,1,1
SF,IC2010,2020-08-31 09:32:30.100,6627.2000,3562,0,293159160.000,0,-,-,-,-,6625.8000,6623.4000,6623.0000,6622.4000,6620.8000,6629.4000,6629.6000,6629.8000,6630.0000,6630.2000,3,1,1,1,1,1,2,1,2,1
SF,IC2010,2020-08-31 09:32:30.600,6625.8000,3560,-2,295809480.000,2,0,2,双平,S,6623.4000,6623.0000,6622.4000,6620.8000,6620.2000,6629.0000,6629.2000,6629.4000,6629.6000,6629.8000,1,1,1,1,1,1,2,1,2,1
SF,IC2010,2020-08-31 09:32:31.100,6625.8000,3560,0,295809480.000,0,-,-,-,-,6624.0000,6623.6000,6623.4000,6623.0000,6622.4000,6628.6000,6628.8000,6629.0000,6629.2000,6629.4000,1,1,1,1,1,1,2,1,1,1
SF,IC2010,2020-08-31 09:32:31.600,6625.8000,3560,0,295809480.000,0,-,-,-,-,6624.2000,6624.0000,6623.6000,6623.4000,6623.0000,6628.2000,6628.4000,6628.6000,6629.0000,6629.2000,3,1,1,1,1,1,2,1,1,1
SF,IC2010,2020-08-31 09:32:32.100,6625.8000,3560,0,295809480.000,0,-,-,-,-,6624.8000,6624.4000,6624.2000,6623.4000,6623.0000,6627.8000,6628.0000,6628.2000,6628.6000,6629.0000,1,2,2,1,1,1,2,1,1,1
SF,IC2010,2020-08-31 09:32:32.600,6625.8000,3560,0,295809480.000,0,-,-,-,-,6624.8000,6624.4000,6623.4000,6622.4000,6620.8000,6627.4000,6627.6000,6627.8000,6628.2000,6628.6000,1,2,1,1,1,1,1,1,1,1
SF,IC2010,2020-08-31 09:32:33.100,6625.8000,3560,0,295809480.000,0,-,-,-,-,6624.8000,6623.4000,6622.4000,6620.8000,6620.2000,6627.0000,6627.2000,6627.4000,6627.8000,6628.2000,1,1,1,1,1,1,1,1,1,1
SF,IC2010,2020-08-31 09:32:33.600,6625.8000,3560,0,295809480.000,0,-,-,-,-,6625.0000,6623.4000,6623.2000,6622.4000,6620.8000,6626.6000,6627.0000,6627.4000,6627.8000,6628.2000,1,1,1,1,1,1,1,1,1,1
SF,IC2010,2020-08-31 09:32:34.100,6625.8000,3560,0,295809480.000,0,-,-,-,-,6623.2000,6622.4000,6620.8000,6620.2000,6619.2000,6626.2000,6626.6000,6627.0000,6627.4000,6627.8000,1,1,1,1,1,1,1,1,1,1
SF,IC2010,2020-08-31 09:32:34.600,6625.8000,3560,0,295809480.000,0,-,-,-,-,6623.8000,6623.4000,6623.2000,6622.4000,6620.8000,6625.8000,6626.2000,6626.4000,6626.6000,6627.0000,1,1,1,1,1,1,1,1,1,1
SF,IC2010,2020-08-31 09:32:35.100,6625.8000,3560,0,295809480.000,0,-,-,-,-,6623.4000,6623.2000,6622.4000,6620.8000,6620.2000,6625.4000,6625.6000,6625.8000,6626.0000,6626.2000,1,1,1,1,1,1,1,1,1,1
SF,IC2010,2020-08-31 09:32:35.600,6625.8000,3560,0,295809480.000,0,-,-,-,-,6623.2000,6622.4000,6620.8000,6620.2000,6619.2000,6625.0000,6625.2000,6625.4000,6625.6000,6625.8000,1,1,1,1,1,1,1,1,2,1
SF,IC2010,2020-08-31 09:32:36.100,6625.8000,3560,0,295809480.000,0,-,-,-,-,6623.2000,6622.4000,6620.8000,6620.2000,6619.2000,6624.6000,6625.0000,6625.2000,6625.4000,6625.6000,1,1,1,1,1,1,1,1,1,1
SF,IC2010,2020-08-31 09:32:36.600,6625.8000,3560,0,295809480.000,0,-,-,-,-,6623.2000,6622.4000,6620.8000,6620.2000,6619.2000,6624.2000,6624.6000,6625.0000,6625.2000,6625.4000,1,1,1,1,1,1,1,1,1,1
SF,IC2010,2020-08-31 09:32:37.100,6623.2000,3560,0,297134120.000,1,0,1,多换,S,6622.4000,6620.8000,6620.2000,6619.2000,6612.0000,6624.2000,6624.4000,6624.6000,6625.0000,6625.2000,1,1,1,1,5,1,1,1,1,1
SF,IC2010,2020-08-31 09:32:37.600,6623.2000,3560,0,297134120.000,0,-,-,-,-,6622.4000,6620.8000,6620.2000,6619.2000,6612.0000,6623.8000,6624.2000,6624.6000,6625.0000,6625.2000,1,1,1,1,5,1,1,1,1,1
SF,IC2010,2020-08-31 09:32:38.100,6623.2000,3560,0,297134120.000,0,-,-,-,-,6622.6000,6622.4000,6620.8000,6620.2000,6619.2000,6623.8000,6624.2000,6624.6000,6625.0000,6625.2000,1,1,1,1,1,1,1,1,1,1
SF,IC2010,2020-08-31 09:32:38.600,6623.8000,3559,-1,298458880.000,1,0,1,双平,S,6622.8000,6622.4000,6620.8000,6620.2000,6619.2000,6623.6000,6624.2000,6624.6000,6625.0000,6625.2000,1,1,1,1,1,1,1,1,1,1
SF,IC2010,2020-08-31 09:32:39.100,6623.8000,3559,0,298458880.000,0,-,-,-,-,6622.8000,6622.4000,6620.8000,6620.2000,6619.2000,6624.2000,6624.6000,6625.0000,6625.2000,6625.4000,1,1,1,1,1,1,1,1,1,1
SF,IC2010,2020-08-31 09:32:39.600,6624.2000,3559,0,299783720.000,1,0,1,多换,S,6622.8000,6622.4000,6620.8000,6620.2000,6619.2000,6624.2000,6624.6000,6625.0000,6625.2000,6625.4000,1,1,1,1,1,1,1,1,1,1
SF,IC2010,2020-08-31 09:32:40.100,6624.2000,3559,0,299783720.000,0,-,-,-,-,6623.0000,6622.8000,6622.4000,6620.8000,6620.2000,6623.8000,6624.6000,6625.0000,6625.2000,6625.4000,1,1,1,1,1,1,1,1,1,1
SF,IC2010,2020-08-31 09:32:40.600,6624.2000,3559,0,299783720.000,0,-,-,-,-,6622.8000,6622.4000,6620.8000,6620.2000,6619.2000,6624.6000,6625.0000,6625.2000,6625.4000,6625.8000,1,1,1,1,1,1,1,1,1,1
SF,IC2010,2020-08-31 09:32:41.100,6624.2000,3559,0,299783720.000,0,-,-,-,-,6622.8000,6622.4000,6620.8000,6620.2000,6619.2000,6623.0000,6624.4000,6624.6000,6625.0000,6625.2000,1,1,1,1,1,2,1,1,1,1
SF,IC2010,2020-08-31 09:32:41.600,6624.2000,3557,-2,302433400.000,2,0,2,双平,S,6622.8000,6622.4000,6620.8000,6620.2000,6619.2000,6624.6000,6625.0000,6625.4000,6625.8000,6626.2000,1,1,1,1,1,1,1,1,1,1
SF,IC2010,2020-08-31 09:32:42.100,6625.0000,3552,-5,309058000.000,5,0,5,双平,S,6623.4000,6622.8000,6622.4000,6620.8000,6620.2000,6625.4000,6625.8000,6626.2000,6629.4000,6639.8000,2,1,1,1,1,1,1,1,5,1
SF,IC2010,2020-08-31 09:32:42.600,6625.0000,3552,0,309058000.000,0,-,-,-,-,6623.6000,6623.4000,6623.0000,6622.8000,6622.4000,6625.0000,6625.4000,6625.8000,6629.4000,6639.8000,2,2,1,1,1,1,1,1,5,1
SF,IC2010,2020-08-31 09:32:43.100,6625.0000,3552,0,309058000.000,0,-,-,-,-,6623.6000,6623.4000,6622.8000,6622.4000,6620.8000,6629.4000,6639.8000,6642.4000,6643.0000,6644.2000,3,2,1,1,1,5,1,1,1,1
SF,IC2010,2020-08-31 09:32:43.600,6625.0000,3552,0,309058000.000,0,-,-,-,-,6624.0000,6623.8000,6623.6000,6622.8000,6622.4000,6629.0000,6629.2000,6635.2000,6639.8000,6642.4000,1,3,2,1,1,1,2,5,1,1
SF,IC2010,2020-08-31 09:32:44.100,6625.0000,3552,0,309058000.000,0,-,-,-,-,6624.6000,6624.4000,6624.2000,6624.0000,6623.6000,6628.6000,6628.8000,6629.0000,6635.2000,6639.8000,1,1,1,1,2,1,2,1,5,1
SF,IC2010,2020-08-31 09:32:44.600,6625.0000,3552,0,309058000.000,0,-,-,-,-,6625.0000,6624.6000,6624.4000,6624.2000,6624.0000,6628.4000,6628.6000,6629.0000,6635.2000,6639.8000,1,1,1,2,1,3,1,1,5,1
SF,IC2010,2020-08-31 09:32:45.100,6625.0000,3552,0,309058000.000,0,-,-,-,-,6625.4000,6625.0000,6624.6000,6624.4000,6624.0000,6628.4000,6628.6000,6629.0000,6635.2000,6639.8000,1,1,1,1,1,2,1,1,5,1
SF,IC2010,2020-08-31 09:32:45.600,6625.4000,3549,-3,313033240.000,3,0,3,双平,S,6625.6000,6625.0000,6624.6000,6624.4000,6624.0000,6628.2000,6628.4000,6628.6000,6629.0000,6635.2000,1,1,1,1,1,2,2,1,1,5
SF,IC2010,2020-08-31 09:32:46.100,6625.6000,3546,-3,317008560.000,3,0,3,双平,S,6625.0000,6622.4000,6620.8000,6620.2000,6612.0000,6628.0000,6628.4000,6628.6000,6629.0000,6635.2000,1,1,1,1,5,1,1,1,1,5
SF,IC2010,2020-08-31 09:32:46.600,6625.6000,3546,0,317008560.000,0,-,-,-,-,6625.4000,6622.4000,6620.8000,6620.2000,6612.0000,6627.8000,6628.0000,6628.4000,6628.6000,6629.0000,1,1,1,1,5,1,2,1,1,1
SF,IC2010,2020-08-31 09:32:47.100,6625.6000,3546,0,317008560.000,0,-,-,-,-,6622.4000,6620.8000,6620.2000,6612.0000,6600.2000,6625.0000,6625.4000,6627.4000,6627.6000,6628.0000,1,1,1,5,1,1,1,1,2,1
SF,IC2010,2020-08-31 09:32:47.600,6625.6000,3545,-1,319658800.000,2,0,2,多平,S,6622.6000,6622.4000,6620.8000,6620.2000,6612.0000,6627.6000,6628.0000,6628.6000,6629.0000,6635.2000,2,1,1,1,5,1,1,1,1,5
SF,IC2010,2020-08-31 09:32:48.100,6625.4000,3545,0,320983880.000,1,0,1,多换,S,6622.6000,6622.4000,6620.8000,6620.2000,6612.0000,6627.2000,6627.4000,6627.6000,6628.6000,6629.0000,2,1,1,1,5,1,2,1,1,1
SF,IC2010,2020-08-31 09:32:48.600,6625.4000,3545,0,320983880.000,0,-,-,-,-,6622.6000,6622.4000,6620.8000,6620.2000,6612.0000,6626.8000,6627.0000,6627.2000,6628.6000,6629.0000,2,1,1,1,5,1,1,1,1,1
SF,IC2010,2020-08-31 09:32:49.100,6625.4000,3545,0,320983880.000,0,-,-,-,-,6622.8000,6622.6000,6622.4000,6620.8000,6620.2000,6626.4000,6626.6000,6626.8000,6627.2000,6628.6000,1,2,1,1,1,1,1,1,1,1
SF,IC2010,2020-08-31 09:32:49.600,6625.4000,3545,0,320983880.000,0,-,-,-,-,6623.4000,6623.2000,6623.0000,6622.4000,6620.8000,6626.0000,6626.4000,6626.6000,6626.8000,6627.2000,1,1,2,1,1,1,1,1,1,1
SF,IC2010,2020-08-31 09:32:50.100,6625.4000,3545,0,320983880.000,0,-,-,-,-,6623.6000,6623.4000,6623.2000,6623.0000,6622.4000,6625.6000,6626.0000,6626.4000,6626.8000,6627.2000,1,1,1,1,1,1,1,1,1,1
SF,IC2010,2020-08-31 09:32:50.600,6625.4000,3545,0,320983880.000,0,-,-,-,-,6624.0000,6623.6000,6622.4000,6620.8000,6620.2000,6625.6000,6626.0000,6626.4000,6626.8000,6627.2000,1,1,1,1,1,1,1,1,1,1
SF,IC2010,2020-08-31 09:32:51.100,6625.4000,3545,0,320983880.000,0,-,-,-,-,6623.6000,6622.4000,6620.8000,6620.2000,6612.0000,6625.2000,6625.4000,6625.6000,6626.0000,6626.4000,1,1,1,1,5,1,2,1,1,1
SF,IC2010,2020-08-31 09:32:51.600,6625.4000,3545,0,320983880.000,0,-,-,-,-,6622.4000,6620.8000,6620.2000,6612.0000,6600.2000,6625.2000,6625.4000,6625.6000,6626.0000,6626.4000,1,1,1,5,1,1,1,1,1,1
SF,IC2010,2020-08-31 09:32:52.100,6625.4000,3545,0,320983880.000,0,-,-,-,-,6622.4000,6620.8000,6620.2000,6612.0000,6600.2000,6624.8000,6625.0000,6625.2000,6625.4000,6625.6000,1,1,1,5,1,1,2,1,1,1
SF,IC2010,2020-08-31 09:32:52.600,6625.4000,3545,0,320983880.000,0,-,-,-,-,6622.4000,6620.8000,6620.2000,6612.0000,6600.2000,6624.4000,6624.8000,6625.0000,6625.2000,6625.4000,1,2,1,5,1,1,1,1,1,1
SF,IC2010,2020-08-31 09:32:53.100,6625.4000,3545,0,320983880.000,0,-,-,-,-,6622.4000,6620.8000,6620.2000,6612.0000,6600.2000,6624.4000,6624.8000,6625.0000,6625.2000,6625.6000,1,2,1,5,1,1,1,1,1,1
SF,IC2010,2020-08-31 09:32:53.600,6625.4000,3545,0,320983880.000,0,-,-,-,-,6622.4000,6620.8000,6620.2000,6612.0000,6600.2000,6624.0000,6624.2000,6624.4000,6624.8000,6625.0000,1,2,1,5,1,1,1,1,1,1
SF,IC2010,2020-08-31 09:32:54.100,6622.4000,3544,-1,322308360.000,1,0,1,双平,S,6620.8000,6620.2000,6612.0000,6600.2000,6594.6000,6624.0000,6624.4000,6624.8000,6625.0000,6625.2000,2,1,5,1,2,1,1,1,1,1
SF,IC2010,2020-08-31 09:32:54.600,6622.4000,3544,0,322308360.000,0,-,-,-,-,6621.2000,6621.0000,6620.8000,6620.2000,6612.0000,6623.6000,6623.8000,6624.0000,6624.4000,6624.8000,1,1,2,1,5,1,1,1,1,1
SF,IC2010,2020-08-31 09:32:55.100,6622.4000,3544,0,322308360.000,0,-,-,-,-,6621.2000,6621.0000,6620.8000,6620.2000,6614.2000,6623.6000,6623.8000,6624.0000,6624.4000,6624.8000,1,1,2,1,3,1,1,1,1,1
SF,IC2010,2020-08-31 09:32:55.600,6622.4000,3544,0,322308360.000,0,-,-,-,-,6621.4000,6621.2000,6621.0000,6620.8000,6620.2000,6623.4000,6623.6000,6623.8000,6624.0000,6624.4000,2,1,1,2,1,1,1,1,1,1
SF,IC2010,2020-08-31 09:32:56.100,6623.4000,3543,-1,323633040.000,1,0,1,双平,S,6621.6000,6621.4000,6621.0000,6620.8000,6620.2000,6623.6000,6623.8000,6624.0000,6624.4000,6624.8000,2,1,1,2,1,1,1,1,1,1
SF,IC2010,2020-08-31 09:32:56.600,6623.4000,3541,-2,326282400.000,2,0,2,双平,S,6621.8000,6621.6000,6621.4000,6621.0000,6620.8000,6623.6000,6623.8000,6624.0000,6624.4000,6624.8000,1,3,1,1,2,1,1,1,1,1
SF,IC2010,2020-08-31 09:32:57.100,6624.4000,3539,-2,328931960.000,2,0,2,双平,S,6622.0000,6621.8000,6621.6000,6621.0000,6620.8000,6623.2000,6624.8000,6625.2000,6635.2000,6638.0000,1,1,1,1,2,1,1,1,5,1
SF,IC2010,2020-08-31 09:32:57.600,6623.6000,3537,-2,331581440.000,2,0,2,双平,S,6623.2000,6622.0000,6621.8000,6621.6000,6621.0000,6624.8000,6625.2000,6635.2000,6638.0000,6639.8000,1,1,2,1,1,1,1,5,1,1
SF,IC2010,2020-08-31 09:32:58.100,6623.6000,3537,0,331581440.000,0,-,-,-,-,6622.4000,6622.0000,6621.6000,6621.0000,6620.8000,6635.2000,6638.0000,6639.8000,6642.4000,6643.0000,1,1,1,1,2,5,1,1,1,1
SF,IC2010,2020-08-31 09:32:58.600,6623.6000,3537,0,331581440.000,0,-,-,-,-,6623.0000,6622.8000,6622.6000,6621.6000,6621.0000,6624.6000,6629.4000,6634.6000,6634.8000,6635.0000,1,1,1,1,1,1,1,1,1,5
SF,IC2010,2020-08-31 09:32:59.100,6623.0000,3536,-1,332906040.000,1,0,1,双平,S,6623.0000,6622.8000,6622.6000,6620.8000,6620.2000,6629.4000,6634.6000,6634.8000,6635.0000,6635.2000,1,1,1,2,1,1,1,1,5,5
SF,IC2010,2020-08-31 09:32:59.600,6623.0000,3536,0,332906040.000,0,-,-,-,-,6623.4000,6622.8000,6620.8000,6620.2000,6617.6000,6624.4000,6628.8000,6629.0000,6629.2000,6629.4000,1,1,2,1,1,1,1,2,2,1
SF,IC2010,2020-08-31 09:33:00.100,6623.0000,3536,0,332906040.000,0,-,-,-,-,6622.8000,6620.8000,6620.2000,6617.6000,6614.2000,6629.0000,6629.2000,6629.4000,6634.6000,6634.8000,1,2,1,1,3,2,2,1,1,1
SF,IC2010,2020-08-31 09:33:00.600,6623.0000,3536,0,332906040.000,0,-,-,-,-,6623.2000,6622.8000,6620.8000,6620.2000,6617.6000,6628.2000,6628.6000,6628.8000,6629.0000,6634.6000,1,1,2,1,1,1,1,2,2,1
SF,IC2010,2020-08-31 09:33:01.100,6623.0000,3536,0,332906040.000,0,-,-,-,-,6623.6000,6623.2000,6623.0000,6622.8000,6620.8000,6627.8000,6628.0000,6628.2000,6628.6000,6629.0000,1,1,1,1,2,1,2,1,1,2
SF,IC2010,2020-08-31 09:33:01.600,6623.0000,3536,0,332906040.000,0,-,-,-,-,6624.8000,6624.0000,6623.6000,6623.2000,6622.8000,6627.4000,6627.6000,6627.8000,6628.6000,6629.0000,4,1,1,1,1,1,2,1,1,1
SF,IC2010,2020-08-31 09:33:02.100,6623.0000,3536,0,332906040.000,0,-,-,-,-,6625.2000,6625.0000,6624.8000,6624.0000,6623.8000,6627.2000,6627.8000,6628.6000,6629.0000,6634.6000,1,1,4,1,1,1,1,1,1,1
SF,IC2010,2020-08-31 09:33:02.600,6623.0000,3536,0,332906040.000,0,-,-,-,-,6625.4000,6625.2000,6625.0000,6624.8000,6624.0000,6627.2000,6627.8000,6628.6000,6634.6000,6635.0000,1,1,1,4,1,1,1,1,1,1
SF,IC2010,2020-08-31 09:33:03.100,6623.0000,3536,0,332906040.000,0,-,-,-,-,6625.0000,6624.8000,6620.8000,6620.2000,6617.6000,6634.6000,6635.0000,6635.2000,6638.0000,6639.8000,1,4,2,1,1,1,1,5,1,1
SF,IC2010,2020-08-31 09:33:03.600,6623.0000,3536,0,332906040.000,0,-,-,-,-,6624.8000,6620.8000,6620.2000,6617.6000,6614.2000,6627.0000,6629.2000,6630.4000,6634.2000,6634.4000,4,2,1,1,3,1,1,1,1,2
SF,IC2010,2020-08-31 09:33:04.100,6623.0000,3536,0,332906040.000,0,-,-,-,-,6624.8000,6620.8000,6620.2000,6617.6000,6614.2000,6630.4000,6634.2000,6634.4000,6634.6000,6635.0000,4,2,1,1,3,1,1,2,1,1
SF,IC2010,2020-08-31 09:33:04.600,6623.0000,3536,0,332906040.000,0,-,-,-,-,6624.8000,6620.8000,6620.2000,6617.6000,6614.2000,6626.8000,6629.8000,6630.2000,6630.4000,6634.2000,4,2,1,1,3,1,2,4,1,1
SF,IC2010,2020-08-31 09:33:05.100,6623.0000,3536,0,332906040.000,0,-,-,-,-,6624.8000,6620.8000,6620.2000,6617.6000,6614.2000,6629.8000,6630.2000,6630.4000,6634.2000,6635.0000,4,2,1,1,3,1,4,1,1,1
SF,IC2010,2020-08-31 09:33:05.600,6623.0000,3536,0,332906040.000,0,-,-,-,-,6624.8000,6620.8000,6620.2000,6617.6000,6614.2000,6626.6000,6629.6000,6629.8000,6630.2000,6634.2000,4,2,1,1,3,1,4,1,2,1
SF,IC2010,2020-08-31 09:33:06.100,6624.8000,3537,1,340857000.000,6,3,3,空开,S,6620.8000,6620.2000,6617.6000,6614.2000,6612.0000,6629.4000,6629.6000,6629.8000,6630.2000,6635.0000,2,1,1,3,5,1,3,1,2,1
SF,IC2010,2020-08-31 09:33:06.600,6624.8000,3537,0,340857000.000,0,-,-,-,-,6621.0000,6620.8000,6620.2000,6617.6000,6614.2000,6626.4000,6628.4000,6629.0000,6629.2000,6629.4000,1,2,1,1,3,1,1,1,2,1
SF,IC2010,2020-08-31 09:33:07.100,6624.8000,3537,0,340857000.000,0,-,-,-,-,6621.6000,6621.2000,6621.0000,6620.8000,6620.2000,6626.2000,6629.0000,6629.4000,6629.8000,6635.0000,1,1,2,2,1,1,1,1,1,1
SF,IC2010,2020-08-31 09:33:07.600,6626.2000,3537,0,342182240.000,1,0,1,多换,S,6621.8000,6621.6000,6621.2000,6620.8000,6620.2000,6629.0000,6629.4000,6629.8000,6635.0000,6635.2000,1,1,1,2,1,1,1,1,1,5
SF,IC2010,2020-08-31 09:33:08.100,6626.2000,3537,0,342182240.000,0,-,-,-,-,6622.2000,6622.0000,6621.8000,6621.2000,6620.8000,6628.8000,6629.0000,6629.8000,6635.0000,6635.2000,1,2,4,1,2,1,1,1,1,5
SF,IC2010,2020-08-31 09:33:08.600,6626.2000,3537,0,342182240.000,0,-,-,-,-,6622.6000,6622.4000,6622.2000,6622.0000,6621.8000,6628.8000,6629.0000,6629.8000,6635.0000,6635.2000,1,2,2,1,1,1,1,1,1,5
SF,IC2010,2020-08-31 09:33:09.100,6626.2000,3537,0,342182240.000,0,-,-,-,-,6622.8000,6622.6000,6622.4000,6622.0000,6621.8000,6628.8000,6629.8000,6635.0000,6635.2000,6638.0000,3,1,1,1,1,1,1,1,5,1
SF,IC2010,2020-08-31 09:33:09.600,6626.2000,3537,0,342182240.000,0,-,-,-,-,6623.6000,6623.4000,6623.0000,6622.8000,6622.6000,6635.0000,6635.2000,6638.0000,6639.8000,6642.4000,1,3,1,4,1,1,5,1,1,1
SF,IC2010,2020-08-31 09:33:10.100,6626.2000,3537,0,342182240.000,0,-,-,-,-,6623.8000,6623.4000,6622.8000,6622.6000,6622.0000,6631.6000,6634.6000,6634.8000,6635.0000,6635.2000,2,1,1,1,1,1,1,1,1,5
SF,IC2010,2020-08-31 09:33:10.600,6626.2000,3537,0,342182240.000,0,-,-,-,-,6623.8000,6623.4000,6622.8000,6622.6000,6622.2000,6631.4000,6631.6000,6634.8000,6635.0000,6635.2000,2,1,1,1,1,2,1,1,1,5
SF,IC2010,2020-08-31 09:33:11.100,6626.2000,3537,0,342182240.000,0,-,-,-,-,6623.8000,6623.4000,6622.8000,6622.6000,6622.2000,6631.4000,6631.6000,6635.0000,6635.2000,6638.0000,2,1,1,1,1,2,1,1,5,1
SF,IC2010,2020-08-31 09:33:12.100,6623.8000,3538,1,343507000.000,1,1,0,双开,S,6623.8000,6622.8000,6622.6000,6622.2000,6622.0000,6631.0000,6631.2000,6631.4000,6635.0000,6635.2000,1,1,1,1,1,1,2,2,1,5
SF,IC2010,2020-08-31 09:33:12.600,6623.8000,3538,0,343507000.000,0,-,-,-,-,6623.8000,6622.8000,6622.6000,6622.2000,6622.0000,6629.6000,6630.6000,6630.8000,6631.0000,6631.2000,1,1,1,1,1,1,1,2,1,1
SF,IC2010,2020-08-31 09:33:13.100,6629.4000,3538,0,346158680.000,2,1,1,多换,S,6624.2000,6623.8000,6622.8000,6622.2000,6622.0000,6629.4000,6629.6000,6630.8000,6631.0000,6631.4000,1,1,1,1,1,1,1,1,1,1
SF,IC2010,2020-08-31 09:33:13.600,6629.4000,3538,0,346158680.000,0,-,-,-,-,6624.6000,6624.4000,6624.2000,6622.8000,6622.2000,6629.2000,6629.4000,6631.0000,6631.4000,6635.0000,1,1,1,1,1,1,1,1,1,1
SF,IC2010,2020-08-31 09:33:14.100,6629.4000,3538,0,346158680.000,0,-,-,-,-,6625.0000,6624.8000,6624.6000,6622.8000,6622.2000,6629.0000,6629.2000,6631.0000,6631.4000,6635.0000,1,1,1,1,1,1,1,1,1,1
SF,IC2010,2020-08-31 09:33:14.600,6625.4000,3537,-1,347483760.000,1,0,1,双平,S,6625.4000,6625.2000,6624.8000,6622.8000,6622.2000,6628.8000,6629.0000,6631.0000,6631.4000,6635.0000,1,1,1,1,1,1,1,1,1,1
SF,IC2010,2020-08-31 09:33:15.100,6625.4000,3537,0,347483760.000,0,-,-,-,-,6625.8000,6625.6000,6625.2000,6622.8000,6622.2000,6628.8000,6629.0000,6631.0000,6631.4000,6635.0000,1,1,1,1,1,1,1,1,1,1
SF,IC2010,2020-08-31 09:33:15.600,6625.4000,3537,0,347483760.000,0,-,-,-,-,6626.2000,6626.0000,6625.6000,6622.8000,6622.2000,6631.0000,6631.4000,6635.0000,6635.2000,6638.0000,1,2,1,1,1,1,1,1,5,1
SF,IC2010,2020-08-31 09:33:16.100,6625.4000,3537,0,347483760.000,0,-,-,-,-,6626.6000,6626.4000,6626.0000,6622.8000,6622.2000,6630.8000,6631.0000,6631.4000,6635.0000,6635.2000,1,1,1,1,1,2,1,1,1,5
SF,IC2010,2020-08-31 09:33:16.600,6625.4000,3537,0,347483760.000,0,-,-,-,-,6627.0000,6626.4000,6626.0000,6622.2000,6620.8000,6630.4000,6630.8000,6631.0000,6631.4000,6635.0000,1,1,1,1,2,1,2,1,1,1
SF,IC2010,2020-08-31 09:33:17.100,6625.4000,3537,0,347483760.000,0,-,-,-,-,6627.0000,6622.2000,6621.6000,6620.8000,6620.2000,6629.8000,6630.2000,6630.4000,6630.8000,6631.0000,1,1,3,2,1,1,2,1,1,1
SF,IC2010,2020-08-31 09:33:17.600,6625.4000,3537,0,347483760.000,0,-,-,-,-,6627.2000,6622.2000,6621.6000,6620.8000,6620.2000,6629.6000,6629.8000,6630.2000,6630.8000,6631.0000,1,1,3,2,1,1,1,1,1,1
SF,IC2010,2020-08-31 09:33:18.100,6625.4000,3537,0,347483760.000,0,-,-,-,-,6627.2000,6622.2000,6621.6000,6620.8000,6620.2000,6629.6000,6629.8000,6630.2000,6630.8000,6631.0000,1,1,3,2,1,2,1,1,1,1
SF,IC2010,2020-08-31 09:33:18.600,6625.4000,3537,0,347483760.000,0,-,-,-,-,6627.2000,6622.2000,6621.6000,6620.8000,6620.2000,6629.6000,6629.8000,6630.2000,6630.8000,6631.0000,1,1,3,2,1,1,1,1,1,1
SF,IC2010,2020-08-31 09:33:19.100,6627.2000,3537,0,348809200.000,1,0,1,多换,S,6622.2000,6621.6000,6620.8000,6620.2000,6617.6000,6627.2000,6629.4000,6629.6000,6629.8000,6630.2000,1,3,2,1,1,1,2,1,1,1
SF,IC2010,2020-08-31 09:33:19.600,6627.2000,3536,-1,350134640.000,1,0,1,双平,S,6623.0000,6622.8000,6622.2000,6621.6000,6620.8000,6627.0000,6629.4000,6635.0000,6635.2000,6638.0000,2,3,1,3,2,1,1,1,5,1
SF,IC2010,2020-08-31 09:33:20.100,6627.2000,3536,0,351460080.000,1,0,1,多换,S,6623.6000,6623.4000,6623.2000,6623.0000,6622.4000,6635.0000,6635.2000,6638.0000,6639.8000,6642.4000,1,3,2,1,1,1,5,1,1,1
SF,IC2010,2020-08-31 09:33:20.600,6627.2000,3536,0,351460080.000,0,-,-,-,-,6623.8000,6623.6000,6623.4000,6623.2000,6623.0000,6631.2000,6634.6000,6634.8000,6635.0000,6635.2000,2,1,2,1,1,1,1,1,1,5
SF,IC2010,2020-08-31 09:33:21.100,6627.2000,3536,0,351460080.000,0,-,-,-,-,6624.4000,6623.8000,6623.4000,6623.2000,6623.0000,6631.0000,6631.2000,6634.6000,6635.0000,6635.2000,1,2,2,1,1,1,1,1,1,5
SF,IC2010,2020-08-31 09:33:21.600,6627.2000,3536,0,351460080.000,0,-,-,-,-,6624.6000,6624.4000,6623.4000,6623.0000,6622.2000,6631.0000,6631.2000,6634.6000,6635.0000,6635.2000,2,1,2,1,1,1,1,1,1,5
SF,IC2010,2020-08-31 09:33:22.100,6627.2000,3536,0,351460080.000,0,-,-,-,-,6625.2000,6624.6000,6623.4000,6623.0000,6622.2000,6631.0000,6631.2000,6634.6000,6635.0000,6635.2000,2,3,2,1,1,1,1,1,1,5
SF,IC2010,2020-08-31 09:33:22.600,6627.2000,3536,0,351460080.000,0,-,-,-,-,6625.4000,6625.2000,6623.4000,6623.0000,6622.2000,6631.0000,6631.2000,6634.6000,6635.0000,6635.2000,2,2,2,1,1,1,1,1,1,5
SF,IC2010,2020-08-31 09:33:23.100,6627.2000,3536,0,351460080.000,0,-,-,-,-,6626.0000,6625.4000,6623.4000,6623.0000,6622.2000,6631.0000,6631.2000,6634.6000,6635.0000,6635.2000,1,2,1,1,1,1,1,1,1,5
SF,IC2010,2020-08-31 09:33:23.600,6627.2000,3536,0,351460080.000,0,-,-,-,-,6626.2000,6626.0000,6623.4000,6623.0000,6622.2000,6631.0000,6631.2000,6634.6000,6635.0000,6635.2000,2,1,1,1,1,1,1,1,1,5
SF,IC2010,2020-08-31 09:33:24.100,6627.2000,3536,0,351460080.000,0,-,-,-,-,6626.2000,6626.0000,6623.4000,6623.0000,6622.2000,6631.0000,6634.6000,6635.0000,6635.2000,6638.0000,2,1,1,1,1,1,1,1,5,1
SF,IC2010,2020-08-31 09:33:24.600,6627.2000,3536,0,351460080.000,0,-,-,-,-,6626.4000,6626.2000,6626.0000,6623.4000,6623.0000,6631.0000,6634.6000,6635.0000,6635.2000,6638.0000,1,2,1,1,1,1,1,1,5,1
SF,IC2010,2020-08-31 09:33:25.100,6627.2000,3536,0,351460080.000,0,-,-,-,-,6626.6000,6626.4000,6623.4000,6623.0000,6622.2000,6634.6000,6635.0000,6635.2000,6638.0000,6639.8000,3,3,1,1,1,1,1,5,1,1
SF,IC2010,2020-08-31 09:33:25.600,6627.2000,3536,0,351460080.000,0,-,-,-,-,6627.2000,6626.6000,6623.4000,6623.0000,6622.2000,6632.8000,6634.4000,6634.6000,6635.0000,6635.2000,1,2,1,1,1,1,3,1,1,5
SF,IC2010,2020-08-31 09:33:26.100,6627.2000,3536,0,351460080.000,0,-,-,-,-,6631.0000,6627.4000,6627.2000,6623.4000,6623.0000,6632.6000,6632.8000,6634.4000,6634.6000,6635.0000,1,2,1,1,1,1,1,3,1,1
SF,IC2010,2020-08-31 09:33:26.600,6629.0000,3536,0,352785880.000,1,0,1,多换,S,6627.4000,6623.4000,6623.0000,6622.2000,6621.6000,6631.0000,6632.8000,6634.4000,6634.6000,6635.0000,1,1,1,1,3,2,1,2,1,1
SF,IC2010,2020-08-31 09:33:27.100,6629.0000,3536,0,352785880.000,0,-,-,-,-,6627.4000,6624.2000,6623.4000,6623.0000,6622.2000,6630.8000,6631.0000,6632.8000,6634.4000,6634.6000,1,1,1,1,1,2,1,1,2,1
SF,IC2010,2020-08-31 09:33:27.600,6629.0000,3536,0,352785880.000,0,-,-,-,-,6624.2000,6623.4000,6623.0000,6622.2000,6621.6000,6630.8000,6632.8000,6634.4000,6634.6000,6635.0000,1,1,1,1,3,3,1,2,1,1
SF,IC2010,2020-08-31 09:33:28.100,6629.0000,3536,0,352785880.000,0,-,-,-,-,6625.0000,6624.4000,6624.2000,6623.4000,6623.0000,6630.6000,6630.8000,6634.6000,6635.0000,6635.2000,1,1,1,1,1,1,2,1,1,5
SF,IC2010,2020-08-31 09:33:28.600,6629.0000,3536,0,352785880.000,0,-,-,-,-,6625.2000,6624.2000,6623.4000,6623.0000,6622.2000,6630.4000,6630.6000,6630.8000,6634.6000,6635.0000,1,1,1,1,1,2,2,1,1,1
SF,IC2010,2020-08-31 09:33:29.100,6629.0000,3536,0,352785880.000,0,-,-,-,-,6624.2000,6623.4000,6623.0000,6622.2000,6621.6000,6630.2000,6630.4000,6630.8000,6634.6000,6635.0000,1,1,1,1,3,1,2,1,1,1
SF,IC2010,2020-08-31 09:33:29.600,6629.0000,3536,0,352785880.000,0,-,-,-,-,6624.6000,6623.4000,6622.2000,6621.6000,6620.8000,6629.0000,6630.0000,6630.2000,6630.4000,6630.8000,1,1,1,3,2,1,2,2,1,1
SF,IC2010,2020-08-31 09:33:30.100,6629.0000,3536,0,352785880.000,0,-,-,-,-,6622.2000,6621.6000,6620.8000,6620.2000,6617.6000,6628.8000,6629.0000,6630.0000,6630.4000,6630.8000,1,3,2,1,1,2,1,1,1,1
SF,IC2010,2020-08-31 09:33:30.600,6629.0000,3536,0,352785880.000,0,-,-,-,-,6622.8000,6622.4000,6622.2000,6621.6000,6620.8000,6628.8000,6629.0000,6630.0000,6634.6000,6635.0000,1,2,1,3,2,3,1,1,1,1
SF,IC2010,2020-08-31 09:33:31.100,6629.0000,3536,0,352785880.000,0,-,-,-,-,6623.0000,6622.8000,6622.4000,6622.2000,6621.6000,6628.8000,6629.0000,6634.6000,6635.0000,6635.2000,1,1,1,1,3,2,1,1,1,5
SF,IC2010,2020-08-31 09:33:31.600,6623.6000,3535,-1,354110600.000,1,0,1,双平,S,6623.4000,6623.2000,6623.0000,6622.4000,6622.2000,6628.8000,6629.0000,6634.6000,6635.0000,6635.2000,1,1,1,1,1,2,1,1,1,5
SF,IC2010,2020-08-31 09:33:32.100,6623.6000,3535,0,354110600.000,0,-,-,-,-,6623.6000,6623.4000,6623.2000,6622.4000,6622.2000,6628.8000,6629.0000,6634.6000,6635.0000,6635.2000,1,1,1,1,1,2,1,1,1,5
SF,IC2010,2020-08-31 09:33:32.600,6623.6000,3535,0,354110600.000,0,-,-,-,-,6623.6000,6623.4000,6623.2000,6622.4000,6622.2000,6628.8000,6629.0000,6634.6000,6635.0000,6635.2000,2,1,1,1,1,2,1,1,1,5
SF,IC2010,2020-08-31 09:33:33.100,6623.6000,3535,0,354110600.000,0,-,-,-,-,6623.8000,6623.6000,6623.4000,6623.2000,6622.4000,6628.8000,6629.0000,6634.6000,6635.0000,6635.2000,1,1,1,1,1,2,1,1,1,5
SF,IC2010,2020-08-31 09:33:33.600,6623.6000,3535,0,354110600.000,0,-,-,-,-,6624.0000,6623.8000,6623.4000,6623.2000,6622.4000,6628.6000,6628.8000,6629.0000,6634.6000,6635.0000,1,1,1,1,1,1,2,1,1,1
SF,IC2010,2020-08-31 09:33:34.100,6623.6000,3535,0,354110600.000,0,-,-,-,-,6623.8000,6623.2000,6622.2000,6621.6000,6620.8000,6628.4000,6629.0000,6634.6000,6635.0000,6635.2000,1,1,1,4,2,3,1,1,1,5
SF,IC2010,2020-08-31 09:33:34.600,6623.6000,3535,0,354110600.000,0,-,-,-,-,6623.8000,6622.2000,6621.6000,6620.8000,6620.2000,6628.4000,6629.0000,6634.6000,6635.0000,6635.2000,1,1,4,2,1,4,1,1,1,5
SF,IC2010,2020-08-31 09:33:35.100,6623.6000,3535,0,354110600.000,0,-,-,-,-,6622.2000,6621.6000,6620.8000,6620.2000,6617.6000,6628.2000,6628.4000,6629.0000,6634.6000,6635.0000,1,4,2,1,1,2,3,1,1,1
SF,IC2010,2020-08-31 09:33:35.600,6623.6000,3535,0,354110600.000,0,-,-,-,-,6622.4000,6622.2000,6621.6000,6620.8000,6620.2000,6628.0000,6628.2000,6628.4000,6629.0000,6634.6000,1,1,4,2,1,3,2,1,1,1
SF,IC2010,2020-08-31 09:33:36.100,6623.6000,3535,0,354110600.000,0,-,-,-,-,6622.4000,6622.2000,6621.6000,6620.8000,6620.2000,6628.0000,6628.2000,6628.4000,6629.0000,6634.6000,1,1,4,2,1,3,1,1,1,1
SF,IC2010,2020-08-31 09:33:36.600,6623.6000,3535,0,354110600.000,0,-,-,-,-,6622.4000,6622.2000,6621.6000,6620.8000,6620.2000,6626.8000,6627.8000,6628.0000,6628.4000,6629.0000,1,1,4,2,1,1,2,3,1,1
SF,IC2010,2020-08-31 09:33:37.100,6623.6000,3535,0,354110600.000,0,-,-,-,-,6622.4000,6622.2000,6621.6000,6620.8000,6620.2000,6626.6000,6626.8000,6627.8000,6628.0000,6628.4000,1,1,4,2,1,2,1,1,1,1
SF,IC2010,2020-08-31 09:33:37.600,6623.6000,3535,0,354110600.000,0,-,-,-,-,6622.4000,6621.6000,6620.8000,6620.2000,6617.6000,6626.6000,6626.8000,6627.8000,6628.0000,6628.4000,1,4,2,1,1,3,1,1,1,1
SF,IC2010,2020-08-31 09:33:38.100,6623.6000,3535,0,354110600.000,0,-,-,-,-,6622.4000,6621.6000,6620.8000,6620.2000,6617.6000,6626.6000,6626.8000,6627.8000,6628.0000,6629.0000,1,4,2,1,1,2,1,1,1,1
SF,IC2010,2020-08-31 09:33:38.600,6623.6000,3535,0,354110600.000,0,-,-,-,-,6622.4000,6621.6000,6620.8000,6620.2000,6617.6000,6626.4000,6626.6000,6626.8000,6629.0000,6634.6000,1,4,2,1,1,1,2,1,1,1
SF,IC2010,2020-08-31 09:33:39.100,6623.6000,3535,0,354110600.000,0,-,-,-,-,6622.4000,6621.6000,6620.8000,6620.2000,6617.6000,6626.2000,6626.8000,6629.0000,6634.6000,6635.0000,1,4,2,1,1,3,1,1,1,1
SF,IC2010,2020-08-31 09:33:39.600,6623.6000,3535,0,354110600.000,0,-,-,-,-,6622.6000,6622.4000,6621.6000,6620.8000,6620.2000,6626.2000,6626.8000,6629.0000,6634.6000,6635.0000,1,1,4,2,1,3,1,1,1,1
SF,IC2010,2020-08-31 09:33:40.100,6623.6000,3535,0,354110600.000,0,-,-,-,-,6622.8000,6621.6000,6620.8000,6620.2000,6617.6000,6626.2000,6626.8000,6629.0000,6634.6000,6635.0000,1,4,2,1,1,3,1,1,1,1
SF,IC2010,2020-08-31 09:33:40.600,6626.2000,3534,-1,355435840.000,1,0,1,双平,S,6622.8000,6621.6000,6620.8000,6620.2000,6617.6000,6626.8000,6629.0000,6634.6000,6635.0000,6635.2000,2,4,2,1,1,1,1,1,1,5
SF,IC2010,2020-08-31 09:33:41.100,6626.2000,3534,0,355435840.000,0,-,-,-,-,6622.8000,6621.6000,6620.8000,6620.2000,6617.6000,6626.6000,6626.8000,6629.0000,6634.6000,6635.0000,1,4,2,1,1,1,1,1,1,1
SF,IC2010,2020-08-31 09:33:41.600,6626.2000,3534,0,355435840.000,0,-,-,-,-,6626.2000,6622.8000,6621.6000,6620.8000,6620.2000,6626.4000,6626.6000,6626.8000,6629.0000,6634.6000,1,1,4,2,1,1,1,1,1,1
SF,IC2010,2020-08-31 09:33:42.100,6626.2000,3532,-2,359411560.000,3,0,3,多平,S,6623.2000,6622.8000,6621.6000,6620.8000,6620.2000,6629.0000,6634.6000,6635.0000,6635.2000,6638.0000,1,1,4,2,1,1,1,1,5,1
SF,IC2010,2020-08-31 09:33:42.600,6626.2000,3532,0,359411560.000,0,-,-,-,-,6623.4000,6621.6000,6620.8000,6620.2000,6617.6000,6628.0000,6628.8000,6629.0000,6634.6000,6635.0000,2,4,2,1,1,1,2,1,1,1
SF,IC2010,2020-08-31 09:33:43.100,6626.2000,3532,0,359411560.000,0,-,-,-,-,6623.4000,6621.6000,6620.8000,6620.2000,6617.6000,6627.8000,6628.8000,6629.0000,6634.6000,6635.0000,2,4,2,1,1,2,1,1,1,1
SF,IC2010,2020-08-31 09:33:43.600,6626.2000,3532,0,359411560.000,0,-,-,-,-,6623.4000,6621.6000,6620.8000,6620.2000,6617.6000,6627.8000,6629.0000,6634.6000,6635.0000,6635.2000,1,4,2,1,1,3,1,1,1,5
SF,IC2010,2020-08-31 09:33:44.100,6626.2000,3532,0,359411560.000,0,-,-,-,-,6623.4000,6621.6000,6620.8000,6620.2000,6617.6000,6627.6000,6627.8000,6629.0000,6634.6000,6635.0000,1,4,2,1,1,2,3,1,1,1
SF,IC2010,2020-08-31 09:33:44.600,6626.2000,3532,0,359411560.000,0,-,-,-,-,6623.4000,6621.6000,6620.8000,6620.2000,6617.6000,6627.4000,6627.6000,6627.8000,6629.0000,6634.6000,1,4,2,1,1,1,2,1,1,1
SF,IC2010,2020-08-31 09:33:45.100,6626.2000,3532,0,359411560.000,0,-,-,-,-,6623.6000,6623.4000,6621.6000,6620.8000,6620.2000,6627.2000,6627.4000,6629.0000,6634.6000,6635.0000,1,1,4,2,1,1,1,1,1,1
SF,IC2010,2020-08-31 09:33:45.600,6627.4000,3532,0,360737040.000,1,0,1,多换,S,6623.8000,6621.6000,6620.8000,6620.2000,6617.6000,6629.0000,6634.6000,6635.0000,6635.2000,6638.0000,3,4,2,1,1,1,1,1,5,1
SF,IC2010,2020-08-31 09:33:46.100,6627.4000,3532,0,360737040.000,0,-,-,-,-,6624.0000,6623.8000,6621.6000,6620.8000,6620.2000,6627.0000,6628.4000,6628.8000,6629.0000,6634.6000,1,3,4,2,1,1,1,1,1,1
SF,IC2010,2020-08-31 09:33:46.600,6627.4000,3532,0,360737040.000,0,-,-,-,-,6624.2000,6623.8000,6621.6000,6620.8000,6620.2000,6628.4000,6629.0000,6634.6000,6635.0000,6635.2000,1,2,5,2,1,1,1,1,1,5
SF,IC2010,2020-08-31 09:33:47.100,6627.4000,3532,0,360737040.000,0,-,-,-,-,6624.4000,6624.2000,6623.8000,6621.6000,6620.8000,6628.2000,6628.4000,6629.0000,6634.6000,6635.0000,1,1,1,5,2,1,1,1,1,1
SF,IC2010,2020-08-31 09:33:47.600,6627.4000,3532,0,360737040.000,0,-,-,-,-,6624.6000,6624.4000,6621.6000,6620.8000,6620.2000,6628.0000,6628.2000,6628.4000,6629.0000,6634.6000,1,1,5,2,1,1,1,1,1,1
SF,IC2010,2020-08-31 09:33:48.100,6627.4000,3532,0,360737040.000,0,-,-,-,-,6624.6000,6624.4000,6621.6000,6620.8000,6620.2000,6627.8000,6628.0000,6628.2000,6628.4000,6629.0000,1,1,5,2,1,1,1,1,1,1
SF,IC2010,2020-08-31 09:33:48.600,6627.4000,3532,0,360737040.000,0,-,-,-,-,6624.6000,6621.6000,6620.8000,6620.2000,6617.6000,6627.8000,6628.0000,6628.4000,6629.0000,6634.6000,1,5,2,1,1,1,1,1,1,1
SF,IC2010,2020-08-31 09:33:49.100,6627.4000,3532,0,360737040.000,0,-,-,-,-,6624.6000,6621.6000,6620.8000,6620.2000,6617.6000,6627.6000,6627.8000,6628.0000,6628.4000,6629.0000,1,5,2,1,1,1,1,1,1,1
SF,IC2010,2020-08-31 09:33:49.600,6627.4000,3532,0,360737040.000,0,-,-,-,-,6624.6000,6621.6000,6620.8000,6620.2000,6617.6000,6627.4000,6627.8000,6628.0000,6628.4000,6629.0000,1,5,2,1,1,1,1,1,1,1
SF,IC2010,2020-08-31 09:33:50.100,6627.4000,3532,0,360737040.000,0,-,-,-,-,6621.6000,6620.8000,6620.2000,6617.6000,6614.2000,6627.2000,6627.4000,6627.8000,6628.4000,6629.0000,5,2,1,1,3,1,2,1,1,1
SF,IC2010,2020-08-31 09:33:50.600,6627.4000,3532,0,360737040.000,0,-,-,-,-,6622.2000,6621.8000,6621.6000,6620.8000,6620.2000,6627.2000,6627.4000,6629.0000,6634.6000,6635.0000,1,2,5,2,1,1,2,1,1,1
SF,IC2010,2020-08-31 09:33:51.100,6627.4000,3532,0,360737040.000,0,-,-,-,-,6622.4000,6622.2000,6621.8000,6621.6000,6620.8000,6627.4000,6629.0000,6634.6000,6635.0000,6635.2000,4,1,1,5,2,1,1,1,1,5
SF,IC2010,2020-08-31 09:33:51.600,6627.4000,3532,0,360737040.000,0,-,-,-,-,6622.4000,6622.2000,6621.8000,6621.6000,6620.8000,6627.4000,6629.0000,6634.6000,6635.0000,6635.2000,4,1,1,5,2,1,1,1,1,5
SF,IC2010,2020-08-31 09:33:52.100,6627.4000,3532,0,360737040.000,0,-,-,-,-,6622.4000,6622.2000,6621.8000,6621.6000,6620.8000,6627.4000,6629.0000,6634.6000,6635.0000,6635.2000,3,1,1,5,2,1,1,1,1,5
SF,IC2010,2020-08-31 09:33:52.600,6627.4000,3532,0,360737040.000,0,-,-,-,-,6622.4000,6622.2000,6621.8000,6621.6000,6620.8000,6629.0000,6634.6000,6635.0000,6635.2000,6638.0000,3,1,1,5,2,1,1,1,5,1
SF,IC2010,2020-08-31 09:33:53.100,6627.4000,3532,0,360737040.000,0,-,-,-,-,6622.6000,6622.4000,6622.2000,6621.8000,6621.6000,6628.2000,6628.8000,6629.0000,6634.6000,6635.0000,1,2,1,1,5,1,1,1,1,1
SF,IC2010,2020-08-31 09:33:53.600,6627.4000,3532,0,360737040.000,0,-,-,-,-,6622.8000,6622.2000,6621.8000,6621.6000,6620.8000,6628.0000,6628.2000,6629.0000,6634.6000,6635.0000,2,1,1,5,2,1,1,1,1,1
SF,IC2010,2020-08-31 09:33:54.100,6627.4000,3532,0,360737040.000,0,-,-,-,-,6622.8000,6621.8000,6621.6000,6620.8000,6620.2000,6628.0000,6628.2000,6629.0000,6634.6000,6635.0000,2,1,5,2,1,1,1,1,1,1
SF,IC2010,2020-08-31 09:33:54.600,6627.4000,3532,0,360737040.000,0,-,-,-,-,6622.8000,6621.8000,6621.6000,6620.8000,6620.2000,6627.4000,6627.8000,6629.0000,6634.6000,6635.0000,2,1,5,2,1,1,2,1,1,1
SF,IC2010,2020-08-31 09:33:55.100,6627.4000,3532,0,360737040.000,0,-,-,-,-,6622.8000,6621.8000,6621.6000,6620.8000,6620.2000,6627.4000,6627.8000,6629.0000,6634.6000,6635.0000,2,1,5,2,1,2,3,1,1,1
SF,IC2010,2020-08-31 09:33:55.600,6627.4000,3532,0,360737040.000,0,-,-,-,-,6622.8000,6621.8000,6621.6000,6620.8000,6620.2000,6627.2000,6627.4000,6627.8000,6629.0000,6634.6000,2,1,5,2,1,2,1,1,1,1
SF,IC2010,2020-08-31 09:33:56.100,6627.4000,3532,0,360737040.000,0,-,-,-,-,6622.8000,6621.8000,6621.6000,6620.8000,6620.2000,6626.4000,6627.0000,6627.2000,6627.4000,6627.8000,2,1,5,2,1,1,2,2,1,1
SF,IC2010,2020-08-31 09:33:56.600,6627.4000,3532,0,360737040.000,0,-,-,-,-,6622.8000,6621.8000,6621.6000,6620.8000,6620.2000,6627.0000,6627.2000,6627.4000,6627.8000,6629.0000,2,1,5,2,1,2,1,1,1,1
SF,IC2010,2020-08-31 09:33:57.100,6627.4000,3532,0,360737040.000,0,-,-,-,-,6622.8000,6621.8000,6621.6000,6620.8000,6620.2000,6626.2000,6626.4000,6626.6000,6626.8000,6627.0000,2,1,5,2,1,1,1,1,1,2
SF,IC2010,2020-08-31 09:33:57.600,6627.4000,3532,0,360737040.000,0,-,-,-,-,6622.8000,6621.8000,6621.6000,6620.8000,6620.2000,6626.0000,6626.4000,6626.6000,6626.8000,6627.0000,1,1,5,2,1,1,1,1,1,2
SF,IC2010,2020-08-31 09:33:58.100,6627.4000,3532,0,360737040.000,0,-,-,-,-,6621.6000,6620.8000,6620.2000,6617.8000,6617.6000,6625.8000,6626.0000,6626.4000,6626.6000,6627.0000,5,2,1,1,1,1,2,1,1,2
SF,IC2010,2020-08-31 09:33:58.600,6627.4000,3532,0,360737040.000,0,-,-,-,-,6621.8000,6621.6000,6620.8000,6620.2000,6617.8000,6625.6000,6625.8000,6626.0000,6626.4000,6626.6000,2,5,2,1,1,2,1,1,1,1
SF,IC2010,2020-08-31 09:33:59.100,6627.4000,3532,0,360737040.000,0,-,-,-,-,6621.8000,6621.6000,6620.8000,6620.2000,6617.8000,6625.4000,6625.6000,6626.0000,6626.4000,6626.6000,2,5,2,1,1,1,3,1,1,1
SF,IC2010,2020-08-31 09:33:59.600,6627.4000,3532,0,360737040.000,0,-,-,-,-,6622.6000,6621.8000,6621.6000,6620.8000,6620.2000,6625.4000,6625.6000,6626.0000,6626.4000,6626.6000,10,2,5,2,1,1,2,1,1,1
SF,IC2010,2020-08-31 09:34:00.100,6622.8000,3532,0,362061600.000,1,0,1,多换,S,6622.6000,6621.8000,6621.6000,6620.8000,6620.2000,6625.2000,6625.6000,6626.0000,6626.4000,6626.6000,10,1,6,2,1,2,2,1,1,1
SF,IC2010,2020-08-31 09:34:00.600,6622.8000,3532,0,362061600.000,0,-,-,-,-,6622.8000,6622.6000,6621.6000,6620.8000,6620.2000,6625.2000,6625.6000,6626.0000,6626.4000,6626.6000,2,10,6,2,1,2,2,1,1,1
SF,IC2010,2020-08-31 09:34:01.600,6623.0000,3532,0,367361400.000,4,2,2,多换,S,6622.8000,6622.6000,6621.6000,6620.8000,6620.2000,6625.6000,6626.0000,6627.0000,6627.4000,6629.0000,2,10,6,2,1,1,1,2,1,1
SF,IC2010,2020-08-31 09:34:02.100,6625.6000,3532,0,368686520.000,1,0,1,多换,S,6623.0000,6622.8000,6622.6000,6621.6000,6620.8000,6626.0000,6627.4000,6629.0000,6634.6000,6635.0000,3,2,10,6,2,1,1,1,1,1
SF,IC2010,2020-08-31 09:34:02.600,6623.2000,3531,-1,371336360.000,2,0,2,多平,S,6623.2000,6623.0000,6622.8000,6622.6000,6621.6000,6627.4000,6629.0000,6634.6000,6635.0000,6635.2000,1,3,1,10,6,1,1,1,1,5
SF,IC2010,2020-08-31 09:34:03.100,6627.4000,3531,0,372661840.000,1,0,1,多换,S,6624.2000,6623.4000,6623.2000,6623.0000,6622.6000,6629.0000,6634.6000,6635.0000,6635.2000,6638.0000,1,5,1,3,10,1,1,1,5,1
SF,IC2010,2020-08-31 09:34:03.600,6627.4000,3531,0,372661840.000,0,-,-,-,-,6624.4000,6623.4000,6623.2000,6622.6000,6621.6000,6629.0000,6634.6000,6635.0000,6635.2000,6638.0000,3,3,1,10,6,1,1,1,5,1
SF,IC2010,2020-08-31 09:34:04.100,6627.4000,3531,0,372661840.000,0,-,-,-,-,6624.6000,6624.4000,6623.4000,6623.2000,6622.6000,6628.8000,6629.0000,6634.6000,6635.0000,6635.2000,2,2,3,1,10,1,1,1,1,5
SF,IC2010,2020-08-31 09:34:04.600,6627.4000,3531,0,372661840.000,0,-,-,-,-,6624.8000,6624.4000,6623.4000,6623.2000,6622.6000,6628.8000,6629.0000,6634.6000,6635.0000,6635.2000,1,1,2,1,10,2,1,1,1,5
SF,IC2010,2020-08-31 09:34:05.100,6627.4000,3531,0,372661840.000,0,-,-,-,-,6624.8000,6623.4000,6622.6000,6621.6000,6620.8000,6628.4000,6628.8000,6629.0000,6634.6000,6635.0000,1,2,10,6,2,1,1,1,1,1
SF,IC2010,2020-08-31 09:34:05.600,6627.4000,3531,0,372661840.000,0,-,-,-,-,6624.8000,6623.4000,6622.6000,6621.6000,6620.8000,6628.2000,6629.0000,6634.6000,6635.0000,6635.2000,1,2,10,6,2,1,1,1,1,5
SF,IC2010,2020-08-31 09:34:06.100,6627.4000,3531,0,372661840.000,0,-,-,-,-,6625.2000,6625.0000,6623.4000,6622.6000,6621.6000,6629.0000,6634.6000,6635.0000,6635.2000,6638.0000,1,2,1,10,6,1,1,1,5,1
SF,IC2010,2020-08-31 09:34:06.600,6625.2000,3530,-1,376637760.000,3,1,2,多平,S,6625.0000,6623.4000,6622.6000,6621.6000,6620.8000,6634.6000,6635.0000,6635.2000,6638.0000,6639.8000,1,1,10,6,2,1,1,5,1,1
SF,IC2010,2020-08-31 09:34:07.100,6625.2000,3530,0,376637760.000,0,-,-,-,-,6626.0000,6625.6000,6625.2000,6625.0000,6623.4000,6631.6000,6634.4000,6634.6000,6635.0000,6635.2000,1,1,2,2,1,1,1,1,1,5
SF,IC2010,2020-08-31 09:34:07.600,6625.2000,3530,0,376637760.000,0,-,-,-,-,6626.2000,6625.6000,6625.0000,6623.4000,6622.6000,6634.4000,6634.6000,6635.0000,6635.2000,6638.0000,4,1,2,1,10,1,1,1,5,1
SF,IC2010,2020-08-31 09:34:08.100,6625.2000,3530,0,376637760.000,0,-,-,-,-,6626.6000,6626.4000,6626.2000,6625.0000,6622.6000,6633.4000,6634.4000,6634.6000,6635.0000,6635.2000,1,1,3,1,10,1,1,1,1,5
SF,IC2010,2020-08-31 09:34:08.600,6625.2000,3530,0,376637760.000,0,-,-,-,-,6626.8000,6626.6000,6626.4000,6625.0000,6622.6000,6629.4000,6633.2000,6633.4000,6634.6000,6635.0000,2,1,1,1,10,1,1,1,1,1
SF,IC2010,2020-08-31 09:34:09.100,6629.4000,3530,0,377963640.000,1,0,1,多换,S,6628.2000,6627.2000,6626.8000,6626.6000,6622.6000,6633.2000,6633.4000,6635.2000,6638.0000,6639.8000,1,2,1,1,10,1,1,5,1,1
SF,IC2010,2020-08-31 09:34:09.600,6629.4000,3530,0,377963640.000,0,-,-,-,-,6628.4000,6626.6000,6622.6000,6621.6000,6620.8000,6633.2000,6635.2000,6638.0000,6639.8000,6642.4000,1,1,10,6,2,1,5,1,1,1
SF,IC2010,2020-08-31 09:34:10.600,6629.4000,3530,0,377963640.000,0,-,-,-,-,6629.0000,6628.4000,6626.6000,6622.6000,6621.6000,6633.2000,6635.2000,6638.0000,6639.8000,6642.4000,1,1,1,10,6,1,5,1,1,1
SF,IC2010,2020-08-31 09:34:11.100,6629.4000,3530,0,377963640.000,0,-,-,-,-,6629.4000,6629.2000,6628.4000,6626.6000,6622.6000,6635.2000,6638.0000,6639.8000,6642.4000,6643.0000,1,3,1,1,10,5,1,1,1,1
SF,IC2010,2020-08-31 09:34:11.600,6629.4000,3530,0,377963640.000,0,-,-,-,-,6629.6000,6629.2000,6628.4000,6626.6000,6622.6000,6635.0000,6635.2000,6638.0000,6639.8000,6642.4000,3,1,1,1,10,1,5,1,1,1
SF,IC2010,2020-08-31 09:34:12.100,6629.4000,3530,0,377963640.000,0,-,-,-,-,6629.8000,6629.6000,6629.2000,6628.4000,6626.6000,6635.0000,6635.2000,6638.0000,6639.8000,6642.4000,3,2,1,1,1,1,5,1,1,1
SF,IC2010,2020-08-31 09:34:12.600,6629.4000,3530,0,377963640.000,0,-,-,-,-,6630.0000,6629.8000,6629.6000,6628.4000,6626.6000,6634.4000,6634.8000,6635.0000,6635.2000,6638.0000,1,3,1,1,1,1,1,1,5,1
SF,IC2010,2020-08-31 09:34:13.100,6629.4000,3530,0,377963640.000,0,-,-,-,-,6630.0000,6629.6000,6628.4000,6626.6000,6622.6000,6634.2000,6634.4000,6635.2000,6638.0000,6639.8000,1,1,1,1,10,1,1,5,1,1
SF,IC2010,2020-08-31 09:34:13.600,6629.4000,3530,0,377963640.000,0,-,-,-,-,6630.0000,6629.6000,6628.4000,6626.6000,6622.6000,6634.2000,6635.2000,6638.0000,6639.8000,6642.4000,1,1,1,1,10,1,5,1,1,1
SF,IC2010,2020-08-31 09:34:14.100,6629.4000,3529,-1,380615400.000,2,0,2,多平,S,6630.0000,6629.6000,6628.4000,6626.6000,6622.6000,6634.2000,6635.2000,6638.0000,6639.8000,6642.4000,1,1,1,1,10,1,5,1,1,1
SF,IC2010,2020-08-31 09:34:14.600,6629.4000,3529,0,380615400.000,0,-,-,-,-,6630.2000,6630.0000,6629.6000,6628.4000,6626.6000,6634.2000,6635.2000,6638.0000,6639.8000,6642.4000,1,1,1,1,1,1,5,1,1,1
SF,IC2010,2020-08-31 09:34:15.100,6629.4000,3529,0,380615400.000,0,-,-,-,-,6630.2000,6629.6000,6628.4000,6626.6000,6622.6000,6634.2000,6635.2000,6638.0000,6639.8000,6642.4000,2,1,1,1,10,1,5,1,1,1
SF,IC2010,2020-08-31 09:34:15.600,6629.4000,3529,0,380615400.000,0,-,-,-,-,6630.4000,6630.2000,6628.4000,6626.6000,6622.6000,6634.0000,6634.2000,6635.2000,6638.0000,6639.8000,1,2,1,1,10,1,1,5,1,1
SF,IC2010,2020-08-31 09:34:16.100,6629.4000,3529,0,380615400.000,0,-,-,-,-,6630.4000,6630.2000,6628.4000,6626.6000,6622.6000,6633.8000,6634.0000,6635.0000,6635.2000,6638.0000,2,1,1,1,10,1,1,1,5,1
