市场代码,合约代码,时间,最新,持仓,增仓,成交额,成交量,开仓,平仓,成交类型,方向,买一价,买二价,买三价,买四价,买五价,卖一价,卖二价,卖三价,卖四价,卖五价,买一量,买二量,买三量,买四量,买五量,卖一量,卖二量,卖三量,卖四量,卖五量
SF,IC2007,2020-06-01 09:29:00.400,5328.8000,7030,0,8526080.000,8.000,-,-,-,-,5300.0000,5296.4000,5290.0000,5288.0000,5286.8000,5328.8000,5334.8000,5335.0000,5336.0000,5336.8000,11,1,3,2,1,2,2,1,3,1
SF,IC2007,2020-06-01 09:30:00.400,5311.4000,7031,1,10654120.000,2,1,1,空开,S,5301.0000,5300.8000,5300.6000,5300.2000,5300.0000,5320.0000,5324.0000,5325.0000,5327.4000,5328.4000,2,3,1,4,11,1,1,1,1,2
SF,IC2007,2020-06-01 09:30:00.900,5311.4000,7031,0,10654120.000,0,-,-,-,-,5317.8000,5317.4000,5317.2000,5317.0000,5316.6000,5319.8000,5320.0000,5325.0000,5328.0000,5328.4000,1,1,2,1,2,1,1,1,1,2
SF,IC2007,2020-06-01 09:30:01.400,5319.8000,7029,-2,12781640.000,2,0,2,双平,S,5318.0000,5317.4000,5317.2000,5317.0000,5316.6000,5320.0000,5325.0000,5328.0000,5328.4000,5328.6000,4,1,2,1,2,1,1,1,2,4
SF,IC2007,2020-06-01 09:30:01.900,5320.0000,7029,0,13845640.000,1,0,1,多换,S,5320.2000,5320.0000,5319.6000,5319.0000,5318.2000,5325.0000,5328.0000,5328.4000,5328.6000,5328.8000,4,4,2,1,1,1,1,2,4,2
SF,IC2007,2020-06-01 09:30:02.400,5325.0000,7029,0,17038640.000,3,1,2,多换,S,5323.6000,5321.6000,5321.4000,5321.0000,5320.8000,5328.0000,5328.4000,5328.6000,5328.8000,5329.8000,1,1,2,1,2,1,2,4,2,2
SF,IC2007,2020-06-01 09:30:02.900,5325.0000,7029,0,18103640.000,1,0,1,多换,S,5323.8000,5321.6000,5321.4000,5321.0000,5320.8000,5324.4000,5327.4000,5327.8000,5328.0000,5328.4000,3,1,2,1,2,1,1,3,1,2
SF,IC2007,2020-06-01 09:30:03.400,5321.6000,7025,-4,22362640.000,4,0,4,双平,S,5323.8000,5321.4000,5321.0000,5320.8000,5320.4000,5327.8000,5328.0000,5328.4000,5328.6000,5328.8000,2,2,1,2,1,1,1,2,4,2
SF,IC2007,2020-06-01 09:30:03.900,5323.6000,7023,-2,24492080.000,2,0,2,双平,S,5325.0000,5324.2000,5323.8000,5321.4000,5321.0000,5327.6000,5328.0000,5328.4000,5328.6000,5328.8000,10,2,2,1,1,1,1,2,4,2
SF,IC2007,2020-06-01 09:30:04.400,5328.0000,7021,-2,26623200.000,2,0,2,双平,S,5328.0000,5327.8000,5325.6000,5325.4000,5325.2000,5328.4000,5328.6000,5328.8000,5329.8000,5330.0000,1,1,2,1,4,2,4,2,2,6
SF,IC2007,2020-06-01 09:30:04.900,5328.6000,7016,-5,35148600.000,8,1,7,多平,S,5328.4000,5328.2000,5325.6000,5325.4000,5325.2000,5328.8000,5329.8000,5330.0000,5334.8000,5335.0000,2,2,2,1,1,2,2,6,2,2
SF,IC2007,2020-06-01 09:30:05.400,5329.8000,7014,-2,38346080.000,3,0,3,多平,S,5329.4000,5328.8000,5328.6000,5325.6000,5325.2000,5329.8000,5330.0000,5334.8000,5335.0000,5336.8000,2,1,2,1,1,1,6,2,2,1
SF,IC2007,2020-06-01 09:30:05.900,5330.0000,7012,-2,41544040.000,3,0,3,多平,S,5329.6000,5329.4000,5328.8000,5325.6000,5325.2000,5330.0000,5334.8000,5335.0000,5336.8000,5338.8000,3,2,1,1,1,5,2,2,1,2
SF,IC2007,2020-06-01 09:30:06.400,5329.6000,7008,-4,45807720.000,4,0,4,双平,S,5329.6000,5328.8000,5325.6000,5325.2000,5325.0000,5330.0000,5334.8000,5335.0000,5336.8000,5338.8000,1,1,1,1,10,5,2,1,1,2
SF,IC2007,2020-06-01 09:30:06.900,5328.8000,7006,-2,47939400.000,2,0,2,双平,S,5328.8000,5325.6000,5325.2000,5325.0000,5324.4000,5330.0000,5334.8000,5335.0000,5336.8000,5338.8000,1,1,1,10,5,5,2,1,1,2
SF,IC2007,2020-06-01 09:30:07.400,5328.8000,7005,-1,49005160.000,1,0,1,双平,S,5325.6000,5325.2000,5325.0000,5324.4000,5323.8000,5330.0000,5334.8000,5335.0000,5336.8000,5338.8000,1,1,10,5,10,5,2,1,1,2
SF,IC2007,2020-06-01 09:30:07.900,5330.0000,7001,-4,53269160.000,4,0,4,双平,S,5328.0000,5327.8000,5327.4000,5327.0000,5326.8000,5330.0000,5334.8000,5335.0000,5336.8000,5338.8000,1,1,3,3,1,1,2,1,1,2
SF,IC2007,2020-06-01 09:30:08.400,5330.0000,7001,0,54335160.000,1,0,1,多换,S,5330.0000,5328.4000,5328.2000,5327.8000,5327.4000,5334.8000,5335.0000,5336.8000,5338.8000,5341.8000,4,2,1,1,1,2,1,1,2,5
SF,IC2007,2020-06-01 09:30:08.900,5333.8000,7001,0,55401920.000,1,0,1,多换,S,5330.2000,5330.0000,5329.8000,5328.2000,5327.8000,5334.6000,5334.8000,5335.0000,5336.8000,5338.8000,1,5,3,1,1,3,2,1,1,2
SF,IC2007,2020-06-01 09:30:09.400,5333.8000,7001,0,55401920.000,0,-,-,-,-,5330.2000,5330.0000,5329.8000,5328.4000,5328.2000,5333.8000,5334.4000,5334.6000,5334.8000,5335.0000,1,5,2,2,1,1,1,3,2,1
SF,IC2007,2020-06-01 09:30:09.900,5335.0000,7000,-1,59668920.000,4,1,3,多平,S,5330.4000,5330.2000,5330.0000,5329.8000,5328.4000,5336.8000,5338.8000,5347.6000,5348.8000,5351.8000,2,1,5,2,2,1,2,5,2,1
SF,IC2007,2020-06-01 09:30:10.400,5335.0000,7000,0,59668920.000,0,-,-,-,-,5330.8000,5330.6000,5330.4000,5330.0000,5329.8000,5336.6000,5336.8000,5338.8000,5347.6000,5348.8000,1,4,2,4,2,2,1,2,5,2
SF,IC2007,2020-06-01 09:30:10.900,5335.0000,7000,0,59668920.000,0,-,-,-,-,5331.0000,5330.8000,5330.4000,5330.0000,5329.8000,5335.4000,5336.6000,5336.8000,5338.8000,5347.6000,1,1,2,4,2,1,2,2,2,5
SF,IC2007,2020-06-01 09:30:11.400,5335.0000,7000,0,59668920.000,0,-,-,-,-,5333.2000,5332.6000,5332.0000,5331.2000,5331.0000,5336.8000,5338.8000,5347.6000,5348.8000,5351.8000,1,6,1,3,1,1,2,5,2,1
SF,IC2007,2020-06-01 09:30:11.900,5333.4000,7001,1,60735600.000,1,1,0,双开,S,5333.4000,5330.0000,5329.8000,5328.4000,5325.0000,5336.8000,5338.8000,5347.6000,5348.8000,5351.8000,1,1,1,2,10,1,2,5,2,1
SF,IC2007,2020-06-01 09:30:12.400,5333.4000,7001,0,60735600.000,0,-,-,-,-,5333.4000,5330.0000,5329.8000,5328.4000,5325.0000,5336.8000,5338.8000,5347.6000,5348.8000,5351.8000,1,1,1,2,10,1,2,5,2,1
SF,IC2007,2020-06-01 09:30:12.900,5336.8000,7000,-1,61802960.000,1,0,1,双平,S,5334.0000,5333.6000,5333.4000,5330.0000,5328.4000,5336.6000,5338.8000,5347.6000,5348.8000,5351.8000,7,4,1,1,2,1,2,5,2,1
SF,IC2007,2020-06-01 09:30:13.400,5336.6000,6999,-1,62870280.000,1,0,1,双平,S,5336.6000,5336.2000,5336.0000,5335.2000,5334.6000,5338.8000,5347.6000,5348.8000,5351.8000,5368.0000,1,1,1,1,1,2,5,2,1,1
SF,IC2007,2020-06-01 09:30:13.900,5336.6000,6999,0,62870280.000,0,-,-,-,-,5336.8000,5336.6000,5335.2000,5334.6000,5334.2000,5338.8000,5347.6000,5348.8000,5351.8000,5368.0000,1,1,1,1,2,2,5,2,1,1
SF,IC2007,2020-06-01 09:30:14.400,5336.8000,6997,-2,65004960.000,2,0,2,双平,S,5336.8000,5336.6000,5334.2000,5334.0000,5333.6000,5338.6000,5338.8000,5347.6000,5348.8000,5351.8000,10,5,1,4,1,1,2,5,2,1
SF,IC2007,2020-06-01 09:30:14.900,5338.8000,6992,-5,70343520.000,5,0,5,双平,S,5336.8000,5336.6000,5334.2000,5334.0000,5333.6000,5347.6000,5348.8000,5351.8000,5368.0000,5435.2000,10,5,1,4,1,5,2,1,1,1
SF,IC2007,2020-06-01 09:30:15.400,5338.8000,6992,0,70343520.000,0,-,-,-,-,5337.0000,5336.8000,5336.6000,5334.0000,5333.6000,5340.0000,5341.0000,5341.4000,5341.8000,5342.4000,1,10,5,4,1,2,2,1,2,1
SF,IC2007,2020-06-01 09:30:15.900,5338.8000,6992,0,70343520.000,0,-,-,-,-,5337.2000,5337.0000,5336.8000,5336.6000,5334.0000,5339.8000,5341.8000,5342.4000,5343.0000,5344.4000,1,2,9,5,4,1,2,1,1,1
SF,IC2007,2020-06-01 09:30:16.400,5338.8000,6992,0,70343520.000,0,-,-,-,-,5337.4000,5337.2000,5336.8000,5336.6000,5334.0000,5341.8000,5342.4000,5343.0000,5344.4000,5347.2000,1,2,9,5,4,2,1,1,1,1
SF,IC2007,2020-06-01 09:30:16.900,5338.8000,6992,0,71411280.000,1,0,1,多换,S,5340.0000,5339.0000,5338.2000,5337.8000,5337.4000,5341.6000,5342.4000,5343.0000,5344.4000,5347.2000,1,1,1,2,2,2,1,1,1,1
SF,IC2007,2020-06-01 09:30:17.400,5340.0000,6992,0,74615200.000,3,1,2,多换,S,5340.0000,5337.8000,5337.4000,5337.2000,5336.8000,5341.4000,5341.6000,5342.4000,5343.0000,5344.4000,2,1,1,1,9,3,2,1,1,1
SF,IC2007,2020-06-01 09:30:17.900,5340.0000,6993,1,75683200.000,1,1,0,双开,S,5340.0000,5337.8000,5337.4000,5337.2000,5336.8000,5344.4000,5347.2000,5347.4000,5348.8000,5351.8000,1,1,1,1,9,1,1,4,2,1
SF,IC2007,2020-06-01 09:30:18.400,5343.0000,6993,0,77820400.000,2,1,1,多换,S,5340.2000,5340.0000,5337.8000,5337.2000,5336.8000,5343.0000,5343.8000,5344.2000,5344.4000,5347.2000,1,1,1,1,9,1,1,4,1,1
SF,IC2007,2020-06-01 09:30:18.900,5343.0000,6993,0,77820400.000,0,-,-,-,-,5341.6000,5340.4000,5340.2000,5337.8000,5337.2000,5344.2000,5347.2000,5347.4000,5348.8000,5351.8000,3,1,2,1,1,4,1,3,2,1
SF,IC2007,2020-06-01 09:30:19.400,5341.6000,6993,0,78888720.000,1,0,1,多换,S,5341.8000,5341.6000,5340.4000,5337.2000,5336.8000,5343.4000,5343.8000,5344.0000,5344.2000,5344.4000,1,3,1,1,9,1,2,1,2,1
SF,IC2007,2020-06-01 09:30:19.900,5341.8000,6992,-1,79957080.000,1,0,1,双平,S,5341.6000,5340.4000,5337.2000,5336.8000,5336.6000,5344.0000,5344.2000,5347.2000,5347.4000,5348.8000,2,1,1,9,5,1,1,1,3,2
SF,IC2007,2020-06-01 09:30:20.400,5341.8000,6992,0,79957080.000,0,-,-,-,-,5342.2000,5341.6000,5340.4000,5337.2000,5336.8000,5343.8000,5344.0000,5344.2000,5347.2000,5347.4000,1,2,1,1,9,1,1,1,1,3
SF,IC2007,2020-06-01 09:30:20.900,5341.8000,6992,0,79957080.000,0,-,-,-,-,5342.2000,5341.6000,5340.4000,5337.2000,5336.8000,5343.8000,5344.0000,5344.2000,5347.2000,5347.4000,1,2,1,1,9,1,1,1,1,3
SF,IC2007,2020-06-01 09:30:21.400,5343.6000,6991,-1,83162480.000,3,1,2,多平,S,5341.6000,5340.4000,5337.2000,5336.8000,5336.0000,5347.4000,5348.8000,5351.8000,5352.2000,5359.2000,1,1,1,9,5,2,2,1,3,5
SF,IC2007,2020-06-01 09:30:21.900,5343.6000,6991,0,83162480.000,0,-,-,-,-,5341.8000,5341.6000,5336.8000,5336.0000,5325.0000,5344.2000,5347.2000,5347.4000,5348.8000,5351.8000,2,1,9,5,10,1,1,2,2,1
SF,IC2007,2020-06-01 09:30:22.400,5344.2000,6991,0,84231320.000,1,0,1,多换,S,5343.4000,5343.0000,5342.6000,5342.4000,5342.0000,5347.2000,5347.4000,5348.8000,5351.8000,5352.2000,1,1,2,3,1,1,2,2,1,3
SF,IC2007,2020-06-01 09:30:22.900,5344.2000,6991,0,84231320.000,0,-,-,-,-,5345.2000,5343.8000,5343.6000,5343.0000,5342.6000,5348.8000,5351.8000,5352.2000,5359.2000,5368.0000,1,3,1,1,1,2,1,3,5,1
SF,IC2007,2020-06-01 09:30:23.400,5344.2000,6991,0,84231320.000,0,-,-,-,-,5345.4000,5345.2000,5343.8000,5343.0000,5342.4000,5348.6000,5348.8000,5351.8000,5352.2000,5359.2000,1,1,3,1,1,3,2,1,3,5
SF,IC2007,2020-06-01 09:30:23.900,5344.2000,6991,0,84231320.000,0,-,-,-,-,5345.4000,5343.8000,5343.0000,5342.4000,5342.0000,5348.4000,5348.6000,5348.8000,5351.8000,5352.2000,1,3,1,1,1,1,3,2,1,3
SF,IC2007,2020-06-01 09:30:24.400,5345.4000,6990,-1,85300400.000,1,0,1,双平,S,5343.8000,5343.0000,5342.4000,5342.0000,5341.6000,5348.2000,5348.4000,5348.6000,5348.8000,5351.8000,1,1,1,1,1,4,2,3,2,1
SF,IC2007,2020-06-01 09:30:24.900,5348.0000,6989,-1,86370000.000,1,0,1,双平,S,5348.4000,5346.0000,5345.8000,5345.6000,5345.2000,5348.8000,5351.8000,5352.2000,5359.2000,5368.0000,4,1,1,1,2,2,1,3,5,1
SF,IC2007,2020-06-01 09:30:25.400,5348.4000,6984,-5,98136640.000,11,3,8,多平,S,5346.0000,5345.8000,5345.6000,5345.2000,5344.8000,5347.6000,5348.8000,5351.8000,5352.2000,5359.2000,1,1,1,2,1,2,1,1,3,5
SF,IC2007,2020-06-01 09:30:25.900,5348.4000,6984,0,98136640.000,0,-,-,-,-,5348.2000,5346.0000,5345.8000,5345.6000,5345.2000,5348.8000,5351.8000,5352.2000,5359.2000,5368.0000,2,1,1,1,2,1,1,3,5,1
SF,IC2007,2020-06-01 09:30:26.400,5346.0000,6982,-2,100275600.000,2,0,2,双平,S,5345.8000,5345.6000,5345.2000,5344.8000,5344.4000,5350.0000,5351.8000,5352.2000,5359.2000,5368.0000,1,1,2,1,1,1,1,3,5,1
SF,IC2007,2020-06-01 09:30:26.900,5346.0000,6982,0,101344800.000,1,0,1,多换,S,5347.6000,5345.8000,5345.6000,5345.2000,5344.8000,5349.8000,5350.0000,5351.8000,5352.2000,5359.2000,1,1,1,2,1,4,1,1,3,5
SF,IC2007,2020-06-01 09:30:27.400,5347.4000,6980,-2,103483760.000,2,0,2,双平,S,5348.4000,5347.6000,5345.8000,5345.6000,5345.2000,5349.8000,5350.0000,5351.8000,5352.2000,5359.2000,8,1,1,1,2,4,1,1,3,5
SF,IC2007,2020-06-01 09:30:27.900,5348.4000,6972,-8,112041080.000,8,0,8,双平,S,5347.6000,5345.8000,5345.6000,5345.2000,5344.8000,5349.4000,5349.8000,5350.0000,5351.8000,5352.2000,1,1,1,2,1,2,3,1,1,3
SF,IC2007,2020-06-01 09:30:28.400,5348.4000,6972,0,112041080.000,0,-,-,-,-,5347.6000,5345.8000,5345.6000,5345.2000,5344.8000,5349.2000,5349.4000,5349.8000,5350.0000,5351.8000,1,1,1,2,1,3,2,3,1,1
SF,IC2007,2020-06-01 09:30:28.900,5349.2000,6971,-1,113110920.000,1,0,1,双平,S,5347.6000,5345.8000,5345.6000,5345.2000,5344.8000,5348.6000,5349.8000,5350.0000,5351.8000,5352.2000,1,1,1,2,1,1,3,1,1,3
SF,IC2007,2020-06-01 09:30:29.400,5349.8000,6967,-4,117390600.000,4,0,4,双平,S,5347.6000,5345.8000,5345.6000,5345.2000,5344.8000,5350.0000,5351.8000,5352.2000,5359.2000,5368.0000,1,1,1,2,1,2,1,3,5,1
SF,IC2007,2020-06-01 09:30:29.900,5349.8000,6967,0,117390600.000,0,-,-,-,-,5347.6000,5345.8000,5345.6000,5344.8000,5344.4000,5350.0000,5351.8000,5352.2000,5359.2000,5368.0000,1,1,1,1,1,2,1,3,5,1
SF,IC2007,2020-06-01 09:30:31.400,5350.0000,6967,0,118460600.000,1,0,1,多换,S,5349.4000,5347.6000,5345.8000,5345.6000,5344.8000,5350.0000,5351.8000,5352.2000,5359.2000,5368.0000,1,1,1,1,1,1,1,3,5,1
SF,IC2007,2020-06-01 09:30:31.900,5350.0000,6967,0,119530600.000,1,0,1,多换,S,5350.0000,5349.4000,5347.6000,5345.8000,5345.6000,5351.8000,5359.2000,5368.0000,5412.0000,5435.2000,1,1,1,1,1,1,5,1,8,1
SF,IC2007,2020-06-01 09:30:32.400,5350.0000,6967,0,120600600.000,1,0,1,多换,S,5349.4000,5347.6000,5345.8000,5345.6000,5344.8000,5351.6000,5351.8000,5359.2000,5368.0000,5412.0000,1,1,1,1,1,4,1,5,1,8
SF,IC2007,2020-06-01 09:30:32.900,5350.0000,6967,0,120600600.000,0,-,-,-,-,5350.0000,5349.4000,5347.6000,5345.8000,5344.8000,5351.8000,5359.2000,5368.0000,5412.0000,5435.2000,3,1,1,1,1,1,5,1,8,1
SF,IC2007,2020-06-01 09:30:33.400,5350.0000,6967,0,120600600.000,0,-,-,-,-,5350.0000,5349.4000,5347.6000,5345.8000,5344.8000,5351.6000,5351.8000,5359.2000,5368.0000,5412.0000,5,1,1,1,1,3,1,5,1,8
SF,IC2007,2020-06-01 09:30:33.900,5350.0000,6967,0,121670600.000,1,0,1,多换,S,5350.0000,5349.4000,5347.6000,5345.8000,5344.8000,5351.6000,5351.8000,5359.2000,5368.0000,5412.0000,4,1,1,1,1,3,1,5,1,8
SF,IC2007,2020-06-01 09:30:34.400,5350.0000,6967,0,121670600.000,0,-,-,-,-,5350.0000,5349.4000,5347.6000,5345.8000,5344.4000,5351.8000,5365.0000,5368.0000,5412.0000,5435.2000,4,1,1,1,1,1,5,1,8,1
SF,IC2007,2020-06-01 09:30:34.900,5351.8000,6966,-1,122740960.000,1,0,1,双平,S,5350.0000,5349.4000,5347.6000,5345.8000,5344.4000,5365.0000,5368.0000,5412.0000,5435.2000,5472.2000,4,1,1,1,1,5,1,8,1,1
SF,IC2007,2020-06-01 09:30:35.400,5351.8000,6966,0,122740960.000,0,-,-,-,-,5350.2000,5350.0000,5349.4000,5347.6000,5345.8000,5352.0000,5352.2000,5353.4000,5353.6000,5354.2000,1,4,1,1,1,2,2,1,2,2
SF,IC2007,2020-06-01 09:30:35.900,5350.2000,6965,-1,123811000.000,1,0,1,双平,S,5350.0000,5349.4000,5347.6000,5345.8000,5344.4000,5350.2000,5351.8000,5352.0000,5353.4000,5353.6000,4,1,1,1,1,1,3,2,1,2
SF,IC2007,2020-06-01 09:30:36.400,5349.4000,6966,1,130230760.000,6,3,3,空开,S,5347.6000,5345.8000,5344.4000,5344.0000,5341.6000,5349.8000,5350.2000,5351.8000,5352.0000,5353.4000,1,1,1,1,1,2,1,3,2,1
SF,IC2007,2020-06-01 09:30:36.900,5350.2000,6961,-5,139859440.000,9,2,7,多平,S,5350.0000,5345.8000,5344.4000,5344.0000,5341.6000,5351.8000,5352.0000,5353.4000,5354.2000,5355.0000,3,1,1,1,1,3,2,1,2,2
SF,IC2007,2020-06-01 09:30:37.400,5350.0000,6959,-2,143069440.000,3,0,3,多平,S,5345.8000,5344.4000,5344.0000,5341.6000,5336.0000,5349.8000,5351.8000,5352.0000,5352.2000,5353.4000,1,1,1,1,5,1,3,2,2,1
SF,IC2007,2020-06-01 09:30:37.900,5349.8000,6958,-1,144139400.000,1,0,1,双平,S,5346.8000,5346.6000,5346.2000,5346.0000,5345.8000,5349.8000,5351.8000,5352.0000,5352.2000,5353.4000,1,3,1,6,1,1,2,2,2,1
SF,IC2007,2020-06-01 09:30:38.400,5349.8000,6958,0,145209360.000,1,0,1,多换,S,5348.2000,5348.0000,5347.0000,5346.8000,5346.6000,5352.2000,5354.2000,5355.0000,5356.8000,5357.4000,1,1,4,1,2,2,2,2,1,1
SF,IC2007,2020-06-01 09:30:38.900,5349.8000,6958,0,145209360.000,0,-,-,-,-,5350.2000,5349.4000,5348.6000,5348.4000,5348.2000,5352.0000,5352.2000,5354.2000,5355.0000,5356.8000,1,1,2,3,2,1,2,2,2,1
SF,IC2007,2020-06-01 09:30:39.400,5352.0000,6955,-3,149491040.000,4,0,4,多平,S,5352.0000,5350.2000,5348.6000,5348.4000,5348.2000,5355.0000,5356.8000,5359.4000,5364.6000,5364.8000,1,1,2,3,2,1,1,2,1,3
SF,IC2007,2020-06-01 09:30:39.900,5352.0000,6955,0,149491040.000,0,-,-,-,-,5352.2000,5352.0000,5350.2000,5348.4000,5348.2000,5353.6000,5354.2000,5354.6000,5354.8000,5355.0000,1,1,1,3,2,2,1,1,4,10
SF,IC2007,2020-06-01 09:30:40.400,5352.2000,6954,-1,150561480.000,1,0,1,双平,S,5350.2000,5348.4000,5348.2000,5347.0000,5346.6000,5351.0000,5353.2000,5353.4000,5354.2000,5354.8000,1,3,2,4,1,1,2,3,1,4
SF,IC2007,2020-06-01 09:30:40.900,5351.4000,6953,-1,151631760.000,1,0,1,双平,S,5351.0000,5350.4000,5350.2000,5348.4000,5348.2000,5353.2000,5353.4000,5354.2000,5354.8000,5355.0000,1,1,1,3,2,2,3,1,4,9
SF,IC2007,2020-06-01 09:30:41.400,5350.4000,6952,-1,152701840.000,1,0,1,双平,S,5350.2000,5348.4000,5348.2000,5347.0000,5346.6000,5353.0000,5353.2000,5353.4000,5354.2000,5354.8000,1,3,2,4,1,2,2,2,1,4
SF,IC2007,2020-06-01 09:30:41.900,5350.4000,6952,0,152701840.000,0,-,-,-,-,5350.2000,5348.2000,5347.0000,5346.6000,5346.2000,5352.8000,5353.0000,5353.2000,5353.4000,5354.2000,1,2,4,1,1,1,2,2,2,1
SF,IC2007,2020-06-01 09:30:42.400,5350.4000,6952,0,152701840.000,0,-,-,-,-,5351.0000,5350.2000,5348.2000,5347.0000,5346.6000,5352.6000,5352.8000,5353.0000,5353.2000,5353.4000,1,1,1,4,1,4,1,1,2,2
SF,IC2007,2020-06-01 09:30:42.900,5351.0000,6951,-1,153772040.000,1,0,1,双平,S,5350.2000,5348.2000,5347.0000,5346.6000,5346.2000,5352.6000,5353.0000,5353.2000,5353.4000,5354.8000,1,1,4,1,1,3,1,2,2,2
SF,IC2007,2020-06-01 09:30:43.400,5351.0000,6951,0,153772040.000,0,-,-,-,-,5350.2000,5348.2000,5347.0000,5346.6000,5346.2000,5352.6000,5353.0000,5353.2000,5353.4000,5354.8000,1,1,4,1,1,3,1,2,2,2
SF,IC2007,2020-06-01 09:30:43.900,5351.0000,6951,0,153772040.000,0,-,-,-,-,5350.2000,5348.2000,5347.0000,5346.6000,5346.2000,5352.6000,5353.0000,5353.2000,5353.4000,5354.8000,1,1,4,1,1,2,1,2,3,2
SF,IC2007,2020-06-01 09:30:44.400,5351.0000,6951,0,153772040.000,0,-,-,-,-,5350.2000,5348.2000,5347.0000,5346.6000,5346.2000,5352.4000,5352.6000,5353.0000,5353.2000,5353.4000,1,1,4,1,1,1,2,1,2,3
SF,IC2007,2020-06-01 09:30:44.900,5351.0000,6951,0,153772040.000,0,-,-,-,-,5350.6000,5350.4000,5350.2000,5348.2000,5347.0000,5352.4000,5353.2000,5353.4000,5354.8000,5355.0000,1,2,1,1,4,1,2,1,2,7
SF,IC2007,2020-06-01 09:30:45.400,5351.0000,6951,0,153772040.000,0,-,-,-,-,5350.4000,5350.2000,5348.2000,5347.0000,5346.6000,5352.4000,5353.2000,5353.4000,5354.8000,5355.0000,1,1,1,4,1,1,2,1,2,7
SF,IC2007,2020-06-01 09:30:45.900,5350.4000,6950,-1,154842120.000,1,0,1,双平,S,5350.2000,5348.2000,5347.0000,5346.6000,5346.2000,5350.4000,5352.4000,5353.2000,5353.4000,5354.8000,1,1,4,1,1,1,1,2,1,2
SF,IC2007,2020-06-01 09:30:46.400,5352.4000,6948,-2,158052720.000,3,0,3,多平,S,5350.4000,5348.2000,5347.0000,5346.6000,5346.2000,5353.2000,5353.4000,5354.8000,5355.0000,5356.8000,1,1,4,1,1,2,1,2,8,1
SF,IC2007,2020-06-01 09:30:46.900,5352.4000,6948,0,158052720.000,0,-,-,-,-,5350.4000,5348.2000,5347.0000,5346.6000,5346.2000,5353.0000,5353.2000,5353.4000,5354.8000,5355.0000,1,1,4,1,1,4,2,1,2,8
SF,IC2007,2020-06-01 09:30:47.400,5352.4000,6948,0,158052720.000,0,-,-,-,-,5348.2000,5347.0000,5346.6000,5346.2000,5346.0000,5353.0000,5353.2000,5353.4000,5354.8000,5355.0000,1,4,1,1,3,4,2,1,2,8
SF,IC2007,2020-06-01 09:30:47.900,5352.4000,6948,0,158052720.000,0,-,-,-,-,5349.4000,5348.8000,5348.4000,5348.2000,5348.0000,5353.0000,5353.2000,5353.4000,5354.8000,5355.0000,1,1,3,2,2,4,2,1,2,8
SF,IC2007,2020-06-01 09:30:48.400,5352.4000,6948,0,158052720.000,0,-,-,-,-,5349.4000,5348.8000,5348.2000,5348.0000,5347.0000,5353.0000,5353.2000,5353.4000,5354.8000,5355.0000,1,1,2,2,4,4,2,1,2,8
SF,IC2007,2020-06-01 09:30:48.900,5352.4000,6948,0,158052720.000,0,-,-,-,-,5348.8000,5348.2000,5348.0000,5347.0000,5346.6000,5353.0000,5353.2000,5353.4000,5354.8000,5355.0000,1,1,2,4,1,4,2,1,2,8
SF,IC2007,2020-06-01 09:30:49.400,5352.4000,6948,0,158052720.000,0,-,-,-,-,5348.8000,5348.2000,5348.0000,5347.0000,5346.6000,5352.8000,5353.0000,5353.2000,5353.4000,5354.8000,1,1,2,4,1,2,4,2,1,2
SF,IC2007,2020-06-01 09:30:49.900,5352.4000,6948,0,158052720.000,0,-,-,-,-,5348.8000,5348.2000,5348.0000,5347.0000,5346.6000,5352.6000,5352.8000,5353.0000,5353.2000,5353.4000,1,1,2,4,1,4,2,2,2,1
SF,IC2007,2020-06-01 09:30:50.400,5352.4000,6948,0,158052720.000,0,-,-,-,-,5348.8000,5347.0000,5346.6000,5346.2000,5346.0000,5352.4000,5352.6000,5352.8000,5353.0000,5353.4000,1,3,1,1,3,1,4,1,2,2
SF,IC2007,2020-06-01 09:30:50.900,5352.4000,6947,-1,159123200.000,1,0,1,双平,S,5348.8000,5347.0000,5346.6000,5346.2000,5346.0000,5351.4000,5352.2000,5352.6000,5352.8000,5353.0000,1,3,1,1,3,1,6,2,1,2
SF,IC2007,2020-06-01 09:30:51.400,5352.4000,6947,0,159123200.000,0,-,-,-,-,5348.8000,5347.0000,5346.6000,5346.2000,5346.0000,5351.2000,5352.2000,5352.6000,5352.8000,5353.0000,1,3,1,1,3,1,3,2,1,2
SF,IC2007,2020-06-01 09:30:51.900,5352.4000,6947,0,159123200.000,0,-,-,-,-,5348.8000,5347.0000,5346.6000,5346.2000,5346.0000,5351.2000,5352.2000,5352.6000,5352.8000,5353.0000,1,3,1,1,3,1,3,2,1,2
SF,IC2007,2020-06-01 09:30:52.400,5348.8000,6946,-1,160192960.000,1,0,1,双平,S,5346.6000,5346.2000,5346.0000,5344.4000,5341.6000,5351.0000,5351.2000,5352.2000,5352.6000,5352.8000,1,1,3,1,1,2,1,2,2,1
SF,IC2007,2020-06-01 09:30:52.900,5348.8000,6946,0,160192960.000,0,-,-,-,-,5347.0000,5346.6000,5346.2000,5344.4000,5341.6000,5350.8000,5351.0000,5352.2000,5352.6000,5352.8000,1,1,1,1,1,1,2,2,2,1
SF,IC2007,2020-06-01 09:30:53.400,5348.8000,6946,0,160192960.000,0,-,-,-,-,5347.0000,5346.6000,5346.2000,5344.4000,5341.6000,5350.6000,5350.8000,5351.0000,5352.2000,5352.6000,1,1,1,1,1,1,1,1,2,2
SF,IC2007,2020-06-01 09:30:53.900,5348.8000,6946,0,160192960.000,0,-,-,-,-,5347.0000,5346.6000,5346.2000,5344.4000,5341.6000,5350.4000,5351.0000,5352.2000,5352.6000,5352.8000,1,1,1,1,1,2,1,2,2,1
SF,IC2007,2020-06-01 09:30:54.400,5348.8000,6946,0,160192960.000,0,-,-,-,-,5348.2000,5348.0000,5347.6000,5347.2000,5347.0000,5350.4000,5352.2000,5352.6000,5353.0000,5353.4000,1,1,2,3,1,1,2,2,2,1
SF,IC2007,2020-06-01 09:30:54.900,5350.4000,6945,-1,161263040.000,1,0,1,双平,S,5347.6000,5347.2000,5347.0000,5346.6000,5346.2000,5352.2000,5352.6000,5353.0000,5353.4000,5354.8000,1,1,1,1,1,2,2,2,1,2
SF,IC2007,2020-06-01 09:30:55.400,5350.4000,6945,0,161263040.000,0,-,-,-,-,5348.2000,5347.6000,5347.2000,5346.6000,5346.2000,5352.0000,5352.2000,5352.6000,5353.0000,5353.4000,1,1,1,1,1,2,2,2,2,1
SF,IC2007,2020-06-01 09:30:55.900,5350.4000,6945,0,161263040.000,0,-,-,-,-,5348.4000,5348.2000,5347.6000,5347.2000,5346.6000,5351.6000,5352.0000,5352.2000,5352.6000,5353.0000,1,1,1,1,1,1,2,2,2,2
SF,IC2007,2020-06-01 09:30:56.400,5350.4000,6945,0,161263040.000,0,-,-,-,-,5347.6000,5346.6000,5346.2000,5344.4000,5336.0000,5351.4000,5351.6000,5352.0000,5352.2000,5352.6000,1,1,1,1,5,3,1,1,2,2
SF,IC2007,2020-06-01 09:30:56.900,5350.6000,6944,-1,162333160.000,1,0,1,双平,S,5347.6000,5346.6000,5346.2000,5344.4000,5336.0000,5350.6000,5350.8000,5351.2000,5351.4000,5351.6000,1,1,1,1,5,1,1,1,2,1
SF,IC2007,2020-06-01 09:30:57.400,5347.6000,6943,-1,163402680.000,1,0,1,双平,S,5344.4000,5336.0000,5323.8000,5320.0000,5312.2000,5349.8000,5350.4000,5350.6000,5350.8000,5351.4000,1,5,10,1,3,1,4,1,3,1
SF,IC2007,2020-06-01 09:30:57.900,5347.6000,6943,0,163402680.000,0,-,-,-,-,5346.2000,5345.6000,5345.2000,5344.8000,5344.6000,5349.6000,5349.8000,5350.4000,5350.6000,5350.8000,1,1,2,2,5,2,1,3,1,3
SF,IC2007,2020-06-01 09:30:58.400,5347.6000,6943,0,163402680.000,0,-,-,-,-,5346.2000,5345.6000,5345.2000,5344.8000,5344.6000,5349.6000,5349.8000,5350.4000,5350.6000,5350.8000,1,1,2,1,4,2,1,3,1,3
SF,IC2007,2020-06-01 09:30:58.900,5347.6000,6943,0,163402680.000,0,-,-,-,-,5346.6000,5346.2000,5345.6000,5345.2000,5344.8000,5349.6000,5349.8000,5350.4000,5350.6000,5350.8000,1,1,1,2,1,1,1,3,1,2
SF,IC2007,2020-06-01 09:30:59.400,5347.6000,6943,0,163402680.000,0,-,-,-,-,5345.2000,5344.8000,5344.6000,5344.4000,5336.0000,5349.6000,5349.8000,5350.4000,5350.6000,5350.8000,1,1,3,1,5,1,1,3,1,2
SF,IC2007,2020-06-01 09:30:59.900,5346.0000,6943,0,164471880.000,1,0,1,多换,S,5345.6000,5345.4000,5345.2000,5344.8000,5344.6000,5349.4000,5349.6000,5349.8000,5350.4000,5350.6000,1,1,2,1,3,1,1,1,3,1
SF,IC2007,2020-06-01 09:31:00.400,5346.0000,6943,0,164471880.000,0,-,-,-,-,5347.2000,5346.6000,5346.2000,5346.0000,5345.8000,5350.4000,5350.6000,5351.4000,5352.0000,5352.2000,1,2,1,1,4,2,1,1,1,2
SF,IC2007,2020-06-01 09:31:00.900,5346.0000,6943,0,164471880.000,0,-,-,-,-,5347.4000,5346.2000,5346.0000,5345.6000,5345.2000,5349.8000,5350.2000,5350.4000,5350.6000,5351.4000,2,1,1,1,1,1,4,2,1,1
SF,IC2007,2020-06-01 09:31:01.400,5349.6000,6942,-1,166611720.000,2,0,2,多平,S,5350.4000,5347.4000,5346.2000,5346.0000,5345.6000,5353.4000,5355.0000,5359.8000,5362.8000,5364.6000,4,2,1,1,1,1,7,2,3,1
SF,IC2007,2020-06-01 09:31:01.900,5350.4000,6938,-4,182662880.000,15,5,10,多平,S,5346.0000,5345.6000,5345.2000,5344.8000,5344.6000,5350.6000,5350.8000,5351.6000,5353.0000,5353.2000,1,1,1,1,3,1,4,1,1,2
SF,IC2007,2020-06-01 09:31:02.400,5350.4000,6938,0,182662880.000,0,-,-,-,-,5347.0000,5346.8000,5346.6000,5346.4000,5346.2000,5349.0000,5349.2000,5350.4000,5353.0000,5353.2000,1,1,1,1,2,1,1,1,1,1
SF,IC2007,2020-06-01 09:31:02.900,5349.2000,6936,-2,184802520.000,2,0,2,双平,S,5349.2000,5349.0000,5347.4000,5347.2000,5347.0000,5350.4000,5353.2000,5353.4000,5355.0000,5359.8000,1,2,1,2,1,1,1,1,7,2
SF,IC2007,2020-06-01 09:31:03.400,5349.4000,6934,-2,186942240.000,2,0,2,双平,S,5349.0000,5347.4000,5347.2000,5347.0000,5346.6000,5353.2000,5353.4000,5355.0000,5359.8000,5362.8000,2,1,1,1,1,1,1,7,2,3
SF,IC2007,2020-06-01 09:31:03.900,5349.4000,6934,0,186942240.000,0,-,-,-,-,5348.0000,5347.4000,5347.2000,5345.6000,5344.8000,5350.2000,5350.8000,5351.6000,5352.0000,5352.8000,1,1,2,1,1,1,3,2,2,1
SF,IC2007,2020-06-01 09:31:04.400,5347.4000,6933,-1,189081320.000,2,0,2,多平,S,5345.6000,5344.8000,5344.6000,5344.4000,5336.0000,5349.8000,5350.0000,5350.2000,5350.8000,5351.6000,1,1,3,1,5,1,2,1,4,2
SF,IC2007,2020-06-01 09:31:04.900,5347.4000,6933,0,189081320.000,0,-,-,-,-,5345.8000,5344.6000,5344.4000,5336.0000,5323.8000,5347.8000,5349.6000,5349.8000,5350.2000,5350.8000,1,3,1,5,10,1,3,1,1,4
SF,IC2007,2020-06-01 09:31:05.400,5347.4000,6933,0,189081320.000,0,-,-,-,-,5345.8000,5344.6000,5344.4000,5336.0000,5323.8000,5347.8000,5349.2000,5349.6000,5349.8000,5350.2000,1,3,1,5,10,1,1,3,1,1
SF,IC2007,2020-06-01 09:31:05.900,5347.4000,6933,0,189081320.000,0,-,-,-,-,5345.8000,5336.0000,5323.8000,5320.0000,5312.2000,5347.8000,5349.2000,5349.6000,5349.8000,5350.2000,1,5,10,1,3,1,1,3,1,1
SF,IC2007,2020-06-01 09:31:06.400,5345.8000,6932,-1,192288800.000,3,1,2,多平,S,5336.0000,5323.8000,5320.0000,5312.2000,5301.0000,5345.8000,5347.8000,5349.2000,5349.6000,5349.8000,5,10,1,3,1,1,1,1,3,1
SF,IC2007,2020-06-01 09:31:06.900,5345.8000,6931,-1,193357960.000,1,0,1,双平,S,5343.8000,5343.0000,5342.4000,5341.4000,5340.4000,5345.6000,5345.8000,5347.8000,5349.2000,5349.6000,2,1,1,1,3,1,1,1,1,1
SF,IC2007,2020-06-01 09:31:07.400,5345.8000,6929,-2,195496240.000,2,0,2,双平,S,5344.0000,5343.8000,5343.0000,5342.4000,5341.4000,5345.8000,5347.8000,5349.2000,5349.6000,5349.8000,2,2,1,1,1,4,1,1,1,1
SF,IC2007,2020-06-01 09:31:07.900,5345.8000,6929,0,199772880.000,4,2,2,多换,S,5346.6000,5346.4000,5346.0000,5345.8000,5344.8000,5347.8000,5349.2000,5350.2000,5350.8000,5351.6000,1,1,1,4,2,1,1,1,2,1
SF,IC2007,2020-06-01 09:31:08.400,5347.8000,6926,-3,204050200.000,4,0,4,多平,S,5345.8000,5344.8000,5344.4000,5344.0000,5343.8000,5349.2000,5350.2000,5350.8000,5351.6000,5352.8000,3,1,1,1,1,1,1,2,1,1
SF,IC2007,2020-06-01 09:31:08.900,5347.8000,6926,0,204050200.000,0,-,-,-,-,5346.2000,5346.0000,5345.6000,5344.8000,5344.4000,5349.0000,5349.2000,5350.2000,5350.8000,5351.6000,1,2,1,1,1,1,1,1,2,1
SF,IC2007,2020-06-01 09:31:09.400,5347.8000,6926,0,204050200.000,0,-,-,-,-,5346.4000,5346.2000,5345.6000,5344.8000,5344.4000,5349.0000,5349.2000,5350.8000,5351.6000,5352.8000,2,1,1,1,1,1,1,1,1,1
SF,IC2007,2020-06-01 09:31:09.900,5346.4000,6924,-2,206188760.000,2,0,2,双平,S,5346.2000,5345.8000,5344.8000,5344.4000,5344.0000,5348.8000,5349.0000,5349.2000,5350.8000,5351.6000,1,2,1,1,1,1,1,1,1,1
SF,IC2007,2020-06-01 09:31:10.400,5345.8000,6922,-2,208327080.000,2,0,2,双平,S,5344.4000,5344.0000,5342.4000,5340.4000,5336.2000,5348.6000,5348.8000,5349.2000,5350.8000,5351.6000,1,1,1,2,6,1,1,1,1,1
SF,IC2007,2020-06-01 09:31:10.900,5345.8000,6922,0,208327080.000,0,-,-,-,-,5345.2000,5345.0000,5344.6000,5344.4000,5344.0000,5348.4000,5348.6000,5349.2000,5350.8000,5351.6000,1,1,1,1,1,2,1,1,1,1
SF,IC2007,2020-06-01 09:31:11.400,5345.2000,6921,-1,209396120.000,1,0,1,双平,S,5344.6000,5344.0000,5342.4000,5340.4000,5336.2000,5348.2000,5348.4000,5349.2000,5350.8000,5351.6000,1,1,1,2,6,1,1,1,1,1
SF,IC2007,2020-06-01 09:31:11.900,5345.2000,6921,0,209396120.000,0,-,-,-,-,5344.6000,5342.4000,5340.4000,5336.2000,5336.0000,5348.0000,5348.2000,5349.2000,5350.8000,5351.6000,1,1,2,6,6,1,1,1,1,1
SF,IC2007,2020-06-01 09:31:12.400,5345.2000,6921,0,209396120.000,0,-,-,-,-,5345.2000,5344.6000,5344.4000,5342.4000,5340.4000,5347.8000,5348.0000,5349.2000,5350.8000,5351.6000,1,1,1,1,2,1,1,1,1,1
SF,IC2007,2020-06-01 09:31:12.900,5345.2000,6921,0,209396120.000,0,-,-,-,-,5344.6000,5342.4000,5340.4000,5336.2000,5336.0000,5347.6000,5347.8000,5349.2000,5350.8000,5351.6000,1,1,2,6,6,1,1,1,1,1
SF,IC2007,2020-06-01 09:31:13.400,5345.2000,6921,0,209396120.000,0,-,-,-,-,5344.6000,5342.4000,5340.4000,5336.2000,5336.0000,5345.2000,5347.4000,5347.6000,5349.2000,5350.8000,1,1,2,6,6,1,1,1,1,1
SF,IC2007,2020-06-01 09:31:13.900,5345.2000,6920,-1,210465160.000,1,0,1,双平,S,5344.6000,5342.4000,5336.2000,5336.0000,5323.8000,5345.2000,5347.4000,5347.6000,5349.2000,5350.8000,1,1,6,6,10,1,1,1,1,1
SF,IC2007,2020-06-01 09:31:14.400,5344.6000,6919,-1,211534080.000,1,0,1,双平,S,5342.4000,5336.2000,5336.0000,5323.8000,5320.0000,5345.2000,5347.4000,5347.6000,5349.2000,5350.8000,1,6,6,10,1,1,1,1,1,1
SF,IC2007,2020-06-01 09:31:14.900,5344.6000,6919,0,211534080.000,0,-,-,-,-,5344.0000,5343.2000,5343.0000,5342.6000,5342.4000,5344.6000,5345.0000,5345.2000,5347.4000,5349.2000,1,3,1,3,3,1,1,1,1,1
SF,IC2007,2020-06-01 09:31:15.400,5344.6000,6918,-1,212603000.000,1,0,1,双平,S,5344.6000,5342.6000,5342.4000,5336.2000,5336.0000,5345.2000,5347.4000,5350.8000,5352.8000,5353.0000,1,1,1,5,6,1,1,1,1,2
SF,IC2007,2020-06-01 09:31:15.900,5344.6000,6918,0,214740960.000,2,1,1,多换,S,5345.2000,5342.6000,5342.4000,5336.2000,5336.0000,5347.4000,5350.8000,5352.8000,5353.0000,5353.4000,1,1,1,5,6,1,1,1,2,1
SF,IC2007,2020-06-01 09:31:16.400,5344.6000,6918,0,214740960.000,0,-,-,-,-,5345.2000,5342.6000,5342.4000,5336.2000,5336.0000,5346.8000,5347.2000,5347.4000,5350.8000,5352.8000,1,1,1,5,6,2,1,1,1,1
SF,IC2007,2020-06-01 09:31:16.900,5344.6000,6918,0,214740960.000,0,-,-,-,-,5345.2000,5342.6000,5342.4000,5336.2000,5336.0000,5347.4000,5350.8000,5352.8000,5353.0000,5353.4000,1,1,1,5,6,1,1,1,2,6
SF,IC2007,2020-06-01 09:31:17.900,5345.2000,6919,1,215810000.000,1,1,0,双开,S,5342.6000,5342.4000,5336.2000,5336.0000,5323.8000,5347.4000,5350.8000,5352.8000,5353.0000,5353.4000,1,1,5,6,10,1,1,1,2,6
SF,IC2007,2020-06-01 09:31:18.400,5345.2000,6919,0,215810000.000,0,-,-,-,-,5344.4000,5343.8000,5343.6000,5343.0000,5342.8000,5347.2000,5350.8000,5352.8000,5353.0000,5353.4000,1,2,3,1,5,1,1,1,2,6
SF,IC2007,2020-06-01 09:31:18.900,5345.2000,6919,0,215810000.000,0,-,-,-,-,5344.6000,5344.4000,5343.6000,5343.0000,5342.8000,5347.0000,5347.2000,5350.8000,5352.8000,5353.0000,1,1,3,1,4,1,1,1,1,2
SF,IC2007,2020-06-01 09:31:19.400,5345.2000,6919,0,215810000.000,0,-,-,-,-,5344.6000,5344.4000,5343.6000,5343.0000,5342.8000,5347.2000,5350.8000,5352.8000,5353.0000,5353.4000,1,1,3,1,4,1,1,1,2,6
SF,IC2007,2020-06-01 09:31:19.900,5344.8000,6918,-1,216878960.000,1,0,1,双平,S,5344.6000,5344.4000,5343.6000,5343.0000,5342.8000,5347.2000,5350.8000,5352.8000,5353.0000,5353.4000,1,1,3,1,4,1,1,1,2,6
SF,IC2007,2020-06-01 09:31:20.400,5344.8000,6918,0,216878960.000,0,-,-,-,-,5344.8000,5344.6000,5344.4000,5343.6000,5343.0000,5347.2000,5350.8000,5352.8000,5353.0000,5353.4000,1,1,1,3,1,1,1,1,2,6
SF,IC2007,2020-06-01 09:31:20.900,5344.8000,6918,0,216878960.000,0,-,-,-,-,5344.8000,5344.6000,5344.4000,5343.6000,5343.0000,5347.0000,5347.2000,5350.8000,5352.8000,5353.0000,1,1,1,3,1,1,1,1,1,2
SF,IC2007,2020-06-01 09:31:21.400,5344.8000,6917,-1,217947920.000,1,0,1,双平,S,5344.6000,5344.4000,5343.6000,5343.0000,5342.8000,5347.0000,5347.2000,5350.8000,5352.8000,5353.0000,1,1,3,1,3,1,1,1,1,2
SF,IC2007,2020-06-01 09:31:21.900,5344.8000,6917,0,217947920.000,0,-,-,-,-,5344.4000,5343.6000,5343.0000,5342.8000,5342.4000,5346.8000,5347.0000,5347.2000,5350.8000,5352.8000,1,3,1,3,1,1,1,1,1,1
SF,IC2007,2020-06-01 09:31:22.400,5344.8000,6917,0,217947920.000,0,-,-,-,-,5343.6000,5343.0000,5342.8000,5342.4000,5341.6000,5346.6000,5346.8000,5347.2000,5350.8000,5352.8000,1,1,2,1,1,1,1,1,1,1
SF,IC2007,2020-06-01 09:31:22.900,5344.8000,6917,0,217947920.000,0,-,-,-,-,5344.0000,5343.8000,5343.6000,5343.0000,5342.8000,5346.4000,5346.6000,5346.8000,5350.8000,5352.8000,1,1,1,1,2,1,1,1,1,1
SF,IC2007,2020-06-01 09:31:23.400,5346.4000,6916,-1,219017200.000,1,0,1,双平,S,5344.2000,5344.0000,5343.8000,5343.6000,5343.0000,5346.8000,5350.8000,5352.8000,5353.0000,5353.4000,1,1,1,1,1,1,1,1,2,6
SF,IC2007,2020-06-01 09:31:23.900,5346.4000,6916,0,219017200.000,0,-,-,-,-,5344.2000,5343.6000,5343.0000,5342.8000,5342.4000,5346.6000,5350.8000,5352.8000,5353.0000,5353.4000,1,1,1,2,1,1,1,1,2,6
SF,IC2007,2020-06-01 09:31:24.900,5346.4000,6916,0,219017200.000,0,-,-,-,-,5344.2000,5343.0000,5342.8000,5342.4000,5341.6000,5346.6000,5350.8000,5352.8000,5353.0000,5353.4000,1,1,2,1,1,1,1,1,2,6
SF,IC2007,2020-06-01 09:31:25.400,5346.4000,6916,0,219017200.000,0,-,-,-,-,5342.4000,5341.6000,5336.2000,5336.0000,5323.8000,5346.4000,5346.6000,5350.8000,5352.8000,5353.0000,1,1,5,6,10,1,1,1,1,2
SF,IC2007,2020-06-01 09:31:25.900,5346.4000,6916,0,219017200.000,0,-,-,-,-,5343.2000,5342.8000,5342.6000,5342.4000,5341.6000,5346.2000,5346.4000,5350.8000,5352.8000,5353.0000,1,1,2,5,1,1,1,1,1,2
SF,IC2007,2020-06-01 09:31:26.400,5346.4000,6914,-2,221155760.000,2,0,2,双平,S,5346.6000,5343.4000,5342.4000,5341.6000,5336.2000,5350.8000,5352.8000,5353.0000,5353.4000,5355.0000,3,1,1,1,5,1,1,2,6,7
SF,IC2007,2020-06-01 09:31:26.900,5346.4000,6911,-3,224363600.000,3,0,3,双平,S,5342.4000,5341.6000,5336.2000,5336.0000,5323.8000,5346.0000,5346.4000,5346.8000,5347.2000,5348.0000,1,1,5,6,10,2,1,3,1,2
SF,IC2007,2020-06-01 09:31:27.400,5346.4000,6911,0,224363600.000,0,-,-,-,-,5342.6000,5342.4000,5341.6000,5336.2000,5336.0000,5346.0000,5347.2000,5349.2000,5350.4000,5350.6000,1,1,1,5,6,2,1,1,1,4
SF,IC2007,2020-06-01 09:31:27.900,5346.4000,6911,0,224363600.000,0,-,-,-,-,5342.6000,5342.4000,5341.6000,5336.2000,5336.0000,5346.0000,5347.2000,5349.2000,5350.4000,5350.6000,2,2,1,5,6,2,1,1,1,4
SF,IC2007,2020-06-01 09:31:28.400,5346.4000,6911,0,224363600.000,0,-,-,-,-,5342.6000,5342.4000,5341.6000,5336.2000,5336.0000,5345.8000,5346.0000,5347.2000,5349.2000,5350.4000,2,1,1,5,6,3,2,1,1,1
SF,IC2007,2020-06-01 09:31:28.900,5346.4000,6911,0,224363600.000,0,-,-,-,-,5342.6000,5341.6000,5336.2000,5336.0000,5323.8000,5345.6000,5345.8000,5347.2000,5349.2000,5350.4000,2,1,5,6,10,2,3,1,1,1
SF,IC2007,2020-06-01 09:31:29.400,5346.4000,6911,0,224363600.000,0,-,-,-,-,5342.6000,5341.6000,5336.2000,5336.0000,5323.8000,5345.4000,5345.6000,5345.8000,5347.2000,5349.2000,1,1,5,5,10,1,2,2,1,1
SF,IC2007,2020-06-01 09:31:29.900,5342.6000,6910,-1,225432120.000,1,0,1,双平,S,5341.6000,5336.2000,5336.0000,5323.8000,5320.0000,5345.2000,5345.4000,5345.8000,5347.2000,5349.2000,1,5,5,10,1,2,1,2,1,1
SF,IC2007,2020-06-01 09:31:30.400,5342.6000,6910,0,225432120.000,0,-,-,-,-,5341.6000,5336.2000,5336.0000,5323.8000,5320.0000,5345.0000,5345.2000,5345.8000,5347.2000,5349.2000,1,5,5,10,1,1,2,2,1,1
SF,IC2007,2020-06-01 09:31:30.900,5342.6000,6910,0,225432120.000,0,-,-,-,-,5341.8000,5341.6000,5336.2000,5336.0000,5323.8000,5344.8000,5345.0000,5345.8000,5347.2000,5349.2000,1,1,5,5,10,2,1,2,1,1
SF,IC2007,2020-06-01 09:31:31.900,5342.6000,6910,0,225432120.000,0,-,-,-,-,5342.4000,5341.8000,5341.6000,5336.2000,5336.0000,5344.8000,5345.0000,5345.8000,5347.2000,5349.2000,1,1,1,5,5,2,1,2,1,1
SF,IC2007,2020-06-01 09:31:32.400,5342.6000,6910,0,225432120.000,0,-,-,-,-,5342.6000,5342.4000,5341.6000,5336.2000,5336.0000,5344.8000,5345.8000,5347.2000,5349.2000,5350.4000,1,1,1,5,5,2,2,1,1,1
SF,IC2007,2020-06-01 09:31:32.900,5342.6000,6910,0,225432120.000,0,-,-,-,-,5342.6000,5342.4000,5341.6000,5336.2000,5336.0000,5344.8000,5345.8000,5347.0000,5347.2000,5349.2000,2,1,2,5,5,2,2,1,1,1
SF,IC2007,2020-06-01 09:31:33.400,5342.6000,6910,0,225432120.000,0,-,-,-,-,5342.6000,5341.6000,5336.2000,5336.0000,5323.8000,5344.6000,5344.8000,5345.8000,5347.0000,5347.2000,2,2,5,5,10,1,2,2,1,1
SF,IC2007,2020-06-01 09:31:33.900,5342.6000,6908,-2,227569160.000,2,0,2,双平,S,5342.4000,5341.6000,5336.2000,5336.0000,5323.8000,5344.4000,5345.8000,5347.0000,5347.2000,5349.2000,2,2,5,5,10,2,2,1,1,1
SF,IC2007,2020-06-01 09:31:34.400,5342.6000,6908,0,227569160.000,0,-,-,-,-,5342.6000,5342.4000,5341.6000,5336.2000,5336.0000,5344.4000,5345.8000,5347.0000,5347.2000,5349.2000,1,1,2,5,5,2,2,1,1,1
SF,IC2007,2020-06-01 09:31:34.900,5344.4000,6905,-3,230775800.000,3,0,3,双平,S,5342.6000,5342.4000,5341.6000,5336.2000,5336.0000,5345.8000,5347.0000,5347.2000,5349.2000,5349.8000,1,2,2,5,5,2,1,1,1,2
SF,IC2007,2020-06-01 09:31:35.400,5344.4000,6905,0,230775800.000,0,-,-,-,-,5345.0000,5342.8000,5342.6000,5342.4000,5341.6000,5345.6000,5347.0000,5347.2000,5349.2000,5349.8000,1,1,1,3,2,1,1,1,1,2
SF,IC2007,2020-06-01 09:31:35.900,5345.0000,6903,-2,232913800.000,2,0,2,双平,S,5343.0000,5342.8000,5342.6000,5342.4000,5341.6000,5345.6000,5347.0000,5347.2000,5349.2000,5349.8000,1,1,1,2,2,1,1,1,1,2
SF,IC2007,2020-06-01 09:31:36.400,5345.0000,6903,0,232913800.000,0,-,-,-,-,5343.8000,5343.6000,5343.2000,5343.0000,5342.4000,5345.6000,5347.0000,5347.2000,5349.2000,5349.8000,3,2,5,1,1,1,1,1,1,2
SF,IC2007,2020-06-01 09:31:36.900,5345.0000,6903,0,232913800.000,0,-,-,-,-,5343.2000,5343.0000,5342.4000,5341.6000,5336.2000,5345.4000,5345.6000,5347.0000,5347.2000,5349.2000,2,1,1,2,5,1,1,1,1,1
SF,IC2007,2020-06-01 09:31:37.400,5345.0000,6903,0,232913800.000,0,-,-,-,-,5343.8000,5343.4000,5343.2000,5343.0000,5342.4000,5345.4000,5345.6000,5347.0000,5347.2000,5349.2000,2,3,2,1,1,1,1,1,1,1
SF,IC2007,2020-06-01 09:31:37.900,5345.0000,6903,0,232913800.000,0,-,-,-,-,5343.8000,5343.4000,5343.2000,5343.0000,5342.4000,5345.4000,5347.0000,5347.2000,5349.2000,5349.8000,2,3,2,1,1,1,1,1,1,2
SF,IC2007,2020-06-01 09:31:38.400,5345.4000,6900,-3,236121040.000,3,0,3,双平,S,5345.6000,5343.8000,5343.4000,5343.2000,5343.0000,5347.0000,5347.2000,5349.2000,5349.8000,5350.4000,3,3,3,2,1,1,1,1,2,1
SF,IC2007,2020-06-01 09:31:38.900,5345.4000,6900,0,236121040.000,0,-,-,-,-,5345.8000,5345.6000,5343.8000,5343.4000,5343.2000,5347.0000,5349.2000,5349.8000,5350.6000,5353.4000,2,3,3,3,2,1,1,2,3,6
SF,IC2007,2020-06-01 09:31:39.400,5347.0000,6900,0,237190440.000,1,0,1,多换,S,5345.8000,5345.6000,5343.8000,5343.4000,5343.2000,5349.2000,5349.8000,5350.6000,5353.4000,5355.0000,2,3,2,3,2,1,2,3,6,7
SF,IC2007,2020-06-01 09:31:39.900,5347.0000,6900,0,237190440.000,0,-,-,-,-,5346.0000,5345.8000,5345.6000,5343.8000,5343.4000,5348.8000,5349.0000,5349.2000,5349.4000,5349.8000,1,2,3,2,3,1,2,1,2,2
SF,IC2007,2020-06-01 09:31:40.400,5347.0000,6900,0,237190440.000,0,-,-,-,-,5346.0000,5345.8000,5345.6000,5343.8000,5343.4000,5348.0000,5348.6000,5348.8000,5349.0000,5349.2000,1,2,3,2,3,1,1,1,1,1
SF,IC2007,2020-06-01 09:31:40.900,5345.8000,6901,1,238259600.000,1,1,0,双开,S,5345.8000,5345.6000,5343.8000,5343.4000,5343.2000,5347.8000,5348.0000,5348.8000,5349.0000,5349.2000,1,3,2,3,1,1,1,1,1,1
SF,IC2007,2020-06-01 09:31:41.400,5345.8000,6901,0,238259600.000,0,-,-,-,-,5345.8000,5345.6000,5343.8000,5343.4000,5343.2000,5347.8000,5348.0000,5348.8000,5349.8000,5350.6000,1,3,2,3,1,1,1,1,2,2
SF,IC2007,2020-06-01 09:31:42.900,5348.0000,6900,-1,240398760.000,2,0,2,多平,S,5348.0000,5345.8000,5345.6000,5343.4000,5343.2000,5348.8000,5349.8000,5350.6000,5353.4000,5355.0000,1,1,4,3,1,1,2,1,1,7
SF,IC2007,2020-06-01 09:31:43.400,5348.8000,6899,-1,241468520.000,1,0,1,双平,S,5348.0000,5345.8000,5345.6000,5343.4000,5343.2000,5349.8000,5350.6000,5353.4000,5355.0000,5357.4000,1,1,4,3,1,2,1,1,7,1
SF,IC2007,2020-06-01 09:31:43.900,5348.0000,6898,-1,242538120.000,1,0,1,双平,S,5345.8000,5345.6000,5343.4000,5343.2000,5341.6000,5349.8000,5350.6000,5353.4000,5355.0000,5357.4000,1,4,3,1,1,2,1,1,7,1
SF,IC2007,2020-06-01 09:31:44.400,5348.0000,6898,0,242538120.000,0,-,-,-,-,5346.4000,5346.0000,5345.8000,5345.6000,5343.4000,5349.6000,5349.8000,5350.6000,5353.4000,5355.0000,1,2,1,4,3,1,2,1,1,7
SF,IC2007,2020-06-01 09:31:44.900,5348.0000,6898,0,242538120.000,0,-,-,-,-,5347.8000,5346.8000,5346.6000,5346.4000,5345.6000,5349.6000,5349.8000,5350.6000,5353.4000,5355.0000,1,1,6,1,4,1,2,1,1,7
SF,IC2007,2020-06-01 09:31:45.400,5348.0000,6898,0,242538120.000,0,-,-,-,-,5347.8000,5346.8000,5346.6000,5346.4000,5345.6000,5349.6000,5349.8000,5350.6000,5353.4000,5355.0000,1,1,2,1,4,1,2,1,1,7
SF,IC2007,2020-06-01 09:31:45.900,5348.0000,6898,0,242538120.000,0,-,-,-,-,5347.8000,5346.8000,5346.6000,5346.4000,5345.6000,5349.6000,5349.8000,5350.6000,5353.4000,5355.0000,1,1,2,1,4,1,2,1,1,7
SF,IC2007,2020-06-01 09:31:46.900,5349.6000,6897,-1,243608040.000,1,0,1,双平,S,5347.8000,5346.8000,5346.6000,5346.4000,5345.6000,5349.8000,5350.6000,5353.4000,5355.0000,5357.4000,1,1,2,1,4,2,1,1,7,1
SF,IC2007,2020-06-01 09:31:47.400,5349.6000,6897,0,243608040.000,0,-,-,-,-,5348.0000,5347.8000,5346.8000,5346.6000,5346.4000,5349.8000,5350.6000,5353.4000,5355.0000,5357.4000,1,1,1,1,1,2,1,1,7,1
SF,IC2007,2020-06-01 09:31:47.900,5349.6000,6897,0,243608040.000,0,-,-,-,-,5348.0000,5347.8000,5346.8000,5346.6000,5346.4000,5349.8000,5350.6000,5353.4000,5355.0000,5357.4000,1,1,1,1,1,2,1,1,7,1
SF,IC2007,2020-06-01 09:31:48.900,5349.8000,6895,-2,245747960.000,2,0,2,双平,S,5350.2000,5348.0000,5347.8000,5346.8000,5346.6000,5350.6000,5353.4000,5355.0000,5357.4000,5359.2000,1,1,1,1,1,1,1,7,1,5
SF,IC2007,2020-06-01 09:31:49.400,5350.6000,6893,-2,247888120.000,2,0,2,双平,S,5348.0000,5346.8000,5346.6000,5345.6000,5343.4000,5350.2000,5353.4000,5355.0000,5357.4000,5359.2000,1,1,1,1,1,1,1,7,1,5
SF,IC2007,2020-06-01 09:31:49.900,5350.4000,6892,-1,248958200.000,1,0,1,双平,S,5348.6000,5348.2000,5348.0000,5346.8000,5346.6000,5353.4000,5355.0000,5357.4000,5359.2000,5359.8000,1,1,3,1,1,1,7,1,5,2
SF,IC2007,2020-06-01 09:31:50.400,5348.8000,6891,-1,250027960.000,1,0,1,双平,S,5348.8000,5348.6000,5348.2000,5348.0000,5346.8000,5352.8000,5353.2000,5353.4000,5353.6000,5355.0000,1,1,1,2,1,2,3,1,2,7
SF,IC2007,2020-06-01 09:31:50.900,5348.8000,6891,0,250027960.000,0,-,-,-,-,5350.6000,5348.8000,5348.6000,5348.2000,5348.0000,5352.6000,5352.8000,5353.2000,5353.4000,5355.0000,1,1,1,1,2,2,2,1,1,7
SF,IC2007,2020-06-01 09:31:51.400,5350.6000,6890,-1,251098080.000,1,0,1,双平,S,5348.8000,5348.6000,5348.2000,5348.0000,5343.4000,5350.0000,5352.6000,5352.8000,5353.2000,5353.4000,1,1,1,2,1,1,1,2,1,1
SF,IC2007,2020-06-01 09:31:51.900,5350.0000,6888,-2,254308080.000,3,0,3,多平,S,5350.0000,5349.2000,5348.6000,5348.2000,5348.0000,5352.8000,5353.4000,5355.0000,5357.4000,5359.2000,1,1,1,1,2,2,1,7,1,5
SF,IC2007,2020-06-01 09:31:52.400,5350.0000,6888,0,254308080.000,0,-,-,-,-,5350.2000,5350.0000,5349.2000,5348.6000,5348.2000,5352.6000,5353.4000,5355.0000,5357.4000,5359.2000,1,1,1,1,1,2,1,7,1,5
SF,IC2007,2020-06-01 09:31:53.400,5350.0000,6888,0,254308080.000,0,-,-,-,-,5350.2000,5349.2000,5348.6000,5348.2000,5347.6000,5352.6000,5353.4000,5355.0000,5357.4000,5359.2000,1,1,1,1,5,2,1,7,1,5
SF,IC2007,2020-06-01 09:31:53.900,5350.0000,6888,0,254308080.000,0,-,-,-,-,5350.2000,5349.2000,5348.2000,5347.6000,5343.4000,5352.6000,5353.4000,5355.0000,5357.4000,5359.2000,1,1,1,5,1,1,1,7,1,5
SF,IC2007,2020-06-01 09:31:54.400,5350.0000,6888,0,254308080.000,0,-,-,-,-,5350.8000,5350.2000,5349.2000,5348.2000,5347.6000,5352.6000,5353.4000,5355.0000,5357.4000,5359.2000,2,1,1,1,5,1,1,7,1,5
SF,IC2007,2020-06-01 09:31:54.900,5350.0000,6888,0,254308080.000,0,-,-,-,-,5352.6000,5351.0000,5350.8000,5350.6000,5349.2000,5353.4000,5355.0000,5357.4000,5359.8000,5362.8000,3,1,4,1,1,1,7,1,2,3
SF,IC2007,2020-06-01 09:31:55.400,5352.6000,6885,-3,257519560.000,3,0,3,双平,S,5351.0000,5350.8000,5350.6000,5347.6000,5343.4000,5353.4000,5355.0000,5357.4000,5359.8000,5362.8000,1,4,1,5,1,1,7,1,2,3
SF,IC2007,2020-06-01 09:31:55.900,5352.6000,6885,0,257519560.000,0,-,-,-,-,5351.0000,5350.8000,5350.6000,5347.6000,5343.4000,5353.4000,5355.0000,5357.4000,5359.8000,5362.8000,1,5,1,5,1,1,7,1,2,3
SF,IC2007,2020-06-01 09:31:56.400,5353.4000,6886,1,258590240.000,1,1,0,双开,S,5351.8000,5351.6000,5351.2000,5351.0000,5350.8000,5355.0000,5357.4000,5359.8000,5362.8000,5365.0000,1,3,3,1,4,7,1,2,3,6
SF,IC2007,2020-06-01 09:31:56.900,5353.4000,6886,0,258590240.000,0,-,-,-,-,5353.4000,5352.4000,5352.0000,5351.8000,5351.6000,5354.8000,5355.0000,5357.4000,5359.8000,5362.8000,1,1,1,1,3,2,7,1,2,3
SF,IC2007,2020-06-01 09:31:57.400,5353.4000,6886,0,258590240.000,0,-,-,-,-,5352.0000,5351.8000,5351.6000,5350.8000,5350.6000,5354.8000,5355.0000,5357.4000,5359.8000,5362.8000,1,1,2,4,1,1,7,1,2,3
SF,IC2007,2020-06-01 09:31:57.900,5353.4000,6886,0,258590240.000,0,-,-,-,-,5352.0000,5351.8000,5350.8000,5347.6000,5343.4000,5354.6000,5354.8000,5355.0000,5357.4000,5359.8000,1,1,1,5,1,1,1,7,1,2
SF,IC2007,2020-06-01 09:31:58.400,5353.4000,6886,0,258590240.000,0,-,-,-,-,5352.0000,5351.8000,5350.8000,5347.6000,5343.4000,5354.6000,5355.0000,5357.4000,5359.8000,5362.8000,1,1,1,5,1,1,7,1,2,3
SF,IC2007,2020-06-01 09:31:59.400,5352.0000,6885,-1,259660640.000,1,0,1,双平,S,5351.8000,5350.8000,5347.6000,5343.4000,5341.6000,5354.6000,5355.0000,5357.4000,5359.8000,5362.8000,1,1,5,1,1,1,7,1,2,3
SF,IC2007,2020-06-01 09:31:59.900,5352.0000,6885,0,259660640.000,0,-,-,-,-,5352.4000,5352.2000,5351.8000,5351.6000,5350.8000,5354.4000,5354.6000,5355.0000,5357.4000,5359.8000,1,1,1,1,1,1,1,7,1,2
SF,IC2007,2020-06-01 09:32:00.400,5352.0000,6885,0,259660640.000,0,-,-,-,-,5352.6000,5352.4000,5352.2000,5351.8000,5351.6000,5354.4000,5354.6000,5355.0000,5357.4000,5359.8000,1,1,1,1,1,1,1,7,1,2
SF,IC2007,2020-06-01 09:32:00.900,5354.4000,6884,-1,260731520.000,1,0,1,双平,S,5352.6000,5352.4000,5352.2000,5351.8000,5351.6000,5355.0000,5357.4000,5359.8000,5362.8000,5365.0000,1,1,1,1,1,7,1,2,3,6
SF,IC2007,2020-06-01 09:32:01.400,5355.0000,6880,-4,265015520.000,4,0,4,双平,S,5353.4000,5353.0000,5352.8000,5352.6000,5352.2000,5355.0000,5357.4000,5359.8000,5362.8000,5365.0000,1,3,1,1,1,3,1,2,3,6
SF,IC2007,2020-06-01 09:32:01.900,5355.0000,6878,-2,268228520.000,3,0,3,多平,S,5355.0000,5354.6000,5354.4000,5353.6000,5353.4000,5357.4000,5359.8000,5362.8000,5365.0000,5368.0000,3,5,1,4,1,1,2,3,6,1
SF,IC2007,2020-06-01 09:32:02.400,5355.0000,6878,0,268228520.000,0,-,-,-,-,5355.4000,5355.2000,5355.0000,5354.6000,5354.4000,5357.4000,5359.8000,5362.8000,5365.0000,5368.0000,1,1,3,5,1,1,2,3,6,1
SF,IC2007,2020-06-01 09:32:02.900,5355.0000,6878,0,268228520.000,0,-,-,-,-,5355.6000,5355.0000,5354.6000,5354.4000,5353.6000,5357.4000,5359.8000,5365.0000,5368.0000,5397.6000,1,1,5,1,2,1,2,6,1,1
SF,IC2007,2020-06-01 09:32:03.400,5354.6000,6876,-2,271441680.000,3,0,3,多平,S,5354.6000,5354.4000,5353.6000,5353.4000,5353.0000,5357.4000,5359.8000,5365.0000,5368.0000,5397.6000,4,1,2,1,2,1,2,6,1,1
SF,IC2007,2020-06-01 09:32:03.900,5354.6000,6876,0,271441680.000,0,-,-,-,-,5355.0000,5354.8000,5354.6000,5354.4000,5353.6000,5357.2000,5357.4000,5359.8000,5365.0000,5368.0000,1,1,4,1,2,1,1,2,6,1
SF,IC2007,2020-06-01 09:32:04.400,5354.6000,6876,0,271441680.000,0,-,-,-,-,5355.0000,5354.8000,5354.6000,5354.4000,5353.6000,5357.2000,5357.4000,5359.8000,5365.0000,5368.0000,2,1,4,1,2,1,1,2,6,1
SF,IC2007,2020-06-01 09:32:04.900,5354.6000,6876,0,271441680.000,0,-,-,-,-,5355.0000,5354.6000,5353.6000,5353.4000,5353.0000,5357.0000,5357.2000,5357.4000,5359.8000,5365.0000,4,4,1,1,2,1,1,1,2,6
SF,IC2007,2020-06-01 09:32:05.400,5354.6000,6876,0,271441680.000,0,-,-,-,-,5355.8000,5355.4000,5355.2000,5355.0000,5354.6000,5357.0000,5357.2000,5357.4000,5359.8000,5365.0000,1,1,1,4,4,1,1,1,2,6
SF,IC2007,2020-06-01 09:32:05.900,5357.0000,6874,-2,273584240.000,2,0,2,双平,S,5355.4000,5355.2000,5355.0000,5354.6000,5353.6000,5357.4000,5359.8000,5365.0000,5368.0000,5397.6000,1,1,4,4,1,1,2,6,1,1
SF,IC2007,2020-06-01 09:32:06.400,5357.0000,6874,0,273584240.000,0,-,-,-,-,5356.4000,5355.6000,5355.4000,5355.0000,5354.6000,5357.4000,5359.8000,5365.0000,5368.0000,5397.6000,1,1,1,4,4,1,2,6,1,1
SF,IC2007,2020-06-01 09:32:06.900,5357.4000,6873,-1,274655720.000,1,0,1,双平,S,5356.6000,5356.4000,5356.0000,5355.6000,5355.4000,5359.8000,5365.0000,5368.0000,5370.8000,5397.6000,2,1,1,1,1,2,1,1,5,1
SF,IC2007,2020-06-01 09:32:07.400,5359.4000,6872,-1,275727600.000,1,0,1,双平,S,5357.4000,5357.0000,5356.6000,5356.4000,5356.0000,5359.6000,5359.8000,5365.0000,5368.0000,5370.8000,2,2,2,3,1,1,2,1,1,5
SF,IC2007,2020-06-01 09:32:07.900,5359.4000,6872,0,275727600.000,0,-,-,-,-,5357.4000,5356.6000,5356.4000,5356.0000,5355.6000,5359.6000,5359.8000,5365.0000,5368.0000,5370.8000,2,1,3,1,1,1,2,1,1,5
SF,IC2007,2020-06-01 09:32:08.400,5359.4000,6872,0,275727600.000,0,-,-,-,-,5358.0000,5357.8000,5357.6000,5357.4000,5356.0000,5359.6000,5359.8000,5365.0000,5368.0000,5370.8000,1,2,3,2,1,1,2,1,1,5
SF,IC2007,2020-06-01 09:32:08.900,5359.4000,6872,0,275727600.000,0,-,-,-,-,5358.0000,5357.4000,5356.0000,5355.6000,5355.0000,5359.8000,5365.0000,5368.0000,5370.8000,5397.6000,1,2,1,1,2,2,1,1,5,1
SF,IC2007,2020-06-01 09:32:09.400,5359.4000,6872,0,275727600.000,0,-,-,-,-,5358.2000,5358.0000,5357.8000,5357.4000,5356.0000,5359.8000,5365.0000,5368.0000,5370.8000,5397.6000,1,1,1,2,1,2,1,1,5,1
SF,IC2007,2020-06-01 09:32:09.900,5359.4000,6872,0,275727600.000,0,-,-,-,-,5358.4000,5358.2000,5358.0000,5357.4000,5356.0000,5359.8000,5365.0000,5368.0000,5370.8000,5397.6000,1,1,1,2,1,2,1,1,5,1
SF,IC2007,2020-06-01 09:32:10.400,5359.8000,6871,-1,276799560.000,1,0,1,双平,S,5358.4000,5358.2000,5358.0000,5357.4000,5356.0000,5359.8000,5365.0000,5368.0000,5370.8000,5397.6000,1,1,1,2,1,1,1,1,5,1
SF,IC2007,2020-06-01 09:32:10.900,5359.8000,6870,-1,277871520.000,1,0,1,双平,S,5359.8000,5358.2000,5358.0000,5357.4000,5356.0000,5365.0000,5368.0000,5370.8000,5397.6000,5412.0000,2,1,1,2,1,1,1,5,1,8
SF,IC2007,2020-06-01 09:32:11.400,5359.8000,6870,0,277871520.000,0,-,-,-,-,5360.0000,5358.2000,5358.0000,5355.6000,5354.6000,5363.2000,5364.6000,5364.8000,5365.0000,5365.2000,1,1,1,1,4,2,1,6,1,1
SF,IC2007,2020-06-01 09:32:11.900,5359.8000,6870,0,277871520.000,0,-,-,-,-,5360.4000,5360.0000,5358.2000,5358.0000,5355.6000,5363.0000,5363.2000,5364.6000,5364.8000,5365.0000,2,1,1,1,1,1,2,1,3,1
SF,IC2007,2020-06-01 09:32:12.400,5359.8000,6870,0,277871520.000,0,-,-,-,-,5360.4000,5358.2000,5358.0000,5355.6000,5354.6000,5362.8000,5363.0000,5363.2000,5364.6000,5364.8000,2,1,1,1,4,1,1,2,1,3
SF,IC2007,2020-06-01 09:32:12.900,5359.8000,6870,0,277871520.000,0,-,-,-,-,5358.2000,5358.0000,5355.6000,5354.6000,5353.6000,5362.8000,5363.0000,5363.2000,5364.6000,5364.8000,1,1,1,4,1,1,1,2,1,3
SF,IC2007,2020-06-01 09:32:13.400,5359.8000,6870,0,277871520.000,0,-,-,-,-,5359.2000,5358.4000,5358.0000,5355.6000,5354.6000,5362.6000,5362.8000,5363.2000,5364.6000,5364.8000,1,5,1,1,4,1,1,2,1,3
SF,IC2007,2020-06-01 09:32:13.900,5359.8000,6870,0,277871520.000,0,-,-,-,-,5359.8000,5359.2000,5358.4000,5355.6000,5354.6000,5362.6000,5364.6000,5364.8000,5365.0000,5365.2000,3,3,4,1,4,1,1,1,1,1
SF,IC2007,2020-06-01 09:32:14.400,5362.6000,6869,-1,278944040.000,1,0,1,双平,S,5360.6000,5360.4000,5360.2000,5360.0000,5359.8000,5364.8000,5365.0000,5368.0000,5370.8000,5397.6000,3,2,2,4,1,1,1,1,5,1
SF,IC2007,2020-06-01 09:32:14.900,5362.6000,6869,0,278944040.000,0,-,-,-,-,5360.8000,5360.6000,5360.4000,5360.2000,5360.0000,5364.6000,5365.0000,5368.0000,5370.8000,5397.6000,1,2,2,2,2,1,1,1,5,1
SF,IC2007,2020-06-01 09:32:15.400,5362.6000,6869,0,278944040.000,0,-,-,-,-,5361.2000,5361.0000,5360.8000,5360.6000,5360.4000,5364.6000,5365.0000,5368.0000,5370.8000,5397.6000,1,1,1,3,2,1,1,1,5,1
SF,IC2007,2020-06-01 09:32:15.900,5362.6000,6869,0,278944040.000,0,-,-,-,-,5362.6000,5361.8000,5361.4000,5361.2000,5360.6000,5364.6000,5365.0000,5368.0000,5376.6000,5397.6000,1,2,2,2,3,1,1,1,5,1
SF,IC2007,2020-06-01 09:32:16.400,5364.6000,6868,-1,280016960.000,1,0,1,双平,S,5362.6000,5361.4000,5361.2000,5360.6000,5360.4000,5365.0000,5368.0000,5376.6000,5397.6000,5412.0000,1,2,2,1,2,1,1,5,1,8
SF,IC2007,2020-06-01 09:32:16.900,5364.6000,6868,0,280016960.000,0,-,-,-,-,5363.0000,5362.6000,5361.4000,5361.2000,5360.6000,5364.8000,5365.0000,5368.0000,5376.6000,5397.6000,2,1,1,1,1,1,1,1,5,1
SF,IC2007,2020-06-01 09:32:17.400,5364.6000,6868,0,280016960.000,0,-,-,-,-,5362.6000,5361.4000,5361.2000,5360.6000,5360.0000,5365.0000,5368.0000,5376.6000,5397.6000,5412.0000,1,1,1,1,2,1,1,5,1,8
SF,IC2007,2020-06-01 09:32:17.900,5364.6000,6868,0,280016960.000,0,-,-,-,-,5363.0000,5362.8000,5362.6000,5361.4000,5361.2000,5365.0000,5368.0000,5376.6000,5397.6000,5412.0000,1,1,1,1,1,1,1,5,1,8
SF,IC2007,2020-06-01 09:32:18.400,5364.6000,6868,0,280016960.000,0,-,-,-,-,5363.0000,5362.6000,5361.4000,5361.2000,5360.6000,5365.0000,5368.0000,5376.6000,5397.6000,5412.0000,1,1,1,1,1,1,1,5,1,8
SF,IC2007,2020-06-01 09:32:18.900,5364.6000,6868,0,280016960.000,0,-,-,-,-,5362.6000,5361.4000,5361.2000,5360.6000,5360.0000,5365.0000,5368.0000,5376.6000,5397.6000,5412.0000,1,1,1,1,2,1,1,5,1,8
SF,IC2007,2020-06-01 09:32:19.400,5363.0000,6867,-1,281089560.000,1,0,1,双平,S,5363.0000,5362.8000,5362.6000,5361.4000,5361.2000,5365.0000,5368.0000,5376.6000,5397.6000,5412.0000,1,1,1,1,1,1,1,5,1,8
SF,IC2007,2020-06-01 09:32:19.900,5362.6000,6866,-1,283234640.000,2,0,2,多平,S,5361.4000,5361.2000,5360.6000,5360.0000,5359.2000,5364.8000,5365.0000,5368.0000,5376.6000,5397.6000,1,1,1,1,6,2,1,1,5,1
SF,IC2007,2020-06-01 09:32:20.400,5362.6000,6866,0,283234640.000,0,-,-,-,-,5361.4000,5359.2000,5358.4000,5355.6000,5354.6000,5364.6000,5364.8000,5365.0000,5368.0000,5376.6000,1,1,4,1,4,1,2,1,1,5
SF,IC2007,2020-06-01 09:32:20.900,5362.6000,6866,0,283234640.000,0,-,-,-,-,5361.4000,5359.2000,5358.4000,5355.6000,5354.6000,5364.2000,5364.6000,5364.8000,5365.0000,5368.0000,1,1,4,1,4,1,1,2,1,1
SF,IC2007,2020-06-01 09:32:21.400,5361.4000,6865,-1,284306920.000,1,0,1,双平,S,5359.2000,5358.4000,5355.6000,5354.6000,5353.6000,5363.8000,5364.0000,5365.0000,5368.0000,5376.6000,1,4,1,4,1,1,2,1,1,5
SF,IC2007,2020-06-01 09:32:21.900,5361.4000,6865,0,284306920.000,0,-,-,-,-,5359.8000,5359.2000,5358.4000,5355.6000,5354.6000,5363.6000,5364.0000,5365.0000,5368.0000,5376.6000,1,3,4,1,4,3,1,1,1,5
SF,IC2007,2020-06-01 09:32:22.400,5363.6000,6864,-1,288597800.000,4,1,3,多平,S,5364.6000,5363.6000,5360.0000,5359.8000,5359.2000,5365.0000,5368.0000,5376.6000,5397.6000,5412.0000,1,2,1,1,3,1,1,5,1,8
SF,IC2007,2020-06-01 09:32:22.900,5363.6000,6861,-3,291816080.000,3,0,3,双平,S,5360.0000,5359.8000,5359.2000,5358.4000,5355.6000,5364.4000,5364.6000,5364.8000,5365.0000,5368.0000,1,1,3,4,1,1,1,3,1,1
SF,IC2007,2020-06-01 09:32:23.400,5363.6000,6861,0,291816080.000,0,-,-,-,-,5363.6000,5361.4000,5360.6000,5360.2000,5360.0000,5364.8000,5365.0000,5368.0000,5376.6000,5397.6000,7,1,2,1,1,1,3,1,5,1
SF,IC2007,2020-06-01 09:32:23.900,5363.6000,6859,-2,293961520.000,2,0,2,双平,S,5363.6000,5361.4000,5360.6000,5360.2000,5360.0000,5365.0000,5368.0000,5376.6000,5397.6000,5412.0000,5,1,1,1,1,3,1,5,1,8
SF,IC2007,2020-06-01 09:32:24.400,5365.0000,6858,-1,297180520.000,3,1,2,多平,S,5365.0000,5363.6000,5361.4000,5360.6000,5360.2000,5368.0000,5376.6000,5397.6000,5412.0000,5435.2000,1,5,1,1,1,1,5,1,8,1
SF,IC2007,2020-06-01 09:32:24.900,5365.0000,6858,0,297180520.000,0,-,-,-,-,5365.2000,5365.0000,5364.4000,5363.6000,5361.4000,5366.4000,5366.6000,5367.2000,5367.4000,5367.6000,1,1,4,5,1,1,3,1,2,3
SF,IC2007,2020-06-01 09:32:25.400,5365.0000,6858,0,297180520.000,0,-,-,-,-,5365.0000,5364.4000,5363.6000,5361.4000,5360.2000,5366.6000,5367.4000,5367.6000,5367.8000,5368.0000,1,4,5,1,1,3,1,3,2,1
SF,IC2007,2020-06-01 09:32:25.900,5365.0000,6858,0,298253520.000,1,0,1,多换,S,5365.2000,5364.4000,5363.6000,5363.0000,5361.4000,5366.6000,5367.4000,5367.6000,5367.8000,5368.0000,1,4,5,1,1,3,1,3,2,1
SF,IC2007,2020-06-01 09:32:26.400,5365.2000,6858,0,299326560.000,1,0,1,多换,S,5364.4000,5363.6000,5363.0000,5361.4000,5360.2000,5366.4000,5366.6000,5367.4000,5367.6000,5367.8000,4,5,1,1,1,1,3,1,3,2
SF,IC2007,2020-06-01 09:32:26.900,5365.2000,6858,0,299326560.000,0,-,-,-,-,5364.4000,5363.6000,5363.0000,5361.4000,5360.2000,5366.4000,5366.6000,5367.4000,5367.6000,5367.8000,4,5,1,1,1,1,3,1,3,2
SF,IC2007,2020-06-01 09:32:27.400,5364.4000,6858,0,303618080.000,4,2,2,多换,S,5363.6000,5363.0000,5361.4000,5360.2000,5359.2000,5366.2000,5366.4000,5366.6000,5367.4000,5367.6000,5,1,1,1,1,1,1,3,1,3
SF,IC2007,2020-06-01 09:32:27.900,5364.4000,6858,0,303618080.000,0,-,-,-,-,5364.4000,5363.6000,5363.0000,5361.4000,5360.2000,5366.2000,5366.4000,5366.6000,5367.4000,5367.6000,4,5,1,1,1,2,1,3,1,3
SF,IC2007,2020-06-01 09:32:28.400,5365.4000,6861,3,308982680.000,5,4,1,空开,S,5363.6000,5363.0000,5361.4000,5360.2000,5359.2000,5366.2000,5366.4000,5366.6000,5367.4000,5367.6000,5,1,1,1,1,4,2,3,1,1
SF,IC2007,2020-06-01 09:32:28.900,5363.6000,6858,-3,312200840.000,3,0,3,双平,S,5363.6000,5363.0000,5361.4000,5360.2000,5359.2000,5363.8000,5365.6000,5365.8000,5366.0000,5366.2000,2,1,1,1,1,2,1,1,1,4
SF,IC2007,2020-06-01 09:32:29.400,5363.6000,6858,0,317564520.000,5,2,3,多换,S,5359.2000,5358.4000,5355.6000,5354.6000,5353.6000,5363.4000,5366.2000,5366.4000,5367.4000,5367.6000,1,3,1,4,1,1,2,2,1,1
SF,IC2007,2020-06-01 09:32:29.900,5363.6000,6858,0,317564520.000,0,-,-,-,-,5361.8000,5361.6000,5361.4000,5360.6000,5360.4000,5363.4000,5364.8000,5366.2000,5366.4000,5367.4000,2,2,1,2,1,1,1,2,1,1
SF,IC2007,2020-06-01 09:32:30.400,5363.4000,6858,0,318637200.000,1,0,1,多换,S,5361.6000,5361.4000,5360.6000,5359.4000,5359.2000,5364.8000,5366.2000,5366.4000,5367.4000,5367.6000,2,1,2,3,1,1,2,1,1,1
SF,IC2007,2020-06-01 09:32:30.900,5363.4000,6858,0,318637200.000,0,-,-,-,-,5362.0000,5361.8000,5361.6000,5361.4000,5360.6000,5364.8000,5366.2000,5367.4000,5367.6000,5367.8000,1,1,2,1,2,1,2,1,1,1
SF,IC2007,2020-06-01 09:32:31.400,5363.4000,6858,0,318637200.000,0,-,-,-,-,5363.4000,5362.6000,5362.4000,5362.2000,5362.0000,5366.2000,5367.4000,5367.6000,5367.8000,5368.0000,2,1,1,2,2,1,1,1,1,1
SF,IC2007,2020-06-01 09:32:31.900,5363.4000,6858,0,318637200.000,0,-,-,-,-,5363.8000,5363.6000,5363.4000,5362.6000,5362.2000,5366.2000,5367.4000,5367.6000,5368.0000,5376.6000,2,2,1,1,1,1,1,1,1,5
SF,IC2007,2020-06-01 09:32:32.400,5363.4000,6858,0,318637200.000,0,-,-,-,-,5364.2000,5363.8000,5363.6000,5363.4000,5362.6000,5368.0000,5376.6000,5397.6000,5412.0000,5435.2000,1,1,2,1,1,1,5,1,8,1
SF,IC2007,2020-06-01 09:32:32.900,5363.4000,6858,0,318637200.000,0,-,-,-,-,5364.4000,5362.2000,5362.0000,5361.8000,5359.4000,5367.6000,5367.8000,5368.0000,5376.6000,5397.6000,1,1,1,1,3,3,1,1,5,1
SF,IC2007,2020-06-01 09:32:33.400,5363.4000,6858,0,318637200.000,0,-,-,-,-,5364.4000,5359.4000,5358.4000,5355.6000,5354.6000,5366.6000,5367.0000,5367.2000,5367.4000,5367.6000,1,3,3,1,4,3,2,1,1,3
SF,IC2007,2020-06-01 09:32:33.900,5364.4000,6857,-1,319710080.000,1,0,1,双平,S,5364.8000,5359.4000,5358.4000,5355.6000,5354.6000,5367.0000,5367.4000,5368.0000,5376.6000,5397.6000,5,3,3,1,4,1,1,1,5,1
SF,IC2007,2020-06-01 09:32:35.400,5364.4000,6857,0,319710080.000,0,-,-,-,-,5364.8000,5359.4000,5358.4000,5355.6000,5354.6000,5366.8000,5367.0000,5367.4000,5368.0000,5376.6000,5,3,3,1,4,1,1,1,1,5
SF,IC2007,2020-06-01 09:32:35.900,5364.4000,6857,0,319710080.000,0,-,-,-,-,5364.8000,5359.4000,5358.4000,5355.6000,5354.6000,5366.8000,5367.0000,5367.4000,5368.0000,5376.6000,5,3,3,1,4,1,1,1,1,5
SF,IC2007,2020-06-01 09:32:36.400,5364.8000,6855,-2,321856000.000,2,0,2,双平,S,5364.8000,5359.4000,5358.4000,5355.6000,5354.6000,5366.6000,5366.8000,5367.0000,5367.4000,5368.0000,3,3,3,1,4,2,1,1,1,1
SF,IC2007,2020-06-01 09:32:36.900,5364.8000,6852,-3,325074880.000,3,0,3,双平,S,5359.4000,5358.4000,5355.6000,5354.6000,5353.6000,5364.2000,5364.8000,5365.4000,5365.8000,5366.2000,3,3,1,4,1,2,1,3,1,2
SF,IC2007,2020-06-01 09:32:37.400,5364.2000,6850,-2,328293400.000,3,0,3,多平,S,5364.4000,5364.2000,5362.4000,5361.2000,5360.6000,5365.4000,5366.2000,5366.4000,5366.6000,5366.8000,1,1,2,1,2,3,2,1,1,1
SF,IC2007,2020-06-01 09:32:37.900,5364.4000,6851,1,329366280.000,1,1,0,双开,S,5364.2000,5361.2000,5360.6000,5359.8000,5359.6000,5366.2000,5366.4000,5366.6000,5366.8000,5367.0000,1,1,2,1,5,2,1,1,1,1
SF,IC2007,2020-06-01 09:32:38.400,5364.4000,6851,0,329366280.000,0,-,-,-,-,5361.2000,5359.8000,5359.6000,5359.4000,5359.2000,5366.6000,5366.8000,5367.0000,5368.0000,5376.6000,1,1,5,3,1,1,1,1,2,5
SF,IC2007,2020-06-01 09:32:38.900,5364.4000,6851,0,329366280.000,0,-,-,-,-,5363.6000,5363.4000,5362.2000,5362.0000,5361.8000,5366.8000,5367.0000,5368.0000,5376.6000,5397.6000,2,1,1,2,1,1,1,2,5,1
SF,IC2007,2020-06-01 09:32:39.400,5364.4000,6851,0,329366280.000,0,-,-,-,-,5364.0000,5363.8000,5363.6000,5363.4000,5362.2000,5365.0000,5366.8000,5367.0000,5368.0000,5376.6000,1,1,2,1,1,1,1,1,2,5
SF,IC2007,2020-06-01 09:32:39.900,5365.0000,6850,-1,330439280.000,1,0,1,双平,S,5363.6000,5363.4000,5362.0000,5361.8000,5361.4000,5366.8000,5367.0000,5368.0000,5376.6000,5397.6000,2,1,2,1,4,1,1,2,5,1
SF,IC2007,2020-06-01 09:32:40.400,5365.0000,6850,0,330439280.000,0,-,-,-,-,5364.0000,5363.8000,5363.6000,5363.4000,5361.8000,5366.8000,5367.0000,5368.0000,5376.6000,5397.6000,1,1,2,4,1,1,1,2,5,1
SF,IC2007,2020-06-01 09:32:40.900,5365.0000,6850,0,330439280.000,0,-,-,-,-,5364.4000,5364.2000,5363.6000,5363.4000,5361.8000,5366.8000,5367.0000,5368.0000,5376.6000,5397.6000,1,1,2,4,1,1,1,2,5,1
SF,IC2007,2020-06-01 09:32:41.400,5365.0000,6850,0,330439280.000,0,-,-,-,-,5364.4000,5364.2000,5363.6000,5363.4000,5361.8000,5367.0000,5368.0000,5376.6000,5397.6000,5412.0000,1,1,2,4,1,1,2,5,1,8
SF,IC2007,2020-06-01 09:32:41.900,5365.0000,6850,0,330439280.000,0,-,-,-,-,5364.6000,5363.6000,5363.4000,5361.8000,5361.4000,5366.6000,5367.0000,5368.0000,5376.6000,5397.6000,1,2,1,1,4,1,1,2,5,1
SF,IC2007,2020-06-01 09:32:42.400,5365.0000,6850,0,330439280.000,0,-,-,-,-,5363.6000,5363.4000,5361.8000,5361.4000,5361.2000,5364.4000,5367.0000,5368.0000,5376.6000,5397.6000,2,1,1,4,1,1,1,2,5,1
SF,IC2007,2020-06-01 09:32:42.900,5363.8000,6848,-2,332584920.000,2,0,2,双平,S,5361.4000,5361.2000,5359.8000,5359.6000,5359.4000,5367.0000,5368.0000,5376.6000,5397.6000,5412.0000,3,1,1,5,2,1,2,5,1,8
SF,IC2007,2020-06-01 09:32:43.400,5363.8000,6848,0,332584920.000,0,-,-,-,-,5362.0000,5361.8000,5359.8000,5359.6000,5353.4000,5366.2000,5366.4000,5366.8000,5367.0000,5368.0000,2,1,1,5,5,2,2,1,1,2
SF,IC2007,2020-06-01 09:32:43.900,5363.8000,6848,0,332584920.000,0,-,-,-,-,5359.8000,5359.6000,5353.4000,5330.8000,5323.8000,5363.6000,5366.0000,5366.2000,5366.4000,5367.0000,1,1,5,1,1,1,2,2,1,1
SF,IC2007,2020-06-01 09:32:44.400,5363.6000,6848,0,340094000.000,7,3,4,多换,S,5364.4000,5363.8000,5363.6000,5363.4000,5363.2000,5366.0000,5367.0000,5368.0000,5376.6000,5397.6000,1,1,2,2,2,1,1,2,5,1
SF,IC2007,2020-06-01 09:32:44.900,5364.4000,6853,5,346531280.000,6,5,1,空开,S,5363.8000,5363.6000,5363.0000,5359.8000,5353.4000,5366.0000,5367.0000,5368.0000,5376.6000,5397.6000,1,1,3,1,5,1,1,2,5,1
SF,IC2007,2020-06-01 09:32:45.400,5364.4000,6853,0,346531280.000,0,-,-,-,-,5363.8000,5359.8000,5353.4000,5330.8000,5323.8000,5366.0000,5367.0000,5368.0000,5376.6000,5397.6000,1,1,5,1,1,1,1,2,5,1
SF,IC2007,2020-06-01 09:32:45.900,5363.8000,6853,0,347604040.000,1,0,1,多换,S,5359.8000,5353.4000,5330.8000,5323.8000,5320.0000,5365.0000,5365.4000,5365.6000,5365.8000,5366.0000,1,5,1,1,1,1,3,1,2,1
SF,IC2007,2020-06-01 09:32:46.400,5363.8000,6853,0,347604040.000,0,-,-,-,-,5353.4000,5330.8000,5323.8000,5320.0000,5312.2000,5363.4000,5365.8000,5366.0000,5366.2000,5367.0000,5,1,1,1,3,1,2,1,2,1
SF,IC2007,2020-06-01 09:32:46.900,5363.8000,6853,0,347604040.000,0,-,-,-,-,5361.0000,5360.8000,5360.6000,5359.8000,5359.6000,5363.4000,5365.8000,5366.0000,5366.2000,5367.0000,1,2,1,2,1,1,1,1,2,1
SF,IC2007,2020-06-01 09:32:47.400,5363.8000,6853,0,347604040.000,0,-,-,-,-,5358.4000,5356.8000,5353.6000,5353.4000,5330.8000,5363.0000,5363.4000,5365.8000,5366.0000,5367.0000,1,3,3,5,1,1,1,1,1,1
SF,IC2007,2020-06-01 09:32:47.900,5363.8000,6853,0,347604040.000,0,-,-,-,-,5359.8000,5359.6000,5359.0000,5358.6000,5358.4000,5363.0000,5363.4000,5365.8000,5366.0000,5367.0000,2,1,1,1,1,1,1,1,1,1
SF,IC2007,2020-06-01 09:32:48.400,5363.8000,6853,0,347604040.000,0,-,-,-,-,5359.8000,5359.6000,5359.0000,5356.8000,5353.6000,5362.6000,5363.4000,5365.8000,5367.0000,5368.0000,2,1,1,3,3,1,1,1,1,2
SF,IC2007,2020-06-01 09:32:48.900,5363.8000,6853,0,347604040.000,0,-,-,-,-,5359.8000,5359.6000,5359.0000,5356.8000,5353.6000,5363.4000,5365.8000,5367.0000,5368.0000,5376.6000,2,1,1,3,3,1,1,1,2,5
SF,IC2007,2020-06-01 09:32:49.400,5363.8000,6853,0,347604040.000,0,-,-,-,-,5359.8000,5359.6000,5359.0000,5356.8000,5353.6000,5363.2000,5363.4000,5365.8000,5367.0000,5368.0000,2,1,1,3,3,1,1,1,1,2
SF,IC2007,2020-06-01 09:32:49.900,5363.8000,6853,0,347604040.000,0,-,-,-,-,5359.8000,5359.6000,5359.0000,5356.8000,5353.6000,5363.2000,5363.4000,5365.8000,5367.0000,5368.0000,2,1,1,3,3,1,1,2,1,2
SF,IC2007,2020-06-01 09:32:50.400,5363.8000,6853,0,347604040.000,0,-,-,-,-,5359.8000,5359.6000,5359.0000,5356.8000,5353.6000,5363.0000,5363.4000,5365.8000,5367.0000,5368.0000,2,1,1,3,3,1,1,2,1,2
SF,IC2007,2020-06-01 09:32:50.900,5363.8000,6853,0,347604040.000,0,-,-,-,-,5360.2000,5360.0000,5359.8000,5359.6000,5359.0000,5363.0000,5363.4000,5365.8000,5367.0000,5368.0000,1,1,2,1,1,1,1,2,1,2
SF,IC2007,2020-06-01 09:32:51.400,5363.8000,6853,0,347604040.000,0,-,-,-,-,5360.4000,5359.8000,5359.6000,5356.8000,5353.6000,5362.6000,5363.0000,5363.4000,5363.8000,5365.8000,1,2,1,3,3,1,1,1,1,2
SF,IC2007,2020-06-01 09:32:51.900,5363.8000,6853,0,347604040.000,0,-,-,-,-,5360.4000,5359.8000,5359.6000,5356.8000,5353.6000,5363.0000,5363.4000,5365.8000,5367.0000,5368.0000,1,2,1,3,3,1,1,2,1,1
SF,IC2007,2020-06-01 09:32:52.900,5363.8000,6853,0,347604040.000,0,-,-,-,-,5360.4000,5356.8000,5353.6000,5353.4000,5330.8000,5362.6000,5363.0000,5363.4000,5365.8000,5367.0000,1,3,3,5,1,1,1,1,2,1
SF,IC2007,2020-06-01 09:32:53.400,5362.6000,6853,0,350821600.000,3,1,2,多换,S,5360.4000,5356.8000,5353.6000,5353.4000,5330.8000,5362.6000,5363.0000,5363.4000,5365.8000,5367.0000,1,3,3,5,1,1,1,1,2,1
SF,IC2007,2020-06-01 09:32:53.900,5362.6000,6853,0,350821600.000,0,-,-,-,-,5360.6000,5360.4000,5356.8000,5353.6000,5353.4000,5362.6000,5363.0000,5363.4000,5365.8000,5367.0000,2,2,3,3,5,1,1,1,2,1
SF,IC2007,2020-06-01 09:32:54.400,5362.6000,6853,0,350821600.000,0,-,-,-,-,5360.4000,5356.8000,5353.6000,5353.4000,5330.8000,5363.0000,5363.4000,5365.8000,5367.0000,5368.0000,1,3,3,5,1,1,1,2,1,1
SF,IC2007,2020-06-01 09:32:54.900,5362.6000,6853,0,350821600.000,0,-,-,-,-,5360.4000,5356.8000,5353.6000,5353.4000,5330.8000,5363.0000,5363.4000,5365.8000,5367.0000,5368.0000,1,3,3,5,1,1,1,2,1,1
SF,IC2007,2020-06-01 09:32:55.400,5362.6000,6853,0,350821600.000,0,-,-,-,-,5360.6000,5360.4000,5356.8000,5353.6000,5353.4000,5363.0000,5363.4000,5365.8000,5367.0000,5368.0000,2,2,3,3,5,1,1,2,1,1
SF,IC2007,2020-06-01 09:32:55.900,5362.6000,6853,0,350821600.000,0,-,-,-,-,5360.6000,5360.4000,5356.8000,5353.6000,5353.4000,5362.6000,5363.4000,5365.8000,5367.0000,5368.0000,2,2,3,3,5,1,1,2,1,1
SF,IC2007,2020-06-01 09:32:56.400,5362.6000,6853,0,350821600.000,0,-,-,-,-,5360.6000,5360.4000,5356.8000,5353.6000,5353.4000,5363.4000,5365.8000,5367.0000,5368.0000,5369.8000,2,2,3,3,5,1,2,1,1,1
SF,IC2007,2020-06-01 09:32:56.900,5362.6000,6853,0,350821600.000,0,-,-,-,-,5361.0000,5360.8000,5360.6000,5360.4000,5356.8000,5363.4000,5365.8000,5367.0000,5368.0000,5369.8000,1,2,2,1,3,1,2,1,1,1
SF,IC2007,2020-06-01 09:32:57.400,5362.6000,6853,0,350821600.000,0,-,-,-,-,5360.8000,5360.6000,5360.4000,5356.8000,5353.6000,5363.0000,5363.4000,5365.8000,5367.0000,5368.0000,2,2,1,3,3,1,1,2,1,1
SF,IC2007,2020-06-01 09:32:57.900,5362.6000,6853,0,350821600.000,0,-,-,-,-,5360.8000,5360.6000,5360.4000,5356.8000,5353.6000,5363.0000,5363.4000,5365.8000,5367.0000,5368.0000,2,2,1,3,3,1,1,2,1,1
SF,IC2007,2020-06-01 09:32:58.400,5360.8000,6852,-1,351893760.000,1,0,1,双平,S,5360.8000,5360.6000,5360.4000,5356.8000,5353.6000,5363.0000,5363.4000,5365.8000,5367.0000,5368.0000,1,2,1,3,3,1,1,2,1,1
SF,IC2007,2020-06-01 09:32:58.900,5360.8000,6852,0,351893760.000,0,-,-,-,-,5360.8000,5360.6000,5360.4000,5356.8000,5353.6000,5363.0000,5363.4000,5365.8000,5367.0000,5368.0000,1,2,1,3,3,1,1,2,1,1
SF,IC2007,2020-06-01 09:32:59.400,5360.8000,6852,0,351893760.000,0,-,-,-,-,5360.8000,5356.8000,5353.6000,5353.4000,5340.0000,5363.0000,5363.4000,5365.8000,5367.0000,5368.0000,1,3,3,5,2,1,1,2,1,1
SF,IC2007,2020-06-01 09:32:59.900,5360.8000,6852,0,351893760.000,0,-,-,-,-,5356.8000,5353.6000,5353.4000,5340.0000,5330.8000,5363.0000,5363.4000,5365.8000,5367.0000,5368.0000,3,3,5,2,1,1,1,2,1,1
SF,IC2007,2020-06-01 09:33:00.400,5360.8000,6852,0,351893760.000,0,-,-,-,-,5360.4000,5360.0000,5359.8000,5359.2000,5358.4000,5362.8000,5363.4000,5365.8000,5367.0000,5368.0000,1,2,1,1,1,1,1,2,1,1
SF,IC2007,2020-06-01 09:33:00.900,5360.8000,6853,1,352965920.000,1,1,0,双开,S,5360.0000,5359.8000,5359.2000,5358.4000,5357.4000,5360.8000,5362.4000,5362.8000,5363.4000,5365.8000,2,1,1,1,2,4,1,1,1,2
SF,IC2007,2020-06-01 09:33:01.400,5360.8000,6856,3,357254560.000,4,3,1,空开,S,5360.0000,5359.8000,5359.2000,5358.4000,5357.0000,5362.8000,5363.4000,5365.8000,5367.0000,5368.0000,2,1,1,1,4,1,1,2,1,1
SF,IC2007,2020-06-01 09:33:01.900,5360.8000,6856,0,357254560.000,0,-,-,-,-,5361.4000,5360.0000,5359.8000,5359.2000,5358.4000,5362.8000,5363.4000,5365.8000,5367.0000,5368.0000,1,2,1,1,1,2,1,2,1,1
SF,IC2007,2020-06-01 09:33:02.400,5362.8000,6857,1,358327120.000,1,1,0,双开,S,5361.6000,5361.4000,5360.0000,5359.8000,5359.2000,5363.4000,5365.8000,5367.0000,5368.0000,5369.8000,1,1,2,1,1,1,2,1,1,1
SF,IC2007,2020-06-01 09:33:02.900,5362.8000,6857,0,358327120.000,0,-,-,-,-,5361.8000,5361.6000,5360.0000,5359.8000,5357.0000,5362.6000,5363.2000,5363.4000,5365.8000,5367.0000,1,1,2,1,4,1,1,3,1,1
SF,IC2007,2020-06-01 09:33:03.400,5361.6000,6855,-2,360471800.000,2,0,2,双平,S,5360.0000,5359.8000,5357.0000,5356.8000,5353.4000,5361.6000,5363.2000,5363.4000,5365.8000,5367.0000,2,1,4,1,5,1,1,3,1,1
SF,IC2007,2020-06-01 09:33:03.900,5361.6000,6855,0,360471800.000,0,-,-,-,-,5357.0000,5356.8000,5353.4000,5350.6000,5340.0000,5363.2000,5363.4000,5365.8000,5367.0000,5368.0000,4,1,5,1,2,1,3,1,1,1
SF,IC2007,2020-06-01 09:33:04.400,5361.6000,6855,0,360471800.000,0,-,-,-,-,5358.0000,5357.8000,5356.8000,5353.4000,5350.6000,5362.0000,5362.4000,5363.0000,5363.2000,5363.4000,2,1,1,5,1,2,3,2,1,1
SF,IC2007,2020-06-01 09:33:04.900,5361.6000,6855,0,360471800.000,0,-,-,-,-,5358.0000,5357.8000,5356.8000,5353.4000,5350.6000,5361.8000,5363.0000,5363.2000,5363.4000,5363.6000,2,2,1,5,1,2,1,1,1,1
SF,IC2007,2020-06-01 09:33:05.400,5361.6000,6855,0,360471800.000,0,-,-,-,-,5358.0000,5357.8000,5356.8000,5353.4000,5350.6000,5361.8000,5363.0000,5363.2000,5363.4000,5363.6000,2,1,1,5,1,2,1,1,1,1
SF,IC2007,2020-06-01 09:33:06.900,5361.6000,6855,0,360471800.000,0,-,-,-,-,5358.0000,5357.8000,5356.8000,5353.4000,5350.6000,5361.6000,5361.8000,5362.0000,5363.0000,5363.4000,2,1,1,5,1,1,2,2,1,1
SF,IC2007,2020-06-01 09:33:07.400,5361.6000,6855,0,360471800.000,0,-,-,-,-,5358.0000,5357.8000,5356.8000,5353.4000,5350.6000,5361.4000,5361.6000,5363.0000,5363.4000,5363.6000,2,1,1,5,1,1,1,1,1,1
SF,IC2007,2020-06-01 09:33:07.900,5361.6000,6855,0,360471800.000,0,-,-,-,-,5358.0000,5357.8000,5356.8000,5353.4000,5350.6000,5361.2000,5361.4000,5361.6000,5363.0000,5363.4000,2,1,1,5,1,1,1,1,1,1
SF,IC2007,2020-06-01 09:33:08.400,5361.6000,6855,0,360471800.000,0,-,-,-,-,5358.0000,5357.8000,5356.8000,5353.4000,5350.6000,5361.0000,5361.2000,5361.6000,5363.0000,5363.4000,2,1,1,5,1,1,1,1,1,1
SF,IC2007,2020-06-01 09:33:08.900,5361.6000,6855,0,360471800.000,0,-,-,-,-,5358.0000,5357.8000,5356.8000,5353.4000,5350.6000,5361.0000,5361.2000,5363.0000,5363.4000,5363.6000,2,1,1,5,1,1,1,1,1,1
SF,IC2007,2020-06-01 09:33:09.400,5361.6000,6855,0,360471800.000,0,-,-,-,-,5358.0000,5357.8000,5356.8000,5353.4000,5350.6000,5361.0000,5361.2000,5363.0000,5363.4000,5363.6000,2,3,1,5,1,1,1,1,1,1
SF,IC2007,2020-06-01 09:33:09.900,5361.6000,6855,0,360471800.000,0,-,-,-,-,5358.0000,5357.8000,5356.8000,5353.4000,5350.6000,5361.0000,5361.2000,5363.0000,5363.4000,5363.6000,2,1,1,5,1,1,1,1,1,1
SF,IC2007,2020-06-01 09:33:10.400,5361.6000,6855,0,360471800.000,0,-,-,-,-,5358.0000,5357.8000,5356.8000,5353.4000,5350.6000,5361.0000,5361.2000,5363.0000,5363.4000,5363.6000,2,3,1,5,1,1,1,1,1,1
SF,IC2007,2020-06-01 09:33:10.900,5361.6000,6855,0,360471800.000,0,-,-,-,-,5358.0000,5357.8000,5356.8000,5353.4000,5350.6000,5361.0000,5361.2000,5363.0000,5363.4000,5363.6000,2,1,1,5,1,1,1,1,1,1
SF,IC2007,2020-06-01 09:33:12.900,5361.6000,6855,0,360471800.000,0,-,-,-,-,5358.0000,5357.8000,5356.8000,5353.4000,5350.6000,5361.0000,5363.0000,5363.4000,5363.6000,5365.0000,2,1,1,5,1,1,1,1,1,1
SF,IC2007,2020-06-01 09:33:14.400,5361.6000,6855,0,360471800.000,0,-,-,-,-,5358.0000,5357.8000,5356.8000,5353.4000,5350.6000,5361.0000,5363.0000,5363.4000,5363.6000,5365.0000,2,3,1,5,1,1,1,1,1,1
SF,IC2007,2020-06-01 09:33:14.900,5361.6000,6855,0,360471800.000,0,-,-,-,-,5358.0000,5357.8000,5356.8000,5353.4000,5350.6000,5361.0000,5361.6000,5363.0000,5363.4000,5363.6000,2,1,1,5,1,1,5,1,1,1
SF,IC2007,2020-06-01 09:33:15.400,5358.0000,6856,1,361543400.000,1,1,0,双开,S,5353.4000,5350.6000,5340.0000,5330.8000,5323.8000,5361.0000,5361.6000,5363.0000,5363.4000,5363.6000,5,1,2,1,1,1,5,1,1,1
SF,IC2007,2020-06-01 09:33:15.900,5358.0000,6856,0,361543400.000,0,-,-,-,-,5357.2000,5356.8000,5356.6000,5355.8000,5355.0000,5359.2000,5361.0000,5361.6000,5363.0000,5363.6000,1,1,1,1,4,1,1,5,1,1
SF,IC2007,2020-06-01 09:33:16.400,5358.0000,6856,0,361543400.000,0,-,-,-,-,5356.8000,5356.6000,5356.0000,5355.8000,5355.0000,5359.2000,5361.0000,5361.6000,5363.0000,5363.6000,1,1,1,1,3,1,1,5,1,1
SF,IC2007,2020-06-01 09:33:16.900,5358.0000,6856,0,361543400.000,0,-,-,-,-,5356.8000,5356.6000,5355.8000,5355.0000,5353.8000,5359.2000,5361.0000,5361.2000,5361.6000,5363.0000,1,1,1,3,1,1,1,1,5,1
SF,IC2007,2020-06-01 09:33:17.400,5358.0000,6856,0,361543400.000,0,-,-,-,-,5356.8000,5356.6000,5356.0000,5355.8000,5355.0000,5359.2000,5361.0000,5361.6000,5363.0000,5363.6000,1,1,1,1,2,1,1,5,1,1
SF,IC2007,2020-06-01 09:33:17.900,5358.0000,6856,0,361543400.000,0,-,-,-,-,5356.8000,5356.6000,5356.0000,5355.8000,5355.0000,5359.2000,5361.0000,5361.6000,5363.0000,5363.6000,1,1,1,1,2,1,1,5,1,1
SF,IC2007,2020-06-01 09:33:18.400,5358.0000,6857,1,362615000.000,1,1,0,双开,S,5356.8000,5356.6000,5356.0000,5355.8000,5355.0000,5361.0000,5361.6000,5363.0000,5363.6000,5365.8000,2,1,1,1,1,1,5,1,1,1
SF,IC2007,2020-06-01 09:33:18.900,5358.0000,6857,0,362615000.000,0,-,-,-,-,5359.2000,5357.2000,5356.8000,5356.6000,5356.0000,5361.0000,5361.6000,5363.0000,5363.6000,5365.8000,3,1,1,1,1,1,5,1,1,1
SF,IC2007,2020-06-01 09:33:19.400,5358.0000,6857,0,362615000.000,0,-,-,-,-,5359.2000,5357.2000,5357.0000,5356.8000,5356.6000,5361.6000,5363.0000,5363.6000,5365.8000,5367.0000,3,1,1,1,1,5,1,1,1,1
SF,IC2007,2020-06-01 09:33:19.900,5358.0000,6857,0,362615000.000,0,-,-,-,-,5359.2000,5357.0000,5356.8000,5356.6000,5356.0000,5361.6000,5363.0000,5363.6000,5365.8000,5367.0000,3,1,1,1,1,5,1,1,1,1
SF,IC2007,2020-06-01 09:33:20.400,5359.2000,6856,-1,363686840.000,1,0,1,双平,S,5359.2000,5355.0000,5353.8000,5353.6000,5353.4000,5360.2000,5361.0000,5361.2000,5361.4000,5361.6000,2,1,1,4,5,2,1,1,2,5
SF,IC2007,2020-06-01 09:33:20.900,5359.2000,6855,-1,366902520.000,3,1,2,多平,S,5355.0000,5353.8000,5353.6000,5353.4000,5350.6000,5361.4000,5361.6000,5363.0000,5363.6000,5365.8000,1,1,4,5,1,1,5,1,1,1
SF,IC2007,2020-06-01 09:33:21.400,5359.2000,6855,0,366902520.000,0,-,-,-,-,5357.8000,5357.6000,5356.8000,5356.4000,5356.2000,5361.2000,5361.6000,5363.0000,5363.6000,5365.8000,1,1,2,2,1,2,5,1,1,1
SF,IC2007,2020-06-01 09:33:21.900,5359.2000,6855,0,366902520.000,0,-,-,-,-,5357.8000,5357.6000,5356.8000,5356.4000,5356.0000,5361.2000,5361.6000,5363.0000,5363.6000,5365.8000,1,1,2,2,1,1,5,1,1,1
SF,IC2007,2020-06-01 09:33:22.400,5359.2000,6855,0,366902520.000,0,-,-,-,-,5357.8000,5357.6000,5356.8000,5356.4000,5356.0000,5361.0000,5361.2000,5361.6000,5363.0000,5363.6000,1,1,2,2,1,1,1,5,1,1
SF,IC2007,2020-06-01 09:33:22.900,5359.2000,6855,0,366902520.000,0,-,-,-,-,5357.8000,5357.6000,5356.4000,5356.0000,5355.4000,5360.8000,5361.0000,5361.6000,5363.0000,5363.6000,1,1,2,1,1,1,1,5,1,1
SF,IC2007,2020-06-01 09:33:23.400,5359.2000,6855,0,366902520.000,0,-,-,-,-,5357.8000,5357.6000,5356.4000,5356.0000,5355.4000,5360.8000,5361.0000,5361.6000,5363.0000,5363.6000,1,1,2,1,1,1,1,5,1,1
SF,IC2007,2020-06-01 09:33:23.900,5359.2000,6855,0,366902520.000,0,-,-,-,-,5355.4000,5355.2000,5355.0000,5353.6000,5353.4000,5356.8000,5360.0000,5360.6000,5360.8000,5361.0000,1,3,2,3,5,1,1,4,1,1
SF,IC2007,2020-06-01 09:33:24.400,5360.0000,6855,0,369045880.000,2,1,1,多换,S,5357.0000,5356.8000,5356.6000,5356.2000,5356.0000,5360.6000,5360.8000,5361.6000,5363.0000,5363.6000,1,2,1,1,3,2,1,5,1,1
SF,IC2007,2020-06-01 09:33:24.900,5360.0000,6855,0,369045880.000,0,-,-,-,-,5356.8000,5355.4000,5355.0000,5353.6000,5350.6000,5360.4000,5360.6000,5361.6000,5363.0000,5363.6000,1,1,1,3,1,1,4,5,1,1
SF,IC2007,2020-06-01 09:33:25.400,5360.0000,6855,0,369045880.000,0,-,-,-,-,5353.6000,5352.2000,5350.6000,5347.6000,5340.0000,5358.6000,5359.0000,5359.2000,5359.6000,5360.2000,2,3,1,5,2,2,1,4,1,2
SF,IC2007,2020-06-01 09:33:25.900,5360.0000,6855,0,369045880.000,0,-,-,-,-,5355.8000,5355.0000,5354.4000,5354.0000,5353.8000,5358.4000,5359.2000,5359.8000,5360.2000,5361.6000,2,2,1,1,5,1,1,1,1,5
SF,IC2007,2020-06-01 09:33:26.400,5360.0000,6855,0,369045880.000,0,-,-,-,-,5355.8000,5355.0000,5354.4000,5354.0000,5353.8000,5358.4000,5359.2000,5359.8000,5360.2000,5361.6000,2,1,1,1,5,1,1,1,1,5
SF,IC2007,2020-06-01 09:33:26.900,5358.4000,6854,-1,370117560.000,1,0,1,双平,S,5356.0000,5355.8000,5355.0000,5354.4000,5354.0000,5359.2000,5359.8000,5360.2000,5361.6000,5363.0000,2,2,1,1,1,1,1,1,5,1
SF,IC2007,2020-06-01 09:33:27.400,5356.0000,6853,-1,371188760.000,1,0,1,双平,S,5356.0000,5355.8000,5355.0000,5354.4000,5354.0000,5360.2000,5361.6000,5363.0000,5365.0000,5365.8000,1,2,1,1,1,1,5,1,5,1
SF,IC2007,2020-06-01 09:33:27.900,5356.0000,6853,0,371188760.000,0,-,-,-,-,5356.0000,5355.0000,5354.4000,5354.0000,5353.8000,5359.0000,5359.6000,5359.8000,5360.2000,5361.6000,1,1,1,1,4,1,1,1,1,5
SF,IC2007,2020-06-01 09:33:28.400,5356.0000,6853,0,371188760.000,0,-,-,-,-,5356.0000,5354.4000,5354.0000,5353.8000,5353.6000,5359.0000,5359.2000,5360.2000,5361.6000,5363.0000,1,1,1,2,2,1,1,1,5,1
SF,IC2007,2020-06-01 09:33:28.900,5359.0000,6850,-3,374404080.000,3,0,3,双平,S,5356.0000,5354.4000,5354.0000,5353.8000,5353.6000,5359.0000,5359.2000,5361.6000,5363.0000,5365.0000,1,1,1,2,2,1,3,5,1,5
SF,IC2007,2020-06-01 09:33:29.400,5359.0000,6850,0,374404080.000,0,-,-,-,-,5354.0000,5353.8000,5353.6000,5352.2000,5350.6000,5358.8000,5359.0000,5359.2000,5361.6000,5363.0000,1,2,2,3,1,3,1,3,5,1
SF,IC2007,2020-06-01 09:33:29.900,5359.0000,6850,0,374404080.000,0,-,-,-,-,5356.8000,5355.0000,5354.0000,5353.8000,5353.6000,5358.4000,5358.8000,5359.2000,5361.6000,5363.0000,1,1,1,2,2,1,3,3,5,1
SF,IC2007,2020-06-01 09:33:30.400,5359.0000,6850,0,374404080.000,0,-,-,-,-,5356.8000,5355.0000,5354.0000,5353.6000,5352.2000,5358.2000,5358.4000,5358.8000,5359.2000,5361.6000,1,1,1,1,3,1,1,2,3,5
SF,IC2007,2020-06-01 09:33:30.900,5358.2000,6849,-1,376547080.000,2,0,2,多平,S,5355.0000,5354.0000,5353.6000,5352.2000,5350.6000,5358.4000,5358.8000,5359.2000,5361.6000,5363.0000,1,1,1,3,1,1,2,3,5,1
SF,IC2007,2020-06-01 09:33:31.400,5358.2000,6849,0,376547080.000,0,-,-,-,-,5352.2000,5350.6000,5347.6000,5340.0000,5330.8000,5358.0000,5358.4000,5358.8000,5359.2000,5361.6000,3,1,5,2,1,1,1,2,3,5
SF,IC2007,2020-06-01 09:33:31.900,5358.2000,6849,0,376547080.000,0,-,-,-,-,5354.6000,5353.6000,5353.2000,5352.6000,5352.4000,5358.0000,5358.4000,5358.8000,5359.2000,5361.6000,1,3,1,1,5,1,1,2,3,5
SF,IC2007,2020-06-01 09:33:32.400,5358.2000,6849,0,376547080.000,0,-,-,-,-,5354.6000,5353.6000,5353.2000,5352.6000,5352.4000,5358.0000,5359.0000,5361.6000,5363.0000,5364.6000,1,3,1,1,4,1,1,5,1,2
SF,IC2007,2020-06-01 09:33:32.900,5358.2000,6849,0,376547080.000,0,-,-,-,-,5355.4000,5355.2000,5355.0000,5354.6000,5353.6000,5359.0000,5361.6000,5363.0000,5364.6000,5365.0000,1,1,1,1,3,1,5,1,2,5
SF,IC2007,2020-06-01 09:33:33.400,5358.2000,6849,0,376547080.000,0,-,-,-,-,5355.6000,5355.4000,5355.2000,5355.0000,5354.6000,5359.0000,5359.2000,5361.6000,5363.0000,5364.6000,1,1,1,1,1,1,1,5,1,2
SF,IC2007,2020-06-01 09:33:33.900,5358.2000,6849,0,376547080.000,0,-,-,-,-,5355.6000,5354.6000,5353.6000,5352.6000,5352.4000,5358.8000,5359.0000,5359.2000,5361.6000,5363.0000,1,1,3,1,4,1,1,3,5,1
SF,IC2007,2020-06-01 09:33:34.400,5358.2000,6849,0,376547080.000,0,-,-,-,-,5355.6000,5354.6000,5353.6000,5352.6000,5352.4000,5358.8000,5359.0000,5359.2000,5361.6000,5363.0000,1,1,3,1,4,1,1,1,5,1
SF,IC2007,2020-06-01 09:33:34.900,5358.2000,6849,0,376547080.000,0,-,-,-,-,5355.6000,5354.6000,5353.6000,5352.6000,5352.4000,5358.6000,5358.8000,5359.0000,5359.2000,5361.6000,1,1,3,1,4,2,1,1,1,5
SF,IC2007,2020-06-01 09:33:35.400,5358.2000,6849,0,376547080.000,0,-,-,-,-,5355.6000,5354.6000,5353.6000,5352.6000,5352.4000,5356.8000,5358.2000,5358.6000,5359.0000,5359.2000,1,1,3,1,4,1,1,2,1,1
SF,IC2007,2020-06-01 09:33:35.900,5358.2000,6849,0,376547080.000,0,-,-,-,-,5354.6000,5353.6000,5352.6000,5352.4000,5352.2000,5356.8000,5358.2000,5358.6000,5359.0000,5359.2000,1,3,1,4,3,1,1,2,1,1
SF,IC2007,2020-06-01 09:33:36.900,5358.2000,6849,0,376547080.000,0,-,-,-,-,5353.6000,5352.6000,5352.4000,5352.2000,5350.6000,5356.8000,5358.2000,5358.6000,5359.0000,5359.2000,1,1,4,3,1,1,1,2,1,1
SF,IC2007,2020-06-01 09:33:37.400,5358.2000,6849,0,376547080.000,0,-,-,-,-,5354.2000,5352.6000,5352.4000,5352.2000,5350.6000,5356.8000,5358.2000,5358.6000,5359.0000,5359.2000,1,1,4,3,1,1,1,3,1,1
SF,IC2007,2020-06-01 09:33:37.900,5358.2000,6849,0,376547080.000,0,-,-,-,-,5354.2000,5353.2000,5352.6000,5352.4000,5352.2000,5356.8000,5358.6000,5359.0000,5359.2000,5361.6000,1,1,1,4,3,1,3,1,1,5
SF,IC2007,2020-06-01 09:33:38.400,5358.2000,6849,0,376547080.000,0,-,-,-,-,5354.2000,5353.2000,5352.6000,5352.4000,5352.2000,5356.8000,5358.6000,5359.0000,5359.2000,5361.6000,1,1,1,4,3,1,2,1,1,5
SF,IC2007,2020-06-01 09:33:38.900,5358.2000,6849,0,376547080.000,0,-,-,-,-,5354.6000,5354.2000,5353.2000,5352.4000,5352.2000,5356.8000,5358.6000,5359.0000,5359.2000,5360.0000,1,1,1,4,3,1,2,1,1,2
SF,IC2007,2020-06-01 09:33:39.400,5358.2000,6849,0,376547080.000,0,-,-,-,-,5355.0000,5354.2000,5353.2000,5352.4000,5352.2000,5356.8000,5359.0000,5359.2000,5360.0000,5361.6000,1,1,1,4,3,1,1,1,2,5
SF,IC2007,2020-06-01 09:33:39.900,5358.2000,6849,0,376547080.000,0,-,-,-,-,5355.0000,5354.2000,5353.2000,5352.4000,5352.2000,5356.8000,5359.0000,5359.2000,5360.0000,5361.6000,1,1,1,4,3,1,1,1,2,5
SF,IC2007,2020-06-01 09:33:40.400,5354.2000,6850,1,377617920.000,1,1,0,双开,S,5353.2000,5352.4000,5352.2000,5350.6000,5347.6000,5354.2000,5356.8000,5359.0000,5359.2000,5360.0000,1,4,3,1,5,1,1,1,1,2
SF,IC2007,2020-06-01 09:33:40.900,5354.2000,6851,1,379759600.000,2,1,1,空开,S,5354.2000,5353.8000,5353.6000,5352.4000,5352.2000,5356.8000,5359.0000,5359.2000,5360.0000,5361.6000,1,1,2,2,3,1,1,1,2,5
SF,IC2007,2020-06-01 09:33:41.400,5354.2000,6851,0,379759600.000,0,-,-,-,-,5354.2000,5353.8000,5353.6000,5352.6000,5352.2000,5356.8000,5359.0000,5359.2000,5360.0000,5361.6000,1,1,1,1,3,1,1,1,2,5
SF,IC2007,2020-06-01 09:33:41.900,5354.2000,6851,0,379759600.000,0,-,-,-,-,5352.2000,5350.6000,5347.6000,5340.0000,5330.8000,5356.4000,5356.8000,5359.0000,5359.2000,5360.0000,3,1,5,2,1,1,1,1,1,2
SF,IC2007,2020-06-01 09:33:42.400,5352.8000,6851,0,380830160.000,1,0,1,多换,S,5352.6000,5352.2000,5350.6000,5347.6000,5340.0000,5356.4000,5359.0000,5359.2000,5360.0000,5361.6000,2,3,1,5,2,1,1,1,2,5
SF,IC2007,2020-06-01 09:33:42.900,5352.8000,6851,0,380830160.000,0,-,-,-,-,5353.0000,5352.6000,5352.2000,5350.6000,5347.6000,5356.4000,5359.0000,5359.2000,5360.0000,5361.6000,2,2,3,1,5,1,1,1,2,5
SF,IC2007,2020-06-01 09:33:43.900,5352.8000,6851,0,380830160.000,0,-,-,-,-,5353.0000,5352.2000,5350.6000,5347.6000,5340.0000,5356.4000,5359.0000,5359.2000,5360.0000,5361.6000,2,3,1,5,2,1,1,1,2,5
SF,IC2007,2020-06-01 09:33:44.400,5352.8000,6851,0,380830160.000,0,-,-,-,-,5353.2000,5353.0000,5352.2000,5350.6000,5347.6000,5356.4000,5359.0000,5359.2000,5360.0000,5361.6000,1,2,3,1,5,1,1,1,2,5
SF,IC2007,2020-06-01 09:33:44.900,5352.8000,6851,0,380830160.000,0,-,-,-,-,5353.2000,5353.0000,5352.2000,5350.6000,5347.6000,5356.4000,5359.0000,5359.2000,5360.0000,5361.6000,1,2,3,1,5,1,1,1,2,5
SF,IC2007,2020-06-01 09:33:45.400,5352.8000,6851,0,380830160.000,0,-,-,-,-,5353.4000,5353.2000,5353.0000,5352.2000,5350.6000,5356.2000,5356.4000,5359.0000,5359.2000,5360.0000,4,1,2,3,1,1,1,1,1,2
SF,IC2007,2020-06-01 09:33:45.900,5356.2000,6851,0,381901400.000,1,0,1,多换,S,5353.6000,5353.0000,5352.2000,5350.6000,5347.6000,5359.0000,5359.2000,5360.0000,5361.6000,5363.0000,1,2,3,1,5,1,1,2,5,1
SF,IC2007,2020-06-01 09:33:46.400,5356.2000,6851,0,381901400.000,0,-,-,-,-,5353.6000,5353.0000,5352.2000,5350.6000,5347.6000,5357.2000,5357.4000,5357.8000,5358.4000,5358.6000,1,2,3,1,5,1,1,1,3,3
SF,IC2007,2020-06-01 09:33:46.900,5357.4000,6851,0,382972880.000,1,0,1,多换,S,5353.6000,5353.0000,5352.2000,5350.6000,5347.6000,5355.2000,5358.4000,5358.6000,5358.8000,5359.0000,1,2,3,1,5,1,2,3,1,1
SF,IC2007,2020-06-01 09:33:47.400,5354.4000,6851,0,385114840.000,2,1,1,多换,S,5354.2000,5354.0000,5353.6000,5353.4000,5353.0000,5358.4000,5358.6000,5359.0000,5359.2000,5360.0000,1,1,1,1,2,1,2,1,3,3
SF,IC2007,2020-06-01 09:33:47.900,5354.4000,6851,0,385114840.000,0,-,-,-,-,5354.4000,5354.2000,5354.0000,5353.6000,5353.4000,5357.8000,5358.2000,5358.4000,5358.6000,5359.0000,1,1,1,1,1,1,1,1,1,1
SF,IC2007,2020-06-01 09:33:48.900,5354.4000,6851,0,385114840.000,0,-,-,-,-,5354.6000,5354.4000,5354.2000,5354.0000,5353.6000,5357.8000,5358.2000,5358.4000,5358.6000,5359.0000,1,1,1,1,1,1,1,1,1,1
SF,IC2007,2020-06-01 09:33:49.400,5354.6000,6850,-1,386185760.000,1,0,1,双平,S,5354.8000,5353.0000,5352.2000,5350.6000,5347.6000,5357.8000,5358.2000,5358.4000,5358.6000,5359.0000,1,2,3,1,5,1,1,1,2,1
SF,IC2007,2020-06-01 09:33:49.900,5354.6000,6850,0,386185760.000,0,-,-,-,-,5354.8000,5353.0000,5352.2000,5350.6000,5347.6000,5357.8000,5358.4000,5358.6000,5359.0000,5359.2000,1,2,3,1,5,1,1,2,1,3
SF,IC2007,2020-06-01 09:33:50.400,5354.6000,6849,-1,387256680.000,1,0,1,双平,S,5353.0000,5352.2000,5350.6000,5347.6000,5340.0000,5354.4000,5357.2000,5357.4000,5357.6000,5357.8000,2,3,1,5,2,6,2,1,1,4
SF,IC2007,2020-06-01 09:33:50.900,5354.6000,6849,0,389398520.000,2,1,1,多换,S,5353.0000,5352.2000,5350.6000,5347.6000,5340.0000,5354.4000,5357.2000,5357.6000,5357.8000,5358.6000,2,3,1,5,2,4,2,1,5,2
SF,IC2007,2020-06-01 09:33:51.400,5353.0000,6849,0,390469120.000,1,0,1,多换,S,5353.0000,5352.2000,5350.6000,5347.6000,5340.0000,5354.4000,5357.2000,5357.6000,5357.8000,5358.6000,1,3,1,5,2,4,2,1,5,2
SF,IC2007,2020-06-01 09:33:51.900,5353.0000,6849,0,391539720.000,1,0,1,多换,S,5352.2000,5350.6000,5347.6000,5340.0000,5330.8000,5354.4000,5357.2000,5357.6000,5357.8000,5358.6000,3,1,5,2,1,4,2,1,3,2
SF,IC2007,2020-06-01 09:33:52.400,5353.0000,6849,0,391539720.000,0,-,-,-,-,5352.6000,5352.2000,5350.6000,5347.6000,5340.0000,5354.4000,5357.2000,5357.6000,5357.8000,5358.6000,1,3,1,5,2,4,2,1,3,2
SF,IC2007,2020-06-01 09:33:52.900,5353.0000,6849,0,391539720.000,0,-,-,-,-,5352.2000,5350.6000,5347.6000,5340.0000,5330.8000,5354.4000,5357.2000,5357.6000,5357.8000,5358.6000,3,1,5,2,1,4,2,1,3,2
SF,IC2007,2020-06-01 09:33:53.900,5353.0000,6849,0,391539720.000,0,-,-,-,-,5352.6000,5352.2000,5350.6000,5347.6000,5340.0000,5354.4000,5357.2000,5357.6000,5357.8000,5358.6000,1,3,1,5,2,4,2,1,3,2
SF,IC2007,2020-06-01 09:33:54.400,5353.0000,6849,0,391539720.000,0,-,-,-,-,5352.2000,5350.6000,5347.6000,5340.0000,5330.8000,5353.0000,5354.4000,5357.2000,5357.6000,5357.8000,3,1,5,2,1,1,4,2,1,4
SF,IC2007,2020-06-01 09:33:54.900,5353.0000,6849,0,391539720.000,0,-,-,-,-,5352.2000,5350.6000,5347.6000,5340.0000,5330.8000,5353.0000,5354.4000,5357.2000,5357.6000,5357.8000,3,1,5,2,1,1,4,2,1,4
SF,IC2007,2020-06-01 09:33:55.400,5353.0000,6848,-1,393680920.000,2,0,2,多平,S,5352.2000,5350.6000,5347.6000,5340.0000,5330.8000,5354.4000,5357.2000,5357.6000,5357.8000,5358.6000,3,1,5,2,1,4,2,1,4,2
SF,IC2007,2020-06-01 09:33:55.900,5352.2000,6848,0,395821800.000,2,1,1,多换,S,5352.2000,5350.6000,5347.6000,5340.0000,5330.8000,5354.4000,5357.2000,5357.6000,5357.8000,5358.6000,1,1,5,2,1,4,2,1,4,2
SF,IC2007,2020-06-01 09:33:57.400,5352.2000,6848,0,396892240.000,1,0,1,多换,S,5350.6000,5347.6000,5340.0000,5330.8000,5323.8000,5354.4000,5357.2000,5357.6000,5357.8000,5358.6000,1,5,2,1,1,4,2,1,4,1
SF,IC2007,2020-06-01 09:33:57.900,5352.2000,6848,0,396892240.000,0,-,-,-,-,5350.6000,5347.6000,5340.0000,5330.8000,5323.8000,5354.2000,5354.4000,5357.2000,5357.8000,5358.6000,1,5,2,1,1,1,4,2,4,1
SF,IC2007,2020-06-01 09:33:58.400,5352.2000,6848,0,396892240.000,0,-,-,-,-,5350.6000,5347.6000,5340.0000,5330.8000,5323.8000,5352.2000,5354.0000,5354.2000,5354.4000,5357.2000,1,5,2,1,1,1,1,1,4,2
SF,IC2007,2020-06-01 09:33:59.400,5352.2000,6849,1,397962680.000,1,1,0,双开,S,5352.2000,5351.2000,5351.0000,5350.8000,5350.6000,5354.2000,5354.4000,5357.2000,5357.8000,5358.6000,2,2,2,7,2,1,4,2,4,1
SF,IC2007,2020-06-01 09:33:59.900,5352.2000,6849,0,397962680.000,0,-,-,-,-,5352.2000,5351.2000,5351.0000,5350.8000,5350.6000,5354.4000,5357.2000,5357.8000,5358.6000,5359.0000,2,2,2,7,2,4,2,4,1,1
SF,IC2007,2020-06-01 09:34:00.400,5352.2000,6849,0,397962680.000,0,-,-,-,-,5352.2000,5351.2000,5351.0000,5350.8000,5350.6000,5354.4000,5357.2000,5357.8000,5358.6000,5359.0000,1,2,1,6,2,4,2,4,1,1
SF,IC2007,2020-06-01 09:34:00.900,5352.2000,6849,0,397962680.000,0,-,-,-,-,5352.2000,5351.2000,5350.6000,5341.8000,5340.0000,5353.4000,5354.4000,5357.2000,5357.8000,5359.0000,1,1,1,5,2,2,4,2,3,1
SF,IC2007,2020-06-01 09:34:01.400,5352.2000,6849,0,399033120.000,1,0,1,多换,S,5351.2000,5350.6000,5341.8000,5340.0000,5330.8000,5354.4000,5357.2000,5357.8000,5359.0000,5360.0000,1,1,5,2,1,4,2,3,1,3
SF,IC2007,2020-06-01 09:34:01.900,5352.2000,6849,0,399033120.000,0,-,-,-,-,5351.6000,5351.2000,5350.6000,5341.8000,5340.0000,5354.0000,5354.2000,5354.4000,5357.2000,5357.8000,1,1,1,5,2,1,1,4,2,3
SF,IC2007,2020-06-01 09:34:02.400,5352.2000,6849,0,399033120.000,0,-,-,-,-,5352.0000,5351.6000,5351.2000,5350.6000,5341.8000,5354.2000,5354.4000,5357.2000,5357.8000,5359.0000,1,1,1,1,5,1,4,2,3,1
SF,IC2007,2020-06-01 09:34:02.900,5352.2000,6849,0,399033120.000,0,-,-,-,-,5351.6000,5351.2000,5350.6000,5341.8000,5340.0000,5354.2000,5354.4000,5357.2000,5357.8000,5359.0000,1,1,1,5,2,1,4,2,3,1
SF,IC2007,2020-06-01 09:34:03.400,5352.2000,6849,0,399033120.000,0,-,-,-,-,5352.4000,5352.2000,5352.0000,5351.8000,5351.6000,5354.0000,5354.2000,5354.4000,5357.2000,5357.8000,1,4,2,2,1,1,1,4,2,3
SF,IC2007,2020-06-01 09:34:03.900,5354.4000,6850,1,405458280.000,6,3,3,空开,S,5352.8000,5352.4000,5352.2000,5351.8000,5351.6000,5357.2000,5357.8000,5359.0000,5360.0000,5361.6000,1,1,3,2,1,1,3,1,3,5
SF,IC2007,2020-06-01 09:34:04.400,5354.4000,6850,0,405458280.000,0,-,-,-,-,5353.6000,5353.2000,5353.0000,5352.6000,5352.4000,5357.8000,5359.0000,5360.0000,5361.6000,5364.6000,1,1,1,1,1,3,1,3,5,2
SF,IC2007,2020-06-01 09:34:04.900,5354.4000,6850,0,405458280.000,0,-,-,-,-,5353.8000,5353.6000,5353.2000,5352.6000,5352.4000,5357.8000,5359.0000,5360.0000,5361.6000,5364.6000,2,1,1,1,1,3,1,3,5,2
SF,IC2007,2020-06-01 09:34:05.400,5354.4000,6850,0,405458280.000,0,-,-,-,-,5354.2000,5353.8000,5353.6000,5353.4000,5352.6000,5357.8000,5359.0000,5360.0000,5361.6000,5364.6000,1,2,3,1,1,3,1,3,5,2
SF,IC2007,2020-06-01 09:34:05.900,5354.4000,6850,0,405458280.000,0,-,-,-,-,5354.4000,5353.8000,5352.6000,5352.4000,5352.2000,5357.2000,5357.4000,5357.6000,5357.8000,5359.0000,1,1,1,1,1,1,1,1,5,1
SF,IC2007,2020-06-01 09:34:06.400,5354.4000,6850,0,405458280.000,0,-,-,-,-,5354.4000,5353.8000,5352.6000,5352.4000,5352.2000,5356.8000,5357.2000,5357.6000,5357.8000,5359.0000,1,1,1,1,1,1,1,1,5,1
SF,IC2007,2020-06-01 09:34:06.900,5354.4000,6850,0,405458280.000,0,-,-,-,-,5354.4000,5353.8000,5352.6000,5352.4000,5352.2000,5356.4000,5357.8000,5359.0000,5360.0000,5361.6000,1,1,1,1,1,1,3,1,3,5
SF,IC2007,2020-06-01 09:34:07.400,5354.4000,6850,0,405458280.000,0,-,-,-,-,5353.8000,5352.6000,5352.4000,5352.2000,5351.8000,5357.8000,5359.0000,5360.0000,5361.6000,5364.6000,1,1,1,1,2,3,1,3,5,2
SF,IC2007,2020-06-01 09:34:07.900,5354.4000,6850,0,405458280.000,0,-,-,-,-,5354.0000,5352.6000,5352.4000,5352.2000,5351.8000,5357.8000,5359.0000,5360.0000,5361.6000,5364.6000,1,1,1,1,2,3,1,3,5,2
SF,IC2007,2020-06-01 09:34:09.400,5354.4000,6850,0,405458280.000,0,-,-,-,-,5354.4000,5354.0000,5353.4000,5352.6000,5352.4000,5357.8000,5359.0000,5360.0000,5361.6000,5364.6000,2,1,1,1,1,3,1,3,5,2
SF,IC2007,2020-06-01 09:34:09.900,5354.4000,6850,0,405458280.000,0,-,-,-,-,5354.6000,5354.4000,5353.4000,5352.6000,5352.4000,5357.8000,5359.0000,5360.0000,5361.6000,5364.6000,2,2,1,1,1,2,1,3,5,2
SF,IC2007,2020-06-01 09:34:10.400,5354.4000,6850,0,405458280.000,0,-,-,-,-,5355.0000,5354.6000,5354.4000,5353.4000,5352.6000,5357.8000,5359.0000,5360.0000,5361.6000,5364.6000,2,2,1,1,1,2,1,3,5,2
SF,IC2007,2020-06-01 09:34:10.900,5354.4000,6850,0,405458280.000,0,-,-,-,-,5355.4000,5355.2000,5355.0000,5354.6000,5354.4000,5357.8000,5359.0000,5360.0000,5361.6000,5364.6000,1,1,1,1,1,2,1,3,5,2
SF,IC2007,2020-06-01 09:34:11.400,5354.4000,6850,0,405458280.000,0,-,-,-,-,5355.2000,5355.0000,5354.6000,5354.4000,5353.4000,5357.4000,5357.8000,5359.0000,5360.0000,5361.6000,1,1,1,1,1,1,2,1,3,5
SF,IC2007,2020-06-01 09:34:11.900,5354.4000,6850,0,405458280.000,0,-,-,-,-,5355.2000,5354.6000,5354.4000,5353.4000,5352.6000,5357.4000,5357.8000,5359.0000,5360.0000,5361.6000,1,1,1,1,1,1,2,1,3,5
SF,IC2007,2020-06-01 09:34:12.400,5357.4000,6850,0,406529760.000,1,0,1,多换,S,5355.0000,5354.4000,5353.4000,5352.6000,5352.4000,5357.8000,5359.0000,5360.0000,5361.6000,5364.6000,1,1,1,1,1,2,1,3,5,2
SF,IC2007,2020-06-01 09:34:12.900,5357.4000,6850,0,406529760.000,0,-,-,-,-,5354.4000,5353.4000,5352.6000,5352.4000,5352.2000,5357.8000,5359.0000,5360.0000,5361.6000,5364.6000,1,1,1,1,1,2,1,3,5,2
SF,IC2007,2020-06-01 09:34:13.400,5357.4000,6850,0,406529760.000,0,-,-,-,-,5354.6000,5354.4000,5353.4000,5352.6000,5352.4000,5357.8000,5359.0000,5360.0000,5361.6000,5364.6000,1,1,1,1,1,2,1,3,5,2
SF,IC2007,2020-06-01 09:34:13.900,5357.4000,6850,0,406529760.000,0,-,-,-,-,5354.6000,5354.4000,5353.4000,5352.6000,5352.4000,5357.2000,5357.8000,5359.0000,5360.0000,5361.6000,1,1,1,1,1,1,2,1,3,5
SF,IC2007,2020-06-01 09:34:14.400,5357.4000,6850,0,406529760.000,0,-,-,-,-,5354.6000,5354.4000,5353.4000,5352.6000,5352.4000,5357.2000,5357.8000,5359.0000,5360.0000,5361.6000,1,1,1,1,1,1,2,1,3,5
SF,IC2007,2020-06-01 09:34:14.900,5357.4000,6850,0,406529760.000,0,-,-,-,-,5355.0000,5354.6000,5354.4000,5353.4000,5352.6000,5357.2000,5357.8000,5359.0000,5360.0000,5361.6000,1,1,1,1,1,1,2,1,3,5
SF,IC2007,2020-06-01 09:34:15.400,5357.4000,6850,0,406529760.000,0,-,-,-,-,5354.6000,5354.4000,5354.0000,5353.4000,5352.6000,5357.2000,5357.8000,5359.0000,5360.0000,5361.6000,1,1,1,1,1,1,2,1,3,5
SF,IC2007,2020-06-01 09:34:15.900,5357.4000,6850,0,406529760.000,0,-,-,-,-,5354.6000,5354.0000,5352.6000,5352.4000,5352.2000,5357.2000,5357.8000,5359.0000,5360.0000,5361.6000,1,1,1,1,1,1,2,1,3,5
SF,IC2007,2020-06-01 09:34:16.400,5357.4000,6850,0,406529760.000,0,-,-,-,-,5354.0000,5352.6000,5352.4000,5352.2000,5351.8000,5357.2000,5357.8000,5359.0000,5360.0000,5361.6000,1,1,1,1,2,1,2,1,3,5
SF,IC2007,2020-06-01 09:34:17.900,5357.4000,6850,0,406529760.000,0,-,-,-,-,5354.0000,5352.6000,5352.4000,5352.2000,5351.8000,5357.2000,5357.8000,5359.0000,5360.0000,5361.6000,1,1,1,1,2,2,2,1,3,5
SF,IC2007,2020-06-01 09:34:18.400,5357.4000,6850,0,406529760.000,0,-,-,-,-,5354.0000,5352.2000,5351.8000,5351.6000,5350.6000,5356.6000,5356.8000,5357.2000,5357.8000,5359.0000,1,1,2,1,1,2,2,2,2,1
SF,IC2007,2020-06-01 09:34:18.900,5354.0000,6851,1,407600560.000,1,1,0,双开,S,5350.6000,5341.8000,5340.0000,5330.8000,5323.8000,5356.0000,5356.4000,5356.6000,5356.8000,5357.2000,1,5,2,1,1,1,1,2,1,1
SF,IC2007,2020-06-01 09:34:19.400,5354.0000,6851,0,407600560.000,0,-,-,-,-,5351.2000,5351.0000,5350.8000,5350.6000,5341.8000,5356.4000,5356.6000,5356.8000,5357.2000,5357.8000,3,2,6,2,5,1,1,1,1,2
SF,IC2007,2020-06-01 09:34:19.900,5354.0000,6851,0,407600560.000,0,-,-,-,-,5351.6000,5351.2000,5351.0000,5350.8000,5350.6000,5355.0000,5355.8000,5356.0000,5356.4000,5356.8000,2,3,1,5,2,1,1,1,3,1
SF,IC2007,2020-06-01 09:34:20.400,5354.0000,6851,0,407600560.000,0,-,-,-,-,5352.2000,5351.8000,5351.6000,5351.2000,5351.0000,5356.4000,5357.2000,5357.8000,5358.8000,5359.0000,1,1,2,3,1,1,1,2,1,1
SF,IC2007,2020-06-01 09:34:20.900,5354.0000,6851,0,407600560.000,0,-,-,-,-,5352.4000,5351.6000,5351.2000,5351.0000,5350.8000,5356.0000,5356.2000,5356.4000,5357.2000,5357.8000,1,2,2,1,5,1,1,1,1,2
SF,IC2007,2020-06-01 09:34:21.400,5354.0000,6851,0,407600560.000,0,-,-,-,-,5352.8000,5352.4000,5352.2000,5351.2000,5351.0000,5356.0000,5356.2000,5356.4000,5357.2000,5357.8000,1,1,1,2,1,1,1,1,1,2
SF,IC2007,2020-06-01 09:34:21.900,5354.0000,6851,0,407600560.000,0,-,-,-,-,5353.2000,5353.0000,5352.8000,5352.2000,5351.2000,5356.0000,5356.4000,5357.2000,5357.8000,5358.8000,1,1,1,1,2,1,1,1,2,1
SF,IC2007,2020-06-01 09:34:22.400,5354.0000,6851,0,407600560.000,0,-,-,-,-,5353.4000,5351.2000,5351.0000,5350.8000,5350.6000,5355.8000,5356.0000,5357.2000,5357.8000,5358.8000,1,2,1,4,2,1,1,1,1,1
SF,IC2007,2020-06-01 09:34:22.900,5354.0000,6851,0,407600560.000,0,-,-,-,-,5353.8000,5353.4000,5351.2000,5351.0000,5350.8000,5356.0000,5357.2000,5357.8000,5358.8000,5359.0000,2,1,2,1,4,3,1,1,1,1
SF,IC2007,2020-06-01 09:34:23.400,5354.0000,6851,0,407600560.000,0,-,-,-,-,5353.4000,5351.2000,5351.0000,5350.8000,5350.6000,5355.4000,5355.6000,5355.8000,5356.0000,5357.2000,1,2,1,4,2,1,1,1,3,1
SF,IC2007,2020-06-01 09:34:23.900,5354.0000,6851,0,407600560.000,0,-,-,-,-,5351.2000,5351.0000,5350.8000,5350.6000,5341.8000,5356.0000,5357.2000,5357.8000,5358.8000,5359.0000,2,1,3,2,5,1,1,1,1,1
SF,IC2007,2020-06-01 09:34:24.400,5354.0000,6851,0,407600560.000,0,-,-,-,-,5351.6000,5351.4000,5351.2000,5351.0000,5350.8000,5355.0000,5355.2000,5355.4000,5355.6000,5356.0000,2,2,1,1,3,1,1,1,1,2
SF,IC2007,2020-06-01 09:34:24.900,5354.0000,6851,0,407600560.000,0,-,-,-,-,5351.8000,5350.6000,5341.8000,5340.0000,5330.8000,5355.0000,5355.2000,5355.4000,5356.0000,5357.2000,1,1,5,2,1,1,1,1,2,1
SF,IC2007,2020-06-01 09:34:25.400,5354.0000,6851,0,407600560.000,0,-,-,-,-,5351.8000,5350.6000,5341.8000,5340.0000,5330.8000,5355.0000,5355.2000,5355.4000,5356.0000,5357.2000,1,1,5,2,1,1,1,1,2,1
SF,IC2007,2020-06-01 09:34:25.900,5354.0000,6851,0,407600560.000,0,-,-,-,-,5352.2000,5351.8000,5350.8000,5350.6000,5341.8000,5356.0000,5357.2000,5357.8000,5358.8000,5359.0000,2,1,1,1,5,1,1,1,1,1
SF,IC2007,2020-06-01 09:34:26.400,5354.0000,6851,0,407600560.000,0,-,-,-,-,5352.4000,5350.6000,5341.8000,5340.0000,5330.8000,5355.2000,5355.4000,5355.6000,5355.8000,5356.0000,1,1,5,2,1,1,1,1,1,2
SF,IC2007,2020-06-01 09:34:26.900,5354.0000,6851,0,407600560.000,0,-,-,-,-,5352.4000,5350.6000,5341.8000,5340.0000,5330.8000,5355.2000,5355.4000,5355.6000,5355.8000,5356.0000,1,1,5,2,1,1,1,1,1,2
SF,IC2007,2020-06-01 09:34:27.400,5354.0000,6851,0,407600560.000,0,-,-,-,-,5352.4000,5350.6000,5341.8000,5340.0000,5330.8000,5354.6000,5354.8000,5355.0000,5355.2000,5355.8000,1,1,5,2,1,1,1,4,1,1
SF,IC2007,2020-06-01 09:34:27.900,5354.0000,6851,0,407600560.000,0,-,-,-,-,5352.4000,5350.6000,5341.8000,5340.0000,5330.8000,5353.6000,5354.0000,5354.4000,5355.0000,5355.2000,1,1,5,2,1,1,2,1,4,1
SF,IC2007,2020-06-01 09:34:28.400,5352.4000,6851,0,408671040.000,1,0,1,多换,S,5350.6000,5341.8000,5340.0000,5330.8000,5323.8000,5353.6000,5354.0000,5354.4000,5355.0000,5355.2000,1,5,2,1,1,1,2,1,4,1
SF,IC2007,2020-06-01 09:34:28.900,5352.4000,6851,0,408671040.000,0,-,-,-,-,5351.2000,5350.6000,5341.8000,5340.0000,5330.8000,5353.4000,5355.2000,5355.8000,5356.0000,5357.2000,2,1,5,2,1,1,1,1,1,1
SF,IC2007,2020-06-01 09:34:29.400,5352.4000,6851,0,408671040.000,0,-,-,-,-,5351.6000,5351.2000,5350.6000,5341.8000,5340.0000,5353.4000,5353.6000,5355.8000,5357.2000,5357.8000,1,2,1,5,2,1,1,1,1,1
