市场代码,合约代码,时间,最新,持仓,增仓,成交额,成交量,开仓,平仓,成交类型,方向,买一价,买二价,买三价,买四价,买五价,卖一价,卖二价,卖三价,卖四价,卖五价,买一量,买二量,买三量,买四量,买五量,卖一量,卖二量,卖三量,卖四量,卖五量
SF,IC2002,2020-01-07 09:29:00.000,5435.2000,4709,0,2174080.000,2.000,-,-,-,-,5435.0000,5425.2000,5423.6000,5422.8000,5418.2000,5437.4000,5444.4000,5445.8000,5449.2000,5453.0000,1,1,3,1,1,1,1,1,2,1
SF,IC2002,2020-01-07 09:30:00.500,5435.0000,4708,-1,4348080.000,2,0,2,多平,S,5425.2000,5422.8000,5418.2000,5416.2000,5411.8000,5434.8000,5435.0000,5437.0000,5437.4000,5444.4000,1,1,1,1,1,1,1,7,1,1
SF,IC2002,2020-01-07 09:30:01.000,5435.0000,4708,0,4348080.000,0,-,-,-,-,5429.6000,5428.8000,5426.4000,5426.2000,5425.6000,5434.6000,5434.8000,5437.4000,5444.4000,5445.8000,1,2,1,1,7,1,1,1,1,1
SF,IC2002,2020-01-07 09:30:01.500,5429.8000,4707,-1,5434040.000,1,0,1,双平,S,5429.6000,5428.8000,5426.4000,5425.6000,5425.4000,5434.6000,5434.8000,5437.4000,5444.4000,5445.8000,1,2,1,7,2,1,1,1,1,1
SF,IC2002,2020-01-07 09:30:02.000,5429.8000,4707,0,5434040.000,0,-,-,-,-,5430.6000,5430.0000,5429.8000,5429.6000,5428.8000,5434.2000,5434.4000,5434.6000,5434.8000,5437.4000,1,1,1,1,2,1,1,1,1,1
SF,IC2002,2020-01-07 09:30:02.500,5429.6000,4707,0,6519960.000,1,0,1,多换,S,5428.8000,5425.6000,5425.4000,5425.2000,5423.0000,5434.0000,5434.2000,5434.6000,5434.8000,5437.4000,2,7,2,1,5,5,1,1,1,1
SF,IC2002,2020-01-07 09:30:03.000,5429.6000,4707,0,7605880.000,1,0,1,多换,S,5430.0000,5429.0000,5428.8000,5425.6000,5425.4000,5433.6000,5434.0000,5434.2000,5434.6000,5434.8000,1,2,2,7,2,1,2,1,1,1
SF,IC2002,2020-01-07 09:30:03.500,5429.6000,4707,0,7605880.000,0,-,-,-,-,5430.2000,5430.0000,5429.0000,5428.8000,5425.6000,5433.6000,5434.0000,5434.2000,5434.6000,5434.8000,2,1,1,2,7,1,1,1,1,1
SF,IC2002,2020-01-07 09:30:04.000,5433.4000,4706,-1,8692560.000,1,0,1,双平,S,5430.2000,5430.0000,5429.0000,5428.8000,5425.6000,5434.2000,5434.8000,5440.4000,5444.4000,5445.8000,2,1,1,1,7,1,1,5,1,1
SF,IC2002,2020-01-07 09:30:04.500,5433.4000,4706,0,8692560.000,0,-,-,-,-,5430.2000,5430.0000,5429.0000,5428.8000,5425.6000,5434.0000,5434.2000,5434.8000,5440.4000,5444.4000,1,1,1,1,7,2,1,1,5,1
SF,IC2002,2020-01-07 09:30:05.000,5434.0000,4705,-1,9779360.000,1,0,1,双平,S,5430.4000,5430.2000,5430.0000,5429.0000,5428.8000,5433.6000,5434.2000,5434.8000,5440.4000,5444.4000,3,1,1,1,1,1,1,1,5,1
SF,IC2002,2020-01-07 09:30:05.500,5434.0000,4705,0,9779360.000,0,-,-,-,-,5430.4000,5430.2000,5430.0000,5429.0000,5428.8000,5434.2000,5434.8000,5440.4000,5444.4000,5445.8000,2,1,1,1,1,1,1,5,1,1
SF,IC2002,2020-01-07 09:30:06.000,5434.0000,4705,0,9779360.000,0,-,-,-,-,5430.6000,5430.4000,5430.2000,5430.0000,5429.0000,5434.2000,5434.8000,5440.4000,5444.4000,5445.8000,1,2,1,1,1,1,1,5,1,1
SF,IC2002,2020-01-07 09:30:06.500,5434.0000,4705,0,9779360.000,0,-,-,-,-,5430.8000,5430.6000,5430.4000,5430.2000,5430.0000,5434.2000,5434.8000,5440.4000,5444.4000,5445.8000,1,2,2,1,1,1,1,5,1,1
SF,IC2002,2020-01-07 09:30:07.000,5434.0000,4705,0,9779360.000,0,-,-,-,-,5431.0000,5430.8000,5430.4000,5430.2000,5430.0000,5434.2000,5434.8000,5440.4000,5444.4000,5445.8000,1,1,2,1,1,1,1,5,1,1
SF,IC2002,2020-01-07 09:30:07.500,5434.0000,4705,0,9779360.000,0,-,-,-,-,5431.0000,5430.8000,5430.4000,5430.2000,5430.0000,5434.8000,5440.4000,5444.4000,5445.8000,5449.2000,1,1,2,1,1,1,5,1,1,2
SF,IC2002,2020-01-07 09:30:08.000,5434.0000,4705,0,9779360.000,0,-,-,-,-,5431.2000,5431.0000,5430.8000,5430.4000,5430.0000,5434.8000,5440.4000,5444.4000,5445.8000,5449.2000,2,1,1,2,1,1,5,1,1,2
SF,IC2002,2020-01-07 09:30:08.500,5434.8000,4705,0,10866320.000,1,0,1,多换,S,5431.2000,5430.8000,5430.4000,5430.0000,5429.0000,5440.4000,5444.4000,5445.8000,5449.2000,5454.6000,2,1,2,1,1,5,1,1,2,1
SF,IC2002,2020-01-07 09:30:09.000,5434.8000,4705,0,10866320.000,0,-,-,-,-,5431.2000,5430.8000,5430.4000,5430.0000,5429.0000,5438.8000,5439.0000,5440.0000,5440.2000,5440.4000,3,1,2,1,1,1,1,2,9,6
SF,IC2002,2020-01-07 09:30:09.500,5434.8000,4705,0,10866320.000,0,-,-,-,-,5431.2000,5430.8000,5430.4000,5430.0000,5428.8000,5438.4000,5438.6000,5439.0000,5440.0000,5440.2000,3,1,2,1,1,1,4,1,2,8
SF,IC2002,2020-01-07 09:30:10.000,5434.8000,4705,0,10866320.000,0,-,-,-,-,5431.4000,5431.2000,5430.8000,5430.4000,5430.0000,5438.2000,5438.4000,5438.6000,5439.0000,5440.0000,1,3,1,2,1,4,1,3,1,2
SF,IC2002,2020-01-07 09:30:10.500,5434.8000,4705,0,10866320.000,0,-,-,-,-,5431.6000,5431.4000,5431.2000,5430.8000,5430.4000,5437.8000,5438.2000,5438.4000,5438.6000,5439.0000,3,1,2,1,2,1,4,1,3,1
SF,IC2002,2020-01-07 09:30:11.000,5434.8000,4705,0,10866320.000,0,-,-,-,-,5431.8000,5431.6000,5431.2000,5430.8000,5430.4000,5437.6000,5437.8000,5438.2000,5438.4000,5438.6000,1,3,2,1,2,4,1,3,1,3
SF,IC2002,2020-01-07 09:30:11.500,5434.8000,4705,0,10866320.000,0,-,-,-,-,5432.0000,5431.8000,5431.6000,5431.2000,5430.8000,5437.2000,5437.6000,5437.8000,5438.2000,5438.4000,7,1,2,2,1,1,4,1,3,1
SF,IC2002,2020-01-07 09:30:12.000,5434.8000,4705,0,10866320.000,0,-,-,-,-,5432.0000,5431.8000,5431.6000,5431.2000,5430.8000,5437.2000,5437.6000,5437.8000,5438.2000,5438.4000,7,1,2,2,1,1,3,1,3,1
SF,IC2002,2020-01-07 09:30:12.500,5434.8000,4705,0,10866320.000,0,-,-,-,-,5432.6000,5432.2000,5432.0000,5431.6000,5431.2000,5437.0000,5437.2000,5437.6000,5437.8000,5438.2000,1,1,7,2,2,1,2,3,1,3
SF,IC2002,2020-01-07 09:30:13.000,5432.8000,4704,-1,11952880.000,1,0,1,双平,S,5432.8000,5432.6000,5432.2000,5432.0000,5431.6000,5436.6000,5437.2000,5437.8000,5438.2000,5438.6000,4,1,1,6,2,1,1,1,3,3
SF,IC2002,2020-01-07 09:30:13.500,5436.6000,4703,-1,13040200.000,1,0,1,双平,S,5434.0000,5433.0000,5432.8000,5432.6000,5432.0000,5436.6000,5437.2000,5437.8000,5438.2000,5439.0000,1,2,4,1,6,1,1,1,3,1
SF,IC2002,2020-01-07 09:30:14.000,5436.6000,4703,0,14127520.000,1,0,1,多换,S,5434.0000,5433.0000,5432.8000,5432.0000,5430.0000,5437.2000,5437.8000,5438.2000,5439.0000,5440.4000,1,2,3,5,1,1,1,3,1,1
SF,IC2002,2020-01-07 09:30:14.500,5436.6000,4703,0,14127520.000,0,-,-,-,-,5435.2000,5434.6000,5434.2000,5434.0000,5433.0000,5437.2000,5437.8000,5438.2000,5439.0000,5440.4000,1,2,3,1,2,2,1,3,1,1
SF,IC2002,2020-01-07 09:30:15.000,5436.6000,4703,0,14127520.000,0,-,-,-,-,5435.4000,5435.2000,5434.6000,5434.2000,5434.0000,5437.2000,5437.8000,5438.2000,5439.0000,5440.4000,1,1,2,2,1,2,1,3,1,1
SF,IC2002,2020-01-07 09:30:15.500,5436.6000,4703,0,14127520.000,0,-,-,-,-,5435.4000,5435.2000,5434.6000,5434.2000,5434.0000,5437.2000,5437.8000,5438.2000,5439.0000,5440.4000,1,1,2,2,1,2,1,3,1,1
SF,IC2002,2020-01-07 09:30:16.000,5437.2000,4702,-1,15214960.000,1,0,1,双平,S,5435.4000,5435.2000,5434.6000,5434.2000,5434.0000,5437.2000,5437.8000,5438.2000,5439.0000,5440.4000,1,1,2,2,1,1,1,3,1,1
SF,IC2002,2020-01-07 09:30:16.500,5437.2000,4702,0,15214960.000,0,-,-,-,-,5435.6000,5435.4000,5435.2000,5434.6000,5434.2000,5437.2000,5437.8000,5438.2000,5439.0000,5440.4000,1,1,1,2,2,1,1,3,1,1
SF,IC2002,2020-01-07 09:30:17.000,5437.2000,4702,0,15214960.000,0,-,-,-,-,5435.6000,5435.2000,5434.6000,5434.2000,5434.0000,5437.2000,5437.8000,5438.2000,5439.0000,5440.4000,1,1,2,2,1,1,1,3,1,1
SF,IC2002,2020-01-07 09:30:17.500,5437.2000,4702,0,15214960.000,0,-,-,-,-,5435.8000,5435.6000,5435.2000,5434.6000,5434.0000,5437.2000,5437.8000,5438.2000,5439.0000,5440.4000,1,1,1,2,1,1,1,3,1,1
SF,IC2002,2020-01-07 09:30:18.000,5437.2000,4702,0,15214960.000,0,-,-,-,-,5435.8000,5435.6000,5435.2000,5434.6000,5434.0000,5437.2000,5437.8000,5438.2000,5439.0000,5440.4000,1,1,1,2,1,1,1,3,1,1
SF,IC2002,2020-01-07 09:30:19.000,5437.2000,4702,0,16302400.000,1,0,1,多换,S,5437.2000,5435.8000,5435.6000,5435.2000,5434.6000,5437.8000,5439.0000,5444.4000,5445.8000,5446.2000,1,1,1,1,2,1,1,1,1,5
SF,IC2002,2020-01-07 09:30:19.500,5435.6000,4701,-1,19564520.000,3,1,2,多平,S,5437.4000,5435.2000,5434.6000,5434.0000,5433.0000,5439.0000,5444.4000,5445.8000,5446.2000,5449.2000,1,1,2,1,1,1,1,1,5,2
SF,IC2002,2020-01-07 09:30:20.000,5435.6000,4701,0,19564520.000,0,-,-,-,-,5437.4000,5437.2000,5435.2000,5434.6000,5434.0000,5438.8000,5439.0000,5444.4000,5445.8000,5446.2000,1,10,1,2,1,3,1,1,1,5
SF,IC2002,2020-01-07 09:30:20.500,5438.8000,4700,-1,20652280.000,1,0,1,双平,S,5437.4000,5437.2000,5436.4000,5434.6000,5434.0000,5439.0000,5444.4000,5445.8000,5446.2000,5449.2000,1,10,1,2,1,1,1,1,5,2
SF,IC2002,2020-01-07 09:30:21.000,5438.8000,4700,0,20652280.000,0,-,-,-,-,5437.4000,5437.2000,5436.4000,5434.6000,5434.0000,5439.0000,5444.4000,5445.8000,5446.2000,5449.2000,1,10,1,2,1,1,1,1,5,2
SF,IC2002,2020-01-07 09:30:21.500,5438.8000,4700,0,20652280.000,0,-,-,-,-,5437.4000,5437.2000,5434.6000,5434.0000,5433.0000,5439.0000,5444.4000,5445.8000,5446.2000,5449.2000,1,10,2,1,1,1,1,1,5,2
SF,IC2002,2020-01-07 09:30:22.000,5438.8000,4700,0,20652280.000,0,-,-,-,-,5437.6000,5437.4000,5437.2000,5434.6000,5434.0000,5439.0000,5444.4000,5445.8000,5446.2000,5449.2000,1,2,10,2,1,1,1,1,5,2
SF,IC2002,2020-01-07 09:30:22.500,5439.0000,4699,-1,21740080.000,1,0,1,双平,S,5437.6000,5437.2000,5434.6000,5434.0000,5433.0000,5444.4000,5445.8000,5446.2000,5449.2000,5454.6000,1,10,2,1,1,1,1,5,2,1
SF,IC2002,2020-01-07 09:30:23.000,5439.0000,4699,0,21740080.000,0,-,-,-,-,5437.8000,5437.6000,5437.2000,5434.6000,5434.0000,5444.2000,5444.4000,5445.8000,5446.2000,5449.2000,1,1,10,2,1,2,1,1,5,2
SF,IC2002,2020-01-07 09:30:23.500,5439.0000,4699,0,21740080.000,0,-,-,-,-,5437.8000,5437.6000,5437.2000,5434.6000,5434.0000,5444.2000,5444.4000,5445.8000,5446.2000,5449.2000,1,1,10,7,1,2,1,1,5,2
SF,IC2002,2020-01-07 09:30:24.000,5439.0000,4699,0,21740080.000,0,-,-,-,-,5438.0000,5437.8000,5437.6000,5437.2000,5434.6000,5444.2000,5444.4000,5446.2000,5449.2000,5454.6000,1,1,1,10,7,2,1,5,2,1
SF,IC2002,2020-01-07 09:30:24.500,5444.2000,4699,0,23917760.000,2,1,1,多换,S,5444.2000,5439.2000,5438.4000,5438.0000,5437.4000,5444.4000,5446.2000,5449.2000,5454.6000,5466.0000,1,1,1,1,1,1,5,2,1,2
SF,IC2002,2020-01-07 09:30:25.000,5444.2000,4699,0,25006600.000,1,0,1,多换,S,5439.2000,5438.4000,5437.4000,5437.2000,5434.6000,5444.2000,5444.4000,5449.2000,5452.0000,5454.6000,1,1,1,10,7,3,1,2,5,1
SF,IC2002,2020-01-07 09:30:25.500,5444.2000,4699,0,25006600.000,0,-,-,-,-,5439.4000,5439.2000,5438.4000,5437.4000,5437.2000,5444.2000,5444.4000,5449.2000,5452.0000,5454.6000,1,1,1,1,10,2,1,2,5,1
SF,IC2002,2020-01-07 09:30:26.000,5444.2000,4699,0,25006600.000,0,-,-,-,-,5440.4000,5439.4000,5439.2000,5438.4000,5437.4000,5444.2000,5444.4000,5449.2000,5452.0000,5454.6000,1,1,1,1,1,3,1,2,5,1
SF,IC2002,2020-01-07 09:30:26.500,5444.2000,4699,0,26095440.000,1,0,1,多换,S,5440.4000,5438.4000,5437.4000,5437.2000,5434.6000,5444.2000,5444.4000,5449.2000,5452.0000,5454.6000,2,1,1,10,6,3,1,2,5,1
SF,IC2002,2020-01-07 09:30:27.000,5444.2000,4699,0,26095440.000,0,-,-,-,-,5440.4000,5438.4000,5437.4000,5437.2000,5434.6000,5444.2000,5444.4000,5449.2000,5452.0000,5454.6000,2,1,1,10,6,2,1,2,5,1
SF,IC2002,2020-01-07 09:30:27.500,5444.2000,4699,0,26095440.000,0,-,-,-,-,5440.6000,5440.4000,5438.4000,5437.4000,5434.6000,5444.2000,5444.4000,5449.2000,5452.0000,5454.6000,1,2,1,1,6,2,1,2,5,1
SF,IC2002,2020-01-07 09:30:28.000,5440.8000,4699,0,27183600.000,1,0,1,多换,S,5440.6000,5440.4000,5438.4000,5437.4000,5434.6000,5444.2000,5444.4000,5449.2000,5452.0000,5454.6000,1,1,2,1,6,1,1,2,5,1
SF,IC2002,2020-01-07 09:30:28.500,5444.2000,4698,-1,28272440.000,1,0,1,双平,S,5440.8000,5440.6000,5440.4000,5438.4000,5437.4000,5444.4000,5452.0000,5454.6000,5455.4000,5466.0000,1,1,1,2,1,1,5,1,2,2
SF,IC2002,2020-01-07 09:30:29.000,5444.2000,4698,0,28272440.000,0,-,-,-,-,5440.8000,5440.4000,5438.4000,5437.4000,5434.6000,5444.2000,5444.4000,5452.0000,5454.6000,5455.4000,1,1,2,1,5,1,1,5,1,2
SF,IC2002,2020-01-07 09:30:29.500,5444.2000,4698,0,28272440.000,0,-,-,-,-,5440.8000,5440.4000,5438.4000,5437.4000,5434.6000,5444.0000,5444.2000,5444.4000,5452.0000,5454.6000,1,1,2,1,5,1,1,1,5,1
SF,IC2002,2020-01-07 09:30:30.000,5444.0000,4697,-1,29361240.000,1,0,1,双平,S,5440.4000,5438.4000,5437.4000,5434.6000,5425.2000,5443.8000,5444.0000,5444.2000,5444.4000,5452.0000,1,2,1,5,1,1,1,1,1,5
SF,IC2002,2020-01-07 09:30:30.500,5444.0000,4697,0,29361240.000,0,-,-,-,-,5440.6000,5440.4000,5438.4000,5437.4000,5434.6000,5443.2000,5443.6000,5443.8000,5444.0000,5444.4000,1,1,2,1,5,1,1,1,1,1
SF,IC2002,2020-01-07 09:30:31.000,5444.0000,4697,0,29361240.000,0,-,-,-,-,5440.8000,5440.6000,5440.4000,5438.4000,5437.4000,5443.2000,5444.4000,5452.0000,5454.6000,5455.4000,2,1,1,2,1,1,1,5,1,2
SF,IC2002,2020-01-07 09:30:31.500,5443.2000,4696,-1,30449880.000,1,0,1,双平,S,5440.8000,5440.4000,5438.4000,5437.4000,5434.6000,5444.4000,5452.0000,5454.6000,5455.4000,5466.0000,1,1,2,1,5,1,5,1,2,2
SF,IC2002,2020-01-07 09:30:32.000,5444.4000,4695,-1,32627600.000,2,0,2,多平,S,5445.8000,5444.2000,5441.0000,5440.4000,5438.4000,5452.0000,5454.6000,5455.4000,5466.0000,5483.0000,4,1,1,1,2,5,1,2,2,1
SF,IC2002,2020-01-07 09:30:32.500,5445.8000,4695,0,36984240.000,4,2,2,多换,S,5444.4000,5444.2000,5440.4000,5438.4000,5437.4000,5447.2000,5447.4000,5450.0000,5451.6000,5451.8000,1,1,1,2,1,1,1,3,7,1
SF,IC2002,2020-01-07 09:30:33.000,5444.6000,4694,-1,38073160.000,1,0,1,双平,S,5444.2000,5440.4000,5438.4000,5437.4000,5434.6000,5450.0000,5451.6000,5451.8000,5452.0000,5454.6000,1,1,2,1,5,1,7,1,6,1
SF,IC2002,2020-01-07 09:30:33.500,5444.2000,4693,-1,39162000.000,1,0,1,双平,S,5440.6000,5440.4000,5438.4000,5437.4000,5434.6000,5450.0000,5451.6000,5451.8000,5452.0000,5454.6000,1,1,2,1,5,1,7,1,6,1
SF,IC2002,2020-01-07 09:30:34.000,5444.2000,4693,0,39162000.000,0,-,-,-,-,5447.2000,5441.2000,5440.8000,5440.6000,5440.4000,5447.4000,5449.8000,5450.0000,5451.6000,5451.8000,2,1,4,1,1,1,2,1,7,1
SF,IC2002,2020-01-07 09:30:34.500,5447.2000,4691,-2,41340880.000,2,0,2,双平,S,5445.8000,5441.2000,5440.8000,5440.6000,5440.4000,5447.4000,5449.8000,5450.0000,5451.6000,5451.8000,5,1,3,1,1,2,1,1,7,1
SF,IC2002,2020-01-07 09:30:35.000,5450.0000,4689,-2,43520360.000,2,0,2,双平,S,5446.0000,5445.8000,5441.2000,5440.8000,5440.6000,5451.6000,5451.8000,5452.0000,5454.6000,5455.4000,1,5,1,3,1,6,1,6,1,2
SF,IC2002,2020-01-07 09:30:35.500,5450.0000,4689,0,43520360.000,0,-,-,-,-,5446.6000,5446.2000,5445.8000,5441.2000,5440.8000,5451.4000,5451.6000,5451.8000,5452.0000,5454.6000,1,2,5,1,3,1,2,1,6,1
SF,IC2002,2020-01-07 09:30:36.000,5450.0000,4689,0,43520360.000,0,-,-,-,-,5446.6000,5446.2000,5445.8000,5441.2000,5440.8000,5451.2000,5451.4000,5451.6000,5451.8000,5452.0000,1,2,10,1,3,6,1,2,1,6
SF,IC2002,2020-01-07 09:30:36.500,5450.0000,4689,0,43520360.000,0,-,-,-,-,5446.6000,5446.2000,5445.8000,5441.2000,5440.8000,5451.0000,5451.6000,5451.8000,5452.0000,5454.6000,1,1,10,1,3,1,2,1,6,1
SF,IC2002,2020-01-07 09:30:37.000,5450.0000,4689,0,43520360.000,0,-,-,-,-,5446.6000,5445.8000,5441.2000,5440.8000,5440.6000,5450.8000,5451.0000,5451.6000,5451.8000,5452.0000,1,10,1,3,1,1,2,2,1,6
SF,IC2002,2020-01-07 09:30:37.500,5450.0000,4689,0,43520360.000,0,-,-,-,-,5446.6000,5445.8000,5441.2000,5440.8000,5440.6000,5450.4000,5450.6000,5450.8000,5451.0000,5451.6000,1,10,1,3,1,2,1,1,1,2
SF,IC2002,2020-01-07 09:30:38.000,5450.2000,4687,-2,45700440.000,2,0,2,双平,S,5446.6000,5445.8000,5441.2000,5440.8000,5440.6000,5450.2000,5450.4000,5450.8000,5451.0000,5451.6000,1,10,1,3,1,2,2,1,1,2
SF,IC2002,2020-01-07 09:30:38.500,5450.2000,4686,-1,46790480.000,1,0,1,双平,S,5445.8000,5441.2000,5440.8000,5440.6000,5440.4000,5450.2000,5450.4000,5451.6000,5451.8000,5452.0000,10,1,3,1,1,2,2,2,1,6
SF,IC2002,2020-01-07 09:30:39.000,5450.2000,4684,-2,48970560.000,2,0,2,双平,S,5445.8000,5441.2000,5440.8000,5440.6000,5440.4000,5450.4000,5451.6000,5451.8000,5452.0000,5454.6000,11,1,3,1,1,2,2,1,6,1
SF,IC2002,2020-01-07 09:30:39.500,5450.2000,4685,1,51150640.000,2,1,1,空开,S,5446.2000,5446.0000,5445.8000,5441.2000,5440.8000,5450.4000,5451.6000,5451.8000,5452.0000,5454.6000,1,1,11,1,3,2,2,1,6,1
SF,IC2002,2020-01-07 09:30:40.000,5450.2000,4684,-1,52240680.000,1,0,1,双平,S,5450.2000,5446.4000,5446.2000,5446.0000,5445.8000,5450.4000,5451.6000,5451.8000,5452.0000,5454.6000,1,1,1,1,15,2,2,1,6,1
SF,IC2002,2020-01-07 09:30:40.500,5450.2000,4683,-1,53330720.000,1,0,1,双平,S,5446.4000,5446.2000,5445.8000,5440.8000,5440.6000,5450.4000,5451.6000,5451.8000,5452.0000,5454.6000,1,1,15,3,1,2,2,1,6,1
SF,IC2002,2020-01-07 09:30:41.000,5450.2000,4683,0,53330720.000,0,-,-,-,-,5446.6000,5446.4000,5446.2000,5445.8000,5440.8000,5450.4000,5451.6000,5451.8000,5452.0000,5454.6000,1,1,1,15,3,2,2,1,6,1
SF,IC2002,2020-01-07 09:30:41.500,5450.2000,4683,0,53330720.000,0,-,-,-,-,5446.8000,5446.6000,5446.2000,5445.8000,5440.8000,5450.4000,5451.6000,5451.8000,5452.0000,5454.6000,1,1,1,20,3,2,2,2,6,1
SF,IC2002,2020-01-07 09:30:43.000,5450.2000,4683,0,53330720.000,0,-,-,-,-,5447.2000,5447.0000,5446.8000,5446.2000,5445.8000,5450.4000,5451.6000,5451.8000,5452.0000,5454.6000,1,2,1,1,25,2,2,2,6,1
SF,IC2002,2020-01-07 09:30:43.500,5450.2000,4683,0,53330720.000,0,-,-,-,-,5447.0000,5446.8000,5446.2000,5445.8000,5440.8000,5449.8000,5450.4000,5451.6000,5451.8000,5452.0000,1,1,1,25,3,1,2,2,1,6
SF,IC2002,2020-01-07 09:30:44.000,5450.2000,4683,0,53330720.000,0,-,-,-,-,5447.0000,5446.8000,5446.2000,5445.8000,5440.8000,5449.8000,5450.4000,5451.6000,5451.8000,5452.0000,1,1,1,25,3,2,1,2,1,6
SF,IC2002,2020-01-07 09:30:44.500,5447.0000,4682,-1,54420120.000,1,0,1,双平,S,5446.2000,5445.8000,5440.8000,5440.6000,5438.4000,5449.6000,5449.8000,5451.6000,5451.8000,5452.0000,1,25,3,1,1,1,2,2,1,6
SF,IC2002,2020-01-07 09:30:45.000,5447.0000,4682,0,54420120.000,0,-,-,-,-,5446.8000,5446.4000,5446.2000,5445.8000,5440.8000,5449.6000,5449.8000,5450.2000,5451.6000,5451.8000,1,1,1,25,3,1,2,1,2,1
SF,IC2002,2020-01-07 09:30:45.500,5447.0000,4682,0,54420120.000,0,-,-,-,-,5446.8000,5446.4000,5445.8000,5440.8000,5440.6000,5449.6000,5449.8000,5450.2000,5451.6000,5451.8000,1,1,25,3,1,1,2,1,2,1
SF,IC2002,2020-01-07 09:30:46.000,5447.0000,4682,0,54420120.000,0,-,-,-,-,5447.0000,5446.8000,5445.8000,5440.8000,5440.6000,5449.6000,5449.8000,5450.2000,5451.6000,5451.8000,2,1,25,3,1,1,2,1,2,1
SF,IC2002,2020-01-07 09:30:46.500,5449.6000,4681,-1,55510040.000,1,0,1,双平,S,5447.0000,5446.8000,5445.8000,5440.8000,5440.6000,5449.8000,5450.2000,5451.6000,5451.8000,5452.0000,2,1,25,3,1,1,1,2,1,6
SF,IC2002,2020-01-07 09:30:47.000,5449.8000,4681,0,56600000.000,1,0,1,多换,S,5447.2000,5447.0000,5446.8000,5445.8000,5440.8000,5450.2000,5451.6000,5451.8000,5452.0000,5454.6000,1,1,1,25,3,1,2,1,6,1
SF,IC2002,2020-01-07 09:30:47.500,5449.8000,4681,0,56600000.000,0,-,-,-,-,5447.4000,5447.2000,5446.8000,5445.8000,5440.8000,5449.2000,5451.6000,5451.8000,5452.0000,5454.6000,2,1,1,25,3,1,2,1,6,1
SF,IC2002,2020-01-07 09:30:48.000,5449.2000,4681,0,57689840.000,1,0,1,多换,S,5447.4000,5447.2000,5446.8000,5445.8000,5440.8000,5451.6000,5452.0000,5454.6000,5466.0000,5468.8000,1,1,1,30,3,2,6,1,2,2
SF,IC2002,2020-01-07 09:30:48.500,5449.2000,4681,0,57689840.000,0,-,-,-,-,5447.6000,5447.4000,5447.2000,5446.8000,5445.8000,5451.6000,5452.0000,5454.6000,5457.8000,5466.0000,1,1,1,1,30,2,1,1,5,2
SF,IC2002,2020-01-07 09:30:49.000,5449.2000,4681,0,57689840.000,0,-,-,-,-,5447.8000,5447.6000,5447.4000,5446.8000,5445.8000,5451.4000,5451.6000,5452.0000,5454.6000,5457.8000,1,1,1,1,30,1,2,1,1,5
SF,IC2002,2020-01-07 09:30:49.500,5449.2000,4681,0,57689840.000,0,-,-,-,-,5448.2000,5448.0000,5447.8000,5446.8000,5445.8000,5451.4000,5452.0000,5454.6000,5457.8000,5466.0000,1,2,1,1,35,1,1,1,5,2
SF,IC2002,2020-01-07 09:30:50.000,5449.2000,4681,0,57689840.000,0,-,-,-,-,5448.0000,5446.8000,5445.8000,5440.8000,5440.0000,5451.6000,5452.0000,5454.6000,5457.8000,5466.0000,2,1,35,3,1,1,1,1,5,2
SF,IC2002,2020-01-07 09:30:50.500,5449.2000,4681,0,57689840.000,0,-,-,-,-,5448.2000,5448.0000,5446.8000,5445.8000,5440.8000,5451.6000,5452.0000,5454.6000,5457.8000,5466.0000,1,1,1,35,3,2,1,1,5,2
SF,IC2002,2020-01-07 09:30:51.000,5449.2000,4681,0,57689840.000,0,-,-,-,-,5448.4000,5448.2000,5446.8000,5445.8000,5440.8000,5451.4000,5451.6000,5452.0000,5454.6000,5457.8000,1,1,1,35,3,1,2,1,1,5
SF,IC2002,2020-01-07 09:30:51.500,5449.2000,4681,0,57689840.000,0,-,-,-,-,5448.6000,5448.4000,5448.2000,5446.8000,5445.8000,5451.4000,5451.6000,5452.0000,5454.6000,5457.8000,2,1,1,1,35,1,1,1,1,5
SF,IC2002,2020-01-07 09:30:52.000,5449.2000,4681,0,57689840.000,0,-,-,-,-,5448.8000,5448.6000,5446.8000,5445.8000,5440.8000,5451.4000,5451.6000,5452.0000,5454.6000,5457.8000,1,1,1,35,3,1,2,1,1,5
SF,IC2002,2020-01-07 09:30:52.500,5449.2000,4681,0,57689840.000,0,-,-,-,-,5449.0000,5448.8000,5446.8000,5445.8000,5440.8000,5451.4000,5451.6000,5452.0000,5454.6000,5457.8000,1,1,1,35,3,1,2,1,1,5
SF,IC2002,2020-01-07 09:30:53.000,5449.2000,4681,0,57689840.000,0,-,-,-,-,5449.2000,5448.8000,5446.8000,5445.8000,5440.8000,5451.4000,5451.6000,5452.0000,5454.6000,5457.8000,1,1,1,40,3,1,2,1,1,5
SF,IC2002,2020-01-07 09:30:53.500,5449.2000,4681,0,57689840.000,0,-,-,-,-,5449.4000,5449.2000,5446.8000,5445.8000,5440.8000,5451.4000,5451.6000,5452.0000,5454.6000,5456.4000,1,1,1,40,3,1,2,1,1,1
SF,IC2002,2020-01-07 09:30:54.000,5449.2000,4681,0,57689840.000,0,-,-,-,-,5449.6000,5449.4000,5449.2000,5446.8000,5445.8000,5451.4000,5451.6000,5452.0000,5454.6000,5456.4000,1,1,1,1,40,1,1,1,1,1
SF,IC2002,2020-01-07 09:30:54.500,5449.6000,4675,-6,64229240.000,6,0,6,双平,S,5446.8000,5445.8000,5440.8000,5440.0000,5438.4000,5449.6000,5451.0000,5451.2000,5451.4000,5451.6000,1,40,3,1,1,1,6,1,1,2
SF,IC2002,2020-01-07 09:30:55.000,5449.6000,4675,0,64229240.000,0,-,-,-,-,5446.8000,5445.8000,5440.8000,5440.0000,5438.4000,5451.0000,5451.2000,5451.4000,5451.6000,5452.0000,1,40,3,1,1,6,1,1,2,1
SF,IC2002,2020-01-07 09:30:55.500,5449.6000,4675,0,64229240.000,0,-,-,-,-,5446.8000,5445.8000,5440.8000,5440.0000,5438.4000,5450.8000,5451.0000,5451.4000,5451.6000,5452.0000,1,35,3,1,1,2,6,1,2,1
SF,IC2002,2020-01-07 09:30:56.000,5449.6000,4675,0,64229240.000,0,-,-,-,-,5447.0000,5446.8000,5445.8000,5440.8000,5440.0000,5450.2000,5450.8000,5451.4000,5451.6000,5452.0000,1,1,35,3,1,1,1,1,2,1
SF,IC2002,2020-01-07 09:30:56.500,5449.6000,4675,0,64229240.000,0,-,-,-,-,5447.2000,5447.0000,5446.8000,5445.8000,5440.8000,5450.0000,5450.2000,5451.6000,5452.0000,5454.6000,1,1,1,35,3,1,1,2,1,1
SF,IC2002,2020-01-07 09:30:57.000,5449.6000,4676,1,65319160.000,1,1,0,双开,S,5447.4000,5447.2000,5446.8000,5445.8000,5440.8000,5450.0000,5451.6000,5452.0000,5454.6000,5456.4000,2,1,1,35,3,1,2,1,1,1
SF,IC2002,2020-01-07 09:30:57.500,5449.6000,4676,0,65319160.000,0,-,-,-,-,5447.6000,5447.4000,5446.8000,5445.8000,5440.8000,5450.0000,5451.6000,5452.0000,5454.6000,5456.4000,1,2,1,35,3,1,2,1,1,1
SF,IC2002,2020-01-07 09:30:58.000,5450.0000,4675,-1,66409160.000,1,0,1,双平,S,5447.6000,5446.8000,5445.8000,5440.8000,5440.0000,5451.6000,5452.0000,5454.6000,5456.4000,5457.8000,1,1,35,3,1,2,1,1,1,5
SF,IC2002,2020-01-07 09:30:58.500,5450.0000,4675,0,66409160.000,0,-,-,-,-,5447.8000,5446.8000,5445.8000,5440.8000,5440.0000,5450.0000,5451.4000,5451.6000,5452.0000,5454.6000,2,1,35,3,1,1,1,2,1,1
SF,IC2002,2020-01-07 09:30:59.000,5450.0000,4675,0,66409160.000,0,-,-,-,-,5448.6000,5447.8000,5446.8000,5445.8000,5440.8000,5450.0000,5451.4000,5451.6000,5452.0000,5454.6000,1,1,1,35,3,1,1,2,1,1
SF,IC2002,2020-01-07 09:31:00.000,5448.6000,4674,-1,67498880.000,1,0,1,双平,S,5447.8000,5446.8000,5445.8000,5440.8000,5440.0000,5450.0000,5451.4000,5451.6000,5452.0000,5454.6000,1,1,35,3,1,1,1,2,2,1
SF,IC2002,2020-01-07 09:31:00.500,5448.6000,4674,0,67498880.000,0,-,-,-,-,5447.8000,5446.8000,5445.8000,5440.8000,5440.0000,5449.8000,5450.0000,5451.4000,5451.6000,5452.0000,1,1,35,3,1,1,1,1,2,2
SF,IC2002,2020-01-07 09:31:01.000,5448.6000,4674,0,67498880.000,0,-,-,-,-,5447.8000,5446.8000,5445.8000,5440.8000,5440.0000,5449.8000,5450.0000,5451.6000,5452.0000,5454.6000,1,1,35,3,1,1,1,2,2,1
SF,IC2002,2020-01-07 09:31:01.500,5448.6000,4674,0,67498880.000,0,-,-,-,-,5448.0000,5447.8000,5446.8000,5445.8000,5440.8000,5449.8000,5450.0000,5451.6000,5452.0000,5454.6000,1,1,1,35,3,1,1,2,1,1
SF,IC2002,2020-01-07 09:31:02.000,5448.6000,4674,0,67498880.000,0,-,-,-,-,5448.2000,5448.0000,5445.8000,5440.8000,5440.0000,5450.0000,5451.6000,5452.0000,5454.6000,5456.4000,2,1,35,3,1,1,2,1,1,1
SF,IC2002,2020-01-07 09:31:03.000,5448.6000,4674,0,67498880.000,0,-,-,-,-,5448.2000,5448.0000,5445.8000,5440.8000,5440.0000,5450.0000,5451.6000,5452.0000,5454.6000,5456.4000,1,1,35,3,1,1,2,1,1,1
SF,IC2002,2020-01-07 09:31:03.500,5449.8000,4673,-1,68588840.000,1,0,1,双平,S,5448.0000,5445.8000,5440.8000,5440.0000,5438.4000,5450.0000,5451.6000,5452.0000,5454.6000,5456.4000,1,35,3,1,1,1,2,1,1,1
SF,IC2002,2020-01-07 09:31:04.000,5449.8000,4673,0,68588840.000,0,-,-,-,-,5448.0000,5445.8000,5440.8000,5440.0000,5438.4000,5450.0000,5451.6000,5451.8000,5452.0000,5454.6000,1,35,3,1,1,1,2,1,1,1
SF,IC2002,2020-01-07 09:31:04.500,5449.8000,4673,0,68588840.000,0,-,-,-,-,5448.2000,5448.0000,5445.8000,5440.8000,5440.0000,5449.2000,5450.0000,5451.6000,5451.8000,5452.0000,1,1,35,3,1,1,1,2,1,1
SF,IC2002,2020-01-07 09:31:05.000,5449.8000,4673,0,68588840.000,0,-,-,-,-,5448.2000,5448.0000,5445.8000,5440.8000,5440.0000,5449.2000,5450.0000,5451.6000,5451.8000,5452.0000,1,1,35,3,1,1,1,2,1,1
SF,IC2002,2020-01-07 09:31:05.500,5449.8000,4673,0,68588840.000,0,-,-,-,-,5448.2000,5448.0000,5445.8000,5440.8000,5440.0000,5449.2000,5450.0000,5451.6000,5452.0000,5454.6000,1,1,35,3,1,1,1,2,1,1
SF,IC2002,2020-01-07 09:31:06.000,5449.8000,4673,0,68588840.000,0,-,-,-,-,5445.8000,5440.8000,5440.0000,5438.4000,5434.6000,5449.2000,5449.8000,5450.0000,5451.6000,5452.0000,35,3,1,1,5,1,1,1,2,1
SF,IC2002,2020-01-07 09:31:06.500,5449.8000,4673,0,68588840.000,0,-,-,-,-,5446.2000,5446.0000,5445.8000,5440.8000,5440.0000,5449.2000,5449.8000,5450.0000,5450.6000,5451.6000,1,3,35,3,1,1,1,1,1,2
SF,IC2002,2020-01-07 09:31:07.000,5449.8000,4673,0,68588840.000,0,-,-,-,-,5446.4000,5446.0000,5445.8000,5440.8000,5440.0000,5449.2000,5449.8000,5450.0000,5450.6000,5451.6000,1,1,35,3,1,1,1,1,1,2
SF,IC2002,2020-01-07 09:31:07.500,5446.6000,4673,0,69678160.000,1,0,1,多换,S,5446.6000,5446.4000,5446.0000,5445.8000,5440.8000,5448.4000,5449.2000,5449.8000,5450.0000,5450.6000,1,2,1,35,3,1,1,1,1,1
SF,IC2002,2020-01-07 09:31:08.000,5446.6000,4673,0,69678160.000,0,-,-,-,-,5446.8000,5446.6000,5445.8000,5440.8000,5440.0000,5448.4000,5450.0000,5450.6000,5451.6000,5452.0000,1,1,35,3,1,1,1,1,2,1
SF,IC2002,2020-01-07 09:31:08.500,5446.6000,4673,0,69678160.000,0,-,-,-,-,5446.8000,5446.6000,5445.8000,5440.8000,5440.0000,5448.0000,5448.4000,5450.0000,5450.6000,5451.6000,1,1,35,3,1,1,1,2,1,2
SF,IC2002,2020-01-07 09:31:09.000,5448.0000,4672,-1,70767760.000,1,0,1,双平,S,5447.0000,5445.8000,5440.8000,5440.0000,5438.4000,5448.4000,5450.0000,5450.6000,5451.6000,5452.0000,1,35,3,1,1,1,2,1,2,1
SF,IC2002,2020-01-07 09:31:09.500,5448.0000,4672,0,70767760.000,0,-,-,-,-,5447.0000,5445.8000,5440.8000,5440.0000,5438.4000,5448.0000,5448.4000,5450.0000,5450.6000,5451.6000,1,35,3,1,1,1,1,2,1,2
SF,IC2002,2020-01-07 09:31:10.500,5448.0000,4672,0,70767760.000,0,-,-,-,-,5447.0000,5445.8000,5440.8000,5440.0000,5438.4000,5448.4000,5450.0000,5450.6000,5451.6000,5452.0000,1,35,3,1,1,1,2,1,2,1
SF,IC2002,2020-01-07 09:31:11.000,5447.0000,4671,-1,71857160.000,1,0,1,双平,S,5445.8000,5440.8000,5440.0000,5438.4000,5434.6000,5448.4000,5450.0000,5450.6000,5451.6000,5452.0000,35,3,1,1,5,1,2,1,2,1
SF,IC2002,2020-01-07 09:31:11.500,5447.0000,4671,0,71857160.000,0,-,-,-,-,5446.0000,5445.8000,5440.8000,5440.0000,5438.4000,5448.4000,5450.0000,5450.6000,5451.6000,5452.0000,2,35,3,1,1,1,2,1,2,1
SF,IC2002,2020-01-07 09:31:12.000,5447.0000,4671,0,71857160.000,0,-,-,-,-,5446.0000,5445.8000,5440.8000,5440.0000,5438.4000,5448.4000,5450.0000,5450.6000,5451.6000,5452.0000,3,35,3,1,1,1,2,1,2,1
SF,IC2002,2020-01-07 09:31:12.500,5447.0000,4671,0,71857160.000,0,-,-,-,-,5446.0000,5445.8000,5440.8000,5440.0000,5438.4000,5448.4000,5450.0000,5450.6000,5451.6000,5452.0000,3,35,3,1,1,1,1,1,2,1
SF,IC2002,2020-01-07 09:31:13.000,5452.0000,4674,3,78398000.000,6,4,2,空开,S,5447.4000,5446.2000,5446.0000,5445.8000,5440.8000,5454.6000,5456.4000,5457.8000,5466.0000,5468.0000,1,2,3,35,3,1,1,5,2,1
SF,IC2002,2020-01-07 09:31:13.500,5452.0000,4674,0,78398000.000,0,-,-,-,-,5447.6000,5447.4000,5446.2000,5446.0000,5445.8000,5452.0000,5454.2000,5454.4000,5454.6000,5456.4000,1,1,2,2,35,1,7,2,1,1
SF,IC2002,2020-01-07 09:31:14.000,5452.0000,4674,0,78398000.000,0,-,-,-,-,5447.8000,5447.6000,5447.4000,5446.2000,5446.0000,5452.0000,5454.2000,5454.4000,5454.6000,5456.4000,1,1,1,2,1,1,6,2,1,1
SF,IC2002,2020-01-07 09:31:14.500,5452.0000,4674,0,78398000.000,0,-,-,-,-,5448.0000,5447.8000,5447.6000,5447.4000,5446.2000,5454.4000,5454.6000,5456.4000,5457.8000,5466.0000,2,1,1,1,2,1,1,1,5,2
SF,IC2002,2020-01-07 09:31:15.000,5457.8000,4677,3,83854160.000,5,4,1,空开,S,5448.2000,5448.0000,5447.6000,5447.4000,5446.2000,5457.8000,5466.0000,5468.0000,5468.8000,5483.0000,1,2,1,1,2,3,2,1,2,1
SF,IC2002,2020-01-07 09:31:15.500,5457.8000,4677,0,83854160.000,0,-,-,-,-,5450.0000,5448.8000,5448.2000,5448.0000,5447.6000,5454.2000,5457.4000,5457.6000,5457.8000,5466.0000,1,1,1,1,1,1,7,1,5,2
SF,IC2002,2020-01-07 09:31:16.000,5457.8000,4677,0,83854160.000,0,-,-,-,-,5450.2000,5450.0000,5448.8000,5448.0000,5447.6000,5454.2000,5455.8000,5457.4000,5457.8000,5466.0000,2,1,1,1,1,1,1,7,4,2
SF,IC2002,2020-01-07 09:31:16.500,5457.8000,4677,0,90402000.000,6,3,3,多换,S,5452.0000,5451.6000,5450.2000,5450.0000,5448.0000,5463.6000,5466.0000,5468.0000,5483.0000,5495.0000,1,2,2,1,1,5,2,1,1,1
SF,IC2002,2020-01-07 09:31:17.000,5457.8000,4677,0,90402000.000,0,-,-,-,-,5454.2000,5452.2000,5452.0000,5451.6000,5450.2000,5458.4000,5463.0000,5463.2000,5463.4000,5463.6000,1,1,1,2,2,1,2,7,2,6
SF,IC2002,2020-01-07 09:31:17.500,5458.0000,4675,-2,93675280.000,3,0,3,多平,S,5452.2000,5452.0000,5451.6000,5450.2000,5450.0000,5458.0000,5460.8000,5462.8000,5463.0000,5463.6000,1,1,2,1,1,6,1,1,2,6
SF,IC2002,2020-01-07 09:31:18.000,5458.0000,4675,0,93675280.000,0,-,-,-,-,5452.6000,5452.4000,5452.2000,5452.0000,5451.6000,5457.8000,5460.6000,5460.8000,5463.0000,5463.6000,1,2,1,1,2,1,1,1,2,6
SF,IC2002,2020-01-07 09:31:18.500,5458.0000,4679,4,99133280.000,5,4,1,空开,S,5454.2000,5452.4000,5452.2000,5452.0000,5451.6000,5457.6000,5457.8000,5458.0000,5460.6000,5460.8000,1,1,1,1,2,1,1,1,1,1
SF,IC2002,2020-01-07 09:31:19.000,5458.0000,4679,0,99133280.000,0,-,-,-,-,5454.2000,5452.4000,5452.2000,5452.0000,5451.6000,5457.4000,5457.6000,5457.8000,5458.0000,5460.6000,1,1,1,1,2,2,1,1,1,1
SF,IC2002,2020-01-07 09:31:19.500,5458.0000,4679,0,99133280.000,0,-,-,-,-,5454.4000,5452.2000,5452.0000,5451.6000,5450.0000,5457.4000,5457.6000,5458.0000,5460.8000,5463.6000,1,1,1,2,1,1,1,2,1,6
SF,IC2002,2020-01-07 09:31:20.000,5454.4000,4679,0,101315080.000,2,1,1,多换,S,5454.0000,5452.2000,5452.0000,5451.6000,5450.0000,5457.6000,5460.8000,5463.6000,5466.0000,5468.0000,1,1,1,2,1,1,1,6,2,1
SF,IC2002,2020-01-07 09:31:20.500,5454.4000,4679,0,101315080.000,0,-,-,-,-,5454.2000,5454.0000,5452.2000,5452.0000,5451.6000,5455.8000,5457.6000,5460.8000,5463.6000,5466.0000,1,1,1,1,2,1,1,1,6,2
SF,IC2002,2020-01-07 09:31:21.000,5455.8000,4678,-1,102406240.000,1,0,1,双平,S,5454.2000,5454.0000,5452.2000,5452.0000,5451.6000,5460.0000,5460.4000,5460.6000,5460.8000,5463.6000,2,1,1,1,2,1,1,1,1,6
SF,IC2002,2020-01-07 09:31:21.500,5455.8000,4678,0,102406240.000,0,-,-,-,-,5454.2000,5454.0000,5452.0000,5451.6000,5450.0000,5457.8000,5459.2000,5459.6000,5459.8000,5460.0000,1,1,1,2,1,1,2,1,3,1
SF,IC2002,2020-01-07 09:31:22.000,5455.8000,4678,0,102406240.000,0,-,-,-,-,5454.4000,5454.2000,5454.0000,5452.0000,5451.6000,5459.6000,5459.8000,5460.0000,5460.4000,5460.6000,2,1,1,1,2,1,2,1,2,1
SF,IC2002,2020-01-07 09:31:22.500,5455.8000,4678,0,102406240.000,0,-,-,-,-,5454.4000,5454.2000,5454.0000,5452.0000,5451.6000,5459.4000,5459.8000,5460.4000,5460.6000,5460.8000,2,1,1,1,2,2,2,2,1,1
SF,IC2002,2020-01-07 09:31:23.000,5455.8000,4678,0,102406240.000,0,-,-,-,-,5454.6000,5454.4000,5454.0000,5452.0000,5451.6000,5459.4000,5459.8000,5460.4000,5460.6000,5460.8000,7,2,1,1,2,2,2,1,1,1
SF,IC2002,2020-01-07 09:31:23.500,5455.8000,4678,0,102406240.000,0,-,-,-,-,5455.0000,5454.8000,5454.6000,5452.0000,5451.6000,5459.4000,5459.8000,5460.4000,5460.6000,5460.8000,2,2,7,1,2,1,1,1,1,1
SF,IC2002,2020-01-07 09:31:24.000,5455.8000,4678,0,102406240.000,0,-,-,-,-,5455.6000,5455.4000,5455.2000,5455.0000,5454.8000,5459.4000,5459.8000,5460.4000,5460.6000,5460.8000,1,1,1,2,1,1,1,2,1,1
SF,IC2002,2020-01-07 09:31:24.500,5455.8000,4678,0,102406240.000,0,-,-,-,-,5455.8000,5455.6000,5455.4000,5455.2000,5455.0000,5459.4000,5460.4000,5460.6000,5460.8000,5461.0000,1,1,1,1,1,1,2,1,1,1
SF,IC2002,2020-01-07 09:31:25.000,5455.8000,4678,0,102406240.000,0,-,-,-,-,5456.0000,5455.8000,5455.6000,5455.4000,5455.0000,5460.4000,5460.8000,5461.0000,5462.2000,5463.6000,1,3,1,1,1,2,1,1,1,6
SF,IC2002,2020-01-07 09:31:25.500,5456.0000,4677,-1,106770920.000,4,1,3,多平,S,5445.8000,5440.8000,5440.4000,5440.0000,5425.2000,5456.0000,5459.0000,5460.0000,5460.2000,5462.2000,35,3,5,1,1,1,2,2,1,1
SF,IC2002,2020-01-07 09:31:26.000,5456.0000,4677,0,107862120.000,1,0,1,多换,S,5455.8000,5455.0000,5452.0000,5451.6000,5449.0000,5460.2000,5462.2000,5463.6000,5466.0000,5468.0000,1,1,2,1,1,1,1,6,2,1
SF,IC2002,2020-01-07 09:31:26.500,5456.0000,4677,0,107862120.000,0,-,-,-,-,5452.0000,5451.6000,5446.2000,5446.0000,5445.8000,5459.8000,5462.2000,5463.6000,5466.0000,5468.0000,2,1,8,1,35,2,1,6,2,1
SF,IC2002,2020-01-07 09:31:27.000,5456.0000,4677,0,107862120.000,0,-,-,-,-,5452.4000,5452.2000,5452.0000,5451.6000,5446.2000,5459.4000,5459.8000,5462.2000,5463.6000,5466.0000,6,1,2,1,2,1,1,1,6,2
SF,IC2002,2020-01-07 09:31:27.500,5456.0000,4677,0,107862120.000,0,-,-,-,-,5452.6000,5452.4000,5452.0000,5451.6000,5446.2000,5459.0000,5459.2000,5459.4000,5462.2000,5463.6000,1,6,2,1,2,1,1,1,1,6
SF,IC2002,2020-01-07 09:31:28.000,5456.0000,4677,0,107862120.000,0,-,-,-,-,5454.0000,5453.0000,5452.6000,5452.0000,5451.6000,5458.6000,5458.8000,5459.0000,5459.4000,5461.2000,1,7,1,2,1,1,1,1,1,1
SF,IC2002,2020-01-07 09:31:28.500,5456.0000,4677,0,107862120.000,0,-,-,-,-,5454.2000,5454.0000,5453.0000,5452.0000,5451.6000,5458.6000,5458.8000,5459.4000,5461.2000,5462.2000,1,1,7,2,1,1,1,1,1,1
SF,IC2002,2020-01-07 09:31:29.000,5456.0000,4677,0,107862120.000,0,-,-,-,-,5454.4000,5454.2000,5454.0000,5453.0000,5452.0000,5458.2000,5458.4000,5459.4000,5461.0000,5461.2000,1,1,1,7,2,1,1,1,1,1
SF,IC2002,2020-01-07 09:31:29.500,5456.0000,4677,0,107862120.000,0,-,-,-,-,5454.6000,5454.4000,5454.0000,5453.0000,5452.0000,5458.2000,5459.4000,5461.0000,5461.2000,5462.2000,1,1,1,7,2,1,1,1,1,1
SF,IC2002,2020-01-07 09:31:30.000,5456.0000,4677,0,107862120.000,0,-,-,-,-,5454.8000,5454.6000,5454.4000,5454.0000,5453.0000,5458.2000,5459.4000,5461.0000,5461.2000,5461.8000,1,1,1,1,6,1,1,1,1,1
SF,IC2002,2020-01-07 09:31:30.500,5456.0000,4677,0,107862120.000,0,-,-,-,-,5454.8000,5454.6000,5454.4000,5454.0000,5453.0000,5458.2000,5459.4000,5461.0000,5461.2000,5461.8000,1,1,1,1,6,2,1,1,1,1
SF,IC2002,2020-01-07 09:31:31.000,5456.0000,4677,0,107862120.000,0,-,-,-,-,5454.8000,5454.0000,5453.0000,5452.0000,5451.6000,5458.2000,5459.4000,5461.0000,5461.2000,5461.8000,1,1,6,2,1,2,1,1,1,1
SF,IC2002,2020-01-07 09:31:31.500,5456.0000,4677,0,107862120.000,0,-,-,-,-,5454.8000,5454.0000,5453.0000,5452.0000,5451.6000,5458.0000,5458.2000,5459.4000,5461.0000,5461.2000,1,1,6,2,1,1,2,1,1,1
SF,IC2002,2020-01-07 09:31:32.000,5456.0000,4677,0,107862120.000,0,-,-,-,-,5454.0000,5453.0000,5452.0000,5451.6000,5450.4000,5458.0000,5458.2000,5459.4000,5461.0000,5461.2000,1,6,2,1,1,1,2,1,1,1
SF,IC2002,2020-01-07 09:31:32.500,5456.0000,4677,0,107862120.000,0,-,-,-,-,5455.2000,5454.0000,5453.0000,5452.0000,5451.6000,5458.0000,5458.2000,5459.4000,5461.0000,5461.2000,1,1,6,2,1,1,2,1,1,1
SF,IC2002,2020-01-07 09:31:33.000,5456.0000,4677,0,107862120.000,0,-,-,-,-,5454.0000,5453.0000,5452.0000,5451.6000,5450.4000,5457.8000,5458.0000,5458.2000,5459.4000,5461.0000,1,6,2,1,1,1,1,1,1,1
SF,IC2002,2020-01-07 09:31:33.500,5456.0000,4677,0,107862120.000,0,-,-,-,-,5454.0000,5452.0000,5451.6000,5450.4000,5446.2000,5457.6000,5457.8000,5458.0000,5459.4000,5461.0000,1,2,1,1,2,2,1,1,1,1
SF,IC2002,2020-01-07 09:31:34.000,5456.0000,4677,0,107862120.000,0,-,-,-,-,5452.0000,5451.6000,5450.4000,5446.2000,5446.0000,5457.4000,5457.6000,5458.0000,5459.4000,5461.0000,2,1,2,2,1,1,2,1,1,1
SF,IC2002,2020-01-07 09:31:34.500,5456.0000,4677,0,107862120.000,0,-,-,-,-,5452.4000,5452.2000,5452.0000,5451.6000,5450.4000,5456.0000,5457.2000,5457.4000,5457.6000,5458.0000,6,1,2,1,2,1,1,1,1,1
SF,IC2002,2020-01-07 09:31:35.000,5456.0000,4677,0,107862120.000,0,-,-,-,-,5452.0000,5451.6000,5450.4000,5446.2000,5446.0000,5455.8000,5456.0000,5457.2000,5457.6000,5458.0000,2,1,1,1,1,1,1,1,1,1
SF,IC2002,2020-01-07 09:31:35.500,5456.0000,4677,0,107862120.000,0,-,-,-,-,5450.4000,5446.0000,5445.8000,5440.8000,5440.4000,5454.0000,5455.4000,5455.8000,5456.0000,5457.2000,1,1,35,3,5,1,1,1,1,1
SF,IC2002,2020-01-07 09:31:36.000,5456.0000,4677,0,107862120.000,0,-,-,-,-,5450.6000,5450.4000,5446.0000,5445.8000,5440.8000,5453.8000,5454.0000,5457.0000,5457.2000,5457.6000,1,1,1,35,3,1,1,1,1,1
SF,IC2002,2020-01-07 09:31:36.500,5453.8000,4676,-1,108952880.000,1,0,1,双平,S,5450.4000,5446.0000,5445.8000,5440.8000,5440.4000,5453.8000,5454.0000,5457.0000,5457.2000,5457.6000,1,1,35,3,5,1,1,1,1,1
SF,IC2002,2020-01-07 09:31:37.000,5453.8000,4676,0,108952880.000,0,-,-,-,-,5450.6000,5446.0000,5445.8000,5444.8000,5440.8000,5454.0000,5457.0000,5457.2000,5459.4000,5461.0000,2,1,35,1,3,1,1,1,1,1
SF,IC2002,2020-01-07 09:31:37.500,5453.8000,4676,0,108952880.000,0,-,-,-,-,5450.6000,5446.0000,5445.8000,5444.8000,5440.8000,5453.4000,5454.0000,5457.0000,5457.2000,5457.6000,2,1,35,1,3,1,1,2,1,1
SF,IC2002,2020-01-07 09:31:38.000,5453.8000,4676,0,108952880.000,0,-,-,-,-,5450.6000,5446.0000,5445.8000,5444.8000,5440.8000,5453.4000,5454.0000,5456.4000,5457.0000,5457.6000,2,1,35,1,3,1,1,1,2,1
SF,IC2002,2020-01-07 09:31:38.500,5453.8000,4676,0,108952880.000,0,-,-,-,-,5451.6000,5450.6000,5446.0000,5445.8000,5444.8000,5453.4000,5454.0000,5456.4000,5457.0000,5457.6000,1,1,1,35,1,1,1,1,2,1
SF,IC2002,2020-01-07 09:31:39.000,5453.8000,4676,0,108952880.000,0,-,-,-,-,5451.8000,5451.6000,5446.0000,5445.8000,5444.8000,5456.4000,5457.0000,5457.6000,5459.4000,5461.0000,2,1,1,35,1,1,2,1,1,1
SF,IC2002,2020-01-07 09:31:39.500,5453.8000,4676,0,108952880.000,0,-,-,-,-,5452.0000,5451.8000,5451.6000,5446.0000,5445.8000,5456.0000,5456.2000,5456.4000,5457.0000,5457.6000,1,1,1,1,35,1,1,1,2,1
SF,IC2002,2020-01-07 09:31:40.000,5453.8000,4676,0,108952880.000,0,-,-,-,-,5452.2000,5452.0000,5451.8000,5451.6000,5447.8000,5455.8000,5457.6000,5459.4000,5461.0000,5463.6000,1,2,1,1,1,1,1,1,1,5
SF,IC2002,2020-01-07 09:31:40.500,5453.8000,4676,0,108952880.000,0,-,-,-,-,5452.2000,5451.6000,5447.8000,5446.0000,5445.8000,5455.8000,5458.0000,5459.4000,5461.0000,5463.6000,1,1,1,1,35,1,1,1,1,5
SF,IC2002,2020-01-07 09:31:41.000,5455.8000,4676,0,110044040.000,1,0,1,多换,S,5455.8000,5452.2000,5451.6000,5446.0000,5445.8000,5457.8000,5458.0000,5459.4000,5459.6000,5461.0000,1,1,1,1,35,1,1,1,1,1
SF,IC2002,2020-01-07 09:31:41.500,5455.8000,4676,0,111135200.000,1,0,1,多换,S,5446.0000,5445.8000,5440.8000,5440.4000,5440.0000,5455.8000,5457.4000,5457.6000,5457.8000,5458.0000,1,35,3,5,2,1,1,2,1,1
SF,IC2002,2020-01-07 09:31:42.000,5455.8000,4676,0,111135200.000,0,-,-,-,-,5447.4000,5447.2000,5446.4000,5446.2000,5445.8000,5455.4000,5455.8000,5457.6000,5458.0000,5459.4000,1,2,7,3,35,2,2,1,1,1
SF,IC2002,2020-01-07 09:31:42.500,5455.8000,4676,0,111135200.000,0,-,-,-,-,5447.8000,5447.6000,5447.4000,5447.2000,5446.2000,5455.2000,5455.4000,5455.8000,5458.0000,5459.6000,6,1,1,1,2,3,2,1,1,1
SF,IC2002,2020-01-07 09:31:43.000,5449.2000,4676,0,112225040.000,1,0,1,多换,S,5449.8000,5448.0000,5447.8000,5447.4000,5447.2000,5454.8000,5455.2000,5455.8000,5457.0000,5458.0000,1,1,6,1,1,2,4,1,1,1
SF,IC2002,2020-01-07 09:31:43.500,5449.2000,4676,0,112225040.000,0,-,-,-,-,5450.0000,5449.8000,5447.8000,5447.4000,5447.2000,5454.6000,5454.8000,5455.0000,5455.2000,5455.8000,1,1,6,1,1,2,1,1,2,1
SF,IC2002,2020-01-07 09:31:44.000,5449.2000,4676,0,112225040.000,0,-,-,-,-,5450.0000,5449.8000,5447.8000,5447.4000,5447.2000,5454.2000,5454.6000,5455.0000,5455.2000,5455.8000,1,1,6,1,1,1,2,1,1,1
SF,IC2002,2020-01-07 09:31:44.500,5449.2000,4676,0,112225040.000,0,-,-,-,-,5450.2000,5450.0000,5449.8000,5447.8000,5447.4000,5454.4000,5455.0000,5455.2000,5455.8000,5456.0000,1,1,1,6,1,1,1,1,1,1
SF,IC2002,2020-01-07 09:31:45.000,5449.2000,4676,0,112225040.000,0,-,-,-,-,5450.4000,5450.2000,5450.0000,5449.8000,5447.8000,5454.4000,5455.0000,5455.2000,5455.8000,5456.0000,1,1,1,1,6,1,1,1,1,1
SF,IC2002,2020-01-07 09:31:45.500,5454.4000,4675,-1,113315920.000,1,0,1,双平,S,5450.2000,5450.0000,5449.8000,5447.8000,5447.4000,5454.0000,5455.0000,5455.2000,5455.8000,5456.0000,1,1,1,6,1,1,1,1,1,1
SF,IC2002,2020-01-07 09:31:46.000,5454.4000,4675,0,113315920.000,0,-,-,-,-,5452.0000,5451.6000,5450.6000,5450.4000,5450.2000,5453.4000,5455.2000,5455.8000,5456.2000,5459.6000,1,2,6,1,1,1,1,1,1,1
SF,IC2002,2020-01-07 09:31:46.500,5453.6000,4674,-1,114406640.000,1,0,1,双平,S,5452.0000,5450.6000,5450.4000,5450.0000,5449.8000,5455.8000,5456.2000,5457.2000,5459.6000,5461.0000,1,6,1,1,1,1,1,1,1,1
SF,IC2002,2020-01-07 09:31:47.000,5453.6000,4674,0,114406640.000,0,-,-,-,-,5452.0000,5450.6000,5450.0000,5449.8000,5445.8000,5455.6000,5455.8000,5457.2000,5457.8000,5459.6000,1,6,1,1,30,2,1,1,1,1
SF,IC2002,2020-01-07 09:31:47.500,5453.6000,4674,0,114406640.000,0,-,-,-,-,5452.4000,5452.2000,5450.6000,5450.0000,5449.8000,5455.6000,5457.2000,5457.6000,5457.8000,5458.0000,1,1,6,1,1,2,1,2,1,1
SF,IC2002,2020-01-07 09:31:48.000,5453.6000,4674,0,114406640.000,0,-,-,-,-,5452.6000,5452.4000,5450.0000,5449.8000,5445.8000,5455.6000,5457.2000,5457.6000,5457.8000,5458.0000,1,1,1,1,30,1,2,2,1,2
SF,IC2002,2020-01-07 09:31:48.500,5453.6000,4674,0,114406640.000,0,-,-,-,-,5452.6000,5452.4000,5450.0000,5449.8000,5445.8000,5455.6000,5457.2000,5457.4000,5457.6000,5457.8000,1,1,1,1,30,1,2,1,2,1
SF,IC2002,2020-01-07 09:31:49.000,5452.4000,4672,-2,116587640.000,2,0,2,双平,S,5452.8000,5450.0000,5449.8000,5445.8000,5445.4000,5455.2000,5455.4000,5457.2000,5457.4000,5457.6000,1,1,1,30,1,1,1,2,1,2
SF,IC2002,2020-01-07 09:31:49.500,5452.8000,4671,-1,117678200.000,1,0,1,双平,S,5450.0000,5449.8000,5445.8000,5445.4000,5440.8000,5455.0000,5455.2000,5455.4000,5457.2000,5457.4000,1,1,30,1,3,1,1,1,2,1
SF,IC2002,2020-01-07 09:31:50.000,5452.8000,4671,0,117678200.000,0,-,-,-,-,5449.8000,5445.8000,5445.4000,5440.8000,5440.4000,5454.6000,5454.8000,5455.0000,5457.2000,5457.4000,1,30,1,3,5,1,1,1,2,1
SF,IC2002,2020-01-07 09:31:50.500,5452.8000,4671,0,117678200.000,0,-,-,-,-,5450.0000,5449.8000,5445.8000,5445.4000,5440.8000,5451.8000,5454.4000,5454.6000,5454.8000,5457.2000,1,1,30,1,3,1,3,1,1,1
SF,IC2002,2020-01-07 09:31:51.000,5451.8000,4671,0,118768560.000,1,0,1,多换,S,5450.0000,5449.8000,5445.8000,5445.4000,5440.8000,5454.4000,5454.6000,5457.2000,5457.4000,5457.6000,1,1,30,1,3,2,1,1,1,1
SF,IC2002,2020-01-07 09:31:51.500,5451.8000,4671,0,118768560.000,0,-,-,-,-,5450.2000,5450.0000,5449.8000,5445.8000,5445.4000,5454.2000,5454.4000,5454.6000,5457.2000,5457.4000,1,2,1,30,1,1,1,1,1,1
SF,IC2002,2020-01-07 09:31:52.000,5451.8000,4671,0,118768560.000,0,-,-,-,-,5450.2000,5450.0000,5449.8000,5445.8000,5445.4000,5454.2000,5457.2000,5457.4000,5457.6000,5457.8000,1,2,1,25,1,1,1,1,1,1
SF,IC2002,2020-01-07 09:31:52.500,5451.8000,4671,0,118768560.000,0,-,-,-,-,5450.4000,5450.2000,5450.0000,5449.8000,5445.8000,5457.2000,5457.4000,5457.6000,5457.8000,5458.0000,1,1,1,1,25,1,1,1,1,2
SF,IC2002,2020-01-07 09:31:53.000,5451.8000,4671,0,118768560.000,0,-,-,-,-,5450.4000,5450.0000,5445.8000,5445.4000,5440.8000,5455.4000,5456.8000,5457.0000,5457.2000,5457.4000,1,1,25,1,3,1,1,4,1,1
SF,IC2002,2020-01-07 09:31:53.500,5451.8000,4671,0,118768560.000,0,-,-,-,-,5451.0000,5450.4000,5450.0000,5445.8000,5445.4000,5455.2000,5455.4000,5456.8000,5457.0000,5457.2000,1,1,1,20,1,2,1,1,1,1
SF,IC2002,2020-01-07 09:31:54.000,5451.8000,4671,0,118768560.000,0,-,-,-,-,5451.0000,5450.4000,5450.0000,5445.8000,5445.4000,5455.0000,5455.2000,5455.4000,5456.8000,5457.2000,2,1,1,20,1,1,2,1,1,1
SF,IC2002,2020-01-07 09:31:54.500,5451.8000,4671,0,118768560.000,0,-,-,-,-,5451.6000,5451.0000,5450.4000,5450.0000,5445.8000,5455.0000,5456.8000,5457.2000,5457.4000,5457.6000,1,2,1,1,15,1,1,1,1,1
SF,IC2002,2020-01-07 09:31:55.000,5451.8000,4671,0,118768560.000,0,-,-,-,-,5451.8000,5451.6000,5451.0000,5450.4000,5450.0000,5453.6000,5455.0000,5456.8000,5457.2000,5457.4000,1,1,1,1,1,1,1,1,1,1
SF,IC2002,2020-01-07 09:31:55.500,5453.6000,4671,0,119859280.000,1,0,1,多换,S,5451.8000,5451.6000,5451.0000,5450.0000,5445.8000,5456.8000,5457.2000,5457.6000,5458.0000,5459.0000,2,1,1,1,15,1,1,1,2,1
SF,IC2002,2020-01-07 09:31:56.000,5453.6000,4671,0,119859280.000,0,-,-,-,-,5452.0000,5451.8000,5451.6000,5451.0000,5450.0000,5455.8000,5456.6000,5456.8000,5457.2000,5457.6000,1,1,1,1,1,1,3,1,1,1
SF,IC2002,2020-01-07 09:31:56.500,5453.6000,4671,0,119859280.000,0,-,-,-,-,5452.0000,5451.8000,5451.6000,5450.0000,5445.8000,5455.8000,5456.6000,5456.8000,5457.2000,5457.6000,2,1,1,1,10,1,3,1,1,1
SF,IC2002,2020-01-07 09:31:57.000,5453.6000,4671,0,119859280.000,0,-,-,-,-,5452.4000,5452.2000,5452.0000,5451.6000,5450.0000,5455.6000,5455.8000,5456.8000,5457.2000,5457.6000,1,1,1,1,1,1,1,1,1,1
SF,IC2002,2020-01-07 09:31:57.500,5453.6000,4671,0,119859280.000,0,-,-,-,-,5452.4000,5452.2000,5452.0000,5451.6000,5450.0000,5455.4000,5455.6000,5456.8000,5457.2000,5457.6000,1,1,1,1,1,1,1,1,1,1
SF,IC2002,2020-01-07 09:31:58.000,5453.6000,4671,0,119859280.000,0,-,-,-,-,5452.4000,5452.2000,5451.6000,5450.0000,5445.8000,5455.4000,5455.6000,5456.8000,5457.2000,5457.6000,1,1,1,1,5,1,1,1,1,1
SF,IC2002,2020-01-07 09:31:58.500,5453.6000,4671,0,119859280.000,0,-,-,-,-,5452.2000,5451.6000,5450.0000,5445.8000,5445.4000,5455.2000,5455.4000,5455.6000,5456.8000,5457.6000,1,1,1,5,1,1,1,1,1,1
SF,IC2002,2020-01-07 09:31:59.000,5453.6000,4671,0,119859280.000,0,-,-,-,-,5452.2000,5451.6000,5450.0000,5445.8000,5445.4000,5455.6000,5457.6000,5458.0000,5459.0000,5459.6000,1,1,1,5,1,1,1,1,1,1
SF,IC2002,2020-01-07 09:31:59.500,5453.6000,4671,0,119859280.000,0,-,-,-,-,5452.2000,5450.0000,5445.8000,5445.4000,5440.8000,5453.8000,5455.4000,5455.6000,5457.6000,5458.0000,1,1,5,1,3,1,2,1,1,1
SF,IC2002,2020-01-07 09:32:00.000,5452.2000,4670,-1,120949720.000,1,0,1,双平,S,5450.0000,5445.8000,5445.4000,5440.8000,5440.4000,5455.4000,5455.6000,5457.6000,5458.0000,5459.0000,1,5,1,3,5,1,1,1,1,1
SF,IC2002,2020-01-07 09:32:00.500,5452.2000,4670,0,120949720.000,0,-,-,-,-,5450.4000,5450.2000,5450.0000,5445.8000,5445.4000,5455.2000,5455.4000,5457.6000,5458.0000,5459.0000,6,1,1,5,1,2,1,1,1,1
SF,IC2002,2020-01-07 09:32:01.000,5452.2000,4670,0,120949720.000,0,-,-,-,-,5450.4000,5450.2000,5450.0000,5445.8000,5445.4000,5455.0000,5455.2000,5455.4000,5457.6000,5458.0000,6,1,1,5,1,1,2,1,1,1
SF,IC2002,2020-01-07 09:32:01.500,5452.2000,4670,0,120949720.000,0,-,-,-,-,5450.6000,5450.4000,5450.0000,5445.8000,5445.4000,5454.8000,5455.0000,5455.4000,5457.6000,5458.0000,1,6,1,5,1,1,1,1,1,1
SF,IC2002,2020-01-07 09:32:02.000,5452.2000,4670,0,120949720.000,0,-,-,-,-,5450.6000,5450.4000,5450.0000,5445.4000,5440.8000,5454.6000,5454.8000,5455.0000,5455.4000,5457.6000,1,6,1,1,3,2,1,2,1,1
SF,IC2002,2020-01-07 09:32:02.500,5452.2000,4670,0,120949720.000,0,-,-,-,-,5450.0000,5445.4000,5440.8000,5440.4000,5440.0000,5454.4000,5454.6000,5455.0000,5455.4000,5457.6000,1,1,3,5,2,2,2,2,1,1
SF,IC2002,2020-01-07 09:32:03.000,5452.2000,4670,0,120949720.000,0,-,-,-,-,5450.0000,5445.4000,5440.8000,5440.4000,5440.0000,5454.2000,5454.4000,5454.6000,5455.0000,5455.4000,1,1,3,5,2,2,2,1,2,1
SF,IC2002,2020-01-07 09:32:03.500,5452.2000,4670,0,120949720.000,0,-,-,-,-,5450.0000,5445.4000,5440.8000,5440.4000,5440.0000,5453.8000,5454.0000,5454.2000,5454.6000,5455.0000,1,1,3,5,2,1,2,2,1,2
SF,IC2002,2020-01-07 09:32:04.000,5452.2000,4670,0,120949720.000,0,-,-,-,-,5440.8000,5440.4000,5440.0000,5425.2000,5424.0000,5453.6000,5453.8000,5454.2000,5454.6000,5455.0000,3,5,2,1,2,3,1,2,1,2
SF,IC2002,2020-01-07 09:32:04.500,5452.2000,4670,0,120949720.000,0,-,-,-,-,5447.4000,5447.2000,5446.2000,5445.0000,5443.0000,5453.0000,5453.6000,5454.2000,5454.6000,5455.0000,1,1,2,1,1,1,2,2,1,2
SF,IC2002,2020-01-07 09:32:05.000,5452.2000,4670,0,120949720.000,0,-,-,-,-,5447.8000,5447.4000,5447.2000,5446.2000,5445.0000,5452.8000,5453.0000,5453.6000,5454.2000,5454.6000,6,1,1,2,1,2,1,1,2,1
SF,IC2002,2020-01-07 09:32:05.500,5452.2000,4670,0,120949720.000,0,-,-,-,-,5447.8000,5447.4000,5447.2000,5446.2000,5445.0000,5451.8000,5452.6000,5452.8000,5453.6000,5454.2000,6,1,1,2,1,1,1,2,1,2
SF,IC2002,2020-01-07 09:32:06.000,5452.2000,4670,0,120949720.000,0,-,-,-,-,5448.0000,5447.8000,5447.4000,5447.2000,5446.2000,5452.8000,5453.6000,5454.2000,5454.4000,5454.6000,1,6,1,1,1,2,1,2,1,1
SF,IC2002,2020-01-07 09:32:06.500,5452.2000,4670,0,120949720.000,0,-,-,-,-,5448.0000,5447.4000,5447.2000,5446.2000,5445.0000,5452.8000,5453.6000,5454.2000,5454.4000,5454.6000,1,1,1,1,1,2,1,2,1,1
SF,IC2002,2020-01-07 09:32:07.000,5452.2000,4670,0,120949720.000,0,-,-,-,-,5448.0000,5447.4000,5447.2000,5446.2000,5445.0000,5452.8000,5453.6000,5454.2000,5454.4000,5454.6000,1,1,1,1,1,2,1,2,1,1
SF,IC2002,2020-01-07 09:32:07.500,5452.2000,4670,0,120949720.000,0,-,-,-,-,5447.4000,5447.2000,5446.2000,5445.0000,5441.6000,5452.6000,5452.8000,5453.6000,5454.2000,5454.4000,1,1,1,1,1,3,2,1,1,1
SF,IC2002,2020-01-07 09:32:08.000,5452.2000,4670,0,120949720.000,0,-,-,-,-,5447.8000,5447.4000,5447.2000,5446.2000,5445.0000,5452.4000,5452.6000,5452.8000,5453.6000,5454.2000,6,1,1,1,1,2,1,1,1,1
SF,IC2002,2020-01-07 09:32:08.500,5452.2000,4670,0,120949720.000,0,-,-,-,-,5448.0000,5447.8000,5447.4000,5447.2000,5446.2000,5452.4000,5452.6000,5452.8000,5453.6000,5454.2000,1,6,1,1,1,3,1,1,1,1
SF,IC2002,2020-01-07 09:32:09.000,5452.2000,4670,0,120949720.000,0,-,-,-,-,5448.2000,5448.0000,5447.4000,5447.2000,5446.2000,5452.4000,5452.6000,5452.8000,5453.6000,5454.2000,6,1,1,1,1,1,1,1,1,1
SF,IC2002,2020-01-07 09:32:09.500,5452.2000,4670,0,120949720.000,0,-,-,-,-,5448.2000,5448.0000,5447.4000,5447.2000,5446.2000,5452.2000,5452.4000,5452.6000,5452.8000,5453.6000,6,1,1,1,1,1,2,1,1,1
SF,IC2002,2020-01-07 09:32:10.000,5452.2000,4670,0,120949720.000,0,-,-,-,-,5448.0000,5447.4000,5447.2000,5446.2000,5445.0000,5452.0000,5452.2000,5452.6000,5452.8000,5453.6000,1,1,1,1,1,1,1,1,1,1
SF,IC2002,2020-01-07 09:32:10.500,5452.2000,4670,0,120949720.000,0,-,-,-,-,5448.0000,5447.4000,5447.2000,5446.2000,5445.0000,5451.8000,5452.0000,5452.2000,5452.6000,5452.8000,1,1,1,1,1,1,1,1,1,1
SF,IC2002,2020-01-07 09:32:11.000,5452.2000,4670,0,120949720.000,0,-,-,-,-,5448.4000,5448.0000,5447.4000,5447.2000,5446.2000,5451.8000,5452.2000,5452.6000,5452.8000,5453.6000,6,1,1,1,1,1,1,1,1,1
SF,IC2002,2020-01-07 09:32:11.500,5452.2000,4670,0,120949720.000,0,-,-,-,-,5448.6000,5448.4000,5447.4000,5447.2000,5446.2000,5451.8000,5452.2000,5452.6000,5452.8000,5453.6000,1,6,1,1,1,1,1,1,1,1
SF,IC2002,2020-01-07 09:32:12.000,5452.2000,4670,0,120949720.000,0,-,-,-,-,5449.0000,5448.6000,5447.4000,5447.2000,5446.2000,5451.8000,5452.8000,5453.6000,5454.2000,5454.6000,6,1,1,1,1,1,1,1,1,1
SF,IC2002,2020-01-07 09:32:12.500,5452.2000,4670,0,120949720.000,0,-,-,-,-,5450.0000,5448.6000,5447.4000,5447.2000,5446.2000,5451.8000,5452.8000,5453.6000,5454.2000,5454.6000,1,1,1,1,1,1,1,1,1,1
SF,IC2002,2020-01-07 09:32:13.000,5452.2000,4670,0,120949720.000,0,-,-,-,-,5448.6000,5447.4000,5447.2000,5446.2000,5441.6000,5451.8000,5452.8000,5453.6000,5454.2000,5454.6000,1,1,1,1,1,1,1,1,1,1
SF,IC2002,2020-01-07 09:32:13.500,5452.2000,4670,0,120949720.000,0,-,-,-,-,5448.8000,5448.6000,5447.4000,5447.2000,5446.2000,5452.8000,5453.6000,5454.2000,5454.6000,5455.0000,6,1,1,1,1,1,1,1,1,1
SF,IC2002,2020-01-07 09:32:14.000,5452.2000,4670,0,120949720.000,0,-,-,-,-,5449.0000,5448.8000,5447.4000,5447.2000,5446.2000,5452.8000,5453.6000,5454.2000,5454.6000,5455.0000,1,6,1,1,1,1,1,1,1,1
SF,IC2002,2020-01-07 09:32:14.500,5452.2000,4670,0,120949720.000,0,-,-,-,-,5450.0000,5449.4000,5449.0000,5447.4000,5447.2000,5452.8000,5453.6000,5454.2000,5455.0000,5457.6000,1,6,1,1,1,1,1,1,1,1
SF,IC2002,2020-01-07 09:32:15.000,5452.2000,4670,0,120949720.000,0,-,-,-,-,5450.0000,5449.4000,5449.0000,5447.4000,5447.2000,5452.8000,5453.6000,5455.0000,5457.6000,5458.0000,1,6,1,1,1,1,1,1,1,1
SF,IC2002,2020-01-07 09:32:15.500,5452.2000,4670,0,120949720.000,0,-,-,-,-,5449.6000,5447.4000,5447.2000,5446.2000,5441.6000,5452.8000,5455.0000,5457.6000,5458.0000,5459.0000,1,1,1,1,1,2,1,1,1,1
SF,IC2002,2020-01-07 09:32:16.000,5452.2000,4670,0,120949720.000,0,-,-,-,-,5450.0000,5449.8000,5449.6000,5447.4000,5447.2000,5452.8000,5455.0000,5457.6000,5458.0000,5459.0000,1,6,1,1,1,1,1,1,1,1
SF,IC2002,2020-01-07 09:32:16.500,5452.2000,4670,0,120949720.000,0,-,-,-,-,5450.0000,5449.6000,5447.4000,5447.2000,5446.2000,5452.6000,5452.8000,5455.0000,5457.6000,5458.0000,1,1,1,1,1,1,1,1,1,1
SF,IC2002,2020-01-07 09:32:17.000,5452.2000,4670,0,120949720.000,0,-,-,-,-,5447.4000,5447.2000,5446.2000,5441.6000,5441.2000,5452.6000,5452.8000,5455.0000,5457.6000,5458.0000,1,1,1,1,2,1,1,1,1,1
SF,IC2002,2020-01-07 09:32:17.500,5452.2000,4670,0,120949720.000,0,-,-,-,-,5450.0000,5447.8000,5447.6000,5447.4000,5447.2000,5455.0000,5457.6000,5458.0000,5459.0000,5459.6000,1,6,1,1,1,1,1,1,1,1
SF,IC2002,2020-01-07 09:32:18.000,5452.2000,4670,0,120949720.000,0,-,-,-,-,5450.4000,5450.0000,5447.6000,5447.4000,5447.2000,5454.2000,5454.8000,5455.0000,5457.6000,5458.0000,6,1,1,1,1,1,1,1,1,1
SF,IC2002,2020-01-07 09:32:18.500,5452.2000,4670,0,120949720.000,0,-,-,-,-,5450.4000,5450.0000,5447.6000,5447.4000,5447.2000,5454.0000,5455.0000,5457.6000,5458.0000,5459.0000,6,1,1,1,1,1,1,1,1,1
SF,IC2002,2020-01-07 09:32:19.500,5452.2000,4670,0,120949720.000,0,-,-,-,-,5451.4000,5450.0000,5447.6000,5447.4000,5447.2000,5453.4000,5453.8000,5454.0000,5455.0000,5457.6000,1,1,1,1,1,1,1,1,1,1
SF,IC2002,2020-01-07 09:32:20.000,5451.4000,4670,0,122040000.000,1,0,1,多换,S,5450.0000,5447.4000,5447.2000,5446.2000,5441.6000,5453.8000,5455.0000,5457.6000,5458.0000,5459.0000,1,1,1,1,1,1,1,1,1,1
SF,IC2002,2020-01-07 09:32:20.500,5451.4000,4670,0,122040000.000,0,-,-,-,-,5447.4000,5447.2000,5446.2000,5441.6000,5441.0000,5453.6000,5455.0000,5457.6000,5458.0000,5459.0000,1,1,1,1,3,2,1,1,1,1
SF,IC2002,2020-01-07 09:32:21.000,5451.4000,4670,0,122040000.000,0,-,-,-,-,5447.8000,5447.6000,5447.4000,5447.2000,5446.2000,5453.6000,5455.0000,5457.6000,5458.0000,5459.0000,6,1,1,1,1,2,1,1,1,1
SF,IC2002,2020-01-07 09:32:21.500,5453.6000,4670,0,123130720.000,1,0,1,多换,S,5448.0000,5447.8000,5447.4000,5447.2000,5446.2000,5453.6000,5455.0000,5457.6000,5458.0000,5459.0000,1,6,1,1,1,1,1,1,1,1
SF,IC2002,2020-01-07 09:32:22.000,5453.6000,4670,0,123130720.000,0,-,-,-,-,5448.4000,5448.0000,5447.4000,5447.2000,5446.2000,5453.6000,5455.0000,5457.6000,5458.0000,5459.0000,6,1,1,1,1,1,1,1,1,1
SF,IC2002,2020-01-07 09:32:22.500,5453.6000,4670,0,123130720.000,0,-,-,-,-,5448.6000,5448.4000,5447.4000,5447.2000,5446.2000,5453.4000,5453.6000,5455.0000,5457.6000,5458.0000,1,6,1,1,1,1,1,1,1,1
SF,IC2002,2020-01-07 09:32:23.000,5453.6000,4670,0,123130720.000,0,-,-,-,-,5449.0000,5448.6000,5447.4000,5447.2000,5446.2000,5453.2000,5453.4000,5455.0000,5457.6000,5458.0000,6,2,1,1,1,2,1,1,1,1
SF,IC2002,2020-01-07 09:32:23.500,5453.6000,4670,0,123130720.000,0,-,-,-,-,5448.6000,5447.4000,5447.2000,5446.2000,5441.6000,5453.0000,5453.2000,5453.4000,5455.0000,5456.6000,2,1,1,1,1,1,2,1,1,1
SF,IC2002,2020-01-07 09:32:24.000,5448.8000,4670,0,124220480.000,1,0,1,多换,S,5448.8000,5448.6000,5447.4000,5447.2000,5446.2000,5452.8000,5453.0000,5453.2000,5455.0000,5456.6000,5,2,1,1,1,1,2,1,1,1
SF,IC2002,2020-01-07 09:32:24.500,5448.8000,4670,0,124220480.000,0,-,-,-,-,5449.0000,5448.8000,5448.6000,5447.4000,5447.2000,5452.8000,5453.0000,5455.0000,5456.6000,5457.6000,1,5,1,1,1,1,2,1,1,1
SF,IC2002,2020-01-07 09:32:25.000,5448.8000,4670,0,124220480.000,0,-,-,-,-,5449.0000,5448.8000,5447.4000,5447.2000,5446.2000,5452.6000,5453.0000,5455.0000,5456.6000,5457.6000,1,5,1,1,1,1,2,1,1,1
SF,IC2002,2020-01-07 09:32:25.500,5448.8000,4670,0,124220480.000,0,-,-,-,-,5449.2000,5449.0000,5447.4000,5447.2000,5446.2000,5452.6000,5453.0000,5455.0000,5456.6000,5457.6000,5,1,1,1,1,1,1,1,1,1
SF,IC2002,2020-01-07 09:32:26.000,5448.8000,4670,0,124220480.000,0,-,-,-,-,5450.0000,5449.6000,5449.4000,5449.2000,5447.4000,5453.0000,5455.0000,5456.6000,5457.6000,5458.0000,1,1,1,5,1,1,1,1,1,1
SF,IC2002,2020-01-07 09:32:26.500,5448.8000,4670,0,124220480.000,0,-,-,-,-,5452.0000,5451.6000,5450.6000,5450.4000,5450.2000,5453.0000,5455.0000,5456.6000,5457.6000,5458.0000,1,2,1,5,1,1,1,1,1,1
SF,IC2002,2020-01-07 09:32:27.000,5453.0000,4669,-1,125311080.000,1,0,1,双平,S,5452.0000,5451.6000,5450.6000,5450.4000,5450.2000,5455.0000,5456.6000,5457.6000,5458.0000,5459.0000,1,2,1,5,1,1,1,1,1,1
SF,IC2002,2020-01-07 09:32:27.500,5453.0000,4669,0,125311080.000,0,-,-,-,-,5452.2000,5452.0000,5451.6000,5450.6000,5450.4000,5455.0000,5457.6000,5458.0000,5459.0000,5459.6000,1,1,2,1,5,1,1,1,1,1
SF,IC2002,2020-01-07 09:32:28.000,5453.0000,4669,0,125311080.000,0,-,-,-,-,5452.2000,5452.0000,5451.6000,5450.6000,5450.4000,5454.8000,5455.0000,5457.6000,5458.0000,5459.0000,1,1,2,1,5,1,1,1,1,1
SF,IC2002,2020-01-07 09:32:28.500,5453.0000,4669,0,125311080.000,0,-,-,-,-,5452.2000,5452.0000,5451.6000,5450.4000,5450.0000,5455.0000,5457.6000,5458.0000,5459.0000,5459.6000,1,1,2,5,1,1,1,1,1,1
SF,IC2002,2020-01-07 09:32:29.000,5453.0000,4669,0,125311080.000,0,-,-,-,-,5452.2000,5452.0000,5451.6000,5450.4000,5450.0000,5455.0000,5457.6000,5458.0000,5459.0000,5459.6000,1,1,2,5,1,1,1,1,1,1
SF,IC2002,2020-01-07 09:32:30.000,5453.0000,4669,0,125311080.000,0,-,-,-,-,5454.8000,5452.4000,5452.2000,5452.0000,5451.6000,5455.0000,5457.6000,5458.0000,5459.0000,5459.6000,1,5,1,1,2,1,1,1,1,1
SF,IC2002,2020-01-07 09:32:30.500,5454.8000,4669,0,126402040.000,1,0,1,多换,S,5452.4000,5452.2000,5452.0000,5451.6000,5450.0000,5455.0000,5457.6000,5458.0000,5459.0000,5459.6000,5,1,1,2,1,1,1,1,1,1
SF,IC2002,2020-01-07 09:32:31.000,5454.8000,4669,0,126402040.000,0,-,-,-,-,5452.6000,5452.4000,5452.0000,5451.6000,5450.0000,5455.0000,5457.6000,5458.0000,5459.0000,5459.6000,1,5,1,2,1,1,1,1,1,1
SF,IC2002,2020-01-07 09:32:31.500,5454.8000,4669,0,126402040.000,0,-,-,-,-,5452.6000,5452.4000,5452.0000,5451.6000,5450.0000,5455.0000,5457.6000,5458.0000,5459.0000,5459.6000,1,5,1,2,2,1,1,1,1,1
SF,IC2002,2020-01-07 09:32:32.000,5454.8000,4669,0,127493000.000,1,0,1,多换,S,5452.6000,5452.4000,5452.0000,5451.6000,5450.0000,5455.0000,5457.6000,5458.0000,5459.0000,5459.6000,1,5,1,2,2,1,1,1,1,1
SF,IC2002,2020-01-07 09:32:33.000,5454.8000,4669,0,127493000.000,0,-,-,-,-,5452.8000,5452.6000,5452.0000,5451.6000,5450.0000,5455.0000,5457.6000,5458.0000,5459.0000,5459.6000,5,1,1,2,2,1,1,1,1,1
SF,IC2002,2020-01-07 09:32:33.500,5455.0000,4669,0,128584000.000,1,0,1,多换,S,5452.6000,5452.0000,5451.6000,5450.0000,5449.6000,5457.6000,5458.0000,5459.0000,5459.6000,5463.6000,1,1,2,2,1,1,1,1,1,5
SF,IC2002,2020-01-07 09:32:34.000,5455.0000,4669,0,128584000.000,0,-,-,-,-,5452.8000,5452.0000,5451.6000,5450.0000,5449.6000,5456.2000,5457.4000,5457.6000,5458.0000,5459.0000,1,1,2,2,1,1,2,1,1,1
SF,IC2002,2020-01-07 09:32:34.500,5452.8000,4669,0,129674560.000,1,0,1,多换,S,5452.0000,5451.6000,5450.0000,5449.6000,5441.0000,5456.2000,5457.4000,5458.0000,5459.0000,5459.6000,1,2,2,1,3,1,2,1,1,1
SF,IC2002,2020-01-07 09:32:35.000,5456.2000,4669,0,130765800.000,1,0,1,多换,S,5452.4000,5452.2000,5452.0000,5451.6000,5450.0000,5456.2000,5457.4000,5458.0000,5459.0000,5459.6000,5,1,1,2,2,1,1,1,1,1
SF,IC2002,2020-01-07 09:32:35.500,5456.2000,4669,0,130765800.000,0,-,-,-,-,5452.2000,5452.0000,5451.6000,5450.0000,5449.6000,5456.0000,5456.2000,5458.0000,5459.0000,5459.6000,1,1,2,2,1,1,1,1,1,1
SF,IC2002,2020-01-07 09:32:36.000,5456.2000,4669,0,130765800.000,0,-,-,-,-,5452.6000,5452.2000,5452.0000,5451.6000,5450.0000,5455.8000,5458.0000,5458.2000,5459.0000,5459.6000,5,1,1,2,2,1,1,1,1,1
SF,IC2002,2020-01-07 09:32:36.500,5456.2000,4669,0,131857040.000,1,0,1,多换,S,5452.8000,5452.6000,5452.0000,5451.6000,5450.0000,5458.0000,5458.2000,5459.0000,5459.6000,5463.6000,1,5,1,2,2,1,1,1,1,5
SF,IC2002,2020-01-07 09:32:37.000,5456.2000,4669,0,131857040.000,0,-,-,-,-,5453.0000,5452.6000,5452.0000,5451.6000,5450.0000,5456.0000,5457.8000,5458.0000,5458.2000,5459.0000,1,5,1,2,2,1,1,1,1,1
SF,IC2002,2020-01-07 09:32:37.500,5456.2000,4669,0,131857040.000,0,-,-,-,-,5453.2000,5453.0000,5452.6000,5452.0000,5451.6000,5458.0000,5458.2000,5459.0000,5459.6000,5463.6000,1,1,5,1,2,1,1,1,1,5
SF,IC2002,2020-01-07 09:32:38.000,5456.2000,4669,0,131857040.000,0,-,-,-,-,5453.6000,5453.4000,5453.2000,5453.0000,5452.6000,5456.2000,5457.6000,5457.8000,5458.0000,5458.2000,1,1,1,1,5,2,1,1,1,1
SF,IC2002,2020-01-07 09:32:38.500,5456.2000,4669,0,131857040.000,0,-,-,-,-,5453.4000,5453.0000,5452.6000,5452.0000,5451.6000,5456.2000,5457.6000,5457.8000,5458.0000,5458.2000,1,1,5,1,2,2,1,1,1,1
SF,IC2002,2020-01-07 09:32:39.000,5456.2000,4669,0,131857040.000,0,-,-,-,-,5453.4000,5453.0000,5452.6000,5452.0000,5451.6000,5456.2000,5457.6000,5458.0000,5458.2000,5459.0000,1,1,5,1,2,3,1,1,1,1
SF,IC2002,2020-01-07 09:32:39.500,5456.2000,4669,0,131857040.000,0,-,-,-,-,5453.4000,5453.0000,5452.6000,5452.0000,5451.6000,5456.2000,5457.6000,5458.0000,5458.2000,5459.0000,1,1,5,1,2,3,1,1,1,1
SF,IC2002,2020-01-07 09:32:40.000,5456.2000,4669,0,131857040.000,0,-,-,-,-,5453.4000,5453.0000,5452.6000,5452.0000,5451.6000,5456.2000,5457.6000,5457.8000,5458.0000,5458.2000,1,1,5,1,2,3,1,1,1,1
SF,IC2002,2020-01-07 09:32:40.500,5456.2000,4669,0,131857040.000,0,-,-,-,-,5453.4000,5453.0000,5452.6000,5452.0000,5451.6000,5456.2000,5457.6000,5457.8000,5458.0000,5458.2000,1,1,5,1,2,2,1,1,1,1
SF,IC2002,2020-01-07 09:32:41.500,5456.2000,4669,0,131857040.000,0,-,-,-,-,5453.6000,5453.4000,5453.0000,5452.6000,5452.0000,5456.2000,5457.6000,5457.8000,5458.0000,5458.2000,1,1,1,5,1,2,1,1,2,1
SF,IC2002,2020-01-07 09:32:42.000,5458.0000,4671,2,138405440.000,6,4,2,空开,S,5453.8000,5453.6000,5453.4000,5453.0000,5452.6000,5458.0000,5458.2000,5459.0000,5459.6000,5462.0000,2,1,1,1,5,1,1,1,1,1
SF,IC2002,2020-01-07 09:32:42.500,5458.0000,4671,0,138405440.000,0,-,-,-,-,5453.8000,5453.6000,5453.4000,5453.0000,5452.6000,5456.2000,5457.8000,5458.0000,5458.2000,5459.0000,2,1,1,1,5,1,1,1,1,1
SF,IC2002,2020-01-07 09:32:43.000,5458.0000,4671,0,138405440.000,0,-,-,-,-,5453.8000,5453.6000,5453.4000,5453.0000,5452.6000,5456.2000,5457.8000,5458.0000,5458.2000,5459.0000,2,1,1,1,5,1,2,1,1,1
SF,IC2002,2020-01-07 09:32:44.000,5458.0000,4671,0,138405440.000,0,-,-,-,-,5454.0000,5453.8000,5453.4000,5453.0000,5452.6000,5456.2000,5457.8000,5458.0000,5458.2000,5459.0000,1,2,1,1,5,1,2,1,1,1
SF,IC2002,2020-01-07 09:32:44.500,5458.0000,4671,0,138405440.000,0,-,-,-,-,5454.2000,5454.0000,5453.8000,5453.4000,5453.0000,5454.4000,5457.8000,5458.0000,5458.2000,5459.0000,3,1,1,1,1,1,1,1,1,1
SF,IC2002,2020-01-07 09:32:45.000,5454.2000,4669,-2,140587160.000,2,0,2,双平,S,5454.2000,5454.0000,5453.8000,5453.4000,5453.0000,5458.0000,5458.2000,5459.0000,5459.6000,5462.0000,1,1,1,1,1,1,1,1,1,1
SF,IC2002,2020-01-07 09:32:45.500,5454.2000,4669,0,140587160.000,0,-,-,-,-,5455.6000,5454.4000,5454.2000,5453.8000,5453.4000,5457.8000,5458.0000,5458.6000,5459.0000,5459.6000,1,1,1,1,1,1,1,1,1,1
SF,IC2002,2020-01-07 09:32:46.000,5454.2000,4669,0,140587160.000,0,-,-,-,-,5455.8000,5455.6000,5454.4000,5453.8000,5453.4000,5457.6000,5457.8000,5458.6000,5459.0000,5459.6000,1,1,1,1,1,1,1,1,1,1
SF,IC2002,2020-01-07 09:32:46.500,5457.6000,4669,0,142770200.000,2,1,1,多换,S,5458.2000,5456.0000,5455.8000,5455.6000,5454.4000,5458.6000,5459.0000,5461.4000,5462.0000,5463.6000,4,1,1,1,1,1,1,1,1,5
SF,IC2002,2020-01-07 09:32:47.000,5458.2000,4669,0,147136760.000,4,2,2,多换,S,5455.8000,5454.4000,5453.8000,5453.4000,5452.6000,5457.6000,5458.4000,5459.0000,5460.8000,5461.4000,1,1,1,1,5,1,1,1,1,1
SF,IC2002,2020-01-07 09:32:47.500,5456.0000,4669,0,149319480.000,2,1,1,多换,S,5455.8000,5454.4000,5453.8000,5453.4000,5452.6000,5459.0000,5460.8000,5461.4000,5463.6000,5466.0000,2,1,1,1,5,1,1,1,5,2
SF,IC2002,2020-01-07 09:32:48.000,5456.0000,4669,0,149319480.000,0,-,-,-,-,5458.2000,5457.6000,5456.0000,5455.8000,5453.8000,5458.8000,5459.0000,5460.8000,5461.4000,5461.8000,6,2,3,2,1,1,1,1,1,1
SF,IC2002,2020-01-07 09:32:48.500,5458.2000,4669,0,152594400.000,3,1,2,多换,S,5458.2000,5457.6000,5456.0000,5455.8000,5453.8000,5458.8000,5459.0000,5460.4000,5461.8000,5463.6000,3,2,1,2,1,1,1,1,1,5
SF,IC2002,2020-01-07 09:32:49.000,5457.6000,4671,2,156960840.000,4,3,1,空开,S,5457.6000,5456.0000,5455.8000,5452.6000,5452.0000,5458.2000,5458.8000,5459.0000,5461.8000,5462.2000,1,1,1,5,1,2,1,1,1,2
SF,IC2002,2020-01-07 09:32:49.500,5458.2000,4669,-2,161327400.000,4,1,3,多平,S,5458.2000,5457.6000,5456.0000,5455.8000,5452.6000,5458.4000,5458.8000,5459.0000,5461.8000,5462.2000,4,1,1,1,5,1,1,1,1,2
SF,IC2002,2020-01-07 09:32:50.000,5458.2000,4668,-1,163510720.000,2,0,2,多平,S,5458.2000,5457.6000,5456.0000,5455.8000,5452.6000,5459.0000,5461.8000,5462.2000,5463.6000,5466.0000,3,1,1,1,5,1,1,2,6,2
SF,IC2002,2020-01-07 09:32:50.500,5458.2000,4668,0,164602360.000,1,0,1,多换,S,5458.2000,5457.6000,5456.0000,5455.8000,5452.6000,5459.0000,5461.8000,5462.2000,5462.8000,5463.6000,2,1,1,1,5,1,1,2,1,6
SF,IC2002,2020-01-07 09:32:51.000,5458.2000,4668,0,165694000.000,1,0,1,多换,S,5458.2000,5457.6000,5456.0000,5455.8000,5452.6000,5459.0000,5461.8000,5462.2000,5462.8000,5463.6000,7,1,1,1,5,1,1,2,1,6
SF,IC2002,2020-01-07 09:32:51.500,5458.2000,4668,0,166785640.000,1,0,1,多换,S,5458.2000,5457.6000,5456.0000,5455.8000,5452.6000,5459.0000,5461.8000,5462.2000,5462.8000,5463.0000,6,1,1,1,5,1,1,2,1,1
SF,IC2002,2020-01-07 09:32:52.000,5458.2000,4670,2,170060560.000,3,2,1,空开,S,5458.2000,5457.6000,5456.0000,5455.8000,5452.6000,5459.0000,5460.6000,5461.8000,5462.2000,5463.0000,3,1,1,1,5,1,1,1,2,1
SF,IC2002,2020-01-07 09:32:52.500,5458.2000,4671,1,171152200.000,1,1,0,双开,S,5458.2000,5457.6000,5456.0000,5455.8000,5452.6000,5459.0000,5460.6000,5461.8000,5462.2000,5463.0000,2,1,1,1,5,1,1,1,2,1
SF,IC2002,2020-01-07 09:32:53.000,5458.2000,4672,1,172243840.000,1,1,0,双开,S,5458.2000,5457.6000,5456.0000,5455.8000,5452.6000,5459.0000,5460.6000,5461.6000,5461.8000,5462.2000,7,1,1,1,5,1,1,1,1,2
SF,IC2002,2020-01-07 09:32:53.500,5458.2000,4673,1,173335480.000,1,1,0,双开,S,5458.2000,5457.6000,5456.0000,5455.8000,5452.6000,5459.0000,5461.6000,5461.8000,5462.2000,5463.0000,6,1,1,1,5,1,1,1,2,1
SF,IC2002,2020-01-07 09:32:54.000,5458.2000,4673,0,175518920.000,2,1,1,多换,S,5458.2000,5457.6000,5456.0000,5455.8000,5452.6000,5461.6000,5461.8000,5462.2000,5463.0000,5463.6000,11,1,1,1,5,1,1,2,1,6
SF,IC2002,2020-01-07 09:32:54.500,5458.2000,4673,0,175518920.000,0,-,-,-,-,5458.2000,5457.6000,5456.0000,5455.8000,5452.6000,5461.2000,5461.4000,5461.6000,5461.8000,5462.2000,11,1,1,1,5,1,2,1,1,2
SF,IC2002,2020-01-07 09:32:55.000,5458.2000,4673,0,175518920.000,0,-,-,-,-,5458.4000,5458.2000,5457.6000,5455.8000,5452.6000,5461.2000,5461.4000,5461.6000,5461.8000,5462.2000,1,11,1,1,5,1,2,1,1,2
SF,IC2002,2020-01-07 09:32:55.500,5458.2000,4673,0,175518920.000,0,-,-,-,-,5458.4000,5458.2000,5457.6000,5455.8000,5452.6000,5461.0000,5461.2000,5461.4000,5461.6000,5461.8000,1,17,1,1,5,1,1,1,1,1
SF,IC2002,2020-01-07 09:32:56.000,5458.2000,4673,0,175518920.000,0,-,-,-,-,5458.4000,5458.2000,5457.6000,5455.8000,5452.6000,5460.6000,5461.0000,5461.6000,5461.8000,5462.2000,1,17,1,1,5,1,2,1,1,1
SF,IC2002,2020-01-07 09:32:56.500,5458.2000,4673,0,175518920.000,0,-,-,-,-,5458.2000,5457.6000,5455.8000,5452.6000,5452.0000,5460.4000,5460.6000,5461.0000,5461.6000,5461.8000,17,1,1,5,1,1,1,1,1,1
SF,IC2002,2020-01-07 09:32:57.000,5458.2000,4673,0,175518920.000,0,-,-,-,-,5458.2000,5457.6000,5455.8000,5452.6000,5452.0000,5460.0000,5460.2000,5460.4000,5461.0000,5461.6000,23,1,1,5,1,1,1,1,1,1
SF,IC2002,2020-01-07 09:32:57.500,5458.2000,4674,1,178793840.000,3,2,1,空开,S,5458.2000,5457.6000,5455.8000,5452.6000,5452.0000,5460.0000,5460.2000,5461.0000,5461.8000,5463.6000,20,1,1,5,1,1,1,1,1,6
SF,IC2002,2020-01-07 09:32:58.000,5458.2000,4677,3,188618600.000,9,6,3,空开,S,5458.2000,5457.6000,5455.8000,5452.6000,5452.0000,5459.6000,5459.8000,5460.0000,5460.2000,5461.0000,11,1,1,5,1,1,1,1,1,1
SF,IC2002,2020-01-07 09:32:58.500,5458.2000,4678,1,191893520.000,3,2,1,空开,S,5458.2000,5457.6000,5455.8000,5452.6000,5452.0000,5459.2000,5459.6000,5459.8000,5460.2000,5461.0000,14,1,1,5,1,1,1,1,1,1
SF,IC2002,2020-01-07 09:32:59.000,5458.2000,4678,0,192985160.000,1,0,1,多换,S,5458.2000,5457.6000,5455.8000,5452.6000,5452.0000,5459.2000,5459.6000,5459.8000,5460.2000,5461.0000,13,1,1,5,1,1,1,1,1,1
SF,IC2002,2020-01-07 09:32:59.500,5458.2000,4678,0,194076800.000,1,0,1,多换,S,5458.2000,5457.6000,5455.8000,5452.6000,5452.0000,5459.2000,5459.6000,5459.8000,5460.2000,5461.0000,18,1,1,5,1,2,1,1,1,1
SF,IC2002,2020-01-07 09:33:00.000,5458.2000,4679,1,196260080.000,2,1,1,空开,S,5458.2000,5457.6000,5455.8000,5452.6000,5452.0000,5459.2000,5459.8000,5460.2000,5461.8000,5463.6000,16,1,1,5,1,2,1,1,1,6
SF,IC2002,2020-01-07 09:33:00.500,5458.2000,4679,0,197351720.000,1,0,1,多换,S,5458.2000,5457.6000,5455.8000,5452.6000,5452.0000,5459.2000,5459.8000,5461.8000,5463.6000,5463.8000,21,1,1,5,1,1,1,1,6,1
SF,IC2002,2020-01-07 09:33:01.000,5458.2000,4678,-1,201718480.000,4,1,3,多平,S,5458.2000,5457.6000,5455.8000,5452.6000,5452.0000,5461.8000,5463.6000,5463.8000,5464.0000,5464.8000,18,1,1,5,1,1,6,1,1,2
SF,IC2002,2020-01-07 09:33:01.500,5458.2000,4678,0,201718480.000,0,-,-,-,-,5458.2000,5457.6000,5455.8000,5452.6000,5452.0000,5460.6000,5461.4000,5461.6000,5461.8000,5463.6000,18,1,1,5,1,2,2,2,1,6
SF,IC2002,2020-01-07 09:33:02.000,5458.2000,4680,2,207176680.000,5,3,2,空开,S,5458.2000,5457.6000,5455.8000,5452.6000,5452.0000,5460.2000,5461.6000,5461.8000,5463.6000,5463.8000,19,1,1,5,1,2,2,1,6,1
SF,IC2002,2020-01-07 09:33:02.500,5458.2000,4682,2,209359960.000,2,2,0,双开,S,5458.2000,5457.6000,5455.8000,5452.6000,5452.0000,5459.0000,5460.0000,5460.2000,5461.6000,5461.8000,17,1,1,5,1,2,1,1,2,1
SF,IC2002,2020-01-07 09:33:03.000,5458.2000,4684,2,226826200.000,16,9,7,空开,S,5458.2000,5457.6000,5455.8000,5452.6000,5452.0000,5460.0000,5460.2000,5461.6000,5461.8000,5463.6000,1,1,1,5,1,1,1,1,1,6
SF,IC2002,2020-01-07 09:33:03.500,5458.2000,4685,1,230101120.000,3,2,1,空开,S,5458.2000,5457.6000,5455.8000,5452.6000,5452.0000,5459.6000,5460.0000,5461.6000,5461.8000,5463.6000,4,1,1,5,1,1,1,1,1,6
SF,IC2002,2020-01-07 09:33:04.000,5457.6000,4687,2,235559200.000,5,3,2,空开,S,5455.8000,5452.0000,5450.0000,5441.0000,5440.8000,5458.2000,5458.8000,5459.2000,5459.6000,5460.0000,1,1,1,3,3,2,2,1,3,1
SF,IC2002,2020-01-07 09:33:04.500,5458.2000,4688,1,238833600.000,3,2,1,空开,S,5458.2000,5452.0000,5450.0000,5441.0000,5440.8000,5458.8000,5459.2000,5459.6000,5460.0000,5461.4000,4,1,1,3,3,2,1,2,1,1
SF,IC2002,2020-01-07 09:33:05.000,5458.2000,4688,0,243200160.000,4,2,2,多换,S,5452.0000,5450.0000,5441.0000,5440.8000,5440.4000,5453.2000,5458.2000,5458.8000,5459.6000,5460.0000,1,1,3,3,5,1,10,2,1,1
SF,IC2002,2020-01-07 09:33:05.500,5453.4000,4688,0,244290840.000,1,0,1,多换,S,5452.4000,5452.0000,5450.0000,5441.0000,5440.8000,5456.2000,5458.2000,5460.0000,5461.4000,5461.8000,6,1,1,3,3,2,1,1,1,1
SF,IC2002,2020-01-07 09:33:06.000,5458.0000,4689,1,248656160.000,4,2,2,空开,S,5458.2000,5452.6000,5452.0000,5450.0000,5441.0000,5459.2000,5460.0000,5461.4000,5461.8000,5463.6000,3,2,1,1,3,1,1,1,1,6
SF,IC2002,2020-01-07 09:33:06.500,5452.6000,4689,0,253021600.000,4,2,2,多换,S,5452.6000,5452.0000,5450.0000,5441.0000,5440.8000,5458.2000,5458.6000,5459.2000,5461.4000,5461.8000,1,1,1,3,3,14,1,1,1,1
SF,IC2002,2020-01-07 09:33:07.000,5452.6000,4689,0,253021600.000,0,-,-,-,-,5452.8000,5452.6000,5452.0000,5450.0000,5441.0000,5455.8000,5458.2000,5458.6000,5459.2000,5461.4000,1,1,1,1,3,1,14,2,1,1
SF,IC2002,2020-01-07 09:33:07.500,5455.4000,4687,-2,256294760.000,3,0,3,多平,S,5453.0000,5452.8000,5452.6000,5452.0000,5450.0000,5455.4000,5458.6000,5459.2000,5461.8000,5463.6000,1,1,1,1,1,1,1,1,1,5
SF,IC2002,2020-01-07 09:33:08.000,5455.4000,4686,-1,257385840.000,1,0,1,双平,S,5452.8000,5452.0000,5450.0000,5441.0000,5440.8000,5458.0000,5458.4000,5458.6000,5458.8000,5459.0000,1,1,1,3,3,2,2,1,1,2
SF,IC2002,2020-01-07 09:33:08.500,5455.4000,4686,0,257385840.000,0,-,-,-,-,5453.2000,5453.0000,5452.8000,5452.0000,5450.0000,5457.0000,5457.8000,5458.0000,5458.4000,5458.6000,7,2,1,1,1,2,1,2,2,1
SF,IC2002,2020-01-07 09:33:09.000,5455.4000,4686,0,257385840.000,0,-,-,-,-,5453.4000,5453.2000,5453.0000,5452.8000,5452.0000,5457.0000,5457.8000,5458.0000,5458.4000,5458.6000,1,7,1,1,1,1,1,2,2,1
SF,IC2002,2020-01-07 09:33:09.500,5455.4000,4686,0,257385840.000,0,-,-,-,-,5454.0000,5453.4000,5453.2000,5452.8000,5452.0000,5458.0000,5458.4000,5460.8000,5461.8000,5463.6000,2,1,6,1,1,1,2,1,1,5
SF,IC2002,2020-01-07 09:33:10.000,5455.4000,4686,0,257385840.000,0,-,-,-,-,5454.0000,5453.6000,5453.4000,5453.2000,5452.8000,5457.4000,5457.8000,5458.0000,5458.4000,5459.0000,2,1,1,7,1,1,2,1,1,1
SF,IC2002,2020-01-07 09:33:10.500,5455.4000,4686,0,257385840.000,0,-,-,-,-,5454.0000,5453.6000,5453.4000,5453.2000,5452.8000,5457.4000,5457.8000,5458.4000,5459.0000,5460.2000,2,1,1,6,3,1,2,1,1,1
SF,IC2002,2020-01-07 09:33:11.000,5455.4000,4686,0,257385840.000,0,-,-,-,-,5454.2000,5454.0000,5453.2000,5452.8000,5452.0000,5457.4000,5457.8000,5458.4000,5459.0000,5460.2000,1,3,6,3,1,1,1,1,1,1
SF,IC2002,2020-01-07 09:33:11.500,5455.4000,4686,0,257385840.000,0,-,-,-,-,5454.4000,5454.2000,5454.0000,5452.8000,5452.0000,5457.2000,5457.4000,5458.4000,5458.8000,5459.0000,2,1,1,3,1,1,1,1,1,1
SF,IC2002,2020-01-07 09:33:12.000,5455.4000,4686,0,257385840.000,0,-,-,-,-,5454.4000,5454.2000,5454.0000,5452.8000,5452.0000,5457.2000,5458.2000,5458.8000,5459.0000,5460.2000,2,1,1,3,1,1,1,1,1,1
SF,IC2002,2020-01-07 09:33:12.500,5455.4000,4686,0,257385840.000,0,-,-,-,-,5454.4000,5454.2000,5454.0000,5452.8000,5452.0000,5455.8000,5457.2000,5458.2000,5459.0000,5460.2000,2,1,1,3,6,1,1,1,1,1
SF,IC2002,2020-01-07 09:33:13.000,5455.8000,4685,-1,258477000.000,1,0,1,双平,S,5454.4000,5454.2000,5454.0000,5452.8000,5452.0000,5457.2000,5458.2000,5459.0000,5460.2000,5460.8000,2,1,1,2,1,1,1,1,1,1
SF,IC2002,2020-01-07 09:33:13.500,5455.8000,4685,0,258477000.000,0,-,-,-,-,5454.4000,5454.2000,5452.8000,5452.0000,5450.0000,5457.0000,5457.2000,5458.2000,5459.0000,5460.2000,1,1,2,1,1,2,2,1,1,1
SF,IC2002,2020-01-07 09:33:14.000,5455.8000,4685,0,258477000.000,0,-,-,-,-,5454.4000,5452.8000,5452.0000,5450.0000,5446.2000,5457.0000,5457.2000,5459.0000,5460.2000,5460.8000,1,2,1,1,5,2,2,1,1,1
SF,IC2002,2020-01-07 09:33:14.500,5456.8000,4685,0,259568360.000,1,0,1,多换,S,5454.8000,5454.4000,5452.0000,5450.0000,5446.2000,5456.8000,5457.0000,5459.0000,5460.2000,5460.8000,1,1,1,1,5,1,2,1,1,1
SF,IC2002,2020-01-07 09:33:15.000,5456.8000,4685,0,259568360.000,0,-,-,-,-,5454.8000,5454.4000,5452.0000,5450.0000,5446.2000,5455.4000,5456.6000,5456.8000,5459.0000,5460.2000,1,1,1,1,5,1,1,1,1,1
SF,IC2002,2020-01-07 09:33:15.500,5456.8000,4685,0,259568360.000,0,-,-,-,-,5454.8000,5452.0000,5450.0000,5446.2000,5441.0000,5456.6000,5458.6000,5459.0000,5460.2000,5460.8000,1,1,1,5,3,1,1,2,1,1
SF,IC2002,2020-01-07 09:33:16.000,5456.8000,4685,0,259568360.000,0,-,-,-,-,5452.0000,5450.0000,5446.2000,5441.0000,5440.8000,5458.6000,5459.0000,5460.8000,5461.4000,5461.8000,1,1,5,3,3,1,2,1,1,1
SF,IC2002,2020-01-07 09:33:16.500,5456.8000,4685,0,259568360.000,0,-,-,-,-,5452.4000,5452.2000,5452.0000,5450.0000,5446.2000,5454.2000,5458.4000,5458.6000,5459.0000,5460.8000,6,1,1,1,5,1,1,2,2,1
SF,IC2002,2020-01-07 09:33:17.000,5454.4000,4684,-1,260659240.000,1,0,1,双平,S,5452.8000,5452.4000,5452.0000,5450.0000,5446.2000,5458.6000,5459.0000,5460.8000,5461.4000,5461.8000,2,6,1,1,5,2,2,1,1,1
SF,IC2002,2020-01-07 09:33:17.500,5454.4000,4684,0,260659240.000,0,-,-,-,-,5453.2000,5452.8000,5452.4000,5452.0000,5450.0000,5456.0000,5458.4000,5458.6000,5459.0000,5460.8000,1,2,6,1,1,1,1,2,2,1
SF,IC2002,2020-01-07 09:33:18.000,5454.4000,4684,0,260659240.000,0,-,-,-,-,5453.4000,5453.2000,5453.0000,5452.8000,5452.4000,5456.0000,5457.6000,5457.8000,5458.6000,5459.0000,1,1,1,2,6,1,1,1,2,2
SF,IC2002,2020-01-07 09:33:18.500,5454.4000,4684,0,260659240.000,0,-,-,-,-,5453.4000,5453.2000,5453.0000,5452.8000,5452.4000,5456.0000,5457.6000,5457.8000,5458.6000,5459.0000,1,1,1,1,6,1,1,1,2,2
SF,IC2002,2020-01-07 09:33:19.000,5454.4000,4684,0,260659240.000,0,-,-,-,-,5453.4000,5453.2000,5453.0000,5452.8000,5452.4000,5456.0000,5457.6000,5457.8000,5458.6000,5459.0000,1,1,1,1,6,1,1,1,2,2
SF,IC2002,2020-01-07 09:33:19.500,5454.4000,4684,0,260659240.000,0,-,-,-,-,5453.4000,5453.2000,5453.0000,5452.4000,5452.0000,5456.0000,5457.6000,5457.8000,5458.6000,5458.8000,1,1,1,6,1,1,1,1,2,1
SF,IC2002,2020-01-07 09:33:20.000,5454.4000,4684,0,260659240.000,0,-,-,-,-,5453.4000,5453.2000,5452.4000,5452.0000,5450.0000,5456.0000,5457.6000,5457.8000,5458.6000,5458.8000,1,1,6,1,1,1,1,1,2,1
SF,IC2002,2020-01-07 09:33:20.500,5454.4000,4684,0,260659240.000,0,-,-,-,-,5453.6000,5453.4000,5452.4000,5452.0000,5450.0000,5456.0000,5457.6000,5457.8000,5458.6000,5458.8000,2,1,6,1,1,1,1,1,2,1
SF,IC2002,2020-01-07 09:33:21.000,5454.4000,4684,0,260659240.000,0,-,-,-,-,5453.6000,5453.4000,5452.4000,5452.0000,5450.0000,5456.0000,5457.6000,5457.8000,5458.6000,5458.8000,2,1,6,1,1,1,1,1,2,1
SF,IC2002,2020-01-07 09:33:22.000,5454.4000,4684,0,260659240.000,0,-,-,-,-,5453.6000,5453.4000,5452.4000,5452.0000,5450.0000,5455.6000,5456.0000,5457.6000,5457.8000,5458.6000,2,1,6,2,1,1,1,1,1,2
SF,IC2002,2020-01-07 09:33:22.500,5454.4000,4684,0,260659240.000,0,-,-,-,-,5453.6000,5453.4000,5452.4000,5452.0000,5450.0000,5454.6000,5455.6000,5457.6000,5457.8000,5458.6000,2,1,6,2,1,1,1,1,1,2
SF,IC2002,2020-01-07 09:33:23.000,5454.6000,4683,-1,261750160.000,1,0,1,双平,S,5453.6000,5453.4000,5452.4000,5452.0000,5450.0000,5455.6000,5457.6000,5457.8000,5458.6000,5458.8000,1,1,6,2,1,1,1,1,1,1
SF,IC2002,2020-01-07 09:33:23.500,5453.6000,4682,-1,262840880.000,1,0,1,双平,S,5452.0000,5450.0000,5446.2000,5441.0000,5440.8000,5454.2000,5455.4000,5455.6000,5457.6000,5457.8000,2,1,5,3,3,1,1,1,1,1
SF,IC2002,2020-01-07 09:33:24.000,5453.6000,4682,0,262840880.000,0,-,-,-,-,5452.0000,5450.0000,5446.2000,5441.0000,5440.8000,5454.2000,5455.4000,5455.6000,5457.6000,5457.8000,2,1,5,3,3,1,1,1,1,1
SF,IC2002,2020-01-07 09:33:24.500,5453.6000,4682,0,262840880.000,0,-,-,-,-,5452.2000,5452.0000,5450.0000,5446.2000,5441.0000,5454.2000,5455.4000,5455.6000,5457.6000,5458.4000,1,1,1,5,3,1,1,1,1,1
SF,IC2002,2020-01-07 09:33:25.000,5452.2000,4681,-1,263931320.000,1,0,1,双平,S,5446.2000,5441.0000,5440.8000,5440.0000,5435.4000,5454.0000,5454.2000,5457.6000,5458.4000,5458.6000,5,3,3,2,1,1,2,1,1,1
SF,IC2002,2020-01-07 09:33:25.500,5452.2000,4681,0,263931320.000,0,-,-,-,-,5450.0000,5447.4000,5447.2000,5446.6000,5446.4000,5453.8000,5454.0000,5457.6000,5458.4000,5458.6000,1,1,1,7,2,1,2,1,1,1
SF,IC2002,2020-01-07 09:33:26.000,5451.6000,4681,0,265021640.000,1,0,1,多换,S,5450.4000,5450.2000,5450.0000,5447.2000,5446.4000,5453.6000,5453.8000,5457.6000,5458.4000,5458.6000,6,1,1,1,1,1,1,1,1,1
SF,IC2002,2020-01-07 09:33:26.500,5451.6000,4681,0,265021640.000,0,-,-,-,-,5450.6000,5450.4000,5450.0000,5447.2000,5446.4000,5453.2000,5453.6000,5457.6000,5458.4000,5458.6000,1,6,1,1,1,1,1,2,1,1
SF,IC2002,2020-01-07 09:33:27.000,5453.2000,4680,-1,266112280.000,1,0,1,双平,S,5450.8000,5450.6000,5450.4000,5450.0000,5447.2000,5457.6000,5458.4000,5458.6000,5458.8000,5459.0000,1,1,6,1,1,1,1,1,1,2
SF,IC2002,2020-01-07 09:33:27.500,5453.2000,4680,0,266112280.000,0,-,-,-,-,5450.8000,5450.4000,5450.0000,5447.2000,5446.2000,5455.8000,5457.4000,5457.6000,5458.4000,5458.6000,1,6,1,1,7,1,2,1,1,1
SF,IC2002,2020-01-07 09:33:28.000,5453.2000,4680,0,266112280.000,0,-,-,-,-,5451.0000,5450.8000,5450.4000,5450.0000,5447.2000,5455.6000,5455.8000,5456.2000,5457.4000,5457.6000,2,1,6,1,1,1,2,1,1,1
SF,IC2002,2020-01-07 09:33:28.500,5453.2000,4680,0,266112280.000,0,-,-,-,-,5451.0000,5450.8000,5450.4000,5450.0000,5447.2000,5455.2000,5455.4000,5455.6000,5455.8000,5456.2000,2,1,6,1,1,1,1,1,1,1
SF,IC2002,2020-01-07 09:33:29.000,5451.0000,4680,0,267202480.000,1,0,1,多换,S,5451.0000,5450.8000,5450.4000,5450.0000,5447.2000,5455.2000,5455.4000,5455.6000,5455.8000,5456.2000,1,1,6,1,1,1,1,1,1,1
SF,IC2002,2020-01-07 09:33:29.500,5451.0000,4680,0,267202480.000,0,-,-,-,-,5451.0000,5450.8000,5450.4000,5450.0000,5447.2000,5455.0000,5455.2000,5455.8000,5456.2000,5456.4000,1,1,6,1,1,1,1,1,1,1
SF,IC2002,2020-01-07 09:33:30.000,5451.0000,4680,0,267202480.000,0,-,-,-,-,5451.0000,5450.8000,5450.4000,5450.0000,5447.2000,5455.0000,5455.2000,5455.8000,5456.2000,5456.4000,2,1,6,1,1,2,1,1,1,1
SF,IC2002,2020-01-07 09:33:30.500,5451.0000,4680,0,267202480.000,0,-,-,-,-,5452.0000,5451.6000,5451.2000,5451.0000,5450.0000,5454.8000,5455.0000,5456.2000,5456.4000,5457.6000,1,1,7,2,1,1,1,1,1,1
SF,IC2002,2020-01-07 09:33:31.000,5451.0000,4680,0,267202480.000,0,-,-,-,-,5452.0000,5451.6000,5451.2000,5451.0000,5450.0000,5456.2000,5456.4000,5457.6000,5458.4000,5458.8000,1,1,7,2,1,1,1,1,1,1
SF,IC2002,2020-01-07 09:33:31.500,5451.0000,4680,0,267202480.000,0,-,-,-,-,5451.2000,5451.0000,5450.0000,5446.2000,5441.0000,5455.8000,5456.0000,5456.2000,5456.4000,5457.6000,1,1,1,6,3,1,1,1,1,1
SF,IC2002,2020-01-07 09:33:32.000,5451.0000,4680,0,267202480.000,0,-,-,-,-,5451.2000,5450.0000,5446.2000,5441.0000,5440.8000,5455.2000,5455.6000,5455.8000,5456.2000,5456.4000,1,1,6,3,3,1,2,1,1,1
SF,IC2002,2020-01-07 09:33:32.500,5451.0000,4680,0,267202480.000,0,-,-,-,-,5450.0000,5446.2000,5441.0000,5440.8000,5440.0000,5454.8000,5455.0000,5455.2000,5455.6000,5455.8000,1,6,3,3,2,1,2,1,1,1
SF,IC2002,2020-01-07 09:33:33.000,5451.0000,4680,0,267202480.000,0,-,-,-,-,5450.4000,5450.2000,5450.0000,5446.2000,5441.0000,5454.8000,5455.0000,5455.2000,5455.8000,5456.2000,6,1,1,6,3,1,1,1,1,1
SF,IC2002,2020-01-07 09:33:33.500,5451.0000,4680,0,267202480.000,0,-,-,-,-,5450.8000,5450.6000,5450.4000,5450.0000,5446.2000,5453.0000,5454.2000,5454.8000,5455.0000,5455.8000,1,1,6,1,6,1,1,2,1,1
SF,IC2002,2020-01-07 09:33:34.000,5453.0000,4679,-1,268293080.000,1,0,1,双平,S,5451.0000,5450.8000,5450.4000,5450.0000,5446.2000,5453.0000,5454.2000,5454.8000,5455.0000,5455.8000,1,1,6,1,6,1,1,1,1,1
SF,IC2002,2020-01-07 09:33:34.500,5453.0000,4679,0,268293080.000,0,-,-,-,-,5451.2000,5451.0000,5450.8000,5450.4000,5450.0000,5453.0000,5454.8000,5455.8000,5456.2000,5456.4000,1,1,1,6,1,1,1,1,1,1
SF,IC2002,2020-01-07 09:33:35.000,5453.0000,4679,0,268293080.000,0,-,-,-,-,5451.2000,5451.0000,5450.4000,5450.0000,5446.2000,5453.0000,5454.8000,5455.8000,5456.2000,5456.4000,1,1,6,1,6,1,1,1,1,1
SF,IC2002,2020-01-07 09:33:36.000,5453.0000,4679,0,268293080.000,0,-,-,-,-,5452.0000,5451.6000,5451.2000,5451.0000,5450.4000,5453.0000,5455.8000,5456.2000,5456.4000,5457.6000,1,1,1,1,6,1,1,1,1,1
SF,IC2002,2020-01-07 09:33:36.500,5453.0000,4678,-1,269383680.000,1,0,1,双平,S,5452.0000,5451.6000,5451.2000,5451.0000,5450.4000,5456.4000,5457.6000,5458.0000,5458.4000,5458.8000,1,1,1,1,6,1,1,1,1,1
SF,IC2002,2020-01-07 09:33:37.000,5453.0000,4678,0,269383680.000,0,-,-,-,-,5452.0000,5451.6000,5451.2000,5451.0000,5450.4000,5456.2000,5456.4000,5457.6000,5458.0000,5458.4000,1,1,1,1,6,1,1,1,1,1
SF,IC2002,2020-01-07 09:33:37.500,5453.0000,4678,0,269383680.000,0,-,-,-,-,5452.0000,5451.6000,5451.2000,5451.0000,5450.4000,5456.2000,5457.6000,5458.0000,5458.4000,5458.8000,1,1,1,1,6,1,1,1,1,1
SF,IC2002,2020-01-07 09:33:38.000,5453.0000,4678,0,269383680.000,0,-,-,-,-,5452.2000,5452.0000,5451.6000,5450.4000,5450.0000,5453.6000,5456.0000,5456.2000,5457.6000,5458.0000,1,1,1,6,1,1,1,1,1,1
SF,IC2002,2020-01-07 09:33:38.500,5453.0000,4678,0,269383680.000,0,-,-,-,-,5452.2000,5452.0000,5451.6000,5450.4000,5450.0000,5456.0000,5456.2000,5457.6000,5458.0000,5458.4000,1,1,1,6,1,1,1,1,1,1
SF,IC2002,2020-01-07 09:33:39.000,5453.0000,4678,0,269383680.000,0,-,-,-,-,5452.2000,5452.0000,5451.6000,5450.4000,5450.0000,5455.8000,5456.0000,5457.6000,5458.4000,5458.8000,1,1,1,6,1,1,1,2,1,1
SF,IC2002,2020-01-07 09:33:39.500,5453.0000,4678,0,269383680.000,0,-,-,-,-,5452.2000,5452.0000,5451.6000,5450.4000,5450.0000,5455.8000,5456.0000,5457.6000,5458.4000,5458.8000,1,1,1,6,1,2,1,2,1,1
SF,IC2002,2020-01-07 09:33:40.000,5455.8000,4676,-2,271565960.000,2,0,2,双平,S,5452.2000,5452.0000,5451.6000,5450.4000,5450.0000,5455.8000,5456.0000,5457.6000,5458.4000,5458.8000,1,1,1,6,1,1,1,2,1,1
SF,IC2002,2020-01-07 09:33:40.500,5455.8000,4676,0,271565960.000,0,-,-,-,-,5452.2000,5452.0000,5451.6000,5450.4000,5450.0000,5455.8000,5456.0000,5457.6000,5458.4000,5458.8000,1,1,1,6,1,1,1,2,1,1
SF,IC2002,2020-01-07 09:33:41.000,5455.8000,4676,0,271565960.000,0,-,-,-,-,5452.2000,5452.0000,5451.6000,5450.4000,5450.0000,5455.8000,5456.0000,5457.2000,5457.6000,5458.4000,1,1,1,6,1,1,1,1,2,1
SF,IC2002,2020-01-07 09:33:41.500,5455.8000,4676,0,271565960.000,0,-,-,-,-,5452.4000,5452.2000,5452.0000,5451.6000,5450.4000,5454.6000,5456.0000,5457.2000,5457.6000,5458.4000,1,1,1,1,6,1,1,1,2,1
SF,IC2002,2020-01-07 09:33:42.000,5452.6000,4675,-1,272656480.000,1,0,1,双平,S,5452.4000,5452.2000,5452.0000,5451.6000,5450.4000,5456.0000,5457.2000,5457.6000,5458.4000,5458.8000,1,1,1,1,6,1,1,2,1,1
SF,IC2002,2020-01-07 09:33:42.500,5452.6000,4675,0,272656480.000,0,-,-,-,-,5452.6000,5452.4000,5452.2000,5452.0000,5451.6000,5453.2000,5454.4000,5455.8000,5456.0000,5457.2000,1,1,1,1,1,1,1,2,1,1
SF,IC2002,2020-01-07 09:33:43.000,5453.2000,4674,-1,273747120.000,1,0,1,双平,S,5452.6000,5452.4000,5452.2000,5452.0000,5451.6000,5454.4000,5455.8000,5456.0000,5457.2000,5457.6000,1,1,1,1,1,1,2,1,1,2
SF,IC2002,2020-01-07 09:33:43.500,5453.2000,4674,0,273747120.000,0,-,-,-,-,5452.8000,5452.6000,5452.2000,5450.4000,5450.0000,5453.2000,5454.4000,5455.8000,5456.0000,5457.2000,1,1,1,6,1,1,1,3,1,1
SF,IC2002,2020-01-07 09:33:44.000,5453.2000,4673,-1,274837760.000,1,0,1,双平,S,5452.8000,5452.6000,5452.2000,5450.4000,5450.0000,5454.4000,5455.8000,5456.0000,5457.2000,5457.6000,1,1,1,6,1,1,3,1,1,2
SF,IC2002,2020-01-07 09:33:44.500,5453.2000,4673,0,274837760.000,0,-,-,-,-,5452.8000,5452.6000,5452.2000,5450.4000,5450.0000,5453.2000,5454.4000,5455.6000,5455.8000,5456.0000,1,1,1,6,1,1,1,1,4,1
SF,IC2002,2020-01-07 09:33:45.000,5453.2000,4672,-1,275928400.000,1,0,1,双平,S,5452.8000,5452.2000,5450.4000,5450.0000,5446.2000,5453.2000,5454.4000,5455.6000,5455.8000,5456.0000,1,1,6,1,6,1,1,1,3,1
SF,IC2002,2020-01-07 09:33:45.500,5453.2000,4672,0,275928400.000,0,-,-,-,-,5452.8000,5452.2000,5450.4000,5450.0000,5446.2000,5454.4000,5455.6000,5455.8000,5456.0000,5457.2000,1,1,6,1,6,1,1,3,1,1
SF,IC2002,2020-01-07 09:33:46.000,5452.2000,4672,0,277018840.000,1,0,1,多换,S,5450.4000,5450.0000,5446.2000,5441.0000,5440.8000,5453.2000,5454.2000,5454.4000,5455.6000,5455.8000,6,1,6,3,3,1,1,1,1,2
SF,IC2002,2020-01-07 09:33:46.500,5452.2000,4672,0,277018840.000,0,-,-,-,-,5450.6000,5450.4000,5450.0000,5446.2000,5441.0000,5453.2000,5455.6000,5455.8000,5456.0000,5456.8000,2,6,1,6,3,2,1,2,1,1
SF,IC2002,2020-01-07 09:33:47.000,5452.2000,4672,0,277018840.000,0,-,-,-,-,5450.8000,5450.6000,5450.0000,5446.2000,5441.0000,5453.2000,5455.6000,5455.8000,5456.0000,5456.8000,7,2,1,6,3,1,1,2,1,1
SF,IC2002,2020-01-07 09:33:47.500,5452.2000,4672,0,277018840.000,0,-,-,-,-,5451.0000,5450.8000,5450.6000,5450.0000,5446.2000,5453.2000,5455.6000,5455.8000,5456.8000,5457.2000,1,7,1,1,6,1,1,2,1,1
SF,IC2002,2020-01-07 09:33:48.000,5451.0000,4672,0,278109040.000,1,0,1,多换,S,5450.8000,5450.6000,5450.0000,5446.2000,5441.0000,5452.8000,5455.6000,5455.8000,5456.8000,5457.2000,1,1,1,6,3,1,1,2,1,1
SF,IC2002,2020-01-07 09:33:48.500,5451.0000,4672,0,278109040.000,0,-,-,-,-,5450.0000,5446.2000,5441.0000,5440.8000,5440.0000,5452.6000,5452.8000,5455.6000,5455.8000,5456.8000,1,6,3,3,2,1,1,1,2,1
SF,IC2002,2020-01-07 09:33:49.000,5451.0000,4672,0,278109040.000,0,-,-,-,-,5450.4000,5450.0000,5446.2000,5441.0000,5440.8000,5452.6000,5455.6000,5455.8000,5456.8000,5457.2000,6,1,6,3,3,2,1,2,1,1
SF,IC2002,2020-01-07 09:33:49.500,5451.0000,4672,0,278109040.000,0,-,-,-,-,5450.4000,5450.0000,5446.2000,5441.0000,5440.8000,5455.6000,5455.8000,5456.8000,5457.2000,5457.6000,6,1,6,3,3,1,2,1,1,2
SF,IC2002,2020-01-07 09:33:50.000,5450.4000,4673,1,279199120.000,1,1,0,双开,S,5450.4000,5450.0000,5446.2000,5441.0000,5440.8000,5452.8000,5455.4000,5455.6000,5455.8000,5456.8000,5,1,6,3,3,2,1,1,2,1
SF,IC2002,2020-01-07 09:33:50.500,5450.4000,4673,0,280289200.000,1,0,1,多换,S,5450.4000,5450.0000,5446.2000,5441.0000,5440.8000,5452.8000,5455.4000,5455.6000,5455.8000,5456.8000,5,1,6,3,3,1,1,1,2,1
SF,IC2002,2020-01-07 09:33:51.000,5450.4000,4673,0,280289200.000,0,-,-,-,-,5450.6000,5450.4000,5450.0000,5446.2000,5441.0000,5455.4000,5455.6000,5455.8000,5456.8000,5457.2000,1,5,1,6,3,1,1,2,1,1
SF,IC2002,2020-01-07 09:33:51.500,5450.4000,4673,0,280289200.000,0,-,-,-,-,5450.6000,5450.4000,5450.0000,5446.2000,5441.0000,5453.0000,5453.6000,5455.2000,5455.4000,5455.6000,2,5,1,6,3,1,1,2,1,1
SF,IC2002,2020-01-07 09:33:52.000,5450.4000,4673,0,280289200.000,0,-,-,-,-,5450.6000,5450.4000,5450.0000,5446.2000,5441.0000,5453.0000,5455.2000,5455.4000,5455.6000,5455.8000,2,5,1,6,3,2,2,1,1,2
SF,IC2002,2020-01-07 09:33:52.500,5450.4000,4673,0,280289200.000,0,-,-,-,-,5450.8000,5450.6000,5450.4000,5450.0000,5446.2000,5453.0000,5455.2000,5455.4000,5455.6000,5455.8000,1,2,5,1,6,1,1,1,1,2
SF,IC2002,2020-01-07 09:33:53.000,5450.4000,4673,0,280289200.000,0,-,-,-,-,5450.8000,5450.6000,5450.4000,5450.0000,5446.2000,5452.8000,5453.0000,5455.2000,5455.4000,5455.6000,1,1,5,1,6,1,1,1,1,1
SF,IC2002,2020-01-07 09:33:53.500,5450.4000,4673,0,280289200.000,0,-,-,-,-,5451.0000,5450.8000,5450.4000,5450.0000,5446.2000,5452.8000,5455.2000,5455.4000,5455.6000,5455.8000,1,1,5,1,6,3,1,1,1,2
SF,IC2002,2020-01-07 09:33:54.000,5451.0000,4672,-1,281379400.000,1,0,1,双平,S,5450.8000,5450.4000,5450.0000,5446.2000,5441.0000,5452.8000,5454.2000,5455.2000,5455.4000,5455.6000,1,5,1,6,3,2,1,1,1,1
SF,IC2002,2020-01-07 09:33:55.500,5451.0000,4672,0,281379400.000,0,-,-,-,-,5450.8000,5450.4000,5450.0000,5446.2000,5441.0000,5452.8000,5454.2000,5455.2000,5455.4000,5455.6000,1,5,1,6,3,2,1,2,1,1
SF,IC2002,2020-01-07 09:33:56.000,5451.0000,4672,0,281379400.000,0,-,-,-,-,5450.8000,5450.4000,5450.0000,5446.2000,5441.0000,5452.8000,5454.2000,5455.2000,5455.4000,5455.6000,1,5,1,6,3,1,1,2,1,1
SF,IC2002,2020-01-07 09:33:58.000,5451.0000,4672,0,281379400.000,0,-,-,-,-,5450.8000,5450.4000,5450.0000,5446.2000,5441.0000,5452.8000,5455.2000,5455.4000,5455.6000,5455.8000,1,5,1,6,3,2,2,1,1,2
SF,IC2002,2020-01-07 09:33:58.500,5450.8000,4672,0,282469560.000,1,0,1,多换,S,5450.4000,5450.0000,5446.2000,5441.0000,5440.8000,5452.8000,5455.2000,5455.4000,5455.6000,5455.8000,5,1,6,3,3,2,2,1,1,2
SF,IC2002,2020-01-07 09:33:59.000,5450.8000,4672,0,282469560.000,0,-,-,-,-,5450.0000,5446.2000,5441.0000,5440.8000,5440.0000,5452.6000,5452.8000,5455.2000,5455.6000,5455.8000,1,6,3,3,2,2,1,1,1,2
SF,IC2002,2020-01-07 09:33:59.500,5450.8000,4672,0,282469560.000,0,-,-,-,-,5450.0000,5446.2000,5441.0000,5440.8000,5440.0000,5451.6000,5452.6000,5455.2000,5455.6000,5455.8000,1,6,3,3,2,1,4,1,1,2
SF,IC2002,2020-01-07 09:34:00.000,5450.8000,4672,0,282469560.000,0,-,-,-,-,5450.2000,5450.0000,5446.2000,5441.0000,5440.8000,5452.6000,5455.2000,5455.6000,5455.8000,5456.0000,1,1,6,3,3,3,1,1,2,1
SF,IC2002,2020-01-07 09:34:00.500,5450.8000,4672,0,282469560.000,0,-,-,-,-,5450.2000,5450.0000,5446.2000,5441.0000,5440.8000,5451.6000,5452.4000,5452.6000,5455.2000,5455.6000,1,1,6,3,3,1,1,3,1,1
SF,IC2002,2020-01-07 09:34:01.000,5450.8000,4672,0,282469560.000,0,-,-,-,-,5450.2000,5450.0000,5446.2000,5441.0000,5440.8000,5452.4000,5452.6000,5455.2000,5455.6000,5455.8000,1,1,6,3,3,1,3,1,1,2
SF,IC2002,2020-01-07 09:34:01.500,5450.8000,4672,0,282469560.000,0,-,-,-,-,5450.2000,5450.0000,5446.2000,5441.0000,5440.8000,5452.2000,5452.4000,5452.6000,5455.2000,5455.6000,1,1,6,3,3,2,1,1,1,1
SF,IC2002,2020-01-07 09:34:02.000,5450.8000,4672,0,282469560.000,0,-,-,-,-,5450.2000,5450.0000,5446.2000,5441.0000,5440.8000,5452.0000,5452.2000,5452.6000,5455.2000,5455.6000,1,1,6,3,3,1,1,1,1,1
SF,IC2002,2020-01-07 09:34:02.500,5450.8000,4672,0,282469560.000,0,-,-,-,-,5450.2000,5450.0000,5446.2000,5441.0000,5440.8000,5452.0000,5452.2000,5452.6000,5455.2000,5455.6000,1,1,6,3,3,2,1,1,1,1
SF,IC2002,2020-01-07 09:34:03.000,5450.8000,4672,0,282469560.000,0,-,-,-,-,5450.2000,5450.0000,5446.2000,5441.0000,5440.8000,5452.0000,5452.2000,5455.2000,5455.6000,5455.8000,1,1,6,3,3,1,1,1,1,2
SF,IC2002,2020-01-07 09:34:03.500,5450.8000,4672,0,282469560.000,0,-,-,-,-,5450.2000,5450.0000,5446.2000,5441.0000,5440.8000,5451.8000,5452.0000,5452.2000,5455.2000,5455.6000,1,1,6,3,3,2,2,1,1,1
SF,IC2002,2020-01-07 09:34:04.000,5450.2000,4672,0,283559600.000,1,0,1,多换,S,5446.2000,5441.0000,5440.8000,5440.0000,5435.4000,5451.6000,5451.8000,5452.0000,5455.2000,5455.6000,6,3,3,2,1,1,3,1,1,1
SF,IC2002,2020-01-07 09:34:04.500,5450.2000,4672,0,283559600.000,0,-,-,-,-,5447.2000,5446.6000,5446.4000,5446.2000,5441.0000,5450.2000,5451.4000,5451.6000,5451.8000,5452.0000,1,6,2,7,3,1,1,1,2,1
SF,IC2002,2020-01-07 09:34:05.000,5450.2000,4673,1,284649640.000,1,1,0,双开,S,5448.6000,5447.6000,5447.4000,5447.2000,5446.4000,5451.4000,5451.8000,5452.0000,5455.2000,5455.6000,1,5,1,1,1,1,1,1,1,1
SF,IC2002,2020-01-07 09:34:05.500,5450.2000,4673,0,284649640.000,0,-,-,-,-,5449.0000,5448.6000,5447.2000,5446.4000,5446.2000,5451.2000,5451.4000,5451.8000,5452.0000,5455.2000,5,1,1,1,7,1,1,1,1,1
SF,IC2002,2020-01-07 09:34:06.000,5450.2000,4673,0,284649640.000,0,-,-,-,-,5448.6000,5447.2000,5446.4000,5446.2000,5441.0000,5451.2000,5451.4000,5451.8000,5455.2000,5455.6000,1,1,1,7,3,1,1,1,1,1
SF,IC2002,2020-01-07 09:34:06.500,5450.2000,4673,0,284649640.000,0,-,-,-,-,5448.8000,5448.6000,5447.2000,5446.4000,5446.2000,5451.2000,5451.4000,5451.8000,5455.2000,5455.6000,5,1,1,1,7,1,1,1,1,1
SF,IC2002,2020-01-07 09:34:07.000,5450.2000,4673,0,284649640.000,0,-,-,-,-,5448.6000,5447.2000,5446.4000,5446.2000,5441.0000,5451.2000,5451.8000,5455.2000,5455.6000,5455.8000,1,1,1,7,3,2,1,1,1,1
SF,IC2002,2020-01-07 09:34:07.500,5448.6000,4672,-1,285739360.000,1,0,1,双平,S,5447.2000,5446.2000,5441.0000,5440.8000,5440.0000,5451.0000,5451.2000,5455.2000,5455.6000,5455.8000,1,7,3,3,2,2,2,1,1,1
SF,IC2002,2020-01-07 09:34:08.000,5448.6000,4672,0,285739360.000,0,-,-,-,-,5447.6000,5447.4000,5447.2000,5446.2000,5441.0000,5451.0000,5455.2000,5455.6000,5455.8000,5456.8000,5,1,1,7,3,3,1,1,1,1
SF,IC2002,2020-01-07 09:34:08.500,5448.6000,4672,0,285739360.000,0,-,-,-,-,5447.6000,5447.4000,5447.2000,5446.2000,5441.0000,5451.0000,5455.2000,5455.6000,5455.8000,5456.8000,5,1,1,7,3,2,1,1,1,1
SF,IC2002,2020-01-07 09:34:10.000,5448.6000,4672,0,285739360.000,0,-,-,-,-,5447.6000,5447.4000,5447.2000,5446.2000,5441.0000,5451.0000,5455.2000,5455.6000,5455.8000,5456.8000,5,1,1,7,3,3,1,1,1,1
SF,IC2002,2020-01-07 09:34:11.000,5448.6000,4672,0,285739360.000,0,-,-,-,-,5447.6000,5447.4000,5447.2000,5446.2000,5441.0000,5450.8000,5451.0000,5455.2000,5455.6000,5455.8000,5,1,1,7,3,1,3,1,1,1
SF,IC2002,2020-01-07 09:34:11.500,5448.6000,4672,0,285739360.000,0,-,-,-,-,5447.6000,5447.4000,5447.2000,5446.2000,5441.0000,5450.4000,5450.8000,5451.0000,5455.2000,5455.6000,5,1,1,7,3,1,2,1,1,1
SF,IC2002,2020-01-07 09:34:12.000,5448.6000,4672,0,285739360.000,0,-,-,-,-,5447.6000,5447.4000,5447.2000,5446.2000,5441.0000,5450.4000,5450.8000,5451.0000,5455.2000,5455.6000,5,1,1,7,3,1,1,1,1,1
SF,IC2002,2020-01-07 09:34:12.500,5448.6000,4672,0,285739360.000,0,-,-,-,-,5447.6000,5447.4000,5447.2000,5446.2000,5441.0000,5450.2000,5450.4000,5450.8000,5451.0000,5455.2000,5,1,1,7,3,2,1,1,1,1
SF,IC2002,2020-01-07 09:34:13.000,5448.6000,4672,0,285739360.000,0,-,-,-,-,5447.2000,5446.2000,5441.0000,5440.8000,5440.4000,5450.0000,5450.2000,5450.8000,5451.0000,5455.2000,1,2,3,3,5,1,3,1,1,1
SF,IC2002,2020-01-07 09:34:13.500,5448.6000,4672,0,285739360.000,0,-,-,-,-,5447.2000,5446.2000,5441.0000,5440.8000,5440.4000,5449.6000,5450.0000,5450.2000,5450.8000,5451.0000,1,2,3,3,5,1,1,2,1,1
SF,IC2002,2020-01-07 09:34:14.000,5448.6000,4672,0,285739360.000,0,-,-,-,-,5447.2000,5446.2000,5441.0000,5440.8000,5440.4000,5449.6000,5450.2000,5450.8000,5451.0000,5455.2000,1,1,3,3,5,3,2,1,1,1
SF,IC2002,2020-01-07 09:34:14.500,5448.6000,4672,0,285739360.000,0,-,-,-,-,5447.2000,5446.2000,5441.0000,5440.8000,5440.4000,5449.4000,5449.6000,5450.2000,5451.0000,5455.2000,1,1,3,3,5,1,2,1,1,1
SF,IC2002,2020-01-07 09:34:15.000,5448.6000,4672,0,285739360.000,0,-,-,-,-,5447.2000,5446.2000,5441.0000,5440.8000,5440.4000,5449.4000,5450.2000,5451.0000,5455.2000,5455.6000,1,1,3,3,5,2,1,1,1,1
SF,IC2002,2020-01-07 09:34:16.000,5448.6000,4672,0,285739360.000,0,-,-,-,-,5447.2000,5446.2000,5441.0000,5440.8000,5440.4000,5449.4000,5451.0000,5455.2000,5455.6000,5456.8000,1,1,3,3,5,2,1,1,1,1
SF,IC2002,2020-01-07 09:34:16.500,5448.6000,4672,0,285739360.000,0,-,-,-,-,5447.2000,5446.2000,5441.0000,5440.8000,5440.4000,5449.2000,5449.4000,5451.0000,5455.2000,5455.6000,1,1,3,3,5,1,1,1,1,1
SF,IC2002,2020-01-07 09:34:17.500,5448.6000,4672,0,285739360.000,0,-,-,-,-,5447.2000,5446.2000,5441.0000,5440.8000,5440.4000,5449.2000,5451.0000,5455.2000,5455.6000,5456.8000,1,1,3,3,5,1,1,1,1,1
SF,IC2002,2020-01-07 09:34:18.000,5447.2000,4673,1,286828800.000,1,1,0,双开,S,5446.2000,5441.0000,5440.8000,5440.4000,5440.0000,5451.0000,5455.2000,5455.6000,5456.8000,5457.6000,1,3,3,5,2,1,1,1,1,1
SF,IC2002,2020-01-07 09:34:18.500,5447.2000,4673,0,286828800.000,0,-,-,-,-,5446.6000,5446.2000,5441.0000,5440.8000,5440.4000,5450.2000,5450.4000,5450.8000,5451.0000,5455.2000,5,2,3,3,5,1,1,1,1,1
SF,IC2002,2020-01-07 09:34:19.000,5447.2000,4673,0,286828800.000,0,-,-,-,-,5446.8000,5446.6000,5446.2000,5441.0000,5440.8000,5450.0000,5450.8000,5451.0000,5455.2000,5455.6000,1,5,1,3,3,1,1,1,1,1
SF,IC2002,2020-01-07 09:34:19.500,5447.2000,4673,0,286828800.000,0,-,-,-,-,5447.2000,5447.0000,5446.8000,5446.2000,5441.0000,5450.0000,5451.0000,5455.6000,5456.8000,5457.6000,5,1,1,1,3,1,1,1,1,1
SF,IC2002,2020-01-07 09:34:20.000,5447.2000,4673,0,286828800.000,0,-,-,-,-,5447.8000,5447.4000,5447.2000,5447.0000,5446.2000,5451.0000,5455.6000,5456.8000,5457.6000,5458.4000,1,2,5,1,1,1,1,1,1,1
SF,IC2002,2020-01-07 09:34:20.500,5447.2000,4673,0,286828800.000,0,-,-,-,-,5448.0000,5447.8000,5447.4000,5446.2000,5441.0000,5451.0000,5455.6000,5456.8000,5457.6000,5458.4000,6,2,1,1,3,1,1,1,1,1
SF,IC2002,2020-01-07 09:34:21.000,5447.2000,4673,0,286828800.000,0,-,-,-,-,5448.2000,5448.0000,5447.8000,5447.4000,5446.2000,5455.6000,5456.8000,5457.6000,5458.4000,5458.8000,3,6,1,1,1,1,1,1,1,1
SF,IC2002,2020-01-07 09:34:21.500,5447.2000,4673,0,286828800.000,0,-,-,-,-,5450.0000,5448.6000,5448.2000,5447.8000,5447.4000,5451.8000,5452.4000,5455.4000,5455.6000,5455.8000,1,5,1,1,1,1,1,1,1,1
SF,IC2002,2020-01-07 09:34:22.000,5447.2000,4673,0,286828800.000,0,-,-,-,-,5448.8000,5448.6000,5447.4000,5446.2000,5441.0000,5451.6000,5451.8000,5455.6000,5455.8000,5456.8000,1,6,1,1,3,1,2,1,1,1
SF,IC2002,2020-01-07 09:34:22.500,5448.0000,4672,-1,287918400.000,1,0,1,双平,S,5449.0000,5448.6000,5447.4000,5446.2000,5441.0000,5451.4000,5451.6000,5451.8000,5455.6000,5455.8000,4,1,1,1,3,2,2,1,1,1
SF,IC2002,2020-01-07 09:34:23.000,5448.0000,4672,0,287918400.000,0,-,-,-,-,5450.0000,5449.4000,5449.0000,5448.6000,5447.4000,5450.4000,5451.4000,5451.6000,5455.6000,5455.8000,1,1,4,1,1,1,2,2,1,1
SF,IC2002,2020-01-07 09:34:23.500,5450.4000,4671,-1,289008480.000,1,0,1,双平,S,5450.0000,5449.4000,5449.0000,5448.6000,5448.4000,5450.4000,5451.4000,5451.6000,5455.6000,5455.8000,1,1,4,1,1,1,1,2,1,1
SF,IC2002,2020-01-07 09:34:24.000,5450.4000,4670,-1,290098560.000,1,0,1,双平,S,5450.4000,5450.0000,5449.0000,5448.6000,5448.4000,5451.4000,5451.6000,5455.6000,5455.8000,5456.8000,1,1,4,1,1,1,2,1,1,1
SF,IC2002,2020-01-07 09:34:24.500,5450.4000,4670,0,290098560.000,0,-,-,-,-,5449.0000,5448.6000,5448.4000,5447.4000,5446.2000,5451.6000,5455.6000,5455.8000,5456.8000,5457.6000,4,1,1,1,1,2,1,1,1,1
SF,IC2002,2020-01-07 09:34:25.000,5450.4000,4670,0,290098560.000,0,-,-,-,-,5450.0000,5449.0000,5448.6000,5448.4000,5447.4000,5451.6000,5455.6000,5455.8000,5456.8000,5457.6000,1,5,1,1,1,1,1,1,1,1
