市场代码,合约代码,时间,最新,持仓,增仓,成交额,成交量,开仓,平仓,成交类型,方向,买一价,买二价,买三价,买四价,买五价,卖一价,卖二价,卖三价,卖四价,卖五价,买一量,买二量,买三量,买四量,买五量,卖一量,卖二量,卖三量,卖四量,卖五量
SF,IC2009,2020-04-09 09:29:00.400,5010.0000,35369,0,18036000.000,18.000,-,-,-,-,5005.0000,5004.4000,5002.4000,5002.0000,5001.8000,5010.0000,5015.0000,5015.6000,5018.0000,5019.0000,5,1,2,1,1,3,8,1,3,14
SF,IC2009,2020-04-09 09:30:00.400,5009.0000,35365,-4,33063680.000,15,5,10,多平,S,5009.0000,5005.4000,5005.2000,5005.0000,5004.4000,5015.0000,5015.6000,5018.0000,5019.0000,5020.0000,3,5,2,6,1,6,1,3,14,1
SF,IC2009,2020-04-09 09:30:00.900,5009.6000,35355,-10,50107760.000,17,3,14,多平,S,5009.4000,5009.2000,5009.0000,5007.2000,5006.4000,5015.0000,5015.6000,5018.0000,5019.0000,5020.0000,1,4,3,1,2,7,1,3,14,1
SF,IC2009,2020-04-09 09:30:01.400,5009.6000,35355,0,50107760.000,0,-,-,-,-,5010.4000,5009.8000,5009.6000,5009.4000,5009.2000,5014.8000,5015.0000,5015.6000,5018.0000,5019.0000,1,1,5,1,1,1,9,1,3,14
SF,IC2009,2020-04-09 09:30:01.900,5015.0000,35353,-2,53116720.000,3,0,3,多平,S,5011.2000,5010.6000,5010.4000,5009.8000,5009.6000,5015.0000,5015.6000,5018.0000,5019.0000,5020.0000,2,7,2,2,1,7,1,3,14,1
SF,IC2009,2020-04-09 09:30:02.400,5011.4000,35348,-5,59133760.000,6,0,6,多平,S,5011.4000,5011.2000,5010.6000,5010.4000,5010.2000,5014.8000,5015.0000,5015.6000,5018.0000,5019.0000,4,3,2,2,1,1,4,1,3,14
SF,IC2009,2020-04-09 09:30:02.900,5011.4000,35347,-1,60136040.000,1,0,1,双平,S,5012.0000,5011.6000,5011.4000,5011.2000,5010.6000,5014.8000,5015.0000,5015.6000,5018.0000,5019.0000,1,1,4,5,2,1,5,1,3,14
SF,IC2009,2020-04-09 09:30:03.400,5014.8000,35347,0,61139000.000,1,0,1,多换,S,5014.8000,5014.0000,5012.8000,5012.2000,5012.0000,5015.0000,5015.6000,5018.0000,5019.0000,5020.0000,1,1,3,6,3,5,1,3,14,1
SF,IC2009,2020-04-09 09:30:03.900,5015.0000,35347,0,65150960.000,4,2,2,多换,S,5014.0000,5013.8000,5012.8000,5012.2000,5012.0000,5015.0000,5015.6000,5018.0000,5019.0000,5020.0000,4,1,3,4,3,2,1,3,14,1
SF,IC2009,2020-04-09 09:30:04.400,5015.0000,35347,0,65150960.000,0,-,-,-,-,5014.8000,5014.2000,5013.8000,5012.8000,5012.2000,5015.0000,5015.6000,5018.0000,5019.0000,5020.0000,4,5,1,3,2,2,1,3,14,1
SF,IC2009,2020-04-09 09:30:04.900,5015.6000,35347,0,68160080.000,3,1,2,多换,S,5016.6000,5016.4000,5015.4000,5015.0000,5014.8000,5018.0000,5019.0000,5020.0000,5023.0000,5025.0000,2,1,1,4,2,3,14,2,1,5
SF,IC2009,2020-04-09 09:30:05.400,5015.6000,35347,0,68160080.000,0,-,-,-,-,5016.6000,5016.4000,5015.4000,5015.0000,5014.8000,5017.8000,5018.0000,5019.0000,5020.0000,5023.0000,2,1,1,7,2,1,3,14,2,1
SF,IC2009,2020-04-09 09:30:05.900,5015.6000,35347,0,68160080.000,0,-,-,-,-,5017.2000,5016.8000,5016.6000,5016.4000,5015.4000,5017.8000,5018.0000,5019.0000,5020.0000,5023.0000,1,1,1,1,1,1,3,14,2,1
SF,IC2009,2020-04-09 09:30:06.400,5017.2000,35346,-1,69163520.000,1,0,1,双平,S,5016.8000,5016.6000,5016.4000,5015.4000,5015.0000,5018.0000,5019.0000,5020.0000,5023.0000,5025.0000,1,1,1,1,8,3,14,2,1,5
SF,IC2009,2020-04-09 09:30:06.900,5015.4000,35342,-4,76186600.000,7,1,6,多平,S,5015.0000,5014.8000,5013.8000,5012.8000,5012.2000,5017.0000,5017.8000,5018.0000,5019.0000,5020.0000,8,2,1,2,1,1,1,3,14,2
SF,IC2009,2020-04-09 09:30:07.400,5015.4000,35342,0,76186600.000,0,-,-,-,-,5016.4000,5016.0000,5015.4000,5015.2000,5015.0000,5017.8000,5018.0000,5019.0000,5020.0000,5023.0000,3,1,1,6,8,1,3,14,2,1
SF,IC2009,2020-04-09 09:30:07.900,5016.0000,35340,-2,79196560.000,3,0,3,多平,S,5016.0000,5015.4000,5015.2000,5015.0000,5014.8000,5017.8000,5018.0000,5019.0000,5020.0000,5023.0000,1,1,3,9,2,1,3,14,2,1
SF,IC2009,2020-04-09 09:30:08.400,5016.0000,35340,0,79196560.000,0,-,-,-,-,5016.2000,5016.0000,5015.8000,5015.4000,5015.2000,5017.8000,5018.0000,5019.0000,5020.0000,5023.0000,1,2,1,1,3,1,3,14,2,1
SF,IC2009,2020-04-09 09:30:08.900,5016.0000,35340,0,79196560.000,0,-,-,-,-,5015.4000,5015.2000,5015.0000,5014.8000,5013.8000,5017.8000,5018.0000,5019.0000,5020.0000,5023.0000,1,1,6,1,1,1,3,14,2,1
SF,IC2009,2020-04-09 09:30:09.400,5017.8000,35340,0,80200120.000,1,0,1,多换,S,5016.6000,5016.0000,5015.8000,5015.6000,5015.4000,5018.0000,5019.0000,5020.0000,5023.0000,5025.0000,2,2,1,3,1,3,14,2,1,5
SF,IC2009,2020-04-09 09:30:09.900,5017.8000,35339,-1,82207240.000,2,0,2,多平,S,5015.6000,5015.4000,5015.0000,5014.8000,5013.8000,5017.8000,5018.0000,5019.0000,5020.0000,5023.0000,2,1,5,1,1,1,3,14,2,1
SF,IC2009,2020-04-09 09:30:10.400,5017.8000,35336,-3,85217960.000,3,0,3,双平,S,5017.8000,5016.0000,5015.8000,5015.6000,5015.4000,5018.0000,5019.0000,5020.0000,5023.0000,5025.0000,1,1,1,2,1,2,14,2,1,5
SF,IC2009,2020-04-09 09:30:10.900,5018.0000,35334,-2,88228720.000,3,0,3,多平,S,5016.0000,5015.8000,5015.6000,5015.4000,5015.0000,5016.6000,5017.6000,5019.0000,5020.0000,5023.0000,3,1,2,1,5,1,2,14,2,1
SF,IC2009,2020-04-09 09:30:11.400,5016.6000,35329,-5,93245320.000,5,0,5,双平,S,5016.2000,5016.0000,5015.8000,5015.6000,5015.4000,5018.0000,5019.0000,5020.0000,5023.0000,5025.0000,1,3,1,1,1,1,14,2,1,5
SF,IC2009,2020-04-09 09:30:11.900,5016.6000,35329,0,93245320.000,0,-,-,-,-,5016.4000,5016.2000,5016.0000,5015.8000,5015.4000,5018.0000,5019.0000,5020.0000,5023.0000,5025.0000,1,1,3,1,1,1,14,2,1,5
SF,IC2009,2020-04-09 09:30:12.400,5016.6000,35329,0,93245320.000,0,-,-,-,-,5016.4000,5016.2000,5016.0000,5015.8000,5015.4000,5018.0000,5019.0000,5020.0000,5023.0000,5025.0000,2,1,3,1,1,1,14,2,1,5
SF,IC2009,2020-04-09 09:30:12.900,5017.8000,35329,0,94248880.000,1,0,1,多换,S,5016.4000,5016.2000,5016.0000,5015.4000,5015.0000,5018.0000,5019.0000,5020.0000,5023.0000,5025.0000,2,1,2,1,4,1,14,2,1,5
SF,IC2009,2020-04-09 09:30:13.400,5016.4000,35328,-1,95252160.000,1,0,1,双平,S,5016.4000,5016.2000,5016.0000,5015.4000,5015.0000,5018.0000,5019.0000,5020.0000,5023.0000,5025.0000,1,1,1,1,4,1,14,2,1,5
SF,IC2009,2020-04-09 09:30:13.900,5016.4000,35328,0,96255440.000,1,0,1,多换,S,5017.0000,5016.6000,5016.4000,5016.0000,5015.4000,5018.0000,5019.0000,5020.0000,5023.0000,5025.0000,4,1,1,1,1,1,14,2,1,5
SF,IC2009,2020-04-09 09:30:14.400,5016.4000,35328,0,98262000.000,2,1,1,多换,S,5017.0000,5016.6000,5016.4000,5016.0000,5015.4000,5018.0000,5019.0000,5020.0000,5023.0000,5025.0000,2,1,1,1,1,1,14,2,1,5
SF,IC2009,2020-04-09 09:30:14.900,5017.0000,35328,0,101272360.000,3,1,2,多换,S,5016.6000,5016.4000,5016.0000,5015.4000,5015.0000,5018.0000,5019.0000,5020.0000,5023.0000,5025.0000,1,1,1,1,3,1,14,2,1,5
SF,IC2009,2020-04-09 09:30:15.400,5016.6000,35327,-1,102275680.000,1,0,1,双平,S,5016.4000,5016.0000,5015.8000,5015.4000,5015.0000,5017.0000,5018.0000,5019.0000,5020.0000,5023.0000,2,1,1,1,3,1,1,14,2,1
SF,IC2009,2020-04-09 09:30:15.900,5016.6000,35327,0,102275680.000,0,-,-,-,-,5016.4000,5016.0000,5015.8000,5015.4000,5015.0000,5017.0000,5018.0000,5019.0000,5020.0000,5023.0000,1,1,1,1,3,2,1,14,4,1
SF,IC2009,2020-04-09 09:30:16.400,5016.4000,35327,0,103278960.000,1,0,1,多换,S,5016.0000,5015.8000,5015.4000,5015.0000,5012.8000,5017.0000,5018.0000,5019.0000,5020.0000,5023.0000,1,1,1,3,2,2,1,14,4,1
SF,IC2009,2020-04-09 09:30:16.900,5016.4000,35327,0,103278960.000,0,-,-,-,-,5016.0000,5015.8000,5015.4000,5015.0000,5012.8000,5016.4000,5017.0000,5018.0000,5019.0000,5020.0000,1,1,1,3,2,1,2,1,14,4
SF,IC2009,2020-04-09 09:30:17.400,5016.4000,35326,-1,104282240.000,1,0,1,双平,S,5016.0000,5015.8000,5015.4000,5015.0000,5012.8000,5016.4000,5017.0000,5018.0000,5019.0000,5020.0000,1,1,1,3,2,1,1,1,14,4
SF,IC2009,2020-04-09 09:30:17.900,5016.4000,35325,-1,105285520.000,1,0,1,双平,S,5016.4000,5016.0000,5015.8000,5015.4000,5015.0000,5017.0000,5018.0000,5019.0000,5020.0000,5023.0000,1,1,1,1,3,1,1,14,4,1
SF,IC2009,2020-04-09 09:30:18.400,5016.4000,35325,0,109298560.000,4,2,2,多换,S,5015.8000,5015.4000,5015.0000,5012.8000,5012.0000,5016.4000,5017.0000,5018.0000,5019.0000,5020.0000,1,1,3,2,2,1,1,1,14,4
SF,IC2009,2020-04-09 09:30:18.900,5016.0000,35325,0,111304920.000,2,1,1,多换,S,5015.4000,5015.0000,5012.8000,5012.0000,5011.2000,5016.4000,5017.0000,5018.0000,5019.0000,5020.0000,1,3,2,2,2,2,1,1,14,3
SF,IC2009,2020-04-09 09:30:19.400,5016.0000,35325,0,111304920.000,0,-,-,-,-,5015.4000,5015.0000,5012.8000,5012.0000,5011.2000,5016.2000,5016.4000,5017.0000,5018.0000,5019.0000,1,3,2,2,2,2,2,1,1,14
SF,IC2009,2020-04-09 09:30:19.900,5016.0000,35324,-1,112308120.000,1,0,1,双平,S,5015.4000,5015.0000,5012.8000,5012.0000,5011.2000,5016.2000,5016.4000,5017.0000,5018.0000,5019.0000,1,3,2,2,2,2,3,1,1,14
SF,IC2009,2020-04-09 09:30:20.400,5016.4000,35325,1,116321200.000,4,2,2,空开,S,5016.4000,5015.4000,5015.0000,5012.8000,5012.0000,5017.0000,5018.0000,5019.0000,5020.0000,5023.0000,2,1,3,2,2,1,1,14,3,1
SF,IC2009,2020-04-09 09:30:20.900,5016.4000,35325,0,116321200.000,0,-,-,-,-,5016.4000,5015.4000,5015.0000,5012.8000,5012.0000,5017.0000,5018.0000,5019.0000,5020.0000,5023.0000,2,3,3,2,2,1,1,14,3,1
SF,IC2009,2020-04-09 09:30:21.400,5015.4000,35325,0,119330840.000,3,1,2,多换,S,5015.0000,5012.8000,5012.0000,5011.2000,5010.4000,5015.4000,5016.2000,5017.0000,5018.0000,5019.0000,3,2,2,2,3,2,2,1,1,14
SF,IC2009,2020-04-09 09:30:21.900,5015.4000,35324,-1,120333920.000,1,0,1,双平,S,5015.0000,5012.8000,5012.0000,5011.2000,5010.4000,5015.4000,5016.0000,5016.2000,5017.0000,5018.0000,3,2,2,2,3,1,1,2,1,1
SF,IC2009,2020-04-09 09:30:22.400,5015.4000,35324,0,120333920.000,0,-,-,-,-,5015.2000,5015.0000,5012.8000,5012.0000,5011.2000,5015.4000,5016.0000,5016.2000,5016.4000,5017.0000,2,3,2,2,2,2,1,2,2,1
SF,IC2009,2020-04-09 09:30:22.900,5015.4000,35322,-2,122340080.000,2,0,2,双平,S,5015.6000,5015.2000,5015.0000,5012.8000,5012.0000,5016.0000,5016.2000,5016.4000,5017.0000,5018.0000,2,2,3,2,2,1,2,2,1,1
SF,IC2009,2020-04-09 09:30:23.400,5015.0000,35318,-4,128358400.000,6,1,5,多平,S,5015.0000,5012.8000,5012.0000,5011.2000,5010.4000,5016.0000,5016.2000,5016.4000,5017.0000,5018.0000,1,2,2,2,3,1,2,2,1,1
SF,IC2009,2020-04-09 09:30:23.900,5015.2000,35318,0,130364440.000,2,1,1,多换,S,5012.8000,5012.0000,5011.2000,5010.4000,5010.0000,5015.2000,5015.8000,5016.0000,5016.2000,5016.4000,2,2,2,3,2,2,1,1,2,2
SF,IC2009,2020-04-09 09:30:24.400,5013.0000,35317,-1,131367040.000,1,0,1,双平,S,5013.0000,5012.0000,5011.2000,5010.4000,5010.0000,5015.2000,5015.4000,5015.8000,5016.0000,5016.2000,1,1,2,3,2,2,1,1,1,2
SF,IC2009,2020-04-09 09:30:24.900,5013.0000,35317,0,131367040.000,0,-,-,-,-,5013.6000,5013.2000,5013.0000,5012.8000,5012.0000,5015.0000,5015.2000,5015.4000,5016.0000,5016.2000,2,1,1,1,1,1,2,1,1,2
SF,IC2009,2020-04-09 09:30:25.400,5014.8000,35316,-1,132370000.000,1,0,1,双平,S,5015.0000,5013.8000,5013.2000,5013.0000,5012.8000,5015.2000,5015.4000,5016.0000,5016.2000,5016.4000,1,1,2,1,1,2,1,1,2,2
SF,IC2009,2020-04-09 09:30:25.900,5015.0000,35315,-1,133373000.000,1,0,1,双平,S,5015.0000,5013.8000,5013.0000,5012.8000,5012.0000,5015.2000,5015.4000,5016.0000,5016.2000,5016.4000,2,3,1,1,1,2,1,1,2,2
SF,IC2009,2020-04-09 09:30:26.400,5015.0000,35315,0,135379000.000,2,1,1,多换,S,5013.8000,5013.0000,5012.0000,5011.2000,5010.4000,5015.2000,5015.4000,5016.0000,5016.2000,5016.4000,1,1,1,2,3,2,1,2,2,2
SF,IC2009,2020-04-09 09:30:26.900,5015.0000,35315,0,135379000.000,0,-,-,-,-,5014.0000,5013.8000,5013.0000,5012.0000,5011.2000,5015.2000,5015.4000,5016.0000,5016.2000,5016.4000,1,1,1,1,2,2,1,2,2,2
SF,IC2009,2020-04-09 09:30:27.400,5015.0000,35315,0,135379000.000,0,-,-,-,-,5014.2000,5013.0000,5012.0000,5011.2000,5010.4000,5015.2000,5015.4000,5016.0000,5016.2000,5016.4000,5,1,1,2,3,2,1,2,2,2
SF,IC2009,2020-04-09 09:30:27.900,5015.4000,35312,-3,138388160.000,3,0,3,双平,S,5015.4000,5015.2000,5014.6000,5014.2000,5013.0000,5016.0000,5016.2000,5016.4000,5017.0000,5017.2000,1,2,1,3,1,2,2,2,1,1
SF,IC2009,2020-04-09 09:30:28.400,5014.2000,35304,-8,146412000.000,8,0,8,双平,S,5013.4000,5013.0000,5012.0000,5011.2000,5010.4000,5016.0000,5016.2000,5016.4000,5017.0000,5018.0000,1,1,1,2,3,2,2,2,1,1
SF,IC2009,2020-04-09 09:30:28.900,5014.2000,35304,0,146412000.000,0,-,-,-,-,5013.6000,5013.4000,5013.0000,5012.0000,5011.2000,5015.4000,5015.8000,5016.0000,5016.2000,5016.4000,2,1,1,1,2,1,1,2,2,2
SF,IC2009,2020-04-09 09:30:29.400,5015.2000,35304,0,149421120.000,3,1,2,多换,S,5015.2000,5014.2000,5013.8000,5013.6000,5013.0000,5016.0000,5016.2000,5016.4000,5017.0000,5018.0000,2,1,1,2,1,2,2,2,1,1
SF,IC2009,2020-04-09 09:30:29.900,5016.0000,35302,-2,153433600.000,4,1,3,多平,S,5016.0000,5014.2000,5013.6000,5013.0000,5012.4000,5016.2000,5016.4000,5017.0000,5018.0000,5019.0000,8,1,1,1,1,2,2,2,1,14
SF,IC2009,2020-04-09 09:30:30.400,5016.0000,35294,-8,161459200.000,8,0,8,双平,S,5014.2000,5013.6000,5013.0000,5012.4000,5012.0000,5015.0000,5016.0000,5016.4000,5017.0000,5018.0000,1,1,1,1,1,1,1,2,2,1
SF,IC2009,2020-04-09 09:30:30.900,5015.0000,35293,-1,162462200.000,1,0,1,双平,S,5014.2000,5013.6000,5013.0000,5012.4000,5012.0000,5016.0000,5017.0000,5018.0000,5019.0000,5020.0000,1,1,1,1,1,1,2,1,14,3
SF,IC2009,2020-04-09 09:30:31.400,5015.0000,35293,0,162462200.000,0,-,-,-,-,5014.2000,5013.6000,5013.0000,5012.4000,5012.0000,5015.8000,5016.0000,5017.0000,5018.0000,5019.0000,1,1,1,1,1,2,1,2,1,14
SF,IC2009,2020-04-09 09:30:31.900,5015.0000,35293,0,162462200.000,0,-,-,-,-,5014.2000,5013.6000,5013.0000,5012.4000,5012.0000,5015.8000,5016.0000,5017.0000,5018.0000,5019.0000,1,1,1,1,1,3,1,2,1,14
SF,IC2009,2020-04-09 09:30:32.400,5015.0000,35293,0,162462200.000,0,-,-,-,-,5014.2000,5013.6000,5013.0000,5012.4000,5012.0000,5015.6000,5015.8000,5016.0000,5017.0000,5018.0000,1,1,1,1,1,1,3,4,2,1
SF,IC2009,2020-04-09 09:30:32.900,5015.0000,35293,0,162462200.000,0,-,-,-,-,5014.2000,5013.6000,5013.0000,5011.2000,5010.4000,5015.4000,5015.6000,5015.8000,5016.0000,5017.0000,1,1,1,1,3,3,1,1,4,2
SF,IC2009,2020-04-09 09:30:33.400,5015.0000,35293,0,162462200.000,0,-,-,-,-,5014.2000,5013.6000,5013.0000,5011.2000,5010.4000,5015.4000,5015.6000,5015.8000,5016.0000,5017.0000,1,1,1,1,3,2,1,1,4,2
SF,IC2009,2020-04-09 09:30:33.900,5015.0000,35293,0,162462200.000,0,-,-,-,-,5014.2000,5013.6000,5013.0000,5011.2000,5010.4000,5015.4000,5015.6000,5015.8000,5016.0000,5017.0000,1,1,1,1,3,1,1,1,4,2
SF,IC2009,2020-04-09 09:30:34.400,5015.0000,35293,0,162462200.000,0,-,-,-,-,5014.2000,5013.6000,5013.0000,5011.2000,5010.4000,5015.4000,5015.6000,5015.8000,5016.0000,5017.0000,1,1,1,1,3,2,1,1,3,3
SF,IC2009,2020-04-09 09:30:34.900,5015.0000,35293,0,162462200.000,0,-,-,-,-,5015.4000,5014.4000,5014.2000,5013.0000,5011.2000,5015.8000,5016.0000,5017.0000,5018.0000,5019.0000,2,1,1,1,1,1,3,3,1,14
SF,IC2009,2020-04-09 09:30:35.400,5015.4000,35291,-2,164468360.000,2,0,2,双平,S,5014.4000,5014.2000,5013.0000,5011.2000,5010.4000,5015.8000,5016.0000,5017.0000,5018.0000,5019.0000,1,1,1,1,3,1,3,3,1,14
SF,IC2009,2020-04-09 09:30:35.900,5015.4000,35291,0,164468360.000,0,-,-,-,-,5014.4000,5014.2000,5013.0000,5011.2000,5010.4000,5015.8000,5016.0000,5017.0000,5018.0000,5019.0000,1,1,1,1,3,1,3,3,1,14
SF,IC2009,2020-04-09 09:30:36.400,5014.2000,35291,0,165471200.000,1,0,1,多换,S,5013.0000,5011.2000,5010.4000,5010.0000,5009.8000,5015.6000,5015.8000,5016.0000,5017.0000,5018.0000,1,1,3,5,1,2,1,3,3,1
SF,IC2009,2020-04-09 09:30:36.900,5014.4000,35291,0,166474080.000,1,0,1,多换,S,5013.2000,5013.0000,5011.2000,5010.4000,5010.0000,5015.4000,5015.6000,5015.8000,5016.0000,5017.0000,1,1,1,3,6,2,1,1,3,3
SF,IC2009,2020-04-09 09:30:37.400,5014.4000,35291,0,166474080.000,0,-,-,-,-,5013.2000,5013.0000,5011.2000,5010.4000,5010.0000,5015.4000,5015.8000,5016.0000,5017.0000,5018.0000,4,2,1,3,6,2,1,3,3,1
SF,IC2009,2020-04-09 09:30:37.900,5015.4000,35290,-1,167477160.000,1,0,1,双平,S,5014.4000,5013.4000,5013.2000,5013.0000,5011.2000,5015.2000,5015.8000,5016.0000,5017.0000,5018.0000,1,1,4,1,1,1,1,3,3,1
SF,IC2009,2020-04-09 09:30:38.400,5015.2000,35289,-1,168480200.000,1,0,1,双平,S,5014.6000,5014.4000,5013.4000,5013.2000,5013.0000,5015.8000,5016.0000,5017.0000,5018.0000,5019.0000,1,1,1,3,1,1,3,3,1,14
SF,IC2009,2020-04-09 09:30:38.900,5015.2000,35289,0,168480200.000,0,-,-,-,-,5015.0000,5014.4000,5013.4000,5013.2000,5011.2000,5015.8000,5016.0000,5017.0000,5018.0000,5019.0000,1,1,1,3,1,1,3,3,1,14
SF,IC2009,2020-04-09 09:30:39.400,5015.8000,35288,-1,169483360.000,1,0,1,双平,S,5015.0000,5014.4000,5013.4000,5013.2000,5011.2000,5016.0000,5017.0000,5018.0000,5019.0000,5020.0000,1,1,1,3,1,3,3,1,14,2
SF,IC2009,2020-04-09 09:30:39.900,5016.0000,35287,-1,172492960.000,3,1,2,多平,S,5016.2000,5015.2000,5015.0000,5014.4000,5013.4000,5017.0000,5018.0000,5019.0000,5020.0000,5023.0000,1,3,2,1,1,3,1,14,2,1
SF,IC2009,2020-04-09 09:30:40.400,5016.0000,35287,0,172492960.000,0,-,-,-,-,5016.2000,5015.2000,5015.0000,5014.4000,5013.4000,5017.0000,5018.0000,5019.0000,5020.0000,5023.0000,1,1,2,1,1,3,1,14,2,1
SF,IC2009,2020-04-09 09:30:40.900,5017.0000,35283,-4,176506560.000,4,0,4,双平,S,5016.2000,5015.2000,5015.0000,5014.4000,5013.4000,5018.0000,5019.0000,5020.0000,5023.0000,5025.0000,1,1,2,1,1,1,14,2,1,5
SF,IC2009,2020-04-09 09:30:41.400,5016.2000,35282,-1,177509800.000,1,0,1,双平,S,5015.2000,5015.0000,5014.4000,5013.4000,5013.2000,5017.8000,5018.0000,5019.0000,5020.0000,5023.0000,1,1,1,1,2,2,1,14,2,1
SF,IC2009,2020-04-09 09:30:41.900,5016.2000,35282,0,177509800.000,0,-,-,-,-,5015.4000,5015.2000,5015.0000,5014.4000,5013.4000,5017.8000,5018.0000,5019.0000,5020.0000,5023.0000,1,1,1,1,1,1,1,14,2,1
SF,IC2009,2020-04-09 09:30:42.400,5015.6000,35281,-1,178512920.000,1,0,1,双平,S,5017.0000,5015.4000,5015.0000,5014.4000,5013.4000,5017.8000,5018.0000,5019.0000,5020.0000,5023.0000,1,2,1,1,1,1,1,14,2,1
SF,IC2009,2020-04-09 09:30:42.900,5017.0000,35281,0,179516320.000,1,0,1,多换,S,5015.4000,5015.0000,5014.4000,5013.4000,5013.2000,5017.8000,5018.0000,5019.0000,5020.0000,5023.0000,1,1,1,1,2,1,1,14,2,1
SF,IC2009,2020-04-09 09:30:43.400,5017.0000,35281,0,179516320.000,0,-,-,-,-,5015.6000,5015.4000,5015.0000,5014.4000,5013.4000,5017.8000,5018.0000,5019.0000,5020.0000,5023.0000,2,2,1,1,1,1,1,14,2,1
SF,IC2009,2020-04-09 09:30:43.900,5017.8000,35281,0,180519880.000,1,0,1,多换,S,5015.6000,5015.4000,5015.0000,5014.4000,5013.4000,5018.0000,5019.0000,5020.0000,5023.0000,5025.0000,3,2,1,1,1,1,14,2,1,5
SF,IC2009,2020-04-09 09:30:44.400,5017.8000,35281,0,180519880.000,0,-,-,-,-,5015.8000,5015.6000,5015.4000,5015.0000,5014.4000,5018.0000,5019.0000,5020.0000,5023.0000,5025.0000,1,2,2,1,1,1,14,2,1,5
SF,IC2009,2020-04-09 09:30:44.900,5017.8000,35281,0,180519880.000,0,-,-,-,-,5017.8000,5016.4000,5016.0000,5015.8000,5015.4000,5018.0000,5019.0000,5020.0000,5023.0000,5025.0000,5,1,1,1,2,1,14,2,1,5
SF,IC2009,2020-04-09 09:30:45.400,5018.0000,35281,0,181523480.000,1,0,1,多换,S,5017.8000,5016.0000,5015.8000,5015.4000,5015.0000,5019.0000,5020.0000,5023.0000,5025.0000,5026.0000,5,1,1,2,1,14,2,1,5,5
SF,IC2009,2020-04-09 09:30:45.900,5017.8000,35281,0,186541280.000,5,2,3,多换,S,5016.0000,5015.8000,5015.4000,5015.0000,5014.4000,5017.6000,5017.8000,5019.0000,5020.0000,5023.0000,1,1,2,1,1,1,1,14,2,1
SF,IC2009,2020-04-09 09:30:46.400,5017.8000,35281,0,186541280.000,0,-,-,-,-,5016.2000,5016.0000,5015.8000,5015.4000,5015.0000,5017.8000,5019.0000,5020.0000,5023.0000,5025.0000,1,1,1,2,1,1,14,2,1,5
SF,IC2009,2020-04-09 09:30:46.900,5017.8000,35281,0,186541280.000,0,-,-,-,-,5016.6000,5016.4000,5015.8000,5015.4000,5015.0000,5017.8000,5019.0000,5020.0000,5023.0000,5025.0000,1,2,1,2,1,1,14,2,1,5
SF,IC2009,2020-04-09 09:30:47.400,5017.8000,35281,0,186541280.000,0,-,-,-,-,5016.8000,5016.4000,5015.4000,5015.0000,5014.4000,5019.0000,5020.0000,5023.0000,5025.0000,5026.0000,2,1,1,1,1,14,2,1,5,5
SF,IC2009,2020-04-09 09:30:47.900,5017.8000,35281,0,186541280.000,0,-,-,-,-,5017.8000,5017.4000,5016.8000,5016.4000,5016.2000,5018.8000,5019.0000,5020.0000,5023.0000,5025.0000,1,1,1,1,1,1,14,2,1,5
SF,IC2009,2020-04-09 09:30:48.400,5017.8000,35280,-1,188548400.000,2,0,2,多平,S,5017.0000,5016.8000,5016.2000,5015.4000,5015.0000,5018.8000,5019.0000,5020.0000,5023.0000,5025.0000,1,1,1,1,1,1,15,2,1,5
SF,IC2009,2020-04-09 09:30:48.900,5017.8000,35280,0,188548400.000,0,-,-,-,-,5017.2000,5017.0000,5016.2000,5015.4000,5015.0000,5019.0000,5020.0000,5023.0000,5025.0000,5026.0000,2,2,1,1,1,16,2,1,5,5
SF,IC2009,2020-04-09 09:30:49.400,5017.4000,35275,-5,193565840.000,5,0,5,双平,S,5017.2000,5017.0000,5016.2000,5015.4000,5015.0000,5018.8000,5019.0000,5020.0000,5023.0000,5025.0000,2,2,1,1,1,1,17,2,1,5
SF,IC2009,2020-04-09 09:30:49.900,5017.4000,35275,0,193565840.000,0,-,-,-,-,5017.6000,5017.2000,5017.0000,5016.2000,5015.4000,5018.8000,5019.0000,5020.0000,5023.0000,5025.0000,1,2,2,1,1,1,17,2,1,5
SF,IC2009,2020-04-09 09:30:50.400,5017.4000,35275,0,193565840.000,0,-,-,-,-,5017.2000,5017.0000,5016.2000,5015.4000,5015.0000,5018.8000,5019.0000,5020.0000,5023.0000,5025.0000,1,2,1,1,1,1,17,2,1,5
SF,IC2009,2020-04-09 09:30:50.900,5018.8000,35275,0,194569600.000,1,0,1,多换,S,5017.2000,5017.0000,5016.2000,5015.4000,5015.0000,5019.0000,5020.0000,5023.0000,5025.0000,5026.0000,1,2,1,1,1,17,2,1,5,5
SF,IC2009,2020-04-09 09:30:51.900,5019.0000,35276,1,195573400.000,1,1,0,双开,S,5017.2000,5017.0000,5016.2000,5015.4000,5015.0000,5018.6000,5019.0000,5020.0000,5023.0000,5025.0000,1,2,1,1,1,1,16,2,1,5
SF,IC2009,2020-04-09 09:30:52.400,5017.2000,35276,0,196576840.000,1,0,1,多换,S,5017.0000,5016.2000,5015.4000,5015.0000,5014.4000,5018.6000,5019.0000,5020.0000,5023.0000,5025.0000,2,1,1,1,1,2,16,2,1,5
SF,IC2009,2020-04-09 09:30:52.900,5017.2000,35276,0,196576840.000,0,-,-,-,-,5017.2000,5017.0000,5016.2000,5015.4000,5015.0000,5018.6000,5019.0000,5020.0000,5023.0000,5025.0000,2,1,1,1,1,2,16,2,1,5
SF,IC2009,2020-04-09 09:30:53.400,5017.2000,35276,0,196576840.000,0,-,-,-,-,5017.2000,5017.0000,5016.2000,5015.4000,5015.0000,5018.6000,5019.0000,5020.0000,5023.0000,5025.0000,1,1,1,1,1,2,16,2,1,5
SF,IC2009,2020-04-09 09:30:53.900,5018.6000,35275,-1,198584000.000,2,0,2,多平,S,5017.0000,5016.2000,5016.0000,5015.4000,5015.0000,5018.6000,5019.0000,5020.0000,5023.0000,5025.0000,1,1,2,1,1,1,16,2,1,5
SF,IC2009,2020-04-09 09:30:54.400,5018.6000,35275,0,198584000.000,0,-,-,-,-,5017.4000,5017.2000,5017.0000,5016.2000,5016.0000,5018.6000,5019.0000,5020.0000,5023.0000,5025.0000,1,2,1,1,2,1,16,2,1,5
SF,IC2009,2020-04-09 09:30:54.900,5018.6000,35275,0,198584000.000,0,-,-,-,-,5017.4000,5017.2000,5017.0000,5016.2000,5016.0000,5018.6000,5019.0000,5020.0000,5023.0000,5025.0000,1,1,1,1,2,1,16,2,1,5
SF,IC2009,2020-04-09 09:30:55.400,5017.4000,35275,0,199587480.000,1,0,1,多换,S,5017.2000,5017.0000,5016.2000,5016.0000,5015.4000,5018.6000,5019.0000,5020.0000,5023.0000,5025.0000,1,1,1,2,1,1,16,2,1,5
SF,IC2009,2020-04-09 09:30:55.900,5017.4000,35275,0,199587480.000,0,-,-,-,-,5017.2000,5017.0000,5016.2000,5016.0000,5015.4000,5018.4000,5018.6000,5019.0000,5020.0000,5023.0000,1,1,1,2,1,1,1,16,2,1
SF,IC2009,2020-04-09 09:30:56.900,5017.2000,35274,-1,200590920.000,1,0,1,双平,S,5017.0000,5016.2000,5016.0000,5015.4000,5015.0000,5017.8000,5018.4000,5018.6000,5019.0000,5020.0000,1,1,2,1,1,5,1,1,16,2
SF,IC2009,2020-04-09 09:30:57.400,5017.2000,35274,0,200590920.000,0,-,-,-,-,5017.0000,5016.2000,5016.0000,5015.4000,5015.0000,5017.8000,5018.4000,5018.6000,5019.0000,5020.0000,1,1,2,1,1,5,2,1,16,2
SF,IC2009,2020-04-09 09:30:57.900,5017.0000,35274,0,201594320.000,1,0,1,多换,S,5016.2000,5016.0000,5015.4000,5015.0000,5014.4000,5017.8000,5018.4000,5018.6000,5019.0000,5020.0000,1,2,1,1,1,5,2,1,21,2
SF,IC2009,2020-04-09 09:30:58.400,5017.0000,35274,0,201594320.000,0,-,-,-,-,5016.4000,5016.2000,5016.0000,5015.4000,5015.0000,5017.8000,5018.4000,5018.6000,5019.0000,5020.0000,4,1,2,1,1,5,2,1,21,2
SF,IC2009,2020-04-09 09:30:58.900,5017.0000,35274,0,201594320.000,0,-,-,-,-,5016.6000,5016.4000,5016.2000,5016.0000,5015.4000,5017.8000,5018.4000,5018.6000,5019.0000,5020.0000,1,2,1,2,1,5,2,1,21,2
SF,IC2009,2020-04-09 09:30:59.400,5017.0000,35274,0,202597720.000,1,0,1,多换,S,5017.0000,5016.6000,5016.4000,5016.2000,5016.0000,5017.8000,5018.4000,5018.6000,5019.0000,5020.0000,1,1,1,1,2,5,2,1,21,2
SF,IC2009,2020-04-09 09:31:00.400,5017.8000,35274,0,203601280.000,1,0,1,多换,S,5017.2000,5017.0000,5016.6000,5016.4000,5016.2000,5017.8000,5018.4000,5018.6000,5019.0000,5020.0000,1,1,1,1,1,4,2,1,21,2
SF,IC2009,2020-04-09 09:31:00.900,5017.2000,35274,0,204604720.000,1,0,1,多换,S,5017.0000,5016.6000,5016.4000,5016.2000,5016.0000,5017.8000,5018.4000,5018.6000,5019.0000,5020.0000,1,1,1,1,2,4,3,1,21,2
SF,IC2009,2020-04-09 09:31:01.900,5018.6000,35267,-7,212633720.000,8,0,8,多平,S,5018.0000,5017.8000,5017.2000,5016.6000,5016.4000,5019.0000,5020.0000,5023.0000,5025.0000,5026.0000,1,3,2,1,1,21,2,1,5,5
SF,IC2009,2020-04-09 09:31:02.400,5018.6000,35267,0,212633720.000,0,-,-,-,-,5018.0000,5017.8000,5017.4000,5016.6000,5016.4000,5018.8000,5019.0000,5020.0000,5023.0000,5025.0000,2,3,1,1,1,1,21,2,1,5
SF,IC2009,2020-04-09 09:31:02.900,5018.6000,35267,0,212633720.000,0,-,-,-,-,5018.0000,5017.8000,5017.4000,5016.6000,5016.4000,5019.0000,5020.0000,5023.0000,5025.0000,5026.0000,2,4,1,1,1,21,2,1,5,5
SF,IC2009,2020-04-09 09:31:03.400,5018.6000,35267,0,212633720.000,0,-,-,-,-,5018.0000,5017.8000,5017.4000,5016.6000,5016.4000,5019.0000,5020.0000,5023.0000,5025.0000,5026.0000,2,3,1,1,1,21,2,1,5,5
SF,IC2009,2020-04-09 09:31:03.900,5018.6000,35267,0,212633720.000,0,-,-,-,-,5018.2000,5018.0000,5017.8000,5017.4000,5016.6000,5019.0000,5020.0000,5023.0000,5025.0000,5026.0000,2,3,3,1,1,21,2,1,5,5
SF,IC2009,2020-04-09 09:31:04.400,5018.8000,35266,-1,213637480.000,1,0,1,双平,S,5018.0000,5017.8000,5017.4000,5016.6000,5016.4000,5019.0000,5020.0000,5023.0000,5025.0000,5026.0000,2,3,1,1,1,21,2,1,5,5
SF,IC2009,2020-04-09 09:31:04.900,5018.8000,35266,0,213637480.000,0,-,-,-,-,5017.8000,5017.4000,5016.6000,5016.4000,5016.2000,5019.0000,5020.0000,5023.0000,5025.0000,5026.0000,3,1,1,1,1,21,2,1,5,5
SF,IC2009,2020-04-09 09:31:05.400,5019.0000,35267,1,214641280.000,1,1,0,双开,S,5018.2000,5018.0000,5017.8000,5017.4000,5016.6000,5019.0000,5020.0000,5023.0000,5025.0000,5026.0000,2,2,3,1,1,20,2,1,5,5
SF,IC2009,2020-04-09 09:31:05.900,5019.0000,35267,0,214641280.000,0,-,-,-,-,5017.8000,5017.4000,5016.6000,5016.4000,5016.2000,5018.8000,5019.0000,5020.0000,5023.0000,5025.0000,3,1,1,1,1,1,20,2,1,5
SF,IC2009,2020-04-09 09:31:06.400,5019.0000,35266,-1,217652680.000,3,1,2,多平,S,5018.8000,5018.0000,5017.8000,5017.4000,5016.6000,5019.0000,5020.0000,5023.0000,5025.0000,5026.0000,1,2,3,1,1,18,2,1,5,5
SF,IC2009,2020-04-09 09:31:06.900,5018.8000,35264,-2,226686840.000,9,3,6,多平,S,5018.0000,5017.8000,5017.4000,5016.6000,5016.2000,5019.0000,5020.0000,5023.0000,5025.0000,5026.0000,1,3,1,1,1,11,2,1,5,5
SF,IC2009,2020-04-09 09:31:07.400,5019.0000,35264,0,229698240.000,3,1,2,多换,S,5018.2000,5018.0000,5017.8000,5017.4000,5016.2000,5019.0000,5020.0000,5023.0000,5025.0000,5026.0000,2,1,3,1,1,8,2,1,5,5
SF,IC2009,2020-04-09 09:31:07.900,5019.0000,35264,0,230702040.000,1,0,1,多换,S,5018.2000,5018.0000,5017.8000,5017.4000,5016.2000,5019.0000,5020.0000,5023.0000,5025.0000,5026.0000,1,3,3,1,1,7,2,1,5,5
SF,IC2009,2020-04-09 09:31:08.400,5019.0000,35264,0,230702040.000,0,-,-,-,-,5018.4000,5018.2000,5018.0000,5017.8000,5017.4000,5019.0000,5020.0000,5023.0000,5025.0000,5026.0000,1,1,1,3,1,7,2,1,5,5
SF,IC2009,2020-04-09 09:31:08.900,5019.0000,35265,1,231705840.000,1,1,0,双开,S,5018.2000,5018.0000,5017.8000,5017.4000,5016.2000,5019.0000,5020.0000,5023.0000,5025.0000,5026.0000,1,1,3,1,1,6,2,1,5,5
SF,IC2009,2020-04-09 09:31:09.400,5019.0000,35264,-1,232709640.000,1,0,1,双平,S,5018.4000,5018.2000,5018.0000,5017.8000,5017.4000,5019.0000,5020.0000,5023.0000,5025.0000,5026.0000,1,1,1,3,1,5,2,1,5,5
SF,IC2009,2020-04-09 09:31:09.900,5019.0000,35262,-2,234717120.000,2,0,2,双平,S,5018.2000,5018.0000,5017.8000,5017.4000,5016.2000,5019.0000,5020.0000,5023.0000,5025.0000,5026.0000,1,2,3,1,1,4,2,1,5,5
SF,IC2009,2020-04-09 09:31:10.400,5018.2000,35262,0,235720760.000,1,0,1,多换,S,5018.0000,5017.8000,5017.4000,5016.2000,5016.0000,5018.2000,5019.0000,5020.0000,5023.0000,5025.0000,2,3,1,1,2,1,4,2,1,5
SF,IC2009,2020-04-09 09:31:10.900,5018.2000,35262,0,235720760.000,0,-,-,-,-,5017.8000,5017.4000,5016.2000,5016.0000,5015.0000,5018.2000,5019.0000,5020.0000,5023.0000,5025.0000,3,1,1,2,1,1,4,2,1,5
SF,IC2009,2020-04-09 09:31:11.400,5017.6000,35260,-2,241741920.000,6,2,4,多平,S,5016.2000,5016.0000,5015.0000,5013.2000,5011.2000,5017.8000,5018.2000,5019.0000,5020.0000,5023.0000,1,2,1,2,1,1,1,4,2,1
SF,IC2009,2020-04-09 09:31:11.900,5017.8000,35258,-2,244752680.000,3,0,3,多平,S,5016.4000,5016.2000,5016.0000,5015.0000,5013.2000,5017.8000,5018.8000,5019.0000,5020.0000,5023.0000,2,1,4,1,2,1,1,4,2,1
SF,IC2009,2020-04-09 09:31:12.400,5017.8000,35258,0,244752680.000,0,-,-,-,-,5017.6000,5016.8000,5016.4000,5016.2000,5016.0000,5017.8000,5018.8000,5019.0000,5020.0000,5023.0000,1,3,6,1,4,1,1,4,3,1
SF,IC2009,2020-04-09 09:31:12.900,5017.8000,35257,-1,245756240.000,1,0,1,双平,S,5017.8000,5016.4000,5016.2000,5016.0000,5015.0000,5018.8000,5019.0000,5020.0000,5023.0000,5025.0000,1,5,1,4,1,1,4,3,1,5
SF,IC2009,2020-04-09 09:31:13.400,5017.8000,35257,0,245756240.000,0,-,-,-,-,5017.8000,5016.4000,5016.2000,5016.0000,5015.0000,5018.6000,5018.8000,5019.0000,5020.0000,5023.0000,10,5,1,4,1,2,1,4,3,1
SF,IC2009,2020-04-09 09:31:13.900,5017.8000,35257,0,250774040.000,5,2,3,多换,S,5017.8000,5016.4000,5016.2000,5016.0000,5015.0000,5018.6000,5018.8000,5019.0000,5020.0000,5023.0000,5,5,1,4,1,2,1,4,3,1
SF,IC2009,2020-04-09 09:31:14.400,5017.8000,35257,0,255791840.000,5,2,3,多换,S,5017.8000,5016.4000,5016.2000,5016.0000,5015.0000,5018.6000,5018.8000,5019.0000,5020.0000,5023.0000,1,5,1,4,1,2,1,4,3,1
SF,IC2009,2020-04-09 09:31:14.900,5017.8000,35257,0,257798960.000,2,1,1,多换,S,5016.4000,5016.2000,5016.0000,5015.0000,5013.2000,5018.6000,5018.8000,5019.0000,5020.0000,5023.0000,1,1,4,1,2,2,1,4,3,1
SF,IC2009,2020-04-09 09:31:15.400,5017.8000,35257,0,257798960.000,0,-,-,-,-,5016.4000,5016.2000,5016.0000,5015.0000,5013.2000,5017.6000,5018.6000,5018.8000,5019.0000,5020.0000,1,1,4,1,2,2,1,1,4,3
SF,IC2009,2020-04-09 09:31:15.900,5017.8000,35257,0,257798960.000,0,-,-,-,-,5017.0000,5016.2000,5016.0000,5015.0000,5013.2000,5017.6000,5017.8000,5018.6000,5018.8000,5019.0000,1,1,4,1,2,2,3,1,1,4
SF,IC2009,2020-04-09 09:31:16.400,5017.0000,35256,-1,258802360.000,1,0,1,双平,S,5016.2000,5016.0000,5015.0000,5013.2000,5011.2000,5016.6000,5016.8000,5017.0000,5017.4000,5017.8000,1,4,1,2,1,1,1,1,1,3
SF,IC2009,2020-04-09 09:31:16.900,5016.6000,35253,-3,263818840.000,5,1,4,多平,S,5016.6000,5016.2000,5016.0000,5015.0000,5014.6000,5017.0000,5017.8000,5018.6000,5018.8000,5019.0000,1,1,4,1,1,1,3,1,1,4
SF,IC2009,2020-04-09 09:31:17.400,5017.0000,35252,-1,264822240.000,1,0,1,双平,S,5016.6000,5016.4000,5016.2000,5016.0000,5015.0000,5016.8000,5017.8000,5018.6000,5018.8000,5019.0000,1,2,1,4,1,1,3,1,1,4
SF,IC2009,2020-04-09 09:31:17.900,5016.8000,35251,-1,265825600.000,1,0,1,双平,S,5016.6000,5016.4000,5016.2000,5016.0000,5015.0000,5017.8000,5018.6000,5018.8000,5019.0000,5020.0000,2,2,1,4,1,3,1,1,4,2
SF,IC2009,2020-04-09 09:31:18.400,5016.8000,35251,0,265825600.000,0,-,-,-,-,5016.6000,5016.2000,5016.0000,5015.0000,5013.2000,5017.6000,5017.8000,5018.6000,5018.8000,5019.0000,2,1,2,1,2,1,3,1,1,4
SF,IC2009,2020-04-09 09:31:18.900,5016.8000,35251,0,265825600.000,0,-,-,-,-,5016.6000,5016.2000,5016.0000,5015.0000,5013.2000,5017.4000,5017.8000,5018.6000,5018.8000,5019.0000,2,1,2,1,2,1,3,1,1,4
SF,IC2009,2020-04-09 09:31:19.400,5016.6000,35249,-2,267832240.000,2,0,2,双平,S,5016.2000,5016.0000,5015.0000,5013.2000,5011.2000,5017.2000,5017.6000,5017.8000,5018.8000,5019.0000,1,2,2,2,1,2,1,3,1,4
SF,IC2009,2020-04-09 09:31:19.900,5016.2000,35249,0,268835480.000,1,0,1,多换,S,5016.0000,5015.0000,5013.2000,5011.2000,5010.0000,5017.2000,5017.6000,5017.8000,5018.8000,5019.0000,2,2,2,1,6,2,1,3,1,4
SF,IC2009,2020-04-09 09:31:20.400,5016.2000,35249,0,268835480.000,0,-,-,-,-,5016.0000,5015.0000,5013.2000,5011.2000,5010.0000,5016.6000,5017.2000,5017.6000,5017.8000,5018.8000,2,2,2,1,6,1,2,1,3,1
SF,IC2009,2020-04-09 09:31:20.900,5016.4000,35249,0,271845160.000,3,1,2,多换,S,5015.0000,5013.2000,5011.2000,5010.0000,5008.0000,5016.6000,5017.2000,5017.6000,5017.8000,5018.8000,2,2,1,6,2,2,1,1,3,1
SF,IC2009,2020-04-09 09:31:21.400,5016.4000,35249,0,272848440.000,1,0,1,多换,S,5015.0000,5013.2000,5011.2000,5010.0000,5008.0000,5016.6000,5017.6000,5017.8000,5018.8000,5019.0000,2,2,1,6,2,3,1,3,1,4
SF,IC2009,2020-04-09 09:31:21.900,5016.4000,35249,0,272848440.000,0,-,-,-,-,5015.0000,5013.2000,5011.2000,5010.0000,5008.0000,5016.0000,5016.4000,5016.6000,5017.6000,5017.8000,2,2,1,6,2,1,2,3,1,3
SF,IC2009,2020-04-09 09:31:22.400,5016.4000,35249,0,273851720.000,1,0,1,多换,S,5015.0000,5013.2000,5011.2000,5010.0000,5008.0000,5016.4000,5016.6000,5017.6000,5017.8000,5019.0000,2,2,1,6,2,1,3,2,3,4
SF,IC2009,2020-04-09 09:31:22.900,5015.0000,35249,0,274854720.000,1,0,1,多换,S,5015.0000,5013.2000,5011.2000,5010.0000,5008.0000,5016.4000,5016.6000,5017.6000,5017.8000,5019.0000,1,2,1,6,2,1,3,2,3,4
SF,IC2009,2020-04-09 09:31:23.400,5015.0000,35249,0,274854720.000,0,-,-,-,-,5015.0000,5013.2000,5011.2000,5010.0000,5008.0000,5016.4000,5016.6000,5017.6000,5017.8000,5019.0000,1,2,1,6,2,2,2,2,3,4
SF,IC2009,2020-04-09 09:31:23.900,5015.0000,35249,0,274854720.000,0,-,-,-,-,5015.0000,5013.2000,5011.2000,5010.0000,5008.0000,5016.4000,5016.6000,5017.6000,5017.8000,5019.0000,1,2,1,6,2,2,2,2,3,4
SF,IC2009,2020-04-09 09:31:24.400,5015.0000,35249,0,275857720.000,1,0,1,多换,S,5013.2000,5011.2000,5010.0000,5008.0000,5005.4000,5015.0000,5016.4000,5016.6000,5017.6000,5017.8000,2,1,6,2,5,19,2,2,2,3
SF,IC2009,2020-04-09 09:31:24.900,5015.0000,35249,0,279869720.000,4,2,2,多换,S,5013.4000,5013.2000,5011.2000,5010.0000,5008.0000,5015.0000,5016.4000,5016.6000,5017.6000,5017.8000,5,5,1,6,2,15,2,2,1,3
SF,IC2009,2020-04-09 09:31:25.400,5015.0000,35249,0,282878720.000,3,1,2,多换,S,5013.6000,5013.4000,5013.2000,5011.2000,5010.0000,5015.0000,5016.4000,5016.6000,5017.6000,5017.8000,1,4,5,1,6,12,2,2,1,3
SF,IC2009,2020-04-09 09:31:25.900,5015.0000,35249,0,282878720.000,0,-,-,-,-,5013.8000,5013.4000,5013.2000,5011.2000,5010.0000,5015.0000,5016.4000,5016.6000,5017.6000,5017.8000,2,2,5,1,6,13,3,1,1,3
SF,IC2009,2020-04-09 09:31:26.400,5014.0000,35248,-1,283881520.000,1,0,1,双平,S,5013.8000,5013.4000,5013.2000,5011.6000,5011.2000,5015.0000,5016.4000,5016.6000,5017.6000,5017.8000,4,2,2,1,1,13,3,1,1,3
SF,IC2009,2020-04-09 09:31:26.900,5014.0000,35248,0,283881520.000,0,-,-,-,-,5014.0000,5013.8000,5013.4000,5013.2000,5011.6000,5015.0000,5016.4000,5016.6000,5017.6000,5017.8000,1,4,2,2,1,13,3,1,1,3
SF,IC2009,2020-04-09 09:31:27.400,5013.8000,35246,-2,285887080.000,2,0,2,双平,S,5013.8000,5013.4000,5013.2000,5011.6000,5011.2000,5015.0000,5016.4000,5016.6000,5017.6000,5017.8000,1,2,2,1,1,13,3,1,1,3
SF,IC2009,2020-04-09 09:31:27.900,5014.0000,35247,1,287892880.000,2,1,1,空开,S,5013.8000,5013.4000,5013.2000,5011.6000,5011.2000,5015.0000,5016.4000,5016.6000,5017.6000,5017.8000,2,2,2,1,1,12,3,1,1,3
SF,IC2009,2020-04-09 09:31:28.400,5014.0000,35247,0,287892880.000,0,-,-,-,-,5013.8000,5013.4000,5013.2000,5011.2000,5010.0000,5015.0000,5016.4000,5016.6000,5017.6000,5017.8000,2,2,2,1,6,12,3,1,1,3
SF,IC2009,2020-04-09 09:31:28.900,5014.0000,35247,0,287892880.000,0,-,-,-,-,5014.0000,5013.8000,5013.4000,5013.2000,5011.2000,5015.0000,5016.4000,5016.6000,5017.6000,5017.8000,1,3,2,2,1,12,3,1,1,3
SF,IC2009,2020-04-09 09:31:29.400,5013.8000,35247,0,290901160.000,3,1,2,多换,S,5013.4000,5013.2000,5011.2000,5010.0000,5008.0000,5013.8000,5015.0000,5016.4000,5016.6000,5017.6000,2,2,1,6,2,17,12,2,1,1
SF,IC2009,2020-04-09 09:31:29.900,5013.8000,35248,1,298923240.000,8,4,4,空开,S,5013.6000,5013.4000,5013.2000,5011.2000,5010.0000,5013.8000,5015.0000,5016.4000,5016.6000,5017.6000,1,2,2,1,6,9,12,2,1,1
SF,IC2009,2020-04-09 09:31:30.400,5013.8000,35248,0,307948080.000,9,4,5,多换,S,5013.8000,5013.6000,5013.4000,5013.2000,5011.2000,5015.0000,5016.4000,5016.6000,5017.6000,5017.8000,1,1,2,2,1,12,2,1,1,3
SF,IC2009,2020-04-09 09:31:30.900,5013.8000,35247,-1,308950840.000,1,0,1,双平,S,5013.6000,5013.4000,5013.2000,5011.2000,5010.0000,5013.8000,5014.8000,5015.0000,5016.4000,5016.6000,1,2,2,1,7,1,1,12,1,1
SF,IC2009,2020-04-09 09:31:31.400,5013.6000,35245,-2,310956280.000,2,0,2,双平,S,5011.2000,5010.0000,5008.0000,5005.4000,5005.2000,5013.6000,5013.8000,5015.0000,5016.4000,5016.6000,1,7,2,5,10,1,1,12,1,1
SF,IC2009,2020-04-09 09:31:31.900,5013.6000,35243,-2,312961720.000,2,0,2,双平,S,5012.8000,5012.4000,5012.0000,5011.6000,5011.4000,5013.8000,5014.2000,5015.0000,5016.4000,5016.6000,3,1,1,1,2,1,1,12,1,1
SF,IC2009,2020-04-09 09:31:32.400,5013.8000,35242,-1,313964480.000,1,0,1,双平,S,5012.8000,5012.4000,5012.0000,5011.6000,5011.4000,5014.2000,5015.0000,5015.2000,5016.4000,5016.6000,2,1,1,2,1,1,12,1,1,1
SF,IC2009,2020-04-09 09:31:32.900,5013.8000,35242,0,313964480.000,0,-,-,-,-,5013.0000,5012.8000,5012.4000,5012.0000,5011.6000,5014.2000,5015.0000,5015.2000,5015.6000,5016.2000,2,2,1,1,2,1,12,1,1,1
SF,IC2009,2020-04-09 09:31:33.400,5013.8000,35242,0,313964480.000,0,-,-,-,-,5013.0000,5012.8000,5012.4000,5012.0000,5011.6000,5014.2000,5015.0000,5015.2000,5015.6000,5016.2000,2,1,1,1,2,1,12,1,1,1
SF,IC2009,2020-04-09 09:31:33.900,5013.2000,35241,-1,314967120.000,1,0,1,双平,S,5013.0000,5012.8000,5012.4000,5012.0000,5011.6000,5014.2000,5015.0000,5015.2000,5015.6000,5016.2000,2,1,1,1,2,1,12,1,1,1
SF,IC2009,2020-04-09 09:31:34.400,5013.0000,35241,0,316972320.000,2,1,1,多换,S,5012.8000,5012.0000,5011.6000,5011.4000,5011.2000,5013.0000,5013.8000,5014.2000,5015.0000,5015.2000,2,1,2,1,3,18,1,1,12,1
SF,IC2009,2020-04-09 09:31:34.900,5013.0000,35239,-2,337024240.000,20,9,11,多平,S,5012.0000,5011.6000,5011.4000,5011.2000,5010.0000,5013.8000,5014.2000,5015.0000,5015.2000,5015.6000,1,2,1,3,6,1,1,12,1,1
SF,IC2009,2020-04-09 09:31:35.400,5013.8000,35238,-1,338027000.000,1,0,1,双平,S,5012.8000,5012.4000,5012.2000,5012.0000,5011.6000,5014.2000,5015.0000,5015.2000,5015.6000,5016.4000,1,1,1,1,2,1,12,1,1,1
SF,IC2009,2020-04-09 09:31:35.900,5013.8000,35238,0,338027000.000,0,-,-,-,-,5013.6000,5013.0000,5012.8000,5012.4000,5012.0000,5014.2000,5015.0000,5015.2000,5015.6000,5016.4000,2,5,2,1,2,1,12,1,1,1
SF,IC2009,2020-04-09 09:31:36.400,5013.8000,35238,0,338027000.000,0,-,-,-,-,5013.8000,5013.6000,5013.0000,5012.8000,5012.4000,5014.2000,5015.0000,5015.2000,5015.6000,5016.4000,2,2,6,3,1,1,12,1,1,1
SF,IC2009,2020-04-09 09:31:36.900,5013.8000,35238,0,338027000.000,0,-,-,-,-,5013.0000,5012.8000,5012.4000,5012.0000,5011.6000,5015.0000,5015.2000,5015.6000,5016.4000,5016.6000,2,2,1,2,2,12,1,1,1,1
SF,IC2009,2020-04-09 09:31:37.400,5013.8000,35238,0,338027000.000,0,-,-,-,-,5013.0000,5012.8000,5012.0000,5011.6000,5011.2000,5014.4000,5014.8000,5015.0000,5015.2000,5015.6000,2,2,2,2,3,1,2,12,1,1
SF,IC2009,2020-04-09 09:31:37.900,5013.8000,35238,0,338027000.000,0,-,-,-,-,5013.2000,5013.0000,5012.8000,5012.0000,5011.6000,5013.8000,5014.2000,5014.4000,5015.0000,5015.2000,1,2,2,2,2,1,2,1,12,1
SF,IC2009,2020-04-09 09:31:38.400,5013.8000,35238,0,338027000.000,0,-,-,-,-,5013.2000,5013.0000,5012.0000,5011.6000,5011.2000,5013.8000,5014.2000,5014.4000,5014.8000,5015.0000,1,2,1,2,3,1,1,1,1,12
SF,IC2009,2020-04-09 09:31:38.900,5013.0000,35237,-1,341035000.000,3,1,2,多平,S,5013.0000,5012.0000,5011.6000,5011.2000,5010.0000,5014.2000,5014.4000,5015.0000,5015.2000,5015.6000,1,1,2,3,6,1,1,12,1,1
SF,IC2009,2020-04-09 09:31:39.400,5013.0000,35237,0,341035000.000,0,-,-,-,-,5013.0000,5012.0000,5011.6000,5011.2000,5010.0000,5014.2000,5014.4000,5015.0000,5015.2000,5015.6000,1,1,2,3,6,1,1,12,1,1
SF,IC2009,2020-04-09 09:31:39.900,5013.0000,35237,0,341035000.000,0,-,-,-,-,5013.0000,5012.0000,5011.6000,5011.2000,5010.0000,5014.2000,5014.4000,5015.0000,5015.2000,5015.6000,1,1,2,3,6,1,1,12,1,1
SF,IC2009,2020-04-09 09:31:40.400,5013.0000,35237,0,341035000.000,0,-,-,-,-,5013.0000,5012.0000,5011.6000,5011.2000,5010.0000,5014.0000,5014.2000,5014.4000,5015.0000,5015.2000,1,1,2,3,6,1,1,1,12,1
SF,IC2009,2020-04-09 09:31:40.900,5013.0000,35237,0,341035000.000,0,-,-,-,-,5013.0000,5012.0000,5011.6000,5011.2000,5010.0000,5013.8000,5014.2000,5014.4000,5015.0000,5015.2000,1,1,2,3,6,1,1,1,12,1
SF,IC2009,2020-04-09 09:31:41.400,5013.0000,35237,0,341035000.000,0,-,-,-,-,5013.2000,5013.0000,5012.0000,5011.6000,5011.2000,5014.2000,5014.4000,5015.0000,5015.2000,5015.6000,2,1,1,2,3,2,1,12,1,1
SF,IC2009,2020-04-09 09:31:41.900,5013.0000,35237,0,343040200.000,2,1,1,多换,S,5012.0000,5011.6000,5011.2000,5010.0000,5009.2000,5014.0000,5014.2000,5014.4000,5015.0000,5015.2000,1,2,3,6,1,1,2,1,12,1
SF,IC2009,2020-04-09 09:31:42.400,5013.0000,35237,0,343040200.000,0,-,-,-,-,5012.2000,5012.0000,5011.6000,5011.2000,5010.0000,5013.8000,5014.2000,5014.4000,5015.0000,5015.2000,2,1,2,3,6,2,1,1,12,1
SF,IC2009,2020-04-09 09:31:42.900,5013.8000,35236,-1,345045720.000,2,0,2,多平,S,5012.4000,5012.2000,5012.0000,5011.6000,5011.2000,5014.2000,5014.4000,5015.0000,5015.2000,5015.6000,2,1,1,2,3,1,1,12,1,1
SF,IC2009,2020-04-09 09:31:43.400,5013.8000,35236,0,345045720.000,0,-,-,-,-,5012.4000,5012.0000,5011.6000,5011.2000,5010.0000,5013.0000,5014.0000,5014.2000,5014.4000,5015.0000,1,1,1,3,6,1,2,1,1,12
SF,IC2009,2020-04-09 09:31:43.900,5013.8000,35236,0,345045720.000,0,-,-,-,-,5012.4000,5012.0000,5011.6000,5011.2000,5010.0000,5013.0000,5013.8000,5014.0000,5014.2000,5014.4000,1,1,1,3,6,1,1,1,1,1
SF,IC2009,2020-04-09 09:31:44.400,5013.0000,35235,-1,346048320.000,1,0,1,双平,S,5012.4000,5012.0000,5011.6000,5011.2000,5010.0000,5013.8000,5014.0000,5014.2000,5014.4000,5015.0000,1,1,1,3,6,1,1,1,2,12
SF,IC2009,2020-04-09 09:31:46.400,5012.4000,35234,-1,347050800.000,1,0,1,双平,S,5012.0000,5011.6000,5011.2000,5010.0000,5009.2000,5012.4000,5013.8000,5014.0000,5014.2000,5014.4000,1,1,2,6,1,5,1,1,1,2
SF,IC2009,2020-04-09 09:31:46.900,5012.4000,35235,1,349055680.000,2,1,1,空开,S,5011.2000,5010.0000,5008.0000,5005.4000,5005.2000,5012.4000,5013.2000,5013.8000,5014.0000,5014.2000,2,6,2,5,10,4,1,1,1,1
SF,IC2009,2020-04-09 09:31:47.400,5012.4000,35235,0,349055680.000,0,-,-,-,-,5011.4000,5011.2000,5010.0000,5008.0000,5005.4000,5012.4000,5013.2000,5013.8000,5014.0000,5014.2000,2,1,6,2,5,4,1,1,1,1
SF,IC2009,2020-04-09 09:31:47.900,5012.4000,35235,0,349055680.000,0,-,-,-,-,5011.4000,5011.2000,5010.0000,5008.0000,5005.4000,5012.4000,5013.2000,5013.8000,5014.0000,5014.2000,1,2,6,2,5,4,1,1,1,1
SF,IC2009,2020-04-09 09:31:48.400,5012.4000,35235,0,349055680.000,0,-,-,-,-,5011.4000,5011.2000,5010.0000,5008.0000,5005.4000,5012.4000,5013.2000,5013.8000,5014.0000,5014.2000,1,2,6,2,5,4,1,1,1,1
SF,IC2009,2020-04-09 09:31:48.900,5011.4000,35234,-1,350057960.000,1,0,1,双平,S,5011.2000,5010.0000,5008.0000,5005.4000,5005.2000,5012.4000,5013.2000,5013.8000,5014.0000,5014.2000,2,6,2,5,10,4,1,1,1,1
SF,IC2009,2020-04-09 09:31:49.400,5011.4000,35234,0,350057960.000,0,-,-,-,-,5011.2000,5010.0000,5008.0000,5005.4000,5005.2000,5011.4000,5012.4000,5013.8000,5014.0000,5014.2000,2,6,2,5,10,1,4,1,1,1
SF,IC2009,2020-04-09 09:31:49.900,5011.4000,35234,0,351060240.000,1,0,1,多换,S,5011.2000,5010.0000,5008.0000,5005.4000,5005.2000,5012.4000,5013.8000,5014.0000,5014.2000,5014.4000,3,6,2,5,10,4,1,1,1,2
SF,IC2009,2020-04-09 09:31:50.400,5011.4000,35234,0,351060240.000,0,-,-,-,-,5011.2000,5010.0000,5008.0000,5005.4000,5005.2000,5012.4000,5014.0000,5014.2000,5014.4000,5015.0000,2,6,2,5,10,4,1,1,2,12
SF,IC2009,2020-04-09 09:31:50.900,5011.4000,35234,0,352062520.000,1,0,1,多换,S,5011.6000,5011.2000,5010.0000,5008.0000,5005.4000,5012.4000,5014.0000,5014.2000,5014.4000,5015.0000,1,3,6,2,5,4,1,1,2,12
SF,IC2009,2020-04-09 09:31:51.400,5011.4000,35234,0,352062520.000,0,-,-,-,-,5011.8000,5011.6000,5011.2000,5010.0000,5008.0000,5012.4000,5014.0000,5014.2000,5014.4000,5015.0000,4,1,3,6,2,4,1,1,2,12
SF,IC2009,2020-04-09 09:31:51.900,5011.8000,35234,0,353064880.000,1,0,1,多换,S,5011.8000,5011.6000,5011.2000,5010.0000,5008.0000,5012.4000,5014.0000,5014.2000,5014.4000,5015.0000,3,1,3,6,2,4,1,1,2,12
SF,IC2009,2020-04-09 09:31:52.400,5011.8000,35234,0,353064880.000,0,-,-,-,-,5011.8000,5011.6000,5011.2000,5010.0000,5008.0000,5012.4000,5014.0000,5014.2000,5014.4000,5015.0000,3,1,1,6,2,4,1,1,2,12
SF,IC2009,2020-04-09 09:31:52.900,5011.8000,35234,0,354067240.000,1,0,1,多换,S,5011.8000,5011.6000,5011.2000,5010.0000,5008.0000,5012.4000,5014.0000,5014.2000,5014.4000,5015.0000,2,1,1,6,2,4,1,1,2,12
SF,IC2009,2020-04-09 09:31:53.400,5011.6000,35235,1,358076600.000,4,2,2,空开,S,5011.2000,5010.0000,5008.0000,5006.8000,5005.4000,5011.6000,5011.8000,5012.4000,5014.0000,5014.2000,1,6,2,1,5,2,1,4,1,1
SF,IC2009,2020-04-09 09:31:53.900,5011.8000,35233,-2,360081280.000,2,0,2,双平,S,5011.2000,5010.0000,5008.0000,5006.8000,5005.4000,5012.4000,5012.6000,5014.0000,5014.2000,5014.4000,1,6,2,1,5,4,1,1,1,2
SF,IC2009,2020-04-09 09:31:54.400,5012.4000,35233,0,361083760.000,1,0,1,多换,S,5010.0000,5008.0000,5006.8000,5005.4000,5005.2000,5012.0000,5012.2000,5012.4000,5012.6000,5013.2000,6,2,1,5,10,1,1,3,1,1
SF,IC2009,2020-04-09 09:31:54.900,5012.4000,35233,0,361083760.000,0,-,-,-,-,5010.2000,5010.0000,5009.8000,5008.0000,5006.8000,5012.4000,5012.6000,5013.2000,5014.0000,5014.2000,2,6,1,2,1,3,1,1,2,1
SF,IC2009,2020-04-09 09:31:55.400,5012.4000,35233,0,361083760.000,0,-,-,-,-,5010.2000,5010.0000,5009.8000,5008.0000,5006.8000,5011.2000,5011.8000,5012.4000,5012.6000,5013.2000,2,6,1,2,1,1,1,3,1,1
SF,IC2009,2020-04-09 09:31:55.900,5011.8000,35230,-3,364090720.000,3,0,3,双平,S,5011.2000,5010.4000,5010.2000,5010.0000,5009.8000,5012.4000,5012.6000,5013.2000,5014.0000,5014.2000,1,2,2,6,1,3,1,1,1,1
SF,IC2009,2020-04-09 09:31:56.400,5011.8000,35230,0,364090720.000,0,-,-,-,-,5011.4000,5010.4000,5010.2000,5010.0000,5009.8000,5012.4000,5012.6000,5013.2000,5014.0000,5014.2000,1,1,1,6,1,3,1,1,1,1
SF,IC2009,2020-04-09 09:31:56.900,5011.8000,35230,0,364090720.000,0,-,-,-,-,5011.4000,5010.6000,5010.4000,5010.2000,5010.0000,5012.4000,5012.6000,5013.2000,5014.0000,5014.2000,1,1,1,1,6,3,1,1,1,1
SF,IC2009,2020-04-09 09:31:57.400,5011.4000,35229,-1,365093000.000,1,0,1,双平,S,5010.6000,5010.4000,5010.2000,5010.0000,5009.8000,5011.4000,5012.4000,5012.6000,5013.2000,5014.0000,1,1,1,6,1,1,3,1,1,1
SF,IC2009,2020-04-09 09:31:57.900,5011.4000,35229,0,365093000.000,0,-,-,-,-,5011.0000,5010.6000,5010.4000,5010.2000,5010.0000,5011.4000,5012.4000,5012.6000,5013.2000,5014.0000,1,1,1,1,6,2,3,1,1,1
SF,IC2009,2020-04-09 09:31:58.400,5011.4000,35229,0,365093000.000,0,-,-,-,-,5011.0000,5010.6000,5010.4000,5010.2000,5010.0000,5011.4000,5012.4000,5012.6000,5013.2000,5014.0000,1,1,1,1,6,1,3,1,1,1
SF,IC2009,2020-04-09 09:31:58.900,5011.4000,35228,-1,366095280.000,1,0,1,双平,S,5011.0000,5010.6000,5010.4000,5010.2000,5010.0000,5012.4000,5012.6000,5013.2000,5014.0000,5014.2000,1,1,1,1,11,3,1,1,1,1
SF,IC2009,2020-04-09 09:31:59.400,5011.2000,35228,0,367097520.000,1,0,1,多换,S,5011.0000,5010.6000,5010.4000,5010.2000,5010.0000,5012.4000,5012.6000,5013.2000,5014.0000,5014.2000,2,1,1,1,11,3,1,1,2,1
SF,IC2009,2020-04-09 09:31:59.900,5011.2000,35228,0,367097520.000,0,-,-,-,-,5011.0000,5010.6000,5010.4000,5010.2000,5010.0000,5012.2000,5012.4000,5012.6000,5013.2000,5014.0000,2,1,1,1,11,1,3,1,1,1
SF,IC2009,2020-04-09 09:32:00.400,5011.2000,35228,0,367097520.000,0,-,-,-,-,5011.0000,5010.6000,5010.4000,5010.2000,5010.0000,5011.4000,5012.2000,5012.4000,5012.6000,5013.2000,2,1,1,1,11,1,1,3,1,1
SF,IC2009,2020-04-09 09:32:00.900,5011.4000,35227,-1,369102080.000,2,0,2,多平,S,5012.0000,5011.0000,5010.6000,5010.4000,5010.2000,5012.2000,5012.4000,5012.6000,5013.2000,5014.2000,1,2,1,1,1,1,3,1,1,1
SF,IC2009,2020-04-09 09:32:01.400,5011.4000,35227,0,369102080.000,0,-,-,-,-,5012.0000,5011.6000,5011.4000,5011.0000,5010.6000,5012.4000,5012.6000,5013.2000,5014.2000,5014.4000,2,2,1,2,1,3,1,1,1,2
SF,IC2009,2020-04-09 09:32:01.900,5012.0000,35226,-1,372109320.000,3,1,2,多平,S,5011.6000,5011.0000,5010.6000,5010.4000,5010.2000,5012.0000,5012.4000,5012.6000,5013.2000,5013.8000,2,3,1,1,1,1,2,1,1,1
SF,IC2009,2020-04-09 09:32:02.400,5012.0000,35225,-1,373111720.000,1,0,1,双平,S,5011.6000,5011.0000,5010.6000,5010.4000,5010.2000,5012.4000,5012.6000,5013.2000,5013.8000,5014.2000,2,3,1,1,1,2,1,1,1,1
SF,IC2009,2020-04-09 09:32:02.900,5012.0000,35225,0,373111720.000,0,-,-,-,-,5012.0000,5011.8000,5011.6000,5011.0000,5010.6000,5012.4000,5012.6000,5013.2000,5013.8000,5014.2000,1,2,2,3,1,2,1,1,1,1
SF,IC2009,2020-04-09 09:32:03.400,5012.4000,35225,0,375116680.000,2,1,1,多换,S,5012.4000,5012.0000,5011.8000,5011.6000,5011.0000,5012.6000,5013.2000,5013.8000,5014.2000,5014.4000,1,2,2,2,3,1,1,1,1,2
SF,IC2009,2020-04-09 09:32:03.900,5012.6000,35225,0,376119200.000,1,0,1,多换,S,5012.4000,5012.0000,5011.6000,5011.0000,5010.4000,5013.8000,5014.2000,5014.4000,5015.0000,5015.6000,1,2,2,2,1,1,1,2,12,1
SF,IC2009,2020-04-09 09:32:04.400,5012.6000,35225,0,376119200.000,0,-,-,-,-,5013.2000,5012.4000,5012.0000,5011.8000,5011.6000,5013.6000,5013.8000,5014.2000,5014.4000,5015.0000,1,1,2,1,2,1,1,1,2,12
SF,IC2009,2020-04-09 09:32:04.900,5013.2000,35224,-1,377121840.000,1,0,1,双平,S,5012.6000,5012.4000,5012.0000,5011.8000,5011.6000,5013.0000,5013.2000,5013.6000,5013.8000,5014.2000,2,1,2,1,2,1,1,1,1,1
SF,IC2009,2020-04-09 09:32:05.400,5013.0000,35223,-1,379126960.000,2,0,2,多平,S,5012.6000,5012.4000,5012.0000,5011.8000,5011.6000,5013.6000,5013.8000,5014.2000,5014.4000,5015.0000,1,1,2,1,2,1,1,1,2,12
SF,IC2009,2020-04-09 09:32:05.900,5013.6000,35223,0,380129680.000,1,0,1,多换,S,5012.6000,5012.4000,5012.0000,5011.8000,5011.6000,5013.8000,5014.2000,5014.4000,5014.6000,5015.0000,1,1,2,1,2,1,1,2,1,12
SF,IC2009,2020-04-09 09:32:06.400,5013.6000,35223,0,380129680.000,0,-,-,-,-,5012.6000,5012.4000,5012.0000,5011.8000,5011.6000,5013.8000,5014.2000,5014.4000,5014.6000,5015.0000,1,1,2,1,2,1,1,2,1,12
SF,IC2009,2020-04-09 09:32:06.900,5013.6000,35223,0,380129680.000,0,-,-,-,-,5012.6000,5012.4000,5012.0000,5011.8000,5011.6000,5013.8000,5014.2000,5014.4000,5014.6000,5015.0000,1,1,2,1,2,1,1,2,1,12
SF,IC2009,2020-04-09 09:32:07.900,5013.6000,35223,0,380129680.000,0,-,-,-,-,5012.6000,5012.4000,5012.0000,5011.8000,5011.6000,5013.6000,5013.8000,5014.2000,5014.4000,5014.6000,2,1,2,1,2,1,1,1,2,1
SF,IC2009,2020-04-09 09:32:08.400,5013.6000,35223,0,380129680.000,0,-,-,-,-,5012.6000,5012.4000,5012.0000,5011.8000,5011.6000,5013.4000,5013.6000,5013.8000,5014.2000,5014.4000,2,1,2,1,2,1,2,1,1,2
SF,IC2009,2020-04-09 09:32:08.900,5013.6000,35221,-2,382135120.000,2,0,2,双平,S,5012.6000,5012.4000,5012.0000,5011.8000,5011.6000,5013.6000,5013.8000,5014.2000,5014.4000,5014.6000,1,1,2,1,2,1,1,1,2,1
SF,IC2009,2020-04-09 09:32:09.400,5012.6000,35221,0,383137640.000,1,0,1,多换,S,5012.0000,5011.6000,5011.0000,5010.4000,5010.2000,5012.4000,5012.6000,5013.4000,5013.6000,5013.8000,1,2,2,1,1,1,1,1,1,1
SF,IC2009,2020-04-09 09:32:09.900,5012.0000,35220,-1,384140040.000,1,0,1,双平,S,5011.6000,5011.0000,5010.4000,5010.2000,5010.0000,5012.0000,5012.4000,5012.6000,5013.0000,5013.4000,2,2,1,1,11,1,1,1,7,1
SF,IC2009,2020-04-09 09:32:10.400,5012.4000,35218,-2,386144920.000,2,0,2,双平,S,5012.2000,5011.8000,5011.6000,5011.0000,5010.4000,5012.6000,5013.0000,5013.2000,5013.4000,5013.6000,1,2,2,2,1,1,7,1,1,1
SF,IC2009,2020-04-09 09:32:10.900,5012.2000,35218,0,387147360.000,1,0,1,多换,S,5011.8000,5011.0000,5010.4000,5010.2000,5010.0000,5012.2000,5012.6000,5013.0000,5013.2000,5013.4000,1,2,1,1,11,1,1,7,1,1
SF,IC2009,2020-04-09 09:32:11.400,5012.2000,35217,-1,389152240.000,2,0,2,多平,S,5011.8000,5011.0000,5010.4000,5010.2000,5010.0000,5013.0000,5013.2000,5013.4000,5013.6000,5013.8000,1,2,1,1,11,7,1,1,1,1
SF,IC2009,2020-04-09 09:32:11.900,5011.8000,35216,-1,390154600.000,1,0,1,双平,S,5012.0000,5011.0000,5010.4000,5010.2000,5010.0000,5013.0000,5013.2000,5013.4000,5013.6000,5013.8000,1,2,1,1,11,7,1,1,1,1
SF,IC2009,2020-04-09 09:32:12.400,5012.0000,35216,0,391157000.000,1,0,1,多换,S,5011.0000,5010.4000,5010.2000,5010.0000,5009.8000,5012.8000,5013.0000,5013.2000,5013.8000,5014.2000,2,1,1,11,1,3,7,1,1,1
SF,IC2009,2020-04-09 09:32:12.900,5012.0000,35216,0,391157000.000,0,-,-,-,-,5011.2000,5011.0000,5010.4000,5010.2000,5010.0000,5012.8000,5013.0000,5013.2000,5013.8000,5014.2000,2,2,1,1,11,2,8,1,1,1
SF,IC2009,2020-04-09 09:32:13.400,5012.0000,35216,0,391157000.000,0,-,-,-,-,5011.2000,5011.0000,5010.4000,5010.2000,5010.0000,5012.8000,5013.0000,5013.2000,5013.8000,5014.2000,2,2,1,1,11,2,7,1,1,1
SF,IC2009,2020-04-09 09:32:13.900,5012.0000,35216,0,391157000.000,0,-,-,-,-,5011.6000,5011.2000,5011.0000,5010.4000,5010.2000,5012.8000,5013.0000,5013.2000,5013.8000,5014.2000,1,2,2,1,1,2,7,1,1,1
SF,IC2009,2020-04-09 09:32:14.400,5011.8000,35215,-1,392159360.000,1,0,1,双平,S,5011.6000,5011.2000,5011.0000,5010.4000,5010.2000,5012.8000,5013.0000,5013.2000,5013.8000,5014.2000,1,1,2,1,1,1,7,1,1,1
SF,IC2009,2020-04-09 09:32:14.900,5013.0000,35213,-2,394164520.000,2,0,2,双平,S,5012.8000,5011.8000,5011.2000,5011.0000,5010.4000,5013.0000,5013.2000,5013.8000,5014.2000,5014.4000,1,1,1,2,1,6,1,1,1,3
SF,IC2009,2020-04-09 09:32:15.400,5013.0000,35210,-3,398174880.000,4,0,4,多平,S,5012.8000,5011.8000,5011.2000,5011.0000,5010.4000,5013.0000,5013.8000,5014.2000,5014.4000,5015.0000,1,3,1,2,1,3,1,1,3,14
SF,IC2009,2020-04-09 09:32:15.900,5012.8000,35205,-5,403187840.000,5,0,5,双平,S,5011.8000,5011.2000,5011.0000,5010.4000,5010.2000,5013.8000,5014.2000,5014.4000,5015.0000,5015.6000,1,1,2,1,1,1,1,3,14,1
SF,IC2009,2020-04-09 09:32:16.400,5012.8000,35205,0,403187840.000,0,-,-,-,-,5012.2000,5012.0000,5011.8000,5011.4000,5011.0000,5013.8000,5014.2000,5014.4000,5015.0000,5015.6000,1,4,1,1,2,1,1,3,14,1
SF,IC2009,2020-04-09 09:32:16.900,5012.8000,35205,0,403187840.000,0,-,-,-,-,5012.2000,5012.0000,5011.8000,5011.4000,5011.0000,5013.8000,5014.2000,5014.4000,5015.0000,5015.6000,1,1,1,1,2,2,1,3,14,1
SF,IC2009,2020-04-09 09:32:17.400,5012.8000,35205,0,403187840.000,0,-,-,-,-,5012.4000,5012.2000,5011.8000,5011.4000,5011.0000,5014.2000,5014.4000,5015.0000,5015.6000,5015.8000,2,1,1,1,2,1,3,14,1,1
SF,IC2009,2020-04-09 09:32:17.900,5012.8000,35205,0,403187840.000,0,-,-,-,-,5012.6000,5012.4000,5012.2000,5011.8000,5011.4000,5014.2000,5014.4000,5015.0000,5015.6000,5015.8000,2,2,1,1,1,2,3,14,1,1
SF,IC2009,2020-04-09 09:32:18.400,5012.8000,35205,0,403187840.000,0,-,-,-,-,5012.8000,5012.2000,5011.8000,5011.4000,5011.0000,5014.2000,5014.4000,5015.0000,5015.6000,5015.8000,2,1,1,1,2,1,3,14,1,1
SF,IC2009,2020-04-09 09:32:18.900,5012.8000,35205,0,403187840.000,0,-,-,-,-,5012.8000,5011.8000,5011.4000,5011.0000,5010.4000,5014.2000,5014.4000,5015.0000,5015.6000,5015.8000,3,1,1,2,1,1,3,14,1,1
SF,IC2009,2020-04-09 09:32:19.400,5012.8000,35205,0,403187840.000,0,-,-,-,-,5013.2000,5013.0000,5012.8000,5011.8000,5011.4000,5014.2000,5014.4000,5015.0000,5015.6000,5015.8000,1,2,3,1,1,1,3,14,1,1
SF,IC2009,2020-04-09 09:32:19.900,5012.8000,35205,0,403187840.000,0,-,-,-,-,5013.2000,5012.8000,5012.4000,5011.8000,5011.4000,5014.2000,5014.4000,5015.0000,5015.6000,5015.8000,1,2,1,1,1,1,3,14,1,1
SF,IC2009,2020-04-09 09:32:20.400,5012.8000,35205,0,403187840.000,0,-,-,-,-,5013.2000,5012.8000,5012.4000,5011.8000,5011.4000,5014.2000,5014.4000,5015.0000,5015.6000,5015.8000,1,2,1,1,1,1,3,14,1,1
SF,IC2009,2020-04-09 09:32:20.900,5014.2000,35205,0,404190680.000,1,0,1,多换,S,5013.4000,5013.2000,5012.8000,5012.4000,5011.8000,5014.4000,5015.0000,5015.6000,5015.8000,5016.6000,2,1,2,1,1,3,14,1,1,1
SF,IC2009,2020-04-09 09:32:21.400,5014.2000,35205,0,404190680.000,0,-,-,-,-,5013.4000,5013.2000,5012.8000,5012.4000,5011.8000,5014.4000,5015.0000,5015.6000,5015.8000,5016.6000,2,1,2,1,1,3,14,1,1,1
SF,IC2009,2020-04-09 09:32:21.900,5014.2000,35205,0,404190680.000,0,-,-,-,-,5013.4000,5013.2000,5012.8000,5012.4000,5011.8000,5014.4000,5015.0000,5015.6000,5015.8000,5016.6000,2,1,2,1,1,2,14,1,1,1
SF,IC2009,2020-04-09 09:32:22.400,5014.4000,35205,0,406196440.000,2,1,1,多换,S,5013.4000,5013.2000,5012.8000,5012.4000,5011.8000,5015.0000,5015.6000,5015.8000,5016.6000,5017.8000,1,1,2,1,1,14,1,1,1,3
SF,IC2009,2020-04-09 09:32:22.900,5014.4000,35205,0,406196440.000,0,-,-,-,-,5013.4000,5013.2000,5012.8000,5012.4000,5011.8000,5015.0000,5015.6000,5015.8000,5016.6000,5016.8000,1,1,2,1,1,14,1,1,1,1
SF,IC2009,2020-04-09 09:32:23.400,5013.4000,35205,0,407199120.000,1,0,1,多换,S,5013.2000,5012.8000,5012.4000,5011.8000,5011.6000,5014.8000,5015.0000,5015.6000,5015.8000,5016.6000,1,2,1,1,1,1,14,1,1,1
SF,IC2009,2020-04-09 09:32:23.900,5014.0000,35206,1,408201920.000,1,1,0,双开,S,5013.8000,5013.4000,5013.2000,5012.8000,5012.4000,5015.0000,5015.6000,5015.8000,5016.6000,5016.8000,1,7,1,1,1,14,1,1,1,1
SF,IC2009,2020-04-09 09:32:24.400,5014.0000,35206,0,408201920.000,0,-,-,-,-,5013.8000,5013.6000,5013.4000,5012.8000,5012.4000,5015.0000,5015.6000,5015.8000,5016.6000,5016.8000,1,1,4,1,1,14,1,1,1,1
SF,IC2009,2020-04-09 09:32:24.900,5014.0000,35206,0,408201920.000,0,-,-,-,-,5013.8000,5013.6000,5013.4000,5012.8000,5012.4000,5015.0000,5015.6000,5015.8000,5016.6000,5016.8000,1,1,4,1,1,14,1,1,1,1
SF,IC2009,2020-04-09 09:32:25.400,5014.0000,35206,0,408201920.000,0,-,-,-,-,5014.0000,5013.8000,5013.6000,5013.4000,5012.8000,5015.0000,5015.6000,5015.8000,5016.6000,5016.8000,4,1,1,4,1,14,1,1,1,1
SF,IC2009,2020-04-09 09:32:25.900,5015.0000,35206,0,409204920.000,1,0,1,多换,S,5014.0000,5013.8000,5013.6000,5013.4000,5012.8000,5015.0000,5015.6000,5015.8000,5016.6000,5016.8000,4,1,1,4,1,13,1,1,1,1
SF,IC2009,2020-04-09 09:32:26.400,5015.0000,35206,0,410207920.000,1,0,1,多换,S,5014.0000,5013.8000,5013.6000,5013.4000,5012.8000,5015.0000,5015.6000,5015.8000,5016.6000,5016.8000,4,1,1,4,1,11,1,1,1,1
SF,IC2009,2020-04-09 09:32:26.900,5015.0000,35209,3,414219920.000,4,3,1,空开,S,5014.0000,5013.8000,5013.6000,5013.4000,5012.8000,5015.0000,5015.6000,5015.8000,5016.6000,5016.8000,4,1,1,4,1,7,1,1,1,1
SF,IC2009,2020-04-09 09:32:27.400,5015.0000,35209,0,415222920.000,1,0,1,多换,S,5014.2000,5014.0000,5013.8000,5013.6000,5013.4000,5015.0000,5015.6000,5015.8000,5016.6000,5016.8000,3,1,1,1,3,7,1,1,1,1
SF,IC2009,2020-04-09 09:32:28.400,5015.0000,35209,0,415222920.000,0,-,-,-,-,5014.4000,5014.2000,5013.8000,5013.6000,5013.4000,5015.0000,5015.6000,5015.8000,5016.6000,5016.8000,4,4,1,1,3,7,1,1,1,1
SF,IC2009,2020-04-09 09:32:28.900,5014.4000,35209,0,417228800.000,2,1,1,多换,S,5014.4000,5014.2000,5013.8000,5013.6000,5013.4000,5015.0000,5015.6000,5015.8000,5016.6000,5016.8000,1,3,1,1,3,6,1,1,1,1
SF,IC2009,2020-04-09 09:32:29.400,5015.0000,35211,2,420237800.000,3,2,1,空开,S,5014.6000,5014.2000,5013.8000,5013.6000,5013.4000,5015.0000,5015.6000,5015.8000,5016.6000,5016.8000,1,3,1,1,3,3,1,1,1,1
SF,IC2009,2020-04-09 09:32:29.900,5015.0000,35211,0,420237800.000,0,-,-,-,-,5014.8000,5014.2000,5013.8000,5013.4000,5012.8000,5015.0000,5015.6000,5015.8000,5016.6000,5016.8000,2,4,1,3,1,3,1,1,1,1
SF,IC2009,2020-04-09 09:32:30.400,5015.0000,35208,-3,423246800.000,3,0,3,双平,S,5014.8000,5014.2000,5013.8000,5013.4000,5012.8000,5015.2000,5015.6000,5015.8000,5016.6000,5016.8000,1,2,1,3,1,1,1,1,1,1
SF,IC2009,2020-04-09 09:32:30.900,5015.2000,35209,1,424249840.000,1,1,0,双开,S,5015.2000,5014.8000,5014.2000,5013.8000,5013.4000,5015.6000,5015.8000,5016.8000,5017.8000,5019.0000,1,1,2,1,3,1,1,1,3,4
SF,IC2009,2020-04-09 09:32:31.400,5015.2000,35208,-1,425252880.000,1,0,1,双平,S,5015.4000,5015.2000,5014.8000,5014.2000,5013.8000,5015.6000,5015.8000,5016.2000,5016.8000,5017.8000,1,1,1,2,1,1,1,1,1,3
SF,IC2009,2020-04-09 09:32:31.900,5015.2000,35208,0,425252880.000,0,-,-,-,-,5015.4000,5015.2000,5014.8000,5014.2000,5013.8000,5015.6000,5015.8000,5016.2000,5016.8000,5017.2000,1,1,1,2,1,1,1,1,1,1
SF,IC2009,2020-04-09 09:32:32.400,5015.2000,35208,0,425252880.000,0,-,-,-,-,5015.4000,5014.2000,5013.8000,5013.4000,5012.8000,5015.6000,5015.8000,5016.2000,5016.8000,5017.2000,1,2,1,3,1,1,1,1,1,1
SF,IC2009,2020-04-09 09:32:32.900,5015.6000,35208,0,427259040.000,2,1,1,多换,S,5015.6000,5014.2000,5013.8000,5013.4000,5012.8000,5015.8000,5016.2000,5016.8000,5017.2000,5017.6000,1,2,1,3,1,1,1,1,1,1
SF,IC2009,2020-04-09 09:32:33.400,5015.8000,35207,-1,430268440.000,3,1,2,多平,S,5014.2000,5013.8000,5013.4000,5012.8000,5011.6000,5016.0000,5016.2000,5016.4000,5016.8000,5017.2000,2,1,3,1,1,1,1,1,1,1
SF,IC2009,2020-04-09 09:32:33.900,5015.8000,35207,0,430268440.000,0,-,-,-,-,5014.4000,5014.2000,5013.8000,5013.4000,5012.8000,5015.8000,5016.0000,5016.2000,5016.4000,5016.8000,1,2,1,3,1,1,1,1,1,1
SF,IC2009,2020-04-09 09:32:34.400,5015.8000,35207,0,430268440.000,0,-,-,-,-,5014.6000,5014.2000,5013.8000,5013.4000,5012.8000,5015.8000,5016.0000,5016.2000,5016.4000,5016.8000,1,2,1,3,1,1,1,1,1,1
SF,IC2009,2020-04-09 09:32:34.900,5015.8000,35207,0,431271600.000,1,0,1,多换,S,5014.2000,5013.8000,5013.4000,5012.8000,5011.6000,5015.8000,5016.0000,5016.2000,5016.4000,5016.8000,2,1,3,1,1,1,1,1,1,1
SF,IC2009,2020-04-09 09:32:35.400,5015.8000,35207,0,432274760.000,1,0,1,多换,S,5014.2000,5013.8000,5012.8000,5011.6000,5011.2000,5015.6000,5015.8000,5016.0000,5016.2000,5016.4000,1,1,1,1,1,1,2,1,1,1
SF,IC2009,2020-04-09 09:32:35.900,5015.8000,35207,0,432274760.000,0,-,-,-,-,5014.2000,5013.8000,5012.8000,5011.6000,5011.2000,5015.8000,5016.0000,5016.2000,5016.4000,5016.8000,1,1,1,1,1,2,1,1,1,1
SF,IC2009,2020-04-09 09:32:36.400,5015.8000,35207,0,432274760.000,0,-,-,-,-,5014.2000,5013.8000,5012.8000,5011.6000,5011.2000,5015.2000,5015.6000,5015.8000,5016.0000,5016.2000,1,1,1,1,1,1,1,2,1,1
SF,IC2009,2020-04-09 09:32:36.900,5015.8000,35207,0,432274760.000,0,-,-,-,-,5014.2000,5013.8000,5012.8000,5011.6000,5011.2000,5015.2000,5015.8000,5016.0000,5016.2000,5016.4000,1,1,1,1,1,1,2,1,1,1
SF,IC2009,2020-04-09 09:32:37.400,5015.8000,35207,0,432274760.000,0,-,-,-,-,5014.2000,5013.8000,5012.8000,5011.6000,5011.2000,5015.8000,5016.0000,5016.2000,5016.4000,5016.8000,1,1,1,1,1,2,1,1,1,1
SF,IC2009,2020-04-09 09:32:38.400,5015.8000,35207,0,432274760.000,0,-,-,-,-,5014.2000,5013.8000,5012.8000,5011.6000,5011.2000,5015.8000,5016.0000,5016.2000,5016.4000,5016.8000,2,1,1,1,1,2,1,1,1,1
SF,IC2009,2020-04-09 09:32:38.900,5015.8000,35207,0,432274760.000,0,-,-,-,-,5014.4000,5014.2000,5013.8000,5012.8000,5011.6000,5015.8000,5016.0000,5016.2000,5016.4000,5016.8000,1,2,1,1,1,2,1,1,1,1
SF,IC2009,2020-04-09 09:32:39.400,5015.8000,35207,0,433277920.000,1,0,1,多换,S,5014.2000,5013.8000,5012.8000,5011.6000,5011.2000,5015.8000,5016.0000,5016.2000,5016.4000,5016.8000,2,1,1,1,1,2,1,1,1,1
SF,IC2009,2020-04-09 09:32:39.900,5014.2000,35206,-1,435283600.000,2,0,2,多平,S,5015.0000,5013.8000,5012.8000,5011.6000,5011.2000,5015.6000,5015.8000,5016.0000,5016.2000,5016.4000,1,1,1,1,1,1,2,1,1,1
SF,IC2009,2020-04-09 09:32:40.400,5014.2000,35206,0,436286440.000,1,0,1,多换,S,5013.8000,5012.8000,5011.6000,5011.2000,5011.0000,5015.8000,5016.0000,5016.2000,5016.4000,5016.8000,1,1,1,1,5,2,1,1,1,1
SF,IC2009,2020-04-09 09:32:40.900,5014.2000,35206,0,436286440.000,0,-,-,-,-,5013.8000,5012.8000,5011.6000,5011.2000,5011.0000,5015.0000,5015.6000,5015.8000,5016.0000,5016.2000,1,1,1,1,5,1,1,1,1,1
SF,IC2009,2020-04-09 09:32:41.400,5014.2000,35206,0,436286440.000,0,-,-,-,-,5013.8000,5012.8000,5011.6000,5011.2000,5011.0000,5015.0000,5015.2000,5015.4000,5015.8000,5016.0000,1,1,1,1,5,1,1,1,1,1
SF,IC2009,2020-04-09 09:32:41.900,5014.2000,35206,0,436286440.000,0,-,-,-,-,5013.8000,5012.8000,5011.6000,5011.2000,5011.0000,5015.0000,5015.2000,5015.8000,5016.0000,5016.2000,1,1,1,1,5,1,1,1,1,1
SF,IC2009,2020-04-09 09:32:42.400,5013.8000,35205,-1,437289200.000,1,0,1,双平,S,5012.8000,5012.0000,5011.6000,5011.2000,5011.0000,5015.0000,5015.2000,5015.8000,5016.0000,5016.2000,1,1,1,1,5,1,1,1,1,1
SF,IC2009,2020-04-09 09:32:42.900,5013.8000,35205,0,437289200.000,0,-,-,-,-,5013.8000,5013.0000,5012.8000,5011.6000,5011.2000,5014.8000,5015.0000,5016.0000,5016.2000,5016.4000,1,1,1,1,1,1,1,1,1,1
SF,IC2009,2020-04-09 09:32:43.400,5013.8000,35205,0,438291960.000,1,0,1,多换,S,5012.8000,5011.6000,5011.2000,5011.0000,5010.2000,5014.4000,5014.6000,5014.8000,5015.0000,5016.0000,1,1,1,5,1,2,1,1,1,1
SF,IC2009,2020-04-09 09:32:43.900,5013.8000,35205,0,438291960.000,0,-,-,-,-,5012.8000,5011.6000,5011.2000,5011.0000,5010.2000,5014.4000,5014.8000,5015.0000,5016.0000,5016.2000,1,1,1,5,1,2,1,1,1,1
SF,IC2009,2020-04-09 09:32:44.400,5013.0000,35205,0,439294560.000,1,0,1,多换,S,5013.0000,5012.8000,5011.6000,5011.2000,5011.0000,5013.8000,5014.4000,5014.8000,5015.0000,5016.0000,1,1,1,1,5,1,1,1,1,1
SF,IC2009,2020-04-09 09:32:44.900,5013.8000,35204,-1,440297320.000,1,0,1,双平,S,5013.0000,5012.8000,5011.6000,5011.2000,5011.0000,5014.4000,5014.8000,5015.0000,5016.0000,5017.8000,1,1,1,1,5,1,1,2,1,3
SF,IC2009,2020-04-09 09:32:45.400,5013.8000,35204,0,440297320.000,0,-,-,-,-,5013.0000,5012.8000,5011.6000,5011.2000,5011.0000,5014.0000,5014.4000,5014.8000,5015.0000,5016.0000,1,1,1,1,5,1,1,1,2,1
SF,IC2009,2020-04-09 09:32:45.900,5013.8000,35204,0,440297320.000,0,-,-,-,-,5013.0000,5012.8000,5011.6000,5011.2000,5011.0000,5014.0000,5014.4000,5014.8000,5015.0000,5016.0000,2,1,1,1,5,1,1,1,2,1
SF,IC2009,2020-04-09 09:32:46.400,5013.8000,35204,0,440297320.000,0,-,-,-,-,5013.0000,5012.8000,5011.6000,5011.2000,5011.0000,5014.0000,5014.4000,5014.8000,5015.0000,5016.0000,1,1,1,1,4,1,1,1,2,1
SF,IC2009,2020-04-09 09:32:46.900,5013.8000,35204,0,440297320.000,0,-,-,-,-,5013.2000,5013.0000,5012.8000,5011.6000,5011.2000,5014.4000,5014.8000,5015.0000,5016.0000,5017.8000,2,1,1,1,1,1,1,1,1,3
SF,IC2009,2020-04-09 09:32:47.400,5013.2000,35204,0,441299960.000,1,0,1,多换,S,5013.2000,5013.0000,5012.8000,5011.6000,5011.2000,5014.4000,5014.8000,5015.0000,5016.0000,5017.8000,1,2,1,1,1,1,1,1,1,3
SF,IC2009,2020-04-09 09:32:47.900,5013.2000,35204,0,441299960.000,0,-,-,-,-,5013.4000,5013.2000,5013.0000,5012.8000,5011.6000,5014.4000,5014.8000,5015.0000,5016.0000,5017.8000,1,1,2,1,1,1,1,1,1,3
SF,IC2009,2020-04-09 09:32:48.400,5013.2000,35204,0,441299960.000,0,-,-,-,-,5013.4000,5013.2000,5013.0000,5012.8000,5011.6000,5014.4000,5014.8000,5015.0000,5016.0000,5017.8000,1,1,2,1,1,1,1,1,1,3
SF,IC2009,2020-04-09 09:32:49.400,5014.4000,35203,-1,442302840.000,1,0,1,双平,S,5013.4000,5013.2000,5013.0000,5012.8000,5011.6000,5014.8000,5015.0000,5016.0000,5017.8000,5019.0000,1,1,2,1,1,1,1,1,3,9
SF,IC2009,2020-04-09 09:32:49.900,5014.4000,35203,0,442302840.000,0,-,-,-,-,5013.4000,5013.2000,5013.0000,5012.8000,5011.6000,5014.6000,5014.8000,5015.0000,5016.0000,5017.8000,1,1,2,1,1,1,1,1,1,3
SF,IC2009,2020-04-09 09:32:50.400,5013.4000,35202,-1,443305520.000,1,0,1,双平,S,5013.0000,5012.8000,5011.6000,5011.2000,5011.0000,5013.4000,5014.6000,5014.8000,5015.0000,5016.0000,2,1,1,1,4,1,1,1,1,1
SF,IC2009,2020-04-09 09:32:50.900,5013.0000,35201,-1,445310720.000,2,0,2,多平,S,5012.8000,5011.6000,5011.2000,5011.0000,5010.2000,5013.4000,5014.4000,5014.6000,5014.8000,5015.0000,1,1,1,4,1,1,1,1,1,1
SF,IC2009,2020-04-09 09:32:51.400,5012.8000,35201,0,446313280.000,1,0,1,多换,S,5011.6000,5011.2000,5011.0000,5010.2000,5010.0000,5013.4000,5014.6000,5014.8000,5015.0000,5017.8000,1,1,4,1,8,1,1,1,1,3
SF,IC2009,2020-04-09 09:32:51.900,5012.8000,35201,0,446313280.000,0,-,-,-,-,5011.8000,5011.6000,5011.2000,5011.0000,5010.2000,5013.4000,5014.6000,5014.8000,5015.0000,5017.8000,3,1,1,4,1,1,1,1,1,3
SF,IC2009,2020-04-09 09:32:52.400,5013.4000,35201,0,447315960.000,1,0,1,多换,S,5013.4000,5011.8000,5011.6000,5011.2000,5011.0000,5014.6000,5014.8000,5015.0000,5017.8000,5019.0000,2,3,1,1,4,1,1,1,3,9
SF,IC2009,2020-04-09 09:32:52.900,5013.4000,35200,-1,449321320.000,2,0,2,多平,S,5011.8000,5011.6000,5011.2000,5011.0000,5010.2000,5014.4000,5014.6000,5015.0000,5017.8000,5019.0000,2,1,1,4,1,3,1,1,3,9
SF,IC2009,2020-04-09 09:32:53.400,5013.4000,35200,0,449321320.000,0,-,-,-,-,5011.8000,5011.6000,5011.2000,5011.0000,5010.2000,5014.4000,5015.0000,5017.8000,5019.0000,5019.8000,2,1,1,4,1,2,1,3,9,1
SF,IC2009,2020-04-09 09:32:53.900,5013.4000,35200,0,449321320.000,0,-,-,-,-,5011.8000,5011.6000,5011.2000,5011.0000,5010.2000,5013.6000,5014.4000,5015.0000,5017.8000,5019.0000,3,1,1,4,1,1,2,1,3,9
SF,IC2009,2020-04-09 09:32:54.400,5013.4000,35200,0,449321320.000,0,-,-,-,-,5012.0000,5011.8000,5011.6000,5011.2000,5011.0000,5013.6000,5014.4000,5015.0000,5017.8000,5019.0000,1,3,1,1,4,1,1,1,3,9
SF,IC2009,2020-04-09 09:32:54.900,5013.4000,35200,0,449321320.000,0,-,-,-,-,5012.2000,5011.8000,5011.6000,5011.2000,5011.0000,5013.6000,5014.4000,5015.0000,5017.8000,5019.0000,2,2,1,1,4,1,1,1,3,9
SF,IC2009,2020-04-09 09:32:56.400,5012.2000,35199,-1,450323760.000,1,0,1,双平,S,5012.2000,5011.8000,5011.6000,5011.2000,5011.0000,5013.6000,5014.4000,5015.0000,5017.8000,5019.0000,1,2,1,1,4,1,1,1,3,9
SF,IC2009,2020-04-09 09:32:56.900,5012.2000,35199,0,450323760.000,0,-,-,-,-,5011.6000,5011.2000,5011.0000,5010.2000,5010.0000,5013.4000,5013.6000,5015.0000,5017.8000,5019.0000,1,1,4,1,8,1,1,1,3,9
SF,IC2009,2020-04-09 09:32:57.400,5012.2000,35199,0,450323760.000,0,-,-,-,-,5011.8000,5011.6000,5011.2000,5011.0000,5010.2000,5013.4000,5013.6000,5015.0000,5017.8000,5019.0000,2,1,1,4,1,1,1,1,3,9
SF,IC2009,2020-04-09 09:32:58.400,5012.2000,35199,0,450323760.000,0,-,-,-,-,5011.8000,5011.6000,5011.2000,5011.0000,5010.2000,5013.2000,5013.4000,5015.0000,5017.8000,5019.0000,1,1,1,4,1,1,1,1,3,9
SF,IC2009,2020-04-09 09:32:58.900,5012.2000,35199,0,450323760.000,0,-,-,-,-,5011.8000,5011.6000,5011.2000,5011.0000,5010.2000,5013.0000,5015.0000,5017.8000,5019.0000,5019.8000,1,1,1,4,1,3,1,3,9,1
SF,IC2009,2020-04-09 09:32:59.900,5011.8000,35199,0,451326120.000,1,0,1,多换,S,5011.6000,5011.2000,5011.0000,5010.2000,5010.0000,5013.0000,5015.0000,5017.8000,5019.0000,5019.8000,1,1,4,1,8,3,1,3,9,1
SF,IC2009,2020-04-09 09:33:00.400,5011.8000,35199,0,451326120.000,0,-,-,-,-,5011.6000,5011.2000,5011.0000,5010.2000,5010.0000,5012.8000,5013.0000,5015.0000,5017.8000,5019.0000,1,1,4,1,8,1,3,1,3,9
SF,IC2009,2020-04-09 09:33:00.900,5011.8000,35199,0,451326120.000,0,-,-,-,-,5011.6000,5011.2000,5011.0000,5010.2000,5010.0000,5012.8000,5013.0000,5015.0000,5017.8000,5019.0000,1,1,4,1,8,1,2,1,3,9
SF,IC2009,2020-04-09 09:33:01.400,5011.8000,35199,0,451326120.000,0,-,-,-,-,5011.8000,5011.6000,5011.2000,5011.0000,5010.2000,5012.8000,5013.0000,5015.0000,5017.8000,5019.0000,1,1,1,4,1,1,1,1,3,9
SF,IC2009,2020-04-09 09:33:01.900,5011.8000,35199,0,453331040.000,2,1,1,多换,S,5011.6000,5011.2000,5011.0000,5010.2000,5010.0000,5013.0000,5015.0000,5017.8000,5019.0000,5019.8000,1,1,4,1,8,1,1,3,9,1
SF,IC2009,2020-04-09 09:33:02.400,5011.8000,35199,0,453331040.000,0,-,-,-,-,5011.6000,5011.2000,5011.0000,5010.2000,5010.0000,5012.8000,5015.0000,5017.8000,5019.0000,5019.8000,1,1,4,1,8,1,1,3,9,1
SF,IC2009,2020-04-09 09:33:02.900,5011.8000,35199,0,453331040.000,0,-,-,-,-,5011.6000,5011.2000,5011.0000,5010.2000,5010.0000,5012.6000,5015.0000,5017.8000,5019.0000,5019.8000,1,1,4,1,8,1,1,3,9,1
SF,IC2009,2020-04-09 09:33:03.900,5012.6000,35198,-1,454333560.000,1,0,1,双平,S,5011.6000,5011.2000,5011.0000,5010.2000,5010.0000,5015.0000,5017.8000,5019.0000,5019.8000,5020.0000,1,1,4,1,8,1,3,9,1,2
SF,IC2009,2020-04-09 09:33:04.400,5012.6000,35198,0,454333560.000,0,-,-,-,-,5011.8000,5011.6000,5011.2000,5011.0000,5010.2000,5014.6000,5014.8000,5015.0000,5017.8000,5019.0000,2,1,1,4,1,1,1,1,3,9
SF,IC2009,2020-04-09 09:33:04.900,5012.6000,35198,0,454333560.000,0,-,-,-,-,5011.8000,5011.6000,5011.2000,5011.0000,5010.2000,5014.4000,5014.6000,5015.0000,5017.8000,5019.0000,3,1,1,4,1,1,1,1,3,9
SF,IC2009,2020-04-09 09:33:05.400,5012.6000,35198,0,454333560.000,0,-,-,-,-,5012.0000,5011.8000,5011.6000,5011.2000,5011.0000,5014.4000,5014.6000,5015.0000,5017.8000,5019.0000,1,3,1,1,4,1,1,1,3,9
SF,IC2009,2020-04-09 09:33:05.900,5012.6000,35198,0,454333560.000,0,-,-,-,-,5012.2000,5012.0000,5011.8000,5011.6000,5011.2000,5014.4000,5015.0000,5015.2000,5017.8000,5019.0000,1,2,2,1,1,2,1,1,3,9
SF,IC2009,2020-04-09 09:33:06.400,5012.6000,35198,0,454333560.000,0,-,-,-,-,5012.2000,5012.0000,5011.8000,5011.6000,5011.2000,5014.4000,5015.0000,5015.2000,5017.8000,5019.0000,1,2,2,3,1,2,2,1,3,9
SF,IC2009,2020-04-09 09:33:06.900,5012.6000,35198,0,454333560.000,0,-,-,-,-,5012.2000,5012.0000,5011.8000,5011.6000,5011.2000,5014.4000,5015.0000,5015.2000,5017.8000,5019.0000,1,1,2,3,1,1,2,1,3,9
SF,IC2009,2020-04-09 09:33:07.400,5012.6000,35198,0,454333560.000,0,-,-,-,-,5012.2000,5011.8000,5011.6000,5011.2000,5011.0000,5014.2000,5014.4000,5015.0000,5015.2000,5017.8000,1,2,3,1,2,1,1,2,1,3
SF,IC2009,2020-04-09 09:33:07.900,5012.2000,35197,-1,455336000.000,1,0,1,双平,S,5011.8000,5011.6000,5011.2000,5011.0000,5010.2000,5014.0000,5014.2000,5015.0000,5015.2000,5017.8000,2,3,1,2,1,2,1,2,1,3
SF,IC2009,2020-04-09 09:33:08.400,5012.0000,35196,-1,456338400.000,1,0,1,双平,S,5011.8000,5011.6000,5011.2000,5011.0000,5010.2000,5014.0000,5014.2000,5015.0000,5015.2000,5017.8000,2,3,1,2,1,1,1,2,1,3
SF,IC2009,2020-04-09 09:33:08.900,5012.0000,35196,0,456338400.000,0,-,-,-,-,5011.8000,5011.6000,5011.2000,5011.0000,5010.2000,5014.0000,5014.2000,5015.0000,5015.2000,5017.8000,1,3,1,2,1,1,1,2,1,3
SF,IC2009,2020-04-09 09:33:09.400,5014.0000,35196,0,457341200.000,1,0,1,多换,S,5011.6000,5011.2000,5011.0000,5010.2000,5010.0000,5014.2000,5015.0000,5015.2000,5017.8000,5019.0000,3,1,2,1,8,1,2,1,3,9
SF,IC2009,2020-04-09 09:33:09.900,5014.0000,35196,0,457341200.000,0,-,-,-,-,5011.8000,5011.6000,5011.2000,5011.0000,5010.2000,5014.0000,5014.2000,5015.0000,5015.2000,5017.8000,1,3,1,2,1,1,1,2,1,3
SF,IC2009,2020-04-09 09:33:10.400,5014.0000,35196,0,457341200.000,0,-,-,-,-,5011.8000,5011.6000,5011.2000,5011.0000,5010.2000,5013.6000,5014.0000,5014.2000,5015.0000,5015.2000,1,3,1,2,1,1,1,1,2,1
SF,IC2009,2020-04-09 09:33:10.900,5014.0000,35196,0,457341200.000,0,-,-,-,-,5012.0000,5011.8000,5011.6000,5011.2000,5011.0000,5013.4000,5013.6000,5014.2000,5015.0000,5015.2000,1,1,3,1,2,2,1,1,2,1
SF,IC2009,2020-04-09 09:33:11.900,5013.6000,35196,0,458343920.000,1,0,1,多换,S,5012.0000,5011.8000,5011.6000,5011.2000,5011.0000,5013.4000,5013.6000,5014.2000,5015.0000,5015.2000,1,1,3,1,2,2,1,1,2,1
SF,IC2009,2020-04-09 09:33:12.400,5013.6000,35196,0,458343920.000,0,-,-,-,-,5011.8000,5011.6000,5011.2000,5011.0000,5010.2000,5013.0000,5013.4000,5015.0000,5015.2000,5017.8000,1,3,1,3,1,1,2,2,1,3
SF,IC2009,2020-04-09 09:33:12.900,5013.6000,35196,0,458343920.000,0,-,-,-,-,5011.8000,5011.6000,5011.2000,5011.0000,5010.2000,5012.6000,5013.0000,5013.4000,5015.0000,5015.2000,1,3,1,3,1,1,2,1,2,1
SF,IC2009,2020-04-09 09:33:13.900,5013.6000,35196,0,458343920.000,0,-,-,-,-,5011.8000,5011.6000,5011.2000,5011.0000,5010.2000,5012.6000,5013.0000,5013.4000,5015.0000,5015.2000,1,3,1,3,1,1,2,1,2,1
SF,IC2009,2020-04-09 09:33:14.400,5013.6000,35196,0,458343920.000,0,-,-,-,-,5011.6000,5011.2000,5011.0000,5010.2000,5010.0000,5013.0000,5013.4000,5013.6000,5015.0000,5015.2000,3,1,3,1,8,2,1,1,2,1
SF,IC2009,2020-04-09 09:33:14.900,5013.6000,35196,0,458343920.000,0,-,-,-,-,5012.2000,5011.6000,5011.2000,5011.0000,5010.2000,5012.8000,5013.0000,5013.4000,5013.6000,5015.0000,1,3,1,3,1,1,2,1,1,2
SF,IC2009,2020-04-09 09:33:15.400,5012.2000,35195,-1,459346360.000,1,0,1,双平,S,5011.6000,5011.2000,5011.0000,5010.2000,5010.0000,5012.8000,5013.0000,5013.4000,5013.6000,5015.0000,3,1,3,1,8,1,2,1,1,2
SF,IC2009,2020-04-09 09:33:15.900,5012.2000,35195,0,459346360.000,0,-,-,-,-,5011.6000,5011.2000,5011.0000,5010.2000,5010.0000,5012.2000,5012.8000,5013.0000,5013.4000,5013.6000,3,1,3,1,8,1,1,1,1,1
SF,IC2009,2020-04-09 09:33:16.400,5012.2000,35196,1,460348800.000,1,1,0,双开,S,5011.6000,5011.2000,5011.0000,5010.2000,5010.0000,5012.8000,5013.0000,5013.4000,5013.6000,5015.0000,3,1,3,1,8,1,1,1,1,2
SF,IC2009,2020-04-09 09:33:16.900,5011.6000,35196,0,461351120.000,1,0,1,多换,S,5011.6000,5011.2000,5011.0000,5010.2000,5010.0000,5012.6000,5012.8000,5013.0000,5013.6000,5015.0000,2,1,3,1,8,2,2,1,1,2
SF,IC2009,2020-04-09 09:33:17.400,5011.6000,35196,0,461351120.000,0,-,-,-,-,5011.6000,5011.2000,5011.0000,5010.0000,5009.8000,5012.6000,5012.8000,5013.0000,5013.6000,5015.0000,2,1,3,8,1,2,1,1,1,2
SF,IC2009,2020-04-09 09:33:17.900,5012.0000,35195,-1,462353520.000,1,0,1,双平,S,5011.6000,5011.2000,5011.0000,5010.0000,5009.8000,5012.6000,5012.8000,5013.0000,5013.6000,5015.0000,2,1,3,8,1,2,1,1,1,2
SF,IC2009,2020-04-09 09:33:18.400,5011.6000,35196,1,463355840.000,1,1,0,双开,S,5011.6000,5011.2000,5011.0000,5010.0000,5008.0000,5012.6000,5012.8000,5013.0000,5013.6000,5015.0000,1,1,3,8,2,2,1,1,1,2
SF,IC2009,2020-04-09 09:33:19.400,5011.6000,35196,0,463355840.000,0,-,-,-,-,5011.6000,5011.2000,5011.0000,5010.0000,5008.0000,5012.6000,5012.8000,5013.0000,5013.6000,5015.0000,1,1,3,8,2,2,1,1,1,2
SF,IC2009,2020-04-09 09:33:19.900,5012.6000,35197,1,465360680.000,2,1,1,空开,S,5011.2000,5011.0000,5010.0000,5008.0000,5006.8000,5012.0000,5012.6000,5012.8000,5013.0000,5013.6000,1,3,8,2,1,2,1,1,1,1
SF,IC2009,2020-04-09 09:33:20.400,5012.0000,35196,-1,468368000.000,3,1,2,多平,S,5011.4000,5011.2000,5011.0000,5010.0000,5008.0000,5012.6000,5013.0000,5013.6000,5015.0000,5015.2000,1,1,3,8,2,1,1,1,2,1
SF,IC2009,2020-04-09 09:33:20.900,5012.0000,35196,0,468368000.000,0,-,-,-,-,5011.6000,5011.4000,5011.2000,5011.0000,5010.0000,5012.6000,5013.0000,5013.6000,5015.0000,5015.2000,1,1,1,3,8,1,1,1,2,1
SF,IC2009,2020-04-09 09:33:21.400,5012.0000,35196,0,468368000.000,0,-,-,-,-,5011.6000,5011.4000,5011.2000,5011.0000,5010.0000,5012.6000,5013.0000,5013.6000,5015.0000,5015.2000,1,1,2,3,8,1,1,1,2,1
SF,IC2009,2020-04-09 09:33:21.900,5012.0000,35196,0,468368000.000,0,-,-,-,-,5011.6000,5011.4000,5011.2000,5011.0000,5010.0000,5012.6000,5013.0000,5013.6000,5015.0000,5015.2000,1,1,2,8,8,1,1,1,2,1
SF,IC2009,2020-04-09 09:33:22.400,5012.0000,35196,0,468368000.000,0,-,-,-,-,5011.6000,5011.4000,5011.2000,5011.0000,5010.0000,5012.6000,5013.0000,5013.6000,5015.0000,5015.2000,1,1,2,8,8,1,1,1,2,1
SF,IC2009,2020-04-09 09:33:23.400,5012.6000,35196,0,469370520.000,1,0,1,多换,S,5011.6000,5011.4000,5011.2000,5011.0000,5010.0000,5013.0000,5013.6000,5015.0000,5015.2000,5017.8000,1,1,2,8,8,1,1,2,1,3
SF,IC2009,2020-04-09 09:33:23.900,5011.4000,35195,-1,471375120.000,2,0,2,多平,S,5012.0000,5011.2000,5011.0000,5010.0000,5008.0000,5013.0000,5013.6000,5015.0000,5015.2000,5017.8000,1,2,8,8,2,1,1,2,1,3
SF,IC2009,2020-04-09 09:33:24.400,5011.4000,35195,0,471375120.000,0,-,-,-,-,5012.0000,5011.6000,5011.2000,5011.0000,5010.0000,5013.0000,5015.0000,5015.2000,5017.8000,5019.0000,1,1,2,8,8,1,2,1,3,9
SF,IC2009,2020-04-09 09:33:24.900,5011.4000,35195,0,471375120.000,0,-,-,-,-,5012.0000,5011.2000,5011.0000,5010.8000,5010.0000,5013.0000,5015.0000,5015.2000,5017.8000,5019.0000,1,2,8,1,8,1,2,1,3,9
SF,IC2009,2020-04-09 09:33:25.400,5012.0000,35195,0,472377520.000,1,0,1,多换,S,5011.2000,5011.0000,5010.8000,5010.0000,5008.0000,5013.0000,5015.0000,5015.2000,5017.8000,5019.0000,2,8,1,8,2,1,2,1,3,9
SF,IC2009,2020-04-09 09:33:25.900,5012.0000,35195,0,472377520.000,0,-,-,-,-,5012.6000,5011.4000,5011.2000,5011.0000,5010.8000,5013.0000,5015.0000,5015.2000,5017.8000,5019.0000,5,1,2,8,1,1,2,1,3,9
SF,IC2009,2020-04-09 09:33:26.400,5012.6000,35195,0,474382560.000,2,1,1,多换,S,5012.6000,5011.4000,5011.2000,5011.0000,5010.8000,5013.0000,5015.0000,5015.2000,5017.8000,5019.0000,3,1,2,8,1,1,2,1,3,9
SF,IC2009,2020-04-09 09:33:27.400,5013.0000,35194,-1,475385160.000,1,0,1,双平,S,5012.6000,5011.4000,5011.2000,5011.0000,5010.8000,5015.0000,5015.2000,5017.8000,5019.0000,5019.8000,3,1,2,8,1,2,1,3,9,1
SF,IC2009,2020-04-09 09:33:27.900,5012.6000,35195,1,476387680.000,1,1,0,双开,S,5012.6000,5011.4000,5011.2000,5011.0000,5010.8000,5014.4000,5014.6000,5014.8000,5015.0000,5015.2000,2,1,2,8,1,2,1,1,3,1
SF,IC2009,2020-04-09 09:33:28.400,5012.6000,35195,0,476387680.000,0,-,-,-,-,5012.6000,5011.4000,5011.2000,5011.0000,5010.8000,5014.2000,5014.4000,5014.6000,5015.0000,5015.2000,2,1,2,8,1,2,2,1,3,1
SF,IC2009,2020-04-09 09:33:28.900,5012.6000,35195,0,476387680.000,0,-,-,-,-,5012.6000,5011.4000,5011.2000,5011.0000,5010.8000,5014.2000,5014.4000,5014.6000,5015.0000,5015.2000,2,1,2,7,1,2,1,1,3,1
SF,IC2009,2020-04-09 09:33:29.400,5012.6000,35195,0,476387680.000,0,-,-,-,-,5012.6000,5011.4000,5011.2000,5011.0000,5010.8000,5014.2000,5014.4000,5014.6000,5015.0000,5015.2000,2,1,2,7,1,2,2,1,3,1
SF,IC2009,2020-04-09 09:33:29.900,5012.6000,35195,0,476387680.000,0,-,-,-,-,5012.6000,5011.4000,5011.2000,5011.0000,5010.8000,5014.2000,5014.4000,5014.6000,5015.0000,5015.2000,2,1,2,7,1,2,1,1,3,1
SF,IC2009,2020-04-09 09:33:30.400,5012.6000,35195,0,476387680.000,0,-,-,-,-,5012.6000,5011.4000,5011.2000,5011.0000,5010.8000,5014.2000,5014.6000,5015.0000,5015.2000,5017.8000,2,1,2,7,1,2,1,3,1,3
SF,IC2009,2020-04-09 09:33:30.900,5012.6000,35195,0,476387680.000,0,-,-,-,-,5012.8000,5012.6000,5011.2000,5011.0000,5010.8000,5014.2000,5015.0000,5015.2000,5017.8000,5019.0000,2,2,2,7,1,1,3,1,3,9
SF,IC2009,2020-04-09 09:33:31.400,5012.6000,35195,0,476387680.000,0,-,-,-,-,5012.8000,5012.6000,5011.2000,5011.0000,5010.8000,5015.0000,5015.2000,5017.8000,5019.0000,5019.8000,3,2,2,7,1,3,1,3,9,1
SF,IC2009,2020-04-09 09:33:31.900,5012.6000,35195,0,476387680.000,0,-,-,-,-,5013.2000,5012.8000,5012.6000,5011.2000,5011.0000,5014.8000,5015.0000,5015.2000,5017.8000,5019.0000,1,2,2,2,7,1,3,1,3,9
SF,IC2009,2020-04-09 09:33:32.400,5012.6000,35195,0,476387680.000,0,-,-,-,-,5013.2000,5013.0000,5012.8000,5012.6000,5011.2000,5014.8000,5015.0000,5015.2000,5017.8000,5019.0000,1,1,1,2,2,1,3,1,3,9
SF,IC2009,2020-04-09 09:33:32.900,5012.6000,35195,0,476387680.000,0,-,-,-,-,5013.4000,5013.2000,5012.6000,5011.2000,5011.0000,5014.8000,5015.0000,5017.8000,5019.0000,5019.8000,1,1,2,2,7,1,3,3,9,1
SF,IC2009,2020-04-09 09:33:33.400,5012.6000,35195,0,476387680.000,0,-,-,-,-,5013.6000,5013.4000,5013.2000,5013.0000,5012.6000,5015.0000,5017.8000,5019.0000,5019.8000,5020.0000,1,1,1,5,2,2,3,9,1,2
SF,IC2009,2020-04-09 09:33:33.900,5012.6000,35195,0,476387680.000,0,-,-,-,-,5013.8000,5013.2000,5013.0000,5012.6000,5011.2000,5015.0000,5017.8000,5019.0000,5019.8000,5020.0000,1,1,5,2,2,2,3,9,1,2
SF,IC2009,2020-04-09 09:33:34.400,5012.6000,35195,0,476387680.000,0,-,-,-,-,5013.8000,5013.0000,5012.6000,5011.2000,5011.0000,5015.0000,5017.8000,5019.0000,5019.8000,5020.0000,1,5,2,2,7,2,3,9,1,2
SF,IC2009,2020-04-09 09:33:35.900,5012.6000,35195,0,476387680.000,0,-,-,-,-,5013.8000,5013.0000,5012.6000,5011.2000,5011.0000,5015.0000,5017.8000,5019.0000,5019.8000,5020.0000,2,5,2,2,7,2,3,9,1,2
SF,IC2009,2020-04-09 09:33:36.400,5012.6000,35195,0,476387680.000,0,-,-,-,-,5013.8000,5013.0000,5012.6000,5011.2000,5011.0000,5015.0000,5017.8000,5019.0000,5019.8000,5020.0000,2,5,2,2,7,2,3,9,1,2
SF,IC2009,2020-04-09 09:33:36.900,5012.6000,35195,0,476387680.000,0,-,-,-,-,5013.8000,5013.0000,5012.6000,5011.2000,5011.0000,5014.8000,5015.0000,5017.8000,5019.0000,5019.8000,2,5,2,2,7,2,3,3,9,1
SF,IC2009,2020-04-09 09:33:37.400,5012.6000,35195,0,476387680.000,0,-,-,-,-,5013.8000,5013.0000,5012.6000,5011.2000,5011.0000,5014.8000,5015.0000,5017.8000,5019.0000,5019.8000,1,5,2,1,7,2,3,3,9,1
SF,IC2009,2020-04-09 09:33:37.900,5012.6000,35195,0,476387680.000,0,-,-,-,-,5013.8000,5013.0000,5012.6000,5011.2000,5011.0000,5014.6000,5014.8000,5015.0000,5017.8000,5019.0000,1,5,2,1,7,1,1,4,3,9
SF,IC2009,2020-04-09 09:33:38.400,5012.6000,35195,0,476387680.000,0,-,-,-,-,5013.8000,5013.0000,5012.6000,5011.2000,5011.0000,5014.6000,5015.0000,5017.8000,5019.0000,5019.8000,1,5,2,1,7,1,4,3,9,1
SF,IC2009,2020-04-09 09:33:38.900,5013.6000,35195,0,477390400.000,1,0,1,多换,S,5013.0000,5012.6000,5011.2000,5011.0000,5010.8000,5014.4000,5015.0000,5017.8000,5019.0000,5019.8000,5,2,1,7,1,2,4,3,9,1
SF,IC2009,2020-04-09 09:33:39.400,5013.6000,35195,0,477390400.000,0,-,-,-,-,5013.2000,5013.0000,5012.6000,5011.2000,5011.0000,5015.0000,5017.8000,5019.0000,5019.8000,5020.0000,3,5,2,1,7,4,3,9,1,2
SF,IC2009,2020-04-09 09:33:39.900,5013.6000,35195,0,477390400.000,0,-,-,-,-,5013.2000,5013.0000,5012.6000,5011.2000,5011.0000,5014.8000,5015.0000,5017.8000,5019.0000,5019.8000,2,5,2,1,7,1,4,3,9,1
SF,IC2009,2020-04-09 09:33:40.400,5013.6000,35195,0,477390400.000,0,-,-,-,-,5013.2000,5013.0000,5012.6000,5011.2000,5011.0000,5015.0000,5017.8000,5019.0000,5019.8000,5020.0000,2,5,2,1,7,4,3,9,1,2
SF,IC2009,2020-04-09 09:33:40.900,5013.6000,35195,0,477390400.000,0,-,-,-,-,5013.2000,5013.0000,5012.6000,5011.2000,5011.0000,5015.0000,5017.8000,5019.0000,5019.8000,5020.0000,2,5,2,1,7,4,3,9,1,2
SF,IC2009,2020-04-09 09:33:41.400,5013.6000,35195,0,477390400.000,0,-,-,-,-,5013.4000,5013.2000,5013.0000,5012.6000,5011.2000,5015.0000,5017.8000,5019.0000,5019.8000,5020.0000,1,2,5,2,1,4,3,9,1,2
SF,IC2009,2020-04-09 09:33:41.900,5013.6000,35195,0,477390400.000,0,-,-,-,-,5013.6000,5013.4000,5013.2000,5013.0000,5012.6000,5014.8000,5015.0000,5017.8000,5019.0000,5019.8000,2,1,1,5,2,1,4,3,9,1
SF,IC2009,2020-04-09 09:33:42.400,5013.6000,35195,0,477390400.000,0,-,-,-,-,5013.6000,5013.2000,5013.0000,5012.6000,5011.2000,5015.0000,5017.8000,5019.0000,5019.8000,5020.0000,2,1,5,2,1,6,3,9,1,2
SF,IC2009,2020-04-09 09:33:42.900,5013.6000,35195,0,477390400.000,0,-,-,-,-,5013.6000,5013.2000,5013.0000,5012.6000,5011.2000,5014.8000,5015.0000,5017.8000,5019.0000,5019.8000,2,1,5,2,1,1,6,3,9,1
SF,IC2009,2020-04-09 09:33:43.400,5013.6000,35195,0,477390400.000,0,-,-,-,-,5013.6000,5013.2000,5013.0000,5012.6000,5011.2000,5015.0000,5017.8000,5019.0000,5019.8000,5020.0000,2,1,5,2,1,6,3,9,1,2
SF,IC2009,2020-04-09 09:33:44.400,5013.6000,35195,0,477390400.000,0,-,-,-,-,5013.6000,5013.2000,5013.0000,5012.6000,5011.2000,5015.0000,5017.8000,5019.0000,5019.8000,5020.0000,2,1,6,2,1,6,3,9,1,2
SF,IC2009,2020-04-09 09:33:45.400,5013.6000,35195,0,477390400.000,0,-,-,-,-,5013.6000,5013.2000,5013.0000,5012.6000,5011.2000,5014.6000,5015.0000,5017.8000,5019.0000,5019.8000,2,1,6,2,1,1,6,3,9,1
SF,IC2009,2020-04-09 09:33:46.900,5013.6000,35195,0,477390400.000,0,-,-,-,-,5013.6000,5013.2000,5013.0000,5012.6000,5011.2000,5014.6000,5015.0000,5017.8000,5019.0000,5019.8000,2,1,6,2,1,1,6,3,9,1
SF,IC2009,2020-04-09 09:33:47.400,5013.6000,35195,0,477390400.000,0,-,-,-,-,5013.6000,5013.2000,5013.0000,5012.6000,5011.2000,5014.6000,5015.0000,5017.8000,5019.0000,5019.8000,2,1,6,2,1,1,6,3,9,1
SF,IC2009,2020-04-09 09:33:48.400,5013.6000,35195,0,477390400.000,0,-,-,-,-,5013.6000,5013.2000,5013.0000,5012.6000,5011.2000,5014.6000,5015.0000,5017.8000,5019.0000,5019.8000,2,1,6,2,1,1,6,3,9,1
SF,IC2009,2020-04-09 09:33:48.900,5013.6000,35194,-1,478393120.000,1,0,1,双平,S,5013.6000,5013.2000,5013.0000,5012.6000,5011.2000,5014.6000,5015.0000,5017.8000,5019.0000,5019.8000,1,1,6,2,1,1,6,3,9,1
SF,IC2009,2020-04-09 09:33:49.400,5013.6000,35194,0,478393120.000,0,-,-,-,-,5013.6000,5013.2000,5013.0000,5012.6000,5011.2000,5014.0000,5014.6000,5015.0000,5017.8000,5019.0000,1,1,6,2,1,1,1,6,3,9
SF,IC2009,2020-04-09 09:33:49.900,5013.6000,35194,0,478393120.000,0,-,-,-,-,5013.6000,5013.2000,5013.0000,5012.6000,5011.2000,5014.0000,5014.6000,5015.0000,5015.4000,5017.8000,1,1,6,2,1,1,1,6,1,3
SF,IC2009,2020-04-09 09:33:51.400,5013.6000,35194,0,479395840.000,1,0,1,多换,S,5013.2000,5013.0000,5012.6000,5011.2000,5011.0000,5014.0000,5014.6000,5015.0000,5015.4000,5017.8000,1,6,2,1,6,1,1,6,1,3
SF,IC2009,2020-04-09 09:33:51.900,5014.0000,35193,-1,480398640.000,1,0,1,双平,S,5013.4000,5013.2000,5013.0000,5012.6000,5011.2000,5014.6000,5015.0000,5015.4000,5017.8000,5019.0000,3,1,6,2,1,1,6,1,3,9
SF,IC2009,2020-04-09 09:33:52.400,5014.0000,35193,0,480398640.000,0,-,-,-,-,5013.4000,5013.2000,5013.0000,5012.6000,5011.2000,5014.6000,5015.0000,5015.4000,5017.8000,5019.0000,2,1,6,2,1,1,6,1,3,9
SF,IC2009,2020-04-09 09:33:52.900,5014.0000,35193,0,480398640.000,0,-,-,-,-,5013.4000,5013.2000,5013.0000,5012.6000,5011.2000,5014.6000,5015.0000,5015.4000,5017.8000,5019.0000,2,1,6,2,1,1,6,1,3,9
SF,IC2009,2020-04-09 09:33:53.400,5014.0000,35193,0,480398640.000,0,-,-,-,-,5013.4000,5013.2000,5013.0000,5012.6000,5011.2000,5014.6000,5015.0000,5015.4000,5017.8000,5019.0000,2,1,6,2,1,1,7,1,3,9
SF,IC2009,2020-04-09 09:33:53.900,5014.0000,35193,0,480398640.000,0,-,-,-,-,5013.4000,5013.2000,5013.0000,5012.6000,5011.2000,5014.6000,5015.0000,5015.4000,5017.8000,5019.0000,1,1,6,2,1,1,7,1,3,9
SF,IC2009,2020-04-09 09:33:54.400,5014.0000,35193,0,480398640.000,0,-,-,-,-,5013.4000,5013.2000,5013.0000,5012.6000,5011.2000,5014.6000,5015.0000,5015.4000,5017.8000,5019.0000,1,1,6,2,1,1,7,1,3,9
SF,IC2009,2020-04-09 09:33:54.900,5013.2000,35191,-2,482403960.000,2,0,2,双平,S,5013.0000,5012.6000,5011.2000,5011.0000,5010.0000,5014.6000,5015.0000,5015.4000,5017.8000,5019.0000,6,2,1,6,8,1,7,1,3,9
SF,IC2009,2020-04-09 09:33:55.400,5013.2000,35191,0,482403960.000,0,-,-,-,-,5013.0000,5012.6000,5011.2000,5011.0000,5010.0000,5014.4000,5014.6000,5015.0000,5015.4000,5017.8000,6,2,1,6,8,2,3,7,1,3
SF,IC2009,2020-04-09 09:33:55.900,5013.2000,35191,0,482403960.000,0,-,-,-,-,5013.0000,5012.6000,5011.2000,5011.0000,5010.0000,5014.4000,5014.6000,5015.0000,5015.4000,5017.8000,6,2,1,6,8,3,3,7,1,3
SF,IC2009,2020-04-09 09:33:57.400,5013.2000,35191,0,482403960.000,0,-,-,-,-,5013.0000,5012.6000,5011.2000,5011.0000,5010.0000,5014.4000,5014.6000,5015.0000,5015.4000,5017.8000,6,2,1,6,8,3,3,7,1,3
SF,IC2009,2020-04-09 09:33:57.900,5013.2000,35191,0,482403960.000,0,-,-,-,-,5013.0000,5012.6000,5011.2000,5011.0000,5010.0000,5014.0000,5014.4000,5014.6000,5015.0000,5015.4000,6,2,1,6,8,1,2,1,7,1
SF,IC2009,2020-04-09 09:33:58.400,5014.4000,35191,0,483406840.000,1,0,1,多换,S,5013.4000,5013.2000,5013.0000,5012.6000,5011.2000,5014.6000,5015.0000,5015.4000,5017.8000,5019.0000,1,1,6,2,1,1,7,1,3,9
SF,IC2009,2020-04-09 09:33:58.900,5014.4000,35191,0,483406840.000,0,-,-,-,-,5013.4000,5013.2000,5013.0000,5012.6000,5011.2000,5014.6000,5015.0000,5015.4000,5017.8000,5019.0000,1,3,6,2,1,1,7,1,3,9
SF,IC2009,2020-04-09 09:33:59.400,5014.4000,35191,0,483406840.000,0,-,-,-,-,5013.2000,5013.0000,5012.6000,5011.2000,5011.0000,5014.6000,5015.0000,5015.4000,5017.8000,5019.0000,3,6,2,1,6,1,7,1,3,9
SF,IC2009,2020-04-09 09:33:59.900,5013.4000,35191,0,484409520.000,1,0,1,多换,S,5013.4000,5013.2000,5013.0000,5012.6000,5011.2000,5014.6000,5015.0000,5015.4000,5017.8000,5019.0000,1,3,6,2,1,1,7,1,3,9
SF,IC2009,2020-04-09 09:34:00.400,5013.4000,35191,0,485412200.000,1,0,1,多换,S,5013.2000,5013.0000,5012.6000,5011.2000,5011.0000,5014.4000,5014.6000,5015.0000,5015.4000,5017.8000,2,6,2,1,6,2,2,7,1,3
SF,IC2009,2020-04-09 09:34:00.900,5012.6000,35188,-3,495438120.000,10,3,7,多平,S,5011.2000,5011.0000,5010.0000,5008.0000,5006.8000,5013.2000,5014.4000,5014.6000,5015.0000,5015.4000,1,6,8,2,1,1,4,2,7,1
SF,IC2009,2020-04-09 09:34:01.400,5012.6000,35188,0,495438120.000,0,-,-,-,-,5013.4000,5013.2000,5013.0000,5011.4000,5011.2000,5014.4000,5014.6000,5015.0000,5015.4000,5017.8000,1,1,1,2,3,2,2,7,1,3
SF,IC2009,2020-04-09 09:34:01.900,5013.2000,35186,-2,497443440.000,2,0,2,双平,S,5012.0000,5011.2000,5011.0000,5010.0000,5008.0000,5013.2000,5014.2000,5014.4000,5014.6000,5015.0000,4,3,6,8,2,1,3,2,2,7
SF,IC2009,2020-04-09 09:34:02.400,5013.2000,35186,0,497443440.000,0,-,-,-,-,5012.0000,5011.2000,5011.0000,5010.0000,5008.0000,5013.4000,5014.4000,5014.6000,5015.0000,5015.4000,1,3,6,8,2,1,2,2,7,1
SF,IC2009,2020-04-09 09:34:02.900,5013.2000,35186,0,497443440.000,0,-,-,-,-,5011.2000,5011.0000,5010.0000,5008.0000,5006.8000,5013.0000,5013.2000,5013.4000,5014.4000,5014.6000,2,6,8,2,1,1,2,1,1,2
SF,IC2009,2020-04-09 09:34:03.400,5013.2000,35186,0,498446080.000,1,0,1,多换,S,5011.2000,5011.0000,5010.0000,5008.0000,5006.8000,5012.8000,5013.0000,5013.4000,5014.4000,5014.6000,1,6,8,2,1,2,2,1,1,2
SF,IC2009,2020-04-09 09:34:03.900,5013.2000,35186,0,498446080.000,0,-,-,-,-,5011.2000,5011.0000,5010.0000,5008.0000,5006.8000,5012.8000,5013.4000,5014.4000,5014.6000,5015.0000,1,6,8,2,1,2,1,1,2,7
SF,IC2009,2020-04-09 09:34:04.400,5013.2000,35186,0,499448720.000,1,0,1,多换,S,5011.2000,5011.0000,5010.0000,5008.0000,5006.8000,5012.8000,5013.4000,5014.4000,5014.6000,5015.0000,1,6,8,2,1,2,1,1,2,7
SF,IC2009,2020-04-09 09:34:04.900,5013.2000,35186,0,499448720.000,0,-,-,-,-,5011.2000,5011.0000,5010.0000,5008.0000,5006.8000,5012.4000,5012.8000,5013.4000,5014.4000,5014.6000,1,6,8,2,1,1,2,1,1,2
SF,IC2009,2020-04-09 09:34:05.400,5011.0000,35186,0,506464160.000,7,3,4,多换,S,5010.0000,5008.0000,5006.8000,5005.4000,5005.2000,5012.2000,5013.4000,5014.4000,5014.6000,5015.0000,8,2,1,5,10,3,1,1,2,7
SF,IC2009,2020-04-09 09:34:05.900,5011.0000,35186,0,506464160.000,0,-,-,-,-,5010.0000,5008.0000,5006.8000,5005.4000,5005.2000,5011.2000,5012.2000,5013.4000,5014.4000,5014.6000,8,2,1,5,10,1,2,1,1,2
SF,IC2009,2020-04-09 09:34:06.400,5011.0000,35186,0,506464160.000,0,-,-,-,-,5010.0000,5008.0000,5006.8000,5005.4000,5005.2000,5011.2000,5012.2000,5013.4000,5014.4000,5014.6000,8,2,1,5,10,11,1,1,1,2
SF,IC2009,2020-04-09 09:34:06.900,5011.0000,35185,-1,507466360.000,1,0,1,双平,S,5010.2000,5010.0000,5009.8000,5008.0000,5006.8000,5011.2000,5012.2000,5013.4000,5014.4000,5014.6000,1,8,1,2,1,12,1,1,1,1
SF,IC2009,2020-04-09 09:34:07.400,5011.0000,35185,0,507466360.000,0,-,-,-,-,5010.2000,5010.0000,5008.0000,5006.8000,5005.2000,5011.0000,5011.2000,5012.2000,5013.4000,5014.4000,1,8,2,1,10,1,12,1,1,1
SF,IC2009,2020-04-09 09:34:07.900,5011.0000,35185,0,507466360.000,0,-,-,-,-,5010.2000,5010.0000,5008.0000,5006.8000,5005.2000,5011.2000,5012.2000,5013.4000,5014.4000,5014.6000,1,8,2,1,10,12,1,1,1,1
SF,IC2009,2020-04-09 09:34:08.400,5011.0000,35185,0,507466360.000,0,-,-,-,-,5010.2000,5010.0000,5008.0000,5007.6000,5006.8000,5011.0000,5011.2000,5012.2000,5013.4000,5014.4000,1,8,2,1,1,1,12,1,1,1
SF,IC2009,2020-04-09 09:34:08.900,5011.0000,35185,0,507466360.000,0,-,-,-,-,5010.2000,5010.0000,5008.0000,5007.6000,5006.8000,5011.2000,5012.2000,5013.4000,5014.4000,5014.6000,1,8,2,1,1,12,1,1,1,1
SF,IC2009,2020-04-09 09:34:09.400,5010.0000,35185,0,511474400.000,4,2,2,多换,S,5010.0000,5008.0000,5007.6000,5006.8000,5005.2000,5011.0000,5011.2000,5012.2000,5013.4000,5014.4000,5,2,1,1,10,1,12,1,1,1
SF,IC2009,2020-04-09 09:34:09.900,5010.0000,35185,0,511474400.000,0,-,-,-,-,5010.0000,5008.0000,5007.6000,5006.8000,5005.2000,5011.2000,5012.2000,5013.4000,5014.4000,5014.6000,5,2,1,1,10,12,1,1,1,1
SF,IC2009,2020-04-09 09:34:10.400,5010.0000,35185,0,511474400.000,0,-,-,-,-,5010.0000,5008.0000,5007.6000,5006.8000,5005.2000,5011.0000,5011.2000,5012.2000,5013.4000,5014.4000,5,2,1,1,10,1,12,1,1,1
SF,IC2009,2020-04-09 09:34:10.900,5010.0000,35186,1,514480400.000,3,2,1,空开,S,5010.0000,5008.0000,5007.6000,5006.8000,5005.2000,5010.8000,5011.0000,5011.2000,5013.4000,5014.4000,2,2,1,1,10,1,2,12,1,1
SF,IC2009,2020-04-09 09:34:11.400,5010.0000,35186,0,516484400.000,2,1,1,多换,S,5008.0000,5007.6000,5006.8000,5005.2000,5005.0000,5009.8000,5010.6000,5010.8000,5011.2000,5013.4000,2,1,1,10,4,2,1,1,12,1
SF,IC2009,2020-04-09 09:34:11.900,5010.0000,35186,0,516484400.000,0,-,-,-,-,5008.0000,5007.6000,5006.8000,5005.2000,5005.0000,5009.6000,5010.6000,5010.8000,5011.2000,5013.4000,2,1,1,10,4,1,1,1,12,1
SF,IC2009,2020-04-09 09:34:12.400,5010.0000,35186,0,516484400.000,0,-,-,-,-,5008.0000,5006.8000,5005.2000,5005.0000,5002.0000,5009.4000,5010.0000,5010.8000,5011.2000,5013.4000,2,1,10,4,1,1,2,1,12,1
SF,IC2009,2020-04-09 09:34:12.900,5010.0000,35186,0,516484400.000,0,-,-,-,-,5008.0000,5006.8000,5005.2000,5005.0000,5002.0000,5009.2000,5010.0000,5010.8000,5011.2000,5013.4000,2,1,10,4,1,1,4,1,12,1
SF,IC2009,2020-04-09 09:34:13.400,5010.0000,35186,0,516484400.000,0,-,-,-,-,5008.0000,5006.8000,5005.2000,5005.0000,5002.0000,5009.0000,5009.4000,5010.0000,5011.2000,5013.4000,2,1,10,4,1,2,1,4,12,1
SF,IC2009,2020-04-09 09:34:13.900,5010.0000,35186,0,516484400.000,0,-,-,-,-,5008.0000,5006.8000,5005.2000,5005.0000,5002.0000,5009.0000,5009.4000,5010.0000,5011.2000,5013.4000,2,1,10,4,1,3,1,4,11,1
SF,IC2009,2020-04-09 09:34:14.400,5010.0000,35186,0,516484400.000,0,-,-,-,-,5008.2000,5008.0000,5006.8000,5005.2000,5005.0000,5009.0000,5009.4000,5010.0000,5011.2000,5013.4000,1,2,1,10,4,1,1,4,11,1
SF,IC2009,2020-04-09 09:34:14.900,5008.0000,35186,0,518487640.000,2,1,1,多换,S,5008.0000,5006.8000,5005.2000,5005.0000,5002.0000,5008.8000,5009.0000,5009.4000,5010.0000,5011.2000,1,1,10,4,1,1,1,1,4,11
SF,IC2009,2020-04-09 09:34:15.400,5008.0000,35186,0,518487640.000,0,-,-,-,-,5008.0000,5006.8000,5005.2000,5005.0000,5002.0000,5008.6000,5009.0000,5009.4000,5010.0000,5011.2000,3,1,10,4,1,1,1,1,4,11
SF,IC2009,2020-04-09 09:34:15.900,5008.0000,35186,0,518487640.000,0,-,-,-,-,5008.0000,5006.8000,5005.2000,5005.0000,5002.0000,5008.6000,5009.0000,5009.4000,5010.0000,5011.2000,3,1,10,4,1,1,1,1,4,11
SF,IC2009,2020-04-09 09:34:16.900,5008.0000,35186,0,518487640.000,0,-,-,-,-,5008.0000,5006.8000,5005.2000,5005.0000,5002.0000,5008.6000,5009.0000,5009.4000,5010.0000,5011.2000,3,1,10,4,1,2,1,1,4,1
SF,IC2009,2020-04-09 09:34:17.400,5008.6000,35185,-1,519489360.000,1,0,1,双平,S,5008.0000,5006.8000,5005.2000,5005.0000,5002.0000,5008.4000,5008.6000,5009.0000,5009.4000,5010.0000,3,1,10,4,1,1,1,1,1,4
SF,IC2009,2020-04-09 09:34:17.900,5008.4000,35186,1,522494240.000,3,2,1,空开,S,5008.0000,5006.8000,5005.2000,5005.0000,5002.0000,5008.6000,5009.4000,5010.0000,5011.2000,5013.4000,1,1,10,4,1,1,1,4,1,1
SF,IC2009,2020-04-09 09:34:18.400,5008.0000,35185,-1,524497520.000,2,0,2,多平,S,5006.8000,5005.2000,5005.0000,5002.0000,5001.8000,5008.6000,5009.4000,5010.0000,5011.2000,5013.4000,1,10,4,1,1,1,1,4,1,1
SF,IC2009,2020-04-09 09:34:18.900,5008.0000,35185,0,524497520.000,0,-,-,-,-,5007.0000,5006.8000,5005.2000,5005.0000,5002.0000,5008.6000,5009.4000,5010.0000,5011.2000,5013.4000,1,2,10,4,1,1,1,4,1,1
SF,IC2009,2020-04-09 09:34:19.400,5008.0000,35185,0,524497520.000,0,-,-,-,-,5006.8000,5005.2000,5005.0000,5002.0000,5001.8000,5008.6000,5009.4000,5010.0000,5011.2000,5013.4000,2,10,4,1,1,1,1,4,1,1
SF,IC2009,2020-04-09 09:34:19.900,5007.0000,35185,0,525498920.000,1,0,1,多换,S,5006.8000,5005.2000,5005.0000,5002.0000,5001.8000,5008.4000,5008.6000,5009.4000,5010.0000,5011.2000,2,10,4,1,1,1,1,1,4,1
SF,IC2009,2020-04-09 09:34:20.400,5007.0000,35185,0,525498920.000,0,-,-,-,-,5006.8000,5005.2000,5005.0000,5002.0000,5001.8000,5008.2000,5008.6000,5009.4000,5010.0000,5011.2000,2,10,4,1,1,1,1,1,4,1
SF,IC2009,2020-04-09 09:34:20.900,5007.0000,35185,0,525498920.000,0,-,-,-,-,5006.8000,5005.2000,5005.0000,5002.0000,5001.8000,5008.0000,5008.4000,5008.6000,5009.4000,5010.0000,2,10,4,1,1,2,1,1,1,4
SF,IC2009,2020-04-09 09:34:21.400,5008.0000,35186,1,526500520.000,1,1,0,双开,S,5006.8000,5005.2000,5005.0000,5002.0000,5001.8000,5008.0000,5008.4000,5008.6000,5009.4000,5010.0000,1,10,4,1,1,1,1,1,1,4
SF,IC2009,2020-04-09 09:34:21.900,5008.0000,35186,0,526500520.000,0,-,-,-,-,5006.8000,5005.2000,5005.0000,5002.0000,5001.8000,5007.8000,5008.4000,5008.6000,5009.4000,5010.0000,1,10,4,1,1,3,1,1,1,4
SF,IC2009,2020-04-09 09:34:23.900,5006.8000,35184,-2,529505000.000,3,0,3,多平,S,5005.2000,5005.0000,5002.0000,5001.8000,5001.6000,5007.8000,5008.4000,5008.6000,5009.4000,5010.0000,10,4,1,1,1,1,1,1,1,4
SF,IC2009,2020-04-09 09:34:24.400,5008.6000,35182,-2,532509960.000,3,0,3,多平,S,5007.8000,5007.0000,5006.6000,5005.4000,5005.2000,5009.4000,5010.0000,5011.2000,5013.4000,5014.6000,3,2,1,4,11,1,4,1,1,1
SF,IC2009,2020-04-09 09:34:24.900,5007.8000,35181,-1,533511520.000,1,0,1,双平,S,5007.8000,5006.6000,5005.4000,5005.2000,5005.0000,5009.2000,5010.0000,5011.2000,5013.4000,5014.6000,1,1,4,16,4,1,4,1,1,1
SF,IC2009,2020-04-09 09:34:25.400,5007.8000,35181,0,533511520.000,0,-,-,-,-,5007.8000,5006.6000,5006.2000,5005.4000,5005.2000,5009.2000,5010.0000,5011.2000,5013.4000,5014.6000,1,1,1,3,16,1,4,1,1,1
SF,IC2009,2020-04-09 09:34:25.900,5007.8000,35181,0,533511520.000,0,-,-,-,-,5008.0000,5007.8000,5006.6000,5006.2000,5005.4000,5010.0000,5011.2000,5013.4000,5014.6000,5015.0000,1,1,1,1,2,4,1,1,1,7
SF,IC2009,2020-04-09 09:34:26.400,5007.8000,35180,-1,534513080.000,1,0,1,双平,S,5006.6000,5006.2000,5005.4000,5005.2000,5005.0000,5009.8000,5010.0000,5010.2000,5011.2000,5014.6000,1,1,2,16,4,2,4,1,1,1
SF,IC2009,2020-04-09 09:34:26.900,5007.8000,35180,0,534513080.000,0,-,-,-,-,5006.8000,5006.6000,5006.2000,5005.4000,5005.2000,5009.8000,5010.0000,5010.2000,5011.2000,5014.6000,1,1,1,1,16,1,4,1,1,1
SF,IC2009,2020-04-09 09:34:27.400,5007.8000,35180,0,534513080.000,0,-,-,-,-,5006.8000,5006.6000,5006.2000,5005.4000,5005.2000,5009.8000,5010.0000,5010.2000,5011.2000,5014.6000,1,1,1,1,16,1,3,1,1,1
SF,IC2009,2020-04-09 09:34:27.900,5009.8000,35179,-1,535515040.000,1,0,1,双平,S,5006.8000,5006.6000,5006.2000,5005.4000,5005.2000,5010.0000,5010.2000,5011.2000,5014.6000,5015.0000,1,1,1,1,16,3,1,1,1,7
SF,IC2009,2020-04-09 09:34:28.400,5009.8000,35179,0,535515040.000,0,-,-,-,-,5006.8000,5006.6000,5006.2000,5005.4000,5005.2000,5009.6000,5009.8000,5010.0000,5010.2000,5011.2000,1,1,1,1,16,1,1,3,1,1
SF,IC2009,2020-04-09 09:34:28.900,5009.8000,35179,0,535515040.000,0,-,-,-,-,5006.8000,5006.6000,5006.2000,5005.4000,5005.2000,5009.4000,5009.6000,5010.0000,5010.2000,5011.2000,1,1,1,1,16,1,1,3,1,1
