市场代码,合约代码,时间,最新,持仓,增仓,成交额,成交量,开仓,平仓,成交类型,方向,买一价,买二价,买三价,买四价,买五价,卖一价,卖二价,卖三价,卖四价,卖五价,买一量,买二量,买三量,买四量,买五量,卖一量,卖二量,卖三量,卖四量,卖五量
SF,IC2002,2020-01-09 09:29:00.400,5466.0000,7632,0,7652400.000,7.000,-,-,-,-,5462.2000,5460.0000,5457.0000,5455.0000,5453.2000,5466.4000,5470.0000,5471.0000,5472.0000,5472.6000,1,4,1,1,2,1,20,20,20,1
SF,IC2002,2020-01-09 09:30:00.400,5466.4000,7634,2,10932240.000,3,2,1,空开,S,5468.4000,5466.4000,5465.2000,5464.2000,5463.6000,5470.0000,5471.0000,5472.0000,5472.6000,5473.0000,13,5,2,1,2,20,20,21,1,21
SF,IC2002,2020-01-09 09:30:00.900,5470.0000,7634,0,17495280.000,6,3,3,多换,S,5468.4000,5466.4000,5465.2000,5464.8000,5464.2000,5470.0000,5471.0000,5472.0000,5472.6000,5473.0000,10,8,2,2,1,19,20,21,1,21
SF,IC2002,2020-01-09 09:30:01.400,5470.0000,7631,-3,21871280.000,4,0,4,多平,S,5468.4000,5466.4000,5465.2000,5464.8000,5464.2000,5470.0000,5471.0000,5472.0000,5472.6000,5473.0000,10,9,2,2,1,15,20,21,1,21
SF,IC2002,2020-01-09 09:30:01.900,5470.0000,7618,-13,38281280.000,15,1,14,多平,S,5470.0000,5468.8000,5468.4000,5466.4000,5464.8000,5471.0000,5472.0000,5472.6000,5473.0000,5474.0000,18,1,10,8,2,20,21,1,21,20
SF,IC2002,2020-01-09 09:30:02.400,5470.0000,7618,0,38281280.000,0,-,-,-,-,5470.2000,5470.0000,5469.0000,5468.8000,5468.4000,5471.0000,5472.0000,5472.6000,5473.0000,5474.0000,2,21,1,1,10,20,21,1,21,20
SF,IC2002,2020-01-09 09:30:02.900,5470.0000,7618,0,38281280.000,0,-,-,-,-,5470.2000,5470.0000,5469.0000,5468.8000,5468.4000,5470.6000,5471.0000,5472.0000,5472.6000,5473.0000,4,21,1,1,10,1,20,21,1,21
SF,IC2002,2020-01-09 09:30:03.400,5470.0000,7618,0,38281280.000,0,-,-,-,-,5470.2000,5470.0000,5469.0000,5468.8000,5468.4000,5471.0000,5472.0000,5472.6000,5473.0000,5474.0000,4,23,1,1,10,20,21,1,21,20
SF,IC2002,2020-01-09 09:30:03.900,5471.0000,7617,-1,40469680.000,2,0,2,多平,S,5470.6000,5470.2000,5470.0000,5469.0000,5468.8000,5471.0000,5472.0000,5472.6000,5473.0000,5474.0000,1,4,22,1,1,18,21,1,21,20
SF,IC2002,2020-01-09 09:30:04.400,5471.0000,7615,-2,42658080.000,2,0,2,双平,S,5470.6000,5470.2000,5470.0000,5469.0000,5468.8000,5471.0000,5472.0000,5472.6000,5473.0000,5474.0000,1,4,22,1,1,16,21,1,21,20
SF,IC2002,2020-01-09 09:30:04.900,5471.0000,7606,-9,53600000.000,10,0,10,多平,S,5470.2000,5470.0000,5469.0000,5468.8000,5468.4000,5471.0000,5472.0000,5472.6000,5473.0000,5474.0000,4,22,1,1,10,7,21,1,21,20
SF,IC2002,2020-01-09 09:30:05.400,5471.0000,7603,-3,56882600.000,3,0,3,双平,S,5470.6000,5470.2000,5470.0000,5468.8000,5468.4000,5471.0000,5472.0000,5472.6000,5473.0000,5474.0000,2,6,22,1,10,4,21,1,21,20
SF,IC2002,2020-01-09 09:30:05.900,5471.0000,7600,-3,61259400.000,4,0,4,多平,S,5470.6000,5470.2000,5470.0000,5468.8000,5468.4000,5472.0000,5472.6000,5473.0000,5474.0000,5475.0000,2,4,22,1,10,21,1,21,20,22
SF,IC2002,2020-01-09 09:30:06.400,5472.0000,7599,-1,63448200.000,2,0,2,多平,S,5471.4000,5471.0000,5470.8000,5470.6000,5470.2000,5472.0000,5472.6000,5473.0000,5474.0000,5475.0000,1,7,2,1,4,19,1,21,20,22
SF,IC2002,2020-01-09 09:30:06.900,5472.0000,7598,-1,67825800.000,4,1,3,多平,S,5471.4000,5471.0000,5470.8000,5470.6000,5470.2000,5472.0000,5472.6000,5473.0000,5474.0000,5475.0000,1,7,1,1,4,15,1,21,20,22
SF,IC2002,2020-01-09 09:30:07.400,5472.0000,7584,-14,84241680.000,15,0,15,多平,S,5471.4000,5471.0000,5470.8000,5470.6000,5470.2000,5472.0000,5472.6000,5473.0000,5474.0000,5475.0000,2,7,1,1,4,1,1,21,20,21
SF,IC2002,2020-01-09 09:30:07.900,5472.0000,7584,0,85336080.000,1,0,1,多换,S,5472.0000,5471.8000,5471.0000,5470.8000,5470.6000,5472.6000,5473.0000,5474.0000,5475.0000,5476.0000,1,1,7,1,1,1,21,20,21,20
SF,IC2002,2020-01-09 09:30:08.400,5472.6000,7583,-1,87525000.000,2,0,2,多平,S,5472.6000,5471.0000,5470.6000,5470.2000,5470.0000,5473.0000,5474.0000,5475.0000,5476.0000,5477.0000,1,7,1,4,22,21,20,21,20,20
SF,IC2002,2020-01-09 09:30:08.900,5472.6000,7582,-1,88619520.000,1,0,1,双平,S,5471.0000,5470.6000,5470.2000,5470.0000,5468.8000,5473.0000,5474.0000,5475.0000,5476.0000,5477.0000,7,1,4,22,1,21,20,21,20,20
SF,IC2002,2020-01-09 09:30:09.400,5473.0000,7563,-19,111606120.000,21,1,20,多平,S,5472.2000,5472.0000,5471.4000,5471.2000,5471.0000,5474.0000,5475.0000,5476.0000,5477.0000,5478.0000,2,1,1,1,8,20,21,20,20,20
SF,IC2002,2020-01-09 09:30:09.900,5473.8000,7561,-2,113795320.000,2,0,2,双平,S,5471.4000,5471.2000,5471.0000,5470.6000,5470.2000,5473.8000,5474.0000,5475.0000,5476.0000,5477.0000,1,1,8,1,4,1,20,21,20,20
SF,IC2002,2020-01-09 09:30:10.400,5473.8000,7561,0,113795320.000,0,-,-,-,-,5472.6000,5472.4000,5471.6000,5471.4000,5471.2000,5473.8000,5474.0000,5475.0000,5476.0000,5477.0000,1,1,2,1,1,1,20,21,20,20
SF,IC2002,2020-01-09 09:30:11.400,5473.8000,7560,-1,114890080.000,1,0,1,双平,S,5473.8000,5472.8000,5472.6000,5472.4000,5471.6000,5474.0000,5475.0000,5476.0000,5477.0000,5478.0000,22,1,3,1,2,20,21,20,20,20
SF,IC2002,2020-01-09 09:30:11.900,5474.0000,7545,-15,131312080.000,15,0,15,双平,S,5473.8000,5472.8000,5472.6000,5471.6000,5471.4000,5474.0000,5475.0000,5476.0000,5477.0000,5478.0000,34,1,3,2,1,5,21,20,20,20
SF,IC2002,2020-01-09 09:30:12.400,5475.0000,7538,-7,138976080.000,7,0,7,双平,S,5474.4000,5474.0000,5473.8000,5472.8000,5472.6000,5475.0000,5476.0000,5477.0000,5478.0000,5479.0000,2,2,35,1,3,19,20,20,20,20
SF,IC2002,2020-01-09 09:30:12.900,5475.0000,7534,-4,143356080.000,4,0,4,双平,S,5474.4000,5474.2000,5474.0000,5473.8000,5472.8000,5475.0000,5476.0000,5477.0000,5478.0000,5479.0000,2,1,2,35,1,15,20,20,20,20
SF,IC2002,2020-01-09 09:30:13.400,5475.0000,7520,-14,159781080.000,15,0,15,多平,S,5475.0000,5474.4000,5474.2000,5474.0000,5473.8000,5476.0000,5477.0000,5478.0000,5479.0000,5480.0000,65,2,1,2,35,20,20,20,20,10
SF,IC2002,2020-01-09 09:30:13.900,5476.0000,7517,-3,163066680.000,3,0,3,双平,S,5475.2000,5475.0000,5474.2000,5474.0000,5473.8000,5476.0000,5477.0000,5478.0000,5479.0000,5480.0000,1,71,1,2,35,17,20,20,20,10
SF,IC2002,2020-01-09 09:30:14.400,5476.0000,7513,-4,167447480.000,4,0,4,双平,S,5475.2000,5475.0000,5474.2000,5474.0000,5473.8000,5476.0000,5477.0000,5478.0000,5479.0000,5480.0000,2,71,1,2,35,13,20,20,20,10
SF,IC2002,2020-01-09 09:30:14.900,5476.0000,7513,0,169637880.000,2,1,1,多换,S,5475.2000,5475.0000,5474.2000,5474.0000,5473.8000,5476.0000,5477.0000,5478.0000,5479.0000,5480.0000,3,71,1,2,35,11,20,20,20,10
SF,IC2002,2020-01-09 09:30:15.400,5476.0000,7503,-10,180589880.000,10,0,10,双平,S,5475.2000,5475.0000,5474.2000,5474.0000,5473.8000,5476.0000,5477.0000,5478.0000,5479.0000,5480.0000,2,71,1,2,35,1,20,20,20,10
SF,IC2002,2020-01-09 09:30:15.900,5476.0000,7502,-1,181685080.000,1,0,1,双平,S,5476.0000,5475.6000,5475.4000,5475.2000,5475.0000,5477.0000,5478.0000,5479.0000,5480.0000,5483.0000,2,1,1,2,71,20,20,20,10,1
SF,IC2002,2020-01-09 09:30:16.400,5476.2000,7501,-1,183875720.000,2,0,2,多平,S,5476.0000,5475.6000,5475.4000,5475.2000,5475.0000,5477.0000,5478.0000,5479.0000,5480.0000,5483.0000,3,1,1,1,71,19,20,20,10,1
SF,IC2002,2020-01-09 09:30:16.900,5477.0000,7500,-1,184971120.000,1,0,1,双平,S,5476.0000,5475.6000,5475.4000,5475.2000,5475.0000,5477.0000,5478.0000,5479.0000,5480.0000,5483.0000,2,1,1,1,71,18,20,20,10,1
SF,IC2002,2020-01-09 09:30:17.400,5477.0000,7500,0,184971120.000,0,-,-,-,-,5476.0000,5475.6000,5475.4000,5475.2000,5475.0000,5477.0000,5478.0000,5479.0000,5480.0000,5483.0000,3,1,1,1,71,18,20,20,10,1
SF,IC2002,2020-01-09 09:30:17.900,5477.0000,7486,-14,200306720.000,14,0,14,双平,S,5476.0000,5475.6000,5475.4000,5475.2000,5475.0000,5477.0000,5478.0000,5479.0000,5480.0000,5483.0000,5,1,1,1,71,4,20,20,10,1
SF,IC2002,2020-01-09 09:30:18.400,5477.0000,7484,-2,203592920.000,3,0,3,多平,S,5476.4000,5476.2000,5476.0000,5475.6000,5475.4000,5477.0000,5478.0000,5479.0000,5480.0000,5483.0000,1,1,5,1,1,1,20,20,10,1
SF,IC2002,2020-01-09 09:30:18.900,5477.0000,7482,-2,205783720.000,2,0,2,双平,S,5477.0000,5476.4000,5476.2000,5476.0000,5475.6000,5478.0000,5479.0000,5480.0000,5483.0000,5485.0000,1,1,3,5,1,20,20,10,1,1
SF,IC2002,2020-01-09 09:30:19.400,5477.0000,7482,0,205783720.000,0,-,-,-,-,5477.0000,5476.4000,5476.2000,5476.0000,5475.6000,5478.0000,5479.0000,5480.0000,5483.0000,5485.0000,3,1,3,5,1,20,20,10,1,1
SF,IC2002,2020-01-09 09:30:19.900,5477.0000,7482,0,205783720.000,0,-,-,-,-,5477.0000,5476.4000,5476.2000,5476.0000,5475.6000,5478.0000,5479.0000,5480.0000,5483.0000,5485.0000,4,1,3,5,1,20,20,10,1,1
SF,IC2002,2020-01-09 09:30:20.400,5477.0000,7482,0,205783720.000,0,-,-,-,-,5477.0000,5476.4000,5476.2000,5476.0000,5475.6000,5478.0000,5479.0000,5480.0000,5483.0000,5485.4000,4,1,3,5,1,20,20,10,1,1
SF,IC2002,2020-01-09 09:30:20.900,5478.0000,7481,-1,206879320.000,1,0,1,双平,S,5477.4000,5477.2000,5477.0000,5476.8000,5476.4000,5478.0000,5479.0000,5480.0000,5483.0000,5485.4000,1,1,4,1,1,19,20,10,1,1
SF,IC2002,2020-01-09 09:30:21.400,5478.0000,7479,-2,209070400.000,2,0,2,双平,S,5477.4000,5477.0000,5476.8000,5476.4000,5476.2000,5478.0000,5479.0000,5480.0000,5483.0000,5485.4000,1,6,1,1,3,18,20,10,1,1
SF,IC2002,2020-01-09 09:30:21.900,5477.0000,7478,-1,216738280.000,7,3,4,多平,S,5476.4000,5476.2000,5476.0000,5475.6000,5475.4000,5477.0000,5478.0000,5479.0000,5480.0000,5483.0000,1,3,6,1,1,2,18,20,10,1
SF,IC2002,2020-01-09 09:30:22.400,5477.0000,7476,-2,221119680.000,4,1,3,多平,S,5477.0000,5476.2000,5476.0000,5475.6000,5475.0000,5478.0000,5479.0000,5480.0000,5483.0000,5485.4000,11,2,6,1,71,18,20,10,1,1
SF,IC2002,2020-01-09 09:30:22.900,5478.0000,7468,-8,232075000.000,10,1,9,多平,S,5477.0000,5476.2000,5476.0000,5475.6000,5475.0000,5478.0000,5479.0000,5480.0000,5483.0000,5485.4000,9,2,6,1,71,17,20,10,1,1
SF,IC2002,2020-01-09 09:30:23.900,5478.0000,7468,0,232075000.000,0,-,-,-,-,5477.0000,5476.2000,5476.0000,5475.6000,5475.0000,5478.0000,5479.0000,5480.0000,5483.0000,5485.4000,10,1,6,1,71,17,20,10,1,1
SF,IC2002,2020-01-09 09:30:24.400,5478.0000,7467,-1,233170600.000,1,0,1,双平,S,5477.0000,5476.2000,5476.0000,5475.6000,5475.0000,5478.0000,5479.0000,5480.0000,5483.0000,5485.4000,10,1,6,1,71,16,20,10,1,1
SF,IC2002,2020-01-09 09:30:24.900,5478.0000,7466,-1,234266200.000,1,0,1,双平,S,5477.0000,5476.2000,5476.0000,5475.6000,5475.0000,5478.0000,5479.0000,5480.0000,5483.0000,5485.4000,10,1,6,1,71,15,20,10,1,1
SF,IC2002,2020-01-09 09:30:25.400,5478.0000,7466,0,234266200.000,0,-,-,-,-,5477.0000,5476.2000,5476.0000,5475.6000,5475.0000,5478.0000,5479.0000,5480.0000,5483.0000,5485.4000,10,1,5,1,71,15,20,10,1,1
SF,IC2002,2020-01-09 09:30:25.900,5477.2000,7463,-3,238648440.000,4,0,4,多平,S,5477.0000,5476.2000,5476.0000,5475.6000,5475.0000,5478.0000,5479.0000,5480.0000,5483.0000,5485.4000,11,1,5,1,71,12,20,10,1,1
SF,IC2002,2020-01-09 09:30:26.400,5478.0000,7462,-1,239744040.000,1,0,1,双平,S,5477.0000,5476.2000,5476.0000,5475.6000,5475.0000,5478.0000,5479.0000,5480.0000,5483.0000,5485.4000,11,1,3,1,71,11,20,10,1,1
SF,IC2002,2020-01-09 09:30:26.900,5478.0000,7461,-1,240839640.000,1,0,1,双平,S,5477.0000,5476.2000,5476.0000,5475.0000,5474.0000,5478.0000,5479.0000,5480.0000,5483.0000,5485.4000,11,1,3,71,1,10,20,10,1,1
SF,IC2002,2020-01-09 09:30:27.400,5478.0000,7459,-2,248508840.000,7,2,5,多平,S,5477.0000,5476.2000,5476.0000,5475.0000,5474.0000,5478.0000,5479.0000,5480.0000,5483.0000,5485.4000,11,1,3,71,1,3,20,10,1,1
SF,IC2002,2020-01-09 09:30:27.900,5478.0000,7456,-3,251795640.000,3,0,3,双平,S,5477.0000,5476.2000,5476.0000,5475.0000,5474.0000,5479.0000,5480.0000,5483.0000,5485.4000,5486.8000,11,1,3,71,1,20,10,1,1,5
SF,IC2002,2020-01-09 09:30:28.400,5479.0000,7451,-5,258370440.000,6,0,6,多平,S,5477.0000,5476.8000,5476.2000,5476.0000,5475.0000,5479.0000,5480.0000,5483.0000,5485.4000,5486.8000,11,1,1,3,67,14,10,1,1,5
SF,IC2002,2020-01-09 09:30:28.900,5479.0000,7450,-1,259466240.000,1,0,1,双平,S,5478.2000,5477.0000,5476.8000,5476.2000,5476.0000,5479.0000,5480.0000,5483.0000,5485.4000,5486.8000,3,11,1,1,3,13,10,1,1,5
SF,IC2002,2020-01-09 09:30:29.400,5478.2000,7449,-1,261657680.000,2,0,2,多平,S,5478.2000,5478.0000,5477.4000,5477.0000,5476.8000,5479.0000,5480.0000,5483.0000,5485.4000,5486.8000,2,1,1,11,1,12,10,1,1,5
SF,IC2002,2020-01-09 09:30:29.900,5479.0000,7448,-1,263849280.000,2,0,2,多平,S,5478.2000,5478.0000,5477.0000,5476.8000,5476.2000,5479.0000,5480.0000,5483.0000,5485.4000,5486.8000,2,1,11,1,1,10,10,1,1,5
SF,IC2002,2020-01-09 09:30:30.400,5479.0000,7448,0,263849280.000,0,-,-,-,-,5478.2000,5478.0000,5477.0000,5476.8000,5476.2000,5479.0000,5480.0000,5483.0000,5485.4000,5486.8000,2,1,11,1,1,10,10,1,1,5
SF,IC2002,2020-01-09 09:30:30.900,5479.0000,7447,-1,266040880.000,2,0,2,多平,S,5478.2000,5478.0000,5477.0000,5476.8000,5476.2000,5479.0000,5480.0000,5483.0000,5485.4000,5486.8000,2,3,11,1,1,8,10,1,1,5
SF,IC2002,2020-01-09 09:30:31.400,5479.0000,7439,-8,274807280.000,8,0,8,双平,S,5478.6000,5478.2000,5478.0000,5477.0000,5476.8000,5480.0000,5483.0000,5485.4000,5486.8000,5488.0000,1,3,3,10,1,10,1,1,5,1
SF,IC2002,2020-01-09 09:30:31.900,5479.0000,7439,0,274807280.000,0,-,-,-,-,5479.4000,5478.2000,5478.0000,5477.0000,5476.8000,5479.8000,5480.0000,5483.0000,5485.4000,5486.8000,1,3,3,10,1,1,10,1,1,5
SF,IC2002,2020-01-09 09:30:32.400,5479.4000,7438,-1,275903160.000,1,0,1,双平,S,5479.8000,5479.2000,5479.0000,5478.2000,5478.0000,5480.0000,5483.0000,5485.4000,5486.8000,5488.0000,1,3,20,3,3,10,1,1,5,1
SF,IC2002,2020-01-09 09:30:32.900,5480.0000,7432,-6,283575160.000,7,0,7,多平,S,5479.8000,5479.2000,5479.0000,5478.6000,5478.2000,5480.0000,5483.0000,5485.4000,5486.8000,5488.0000,1,3,20,2,3,3,1,1,5,1
SF,IC2002,2020-01-09 09:30:33.400,5480.0000,7429,-3,286863160.000,3,0,3,双平,S,5479.8000,5479.2000,5479.0000,5478.6000,5478.2000,5483.0000,5485.4000,5486.8000,5488.0000,5498.2000,1,3,20,2,3,1,1,5,1,5
SF,IC2002,2020-01-09 09:30:33.900,5479.8000,7429,0,287959120.000,1,0,1,多换,S,5480.0000,5479.2000,5479.0000,5478.6000,5478.2000,5482.8000,5483.0000,5485.4000,5486.8000,5488.0000,20,3,22,2,3,1,2,1,5,1
SF,IC2002,2020-01-09 09:30:34.400,5479.8000,7429,0,287959120.000,0,-,-,-,-,5480.0000,5479.2000,5479.0000,5478.6000,5478.2000,5482.6000,5482.8000,5483.0000,5485.4000,5486.8000,22,3,23,2,3,1,1,2,1,5
SF,IC2002,2020-01-09 09:30:35.400,5479.8000,7429,0,287959120.000,0,-,-,-,-,5480.2000,5480.0000,5479.2000,5479.0000,5478.6000,5482.6000,5482.8000,5483.0000,5485.4000,5486.8000,1,22,3,23,2,1,1,2,1,5
SF,IC2002,2020-01-09 09:30:35.900,5479.8000,7429,0,287959120.000,0,-,-,-,-,5480.2000,5480.0000,5479.2000,5479.0000,5478.6000,5482.6000,5483.0000,5485.4000,5486.8000,5488.0000,1,22,3,23,2,1,2,1,5,1
SF,IC2002,2020-01-09 09:30:36.400,5479.8000,7429,0,287959120.000,0,-,-,-,-,5482.8000,5480.4000,5480.2000,5480.0000,5479.2000,5483.0000,5485.4000,5486.8000,5488.0000,5498.2000,3,1,1,22,3,2,1,5,1,5
SF,IC2002,2020-01-09 09:30:36.900,5482.8000,7429,0,293441920.000,5,2,3,多换,S,5480.2000,5480.0000,5479.2000,5479.0000,5478.6000,5483.0000,5485.4000,5488.0000,5492.6000,5498.2000,1,22,3,23,2,2,1,1,5,5
SF,IC2002,2020-01-09 09:30:37.400,5482.8000,7429,0,293441920.000,0,-,-,-,-,5480.0000,5479.2000,5479.0000,5478.6000,5478.2000,5482.8000,5483.0000,5485.4000,5488.0000,5492.6000,30,3,3,2,3,2,2,1,1,5
SF,IC2002,2020-01-09 09:30:37.900,5482.8000,7429,0,293441920.000,0,-,-,-,-,5480.0000,5479.2000,5479.0000,5478.6000,5478.2000,5482.6000,5482.8000,5483.0000,5485.4000,5488.0000,30,3,3,2,3,1,2,2,1,1
SF,IC2002,2020-01-09 09:30:38.400,5482.8000,7429,0,293441920.000,0,-,-,-,-,5480.2000,5480.0000,5479.2000,5479.0000,5478.6000,5482.4000,5482.6000,5482.8000,5483.0000,5485.4000,1,30,3,3,2,1,1,2,2,1
SF,IC2002,2020-01-09 09:30:38.900,5482.8000,7429,0,293441920.000,0,-,-,-,-,5480.4000,5480.2000,5480.0000,5479.2000,5479.0000,5482.4000,5482.8000,5483.0000,5485.4000,5488.0000,1,1,30,3,1,1,1,2,1,1
SF,IC2002,2020-01-09 09:30:39.400,5481.0000,7430,1,294538120.000,1,1,0,双开,S,5481.0000,5480.2000,5480.0000,5479.2000,5479.0000,5482.4000,5482.8000,5483.0000,5485.4000,5488.0000,1,1,30,3,1,1,1,2,1,1
SF,IC2002,2020-01-09 09:30:39.900,5481.0000,7431,1,295634320.000,1,1,0,双开,S,5480.6000,5480.0000,5479.2000,5479.0000,5478.2000,5483.0000,5485.4000,5488.0000,5489.0000,5492.6000,1,10,3,1,3,1,1,1,1,5
SF,IC2002,2020-01-09 09:30:40.400,5481.0000,7431,0,295634320.000,0,-,-,-,-,5482.4000,5480.8000,5480.6000,5480.0000,5479.2000,5483.0000,5485.4000,5488.0000,5489.0000,5492.6000,21,1,1,10,3,1,1,1,1,5
SF,IC2002,2020-01-09 09:30:40.900,5481.0000,7431,0,295634320.000,0,-,-,-,-,5482.4000,5480.0000,5479.2000,5479.0000,5478.2000,5482.8000,5483.0000,5485.4000,5488.0000,5489.0000,21,10,3,1,3,1,1,1,1,1
SF,IC2002,2020-01-09 09:30:41.400,5481.0000,7427,-4,300019120.000,4,0,4,双平,S,5482.4000,5480.0000,5479.2000,5479.0000,5478.2000,5482.8000,5483.0000,5485.4000,5488.0000,5489.0000,19,10,3,1,3,1,1,1,1,1
SF,IC2002,2020-01-09 09:30:41.900,5482.6000,7423,-4,305501400.000,5,0,5,多平,S,5482.4000,5481.0000,5480.0000,5479.2000,5479.0000,5483.0000,5485.4000,5488.0000,5489.0000,5492.6000,18,1,10,3,1,1,1,1,1,5
SF,IC2002,2020-01-09 09:30:42.400,5482.4000,7422,-1,306597880.000,1,0,1,双平,S,5482.4000,5481.0000,5480.0000,5479.2000,5479.0000,5483.0000,5485.4000,5488.0000,5489.0000,5492.6000,17,1,10,3,1,1,1,1,1,5
SF,IC2002,2020-01-09 09:30:42.900,5482.4000,7422,0,306597880.000,0,-,-,-,-,5482.4000,5481.0000,5480.0000,5479.2000,5479.0000,5483.0000,5485.4000,5488.0000,5489.0000,5492.6000,17,1,10,3,1,1,1,1,1,5
SF,IC2002,2020-01-09 09:30:43.900,5482.4000,7422,0,306597880.000,0,-,-,-,-,5482.4000,5481.0000,5480.0000,5479.2000,5479.0000,5483.0000,5485.4000,5488.0000,5489.0000,5492.6000,17,1,10,3,1,1,1,1,1,5
SF,IC2002,2020-01-09 09:30:44.400,5482.4000,7422,0,306597880.000,0,-,-,-,-,5482.4000,5481.0000,5480.2000,5480.0000,5479.2000,5483.0000,5485.4000,5488.0000,5489.0000,5492.6000,17,1,5,10,3,1,1,1,1,5
SF,IC2002,2020-01-09 09:30:44.900,5482.4000,7422,0,306597880.000,0,-,-,-,-,5482.4000,5481.0000,5480.2000,5480.0000,5479.2000,5483.0000,5485.4000,5488.0000,5489.0000,5492.6000,17,1,5,10,3,1,1,1,1,5
SF,IC2002,2020-01-09 09:30:45.400,5483.0000,7423,1,307694480.000,1,1,0,双开,S,5483.0000,5482.4000,5481.0000,5480.2000,5480.0000,5485.4000,5488.0000,5489.0000,5492.6000,5498.2000,4,17,1,5,10,1,1,1,5,5
SF,IC2002,2020-01-09 09:30:45.900,5483.0000,7423,0,307694480.000,0,-,-,-,-,5483.0000,5482.4000,5481.0000,5480.2000,5480.0000,5485.2000,5485.4000,5488.0000,5489.0000,5492.6000,4,17,1,5,10,1,2,1,1,5
SF,IC2002,2020-01-09 09:30:46.400,5485.4000,7421,-2,310985680.000,3,0,3,多平,S,5485.4000,5483.2000,5483.0000,5482.4000,5481.0000,5488.0000,5489.0000,5492.6000,5498.2000,5515.0000,62,2,4,15,1,1,1,5,5,1
SF,IC2002,2020-01-09 09:30:46.900,5485.4000,7405,-16,328538960.000,16,0,16,双平,S,5485.4000,5483.2000,5483.0000,5482.4000,5481.0000,5486.0000,5486.4000,5486.8000,5488.0000,5489.0000,46,2,4,15,1,2,1,2,1,1
SF,IC2002,2020-01-09 09:30:47.400,5485.4000,7384,-21,352674720.000,22,0,22,多平,S,5485.4000,5483.2000,5483.0000,5482.4000,5481.0000,5486.4000,5486.8000,5487.6000,5488.0000,5489.0000,24,2,4,14,1,1,2,9,1,1
SF,IC2002,2020-01-09 09:30:47.900,5485.4000,7374,-10,364742600.000,11,0,11,多平,S,5485.4000,5483.2000,5483.0000,5482.4000,5481.0000,5485.8000,5486.4000,5486.8000,5487.6000,5488.0000,13,2,4,14,1,2,1,2,9,1
SF,IC2002,2020-01-09 09:30:48.400,5485.4000,7363,-11,379004640.000,13,1,12,多平,S,5483.2000,5483.0000,5482.4000,5481.0000,5480.2000,5486.4000,5486.8000,5487.6000,5488.0000,5489.0000,2,4,22,1,5,1,2,9,1,1
SF,IC2002,2020-01-09 09:30:48.900,5485.4000,7363,0,379004640.000,0,-,-,-,-,5483.4000,5483.2000,5483.0000,5482.4000,5481.0000,5486.0000,5486.4000,5486.8000,5488.0000,5489.0000,2,2,4,22,1,2,1,2,1,1
SF,IC2002,2020-01-09 09:30:49.400,5485.4000,7363,0,379004640.000,0,-,-,-,-,5483.4000,5483.2000,5483.0000,5482.4000,5481.0000,5486.4000,5486.8000,5488.0000,5489.0000,5492.6000,2,2,4,22,1,1,2,1,1,5
SF,IC2002,2020-01-09 09:30:49.900,5486.0000,7361,-2,381199040.000,2,0,2,双平,S,5483.4000,5483.2000,5483.0000,5482.4000,5481.0000,5486.4000,5486.8000,5488.0000,5489.0000,5492.6000,2,2,4,22,1,1,2,1,1,5
SF,IC2002,2020-01-09 09:30:50.400,5486.0000,7361,0,381199040.000,0,-,-,-,-,5483.4000,5483.2000,5483.0000,5482.4000,5481.0000,5486.8000,5488.0000,5489.0000,5492.6000,5498.2000,1,2,4,22,1,2,1,1,5,5
SF,IC2002,2020-01-09 09:30:50.900,5486.0000,7361,0,381199040.000,0,-,-,-,-,5483.2000,5483.0000,5482.4000,5481.0000,5480.2000,5485.2000,5486.0000,5486.4000,5486.6000,5486.8000,2,4,22,1,5,1,1,1,1,2
SF,IC2002,2020-01-09 09:30:51.400,5486.0000,7361,0,381199040.000,0,-,-,-,-,5483.2000,5483.0000,5482.4000,5481.0000,5480.2000,5485.2000,5486.0000,5486.4000,5486.6000,5486.8000,2,4,14,1,5,1,1,2,1,2
SF,IC2002,2020-01-09 09:30:51.900,5486.4000,7361,0,385588080.000,4,2,2,多换,S,5486.4000,5483.4000,5483.2000,5483.0000,5482.4000,5486.8000,5488.0000,5488.6000,5489.0000,5492.6000,1,2,2,4,14,2,1,1,1,5
SF,IC2002,2020-01-09 09:30:52.400,5486.4000,7361,0,386685360.000,1,0,1,多换,S,5483.4000,5483.2000,5483.0000,5482.4000,5481.0000,5485.4000,5486.4000,5486.8000,5488.0000,5488.6000,1,2,4,14,1,1,3,2,1,1
SF,IC2002,2020-01-09 09:30:52.900,5485.2000,7361,0,387782400.000,1,0,1,多换,S,5485.2000,5483.2000,5483.0000,5482.4000,5481.0000,5485.4000,5486.4000,5486.8000,5488.0000,5488.6000,1,2,6,14,1,1,3,2,1,1
SF,IC2002,2020-01-09 09:30:53.400,5485.4000,7361,0,389976520.000,2,1,1,多换,S,5483.6000,5483.0000,5482.4000,5481.0000,5480.2000,5486.4000,5486.8000,5488.0000,5488.6000,5489.0000,1,6,14,1,5,3,2,1,1,1
SF,IC2002,2020-01-09 09:30:53.900,5483.6000,7360,-1,391073240.000,1,0,1,双平,S,5483.0000,5482.4000,5481.0000,5480.2000,5479.2000,5486.4000,5486.8000,5488.0000,5488.6000,5489.0000,6,14,1,5,3,1,2,1,1,1
SF,IC2002,2020-01-09 09:30:54.400,5486.4000,7357,-3,394364880.000,3,0,3,双平,S,5486.4000,5483.2000,5483.0000,5482.4000,5481.0000,5486.8000,5488.0000,5488.6000,5489.0000,5492.6000,17,1,6,14,1,2,1,1,1,5
SF,IC2002,2020-01-09 09:30:54.900,5486.4000,7349,-8,405337680.000,10,1,9,多平,S,5486.4000,5483.0000,5482.4000,5481.0000,5480.2000,5486.8000,5488.0000,5488.6000,5489.0000,5492.6000,9,6,14,1,5,2,1,1,1,5
SF,IC2002,2020-01-09 09:30:55.400,5486.4000,7342,-7,415213200.000,9,1,8,多平,S,5483.0000,5482.4000,5481.0000,5480.2000,5479.2000,5486.8000,5488.0000,5488.6000,5489.0000,5492.6000,6,14,1,5,3,2,1,1,1,5
SF,IC2002,2020-01-09 09:30:55.900,5486.4000,7342,0,415213200.000,0,-,-,-,-,5483.2000,5483.0000,5482.4000,5481.0000,5480.2000,5486.4000,5486.8000,5488.0000,5488.6000,5489.0000,1,6,14,1,5,2,2,1,1,1
SF,IC2002,2020-01-09 09:30:56.400,5486.4000,7342,0,415213200.000,0,-,-,-,-,5483.2000,5483.0000,5482.4000,5481.0000,5480.2000,5486.4000,5486.8000,5488.0000,5488.6000,5489.0000,1,6,14,1,5,1,2,1,1,1
SF,IC2002,2020-01-09 09:30:56.900,5486.4000,7342,0,415213200.000,0,-,-,-,-,5483.2000,5483.0000,5482.4000,5481.0000,5480.2000,5486.2000,5486.4000,5486.8000,5488.0000,5488.6000,1,6,14,1,5,1,1,2,1,1
SF,IC2002,2020-01-09 09:30:57.400,5486.4000,7342,0,415213200.000,0,-,-,-,-,5483.2000,5483.0000,5482.4000,5481.0000,5480.2000,5486.0000,5486.2000,5486.4000,5486.8000,5488.0000,1,6,14,1,5,9,2,1,2,1
SF,IC2002,2020-01-09 09:30:57.900,5486.2000,7341,-1,418504360.000,3,1,2,多平,S,5486.2000,5483.2000,5483.0000,5482.4000,5481.0000,5486.4000,5486.8000,5488.0000,5488.6000,5489.0000,6,1,6,14,1,1,2,1,1,2
SF,IC2002,2020-01-09 09:30:58.400,5486.2000,7342,1,425087800.000,6,3,3,空开,S,5483.0000,5482.4000,5481.0000,5480.2000,5479.2000,5486.0000,5486.2000,5486.4000,5486.6000,5486.8000,6,14,1,5,3,8,1,1,1,2
SF,IC2002,2020-01-09 09:30:58.900,5483.2000,7341,-1,426184440.000,1,0,1,双平,S,5483.0000,5482.4000,5481.0000,5480.2000,5479.2000,5485.6000,5485.8000,5486.0000,5486.2000,5486.6000,6,14,1,5,3,1,1,8,2,1
SF,IC2002,2020-01-09 09:30:59.400,5483.2000,7340,-1,427281080.000,1,0,1,双平,S,5483.0000,5482.4000,5481.0000,5480.2000,5479.2000,5483.2000,5485.6000,5485.8000,5486.0000,5486.2000,6,14,1,5,3,1,1,1,8,1
SF,IC2002,2020-01-09 09:30:59.900,5485.6000,7339,-1,430571440.000,3,1,2,多平,S,5483.0000,5482.4000,5481.0000,5480.2000,5479.2000,5485.8000,5486.0000,5486.6000,5486.8000,5488.0000,5,14,1,5,3,1,8,1,2,1
SF,IC2002,2020-01-09 09:31:00.400,5485.6000,7339,0,430571440.000,0,-,-,-,-,5483.4000,5483.0000,5482.4000,5481.0000,5480.2000,5486.0000,5486.6000,5486.8000,5488.0000,5488.6000,1,5,14,1,5,9,1,2,1,1
SF,IC2002,2020-01-09 09:31:00.900,5483.4000,7338,-1,431668120.000,1,0,1,双平,S,5483.2000,5483.0000,5482.4000,5481.0000,5480.2000,5486.0000,5486.6000,5486.8000,5488.0000,5488.6000,1,5,14,1,5,9,1,2,1,1
SF,IC2002,2020-01-09 09:31:01.400,5483.4000,7337,-1,432764800.000,1,0,1,双平,S,5483.2000,5483.0000,5482.4000,5481.0000,5480.2000,5485.6000,5486.6000,5486.8000,5488.0000,5488.6000,1,5,14,1,5,1,1,2,1,1
SF,IC2002,2020-01-09 09:31:01.900,5483.4000,7337,0,432764800.000,0,-,-,-,-,5483.2000,5483.0000,5482.4000,5481.0000,5480.2000,5485.8000,5486.6000,5486.8000,5488.0000,5488.6000,1,5,14,1,5,1,1,2,1,1
SF,IC2002,2020-01-09 09:31:02.400,5483.4000,7337,0,432764800.000,0,-,-,-,-,5483.2000,5483.0000,5482.4000,5481.0000,5480.2000,5485.2000,5485.8000,5486.6000,5486.8000,5488.0000,1,5,14,1,5,1,1,1,2,1
SF,IC2002,2020-01-09 09:31:02.900,5483.2000,7336,-1,433861440.000,1,0,1,双平,S,5483.0000,5482.4000,5481.0000,5480.2000,5479.2000,5485.2000,5485.8000,5486.6000,5486.8000,5488.0000,5,14,1,5,3,1,1,1,2,1
SF,IC2002,2020-01-09 09:31:03.400,5483.2000,7336,0,433861440.000,0,-,-,-,-,5483.0000,5482.4000,5481.0000,5480.2000,5479.2000,5485.0000,5485.2000,5486.6000,5486.8000,5488.0000,5,14,1,5,3,1,1,1,2,1
SF,IC2002,2020-01-09 09:31:03.900,5483.2000,7335,-1,436055080.000,2,0,2,多平,S,5483.2000,5483.0000,5482.4000,5481.0000,5480.2000,5486.6000,5486.8000,5488.0000,5488.6000,5489.0000,1,5,14,1,5,1,2,1,1,2
SF,IC2002,2020-01-09 09:31:04.400,5483.2000,7335,0,436055080.000,0,-,-,-,-,5483.0000,5482.4000,5481.0000,5480.2000,5479.2000,5486.2000,5486.4000,5486.6000,5486.8000,5488.0000,5,14,1,5,3,8,2,1,2,1
SF,IC2002,2020-01-09 09:31:04.900,5483.2000,7335,0,436055080.000,0,-,-,-,-,5483.0000,5482.4000,5481.0000,5480.2000,5479.2000,5483.2000,5486.2000,5486.4000,5486.6000,5486.8000,5,14,1,5,3,1,8,2,1,2
SF,IC2002,2020-01-09 09:31:05.400,5488.6000,7320,-15,456903520.000,19,2,17,多平,S,5483.0000,5482.4000,5481.0000,5480.2000,5479.2000,5489.0000,5490.0000,5490.4000,5492.6000,5498.2000,5,14,1,5,3,2,1,1,5,5
SF,IC2002,2020-01-09 09:31:05.900,5483.0000,7320,0,459096720.000,2,1,1,多换,S,5483.0000,5482.4000,5481.0000,5480.2000,5479.2000,5486.8000,5488.4000,5488.6000,5488.8000,5489.0000,4,14,1,5,3,1,2,2,1,2
SF,IC2002,2020-01-09 09:31:06.400,5483.0000,7321,1,460193320.000,1,1,0,双开,S,5483.0000,5482.4000,5481.0000,5480.2000,5479.2000,5486.6000,5488.0000,5488.4000,5488.6000,5489.0000,3,14,1,5,3,3,2,2,2,2
SF,IC2002,2020-01-09 09:31:06.900,5483.0000,7320,-1,461289920.000,1,0,1,双平,S,5483.2000,5483.0000,5482.4000,5481.0000,5480.2000,5486.2000,5486.6000,5486.8000,5488.6000,5489.0000,1,3,14,1,5,1,2,1,2,2
SF,IC2002,2020-01-09 09:31:07.400,5483.0000,7319,-1,462386520.000,1,0,1,双平,S,5483.2000,5483.0000,5482.4000,5481.0000,5480.2000,5486.0000,5486.2000,5486.6000,5487.4000,5487.8000,1,3,14,1,5,1,1,1,1,2
SF,IC2002,2020-01-09 09:31:07.900,5483.2000,7318,-1,463483160.000,1,0,1,双平,S,5483.0000,5482.4000,5481.0000,5480.2000,5480.0000,5485.6000,5486.0000,5486.6000,5487.4000,5487.8000,3,14,1,5,1,1,1,1,1,2
SF,IC2002,2020-01-09 09:31:08.400,5483.2000,7318,0,463483160.000,0,-,-,-,-,5483.0000,5482.4000,5481.0000,5480.2000,5480.0000,5485.4000,5485.6000,5486.0000,5486.6000,5487.4000,3,14,1,5,1,1,1,1,1,1
SF,IC2002,2020-01-09 09:31:08.900,5483.0000,7319,1,464579760.000,1,1,0,双开,S,5483.0000,5482.4000,5481.0000,5480.2000,5480.0000,5484.8000,5485.0000,5485.4000,5486.0000,5486.6000,2,14,1,5,1,1,1,2,1,1
SF,IC2002,2020-01-09 09:31:09.400,5483.0000,7320,1,466772960.000,2,1,1,空开,S,5482.4000,5481.0000,5480.2000,5480.0000,5479.2000,5484.4000,5484.8000,5485.4000,5486.0000,5486.6000,14,1,5,1,3,1,1,2,1,1
SF,IC2002,2020-01-09 09:31:09.900,5486.0000,7317,-3,473354760.000,6,1,5,多平,S,5485.4000,5482.4000,5481.0000,5480.2000,5480.0000,5486.0000,5486.6000,5487.4000,5487.8000,5488.2000,5,14,1,5,1,1,1,1,2,2
SF,IC2002,2020-01-09 09:31:10.400,5482.4000,7310,-7,482129600.000,8,0,8,多平,S,5482.4000,5481.0000,5480.2000,5480.0000,5479.2000,5485.4000,5485.8000,5486.0000,5486.6000,5487.8000,11,1,5,1,3,3,1,1,2,2
SF,IC2002,2020-01-09 09:31:10.900,5482.4000,7310,0,482129600.000,0,-,-,-,-,5483.2000,5482.4000,5481.0000,5480.2000,5480.0000,5485.4000,5485.8000,5486.0000,5486.6000,5487.8000,1,11,1,5,1,4,1,1,2,2
SF,IC2002,2020-01-09 09:31:11.400,5483.2000,7310,0,483226240.000,1,0,1,多换,S,5482.4000,5481.0000,5480.2000,5480.0000,5479.2000,5485.4000,5485.8000,5486.0000,5486.6000,5487.8000,11,1,5,1,3,2,1,1,2,2
SF,IC2002,2020-01-09 09:31:11.900,5482.4000,7308,-2,485419200.000,2,0,2,双平,S,5482.4000,5481.0000,5480.2000,5480.0000,5479.2000,5483.2000,5485.4000,5485.8000,5486.0000,5486.6000,9,1,5,1,3,1,2,1,1,2
SF,IC2002,2020-01-09 09:31:12.400,5483.2000,7308,0,486515840.000,1,0,1,多换,S,5482.4000,5481.0000,5480.2000,5480.0000,5479.2000,5485.0000,5485.4000,5485.8000,5486.6000,5487.0000,9,1,5,1,3,1,3,1,2,2
SF,IC2002,2020-01-09 09:31:12.900,5485.4000,7309,1,493098240.000,6,3,3,空开,S,5482.6000,5482.4000,5481.0000,5480.2000,5480.0000,5484.2000,5485.8000,5486.6000,5487.0000,5487.8000,1,9,1,5,1,2,1,2,2,1
SF,IC2002,2020-01-09 09:31:13.400,5482.6000,7308,-1,494194760.000,1,0,1,双平,S,5482.4000,5481.0000,5480.2000,5480.0000,5479.2000,5485.8000,5486.6000,5487.0000,5487.8000,5488.2000,9,1,5,1,3,1,2,2,1,1
SF,IC2002,2020-01-09 09:31:13.900,5482.4000,7307,-1,496387760.000,2,0,2,多平,S,5482.4000,5481.0000,5480.2000,5480.0000,5479.2000,5485.6000,5485.8000,5486.6000,5486.8000,5487.0000,8,1,5,1,3,1,1,2,1,2
SF,IC2002,2020-01-09 09:31:14.400,5482.4000,7307,0,497484240.000,1,0,1,多换,S,5482.4000,5481.0000,5480.2000,5480.0000,5479.2000,5484.4000,5485.6000,5485.8000,5486.6000,5486.8000,7,1,5,1,3,1,1,1,2,1
SF,IC2002,2020-01-09 09:31:14.900,5482.4000,7307,0,499677200.000,2,1,1,多换,S,5482.4000,5481.0000,5480.2000,5480.0000,5479.2000,5484.4000,5485.6000,5486.6000,5486.8000,5487.0000,5,1,5,1,3,1,1,2,1,2
SF,IC2002,2020-01-09 09:31:15.400,5482.4000,7305,-2,504063120.000,4,1,3,多平,S,5482.4000,5481.0000,5480.2000,5480.0000,5479.2000,5484.4000,5485.6000,5486.2000,5486.6000,5486.8000,1,1,5,1,3,1,1,1,2,1
SF,IC2002,2020-01-09 09:31:15.900,5482.4000,7305,0,504063120.000,0,-,-,-,-,5482.6000,5482.4000,5481.0000,5480.2000,5480.0000,5484.4000,5485.6000,5486.2000,5486.6000,5486.8000,2,1,1,5,1,1,1,1,1,1
SF,IC2002,2020-01-09 09:31:16.400,5482.4000,7303,-2,506256080.000,2,0,2,双平,S,5482.4000,5481.0000,5480.2000,5480.0000,5479.2000,5484.4000,5485.6000,5486.0000,5486.6000,5486.8000,1,1,5,1,3,1,1,1,1,1
SF,IC2002,2020-01-09 09:31:16.900,5482.4000,7302,-1,507352560.000,1,0,1,双平,S,5481.0000,5480.2000,5480.0000,5479.2000,5479.0000,5484.2000,5484.4000,5485.8000,5486.6000,5486.8000,1,5,1,3,1,1,1,1,1,1
SF,IC2002,2020-01-09 09:31:17.400,5482.4000,7302,0,507352560.000,0,-,-,-,-,5481.2000,5481.0000,5480.2000,5480.0000,5479.2000,5484.2000,5484.4000,5485.8000,5486.4000,5486.6000,1,1,6,1,3,1,1,1,1,1
SF,IC2002,2020-01-09 09:31:17.900,5481.0000,7301,-1,509545000.000,2,0,2,多平,S,5480.2000,5480.0000,5479.2000,5479.0000,5478.2000,5483.8000,5484.2000,5485.8000,5486.2000,5486.4000,6,1,3,1,2,2,1,1,1,1
SF,IC2002,2020-01-09 09:31:18.400,5481.0000,7301,0,509545000.000,0,-,-,-,-,5480.4000,5480.2000,5480.0000,5479.2000,5479.0000,5483.8000,5485.8000,5486.2000,5486.4000,5486.6000,2,6,1,3,1,2,1,1,1,1
SF,IC2002,2020-01-09 09:31:18.900,5480.6000,7299,-2,511737240.000,2,0,2,双平,S,5480.4000,5480.2000,5480.0000,5479.2000,5479.0000,5483.2000,5483.8000,5485.8000,5486.2000,5486.4000,2,6,1,3,1,1,1,1,1,1
SF,IC2002,2020-01-09 09:31:19.400,5480.6000,7299,0,511737240.000,0,-,-,-,-,5480.4000,5480.2000,5480.0000,5479.2000,5479.0000,5482.8000,5483.2000,5483.8000,5485.8000,5486.2000,2,6,1,3,1,1,1,1,1,1
SF,IC2002,2020-01-09 09:31:19.900,5480.6000,7297,-2,513929480.000,2,0,2,双平,S,5480.4000,5480.2000,5480.0000,5479.2000,5479.0000,5482.8000,5483.0000,5483.2000,5483.8000,5484.2000,1,6,1,3,1,1,1,1,1,1
SF,IC2002,2020-01-09 09:31:20.400,5482.8000,7296,-1,515026040.000,1,0,1,双平,S,5480.2000,5480.0000,5479.2000,5479.0000,5478.2000,5483.0000,5483.2000,5483.8000,5484.2000,5484.8000,6,1,3,1,2,1,1,1,1,1
SF,IC2002,2020-01-09 09:31:20.900,5480.2000,7294,-2,519411240.000,4,1,3,多平,S,5480.8000,5480.2000,5480.0000,5479.2000,5479.0000,5483.0000,5483.8000,5485.6000,5485.8000,5486.4000,1,4,1,3,1,1,1,1,1,1
SF,IC2002,2020-01-09 09:31:21.400,5480.2000,7294,0,519411240.000,0,-,-,-,-,5481.2000,5480.8000,5480.2000,5480.0000,5479.2000,5482.6000,5482.8000,5483.0000,5483.8000,5485.8000,1,1,1,1,3,1,1,1,1,1
SF,IC2002,2020-01-09 09:31:21.900,5480.2000,7294,0,519411240.000,0,-,-,-,-,5480.2000,5480.0000,5479.2000,5479.0000,5478.2000,5480.4000,5482.6000,5482.8000,5483.0000,5483.8000,1,1,3,1,2,2,1,1,1,1
SF,IC2002,2020-01-09 09:31:22.400,5480.2000,7293,-1,522699440.000,3,1,2,多平,S,5480.0000,5479.2000,5479.0000,5478.2000,5477.0000,5482.6000,5483.0000,5483.4000,5483.8000,5485.4000,1,3,1,2,1,1,1,1,1,1
SF,IC2002,2020-01-09 09:31:22.900,5480.0000,7292,-1,524891480.000,2,0,2,多平,S,5479.2000,5479.0000,5478.2000,5477.0000,5476.2000,5482.4000,5482.6000,5483.0000,5483.4000,5483.8000,3,1,2,1,1,1,1,1,1,1
SF,IC2002,2020-01-09 09:31:23.400,5482.4000,7292,0,527084360.000,2,1,1,多换,S,5479.2000,5479.0000,5478.2000,5477.0000,5476.2000,5482.6000,5483.0000,5483.4000,5483.8000,5485.4000,3,1,2,1,1,1,1,1,1,1
SF,IC2002,2020-01-09 09:31:23.900,5479.2000,7291,-1,529276120.000,2,0,2,多平,S,5479.2000,5479.0000,5478.2000,5477.0000,5476.2000,5482.0000,5482.4000,5482.6000,5483.0000,5483.4000,2,1,2,1,1,1,1,1,1,1
SF,IC2002,2020-01-09 09:31:24.400,5479.2000,7291,0,529276120.000,0,-,-,-,-,5479.2000,5479.0000,5478.2000,5477.0000,5476.2000,5481.8000,5482.0000,5482.6000,5483.0000,5483.4000,2,1,2,1,1,1,1,1,1,1
SF,IC2002,2020-01-09 09:31:24.900,5479.2000,7291,0,531467800.000,2,1,1,多换,S,5479.0000,5478.2000,5477.0000,5476.2000,5476.0000,5481.4000,5481.8000,5482.0000,5482.6000,5483.0000,1,2,1,1,1,1,1,1,1,1
SF,IC2002,2020-01-09 09:31:25.400,5479.2000,7291,0,531467800.000,0,-,-,-,-,5479.0000,5478.2000,5477.0000,5476.2000,5476.0000,5481.2000,5481.4000,5482.0000,5482.6000,5483.0000,1,2,1,1,1,1,1,1,1,1
SF,IC2002,2020-01-09 09:31:25.900,5479.2000,7291,0,531467800.000,0,-,-,-,-,5479.0000,5478.2000,5477.0000,5476.2000,5476.0000,5480.8000,5481.2000,5481.4000,5482.0000,5482.6000,1,2,1,1,1,1,1,1,1,1
SF,IC2002,2020-01-09 09:31:26.400,5478.2000,7290,-1,533659240.000,2,0,2,多平,S,5478.2000,5477.0000,5476.2000,5476.0000,5475.0000,5480.8000,5481.2000,5481.4000,5482.0000,5482.6000,1,1,1,1,2,1,1,1,1,1
SF,IC2002,2020-01-09 09:31:26.900,5477.0000,7290,0,535850280.000,2,1,1,多换,S,5476.2000,5476.0000,5475.0000,5474.0000,5472.0000,5480.8000,5481.2000,5481.4000,5482.0000,5482.6000,1,1,2,1,1,1,1,1,1,1
SF,IC2002,2020-01-09 09:31:27.400,5477.0000,7290,0,535850280.000,0,-,-,-,-,5478.6000,5478.4000,5478.0000,5477.8000,5476.8000,5480.8000,5481.4000,5482.0000,5482.6000,5483.4000,1,1,1,1,2,1,1,1,1,1
SF,IC2002,2020-01-09 09:31:27.900,5477.0000,7290,0,535850280.000,0,-,-,-,-,5478.4000,5476.6000,5476.4000,5476.2000,5476.0000,5480.8000,5481.4000,5482.0000,5482.6000,5483.4000,1,1,1,1,1,1,1,1,1,1
SF,IC2002,2020-01-09 09:31:28.400,5476.4000,7289,-1,538040880.000,2,0,2,多平,S,5476.2000,5476.0000,5475.0000,5474.0000,5472.0000,5480.8000,5481.4000,5482.0000,5482.6000,5483.4000,1,1,2,1,1,1,1,1,1,1
SF,IC2002,2020-01-09 09:31:28.900,5476.4000,7289,0,538040880.000,0,-,-,-,-,5476.2000,5476.0000,5475.2000,5475.0000,5474.0000,5480.6000,5480.8000,5481.4000,5482.0000,5482.6000,1,1,1,2,1,1,2,1,1,1
SF,IC2002,2020-01-09 09:31:29.400,5476.4000,7289,0,538040880.000,0,-,-,-,-,5476.4000,5476.2000,5476.0000,5475.2000,5475.0000,5480.2000,5480.6000,5480.8000,5481.4000,5482.0000,1,1,1,1,2,1,1,2,1,1
SF,IC2002,2020-01-09 09:31:29.900,5476.4000,7289,0,538040880.000,0,-,-,-,-,5476.8000,5476.4000,5476.0000,5475.6000,5475.2000,5480.0000,5480.2000,5480.8000,5481.4000,5482.0000,1,1,1,2,1,1,1,2,1,1
SF,IC2002,2020-01-09 09:31:30.400,5476.4000,7287,-2,540231440.000,2,0,2,双平,S,5476.8000,5476.4000,5476.0000,5475.6000,5475.2000,5479.6000,5480.0000,5480.2000,5480.8000,5481.4000,1,1,1,2,1,1,2,1,1,1
SF,IC2002,2020-01-09 09:31:30.900,5476.4000,7287,0,540231440.000,0,-,-,-,-,5476.2000,5476.0000,5475.2000,5475.0000,5474.0000,5479.4000,5479.6000,5480.0000,5480.2000,5480.8000,1,1,1,2,1,1,1,1,1,1
SF,IC2002,2020-01-09 09:31:31.400,5476.4000,7287,0,540231440.000,0,-,-,-,-,5476.8000,5476.6000,5476.4000,5476.0000,5475.2000,5479.6000,5480.0000,5480.2000,5480.8000,5481.4000,2,1,1,1,1,1,1,1,1,1
SF,IC2002,2020-01-09 09:31:31.900,5476.4000,7287,0,540231440.000,0,-,-,-,-,5476.8000,5476.6000,5476.4000,5476.0000,5475.2000,5479.6000,5480.0000,5480.2000,5480.8000,5481.4000,1,1,1,3,1,1,1,1,1,1
SF,IC2002,2020-01-09 09:31:32.400,5477.0000,7284,-3,543518160.000,3,0,3,双平,S,5479.4000,5476.8000,5476.6000,5476.0000,5475.2000,5480.0000,5480.2000,5480.8000,5481.4000,5482.0000,10,2,1,1,1,1,1,1,1,1
SF,IC2002,2020-01-09 09:31:32.900,5480.2000,7282,-2,546806080.000,3,0,3,多平,S,5479.4000,5477.2000,5476.8000,5476.6000,5476.0000,5480.8000,5481.4000,5482.0000,5483.4000,5486.6000,9,11,2,1,1,1,1,1,1,1
SF,IC2002,2020-01-09 09:31:33.400,5479.4000,7279,-3,550094000.000,3,0,3,双平,S,5479.6000,5479.4000,5477.2000,5476.8000,5476.6000,5480.8000,5481.4000,5482.0000,5486.6000,5487.2000,3,7,13,2,1,1,1,1,1,1
SF,IC2002,2020-01-09 09:31:33.900,5480.8000,7279,0,551190160.000,1,0,1,多换,S,5479.8000,5479.6000,5479.4000,5477.2000,5476.8000,5481.4000,5482.0000,5486.6000,5487.2000,5487.6000,1,3,7,14,2,1,1,1,1,3
SF,IC2002,2020-01-09 09:31:34.400,5479.6000,7279,0,554477960.000,3,1,2,多换,S,5479.6000,5479.4000,5478.0000,5477.4000,5477.2000,5481.4000,5482.0000,5486.6000,5487.2000,5487.6000,1,7,1,1,12,1,1,1,1,3
SF,IC2002,2020-01-09 09:31:34.900,5479.6000,7279,0,555573880.000,1,0,1,多换,S,5479.4000,5478.0000,5477.4000,5477.2000,5476.8000,5481.2000,5481.4000,5482.0000,5486.6000,5487.2000,7,1,1,12,2,1,1,1,1,1
SF,IC2002,2020-01-09 09:31:35.400,5479.6000,7279,0,555573880.000,0,-,-,-,-,5480.4000,5479.4000,5478.4000,5478.0000,5477.4000,5481.2000,5481.4000,5482.0000,5486.6000,5487.2000,1,7,1,1,1,1,1,1,1,1
SF,IC2002,2020-01-09 09:31:35.900,5479.6000,7279,0,555573880.000,0,-,-,-,-,5479.4000,5478.4000,5478.0000,5477.2000,5476.8000,5481.2000,5482.0000,5486.6000,5487.2000,5487.6000,7,1,1,11,2,1,1,1,1,3
SF,IC2002,2020-01-09 09:31:36.400,5479.4000,7277,-2,557765640.000,2,0,2,双平,S,5479.4000,5478.4000,5478.0000,5477.2000,5476.8000,5481.2000,5482.0000,5486.6000,5487.2000,5487.6000,5,1,1,11,2,1,1,1,1,3
SF,IC2002,2020-01-09 09:31:36.900,5479.4000,7277,0,557765640.000,0,-,-,-,-,5481.0000,5479.8000,5479.6000,5479.4000,5478.0000,5486.6000,5487.2000,5487.6000,5488.0000,5488.6000,1,1,2,5,1,1,1,3,1,2
SF,IC2002,2020-01-09 09:31:37.400,5479.4000,7277,0,557765640.000,0,-,-,-,-,5479.8000,5479.6000,5479.4000,5477.2000,5476.8000,5486.4000,5486.6000,5487.2000,5487.6000,5488.0000,1,2,5,11,2,1,1,1,3,1
SF,IC2002,2020-01-09 09:31:37.900,5479.4000,7277,0,557765640.000,0,-,-,-,-,5479.8000,5479.6000,5479.4000,5477.2000,5476.8000,5486.0000,5486.2000,5486.4000,5486.6000,5487.2000,1,2,6,10,2,1,1,2,1,1
SF,IC2002,2020-01-09 09:31:38.400,5479.4000,7277,0,557765640.000,0,-,-,-,-,5480.2000,5480.0000,5479.6000,5479.4000,5477.2000,5485.8000,5486.0000,5486.4000,5486.6000,5487.2000,1,10,1,6,1,2,1,1,1,1
SF,IC2002,2020-01-09 09:31:38.900,5479.4000,7277,0,557765640.000,0,-,-,-,-,5480.4000,5480.2000,5480.0000,5479.6000,5479.4000,5485.4000,5485.8000,5486.0000,5486.6000,5487.2000,1,1,9,1,6,1,3,1,1,1
SF,IC2002,2020-01-09 09:31:39.400,5479.4000,7277,0,557765640.000,0,-,-,-,-,5481.0000,5480.8000,5480.6000,5480.4000,5480.2000,5485.2000,5485.4000,5485.8000,5486.0000,5486.6000,2,2,1,1,1,1,1,1,1,1
SF,IC2002,2020-01-09 09:31:39.900,5479.4000,7277,0,557765640.000,0,-,-,-,-,5480.2000,5479.4000,5479.0000,5476.8000,5476.6000,5484.8000,5485.2000,5485.4000,5485.8000,5486.0000,1,6,1,2,1,1,3,1,1,1
SF,IC2002,2020-01-09 09:31:40.400,5479.4000,7277,0,557765640.000,0,-,-,-,-,5480.4000,5480.2000,5479.4000,5479.0000,5476.8000,5484.8000,5485.2000,5485.4000,5486.0000,5486.6000,11,1,6,1,2,1,2,1,1,1
SF,IC2002,2020-01-09 09:31:40.900,5479.4000,7277,0,557765640.000,0,-,-,-,-,5481.2000,5480.6000,5480.4000,5480.2000,5479.4000,5484.8000,5485.2000,5485.4000,5486.0000,5486.6000,4,1,11,1,5,1,2,1,1,1
SF,IC2002,2020-01-09 09:31:41.400,5479.4000,7277,0,557765640.000,0,-,-,-,-,5481.2000,5480.6000,5480.4000,5479.4000,5479.0000,5484.8000,5485.2000,5485.4000,5486.0000,5486.6000,4,2,11,5,1,1,2,1,1,1
SF,IC2002,2020-01-09 09:31:41.900,5479.4000,7277,0,557765640.000,0,-,-,-,-,5481.2000,5480.6000,5480.4000,5479.4000,5479.0000,5484.6000,5484.8000,5485.2000,5485.4000,5486.0000,4,2,11,5,1,1,1,1,1,1
SF,IC2002,2020-01-09 09:31:42.400,5479.4000,7277,0,557765640.000,0,-,-,-,-,5481.6000,5481.4000,5481.2000,5481.0000,5480.6000,5484.2000,5484.6000,5484.8000,5485.4000,5486.6000,1,1,4,1,2,1,1,1,1,1
SF,IC2002,2020-01-09 09:31:42.900,5484.6000,7277,0,559959400.000,2,1,1,多换,S,5481.4000,5481.2000,5481.0000,5480.6000,5480.4000,5484.8000,5485.4000,5486.6000,5487.2000,5487.4000,1,4,1,2,11,1,1,1,1,1
SF,IC2002,2020-01-09 09:31:43.400,5484.6000,7277,0,559959400.000,0,-,-,-,-,5481.4000,5481.2000,5480.6000,5479.4000,5479.0000,5484.0000,5484.6000,5484.8000,5486.6000,5487.2000,1,4,1,5,1,2,1,1,1,1
SF,IC2002,2020-01-09 09:31:43.900,5484.6000,7277,0,561056320.000,1,0,1,多换,S,5481.4000,5481.2000,5479.4000,5476.8000,5476.0000,5484.6000,5484.8000,5486.6000,5487.2000,5488.0000,1,4,5,1,1,1,1,1,1,1
SF,IC2002,2020-01-09 09:31:44.400,5484.6000,7277,0,561056320.000,0,-,-,-,-,5481.4000,5481.2000,5479.4000,5476.8000,5476.0000,5483.6000,5484.6000,5484.8000,5486.6000,5487.2000,1,4,5,1,1,1,1,1,1,1
SF,IC2002,2020-01-09 09:31:44.900,5484.6000,7277,0,561056320.000,0,-,-,-,-,5482.8000,5481.6000,5481.4000,5481.2000,5479.4000,5484.8000,5486.6000,5487.2000,5488.0000,5488.4000,1,1,1,4,5,1,1,1,1,1
SF,IC2002,2020-01-09 09:31:45.400,5484.6000,7277,0,561056320.000,0,-,-,-,-,5481.2000,5479.4000,5476.8000,5476.0000,5475.0000,5483.2000,5486.6000,5488.0000,5488.4000,5489.0000,4,5,1,1,2,1,1,1,1,1
SF,IC2002,2020-01-09 09:31:45.900,5483.0000,7276,-1,562152920.000,1,0,1,双平,S,5481.2000,5481.0000,5479.4000,5476.8000,5476.0000,5486.6000,5488.0000,5488.4000,5489.0000,5489.8000,4,1,5,1,1,1,1,1,1,3
SF,IC2002,2020-01-09 09:31:46.400,5483.0000,7276,0,562152920.000,0,-,-,-,-,5481.2000,5479.4000,5476.8000,5476.0000,5475.0000,5482.8000,5486.4000,5486.6000,5488.0000,5488.4000,4,5,1,1,2,1,2,1,1,1
SF,IC2002,2020-01-09 09:31:46.900,5483.0000,7276,0,562152920.000,0,-,-,-,-,5481.4000,5481.2000,5479.4000,5476.8000,5476.0000,5486.4000,5486.6000,5488.0000,5488.4000,5489.0000,2,4,5,1,1,1,1,1,1,1
SF,IC2002,2020-01-09 09:31:47.400,5483.0000,7276,0,562152920.000,0,-,-,-,-,5481.4000,5481.2000,5479.4000,5476.8000,5476.0000,5486.2000,5486.4000,5486.6000,5487.2000,5488.0000,1,4,5,1,1,1,1,2,1,1
SF,IC2002,2020-01-09 09:31:47.900,5483.0000,7276,0,562152920.000,0,-,-,-,-,5481.2000,5479.4000,5476.8000,5476.0000,5475.0000,5485.8000,5486.0000,5486.2000,5486.6000,5487.2000,4,5,1,1,2,1,1,2,2,1
SF,IC2002,2020-01-09 09:31:48.400,5485.6000,7276,0,564347160.000,2,1,1,多换,S,5481.2000,5479.4000,5476.8000,5476.0000,5475.0000,5485.6000,5485.8000,5486.2000,5486.6000,5487.2000,4,5,1,1,2,2,1,1,2,1
SF,IC2002,2020-01-09 09:31:48.900,5485.6000,7276,0,564347160.000,0,-,-,-,-,5481.2000,5479.4000,5476.8000,5476.0000,5475.0000,5484.6000,5485.2000,5485.6000,5485.8000,5486.2000,4,5,1,1,2,1,1,3,2,1
SF,IC2002,2020-01-09 09:31:49.400,5485.6000,7276,0,564347160.000,0,-,-,-,-,5481.2000,5479.4000,5476.8000,5476.0000,5475.0000,5484.2000,5484.4000,5484.6000,5485.2000,5485.6000,4,5,1,1,2,1,2,1,1,1
SF,IC2002,2020-01-09 09:31:49.900,5485.6000,7276,0,564347160.000,0,-,-,-,-,5481.2000,5479.4000,5476.8000,5476.0000,5475.0000,5484.0000,5484.2000,5484.4000,5484.6000,5485.2000,4,5,1,1,2,1,1,1,1,1
SF,IC2002,2020-01-09 09:31:50.400,5485.6000,7276,0,564347160.000,0,-,-,-,-,5481.2000,5479.4000,5476.8000,5476.0000,5475.0000,5483.6000,5484.0000,5484.2000,5484.4000,5484.6000,4,5,1,1,2,1,2,1,1,2
SF,IC2002,2020-01-09 09:31:50.900,5485.6000,7275,-1,565444280.000,1,0,1,双平,S,5481.2000,5479.4000,5476.8000,5476.0000,5475.0000,5484.0000,5484.2000,5484.4000,5484.6000,5485.4000,4,5,1,1,2,1,1,1,2,1
SF,IC2002,2020-01-09 09:31:51.400,5485.6000,7275,0,565444280.000,0,-,-,-,-,5481.2000,5479.4000,5476.8000,5476.0000,5475.0000,5483.2000,5483.4000,5483.8000,5484.0000,5484.4000,4,5,1,1,2,1,1,1,1,1
SF,IC2002,2020-01-09 09:31:51.900,5481.4000,7274,-1,566540560.000,1,0,1,双平,S,5481.2000,5479.4000,5476.8000,5476.0000,5475.0000,5483.4000,5484.0000,5484.6000,5485.4000,5485.6000,4,5,1,1,2,1,1,2,1,1
SF,IC2002,2020-01-09 09:31:52.400,5481.4000,7274,0,566540560.000,0,-,-,-,-,5481.4000,5481.2000,5479.4000,5476.8000,5476.0000,5483.4000,5484.0000,5484.6000,5485.4000,5486.6000,1,4,5,1,1,1,1,2,1,2
SF,IC2002,2020-01-09 09:31:52.900,5481.2000,7272,-2,568733080.000,2,0,2,双平,S,5481.2000,5479.4000,5476.8000,5476.0000,5475.0000,5483.4000,5484.0000,5484.6000,5485.4000,5486.6000,3,5,1,1,2,1,1,2,1,2
SF,IC2002,2020-01-09 09:31:53.400,5481.2000,7271,-1,569829320.000,1,0,1,双平,S,5481.2000,5479.4000,5476.8000,5476.0000,5475.0000,5483.0000,5483.2000,5483.4000,5484.0000,5484.6000,2,5,1,1,2,1,1,1,1,2
SF,IC2002,2020-01-09 09:31:53.900,5481.2000,7271,0,569829320.000,0,-,-,-,-,5481.2000,5479.4000,5476.8000,5476.0000,5475.0000,5483.4000,5484.6000,5485.4000,5486.0000,5486.6000,2,5,1,1,2,1,1,1,1,2
SF,IC2002,2020-01-09 09:31:54.400,5481.2000,7269,-2,572021800.000,2,0,2,双平,S,5481.2000,5479.4000,5476.8000,5476.0000,5475.0000,5482.8000,5483.4000,5484.4000,5485.4000,5486.0000,1,5,1,1,2,1,1,1,1,1
SF,IC2002,2020-01-09 09:31:54.900,5481.2000,7269,0,572021800.000,0,-,-,-,-,5481.2000,5479.4000,5476.8000,5476.0000,5475.0000,5482.8000,5483.4000,5485.4000,5486.0000,5486.4000,1,5,1,1,2,1,1,1,2,1
SF,IC2002,2020-01-09 09:31:55.400,5479.4000,7267,-2,575309800.000,3,0,3,多平,S,5479.4000,5476.8000,5476.0000,5475.0000,5474.0000,5483.4000,5485.4000,5486.0000,5486.4000,5486.6000,3,1,1,2,1,1,1,2,1,2
SF,IC2002,2020-01-09 09:31:55.900,5479.4000,7267,0,575309800.000,0,-,-,-,-,5479.8000,5479.6000,5479.4000,5476.8000,5476.0000,5485.4000,5486.0000,5486.4000,5486.6000,5487.0000,1,1,3,1,1,1,2,1,2,1
SF,IC2002,2020-01-09 09:31:56.400,5479.4000,7267,0,575309800.000,0,-,-,-,-,5479.8000,5479.4000,5476.8000,5476.0000,5475.0000,5483.2000,5483.8000,5485.2000,5485.4000,5486.0000,1,3,1,1,2,1,1,2,1,2
SF,IC2002,2020-01-09 09:31:56.900,5479.4000,7267,0,575309800.000,0,-,-,-,-,5480.0000,5479.6000,5479.4000,5476.8000,5476.0000,5483.2000,5483.8000,5485.2000,5486.0000,5486.4000,1,1,3,1,1,1,1,1,1,1
SF,IC2002,2020-01-09 09:31:57.400,5479.4000,7265,-2,577501560.000,2,0,2,双平,S,5479.6000,5479.4000,5478.8000,5476.8000,5476.4000,5483.2000,5485.2000,5486.0000,5486.4000,5486.6000,1,3,1,1,1,1,1,1,1,2
SF,IC2002,2020-01-09 09:31:57.900,5479.4000,7265,0,577501560.000,0,-,-,-,-,5479.6000,5479.4000,5478.8000,5476.8000,5476.4000,5483.0000,5486.0000,5486.4000,5486.6000,5488.0000,1,3,1,1,1,1,1,1,2,1
SF,IC2002,2020-01-09 09:31:58.400,5479.4000,7265,0,577501560.000,0,-,-,-,-,5479.6000,5479.4000,5476.8000,5476.4000,5476.0000,5483.0000,5486.0000,5486.4000,5486.6000,5488.0000,1,3,1,1,1,2,1,2,2,1
SF,IC2002,2020-01-09 09:31:58.900,5479.4000,7263,-2,579693320.000,2,0,2,双平,S,5479.4000,5476.8000,5476.4000,5476.0000,5475.0000,5483.0000,5484.6000,5486.0000,5486.4000,5486.6000,2,1,1,1,2,2,1,1,2,2
SF,IC2002,2020-01-09 09:31:59.400,5479.4000,7263,0,579693320.000,0,-,-,-,-,5479.4000,5476.8000,5476.4000,5476.0000,5475.0000,5482.8000,5483.0000,5484.6000,5486.0000,5486.4000,2,1,1,1,2,1,1,1,1,2
SF,IC2002,2020-01-09 09:31:59.900,5479.4000,7261,-2,581885080.000,2,0,2,双平,S,5476.8000,5476.4000,5476.0000,5475.0000,5474.0000,5482.6000,5482.8000,5484.6000,5486.0000,5486.4000,1,1,1,2,1,1,1,1,1,2
SF,IC2002,2020-01-09 09:32:00.400,5479.4000,7261,0,581885080.000,0,-,-,-,-,5480.2000,5479.0000,5478.0000,5477.2000,5477.0000,5482.6000,5482.8000,5484.6000,5486.0000,5486.4000,1,1,1,10,2,1,1,1,1,2
SF,IC2002,2020-01-09 09:32:00.900,5478.0000,7261,0,584076480.000,2,1,1,多换,S,5477.2000,5477.0000,5476.8000,5476.4000,5476.0000,5482.4000,5482.6000,5484.6000,5486.0000,5486.4000,10,2,3,1,1,2,1,1,1,2
SF,IC2002,2020-01-09 09:32:01.400,5478.0000,7261,0,584076480.000,0,-,-,-,-,5479.8000,5478.4000,5478.0000,5477.4000,5477.2000,5482.4000,5482.6000,5484.6000,5486.0000,5486.4000,1,1,1,4,10,1,1,1,1,2
SF,IC2002,2020-01-09 09:32:01.900,5482.4000,7260,-1,585172960.000,1,0,1,双平,S,5481.4000,5480.2000,5478.8000,5478.4000,5477.8000,5482.6000,5484.6000,5486.0000,5486.4000,5486.6000,1,9,1,1,1,1,1,1,2,2
SF,IC2002,2020-01-09 09:32:02.400,5482.4000,7259,-1,586269440.000,1,0,1,双平,S,5481.0000,5480.2000,5479.2000,5478.8000,5478.4000,5482.6000,5484.6000,5486.0000,5486.4000,5486.6000,2,10,1,1,3,1,1,1,2,2
SF,IC2002,2020-01-09 09:32:02.900,5480.2000,7258,-1,588461520.000,2,0,2,多平,S,5480.2000,5479.6000,5478.8000,5478.6000,5478.4000,5482.6000,5484.6000,5486.0000,5486.4000,5486.6000,7,1,1,1,3,1,1,1,1,2
SF,IC2002,2020-01-09 09:32:03.400,5480.2000,7258,0,588461520.000,0,-,-,-,-,5481.6000,5480.4000,5480.2000,5479.6000,5478.8000,5482.6000,5484.6000,5486.0000,5486.4000,5486.6000,1,1,7,1,1,1,1,1,1,2
SF,IC2002,2020-01-09 09:32:03.900,5480.2000,7259,1,589557560.000,1,1,0,双开,S,5479.6000,5478.8000,5478.6000,5478.4000,5477.8000,5482.6000,5484.6000,5486.0000,5486.4000,5486.6000,1,1,1,4,1,1,1,1,1,2
SF,IC2002,2020-01-09 09:32:04.400,5480.2000,7259,0,589557560.000,0,-,-,-,-,5480.0000,5479.8000,5479.6000,5478.8000,5478.4000,5482.6000,5484.6000,5486.0000,5486.4000,5486.6000,1,7,1,1,5,1,1,1,1,2
SF,IC2002,2020-01-09 09:32:04.900,5480.2000,7259,0,589557560.000,0,-,-,-,-,5481.8000,5481.0000,5480.2000,5480.0000,5479.8000,5482.6000,5484.6000,5486.0000,5486.4000,5486.6000,1,2,7,1,1,1,1,1,1,2
SF,IC2002,2020-01-09 09:32:05.400,5482.6000,7259,0,590654080.000,1,0,1,多换,S,5481.0000,5480.0000,5479.8000,5479.6000,5478.8000,5484.6000,5486.0000,5486.4000,5486.6000,5488.0000,2,1,1,1,1,1,1,1,2,1
SF,IC2002,2020-01-09 09:32:05.900,5482.6000,7259,0,590654080.000,0,-,-,-,-,5481.0000,5480.0000,5479.6000,5477.8000,5477.4000,5484.4000,5484.6000,5486.0000,5486.4000,5486.6000,2,1,1,1,4,1,1,1,1,2
SF,IC2002,2020-01-09 09:32:06.400,5482.6000,7259,0,590654080.000,0,-,-,-,-,5481.2000,5481.0000,5480.6000,5480.0000,5479.6000,5484.4000,5484.6000,5486.0000,5486.4000,5486.6000,1,2,1,1,1,1,1,1,1,2
SF,IC2002,2020-01-09 09:32:06.900,5482.6000,7259,0,590654080.000,0,-,-,-,-,5481.2000,5481.0000,5480.6000,5480.0000,5479.6000,5484.4000,5484.6000,5485.8000,5486.0000,5486.4000,1,2,1,1,3,1,1,1,1,1
SF,IC2002,2020-01-09 09:32:07.400,5482.6000,7259,0,590654080.000,0,-,-,-,-,5481.0000,5480.6000,5480.0000,5479.6000,5479.0000,5484.4000,5484.6000,5485.8000,5486.0000,5486.4000,2,1,1,3,1,1,1,1,1,1
SF,IC2002,2020-01-09 09:32:08.900,5482.6000,7259,0,590654080.000,0,-,-,-,-,5481.2000,5481.0000,5480.6000,5480.0000,5479.6000,5484.4000,5484.6000,5485.8000,5486.0000,5486.4000,1,2,1,1,1,1,1,1,1,1
SF,IC2002,2020-01-09 09:32:09.400,5482.6000,7259,0,590654080.000,0,-,-,-,-,5481.2000,5481.0000,5480.6000,5480.0000,5479.6000,5484.4000,5484.6000,5485.8000,5486.0000,5486.4000,2,2,1,1,1,1,1,1,1,1
SF,IC2002,2020-01-09 09:32:10.400,5482.6000,7259,0,590654080.000,0,-,-,-,-,5482.6000,5481.2000,5481.0000,5480.6000,5480.0000,5484.4000,5484.6000,5485.8000,5486.0000,5486.4000,1,2,3,1,1,1,1,1,1,1
SF,IC2002,2020-01-09 09:32:10.900,5482.6000,7259,0,590654080.000,0,-,-,-,-,5482.8000,5482.6000,5481.6000,5481.4000,5481.2000,5484.6000,5485.8000,5486.0000,5486.4000,5486.6000,1,1,1,8,2,1,1,1,1,2
SF,IC2002,2020-01-09 09:32:11.400,5484.6000,7259,0,591751000.000,1,0,1,多换,S,5484.6000,5484.4000,5482.8000,5482.6000,5481.6000,5486.0000,5486.4000,5486.6000,5487.4000,5488.0000,1,2,1,1,1,1,1,2,1,1
SF,IC2002,2020-01-09 09:32:11.900,5484.6000,7258,-1,592847920.000,1,0,1,双平,S,5484.6000,5484.4000,5481.6000,5481.4000,5481.2000,5486.0000,5486.4000,5486.6000,5487.4000,5488.0000,1,1,1,8,1,1,1,2,1,1
SF,IC2002,2020-01-09 09:32:12.400,5485.8000,7258,0,595042000.000,2,1,1,多换,S,5484.4000,5481.6000,5481.4000,5481.2000,5481.0000,5486.0000,5486.4000,5486.6000,5487.4000,5488.0000,1,1,8,1,3,1,1,1,1,1
SF,IC2002,2020-01-09 09:32:12.900,5485.8000,7258,0,595042000.000,0,-,-,-,-,5484.4000,5481.6000,5481.4000,5481.2000,5481.0000,5486.0000,5486.4000,5486.6000,5487.4000,5488.0000,1,1,8,1,3,1,1,1,1,1
SF,IC2002,2020-01-09 09:32:13.400,5485.8000,7258,0,595042000.000,0,-,-,-,-,5484.6000,5484.4000,5481.6000,5481.4000,5481.2000,5486.0000,5486.4000,5486.6000,5487.4000,5488.0000,1,1,1,8,1,1,1,1,1,1
SF,IC2002,2020-01-09 09:32:13.900,5485.8000,7258,0,595042000.000,0,-,-,-,-,5484.6000,5484.4000,5481.6000,5481.4000,5481.2000,5486.0000,5486.4000,5486.6000,5488.0000,5488.2000,1,1,1,8,1,1,1,1,1,1
SF,IC2002,2020-01-09 09:32:14.400,5485.8000,7258,0,595042000.000,0,-,-,-,-,5484.6000,5484.4000,5481.6000,5481.4000,5481.2000,5486.0000,5486.4000,5486.6000,5488.0000,5488.2000,1,1,1,8,1,1,1,1,1,1
SF,IC2002,2020-01-09 09:32:14.900,5486.0000,7258,0,596139200.000,1,0,1,多换,S,5486.0000,5484.6000,5484.4000,5481.6000,5481.4000,5486.4000,5486.6000,5488.0000,5488.2000,5488.4000,1,1,1,1,8,1,1,1,1,6
SF,IC2002,2020-01-09 09:32:15.400,5486.0000,7257,-1,597236400.000,1,0,1,双平,S,5484.4000,5481.6000,5481.4000,5481.2000,5481.0000,5486.0000,5486.4000,5486.6000,5487.6000,5488.0000,1,1,8,1,3,1,1,1,1,1
SF,IC2002,2020-01-09 09:32:15.900,5486.0000,7257,0,597236400.000,0,-,-,-,-,5484.6000,5484.4000,5481.6000,5481.2000,5481.0000,5486.0000,5486.4000,5486.6000,5488.0000,5488.2000,1,1,1,1,3,2,1,1,1,1
SF,IC2002,2020-01-09 09:32:16.400,5486.0000,7257,0,597236400.000,0,-,-,-,-,5484.6000,5484.4000,5481.6000,5481.2000,5481.0000,5486.0000,5486.4000,5486.6000,5488.0000,5488.2000,1,1,1,1,3,1,1,1,1,1
SF,IC2002,2020-01-09 09:32:17.400,5486.0000,7257,0,597236400.000,0,-,-,-,-,5484.6000,5484.4000,5481.2000,5481.0000,5480.6000,5486.0000,5486.4000,5486.6000,5488.0000,5488.2000,1,1,1,3,1,1,1,1,1,1
SF,IC2002,2020-01-09 09:32:17.900,5486.0000,7257,0,597236400.000,0,-,-,-,-,5484.6000,5484.4000,5481.2000,5481.0000,5480.6000,5486.4000,5486.6000,5487.4000,5488.0000,5488.2000,1,1,1,3,1,1,1,1,1,1
SF,IC2002,2020-01-09 09:32:18.400,5484.6000,7256,-1,598333320.000,1,0,1,双平,S,5484.4000,5481.2000,5481.0000,5480.6000,5480.0000,5484.6000,5485.6000,5486.2000,5486.4000,5486.6000,1,1,3,1,1,1,1,1,1,1
SF,IC2002,2020-01-09 09:32:18.900,5484.4000,7256,0,600527120.000,2,1,1,多换,S,5481.2000,5481.0000,5480.6000,5480.0000,5477.4000,5485.6000,5485.8000,5486.4000,5486.6000,5487.4000,1,2,1,1,4,1,1,1,1,1
SF,IC2002,2020-01-09 09:32:19.400,5484.4000,7256,0,600527120.000,0,-,-,-,-,5481.4000,5481.2000,5481.0000,5480.6000,5480.0000,5485.6000,5485.8000,5486.4000,5486.6000,5487.4000,1,1,2,1,1,1,1,1,1,1
SF,IC2002,2020-01-09 09:32:19.900,5484.4000,7256,0,600527120.000,0,-,-,-,-,5481.4000,5481.2000,5481.0000,5480.0000,5477.4000,5485.4000,5485.6000,5485.8000,5486.4000,5486.6000,1,1,2,1,3,1,1,1,1,1
SF,IC2002,2020-01-09 09:32:20.400,5484.4000,7256,0,600527120.000,0,-,-,-,-,5481.4000,5481.2000,5481.0000,5480.0000,5477.4000,5485.0000,5485.2000,5485.4000,5485.6000,5485.8000,1,1,2,1,3,1,1,1,1,1
SF,IC2002,2020-01-09 09:32:20.900,5484.4000,7256,0,600527120.000,0,-,-,-,-,5481.4000,5481.2000,5481.0000,5480.0000,5477.4000,5485.0000,5485.2000,5485.6000,5485.8000,5486.2000,1,1,2,1,3,1,1,1,1,1
SF,IC2002,2020-01-09 09:32:21.900,5484.4000,7256,0,600527120.000,0,-,-,-,-,5483.0000,5481.4000,5481.2000,5481.0000,5480.0000,5485.0000,5485.2000,5485.6000,5485.8000,5486.2000,1,1,1,2,1,1,1,1,1,1
SF,IC2002,2020-01-09 09:32:22.400,5484.4000,7256,0,600527120.000,0,-,-,-,-,5481.4000,5481.2000,5481.0000,5480.0000,5477.4000,5484.6000,5484.8000,5485.0000,5485.6000,5485.8000,1,1,2,1,3,1,1,1,1,1
SF,IC2002,2020-01-09 09:32:22.900,5484.4000,7256,0,600527120.000,0,-,-,-,-,5481.4000,5481.2000,5481.0000,5480.0000,5477.4000,5484.6000,5484.8000,5485.0000,5485.6000,5486.2000,1,1,2,1,3,1,2,1,1,1
SF,IC2002,2020-01-09 09:32:23.400,5484.4000,7256,0,600527120.000,0,-,-,-,-,5481.4000,5481.2000,5481.0000,5480.0000,5477.4000,5484.6000,5484.8000,5485.0000,5485.6000,5486.2000,1,1,2,1,3,1,1,1,1,1
SF,IC2002,2020-01-09 09:32:23.900,5484.6000,7256,0,601624040.000,1,0,1,多换,S,5483.0000,5482.0000,5481.8000,5481.4000,5481.0000,5484.8000,5485.6000,5486.2000,5486.4000,5486.6000,1,1,1,1,2,1,1,1,2,1
SF,IC2002,2020-01-09 09:32:24.400,5484.6000,7255,-1,602720960.000,1,0,1,双平,S,5482.0000,5481.4000,5481.0000,5480.0000,5477.4000,5485.6000,5486.2000,5486.4000,5486.6000,5488.0000,1,1,2,1,3,1,1,2,1,1
SF,IC2002,2020-01-09 09:32:24.900,5484.6000,7255,0,602720960.000,0,-,-,-,-,5482.2000,5482.0000,5481.0000,5480.0000,5477.4000,5485.6000,5486.4000,5486.6000,5488.0000,5488.2000,1,1,2,1,3,1,2,1,1,3
SF,IC2002,2020-01-09 09:32:25.400,5484.6000,7255,0,602720960.000,0,-,-,-,-,5482.2000,5482.0000,5481.0000,5480.0000,5477.4000,5486.4000,5486.6000,5488.0000,5488.2000,5488.4000,2,1,2,1,3,2,1,1,3,2
SF,IC2002,2020-01-09 09:32:25.900,5484.6000,7255,0,602720960.000,0,-,-,-,-,5482.2000,5482.0000,5481.0000,5480.0000,5477.4000,5486.4000,5486.6000,5488.0000,5488.2000,5488.4000,2,1,2,1,3,2,1,1,2,1
SF,IC2002,2020-01-09 09:32:26.400,5482.2000,7254,-1,603817400.000,1,0,1,双平,S,5483.2000,5482.2000,5482.0000,5481.0000,5480.0000,5486.0000,5486.4000,5486.6000,5488.0000,5488.2000,1,1,1,2,1,1,2,1,1,2
SF,IC2002,2020-01-09 09:32:26.900,5482.2000,7254,0,603817400.000,0,-,-,-,-,5483.2000,5482.0000,5481.0000,5480.0000,5477.4000,5485.8000,5486.0000,5486.2000,5486.4000,5486.6000,1,1,2,1,3,1,1,1,2,1
SF,IC2002,2020-01-09 09:32:27.400,5482.2000,7254,0,603817400.000,0,-,-,-,-,5483.2000,5482.0000,5481.0000,5480.0000,5477.4000,5485.4000,5485.8000,5486.0000,5486.2000,5486.4000,1,1,2,1,3,1,1,1,1,2
SF,IC2002,2020-01-09 09:32:27.900,5482.2000,7254,0,603817400.000,0,-,-,-,-,5483.2000,5482.4000,5482.0000,5481.0000,5480.0000,5485.2000,5485.4000,5485.6000,5486.0000,5486.4000,1,1,1,2,1,1,1,1,1,2
SF,IC2002,2020-01-09 09:32:28.400,5485.6000,7254,0,606011600.000,2,1,1,多换,S,5485.2000,5483.2000,5482.0000,5481.0000,5480.0000,5486.0000,5486.4000,5486.6000,5488.0000,5488.2000,1,1,1,2,1,1,2,1,1,2
SF,IC2002,2020-01-09 09:32:28.900,5485.2000,7253,-1,607108640.000,1,0,1,双平,S,5483.2000,5482.0000,5481.0000,5480.0000,5477.4000,5485.0000,5486.0000,5486.4000,5486.6000,5488.0000,1,1,2,1,3,1,1,1,1,1
SF,IC2002,2020-01-09 09:32:29.400,5485.2000,7253,0,607108640.000,0,-,-,-,-,5483.4000,5483.2000,5482.0000,5481.0000,5480.0000,5485.0000,5486.0000,5486.4000,5486.6000,5488.0000,2,1,1,2,1,1,2,1,1,1
SF,IC2002,2020-01-09 09:32:29.900,5485.2000,7253,0,607108640.000,0,-,-,-,-,5483.4000,5483.2000,5482.0000,5481.0000,5480.0000,5486.0000,5486.4000,5486.6000,5488.0000,5488.2000,2,1,1,2,1,2,1,1,1,2
SF,IC2002,2020-01-09 09:32:30.400,5486.0000,7253,0,608205840.000,1,0,1,多换,S,5483.4000,5483.2000,5482.0000,5481.0000,5480.0000,5486.0000,5486.4000,5486.6000,5488.0000,5488.2000,1,1,1,2,1,1,1,1,1,2
SF,IC2002,2020-01-09 09:32:30.900,5486.0000,7253,0,608205840.000,0,-,-,-,-,5484.0000,5483.6000,5483.4000,5482.0000,5481.0000,5486.0000,5486.4000,5486.6000,5487.4000,5488.0000,1,1,1,1,2,1,1,1,1,1
SF,IC2002,2020-01-09 09:32:32.400,5486.0000,7253,0,608205840.000,0,-,-,-,-,5484.2000,5484.0000,5483.6000,5483.4000,5482.0000,5486.0000,5486.4000,5486.6000,5487.4000,5488.0000,1,1,1,1,1,1,1,1,1,1
SF,IC2002,2020-01-09 09:32:32.900,5486.0000,7253,0,608205840.000,0,-,-,-,-,5484.2000,5483.6000,5483.4000,5482.0000,5481.0000,5486.0000,5486.4000,5486.6000,5487.4000,5488.0000,1,1,1,1,2,1,1,1,1,1
SF,IC2002,2020-01-09 09:32:33.400,5486.0000,7253,0,608205840.000,0,-,-,-,-,5484.4000,5484.2000,5483.6000,5482.0000,5481.0000,5486.0000,5486.4000,5486.6000,5487.4000,5488.0000,1,1,1,1,2,1,1,1,1,1
SF,IC2002,2020-01-09 09:32:33.900,5486.0000,7252,-1,609303040.000,1,0,1,双平,S,5484.6000,5484.2000,5483.6000,5482.0000,5481.0000,5486.4000,5486.6000,5487.4000,5488.0000,5488.2000,1,1,1,1,2,1,1,1,1,2
SF,IC2002,2020-01-09 09:32:34.400,5486.0000,7252,0,609303040.000,0,-,-,-,-,5484.6000,5484.2000,5482.0000,5481.0000,5480.0000,5486.4000,5486.6000,5488.0000,5488.2000,5489.0000,1,1,1,2,1,1,1,1,2,1
SF,IC2002,2020-01-09 09:32:34.900,5486.0000,7252,0,609303040.000,0,-,-,-,-,5482.0000,5481.0000,5480.0000,5477.4000,5477.0000,5486.4000,5486.6000,5487.0000,5488.0000,5488.2000,1,2,1,3,1,1,1,1,1,2
SF,IC2002,2020-01-09 09:32:35.400,5486.0000,7252,0,609303040.000,0,-,-,-,-,5486.0000,5483.2000,5482.4000,5482.2000,5481.0000,5486.4000,5486.6000,5487.0000,5488.0000,5488.2000,1,1,8,1,2,1,1,1,1,2
SF,IC2002,2020-01-09 09:32:35.900,5486.0000,7251,-1,610400240.000,1,0,1,双平,S,5483.2000,5482.4000,5481.0000,5480.0000,5477.4000,5485.8000,5486.4000,5486.6000,5487.0000,5488.0000,1,8,2,1,3,1,1,1,1,1
SF,IC2002,2020-01-09 09:32:36.400,5485.8000,7250,-1,611497400.000,1,0,1,双平,S,5486.0000,5485.8000,5483.6000,5483.4000,5483.2000,5486.4000,5486.6000,5487.0000,5488.0000,5488.2000,1,1,1,2,1,1,1,1,1,2
SF,IC2002,2020-01-09 09:32:36.900,5486.0000,7249,-1,614789200.000,3,1,2,多平,S,5485.8000,5483.6000,5483.4000,5483.2000,5482.4000,5487.0000,5488.0000,5488.2000,5489.0000,5490.0000,1,1,2,1,8,1,1,2,1,1
SF,IC2002,2020-01-09 09:32:37.400,5485.8000,7248,-1,615886360.000,1,0,1,双平,S,5483.6000,5483.4000,5483.2000,5482.4000,5481.0000,5486.8000,5487.0000,5488.0000,5488.2000,5489.0000,1,2,1,8,2,1,1,1,2,1
SF,IC2002,2020-01-09 09:32:37.900,5486.8000,7248,0,616983720.000,1,0,1,多换,S,5483.8000,5483.6000,5483.2000,5482.4000,5481.0000,5487.0000,5488.0000,5488.2000,5489.0000,5490.0000,1,1,1,8,2,1,1,2,1,1
SF,IC2002,2020-01-09 09:32:38.400,5486.8000,7248,0,616983720.000,0,-,-,-,-,5484.2000,5483.8000,5483.6000,5483.2000,5482.4000,5487.0000,5488.0000,5488.2000,5489.0000,5490.0000,1,1,1,1,8,1,1,2,1,1
SF,IC2002,2020-01-09 09:32:38.900,5486.8000,7248,0,616983720.000,0,-,-,-,-,5484.2000,5484.0000,5483.8000,5483.6000,5483.2000,5487.0000,5488.0000,5489.0000,5489.2000,5490.0000,1,1,1,1,1,1,1,1,1,1
SF,IC2002,2020-01-09 09:32:39.400,5486.8000,7248,0,616983720.000,0,-,-,-,-,5484.4000,5484.2000,5484.0000,5483.6000,5483.2000,5487.0000,5488.0000,5488.6000,5489.0000,5489.2000,1,1,1,1,1,1,1,1,1,1
SF,IC2002,2020-01-09 09:32:39.900,5486.8000,7248,0,616983720.000,0,-,-,-,-,5484.8000,5484.4000,5484.2000,5483.6000,5482.4000,5487.0000,5488.0000,5488.6000,5489.0000,5490.0000,1,2,2,1,8,1,1,1,1,1
SF,IC2002,2020-01-09 09:32:40.400,5486.8000,7248,0,616983720.000,0,-,-,-,-,5484.8000,5484.4000,5484.2000,5483.6000,5482.4000,5487.0000,5488.0000,5488.6000,5489.0000,5490.0000,1,2,2,1,8,1,1,1,1,1
SF,IC2002,2020-01-09 09:32:40.900,5486.8000,7248,0,616983720.000,0,-,-,-,-,5484.8000,5484.4000,5484.2000,5483.6000,5482.4000,5487.0000,5488.0000,5488.6000,5489.0000,5490.0000,1,2,2,1,8,1,1,1,1,1
SF,IC2002,2020-01-09 09:32:41.400,5486.8000,7248,0,616983720.000,0,-,-,-,-,5484.8000,5484.4000,5484.2000,5483.6000,5482.4000,5487.0000,5488.0000,5488.6000,5489.0000,5490.0000,1,1,2,1,8,1,1,1,1,1
SF,IC2002,2020-01-09 09:32:41.900,5484.8000,7247,-1,618080680.000,1,0,1,双平,S,5484.4000,5484.2000,5483.6000,5482.4000,5482.0000,5487.0000,5488.0000,5488.6000,5489.0000,5490.0000,1,2,1,8,1,1,1,1,1,1
SF,IC2002,2020-01-09 09:32:42.400,5487.0000,7246,-1,619178080.000,1,0,1,双平,S,5484.4000,5484.2000,5483.6000,5482.4000,5482.0000,5485.6000,5488.0000,5488.6000,5489.0000,5490.0000,1,2,1,8,1,1,1,1,1,1
SF,IC2002,2020-01-09 09:32:42.900,5487.0000,7246,0,619178080.000,0,-,-,-,-,5484.4000,5483.6000,5482.4000,5482.0000,5481.0000,5485.6000,5488.0000,5488.6000,5489.0000,5490.0000,1,1,8,1,2,1,1,1,1,1
SF,IC2002,2020-01-09 09:32:43.400,5485.6000,7246,0,620275200.000,1,0,1,多换,S,5484.4000,5483.6000,5482.4000,5482.0000,5481.0000,5488.0000,5488.6000,5489.0000,5490.0000,5491.2000,1,1,8,1,2,1,1,1,1,1
SF,IC2002,2020-01-09 09:32:43.900,5485.6000,7246,0,620275200.000,0,-,-,-,-,5485.6000,5483.6000,5482.4000,5482.0000,5481.0000,5487.6000,5487.8000,5488.0000,5488.6000,5489.0000,2,1,8,1,2,1,2,1,1,1
SF,IC2002,2020-01-09 09:32:44.400,5485.6000,7246,0,621372320.000,1,0,1,多换,S,5483.6000,5482.4000,5482.0000,5481.0000,5477.4000,5487.4000,5487.6000,5487.8000,5488.0000,5488.6000,1,8,1,2,3,1,1,1,1,1
SF,IC2002,2020-01-09 09:32:44.900,5485.6000,7246,0,621372320.000,0,-,-,-,-,5483.8000,5483.6000,5482.4000,5482.0000,5481.0000,5485.4000,5487.0000,5487.4000,5488.0000,5488.6000,1,1,8,1,2,1,1,2,1,1
SF,IC2002,2020-01-09 09:32:45.400,5485.4000,7245,-1,622469400.000,1,0,1,双平,S,5485.4000,5484.0000,5483.8000,5483.6000,5482.4000,5487.0000,5487.4000,5488.0000,5488.6000,5489.0000,1,1,1,1,8,1,1,1,1,1
SF,IC2002,2020-01-09 09:32:45.900,5485.4000,7245,0,622469400.000,0,-,-,-,-,5485.4000,5484.0000,5483.6000,5482.4000,5482.0000,5486.8000,5487.4000,5488.0000,5488.6000,5489.0000,1,2,1,8,1,1,1,1,1,1
SF,IC2002,2020-01-09 09:32:46.400,5485.4000,7245,0,622469400.000,0,-,-,-,-,5484.0000,5483.6000,5482.4000,5482.0000,5481.0000,5487.4000,5488.0000,5488.6000,5489.0000,5490.0000,1,1,8,1,2,1,1,1,1,1
SF,IC2002,2020-01-09 09:32:46.900,5485.4000,7245,0,622469400.000,0,-,-,-,-,5486.8000,5484.2000,5484.0000,5483.6000,5482.4000,5487.4000,5488.0000,5488.6000,5489.0000,5490.0000,1,2,1,1,8,1,1,1,1,1
SF,IC2002,2020-01-09 09:32:47.400,5486.6000,7244,-1,623566720.000,1,0,1,双平,S,5484.2000,5484.0000,5483.6000,5482.4000,5482.0000,5487.4000,5488.0000,5488.6000,5489.0000,5490.0000,1,1,1,8,1,1,1,1,1,1
SF,IC2002,2020-01-09 09:32:47.900,5486.6000,7244,0,623566720.000,0,-,-,-,-,5484.6000,5484.4000,5484.0000,5483.6000,5482.4000,5486.6000,5487.4000,5488.0000,5488.6000,5489.0000,1,1,1,1,8,1,1,1,1,1
SF,IC2002,2020-01-09 09:32:48.400,5486.6000,7243,-1,624664040.000,1,0,1,双平,S,5484.8000,5484.6000,5484.4000,5484.0000,5483.6000,5487.4000,5488.0000,5488.6000,5489.0000,5490.0000,1,1,1,1,1,1,1,1,1,1
SF,IC2002,2020-01-09 09:32:48.900,5486.6000,7243,0,624664040.000,0,-,-,-,-,5485.2000,5484.8000,5484.6000,5484.4000,5483.6000,5487.4000,5488.0000,5488.6000,5489.0000,5490.0000,1,2,1,1,1,1,1,1,1,1
SF,IC2002,2020-01-09 09:32:49.400,5486.6000,7243,0,624664040.000,0,-,-,-,-,5485.4000,5484.8000,5484.6000,5484.4000,5483.6000,5487.4000,5488.0000,5489.0000,5490.0000,5491.8000,1,1,1,1,1,1,1,1,1,2
SF,IC2002,2020-01-09 09:32:49.900,5486.6000,7243,0,624664040.000,0,-,-,-,-,5485.4000,5484.8000,5484.6000,5483.6000,5482.4000,5487.4000,5488.0000,5489.0000,5490.0000,5491.8000,1,1,1,1,8,1,1,1,1,2
SF,IC2002,2020-01-09 09:32:50.400,5487.4000,7242,-1,625761520.000,1,0,1,双平,S,5485.6000,5485.4000,5484.8000,5484.6000,5483.6000,5488.0000,5489.0000,5490.0000,5491.8000,5492.0000,1,1,1,1,1,1,1,1,2,2
SF,IC2002,2020-01-09 09:32:50.900,5487.4000,7241,-1,626859000.000,1,0,1,双平,S,5487.4000,5485.8000,5485.6000,5484.8000,5484.6000,5488.0000,5489.0000,5490.0000,5491.8000,5492.0000,3,1,1,1,1,1,1,1,2,2
SF,IC2002,2020-01-09 09:32:51.400,5487.4000,7240,-1,627956480.000,1,0,1,双平,S,5487.4000,5485.8000,5484.8000,5484.6000,5483.6000,5488.0000,5489.0000,5490.0000,5491.8000,5492.0000,2,1,1,1,1,1,1,1,2,2
SF,IC2002,2020-01-09 09:32:51.900,5487.4000,7240,0,627956480.000,0,-,-,-,-,5487.4000,5485.8000,5484.8000,5484.6000,5483.6000,5488.0000,5489.0000,5490.0000,5491.8000,5492.0000,2,1,1,1,1,1,1,1,2,2
SF,IC2002,2020-01-09 09:32:52.400,5487.4000,7238,-2,630151440.000,2,0,2,双平,S,5484.8000,5484.6000,5483.6000,5482.4000,5482.0000,5487.6000,5488.0000,5489.0000,5490.0000,5491.8000,1,1,1,8,1,1,1,1,1,2
SF,IC2002,2020-01-09 09:32:52.900,5487.4000,7238,0,630151440.000,0,-,-,-,-,5483.6000,5482.4000,5482.0000,5481.0000,5477.4000,5487.2000,5487.4000,5488.0000,5489.0000,5490.0000,1,8,1,2,3,1,1,1,1,1
SF,IC2002,2020-01-09 09:32:53.400,5487.4000,7238,0,630151440.000,0,-,-,-,-,5483.8000,5483.6000,5482.4000,5482.0000,5481.0000,5487.2000,5488.0000,5489.0000,5490.0000,5492.0000,3,1,8,1,2,1,1,1,1,2
SF,IC2002,2020-01-09 09:32:53.900,5487.4000,7238,0,630151440.000,0,-,-,-,-,5484.2000,5483.8000,5483.6000,5482.4000,5482.0000,5487.0000,5487.2000,5488.0000,5489.0000,5490.0000,1,3,1,8,1,20,1,1,1,1
SF,IC2002,2020-01-09 09:32:54.400,5487.4000,7238,0,630151440.000,0,-,-,-,-,5483.8000,5483.6000,5482.4000,5482.0000,5481.0000,5486.6000,5487.0000,5488.0000,5489.0000,5490.0000,3,1,8,1,2,1,20,1,1,1
SF,IC2002,2020-01-09 09:32:54.900,5487.4000,7238,0,630151440.000,0,-,-,-,-,5484.4000,5483.8000,5483.6000,5482.4000,5482.0000,5487.0000,5488.0000,5489.0000,5490.0000,5492.0000,1,2,1,8,1,20,1,1,1,2
SF,IC2002,2020-01-09 09:32:55.400,5487.4000,7238,0,630151440.000,0,-,-,-,-,5484.4000,5483.8000,5483.6000,5482.4000,5482.0000,5487.0000,5488.0000,5489.0000,5490.0000,5492.0000,1,2,1,8,1,20,1,1,1,2
SF,IC2002,2020-01-09 09:32:55.900,5487.4000,7238,0,630151440.000,0,-,-,-,-,5483.8000,5483.6000,5482.4000,5482.2000,5482.0000,5487.0000,5488.0000,5489.0000,5490.0000,5492.0000,2,1,8,1,1,20,1,1,1,2
SF,IC2002,2020-01-09 09:32:56.400,5484.6000,7237,-1,631248360.000,1,0,1,双平,S,5486.0000,5484.2000,5483.8000,5483.6000,5482.4000,5487.0000,5488.0000,5489.0000,5490.0000,5492.0000,1,1,2,1,8,20,1,1,1,2
SF,IC2002,2020-01-09 09:32:56.900,5486.0000,7236,-1,632345560.000,1,0,1,双平,S,5484.2000,5483.8000,5483.6000,5482.4000,5482.2000,5487.0000,5488.0000,5489.0000,5490.0000,5492.0000,1,2,1,8,1,20,1,1,1,2
SF,IC2002,2020-01-09 09:32:57.400,5486.0000,7236,0,632345560.000,0,-,-,-,-,5483.8000,5483.6000,5482.4000,5482.2000,5482.0000,5485.8000,5487.0000,5488.0000,5489.0000,5490.0000,2,1,8,1,1,1,20,1,1,1
SF,IC2002,2020-01-09 09:32:57.900,5485.8000,7235,-1,633442720.000,1,0,1,双平,S,5485.0000,5483.8000,5483.6000,5482.4000,5482.2000,5487.0000,5488.0000,5489.0000,5490.0000,5492.0000,1,2,1,8,1,20,1,1,1,2
SF,IC2002,2020-01-09 09:32:58.400,5485.8000,7235,0,633442720.000,0,-,-,-,-,5483.8000,5483.6000,5482.4000,5482.2000,5482.0000,5487.0000,5488.0000,5489.0000,5490.0000,5492.0000,2,1,8,1,1,20,1,1,1,2
SF,IC2002,2020-01-09 09:32:59.900,5485.8000,7235,0,633442720.000,0,-,-,-,-,5484.0000,5483.8000,5483.6000,5482.4000,5482.2000,5486.6000,5487.0000,5488.0000,5489.0000,5490.0000,1,2,1,8,1,1,20,1,1,1
SF,IC2002,2020-01-09 09:33:00.400,5485.8000,7235,0,633442720.000,0,-,-,-,-,5484.0000,5483.8000,5483.6000,5482.4000,5482.0000,5486.4000,5486.6000,5487.0000,5488.0000,5489.0000,1,1,1,8,1,1,1,20,1,1
SF,IC2002,2020-01-09 09:33:00.900,5485.8000,7235,0,633442720.000,0,-,-,-,-,5484.2000,5483.8000,5483.6000,5482.4000,5482.0000,5486.6000,5487.0000,5488.0000,5489.0000,5490.0000,1,1,1,8,1,1,20,2,1,1
SF,IC2002,2020-01-09 09:33:01.400,5485.8000,7235,0,633442720.000,0,-,-,-,-,5484.4000,5484.2000,5483.8000,5483.6000,5482.4000,5486.6000,5487.0000,5488.0000,5489.0000,5490.0000,1,1,1,1,8,1,20,2,1,1
SF,IC2002,2020-01-09 09:33:01.900,5485.8000,7235,0,633442720.000,0,-,-,-,-,5484.4000,5483.8000,5483.6000,5482.4000,5482.0000,5486.6000,5487.0000,5488.0000,5489.0000,5490.0000,1,1,1,8,1,1,20,2,1,1
SF,IC2002,2020-01-09 09:33:02.400,5484.4000,7234,-1,634539600.000,1,0,1,双平,S,5482.0000,5481.8000,5481.0000,5477.4000,5477.0000,5486.4000,5486.6000,5487.0000,5488.0000,5489.0000,1,1,2,3,1,1,1,20,2,1
SF,IC2002,2020-01-09 09:33:02.900,5486.0000,7233,-1,635636800.000,1,0,1,双平,S,5482.8000,5482.0000,5481.8000,5481.0000,5477.4000,5486.4000,5487.0000,5488.0000,5489.0000,5490.0000,1,1,1,2,3,3,20,2,1,1
SF,IC2002,2020-01-09 09:33:03.400,5486.0000,7233,0,635636800.000,0,-,-,-,-,5482.8000,5482.0000,5481.0000,5477.4000,5477.0000,5486.2000,5486.4000,5487.0000,5488.0000,5489.0000,1,1,2,3,1,1,3,20,2,1
SF,IC2002,2020-01-09 09:33:03.900,5486.0000,7233,0,635636800.000,0,-,-,-,-,5482.4000,5482.0000,5481.0000,5480.0000,5477.4000,5486.0000,5486.2000,5486.4000,5487.0000,5488.0000,1,1,2,1,3,2,1,2,20,1
SF,IC2002,2020-01-09 09:33:04.400,5486.0000,7233,0,635636800.000,0,-,-,-,-,5482.4000,5482.0000,5481.0000,5480.0000,5477.4000,5486.0000,5486.2000,5486.4000,5487.0000,5488.0000,1,1,2,1,3,3,1,2,20,1
SF,IC2002,2020-01-09 09:33:04.900,5486.0000,7233,0,635636800.000,0,-,-,-,-,5482.4000,5482.0000,5481.0000,5480.0000,5477.4000,5485.6000,5486.0000,5486.2000,5486.4000,5487.0000,2,1,2,1,3,1,2,1,1,20
SF,IC2002,2020-01-09 09:33:05.400,5486.0000,7233,0,635636800.000,0,-,-,-,-,5482.4000,5482.0000,5481.0000,5480.0000,5477.4000,5485.4000,5485.6000,5486.0000,5486.4000,5487.0000,2,1,2,1,3,1,1,2,1,20
SF,IC2002,2020-01-09 09:33:05.900,5486.0000,7233,0,635636800.000,0,-,-,-,-,5482.4000,5482.0000,5481.0000,5480.0000,5477.4000,5485.2000,5485.4000,5486.0000,5486.4000,5487.0000,2,1,2,1,3,1,1,1,1,20
SF,IC2002,2020-01-09 09:33:06.400,5482.4000,7231,-2,637829800.000,2,0,2,双平,S,5482.4000,5482.0000,5481.0000,5480.0000,5477.4000,5485.4000,5486.0000,5487.0000,5488.0000,5489.0000,1,1,2,1,3,1,1,20,1,1
SF,IC2002,2020-01-09 09:33:06.900,5482.4000,7231,0,637829800.000,0,-,-,-,-,5482.0000,5481.0000,5480.0000,5477.4000,5477.0000,5484.8000,5485.0000,5485.2000,5485.4000,5486.0000,1,2,1,3,1,1,1,1,1,1
SF,IC2002,2020-01-09 09:33:07.400,5482.4000,7231,0,637829800.000,0,-,-,-,-,5482.0000,5481.0000,5480.0000,5477.4000,5477.0000,5484.6000,5484.8000,5485.0000,5485.2000,5485.4000,1,2,1,3,1,1,1,1,2,1
SF,IC2002,2020-01-09 09:33:07.900,5480.0000,7230,-1,640022200.000,2,0,2,多平,S,5477.4000,5477.0000,5476.0000,5475.0000,5474.0000,5484.6000,5484.8000,5485.0000,5485.2000,5485.4000,3,1,1,3,1,1,1,1,2,1
SF,IC2002,2020-01-09 09:33:08.400,5482.0000,7229,-1,641118600.000,1,0,1,双平,S,5481.4000,5478.0000,5477.8000,5477.6000,5477.4000,5484.2000,5484.6000,5485.0000,5485.4000,5486.0000,1,1,9,1,4,1,1,1,1,1
SF,IC2002,2020-01-09 09:33:08.900,5482.0000,7229,0,641118600.000,0,-,-,-,-,5481.4000,5478.0000,5477.8000,5477.6000,5477.4000,5484.0000,5484.2000,5484.6000,5485.0000,5485.4000,1,1,9,1,4,2,1,1,1,1
SF,IC2002,2020-01-09 09:33:09.400,5482.0000,7229,0,641118600.000,0,-,-,-,-,5478.0000,5477.8000,5477.6000,5477.4000,5477.0000,5483.6000,5484.0000,5484.6000,5485.0000,5485.4000,1,9,1,4,1,1,2,1,1,1
SF,IC2002,2020-01-09 09:33:09.900,5478.4000,7228,-1,643310400.000,2,0,2,多平,S,5478.4000,5478.2000,5478.0000,5477.8000,5477.4000,5483.4000,5483.6000,5484.0000,5484.6000,5485.0000,7,1,1,1,4,1,1,1,1,1
SF,IC2002,2020-01-09 09:33:10.400,5478.4000,7228,0,643310400.000,0,-,-,-,-,5478.8000,5478.6000,5478.4000,5478.0000,5477.8000,5483.4000,5483.6000,5484.0000,5484.6000,5485.0000,1,1,8,1,1,1,2,1,1,1
SF,IC2002,2020-01-09 09:33:10.900,5478.8000,7228,0,646597520.000,3,1,2,多换,S,5479.2000,5479.0000,5478.8000,5478.4000,5478.0000,5483.4000,5483.6000,5484.0000,5484.6000,5485.4000,4,1,1,1,1,1,2,1,1,1
SF,IC2002,2020-01-09 09:33:11.400,5478.8000,7228,0,646597520.000,0,-,-,-,-,5479.6000,5479.4000,5479.2000,5478.8000,5478.0000,5483.2000,5483.4000,5483.6000,5484.0000,5484.6000,1,2,6,1,1,1,1,2,1,1
SF,IC2002,2020-01-09 09:33:11.900,5478.8000,7228,0,646597520.000,0,-,-,-,-,5479.8000,5479.6000,5479.4000,5479.2000,5478.8000,5483.4000,5483.6000,5484.0000,5485.4000,5486.0000,5,2,1,2,1,1,1,1,2,1
SF,IC2002,2020-01-09 09:33:12.400,5478.8000,7226,-2,648789040.000,2,0,2,双平,S,5479.4000,5479.2000,5479.0000,5478.8000,5478.0000,5483.0000,5483.2000,5483.4000,5483.6000,5484.0000,1,2,1,1,1,1,1,1,1,1
SF,IC2002,2020-01-09 09:33:12.900,5478.8000,7226,0,648789040.000,0,-,-,-,-,5479.4000,5479.2000,5479.0000,5478.8000,5478.0000,5482.8000,5483.0000,5483.4000,5483.6000,5484.0000,1,1,1,1,1,1,1,1,1,1
SF,IC2002,2020-01-09 09:33:13.400,5478.8000,7226,0,648789040.000,0,-,-,-,-,5479.4000,5479.2000,5478.8000,5478.0000,5477.8000,5482.6000,5482.8000,5483.0000,5483.4000,5484.0000,1,1,1,1,1,1,2,1,1,1
SF,IC2002,2020-01-09 09:33:13.900,5478.8000,7224,-2,650980560.000,2,0,2,双平,S,5479.2000,5478.8000,5478.0000,5477.8000,5477.0000,5482.6000,5482.8000,5483.0000,5483.4000,5484.0000,1,1,1,1,1,1,1,1,1,1
SF,IC2002,2020-01-09 09:33:14.400,5478.8000,7224,0,650980560.000,0,-,-,-,-,5479.2000,5479.0000,5478.8000,5478.0000,5477.8000,5482.4000,5482.6000,5482.8000,5483.0000,5483.4000,1,1,1,1,1,1,1,1,1,1
SF,IC2002,2020-01-09 09:33:14.900,5478.8000,7222,-2,653172080.000,2,0,2,双平,S,5479.4000,5479.2000,5478.8000,5478.0000,5477.8000,5482.2000,5482.4000,5482.6000,5482.8000,5483.0000,3,1,1,1,1,1,1,1,1,1
SF,IC2002,2020-01-09 09:33:15.400,5482.4000,7222,0,655365000.000,2,1,1,多换,S,5482.2000,5479.6000,5479.4000,5479.2000,5478.8000,5482.6000,5482.8000,5483.0000,5483.4000,5484.0000,11,1,2,1,1,1,1,1,1,1
SF,IC2002,2020-01-09 09:33:15.900,5479.6000,7218,-4,661942680.000,6,1,5,多平,S,5479.4000,5479.2000,5478.8000,5478.0000,5477.8000,5482.6000,5482.8000,5483.0000,5483.4000,5484.0000,3,1,1,1,1,1,1,1,1,1
SF,IC2002,2020-01-09 09:33:16.400,5482.6000,7217,-1,663039200.000,1,0,1,双平,S,5482.6000,5479.6000,5479.4000,5479.2000,5478.8000,5483.0000,5483.4000,5484.0000,5485.0000,5485.4000,12,1,3,1,1,1,1,1,20,2
SF,IC2002,2020-01-09 09:33:16.900,5482.8000,7217,0,664135760.000,1,0,1,多换,S,5482.6000,5480.0000,5479.6000,5479.4000,5479.2000,5483.0000,5483.4000,5484.0000,5485.0000,5485.4000,12,1,1,3,1,1,1,1,20,2
SF,IC2002,2020-01-09 09:33:17.400,5482.6000,7217,0,667425400.000,3,1,2,多换,S,5482.6000,5480.0000,5479.6000,5479.4000,5479.2000,5483.4000,5484.0000,5485.0000,5485.4000,5487.0000,10,2,1,3,1,1,1,20,2,20
SF,IC2002,2020-01-09 09:33:17.900,5483.4000,7216,-1,668522080.000,1,0,1,双平,S,5480.0000,5479.8000,5479.6000,5479.4000,5479.2000,5484.0000,5485.0000,5485.4000,5485.6000,5487.0000,2,1,1,2,1,1,20,2,1,20
SF,IC2002,2020-01-09 09:33:18.400,5484.0000,7215,-1,669618880.000,1,0,1,双平,S,5481.0000,5480.4000,5480.2000,5480.0000,5479.8000,5482.6000,5485.0000,5485.4000,5485.6000,5487.0000,2,3,1,3,1,1,20,2,1,20
SF,IC2002,2020-01-09 09:33:18.900,5482.6000,7214,-1,670715400.000,1,0,1,双平,S,5484.0000,5481.4000,5481.0000,5480.4000,5480.2000,5485.0000,5485.6000,5487.0000,5487.6000,5488.0000,11,3,4,2,1,20,1,20,1,1
SF,IC2002,2020-01-09 09:33:19.400,5482.6000,7214,0,672908440.000,2,1,1,多换,S,5484.0000,5481.4000,5481.2000,5481.0000,5480.4000,5485.0000,5487.0000,5487.6000,5488.0000,5489.0000,9,3,1,4,2,20,20,1,1,1
SF,IC2002,2020-01-09 09:33:19.900,5482.6000,7214,0,672908440.000,0,-,-,-,-,5481.4000,5481.2000,5481.0000,5480.6000,5480.4000,5485.0000,5487.0000,5488.0000,5489.0000,5490.0000,3,1,4,2,3,20,20,1,1,1
SF,IC2002,2020-01-09 09:33:20.400,5481.6000,7212,-2,675101280.000,2,0,2,双平,S,5481.4000,5481.2000,5481.0000,5480.6000,5480.4000,5485.0000,5487.0000,5488.0000,5488.2000,5489.0000,3,1,4,2,2,20,20,1,1,1
SF,IC2002,2020-01-09 09:33:20.900,5481.6000,7212,0,675101280.000,0,-,-,-,-,5481.4000,5481.2000,5481.0000,5480.6000,5480.4000,5484.8000,5485.0000,5487.0000,5488.0000,5488.2000,2,1,3,2,2,2,21,20,1,1
SF,IC2002,2020-01-09 09:33:21.400,5481.6000,7212,0,675101280.000,0,-,-,-,-,5481.6000,5481.4000,5481.0000,5480.6000,5480.4000,5484.8000,5485.0000,5487.0000,5488.0000,5488.2000,1,2,3,2,2,3,21,20,1,1
SF,IC2002,2020-01-09 09:33:21.900,5481.6000,7212,0,675101280.000,0,-,-,-,-,5481.6000,5481.4000,5481.0000,5480.6000,5480.4000,5484.8000,5485.0000,5487.0000,5488.0000,5488.2000,1,2,3,2,2,3,21,21,1,1
SF,IC2002,2020-01-09 09:33:22.400,5481.6000,7211,-1,677293920.000,2,0,2,多平,S,5481.6000,5481.0000,5480.6000,5480.4000,5479.2000,5484.4000,5484.8000,5485.0000,5487.0000,5488.0000,1,3,2,2,2,1,3,21,20,1
SF,IC2002,2020-01-09 09:33:22.900,5481.6000,7211,0,677293920.000,0,-,-,-,-,5482.2000,5481.6000,5481.0000,5480.6000,5480.4000,5484.4000,5484.8000,5485.0000,5487.0000,5488.0000,1,1,3,2,2,1,3,21,20,1
SF,IC2002,2020-01-09 09:33:23.400,5481.6000,7209,-2,679486560.000,2,0,2,双平,S,5481.0000,5480.6000,5480.4000,5479.2000,5478.8000,5484.4000,5484.8000,5485.0000,5487.0000,5488.0000,3,2,2,2,1,1,3,21,20,1
SF,IC2002,2020-01-09 09:33:23.900,5481.6000,7209,0,679486560.000,0,-,-,-,-,5481.0000,5480.6000,5480.4000,5479.2000,5478.8000,5484.2000,5484.8000,5485.0000,5487.0000,5488.0000,4,2,2,2,1,1,2,21,20,1
SF,IC2002,2020-01-09 09:33:24.400,5481.6000,7209,0,679486560.000,0,-,-,-,-,5481.0000,5480.6000,5480.4000,5479.2000,5478.8000,5484.2000,5484.8000,5485.0000,5487.0000,5487.4000,3,2,2,2,1,2,1,21,20,1
SF,IC2002,2020-01-09 09:33:24.900,5481.6000,7209,0,679486560.000,0,-,-,-,-,5481.2000,5481.0000,5480.6000,5480.4000,5479.2000,5484.0000,5484.2000,5484.8000,5485.0000,5487.0000,2,4,2,2,2,1,1,1,21,20
SF,IC2002,2020-01-09 09:33:25.400,5481.2000,7206,-3,682775840.000,3,0,3,双平,S,5481.0000,5480.6000,5480.4000,5479.2000,5479.0000,5484.2000,5484.8000,5485.0000,5487.0000,5488.0000,4,2,2,2,1,1,1,21,20,2
SF,IC2002,2020-01-09 09:33:26.400,5484.2000,7205,-1,683872680.000,1,0,1,双平,S,5484.2000,5481.2000,5481.0000,5480.6000,5480.4000,5484.8000,5485.0000,5487.0000,5488.0000,5489.0000,1,1,5,2,2,1,21,20,2,1
SF,IC2002,2020-01-09 09:33:26.900,5481.2000,7201,-4,688258280.000,4,0,4,双平,S,5481.2000,5481.0000,5480.6000,5480.4000,5479.2000,5484.8000,5485.0000,5487.0000,5488.0000,5489.0000,3,5,2,2,2,1,21,20,2,1
SF,IC2002,2020-01-09 09:33:27.400,5484.8000,7201,0,689355240.000,1,0,1,多换,S,5483.0000,5481.2000,5481.0000,5480.6000,5480.4000,5485.0000,5487.0000,5488.0000,5489.0000,5490.0000,5,3,5,2,2,21,20,2,1,1
SF,IC2002,2020-01-09 09:33:27.900,5483.0000,7200,-1,690451840.000,1,0,1,双平,S,5483.0000,5481.4000,5481.2000,5481.0000,5480.6000,5484.8000,5485.0000,5487.0000,5488.0000,5488.2000,4,1,2,4,2,2,21,20,2,1
SF,IC2002,2020-01-09 09:33:28.400,5484.2000,7198,-2,693741880.000,3,0,3,多平,S,5483.0000,5481.4000,5481.2000,5481.0000,5480.6000,5484.8000,5485.0000,5487.0000,5488.0000,5488.2000,2,1,2,4,2,1,21,20,2,1
SF,IC2002,2020-01-09 09:33:28.900,5484.2000,7198,0,693741880.000,0,-,-,-,-,5483.0000,5481.6000,5481.4000,5481.0000,5480.6000,5484.6000,5484.8000,5485.0000,5487.0000,5488.0000,2,1,2,3,2,1,1,21,20,2
SF,IC2002,2020-01-09 09:33:29.400,5483.0000,7196,-2,695935080.000,2,0,2,双平,S,5481.6000,5481.4000,5481.0000,5480.6000,5480.4000,5484.6000,5484.8000,5485.0000,5487.0000,5488.0000,1,1,3,2,2,1,1,21,20,2
SF,IC2002,2020-01-09 09:33:29.900,5483.0000,7196,0,695935080.000,0,-,-,-,-,5481.4000,5481.0000,5480.6000,5480.4000,5479.2000,5484.0000,5484.4000,5484.8000,5485.0000,5487.0000,1,3,2,2,1,1,1,1,21,20
SF,IC2002,2020-01-09 09:33:30.400,5483.0000,7196,0,695935080.000,0,-,-,-,-,5481.4000,5481.0000,5480.6000,5480.4000,5479.2000,5484.0000,5484.4000,5484.8000,5485.0000,5487.0000,1,3,2,2,1,1,1,1,21,20
SF,IC2002,2020-01-09 09:33:30.900,5483.0000,7196,0,695935080.000,0,-,-,-,-,5481.0000,5480.6000,5480.4000,5479.2000,5479.0000,5483.2000,5484.4000,5484.8000,5485.0000,5487.0000,3,2,1,1,2,1,1,1,21,20
SF,IC2002,2020-01-09 09:33:31.400,5483.0000,7196,0,695935080.000,0,-,-,-,-,5481.2000,5481.0000,5480.6000,5480.4000,5479.2000,5483.2000,5484.4000,5485.0000,5487.0000,5488.0000,3,2,2,1,1,1,1,21,20,2
SF,IC2002,2020-01-09 09:33:31.900,5483.0000,7196,0,695935080.000,0,-,-,-,-,5481.2000,5481.0000,5480.6000,5480.4000,5479.2000,5483.2000,5484.4000,5485.0000,5487.0000,5488.0000,3,1,2,1,1,1,1,21,20,2
SF,IC2002,2020-01-09 09:33:32.400,5483.0000,7196,0,695935080.000,0,-,-,-,-,5481.2000,5480.6000,5480.4000,5479.2000,5479.0000,5483.2000,5484.4000,5485.0000,5487.0000,5488.0000,2,2,1,1,2,1,1,21,20,2
SF,IC2002,2020-01-09 09:33:32.900,5483.0000,7196,0,695935080.000,0,-,-,-,-,5480.6000,5479.2000,5479.0000,5478.8000,5477.0000,5481.0000,5483.0000,5484.4000,5485.0000,5487.0000,2,1,2,1,1,1,1,1,1,20
SF,IC2002,2020-01-09 09:33:33.400,5480.6000,7195,-1,699223520.000,3,1,2,多平,S,5481.0000,5479.0000,5478.8000,5477.0000,5476.0000,5483.0000,5483.2000,5484.4000,5488.0000,5488.2000,1,2,1,1,2,1,1,1,2,1
SF,IC2002,2020-01-09 09:33:33.900,5480.6000,7194,-1,700319640.000,1,0,1,双平,S,5479.0000,5478.8000,5477.0000,5476.0000,5475.0000,5482.8000,5483.0000,5483.2000,5488.0000,5488.2000,2,1,1,2,3,2,1,1,2,1
SF,IC2002,2020-01-09 09:33:34.400,5481.0000,7193,-1,701415840.000,1,0,1,双平,S,5479.2000,5479.0000,5478.8000,5477.2000,5477.0000,5482.8000,5483.2000,5488.0000,5488.2000,5489.0000,1,3,1,1,1,1,1,2,1,1
SF,IC2002,2020-01-09 09:33:34.900,5481.0000,7193,0,701415840.000,0,-,-,-,-,5480.4000,5479.6000,5479.2000,5479.0000,5478.8000,5482.8000,5483.2000,5488.0000,5488.2000,5489.0000,1,1,1,3,1,1,1,2,1,1
SF,IC2002,2020-01-09 09:33:35.400,5481.0000,7193,0,701415840.000,0,-,-,-,-,5480.6000,5480.4000,5479.6000,5479.4000,5479.0000,5482.8000,5483.2000,5488.0000,5488.2000,5489.0000,1,1,1,1,3,1,1,2,1,1
SF,IC2002,2020-01-09 09:33:35.900,5481.0000,7193,0,701415840.000,0,-,-,-,-,5480.6000,5480.4000,5479.6000,5479.4000,5479.0000,5483.2000,5488.0000,5488.2000,5489.0000,5490.0000,2,1,1,1,3,1,2,1,1,1
SF,IC2002,2020-01-09 09:33:36.400,5481.0000,7193,0,701415840.000,0,-,-,-,-,5480.6000,5480.4000,5479.6000,5479.4000,5479.0000,5482.0000,5483.2000,5488.0000,5488.2000,5489.0000,2,1,1,1,3,10,1,2,1,1
SF,IC2002,2020-01-09 09:33:37.400,5480.6000,7192,-1,702511960.000,1,0,1,双平,S,5480.4000,5479.6000,5479.0000,5477.2000,5477.0000,5481.8000,5482.0000,5483.2000,5488.0000,5488.2000,1,1,3,1,1,1,10,1,2,1
SF,IC2002,2020-01-09 09:33:37.900,5480.6000,7192,0,702511960.000,0,-,-,-,-,5480.4000,5479.0000,5477.2000,5477.0000,5476.0000,5481.6000,5481.8000,5482.0000,5483.2000,5488.0000,1,2,1,1,2,1,1,10,1,2
SF,IC2002,2020-01-09 09:33:38.400,5480.4000,7191,-1,703608040.000,1,0,1,双平,S,5479.0000,5477.2000,5476.0000,5475.0000,5474.0000,5481.8000,5482.0000,5483.2000,5488.0000,5488.2000,2,1,2,3,1,1,10,1,2,1
SF,IC2002,2020-01-09 09:33:38.900,5480.4000,7191,0,703608040.000,0,-,-,-,-,5479.0000,5476.0000,5475.0000,5474.0000,5473.4000,5481.6000,5481.8000,5482.0000,5483.2000,5488.0000,1,2,3,1,3,1,2,10,1,2
SF,IC2002,2020-01-09 09:33:39.400,5479.0000,7190,-1,704703840.000,1,0,1,双平,S,5476.0000,5475.0000,5474.0000,5473.4000,5472.0000,5481.4000,5481.6000,5481.8000,5482.0000,5488.0000,2,3,1,3,1,1,1,2,10,2
SF,IC2002,2020-01-09 09:33:39.900,5479.0000,7190,0,704703840.000,0,-,-,-,-,5476.8000,5476.4000,5476.2000,5476.0000,5475.0000,5481.0000,5481.2000,5481.8000,5482.0000,5488.0000,2,1,1,2,3,1,2,2,10,2
SF,IC2002,2020-01-09 09:33:40.400,5479.0000,7190,0,704703840.000,0,-,-,-,-,5477.0000,5476.8000,5476.4000,5476.0000,5475.0000,5481.0000,5481.2000,5481.8000,5482.0000,5488.0000,1,3,1,1,3,2,1,1,10,2
SF,IC2002,2020-01-09 09:33:40.900,5479.0000,7190,0,704703840.000,0,-,-,-,-,5476.8000,5476.4000,5476.0000,5475.0000,5474.0000,5480.4000,5480.6000,5480.8000,5481.0000,5482.0000,2,1,1,3,1,1,1,1,3,10
SF,IC2002,2020-01-09 09:33:41.400,5479.0000,7190,0,704703840.000,0,-,-,-,-,5477.2000,5476.8000,5476.4000,5476.0000,5475.0000,5480.2000,5480.4000,5480.6000,5481.0000,5482.0000,1,2,1,1,3,1,1,1,2,10
SF,IC2002,2020-01-09 09:33:41.900,5479.0000,7190,0,704703840.000,0,-,-,-,-,5477.2000,5476.8000,5476.4000,5476.0000,5475.0000,5480.2000,5480.4000,5480.6000,5481.0000,5482.0000,1,2,1,1,3,2,1,1,2,10
SF,IC2002,2020-01-09 09:33:42.400,5476.8000,7188,-2,707990000.000,3,0,3,多平,S,5476.0000,5475.0000,5474.0000,5473.4000,5472.0000,5480.2000,5480.4000,5480.6000,5481.0000,5482.0000,1,3,1,3,1,2,1,1,1,10
SF,IC2002,2020-01-09 09:33:42.900,5476.8000,7188,0,707990000.000,0,-,-,-,-,5476.0000,5475.0000,5474.0000,5473.4000,5472.0000,5477.2000,5478.6000,5480.2000,5480.4000,5480.6000,1,3,1,3,1,1,1,3,1,1
SF,IC2002,2020-01-09 09:33:43.400,5475.0000,7187,-1,712370880.000,4,1,3,多平,S,5475.0000,5474.0000,5473.4000,5472.0000,5469.4000,5478.6000,5479.8000,5480.2000,5480.4000,5480.6000,2,1,3,1,5,1,1,2,1,1
SF,IC2002,2020-01-09 09:33:43.900,5475.0000,7187,0,712370880.000,0,-,-,-,-,5477.2000,5475.6000,5475.4000,5475.2000,5475.0000,5478.6000,5479.8000,5480.2000,5480.4000,5480.6000,1,1,1,2,2,1,1,2,1,1
SF,IC2002,2020-01-09 09:33:44.400,5475.0000,7187,0,712370880.000,0,-,-,-,-,5475.6000,5475.4000,5475.2000,5475.0000,5474.0000,5478.6000,5479.8000,5480.2000,5480.4000,5480.6000,1,1,1,2,1,1,1,2,1,1
SF,IC2002,2020-01-09 09:33:44.900,5475.0000,7185,-2,714560880.000,2,0,2,双平,S,5475.8000,5475.6000,5475.4000,5475.2000,5475.0000,5478.6000,5479.8000,5480.2000,5480.4000,5480.6000,2,1,1,1,3,1,1,1,1,1
SF,IC2002,2020-01-09 09:33:45.400,5475.0000,7185,0,714560880.000,0,-,-,-,-,5475.8000,5475.6000,5475.4000,5475.2000,5475.0000,5478.6000,5479.8000,5480.2000,5480.4000,5480.6000,2,1,1,1,2,1,1,1,1,1
SF,IC2002,2020-01-09 09:33:45.900,5475.0000,7183,-2,716750880.000,2,0,2,双平,S,5475.8000,5475.6000,5475.4000,5475.2000,5475.0000,5478.6000,5479.8000,5480.0000,5480.2000,5480.4000,1,3,2,1,2,1,1,1,1,1
SF,IC2002,2020-01-09 09:33:46.400,5475.0000,7183,0,716750880.000,0,-,-,-,-,5476.2000,5476.0000,5475.8000,5475.6000,5475.4000,5478.6000,5480.0000,5480.2000,5480.4000,5480.6000,1,2,1,2,1,1,1,1,1,1
SF,IC2002,2020-01-09 09:33:46.900,5475.0000,7181,-2,718940880.000,2,0,2,双平,S,5476.0000,5475.6000,5475.4000,5475.2000,5475.0000,5480.0000,5480.2000,5480.4000,5480.6000,5482.0000,2,2,2,2,2,1,1,1,1,10
SF,IC2002,2020-01-09 09:33:47.400,5475.0000,7181,0,718940880.000,0,-,-,-,-,5476.0000,5475.6000,5475.4000,5475.2000,5475.0000,5478.4000,5478.8000,5479.8000,5480.0000,5480.2000,1,2,3,2,2,1,1,1,2,1
SF,IC2002,2020-01-09 09:33:47.900,5475.0000,7181,0,718940880.000,0,-,-,-,-,5476.6000,5475.6000,5475.4000,5475.2000,5475.0000,5478.4000,5478.8000,5479.8000,5480.0000,5480.2000,1,2,3,3,2,1,1,1,2,1
SF,IC2002,2020-01-09 09:33:48.400,5478.2000,7178,-3,722226520.000,3,0,3,双平,S,5475.8000,5475.6000,5475.4000,5475.2000,5475.0000,5478.8000,5480.0000,5480.2000,5480.4000,5480.6000,1,2,3,4,2,1,2,1,1,1
SF,IC2002,2020-01-09 09:33:48.900,5478.2000,7178,0,722226520.000,0,-,-,-,-,5475.8000,5475.6000,5475.4000,5475.2000,5475.0000,5478.6000,5478.8000,5480.0000,5480.2000,5480.4000,1,1,3,2,2,1,1,1,1,1
SF,IC2002,2020-01-09 09:33:49.400,5475.8000,7176,-2,724416880.000,2,0,2,双平,S,5475.6000,5475.4000,5475.2000,5475.0000,5474.0000,5478.4000,5478.6000,5478.8000,5480.0000,5480.2000,1,1,1,3,2,2,1,1,1,1
SF,IC2002,2020-01-09 09:33:49.900,5475.8000,7176,0,724416880.000,0,-,-,-,-,5475.6000,5475.2000,5475.0000,5474.0000,5472.0000,5478.2000,5478.4000,5478.8000,5480.0000,5480.2000,1,1,3,2,1,1,3,1,1,1
SF,IC2002,2020-01-09 09:33:50.400,5475.8000,7176,0,724416880.000,0,-,-,-,-,5475.6000,5475.2000,5475.0000,5474.0000,5472.0000,5478.2000,5478.4000,5478.8000,5480.0000,5480.2000,1,1,3,2,1,1,1,1,1,1
SF,IC2002,2020-01-09 09:33:50.900,5475.2000,7174,-2,726607040.000,2,0,2,双平,S,5475.0000,5474.0000,5472.0000,5469.4000,5466.8000,5477.8000,5478.2000,5478.8000,5480.0000,5480.2000,3,2,1,5,2,1,1,1,1,1
SF,IC2002,2020-01-09 09:33:51.400,5475.2000,7174,0,726607040.000,0,-,-,-,-,5475.0000,5474.0000,5473.0000,5472.0000,5469.4000,5477.8000,5478.0000,5478.2000,5480.0000,5480.2000,3,2,1,1,5,1,3,1,1,1
SF,IC2002,2020-01-09 09:33:51.900,5475.0000,7174,0,728797040.000,2,1,1,多换,S,5475.0000,5474.0000,5473.0000,5472.0000,5469.4000,5477.6000,5477.8000,5478.0000,5478.2000,5480.0000,1,2,1,1,5,1,1,3,1,1
SF,IC2002,2020-01-09 09:33:52.400,5475.0000,7174,0,728797040.000,0,-,-,-,-,5475.0000,5474.0000,5473.0000,5472.0000,5469.4000,5477.6000,5477.8000,5478.0000,5478.2000,5480.0000,1,2,1,1,5,2,1,3,1,1
SF,IC2002,2020-01-09 09:33:52.900,5475.0000,7174,0,728797040.000,0,-,-,-,-,5475.2000,5475.0000,5474.0000,5473.0000,5472.0000,5477.4000,5477.6000,5478.0000,5480.0000,5480.2000,1,1,2,1,1,1,3,3,1,1
SF,IC2002,2020-01-09 09:33:53.400,5475.0000,7173,-1,730987040.000,2,0,2,多平,S,5474.0000,5473.0000,5472.0000,5469.4000,5466.8000,5477.2000,5477.4000,5477.6000,5478.0000,5480.0000,2,1,1,5,2,1,1,2,3,1
SF,IC2002,2020-01-09 09:33:53.900,5475.0000,7173,0,730987040.000,0,-,-,-,-,5474.0000,5473.0000,5472.0000,5469.4000,5466.8000,5477.0000,5477.2000,5477.4000,5477.6000,5478.0000,2,1,1,5,2,1,1,1,2,3
SF,IC2002,2020-01-09 09:33:54.400,5475.0000,7173,0,730987040.000,0,-,-,-,-,5474.0000,5473.0000,5472.0000,5469.4000,5466.8000,5476.8000,5477.0000,5477.2000,5477.6000,5478.0000,1,1,1,5,2,1,2,1,1,3
SF,IC2002,2020-01-09 09:33:54.900,5473.0000,7172,-1,733176440.000,2,0,2,多平,S,5472.0000,5469.4000,5466.8000,5465.0000,5462.2000,5476.6000,5476.8000,5477.0000,5477.2000,5477.6000,1,5,2,1,1,1,1,1,1,1
SF,IC2002,2020-01-09 09:33:55.400,5473.0000,7172,0,733176440.000,0,-,-,-,-,5474.4000,5473.6000,5472.6000,5472.4000,5472.2000,5476.6000,5476.8000,5477.2000,5477.6000,5478.0000,1,1,1,1,3,2,1,1,1,2
SF,IC2002,2020-01-09 09:33:55.900,5473.0000,7172,0,733176440.000,0,-,-,-,-,5473.6000,5472.6000,5472.4000,5472.0000,5469.4000,5476.2000,5476.4000,5476.6000,5476.8000,5477.2000,1,1,1,1,5,1,2,1,1,1
SF,IC2002,2020-01-09 09:33:56.400,5473.0000,7172,0,733176440.000,0,-,-,-,-,5473.6000,5472.8000,5472.6000,5472.4000,5472.0000,5476.2000,5476.4000,5476.6000,5476.8000,5477.2000,1,1,1,1,1,1,2,1,1,1
SF,IC2002,2020-01-09 09:33:56.900,5473.0000,7172,0,733176440.000,0,-,-,-,-,5474.0000,5473.6000,5472.6000,5472.4000,5472.0000,5476.0000,5476.2000,5476.4000,5476.6000,5476.8000,5,1,1,1,1,2,1,2,1,1
SF,IC2002,2020-01-09 09:33:57.900,5473.0000,7170,-2,735365640.000,2,0,2,双平,S,5474.0000,5473.6000,5472.6000,5472.4000,5472.0000,5476.0000,5476.2000,5476.4000,5476.6000,5476.8000,3,1,1,1,1,2,1,2,1,1
SF,IC2002,2020-01-09 09:33:58.400,5473.0000,7170,0,735365640.000,0,-,-,-,-,5474.0000,5473.6000,5472.6000,5472.4000,5472.0000,5475.8000,5476.0000,5476.4000,5476.8000,5477.2000,3,1,1,1,2,1,2,2,1,1
SF,IC2002,2020-01-09 09:33:58.900,5473.0000,7168,-2,737554840.000,2,0,2,双平,S,5474.0000,5473.6000,5472.6000,5472.4000,5472.0000,5475.6000,5475.8000,5476.0000,5476.4000,5476.8000,1,1,1,1,2,2,2,1,2,1
SF,IC2002,2020-01-09 09:33:59.400,5476.0000,7164,-4,743030600.000,5,0,5,多平,S,5476.0000,5474.0000,5473.6000,5472.6000,5472.4000,5476.4000,5476.8000,5477.2000,5478.0000,5480.0000,4,1,1,1,1,1,1,1,1,1
SF,IC2002,2020-01-09 09:33:59.900,5476.0000,7160,-4,747411400.000,4,0,4,双平,S,5474.0000,5472.6000,5472.0000,5471.6000,5469.4000,5476.4000,5476.8000,5477.2000,5478.0000,5480.0000,1,1,2,1,5,1,1,1,1,1
SF,IC2002,2020-01-09 09:34:00.400,5476.0000,7160,0,747411400.000,0,-,-,-,-,5475.8000,5474.2000,5474.0000,5472.6000,5472.0000,5476.4000,5476.8000,5478.0000,5479.4000,5480.0000,1,2,1,1,2,1,1,1,1,1
SF,IC2002,2020-01-09 09:34:00.900,5474.2000,7158,-2,750696240.000,3,0,3,多平,S,5474.0000,5472.6000,5472.0000,5471.6000,5469.4000,5476.4000,5479.4000,5480.0000,5480.2000,5481.0000,1,1,2,1,5,1,1,1,1,5
SF,IC2002,2020-01-09 09:34:01.400,5474.2000,7158,0,750696240.000,0,-,-,-,-,5474.0000,5472.6000,5472.0000,5471.6000,5470.0000,5476.4000,5479.4000,5480.0000,5480.2000,5481.0000,1,1,2,1,1,1,1,1,1,5
SF,IC2002,2020-01-09 09:34:01.900,5474.0000,7156,-2,752885880.000,2,0,2,双平,S,5472.6000,5472.0000,5471.6000,5470.0000,5469.4000,5476.2000,5479.4000,5480.0000,5480.2000,5481.0000,1,2,1,1,5,1,1,1,1,5
SF,IC2002,2020-01-09 09:34:02.400,5474.0000,7156,0,752885880.000,0,-,-,-,-,5474.6000,5473.6000,5472.8000,5472.6000,5472.0000,5475.8000,5476.0000,5476.2000,5479.4000,5480.0000,1,1,1,2,2,1,1,1,1,1
SF,IC2002,2020-01-09 09:34:02.900,5472.8000,7155,-1,755075160.000,2,0,2,多平,S,5472.6000,5472.0000,5471.6000,5470.0000,5469.4000,5475.8000,5476.0000,5476.2000,5479.4000,5480.0000,2,1,1,1,5,2,1,1,1,1
SF,IC2002,2020-01-09 09:34:03.400,5473.0000,7153,-2,760550520.000,5,1,4,多平,S,5472.8000,5472.6000,5472.0000,5471.6000,5470.0000,5479.4000,5480.0000,5480.2000,5481.0000,5482.0000,1,2,1,1,1,1,1,1,5,10
SF,IC2002,2020-01-09 09:34:03.900,5473.0000,7151,-2,762739720.000,2,0,2,双平,S,5473.2000,5473.0000,5472.8000,5472.6000,5472.0000,5479.0000,5479.2000,5479.4000,5480.0000,5482.0000,1,1,4,2,1,1,1,2,2,10
SF,IC2002,2020-01-09 09:34:04.400,5473.0000,7151,0,762739720.000,0,-,-,-,-,5473.4000,5473.2000,5473.0000,5472.8000,5472.6000,5478.8000,5479.0000,5479.4000,5480.0000,5482.0000,2,1,1,2,2,1,1,1,2,10
SF,IC2002,2020-01-09 09:34:04.900,5473.0000,7149,-2,764928920.000,2,0,2,双平,S,5473.4000,5473.2000,5473.0000,5472.8000,5472.6000,5478.4000,5478.8000,5479.0000,5479.4000,5480.0000,4,1,1,2,1,1,1,1,1,2
SF,IC2002,2020-01-09 09:34:05.400,5473.0000,7149,0,764928920.000,0,-,-,-,-,5474.2000,5473.8000,5473.4000,5473.2000,5473.0000,5478.2000,5478.4000,5478.6000,5479.4000,5480.0000,1,1,1,2,1,1,1,1,1,2
SF,IC2002,2020-01-09 09:34:05.900,5473.0000,7148,-1,767118120.000,2,0,2,多平,S,5474.2000,5473.8000,5473.6000,5473.2000,5473.0000,5478.2000,5478.6000,5479.4000,5480.0000,5482.0000,1,3,2,1,1,1,1,1,2,10
SF,IC2002,2020-01-09 09:34:06.400,5473.0000,7148,0,767118120.000,0,-,-,-,-,5474.2000,5473.8000,5473.6000,5472.8000,5472.6000,5478.0000,5478.2000,5478.6000,5479.4000,5480.0000,2,2,1,2,1,1,1,1,1,2
SF,IC2002,2020-01-09 09:34:06.900,5473.0000,7147,-1,769307320.000,2,0,2,多平,S,5474.2000,5473.8000,5473.6000,5473.2000,5472.8000,5477.8000,5478.0000,5479.4000,5480.0000,5482.0000,1,1,1,1,2,2,1,1,2,10
SF,IC2002,2020-01-09 09:34:07.400,5473.0000,7147,0,769307320.000,0,-,-,-,-,5474.2000,5473.2000,5472.8000,5472.6000,5472.0000,5476.8000,5477.8000,5478.0000,5479.4000,5480.0000,1,1,2,1,1,1,2,2,1,2
SF,IC2002,2020-01-09 09:34:07.900,5473.0000,7147,0,769307320.000,0,-,-,-,-,5474.4000,5473.2000,5472.6000,5472.0000,5470.0000,5476.6000,5476.8000,5477.0000,5477.2000,5479.4000,1,1,1,1,1,1,1,1,1,1
SF,IC2002,2020-01-09 09:34:08.400,5476.6000,7145,-2,772591840.000,3,0,3,多平,S,5474.6000,5472.6000,5472.0000,5470.0000,5469.4000,5477.0000,5479.4000,5480.0000,5482.0000,5486.8000,2,1,1,1,5,1,1,2,10,5
SF,IC2002,2020-01-09 09:34:08.900,5474.6000,7143,-2,775877040.000,3,0,3,多平,S,5474.4000,5472.6000,5472.0000,5470.0000,5469.4000,5476.8000,5477.0000,5479.4000,5480.0000,5482.0000,1,1,1,1,5,1,1,1,2,10
SF,IC2002,2020-01-09 09:34:09.400,5474.6000,7143,0,775877040.000,0,-,-,-,-,5474.8000,5474.6000,5474.2000,5473.0000,5472.6000,5476.8000,5477.0000,5479.4000,5480.0000,5482.0000,2,1,1,1,1,1,1,1,2,10
SF,IC2002,2020-01-09 09:34:09.900,5474.6000,7143,0,775877040.000,0,-,-,-,-,5474.6000,5473.0000,5472.6000,5472.0000,5470.0000,5476.6000,5476.8000,5479.4000,5480.0000,5482.0000,1,1,1,1,1,1,2,1,2,10
SF,IC2002,2020-01-09 09:34:10.400,5474.6000,7143,0,775877040.000,0,-,-,-,-,5473.2000,5473.0000,5472.6000,5472.0000,5470.0000,5476.4000,5476.6000,5476.8000,5479.4000,5480.0000,1,1,1,1,1,1,1,1,1,2
SF,IC2002,2020-01-09 09:34:10.900,5474.6000,7143,0,775877040.000,0,-,-,-,-,5473.2000,5472.6000,5472.0000,5470.0000,5469.4000,5476.2000,5476.4000,5476.6000,5476.8000,5479.4000,1,1,1,1,5,1,1,1,1,1
SF,IC2002,2020-01-09 09:34:11.400,5472.6000,7142,-1,778066120.000,2,0,2,多平,S,5472.0000,5471.4000,5470.0000,5469.4000,5465.0000,5476.0000,5476.2000,5476.8000,5479.4000,5480.0000,1,1,1,5,1,1,1,1,1,2
SF,IC2002,2020-01-09 09:34:11.900,5472.6000,7142,0,778066120.000,0,-,-,-,-,5473.0000,5472.2000,5472.0000,5471.4000,5470.0000,5475.8000,5476.0000,5476.2000,5479.4000,5480.0000,1,2,1,1,1,1,2,1,1,2
SF,IC2002,2020-01-09 09:34:12.400,5472.6000,7142,0,778066120.000,0,-,-,-,-,5472.2000,5472.0000,5471.8000,5471.4000,5470.0000,5475.8000,5476.0000,5479.4000,5480.0000,5482.0000,2,1,1,1,1,1,2,1,2,10
SF,IC2002,2020-01-09 09:34:12.900,5472.4000,7140,-2,780255120.000,2,0,2,双平,S,5472.4000,5472.2000,5472.0000,5471.8000,5471.4000,5475.8000,5476.0000,5479.4000,5480.0000,5482.0000,3,2,1,1,1,1,1,1,2,10
SF,IC2002,2020-01-09 09:34:13.400,5475.6000,7139,-1,781350240.000,1,0,1,双平,S,5473.2000,5472.6000,5472.4000,5472.2000,5472.0000,5476.0000,5479.4000,5480.0000,5482.0000,5486.8000,1,1,3,2,1,1,1,2,10,5
SF,IC2002,2020-01-09 09:34:13.900,5472.8000,7137,-2,783539480.000,2,0,2,双平,S,5472.8000,5472.6000,5472.4000,5472.2000,5472.0000,5476.0000,5479.4000,5480.0000,5482.0000,5486.8000,1,1,1,2,1,1,1,2,10,5
SF,IC2002,2020-01-09 09:34:14.400,5476.0000,7137,0,784634680.000,1,0,1,多换,S,5473.6000,5473.0000,5472.8000,5472.4000,5472.2000,5479.4000,5480.0000,5481.0000,5482.0000,5486.8000,1,2,2,1,2,1,2,1,10,5
SF,IC2002,2020-01-09 09:34:14.900,5473.4000,7137,0,786824080.000,2,1,1,多换,S,5473.0000,5472.8000,5472.2000,5472.0000,5471.8000,5475.8000,5479.0000,5479.2000,5479.4000,5480.0000,2,2,2,1,1,1,1,1,1,2
SF,IC2002,2020-01-09 09:34:15.400,5475.8000,7137,0,787919240.000,1,0,1,多换,S,5473.6000,5473.2000,5473.0000,5472.8000,5472.2000,5476.8000,5479.0000,5479.2000,5479.4000,5480.0000,1,1,2,2,2,1,1,2,1,2
SF,IC2002,2020-01-09 09:34:15.900,5475.8000,7137,0,787919240.000,0,-,-,-,-,5473.4000,5473.2000,5473.0000,5472.8000,5472.2000,5475.8000,5476.6000,5476.8000,5479.0000,5479.4000,1,1,1,1,2,1,1,1,1,1
SF,IC2002,2020-01-09 09:34:16.400,5473.2000,7135,-2,790108560.000,2,0,2,双平,S,5473.4000,5473.0000,5472.8000,5472.2000,5472.0000,5475.8000,5476.6000,5476.8000,5479.0000,5479.4000,1,1,1,2,1,1,1,1,1,1
SF,IC2002,2020-01-09 09:34:16.900,5475.8000,7136,1,791203720.000,1,1,0,双开,S,5473.4000,5473.0000,5472.8000,5472.2000,5472.0000,5476.6000,5476.8000,5479.0000,5479.4000,5480.0000,1,1,1,2,1,1,1,1,1,2
SF,IC2002,2020-01-09 09:34:17.400,5473.4000,7133,-3,794488280.000,3,0,3,双平,S,5473.8000,5473.6000,5473.4000,5472.8000,5472.4000,5476.6000,5476.8000,5479.0000,5479.4000,5480.0000,1,1,1,1,1,1,1,1,1,2
SF,IC2002,2020-01-09 09:34:17.900,5473.4000,7130,-3,798867000.000,4,0,4,多平,S,5472.8000,5472.4000,5472.2000,5472.0000,5470.0000,5473.0000,5473.2000,5476.6000,5476.8000,5478.0000,1,1,2,1,1,5,1,1,1,1
SF,IC2002,2020-01-09 09:34:18.400,5473.2000,7116,-14,818570040.000,18,2,16,多平,S,5473.0000,5472.8000,5472.2000,5472.0000,5471.4000,5476.4000,5476.8000,5478.0000,5479.0000,5479.4000,11,3,2,1,1,1,1,1,1,1
SF,IC2002,2020-01-09 09:34:18.900,5476.2000,7115,-1,820760440.000,2,0,2,多平,S,5473.2000,5473.0000,5472.8000,5472.6000,5472.2000,5476.4000,5476.6000,5476.8000,5479.0000,5479.4000,1,12,3,1,2,1,1,1,1,1
SF,IC2002,2020-01-09 09:34:19.400,5473.4000,7113,-2,822949840.000,2,0,2,双平,S,5473.6000,5473.4000,5473.2000,5473.0000,5472.8000,5476.4000,5476.8000,5479.0000,5479.4000,5480.0000,2,1,3,11,2,1,1,1,1,2
