市场代码,合约代码,时间,最新,持仓,增仓,成交额,成交量,开仓,平仓,成交类型,方向,买一价,买二价,买三价,买四价,买五价,卖一价,卖二价,卖三价,卖四价,卖五价,买一量,买二量,买三量,买四量,买五量,卖一量,卖二量,卖三量,卖四量,卖五量
SF,IC2006,2019-12-18 09:29:00.200,5119.2000,28617,0,1023840.000,1.000,-,-,-,-,5119.0000,5110.4000,5110.0000,5105.6000,5105.0000,5120.0000,5123.2000,5124.0000,5134.0000,5135.0000,1,1,6,1,2,2,1,6,1,3
SF,IC2006,2019-12-18 09:30:00.200,5110.4000,28616,-1,11257560.000,10,4,6,多平,S,5110.0000,5105.6000,5105.0000,5101.6000,5101.2000,5118.6000,5119.0000,5119.4000,5119.8000,5120.0000,6,1,2,1,1,2,14,2,3,5
SF,IC2006,2019-12-18 09:30:00.700,5113.4000,28616,0,15349080.000,4,2,2,多换,S,5113.4000,5110.2000,5110.0000,5105.6000,5105.0000,5118.4000,5118.6000,5118.8000,5119.0000,5120.0000,1,1,6,1,2,1,3,1,14,2
SF,IC2006,2019-12-18 09:30:01.200,5115.2000,28615,-1,17394800.000,2,0,2,多平,S,5113.4000,5110.0000,5105.6000,5105.0000,5101.6000,5118.4000,5118.6000,5118.8000,5119.0000,5120.0000,1,6,1,2,1,1,3,1,14,2
SF,IC2006,2019-12-18 09:30:01.700,5115.2000,28615,0,17394800.000,0,-,-,-,-,5113.6000,5113.4000,5110.0000,5105.6000,5105.0000,5114.8000,5118.0000,5118.4000,5118.6000,5118.8000,1,1,6,1,2,2,1,1,1,1
SF,IC2006,2019-12-18 09:30:02.200,5110.0000,28614,-1,21484440.000,4,1,3,多平,S,5110.0000,5105.6000,5105.0000,5101.6000,5101.2000,5113.0000,5113.6000,5114.6000,5114.8000,5118.0000,4,1,2,1,1,1,1,1,1,1
SF,IC2006,2019-12-18 09:30:02.700,5110.0000,28612,-2,28639040.000,7,2,5,多平,S,5105.6000,5105.0000,5102.4000,5101.6000,5101.2000,5110.0000,5112.2000,5113.4000,5113.6000,5114.6000,1,2,5,1,1,2,1,8,1,1
SF,IC2006,2019-12-18 09:30:03.200,5110.0000,28611,-1,29661040.000,1,0,1,双平,S,5107.8000,5105.8000,5105.6000,5105.0000,5102.4000,5110.0000,5112.2000,5113.4000,5113.6000,5114.6000,1,2,1,2,5,2,1,8,1,1
SF,IC2006,2019-12-18 09:30:03.700,5110.0000,28610,-1,31705040.000,2,0,2,多平,S,5106.8000,5105.8000,5105.6000,5105.0000,5102.4000,5112.2000,5113.4000,5114.6000,5114.8000,5118.0000,1,1,1,2,5,1,8,1,2,1
SF,IC2006,2019-12-18 09:30:04.200,5113.4000,28610,0,39885720.000,8,4,4,多换,S,5107.0000,5106.8000,5105.8000,5105.6000,5105.0000,5111.6000,5113.4000,5114.8000,5118.0000,5118.6000,1,1,1,1,2,1,3,2,1,1
SF,IC2006,2019-12-18 09:30:04.700,5113.4000,28610,0,39885720.000,0,-,-,-,-,5111.0000,5107.2000,5107.0000,5106.8000,5105.8000,5111.6000,5113.4000,5114.8000,5118.6000,5118.8000,1,1,1,1,1,1,3,2,1,1
SF,IC2006,2019-12-18 09:30:05.200,5107.0000,28607,-3,43973160.000,4,0,4,多平,S,5106.8000,5105.6000,5105.0000,5103.2000,5102.4000,5111.6000,5113.4000,5114.8000,5118.6000,5118.8000,1,1,2,1,5,1,3,2,1,1
SF,IC2006,2019-12-18 09:30:05.700,5107.0000,28607,0,43973160.000,0,-,-,-,-,5107.0000,5106.8000,5105.6000,5105.0000,5103.2000,5111.4000,5111.6000,5113.4000,5114.8000,5118.6000,2,2,1,2,1,1,1,3,2,1
SF,IC2006,2019-12-18 09:30:06.200,5107.0000,28605,-2,46015960.000,2,0,2,双平,S,5107.0000,5106.8000,5105.6000,5105.0000,5102.4000,5111.4000,5111.6000,5113.4000,5114.8000,5118.6000,1,1,1,2,5,1,1,3,2,1
SF,IC2006,2019-12-18 09:30:06.700,5107.0000,28603,-2,48058760.000,2,0,2,双平,S,5107.0000,5106.8000,5105.6000,5105.0000,5102.4000,5111.4000,5111.6000,5113.4000,5114.8000,5118.6000,2,1,1,2,5,1,1,3,2,1
SF,IC2006,2019-12-18 09:30:07.200,5107.0000,28603,0,48058760.000,0,-,-,-,-,5107.2000,5107.0000,5105.6000,5105.0000,5102.4000,5111.4000,5111.6000,5113.2000,5113.4000,5114.8000,2,2,1,2,5,1,1,1,3,1
SF,IC2006,2019-12-18 09:30:07.700,5107.0000,28598,-5,53165760.000,5,0,5,双平,S,5105.6000,5105.2000,5105.0000,5102.4000,5101.6000,5107.0000,5111.6000,5113.4000,5114.6000,5114.8000,1,1,2,5,1,1,1,3,1,1
SF,IC2006,2019-12-18 09:30:08.200,5107.2000,28595,-3,56230000.000,3,0,3,双平,S,5107.0000,5105.8000,5105.6000,5105.2000,5105.0000,5107.2000,5113.4000,5116.0000,5118.6000,5119.0000,1,3,1,1,2,3,3,1,1,10
SF,IC2006,2019-12-18 09:30:08.700,5107.2000,28592,-3,59294320.000,3,0,3,双平,S,5108.0000,5107.2000,5106.6000,5105.6000,5105.0000,5113.4000,5114.4000,5116.0000,5118.6000,5119.0000,2,2,2,1,2,3,1,1,1,10
SF,IC2006,2019-12-18 09:30:09.200,5107.2000,28592,0,59294320.000,0,-,-,-,-,5111.4000,5108.2000,5108.0000,5107.2000,5105.6000,5113.2000,5113.4000,5114.4000,5116.0000,5118.6000,1,1,2,2,1,1,3,1,1,1
SF,IC2006,2019-12-18 09:30:09.700,5111.4000,28591,-1,60316600.000,1,0,1,双平,S,5111.6000,5110.8000,5108.0000,5107.8000,5106.6000,5112.0000,5113.4000,5116.0000,5118.6000,5119.0000,1,1,4,1,3,1,3,1,1,10
SF,IC2006,2019-12-18 09:30:10.200,5112.0000,28590,-1,61339000.000,1,0,1,双平,S,5113.4000,5112.2000,5111.6000,5110.8000,5108.0000,5116.0000,5118.6000,5119.0000,5120.0000,5123.2000,2,1,1,1,4,1,1,10,3,1
SF,IC2006,2019-12-18 09:30:10.700,5113.4000,28590,0,62361680.000,1,0,1,多换,S,5113.4000,5112.2000,5111.6000,5110.8000,5108.0000,5115.8000,5116.0000,5118.6000,5119.0000,5120.0000,1,1,1,1,2,1,1,1,9,3
SF,IC2006,2019-12-18 09:30:11.200,5113.4000,28590,0,63384360.000,1,0,1,多换,S,5113.6000,5111.6000,5110.8000,5109.4000,5108.0000,5118.2000,5118.6000,5119.0000,5120.0000,5123.2000,1,1,1,1,3,1,1,9,3,1
SF,IC2006,2019-12-18 09:30:11.700,5113.4000,28590,0,63384360.000,0,-,-,-,-,5113.6000,5111.6000,5111.4000,5110.8000,5109.4000,5117.4000,5117.8000,5118.0000,5118.6000,5119.0000,1,1,1,1,1,1,2,1,1,9
SF,IC2006,2019-12-18 09:30:12.200,5113.4000,28590,0,63384360.000,0,-,-,-,-,5115.8000,5111.6000,5111.4000,5110.8000,5109.4000,5117.2000,5117.4000,5117.8000,5118.6000,5119.0000,6,1,1,1,1,2,1,2,1,9
SF,IC2006,2019-12-18 09:30:12.700,5115.8000,28587,-3,66453840.000,3,0,3,双平,S,5115.8000,5111.6000,5111.4000,5110.8000,5109.4000,5117.2000,5117.4000,5117.8000,5118.6000,5119.0000,3,1,1,1,1,1,1,2,1,9
SF,IC2006,2019-12-18 09:30:13.200,5115.8000,28584,-3,69523320.000,3,0,3,双平,S,5112.0000,5111.6000,5111.4000,5110.8000,5108.4000,5113.6000,5117.2000,5117.4000,5117.8000,5118.6000,5,1,1,1,1,1,1,1,2,1
SF,IC2006,2019-12-18 09:30:13.700,5113.6000,28583,-1,70546040.000,1,0,1,双平,S,5113.4000,5112.2000,5112.0000,5111.6000,5111.4000,5117.0000,5117.4000,5117.8000,5118.6000,5119.0000,1,1,5,1,1,1,1,2,1,9
SF,IC2006,2019-12-18 09:30:14.200,5113.6000,28582,-1,71568760.000,1,0,1,双平,S,5113.6000,5113.4000,5112.0000,5111.6000,5111.4000,5116.8000,5117.0000,5117.4000,5117.8000,5118.6000,1,1,5,1,1,2,1,1,2,1
SF,IC2006,2019-12-18 09:30:14.700,5113.6000,28582,0,71568760.000,0,-,-,-,-,5113.8000,5113.6000,5113.4000,5112.0000,5111.6000,5116.8000,5117.0000,5117.8000,5118.6000,5119.0000,1,1,1,5,1,2,1,2,1,8
SF,IC2006,2019-12-18 09:30:15.200,5113.6000,28582,0,71568760.000,0,-,-,-,-,5114.0000,5113.8000,5113.4000,5112.0000,5111.6000,5116.8000,5117.0000,5117.8000,5118.6000,5119.0000,1,1,1,5,1,2,1,2,1,8
SF,IC2006,2019-12-18 09:30:15.700,5113.6000,28582,0,71568760.000,0,-,-,-,-,5114.0000,5113.8000,5113.4000,5112.2000,5112.0000,5116.8000,5117.0000,5117.8000,5118.6000,5119.0000,2,1,1,1,5,1,1,2,1,8
SF,IC2006,2019-12-18 09:30:16.200,5113.6000,28582,0,71568760.000,0,-,-,-,-,5114.0000,5113.8000,5113.4000,5113.2000,5112.2000,5116.8000,5117.0000,5117.8000,5118.6000,5119.0000,1,1,1,2,1,1,1,2,1,8
SF,IC2006,2019-12-18 09:30:16.700,5113.6000,28582,0,71568760.000,0,-,-,-,-,5113.8000,5113.4000,5113.2000,5112.2000,5112.0000,5116.6000,5116.8000,5117.0000,5117.8000,5118.6000,1,1,2,1,5,1,1,1,2,1
SF,IC2006,2019-12-18 09:30:17.200,5113.6000,28582,0,71568760.000,0,-,-,-,-,5113.8000,5113.4000,5113.2000,5112.2000,5112.0000,5116.4000,5116.6000,5117.0000,5117.8000,5118.6000,2,1,2,1,5,1,1,1,2,1
SF,IC2006,2019-12-18 09:30:17.700,5113.6000,28582,0,71568760.000,0,-,-,-,-,5114.0000,5113.8000,5113.4000,5113.2000,5112.2000,5116.4000,5117.8000,5118.6000,5119.0000,5120.0000,1,2,1,2,1,2,2,1,8,3
SF,IC2006,2019-12-18 09:30:18.700,5116.4000,28580,-2,73615320.000,2,0,2,双平,S,5114.0000,5113.8000,5113.4000,5113.2000,5112.2000,5117.8000,5118.6000,5119.0000,5120.0000,5123.2000,1,2,1,2,1,2,1,8,3,1
SF,IC2006,2019-12-18 09:30:19.200,5114.2000,28579,-1,74638160.000,1,0,1,双平,S,5116.4000,5113.8000,5113.4000,5113.2000,5112.2000,5117.6000,5117.8000,5118.6000,5119.0000,5120.0000,1,1,1,2,1,2,2,1,8,3
SF,IC2006,2019-12-18 09:30:19.700,5116.4000,28579,0,75661440.000,1,0,1,多换,S,5114.2000,5113.8000,5113.4000,5113.2000,5112.2000,5117.6000,5117.8000,5118.6000,5119.0000,5120.0000,1,1,1,2,1,1,2,1,8,3
SF,IC2006,2019-12-18 09:30:20.200,5116.4000,28579,0,75661440.000,0,-,-,-,-,5114.2000,5113.8000,5113.4000,5113.2000,5112.2000,5117.4000,5117.6000,5117.8000,5118.6000,5119.0000,1,1,1,2,1,1,1,2,1,8
SF,IC2006,2019-12-18 09:30:20.700,5116.4000,28579,0,75661440.000,0,-,-,-,-,5114.4000,5113.4000,5113.2000,5112.2000,5112.0000,5117.4000,5117.8000,5118.6000,5119.0000,5120.0000,1,1,2,1,5,1,2,1,8,3
SF,IC2006,2019-12-18 09:30:21.200,5117.4000,28579,0,76684920.000,1,0,1,多换,S,5114.6000,5114.4000,5113.4000,5113.2000,5112.2000,5116.6000,5117.8000,5118.6000,5119.0000,5120.0000,1,1,1,2,1,1,2,1,8,3
SF,IC2006,2019-12-18 09:30:21.700,5117.4000,28579,0,76684920.000,0,-,-,-,-,5114.6000,5114.4000,5113.4000,5113.2000,5112.2000,5116.4000,5116.6000,5117.8000,5118.6000,5119.0000,1,1,1,2,1,1,1,2,1,8
SF,IC2006,2019-12-18 09:30:22.200,5117.4000,28579,0,76684920.000,0,-,-,-,-,5114.6000,5114.4000,5113.4000,5113.2000,5112.2000,5116.4000,5116.6000,5117.8000,5118.6000,5119.0000,1,1,1,2,1,1,1,2,1,8
SF,IC2006,2019-12-18 09:30:22.700,5117.4000,28579,0,76684920.000,0,-,-,-,-,5114.6000,5114.4000,5114.0000,5113.4000,5113.2000,5116.4000,5116.6000,5117.8000,5118.6000,5119.0000,1,1,1,1,2,1,1,2,1,8
SF,IC2006,2019-12-18 09:30:23.200,5117.4000,28579,0,76684920.000,0,-,-,-,-,5114.4000,5114.0000,5113.4000,5113.2000,5112.6000,5116.4000,5116.6000,5117.8000,5118.6000,5119.0000,1,1,1,2,3,1,1,2,1,8
SF,IC2006,2019-12-18 09:30:23.700,5116.4000,28579,0,77708200.000,1,0,1,多换,S,5114.4000,5114.0000,5113.4000,5113.2000,5112.6000,5116.6000,5117.8000,5118.6000,5119.0000,5120.0000,1,1,1,2,3,1,2,1,8,3
SF,IC2006,2019-12-18 09:30:24.200,5116.4000,28579,0,77708200.000,0,-,-,-,-,5114.6000,5114.4000,5114.0000,5113.4000,5113.2000,5116.4000,5116.6000,5117.8000,5118.6000,5119.0000,1,1,1,1,2,1,1,2,2,8
SF,IC2006,2019-12-18 09:30:24.700,5114.8000,28578,-1,78731160.000,1,0,1,双平,S,5116.4000,5114.6000,5114.4000,5114.0000,5113.4000,5116.6000,5117.8000,5118.6000,5119.0000,5120.0000,1,2,1,1,1,1,2,2,8,3
SF,IC2006,2019-12-18 09:30:25.200,5116.6000,28577,-1,79754480.000,1,0,1,双平,S,5116.6000,5116.4000,5114.6000,5114.4000,5114.0000,5117.8000,5118.6000,5119.0000,5120.0000,5123.2000,1,1,2,1,1,2,2,8,3,1
SF,IC2006,2019-12-18 09:30:25.700,5116.4000,28578,1,81801080.000,2,1,1,空开,S,5114.6000,5114.4000,5114.0000,5113.4000,5113.2000,5117.8000,5118.6000,5119.0000,5120.0000,5123.2000,2,1,1,1,2,1,2,8,3,1
SF,IC2006,2019-12-18 09:30:26.200,5116.4000,28578,0,81801080.000,0,-,-,-,-,5116.8000,5114.6000,5114.0000,5113.4000,5113.2000,5117.8000,5118.6000,5119.0000,5120.0000,5123.2000,2,2,1,1,2,1,2,8,3,1
SF,IC2006,2019-12-18 09:30:26.700,5117.6000,28578,0,82824600.000,1,0,1,多换,S,5116.8000,5116.6000,5114.6000,5114.0000,5113.4000,5117.8000,5118.6000,5119.0000,5120.0000,5123.2000,2,2,1,1,1,1,2,8,3,1
SF,IC2006,2019-12-18 09:30:27.700,5117.8000,28578,0,83848160.000,1,0,1,多换,S,5116.8000,5116.6000,5114.6000,5114.0000,5113.4000,5118.6000,5119.0000,5120.0000,5123.2000,5124.0000,2,2,1,1,1,2,8,3,1,4
SF,IC2006,2019-12-18 09:30:28.200,5117.8000,28578,0,83848160.000,0,-,-,-,-,5117.0000,5116.8000,5116.6000,5114.6000,5114.0000,5118.4000,5118.6000,5119.0000,5120.0000,5123.2000,1,2,2,1,1,1,2,8,3,1
SF,IC2006,2019-12-18 09:30:28.700,5117.8000,28578,0,83848160.000,0,-,-,-,-,5116.8000,5116.6000,5114.6000,5114.0000,5113.4000,5118.4000,5118.6000,5119.0000,5120.0000,5123.2000,2,2,1,1,1,1,2,8,3,1
SF,IC2006,2019-12-18 09:30:29.200,5117.8000,28578,0,83848160.000,0,-,-,-,-,5117.0000,5116.8000,5116.6000,5114.0000,5113.4000,5118.6000,5119.0000,5120.0000,5123.2000,5124.0000,1,2,2,1,1,2,8,3,1,4
SF,IC2006,2019-12-18 09:30:29.700,5117.8000,28578,0,83848160.000,0,-,-,-,-,5117.2000,5117.0000,5116.8000,5116.6000,5114.0000,5118.6000,5119.0000,5120.0000,5123.2000,5124.0000,1,1,2,2,1,2,8,3,1,4
SF,IC2006,2019-12-18 09:30:30.200,5118.6000,28580,2,85895600.000,2,2,0,双开,S,5118.6000,5118.4000,5117.2000,5117.0000,5116.8000,5119.0000,5120.0000,5123.2000,5124.0000,5130.0000,2,3,2,1,2,8,3,1,4,5
SF,IC2006,2019-12-18 09:30:30.700,5119.0000,28579,-1,89990800.000,4,1,3,多平,S,5118.8000,5118.6000,5118.4000,5117.2000,5117.0000,5119.0000,5120.0000,5123.2000,5124.0000,5130.0000,1,2,3,1,1,4,3,1,4,5
SF,IC2006,2019-12-18 09:30:31.200,5118.8000,28578,-1,91014560.000,1,0,1,双平,S,5118.6000,5118.4000,5117.2000,5116.8000,5116.6000,5119.0000,5120.0000,5123.2000,5124.0000,5130.0000,2,4,1,2,2,4,3,1,4,5
SF,IC2006,2019-12-18 09:30:31.700,5119.0000,28574,-4,95109760.000,4,0,4,双平,S,5118.8000,5118.6000,5118.4000,5117.2000,5116.8000,5120.0000,5123.2000,5124.0000,5130.0000,5131.2000,1,2,4,1,2,3,1,4,5,5
SF,IC2006,2019-12-18 09:30:32.200,5119.0000,28574,0,95109760.000,0,-,-,-,-,5118.8000,5118.6000,5118.4000,5117.2000,5116.8000,5120.0000,5123.2000,5124.0000,5130.0000,5131.2000,1,2,4,1,2,4,1,4,5,5
SF,IC2006,2019-12-18 09:30:32.700,5119.0000,28574,0,95109760.000,0,-,-,-,-,5118.6000,5118.4000,5117.2000,5116.8000,5116.6000,5120.0000,5123.2000,5124.0000,5130.0000,5131.2000,2,4,1,2,2,4,1,4,5,5
SF,IC2006,2019-12-18 09:30:33.200,5119.0000,28574,0,95109760.000,0,-,-,-,-,5118.6000,5118.4000,5117.2000,5116.8000,5116.6000,5120.0000,5123.2000,5124.0000,5130.0000,5131.2000,2,4,1,2,2,4,1,4,5,5
SF,IC2006,2019-12-18 09:30:33.700,5120.0000,28571,-3,99205480.000,4,0,4,多平,S,5120.0000,5118.6000,5118.4000,5117.2000,5116.8000,5123.2000,5124.0000,5130.0000,5131.2000,5135.0000,1,1,4,1,2,1,4,5,5,2
SF,IC2006,2019-12-18 09:30:34.200,5120.0000,28570,-1,104325480.000,5,2,3,多平,S,5118.6000,5118.4000,5117.2000,5116.8000,5116.4000,5121.2000,5123.0000,5123.2000,5124.0000,5130.0000,1,4,1,2,1,1,2,1,4,5
SF,IC2006,2019-12-18 09:30:34.700,5120.0000,28570,0,104325480.000,0,-,-,-,-,5118.6000,5118.4000,5117.2000,5116.8000,5116.4000,5120.0000,5121.0000,5121.2000,5123.0000,5123.2000,1,4,1,2,1,1,1,1,2,1
SF,IC2006,2019-12-18 09:30:35.200,5120.0000,28570,0,105349480.000,1,0,1,多换,S,5118.8000,5118.6000,5118.4000,5117.2000,5116.8000,5120.0000,5121.2000,5123.0000,5123.2000,5124.0000,2,1,4,1,2,1,1,1,1,4
SF,IC2006,2019-12-18 09:30:35.700,5118.4000,28567,-3,109444400.000,4,0,4,多平,S,5118.4000,5117.2000,5116.8000,5116.4000,5116.2000,5119.8000,5121.2000,5123.0000,5123.2000,5124.0000,3,1,2,1,1,1,1,1,1,4
SF,IC2006,2019-12-18 09:30:36.200,5119.8000,28565,-2,112515720.000,3,0,3,多平,S,5118.4000,5117.2000,5116.8000,5116.4000,5116.2000,5121.2000,5123.0000,5123.2000,5124.0000,5130.0000,1,1,2,1,1,1,1,1,4,5
SF,IC2006,2019-12-18 09:30:36.700,5119.8000,28565,0,112515720.000,0,-,-,-,-,5118.4000,5117.2000,5116.8000,5116.4000,5116.2000,5119.4000,5119.8000,5121.0000,5123.2000,5124.0000,1,1,2,1,1,1,1,2,1,4
SF,IC2006,2019-12-18 09:30:37.200,5118.4000,28564,-1,113539400.000,1,0,1,双平,S,5117.2000,5116.8000,5116.2000,5114.0000,5113.4000,5118.6000,5119.4000,5119.8000,5121.0000,5123.2000,1,2,1,1,1,1,1,1,1,1
SF,IC2006,2019-12-18 09:30:37.700,5118.4000,28564,0,113539400.000,0,-,-,-,-,5117.2000,5116.2000,5114.0000,5113.4000,5113.2000,5118.2000,5118.6000,5119.8000,5121.0000,5123.2000,1,1,1,1,2,2,1,1,1,1
SF,IC2006,2019-12-18 09:30:38.200,5119.8000,28558,-6,119681800.000,6,0,6,双平,S,5117.2000,5116.8000,5116.2000,5114.0000,5113.4000,5118.4000,5121.0000,5123.2000,5124.0000,5124.6000,1,2,1,1,1,2,1,1,4,1
SF,IC2006,2019-12-18 09:30:38.700,5118.6000,28558,0,120705520.000,1,0,1,多换,S,5117.2000,5116.8000,5116.2000,5114.0000,5113.4000,5118.4000,5121.0000,5123.2000,5124.0000,5124.6000,1,2,1,1,1,1,1,1,4,1
SF,IC2006,2019-12-18 09:30:39.200,5118.6000,28558,0,120705520.000,0,-,-,-,-,5117.2000,5116.8000,5116.2000,5114.0000,5113.4000,5118.4000,5121.0000,5123.2000,5124.0000,5124.6000,1,2,1,1,1,1,1,1,4,1
SF,IC2006,2019-12-18 09:30:39.700,5118.6000,28558,0,120705520.000,0,-,-,-,-,5117.2000,5116.8000,5116.2000,5114.0000,5113.4000,5118.2000,5118.4000,5121.0000,5123.2000,5124.0000,1,2,1,1,1,1,1,1,1,4
SF,IC2006,2019-12-18 09:30:40.200,5118.4000,28557,-1,122752880.000,2,0,2,多平,S,5118.6000,5117.2000,5116.8000,5116.2000,5114.0000,5121.0000,5123.2000,5124.0000,5124.6000,5130.0000,1,2,2,1,1,1,1,4,1,5
SF,IC2006,2019-12-18 09:30:40.700,5118.4000,28557,0,122752880.000,0,-,-,-,-,5118.6000,5118.2000,5117.2000,5116.8000,5116.2000,5120.0000,5120.8000,5121.0000,5123.2000,5124.0000,1,1,2,2,1,2,1,1,1,4
SF,IC2006,2019-12-18 09:30:41.200,5118.4000,28557,0,122752880.000,0,-,-,-,-,5118.6000,5118.2000,5117.2000,5116.8000,5116.2000,5119.8000,5120.0000,5121.0000,5123.2000,5124.0000,1,1,2,2,1,1,2,1,1,4
SF,IC2006,2019-12-18 09:30:42.200,5118.6000,28557,0,123776600.000,1,0,1,多换,S,5117.2000,5116.8000,5116.2000,5114.0000,5113.4000,5119.8000,5120.0000,5121.0000,5123.2000,5124.0000,2,2,1,1,1,1,2,1,1,4
SF,IC2006,2019-12-18 09:30:43.700,5118.6000,28557,0,123776600.000,0,-,-,-,-,5118.0000,5117.4000,5117.2000,5116.8000,5116.2000,5118.6000,5119.8000,5120.0000,5121.0000,5123.2000,1,1,2,2,1,7,1,2,1,1
SF,IC2006,2019-12-18 09:30:44.200,5118.6000,28557,0,124800320.000,1,0,1,多换,S,5118.0000,5117.4000,5117.2000,5116.8000,5116.2000,5118.6000,5119.8000,5120.0000,5121.0000,5123.2000,1,1,2,2,1,7,1,2,1,1
SF,IC2006,2019-12-18 09:30:44.700,5118.6000,28557,0,124800320.000,0,-,-,-,-,5118.0000,5117.2000,5116.8000,5116.2000,5114.0000,5118.6000,5119.8000,5120.0000,5121.0000,5123.2000,1,2,2,1,1,7,1,2,1,1
SF,IC2006,2019-12-18 09:30:45.200,5118.6000,28557,0,124800320.000,0,-,-,-,-,5118.0000,5117.2000,5116.8000,5116.2000,5114.0000,5118.6000,5119.4000,5119.8000,5120.0000,5121.0000,1,2,2,1,1,7,1,1,2,1
SF,IC2006,2019-12-18 09:30:45.700,5118.0000,28557,0,125823920.000,1,0,1,多换,S,5117.2000,5116.8000,5116.2000,5114.0000,5113.4000,5118.0000,5118.6000,5119.4000,5119.8000,5120.0000,2,2,1,1,1,1,7,1,1,2
SF,IC2006,2019-12-18 09:30:46.200,5118.0000,28557,0,125823920.000,0,-,-,-,-,5117.4000,5117.2000,5116.8000,5116.2000,5114.0000,5118.0000,5118.6000,5119.4000,5119.8000,5120.0000,5,2,2,1,1,1,7,1,1,2
SF,IC2006,2019-12-18 09:30:46.700,5117.8000,28557,0,130941400.000,5,2,3,多换,S,5117.4000,5117.2000,5116.8000,5116.2000,5114.0000,5118.0000,5118.6000,5119.4000,5119.8000,5120.0000,1,2,2,1,1,1,7,1,1,2
SF,IC2006,2019-12-18 09:30:47.200,5117.4000,28557,0,131964880.000,1,0,1,多换,S,5117.2000,5116.8000,5116.2000,5114.0000,5113.4000,5118.0000,5118.6000,5119.4000,5119.8000,5120.0000,1,2,1,1,1,1,7,1,1,2
SF,IC2006,2019-12-18 09:30:47.700,5117.4000,28557,0,131964880.000,0,-,-,-,-,5117.2000,5116.8000,5116.2000,5114.0000,5113.4000,5118.0000,5118.6000,5119.4000,5119.8000,5120.0000,1,2,1,1,1,1,7,1,1,2
SF,IC2006,2019-12-18 09:30:48.200,5118.0000,28557,0,132988480.000,1,0,1,多换,S,5117.2000,5116.8000,5116.2000,5114.0000,5113.4000,5118.6000,5119.4000,5119.8000,5120.0000,5121.0000,1,2,1,1,1,7,1,1,2,1
SF,IC2006,2019-12-18 09:30:48.700,5118.0000,28557,0,132988480.000,0,-,-,-,-,5117.4000,5117.2000,5116.8000,5116.2000,5114.0000,5118.6000,5119.4000,5119.8000,5120.0000,5121.0000,1,1,2,1,1,7,1,1,2,1
SF,IC2006,2019-12-18 09:30:49.200,5118.6000,28558,1,135035920.000,2,1,1,空开,S,5117.4000,5117.2000,5116.8000,5116.2000,5113.4000,5118.6000,5119.4000,5119.8000,5120.0000,5121.0000,1,1,2,1,1,5,1,1,2,1
SF,IC2006,2019-12-18 09:30:49.700,5117.4000,28557,-1,138106840.000,3,1,2,多平,S,5117.2000,5116.8000,5116.2000,5113.4000,5113.2000,5118.6000,5119.4000,5119.8000,5120.0000,5121.0000,1,2,1,1,2,3,1,1,2,1
SF,IC2006,2019-12-18 09:30:50.200,5117.4000,28557,0,138106840.000,0,-,-,-,-,5117.2000,5117.0000,5116.8000,5116.2000,5113.4000,5118.6000,5119.4000,5119.8000,5120.0000,5121.0000,1,1,2,1,1,3,1,1,2,1
SF,IC2006,2019-12-18 09:30:50.700,5118.6000,28558,1,139130560.000,1,1,0,双开,S,5117.2000,5117.0000,5116.8000,5113.4000,5113.2000,5118.6000,5119.4000,5119.8000,5120.0000,5121.0000,2,1,2,1,2,2,1,1,2,1
SF,IC2006,2019-12-18 09:30:51.700,5118.6000,28558,0,140154280.000,1,0,1,多换,S,5117.2000,5117.0000,5116.8000,5113.4000,5113.2000,5118.6000,5119.4000,5119.8000,5120.0000,5121.0000,2,1,2,1,2,1,1,1,2,1
SF,IC2006,2019-12-18 09:30:52.200,5118.6000,28558,0,140154280.000,0,-,-,-,-,5118.0000,5117.2000,5117.0000,5116.8000,5113.4000,5118.6000,5119.4000,5119.8000,5120.0000,5121.0000,1,2,1,2,1,1,1,1,2,1
SF,IC2006,2019-12-18 09:30:52.700,5118.6000,28558,0,141178000.000,1,0,1,多换,S,5118.6000,5118.0000,5117.2000,5117.0000,5116.8000,5119.4000,5120.0000,5121.0000,5123.2000,5124.0000,5,1,2,1,2,1,2,1,1,3
SF,IC2006,2019-12-18 09:30:53.200,5119.4000,28557,-1,142201880.000,1,0,1,双平,S,5118.6000,5118.0000,5117.2000,5117.0000,5116.8000,5120.0000,5121.0000,5123.2000,5124.0000,5124.6000,5,1,3,1,2,2,1,1,3,1
SF,IC2006,2019-12-18 09:30:53.700,5118.8000,28554,-3,145273160.000,3,0,3,双平,S,5118.6000,5118.0000,5117.2000,5117.0000,5116.8000,5120.0000,5123.2000,5124.0000,5124.6000,5130.0000,6,1,2,1,2,2,1,3,1,5
SF,IC2006,2019-12-18 09:30:54.200,5118.8000,28554,0,145273160.000,0,-,-,-,-,5118.6000,5118.0000,5117.2000,5117.0000,5116.8000,5120.0000,5123.2000,5124.0000,5124.6000,5130.0000,6,1,2,1,2,2,1,3,1,5
SF,IC2006,2019-12-18 09:30:54.700,5118.8000,28554,0,145273160.000,0,-,-,-,-,5118.6000,5118.0000,5117.2000,5117.0000,5116.8000,5120.0000,5123.2000,5124.0000,5124.6000,5130.0000,6,2,2,1,2,2,1,3,1,5
SF,IC2006,2019-12-18 09:30:56.200,5118.6000,28554,0,146296880.000,1,0,1,多换,S,5118.6000,5118.0000,5117.2000,5117.0000,5116.8000,5120.0000,5123.2000,5124.0000,5124.6000,5130.0000,5,2,2,1,2,2,1,3,1,5
SF,IC2006,2019-12-18 09:30:57.700,5118.6000,28554,0,146296880.000,0,-,-,-,-,5118.6000,5118.0000,5117.2000,5117.0000,5116.8000,5120.0000,5123.2000,5124.0000,5124.6000,5130.0000,5,2,3,1,2,2,1,3,1,5
SF,IC2006,2019-12-18 09:30:59.200,5118.6000,28554,0,148344320.000,2,1,1,多换,S,5118.6000,5118.0000,5117.2000,5117.0000,5116.8000,5120.0000,5123.2000,5124.0000,5124.6000,5130.0000,3,2,3,1,2,2,1,3,1,5
SF,IC2006,2019-12-18 09:31:00.200,5118.6000,28554,0,148344320.000,0,-,-,-,-,5118.6000,5118.0000,5117.2000,5117.0000,5116.8000,5120.0000,5123.2000,5124.0000,5124.6000,5130.0000,3,2,2,1,2,2,1,3,1,5
SF,IC2006,2019-12-18 09:31:00.700,5120.0000,28552,-2,150392320.000,2,0,2,双平,S,5120.0000,5118.6000,5118.0000,5117.2000,5117.0000,5123.2000,5124.0000,5124.6000,5130.0000,5131.2000,3,4,2,2,1,1,3,1,5,5
SF,IC2006,2019-12-18 09:31:01.200,5120.0000,28552,0,150392320.000,0,-,-,-,-,5120.0000,5118.6000,5118.0000,5117.2000,5117.0000,5121.6000,5122.2000,5123.0000,5123.2000,5124.0000,3,4,2,2,1,1,2,1,1,3
SF,IC2006,2019-12-18 09:31:01.700,5120.0000,28552,0,150392320.000,0,-,-,-,-,5120.0000,5118.6000,5118.4000,5118.0000,5117.2000,5121.6000,5122.2000,5123.0000,5123.2000,5124.0000,3,4,1,2,2,1,2,1,1,3
SF,IC2006,2019-12-18 09:31:02.200,5120.0000,28552,0,150392320.000,0,-,-,-,-,5120.0000,5119.0000,5118.6000,5118.4000,5118.0000,5121.4000,5121.6000,5122.2000,5123.0000,5123.2000,3,1,5,1,2,2,1,2,1,1
SF,IC2006,2019-12-18 09:31:02.700,5120.0000,28552,0,150392320.000,0,-,-,-,-,5120.0000,5119.0000,5118.6000,5118.4000,5118.0000,5121.4000,5121.6000,5122.2000,5123.0000,5123.2000,3,1,5,1,2,2,1,2,1,1
SF,IC2006,2019-12-18 09:31:03.200,5120.0000,28552,0,150392320.000,0,-,-,-,-,5120.2000,5120.0000,5119.0000,5118.6000,5118.4000,5121.4000,5121.6000,5122.2000,5123.0000,5123.2000,1,3,1,4,1,2,1,2,1,1
SF,IC2006,2019-12-18 09:31:03.700,5120.0000,28552,0,150392320.000,0,-,-,-,-,5120.2000,5120.0000,5119.0000,5118.6000,5118.4000,5121.4000,5122.2000,5123.2000,5124.0000,5124.6000,1,3,1,4,1,2,2,1,3,1
SF,IC2006,2019-12-18 09:31:04.200,5120.0000,28552,0,150392320.000,0,-,-,-,-,5120.2000,5120.0000,5119.0000,5118.6000,5118.4000,5121.4000,5122.2000,5123.2000,5124.0000,5124.6000,1,3,1,4,1,2,2,1,3,1
SF,IC2006,2019-12-18 09:31:04.700,5121.4000,28550,-2,152440880.000,2,0,2,双平,S,5120.0000,5119.0000,5118.6000,5118.4000,5118.0000,5122.2000,5123.2000,5124.0000,5124.6000,5130.0000,3,1,4,1,2,2,1,3,1,5
SF,IC2006,2019-12-18 09:31:05.200,5122.2000,28550,0,153465320.000,1,0,1,多换,S,5120.2000,5120.0000,5119.0000,5118.6000,5118.4000,5122.2000,5123.2000,5124.0000,5124.6000,5130.0000,1,3,1,4,1,1,1,3,1,5
SF,IC2006,2019-12-18 09:31:05.700,5122.2000,28550,0,153465320.000,0,-,-,-,-,5120.2000,5120.0000,5119.0000,5118.6000,5118.4000,5122.2000,5123.2000,5124.0000,5124.6000,5130.0000,1,3,1,4,1,1,1,3,1,5
SF,IC2006,2019-12-18 09:31:06.700,5122.2000,28550,0,153465320.000,0,-,-,-,-,5120.2000,5120.0000,5119.0000,5118.6000,5118.4000,5122.2000,5123.2000,5124.0000,5124.6000,5130.0000,1,3,1,4,1,1,1,3,1,5
SF,IC2006,2019-12-18 09:31:07.200,5122.2000,28550,0,154489760.000,1,0,1,多换,S,5120.4000,5120.2000,5120.0000,5119.0000,5118.6000,5123.2000,5124.0000,5124.6000,5130.0000,5131.2000,1,1,3,1,4,1,3,1,5,5
SF,IC2006,2019-12-18 09:31:07.700,5122.2000,28550,0,154489760.000,0,-,-,-,-,5120.6000,5120.4000,5120.0000,5119.0000,5118.6000,5123.2000,5124.0000,5124.6000,5130.0000,5131.2000,1,1,3,1,4,1,3,1,5,5
SF,IC2006,2019-12-18 09:31:08.200,5122.2000,28550,0,154489760.000,0,-,-,-,-,5120.6000,5120.0000,5119.0000,5118.6000,5118.4000,5123.2000,5124.0000,5124.6000,5130.0000,5131.2000,1,3,1,4,1,1,3,1,5,5
SF,IC2006,2019-12-18 09:31:08.700,5122.2000,28550,0,154489760.000,0,-,-,-,-,5120.8000,5120.6000,5120.0000,5119.0000,5118.6000,5123.0000,5123.2000,5124.0000,5124.6000,5130.0000,1,1,3,1,4,1,1,3,1,5
SF,IC2006,2019-12-18 09:31:09.200,5122.2000,28550,0,154489760.000,0,-,-,-,-,5121.0000,5120.8000,5120.0000,5119.0000,5118.6000,5123.0000,5123.2000,5124.0000,5124.6000,5130.0000,1,2,3,1,4,1,1,3,1,5
SF,IC2006,2019-12-18 09:31:09.700,5123.0000,28549,-1,155514360.000,1,0,1,双平,S,5121.0000,5120.8000,5120.0000,5119.0000,5118.6000,5123.2000,5124.0000,5124.6000,5130.0000,5131.2000,1,2,3,1,3,1,3,1,5,5
SF,IC2006,2019-12-18 09:31:10.200,5123.0000,28548,-1,156538960.000,1,0,1,双平,S,5121.0000,5120.0000,5119.0000,5118.6000,5118.4000,5123.2000,5124.0000,5124.6000,5130.0000,5131.2000,1,3,1,3,1,1,3,1,5,5
SF,IC2006,2019-12-18 09:31:10.700,5123.0000,28548,0,156538960.000,0,-,-,-,-,5121.2000,5121.0000,5120.0000,5119.0000,5118.6000,5123.2000,5124.0000,5124.6000,5130.0000,5131.2000,1,1,3,1,3,1,3,1,5,5
SF,IC2006,2019-12-18 09:31:11.200,5123.0000,28548,0,156538960.000,0,-,-,-,-,5121.4000,5121.2000,5120.0000,5119.0000,5118.6000,5123.0000,5123.2000,5124.0000,5124.6000,5130.0000,1,1,3,1,3,1,1,3,1,5
SF,IC2006,2019-12-18 09:31:12.200,5123.0000,28548,0,156538960.000,0,-,-,-,-,5121.4000,5120.0000,5119.0000,5118.6000,5118.4000,5123.0000,5123.2000,5124.0000,5124.6000,5130.0000,1,3,1,3,1,1,1,3,1,5
SF,IC2006,2019-12-18 09:31:13.700,5123.0000,28548,0,156538960.000,0,-,-,-,-,5121.4000,5121.2000,5120.0000,5119.0000,5118.6000,5123.0000,5123.2000,5124.0000,5124.6000,5130.0000,1,1,3,1,3,1,1,3,1,5
SF,IC2006,2019-12-18 09:31:14.200,5123.0000,28548,0,156538960.000,0,-,-,-,-,5122.0000,5121.4000,5121.2000,5120.0000,5119.0000,5123.0000,5123.2000,5124.0000,5124.6000,5130.0000,5,3,1,3,1,1,1,3,1,5
SF,IC2006,2019-12-18 09:31:15.200,5123.2000,28546,-2,158588200.000,2,0,2,双平,S,5122.0000,5121.4000,5121.2000,5120.0000,5119.0000,5124.0000,5124.6000,5130.0000,5131.2000,5135.0000,5,3,1,3,1,3,1,5,5,2
SF,IC2006,2019-12-18 09:31:15.700,5124.0000,28545,-1,159613000.000,1,0,1,双平,S,5123.4000,5122.2000,5122.0000,5121.4000,5121.2000,5124.0000,5124.6000,5130.0000,5131.2000,5135.0000,1,2,5,2,1,2,1,5,5,2
SF,IC2006,2019-12-18 09:31:16.200,5124.0000,28544,-1,160637800.000,1,0,1,双平,S,5122.2000,5122.0000,5121.4000,5121.2000,5120.0000,5124.0000,5124.6000,5130.0000,5131.2000,5135.0000,1,5,2,1,3,1,1,5,5,2
SF,IC2006,2019-12-18 09:31:16.700,5124.0000,28544,0,160637800.000,0,-,-,-,-,5123.4000,5122.4000,5122.2000,5122.0000,5121.4000,5124.0000,5124.6000,5130.0000,5131.2000,5135.0000,1,1,1,5,2,1,1,5,5,2
SF,IC2006,2019-12-18 09:31:17.200,5124.0000,28544,0,160637800.000,0,-,-,-,-,5123.4000,5122.4000,5122.2000,5122.0000,5121.4000,5124.0000,5124.6000,5130.0000,5131.2000,5135.0000,1,1,1,5,2,1,1,5,5,2
SF,IC2006,2019-12-18 09:31:17.700,5124.0000,28543,-1,161662600.000,1,0,1,双平,S,5123.4000,5122.0000,5121.4000,5121.2000,5120.0000,5124.6000,5130.0000,5131.2000,5135.0000,5139.0000,1,5,2,1,3,1,5,5,2,1
SF,IC2006,2019-12-18 09:31:18.200,5124.0000,28543,0,161662600.000,0,-,-,-,-,5123.4000,5122.0000,5121.4000,5121.2000,5120.0000,5124.6000,5130.0000,5131.2000,5135.0000,5139.0000,1,5,2,1,3,1,5,5,2,1
SF,IC2006,2019-12-18 09:31:18.700,5124.0000,28543,0,161662600.000,0,-,-,-,-,5124.0000,5123.4000,5122.0000,5121.4000,5121.2000,5124.6000,5130.0000,5131.2000,5135.0000,5139.0000,1,1,5,2,1,1,5,5,2,1
SF,IC2006,2019-12-18 09:31:19.200,5124.6000,28543,0,162687520.000,1,0,1,多换,S,5124.0000,5123.4000,5122.0000,5121.4000,5121.2000,5130.0000,5131.2000,5135.0000,5139.0000,5140.0000,1,1,5,2,1,5,5,2,1,5
SF,IC2006,2019-12-18 09:31:19.700,5124.0000,28543,0,163712320.000,1,0,1,多换,S,5123.4000,5122.0000,5121.4000,5121.2000,5120.0000,5129.8000,5130.0000,5131.2000,5135.0000,5139.0000,1,5,2,1,3,2,5,5,2,1
SF,IC2006,2019-12-18 09:31:20.200,5124.0000,28543,0,164737120.000,1,0,1,多换,S,5124.2000,5122.0000,5121.4000,5121.2000,5120.0000,5127.8000,5128.4000,5129.4000,5129.8000,5130.0000,1,5,2,1,3,2,3,1,2,7
SF,IC2006,2019-12-18 09:31:20.700,5124.2000,28542,-1,166786800.000,2,0,2,多平,S,5123.6000,5122.0000,5121.4000,5121.2000,5120.0000,5124.2000,5128.8000,5129.0000,5129.4000,5129.8000,1,5,2,1,3,1,1,1,1,1
SF,IC2006,2019-12-18 09:31:21.200,5123.6000,28542,0,167811520.000,1,0,1,多换,S,5122.0000,5121.4000,5121.2000,5120.0000,5119.0000,5127.4000,5128.8000,5129.0000,5129.4000,5130.0000,5,2,1,3,1,2,1,1,1,7
SF,IC2006,2019-12-18 09:31:21.700,5123.6000,28542,0,167811520.000,0,-,-,-,-,5122.0000,5121.4000,5121.2000,5120.0000,5119.0000,5127.2000,5127.4000,5128.8000,5129.0000,5129.4000,5,2,1,3,1,2,1,1,1,1
SF,IC2006,2019-12-18 09:31:22.200,5123.6000,28542,0,167811520.000,0,-,-,-,-,5122.2000,5122.0000,5121.4000,5121.2000,5120.0000,5126.2000,5126.8000,5127.2000,5127.4000,5128.8000,1,5,2,1,3,2,3,2,1,1
SF,IC2006,2019-12-18 09:31:22.700,5123.6000,28542,0,167811520.000,0,-,-,-,-,5122.0000,5121.4000,5121.2000,5120.0000,5119.0000,5126.0000,5127.2000,5127.4000,5127.6000,5128.8000,5,3,1,3,1,1,1,1,1,1
SF,IC2006,2019-12-18 09:31:23.200,5123.6000,28542,0,167811520.000,0,-,-,-,-,5122.4000,5122.2000,5122.0000,5121.4000,5121.2000,5126.0000,5127.6000,5128.8000,5129.0000,5129.4000,1,1,5,3,1,1,1,1,1,1
SF,IC2006,2019-12-18 09:31:23.700,5126.0000,28542,0,168836720.000,1,0,1,多换,S,5122.4000,5122.0000,5121.4000,5121.2000,5120.0000,5127.2000,5127.6000,5128.8000,5129.0000,5129.4000,1,5,3,1,3,1,1,1,1,1
SF,IC2006,2019-12-18 09:31:24.200,5126.0000,28542,0,168836720.000,0,-,-,-,-,5122.6000,5122.4000,5122.2000,5122.0000,5121.4000,5127.0000,5127.2000,5127.4000,5127.6000,5128.8000,1,1,1,5,3,2,1,1,1,1
SF,IC2006,2019-12-18 09:31:24.700,5126.4000,28541,-1,169862000.000,1,0,1,双平,S,5122.6000,5122.2000,5122.0000,5121.4000,5121.2000,5126.4000,5127.0000,5127.2000,5127.4000,5127.6000,1,1,5,3,1,1,5,1,1,1
SF,IC2006,2019-12-18 09:31:25.200,5126.4000,28541,0,169862000.000,0,-,-,-,-,5122.8000,5122.6000,5122.2000,5122.0000,5121.4000,5126.2000,5126.4000,5127.0000,5127.2000,5127.4000,1,1,1,5,3,1,1,1,1,1
SF,IC2006,2019-12-18 09:31:25.700,5122.8000,28540,-1,170886560.000,1,0,1,双平,S,5122.2000,5122.0000,5121.4000,5121.2000,5120.0000,5126.2000,5126.4000,5126.8000,5127.0000,5127.2000,1,5,3,1,3,2,1,1,1,1
SF,IC2006,2019-12-18 09:31:26.200,5122.8000,28540,0,170886560.000,0,-,-,-,-,5122.4000,5122.2000,5122.0000,5121.4000,5121.2000,5125.8000,5126.2000,5126.4000,5127.0000,5127.2000,1,1,5,3,1,1,1,1,1,1
SF,IC2006,2019-12-18 09:31:26.700,5122.8000,28540,0,170886560.000,0,-,-,-,-,5122.4000,5122.2000,5122.0000,5121.4000,5121.2000,5125.6000,5125.8000,5126.0000,5126.4000,5127.0000,1,1,5,3,1,1,1,4,1,1
SF,IC2006,2019-12-18 09:31:27.200,5122.8000,28540,0,170886560.000,0,-,-,-,-,5122.4000,5122.2000,5122.0000,5121.4000,5121.2000,5125.4000,5125.6000,5126.0000,5126.4000,5127.0000,1,1,5,3,1,1,1,3,1,1
SF,IC2006,2019-12-18 09:31:27.700,5122.8000,28540,0,170886560.000,0,-,-,-,-,5122.4000,5122.2000,5122.0000,5121.4000,5121.2000,5125.2000,5125.4000,5126.0000,5127.0000,5127.2000,1,1,5,3,1,1,3,2,1,1
SF,IC2006,2019-12-18 09:31:28.200,5125.2000,28539,-1,171911600.000,1,0,1,双平,S,5122.4000,5122.2000,5122.0000,5121.4000,5121.2000,5125.4000,5126.0000,5127.0000,5127.2000,5127.4000,1,1,5,3,1,2,1,1,1,1
SF,IC2006,2019-12-18 09:31:28.700,5125.2000,28539,0,171911600.000,0,-,-,-,-,5122.4000,5122.2000,5122.0000,5121.4000,5121.2000,5125.0000,5125.2000,5126.0000,5127.0000,5127.2000,1,1,5,3,1,2,1,1,1,1
SF,IC2006,2019-12-18 09:31:29.200,5126.0000,28535,-4,176011920.000,4,0,4,双平,S,5126.0000,5122.4000,5122.2000,5122.0000,5121.4000,5127.0000,5127.2000,5127.4000,5127.6000,5128.8000,1,1,1,6,3,1,1,1,1,1
SF,IC2006,2019-12-18 09:31:29.700,5126.0000,28534,-1,177037120.000,1,0,1,双平,S,5122.6000,5122.4000,5122.2000,5122.0000,5121.4000,5125.0000,5126.0000,5126.8000,5127.0000,5127.2000,1,1,1,6,3,1,1,1,1,1
SF,IC2006,2019-12-18 09:31:30.200,5126.0000,28534,0,177037120.000,0,-,-,-,-,5122.8000,5122.6000,5122.2000,5122.0000,5121.4000,5125.0000,5126.0000,5126.6000,5126.8000,5127.0000,1,1,1,6,3,1,1,3,1,1
SF,IC2006,2019-12-18 09:31:30.700,5126.0000,28534,0,177037120.000,0,-,-,-,-,5123.0000,5122.8000,5122.6000,5122.2000,5122.0000,5125.0000,5127.0000,5127.2000,5127.4000,5127.6000,1,2,1,1,6,1,1,1,1,1
SF,IC2006,2019-12-18 09:31:31.200,5125.0000,28534,0,178062120.000,1,0,1,多换,S,5125.0000,5123.0000,5122.8000,5122.6000,5122.2000,5127.2000,5127.6000,5128.8000,5129.0000,5129.4000,1,1,1,1,1,1,1,1,1,1
SF,IC2006,2019-12-18 09:31:31.700,5125.0000,28534,0,178062120.000,0,-,-,-,-,5125.0000,5123.0000,5122.8000,5122.2000,5122.0000,5127.0000,5127.2000,5127.6000,5128.8000,5129.0000,2,1,1,1,6,1,1,1,1,1
SF,IC2006,2019-12-18 09:31:32.200,5125.0000,28534,0,178062120.000,0,-,-,-,-,5125.0000,5123.6000,5122.8000,5122.2000,5122.0000,5126.8000,5127.0000,5127.2000,5127.6000,5128.8000,2,1,1,1,6,2,1,1,1,1
SF,IC2006,2019-12-18 09:31:33.200,5127.2000,28535,1,181138240.000,3,2,1,空开,S,5125.0000,5123.6000,5122.8000,5122.2000,5122.0000,5126.6000,5127.6000,5128.8000,5129.0000,5129.4000,1,1,1,1,6,1,1,1,1,1
SF,IC2006,2019-12-18 09:31:33.700,5125.0000,28535,0,182163240.000,1,0,1,多换,S,5125.0000,5123.6000,5122.8000,5122.2000,5122.0000,5125.8000,5126.6000,5127.6000,5128.8000,5129.0000,1,1,1,1,6,2,1,1,1,1
SF,IC2006,2019-12-18 09:31:34.200,5125.0000,28535,0,182163240.000,0,-,-,-,-,5125.0000,5123.6000,5122.8000,5122.2000,5122.0000,5126.6000,5127.6000,5128.8000,5129.0000,5129.2000,1,1,1,1,6,1,1,1,1,1
SF,IC2006,2019-12-18 09:31:34.700,5125.0000,28535,0,182163240.000,0,-,-,-,-,5125.0000,5123.6000,5122.8000,5122.2000,5122.0000,5126.6000,5127.6000,5128.6000,5128.8000,5129.0000,1,1,1,1,6,1,1,1,1,1
SF,IC2006,2019-12-18 09:31:35.200,5125.0000,28535,0,182163240.000,0,-,-,-,-,5125.0000,5123.6000,5122.8000,5122.2000,5122.0000,5125.6000,5126.6000,5127.6000,5128.6000,5128.8000,1,1,1,1,6,1,1,1,1,1
SF,IC2006,2019-12-18 09:31:35.700,5125.6000,28535,0,183188360.000,1,0,1,多换,S,5123.6000,5122.8000,5122.2000,5122.0000,5121.4000,5126.6000,5127.6000,5128.6000,5128.8000,5129.0000,1,1,1,6,3,1,1,1,1,1
SF,IC2006,2019-12-18 09:31:36.200,5125.6000,28535,0,183188360.000,0,-,-,-,-,5125.6000,5125.0000,5123.8000,5123.6000,5122.8000,5126.6000,5127.6000,5128.6000,5128.8000,5129.0000,1,1,2,1,1,1,1,1,1,1
SF,IC2006,2019-12-18 09:31:36.700,5126.4000,28534,-1,184213640.000,1,0,1,双平,S,5125.8000,5125.6000,5125.0000,5123.8000,5123.6000,5126.6000,5127.6000,5128.6000,5128.8000,5129.0000,1,1,1,1,1,1,1,1,1,1
SF,IC2006,2019-12-18 09:31:37.200,5126.6000,28533,-1,185238960.000,1,0,1,双平,S,5126.6000,5125.6000,5125.0000,5123.8000,5123.6000,5127.6000,5128.6000,5128.8000,5129.2000,5129.4000,1,1,1,1,1,1,1,1,1,1
SF,IC2006,2019-12-18 09:31:37.700,5126.6000,28533,0,185238960.000,0,-,-,-,-,5125.6000,5125.0000,5123.6000,5122.8000,5122.2000,5125.8000,5127.6000,5128.8000,5129.2000,5129.4000,1,1,1,1,1,1,1,1,1,1
SF,IC2006,2019-12-18 09:31:38.200,5125.8000,28532,-1,186264120.000,1,0,1,双平,S,5125.8000,5125.6000,5125.0000,5123.6000,5122.8000,5127.6000,5128.8000,5129.4000,5130.0000,5131.2000,1,1,1,1,1,3,1,1,9,5
SF,IC2006,2019-12-18 09:31:38.700,5125.8000,28532,0,186264120.000,0,-,-,-,-,5126.0000,5125.8000,5125.6000,5125.0000,5123.6000,5127.6000,5128.8000,5129.4000,5130.0000,5131.2000,2,1,1,1,1,1,1,1,9,5
SF,IC2006,2019-12-18 09:31:39.200,5125.8000,28532,0,186264120.000,0,-,-,-,-,5126.6000,5126.0000,5125.8000,5125.6000,5125.0000,5127.0000,5127.6000,5128.8000,5129.4000,5130.0000,1,2,1,1,1,2,1,1,1,9
SF,IC2006,2019-12-18 09:31:39.700,5126.4000,28532,0,187289400.000,1,0,1,多换,S,5126.0000,5125.8000,5125.6000,5125.0000,5123.6000,5127.0000,5127.6000,5128.8000,5129.4000,5130.0000,2,1,1,1,1,2,1,1,1,9
SF,IC2006,2019-12-18 09:31:40.200,5126.4000,28532,0,187289400.000,0,-,-,-,-,5126.0000,5125.8000,5125.6000,5125.0000,5123.6000,5127.6000,5128.8000,5129.4000,5130.0000,5131.2000,2,1,1,1,1,1,1,1,7,5
SF,IC2006,2019-12-18 09:31:40.700,5126.4000,28532,0,187289400.000,0,-,-,-,-,5126.0000,5125.8000,5125.6000,5125.0000,5123.6000,5127.6000,5128.8000,5129.4000,5130.0000,5130.6000,2,1,1,1,1,1,1,1,7,1
SF,IC2006,2019-12-18 09:31:41.200,5126.4000,28532,0,187289400.000,0,-,-,-,-,5126.0000,5125.8000,5125.6000,5125.0000,5123.6000,5127.6000,5128.8000,5129.4000,5130.0000,5130.6000,2,1,1,1,1,1,1,1,7,1
SF,IC2006,2019-12-18 09:31:42.200,5126.4000,28532,0,187289400.000,0,-,-,-,-,5126.0000,5125.8000,5125.6000,5125.0000,5123.6000,5126.8000,5127.6000,5128.8000,5129.4000,5130.0000,2,1,1,1,1,2,1,1,1,7
SF,IC2006,2019-12-18 09:31:42.700,5126.8000,28530,-2,189340120.000,2,0,2,双平,S,5126.0000,5125.6000,5125.0000,5123.6000,5122.8000,5127.6000,5128.4000,5128.8000,5129.4000,5130.0000,1,1,1,1,1,1,1,1,1,7
SF,IC2006,2019-12-18 09:31:43.200,5126.8000,28530,0,189340120.000,0,-,-,-,-,5126.2000,5126.0000,5125.6000,5125.0000,5123.6000,5127.6000,5128.4000,5128.8000,5129.4000,5130.0000,1,1,1,1,1,1,1,1,1,7
SF,IC2006,2019-12-18 09:31:43.700,5126.8000,28530,0,189340120.000,0,-,-,-,-,5126.2000,5126.0000,5125.6000,5125.0000,5123.6000,5127.6000,5128.4000,5128.8000,5129.4000,5130.0000,2,1,1,1,1,1,1,1,1,7
SF,IC2006,2019-12-18 09:31:44.200,5127.6000,28529,-1,190365640.000,1,0,1,双平,S,5126.2000,5126.0000,5125.6000,5125.0000,5123.6000,5128.4000,5128.8000,5130.0000,5130.6000,5135.0000,1,1,1,1,1,1,1,7,1,2
SF,IC2006,2019-12-18 09:31:44.700,5127.6000,28529,0,190365640.000,0,-,-,-,-,5126.4000,5126.2000,5126.0000,5125.6000,5125.0000,5128.8000,5130.0000,5132.2000,5135.0000,5136.0000,1,1,1,1,6,1,7,1,2,5
SF,IC2006,2019-12-18 09:31:45.200,5127.6000,28529,0,190365640.000,0,-,-,-,-,5126.4000,5126.2000,5126.0000,5125.6000,5125.0000,5128.8000,5130.0000,5131.0000,5135.0000,5136.0000,1,1,1,1,6,1,7,1,2,5
SF,IC2006,2019-12-18 09:31:46.700,5127.6000,28529,0,190365640.000,0,-,-,-,-,5126.4000,5126.2000,5126.0000,5125.6000,5125.0000,5128.6000,5128.8000,5130.0000,5131.0000,5135.0000,1,1,1,1,6,1,1,7,1,2
SF,IC2006,2019-12-18 09:31:47.200,5127.6000,28529,0,190365640.000,0,-,-,-,-,5126.6000,5126.4000,5126.2000,5126.0000,5125.6000,5128.6000,5128.8000,5130.0000,5131.0000,5135.0000,1,1,1,1,1,1,1,7,1,2
SF,IC2006,2019-12-18 09:31:47.700,5127.6000,28529,0,190365640.000,0,-,-,-,-,5126.8000,5126.6000,5126.2000,5126.0000,5125.6000,5128.6000,5128.8000,5130.0000,5131.0000,5135.0000,1,1,1,2,1,1,1,7,1,2
SF,IC2006,2019-12-18 09:31:48.200,5128.8000,28529,0,192417120.000,2,1,1,多换,S,5126.8000,5126.6000,5126.2000,5126.0000,5125.6000,5130.0000,5131.0000,5135.0000,5136.0000,5139.0000,1,1,1,2,1,7,1,2,5,1
SF,IC2006,2019-12-18 09:31:48.700,5128.8000,28529,0,192417120.000,0,-,-,-,-,5126.8000,5126.6000,5126.2000,5126.0000,5125.6000,5130.0000,5131.0000,5135.0000,5136.0000,5139.0000,1,1,1,2,1,8,1,2,5,1
SF,IC2006,2019-12-18 09:31:49.200,5128.8000,28529,0,192417120.000,0,-,-,-,-,5126.8000,5126.6000,5126.2000,5126.0000,5125.6000,5129.8000,5130.0000,5131.0000,5135.0000,5136.0000,1,1,1,2,1,2,8,1,2,5
SF,IC2006,2019-12-18 09:31:49.700,5128.8000,28529,0,192417120.000,0,-,-,-,-,5126.8000,5126.6000,5126.2000,5126.0000,5125.6000,5129.6000,5129.8000,5130.0000,5131.0000,5135.0000,1,1,1,2,1,1,2,7,1,2
SF,IC2006,2019-12-18 09:31:50.200,5128.8000,28529,0,192417120.000,0,-,-,-,-,5127.0000,5126.8000,5126.6000,5126.2000,5126.0000,5130.0000,5131.0000,5135.0000,5136.0000,5139.0000,1,1,1,1,2,7,1,2,5,1
SF,IC2006,2019-12-18 09:31:50.700,5128.8000,28529,0,192417120.000,0,-,-,-,-,5127.2000,5127.0000,5126.6000,5126.2000,5126.0000,5130.0000,5132.2000,5135.0000,5136.0000,5139.0000,1,1,1,1,2,7,1,2,5,1
SF,IC2006,2019-12-18 09:31:51.200,5128.8000,28529,0,192417120.000,0,-,-,-,-,5127.4000,5127.2000,5127.0000,5126.6000,5126.2000,5130.0000,5132.2000,5135.0000,5136.0000,5139.0000,1,1,1,1,1,7,1,2,5,1
SF,IC2006,2019-12-18 09:31:51.700,5128.8000,28529,0,192417120.000,0,-,-,-,-,5127.6000,5127.4000,5127.0000,5126.6000,5126.2000,5130.0000,5132.2000,5135.0000,5136.0000,5139.0000,1,1,1,1,1,7,1,2,5,1
SF,IC2006,2019-12-18 09:31:52.200,5128.8000,28529,0,192417120.000,0,-,-,-,-,5129.0000,5127.6000,5127.4000,5127.0000,5126.6000,5130.0000,5135.0000,5136.0000,5139.0000,5140.0000,1,1,1,1,1,7,2,5,1,5
SF,IC2006,2019-12-18 09:31:52.700,5129.0000,28529,0,193442920.000,1,0,1,多换,S,5129.6000,5127.6000,5127.4000,5127.0000,5126.6000,5130.0000,5135.0000,5136.0000,5139.0000,5140.0000,1,1,1,1,1,7,2,5,1,5
SF,IC2006,2019-12-18 09:31:53.200,5129.2000,28528,-1,194468760.000,1,0,1,双平,S,5127.6000,5127.4000,5126.6000,5126.2000,5126.0000,5129.6000,5130.0000,5135.0000,5136.0000,5139.0000,1,1,1,1,2,1,7,2,5,1
SF,IC2006,2019-12-18 09:31:53.700,5129.2000,28528,0,194468760.000,0,-,-,-,-,5127.6000,5126.6000,5126.2000,5126.0000,5125.6000,5129.6000,5130.0000,5135.0000,5136.0000,5139.0000,1,1,1,7,1,1,7,2,5,1
SF,IC2006,2019-12-18 09:31:54.200,5129.2000,28528,0,194468760.000,0,-,-,-,-,5127.6000,5126.6000,5126.2000,5126.0000,5125.6000,5129.6000,5130.0000,5135.0000,5136.0000,5139.0000,1,1,1,7,1,2,7,2,5,1
SF,IC2006,2019-12-18 09:31:54.700,5127.6000,28527,-1,195494280.000,1,0,1,双平,S,5126.6000,5126.2000,5126.0000,5125.6000,5125.0000,5129.4000,5129.6000,5130.0000,5135.0000,5136.0000,1,1,7,1,6,1,1,7,2,5
SF,IC2006,2019-12-18 09:31:55.200,5127.6000,28527,0,195494280.000,0,-,-,-,-,5126.8000,5126.6000,5126.2000,5126.0000,5125.6000,5129.0000,5129.2000,5129.4000,5129.6000,5130.0000,2,1,1,7,1,1,1,1,1,7
SF,IC2006,2019-12-18 09:31:55.700,5127.6000,28527,0,195494280.000,0,-,-,-,-,5126.8000,5126.6000,5126.2000,5126.0000,5125.6000,5129.2000,5129.6000,5130.0000,5135.0000,5136.0000,2,1,1,7,1,1,1,7,2,5
SF,IC2006,2019-12-18 09:31:56.200,5127.6000,28527,0,195494280.000,0,-,-,-,-,5126.8000,5126.6000,5126.2000,5126.0000,5125.6000,5129.2000,5129.6000,5130.0000,5135.0000,5136.0000,2,1,1,6,1,1,1,7,2,5
SF,IC2006,2019-12-18 09:31:57.200,5127.6000,28527,0,195494280.000,0,-,-,-,-,5126.8000,5126.6000,5126.2000,5126.0000,5125.6000,5129.0000,5129.2000,5129.6000,5130.0000,5135.0000,2,1,1,6,1,2,1,1,6,2
SF,IC2006,2019-12-18 09:31:57.700,5127.6000,28527,0,195494280.000,0,-,-,-,-,5126.8000,5126.2000,5126.0000,5125.6000,5125.0000,5128.8000,5129.6000,5130.0000,5135.0000,5136.0000,2,1,6,1,6,1,1,6,2,5
SF,IC2006,2019-12-18 09:31:58.200,5127.6000,28527,0,195494280.000,0,-,-,-,-,5127.0000,5126.8000,5126.2000,5126.0000,5125.6000,5128.8000,5129.6000,5130.0000,5135.0000,5136.0000,1,2,1,6,1,2,1,6,2,5
SF,IC2006,2019-12-18 09:31:58.700,5127.6000,28527,0,195494280.000,0,-,-,-,-,5127.2000,5127.0000,5126.8000,5126.2000,5126.0000,5128.8000,5129.6000,5130.0000,5135.0000,5136.0000,1,1,1,1,6,1,1,6,2,5
SF,IC2006,2019-12-18 09:31:59.200,5127.6000,28527,0,195494280.000,0,-,-,-,-,5127.2000,5126.8000,5126.2000,5126.0000,5125.6000,5128.6000,5128.8000,5129.6000,5130.0000,5135.0000,1,1,1,6,1,1,1,1,6,2
SF,IC2006,2019-12-18 09:31:59.700,5128.8000,28530,3,198571560.000,3,3,0,双开,S,5128.8000,5127.2000,5126.8000,5126.2000,5126.0000,5129.6000,5130.0000,5135.0000,5136.0000,5139.0000,2,1,1,1,6,1,6,2,5,1
SF,IC2006,2019-12-18 09:32:00.200,5128.8000,28530,0,199597320.000,1,0,1,多换,S,5128.8000,5127.2000,5126.8000,5126.2000,5126.0000,5130.0000,5135.0000,5136.0000,5139.0000,5140.0000,1,1,1,1,6,6,2,5,1,5
SF,IC2006,2019-12-18 09:32:00.700,5128.8000,28530,0,199597320.000,0,-,-,-,-,5128.8000,5128.0000,5127.2000,5126.8000,5126.2000,5130.0000,5135.0000,5136.0000,5139.0000,5140.0000,1,1,1,1,1,6,2,5,1,5
SF,IC2006,2019-12-18 09:32:01.200,5128.8000,28530,0,199597320.000,0,-,-,-,-,5128.8000,5128.0000,5127.2000,5126.8000,5126.2000,5130.0000,5135.0000,5136.0000,5137.6000,5139.0000,3,1,1,1,1,6,2,5,1,1
SF,IC2006,2019-12-18 09:32:02.200,5128.8000,28529,-1,202674600.000,3,1,2,多平,S,5128.0000,5127.2000,5126.8000,5126.2000,5126.0000,5130.0000,5135.0000,5136.0000,5137.6000,5139.0000,1,1,1,1,6,7,2,5,1,1
SF,IC2006,2019-12-18 09:32:02.700,5128.8000,28529,0,202674600.000,0,-,-,-,-,5128.0000,5126.8000,5126.2000,5126.0000,5125.6000,5128.8000,5129.8000,5130.0000,5135.0000,5136.0000,1,1,1,6,1,1,1,6,2,5
SF,IC2006,2019-12-18 09:32:03.200,5128.8000,28529,0,202674600.000,0,-,-,-,-,5128.0000,5126.8000,5126.2000,5126.0000,5125.6000,5129.6000,5129.8000,5130.0000,5135.0000,5136.0000,1,1,1,6,1,1,3,7,2,5
SF,IC2006,2019-12-18 09:32:03.700,5128.0000,28529,0,203700200.000,1,0,1,多换,S,5128.8000,5126.8000,5126.2000,5126.0000,5125.6000,5129.4000,5129.8000,5130.0000,5135.0000,5136.0000,1,1,1,6,1,2,2,7,2,5
SF,IC2006,2019-12-18 09:32:04.200,5128.8000,28529,0,204725960.000,1,0,1,多换,S,5126.8000,5126.2000,5126.0000,5125.6000,5125.0000,5128.8000,5129.0000,5129.4000,5129.8000,5130.0000,1,1,6,1,6,2,1,1,2,7
SF,IC2006,2019-12-18 09:32:04.700,5128.8000,28529,0,205751720.000,1,0,1,多换,S,5127.0000,5126.8000,5126.2000,5126.0000,5125.6000,5128.0000,5129.0000,5129.4000,5129.8000,5130.0000,2,1,1,6,1,5,1,1,2,7
SF,IC2006,2019-12-18 09:32:05.700,5128.0000,28528,-1,207802920.000,2,0,2,多平,S,5127.0000,5126.8000,5126.2000,5126.0000,5125.6000,5128.0000,5129.4000,5129.8000,5130.0000,5135.0000,2,1,1,6,1,3,1,1,9,2
SF,IC2006,2019-12-18 09:32:06.200,5128.0000,28528,0,207802920.000,0,-,-,-,-,5127.0000,5126.8000,5126.2000,5126.0000,5125.6000,5128.0000,5129.4000,5129.8000,5130.0000,5135.0000,1,1,1,6,1,3,1,1,9,2
SF,IC2006,2019-12-18 09:32:07.200,5127.0000,28527,-1,208828320.000,1,0,1,双平,S,5126.8000,5126.2000,5126.0000,5125.6000,5125.0000,5127.0000,5128.0000,5129.4000,5129.8000,5130.0000,1,1,6,1,6,1,3,1,1,9
SF,IC2006,2019-12-18 09:32:07.700,5127.0000,28526,-1,209853720.000,1,0,1,双平,S,5126.8000,5126.2000,5126.0000,5125.6000,5125.0000,5128.0000,5128.8000,5129.4000,5129.8000,5130.0000,1,1,6,1,6,3,1,1,1,9
SF,IC2006,2019-12-18 09:32:08.200,5127.0000,28526,0,209853720.000,0,-,-,-,-,5126.8000,5126.2000,5126.0000,5125.6000,5125.0000,5127.8000,5128.0000,5128.8000,5129.4000,5129.8000,1,1,6,1,6,1,3,1,1,1
SF,IC2006,2019-12-18 09:32:09.200,5127.0000,28526,0,209853720.000,0,-,-,-,-,5126.8000,5126.2000,5126.0000,5125.6000,5125.0000,5127.8000,5128.0000,5128.8000,5129.4000,5129.8000,2,1,6,1,6,1,3,1,1,1
SF,IC2006,2019-12-18 09:32:09.700,5127.0000,28526,0,209853720.000,0,-,-,-,-,5126.8000,5126.2000,5126.0000,5125.6000,5125.0000,5127.8000,5128.0000,5128.8000,5129.4000,5129.8000,2,1,6,1,6,1,3,1,1,1
SF,IC2006,2019-12-18 09:32:10.700,5127.0000,28526,0,209853720.000,0,-,-,-,-,5127.0000,5126.8000,5126.2000,5126.0000,5125.6000,5127.8000,5128.0000,5128.8000,5129.4000,5129.8000,1,2,1,6,1,1,3,1,1,1
SF,IC2006,2019-12-18 09:32:11.200,5127.8000,28525,-1,210879280.000,1,0,1,双平,S,5127.8000,5127.0000,5126.8000,5126.2000,5126.0000,5128.0000,5128.8000,5129.4000,5129.8000,5130.0000,3,1,2,1,6,3,1,1,1,9
SF,IC2006,2019-12-18 09:32:11.700,5127.8000,28522,-3,213955960.000,3,0,3,双平,S,5127.0000,5126.8000,5126.2000,5126.0000,5125.6000,5128.0000,5128.8000,5129.4000,5129.8000,5130.0000,1,2,1,6,1,3,1,1,1,9
SF,IC2006,2019-12-18 09:32:12.200,5127.8000,28522,0,213955960.000,0,-,-,-,-,5127.0000,5126.8000,5126.2000,5126.0000,5125.6000,5127.8000,5128.0000,5128.8000,5129.4000,5129.8000,2,2,1,6,1,1,3,1,1,1
SF,IC2006,2019-12-18 09:32:12.700,5127.8000,28522,0,213955960.000,0,-,-,-,-,5127.0000,5126.8000,5126.2000,5126.0000,5125.6000,5128.0000,5128.8000,5129.4000,5129.8000,5130.0000,2,2,1,6,1,3,1,1,1,9
SF,IC2006,2019-12-18 09:32:13.200,5127.8000,28522,0,213955960.000,0,-,-,-,-,5127.0000,5126.8000,5126.2000,5126.0000,5125.6000,5128.0000,5128.8000,5129.4000,5129.8000,5130.0000,2,2,1,6,1,3,1,1,1,9
SF,IC2006,2019-12-18 09:32:13.700,5127.8000,28522,0,213955960.000,0,-,-,-,-,5127.0000,5126.8000,5126.2000,5126.0000,5125.6000,5127.4000,5128.0000,5128.8000,5129.4000,5129.8000,2,2,1,6,1,1,3,1,1,1
SF,IC2006,2019-12-18 09:32:14.200,5127.0000,28523,1,214981360.000,1,1,0,双开,S,5127.0000,5126.8000,5126.0000,5125.6000,5125.0000,5128.0000,5128.8000,5129.4000,5129.8000,5130.0000,1,2,6,1,6,3,1,1,1,9
SF,IC2006,2019-12-18 09:32:14.700,5127.0000,28523,0,214981360.000,0,-,-,-,-,5127.0000,5126.8000,5126.0000,5125.6000,5125.0000,5128.0000,5128.8000,5129.4000,5129.8000,5130.0000,2,2,6,1,6,3,1,1,1,9
SF,IC2006,2019-12-18 09:32:15.200,5127.0000,28523,0,214981360.000,0,-,-,-,-,5127.0000,5126.8000,5126.0000,5125.6000,5125.0000,5127.8000,5128.0000,5128.8000,5129.4000,5129.8000,2,2,6,1,6,1,3,1,1,1
SF,IC2006,2019-12-18 09:32:15.700,5127.0000,28523,0,214981360.000,0,-,-,-,-,5127.0000,5126.8000,5126.0000,5125.6000,5125.0000,5127.8000,5128.0000,5128.8000,5129.4000,5129.8000,2,2,6,1,6,1,3,1,1,1
SF,IC2006,2019-12-18 09:32:17.200,5127.0000,28523,0,214981360.000,0,-,-,-,-,5127.0000,5126.8000,5126.0000,5125.6000,5125.0000,5128.0000,5128.8000,5129.4000,5129.8000,5130.0000,2,2,6,1,6,3,1,1,1,9
SF,IC2006,2019-12-18 09:32:17.700,5127.0000,28523,0,216006760.000,1,0,1,多换,S,5127.0000,5126.8000,5126.0000,5125.6000,5125.0000,5127.6000,5128.0000,5128.8000,5129.4000,5129.8000,1,2,6,1,6,1,3,1,1,1
SF,IC2006,2019-12-18 09:32:18.200,5127.0000,28523,0,216006760.000,0,-,-,-,-,5127.0000,5126.8000,5126.0000,5125.6000,5125.0000,5127.8000,5128.0000,5128.8000,5129.4000,5129.8000,1,2,6,1,6,1,3,1,1,1
SF,IC2006,2019-12-18 09:32:18.700,5127.0000,28522,-1,217032160.000,1,0,1,双平,S,5126.8000,5126.0000,5125.6000,5125.0000,5123.6000,5127.6000,5127.8000,5128.0000,5128.8000,5129.4000,2,6,1,6,1,1,1,3,1,1
SF,IC2006,2019-12-18 09:32:19.200,5127.0000,28522,0,217032160.000,0,-,-,-,-,5127.0000,5126.8000,5126.0000,5125.6000,5125.0000,5127.6000,5128.0000,5128.8000,5129.4000,5129.8000,1,2,6,1,6,1,3,1,1,1
SF,IC2006,2019-12-18 09:32:20.200,5127.6000,28521,-1,218057680.000,1,0,1,双平,S,5127.0000,5126.8000,5126.0000,5125.6000,5125.0000,5128.0000,5128.8000,5129.4000,5129.8000,5130.0000,1,2,6,1,6,3,1,1,1,8
SF,IC2006,2019-12-18 09:32:20.700,5127.6000,28519,-2,220108800.000,2,0,2,双平,S,5126.8000,5126.0000,5125.6000,5125.0000,5123.6000,5128.0000,5128.8000,5129.4000,5129.8000,5130.0000,2,6,1,6,1,2,1,1,1,8
SF,IC2006,2019-12-18 09:32:21.200,5127.6000,28519,0,220108800.000,0,-,-,-,-,5126.8000,5126.0000,5125.6000,5125.0000,5123.6000,5127.0000,5128.0000,5128.8000,5129.4000,5129.8000,2,6,1,6,1,1,2,1,1,1
SF,IC2006,2019-12-18 09:32:21.700,5127.2000,28518,-1,223185240.000,3,1,2,多平,S,5127.0000,5126.8000,5126.0000,5125.6000,5125.0000,5127.8000,5128.0000,5128.8000,5129.8000,5130.0000,1,2,6,1,6,1,1,1,1,8
SF,IC2006,2019-12-18 09:32:22.200,5127.8000,28517,-1,224210800.000,1,0,1,双平,S,5127.2000,5127.0000,5126.8000,5126.0000,5125.6000,5128.0000,5128.8000,5129.8000,5130.0000,5135.0000,2,1,2,6,1,1,1,1,8,1
SF,IC2006,2019-12-18 09:32:22.700,5127.8000,28517,0,224210800.000,0,-,-,-,-,5127.2000,5127.0000,5126.8000,5126.0000,5125.6000,5128.0000,5128.8000,5129.8000,5130.0000,5135.0000,2,1,2,6,1,1,1,1,8,1
SF,IC2006,2019-12-18 09:32:23.200,5127.8000,28517,0,224210800.000,0,-,-,-,-,5127.2000,5127.0000,5126.8000,5126.0000,5125.6000,5128.0000,5128.8000,5129.8000,5130.0000,5135.0000,2,1,2,6,1,1,1,1,8,1
SF,IC2006,2019-12-18 09:32:23.700,5128.0000,28516,-1,225236400.000,1,0,1,双平,S,5127.4000,5127.2000,5127.0000,5126.8000,5126.0000,5128.8000,5129.8000,5130.0000,5135.0000,5136.0000,1,2,1,2,6,1,1,8,1,5
SF,IC2006,2019-12-18 09:32:24.200,5128.0000,28516,0,225236400.000,0,-,-,-,-,5127.6000,5127.4000,5127.2000,5127.0000,5126.8000,5128.8000,5129.8000,5130.0000,5135.0000,5136.0000,1,1,1,1,2,1,1,8,1,5
SF,IC2006,2019-12-18 09:32:24.700,5128.8000,28516,0,226262160.000,1,0,1,多换,S,5127.6000,5127.4000,5127.2000,5127.0000,5126.8000,5129.8000,5130.0000,5135.0000,5136.0000,5137.6000,1,1,1,1,2,1,8,1,5,1
SF,IC2006,2019-12-18 09:32:25.200,5128.8000,28516,0,226262160.000,0,-,-,-,-,5127.8000,5127.6000,5127.4000,5127.2000,5127.0000,5129.8000,5130.0000,5135.0000,5136.0000,5137.6000,1,1,1,1,1,1,8,1,5,1
SF,IC2006,2019-12-18 09:32:25.700,5128.8000,28516,0,226262160.000,0,-,-,-,-,5128.0000,5127.8000,5127.4000,5127.2000,5127.0000,5129.8000,5130.0000,5135.0000,5136.0000,5137.6000,1,1,1,1,1,1,8,1,5,1
SF,IC2006,2019-12-18 09:32:26.200,5128.8000,28516,0,226262160.000,0,-,-,-,-,5128.0000,5127.8000,5127.4000,5127.2000,5127.0000,5129.8000,5130.0000,5135.0000,5136.0000,5137.6000,2,1,1,1,2,1,8,1,5,1
SF,IC2006,2019-12-18 09:32:26.700,5128.8000,28516,0,226262160.000,0,-,-,-,-,5128.0000,5127.8000,5127.4000,5127.2000,5127.0000,5129.8000,5130.0000,5135.0000,5136.0000,5137.6000,2,1,1,1,2,2,8,1,5,1
SF,IC2006,2019-12-18 09:32:27.200,5128.8000,28516,0,226262160.000,0,-,-,-,-,5128.0000,5127.8000,5127.4000,5127.2000,5127.0000,5129.8000,5130.0000,5135.0000,5136.0000,5137.6000,3,1,1,1,2,2,8,1,5,1
SF,IC2006,2019-12-18 09:32:27.700,5129.8000,28515,-1,227288120.000,1,0,1,双平,S,5128.0000,5127.8000,5127.2000,5127.0000,5126.8000,5129.8000,5130.0000,5135.0000,5136.0000,5137.6000,3,1,1,2,1,1,8,1,5,1
SF,IC2006,2019-12-18 09:32:28.200,5129.8000,28514,-1,228314080.000,1,0,1,双平,S,5128.0000,5127.8000,5127.2000,5127.0000,5126.8000,5130.0000,5135.0000,5136.0000,5137.6000,5139.0000,3,1,1,2,1,8,1,5,1,1
SF,IC2006,2019-12-18 09:32:29.700,5128.0000,28514,0,229339680.000,1,0,1,多换,S,5128.0000,5127.8000,5127.2000,5127.0000,5126.8000,5130.0000,5135.0000,5136.0000,5137.6000,5139.0000,2,1,1,4,1,8,1,5,1,1
SF,IC2006,2019-12-18 09:32:30.200,5128.0000,28514,0,229339680.000,0,-,-,-,-,5128.0000,5127.8000,5127.2000,5127.0000,5126.8000,5129.8000,5130.0000,5135.0000,5136.0000,5137.6000,2,1,1,4,1,1,8,1,5,1
SF,IC2006,2019-12-18 09:32:30.700,5128.0000,28514,0,229339680.000,0,-,-,-,-,5128.0000,5127.8000,5127.2000,5127.0000,5126.8000,5129.8000,5130.0000,5135.0000,5136.0000,5137.6000,2,1,1,4,1,1,7,1,5,1
SF,IC2006,2019-12-18 09:32:31.200,5129.8000,28514,0,231391560.000,2,1,1,多换,S,5128.0000,5127.8000,5127.2000,5127.0000,5126.8000,5130.0000,5131.8000,5135.0000,5136.0000,5137.6000,2,1,1,4,1,7,1,1,5,1
SF,IC2006,2019-12-18 09:32:31.700,5129.8000,28514,0,231391560.000,0,-,-,-,-,5128.2000,5128.0000,5127.8000,5127.2000,5127.0000,5130.0000,5131.8000,5135.0000,5136.0000,5137.6000,1,2,1,1,4,7,1,1,5,1
SF,IC2006,2019-12-18 09:32:32.200,5130.0000,28509,-5,236521560.000,5,0,5,双平,S,5128.2000,5128.0000,5127.8000,5127.2000,5127.0000,5130.0000,5131.8000,5135.0000,5136.0000,5137.6000,2,2,1,1,4,2,1,1,5,1
SF,IC2006,2019-12-18 09:32:32.700,5130.0000,28509,0,236521560.000,0,-,-,-,-,5128.2000,5128.0000,5127.8000,5127.2000,5127.0000,5130.0000,5131.8000,5135.0000,5136.0000,5137.6000,2,2,1,1,4,2,1,1,5,1
SF,IC2006,2019-12-18 09:32:33.200,5130.0000,28509,0,236521560.000,0,-,-,-,-,5129.0000,5128.2000,5128.0000,5127.8000,5127.0000,5130.0000,5131.8000,5135.0000,5136.0000,5137.6000,5,2,2,1,4,2,1,1,5,1
SF,IC2006,2019-12-18 09:32:33.700,5130.0000,28509,0,236521560.000,0,-,-,-,-,5129.0000,5128.2000,5128.0000,5127.8000,5127.0000,5130.0000,5131.8000,5135.0000,5136.0000,5137.6000,5,2,2,1,4,3,1,1,5,1
SF,IC2006,2019-12-18 09:32:34.200,5130.0000,28509,0,236521560.000,0,-,-,-,-,5129.0000,5128.2000,5128.0000,5127.8000,5127.0000,5130.0000,5131.8000,5135.0000,5136.0000,5137.6000,5,2,2,1,4,3,1,1,5,1
SF,IC2006,2019-12-18 09:32:34.700,5129.0000,28510,1,239598960.000,3,2,1,空开,S,5129.0000,5128.2000,5128.0000,5127.8000,5127.0000,5129.8000,5130.0000,5131.8000,5135.0000,5136.0000,2,1,2,1,4,2,3,1,1,5
SF,IC2006,2019-12-18 09:32:35.200,5129.0000,28510,0,241650560.000,2,1,1,多换,S,5128.2000,5128.0000,5127.0000,5126.8000,5126.6000,5129.0000,5129.8000,5130.0000,5131.8000,5135.0000,1,2,4,1,3,1,3,3,1,1
SF,IC2006,2019-12-18 09:32:35.700,5128.2000,28510,0,242676200.000,1,0,1,多换,S,5128.0000,5127.0000,5126.8000,5126.6000,5126.0000,5129.0000,5129.8000,5130.0000,5131.8000,5135.0000,1,4,1,3,5,1,3,3,1,1
SF,IC2006,2019-12-18 09:32:36.200,5128.2000,28510,0,242676200.000,0,-,-,-,-,5128.0000,5127.0000,5126.8000,5126.6000,5126.0000,5129.0000,5129.8000,5130.0000,5131.8000,5135.0000,1,4,1,3,5,2,3,3,1,1
SF,IC2006,2019-12-18 09:32:36.700,5130.0000,28510,0,248831680.000,6,3,3,多换,S,5128.0000,5127.0000,5126.8000,5126.6000,5126.0000,5128.8000,5130.0000,5131.8000,5135.0000,5136.0000,1,4,1,3,5,1,2,1,1,5
SF,IC2006,2019-12-18 09:32:37.200,5128.8000,28509,-1,249857440.000,1,0,1,双平,S,5128.8000,5128.2000,5128.0000,5127.0000,5126.8000,5130.0000,5131.8000,5135.0000,5136.0000,5137.6000,1,1,1,4,1,1,1,1,5,1
SF,IC2006,2019-12-18 09:32:37.700,5128.8000,28509,0,249857440.000,0,-,-,-,-,5128.2000,5128.0000,5127.0000,5126.8000,5126.6000,5128.8000,5130.0000,5131.8000,5135.0000,5136.0000,1,1,4,1,3,1,1,1,1,5
SF,IC2006,2019-12-18 09:32:38.200,5128.8000,28508,-1,250883200.000,1,0,1,双平,S,5128.8000,5128.2000,5128.0000,5127.0000,5126.8000,5130.0000,5135.0000,5136.0000,5137.6000,5139.0000,1,1,1,4,1,1,1,5,1,1
SF,IC2006,2019-12-18 09:32:38.700,5128.8000,28508,0,250883200.000,0,-,-,-,-,5128.2000,5128.0000,5127.0000,5126.8000,5126.6000,5130.0000,5135.0000,5136.0000,5137.6000,5139.0000,1,1,4,1,3,1,1,5,1,1
SF,IC2006,2019-12-18 09:32:39.200,5128.8000,28508,0,250883200.000,0,-,-,-,-,5128.2000,5128.0000,5127.0000,5126.8000,5126.6000,5130.0000,5135.0000,5136.0000,5137.6000,5139.0000,2,1,4,1,3,1,1,5,1,1
SF,IC2006,2019-12-18 09:32:39.700,5128.8000,28508,0,250883200.000,0,-,-,-,-,5129.0000,5128.2000,5128.0000,5127.0000,5126.8000,5129.8000,5130.0000,5135.0000,5136.0000,5137.6000,1,2,1,4,1,2,1,1,5,1
SF,IC2006,2019-12-18 09:32:40.200,5128.8000,28508,0,250883200.000,0,-,-,-,-,5129.0000,5128.2000,5128.0000,5127.0000,5126.8000,5129.8000,5130.0000,5135.0000,5136.0000,5137.6000,1,2,2,4,1,2,1,1,5,1
SF,IC2006,2019-12-18 09:32:40.700,5128.8000,28508,0,250883200.000,0,-,-,-,-,5129.0000,5128.2000,5128.0000,5127.0000,5126.8000,5129.8000,5130.0000,5135.0000,5136.0000,5137.6000,1,2,2,4,1,2,1,1,5,1
SF,IC2006,2019-12-18 09:32:41.200,5130.0000,28506,-2,253961120.000,3,0,3,多平,S,5130.0000,5129.0000,5128.2000,5128.0000,5127.0000,5135.0000,5136.0000,5137.6000,5139.0000,5140.0000,3,1,2,2,4,1,5,1,1,5
SF,IC2006,2019-12-18 09:32:41.700,5130.0000,28503,-3,257039120.000,3,0,3,双平,S,5129.0000,5128.2000,5128.0000,5127.0000,5126.8000,5132.4000,5132.8000,5133.0000,5133.6000,5134.8000,1,1,2,4,1,1,1,1,3,4
SF,IC2006,2019-12-18 09:32:42.200,5130.0000,28503,0,257039120.000,0,-,-,-,-,5129.8000,5129.0000,5128.2000,5128.0000,5127.0000,5132.0000,5132.2000,5132.4000,5132.8000,5133.0000,1,1,1,2,4,1,1,1,1,1
SF,IC2006,2019-12-18 09:32:42.700,5130.0000,28503,0,257039120.000,0,-,-,-,-,5130.0000,5129.8000,5129.0000,5128.2000,5128.0000,5131.8000,5132.0000,5132.4000,5132.8000,5133.0000,2,1,1,1,2,1,1,1,1,1
SF,IC2006,2019-12-18 09:32:43.200,5130.0000,28503,0,258065120.000,1,0,1,多换,S,5130.0000,5129.8000,5129.0000,5128.2000,5128.0000,5131.8000,5132.0000,5132.4000,5132.8000,5133.0000,1,1,1,1,2,2,1,1,1,1
SF,IC2006,2019-12-18 09:32:43.700,5130.0000,28503,0,258065120.000,0,-,-,-,-,5130.0000,5129.8000,5129.0000,5128.2000,5128.0000,5131.8000,5133.0000,5133.6000,5134.4000,5135.0000,1,1,1,1,2,2,1,2,1,3
SF,IC2006,2019-12-18 09:32:45.700,5130.0000,28503,0,258065120.000,0,-,-,-,-,5130.0000,5129.8000,5129.0000,5128.2000,5128.0000,5131.8000,5133.0000,5133.6000,5134.4000,5135.0000,1,1,1,1,1,2,1,2,1,3
SF,IC2006,2019-12-18 09:32:46.200,5130.0000,28503,0,258065120.000,0,-,-,-,-,5130.0000,5129.8000,5129.0000,5128.2000,5128.0000,5131.8000,5133.0000,5133.6000,5134.4000,5135.0000,1,1,1,1,1,1,1,2,1,3
SF,IC2006,2019-12-18 09:32:46.700,5130.0000,28503,0,258065120.000,0,-,-,-,-,5129.8000,5129.0000,5128.2000,5128.0000,5127.0000,5131.6000,5131.8000,5133.0000,5133.6000,5134.4000,1,1,1,1,4,1,1,1,2,1
SF,IC2006,2019-12-18 09:32:47.200,5131.8000,28501,-2,260117800.000,2,0,2,双平,S,5131.8000,5129.8000,5129.0000,5128.2000,5128.0000,5133.0000,5133.6000,5134.4000,5135.0000,5136.0000,1,1,1,1,1,1,2,1,3,5
SF,IC2006,2019-12-18 09:32:47.700,5132.8000,28499,-2,263197080.000,3,0,3,多平,S,5129.8000,5129.0000,5128.2000,5128.0000,5127.0000,5133.0000,5133.6000,5135.0000,5136.0000,5137.6000,1,1,1,1,4,1,2,3,5,1
SF,IC2006,2019-12-18 09:32:48.200,5132.8000,28499,0,263197080.000,0,-,-,-,-,5130.0000,5129.8000,5129.0000,5128.2000,5128.0000,5132.8000,5133.0000,5133.6000,5135.0000,5136.0000,7,1,1,1,1,1,1,2,3,5
SF,IC2006,2019-12-18 09:32:48.700,5132.8000,28499,0,263197080.000,0,-,-,-,-,5130.0000,5129.8000,5129.0000,5128.2000,5128.0000,5132.6000,5133.0000,5133.6000,5135.0000,5136.0000,7,1,1,1,1,1,1,2,3,5
SF,IC2006,2019-12-18 09:32:49.200,5132.8000,28499,0,263197080.000,0,-,-,-,-,5130.0000,5129.8000,5129.0000,5128.2000,5128.0000,5132.4000,5132.6000,5133.0000,5133.6000,5135.0000,7,1,1,1,1,1,1,1,2,3
SF,IC2006,2019-12-18 09:32:49.700,5132.8000,28499,0,263197080.000,0,-,-,-,-,5130.0000,5129.8000,5129.0000,5128.2000,5128.0000,5132.4000,5132.6000,5133.6000,5135.0000,5135.2000,7,1,1,1,1,1,1,1,3,1
SF,IC2006,2019-12-18 09:32:50.200,5132.8000,28499,0,263197080.000,0,-,-,-,-,5130.0000,5129.8000,5129.0000,5128.2000,5128.0000,5132.6000,5133.6000,5135.0000,5135.2000,5136.0000,6,1,1,1,1,1,1,3,1,5
SF,IC2006,2019-12-18 09:32:50.700,5132.8000,28498,-1,264223640.000,1,0,1,双平,S,5130.2000,5130.0000,5129.8000,5129.0000,5128.2000,5133.6000,5135.0000,5135.2000,5136.0000,5137.6000,1,6,1,1,1,1,3,1,5,1
SF,IC2006,2019-12-18 09:32:51.200,5132.8000,28498,0,264223640.000,0,-,-,-,-,5130.4000,5130.2000,5130.0000,5129.8000,5129.0000,5133.6000,5135.0000,5135.2000,5136.0000,5137.6000,1,1,6,1,1,2,3,1,5,1
SF,IC2006,2019-12-18 09:32:51.700,5132.8000,28498,0,264223640.000,0,-,-,-,-,5130.4000,5130.2000,5130.0000,5129.8000,5129.0000,5133.6000,5135.0000,5135.2000,5136.0000,5137.6000,1,1,6,1,1,1,3,1,5,1
SF,IC2006,2019-12-18 09:32:52.200,5130.6000,28498,0,265249760.000,1,0,1,多换,S,5130.4000,5130.2000,5130.0000,5129.8000,5129.0000,5132.4000,5133.6000,5135.0000,5136.0000,5137.6000,1,1,6,1,1,4,1,3,5,1
SF,IC2006,2019-12-18 09:32:52.700,5130.6000,28498,0,265249760.000,0,-,-,-,-,5130.4000,5130.0000,5129.8000,5129.0000,5128.2000,5132.4000,5133.6000,5135.0000,5136.0000,5137.6000,1,6,1,1,1,4,1,3,5,1
SF,IC2006,2019-12-18 09:32:53.200,5130.6000,28498,0,265249760.000,0,-,-,-,-,5130.4000,5130.0000,5129.8000,5129.0000,5128.2000,5132.4000,5135.0000,5136.0000,5137.6000,5139.0000,1,6,1,1,1,4,3,5,1,1
SF,IC2006,2019-12-18 09:32:53.700,5130.6000,28497,-1,268328840.000,3,1,2,多平,S,5130.0000,5129.8000,5129.0000,5128.2000,5128.0000,5130.4000,5132.4000,5135.0000,5136.0000,5137.6000,6,1,1,1,1,3,3,3,5,1
SF,IC2006,2019-12-18 09:32:54.200,5132.4000,28494,-3,272433680.000,4,0,4,多平,S,5130.4000,5130.0000,5129.8000,5129.0000,5128.2000,5132.4000,5135.0000,5136.0000,5137.6000,5139.0000,1,6,1,1,1,2,1,5,1,1
SF,IC2006,2019-12-18 09:32:54.700,5132.4000,28494,0,272433680.000,0,-,-,-,-,5130.6000,5130.4000,5130.0000,5129.8000,5129.0000,5132.2000,5132.4000,5135.0000,5136.0000,5137.6000,1,1,6,1,1,1,2,1,5,1
SF,IC2006,2019-12-18 09:32:55.200,5132.4000,28494,0,272433680.000,0,-,-,-,-,5130.8000,5130.6000,5130.4000,5130.0000,5129.8000,5132.2000,5132.4000,5135.0000,5136.0000,5137.6000,1,1,1,6,1,1,2,1,5,1
SF,IC2006,2019-12-18 09:32:55.700,5132.2000,28493,-1,273460120.000,1,0,1,双平,S,5131.0000,5130.8000,5130.4000,5130.0000,5129.8000,5132.4000,5135.0000,5136.0000,5137.6000,5139.0000,1,1,1,6,1,2,1,5,1,1
SF,IC2006,2019-12-18 09:32:56.200,5132.2000,28493,0,273460120.000,0,-,-,-,-,5131.0000,5130.8000,5130.4000,5130.0000,5129.8000,5132.4000,5135.0000,5136.0000,5137.6000,5139.0000,2,1,1,7,1,2,1,5,1,1
SF,IC2006,2019-12-18 09:32:56.700,5132.2000,28493,0,273460120.000,0,-,-,-,-,5131.0000,5130.4000,5130.0000,5129.8000,5129.0000,5132.2000,5132.4000,5135.0000,5136.0000,5137.6000,2,1,8,1,1,1,2,1,5,1
SF,IC2006,2019-12-18 09:32:57.700,5132.2000,28493,0,273460120.000,0,-,-,-,-,5131.0000,5130.4000,5130.0000,5129.8000,5129.0000,5132.2000,5132.4000,5134.2000,5135.0000,5136.0000,2,1,8,1,1,1,2,1,2,5
SF,IC2006,2019-12-18 09:32:58.200,5132.2000,28493,0,274486560.000,1,0,1,多换,S,5131.0000,5130.0000,5129.8000,5129.0000,5128.2000,5132.4000,5134.2000,5135.0000,5136.0000,5139.0000,2,8,1,1,1,2,1,2,5,1
SF,IC2006,2019-12-18 09:32:58.700,5132.2000,28493,0,274486560.000,0,-,-,-,-,5131.0000,5130.0000,5129.8000,5129.0000,5128.2000,5132.4000,5134.2000,5135.0000,5136.0000,5139.0000,2,8,1,1,1,2,1,2,5,1
SF,IC2006,2019-12-18 09:32:59.700,5131.0000,28493,0,276538960.000,2,1,1,多换,S,5130.0000,5129.8000,5129.0000,5128.2000,5127.0000,5132.4000,5134.2000,5135.0000,5136.0000,5139.0000,8,1,1,1,4,2,1,2,5,1
SF,IC2006,2019-12-18 09:33:00.200,5131.0000,28493,0,276538960.000,0,-,-,-,-,5130.2000,5130.0000,5129.8000,5129.0000,5128.2000,5132.2000,5132.4000,5134.2000,5135.0000,5136.0000,1,8,1,1,1,1,2,1,2,5
SF,IC2006,2019-12-18 09:33:00.700,5131.0000,28493,0,276538960.000,0,-,-,-,-,5130.2000,5130.0000,5129.8000,5129.0000,5128.2000,5131.0000,5132.2000,5132.4000,5134.2000,5135.0000,1,8,1,1,1,1,1,2,1,2
SF,IC2006,2019-12-18 09:33:01.200,5131.0000,28493,0,277565160.000,1,0,1,多换,S,5130.2000,5130.0000,5129.8000,5129.0000,5128.2000,5132.2000,5132.4000,5134.2000,5135.0000,5136.0000,1,8,1,1,1,1,2,1,2,5
SF,IC2006,2019-12-18 09:33:01.700,5132.0000,28492,-1,285775600.000,8,3,5,多平,S,5130.0000,5129.8000,5129.0000,5128.2000,5127.0000,5132.0000,5132.4000,5134.2000,5135.0000,5136.0000,7,1,1,1,4,1,2,1,2,5
SF,IC2006,2019-12-18 09:33:02.200,5130.0000,28490,-2,287827600.000,2,0,2,双平,S,5131.0000,5130.0000,5129.8000,5129.0000,5128.2000,5132.0000,5132.2000,5132.4000,5134.2000,5135.0000,6,5,1,1,1,2,1,2,1,2
SF,IC2006,2019-12-18 09:33:02.700,5131.0000,28485,-5,292958600.000,5,0,5,双平,S,5131.0000,5130.0000,5129.8000,5129.0000,5128.2000,5131.6000,5132.0000,5132.2000,5132.4000,5134.2000,1,5,1,1,1,1,1,1,2,1
SF,IC2006,2019-12-18 09:33:03.200,5131.0000,28484,-1,293984800.000,1,0,1,双平,S,5131.0000,5130.0000,5129.8000,5129.0000,5128.2000,5131.6000,5132.0000,5132.4000,5134.2000,5135.0000,1,5,1,1,1,1,1,2,1,2
SF,IC2006,2019-12-18 09:33:03.700,5131.6000,28483,-1,295011120.000,1,0,1,双平,S,5131.0000,5130.0000,5129.8000,5129.0000,5128.2000,5132.0000,5132.4000,5133.6000,5134.2000,5135.0000,1,5,1,1,1,1,2,1,1,2
SF,IC2006,2019-12-18 09:33:04.200,5131.2000,28482,-1,297063760.000,2,0,2,多平,S,5131.0000,5130.0000,5129.8000,5129.0000,5128.2000,5131.8000,5132.4000,5133.6000,5134.2000,5135.0000,1,5,1,1,1,1,2,1,1,2
SF,IC2006,2019-12-18 09:33:04.700,5131.8000,28481,-1,298090120.000,1,0,1,双平,S,5131.0000,5130.0000,5129.8000,5129.0000,5128.2000,5132.4000,5134.2000,5135.0000,5136.0000,5139.0000,1,6,1,1,1,2,1,2,5,1
SF,IC2006,2019-12-18 09:33:05.700,5131.8000,28481,0,298090120.000,0,-,-,-,-,5131.0000,5130.2000,5130.0000,5129.8000,5129.0000,5132.4000,5134.2000,5135.0000,5136.0000,5139.0000,1,1,6,1,1,2,1,2,5,1
SF,IC2006,2019-12-18 09:33:06.200,5132.4000,28481,0,299116600.000,1,0,1,多换,S,5131.0000,5130.2000,5130.0000,5129.8000,5129.0000,5132.4000,5134.2000,5135.0000,5136.0000,5139.0000,1,1,6,1,1,1,1,2,5,1
SF,IC2006,2019-12-18 09:33:07.200,5132.4000,28481,0,299116600.000,0,-,-,-,-,5131.0000,5130.2000,5130.0000,5129.8000,5129.0000,5132.4000,5134.2000,5135.0000,5136.0000,5139.0000,1,2,6,1,1,1,1,2,5,1
SF,IC2006,2019-12-18 09:33:07.700,5132.4000,28481,0,299116600.000,0,-,-,-,-,5131.0000,5130.2000,5130.0000,5129.8000,5129.0000,5132.4000,5134.2000,5135.0000,5136.0000,5140.0000,6,2,6,1,1,1,1,2,5,5
SF,IC2006,2019-12-18 09:33:08.200,5132.4000,28481,0,299116600.000,0,-,-,-,-,5131.0000,5130.2000,5130.0000,5129.8000,5129.0000,5132.4000,5134.2000,5135.0000,5136.0000,5140.0000,6,2,7,1,1,1,1,2,5,5
SF,IC2006,2019-12-18 09:33:08.700,5132.4000,28481,0,299116600.000,0,-,-,-,-,5131.0000,5130.2000,5130.0000,5129.8000,5129.0000,5132.4000,5134.2000,5135.0000,5136.0000,5140.0000,6,2,7,1,1,1,1,2,5,5
SF,IC2006,2019-12-18 09:33:09.200,5132.4000,28481,0,299116600.000,0,-,-,-,-,5131.0000,5130.2000,5130.0000,5129.8000,5129.0000,5132.4000,5134.2000,5135.0000,5136.0000,5140.0000,7,2,7,1,1,1,1,2,5,5
SF,IC2006,2019-12-18 09:33:09.700,5132.4000,28481,0,299116600.000,0,-,-,-,-,5131.0000,5130.2000,5130.0000,5129.8000,5129.0000,5132.4000,5134.2000,5135.0000,5136.0000,5140.0000,7,2,7,1,1,1,1,2,5,5
SF,IC2006,2019-12-18 09:33:10.200,5132.4000,28482,1,300143080.000,1,1,0,双开,S,5132.4000,5131.0000,5130.2000,5130.0000,5129.8000,5134.2000,5135.0000,5136.0000,5140.0000,5142.0000,2,7,2,7,1,1,2,5,5,1
SF,IC2006,2019-12-18 09:33:10.700,5132.4000,28482,0,302196040.000,2,1,1,多换,S,5132.4000,5131.0000,5130.2000,5130.0000,5129.8000,5133.0000,5133.6000,5134.0000,5134.2000,5135.0000,1,7,2,7,1,1,1,2,1,2
SF,IC2006,2019-12-18 09:33:11.200,5131.0000,28481,-1,303222240.000,1,0,1,双平,S,5131.0000,5130.2000,5130.0000,5129.8000,5129.0000,5132.4000,5133.0000,5133.6000,5134.0000,5134.2000,6,2,7,1,1,1,1,2,1,1
SF,IC2006,2019-12-18 09:33:12.200,5131.0000,28481,0,303222240.000,0,-,-,-,-,5131.0000,5130.2000,5130.0000,5129.8000,5129.0000,5132.4000,5133.0000,5133.6000,5134.0000,5134.2000,6,2,7,1,1,2,1,2,1,1
SF,IC2006,2019-12-18 09:33:12.700,5131.0000,28481,0,303222240.000,0,-,-,-,-,5131.0000,5130.2000,5130.0000,5129.8000,5129.0000,5132.2000,5132.4000,5133.0000,5133.6000,5134.2000,6,2,7,1,1,1,2,1,2,2
SF,IC2006,2019-12-18 09:33:13.200,5131.0000,28481,0,303222240.000,0,-,-,-,-,5131.0000,5130.2000,5130.0000,5129.8000,5127.0000,5132.2000,5132.4000,5133.0000,5133.6000,5134.2000,6,2,7,1,4,1,2,1,2,1
SF,IC2006,2019-12-18 09:33:13.700,5131.0000,28481,0,303222240.000,0,-,-,-,-,5131.0000,5130.2000,5130.0000,5129.8000,5127.0000,5132.2000,5132.4000,5133.0000,5133.6000,5134.2000,6,2,7,1,4,1,1,1,2,1
SF,IC2006,2019-12-18 09:33:14.700,5132.2000,28481,0,304248680.000,1,0,1,多换,S,5131.0000,5130.2000,5130.0000,5129.8000,5127.0000,5132.4000,5133.0000,5133.6000,5134.2000,5135.0000,6,2,7,1,4,1,1,2,1,2
SF,IC2006,2019-12-18 09:33:15.200,5132.2000,28481,0,304248680.000,0,-,-,-,-,5131.0000,5130.2000,5130.0000,5129.8000,5127.0000,5133.0000,5133.6000,5134.2000,5135.0000,5135.2000,7,2,7,1,4,1,2,1,2,1
SF,IC2006,2019-12-18 09:33:15.700,5132.2000,28481,0,304248680.000,0,-,-,-,-,5131.0000,5130.2000,5130.0000,5129.8000,5127.0000,5132.8000,5133.0000,5133.6000,5134.2000,5135.0000,7,2,7,1,4,1,1,2,1,2
SF,IC2006,2019-12-18 09:33:16.200,5132.2000,28481,0,304248680.000,0,-,-,-,-,5131.0000,5130.2000,5130.0000,5129.8000,5127.0000,5133.0000,5133.6000,5134.2000,5135.0000,5135.2000,7,2,7,1,4,1,1,1,2,1
SF,IC2006,2019-12-18 09:33:16.700,5132.2000,28481,0,304248680.000,0,-,-,-,-,5131.0000,5130.6000,5130.2000,5130.0000,5129.8000,5133.0000,5133.6000,5134.2000,5135.0000,5135.2000,7,1,2,7,1,1,1,1,2,1
SF,IC2006,2019-12-18 09:33:17.200,5132.2000,28481,0,304248680.000,0,-,-,-,-,5131.0000,5130.6000,5130.2000,5130.0000,5129.8000,5132.8000,5133.0000,5133.6000,5134.2000,5135.0000,7,1,2,6,1,1,1,1,1,2
SF,IC2006,2019-12-18 09:33:17.700,5132.2000,28481,0,304248680.000,0,-,-,-,-,5131.0000,5130.6000,5130.2000,5130.0000,5129.8000,5132.8000,5133.0000,5133.6000,5134.2000,5135.0000,7,1,1,6,1,1,1,1,1,2
SF,IC2006,2019-12-18 09:33:18.200,5132.8000,28481,0,305275240.000,1,0,1,多换,S,5131.0000,5130.6000,5130.2000,5130.0000,5129.8000,5133.0000,5133.6000,5135.0000,5135.2000,5136.0000,7,1,1,6,1,1,1,2,1,5
SF,IC2006,2019-12-18 09:33:18.700,5133.0000,28480,-1,306301840.000,1,0,1,双平,S,5131.0000,5130.6000,5130.2000,5130.0000,5129.8000,5133.6000,5135.0000,5135.2000,5136.0000,5140.0000,7,1,1,6,1,1,2,1,5,5
SF,IC2006,2019-12-18 09:33:19.200,5133.6000,28479,-1,307328560.000,1,0,1,双平,S,5132.0000,5131.0000,5130.6000,5130.2000,5130.0000,5135.0000,5135.2000,5136.0000,5140.0000,5142.0000,1,7,1,1,6,2,1,5,5,1
SF,IC2006,2019-12-18 09:33:19.700,5133.6000,28479,0,307328560.000,0,-,-,-,-,5132.2000,5132.0000,5131.0000,5130.6000,5130.2000,5135.0000,5135.2000,5140.0000,5140.8000,5142.0000,1,1,6,1,1,2,1,5,5,1
SF,IC2006,2019-12-18 09:33:20.200,5133.6000,28479,0,307328560.000,0,-,-,-,-,5132.2000,5132.0000,5131.0000,5130.6000,5130.2000,5135.0000,5140.0000,5140.8000,5142.0000,5147.6000,1,1,6,1,1,2,5,5,1,2
SF,IC2006,2019-12-18 09:33:20.700,5133.6000,28479,0,307328560.000,0,-,-,-,-,5132.2000,5132.0000,5131.0000,5130.6000,5130.2000,5134.8000,5135.0000,5140.0000,5140.8000,5142.0000,1,1,6,1,1,1,2,5,5,1
SF,IC2006,2019-12-18 09:33:21.200,5133.6000,28479,0,307328560.000,0,-,-,-,-,5132.2000,5132.0000,5131.0000,5130.6000,5130.2000,5134.8000,5135.0000,5140.0000,5140.8000,5142.0000,2,1,6,1,1,1,2,5,5,1
SF,IC2006,2019-12-18 09:33:21.700,5133.6000,28479,0,307328560.000,0,-,-,-,-,5132.2000,5132.0000,5131.0000,5130.6000,5130.2000,5134.8000,5135.0000,5140.0000,5140.8000,5142.0000,2,1,6,1,1,1,2,5,5,1
SF,IC2006,2019-12-18 09:33:22.200,5135.0000,28479,0,308355560.000,1,0,1,多换,S,5132.2000,5132.0000,5131.0000,5130.6000,5130.2000,5135.0000,5140.0000,5140.8000,5142.0000,5147.6000,2,1,6,1,1,1,5,5,1,2
SF,IC2006,2019-12-18 09:33:22.700,5135.0000,28479,0,308355560.000,0,-,-,-,-,5132.4000,5132.2000,5132.0000,5131.0000,5130.6000,5135.0000,5140.0000,5140.8000,5142.0000,5147.6000,1,2,1,6,1,1,5,5,1,2
SF,IC2006,2019-12-18 09:33:23.200,5135.0000,28479,0,308355560.000,0,-,-,-,-,5132.6000,5132.4000,5132.2000,5132.0000,5131.0000,5135.0000,5140.0000,5140.8000,5142.0000,5147.6000,1,1,2,1,6,1,5,5,1,2
SF,IC2006,2019-12-18 09:33:24.200,5135.0000,28479,0,308355560.000,0,-,-,-,-,5132.8000,5132.6000,5132.4000,5132.2000,5132.0000,5134.8000,5135.0000,5140.0000,5140.8000,5142.0000,1,1,1,2,1,1,1,5,5,1
SF,IC2006,2019-12-18 09:33:24.700,5135.0000,28479,0,308355560.000,0,-,-,-,-,5133.0000,5132.8000,5132.4000,5132.2000,5132.0000,5134.8000,5135.0000,5140.0000,5140.8000,5142.0000,1,1,1,2,1,1,1,5,5,1
SF,IC2006,2019-12-18 09:33:25.200,5135.0000,28479,0,308355560.000,0,-,-,-,-,5133.0000,5132.8000,5132.4000,5132.2000,5132.0000,5134.8000,5135.0000,5140.0000,5140.8000,5142.0000,1,1,1,2,1,2,3,5,5,1
SF,IC2006,2019-12-18 09:33:25.700,5135.0000,28479,0,309382560.000,1,0,1,多换,S,5133.0000,5132.8000,5132.2000,5132.0000,5131.0000,5135.0000,5140.0000,5140.8000,5142.0000,5147.6000,1,1,2,1,6,3,5,5,1,2
SF,IC2006,2019-12-18 09:33:26.700,5135.0000,28479,0,309382560.000,0,-,-,-,-,5133.0000,5132.8000,5132.2000,5132.0000,5131.0000,5135.0000,5140.0000,5140.8000,5142.0000,5147.6000,1,1,2,1,6,1,5,5,1,2
SF,IC2006,2019-12-18 09:33:27.200,5135.0000,28479,0,309382560.000,0,-,-,-,-,5133.2000,5133.0000,5132.8000,5132.2000,5132.0000,5135.0000,5140.0000,5140.8000,5142.0000,5147.6000,1,1,1,2,1,3,5,5,1,2
SF,IC2006,2019-12-18 09:33:27.700,5133.2000,28480,1,311435840.000,2,1,1,空开,S,5133.0000,5132.8000,5132.2000,5132.0000,5131.0000,5135.0000,5140.0000,5140.8000,5142.0000,5147.6000,6,1,2,1,6,3,5,5,1,2
SF,IC2006,2019-12-18 09:33:28.200,5134.8000,28479,-1,312462800.000,1,0,1,双平,S,5133.0000,5132.8000,5132.2000,5132.0000,5131.0000,5134.8000,5135.0000,5140.0000,5140.8000,5142.0000,6,1,2,1,6,1,3,5,5,1
SF,IC2006,2019-12-18 09:33:28.700,5134.8000,28479,0,313489760.000,1,0,1,多换,S,5133.2000,5133.0000,5132.8000,5132.2000,5132.0000,5135.0000,5140.0000,5140.8000,5142.0000,5147.6000,1,6,1,2,1,1,5,5,1,2
SF,IC2006,2019-12-18 09:33:29.200,5133.2000,28479,0,314516400.000,1,0,1,多换,S,5133.0000,5132.8000,5132.2000,5132.0000,5131.0000,5135.0000,5140.0000,5140.8000,5142.0000,5147.6000,6,1,2,1,6,1,5,5,1,2
SF,IC2006,2019-12-18 09:33:29.700,5133.2000,28479,0,314516400.000,0,-,-,-,-,5133.2000,5133.0000,5132.8000,5132.2000,5132.0000,5135.0000,5140.0000,5140.8000,5142.0000,5147.6000,1,6,1,2,1,4,5,5,1,2
SF,IC2006,2019-12-18 09:33:30.200,5133.2000,28479,0,314516400.000,0,-,-,-,-,5133.2000,5133.0000,5132.8000,5132.2000,5132.0000,5135.0000,5140.0000,5140.8000,5142.0000,5147.6000,1,7,1,2,1,4,5,5,1,2
SF,IC2006,2019-12-18 09:33:30.700,5133.2000,28479,0,314516400.000,0,-,-,-,-,5133.2000,5133.0000,5132.8000,5132.2000,5132.0000,5135.0000,5140.0000,5140.8000,5142.0000,5147.6000,1,7,1,2,1,2,5,5,1,2
SF,IC2006,2019-12-18 09:33:31.200,5133.2000,28479,0,314516400.000,0,-,-,-,-,5133.2000,5133.0000,5132.8000,5132.2000,5132.0000,5135.0000,5140.0000,5140.8000,5142.0000,5147.6000,2,7,1,2,1,2,5,5,1,2
SF,IC2006,2019-12-18 09:33:31.700,5133.2000,28479,0,314516400.000,0,-,-,-,-,5133.2000,5133.0000,5132.8000,5132.2000,5132.0000,5135.0000,5136.0000,5140.0000,5140.8000,5142.0000,2,7,1,2,1,2,1,5,5,1
SF,IC2006,2019-12-18 09:33:32.200,5133.2000,28479,0,314516400.000,0,-,-,-,-,5133.2000,5133.0000,5132.8000,5132.2000,5132.0000,5133.6000,5135.0000,5136.0000,5140.0000,5140.8000,1,7,1,2,1,1,1,1,5,5
SF,IC2006,2019-12-18 09:33:32.700,5133.6000,28478,-1,315543120.000,1,0,1,双平,S,5133.0000,5132.8000,5132.2000,5132.0000,5131.0000,5135.0000,5136.0000,5140.0000,5140.8000,5142.0000,7,1,2,1,6,1,1,5,5,1
SF,IC2006,2019-12-18 09:33:33.200,5133.2000,28478,0,316569760.000,1,0,1,多换,S,5133.0000,5132.8000,5132.2000,5132.0000,5131.0000,5135.0000,5136.0000,5140.0000,5140.8000,5142.0000,7,1,2,1,6,3,1,5,5,1
SF,IC2006,2019-12-18 09:33:33.700,5133.2000,28478,0,316569760.000,0,-,-,-,-,5133.0000,5132.8000,5132.2000,5132.0000,5131.0000,5134.8000,5135.0000,5136.0000,5140.0000,5140.8000,7,3,2,1,6,1,3,1,5,5
SF,IC2006,2019-12-18 09:33:34.200,5133.2000,28478,0,316569760.000,0,-,-,-,-,5133.0000,5132.8000,5132.2000,5132.0000,5131.0000,5134.8000,5135.0000,5136.0000,5140.0000,5140.8000,7,3,2,1,6,1,3,1,5,5
SF,IC2006,2019-12-18 09:33:34.700,5133.2000,28478,0,316569760.000,0,-,-,-,-,5133.0000,5132.8000,5132.2000,5132.0000,5131.0000,5134.4000,5134.8000,5135.0000,5140.0000,5140.8000,7,3,2,1,6,1,1,3,5,5
SF,IC2006,2019-12-18 09:33:35.200,5133.2000,28478,0,316569760.000,0,-,-,-,-,5134.4000,5133.0000,5132.8000,5132.2000,5132.0000,5134.8000,5135.0000,5135.6000,5140.0000,5140.8000,1,7,3,2,1,1,3,1,5,5
SF,IC2006,2019-12-18 09:33:35.700,5134.0000,28477,-1,317596560.000,1,0,1,双平,S,5133.0000,5132.8000,5132.2000,5132.0000,5131.0000,5135.0000,5135.6000,5140.0000,5140.8000,5142.0000,7,3,2,1,6,1,1,5,5,1
SF,IC2006,2019-12-18 09:33:36.200,5134.0000,28477,0,317596560.000,0,-,-,-,-,5133.2000,5133.0000,5132.8000,5132.2000,5132.0000,5135.0000,5135.6000,5140.0000,5140.8000,5142.0000,2,7,3,2,1,1,1,5,5,1
SF,IC2006,2019-12-18 09:33:36.700,5134.0000,28477,0,317596560.000,0,-,-,-,-,5133.2000,5133.0000,5132.8000,5132.2000,5132.0000,5135.0000,5135.6000,5140.0000,5140.8000,5142.0000,2,7,3,2,1,1,1,5,5,1
SF,IC2006,2019-12-18 09:33:37.200,5134.0000,28477,0,317596560.000,0,-,-,-,-,5133.2000,5133.0000,5132.8000,5132.6000,5132.2000,5135.0000,5135.6000,5140.0000,5140.8000,5142.0000,2,7,3,1,2,1,1,5,5,1
SF,IC2006,2019-12-18 09:33:37.700,5135.0000,28476,-1,318623560.000,1,0,1,双平,S,5133.2000,5133.0000,5132.8000,5132.6000,5132.2000,5135.6000,5140.0000,5140.8000,5142.0000,5147.6000,2,7,3,1,2,1,5,5,1,2
SF,IC2006,2019-12-18 09:33:38.200,5135.0000,28476,0,318623560.000,0,-,-,-,-,5133.2000,5133.0000,5132.8000,5132.6000,5132.2000,5135.6000,5140.0000,5140.8000,5142.0000,5147.6000,2,7,3,1,2,1,5,5,1,2
SF,IC2006,2019-12-18 09:33:38.700,5135.0000,28476,0,318623560.000,0,-,-,-,-,5133.2000,5133.0000,5132.8000,5132.6000,5132.2000,5135.6000,5140.0000,5140.8000,5142.0000,5147.6000,2,7,3,1,2,1,5,5,1,2
SF,IC2006,2019-12-18 09:33:39.200,5135.0000,28476,0,318623560.000,0,-,-,-,-,5133.2000,5133.0000,5132.8000,5132.6000,5132.2000,5135.6000,5140.0000,5140.8000,5142.0000,5147.6000,3,7,3,1,2,1,5,5,1,2
SF,IC2006,2019-12-18 09:33:39.700,5135.0000,28476,0,318623560.000,0,-,-,-,-,5133.2000,5133.0000,5132.8000,5132.6000,5132.2000,5135.6000,5140.0000,5140.8000,5142.0000,5147.6000,3,7,3,1,2,1,5,5,1,2
SF,IC2006,2019-12-18 09:33:40.200,5135.0000,28476,0,318623560.000,0,-,-,-,-,5133.2000,5133.0000,5132.8000,5132.6000,5132.2000,5135.6000,5140.0000,5140.8000,5142.0000,5147.6000,3,7,3,1,2,1,5,5,1,2
SF,IC2006,2019-12-18 09:33:40.700,5135.6000,28474,-2,320677360.000,2,0,2,双平,S,5133.4000,5133.2000,5133.0000,5132.8000,5132.6000,5140.0000,5140.8000,5142.0000,5147.6000,5148.0000,1,3,7,3,1,5,5,1,2,1
SF,IC2006,2019-12-18 09:33:41.200,5135.6000,28474,0,320677360.000,0,-,-,-,-,5133.6000,5133.4000,5133.2000,5133.0000,5132.8000,5137.6000,5138.2000,5139.8000,5140.0000,5140.8000,2,1,2,7,3,1,1,4,7,5
SF,IC2006,2019-12-18 09:33:41.700,5135.6000,28474,0,320677360.000,0,-,-,-,-,5133.6000,5133.4000,5133.2000,5133.0000,5132.8000,5137.4000,5137.6000,5138.2000,5139.8000,5140.0000,2,1,2,7,3,1,1,1,1,7
SF,IC2006,2019-12-18 09:33:42.700,5135.6000,28474,0,320677360.000,0,-,-,-,-,5133.8000,5133.6000,5133.4000,5133.2000,5133.0000,5137.4000,5137.6000,5138.2000,5139.8000,5140.0000,1,2,1,2,7,1,1,1,1,7
SF,IC2006,2019-12-18 09:33:43.200,5135.6000,28474,0,320677360.000,0,-,-,-,-,5135.0000,5134.0000,5133.8000,5133.6000,5133.4000,5137.4000,5137.6000,5138.2000,5139.8000,5140.0000,1,2,1,1,1,1,1,1,1,7
SF,IC2006,2019-12-18 09:33:43.700,5135.6000,28474,0,320677360.000,0,-,-,-,-,5135.0000,5134.0000,5133.8000,5133.6000,5133.4000,5137.4000,5137.6000,5138.2000,5139.8000,5140.0000,1,2,1,1,1,1,1,1,1,7
SF,IC2006,2019-12-18 09:33:44.200,5135.6000,28474,0,320677360.000,0,-,-,-,-,5135.0000,5134.0000,5133.8000,5133.4000,5133.2000,5137.2000,5137.4000,5137.6000,5138.2000,5139.8000,1,2,1,1,1,1,1,1,1,1
SF,IC2006,2019-12-18 09:33:44.700,5137.2000,28474,0,322732200.000,2,1,1,多换,S,5137.4000,5135.0000,5134.0000,5133.8000,5133.4000,5137.6000,5138.2000,5139.8000,5140.0000,5140.8000,1,1,2,1,1,1,1,1,7,5
SF,IC2006,2019-12-18 09:33:45.200,5137.4000,28474,0,323759680.000,1,0,1,多换,S,5135.0000,5134.0000,5133.8000,5133.4000,5133.2000,5137.4000,5137.6000,5138.2000,5139.8000,5140.0000,1,1,1,1,1,11,1,1,1,7
SF,IC2006,2019-12-18 09:33:45.700,5137.4000,28474,0,323759680.000,0,-,-,-,-,5135.2000,5135.0000,5133.8000,5133.4000,5133.2000,5137.4000,5137.6000,5138.2000,5139.8000,5140.0000,2,1,1,1,1,3,1,1,1,7
SF,IC2006,2019-12-18 09:33:46.200,5137.4000,28474,0,323759680.000,0,-,-,-,-,5135.2000,5135.0000,5133.8000,5133.4000,5133.2000,5137.4000,5137.6000,5138.2000,5139.8000,5140.0000,1,1,1,1,1,3,1,1,1,7
SF,IC2006,2019-12-18 09:33:46.700,5137.4000,28475,1,327869160.000,4,2,2,空开,S,5135.0000,5133.8000,5133.4000,5133.2000,5133.0000,5137.6000,5138.2000,5139.8000,5140.0000,5140.8000,1,1,1,1,7,1,1,1,7,5
SF,IC2006,2019-12-18 09:33:47.200,5137.4000,28475,0,327869160.000,0,-,-,-,-,5135.4000,5135.2000,5135.0000,5133.8000,5133.4000,5137.2000,5137.6000,5138.2000,5139.8000,5140.0000,1,1,1,1,1,1,1,1,1,7
SF,IC2006,2019-12-18 09:33:47.700,5137.4000,28475,0,327869160.000,0,-,-,-,-,5135.6000,5135.4000,5135.0000,5133.8000,5133.4000,5137.6000,5138.2000,5139.8000,5140.0000,5140.8000,1,1,1,1,1,1,1,1,7,5
SF,IC2006,2019-12-18 09:33:48.200,5137.4000,28475,0,327869160.000,0,-,-,-,-,5135.6000,5135.4000,5135.0000,5133.4000,5133.2000,5137.0000,5137.6000,5138.2000,5139.8000,5140.0000,1,1,1,1,1,5,1,1,1,7
SF,IC2006,2019-12-18 09:33:48.700,5137.4000,28475,0,327869160.000,0,-,-,-,-,5135.6000,5135.4000,5135.0000,5133.4000,5133.2000,5136.0000,5137.0000,5137.6000,5138.2000,5139.8000,2,1,1,1,1,1,5,1,1,1
SF,IC2006,2019-12-18 09:33:49.200,5136.0000,28474,-1,328896360.000,1,0,1,双平,S,5136.0000,5135.6000,5135.4000,5135.0000,5133.4000,5136.6000,5137.0000,5137.6000,5138.2000,5139.8000,1,1,1,1,1,1,5,1,1,1
SF,IC2006,2019-12-18 09:33:49.700,5136.0000,28473,-1,329923560.000,1,0,1,双平,S,5135.6000,5135.4000,5135.0000,5133.4000,5133.2000,5136.6000,5137.0000,5137.6000,5138.2000,5139.8000,1,1,1,1,1,1,5,1,1,1
SF,IC2006,2019-12-18 09:33:50.700,5136.0000,28473,0,329923560.000,0,-,-,-,-,5135.6000,5135.4000,5135.0000,5133.4000,5133.2000,5136.6000,5137.0000,5137.6000,5138.2000,5138.6000,1,1,1,1,1,1,5,1,1,1
SF,IC2006,2019-12-18 09:33:51.200,5136.6000,28472,-1,330950880.000,1,0,1,双平,S,5136.6000,5135.6000,5135.4000,5135.0000,5133.4000,5137.0000,5137.6000,5138.2000,5138.6000,5139.8000,3,2,1,1,1,5,1,1,1,1
SF,IC2006,2019-12-18 09:33:51.700,5136.6000,28470,-2,334032840.000,3,0,3,多平,S,5135.6000,5135.4000,5135.0000,5133.4000,5133.2000,5137.0000,5137.6000,5138.2000,5138.6000,5139.8000,2,1,1,1,1,5,1,1,1,1
SF,IC2006,2019-12-18 09:33:52.200,5137.0000,28470,0,335060240.000,1,0,1,多换,S,5135.8000,5135.6000,5135.4000,5135.0000,5133.2000,5137.0000,5137.6000,5138.2000,5138.6000,5139.8000,1,2,1,1,1,4,1,1,1,1
SF,IC2006,2019-12-18 09:33:52.700,5137.0000,28470,0,335060240.000,0,-,-,-,-,5135.8000,5135.6000,5135.4000,5135.0000,5133.2000,5137.0000,5137.6000,5138.2000,5138.6000,5139.8000,2,2,1,1,1,4,1,1,1,1
SF,IC2006,2019-12-18 09:33:53.200,5137.0000,28470,0,337115040.000,2,1,1,多换,S,5135.8000,5135.6000,5135.4000,5135.0000,5133.2000,5137.0000,5138.0000,5138.6000,5139.8000,5140.0000,2,2,1,1,1,2,1,1,1,7
SF,IC2006,2019-12-18 09:33:53.700,5137.0000,28470,0,337115040.000,0,-,-,-,-,5136.0000,5135.8000,5135.6000,5135.4000,5135.0000,5137.0000,5138.0000,5138.6000,5139.8000,5140.0000,1,2,2,1,1,2,1,1,1,7
SF,IC2006,2019-12-18 09:33:54.700,5136.0000,28470,0,338142240.000,1,0,1,多换,S,5135.8000,5135.6000,5135.4000,5135.0000,5133.2000,5137.0000,5138.0000,5138.6000,5139.8000,5140.0000,2,2,1,1,1,2,1,1,1,7
SF,IC2006,2019-12-18 09:33:55.200,5136.0000,28470,0,338142240.000,0,-,-,-,-,5135.8000,5135.6000,5135.0000,5133.2000,5133.0000,5137.0000,5137.8000,5138.0000,5138.6000,5139.8000,2,2,1,1,6,2,1,1,1,1
SF,IC2006,2019-12-18 09:33:55.700,5137.0000,28470,0,339169640.000,1,0,1,多换,S,5135.8000,5135.6000,5135.0000,5133.2000,5133.0000,5137.0000,5137.8000,5138.0000,5138.6000,5139.8000,2,1,1,1,6,1,1,1,1,1
SF,IC2006,2019-12-18 09:33:57.200,5137.0000,28470,0,339169640.000,0,-,-,-,-,5135.8000,5135.6000,5135.0000,5133.2000,5133.0000,5136.8000,5137.0000,5137.8000,5138.0000,5138.6000,2,1,1,1,6,1,1,1,2,1
SF,IC2006,2019-12-18 09:33:57.700,5137.0000,28470,0,339169640.000,0,-,-,-,-,5135.8000,5135.6000,5135.0000,5133.2000,5133.0000,5136.8000,5137.0000,5137.8000,5138.0000,5138.6000,1,1,1,1,6,1,1,1,2,1
SF,IC2006,2019-12-18 09:33:58.700,5137.0000,28470,0,339169640.000,0,-,-,-,-,5136.0000,5135.6000,5135.0000,5133.2000,5133.0000,5136.8000,5137.0000,5137.8000,5138.0000,5138.6000,1,1,1,1,6,1,1,1,2,1
SF,IC2006,2019-12-18 09:33:59.200,5135.6000,28470,0,341223960.000,2,1,1,多换,S,5135.0000,5133.2000,5133.0000,5132.8000,5132.6000,5136.0000,5136.6000,5136.8000,5137.0000,5137.8000,1,1,6,1,1,4,2,1,2,1
SF,IC2006,2019-12-18 09:33:59.700,5136.0000,28471,1,343278160.000,2,1,1,空开,S,5133.2000,5133.0000,5132.8000,5132.6000,5132.0000,5136.6000,5136.8000,5137.0000,5137.8000,5138.0000,1,6,1,1,1,1,1,2,1,2
SF,IC2006,2019-12-18 09:34:00.200,5136.0000,28471,0,343278160.000,0,-,-,-,-,5133.4000,5133.2000,5133.0000,5132.8000,5132.6000,5136.6000,5136.8000,5137.0000,5137.8000,5138.0000,3,1,6,1,1,1,1,2,1,2
SF,IC2006,2019-12-18 09:34:00.700,5136.0000,28471,0,343278160.000,0,-,-,-,-,5133.4000,5133.2000,5133.0000,5132.8000,5132.6000,5136.6000,5136.8000,5137.0000,5137.8000,5138.0000,3,1,6,1,1,2,1,2,1,2
SF,IC2006,2019-12-18 09:34:01.200,5136.0000,28471,0,343278160.000,0,-,-,-,-,5133.4000,5133.2000,5133.0000,5132.8000,5132.6000,5136.4000,5136.6000,5136.8000,5137.0000,5137.8000,2,1,6,1,1,1,2,1,2,1
SF,IC2006,2019-12-18 09:34:01.700,5136.0000,28471,0,343278160.000,0,-,-,-,-,5133.6000,5133.4000,5133.2000,5133.0000,5132.8000,5136.2000,5136.4000,5136.6000,5136.8000,5137.0000,1,2,1,6,1,1,2,1,1,2
SF,IC2006,2019-12-18 09:34:02.200,5135.0000,28471,0,345331880.000,2,1,1,多换,S,5133.4000,5133.2000,5133.0000,5132.8000,5132.6000,5135.0000,5135.8000,5136.2000,5136.4000,5136.8000,1,1,6,1,1,1,1,1,1,1
SF,IC2006,2019-12-18 09:34:02.700,5135.0000,28471,0,345331880.000,0,-,-,-,-,5133.4000,5133.2000,5133.0000,5132.6000,5132.0000,5135.0000,5135.6000,5135.8000,5136.0000,5136.2000,1,1,6,1,1,1,1,1,1,1
SF,IC2006,2019-12-18 09:34:03.200,5135.0000,28471,0,345331880.000,0,-,-,-,-,5133.4000,5133.2000,5133.0000,5132.6000,5132.0000,5135.0000,5135.6000,5135.8000,5136.0000,5136.2000,1,1,6,1,1,1,1,2,2,1
SF,IC2006,2019-12-18 09:34:03.700,5135.0000,28471,0,345331880.000,0,-,-,-,-,5133.4000,5133.2000,5133.0000,5132.6000,5132.0000,5135.0000,5135.8000,5136.2000,5136.8000,5137.0000,1,1,6,1,1,1,2,1,1,2
SF,IC2006,2019-12-18 09:34:04.200,5135.0000,28471,0,345331880.000,0,-,-,-,-,5133.4000,5133.2000,5133.0000,5132.6000,5132.0000,5134.8000,5135.0000,5135.8000,5136.2000,5136.8000,2,1,6,1,1,1,1,1,1,1
SF,IC2006,2019-12-18 09:34:04.700,5135.0000,28471,0,345331880.000,0,-,-,-,-,5133.6000,5133.4000,5133.2000,5133.0000,5132.6000,5134.8000,5135.0000,5135.8000,5136.2000,5136.8000,4,2,1,6,1,1,1,1,1,1
SF,IC2006,2019-12-18 09:34:05.700,5135.0000,28471,0,345331880.000,0,-,-,-,-,5133.6000,5133.4000,5133.2000,5133.0000,5132.6000,5134.6000,5134.8000,5135.0000,5135.8000,5136.2000,4,2,1,6,1,1,1,1,1,1
SF,IC2006,2019-12-18 09:34:06.200,5135.0000,28471,0,345331880.000,0,-,-,-,-,5133.8000,5133.6000,5133.4000,5133.2000,5133.0000,5134.8000,5135.0000,5135.8000,5136.2000,5136.8000,1,4,1,1,7,1,1,1,1,1
SF,IC2006,2019-12-18 09:34:06.700,5135.0000,28471,0,345331880.000,0,-,-,-,-,5133.8000,5133.6000,5133.4000,5133.2000,5133.0000,5134.8000,5135.0000,5135.8000,5136.2000,5136.8000,1,3,1,1,7,1,1,1,1,1
SF,IC2006,2019-12-18 09:34:07.700,5135.0000,28471,0,345331880.000,0,-,-,-,-,5133.8000,5133.6000,5133.4000,5133.2000,5133.0000,5134.6000,5134.8000,5135.0000,5136.2000,5136.8000,1,3,1,1,7,1,1,1,1,1
SF,IC2006,2019-12-18 09:34:08.700,5133.8000,28471,0,346358640.000,1,0,1,多换,S,5133.6000,5133.4000,5133.2000,5133.0000,5132.6000,5134.6000,5134.8000,5135.0000,5136.2000,5136.8000,3,1,1,7,1,1,1,1,1,1
SF,IC2006,2019-12-18 09:34:09.200,5133.8000,28471,0,346358640.000,0,-,-,-,-,5133.6000,5133.4000,5133.0000,5132.6000,5132.0000,5134.8000,5135.0000,5136.2000,5136.8000,5137.0000,3,1,7,1,1,1,1,1,1,2
SF,IC2006,2019-12-18 09:34:09.700,5133.8000,28471,0,346358640.000,0,-,-,-,-,5133.6000,5133.4000,5133.0000,5132.6000,5132.0000,5134.8000,5135.0000,5136.2000,5137.0000,5137.8000,4,1,7,1,1,2,1,1,2,1
SF,IC2006,2019-12-18 09:34:10.200,5133.8000,28471,0,346358640.000,0,-,-,-,-,5133.6000,5133.4000,5133.0000,5132.6000,5132.0000,5135.0000,5136.2000,5136.6000,5137.0000,5137.8000,4,1,7,1,1,1,1,1,2,1
SF,IC2006,2019-12-18 09:34:10.700,5133.8000,28471,0,346358640.000,0,-,-,-,-,5133.6000,5133.4000,5133.0000,5132.6000,5132.0000,5134.8000,5135.0000,5136.2000,5136.6000,5137.0000,4,1,7,1,1,1,1,1,1,2
SF,IC2006,2019-12-18 09:34:11.200,5133.6000,28471,0,348412080.000,2,1,1,多换,S,5133.6000,5133.4000,5133.0000,5132.6000,5132.0000,5134.8000,5135.0000,5136.2000,5136.6000,5137.0000,2,1,7,1,1,2,1,1,1,2
SF,IC2006,2019-12-18 09:34:11.700,5133.6000,28471,0,348412080.000,0,-,-,-,-,5133.6000,5133.4000,5133.0000,5132.6000,5132.0000,5134.8000,5135.0000,5136.6000,5137.0000,5137.8000,2,1,7,1,1,3,1,1,2,1
SF,IC2006,2019-12-18 09:34:12.200,5133.6000,28470,-1,350465520.000,2,0,2,多平,S,5133.4000,5133.0000,5132.6000,5132.0000,5131.0000,5133.6000,5134.0000,5134.4000,5134.6000,5134.8000,1,7,1,1,5,2,1,1,1,3
SF,IC2006,2019-12-18 09:34:12.700,5133.6000,28469,-1,351492240.000,1,0,1,双平,S,5133.4000,5133.0000,5132.6000,5132.0000,5131.0000,5134.4000,5134.8000,5135.0000,5135.8000,5137.0000,1,7,1,1,5,1,1,1,1,2
SF,IC2006,2019-12-18 09:34:13.200,5133.6000,28469,0,351492240.000,0,-,-,-,-,5133.4000,5133.0000,5132.6000,5132.0000,5131.0000,5134.2000,5134.4000,5134.8000,5135.0000,5135.8000,1,7,1,1,5,1,1,1,1,1
SF,IC2006,2019-12-18 09:34:14.200,5134.2000,28468,-1,352519080.000,1,0,1,双平,S,5133.4000,5133.0000,5132.6000,5132.0000,5131.0000,5134.4000,5134.8000,5135.0000,5135.8000,5137.0000,1,7,1,1,5,1,1,1,1,2
SF,IC2006,2019-12-18 09:34:14.700,5134.4000,28467,-1,353545960.000,1,0,1,双平,S,5133.4000,5133.0000,5132.6000,5132.0000,5131.0000,5135.0000,5135.8000,5137.0000,5137.8000,5138.0000,1,7,1,1,5,1,1,2,1,2
SF,IC2006,2019-12-18 09:34:15.200,5134.4000,28467,0,353545960.000,0,-,-,-,-,5133.6000,5133.4000,5133.0000,5132.6000,5132.0000,5135.0000,5135.8000,5137.0000,5137.8000,5138.0000,1,1,7,1,1,1,1,2,1,2
SF,IC2006,2019-12-18 09:34:15.700,5134.4000,28467,0,353545960.000,0,-,-,-,-,5133.6000,5133.4000,5133.0000,5132.6000,5132.0000,5135.0000,5135.8000,5137.0000,5137.8000,5138.0000,1,1,7,1,1,1,1,2,1,1
SF,IC2006,2019-12-18 09:34:16.200,5134.4000,28467,0,353545960.000,0,-,-,-,-,5133.6000,5133.4000,5133.0000,5132.6000,5132.2000,5135.0000,5135.8000,5137.0000,5137.8000,5138.0000,1,1,7,1,1,1,1,2,1,2
SF,IC2006,2019-12-18 09:34:16.700,5133.8000,28466,-1,354572720.000,1,0,1,双平,S,5133.6000,5133.4000,5133.0000,5132.6000,5132.2000,5135.8000,5137.0000,5137.8000,5138.0000,5138.6000,1,1,7,1,1,1,2,1,2,1
SF,IC2006,2019-12-18 09:34:17.200,5135.0000,28466,0,355599720.000,1,0,1,多换,S,5134.0000,5133.6000,5133.4000,5133.0000,5132.6000,5135.6000,5135.8000,5137.0000,5137.8000,5138.0000,1,1,1,7,1,1,1,2,1,2
SF,IC2006,2019-12-18 09:34:17.700,5135.0000,28466,0,355599720.000,0,-,-,-,-,5134.2000,5134.0000,5133.4000,5133.0000,5132.6000,5135.0000,5135.6000,5135.8000,5137.0000,5137.8000,1,1,1,7,1,1,1,1,2,1
SF,IC2006,2019-12-18 09:34:18.200,5134.2000,28465,-1,356626560.000,1,0,1,双平,S,5134.0000,5133.4000,5133.0000,5132.6000,5132.2000,5135.0000,5135.4000,5135.6000,5135.8000,5137.0000,1,1,7,1,1,2,1,2,1,2
SF,IC2006,2019-12-18 09:34:18.700,5134.0000,28462,-3,359706960.000,3,0,3,双平,S,5134.0000,5133.4000,5133.0000,5132.6000,5132.2000,5135.0000,5135.8000,5137.0000,5137.8000,5138.0000,3,1,7,1,1,1,1,2,1,2
SF,IC2006,2019-12-18 09:34:19.700,5134.0000,28462,0,360733760.000,1,0,1,多换,S,5134.0000,5133.4000,5133.0000,5132.6000,5132.2000,5135.0000,5135.8000,5136.6000,5137.0000,5137.8000,2,1,7,1,1,1,1,1,2,1
SF,IC2006,2019-12-18 09:34:20.700,5135.0000,28461,-1,361760760.000,1,0,1,双平,S,5135.0000,5134.0000,5133.4000,5133.0000,5132.6000,5135.8000,5136.6000,5137.0000,5137.8000,5138.0000,1,2,1,7,1,1,1,2,1,2
SF,IC2006,2019-12-18 09:34:21.200,5134.0000,28458,-3,365868160.000,4,0,4,多平,S,5133.4000,5133.0000,5132.6000,5132.2000,5132.0000,5133.6000,5135.8000,5136.6000,5137.0000,5137.8000,1,7,1,1,1,1,1,1,2,1
SF,IC2006,2019-12-18 09:34:21.700,5133.6000,28457,-1,366894880.000,1,0,1,双平,S,5133.4000,5133.0000,5132.6000,5132.2000,5132.0000,5135.8000,5136.6000,5137.0000,5137.8000,5138.0000,2,7,1,1,1,1,1,2,1,2
SF,IC2006,2019-12-18 09:34:22.200,5133.6000,28457,0,366894880.000,0,-,-,-,-,5133.6000,5133.4000,5133.0000,5132.6000,5132.2000,5135.8000,5136.6000,5137.0000,5137.8000,5138.0000,2,2,7,1,1,1,1,2,1,2
SF,IC2006,2019-12-18 09:34:22.700,5133.6000,28457,0,366894880.000,0,-,-,-,-,5133.6000,5133.4000,5133.0000,5132.6000,5132.2000,5134.0000,5135.8000,5136.6000,5137.0000,5137.8000,2,2,7,1,1,1,1,1,2,1
SF,IC2006,2019-12-18 09:34:23.200,5135.8000,28456,-1,368948840.000,2,0,2,多平,S,5133.6000,5133.4000,5133.0000,5132.6000,5132.2000,5135.6000,5136.6000,5137.0000,5137.8000,5138.0000,1,2,7,1,1,1,1,2,1,2
SF,IC2006,2019-12-18 09:34:23.700,5134.2000,28455,-1,369975680.000,1,0,1,双平,S,5133.8000,5133.6000,5133.4000,5133.0000,5132.6000,5135.6000,5137.0000,5137.8000,5138.0000,5138.6000,1,1,2,7,1,1,2,1,2,1
SF,IC2006,2019-12-18 09:34:24.700,5134.2000,28455,0,369975680.000,0,-,-,-,-,5133.8000,5133.6000,5133.4000,5133.0000,5132.6000,5135.6000,5137.0000,5137.8000,5138.0000,5138.6000,1,1,2,7,1,1,2,1,2,1
SF,IC2006,2019-12-18 09:34:25.200,5134.2000,28455,0,369975680.000,0,-,-,-,-,5133.8000,5133.6000,5133.4000,5133.0000,5132.6000,5135.6000,5137.0000,5137.8000,5138.0000,5138.6000,1,1,2,7,1,1,2,1,2,1
SF,IC2006,2019-12-18 09:34:25.700,5134.2000,28455,0,369975680.000,0,-,-,-,-,5133.8000,5133.6000,5133.4000,5133.0000,5132.6000,5135.6000,5137.0000,5137.8000,5138.0000,5138.6000,1,1,1,7,1,1,2,1,2,1
SF,IC2006,2019-12-18 09:34:26.200,5134.2000,28455,0,369975680.000,0,-,-,-,-,5133.8000,5133.6000,5133.4000,5133.0000,5132.6000,5135.0000,5135.6000,5137.0000,5137.8000,5138.0000,1,1,1,7,1,1,2,2,1,2
SF,IC2006,2019-12-18 09:34:26.700,5135.0000,28454,-1,371002680.000,1,0,1,双平,S,5134.0000,5133.8000,5133.6000,5133.4000,5133.0000,5135.6000,5137.0000,5137.8000,5138.0000,5138.6000,1,1,1,1,7,2,2,1,2,1
SF,IC2006,2019-12-18 09:34:27.200,5135.0000,28454,0,371002680.000,0,-,-,-,-,5134.2000,5134.0000,5133.6000,5133.4000,5133.0000,5135.6000,5137.0000,5137.8000,5138.0000,5138.6000,1,1,1,1,7,2,2,1,2,1
SF,IC2006,2019-12-18 09:34:28.700,5134.2000,28453,-1,372029520.000,1,0,1,双平,S,5135.0000,5134.0000,5133.6000,5133.4000,5133.0000,5135.6000,5137.0000,5137.8000,5138.0000,5138.6000,1,2,1,1,7,2,2,1,2,1
SF,IC2006,2019-12-18 09:34:29.200,5134.0000,28453,0,374083320.000,2,1,1,多换,S,5134.0000,5133.4000,5133.0000,5132.6000,5132.2000,5135.6000,5137.0000,5137.8000,5138.0000,5138.6000,1,1,7,1,1,3,2,1,2,1
SF,IC2006,2019-12-18 09:34:29.700,5134.0000,28452,-1,375110120.000,1,0,1,双平,S,5133.4000,5133.0000,5132.6000,5132.2000,5132.0000,5135.0000,5135.6000,5137.0000,5137.8000,5138.0000,1,7,1,1,1,1,3,3,1,2
SF,IC2006,2019-12-18 09:34:30.200,5134.0000,28452,0,375110120.000,0,-,-,-,-,5133.4000,5133.0000,5132.6000,5132.2000,5132.0000,5134.6000,5135.0000,5135.6000,5137.0000,5137.8000,1,7,1,1,1,1,1,3,3,1
SF,IC2006,2019-12-18 09:34:30.700,5134.0000,28452,0,375110120.000,0,-,-,-,-,5133.4000,5133.0000,5132.6000,5132.2000,5132.0000,5134.6000,5134.8000,5135.0000,5135.6000,5137.0000,1,7,1,1,1,1,1,1,3,3
SF,IC2006,2019-12-18 09:34:31.200,5133.4000,28451,-1,376136800.000,1,0,1,双平,S,5133.0000,5132.6000,5132.2000,5132.0000,5131.0000,5133.4000,5134.6000,5134.8000,5135.0000,5135.6000,7,1,1,1,5,1,1,1,1,3
SF,IC2006,2019-12-18 09:34:31.700,5133.4000,28450,-1,377163480.000,1,0,1,双平,S,5133.4000,5133.0000,5132.6000,5132.2000,5132.0000,5134.6000,5134.8000,5135.6000,5137.0000,5137.8000,1,7,1,1,1,1,1,3,3,1
SF,IC2006,2019-12-18 09:34:32.200,5133.4000,28450,0,377163480.000,0,-,-,-,-,5133.0000,5132.6000,5132.2000,5132.0000,5131.0000,5133.4000,5134.4000,5134.8000,5135.6000,5137.0000,7,1,1,1,5,1,1,1,2,3
SF,IC2006,2019-12-18 09:34:32.700,5133.4000,28450,0,377163480.000,0,-,-,-,-,5133.0000,5132.6000,5132.2000,5132.0000,5131.0000,5134.4000,5134.8000,5135.6000,5137.0000,5137.8000,7,1,1,1,5,1,2,2,2,1
SF,IC2006,2019-12-18 09:34:33.200,5133.4000,28450,0,377163480.000,0,-,-,-,-,5133.0000,5132.6000,5132.2000,5132.0000,5131.0000,5133.2000,5134.4000,5134.8000,5135.6000,5137.0000,7,1,1,1,5,1,1,1,2,2
SF,IC2006,2019-12-18 09:34:33.700,5133.2000,28450,0,378190120.000,1,0,1,多换,S,5133.2000,5133.0000,5132.6000,5132.2000,5132.0000,5134.4000,5134.8000,5135.6000,5137.0000,5137.8000,1,7,1,1,1,1,1,2,2,1
SF,IC2006,2019-12-18 09:34:34.200,5133.2000,28449,-1,379216760.000,1,0,1,双平,S,5133.0000,5132.6000,5132.2000,5132.0000,5131.0000,5134.4000,5135.6000,5137.0000,5137.8000,5138.0000,7,1,1,1,5,1,2,2,1,2
SF,IC2006,2019-12-18 09:34:34.700,5133.2000,28449,0,379216760.000,0,-,-,-,-,5133.0000,5132.6000,5132.2000,5132.0000,5131.0000,5134.4000,5135.6000,5135.8000,5137.0000,5137.8000,7,1,1,1,5,1,2,2,2,1
SF,IC2006,2019-12-18 09:34:35.700,5133.2000,28449,0,379216760.000,0,-,-,-,-,5133.0000,5132.6000,5132.2000,5132.0000,5131.0000,5134.4000,5135.6000,5135.8000,5136.2000,5137.0000,7,1,1,1,5,1,2,2,1,2
SF,IC2006,2019-12-18 09:34:37.200,5133.2000,28449,0,379216760.000,0,-,-,-,-,5133.0000,5132.6000,5132.2000,5132.0000,5131.0000,5134.4000,5135.6000,5135.8000,5136.2000,5137.0000,7,1,1,1,5,1,2,2,1,2
SF,IC2006,2019-12-18 09:34:37.700,5133.2000,28449,0,379216760.000,0,-,-,-,-,5133.0000,5132.6000,5132.2000,5132.0000,5131.0000,5134.4000,5135.6000,5135.8000,5136.2000,5137.0000,7,1,1,1,5,1,2,2,1,2
SF,IC2006,2019-12-18 09:34:38.200,5133.2000,28449,0,379216760.000,0,-,-,-,-,5133.0000,5132.6000,5132.2000,5132.0000,5131.0000,5134.4000,5135.6000,5135.8000,5136.2000,5137.0000,8,1,1,1,5,1,2,2,1,2
SF,IC2006,2019-12-18 09:34:38.700,5133.0000,28449,0,382296560.000,3,1,2,多换,S,5133.0000,5132.6000,5132.2000,5132.0000,5131.0000,5134.4000,5135.6000,5135.8000,5136.2000,5137.0000,5,1,1,1,5,1,2,2,1,2
SF,IC2006,2019-12-18 09:34:39.200,5133.0000,28449,0,382296560.000,0,-,-,-,-,5133.0000,5132.6000,5132.2000,5132.0000,5131.0000,5134.4000,5135.6000,5135.8000,5136.2000,5137.0000,5,1,1,1,5,1,2,2,1,2
SF,IC2006,2019-12-18 09:34:39.700,5133.0000,28449,0,388456440.000,6,3,3,多换,S,5134.4000,5132.6000,5132.2000,5132.0000,5131.0000,5135.6000,5135.8000,5136.2000,5137.0000,5137.8000,1,1,1,1,5,2,2,1,2,1
SF,IC2006,2019-12-18 09:34:40.200,5134.4000,28449,0,389483320.000,1,0,1,多换,S,5132.6000,5132.2000,5132.0000,5131.0000,5130.6000,5135.0000,5135.6000,5135.8000,5136.2000,5137.0000,1,1,1,5,1,1,2,2,1,2
SF,IC2006,2019-12-18 09:34:40.700,5134.4000,28449,0,389483320.000,0,-,-,-,-,5132.8000,5132.6000,5132.2000,5132.0000,5131.0000,5134.4000,5134.8000,5135.0000,5135.6000,5135.8000,2,1,1,1,5,1,2,2,2,2
SF,IC2006,2019-12-18 09:34:41.200,5134.4000,28449,0,389483320.000,0,-,-,-,-,5132.8000,5132.6000,5132.2000,5132.0000,5131.0000,5134.4000,5134.8000,5135.0000,5135.6000,5135.8000,2,1,1,1,5,1,3,2,2,2
SF,IC2006,2019-12-18 09:34:41.700,5134.4000,28449,0,389483320.000,0,-,-,-,-,5132.8000,5132.6000,5132.2000,5132.0000,5131.0000,5134.4000,5134.8000,5135.0000,5135.6000,5135.8000,2,1,1,1,5,1,3,2,2,2
SF,IC2006,2019-12-18 09:34:42.200,5134.4000,28449,0,389483320.000,0,-,-,-,-,5132.8000,5132.6000,5132.2000,5132.0000,5131.0000,5133.0000,5134.4000,5134.8000,5135.0000,5135.6000,2,1,1,1,5,1,1,3,2,2
SF,IC2006,2019-12-18 09:34:42.700,5133.0000,28448,-1,390509920.000,1,0,1,双平,S,5133.0000,5132.8000,5132.6000,5132.2000,5132.0000,5134.8000,5135.0000,5135.6000,5135.8000,5136.2000,1,1,1,1,1,2,2,2,2,1
