市场代码,合约代码,时间,最新,持仓,增仓,成交额,成交量,开仓,平仓,成交类型,方向,买一价,买二价,买三价,买四价,买五价,卖一价,卖二价,卖三价,卖四价,卖五价,买一量,买二量,买三量,买四量,买五量,卖一量,卖二量,卖三量,卖四量,卖五量
SF,IC2011,2020-09-23 09:29:00.100,6214.2000,3237,0,2485680.000,2.000,-,-,-,-,6214.0000,6211.8000,6211.4000,6204.6000,6202.2000,6220.0000,6224.0000,6229.8000,6232.0000,6235.4000,3,1,1,1,2,1,3,3,3,1
SF,IC2011,2020-09-23 09:30:00.100,6232.0000,3245,8,12448360.000,8,8,0,双开,S,6228.8000,6224.6000,6222.8000,6221.6000,6221.0000,6232.0000,6234.0000,6235.4000,6240.0000,6242.8000,1,1,1,1,1,2,1,1,3,3
SF,IC2011,2020-09-23 09:30:00.600,6232.0000,3244,-1,13694760.000,1,0,1,双平,S,6232.0000,6229.0000,6224.6000,6222.8000,6222.0000,6234.0000,6235.4000,6242.8000,6243.0000,6244.8000,2,1,1,1,1,1,1,3,8,1
SF,IC2011,2020-09-23 09:30:01.100,6232.0000,3242,-2,16187560.000,2,0,2,双平,S,6224.6000,6222.8000,6222.6000,6222.0000,6221.2000,6234.0000,6235.4000,6242.8000,6243.0000,6244.8000,1,1,1,1,1,2,1,3,8,1
SF,IC2011,2020-09-23 09:30:01.600,6232.0000,3242,0,16187560.000,0,-,-,-,-,6229.6000,6227.2000,6226.2000,6225.6000,6224.8000,6232.0000,6234.0000,6235.4000,6242.8000,6243.0000,1,2,1,1,3,1,2,1,3,8
SF,IC2011,2020-09-23 09:30:02.100,6229.8000,3241,-1,17433520.000,1,0,1,双平,S,6226.2000,6225.6000,6224.8000,6223.4000,6222.6000,6231.6000,6234.0000,6235.4000,6242.8000,6243.0000,1,1,2,5,1,1,1,1,3,8
SF,IC2011,2020-09-23 09:30:02.600,6229.8000,3241,0,18679480.000,1,0,1,多换,S,6226.4000,6225.6000,6223.4000,6221.0000,6220.8000,6227.6000,6230.4000,6231.4000,6234.0000,6235.4000,2,1,5,1,1,1,1,1,1,1
SF,IC2011,2020-09-23 09:30:03.100,6227.6000,3242,1,24907080.000,5,3,2,空开,S,6226.4000,6223.4000,6220.6000,6220.0000,6218.0000,6230.4000,6231.4000,6234.0000,6234.8000,6235.4000,1,5,1,1,2,1,1,1,2,1
SF,IC2011,2020-09-23 09:30:03.600,6227.6000,3242,0,24907080.000,0,-,-,-,-,6226.4000,6223.4000,6220.6000,6218.0000,6214.2000,6229.2000,6229.6000,6231.4000,6234.0000,6234.8000,1,5,1,2,1,1,1,1,1,2
SF,IC2011,2020-09-23 09:30:04.100,6227.6000,3242,0,24907080.000,0,-,-,-,-,6226.4000,6223.4000,6220.6000,6218.0000,6214.2000,6234.8000,6235.4000,6242.8000,6243.0000,6248.0000,1,5,1,2,1,2,1,3,8,2
SF,IC2011,2020-09-23 09:30:04.600,6227.6000,3242,0,24907080.000,0,-,-,-,-,6226.6000,6223.4000,6218.0000,6214.2000,6202.2000,6230.4000,6232.2000,6233.4000,6233.6000,6234.6000,1,5,2,1,2,1,1,1,1,5
SF,IC2011,2020-09-23 09:30:05.100,6229.2000,3242,0,26152920.000,1,0,1,多换,S,6223.4000,6218.0000,6202.2000,6201.0000,6200.0000,6229.6000,6230.2000,6234.8000,6235.4000,6242.8000,5,2,2,3,10,1,1,2,1,3
SF,IC2011,2020-09-23 09:30:05.600,6230.2000,3240,-2,28644880.000,2,0,2,双平,S,6224.4000,6224.0000,6223.6000,6218.0000,6217.6000,6235.4000,6242.8000,6243.0000,6248.0000,6248.8000,1,1,2,2,5,1,3,8,2,2
SF,IC2011,2020-09-23 09:30:06.100,6230.2000,3240,0,28644880.000,0,-,-,-,-,6224.6000,6224.4000,6224.0000,6217.6000,6202.2000,6230.0000,6231.6000,6232.0000,6232.8000,6234.8000,2,2,1,5,2,1,1,2,1,1
SF,IC2011,2020-09-23 09:30:06.600,6230.0000,3239,-1,29890880.000,1,0,1,双平,S,6225.6000,6224.6000,6224.4000,6224.0000,6217.6000,6234.8000,6235.2000,6235.4000,6242.8000,6243.0000,1,1,2,1,5,1,1,1,3,8
SF,IC2011,2020-09-23 09:30:07.100,6230.0000,3239,0,29890880.000,0,-,-,-,-,6225.8000,6225.6000,6224.4000,6218.8000,6217.6000,6233.4000,6233.6000,6234.6000,6234.8000,6235.2000,2,3,1,1,5,1,1,2,1,1
SF,IC2011,2020-09-23 09:30:07.600,6230.0000,3239,0,29890880.000,0,-,-,-,-,6227.0000,6226.8000,6226.2000,6225.8000,6225.6000,6233.2000,6234.6000,6235.2000,6235.4000,6242.8000,1,1,1,2,2,2,1,1,1,3
SF,IC2011,2020-09-23 09:30:08.100,6230.0000,3239,0,29890880.000,0,-,-,-,-,6227.2000,6225.6000,6218.8000,6217.6000,6202.2000,6233.2000,6234.6000,6235.2000,6235.4000,6242.8000,2,1,1,5,2,1,1,1,1,3
SF,IC2011,2020-09-23 09:30:09.100,6230.0000,3239,0,29890880.000,0,-,-,-,-,6227.2000,6225.6000,6218.8000,6217.6000,6202.2000,6233.0000,6233.2000,6234.6000,6235.2000,6235.4000,2,1,1,5,2,1,1,1,1,1
SF,IC2011,2020-09-23 09:30:09.600,6230.0000,3239,0,29890880.000,0,-,-,-,-,6227.2000,6225.6000,6218.8000,6217.6000,6202.2000,6234.6000,6235.2000,6235.4000,6242.8000,6243.0000,3,1,1,5,2,1,1,1,3,8
SF,IC2011,2020-09-23 09:30:10.100,6234.4000,3238,-1,31137760.000,1,0,1,双平,S,6228.0000,6227.2000,6225.6000,6218.8000,6217.6000,6235.4000,6242.8000,6243.0000,6248.8000,6252.4000,1,4,1,1,5,1,3,8,2,5
SF,IC2011,2020-09-23 09:30:10.600,6235.4000,3237,-1,32384840.000,1,0,1,双平,S,6228.8000,6228.2000,6228.0000,6227.2000,6225.6000,6235.2000,6242.8000,6243.0000,6248.8000,6252.4000,1,3,1,1,1,1,3,8,2,5
SF,IC2011,2020-09-23 09:30:11.100,6235.4000,3237,0,32384840.000,0,-,-,-,-,6229.0000,6228.2000,6228.0000,6227.2000,6225.6000,6235.2000,6235.4000,6242.8000,6243.0000,6248.8000,2,1,1,1,1,1,1,3,8,2
SF,IC2011,2020-09-23 09:30:11.600,6235.4000,3237,0,32384840.000,0,-,-,-,-,6229.0000,6228.2000,6228.0000,6227.2000,6225.6000,6235.2000,6242.8000,6243.0000,6248.8000,6252.4000,2,1,1,1,1,1,3,8,2,5
SF,IC2011,2020-09-23 09:30:12.100,6235.4000,3237,0,32384840.000,0,-,-,-,-,6229.2000,6229.0000,6228.2000,6228.0000,6227.2000,6234.0000,6235.0000,6242.8000,6243.0000,6248.8000,1,2,1,1,1,1,1,3,8,2
SF,IC2011,2020-09-23 09:30:12.600,6235.4000,3237,0,32384840.000,0,-,-,-,-,6230.0000,6229.4000,6229.2000,6228.2000,6228.0000,6234.0000,6242.8000,6243.0000,6248.8000,6252.4000,1,2,1,1,1,1,3,8,2,5
SF,IC2011,2020-09-23 09:30:13.100,6235.4000,3237,0,32384840.000,0,-,-,-,-,6230.2000,6230.0000,6229.4000,6229.2000,6228.2000,6234.0000,6242.8000,6243.0000,6248.8000,6252.4000,1,1,1,1,1,1,3,8,2,5
SF,IC2011,2020-09-23 09:30:13.600,6235.4000,3237,0,32384840.000,0,-,-,-,-,6230.4000,6230.2000,6230.0000,6229.4000,6229.2000,6234.0000,6242.8000,6243.0000,6248.8000,6252.4000,1,1,1,1,1,1,3,8,2,5
SF,IC2011,2020-09-23 09:30:14.100,6235.4000,3237,0,32384840.000,0,-,-,-,-,6230.6000,6230.4000,6230.0000,6229.4000,6229.2000,6234.0000,6242.8000,6243.0000,6248.8000,6252.4000,1,1,1,1,1,1,3,8,2,5
SF,IC2011,2020-09-23 09:30:14.600,6234.0000,3237,0,33631640.000,1,0,1,多换,S,6230.4000,6230.0000,6229.4000,6229.2000,6228.2000,6242.8000,6243.0000,6248.8000,6252.4000,6279.0000,1,1,1,6,1,3,8,2,5,1
SF,IC2011,2020-09-23 09:30:15.100,6234.0000,3237,0,33631640.000,0,-,-,-,-,6230.6000,6230.0000,6229.2000,6228.2000,6223.4000,6236.0000,6236.8000,6237.0000,6237.6000,6238.4000,2,1,1,1,5,1,1,1,1,1
SF,IC2011,2020-09-23 09:30:15.600,6234.0000,3237,0,33631640.000,0,-,-,-,-,6230.6000,6230.0000,6229.2000,6223.4000,6218.8000,6235.8000,6236.8000,6237.0000,6237.6000,6240.0000,2,1,1,5,1,1,1,1,1,1
SF,IC2011,2020-09-23 09:30:16.100,6234.0000,3237,0,33631640.000,0,-,-,-,-,6230.6000,6223.4000,6218.8000,6215.0000,6201.0000,6235.6000,6240.0000,6242.8000,6243.0000,6248.8000,1,5,1,1,3,2,1,3,8,2
SF,IC2011,2020-09-23 09:30:16.600,6234.0000,3237,0,33631640.000,0,-,-,-,-,6230.6000,6223.4000,6218.8000,6215.0000,6201.0000,6235.4000,6235.6000,6240.0000,6242.8000,6243.0000,1,5,1,1,3,1,2,1,3,8
SF,IC2011,2020-09-23 09:30:17.100,6234.0000,3237,0,33631640.000,0,-,-,-,-,6230.6000,6223.4000,6218.8000,6215.0000,6201.0000,6235.2000,6235.4000,6235.6000,6240.0000,6242.8000,1,5,1,1,3,1,1,1,1,3
SF,IC2011,2020-09-23 09:30:17.600,6234.0000,3237,0,33631640.000,0,-,-,-,-,6230.6000,6223.4000,6218.8000,6215.0000,6201.0000,6235.0000,6235.2000,6235.6000,6240.0000,6242.8000,1,5,1,1,3,2,1,1,1,3
SF,IC2011,2020-09-23 09:30:18.100,6234.0000,3237,0,33631640.000,0,-,-,-,-,6231.2000,6230.8000,6230.6000,6223.4000,6218.8000,6235.0000,6240.0000,6242.8000,6243.0000,6248.8000,1,1,1,5,1,2,1,3,8,2
SF,IC2011,2020-09-23 09:30:18.600,6234.0000,3237,0,33631640.000,0,-,-,-,-,6231.4000,6230.8000,6223.4000,6218.8000,6215.0000,6235.0000,6240.0000,6242.8000,6243.0000,6248.8000,1,1,5,1,1,2,1,3,8,2
SF,IC2011,2020-09-23 09:30:20.600,6234.0000,3237,0,33631640.000,0,-,-,-,-,6231.4000,6230.8000,6223.4000,6222.2000,6218.8000,6235.0000,6237.2000,6240.0000,6242.8000,6243.0000,1,1,5,2,1,2,1,1,3,8
SF,IC2011,2020-09-23 09:30:21.100,6234.0000,3237,0,33631640.000,0,-,-,-,-,6231.4000,6223.4000,6222.2000,6218.8000,6215.0000,6234.8000,6235.0000,6237.2000,6240.0000,6242.8000,1,5,2,1,1,1,2,1,1,3
SF,IC2011,2020-09-23 09:30:21.600,6234.0000,3237,0,33631640.000,0,-,-,-,-,6223.4000,6222.2000,6218.8000,6215.0000,6201.0000,6234.6000,6234.8000,6235.0000,6237.2000,6240.0000,5,2,1,1,3,1,1,1,1,1
SF,IC2011,2020-09-23 09:30:22.100,6234.0000,3237,0,33631640.000,0,-,-,-,-,6229.0000,6228.8000,6228.0000,6227.2000,6227.0000,6234.4000,6234.8000,6235.0000,6237.2000,6240.0000,1,1,2,1,1,3,1,1,1,1
SF,IC2011,2020-09-23 09:30:22.600,6234.0000,3237,0,33631640.000,0,-,-,-,-,6229.2000,6228.0000,6227.2000,6227.0000,6225.6000,6234.2000,6234.4000,6234.8000,6235.0000,6237.2000,1,1,1,1,1,1,2,1,1,1
SF,IC2011,2020-09-23 09:30:23.100,6234.0000,3237,0,33631640.000,0,-,-,-,-,6229.2000,6227.0000,6225.6000,6223.6000,6223.4000,6234.0000,6234.2000,6234.4000,6234.8000,6235.0000,1,1,1,1,6,1,1,1,1,1
SF,IC2011,2020-09-23 09:30:23.600,6234.0000,3237,0,33631640.000,0,-,-,-,-,6229.2000,6227.0000,6225.6000,6223.6000,6223.4000,6233.8000,6234.0000,6234.4000,6234.8000,6235.0000,1,1,1,1,6,2,1,1,1,1
SF,IC2011,2020-09-23 09:30:24.100,6234.0000,3237,0,33631640.000,0,-,-,-,-,6227.0000,6225.6000,6223.6000,6223.4000,6222.2000,6233.6000,6233.8000,6234.4000,6234.8000,6235.0000,1,1,1,6,2,1,1,1,1,1
SF,IC2011,2020-09-23 09:30:24.600,6234.0000,3237,0,33631640.000,0,-,-,-,-,6227.2000,6227.0000,6225.6000,6223.6000,6223.4000,6233.4000,6233.6000,6234.4000,6234.8000,6235.0000,1,1,1,1,6,1,1,1,1,1
SF,IC2011,2020-09-23 09:30:25.100,6234.0000,3237,0,33631640.000,0,-,-,-,-,6227.2000,6225.6000,6223.6000,6223.4000,6222.2000,6233.2000,6233.4000,6234.4000,6234.8000,6235.0000,1,1,1,6,2,2,1,1,1,1
SF,IC2011,2020-09-23 09:30:25.600,6234.0000,3237,0,33631640.000,0,-,-,-,-,6227.2000,6225.6000,6223.6000,6223.4000,6222.2000,6233.0000,6233.2000,6234.4000,6234.8000,6235.0000,1,1,1,6,2,1,1,1,1,1
SF,IC2011,2020-09-23 09:30:26.100,6234.0000,3237,0,33631640.000,0,-,-,-,-,6227.2000,6223.4000,6222.2000,6218.8000,6215.0000,6232.8000,6233.0000,6234.4000,6234.8000,6235.0000,1,5,2,1,1,2,1,1,1,1
SF,IC2011,2020-09-23 09:30:26.600,6234.0000,3237,0,33631640.000,0,-,-,-,-,6223.4000,6222.2000,6218.8000,6215.0000,6201.0000,6232.0000,6232.6000,6232.8000,6234.4000,6234.8000,5,2,1,1,3,1,2,3,1,1
SF,IC2011,2020-09-23 09:30:27.100,6234.0000,3237,0,33631640.000,0,-,-,-,-,6224.4000,6224.0000,6223.6000,6223.4000,6222.2000,6231.6000,6231.8000,6232.0000,6232.8000,6234.4000,2,1,1,5,2,1,3,2,2,1
SF,IC2011,2020-09-23 09:30:27.600,6234.0000,3237,0,33631640.000,0,-,-,-,-,6224.6000,6222.2000,6218.8000,6217.6000,6215.0000,6231.4000,6231.6000,6231.8000,6232.0000,6232.8000,1,2,1,5,1,3,2,1,2,1
SF,IC2011,2020-09-23 09:30:28.100,6234.0000,3237,0,33631640.000,0,-,-,-,-,6224.6000,6222.2000,6218.8000,6217.6000,6215.0000,6231.2000,6231.4000,6231.6000,6231.8000,6232.0000,1,2,1,5,1,1,3,2,1,2
SF,IC2011,2020-09-23 09:30:28.600,6234.0000,3237,0,33631640.000,0,-,-,-,-,6224.6000,6222.2000,6218.8000,6217.6000,6215.0000,6231.0000,6231.4000,6231.6000,6231.8000,6232.0000,1,2,1,5,1,2,1,2,1,2
SF,IC2011,2020-09-23 09:30:29.100,6234.0000,3237,0,33631640.000,0,-,-,-,-,6229.4000,6224.6000,6222.2000,6218.8000,6217.6000,6229.8000,6230.4000,6231.0000,6231.4000,6231.8000,4,1,2,1,5,1,4,2,1,1
SF,IC2011,2020-09-23 09:30:29.600,6229.4000,3233,-4,38615160.000,4,0,4,双平,S,6224.6000,6222.2000,6218.8000,6217.6000,6215.0000,6229.4000,6234.4000,6234.8000,6235.0000,6237.2000,1,2,1,5,1,1,1,1,1,1
SF,IC2011,2020-09-23 09:30:30.100,6229.4000,3233,0,38615160.000,0,-,-,-,-,6225.4000,6224.6000,6222.2000,6218.8000,6217.6000,6229.2000,6234.4000,6234.8000,6235.0000,6237.2000,1,1,2,1,5,1,1,1,1,1
SF,IC2011,2020-09-23 09:30:30.600,6229.4000,3233,0,38615160.000,0,-,-,-,-,6225.6000,6222.2000,6218.8000,6217.6000,6215.0000,6229.0000,6234.4000,6234.8000,6235.0000,6237.2000,1,2,1,5,1,1,1,1,1,1
SF,IC2011,2020-09-23 09:30:31.100,6225.6000,3232,-1,39860280.000,1,0,1,双平,S,6222.2000,6218.8000,6217.6000,6215.0000,6201.0000,6234.4000,6234.8000,6235.0000,6237.2000,6242.8000,2,1,5,1,3,1,1,1,1,3
SF,IC2011,2020-09-23 09:30:31.600,6225.6000,3232,0,39860280.000,0,-,-,-,-,6222.4000,6222.2000,6218.8000,6217.6000,6215.0000,6227.8000,6229.8000,6230.4000,6232.2000,6234.2000,1,2,1,5,1,1,1,4,1,6
SF,IC2011,2020-09-23 09:30:32.100,6225.6000,3232,0,39860280.000,0,-,-,-,-,6222.4000,6222.2000,6218.8000,6217.6000,6215.0000,6227.6000,6229.8000,6230.4000,6232.2000,6234.2000,1,2,1,5,1,1,1,4,1,2
SF,IC2011,2020-09-23 09:30:32.600,6225.6000,3232,0,39860280.000,0,-,-,-,-,6222.4000,6222.2000,6218.8000,6217.6000,6215.0000,6227.4000,6227.6000,6229.8000,6230.4000,6232.2000,1,2,1,5,1,1,1,1,4,1
SF,IC2011,2020-09-23 09:30:33.100,6227.2000,3232,0,41105720.000,1,0,1,多换,S,6223.0000,6222.4000,6222.2000,6218.8000,6217.6000,6229.8000,6230.4000,6234.2000,6234.4000,6235.0000,1,1,2,1,5,1,4,1,1,1
SF,IC2011,2020-09-23 09:30:33.600,6227.2000,3232,0,41105720.000,0,-,-,-,-,6223.2000,6223.0000,6222.2000,6218.8000,6217.6000,6229.6000,6229.8000,6230.4000,6234.2000,6234.4000,3,1,2,1,5,5,1,4,1,1
SF,IC2011,2020-09-23 09:30:34.100,6227.2000,3232,0,41105720.000,0,-,-,-,-,6223.4000,6223.2000,6223.0000,6222.2000,6218.8000,6229.6000,6229.8000,6230.4000,6235.0000,6237.2000,1,3,1,2,1,3,1,4,1,1
SF,IC2011,2020-09-23 09:30:34.600,6227.2000,3232,0,41105720.000,0,-,-,-,-,6223.6000,6223.4000,6223.2000,6223.0000,6222.2000,6229.6000,6229.8000,6230.4000,6235.0000,6237.2000,3,1,1,1,2,2,1,3,1,1
SF,IC2011,2020-09-23 09:30:35.100,6227.2000,3232,0,41105720.000,0,-,-,-,-,6223.8000,6223.6000,6223.4000,6223.2000,6223.0000,6229.4000,6229.6000,6235.0000,6237.2000,6242.8000,1,3,1,1,1,1,1,1,1,3
SF,IC2011,2020-09-23 09:30:35.600,6224.0000,3232,0,42350520.000,1,0,1,多换,S,6224.0000,6223.8000,6223.6000,6223.4000,6223.2000,6229.2000,6229.6000,6235.0000,6237.2000,6242.8000,3,1,1,1,1,1,1,1,1,3
SF,IC2011,2020-09-23 09:30:36.100,6224.0000,3232,0,42350520.000,0,-,-,-,-,6224.0000,6223.8000,6223.6000,6223.2000,6222.2000,6229.0000,6229.2000,6229.6000,6235.0000,6237.2000,3,1,1,1,2,1,1,1,1,1
SF,IC2011,2020-09-23 09:30:36.600,6224.0000,3232,0,42350520.000,0,-,-,-,-,6224.4000,6224.0000,6223.6000,6223.2000,6222.2000,6228.8000,6229.0000,6229.2000,6229.6000,6235.0000,1,3,1,1,2,3,1,1,1,1
SF,IC2011,2020-09-23 09:30:37.100,6224.0000,3232,0,42350520.000,0,-,-,-,-,6224.8000,6224.6000,6224.4000,6224.0000,6223.6000,6228.6000,6228.8000,6229.2000,6229.6000,6235.0000,1,1,1,3,1,1,2,1,1,1
SF,IC2011,2020-09-23 09:30:37.600,6228.6000,3232,0,43596240.000,1,0,1,多换,S,6228.6000,6225.0000,6224.6000,6224.0000,6223.6000,6228.8000,6229.2000,6235.0000,6237.2000,6242.8000,1,2,1,2,1,2,1,1,1,3
SF,IC2011,2020-09-23 09:30:38.100,6225.0000,3231,-1,47331960.000,3,1,2,多平,S,6224.6000,6224.0000,6222.2000,6218.8000,6217.6000,6227.6000,6228.2000,6228.8000,6229.2000,6235.0000,1,2,2,1,5,2,1,2,1,1
SF,IC2011,2020-09-23 09:30:38.600,6225.0000,3231,0,47331960.000,0,-,-,-,-,6224.8000,6224.0000,6222.2000,6218.8000,6217.6000,6227.4000,6227.6000,6228.8000,6229.2000,6235.0000,2,2,2,1,5,1,2,1,1,1
SF,IC2011,2020-09-23 09:30:39.100,6225.0000,3231,0,47331960.000,0,-,-,-,-,6224.8000,6224.0000,6222.2000,6221.4000,6218.8000,6227.2000,6227.4000,6227.6000,6228.8000,6229.2000,2,2,2,1,1,1,1,2,1,1
SF,IC2011,2020-09-23 09:30:39.600,6225.0000,3231,0,47331960.000,0,-,-,-,-,6224.8000,6224.0000,6222.2000,6221.4000,6218.8000,6227.0000,6227.4000,6227.6000,6228.8000,6229.2000,1,2,2,1,1,1,1,2,1,1
SF,IC2011,2020-09-23 09:30:40.100,6225.0000,3231,0,47331960.000,0,-,-,-,-,6224.0000,6222.2000,6221.4000,6218.8000,6217.6000,6226.2000,6227.0000,6227.4000,6227.6000,6228.8000,2,2,1,1,5,3,1,1,2,1
SF,IC2011,2020-09-23 09:30:40.600,6225.0000,3231,0,47331960.000,0,-,-,-,-,6224.0000,6222.2000,6221.4000,6218.8000,6217.6000,6226.2000,6227.0000,6227.4000,6227.6000,6228.8000,1,2,1,1,5,3,1,1,2,1
SF,IC2011,2020-09-23 09:30:41.100,6225.0000,3231,0,47331960.000,0,-,-,-,-,6224.0000,6222.2000,6218.8000,6217.6000,6215.0000,6226.0000,6226.2000,6227.0000,6227.4000,6227.6000,1,2,1,5,1,1,3,1,1,2
SF,IC2011,2020-09-23 09:30:41.600,6225.0000,3231,0,47331960.000,0,-,-,-,-,6224.0000,6222.2000,6218.8000,6217.6000,6215.0000,6225.8000,6226.0000,6226.2000,6227.0000,6227.4000,1,2,1,5,1,1,1,3,1,1
SF,IC2011,2020-09-23 09:30:42.100,6224.0000,3231,0,48576760.000,1,0,1,多换,S,6222.2000,6218.8000,6217.6000,6215.0000,6201.0000,6225.8000,6226.0000,6226.2000,6227.0000,6227.4000,2,1,5,1,3,1,1,3,1,1
SF,IC2011,2020-09-23 09:30:42.600,6224.0000,3231,0,48576760.000,0,-,-,-,-,6222.2000,6218.8000,6217.6000,6215.0000,6201.0000,6225.6000,6225.8000,6226.0000,6226.2000,6227.0000,2,1,5,1,3,2,1,1,3,1
SF,IC2011,2020-09-23 09:30:43.100,6224.0000,3231,0,48576760.000,0,-,-,-,-,6222.2000,6218.8000,6215.0000,6211.8000,6201.0000,6225.4000,6225.6000,6225.8000,6226.0000,6226.2000,2,1,1,5,3,1,2,1,1,3
SF,IC2011,2020-09-23 09:30:43.600,6224.0000,3231,0,48576760.000,0,-,-,-,-,6222.4000,6222.2000,6215.0000,6211.8000,6201.0000,6225.4000,6225.6000,6226.0000,6226.2000,6227.0000,1,2,1,5,3,1,2,1,3,1
SF,IC2011,2020-09-23 09:30:44.100,6224.0000,3231,0,48576760.000,0,-,-,-,-,6222.4000,6222.2000,6215.0000,6211.8000,6201.0000,6225.2000,6225.6000,6226.0000,6226.2000,6227.0000,1,2,1,5,3,1,1,1,3,1
SF,IC2011,2020-09-23 09:30:44.600,6224.0000,3231,0,48576760.000,0,-,-,-,-,6222.4000,6222.2000,6215.0000,6211.8000,6201.0000,6225.2000,6225.6000,6226.0000,6226.2000,6227.0000,1,2,1,5,3,1,1,1,3,1
SF,IC2011,2020-09-23 09:30:46.100,6224.0000,3231,0,48576760.000,0,-,-,-,-,6222.6000,6222.4000,6222.2000,6215.0000,6211.8000,6225.2000,6225.6000,6226.0000,6226.2000,6227.0000,1,1,2,1,5,1,1,1,3,1
SF,IC2011,2020-09-23 09:30:46.600,6224.0000,3231,0,48576760.000,0,-,-,-,-,6222.8000,6222.6000,6222.2000,6215.0000,6211.8000,6225.2000,6225.6000,6226.0000,6226.2000,6227.0000,1,1,2,1,5,1,1,1,3,1
SF,IC2011,2020-09-23 09:30:47.100,6224.0000,3231,0,48576760.000,0,-,-,-,-,6222.8000,6222.2000,6215.0000,6211.8000,6201.0000,6225.2000,6225.6000,6226.0000,6226.2000,6227.0000,1,2,1,5,3,1,1,1,3,1
SF,IC2011,2020-09-23 09:30:48.100,6225.2000,3231,0,49821800.000,1,0,1,多换,S,6223.0000,6222.8000,6222.2000,6215.0000,6211.8000,6225.6000,6226.0000,6226.2000,6227.0000,6235.0000,1,1,2,1,5,1,1,3,1,1
SF,IC2011,2020-09-23 09:30:48.600,6223.2000,3233,2,54800840.000,4,3,1,空开,S,6223.0000,6222.2000,6215.0000,6211.8000,6201.0000,6226.2000,6227.0000,6235.0000,6237.2000,6242.8000,1,2,1,5,3,3,1,1,1,3
SF,IC2011,2020-09-23 09:30:49.100,6226.2000,3233,0,58536560.000,3,1,2,多换,S,6223.2000,6223.0000,6222.2000,6215.0000,6211.8000,6227.0000,6235.0000,6237.2000,6242.8000,6243.0000,3,1,2,1,5,1,1,1,3,8
SF,IC2011,2020-09-23 09:30:49.600,6226.2000,3233,0,58536560.000,0,-,-,-,-,6223.4000,6223.2000,6223.0000,6222.2000,6215.0000,6227.0000,6235.0000,6237.2000,6242.8000,6243.0000,1,3,1,2,1,1,1,1,3,8
SF,IC2011,2020-09-23 09:30:50.100,6226.2000,3233,0,58536560.000,0,-,-,-,-,6223.6000,6223.4000,6223.2000,6222.2000,6215.0000,6227.0000,6235.0000,6237.2000,6242.8000,6243.0000,2,1,1,2,1,1,1,1,3,8
SF,IC2011,2020-09-23 09:30:50.600,6226.2000,3233,0,58536560.000,0,-,-,-,-,6223.6000,6223.2000,6222.2000,6211.8000,6201.0000,6226.8000,6227.0000,6235.0000,6237.2000,6242.8000,2,1,2,5,3,1,1,1,1,3
SF,IC2011,2020-09-23 09:30:51.100,6226.2000,3233,0,58536560.000,0,-,-,-,-,6223.6000,6223.2000,6222.2000,6220.0000,6211.8000,6226.6000,6226.8000,6227.0000,6235.0000,6237.2000,2,1,2,1,5,1,1,1,1,1
SF,IC2011,2020-09-23 09:30:51.600,6226.2000,3233,0,58536560.000,0,-,-,-,-,6223.6000,6223.2000,6222.2000,6220.0000,6211.8000,6226.6000,6227.0000,6235.0000,6237.2000,6242.8000,2,1,2,1,5,1,1,1,1,3
SF,IC2011,2020-09-23 09:30:57.100,6226.6000,3233,0,59781880.000,1,0,1,多换,S,6223.6000,6223.2000,6222.2000,6220.0000,6211.8000,6227.0000,6235.0000,6237.2000,6242.8000,6243.0000,2,1,2,1,5,1,1,1,3,8
SF,IC2011,2020-09-23 09:30:57.600,6226.6000,3233,0,59781880.000,0,-,-,-,-,6224.0000,6223.6000,6223.2000,6222.2000,6220.0000,6226.8000,6235.0000,6237.2000,6242.8000,6243.0000,5,2,1,2,1,1,1,1,3,8
SF,IC2011,2020-09-23 09:30:58.100,6226.6000,3233,0,59781880.000,0,-,-,-,-,6224.2000,6224.0000,6223.6000,6223.2000,6222.2000,6226.8000,6235.0000,6237.2000,6242.8000,6243.0000,1,5,2,1,2,1,1,1,3,8
SF,IC2011,2020-09-23 09:30:58.600,6226.6000,3233,0,59781880.000,0,-,-,-,-,6224.4000,6224.2000,6224.0000,6223.6000,6223.2000,6235.0000,6237.2000,6242.8000,6243.0000,6248.8000,1,1,5,1,1,1,1,3,8,2
SF,IC2011,2020-09-23 09:30:59.100,6226.6000,3233,0,59781880.000,0,-,-,-,-,6224.6000,6224.2000,6224.0000,6223.6000,6223.2000,6228.4000,6229.6000,6229.8000,6230.4000,6234.8000,3,1,5,1,1,1,1,2,4,3
SF,IC2011,2020-09-23 09:30:59.600,6226.6000,3233,0,59781880.000,0,-,-,-,-,6224.8000,6224.6000,6224.2000,6224.0000,6223.6000,6229.8000,6230.4000,6234.8000,6235.0000,6237.2000,1,2,1,5,1,1,3,1,1,1
SF,IC2011,2020-09-23 09:31:00.100,6226.6000,3233,0,59781880.000,0,-,-,-,-,6225.0000,6224.8000,6224.6000,6224.2000,6224.0000,6229.6000,6229.8000,6230.4000,6235.0000,6237.2000,2,1,2,1,5,1,1,3,1,1
SF,IC2011,2020-09-23 09:31:00.600,6226.6000,3233,0,59781880.000,0,-,-,-,-,6225.2000,6225.0000,6224.6000,6224.2000,6224.0000,6229.4000,6229.6000,6229.8000,6230.4000,6235.0000,2,2,2,1,5,1,1,1,3,1
SF,IC2011,2020-09-23 09:31:01.100,6226.6000,3233,0,59781880.000,0,-,-,-,-,6225.2000,6225.0000,6224.6000,6224.2000,6224.0000,6229.8000,6230.4000,6235.0000,6237.2000,6242.8000,2,2,2,1,5,1,3,1,1,3
SF,IC2011,2020-09-23 09:31:01.600,6229.8000,3233,0,61027840.000,1,0,1,多换,S,6226.2000,6225.4000,6225.2000,6225.0000,6224.6000,6235.0000,6237.2000,6242.8000,6243.0000,6248.8000,1,1,2,1,2,1,1,3,8,2
SF,IC2011,2020-09-23 09:31:02.100,6229.8000,3233,0,61027840.000,0,-,-,-,-,6228.0000,6226.4000,6225.4000,6225.2000,6225.0000,6233.6000,6234.0000,6234.6000,6234.8000,6237.2000,1,2,1,1,1,1,1,1,6,1
SF,IC2011,2020-09-23 09:31:02.600,6229.8000,3233,0,61027840.000,0,-,-,-,-,6228.2000,6228.0000,6226.4000,6225.4000,6225.2000,6232.0000,6232.8000,6233.4000,6234.8000,6237.2000,2,1,1,1,1,2,1,1,4,1
SF,IC2011,2020-09-23 09:31:03.100,6229.8000,3233,0,61027840.000,0,-,-,-,-,6228.2000,6228.0000,6226.4000,6225.4000,6225.2000,6231.8000,6234.8000,6237.2000,6242.8000,6243.0000,1,1,1,1,1,1,1,1,3,8
SF,IC2011,2020-09-23 09:31:03.600,6229.8000,3233,0,61027840.000,0,-,-,-,-,6228.4000,6228.2000,6228.0000,6225.4000,6225.2000,6234.8000,6237.2000,6242.8000,6243.0000,6248.8000,1,1,1,1,1,1,1,3,8,2
SF,IC2011,2020-09-23 09:31:04.100,6229.8000,3233,0,61027840.000,0,-,-,-,-,6228.6000,6228.4000,6228.2000,6228.0000,6225.4000,6233.6000,6234.0000,6234.6000,6234.8000,6237.2000,1,1,1,1,1,2,1,5,1,1
SF,IC2011,2020-09-23 09:31:04.600,6229.8000,3233,0,61027840.000,0,-,-,-,-,6228.8000,6228.6000,6228.2000,6228.0000,6225.4000,6233.4000,6233.6000,6234.0000,6234.6000,6234.8000,2,1,1,1,1,1,1,1,3,1
SF,IC2011,2020-09-23 09:31:05.100,6229.8000,3233,0,61027840.000,0,-,-,-,-,6229.8000,6229.0000,6228.8000,6228.2000,6225.2000,6233.4000,6233.6000,6234.0000,6234.6000,6234.8000,1,1,2,1,1,1,1,1,3,1
SF,IC2011,2020-09-23 09:31:05.600,6229.8000,3233,0,61027840.000,0,-,-,-,-,6229.8000,6229.0000,6228.8000,6228.2000,6225.2000,6233.2000,6233.4000,6233.6000,6234.0000,6234.6000,1,1,2,1,1,1,1,1,1,3
SF,IC2011,2020-09-23 09:31:06.100,6229.8000,3233,0,61027840.000,0,-,-,-,-,6230.0000,6229.8000,6229.0000,6228.8000,6228.2000,6233.4000,6237.2000,6242.8000,6243.0000,6248.8000,1,1,1,2,1,1,1,3,8,2
SF,IC2011,2020-09-23 09:31:06.600,6229.8000,3233,0,61027840.000,0,-,-,-,-,6230.0000,6229.8000,6229.0000,6228.8000,6228.2000,6233.4000,6237.2000,6242.8000,6243.0000,6248.8000,1,1,1,2,1,1,1,3,8,2
SF,IC2011,2020-09-23 09:31:07.100,6229.8000,3233,0,61027840.000,0,-,-,-,-,6230.0000,6229.8000,6229.0000,6228.8000,6228.2000,6233.2000,6233.4000,6237.2000,6242.8000,6243.0000,1,1,1,2,1,1,1,1,3,8
SF,IC2011,2020-09-23 09:31:07.600,6229.8000,3233,0,61027840.000,0,-,-,-,-,6230.0000,6229.8000,6229.0000,6228.8000,6228.2000,6233.4000,6237.2000,6242.8000,6243.0000,6248.8000,1,1,1,2,1,1,1,3,8,2
SF,IC2011,2020-09-23 09:31:08.600,6229.8000,3233,0,61027840.000,0,-,-,-,-,6230.0000,6229.8000,6229.0000,6228.8000,6228.2000,6233.2000,6233.4000,6237.2000,6242.8000,6243.0000,1,1,1,2,1,1,1,1,3,8
SF,IC2011,2020-09-23 09:31:09.100,6229.8000,3233,0,61027840.000,0,-,-,-,-,6230.0000,6229.8000,6229.0000,6228.8000,6228.2000,6233.4000,6237.2000,6242.8000,6243.0000,6248.8000,1,1,1,2,1,1,1,3,8,2
SF,IC2011,2020-09-23 09:31:09.600,6229.8000,3233,0,61027840.000,0,-,-,-,-,6230.2000,6230.0000,6229.8000,6229.0000,6228.8000,6233.4000,6237.2000,6242.8000,6243.0000,6248.8000,1,1,1,1,1,1,1,3,8,2
SF,IC2011,2020-09-23 09:31:10.100,6229.8000,3233,0,61027840.000,0,-,-,-,-,6230.2000,6230.0000,6229.8000,6229.0000,6228.8000,6237.2000,6242.8000,6243.0000,6248.8000,6252.4000,1,1,1,1,1,1,3,8,2,5
SF,IC2011,2020-09-23 09:31:10.600,6229.8000,3233,0,61027840.000,0,-,-,-,-,6230.4000,6230.2000,6230.0000,6229.8000,6228.8000,6236.2000,6236.4000,6236.8000,6237.0000,6237.2000,2,1,1,1,1,1,1,2,5,1
SF,IC2011,2020-09-23 09:31:11.100,6229.8000,3233,0,61027840.000,0,-,-,-,-,6231.6000,6230.6000,6230.4000,6230.0000,6228.8000,6236.0000,6236.2000,6236.8000,6237.0000,6237.2000,1,2,2,1,1,1,1,2,3,1
SF,IC2011,2020-09-23 09:31:11.600,6229.8000,3233,0,61027840.000,0,-,-,-,-,6231.8000,6231.6000,6230.6000,6230.4000,6230.0000,6236.0000,6236.2000,6236.8000,6237.0000,6237.2000,1,1,2,1,1,1,1,2,3,1
SF,IC2011,2020-09-23 09:31:12.100,6229.8000,3233,0,61027840.000,0,-,-,-,-,6232.0000,6231.8000,6230.6000,6230.4000,6230.0000,6235.8000,6236.0000,6236.2000,6236.8000,6237.0000,1,1,1,1,1,2,1,1,2,3
SF,IC2011,2020-09-23 09:31:12.600,6229.8000,3233,0,61027840.000,0,-,-,-,-,6232.0000,6231.8000,6230.6000,6230.4000,6230.0000,6235.6000,6235.8000,6236.2000,6236.8000,6237.0000,1,1,1,1,1,1,1,1,2,3
SF,IC2011,2020-09-23 09:31:13.100,6229.8000,3233,0,61027840.000,0,-,-,-,-,6232.0000,6230.6000,6230.4000,6230.0000,6228.8000,6235.6000,6236.2000,6236.8000,6237.0000,6237.2000,1,1,1,1,1,1,1,2,3,1
SF,IC2011,2020-09-23 09:31:13.600,6229.8000,3233,0,61027840.000,0,-,-,-,-,6232.0000,6230.6000,6230.4000,6230.0000,6228.8000,6235.4000,6235.6000,6236.2000,6236.8000,6237.0000,1,1,1,1,1,1,1,1,2,3
SF,IC2011,2020-09-23 09:31:14.100,6229.8000,3233,0,61027840.000,0,-,-,-,-,6232.0000,6230.6000,6230.4000,6230.0000,6228.8000,6235.6000,6236.2000,6236.8000,6237.0000,6237.2000,1,1,1,1,1,1,1,2,3,1
SF,IC2011,2020-09-23 09:31:15.100,6229.8000,3233,0,61027840.000,0,-,-,-,-,6232.0000,6230.6000,6230.4000,6230.0000,6228.8000,6235.4000,6235.6000,6236.2000,6236.8000,6237.0000,1,1,1,1,1,1,1,1,2,3
SF,IC2011,2020-09-23 09:31:15.600,6229.8000,3233,0,61027840.000,0,-,-,-,-,6232.2000,6232.0000,6230.4000,6230.0000,6228.8000,6235.6000,6236.8000,6237.0000,6237.2000,6242.8000,1,1,1,1,1,1,2,3,1,3
SF,IC2011,2020-09-23 09:31:16.100,6229.8000,3233,0,61027840.000,0,-,-,-,-,6232.4000,6232.2000,6232.0000,6230.4000,6230.0000,6236.8000,6237.0000,6237.2000,6242.8000,6243.0000,1,1,1,1,1,2,3,1,3,8
SF,IC2011,2020-09-23 09:31:16.600,6229.8000,3233,0,61027840.000,0,-,-,-,-,6233.4000,6232.6000,6232.4000,6232.0000,6230.4000,6236.6000,6237.2000,6242.8000,6243.0000,6248.8000,1,3,1,1,1,2,1,3,8,2
SF,IC2011,2020-09-23 09:31:17.100,6229.8000,3233,0,61027840.000,0,-,-,-,-,6233.4000,6232.6000,6232.0000,6230.4000,6224.0000,6236.6000,6237.2000,6242.8000,6243.0000,6248.8000,1,3,1,1,5,1,1,3,8,2
SF,IC2011,2020-09-23 09:31:17.600,6229.8000,3233,0,61027840.000,0,-,-,-,-,6233.6000,6233.4000,6232.6000,6232.0000,6230.4000,6237.2000,6242.8000,6243.0000,6248.8000,6249.6000,2,1,2,1,1,1,3,8,2,2
SF,IC2011,2020-09-23 09:31:18.100,6229.8000,3233,0,61027840.000,0,-,-,-,-,6233.6000,6233.4000,6232.6000,6232.0000,6230.4000,6237.0000,6237.2000,6242.8000,6243.0000,6248.8000,2,1,2,1,1,2,1,3,8,2
SF,IC2011,2020-09-23 09:31:18.600,6229.8000,3233,0,61027840.000,0,-,-,-,-,6233.6000,6232.6000,6232.0000,6230.4000,6224.0000,6236.8000,6237.0000,6237.2000,6242.8000,6243.0000,1,2,1,1,5,1,1,1,3,8
SF,IC2011,2020-09-23 09:31:19.100,6229.8000,3233,0,61027840.000,0,-,-,-,-,6233.6000,6232.6000,6232.0000,6230.4000,6224.0000,6236.6000,6237.2000,6242.8000,6243.0000,6248.8000,1,2,1,1,5,2,1,3,8,2
SF,IC2011,2020-09-23 09:31:19.600,6233.6000,3233,0,62274560.000,1,0,1,多换,S,6232.6000,6232.0000,6230.4000,6224.0000,6223.4000,6236.4000,6236.6000,6237.2000,6242.8000,6243.0000,2,1,1,5,5,1,2,1,3,8
SF,IC2011,2020-09-23 09:31:20.100,6233.6000,3233,0,62274560.000,0,-,-,-,-,6233.4000,6232.8000,6232.6000,6232.0000,6230.4000,6236.2000,6236.6000,6237.2000,6242.8000,6243.0000,1,1,1,1,1,1,2,1,3,8
SF,IC2011,2020-09-23 09:31:20.600,6233.6000,3233,0,62274560.000,0,-,-,-,-,6232.8000,6232.6000,6232.0000,6224.0000,6223.4000,6236.2000,6236.6000,6237.2000,6242.8000,6243.0000,1,1,1,5,5,1,2,1,3,8
SF,IC2011,2020-09-23 09:31:21.100,6233.6000,3233,0,62274560.000,0,-,-,-,-,6233.0000,6232.8000,6232.6000,6232.0000,6224.0000,6236.0000,6236.2000,6236.6000,6237.2000,6242.8000,1,1,1,1,5,2,1,2,1,3
SF,IC2011,2020-09-23 09:31:21.600,6232.8000,3232,-1,64767720.000,2,0,2,多平,S,6232.6000,6232.0000,6224.0000,6223.4000,6222.2000,6235.8000,6236.0000,6236.2000,6236.6000,6237.2000,1,1,5,5,2,1,1,1,3,2
SF,IC2011,2020-09-23 09:31:22.100,6232.6000,3232,0,66014240.000,1,0,1,多换,S,6232.0000,6224.0000,6223.4000,6222.2000,6220.0000,6235.6000,6235.8000,6236.0000,6236.2000,6236.6000,1,5,5,2,1,2,1,1,1,2
SF,IC2011,2020-09-23 09:31:22.600,6232.6000,3232,0,66014240.000,0,-,-,-,-,6224.0000,6223.4000,6222.2000,6220.0000,6201.0000,6235.4000,6235.6000,6235.8000,6236.0000,6236.2000,5,5,2,1,3,2,2,1,1,1
SF,IC2011,2020-09-23 09:31:23.100,6232.6000,3232,0,66014240.000,0,-,-,-,-,6231.6000,6230.4000,6229.2000,6228.8000,6227.8000,6235.2000,6235.6000,6236.0000,6236.6000,6237.2000,1,1,1,2,1,2,1,1,2,2
SF,IC2011,2020-09-23 09:31:23.600,6231.6000,3232,0,67260560.000,1,0,1,多换,S,6230.4000,6228.0000,6227.8000,6227.0000,6225.6000,6235.2000,6235.6000,6236.0000,6236.6000,6237.2000,1,1,1,1,1,2,1,1,2,2
SF,IC2011,2020-09-23 09:31:24.100,6230.4000,3232,0,69752760.000,2,1,1,多换,S,6227.8000,6227.0000,6225.6000,6224.2000,6224.0000,6235.0000,6235.2000,6235.6000,6236.0000,6236.6000,1,1,1,2,6,2,4,1,1,2
SF,IC2011,2020-09-23 09:31:24.600,6230.4000,3232,0,69752760.000,0,-,-,-,-,6228.0000,6227.0000,6225.6000,6224.0000,6223.4000,6234.0000,6234.8000,6235.0000,6235.2000,6235.6000,2,1,1,6,5,1,2,1,3,1
SF,IC2011,2020-09-23 09:31:25.100,6230.4000,3232,0,69752760.000,0,-,-,-,-,6228.0000,6227.0000,6225.6000,6224.0000,6223.4000,6233.8000,6234.0000,6234.8000,6235.2000,6235.6000,2,1,1,6,5,2,1,1,3,1
SF,IC2011,2020-09-23 09:31:25.600,6230.4000,3232,0,69752760.000,0,-,-,-,-,6228.0000,6227.0000,6225.6000,6224.0000,6223.4000,6233.8000,6234.0000,6234.8000,6235.2000,6235.6000,2,1,1,6,5,1,1,1,1,1
SF,IC2011,2020-09-23 09:31:26.100,6230.4000,3232,0,69752760.000,0,-,-,-,-,6228.0000,6227.0000,6225.6000,6224.0000,6223.4000,6233.6000,6233.8000,6234.0000,6234.8000,6235.2000,2,1,1,6,5,1,1,1,1,1
SF,IC2011,2020-09-23 09:31:26.600,6230.4000,3232,0,69752760.000,0,-,-,-,-,6228.0000,6227.0000,6225.6000,6224.0000,6223.4000,6233.4000,6233.6000,6234.0000,6234.8000,6235.0000,2,1,1,6,5,2,1,1,1,1
SF,IC2011,2020-09-23 09:31:27.100,6230.4000,3232,0,69752760.000,0,-,-,-,-,6228.0000,6227.0000,6225.6000,6224.0000,6223.4000,6233.4000,6234.0000,6234.8000,6235.0000,6235.2000,2,1,1,6,5,2,1,1,1,1
SF,IC2011,2020-09-23 09:31:27.600,6230.4000,3232,0,69752760.000,0,-,-,-,-,6229.2000,6228.8000,6228.6000,6228.0000,6227.0000,6233.2000,6233.4000,6234.0000,6234.8000,6235.0000,1,2,1,1,1,1,2,1,1,1
SF,IC2011,2020-09-23 09:31:28.100,6230.4000,3232,0,69752760.000,0,-,-,-,-,6229.4000,6228.8000,6228.6000,6227.0000,6225.6000,6233.2000,6233.4000,6234.0000,6234.8000,6235.0000,1,1,1,1,1,1,2,1,1,1
SF,IC2011,2020-09-23 09:31:29.100,6230.4000,3232,0,69752760.000,0,-,-,-,-,6229.6000,6229.4000,6228.8000,6227.0000,6225.6000,6233.2000,6233.4000,6234.0000,6234.8000,6235.0000,1,1,1,1,1,1,2,1,1,1
SF,IC2011,2020-09-23 09:31:29.600,6230.4000,3232,0,69752760.000,0,-,-,-,-,6229.6000,6229.4000,6228.8000,6227.0000,6225.6000,6233.0000,6233.2000,6233.4000,6234.0000,6234.8000,1,1,1,1,1,1,1,1,1,1
SF,IC2011,2020-09-23 09:31:30.100,6230.4000,3232,0,69752760.000,0,-,-,-,-,6229.6000,6229.4000,6228.8000,6227.0000,6225.6000,6232.8000,6233.0000,6233.4000,6234.8000,6235.0000,1,1,1,1,1,1,1,1,1,1
SF,IC2011,2020-09-23 09:31:30.600,6230.4000,3232,0,69752760.000,0,-,-,-,-,6229.6000,6228.8000,6227.0000,6225.6000,6224.0000,6232.6000,6232.8000,6233.0000,6233.4000,6234.8000,1,1,1,1,6,1,1,1,1,1
SF,IC2011,2020-09-23 09:31:31.100,6230.4000,3232,0,69752760.000,0,-,-,-,-,6227.0000,6225.6000,6224.0000,6223.4000,6222.2000,6232.4000,6232.6000,6233.0000,6233.4000,6234.8000,1,1,6,5,2,1,1,1,1,1
SF,IC2011,2020-09-23 09:31:31.600,6230.4000,3232,0,69752760.000,0,-,-,-,-,6228.0000,6227.2000,6227.0000,6225.6000,6224.0000,6232.2000,6232.4000,6232.6000,6233.0000,6233.4000,1,3,1,1,6,2,1,1,1,1
SF,IC2011,2020-09-23 09:31:32.100,6230.4000,3232,0,69752760.000,0,-,-,-,-,6228.2000,6228.0000,6227.2000,6227.0000,6225.6000,6232.2000,6232.4000,6232.6000,6233.0000,6233.4000,1,1,2,1,1,2,1,1,1,1
SF,IC2011,2020-09-23 09:31:32.600,6230.4000,3232,0,69752760.000,0,-,-,-,-,6228.4000,6228.2000,6228.0000,6227.2000,6227.0000,6232.0000,6232.2000,6232.6000,6233.0000,6233.4000,1,1,1,2,1,1,2,1,1,1
SF,IC2011,2020-09-23 09:31:33.100,6230.4000,3232,0,69752760.000,0,-,-,-,-,6228.6000,6228.4000,6228.0000,6227.2000,6227.0000,6231.8000,6232.0000,6232.2000,6232.6000,6233.0000,1,1,1,2,1,1,1,1,1,1
SF,IC2011,2020-09-23 09:31:34.100,6230.4000,3232,0,69752760.000,0,-,-,-,-,6229.0000,6228.6000,6227.2000,6227.0000,6225.6000,6231.8000,6232.0000,6232.2000,6232.6000,6233.0000,1,1,2,1,1,1,1,1,1,1
SF,IC2011,2020-09-23 09:31:34.600,6230.4000,3232,0,69752760.000,0,-,-,-,-,6227.2000,6227.0000,6225.6000,6225.0000,6224.0000,6231.4000,6231.6000,6231.8000,6232.2000,6232.6000,2,1,1,1,6,1,1,1,1,1
SF,IC2011,2020-09-23 09:31:35.100,6230.4000,3232,0,69752760.000,0,-,-,-,-,6227.4000,6227.2000,6227.0000,6225.6000,6225.0000,6231.2000,6231.4000,6231.8000,6232.2000,6232.6000,1,2,1,1,1,2,1,1,1,1
SF,IC2011,2020-09-23 09:31:36.100,6230.4000,3232,0,69752760.000,0,-,-,-,-,6227.8000,6227.4000,6227.2000,6227.0000,6225.6000,6231.2000,6231.4000,6231.8000,6232.2000,6232.6000,1,1,1,1,1,2,1,1,1,1
SF,IC2011,2020-09-23 09:31:36.600,6230.4000,3232,0,69752760.000,0,-,-,-,-,6225.6000,6225.0000,6224.0000,6223.4000,6222.2000,6231.2000,6231.4000,6231.8000,6232.2000,6232.6000,1,1,6,5,2,2,1,1,1,1
SF,IC2011,2020-09-23 09:31:37.100,6230.4000,3232,0,69752760.000,0,-,-,-,-,6225.8000,6225.6000,6225.2000,6225.0000,6224.0000,6231.0000,6231.2000,6231.4000,6231.8000,6232.2000,1,4,1,1,6,1,2,1,1,1
SF,IC2011,2020-09-23 09:31:37.600,6230.4000,3232,0,69752760.000,0,-,-,-,-,6225.8000,6225.6000,6225.2000,6225.0000,6224.0000,6230.8000,6231.0000,6231.2000,6231.4000,6231.8000,1,4,1,1,6,2,1,1,1,1
SF,IC2011,2020-09-23 09:31:38.100,6230.4000,3232,0,69752760.000,0,-,-,-,-,6226.2000,6225.8000,6225.6000,6225.2000,6225.0000,6229.8000,6230.6000,6230.8000,6231.2000,6231.8000,1,1,4,1,1,1,1,2,1,1
SF,IC2011,2020-09-23 09:31:38.600,6230.4000,3232,0,69752760.000,0,-,-,-,-,6226.4000,6225.6000,6225.2000,6225.0000,6224.0000,6229.8000,6230.6000,6230.8000,6231.2000,6231.8000,1,4,1,1,6,1,1,2,1,1
SF,IC2011,2020-09-23 09:31:39.100,6230.4000,3232,0,69752760.000,0,-,-,-,-,6227.0000,6226.8000,6226.6000,6226.4000,6225.6000,6229.8000,6230.6000,6230.8000,6231.2000,6231.8000,1,1,1,1,3,1,1,2,1,1
SF,IC2011,2020-09-23 09:31:39.600,6230.4000,3232,0,69752760.000,0,-,-,-,-,6227.0000,6226.8000,6226.6000,6226.4000,6225.6000,6229.8000,6230.8000,6231.2000,6231.8000,6232.2000,1,1,1,1,3,1,2,1,1,1
SF,IC2011,2020-09-23 09:31:40.100,6230.4000,3232,0,69752760.000,0,-,-,-,-,6226.6000,6226.4000,6225.6000,6225.2000,6225.0000,6229.8000,6230.8000,6231.2000,6231.8000,6232.2000,1,1,3,1,1,1,2,1,1,1
SF,IC2011,2020-09-23 09:31:40.600,6230.4000,3232,0,69752760.000,0,-,-,-,-,6226.4000,6225.6000,6225.2000,6225.0000,6224.0000,6229.8000,6230.8000,6231.2000,6231.8000,6232.2000,1,3,1,1,6,1,2,1,1,1
SF,IC2011,2020-09-23 09:31:42.600,6230.4000,3232,0,69752760.000,0,-,-,-,-,6226.4000,6225.6000,6225.2000,6225.0000,6224.0000,6228.0000,6229.8000,6230.8000,6231.2000,6231.8000,1,1,1,1,5,1,1,2,1,1
SF,IC2011,2020-09-23 09:31:43.100,6230.4000,3232,0,69752760.000,0,-,-,-,-,6226.4000,6225.6000,6225.2000,6225.0000,6224.0000,6229.8000,6230.8000,6231.2000,6231.8000,6232.2000,1,1,1,1,5,1,2,1,1,1
SF,IC2011,2020-09-23 09:31:43.600,6230.4000,3232,0,69752760.000,0,-,-,-,-,6225.6000,6225.2000,6225.0000,6224.0000,6223.4000,6229.6000,6229.8000,6230.8000,6231.2000,6231.8000,1,1,1,5,5,2,1,1,1,1
SF,IC2011,2020-09-23 09:31:44.100,6230.4000,3232,0,69752760.000,0,-,-,-,-,6225.8000,6225.6000,6225.2000,6225.0000,6224.0000,6229.6000,6229.8000,6230.8000,6231.2000,6231.8000,1,4,1,1,5,2,1,1,1,1
SF,IC2011,2020-09-23 09:31:44.600,6230.4000,3232,0,69752760.000,0,-,-,-,-,6226.2000,6225.8000,6225.6000,6225.2000,6225.0000,6229.8000,6230.8000,6231.2000,6231.8000,6232.6000,1,1,4,1,1,1,1,1,1,1
SF,IC2011,2020-09-23 09:31:45.100,6230.4000,3232,0,69752760.000,0,-,-,-,-,6226.4000,6226.2000,6225.6000,6225.2000,6225.0000,6229.8000,6230.8000,6231.2000,6232.6000,6235.0000,1,1,4,1,1,1,1,1,1,1
SF,IC2011,2020-09-23 09:31:45.600,6230.4000,3232,0,69752760.000,0,-,-,-,-,6226.6000,6226.4000,6226.2000,6225.6000,6225.2000,6229.8000,6230.8000,6231.2000,6232.6000,6235.0000,1,1,1,4,1,1,1,1,1,1
SF,IC2011,2020-09-23 09:31:46.100,6230.4000,3232,0,69752760.000,0,-,-,-,-,6226.6000,6226.4000,6226.2000,6225.6000,6225.2000,6229.8000,6230.8000,6231.2000,6232.6000,6237.2000,1,1,1,4,1,1,1,1,1,2
SF,IC2011,2020-09-23 09:31:47.600,6230.4000,3232,0,69752760.000,0,-,-,-,-,6226.4000,6225.6000,6225.2000,6225.0000,6224.0000,6229.8000,6230.8000,6231.2000,6232.6000,6237.2000,1,3,1,1,5,1,1,1,1,2
SF,IC2011,2020-09-23 09:31:48.100,6230.4000,3232,0,69752760.000,0,-,-,-,-,6226.8000,6226.4000,6225.6000,6225.2000,6225.0000,6228.0000,6229.8000,6230.8000,6231.2000,6232.6000,5,1,3,1,1,1,1,1,1,1
SF,IC2011,2020-09-23 09:31:48.600,6228.0000,3232,0,70998360.000,1,0,1,多换,S,6226.8000,6226.4000,6225.6000,6225.2000,6225.0000,6229.8000,6230.8000,6232.6000,6237.2000,6242.8000,5,1,3,1,1,1,1,1,2,3
SF,IC2011,2020-09-23 09:31:49.600,6228.0000,3232,0,70998360.000,0,-,-,-,-,6226.8000,6226.4000,6225.6000,6225.2000,6225.0000,6229.6000,6229.8000,6230.8000,6232.6000,6237.2000,5,1,3,1,1,1,1,1,1,2
SF,IC2011,2020-09-23 09:31:50.600,6228.0000,3232,0,70998360.000,0,-,-,-,-,6226.8000,6226.4000,6225.6000,6225.2000,6225.0000,6229.6000,6229.8000,6230.8000,6232.6000,6237.2000,5,1,2,1,1,1,1,1,1,2
SF,IC2011,2020-09-23 09:31:51.100,6228.0000,3232,0,70998360.000,0,-,-,-,-,6226.8000,6226.4000,6225.6000,6225.2000,6225.0000,6229.6000,6229.8000,6230.8000,6232.6000,6237.2000,5,1,2,1,1,1,1,1,1,2
SF,IC2011,2020-09-23 09:31:51.600,6228.0000,3232,0,70998360.000,0,-,-,-,-,6226.8000,6225.6000,6225.2000,6225.0000,6224.0000,6229.4000,6229.6000,6229.8000,6230.0000,6230.8000,5,2,1,1,5,1,1,1,1,1
SF,IC2011,2020-09-23 09:31:52.100,6228.0000,3232,0,70998360.000,0,-,-,-,-,6226.8000,6225.6000,6225.2000,6225.0000,6224.0000,6229.2000,6229.4000,6229.6000,6229.8000,6230.0000,5,2,1,1,5,1,1,1,1,1
SF,IC2011,2020-09-23 09:31:52.600,6228.0000,3232,0,70998360.000,0,-,-,-,-,6226.8000,6225.6000,6225.2000,6225.0000,6224.0000,6228.2000,6229.2000,6229.4000,6229.6000,6230.0000,5,2,1,1,5,2,1,1,1,1
SF,IC2011,2020-09-23 09:31:53.100,6228.0000,3232,0,70998360.000,0,-,-,-,-,6226.8000,6225.6000,6225.2000,6225.0000,6224.0000,6228.2000,6229.2000,6229.4000,6229.6000,6230.0000,5,2,1,1,5,1,1,2,1,1
SF,IC2011,2020-09-23 09:31:53.600,6229.2000,3231,-1,73489840.000,2,0,2,多平,S,6226.8000,6225.6000,6225.2000,6225.0000,6224.0000,6229.4000,6230.0000,6230.8000,6232.6000,6237.2000,5,2,1,1,5,1,1,1,1,2
SF,IC2011,2020-09-23 09:31:54.100,6229.2000,3231,0,73489840.000,0,-,-,-,-,6226.8000,6225.6000,6225.2000,6225.0000,6224.0000,6229.4000,6230.0000,6232.6000,6237.2000,6242.8000,5,2,1,1,5,1,1,1,2,3
SF,IC2011,2020-09-23 09:31:59.100,6229.2000,3231,0,73489840.000,0,-,-,-,-,6226.8000,6225.6000,6225.2000,6225.0000,6224.0000,6229.4000,6230.0000,6232.6000,6237.2000,6242.8000,5,1,1,1,5,1,1,1,2,3
SF,IC2011,2020-09-23 09:31:59.600,6226.8000,3229,-2,75980560.000,2,0,2,双平,S,6226.8000,6225.0000,6224.0000,6223.4000,6222.2000,6229.2000,6229.4000,6230.0000,6232.6000,6237.2000,3,1,5,5,2,2,1,1,1,2
SF,IC2011,2020-09-23 09:32:00.100,6226.8000,3228,-1,77225920.000,1,0,1,双平,S,6226.8000,6225.0000,6224.0000,6223.4000,6222.2000,6229.2000,6229.4000,6230.0000,6232.6000,6237.2000,2,1,5,5,2,2,1,1,1,2
SF,IC2011,2020-09-23 09:32:00.600,6226.8000,3228,0,77225920.000,0,-,-,-,-,6226.8000,6225.0000,6224.0000,6222.2000,6217.6000,6229.2000,6229.4000,6230.0000,6232.6000,6237.2000,2,1,5,2,5,2,1,1,1,2
SF,IC2011,2020-09-23 09:32:01.100,6226.8000,3228,0,77225920.000,0,-,-,-,-,6226.8000,6225.0000,6224.0000,6222.2000,6217.6000,6228.0000,6229.2000,6229.4000,6230.0000,6232.6000,2,1,5,2,5,1,2,1,1,1
SF,IC2011,2020-09-23 09:32:01.600,6226.8000,3226,-2,79716640.000,2,0,2,双平,S,6225.0000,6224.0000,6222.2000,6217.6000,6201.0000,6226.8000,6229.2000,6229.4000,6230.0000,6232.6000,1,5,2,5,3,1,2,1,1,1
SF,IC2011,2020-09-23 09:32:02.100,6226.8000,3226,0,79716640.000,0,-,-,-,-,6225.0000,6224.0000,6222.2000,6217.6000,6201.0000,6226.8000,6228.6000,6229.2000,6229.4000,6230.0000,1,5,2,5,3,1,1,2,1,1
SF,IC2011,2020-09-23 09:32:02.600,6226.8000,3226,0,79716640.000,0,-,-,-,-,6225.0000,6224.0000,6222.2000,6217.6000,6201.0000,6226.8000,6228.6000,6229.2000,6229.4000,6230.0000,1,5,2,5,3,1,1,2,1,1
SF,IC2011,2020-09-23 09:32:03.100,6225.0000,3226,0,80961640.000,1,0,1,多换,S,6224.0000,6222.2000,6217.6000,6201.0000,6200.0000,6226.8000,6228.6000,6229.2000,6229.4000,6230.0000,5,2,5,3,10,1,1,2,1,1
SF,IC2011,2020-09-23 09:32:03.600,6225.0000,3226,0,80961640.000,0,-,-,-,-,6224.0000,6222.2000,6217.6000,6201.0000,6200.0000,6226.8000,6228.6000,6229.2000,6229.4000,6230.0000,5,2,5,3,10,1,1,2,1,1
SF,IC2011,2020-09-23 09:32:04.100,6224.0000,3226,0,82206440.000,1,0,1,多换,S,6224.0000,6222.2000,6217.6000,6201.0000,6200.0000,6226.6000,6226.8000,6228.4000,6228.6000,6229.2000,4,2,5,3,10,1,1,1,1,1
SF,IC2011,2020-09-23 09:32:04.600,6224.0000,3226,0,82206440.000,0,-,-,-,-,6224.0000,6222.2000,6217.6000,6201.0000,6200.0000,6226.4000,6226.6000,6226.8000,6228.4000,6228.6000,4,2,5,3,10,1,1,1,1,1
SF,IC2011,2020-09-23 09:32:05.100,6224.0000,3226,0,82206440.000,0,-,-,-,-,6224.0000,6222.2000,6221.0000,6217.6000,6201.0000,6226.2000,6226.4000,6226.8000,6228.4000,6228.6000,4,2,2,5,3,1,1,1,1,1
SF,IC2011,2020-09-23 09:32:05.600,6224.0000,3226,0,82206440.000,0,-,-,-,-,6224.0000,6222.2000,6221.0000,6217.6000,6201.0000,6226.2000,6226.4000,6226.8000,6228.4000,6229.4000,4,2,2,5,3,1,1,1,1,1
SF,IC2011,2020-09-23 09:32:06.100,6224.0000,3226,0,82206440.000,0,-,-,-,-,6224.0000,6222.2000,6221.0000,6217.6000,6201.0000,6226.2000,6226.4000,6226.8000,6228.4000,6229.4000,4,2,2,5,3,1,1,1,1,1
SF,IC2011,2020-09-23 09:32:08.100,6224.0000,3226,0,84696040.000,2,1,1,多换,S,6224.0000,6222.2000,6221.0000,6217.6000,6201.0000,6226.2000,6226.4000,6226.8000,6228.4000,6229.4000,2,2,2,5,3,1,1,1,1,1
SF,IC2011,2020-09-23 09:32:08.600,6224.0000,3226,0,84696040.000,0,-,-,-,-,6224.0000,6222.2000,6221.0000,6217.6000,6201.0000,6226.2000,6226.4000,6226.8000,6228.4000,6229.4000,2,2,2,5,3,1,1,1,1,1
SF,IC2011,2020-09-23 09:32:10.600,6224.0000,3226,0,84696040.000,0,-,-,-,-,6224.0000,6222.2000,6221.0000,6217.6000,6201.0000,6226.2000,6226.4000,6226.8000,6228.4000,6229.4000,2,2,2,5,3,1,1,1,1,1
SF,IC2011,2020-09-23 09:32:11.100,6224.0000,3226,0,84696040.000,0,-,-,-,-,6224.0000,6222.2000,6221.0000,6217.6000,6201.0000,6226.2000,6226.4000,6226.8000,6228.4000,6229.4000,2,2,2,5,3,1,1,1,1,1
SF,IC2011,2020-09-23 09:32:12.600,6224.0000,3226,0,84696040.000,0,-,-,-,-,6224.0000,6222.2000,6221.0000,6217.6000,6201.0000,6225.8000,6226.0000,6226.2000,6226.4000,6226.8000,2,2,2,5,3,1,1,1,1,1
SF,IC2011,2020-09-23 09:32:13.100,6224.0000,3226,0,84696040.000,0,-,-,-,-,6224.0000,6222.2000,6221.0000,6217.6000,6201.0000,6225.6000,6225.8000,6226.4000,6226.8000,6228.4000,2,2,2,5,3,1,1,1,1,1
SF,IC2011,2020-09-23 09:32:13.600,6224.0000,3226,0,84696040.000,0,-,-,-,-,6224.0000,6222.2000,6221.0000,6217.6000,6201.0000,6224.8000,6225.6000,6225.8000,6226.4000,6226.8000,2,2,2,5,3,1,1,1,1,1
SF,IC2011,2020-09-23 09:32:14.100,6224.0000,3226,0,85940840.000,1,0,1,多换,S,6224.0000,6222.2000,6221.0000,6217.6000,6201.0000,6225.6000,6225.8000,6226.4000,6226.8000,6228.4000,1,2,2,5,3,1,1,1,1,1
SF,IC2011,2020-09-23 09:32:14.600,6224.0000,3226,0,85940840.000,0,-,-,-,-,6224.0000,6222.2000,6221.0000,6217.6000,6201.0000,6225.4000,6225.6000,6225.8000,6226.4000,6226.8000,1,2,2,5,3,1,1,1,1,1
SF,IC2011,2020-09-23 09:32:15.100,6224.0000,3226,0,85940840.000,0,-,-,-,-,6224.0000,6222.2000,6221.0000,6217.6000,6201.0000,6225.2000,6225.8000,6226.4000,6226.8000,6228.4000,1,2,2,5,3,1,1,1,1,1
SF,IC2011,2020-09-23 09:32:17.100,6224.0000,3226,0,85940840.000,0,-,-,-,-,6224.2000,6224.0000,6222.2000,6221.0000,6217.6000,6225.2000,6225.8000,6226.4000,6226.8000,6228.4000,5,1,2,2,5,1,1,1,1,1
SF,IC2011,2020-09-23 09:32:18.100,6224.0000,3226,0,85940840.000,0,-,-,-,-,6224.2000,6224.0000,6222.2000,6221.0000,6217.6000,6225.2000,6226.4000,6226.8000,6228.4000,6229.4000,5,1,2,2,5,1,1,1,1,1
SF,IC2011,2020-09-23 09:32:18.600,6225.2000,3225,-1,87185880.000,1,0,1,双平,S,6225.2000,6224.2000,6224.0000,6222.2000,6221.0000,6226.4000,6226.8000,6228.4000,6229.4000,6232.6000,1,5,1,2,2,1,1,1,1,1
SF,IC2011,2020-09-23 09:32:19.100,6225.2000,3225,0,87185880.000,0,-,-,-,-,6224.2000,6224.0000,6223.4000,6222.2000,6221.0000,6228.4000,6229.4000,6232.6000,6237.2000,6242.8000,5,1,1,2,2,1,1,1,2,3
SF,IC2011,2020-09-23 09:32:19.600,6225.2000,3225,0,87185880.000,0,-,-,-,-,6224.4000,6224.2000,6224.0000,6223.4000,6222.2000,6227.8000,6228.0000,6228.2000,6228.4000,6229.4000,1,5,1,1,2,1,2,1,1,1
SF,IC2011,2020-09-23 09:32:20.100,6227.8000,3224,-1,88431440.000,1,0,1,双平,S,6225.8000,6224.4000,6224.2000,6224.0000,6223.4000,6228.4000,6229.4000,6237.2000,6242.8000,6243.0000,1,1,5,1,1,1,1,2,3,8
SF,IC2011,2020-09-23 09:32:20.600,6228.4000,3223,-1,89677120.000,1,0,1,双平,S,6227.8000,6226.0000,6225.8000,6224.2000,6224.0000,6229.4000,6237.2000,6242.8000,6243.0000,6248.8000,1,1,1,5,1,1,2,3,8,2
SF,IC2011,2020-09-23 09:32:21.100,6229.4000,3222,-1,90923000.000,1,0,1,双平,S,6225.8000,6224.2000,6224.0000,6222.2000,6221.0000,6229.2000,6237.2000,6242.8000,6243.0000,6248.8000,1,5,1,2,2,1,2,3,8,2
SF,IC2011,2020-09-23 09:32:21.600,6229.4000,3222,0,90923000.000,0,-,-,-,-,6226.0000,6225.8000,6224.2000,6224.0000,6222.2000,6237.2000,6242.8000,6243.0000,6248.8000,6252.4000,2,1,5,1,2,2,3,8,2,5
SF,IC2011,2020-09-23 09:32:22.100,6229.4000,3222,0,90923000.000,0,-,-,-,-,6226.2000,6226.0000,6225.8000,6224.2000,6224.0000,6226.6000,6230.6000,6231.6000,6232.0000,6232.2000,1,2,1,5,1,1,1,2,2,1
SF,IC2011,2020-09-23 09:32:22.600,6226.6000,3222,0,92168320.000,1,0,1,多换,S,6226.6000,6226.0000,6225.8000,6224.2000,6224.0000,6231.6000,6232.0000,6232.2000,6235.0000,6235.2000,1,1,1,5,1,2,2,1,1,1
SF,IC2011,2020-09-23 09:32:23.100,6226.6000,3222,0,92168320.000,0,-,-,-,-,6226.8000,6226.6000,6226.0000,6225.8000,6224.2000,6231.4000,6232.0000,6235.0000,6235.2000,6237.2000,1,1,1,1,5,2,1,1,1,2
SF,IC2011,2020-09-23 09:32:23.600,6226.6000,3222,0,92168320.000,0,-,-,-,-,6227.2000,6227.0000,6226.8000,6226.6000,6226.0000,6231.2000,6231.4000,6232.0000,6235.0000,6235.2000,1,1,1,1,1,1,1,1,1,1
SF,IC2011,2020-09-23 09:32:24.100,6226.6000,3222,0,92168320.000,0,-,-,-,-,6227.4000,6227.2000,6226.8000,6226.6000,6224.2000,6231.0000,6231.2000,6232.0000,6235.0000,6235.2000,1,1,1,1,5,1,1,1,1,1
SF,IC2011,2020-09-23 09:32:24.600,6226.6000,3222,0,92168320.000,0,-,-,-,-,6227.4000,6227.2000,6226.8000,6226.6000,6224.2000,6231.0000,6235.2000,6237.2000,6242.8000,6243.0000,1,1,1,1,5,1,1,2,3,8
SF,IC2011,2020-09-23 09:32:25.100,6226.6000,3222,0,92168320.000,0,-,-,-,-,6227.4000,6227.2000,6226.8000,6226.6000,6224.2000,6231.0000,6235.2000,6237.2000,6242.8000,6243.0000,1,1,1,1,5,1,1,2,3,8
SF,IC2011,2020-09-23 09:32:25.600,6226.6000,3222,0,92168320.000,0,-,-,-,-,6227.4000,6227.2000,6226.8000,6226.6000,6224.2000,6235.2000,6237.2000,6242.8000,6243.0000,6248.8000,1,1,1,1,5,1,2,3,8,2
SF,IC2011,2020-09-23 09:32:26.100,6226.6000,3222,0,92168320.000,0,-,-,-,-,6227.6000,6227.4000,6227.2000,6226.6000,6224.2000,6232.8000,6233.4000,6233.6000,6234.8000,6235.0000,1,1,1,1,5,1,1,2,1,3
SF,IC2011,2020-09-23 09:32:26.600,6226.6000,3222,0,92168320.000,0,-,-,-,-,6227.8000,6227.6000,6227.2000,6226.6000,6224.2000,6232.6000,6233.4000,6233.6000,6234.8000,6235.2000,1,1,1,1,5,1,1,2,1,1
SF,IC2011,2020-09-23 09:32:27.100,6226.6000,3222,0,92168320.000,0,-,-,-,-,6228.0000,6227.8000,6227.2000,6226.6000,6224.2000,6232.6000,6233.4000,6233.6000,6234.8000,6235.2000,1,1,1,1,5,1,1,2,1,1
SF,IC2011,2020-09-23 09:32:27.600,6226.6000,3222,0,92168320.000,0,-,-,-,-,6228.0000,6227.2000,6226.6000,6224.2000,6224.0000,6232.0000,6232.4000,6232.6000,6233.4000,6233.6000,1,1,1,5,1,1,2,1,1,1
SF,IC2011,2020-09-23 09:32:28.100,6226.6000,3222,0,92168320.000,0,-,-,-,-,6228.0000,6227.2000,6226.6000,6224.2000,6224.0000,6231.6000,6231.8000,6232.0000,6232.4000,6234.8000,1,1,1,5,1,2,1,2,1,1
SF,IC2011,2020-09-23 09:32:28.600,6227.2000,3221,-1,93413760.000,1,0,1,双平,S,6226.6000,6224.2000,6224.0000,6222.2000,6221.0000,6231.4000,6231.6000,6232.0000,6232.4000,6235.2000,1,5,1,2,2,2,2,2,1,1
SF,IC2011,2020-09-23 09:32:29.100,6227.2000,3221,0,93413760.000,0,-,-,-,-,6226.8000,6226.6000,6224.2000,6224.0000,6222.2000,6231.2000,6231.4000,6231.6000,6232.0000,6232.4000,1,1,5,1,2,1,2,2,3,1
SF,IC2011,2020-09-23 09:32:29.600,6227.2000,3221,0,93413760.000,0,-,-,-,-,6226.8000,6226.6000,6224.2000,6224.0000,6222.2000,6231.0000,6231.4000,6231.6000,6232.0000,6232.4000,1,1,5,1,2,1,1,2,3,1
SF,IC2011,2020-09-23 09:32:30.100,6227.2000,3221,0,93413760.000,0,-,-,-,-,6226.8000,6226.6000,6224.2000,6224.0000,6222.2000,6231.0000,6231.4000,6231.6000,6232.0000,6235.2000,1,1,5,1,2,1,1,2,3,1
SF,IC2011,2020-09-23 09:32:30.600,6227.2000,3221,0,93413760.000,0,-,-,-,-,6227.0000,6226.8000,6226.6000,6224.2000,6224.0000,6230.8000,6231.0000,6231.6000,6232.0000,6235.2000,3,1,1,5,1,1,1,2,3,1
SF,IC2011,2020-09-23 09:32:31.100,6227.2000,3221,0,93413760.000,0,-,-,-,-,6227.0000,6226.8000,6226.6000,6224.2000,6224.0000,6231.6000,6232.0000,6235.2000,6237.2000,6242.8000,3,1,1,5,1,1,2,1,2,3
SF,IC2011,2020-09-23 09:32:31.600,6227.2000,3221,0,93413760.000,0,-,-,-,-,6227.2000,6227.0000,6226.6000,6224.2000,6224.0000,6232.0000,6235.2000,6237.2000,6242.8000,6243.0000,1,3,1,5,1,1,1,2,3,8
SF,IC2011,2020-09-23 09:32:32.100,6227.2000,3221,0,93413760.000,0,-,-,-,-,6227.4000,6227.2000,6227.0000,6226.6000,6224.2000,6232.0000,6235.2000,6237.2000,6242.8000,6243.0000,2,2,2,1,5,1,1,2,3,8
SF,IC2011,2020-09-23 09:32:32.600,6227.2000,3221,0,93413760.000,0,-,-,-,-,6227.6000,6227.4000,6227.0000,6226.6000,6224.2000,6232.0000,6235.2000,6237.2000,6242.8000,6243.0000,1,2,1,1,5,1,1,2,3,8
SF,IC2011,2020-09-23 09:32:33.100,6227.2000,3221,0,93413760.000,0,-,-,-,-,6228.6000,6227.8000,6227.6000,6227.4000,6227.0000,6232.0000,6235.2000,6237.2000,6242.8000,6243.0000,1,1,1,1,1,1,1,2,3,8
SF,IC2011,2020-09-23 09:32:33.600,6227.2000,3221,0,93413760.000,0,-,-,-,-,6227.8000,6227.6000,6227.4000,6227.0000,6226.6000,6232.0000,6235.2000,6236.6000,6237.2000,6242.8000,1,1,1,1,1,1,1,1,2,3
SF,IC2011,2020-09-23 09:32:35.100,6227.2000,3221,0,93413760.000,0,-,-,-,-,6228.8000,6227.8000,6227.6000,6227.4000,6227.0000,6232.0000,6235.2000,6236.6000,6237.2000,6242.8000,1,1,1,1,1,1,1,1,2,3
SF,IC2011,2020-09-23 09:32:35.600,6227.2000,3221,0,93413760.000,0,-,-,-,-,6229.0000,6228.8000,6227.6000,6227.4000,6227.0000,6232.0000,6235.2000,6236.6000,6237.2000,6242.8000,1,1,1,1,1,1,1,1,2,3
SF,IC2011,2020-09-23 09:32:36.100,6227.2000,3221,0,93413760.000,0,-,-,-,-,6229.0000,6228.8000,6227.6000,6227.4000,6227.0000,6232.0000,6235.2000,6236.6000,6237.2000,6242.8000,1,1,1,1,1,1,1,1,2,3
SF,IC2011,2020-09-23 09:32:36.600,6227.2000,3221,0,93413760.000,0,-,-,-,-,6229.0000,6228.8000,6227.6000,6227.4000,6227.0000,6232.0000,6236.6000,6237.2000,6242.8000,6243.0000,1,1,1,1,1,1,1,2,3,8
SF,IC2011,2020-09-23 09:32:37.600,6227.2000,3221,0,93413760.000,0,-,-,-,-,6229.0000,6228.8000,6227.6000,6227.4000,6226.6000,6232.0000,6236.6000,6237.2000,6242.8000,6243.0000,1,1,1,1,1,1,1,2,3,8
SF,IC2011,2020-09-23 09:32:38.100,6227.2000,3221,0,93413760.000,0,-,-,-,-,6229.0000,6227.6000,6226.6000,6224.2000,6224.0000,6232.0000,6236.6000,6237.2000,6242.8000,6243.0000,1,1,1,5,1,1,1,2,3,8
SF,IC2011,2020-09-23 09:32:38.600,6227.2000,3221,0,93413760.000,0,-,-,-,-,6227.6000,6226.6000,6224.2000,6224.0000,6222.2000,6231.8000,6232.0000,6236.6000,6237.2000,6242.8000,1,1,5,1,2,1,1,1,2,3
SF,IC2011,2020-09-23 09:32:39.100,6227.2000,3221,0,93413760.000,0,-,-,-,-,6227.8000,6226.6000,6224.2000,6224.0000,6222.2000,6231.8000,6232.0000,6236.6000,6237.2000,6242.8000,1,1,5,1,2,1,1,1,2,3
SF,IC2011,2020-09-23 09:32:41.100,6227.2000,3221,0,93413760.000,0,-,-,-,-,6227.8000,6226.6000,6224.2000,6224.0000,6222.2000,6231.8000,6232.0000,6236.6000,6237.2000,6242.8000,1,1,5,1,2,1,2,1,2,3
SF,IC2011,2020-09-23 09:32:41.600,6227.2000,3221,0,93413760.000,0,-,-,-,-,6228.0000,6227.8000,6226.6000,6224.2000,6224.0000,6231.8000,6232.0000,6236.6000,6237.2000,6242.8000,1,1,1,5,1,1,2,1,2,3
SF,IC2011,2020-09-23 09:32:42.100,6227.2000,3221,0,93413760.000,0,-,-,-,-,6228.2000,6228.0000,6226.6000,6224.2000,6224.0000,6231.8000,6232.0000,6236.6000,6237.2000,6242.8000,1,1,1,5,1,1,2,1,2,3
SF,IC2011,2020-09-23 09:32:42.600,6227.2000,3221,0,93413760.000,0,-,-,-,-,6228.4000,6228.2000,6226.6000,6224.2000,6224.0000,6231.6000,6231.8000,6232.0000,6236.6000,6237.2000,1,1,1,5,1,2,1,2,1,2
SF,IC2011,2020-09-23 09:32:43.100,6227.2000,3221,0,93413760.000,0,-,-,-,-,6228.4000,6226.6000,6224.2000,6224.0000,6222.2000,6231.4000,6231.6000,6232.0000,6236.6000,6237.2000,1,1,5,1,2,1,1,2,1,2
SF,IC2011,2020-09-23 09:32:43.600,6227.2000,3221,0,93413760.000,0,-,-,-,-,6228.4000,6226.6000,6224.2000,6224.0000,6222.2000,6231.4000,6232.0000,6236.6000,6237.2000,6242.8000,1,1,5,1,2,1,2,1,2,3
SF,IC2011,2020-09-23 09:32:45.100,6227.2000,3221,0,93413760.000,0,-,-,-,-,6226.6000,6224.2000,6224.0000,6222.2000,6221.0000,6231.4000,6232.0000,6236.6000,6237.2000,6242.8000,1,5,1,2,2,1,2,1,2,3
SF,IC2011,2020-09-23 09:32:45.600,6227.2000,3221,0,93413760.000,0,-,-,-,-,6226.8000,6226.6000,6224.2000,6224.0000,6222.2000,6231.2000,6231.4000,6232.0000,6236.6000,6237.2000,3,1,5,1,2,1,1,2,1,2
SF,IC2011,2020-09-23 09:32:46.600,6227.2000,3221,0,93413760.000,0,-,-,-,-,6226.8000,6226.6000,6224.2000,6224.0000,6222.2000,6231.2000,6231.4000,6232.0000,6236.6000,6237.2000,2,1,5,1,2,1,1,2,1,2
SF,IC2011,2020-09-23 09:32:47.100,6227.2000,3221,0,93413760.000,0,-,-,-,-,6227.0000,6226.8000,6226.6000,6224.2000,6224.0000,6231.2000,6231.4000,6232.0000,6236.6000,6237.2000,1,2,1,5,1,1,1,2,1,2
SF,IC2011,2020-09-23 09:32:47.600,6227.2000,3221,0,93413760.000,0,-,-,-,-,6227.2000,6227.0000,6226.8000,6226.6000,6224.2000,6231.2000,6231.4000,6232.0000,6236.6000,6237.2000,1,1,1,1,5,1,1,2,1,2
SF,IC2011,2020-09-23 09:32:48.600,6227.2000,3221,0,93413760.000,0,-,-,-,-,6227.2000,6227.0000,6226.8000,6226.6000,6224.2000,6231.2000,6231.4000,6232.0000,6236.6000,6237.2000,1,1,1,1,5,1,1,2,1,2
SF,IC2011,2020-09-23 09:32:49.100,6227.2000,3221,0,93413760.000,0,-,-,-,-,6227.4000,6227.2000,6227.0000,6226.8000,6226.6000,6231.0000,6231.2000,6232.0000,6236.6000,6237.2000,1,1,1,1,1,1,1,2,1,2
SF,IC2011,2020-09-23 09:32:49.600,6227.2000,3221,0,93413760.000,0,-,-,-,-,6227.6000,6227.4000,6227.0000,6226.6000,6224.2000,6231.0000,6232.0000,6236.6000,6237.2000,6242.8000,1,1,1,1,5,1,2,1,2,3
SF,IC2011,2020-09-23 09:32:50.100,6227.2000,3221,0,93413760.000,0,-,-,-,-,6227.6000,6227.2000,6226.6000,6224.2000,6224.0000,6231.0000,6232.0000,6236.6000,6237.2000,6242.8000,1,1,1,5,1,1,2,1,2,3
SF,IC2011,2020-09-23 09:32:50.600,6227.2000,3221,0,93413760.000,0,-,-,-,-,6227.6000,6227.2000,6226.6000,6224.2000,6224.0000,6229.2000,6230.8000,6231.0000,6232.0000,6236.6000,1,1,1,5,1,1,1,1,2,1
SF,IC2011,2020-09-23 09:32:51.100,6227.2000,3221,0,93413760.000,0,-,-,-,-,6227.6000,6227.2000,6226.6000,6224.2000,6224.0000,6231.0000,6232.0000,6236.6000,6237.2000,6242.8000,1,1,1,5,1,1,2,1,2,3
SF,IC2011,2020-09-23 09:32:51.600,6227.2000,3221,0,93413760.000,0,-,-,-,-,6227.6000,6227.2000,6226.6000,6224.2000,6224.0000,6230.8000,6231.0000,6232.0000,6236.6000,6237.2000,1,1,1,5,1,1,1,2,1,2
SF,IC2011,2020-09-23 09:32:52.100,6227.2000,3221,0,93413760.000,0,-,-,-,-,6227.2000,6226.6000,6224.2000,6224.0000,6222.2000,6230.4000,6230.6000,6230.8000,6232.0000,6236.6000,1,1,5,1,2,3,2,1,2,1
SF,IC2011,2020-09-23 09:32:52.600,6227.2000,3221,0,93413760.000,0,-,-,-,-,6227.2000,6224.2000,6224.0000,6222.2000,6221.0000,6230.2000,6230.4000,6230.8000,6232.0000,6236.6000,1,5,1,2,2,1,3,1,2,1
SF,IC2011,2020-09-23 09:32:53.100,6227.2000,3221,0,93413760.000,0,-,-,-,-,6227.2000,6224.2000,6224.0000,6222.2000,6221.0000,6230.2000,6230.4000,6232.0000,6236.6000,6237.2000,1,5,1,2,2,1,2,2,1,2
SF,IC2011,2020-09-23 09:32:53.600,6227.2000,3221,0,93413760.000,0,-,-,-,-,6227.2000,6224.2000,6224.0000,6222.2000,6221.0000,6230.2000,6232.0000,6236.6000,6237.2000,6242.8000,1,5,1,2,2,1,2,1,2,3
SF,IC2011,2020-09-23 09:32:54.100,6227.2000,3221,0,93413760.000,0,-,-,-,-,6227.2000,6224.2000,6224.0000,6222.2000,6221.0000,6230.2000,6232.0000,6236.6000,6237.2000,6242.8000,1,5,1,2,2,1,2,1,2,3
SF,IC2011,2020-09-23 09:32:54.600,6227.2000,3221,0,93413760.000,0,-,-,-,-,6227.4000,6227.2000,6224.2000,6224.0000,6222.2000,6230.2000,6232.0000,6236.6000,6237.2000,6242.8000,2,1,5,1,2,1,2,1,2,3
SF,IC2011,2020-09-23 09:32:55.100,6227.2000,3221,0,93413760.000,0,-,-,-,-,6227.4000,6227.2000,6224.2000,6224.0000,6222.2000,6232.0000,6236.6000,6237.2000,6242.8000,6243.0000,2,1,5,1,2,2,1,2,3,8
SF,IC2011,2020-09-23 09:32:55.600,6227.2000,3221,0,93413760.000,0,-,-,-,-,6227.4000,6227.2000,6224.2000,6224.0000,6222.2000,6230.4000,6231.6000,6231.8000,6232.0000,6236.6000,2,1,5,1,2,2,1,6,3,1
SF,IC2011,2020-09-23 09:32:56.100,6227.2000,3221,0,93413760.000,0,-,-,-,-,6227.4000,6227.2000,6224.2000,6224.0000,6222.2000,6231.6000,6231.8000,6232.0000,6236.6000,6237.2000,2,1,5,1,2,1,2,2,1,2
SF,IC2011,2020-09-23 09:32:56.600,6227.2000,3221,0,93413760.000,0,-,-,-,-,6227.4000,6227.2000,6224.2000,6224.0000,6222.2000,6231.4000,6231.6000,6231.8000,6232.0000,6236.6000,1,1,5,1,2,1,2,1,2,1
SF,IC2011,2020-09-23 09:32:57.100,6227.2000,3221,0,93413760.000,0,-,-,-,-,6227.4000,6227.2000,6224.2000,6224.0000,6222.2000,6231.4000,6231.8000,6232.0000,6236.6000,6237.2000,1,1,5,1,2,1,1,2,1,2
SF,IC2011,2020-09-23 09:32:57.600,6227.2000,3221,0,93413760.000,0,-,-,-,-,6227.4000,6227.2000,6224.2000,6224.0000,6222.2000,6231.4000,6232.0000,6236.6000,6237.2000,6242.8000,1,1,5,1,2,1,2,1,2,3
SF,IC2011,2020-09-23 09:32:58.600,6227.2000,3221,0,93413760.000,0,-,-,-,-,6227.4000,6227.2000,6224.2000,6224.0000,6222.2000,6231.2000,6231.4000,6232.0000,6236.6000,6237.2000,1,1,5,1,2,1,1,2,1,2
SF,IC2011,2020-09-23 09:32:59.100,6227.2000,3221,0,93413760.000,0,-,-,-,-,6227.4000,6227.2000,6224.2000,6224.0000,6222.2000,6231.4000,6232.0000,6236.6000,6237.2000,6242.8000,1,1,5,1,2,1,2,1,2,3
SF,IC2011,2020-09-23 09:32:59.600,6227.2000,3221,0,93413760.000,0,-,-,-,-,6227.4000,6227.2000,6226.8000,6224.2000,6224.0000,6231.4000,6232.0000,6236.6000,6237.2000,6242.8000,1,1,1,5,1,1,2,1,2,3
SF,IC2011,2020-09-23 09:33:00.100,6227.2000,3221,0,93413760.000,0,-,-,-,-,6227.4000,6227.2000,6226.8000,6224.2000,6224.0000,6231.2000,6231.4000,6232.0000,6236.6000,6237.2000,1,1,1,5,1,1,1,2,1,2
SF,IC2011,2020-09-23 09:33:00.600,6227.2000,3221,0,93413760.000,0,-,-,-,-,6227.4000,6227.2000,6226.8000,6224.2000,6224.0000,6231.4000,6232.0000,6236.6000,6237.2000,6242.8000,1,1,1,5,1,1,2,1,2,3
SF,IC2011,2020-09-23 09:33:01.600,6227.2000,3221,0,93413760.000,0,-,-,-,-,6227.4000,6227.2000,6226.8000,6224.2000,6224.0000,6231.2000,6231.4000,6232.0000,6236.6000,6237.2000,1,1,1,5,1,1,1,2,1,2
SF,IC2011,2020-09-23 09:33:02.100,6227.2000,3221,0,93413760.000,0,-,-,-,-,6227.4000,6227.2000,6226.8000,6224.2000,6224.0000,6231.0000,6232.0000,6236.6000,6237.2000,6242.8000,1,1,1,5,1,1,2,1,2,3
SF,IC2011,2020-09-23 09:33:03.100,6227.2000,3221,0,93413760.000,0,-,-,-,-,6227.4000,6227.2000,6226.8000,6224.2000,6224.0000,6229.2000,6230.8000,6231.0000,6232.0000,6236.6000,1,1,1,5,1,1,1,1,2,1
SF,IC2011,2020-09-23 09:33:03.600,6227.2000,3221,0,93413760.000,0,-,-,-,-,6227.4000,6227.2000,6226.8000,6224.2000,6224.0000,6232.0000,6236.6000,6237.2000,6242.8000,6243.0000,1,1,1,5,1,2,1,2,3,8
SF,IC2011,2020-09-23 09:33:04.100,6227.2000,3221,0,93413760.000,0,-,-,-,-,6227.4000,6227.2000,6226.8000,6224.2000,6224.0000,6231.6000,6231.8000,6232.0000,6236.6000,6237.2000,1,1,1,5,1,2,3,4,1,2
SF,IC2011,2020-09-23 09:33:04.600,6227.2000,3221,0,93413760.000,0,-,-,-,-,6227.4000,6227.2000,6226.8000,6224.2000,6224.0000,6231.4000,6231.6000,6231.8000,6232.0000,6236.6000,1,1,1,5,1,2,2,2,4,1
SF,IC2011,2020-09-23 09:33:05.100,6227.2000,3221,0,93413760.000,0,-,-,-,-,6227.4000,6227.2000,6226.8000,6224.2000,6224.0000,6231.2000,6231.4000,6231.6000,6231.8000,6232.0000,1,1,1,5,1,1,1,2,2,4
SF,IC2011,2020-09-23 09:33:05.600,6227.2000,3221,0,93413760.000,0,-,-,-,-,6227.2000,6226.8000,6224.2000,6224.0000,6222.2000,6231.0000,6231.2000,6231.6000,6231.8000,6232.0000,1,1,5,1,2,1,1,2,2,4
SF,IC2011,2020-09-23 09:33:06.100,6227.2000,3221,0,93413760.000,0,-,-,-,-,6227.2000,6226.8000,6224.2000,6224.0000,6222.2000,6230.4000,6230.8000,6231.0000,6231.2000,6231.6000,1,1,5,1,2,1,1,1,1,1
SF,IC2011,2020-09-23 09:33:06.600,6227.2000,3221,0,93413760.000,0,-,-,-,-,6226.8000,6224.2000,6224.0000,6222.2000,6221.0000,6230.2000,6230.4000,6231.2000,6231.6000,6231.8000,1,5,1,2,2,1,2,1,1,2
SF,IC2011,2020-09-23 09:33:07.100,6227.2000,3221,0,93413760.000,0,-,-,-,-,6226.8000,6224.2000,6224.0000,6222.2000,6221.0000,6229.2000,6229.8000,6230.2000,6230.4000,6231.2000,1,5,1,2,2,1,1,1,1,1
SF,IC2011,2020-09-23 09:33:07.600,6227.2000,3221,0,93413760.000,0,-,-,-,-,6226.8000,6224.2000,6224.0000,6222.2000,6221.0000,6229.0000,6229.2000,6229.8000,6230.2000,6230.4000,1,5,1,2,2,1,1,1,1,1
SF,IC2011,2020-09-23 09:33:08.100,6227.2000,3221,0,93413760.000,0,-,-,-,-,6226.8000,6224.2000,6224.0000,6222.2000,6221.0000,6228.8000,6229.2000,6229.8000,6231.2000,6231.8000,1,5,1,2,2,2,1,1,1,2
SF,IC2011,2020-09-23 09:33:08.600,6226.8000,3220,-1,94659120.000,1,0,1,双平,S,6224.2000,6224.0000,6222.2000,6221.0000,6218.0000,6228.8000,6229.2000,6229.8000,6231.2000,6231.8000,5,1,2,2,1,2,1,1,1,2
SF,IC2011,2020-09-23 09:33:09.100,6226.8000,3220,0,94659120.000,0,-,-,-,-,6224.6000,6224.4000,6224.2000,6224.0000,6222.2000,6228.0000,6228.6000,6228.8000,6231.2000,6231.8000,1,1,5,1,2,2,2,3,1,1
SF,IC2011,2020-09-23 09:33:09.600,6226.8000,3220,0,94659120.000,0,-,-,-,-,6224.8000,6224.6000,6224.2000,6224.0000,6222.2000,6228.6000,6228.8000,6231.2000,6232.0000,6236.6000,1,1,5,1,2,1,2,1,2,1
SF,IC2011,2020-09-23 09:33:10.100,6226.8000,3220,0,94659120.000,0,-,-,-,-,6224.8000,6224.6000,6224.2000,6224.0000,6222.2000,6232.0000,6236.6000,6237.2000,6242.8000,6243.0000,1,1,5,1,2,2,1,2,3,8
SF,IC2011,2020-09-23 09:33:10.600,6226.8000,3220,0,94659120.000,0,-,-,-,-,6225.0000,6224.8000,6224.6000,6224.2000,6224.0000,6230.4000,6231.4000,6231.6000,6231.8000,6232.0000,1,1,1,5,1,1,1,1,5,4
SF,IC2011,2020-09-23 09:33:11.100,6226.8000,3220,0,94659120.000,0,-,-,-,-,6225.2000,6225.0000,6224.6000,6224.2000,6224.0000,6230.2000,6230.4000,6231.4000,6231.6000,6231.8000,1,1,1,5,1,1,1,1,1,3
SF,IC2011,2020-09-23 09:33:11.600,6226.8000,3220,0,94659120.000,0,-,-,-,-,6225.4000,6225.2000,6224.6000,6224.2000,6224.0000,6230.2000,6230.4000,6231.4000,6231.6000,6231.8000,1,1,1,5,1,1,1,1,1,3
SF,IC2011,2020-09-23 09:33:12.100,6226.8000,3220,0,94659120.000,0,-,-,-,-,6225.6000,6225.4000,6224.6000,6224.2000,6224.0000,6230.0000,6230.2000,6230.4000,6231.4000,6231.6000,1,1,1,5,1,1,1,1,1,1
SF,IC2011,2020-09-23 09:33:12.600,6226.8000,3220,0,94659120.000,0,-,-,-,-,6225.8000,6225.6000,6224.6000,6224.2000,6224.0000,6229.8000,6230.4000,6231.6000,6231.8000,6232.0000,1,1,1,5,1,1,1,1,3,3
SF,IC2011,2020-09-23 09:33:13.100,6226.8000,3220,0,94659120.000,0,-,-,-,-,6225.8000,6225.6000,6224.6000,6224.2000,6224.0000,6229.8000,6230.4000,6231.6000,6231.8000,6232.0000,1,1,1,5,1,1,1,1,1,3
SF,IC2011,2020-09-23 09:33:13.600,6226.8000,3220,0,94659120.000,0,-,-,-,-,6225.8000,6224.2000,6224.0000,6222.2000,6221.0000,6229.8000,6230.4000,6231.6000,6231.8000,6232.0000,1,5,1,2,2,1,1,1,1,3
SF,IC2011,2020-09-23 09:33:14.100,6226.8000,3220,0,94659120.000,0,-,-,-,-,6225.8000,6224.2000,6224.0000,6222.2000,6221.0000,6229.6000,6229.8000,6230.4000,6231.8000,6232.0000,1,5,1,2,2,1,1,1,1,2
SF,IC2011,2020-09-23 09:33:14.600,6226.8000,3220,0,94659120.000,0,-,-,-,-,6224.2000,6224.0000,6222.2000,6221.0000,6218.0000,6229.2000,6229.4000,6231.8000,6232.0000,6236.6000,5,1,2,2,1,1,1,1,2,1
SF,IC2011,2020-09-23 09:33:15.100,6226.8000,3220,0,94659120.000,0,-,-,-,-,6224.6000,6224.4000,6224.2000,6224.0000,6222.2000,6229.0000,6229.2000,6231.8000,6232.0000,6236.6000,1,2,5,1,2,1,1,1,2,1
SF,IC2011,2020-09-23 09:33:15.600,6226.8000,3220,0,94659120.000,0,-,-,-,-,6224.8000,6224.6000,6224.2000,6224.0000,6222.2000,6229.0000,6232.0000,6236.6000,6237.2000,6242.8000,2,1,5,1,2,1,2,1,2,3
SF,IC2011,2020-09-23 09:33:16.100,6226.8000,3220,0,94659120.000,0,-,-,-,-,6224.8000,6224.6000,6224.2000,6224.0000,6222.2000,6228.8000,6232.0000,6236.6000,6237.2000,6242.8000,2,1,5,1,2,1,2,1,2,3
SF,IC2011,2020-09-23 09:33:16.600,6226.8000,3220,0,94659120.000,0,-,-,-,-,6224.8000,6224.6000,6224.2000,6224.0000,6222.2000,6232.0000,6236.6000,6237.2000,6242.8000,6243.0000,2,1,5,1,2,2,1,2,3,8
SF,IC2011,2020-09-23 09:33:17.100,6226.8000,3220,0,94659120.000,0,-,-,-,-,6224.8000,6224.2000,6224.0000,6222.2000,6221.0000,6228.4000,6228.8000,6229.2000,6229.6000,6229.8000,1,5,1,2,2,2,1,1,1,1
SF,IC2011,2020-09-23 09:33:17.600,6226.8000,3220,0,94659120.000,0,-,-,-,-,6224.2000,6224.0000,6222.2000,6221.0000,6218.0000,6228.0000,6228.2000,6228.8000,6229.6000,6230.4000,5,1,2,2,1,2,2,1,1,1
SF,IC2011,2020-09-23 09:33:18.100,6226.8000,3220,0,94659120.000,0,-,-,-,-,6224.2000,6224.0000,6222.2000,6221.0000,6218.0000,6227.8000,6228.0000,6228.8000,6229.6000,6230.4000,5,1,2,2,1,1,2,1,1,1
SF,IC2011,2020-09-23 09:33:19.100,6226.8000,3220,0,94659120.000,0,-,-,-,-,6224.4000,6224.2000,6224.0000,6222.2000,6221.0000,6227.6000,6227.8000,6228.0000,6228.8000,6229.6000,1,5,1,2,2,1,1,2,1,1
SF,IC2011,2020-09-23 09:33:19.600,6226.8000,3220,0,94659120.000,0,-,-,-,-,6224.4000,6224.2000,6224.0000,6222.2000,6221.0000,6227.4000,6228.0000,6228.8000,6229.6000,6230.4000,1,5,1,2,2,1,2,1,1,1
SF,IC2011,2020-09-23 09:33:20.600,6226.8000,3220,0,94659120.000,0,-,-,-,-,6224.2000,6224.0000,6222.2000,6221.0000,6218.0000,6227.2000,6227.4000,6228.0000,6228.8000,6229.6000,5,1,2,2,1,1,1,2,1,1
SF,IC2011,2020-09-23 09:33:21.100,6226.8000,3220,0,94659120.000,0,-,-,-,-,6224.2000,6224.0000,6222.2000,6221.0000,6218.0000,6227.4000,6228.0000,6228.8000,6229.6000,6230.4000,5,1,2,2,1,1,2,1,1,1
SF,IC2011,2020-09-23 09:33:22.100,6226.8000,3220,0,94659120.000,0,-,-,-,-,6224.2000,6224.0000,6222.2000,6221.0000,6218.0000,6227.2000,6227.4000,6228.0000,6228.8000,6229.6000,5,1,2,2,1,1,1,2,1,1
SF,IC2011,2020-09-23 09:33:22.600,6226.8000,3220,0,94659120.000,0,-,-,-,-,6224.2000,6224.0000,6222.2000,6221.0000,6218.0000,6227.4000,6228.0000,6228.8000,6229.6000,6230.4000,5,1,2,2,1,1,2,1,1,1
SF,IC2011,2020-09-23 09:33:23.600,6226.8000,3220,0,94659120.000,0,-,-,-,-,6224.2000,6224.0000,6222.2000,6221.0000,6218.0000,6227.2000,6227.4000,6228.0000,6228.8000,6229.6000,5,1,2,2,1,1,1,2,1,1
SF,IC2011,2020-09-23 09:33:24.100,6226.8000,3220,0,94659120.000,0,-,-,-,-,6224.2000,6224.0000,6222.2000,6221.0000,6218.0000,6227.4000,6228.0000,6228.8000,6229.6000,6230.4000,5,1,2,2,1,1,2,1,1,1
SF,IC2011,2020-09-23 09:33:24.600,6226.8000,3220,0,94659120.000,0,-,-,-,-,6224.4000,6224.2000,6224.0000,6222.2000,6221.0000,6228.8000,6229.6000,6230.4000,6232.0000,6236.6000,1,5,1,2,2,1,1,1,2,1
SF,IC2011,2020-09-23 09:33:25.100,6226.8000,3220,0,94659120.000,0,-,-,-,-,6224.6000,6224.2000,6224.0000,6222.2000,6221.0000,6228.0000,6228.2000,6228.6000,6228.8000,6229.6000,1,5,1,2,2,2,1,3,2,1
SF,IC2011,2020-09-23 09:33:25.600,6226.8000,3220,0,94659120.000,0,-,-,-,-,6224.2000,6224.0000,6222.2000,6221.0000,6218.0000,6227.8000,6228.2000,6228.8000,6229.6000,6230.4000,5,1,2,2,1,1,1,1,1,1
SF,IC2011,2020-09-23 09:33:26.600,6226.8000,3220,0,94659120.000,0,-,-,-,-,6224.2000,6224.0000,6222.2000,6221.0000,6218.0000,6227.6000,6227.8000,6228.2000,6228.8000,6229.6000,5,1,2,2,1,1,1,1,1,1
SF,IC2011,2020-09-23 09:33:27.100,6226.8000,3220,0,94659120.000,0,-,-,-,-,6224.8000,6224.4000,6224.2000,6224.0000,6222.2000,6228.2000,6228.8000,6229.6000,6230.4000,6232.0000,1,1,5,1,2,1,1,1,1,2
SF,IC2011,2020-09-23 09:33:27.600,6226.8000,3220,0,94659120.000,0,-,-,-,-,6225.0000,6224.8000,6224.2000,6224.0000,6222.2000,6228.8000,6229.6000,6230.4000,6232.0000,6236.6000,2,1,5,1,2,1,1,1,2,1
SF,IC2011,2020-09-23 09:33:28.100,6226.8000,3220,0,94659120.000,0,-,-,-,-,6225.8000,6225.0000,6224.8000,6224.2000,6224.0000,6232.0000,6236.6000,6237.2000,6242.8000,6243.0000,1,2,1,5,1,2,1,2,3,8
SF,IC2011,2020-09-23 09:33:28.600,6226.8000,3220,0,94659120.000,0,-,-,-,-,6226.0000,6225.8000,6224.8000,6224.2000,6224.0000,6231.2000,6231.6000,6231.8000,6232.0000,6236.6000,2,1,1,5,1,1,2,3,4,1
SF,IC2011,2020-09-23 09:33:29.100,6226.8000,3220,0,94659120.000,0,-,-,-,-,6226.0000,6225.8000,6224.8000,6224.2000,6224.0000,6231.0000,6231.2000,6231.6000,6231.8000,6232.0000,2,1,1,5,1,1,1,2,1,4
SF,IC2011,2020-09-23 09:33:29.600,6226.8000,3220,0,94659120.000,0,-,-,-,-,6226.0000,6225.8000,6224.8000,6224.2000,6224.0000,6230.8000,6231.0000,6231.2000,6231.6000,6231.8000,2,1,1,5,1,1,1,1,2,1
SF,IC2011,2020-09-23 09:33:30.100,6226.8000,3220,0,94659120.000,0,-,-,-,-,6226.2000,6226.0000,6225.8000,6224.2000,6224.0000,6230.6000,6230.8000,6231.2000,6231.6000,6231.8000,1,2,1,5,1,2,1,1,2,1
SF,IC2011,2020-09-23 09:33:30.600,6226.8000,3220,0,94659120.000,0,-,-,-,-,6226.4000,6226.2000,6225.8000,6224.2000,6224.0000,6230.6000,6230.8000,6231.2000,6231.6000,6232.0000,2,1,1,5,1,1,1,1,2,4
SF,IC2011,2020-09-23 09:33:31.100,6226.8000,3220,0,94659120.000,0,-,-,-,-,6226.4000,6226.2000,6225.8000,6224.2000,6224.0000,6230.6000,6230.8000,6231.6000,6232.0000,6236.6000,2,1,1,5,1,1,1,2,4,1
SF,IC2011,2020-09-23 09:33:31.600,6226.8000,3220,0,94659120.000,0,-,-,-,-,6226.4000,6226.2000,6225.8000,6224.2000,6224.0000,6230.8000,6231.6000,6232.0000,6236.6000,6237.2000,2,1,1,5,1,1,2,3,1,2
SF,IC2011,2020-09-23 09:33:32.100,6226.8000,3220,0,94659120.000,0,-,-,-,-,6226.6000,6226.4000,6225.8000,6224.2000,6224.0000,6230.8000,6232.0000,6236.6000,6237.2000,6242.8000,2,2,1,5,1,1,2,1,2,3
SF,IC2011,2020-09-23 09:33:32.600,6226.8000,3220,0,94659120.000,0,-,-,-,-,6226.8000,6226.6000,6226.4000,6224.2000,6224.0000,6232.0000,6236.6000,6237.2000,6242.8000,6243.0000,1,2,1,5,1,2,1,2,3,8
SF,IC2011,2020-09-23 09:33:33.100,6226.8000,3220,0,94659120.000,0,-,-,-,-,6227.2000,6227.0000,6226.8000,6226.6000,6224.2000,6231.8000,6232.0000,6236.6000,6237.2000,6242.8000,1,1,1,2,5,1,2,1,2,3
SF,IC2011,2020-09-23 09:33:33.600,6226.8000,3220,0,94659120.000,0,-,-,-,-,6227.4000,6227.2000,6226.6000,6224.2000,6224.0000,6232.0000,6236.6000,6237.2000,6242.8000,6243.0000,2,1,2,5,1,2,1,2,3,8
SF,IC2011,2020-09-23 09:33:34.100,6226.8000,3220,0,94659120.000,0,-,-,-,-,6227.6000,6227.4000,6227.2000,6226.6000,6224.2000,6232.0000,6236.6000,6237.2000,6242.8000,6243.0000,1,2,1,2,5,2,1,2,3,8
SF,IC2011,2020-09-23 09:33:34.600,6226.8000,3220,0,94659120.000,0,-,-,-,-,6227.8000,6227.6000,6227.4000,6227.2000,6226.6000,6232.0000,6236.6000,6237.2000,6242.8000,6243.0000,2,1,1,1,1,2,1,2,3,8
SF,IC2011,2020-09-23 09:33:35.100,6226.8000,3220,0,94659120.000,0,-,-,-,-,6228.0000,6227.8000,6227.6000,6226.6000,6224.2000,6232.0000,6236.6000,6237.2000,6242.8000,6243.0000,1,3,1,1,5,2,1,2,3,8
SF,IC2011,2020-09-23 09:33:35.600,6226.8000,3220,0,94659120.000,0,-,-,-,-,6228.4000,6228.2000,6228.0000,6227.8000,6227.6000,6232.0000,6236.6000,6237.2000,6242.8000,6243.0000,1,1,1,2,1,2,1,2,3,8
SF,IC2011,2020-09-23 09:33:36.100,6226.8000,3220,0,94659120.000,0,-,-,-,-,6228.6000,6228.0000,6227.8000,6226.6000,6224.2000,6232.0000,6236.6000,6237.2000,6242.8000,6243.0000,1,1,2,1,5,2,1,2,3,8
SF,IC2011,2020-09-23 09:33:36.600,6226.8000,3220,0,94659120.000,0,-,-,-,-,6228.8000,6227.8000,6224.2000,6224.0000,6222.2000,6231.8000,6232.0000,6236.6000,6237.2000,6242.8000,1,1,5,1,2,2,2,1,2,3
SF,IC2011,2020-09-23 09:33:38.100,6226.8000,3220,0,94659120.000,0,-,-,-,-,6228.8000,6227.8000,6225.2000,6224.2000,6224.0000,6231.8000,6232.0000,6236.6000,6237.2000,6242.8000,1,1,1,5,1,1,2,1,2,3
SF,IC2011,2020-09-23 09:33:39.600,6226.8000,3220,0,94659120.000,0,-,-,-,-,6228.8000,6227.8000,6225.2000,6224.2000,6224.0000,6231.6000,6231.8000,6232.0000,6236.6000,6237.2000,1,1,1,5,1,1,1,2,1,2
SF,IC2011,2020-09-23 09:33:40.100,6226.8000,3220,0,94659120.000,0,-,-,-,-,6228.8000,6225.2000,6224.2000,6224.0000,6222.2000,6231.4000,6232.0000,6236.6000,6237.2000,6242.8000,1,1,5,1,2,1,2,1,2,3
SF,IC2011,2020-09-23 09:33:40.600,6226.8000,3220,0,94659120.000,0,-,-,-,-,6229.0000,6228.8000,6225.2000,6224.2000,6224.0000,6232.0000,6236.6000,6237.2000,6242.8000,6243.0000,1,1,1,5,1,2,1,2,3,8
SF,IC2011,2020-09-23 09:33:41.100,6226.8000,3220,0,94659120.000,0,-,-,-,-,6229.0000,6228.8000,6225.2000,6224.2000,6224.0000,6232.0000,6236.6000,6237.2000,6242.8000,6243.0000,1,1,1,5,1,2,1,2,3,8
SF,IC2011,2020-09-23 09:33:42.100,6226.8000,3220,0,94659120.000,0,-,-,-,-,6229.2000,6229.0000,6225.2000,6224.2000,6224.0000,6232.0000,6236.6000,6237.2000,6242.8000,6243.0000,1,1,1,5,1,2,1,2,3,8
SF,IC2011,2020-09-23 09:33:44.600,6226.8000,3220,0,94659120.000,0,-,-,-,-,6229.2000,6229.0000,6225.2000,6224.2000,6224.0000,6231.6000,6231.8000,6232.0000,6236.6000,6237.2000,1,1,1,5,1,1,1,3,1,2
SF,IC2011,2020-09-23 09:33:45.100,6226.8000,3220,0,94659120.000,0,-,-,-,-,6229.2000,6225.2000,6224.2000,6224.0000,6222.2000,6231.4000,6231.6000,6232.0000,6236.6000,6237.2000,1,1,5,1,2,2,1,3,1,2
SF,IC2011,2020-09-23 09:33:46.100,6226.8000,3220,0,94659120.000,0,-,-,-,-,6225.2000,6224.2000,6224.0000,6222.2000,6221.0000,6231.2000,6231.4000,6231.6000,6232.0000,6236.6000,1,5,1,2,2,1,2,1,3,1
SF,IC2011,2020-09-23 09:33:46.600,6226.8000,3220,0,94659120.000,0,-,-,-,-,6225.8000,6225.4000,6225.2000,6224.2000,6224.0000,6231.0000,6231.4000,6231.6000,6232.0000,6236.6000,1,2,1,5,1,1,1,1,3,1
SF,IC2011,2020-09-23 09:33:47.100,6226.8000,3220,0,94659120.000,0,-,-,-,-,6226.0000,6225.8000,6225.4000,6225.2000,6224.2000,6230.8000,6231.0000,6231.6000,6232.0000,6236.6000,1,1,2,1,5,1,1,1,3,1
SF,IC2011,2020-09-23 09:33:47.600,6226.8000,3220,0,94659120.000,0,-,-,-,-,6226.2000,6226.0000,6225.8000,6225.4000,6225.2000,6230.6000,6232.0000,6236.6000,6237.2000,6242.8000,1,1,1,1,1,1,2,1,2,3
SF,IC2011,2020-09-23 09:33:48.100,6226.8000,3220,0,94659120.000,0,-,-,-,-,6226.4000,6226.2000,6226.0000,6225.8000,6225.4000,6230.6000,6232.0000,6236.6000,6237.2000,6242.8000,1,1,1,1,1,1,2,1,2,3
SF,IC2011,2020-09-23 09:33:48.600,6226.8000,3220,0,94659120.000,0,-,-,-,-,6226.4000,6226.2000,6226.0000,6225.4000,6225.2000,6230.6000,6232.0000,6236.6000,6237.2000,6239.8000,2,1,1,1,1,1,2,1,2,3
SF,IC2011,2020-09-23 09:33:49.100,6226.8000,3220,0,94659120.000,0,-,-,-,-,6227.0000,6226.6000,6226.4000,6226.2000,6226.0000,6230.6000,6232.0000,6236.6000,6237.2000,6239.8000,1,1,2,1,1,1,2,1,2,3
SF,IC2011,2020-09-23 09:33:49.600,6226.8000,3220,0,94659120.000,0,-,-,-,-,6227.2000,6227.0000,6226.6000,6226.4000,6226.2000,6232.0000,6236.6000,6237.2000,6239.8000,6242.8000,1,1,1,1,1,2,1,2,3,3
SF,IC2011,2020-09-23 09:33:50.100,6226.8000,3220,0,94659120.000,0,-,-,-,-,6227.2000,6227.0000,6226.4000,6226.2000,6225.2000,6231.6000,6231.8000,6232.0000,6236.6000,6237.2000,1,1,1,1,1,2,4,4,1,2
SF,IC2011,2020-09-23 09:33:50.600,6226.8000,3220,0,94659120.000,0,-,-,-,-,6227.0000,6226.4000,6225.2000,6224.2000,6224.0000,6231.4000,6231.6000,6231.8000,6232.0000,6236.6000,1,1,1,5,1,3,2,1,4,1
SF,IC2011,2020-09-23 09:33:51.100,6226.8000,3220,0,94659120.000,0,-,-,-,-,6227.0000,6226.4000,6225.2000,6224.2000,6224.0000,6231.4000,6231.6000,6232.0000,6236.6000,6237.2000,1,1,1,5,1,3,2,4,1,2
SF,IC2011,2020-09-23 09:33:51.600,6226.8000,3220,0,94659120.000,0,-,-,-,-,6227.0000,6226.4000,6225.2000,6224.2000,6224.0000,6230.8000,6231.2000,6231.4000,6231.6000,6232.0000,1,1,1,5,1,1,1,2,2,4
SF,IC2011,2020-09-23 09:33:52.100,6226.8000,3220,0,94659120.000,0,-,-,-,-,6225.2000,6224.2000,6224.0000,6222.8000,6222.2000,6230.4000,6230.6000,6230.8000,6231.4000,6231.6000,1,5,1,1,2,1,1,1,1,1
SF,IC2011,2020-09-23 09:33:52.600,6226.8000,3220,0,94659120.000,0,-,-,-,-,6227.2000,6225.4000,6225.2000,6224.2000,6224.0000,6229.8000,6230.2000,6230.4000,6230.8000,6232.0000,1,2,1,5,1,1,2,3,1,2
SF,IC2011,2020-09-23 09:33:53.100,6226.8000,3220,0,94659120.000,0,-,-,-,-,6227.2000,6225.4000,6225.2000,6224.2000,6224.0000,6229.6000,6229.8000,6230.4000,6232.0000,6235.6000,1,2,1,5,1,2,1,3,2,1
SF,IC2011,2020-09-23 09:33:53.600,6226.8000,3220,0,94659120.000,0,-,-,-,-,6227.2000,6225.4000,6225.2000,6224.2000,6224.0000,6229.6000,6229.8000,6230.4000,6232.0000,6235.6000,1,1,1,5,1,1,1,3,2,1
SF,IC2011,2020-09-23 09:33:54.100,6226.8000,3220,0,94659120.000,0,-,-,-,-,6227.4000,6227.2000,6225.4000,6225.2000,6224.2000,6230.4000,6232.0000,6235.6000,6236.6000,6237.2000,1,1,1,1,5,1,2,1,1,2
SF,IC2011,2020-09-23 09:33:54.600,6226.8000,3220,0,94659120.000,0,-,-,-,-,6227.4000,6227.2000,6225.4000,6225.2000,6224.2000,6230.0000,6230.2000,6230.4000,6232.0000,6235.6000,1,1,1,1,5,1,1,2,2,1
SF,IC2011,2020-09-23 09:33:55.100,6226.8000,3220,0,94659120.000,0,-,-,-,-,6227.6000,6227.4000,6227.2000,6225.4000,6225.2000,6230.0000,6230.4000,6232.0000,6235.6000,6236.6000,5,1,1,1,1,1,2,2,1,1
SF,IC2011,2020-09-23 09:33:55.600,6230.0000,3219,-1,95905120.000,1,0,1,双平,S,6227.8000,6227.6000,6227.4000,6227.2000,6225.2000,6230.4000,6232.0000,6235.6000,6236.6000,6237.2000,2,5,1,1,1,1,2,1,1,2
SF,IC2011,2020-09-23 09:33:56.100,6230.0000,3219,0,95905120.000,0,-,-,-,-,6227.8000,6227.6000,6227.4000,6227.2000,6225.2000,6230.2000,6230.4000,6232.0000,6235.6000,6236.6000,2,5,1,1,1,1,1,2,1,1
SF,IC2011,2020-09-23 09:33:56.600,6230.0000,3219,0,95905120.000,0,-,-,-,-,6228.2000,6227.8000,6227.6000,6227.4000,6227.2000,6230.4000,6232.0000,6235.6000,6236.6000,6237.2000,1,2,5,1,1,1,2,1,1,2
SF,IC2011,2020-09-23 09:33:57.100,6230.0000,3219,0,95905120.000,0,-,-,-,-,6228.4000,6228.2000,6228.0000,6227.8000,6227.6000,6232.0000,6235.6000,6236.6000,6237.2000,6239.8000,1,1,1,1,5,2,1,1,2,3
SF,IC2011,2020-09-23 09:33:57.600,6230.0000,3219,0,95905120.000,0,-,-,-,-,6228.2000,6228.0000,6227.8000,6227.6000,6227.4000,6231.6000,6231.8000,6232.0000,6235.6000,6236.6000,1,1,1,5,1,2,2,4,1,1
SF,IC2011,2020-09-23 09:33:58.100,6230.0000,3219,0,95905120.000,0,-,-,-,-,6228.2000,6228.0000,6227.8000,6227.6000,6227.4000,6231.4000,6232.0000,6235.6000,6236.6000,6237.2000,1,1,1,5,1,1,3,1,1,2
SF,IC2011,2020-09-23 09:33:58.600,6230.0000,3219,0,95905120.000,0,-,-,-,-,6228.4000,6228.2000,6228.0000,6227.8000,6227.6000,6232.0000,6235.6000,6236.6000,6237.2000,6239.8000,1,1,1,1,5,2,1,1,2,3
SF,IC2011,2020-09-23 09:33:59.100,6230.0000,3219,0,95905120.000,0,-,-,-,-,6228.4000,6228.2000,6227.8000,6227.6000,6227.4000,6232.0000,6235.6000,6236.6000,6237.2000,6239.8000,2,1,1,5,1,2,1,1,2,3
SF,IC2011,2020-09-23 09:33:59.600,6230.0000,3219,0,95905120.000,0,-,-,-,-,6228.4000,6228.2000,6227.8000,6227.6000,6227.4000,6232.0000,6235.6000,6236.6000,6237.2000,6239.8000,2,1,1,5,1,2,1,1,2,3
SF,IC2011,2020-09-23 09:34:00.100,6230.0000,3219,0,95905120.000,0,-,-,-,-,6228.4000,6228.2000,6227.8000,6227.6000,6227.4000,6232.0000,6235.6000,6236.6000,6237.2000,6239.8000,2,1,1,5,1,2,1,1,2,3
SF,IC2011,2020-09-23 09:34:00.600,6230.0000,3219,0,95905120.000,0,-,-,-,-,6228.4000,6228.2000,6227.8000,6227.6000,6227.4000,6232.0000,6235.6000,6236.6000,6237.2000,6239.8000,2,1,1,5,1,2,1,1,2,3
SF,IC2011,2020-09-23 09:34:01.100,6230.0000,3219,0,95905120.000,0,-,-,-,-,6228.4000,6228.2000,6227.8000,6227.6000,6227.4000,6232.0000,6235.6000,6236.6000,6237.2000,6239.8000,2,1,1,5,1,2,1,1,2,3
SF,IC2011,2020-09-23 09:34:01.600,6230.0000,3219,0,95905120.000,0,-,-,-,-,6228.4000,6228.2000,6227.8000,6227.6000,6227.4000,6232.0000,6235.6000,6236.6000,6237.2000,6239.8000,2,1,1,5,1,2,1,1,2,3
SF,IC2011,2020-09-23 09:34:02.100,6232.0000,3217,-2,98397920.000,2,0,2,双平,S,6228.6000,6228.4000,6228.2000,6227.8000,6227.6000,6235.6000,6236.6000,6237.2000,6239.8000,6242.8000,2,2,1,1,5,1,1,2,3,3
SF,IC2011,2020-09-23 09:34:02.600,6232.0000,3217,0,98397920.000,0,-,-,-,-,6228.8000,6228.6000,6228.4000,6227.8000,6227.6000,6235.2000,6235.4000,6235.6000,6236.6000,6237.2000,2,2,1,1,5,4,2,1,1,2
SF,IC2011,2020-09-23 09:34:03.100,6232.0000,3217,0,98397920.000,0,-,-,-,-,6232.0000,6229.2000,6228.8000,6228.6000,6228.4000,6235.0000,6235.6000,6236.6000,6237.2000,6239.8000,1,1,4,2,1,1,1,1,2,3
SF,IC2011,2020-09-23 09:34:03.600,6232.0000,3217,0,98397920.000,0,-,-,-,-,6232.0000,6229.2000,6228.8000,6228.6000,6228.4000,6235.0000,6235.6000,6236.6000,6237.2000,6239.8000,1,1,4,1,1,1,1,1,2,3
SF,IC2011,2020-09-23 09:34:04.100,6232.0000,3217,0,98397920.000,0,-,-,-,-,6232.0000,6229.2000,6228.8000,6228.6000,6228.4000,6234.8000,6235.0000,6235.6000,6236.6000,6237.2000,1,1,4,1,1,1,1,1,1,2
SF,IC2011,2020-09-23 09:34:04.600,6232.0000,3217,0,98397920.000,0,-,-,-,-,6232.0000,6229.2000,6228.8000,6228.6000,6228.4000,6234.6000,6235.6000,6236.6000,6237.2000,6239.8000,1,1,4,1,1,1,1,1,2,3
SF,IC2011,2020-09-23 09:34:05.100,6232.0000,3217,0,98397920.000,0,-,-,-,-,6232.0000,6228.8000,6228.6000,6228.4000,6227.6000,6234.6000,6235.6000,6236.6000,6237.2000,6239.8000,1,1,1,1,5,1,1,1,2,3
SF,IC2011,2020-09-23 09:34:05.600,6232.0000,3217,0,98397920.000,0,-,-,-,-,6228.8000,6228.6000,6228.4000,6227.6000,6225.2000,6234.4000,6234.6000,6235.6000,6236.6000,6237.2000,1,1,1,5,1,2,1,1,1,2
SF,IC2011,2020-09-23 09:34:06.100,6232.0000,3217,0,98397920.000,0,-,-,-,-,6231.0000,6229.0000,6228.8000,6228.6000,6227.6000,6234.2000,6234.4000,6235.6000,6236.6000,6237.2000,1,1,1,1,5,2,1,1,1,2
SF,IC2011,2020-09-23 09:34:06.600,6232.0000,3217,0,98397920.000,0,-,-,-,-,6232.2000,6231.0000,6228.8000,6228.6000,6227.6000,6234.2000,6234.4000,6235.6000,6236.6000,6237.2000,1,1,1,1,5,1,1,1,1,2
SF,IC2011,2020-09-23 09:34:07.100,6232.2000,3216,-1,99644360.000,1,0,1,双平,S,6231.0000,6228.8000,6228.6000,6227.6000,6225.2000,6234.2000,6234.4000,6235.6000,6236.6000,6237.2000,1,1,1,5,1,1,1,1,1,2
SF,IC2011,2020-09-23 09:34:08.100,6232.2000,3216,0,99644360.000,0,-,-,-,-,6231.0000,6228.8000,6228.6000,6227.6000,6225.2000,6234.2000,6235.6000,6236.6000,6237.2000,6239.8000,1,1,1,5,1,1,1,1,2,3
SF,IC2011,2020-09-23 09:34:08.600,6232.2000,3216,0,99644360.000,0,-,-,-,-,6231.0000,6228.8000,6228.6000,6227.6000,6225.2000,6234.0000,6234.2000,6235.6000,6236.6000,6237.2000,1,1,1,5,1,1,1,1,1,2
SF,IC2011,2020-09-23 09:34:09.100,6232.2000,3216,0,99644360.000,0,-,-,-,-,6231.0000,6228.8000,6228.6000,6227.6000,6225.2000,6233.8000,6234.0000,6235.6000,6236.6000,6237.2000,1,1,1,5,1,2,1,1,1,2
SF,IC2011,2020-09-23 09:34:09.600,6232.2000,3216,0,99644360.000,0,-,-,-,-,6228.6000,6227.6000,6225.2000,6224.2000,6224.0000,6233.4000,6233.6000,6233.8000,6234.0000,6235.6000,1,5,1,5,1,1,1,2,1,1
SF,IC2011,2020-09-23 09:34:10.100,6232.2000,3216,0,99644360.000,0,-,-,-,-,6230.4000,6227.6000,6225.2000,6224.2000,6224.0000,6232.8000,6233.2000,6233.4000,6233.6000,6233.8000,1,5,1,5,1,1,4,1,1,1
SF,IC2011,2020-09-23 09:34:10.600,6230.4000,3215,-1,100890440.000,1,0,1,双平,S,6227.6000,6225.2000,6224.2000,6224.0000,6222.8000,6230.4000,6231.6000,6231.8000,6232.0000,6232.6000,5,1,5,1,1,1,1,1,1,1
SF,IC2011,2020-09-23 09:34:11.100,6230.4000,3215,0,100890440.000,0,-,-,-,-,6228.2000,6227.8000,6227.6000,6225.2000,6224.2000,6230.4000,6231.6000,6232.0000,6232.6000,6233.2000,1,1,5,1,5,1,1,1,1,1
SF,IC2011,2020-09-23 09:34:11.600,6230.4000,3215,0,100890440.000,0,-,-,-,-,6228.4000,6228.2000,6227.6000,6225.2000,6224.2000,6233.2000,6235.6000,6236.6000,6237.2000,6239.8000,1,1,5,1,5,1,1,1,2,3
SF,IC2011,2020-09-23 09:34:12.100,6230.4000,3215,0,100890440.000,0,-,-,-,-,6228.6000,6228.4000,6228.2000,6227.6000,6225.2000,6233.0000,6235.6000,6236.6000,6237.2000,6239.8000,1,1,1,5,1,1,1,1,2,3
SF,IC2011,2020-09-23 09:34:12.600,6230.4000,3215,0,100890440.000,0,-,-,-,-,6228.8000,6228.6000,6228.2000,6227.6000,6225.2000,6235.6000,6236.6000,6237.2000,6239.8000,6242.8000,1,1,1,5,1,1,1,2,3,3
SF,IC2011,2020-09-23 09:34:13.100,6230.4000,3215,0,100890440.000,0,-,-,-,-,6229.0000,6228.8000,6228.2000,6227.6000,6225.2000,6234.0000,6234.6000,6235.2000,6235.4000,6235.6000,2,1,1,5,1,1,1,4,2,1
SF,IC2011,2020-09-23 09:34:13.600,6230.4000,3215,0,100890440.000,0,-,-,-,-,6229.2000,6229.0000,6228.2000,6227.6000,6225.2000,6233.8000,6234.0000,6234.6000,6235.2000,6235.4000,1,2,1,5,1,2,1,1,4,1
SF,IC2011,2020-09-23 09:34:14.100,6230.4000,3215,0,100890440.000,0,-,-,-,-,6229.4000,6228.2000,6227.6000,6225.2000,6224.2000,6233.4000,6233.6000,6233.8000,6234.0000,6234.6000,1,1,5,1,5,1,2,1,1,1
SF,IC2011,2020-09-23 09:34:14.600,6230.4000,3215,0,100890440.000,0,-,-,-,-,6229.4000,6228.2000,6227.6000,6225.2000,6224.2000,6233.2000,6233.4000,6233.6000,6234.0000,6235.2000,1,1,5,1,5,1,1,2,1,1
SF,IC2011,2020-09-23 09:34:15.100,6230.4000,3215,0,100890440.000,0,-,-,-,-,6228.2000,6227.6000,6225.2000,6224.2000,6224.0000,6232.8000,6233.0000,6233.2000,6233.4000,6233.6000,1,5,1,5,1,1,2,1,1,2
SF,IC2011,2020-09-23 09:34:15.600,6230.4000,3215,0,100890440.000,0,-,-,-,-,6228.4000,6228.2000,6227.6000,6225.2000,6224.2000,6232.0000,6232.6000,6232.8000,6233.0000,6233.4000,1,1,5,1,5,1,2,1,1,1
SF,IC2011,2020-09-23 09:34:16.100,6230.4000,3215,0,100890440.000,0,-,-,-,-,6228.6000,6228.4000,6228.2000,6227.6000,6225.2000,6232.6000,6232.8000,6233.4000,6235.2000,6235.6000,1,1,1,5,1,2,1,1,1,1
SF,IC2011,2020-09-23 09:34:16.600,6230.4000,3215,0,100890440.000,0,-,-,-,-,6228.8000,6228.6000,6228.2000,6227.6000,6225.2000,6232.4000,6232.6000,6233.4000,6235.0000,6235.2000,1,1,1,5,1,1,1,1,1,1
SF,IC2011,2020-09-23 09:34:17.100,6230.4000,3215,0,100890440.000,0,-,-,-,-,6228.8000,6228.6000,6228.2000,6227.6000,6225.2000,6235.0000,6235.2000,6235.6000,6236.6000,6237.2000,1,1,1,5,1,1,1,1,1,2
SF,IC2011,2020-09-23 09:34:17.600,6230.4000,3215,0,100890440.000,0,-,-,-,-,6229.0000,6228.8000,6228.6000,6228.2000,6227.6000,6234.0000,6234.4000,6234.8000,6235.0000,6235.2000,1,1,1,1,5,1,1,4,1,1
SF,IC2011,2020-09-23 09:34:18.100,6230.4000,3215,0,100890440.000,0,-,-,-,-,6229.2000,6229.0000,6227.6000,6225.2000,6224.2000,6233.8000,6234.0000,6234.4000,6234.8000,6235.0000,1,2,5,1,5,2,1,1,3,1
SF,IC2011,2020-09-23 09:34:18.600,6230.4000,3215,0,100890440.000,0,-,-,-,-,6229.4000,6229.2000,6229.0000,6227.6000,6225.2000,6233.8000,6234.0000,6234.4000,6234.8000,6235.0000,2,1,1,5,1,1,1,1,3,1
SF,IC2011,2020-09-23 09:34:19.100,6230.4000,3215,0,100890440.000,0,-,-,-,-,6229.6000,6229.4000,6229.0000,6227.6000,6225.2000,6233.8000,6234.0000,6234.4000,6235.0000,6235.2000,1,2,1,5,1,1,1,1,1,1
SF,IC2011,2020-09-23 09:34:19.600,6230.4000,3215,0,100890440.000,0,-,-,-,-,6229.6000,6229.4000,6229.0000,6227.6000,6225.2000,6233.6000,6233.8000,6234.0000,6234.4000,6235.0000,1,2,1,5,1,1,1,1,1,1
SF,IC2011,2020-09-23 09:34:20.100,6230.4000,3215,0,100890440.000,0,-,-,-,-,6229.6000,6229.4000,6229.0000,6227.6000,6225.2000,6235.0000,6235.6000,6236.6000,6237.2000,6239.8000,1,2,1,5,1,1,1,1,2,3
SF,IC2011,2020-09-23 09:34:20.600,6230.4000,3215,0,100890440.000,0,-,-,-,-,6229.8000,6229.6000,6229.4000,6229.0000,6227.6000,6235.0000,6235.6000,6236.6000,6237.2000,6239.8000,2,1,1,1,5,1,1,1,2,3
SF,IC2011,2020-09-23 09:34:21.100,6230.4000,3215,0,100890440.000,0,-,-,-,-,6230.0000,6229.8000,6229.4000,6227.6000,6225.2000,6235.0000,6235.6000,6236.6000,6237.2000,6239.8000,1,2,1,5,1,1,1,1,2,3
SF,IC2011,2020-09-23 09:34:21.600,6230.4000,3215,0,100890440.000,0,-,-,-,-,6230.4000,6230.2000,6230.0000,6229.8000,6229.4000,6235.0000,6235.6000,6236.6000,6237.2000,6239.8000,1,1,1,1,1,1,1,1,2,3
SF,IC2011,2020-09-23 09:34:22.100,6230.4000,3215,0,100890440.000,0,-,-,-,-,6231.4000,6230.6000,6230.4000,6227.6000,6225.2000,6234.8000,6235.0000,6235.6000,6236.6000,6237.2000,1,2,1,5,1,1,1,1,1,2
SF,IC2011,2020-09-23 09:34:22.600,6230.4000,3215,0,100890440.000,0,-,-,-,-,6230.6000,6227.6000,6225.2000,6224.2000,6224.0000,6232.0000,6234.6000,6234.8000,6235.0000,6235.6000,2,5,1,5,1,1,1,1,1,1
SF,IC2011,2020-09-23 09:34:23.100,6232.0000,3215,0,102136840.000,1,0,1,多换,S,6230.8000,6230.6000,6227.6000,6225.2000,6224.2000,6235.0000,6235.6000,6236.6000,6237.2000,6239.8000,1,1,5,1,5,1,1,1,2,3
SF,IC2011,2020-09-23 09:34:23.600,6232.0000,3215,0,102136840.000,0,-,-,-,-,6230.8000,6227.6000,6225.2000,6224.2000,6224.0000,6234.6000,6234.8000,6235.0000,6235.6000,6236.6000,1,5,1,5,1,1,3,1,1,1
SF,IC2011,2020-09-23 09:34:24.100,6232.0000,3215,0,102136840.000,0,-,-,-,-,6227.6000,6225.2000,6224.2000,6224.0000,6222.8000,6234.4000,6234.8000,6235.0000,6235.6000,6236.6000,5,1,5,1,1,1,1,1,1,1
SF,IC2011,2020-09-23 09:34:24.600,6232.0000,3215,0,102136840.000,0,-,-,-,-,6229.8000,6228.0000,6227.8000,6227.6000,6225.2000,6234.2000,6234.4000,6234.8000,6235.0000,6235.6000,1,1,2,5,1,1,1,1,1,1
SF,IC2011,2020-09-23 09:34:25.100,6232.0000,3215,0,102136840.000,0,-,-,-,-,6230.0000,6229.8000,6228.0000,6227.8000,6227.6000,6234.0000,6234.2000,6235.0000,6235.6000,6236.6000,1,1,1,1,5,1,1,1,1,1
SF,IC2011,2020-09-23 09:34:25.600,6232.0000,3215,0,102136840.000,0,-,-,-,-,6230.0000,6229.8000,6228.0000,6227.6000,6225.2000,6234.0000,6235.0000,6235.6000,6236.6000,6237.2000,1,1,1,5,1,1,1,1,1,2
SF,IC2011,2020-09-23 09:34:31.100,6232.0000,3215,0,102136840.000,0,-,-,-,-,6230.0000,6229.8000,6228.0000,6227.6000,6225.2000,6233.8000,6234.0000,6235.0000,6235.6000,6236.6000,1,1,1,5,1,1,1,1,1,1
SF,IC2011,2020-09-23 09:34:31.600,6232.0000,3215,0,102136840.000,0,-,-,-,-,6230.0000,6229.8000,6228.0000,6227.6000,6225.2000,6233.6000,6235.0000,6235.6000,6236.6000,6237.2000,1,1,1,5,1,1,1,1,1,2
SF,IC2011,2020-09-23 09:34:32.600,6232.0000,3215,0,102136840.000,0,-,-,-,-,6230.0000,6229.8000,6228.0000,6227.6000,6225.2000,6233.4000,6233.6000,6235.0000,6235.6000,6236.6000,1,1,1,5,1,1,1,1,1,1
SF,IC2011,2020-09-23 09:34:33.100,6232.0000,3215,0,102136840.000,0,-,-,-,-,6230.0000,6229.8000,6228.0000,6227.6000,6225.2000,6233.2000,6235.0000,6235.6000,6236.6000,6237.2000,1,1,1,5,1,1,1,1,1,1
SF,IC2011,2020-09-23 09:34:34.100,6232.0000,3215,0,102136840.000,0,-,-,-,-,6230.0000,6227.6000,6225.2000,6224.2000,6224.0000,6233.2000,6235.0000,6235.6000,6236.6000,6237.2000,1,5,1,5,1,1,1,1,1,1
SF,IC2011,2020-09-23 09:34:34.600,6232.0000,3215,0,102136840.000,0,-,-,-,-,6230.0000,6229.8000,6227.6000,6225.2000,6224.2000,6233.2000,6235.0000,6235.6000,6236.6000,6237.2000,1,1,5,1,5,1,1,1,1,1
SF,IC2011,2020-09-23 09:34:35.600,6232.0000,3215,0,102136840.000,0,-,-,-,-,6230.0000,6229.8000,6227.6000,6225.2000,6224.2000,6232.8000,6233.0000,6233.2000,6235.0000,6235.6000,1,1,5,1,5,1,2,1,1,1
SF,IC2011,2020-09-23 09:34:36.100,6232.0000,3215,0,102136840.000,0,-,-,-,-,6230.0000,6229.8000,6227.6000,6225.2000,6224.2000,6232.8000,6233.0000,6233.2000,6235.0000,6235.6000,1,1,5,1,5,1,1,1,1,1
SF,IC2011,2020-09-23 09:34:37.600,6232.0000,3215,0,102136840.000,0,-,-,-,-,6230.0000,6229.8000,6227.6000,6225.2000,6224.2000,6232.6000,6232.8000,6233.0000,6233.2000,6235.0000,1,1,5,1,5,1,1,1,1,1
SF,IC2011,2020-09-23 09:34:38.100,6232.0000,3215,0,102136840.000,0,-,-,-,-,6229.8000,6227.6000,6225.2000,6224.2000,6224.0000,6232.4000,6232.6000,6232.8000,6235.0000,6235.6000,1,5,1,5,1,2,1,1,1,1
SF,IC2011,2020-09-23 09:34:39.100,6232.0000,3215,0,102136840.000,0,-,-,-,-,6229.8000,6227.6000,6225.2000,6224.2000,6224.0000,6232.0000,6232.2000,6232.4000,6232.6000,6232.8000,1,5,1,5,1,1,1,2,1,1
SF,IC2011,2020-09-23 09:34:39.600,6232.0000,3215,0,102136840.000,0,-,-,-,-,6229.8000,6227.6000,6225.2000,6224.2000,6224.0000,6231.8000,6232.0000,6232.4000,6232.6000,6235.0000,1,5,1,5,1,2,1,1,1,1
SF,IC2011,2020-09-23 09:34:40.100,6232.0000,3215,0,102136840.000,0,-,-,-,-,6229.8000,6227.6000,6225.2000,6224.2000,6224.0000,6231.4000,6231.6000,6231.8000,6232.0000,6232.6000,1,5,1,5,1,1,1,2,1,1
SF,IC2011,2020-09-23 09:34:40.600,6232.0000,3215,0,102136840.000,0,-,-,-,-,6229.8000,6227.6000,6225.2000,6224.2000,6224.0000,6231.4000,6231.6000,6231.8000,6232.0000,6235.0000,1,5,1,5,1,1,2,2,1,1
SF,IC2011,2020-09-23 09:34:41.100,6232.0000,3215,0,102136840.000,0,-,-,-,-,6229.8000,6227.6000,6225.2000,6224.2000,6224.0000,6231.2000,6231.4000,6231.6000,6231.8000,6232.0000,1,5,1,5,1,1,1,2,2,1
SF,IC2011,2020-09-23 09:34:41.600,6232.0000,3215,0,102136840.000,0,-,-,-,-,6229.8000,6227.6000,6225.2000,6224.2000,6224.0000,6231.6000,6231.8000,6232.0000,6235.0000,6235.6000,1,5,1,5,1,2,2,1,1,1
SF,IC2011,2020-09-23 09:34:42.100,6232.0000,3215,0,102136840.000,0,-,-,-,-,6229.8000,6227.6000,6225.2000,6224.2000,6224.0000,6231.6000,6231.8000,6232.0000,6235.0000,6235.6000,1,5,1,5,1,2,1,1,1,1
SF,IC2011,2020-09-23 09:34:42.600,6232.0000,3215,0,102136840.000,0,-,-,-,-,6229.8000,6227.6000,6225.2000,6224.2000,6224.0000,6231.4000,6231.6000,6231.8000,6232.0000,6235.0000,1,5,1,5,1,1,2,1,1,1
SF,IC2011,2020-09-23 09:34:43.100,6232.0000,3215,0,102136840.000,0,-,-,-,-,6229.8000,6227.6000,6225.2000,6224.2000,6224.0000,6231.6000,6231.8000,6232.0000,6235.0000,6235.6000,1,5,1,5,1,2,1,1,1,1
SF,IC2011,2020-09-23 09:34:43.600,6232.0000,3215,0,102136840.000,0,-,-,-,-,6229.8000,6227.6000,6225.2000,6224.2000,6224.0000,6231.6000,6231.8000,6235.0000,6235.6000,6236.6000,1,5,1,5,1,2,1,1,1,1
SF,IC2011,2020-09-23 09:34:44.100,6232.0000,3215,0,102136840.000,0,-,-,-,-,6229.8000,6227.6000,6225.2000,6224.2000,6224.0000,6231.6000,6235.0000,6235.6000,6236.6000,6237.2000,1,5,1,5,1,2,1,1,1,1
SF,IC2011,2020-09-23 09:34:45.600,6232.0000,3215,0,102136840.000,0,-,-,-,-,6230.0000,6229.8000,6227.6000,6225.2000,6224.2000,6231.6000,6235.0000,6235.6000,6236.6000,6237.2000,5,1,5,1,5,2,1,1,1,1
SF,IC2011,2020-09-23 09:34:46.100,6231.6000,3215,0,104629480.000,2,1,1,多换,S,6230.0000,6229.8000,6227.6000,6225.2000,6224.2000,6235.0000,6235.6000,6237.2000,6239.8000,6242.8000,5,1,5,1,5,1,1,1,3,3
SF,IC2011,2020-09-23 09:34:46.600,6231.6000,3215,0,104629480.000,0,-,-,-,-,6230.2000,6230.0000,6229.8000,6227.6000,6225.2000,6233.4000,6233.6000,6234.8000,6235.0000,6235.6000,1,5,1,5,1,1,3,5,1,1
SF,IC2011,2020-09-23 09:34:47.100,6231.6000,3215,0,104629480.000,0,-,-,-,-,6230.2000,6230.0000,6229.8000,6227.6000,6225.2000,6233.4000,6233.6000,6234.8000,6235.0000,6235.6000,1,5,1,5,1,1,3,4,1,1
SF,IC2011,2020-09-23 09:34:47.600,6233.2000,3214,-1,105876120.000,1,0,1,双平,S,6230.2000,6230.0000,6229.8000,6227.6000,6225.2000,6233.4000,6233.6000,6234.8000,6235.0000,6235.6000,1,5,1,5,1,1,3,3,1,1
SF,IC2011,2020-09-23 09:34:48.100,6233.2000,3214,0,105876120.000,0,-,-,-,-,6230.4000,6230.2000,6230.0000,6229.8000,6227.6000,6233.2000,6233.4000,6233.6000,6234.8000,6235.0000,1,1,5,1,5,1,1,3,3,1
SF,IC2011,2020-09-23 09:34:48.600,6233.2000,3214,0,105876120.000,0,-,-,-,-,6230.4000,6230.2000,6230.0000,6229.8000,6227.6000,6233.4000,6233.6000,6234.8000,6235.0000,6235.6000,1,1,5,1,5,1,3,2,1,1
SF,IC2011,2020-09-23 09:34:49.100,6233.2000,3214,0,105876120.000,0,-,-,-,-,6230.4000,6230.2000,6230.0000,6229.8000,6227.6000,6233.4000,6233.6000,6234.8000,6235.0000,6235.6000,1,1,5,1,5,1,2,2,1,1
SF,IC2011,2020-09-23 09:34:49.600,6233.2000,3214,0,105876120.000,0,-,-,-,-,6230.6000,6230.4000,6230.0000,6229.8000,6227.6000,6233.2000,6233.6000,6234.8000,6235.0000,6235.6000,1,1,5,1,5,1,2,2,1,1
SF,IC2011,2020-09-23 09:34:50.100,6233.2000,3214,0,105876120.000,0,-,-,-,-,6230.6000,6230.4000,6230.0000,6229.8000,6225.2000,6233.6000,6234.8000,6235.0000,6235.6000,6237.2000,1,1,5,1,1,2,2,1,1,1
SF,IC2011,2020-09-23 09:34:50.600,6233.2000,3214,0,105876120.000,0,-,-,-,-,6230.6000,6230.4000,6230.0000,6229.8000,6225.2000,6233.4000,6233.6000,6234.8000,6235.0000,6235.6000,1,1,5,1,1,1,3,2,1,1
SF,IC2011,2020-09-23 09:34:51.100,6233.2000,3214,0,105876120.000,0,-,-,-,-,6230.6000,6230.4000,6230.0000,6229.8000,6225.2000,6233.2000,6233.4000,6233.6000,6234.8000,6235.0000,1,1,5,1,1,1,1,3,2,1
SF,IC2011,2020-09-23 09:34:51.600,6233.2000,3214,0,105876120.000,0,-,-,-,-,6230.6000,6230.4000,6230.0000,6229.8000,6225.2000,6233.4000,6233.6000,6234.8000,6235.0000,6235.6000,1,1,5,1,1,1,3,2,1,1
SF,IC2011,2020-09-23 09:34:52.600,6233.2000,3214,0,105876120.000,0,-,-,-,-,6230.6000,6230.4000,6230.0000,6229.8000,6225.2000,6233.2000,6233.4000,6233.6000,6234.8000,6235.0000,1,1,5,1,1,2,1,3,2,1
SF,IC2011,2020-09-23 09:34:53.100,6233.2000,3214,0,105876120.000,0,-,-,-,-,6230.6000,6230.0000,6229.8000,6225.2000,6224.2000,6233.2000,6233.4000,6233.6000,6234.8000,6235.0000,1,5,1,1,5,1,1,3,2,1
SF,IC2011,2020-09-23 09:34:54.100,6233.2000,3214,0,105876120.000,0,-,-,-,-,6230.6000,6230.0000,6229.8000,6229.0000,6225.2000,6233.0000,6233.4000,6233.6000,6234.8000,6235.0000,1,5,1,1,1,1,1,3,2,1
SF,IC2011,2020-09-23 09:34:54.600,6233.2000,3214,0,105876120.000,0,-,-,-,-,6230.6000,6230.0000,6229.8000,6229.0000,6225.2000,6233.4000,6233.6000,6234.8000,6235.0000,6235.6000,1,5,1,1,1,1,3,2,1,1
SF,IC2011,2020-09-23 09:34:55.100,6233.2000,3214,0,105876120.000,0,-,-,-,-,6230.6000,6230.0000,6229.8000,6229.0000,6225.2000,6233.2000,6233.4000,6233.6000,6234.8000,6235.0000,1,5,1,1,1,1,1,3,2,1
SF,IC2011,2020-09-23 09:34:55.600,6233.2000,3214,0,105876120.000,0,-,-,-,-,6230.6000,6230.0000,6229.8000,6229.0000,6225.2000,6233.0000,6233.4000,6233.6000,6234.8000,6235.0000,1,5,1,1,1,1,1,3,2,1
SF,IC2011,2020-09-23 09:34:56.100,6233.2000,3214,0,105876120.000,0,-,-,-,-,6230.6000,6230.0000,6229.8000,6229.0000,6225.2000,6233.4000,6233.6000,6234.8000,6235.0000,6235.6000,1,5,1,1,1,1,3,2,1,1
SF,IC2011,2020-09-23 09:34:56.600,6230.6000,3213,-1,107122240.000,1,0,1,双平,S,6230.0000,6229.8000,6229.0000,6225.2000,6224.2000,6233.4000,6233.6000,6234.8000,6235.0000,6235.6000,5,1,1,1,5,1,3,2,1,1
SF,IC2011,2020-09-23 09:34:57.100,6230.6000,3213,0,107122240.000,0,-,-,-,-,6230.0000,6229.8000,6229.0000,6225.2000,6224.2000,6233.2000,6233.4000,6233.6000,6234.8000,6235.0000,5,1,1,1,5,4,1,3,2,1
SF,IC2011,2020-09-23 09:34:57.600,6230.6000,3213,0,107122240.000,0,-,-,-,-,6230.0000,6229.8000,6229.0000,6225.2000,6224.2000,6233.2000,6233.4000,6233.6000,6234.8000,6235.0000,5,1,1,1,5,3,1,2,2,1
SF,IC2011,2020-09-23 09:34:58.100,6230.6000,3213,0,107122240.000,0,-,-,-,-,6230.0000,6229.8000,6229.0000,6225.2000,6224.2000,6233.0000,6233.2000,6233.4000,6233.6000,6234.8000,5,1,1,1,5,1,3,1,2,2
SF,IC2011,2020-09-23 09:34:58.600,6230.6000,3213,0,107122240.000,0,-,-,-,-,6230.0000,6229.8000,6229.0000,6225.2000,6224.2000,6232.8000,6233.0000,6233.2000,6233.4000,6233.6000,5,1,1,1,5,3,1,2,1,2
SF,IC2011,2020-09-23 09:34:59.100,6230.6000,3213,0,107122240.000,0,-,-,-,-,6230.0000,6229.8000,6229.0000,6225.2000,6224.2000,6232.8000,6233.0000,6233.2000,6233.4000,6233.6000,5,1,1,1,5,2,1,2,1,2
SF,IC2011,2020-09-23 09:35:00.100,6230.6000,3213,0,107122240.000,0,-,-,-,-,6230.0000,6229.8000,6229.0000,6225.2000,6224.2000,6232.6000,6232.8000,6233.0000,6233.2000,6233.4000,5,1,1,1,5,1,2,1,2,1
SF,IC2011,2020-09-23 09:35:00.600,6230.6000,3213,0,107122240.000,0,-,-,-,-,6230.0000,6229.8000,6229.0000,6225.2000,6224.2000,6232.8000,6233.0000,6233.2000,6233.4000,6233.6000,5,1,1,1,5,2,1,2,1,2
SF,IC2011,2020-09-23 09:35:01.100,6230.6000,3213,0,107122240.000,0,-,-,-,-,6230.2000,6230.0000,6229.8000,6229.0000,6225.2000,6233.2000,6233.4000,6233.6000,6234.8000,6235.0000,1,5,1,1,1,1,1,2,2,1
SF,IC2011,2020-09-23 09:35:01.600,6230.6000,3213,0,107122240.000,0,-,-,-,-,6230.2000,6230.0000,6229.8000,6229.0000,6225.2000,6233.0000,6233.2000,6233.4000,6233.6000,6234.8000,1,5,1,1,1,2,1,1,2,2
SF,IC2011,2020-09-23 09:35:02.100,6230.6000,3213,0,107122240.000,0,-,-,-,-,6230.0000,6229.8000,6229.0000,6225.2000,6224.2000,6231.6000,6232.8000,6233.0000,6233.2000,6233.4000,5,1,1,1,5,1,1,1,1,1
SF,IC2011,2020-09-23 09:35:02.600,6230.0000,3212,-1,109614240.000,2,0,2,多平,S,6230.0000,6229.8000,6229.0000,6225.2000,6224.2000,6232.8000,6233.0000,6233.2000,6233.4000,6234.8000,3,1,1,1,5,1,1,1,1,1
SF,IC2011,2020-09-23 09:35:03.100,6230.0000,3212,0,109614240.000,0,-,-,-,-,6230.0000,6229.8000,6229.0000,6225.2000,6224.2000,6232.6000,6232.8000,6233.0000,6233.2000,6233.4000,3,1,1,1,5,3,1,1,1,1
SF,IC2011,2020-09-23 09:35:03.600,6230.0000,3212,0,109614240.000,0,-,-,-,-,6230.0000,6229.8000,6229.0000,6225.2000,6224.2000,6231.4000,6232.6000,6232.8000,6233.0000,6233.2000,3,1,1,1,5,1,2,1,1,1
SF,IC2011,2020-09-23 09:35:04.100,6230.0000,3212,0,109614240.000,0,-,-,-,-,6230.0000,6229.8000,6229.0000,6225.2000,6224.2000,6232.6000,6232.8000,6233.0000,6233.2000,6233.4000,3,1,1,1,5,2,1,1,1,1
SF,IC2011,2020-09-23 09:35:04.600,6230.0000,3212,0,109614240.000,0,-,-,-,-,6230.0000,6229.8000,6229.0000,6225.2000,6224.2000,6232.4000,6232.6000,6232.8000,6233.0000,6233.2000,3,1,1,1,5,2,2,1,1,1
