市场代码,合约代码,时间,最新,持仓,增仓,成交额,成交量,开仓,平仓,成交类型,方向,买一价,买二价,买三价,买四价,买五价,卖一价,卖二价,卖三价,卖四价,卖五价,买一量,买二量,买三量,买四量,买五量,卖一量,卖二量,卖三量,卖四量,卖五量
SF,IC2005,2020-04-08 09:29:00.000,5142.2000,6366,0,1028440.000,1.000,-,-,-,-,5142.2000,5141.6000,5131.8000,5130.4000,5130.0000,5153.8000,5160.0000,5164.0000,5165.0000,5166.0000,1,1,1,1,1,1,1,5,1,1
SF,IC2005,2020-04-08 09:30:00.500,5142.2000,6365,-1,2056880.000,1,0,1,双平,S,5141.6000,5140.0000,5131.8000,5130.4000,5130.0000,5153.6000,5153.8000,5160.0000,5164.0000,5165.0000,1,1,1,1,1,2,1,1,5,1
SF,IC2005,2020-04-08 09:30:01.000,5145.0000,6366,1,3085880.000,1,1,0,双开,S,5145.0000,5142.2000,5142.0000,5141.8000,5140.0000,5145.8000,5146.2000,5148.0000,5149.0000,5149.2000,1,1,3,5,1,1,1,1,1,1
SF,IC2005,2020-04-08 09:30:01.500,5145.0000,6365,-1,4114880.000,1,0,1,双平,S,5142.2000,5142.0000,5141.8000,5140.0000,5133.0000,5150.4000,5150.6000,5150.8000,5151.0000,5152.4000,1,3,2,1,5,9,1,1,1,1
SF,IC2005,2020-04-08 09:30:02.000,5145.0000,6365,0,4114880.000,0,-,-,-,-,5142.4000,5142.2000,5142.0000,5141.8000,5140.0000,5149.2000,5150.0000,5150.2000,5150.4000,5150.6000,3,2,3,1,1,1,1,3,5,1
SF,IC2005,2020-04-08 09:30:02.500,5145.0000,6365,0,4114880.000,0,-,-,-,-,5142.4000,5142.2000,5142.0000,5140.0000,5133.0000,5149.0000,5149.2000,5150.0000,5150.2000,5150.4000,3,2,3,1,5,2,2,1,1,5
SF,IC2005,2020-04-08 09:30:03.000,5145.0000,6365,0,4114880.000,0,-,-,-,-,5142.8000,5142.6000,5142.4000,5142.2000,5142.0000,5149.0000,5149.2000,5150.2000,5150.4000,5150.6000,1,2,3,2,3,3,2,1,5,1
SF,IC2005,2020-04-08 09:30:03.500,5145.0000,6365,0,4114880.000,0,-,-,-,-,5144.6000,5143.0000,5142.8000,5142.6000,5142.4000,5148.0000,5149.0000,5149.2000,5150.4000,5150.6000,1,7,2,2,1,2,3,2,4,1
SF,IC2005,2020-04-08 09:30:04.000,5147.8000,6365,0,5144440.000,1,0,1,多换,S,5144.6000,5143.0000,5142.8000,5142.6000,5142.2000,5149.0000,5149.2000,5150.4000,5150.6000,5150.8000,1,1,1,2,1,2,2,4,1,1
SF,IC2005,2020-04-08 09:30:04.500,5147.8000,6365,0,5144440.000,0,-,-,-,-,5144.8000,5144.6000,5142.8000,5142.6000,5142.2000,5149.0000,5149.2000,5150.4000,5150.6000,5150.8000,1,1,1,2,1,2,2,4,1,1
SF,IC2005,2020-04-08 09:30:05.000,5147.8000,6365,0,5144440.000,0,-,-,-,-,5144.8000,5144.6000,5142.8000,5142.6000,5142.2000,5149.0000,5149.2000,5150.4000,5150.6000,5150.8000,1,1,1,2,1,1,2,4,1,1
SF,IC2005,2020-04-08 09:30:05.500,5149.0000,6364,-1,6174240.000,1,0,1,双平,S,5144.8000,5144.6000,5142.8000,5142.6000,5142.2000,5149.2000,5150.4000,5150.6000,5150.8000,5151.0000,1,1,1,2,1,2,4,1,1,1
SF,IC2005,2020-04-08 09:30:06.000,5149.0000,6364,0,6174240.000,0,-,-,-,-,5144.8000,5144.6000,5142.8000,5142.6000,5142.2000,5148.0000,5149.0000,5149.2000,5150.4000,5150.6000,1,2,1,2,1,1,1,1,4,1
SF,IC2005,2020-04-08 09:30:06.500,5149.0000,6364,0,6174240.000,0,-,-,-,-,5148.2000,5145.0000,5144.8000,5144.6000,5142.8000,5149.2000,5150.4000,5150.6000,5150.8000,5151.0000,1,1,1,2,1,1,4,1,1,1
SF,IC2005,2020-04-08 09:30:07.000,5148.2000,6364,0,7203880.000,1,0,1,多换,S,5144.8000,5144.6000,5142.8000,5142.6000,5142.2000,5148.2000,5148.8000,5149.2000,5150.4000,5150.6000,1,1,1,1,1,1,3,1,4,1
SF,IC2005,2020-04-08 09:30:07.500,5148.2000,6364,0,7203880.000,0,-,-,-,-,5148.0000,5145.0000,5144.8000,5144.6000,5142.8000,5149.2000,5150.4000,5150.6000,5150.8000,5151.0000,3,2,1,1,1,1,4,1,1,1
SF,IC2005,2020-04-08 09:30:08.000,5148.0000,6364,0,9263080.000,2,1,1,多换,S,5148.0000,5145.0000,5144.8000,5144.6000,5142.8000,5150.4000,5150.6000,5150.8000,5151.0000,5153.8000,1,2,1,2,1,4,1,1,1,1
SF,IC2005,2020-04-08 09:30:08.500,5148.0000,6364,0,10292680.000,1,0,1,多换,S,5145.0000,5144.8000,5144.6000,5142.8000,5142.6000,5148.0000,5150.4000,5150.6000,5150.8000,5153.8000,2,1,2,1,1,1,3,1,1,1
SF,IC2005,2020-04-08 09:30:09.000,5148.0000,6363,-1,11322280.000,1,0,1,双平,S,5145.2000,5145.0000,5144.6000,5142.8000,5142.6000,5150.2000,5150.4000,5153.8000,5156.2000,5164.0000,1,2,2,1,1,1,2,1,5,5
SF,IC2005,2020-04-08 09:30:09.500,5148.0000,6363,0,11322280.000,0,-,-,-,-,5149.2000,5145.4000,5145.2000,5145.0000,5144.6000,5150.4000,5153.8000,5156.2000,5164.0000,5165.0000,2,4,2,1,2,1,1,5,5,1
SF,IC2005,2020-04-08 09:30:10.000,5150.2000,6359,-4,15442040.000,4,0,4,双平,S,5145.4000,5145.2000,5145.0000,5144.6000,5142.8000,5149.2000,5150.4000,5153.8000,5156.2000,5164.0000,4,1,1,2,1,1,1,1,5,5
SF,IC2005,2020-04-08 09:30:10.500,5149.2000,6358,-1,16471880.000,1,0,1,双平,S,5145.6000,5145.4000,5145.2000,5145.0000,5144.6000,5150.4000,5153.8000,5156.2000,5164.0000,5165.0000,3,3,1,1,2,1,1,5,5,1
SF,IC2005,2020-04-08 09:30:11.000,5150.4000,6357,-1,17501960.000,1,0,1,双平,S,5145.8000,5145.6000,5145.4000,5145.2000,5145.0000,5153.8000,5156.2000,5164.0000,5165.0000,5173.0000,3,4,1,1,1,1,5,5,1,1
SF,IC2005,2020-04-08 09:30:11.500,5150.4000,6357,0,17501960.000,0,-,-,-,-,5146.0000,5145.8000,5145.6000,5145.2000,5145.0000,5153.8000,5156.2000,5164.0000,5165.0000,5173.0000,1,4,3,1,1,2,5,5,1,1
SF,IC2005,2020-04-08 09:30:12.000,5153.6000,6356,-1,18532680.000,1,0,1,双平,S,5146.8000,5146.2000,5146.0000,5145.8000,5145.6000,5153.8000,5156.2000,5164.0000,5165.0000,5173.0000,1,4,1,1,3,2,5,5,1,1
SF,IC2005,2020-04-08 09:30:12.500,5153.6000,6356,0,18532680.000,0,-,-,-,-,5148.0000,5147.0000,5146.8000,5146.2000,5146.0000,5153.8000,5156.2000,5164.0000,5165.0000,5173.0000,2,2,2,3,1,2,5,5,1,1
SF,IC2005,2020-04-08 09:30:13.000,5153.6000,6356,0,18532680.000,0,-,-,-,-,5148.2000,5148.0000,5146.8000,5146.2000,5145.8000,5153.6000,5153.8000,5156.2000,5164.0000,5165.0000,2,3,2,3,1,1,2,5,5,1
SF,IC2005,2020-04-08 09:30:13.500,5153.6000,6356,0,18532680.000,0,-,-,-,-,5149.2000,5148.2000,5148.0000,5146.8000,5146.2000,5153.8000,5156.2000,5164.0000,5165.0000,5173.0000,1,2,3,2,3,2,5,5,1,1
SF,IC2005,2020-04-08 09:30:14.000,5153.6000,6356,0,18532680.000,0,-,-,-,-,5149.4000,5149.2000,5148.2000,5148.0000,5147.0000,5153.8000,5156.2000,5164.0000,5165.0000,5173.0000,1,1,1,3,1,2,5,5,1,1
SF,IC2005,2020-04-08 09:30:14.500,5153.6000,6356,0,18532680.000,0,-,-,-,-,5149.6000,5149.4000,5149.2000,5148.2000,5148.0000,5153.8000,5162.0000,5164.0000,5165.0000,5173.0000,1,1,2,1,3,2,5,5,1,1
SF,IC2005,2020-04-08 09:30:15.000,5153.6000,6356,0,18532680.000,0,-,-,-,-,5150.4000,5149.8000,5149.6000,5149.2000,5148.2000,5153.8000,5162.0000,5164.0000,5165.0000,5173.0000,1,1,1,2,1,2,5,5,1,1
SF,IC2005,2020-04-08 09:30:15.500,5150.6000,6355,-1,19562800.000,1,0,1,双平,S,5150.4000,5149.6000,5149.2000,5148.2000,5148.0000,5153.8000,5162.0000,5164.0000,5165.0000,5173.0000,1,1,2,1,3,2,5,5,1,1
SF,IC2005,2020-04-08 09:30:16.000,5150.6000,6355,0,19562800.000,0,-,-,-,-,5149.6000,5149.2000,5148.2000,5148.0000,5146.8000,5153.8000,5162.0000,5164.0000,5165.0000,5173.0000,1,2,1,3,2,2,5,5,1,1
SF,IC2005,2020-04-08 09:30:16.500,5150.6000,6355,0,19562800.000,0,-,-,-,-,5149.2000,5148.2000,5148.0000,5146.8000,5146.2000,5153.8000,5162.0000,5164.0000,5165.0000,5173.0000,2,1,3,2,3,2,5,5,1,1
SF,IC2005,2020-04-08 09:30:17.000,5150.6000,6355,0,19562800.000,0,-,-,-,-,5150.0000,5149.4000,5149.2000,5148.2000,5148.0000,5153.4000,5153.8000,5162.0000,5164.0000,5165.0000,1,1,3,1,3,1,2,5,5,1
SF,IC2005,2020-04-08 09:30:17.500,5150.6000,6355,0,19562800.000,0,-,-,-,-,5150.0000,5149.4000,5149.2000,5148.2000,5148.0000,5153.4000,5153.8000,5162.0000,5164.0000,5165.0000,2,1,2,1,1,1,1,5,5,1
SF,IC2005,2020-04-08 09:30:18.000,5150.6000,6355,0,19562800.000,0,-,-,-,-,5150.0000,5149.4000,5149.2000,5149.0000,5148.2000,5153.4000,5162.0000,5164.0000,5165.0000,5173.0000,1,1,1,2,1,1,5,5,1,1
SF,IC2005,2020-04-08 09:30:19.000,5150.6000,6355,0,19562800.000,0,-,-,-,-,5150.0000,5149.4000,5149.2000,5149.0000,5148.2000,5162.0000,5164.0000,5165.0000,5173.0000,5188.8000,2,1,1,2,1,5,5,1,1,2
SF,IC2005,2020-04-08 09:30:19.500,5150.6000,6355,0,19562800.000,0,-,-,-,-,5150.0000,5149.4000,5149.2000,5149.0000,5148.2000,5153.2000,5153.6000,5154.6000,5155.2000,5155.6000,2,1,1,2,1,3,2,1,1,2
SF,IC2005,2020-04-08 09:30:20.000,5150.2000,6353,-2,21622880.000,2,0,2,双平,S,5150.0000,5149.2000,5149.0000,5148.2000,5148.0000,5153.2000,5155.2000,5155.6000,5155.8000,5156.0000,1,1,2,1,1,1,1,1,1,2
SF,IC2005,2020-04-08 09:30:20.500,5150.2000,6353,0,21622880.000,0,-,-,-,-,5149.2000,5149.0000,5148.2000,5148.0000,5146.8000,5153.0000,5153.2000,5155.2000,5155.6000,5155.8000,1,2,1,1,1,1,1,1,1,1
SF,IC2005,2020-04-08 09:30:21.000,5153.0000,6353,0,22653480.000,1,0,1,多换,S,5149.2000,5149.0000,5148.2000,5148.0000,5146.8000,5153.2000,5155.2000,5155.6000,5155.8000,5156.0000,2,2,1,1,1,1,1,1,1,2
SF,IC2005,2020-04-08 09:30:21.500,5153.0000,6353,0,22653480.000,0,-,-,-,-,5149.2000,5149.0000,5148.2000,5148.0000,5146.8000,5151.2000,5153.2000,5155.2000,5155.6000,5155.8000,1,2,1,1,1,3,1,1,1,1
SF,IC2005,2020-04-08 09:30:22.000,5153.0000,6353,0,22653480.000,0,-,-,-,-,5149.0000,5148.2000,5148.0000,5146.8000,5144.6000,5153.2000,5155.2000,5155.6000,5155.8000,5156.0000,2,1,1,1,1,1,1,1,1,2
SF,IC2005,2020-04-08 09:30:22.500,5153.0000,6353,0,22653480.000,0,-,-,-,-,5149.2000,5149.0000,5148.2000,5148.0000,5146.8000,5153.2000,5155.2000,5155.6000,5155.8000,5156.0000,1,2,1,1,1,1,1,1,1,2
SF,IC2005,2020-04-08 09:30:23.000,5153.0000,6353,0,22653480.000,0,-,-,-,-,5149.2000,5149.0000,5148.2000,5148.0000,5146.8000,5153.2000,5155.2000,5155.6000,5155.8000,5156.0000,1,2,1,1,1,1,1,1,1,2
SF,IC2005,2020-04-08 09:30:23.500,5153.0000,6352,-1,23684080.000,1,0,1,双平,S,5149.2000,5149.0000,5148.2000,5148.0000,5146.8000,5150.6000,5151.0000,5153.0000,5153.2000,5155.2000,1,2,1,1,1,1,1,1,1,1
SF,IC2005,2020-04-08 09:30:24.000,5149.0000,6351,-1,24713880.000,1,0,1,双平,S,5149.0000,5148.2000,5148.0000,5146.8000,5144.6000,5153.0000,5153.2000,5155.0000,5155.2000,5155.6000,1,1,1,1,1,1,1,1,1,1
SF,IC2005,2020-04-08 09:30:24.500,5149.0000,6351,0,24713880.000,0,-,-,-,-,5149.0000,5148.2000,5148.0000,5146.8000,5144.6000,5150.0000,5150.8000,5151.8000,5152.2000,5152.4000,1,1,1,1,1,1,1,1,1,1
SF,IC2005,2020-04-08 09:30:25.000,5150.0000,6350,-1,25743880.000,1,0,1,双平,S,5149.4000,5149.0000,5148.2000,5148.0000,5146.8000,5152.8000,5153.0000,5153.2000,5155.0000,5156.2000,1,1,1,1,1,2,1,1,1,1
SF,IC2005,2020-04-08 09:30:25.500,5150.0000,6350,0,25743880.000,0,-,-,-,-,5149.0000,5148.2000,5148.0000,5146.8000,5144.6000,5151.2000,5152.8000,5153.0000,5153.2000,5155.0000,1,1,1,1,1,1,1,1,1,1
SF,IC2005,2020-04-08 09:30:26.000,5150.0000,6350,0,25743880.000,0,-,-,-,-,5149.0000,5148.2000,5148.0000,5146.8000,5144.6000,5153.0000,5153.2000,5155.0000,5156.2000,5157.6000,2,1,1,1,1,1,1,1,1,1
SF,IC2005,2020-04-08 09:30:26.500,5150.0000,6350,0,25743880.000,0,-,-,-,-,5149.2000,5149.0000,5148.2000,5148.0000,5146.8000,5153.0000,5156.2000,5157.6000,5157.8000,5161.0000,2,2,1,1,1,1,1,1,1,1
SF,IC2005,2020-04-08 09:30:27.000,5150.0000,6350,0,25743880.000,0,-,-,-,-,5151.2000,5149.2000,5149.0000,5148.0000,5146.8000,5156.2000,5157.6000,5157.8000,5161.0000,5162.0000,1,3,2,1,1,1,1,1,1,6
SF,IC2005,2020-04-08 09:30:27.500,5150.0000,6350,0,25743880.000,0,-,-,-,-,5149.2000,5149.0000,5148.0000,5146.8000,5144.6000,5153.8000,5156.2000,5157.6000,5157.8000,5161.0000,2,2,1,1,1,1,2,1,1,1
SF,IC2005,2020-04-08 09:30:28.000,5150.0000,6350,0,25743880.000,0,-,-,-,-,5150.0000,5149.2000,5149.0000,5148.0000,5146.8000,5153.8000,5154.4000,5154.6000,5156.0000,5156.2000,1,1,2,1,1,1,2,1,1,2
SF,IC2005,2020-04-08 09:30:28.500,5150.0000,6350,0,25743880.000,0,-,-,-,-,5150.0000,5149.2000,5149.0000,5148.0000,5146.8000,5153.8000,5154.4000,5154.6000,5156.0000,5156.2000,1,1,2,1,1,1,2,1,1,2
SF,IC2005,2020-04-08 09:30:29.000,5150.0000,6350,0,25743880.000,0,-,-,-,-,5150.0000,5149.2000,5149.0000,5148.0000,5146.8000,5151.8000,5153.6000,5153.8000,5154.4000,5154.6000,1,1,2,1,1,1,3,1,2,1
SF,IC2005,2020-04-08 09:30:29.500,5150.0000,6350,0,25743880.000,0,-,-,-,-,5150.0000,5149.2000,5149.0000,5148.0000,5146.8000,5153.6000,5153.8000,5154.4000,5154.6000,5156.2000,1,1,2,1,1,2,1,2,1,3
SF,IC2005,2020-04-08 09:30:30.000,5150.0000,6350,0,25743880.000,0,-,-,-,-,5150.0000,5149.2000,5149.0000,5148.0000,5146.8000,5153.6000,5153.8000,5154.4000,5154.6000,5156.2000,1,1,2,1,1,2,1,2,1,3
SF,IC2005,2020-04-08 09:30:30.500,5150.0000,6350,0,25743880.000,0,-,-,-,-,5150.0000,5149.0000,5148.0000,5146.8000,5144.6000,5153.4000,5153.6000,5153.8000,5154.4000,5154.6000,1,2,1,1,1,1,2,1,2,1
SF,IC2005,2020-04-08 09:30:31.000,5150.0000,6350,0,25743880.000,0,-,-,-,-,5150.0000,5149.0000,5148.0000,5146.8000,5144.6000,5153.2000,5153.6000,5153.8000,5154.4000,5154.6000,1,2,1,1,1,1,2,1,2,1
SF,IC2005,2020-04-08 09:30:31.500,5150.0000,6350,0,25743880.000,0,-,-,-,-,5150.0000,5149.0000,5148.0000,5146.8000,5144.6000,5153.2000,5153.6000,5153.8000,5154.4000,5154.6000,1,2,1,1,1,1,2,1,2,1
SF,IC2005,2020-04-08 09:30:32.000,5150.0000,6350,0,25743880.000,0,-,-,-,-,5150.0000,5149.0000,5148.0000,5146.8000,5144.6000,5153.0000,5153.2000,5153.6000,5153.8000,5154.4000,1,2,1,1,1,1,1,2,1,2
SF,IC2005,2020-04-08 09:30:32.500,5150.0000,6350,0,25743880.000,0,-,-,-,-,5150.0000,5149.0000,5148.0000,5146.8000,5144.6000,5153.2000,5153.6000,5153.8000,5154.4000,5154.6000,1,2,1,1,1,1,2,1,2,1
SF,IC2005,2020-04-08 09:30:33.000,5150.0000,6350,0,25743880.000,0,-,-,-,-,5150.0000,5149.0000,5148.0000,5146.8000,5144.6000,5153.0000,5153.2000,5153.6000,5153.8000,5154.4000,1,2,1,1,1,1,1,2,1,2
SF,IC2005,2020-04-08 09:30:34.000,5150.0000,6349,-1,26773880.000,1,0,1,双平,S,5149.0000,5148.0000,5146.8000,5144.6000,5142.4000,5152.8000,5153.0000,5153.2000,5153.6000,5153.8000,2,1,1,1,1,1,1,1,2,1
SF,IC2005,2020-04-08 09:30:34.500,5150.0000,6349,0,26773880.000,0,-,-,-,-,5149.0000,5148.0000,5146.8000,5144.6000,5142.4000,5153.0000,5153.2000,5153.6000,5153.8000,5154.4000,2,1,1,1,1,1,1,2,1,2
SF,IC2005,2020-04-08 09:30:35.000,5150.0000,6349,0,26773880.000,0,-,-,-,-,5149.0000,5148.0000,5146.8000,5144.6000,5142.4000,5153.2000,5153.6000,5153.8000,5154.4000,5154.6000,2,1,1,1,1,1,2,1,2,1
SF,IC2005,2020-04-08 09:30:35.500,5150.0000,6349,0,26773880.000,0,-,-,-,-,5149.2000,5149.0000,5148.0000,5146.8000,5144.6000,5153.0000,5153.2000,5153.6000,5153.8000,5154.4000,1,2,1,1,1,1,1,1,1,2
SF,IC2005,2020-04-08 09:30:36.000,5150.0000,6349,0,26773880.000,0,-,-,-,-,5149.0000,5148.0000,5146.8000,5144.6000,5142.4000,5153.0000,5153.2000,5153.6000,5153.8000,5154.4000,2,1,1,1,1,1,1,1,1,2
SF,IC2005,2020-04-08 09:30:36.500,5150.0000,6349,0,26773880.000,0,-,-,-,-,5149.0000,5148.0000,5146.8000,5144.6000,5142.4000,5152.4000,5152.6000,5153.0000,5153.2000,5153.6000,2,1,1,1,1,1,1,1,2,1
SF,IC2005,2020-04-08 09:30:37.000,5150.0000,6349,0,26773880.000,0,-,-,-,-,5149.0000,5148.0000,5146.8000,5144.6000,5142.4000,5153.0000,5153.2000,5153.6000,5153.8000,5154.4000,2,1,1,1,1,1,1,1,1,2
SF,IC2005,2020-04-08 09:30:38.000,5150.0000,6349,0,26773880.000,0,-,-,-,-,5149.0000,5148.0000,5146.8000,5144.6000,5142.4000,5152.4000,5152.8000,5153.0000,5153.2000,5153.6000,2,1,1,1,1,1,1,1,2,1
SF,IC2005,2020-04-08 09:30:38.500,5150.0000,6349,0,26773880.000,0,-,-,-,-,5150.0000,5149.2000,5149.0000,5148.0000,5146.8000,5153.0000,5153.2000,5153.6000,5153.8000,5154.4000,2,1,2,1,1,1,1,1,1,2
SF,IC2005,2020-04-08 09:30:39.000,5150.0000,6349,0,26773880.000,0,-,-,-,-,5150.0000,5149.0000,5148.0000,5146.8000,5144.6000,5153.8000,5154.4000,5154.6000,5156.2000,5157.6000,2,2,1,1,1,1,2,1,3,1
SF,IC2005,2020-04-08 09:30:39.500,5150.0000,6349,0,26773880.000,0,-,-,-,-,5150.0000,5149.0000,5148.0000,5146.8000,5144.6000,5153.8000,5154.4000,5154.6000,5156.2000,5157.6000,3,2,1,1,1,1,1,1,3,1
SF,IC2005,2020-04-08 09:30:40.000,5150.0000,6349,0,26773880.000,0,-,-,-,-,5152.8000,5150.0000,5149.0000,5148.0000,5146.8000,5153.8000,5154.6000,5156.2000,5157.6000,5157.8000,3,3,2,1,1,1,1,3,1,1
SF,IC2005,2020-04-08 09:30:40.500,5152.8000,6350,1,29865480.000,3,2,1,空开,S,5150.0000,5149.0000,5148.0000,5146.8000,5144.6000,5151.6000,5152.6000,5152.8000,5153.2000,5153.8000,3,2,1,1,1,1,1,27,2,1
SF,IC2005,2020-04-08 09:30:41.000,5152.8000,6350,0,29865480.000,0,-,-,-,-,5150.0000,5149.0000,5148.0000,5146.8000,5144.6000,5153.8000,5154.6000,5156.2000,5157.6000,5157.8000,3,2,1,1,1,1,1,3,1,1
SF,IC2005,2020-04-08 09:30:41.500,5152.8000,6350,0,29865480.000,0,-,-,-,-,5150.0000,5149.0000,5148.0000,5146.8000,5144.6000,5153.2000,5153.8000,5154.6000,5156.2000,5157.6000,3,2,1,1,1,1,1,1,3,1
SF,IC2005,2020-04-08 09:30:42.000,5152.8000,6350,0,29865480.000,0,-,-,-,-,5150.0000,5149.0000,5148.0000,5146.8000,5144.6000,5153.2000,5153.8000,5154.6000,5156.2000,5157.6000,3,2,1,1,1,1,1,1,3,1
SF,IC2005,2020-04-08 09:30:42.500,5152.8000,6350,0,29865480.000,0,-,-,-,-,5150.0000,5149.0000,5148.0000,5146.8000,5144.6000,5153.0000,5153.2000,5153.8000,5154.6000,5156.2000,3,2,1,1,1,1,1,1,1,3
SF,IC2005,2020-04-08 09:30:43.000,5152.8000,6350,0,29865480.000,0,-,-,-,-,5150.0000,5149.0000,5148.0000,5146.8000,5144.6000,5153.2000,5153.8000,5154.6000,5156.2000,5157.6000,3,2,1,1,1,1,1,1,3,1
SF,IC2005,2020-04-08 09:30:43.500,5152.8000,6350,0,29865480.000,0,-,-,-,-,5150.0000,5149.0000,5148.0000,5146.8000,5144.6000,5152.8000,5153.2000,5153.8000,5154.6000,5156.2000,3,2,1,1,1,1,1,1,1,3
SF,IC2005,2020-04-08 09:30:44.000,5150.0000,6348,-2,31925480.000,2,0,2,双平,S,5149.0000,5148.0000,5146.8000,5144.6000,5142.4000,5150.0000,5151.6000,5152.8000,5153.2000,5153.8000,2,1,1,1,1,5,1,1,2,1
SF,IC2005,2020-04-08 09:30:44.500,5150.0000,6346,-2,33985480.000,2,0,2,双平,S,5149.4000,5149.0000,5148.0000,5146.8000,5144.6000,5150.0000,5152.8000,5153.2000,5153.8000,5154.6000,1,2,1,1,1,3,1,2,1,1
SF,IC2005,2020-04-08 09:30:45.000,5150.0000,6344,-2,36045480.000,2,0,2,双平,S,5149.0000,5148.0000,5146.8000,5144.6000,5142.4000,5152.8000,5153.2000,5153.8000,5154.6000,5156.2000,2,1,1,1,1,1,2,1,1,3
SF,IC2005,2020-04-08 09:30:46.500,5150.0000,6344,0,36045480.000,0,-,-,-,-,5149.0000,5148.0000,5146.8000,5144.6000,5142.4000,5151.6000,5152.8000,5153.2000,5153.8000,5154.6000,2,1,1,1,1,1,1,2,1,1
SF,IC2005,2020-04-08 09:30:47.000,5150.0000,6344,0,36045480.000,0,-,-,-,-,5150.2000,5149.0000,5148.0000,5146.8000,5144.6000,5152.8000,5153.2000,5153.8000,5154.6000,5156.2000,1,2,1,1,1,1,2,1,1,3
SF,IC2005,2020-04-08 09:30:47.500,5150.0000,6344,0,36045480.000,0,-,-,-,-,5150.2000,5149.0000,5148.0000,5146.8000,5144.6000,5152.8000,5153.2000,5153.8000,5154.6000,5156.2000,1,2,1,1,1,1,1,1,1,3
SF,IC2005,2020-04-08 09:30:48.000,5152.6000,6344,0,37076000.000,1,0,1,多换,S,5150.2000,5149.0000,5148.0000,5146.8000,5144.6000,5152.8000,5153.2000,5153.8000,5154.6000,5156.2000,1,2,1,1,1,1,1,1,1,3
SF,IC2005,2020-04-08 09:30:50.000,5152.6000,6344,0,37076000.000,0,-,-,-,-,5150.2000,5149.0000,5148.0000,5146.8000,5144.6000,5152.8000,5153.2000,5153.8000,5154.6000,5156.2000,1,2,1,1,1,1,1,1,1,3
SF,IC2005,2020-04-08 09:30:52.500,5152.6000,6344,0,37076000.000,0,-,-,-,-,5150.2000,5149.0000,5148.0000,5146.8000,5144.6000,5152.8000,5153.2000,5153.8000,5154.6000,5156.2000,1,2,1,1,1,1,1,1,1,3
SF,IC2005,2020-04-08 09:30:53.000,5152.6000,6344,0,37076000.000,0,-,-,-,-,5150.2000,5149.0000,5148.0000,5146.8000,5144.6000,5152.8000,5153.2000,5153.8000,5154.6000,5156.2000,1,2,1,1,1,1,1,1,1,3
SF,IC2005,2020-04-08 09:30:53.500,5150.2000,6344,0,38106040.000,1,0,1,多换,S,5149.0000,5148.0000,5146.8000,5144.6000,5142.4000,5150.2000,5151.6000,5152.8000,5153.2000,5153.8000,2,1,1,1,1,4,1,1,1,1
SF,IC2005,2020-04-08 09:30:54.000,5150.2000,6344,0,38106040.000,0,-,-,-,-,5149.8000,5149.0000,5148.0000,5146.8000,5144.6000,5150.2000,5151.6000,5152.8000,5153.2000,5153.8000,1,2,1,1,1,5,1,2,1,1
SF,IC2005,2020-04-08 09:30:54.500,5150.2000,6344,0,38106040.000,0,-,-,-,-,5149.0000,5148.0000,5146.8000,5144.6000,5142.4000,5150.2000,5152.8000,5153.2000,5153.8000,5154.6000,2,1,1,1,1,5,2,1,1,1
SF,IC2005,2020-04-08 09:30:55.000,5150.2000,6344,0,38106040.000,0,-,-,-,-,5149.0000,5148.0000,5146.8000,5144.6000,5142.4000,5152.8000,5153.2000,5153.8000,5154.6000,5156.2000,2,1,1,1,1,2,1,1,1,3
SF,IC2005,2020-04-08 09:30:55.500,5150.2000,6344,0,38106040.000,0,-,-,-,-,5149.0000,5148.0000,5146.8000,5144.6000,5142.4000,5151.6000,5152.8000,5153.2000,5153.8000,5154.6000,2,1,1,1,1,1,2,1,1,1
SF,IC2005,2020-04-08 09:30:58.000,5150.2000,6344,0,38106040.000,0,-,-,-,-,5149.0000,5148.0000,5146.8000,5144.6000,5142.4000,5152.8000,5153.2000,5153.8000,5154.6000,5156.2000,2,1,1,1,1,2,1,1,1,3
SF,IC2005,2020-04-08 09:30:58.500,5150.2000,6344,0,38106040.000,0,-,-,-,-,5149.0000,5148.0000,5146.8000,5144.6000,5142.4000,5152.8000,5153.2000,5153.8000,5154.6000,5156.2000,2,1,1,1,1,2,1,1,1,3
SF,IC2005,2020-04-08 09:30:59.000,5150.2000,6344,0,38106040.000,0,-,-,-,-,5149.0000,5148.0000,5146.8000,5144.6000,5142.4000,5152.8000,5153.2000,5153.8000,5154.6000,5156.2000,2,1,1,1,1,2,1,1,1,3
SF,IC2005,2020-04-08 09:30:59.500,5150.2000,6344,0,38106040.000,0,-,-,-,-,5149.0000,5148.0000,5146.8000,5144.6000,5142.4000,5151.6000,5152.8000,5153.2000,5153.8000,5154.6000,2,1,1,1,1,1,2,1,1,1
SF,IC2005,2020-04-08 09:31:00.000,5150.2000,6344,0,38106040.000,0,-,-,-,-,5149.0000,5148.0000,5146.8000,5144.6000,5142.4000,5150.4000,5151.6000,5152.0000,5152.8000,5153.2000,2,1,1,1,1,1,1,1,1,1
SF,IC2005,2020-04-08 09:31:00.500,5150.2000,6344,0,38106040.000,0,-,-,-,-,5149.0000,5148.0000,5146.8000,5144.6000,5142.4000,5150.4000,5151.6000,5152.0000,5152.8000,5153.2000,2,1,1,1,1,1,1,1,1,1
SF,IC2005,2020-04-08 09:31:01.000,5150.2000,6344,0,38106040.000,0,-,-,-,-,5149.0000,5148.0000,5146.8000,5144.6000,5142.4000,5150.4000,5152.0000,5152.8000,5153.2000,5153.8000,2,1,1,1,1,1,1,1,1,1
SF,IC2005,2020-04-08 09:31:01.500,5150.2000,6344,0,38106040.000,0,-,-,-,-,5149.6000,5149.2000,5149.0000,5148.0000,5146.8000,5150.4000,5152.0000,5152.8000,5153.2000,5153.8000,1,1,2,1,1,1,1,1,1,1
SF,IC2005,2020-04-08 09:31:02.000,5150.4000,6343,-1,39136120.000,1,0,1,双平,S,5149.2000,5149.0000,5148.0000,5146.8000,5144.6000,5152.0000,5152.8000,5153.2000,5153.8000,5154.6000,1,2,1,1,1,1,1,1,1,1
SF,IC2005,2020-04-08 09:31:02.500,5150.4000,6343,0,39136120.000,0,-,-,-,-,5149.2000,5149.0000,5148.0000,5146.8000,5144.6000,5151.8000,5152.8000,5153.2000,5153.8000,5154.6000,1,4,1,1,1,1,1,1,1,1
SF,IC2005,2020-04-08 09:31:03.000,5150.4000,6343,0,39136120.000,0,-,-,-,-,5149.2000,5149.0000,5148.0000,5146.8000,5144.6000,5151.8000,5152.8000,5153.2000,5153.8000,5154.6000,1,4,1,1,1,1,1,1,1,1
SF,IC2005,2020-04-08 09:31:06.000,5150.4000,6343,0,39136120.000,0,-,-,-,-,5149.2000,5149.0000,5148.0000,5146.8000,5144.6000,5151.6000,5151.8000,5152.8000,5153.2000,5153.8000,1,4,1,1,1,1,1,1,1,1
SF,IC2005,2020-04-08 09:31:06.500,5150.4000,6343,0,39136120.000,0,-,-,-,-,5149.2000,5149.0000,5148.0000,5146.8000,5144.6000,5151.8000,5152.8000,5153.2000,5153.8000,5154.6000,1,4,1,1,1,1,1,1,1,1
SF,IC2005,2020-04-08 09:31:07.500,5150.4000,6343,0,39136120.000,0,-,-,-,-,5149.2000,5149.0000,5148.0000,5146.8000,5144.6000,5151.6000,5151.8000,5152.8000,5153.2000,5153.8000,1,4,1,1,1,1,1,1,1,1
SF,IC2005,2020-04-08 09:31:08.000,5150.4000,6343,0,39136120.000,0,-,-,-,-,5149.2000,5149.0000,5148.0000,5146.8000,5144.6000,5151.6000,5151.8000,5152.8000,5153.2000,5153.8000,1,4,1,1,1,1,1,1,1,1
SF,IC2005,2020-04-08 09:31:08.500,5150.4000,6343,0,39136120.000,0,-,-,-,-,5149.2000,5149.0000,5148.0000,5146.8000,5144.6000,5151.8000,5152.8000,5153.2000,5153.8000,5154.6000,1,4,1,1,1,1,1,1,1,1
SF,IC2005,2020-04-08 09:31:09.000,5150.4000,6343,0,39136120.000,0,-,-,-,-,5149.2000,5149.0000,5148.0000,5146.8000,5144.6000,5151.8000,5152.8000,5153.2000,5153.8000,5154.6000,1,4,1,1,1,1,1,1,1,1
SF,IC2005,2020-04-08 09:31:09.500,5150.4000,6343,0,39136120.000,0,-,-,-,-,5149.4000,5149.2000,5149.0000,5148.0000,5146.8000,5151.6000,5151.8000,5152.8000,5153.2000,5153.8000,1,1,4,1,1,1,1,1,1,1
SF,IC2005,2020-04-08 09:31:10.000,5151.4000,6342,-1,40166400.000,1,0,1,双平,S,5151.8000,5149.4000,5149.2000,5149.0000,5148.0000,5152.8000,5153.2000,5153.8000,5154.6000,5156.2000,1,1,1,4,1,1,1,1,1,3
SF,IC2005,2020-04-08 09:31:10.500,5149.4000,6340,-2,42226600.000,2,0,2,双平,S,5149.0000,5148.0000,5146.8000,5144.6000,5142.4000,5149.4000,5151.0000,5151.6000,5151.8000,5152.2000,4,1,1,1,1,4,1,1,14,1
SF,IC2005,2020-04-08 09:31:11.000,5149.4000,6338,-2,44286360.000,2,0,2,双平,S,5149.0000,5148.0000,5146.8000,5144.6000,5142.4000,5152.6000,5152.8000,5153.2000,5153.8000,5154.6000,4,1,1,1,1,1,1,1,1,1
SF,IC2005,2020-04-08 09:31:11.500,5149.4000,6338,0,44286360.000,0,-,-,-,-,5149.2000,5149.0000,5148.0000,5146.8000,5144.6000,5152.4000,5152.6000,5152.8000,5153.2000,5153.8000,1,4,1,1,1,1,1,1,1,1
SF,IC2005,2020-04-08 09:31:12.000,5149.4000,6338,0,44286360.000,0,-,-,-,-,5149.2000,5149.0000,5148.0000,5146.8000,5144.6000,5152.6000,5152.8000,5153.2000,5153.8000,5154.6000,1,4,1,1,1,1,1,1,1,1
SF,IC2005,2020-04-08 09:31:12.500,5149.4000,6338,0,44286360.000,0,-,-,-,-,5149.2000,5149.0000,5148.0000,5146.8000,5144.6000,5152.2000,5152.4000,5152.6000,5152.8000,5153.2000,1,4,1,1,1,1,1,1,1,1
SF,IC2005,2020-04-08 09:31:13.000,5149.4000,6338,0,44286360.000,0,-,-,-,-,5149.2000,5149.0000,5148.0000,5146.8000,5144.6000,5152.2000,5152.4000,5152.6000,5152.8000,5153.2000,1,4,1,1,1,1,1,1,1,1
SF,IC2005,2020-04-08 09:31:13.500,5149.4000,6338,0,44286360.000,0,-,-,-,-,5149.4000,5149.2000,5149.0000,5148.0000,5146.8000,5152.2000,5152.4000,5152.8000,5153.2000,5153.8000,2,1,4,1,1,1,1,1,1,1
SF,IC2005,2020-04-08 09:31:14.000,5149.4000,6337,-1,45316240.000,1,0,1,双平,S,5149.4000,5149.0000,5148.0000,5146.8000,5144.6000,5152.2000,5152.4000,5152.8000,5153.2000,5153.8000,2,4,1,1,1,1,1,1,1,1
SF,IC2005,2020-04-08 09:31:14.500,5149.4000,6337,0,45316240.000,0,-,-,-,-,5149.4000,5149.0000,5148.0000,5146.8000,5144.6000,5152.2000,5152.4000,5152.8000,5153.2000,5153.8000,2,4,1,1,1,1,1,1,1,1
SF,IC2005,2020-04-08 09:31:16.000,5149.4000,6337,0,45316240.000,0,-,-,-,-,5149.4000,5149.0000,5148.0000,5146.8000,5144.6000,5152.2000,5152.4000,5153.8000,5156.2000,5157.6000,2,4,1,1,1,1,1,1,3,1
SF,IC2005,2020-04-08 09:31:16.500,5149.4000,6337,0,45316240.000,0,-,-,-,-,5149.4000,5149.0000,5148.0000,5146.8000,5144.6000,5152.2000,5156.2000,5157.6000,5157.8000,5158.0000,2,4,1,1,1,1,3,1,2,6
SF,IC2005,2020-04-08 09:31:17.000,5152.2000,6337,0,46346680.000,1,0,1,多换,S,5152.2000,5149.4000,5149.0000,5148.0000,5146.8000,5156.2000,5157.6000,5157.8000,5158.0000,5158.4000,2,2,4,1,1,3,1,2,6,5
SF,IC2005,2020-04-08 09:31:17.500,5152.2000,6335,-2,48407560.000,2,0,2,双平,S,5149.0000,5148.0000,5146.8000,5144.6000,5142.4000,5152.2000,5153.2000,5153.8000,5154.8000,5155.8000,4,1,1,1,1,17,3,1,1,2
SF,IC2005,2020-04-08 09:31:18.000,5152.2000,6335,0,48407560.000,0,-,-,-,-,5149.2000,5149.0000,5148.0000,5146.8000,5144.6000,5152.2000,5153.2000,5153.8000,5154.6000,5155.8000,1,4,1,1,1,11,1,1,1,2
SF,IC2005,2020-04-08 09:31:18.500,5152.2000,6335,0,48407560.000,0,-,-,-,-,5149.2000,5149.0000,5148.0000,5146.8000,5144.6000,5152.0000,5152.2000,5153.2000,5153.8000,5154.6000,1,4,1,1,1,1,11,1,1,1
SF,IC2005,2020-04-08 09:31:19.000,5152.2000,6335,0,48407560.000,0,-,-,-,-,5149.4000,5149.2000,5149.0000,5148.0000,5146.8000,5153.2000,5153.8000,5154.6000,5155.8000,5156.0000,1,1,4,1,1,1,1,1,2,1
SF,IC2005,2020-04-08 09:31:19.500,5152.2000,6335,0,48407560.000,0,-,-,-,-,5149.6000,5149.4000,5149.0000,5148.0000,5146.8000,5152.8000,5153.0000,5153.2000,5153.8000,5154.6000,1,1,4,1,1,1,1,1,1,1
SF,IC2005,2020-04-08 09:31:20.000,5152.2000,6335,0,48407560.000,0,-,-,-,-,5149.6000,5149.4000,5149.0000,5148.0000,5146.8000,5152.6000,5153.8000,5154.6000,5155.8000,5156.0000,2,1,4,2,1,1,1,1,2,1
SF,IC2005,2020-04-08 09:31:21.000,5152.2000,6335,0,48407560.000,0,-,-,-,-,5149.6000,5149.4000,5149.0000,5148.0000,5146.8000,5152.6000,5153.8000,5154.6000,5155.8000,5156.0000,2,1,4,2,1,1,1,1,2,1
SF,IC2005,2020-04-08 09:31:22.000,5152.2000,6335,0,48407560.000,0,-,-,-,-,5149.8000,5149.6000,5149.4000,5149.0000,5148.0000,5152.6000,5153.8000,5155.8000,5156.0000,5156.2000,1,2,1,4,2,1,1,2,1,3
SF,IC2005,2020-04-08 09:31:22.500,5152.2000,6335,0,48407560.000,0,-,-,-,-,5150.0000,5149.8000,5149.6000,5149.4000,5149.0000,5152.6000,5153.8000,5155.8000,5156.0000,5156.2000,1,1,1,1,4,1,1,2,1,3
SF,IC2005,2020-04-08 09:31:27.500,5152.2000,6335,0,48407560.000,0,-,-,-,-,5150.0000,5149.8000,5149.6000,5149.4000,5149.0000,5152.4000,5152.6000,5153.8000,5155.8000,5156.0000,1,1,1,1,4,1,1,1,2,1
SF,IC2005,2020-04-08 09:31:28.000,5152.2000,6335,0,48407560.000,0,-,-,-,-,5150.0000,5149.8000,5149.6000,5149.0000,5148.0000,5152.2000,5152.4000,5153.8000,5155.8000,5156.0000,1,1,1,4,2,1,1,1,2,1
SF,IC2005,2020-04-08 09:31:29.000,5152.2000,6335,0,48407560.000,0,-,-,-,-,5150.0000,5149.8000,5149.6000,5149.0000,5148.0000,5152.0000,5152.2000,5152.4000,5153.8000,5155.8000,2,1,1,4,2,1,1,1,1,2
SF,IC2005,2020-04-08 09:31:29.500,5150.0000,6334,-1,49437560.000,1,0,1,双平,S,5150.0000,5149.8000,5149.6000,5149.0000,5148.0000,5152.0000,5152.2000,5153.8000,5155.8000,5156.0000,1,1,1,4,2,1,1,1,2,1
SF,IC2005,2020-04-08 09:31:30.000,5150.0000,6334,0,49437560.000,0,-,-,-,-,5150.0000,5149.6000,5149.0000,5148.0000,5146.8000,5152.0000,5152.2000,5153.8000,5155.8000,5156.0000,1,1,4,2,1,1,1,1,2,1
SF,IC2005,2020-04-08 09:31:31.000,5150.0000,6334,0,49437560.000,0,-,-,-,-,5150.0000,5149.6000,5149.0000,5148.0000,5146.8000,5152.0000,5152.2000,5152.4000,5153.8000,5155.8000,1,1,4,2,1,1,1,1,1,2
SF,IC2005,2020-04-08 09:31:31.500,5150.0000,6334,0,49437560.000,0,-,-,-,-,5150.0000,5149.6000,5149.0000,5148.0000,5146.8000,5151.8000,5152.0000,5152.4000,5153.8000,5155.8000,1,1,4,2,1,1,1,1,1,2
SF,IC2005,2020-04-08 09:31:32.500,5150.0000,6334,0,49437560.000,0,-,-,-,-,5150.0000,5149.6000,5149.0000,5148.0000,5146.8000,5151.6000,5151.8000,5152.4000,5153.8000,5155.8000,1,1,4,2,1,1,1,1,1,2
SF,IC2005,2020-04-08 09:31:34.000,5150.0000,6333,-1,50467560.000,1,0,1,双平,S,5149.6000,5149.0000,5148.0000,5146.8000,5146.4000,5150.0000,5151.6000,5151.8000,5152.4000,5153.8000,1,4,2,1,1,3,1,1,1,1
SF,IC2005,2020-04-08 09:31:34.500,5150.0000,6331,-2,52527560.000,2,0,2,双平,S,5149.6000,5149.0000,5148.0000,5146.8000,5146.4000,5150.0000,5151.6000,5152.4000,5153.8000,5155.8000,1,4,2,1,1,1,1,1,1,2
SF,IC2005,2020-04-08 09:31:35.000,5150.0000,6331,0,52527560.000,0,-,-,-,-,5149.6000,5149.0000,5148.0000,5146.8000,5146.4000,5151.6000,5152.4000,5153.8000,5155.8000,5156.0000,1,4,2,1,1,1,1,1,2,1
SF,IC2005,2020-04-08 09:31:35.500,5152.4000,6332,1,54588360.000,2,1,1,空开,S,5149.6000,5149.0000,5148.0000,5146.8000,5146.4000,5153.8000,5155.8000,5156.0000,5156.2000,5157.6000,1,4,2,1,1,1,2,1,3,1
SF,IC2005,2020-04-08 09:31:36.000,5152.4000,6332,0,54588360.000,0,-,-,-,-,5149.6000,5149.0000,5148.0000,5146.8000,5146.4000,5152.8000,5153.2000,5153.4000,5153.6000,5155.8000,1,4,2,1,1,2,1,1,2,2
SF,IC2005,2020-04-08 09:31:36.500,5152.4000,6332,0,54588360.000,0,-,-,-,-,5150.0000,5149.6000,5149.0000,5148.0000,5146.8000,5152.4000,5152.6000,5152.8000,5153.4000,5153.6000,1,1,4,2,1,1,1,1,1,1
SF,IC2005,2020-04-08 09:31:37.000,5150.0000,6331,-1,55618360.000,1,0,1,双平,S,5149.6000,5149.0000,5148.0000,5146.8000,5144.6000,5152.2000,5152.4000,5152.8000,5153.4000,5153.6000,1,4,2,1,1,1,1,1,1,1
SF,IC2005,2020-04-08 09:31:37.500,5150.0000,6331,0,55618360.000,0,-,-,-,-,5149.6000,5149.0000,5148.0000,5146.8000,5144.6000,5150.0000,5151.8000,5152.0000,5152.2000,5152.4000,1,4,2,1,1,4,1,1,1,1
SF,IC2005,2020-04-08 09:31:38.000,5150.0000,6331,0,55618360.000,0,-,-,-,-,5149.6000,5149.0000,5148.0000,5146.8000,5144.6000,5150.0000,5151.8000,5152.0000,5152.2000,5152.4000,1,4,2,1,1,4,1,1,1,1
SF,IC2005,2020-04-08 09:31:39.000,5150.0000,6331,0,55618360.000,0,-,-,-,-,5149.0000,5148.0000,5146.8000,5144.6000,5142.4000,5152.0000,5152.2000,5152.4000,5152.8000,5153.4000,4,2,1,1,1,1,1,1,1,1
SF,IC2005,2020-04-08 09:31:39.500,5150.0000,6331,0,55618360.000,0,-,-,-,-,5149.0000,5148.0000,5146.8000,5144.6000,5142.4000,5151.8000,5152.0000,5152.4000,5153.4000,5153.6000,4,1,1,1,1,1,2,1,1,1
SF,IC2005,2020-04-08 09:31:40.000,5150.0000,6331,0,55618360.000,0,-,-,-,-,5149.0000,5148.0000,5146.8000,5144.6000,5142.4000,5151.6000,5151.8000,5152.0000,5152.4000,5153.4000,4,1,1,1,1,1,1,2,1,1
SF,IC2005,2020-04-08 09:31:40.500,5150.0000,6331,0,55618360.000,0,-,-,-,-,5149.0000,5148.0000,5146.8000,5144.6000,5142.4000,5151.4000,5151.6000,5152.0000,5152.4000,5153.4000,4,1,1,1,1,1,1,2,1,1
SF,IC2005,2020-04-08 09:31:41.000,5150.0000,6331,0,55618360.000,0,-,-,-,-,5149.0000,5148.0000,5146.8000,5144.6000,5142.4000,5151.2000,5151.4000,5152.0000,5152.4000,5153.4000,4,1,1,1,1,1,1,2,1,1
SF,IC2005,2020-04-08 09:31:41.500,5150.0000,6331,0,55618360.000,0,-,-,-,-,5149.0000,5148.0000,5146.8000,5144.6000,5142.4000,5151.0000,5151.2000,5152.0000,5152.4000,5152.6000,4,1,1,1,1,1,1,2,1,1
SF,IC2005,2020-04-08 09:31:42.000,5150.0000,6331,0,55618360.000,0,-,-,-,-,5149.0000,5148.0000,5146.8000,5144.6000,5142.4000,5151.0000,5151.2000,5152.0000,5152.4000,5152.6000,4,1,1,1,1,1,1,2,1,1
SF,IC2005,2020-04-08 09:31:42.500,5150.8000,6330,-1,56648520.000,1,0,1,双平,S,5149.0000,5148.0000,5146.8000,5144.6000,5142.4000,5150.8000,5151.0000,5152.0000,5152.4000,5152.6000,3,1,1,1,1,1,1,2,1,1
SF,IC2005,2020-04-08 09:31:43.000,5149.0000,6327,-3,59737920.000,3,0,3,双平,S,5148.0000,5146.8000,5144.6000,5142.4000,5142.0000,5150.6000,5150.8000,5152.0000,5152.4000,5152.6000,1,1,1,1,2,1,1,2,1,1
SF,IC2005,2020-04-08 09:31:43.500,5149.0000,6327,0,59737920.000,0,-,-,-,-,5148.0000,5146.8000,5144.6000,5142.4000,5142.0000,5150.4000,5150.6000,5152.0000,5152.4000,5152.6000,1,1,1,1,2,1,1,2,1,1
SF,IC2005,2020-04-08 09:31:44.000,5149.0000,6327,0,59737920.000,0,-,-,-,-,5148.2000,5148.0000,5146.8000,5144.6000,5142.4000,5150.0000,5150.4000,5150.6000,5152.0000,5152.4000,1,2,1,1,1,1,1,1,2,1
SF,IC2005,2020-04-08 09:31:44.500,5150.0000,6328,1,60767920.000,1,1,0,双开,S,5148.2000,5148.0000,5146.8000,5144.6000,5142.4000,5150.4000,5150.6000,5152.0000,5152.4000,5152.6000,1,2,1,1,1,1,1,2,1,1
SF,IC2005,2020-04-08 09:31:45.000,5150.4000,6327,-1,62828040.000,2,0,2,多平,S,5148.2000,5148.0000,5146.8000,5144.6000,5142.4000,5152.0000,5152.4000,5152.6000,5153.4000,5153.6000,1,2,1,1,1,2,1,1,1,1
SF,IC2005,2020-04-08 09:31:45.500,5150.4000,6327,0,62828040.000,0,-,-,-,-,5148.2000,5148.0000,5146.8000,5144.6000,5142.4000,5151.0000,5151.6000,5151.8000,5152.0000,5152.4000,1,2,1,1,1,2,2,1,1,1
SF,IC2005,2020-04-08 09:31:46.000,5150.4000,6327,0,62828040.000,0,-,-,-,-,5148.4000,5148.0000,5146.8000,5144.6000,5142.4000,5150.4000,5150.6000,5150.8000,5151.0000,5151.6000,1,1,1,1,1,1,1,1,1,2
SF,IC2005,2020-04-08 09:31:46.500,5148.4000,6327,0,63857720.000,1,0,1,多换,S,5148.0000,5146.8000,5144.6000,5142.4000,5142.0000,5149.2000,5149.8000,5150.0000,5150.2000,5150.4000,1,1,1,1,2,2,1,2,1,2
SF,IC2005,2020-04-08 09:31:47.000,5148.0000,6326,-1,64887320.000,1,0,1,双平,S,5146.8000,5144.6000,5142.4000,5142.0000,5140.0000,5149.0000,5150.0000,5150.4000,5150.6000,5151.0000,1,1,1,2,1,1,3,2,1,1
SF,IC2005,2020-04-08 09:31:47.500,5148.0000,6326,0,64887320.000,0,-,-,-,-,5146.8000,5142.4000,5142.0000,5140.0000,5138.8000,5148.6000,5148.8000,5149.0000,5149.2000,5150.0000,1,1,2,1,5,1,1,1,1,1
SF,IC2005,2020-04-08 09:31:48.000,5148.0000,6326,0,64887320.000,0,-,-,-,-,5142.4000,5142.0000,5140.0000,5138.8000,5131.8000,5148.6000,5148.8000,5149.0000,5149.2000,5150.0000,1,2,1,5,1,1,1,1,1,1
SF,IC2005,2020-04-08 09:31:48.500,5148.0000,6326,0,64887320.000,0,-,-,-,-,5143.6000,5143.0000,5142.6000,5142.4000,5142.0000,5148.4000,5148.6000,5148.8000,5149.2000,5150.0000,2,2,6,2,2,1,1,1,1,1
SF,IC2005,2020-04-08 09:31:49.000,5148.4000,6325,-1,66946640.000,2,0,2,多平,S,5143.8000,5143.6000,5143.0000,5142.6000,5142.4000,5148.6000,5148.8000,5149.2000,5150.0000,5150.4000,3,3,2,5,2,1,1,1,1,2
SF,IC2005,2020-04-08 09:31:49.500,5148.4000,6325,0,66946640.000,0,-,-,-,-,5144.0000,5143.8000,5143.6000,5143.0000,5142.6000,5148.4000,5148.6000,5148.8000,5149.2000,5150.0000,1,2,2,2,5,1,1,1,1,1
SF,IC2005,2020-04-08 09:31:50.000,5148.4000,6325,0,66946640.000,0,-,-,-,-,5144.6000,5144.2000,5144.0000,5143.6000,5143.0000,5148.4000,5148.6000,5148.8000,5149.2000,5150.0000,1,2,1,2,2,1,1,1,1,1
SF,IC2005,2020-04-08 09:31:50.500,5148.4000,6325,0,66946640.000,0,-,-,-,-,5145.0000,5144.8000,5144.6000,5144.2000,5144.0000,5148.4000,5148.6000,5148.8000,5149.2000,5150.0000,1,1,2,1,1,1,1,1,1,1
SF,IC2005,2020-04-08 09:31:51.000,5148.6000,6323,-2,69006040.000,2,0,2,双平,S,5145.2000,5145.0000,5144.6000,5144.2000,5144.0000,5148.8000,5149.2000,5150.0000,5150.4000,5150.6000,2,1,1,1,1,1,1,1,2,1
SF,IC2005,2020-04-08 09:31:51.500,5148.6000,6323,0,69006040.000,0,-,-,-,-,5145.2000,5145.0000,5144.6000,5144.2000,5143.6000,5148.6000,5148.8000,5149.2000,5150.0000,5150.4000,4,1,1,1,1,1,1,1,1,2
SF,IC2005,2020-04-08 09:31:52.000,5148.6000,6323,0,69006040.000,0,-,-,-,-,5145.2000,5145.0000,5144.6000,5144.2000,5143.6000,5148.0000,5148.6000,5148.8000,5149.2000,5150.0000,4,1,1,1,1,1,1,1,1,1
SF,IC2005,2020-04-08 09:31:52.500,5148.6000,6323,0,69006040.000,0,-,-,-,-,5145.2000,5145.0000,5144.6000,5144.2000,5143.6000,5148.4000,5148.6000,5148.8000,5149.2000,5150.0000,4,1,1,1,1,2,1,1,1,1
SF,IC2005,2020-04-08 09:31:53.000,5145.2000,6322,-1,70035080.000,1,0,1,双平,S,5145.2000,5145.0000,5144.6000,5144.2000,5143.6000,5148.2000,5148.4000,5148.8000,5149.2000,5150.0000,3,1,1,1,1,1,2,1,1,1
SF,IC2005,2020-04-08 09:31:53.500,5148.4000,6319,-3,73123440.000,3,0,3,双平,S,5145.2000,5145.0000,5144.6000,5144.2000,5143.6000,5148.2000,5148.8000,5149.2000,5150.0000,5150.4000,3,1,1,1,1,1,1,1,1,1
SF,IC2005,2020-04-08 09:31:54.000,5145.0000,6315,-4,79297640.000,6,1,5,多平,S,5144.2000,5143.0000,5142.6000,5142.4000,5142.0000,5148.2000,5148.8000,5149.2000,5150.0000,5150.4000,1,1,3,1,2,1,1,1,1,1
SF,IC2005,2020-04-08 09:31:54.500,5145.0000,6315,0,79297640.000,0,-,-,-,-,5144.6000,5144.4000,5144.2000,5142.6000,5142.4000,5147.8000,5148.0000,5148.2000,5148.8000,5149.2000,1,1,2,3,1,1,1,1,1,1
SF,IC2005,2020-04-08 09:31:55.000,5145.0000,6315,0,79297640.000,0,-,-,-,-,5145.4000,5144.8000,5144.2000,5142.6000,5142.4000,5147.8000,5148.8000,5149.2000,5150.0000,5150.4000,1,2,1,3,1,1,1,1,1,1
SF,IC2005,2020-04-08 09:31:55.500,5145.0000,6315,0,79297640.000,0,-,-,-,-,5144.8000,5144.2000,5142.6000,5142.4000,5142.0000,5147.8000,5148.4000,5148.8000,5149.2000,5150.0000,2,1,3,1,2,1,1,1,1,1
SF,IC2005,2020-04-08 09:31:56.000,5145.0000,6315,0,79297640.000,0,-,-,-,-,5144.8000,5144.2000,5142.6000,5142.4000,5142.0000,5147.6000,5147.8000,5148.4000,5148.8000,5149.2000,2,1,3,1,2,1,1,1,1,1
SF,IC2005,2020-04-08 09:31:56.500,5145.0000,6315,0,79297640.000,0,-,-,-,-,5144.8000,5144.2000,5142.6000,5142.4000,5142.0000,5147.4000,5147.6000,5148.4000,5148.8000,5149.2000,2,1,3,1,2,1,1,1,1,1
SF,IC2005,2020-04-08 09:31:57.000,5145.0000,6315,0,79297640.000,0,-,-,-,-,5144.8000,5144.2000,5142.6000,5142.4000,5142.0000,5147.2000,5147.4000,5148.4000,5148.8000,5149.2000,2,1,3,1,2,1,1,1,1,1
SF,IC2005,2020-04-08 09:31:57.500,5145.0000,6315,0,79297640.000,0,-,-,-,-,5144.8000,5142.6000,5142.4000,5142.0000,5140.0000,5147.2000,5147.4000,5148.4000,5148.8000,5149.2000,1,3,1,2,1,1,1,1,1,1
SF,IC2005,2020-04-08 09:31:58.000,5145.0000,6315,0,79297640.000,0,-,-,-,-,5144.8000,5142.6000,5142.4000,5142.0000,5140.0000,5147.0000,5147.2000,5148.4000,5148.8000,5149.2000,1,3,1,2,1,1,1,1,1,1
SF,IC2005,2020-04-08 09:32:00.000,5147.2000,6314,-1,81356480.000,2,0,2,多平,S,5147.6000,5145.0000,5144.8000,5142.6000,5142.4000,5148.4000,5148.8000,5149.2000,5149.8000,5150.0000,18,2,1,3,1,1,1,1,1,1
SF,IC2005,2020-04-08 09:32:00.500,5147.2000,6314,0,81356480.000,0,-,-,-,-,5147.6000,5145.0000,5144.8000,5144.6000,5142.6000,5148.4000,5149.2000,5149.8000,5150.0000,5150.4000,18,3,1,1,2,1,1,1,1,1
SF,IC2005,2020-04-08 09:32:01.000,5148.4000,6312,-2,83415640.000,2,0,2,双平,S,5147.6000,5147.0000,5145.4000,5145.0000,5144.8000,5149.2000,5149.8000,5150.0000,5150.4000,5150.6000,17,20,1,3,1,1,1,1,1,1
SF,IC2005,2020-04-08 09:32:01.500,5149.2000,6312,0,84445480.000,1,0,1,多换,S,5147.8000,5147.6000,5147.0000,5145.4000,5145.0000,5149.8000,5150.0000,5150.6000,5151.6000,5152.6000,1,17,20,1,3,1,1,1,1,1
SF,IC2005,2020-04-08 09:32:02.000,5148.0000,6312,0,86504680.000,2,1,1,多换,S,5147.8000,5147.6000,5147.0000,5145.4000,5145.0000,5150.6000,5151.6000,5152.6000,5155.8000,5157.8000,1,17,20,1,3,1,1,1,2,1
SF,IC2005,2020-04-08 09:32:02.500,5148.0000,6312,0,86504680.000,0,-,-,-,-,5147.8000,5147.6000,5147.0000,5145.4000,5145.0000,5151.6000,5152.6000,5155.8000,5157.8000,5158.0000,2,17,20,1,3,1,1,2,1,6
SF,IC2005,2020-04-08 09:32:03.000,5148.0000,6312,0,86504680.000,0,-,-,-,-,5147.6000,5147.0000,5145.4000,5145.0000,5144.8000,5149.4000,5150.0000,5150.2000,5150.4000,5151.0000,17,20,1,3,1,2,1,2,1,1
SF,IC2005,2020-04-08 09:32:03.500,5148.0000,6312,0,86504680.000,0,-,-,-,-,5147.8000,5147.6000,5147.0000,5145.4000,5145.0000,5151.0000,5151.4000,5152.6000,5153.0000,5155.8000,1,17,20,1,3,1,1,1,1,2
SF,IC2005,2020-04-08 09:32:04.000,5148.0000,6312,0,86504680.000,0,-,-,-,-,5148.0000,5147.8000,5147.6000,5147.0000,5145.0000,5150.8000,5151.0000,5152.6000,5153.0000,5155.8000,1,1,18,20,3,1,2,1,1,2
SF,IC2005,2020-04-08 09:32:04.500,5148.0000,6312,0,86504680.000,0,-,-,-,-,5148.0000,5147.6000,5147.0000,5145.0000,5144.8000,5150.4000,5150.8000,5151.0000,5152.6000,5153.0000,1,18,20,3,1,1,1,2,1,1
SF,IC2005,2020-04-08 09:32:05.000,5148.0000,6312,0,86504680.000,0,-,-,-,-,5148.0000,5147.6000,5147.0000,5145.0000,5144.8000,5150.2000,5150.4000,5152.6000,5153.0000,5155.8000,1,18,20,3,1,1,3,1,1,2
SF,IC2005,2020-04-08 09:32:05.500,5148.0000,6312,0,86504680.000,0,-,-,-,-,5147.6000,5147.0000,5145.0000,5144.8000,5144.6000,5150.2000,5150.4000,5152.6000,5153.0000,5155.8000,17,20,3,1,1,1,3,1,1,2
SF,IC2005,2020-04-08 09:32:06.000,5148.0000,6312,0,86504680.000,0,-,-,-,-,5147.6000,5147.0000,5145.0000,5144.8000,5144.6000,5149.8000,5150.0000,5150.2000,5150.4000,5152.6000,17,20,3,1,1,2,1,1,3,1
SF,IC2005,2020-04-08 09:32:06.500,5148.0000,6312,0,86504680.000,0,-,-,-,-,5147.8000,5147.6000,5147.0000,5145.0000,5144.8000,5149.8000,5150.0000,5150.2000,5150.4000,5152.6000,1,17,20,3,1,1,1,1,2,1
SF,IC2005,2020-04-08 09:32:07.000,5148.0000,6312,0,86504680.000,0,-,-,-,-,5148.0000,5147.8000,5147.6000,5147.0000,5145.0000,5150.2000,5150.4000,5152.6000,5153.0000,5155.8000,5,1,17,20,3,1,2,1,1,2
SF,IC2005,2020-04-08 09:32:07.500,5147.8000,6312,0,96800640.000,10,5,5,多换,S,5147.6000,5147.0000,5145.0000,5144.8000,5144.6000,5147.8000,5149.2000,5149.8000,5152.6000,5153.0000,17,20,3,1,1,5,1,1,1,1
SF,IC2005,2020-04-08 09:32:08.000,5147.8000,6307,-5,101948440.000,5,0,5,双平,S,5147.6000,5147.0000,5145.0000,5144.8000,5144.6000,5153.0000,5155.8000,5157.8000,5158.0000,5158.4000,17,20,3,1,1,1,2,1,6,5
SF,IC2005,2020-04-08 09:32:08.500,5147.8000,6307,0,101948440.000,0,-,-,-,-,5147.6000,5147.0000,5145.0000,5144.8000,5144.6000,5151.8000,5152.6000,5152.8000,5153.0000,5153.2000,17,20,3,1,1,2,1,1,1,1
SF,IC2005,2020-04-08 09:32:09.000,5147.8000,6307,0,101948440.000,0,-,-,-,-,5147.8000,5147.6000,5147.0000,5145.0000,5144.8000,5151.4000,5151.6000,5151.8000,5152.6000,5153.0000,1,17,20,3,1,2,1,1,1,1
SF,IC2005,2020-04-08 09:32:09.500,5147.8000,6307,0,101948440.000,0,-,-,-,-,5148.0000,5147.8000,5147.6000,5147.0000,5145.0000,5151.2000,5151.4000,5151.8000,5152.6000,5153.0000,1,1,17,20,3,2,1,1,1,1
SF,IC2005,2020-04-08 09:32:10.000,5147.8000,6307,0,101948440.000,0,-,-,-,-,5148.0000,5147.8000,5147.6000,5147.0000,5145.0000,5150.6000,5150.8000,5151.2000,5151.4000,5152.6000,2,1,17,20,3,1,1,3,1,1
SF,IC2005,2020-04-08 09:32:10.500,5147.8000,6307,0,101948440.000,0,-,-,-,-,5148.0000,5147.6000,5147.0000,5145.0000,5144.8000,5150.8000,5151.2000,5151.4000,5152.6000,5153.0000,1,17,20,3,1,1,3,1,1,1
SF,IC2005,2020-04-08 09:32:11.000,5147.8000,6307,0,101948440.000,0,-,-,-,-,5148.0000,5147.6000,5147.0000,5145.0000,5144.8000,5150.6000,5151.2000,5151.4000,5152.6000,5153.0000,1,17,20,3,1,1,2,1,1,1
SF,IC2005,2020-04-08 09:32:11.500,5147.8000,6307,0,101948440.000,0,-,-,-,-,5148.0000,5147.6000,5147.0000,5145.0000,5144.8000,5151.2000,5151.4000,5152.6000,5153.0000,5153.2000,1,17,20,3,1,2,1,1,1,2
SF,IC2005,2020-04-08 09:32:12.000,5147.8000,6307,0,101948440.000,0,-,-,-,-,5148.0000,5147.6000,5147.0000,5145.0000,5144.8000,5151.0000,5151.2000,5151.4000,5152.6000,5153.0000,1,17,20,3,1,1,2,1,1,1
SF,IC2005,2020-04-08 09:32:12.500,5147.8000,6307,0,101948440.000,0,-,-,-,-,5148.0000,5147.6000,5147.0000,5145.0000,5144.8000,5150.6000,5151.0000,5151.2000,5151.4000,5152.6000,1,17,20,3,1,1,1,2,1,1
SF,IC2005,2020-04-08 09:32:13.000,5147.8000,6307,0,101948440.000,0,-,-,-,-,5148.0000,5147.6000,5147.0000,5145.0000,5144.8000,5150.6000,5151.0000,5151.2000,5151.4000,5152.6000,1,17,20,3,1,2,1,2,1,1
SF,IC2005,2020-04-08 09:32:13.500,5147.8000,6307,0,101948440.000,0,-,-,-,-,5148.0000,5147.6000,5147.0000,5145.0000,5144.8000,5150.4000,5151.0000,5151.2000,5151.4000,5152.6000,1,17,20,3,1,1,1,2,1,1
SF,IC2005,2020-04-08 09:32:14.000,5147.8000,6307,0,101948440.000,0,-,-,-,-,5148.0000,5147.6000,5147.0000,5145.0000,5144.8000,5151.0000,5151.2000,5151.4000,5152.6000,5153.0000,2,17,20,3,1,1,2,1,1,1
SF,IC2005,2020-04-08 09:32:14.500,5147.8000,6307,0,101948440.000,0,-,-,-,-,5148.0000,5147.6000,5147.0000,5145.0000,5144.8000,5151.0000,5151.2000,5151.4000,5152.6000,5153.0000,1,17,20,3,1,1,2,1,1,1
SF,IC2005,2020-04-08 09:32:15.000,5148.0000,6307,0,102978040.000,1,0,1,多换,S,5147.6000,5147.0000,5145.0000,5144.8000,5144.6000,5148.0000,5151.0000,5151.2000,5151.4000,5152.6000,17,20,3,1,1,3,1,2,1,1
SF,IC2005,2020-04-08 09:32:15.500,5148.0000,6304,-3,106066840.000,3,0,3,双平,S,5147.6000,5147.0000,5145.0000,5144.8000,5144.6000,5151.0000,5151.2000,5151.4000,5152.6000,5153.0000,17,20,3,1,1,1,2,1,1,1
SF,IC2005,2020-04-08 09:32:16.000,5148.0000,6304,0,106066840.000,0,-,-,-,-,5148.0000,5147.6000,5147.0000,5145.0000,5144.8000,5150.8000,5151.0000,5151.2000,5151.4000,5152.6000,2,17,20,3,1,1,1,2,1,1
SF,IC2005,2020-04-08 09:32:16.500,5148.0000,6304,0,106066840.000,0,-,-,-,-,5148.2000,5148.0000,5147.6000,5147.0000,5145.0000,5150.8000,5151.2000,5152.6000,5153.0000,5153.2000,1,2,17,20,2,1,1,1,1,2
SF,IC2005,2020-04-08 09:32:17.000,5148.0000,6304,0,106066840.000,0,-,-,-,-,5148.2000,5148.0000,5147.6000,5147.0000,5145.0000,5150.8000,5151.2000,5152.6000,5153.0000,5153.2000,1,2,17,20,2,1,1,1,1,2
SF,IC2005,2020-04-08 09:32:17.500,5148.0000,6304,0,106066840.000,0,-,-,-,-,5148.4000,5148.2000,5147.6000,5147.0000,5145.0000,5151.2000,5152.6000,5153.0000,5153.2000,5153.4000,3,2,17,20,2,1,1,1,2,1
SF,IC2005,2020-04-08 09:32:18.000,5148.0000,6304,0,106066840.000,0,-,-,-,-,5148.4000,5148.2000,5147.6000,5147.0000,5145.0000,5152.6000,5153.0000,5153.2000,5153.4000,5153.6000,3,2,17,20,2,1,1,2,1,1
SF,IC2005,2020-04-08 09:32:18.500,5148.0000,6304,0,106066840.000,0,-,-,-,-,5148.8000,5148.4000,5148.2000,5147.6000,5147.0000,5152.4000,5152.6000,5153.0000,5153.2000,5153.4000,2,1,2,17,20,1,1,1,2,1
SF,IC2005,2020-04-08 09:32:19.000,5148.0000,6304,0,106066840.000,0,-,-,-,-,5149.0000,5148.8000,5148.2000,5147.6000,5147.0000,5152.4000,5152.6000,5153.0000,5153.2000,5153.4000,2,2,2,17,20,1,1,1,2,1
SF,IC2005,2020-04-08 09:32:19.500,5148.0000,6304,0,106066840.000,0,-,-,-,-,5149.0000,5148.8000,5148.2000,5147.6000,5147.0000,5152.6000,5153.0000,5153.2000,5153.4000,5153.6000,2,2,2,17,20,1,1,2,1,1
SF,IC2005,2020-04-08 09:32:20.000,5148.0000,6304,0,106066840.000,0,-,-,-,-,5149.2000,5149.0000,5148.2000,5147.6000,5147.0000,5152.4000,5153.2000,5153.4000,5155.8000,5157.8000,2,2,2,17,20,1,2,1,2,1
SF,IC2005,2020-04-08 09:32:20.500,5148.0000,6304,0,106066840.000,0,-,-,-,-,5149.2000,5149.0000,5148.2000,5147.6000,5147.0000,5152.4000,5153.2000,5153.4000,5155.8000,5156.4000,2,1,2,17,20,1,2,1,2,1
SF,IC2005,2020-04-08 09:32:22.500,5148.0000,6304,0,106066840.000,0,-,-,-,-,5149.2000,5149.0000,5148.2000,5148.0000,5147.6000,5152.4000,5153.2000,5153.4000,5155.8000,5156.4000,2,1,2,1,17,1,2,1,2,1
SF,IC2005,2020-04-08 09:32:23.000,5148.0000,6304,0,106066840.000,0,-,-,-,-,5149.4000,5149.2000,5148.2000,5148.0000,5147.6000,5152.4000,5153.2000,5153.4000,5155.8000,5156.4000,2,2,2,1,17,1,2,1,2,1
SF,IC2005,2020-04-08 09:32:23.500,5148.0000,6304,0,106066840.000,0,-,-,-,-,5149.4000,5149.2000,5148.2000,5148.0000,5147.6000,5152.4000,5153.2000,5155.8000,5156.4000,5157.8000,1,2,2,1,17,1,2,2,1,1
SF,IC2005,2020-04-08 09:32:24.000,5148.0000,6304,0,106066840.000,0,-,-,-,-,5149.6000,5149.4000,5148.2000,5148.0000,5147.6000,5152.4000,5153.2000,5155.8000,5156.4000,5157.8000,2,1,2,1,17,1,2,2,1,1
SF,IC2005,2020-04-08 09:32:24.500,5149.2000,6304,0,108126520.000,2,1,1,多换,S,5148.2000,5148.0000,5147.6000,5147.0000,5145.0000,5149.6000,5152.4000,5153.2000,5155.8000,5156.4000,2,1,17,20,2,3,1,2,2,1
SF,IC2005,2020-04-08 09:32:25.000,5149.6000,6301,-3,112245920.000,4,0,4,多平,S,5148.4000,5148.0000,5147.6000,5147.0000,5145.0000,5151.0000,5151.6000,5152.4000,5153.2000,5155.8000,1,1,17,20,2,4,2,2,2,2
SF,IC2005,2020-04-08 09:32:25.500,5149.6000,6301,0,112245920.000,0,-,-,-,-,5148.0000,5147.6000,5147.0000,5145.0000,5144.6000,5150.8000,5151.0000,5151.6000,5152.4000,5153.2000,1,17,20,2,1,1,4,2,1,2
SF,IC2005,2020-04-08 09:32:26.000,5149.6000,6301,0,112245920.000,0,-,-,-,-,5148.2000,5148.0000,5147.6000,5147.0000,5145.0000,5151.0000,5151.6000,5152.4000,5153.2000,5155.8000,2,1,17,20,2,4,2,1,2,2
SF,IC2005,2020-04-08 09:32:26.500,5149.6000,6301,0,112245920.000,0,-,-,-,-,5148.2000,5148.0000,5147.6000,5147.0000,5145.0000,5150.8000,5151.0000,5151.6000,5152.4000,5153.2000,1,1,17,20,2,1,4,2,1,2
SF,IC2005,2020-04-08 09:32:27.000,5149.6000,6301,0,112245920.000,0,-,-,-,-,5148.0000,5147.6000,5147.0000,5145.0000,5144.6000,5150.8000,5151.0000,5151.6000,5152.4000,5153.2000,1,17,20,2,1,1,4,2,1,2
SF,IC2005,2020-04-08 09:32:27.500,5149.6000,6301,0,112245920.000,0,-,-,-,-,5148.2000,5148.0000,5147.6000,5147.0000,5145.0000,5150.8000,5151.0000,5151.6000,5152.4000,5153.2000,1,1,17,20,2,1,4,2,1,2
SF,IC2005,2020-04-08 09:32:28.500,5149.6000,6301,0,112245920.000,0,-,-,-,-,5148.2000,5148.0000,5147.6000,5147.0000,5145.0000,5150.8000,5151.0000,5151.6000,5152.4000,5153.2000,1,2,17,20,2,1,4,2,1,2
SF,IC2005,2020-04-08 09:32:29.000,5149.6000,6301,0,112245920.000,0,-,-,-,-,5148.2000,5148.0000,5147.6000,5147.0000,5145.0000,5150.6000,5150.8000,5151.0000,5152.4000,5153.2000,1,2,17,20,2,1,1,4,1,2
SF,IC2005,2020-04-08 09:32:29.500,5149.6000,6301,0,112245920.000,0,-,-,-,-,5148.2000,5148.0000,5147.6000,5147.0000,5145.0000,5150.6000,5150.8000,5151.0000,5152.4000,5153.2000,1,1,17,20,2,1,1,4,1,2
SF,IC2005,2020-04-08 09:32:31.500,5149.6000,6301,0,112245920.000,0,-,-,-,-,5148.2000,5148.0000,5147.6000,5147.0000,5145.0000,5150.8000,5151.0000,5152.4000,5153.2000,5155.8000,1,1,17,20,2,1,4,1,2,2
SF,IC2005,2020-04-08 09:32:32.000,5149.6000,6301,0,112245920.000,0,-,-,-,-,5148.6000,5148.4000,5148.2000,5148.0000,5147.6000,5151.0000,5152.4000,5153.2000,5155.8000,5156.4000,1,1,1,2,17,4,1,2,2,1
SF,IC2005,2020-04-08 09:32:32.500,5149.6000,6301,0,112245920.000,0,-,-,-,-,5148.8000,5148.6000,5148.4000,5148.0000,5147.6000,5151.0000,5152.4000,5153.2000,5155.8000,5156.4000,1,1,1,2,17,4,1,2,2,1
SF,IC2005,2020-04-08 09:32:33.000,5149.6000,6301,0,112245920.000,0,-,-,-,-,5148.8000,5148.6000,5148.4000,5148.0000,5147.6000,5151.0000,5153.2000,5155.8000,5156.4000,5157.8000,1,1,1,2,17,4,2,2,1,1
SF,IC2005,2020-04-08 09:32:34.000,5148.8000,6301,0,113275680.000,1,0,1,多换,S,5148.6000,5148.4000,5148.0000,5147.6000,5147.0000,5148.8000,5151.0000,5153.2000,5155.8000,5156.4000,1,1,2,17,20,9,4,2,2,1
SF,IC2005,2020-04-08 09:32:34.500,5148.8000,6302,1,121513760.000,8,4,4,空开,S,5148.6000,5148.4000,5148.0000,5147.6000,5147.0000,5148.8000,5151.0000,5153.2000,5155.8000,5156.4000,1,1,2,17,20,1,4,2,2,1
SF,IC2005,2020-04-08 09:32:35.000,5148.0000,6299,-3,126662280.000,5,1,4,多平,S,5148.0000,5147.6000,5147.0000,5145.0000,5144.6000,5151.0000,5153.2000,5155.8000,5156.4000,5157.8000,1,17,20,2,1,4,2,2,1,1
SF,IC2005,2020-04-08 09:32:35.500,5148.0000,6299,0,126662280.000,0,-,-,-,-,5148.0000,5147.6000,5147.0000,5145.0000,5144.6000,5150.8000,5151.0000,5153.2000,5155.8000,5156.4000,1,17,20,2,1,1,4,2,2,1
SF,IC2005,2020-04-08 09:32:36.000,5148.0000,6299,0,126662280.000,0,-,-,-,-,5147.6000,5147.0000,5145.0000,5144.6000,5142.6000,5150.4000,5150.8000,5151.0000,5153.2000,5155.8000,17,20,2,1,1,1,1,4,2,2
SF,IC2005,2020-04-08 09:32:36.500,5148.0000,6299,0,126662280.000,0,-,-,-,-,5147.6000,5147.0000,5145.0000,5144.6000,5142.6000,5150.0000,5150.2000,5151.0000,5153.2000,5155.8000,17,20,2,1,1,2,1,4,2,2
SF,IC2005,2020-04-08 09:32:37.000,5148.0000,6299,0,126662280.000,0,-,-,-,-,5147.6000,5147.0000,5145.0000,5144.6000,5142.6000,5149.8000,5151.0000,5153.2000,5155.8000,5156.4000,17,20,2,1,1,1,4,2,2,1
SF,IC2005,2020-04-08 09:32:37.500,5148.0000,6299,0,126662280.000,0,-,-,-,-,5147.6000,5147.0000,5145.0000,5144.6000,5142.6000,5149.6000,5149.8000,5151.0000,5153.2000,5155.8000,17,20,2,1,1,2,1,4,2,2
SF,IC2005,2020-04-08 09:32:39.000,5148.0000,6299,0,126662280.000,0,-,-,-,-,5147.6000,5147.0000,5145.0000,5144.6000,5142.6000,5149.6000,5149.8000,5151.0000,5153.0000,5153.2000,17,20,2,1,1,2,1,4,1,2
SF,IC2005,2020-04-08 09:32:39.500,5148.0000,6299,0,126662280.000,0,-,-,-,-,5148.0000,5147.6000,5147.0000,5145.0000,5144.6000,5149.6000,5149.8000,5151.0000,5153.0000,5153.2000,1,17,20,2,1,2,1,4,1,2
SF,IC2005,2020-04-08 09:32:40.000,5148.0000,6299,0,126662280.000,0,-,-,-,-,5147.6000,5147.0000,5145.0000,5144.6000,5142.6000,5149.8000,5151.0000,5153.0000,5153.2000,5155.8000,17,20,2,1,1,1,4,1,2,2
SF,IC2005,2020-04-08 09:32:40.500,5147.6000,6295,-4,130780360.000,4,0,4,双平,S,5147.6000,5147.0000,5145.0000,5144.6000,5142.6000,5149.8000,5151.0000,5153.0000,5153.2000,5155.8000,13,20,2,1,1,1,4,1,2,2
SF,IC2005,2020-04-08 09:32:41.000,5147.6000,6295,0,130780360.000,0,-,-,-,-,5147.6000,5147.0000,5145.0000,5144.6000,5142.6000,5149.6000,5149.8000,5151.0000,5153.0000,5153.2000,13,20,2,1,1,1,1,4,1,2
SF,IC2005,2020-04-08 09:32:41.500,5147.6000,6295,0,130780360.000,0,-,-,-,-,5147.6000,5147.0000,5145.0000,5144.6000,5142.6000,5149.6000,5149.8000,5151.0000,5153.0000,5153.2000,13,20,2,1,1,1,1,4,1,2
SF,IC2005,2020-04-08 09:32:42.000,5147.6000,6294,-1,131809880.000,1,0,1,双平,S,5147.6000,5147.0000,5145.0000,5144.6000,5142.6000,5149.4000,5149.6000,5151.0000,5153.0000,5153.2000,12,20,2,1,1,1,1,4,2,2
SF,IC2005,2020-04-08 09:32:42.500,5147.6000,6288,-6,137987000.000,6,0,6,双平,S,5147.6000,5147.0000,5145.0000,5144.6000,5142.6000,5148.4000,5149.4000,5151.0000,5153.0000,5153.2000,6,20,2,1,1,2,1,4,2,2
SF,IC2005,2020-04-08 09:32:43.000,5147.6000,6285,-3,141075560.000,3,0,3,双平,S,5147.6000,5147.0000,5145.0000,5144.6000,5142.6000,5149.0000,5149.2000,5149.4000,5151.0000,5153.0000,3,20,2,1,1,2,1,1,4,2
SF,IC2005,2020-04-08 09:32:43.500,5147.6000,6285,0,141075560.000,0,-,-,-,-,5147.6000,5147.0000,5145.0000,5144.6000,5142.6000,5149.0000,5149.2000,5149.4000,5151.0000,5153.0000,3,20,2,1,1,2,1,1,4,2
SF,IC2005,2020-04-08 09:32:44.000,5147.6000,6285,0,141075560.000,0,-,-,-,-,5147.6000,5147.0000,5145.0000,5144.6000,5142.6000,5148.2000,5148.8000,5149.2000,5149.4000,5151.0000,3,20,2,1,1,2,1,1,1,4
SF,IC2005,2020-04-08 09:32:44.500,5147.6000,6282,-3,144164120.000,3,0,3,双平,S,5147.0000,5145.0000,5144.6000,5142.6000,5142.4000,5148.8000,5149.4000,5151.0000,5153.0000,5153.2000,20,2,1,1,1,1,1,4,2,2
SF,IC2005,2020-04-08 09:32:45.000,5147.6000,6282,0,144164120.000,0,-,-,-,-,5147.0000,5145.0000,5144.6000,5142.6000,5142.4000,5147.4000,5148.2000,5148.6000,5151.0000,5153.0000,20,2,1,1,1,2,1,1,4,2
SF,IC2005,2020-04-08 09:32:45.500,5147.0000,6276,-6,150340680.000,6,0,6,双平,S,5147.0000,5145.0000,5144.6000,5142.6000,5142.4000,5148.2000,5148.4000,5151.0000,5153.0000,5153.2000,16,2,1,1,1,1,1,4,2,2
SF,IC2005,2020-04-08 09:32:46.000,5147.0000,6276,0,150340680.000,0,-,-,-,-,5147.0000,5145.0000,5144.6000,5142.6000,5142.4000,5148.4000,5151.0000,5153.0000,5153.2000,5155.8000,16,2,1,1,1,1,4,2,2,2
SF,IC2005,2020-04-08 09:32:47.500,5147.0000,6276,0,150340680.000,0,-,-,-,-,5147.0000,5145.0000,5144.6000,5142.6000,5142.4000,5148.4000,5150.8000,5151.0000,5153.0000,5153.2000,16,2,1,1,1,1,1,4,2,2
SF,IC2005,2020-04-08 09:32:48.500,5148.4000,6276,0,151370360.000,1,0,1,多换,S,5147.0000,5145.0000,5144.6000,5142.6000,5142.4000,5147.6000,5150.8000,5151.0000,5153.0000,5153.2000,16,2,1,1,1,3,1,4,2,2
SF,IC2005,2020-04-08 09:32:49.000,5147.6000,6273,-3,154458920.000,3,0,3,双平,S,5148.2000,5147.8000,5147.6000,5147.0000,5145.0000,5150.8000,5151.0000,5153.0000,5153.2000,5155.8000,1,1,1,16,2,1,4,2,2,2
SF,IC2005,2020-04-08 09:32:49.500,5147.6000,6273,0,154458920.000,0,-,-,-,-,5148.2000,5147.8000,5147.6000,5147.2000,5147.0000,5150.4000,5150.6000,5150.8000,5151.0000,5153.0000,1,1,1,2,16,1,1,1,4,2
SF,IC2005,2020-04-08 09:32:50.000,5147.6000,6273,0,154458920.000,0,-,-,-,-,5148.2000,5147.8000,5147.6000,5147.0000,5145.0000,5150.2000,5150.4000,5151.0000,5153.0000,5153.2000,1,1,1,16,2,1,1,4,1,2
SF,IC2005,2020-04-08 09:32:50.500,5147.6000,6273,0,154458920.000,0,-,-,-,-,5148.2000,5147.8000,5147.6000,5147.0000,5145.0000,5150.2000,5151.0000,5153.0000,5153.2000,5155.8000,1,1,1,16,2,1,4,1,2,2
SF,IC2005,2020-04-08 09:32:51.000,5147.6000,6273,0,154458920.000,0,-,-,-,-,5148.2000,5147.8000,5147.6000,5147.0000,5145.0000,5150.2000,5151.0000,5153.0000,5153.2000,5155.8000,1,1,1,16,2,1,4,1,2,2
SF,IC2005,2020-04-08 09:32:51.500,5148.2000,6272,-1,155488560.000,1,0,1,双平,S,5147.8000,5147.6000,5147.0000,5145.0000,5144.6000,5149.8000,5150.2000,5151.0000,5151.2000,5153.0000,1,1,16,2,1,1,1,4,1,1
SF,IC2005,2020-04-08 09:32:52.000,5148.2000,6272,0,155488560.000,0,-,-,-,-,5147.8000,5147.6000,5147.0000,5145.0000,5144.6000,5149.0000,5149.6000,5149.8000,5150.4000,5151.0000,1,1,16,2,1,1,2,3,1,4
SF,IC2005,2020-04-08 09:32:52.500,5148.2000,6272,0,155488560.000,0,-,-,-,-,5147.8000,5147.6000,5147.0000,5145.0000,5144.6000,5149.6000,5149.8000,5151.0000,5151.2000,5153.0000,1,1,16,2,1,2,2,4,1,1
SF,IC2005,2020-04-08 09:32:53.000,5148.2000,6272,0,155488560.000,0,-,-,-,-,5147.8000,5147.6000,5147.0000,5145.0000,5144.6000,5149.6000,5149.8000,5151.0000,5151.2000,5153.0000,1,1,16,2,1,2,1,4,1,1
SF,IC2005,2020-04-08 09:32:53.500,5148.2000,6272,0,155488560.000,0,-,-,-,-,5147.8000,5147.6000,5147.0000,5145.0000,5144.6000,5149.6000,5151.0000,5151.2000,5153.0000,5153.2000,1,1,16,2,1,1,4,1,1,2
SF,IC2005,2020-04-08 09:32:54.000,5148.2000,6272,0,155488560.000,0,-,-,-,-,5147.8000,5147.6000,5147.0000,5145.0000,5144.6000,5151.0000,5151.2000,5153.0000,5153.2000,5155.8000,1,1,16,2,1,4,1,1,2,2
SF,IC2005,2020-04-08 09:32:54.500,5148.2000,6272,0,155488560.000,0,-,-,-,-,5147.8000,5147.6000,5147.0000,5145.0000,5144.6000,5150.0000,5150.6000,5150.8000,5151.0000,5151.2000,1,1,16,2,1,1,2,1,4,1
SF,IC2005,2020-04-08 09:32:55.000,5148.2000,6272,0,155488560.000,0,-,-,-,-,5147.8000,5147.6000,5147.0000,5145.0000,5144.6000,5150.6000,5150.8000,5151.0000,5151.2000,5153.0000,1,1,16,2,1,2,1,4,1,1
SF,IC2005,2020-04-08 09:32:55.500,5148.2000,6272,0,155488560.000,0,-,-,-,-,5148.0000,5147.8000,5147.6000,5147.0000,5145.0000,5149.4000,5150.0000,5150.2000,5150.4000,5150.6000,1,1,1,16,2,1,1,1,2,1
SF,IC2005,2020-04-08 09:32:56.000,5148.2000,6272,0,155488560.000,0,-,-,-,-,5147.8000,5147.6000,5147.0000,5145.0000,5144.6000,5150.4000,5150.6000,5151.0000,5151.2000,5153.0000,1,1,16,2,1,1,2,4,1,1
SF,IC2005,2020-04-08 09:32:58.500,5148.2000,6272,0,155488560.000,0,-,-,-,-,5148.0000,5147.8000,5147.6000,5147.0000,5145.0000,5150.4000,5150.6000,5151.0000,5153.0000,5153.2000,1,1,1,16,2,1,2,4,1,2
SF,IC2005,2020-04-08 09:32:59.000,5148.2000,6272,0,155488560.000,0,-,-,-,-,5147.8000,5147.6000,5147.0000,5145.0000,5144.6000,5150.4000,5150.6000,5151.0000,5153.0000,5153.2000,1,1,16,2,1,1,1,4,1,2
SF,IC2005,2020-04-08 09:32:59.500,5148.2000,6272,0,155488560.000,0,-,-,-,-,5148.0000,5147.8000,5147.6000,5147.0000,5145.0000,5150.4000,5150.6000,5151.0000,5153.0000,5153.2000,1,1,1,16,2,1,1,4,1,2
SF,IC2005,2020-04-08 09:33:00.000,5148.2000,6272,0,155488560.000,0,-,-,-,-,5148.0000,5147.8000,5147.6000,5147.0000,5145.0000,5150.4000,5151.0000,5153.0000,5153.2000,5154.2000,1,1,1,16,2,1,4,1,2,1
SF,IC2005,2020-04-08 09:33:01.000,5147.8000,6272,0,157547720.000,2,1,1,多换,S,5147.6000,5147.0000,5145.0000,5144.6000,5142.6000,5147.8000,5150.4000,5151.0000,5153.0000,5153.2000,1,16,2,1,1,2,1,4,1,2
SF,IC2005,2020-04-08 09:33:01.500,5147.8000,6272,0,159606840.000,2,1,1,多换,S,5149.2000,5148.0000,5147.8000,5147.0000,5145.0000,5150.4000,5151.0000,5153.2000,5154.2000,5155.8000,1,1,1,16,2,1,4,2,1,2
SF,IC2005,2020-04-08 09:33:02.000,5149.2000,6271,-1,160636680.000,1,0,1,双平,S,5147.0000,5145.0000,5144.6000,5142.6000,5142.4000,5150.4000,5151.0000,5153.2000,5154.2000,5155.8000,16,2,1,1,1,1,4,2,1,2
SF,IC2005,2020-04-08 09:33:02.500,5149.2000,6271,0,160636680.000,0,-,-,-,-,5147.0000,5145.0000,5144.6000,5142.6000,5142.4000,5150.4000,5151.0000,5153.2000,5154.2000,5155.8000,16,2,1,1,1,1,4,2,1,2
SF,IC2005,2020-04-08 09:33:03.000,5149.2000,6271,0,160636680.000,0,-,-,-,-,5148.4000,5147.0000,5145.0000,5144.6000,5142.6000,5150.4000,5151.0000,5153.2000,5154.2000,5155.8000,1,16,2,1,1,1,4,2,1,2
SF,IC2005,2020-04-08 09:33:03.500,5148.4000,6271,0,161666360.000,1,0,1,多换,S,5147.0000,5145.0000,5144.6000,5142.6000,5142.4000,5150.2000,5150.4000,5151.0000,5153.0000,5153.2000,16,2,1,1,1,1,2,4,1,2
SF,IC2005,2020-04-08 09:33:04.000,5148.4000,6271,0,161666360.000,0,-,-,-,-,5147.0000,5145.0000,5144.6000,5142.6000,5142.4000,5150.0000,5150.2000,5150.4000,5151.0000,5153.0000,16,2,1,1,1,1,1,1,4,1
SF,IC2005,2020-04-08 09:33:04.500,5148.4000,6271,0,161666360.000,0,-,-,-,-,5147.0000,5145.0000,5144.6000,5142.6000,5142.4000,5149.2000,5149.8000,5150.0000,5150.2000,5150.4000,16,2,1,1,1,1,2,1,1,2
SF,IC2005,2020-04-08 09:33:05.000,5148.4000,6271,0,161666360.000,0,-,-,-,-,5147.0000,5145.0000,5144.6000,5142.6000,5142.4000,5149.8000,5150.0000,5150.4000,5151.0000,5153.0000,16,2,1,1,1,1,1,1,4,1
SF,IC2005,2020-04-08 09:33:05.500,5148.4000,6271,0,161666360.000,0,-,-,-,-,5147.0000,5145.0000,5144.6000,5142.6000,5142.4000,5149.6000,5150.4000,5151.0000,5153.0000,5153.2000,16,2,1,1,1,1,1,4,1,2
SF,IC2005,2020-04-08 09:33:06.000,5148.4000,6271,0,161666360.000,0,-,-,-,-,5147.0000,5145.0000,5144.6000,5142.6000,5142.4000,5149.0000,5149.2000,5149.6000,5149.8000,5151.0000,16,2,1,1,1,1,1,2,1,4
SF,IC2005,2020-04-08 09:33:06.500,5148.4000,6271,0,161666360.000,0,-,-,-,-,5147.0000,5145.0000,5144.6000,5142.6000,5142.4000,5149.2000,5149.6000,5149.8000,5151.0000,5153.0000,16,2,1,1,1,1,2,1,4,1
SF,IC2005,2020-04-08 09:33:07.000,5148.4000,6271,0,161666360.000,0,-,-,-,-,5147.0000,5145.0000,5144.6000,5142.6000,5142.4000,5148.8000,5149.0000,5149.2000,5149.8000,5151.0000,16,2,1,1,1,1,1,1,1,4
SF,IC2005,2020-04-08 09:33:07.500,5148.4000,6271,0,161666360.000,0,-,-,-,-,5147.0000,5145.0000,5144.6000,5142.6000,5142.4000,5148.8000,5149.0000,5149.8000,5151.0000,5153.0000,16,2,1,1,1,1,1,1,4,1
SF,IC2005,2020-04-08 09:33:08.000,5148.4000,6271,0,161666360.000,0,-,-,-,-,5147.0000,5145.0000,5144.6000,5142.6000,5142.4000,5148.4000,5148.8000,5149.0000,5149.8000,5151.0000,16,2,1,1,1,1,1,1,1,4
SF,IC2005,2020-04-08 09:33:08.500,5148.4000,6271,0,161666360.000,0,-,-,-,-,5147.0000,5145.0000,5144.6000,5142.6000,5142.4000,5148.4000,5148.8000,5149.0000,5149.8000,5151.0000,16,2,1,1,1,1,1,1,1,4
SF,IC2005,2020-04-08 09:33:09.000,5147.0000,6267,-4,165783960.000,4,0,4,双平,S,5147.0000,5145.0000,5144.6000,5142.6000,5142.4000,5148.4000,5149.0000,5149.8000,5151.0000,5153.0000,12,2,1,1,1,1,1,1,4,1
SF,IC2005,2020-04-08 09:33:09.500,5147.0000,6267,0,165783960.000,0,-,-,-,-,5147.0000,5145.0000,5144.6000,5142.6000,5142.4000,5147.4000,5148.2000,5148.4000,5149.8000,5151.0000,12,2,1,1,1,1,2,1,1,4
SF,IC2005,2020-04-08 09:33:10.000,5147.0000,6259,-8,174019200.000,8,0,8,双平,S,5147.0000,5145.0000,5142.6000,5142.4000,5142.0000,5147.4000,5148.2000,5148.4000,5151.0000,5153.0000,5,2,1,1,2,1,2,2,4,1
SF,IC2005,2020-04-08 09:33:10.500,5147.0000,6252,-7,181225000.000,7,0,7,双平,S,5145.0000,5142.6000,5142.4000,5142.0000,5140.0000,5146.8000,5148.2000,5148.4000,5151.0000,5153.0000,2,1,1,2,1,1,1,1,4,1
SF,IC2005,2020-04-08 09:33:11.000,5147.0000,6252,0,181225000.000,0,-,-,-,-,5145.0000,5142.6000,5142.4000,5142.0000,5140.0000,5148.2000,5148.4000,5151.0000,5153.0000,5153.2000,2,1,1,2,1,1,1,4,1,2
SF,IC2005,2020-04-08 09:33:11.500,5147.0000,6252,0,181225000.000,0,-,-,-,-,5145.0000,5142.6000,5142.4000,5142.0000,5140.0000,5147.4000,5148.0000,5148.2000,5148.4000,5151.0000,2,1,1,2,1,2,1,1,1,4
SF,IC2005,2020-04-08 09:33:12.000,5147.0000,6252,0,181225000.000,0,-,-,-,-,5145.0000,5142.6000,5142.4000,5142.0000,5140.0000,5147.2000,5147.4000,5148.2000,5148.4000,5151.0000,2,1,1,2,1,1,1,1,1,4
SF,IC2005,2020-04-08 09:33:12.500,5147.0000,6252,0,181225000.000,0,-,-,-,-,5145.0000,5142.6000,5142.4000,5142.0000,5140.0000,5147.2000,5147.4000,5148.4000,5151.0000,5153.0000,2,1,1,2,1,1,1,1,4,1
SF,IC2005,2020-04-08 09:33:13.000,5145.0000,6251,-1,182254000.000,1,0,1,双平,S,5145.2000,5145.0000,5142.6000,5142.4000,5142.0000,5147.0000,5147.2000,5147.4000,5148.4000,5151.0000,1,1,1,1,2,1,1,1,1,4
SF,IC2005,2020-04-08 09:33:13.500,5147.0000,6248,-3,186370800.000,4,0,4,多平,S,5142.4000,5142.0000,5140.0000,5138.8000,5131.8000,5147.0000,5150.4000,5151.0000,5153.0000,5153.2000,1,2,1,5,1,1,5,4,1,2
SF,IC2005,2020-04-08 09:33:14.000,5147.0000,6248,0,186370800.000,0,-,-,-,-,5143.6000,5142.6000,5142.4000,5142.0000,5140.0000,5146.0000,5146.2000,5146.6000,5146.8000,5147.0000,1,1,1,2,1,1,1,1,1,1
SF,IC2005,2020-04-08 09:33:14.500,5147.0000,6248,0,186370800.000,0,-,-,-,-,5142.6000,5142.4000,5142.0000,5140.0000,5133.0000,5145.8000,5146.0000,5146.4000,5146.6000,5150.4000,1,1,2,1,5,1,1,1,1,5
SF,IC2005,2020-04-08 09:33:15.000,5147.0000,6248,0,186370800.000,0,-,-,-,-,5142.6000,5142.4000,5142.0000,5140.0000,5133.0000,5145.8000,5146.0000,5146.4000,5146.6000,5150.4000,1,1,2,1,5,1,1,1,1,5
SF,IC2005,2020-04-08 09:33:15.500,5147.0000,6248,0,186370800.000,0,-,-,-,-,5142.6000,5142.4000,5142.0000,5140.0000,5133.0000,5145.6000,5145.8000,5146.0000,5146.4000,5146.6000,1,1,2,1,5,1,1,1,1,2
SF,IC2005,2020-04-08 09:33:16.000,5147.0000,6248,0,188429600.000,2,1,1,多换,S,5142.6000,5142.4000,5142.0000,5140.0000,5133.0000,5146.6000,5147.0000,5150.4000,5151.0000,5153.0000,1,1,2,1,5,2,1,5,4,1
SF,IC2005,2020-04-08 09:33:16.500,5145.8000,6247,-1,189458760.000,1,0,1,双平,S,5142.6000,5142.4000,5142.0000,5140.0000,5133.0000,5147.0000,5150.4000,5151.0000,5153.0000,5153.2000,2,1,2,1,5,1,5,4,1,1
SF,IC2005,2020-04-08 09:33:17.000,5145.8000,6247,0,189458760.000,0,-,-,-,-,5143.2000,5142.8000,5142.6000,5142.4000,5142.0000,5146.8000,5147.0000,5150.4000,5151.0000,5153.0000,1,1,2,1,2,1,1,5,4,1
SF,IC2005,2020-04-08 09:33:17.500,5145.8000,6247,0,189458760.000,0,-,-,-,-,5143.4000,5143.2000,5142.8000,5142.6000,5142.4000,5146.8000,5147.0000,5150.4000,5151.0000,5153.0000,1,2,2,1,1,1,1,5,4,1
SF,IC2005,2020-04-08 09:33:18.000,5147.0000,6246,-1,191517520.000,2,0,2,多平,S,5143.4000,5143.2000,5142.8000,5142.6000,5142.4000,5150.4000,5151.0000,5153.0000,5153.2000,5154.2000,1,1,1,1,1,5,4,1,1,1
SF,IC2005,2020-04-08 09:33:18.500,5147.0000,6246,0,191517520.000,0,-,-,-,-,5143.8000,5143.4000,5143.2000,5142.6000,5142.4000,5147.0000,5148.2000,5148.8000,5149.0000,5149.2000,1,1,1,1,1,1,2,1,1,1
SF,IC2005,2020-04-08 09:33:19.000,5147.0000,6246,0,191517520.000,0,-,-,-,-,5144.0000,5143.8000,5143.2000,5142.6000,5142.4000,5146.8000,5147.2000,5148.0000,5148.2000,5148.8000,1,1,1,1,1,1,1,1,1,1
SF,IC2005,2020-04-08 09:33:19.500,5147.0000,6246,0,191517520.000,0,-,-,-,-,5144.2000,5144.0000,5143.2000,5142.6000,5142.4000,5146.8000,5147.2000,5148.0000,5148.2000,5148.8000,1,1,1,1,1,1,1,1,2,1
SF,IC2005,2020-04-08 09:33:20.000,5144.2000,6247,1,192546360.000,1,1,0,双开,S,5144.0000,5143.2000,5142.6000,5142.4000,5142.0000,5146.4000,5146.6000,5146.8000,5147.2000,5148.0000,1,1,1,1,2,1,1,1,1,1
SF,IC2005,2020-04-08 09:33:20.500,5144.2000,6247,0,192546360.000,0,-,-,-,-,5143.2000,5142.6000,5142.4000,5142.0000,5140.0000,5146.2000,5146.6000,5148.0000,5148.2000,5148.8000,1,1,1,2,1,1,2,1,2,1
SF,IC2005,2020-04-08 09:33:21.000,5144.2000,6247,0,192546360.000,0,-,-,-,-,5143.4000,5143.2000,5142.6000,5142.4000,5142.0000,5146.2000,5146.6000,5148.0000,5148.2000,5148.8000,1,1,1,1,2,1,3,1,1,1
SF,IC2005,2020-04-08 09:33:21.500,5144.2000,6247,0,192546360.000,0,-,-,-,-,5143.6000,5143.4000,5143.2000,5142.6000,5142.4000,5146.0000,5146.2000,5146.6000,5148.0000,5148.2000,1,1,1,1,1,1,1,2,1,1
SF,IC2005,2020-04-08 09:33:22.000,5143.6000,6247,0,193575080.000,1,0,1,多换,S,5143.2000,5142.6000,5142.4000,5142.0000,5140.0000,5145.8000,5146.0000,5146.6000,5148.0000,5148.2000,1,1,1,2,1,1,1,2,1,1
SF,IC2005,2020-04-08 09:33:22.500,5143.2000,6247,0,194603720.000,1,0,1,多换,S,5142.4000,5142.0000,5140.0000,5133.0000,5131.8000,5144.4000,5145.4000,5145.8000,5146.0000,5146.6000,1,2,1,5,1,1,2,2,2,2
SF,IC2005,2020-04-08 09:33:23.000,5143.2000,6247,0,194603720.000,0,-,-,-,-,5142.4000,5142.0000,5140.0000,5133.0000,5131.8000,5143.2000,5144.4000,5145.4000,5145.8000,5146.0000,1,2,1,5,1,1,1,2,2,2
SF,IC2005,2020-04-08 09:33:23.500,5143.2000,6246,-1,195632360.000,1,0,1,双平,S,5143.2000,5142.4000,5142.0000,5140.0000,5133.0000,5144.4000,5145.4000,5145.8000,5146.0000,5146.6000,1,1,2,1,5,1,2,2,1,1
SF,IC2005,2020-04-08 09:33:24.000,5143.2000,6246,0,195632360.000,0,-,-,-,-,5143.2000,5142.4000,5142.0000,5140.0000,5133.0000,5143.8000,5144.0000,5144.2000,5144.6000,5145.4000,1,1,2,1,5,2,1,1,2,1
SF,IC2005,2020-04-08 09:33:24.500,5143.2000,6246,0,195632360.000,0,-,-,-,-,5143.2000,5142.4000,5142.0000,5140.0000,5133.0000,5143.6000,5144.2000,5145.4000,5145.8000,5146.0000,1,1,2,1,5,1,1,1,1,1
SF,IC2005,2020-04-08 09:33:25.000,5143.2000,6246,0,195632360.000,0,-,-,-,-,5142.4000,5142.0000,5140.0000,5133.0000,5131.8000,5144.2000,5145.4000,5145.8000,5146.0000,5148.0000,1,2,1,5,1,1,1,1,1,1
SF,IC2005,2020-04-08 09:33:25.500,5143.2000,6246,0,195632360.000,0,-,-,-,-,5142.4000,5142.0000,5140.0000,5133.0000,5131.8000,5144.2000,5145.4000,5145.8000,5146.0000,5148.0000,1,2,1,5,1,2,1,1,1,1
SF,IC2005,2020-04-08 09:33:26.000,5143.2000,6246,0,195632360.000,0,-,-,-,-,5142.4000,5142.0000,5140.0000,5133.0000,5131.8000,5144.0000,5144.2000,5145.4000,5145.8000,5146.0000,1,2,1,5,1,1,2,1,1,1
SF,IC2005,2020-04-08 09:33:26.500,5143.2000,6246,0,195632360.000,0,-,-,-,-,5142.4000,5142.0000,5140.0000,5133.0000,5131.8000,5143.4000,5143.8000,5144.0000,5145.4000,5145.8000,1,2,1,5,1,1,2,1,1,1
SF,IC2005,2020-04-08 09:33:27.000,5142.0000,6244,-2,198717640.000,3,0,3,多平,S,5140.0000,5133.0000,5131.8000,5130.0000,5125.0000,5142.4000,5142.6000,5143.0000,5143.2000,5143.6000,1,5,1,3,1,1,1,1,1,1
SF,IC2005,2020-04-08 09:33:27.500,5142.0000,6244,0,198717640.000,0,-,-,-,-,5140.2000,5140.0000,5133.0000,5131.8000,5130.0000,5141.4000,5142.6000,5143.2000,5143.6000,5143.8000,1,1,5,1,3,1,1,2,1,2
SF,IC2005,2020-04-08 09:33:28.000,5142.0000,6244,0,198717640.000,0,-,-,-,-,5140.0000,5133.0000,5131.8000,5130.0000,5125.0000,5141.4000,5142.0000,5142.6000,5143.2000,5143.6000,1,5,1,3,1,1,1,1,2,1
SF,IC2005,2020-04-08 09:33:28.500,5142.0000,6244,0,198717640.000,0,-,-,-,-,5140.0000,5133.0000,5131.8000,5130.0000,5125.0000,5141.4000,5142.0000,5142.6000,5143.2000,5143.6000,1,5,1,3,1,1,1,1,1,1
SF,IC2005,2020-04-08 09:33:29.000,5142.0000,6244,0,198717640.000,0,-,-,-,-,5140.0000,5133.0000,5131.8000,5130.0000,5125.0000,5141.2000,5141.4000,5142.0000,5143.6000,5143.8000,1,5,1,3,1,1,2,1,1,2
SF,IC2005,2020-04-08 09:33:29.500,5142.0000,6244,0,198717640.000,0,-,-,-,-,5140.0000,5133.0000,5131.8000,5130.0000,5125.0000,5141.2000,5141.4000,5142.0000,5143.6000,5143.8000,1,5,1,3,1,1,1,1,1,2
SF,IC2005,2020-04-08 09:33:30.000,5142.0000,6244,0,198717640.000,0,-,-,-,-,5140.0000,5131.8000,5130.0000,5127.2000,5125.0000,5140.2000,5141.2000,5141.4000,5142.0000,5143.6000,1,1,3,5,1,1,1,1,1,1
SF,IC2005,2020-04-08 09:33:30.500,5140.0000,6243,-1,199745640.000,1,0,1,双平,S,5131.8000,5130.0000,5127.2000,5125.0000,5122.2000,5140.2000,5140.6000,5141.2000,5142.0000,5143.6000,1,3,5,1,1,1,1,1,1,1
SF,IC2005,2020-04-08 09:33:31.000,5140.0000,6243,0,199745640.000,0,-,-,-,-,5137.6000,5137.0000,5136.6000,5135.4000,5134.8000,5139.2000,5140.2000,5140.6000,5142.0000,5143.6000,1,1,2,2,2,1,1,1,1,1
SF,IC2005,2020-04-08 09:33:31.500,5140.2000,6242,-1,201801520.000,2,0,2,多平,S,5139.8000,5139.2000,5137.8000,5137.6000,5137.0000,5142.0000,5143.6000,5143.8000,5145.4000,5146.0000,2,2,1,2,1,1,1,2,1,1
SF,IC2005,2020-04-08 09:33:32.000,5140.2000,6242,0,201801520.000,0,-,-,-,-,5139.8000,5138.2000,5137.8000,5137.6000,5137.0000,5141.8000,5142.0000,5143.6000,5143.8000,5145.4000,2,1,1,2,1,1,2,1,1,1
SF,IC2005,2020-04-08 09:33:32.500,5140.2000,6242,0,201801520.000,0,-,-,-,-,5138.2000,5137.8000,5137.6000,5136.6000,5135.4000,5141.2000,5141.8000,5142.0000,5143.6000,5145.4000,1,1,2,2,2,1,2,1,1,1
SF,IC2005,2020-04-08 09:33:33.000,5140.2000,6242,0,201801520.000,0,-,-,-,-,5138.4000,5138.2000,5137.6000,5136.6000,5135.4000,5141.2000,5141.4000,5141.8000,5142.0000,5143.6000,1,1,2,2,2,1,1,1,1,1
SF,IC2005,2020-04-08 09:33:33.500,5140.2000,6242,0,201801520.000,0,-,-,-,-,5138.4000,5137.6000,5136.6000,5135.4000,5134.8000,5139.8000,5140.6000,5140.8000,5141.0000,5141.4000,1,1,2,2,1,1,1,1,3,1
SF,IC2005,2020-04-08 09:33:34.000,5139.8000,6242,0,202829480.000,1,0,1,多换,S,5140.6000,5139.8000,5138.4000,5137.6000,5136.6000,5140.8000,5141.4000,5142.0000,5146.0000,5148.2000,1,1,1,1,2,1,1,1,1,1
SF,IC2005,2020-04-08 09:33:34.500,5140.8000,6242,0,203857640.000,1,0,1,多换,S,5141.0000,5140.8000,5140.6000,5138.4000,5137.6000,5142.0000,5146.0000,5148.2000,5149.2000,5150.0000,2,1,1,2,1,1,1,1,1,1
SF,IC2005,2020-04-08 09:33:35.000,5140.8000,6241,-1,204885800.000,1,0,1,双平,S,5140.6000,5138.4000,5137.6000,5136.6000,5135.4000,5142.0000,5146.0000,5148.2000,5149.2000,5150.0000,1,2,1,2,2,1,1,1,1,1
SF,IC2005,2020-04-08 09:33:35.500,5140.6000,6240,-1,205913920.000,1,0,1,双平,S,5138.4000,5137.6000,5136.6000,5135.4000,5134.8000,5142.0000,5146.0000,5148.2000,5149.2000,5150.0000,2,1,2,2,1,1,1,1,1,1
SF,IC2005,2020-04-08 09:33:36.000,5140.6000,6240,0,205913920.000,0,-,-,-,-,5139.2000,5138.4000,5137.6000,5136.6000,5135.4000,5142.0000,5146.0000,5148.2000,5149.2000,5150.0000,1,2,1,2,2,1,1,1,1,1
SF,IC2005,2020-04-08 09:33:36.500,5140.6000,6240,0,205913920.000,0,-,-,-,-,5139.4000,5139.2000,5138.4000,5137.6000,5136.6000,5142.0000,5146.0000,5148.2000,5149.2000,5150.0000,1,1,1,1,2,2,1,1,1,1
SF,IC2005,2020-04-08 09:33:37.500,5140.6000,6240,0,205913920.000,0,-,-,-,-,5139.4000,5139.2000,5138.4000,5137.6000,5136.6000,5146.0000,5148.2000,5149.2000,5150.0000,5150.4000,1,1,1,1,2,1,1,1,1,6
SF,IC2005,2020-04-08 09:33:38.000,5140.6000,6240,0,205913920.000,0,-,-,-,-,5139.4000,5138.4000,5137.6000,5136.6000,5135.4000,5143.8000,5144.0000,5144.2000,5144.4000,5144.6000,1,1,1,2,2,1,1,2,1,1
SF,IC2005,2020-04-08 09:33:38.500,5140.6000,6240,0,205913920.000,0,-,-,-,-,5140.0000,5139.4000,5138.4000,5137.6000,5136.6000,5143.4000,5143.6000,5143.8000,5144.2000,5144.6000,2,1,1,1,2,1,4,2,2,1
SF,IC2005,2020-04-08 09:33:39.000,5140.6000,6240,0,205913920.000,0,-,-,-,-,5140.2000,5140.0000,5138.4000,5137.6000,5136.6000,5143.6000,5143.8000,5144.6000,5146.0000,5148.2000,1,3,1,1,2,1,2,1,1,1
SF,IC2005,2020-04-08 09:33:39.500,5140.6000,6240,0,205913920.000,0,-,-,-,-,5140.2000,5140.0000,5138.4000,5137.6000,5136.6000,5143.8000,5144.6000,5146.0000,5148.2000,5149.2000,1,3,1,1,2,1,1,1,1,1
SF,IC2005,2020-04-08 09:33:40.000,5140.6000,6240,0,205913920.000,0,-,-,-,-,5140.2000,5140.0000,5138.4000,5137.6000,5136.6000,5143.6000,5143.8000,5146.0000,5148.2000,5149.2000,1,3,1,1,2,1,1,1,1,1
SF,IC2005,2020-04-08 09:33:40.500,5140.6000,6240,0,205913920.000,0,-,-,-,-,5140.2000,5140.0000,5138.4000,5137.6000,5136.6000,5143.6000,5143.8000,5146.0000,5148.2000,5149.2000,1,2,1,1,2,1,1,1,1,1
SF,IC2005,2020-04-08 09:33:41.000,5140.6000,6240,0,205913920.000,0,-,-,-,-,5140.4000,5140.2000,5140.0000,5138.4000,5137.6000,5143.6000,5143.8000,5146.0000,5148.2000,5149.2000,1,1,2,1,1,1,1,1,1,1
SF,IC2005,2020-04-08 09:33:41.500,5140.6000,6240,0,205913920.000,0,-,-,-,-,5140.6000,5140.4000,5140.0000,5138.4000,5137.6000,5143.6000,5143.8000,5146.0000,5148.2000,5149.2000,1,1,2,1,1,1,1,1,1,1
SF,IC2005,2020-04-08 09:33:42.500,5140.6000,6240,0,205913920.000,0,-,-,-,-,5140.6000,5140.4000,5140.0000,5138.4000,5137.6000,5143.4000,5143.6000,5143.8000,5146.0000,5148.2000,1,1,2,1,1,1,1,1,1,1
SF,IC2005,2020-04-08 09:33:43.000,5140.6000,6240,0,205913920.000,0,-,-,-,-,5140.6000,5140.4000,5140.0000,5138.4000,5137.6000,5143.2000,5143.8000,5146.0000,5148.2000,5149.2000,1,1,2,1,1,1,1,1,1,1
SF,IC2005,2020-04-08 09:33:43.500,5140.6000,6240,0,205913920.000,0,-,-,-,-,5140.6000,5140.4000,5140.0000,5138.4000,5137.6000,5143.0000,5143.2000,5143.8000,5146.0000,5148.2000,1,1,2,1,1,1,2,1,1,1
SF,IC2005,2020-04-08 09:33:44.000,5143.2000,6241,1,206942560.000,1,1,0,双开,S,5140.6000,5140.4000,5140.0000,5138.4000,5137.6000,5143.8000,5146.0000,5148.2000,5149.2000,5150.4000,1,1,2,1,1,1,1,1,1,5
SF,IC2005,2020-04-08 09:33:44.500,5143.2000,6241,0,206942560.000,0,-,-,-,-,5140.8000,5140.6000,5140.0000,5138.4000,5137.6000,5143.6000,5143.8000,5146.0000,5148.2000,5149.2000,1,1,2,1,1,1,1,1,1,1
SF,IC2005,2020-04-08 09:33:45.000,5143.2000,6241,0,206942560.000,0,-,-,-,-,5141.0000,5140.8000,5140.0000,5138.4000,5137.6000,5143.6000,5143.8000,5146.0000,5148.2000,5149.2000,1,1,2,1,1,1,1,1,1,1
SF,IC2005,2020-04-08 09:33:45.500,5140.0000,6237,-4,211054920.000,4,0,4,双平,S,5138.4000,5137.6000,5136.6000,5135.4000,5134.8000,5143.6000,5143.8000,5146.0000,5148.2000,5149.2000,1,1,2,2,1,1,1,1,1,1
SF,IC2005,2020-04-08 09:33:46.000,5140.0000,6237,0,211054920.000,0,-,-,-,-,5140.2000,5139.2000,5138.8000,5138.6000,5138.4000,5143.6000,5143.8000,5146.0000,5148.2000,5149.2000,1,1,2,2,1,1,1,1,1,1
SF,IC2005,2020-04-08 09:33:46.500,5140.0000,6237,0,211054920.000,0,-,-,-,-,5140.4000,5140.2000,5139.2000,5138.8000,5138.6000,5143.6000,5143.8000,5146.0000,5148.2000,5149.2000,1,1,1,2,1,1,1,1,1,1
SF,IC2005,2020-04-08 09:33:47.500,5140.0000,6237,0,211054920.000,0,-,-,-,-,5140.4000,5140.2000,5139.2000,5138.8000,5138.4000,5143.6000,5143.8000,5146.0000,5148.2000,5149.2000,1,1,1,1,1,1,1,1,1,1
SF,IC2005,2020-04-08 09:33:48.000,5140.0000,6237,0,211054920.000,0,-,-,-,-,5140.2000,5139.2000,5138.8000,5138.4000,5137.6000,5143.6000,5143.8000,5146.0000,5148.2000,5149.2000,1,1,1,1,1,1,1,1,1,1
SF,IC2005,2020-04-08 09:33:48.500,5140.0000,6237,0,211054920.000,0,-,-,-,-,5140.4000,5140.2000,5139.2000,5138.8000,5138.4000,5143.4000,5143.6000,5143.8000,5146.0000,5148.2000,1,1,1,1,1,1,1,1,1,1
SF,IC2005,2020-04-08 09:33:49.000,5140.0000,6237,0,211054920.000,0,-,-,-,-,5140.4000,5140.2000,5139.2000,5138.8000,5138.4000,5143.2000,5143.8000,5146.0000,5148.2000,5149.2000,1,1,1,1,1,1,1,1,1,1
SF,IC2005,2020-04-08 09:33:49.500,5143.2000,6236,-1,212083560.000,1,0,1,双平,S,5140.4000,5140.2000,5139.2000,5138.8000,5138.4000,5143.8000,5146.0000,5148.2000,5149.2000,5150.4000,1,1,1,1,1,1,1,1,1,5
SF,IC2005,2020-04-08 09:33:50.000,5143.2000,6236,0,212083560.000,0,-,-,-,-,5140.4000,5140.2000,5139.2000,5138.8000,5138.4000,5143.2000,5143.6000,5143.8000,5146.0000,5148.2000,1,1,1,1,1,1,1,1,1,1
SF,IC2005,2020-04-08 09:33:50.500,5143.2000,6236,0,212083560.000,0,-,-,-,-,5140.4000,5140.2000,5139.2000,5138.4000,5137.6000,5143.0000,5143.2000,5143.8000,5146.0000,5148.2000,1,1,1,1,1,2,1,1,1,1
SF,IC2005,2020-04-08 09:33:51.000,5143.2000,6236,0,212083560.000,0,-,-,-,-,5140.4000,5139.2000,5138.4000,5137.6000,5136.6000,5143.0000,5143.2000,5143.8000,5146.0000,5148.2000,1,1,1,1,2,1,1,1,1,1
SF,IC2005,2020-04-08 09:33:52.500,5143.2000,6236,0,212083560.000,0,-,-,-,-,5140.4000,5139.2000,5138.4000,5137.6000,5136.6000,5143.0000,5143.2000,5143.8000,5146.0000,5148.2000,1,1,1,1,2,1,1,1,1,1
SF,IC2005,2020-04-08 09:33:53.000,5143.2000,6236,0,212083560.000,0,-,-,-,-,5140.4000,5139.2000,5138.4000,5137.6000,5136.6000,5143.0000,5143.2000,5143.8000,5146.0000,5148.2000,1,1,1,1,2,1,1,1,1,1
SF,IC2005,2020-04-08 09:33:53.500,5143.2000,6236,0,212083560.000,0,-,-,-,-,5139.2000,5138.4000,5137.6000,5136.6000,5135.4000,5142.8000,5143.0000,5143.2000,5143.8000,5146.0000,1,1,1,2,1,2,1,1,1,1
SF,IC2005,2020-04-08 09:33:54.000,5143.2000,6236,0,212083560.000,0,-,-,-,-,5139.4000,5139.2000,5138.4000,5137.6000,5136.6000,5142.6000,5142.8000,5143.2000,5143.8000,5146.0000,1,1,1,1,2,1,2,1,1,1
SF,IC2005,2020-04-08 09:33:54.500,5143.2000,6236,0,212083560.000,0,-,-,-,-,5139.4000,5139.2000,5138.4000,5137.6000,5136.6000,5142.6000,5142.8000,5143.2000,5143.8000,5146.0000,2,1,1,1,2,1,2,1,1,1
SF,IC2005,2020-04-08 09:33:55.000,5143.2000,6236,0,212083560.000,0,-,-,-,-,5139.6000,5139.4000,5139.2000,5138.4000,5137.6000,5142.8000,5143.2000,5143.8000,5146.0000,5148.2000,1,2,1,1,1,1,1,1,1,1
SF,IC2005,2020-04-08 09:33:55.500,5143.2000,6236,0,212083560.000,0,-,-,-,-,5140.0000,5139.8000,5139.6000,5139.2000,5138.4000,5143.2000,5143.8000,5148.2000,5149.2000,5150.4000,1,2,1,1,1,1,1,1,1,5
SF,IC2005,2020-04-08 09:33:56.000,5143.2000,6236,0,213112200.000,1,0,1,多换,S,5142.8000,5140.2000,5140.0000,5139.8000,5139.6000,5148.2000,5149.2000,5150.4000,5157.8000,5158.0000,1,1,1,1,1,1,1,5,1,6
SF,IC2005,2020-04-08 09:33:56.500,5143.2000,6236,0,213112200.000,0,-,-,-,-,5142.8000,5140.0000,5139.8000,5139.6000,5139.2000,5144.0000,5145.0000,5145.4000,5145.6000,5146.2000,1,1,1,1,1,1,1,1,1,1
SF,IC2005,2020-04-08 09:33:57.000,5143.2000,6236,0,213112200.000,0,-,-,-,-,5142.8000,5140.0000,5139.8000,5139.6000,5138.4000,5146.2000,5146.6000,5146.8000,5147.2000,5147.6000,1,1,1,1,1,1,1,1,1,2
SF,IC2005,2020-04-08 09:33:57.500,5143.2000,6236,0,213112200.000,0,-,-,-,-,5142.8000,5140.0000,5139.6000,5138.4000,5137.6000,5144.4000,5146.0000,5146.2000,5146.6000,5146.8000,1,1,1,1,1,1,2,1,1,1
SF,IC2005,2020-04-08 09:33:58.000,5142.8000,6236,0,214140760.000,1,0,1,多换,S,5140.0000,5139.6000,5138.4000,5138.0000,5137.6000,5144.2000,5144.6000,5146.0000,5146.2000,5146.6000,1,1,1,9,1,1,1,1,1,1
SF,IC2005,2020-04-08 09:33:58.500,5144.2000,6235,-1,215169600.000,1,0,1,双平,S,5142.6000,5140.8000,5140.2000,5139.6000,5138.4000,5146.0000,5146.6000,5146.8000,5147.2000,5148.0000,1,1,1,1,1,1,1,1,1,2
SF,IC2005,2020-04-08 09:33:59.000,5144.2000,6235,0,215169600.000,0,-,-,-,-,5144.2000,5141.4000,5140.8000,5140.2000,5139.6000,5145.8000,5146.0000,5146.6000,5146.8000,5147.2000,1,1,3,2,1,1,1,1,1,1
SF,IC2005,2020-04-08 09:33:59.500,5144.2000,6235,0,216198440.000,1,0,1,多换,S,5141.4000,5140.8000,5140.2000,5139.6000,5138.4000,5144.6000,5145.6000,5145.8000,5147.2000,5148.0000,1,3,2,1,1,1,1,1,1,2
SF,IC2005,2020-04-08 09:34:00.000,5144.2000,6235,0,216198440.000,0,-,-,-,-,5141.6000,5141.4000,5140.8000,5139.6000,5138.4000,5145.6000,5145.8000,5147.2000,5148.0000,5148.2000,1,2,3,1,1,1,1,1,2,1
SF,IC2005,2020-04-08 09:34:00.500,5144.2000,6235,0,216198440.000,0,-,-,-,-,5141.6000,5141.4000,5140.8000,5139.6000,5138.4000,5145.4000,5145.6000,5147.2000,5148.0000,5148.2000,2,2,3,1,1,2,1,1,2,1
SF,IC2005,2020-04-08 09:34:01.000,5144.2000,6235,0,216198440.000,0,-,-,-,-,5142.2000,5141.6000,5141.4000,5140.8000,5139.6000,5145.6000,5147.2000,5148.0000,5148.2000,5149.2000,1,2,1,3,1,1,1,2,1,1
SF,IC2005,2020-04-08 09:34:01.500,5145.6000,6234,-1,217227560.000,1,0,1,双平,S,5142.4000,5142.2000,5141.6000,5141.4000,5140.8000,5147.2000,5148.0000,5148.2000,5149.2000,5150.4000,1,1,1,2,3,1,1,1,1,5
SF,IC2005,2020-04-08 09:34:02.000,5145.6000,6234,0,217227560.000,0,-,-,-,-,5143.0000,5142.4000,5141.6000,5141.4000,5140.8000,5147.0000,5147.2000,5148.0000,5148.2000,5149.2000,1,2,1,2,3,1,1,1,1,1
SF,IC2005,2020-04-08 09:34:02.500,5145.6000,6234,0,217227560.000,0,-,-,-,-,5144.0000,5143.6000,5143.2000,5141.6000,5141.4000,5148.2000,5149.2000,5156.2000,5157.8000,5158.0000,1,1,2,1,1,1,1,5,1,6
SF,IC2005,2020-04-08 09:34:03.000,5145.6000,6234,0,217227560.000,0,-,-,-,-,5144.6000,5144.2000,5143.6000,5143.2000,5141.6000,5148.0000,5148.2000,5149.2000,5156.2000,5157.8000,1,1,1,2,1,1,1,1,5,1
SF,IC2005,2020-04-08 09:34:03.500,5145.6000,6234,0,217227560.000,0,-,-,-,-,5144.8000,5144.6000,5143.6000,5143.2000,5141.6000,5148.0000,5148.2000,5149.2000,5156.2000,5157.8000,1,1,1,2,1,1,1,1,5,1
SF,IC2005,2020-04-08 09:34:04.000,5145.6000,6234,0,217227560.000,0,-,-,-,-,5144.8000,5144.6000,5143.6000,5143.2000,5141.6000,5148.0000,5148.2000,5149.2000,5156.2000,5157.8000,1,1,1,2,1,1,1,1,5,1
SF,IC2005,2020-04-08 09:34:04.500,5145.6000,6234,0,217227560.000,0,-,-,-,-,5144.8000,5144.6000,5143.6000,5143.2000,5141.6000,5148.0000,5148.2000,5149.2000,5156.2000,5157.8000,1,1,1,2,1,1,1,1,5,1
SF,IC2005,2020-04-08 09:34:05.000,5145.6000,6234,0,217227560.000,0,-,-,-,-,5144.8000,5144.6000,5143.6000,5143.2000,5141.6000,5148.2000,5149.2000,5156.2000,5157.8000,5158.0000,1,1,1,2,1,1,1,5,1,6
SF,IC2005,2020-04-08 09:34:05.500,5145.6000,6234,0,217227560.000,0,-,-,-,-,5144.8000,5144.6000,5143.6000,5143.2000,5141.6000,5148.0000,5148.2000,5149.2000,5156.2000,5157.8000,1,1,1,2,1,1,1,1,5,1
SF,IC2005,2020-04-08 09:34:06.000,5145.6000,6234,0,217227560.000,0,-,-,-,-,5144.8000,5144.6000,5143.6000,5143.2000,5141.6000,5148.0000,5148.2000,5149.2000,5156.2000,5157.8000,1,1,1,2,1,1,1,1,5,1
SF,IC2005,2020-04-08 09:34:06.500,5145.6000,6234,0,217227560.000,0,-,-,-,-,5144.8000,5144.6000,5143.6000,5143.2000,5141.6000,5148.0000,5148.2000,5149.2000,5156.2000,5157.8000,1,1,1,2,1,1,1,1,5,1
SF,IC2005,2020-04-08 09:34:07.000,5145.6000,6234,0,217227560.000,0,-,-,-,-,5144.8000,5144.6000,5143.6000,5143.2000,5141.6000,5148.0000,5148.2000,5149.2000,5156.2000,5157.8000,1,1,1,2,1,1,1,1,5,1
SF,IC2005,2020-04-08 09:34:07.500,5145.6000,6234,0,217227560.000,0,-,-,-,-,5144.8000,5144.6000,5143.6000,5143.2000,5141.6000,5147.8000,5148.0000,5148.2000,5149.2000,5156.2000,1,1,1,2,1,1,1,1,1,5
SF,IC2005,2020-04-08 09:34:08.000,5147.8000,6234,0,218257120.000,1,0,1,多换,S,5148.0000,5147.8000,5146.2000,5145.0000,5144.8000,5148.2000,5156.2000,5157.8000,5158.0000,5158.4000,1,1,1,1,1,1,5,1,6,5
SF,IC2005,2020-04-08 09:34:08.500,5148.2000,6233,-1,219286760.000,1,0,1,双平,S,5146.2000,5145.0000,5144.8000,5143.6000,5143.2000,5156.2000,5157.8000,5158.0000,5158.4000,5159.4000,1,1,1,1,1,5,1,6,5,1
SF,IC2005,2020-04-08 09:34:09.000,5148.2000,6233,0,219286760.000,0,-,-,-,-,5148.2000,5146.4000,5146.2000,5145.0000,5143.2000,5149.4000,5150.4000,5150.8000,5151.0000,5151.4000,1,1,1,1,1,1,2,1,1,1
SF,IC2005,2020-04-08 09:34:09.500,5148.2000,6234,1,220316400.000,1,1,0,双开,S,5146.4000,5145.0000,5143.2000,5141.6000,5141.4000,5149.0000,5150.4000,5151.0000,5151.8000,5152.0000,1,1,1,1,1,1,2,1,2,1
SF,IC2005,2020-04-08 09:34:10.000,5148.2000,6234,0,220316400.000,0,-,-,-,-,5146.4000,5145.0000,5143.2000,5141.6000,5141.4000,5149.0000,5150.4000,5151.0000,5151.8000,5152.0000,1,1,1,1,1,1,1,1,2,1
SF,IC2005,2020-04-08 09:34:10.500,5148.2000,6234,0,220316400.000,0,-,-,-,-,5146.4000,5145.0000,5143.2000,5141.6000,5141.4000,5149.0000,5150.4000,5151.0000,5151.8000,5152.0000,1,1,1,1,1,1,1,1,2,1
SF,IC2005,2020-04-08 09:34:11.000,5148.2000,6234,0,220316400.000,0,-,-,-,-,5146.4000,5145.0000,5143.2000,5141.6000,5141.4000,5150.4000,5151.0000,5151.8000,5152.0000,5152.2000,1,1,1,1,1,1,1,2,1,1
SF,IC2005,2020-04-08 09:34:11.500,5148.2000,6234,0,220316400.000,0,-,-,-,-,5146.4000,5145.0000,5143.2000,5141.6000,5141.4000,5150.2000,5150.4000,5151.0000,5151.8000,5152.0000,1,1,1,1,1,1,1,1,2,1
SF,IC2005,2020-04-08 09:34:12.000,5150.0000,6234,0,221346400.000,1,0,1,多换,S,5147.0000,5146.4000,5145.0000,5143.2000,5141.6000,5150.2000,5151.8000,5152.0000,5152.2000,5152.4000,1,1,1,1,1,1,2,1,1,1
SF,IC2005,2020-04-08 09:34:12.500,5150.0000,6234,0,221346400.000,0,-,-,-,-,5147.6000,5147.2000,5145.0000,5143.2000,5141.6000,5151.8000,5152.0000,5152.2000,5152.4000,5153.2000,1,1,1,1,1,2,1,1,1,1
SF,IC2005,2020-04-08 09:34:13.000,5150.0000,6234,0,221346400.000,0,-,-,-,-,5147.8000,5147.6000,5145.0000,5143.2000,5141.6000,5149.6000,5149.8000,5150.4000,5151.0000,5151.4000,1,1,1,1,1,1,1,1,1,1
SF,IC2005,2020-04-08 09:34:13.500,5150.0000,6234,0,221346400.000,0,-,-,-,-,5147.8000,5147.6000,5145.0000,5143.2000,5141.6000,5150.6000,5151.4000,5151.6000,5151.8000,5152.2000,1,1,1,1,1,1,1,2,1,1
SF,IC2005,2020-04-08 09:34:14.000,5147.6000,6233,-1,223405480.000,2,0,2,多平,S,5145.0000,5140.8000,5140.0000,5139.6000,5138.4000,5149.2000,5150.4000,5150.6000,5151.4000,5151.8000,1,1,2,1,1,2,3,2,1,1
SF,IC2005,2020-04-08 09:34:14.500,5147.6000,6233,0,223405480.000,0,-,-,-,-,5145.8000,5145.0000,5140.8000,5140.0000,5139.6000,5149.0000,5149.2000,5150.0000,5150.4000,5150.6000,1,2,1,2,1,2,3,1,2,2
SF,IC2005,2020-04-08 09:34:15.000,5147.6000,6233,0,223405480.000,0,-,-,-,-,5145.0000,5140.8000,5140.0000,5139.6000,5138.4000,5147.2000,5148.6000,5149.0000,5149.2000,5150.0000,1,1,2,1,1,1,1,2,3,1
SF,IC2005,2020-04-08 09:34:15.500,5147.6000,6233,0,223405480.000,0,-,-,-,-,5145.0000,5140.8000,5140.0000,5139.6000,5138.4000,5148.6000,5149.0000,5149.2000,5149.6000,5150.0000,1,1,2,1,1,1,1,3,1,1
SF,IC2005,2020-04-08 09:34:16.000,5147.6000,6233,0,223405480.000,0,-,-,-,-,5140.8000,5140.0000,5139.6000,5138.0000,5133.0000,5148.4000,5148.6000,5149.2000,5149.6000,5150.0000,1,2,1,9,5,3,2,3,1,1
SF,IC2005,2020-04-08 09:34:16.500,5147.6000,6233,0,223405480.000,0,-,-,-,-,5144.0000,5143.6000,5141.4000,5141.0000,5140.8000,5148.0000,5148.2000,5148.4000,5148.6000,5149.2000,1,2,3,7,5,1,1,2,2,3
SF,IC2005,2020-04-08 09:34:17.000,5147.6000,6233,0,223405480.000,0,-,-,-,-,5144.2000,5144.0000,5143.6000,5141.4000,5141.0000,5147.8000,5148.0000,5148.4000,5148.6000,5149.2000,1,1,2,3,4,1,2,1,2,3
SF,IC2005,2020-04-08 09:34:18.000,5147.6000,6233,0,223405480.000,0,-,-,-,-,5144.2000,5144.0000,5143.6000,5141.4000,5141.0000,5147.8000,5148.0000,5148.4000,5148.6000,5149.2000,1,1,2,3,4,1,2,1,2,2
SF,IC2005,2020-04-08 09:34:18.500,5147.6000,6233,0,223405480.000,0,-,-,-,-,5144.8000,5144.2000,5143.6000,5141.4000,5141.0000,5148.0000,5148.4000,5148.6000,5149.2000,5149.6000,1,1,2,3,4,2,1,2,2,1
SF,IC2005,2020-04-08 09:34:19.000,5147.6000,6233,0,223405480.000,0,-,-,-,-,5145.0000,5144.8000,5144.4000,5143.6000,5141.4000,5148.0000,5148.6000,5149.2000,5149.6000,5150.0000,1,1,1,2,3,1,2,2,1,1
SF,IC2005,2020-04-08 09:34:20.000,5147.6000,6233,0,223405480.000,0,-,-,-,-,5145.0000,5144.8000,5144.4000,5143.6000,5141.4000,5148.0000,5148.6000,5149.2000,5149.6000,5150.0000,1,1,1,2,3,1,2,2,1,1
SF,IC2005,2020-04-08 09:34:20.500,5145.0000,6232,-1,224434480.000,1,0,1,双平,S,5144.8000,5144.4000,5143.6000,5141.4000,5141.0000,5145.0000,5147.8000,5148.0000,5148.6000,5149.2000,1,1,2,3,4,3,1,1,2,2
SF,IC2005,2020-04-08 09:34:21.000,5145.0000,6229,-3,227521480.000,3,0,3,双平,S,5145.6000,5145.4000,5145.0000,5144.8000,5144.4000,5148.0000,5148.6000,5149.2000,5149.6000,5150.0000,2,2,1,1,1,1,2,2,1,1
SF,IC2005,2020-04-08 09:34:21.500,5145.0000,6229,0,227521480.000,0,-,-,-,-,5145.4000,5144.8000,5144.4000,5144.0000,5143.6000,5147.8000,5148.0000,5148.6000,5149.2000,5149.6000,2,1,1,1,2,1,1,2,2,1
SF,IC2005,2020-04-08 09:34:22.000,5145.0000,6229,0,227521480.000,0,-,-,-,-,5144.8000,5144.4000,5144.0000,5143.6000,5141.4000,5147.4000,5147.6000,5147.8000,5148.0000,5148.6000,1,1,1,2,2,1,1,1,1,2
SF,IC2005,2020-04-08 09:34:22.500,5145.0000,6229,0,227521480.000,0,-,-,-,-,5145.8000,5145.0000,5144.0000,5141.4000,5141.0000,5147.2000,5147.4000,5147.6000,5148.0000,5148.6000,1,1,1,2,2,1,2,1,1,2
SF,IC2005,2020-04-08 09:34:23.000,5146.8000,6229,0,230609120.000,3,1,2,多换,S,5147.0000,5144.0000,5141.4000,5141.0000,5140.8000,5147.2000,5147.4000,5147.6000,5148.0000,5148.6000,2,1,1,1,1,1,2,1,1,2
SF,IC2005,2020-04-08 09:34:23.500,5147.0000,6229,0,232667880.000,2,1,1,多换,S,5141.4000,5141.0000,5140.8000,5140.0000,5139.6000,5147.0000,5147.4000,5147.6000,5148.0000,5148.6000,1,1,1,2,1,7,2,1,1,2
SF,IC2005,2020-04-08 09:34:24.000,5147.0000,6229,0,232667880.000,0,-,-,-,-,5143.6000,5143.4000,5141.6000,5141.4000,5140.8000,5146.8000,5147.0000,5147.4000,5148.0000,5148.6000,1,1,4,2,1,1,5,1,1,1
SF,IC2005,2020-04-08 09:34:24.500,5147.0000,6229,0,232667880.000,0,-,-,-,-,5143.8000,5143.6000,5143.4000,5141.6000,5141.4000,5146.8000,5147.0000,5147.4000,5148.0000,5148.6000,1,1,1,2,2,1,3,1,1,1
SF,IC2005,2020-04-08 09:34:25.000,5147.0000,6229,0,232667880.000,0,-,-,-,-,5143.8000,5143.6000,5143.4000,5141.6000,5141.4000,5146.6000,5147.4000,5148.0000,5148.6000,5149.6000,1,1,1,2,2,1,1,1,1,1
SF,IC2005,2020-04-08 09:34:25.500,5147.0000,6229,0,232667880.000,0,-,-,-,-,5143.8000,5143.6000,5143.4000,5142.2000,5141.6000,5146.6000,5147.4000,5148.0000,5148.6000,5149.6000,1,1,1,1,2,1,1,1,1,1
SF,IC2005,2020-04-08 09:34:26.000,5147.0000,6229,0,232667880.000,0,-,-,-,-,5144.0000,5143.8000,5143.6000,5142.2000,5141.6000,5147.4000,5148.0000,5148.6000,5149.6000,5150.0000,1,1,1,1,2,1,1,1,1,1
SF,IC2005,2020-04-08 09:34:26.500,5147.2000,6229,0,235756200.000,3,1,2,多换,S,5146.6000,5144.2000,5144.0000,5143.6000,5142.2000,5147.4000,5148.0000,5148.2000,5148.6000,5149.6000,1,1,1,1,1,1,1,1,1,1
SF,IC2005,2020-04-08 09:34:27.000,5146.6000,6229,0,236785520.000,1,0,1,多换,S,5144.0000,5143.6000,5142.2000,5141.6000,5141.4000,5147.4000,5148.0000,5148.2000,5148.6000,5149.6000,1,1,1,2,1,1,1,1,1,1
SF,IC2005,2020-04-08 09:34:27.500,5146.6000,6229,0,236785520.000,0,-,-,-,-,5144.2000,5144.0000,5143.6000,5142.2000,5141.6000,5147.0000,5147.2000,5147.4000,5148.0000,5148.2000,1,1,1,1,2,1,1,1,1,1
SF,IC2005,2020-04-08 09:34:28.000,5146.6000,6229,0,236785520.000,0,-,-,-,-,5144.2000,5144.0000,5143.6000,5142.2000,5141.6000,5146.8000,5147.0000,5147.4000,5148.0000,5148.2000,1,1,1,1,2,1,1,1,1,1
SF,IC2005,2020-04-08 09:34:28.500,5146.6000,6229,0,236785520.000,0,-,-,-,-,5144.2000,5144.0000,5143.6000,5141.6000,5141.4000,5147.0000,5147.4000,5148.0000,5148.2000,5148.6000,1,1,1,2,1,1,1,1,1,1
SF,IC2005,2020-04-08 09:34:29.500,5146.6000,6229,0,236785520.000,0,-,-,-,-,5144.2000,5144.0000,5143.6000,5141.6000,5141.4000,5147.4000,5148.0000,5148.6000,5149.6000,5150.0000,1,1,1,2,1,1,1,1,1,1
SF,IC2005,2020-04-08 09:34:31.000,5146.6000,6229,0,236785520.000,0,-,-,-,-,5144.8000,5144.2000,5144.0000,5143.6000,5141.6000,5148.0000,5148.6000,5149.6000,5150.0000,5150.4000,1,1,2,1,2,1,1,1,1,1
SF,IC2005,2020-04-08 09:34:31.500,5146.6000,6229,0,236785520.000,0,-,-,-,-,5145.0000,5144.8000,5144.0000,5143.6000,5141.6000,5148.0000,5148.6000,5149.6000,5150.0000,5150.4000,1,1,2,1,2,1,1,1,1,1
SF,IC2005,2020-04-08 09:34:32.500,5146.6000,6229,0,236785520.000,0,-,-,-,-,5146.0000,5145.4000,5145.0000,5144.0000,5143.6000,5148.6000,5149.6000,5150.0000,5150.4000,5151.4000,5,1,1,2,1,1,1,1,1,1
SF,IC2005,2020-04-08 09:34:33.000,5146.6000,6229,0,236785520.000,0,-,-,-,-,5148.0000,5146.2000,5146.0000,5145.8000,5145.4000,5148.4000,5148.6000,5149.6000,5150.0000,5150.4000,1,1,5,1,1,1,1,1,1,1
SF,IC2005,2020-04-08 09:34:33.500,5148.0000,6229,0,237815120.000,1,0,1,多换,S,5146.2000,5146.0000,5145.4000,5144.0000,5141.6000,5148.4000,5148.6000,5149.6000,5150.0000,5150.4000,1,5,1,2,2,1,1,1,1,1
SF,IC2005,2020-04-08 09:34:34.000,5148.0000,6229,0,237815120.000,0,-,-,-,-,5146.2000,5146.0000,5145.4000,5144.0000,5141.6000,5148.0000,5148.4000,5148.6000,5149.6000,5150.0000,1,5,1,2,2,1,1,1,1,1
SF,IC2005,2020-04-08 09:34:34.500,5148.0000,6229,0,237815120.000,0,-,-,-,-,5146.2000,5146.0000,5145.4000,5144.0000,5141.6000,5148.0000,5148.6000,5149.6000,5150.0000,5150.4000,1,5,1,2,2,1,1,1,1,1
SF,IC2005,2020-04-08 09:34:35.000,5148.0000,6228,-1,238844720.000,1,0,1,双平,S,5146.2000,5146.0000,5145.4000,5144.0000,5141.6000,5148.6000,5149.6000,5150.0000,5150.4000,5150.6000,1,5,1,2,2,1,1,1,1,1
SF,IC2005,2020-04-08 09:34:36.000,5148.0000,6228,0,238844720.000,0,-,-,-,-,5146.2000,5146.0000,5145.4000,5144.0000,5141.6000,5148.0000,5148.6000,5149.6000,5150.0000,5150.4000,1,5,1,2,2,1,1,1,1,1
SF,IC2005,2020-04-08 09:34:37.000,5148.0000,6228,0,238844720.000,0,-,-,-,-,5146.2000,5146.0000,5145.4000,5144.0000,5141.6000,5148.6000,5150.0000,5150.4000,5150.6000,5151.4000,1,5,1,2,2,1,1,1,1,1
SF,IC2005,2020-04-08 09:34:39.000,5148.6000,6229,1,239874440.000,1,1,0,双开,S,5148.6000,5146.6000,5146.2000,5146.0000,5144.0000,5150.0000,5150.4000,5150.6000,5151.4000,5153.2000,1,1,1,5,2,1,1,1,1,1
SF,IC2005,2020-04-08 09:34:39.500,5148.6000,6229,0,240904160.000,1,0,1,多换,S,5146.6000,5146.2000,5146.0000,5144.0000,5141.6000,5149.8000,5150.0000,5150.4000,5151.4000,5153.2000,1,1,5,2,2,1,1,1,1,1
SF,IC2005,2020-04-08 09:34:40.000,5148.6000,6229,0,240904160.000,0,-,-,-,-,5146.8000,5146.6000,5146.0000,5144.0000,5141.6000,5149.8000,5150.0000,5150.4000,5151.4000,5153.2000,1,1,5,2,2,1,2,1,1,1
SF,IC2005,2020-04-08 09:34:41.000,5148.6000,6229,0,240904160.000,0,-,-,-,-,5146.8000,5146.6000,5146.0000,5144.0000,5141.6000,5149.2000,5149.8000,5150.0000,5151.4000,5153.2000,1,1,5,2,2,1,1,2,1,1
SF,IC2005,2020-04-08 09:34:43.500,5148.6000,6229,0,240904160.000,0,-,-,-,-,5146.8000,5146.6000,5146.0000,5144.0000,5141.6000,5149.8000,5150.0000,5151.4000,5152.6000,5153.2000,1,1,5,2,2,1,2,1,1,1
SF,IC2005,2020-04-08 09:34:44.500,5148.6000,6229,0,240904160.000,0,-,-,-,-,5146.8000,5146.6000,5146.0000,5144.0000,5141.6000,5149.8000,5150.0000,5151.4000,5152.6000,5153.2000,1,1,6,2,2,1,2,1,1,1
SF,IC2005,2020-04-08 09:34:45.000,5148.6000,6229,0,240904160.000,0,-,-,-,-,5147.4000,5146.8000,5146.0000,5144.0000,5141.6000,5150.0000,5151.4000,5152.6000,5153.2000,5153.4000,1,1,6,2,2,2,1,1,1,1
SF,IC2005,2020-04-08 09:34:45.500,5148.6000,6229,0,240904160.000,0,-,-,-,-,5147.6000,5147.4000,5146.0000,5144.0000,5141.6000,5150.0000,5151.4000,5152.6000,5153.2000,5153.4000,1,1,6,2,2,2,1,1,1,1
SF,IC2005,2020-04-08 09:34:46.500,5148.6000,6229,0,240904160.000,0,-,-,-,-,5149.8000,5147.6000,5147.4000,5146.0000,5144.0000,5150.0000,5151.4000,5153.2000,5153.4000,5154.4000,1,1,1,6,2,2,1,1,1,1
SF,IC2005,2020-04-08 09:34:47.000,5149.8000,6229,0,241934120.000,1,0,1,多换,S,5147.4000,5146.0000,5144.0000,5141.6000,5140.8000,5149.8000,5150.0000,5151.4000,5153.2000,5153.4000,1,6,2,2,1,1,2,1,1,1
SF,IC2005,2020-04-08 09:34:47.500,5149.8000,6229,0,241934120.000,0,-,-,-,-,5146.0000,5144.0000,5141.6000,5140.8000,5140.0000,5149.6000,5149.8000,5150.0000,5151.4000,5153.2000,6,2,2,1,2,1,11,2,1,1
SF,IC2005,2020-04-08 09:34:48.000,5149.8000,6229,0,241934120.000,0,-,-,-,-,5146.2000,5146.0000,5145.8000,5144.0000,5141.6000,5149.6000,5149.8000,5150.0000,5150.8000,5151.4000,2,6,1,2,2,2,10,2,1,1
SF,IC2005,2020-04-08 09:34:48.500,5149.8000,6229,0,241934120.000,0,-,-,-,-,5148.0000,5146.2000,5146.0000,5145.8000,5144.0000,5149.6000,5149.8000,5150.0000,5150.8000,5151.4000,5,2,1,1,2,2,10,2,1,1
SF,IC2005,2020-04-08 09:34:49.000,5149.8000,6229,0,241934120.000,0,-,-,-,-,5148.0000,5146.2000,5146.0000,5145.8000,5144.0000,5149.6000,5150.0000,5150.8000,5151.4000,5152.8000,5,2,1,1,2,2,2,1,1,1
SF,IC2005,2020-04-08 09:34:49.500,5149.8000,6229,0,241934120.000,0,-,-,-,-,5148.0000,5146.2000,5146.0000,5145.8000,5144.0000,5149.4000,5149.6000,5150.0000,5150.8000,5151.4000,5,2,1,1,2,1,2,2,1,1
SF,IC2005,2020-04-08 09:34:50.500,5149.8000,6229,0,241934120.000,0,-,-,-,-,5148.0000,5146.2000,5146.0000,5145.8000,5144.0000,5149.6000,5150.0000,5150.8000,5151.4000,5152.8000,5,2,1,1,2,2,2,1,1,1
SF,IC2005,2020-04-08 09:34:51.000,5149.8000,6229,0,241934120.000,0,-,-,-,-,5148.0000,5146.2000,5146.0000,5145.8000,5144.0000,5149.4000,5149.6000,5150.0000,5150.8000,5151.4000,5,2,1,1,2,1,2,2,1,1
SF,IC2005,2020-04-08 09:34:51.500,5149.8000,6229,0,241934120.000,0,-,-,-,-,5148.0000,5146.2000,5146.0000,5145.8000,5144.0000,5149.6000,5150.0000,5150.8000,5151.4000,5152.8000,5,2,1,1,2,2,2,1,1,1
SF,IC2005,2020-04-08 09:34:52.000,5149.8000,6229,0,241934120.000,0,-,-,-,-,5148.0000,5146.2000,5146.0000,5145.8000,5144.0000,5149.6000,5150.0000,5150.8000,5151.4000,5152.8000,5,2,1,1,2,1,2,1,1,1
SF,IC2005,2020-04-08 09:34:52.500,5149.8000,6229,0,241934120.000,0,-,-,-,-,5148.0000,5146.2000,5146.0000,5145.8000,5144.0000,5150.0000,5150.8000,5151.4000,5152.8000,5153.2000,5,2,1,1,2,2,1,1,1,1
SF,IC2005,2020-04-08 09:34:53.000,5149.8000,6229,0,241934120.000,0,-,-,-,-,5148.2000,5148.0000,5146.2000,5146.0000,5145.8000,5150.0000,5150.8000,5151.4000,5152.8000,5153.2000,1,5,1,1,1,2,1,1,1,1
SF,IC2005,2020-04-08 09:34:53.500,5149.8000,6229,0,241934120.000,0,-,-,-,-,5148.2000,5148.0000,5146.2000,5146.0000,5145.8000,5150.0000,5150.8000,5151.4000,5152.8000,5153.2000,1,5,1,1,1,1,1,1,1,1
SF,IC2005,2020-04-08 09:34:54.500,5149.8000,6229,0,241934120.000,0,-,-,-,-,5148.2000,5148.0000,5146.2000,5146.0000,5145.8000,5150.0000,5150.8000,5151.4000,5152.8000,5153.2000,1,5,1,1,1,1,1,1,1,1
SF,IC2005,2020-04-08 09:34:55.000,5149.8000,6229,0,241934120.000,0,-,-,-,-,5148.0000,5146.2000,5146.0000,5145.8000,5144.0000,5149.6000,5149.8000,5150.0000,5150.8000,5151.4000,5,1,1,1,2,1,1,1,1,1
SF,IC2005,2020-04-08 09:34:55.500,5149.6000,6228,-1,242964040.000,1,0,1,双平,S,5148.0000,5146.2000,5146.0000,5145.8000,5144.0000,5149.8000,5150.0000,5150.8000,5151.4000,5152.8000,5,1,1,1,2,2,1,1,1,1
SF,IC2005,2020-04-08 09:34:56.000,5149.8000,6226,-2,246053880.000,3,0,3,多平,S,5148.0000,5146.2000,5146.0000,5145.8000,5144.0000,5150.0000,5150.8000,5151.4000,5152.8000,5153.2000,5,1,1,1,2,1,1,1,1,1
SF,IC2005,2020-04-08 09:34:56.500,5150.8000,6225,-1,248114040.000,2,0,2,多平,S,5148.4000,5148.2000,5148.0000,5146.2000,5146.0000,5151.4000,5152.8000,5153.2000,5153.4000,5154.4000,1,1,5,1,1,1,1,1,1,1
SF,IC2005,2020-04-08 09:34:57.000,5150.8000,6225,0,248114040.000,0,-,-,-,-,5148.6000,5148.4000,5148.0000,5146.2000,5146.0000,5151.0000,5151.2000,5151.4000,5153.2000,5153.4000,1,1,5,1,1,1,1,1,1,1
