市场代码,合约代码,时间,最新,持仓,增仓,成交额,成交量,开仓,平仓,成交类型,方向,买一价,买二价,买三价,买四价,买五价,卖一价,卖二价,卖三价,卖四价,卖五价,买一量,买二量,买三量,买四量,买五量,卖一量,卖二量,卖三量,卖四量,卖五量
SF,IC2007,2020-05-26 09:29:00.000,5192.2000,5152,0,0.000,0.000,-,-,-,-,5213.0000,5212.0000,5210.8000,5207.0000,5206.0000,5219.0000,5219.6000,5228.8000,5231.2000,5234.4000,1,5,1,5,2,1,2,2,1,1
SF,IC2007,2020-05-26 09:30:00.500,5219.0000,5151,-1,1043800.000,1,0,1,双平,S,5219.2000,5219.0000,5214.0000,5213.4000,5213.2000,5219.6000,5228.8000,5231.2000,5232.4000,5234.4000,1,1,1,1,1,2,2,1,2,1
SF,IC2007,2020-05-26 09:30:01.000,5219.6000,5149,-2,3131640.000,2,0,2,双平,S,5221.0000,5219.4000,5219.2000,5219.0000,5214.0000,5228.8000,5231.2000,5232.4000,5234.4000,5238.8000,1,5,1,1,1,2,1,2,1,1
SF,IC2007,2020-05-26 09:30:01.500,5219.6000,5148,-1,4175560.000,1,0,1,双平,S,5221.2000,5221.0000,5219.4000,5219.2000,5219.0000,5224.0000,5224.2000,5224.8000,5225.4000,5225.6000,1,1,3,1,1,1,1,2,2,1
SF,IC2007,2020-05-26 09:30:02.000,5221.0000,5146,-2,7308800.000,3,0,3,多平,S,5219.4000,5219.2000,5219.0000,5214.2000,5214.0000,5223.6000,5223.8000,5224.2000,5224.8000,5225.4000,3,1,1,5,1,1,3,1,2,2
SF,IC2007,2020-05-26 09:30:02.500,5221.0000,5146,0,7308800.000,0,-,-,-,-,5219.6000,5219.4000,5219.2000,5219.0000,5214.2000,5223.4000,5225.6000,5226.0000,5226.6000,5228.6000,1,3,1,1,5,3,1,1,1,1
SF,IC2007,2020-05-26 09:30:03.000,5221.0000,5146,0,7308800.000,0,-,-,-,-,5219.8000,5219.6000,5219.4000,5219.2000,5219.0000,5223.4000,5225.6000,5226.0000,5226.6000,5228.6000,1,1,2,1,1,2,1,1,1,1
SF,IC2007,2020-05-26 09:30:03.500,5221.0000,5146,0,7308800.000,0,-,-,-,-,5220.2000,5220.0000,5219.8000,5219.2000,5219.0000,5223.4000,5225.6000,5226.0000,5226.6000,5228.6000,1,1,1,1,2,2,1,1,1,1
SF,IC2007,2020-05-26 09:30:04.000,5221.0000,5146,0,7308800.000,0,-,-,-,-,5220.6000,5220.4000,5220.2000,5219.2000,5219.0000,5223.4000,5225.6000,5226.0000,5226.6000,5228.6000,2,2,1,1,2,1,1,1,1,1
SF,IC2007,2020-05-26 09:30:04.500,5221.0000,5146,0,7308800.000,0,-,-,-,-,5220.8000,5220.6000,5220.2000,5219.2000,5219.0000,5223.2000,5223.4000,5225.6000,5226.0000,5226.6000,2,2,1,1,2,1,1,1,1,1
SF,IC2007,2020-05-26 09:30:05.000,5221.0000,5146,0,7308800.000,0,-,-,-,-,5219.2000,5219.0000,5214.0000,5213.0000,5212.0000,5220.0000,5223.4000,5225.6000,5226.0000,5226.6000,1,2,1,1,3,1,1,1,1,1
SF,IC2007,2020-05-26 09:30:05.500,5220.0000,5145,-1,8352800.000,1,0,1,双平,S,5219.6000,5219.4000,5219.2000,5219.0000,5214.0000,5220.0000,5223.4000,5225.6000,5226.0000,5226.6000,1,1,1,2,1,1,1,1,1,1
SF,IC2007,2020-05-26 09:30:06.000,5220.0000,5145,0,9396800.000,1,0,1,多换,S,5219.8000,5219.6000,5219.2000,5219.0000,5214.0000,5223.4000,5225.6000,5226.0000,5226.6000,5228.6000,1,1,1,2,1,1,1,1,1,1
SF,IC2007,2020-05-26 09:30:06.500,5220.0000,5145,0,9396800.000,0,-,-,-,-,5219.8000,5219.6000,5219.2000,5219.0000,5214.0000,5223.0000,5223.2000,5223.4000,5225.6000,5226.0000,1,1,1,2,1,2,2,3,1,1
SF,IC2007,2020-05-26 09:30:07.000,5220.0000,5145,0,9396800.000,0,-,-,-,-,5219.6000,5219.2000,5219.0000,5214.0000,5213.0000,5222.8000,5223.0000,5223.4000,5225.6000,5226.0000,1,1,2,1,1,3,2,2,1,1
SF,IC2007,2020-05-26 09:30:07.500,5220.0000,5145,0,9396800.000,0,-,-,-,-,5219.8000,5219.6000,5219.2000,5219.0000,5214.0000,5222.8000,5225.6000,5226.0000,5226.6000,5228.6000,1,1,1,1,1,3,1,1,1,1
SF,IC2007,2020-05-26 09:30:08.000,5220.0000,5145,0,9396800.000,0,-,-,-,-,5219.8000,5219.6000,5219.2000,5219.0000,5214.0000,5222.8000,5225.6000,5226.0000,5226.6000,5228.6000,1,1,1,1,1,2,1,1,1,1
SF,IC2007,2020-05-26 09:30:08.500,5220.0000,5145,0,9396800.000,0,-,-,-,-,5219.6000,5219.2000,5219.0000,5215.0000,5214.0000,5222.2000,5222.4000,5222.6000,5222.8000,5225.6000,1,1,1,2,1,1,1,1,2,1
SF,IC2007,2020-05-26 09:30:09.000,5220.0000,5145,0,9396800.000,0,-,-,-,-,5219.6000,5219.2000,5219.0000,5215.0000,5214.0000,5221.8000,5222.0000,5222.2000,5225.6000,5226.0000,1,1,1,2,1,1,3,1,1,1
SF,IC2007,2020-05-26 09:30:09.500,5219.0000,5144,-1,12528360.000,3,1,2,多平,S,5215.0000,5214.0000,5213.0000,5212.0000,5210.8000,5221.6000,5221.8000,5222.0000,5222.2000,5223.0000,2,1,1,3,1,1,1,1,1,1
SF,IC2007,2020-05-26 09:30:10.000,5219.0000,5144,0,12528360.000,0,-,-,-,-,5217.0000,5216.6000,5216.0000,5215.4000,5215.2000,5221.4000,5221.6000,5221.8000,5223.0000,5225.6000,1,2,1,2,2,2,1,1,1,1
SF,IC2007,2020-05-26 09:30:10.500,5217.2000,5143,-1,13571800.000,1,0,1,双平,S,5217.2000,5217.0000,5216.6000,5216.0000,5215.4000,5221.2000,5221.4000,5221.8000,5223.0000,5225.6000,1,1,2,1,2,1,2,1,1,1
SF,IC2007,2020-05-26 09:30:11.000,5217.0000,5142,-1,15658640.000,2,0,2,多平,S,5216.6000,5216.0000,5215.4000,5214.0000,5213.0000,5220.8000,5221.0000,5221.2000,5223.0000,5225.6000,2,1,2,1,1,2,2,1,1,1
SF,IC2007,2020-05-26 09:30:11.500,5217.0000,5142,0,15658640.000,0,-,-,-,-,5217.0000,5216.6000,5216.4000,5216.0000,5214.0000,5220.6000,5223.0000,5225.6000,5226.0000,5226.6000,4,2,2,1,1,3,1,1,1,1
SF,IC2007,2020-05-26 09:30:12.000,5217.0000,5142,0,15658640.000,0,-,-,-,-,5218.0000,5217.4000,5217.0000,5216.4000,5216.0000,5220.6000,5223.0000,5225.6000,5226.0000,5226.6000,1,1,4,2,1,2,1,1,1,1
SF,IC2007,2020-05-26 09:30:12.500,5217.0000,5142,0,15658640.000,0,-,-,-,-,5218.0000,5217.0000,5216.4000,5216.0000,5214.0000,5220.4000,5220.6000,5223.0000,5225.6000,5226.0000,1,3,2,1,1,1,2,1,1,1
SF,IC2007,2020-05-26 09:30:13.000,5220.2000,5141,-1,16702680.000,1,0,1,双平,S,5218.0000,5217.0000,5216.4000,5216.0000,5214.0000,5220.4000,5220.6000,5223.0000,5225.6000,5226.0000,1,3,2,1,1,1,1,1,1,1
SF,IC2007,2020-05-26 09:30:13.500,5220.4000,5140,-1,18790800.000,2,0,2,多平,S,5220.4000,5218.0000,5217.0000,5216.4000,5216.0000,5220.6000,5223.0000,5225.6000,5226.0000,5226.6000,18,1,3,2,1,1,1,1,1,1
SF,IC2007,2020-05-26 09:30:14.000,5220.4000,5124,-16,37584240.000,18,1,17,多平,S,5217.0000,5216.0000,5214.0000,5213.0000,5212.0000,5219.8000,5220.4000,5220.6000,5223.0000,5226.0000,2,1,1,1,3,1,5,1,1,1
SF,IC2007,2020-05-26 09:30:14.500,5217.2000,5124,0,38627680.000,1,0,1,多换,S,5217.0000,5216.0000,5214.0000,5213.0000,5212.0000,5219.6000,5219.8000,5220.6000,5223.0000,5226.0000,2,1,1,1,3,3,1,1,1,1
SF,IC2007,2020-05-26 09:30:15.000,5217.2000,5124,0,38627680.000,0,-,-,-,-,5214.0000,5213.0000,5212.0000,5210.8000,5208.4000,5219.4000,5219.6000,5220.6000,5223.0000,5226.0000,1,1,3,1,5,1,3,1,1,1
SF,IC2007,2020-05-26 09:30:15.500,5217.2000,5124,0,38627680.000,0,-,-,-,-,5215.0000,5214.8000,5214.6000,5214.4000,5214.2000,5219.0000,5219.2000,5219.4000,5220.6000,5223.0000,1,1,2,1,2,1,3,1,1,1
SF,IC2007,2020-05-26 09:30:16.000,5219.2000,5113,-11,53241080.000,14,1,13,多平,S,5219.4000,5215.2000,5215.0000,5214.0000,5213.0000,5223.0000,5226.0000,5228.6000,5228.8000,5231.6000,6,1,1,1,1,1,1,1,2,5
SF,IC2007,2020-05-26 09:30:16.500,5219.4000,5107,-6,59504360.000,6,0,6,双平,S,5215.2000,5214.0000,5213.0000,5212.0000,5210.8000,5219.4000,5220.4000,5220.6000,5220.8000,5221.0000,1,1,1,3,1,3,2,2,1,1
SF,IC2007,2020-05-26 09:30:17.000,5219.4000,5107,0,62636000.000,3,1,2,多换,S,5216.4000,5215.4000,5215.2000,5215.0000,5213.0000,5219.6000,5220.4000,5220.6000,5220.8000,5221.0000,1,1,1,1,1,1,1,1,1,1
SF,IC2007,2020-05-26 09:30:17.500,5219.4000,5107,0,62636000.000,0,-,-,-,-,5217.8000,5216.8000,5216.6000,5215.0000,5213.0000,5219.6000,5220.8000,5221.0000,5222.8000,5223.0000,1,1,4,1,1,1,1,1,1,1
SF,IC2007,2020-05-26 09:30:18.000,5219.6000,5106,-1,63679920.000,1,0,1,双平,S,5218.0000,5217.8000,5216.8000,5216.6000,5213.0000,5220.8000,5222.8000,5223.0000,5228.8000,5231.6000,2,1,1,2,1,1,1,1,2,5
SF,IC2007,2020-05-26 09:30:18.500,5219.6000,5106,0,63679920.000,0,-,-,-,-,5219.2000,5218.2000,5218.0000,5216.8000,5216.6000,5222.8000,5223.0000,5228.8000,5231.6000,5232.4000,1,1,2,1,2,1,1,2,5,2
SF,IC2007,2020-05-26 09:30:19.000,5219.6000,5106,0,63679920.000,0,-,-,-,-,5219.4000,5219.2000,5218.0000,5216.8000,5216.6000,5222.6000,5222.8000,5223.0000,5224.2000,5228.8000,2,1,1,1,2,3,1,1,1,2
SF,IC2007,2020-05-26 09:30:19.500,5222.6000,5104,-2,68902440.000,5,1,4,多平,S,5222.6000,5219.4000,5219.2000,5216.8000,5216.6000,5223.0000,5223.6000,5224.2000,5228.8000,5231.6000,5,2,1,1,2,1,1,1,2,5
SF,IC2007,2020-05-26 09:30:20.000,5222.6000,5099,-5,74125040.000,5,0,5,双平,S,5219.4000,5216.8000,5216.6000,5213.0000,5212.0000,5222.0000,5222.6000,5223.0000,5223.6000,5224.2000,2,1,2,1,3,1,5,1,1,1
SF,IC2007,2020-05-26 09:30:20.500,5222.6000,5099,0,74125040.000,0,-,-,-,-,5219.4000,5216.6000,5213.0000,5212.0000,5208.4000,5221.8000,5222.0000,5222.6000,5223.0000,5223.6000,1,2,1,3,5,1,1,4,1,1
SF,IC2007,2020-05-26 09:30:21.000,5219.4000,5100,1,75168920.000,1,1,0,双开,S,5216.6000,5213.0000,5212.0000,5208.4000,5200.2000,5221.6000,5221.8000,5222.0000,5222.6000,5223.0000,2,1,3,5,2,1,1,1,1,1
SF,IC2007,2020-05-26 09:30:21.500,5219.4000,5100,0,75168920.000,0,-,-,-,-,5219.2000,5217.0000,5216.8000,5216.6000,5216.4000,5221.4000,5222.0000,5222.6000,5223.0000,5223.6000,1,4,2,2,1,1,1,1,1,1
SF,IC2007,2020-05-26 09:30:22.000,5219.4000,5099,-1,76212800.000,1,0,1,双平,S,5219.2000,5217.0000,5216.8000,5216.6000,5216.4000,5221.4000,5222.0000,5222.4000,5222.6000,5223.0000,1,4,1,2,1,1,1,2,3,1
SF,IC2007,2020-05-26 09:30:22.500,5219.4000,5099,0,76212800.000,0,-,-,-,-,5219.4000,5219.2000,5217.0000,5216.8000,5216.6000,5221.2000,5221.4000,5222.4000,5222.6000,5223.0000,1,1,4,1,2,1,1,2,3,1
SF,IC2007,2020-05-26 09:30:23.000,5219.4000,5099,0,76212800.000,0,-,-,-,-,5217.0000,5216.8000,5216.6000,5213.0000,5212.0000,5219.2000,5220.2000,5221.2000,5222.4000,5222.6000,2,1,2,1,3,1,2,1,1,3
SF,IC2007,2020-05-26 09:30:23.500,5219.2000,5098,-1,77256640.000,1,0,1,双平,S,5217.8000,5217.4000,5217.2000,5216.6000,5213.0000,5220.2000,5221.2000,5222.4000,5222.6000,5223.0000,1,1,2,2,1,2,1,1,1,1
SF,IC2007,2020-05-26 09:30:24.000,5219.2000,5098,0,77256640.000,0,-,-,-,-,5218.0000,5217.8000,5217.4000,5216.6000,5213.0000,5220.0000,5220.2000,5222.4000,5222.6000,5223.0000,2,1,1,2,1,1,2,1,1,1
SF,IC2007,2020-05-26 09:30:24.500,5219.2000,5098,0,77256640.000,0,-,-,-,-,5218.0000,5217.8000,5217.4000,5216.6000,5213.0000,5220.2000,5222.4000,5222.6000,5223.0000,5228.8000,2,1,1,2,1,2,1,1,1,2
SF,IC2007,2020-05-26 09:30:25.000,5219.2000,5098,0,77256640.000,0,-,-,-,-,5218.0000,5217.8000,5217.4000,5216.6000,5213.0000,5220.2000,5221.6000,5222.4000,5222.6000,5223.0000,2,1,1,2,1,2,1,1,1,1
SF,IC2007,2020-05-26 09:30:25.500,5219.2000,5098,0,77256640.000,0,-,-,-,-,5218.0000,5217.8000,5217.4000,5216.6000,5213.0000,5220.0000,5220.2000,5221.6000,5222.4000,5222.6000,1,1,1,2,1,1,2,1,1,1
SF,IC2007,2020-05-26 09:30:26.000,5219.2000,5098,0,77256640.000,0,-,-,-,-,5218.4000,5218.0000,5217.8000,5216.6000,5213.0000,5219.2000,5220.0000,5220.2000,5221.6000,5222.4000,1,1,1,2,1,1,1,2,1,1
SF,IC2007,2020-05-26 09:30:26.500,5219.2000,5098,0,77256640.000,0,-,-,-,-,5218.0000,5217.8000,5216.6000,5213.0000,5212.0000,5219.2000,5220.0000,5220.2000,5221.6000,5222.4000,1,1,2,1,3,1,1,2,1,1
SF,IC2007,2020-05-26 09:30:27.000,5219.2000,5098,0,77256640.000,0,-,-,-,-,5217.8000,5216.6000,5213.0000,5212.0000,5208.4000,5219.2000,5220.0000,5220.2000,5221.6000,5222.4000,1,2,1,3,5,1,1,2,1,1
SF,IC2007,2020-05-26 09:30:27.500,5219.2000,5098,0,77256640.000,0,-,-,-,-,5218.0000,5217.8000,5216.6000,5213.0000,5212.0000,5219.2000,5220.0000,5220.2000,5221.6000,5222.4000,1,1,2,1,3,1,1,2,1,1
SF,IC2007,2020-05-26 09:30:28.000,5219.2000,5098,0,77256640.000,0,-,-,-,-,5217.8000,5216.6000,5213.0000,5212.0000,5208.4000,5219.0000,5219.2000,5220.2000,5221.6000,5222.4000,1,2,1,3,5,1,1,2,1,1
SF,IC2007,2020-05-26 09:30:28.500,5219.2000,5098,0,77256640.000,0,-,-,-,-,5216.6000,5213.0000,5212.0000,5208.4000,5200.2000,5219.0000,5219.2000,5220.2000,5221.6000,5222.4000,2,1,3,5,2,1,1,2,1,1
SF,IC2007,2020-05-26 09:30:29.000,5219.2000,5098,0,77256640.000,0,-,-,-,-,5217.0000,5216.8000,5216.4000,5213.0000,5212.0000,5219.0000,5219.2000,5220.2000,5221.6000,5222.4000,1,1,1,1,3,1,1,2,1,1
SF,IC2007,2020-05-26 09:30:29.500,5219.2000,5098,0,77256640.000,0,-,-,-,-,5217.0000,5216.4000,5213.0000,5212.0000,5208.4000,5219.0000,5219.2000,5220.2000,5221.6000,5222.6000,1,1,1,3,5,1,1,2,1,1
SF,IC2007,2020-05-26 09:30:30.500,5219.2000,5098,0,77256640.000,0,-,-,-,-,5217.0000,5216.4000,5213.0000,5212.0000,5208.4000,5219.0000,5219.2000,5220.2000,5220.4000,5222.6000,1,1,1,3,5,1,1,2,1,1
SF,IC2007,2020-05-26 09:30:33.000,5219.2000,5098,0,77256640.000,0,-,-,-,-,5217.8000,5217.0000,5213.0000,5212.0000,5208.4000,5219.0000,5219.2000,5220.2000,5220.4000,5222.6000,1,1,1,3,5,1,1,2,1,1
SF,IC2007,2020-05-26 09:30:34.000,5219.0000,5097,-1,78300440.000,1,0,1,双平,S,5217.8000,5217.0000,5213.0000,5212.0000,5208.4000,5219.2000,5220.2000,5222.6000,5223.0000,5228.8000,1,1,1,3,5,1,2,1,1,2
SF,IC2007,2020-05-26 09:30:34.500,5219.2000,5096,-1,79344280.000,1,0,1,双平,S,5218.0000,5217.8000,5217.0000,5213.0000,5212.0000,5220.2000,5222.6000,5223.0000,5228.8000,5231.6000,1,1,1,1,3,2,1,1,2,5
SF,IC2007,2020-05-26 09:30:35.000,5219.2000,5096,0,79344280.000,0,-,-,-,-,5218.2000,5218.0000,5217.8000,5217.0000,5213.0000,5220.2000,5223.0000,5228.8000,5231.6000,5232.4000,1,1,1,1,1,2,1,2,5,2
SF,IC2007,2020-05-26 09:30:35.500,5219.2000,5096,0,79344280.000,0,-,-,-,-,5218.2000,5218.0000,5217.8000,5217.0000,5213.0000,5220.0000,5220.2000,5223.0000,5228.8000,5231.6000,1,1,1,1,1,2,2,1,2,5
SF,IC2007,2020-05-26 09:30:36.000,5219.2000,5096,0,79344280.000,0,-,-,-,-,5218.0000,5217.8000,5217.0000,5213.0000,5212.0000,5220.0000,5220.2000,5223.0000,5228.8000,5231.6000,1,1,1,1,3,2,2,1,2,5
SF,IC2007,2020-05-26 09:30:36.500,5219.2000,5096,0,79344280.000,0,-,-,-,-,5217.0000,5213.0000,5212.0000,5208.4000,5200.2000,5220.0000,5220.2000,5223.0000,5228.8000,5231.6000,1,1,3,5,2,2,2,1,2,5
SF,IC2007,2020-05-26 09:30:37.000,5219.2000,5096,0,79344280.000,0,-,-,-,-,5217.8000,5217.2000,5217.0000,5213.0000,5212.0000,5219.8000,5220.0000,5220.2000,5223.0000,5228.8000,1,1,1,1,3,2,2,2,1,2
SF,IC2007,2020-05-26 09:30:37.500,5219.2000,5096,0,79344280.000,0,-,-,-,-,5217.2000,5217.0000,5213.0000,5212.0000,5208.4000,5219.6000,5219.8000,5220.0000,5220.2000,5223.0000,1,1,1,3,5,1,1,1,2,1
SF,IC2007,2020-05-26 09:30:38.000,5219.2000,5096,0,79344280.000,0,-,-,-,-,5217.2000,5217.0000,5213.0000,5212.0000,5208.4000,5219.6000,5220.0000,5220.2000,5223.0000,5228.8000,1,1,1,3,5,1,1,2,1,2
SF,IC2007,2020-05-26 09:30:38.500,5219.2000,5096,0,79344280.000,0,-,-,-,-,5217.8000,5217.6000,5217.4000,5217.2000,5213.0000,5219.6000,5220.0000,5220.2000,5223.0000,5228.8000,1,1,1,1,1,1,1,2,1,2
SF,IC2007,2020-05-26 09:30:39.000,5219.2000,5096,0,79344280.000,0,-,-,-,-,5217.8000,5217.6000,5217.4000,5217.2000,5213.0000,5219.6000,5220.2000,5223.0000,5228.8000,5231.6000,1,1,1,1,1,1,2,1,2,5
SF,IC2007,2020-05-26 09:30:39.500,5219.2000,5096,0,79344280.000,0,-,-,-,-,5218.0000,5217.8000,5217.6000,5217.4000,5213.0000,5220.2000,5223.0000,5228.8000,5231.6000,5232.4000,1,1,1,1,1,2,1,2,5,2
SF,IC2007,2020-05-26 09:30:40.000,5219.2000,5096,0,79344280.000,0,-,-,-,-,5218.2000,5218.0000,5217.8000,5217.6000,5213.0000,5220.2000,5223.0000,5228.8000,5231.6000,5232.4000,1,1,1,1,1,2,1,2,5,2
SF,IC2007,2020-05-26 09:30:40.500,5219.2000,5096,0,79344280.000,0,-,-,-,-,5218.4000,5218.2000,5217.8000,5217.6000,5213.0000,5220.2000,5223.0000,5228.8000,5231.6000,5232.4000,1,1,1,1,1,2,1,2,5,2
SF,IC2007,2020-05-26 09:30:41.000,5219.2000,5096,0,79344280.000,0,-,-,-,-,5219.2000,5218.8000,5218.6000,5218.4000,5213.0000,5220.2000,5223.0000,5228.8000,5231.6000,5232.4000,1,1,1,1,1,2,1,2,5,2
SF,IC2007,2020-05-26 09:30:42.000,5219.2000,5096,0,80388120.000,1,0,1,多换,S,5218.6000,5218.4000,5213.0000,5212.0000,5208.4000,5220.2000,5223.0000,5228.8000,5231.6000,5232.4000,1,1,1,3,5,2,1,2,5,2
SF,IC2007,2020-05-26 09:30:42.500,5219.2000,5096,0,80388120.000,0,-,-,-,-,5213.0000,5212.0000,5208.4000,5207.2000,5200.2000,5220.0000,5220.2000,5220.4000,5223.0000,5228.8000,1,3,5,2,2,2,2,1,1,2
SF,IC2007,2020-05-26 09:30:43.000,5219.2000,5096,0,80388120.000,0,-,-,-,-,5216.0000,5215.8000,5215.6000,5215.0000,5214.2000,5219.8000,5220.0000,5220.2000,5220.4000,5223.0000,1,1,2,5,1,1,2,2,1,1
SF,IC2007,2020-05-26 09:30:43.500,5219.2000,5096,0,80388120.000,0,-,-,-,-,5216.4000,5216.2000,5216.0000,5215.8000,5215.6000,5219.6000,5219.8000,5220.0000,5220.2000,5220.4000,1,2,1,1,2,1,1,1,2,1
SF,IC2007,2020-05-26 09:30:44.000,5219.2000,5096,0,80388120.000,0,-,-,-,-,5216.6000,5216.4000,5216.0000,5215.8000,5215.6000,5219.4000,5219.6000,5220.0000,5220.2000,5220.4000,2,1,1,1,2,1,1,1,2,1
SF,IC2007,2020-05-26 09:30:44.500,5219.2000,5096,0,80388120.000,0,-,-,-,-,5217.0000,5216.6000,5216.0000,5215.8000,5215.6000,5219.2000,5219.4000,5220.0000,5220.2000,5220.4000,1,2,1,1,2,1,1,1,2,1
SF,IC2007,2020-05-26 09:30:45.000,5219.2000,5096,0,80388120.000,0,-,-,-,-,5217.2000,5217.0000,5216.0000,5215.8000,5215.6000,5219.2000,5219.4000,5220.2000,5220.4000,5222.2000,2,1,1,1,2,1,1,2,1,1
SF,IC2007,2020-05-26 09:30:45.500,5219.2000,5096,0,80388120.000,0,-,-,-,-,5217.6000,5217.2000,5216.0000,5215.8000,5215.6000,5219.2000,5219.4000,5220.2000,5222.2000,5223.0000,1,2,1,1,2,1,1,2,1,1
SF,IC2007,2020-05-26 09:30:46.000,5219.2000,5096,0,80388120.000,0,-,-,-,-,5217.2000,5216.0000,5215.8000,5215.6000,5215.0000,5219.2000,5220.2000,5221.0000,5222.2000,5223.0000,2,1,1,2,5,1,2,1,1,1
SF,IC2007,2020-05-26 09:30:46.500,5219.2000,5096,0,80388120.000,0,-,-,-,-,5217.6000,5217.2000,5216.0000,5215.8000,5215.6000,5219.2000,5220.2000,5221.0000,5222.2000,5223.0000,1,2,1,1,2,1,2,1,1,1
SF,IC2007,2020-05-26 09:30:47.000,5219.2000,5096,0,80388120.000,0,-,-,-,-,5217.8000,5217.6000,5217.2000,5216.0000,5215.8000,5220.2000,5221.0000,5222.2000,5223.0000,5228.8000,1,1,1,1,1,2,1,1,1,2
SF,IC2007,2020-05-26 09:30:47.500,5219.2000,5096,0,80388120.000,0,-,-,-,-,5217.8000,5217.6000,5217.2000,5216.0000,5215.8000,5220.0000,5220.2000,5221.0000,5222.2000,5223.0000,1,1,1,1,1,1,2,1,1,1
SF,IC2007,2020-05-26 09:30:48.500,5219.2000,5096,0,80388120.000,0,-,-,-,-,5217.8000,5217.6000,5217.2000,5216.0000,5215.8000,5220.0000,5220.2000,5221.0000,5222.2000,5223.0000,1,1,1,1,1,1,2,1,1,1
SF,IC2007,2020-05-26 09:30:49.000,5219.2000,5096,0,80388120.000,0,-,-,-,-,5217.6000,5217.2000,5216.0000,5215.8000,5215.6000,5219.8000,5220.0000,5220.2000,5221.0000,5222.2000,1,1,1,1,2,1,1,2,1,1
SF,IC2007,2020-05-26 09:30:49.500,5219.2000,5096,0,80388120.000,0,-,-,-,-,5217.2000,5216.0000,5215.8000,5215.6000,5215.0000,5219.6000,5219.8000,5220.2000,5221.0000,5222.2000,1,1,1,2,5,1,1,2,1,1
SF,IC2007,2020-05-26 09:30:50.000,5219.2000,5096,0,80388120.000,0,-,-,-,-,5217.2000,5216.0000,5215.8000,5215.6000,5215.0000,5219.0000,5219.4000,5219.6000,5219.8000,5220.2000,1,1,1,2,5,1,1,1,1,2
SF,IC2007,2020-05-26 09:30:50.500,5219.2000,5096,0,80388120.000,0,-,-,-,-,5216.0000,5215.8000,5215.6000,5215.0000,5214.2000,5218.8000,5219.0000,5219.8000,5220.2000,5221.0000,1,1,2,4,1,1,1,1,2,1
SF,IC2007,2020-05-26 09:30:51.000,5219.2000,5096,0,80388120.000,0,-,-,-,-,5216.2000,5216.0000,5215.0000,5214.2000,5213.4000,5218.6000,5218.8000,5219.0000,5219.8000,5220.2000,2,1,3,1,2,1,1,1,1,2
SF,IC2007,2020-05-26 09:30:51.500,5219.2000,5096,0,80388120.000,0,-,-,-,-,5216.2000,5216.0000,5215.0000,5214.2000,5213.4000,5218.4000,5218.6000,5219.0000,5219.8000,5220.2000,1,1,3,1,2,1,1,1,1,2
SF,IC2007,2020-05-26 09:30:52.000,5219.2000,5096,0,80388120.000,0,-,-,-,-,5216.2000,5216.0000,5215.0000,5214.2000,5213.4000,5218.4000,5218.6000,5219.0000,5219.8000,5220.2000,1,1,3,1,2,1,1,1,1,2
SF,IC2007,2020-05-26 09:30:52.500,5216.2000,5096,0,81431360.000,1,0,1,多换,S,5215.0000,5213.4000,5213.0000,5212.0000,5208.4000,5218.2000,5218.4000,5218.6000,5219.0000,5219.8000,2,1,1,3,5,2,1,1,1,1
SF,IC2007,2020-05-26 09:30:53.000,5216.2000,5096,0,81431360.000,0,-,-,-,-,5215.2000,5213.4000,5213.0000,5212.0000,5208.4000,5218.0000,5218.2000,5219.0000,5219.8000,5220.2000,1,1,1,3,5,2,2,1,1,2
SF,IC2007,2020-05-26 09:30:53.500,5216.2000,5096,0,81431360.000,0,-,-,-,-,5215.2000,5213.4000,5213.0000,5212.0000,5208.4000,5217.8000,5218.0000,5218.2000,5219.0000,5219.8000,1,1,1,3,5,1,2,1,1,1
SF,IC2007,2020-05-26 09:30:54.000,5216.2000,5096,0,81431360.000,0,-,-,-,-,5213.4000,5213.0000,5212.0000,5207.2000,5202.6000,5217.6000,5217.8000,5218.2000,5219.0000,5219.8000,1,1,3,2,5,2,1,1,1,1
SF,IC2007,2020-05-26 09:30:54.500,5216.2000,5096,0,81431360.000,0,-,-,-,-,5213.8000,5213.6000,5213.4000,5213.0000,5212.0000,5217.4000,5217.6000,5217.8000,5219.0000,5219.8000,1,2,1,1,3,1,2,2,1,1
SF,IC2007,2020-05-26 09:30:55.000,5216.2000,5096,0,81431360.000,0,-,-,-,-,5214.2000,5214.0000,5213.6000,5213.4000,5213.0000,5215.2000,5217.2000,5217.4000,5217.8000,5219.0000,1,1,1,1,1,1,2,1,2,1
SF,IC2007,2020-05-26 09:30:55.500,5215.4000,5095,-1,82474440.000,1,0,1,双平,S,5214.4000,5213.6000,5213.0000,5212.0000,5207.2000,5217.2000,5217.4000,5217.8000,5219.0000,5219.8000,1,1,1,3,2,2,1,2,1,1
SF,IC2007,2020-05-26 09:30:56.000,5215.4000,5095,0,82474440.000,0,-,-,-,-,5214.4000,5213.6000,5213.0000,5212.0000,5207.2000,5217.0000,5217.2000,5217.8000,5219.0000,5219.8000,1,1,1,3,2,1,2,2,1,1
SF,IC2007,2020-05-26 09:30:56.500,5215.4000,5095,0,82474440.000,0,-,-,-,-,5214.4000,5213.6000,5213.0000,5212.0000,5207.2000,5216.8000,5217.0000,5217.8000,5219.0000,5219.8000,1,1,1,3,2,2,1,2,1,1
SF,IC2007,2020-05-26 09:30:57.000,5215.4000,5095,0,82474440.000,0,-,-,-,-,5214.4000,5213.6000,5213.0000,5212.0000,5207.2000,5216.6000,5216.8000,5217.8000,5219.8000,5220.0000,1,1,1,3,2,1,2,2,1,5
SF,IC2007,2020-05-26 09:30:57.500,5215.4000,5095,0,82474440.000,0,-,-,-,-,5214.4000,5213.6000,5213.0000,5212.0000,5207.2000,5216.4000,5216.6000,5216.8000,5217.8000,5219.8000,1,1,1,3,2,1,1,1,2,1
SF,IC2007,2020-05-26 09:30:58.000,5215.4000,5095,0,82474440.000,0,-,-,-,-,5213.6000,5213.0000,5212.0000,5207.2000,5202.6000,5216.2000,5216.4000,5216.8000,5217.8000,5219.8000,1,1,3,2,5,1,1,1,2,1
SF,IC2007,2020-05-26 09:30:58.500,5215.4000,5095,0,82474440.000,0,-,-,-,-,5213.8000,5213.0000,5212.0000,5207.2000,5202.6000,5216.0000,5216.2000,5217.8000,5219.8000,5220.2000,1,1,3,2,5,2,1,2,1,2
SF,IC2007,2020-05-26 09:30:59.000,5215.4000,5095,0,82474440.000,0,-,-,-,-,5213.8000,5213.0000,5212.0000,5207.2000,5202.6000,5215.8000,5216.0000,5217.8000,5219.8000,5220.2000,1,1,3,2,5,1,2,1,1,2
SF,IC2007,2020-05-26 09:30:59.500,5215.4000,5095,0,82474440.000,0,-,-,-,-,5213.8000,5213.0000,5212.0000,5207.2000,5202.6000,5215.8000,5216.0000,5219.8000,5220.2000,5221.0000,1,1,3,2,5,1,2,1,2,1
SF,IC2007,2020-05-26 09:31:00.500,5215.4000,5095,0,82474440.000,0,-,-,-,-,5213.8000,5213.0000,5212.0000,5207.2000,5202.6000,5216.0000,5219.8000,5220.2000,5221.0000,5222.2000,1,1,3,2,5,2,1,2,1,1
SF,IC2007,2020-05-26 09:31:01.000,5215.4000,5095,0,82474440.000,0,-,-,-,-,5213.0000,5212.0000,5207.2000,5202.6000,5200.2000,5215.8000,5216.0000,5217.6000,5219.8000,5220.2000,1,3,2,5,2,2,2,1,1,2
SF,IC2007,2020-05-26 09:31:01.500,5215.4000,5095,0,82474440.000,0,-,-,-,-,5213.4000,5213.2000,5213.0000,5212.0000,5207.2000,5215.6000,5216.0000,5217.6000,5219.8000,5220.2000,1,1,1,3,2,1,1,1,1,2
SF,IC2007,2020-05-26 09:31:02.000,5215.6000,5095,0,83517560.000,1,0,1,多换,S,5213.6000,5213.4000,5213.0000,5212.0000,5207.2000,5217.6000,5219.8000,5220.2000,5221.0000,5222.2000,2,1,1,3,2,1,1,2,1,1
SF,IC2007,2020-05-26 09:31:02.500,5215.6000,5095,0,83517560.000,0,-,-,-,-,5214.0000,5213.8000,5213.6000,5213.0000,5212.0000,5217.6000,5219.8000,5220.2000,5221.0000,5222.2000,3,2,2,1,3,1,1,2,1,1
SF,IC2007,2020-05-26 09:31:03.000,5215.6000,5095,0,83517560.000,0,-,-,-,-,5214.2000,5214.0000,5213.8000,5213.0000,5212.0000,5217.6000,5219.8000,5220.2000,5221.0000,5222.2000,3,3,2,1,3,1,1,2,1,1
SF,IC2007,2020-05-26 09:31:03.500,5217.0000,5094,-1,84560960.000,1,0,1,双平,S,5214.6000,5214.4000,5214.2000,5214.0000,5213.8000,5217.6000,5219.8000,5220.2000,5221.0000,5222.2000,1,2,2,2,2,1,1,2,1,1
SF,IC2007,2020-05-26 09:31:04.000,5217.0000,5094,0,84560960.000,0,-,-,-,-,5215.0000,5214.8000,5214.4000,5214.0000,5213.8000,5217.6000,5219.8000,5220.2000,5221.0000,5222.2000,1,3,1,2,2,1,1,2,1,1
SF,IC2007,2020-05-26 09:31:04.500,5217.6000,5093,-1,85604480.000,1,0,1,双平,S,5215.4000,5215.2000,5215.0000,5214.4000,5213.0000,5219.8000,5220.2000,5221.0000,5222.2000,5225.8000,1,5,3,1,1,1,2,1,1,5
SF,IC2007,2020-05-26 09:31:05.000,5217.6000,5093,0,85604480.000,0,-,-,-,-,5216.0000,5215.8000,5215.6000,5215.4000,5215.2000,5219.6000,5219.8000,5220.2000,5221.0000,5222.2000,2,3,3,1,2,2,1,2,1,1
SF,IC2007,2020-05-26 09:31:05.500,5217.6000,5093,0,85604480.000,0,-,-,-,-,5216.4000,5216.2000,5216.0000,5215.8000,5215.4000,5219.6000,5219.8000,5220.2000,5221.0000,5222.2000,1,3,2,2,1,2,1,2,1,1
SF,IC2007,2020-05-26 09:31:06.000,5217.6000,5093,0,85604480.000,0,-,-,-,-,5217.6000,5216.6000,5216.4000,5216.0000,5215.8000,5219.6000,5219.8000,5220.2000,5221.0000,5222.2000,1,3,1,2,2,2,1,2,1,1
SF,IC2007,2020-05-26 09:31:06.500,5219.6000,5093,0,86648400.000,1,0,1,多换,S,5217.6000,5216.6000,5216.4000,5216.0000,5215.8000,5219.6000,5219.8000,5220.2000,5221.0000,5222.2000,1,2,1,2,2,1,1,2,1,1
SF,IC2007,2020-05-26 09:31:07.000,5219.6000,5093,0,86648400.000,0,-,-,-,-,5217.8000,5217.6000,5216.6000,5216.4000,5216.0000,5219.6000,5219.8000,5220.2000,5221.0000,5222.2000,1,1,1,1,2,1,1,2,1,1
SF,IC2007,2020-05-26 09:31:07.500,5219.6000,5093,0,86648400.000,0,-,-,-,-,5217.6000,5216.6000,5216.4000,5216.0000,5215.8000,5219.6000,5219.8000,5220.2000,5221.0000,5222.2000,1,1,1,2,2,1,1,2,1,1
SF,IC2007,2020-05-26 09:31:08.000,5219.6000,5093,0,86648400.000,0,-,-,-,-,5217.8000,5217.6000,5216.6000,5216.4000,5216.0000,5219.6000,5219.8000,5220.2000,5221.0000,5222.2000,1,1,1,1,2,1,1,2,1,1
SF,IC2007,2020-05-26 09:31:09.500,5219.6000,5093,0,86648400.000,0,-,-,-,-,5217.8000,5217.6000,5216.6000,5216.4000,5216.0000,5219.6000,5219.8000,5220.2000,5221.0000,5222.2000,1,1,1,1,2,1,1,2,1,1
SF,IC2007,2020-05-26 09:31:10.000,5219.6000,5092,-1,87692320.000,1,0,1,双平,S,5217.8000,5217.6000,5216.6000,5216.4000,5216.0000,5219.8000,5220.0000,5220.2000,5221.0000,5222.2000,1,1,1,1,2,1,1,2,1,1
SF,IC2007,2020-05-26 09:31:10.500,5219.8000,5091,-1,88736280.000,1,0,1,双平,S,5218.0000,5217.8000,5217.6000,5216.6000,5216.4000,5220.0000,5220.2000,5221.0000,5222.2000,5225.8000,1,1,1,1,1,1,2,1,1,5
SF,IC2007,2020-05-26 09:31:11.000,5220.0000,5091,0,89780280.000,1,0,1,多换,S,5218.4000,5218.2000,5218.0000,5217.6000,5216.6000,5220.2000,5221.0000,5222.2000,5225.8000,5228.8000,1,1,1,1,1,2,1,1,5,2
SF,IC2007,2020-05-26 09:31:11.500,5220.2000,5088,-3,92912400.000,3,0,3,双平,S,5218.6000,5218.4000,5217.6000,5216.6000,5216.0000,5221.0000,5222.2000,5225.8000,5228.8000,5230.0000,2,1,1,1,2,1,1,5,2,2
SF,IC2007,2020-05-26 09:31:12.000,5220.2000,5088,0,92912400.000,0,-,-,-,-,5218.6000,5218.4000,5217.6000,5216.6000,5216.0000,5221.0000,5222.2000,5225.8000,5228.8000,5230.0000,2,1,1,1,2,1,1,5,2,2
SF,IC2007,2020-05-26 09:31:12.500,5220.2000,5088,0,92912400.000,0,-,-,-,-,5219.0000,5218.6000,5217.6000,5216.6000,5216.0000,5221.0000,5222.2000,5225.8000,5228.8000,5230.0000,2,2,1,1,1,1,1,5,2,2
SF,IC2007,2020-05-26 09:31:13.000,5220.2000,5088,0,92912400.000,0,-,-,-,-,5219.2000,5219.0000,5217.6000,5216.6000,5216.0000,5221.0000,5222.2000,5225.8000,5228.8000,5230.0000,2,1,1,1,1,1,1,5,2,2
SF,IC2007,2020-05-26 09:31:14.000,5220.2000,5088,0,92912400.000,0,-,-,-,-,5219.6000,5219.2000,5217.6000,5216.6000,5216.0000,5221.0000,5222.2000,5225.8000,5228.8000,5230.0000,1,2,1,1,1,1,1,5,2,2
SF,IC2007,2020-05-26 09:31:14.500,5220.2000,5088,0,92912400.000,0,-,-,-,-,5219.2000,5217.6000,5216.6000,5216.0000,5215.2000,5221.0000,5222.2000,5225.8000,5228.8000,5230.0000,2,1,1,1,2,1,1,5,2,2
SF,IC2007,2020-05-26 09:31:15.000,5220.2000,5088,0,92912400.000,0,-,-,-,-,5219.6000,5219.2000,5217.6000,5216.6000,5216.0000,5221.0000,5222.2000,5225.8000,5228.8000,5230.0000,1,2,1,1,1,1,1,5,2,2
SF,IC2007,2020-05-26 09:31:15.500,5220.0000,5087,-1,93956400.000,1,0,1,双平,S,5220.0000,5219.8000,5217.6000,5216.6000,5216.0000,5221.0000,5222.2000,5225.8000,5228.8000,5230.0000,1,2,1,1,1,1,1,5,2,2
SF,IC2007,2020-05-26 09:31:16.000,5221.0000,5086,-1,95000600.000,1,0,1,双平,S,5220.2000,5217.6000,5216.6000,5216.0000,5215.2000,5222.2000,5225.8000,5228.8000,5230.0000,5232.0000,1,1,1,1,2,1,5,2,2,1
SF,IC2007,2020-05-26 09:31:16.500,5221.0000,5086,0,95000600.000,0,-,-,-,-,5220.2000,5217.6000,5216.6000,5216.0000,5215.2000,5222.2000,5225.8000,5228.8000,5230.0000,5232.0000,1,1,1,1,2,1,5,2,2,1
SF,IC2007,2020-05-26 09:31:17.000,5221.0000,5086,0,95000600.000,0,-,-,-,-,5220.2000,5217.6000,5216.6000,5216.0000,5215.2000,5222.2000,5225.8000,5228.8000,5230.0000,5232.0000,1,1,1,1,2,1,5,2,2,1
SF,IC2007,2020-05-26 09:31:18.500,5220.2000,5085,-1,96044640.000,1,0,1,双平,S,5217.6000,5216.6000,5216.0000,5215.2000,5212.0000,5222.2000,5225.8000,5228.8000,5230.0000,5232.0000,1,1,1,2,3,1,5,2,2,1
SF,IC2007,2020-05-26 09:31:19.000,5220.2000,5085,0,96044640.000,0,-,-,-,-,5218.2000,5218.0000,5217.8000,5217.6000,5215.2000,5222.0000,5222.2000,5225.8000,5228.8000,5230.0000,2,4,3,1,2,1,1,5,2,2
SF,IC2007,2020-05-26 09:31:19.500,5220.2000,5085,0,96044640.000,0,-,-,-,-,5218.6000,5218.4000,5218.2000,5218.0000,5217.6000,5222.0000,5222.2000,5225.8000,5228.8000,5230.0000,2,3,1,2,1,1,1,5,2,2
SF,IC2007,2020-05-26 09:31:20.000,5220.2000,5085,0,96044640.000,0,-,-,-,-,5219.0000,5218.8000,5218.6000,5218.2000,5218.0000,5222.0000,5222.2000,5225.8000,5228.8000,5230.0000,1,3,1,1,2,1,1,5,2,2
SF,IC2007,2020-05-26 09:31:20.500,5220.2000,5085,0,96044640.000,0,-,-,-,-,5219.2000,5219.0000,5218.6000,5218.2000,5218.0000,5222.0000,5222.2000,5225.8000,5228.8000,5230.0000,3,1,1,1,2,1,1,5,2,2
SF,IC2007,2020-05-26 09:31:21.000,5220.2000,5085,0,96044640.000,0,-,-,-,-,5219.6000,5219.2000,5218.6000,5218.2000,5218.0000,5222.0000,5222.2000,5225.8000,5228.8000,5230.0000,1,3,1,1,2,1,1,5,2,2
SF,IC2007,2020-05-26 09:31:21.500,5220.2000,5085,0,96044640.000,0,-,-,-,-,5219.8000,5219.6000,5219.2000,5218.6000,5218.2000,5222.0000,5222.2000,5225.8000,5228.8000,5230.0000,2,1,1,1,1,1,1,5,2,2
SF,IC2007,2020-05-26 09:31:22.000,5222.0000,5084,-1,97089040.000,1,0,1,双平,S,5220.2000,5219.8000,5218.6000,5218.2000,5218.0000,5222.2000,5225.8000,5228.8000,5230.0000,5232.0000,1,2,1,1,2,1,5,2,2,1
SF,IC2007,2020-05-26 09:31:22.500,5220.4000,5084,0,99177560.000,2,1,1,多换,S,5220.4000,5220.2000,5218.6000,5218.2000,5218.0000,5225.8000,5228.8000,5230.0000,5232.0000,5232.4000,1,1,1,1,2,5,2,2,1,2
SF,IC2007,2020-05-26 09:31:23.000,5220.4000,5084,0,99177560.000,0,-,-,-,-,5220.8000,5220.4000,5218.6000,5218.0000,5217.6000,5223.8000,5224.2000,5224.8000,5225.2000,5225.6000,1,1,1,2,1,1,1,2,2,5
SF,IC2007,2020-05-26 09:31:23.500,5220.4000,5084,0,99177560.000,0,-,-,-,-,5221.0000,5220.8000,5218.6000,5218.0000,5217.6000,5223.6000,5224.2000,5224.8000,5225.2000,5225.6000,1,1,1,2,1,1,1,2,2,4
SF,IC2007,2020-05-26 09:31:24.000,5223.6000,5084,0,100222280.000,1,0,1,多换,S,5221.4000,5221.2000,5221.0000,5218.6000,5218.0000,5225.2000,5225.6000,5228.8000,5230.0000,5231.6000,1,2,1,1,2,2,2,2,2,5
SF,IC2007,2020-05-26 09:31:24.500,5223.6000,5084,0,100222280.000,0,-,-,-,-,5221.6000,5221.4000,5218.6000,5217.6000,5212.0000,5225.0000,5225.6000,5228.8000,5230.0000,5231.6000,4,1,1,1,3,1,1,2,2,5
SF,IC2007,2020-05-26 09:31:25.000,5225.0000,5083,-1,101267280.000,1,0,1,双平,S,5222.0000,5221.8000,5221.6000,5217.6000,5212.0000,5228.8000,5230.0000,5231.6000,5232.0000,5232.4000,2,2,4,1,3,2,2,5,1,2
SF,IC2007,2020-05-26 09:31:25.500,5225.0000,5083,0,101267280.000,0,-,-,-,-,5222.2000,5222.0000,5221.8000,5221.6000,5217.6000,5226.6000,5227.0000,5227.6000,5228.0000,5228.6000,3,2,2,1,1,1,1,2,2,3
SF,IC2007,2020-05-26 09:31:26.000,5225.0000,5083,0,101267280.000,0,-,-,-,-,5225.0000,5222.6000,5222.2000,5222.0000,5221.8000,5226.4000,5226.6000,5227.0000,5227.6000,5227.8000,1,1,3,1,2,1,1,1,2,1
SF,IC2007,2020-05-26 09:31:26.500,5225.0000,5082,-1,102312280.000,1,0,1,双平,S,5222.6000,5222.2000,5222.0000,5221.8000,5221.6000,5225.0000,5226.2000,5226.4000,5226.6000,5227.8000,1,3,1,2,1,1,2,1,1,1
SF,IC2007,2020-05-26 09:31:27.000,5225.0000,5082,0,102312280.000,0,-,-,-,-,5223.0000,5222.8000,5222.2000,5222.0000,5221.8000,5226.6000,5227.8000,5228.0000,5228.6000,5228.8000,1,2,1,1,2,1,1,2,1,2
SF,IC2007,2020-05-26 09:31:27.500,5226.4000,5082,0,103357560.000,1,0,1,多换,S,5223.2000,5223.0000,5222.0000,5221.8000,5217.6000,5227.8000,5228.0000,5228.6000,5228.8000,5230.0000,3,1,1,2,1,1,2,1,2,2
SF,IC2007,2020-05-26 09:31:28.000,5226.4000,5082,0,103357560.000,0,-,-,-,-,5223.6000,5223.2000,5222.0000,5221.8000,5217.6000,5225.8000,5227.4000,5227.6000,5227.8000,5228.6000,1,3,1,2,1,1,1,3,1,1
SF,IC2007,2020-05-26 09:31:28.500,5226.4000,5082,0,103357560.000,0,-,-,-,-,5223.8000,5223.2000,5222.0000,5221.8000,5217.6000,5225.8000,5227.4000,5227.6000,5227.8000,5228.6000,1,2,1,2,1,1,1,3,1,1
SF,IC2007,2020-05-26 09:31:29.000,5226.4000,5082,0,103357560.000,0,-,-,-,-,5224.2000,5224.0000,5223.8000,5223.2000,5222.0000,5225.6000,5225.8000,5227.4000,5227.6000,5227.8000,1,1,1,1,1,1,1,1,3,1
SF,IC2007,2020-05-26 09:31:29.500,5226.4000,5082,0,103357560.000,0,-,-,-,-,5224.4000,5223.2000,5222.0000,5221.8000,5217.6000,5225.6000,5225.8000,5227.4000,5227.6000,5227.8000,1,1,1,2,1,1,1,1,3,3
SF,IC2007,2020-05-26 09:31:30.000,5226.4000,5082,0,104402840.000,1,0,1,多换,S,5224.4000,5223.2000,5222.0000,5221.8000,5212.0000,5225.8000,5227.4000,5227.6000,5227.8000,5228.6000,1,1,1,2,3,1,1,3,3,1
SF,IC2007,2020-05-26 09:31:30.500,5225.8000,5081,-1,105448000.000,1,0,1,双平,S,5224.8000,5223.2000,5222.0000,5221.8000,5217.0000,5227.4000,5227.8000,5228.8000,5229.4000,5230.0000,1,1,1,2,1,1,3,2,2,2
SF,IC2007,2020-05-26 09:31:31.000,5225.8000,5081,0,105448000.000,0,-,-,-,-,5225.0000,5224.8000,5222.0000,5221.8000,5217.0000,5227.8000,5228.8000,5229.4000,5230.0000,5231.6000,2,1,1,2,1,3,2,2,2,5
SF,IC2007,2020-05-26 09:31:31.500,5225.8000,5081,0,105448000.000,0,-,-,-,-,5225.0000,5224.8000,5222.0000,5221.8000,5212.0000,5227.8000,5228.8000,5229.4000,5230.0000,5231.6000,2,1,1,2,3,3,2,2,2,5
SF,IC2007,2020-05-26 09:31:32.000,5225.8000,5081,0,105448000.000,0,-,-,-,-,5225.2000,5225.0000,5224.8000,5222.0000,5221.8000,5227.6000,5227.8000,5228.8000,5229.4000,5230.0000,1,2,1,1,2,1,3,2,2,2
SF,IC2007,2020-05-26 09:31:32.500,5225.8000,5081,0,105448000.000,0,-,-,-,-,5225.4000,5225.2000,5225.0000,5224.8000,5222.0000,5227.6000,5227.8000,5228.8000,5229.4000,5230.0000,1,1,1,1,1,1,3,2,2,2
SF,IC2007,2020-05-26 09:31:33.000,5225.4000,5081,0,106493080.000,1,0,1,多换,S,5225.2000,5225.0000,5224.8000,5222.0000,5221.8000,5227.6000,5227.8000,5228.8000,5229.4000,5230.0000,1,1,1,1,2,1,2,2,2,2
SF,IC2007,2020-05-26 09:31:33.500,5225.4000,5081,0,106493080.000,0,-,-,-,-,5225.0000,5224.8000,5222.0000,5221.8000,5212.0000,5227.6000,5227.8000,5228.8000,5229.4000,5230.0000,1,1,1,2,3,3,2,2,2,2
SF,IC2007,2020-05-26 09:31:34.000,5225.4000,5081,0,106493080.000,0,-,-,-,-,5225.2000,5225.0000,5224.8000,5222.0000,5221.8000,5227.4000,5227.6000,5227.8000,5228.8000,5229.4000,1,1,1,1,2,1,3,2,2,2
SF,IC2007,2020-05-26 09:31:34.500,5225.4000,5081,0,106493080.000,0,-,-,-,-,5225.2000,5224.8000,5222.0000,5221.8000,5212.0000,5227.2000,5227.4000,5227.6000,5227.8000,5228.8000,1,1,1,2,3,1,1,2,2,2
SF,IC2007,2020-05-26 09:31:35.000,5225.4000,5081,0,106493080.000,0,-,-,-,-,5225.2000,5222.0000,5221.8000,5212.0000,5208.4000,5227.2000,5227.4000,5227.6000,5227.8000,5228.8000,1,1,2,3,5,2,1,2,2,2
SF,IC2007,2020-05-26 09:31:36.000,5225.4000,5081,0,106493080.000,0,-,-,-,-,5225.2000,5222.0000,5221.8000,5212.0000,5208.4000,5227.2000,5227.4000,5227.6000,5227.8000,5228.8000,1,1,2,3,5,1,1,2,2,2
SF,IC2007,2020-05-26 09:31:36.500,5225.4000,5081,0,106493080.000,0,-,-,-,-,5225.2000,5222.0000,5221.8000,5212.0000,5208.4000,5227.2000,5227.4000,5227.8000,5228.8000,5229.4000,1,1,2,3,5,1,1,2,2,2
SF,IC2007,2020-05-26 09:31:37.000,5225.2000,5080,-1,107538120.000,1,0,1,双平,S,5222.0000,5221.8000,5212.0000,5208.4000,5207.2000,5227.2000,5227.8000,5228.8000,5229.4000,5230.0000,1,2,3,5,2,1,2,2,2,2
SF,IC2007,2020-05-26 09:31:37.500,5225.2000,5080,0,107538120.000,0,-,-,-,-,5222.8000,5222.4000,5222.2000,5222.0000,5221.8000,5227.2000,5227.8000,5228.8000,5229.4000,5230.0000,2,1,2,2,2,1,2,2,2,2
SF,IC2007,2020-05-26 09:31:38.000,5225.2000,5080,0,107538120.000,0,-,-,-,-,5223.2000,5223.0000,5222.8000,5222.0000,5221.8000,5226.6000,5226.8000,5227.2000,5227.8000,5228.8000,1,2,1,2,2,1,1,1,2,2
SF,IC2007,2020-05-26 09:31:38.500,5225.2000,5080,0,107538120.000,0,-,-,-,-,5223.4000,5223.2000,5222.8000,5222.0000,5221.8000,5226.4000,5226.8000,5227.8000,5228.8000,5229.4000,2,1,1,1,2,1,1,2,2,2
SF,IC2007,2020-05-26 09:31:39.500,5225.2000,5080,0,107538120.000,0,-,-,-,-,5223.8000,5223.4000,5222.8000,5222.0000,5221.8000,5226.4000,5226.8000,5227.8000,5228.8000,5229.4000,1,2,1,1,2,1,1,2,2,2
SF,IC2007,2020-05-26 09:31:40.000,5225.2000,5080,0,107538120.000,0,-,-,-,-,5224.0000,5223.8000,5223.4000,5222.8000,5222.0000,5226.2000,5226.4000,5226.6000,5227.8000,5228.8000,1,1,1,1,1,1,1,1,2,2
SF,IC2007,2020-05-26 09:31:40.500,5225.2000,5080,0,107538120.000,0,-,-,-,-,5223.4000,5222.8000,5222.0000,5221.8000,5212.0000,5226.0000,5226.2000,5226.6000,5227.8000,5228.8000,1,1,1,2,3,1,3,1,2,2
SF,IC2007,2020-05-26 09:31:41.000,5225.2000,5080,0,107538120.000,0,-,-,-,-,5222.0000,5221.8000,5212.0000,5208.4000,5207.2000,5226.0000,5226.2000,5226.6000,5227.8000,5228.8000,1,2,3,5,2,1,3,1,2,2
SF,IC2007,2020-05-26 09:31:41.500,5225.2000,5080,0,107538120.000,0,-,-,-,-,5222.4000,5222.2000,5222.0000,5221.8000,5212.0000,5226.0000,5226.2000,5226.6000,5226.8000,5227.8000,2,2,1,2,3,1,1,1,1,2
SF,IC2007,2020-05-26 09:31:42.000,5225.2000,5080,0,107538120.000,0,-,-,-,-,5222.6000,5222.4000,5222.0000,5221.8000,5212.0000,5226.0000,5226.2000,5226.6000,5226.8000,5227.8000,2,2,1,2,3,1,2,1,1,2
SF,IC2007,2020-05-26 09:31:42.500,5225.2000,5080,0,107538120.000,0,-,-,-,-,5223.0000,5222.8000,5222.6000,5222.4000,5222.0000,5226.0000,5226.6000,5226.8000,5227.8000,5228.8000,1,1,2,1,1,1,1,1,2,2
SF,IC2007,2020-05-26 09:31:43.000,5225.2000,5080,0,107538120.000,0,-,-,-,-,5223.2000,5223.0000,5222.4000,5222.0000,5221.8000,5226.0000,5226.6000,5226.8000,5228.8000,5229.4000,3,1,1,1,2,3,1,1,2,2
SF,IC2007,2020-05-26 09:31:43.500,5225.2000,5080,0,107538120.000,0,-,-,-,-,5223.6000,5223.2000,5222.4000,5222.0000,5221.8000,5226.0000,5226.6000,5226.8000,5228.8000,5229.4000,1,3,1,1,2,3,1,1,2,2
SF,IC2007,2020-05-26 09:31:44.000,5223.6000,5079,-1,108582840.000,1,0,1,双平,S,5223.2000,5222.4000,5222.0000,5221.8000,5217.8000,5226.0000,5226.6000,5226.8000,5228.8000,5229.4000,3,1,1,2,1,3,1,1,2,2
SF,IC2007,2020-05-26 09:31:44.500,5223.6000,5079,0,108582840.000,0,-,-,-,-,5223.2000,5222.4000,5222.0000,5221.8000,5217.8000,5226.0000,5226.2000,5226.6000,5226.8000,5228.8000,3,1,1,2,1,3,2,1,1,2
SF,IC2007,2020-05-26 09:31:45.000,5223.2000,5078,-1,109627480.000,1,0,1,双平,S,5223.4000,5223.2000,5221.8000,5217.8000,5212.0000,5225.8000,5226.0000,5226.2000,5226.6000,5226.8000,1,1,2,1,3,1,3,2,1,1
SF,IC2007,2020-05-26 09:31:45.500,5223.2000,5077,-1,111716800.000,2,0,2,多平,S,5221.8000,5217.8000,5212.0000,5208.4000,5207.2000,5225.6000,5225.8000,5226.0000,5226.2000,5226.6000,2,1,3,5,2,1,1,2,2,1
SF,IC2007,2020-05-26 09:31:46.000,5223.2000,5077,0,111716800.000,0,-,-,-,-,5222.2000,5222.0000,5221.8000,5217.8000,5212.0000,5225.2000,5225.4000,5225.6000,5225.8000,5226.0000,1,3,2,1,3,1,1,1,1,2
SF,IC2007,2020-05-26 09:31:46.500,5223.2000,5077,0,111716800.000,0,-,-,-,-,5222.4000,5222.2000,5222.0000,5221.8000,5217.8000,5225.0000,5225.2000,5225.8000,5226.0000,5226.2000,2,1,1,2,1,2,1,1,2,2
SF,IC2007,2020-05-26 09:31:47.000,5223.2000,5077,0,111716800.000,0,-,-,-,-,5222.8000,5222.4000,5222.0000,5221.8000,5217.8000,5225.0000,5225.2000,5225.8000,5226.0000,5226.6000,1,2,1,2,1,1,1,1,2,1
SF,IC2007,2020-05-26 09:31:47.500,5225.0000,5077,0,112761800.000,1,0,1,多换,S,5223.2000,5223.0000,5222.0000,5221.8000,5217.8000,5224.8000,5225.8000,5226.0000,5226.6000,5226.8000,1,2,1,2,1,1,1,2,1,1
SF,IC2007,2020-05-26 09:31:48.000,5224.8000,5076,-1,113806760.000,1,0,1,双平,S,5224.8000,5223.4000,5223.2000,5222.0000,5221.8000,5225.8000,5226.0000,5226.8000,5228.8000,5229.4000,1,2,1,1,2,1,2,1,2,2
SF,IC2007,2020-05-26 09:31:48.500,5224.8000,5076,0,114851720.000,1,0,1,多换,S,5223.8000,5223.4000,5223.2000,5222.0000,5221.8000,5225.6000,5225.8000,5226.0000,5226.8000,5228.8000,1,1,1,1,2,1,1,2,1,2
SF,IC2007,2020-05-26 09:31:49.500,5225.6000,5076,0,115896840.000,1,0,1,多换,S,5223.4000,5223.2000,5222.0000,5221.8000,5217.8000,5225.8000,5226.0000,5226.8000,5228.8000,5229.4000,1,1,1,2,1,1,2,1,2,2
SF,IC2007,2020-05-26 09:31:50.000,5225.6000,5076,0,115896840.000,0,-,-,-,-,5223.6000,5223.4000,5223.2000,5222.0000,5221.8000,5225.6000,5225.8000,5226.0000,5226.8000,5228.8000,1,1,1,1,2,1,1,2,1,2
SF,IC2007,2020-05-26 09:31:50.500,5225.6000,5076,0,115896840.000,0,-,-,-,-,5224.0000,5223.8000,5223.6000,5222.0000,5221.8000,5225.4000,5225.6000,5225.8000,5226.0000,5226.8000,1,2,1,1,2,1,1,1,2,1
SF,IC2007,2020-05-26 09:31:51.000,5225.6000,5076,0,115896840.000,0,-,-,-,-,5224.0000,5223.8000,5223.6000,5222.0000,5221.8000,5225.8000,5226.0000,5226.8000,5228.8000,5229.4000,1,2,1,1,2,1,2,1,2,2
SF,IC2007,2020-05-26 09:31:51.500,5225.6000,5076,0,115896840.000,0,-,-,-,-,5224.2000,5224.0000,5222.0000,5221.8000,5217.8000,5225.8000,5226.0000,5226.8000,5228.8000,5229.4000,3,1,1,2,1,1,2,1,2,2
SF,IC2007,2020-05-26 09:31:52.000,5225.6000,5076,0,115896840.000,0,-,-,-,-,5224.6000,5224.2000,5222.0000,5221.8000,5217.8000,5226.0000,5226.8000,5228.8000,5229.4000,5230.0000,1,3,1,2,1,2,1,2,2,2
SF,IC2007,2020-05-26 09:31:52.500,5225.6000,5076,0,115896840.000,0,-,-,-,-,5224.8000,5224.6000,5224.2000,5222.0000,5221.8000,5226.0000,5226.8000,5228.8000,5229.4000,5230.0000,1,1,2,1,2,2,1,2,2,2
SF,IC2007,2020-05-26 09:31:53.000,5224.8000,5076,0,116941800.000,1,0,1,多换,S,5224.6000,5224.2000,5222.0000,5221.8000,5217.8000,5226.0000,5226.8000,5228.8000,5229.4000,5230.0000,1,2,1,2,1,2,1,2,2,2
SF,IC2007,2020-05-26 09:31:54.000,5224.2000,5075,-1,119031560.000,2,0,2,多平,S,5224.2000,5222.0000,5221.8000,5217.8000,5212.0000,5226.8000,5228.8000,5229.4000,5230.0000,5231.6000,1,1,2,1,3,1,2,2,2,5
SF,IC2007,2020-05-26 09:31:54.500,5224.2000,5075,0,119031560.000,0,-,-,-,-,5224.6000,5224.4000,5222.0000,5221.8000,5217.8000,5226.6000,5226.8000,5228.8000,5229.4000,5230.0000,1,1,1,2,1,1,1,2,2,2
SF,IC2007,2020-05-26 09:31:55.000,5224.2000,5075,0,119031560.000,0,-,-,-,-,5225.0000,5224.8000,5224.4000,5222.0000,5221.8000,5226.6000,5226.8000,5228.8000,5229.4000,5230.0000,1,1,1,1,2,1,1,2,2,2
SF,IC2007,2020-05-26 09:31:57.500,5224.8000,5074,-1,120076520.000,1,0,1,双平,S,5224.8000,5224.4000,5222.0000,5221.8000,5217.8000,5226.6000,5226.8000,5228.8000,5229.4000,5230.0000,1,1,1,2,1,1,1,2,2,2
SF,IC2007,2020-05-26 09:31:58.000,5224.8000,5074,0,120076520.000,0,-,-,-,-,5222.0000,5221.8000,5217.8000,5212.0000,5208.4000,5224.6000,5226.4000,5226.6000,5226.8000,5228.8000,1,2,1,3,5,1,1,1,1,2
SF,IC2007,2020-05-26 09:31:58.500,5224.8000,5074,0,120076520.000,0,-,-,-,-,5222.4000,5222.2000,5222.0000,5221.8000,5217.8000,5224.4000,5226.4000,5226.8000,5228.8000,5229.4000,2,2,1,2,1,1,1,1,2,2
SF,IC2007,2020-05-26 09:31:59.000,5224.8000,5074,0,120076520.000,0,-,-,-,-,5222.4000,5222.2000,5222.0000,5221.8000,5217.8000,5224.4000,5226.4000,5226.8000,5228.8000,5229.4000,1,2,1,2,1,1,1,1,2,2
SF,IC2007,2020-05-26 09:32:00.000,5224.8000,5074,0,120076520.000,0,-,-,-,-,5222.4000,5222.2000,5217.8000,5212.0000,5208.4000,5224.2000,5224.4000,5226.4000,5226.8000,5228.8000,1,1,1,3,5,1,1,1,1,2
SF,IC2007,2020-05-26 09:32:00.500,5224.8000,5074,0,120076520.000,0,-,-,-,-,5222.4000,5217.8000,5212.0000,5208.4000,5207.2000,5224.0000,5224.2000,5226.4000,5226.8000,5228.8000,1,1,3,5,2,1,1,1,1,2
SF,IC2007,2020-05-26 09:32:01.000,5224.8000,5074,0,120076520.000,0,-,-,-,-,5222.4000,5212.0000,5208.4000,5207.2000,5196.8000,5223.8000,5224.0000,5226.4000,5226.8000,5228.8000,1,3,5,2,2,1,1,1,1,2
SF,IC2007,2020-05-26 09:32:01.500,5224.0000,5073,-1,121121320.000,1,0,1,双平,S,5222.4000,5215.6000,5212.0000,5208.4000,5207.2000,5224.0000,5226.4000,5226.8000,5228.8000,5229.4000,1,1,3,5,2,1,1,1,2,2
SF,IC2007,2020-05-26 09:32:02.000,5224.0000,5073,0,121121320.000,0,-,-,-,-,5222.6000,5222.4000,5217.8000,5215.6000,5212.0000,5224.0000,5226.4000,5226.8000,5228.8000,5229.4000,2,1,2,1,3,1,1,1,2,2
SF,IC2007,2020-05-26 09:32:02.500,5224.0000,5073,0,121121320.000,0,-,-,-,-,5223.0000,5222.8000,5222.6000,5217.8000,5215.6000,5226.4000,5226.8000,5228.8000,5229.4000,5230.0000,1,1,2,2,1,1,1,2,2,2
SF,IC2007,2020-05-26 09:32:03.000,5224.0000,5073,0,121121320.000,0,-,-,-,-,5223.4000,5223.2000,5223.0000,5217.8000,5215.6000,5226.2000,5226.4000,5226.6000,5228.8000,5229.4000,1,1,1,2,1,1,1,1,2,2
SF,IC2007,2020-05-26 09:32:03.500,5223.4000,5072,-1,122166000.000,1,0,1,双平,S,5223.0000,5217.8000,5215.6000,5212.0000,5208.4000,5226.0000,5226.2000,5228.8000,5229.4000,5230.0000,1,2,1,3,5,1,1,2,2,2
SF,IC2007,2020-05-26 09:32:04.000,5223.4000,5072,0,122166000.000,0,-,-,-,-,5223.0000,5217.8000,5215.6000,5212.0000,5208.4000,5225.8000,5226.0000,5226.2000,5228.8000,5229.4000,1,2,1,3,5,1,1,2,2,2
SF,IC2007,2020-05-26 09:32:04.500,5223.4000,5072,0,122166000.000,0,-,-,-,-,5223.0000,5217.8000,5215.6000,5212.0000,5208.4000,5225.6000,5225.8000,5226.2000,5228.8000,5229.4000,1,2,1,3,5,1,3,2,2,2
SF,IC2007,2020-05-26 09:32:05.000,5223.4000,5072,0,122166000.000,0,-,-,-,-,5223.0000,5217.8000,5215.6000,5212.0000,5208.4000,5225.4000,5225.6000,5225.8000,5226.2000,5228.8000,1,2,1,3,5,3,1,1,2,2
SF,IC2007,2020-05-26 09:32:05.500,5223.4000,5072,0,122166000.000,0,-,-,-,-,5223.0000,5217.8000,5215.6000,5212.0000,5208.4000,5225.2000,5225.4000,5225.8000,5226.2000,5228.8000,1,2,1,3,5,1,3,1,2,2
SF,IC2007,2020-05-26 09:32:06.000,5223.4000,5072,0,122166000.000,0,-,-,-,-,5217.8000,5215.6000,5208.4000,5207.2000,5196.8000,5225.0000,5225.2000,5225.4000,5225.8000,5226.2000,2,1,5,2,2,1,1,1,1,2
SF,IC2007,2020-05-26 09:32:06.500,5223.4000,5072,0,122166000.000,0,-,-,-,-,5222.2000,5222.0000,5221.4000,5221.0000,5220.6000,5224.8000,5225.0000,5225.4000,5225.6000,5225.8000,1,2,2,1,3,1,2,1,1,1
SF,IC2007,2020-05-26 09:32:07.000,5223.4000,5072,0,122166000.000,0,-,-,-,-,5222.6000,5222.4000,5222.2000,5222.0000,5221.4000,5225.0000,5225.4000,5225.6000,5225.8000,5228.8000,1,2,1,2,2,2,1,1,1,2
SF,IC2007,2020-05-26 09:32:07.500,5223.4000,5072,0,122166000.000,0,-,-,-,-,5223.0000,5222.8000,5222.4000,5222.2000,5222.0000,5225.0000,5225.6000,5228.8000,5229.4000,5230.0000,3,1,1,1,2,2,1,2,2,2
SF,IC2007,2020-05-26 09:32:08.000,5223.4000,5072,0,122166000.000,0,-,-,-,-,5222.4000,5222.0000,5221.4000,5220.6000,5220.4000,5225.0000,5225.6000,5228.8000,5230.0000,5231.6000,1,2,2,2,1,2,1,2,2,5
SF,IC2007,2020-05-26 09:32:08.500,5223.4000,5072,0,122166000.000,0,-,-,-,-,5220.6000,5220.4000,5218.2000,5218.0000,5217.8000,5225.0000,5225.6000,5228.8000,5230.0000,5231.6000,2,1,2,3,2,1,1,2,2,5
SF,IC2007,2020-05-26 09:32:09.000,5223.4000,5072,0,122166000.000,0,-,-,-,-,5221.2000,5221.0000,5220.8000,5220.6000,5218.2000,5222.6000,5224.8000,5225.0000,5225.6000,5228.8000,1,4,2,1,1,1,2,1,1,2
SF,IC2007,2020-05-26 09:32:09.500,5223.4000,5072,0,122166000.000,0,-,-,-,-,5221.0000,5220.8000,5218.2000,5217.8000,5215.6000,5222.6000,5224.2000,5224.8000,5225.0000,5225.6000,1,2,1,2,1,1,1,2,1,1
SF,IC2007,2020-05-26 09:32:10.000,5223.4000,5072,0,122166000.000,0,-,-,-,-,5221.0000,5218.2000,5217.8000,5215.6000,5208.4000,5222.4000,5222.6000,5224.2000,5224.8000,5225.0000,1,1,2,1,5,1,1,1,2,1
SF,IC2007,2020-05-26 09:32:10.500,5223.4000,5072,0,122166000.000,0,-,-,-,-,5218.2000,5217.8000,5215.6000,5208.4000,5207.2000,5222.4000,5222.6000,5224.2000,5224.8000,5225.0000,1,2,1,5,2,1,1,1,2,1
SF,IC2007,2020-05-26 09:32:11.000,5223.4000,5072,0,122166000.000,0,-,-,-,-,5219.0000,5218.8000,5218.6000,5218.4000,5218.2000,5222.2000,5222.4000,5222.6000,5224.2000,5224.8000,1,2,2,2,3,1,1,1,1,1
SF,IC2007,2020-05-26 09:32:11.500,5223.4000,5072,0,122166000.000,0,-,-,-,-,5219.4000,5219.2000,5219.0000,5218.8000,5218.2000,5222.0000,5222.6000,5224.2000,5224.8000,5225.0000,4,2,1,2,3,1,1,1,1,1
SF,IC2007,2020-05-26 09:32:12.000,5223.4000,5072,0,122166000.000,0,-,-,-,-,5219.6000,5219.4000,5219.0000,5218.8000,5218.2000,5222.0000,5222.6000,5224.2000,5224.8000,5225.0000,2,4,1,2,3,1,1,1,1,1
SF,IC2007,2020-05-26 09:32:12.500,5220.0000,5071,-1,123210000.000,1,0,1,双平,S,5220.0000,5219.6000,5219.4000,5219.0000,5218.8000,5222.0000,5222.6000,5224.2000,5224.8000,5225.0000,3,2,1,1,2,1,1,1,1,1
SF,IC2007,2020-05-26 09:32:13.000,5220.0000,5071,0,123210000.000,0,-,-,-,-,5220.2000,5220.0000,5219.4000,5219.0000,5218.8000,5222.0000,5222.6000,5224.2000,5224.8000,5225.0000,2,3,1,1,2,1,1,1,1,1
SF,IC2007,2020-05-26 09:32:13.500,5220.0000,5071,0,123210000.000,0,-,-,-,-,5220.6000,5220.2000,5220.0000,5219.4000,5219.0000,5222.0000,5222.6000,5224.2000,5224.8000,5225.0000,1,2,2,1,1,1,1,1,1,1
SF,IC2007,2020-05-26 09:32:14.000,5222.0000,5071,0,124254400.000,1,0,1,多换,S,5221.0000,5220.8000,5219.4000,5218.8000,5218.2000,5222.6000,5224.2000,5224.8000,5225.0000,5225.6000,1,2,1,2,3,1,1,1,1,2
SF,IC2007,2020-05-26 09:32:14.500,5222.0000,5071,0,124254400.000,0,-,-,-,-,5221.2000,5221.0000,5220.8000,5219.4000,5218.8000,5222.6000,5224.8000,5225.0000,5225.6000,5228.8000,2,1,1,1,2,1,1,1,2,2
SF,IC2007,2020-05-26 09:32:15.000,5222.6000,5070,-1,125298920.000,1,0,1,双平,S,5221.6000,5221.2000,5220.8000,5219.4000,5218.8000,5224.8000,5225.0000,5225.6000,5228.8000,5230.0000,1,2,1,1,2,1,1,2,2,2
SF,IC2007,2020-05-26 09:32:15.500,5222.6000,5070,0,125298920.000,0,-,-,-,-,5221.8000,5221.6000,5220.8000,5219.4000,5218.8000,5224.6000,5224.8000,5225.0000,5225.6000,5228.8000,2,1,1,1,2,2,1,1,2,2
SF,IC2007,2020-05-26 09:32:16.000,5222.6000,5070,0,125298920.000,0,-,-,-,-,5222.2000,5221.8000,5220.8000,5219.4000,5218.8000,5224.6000,5224.8000,5225.0000,5225.6000,5228.8000,2,2,1,1,2,2,1,1,2,2
SF,IC2007,2020-05-26 09:32:16.500,5222.6000,5070,0,125298920.000,0,-,-,-,-,5221.8000,5220.8000,5219.4000,5218.8000,5218.2000,5224.4000,5224.6000,5224.8000,5225.0000,5225.6000,1,1,1,2,3,1,2,2,1,2
SF,IC2007,2020-05-26 09:32:17.000,5222.6000,5070,0,125298920.000,0,-,-,-,-,5221.8000,5220.8000,5219.4000,5218.8000,5218.2000,5224.2000,5224.4000,5224.8000,5225.0000,5225.6000,1,1,1,2,3,2,1,2,1,2
SF,IC2007,2020-05-26 09:32:17.500,5222.6000,5070,0,125298920.000,0,-,-,-,-,5220.8000,5219.4000,5218.8000,5218.2000,5215.6000,5221.6000,5221.8000,5223.4000,5223.6000,5224.2000,1,1,2,3,1,1,1,2,1,2
SF,IC2007,2020-05-26 09:32:18.000,5222.6000,5070,0,125298920.000,0,-,-,-,-,5219.4000,5218.8000,5218.2000,5215.6000,5215.4000,5223.4000,5223.6000,5224.2000,5224.4000,5225.0000,1,2,3,1,2,2,2,2,1,1
SF,IC2007,2020-05-26 09:32:18.500,5222.6000,5070,0,125298920.000,0,-,-,-,-,5219.8000,5219.6000,5219.4000,5218.8000,5218.2000,5223.2000,5223.4000,5223.6000,5224.4000,5225.0000,1,1,1,2,3,2,2,2,1,1
SF,IC2007,2020-05-26 09:32:19.000,5222.6000,5070,0,125298920.000,0,-,-,-,-,5220.0000,5219.8000,5218.8000,5218.2000,5215.6000,5223.2000,5223.4000,5223.6000,5224.4000,5225.0000,1,1,2,3,1,2,2,2,1,1
SF,IC2007,2020-05-26 09:32:19.500,5222.6000,5070,0,125298920.000,0,-,-,-,-,5220.0000,5219.8000,5218.8000,5218.2000,5215.6000,5222.6000,5223.2000,5223.4000,5223.6000,5224.4000,1,1,2,3,1,1,2,2,1,1
SF,IC2007,2020-05-26 09:32:20.000,5222.6000,5070,0,125298920.000,0,-,-,-,-,5220.0000,5219.8000,5218.8000,5218.2000,5215.6000,5222.4000,5222.6000,5223.4000,5223.6000,5224.4000,1,1,2,2,1,2,1,2,1,1
SF,IC2007,2020-05-26 09:32:20.500,5222.6000,5070,0,125298920.000,0,-,-,-,-,5220.0000,5219.8000,5218.8000,5218.2000,5215.4000,5222.4000,5222.6000,5223.4000,5223.6000,5224.4000,1,1,2,2,2,2,1,2,1,1
SF,IC2007,2020-05-26 09:32:21.000,5222.6000,5070,0,125298920.000,0,-,-,-,-,5220.0000,5219.8000,5218.8000,5218.2000,5215.4000,5222.4000,5222.6000,5223.4000,5223.6000,5224.4000,1,1,2,2,2,2,1,2,1,1
SF,IC2007,2020-05-26 09:32:21.500,5222.6000,5070,0,125298920.000,0,-,-,-,-,5220.4000,5220.0000,5219.8000,5218.8000,5218.2000,5222.2000,5222.4000,5223.4000,5223.6000,5224.4000,1,1,1,2,2,1,2,2,1,1
SF,IC2007,2020-05-26 09:32:22.000,5222.6000,5070,0,125298920.000,0,-,-,-,-,5220.4000,5220.0000,5219.8000,5218.8000,5218.2000,5222.0000,5222.2000,5222.4000,5223.4000,5223.6000,1,1,1,2,2,1,1,1,2,1
SF,IC2007,2020-05-26 09:32:22.500,5220.4000,5070,0,126343000.000,1,0,1,多换,S,5220.0000,5219.8000,5218.8000,5218.2000,5215.4000,5222.0000,5222.4000,5223.4000,5223.6000,5224.4000,1,1,2,2,2,1,1,2,1,1
SF,IC2007,2020-05-26 09:32:23.000,5220.4000,5070,0,126343000.000,0,-,-,-,-,5220.4000,5220.0000,5218.8000,5218.2000,5215.4000,5222.4000,5223.4000,5223.6000,5224.4000,5225.0000,1,1,2,2,2,1,2,1,1,1
SF,IC2007,2020-05-26 09:32:23.500,5220.4000,5070,0,126343000.000,0,-,-,-,-,5220.0000,5218.8000,5218.2000,5215.4000,5211.4000,5222.2000,5222.4000,5223.4000,5223.6000,5224.4000,1,2,2,2,1,2,1,2,1,1
SF,IC2007,2020-05-26 09:32:24.500,5220.4000,5070,0,126343000.000,0,-,-,-,-,5220.0000,5218.8000,5218.2000,5215.4000,5211.4000,5222.0000,5222.2000,5223.4000,5223.6000,5224.4000,1,2,2,2,1,1,2,2,1,1
SF,IC2007,2020-05-26 09:32:25.000,5220.4000,5070,0,127387080.000,1,0,1,多换,S,5220.2000,5220.0000,5218.8000,5218.2000,5215.4000,5223.4000,5223.6000,5224.4000,5225.0000,5225.6000,1,1,2,2,2,2,1,1,1,1
SF,IC2007,2020-05-26 09:32:25.500,5220.4000,5070,0,127387080.000,0,-,-,-,-,5220.4000,5218.8000,5218.2000,5215.4000,5211.4000,5223.0000,5223.2000,5223.4000,5223.6000,5224.4000,2,2,2,2,1,1,2,2,1,1
SF,IC2007,2020-05-26 09:32:26.000,5220.4000,5070,0,127387080.000,0,-,-,-,-,5220.4000,5218.8000,5218.2000,5215.4000,5211.4000,5222.8000,5223.0000,5223.4000,5223.6000,5224.4000,2,2,2,2,1,2,1,2,1,1
SF,IC2007,2020-05-26 09:32:26.500,5220.4000,5070,0,127387080.000,0,-,-,-,-,5220.4000,5218.8000,5218.2000,5215.4000,5211.4000,5222.4000,5222.8000,5223.4000,5223.6000,5224.4000,2,2,2,2,1,1,2,2,1,1
SF,IC2007,2020-05-26 09:32:27.000,5220.4000,5070,0,127387080.000,0,-,-,-,-,5220.4000,5218.8000,5218.2000,5215.4000,5211.4000,5222.8000,5223.4000,5223.6000,5224.4000,5225.0000,1,2,2,2,1,2,2,1,1,2
SF,IC2007,2020-05-26 09:32:27.500,5220.4000,5070,0,127387080.000,0,-,-,-,-,5220.4000,5218.8000,5218.2000,5215.4000,5211.4000,5222.4000,5222.8000,5223.4000,5223.6000,5224.4000,1,2,2,2,1,1,2,2,1,1
SF,IC2007,2020-05-26 09:32:28.000,5220.4000,5070,0,127387080.000,0,-,-,-,-,5220.4000,5218.8000,5218.2000,5215.4000,5211.4000,5222.8000,5223.4000,5223.6000,5224.4000,5225.0000,1,2,2,2,1,1,2,1,1,2
SF,IC2007,2020-05-26 09:32:28.500,5220.4000,5070,0,127387080.000,0,-,-,-,-,5220.4000,5218.8000,5218.2000,5215.4000,5211.4000,5222.6000,5222.8000,5223.4000,5223.6000,5224.4000,1,2,2,2,1,1,1,2,1,1
SF,IC2007,2020-05-26 09:32:29.000,5220.4000,5070,0,127387080.000,0,-,-,-,-,5220.4000,5218.8000,5218.2000,5215.4000,5211.4000,5222.4000,5222.6000,5223.4000,5223.6000,5224.4000,1,2,2,2,1,1,1,2,1,1
SF,IC2007,2020-05-26 09:32:29.500,5220.4000,5070,0,127387080.000,0,-,-,-,-,5220.6000,5220.4000,5218.8000,5218.2000,5215.4000,5222.4000,5222.6000,5223.4000,5223.6000,5224.4000,1,1,2,2,2,1,1,2,1,1
SF,IC2007,2020-05-26 09:32:30.000,5220.4000,5070,0,127387080.000,0,-,-,-,-,5220.6000,5220.4000,5218.8000,5218.2000,5215.4000,5222.2000,5222.4000,5222.6000,5223.4000,5223.6000,1,1,2,2,2,1,1,1,2,1
SF,IC2007,2020-05-26 09:32:30.500,5220.4000,5070,0,127387080.000,0,-,-,-,-,5220.8000,5218.8000,5218.2000,5215.4000,5211.4000,5222.4000,5222.6000,5223.4000,5223.6000,5224.4000,2,2,2,2,1,1,1,2,1,1
SF,IC2007,2020-05-26 09:32:31.000,5220.4000,5070,0,127387080.000,0,-,-,-,-,5220.8000,5218.8000,5218.2000,5215.4000,5211.4000,5222.4000,5222.6000,5223.4000,5223.6000,5225.0000,2,2,2,2,1,1,1,2,1,2
SF,IC2007,2020-05-26 09:32:31.500,5220.4000,5070,0,127387080.000,0,-,-,-,-,5220.8000,5218.8000,5218.2000,5215.4000,5211.4000,5222.4000,5222.6000,5223.6000,5225.0000,5228.8000,1,2,2,2,1,1,1,1,2,2
SF,IC2007,2020-05-26 09:32:33.000,5220.4000,5070,0,127387080.000,0,-,-,-,-,5221.0000,5218.8000,5218.2000,5215.4000,5211.4000,5222.4000,5223.6000,5225.0000,5228.8000,5230.0000,1,2,2,2,1,1,1,2,2,2
SF,IC2007,2020-05-26 09:32:33.500,5220.4000,5070,0,127387080.000,0,-,-,-,-,5221.0000,5218.8000,5218.2000,5215.4000,5211.4000,5223.6000,5225.0000,5228.8000,5230.0000,5231.6000,1,2,2,2,1,1,2,2,2,5
SF,IC2007,2020-05-26 09:32:34.000,5220.4000,5070,0,127387080.000,0,-,-,-,-,5221.4000,5221.2000,5221.0000,5218.8000,5218.2000,5222.0000,5225.0000,5228.8000,5230.0000,5231.6000,1,2,1,2,2,1,2,2,2,5
SF,IC2007,2020-05-26 09:32:34.500,5222.0000,5070,0,128431480.000,1,0,1,多换,S,5222.2000,5221.0000,5218.8000,5218.2000,5215.4000,5224.6000,5225.0000,5228.8000,5230.0000,5231.6000,1,1,2,2,2,1,2,2,2,5
SF,IC2007,2020-05-26 09:32:35.000,5222.0000,5070,0,128431480.000,0,-,-,-,-,5222.6000,5222.4000,5218.8000,5218.2000,5215.4000,5224.4000,5224.6000,5225.0000,5228.8000,5230.0000,2,1,2,2,2,1,1,2,2,2
SF,IC2007,2020-05-26 09:32:35.500,5222.0000,5070,0,128431480.000,0,-,-,-,-,5222.6000,5222.4000,5218.8000,5218.2000,5215.4000,5224.4000,5224.6000,5225.0000,5228.8000,5230.0000,2,1,2,2,2,1,1,2,2,2
SF,IC2007,2020-05-26 09:32:36.000,5222.0000,5070,0,128431480.000,0,-,-,-,-,5222.6000,5222.4000,5218.8000,5218.2000,5215.4000,5224.2000,5224.4000,5224.6000,5225.0000,5228.8000,1,1,2,2,2,1,1,1,2,2
SF,IC2007,2020-05-26 09:32:36.500,5222.0000,5070,0,128431480.000,0,-,-,-,-,5222.4000,5218.8000,5218.2000,5215.4000,5211.4000,5224.2000,5224.4000,5224.6000,5225.0000,5228.8000,1,2,2,2,1,1,1,1,2,2
SF,IC2007,2020-05-26 09:32:37.000,5222.0000,5070,0,128431480.000,0,-,-,-,-,5218.8000,5218.2000,5215.4000,5211.4000,5208.4000,5224.0000,5224.2000,5224.6000,5225.0000,5228.8000,2,2,2,1,5,2,1,1,2,2
SF,IC2007,2020-05-26 09:32:37.500,5222.0000,5070,0,128431480.000,0,-,-,-,-,5221.0000,5220.2000,5219.2000,5219.0000,5218.8000,5223.8000,5224.0000,5224.6000,5225.0000,5228.8000,1,1,5,2,2,1,2,1,2,2
SF,IC2007,2020-05-26 09:32:38.000,5222.0000,5070,0,128431480.000,0,-,-,-,-,5221.4000,5221.2000,5221.0000,5220.2000,5219.2000,5223.8000,5224.0000,5224.2000,5224.6000,5225.0000,1,1,1,1,4,1,2,1,1,2
SF,IC2007,2020-05-26 09:32:38.500,5222.0000,5070,0,128431480.000,0,-,-,-,-,5221.4000,5221.2000,5221.0000,5220.2000,5219.2000,5223.6000,5223.8000,5224.0000,5224.2000,5224.6000,1,1,1,1,4,1,1,1,1,1
SF,IC2007,2020-05-26 09:32:39.000,5222.0000,5070,0,128431480.000,0,-,-,-,-,5221.4000,5221.2000,5220.2000,5219.2000,5219.0000,5223.4000,5223.6000,5224.0000,5224.2000,5224.6000,1,1,1,4,1,1,1,1,1,1
SF,IC2007,2020-05-26 09:32:40.000,5222.0000,5070,0,128431480.000,0,-,-,-,-,5221.4000,5221.2000,5220.2000,5219.2000,5219.0000,5223.2000,5223.4000,5223.6000,5224.0000,5224.2000,1,1,1,4,1,1,1,1,1,1
SF,IC2007,2020-05-26 09:32:40.500,5222.0000,5070,0,128431480.000,0,-,-,-,-,5221.2000,5219.2000,5219.0000,5218.8000,5215.4000,5223.2000,5223.4000,5223.6000,5224.0000,5224.2000,1,3,1,2,2,1,1,1,1,1
SF,IC2007,2020-05-26 09:32:41.000,5222.0000,5070,0,128431480.000,0,-,-,-,-,5221.2000,5219.2000,5219.0000,5218.8000,5215.4000,5223.0000,5223.6000,5224.0000,5224.2000,5224.6000,1,3,1,2,2,1,1,1,1,1
SF,IC2007,2020-05-26 09:32:41.500,5222.0000,5070,0,128431480.000,0,-,-,-,-,5221.6000,5221.2000,5219.2000,5219.0000,5218.8000,5223.6000,5224.0000,5224.2000,5224.6000,5225.0000,1,1,3,1,2,1,1,1,1,2
SF,IC2007,2020-05-26 09:32:42.000,5222.0000,5070,0,128431480.000,0,-,-,-,-,5222.0000,5221.8000,5219.2000,5219.0000,5218.8000,5223.6000,5224.0000,5224.2000,5224.6000,5225.0000,1,2,3,1,2,1,1,1,1,2
SF,IC2007,2020-05-26 09:32:42.500,5222.0000,5070,0,128431480.000,0,-,-,-,-,5222.2000,5221.8000,5219.2000,5219.0000,5218.8000,5223.6000,5224.0000,5224.2000,5224.6000,5225.0000,1,1,3,1,2,1,1,1,1,2
SF,IC2007,2020-05-26 09:32:43.000,5222.0000,5070,0,128431480.000,0,-,-,-,-,5222.2000,5221.8000,5219.2000,5219.0000,5218.8000,5224.0000,5224.2000,5224.6000,5225.0000,5228.8000,1,1,3,1,2,1,1,1,2,2
SF,IC2007,2020-05-26 09:32:43.500,5222.0000,5070,0,128431480.000,0,-,-,-,-,5222.2000,5221.8000,5219.2000,5219.0000,5218.8000,5223.8000,5224.0000,5224.2000,5224.6000,5225.0000,1,1,3,1,2,1,1,1,1,2
SF,IC2007,2020-05-26 09:32:44.000,5222.0000,5070,0,128431480.000,0,-,-,-,-,5222.2000,5221.8000,5219.2000,5219.0000,5218.8000,5223.8000,5224.0000,5224.2000,5224.6000,5225.0000,1,1,3,1,2,2,1,1,1,2
SF,IC2007,2020-05-26 09:32:44.500,5222.0000,5070,0,128431480.000,0,-,-,-,-,5222.6000,5222.4000,5219.2000,5219.0000,5218.8000,5223.6000,5224.2000,5224.6000,5225.0000,5228.8000,1,2,2,1,2,1,1,1,2,2
SF,IC2007,2020-05-26 09:32:45.000,5222.0000,5070,0,128431480.000,0,-,-,-,-,5222.4000,5219.2000,5219.0000,5218.8000,5215.4000,5223.6000,5224.2000,5224.6000,5225.0000,5228.8000,2,2,1,2,2,1,1,1,2,2
SF,IC2007,2020-05-26 09:32:45.500,5222.0000,5070,0,128431480.000,0,-,-,-,-,5222.4000,5219.2000,5219.0000,5218.8000,5215.4000,5223.6000,5224.6000,5225.0000,5228.8000,5230.0000,2,2,1,2,2,1,1,2,2,2
SF,IC2007,2020-05-26 09:32:46.000,5222.2000,5069,-1,129475920.000,1,0,1,双平,S,5222.4000,5219.2000,5219.0000,5218.8000,5215.4000,5223.6000,5224.6000,5225.0000,5228.8000,5230.0000,1,2,1,2,2,1,1,2,2,2
SF,IC2007,2020-05-26 09:32:47.000,5222.2000,5069,0,129475920.000,0,-,-,-,-,5219.2000,5219.0000,5218.8000,5215.4000,5211.4000,5223.6000,5224.6000,5225.0000,5228.8000,5230.0000,2,1,2,2,1,1,1,2,2,2
SF,IC2007,2020-05-26 09:32:47.500,5222.2000,5069,0,129475920.000,0,-,-,-,-,5221.0000,5220.2000,5219.6000,5219.4000,5219.2000,5223.4000,5223.6000,5224.6000,5225.0000,5228.8000,1,3,1,3,4,1,1,1,2,2
SF,IC2007,2020-05-26 09:32:48.000,5222.2000,5069,0,129475920.000,0,-,-,-,-,5221.4000,5221.2000,5221.0000,5220.2000,5219.4000,5223.4000,5223.6000,5224.6000,5225.0000,5228.8000,2,2,1,3,1,1,1,1,2,2
SF,IC2007,2020-05-26 09:32:48.500,5223.4000,5069,0,130520600.000,1,0,1,多换,S,5221.6000,5221.4000,5221.0000,5220.2000,5219.2000,5223.6000,5224.6000,5225.0000,5228.8000,5230.0000,2,1,1,3,4,1,1,2,2,2
SF,IC2007,2020-05-26 09:32:49.000,5223.4000,5069,0,130520600.000,0,-,-,-,-,5222.0000,5221.6000,5221.0000,5220.2000,5219.2000,5223.4000,5223.6000,5224.6000,5225.0000,5228.8000,1,1,1,3,4,1,1,1,2,2
SF,IC2007,2020-05-26 09:32:49.500,5223.4000,5069,0,130520600.000,0,-,-,-,-,5222.0000,5221.0000,5220.2000,5219.2000,5215.4000,5223.2000,5223.4000,5223.6000,5224.6000,5225.0000,1,1,3,4,2,1,1,1,1,2
SF,IC2007,2020-05-26 09:32:50.000,5223.4000,5069,0,130520600.000,0,-,-,-,-,5221.0000,5220.2000,5219.2000,5215.4000,5211.4000,5223.0000,5223.2000,5223.6000,5224.6000,5225.0000,1,3,4,2,1,1,1,1,1,2
SF,IC2007,2020-05-26 09:32:50.500,5223.4000,5069,0,130520600.000,0,-,-,-,-,5220.2000,5219.2000,5215.4000,5211.4000,5208.4000,5222.8000,5223.6000,5224.6000,5225.0000,5228.8000,1,4,2,1,5,1,1,1,2,2
SF,IC2007,2020-05-26 09:32:51.000,5223.4000,5069,0,130520600.000,0,-,-,-,-,5220.6000,5220.4000,5220.2000,5219.2000,5215.4000,5222.8000,5223.6000,5224.6000,5225.0000,5228.8000,1,1,2,4,2,1,1,1,2,2
SF,IC2007,2020-05-26 09:32:51.500,5223.4000,5069,0,130520600.000,0,-,-,-,-,5221.0000,5220.8000,5220.2000,5219.2000,5215.4000,5223.6000,5224.6000,5225.0000,5228.8000,5230.0000,1,2,2,4,2,1,1,2,2,2
SF,IC2007,2020-05-26 09:32:52.000,5223.4000,5069,0,130520600.000,0,-,-,-,-,5221.2000,5221.0000,5220.8000,5220.2000,5219.2000,5223.4000,5223.6000,5224.6000,5225.0000,5228.8000,1,1,1,2,4,1,1,1,2,2
SF,IC2007,2020-05-26 09:32:54.500,5221.6000,5069,0,131564920.000,1,0,1,多换,S,5221.6000,5221.4000,5221.2000,5220.2000,5219.2000,5223.4000,5223.6000,5224.6000,5225.0000,5228.8000,1,1,1,2,4,1,1,1,2,2
SF,IC2007,2020-05-26 09:32:55.000,5221.6000,5069,0,131564920.000,0,-,-,-,-,5221.6000,5221.2000,5220.2000,5219.2000,5215.4000,5223.4000,5223.6000,5224.6000,5225.0000,5228.8000,1,1,2,4,2,1,1,1,2,2
SF,IC2007,2020-05-26 09:32:55.500,5221.6000,5069,0,131564920.000,0,-,-,-,-,5221.8000,5221.6000,5220.2000,5219.2000,5215.4000,5223.4000,5223.6000,5224.6000,5225.0000,5228.8000,1,1,2,4,2,1,1,1,2,2
SF,IC2007,2020-05-26 09:32:56.000,5221.6000,5069,0,131564920.000,0,-,-,-,-,5222.0000,5221.8000,5221.6000,5220.2000,5219.2000,5223.4000,5223.6000,5224.6000,5225.0000,5228.8000,1,1,1,2,4,1,1,1,2,2
SF,IC2007,2020-05-26 09:32:57.000,5221.6000,5069,0,131564920.000,0,-,-,-,-,5222.0000,5221.8000,5221.6000,5220.2000,5219.2000,5223.4000,5223.6000,5225.0000,5228.8000,5230.0000,1,1,1,2,4,1,1,2,2,2
SF,IC2007,2020-05-26 09:32:57.500,5221.6000,5069,0,131564920.000,0,-,-,-,-,5222.0000,5221.8000,5221.6000,5220.2000,5219.2000,5223.6000,5225.0000,5228.8000,5230.0000,5231.6000,1,1,1,2,4,1,2,2,2,5
SF,IC2007,2020-05-26 09:32:58.000,5221.6000,5069,0,131564920.000,0,-,-,-,-,5221.8000,5221.6000,5220.2000,5219.2000,5215.4000,5223.6000,5225.0000,5228.8000,5230.0000,5231.6000,1,1,2,4,2,1,2,2,2,5
SF,IC2007,2020-05-26 09:32:58.500,5221.6000,5069,0,131564920.000,0,-,-,-,-,5221.6000,5220.2000,5219.2000,5215.4000,5211.4000,5223.4000,5223.6000,5225.0000,5228.8000,5230.0000,1,2,4,2,1,1,1,2,2,1
SF,IC2007,2020-05-26 09:32:59.000,5221.6000,5069,0,131564920.000,0,-,-,-,-,5220.2000,5219.2000,5215.4000,5211.4000,5208.4000,5223.4000,5223.6000,5225.0000,5228.8000,5230.0000,2,4,2,1,5,1,1,2,2,1
SF,IC2007,2020-05-26 09:32:59.500,5221.6000,5069,0,131564920.000,0,-,-,-,-,5220.6000,5220.4000,5220.2000,5219.2000,5215.4000,5223.0000,5223.2000,5223.4000,5223.6000,5225.0000,1,2,1,3,2,1,2,1,1,2
SF,IC2007,2020-05-26 09:33:00.000,5221.6000,5069,0,131564920.000,0,-,-,-,-,5221.0000,5220.8000,5220.4000,5220.2000,5219.2000,5222.8000,5223.2000,5223.6000,5225.0000,5228.8000,1,1,1,1,3,1,2,1,2,2
SF,IC2007,2020-05-26 09:33:01.000,5221.6000,5069,0,131564920.000,0,-,-,-,-,5221.0000,5220.8000,5220.4000,5220.2000,5219.2000,5222.8000,5223.2000,5223.6000,5225.0000,5228.8000,1,1,1,1,1,1,2,1,2,2
SF,IC2007,2020-05-26 09:33:01.500,5221.6000,5069,0,131564920.000,0,-,-,-,-,5221.2000,5221.0000,5220.4000,5220.2000,5219.2000,5222.8000,5223.2000,5223.6000,5225.0000,5228.8000,1,1,1,1,1,1,2,1,2,2
SF,IC2007,2020-05-26 09:33:02.000,5221.6000,5069,0,131564920.000,0,-,-,-,-,5221.4000,5221.2000,5221.0000,5220.4000,5220.2000,5223.2000,5223.6000,5225.0000,5228.8000,5230.0000,1,1,1,1,1,2,1,2,2,1
SF,IC2007,2020-05-26 09:33:02.500,5221.6000,5069,0,131564920.000,0,-,-,-,-,5221.4000,5221.2000,5220.4000,5220.2000,5219.2000,5223.0000,5223.2000,5223.6000,5223.8000,5225.0000,1,1,1,1,1,1,1,1,1,2
SF,IC2007,2020-05-26 09:33:03.000,5221.6000,5069,0,131564920.000,0,-,-,-,-,5221.8000,5221.6000,5220.4000,5220.2000,5219.2000,5223.2000,5223.8000,5225.0000,5228.8000,5230.0000,1,1,1,1,1,1,1,2,2,1
SF,IC2007,2020-05-26 09:33:03.500,5221.6000,5069,0,131564920.000,0,-,-,-,-,5221.6000,5220.4000,5220.2000,5219.2000,5215.4000,5223.2000,5223.8000,5225.0000,5228.8000,5230.0000,1,1,1,1,2,1,1,2,2,1
SF,IC2007,2020-05-26 09:33:04.000,5221.6000,5069,0,131564920.000,0,-,-,-,-,5221.6000,5220.4000,5220.2000,5219.2000,5215.4000,5223.0000,5223.2000,5223.8000,5225.0000,5228.8000,1,1,1,1,2,1,1,1,2,2
SF,IC2007,2020-05-26 09:33:04.500,5221.6000,5069,0,131564920.000,0,-,-,-,-,5220.4000,5220.2000,5219.2000,5215.4000,5211.4000,5222.8000,5223.0000,5223.2000,5223.8000,5225.0000,1,1,1,2,1,2,1,1,1,2
SF,IC2007,2020-05-26 09:33:05.000,5221.6000,5069,0,131564920.000,0,-,-,-,-,5220.8000,5220.6000,5220.2000,5219.2000,5215.4000,5222.8000,5223.2000,5223.8000,5225.0000,5228.8000,1,1,1,1,2,1,1,1,2,2
SF,IC2007,2020-05-26 09:33:05.500,5221.6000,5069,0,131564920.000,0,-,-,-,-,5221.2000,5221.0000,5220.2000,5219.2000,5215.4000,5223.2000,5223.8000,5225.0000,5228.8000,5230.0000,1,2,1,1,2,1,1,2,2,1
SF,IC2007,2020-05-26 09:33:06.000,5221.6000,5069,0,131564920.000,0,-,-,-,-,5221.0000,5219.2000,5215.4000,5211.4000,5208.4000,5223.0000,5223.2000,5223.8000,5225.0000,5228.8000,1,1,2,1,5,2,1,1,2,2
SF,IC2007,2020-05-26 09:33:06.500,5221.6000,5069,0,131564920.000,0,-,-,-,-,5219.2000,5215.4000,5211.4000,5208.4000,5207.2000,5222.8000,5223.0000,5223.2000,5223.8000,5225.0000,1,2,1,5,2,2,1,1,1,2
SF,IC2007,2020-05-26 09:33:07.000,5221.6000,5069,0,131564920.000,0,-,-,-,-,5219.8000,5219.6000,5219.4000,5219.2000,5215.4000,5222.6000,5222.8000,5223.2000,5223.8000,5225.0000,1,3,2,1,2,1,1,1,1,2
SF,IC2007,2020-05-26 09:33:07.500,5221.6000,5069,0,131564920.000,0,-,-,-,-,5220.2000,5220.0000,5219.8000,5219.6000,5219.2000,5222.6000,5222.8000,5223.2000,5223.8000,5225.0000,2,3,1,2,1,1,1,1,1,2
SF,IC2007,2020-05-26 09:33:08.000,5221.6000,5069,0,131564920.000,0,-,-,-,-,5220.6000,5220.4000,5220.2000,5220.0000,5219.8000,5222.6000,5223.2000,5223.8000,5225.0000,5228.8000,1,2,1,1,1,1,1,1,2,2
SF,IC2007,2020-05-26 09:33:08.500,5221.6000,5069,0,131564920.000,0,-,-,-,-,5221.0000,5220.8000,5220.4000,5220.0000,5219.8000,5222.6000,5223.2000,5223.8000,5225.0000,5228.8000,1,2,1,1,1,1,1,1,2,2
SF,IC2007,2020-05-26 09:33:09.000,5221.6000,5069,0,131564920.000,0,-,-,-,-,5221.0000,5220.8000,5220.4000,5220.0000,5219.8000,5222.4000,5222.6000,5223.2000,5223.8000,5225.0000,5,1,1,1,1,1,1,1,1,2
SF,IC2007,2020-05-26 09:33:10.000,5221.6000,5069,0,131564920.000,0,-,-,-,-,5221.4000,5221.0000,5220.8000,5220.4000,5220.0000,5222.4000,5222.6000,5223.2000,5223.8000,5225.0000,1,5,1,1,1,1,1,1,1,2
SF,IC2007,2020-05-26 09:33:10.500,5221.6000,5069,0,131564920.000,0,-,-,-,-,5221.0000,5220.8000,5220.4000,5220.0000,5219.8000,5222.4000,5222.6000,5223.8000,5225.0000,5228.8000,5,1,1,1,1,1,1,1,2,2
SF,IC2007,2020-05-26 09:33:11.000,5222.4000,5068,-1,132609400.000,1,0,1,双平,S,5221.0000,5220.8000,5220.4000,5220.0000,5219.8000,5222.6000,5223.8000,5225.0000,5228.8000,5230.0000,5,1,1,1,1,1,1,2,2,1
SF,IC2007,2020-05-26 09:33:11.500,5222.4000,5068,0,132609400.000,0,-,-,-,-,5221.4000,5221.2000,5221.0000,5220.4000,5220.0000,5223.8000,5225.0000,5228.8000,5230.0000,5231.6000,1,3,5,1,1,1,2,2,1,5
SF,IC2007,2020-05-26 09:33:12.000,5222.4000,5068,0,132609400.000,0,-,-,-,-,5221.6000,5221.4000,5221.0000,5220.4000,5220.0000,5223.6000,5223.8000,5225.0000,5228.8000,5230.0000,1,1,5,1,1,1,1,2,2,1
SF,IC2007,2020-05-26 09:33:12.500,5222.4000,5068,0,132609400.000,0,-,-,-,-,5221.0000,5220.4000,5220.0000,5219.8000,5219.6000,5221.6000,5223.4000,5223.6000,5223.8000,5225.0000,5,1,1,1,2,1,4,1,1,2
SF,IC2007,2020-05-26 09:33:13.000,5221.6000,5068,0,133653720.000,1,0,1,多换,S,5221.0000,5220.4000,5219.8000,5219.6000,5219.2000,5223.4000,5223.6000,5223.8000,5225.0000,5228.8000,5,1,1,2,1,1,1,1,2,2
SF,IC2007,2020-05-26 09:33:13.500,5221.6000,5068,0,133653720.000,0,-,-,-,-,5221.0000,5220.4000,5219.8000,5219.6000,5219.2000,5221.4000,5223.2000,5223.4000,5223.8000,5225.0000,5,1,1,2,1,1,1,1,1,2
SF,IC2007,2020-05-26 09:33:14.000,5221.6000,5068,0,134698040.000,1,0,1,多换,S,5221.0000,5220.4000,5219.8000,5219.6000,5219.2000,5223.2000,5223.4000,5223.8000,5225.0000,5228.8000,5,1,1,2,1,1,1,1,2,2
SF,IC2007,2020-05-26 09:33:14.500,5221.6000,5068,0,134698040.000,0,-,-,-,-,5221.0000,5220.4000,5219.8000,5219.6000,5219.2000,5223.0000,5223.2000,5223.8000,5225.0000,5228.8000,5,1,1,2,1,1,1,1,2,2
SF,IC2007,2020-05-26 09:33:15.000,5221.6000,5068,0,134698040.000,0,-,-,-,-,5221.0000,5220.4000,5219.8000,5219.6000,5219.2000,5222.8000,5223.0000,5223.8000,5225.0000,5228.8000,5,1,1,2,1,1,1,1,2,2
SF,IC2007,2020-05-26 09:33:15.500,5221.6000,5068,0,134698040.000,0,-,-,-,-,5221.4000,5221.2000,5221.0000,5220.4000,5219.8000,5222.8000,5223.8000,5225.0000,5228.8000,5230.0000,1,1,5,1,1,1,1,2,2,1
SF,IC2007,2020-05-26 09:33:16.000,5221.6000,5068,0,134698040.000,0,-,-,-,-,5221.2000,5221.0000,5220.4000,5219.8000,5219.6000,5222.8000,5223.8000,5225.0000,5228.8000,5230.0000,1,5,1,1,2,1,1,2,2,1
SF,IC2007,2020-05-26 09:33:17.500,5221.2000,5068,0,135742280.000,1,0,1,多换,S,5221.0000,5220.4000,5219.8000,5219.6000,5219.2000,5222.8000,5223.8000,5225.0000,5228.8000,5230.0000,5,1,1,2,1,1,1,2,2,1
SF,IC2007,2020-05-26 09:33:18.000,5221.0000,5072,4,139919080.000,4,4,0,双开,S,5221.0000,5220.4000,5219.8000,5219.6000,5215.4000,5222.6000,5222.8000,5223.8000,5225.0000,5228.8000,1,1,1,2,2,2,1,1,2,2
SF,IC2007,2020-05-26 09:33:18.500,5221.0000,5072,0,140963280.000,1,0,1,多换,S,5220.4000,5219.8000,5219.6000,5215.4000,5211.4000,5221.0000,5222.4000,5222.6000,5223.8000,5225.0000,1,1,2,2,1,2,1,2,1,2
SF,IC2007,2020-05-26 09:33:19.000,5220.4000,5072,0,142007360.000,1,0,1,多换,S,5215.4000,5211.4000,5208.4000,5207.2000,5196.8000,5220.2000,5220.4000,5220.8000,5221.0000,5222.4000,2,1,5,2,2,1,1,1,1,1
SF,IC2007,2020-05-26 09:33:19.500,5220.4000,5072,0,142007360.000,0,-,-,-,-,5217.4000,5217.2000,5216.6000,5216.4000,5215.8000,5220.0000,5220.4000,5221.0000,5222.6000,5223.8000,1,2,3,3,3,2,1,1,1,1
SF,IC2007,2020-05-26 09:33:20.000,5220.4000,5072,0,142007360.000,0,-,-,-,-,5217.8000,5217.6000,5217.4000,5217.2000,5216.6000,5220.0000,5221.0000,5222.6000,5223.8000,5225.0000,1,1,1,2,3,2,1,1,1,2
SF,IC2007,2020-05-26 09:33:20.500,5220.4000,5072,0,142007360.000,0,-,-,-,-,5218.2000,5218.0000,5217.4000,5217.2000,5216.6000,5220.0000,5221.0000,5222.6000,5223.8000,5225.0000,1,1,1,2,3,2,1,1,1,2
SF,IC2007,2020-05-26 09:33:21.000,5220.4000,5072,0,142007360.000,0,-,-,-,-,5218.4000,5218.2000,5217.4000,5217.2000,5216.6000,5220.0000,5221.0000,5222.6000,5223.8000,5225.0000,1,1,1,2,3,2,1,1,1,2
SF,IC2007,2020-05-26 09:33:21.500,5220.2000,5071,-1,144095440.000,2,0,2,多平,S,5218.8000,5218.6000,5218.4000,5217.4000,5217.2000,5221.0000,5222.6000,5223.8000,5225.0000,5228.8000,1,2,1,1,2,1,1,1,2,2
SF,IC2007,2020-05-26 09:33:22.000,5220.2000,5071,0,144095440.000,0,-,-,-,-,5219.2000,5219.0000,5218.6000,5217.4000,5217.2000,5221.0000,5222.6000,5223.8000,5225.0000,5228.8000,1,1,2,1,2,1,1,1,2,2
SF,IC2007,2020-05-26 09:33:22.500,5220.2000,5071,0,144095440.000,0,-,-,-,-,5219.4000,5219.2000,5217.4000,5217.2000,5216.6000,5221.0000,5222.6000,5223.8000,5225.0000,5228.8000,1,1,1,2,3,1,1,1,2,2
SF,IC2007,2020-05-26 09:33:23.000,5220.2000,5071,0,144095440.000,0,-,-,-,-,5219.6000,5219.4000,5219.2000,5217.4000,5217.2000,5221.0000,5222.6000,5225.0000,5228.8000,5230.0000,1,1,1,1,2,1,1,2,2,1
SF,IC2007,2020-05-26 09:33:24.000,5220.2000,5071,0,144095440.000,0,-,-,-,-,5219.6000,5219.4000,5217.4000,5217.2000,5216.6000,5221.0000,5222.6000,5225.0000,5228.8000,5230.0000,1,1,1,2,3,1,1,2,2,1
SF,IC2007,2020-05-26 09:33:24.500,5220.2000,5071,0,144095440.000,0,-,-,-,-,5219.6000,5217.4000,5217.2000,5216.6000,5216.4000,5221.0000,5222.6000,5225.0000,5228.8000,5230.0000,1,1,2,3,2,1,1,2,2,1
SF,IC2007,2020-05-26 09:33:25.000,5219.6000,5070,-1,145139360.000,1,0,1,双平,S,5217.4000,5217.2000,5216.6000,5216.4000,5215.8000,5220.8000,5221.0000,5222.6000,5225.0000,5228.8000,1,2,3,2,2,1,1,1,2,2
SF,IC2007,2020-05-26 09:33:25.500,5219.6000,5070,0,145139360.000,0,-,-,-,-,5217.8000,5217.6000,5217.4000,5217.2000,5216.6000,5220.8000,5221.0000,5222.6000,5225.0000,5228.8000,1,3,1,2,3,1,1,1,2,2
SF,IC2007,2020-05-26 09:33:26.000,5219.6000,5070,0,145139360.000,0,-,-,-,-,5218.2000,5218.0000,5217.4000,5217.2000,5216.6000,5220.8000,5221.0000,5222.6000,5225.0000,5228.8000,1,3,1,2,3,1,1,1,2,2
SF,IC2007,2020-05-26 09:33:26.500,5219.6000,5070,0,145139360.000,0,-,-,-,-,5218.4000,5218.2000,5218.0000,5217.4000,5217.2000,5220.8000,5221.0000,5222.6000,5225.0000,5228.8000,2,1,1,1,2,1,1,1,3,2
SF,IC2007,2020-05-26 09:33:27.000,5219.6000,5070,0,145139360.000,0,-,-,-,-,5218.4000,5218.2000,5218.0000,5217.4000,5217.2000,5220.8000,5221.0000,5222.6000,5225.0000,5228.8000,2,1,1,1,2,1,1,1,3,2
SF,IC2007,2020-05-26 09:33:27.500,5219.6000,5070,0,145139360.000,0,-,-,-,-,5218.8000,5218.4000,5218.0000,5217.4000,5217.2000,5221.0000,5222.6000,5225.0000,5228.8000,5230.0000,2,2,1,1,2,1,1,3,2,1
SF,IC2007,2020-05-26 09:33:28.000,5219.6000,5070,0,145139360.000,0,-,-,-,-,5219.0000,5218.8000,5218.4000,5218.0000,5217.4000,5221.0000,5225.0000,5228.8000,5230.0000,5231.6000,1,2,1,1,1,1,3,2,1,5
SF,IC2007,2020-05-26 09:33:28.500,5219.6000,5070,0,145139360.000,0,-,-,-,-,5219.0000,5218.8000,5218.4000,5218.0000,5217.4000,5221.0000,5222.8000,5225.0000,5228.8000,5230.0000,1,2,1,1,1,1,1,3,2,1
SF,IC2007,2020-05-26 09:33:29.000,5219.6000,5070,0,145139360.000,0,-,-,-,-,5218.4000,5218.0000,5217.4000,5217.2000,5216.6000,5220.8000,5221.0000,5222.8000,5225.0000,5228.8000,1,1,1,2,3,2,1,1,3,2
SF,IC2007,2020-05-26 09:33:29.500,5219.6000,5070,0,145139360.000,0,-,-,-,-,5218.4000,5218.0000,5217.4000,5217.2000,5216.6000,5220.4000,5220.6000,5220.8000,5221.0000,5222.8000,1,1,1,2,3,1,1,1,1,1
SF,IC2007,2020-05-26 09:33:30.000,5219.6000,5070,0,145139360.000,0,-,-,-,-,5218.0000,5217.4000,5217.2000,5216.6000,5216.4000,5220.2000,5220.4000,5220.6000,5221.0000,5222.8000,1,1,2,3,2,1,1,1,1,1
SF,IC2007,2020-05-26 09:33:30.500,5219.6000,5070,0,145139360.000,0,-,-,-,-,5218.2000,5218.0000,5217.4000,5217.2000,5216.6000,5220.4000,5220.6000,5221.0000,5222.8000,5225.0000,1,1,1,2,3,1,1,1,1,3
SF,IC2007,2020-05-26 09:33:31.000,5219.6000,5070,0,145139360.000,0,-,-,-,-,5218.2000,5218.0000,5217.4000,5217.2000,5216.6000,5220.4000,5221.0000,5222.8000,5225.0000,5228.8000,1,1,1,2,3,1,1,1,3,2
SF,IC2007,2020-05-26 09:33:31.500,5219.6000,5070,0,145139360.000,0,-,-,-,-,5218.6000,5218.4000,5218.2000,5217.4000,5217.2000,5221.0000,5222.8000,5225.0000,5228.8000,5230.0000,1,1,1,1,2,1,1,3,2,1
SF,IC2007,2020-05-26 09:33:32.000,5219.6000,5070,0,145139360.000,0,-,-,-,-,5219.0000,5218.4000,5218.2000,5217.4000,5217.2000,5220.6000,5220.8000,5222.8000,5225.0000,5228.8000,1,1,1,1,2,1,1,1,3,2
SF,IC2007,2020-05-26 09:33:32.500,5219.6000,5070,0,145139360.000,0,-,-,-,-,5218.4000,5218.2000,5217.4000,5217.2000,5216.6000,5220.4000,5222.8000,5225.0000,5228.8000,5230.0000,1,1,1,2,2,2,1,3,2,1
SF,IC2007,2020-05-26 09:33:33.000,5219.6000,5070,0,145139360.000,0,-,-,-,-,5218.6000,5217.2000,5216.6000,5215.8000,5215.6000,5220.2000,5220.4000,5222.8000,5225.0000,5228.8000,1,2,2,2,1,1,1,1,3,2
SF,IC2007,2020-05-26 09:33:34.000,5219.6000,5070,0,145139360.000,0,-,-,-,-,5218.6000,5217.2000,5216.6000,5215.8000,5215.6000,5220.4000,5222.8000,5225.0000,5228.8000,5230.0000,1,2,2,2,1,1,1,3,2,1
SF,IC2007,2020-05-26 09:33:34.500,5219.6000,5070,0,145139360.000,0,-,-,-,-,5218.6000,5217.2000,5216.6000,5215.8000,5215.6000,5222.8000,5225.0000,5228.8000,5230.0000,5231.6000,1,2,2,2,1,1,3,2,1,5
SF,IC2007,2020-05-26 09:33:35.000,5219.6000,5070,0,145139360.000,0,-,-,-,-,5218.8000,5218.6000,5217.2000,5216.6000,5215.8000,5222.6000,5222.8000,5225.0000,5228.8000,5230.0000,1,1,2,2,2,2,1,3,2,1
SF,IC2007,2020-05-26 09:33:35.500,5219.6000,5070,0,145139360.000,0,-,-,-,-,5219.0000,5218.8000,5217.2000,5216.6000,5215.8000,5222.6000,5222.8000,5225.0000,5228.8000,5230.0000,1,1,2,2,2,2,1,3,2,1
SF,IC2007,2020-05-26 09:33:36.000,5219.6000,5070,0,145139360.000,0,-,-,-,-,5219.2000,5219.0000,5217.2000,5216.6000,5215.8000,5222.6000,5222.8000,5225.0000,5228.8000,5230.0000,1,1,2,2,2,2,1,3,2,1
SF,IC2007,2020-05-26 09:33:36.500,5219.6000,5070,0,145139360.000,0,-,-,-,-,5219.6000,5219.4000,5219.2000,5217.2000,5216.6000,5222.4000,5222.6000,5222.8000,5225.0000,5228.8000,1,1,1,2,2,1,2,1,3,2
SF,IC2007,2020-05-26 09:33:37.000,5219.6000,5070,0,145139360.000,0,-,-,-,-,5219.8000,5219.6000,5217.2000,5216.6000,5215.8000,5222.2000,5222.4000,5222.8000,5225.0000,5228.8000,2,1,2,2,2,2,1,1,3,2
SF,IC2007,2020-05-26 09:33:38.500,5219.6000,5070,0,145139360.000,0,-,-,-,-,5219.8000,5219.6000,5217.2000,5216.6000,5215.8000,5222.2000,5222.8000,5225.0000,5228.8000,5230.0000,2,1,2,2,2,2,1,3,2,1
SF,IC2007,2020-05-26 09:33:39.500,5219.6000,5070,0,145139360.000,0,-,-,-,-,5220.2000,5219.8000,5217.2000,5216.6000,5215.8000,5222.2000,5222.8000,5225.0000,5228.8000,5230.0000,2,2,2,2,2,1,1,3,2,1
SF,IC2007,2020-05-26 09:33:40.000,5219.6000,5070,0,145139360.000,0,-,-,-,-,5220.4000,5220.2000,5219.8000,5217.2000,5216.6000,5222.2000,5222.8000,5225.0000,5228.8000,5230.0000,1,2,1,2,2,1,1,3,2,1
SF,IC2007,2020-05-26 09:33:40.500,5219.6000,5070,0,145139360.000,0,-,-,-,-,5220.4000,5220.2000,5219.8000,5217.2000,5216.6000,5222.8000,5225.0000,5228.8000,5230.0000,5231.6000,1,2,1,2,2,1,3,2,1,5
SF,IC2007,2020-05-26 09:33:41.000,5219.6000,5070,0,145139360.000,0,-,-,-,-,5220.4000,5220.2000,5219.8000,5217.2000,5216.6000,5222.4000,5222.6000,5222.8000,5225.0000,5228.8000,1,1,1,2,2,1,1,1,3,2
SF,IC2007,2020-05-26 09:33:41.500,5219.6000,5070,0,145139360.000,0,-,-,-,-,5220.4000,5220.2000,5219.8000,5217.2000,5216.6000,5222.2000,5222.4000,5222.8000,5225.0000,5228.8000,1,1,1,2,2,1,1,1,3,2
SF,IC2007,2020-05-26 09:33:42.000,5219.6000,5070,0,145139360.000,0,-,-,-,-,5220.4000,5220.2000,5219.8000,5217.2000,5216.6000,5222.2000,5222.4000,5222.8000,5225.0000,5228.8000,1,1,1,2,2,2,1,1,3,2
SF,IC2007,2020-05-26 09:33:43.000,5219.6000,5070,0,145139360.000,0,-,-,-,-,5220.4000,5220.2000,5219.8000,5217.2000,5216.6000,5222.0000,5222.2000,5222.4000,5222.8000,5225.0000,1,1,1,2,2,1,1,1,1,3
SF,IC2007,2020-05-26 09:33:43.500,5219.6000,5070,0,145139360.000,0,-,-,-,-,5220.4000,5220.2000,5219.8000,5217.2000,5216.6000,5222.0000,5222.2000,5222.8000,5225.0000,5228.8000,1,1,1,2,2,2,1,1,3,2
SF,IC2007,2020-05-26 09:33:44.000,5219.6000,5070,0,145139360.000,0,-,-,-,-,5220.6000,5220.4000,5220.2000,5219.8000,5217.2000,5222.0000,5222.8000,5225.0000,5228.8000,5230.0000,1,1,1,1,2,2,1,3,2,1
SF,IC2007,2020-05-26 09:33:44.500,5219.6000,5070,0,145139360.000,0,-,-,-,-,5220.8000,5220.6000,5220.2000,5219.8000,5217.2000,5222.0000,5222.8000,5225.0000,5228.8000,5230.0000,1,1,1,1,2,1,1,3,2,1
SF,IC2007,2020-05-26 09:33:45.000,5222.0000,5069,-1,146183760.000,1,0,1,双平,S,5221.0000,5220.8000,5220.2000,5219.8000,5217.2000,5222.8000,5225.0000,5228.8000,5230.0000,5231.6000,1,1,1,1,2,1,3,2,1,5
SF,IC2007,2020-05-26 09:33:46.000,5222.0000,5069,0,146183760.000,0,-,-,-,-,5221.0000,5220.8000,5220.2000,5219.8000,5217.2000,5222.4000,5222.8000,5225.0000,5228.8000,5230.0000,1,1,1,1,2,1,1,3,2,1
SF,IC2007,2020-05-26 09:33:46.500,5222.0000,5069,0,146183760.000,0,-,-,-,-,5221.0000,5220.8000,5220.2000,5219.8000,5217.2000,5222.4000,5222.8000,5225.0000,5228.8000,5229.6000,1,1,1,1,2,1,1,3,2,1
SF,IC2007,2020-05-26 09:33:47.000,5222.0000,5069,0,146183760.000,0,-,-,-,-,5221.0000,5220.2000,5219.8000,5217.2000,5216.6000,5222.2000,5222.4000,5222.8000,5225.0000,5228.8000,1,1,1,2,2,1,1,1,3,2
SF,IC2007,2020-05-26 09:33:47.500,5222.0000,5069,0,146183760.000,0,-,-,-,-,5220.2000,5219.8000,5217.2000,5216.6000,5215.8000,5222.2000,5222.4000,5222.8000,5225.0000,5228.8000,1,1,2,2,2,1,1,1,3,2
SF,IC2007,2020-05-26 09:33:48.500,5220.2000,5067,-2,148271840.000,2,0,2,双平,S,5219.8000,5217.2000,5216.6000,5215.8000,5215.6000,5222.2000,5222.8000,5225.0000,5228.8000,5229.6000,1,2,2,2,1,1,1,3,2,1
SF,IC2007,2020-05-26 09:33:49.000,5220.2000,5067,0,148271840.000,0,-,-,-,-,5217.2000,5216.6000,5215.8000,5215.6000,5215.4000,5221.8000,5222.2000,5222.8000,5225.0000,5228.8000,2,2,2,1,2,1,1,1,3,2
SF,IC2007,2020-05-26 09:33:49.500,5220.2000,5067,0,148271840.000,0,-,-,-,-,5221.0000,5219.0000,5218.2000,5217.8000,5217.6000,5221.6000,5222.8000,5225.0000,5228.8000,5229.6000,3,1,1,2,3,1,1,3,2,1
SF,IC2007,2020-05-26 09:33:50.500,5221.0000,5067,0,151404440.000,3,1,2,多换,S,5219.0000,5218.2000,5217.8000,5217.6000,5217.4000,5221.6000,5222.8000,5225.0000,5228.8000,5229.6000,1,1,2,3,3,1,1,3,2,1
SF,IC2007,2020-05-26 09:33:51.000,5221.0000,5067,0,151404440.000,0,-,-,-,-,5219.4000,5219.2000,5219.0000,5218.2000,5217.8000,5222.8000,5225.0000,5228.8000,5229.6000,5230.0000,1,1,1,1,2,1,3,2,1,1
SF,IC2007,2020-05-26 09:33:51.500,5221.0000,5067,0,151404440.000,0,-,-,-,-,5219.6000,5219.4000,5219.0000,5218.2000,5217.8000,5222.6000,5222.8000,5225.0000,5228.8000,5229.6000,2,1,1,1,2,1,1,3,2,1
SF,IC2007,2020-05-26 09:33:52.000,5221.0000,5067,0,151404440.000,0,-,-,-,-,5220.0000,5219.6000,5219.0000,5218.2000,5217.8000,5222.4000,5222.6000,5222.8000,5225.0000,5228.8000,1,2,1,1,2,1,1,1,3,2
SF,IC2007,2020-05-26 09:33:52.500,5221.0000,5067,0,151404440.000,0,-,-,-,-,5220.4000,5220.2000,5220.0000,5219.6000,5219.0000,5222.6000,5222.8000,5225.0000,5228.8000,5229.6000,1,1,1,1,1,1,1,3,2,1
SF,IC2007,2020-05-26 09:33:53.000,5221.0000,5067,0,151404440.000,0,-,-,-,-,5220.8000,5220.6000,5220.4000,5219.6000,5219.0000,5222.8000,5225.0000,5228.8000,5229.6000,5230.0000,1,1,1,1,1,1,3,2,1,1
SF,IC2007,2020-05-26 09:33:53.500,5221.0000,5067,0,151404440.000,0,-,-,-,-,5221.0000,5220.8000,5220.4000,5219.6000,5219.0000,5222.8000,5225.0000,5228.8000,5229.6000,5230.0000,1,1,1,1,1,1,3,2,1,1
SF,IC2007,2020-05-26 09:33:54.000,5221.0000,5067,0,151404440.000,0,-,-,-,-,5221.0000,5220.8000,5219.6000,5219.0000,5218.2000,5222.8000,5225.0000,5228.8000,5229.6000,5230.0000,1,1,1,1,1,1,3,2,1,1
SF,IC2007,2020-05-26 09:33:55.000,5221.0000,5067,0,151404440.000,0,-,-,-,-,5221.0000,5220.8000,5219.6000,5219.0000,5218.2000,5222.8000,5225.0000,5228.8000,5229.6000,5230.0000,1,1,1,1,1,1,3,2,1,1
SF,IC2007,2020-05-26 09:33:55.500,5221.0000,5067,0,151404440.000,0,-,-,-,-,5221.0000,5220.8000,5220.4000,5219.6000,5219.0000,5222.8000,5225.0000,5228.8000,5229.6000,5230.0000,1,1,1,1,1,1,3,2,1,1
SF,IC2007,2020-05-26 09:33:56.000,5221.0000,5067,0,151404440.000,0,-,-,-,-,5221.0000,5220.8000,5220.4000,5219.6000,5219.0000,5222.6000,5222.8000,5225.0000,5228.8000,5229.6000,1,1,1,1,1,1,1,3,2,1
SF,IC2007,2020-05-26 09:33:57.000,5221.0000,5066,-1,152448640.000,1,0,1,双平,S,5221.0000,5220.8000,5220.4000,5219.6000,5219.0000,5222.6000,5222.8000,5225.0000,5228.8000,5229.6000,1,1,1,1,1,1,1,3,2,1
SF,IC2007,2020-05-26 09:33:57.500,5221.0000,5066,0,152448640.000,0,-,-,-,-,5221.0000,5220.8000,5220.4000,5219.6000,5219.0000,5222.6000,5222.8000,5225.0000,5228.8000,5229.6000,1,1,1,1,1,1,1,3,2,1
SF,IC2007,2020-05-26 09:33:58.000,5221.0000,5066,0,152448640.000,0,-,-,-,-,5221.0000,5220.8000,5220.4000,5219.6000,5219.0000,5222.4000,5222.6000,5222.8000,5225.0000,5228.8000,1,1,1,1,1,1,1,1,3,2
SF,IC2007,2020-05-26 09:33:58.500,5221.0000,5066,0,152448640.000,0,-,-,-,-,5220.8000,5220.4000,5219.6000,5219.0000,5218.2000,5222.2000,5222.4000,5222.6000,5222.8000,5225.0000,1,1,1,1,1,1,1,1,1,3
SF,IC2007,2020-05-26 09:33:59.000,5221.0000,5066,0,152448640.000,0,-,-,-,-,5220.8000,5220.4000,5219.6000,5219.0000,5218.2000,5222.2000,5222.4000,5222.8000,5225.0000,5228.8000,1,1,1,1,1,1,1,1,3,2
SF,IC2007,2020-05-26 09:34:00.000,5221.0000,5066,0,152448640.000,0,-,-,-,-,5220.4000,5219.6000,5219.0000,5218.2000,5217.8000,5222.2000,5222.4000,5222.8000,5225.0000,5228.8000,1,1,1,1,1,1,1,1,3,2
SF,IC2007,2020-05-26 09:34:00.500,5221.0000,5066,0,152448640.000,0,-,-,-,-,5220.6000,5220.4000,5219.6000,5219.0000,5218.2000,5222.4000,5222.8000,5225.0000,5228.8000,5229.6000,2,1,1,1,1,1,1,3,2,1
SF,IC2007,2020-05-26 09:34:01.000,5221.0000,5066,0,152448640.000,0,-,-,-,-,5221.0000,5220.6000,5220.4000,5219.6000,5219.0000,5222.4000,5222.8000,5225.0000,5228.8000,5229.6000,1,2,1,1,1,1,1,3,2,1
SF,IC2007,2020-05-26 09:34:01.500,5222.4000,5065,-1,153493120.000,1,0,1,双平,S,5221.2000,5221.0000,5220.6000,5220.4000,5219.6000,5222.8000,5225.0000,5228.8000,5229.6000,5230.0000,1,1,1,1,1,1,3,2,1,1
SF,IC2007,2020-05-26 09:34:02.000,5222.8000,5064,-1,154537680.000,1,0,1,双平,S,5221.6000,5221.4000,5221.2000,5220.4000,5219.6000,5225.0000,5228.8000,5229.6000,5230.0000,5231.6000,1,2,1,1,1,3,2,1,1,5
SF,IC2007,2020-05-26 09:34:02.500,5222.8000,5064,0,154537680.000,0,-,-,-,-,5222.0000,5221.8000,5221.4000,5220.4000,5219.0000,5224.8000,5225.0000,5228.8000,5229.6000,5230.0000,1,3,2,1,1,2,3,2,1,1
SF,IC2007,2020-05-26 09:34:03.000,5222.8000,5064,0,154537680.000,0,-,-,-,-,5222.4000,5222.2000,5222.0000,5221.8000,5221.4000,5224.6000,5224.8000,5225.0000,5228.8000,5229.6000,1,2,1,1,1,1,2,3,2,1
SF,IC2007,2020-05-26 09:34:03.500,5222.8000,5064,0,154537680.000,0,-,-,-,-,5222.6000,5222.4000,5222.2000,5222.0000,5221.8000,5224.6000,5224.8000,5225.0000,5228.8000,5229.6000,1,1,1,1,1,1,2,3,2,1
SF,IC2007,2020-05-26 09:34:04.000,5222.8000,5064,0,154537680.000,0,-,-,-,-,5223.0000,5222.8000,5222.6000,5222.2000,5221.8000,5224.6000,5224.8000,5225.0000,5228.8000,5229.6000,1,1,1,1,1,1,1,3,2,1
SF,IC2007,2020-05-26 09:34:04.500,5222.8000,5064,0,154537680.000,0,-,-,-,-,5223.2000,5223.0000,5222.8000,5222.2000,5221.8000,5224.6000,5224.8000,5225.0000,5228.8000,5229.6000,1,1,1,1,1,1,1,3,2,1
SF,IC2007,2020-05-26 09:34:05.000,5222.8000,5064,0,154537680.000,0,-,-,-,-,5223.2000,5223.0000,5222.8000,5222.2000,5221.8000,5224.6000,5225.0000,5228.8000,5229.6000,5230.0000,1,1,1,1,1,1,3,2,1,1
SF,IC2007,2020-05-26 09:34:07.000,5223.2000,5063,-1,155582320.000,1,0,1,双平,S,5223.6000,5222.8000,5222.2000,5221.8000,5219.0000,5224.6000,5225.0000,5228.8000,5229.6000,5230.0000,1,1,1,1,1,1,3,2,1,1
SF,IC2007,2020-05-26 09:34:07.500,5223.2000,5063,0,155582320.000,0,-,-,-,-,5222.2000,5221.8000,5219.0000,5218.2000,5217.6000,5224.6000,5225.0000,5228.8000,5229.6000,5230.0000,1,1,1,1,2,1,3,2,1,1
SF,IC2007,2020-05-26 09:34:08.000,5223.2000,5063,0,155582320.000,0,-,-,-,-,5222.6000,5222.4000,5222.2000,5221.8000,5218.2000,5224.4000,5224.6000,5225.0000,5228.8000,5229.6000,2,1,1,1,1,1,1,3,2,1
SF,IC2007,2020-05-26 09:34:08.500,5223.2000,5063,0,155582320.000,0,-,-,-,-,5223.0000,5222.8000,5222.6000,5222.2000,5221.8000,5224.6000,5225.0000,5228.8000,5229.6000,5230.0000,1,1,1,1,1,1,3,2,1,1
SF,IC2007,2020-05-26 09:34:09.000,5223.2000,5063,0,155582320.000,0,-,-,-,-,5223.2000,5223.0000,5222.6000,5222.2000,5221.8000,5224.6000,5225.0000,5228.8000,5229.6000,5230.0000,2,1,1,1,1,1,3,2,1,1
SF,IC2007,2020-05-26 09:34:09.500,5223.2000,5063,0,155582320.000,0,-,-,-,-,5223.6000,5223.2000,5222.2000,5221.8000,5218.2000,5224.6000,5225.0000,5228.8000,5229.6000,5230.0000,1,2,1,1,1,1,3,2,1,1
SF,IC2007,2020-05-26 09:34:10.000,5224.6000,5062,-1,156627240.000,1,0,1,双平,S,5224.0000,5223.2000,5222.2000,5221.8000,5218.2000,5225.0000,5228.8000,5229.6000,5230.0000,5231.6000,1,2,1,1,1,3,2,1,1,5
SF,IC2007,2020-05-26 09:34:10.500,5225.0000,5060,-2,159762240.000,3,0,3,多平,S,5224.2000,5224.0000,5223.2000,5222.2000,5221.8000,5228.8000,5229.6000,5230.0000,5231.6000,5232.4000,1,1,1,1,1,2,1,1,5,2
SF,IC2007,2020-05-26 09:34:11.000,5225.0000,5060,0,159762240.000,0,-,-,-,-,5224.6000,5224.4000,5224.2000,5223.2000,5221.8000,5227.6000,5227.8000,5228.0000,5228.6000,5228.8000,1,1,1,1,1,2,1,1,5,2
SF,IC2007,2020-05-26 09:34:11.500,5225.0000,5060,0,159762240.000,0,-,-,-,-,5224.8000,5224.6000,5223.2000,5221.8000,5218.2000,5227.4000,5227.6000,5227.8000,5228.0000,5228.6000,2,1,1,1,1,2,2,1,1,3
SF,IC2007,2020-05-26 09:34:12.000,5225.0000,5060,0,159762240.000,0,-,-,-,-,5224.8000,5224.6000,5223.2000,5221.8000,5218.2000,5227.4000,5227.6000,5227.8000,5228.0000,5228.6000,1,1,1,1,1,2,2,1,1,3
SF,IC2007,2020-05-26 09:34:13.000,5225.0000,5060,0,159762240.000,0,-,-,-,-,5224.8000,5224.6000,5223.2000,5221.8000,5218.2000,5227.4000,5227.8000,5228.0000,5228.6000,5228.8000,1,1,1,1,1,2,1,1,3,2
SF,IC2007,2020-05-26 09:34:13.500,5225.0000,5060,0,159762240.000,0,-,-,-,-,5224.8000,5224.6000,5223.2000,5221.8000,5218.2000,5227.2000,5227.4000,5227.6000,5227.8000,5228.0000,1,1,1,1,1,1,2,2,1,1
SF,IC2007,2020-05-26 09:34:14.000,5225.0000,5060,0,159762240.000,0,-,-,-,-,5224.8000,5224.6000,5223.2000,5221.8000,5218.2000,5227.0000,5227.2000,5227.6000,5227.8000,5228.0000,1,1,1,1,1,2,1,2,1,1
SF,IC2007,2020-05-26 09:34:14.500,5225.0000,5060,0,159762240.000,0,-,-,-,-,5224.8000,5224.6000,5221.8000,5218.2000,5217.6000,5227.0000,5227.2000,5227.6000,5227.8000,5228.0000,1,1,1,1,2,2,1,2,1,1
SF,IC2007,2020-05-26 09:34:15.500,5225.0000,5060,0,159762240.000,0,-,-,-,-,5225.2000,5224.8000,5221.8000,5218.2000,5217.6000,5227.0000,5228.0000,5228.6000,5228.8000,5229.6000,1,1,1,1,2,2,1,2,2,1
SF,IC2007,2020-05-26 09:34:16.000,5225.0000,5060,0,159762240.000,0,-,-,-,-,5224.8000,5221.8000,5218.2000,5217.6000,5217.4000,5227.0000,5228.0000,5228.6000,5228.8000,5229.6000,1,1,1,2,1,2,1,2,2,1
SF,IC2007,2020-05-26 09:34:17.500,5224.8000,5060,0,160807200.000,1,0,1,多换,S,5221.8000,5218.2000,5217.6000,5217.4000,5215.6000,5226.8000,5227.0000,5228.0000,5228.6000,5228.8000,1,1,2,1,1,1,2,1,2,2
SF,IC2007,2020-05-26 09:34:18.000,5224.8000,5060,0,160807200.000,0,-,-,-,-,5224.4000,5224.2000,5223.6000,5223.4000,5222.2000,5226.6000,5226.8000,5227.0000,5228.0000,5228.6000,1,1,2,2,3,2,2,1,1,2
SF,IC2007,2020-05-26 09:34:18.500,5224.8000,5060,0,160807200.000,0,-,-,-,-,5222.2000,5222.0000,5221.8000,5218.2000,5215.4000,5226.6000,5226.8000,5227.0000,5228.0000,5228.6000,3,1,1,1,2,2,1,1,1,2
SF,IC2007,2020-05-26 09:34:19.000,5224.8000,5060,0,160807200.000,0,-,-,-,-,5224.0000,5223.8000,5223.2000,5222.6000,5222.4000,5226.6000,5226.8000,5227.0000,5228.6000,5228.8000,1,1,2,1,4,2,1,1,2,2
SF,IC2007,2020-05-26 09:34:19.500,5224.8000,5060,0,160807200.000,0,-,-,-,-,5224.4000,5224.2000,5224.0000,5223.8000,5223.2000,5226.6000,5226.8000,5227.0000,5228.6000,5228.8000,1,2,1,1,2,2,1,1,2,2
SF,IC2007,2020-05-26 09:34:20.000,5224.8000,5060,0,160807200.000,0,-,-,-,-,5224.6000,5224.4000,5224.2000,5224.0000,5223.8000,5226.6000,5226.8000,5227.0000,5228.6000,5228.8000,1,1,1,1,1,2,1,1,2,2
SF,IC2007,2020-05-26 09:34:20.500,5224.8000,5060,0,160807200.000,0,-,-,-,-,5225.0000,5224.6000,5224.2000,5224.0000,5223.8000,5226.4000,5226.6000,5226.8000,5227.0000,5228.6000,1,1,1,1,1,1,1,1,1,2
SF,IC2007,2020-05-26 09:34:22.000,5226.4000,5059,-1,161852480.000,1,0,1,双平,S,5225.0000,5224.6000,5224.2000,5224.0000,5223.8000,5226.6000,5226.8000,5227.0000,5228.6000,5228.8000,1,1,1,1,1,1,1,1,2,2
SF,IC2007,2020-05-26 09:34:22.500,5226.4000,5059,0,161852480.000,0,-,-,-,-,5225.2000,5225.0000,5224.2000,5224.0000,5223.8000,5227.0000,5228.6000,5228.8000,5229.6000,5230.0000,3,1,1,1,1,1,2,2,1,2
SF,IC2007,2020-05-26 09:34:23.000,5226.4000,5059,0,161852480.000,0,-,-,-,-,5225.6000,5225.2000,5224.8000,5224.2000,5224.0000,5228.8000,5229.6000,5230.0000,5231.6000,5232.4000,1,3,1,1,1,2,1,2,5,2
SF,IC2007,2020-05-26 09:34:23.500,5226.4000,5059,0,161852480.000,0,-,-,-,-,5226.0000,5225.8000,5224.8000,5224.0000,5223.8000,5228.6000,5228.8000,5229.6000,5230.0000,5231.6000,1,2,1,1,1,2,2,1,2,5
SF,IC2007,2020-05-26 09:34:24.000,5226.0000,5058,-1,162897680.000,1,0,1,双平,S,5224.8000,5224.0000,5223.8000,5223.2000,5222.6000,5228.4000,5228.6000,5228.8000,5229.6000,5230.0000,1,1,1,2,1,1,2,2,1,2
SF,IC2007,2020-05-26 09:34:24.500,5226.0000,5058,0,162897680.000,0,-,-,-,-,5225.0000,5224.8000,5224.0000,5223.8000,5223.2000,5228.2000,5228.4000,5228.8000,5229.6000,5230.0000,1,1,1,1,2,2,2,2,1,2
SF,IC2007,2020-05-26 09:34:25.000,5226.0000,5058,0,162897680.000,0,-,-,-,-,5224.8000,5224.0000,5223.8000,5223.2000,5222.6000,5228.0000,5228.2000,5228.8000,5229.6000,5230.0000,1,1,1,2,1,1,2,2,1,2
SF,IC2007,2020-05-26 09:34:25.500,5226.0000,5058,0,162897680.000,0,-,-,-,-,5225.0000,5224.8000,5223.8000,5223.2000,5222.6000,5227.6000,5227.8000,5228.0000,5228.8000,5229.6000,1,1,1,2,1,2,2,2,2,1
SF,IC2007,2020-05-26 09:34:26.000,5226.0000,5058,0,162897680.000,0,-,-,-,-,5224.8000,5223.8000,5223.2000,5222.6000,5222.4000,5227.4000,5227.6000,5228.0000,5228.8000,5229.6000,1,1,2,1,2,3,2,1,2,1
SF,IC2007,2020-05-26 09:34:26.500,5226.0000,5058,0,162897680.000,0,-,-,-,-,5225.0000,5224.8000,5223.8000,5223.2000,5222.6000,5227.2000,5227.4000,5228.8000,5229.6000,5230.0000,1,1,1,2,1,1,3,2,1,2
SF,IC2007,2020-05-26 09:34:27.000,5226.0000,5058,0,162897680.000,0,-,-,-,-,5224.8000,5223.8000,5223.2000,5222.6000,5222.4000,5227.0000,5227.2000,5227.4000,5228.0000,5228.8000,1,1,2,1,2,2,1,1,1,2
SF,IC2007,2020-05-26 09:34:28.000,5226.0000,5058,0,162897680.000,0,-,-,-,-,5224.8000,5223.8000,5223.2000,5222.6000,5222.4000,5227.0000,5227.4000,5228.0000,5228.8000,5229.6000,1,1,2,1,2,2,1,1,2,1
SF,IC2007,2020-05-26 09:34:29.000,5226.0000,5058,0,162897680.000,0,-,-,-,-,5223.8000,5223.2000,5222.6000,5222.4000,5222.2000,5227.0000,5227.4000,5228.0000,5228.8000,5229.6000,1,2,1,2,2,2,1,1,2,1
SF,IC2007,2020-05-26 09:34:29.500,5226.0000,5058,0,162897680.000,0,-,-,-,-,5224.2000,5224.0000,5222.6000,5222.4000,5222.2000,5226.8000,5227.0000,5228.0000,5228.8000,5229.6000,1,1,1,2,2,1,2,1,2,1
SF,IC2007,2020-05-26 09:34:30.000,5226.0000,5058,0,162897680.000,0,-,-,-,-,5224.2000,5222.6000,5222.4000,5222.2000,5215.4000,5226.6000,5226.8000,5228.0000,5228.8000,5229.6000,1,1,2,1,2,2,1,1,2,1
SF,IC2007,2020-05-26 09:34:30.500,5226.0000,5058,0,162897680.000,0,-,-,-,-,5224.4000,5222.6000,5222.4000,5222.2000,5215.4000,5226.6000,5226.8000,5228.0000,5228.8000,5229.6000,1,1,2,1,2,2,1,1,2,1
SF,IC2007,2020-05-26 09:34:31.000,5226.0000,5058,0,162897680.000,0,-,-,-,-,5224.4000,5222.6000,5222.4000,5222.2000,5215.4000,5226.6000,5226.8000,5228.8000,5229.6000,5230.0000,1,1,2,1,2,1,1,2,1,2
SF,IC2007,2020-05-26 09:34:31.500,5226.0000,5058,0,162897680.000,0,-,-,-,-,5224.4000,5222.6000,5222.4000,5222.2000,5215.4000,5226.6000,5226.8000,5228.8000,5229.6000,5230.0000,1,1,2,1,2,1,1,2,1,2
SF,IC2007,2020-05-26 09:34:33.000,5226.0000,5058,0,162897680.000,0,-,-,-,-,5224.4000,5222.6000,5222.4000,5222.2000,5215.4000,5226.4000,5226.6000,5226.8000,5228.8000,5229.6000,2,1,2,1,2,1,1,1,2,1
SF,IC2007,2020-05-26 09:34:33.500,5224.4000,5058,0,163942560.000,1,0,1,多换,S,5222.6000,5222.4000,5222.2000,5215.4000,5214.2000,5226.2000,5226.4000,5226.6000,5226.8000,5228.8000,1,2,1,2,5,1,2,1,1,2
SF,IC2007,2020-05-26 09:34:34.000,5224.4000,5058,0,163942560.000,0,-,-,-,-,5222.2000,5215.4000,5214.2000,5211.4000,5207.2000,5226.0000,5226.2000,5226.4000,5226.6000,5228.8000,1,2,5,1,2,2,1,1,1,2
SF,IC2007,2020-05-26 09:34:34.500,5224.4000,5058,0,163942560.000,0,-,-,-,-,5222.4000,5222.2000,5215.4000,5214.2000,5211.4000,5225.8000,5226.0000,5226.2000,5226.4000,5226.6000,1,1,2,5,1,1,2,2,1,1
SF,IC2007,2020-05-26 09:34:35.000,5224.4000,5058,0,163942560.000,0,-,-,-,-,5222.4000,5222.2000,5215.4000,5214.2000,5211.4000,5225.6000,5225.8000,5226.2000,5226.4000,5226.6000,1,1,2,5,1,2,1,2,1,1
SF,IC2007,2020-05-26 09:34:35.500,5224.4000,5058,0,163942560.000,0,-,-,-,-,5222.8000,5222.4000,5222.2000,5215.4000,5214.2000,5225.4000,5225.6000,5226.2000,5226.4000,5226.6000,1,1,1,2,5,1,2,2,1,1
SF,IC2007,2020-05-26 09:34:36.000,5224.4000,5058,0,163942560.000,0,-,-,-,-,5223.0000,5222.8000,5222.2000,5215.4000,5214.2000,5225.2000,5225.4000,5226.2000,5226.4000,5226.6000,1,1,1,2,5,2,1,2,1,1
SF,IC2007,2020-05-26 09:34:36.500,5224.4000,5058,0,163942560.000,0,-,-,-,-,5223.0000,5222.8000,5222.2000,5215.4000,5214.2000,5225.0000,5225.2000,5226.2000,5226.4000,5226.6000,1,1,1,2,5,1,2,2,1,1
SF,IC2007,2020-05-26 09:34:37.000,5224.4000,5058,0,163942560.000,0,-,-,-,-,5223.2000,5223.0000,5222.2000,5215.4000,5214.2000,5225.2000,5226.4000,5226.6000,5228.8000,5229.6000,2,1,1,2,5,2,1,1,2,1
SF,IC2007,2020-05-26 09:34:37.500,5224.4000,5058,0,163942560.000,0,-,-,-,-,5223.4000,5222.2000,5215.4000,5214.2000,5211.4000,5226.4000,5226.6000,5228.8000,5229.6000,5230.0000,3,1,2,5,1,1,1,2,1,2
SF,IC2007,2020-05-26 09:34:38.000,5224.4000,5058,0,164987440.000,1,0,1,多换,S,5223.4000,5222.2000,5215.4000,5214.2000,5211.4000,5226.2000,5226.4000,5228.8000,5229.6000,5230.0000,3,1,2,5,1,3,1,2,1,2
SF,IC2007,2020-05-26 09:34:38.500,5224.4000,5058,0,164987440.000,0,-,-,-,-,5223.8000,5223.4000,5222.2000,5215.4000,5214.2000,5224.4000,5226.2000,5226.4000,5228.8000,5229.6000,2,2,1,2,5,1,3,1,2,1
SF,IC2007,2020-05-26 09:34:39.000,5224.4000,5057,-1,166032320.000,1,0,1,双平,S,5224.6000,5223.8000,5223.4000,5222.2000,5215.4000,5226.2000,5226.4000,5228.8000,5229.6000,5230.0000,1,2,2,1,2,3,1,2,1,2
SF,IC2007,2020-05-26 09:34:39.500,5224.4000,5057,0,166032320.000,0,-,-,-,-,5223.4000,5222.2000,5215.4000,5214.2000,5211.4000,5226.2000,5226.4000,5228.8000,5229.6000,5230.0000,1,1,2,5,1,2,1,2,1,2
SF,IC2007,2020-05-26 09:34:40.000,5224.4000,5057,0,166032320.000,0,-,-,-,-,5222.2000,5215.4000,5214.2000,5211.4000,5207.2000,5226.0000,5226.2000,5226.4000,5228.8000,5229.6000,1,2,5,1,2,1,2,1,2,1
SF,IC2007,2020-05-26 09:34:40.500,5224.4000,5057,0,166032320.000,0,-,-,-,-,5222.6000,5222.4000,5222.2000,5215.4000,5214.2000,5225.8000,5226.0000,5226.4000,5228.8000,5229.6000,1,5,1,2,5,2,1,1,2,1
SF,IC2007,2020-05-26 09:34:41.000,5224.4000,5057,0,166032320.000,0,-,-,-,-,5222.2000,5215.4000,5214.2000,5211.4000,5207.2000,5225.6000,5225.8000,5226.4000,5228.8000,5229.6000,1,2,5,1,2,1,2,1,2,1
SF,IC2007,2020-05-26 09:34:41.500,5224.4000,5057,0,166032320.000,0,-,-,-,-,5215.4000,5214.2000,5211.4000,5207.2000,5196.8000,5225.4000,5225.6000,5226.4000,5228.8000,5229.6000,2,5,1,2,2,2,1,1,2,1
SF,IC2007,2020-05-26 09:34:42.000,5224.4000,5057,0,166032320.000,0,-,-,-,-,5221.0000,5220.8000,5220.2000,5219.2000,5216.4000,5225.2000,5225.4000,5226.4000,5228.8000,5229.6000,1,2,3,2,1,1,2,1,2,1
SF,IC2007,2020-05-26 09:34:42.500,5224.4000,5057,0,166032320.000,0,-,-,-,-,5221.4000,5221.2000,5221.0000,5220.2000,5215.6000,5224.6000,5225.0000,5225.2000,5225.4000,5226.4000,2,2,2,1,2,5,1,1,1,1
SF,IC2007,2020-05-26 09:34:43.000,5224.4000,5057,0,166032320.000,0,-,-,-,-,5222.2000,5221.8000,5221.6000,5221.4000,5221.0000,5224.4000,5224.6000,5225.4000,5226.4000,5228.8000,2,2,6,2,1,2,5,1,1,2
SF,IC2007,2020-05-26 09:34:43.500,5224.4000,5057,0,166032320.000,0,-,-,-,-,5221.8000,5221.6000,5220.2000,5215.6000,5215.4000,5224.4000,5224.6000,5225.4000,5226.4000,5228.8000,2,2,1,2,2,2,5,1,1,2
SF,IC2007,2020-05-26 09:34:44.000,5224.4000,5057,0,166032320.000,0,-,-,-,-,5222.6000,5222.0000,5221.8000,5220.2000,5215.6000,5224.4000,5224.6000,5225.4000,5226.4000,5228.8000,1,1,2,1,2,2,5,1,1,2
SF,IC2007,2020-05-26 09:34:44.500,5224.4000,5057,0,166032320.000,0,-,-,-,-,5222.8000,5222.6000,5220.2000,5215.6000,5215.4000,5224.4000,5224.6000,5225.4000,5226.4000,5228.8000,1,1,1,2,2,1,5,1,1,2
SF,IC2007,2020-05-26 09:34:45.000,5224.4000,5057,0,166032320.000,0,-,-,-,-,5223.0000,5222.8000,5222.6000,5220.2000,5215.6000,5224.6000,5225.4000,5226.4000,5228.8000,5229.6000,1,1,1,1,2,5,1,1,2,1
