市场代码,合约代码,时间,最新,持仓,增仓,成交额,成交量,开仓,平仓,成交类型,方向,买一价,买二价,买三价,买四价,买五价,卖一价,卖二价,卖三价,卖四价,卖五价,买一量,买二量,买三量,买四量,买五量,卖一量,卖二量,卖三量,卖四量,卖五量
SF,IC2012,2020-06-01 09:29:00.400,5050.0000,19006,0,6060000.000,6.000,-,-,-,-,5050.0000,5048.0000,5046.4000,5045.0000,5041.4000,5050.6000,5061.0000,5074.2000,5079.8000,5080.0000,23,3,1,1,1,1,1,1,1,1
SF,IC2012,2020-06-01 09:30:00.400,5056.0000,19004,-2,16171920.000,10,4,6,多平,S,5057.6000,5057.0000,5056.0000,5055.6000,5054.8000,5066.4000,5069.6000,5074.2000,5079.8000,5080.0000,2,6,2,8,1,1,1,1,1,1
SF,IC2012,2020-06-01 09:30:00.900,5066.4000,19001,-3,22244520.000,6,1,5,多平,S,5066.6000,5061.4000,5058.0000,5057.8000,5057.6000,5069.6000,5074.2000,5079.8000,5080.0000,5090.0000,1,2,4,2,2,1,1,1,1,1
SF,IC2012,2020-06-01 09:30:01.400,5068.2000,18996,-5,29340400.000,7,1,6,多平,S,5058.0000,5057.8000,5057.6000,5055.6000,5054.8000,5066.4000,5068.6000,5074.2000,5079.8000,5080.0000,7,1,1,8,1,1,1,1,1,1
SF,IC2012,2020-06-01 09:30:01.900,5067.6000,18993,-3,34407560.000,5,1,4,多平,S,5066.8000,5066.6000,5066.4000,5064.2000,5063.4000,5074.2000,5079.8000,5080.0000,5080.8000,5090.0000,1,8,2,2,5,1,1,1,5,1
SF,IC2012,2020-06-01 09:30:02.400,5069.6000,18994,1,35421480.000,1,1,0,双开,S,5068.8000,5067.2000,5067.0000,5066.6000,5063.4000,5074.0000,5074.2000,5079.8000,5080.0000,5080.8000,2,1,1,24,5,6,1,1,1,5
SF,IC2012,2020-06-01 09:30:02.900,5069.6000,18993,-1,36435400.000,1,0,1,双平,S,5073.0000,5069.0000,5068.8000,5067.2000,5066.6000,5074.0000,5074.2000,5079.8000,5080.0000,5080.8000,1,1,2,1,24,6,1,1,1,5
SF,IC2012,2020-06-01 09:30:03.400,5068.8000,18990,-3,40493040.000,4,0,4,多平,S,5067.2000,5066.6000,5066.4000,5063.4000,5059.0000,5068.8000,5074.2000,5079.8000,5080.0000,5086.6000,3,24,1,5,3,1,1,1,1,5
SF,IC2012,2020-06-01 09:30:03.900,5070.0000,18988,-2,43534800.000,3,0,3,多平,S,5070.0000,5069.0000,5068.8000,5067.2000,5066.6000,5074.2000,5079.8000,5080.0000,5086.6000,5090.0000,1,6,4,4,8,1,1,1,5,1
SF,IC2012,2020-06-01 09:30:04.400,5074.0000,18989,1,48608080.000,5,3,2,空开,S,5070.4000,5070.0000,5069.0000,5068.8000,5067.4000,5079.0000,5079.8000,5080.0000,5086.6000,5090.0000,3,2,14,2,1,1,1,1,5,1
SF,IC2012,2020-06-01 09:30:04.900,5070.6000,18988,-1,49622200.000,1,0,1,双平,S,5070.4000,5070.0000,5069.0000,5068.8000,5067.4000,5072.0000,5074.0000,5077.6000,5078.8000,5079.0000,3,2,14,2,1,1,2,1,5,1
SF,IC2012,2020-06-01 09:30:05.400,5070.6000,18974,-14,71938720.000,22,4,18,多平,S,5072.2000,5070.4000,5070.0000,5069.6000,5066.6000,5078.8000,5079.0000,5079.8000,5080.0000,5090.0000,5,2,2,1,1,1,1,1,1,1
SF,IC2012,2020-06-01 09:30:05.900,5070.6000,18974,0,71938720.000,0,-,-,-,-,5073.2000,5072.6000,5072.2000,5070.0000,5069.6000,5078.8000,5079.0000,5079.8000,5080.0000,5090.0000,1,2,6,1,1,1,1,1,1,1
SF,IC2012,2020-06-01 09:30:06.400,5070.6000,18974,0,71938720.000,0,-,-,-,-,5072.2000,5070.0000,5069.6000,5066.6000,5066.4000,5078.8000,5079.8000,5080.0000,5090.0000,5092.4000,6,1,2,1,1,1,1,1,1,5
SF,IC2012,2020-06-01 09:30:06.900,5070.6000,18974,0,72952840.000,1,0,1,多换,S,5073.2000,5072.4000,5072.2000,5072.0000,5071.8000,5078.0000,5078.8000,5079.8000,5080.0000,5090.0000,1,2,5,1,1,1,1,1,1,1
SF,IC2012,2020-06-01 09:30:07.400,5070.6000,18982,8,83094040.000,10,9,1,空开,S,5073.8000,5069.6000,5066.6000,5066.4000,5063.4000,5077.8000,5078.0000,5079.8000,5080.0000,5090.0000,1,2,1,1,5,1,1,1,1,1
SF,IC2012,2020-06-01 09:30:07.900,5078.0000,18983,1,85125200.000,2,1,1,空开,S,5073.8000,5070.2000,5069.6000,5066.6000,5066.4000,5079.8000,5080.0000,5090.0000,5092.4000,5100.0000,1,1,2,1,1,1,1,1,5,2
SF,IC2012,2020-06-01 09:30:08.400,5078.0000,18983,0,85125200.000,0,-,-,-,-,5074.0000,5073.8000,5071.2000,5069.6000,5066.6000,5075.0000,5079.6000,5079.8000,5080.0000,5090.0000,1,2,1,2,1,1,1,1,1,1
SF,IC2012,2020-06-01 09:30:08.900,5076.0000,18982,-1,86140400.000,1,0,1,双平,S,5078.0000,5075.0000,5074.6000,5073.8000,5071.2000,5079.8000,5080.0000,5090.0000,5092.4000,5100.0000,2,5,1,2,1,1,1,1,5,2
SF,IC2012,2020-06-01 09:30:09.400,5078.0000,18982,0,88171600.000,2,1,1,多换,S,5075.0000,5074.6000,5074.0000,5073.8000,5071.2000,5077.2000,5077.8000,5079.0000,5079.6000,5079.8000,5,2,1,2,1,1,2,1,1,1
SF,IC2012,2020-06-01 09:30:09.900,5075.2000,18979,-3,92233840.000,4,0,4,多平,S,5075.0000,5074.6000,5074.0000,5073.8000,5071.2000,5078.0000,5079.8000,5080.0000,5090.0000,5098.2000,6,2,2,1,1,1,1,1,1,5
SF,IC2012,2020-06-01 09:30:10.400,5078.0000,18979,0,93249440.000,1,0,1,多换,S,5078.0000,5075.2000,5075.0000,5074.6000,5074.0000,5079.8000,5080.0000,5090.0000,5098.2000,5100.0000,1,1,6,2,2,1,1,1,5,2
SF,IC2012,2020-06-01 09:30:10.900,5075.8000,18976,-3,97311760.000,4,0,4,多平,S,5075.2000,5075.0000,5074.6000,5074.0000,5073.8000,5077.8000,5080.0000,5090.0000,5098.2000,5100.0000,1,6,1,2,1,1,1,1,5,2
SF,IC2012,2020-06-01 09:30:11.400,5079.8000,18977,1,100358760.000,3,2,1,空开,S,5077.8000,5075.6000,5075.4000,5075.0000,5074.6000,5090.0000,5098.2000,5100.0000,5127.6000,5136.0000,2,1,2,6,1,1,5,2,1,1
SF,IC2012,2020-06-01 09:30:11.900,5083.6000,18976,-1,102391080.000,2,0,2,多平,S,5075.6000,5075.4000,5075.0000,5074.6000,5074.0000,5083.6000,5086.2000,5086.6000,5088.0000,5088.8000,1,1,6,1,2,1,1,1,2,2
SF,IC2012,2020-06-01 09:30:12.400,5083.6000,18976,0,102391080.000,0,-,-,-,-,5077.0000,5076.6000,5075.8000,5075.6000,5075.4000,5083.4000,5086.2000,5086.6000,5088.0000,5089.6000,1,1,1,1,1,1,1,1,2,5
SF,IC2012,2020-06-01 09:30:12.900,5083.4000,18975,-1,104424440.000,2,0,2,多平,S,5077.2000,5077.0000,5076.6000,5075.8000,5075.4000,5079.8000,5083.2000,5086.2000,5086.6000,5088.0000,1,2,1,1,1,1,1,1,1,1
SF,IC2012,2020-06-01 09:30:13.400,5079.8000,18974,-1,105440400.000,1,0,1,双平,S,5079.8000,5077.8000,5077.2000,5077.0000,5076.6000,5082.4000,5089.8000,5090.0000,5098.2000,5100.0000,2,1,1,1,1,1,2,1,5,2
SF,IC2012,2020-06-01 09:30:13.900,5079.8000,18972,-2,109504800.000,4,1,3,多平,S,5082.4000,5079.8000,5078.2000,5077.8000,5077.2000,5089.8000,5090.0000,5098.2000,5100.0000,5127.6000,1,1,1,1,1,2,1,5,2,1
SF,IC2012,2020-06-01 09:30:14.400,5079.8000,18972,0,109504800.000,0,-,-,-,-,5082.4000,5080.2000,5078.2000,5075.0000,5074.6000,5085.8000,5087.2000,5088.0000,5089.6000,5089.8000,1,1,1,5,1,3,1,2,1,2
SF,IC2012,2020-06-01 09:30:14.900,5080.2000,18970,-2,111537280.000,2,0,2,双平,S,5078.2000,5075.0000,5074.4000,5074.0000,5069.6000,5079.2000,5085.6000,5088.0000,5089.8000,5090.0000,1,5,1,2,1,1,1,1,2,1
SF,IC2012,2020-06-01 09:30:15.400,5079.2000,18968,-2,113568960.000,2,0,2,双平,S,5079.2000,5078.2000,5075.0000,5074.4000,5074.0000,5084.8000,5085.6000,5089.8000,5090.0000,5098.2000,1,1,5,1,2,1,2,2,1,5
SF,IC2012,2020-06-01 09:30:15.900,5084.6000,18969,1,115601720.000,2,1,1,空开,S,5079.2000,5075.0000,5074.4000,5074.0000,5069.6000,5084.6000,5084.8000,5085.6000,5089.8000,5090.0000,1,5,1,2,1,1,1,1,2,1
SF,IC2012,2020-06-01 09:30:16.400,5079.2000,18969,0,116617560.000,1,0,1,多换,S,5080.0000,5075.0000,5074.4000,5074.0000,5069.6000,5084.6000,5084.8000,5085.6000,5089.8000,5090.0000,1,5,1,2,1,1,1,1,2,1
SF,IC2012,2020-06-01 09:30:16.900,5084.6000,18968,-1,117634480.000,1,0,1,双平,S,5080.2000,5080.0000,5078.6000,5075.0000,5074.4000,5085.6000,5089.8000,5090.0000,5098.2000,5100.0000,1,2,1,5,1,1,2,1,5,2
SF,IC2012,2020-06-01 09:30:17.400,5080.4000,18967,-1,119667640.000,2,0,2,多平,S,5080.4000,5080.2000,5080.0000,5078.6000,5075.0000,5084.0000,5085.6000,5089.8000,5090.0000,5098.2000,1,1,2,1,5,1,1,2,1,5
SF,IC2012,2020-06-01 09:30:17.900,5084.0000,18967,0,120684440.000,1,0,1,多换,S,5084.6000,5080.6000,5080.4000,5080.2000,5080.0000,5085.6000,5089.8000,5090.0000,5098.2000,5100.0000,2,2,1,1,2,1,2,1,5,2
SF,IC2012,2020-06-01 09:30:18.400,5084.0000,18967,0,120684440.000,0,-,-,-,-,5084.8000,5084.6000,5084.0000,5081.0000,5080.4000,5085.6000,5089.8000,5090.0000,5098.2000,5100.0000,1,2,2,1,1,1,2,1,5,2
SF,IC2012,2020-06-01 09:30:18.900,5084.0000,18968,1,121701240.000,1,1,0,双开,S,5084.6000,5084.0000,5081.0000,5080.8000,5080.4000,5089.8000,5090.0000,5098.2000,5100.0000,5127.6000,1,2,1,1,1,2,1,5,2,1
SF,IC2012,2020-06-01 09:30:19.400,5084.0000,18968,0,121701240.000,0,-,-,-,-,5084.6000,5084.0000,5081.0000,5080.8000,5080.4000,5085.0000,5089.6000,5089.8000,5090.0000,5098.2000,1,2,1,1,1,1,2,2,1,5
SF,IC2012,2020-06-01 09:30:19.900,5084.6000,18967,-1,124752160.000,3,1,2,多平,S,5081.0000,5080.8000,5080.0000,5075.0000,5074.0000,5084.8000,5089.6000,5089.8000,5090.0000,5098.2000,1,1,2,5,1,1,2,1,1,5
SF,IC2012,2020-06-01 09:30:20.400,5084.8000,18966,-1,125769120.000,1,0,1,双平,S,5084.8000,5081.2000,5081.0000,5080.8000,5080.0000,5089.6000,5089.8000,5090.0000,5098.2000,5100.0000,1,2,2,2,1,2,1,1,5,2
SF,IC2012,2020-06-01 09:30:20.900,5089.4000,18966,0,126787000.000,1,0,1,多换,S,5085.2000,5085.0000,5084.8000,5081.0000,5080.8000,5089.6000,5089.8000,5090.0000,5098.2000,5100.0000,1,4,2,1,2,2,2,1,5,2
SF,IC2012,2020-06-01 09:30:21.400,5085.4000,18965,-1,128821200.000,2,0,2,多平,S,5085.2000,5085.0000,5084.8000,5081.0000,5080.8000,5089.6000,5089.8000,5090.0000,5100.0000,5104.0000,1,2,1,1,2,2,1,1,3,5
SF,IC2012,2020-06-01 09:30:21.900,5085.2000,18966,1,129838240.000,1,1,0,双开,S,5085.8000,5084.8000,5081.0000,5080.8000,5080.0000,5089.6000,5089.8000,5090.0000,5100.0000,5104.0000,1,1,1,2,1,2,1,1,3,5
SF,IC2012,2020-06-01 09:30:22.400,5089.6000,18964,-2,133908360.000,4,1,3,多平,S,5085.8000,5084.8000,5081.0000,5080.8000,5080.0000,5089.6000,5089.8000,5090.0000,5100.0000,5104.0000,1,1,1,2,1,1,1,1,3,5
SF,IC2012,2020-06-01 09:30:22.900,5089.6000,18964,0,133908360.000,0,-,-,-,-,5088.0000,5086.0000,5085.8000,5081.0000,5080.8000,5089.6000,5089.8000,5090.0000,5100.0000,5109.8000,1,2,2,1,1,1,1,1,3,5
SF,IC2012,2020-06-01 09:30:23.400,5090.0000,18961,-3,137980160.000,4,0,4,多平,S,5089.6000,5086.6000,5086.0000,5085.8000,5081.0000,5100.0000,5109.8000,5127.6000,5136.0000,5198.0000,2,5,2,2,1,3,5,1,1,1
SF,IC2012,2020-06-01 09:30:23.900,5089.6000,18958,-3,141033960.000,3,0,3,双平,S,5089.6000,5086.6000,5085.8000,5081.0000,5080.8000,5095.0000,5096.0000,5097.6000,5098.2000,5098.4000,1,5,2,1,1,1,1,2,1,1
SF,IC2012,2020-06-01 09:30:24.400,5089.6000,18958,0,143069800.000,2,1,1,多换,S,5085.8000,5080.8000,5080.0000,5074.0000,5069.6000,5094.8000,5095.0000,5095.2000,5096.0000,5097.6000,2,6,1,1,1,4,1,1,1,2
SF,IC2012,2020-06-01 09:30:24.900,5089.6000,18958,0,143069800.000,0,-,-,-,-,5086.0000,5085.8000,5080.8000,5080.0000,5074.0000,5094.6000,5097.6000,5098.2000,5099.8000,5100.0000,2,2,6,1,1,1,1,1,4,3
SF,IC2012,2020-06-01 09:30:25.400,5089.6000,18958,0,143069800.000,0,-,-,-,-,5086.0000,5085.8000,5080.8000,5080.0000,5074.0000,5094.6000,5097.6000,5098.2000,5099.8000,5100.0000,2,2,6,1,1,1,1,1,4,3
SF,IC2012,2020-06-01 09:30:25.900,5086.2000,18958,0,145105960.000,2,1,1,多换,S,5086.8000,5086.0000,5085.8000,5085.4000,5080.8000,5097.6000,5098.2000,5099.8000,5100.0000,5109.8000,1,2,1,1,6,1,1,4,3,5
SF,IC2012,2020-06-01 09:30:26.400,5086.2000,18958,0,145105960.000,0,-,-,-,-,5087.0000,5086.8000,5086.0000,5085.4000,5080.8000,5096.6000,5097.4000,5097.6000,5098.2000,5099.8000,2,2,1,1,6,1,3,1,1,4
SF,IC2012,2020-06-01 09:30:26.900,5086.2000,18958,0,145105960.000,0,-,-,-,-,5088.2000,5087.0000,5086.8000,5086.0000,5085.4000,5096.0000,5096.4000,5096.6000,5097.4000,5097.6000,1,2,2,1,1,1,6,1,1,1
SF,IC2012,2020-06-01 09:30:27.400,5087.0000,18958,0,147140600.000,2,1,1,多换,S,5088.4000,5088.2000,5087.0000,5086.8000,5086.0000,5095.8000,5096.0000,5096.4000,5096.6000,5097.4000,1,1,1,1,1,2,1,5,1,1
SF,IC2012,2020-06-01 09:30:27.900,5087.0000,18958,0,148158000.000,1,0,1,多换,S,5088.6000,5088.4000,5088.2000,5087.8000,5087.6000,5095.4000,5095.6000,5095.8000,5096.4000,5096.6000,2,1,1,1,1,1,1,2,4,1
SF,IC2012,2020-06-01 09:30:28.400,5087.0000,18958,0,149175400.000,1,0,1,多换,S,5088.6000,5088.4000,5088.2000,5087.8000,5087.6000,5095.2000,5095.4000,5095.6000,5095.8000,5096.4000,1,2,1,1,1,5,1,1,1,4
SF,IC2012,2020-06-01 09:30:28.900,5087.0000,18958,0,149175400.000,0,-,-,-,-,5088.8000,5088.6000,5088.4000,5088.2000,5087.6000,5095.2000,5095.4000,5095.6000,5095.8000,5096.4000,2,1,2,1,1,1,1,1,1,4
SF,IC2012,2020-06-01 09:30:29.400,5087.0000,18958,0,149175400.000,0,-,-,-,-,5089.2000,5089.0000,5088.8000,5088.4000,5087.6000,5095.2000,5095.4000,5095.6000,5096.4000,5096.6000,1,2,3,1,1,1,1,1,4,1
SF,IC2012,2020-06-01 09:30:29.900,5095.2000,18957,-1,152229760.000,3,1,2,多平,S,5089.4000,5089.2000,5089.0000,5088.8000,5088.4000,5095.6000,5096.6000,5097.4000,5097.6000,5099.8000,2,1,1,1,1,1,1,1,1,4
SF,IC2012,2020-06-01 09:30:30.400,5089.6000,18956,-1,153247680.000,1,0,1,双平,S,5089.4000,5089.2000,5089.0000,5088.4000,5087.4000,5095.4000,5095.6000,5096.6000,5097.4000,5097.6000,3,1,1,1,1,1,1,1,1,1
SF,IC2012,2020-06-01 09:30:30.900,5089.6000,18956,0,153247680.000,0,-,-,-,-,5089.6000,5089.4000,5089.2000,5089.0000,5088.4000,5095.4000,5095.6000,5096.6000,5097.4000,5099.8000,2,3,1,1,1,1,1,1,1,4
SF,IC2012,2020-06-01 09:30:31.400,5090.0000,18956,0,155284560.000,2,1,1,多换,S,5089.8000,5089.6000,5089.4000,5089.0000,5088.4000,5095.0000,5095.4000,5095.6000,5096.6000,5097.4000,1,1,2,1,1,1,1,1,1,1
SF,IC2012,2020-06-01 09:30:31.900,5095.0000,18955,-1,157322520.000,2,0,2,多平,S,5090.0000,5089.8000,5089.4000,5089.0000,5088.4000,5095.2000,5095.6000,5096.6000,5097.4000,5099.8000,1,2,2,1,1,1,1,1,1,4
SF,IC2012,2020-06-01 09:30:32.400,5090.4000,18955,0,159359600.000,2,1,1,多换,S,5090.4000,5090.0000,5089.8000,5089.4000,5089.0000,5095.0000,5095.2000,5095.6000,5096.6000,5097.4000,1,2,1,1,1,1,1,1,1,1
SF,IC2012,2020-06-01 09:30:32.900,5090.6000,18955,0,162414520.000,3,1,2,多换,S,5090.4000,5090.0000,5089.4000,5089.0000,5088.4000,5094.8000,5095.2000,5095.6000,5097.6000,5099.8000,1,2,1,1,1,1,1,1,1,4
SF,IC2012,2020-06-01 09:30:33.400,5090.6000,18954,-1,163432640.000,1,0,1,双平,S,5090.6000,5090.4000,5090.0000,5089.4000,5089.0000,5094.6000,5095.2000,5095.6000,5097.6000,5099.8000,3,2,2,1,1,1,1,1,1,4
SF,IC2012,2020-06-01 09:30:33.900,5094.6000,18954,0,164451560.000,1,0,1,多换,S,5095.0000,5091.0000,5090.6000,5090.4000,5090.0000,5095.2000,5095.6000,5097.6000,5099.8000,5100.0000,1,1,3,1,1,1,1,1,4,3
SF,IC2012,2020-06-01 09:30:34.400,5095.2000,18954,0,166489600.000,2,1,1,多换,S,5090.6000,5090.4000,5086.8000,5086.2000,5084.0000,5093.0000,5094.4000,5095.0000,5095.6000,5097.6000,2,1,1,1,1,1,1,6,1,1
SF,IC2012,2020-06-01 09:30:34.900,5094.4000,18953,-1,169545680.000,3,1,2,多平,S,5094.8000,5093.4000,5093.0000,5090.8000,5090.6000,5095.0000,5095.6000,5097.6000,5099.8000,5100.0000,1,1,1,2,2,6,1,1,4,3
SF,IC2012,2020-06-01 09:30:35.400,5095.0000,18949,-4,177696920.000,8,2,6,多平,S,5091.4000,5090.6000,5086.2000,5084.0000,5080.8000,5094.0000,5095.0000,5095.6000,5097.6000,5099.8000,1,2,1,1,5,1,3,1,1,4
SF,IC2012,2020-06-01 09:30:35.900,5093.8000,18949,0,180752240.000,3,1,2,多换,S,5091.6000,5090.6000,5090.0000,5086.2000,5084.0000,5093.8000,5094.0000,5095.0000,5095.6000,5097.6000,1,1,1,1,1,1,1,3,1,1
SF,IC2012,2020-06-01 09:30:36.400,5093.6000,18951,2,186863840.000,6,4,2,空开,S,5090.6000,5090.0000,5086.2000,5084.0000,5080.8000,5091.6000,5093.8000,5094.0000,5095.0000,5095.6000,1,1,1,1,5,1,1,1,3,1
SF,IC2012,2020-06-01 09:30:36.900,5090.0000,18951,0,197044400.000,10,5,5,多换,S,5086.2000,5084.0000,5080.8000,5080.0000,5069.6000,5089.8000,5093.8000,5094.0000,5095.0000,5095.6000,1,1,5,2,1,4,2,1,5,1
SF,IC2012,2020-06-01 09:30:37.400,5093.8000,18951,0,204172720.000,7,3,4,多换,S,5089.8000,5086.4000,5086.2000,5084.0000,5080.8000,5095.0000,5095.6000,5097.6000,5099.8000,5100.0000,4,1,1,1,5,5,1,1,4,3
SF,IC2012,2020-06-01 09:30:37.900,5093.8000,18951,0,204172720.000,0,-,-,-,-,5090.0000,5089.8000,5088.0000,5086.2000,5084.0000,5094.8000,5095.0000,5095.6000,5097.6000,5099.8000,2,3,1,1,1,1,5,1,1,4
SF,IC2012,2020-06-01 09:30:38.400,5093.8000,18951,0,204172720.000,0,-,-,-,-,5090.0000,5088.0000,5086.2000,5084.0000,5080.8000,5090.6000,5094.0000,5094.8000,5095.0000,5095.6000,2,1,1,1,5,1,1,2,5,1
SF,IC2012,2020-06-01 09:30:38.900,5090.6000,18951,0,205190840.000,1,0,1,多换,S,5090.6000,5090.4000,5090.0000,5088.6000,5086.2000,5093.0000,5094.8000,5095.0000,5095.6000,5097.6000,2,1,1,1,1,1,2,4,1,1
SF,IC2012,2020-06-01 09:30:39.400,5094.8000,18951,0,207228400.000,2,1,1,多换,S,5090.8000,5090.6000,5090.4000,5090.0000,5088.6000,5094.8000,5095.0000,5095.6000,5097.6000,5099.8000,2,1,1,1,1,1,4,1,1,4
SF,IC2012,2020-06-01 09:30:39.900,5094.8000,18950,-1,209266320.000,2,0,2,多平,S,5091.6000,5091.0000,5090.8000,5090.0000,5088.6000,5095.0000,5095.6000,5097.6000,5099.8000,5100.0000,1,1,2,1,1,4,1,1,4,4
SF,IC2012,2020-06-01 09:30:40.400,5091.6000,18950,0,210284640.000,1,0,1,多换,S,5091.0000,5090.8000,5090.0000,5088.6000,5087.0000,5094.8000,5095.0000,5095.6000,5097.6000,5099.8000,1,2,1,1,1,1,4,1,1,4
SF,IC2012,2020-06-01 09:30:40.900,5091.6000,18950,0,210284640.000,0,-,-,-,-,5091.2000,5090.8000,5090.0000,5087.0000,5086.2000,5094.6000,5094.8000,5095.0000,5095.6000,5097.6000,1,1,2,1,1,1,1,3,1,1
SF,IC2012,2020-06-01 09:30:41.400,5094.6000,18949,-1,212322440.000,2,0,2,多平,S,5091.4000,5091.2000,5090.8000,5090.0000,5087.0000,5095.0000,5095.6000,5097.6000,5099.8000,5100.0000,2,1,1,1,1,3,1,1,4,4
SF,IC2012,2020-06-01 09:30:41.900,5094.8000,18949,0,213341400.000,1,0,1,多换,S,5091.6000,5091.4000,5091.2000,5090.8000,5090.0000,5095.0000,5095.6000,5097.6000,5099.8000,5100.0000,1,2,1,1,1,3,1,1,4,4
SF,IC2012,2020-06-01 09:30:42.400,5091.4000,18946,-3,216396320.000,3,0,3,双平,S,5091.2000,5090.8000,5090.0000,5087.0000,5086.2000,5094.8000,5095.0000,5095.6000,5097.6000,5099.8000,1,1,1,1,1,1,3,1,1,4
SF,IC2012,2020-06-01 09:30:42.900,5091.4000,18946,0,218432920.000,2,1,1,多换,S,5091.2000,5090.8000,5090.0000,5089.6000,5087.0000,5093.8000,5094.6000,5094.8000,5095.0000,5095.6000,1,1,1,1,1,1,1,1,3,1
SF,IC2012,2020-06-01 09:30:43.400,5093.8000,18945,-1,220470400.000,2,0,2,多平,S,5093.8000,5091.4000,5091.2000,5090.8000,5090.0000,5094.6000,5095.0000,5095.6000,5097.6000,5099.8000,2,1,1,1,1,1,3,1,1,4
SF,IC2012,2020-06-01 09:30:43.900,5093.8000,18943,-2,222507920.000,2,0,2,双平,S,5094.6000,5091.4000,5091.2000,5090.8000,5089.6000,5095.0000,5095.6000,5097.6000,5099.8000,5100.0000,1,1,1,1,1,3,1,1,4,9
SF,IC2012,2020-06-01 09:30:44.400,5095.0000,18941,-2,225564840.000,3,0,3,多平,S,5091.4000,5087.0000,5086.2000,5084.0000,5080.8000,5093.0000,5095.0000,5095.6000,5097.6000,5099.8000,1,1,1,1,5,1,1,1,1,4
SF,IC2012,2020-06-01 09:30:44.900,5093.0000,18940,-1,226583440.000,1,0,1,双平,S,5093.4000,5093.0000,5091.6000,5089.4000,5087.0000,5095.0000,5095.6000,5097.6000,5099.8000,5100.0000,1,1,1,1,1,1,1,1,4,9
SF,IC2012,2020-06-01 09:30:45.400,5093.2000,18938,-2,228620720.000,2,0,2,双平,S,5091.6000,5091.4000,5087.0000,5086.2000,5084.0000,5094.8000,5095.0000,5095.6000,5097.6000,5099.8000,1,1,1,1,1,9,1,1,1,4
SF,IC2012,2020-06-01 09:30:45.900,5094.8000,18938,0,232696560.000,4,2,2,多换,S,5091.6000,5089.6000,5087.0000,5086.2000,5084.0000,5094.8000,5095.0000,5095.6000,5097.6000,5099.8000,1,1,1,1,1,5,1,1,1,4
SF,IC2012,2020-06-01 09:30:46.400,5093.6000,18939,1,233715280.000,1,1,0,双开,S,5091.8000,5091.6000,5090.0000,5089.6000,5087.0000,5094.6000,5094.8000,5095.0000,5095.6000,5097.6000,1,1,1,1,1,1,5,1,1,1
SF,IC2012,2020-06-01 09:30:46.900,5094.6000,18939,0,234734200.000,1,0,1,多换,S,5091.8000,5091.6000,5090.0000,5089.6000,5087.0000,5094.8000,5095.0000,5095.6000,5097.6000,5099.8000,1,1,1,1,1,5,1,1,1,4
SF,IC2012,2020-06-01 09:30:47.400,5094.6000,18939,0,234734200.000,0,-,-,-,-,5092.0000,5091.8000,5091.6000,5090.0000,5089.6000,5094.8000,5095.0000,5095.6000,5097.4000,5097.6000,1,1,1,1,1,5,1,1,1,1
SF,IC2012,2020-06-01 09:30:47.900,5094.8000,18940,1,238810040.000,4,2,2,空开,S,5092.2000,5092.0000,5091.6000,5091.4000,5090.0000,5094.8000,5095.0000,5095.6000,5097.4000,5097.6000,1,1,1,1,1,2,1,1,1,1
SF,IC2012,2020-06-01 09:30:48.400,5094.8000,18940,0,240847960.000,2,1,1,多换,S,5092.2000,5092.0000,5091.6000,5091.4000,5090.0000,5095.0000,5095.6000,5097.4000,5097.6000,5099.8000,1,1,1,1,1,1,1,1,1,4
SF,IC2012,2020-06-01 09:30:48.900,5094.8000,18940,0,241866920.000,1,0,1,多换,S,5092.2000,5092.0000,5091.6000,5091.4000,5090.0000,5095.0000,5095.6000,5097.4000,5097.6000,5099.8000,1,1,1,1,1,1,1,1,1,4
SF,IC2012,2020-06-01 09:30:49.400,5095.0000,18939,-1,242885920.000,1,0,1,双平,S,5092.6000,5092.2000,5092.0000,5091.6000,5091.4000,5095.6000,5097.4000,5097.6000,5099.8000,5100.0000,2,1,1,1,1,1,1,1,4,9
SF,IC2012,2020-06-01 09:30:49.900,5092.8000,18939,0,243904480.000,1,0,1,多换,S,5091.6000,5090.0000,5089.6000,5087.0000,5086.2000,5095.0000,5097.4000,5097.6000,5099.8000,5100.0000,1,1,1,1,1,1,1,1,4,9
SF,IC2012,2020-06-01 09:30:50.400,5094.8000,18939,0,244923440.000,1,0,1,多换,S,5093.6000,5091.8000,5091.6000,5090.0000,5089.6000,5095.0000,5097.6000,5099.8000,5100.0000,5101.6000,1,1,1,1,1,1,1,4,9,1
SF,IC2012,2020-06-01 09:30:50.900,5093.6000,18939,0,245942160.000,1,0,1,多换,S,5091.8000,5091.6000,5090.0000,5089.6000,5087.0000,5093.6000,5094.8000,5095.0000,5097.6000,5099.8000,1,1,1,1,1,2,2,2,1,4
SF,IC2012,2020-06-01 09:30:51.400,5093.6000,18938,-1,246960880.000,1,0,1,双平,S,5093.6000,5091.6000,5090.0000,5089.6000,5087.0000,5094.8000,5095.0000,5095.2000,5097.6000,5099.8000,3,1,1,1,1,1,2,1,1,4
SF,IC2012,2020-06-01 09:30:51.900,5093.6000,18936,-2,250017040.000,3,0,3,多平,S,5092.0000,5091.6000,5090.0000,5089.6000,5087.0000,5093.6000,5094.8000,5095.0000,5095.2000,5097.6000,1,1,1,1,1,1,1,2,1,1
SF,IC2012,2020-06-01 09:30:52.400,5092.0000,18935,-1,252053840.000,2,0,2,多平,S,5093.6000,5090.0000,5089.6000,5087.0000,5086.2000,5094.8000,5095.0000,5095.2000,5097.6000,5099.8000,1,1,1,1,1,1,2,1,1,4
SF,IC2012,2020-06-01 09:30:52.900,5093.6000,18934,-1,253072560.000,1,0,1,双平,S,5090.0000,5089.6000,5087.0000,5086.2000,5084.0000,5094.0000,5094.8000,5095.0000,5095.2000,5097.6000,1,1,1,1,1,1,1,2,1,1
SF,IC2012,2020-06-01 09:30:53.400,5093.6000,18934,0,253072560.000,0,-,-,-,-,5093.2000,5090.8000,5090.4000,5090.2000,5090.0000,5094.8000,5095.0000,5095.2000,5097.6000,5099.8000,1,2,1,1,1,1,3,1,1,4
SF,IC2012,2020-06-01 09:30:53.900,5093.6000,18934,0,253072560.000,0,-,-,-,-,5093.2000,5090.8000,5090.4000,5090.2000,5090.0000,5093.6000,5094.8000,5095.0000,5095.2000,5097.6000,1,2,1,1,1,1,1,4,1,1
SF,IC2012,2020-06-01 09:30:54.400,5093.6000,18934,0,253072560.000,0,-,-,-,-,5093.2000,5090.8000,5090.4000,5090.2000,5090.0000,5094.8000,5095.0000,5095.2000,5097.6000,5099.8000,1,2,1,1,1,1,4,1,1,4
SF,IC2012,2020-06-01 09:30:54.900,5093.6000,18934,0,253072560.000,0,-,-,-,-,5093.2000,5090.8000,5090.4000,5090.2000,5090.0000,5094.8000,5095.0000,5095.2000,5097.6000,5099.8000,1,2,1,1,1,1,3,1,1,4
SF,IC2012,2020-06-01 09:30:55.400,5093.6000,18934,0,253072560.000,0,-,-,-,-,5093.2000,5092.2000,5090.8000,5090.4000,5090.2000,5094.8000,5095.0000,5095.2000,5097.6000,5099.8000,1,1,2,1,1,1,3,1,1,4
SF,IC2012,2020-06-01 09:30:55.900,5093.6000,18934,0,253072560.000,0,-,-,-,-,5093.2000,5092.2000,5090.8000,5090.4000,5090.2000,5094.6000,5094.8000,5095.0000,5095.2000,5097.6000,1,1,2,1,1,1,1,3,1,1
SF,IC2012,2020-06-01 09:30:56.400,5093.2000,18934,0,254091200.000,1,0,1,多换,S,5092.2000,5090.8000,5090.4000,5090.2000,5090.0000,5093.6000,5094.8000,5095.0000,5095.2000,5097.6000,1,2,1,1,7,1,1,3,1,1
SF,IC2012,2020-06-01 09:30:56.900,5093.2000,18934,0,254091200.000,0,-,-,-,-,5092.2000,5090.8000,5090.4000,5090.2000,5090.0000,5094.8000,5095.0000,5097.6000,5099.8000,5100.0000,1,2,1,1,9,1,3,1,4,9
SF,IC2012,2020-06-01 09:30:57.400,5093.2000,18934,0,254091200.000,0,-,-,-,-,5092.2000,5090.8000,5090.2000,5090.0000,5088.4000,5093.6000,5094.2000,5094.6000,5094.8000,5095.0000,1,2,1,9,1,1,1,1,1,3
SF,IC2012,2020-06-01 09:30:57.900,5092.2000,18934,0,255109640.000,1,0,1,多换,S,5090.8000,5090.2000,5090.0000,5088.4000,5087.2000,5091.8000,5092.6000,5093.6000,5094.0000,5094.2000,2,1,9,1,1,1,1,1,1,1
SF,IC2012,2020-06-01 09:30:58.400,5091.8000,18934,0,256128000.000,1,0,1,多换,S,5091.6000,5090.8000,5090.0000,5086.4000,5086.2000,5093.6000,5094.0000,5094.2000,5094.6000,5094.8000,1,2,9,1,1,1,1,1,1,1
SF,IC2012,2020-06-01 09:30:58.900,5091.8000,18934,0,256128000.000,0,-,-,-,-,5091.8000,5091.6000,5090.8000,5090.0000,5086.4000,5092.2000,5093.6000,5094.0000,5094.2000,5094.8000,1,1,2,9,1,1,1,1,1,1
SF,IC2012,2020-06-01 09:30:59.400,5092.2000,18934,0,258164800.000,2,1,1,多换,S,5091.6000,5090.8000,5090.0000,5086.4000,5086.2000,5093.6000,5094.0000,5094.2000,5094.8000,5095.0000,1,2,9,1,1,1,1,1,1,3
SF,IC2012,2020-06-01 09:30:59.900,5092.2000,18934,0,258164800.000,0,-,-,-,-,5091.6000,5090.8000,5090.0000,5086.4000,5086.2000,5092.4000,5093.4000,5093.6000,5094.0000,5094.2000,1,2,9,1,1,1,1,1,1,2
SF,IC2012,2020-06-01 09:31:00.400,5092.2000,18934,0,258164800.000,0,-,-,-,-,5092.6000,5091.6000,5090.8000,5090.0000,5086.4000,5094.0000,5094.2000,5094.4000,5094.8000,5095.0000,1,1,2,9,1,1,2,1,1,3
SF,IC2012,2020-06-01 09:31:00.900,5092.2000,18934,0,258164800.000,0,-,-,-,-,5091.6000,5090.8000,5090.0000,5089.2000,5086.4000,5093.6000,5093.8000,5094.0000,5094.2000,5094.4000,1,2,9,2,1,1,1,1,1,1
SF,IC2012,2020-06-01 09:31:01.400,5093.6000,18934,0,259183520.000,1,0,1,多换,S,5091.6000,5090.8000,5090.0000,5089.2000,5086.4000,5094.0000,5094.2000,5094.4000,5094.8000,5095.0000,1,2,9,2,1,1,1,1,1,3
SF,IC2012,2020-06-01 09:31:01.900,5091.8000,18934,0,262239240.000,3,1,2,多换,S,5091.8000,5090.8000,5090.0000,5089.2000,5087.6000,5094.2000,5094.4000,5094.8000,5095.0000,5097.6000,1,2,9,2,1,1,1,1,3,1
SF,IC2012,2020-06-01 09:31:02.400,5094.2000,18933,-1,263258080.000,1,0,1,双平,S,5091.8000,5090.8000,5090.0000,5089.2000,5086.2000,5094.4000,5094.8000,5095.0000,5097.6000,5099.8000,1,2,9,2,1,1,1,3,1,4
SF,IC2012,2020-06-01 09:31:02.900,5094.2000,18933,0,263258080.000,0,-,-,-,-,5091.8000,5090.8000,5090.0000,5086.2000,5084.0000,5094.4000,5094.8000,5095.0000,5097.6000,5099.8000,1,2,9,1,1,1,1,3,1,4
SF,IC2012,2020-06-01 09:31:03.400,5094.2000,18933,0,263258080.000,0,-,-,-,-,5092.2000,5091.8000,5090.8000,5090.0000,5086.2000,5094.4000,5094.8000,5095.0000,5097.2000,5097.6000,2,1,2,9,1,1,1,3,1,1
SF,IC2012,2020-06-01 09:31:03.900,5094.2000,18933,0,263258080.000,0,-,-,-,-,5092.2000,5091.8000,5090.8000,5090.0000,5086.2000,5094.2000,5094.4000,5094.8000,5095.0000,5097.2000,2,1,2,9,1,1,1,1,3,1
SF,IC2012,2020-06-01 09:31:04.400,5092.2000,18932,-1,265294960.000,2,0,2,多平,S,5090.8000,5090.0000,5086.2000,5084.0000,5080.8000,5091.6000,5094.2000,5094.4000,5094.8000,5095.0000,2,9,1,1,5,2,1,1,1,3
SF,IC2012,2020-06-01 09:31:04.900,5091.0000,18932,0,266313160.000,1,0,1,多换,S,5090.8000,5090.0000,5086.2000,5084.0000,5080.8000,5091.6000,5091.8000,5093.2000,5094.2000,5094.4000,2,9,1,1,5,2,1,1,1,1
SF,IC2012,2020-06-01 09:31:05.400,5091.0000,18932,0,266313160.000,0,-,-,-,-,5090.8000,5090.0000,5086.2000,5084.0000,5080.8000,5091.6000,5091.8000,5093.2000,5093.8000,5094.2000,2,9,1,1,5,2,1,1,1,1
SF,IC2012,2020-06-01 09:31:05.900,5091.0000,18932,0,266313160.000,0,-,-,-,-,5090.8000,5090.0000,5086.2000,5084.0000,5080.8000,5091.6000,5091.8000,5092.0000,5093.2000,5093.8000,2,9,1,1,5,2,1,5,1,1
SF,IC2012,2020-06-01 09:31:06.400,5090.8000,18930,-2,268349480.000,2,0,2,双平,S,5090.0000,5086.2000,5084.0000,5080.8000,5080.0000,5091.6000,5091.8000,5092.0000,5093.2000,5093.8000,9,1,1,5,1,2,1,5,1,1
SF,IC2012,2020-06-01 09:31:06.900,5090.8000,18930,0,268349480.000,0,-,-,-,-,5090.0000,5086.2000,5084.0000,5080.8000,5080.0000,5091.6000,5091.8000,5092.0000,5093.2000,5093.8000,9,1,1,5,1,2,1,5,1,1
SF,IC2012,2020-06-01 09:31:07.400,5090.8000,18930,0,268349480.000,0,-,-,-,-,5090.2000,5090.0000,5086.2000,5084.0000,5080.8000,5091.2000,5091.6000,5091.8000,5092.0000,5093.2000,1,9,1,1,5,1,2,1,5,1
SF,IC2012,2020-06-01 09:31:07.900,5091.8000,18927,-3,272422720.000,4,0,4,多平,S,5090.0000,5086.2000,5084.0000,5080.8000,5080.0000,5092.0000,5093.2000,5093.8000,5094.2000,5094.4000,9,1,1,5,1,5,1,1,1,1
SF,IC2012,2020-06-01 09:31:08.400,5092.0000,18927,0,278533120.000,6,3,3,多换,S,5092.0000,5090.2000,5090.0000,5089.8000,5086.2000,5093.2000,5093.8000,5094.2000,5094.4000,5095.0000,1,2,9,1,1,1,1,1,1,3
SF,IC2012,2020-06-01 09:31:08.900,5092.0000,18927,0,278533120.000,0,-,-,-,-,5092.0000,5090.2000,5090.0000,5089.8000,5086.2000,5093.0000,5093.2000,5093.8000,5094.2000,5094.4000,1,2,9,1,1,1,1,1,1,1
SF,IC2012,2020-06-01 09:31:09.400,5092.0000,18927,0,279551520.000,1,0,1,多换,S,5090.2000,5090.0000,5089.8000,5086.2000,5084.0000,5093.0000,5093.2000,5094.2000,5094.4000,5095.0000,2,9,1,1,1,1,1,1,1,3
SF,IC2012,2020-06-01 09:31:09.900,5092.0000,18927,0,279551520.000,0,-,-,-,-,5090.2000,5090.0000,5089.8000,5086.2000,5084.0000,5092.8000,5093.0000,5093.2000,5094.4000,5095.0000,1,9,1,1,1,1,1,1,1,3
SF,IC2012,2020-06-01 09:31:10.400,5092.0000,18927,0,279551520.000,0,-,-,-,-,5090.0000,5089.8000,5086.2000,5084.0000,5080.8000,5092.8000,5093.0000,5093.2000,5094.4000,5095.0000,9,1,1,1,5,1,1,1,1,3
SF,IC2012,2020-06-01 09:31:10.900,5092.0000,18927,0,279551520.000,0,-,-,-,-,5090.0000,5089.8000,5086.2000,5084.0000,5080.8000,5090.2000,5092.8000,5093.0000,5093.2000,5094.4000,9,1,1,1,5,1,2,1,1,1
SF,IC2012,2020-06-01 09:31:11.400,5090.0000,18927,0,281587560.000,2,1,1,多换,S,5090.0000,5088.4000,5086.2000,5084.0000,5080.8000,5092.8000,5093.0000,5093.2000,5094.4000,5095.0000,8,1,1,1,5,2,1,1,1,3
SF,IC2012,2020-06-01 09:31:12.900,5090.0000,18927,0,281587560.000,0,-,-,-,-,5090.0000,5088.4000,5086.2000,5084.0000,5080.8000,5092.0000,5092.8000,5093.0000,5093.2000,5094.4000,8,1,1,1,5,1,2,1,1,1
SF,IC2012,2020-06-01 09:31:13.400,5090.0000,18928,1,282605560.000,1,1,0,双开,S,5090.0000,5088.4000,5086.2000,5084.0000,5080.8000,5091.8000,5092.0000,5092.8000,5093.0000,5093.2000,7,1,1,1,5,1,1,1,1,1
SF,IC2012,2020-06-01 09:31:13.900,5090.0000,18927,-1,288713560.000,6,2,4,多平,S,5090.0000,5088.4000,5086.2000,5084.0000,5080.8000,5091.8000,5092.0000,5092.8000,5093.0000,5093.2000,1,1,1,1,5,1,1,1,1,1
SF,IC2012,2020-06-01 09:31:14.400,5090.0000,18926,-1,289731560.000,1,0,1,双平,S,5088.4000,5086.2000,5084.0000,5080.8000,5080.0000,5090.0000,5091.8000,5092.0000,5092.8000,5093.0000,1,1,1,5,1,1,1,1,1,1
SF,IC2012,2020-06-01 09:31:14.900,5090.0000,18926,0,289731560.000,0,-,-,-,-,5089.6000,5088.6000,5088.4000,5086.2000,5084.0000,5090.0000,5091.8000,5092.0000,5092.8000,5093.0000,1,1,1,1,1,1,1,1,1,1
SF,IC2012,2020-06-01 09:31:15.400,5090.0000,18924,-2,292785400.000,3,0,3,多平,S,5088.6000,5088.4000,5088.2000,5086.2000,5084.0000,5091.8000,5092.0000,5092.8000,5093.0000,5093.2000,1,1,1,1,1,1,1,1,1,1
SF,IC2012,2020-06-01 09:31:15.900,5090.0000,18924,0,293803400.000,1,0,1,多换,S,5088.6000,5088.2000,5086.2000,5084.0000,5080.8000,5089.6000,5090.0000,5091.8000,5092.0000,5092.8000,1,1,1,1,5,1,1,1,1,1
SF,IC2012,2020-06-01 09:31:16.400,5089.6000,18924,0,294821320.000,1,0,1,多换,S,5089.6000,5088.2000,5086.2000,5084.0000,5080.8000,5090.0000,5091.8000,5092.0000,5092.8000,5093.0000,1,1,1,1,5,1,1,1,1,1
SF,IC2012,2020-06-01 09:31:16.900,5090.0000,18923,-1,295839320.000,1,0,1,双平,S,5090.0000,5089.6000,5088.2000,5086.2000,5084.0000,5091.0000,5091.8000,5092.0000,5092.8000,5093.0000,1,1,2,1,1,1,1,1,1,1
SF,IC2012,2020-06-01 09:31:17.400,5090.0000,18923,0,295839320.000,0,-,-,-,-,5090.0000,5089.6000,5088.2000,5086.2000,5084.0000,5091.0000,5091.8000,5092.0000,5092.8000,5093.0000,1,1,2,1,1,1,1,1,1,1
SF,IC2012,2020-06-01 09:31:17.900,5090.0000,18923,0,296857320.000,1,0,1,多换,S,5089.6000,5088.2000,5086.2000,5084.0000,5080.8000,5091.0000,5091.8000,5092.0000,5092.8000,5093.0000,1,2,1,1,5,1,1,1,1,1
SF,IC2012,2020-06-01 09:31:18.400,5090.0000,18923,0,296857320.000,0,-,-,-,-,5089.8000,5089.6000,5088.2000,5086.2000,5084.0000,5090.8000,5091.0000,5092.0000,5092.8000,5093.0000,1,1,2,1,1,1,2,1,1,1
SF,IC2012,2020-06-01 09:31:18.900,5090.0000,18923,0,296857320.000,0,-,-,-,-,5089.8000,5089.6000,5088.2000,5086.2000,5084.0000,5090.8000,5091.0000,5092.0000,5092.8000,5093.0000,1,1,2,1,1,1,2,1,1,1
SF,IC2012,2020-06-01 09:31:19.400,5091.0000,18920,-3,299911880.000,3,0,3,双平,S,5090.8000,5089.6000,5088.2000,5086.2000,5084.0000,5092.0000,5092.8000,5093.0000,5094.4000,5095.0000,2,1,2,1,1,1,1,1,1,4
SF,IC2012,2020-06-01 09:31:19.900,5090.8000,18919,-1,300930040.000,1,0,1,双平,S,5090.8000,5089.6000,5088.2000,5086.2000,5084.0000,5092.0000,5092.8000,5093.0000,5094.4000,5095.0000,1,1,1,1,1,1,1,1,1,4
SF,IC2012,2020-06-01 09:31:20.400,5090.8000,18919,0,300930040.000,0,-,-,-,-,5091.0000,5090.8000,5089.6000,5088.2000,5086.2000,5092.0000,5092.8000,5093.0000,5094.4000,5095.0000,1,1,1,1,1,1,1,1,1,4
SF,IC2012,2020-06-01 09:31:20.900,5090.8000,18919,0,300930040.000,0,-,-,-,-,5091.0000,5090.8000,5089.6000,5088.2000,5086.2000,5092.0000,5092.8000,5093.0000,5094.4000,5095.0000,1,1,1,1,1,1,1,1,1,4
SF,IC2012,2020-06-01 09:31:21.400,5090.8000,18918,-1,301948200.000,1,0,1,双平,S,5090.8000,5089.6000,5088.2000,5086.2000,5084.0000,5092.0000,5092.8000,5093.0000,5094.4000,5095.0000,1,1,1,1,1,1,1,1,1,4
SF,IC2012,2020-06-01 09:31:21.900,5090.8000,18918,0,301948200.000,0,-,-,-,-,5089.6000,5088.2000,5086.2000,5084.0000,5080.8000,5091.8000,5092.0000,5092.8000,5093.0000,5094.4000,1,1,1,1,5,1,1,1,1,1
SF,IC2012,2020-06-01 09:31:22.400,5090.8000,18918,0,301948200.000,0,-,-,-,-,5091.0000,5089.6000,5089.4000,5088.4000,5088.2000,5091.8000,5092.0000,5092.8000,5093.0000,5094.4000,2,1,1,1,1,1,1,1,1,1
SF,IC2012,2020-06-01 09:31:22.900,5090.8000,18918,0,301948200.000,0,-,-,-,-,5091.0000,5089.6000,5089.4000,5088.2000,5086.2000,5091.8000,5092.0000,5092.8000,5093.0000,5094.4000,2,1,1,1,1,1,1,1,1,1
SF,IC2012,2020-06-01 09:31:23.400,5090.8000,18918,0,301948200.000,0,-,-,-,-,5091.8000,5091.0000,5089.6000,5089.4000,5088.2000,5092.0000,5092.8000,5093.0000,5095.0000,5096.0000,1,2,1,1,1,1,1,1,4,1
SF,IC2012,2020-06-01 09:31:23.900,5091.8000,18917,-1,302966560.000,1,0,1,双平,S,5091.0000,5090.8000,5089.6000,5088.2000,5086.2000,5091.8000,5092.0000,5092.8000,5093.0000,5095.0000,2,1,1,1,1,2,1,1,1,4
SF,IC2012,2020-06-01 09:31:24.400,5091.8000,18917,0,302966560.000,0,-,-,-,-,5091.0000,5090.8000,5089.6000,5088.2000,5086.2000,5091.8000,5092.0000,5092.8000,5093.0000,5095.0000,2,1,1,1,1,2,1,2,1,4
SF,IC2012,2020-06-01 09:31:24.900,5090.8000,18917,0,306021120.000,3,1,2,多换,S,5089.6000,5088.2000,5086.2000,5084.0000,5080.8000,5090.6000,5090.8000,5091.8000,5092.0000,5092.8000,1,1,1,1,5,1,1,3,1,2
SF,IC2012,2020-06-01 09:31:25.400,5090.8000,18916,-1,307039280.000,1,0,1,双平,S,5089.6000,5089.0000,5088.2000,5086.2000,5084.0000,5090.8000,5091.8000,5092.0000,5092.8000,5093.0000,1,1,1,1,1,1,3,1,2,1
SF,IC2012,2020-06-01 09:31:25.900,5090.8000,18916,0,307039280.000,0,-,-,-,-,5089.6000,5089.0000,5088.6000,5088.2000,5086.2000,5090.8000,5091.8000,5092.0000,5092.8000,5093.0000,1,1,1,1,1,1,3,1,2,1
SF,IC2012,2020-06-01 09:31:26.900,5090.8000,18916,0,308057440.000,1,0,1,多换,S,5090.8000,5089.6000,5089.0000,5088.6000,5088.2000,5091.8000,5092.0000,5092.8000,5093.0000,5095.0000,1,1,1,1,1,3,1,2,1,4
SF,IC2012,2020-06-01 09:31:27.400,5091.8000,18915,-1,309075800.000,1,0,1,双平,S,5090.8000,5089.6000,5089.0000,5088.6000,5088.2000,5091.8000,5092.0000,5092.8000,5093.0000,5095.0000,1,1,1,1,1,2,1,2,1,4
SF,IC2012,2020-06-01 09:31:27.900,5091.0000,18915,0,311112200.000,2,1,1,多换,S,5089.6000,5089.0000,5088.6000,5088.2000,5086.2000,5091.8000,5092.0000,5092.8000,5093.0000,5095.0000,1,1,1,1,1,2,1,2,1,4
SF,IC2012,2020-06-01 09:31:28.400,5089.6000,18914,-1,312130120.000,1,0,1,双平,S,5089.0000,5088.6000,5088.2000,5087.6000,5086.2000,5091.6000,5091.8000,5092.0000,5092.8000,5093.0000,1,1,1,1,1,2,2,1,2,1
SF,IC2012,2020-06-01 09:31:28.900,5089.6000,18914,0,312130120.000,0,-,-,-,-,5089.0000,5088.6000,5088.2000,5087.6000,5086.2000,5091.6000,5091.8000,5092.0000,5092.8000,5093.0000,1,1,1,1,1,2,2,1,2,1
SF,IC2012,2020-06-01 09:31:29.400,5089.6000,18914,0,312130120.000,0,-,-,-,-,5089.0000,5088.6000,5088.2000,5087.6000,5086.2000,5089.6000,5091.6000,5091.8000,5092.0000,5092.8000,1,1,1,1,1,1,2,2,1,2
SF,IC2012,2020-06-01 09:31:29.900,5089.0000,18914,0,313147920.000,1,0,1,多换,S,5088.2000,5087.6000,5086.2000,5084.0000,5080.8000,5088.4000,5089.6000,5091.6000,5091.8000,5092.0000,1,1,1,1,5,2,1,2,2,1
SF,IC2012,2020-06-01 09:31:30.400,5088.4000,18911,-3,316200920.000,3,0,3,双平,S,5087.6000,5086.2000,5084.0000,5080.8000,5080.0000,5089.6000,5090.0000,5091.6000,5091.8000,5092.0000,1,1,1,5,1,1,1,2,1,4
SF,IC2012,2020-06-01 09:31:30.900,5088.4000,18911,0,316200920.000,0,-,-,-,-,5087.8000,5087.6000,5087.4000,5086.6000,5086.2000,5088.6000,5089.6000,5090.0000,5091.0000,5091.6000,1,1,1,1,1,1,1,1,1,2
SF,IC2012,2020-06-01 09:31:31.400,5088.6000,18911,0,317218640.000,1,0,1,多换,S,5087.6000,5087.4000,5086.6000,5086.2000,5084.0000,5089.6000,5090.0000,5091.6000,5092.0000,5092.8000,1,1,1,1,1,1,1,1,4,1
SF,IC2012,2020-06-01 09:31:31.900,5089.6000,18910,-1,318236560.000,1,0,1,双平,S,5087.8000,5087.6000,5087.4000,5086.6000,5086.2000,5090.0000,5091.6000,5092.0000,5092.8000,5093.0000,1,1,1,1,1,1,2,4,1,1
SF,IC2012,2020-06-01 09:31:32.400,5090.0000,18909,-1,319254560.000,1,0,1,双平,S,5089.6000,5087.6000,5087.4000,5086.6000,5086.2000,5091.6000,5092.0000,5092.8000,5093.0000,5093.4000,1,1,1,1,1,1,4,1,1,1
SF,IC2012,2020-06-01 09:31:32.900,5089.6000,18909,0,320272480.000,1,0,1,多换,S,5087.6000,5087.4000,5086.2000,5084.0000,5080.8000,5088.4000,5091.4000,5091.6000,5092.0000,5092.8000,1,1,1,1,5,1,1,1,4,1
SF,IC2012,2020-06-01 09:31:33.400,5088.4000,18908,-1,321290160.000,1,0,1,双平,S,5089.4000,5088.0000,5087.6000,5087.4000,5086.2000,5091.4000,5092.0000,5092.8000,5093.0000,5095.0000,2,1,1,1,1,1,4,1,1,4
SF,IC2012,2020-06-01 09:31:33.900,5089.4000,18906,-2,323325920.000,2,0,2,双平,S,5088.0000,5087.6000,5087.4000,5086.2000,5084.0000,5091.4000,5092.0000,5092.8000,5093.0000,5095.0000,1,1,1,1,1,1,4,1,1,4
SF,IC2012,2020-06-01 09:31:34.400,5092.0000,18906,0,325362600.000,2,1,1,多换,S,5088.2000,5088.0000,5087.6000,5086.2000,5084.0000,5092.0000,5092.8000,5093.0000,5095.0000,5096.0000,1,1,1,1,1,3,1,1,3,1
SF,IC2012,2020-06-01 09:31:34.900,5092.0000,18906,0,325362600.000,0,-,-,-,-,5088.4000,5088.2000,5088.0000,5087.6000,5086.2000,5092.0000,5092.8000,5093.0000,5095.0000,5096.0000,1,1,1,1,1,3,1,1,3,1
SF,IC2012,2020-06-01 09:31:35.400,5088.6000,18905,-1,326380320.000,1,0,1,双平,S,5088.6000,5088.4000,5087.6000,5086.2000,5084.0000,5090.8000,5092.0000,5092.8000,5093.0000,5095.0000,1,1,1,1,1,2,3,1,1,3
SF,IC2012,2020-06-01 09:31:35.900,5088.6000,18905,0,326380320.000,0,-,-,-,-,5089.0000,5088.6000,5087.6000,5086.2000,5084.0000,5092.0000,5092.8000,5093.0000,5095.0000,5096.0000,1,1,1,1,1,3,1,1,3,1
SF,IC2012,2020-06-01 09:31:36.400,5091.8000,18905,0,327398680.000,1,0,1,多换,S,5089.2000,5089.0000,5087.6000,5086.2000,5084.0000,5092.0000,5092.8000,5093.0000,5093.2000,5095.0000,1,1,1,1,1,3,1,1,1,3
SF,IC2012,2020-06-01 09:31:36.900,5091.8000,18905,0,327398680.000,0,-,-,-,-,5089.2000,5089.0000,5087.6000,5086.2000,5084.0000,5090.8000,5092.0000,5092.8000,5093.0000,5095.0000,1,1,1,1,1,1,3,1,1,3
SF,IC2012,2020-06-01 09:31:37.400,5091.8000,18905,0,327398680.000,0,-,-,-,-,5089.2000,5089.0000,5087.6000,5086.2000,5084.0000,5092.0000,5092.8000,5093.0000,5095.0000,5096.0000,1,1,1,1,1,3,1,1,3,1
SF,IC2012,2020-06-01 09:31:37.900,5091.8000,18905,0,327398680.000,0,-,-,-,-,5089.2000,5087.6000,5086.2000,5084.0000,5080.8000,5092.0000,5092.8000,5093.0000,5095.0000,5096.0000,1,1,1,1,5,3,1,1,3,1
SF,IC2012,2020-06-01 09:31:38.400,5091.8000,18905,0,327398680.000,0,-,-,-,-,5089.6000,5089.2000,5087.6000,5086.2000,5084.0000,5092.0000,5092.8000,5093.0000,5095.0000,5096.0000,1,1,1,1,1,3,1,1,3,1
SF,IC2012,2020-06-01 09:31:38.900,5091.8000,18905,0,327398680.000,0,-,-,-,-,5089.8000,5089.6000,5087.6000,5086.2000,5084.0000,5092.0000,5092.8000,5093.0000,5095.0000,5096.0000,1,1,1,1,1,3,1,1,3,1
SF,IC2012,2020-06-01 09:31:39.900,5091.8000,18905,0,327398680.000,0,-,-,-,-,5089.8000,5089.6000,5087.6000,5086.2000,5084.0000,5091.0000,5092.0000,5092.8000,5093.0000,5095.0000,1,1,1,1,1,1,4,1,1,3
SF,IC2012,2020-06-01 09:31:40.400,5091.0000,18904,-1,328416880.000,1,0,1,双平,S,5091.0000,5087.6000,5086.2000,5084.0000,5080.8000,5092.0000,5092.8000,5093.0000,5095.0000,5096.0000,1,1,1,1,5,4,1,1,3,1
SF,IC2012,2020-06-01 09:31:40.900,5091.0000,18903,-1,329435080.000,1,0,1,双平,S,5090.2000,5086.2000,5084.0000,5080.8000,5080.0000,5092.0000,5092.8000,5093.0000,5095.0000,5096.0000,1,1,1,5,1,4,1,1,3,1
SF,IC2012,2020-06-01 09:31:41.400,5091.0000,18903,0,329435080.000,0,-,-,-,-,5090.4000,5090.2000,5086.2000,5084.0000,5080.8000,5092.0000,5092.8000,5093.0000,5095.0000,5096.0000,1,1,1,1,5,4,1,1,3,1
SF,IC2012,2020-06-01 09:31:41.900,5091.0000,18903,0,329435080.000,0,-,-,-,-,5090.4000,5090.2000,5086.2000,5084.0000,5080.8000,5092.0000,5092.8000,5093.0000,5093.2000,5095.0000,1,1,1,1,5,4,1,1,1,3
SF,IC2012,2020-06-01 09:31:42.400,5090.6000,18904,1,330453200.000,1,1,0,双开,S,5090.4000,5086.2000,5084.0000,5080.8000,5080.0000,5092.0000,5092.8000,5093.0000,5093.2000,5095.0000,1,1,1,5,1,4,1,1,1,3
SF,IC2012,2020-06-01 09:31:42.900,5092.0000,18900,-4,334526800.000,4,0,4,双平,S,5092.6000,5092.4000,5090.6000,5086.2000,5084.0000,5092.8000,5093.2000,5094.8000,5095.0000,5096.0000,1,1,1,1,1,1,1,1,3,1
SF,IC2012,2020-06-01 09:31:43.400,5090.6000,18900,0,338600120.000,4,2,2,多换,S,5086.2000,5084.0000,5080.8000,5080.0000,5069.6000,5090.4000,5093.2000,5094.8000,5095.0000,5096.0000,1,1,5,1,1,1,1,1,3,1
SF,IC2012,2020-06-01 09:31:43.900,5090.4000,18900,0,340636280.000,2,1,1,多换,S,5090.4000,5086.4000,5086.2000,5084.0000,5080.8000,5093.2000,5094.8000,5095.0000,5096.0000,5097.2000,1,1,1,1,5,1,1,3,1,1
SF,IC2012,2020-06-01 09:31:44.400,5090.4000,18900,0,342672440.000,2,1,1,多换,S,5086.2000,5084.0000,5080.8000,5080.0000,5069.6000,5093.2000,5094.8000,5095.0000,5096.0000,5097.2000,1,1,5,1,1,1,1,3,1,1
SF,IC2012,2020-06-01 09:31:44.900,5090.4000,18900,0,342672440.000,0,-,-,-,-,5086.4000,5086.2000,5085.4000,5084.0000,5080.8000,5093.0000,5093.2000,5094.8000,5095.0000,5096.0000,2,1,1,1,5,1,1,1,3,1
SF,IC2012,2020-06-01 09:31:45.400,5090.4000,18900,0,342672440.000,0,-,-,-,-,5086.4000,5086.2000,5085.4000,5084.0000,5080.8000,5092.8000,5093.0000,5093.2000,5094.8000,5095.0000,2,1,1,1,5,1,1,1,1,3
SF,IC2012,2020-06-01 09:31:45.900,5090.4000,18900,0,342672440.000,0,-,-,-,-,5090.8000,5086.4000,5086.2000,5085.4000,5084.0000,5092.6000,5092.8000,5093.2000,5094.8000,5095.0000,1,2,1,1,1,1,2,1,1,3
SF,IC2012,2020-06-01 09:31:46.400,5092.4000,18899,-1,343690920.000,1,0,1,双平,S,5090.8000,5086.4000,5086.2000,5084.0000,5080.8000,5092.4000,5092.8000,5093.2000,5094.8000,5095.0000,1,1,1,1,5,1,1,1,1,3
SF,IC2012,2020-06-01 09:31:46.900,5092.4000,18898,-1,345727880.000,2,0,2,多平,S,5091.0000,5090.8000,5087.2000,5086.8000,5086.2000,5092.8000,5093.2000,5094.8000,5095.0000,5096.0000,2,1,1,1,1,1,1,1,3,1
SF,IC2012,2020-06-01 09:31:47.400,5092.8000,18898,0,346746440.000,1,0,1,多换,S,5092.8000,5091.0000,5090.8000,5087.2000,5086.8000,5093.2000,5094.8000,5095.0000,5096.0000,5097.2000,1,2,1,1,1,1,1,3,1,1
SF,IC2012,2020-06-01 09:31:47.900,5093.2000,18896,-2,348783640.000,2,0,2,双平,S,5093.2000,5091.0000,5090.8000,5087.2000,5086.8000,5094.8000,5095.0000,5096.0000,5097.2000,5097.6000,1,2,1,1,1,1,3,1,1,1
SF,IC2012,2020-06-01 09:31:48.400,5093.2000,18895,-1,349802280.000,1,0,1,双平,S,5091.0000,5090.8000,5087.2000,5086.8000,5086.2000,5094.6000,5094.8000,5095.0000,5096.0000,5097.2000,2,1,1,1,1,1,1,3,1,1
SF,IC2012,2020-06-01 09:31:48.900,5093.2000,18895,0,349802280.000,0,-,-,-,-,5091.0000,5090.8000,5087.2000,5086.8000,5086.2000,5094.4000,5094.8000,5095.0000,5096.0000,5097.2000,2,1,1,1,1,1,1,3,1,1
SF,IC2012,2020-06-01 09:31:49.400,5091.2000,18894,-1,355912840.000,6,2,4,多平,S,5091.2000,5091.0000,5090.8000,5087.2000,5086.8000,5094.8000,5095.0000,5096.0000,5097.2000,5097.6000,2,2,1,1,1,1,3,1,1,1
SF,IC2012,2020-06-01 09:31:49.900,5091.2000,18894,0,355912840.000,0,-,-,-,-,5091.4000,5091.2000,5091.0000,5090.8000,5087.2000,5094.8000,5095.0000,5096.0000,5097.2000,5097.6000,1,2,1,1,1,1,3,1,1,1
SF,IC2012,2020-06-01 09:31:50.400,5091.2000,18894,0,355912840.000,0,-,-,-,-,5091.6000,5091.4000,5091.2000,5091.0000,5090.8000,5092.0000,5094.8000,5095.0000,5096.0000,5097.2000,2,1,1,1,1,2,1,3,1,1
SF,IC2012,2020-06-01 09:31:50.900,5092.0000,18892,-2,357949640.000,2,0,2,双平,S,5092.0000,5091.6000,5091.2000,5091.0000,5090.8000,5094.8000,5095.0000,5096.0000,5097.2000,5097.6000,5,2,1,1,1,1,3,1,1,1
SF,IC2012,2020-06-01 09:31:51.400,5094.8000,18891,-1,358968600.000,1,0,1,双平,S,5094.8000,5092.2000,5092.0000,5091.6000,5091.2000,5095.0000,5096.0000,5097.2000,5097.6000,5099.8000,1,2,3,2,1,3,1,1,1,4
SF,IC2012,2020-06-01 09:31:51.900,5092.0000,18885,-6,367117640.000,8,1,7,多平,S,5091.6000,5090.8000,5086.8000,5086.2000,5084.0000,5095.0000,5096.0000,5097.2000,5097.6000,5099.8000,2,1,1,1,1,1,1,1,1,4
SF,IC2012,2020-06-01 09:31:52.400,5095.0000,18884,-1,368136640.000,1,0,1,双平,S,5091.8000,5091.6000,5090.8000,5086.8000,5086.2000,5096.0000,5097.2000,5097.6000,5099.8000,5100.0000,2,2,1,1,1,1,1,1,4,9
SF,IC2012,2020-06-01 09:31:52.900,5095.8000,18883,-1,369155800.000,1,0,1,双平,S,5092.4000,5092.0000,5091.8000,5091.6000,5090.8000,5096.0000,5097.2000,5097.6000,5099.8000,5100.0000,1,1,2,2,1,1,1,1,4,9
SF,IC2012,2020-06-01 09:31:53.400,5095.8000,18882,-1,371194120.000,2,0,2,多平,S,5092.8000,5092.6000,5092.4000,5092.0000,5091.8000,5093.8000,5095.8000,5096.0000,5097.2000,5097.6000,1,2,1,2,1,2,1,1,1,1
SF,IC2012,2020-06-01 09:31:53.900,5093.8000,18880,-2,373231640.000,2,0,2,双平,S,5093.8000,5093.0000,5092.8000,5092.6000,5092.4000,5096.0000,5097.2000,5097.6000,5099.8000,5100.0000,2,1,1,1,1,1,1,1,4,9
SF,IC2012,2020-06-01 09:31:54.400,5096.0000,18880,0,374250840.000,1,0,1,多换,S,5096.2000,5096.0000,5094.0000,5093.8000,5093.0000,5097.2000,5097.6000,5099.8000,5100.0000,5102.0000,2,1,1,2,1,1,1,4,9,10
SF,IC2012,2020-06-01 09:31:54.900,5096.0000,18880,0,376289240.000,2,1,1,多换,S,5097.0000,5096.0000,5094.0000,5093.8000,5093.0000,5097.2000,5097.6000,5100.0000,5102.0000,5104.0000,1,1,1,2,1,1,1,9,10,5
SF,IC2012,2020-06-01 09:31:55.400,5097.2000,18880,0,378328080.000,2,1,1,多换,S,5097.2000,5094.0000,5093.0000,5092.6000,5092.4000,5097.6000,5100.0000,5102.0000,5108.0000,5109.8000,1,1,1,1,1,1,9,10,1,5
SF,IC2012,2020-06-01 09:31:55.900,5097.6000,18879,-1,379347600.000,1,0,1,双平,S,5097.6000,5097.2000,5094.2000,5094.0000,5093.0000,5100.0000,5102.0000,5108.0000,5109.8000,5114.0000,2,1,1,1,1,9,10,1,5,1
SF,IC2012,2020-06-01 09:31:56.400,5097.6000,18879,0,379347600.000,0,-,-,-,-,5097.6000,5097.2000,5094.2000,5094.0000,5093.0000,5099.8000,5100.0000,5102.0000,5108.0000,5109.8000,2,1,1,2,1,1,9,10,1,5
SF,IC2012,2020-06-01 09:31:56.900,5097.6000,18879,0,379347600.000,0,-,-,-,-,5097.6000,5097.2000,5094.2000,5094.0000,5093.0000,5099.8000,5100.0000,5102.0000,5108.0000,5109.8000,1,1,1,2,1,1,9,10,1,5
SF,IC2012,2020-06-01 09:31:57.400,5097.6000,18879,0,379347600.000,0,-,-,-,-,5097.6000,5097.2000,5094.2000,5094.0000,5093.0000,5099.8000,5100.0000,5101.8000,5102.0000,5108.0000,1,1,1,2,1,1,9,1,10,1
SF,IC2012,2020-06-01 09:31:57.900,5097.6000,18879,0,380367120.000,1,0,1,多换,S,5097.2000,5094.2000,5094.0000,5093.0000,5092.6000,5099.8000,5100.0000,5101.8000,5102.0000,5108.0000,1,1,2,1,1,1,9,1,10,1
SF,IC2012,2020-06-01 09:31:58.400,5097.6000,18879,0,380367120.000,0,-,-,-,-,5097.4000,5097.2000,5094.2000,5094.0000,5093.0000,5099.8000,5100.0000,5101.8000,5102.0000,5108.0000,1,1,1,1,1,1,9,1,10,1
SF,IC2012,2020-06-01 09:31:59.900,5097.6000,18879,0,380367120.000,0,-,-,-,-,5097.4000,5097.2000,5094.2000,5094.0000,5092.6000,5099.8000,5100.0000,5101.8000,5102.0000,5108.0000,1,1,1,1,1,1,9,1,10,1
SF,IC2012,2020-06-01 09:32:00.400,5099.8000,18879,0,381387080.000,1,0,1,多换,S,5097.8000,5097.6000,5097.4000,5097.2000,5094.2000,5100.0000,5101.8000,5102.0000,5108.0000,5109.8000,1,1,1,1,1,9,1,10,1,5
SF,IC2012,2020-06-01 09:32:00.900,5100.0000,18878,-1,382407080.000,1,0,1,双平,S,5098.0000,5097.8000,5097.6000,5097.2000,5094.2000,5100.0000,5101.8000,5102.0000,5108.0000,5109.8000,1,1,1,1,1,9,1,10,1,5
SF,IC2012,2020-06-01 09:32:01.400,5100.0000,18876,-2,386487080.000,4,1,3,多平,S,5098.4000,5097.8000,5097.6000,5097.2000,5094.2000,5100.0000,5102.0000,5108.0000,5109.8000,5114.0000,1,2,1,1,1,5,10,1,5,1
SF,IC2012,2020-06-01 09:32:01.900,5100.0000,18875,-1,391587080.000,5,2,3,多平,S,5098.8000,5097.8000,5097.6000,5097.2000,5094.2000,5102.0000,5108.0000,5109.8000,5114.0000,5128.0000,1,2,1,1,1,10,1,5,1,1
SF,IC2012,2020-06-01 09:32:02.400,5100.0000,18875,0,391587080.000,0,-,-,-,-,5099.0000,5098.8000,5097.8000,5097.6000,5097.2000,5102.0000,5104.0000,5108.0000,5109.8000,5114.0000,1,1,1,1,1,10,1,1,5,1
SF,IC2012,2020-06-01 09:32:02.900,5102.0000,18874,-1,392607480.000,1,0,1,双平,S,5099.0000,5098.8000,5097.6000,5097.2000,5094.2000,5102.0000,5104.0000,5108.0000,5109.8000,5114.0000,1,1,1,1,1,9,1,1,5,1
SF,IC2012,2020-06-01 09:32:03.400,5102.0000,18874,0,392607480.000,0,-,-,-,-,5099.4000,5099.0000,5098.8000,5097.2000,5094.2000,5102.0000,5108.0000,5109.8000,5114.0000,5128.0000,1,1,1,1,1,9,1,5,1,1
SF,IC2012,2020-06-01 09:32:03.900,5102.0000,18871,-3,395668680.000,3,0,3,双平,S,5099.6000,5099.4000,5094.2000,5094.0000,5092.4000,5102.0000,5108.0000,5109.8000,5114.0000,5128.0000,2,1,1,1,6,6,1,5,1,1
SF,IC2012,2020-06-01 09:32:04.400,5102.0000,18868,-3,398729880.000,3,0,3,双平,S,5101.4000,5099.6000,5099.4000,5097.2000,5094.0000,5102.0000,5108.0000,5109.8000,5114.0000,5128.0000,1,2,1,1,1,3,1,5,1,1
SF,IC2012,2020-06-01 09:32:04.900,5101.4000,18868,0,399750160.000,1,0,1,多换,S,5099.6000,5099.4000,5097.2000,5094.0000,5092.4000,5101.4000,5102.0000,5108.0000,5109.8000,5114.0000,2,1,1,1,6,2,3,1,5,1
SF,IC2012,2020-06-01 09:32:05.400,5101.4000,18866,-2,401790720.000,2,0,2,双平,S,5099.6000,5097.2000,5094.0000,5092.4000,5092.0000,5102.0000,5108.0000,5109.8000,5114.0000,5128.0000,2,1,1,6,1,3,1,5,1,1
SF,IC2012,2020-06-01 09:32:05.900,5100.0000,18865,-1,402810720.000,1,0,1,双平,S,5100.0000,5099.6000,5098.0000,5097.2000,5094.0000,5102.0000,5108.0000,5109.8000,5114.0000,5128.0000,1,2,1,1,1,3,1,5,1,1
SF,IC2012,2020-06-01 09:32:06.400,5102.0000,18864,-1,404851360.000,2,0,2,多平,S,5100.2000,5100.0000,5099.6000,5098.0000,5097.2000,5102.0000,5108.0000,5109.8000,5114.0000,5128.0000,1,1,1,1,1,2,1,5,1,1
SF,IC2012,2020-06-01 09:32:06.900,5102.0000,18862,-2,406892160.000,2,0,2,双平,S,5102.0000,5100.0000,5099.6000,5098.0000,5097.2000,5105.4000,5108.0000,5109.8000,5114.0000,5128.0000,4,1,1,1,1,1,1,5,1,1
SF,IC2012,2020-06-01 09:32:07.400,5102.0000,18862,0,406892160.000,0,-,-,-,-,5102.2000,5102.0000,5100.0000,5099.6000,5098.0000,5105.2000,5105.4000,5108.0000,5114.0000,5115.6000,1,4,2,1,1,1,1,1,1,5
SF,IC2012,2020-06-01 09:32:07.900,5102.0000,18862,0,406892160.000,0,-,-,-,-,5102.6000,5102.2000,5102.0000,5100.0000,5099.6000,5105.2000,5108.0000,5114.0000,5115.6000,5128.0000,1,1,4,1,1,1,1,1,5,1
SF,IC2012,2020-06-01 09:32:08.400,5102.0000,18862,0,406892160.000,0,-,-,-,-,5102.6000,5102.0000,5099.8000,5099.6000,5098.0000,5105.2000,5108.0000,5114.0000,5115.6000,5128.0000,1,2,1,1,1,1,1,1,5,1
SF,IC2012,2020-06-01 09:32:08.900,5102.0000,18862,0,406892160.000,0,-,-,-,-,5102.6000,5102.0000,5099.8000,5099.6000,5098.0000,5105.2000,5108.0000,5114.0000,5115.6000,5128.0000,1,12,1,1,1,1,1,1,5,1
SF,IC2012,2020-06-01 09:32:09.400,5102.0000,18863,1,407912560.000,1,1,0,双开,S,5102.0000,5099.8000,5099.6000,5098.0000,5097.2000,5105.2000,5108.0000,5114.0000,5115.6000,5128.0000,12,1,1,1,1,1,1,1,5,1
SF,IC2012,2020-06-01 09:32:09.900,5102.0000,18863,0,407912560.000,0,-,-,-,-,5102.2000,5102.0000,5099.8000,5099.6000,5098.0000,5105.2000,5108.0000,5114.0000,5115.6000,5128.0000,1,12,1,1,1,1,1,1,5,1
SF,IC2012,2020-06-01 09:32:10.400,5102.0000,18863,0,407912560.000,0,-,-,-,-,5105.2000,5102.2000,5102.0000,5100.2000,5099.8000,5108.0000,5114.0000,5115.6000,5128.0000,5136.0000,2,1,12,10,1,1,1,5,1,1
SF,IC2012,2020-06-01 09:32:10.900,5102.0000,18863,0,407912560.000,0,-,-,-,-,5105.6000,5105.2000,5102.2000,5102.0000,5100.2000,5107.4000,5107.8000,5108.0000,5114.0000,5115.6000,1,1,1,11,10,2,3,1,1,5
SF,IC2012,2020-06-01 09:32:11.400,5102.0000,18863,0,407912560.000,0,-,-,-,-,5105.6000,5102.2000,5102.0000,5100.2000,5099.8000,5107.0000,5107.2000,5108.0000,5114.0000,5115.6000,1,1,11,10,1,1,1,1,1,5
SF,IC2012,2020-06-01 09:32:11.900,5106.8000,18863,0,408933920.000,1,0,1,多换,S,5107.0000,5105.6000,5105.2000,5103.2000,5102.8000,5108.0000,5114.0000,5115.6000,5128.0000,5136.0000,1,1,10,1,1,1,1,5,1,1
SF,IC2012,2020-06-01 09:32:12.400,5107.8000,18861,-2,411998440.000,3,0,3,多平,S,5107.0000,5105.6000,5105.2000,5103.2000,5102.8000,5108.0000,5114.0000,5115.6000,5128.0000,5136.0000,1,1,10,1,1,1,1,5,1,1
SF,IC2012,2020-06-01 09:32:12.900,5107.0000,18859,-2,414041440.000,2,0,2,双平,S,5105.2000,5103.2000,5102.8000,5102.6000,5102.2000,5114.0000,5115.6000,5128.0000,5136.0000,5139.0000,10,1,1,1,1,1,5,1,1,3
SF,IC2012,2020-06-01 09:32:13.400,5107.0000,18859,0,414041440.000,0,-,-,-,-,5105.6000,5105.4000,5105.2000,5103.2000,5103.0000,5109.2000,5109.8000,5111.6000,5112.0000,5112.8000,1,1,10,1,1,1,1,1,2,1
SF,IC2012,2020-06-01 09:32:13.900,5107.0000,18859,0,414041440.000,0,-,-,-,-,5105.8000,5105.6000,5105.2000,5103.2000,5103.0000,5109.0000,5111.6000,5112.0000,5112.8000,5113.8000,1,1,10,1,1,5,1,2,1,5
SF,IC2012,2020-06-01 09:32:14.400,5107.0000,18859,0,414041440.000,0,-,-,-,-,5105.8000,5105.6000,5105.2000,5103.0000,5102.8000,5111.6000,5112.0000,5112.8000,5113.8000,5114.0000,1,1,10,1,1,1,2,1,5,1
SF,IC2012,2020-06-01 09:32:14.900,5107.0000,18859,0,414041440.000,0,-,-,-,-,5106.0000,5105.8000,5105.6000,5105.2000,5103.0000,5111.4000,5112.0000,5112.2000,5112.8000,5113.8000,1,1,1,10,1,6,1,1,2,4
SF,IC2012,2020-06-01 09:32:15.400,5107.0000,18859,0,414041440.000,0,-,-,-,-,5106.2000,5106.0000,5105.2000,5103.0000,5102.8000,5111.4000,5112.0000,5112.2000,5112.8000,5113.8000,1,1,10,1,1,6,1,1,2,4
SF,IC2012,2020-06-01 09:32:15.900,5107.0000,18859,0,414041440.000,0,-,-,-,-,5106.8000,5106.4000,5106.2000,5106.0000,5105.2000,5111.4000,5112.8000,5113.8000,5114.0000,5121.4000,1,2,1,1,10,6,2,4,1,5
SF,IC2012,2020-06-01 09:32:16.400,5107.0000,18859,0,414041440.000,0,-,-,-,-,5109.0000,5108.2000,5107.0000,5106.8000,5106.4000,5111.4000,5112.8000,5113.0000,5113.8000,5114.0000,10,1,2,2,1,6,1,1,4,1
SF,IC2012,2020-06-01 09:32:16.900,5109.0000,18859,0,415063240.000,1,0,1,多换,S,5109.0000,5108.2000,5107.6000,5107.0000,5106.8000,5111.4000,5113.0000,5113.8000,5114.0000,5121.4000,9,1,1,2,1,6,1,4,1,5
SF,IC2012,2020-06-01 09:32:17.400,5111.2000,18860,1,416085480.000,1,1,0,双开,S,5109.0000,5108.8000,5108.2000,5107.0000,5106.8000,5111.4000,5113.8000,5114.0000,5121.4000,5128.0000,9,2,1,2,1,6,4,1,5,1
SF,IC2012,2020-06-01 09:32:17.900,5111.2000,18860,0,416085480.000,0,-,-,-,-,5109.0000,5108.8000,5108.2000,5107.0000,5106.8000,5111.4000,5113.6000,5113.8000,5114.0000,5121.4000,9,2,1,2,1,6,1,4,1,5
SF,IC2012,2020-06-01 09:32:18.400,5111.2000,18860,0,416085480.000,0,-,-,-,-,5109.4000,5109.2000,5109.0000,5108.8000,5108.2000,5111.4000,5113.6000,5113.8000,5114.0000,5121.4000,1,1,9,2,1,6,1,4,1,5
SF,IC2012,2020-06-01 09:32:18.900,5111.4000,18860,0,417107760.000,1,0,1,多换,S,5109.4000,5109.2000,5109.0000,5108.8000,5107.0000,5111.4000,5113.6000,5113.8000,5114.0000,5121.4000,2,1,9,2,1,2,1,4,1,5
SF,IC2012,2020-06-01 09:32:19.400,5111.4000,18860,0,417107760.000,0,-,-,-,-,5109.6000,5109.4000,5109.2000,5109.0000,5108.8000,5111.2000,5111.4000,5113.8000,5114.0000,5121.4000,1,2,1,9,2,4,2,4,1,5
SF,IC2012,2020-06-01 09:32:19.900,5109.4000,18859,-1,420173440.000,3,1,2,多平,S,5109.0000,5108.8000,5107.0000,5105.2000,5102.6000,5111.0000,5113.8000,5114.0000,5121.4000,5128.0000,9,2,2,10,1,2,4,1,5,1
SF,IC2012,2020-06-01 09:32:20.400,5109.4000,18859,0,420173440.000,0,-,-,-,-,5109.0000,5108.8000,5107.0000,5105.2000,5102.6000,5110.8000,5111.0000,5111.4000,5113.8000,5114.0000,9,2,1,10,1,2,3,2,4,1
SF,IC2012,2020-06-01 09:32:20.900,5109.0000,18859,0,424260640.000,4,2,2,多换,S,5109.0000,5108.8000,5107.0000,5105.2000,5102.6000,5110.6000,5110.8000,5111.0000,5111.4000,5113.8000,5,2,1,10,1,2,2,1,2,4
SF,IC2012,2020-06-01 09:32:21.400,5109.0000,18859,0,430391440.000,6,3,3,多换,S,5108.8000,5107.0000,5105.2000,5102.6000,5102.0000,5109.8000,5110.6000,5110.8000,5111.4000,5113.8000,2,1,10,1,11,1,1,2,2,4
SF,IC2012,2020-06-01 09:32:21.900,5108.8000,18857,-2,432434960.000,2,0,2,双平,S,5107.0000,5105.2000,5102.6000,5102.0000,5098.0000,5108.8000,5110.0000,5110.6000,5110.8000,5111.2000,1,10,1,11,1,2,1,1,2,1
SF,IC2012,2020-06-01 09:32:22.400,5108.8000,18855,-2,434478480.000,2,0,2,双平,S,5108.8000,5107.4000,5107.2000,5107.0000,5105.2000,5110.0000,5110.6000,5110.8000,5111.2000,5111.4000,2,2,1,1,10,1,1,2,1,2
SF,IC2012,2020-06-01 09:32:22.900,5108.8000,18855,0,434478480.000,0,-,-,-,-,5107.2000,5106.2000,5105.2000,5102.6000,5102.0000,5109.8000,5110.0000,5110.6000,5110.8000,5111.2000,1,1,10,1,11,3,1,1,2,1
SF,IC2012,2020-06-01 09:32:23.400,5109.8000,18853,-2,436522400.000,2,0,2,双平,S,5109.2000,5107.8000,5107.2000,5106.2000,5105.2000,5110.0000,5110.6000,5110.8000,5111.4000,5113.8000,1,2,1,1,10,1,1,2,2,4
SF,IC2012,2020-06-01 09:32:23.900,5110.0000,18852,-1,437544400.000,1,0,1,双平,S,5110.0000,5109.2000,5109.0000,5107.2000,5106.2000,5110.6000,5110.8000,5111.4000,5113.8000,5114.0000,3,1,2,1,1,1,2,2,4,1
SF,IC2012,2020-06-01 09:32:24.400,5111.4000,18850,-2,441633120.000,4,1,3,多平,S,5110.6000,5110.0000,5109.2000,5109.0000,5107.2000,5111.4000,5114.0000,5121.4000,5128.0000,5136.0000,2,2,1,2,1,1,1,5,1,1
SF,IC2012,2020-06-01 09:32:24.900,5111.4000,18849,-1,442655400.000,1,0,1,双平,S,5110.8000,5110.6000,5110.0000,5109.2000,5109.0000,5114.0000,5121.4000,5128.0000,5136.0000,5139.0000,1,1,2,1,2,1,5,1,1,3
SF,IC2012,2020-06-01 09:32:25.400,5111.4000,18849,0,442655400.000,0,-,-,-,-,5111.2000,5111.0000,5110.6000,5110.0000,5109.0000,5112.4000,5113.8000,5114.0000,5121.4000,5128.0000,1,1,1,2,2,1,2,1,5,1
SF,IC2012,2020-06-01 09:32:25.900,5111.4000,18849,0,442655400.000,0,-,-,-,-,5111.4000,5111.2000,5110.0000,5109.0000,5106.2000,5113.8000,5114.0000,5121.4000,5128.0000,5136.0000,1,1,2,2,1,2,1,5,1,1
SF,IC2012,2020-06-01 09:32:26.400,5111.4000,18849,0,442655400.000,0,-,-,-,-,5111.2000,5110.0000,5109.0000,5106.2000,5105.2000,5113.8000,5114.0000,5121.4000,5128.0000,5136.0000,1,2,2,1,10,2,1,5,1,1
SF,IC2012,2020-06-01 09:32:26.900,5111.4000,18849,0,442655400.000,0,-,-,-,-,5111.2000,5110.8000,5110.0000,5109.0000,5106.2000,5111.4000,5112.2000,5113.8000,5114.0000,5121.4000,1,1,2,2,1,7,1,2,1,5
SF,IC2012,2020-06-01 09:32:27.400,5111.0000,18847,-2,449810960.000,7,2,5,多平,S,5110.0000,5109.0000,5106.2000,5105.2000,5102.6000,5110.8000,5111.0000,5111.2000,5111.4000,5113.8000,2,2,1,10,1,1,5,3,5,2
SF,IC2012,2020-06-01 09:32:27.900,5110.8000,18851,4,456965760.000,7,5,2,空开,S,5111.0000,5110.0000,5109.0000,5106.2000,5105.2000,5111.2000,5111.4000,5113.8000,5114.0000,5121.4000,4,2,2,1,10,3,5,2,1,5
SF,IC2012,2020-06-01 09:32:28.400,5110.0000,18851,0,462076560.000,5,2,3,多换,S,5110.0000,5109.0000,5106.2000,5105.2000,5102.6000,5110.8000,5111.2000,5111.4000,5113.8000,5114.0000,1,2,1,10,1,5,3,5,1,1
SF,IC2012,2020-06-01 09:32:28.900,5111.2000,18856,5,473320080.000,11,8,3,空开,S,5109.0000,5106.2000,5105.2000,5102.6000,5100.0000,5111.2000,5111.4000,5112.4000,5113.8000,5114.0000,2,1,10,1,1,1,5,1,1,1
SF,IC2012,2020-06-01 09:32:29.400,5111.2000,18856,0,474342320.000,1,0,1,多换,S,5109.0000,5106.2000,5105.2000,5102.6000,5100.0000,5111.4000,5112.4000,5113.8000,5114.0000,5121.4000,2,1,10,1,1,5,1,1,1,5
SF,IC2012,2020-06-01 09:32:29.900,5111.4000,18855,-1,475364600.000,1,0,1,双平,S,5109.4000,5109.2000,5109.0000,5106.2000,5105.2000,5111.0000,5111.2000,5111.4000,5112.4000,5113.8000,2,1,2,1,10,1,1,4,1,1
SF,IC2012,2020-06-01 09:32:30.400,5109.6000,18851,-4,488650640.000,13,4,9,多平,S,5109.4000,5109.0000,5106.2000,5105.2000,5102.6000,5111.4000,5112.4000,5113.8000,5114.0000,5121.4000,2,2,1,10,1,3,1,1,1,5
SF,IC2012,2020-06-01 09:32:30.900,5109.6000,18851,0,488650640.000,0,-,-,-,-,5109.6000,5109.4000,5109.0000,5106.2000,5105.2000,5111.2000,5111.4000,5112.4000,5113.8000,5114.0000,1,2,2,1,10,3,3,1,1,1
SF,IC2012,2020-06-01 09:32:31.400,5111.2000,18848,-3,491717360.000,3,0,3,双平,S,5110.0000,5109.0000,5106.2000,5105.2000,5102.6000,5111.4000,5112.4000,5113.8000,5114.0000,5121.4000,2,2,1,10,1,3,1,1,1,5
SF,IC2012,2020-06-01 09:32:31.900,5111.4000,18845,-3,494784200.000,3,0,3,双平,S,5111.4000,5110.4000,5110.2000,5109.0000,5106.2000,5112.4000,5113.8000,5114.0000,5121.4000,5128.0000,3,3,1,2,1,1,1,1,5,1
SF,IC2012,2020-06-01 09:32:32.400,5111.4000,18845,0,494784200.000,0,-,-,-,-,5111.4000,5110.4000,5110.2000,5109.0000,5106.2000,5113.8000,5114.0000,5121.4000,5128.0000,5136.0000,2,1,1,2,1,1,1,5,1,1
SF,IC2012,2020-06-01 09:32:32.900,5111.4000,18845,0,494784200.000,0,-,-,-,-,5110.4000,5109.0000,5106.2000,5105.2000,5102.6000,5113.6000,5113.8000,5114.0000,5121.4000,5128.0000,1,2,1,10,1,1,1,1,5,1
SF,IC2012,2020-06-01 09:32:33.400,5111.4000,18845,0,494784200.000,0,-,-,-,-,5110.4000,5109.0000,5106.2000,5105.2000,5102.6000,5111.8000,5113.4000,5113.6000,5114.0000,5121.4000,1,2,1,10,1,1,1,1,1,5
SF,IC2012,2020-06-01 09:32:33.900,5111.4000,18845,0,494784200.000,0,-,-,-,-,5111.8000,5110.8000,5110.6000,5109.0000,5106.2000,5113.4000,5113.6000,5114.0000,5121.4000,5128.0000,3,2,1,2,1,1,1,1,5,1
SF,IC2012,2020-06-01 09:32:34.400,5111.4000,18845,0,494784200.000,0,-,-,-,-,5112.2000,5111.8000,5110.6000,5109.0000,5106.2000,5112.4000,5113.2000,5113.4000,5114.0000,5121.4000,1,1,1,2,1,1,1,1,1,5
SF,IC2012,2020-06-01 09:32:34.900,5112.2000,18844,-1,496829080.000,2,0,2,多平,S,5112.4000,5110.6000,5109.0000,5106.2000,5105.2000,5113.2000,5113.4000,5114.0000,5121.4000,5128.0000,1,1,2,1,10,1,1,1,5,1
SF,IC2012,2020-06-01 09:32:35.400,5112.4000,18843,-1,497851560.000,1,0,1,双平,S,5110.6000,5109.0000,5106.2000,5105.2000,5102.6000,5113.2000,5113.4000,5114.0000,5121.4000,5128.0000,1,2,1,10,1,1,1,1,5,1
SF,IC2012,2020-06-01 09:32:36.400,5112.4000,18843,0,497851560.000,0,-,-,-,-,5110.6000,5109.0000,5106.2000,5105.2000,5102.6000,5113.2000,5113.4000,5114.0000,5115.0000,5121.4000,1,2,1,10,1,2,1,1,1,5
SF,IC2012,2020-06-01 09:32:36.900,5112.4000,18843,0,497851560.000,0,-,-,-,-,5109.0000,5106.2000,5105.2000,5102.6000,5100.0000,5111.2000,5112.0000,5113.0000,5113.2000,5114.0000,2,1,10,1,1,1,1,1,2,1
SF,IC2012,2020-06-01 09:32:37.400,5112.4000,18843,0,498874040.000,1,0,1,多换,S,5111.2000,5110.8000,5109.6000,5109.2000,5109.0000,5113.0000,5113.2000,5114.0000,5115.0000,5121.4000,1,1,2,1,2,1,2,1,1,5
SF,IC2012,2020-06-01 09:32:37.900,5113.0000,18843,0,500919200.000,2,1,1,多换,S,5111.2000,5110.8000,5109.2000,5106.2000,5105.2000,5113.2000,5114.0000,5115.0000,5121.4000,5128.0000,1,1,1,1,10,1,1,1,5,1
SF,IC2012,2020-06-01 09:32:38.400,5113.0000,18843,0,500919200.000,0,-,-,-,-,5111.6000,5111.4000,5111.2000,5110.8000,5106.2000,5113.2000,5114.0000,5115.0000,5121.4000,5128.0000,1,1,1,1,1,1,1,1,5,1
SF,IC2012,2020-06-01 09:32:38.900,5113.0000,18843,0,500919200.000,0,-,-,-,-,5112.0000,5111.8000,5111.6000,5110.8000,5106.2000,5113.2000,5114.0000,5115.0000,5121.4000,5128.0000,1,1,1,1,1,2,1,1,5,1
SF,IC2012,2020-06-01 09:32:39.400,5113.2000,18842,-1,501941840.000,1,0,1,双平,S,5112.0000,5111.6000,5110.8000,5106.2000,5105.2000,5113.2000,5114.0000,5115.0000,5121.4000,5128.0000,4,1,1,1,10,1,1,1,5,1
SF,IC2012,2020-06-01 09:32:39.900,5113.2000,18842,0,501941840.000,0,-,-,-,-,5112.2000,5112.0000,5111.6000,5110.8000,5106.2000,5113.2000,5114.0000,5115.0000,5121.4000,5128.0000,1,4,1,1,1,1,1,1,5,1
SF,IC2012,2020-06-01 09:32:40.400,5113.2000,18841,-1,502964480.000,1,0,1,双平,S,5112.0000,5111.6000,5110.8000,5106.2000,5105.2000,5114.0000,5115.0000,5121.4000,5128.0000,5136.0000,4,1,1,1,10,1,1,5,1,1
SF,IC2012,2020-06-01 09:32:40.900,5112.2000,18840,-1,503986920.000,1,0,1,双平,S,5112.0000,5110.8000,5106.2000,5105.2000,5102.6000,5112.2000,5114.0000,5115.0000,5121.4000,5128.0000,4,1,1,10,1,1,1,1,5,1
SF,IC2012,2020-06-01 09:32:41.400,5112.2000,18840,0,505009360.000,1,0,1,多换,S,5112.4000,5112.2000,5112.0000,5110.8000,5106.2000,5114.0000,5115.0000,5116.0000,5120.0000,5121.4000,1,1,3,1,1,1,2,1,1,5
SF,IC2012,2020-06-01 09:32:41.900,5112.2000,18840,0,507054280.000,2,1,1,多换,S,5112.0000,5110.8000,5110.4000,5106.2000,5105.2000,5113.8000,5114.0000,5115.0000,5116.0000,5120.0000,3,1,1,1,10,1,1,2,1,1
SF,IC2012,2020-06-01 09:32:42.400,5112.2000,18840,0,507054280.000,0,-,-,-,-,5112.0000,5110.8000,5110.4000,5106.2000,5105.2000,5112.2000,5113.8000,5114.0000,5114.6000,5115.0000,3,1,1,1,10,1,1,1,1,2
SF,IC2012,2020-06-01 09:32:42.900,5112.0000,18840,0,510121480.000,3,1,2,多换,S,5110.8000,5110.4000,5106.2000,5105.2000,5102.6000,5111.6000,5111.8000,5112.0000,5112.2000,5114.0000,1,1,1,10,1,1,1,2,1,1
SF,IC2012,2020-06-01 09:32:43.400,5110.8000,18838,-2,512165840.000,2,0,2,双平,S,5106.2000,5105.2000,5102.6000,5100.0000,5092.4000,5111.6000,5111.8000,5112.0000,5112.2000,5113.6000,1,10,1,1,5,1,1,2,1,1
SF,IC2012,2020-06-01 09:32:43.900,5112.2000,18840,2,519322320.000,7,4,3,空开,S,5113.2000,5111.6000,5106.4000,5106.2000,5105.2000,5113.6000,5114.0000,5114.6000,5115.0000,5120.0000,3,1,2,1,10,1,1,1,2,1
SF,IC2012,2020-06-01 09:32:44.400,5112.6000,18840,0,524435080.000,5,2,3,多换,S,5106.4000,5106.2000,5105.2000,5102.6000,5100.0000,5112.8000,5113.6000,5114.0000,5114.6000,5115.0000,1,1,10,1,1,7,1,1,1,2
SF,IC2012,2020-06-01 09:32:44.900,5112.6000,18840,0,524435080.000,0,-,-,-,-,5111.6000,5106.6000,5106.4000,5106.2000,5105.2000,5113.6000,5114.0000,5114.6000,5115.0000,5120.0000,1,3,1,1,10,1,1,1,2,1
SF,IC2012,2020-06-01 09:32:45.400,5111.6000,18840,0,525457400.000,1,0,1,多换,S,5107.4000,5106.6000,5106.4000,5106.2000,5105.2000,5111.8000,5113.2000,5113.6000,5114.0000,5114.6000,1,1,1,1,10,1,1,1,1,1
SF,IC2012,2020-06-01 09:32:45.900,5111.6000,18840,0,525457400.000,0,-,-,-,-,5107.6000,5107.4000,5106.2000,5105.2000,5102.6000,5113.6000,5114.0000,5114.6000,5115.0000,5120.0000,2,1,1,10,1,1,1,1,2,1
SF,IC2012,2020-06-01 09:32:46.400,5111.6000,18840,0,525457400.000,0,-,-,-,-,5107.6000,5107.4000,5106.2000,5105.2000,5102.6000,5112.8000,5113.4000,5113.6000,5114.0000,5114.6000,2,1,1,10,1,1,1,1,2,1
SF,IC2012,2020-06-01 09:32:46.900,5111.6000,18840,0,525457400.000,0,-,-,-,-,5107.6000,5106.2000,5105.2000,5102.6000,5100.0000,5111.6000,5112.0000,5112.4000,5112.6000,5112.8000,2,1,10,1,1,1,1,8,1,1
SF,IC2012,2020-06-01 09:32:47.400,5111.6000,18840,0,526479720.000,1,0,1,多换,S,5107.6000,5106.2000,5105.2000,5102.6000,5100.0000,5109.8000,5111.4000,5111.6000,5112.0000,5112.4000,2,1,10,1,1,1,1,1,1,8
SF,IC2012,2020-06-01 09:32:47.900,5111.6000,18840,0,526479720.000,0,-,-,-,-,5107.8000,5107.6000,5106.2000,5105.2000,5102.6000,5109.8000,5110.2000,5111.4000,5111.6000,5112.0000,1,2,1,10,1,1,1,1,1,1
SF,IC2012,2020-06-01 09:32:48.400,5109.8000,18840,0,527501680.000,1,0,1,多换,S,5108.0000,5107.8000,5106.2000,5105.2000,5102.6000,5111.4000,5111.6000,5112.0000,5112.4000,5112.8000,1,1,1,10,1,1,1,1,8,2
SF,IC2012,2020-06-01 09:32:48.900,5109.8000,18840,0,527501680.000,0,-,-,-,-,5108.2000,5108.0000,5106.2000,5105.2000,5102.6000,5111.4000,5111.6000,5112.0000,5112.8000,5114.0000,1,1,1,10,1,1,1,1,2,1
SF,IC2012,2020-06-01 09:32:49.400,5109.8000,18840,0,527501680.000,0,-,-,-,-,5108.4000,5108.2000,5106.2000,5105.2000,5102.6000,5109.8000,5111.2000,5111.6000,5112.0000,5112.8000,1,1,1,10,1,1,1,1,1,2
SF,IC2012,2020-06-01 09:32:49.900,5109.8000,18840,0,527501680.000,0,-,-,-,-,5108.6000,5106.2000,5105.2000,5102.6000,5100.0000,5109.8000,5111.6000,5112.0000,5112.8000,5114.0000,1,1,10,1,1,1,1,1,2,1
SF,IC2012,2020-06-01 09:32:50.400,5109.8000,18840,0,527501680.000,0,-,-,-,-,5108.6000,5106.2000,5105.2000,5102.6000,5100.0000,5111.6000,5112.0000,5112.8000,5114.0000,5114.6000,1,1,10,1,1,1,1,2,1,1
SF,IC2012,2020-06-01 09:32:50.900,5109.8000,18840,0,527501680.000,0,-,-,-,-,5108.8000,5108.6000,5106.2000,5105.2000,5102.6000,5111.4000,5111.6000,5112.0000,5112.8000,5114.0000,1,1,1,10,1,1,1,1,2,1
SF,IC2012,2020-06-01 09:32:51.400,5108.6000,18841,1,529545160.000,2,1,1,空开,S,5106.2000,5105.2000,5102.6000,5100.0000,5092.4000,5108.6000,5109.8000,5110.8000,5111.4000,5112.8000,1,10,1,1,5,4,1,1,1,1
SF,IC2012,2020-06-01 09:32:51.900,5108.6000,18841,0,530566880.000,1,0,1,多换,S,5106.6000,5106.2000,5105.2000,5102.6000,5100.0000,5112.8000,5114.0000,5114.6000,5115.0000,5119.0000,1,1,10,1,1,1,1,1,2,1
SF,IC2012,2020-06-01 09:32:52.400,5108.6000,18841,0,530566880.000,0,-,-,-,-,5106.8000,5106.2000,5105.2000,5102.6000,5100.0000,5111.6000,5112.0000,5112.4000,5112.6000,5112.8000,2,1,10,1,1,1,1,8,1,2
SF,IC2012,2020-06-01 09:32:52.900,5111.4000,18842,1,531589160.000,1,1,0,双开,S,5106.8000,5106.2000,5105.2000,5102.6000,5100.0000,5111.4000,5111.6000,5112.0000,5112.4000,5112.8000,2,1,10,1,1,1,1,1,8,2
SF,IC2012,2020-06-01 09:32:53.400,5111.4000,18842,0,531589160.000,0,-,-,-,-,5106.8000,5106.2000,5105.2000,5102.6000,5100.0000,5109.8000,5111.2000,5111.4000,5111.6000,5112.0000,2,1,10,1,1,1,1,1,1,1
SF,IC2012,2020-06-01 09:32:53.900,5109.8000,18841,-1,532611120.000,1,0,1,双平,S,5106.2000,5105.2000,5102.6000,5100.0000,5092.4000,5111.2000,5111.6000,5112.0000,5112.4000,5112.8000,1,10,1,1,5,1,1,1,8,2
SF,IC2012,2020-06-01 09:32:54.400,5109.8000,18841,0,532611120.000,0,-,-,-,-,5107.2000,5106.4000,5106.2000,5105.2000,5102.6000,5110.8000,5111.0000,5111.2000,5111.6000,5112.0000,1,1,1,10,1,2,1,1,1,1
SF,IC2012,2020-06-01 09:32:54.900,5109.8000,18841,0,532611120.000,0,-,-,-,-,5107.6000,5107.4000,5107.2000,5106.2000,5105.2000,5110.6000,5110.8000,5111.2000,5111.6000,5112.0000,1,1,1,1,10,1,2,1,1,1
SF,IC2012,2020-06-01 09:32:55.400,5109.8000,18841,0,532611120.000,0,-,-,-,-,5107.8000,5107.6000,5106.2000,5105.2000,5102.6000,5111.2000,5111.6000,5112.0000,5112.4000,5112.8000,1,1,1,10,1,1,1,1,8,2
SF,IC2012,2020-06-01 09:32:55.900,5109.8000,18841,0,532611120.000,0,-,-,-,-,5107.8000,5107.6000,5106.2000,5105.2000,5102.6000,5110.8000,5111.6000,5112.0000,5112.8000,5114.0000,1,1,1,10,1,2,1,1,2,1
SF,IC2012,2020-06-01 09:32:56.400,5109.8000,18841,0,532611120.000,0,-,-,-,-,5107.8000,5107.6000,5106.2000,5105.2000,5102.6000,5110.8000,5111.6000,5112.0000,5112.8000,5114.0000,1,1,1,10,1,2,1,1,2,1
SF,IC2012,2020-06-01 09:32:56.900,5109.8000,18841,0,532611120.000,0,-,-,-,-,5107.8000,5107.6000,5106.2000,5105.2000,5102.6000,5111.6000,5112.0000,5112.8000,5114.0000,5114.6000,1,1,1,10,1,1,1,2,1,1
SF,IC2012,2020-06-01 09:32:57.400,5109.8000,18841,0,532611120.000,0,-,-,-,-,5108.0000,5107.8000,5106.2000,5105.2000,5102.6000,5111.0000,5111.2000,5111.4000,5111.6000,5112.0000,1,1,1,10,1,4,2,1,1,1
SF,IC2012,2020-06-01 09:32:57.900,5109.8000,18841,0,532611120.000,0,-,-,-,-,5108.2000,5106.2000,5105.2000,5102.6000,5100.0000,5110.8000,5111.0000,5111.6000,5112.0000,5112.8000,2,1,10,1,1,1,4,1,1,2
SF,IC2012,2020-06-01 09:32:58.400,5109.8000,18841,0,532611120.000,0,-,-,-,-,5108.2000,5106.2000,5105.6000,5105.2000,5102.6000,5110.8000,5111.0000,5111.6000,5112.0000,5112.8000,2,1,2,10,1,3,4,1,1,2
SF,IC2012,2020-06-01 09:32:58.900,5109.8000,18841,0,532611120.000,0,-,-,-,-,5108.2000,5106.2000,5105.6000,5105.2000,5102.6000,5110.8000,5111.0000,5111.6000,5112.0000,5112.8000,2,1,2,10,1,3,4,1,1,2
SF,IC2012,2020-06-01 09:32:59.400,5110.2000,18841,0,533633160.000,1,0,1,多换,S,5108.2000,5106.2000,5105.2000,5102.6000,5100.0000,5110.8000,5111.0000,5111.6000,5112.0000,5112.8000,1,1,10,1,1,1,4,1,1,2
SF,IC2012,2020-06-01 09:32:59.900,5110.2000,18841,0,533633160.000,0,-,-,-,-,5108.6000,5108.2000,5106.2000,5105.2000,5102.6000,5110.8000,5111.0000,5111.6000,5112.0000,5112.8000,1,1,1,10,1,3,4,1,1,2
SF,IC2012,2020-06-01 09:33:00.400,5110.2000,18841,0,533633160.000,0,-,-,-,-,5108.6000,5106.2000,5105.2000,5102.6000,5100.0000,5110.8000,5111.0000,5111.6000,5112.0000,5112.8000,1,1,10,1,1,1,4,1,1,2
SF,IC2012,2020-06-01 09:33:00.900,5108.6000,18840,-1,535676640.000,2,0,2,多平,S,5106.2000,5105.2000,5102.6000,5100.0000,5092.4000,5108.0000,5111.0000,5111.6000,5112.0000,5112.8000,1,10,1,1,5,1,4,1,1,2
SF,IC2012,2020-06-01 09:33:01.400,5108.0000,18839,-1,536698240.000,1,0,1,双平,S,5108.6000,5108.0000,5106.6000,5106.2000,5105.2000,5111.0000,5111.6000,5112.0000,5112.8000,5114.0000,2,1,2,1,10,4,1,1,2,1
SF,IC2012,2020-06-01 09:33:01.900,5108.0000,18839,0,536698240.000,0,-,-,-,-,5108.6000,5108.0000,5106.2000,5105.2000,5102.6000,5110.8000,5111.0000,5111.6000,5112.0000,5112.8000,2,1,1,10,1,3,4,1,1,2
SF,IC2012,2020-06-01 09:33:02.400,5108.0000,18839,0,536698240.000,0,-,-,-,-,5108.6000,5108.0000,5106.8000,5106.2000,5105.2000,5110.8000,5111.0000,5111.6000,5112.0000,5112.8000,2,2,2,1,10,1,4,1,1,2
SF,IC2012,2020-06-01 09:33:02.900,5108.4000,18842,3,539763280.000,3,3,0,双开,S,5108.0000,5106.8000,5106.2000,5105.2000,5102.6000,5109.4000,5110.8000,5111.0000,5111.6000,5112.0000,2,2,1,10,1,2,1,4,1,1
SF,IC2012,2020-06-01 09:33:03.400,5108.4000,18842,0,539763280.000,0,-,-,-,-,5108.0000,5106.2000,5105.2000,5102.6000,5100.0000,5109.2000,5111.0000,5111.6000,5112.0000,5112.8000,2,1,10,1,1,1,4,1,1,2
SF,IC2012,2020-06-01 09:33:03.900,5108.0000,18841,-1,541806480.000,2,0,2,多平,S,5106.2000,5105.2000,5102.6000,5100.0000,5092.4000,5108.6000,5109.4000,5111.0000,5111.6000,5112.0000,1,10,1,1,5,2,1,4,1,1
SF,IC2012,2020-06-01 09:33:04.400,5108.0000,18841,0,541806480.000,0,-,-,-,-,5106.2000,5105.2000,5105.0000,5102.6000,5100.0000,5108.4000,5109.4000,5111.0000,5111.6000,5112.0000,1,10,2,1,1,1,1,4,1,1
SF,IC2012,2020-06-01 09:33:04.900,5108.0000,18841,0,541806480.000,0,-,-,-,-,5106.8000,5106.4000,5106.2000,5105.2000,5105.0000,5109.4000,5110.2000,5111.0000,5111.6000,5112.0000,1,1,1,10,2,1,1,4,1,1
SF,IC2012,2020-06-01 09:33:05.400,5108.0000,18841,0,541806480.000,0,-,-,-,-,5106.4000,5106.2000,5105.2000,5102.6000,5100.0000,5108.8000,5109.2000,5109.4000,5110.2000,5111.0000,1,1,10,1,1,2,1,1,1,4
SF,IC2012,2020-06-01 09:33:05.900,5108.0000,18841,0,541806480.000,0,-,-,-,-,5106.4000,5106.2000,5105.2000,5102.6000,5100.0000,5109.4000,5110.2000,5111.0000,5111.6000,5112.0000,1,1,10,1,1,1,1,4,1,1
SF,IC2012,2020-06-01 09:33:06.400,5106.8000,18842,1,542827840.000,1,1,0,双开,S,5106.8000,5106.4000,5106.2000,5105.2000,5102.6000,5109.2000,5109.4000,5110.2000,5111.0000,5111.6000,1,1,1,10,1,3,1,1,4,1
SF,IC2012,2020-06-01 09:33:06.900,5106.8000,18842,0,542827840.000,0,-,-,-,-,5106.8000,5106.2000,5105.2000,5102.6000,5100.0000,5108.4000,5108.6000,5109.2000,5109.4000,5110.2000,1,1,10,1,1,1,1,1,1,1
SF,IC2012,2020-06-01 09:33:07.400,5108.2000,18841,-1,543849480.000,1,0,1,双平,S,5106.8000,5106.2000,5105.2000,5102.6000,5100.0000,5108.4000,5108.6000,5109.2000,5109.4000,5110.2000,1,1,10,1,1,3,1,1,1,1
SF,IC2012,2020-06-01 09:33:07.900,5108.2000,18841,0,543849480.000,0,-,-,-,-,5106.8000,5106.2000,5105.2000,5102.6000,5100.0000,5108.2000,5108.4000,5108.6000,5109.4000,5110.2000,1,1,10,1,1,1,1,1,1,1
SF,IC2012,2020-06-01 09:33:08.400,5108.2000,18841,0,543849480.000,0,-,-,-,-,5106.8000,5106.2000,5105.2000,5102.6000,5101.2000,5108.4000,5108.6000,5109.4000,5110.2000,5111.0000,1,1,10,1,1,1,1,1,1,4
SF,IC2012,2020-06-01 09:33:10.400,5108.2000,18841,0,543849480.000,0,-,-,-,-,5106.8000,5106.2000,5106.0000,5105.2000,5102.6000,5108.4000,5108.6000,5109.4000,5110.2000,5111.0000,1,1,1,10,1,1,1,1,1,4
SF,IC2012,2020-06-01 09:33:10.900,5108.2000,18841,0,543849480.000,0,-,-,-,-,5107.2000,5106.8000,5106.2000,5106.0000,5105.2000,5108.4000,5109.4000,5110.2000,5111.0000,5111.6000,1,1,1,1,10,3,1,1,4,1
SF,IC2012,2020-06-01 09:33:11.400,5108.2000,18841,0,543849480.000,0,-,-,-,-,5107.6000,5106.2000,5106.0000,5105.2000,5102.6000,5108.4000,5109.4000,5110.2000,5111.0000,5111.6000,2,1,1,10,1,1,1,1,4,1
SF,IC2012,2020-06-01 09:33:11.900,5107.6000,18841,0,544871000.000,1,0,1,多换,S,5107.6000,5106.2000,5106.0000,5105.2000,5102.6000,5108.4000,5109.4000,5110.2000,5111.0000,5111.6000,1,1,1,10,1,1,1,1,4,1
SF,IC2012,2020-06-01 09:33:12.400,5107.8000,18841,0,545892560.000,1,0,1,多换,S,5107.6000,5106.2000,5106.0000,5105.2000,5102.6000,5107.8000,5108.4000,5109.4000,5110.2000,5111.0000,1,1,1,10,1,1,2,1,1,4
SF,IC2012,2020-06-01 09:33:12.900,5107.6000,18841,0,546914080.000,1,0,1,多换,S,5106.0000,5105.2000,5102.6000,5101.2000,5100.0000,5108.4000,5109.4000,5110.2000,5111.0000,5111.6000,1,10,1,1,1,2,1,1,4,1
SF,IC2012,2020-06-01 09:33:13.400,5107.6000,18841,0,546914080.000,0,-,-,-,-,5106.4000,5106.2000,5106.0000,5105.2000,5102.6000,5108.2000,5108.4000,5109.4000,5110.2000,5111.0000,1,1,1,10,1,2,2,1,1,4
SF,IC2012,2020-06-01 09:33:13.900,5107.6000,18841,0,546914080.000,0,-,-,-,-,5106.6000,5106.4000,5106.0000,5105.2000,5102.6000,5108.4000,5109.4000,5110.2000,5111.0000,5111.6000,1,1,1,10,1,2,1,1,4,1
SF,IC2012,2020-06-01 09:33:14.400,5107.6000,18841,0,546914080.000,0,-,-,-,-,5107.0000,5106.6000,5106.4000,5106.0000,5105.2000,5108.4000,5109.4000,5110.2000,5111.0000,5111.6000,1,1,1,1,10,4,1,1,4,1
SF,IC2012,2020-06-01 09:33:14.900,5107.0000,18841,0,547935480.000,1,0,1,多换,S,5106.0000,5105.2000,5102.6000,5101.2000,5100.0000,5108.4000,5109.4000,5110.2000,5111.0000,5111.6000,1,10,1,1,1,2,1,1,4,1
SF,IC2012,2020-06-01 09:33:15.400,5107.0000,18841,0,547935480.000,0,-,-,-,-,5106.0000,5105.2000,5102.6000,5101.2000,5100.0000,5107.6000,5108.2000,5108.4000,5109.4000,5110.2000,1,10,1,1,2,2,1,2,1,1
SF,IC2012,2020-06-01 09:33:15.900,5107.0000,18841,0,547935480.000,0,-,-,-,-,5106.0000,5105.2000,5102.6000,5101.2000,5100.0000,5107.4000,5108.4000,5109.4000,5110.2000,5111.0000,1,10,1,1,2,1,2,1,1,4
SF,IC2012,2020-06-01 09:33:16.400,5107.0000,18841,0,547935480.000,0,-,-,-,-,5106.0000,5105.2000,5102.6000,5101.2000,5100.0000,5106.8000,5107.2000,5107.4000,5108.4000,5109.0000,1,10,1,1,2,2,1,1,1,1
SF,IC2012,2020-06-01 09:33:16.900,5107.0000,18841,0,547935480.000,0,-,-,-,-,5106.0000,5105.2000,5102.6000,5101.2000,5100.0000,5106.8000,5107.2000,5107.4000,5108.2000,5108.4000,1,10,1,1,2,1,1,1,1,1
SF,IC2012,2020-06-01 09:33:17.400,5107.0000,18841,0,547935480.000,0,-,-,-,-,5106.4000,5106.0000,5105.2000,5102.6000,5101.2000,5106.8000,5107.2000,5107.4000,5108.2000,5108.4000,2,1,10,1,1,1,1,1,1,1
SF,IC2012,2020-06-01 09:33:17.900,5106.8000,18838,-3,550999600.000,3,0,3,双平,S,5106.4000,5106.0000,5105.2000,5102.6000,5101.2000,5107.4000,5108.2000,5108.4000,5109.0000,5109.4000,2,1,10,1,1,1,1,1,1,1
SF,IC2012,2020-06-01 09:33:18.400,5106.8000,18838,0,550999600.000,0,-,-,-,-,5106.6000,5106.4000,5106.0000,5105.2000,5102.6000,5108.2000,5108.4000,5109.0000,5109.4000,5110.2000,1,2,1,10,1,1,1,1,1,1
SF,IC2012,2020-06-01 09:33:18.900,5106.8000,18838,0,550999600.000,0,-,-,-,-,5106.0000,5105.2000,5102.6000,5101.2000,5100.0000,5107.0000,5107.6000,5108.2000,5108.4000,5109.0000,1,10,1,1,2,1,1,1,1,1
SF,IC2012,2020-06-01 09:33:19.400,5107.0000,18837,-1,552021000.000,1,0,1,双平,S,5106.4000,5106.2000,5106.0000,5105.2000,5102.6000,5107.6000,5108.2000,5108.4000,5109.0000,5109.4000,2,3,1,10,1,1,1,1,1,1
SF,IC2012,2020-06-01 09:33:19.900,5107.0000,18837,0,552021000.000,0,-,-,-,-,5106.4000,5106.2000,5106.0000,5105.2000,5102.6000,5107.6000,5108.2000,5108.4000,5109.0000,5109.4000,2,1,1,10,1,1,1,1,1,1
SF,IC2012,2020-06-01 09:33:20.400,5106.4000,18837,0,553042280.000,1,0,1,多换,S,5106.4000,5106.0000,5105.2000,5102.6000,5101.2000,5108.2000,5108.4000,5109.0000,5109.4000,5110.2000,1,1,10,1,1,1,1,1,1,1
SF,IC2012,2020-06-01 09:33:20.900,5106.4000,18837,0,553042280.000,0,-,-,-,-,5106.4000,5106.0000,5105.2000,5102.6000,5101.2000,5107.4000,5108.0000,5108.2000,5108.4000,5109.0000,1,1,10,1,1,1,1,1,1,1
SF,IC2012,2020-06-01 09:33:21.400,5106.4000,18837,0,553042280.000,0,-,-,-,-,5106.4000,5106.0000,5105.2000,5102.6000,5101.2000,5108.0000,5108.4000,5109.0000,5109.4000,5109.8000,1,1,10,1,1,1,1,1,1,5
SF,IC2012,2020-06-01 09:33:21.900,5106.4000,18837,0,553042280.000,0,-,-,-,-,5106.4000,5106.0000,5105.2000,5102.6000,5101.2000,5107.6000,5108.0000,5108.4000,5109.0000,5109.4000,1,1,10,1,1,1,2,1,1,1
SF,IC2012,2020-06-01 09:33:22.400,5106.4000,18837,0,553042280.000,0,-,-,-,-,5106.4000,5106.0000,5105.2000,5102.6000,5101.2000,5108.0000,5108.4000,5109.0000,5109.4000,5109.8000,1,1,10,1,1,2,1,1,1,5
SF,IC2012,2020-06-01 09:33:22.900,5106.4000,18837,0,553042280.000,0,-,-,-,-,5106.4000,5106.0000,5105.2000,5102.6000,5101.2000,5107.0000,5107.8000,5108.0000,5108.4000,5109.0000,1,1,10,1,1,1,1,2,1,1
SF,IC2012,2020-06-01 09:33:23.400,5106.4000,18837,0,554063560.000,1,0,1,多换,S,5106.0000,5105.2000,5102.6000,5101.2000,5100.0000,5107.0000,5107.8000,5108.0000,5108.4000,5109.0000,1,10,1,1,2,1,1,3,1,1
SF,IC2012,2020-06-01 09:33:23.900,5106.0000,18836,-1,556105960.000,2,0,2,多平,S,5105.2000,5102.6000,5101.2000,5100.0000,5092.4000,5107.2000,5107.8000,5108.0000,5108.4000,5109.0000,10,1,1,2,5,1,1,3,1,1
SF,IC2012,2020-06-01 09:33:24.400,5106.0000,18836,0,556105960.000,0,-,-,-,-,5105.6000,5105.2000,5102.6000,5101.2000,5100.0000,5106.8000,5107.0000,5107.2000,5108.0000,5108.4000,1,10,1,1,2,1,1,1,4,1
SF,IC2012,2020-06-01 09:33:24.900,5105.2000,18836,0,560190120.000,4,2,2,多换,S,5105.2000,5102.6000,5101.2000,5100.0000,5092.4000,5106.6000,5107.2000,5108.0000,5108.4000,5109.0000,6,1,1,2,5,1,1,4,1,1
SF,IC2012,2020-06-01 09:33:25.400,5105.2000,18836,0,561211160.000,1,0,1,多换,S,5105.6000,5105.2000,5102.6000,5101.2000,5100.0000,5106.4000,5106.6000,5107.2000,5108.0000,5108.4000,2,5,1,1,2,1,1,1,4,1
SF,IC2012,2020-06-01 09:33:25.900,5105.6000,18836,0,563253400.000,2,1,1,多换,S,5105.2000,5102.6000,5101.2000,5100.0000,5092.4000,5106.2000,5106.4000,5106.6000,5107.2000,5108.0000,5,1,1,2,5,1,1,1,1,3
SF,IC2012,2020-06-01 09:33:26.400,5105.6000,18836,0,563253400.000,0,-,-,-,-,5105.2000,5102.6000,5101.2000,5100.0000,5092.4000,5105.6000,5106.2000,5106.4000,5106.6000,5107.2000,5,1,1,2,5,1,1,1,1,1
SF,IC2012,2020-06-01 09:33:26.900,5105.6000,18835,-1,564274520.000,1,0,1,双平,S,5105.2000,5102.6000,5101.2000,5100.0000,5092.4000,5106.2000,5106.4000,5106.6000,5107.2000,5107.6000,5,1,1,2,5,1,1,1,1,1
SF,IC2012,2020-06-01 09:33:27.400,5105.6000,18835,0,564274520.000,0,-,-,-,-,5105.2000,5102.6000,5101.2000,5100.0000,5092.4000,5106.4000,5106.6000,5107.2000,5107.6000,5107.8000,5,1,1,2,5,1,1,1,1,1
SF,IC2012,2020-06-01 09:33:27.900,5105.6000,18835,0,564274520.000,0,-,-,-,-,5105.2000,5102.6000,5101.2000,5100.0000,5092.4000,5106.2000,5106.4000,5107.2000,5107.6000,5107.8000,5,1,1,2,5,1,1,1,1,1
SF,IC2012,2020-06-01 09:33:28.400,5105.2000,18835,0,565295560.000,1,0,1,多换,S,5105.2000,5102.6000,5101.2000,5100.0000,5092.4000,5106.0000,5106.4000,5107.2000,5107.6000,5107.8000,4,1,1,2,5,1,1,1,1,1
SF,IC2012,2020-06-01 09:33:28.900,5105.2000,18836,1,569379720.000,4,2,2,空开,S,5102.6000,5101.2000,5100.0000,5092.4000,5091.6000,5105.2000,5106.0000,5106.4000,5107.2000,5107.6000,1,1,2,5,2,3,1,1,1,1
SF,IC2012,2020-06-01 09:33:29.400,5105.2000,18836,0,569379720.000,0,-,-,-,-,5103.4000,5103.2000,5102.8000,5102.6000,5101.2000,5105.2000,5106.0000,5106.4000,5107.2000,5107.6000,1,1,1,1,1,3,1,1,1,1
SF,IC2012,2020-06-01 09:33:29.900,5105.2000,18836,0,569379720.000,0,-,-,-,-,5103.6000,5103.4000,5102.6000,5101.2000,5100.0000,5105.2000,5106.0000,5106.4000,5107.2000,5107.6000,1,1,1,1,2,3,1,1,1,1
SF,IC2012,2020-06-01 09:33:30.400,5103.6000,18835,-1,570400440.000,1,0,1,双平,S,5103.4000,5102.6000,5101.2000,5100.0000,5092.4000,5105.2000,5106.0000,5106.4000,5107.2000,5107.6000,1,1,1,2,5,3,1,1,1,1
SF,IC2012,2020-06-01 09:33:30.900,5103.4000,18834,-1,571421120.000,1,0,1,双平,S,5102.6000,5101.2000,5100.0000,5092.4000,5091.6000,5105.2000,5106.0000,5106.4000,5107.2000,5107.6000,1,1,2,5,2,3,1,1,1,1
SF,IC2012,2020-06-01 09:33:31.400,5103.4000,18834,0,571421120.000,0,-,-,-,-,5102.8000,5102.6000,5101.2000,5100.0000,5092.4000,5103.4000,5104.8000,5105.2000,5106.0000,5106.4000,1,1,1,2,5,1,1,3,1,1
SF,IC2012,2020-06-01 09:33:31.900,5102.6000,18833,-1,573462320.000,2,0,2,多平,S,5101.2000,5100.0000,5092.4000,5091.6000,5090.8000,5102.6000,5104.8000,5105.2000,5106.0000,5106.4000,1,2,5,2,2,4,1,3,1,1
SF,IC2012,2020-06-01 09:33:32.400,5102.6000,18829,-4,577544400.000,4,0,4,双平,S,5103.2000,5101.6000,5101.2000,5100.0000,5092.4000,5105.2000,5106.0000,5106.4000,5107.2000,5107.6000,1,2,1,2,5,3,1,1,1,2
SF,IC2012,2020-06-01 09:33:32.900,5102.6000,18829,0,577544400.000,0,-,-,-,-,5103.2000,5101.2000,5100.0000,5092.4000,5091.6000,5105.0000,5105.2000,5106.0000,5106.4000,5107.2000,1,1,2,5,2,1,3,1,1,1
SF,IC2012,2020-06-01 09:33:33.400,5103.2000,18829,0,578565040.000,1,0,1,多换,S,5101.2000,5100.0000,5092.4000,5091.6000,5090.8000,5103.2000,5105.0000,5105.2000,5106.0000,5106.4000,1,2,5,2,2,4,1,3,1,1
SF,IC2012,2020-06-01 09:33:33.900,5103.2000,18827,-2,580606320.000,2,0,2,双平,S,5101.6000,5101.4000,5101.2000,5100.0000,5092.4000,5103.2000,5105.0000,5105.2000,5106.0000,5106.4000,2,1,1,2,5,2,1,3,1,1
SF,IC2012,2020-06-01 09:33:34.400,5103.2000,18827,0,580606320.000,0,-,-,-,-,5102.0000,5101.8000,5101.2000,5100.0000,5092.4000,5103.2000,5105.0000,5105.2000,5106.0000,5106.4000,2,1,1,2,5,2,1,3,1,1
SF,IC2012,2020-06-01 09:33:34.900,5103.2000,18827,0,580606320.000,0,-,-,-,-,5101.8000,5101.2000,5100.0000,5092.4000,5091.6000,5103.2000,5105.0000,5105.2000,5106.0000,5106.4000,1,1,2,5,2,2,1,3,1,1
SF,IC2012,2020-06-01 09:33:35.400,5103.2000,18827,0,580606320.000,0,-,-,-,-,5102.2000,5101.8000,5101.2000,5100.0000,5092.4000,5103.2000,5105.0000,5105.2000,5106.0000,5106.4000,1,1,1,2,5,2,1,3,1,1
SF,IC2012,2020-06-01 09:33:35.900,5101.8000,18825,-2,582647120.000,2,0,2,双平,S,5101.2000,5100.0000,5099.8000,5092.4000,5091.6000,5101.8000,5103.2000,5105.0000,5105.2000,5106.0000,1,2,2,5,2,3,2,1,3,1
SF,IC2012,2020-06-01 09:33:36.400,5101.8000,18822,-3,585708200.000,3,0,3,双平,S,5101.2000,5100.0000,5099.8000,5092.4000,5091.6000,5103.2000,5105.0000,5105.2000,5106.0000,5106.4000,1,2,2,5,2,2,1,3,1,1
SF,IC2012,2020-06-01 09:33:36.900,5101.8000,18822,0,585708200.000,0,-,-,-,-,5101.2000,5100.0000,5092.4000,5091.6000,5090.8000,5103.0000,5103.2000,5105.2000,5106.0000,5106.4000,1,2,5,2,2,1,2,3,1,1
SF,IC2012,2020-06-01 09:33:37.400,5101.2000,18823,1,586728440.000,1,1,0,双开,S,5100.0000,5092.4000,5091.6000,5090.8000,5086.2000,5103.0000,5103.2000,5105.2000,5106.0000,5106.4000,2,5,2,2,1,1,2,3,1,1
SF,IC2012,2020-06-01 09:33:37.900,5101.2000,18823,0,586728440.000,0,-,-,-,-,5100.2000,5100.0000,5092.4000,5091.6000,5090.8000,5103.0000,5103.2000,5105.2000,5106.0000,5106.4000,1,2,5,2,2,1,2,3,1,1
SF,IC2012,2020-06-01 09:33:38.400,5101.2000,18823,0,586728440.000,0,-,-,-,-,5100.8000,5100.2000,5100.0000,5092.4000,5091.6000,5103.0000,5103.2000,5105.2000,5106.0000,5106.4000,1,1,2,5,2,1,2,3,1,1
SF,IC2012,2020-06-01 09:33:38.900,5101.2000,18823,0,586728440.000,0,-,-,-,-,5101.6000,5101.0000,5100.8000,5100.0000,5092.4000,5103.2000,5105.2000,5106.0000,5106.4000,5107.0000,1,1,1,2,5,2,3,1,1,1
SF,IC2012,2020-06-01 09:33:39.400,5101.2000,18823,0,586728440.000,0,-,-,-,-,5102.0000,5101.6000,5101.0000,5100.0000,5092.4000,5103.2000,5105.2000,5106.0000,5106.4000,5107.0000,3,1,1,2,5,2,3,1,1,1
SF,IC2012,2020-06-01 09:33:39.900,5102.0000,18823,0,587748840.000,1,0,1,多换,S,5102.0000,5101.6000,5101.4000,5101.0000,5100.0000,5103.2000,5105.2000,5106.0000,5106.4000,5107.0000,2,1,2,1,2,2,3,1,1,1
SF,IC2012,2020-06-01 09:33:40.400,5102.0000,18823,0,587748840.000,0,-,-,-,-,5102.0000,5101.6000,5101.4000,5100.0000,5092.4000,5102.6000,5103.0000,5103.2000,5105.2000,5106.0000,2,1,2,2,5,1,3,2,3,1
SF,IC2012,2020-06-01 09:33:40.900,5101.6000,18823,0,590809960.000,3,1,2,多换,S,5100.0000,5092.4000,5091.6000,5090.8000,5086.2000,5100.2000,5102.6000,5103.2000,5105.2000,5106.0000,2,5,2,2,1,1,1,2,3,1
SF,IC2012,2020-06-01 09:33:41.400,5100.2000,18820,-3,593870000.000,3,0,3,双平,S,5092.4000,5091.6000,5090.8000,5086.2000,5085.0000,5102.6000,5103.2000,5105.2000,5106.0000,5106.4000,5,2,2,1,2,1,2,3,1,1
SF,IC2012,2020-06-01 09:33:41.900,5100.2000,18820,0,593870000.000,0,-,-,-,-,5098.2000,5097.6000,5095.2000,5092.6000,5092.4000,5102.4000,5102.6000,5103.2000,5105.2000,5106.0000,1,1,1,7,5,2,1,2,3,1
SF,IC2012,2020-06-01 09:33:42.400,5100.2000,18820,0,593870000.000,0,-,-,-,-,5098.2000,5097.6000,5095.2000,5092.6000,5092.4000,5102.4000,5102.6000,5103.2000,5105.2000,5106.0000,3,1,1,5,5,3,1,2,3,1
SF,IC2012,2020-06-01 09:33:42.900,5098.4000,18819,-1,594889680.000,1,0,1,双平,S,5098.4000,5098.2000,5097.6000,5095.2000,5092.6000,5102.2000,5102.4000,5102.6000,5103.2000,5105.2000,1,1,1,1,4,3,2,1,2,3
SF,IC2012,2020-06-01 09:33:43.400,5098.4000,18819,0,594889680.000,0,-,-,-,-,5098.4000,5098.2000,5097.6000,5095.2000,5092.6000,5102.0000,5102.2000,5102.6000,5103.2000,5105.2000,1,1,1,1,4,2,3,1,2,3
SF,IC2012,2020-06-01 09:33:43.900,5098.4000,18819,0,594889680.000,0,-,-,-,-,5098.8000,5098.6000,5098.4000,5095.2000,5092.6000,5101.8000,5102.0000,5102.2000,5102.6000,5103.2000,2,1,1,1,4,1,2,2,1,2
SF,IC2012,2020-06-01 09:33:44.400,5098.4000,18819,0,594889680.000,0,-,-,-,-,5099.0000,5098.8000,5098.4000,5095.2000,5092.6000,5101.6000,5102.0000,5102.2000,5102.6000,5103.2000,1,2,1,1,4,1,1,1,1,2
SF,IC2012,2020-06-01 09:33:44.900,5098.4000,18819,0,594889680.000,0,-,-,-,-,5099.6000,5099.0000,5098.8000,5092.6000,5092.4000,5102.0000,5102.2000,5102.6000,5103.2000,5105.0000,1,1,2,4,5,1,1,1,2,4
SF,IC2012,2020-06-01 09:33:45.400,5098.4000,18819,0,594889680.000,0,-,-,-,-,5099.8000,5099.4000,5099.0000,5098.8000,5092.6000,5101.8000,5102.2000,5102.6000,5103.2000,5105.0000,3,2,1,2,4,1,1,1,2,4
SF,IC2012,2020-06-01 09:33:45.900,5098.4000,18819,0,594889680.000,0,-,-,-,-,5100.2000,5100.0000,5098.8000,5092.6000,5092.4000,5102.6000,5103.2000,5105.0000,5105.2000,5106.4000,2,1,2,4,5,1,2,4,3,1
SF,IC2012,2020-06-01 09:33:46.400,5098.4000,18819,0,594889680.000,0,-,-,-,-,5100.4000,5100.2000,5098.8000,5092.6000,5092.4000,5102.6000,5103.2000,5105.0000,5105.2000,5106.4000,1,2,2,4,5,1,2,4,3,1
SF,IC2012,2020-06-01 09:33:46.900,5098.4000,18819,0,594889680.000,0,-,-,-,-,5100.4000,5100.2000,5098.8000,5092.6000,5092.4000,5102.6000,5103.2000,5105.0000,5105.2000,5106.4000,1,2,2,4,5,1,2,4,3,1
SF,IC2012,2020-06-01 09:33:47.400,5098.4000,18819,0,594889680.000,0,-,-,-,-,5100.4000,5100.2000,5092.6000,5092.4000,5091.6000,5102.6000,5103.2000,5105.0000,5105.2000,5106.4000,1,2,4,5,2,1,2,4,3,1
SF,IC2012,2020-06-01 09:33:47.900,5098.4000,18819,0,594889680.000,0,-,-,-,-,5100.8000,5100.4000,5100.2000,5092.6000,5092.4000,5102.6000,5103.2000,5105.0000,5105.2000,5106.4000,2,1,2,4,5,1,2,4,3,1
SF,IC2012,2020-06-01 09:33:48.900,5100.4000,18819,0,595909760.000,1,0,1,多换,S,5100.8000,5100.4000,5100.2000,5092.6000,5092.4000,5102.6000,5103.2000,5105.0000,5105.2000,5106.4000,1,1,2,4,5,1,2,4,3,1
SF,IC2012,2020-06-01 09:33:49.400,5100.4000,18819,0,596929840.000,1,0,1,多换,S,5092.6000,5092.4000,5091.6000,5090.8000,5086.2000,5100.4000,5102.2000,5102.4000,5102.6000,5103.2000,4,5,2,2,1,1,1,1,1,2
SF,IC2012,2020-06-01 09:33:49.900,5100.4000,18819,0,597949920.000,1,0,1,多换,S,5098.6000,5098.2000,5097.6000,5097.4000,5095.2000,5102.6000,5103.2000,5105.0000,5105.2000,5106.4000,1,1,1,2,1,1,2,4,3,1
SF,IC2012,2020-06-01 09:33:50.400,5100.4000,18819,0,597949920.000,0,-,-,-,-,5100.8000,5098.8000,5098.6000,5098.2000,5097.6000,5102.4000,5102.6000,5103.2000,5105.0000,5105.2000,1,1,1,1,1,1,1,2,4,3
SF,IC2012,2020-06-01 09:33:50.900,5100.8000,18819,0,598970080.000,1,0,1,多换,S,5098.2000,5097.6000,5095.2000,5092.8000,5092.6000,5102.0000,5102.2000,5102.6000,5103.2000,5105.0000,1,1,1,4,4,3,1,2,2,4
SF,IC2012,2020-06-01 09:33:51.400,5100.8000,18819,0,598970080.000,0,-,-,-,-,5099.2000,5098.4000,5098.2000,5097.6000,5095.2000,5101.8000,5102.0000,5102.6000,5103.2000,5105.0000,1,1,1,1,1,2,3,2,2,4
SF,IC2012,2020-06-01 09:33:51.900,5100.8000,18819,0,598970080.000,0,-,-,-,-,5099.2000,5097.6000,5095.2000,5092.8000,5092.6000,5101.2000,5101.6000,5101.8000,5102.0000,5102.6000,1,1,1,4,4,2,2,1,1,2
SF,IC2012,2020-06-01 09:33:52.400,5100.8000,18819,0,598970080.000,0,-,-,-,-,5099.2000,5097.6000,5095.2000,5092.8000,5092.6000,5101.2000,5101.6000,5101.8000,5102.0000,5102.6000,1,1,1,4,4,1,2,1,1,2
SF,IC2012,2020-06-01 09:33:52.900,5100.8000,18819,0,598970080.000,0,-,-,-,-,5099.6000,5099.2000,5095.2000,5092.8000,5092.6000,5100.8000,5101.0000,5101.2000,5101.6000,5102.0000,2,1,1,4,4,1,1,1,2,1
SF,IC2012,2020-06-01 09:33:53.400,5100.8000,18819,0,598970080.000,0,-,-,-,-,5099.6000,5099.2000,5095.2000,5092.8000,5092.6000,5100.8000,5101.0000,5101.2000,5101.6000,5102.0000,2,1,1,4,4,1,2,1,2,1
SF,IC2012,2020-06-01 09:33:53.900,5100.8000,18819,0,598970080.000,0,-,-,-,-,5099.6000,5099.2000,5095.2000,5092.8000,5092.6000,5101.0000,5101.2000,5101.6000,5102.0000,5102.6000,2,1,1,4,4,2,1,1,1,2
SF,IC2012,2020-06-01 09:33:54.400,5099.6000,18819,0,601009920.000,2,1,1,多换,S,5099.2000,5095.2000,5092.8000,5092.6000,5092.4000,5100.6000,5101.0000,5101.2000,5101.6000,5102.0000,1,1,4,4,5,2,2,2,1,1
SF,IC2012,2020-06-01 09:33:54.900,5099.6000,18819,0,601009920.000,0,-,-,-,-,5099.2000,5095.2000,5092.8000,5092.6000,5092.4000,5100.4000,5100.6000,5101.0000,5101.2000,5101.6000,1,1,4,4,5,1,3,2,1,1
SF,IC2012,2020-06-01 09:33:55.400,5099.2000,18818,-1,602029760.000,1,0,1,双平,S,5095.2000,5092.8000,5092.6000,5092.4000,5091.6000,5100.4000,5100.6000,5101.0000,5101.2000,5101.6000,1,4,4,5,2,1,3,2,1,1
SF,IC2012,2020-06-01 09:33:55.900,5099.2000,18818,0,602029760.000,0,-,-,-,-,5096.8000,5095.4000,5095.2000,5092.8000,5092.6000,5100.2000,5100.6000,5101.0000,5101.2000,5101.6000,1,5,1,4,4,1,1,2,1,1
SF,IC2012,2020-06-01 09:33:56.400,5099.2000,18818,0,602029760.000,0,-,-,-,-,5097.0000,5095.4000,5095.2000,5092.8000,5092.6000,5100.0000,5100.2000,5100.6000,5101.0000,5101.2000,2,4,1,4,4,1,1,1,2,1
SF,IC2012,2020-06-01 09:33:56.900,5099.2000,18818,0,602029760.000,0,-,-,-,-,5097.8000,5097.6000,5097.2000,5097.0000,5095.4000,5100.0000,5100.6000,5101.0000,5101.2000,5101.6000,2,1,6,2,4,1,1,2,1,1
SF,IC2012,2020-06-01 09:33:57.400,5099.2000,18818,0,602029760.000,0,-,-,-,-,5097.8000,5097.2000,5097.0000,5095.4000,5092.8000,5099.4000,5100.0000,5100.6000,5101.0000,5101.2000,2,2,1,4,4,2,1,1,2,1
SF,IC2012,2020-06-01 09:33:57.900,5099.2000,18818,0,602029760.000,0,-,-,-,-,5097.2000,5097.0000,5095.4000,5092.8000,5092.6000,5097.8000,5099.0000,5099.2000,5100.6000,5101.0000,2,1,4,4,4,6,2,2,1,2
SF,IC2012,2020-06-01 09:33:58.400,5099.2000,18818,0,608148800.000,6,3,3,多换,S,5097.2000,5097.0000,5095.4000,5092.8000,5092.6000,5099.2000,5100.6000,5101.0000,5101.2000,5101.6000,2,1,4,4,4,2,1,2,1,1
SF,IC2012,2020-06-01 09:33:58.900,5099.2000,18818,0,608148800.000,0,-,-,-,-,5097.4000,5097.2000,5097.0000,5095.4000,5094.4000,5098.8000,5099.2000,5100.6000,5101.0000,5101.2000,1,2,1,4,2,1,2,1,2,1
SF,IC2012,2020-06-01 09:33:59.400,5099.0000,18818,0,609168600.000,1,0,1,多换,S,5097.4000,5097.0000,5095.4000,5094.4000,5092.8000,5099.2000,5100.6000,5101.0000,5101.2000,5101.6000,1,1,4,2,4,1,1,2,1,1
SF,IC2012,2020-06-01 09:33:59.900,5099.0000,18818,0,609168600.000,0,-,-,-,-,5097.8000,5097.4000,5097.0000,5095.4000,5092.8000,5099.2000,5100.6000,5101.0000,5101.2000,5101.6000,2,1,1,4,4,1,1,2,1,1
SF,IC2012,2020-06-01 09:34:00.400,5099.2000,18818,0,610188440.000,1,0,1,多换,S,5098.2000,5097.8000,5097.0000,5095.4000,5092.8000,5100.6000,5101.0000,5101.2000,5101.6000,5102.0000,1,2,1,4,4,1,2,1,1,1
SF,IC2012,2020-06-01 09:34:00.900,5099.2000,18818,0,610188440.000,0,-,-,-,-,5097.8000,5097.0000,5095.4000,5092.8000,5092.6000,5099.4000,5100.2000,5100.4000,5100.6000,5101.0000,2,1,1,4,4,1,1,1,1,2
SF,IC2012,2020-06-01 09:34:01.400,5099.2000,18818,0,610188440.000,0,-,-,-,-,5097.8000,5097.0000,5095.4000,5092.8000,5092.6000,5100.4000,5100.6000,5101.0000,5101.2000,5102.0000,2,1,1,4,4,1,1,2,1,1
SF,IC2012,2020-06-01 09:34:01.900,5099.2000,18818,0,610188440.000,0,-,-,-,-,5098.0000,5097.8000,5097.0000,5095.4000,5092.8000,5099.8000,5100.4000,5100.6000,5101.0000,5101.2000,1,2,1,1,4,1,2,1,2,1
SF,IC2012,2020-06-01 09:34:02.400,5098.2000,18820,2,612227720.000,2,2,0,双开,S,5098.0000,5097.8000,5097.0000,5095.4000,5092.8000,5100.4000,5100.6000,5101.0000,5101.2000,5102.0000,1,2,1,1,4,2,1,2,1,1
SF,IC2012,2020-06-01 09:34:02.900,5098.2000,18820,0,612227720.000,0,-,-,-,-,5098.4000,5098.0000,5097.8000,5097.0000,5095.4000,5100.6000,5101.0000,5101.2000,5102.0000,5102.6000,1,1,2,1,1,1,2,1,1,1
SF,IC2012,2020-06-01 09:34:03.400,5098.4000,18817,-3,616306440.000,4,0,4,多平,S,5098.8000,5098.2000,5097.0000,5095.4000,5092.8000,5100.2000,5100.6000,5101.0000,5101.2000,5102.0000,2,1,1,1,4,1,1,2,1,1
SF,IC2012,2020-06-01 09:34:03.900,5100.6000,18815,-2,618346600.000,2,0,2,双平,S,5099.0000,5098.8000,5098.2000,5097.0000,5092.8000,5101.0000,5101.2000,5102.0000,5102.6000,5103.2000,1,2,1,1,4,2,1,1,1,2
SF,IC2012,2020-06-01 09:34:04.400,5101.0000,18814,-1,619366800.000,1,0,1,双平,S,5099.0000,5098.8000,5098.2000,5097.0000,5092.8000,5101.0000,5101.2000,5102.0000,5102.6000,5103.2000,1,2,1,1,4,1,1,1,1,2
SF,IC2012,2020-06-01 09:34:04.900,5101.0000,18814,0,619366800.000,0,-,-,-,-,5099.0000,5098.8000,5098.2000,5097.0000,5092.8000,5101.0000,5101.2000,5102.0000,5102.6000,5103.2000,1,2,1,1,4,1,1,1,1,2
SF,IC2012,2020-06-01 09:34:05.400,5101.2000,18814,0,621407240.000,2,1,1,多换,S,5099.6000,5099.2000,5099.0000,5098.8000,5098.2000,5102.0000,5102.6000,5103.2000,5105.0000,5105.2000,1,3,1,2,1,1,1,2,4,3
SF,IC2012,2020-06-01 09:34:05.900,5101.2000,18814,0,621407240.000,0,-,-,-,-,5098.8000,5098.2000,5097.0000,5092.8000,5092.6000,5101.6000,5101.8000,5102.0000,5102.6000,5103.2000,2,1,1,4,4,1,1,2,1,2
SF,IC2012,2020-06-01 09:34:06.400,5101.2000,18814,0,621407240.000,0,-,-,-,-,5098.2000,5097.0000,5092.8000,5092.6000,5091.8000,5098.8000,5101.4000,5101.6000,5102.0000,5102.6000,1,1,4,4,1,1,1,1,2,1
SF,IC2012,2020-06-01 09:34:06.900,5098.8000,18813,-1,622427000.000,1,0,1,双平,S,5101.6000,5099.4000,5098.8000,5098.6000,5098.4000,5102.0000,5102.6000,5103.2000,5105.0000,5105.2000,1,2,2,2,4,1,1,2,4,3
SF,IC2012,2020-06-01 09:34:07.400,5101.6000,18813,0,623447320.000,1,0,1,多换,S,5099.4000,5098.8000,5098.6000,5098.4000,5098.2000,5099.6000,5102.0000,5102.6000,5103.2000,5105.0000,2,1,2,4,1,1,1,1,2,4
SF,IC2012,2020-06-01 09:34:07.900,5099.8000,18812,-1,624467280.000,1,0,1,双平,S,5099.4000,5098.6000,5098.4000,5098.2000,5097.6000,5102.0000,5102.6000,5103.2000,5105.0000,5105.2000,2,2,4,1,2,1,1,2,4,3
SF,IC2012,2020-06-01 09:34:08.400,5099.4000,18812,0,625487160.000,1,0,1,多换,S,5099.4000,5098.6000,5098.4000,5098.2000,5097.6000,5101.8000,5102.0000,5102.6000,5103.2000,5105.0000,1,2,4,1,2,1,1,1,2,4
SF,IC2012,2020-06-01 09:34:08.900,5099.4000,18812,0,625487160.000,0,-,-,-,-,5099.4000,5098.6000,5098.4000,5098.2000,5097.6000,5101.8000,5102.0000,5102.6000,5103.2000,5105.0000,1,2,4,1,2,1,1,1,2,4
SF,IC2012,2020-06-01 09:34:09.400,5099.4000,18812,0,625487160.000,0,-,-,-,-,5099.6000,5099.4000,5098.6000,5098.4000,5098.2000,5101.8000,5102.0000,5102.6000,5103.2000,5105.0000,3,1,2,4,1,1,1,1,2,4
SF,IC2012,2020-06-01 09:34:09.900,5099.4000,18812,0,625487160.000,0,-,-,-,-,5100.0000,5099.6000,5099.4000,5098.4000,5098.2000,5101.8000,5102.0000,5102.6000,5103.2000,5105.0000,2,2,1,4,1,1,1,1,2,4
SF,IC2012,2020-06-01 09:34:10.400,5099.4000,18812,0,625487160.000,0,-,-,-,-,5100.2000,5100.0000,5099.6000,5099.4000,5098.6000,5102.0000,5102.6000,5103.2000,5105.0000,5105.2000,2,2,2,1,1,1,1,2,4,3
SF,IC2012,2020-06-01 09:34:10.900,5100.2000,18810,-2,627527240.000,2,0,2,双平,S,5100.0000,5099.6000,5099.4000,5098.6000,5098.4000,5102.0000,5102.6000,5103.2000,5105.0000,5105.2000,2,2,1,1,4,1,1,2,4,3
SF,IC2012,2020-06-01 09:34:11.400,5100.2000,18810,0,627527240.000,0,-,-,-,-,5100.0000,5099.6000,5099.4000,5098.4000,5098.2000,5101.8000,5102.0000,5102.6000,5103.2000,5105.0000,2,2,1,4,1,1,1,1,2,4
SF,IC2012,2020-06-01 09:34:11.900,5100.2000,18810,0,627527240.000,0,-,-,-,-,5099.4000,5098.4000,5098.2000,5097.6000,5092.8000,5101.6000,5101.8000,5102.0000,5102.6000,5103.2000,1,4,1,2,4,1,1,1,1,2
SF,IC2012,2020-06-01 09:34:12.400,5100.2000,18810,0,627527240.000,0,-,-,-,-,5099.8000,5099.6000,5099.4000,5098.4000,5098.2000,5101.8000,5102.0000,5102.6000,5103.2000,5105.0000,2,2,1,4,1,1,1,1,2,4
SF,IC2012,2020-06-01 09:34:12.900,5100.2000,18810,0,627527240.000,0,-,-,-,-,5099.8000,5099.6000,5099.4000,5098.4000,5098.2000,5101.8000,5102.0000,5102.6000,5103.2000,5105.0000,2,2,1,4,1,1,1,1,2,4
SF,IC2012,2020-06-01 09:34:13.400,5100.2000,18810,0,627527240.000,0,-,-,-,-,5099.8000,5099.6000,5099.4000,5098.4000,5098.2000,5101.8000,5102.0000,5102.6000,5103.2000,5105.0000,2,1,1,4,1,1,1,1,2,4
SF,IC2012,2020-06-01 09:34:13.900,5100.2000,18810,0,627527240.000,0,-,-,-,-,5100.0000,5099.8000,5099.6000,5099.4000,5098.4000,5101.6000,5101.8000,5102.0000,5102.6000,5103.2000,1,2,1,1,4,1,1,1,1,2
SF,IC2012,2020-06-01 09:34:14.400,5100.0000,18809,-1,628547240.000,1,0,1,双平,S,5099.8000,5099.4000,5098.4000,5098.2000,5097.6000,5101.6000,5101.8000,5102.0000,5102.6000,5103.2000,2,1,4,1,2,1,1,1,1,2
SF,IC2012,2020-06-01 09:34:14.900,5100.0000,18809,0,628547240.000,0,-,-,-,-,5100.0000,5099.6000,5099.4000,5098.4000,5098.2000,5101.6000,5101.8000,5102.0000,5102.6000,5103.2000,1,1,1,4,1,1,1,1,1,2
SF,IC2012,2020-06-01 09:34:15.400,5100.0000,18809,0,628547240.000,0,-,-,-,-,5100.4000,5099.4000,5098.4000,5098.2000,5097.6000,5101.2000,5101.4000,5101.6000,5102.0000,5102.6000,2,1,4,1,2,1,1,1,1,1
SF,IC2012,2020-06-01 09:34:15.900,5100.4000,18809,0,630587400.000,2,1,1,多换,S,5099.4000,5098.4000,5098.2000,5097.6000,5092.8000,5101.0000,5102.0000,5102.6000,5103.2000,5105.0000,1,4,1,2,4,3,1,1,2,4
SF,IC2012,2020-06-01 09:34:16.400,5099.4000,18809,0,631607280.000,1,0,1,多换,S,5098.4000,5098.2000,5097.6000,5092.8000,5092.6000,5100.6000,5100.8000,5101.0000,5102.0000,5102.6000,4,1,2,4,4,2,1,1,1,1
SF,IC2012,2020-06-01 09:34:16.900,5099.4000,18809,0,631607280.000,0,-,-,-,-,5098.4000,5098.2000,5092.8000,5092.6000,5091.8000,5100.4000,5100.6000,5101.0000,5102.0000,5102.6000,4,1,4,4,1,1,2,1,1,1
