市场代码,合约代码,时间,最新,持仓,增仓,成交额,成交量,开仓,平仓,成交类型,方向,买一价,买二价,买三价,买四价,买五价,卖一价,卖二价,卖三价,卖四价,卖五价,买一量,买二量,买三量,买四量,买五量,卖一量,卖二量,卖三量,卖四量,卖五量
SF,IC2007,2020-05-19 09:29:00.400,5377.0000,1481,0,1075400.000,1.000,-,-,-,-,5368.0000,5361.0000,5360.0000,5358.0000,5353.4000,5378.6000,5378.8000,5386.6000,5388.6000,5388.8000,1,3,1,5,5,1,1,1,2,5
SF,IC2007,2020-05-19 09:30:00.400,5368.0000,1482,1,2149000.000,1,1,0,双开,S,5364.0000,5361.0000,5360.0000,5351.0000,5349.8000,5367.8000,5368.0000,5375.8000,5378.4000,5378.6000,1,3,1,1,1,1,1,1,4,2
SF,IC2007,2020-05-19 09:30:00.900,5364.0000,1482,0,3221800.000,1,0,1,多换,S,5361.0000,5360.0000,5351.0000,5349.8000,5346.0000,5367.6000,5367.8000,5368.0000,5370.8000,5375.8000,3,1,1,1,1,3,1,2,1,1
SF,IC2007,2020-05-19 09:30:01.400,5364.0000,1482,0,3221800.000,0,-,-,-,-,5361.2000,5361.0000,5360.0000,5351.0000,5349.8000,5363.8000,5367.6000,5367.8000,5368.0000,5370.8000,2,3,1,1,1,1,4,1,2,1
SF,IC2007,2020-05-19 09:30:01.900,5364.0000,1482,0,3221800.000,0,-,-,-,-,5364.0000,5361.2000,5361.0000,5360.0000,5353.4000,5367.6000,5368.0000,5370.8000,5378.2000,5378.6000,1,4,3,1,5,3,1,6,4,2
SF,IC2007,2020-05-19 09:30:02.400,5364.0000,1482,0,3221800.000,0,-,-,-,-,5364.2000,5364.0000,5361.2000,5361.0000,5360.0000,5367.6000,5368.0000,5376.6000,5377.8000,5378.2000,2,1,2,3,1,1,1,5,2,4
SF,IC2007,2020-05-19 09:30:02.900,5367.6000,1482,0,4295320.000,1,0,1,多换,S,5364.4000,5364.2000,5361.0000,5360.0000,5353.4000,5368.0000,5376.6000,5377.8000,5378.2000,5378.6000,1,3,3,1,5,1,5,2,4,2
SF,IC2007,2020-05-19 09:30:03.400,5367.6000,1482,0,4295320.000,0,-,-,-,-,5364.6000,5364.4000,5361.0000,5360.0000,5353.4000,5368.0000,5376.6000,5377.8000,5378.2000,5378.6000,2,1,3,1,5,1,5,2,4,2
SF,IC2007,2020-05-19 09:30:03.900,5367.6000,1482,0,4295320.000,0,-,-,-,-,5364.6000,5364.4000,5361.0000,5360.0000,5353.4000,5368.0000,5376.6000,5377.8000,5378.6000,5378.8000,1,1,3,1,5,1,5,2,2,1
SF,IC2007,2020-05-19 09:30:04.400,5367.6000,1482,0,4295320.000,0,-,-,-,-,5364.8000,5364.6000,5361.0000,5360.0000,5353.4000,5368.0000,5376.6000,5377.8000,5378.6000,5378.8000,3,1,3,1,5,1,5,2,2,1
SF,IC2007,2020-05-19 09:30:04.900,5367.6000,1482,0,4295320.000,0,-,-,-,-,5365.0000,5364.8000,5360.0000,5353.4000,5349.8000,5368.0000,5376.6000,5377.8000,5378.6000,5378.8000,1,3,1,5,1,1,5,2,1,1
SF,IC2007,2020-05-19 09:30:05.400,5368.0000,1481,-1,5368920.000,1,0,1,双平,S,5365.2000,5365.0000,5360.0000,5353.4000,5349.8000,5376.6000,5377.8000,5378.6000,5378.8000,5386.6000,1,2,1,5,1,5,2,1,1,1
SF,IC2007,2020-05-19 09:30:05.900,5368.0000,1481,0,5368920.000,0,-,-,-,-,5365.4000,5365.2000,5365.0000,5360.0000,5353.4000,5369.8000,5374.2000,5376.4000,5376.6000,5377.8000,2,1,1,1,5,1,1,4,6,2
SF,IC2007,2020-05-19 09:30:06.400,5368.0000,1481,0,5368920.000,0,-,-,-,-,5365.6000,5365.4000,5365.0000,5360.0000,5353.4000,5369.6000,5369.8000,5374.2000,5376.4000,5376.6000,1,2,1,1,5,1,1,1,4,6
SF,IC2007,2020-05-19 09:30:06.900,5368.0000,1481,0,5368920.000,0,-,-,-,-,5365.8000,5365.6000,5365.0000,5360.0000,5353.4000,5369.6000,5369.8000,5374.2000,5375.2000,5376.4000,2,1,1,1,5,1,1,1,1,4
SF,IC2007,2020-05-19 09:30:07.400,5368.0000,1481,0,5368920.000,0,-,-,-,-,5366.0000,5365.8000,5365.0000,5360.0000,5353.4000,5369.8000,5374.2000,5375.2000,5376.4000,5376.6000,1,1,2,1,5,1,1,1,4,6
SF,IC2007,2020-05-19 09:30:07.900,5368.0000,1481,0,5368920.000,0,-,-,-,-,5366.2000,5366.0000,5365.0000,5360.0000,5353.4000,5374.2000,5375.2000,5376.4000,5376.6000,5377.8000,1,2,2,1,5,1,1,4,6,2
SF,IC2007,2020-05-19 09:30:08.400,5368.0000,1481,0,5368920.000,0,-,-,-,-,5366.4000,5366.2000,5366.0000,5365.0000,5360.0000,5370.6000,5374.0000,5374.2000,5375.2000,5376.4000,1,1,1,2,1,1,4,1,1,1
SF,IC2007,2020-05-19 09:30:08.900,5368.0000,1481,0,5368920.000,0,-,-,-,-,5366.6000,5366.4000,5365.0000,5360.0000,5353.4000,5370.6000,5374.0000,5374.2000,5375.2000,5376.6000,1,2,2,1,5,1,3,1,1,6
SF,IC2007,2020-05-19 09:30:09.400,5370.6000,1480,-1,6443040.000,1,0,1,双平,S,5366.8000,5366.6000,5365.0000,5360.0000,5353.4000,5374.0000,5375.2000,5376.6000,5377.8000,5378.6000,1,1,2,1,5,3,1,6,2,1
SF,IC2007,2020-05-19 09:30:09.900,5370.6000,1480,0,6443040.000,0,-,-,-,-,5367.0000,5366.8000,5365.0000,5360.0000,5353.4000,5374.0000,5375.2000,5376.6000,5377.8000,5378.6000,2,1,2,1,5,3,1,6,2,1
SF,IC2007,2020-05-19 09:30:10.400,5370.6000,1480,0,6443040.000,0,-,-,-,-,5367.2000,5367.0000,5365.0000,5360.0000,5353.4000,5374.0000,5376.6000,5377.8000,5378.6000,5386.6000,1,2,2,1,5,3,6,2,1,1
SF,IC2007,2020-05-19 09:30:10.900,5370.6000,1480,0,6443040.000,0,-,-,-,-,5368.0000,5367.4000,5367.2000,5365.0000,5360.0000,5374.0000,5376.6000,5377.8000,5378.6000,5386.6000,1,2,2,2,1,3,6,2,1,1
SF,IC2007,2020-05-19 09:30:11.400,5370.6000,1480,0,6443040.000,0,-,-,-,-,5368.2000,5368.0000,5367.2000,5365.0000,5360.0000,5374.0000,5376.6000,5377.8000,5378.6000,5386.6000,3,1,1,2,1,3,6,2,1,1
SF,IC2007,2020-05-19 09:30:11.900,5370.6000,1480,0,6443040.000,0,-,-,-,-,5368.2000,5368.0000,5367.2000,5365.0000,5360.0000,5374.0000,5376.6000,5377.8000,5378.6000,5386.6000,2,1,1,2,1,3,6,2,1,1
SF,IC2007,2020-05-19 09:30:12.400,5370.6000,1480,0,6443040.000,0,-,-,-,-,5368.2000,5368.0000,5367.2000,5365.0000,5360.0000,5374.0000,5376.6000,5377.8000,5378.6000,5386.6000,2,1,1,2,1,3,6,2,1,1
SF,IC2007,2020-05-19 09:30:12.900,5368.2000,1480,0,7516680.000,1,0,1,多换,S,5368.0000,5367.2000,5365.0000,5360.0000,5353.4000,5373.8000,5374.0000,5376.6000,5377.8000,5386.6000,1,1,2,1,5,1,3,6,2,1
SF,IC2007,2020-05-19 09:30:13.400,5368.2000,1480,0,7516680.000,0,-,-,-,-,5368.2000,5368.0000,5367.2000,5365.0000,5360.0000,5373.6000,5373.8000,5376.6000,5377.8000,5386.6000,2,1,1,2,1,3,1,6,2,1
SF,IC2007,2020-05-19 09:30:13.900,5368.2000,1480,0,7516680.000,0,-,-,-,-,5368.2000,5368.0000,5367.2000,5365.0000,5360.0000,5373.4000,5373.6000,5376.6000,5377.8000,5386.6000,1,1,1,2,1,1,3,6,2,1
SF,IC2007,2020-05-19 09:30:14.400,5373.2000,1480,0,9665960.000,2,1,1,多换,S,5368.4000,5368.0000,5367.2000,5365.0000,5360.0000,5373.2000,5373.4000,5376.6000,5377.8000,5386.6000,2,1,1,2,1,1,1,6,2,1
SF,IC2007,2020-05-19 09:30:14.900,5373.2000,1480,0,9665960.000,0,-,-,-,-,5368.4000,5368.0000,5367.2000,5365.0000,5360.0000,5373.0000,5373.2000,5376.6000,5377.8000,5386.6000,2,1,1,2,1,1,1,6,2,1
SF,IC2007,2020-05-19 09:30:15.400,5373.2000,1480,0,9665960.000,0,-,-,-,-,5370.4000,5368.4000,5368.0000,5367.2000,5365.0000,5373.0000,5373.2000,5376.6000,5377.8000,5386.6000,1,2,1,1,2,1,1,6,2,1
SF,IC2007,2020-05-19 09:30:15.900,5373.2000,1480,0,9665960.000,0,-,-,-,-,5370.4000,5368.4000,5368.0000,5367.2000,5365.0000,5376.6000,5377.8000,5386.6000,5388.8000,5389.0000,1,2,1,1,2,6,2,1,5,1
SF,IC2007,2020-05-19 09:30:16.400,5373.2000,1480,0,9665960.000,0,-,-,-,-,5368.4000,5368.0000,5367.2000,5365.0000,5360.0000,5376.4000,5376.6000,5377.8000,5386.6000,5388.8000,2,1,1,2,1,2,6,2,1,5
SF,IC2007,2020-05-19 09:30:16.900,5373.2000,1480,0,9665960.000,0,-,-,-,-,5373.0000,5370.0000,5368.4000,5368.0000,5367.2000,5373.8000,5376.4000,5376.6000,5377.8000,5386.6000,1,1,2,1,1,1,3,6,2,1
SF,IC2007,2020-05-19 09:30:17.400,5373.0000,1480,0,10740560.000,1,0,1,多换,S,5370.0000,5368.4000,5368.0000,5367.2000,5365.0000,5372.8000,5373.0000,5373.6000,5373.8000,5376.6000,1,2,1,1,2,2,2,1,1,6
SF,IC2007,2020-05-19 09:30:17.900,5373.0000,1480,0,10740560.000,0,-,-,-,-,5370.0000,5368.4000,5368.0000,5367.2000,5365.0000,5372.8000,5373.0000,5373.6000,5373.8000,5376.6000,1,2,1,1,2,2,1,1,1,6
SF,IC2007,2020-05-19 09:30:18.400,5373.0000,1480,0,10740560.000,0,-,-,-,-,5370.0000,5368.4000,5368.0000,5367.2000,5365.0000,5372.6000,5372.8000,5373.8000,5376.6000,5377.8000,1,2,1,1,2,2,2,1,6,2
SF,IC2007,2020-05-19 09:30:19.400,5373.0000,1480,0,10740560.000,0,-,-,-,-,5368.4000,5367.2000,5365.0000,5360.0000,5353.4000,5372.6000,5372.8000,5373.8000,5376.6000,5377.8000,2,1,2,1,5,1,2,1,6,2
SF,IC2007,2020-05-19 09:30:19.900,5373.0000,1480,0,10740560.000,0,-,-,-,-,5367.2000,5365.0000,5360.0000,5353.4000,5349.8000,5372.2000,5372.6000,5372.8000,5373.8000,5374.6000,1,2,1,5,1,1,1,2,1,1
SF,IC2007,2020-05-19 09:30:20.400,5373.0000,1480,0,10740560.000,0,-,-,-,-,5369.2000,5367.4000,5365.0000,5360.0000,5353.4000,5372.0000,5372.2000,5372.8000,5373.8000,5374.6000,1,2,2,1,5,2,1,2,1,1
SF,IC2007,2020-05-19 09:30:20.900,5373.0000,1480,0,10740560.000,0,-,-,-,-,5369.2000,5367.4000,5365.0000,5360.0000,5353.4000,5371.8000,5372.0000,5372.8000,5373.8000,5374.6000,1,2,2,1,5,1,1,2,1,1
SF,IC2007,2020-05-19 09:30:21.400,5373.0000,1480,0,10740560.000,0,-,-,-,-,5369.2000,5367.4000,5365.0000,5360.0000,5353.4000,5371.6000,5371.8000,5372.8000,5373.8000,5374.6000,1,2,2,1,5,1,2,2,1,1
SF,IC2007,2020-05-19 09:30:21.900,5373.0000,1480,0,10740560.000,0,-,-,-,-,5369.2000,5367.4000,5365.0000,5360.0000,5353.4000,5371.6000,5371.8000,5372.8000,5373.8000,5374.6000,1,2,2,1,5,1,1,2,1,1
SF,IC2007,2020-05-19 09:30:22.400,5373.0000,1480,0,11815160.000,1,0,1,多换,S,5369.2000,5367.4000,5365.0000,5360.0000,5353.4000,5371.4000,5371.6000,5372.8000,5373.8000,5374.6000,1,2,2,1,5,1,1,2,1,1
SF,IC2007,2020-05-19 09:30:23.400,5373.0000,1480,0,11815160.000,0,-,-,-,-,5369.2000,5367.4000,5365.0000,5360.0000,5353.4000,5371.2000,5371.6000,5372.8000,5373.8000,5374.6000,1,2,2,1,5,1,1,2,1,1
SF,IC2007,2020-05-19 09:30:23.900,5373.0000,1480,0,11815160.000,0,-,-,-,-,5369.2000,5367.4000,5365.0000,5360.0000,5353.4000,5371.0000,5371.6000,5372.8000,5373.8000,5374.6000,1,2,2,1,5,1,1,2,1,1
SF,IC2007,2020-05-19 09:30:24.900,5373.0000,1480,0,11815160.000,0,-,-,-,-,5369.2000,5367.4000,5365.0000,5360.0000,5353.4000,5371.6000,5372.8000,5373.8000,5374.6000,5376.6000,1,2,2,1,5,1,2,1,1,6
SF,IC2007,2020-05-19 09:30:25.400,5369.2000,1479,-1,12889000.000,1,0,1,双平,S,5367.4000,5365.0000,5360.0000,5353.4000,5349.8000,5370.6000,5371.2000,5371.6000,5372.8000,5373.8000,2,2,1,5,1,1,1,1,2,1
SF,IC2007,2020-05-19 09:30:25.900,5369.2000,1479,0,12889000.000,0,-,-,-,-,5369.4000,5365.0000,5360.0000,5353.4000,5349.8000,5370.6000,5371.2000,5371.6000,5372.8000,5373.8000,1,2,1,5,1,1,1,1,2,1
SF,IC2007,2020-05-19 09:30:26.400,5369.4000,1478,-1,13962880.000,1,0,1,双平,S,5365.0000,5360.0000,5353.4000,5349.8000,5340.0000,5370.2000,5371.2000,5371.6000,5372.8000,5373.8000,2,1,5,1,3,1,1,1,2,1
SF,IC2007,2020-05-19 09:30:26.900,5369.4000,1478,0,13962880.000,0,-,-,-,-,5365.2000,5365.0000,5360.0000,5353.4000,5349.8000,5370.0000,5370.2000,5371.2000,5371.6000,5372.8000,3,2,1,5,1,1,1,1,1,2
SF,IC2007,2020-05-19 09:30:27.400,5369.4000,1478,0,13962880.000,0,-,-,-,-,5365.2000,5365.0000,5360.0000,5353.4000,5349.8000,5370.0000,5371.2000,5371.6000,5372.8000,5373.6000,3,2,1,5,1,1,1,1,2,1
SF,IC2007,2020-05-19 09:30:27.900,5369.4000,1478,0,13962880.000,0,-,-,-,-,5365.2000,5365.0000,5360.0000,5353.4000,5349.8000,5369.8000,5370.0000,5371.2000,5372.8000,5373.6000,3,1,1,5,1,2,1,1,2,1
SF,IC2007,2020-05-19 09:30:28.400,5369.4000,1478,0,13962880.000,0,-,-,-,-,5365.2000,5365.0000,5360.0000,5353.4000,5349.8000,5369.6000,5369.8000,5371.2000,5372.8000,5373.6000,3,1,1,5,1,1,1,1,2,1
SF,IC2007,2020-05-19 09:30:28.900,5369.4000,1478,0,13962880.000,0,-,-,-,-,5365.2000,5365.0000,5360.0000,5353.4000,5349.8000,5369.6000,5371.2000,5372.8000,5373.6000,5373.8000,3,1,1,5,1,1,1,2,1,1
SF,IC2007,2020-05-19 09:30:29.400,5369.4000,1478,0,13962880.000,0,-,-,-,-,5365.2000,5365.0000,5360.0000,5353.4000,5349.8000,5369.4000,5369.6000,5371.2000,5372.8000,5373.6000,3,1,1,5,1,1,1,1,2,1
SF,IC2007,2020-05-19 09:30:29.900,5369.4000,1478,0,13962880.000,0,-,-,-,-,5365.2000,5365.0000,5360.0000,5353.4000,5349.8000,5369.4000,5369.6000,5371.2000,5372.8000,5373.6000,2,1,1,5,1,2,1,1,2,1
SF,IC2007,2020-05-19 09:30:30.400,5369.4000,1478,0,13962880.000,0,-,-,-,-,5365.2000,5365.0000,5360.0000,5353.4000,5349.8000,5369.0000,5369.4000,5369.6000,5371.2000,5372.8000,2,1,1,5,1,1,1,1,1,2
SF,IC2007,2020-05-19 09:30:30.900,5369.4000,1478,0,13962880.000,0,-,-,-,-,5365.2000,5365.0000,5360.0000,5353.4000,5349.8000,5368.8000,5369.0000,5369.6000,5371.2000,5372.8000,1,1,1,5,1,1,1,1,1,2
SF,IC2007,2020-05-19 09:30:31.400,5369.4000,1478,0,13962880.000,0,-,-,-,-,5365.2000,5365.0000,5360.0000,5353.4000,5349.8000,5368.0000,5368.8000,5369.6000,5371.2000,5372.8000,1,1,1,5,1,1,1,1,1,2
SF,IC2007,2020-05-19 09:30:31.900,5369.4000,1478,0,13962880.000,0,-,-,-,-,5365.4000,5365.2000,5365.0000,5360.0000,5353.4000,5368.0000,5368.6000,5369.6000,5371.2000,5372.8000,1,1,1,1,5,1,1,1,1,2
SF,IC2007,2020-05-19 09:30:32.400,5369.4000,1478,0,13962880.000,0,-,-,-,-,5365.0000,5360.0000,5353.4000,5349.8000,5340.0000,5368.0000,5368.6000,5369.6000,5371.2000,5372.8000,1,1,5,1,3,1,1,1,1,2
SF,IC2007,2020-05-19 09:30:32.900,5369.4000,1478,0,13962880.000,0,-,-,-,-,5365.0000,5360.0000,5353.4000,5349.8000,5340.0000,5368.0000,5368.2000,5369.6000,5371.2000,5372.8000,1,1,5,1,3,1,1,1,1,2
SF,IC2007,2020-05-19 09:30:33.400,5369.4000,1478,0,13962880.000,0,-,-,-,-,5365.0000,5360.0000,5353.4000,5349.8000,5340.0000,5367.8000,5368.0000,5368.2000,5369.6000,5371.2000,1,1,5,1,3,1,1,1,1,1
SF,IC2007,2020-05-19 09:30:33.900,5369.4000,1478,0,13962880.000,0,-,-,-,-,5365.0000,5360.0000,5353.4000,5349.8000,5340.0000,5368.0000,5368.2000,5369.6000,5371.2000,5372.8000,1,1,5,1,3,1,1,1,1,2
SF,IC2007,2020-05-19 09:30:34.400,5369.4000,1478,0,13962880.000,0,-,-,-,-,5365.0000,5360.0000,5353.4000,5349.8000,5340.0000,5367.8000,5368.0000,5369.6000,5371.2000,5372.8000,1,1,5,1,3,2,1,1,1,2
SF,IC2007,2020-05-19 09:30:34.900,5369.4000,1478,0,13962880.000,0,-,-,-,-,5365.0000,5360.0000,5353.4000,5349.8000,5340.0000,5367.8000,5368.0000,5369.6000,5371.2000,5372.8000,1,1,5,1,3,2,1,1,1,2
SF,IC2007,2020-05-19 09:30:35.400,5369.4000,1478,0,13962880.000,0,-,-,-,-,5365.0000,5360.0000,5353.4000,5349.8000,5340.0000,5367.8000,5368.0000,5369.6000,5371.2000,5372.8000,1,1,5,1,3,2,1,1,1,2
SF,IC2007,2020-05-19 09:30:35.900,5369.4000,1478,0,13962880.000,0,-,-,-,-,5365.0000,5360.0000,5353.4000,5349.8000,5340.0000,5367.4000,5367.8000,5368.0000,5369.6000,5371.2000,1,1,5,1,3,1,1,1,1,1
SF,IC2007,2020-05-19 09:30:36.400,5369.4000,1478,0,13962880.000,0,-,-,-,-,5365.0000,5360.0000,5353.4000,5349.8000,5340.0000,5367.2000,5367.4000,5368.0000,5369.6000,5371.2000,1,1,5,1,3,1,1,1,1,1
SF,IC2007,2020-05-19 09:30:36.900,5365.0000,1478,0,15035880.000,1,0,1,多换,S,5360.0000,5353.4000,5349.8000,5340.0000,5332.0000,5366.8000,5367.2000,5368.0000,5369.6000,5371.2000,1,5,1,3,1,1,1,1,1,1
SF,IC2007,2020-05-19 09:30:37.400,5360.2000,1478,0,16107920.000,1,0,1,多换,S,5360.2000,5360.0000,5353.4000,5349.8000,5340.0000,5366.6000,5367.0000,5368.0000,5372.8000,5373.6000,2,1,5,1,3,2,1,1,2,1
SF,IC2007,2020-05-19 09:30:37.900,5360.2000,1478,0,16107920.000,0,-,-,-,-,5360.2000,5353.4000,5349.8000,5340.0000,5332.0000,5366.6000,5367.0000,5368.0000,5372.8000,5373.6000,3,5,1,3,1,2,1,1,2,1
SF,IC2007,2020-05-19 09:30:38.400,5360.2000,1478,0,16107920.000,0,-,-,-,-,5360.2000,5353.4000,5349.8000,5340.0000,5332.0000,5366.6000,5367.0000,5368.0000,5372.8000,5373.6000,3,5,1,3,1,2,1,1,2,1
SF,IC2007,2020-05-19 09:30:39.900,5360.2000,1478,0,16107920.000,0,-,-,-,-,5360.2000,5353.4000,5349.8000,5340.0000,5332.0000,5366.6000,5367.0000,5368.0000,5372.8000,5373.6000,2,5,1,3,1,2,1,1,2,1
SF,IC2007,2020-05-19 09:30:40.400,5360.2000,1478,0,16107920.000,0,-,-,-,-,5360.2000,5353.4000,5349.8000,5340.0000,5332.0000,5366.2000,5366.6000,5367.0000,5368.0000,5372.8000,2,5,1,3,1,1,2,1,1,2
SF,IC2007,2020-05-19 09:30:40.900,5360.2000,1478,0,16107920.000,0,-,-,-,-,5360.2000,5353.4000,5349.8000,5340.0000,5332.0000,5366.0000,5366.2000,5367.0000,5368.0000,5372.8000,2,5,1,3,1,2,1,1,1,2
SF,IC2007,2020-05-19 09:30:41.400,5360.2000,1478,0,16107920.000,0,-,-,-,-,5360.2000,5353.4000,5349.8000,5340.0000,5332.0000,5366.0000,5366.2000,5366.6000,5367.0000,5368.0000,2,5,1,3,1,2,1,1,1,1
SF,IC2007,2020-05-19 09:30:41.900,5360.2000,1478,0,16107920.000,0,-,-,-,-,5360.2000,5353.4000,5349.8000,5340.0000,5332.0000,5366.0000,5366.2000,5366.6000,5367.0000,5372.8000,2,5,1,3,1,2,1,1,1,2
SF,IC2007,2020-05-19 09:30:42.400,5360.2000,1478,0,16107920.000,0,-,-,-,-,5360.2000,5353.4000,5349.8000,5340.0000,5332.0000,5366.0000,5366.2000,5366.6000,5367.0000,5372.8000,2,5,1,3,1,2,1,1,1,2
SF,IC2007,2020-05-19 09:30:42.900,5360.2000,1478,0,16107920.000,0,-,-,-,-,5360.2000,5353.4000,5349.8000,5340.0000,5332.0000,5365.2000,5366.0000,5366.2000,5366.6000,5367.0000,2,5,1,3,1,1,2,1,1,1
SF,IC2007,2020-05-19 09:30:43.400,5360.2000,1478,0,16107920.000,0,-,-,-,-,5360.2000,5353.4000,5349.8000,5340.0000,5332.0000,5365.0000,5365.2000,5366.2000,5366.6000,5367.0000,2,5,1,3,1,2,1,1,1,1
SF,IC2007,2020-05-19 09:30:43.900,5360.2000,1478,0,16107920.000,0,-,-,-,-,5360.2000,5353.4000,5349.8000,5340.0000,5332.0000,5365.0000,5365.2000,5366.2000,5366.6000,5367.0000,2,5,1,3,1,2,1,1,1,1
SF,IC2007,2020-05-19 09:30:44.400,5360.2000,1478,0,16107920.000,0,-,-,-,-,5353.4000,5349.8000,5340.0000,5332.0000,5315.2000,5365.0000,5365.2000,5366.2000,5366.6000,5367.0000,5,1,3,1,1,2,1,1,1,1
SF,IC2007,2020-05-19 09:30:44.900,5360.2000,1478,0,16107920.000,0,-,-,-,-,5356.6000,5353.8000,5353.6000,5353.4000,5349.8000,5364.6000,5365.0000,5366.2000,5366.6000,5367.0000,1,1,3,7,1,1,2,1,1,1
SF,IC2007,2020-05-19 09:30:45.400,5360.2000,1478,0,16107920.000,0,-,-,-,-,5356.8000,5356.6000,5353.8000,5353.6000,5353.4000,5364.4000,5364.6000,5366.2000,5366.6000,5367.0000,3,1,1,1,7,2,1,1,1,1
SF,IC2007,2020-05-19 09:30:45.900,5360.2000,1478,0,16107920.000,0,-,-,-,-,5356.8000,5356.6000,5353.8000,5353.6000,5353.4000,5364.4000,5364.6000,5366.2000,5366.6000,5367.0000,4,1,1,1,6,2,1,1,1,1
SF,IC2007,2020-05-19 09:30:47.400,5360.2000,1478,0,16107920.000,0,-,-,-,-,5356.8000,5356.6000,5353.8000,5353.6000,5353.4000,5364.4000,5366.2000,5366.6000,5367.0000,5372.8000,4,1,1,1,6,2,1,1,1,2
SF,IC2007,2020-05-19 09:30:47.900,5360.2000,1478,0,16107920.000,0,-,-,-,-,5356.8000,5356.6000,5353.8000,5353.6000,5353.4000,5364.4000,5366.2000,5366.6000,5367.0000,5372.8000,4,1,1,1,6,2,1,1,1,2
SF,IC2007,2020-05-19 09:30:48.400,5360.2000,1478,0,16107920.000,0,-,-,-,-,5356.8000,5356.6000,5353.8000,5353.6000,5353.4000,5360.0000,5364.4000,5366.2000,5366.6000,5367.0000,4,1,1,1,6,1,2,1,1,1
SF,IC2007,2020-05-19 09:30:48.900,5360.0000,1477,-1,17179920.000,1,0,1,双平,S,5360.0000,5357.2000,5357.0000,5356.8000,5356.6000,5364.4000,5366.2000,5366.6000,5367.0000,5372.8000,1,1,1,4,1,2,1,1,1,2
SF,IC2007,2020-05-19 09:30:49.400,5360.0000,1477,0,17179920.000,0,-,-,-,-,5360.2000,5357.0000,5356.8000,5353.8000,5353.6000,5364.4000,5366.2000,5366.6000,5367.0000,5372.8000,2,1,2,1,1,2,1,1,1,2
SF,IC2007,2020-05-19 09:30:49.900,5360.0000,1477,0,17179920.000,0,-,-,-,-,5360.2000,5357.0000,5356.8000,5353.8000,5353.6000,5364.4000,5366.2000,5366.6000,5367.0000,5372.8000,2,1,2,1,1,2,1,1,1,2
SF,IC2007,2020-05-19 09:30:50.400,5360.0000,1477,0,17179920.000,0,-,-,-,-,5360.2000,5357.0000,5356.8000,5353.8000,5353.6000,5363.8000,5364.4000,5366.2000,5366.6000,5367.0000,2,1,2,1,1,1,2,1,1,1
SF,IC2007,2020-05-19 09:30:50.900,5360.0000,1477,0,17179920.000,0,-,-,-,-,5357.0000,5356.8000,5353.8000,5353.6000,5353.4000,5363.6000,5363.8000,5364.4000,5366.2000,5366.6000,1,2,1,1,6,1,1,1,1,1
SF,IC2007,2020-05-19 09:30:51.400,5360.0000,1477,0,17179920.000,0,-,-,-,-,5357.4000,5357.2000,5357.0000,5356.8000,5353.8000,5363.4000,5363.6000,5363.8000,5366.2000,5366.6000,1,3,1,1,1,1,1,1,1,1
SF,IC2007,2020-05-19 09:30:51.900,5360.0000,1477,0,17179920.000,0,-,-,-,-,5357.6000,5357.4000,5357.0000,5356.8000,5353.8000,5363.2000,5363.4000,5363.8000,5366.2000,5366.6000,4,1,1,1,1,1,1,1,1,1
SF,IC2007,2020-05-19 09:30:52.400,5360.0000,1477,0,17179920.000,0,-,-,-,-,5357.6000,5356.8000,5353.6000,5353.4000,5349.8000,5363.0000,5363.2000,5363.8000,5366.2000,5366.6000,4,1,1,6,1,1,1,1,1,1
SF,IC2007,2020-05-19 09:30:52.900,5360.0000,1477,0,17179920.000,0,-,-,-,-,5357.6000,5356.8000,5353.6000,5353.4000,5349.8000,5362.8000,5363.0000,5363.8000,5366.2000,5366.6000,3,1,1,6,1,1,1,1,1,1
SF,IC2007,2020-05-19 09:30:53.400,5360.0000,1477,0,17179920.000,0,-,-,-,-,5357.6000,5356.8000,5353.6000,5353.4000,5349.8000,5362.6000,5363.8000,5366.2000,5366.6000,5367.0000,3,1,1,6,1,1,1,1,1,1
SF,IC2007,2020-05-19 09:30:53.900,5360.0000,1477,0,17179920.000,0,-,-,-,-,5357.8000,5357.6000,5356.8000,5353.6000,5353.4000,5362.6000,5363.8000,5366.2000,5366.6000,5367.0000,1,3,1,1,6,1,1,1,1,1
SF,IC2007,2020-05-19 09:30:54.400,5360.0000,1477,0,17179920.000,0,-,-,-,-,5358.0000,5357.8000,5357.6000,5356.8000,5353.6000,5362.6000,5363.8000,5366.2000,5366.6000,5367.0000,2,1,1,1,1,1,1,1,1,1
SF,IC2007,2020-05-19 09:30:54.900,5360.0000,1477,0,17179920.000,0,-,-,-,-,5358.2000,5358.0000,5357.6000,5356.8000,5353.6000,5362.6000,5363.8000,5366.2000,5366.6000,5367.0000,1,2,1,1,1,1,1,1,1,1
SF,IC2007,2020-05-19 09:30:55.400,5360.0000,1477,0,17179920.000,0,-,-,-,-,5358.4000,5358.2000,5357.6000,5356.8000,5353.6000,5362.6000,5366.2000,5366.6000,5367.0000,5372.8000,2,1,1,1,1,1,1,1,1,2
SF,IC2007,2020-05-19 09:30:55.900,5360.0000,1477,0,17179920.000,0,-,-,-,-,5358.6000,5358.4000,5357.6000,5356.8000,5353.6000,5362.6000,5366.2000,5366.6000,5367.0000,5372.8000,1,2,1,1,1,1,1,1,1,2
SF,IC2007,2020-05-19 09:30:56.400,5360.0000,1477,0,17179920.000,0,-,-,-,-,5359.2000,5358.8000,5358.6000,5357.6000,5356.8000,5362.6000,5366.2000,5366.6000,5367.0000,5372.8000,1,2,1,1,1,1,1,1,1,2
SF,IC2007,2020-05-19 09:30:56.900,5360.0000,1477,0,17179920.000,0,-,-,-,-,5359.4000,5357.6000,5356.8000,5353.6000,5353.4000,5366.2000,5366.6000,5367.0000,5372.8000,5373.8000,3,1,1,1,5,1,1,1,2,1
SF,IC2007,2020-05-19 09:30:57.400,5360.0000,1477,0,17179920.000,0,-,-,-,-,5360.0000,5359.4000,5359.2000,5357.6000,5356.8000,5366.0000,5366.6000,5367.0000,5372.8000,5373.8000,1,4,1,1,1,2,1,1,2,1
SF,IC2007,2020-05-19 09:30:57.900,5360.0000,1477,0,17179920.000,0,-,-,-,-,5360.2000,5360.0000,5359.6000,5359.2000,5357.6000,5366.0000,5366.6000,5367.0000,5372.8000,5373.8000,3,1,1,1,1,2,1,1,2,1
SF,IC2007,2020-05-19 09:30:58.400,5360.0000,1477,0,17179920.000,0,-,-,-,-,5360.2000,5360.0000,5359.6000,5359.2000,5357.6000,5366.0000,5366.6000,5367.0000,5372.8000,5373.8000,3,1,1,1,1,1,1,1,2,1
SF,IC2007,2020-05-19 09:30:58.900,5360.0000,1477,0,17179920.000,0,-,-,-,-,5360.8000,5360.2000,5359.6000,5359.2000,5357.6000,5366.0000,5366.6000,5367.0000,5372.8000,5373.8000,1,3,1,1,1,1,1,1,2,1
SF,IC2007,2020-05-19 09:30:59.400,5360.0000,1477,0,17179920.000,0,-,-,-,-,5361.0000,5360.8000,5359.6000,5359.2000,5357.6000,5366.0000,5366.6000,5367.0000,5372.8000,5373.8000,3,1,1,1,1,1,1,1,2,1
SF,IC2007,2020-05-19 09:31:00.400,5360.0000,1477,0,17179920.000,0,-,-,-,-,5361.0000,5360.8000,5359.6000,5359.2000,5357.6000,5366.0000,5366.6000,5367.0000,5372.8000,5373.8000,2,1,1,1,1,1,1,1,2,1
SF,IC2007,2020-05-19 09:31:00.900,5366.0000,1477,0,18253120.000,1,0,1,多换,S,5361.2000,5361.0000,5360.8000,5359.6000,5359.2000,5366.6000,5367.0000,5372.8000,5373.8000,5374.6000,3,2,1,1,1,1,1,2,1,1
SF,IC2007,2020-05-19 09:31:01.400,5366.0000,1477,0,18253120.000,0,-,-,-,-,5361.4000,5361.2000,5360.8000,5359.6000,5359.2000,5366.6000,5367.0000,5372.8000,5373.8000,5374.6000,2,3,1,1,1,1,1,2,1,1
SF,IC2007,2020-05-19 09:31:01.900,5366.0000,1477,0,18253120.000,0,-,-,-,-,5362.0000,5361.6000,5361.4000,5359.6000,5359.2000,5366.6000,5367.0000,5372.8000,5373.8000,5374.6000,1,3,2,1,1,1,1,2,1,1
SF,IC2007,2020-05-19 09:31:02.400,5366.0000,1477,0,18253120.000,0,-,-,-,-,5362.2000,5362.0000,5359.6000,5359.2000,5357.6000,5366.6000,5367.0000,5372.8000,5373.8000,5374.6000,5,1,1,1,1,1,1,2,1,1
SF,IC2007,2020-05-19 09:31:02.900,5366.0000,1477,0,18253120.000,0,-,-,-,-,5362.2000,5362.0000,5359.6000,5359.2000,5357.6000,5366.6000,5367.0000,5372.8000,5373.8000,5374.6000,5,1,1,1,1,1,1,2,1,1
SF,IC2007,2020-05-19 09:31:03.400,5366.0000,1477,0,18253120.000,0,-,-,-,-,5362.4000,5362.2000,5362.0000,5359.6000,5359.2000,5366.6000,5367.0000,5372.8000,5373.8000,5374.6000,1,5,1,1,1,1,1,2,1,1
SF,IC2007,2020-05-19 09:31:03.900,5366.0000,1477,0,18253120.000,0,-,-,-,-,5362.6000,5362.4000,5362.2000,5362.0000,5359.6000,5366.6000,5367.0000,5372.8000,5373.8000,5374.6000,4,1,1,1,1,1,1,2,1,1
SF,IC2007,2020-05-19 09:31:04.400,5366.0000,1477,0,18253120.000,0,-,-,-,-,5362.6000,5362.4000,5362.2000,5362.0000,5359.6000,5366.6000,5367.0000,5372.8000,5373.8000,5374.6000,4,1,1,1,1,1,1,2,1,1
SF,IC2007,2020-05-19 09:31:04.900,5366.0000,1477,0,18253120.000,0,-,-,-,-,5362.8000,5362.6000,5362.4000,5362.2000,5362.0000,5366.6000,5367.0000,5372.8000,5373.8000,5374.6000,1,4,1,1,1,1,1,2,1,1
SF,IC2007,2020-05-19 09:31:05.400,5366.0000,1477,0,18253120.000,0,-,-,-,-,5363.2000,5363.0000,5362.8000,5362.4000,5362.2000,5366.6000,5367.0000,5372.8000,5373.8000,5374.6000,1,4,1,1,1,1,1,2,1,1
SF,IC2007,2020-05-19 09:31:05.900,5366.0000,1477,0,18253120.000,0,-,-,-,-,5363.4000,5363.2000,5362.4000,5362.2000,5362.0000,5366.6000,5367.0000,5372.8000,5373.8000,5374.6000,4,1,1,1,1,1,1,2,1,1
SF,IC2007,2020-05-19 09:31:06.400,5366.0000,1477,0,18253120.000,0,-,-,-,-,5363.4000,5362.4000,5362.2000,5362.0000,5359.6000,5365.2000,5366.6000,5367.0000,5372.8000,5373.8000,4,1,1,1,1,2,1,1,2,1
SF,IC2007,2020-05-19 09:31:06.900,5367.0000,1473,-4,22545920.000,4,0,4,双平,S,5365.2000,5365.0000,5363.4000,5362.4000,5362.0000,5372.8000,5373.8000,5374.6000,5376.6000,5376.8000,2,1,3,1,1,2,1,1,5,1
SF,IC2007,2020-05-19 09:31:07.400,5367.0000,1473,0,22545920.000,0,-,-,-,-,5365.4000,5365.2000,5365.0000,5363.6000,5362.4000,5372.6000,5372.8000,5373.8000,5374.6000,5376.6000,4,2,1,1,1,2,2,1,1,5
SF,IC2007,2020-05-19 09:31:07.900,5367.0000,1473,0,22545920.000,0,-,-,-,-,5365.4000,5365.0000,5363.6000,5362.4000,5362.0000,5372.6000,5372.8000,5373.8000,5374.6000,5376.6000,4,1,1,1,1,2,2,1,1,5
SF,IC2007,2020-05-19 09:31:08.400,5367.0000,1473,0,22545920.000,0,-,-,-,-,5365.4000,5365.0000,5362.4000,5359.6000,5357.6000,5371.2000,5372.6000,5372.8000,5373.8000,5374.6000,4,1,1,1,1,1,2,2,1,1
SF,IC2007,2020-05-19 09:31:08.900,5367.0000,1473,0,22545920.000,0,-,-,-,-,5365.4000,5365.0000,5362.4000,5359.6000,5357.6000,5371.0000,5371.2000,5372.8000,5373.8000,5374.6000,4,1,1,1,1,2,1,2,1,1
SF,IC2007,2020-05-19 09:31:09.400,5367.0000,1473,0,22545920.000,0,-,-,-,-,5365.4000,5365.0000,5362.4000,5359.6000,5357.6000,5371.0000,5371.2000,5372.8000,5373.8000,5374.6000,3,1,1,1,1,2,1,2,1,1
SF,IC2007,2020-05-19 09:31:09.900,5367.0000,1473,0,22545920.000,0,-,-,-,-,5365.4000,5365.0000,5362.4000,5359.6000,5357.6000,5370.0000,5371.0000,5372.8000,5373.8000,5374.6000,3,1,1,1,1,1,2,2,1,1
SF,IC2007,2020-05-19 09:31:10.400,5367.0000,1473,0,22545920.000,0,-,-,-,-,5365.6000,5365.4000,5365.0000,5362.4000,5359.6000,5369.8000,5370.0000,5371.0000,5372.8000,5373.8000,1,3,1,1,1,1,1,1,2,1
SF,IC2007,2020-05-19 09:31:10.900,5367.0000,1473,0,22545920.000,0,-,-,-,-,5365.8000,5365.6000,5365.4000,5365.0000,5362.4000,5369.8000,5371.0000,5372.8000,5373.8000,5374.6000,2,1,1,1,1,1,1,2,1,1
SF,IC2007,2020-05-19 09:31:11.400,5367.0000,1473,0,22545920.000,0,-,-,-,-,5366.0000,5365.8000,5365.4000,5365.0000,5362.4000,5369.8000,5371.0000,5372.8000,5373.8000,5374.6000,1,2,1,1,1,1,1,2,1,1
SF,IC2007,2020-05-19 09:31:11.900,5367.0000,1473,0,22545920.000,0,-,-,-,-,5366.4000,5366.2000,5366.0000,5365.4000,5365.0000,5369.8000,5371.0000,5372.8000,5373.8000,5374.6000,1,2,1,1,1,1,1,2,1,1
SF,IC2007,2020-05-19 09:31:12.400,5367.0000,1473,0,22545920.000,0,-,-,-,-,5366.6000,5366.4000,5366.0000,5365.4000,5365.0000,5369.8000,5371.0000,5372.8000,5373.8000,5374.6000,2,1,1,1,1,1,1,2,1,1
SF,IC2007,2020-05-19 09:31:12.900,5367.0000,1473,0,22545920.000,0,-,-,-,-,5366.6000,5366.4000,5365.4000,5365.0000,5362.4000,5369.8000,5371.0000,5372.8000,5373.8000,5374.6000,3,1,1,1,1,1,1,2,1,1
SF,IC2007,2020-05-19 09:31:13.400,5367.0000,1473,0,22545920.000,0,-,-,-,-,5366.6000,5366.4000,5365.4000,5365.0000,5362.4000,5369.8000,5371.0000,5372.8000,5373.8000,5374.6000,3,1,1,1,1,1,1,2,1,1
SF,IC2007,2020-05-19 09:31:13.900,5367.0000,1473,0,22545920.000,0,-,-,-,-,5366.6000,5366.4000,5365.4000,5365.0000,5362.4000,5369.8000,5371.0000,5372.8000,5373.8000,5374.6000,3,1,1,1,1,1,1,2,1,1
SF,IC2007,2020-05-19 09:31:14.400,5367.0000,1473,0,22545920.000,0,-,-,-,-,5366.6000,5366.4000,5365.4000,5365.0000,5362.4000,5371.0000,5372.8000,5373.8000,5374.6000,5376.6000,3,1,1,1,1,1,2,1,1,5
SF,IC2007,2020-05-19 09:31:14.900,5367.0000,1473,0,22545920.000,0,-,-,-,-,5366.8000,5366.6000,5366.4000,5365.0000,5362.4000,5370.8000,5372.8000,5373.8000,5374.6000,5376.6000,1,3,1,1,1,1,2,1,1,5
SF,IC2007,2020-05-19 09:31:15.400,5367.0000,1473,0,22545920.000,0,-,-,-,-,5367.0000,5366.8000,5366.4000,5365.0000,5362.4000,5370.8000,5372.8000,5373.8000,5374.6000,5376.6000,3,1,1,1,1,1,2,1,1,5
SF,IC2007,2020-05-19 09:31:15.900,5367.0000,1473,0,22545920.000,0,-,-,-,-,5367.0000,5366.8000,5366.4000,5365.0000,5362.4000,5370.8000,5372.8000,5373.8000,5374.6000,5376.6000,4,1,1,1,1,1,2,1,1,5
SF,IC2007,2020-05-19 09:31:16.400,5367.0000,1473,0,22545920.000,0,-,-,-,-,5367.0000,5366.8000,5366.4000,5365.0000,5362.4000,5370.8000,5372.8000,5373.8000,5374.6000,5376.6000,3,1,1,1,1,1,2,1,1,5
SF,IC2007,2020-05-19 09:31:16.900,5367.0000,1473,0,24692720.000,2,1,1,多换,S,5367.0000,5366.8000,5362.4000,5359.6000,5357.0000,5370.6000,5370.8000,5373.8000,5374.6000,5376.6000,1,1,1,1,1,2,1,1,1,5
SF,IC2007,2020-05-19 09:31:17.400,5367.0000,1473,0,25766120.000,1,0,1,多换,S,5367.0000,5362.4000,5359.6000,5357.0000,5353.4000,5370.6000,5373.8000,5374.6000,5376.6000,5376.8000,1,1,1,1,5,2,1,1,5,1
SF,IC2007,2020-05-19 09:31:17.900,5367.0000,1473,0,25766120.000,0,-,-,-,-,5367.0000,5362.4000,5359.6000,5357.0000,5353.4000,5370.4000,5370.6000,5373.8000,5374.6000,5376.6000,1,1,1,1,5,1,2,1,1,5
SF,IC2007,2020-05-19 09:31:18.400,5367.0000,1472,-1,26839520.000,1,0,1,双平,S,5362.4000,5359.6000,5357.0000,5353.4000,5340.0000,5370.2000,5370.4000,5373.8000,5374.6000,5376.6000,1,1,1,5,2,2,1,1,1,5
SF,IC2007,2020-05-19 09:31:18.900,5367.0000,1472,0,26839520.000,0,-,-,-,-,5362.6000,5362.4000,5359.6000,5357.0000,5353.4000,5370.0000,5370.2000,5373.8000,5374.6000,5376.6000,4,1,1,1,5,1,2,1,1,5
SF,IC2007,2020-05-19 09:31:19.400,5367.0000,1472,0,26839520.000,0,-,-,-,-,5363.0000,5362.6000,5362.4000,5359.6000,5357.0000,5369.8000,5370.0000,5373.8000,5374.6000,5376.6000,1,4,2,1,1,3,1,1,1,5
SF,IC2007,2020-05-19 09:31:19.900,5367.0000,1472,0,26839520.000,0,-,-,-,-,5363.2000,5363.0000,5362.4000,5359.6000,5357.0000,5369.6000,5369.8000,5373.8000,5374.6000,5376.6000,4,1,2,1,1,1,3,1,1,5
SF,IC2007,2020-05-19 09:31:20.400,5367.0000,1472,0,26839520.000,0,-,-,-,-,5363.2000,5363.0000,5362.4000,5359.6000,5357.0000,5369.4000,5369.6000,5373.8000,5374.6000,5376.6000,4,1,2,1,1,3,1,1,1,5
SF,IC2007,2020-05-19 09:31:20.900,5367.0000,1472,0,26839520.000,0,-,-,-,-,5363.2000,5363.0000,5362.4000,5359.6000,5357.0000,5368.8000,5369.4000,5369.6000,5373.8000,5374.6000,4,1,2,1,1,1,3,1,1,1
SF,IC2007,2020-05-19 09:31:21.400,5367.0000,1472,0,26839520.000,0,-,-,-,-,5363.4000,5363.2000,5363.0000,5362.4000,5359.6000,5368.6000,5368.8000,5369.6000,5373.8000,5374.6000,1,4,1,2,1,3,1,1,1,1
SF,IC2007,2020-05-19 09:31:21.900,5367.0000,1472,0,26839520.000,0,-,-,-,-,5363.6000,5363.4000,5363.0000,5362.4000,5362.0000,5368.6000,5368.8000,5369.6000,5373.8000,5374.6000,4,1,1,2,2,3,1,1,1,1
SF,IC2007,2020-05-19 09:31:22.400,5367.0000,1472,0,26839520.000,0,-,-,-,-,5363.8000,5363.6000,5363.4000,5362.4000,5362.0000,5368.6000,5368.8000,5369.6000,5373.8000,5374.6000,1,4,1,2,2,3,1,1,1,1
SF,IC2007,2020-05-19 09:31:22.900,5367.0000,1472,0,26839520.000,0,-,-,-,-,5364.2000,5364.0000,5363.8000,5363.4000,5362.4000,5368.6000,5368.8000,5369.6000,5373.8000,5374.6000,1,4,1,1,2,2,1,1,1,1
SF,IC2007,2020-05-19 09:31:23.400,5367.0000,1472,0,26839520.000,0,-,-,-,-,5364.4000,5364.2000,5363.4000,5362.4000,5362.0000,5368.6000,5369.6000,5373.8000,5374.6000,5376.6000,5,1,1,2,2,2,1,1,1,5
SF,IC2007,2020-05-19 09:31:23.900,5367.0000,1472,0,26839520.000,0,-,-,-,-,5364.4000,5363.4000,5363.0000,5362.4000,5362.0000,5368.6000,5369.6000,5373.8000,5374.6000,5376.6000,4,1,1,2,2,2,1,1,1,5
SF,IC2007,2020-05-19 09:31:24.400,5367.0000,1472,0,26839520.000,0,-,-,-,-,5364.4000,5363.4000,5363.0000,5362.4000,5362.0000,5368.4000,5368.6000,5369.6000,5373.8000,5374.6000,2,1,1,2,2,1,2,1,1,1
SF,IC2007,2020-05-19 09:31:24.900,5367.0000,1472,0,26839520.000,0,-,-,-,-,5364.4000,5363.0000,5362.4000,5362.0000,5359.6000,5368.2000,5368.4000,5369.6000,5373.8000,5374.6000,1,1,1,2,1,2,1,1,1,1
SF,IC2007,2020-05-19 09:31:25.400,5367.0000,1472,0,26839520.000,0,-,-,-,-,5363.0000,5362.4000,5362.0000,5359.6000,5357.0000,5368.0000,5368.2000,5373.8000,5374.6000,5376.6000,1,1,2,1,1,1,3,1,1,5
SF,IC2007,2020-05-19 09:31:25.900,5367.0000,1472,0,26839520.000,0,-,-,-,-,5363.2000,5363.0000,5362.4000,5362.0000,5359.6000,5367.8000,5368.0000,5368.2000,5373.8000,5374.6000,3,1,1,2,1,1,1,1,1,1
SF,IC2007,2020-05-19 09:31:26.400,5367.0000,1472,0,26839520.000,0,-,-,-,-,5363.2000,5363.0000,5362.0000,5359.6000,5357.0000,5367.6000,5367.8000,5373.8000,5374.6000,5376.6000,2,1,2,1,1,2,2,1,1,5
SF,IC2007,2020-05-19 09:31:26.900,5367.0000,1472,0,26839520.000,0,-,-,-,-,5363.2000,5363.0000,5362.0000,5359.6000,5357.0000,5367.4000,5367.6000,5373.8000,5374.6000,5376.6000,1,1,2,1,1,1,2,1,1,5
SF,IC2007,2020-05-19 09:31:27.400,5367.0000,1472,0,26839520.000,0,-,-,-,-,5363.4000,5363.2000,5363.0000,5362.0000,5359.6000,5367.2000,5367.4000,5373.8000,5374.6000,5376.6000,1,1,1,2,1,1,1,1,1,5
SF,IC2007,2020-05-19 09:31:27.900,5367.0000,1472,0,26839520.000,0,-,-,-,-,5363.6000,5363.4000,5363.0000,5362.0000,5359.6000,5367.0000,5373.8000,5374.6000,5376.6000,5376.8000,1,1,1,2,1,2,1,1,5,1
SF,IC2007,2020-05-19 09:31:28.400,5367.0000,1472,0,26839520.000,0,-,-,-,-,5363.6000,5363.4000,5363.0000,5362.0000,5359.6000,5367.0000,5373.8000,5374.6000,5376.6000,5376.8000,1,1,1,2,1,1,1,1,5,1
SF,IC2007,2020-05-19 09:31:28.900,5367.0000,1472,0,26839520.000,0,-,-,-,-,5363.6000,5363.4000,5363.0000,5362.0000,5359.6000,5367.0000,5373.8000,5374.6000,5376.6000,5376.8000,1,1,1,2,1,1,1,1,5,1
SF,IC2007,2020-05-19 09:31:29.400,5367.0000,1472,0,26839520.000,0,-,-,-,-,5363.6000,5363.4000,5363.0000,5362.0000,5359.6000,5366.8000,5367.0000,5373.8000,5374.6000,5376.6000,1,1,1,2,1,1,1,1,1,5
SF,IC2007,2020-05-19 09:31:29.900,5367.0000,1472,0,26839520.000,0,-,-,-,-,5363.6000,5363.4000,5363.0000,5362.0000,5359.6000,5367.0000,5373.8000,5374.6000,5376.6000,5376.8000,1,1,1,2,1,1,1,1,5,1
SF,IC2007,2020-05-19 09:31:30.400,5367.0000,1472,0,26839520.000,0,-,-,-,-,5363.4000,5363.0000,5362.0000,5359.6000,5357.0000,5366.8000,5367.0000,5373.8000,5374.6000,5376.6000,1,1,2,1,1,1,1,1,1,5
SF,IC2007,2020-05-19 09:31:30.900,5367.0000,1472,0,26839520.000,0,-,-,-,-,5363.4000,5363.0000,5362.0000,5359.6000,5357.0000,5366.6000,5366.8000,5373.8000,5374.6000,5376.6000,1,1,2,1,1,1,1,1,1,5
SF,IC2007,2020-05-19 09:31:31.400,5367.0000,1472,0,26839520.000,0,-,-,-,-,5363.6000,5363.4000,5363.0000,5362.0000,5359.6000,5366.6000,5373.8000,5374.6000,5376.6000,5376.8000,2,1,1,2,1,1,1,1,5,1
SF,IC2007,2020-05-19 09:31:31.900,5367.0000,1472,0,26839520.000,0,-,-,-,-,5363.8000,5363.6000,5363.0000,5362.0000,5359.6000,5373.8000,5374.6000,5376.6000,5376.8000,5377.8000,1,2,1,2,1,1,1,5,1,2
SF,IC2007,2020-05-19 09:31:32.400,5367.0000,1472,0,26839520.000,0,-,-,-,-,5364.0000,5363.0000,5362.0000,5359.6000,5357.0000,5370.8000,5373.6000,5373.8000,5374.6000,5376.6000,3,1,2,1,1,1,4,1,1,5
SF,IC2007,2020-05-19 09:31:32.900,5367.0000,1472,0,26839520.000,0,-,-,-,-,5364.2000,5364.0000,5363.0000,5362.0000,5359.6000,5370.6000,5370.8000,5373.6000,5373.8000,5374.6000,1,3,1,2,1,3,1,1,1,1
SF,IC2007,2020-05-19 09:31:33.400,5367.0000,1472,0,26839520.000,0,-,-,-,-,5366.6000,5364.4000,5364.2000,5364.0000,5363.0000,5370.4000,5370.6000,5370.8000,5373.8000,5374.6000,1,1,1,1,1,1,3,1,1,1
SF,IC2007,2020-05-19 09:31:33.900,5367.0000,1472,0,26839520.000,0,-,-,-,-,5366.6000,5364.4000,5364.2000,5363.0000,5362.0000,5370.0000,5370.2000,5370.4000,5370.8000,5373.8000,1,3,1,1,2,1,3,1,1,1
SF,IC2007,2020-05-19 09:31:34.400,5367.0000,1472,0,26839520.000,0,-,-,-,-,5366.6000,5364.4000,5363.0000,5362.0000,5359.6000,5369.8000,5370.0000,5370.8000,5373.8000,5374.6000,1,3,1,2,1,4,1,1,1,1
SF,IC2007,2020-05-19 09:31:34.900,5367.0000,1472,0,26839520.000,0,-,-,-,-,5366.6000,5364.4000,5363.0000,5362.0000,5359.6000,5369.8000,5370.0000,5370.8000,5373.8000,5374.6000,1,3,1,2,1,4,1,1,1,1
SF,IC2007,2020-05-19 09:31:35.400,5367.0000,1472,0,26839520.000,0,-,-,-,-,5366.6000,5364.4000,5363.0000,5362.0000,5359.6000,5369.8000,5370.0000,5370.8000,5373.8000,5374.6000,1,3,1,2,1,4,1,1,1,1
SF,IC2007,2020-05-19 09:31:35.900,5367.0000,1472,0,26839520.000,0,-,-,-,-,5366.6000,5364.4000,5363.0000,5362.0000,5359.6000,5369.8000,5370.0000,5370.8000,5373.8000,5374.6000,1,3,1,2,1,4,1,1,1,1
SF,IC2007,2020-05-19 09:31:36.400,5367.0000,1472,0,26839520.000,0,-,-,-,-,5366.6000,5364.4000,5363.0000,5362.0000,5359.6000,5369.8000,5370.0000,5370.8000,5373.8000,5374.6000,1,3,1,2,1,4,1,1,1,1
SF,IC2007,2020-05-19 09:31:37.900,5367.0000,1472,0,26839520.000,0,-,-,-,-,5366.6000,5364.4000,5363.0000,5362.0000,5359.6000,5369.8000,5370.0000,5370.8000,5373.8000,5374.6000,1,3,1,2,1,4,1,1,1,1
SF,IC2007,2020-05-19 09:31:38.400,5367.0000,1472,0,26839520.000,0,-,-,-,-,5366.6000,5364.4000,5363.0000,5362.0000,5359.6000,5369.8000,5370.0000,5370.8000,5373.8000,5374.6000,1,3,1,2,1,4,1,1,1,1
SF,IC2007,2020-05-19 09:31:38.900,5367.0000,1472,0,26839520.000,0,-,-,-,-,5366.6000,5364.4000,5363.0000,5362.0000,5359.6000,5369.2000,5369.8000,5370.0000,5370.8000,5373.8000,1,2,1,2,1,1,4,1,1,1
SF,IC2007,2020-05-19 09:31:39.400,5367.0000,1472,0,26839520.000,0,-,-,-,-,5366.6000,5364.4000,5363.0000,5362.0000,5359.6000,5369.0000,5369.2000,5369.6000,5370.0000,5370.8000,1,2,1,2,1,4,1,1,1,1
SF,IC2007,2020-05-19 09:31:39.900,5367.0000,1472,0,26839520.000,0,-,-,-,-,5366.6000,5364.4000,5363.0000,5362.0000,5359.6000,5369.0000,5369.2000,5370.0000,5370.8000,5373.8000,1,2,1,2,1,4,1,1,1,1
SF,IC2007,2020-05-19 09:31:41.400,5367.0000,1472,0,26839520.000,0,-,-,-,-,5366.6000,5364.4000,5363.0000,5362.0000,5359.6000,5369.0000,5370.0000,5370.8000,5373.8000,5374.6000,1,2,1,2,1,4,1,1,1,1
SF,IC2007,2020-05-19 09:31:41.900,5367.0000,1472,0,26839520.000,0,-,-,-,-,5366.6000,5364.4000,5363.0000,5362.0000,5359.6000,5369.0000,5370.0000,5370.8000,5373.8000,5374.6000,1,2,1,2,1,4,1,1,1,1
SF,IC2007,2020-05-19 09:31:43.900,5367.0000,1472,0,26839520.000,0,-,-,-,-,5366.6000,5364.4000,5362.0000,5359.6000,5357.0000,5369.0000,5370.0000,5370.8000,5373.8000,5374.6000,1,2,2,1,1,4,1,1,1,1
SF,IC2007,2020-05-19 09:31:45.400,5367.0000,1472,0,26839520.000,0,-,-,-,-,5366.6000,5364.4000,5362.0000,5359.6000,5357.0000,5368.4000,5369.0000,5370.0000,5370.8000,5373.8000,1,2,2,1,1,1,4,1,1,1
SF,IC2007,2020-05-19 09:31:45.900,5367.0000,1472,0,26839520.000,0,-,-,-,-,5366.6000,5364.4000,5362.0000,5359.6000,5357.0000,5368.2000,5368.4000,5370.0000,5370.8000,5373.8000,1,2,2,1,1,4,1,1,1,1
SF,IC2007,2020-05-19 09:31:46.400,5367.0000,1472,0,26839520.000,0,-,-,-,-,5366.6000,5364.4000,5362.0000,5359.6000,5357.0000,5368.2000,5368.4000,5370.0000,5370.8000,5373.8000,1,2,2,1,1,3,1,1,1,1
SF,IC2007,2020-05-19 09:31:46.900,5366.6000,1472,0,27912840.000,1,0,1,多换,S,5364.4000,5362.0000,5359.6000,5357.0000,5353.4000,5368.0000,5368.2000,5368.4000,5370.0000,5370.8000,2,2,1,1,5,1,2,1,1,1
SF,IC2007,2020-05-19 09:31:47.400,5366.6000,1472,0,27912840.000,0,-,-,-,-,5362.0000,5359.6000,5357.0000,5353.4000,5340.0000,5367.8000,5368.4000,5370.0000,5370.8000,5373.8000,2,1,1,5,2,3,1,1,1,1
SF,IC2007,2020-05-19 09:31:47.900,5366.6000,1472,0,27912840.000,0,-,-,-,-,5362.2000,5362.0000,5359.6000,5357.0000,5353.4000,5367.8000,5368.4000,5370.0000,5370.8000,5373.8000,4,2,1,1,5,3,1,1,1,1
SF,IC2007,2020-05-19 09:31:48.400,5366.6000,1472,0,27912840.000,0,-,-,-,-,5362.6000,5362.2000,5362.0000,5359.6000,5357.0000,5367.8000,5368.4000,5370.0000,5370.8000,5373.8000,1,5,2,1,1,3,1,1,1,1
SF,IC2007,2020-05-19 09:31:48.900,5366.6000,1472,0,27912840.000,0,-,-,-,-,5362.8000,5362.6000,5362.2000,5362.0000,5359.6000,5367.8000,5368.4000,5370.0000,5370.8000,5373.8000,3,1,2,2,1,3,1,1,1,1
SF,IC2007,2020-05-19 09:31:50.400,5366.6000,1472,0,27912840.000,0,-,-,-,-,5363.0000,5362.8000,5362.6000,5362.2000,5362.0000,5367.8000,5368.4000,5370.0000,5370.8000,5373.8000,1,3,1,1,2,3,1,1,1,1
SF,IC2007,2020-05-19 09:31:50.900,5366.6000,1472,0,27912840.000,0,-,-,-,-,5363.2000,5362.8000,5362.2000,5362.0000,5359.6000,5367.6000,5367.8000,5368.4000,5370.0000,5370.8000,1,2,1,2,1,1,3,1,1,1
SF,IC2007,2020-05-19 09:31:51.400,5366.6000,1472,0,27912840.000,0,-,-,-,-,5363.2000,5362.8000,5362.2000,5362.0000,5359.6000,5367.4000,5368.4000,5370.0000,5370.8000,5373.8000,2,1,1,2,1,3,1,1,1,1
SF,IC2007,2020-05-19 09:31:51.900,5366.6000,1472,0,27912840.000,0,-,-,-,-,5363.2000,5362.8000,5362.2000,5362.0000,5359.6000,5367.4000,5368.4000,5370.0000,5370.8000,5373.8000,1,1,1,2,1,3,1,1,1,1
SF,IC2007,2020-05-19 09:31:52.400,5366.6000,1472,0,27912840.000,0,-,-,-,-,5363.2000,5362.8000,5362.2000,5362.0000,5359.6000,5367.4000,5368.4000,5370.0000,5370.8000,5373.8000,1,1,1,2,1,3,1,1,1,1
SF,IC2007,2020-05-19 09:31:52.900,5366.6000,1472,0,27912840.000,0,-,-,-,-,5363.4000,5363.2000,5362.8000,5362.2000,5362.0000,5367.4000,5368.4000,5370.0000,5370.8000,5373.8000,1,1,1,1,2,3,1,1,1,1
SF,IC2007,2020-05-19 09:31:53.400,5366.6000,1472,0,27912840.000,0,-,-,-,-,5363.2000,5362.8000,5362.2000,5362.0000,5359.6000,5367.4000,5368.4000,5370.0000,5370.8000,5373.8000,1,1,1,2,1,3,1,1,1,1
SF,IC2007,2020-05-19 09:31:53.900,5366.6000,1472,0,27912840.000,0,-,-,-,-,5363.4000,5362.8000,5362.0000,5359.6000,5357.0000,5367.4000,5368.4000,5370.0000,5370.8000,5373.8000,1,1,2,1,1,3,1,1,1,1
SF,IC2007,2020-05-19 09:31:54.900,5366.6000,1472,0,27912840.000,0,-,-,-,-,5362.8000,5362.0000,5359.6000,5357.0000,5353.4000,5367.4000,5368.4000,5370.0000,5370.8000,5373.8000,1,2,1,1,5,3,1,1,1,1
SF,IC2007,2020-05-19 09:31:55.400,5366.6000,1472,0,27912840.000,0,-,-,-,-,5362.0000,5359.6000,5357.0000,5353.4000,5340.0000,5367.2000,5367.4000,5368.4000,5370.0000,5370.8000,2,1,1,5,2,1,3,1,1,1
SF,IC2007,2020-05-19 09:31:55.900,5366.6000,1472,0,27912840.000,0,-,-,-,-,5362.2000,5362.0000,5359.6000,5357.0000,5353.4000,5367.0000,5367.2000,5368.4000,5370.0000,5370.8000,2,2,1,1,5,2,1,1,1,1
SF,IC2007,2020-05-19 09:31:56.400,5366.6000,1472,0,27912840.000,0,-,-,-,-,5362.2000,5362.0000,5359.6000,5357.0000,5353.4000,5366.8000,5367.0000,5368.4000,5370.0000,5370.8000,2,2,1,1,5,2,2,1,1,1
SF,IC2007,2020-05-19 09:31:56.900,5366.6000,1472,0,27912840.000,0,-,-,-,-,5362.2000,5362.0000,5359.6000,5357.0000,5353.4000,5366.6000,5366.8000,5368.4000,5370.0000,5370.8000,2,2,1,1,5,2,2,1,1,1
SF,IC2007,2020-05-19 09:31:57.400,5366.6000,1472,0,27912840.000,0,-,-,-,-,5362.2000,5362.0000,5359.6000,5357.0000,5353.4000,5366.4000,5366.6000,5366.8000,5368.4000,5370.0000,1,2,1,1,5,1,2,1,1,1
SF,IC2007,2020-05-19 09:31:57.900,5366.6000,1472,0,27912840.000,0,-,-,-,-,5362.0000,5359.6000,5357.0000,5353.4000,5340.0000,5366.2000,5366.4000,5368.4000,5370.0000,5370.8000,2,1,1,5,2,2,2,1,1,1
SF,IC2007,2020-05-19 09:31:58.400,5366.6000,1472,0,27912840.000,0,-,-,-,-,5362.0000,5359.6000,5357.0000,5353.4000,5340.0000,5366.0000,5366.2000,5368.4000,5370.0000,5370.8000,2,1,1,5,2,2,2,1,1,1
SF,IC2007,2020-05-19 09:31:58.900,5366.6000,1472,0,27912840.000,0,-,-,-,-,5362.0000,5357.0000,5353.4000,5340.0000,5330.0000,5365.8000,5366.0000,5368.4000,5370.0000,5370.8000,2,1,5,2,3,2,2,1,1,1
SF,IC2007,2020-05-19 09:31:59.400,5366.6000,1472,0,27912840.000,0,-,-,-,-,5362.0000,5357.0000,5353.4000,5340.0000,5330.0000,5365.6000,5365.8000,5366.0000,5368.4000,5370.0000,2,1,5,2,3,1,2,1,1,1
SF,IC2007,2020-05-19 09:31:59.900,5366.6000,1472,0,27912840.000,0,-,-,-,-,5362.0000,5357.0000,5353.4000,5340.0000,5330.0000,5365.4000,5365.6000,5368.4000,5370.0000,5370.8000,2,1,5,2,3,2,2,1,1,1
SF,IC2007,2020-05-19 09:32:00.400,5366.6000,1472,0,27912840.000,0,-,-,-,-,5362.0000,5357.0000,5353.4000,5340.0000,5330.0000,5365.2000,5365.4000,5365.6000,5368.4000,5370.0000,2,1,5,2,3,1,2,1,1,1
SF,IC2007,2020-05-19 09:32:00.900,5366.6000,1472,0,27912840.000,0,-,-,-,-,5362.0000,5357.0000,5353.4000,5340.0000,5330.0000,5364.8000,5365.0000,5365.2000,5368.4000,5370.0000,2,1,5,2,3,1,2,2,1,1
SF,IC2007,2020-05-19 09:32:01.400,5366.6000,1472,0,27912840.000,0,-,-,-,-,5362.0000,5357.0000,5353.4000,5340.0000,5330.0000,5364.6000,5364.8000,5365.2000,5368.4000,5370.0000,2,1,5,2,3,3,1,1,1,1
SF,IC2007,2020-05-19 09:32:01.900,5362.0000,1470,-2,30057640.000,2,0,2,双平,S,5357.0000,5353.4000,5340.0000,5330.0000,5315.2000,5364.4000,5364.6000,5370.0000,5370.8000,5371.2000,1,5,2,3,1,1,3,1,1,1
SF,IC2007,2020-05-19 09:32:02.400,5362.0000,1470,0,30057640.000,0,-,-,-,-,5357.2000,5357.0000,5353.4000,5340.0000,5330.0000,5364.2000,5370.0000,5370.8000,5371.2000,5373.8000,4,1,5,2,3,3,1,1,1,1
SF,IC2007,2020-05-19 09:32:02.900,5362.0000,1470,0,30057640.000,0,-,-,-,-,5357.6000,5357.2000,5357.0000,5353.4000,5340.0000,5364.0000,5364.2000,5370.0000,5371.2000,5373.8000,1,5,1,5,2,1,3,1,1,1
SF,IC2007,2020-05-19 09:32:03.400,5362.0000,1470,0,30057640.000,0,-,-,-,-,5357.8000,5357.6000,5357.2000,5357.0000,5353.4000,5363.8000,5364.0000,5370.0000,5371.2000,5373.8000,3,1,2,1,5,3,1,1,1,1
SF,IC2007,2020-05-19 09:32:03.900,5362.0000,1470,0,30057640.000,0,-,-,-,-,5357.8000,5357.6000,5357.2000,5357.0000,5353.4000,5363.6000,5363.8000,5370.0000,5371.2000,5373.8000,4,1,1,1,5,1,3,1,1,1
SF,IC2007,2020-05-19 09:32:04.400,5362.0000,1470,0,30057640.000,0,-,-,-,-,5357.8000,5357.0000,5353.4000,5340.0000,5330.0000,5363.4000,5363.6000,5370.0000,5371.2000,5373.8000,4,1,5,2,3,3,1,1,1,1
SF,IC2007,2020-05-19 09:32:04.900,5362.0000,1470,0,30057640.000,0,-,-,-,-,5358.0000,5357.8000,5357.0000,5353.4000,5340.0000,5363.2000,5363.4000,5370.0000,5371.2000,5373.8000,2,3,1,5,2,1,2,1,1,1
SF,IC2007,2020-05-19 09:32:05.400,5362.0000,1470,0,30057640.000,0,-,-,-,-,5358.2000,5358.0000,5357.0000,5353.4000,5340.0000,5363.0000,5370.0000,5371.2000,5373.8000,5374.6000,3,3,1,5,2,2,1,1,1,1
SF,IC2007,2020-05-19 09:32:05.900,5362.0000,1470,0,30057640.000,0,-,-,-,-,5358.4000,5358.2000,5358.0000,5357.0000,5353.4000,5362.8000,5363.0000,5370.0000,5371.2000,5373.8000,1,3,1,1,5,1,2,1,1,1
SF,IC2007,2020-05-19 09:32:06.400,5362.0000,1470,0,30057640.000,0,-,-,-,-,5358.6000,5358.4000,5358.2000,5357.0000,5353.4000,5362.6000,5362.8000,5370.0000,5371.2000,5373.8000,1,1,1,1,5,2,1,1,1,1
SF,IC2007,2020-05-19 09:32:06.900,5362.0000,1470,0,30057640.000,0,-,-,-,-,5358.4000,5358.2000,5357.0000,5353.4000,5340.0000,5362.4000,5362.6000,5370.0000,5371.2000,5373.8000,1,1,1,5,2,1,2,1,1,1
SF,IC2007,2020-05-19 09:32:07.400,5362.0000,1470,0,30057640.000,0,-,-,-,-,5358.4000,5357.0000,5353.4000,5340.0000,5330.0000,5362.2000,5362.4000,5370.0000,5371.2000,5373.8000,1,1,5,2,3,2,2,1,1,1
SF,IC2007,2020-05-19 09:32:07.900,5362.0000,1470,0,30057640.000,0,-,-,-,-,5358.6000,5357.0000,5353.4000,5340.0000,5330.0000,5362.2000,5370.0000,5371.2000,5373.8000,5374.6000,1,1,5,2,3,1,1,1,1,1
SF,IC2007,2020-05-19 09:32:08.400,5362.0000,1470,0,30057640.000,0,-,-,-,-,5358.6000,5357.0000,5353.4000,5340.0000,5330.0000,5370.0000,5371.2000,5373.8000,5374.6000,5376.6000,3,1,5,2,3,1,1,1,1,5
SF,IC2007,2020-05-19 09:32:08.900,5362.0000,1470,0,30057640.000,0,-,-,-,-,5358.8000,5358.6000,5357.0000,5353.4000,5340.0000,5369.8000,5370.0000,5371.2000,5373.8000,5374.6000,1,3,1,5,2,4,1,1,1,1
SF,IC2007,2020-05-19 09:32:09.400,5362.0000,1470,0,30057640.000,0,-,-,-,-,5359.0000,5358.8000,5357.0000,5353.4000,5340.0000,5369.4000,5369.8000,5370.0000,5371.2000,5373.8000,4,2,1,5,2,1,5,1,1,1
SF,IC2007,2020-05-19 09:32:09.900,5362.0000,1470,0,30057640.000,0,-,-,-,-,5359.2000,5359.0000,5357.0000,5353.4000,5340.0000,5366.4000,5369.2000,5369.4000,5369.8000,5370.0000,1,3,1,5,2,1,4,1,1,1
SF,IC2007,2020-05-19 09:32:10.400,5362.0000,1470,0,30057640.000,0,-,-,-,-,5359.4000,5359.2000,5357.0000,5353.4000,5340.0000,5366.2000,5366.4000,5370.0000,5371.2000,5373.8000,3,3,1,5,2,3,1,1,1,1
SF,IC2007,2020-05-19 09:32:10.900,5362.0000,1470,0,30057640.000,0,-,-,-,-,5359.8000,5359.6000,5359.4000,5359.2000,5357.0000,5366.0000,5366.2000,5366.4000,5370.0000,5371.2000,1,2,3,2,1,1,3,1,1,1
SF,IC2007,2020-05-19 09:32:11.400,5362.0000,1470,0,30057640.000,0,-,-,-,-,5360.0000,5359.8000,5359.2000,5357.0000,5353.4000,5365.8000,5366.0000,5370.0000,5371.2000,5373.8000,5,1,2,1,5,3,1,1,1,1
SF,IC2007,2020-05-19 09:32:11.900,5362.0000,1470,0,30057640.000,0,-,-,-,-,5360.0000,5359.8000,5359.2000,5357.0000,5353.4000,5365.6000,5365.8000,5370.0000,5371.2000,5373.8000,5,1,2,1,5,1,3,1,1,1
SF,IC2007,2020-05-19 09:32:12.400,5362.0000,1470,0,30057640.000,0,-,-,-,-,5360.0000,5357.0000,5353.4000,5340.0000,5330.0000,5365.4000,5365.6000,5370.0000,5371.2000,5373.8000,3,1,5,2,3,3,1,1,1,1
SF,IC2007,2020-05-19 09:32:12.900,5362.0000,1470,0,30057640.000,0,-,-,-,-,5360.2000,5360.0000,5357.0000,5353.4000,5340.0000,5365.2000,5365.4000,5370.0000,5371.2000,5373.8000,1,2,1,5,2,1,3,1,1,1
SF,IC2007,2020-05-19 09:32:13.400,5362.0000,1470,0,30057640.000,0,-,-,-,-,5360.2000,5360.0000,5357.0000,5353.4000,5340.0000,5365.0000,5365.2000,5370.0000,5371.2000,5373.8000,1,1,1,5,2,3,1,1,1,1
SF,IC2007,2020-05-19 09:32:13.900,5362.0000,1470,0,30057640.000,0,-,-,-,-,5360.2000,5357.0000,5353.4000,5340.0000,5330.0000,5364.8000,5365.0000,5370.0000,5371.2000,5373.8000,1,1,5,2,3,1,3,1,1,1
SF,IC2007,2020-05-19 09:32:14.400,5362.0000,1470,0,30057640.000,0,-,-,-,-,5357.0000,5353.4000,5340.0000,5330.0000,5315.2000,5364.6000,5364.8000,5370.0000,5371.2000,5373.8000,1,5,2,3,1,3,1,1,1,1
SF,IC2007,2020-05-19 09:32:14.900,5362.0000,1470,0,30057640.000,0,-,-,-,-,5357.2000,5357.0000,5353.4000,5340.0000,5330.0000,5364.6000,5370.0000,5371.2000,5373.8000,5374.6000,4,2,5,2,3,3,1,1,1,1
SF,IC2007,2020-05-19 09:32:15.400,5362.0000,1470,0,30057640.000,0,-,-,-,-,5357.4000,5357.2000,5357.0000,5353.4000,5340.0000,5364.4000,5364.6000,5370.0000,5371.2000,5373.8000,1,3,2,5,2,1,3,1,1,1
SF,IC2007,2020-05-19 09:32:15.900,5362.0000,1470,0,30057640.000,0,-,-,-,-,5357.6000,5357.4000,5357.0000,5353.4000,5340.0000,5364.0000,5364.2000,5364.4000,5370.0000,5371.2000,4,1,2,5,2,1,3,1,1,1
SF,IC2007,2020-05-19 09:32:16.400,5362.0000,1470,0,30057640.000,0,-,-,-,-,5357.8000,5357.6000,5357.0000,5353.4000,5340.0000,5363.8000,5364.0000,5370.0000,5371.2000,5373.8000,1,4,2,5,2,4,1,1,1,1
SF,IC2007,2020-05-19 09:32:16.900,5362.0000,1470,0,30057640.000,0,-,-,-,-,5358.0000,5357.6000,5357.0000,5353.4000,5340.0000,5363.8000,5364.0000,5370.0000,5371.2000,5373.8000,3,1,2,5,2,4,1,1,1,1
SF,IC2007,2020-05-19 09:32:17.400,5362.0000,1470,0,30057640.000,0,-,-,-,-,5358.0000,5357.6000,5357.0000,5353.4000,5340.0000,5363.8000,5364.0000,5370.0000,5371.2000,5373.8000,3,1,1,5,2,4,1,1,1,1
SF,IC2007,2020-05-19 09:32:17.900,5361.0000,1470,0,31129840.000,1,0,1,多换,S,5358.2000,5358.0000,5357.6000,5357.0000,5353.4000,5363.8000,5364.0000,5370.0000,5371.2000,5373.8000,1,2,1,1,5,4,1,1,1,1
SF,IC2007,2020-05-19 09:32:18.400,5361.0000,1470,0,31129840.000,0,-,-,-,-,5358.4000,5358.2000,5357.6000,5357.0000,5353.4000,5363.8000,5364.0000,5370.0000,5371.2000,5373.8000,2,1,1,1,5,4,1,1,1,1
SF,IC2007,2020-05-19 09:32:18.900,5361.0000,1470,0,31129840.000,0,-,-,-,-,5358.6000,5358.4000,5357.6000,5357.0000,5353.4000,5363.8000,5364.0000,5365.0000,5370.0000,5371.2000,1,2,1,1,5,4,1,5,1,1
SF,IC2007,2020-05-19 09:32:19.400,5361.0000,1470,0,31129840.000,0,-,-,-,-,5358.6000,5358.4000,5357.0000,5353.4000,5340.0000,5363.4000,5363.8000,5365.0000,5370.0000,5371.2000,1,1,1,5,2,1,4,5,1,1
SF,IC2007,2020-05-19 09:32:19.900,5361.0000,1470,0,31129840.000,0,-,-,-,-,5358.6000,5357.0000,5353.4000,5340.0000,5330.0000,5363.2000,5363.4000,5365.0000,5370.0000,5371.2000,1,1,5,2,3,4,1,5,1,1
SF,IC2007,2020-05-19 09:32:20.400,5361.0000,1470,0,31129840.000,0,-,-,-,-,5358.6000,5357.0000,5353.4000,5340.0000,5330.0000,5363.2000,5363.4000,5365.0000,5370.0000,5371.2000,1,1,5,2,3,4,1,5,1,1
SF,IC2007,2020-05-19 09:32:20.900,5361.0000,1470,0,31129840.000,0,-,-,-,-,5358.6000,5357.0000,5353.4000,5340.0000,5330.0000,5363.2000,5363.4000,5365.0000,5370.0000,5371.2000,1,1,5,2,3,4,1,5,1,1
SF,IC2007,2020-05-19 09:32:21.400,5361.0000,1470,0,31129840.000,0,-,-,-,-,5358.6000,5357.0000,5353.4000,5340.0000,5330.0000,5363.2000,5363.4000,5365.0000,5370.0000,5371.2000,1,1,5,2,3,4,1,5,1,1
SF,IC2007,2020-05-19 09:32:21.900,5361.0000,1470,0,31129840.000,0,-,-,-,-,5358.6000,5357.0000,5353.4000,5340.0000,5330.0000,5363.2000,5370.0000,5370.8000,5371.2000,5373.8000,1,1,5,2,3,4,1,5,1,1
SF,IC2007,2020-05-19 09:32:22.400,5361.0000,1470,0,31129840.000,0,-,-,-,-,5358.8000,5358.6000,5357.0000,5353.4000,5340.0000,5363.2000,5370.0000,5370.8000,5371.2000,5373.8000,2,1,1,5,2,4,1,5,1,1
SF,IC2007,2020-05-19 09:32:22.900,5361.0000,1470,0,31129840.000,0,-,-,-,-,5359.0000,5358.8000,5357.0000,5353.4000,5340.0000,5363.2000,5370.0000,5370.8000,5371.2000,5373.8000,1,2,1,5,2,4,1,5,1,1
SF,IC2007,2020-05-19 09:32:23.400,5361.0000,1470,0,31129840.000,0,-,-,-,-,5359.2000,5359.0000,5358.8000,5357.0000,5353.4000,5363.2000,5370.0000,5370.8000,5371.2000,5373.8000,1,1,1,1,5,3,1,5,1,1
SF,IC2007,2020-05-19 09:32:23.900,5361.0000,1470,0,31129840.000,0,-,-,-,-,5359.2000,5359.0000,5358.8000,5357.0000,5353.4000,5363.0000,5363.2000,5370.0000,5370.8000,5371.2000,1,1,1,1,5,1,3,1,5,1
SF,IC2007,2020-05-19 09:32:24.400,5361.0000,1470,0,31129840.000,0,-,-,-,-,5359.0000,5357.0000,5353.4000,5340.0000,5330.0000,5362.8000,5363.0000,5370.0000,5370.8000,5371.2000,1,1,5,2,3,3,1,1,5,1
SF,IC2007,2020-05-19 09:32:24.900,5361.0000,1470,0,31129840.000,0,-,-,-,-,5357.0000,5347.6000,5340.0000,5330.0000,5315.2000,5362.6000,5362.8000,5370.0000,5370.8000,5371.2000,1,5,2,3,1,1,3,1,5,1
SF,IC2007,2020-05-19 09:32:25.400,5361.0000,1470,0,31129840.000,0,-,-,-,-,5357.2000,5357.0000,5347.6000,5340.0000,5330.0000,5362.4000,5362.6000,5370.0000,5370.8000,5371.2000,1,1,5,2,3,3,1,1,5,1
SF,IC2007,2020-05-19 09:32:25.900,5361.0000,1470,0,31129840.000,0,-,-,-,-,5357.0000,5347.6000,5340.0000,5330.0000,5315.2000,5362.2000,5362.4000,5370.0000,5370.8000,5371.2000,1,5,2,3,1,1,3,1,5,1
SF,IC2007,2020-05-19 09:32:26.400,5361.0000,1470,0,31129840.000,0,-,-,-,-,5357.0000,5347.6000,5340.0000,5330.0000,5315.2000,5362.0000,5362.2000,5370.0000,5370.8000,5371.2000,1,5,2,3,1,3,1,1,5,1
SF,IC2007,2020-05-19 09:32:26.900,5361.0000,1470,0,31129840.000,0,-,-,-,-,5357.0000,5347.6000,5340.0000,5330.0000,5315.2000,5361.8000,5362.0000,5370.0000,5370.8000,5371.2000,1,5,2,3,1,1,3,1,5,1
SF,IC2007,2020-05-19 09:32:27.400,5361.0000,1470,0,31129840.000,0,-,-,-,-,5357.0000,5347.6000,5340.0000,5330.0000,5315.2000,5361.6000,5361.8000,5370.0000,5370.8000,5371.2000,1,5,2,3,1,3,1,1,5,1
SF,IC2007,2020-05-19 09:32:27.900,5361.4000,1471,1,32202120.000,1,1,0,双开,S,5357.0000,5347.6000,5340.0000,5330.0000,5315.2000,5361.4000,5361.6000,5370.0000,5370.8000,5371.2000,1,5,2,3,1,1,3,1,5,1
SF,IC2007,2020-05-19 09:32:28.400,5361.4000,1471,0,32202120.000,0,-,-,-,-,5357.0000,5347.6000,5340.0000,5330.0000,5315.2000,5360.0000,5361.2000,5361.4000,5362.8000,5370.0000,1,5,2,3,1,1,3,1,1,1
SF,IC2007,2020-05-19 09:32:28.900,5361.4000,1471,0,32202120.000,0,-,-,-,-,5357.0000,5347.6000,5340.0000,5330.0000,5315.2000,5359.8000,5360.0000,5361.4000,5362.8000,5370.0000,1,5,2,3,1,3,1,1,1,1
SF,IC2007,2020-05-19 09:32:29.900,5361.4000,1471,0,32202120.000,0,-,-,-,-,5357.4000,5357.0000,5347.6000,5340.0000,5330.0000,5359.8000,5360.0000,5361.4000,5362.8000,5370.0000,1,1,5,2,3,3,1,1,1,1
SF,IC2007,2020-05-19 09:32:30.900,5361.4000,1471,0,32202120.000,0,-,-,-,-,5357.8000,5357.0000,5347.6000,5340.0000,5330.0000,5359.8000,5360.0000,5361.4000,5362.8000,5370.0000,1,1,5,2,3,1,1,1,1,1
SF,IC2007,2020-05-19 09:32:31.400,5361.4000,1471,0,32202120.000,0,-,-,-,-,5358.0000,5357.0000,5347.6000,5340.0000,5330.0000,5360.0000,5361.4000,5362.8000,5370.0000,5370.8000,1,1,5,2,3,1,1,1,1,5
SF,IC2007,2020-05-19 09:32:31.900,5361.4000,1471,0,32202120.000,0,-,-,-,-,5358.2000,5357.0000,5347.6000,5340.0000,5330.0000,5360.0000,5361.4000,5362.8000,5370.0000,5370.8000,1,1,5,2,3,1,1,1,1,5
SF,IC2007,2020-05-19 09:32:32.400,5361.4000,1471,0,32202120.000,0,-,-,-,-,5358.2000,5357.0000,5347.6000,5340.0000,5330.0000,5359.8000,5360.0000,5361.4000,5362.8000,5370.0000,1,1,5,2,3,1,1,1,1,1
SF,IC2007,2020-05-19 09:32:32.900,5361.4000,1471,0,32202120.000,0,-,-,-,-,5358.4000,5357.0000,5347.6000,5340.0000,5330.0000,5360.0000,5361.4000,5362.8000,5370.0000,5370.8000,1,1,5,2,3,1,1,1,1,5
SF,IC2007,2020-05-19 09:32:33.400,5361.4000,1471,0,32202120.000,0,-,-,-,-,5357.0000,5347.6000,5340.0000,5330.0000,5315.2000,5360.0000,5361.4000,5362.8000,5370.0000,5370.8000,1,5,2,3,1,1,1,1,1,5
SF,IC2007,2020-05-19 09:32:33.900,5361.4000,1471,0,32202120.000,0,-,-,-,-,5357.0000,5347.6000,5340.0000,5330.0000,5315.2000,5359.8000,5360.0000,5361.4000,5362.8000,5370.0000,1,5,2,3,1,3,1,1,1,1
SF,IC2007,2020-05-19 09:32:34.400,5361.4000,1471,0,32202120.000,0,-,-,-,-,5357.0000,5347.6000,5340.0000,5330.0000,5315.2000,5359.8000,5360.0000,5361.4000,5362.8000,5370.0000,1,5,2,3,1,4,1,1,1,1
SF,IC2007,2020-05-19 09:32:34.900,5357.0000,1470,-1,33273520.000,1,0,1,双平,S,5347.6000,5340.0000,5330.0000,5315.2000,5301.6000,5359.4000,5359.8000,5360.0000,5361.4000,5362.8000,5,2,3,1,8,1,3,1,1,1
SF,IC2007,2020-05-19 09:32:35.400,5357.0000,1470,0,33273520.000,0,-,-,-,-,5353.4000,5351.2000,5349.8000,5349.6000,5347.8000,5359.2000,5360.0000,5361.4000,5362.8000,5370.0000,1,1,1,1,4,2,1,1,1,1
SF,IC2007,2020-05-19 09:32:35.900,5357.0000,1470,0,33273520.000,0,-,-,-,-,5353.8000,5353.6000,5353.4000,5351.2000,5349.8000,5359.2000,5360.0000,5362.8000,5370.0000,5370.8000,1,4,1,1,1,2,1,1,1,5
SF,IC2007,2020-05-19 09:32:36.400,5357.0000,1470,0,33273520.000,0,-,-,-,-,5354.0000,5353.8000,5353.6000,5353.4000,5351.2000,5359.2000,5360.0000,5362.8000,5370.0000,5370.8000,4,1,1,1,1,2,1,1,1,5
SF,IC2007,2020-05-19 09:32:36.900,5357.0000,1470,0,33273520.000,0,-,-,-,-,5354.0000,5353.6000,5353.4000,5351.2000,5349.8000,5359.0000,5359.2000,5360.0000,5362.8000,5370.0000,3,1,1,1,1,1,2,1,1,1
SF,IC2007,2020-05-19 09:32:37.400,5357.0000,1470,0,33273520.000,0,-,-,-,-,5354.0000,5351.2000,5349.6000,5347.8000,5347.6000,5358.8000,5359.0000,5360.0000,5362.8000,5370.0000,3,1,1,2,6,2,2,1,1,1
SF,IC2007,2020-05-19 09:32:37.900,5357.0000,1470,0,33273520.000,0,-,-,-,-,5354.0000,5351.2000,5349.6000,5347.8000,5347.6000,5358.6000,5358.8000,5360.0000,5362.8000,5370.0000,2,1,1,2,6,2,2,1,1,1
SF,IC2007,2020-05-19 09:32:38.400,5357.0000,1470,0,33273520.000,0,-,-,-,-,5351.2000,5349.6000,5347.8000,5347.6000,5340.0000,5358.4000,5358.6000,5360.0000,5362.8000,5370.0000,1,1,2,6,2,2,2,1,1,1
SF,IC2007,2020-05-19 09:32:38.900,5357.0000,1470,0,33273520.000,0,-,-,-,-,5353.4000,5351.4000,5351.2000,5349.6000,5347.8000,5358.4000,5360.0000,5362.8000,5370.0000,5370.8000,1,4,1,1,2,2,1,1,1,5
SF,IC2007,2020-05-19 09:32:39.400,5357.0000,1470,0,33273520.000,0,-,-,-,-,5353.6000,5351.4000,5351.2000,5349.6000,5347.8000,5358.4000,5360.0000,5362.8000,5370.0000,5370.8000,3,3,1,1,2,2,1,1,1,5
SF,IC2007,2020-05-19 09:32:39.900,5357.0000,1470,0,33273520.000,0,-,-,-,-,5351.4000,5351.2000,5349.6000,5347.8000,5347.6000,5357.8000,5358.2000,5358.4000,5360.0000,5362.8000,2,1,1,2,6,1,2,2,1,1
SF,IC2007,2020-05-19 09:32:40.400,5357.0000,1470,0,33273520.000,0,-,-,-,-,5351.8000,5351.6000,5351.4000,5347.8000,5347.6000,5357.6000,5357.8000,5360.0000,5362.8000,5370.8000,1,3,2,2,5,3,1,1,1,5
SF,IC2007,2020-05-19 09:32:40.900,5357.0000,1470,0,33273520.000,0,-,-,-,-,5352.0000,5351.8000,5351.4000,5347.8000,5347.6000,5357.6000,5357.8000,5360.0000,5362.8000,5370.8000,4,1,1,2,5,3,1,1,1,5
SF,IC2007,2020-05-19 09:32:41.400,5357.0000,1470,0,33273520.000,0,-,-,-,-,5352.0000,5351.8000,5351.4000,5347.8000,5347.6000,5357.4000,5357.6000,5357.8000,5360.0000,5362.8000,3,1,1,2,5,1,3,1,1,1
SF,IC2007,2020-05-19 09:32:41.900,5357.0000,1470,0,33273520.000,0,-,-,-,-,5352.0000,5351.8000,5351.4000,5347.8000,5347.6000,5357.2000,5357.4000,5357.8000,5360.0000,5362.8000,3,1,1,2,5,3,1,1,1,1
SF,IC2007,2020-05-19 09:32:42.400,5357.0000,1470,0,33273520.000,0,-,-,-,-,5352.2000,5352.0000,5351.8000,5351.4000,5347.8000,5357.0000,5357.2000,5360.0000,5362.8000,5370.8000,1,3,1,1,2,1,3,1,1,5
SF,IC2007,2020-05-19 09:32:42.900,5357.0000,1470,0,33273520.000,0,-,-,-,-,5352.4000,5352.2000,5352.0000,5351.4000,5347.8000,5356.8000,5357.0000,5360.0000,5362.8000,5370.8000,1,1,1,1,2,3,1,1,1,5
SF,IC2007,2020-05-19 09:32:43.400,5357.0000,1470,0,33273520.000,0,-,-,-,-,5352.2000,5352.0000,5347.8000,5341.8000,5340.0000,5356.6000,5356.8000,5360.0000,5362.8000,5370.8000,1,1,2,5,2,1,3,1,1,5
SF,IC2007,2020-05-19 09:32:43.900,5357.0000,1470,0,33273520.000,0,-,-,-,-,5352.2000,5347.8000,5341.8000,5340.0000,5330.0000,5356.4000,5356.6000,5359.2000,5360.0000,5362.8000,1,2,5,2,3,3,1,5,1,1
SF,IC2007,2020-05-19 09:32:44.400,5357.0000,1470,0,33273520.000,0,-,-,-,-,5353.4000,5347.8000,5341.8000,5340.0000,5330.0000,5356.2000,5356.4000,5359.2000,5360.0000,5362.8000,1,2,5,2,3,1,3,5,1,1
SF,IC2007,2020-05-19 09:32:44.900,5353.4000,1469,-1,34344200.000,1,0,1,双平,S,5347.8000,5341.8000,5340.0000,5330.0000,5315.2000,5352.2000,5355.8000,5356.0000,5359.2000,5360.0000,2,5,2,3,1,1,1,3,5,1
SF,IC2007,2020-05-19 09:32:45.400,5352.2000,1468,-1,35414640.000,1,0,1,双平,S,5348.2000,5348.0000,5347.8000,5347.6000,5341.8000,5356.0000,5359.2000,5360.0000,5362.8000,5371.2000,1,3,2,1,5,3,5,1,1,1
SF,IC2007,2020-05-19 09:32:45.900,5352.2000,1468,0,35414640.000,0,-,-,-,-,5349.4000,5348.4000,5348.2000,5347.8000,5347.6000,5356.0000,5359.2000,5360.0000,5362.8000,5371.2000,1,4,1,2,1,3,5,1,1,1
SF,IC2007,2020-05-19 09:32:46.400,5352.2000,1468,0,35414640.000,0,-,-,-,-,5349.6000,5349.4000,5347.8000,5347.6000,5341.8000,5356.0000,5359.2000,5360.0000,5362.8000,5371.2000,4,1,2,1,5,3,5,1,1,1
SF,IC2007,2020-05-19 09:32:46.900,5352.2000,1468,0,35414640.000,0,-,-,-,-,5349.6000,5349.4000,5347.8000,5347.6000,5341.8000,5355.4000,5355.8000,5356.0000,5359.2000,5360.0000,3,1,2,1,5,1,1,3,5,1
SF,IC2007,2020-05-19 09:32:47.400,5352.2000,1468,0,35414640.000,0,-,-,-,-,5349.6000,5349.4000,5347.8000,5347.6000,5341.8000,5355.0000,5355.2000,5355.4000,5359.2000,5360.0000,2,1,2,1,5,1,4,1,5,1
SF,IC2007,2020-05-19 09:32:47.900,5352.2000,1468,0,35414640.000,0,-,-,-,-,5349.6000,5349.4000,5347.8000,5341.8000,5340.0000,5354.8000,5355.0000,5355.4000,5359.2000,5360.0000,1,1,1,5,2,4,1,1,5,1
SF,IC2007,2020-05-19 09:32:48.400,5352.2000,1468,0,35414640.000,0,-,-,-,-,5347.8000,5341.8000,5340.0000,5330.0000,5315.2000,5354.8000,5355.0000,5355.4000,5359.2000,5360.0000,1,5,2,3,1,4,1,1,5,1
SF,IC2007,2020-05-19 09:32:48.900,5352.2000,1468,0,35414640.000,0,-,-,-,-,5348.0000,5347.8000,5347.6000,5341.8000,5340.0000,5354.8000,5355.0000,5359.2000,5360.0000,5371.2000,3,1,1,5,2,4,1,5,1,1
SF,IC2007,2020-05-19 09:32:49.400,5352.2000,1468,0,35414640.000,0,-,-,-,-,5348.2000,5348.0000,5347.6000,5341.8000,5340.0000,5354.8000,5355.0000,5359.2000,5360.0000,5371.2000,1,3,1,5,2,4,1,5,1,1
SF,IC2007,2020-05-19 09:32:49.900,5352.2000,1468,0,35414640.000,0,-,-,-,-,5348.4000,5348.2000,5347.6000,5341.8000,5340.0000,5354.8000,5355.0000,5359.2000,5360.0000,5371.2000,4,2,1,5,2,4,1,5,1,1
SF,IC2007,2020-05-19 09:32:50.400,5352.2000,1468,0,35414640.000,0,-,-,-,-,5348.4000,5341.8000,5340.0000,5330.0000,5315.2000,5354.6000,5354.8000,5355.0000,5359.2000,5360.0000,3,5,2,3,1,1,4,1,5,1
SF,IC2007,2020-05-19 09:32:50.900,5352.2000,1468,0,35414640.000,0,-,-,-,-,5348.6000,5348.4000,5341.8000,5340.0000,5330.0000,5354.4000,5355.0000,5359.2000,5360.0000,5371.2000,2,3,5,2,3,4,1,5,1,1
SF,IC2007,2020-05-19 09:32:51.400,5352.2000,1468,0,35414640.000,0,-,-,-,-,5349.0000,5348.8000,5348.6000,5348.4000,5341.8000,5354.4000,5359.2000,5360.0000,5371.2000,5373.8000,1,4,2,1,5,2,5,1,1,1
SF,IC2007,2020-05-19 09:32:51.900,5354.4000,1468,0,36485520.000,1,0,1,多换,S,5349.2000,5349.0000,5348.8000,5348.6000,5348.4000,5359.2000,5360.0000,5371.2000,5373.8000,5374.6000,5,1,1,1,1,5,1,1,1,1
SF,IC2007,2020-05-19 09:32:52.400,5354.4000,1468,0,36485520.000,0,-,-,-,-,5349.4000,5349.2000,5349.0000,5348.8000,5348.6000,5359.0000,5359.2000,5360.0000,5371.2000,5373.8000,2,5,1,1,1,3,6,1,1,1
SF,IC2007,2020-05-19 09:32:52.900,5354.4000,1468,0,36485520.000,0,-,-,-,-,5349.6000,5349.4000,5349.0000,5348.8000,5348.6000,5358.8000,5359.0000,5359.2000,5360.0000,5371.2000,5,2,1,1,1,1,4,6,1,1
SF,IC2007,2020-05-19 09:32:53.400,5354.4000,1468,0,36485520.000,0,-,-,-,-,5349.8000,5349.6000,5349.4000,5349.0000,5348.8000,5357.0000,5358.6000,5358.8000,5359.0000,5359.2000,2,5,1,1,1,1,3,1,1,6
SF,IC2007,2020-05-19 09:32:53.900,5354.4000,1468,0,36485520.000,0,-,-,-,-,5350.2000,5350.0000,5349.8000,5349.4000,5349.0000,5356.8000,5357.0000,5359.2000,5360.0000,5371.2000,1,5,2,1,1,4,1,6,1,1
SF,IC2007,2020-05-19 09:32:54.400,5354.4000,1468,0,36485520.000,0,-,-,-,-,5350.4000,5349.8000,5349.0000,5348.8000,5348.6000,5356.4000,5356.8000,5359.2000,5360.0000,5371.2000,6,1,1,1,1,1,4,6,1,1
SF,IC2007,2020-05-19 09:32:54.900,5354.4000,1468,0,36485520.000,0,-,-,-,-,5350.4000,5349.8000,5349.0000,5348.8000,5348.6000,5356.2000,5356.4000,5359.2000,5360.0000,5371.2000,7,1,1,1,1,4,1,6,1,1
SF,IC2007,2020-05-19 09:32:55.400,5354.4000,1468,0,36485520.000,0,-,-,-,-,5350.4000,5349.8000,5349.0000,5348.8000,5348.6000,5356.2000,5359.2000,5360.0000,5371.2000,5373.8000,7,1,1,1,1,4,6,1,1,1
SF,IC2007,2020-05-19 09:32:55.900,5354.4000,1468,0,36485520.000,0,-,-,-,-,5350.4000,5349.8000,5349.0000,5348.8000,5348.6000,5356.2000,5359.2000,5360.0000,5371.2000,5373.8000,7,1,1,1,1,1,6,1,1,1
SF,IC2007,2020-05-19 09:32:56.400,5354.4000,1468,0,36485520.000,0,-,-,-,-,5350.8000,5350.4000,5349.8000,5349.0000,5348.8000,5356.2000,5359.2000,5360.0000,5365.0000,5371.2000,1,7,1,1,1,1,1,1,5,1
SF,IC2007,2020-05-19 09:32:56.900,5354.4000,1468,0,36485520.000,0,-,-,-,-,5351.4000,5351.0000,5350.4000,5349.8000,5349.0000,5356.0000,5356.2000,5359.2000,5360.0000,5365.0000,1,6,1,1,1,2,1,1,1,5
SF,IC2007,2020-05-19 09:32:57.400,5354.4000,1468,0,36485520.000,0,-,-,-,-,5351.6000,5351.4000,5351.0000,5350.4000,5349.8000,5356.0000,5359.2000,5360.0000,5365.0000,5371.2000,5,1,2,1,1,2,1,1,5,1
SF,IC2007,2020-05-19 09:32:57.900,5354.4000,1468,0,36485520.000,0,-,-,-,-,5351.6000,5351.4000,5351.0000,5350.4000,5349.8000,5355.8000,5359.2000,5360.0000,5365.0000,5371.2000,5,1,2,1,1,1,1,1,5,1
SF,IC2007,2020-05-19 09:32:58.400,5354.4000,1468,0,36485520.000,0,-,-,-,-,5352.0000,5351.8000,5351.6000,5351.0000,5350.4000,5355.8000,5359.2000,5360.0000,5365.0000,5371.2000,1,1,5,1,1,1,1,1,5,1
SF,IC2007,2020-05-19 09:32:58.900,5354.4000,1468,0,36485520.000,0,-,-,-,-,5352.2000,5352.0000,5351.6000,5351.0000,5349.8000,5359.2000,5360.0000,5365.0000,5371.2000,5373.8000,6,1,1,1,1,1,1,5,1,1
SF,IC2007,2020-05-19 09:32:59.400,5354.4000,1468,0,36485520.000,0,-,-,-,-,5352.4000,5352.2000,5352.0000,5351.0000,5349.8000,5359.0000,5359.2000,5360.0000,5365.0000,5371.2000,1,6,1,1,1,4,1,1,5,1
SF,IC2007,2020-05-19 09:32:59.900,5354.4000,1468,0,36485520.000,0,-,-,-,-,5352.6000,5352.4000,5352.2000,5351.0000,5349.8000,5358.6000,5359.0000,5359.2000,5360.0000,5365.0000,6,1,1,1,1,1,4,1,1,5
SF,IC2007,2020-05-19 09:33:00.400,5354.4000,1468,0,36485520.000,0,-,-,-,-,5352.8000,5352.6000,5352.2000,5351.0000,5349.8000,5358.4000,5358.6000,5359.2000,5360.0000,5365.0000,1,4,1,1,1,4,1,1,1,5
SF,IC2007,2020-05-19 09:33:00.900,5354.4000,1468,0,36485520.000,0,-,-,-,-,5353.0000,5352.8000,5352.6000,5352.2000,5351.0000,5358.4000,5358.6000,5359.2000,5360.0000,5365.0000,4,1,1,1,1,4,1,1,1,5
SF,IC2007,2020-05-19 09:33:01.400,5354.4000,1468,0,36485520.000,0,-,-,-,-,5353.2000,5353.0000,5351.0000,5349.0000,5348.8000,5358.4000,5358.6000,5359.2000,5360.0000,5365.0000,2,4,1,1,1,4,1,1,1,5
SF,IC2007,2020-05-19 09:33:01.900,5354.4000,1468,0,36485520.000,0,-,-,-,-,5353.4000,5353.2000,5351.0000,5349.0000,5348.8000,5358.4000,5358.6000,5359.2000,5360.0000,5365.0000,1,2,1,1,1,4,1,1,1,5
SF,IC2007,2020-05-19 09:33:02.400,5354.4000,1468,0,36485520.000,0,-,-,-,-,5353.4000,5353.2000,5351.0000,5349.0000,5348.8000,5358.4000,5358.6000,5359.2000,5360.0000,5365.0000,1,1,1,1,1,4,1,1,1,5
SF,IC2007,2020-05-19 09:33:04.900,5354.4000,1468,0,36485520.000,0,-,-,-,-,5353.4000,5353.2000,5351.0000,5349.0000,5348.8000,5358.4000,5358.6000,5360.0000,5365.0000,5371.2000,1,1,1,1,1,4,1,1,5,1
SF,IC2007,2020-05-19 09:33:05.400,5354.4000,1468,0,36485520.000,0,-,-,-,-,5353.6000,5353.4000,5353.2000,5351.0000,5349.0000,5358.4000,5360.0000,5365.0000,5371.2000,5373.8000,3,1,1,1,1,4,1,5,1,1
SF,IC2007,2020-05-19 09:33:05.900,5354.4000,1468,0,36485520.000,0,-,-,-,-,5353.8000,5353.6000,5353.4000,5353.2000,5351.0000,5358.4000,5360.0000,5365.0000,5371.2000,5373.8000,1,3,1,1,1,3,1,5,1,1
SF,IC2007,2020-05-19 09:33:06.400,5354.4000,1468,0,36485520.000,0,-,-,-,-,5354.0000,5353.8000,5353.4000,5353.2000,5351.0000,5360.0000,5365.0000,5371.2000,5373.8000,5374.6000,3,3,1,1,1,1,5,1,1,1
SF,IC2007,2020-05-19 09:33:06.900,5354.4000,1468,0,36485520.000,0,-,-,-,-,5354.2000,5354.0000,5353.8000,5353.4000,5351.0000,5359.8000,5360.0000,5365.0000,5371.2000,5373.8000,3,3,1,1,1,3,1,5,1,1
SF,IC2007,2020-05-19 09:33:07.400,5354.4000,1468,0,36485520.000,0,-,-,-,-,5354.4000,5354.2000,5353.8000,5353.4000,5351.0000,5359.6000,5360.0000,5365.0000,5371.2000,5373.8000,3,3,1,1,1,2,1,5,1,1
SF,IC2007,2020-05-19 09:33:07.900,5354.4000,1468,0,36485520.000,0,-,-,-,-,5354.8000,5354.6000,5354.4000,5353.8000,5353.4000,5360.0000,5365.0000,5371.2000,5373.8000,5374.6000,1,3,4,1,1,1,5,1,1,1
SF,IC2007,2020-05-19 09:33:08.400,5354.4000,1466,-2,49336080.000,12,5,7,多平,S,5355.0000,5354.4000,5353.8000,5353.4000,5351.0000,5359.8000,5360.0000,5365.0000,5371.2000,5373.8000,1,1,1,1,1,4,1,5,1,1
SF,IC2007,2020-05-19 09:33:08.900,5354.4000,1466,0,49336080.000,0,-,-,-,-,5355.4000,5355.0000,5354.4000,5353.8000,5353.4000,5359.8000,5360.0000,5365.0000,5371.2000,5373.8000,1,1,1,1,1,1,1,5,1,1
SF,IC2007,2020-05-19 09:33:09.400,5354.4000,1466,0,49336080.000,0,-,-,-,-,5355.6000,5355.0000,5354.4000,5353.8000,5353.4000,5359.6000,5359.8000,5360.0000,5365.0000,5371.2000,1,1,1,1,1,3,1,1,5,1
SF,IC2007,2020-05-19 09:33:09.900,5354.4000,1466,0,49336080.000,0,-,-,-,-,5356.0000,5355.8000,5355.6000,5355.0000,5354.4000,5359.8000,5360.0000,5365.0000,5371.2000,5373.8000,1,1,1,1,1,1,1,5,1,1
SF,IC2007,2020-05-19 09:33:10.400,5354.4000,1466,0,49336080.000,0,-,-,-,-,5356.2000,5355.8000,5355.0000,5354.4000,5353.8000,5359.6000,5360.0000,5365.0000,5371.2000,5373.8000,2,1,1,1,1,4,1,5,1,1
SF,IC2007,2020-05-19 09:33:10.900,5354.4000,1466,0,49336080.000,0,-,-,-,-,5356.6000,5356.2000,5355.8000,5355.0000,5354.4000,5359.6000,5360.0000,5365.0000,5371.2000,5373.8000,2,2,1,1,1,1,1,5,1,1
SF,IC2007,2020-05-19 09:33:11.400,5354.4000,1466,0,49336080.000,0,-,-,-,-,5356.8000,5356.2000,5355.8000,5355.0000,5354.4000,5359.4000,5359.6000,5360.0000,5365.0000,5371.2000,1,1,1,2,1,3,1,1,5,1
SF,IC2007,2020-05-19 09:33:11.900,5354.4000,1466,0,49336080.000,0,-,-,-,-,5357.0000,5356.8000,5356.2000,5355.4000,5355.0000,5359.2000,5360.0000,5365.0000,5371.2000,5373.8000,1,2,1,1,2,1,1,5,1,1
SF,IC2007,2020-05-19 09:33:12.400,5354.4000,1466,0,49336080.000,0,-,-,-,-,5357.2000,5357.0000,5356.2000,5355.4000,5355.0000,5359.2000,5360.0000,5365.0000,5371.2000,5373.8000,1,1,1,1,3,1,1,5,1,1
SF,IC2007,2020-05-19 09:33:12.900,5354.4000,1466,0,49336080.000,0,-,-,-,-,5357.2000,5357.0000,5356.2000,5355.4000,5355.2000,5359.2000,5360.0000,5365.0000,5371.2000,5373.8000,1,1,1,1,1,1,1,5,1,1
SF,IC2007,2020-05-19 09:33:13.900,5354.4000,1466,0,49336080.000,0,-,-,-,-,5357.4000,5357.2000,5357.0000,5356.2000,5355.4000,5359.2000,5360.0000,5365.0000,5371.2000,5373.8000,1,1,1,1,1,1,1,5,1,1
SF,IC2007,2020-05-19 09:33:14.400,5354.4000,1466,0,49336080.000,0,-,-,-,-,5357.6000,5357.4000,5357.0000,5356.2000,5355.4000,5360.0000,5365.0000,5371.2000,5373.8000,5374.6000,1,2,1,1,1,1,5,1,1,1
SF,IC2007,2020-05-19 09:33:14.900,5354.4000,1466,0,49336080.000,0,-,-,-,-,5358.0000,5357.6000,5357.4000,5356.2000,5355.4000,5360.0000,5365.0000,5371.2000,5373.8000,5374.6000,1,1,1,1,1,1,5,1,1,1
SF,IC2007,2020-05-19 09:33:15.400,5354.4000,1466,0,49336080.000,0,-,-,-,-,5358.2000,5358.0000,5356.2000,5355.4000,5355.2000,5360.0000,5365.0000,5371.2000,5373.8000,5374.6000,1,1,1,1,2,1,5,1,1,1
SF,IC2007,2020-05-19 09:33:15.900,5354.4000,1466,0,49336080.000,0,-,-,-,-,5358.2000,5358.0000,5357.6000,5356.2000,5355.4000,5360.0000,5370.8000,5371.2000,5373.8000,5374.6000,2,1,1,1,1,1,5,1,1,1
SF,IC2007,2020-05-19 09:33:16.900,5360.0000,1466,0,50408080.000,1,0,1,多换,S,5358.4000,5358.2000,5358.0000,5357.6000,5357.0000,5370.8000,5371.2000,5373.8000,5374.6000,5376.8000,1,2,1,1,1,5,1,1,1,1
SF,IC2007,2020-05-19 09:33:17.400,5360.0000,1466,0,50408080.000,0,-,-,-,-,5358.6000,5358.4000,5357.6000,5357.0000,5356.2000,5370.6000,5370.8000,5371.2000,5373.8000,5374.6000,1,1,1,1,1,6,6,1,1,1
SF,IC2007,2020-05-19 09:33:17.900,5360.0000,1466,0,50408080.000,0,-,-,-,-,5359.0000,5358.6000,5358.4000,5357.6000,5357.0000,5370.2000,5370.6000,5370.8000,5371.2000,5373.8000,1,2,1,1,1,1,7,6,1,1
SF,IC2007,2020-05-19 09:33:18.400,5360.0000,1466,0,50408080.000,0,-,-,-,-,5359.2000,5359.0000,5358.6000,5358.4000,5357.0000,5370.0000,5370.2000,5370.6000,5370.8000,5371.2000,3,1,1,1,1,6,1,1,6,1
SF,IC2007,2020-05-19 09:33:18.900,5360.0000,1466,0,50408080.000,0,-,-,-,-,5359.2000,5359.0000,5358.4000,5357.0000,5355.4000,5367.0000,5367.2000,5367.4000,5370.0000,5370.2000,2,1,1,1,1,1,1,1,6,1
SF,IC2007,2020-05-19 09:33:19.400,5360.0000,1466,0,50408080.000,0,-,-,-,-,5359.2000,5357.0000,5355.4000,5355.0000,5354.4000,5366.6000,5366.8000,5367.0000,5367.2000,5367.4000,2,1,1,1,1,1,6,1,1,1
SF,IC2007,2020-05-19 09:33:19.900,5360.0000,1466,0,50408080.000,0,-,-,-,-,5359.4000,5359.2000,5357.0000,5356.4000,5355.4000,5365.4000,5365.8000,5366.4000,5367.0000,5367.2000,1,3,1,1,1,1,1,6,1,1
SF,IC2007,2020-05-19 09:33:20.400,5360.0000,1466,0,50408080.000,0,-,-,-,-,5359.6000,5359.4000,5359.2000,5357.0000,5356.4000,5365.2000,5365.4000,5365.8000,5367.0000,5367.2000,1,1,2,1,1,6,1,1,1,1
SF,IC2007,2020-05-19 09:33:20.900,5360.0000,1466,0,50408080.000,0,-,-,-,-,5360.0000,5359.6000,5359.4000,5359.2000,5356.4000,5365.2000,5365.4000,5365.8000,5367.0000,5367.2000,1,2,1,2,1,6,1,1,1,1
SF,IC2007,2020-05-19 09:33:21.400,5360.0000,1466,0,50408080.000,0,-,-,-,-,5360.2000,5359.6000,5356.4000,5355.4000,5355.0000,5365.2000,5367.0000,5367.2000,5370.2000,5370.8000,2,1,1,1,1,6,1,1,1,6
SF,IC2007,2020-05-19 09:33:21.900,5360.0000,1466,0,50408080.000,0,-,-,-,-,5360.2000,5356.4000,5355.4000,5355.0000,5354.4000,5364.6000,5365.2000,5367.0000,5367.2000,5370.2000,2,1,1,1,1,1,6,1,1,1
SF,IC2007,2020-05-19 09:33:22.400,5360.0000,1466,0,50408080.000,0,-,-,-,-,5360.6000,5360.2000,5356.4000,5355.4000,5355.0000,5364.4000,5367.0000,5367.2000,5370.2000,5370.8000,1,2,1,1,1,6,1,1,1,6
SF,IC2007,2020-05-19 09:33:22.900,5360.0000,1466,0,50408080.000,0,-,-,-,-,5360.8000,5360.2000,5356.4000,5355.4000,5355.0000,5364.4000,5367.0000,5367.2000,5370.2000,5370.8000,1,1,1,1,1,5,1,1,1,6
SF,IC2007,2020-05-19 09:33:23.400,5360.0000,1466,0,50408080.000,0,-,-,-,-,5360.8000,5360.2000,5358.0000,5356.4000,5355.4000,5364.4000,5367.0000,5367.2000,5370.2000,5370.8000,1,1,1,1,1,5,1,1,1,6
SF,IC2007,2020-05-19 09:33:24.900,5360.0000,1466,0,50408080.000,0,-,-,-,-,5360.2000,5358.0000,5356.4000,5355.4000,5355.0000,5364.4000,5367.0000,5367.2000,5370.2000,5370.8000,1,1,1,1,1,5,1,1,1,6
SF,IC2007,2020-05-19 09:33:25.400,5360.0000,1466,0,50408080.000,0,-,-,-,-,5360.4000,5360.2000,5358.0000,5356.4000,5355.4000,5364.4000,5367.2000,5370.2000,5370.8000,5371.2000,1,1,1,1,1,5,1,1,6,1
SF,IC2007,2020-05-19 09:33:26.400,5360.0000,1466,0,50408080.000,0,-,-,-,-,5360.6000,5360.4000,5358.0000,5356.4000,5355.4000,5364.4000,5367.2000,5370.2000,5370.8000,5371.2000,1,1,1,1,1,4,1,1,6,1
SF,IC2007,2020-05-19 09:33:26.900,5360.0000,1466,0,50408080.000,0,-,-,-,-,5360.8000,5360.6000,5358.0000,5356.4000,5355.4000,5364.4000,5367.2000,5370.2000,5370.8000,5371.2000,2,1,1,1,1,4,1,1,6,1
SF,IC2007,2020-05-19 09:33:27.400,5360.0000,1466,0,50408080.000,0,-,-,-,-,5360.8000,5358.0000,5356.4000,5355.4000,5355.0000,5364.4000,5367.2000,5370.2000,5370.8000,5371.2000,2,1,1,1,1,4,1,1,6,1
SF,IC2007,2020-05-19 09:33:27.900,5360.0000,1466,0,50408080.000,0,-,-,-,-,5361.0000,5360.8000,5358.0000,5356.4000,5355.4000,5364.4000,5367.2000,5370.2000,5370.8000,5371.2000,1,2,1,1,1,4,1,1,6,1
SF,IC2007,2020-05-19 09:33:28.400,5360.0000,1466,0,50408080.000,0,-,-,-,-,5361.2000,5361.0000,5360.8000,5358.0000,5356.4000,5364.4000,5367.2000,5370.2000,5370.8000,5371.2000,1,1,1,1,1,4,1,1,6,1
SF,IC2007,2020-05-19 09:33:28.900,5360.0000,1466,0,50408080.000,0,-,-,-,-,5361.2000,5360.8000,5358.0000,5356.4000,5355.4000,5364.4000,5367.2000,5370.2000,5370.8000,5371.2000,1,1,1,1,1,4,1,1,6,1
SF,IC2007,2020-05-19 09:33:29.400,5360.0000,1466,0,50408080.000,0,-,-,-,-,5361.2000,5358.0000,5356.4000,5355.4000,5355.0000,5364.0000,5364.4000,5367.2000,5370.2000,5370.8000,1,1,1,1,1,1,4,1,1,6
SF,IC2007,2020-05-19 09:33:29.900,5360.0000,1466,0,50408080.000,0,-,-,-,-,5356.4000,5355.4000,5355.0000,5354.4000,5353.8000,5363.8000,5364.0000,5367.2000,5370.2000,5370.8000,1,1,1,1,1,5,1,1,1,6
SF,IC2007,2020-05-19 09:33:30.400,5360.0000,1466,0,50408080.000,0,-,-,-,-,5361.6000,5359.2000,5356.8000,5356.6000,5356.4000,5363.6000,5367.2000,5370.2000,5370.8000,5371.2000,1,1,1,1,2,3,1,1,6,1
SF,IC2007,2020-05-19 09:33:30.900,5360.0000,1466,0,50408080.000,0,-,-,-,-,5361.6000,5359.2000,5356.8000,5356.6000,5356.4000,5363.4000,5367.2000,5370.2000,5370.8000,5371.2000,1,1,1,2,2,1,1,1,6,1
SF,IC2007,2020-05-19 09:33:31.400,5360.0000,1466,0,50408080.000,0,-,-,-,-,5360.0000,5359.2000,5356.6000,5356.4000,5355.4000,5363.4000,5367.2000,5370.2000,5370.8000,5371.2000,1,1,2,2,1,1,1,1,6,1
SF,IC2007,2020-05-19 09:33:31.900,5360.0000,1466,0,50408080.000,0,-,-,-,-,5360.2000,5360.0000,5359.2000,5356.6000,5356.4000,5367.2000,5370.2000,5370.8000,5371.2000,5373.8000,1,1,1,1,2,1,1,6,1,1
SF,IC2007,2020-05-19 09:33:32.400,5360.0000,1466,0,50408080.000,0,-,-,-,-,5360.6000,5360.2000,5360.0000,5359.2000,5356.6000,5367.0000,5367.2000,5370.8000,5371.2000,5373.8000,1,1,1,1,2,6,1,6,1,1
SF,IC2007,2020-05-19 09:33:32.900,5360.0000,1466,0,50408080.000,0,-,-,-,-,5360.8000,5360.6000,5360.4000,5360.0000,5359.2000,5367.0000,5370.8000,5371.2000,5373.8000,5374.6000,2,1,1,1,1,6,6,1,1,1
SF,IC2007,2020-05-19 09:33:34.400,5360.0000,1466,0,50408080.000,0,-,-,-,-,5361.0000,5360.8000,5360.6000,5360.4000,5360.0000,5367.0000,5370.8000,5371.2000,5373.8000,5374.6000,1,2,1,1,1,6,6,1,1,1
SF,IC2007,2020-05-19 09:33:34.900,5360.0000,1466,0,50408080.000,0,-,-,-,-,5361.2000,5360.8000,5360.6000,5360.4000,5360.0000,5367.0000,5370.8000,5371.2000,5373.8000,5374.6000,1,1,1,1,1,6,6,1,1,1
SF,IC2007,2020-05-19 09:33:35.400,5360.0000,1466,0,50408080.000,0,-,-,-,-,5361.2000,5360.8000,5360.6000,5360.4000,5360.0000,5367.0000,5370.8000,5371.2000,5373.8000,5374.6000,1,1,1,1,1,6,6,1,1,1
SF,IC2007,2020-05-19 09:33:35.900,5360.0000,1466,0,50408080.000,0,-,-,-,-,5361.2000,5360.6000,5360.4000,5360.0000,5359.2000,5367.0000,5370.8000,5371.2000,5373.8000,5374.6000,1,1,1,1,1,6,6,1,1,1
SF,IC2007,2020-05-19 09:33:36.400,5360.0000,1466,0,50408080.000,0,-,-,-,-,5361.2000,5360.6000,5360.4000,5360.0000,5359.2000,5367.0000,5370.8000,5371.2000,5373.8000,5374.6000,1,1,1,1,1,6,6,1,1,1
SF,IC2007,2020-05-19 09:33:36.900,5360.0000,1466,0,50408080.000,0,-,-,-,-,5361.2000,5360.6000,5360.4000,5360.0000,5359.2000,5366.0000,5367.0000,5370.8000,5371.2000,5373.8000,1,1,1,1,1,1,6,6,1,1
SF,IC2007,2020-05-19 09:33:37.400,5360.0000,1466,0,50408080.000,0,-,-,-,-,5361.2000,5360.6000,5360.4000,5360.0000,5359.2000,5365.8000,5366.0000,5370.8000,5371.2000,5373.8000,1,1,1,1,1,6,1,6,1,1
SF,IC2007,2020-05-19 09:33:38.400,5360.0000,1466,0,50408080.000,0,-,-,-,-,5361.2000,5360.6000,5360.4000,5360.0000,5359.2000,5365.2000,5365.8000,5370.8000,5371.2000,5373.8000,1,1,1,1,1,1,6,6,1,1
SF,IC2007,2020-05-19 09:33:38.900,5360.0000,1466,0,50408080.000,0,-,-,-,-,5361.2000,5360.6000,5360.4000,5360.0000,5359.2000,5365.0000,5365.2000,5365.8000,5370.8000,5371.2000,1,1,1,1,1,4,1,2,6,1
SF,IC2007,2020-05-19 09:33:39.400,5360.0000,1466,0,50408080.000,0,-,-,-,-,5361.2000,5360.6000,5360.4000,5360.0000,5359.2000,5365.0000,5365.8000,5370.8000,5371.2000,5373.8000,1,1,1,1,1,4,2,6,1,1
SF,IC2007,2020-05-19 09:33:39.900,5360.0000,1466,0,50408080.000,0,-,-,-,-,5361.2000,5360.6000,5360.4000,5360.0000,5359.2000,5365.0000,5365.8000,5370.8000,5371.2000,5373.8000,1,2,1,1,1,1,2,6,1,1
SF,IC2007,2020-05-19 09:33:40.400,5360.0000,1466,0,50408080.000,0,-,-,-,-,5361.2000,5360.6000,5360.4000,5360.2000,5360.0000,5365.0000,5365.8000,5370.8000,5371.2000,5373.8000,1,2,1,1,1,1,2,6,1,1
SF,IC2007,2020-05-19 09:33:40.900,5360.0000,1466,0,50408080.000,0,-,-,-,-,5361.2000,5360.6000,5360.4000,5360.2000,5360.0000,5365.8000,5370.8000,5371.2000,5373.8000,5374.6000,1,2,1,1,1,2,6,1,1,1
SF,IC2007,2020-05-19 09:33:41.400,5360.0000,1466,0,50408080.000,0,-,-,-,-,5361.2000,5360.6000,5360.4000,5360.2000,5360.0000,5365.6000,5365.8000,5370.8000,5371.2000,5373.8000,1,2,1,1,1,4,1,6,1,1
SF,IC2007,2020-05-19 09:33:41.900,5360.0000,1466,0,50408080.000,0,-,-,-,-,5365.0000,5361.2000,5361.0000,5360.6000,5360.4000,5365.4000,5365.6000,5370.8000,5371.2000,5373.8000,1,1,1,2,1,1,4,6,1,1
SF,IC2007,2020-05-19 09:33:42.400,5364.4000,1466,0,51480960.000,1,0,1,多换,S,5361.2000,5361.0000,5360.6000,5360.4000,5359.2000,5364.8000,5365.2000,5365.6000,5370.8000,5371.2000,1,1,2,1,1,1,2,1,6,1
SF,IC2007,2020-05-19 09:33:42.900,5364.4000,1466,0,51480960.000,0,-,-,-,-,5361.2000,5361.0000,5360.6000,5360.4000,5359.2000,5364.6000,5365.2000,5370.8000,5371.2000,5373.8000,1,1,2,1,1,1,3,6,1,1
SF,IC2007,2020-05-19 09:33:43.400,5364.4000,1466,0,51480960.000,0,-,-,-,-,5361.2000,5361.0000,5360.6000,5360.4000,5359.2000,5364.6000,5370.8000,5371.2000,5373.8000,5374.6000,1,2,1,1,1,4,6,1,1,1
SF,IC2007,2020-05-19 09:33:43.900,5364.4000,1466,0,51480960.000,0,-,-,-,-,5361.2000,5360.6000,5360.4000,5359.2000,5356.6000,5364.6000,5370.8000,5371.2000,5373.8000,5374.6000,1,1,1,1,2,4,6,1,1,1
SF,IC2007,2020-05-19 09:33:44.400,5364.4000,1466,0,51480960.000,0,-,-,-,-,5361.2000,5359.2000,5356.6000,5355.0000,5354.4000,5364.6000,5370.8000,5371.2000,5373.8000,5374.6000,1,1,2,1,1,4,6,1,1,1
SF,IC2007,2020-05-19 09:33:44.900,5364.4000,1466,0,51480960.000,0,-,-,-,-,5356.6000,5355.0000,5354.4000,5353.4000,5340.0000,5364.4000,5364.6000,5370.8000,5371.2000,5373.8000,2,1,1,5,2,1,4,6,1,1
SF,IC2007,2020-05-19 09:33:45.400,5364.4000,1466,0,51480960.000,0,-,-,-,-,5358.0000,5356.8000,5356.6000,5355.0000,5354.4000,5364.2000,5364.4000,5370.8000,5371.2000,5373.8000,1,1,2,1,1,4,1,6,1,1
SF,IC2007,2020-05-19 09:33:45.900,5364.4000,1466,0,51480960.000,0,-,-,-,-,5359.2000,5358.4000,5358.2000,5358.0000,5356.8000,5364.0000,5364.2000,5370.8000,5371.2000,5373.8000,1,1,1,1,1,1,4,6,1,1
SF,IC2007,2020-05-19 09:33:46.400,5364.4000,1466,0,51480960.000,0,-,-,-,-,5359.6000,5359.4000,5359.2000,5358.4000,5358.0000,5363.8000,5364.0000,5364.2000,5370.8000,5371.2000,1,1,1,1,1,1,1,2,6,1
SF,IC2007,2020-05-19 09:33:46.900,5364.4000,1466,0,51480960.000,0,-,-,-,-,5359.8000,5359.6000,5359.4000,5359.2000,5358.4000,5363.6000,5363.8000,5370.8000,5371.2000,5373.8000,1,1,1,1,1,1,1,6,1,1
SF,IC2007,2020-05-19 09:33:47.400,5364.4000,1466,0,51480960.000,0,-,-,-,-,5360.2000,5359.8000,5359.6000,5359.4000,5359.2000,5363.8000,5370.8000,5371.2000,5373.8000,5374.6000,1,2,1,1,1,1,6,1,1,1
SF,IC2007,2020-05-19 09:33:47.900,5364.4000,1466,0,51480960.000,0,-,-,-,-,5360.4000,5359.8000,5359.6000,5359.4000,5359.2000,5370.8000,5371.2000,5373.8000,5374.6000,5376.8000,1,1,1,1,1,6,1,1,1,1
SF,IC2007,2020-05-19 09:33:48.400,5364.4000,1466,0,51480960.000,0,-,-,-,-,5360.8000,5360.6000,5360.4000,5359.8000,5359.6000,5370.6000,5370.8000,5371.2000,5373.8000,5374.6000,1,1,1,1,1,6,6,1,1,1
SF,IC2007,2020-05-19 09:33:48.900,5364.4000,1466,0,51480960.000,0,-,-,-,-,5361.0000,5360.8000,5360.6000,5359.8000,5359.6000,5370.6000,5370.8000,5371.2000,5373.8000,5374.6000,1,1,1,1,1,7,6,1,1,1
SF,IC2007,2020-05-19 09:33:49.400,5364.4000,1466,0,51480960.000,0,-,-,-,-,5361.0000,5360.8000,5360.6000,5359.8000,5359.6000,5370.2000,5370.6000,5370.8000,5371.2000,5373.8000,1,1,1,1,1,1,7,6,1,1
SF,IC2007,2020-05-19 09:33:49.900,5364.4000,1466,0,51480960.000,0,-,-,-,-,5361.0000,5360.8000,5360.6000,5359.8000,5359.6000,5368.2000,5369.2000,5370.0000,5370.2000,5370.6000,1,1,1,1,1,1,1,6,1,1
SF,IC2007,2020-05-19 09:33:50.400,5364.4000,1466,0,51480960.000,0,-,-,-,-,5361.0000,5360.8000,5359.8000,5359.6000,5359.4000,5367.4000,5368.0000,5368.2000,5369.2000,5370.2000,1,1,1,1,1,1,6,1,1,1
SF,IC2007,2020-05-19 09:33:50.900,5364.4000,1466,0,51480960.000,0,-,-,-,-,5361.4000,5361.0000,5360.8000,5359.8000,5359.6000,5367.2000,5367.4000,5368.2000,5369.2000,5370.8000,1,1,1,1,1,6,1,1,1,6
SF,IC2007,2020-05-19 09:33:51.400,5364.4000,1466,0,51480960.000,0,-,-,-,-,5361.6000,5361.4000,5360.8000,5359.8000,5359.6000,5366.8000,5367.2000,5367.4000,5369.2000,5370.8000,1,1,1,1,1,1,6,1,1,6
SF,IC2007,2020-05-19 09:33:51.900,5364.4000,1466,0,51480960.000,0,-,-,-,-,5361.6000,5361.4000,5360.8000,5359.8000,5359.6000,5366.6000,5366.8000,5367.4000,5369.2000,5370.8000,1,1,1,1,1,6,1,1,1,6
SF,IC2007,2020-05-19 09:33:52.400,5364.4000,1466,0,51480960.000,0,-,-,-,-,5361.8000,5361.6000,5361.4000,5360.8000,5359.8000,5366.6000,5366.8000,5369.2000,5370.8000,5371.2000,1,1,1,1,1,6,1,1,6,1
SF,IC2007,2020-05-19 09:33:52.900,5364.4000,1466,0,51480960.000,0,-,-,-,-,5362.0000,5361.8000,5361.4000,5360.8000,5359.8000,5366.6000,5366.8000,5369.2000,5370.8000,5371.2000,1,2,1,1,1,6,1,1,6,1
SF,IC2007,2020-05-19 09:33:53.400,5364.4000,1466,0,51480960.000,0,-,-,-,-,5362.0000,5361.8000,5361.4000,5360.8000,5359.8000,5366.0000,5366.6000,5369.2000,5370.8000,5371.2000,1,2,1,1,1,1,6,1,6,1
SF,IC2007,2020-05-19 09:33:53.900,5364.4000,1466,0,51480960.000,0,-,-,-,-,5362.0000,5360.8000,5359.8000,5359.6000,5359.4000,5365.8000,5366.0000,5366.6000,5369.2000,5370.8000,1,1,1,1,1,4,1,2,1,6
SF,IC2007,2020-05-19 09:33:54.400,5364.4000,1466,0,51480960.000,0,-,-,-,-,5362.0000,5360.8000,5359.8000,5359.6000,5359.4000,5365.8000,5366.0000,5366.6000,5369.2000,5370.8000,1,1,1,1,1,4,1,2,1,6
SF,IC2007,2020-05-19 09:33:54.900,5364.4000,1466,0,51480960.000,0,-,-,-,-,5362.2000,5362.0000,5360.8000,5359.8000,5359.6000,5365.8000,5366.0000,5366.6000,5369.2000,5370.8000,1,1,1,1,1,4,1,2,1,6
SF,IC2007,2020-05-19 09:33:55.400,5364.4000,1466,0,51480960.000,0,-,-,-,-,5362.4000,5360.8000,5359.8000,5359.6000,5359.4000,5365.8000,5366.6000,5370.8000,5371.2000,5373.8000,1,1,1,1,1,4,2,6,1,1
SF,IC2007,2020-05-19 09:33:55.900,5364.4000,1466,0,51480960.000,0,-,-,-,-,5362.4000,5360.8000,5359.8000,5359.6000,5359.4000,5365.8000,5366.6000,5370.8000,5371.2000,5373.8000,1,1,1,1,1,4,2,6,1,1
SF,IC2007,2020-05-19 09:33:56.900,5364.4000,1466,0,51480960.000,0,-,-,-,-,5362.4000,5359.8000,5359.6000,5359.4000,5359.2000,5365.8000,5366.6000,5370.8000,5371.2000,5373.8000,1,1,1,1,1,4,2,6,1,1
SF,IC2007,2020-05-19 09:33:57.400,5364.4000,1466,0,51480960.000,0,-,-,-,-,5362.4000,5359.8000,5359.6000,5359.4000,5359.2000,5365.6000,5365.8000,5366.6000,5370.8000,5371.2000,1,1,1,1,1,1,4,1,6,1
SF,IC2007,2020-05-19 09:33:57.900,5364.4000,1466,0,51480960.000,0,-,-,-,-,5362.4000,5359.8000,5359.6000,5359.4000,5359.2000,5365.2000,5365.4000,5365.6000,5366.6000,5370.8000,1,1,1,1,1,1,4,1,1,6
SF,IC2007,2020-05-19 09:33:58.400,5364.4000,1466,0,51480960.000,0,-,-,-,-,5362.4000,5359.8000,5359.6000,5359.4000,5359.2000,5365.0000,5365.2000,5365.6000,5366.6000,5370.8000,1,1,1,1,1,4,1,1,1,6
SF,IC2007,2020-05-19 09:33:58.900,5364.4000,1466,0,51480960.000,0,-,-,-,-,5362.8000,5362.4000,5359.8000,5359.6000,5359.4000,5365.0000,5365.6000,5366.6000,5370.8000,5371.2000,1,1,1,1,1,4,1,1,6,1
SF,IC2007,2020-05-19 09:33:59.400,5364.4000,1466,0,51480960.000,0,-,-,-,-,5362.8000,5362.4000,5359.8000,5359.6000,5359.4000,5365.0000,5365.6000,5370.8000,5371.2000,5373.8000,1,1,1,1,1,1,1,6,1,1
SF,IC2007,2020-05-19 09:34:00.400,5365.0000,1465,-1,52553960.000,1,0,1,双平,S,5363.0000,5362.8000,5359.8000,5359.6000,5359.4000,5365.6000,5370.8000,5371.2000,5373.8000,5374.6000,1,1,1,1,1,1,6,1,1,1
SF,IC2007,2020-05-19 09:34:00.900,5365.0000,1465,0,52553960.000,0,-,-,-,-,5363.0000,5362.8000,5359.8000,5359.6000,5359.4000,5370.8000,5371.2000,5373.8000,5374.6000,5376.8000,1,1,1,1,1,6,1,1,1,1
SF,IC2007,2020-05-19 09:34:01.400,5365.0000,1465,0,52553960.000,0,-,-,-,-,5363.0000,5359.8000,5359.6000,5359.4000,5359.2000,5370.6000,5370.8000,5371.2000,5373.8000,5374.6000,1,1,1,1,1,6,6,1,1,1
SF,IC2007,2020-05-19 09:34:01.900,5365.0000,1465,0,52553960.000,0,-,-,-,-,5363.0000,5359.8000,5359.6000,5359.4000,5359.2000,5370.2000,5370.6000,5370.8000,5371.2000,5373.8000,1,1,1,1,1,1,7,6,1,1
SF,IC2007,2020-05-19 09:34:02.400,5365.0000,1465,0,52553960.000,0,-,-,-,-,5359.8000,5359.6000,5359.4000,5359.2000,5358.4000,5367.4000,5370.0000,5370.2000,5370.6000,5370.8000,1,1,1,1,1,1,6,1,1,6
SF,IC2007,2020-05-19 09:34:02.900,5365.0000,1465,0,52553960.000,0,-,-,-,-,5360.0000,5359.6000,5359.4000,5359.2000,5358.4000,5367.2000,5367.4000,5370.2000,5370.8000,5371.2000,2,1,1,1,1,5,1,1,6,1
SF,IC2007,2020-05-19 09:34:03.400,5365.0000,1465,0,52553960.000,0,-,-,-,-,5360.0000,5359.6000,5359.4000,5359.2000,5358.4000,5367.0000,5367.2000,5367.4000,5370.2000,5370.8000,2,1,1,1,1,1,5,1,1,6
SF,IC2007,2020-05-19 09:34:03.900,5365.0000,1465,0,52553960.000,0,-,-,-,-,5360.8000,5360.0000,5359.6000,5359.4000,5359.2000,5366.8000,5367.0000,5367.4000,5370.2000,5370.8000,1,2,1,1,1,5,1,1,1,6
SF,IC2007,2020-05-19 09:34:04.400,5365.0000,1465,0,52553960.000,0,-,-,-,-,5361.0000,5360.8000,5359.6000,5359.4000,5359.2000,5365.8000,5366.8000,5370.2000,5370.8000,5371.2000,2,1,1,1,1,1,5,1,6,1
SF,IC2007,2020-05-19 09:34:04.900,5365.0000,1465,0,52553960.000,0,-,-,-,-,5362.0000,5361.0000,5360.8000,5359.6000,5359.4000,5365.6000,5365.8000,5370.2000,5370.8000,5371.2000,1,2,1,1,1,6,1,1,6,1
SF,IC2007,2020-05-19 09:34:05.400,5365.0000,1465,0,52553960.000,0,-,-,-,-,5362.0000,5361.0000,5360.8000,5359.4000,5359.2000,5365.6000,5365.8000,5370.2000,5370.8000,5371.2000,1,1,1,1,1,5,1,1,6,1
SF,IC2007,2020-05-19 09:34:05.900,5362.0000,1465,0,53626360.000,1,0,1,多换,S,5361.0000,5359.4000,5356.8000,5356.6000,5355.0000,5365.6000,5365.8000,5370.2000,5370.8000,5371.2000,1,1,1,1,1,5,1,1,6,1
SF,IC2007,2020-05-19 09:34:06.400,5362.0000,1465,0,53626360.000,0,-,-,-,-,5359.4000,5356.8000,5356.6000,5355.0000,5353.4000,5364.6000,5365.4000,5365.6000,5370.2000,5370.8000,1,1,1,1,5,1,1,5,1,6
SF,IC2007,2020-05-19 09:34:06.900,5362.0000,1465,0,53626360.000,0,-,-,-,-,5359.8000,5359.6000,5359.4000,5359.2000,5356.8000,5364.4000,5364.6000,5370.2000,5370.8000,5371.2000,1,2,1,1,1,5,1,1,6,1
SF,IC2007,2020-05-19 09:34:07.400,5362.0000,1465,0,53626360.000,0,-,-,-,-,5360.0000,5359.8000,5359.4000,5359.2000,5356.8000,5364.4000,5364.6000,5370.2000,5370.8000,5371.2000,2,1,1,1,1,4,1,1,6,1
SF,IC2007,2020-05-19 09:34:07.900,5362.0000,1465,0,53626360.000,0,-,-,-,-,5360.4000,5360.0000,5359.8000,5359.4000,5359.2000,5364.4000,5370.2000,5370.8000,5371.2000,5373.8000,1,2,1,1,1,4,1,6,1,1
SF,IC2007,2020-05-19 09:34:08.400,5362.0000,1465,0,53626360.000,0,-,-,-,-,5360.8000,5360.6000,5360.4000,5359.8000,5359.4000,5364.4000,5370.2000,5370.8000,5371.2000,5373.8000,1,2,1,1,1,1,1,6,1,1
SF,IC2007,2020-05-19 09:34:08.900,5362.0000,1465,0,53626360.000,0,-,-,-,-,5361.0000,5360.8000,5360.4000,5359.8000,5359.4000,5370.2000,5370.8000,5371.2000,5373.8000,5374.6000,2,1,1,1,1,1,6,1,1,1
SF,IC2007,2020-05-19 09:34:09.400,5362.0000,1465,0,53626360.000,0,-,-,-,-,5361.0000,5360.8000,5360.4000,5359.8000,5359.4000,5370.0000,5370.2000,5370.8000,5371.2000,5373.8000,1,1,1,1,1,6,1,6,1,1
SF,IC2007,2020-05-19 09:34:09.900,5362.0000,1465,0,53626360.000,0,-,-,-,-,5361.0000,5360.8000,5360.4000,5359.8000,5359.4000,5369.6000,5370.0000,5370.2000,5370.8000,5371.2000,1,1,1,1,1,1,7,1,6,1
SF,IC2007,2020-05-19 09:34:10.400,5362.0000,1465,0,53626360.000,0,-,-,-,-,5361.0000,5360.8000,5360.4000,5359.8000,5359.4000,5369.4000,5369.6000,5370.0000,5370.2000,5370.8000,1,1,1,1,1,6,1,1,1,6
SF,IC2007,2020-05-19 09:34:10.900,5362.0000,1465,0,53626360.000,0,-,-,-,-,5361.0000,5360.8000,5360.4000,5359.8000,5359.4000,5366.0000,5368.4000,5368.6000,5369.4000,5369.6000,1,1,1,1,1,1,1,1,6,1
SF,IC2007,2020-05-19 09:34:11.400,5362.0000,1465,0,53626360.000,0,-,-,-,-,5361.0000,5360.8000,5360.4000,5359.8000,5359.4000,5365.8000,5366.0000,5368.4000,5368.6000,5369.6000,1,1,1,1,1,6,1,1,1,1
SF,IC2007,2020-05-19 09:34:12.900,5362.0000,1465,0,53626360.000,0,-,-,-,-,5361.0000,5360.4000,5359.4000,5356.8000,5356.6000,5365.0000,5365.8000,5368.4000,5368.6000,5369.6000,1,1,1,1,1,1,6,1,1,1
SF,IC2007,2020-05-19 09:34:13.400,5362.0000,1465,0,53626360.000,0,-,-,-,-,5361.0000,5359.4000,5358.6000,5356.8000,5356.6000,5364.8000,5365.0000,5365.8000,5368.4000,5368.6000,1,1,1,1,1,5,1,1,1,1
SF,IC2007,2020-05-19 09:34:13.900,5362.0000,1465,0,53626360.000,0,-,-,-,-,5361.2000,5358.6000,5356.8000,5356.6000,5355.0000,5364.8000,5365.0000,5365.8000,5368.4000,5368.6000,1,1,1,1,1,5,1,1,1,1
SF,IC2007,2020-05-19 09:34:14.400,5361.2000,1465,0,54698600.000,1,0,1,多换,S,5358.6000,5356.6000,5355.0000,5353.4000,5340.0000,5364.8000,5365.8000,5368.4000,5368.6000,5369.6000,1,1,1,5,2,4,1,1,1,1
SF,IC2007,2020-05-19 09:34:14.900,5361.4000,1465,0,55770880.000,1,0,1,多换,S,5358.8000,5358.6000,5356.6000,5355.0000,5353.4000,5364.6000,5364.8000,5368.4000,5368.6000,5369.6000,2,1,1,1,5,1,4,1,1,1
SF,IC2007,2020-05-19 09:34:15.400,5361.4000,1465,0,55770880.000,0,-,-,-,-,5358.8000,5358.6000,5356.6000,5355.0000,5353.4000,5363.6000,5364.4000,5364.6000,5368.4000,5369.6000,2,1,1,1,5,1,5,1,1,1
SF,IC2007,2020-05-19 09:34:15.900,5361.4000,1465,0,55770880.000,0,-,-,-,-,5358.8000,5358.6000,5356.6000,5355.0000,5353.4000,5363.4000,5363.6000,5368.4000,5369.6000,5370.2000,2,1,1,1,5,6,1,1,1,1
SF,IC2007,2020-05-19 09:34:16.900,5361.4000,1465,0,55770880.000,0,-,-,-,-,5358.8000,5358.6000,5356.6000,5355.0000,5353.4000,5362.6000,5363.4000,5368.4000,5369.6000,5370.2000,2,1,1,1,5,1,6,1,1,1
SF,IC2007,2020-05-19 09:34:17.400,5361.4000,1465,0,55770880.000,0,-,-,-,-,5358.8000,5358.6000,5356.6000,5355.0000,5353.4000,5362.4000,5362.6000,5363.4000,5368.4000,5369.6000,2,1,1,1,5,3,1,2,1,1
SF,IC2007,2020-05-19 09:34:17.900,5361.4000,1465,0,55770880.000,0,-,-,-,-,5359.4000,5359.2000,5358.8000,5356.6000,5355.0000,5363.4000,5368.4000,5369.6000,5370.2000,5370.8000,1,1,2,1,1,2,1,1,1,6
SF,IC2007,2020-05-19 09:34:18.400,5361.4000,1465,0,55770880.000,0,-,-,-,-,5359.6000,5359.4000,5359.2000,5359.0000,5356.6000,5363.4000,5368.4000,5369.6000,5370.2000,5370.8000,2,1,2,1,1,1,1,1,1,6
SF,IC2007,2020-05-19 09:34:18.900,5361.4000,1465,0,55770880.000,0,-,-,-,-,5359.6000,5359.4000,5359.2000,5359.0000,5356.6000,5368.4000,5369.6000,5370.2000,5370.8000,5371.2000,2,1,1,1,1,1,1,1,6,1
SF,IC2007,2020-05-19 09:34:19.400,5361.4000,1465,0,55770880.000,0,-,-,-,-,5360.4000,5359.6000,5359.2000,5359.0000,5356.6000,5368.2000,5368.4000,5369.6000,5370.2000,5370.8000,1,1,1,1,1,14,1,1,1,6
SF,IC2007,2020-05-19 09:34:19.900,5361.4000,1465,0,55770880.000,0,-,-,-,-,5360.6000,5360.4000,5359.2000,5356.6000,5355.0000,5368.2000,5368.4000,5369.6000,5370.2000,5370.8000,1,1,1,1,1,7,1,1,1,6
SF,IC2007,2020-05-19 09:34:20.400,5361.4000,1465,0,55770880.000,0,-,-,-,-,5356.6000,5355.0000,5353.4000,5340.0000,5330.0000,5367.8000,5368.2000,5368.4000,5369.6000,5370.2000,1,1,5,2,3,1,7,1,1,1
SF,IC2007,2020-05-19 09:34:20.900,5361.4000,1465,0,55770880.000,0,-,-,-,-,5356.8000,5356.6000,5355.0000,5353.4000,5340.0000,5367.6000,5367.8000,5368.2000,5368.4000,5369.6000,2,1,1,5,2,5,1,1,1,1
SF,IC2007,2020-05-19 09:34:21.400,5361.4000,1465,0,55770880.000,0,-,-,-,-,5358.8000,5357.2000,5356.8000,5356.6000,5355.0000,5367.2000,5367.4000,5367.6000,5367.8000,5368.4000,1,1,4,2,1,1,2,5,1,1
SF,IC2007,2020-05-19 09:34:21.900,5361.4000,1465,0,55770880.000,0,-,-,-,-,5359.2000,5359.0000,5358.8000,5357.2000,5356.8000,5367.0000,5367.2000,5367.4000,5367.8000,5368.4000,2,2,1,1,2,5,1,1,1,1
SF,IC2007,2020-05-19 09:34:22.400,5361.4000,1465,0,55770880.000,0,-,-,-,-,5359.4000,5358.8000,5357.2000,5356.8000,5356.6000,5367.0000,5367.2000,5367.8000,5369.6000,5370.2000,2,1,1,2,1,6,1,1,1,1
SF,IC2007,2020-05-19 09:34:22.900,5361.4000,1465,0,55770880.000,0,-,-,-,-,5359.4000,5358.8000,5357.2000,5356.8000,5356.6000,5366.8000,5367.0000,5367.2000,5367.8000,5369.6000,2,1,1,2,1,1,6,1,1,1
SF,IC2007,2020-05-19 09:34:23.400,5361.4000,1465,0,55770880.000,0,-,-,-,-,5359.4000,5357.2000,5356.8000,5356.6000,5355.0000,5366.6000,5366.8000,5367.0000,5367.2000,5367.8000,2,1,2,1,1,5,1,1,1,1
SF,IC2007,2020-05-19 09:34:23.900,5361.4000,1465,0,55770880.000,0,-,-,-,-,5359.4000,5357.2000,5356.8000,5355.0000,5353.4000,5365.2000,5366.4000,5366.6000,5367.0000,5367.2000,2,1,2,1,5,1,1,5,1,1
SF,IC2007,2020-05-19 09:34:24.400,5361.4000,1465,0,55770880.000,0,-,-,-,-,5359.8000,5359.6000,5359.4000,5359.2000,5357.2000,5365.0000,5365.2000,5367.0000,5367.2000,5367.8000,1,1,2,1,1,6,1,1,1,2
SF,IC2007,2020-05-19 09:34:24.900,5361.4000,1465,0,55770880.000,0,-,-,-,-,5360.0000,5359.8000,5359.6000,5359.2000,5357.2000,5365.0000,5365.2000,5367.0000,5367.2000,5367.8000,2,1,1,1,1,6,1,1,1,2
SF,IC2007,2020-05-19 09:34:25.400,5361.4000,1465,0,55770880.000,0,-,-,-,-,5360.0000,5359.8000,5359.2000,5357.2000,5356.8000,5365.0000,5365.2000,5367.0000,5367.2000,5367.8000,2,1,1,1,2,6,1,1,1,2
SF,IC2007,2020-05-19 09:34:25.900,5361.4000,1465,0,55770880.000,0,-,-,-,-,5360.0000,5357.2000,5356.8000,5355.0000,5353.4000,5364.4000,5365.0000,5367.0000,5367.2000,5367.8000,1,1,2,1,5,1,6,1,1,2
SF,IC2007,2020-05-19 09:34:26.400,5361.4000,1465,0,55770880.000,0,-,-,-,-,5360.0000,5357.2000,5356.8000,5355.0000,5353.4000,5364.2000,5364.4000,5367.0000,5367.2000,5367.8000,1,1,2,1,5,6,1,1,1,2
SF,IC2007,2020-05-19 09:34:26.900,5361.4000,1465,0,55770880.000,0,-,-,-,-,5357.2000,5356.8000,5355.0000,5353.4000,5340.0000,5364.2000,5364.4000,5367.0000,5367.2000,5367.8000,1,2,1,5,2,6,1,1,1,2
SF,IC2007,2020-05-19 09:34:27.400,5361.4000,1465,0,55770880.000,0,-,-,-,-,5357.4000,5357.2000,5356.8000,5355.0000,5353.4000,5364.2000,5364.4000,5367.0000,5367.2000,5367.8000,2,1,2,1,5,6,1,1,1,2
SF,IC2007,2020-05-19 09:34:27.900,5361.4000,1465,0,55770880.000,0,-,-,-,-,5357.8000,5357.4000,5357.2000,5356.8000,5355.0000,5363.2000,5364.2000,5367.0000,5367.2000,5367.8000,1,2,1,2,1,1,6,1,1,2
SF,IC2007,2020-05-19 09:34:28.400,5361.4000,1465,0,55770880.000,0,-,-,-,-,5358.0000,5357.8000,5357.2000,5356.8000,5355.0000,5363.0000,5363.2000,5367.0000,5367.2000,5367.8000,2,1,1,2,1,5,1,1,1,2
SF,IC2007,2020-05-19 09:34:28.900,5361.4000,1465,0,55770880.000,0,-,-,-,-,5358.0000,5357.8000,5357.2000,5356.8000,5355.0000,5362.8000,5363.0000,5363.2000,5367.0000,5367.2000,2,1,1,2,1,1,5,1,1,1
SF,IC2007,2020-05-19 09:34:29.400,5361.4000,1465,0,55770880.000,0,-,-,-,-,5358.0000,5357.8000,5357.2000,5356.8000,5355.0000,5362.6000,5362.8000,5363.2000,5367.0000,5367.2000,2,1,1,2,1,5,1,1,1,1
SF,IC2007,2020-05-19 09:34:29.900,5361.4000,1465,0,55770880.000,0,-,-,-,-,5358.0000,5357.2000,5356.8000,5355.0000,5353.4000,5362.4000,5362.6000,5363.2000,5367.0000,5367.2000,2,1,1,1,5,1,5,1,1,1
SF,IC2007,2020-05-19 09:34:30.400,5361.4000,1465,0,55770880.000,0,-,-,-,-,5358.0000,5356.8000,5355.0000,5353.4000,5340.0000,5362.2000,5362.4000,5363.2000,5367.0000,5367.2000,1,1,1,5,2,5,1,1,1,1
SF,IC2007,2020-05-19 09:34:30.900,5361.4000,1465,0,55770880.000,0,-,-,-,-,5358.0000,5356.8000,5355.0000,5353.4000,5340.0000,5362.0000,5362.2000,5367.0000,5367.2000,5367.8000,1,1,1,5,2,1,5,1,1,2
SF,IC2007,2020-05-19 09:34:31.400,5361.4000,1465,0,55770880.000,0,-,-,-,-,5358.0000,5356.8000,5355.0000,5353.4000,5340.0000,5361.8000,5362.0000,5362.2000,5367.0000,5367.2000,1,1,1,5,2,4,1,1,1,1
SF,IC2007,2020-05-19 09:34:31.900,5361.4000,1465,0,55770880.000,0,-,-,-,-,5358.0000,5356.8000,5355.0000,5353.4000,5340.0000,5361.6000,5361.8000,5362.2000,5367.0000,5367.2000,1,1,1,5,2,1,4,1,1,1
SF,IC2007,2020-05-19 09:34:32.400,5361.4000,1465,0,55770880.000,0,-,-,-,-,5355.0000,5353.4000,5340.0000,5330.0000,5325.0000,5361.0000,5361.4000,5361.6000,5362.2000,5367.0000,1,5,2,3,5,1,4,1,1,1
SF,IC2007,2020-05-19 09:34:32.900,5361.4000,1465,0,55770880.000,0,-,-,-,-,5355.4000,5355.2000,5355.0000,5347.6000,5340.0000,5360.8000,5361.0000,5367.0000,5367.2000,5367.8000,1,2,1,5,2,5,1,1,1,2
SF,IC2007,2020-05-19 09:34:33.400,5361.4000,1465,0,55770880.000,0,-,-,-,-,5355.8000,5355.6000,5355.2000,5355.0000,5347.6000,5360.8000,5361.0000,5367.0000,5367.2000,5367.8000,1,2,1,1,5,5,1,1,1,2
SF,IC2007,2020-05-19 09:34:33.900,5361.4000,1465,0,55770880.000,0,-,-,-,-,5356.0000,5355.8000,5355.2000,5355.0000,5347.6000,5360.8000,5367.0000,5367.2000,5367.8000,5369.6000,2,1,1,1,5,5,1,1,2,1
SF,IC2007,2020-05-19 09:34:34.400,5361.4000,1465,0,55770880.000,0,-,-,-,-,5356.0000,5355.8000,5355.2000,5355.0000,5347.6000,5360.6000,5360.8000,5367.0000,5367.2000,5367.8000,2,1,1,1,5,1,5,1,1,2
SF,IC2007,2020-05-19 09:34:34.900,5361.4000,1465,0,55770880.000,0,-,-,-,-,5356.0000,5355.8000,5355.2000,5355.0000,5347.6000,5360.4000,5360.6000,5367.0000,5367.2000,5367.8000,2,1,1,1,5,5,1,1,1,2
