市场代码,合约代码,时间,最新,持仓,增仓,成交额,成交量,开仓,平仓,成交类型,方向,买一价,买二价,买三价,买四价,买五价,卖一价,卖二价,卖三价,卖四价,卖五价,买一量,买二量,买三量,买四量,买五量,卖一量,卖二量,卖三量,卖四量,卖五量
SF,IC2010,2020-08-28 09:29:00.000,6428.6000,2394,0,0.000,0.000,-,-,-,-,6413.0000,6403.0000,6402.2000,6401.4000,6400.4000,6419.0000,6422.6000,6430.8000,6437.0000,6439.6000,1,2,4,2,1,1,3,1,1,2
SF,IC2010,2020-08-28 09:30:00.500,6428.6000,2394,0,0.000,0,-,-,-,-,6419.0000,6416.0000,6413.2000,6402.2000,6400.4000,6422.6000,6435.0000,6437.0000,6439.6000,6448.4000,2,1,2,4,1,3,1,1,2,3
SF,IC2010,2020-08-28 09:30:01.000,6428.6000,2394,0,0.000,0,-,-,-,-,6419.0000,6413.2000,6402.2000,6397.8000,6397.0000,6420.8000,6422.4000,6422.6000,6435.0000,6437.0000,2,1,4,1,1,2,2,3,1,1
SF,IC2010,2020-08-28 09:30:01.500,6419.0000,2394,0,2567600.000,2,1,1,多换,S,6413.2000,6402.2000,6397.8000,6397.0000,6395.0000,6419.4000,6420.2000,6420.6000,6422.4000,6422.6000,1,4,1,1,1,2,1,2,1,3
SF,IC2010,2020-08-28 09:30:02.000,6419.0000,2394,0,2567600.000,0,-,-,-,-,6415.0000,6413.4000,6413.2000,6403.2000,6402.2000,6419.2000,6420.6000,6422.6000,6426.4000,6435.0000,1,3,1,5,4,2,1,3,5,1
SF,IC2010,2020-08-28 09:30:02.500,6419.0000,2394,0,2567600.000,0,-,-,-,-,6415.2000,6413.4000,6413.2000,6403.2000,6402.2000,6419.2000,6420.6000,6422.6000,6426.4000,6435.0000,1,1,1,5,4,1,1,3,5,1
SF,IC2010,2020-08-28 09:30:03.000,6419.0000,2394,0,2567600.000,0,-,-,-,-,6417.4000,6417.2000,6415.8000,6415.4000,6415.2000,6419.0000,6422.6000,6426.4000,6435.0000,6437.0000,2,1,1,1,1,1,3,5,1,1
SF,IC2010,2020-08-28 09:30:03.500,6419.0000,2393,-1,3851400.000,1,0,1,双平,S,6415.2000,6413.4000,6413.2000,6403.2000,6402.2000,6422.6000,6426.4000,6435.0000,6437.0000,6439.6000,1,1,1,5,4,3,5,1,1,2
SF,IC2010,2020-08-28 09:30:04.000,6416.2000,2392,-1,5134640.000,1,0,1,双平,S,6415.4000,6415.2000,6413.4000,6413.2000,6403.2000,6422.2000,6422.4000,6422.6000,6426.4000,6435.0000,1,1,1,1,5,1,2,3,5,1
SF,IC2010,2020-08-28 09:30:04.500,6416.2000,2392,0,5134640.000,0,-,-,-,-,6415.6000,6413.4000,6413.2000,6403.2000,6402.2000,6421.8000,6422.0000,6422.2000,6422.4000,6422.6000,2,1,1,5,4,1,4,1,1,3
SF,IC2010,2020-08-28 09:30:05.000,6416.2000,2392,0,5134640.000,0,-,-,-,-,6415.6000,6413.4000,6413.2000,6403.2000,6402.2000,6421.6000,6421.8000,6422.0000,6422.2000,6422.4000,2,1,1,5,4,4,2,3,1,1
SF,IC2010,2020-08-28 09:30:05.500,6416.2000,2392,0,5134640.000,0,-,-,-,-,6415.6000,6413.4000,6413.2000,6403.2000,6402.2000,6421.0000,6421.6000,6421.8000,6422.0000,6422.2000,1,1,1,5,4,1,4,2,3,1
SF,IC2010,2020-08-28 09:30:06.000,6416.2000,2392,0,5134640.000,0,-,-,-,-,6415.6000,6413.4000,6413.2000,6403.2000,6402.2000,6420.8000,6421.0000,6421.6000,6421.8000,6422.0000,1,1,1,5,4,2,1,3,1,3
SF,IC2010,2020-08-28 09:30:06.500,6416.2000,2392,0,5134640.000,0,-,-,-,-,6413.4000,6413.2000,6403.2000,6402.2000,6397.8000,6420.2000,6420.8000,6421.0000,6421.6000,6422.0000,1,1,5,4,1,1,2,1,3,3
SF,IC2010,2020-08-28 09:30:07.000,6416.2000,2392,0,5134640.000,0,-,-,-,-,6413.6000,6413.4000,6413.2000,6403.2000,6402.2000,6420.0000,6420.2000,6420.8000,6421.0000,6421.6000,1,1,1,5,4,1,1,1,1,3
SF,IC2010,2020-08-28 09:30:07.500,6416.2000,2392,0,5134640.000,0,-,-,-,-,6413.2000,6403.2000,6402.2000,6397.8000,6397.0000,6419.4000,6420.0000,6420.2000,6420.8000,6421.6000,1,5,4,1,1,1,1,1,1,3
SF,IC2010,2020-08-28 09:30:08.000,6416.2000,2392,0,5134640.000,0,-,-,-,-,6413.2000,6403.2000,6402.2000,6397.8000,6397.0000,6419.2000,6419.4000,6420.2000,6420.8000,6422.2000,1,5,4,1,1,1,1,1,1,1
SF,IC2010,2020-08-28 09:30:08.500,6416.2000,2392,0,5134640.000,0,-,-,-,-,6413.2000,6403.2000,6402.2000,6397.8000,6397.0000,6418.6000,6419.0000,6419.2000,6419.4000,6420.8000,1,5,4,1,1,1,3,1,1,1
SF,IC2010,2020-08-28 09:30:09.000,6416.2000,2392,0,5134640.000,0,-,-,-,-,6413.4000,6413.2000,6403.2000,6402.2000,6397.8000,6418.4000,6418.6000,6419.0000,6419.4000,6426.4000,1,1,5,4,1,1,1,3,1,5
SF,IC2010,2020-08-28 09:30:09.500,6416.2000,2392,0,5134640.000,0,-,-,-,-,6413.2000,6403.2000,6402.2000,6397.8000,6397.0000,6418.4000,6418.6000,6419.0000,6419.4000,6426.4000,1,5,4,1,1,1,1,3,1,5
SF,IC2010,2020-08-28 09:30:10.000,6416.2000,2392,0,5134640.000,0,-,-,-,-,6413.2000,6403.2000,6402.2000,6397.8000,6397.0000,6417.8000,6418.2000,6418.4000,6418.6000,6419.0000,1,5,4,1,1,1,1,1,1,3
SF,IC2010,2020-08-28 09:30:10.500,6413.2000,2392,0,6417280.000,1,0,1,多换,S,6403.2000,6402.2000,6397.8000,6397.0000,6395.0000,6417.4000,6417.6000,6417.8000,6418.2000,6418.6000,5,4,1,1,1,1,5,1,1,1
SF,IC2010,2020-08-28 09:30:11.000,6413.2000,2392,0,6417280.000,0,-,-,-,-,6412.8000,6412.6000,6412.4000,6412.2000,6411.6000,6417.0000,6417.2000,6417.4000,6417.6000,6417.8000,2,1,2,1,1,1,3,1,4,1
SF,IC2010,2020-08-28 09:30:11.500,6412.8000,2391,-1,7699840.000,1,0,1,双平,S,6408.4000,6406.4000,6403.8000,6403.4000,6403.2000,6416.6000,6416.8000,6417.0000,6417.2000,6417.4000,1,1,1,1,5,1,1,1,3,1
SF,IC2010,2020-08-28 09:30:12.000,6412.8000,2391,0,7699840.000,0,-,-,-,-,6409.2000,6408.4000,6406.4000,6403.8000,6403.4000,6416.2000,6416.4000,6416.6000,6416.8000,6417.0000,1,1,1,1,1,1,3,1,1,1
SF,IC2010,2020-08-28 09:30:12.500,6412.8000,2391,0,7699840.000,0,-,-,-,-,6408.4000,6406.4000,6403.8000,6403.4000,6403.2000,6415.8000,6416.0000,6416.2000,6416.4000,6416.6000,1,1,1,1,5,1,1,1,2,1
SF,IC2010,2020-08-28 09:30:13.000,6412.8000,2391,0,7699840.000,0,-,-,-,-,6409.4000,6406.4000,6403.8000,6403.4000,6402.2000,6415.4000,6415.6000,6415.8000,6416.2000,6416.4000,1,1,1,1,4,1,2,1,1,2
SF,IC2010,2020-08-28 09:30:13.500,6412.8000,2391,0,7699840.000,0,-,-,-,-,6409.4000,6406.4000,6403.8000,6403.4000,6402.2000,6415.0000,6415.2000,6415.4000,6415.6000,6415.8000,1,1,1,1,4,1,3,1,1,1
SF,IC2010,2020-08-28 09:30:14.000,6412.8000,2391,0,7699840.000,0,-,-,-,-,6409.4000,6406.4000,6403.8000,6403.4000,6402.2000,6414.6000,6414.8000,6415.0000,6415.2000,6415.4000,1,1,1,1,4,1,2,1,2,1
SF,IC2010,2020-08-28 09:30:14.500,6414.6000,2390,-1,10265640.000,2,0,2,多平,S,6414.6000,6409.6000,6406.4000,6403.8000,6403.4000,6414.8000,6415.0000,6415.2000,6415.4000,6415.8000,3,1,1,1,1,1,1,2,1,1
SF,IC2010,2020-08-28 09:30:15.000,6414.8000,2386,-4,15397360.000,4,0,4,双平,S,6409.6000,6406.4000,6403.8000,6403.4000,6402.2000,6413.0000,6413.8000,6414.4000,6414.6000,6414.8000,1,1,1,1,4,3,5,3,5,1
SF,IC2010,2020-08-28 09:30:15.500,6414.8000,2386,0,15397360.000,0,-,-,-,-,6406.8000,6406.4000,6403.8000,6403.4000,6402.2000,6413.8000,6414.4000,6415.0000,6415.2000,6415.4000,1,1,1,1,4,3,2,1,1,1
SF,IC2010,2020-08-28 09:30:16.000,6414.8000,2386,0,15397360.000,0,-,-,-,-,6407.4000,6407.0000,6406.8000,6406.4000,6403.8000,6413.8000,6414.4000,6415.0000,6415.2000,6415.4000,1,3,1,1,1,3,2,1,1,1
SF,IC2010,2020-08-28 09:30:16.500,6414.8000,2386,0,15397360.000,0,-,-,-,-,6407.6000,6407.4000,6407.0000,6406.8000,6406.4000,6413.8000,6414.4000,6415.0000,6415.2000,6415.4000,2,1,2,1,1,3,2,1,1,1
SF,IC2010,2020-08-28 09:30:17.000,6414.8000,2386,0,15397360.000,0,-,-,-,-,6407.8000,6407.6000,6407.0000,6406.8000,6406.4000,6413.2000,6413.6000,6413.8000,6414.4000,6415.0000,1,2,2,1,1,1,1,3,2,1
SF,IC2010,2020-08-28 09:30:17.500,6414.8000,2386,0,15397360.000,0,-,-,-,-,6408.0000,6407.6000,6407.0000,6406.8000,6406.4000,6413.0000,6413.2000,6413.4000,6413.6000,6413.8000,1,1,2,1,1,2,1,1,1,2
SF,IC2010,2020-08-28 09:30:18.000,6408.0000,2386,0,16678960.000,1,0,1,多换,S,6407.6000,6407.0000,6406.8000,6406.4000,6403.4000,6412.6000,6412.8000,6413.0000,6413.2000,6413.4000,1,2,1,1,1,1,1,3,1,1
SF,IC2010,2020-08-28 09:30:18.500,6408.0000,2386,0,16678960.000,0,-,-,-,-,6407.8000,6407.6000,6407.0000,6406.4000,6403.4000,6412.2000,6412.4000,6412.6000,6413.0000,6413.4000,1,1,2,1,1,1,2,1,1,1
SF,IC2010,2020-08-28 09:30:19.000,6408.0000,2386,0,16678960.000,0,-,-,-,-,6407.0000,6403.4000,6402.2000,6397.8000,6397.4000,6412.0000,6412.2000,6412.4000,6412.6000,6413.0000,2,1,4,1,5,1,1,1,1,1
SF,IC2010,2020-08-28 09:30:19.500,6408.0000,2386,0,16678960.000,0,-,-,-,-,6407.2000,6407.0000,6403.4000,6402.2000,6397.8000,6411.8000,6412.0000,6412.2000,6412.6000,6413.0000,1,1,1,4,1,1,1,1,1,1
SF,IC2010,2020-08-28 09:30:20.000,6408.0000,2386,0,16678960.000,0,-,-,-,-,6407.2000,6407.0000,6403.4000,6402.2000,6397.8000,6411.8000,6412.0000,6412.2000,6412.6000,6413.0000,1,1,1,4,1,2,1,1,1,1
SF,IC2010,2020-08-28 09:30:20.500,6411.8000,2384,-2,19243640.000,2,0,2,双平,S,6411.8000,6407.4000,6407.2000,6407.0000,6403.4000,6412.2000,6412.6000,6413.0000,6413.6000,6413.8000,3,2,1,1,1,1,1,1,1,2
SF,IC2010,2020-08-28 09:30:21.000,6411.8000,2381,-3,23090720.000,3,0,3,双平,S,6407.4000,6402.2000,6397.8000,6397.4000,6397.0000,6410.6000,6410.8000,6411.0000,6411.4000,6411.6000,2,4,1,5,1,3,1,2,2,4
SF,IC2010,2020-08-28 09:30:21.500,6411.8000,2381,0,23090720.000,0,-,-,-,-,6404.2000,6402.2000,6397.8000,6397.4000,6397.0000,6410.4000,6411.0000,6411.6000,6411.8000,6412.2000,1,4,1,5,1,1,2,3,3,1
SF,IC2010,2020-08-28 09:30:22.000,6411.8000,2381,0,23090720.000,0,-,-,-,-,6404.4000,6404.2000,6402.2000,6397.8000,6397.4000,6410.4000,6411.0000,6411.6000,6411.8000,6412.2000,2,1,4,1,5,1,2,2,2,1
SF,IC2010,2020-08-28 09:30:22.500,6411.8000,2381,0,23090720.000,0,-,-,-,-,6404.4000,6404.2000,6402.2000,6397.8000,6397.4000,6410.4000,6411.0000,6411.6000,6411.8000,6412.2000,2,1,4,1,5,1,2,2,2,1
SF,IC2010,2020-08-28 09:30:23.000,6410.4000,2378,-3,26936960.000,3,0,3,双平,S,6410.4000,6404.6000,6404.4000,6404.2000,6402.2000,6411.0000,6411.6000,6411.8000,6412.2000,6412.6000,2,1,2,1,4,2,2,2,1,1
SF,IC2010,2020-08-28 09:30:23.500,6410.4000,2377,-1,29501120.000,2,0,2,多平,S,6404.6000,6404.4000,6404.2000,6402.2000,6397.8000,6409.6000,6410.0000,6410.2000,6410.4000,6410.6000,1,1,1,4,1,1,3,2,5,1
SF,IC2010,2020-08-28 09:30:24.000,6409.6000,2376,-1,30783040.000,1,0,1,双平,S,6405.2000,6404.8000,6404.6000,6404.2000,6402.2000,6410.2000,6410.4000,6410.6000,6411.0000,6412.6000,2,2,1,1,4,2,1,1,2,1
SF,IC2010,2020-08-28 09:30:24.500,6409.6000,2376,0,30783040.000,0,-,-,-,-,6405.4000,6405.2000,6404.8000,6404.6000,6404.2000,6410.2000,6410.4000,6410.6000,6411.0000,6412.6000,4,2,1,1,1,2,1,1,2,1
SF,IC2010,2020-08-28 09:30:25.000,6409.6000,2376,0,30783040.000,0,-,-,-,-,6405.4000,6405.2000,6404.8000,6404.6000,6404.2000,6410.2000,6410.4000,6410.6000,6411.0000,6412.6000,4,2,1,1,1,2,1,1,2,1
SF,IC2010,2020-08-28 09:30:25.500,6409.6000,2376,0,30783040.000,0,-,-,-,-,6405.6000,6405.4000,6404.8000,6404.6000,6404.2000,6410.2000,6410.4000,6410.6000,6411.0000,6412.2000,1,3,1,1,1,2,1,1,2,1
SF,IC2010,2020-08-28 09:30:26.000,6409.6000,2376,0,30783040.000,0,-,-,-,-,6405.8000,6405.6000,6405.4000,6404.8000,6404.6000,6410.2000,6410.4000,6410.6000,6411.0000,6412.2000,2,1,2,1,1,2,1,1,2,1
SF,IC2010,2020-08-28 09:30:26.500,6409.6000,2376,0,30783040.000,0,-,-,-,-,6406.0000,6405.8000,6405.6000,6405.4000,6404.8000,6410.2000,6410.4000,6410.6000,6411.0000,6412.2000,1,2,1,2,1,2,1,1,2,1
SF,IC2010,2020-08-28 09:30:27.000,6410.2000,2374,-2,33347120.000,2,0,2,双平,S,6408.4000,6408.2000,6408.0000,6406.4000,6406.2000,6411.0000,6415.0000,6420.6000,6435.0000,6437.0000,1,1,2,1,4,2,1,5,1,1
SF,IC2010,2020-08-28 09:30:27.500,6411.0000,2372,-2,35911520.000,2,0,2,双平,S,6408.8000,6408.6000,6406.6000,6406.4000,6406.2000,6415.0000,6420.6000,6435.0000,6437.0000,6439.6000,2,1,1,2,2,1,5,1,1,2
SF,IC2010,2020-08-28 09:30:28.000,6411.0000,2372,0,35911520.000,0,-,-,-,-,6409.0000,6408.6000,6406.6000,6406.4000,6406.2000,6420.6000,6435.0000,6437.0000,6439.6000,6453.8000,4,1,1,2,2,5,1,1,2,1
SF,IC2010,2020-08-28 09:30:28.500,6411.0000,2372,0,35911520.000,0,-,-,-,-,6409.0000,6408.6000,6406.6000,6406.4000,6406.2000,6413.6000,6414.4000,6415.2000,6415.8000,6417.6000,4,1,1,2,2,2,3,1,1,1
SF,IC2010,2020-08-28 09:30:29.000,6411.0000,2372,0,35911520.000,0,-,-,-,-,6409.2000,6409.0000,6408.6000,6406.6000,6406.4000,6415.2000,6415.8000,6417.6000,6420.2000,6420.6000,1,3,1,1,2,1,1,1,1,5
SF,IC2010,2020-08-28 09:30:29.500,6411.0000,2372,0,35911520.000,0,-,-,-,-,6409.4000,6409.2000,6408.6000,6406.6000,6406.4000,6415.0000,6415.2000,6415.8000,6417.6000,6420.2000,3,1,1,1,2,1,1,1,1,1
SF,IC2010,2020-08-28 09:30:30.000,6411.0000,2372,0,35911520.000,0,-,-,-,-,6409.4000,6408.6000,6406.6000,6406.4000,6402.2000,6415.0000,6415.2000,6415.8000,6417.6000,6420.2000,1,1,1,2,4,1,1,1,1,1
SF,IC2010,2020-08-28 09:30:30.500,6411.0000,2372,0,35911520.000,0,-,-,-,-,6409.6000,6409.4000,6408.6000,6406.6000,6406.4000,6415.0000,6415.2000,6415.8000,6417.6000,6420.2000,1,1,1,1,2,1,1,1,1,1
SF,IC2010,2020-08-28 09:30:31.000,6411.0000,2372,0,35911520.000,0,-,-,-,-,6409.8000,6409.6000,6408.6000,6406.6000,6406.4000,6415.0000,6415.2000,6415.8000,6417.6000,6420.2000,2,1,1,1,2,1,1,1,1,1
SF,IC2010,2020-08-28 09:30:31.500,6411.0000,2372,0,35911520.000,0,-,-,-,-,6410.0000,6409.8000,6409.6000,6408.6000,6406.6000,6415.0000,6415.2000,6415.8000,6417.6000,6420.2000,3,2,1,1,1,1,1,1,1,1
SF,IC2010,2020-08-28 09:30:32.000,6411.0000,2372,0,35911520.000,0,-,-,-,-,6410.2000,6410.0000,6409.6000,6408.6000,6406.6000,6417.6000,6420.2000,6420.6000,6435.0000,6437.0000,1,3,1,1,1,1,1,5,1,1
SF,IC2010,2020-08-28 09:30:32.500,6411.0000,2372,0,35911520.000,0,-,-,-,-,6410.6000,6410.2000,6410.0000,6409.6000,6408.6000,6412.8000,6413.6000,6415.2000,6415.8000,6417.0000,2,1,1,1,1,2,3,1,1,1
SF,IC2010,2020-08-28 09:30:33.000,6412.8000,2370,-2,38476640.000,2,0,2,双平,S,6410.8000,6410.0000,6409.6000,6406.6000,6406.4000,6417.0000,6417.4000,6417.6000,6420.6000,6435.0000,1,1,1,1,2,1,2,1,5,1
SF,IC2010,2020-08-28 09:30:33.500,6412.8000,2370,0,38476640.000,0,-,-,-,-,6411.0000,6410.8000,6410.0000,6406.6000,6406.4000,6415.2000,6415.8000,6416.8000,6417.0000,6417.4000,1,1,1,1,2,1,1,3,1,2
SF,IC2010,2020-08-28 09:30:34.000,6412.8000,2370,0,38476640.000,0,-,-,-,-,6411.0000,6406.6000,6406.4000,6405.0000,6402.2000,6415.0000,6415.2000,6415.8000,6416.8000,6417.0000,1,1,2,1,4,1,1,1,3,1
SF,IC2010,2020-08-28 09:30:34.500,6412.8000,2370,0,38476640.000,0,-,-,-,-,6406.6000,6406.4000,6405.0000,6402.2000,6397.4000,6415.0000,6415.2000,6415.8000,6416.8000,6417.0000,1,2,1,4,5,1,1,1,3,1
SF,IC2010,2020-08-28 09:30:35.000,6412.8000,2370,0,38476640.000,0,-,-,-,-,6407.2000,6407.0000,6406.8000,6406.6000,6406.4000,6415.0000,6415.2000,6415.8000,6416.8000,6417.0000,2,1,5,1,2,1,1,1,3,1
SF,IC2010,2020-08-28 09:30:35.500,6412.8000,2370,0,38476640.000,0,-,-,-,-,6407.4000,6407.2000,6407.0000,6406.8000,6406.6000,6415.0000,6415.2000,6415.8000,6416.8000,6417.0000,4,2,1,3,1,1,1,1,3,1
SF,IC2010,2020-08-28 09:30:36.000,6412.8000,2370,0,38476640.000,0,-,-,-,-,6408.6000,6408.0000,6407.4000,6407.0000,6406.8000,6415.0000,6415.2000,6415.8000,6416.8000,6417.0000,1,2,4,1,3,1,1,1,3,1
SF,IC2010,2020-08-28 09:30:36.500,6412.8000,2370,0,38476640.000,0,-,-,-,-,6409.2000,6408.8000,6408.6000,6407.4000,6407.0000,6415.0000,6415.2000,6415.8000,6416.8000,6417.0000,2,4,1,2,1,1,1,1,3,1
SF,IC2010,2020-08-28 09:30:37.000,6412.8000,2370,0,38476640.000,0,-,-,-,-,6409.4000,6409.2000,6408.8000,6408.6000,6407.4000,6415.0000,6415.2000,6415.8000,6416.8000,6417.0000,2,2,3,1,2,1,1,1,3,1
SF,IC2010,2020-08-28 09:30:37.500,6412.8000,2370,0,38476640.000,0,-,-,-,-,6410.0000,6409.6000,6409.4000,6408.8000,6408.6000,6416.8000,6417.0000,6417.4000,6417.6000,6420.6000,2,1,2,3,1,3,1,2,1,5
SF,IC2010,2020-08-28 09:30:38.000,6412.8000,2370,0,38476640.000,0,-,-,-,-,6410.2000,6410.0000,6409.4000,6408.8000,6408.6000,6416.6000,6416.8000,6417.0000,6417.4000,6417.6000,3,2,1,3,1,3,3,1,2,1
SF,IC2010,2020-08-28 09:30:38.500,6412.8000,2370,0,38476640.000,0,-,-,-,-,6410.8000,6410.6000,6410.4000,6410.2000,6409.4000,6416.6000,6416.8000,6417.0000,6417.4000,6417.6000,2,1,2,2,1,3,3,1,1,1
SF,IC2010,2020-08-28 09:30:39.000,6412.8000,2370,0,38476640.000,0,-,-,-,-,6411.0000,6410.8000,6410.6000,6410.4000,6410.2000,6416.6000,6416.8000,6417.0000,6417.4000,6417.6000,3,2,1,1,1,3,3,1,1,1
SF,IC2010,2020-08-28 09:30:39.500,6412.8000,2370,0,38476640.000,0,-,-,-,-,6411.6000,6411.2000,6411.0000,6410.6000,6410.4000,6416.6000,6416.8000,6417.0000,6417.4000,6417.6000,2,1,2,1,1,3,3,1,1,1
SF,IC2010,2020-08-28 09:30:40.000,6412.8000,2370,0,38476640.000,0,-,-,-,-,6411.8000,6411.6000,6411.0000,6410.6000,6410.4000,6416.6000,6416.8000,6417.4000,6417.6000,6420.6000,2,2,1,1,1,3,3,1,1,5
SF,IC2010,2020-08-28 09:30:40.500,6412.8000,2370,0,38476640.000,0,-,-,-,-,6412.4000,6411.8000,6411.0000,6410.6000,6410.4000,6416.6000,6416.8000,6417.4000,6417.6000,6420.6000,2,2,1,1,1,3,3,1,1,5
SF,IC2010,2020-08-28 09:30:41.000,6412.8000,2370,0,38476640.000,0,-,-,-,-,6412.4000,6411.8000,6411.0000,6410.6000,6410.4000,6416.6000,6416.8000,6417.4000,6417.6000,6420.6000,2,1,1,1,1,3,3,1,1,5
SF,IC2010,2020-08-28 09:30:41.500,6412.8000,2370,0,38476640.000,0,-,-,-,-,6412.6000,6412.4000,6411.8000,6411.0000,6410.6000,6416.6000,6416.8000,6417.4000,6417.6000,6420.6000,1,2,1,1,1,3,3,1,1,5
SF,IC2010,2020-08-28 09:30:42.000,6412.8000,2370,0,38476640.000,0,-,-,-,-,6412.8000,6412.4000,6411.8000,6411.0000,6410.6000,6416.6000,6416.8000,6417.4000,6417.6000,6420.6000,1,2,1,1,1,3,3,1,1,5
SF,IC2010,2020-08-28 09:30:42.500,6412.8000,2370,0,38476640.000,0,-,-,-,-,6412.8000,6411.8000,6411.0000,6410.6000,6410.4000,6416.6000,6416.8000,6417.4000,6417.6000,6420.6000,1,1,1,1,1,3,3,1,1,5
SF,IC2010,2020-08-28 09:30:43.000,6412.8000,2370,0,38476640.000,0,-,-,-,-,6411.8000,6410.6000,6410.4000,6408.8000,6408.6000,6416.6000,6416.8000,6417.4000,6417.6000,6420.6000,1,1,1,1,1,3,3,1,1,5
SF,IC2010,2020-08-28 09:30:43.500,6412.8000,2370,0,38476640.000,0,-,-,-,-,6412.0000,6411.8000,6410.6000,6410.4000,6408.8000,6416.6000,6416.8000,6417.4000,6417.6000,6420.6000,3,1,1,1,1,3,3,1,1,5
SF,IC2010,2020-08-28 09:30:44.000,6412.8000,2370,0,38476640.000,0,-,-,-,-,6412.2000,6412.0000,6410.6000,6410.4000,6408.8000,6415.8000,6416.4000,6416.6000,6416.8000,6417.4000,1,3,1,1,1,1,1,3,3,1
SF,IC2010,2020-08-28 09:30:44.500,6412.8000,2370,0,38476640.000,0,-,-,-,-,6412.4000,6412.0000,6410.6000,6410.4000,6408.8000,6416.6000,6416.8000,6417.4000,6417.6000,6420.6000,1,1,1,1,1,3,3,1,1,5
SF,IC2010,2020-08-28 09:30:45.000,6412.8000,2370,0,38476640.000,0,-,-,-,-,6412.0000,6410.6000,6410.4000,6408.8000,6408.6000,6416.6000,6416.8000,6417.4000,6417.6000,6420.6000,1,1,1,1,1,3,3,1,1,5
SF,IC2010,2020-08-28 09:30:45.500,6412.8000,2370,0,38476640.000,0,-,-,-,-,6412.2000,6412.0000,6410.6000,6410.4000,6408.8000,6417.4000,6420.6000,6435.0000,6437.0000,6439.6000,4,1,1,1,1,1,5,1,1,2
SF,IC2010,2020-08-28 09:30:46.000,6412.8000,2370,0,38476640.000,0,-,-,-,-,6412.8000,6412.4000,6412.2000,6410.6000,6410.4000,6420.6000,6435.0000,6437.0000,6439.6000,6453.8000,1,1,3,1,1,5,1,1,2,1
SF,IC2010,2020-08-28 09:30:46.500,6412.8000,2370,0,38476640.000,0,-,-,-,-,6413.4000,6413.0000,6412.8000,6412.2000,6410.6000,6419.6000,6420.2000,6420.4000,6420.6000,6435.0000,1,3,1,1,1,1,1,4,5,1
SF,IC2010,2020-08-28 09:30:47.000,6412.8000,2370,0,38476640.000,0,-,-,-,-,6414.0000,6413.6000,6413.4000,6413.0000,6412.2000,6419.4000,6419.6000,6420.2000,6420.4000,6420.6000,1,2,1,1,1,3,2,1,4,7
SF,IC2010,2020-08-28 09:30:47.500,6412.8000,2370,0,38476640.000,0,-,-,-,-,6414.2000,6414.0000,6413.0000,6412.2000,6410.6000,6419.4000,6419.6000,6420.2000,6420.4000,6420.6000,3,1,1,1,1,3,2,1,4,7
SF,IC2010,2020-08-28 09:30:48.000,6412.8000,2370,0,38476640.000,0,-,-,-,-,6414.4000,6414.2000,6413.0000,6410.6000,6410.4000,6419.4000,6419.6000,6420.2000,6420.4000,6420.6000,2,2,1,1,1,3,2,1,4,2
SF,IC2010,2020-08-28 09:30:48.500,6412.8000,2370,0,38476640.000,0,-,-,-,-,6414.6000,6414.4000,6413.0000,6410.6000,6410.4000,6419.6000,6420.2000,6420.4000,6420.6000,6421.6000,2,2,1,1,1,1,1,3,2,1
SF,IC2010,2020-08-28 09:30:49.000,6419.6000,2370,0,39760560.000,1,0,1,多换,S,6415.2000,6414.8000,6414.6000,6413.0000,6410.6000,6420.6000,6421.6000,6426.4000,6435.0000,6437.0000,1,2,2,1,1,2,1,5,1,1
SF,IC2010,2020-08-28 09:30:49.500,6420.6000,2370,0,41044680.000,1,0,1,多换,S,6415.8000,6415.4000,6415.2000,6414.8000,6410.4000,6420.6000,6421.6000,6426.4000,6435.0000,6437.0000,1,3,1,2,1,1,1,5,1,1
SF,IC2010,2020-08-28 09:30:50.000,6420.6000,2370,0,41044680.000,0,-,-,-,-,6416.4000,6416.2000,6416.0000,6415.8000,6415.4000,6420.6000,6421.6000,6426.4000,6435.0000,6437.0000,1,1,4,1,1,1,1,5,1,1
SF,IC2010,2020-08-28 09:30:50.500,6420.6000,2370,0,41044680.000,0,-,-,-,-,6418.6000,6418.4000,6417.0000,6416.6000,6416.4000,6420.6000,6421.6000,6426.4000,6435.0000,6437.0000,1,1,2,2,1,1,1,5,1,1
SF,IC2010,2020-08-28 09:30:51.000,6420.6000,2370,0,41044680.000,0,-,-,-,-,6418.8000,6417.0000,6416.4000,6416.2000,6416.0000,6420.6000,6421.6000,6426.4000,6435.0000,6437.0000,1,2,1,1,1,1,1,5,1,1
SF,IC2010,2020-08-28 09:30:51.500,6420.6000,2370,0,42328800.000,1,0,1,多换,S,6418.8000,6417.0000,6416.4000,6416.2000,6416.0000,6421.6000,6426.4000,6435.0000,6437.0000,6439.6000,1,2,1,1,1,1,5,1,1,2
SF,IC2010,2020-08-28 09:30:52.000,6420.6000,2370,0,42328800.000,0,-,-,-,-,6417.0000,6416.4000,6416.2000,6416.0000,6410.4000,6421.6000,6426.4000,6435.0000,6437.0000,6439.6000,2,1,1,1,1,1,5,1,1,2
SF,IC2010,2020-08-28 09:30:52.500,6420.6000,2370,0,42328800.000,0,-,-,-,-,6417.6000,6417.2000,6417.0000,6416.2000,6410.4000,6421.6000,6426.4000,6435.0000,6437.0000,6439.6000,1,2,2,1,1,1,5,1,1,2
SF,IC2010,2020-08-28 09:30:53.000,6420.6000,2370,0,42328800.000,0,-,-,-,-,6418.2000,6417.8000,6417.6000,6417.2000,6417.0000,6421.6000,6426.4000,6435.0000,6437.0000,6439.6000,1,1,1,1,1,1,5,1,1,2
SF,IC2010,2020-08-28 09:30:53.500,6420.6000,2370,0,42328800.000,0,-,-,-,-,6418.4000,6418.2000,6417.2000,6417.0000,6416.2000,6421.6000,6426.4000,6435.0000,6437.0000,6439.6000,2,1,1,1,1,1,5,1,1,2
SF,IC2010,2020-08-28 09:30:54.000,6420.6000,2370,0,42328800.000,0,-,-,-,-,6418.6000,6418.4000,6417.2000,6417.0000,6416.2000,6421.6000,6426.4000,6435.0000,6437.0000,6439.6000,1,2,1,1,1,1,5,1,1,2
SF,IC2010,2020-08-28 09:30:54.500,6420.6000,2370,0,42328800.000,0,-,-,-,-,6418.6000,6418.4000,6417.2000,6417.0000,6416.2000,6421.6000,6426.4000,6435.0000,6437.0000,6439.6000,1,1,1,1,1,1,5,1,1,2
SF,IC2010,2020-08-28 09:30:55.000,6420.6000,2370,0,42328800.000,0,-,-,-,-,6418.8000,6418.6000,6418.0000,6417.2000,6417.0000,6421.6000,6426.4000,6435.0000,6437.0000,6439.6000,2,1,1,1,1,1,5,1,1,2
SF,IC2010,2020-08-28 09:30:55.500,6420.6000,2370,0,42328800.000,0,-,-,-,-,6419.0000,6418.8000,6418.0000,6417.2000,6417.0000,6421.6000,6426.4000,6435.0000,6437.0000,6439.6000,1,2,1,1,1,1,5,1,1,2
SF,IC2010,2020-08-28 09:30:56.000,6420.6000,2370,0,42328800.000,0,-,-,-,-,6419.2000,6419.0000,6418.0000,6417.2000,6417.0000,6421.6000,6426.4000,6435.0000,6437.0000,6439.6000,1,1,1,1,1,1,5,1,1,2
SF,IC2010,2020-08-28 09:30:56.500,6420.6000,2370,0,42328800.000,0,-,-,-,-,6419.4000,6419.2000,6419.0000,6418.0000,6417.2000,6421.6000,6426.4000,6435.0000,6437.0000,6439.6000,1,1,1,1,1,1,5,1,1,2
SF,IC2010,2020-08-28 09:30:57.000,6420.6000,2370,0,42328800.000,0,-,-,-,-,6419.6000,6419.4000,6418.0000,6417.2000,6417.0000,6421.6000,6426.4000,6435.0000,6437.0000,6439.6000,1,2,1,1,1,1,5,1,1,2
SF,IC2010,2020-08-28 09:30:57.500,6420.6000,2370,0,42328800.000,0,-,-,-,-,6419.6000,6419.4000,6418.0000,6417.2000,6417.0000,6421.6000,6426.4000,6435.0000,6437.0000,6439.6000,1,1,1,1,1,1,5,1,1,2
SF,IC2010,2020-08-28 09:30:58.000,6419.4000,2370,0,43612680.000,1,0,1,多换,S,6418.0000,6417.2000,6417.0000,6416.2000,6410.4000,6421.6000,6426.4000,6435.0000,6437.0000,6439.6000,1,1,1,1,1,1,5,1,1,2
SF,IC2010,2020-08-28 09:30:58.500,6418.6000,2370,0,44896400.000,1,0,1,多换,S,6418.0000,6417.2000,6417.0000,6416.2000,6410.4000,6421.6000,6426.4000,6435.0000,6437.0000,6439.6000,1,1,1,1,1,1,5,1,1,2
SF,IC2010,2020-08-28 09:30:59.000,6418.0000,2370,0,46180000.000,1,0,1,多换,S,6417.2000,6416.2000,6410.4000,6408.8000,6407.0000,6421.4000,6421.6000,6426.4000,6435.0000,6437.0000,1,1,1,1,1,3,1,5,1,1
SF,IC2010,2020-08-28 09:30:59.500,6417.2000,2369,-1,47463440.000,1,0,1,双平,S,6410.4000,6407.0000,6405.0000,6402.2000,6397.4000,6421.4000,6421.6000,6426.4000,6435.0000,6437.0000,1,1,1,4,5,3,1,5,1,1
SF,IC2010,2020-08-28 09:31:00.000,6417.2000,2369,0,47463440.000,0,-,-,-,-,6416.4000,6416.2000,6415.8000,6411.0000,6410.8000,6421.2000,6421.4000,6421.6000,6426.4000,6435.0000,1,1,1,1,1,1,3,1,5,1
SF,IC2010,2020-08-28 09:31:00.500,6417.2000,2369,0,47463440.000,0,-,-,-,-,6411.0000,6410.8000,6410.6000,6410.4000,6407.0000,6421.0000,6421.2000,6421.4000,6421.6000,6426.4000,1,1,3,1,1,3,1,3,1,5
SF,IC2010,2020-08-28 09:31:01.000,6417.2000,2369,0,47463440.000,0,-,-,-,-,6411.4000,6411.2000,6411.0000,6410.8000,6410.6000,6420.8000,6421.0000,6421.4000,6421.6000,6426.4000,1,5,1,2,3,2,3,3,1,5
SF,IC2010,2020-08-28 09:31:01.500,6417.2000,2369,0,47463440.000,0,-,-,-,-,6411.8000,6411.6000,6411.4000,6411.2000,6411.0000,6419.6000,6420.6000,6420.8000,6421.0000,6421.4000,1,2,1,3,1,1,3,2,3,3
SF,IC2010,2020-08-28 09:31:02.000,6417.2000,2369,0,47463440.000,0,-,-,-,-,6412.2000,6412.0000,6411.8000,6411.6000,6411.4000,6419.4000,6419.6000,6420.6000,6421.0000,6421.4000,1,2,1,1,1,2,2,3,3,3
SF,IC2010,2020-08-28 09:31:02.500,6417.2000,2369,0,47463440.000,0,-,-,-,-,6412.4000,6412.2000,6412.0000,6411.8000,6411.6000,6419.2000,6419.4000,6419.6000,6420.6000,6421.0000,1,1,2,1,1,2,2,2,3,3
SF,IC2010,2020-08-28 09:31:03.000,6417.2000,2369,0,47463440.000,0,-,-,-,-,6413.0000,6412.2000,6411.8000,6411.2000,6411.0000,6419.0000,6419.2000,6419.6000,6420.6000,6421.0000,1,1,1,1,1,2,2,2,3,3
SF,IC2010,2020-08-28 09:31:03.500,6417.2000,2369,0,47463440.000,0,-,-,-,-,6412.2000,6411.2000,6411.0000,6410.6000,6410.4000,6416.0000,6418.8000,6419.0000,6419.2000,6419.6000,1,1,1,1,1,3,1,2,2,2
SF,IC2010,2020-08-28 09:31:04.000,6417.2000,2369,0,47463440.000,0,-,-,-,-,6412.2000,6411.2000,6411.0000,6410.6000,6410.4000,6415.8000,6416.0000,6419.0000,6419.6000,6420.6000,1,1,1,1,1,1,1,1,1,1
SF,IC2010,2020-08-28 09:31:04.500,6417.2000,2369,0,47463440.000,0,-,-,-,-,6412.4000,6412.2000,6411.2000,6411.0000,6410.6000,6415.8000,6416.0000,6419.0000,6419.6000,6420.6000,2,1,1,1,1,1,1,1,1,1
SF,IC2010,2020-08-28 09:31:05.000,6417.2000,2369,0,47463440.000,0,-,-,-,-,6412.4000,6412.2000,6411.2000,6411.0000,6410.6000,6416.0000,6419.0000,6419.6000,6420.6000,6421.0000,1,1,1,1,1,1,1,1,1,2
SF,IC2010,2020-08-28 09:31:05.500,6417.2000,2369,0,47463440.000,0,-,-,-,-,6412.6000,6412.4000,6412.2000,6411.2000,6411.0000,6416.0000,6419.0000,6419.6000,6420.6000,6421.0000,2,1,1,1,1,1,1,1,1,2
SF,IC2010,2020-08-28 09:31:06.000,6417.2000,2369,0,47463440.000,0,-,-,-,-,6412.8000,6412.6000,6412.2000,6411.2000,6411.0000,6416.0000,6419.0000,6419.6000,6420.6000,6421.0000,1,2,1,1,1,1,1,1,1,2
SF,IC2010,2020-08-28 09:31:06.500,6417.2000,2369,0,47463440.000,0,-,-,-,-,6413.0000,6412.8000,6412.2000,6411.2000,6411.0000,6416.0000,6419.6000,6420.6000,6421.0000,6426.4000,1,1,1,1,1,1,1,1,2,5
SF,IC2010,2020-08-28 09:31:07.000,6417.2000,2369,0,47463440.000,0,-,-,-,-,6413.0000,6412.8000,6412.2000,6411.2000,6411.0000,6415.8000,6416.0000,6419.6000,6420.6000,6421.0000,1,1,1,1,1,1,1,1,1,2
SF,IC2010,2020-08-28 09:31:07.500,6417.2000,2369,0,47463440.000,0,-,-,-,-,6413.0000,6412.2000,6411.2000,6411.0000,6410.6000,6415.8000,6416.0000,6419.6000,6420.6000,6421.0000,1,1,1,1,1,1,1,1,1,2
SF,IC2010,2020-08-28 09:31:08.000,6417.2000,2369,0,47463440.000,0,-,-,-,-,6412.2000,6411.2000,6411.0000,6410.6000,6410.4000,6415.6000,6415.8000,6416.0000,6419.6000,6420.6000,1,1,1,1,1,2,1,1,1,1
SF,IC2010,2020-08-28 09:31:08.500,6417.2000,2369,0,47463440.000,0,-,-,-,-,6412.4000,6412.2000,6411.2000,6411.0000,6410.6000,6415.8000,6416.0000,6419.6000,6420.6000,6421.0000,1,1,1,1,1,1,1,1,1,2
SF,IC2010,2020-08-28 09:31:10.500,6417.2000,2369,0,47463440.000,0,-,-,-,-,6412.6000,6412.4000,6412.2000,6411.2000,6411.0000,6415.8000,6416.0000,6419.6000,6420.6000,6421.0000,1,1,1,1,1,1,1,1,1,2
SF,IC2010,2020-08-28 09:31:11.000,6417.2000,2369,0,47463440.000,0,-,-,-,-,6412.8000,6412.6000,6412.2000,6411.2000,6411.0000,6415.8000,6416.0000,6419.6000,6420.6000,6421.0000,1,1,1,1,1,1,1,1,1,2
SF,IC2010,2020-08-28 09:31:11.500,6412.8000,2368,-1,48746000.000,1,0,1,双平,S,6412.2000,6411.2000,6411.0000,6410.4000,6405.0000,6412.8000,6415.8000,6416.0000,6419.6000,6420.6000,1,1,1,1,1,1,1,1,1,1
SF,IC2010,2020-08-28 09:31:12.000,6412.8000,2367,-1,51311120.000,2,0,2,多平,S,6413.0000,6412.8000,6412.6000,6412.2000,6411.2000,6415.8000,6419.6000,6420.6000,6421.0000,6426.4000,1,1,1,1,1,1,1,1,2,5
SF,IC2010,2020-08-28 09:31:12.500,6412.8000,2367,0,51311120.000,0,-,-,-,-,6413.0000,6412.2000,6411.0000,6410.4000,6405.0000,6415.8000,6419.6000,6420.6000,6421.0000,6426.4000,1,1,1,1,1,2,1,1,2,5
SF,IC2010,2020-08-28 09:31:13.000,6412.8000,2367,0,51311120.000,0,-,-,-,-,6412.2000,6411.0000,6410.4000,6405.0000,6402.2000,6415.6000,6415.8000,6419.6000,6420.6000,6421.0000,1,1,1,1,4,2,2,1,1,2
SF,IC2010,2020-08-28 09:31:13.500,6412.8000,2367,0,51311120.000,0,-,-,-,-,6412.4000,6412.2000,6411.0000,6410.4000,6405.0000,6415.4000,6415.8000,6419.6000,6420.6000,6421.0000,1,1,1,1,1,1,1,1,1,2
SF,IC2010,2020-08-28 09:31:14.000,6412.8000,2367,0,51311120.000,0,-,-,-,-,6412.4000,6412.2000,6411.0000,6410.4000,6405.0000,6415.4000,6415.8000,6419.6000,6420.6000,6421.0000,1,1,1,1,1,1,1,1,1,2
SF,IC2010,2020-08-28 09:31:14.500,6412.8000,2367,0,51311120.000,0,-,-,-,-,6412.2000,6411.0000,6410.4000,6405.0000,6402.2000,6415.4000,6415.8000,6419.6000,6420.6000,6421.0000,1,1,1,1,4,1,1,1,1,2
SF,IC2010,2020-08-28 09:31:15.000,6412.8000,2367,0,51311120.000,0,-,-,-,-,6412.4000,6412.2000,6411.0000,6410.4000,6405.0000,6415.4000,6415.8000,6419.6000,6420.6000,6421.0000,1,1,1,1,1,1,1,1,1,2
SF,IC2010,2020-08-28 09:31:15.500,6412.8000,2367,0,51311120.000,0,-,-,-,-,6412.2000,6411.0000,6410.4000,6405.0000,6402.2000,6415.4000,6415.8000,6419.6000,6420.6000,6421.0000,1,1,1,1,4,1,1,1,1,2
SF,IC2010,2020-08-28 09:31:16.000,6412.2000,2367,0,52593560.000,1,0,1,多换,S,6411.0000,6410.4000,6405.0000,6402.2000,6400.2000,6415.4000,6415.8000,6419.6000,6420.6000,6421.0000,1,1,1,4,1,1,1,1,1,2
SF,IC2010,2020-08-28 09:31:16.500,6412.2000,2367,0,52593560.000,0,-,-,-,-,6411.4000,6411.2000,6411.0000,6410.4000,6405.0000,6415.4000,6415.8000,6419.6000,6420.6000,6421.0000,1,2,1,1,1,1,1,1,1,2
SF,IC2010,2020-08-28 09:31:17.000,6412.2000,2367,0,52593560.000,0,-,-,-,-,6411.4000,6411.2000,6411.0000,6410.4000,6405.0000,6415.4000,6415.8000,6419.6000,6420.6000,6421.0000,1,1,1,1,1,1,1,1,1,2
SF,IC2010,2020-08-28 09:31:17.500,6412.2000,2367,0,52593560.000,0,-,-,-,-,6411.6000,6411.4000,6411.2000,6411.0000,6410.4000,6415.4000,6415.8000,6419.6000,6420.6000,6421.0000,1,1,1,1,1,1,1,1,1,2
SF,IC2010,2020-08-28 09:31:18.000,6412.2000,2367,0,52593560.000,0,-,-,-,-,6411.4000,6411.2000,6411.0000,6405.0000,6402.2000,6415.4000,6415.8000,6419.6000,6420.6000,6421.0000,1,1,1,1,4,1,1,1,1,2
SF,IC2010,2020-08-28 09:31:18.500,6412.2000,2367,0,52593560.000,0,-,-,-,-,6411.4000,6411.2000,6405.0000,6402.2000,6400.2000,6415.2000,6415.4000,6415.8000,6420.6000,6421.0000,1,1,1,4,1,2,1,1,1,2
SF,IC2010,2020-08-28 09:31:19.000,6412.2000,2367,0,52593560.000,0,-,-,-,-,6411.6000,6411.2000,6405.0000,6402.2000,6400.2000,6415.0000,6415.2000,6415.8000,6420.6000,6421.0000,1,1,1,4,1,1,2,1,1,2
SF,IC2010,2020-08-28 09:31:19.500,6412.2000,2367,0,52593560.000,0,-,-,-,-,6405.0000,6402.2000,6400.2000,6397.4000,6397.0000,6414.8000,6415.0000,6415.2000,6415.8000,6420.6000,1,4,1,5,1,3,1,2,1,1
SF,IC2010,2020-08-28 09:31:20.000,6412.2000,2367,0,52593560.000,0,-,-,-,-,6411.0000,6410.8000,6410.4000,6410.0000,6406.4000,6414.6000,6414.8000,6415.2000,6415.8000,6420.6000,1,1,1,2,1,2,3,2,1,1
SF,IC2010,2020-08-28 09:31:20.500,6411.2000,2366,-1,53875800.000,1,0,1,双平,S,6406.4000,6405.4000,6405.2000,6405.0000,6402.2000,6414.6000,6415.8000,6420.6000,6421.0000,6426.4000,1,2,4,2,4,1,1,1,2,5
SF,IC2010,2020-08-28 09:31:21.000,6411.2000,2366,0,53875800.000,0,-,-,-,-,6408.4000,6407.0000,6406.6000,6406.4000,6405.4000,6414.6000,6415.8000,6420.6000,6421.0000,6426.4000,1,1,6,1,1,1,1,1,2,5
SF,IC2010,2020-08-28 09:31:21.500,6411.2000,2366,0,53875800.000,0,-,-,-,-,6411.8000,6411.6000,6408.6000,6408.4000,6406.6000,6414.6000,6415.8000,6420.6000,6421.0000,6426.4000,1,1,5,1,4,1,1,1,2,5
SF,IC2010,2020-08-28 09:31:22.000,6411.2000,2366,0,53875800.000,0,-,-,-,-,6408.6000,6408.4000,6406.6000,6406.4000,6405.4000,6414.6000,6415.8000,6420.6000,6421.0000,6426.4000,3,1,1,1,1,1,1,1,2,5
SF,IC2010,2020-08-28 09:31:22.500,6411.2000,2366,0,53875800.000,0,-,-,-,-,6408.8000,6408.6000,6408.4000,6406.6000,6406.4000,6414.6000,6415.8000,6420.6000,6421.0000,6426.4000,4,3,1,1,1,1,1,1,2,5
SF,IC2010,2020-08-28 09:31:23.000,6411.2000,2366,0,53875800.000,0,-,-,-,-,6412.2000,6412.0000,6411.6000,6409.2000,6409.0000,6414.4000,6414.6000,6415.8000,6420.6000,6421.0000,1,1,1,1,1,1,1,1,1,2
SF,IC2010,2020-08-28 09:31:23.500,6411.2000,2366,0,53875800.000,0,-,-,-,-,6409.0000,6408.8000,6408.4000,6406.6000,6406.4000,6414.2000,6415.8000,6420.6000,6421.0000,6426.4000,1,2,1,1,1,3,1,1,2,5
SF,IC2010,2020-08-28 09:31:24.000,6411.2000,2366,0,53875800.000,0,-,-,-,-,6409.2000,6409.0000,6408.8000,6408.4000,6406.6000,6414.2000,6415.8000,6420.6000,6421.0000,6426.4000,3,1,2,1,1,2,1,1,2,5
SF,IC2010,2020-08-28 09:31:24.500,6411.2000,2366,0,53875800.000,0,-,-,-,-,6411.6000,6409.4000,6409.2000,6408.8000,6408.4000,6414.2000,6415.8000,6420.6000,6421.0000,6426.4000,1,1,4,2,1,2,1,1,2,5
SF,IC2010,2020-08-28 09:31:25.000,6411.2000,2366,0,53875800.000,0,-,-,-,-,6409.4000,6409.2000,6408.8000,6408.4000,6406.6000,6414.0000,6414.2000,6415.8000,6420.6000,6421.0000,1,2,2,1,1,1,2,1,1,2
SF,IC2010,2020-08-28 09:31:25.500,6411.2000,2366,0,53875800.000,0,-,-,-,-,6411.6000,6409.6000,6409.4000,6409.2000,6408.8000,6414.2000,6415.8000,6420.6000,6421.0000,6426.4000,1,2,1,1,2,1,1,1,2,5
SF,IC2010,2020-08-28 09:31:26.000,6414.2000,2365,-1,55158640.000,1,0,1,双平,S,6409.6000,6409.4000,6409.2000,6408.8000,6408.4000,6415.8000,6420.6000,6421.0000,6426.4000,6435.0000,2,1,1,2,1,1,1,2,5,1
SF,IC2010,2020-08-28 09:31:26.500,6414.2000,2365,0,55158640.000,0,-,-,-,-,6409.8000,6409.6000,6409.2000,6408.8000,6408.4000,6415.6000,6415.8000,6420.6000,6421.0000,6426.4000,3,2,1,2,1,1,1,1,2,5
SF,IC2010,2020-08-28 09:31:27.000,6414.2000,2365,0,55158640.000,0,-,-,-,-,6410.6000,6410.0000,6409.8000,6409.6000,6408.8000,6415.6000,6415.8000,6420.6000,6421.0000,6426.4000,1,2,3,1,2,1,1,1,2,5
SF,IC2010,2020-08-28 09:31:27.500,6414.2000,2365,0,55158640.000,0,-,-,-,-,6410.8000,6410.6000,6410.0000,6409.8000,6409.6000,6415.6000,6415.8000,6420.6000,6421.0000,6426.4000,4,1,1,2,1,1,1,1,2,5
SF,IC2010,2020-08-28 09:31:28.000,6414.2000,2365,0,55158640.000,0,-,-,-,-,6410.8000,6410.6000,6410.0000,6409.8000,6409.6000,6415.6000,6415.8000,6420.6000,6421.0000,6426.4000,4,1,1,1,1,1,1,1,2,5
SF,IC2010,2020-08-28 09:31:28.500,6414.2000,2365,0,55158640.000,0,-,-,-,-,6411.0000,6410.8000,6410.6000,6410.0000,6409.8000,6415.6000,6415.8000,6420.6000,6421.0000,6426.4000,2,4,1,1,1,1,1,1,2,5
SF,IC2010,2020-08-28 09:31:29.000,6414.2000,2365,0,55158640.000,0,-,-,-,-,6413.4000,6413.2000,6411.2000,6411.0000,6410.8000,6415.6000,6415.8000,6420.6000,6421.0000,6426.4000,1,1,3,2,2,1,1,1,2,5
SF,IC2010,2020-08-28 09:31:29.500,6415.6000,2364,-1,56441760.000,1,0,1,双平,S,6411.6000,6411.4000,6411.2000,6410.8000,6410.0000,6415.8000,6420.6000,6421.0000,6426.4000,6435.0000,1,1,3,2,1,1,1,2,5,1
SF,IC2010,2020-08-28 09:31:30.000,6415.8000,2364,0,57724920.000,1,0,1,多换,S,6413.6000,6411.8000,6411.6000,6411.4000,6411.2000,6415.6000,6420.6000,6421.0000,6426.4000,6435.0000,1,4,1,1,2,1,1,2,5,1
SF,IC2010,2020-08-28 09:31:30.500,6415.8000,2364,0,59008080.000,1,0,1,多换,S,6413.8000,6411.8000,6411.6000,6411.4000,6411.2000,6420.6000,6421.0000,6426.4000,6435.0000,6437.0000,1,3,1,1,2,1,2,5,1,1
SF,IC2010,2020-08-28 09:31:31.000,6415.8000,2364,0,59008080.000,0,-,-,-,-,6414.0000,6413.8000,6411.8000,6411.6000,6411.4000,6419.6000,6420.0000,6420.2000,6420.4000,6420.6000,1,1,3,1,1,1,1,1,4,1
SF,IC2010,2020-08-28 09:31:31.500,6415.8000,2364,0,59008080.000,0,-,-,-,-,6414.2000,6414.0000,6411.8000,6411.4000,6411.2000,6419.0000,6419.4000,6419.6000,6420.2000,6420.4000,1,1,2,1,1,1,6,1,1,3
SF,IC2010,2020-08-28 09:31:32.000,6415.8000,2364,0,59008080.000,0,-,-,-,-,6414.4000,6414.2000,6411.8000,6411.4000,6408.8000,6418.8000,6419.0000,6419.4000,6419.6000,6420.2000,1,1,1,1,1,1,1,5,1,1
SF,IC2010,2020-08-28 09:31:32.500,6415.8000,2364,0,59008080.000,0,-,-,-,-,6414.6000,6414.4000,6411.8000,6411.4000,6408.8000,6418.2000,6418.8000,6419.4000,6419.6000,6420.2000,1,1,1,1,1,1,1,4,1,1
SF,IC2010,2020-08-28 09:31:33.000,6415.8000,2364,0,59008080.000,0,-,-,-,-,6414.8000,6411.8000,6411.4000,6408.8000,6408.4000,6418.0000,6418.2000,6419.4000,6419.6000,6420.2000,2,1,1,1,1,3,1,4,1,1
SF,IC2010,2020-08-28 09:31:33.500,6415.8000,2364,0,59008080.000,0,-,-,-,-,6414.8000,6411.8000,6411.4000,6408.8000,6408.4000,6418.0000,6419.4000,6419.6000,6420.2000,6420.6000,2,1,1,1,1,1,3,1,1,1
SF,IC2010,2020-08-28 09:31:34.000,6415.8000,2364,0,59008080.000,0,-,-,-,-,6411.8000,6411.4000,6408.8000,6408.4000,6405.0000,6418.0000,6419.4000,6419.6000,6420.2000,6420.6000,1,1,1,1,1,1,3,1,1,1
SF,IC2010,2020-08-28 09:31:34.500,6415.8000,2364,0,59008080.000,0,-,-,-,-,6415.4000,6415.2000,6414.8000,6412.0000,6411.8000,6418.0000,6419.4000,6419.6000,6420.2000,6420.6000,1,1,1,6,1,1,3,1,1,1
SF,IC2010,2020-08-28 09:31:35.000,6415.8000,2364,0,59008080.000,0,-,-,-,-,6415.6000,6412.0000,6411.8000,6411.4000,6408.4000,6419.4000,6419.6000,6420.2000,6420.6000,6421.0000,2,2,1,1,1,3,1,1,1,2
SF,IC2010,2020-08-28 09:31:35.500,6415.8000,2364,0,59008080.000,0,-,-,-,-,6415.8000,6415.6000,6412.0000,6411.8000,6411.4000,6418.8000,6419.2000,6420.2000,6420.6000,6421.0000,1,1,1,1,1,1,1,1,1,2
SF,IC2010,2020-08-28 09:31:36.000,6415.8000,2364,0,59008080.000,0,-,-,-,-,6416.0000,6415.8000,6412.0000,6411.8000,6411.4000,6419.2000,6420.2000,6421.0000,6426.4000,6435.0000,1,1,1,1,1,1,1,2,5,1
SF,IC2010,2020-08-28 09:31:36.500,6415.8000,2364,0,59008080.000,0,-,-,-,-,6416.0000,6412.0000,6411.8000,6411.4000,6408.4000,6421.0000,6426.4000,6435.0000,6437.0000,6439.6000,1,1,1,1,1,2,5,1,1,2
SF,IC2010,2020-08-28 09:31:37.000,6415.8000,2364,0,59008080.000,0,-,-,-,-,6416.2000,6416.0000,6411.8000,6411.4000,6408.4000,6420.6000,6420.8000,6421.0000,6426.4000,6435.0000,2,1,1,1,1,1,3,1,5,1
SF,IC2010,2020-08-28 09:31:37.500,6415.8000,2364,0,59008080.000,0,-,-,-,-,6416.4000,6416.2000,6411.8000,6411.4000,6408.4000,6420.4000,6420.6000,6420.8000,6421.0000,6426.4000,1,2,1,1,1,3,1,2,1,5
SF,IC2010,2020-08-28 09:31:38.000,6415.8000,2364,0,59008080.000,0,-,-,-,-,6416.4000,6416.2000,6411.8000,6411.4000,6408.4000,6420.2000,6420.4000,6420.8000,6421.0000,6426.4000,1,1,1,1,1,1,3,2,1,5
SF,IC2010,2020-08-28 09:31:38.500,6415.8000,2364,0,59008080.000,0,-,-,-,-,6416.6000,6416.4000,6411.8000,6411.4000,6408.4000,6420.0000,6420.8000,6421.0000,6426.4000,6435.0000,1,1,1,1,1,1,2,1,5,1
SF,IC2010,2020-08-28 09:31:39.000,6415.8000,2364,0,59008080.000,0,-,-,-,-,6416.8000,6411.8000,6411.4000,6408.4000,6405.0000,6426.4000,6435.0000,6437.0000,6439.6000,6444.0000,3,1,1,1,1,5,1,1,2,1
SF,IC2010,2020-08-28 09:31:39.500,6415.8000,2364,0,59008080.000,0,-,-,-,-,6417.0000,6416.8000,6411.8000,6411.4000,6408.4000,6421.0000,6421.6000,6423.2000,6424.0000,6425.8000,1,3,1,1,1,3,1,1,2,3
SF,IC2010,2020-08-28 09:31:40.000,6415.8000,2364,0,59008080.000,0,-,-,-,-,6417.2000,6416.8000,6411.8000,6411.4000,6408.4000,6424.0000,6425.8000,6426.0000,6426.2000,6426.4000,1,1,1,1,1,2,2,1,8,5
SF,IC2010,2020-08-28 09:31:40.500,6415.8000,2364,0,59008080.000,0,-,-,-,-,6417.4000,6417.2000,6416.8000,6411.8000,6411.4000,6423.4000,6423.8000,6424.0000,6425.8000,6426.0000,2,1,1,1,1,1,2,2,1,1
SF,IC2010,2020-08-28 09:31:41.000,6415.8000,2364,0,59008080.000,0,-,-,-,-,6417.8000,6417.6000,6417.4000,6416.8000,6411.8000,6423.2000,6423.4000,6423.8000,6424.0000,6425.8000,1,2,2,1,1,4,1,1,1,1
SF,IC2010,2020-08-28 09:31:41.500,6415.8000,2364,0,59008080.000,0,-,-,-,-,6418.0000,6417.8000,6417.6000,6416.8000,6411.8000,6423.0000,6423.2000,6423.8000,6424.0000,6425.8000,2,1,1,1,1,1,4,1,1,1
SF,IC2010,2020-08-28 09:31:42.000,6415.8000,2364,0,59008080.000,0,-,-,-,-,6418.2000,6418.0000,6417.8000,6417.6000,6416.8000,6423.2000,6423.8000,6424.0000,6425.8000,6426.0000,2,2,1,1,1,1,1,1,1,1
SF,IC2010,2020-08-28 09:31:42.500,6415.8000,2364,0,59008080.000,0,-,-,-,-,6418.4000,6418.2000,6417.8000,6417.6000,6416.8000,6423.2000,6423.8000,6424.0000,6425.8000,6426.0000,2,2,1,1,1,1,1,1,1,1
SF,IC2010,2020-08-28 09:31:43.000,6415.8000,2364,0,59008080.000,0,-,-,-,-,6418.6000,6418.4000,6418.2000,6417.8000,6417.6000,6423.8000,6424.0000,6425.8000,6426.0000,6426.2000,2,2,1,1,1,1,1,1,1,1
SF,IC2010,2020-08-28 09:31:43.500,6415.8000,2364,0,59008080.000,0,-,-,-,-,6418.8000,6418.6000,6418.2000,6417.8000,6417.6000,6423.6000,6425.8000,6426.0000,6426.2000,6432.2000,2,2,1,1,1,1,1,1,1,5
SF,IC2010,2020-08-28 09:31:44.000,6415.8000,2364,0,59008080.000,0,-,-,-,-,6419.4000,6419.0000,6418.8000,6418.6000,6418.2000,6423.6000,6426.0000,6426.2000,6432.2000,6435.0000,1,3,2,2,1,1,1,1,5,1
SF,IC2010,2020-08-28 09:31:44.500,6415.8000,2364,0,59008080.000,0,-,-,-,-,6419.6000,6419.4000,6419.0000,6418.6000,6418.2000,6423.4000,6426.0000,6426.2000,6432.2000,6435.0000,1,1,3,2,1,1,1,1,5,1
SF,IC2010,2020-08-28 09:31:45.000,6415.8000,2364,0,59008080.000,0,-,-,-,-,6419.6000,6419.4000,6419.0000,6418.2000,6416.8000,6423.4000,6426.0000,6426.2000,6432.2000,6435.0000,1,1,1,1,1,1,1,1,5,1
SF,IC2010,2020-08-28 09:31:45.500,6415.8000,2364,0,59008080.000,0,-,-,-,-,6419.6000,6419.0000,6405.0000,6402.2000,6400.2000,6423.2000,6423.4000,6426.0000,6426.2000,6432.2000,1,1,1,4,1,1,1,1,1,5
SF,IC2010,2020-08-28 09:31:46.000,6415.8000,2364,0,59008080.000,0,-,-,-,-,6405.0000,6402.2000,6400.2000,6397.4000,6397.0000,6423.0000,6423.2000,6426.0000,6426.2000,6432.2000,1,4,1,5,1,1,1,1,1,5
SF,IC2010,2020-08-28 09:31:46.500,6415.8000,2364,0,59008080.000,0,-,-,-,-,6419.8000,6419.6000,6419.2000,6418.8000,6418.0000,6422.6000,6423.0000,6426.0000,6426.2000,6432.2000,1,1,1,2,1,1,1,1,1,5
SF,IC2010,2020-08-28 09:31:47.000,6415.8000,2364,0,59008080.000,0,-,-,-,-,6420.0000,6415.8000,6415.2000,6413.4000,6409.0000,6426.0000,6426.2000,6432.2000,6435.0000,6437.0000,2,1,1,2,5,1,1,5,1,1
SF,IC2010,2020-08-28 09:31:47.500,6415.8000,2364,0,59008080.000,0,-,-,-,-,6420.2000,6420.0000,6415.8000,6415.2000,6413.6000,6425.4000,6425.8000,6426.0000,6426.2000,6426.6000,1,2,1,1,3,1,5,1,1,1
SF,IC2010,2020-08-28 09:31:48.000,6415.8000,2364,0,59008080.000,0,-,-,-,-,6420.4000,6420.2000,6415.8000,6415.2000,6413.6000,6425.2000,6425.4000,6432.2000,6435.0000,6437.0000,1,1,1,1,3,1,1,5,1,1
SF,IC2010,2020-08-28 09:31:48.500,6415.8000,2364,0,59008080.000,0,-,-,-,-,6421.0000,6420.6000,6420.4000,6415.8000,6415.2000,6425.2000,6432.2000,6435.0000,6437.0000,6439.6000,1,1,1,1,1,1,5,1,1,2
SF,IC2010,2020-08-28 09:31:49.000,6415.8000,2364,0,59008080.000,0,-,-,-,-,6421.2000,6420.6000,6415.8000,6415.2000,6413.6000,6425.2000,6432.2000,6435.0000,6437.0000,6439.6000,2,1,1,1,3,1,5,1,1,2
SF,IC2010,2020-08-28 09:31:49.500,6415.8000,2364,0,59008080.000,0,-,-,-,-,6421.2000,6420.6000,6416.6000,6415.8000,6415.2000,6425.0000,6425.2000,6432.2000,6435.0000,6437.0000,2,1,1,1,1,1,1,5,1,1
SF,IC2010,2020-08-28 09:31:50.000,6415.8000,2364,0,59008080.000,0,-,-,-,-,6420.6000,6416.6000,6415.8000,6415.2000,6413.6000,6424.8000,6425.0000,6432.2000,6435.0000,6437.0000,1,1,1,1,3,1,1,5,1,1
SF,IC2010,2020-08-28 09:31:50.500,6415.8000,2364,0,59008080.000,0,-,-,-,-,6420.8000,6420.6000,6416.6000,6415.8000,6415.2000,6424.8000,6432.2000,6435.0000,6437.0000,6439.6000,1,1,1,1,1,1,5,1,1,2
SF,IC2010,2020-08-28 09:31:51.000,6415.8000,2364,0,59008080.000,0,-,-,-,-,6421.0000,6420.8000,6420.6000,6416.6000,6415.8000,6432.2000,6435.0000,6437.0000,6439.6000,6444.0000,2,1,1,1,1,5,1,1,2,1
SF,IC2010,2020-08-28 09:31:51.500,6415.8000,2364,0,59008080.000,0,-,-,-,-,6421.2000,6421.0000,6416.6000,6415.8000,6413.6000,6425.8000,6426.4000,6428.4000,6428.6000,6430.2000,2,2,1,1,3,3,1,1,1,1
SF,IC2010,2020-08-28 09:31:52.000,6415.8000,2364,0,59008080.000,0,-,-,-,-,6421.2000,6421.0000,6416.6000,6415.8000,6413.6000,6425.6000,6428.4000,6428.6000,6430.2000,6430.4000,2,1,1,1,3,1,1,1,1,1
SF,IC2010,2020-08-28 09:31:52.500,6415.8000,2364,0,59008080.000,0,-,-,-,-,6421.4000,6421.2000,6421.0000,6416.6000,6415.8000,6428.4000,6428.6000,6430.2000,6430.6000,6431.6000,3,2,1,1,1,1,1,1,1,1
SF,IC2010,2020-08-28 09:31:53.000,6415.8000,2364,0,59008080.000,0,-,-,-,-,6421.6000,6421.4000,6421.0000,6416.6000,6415.8000,6427.8000,6428.2000,6428.4000,6428.6000,6430.2000,2,3,1,1,1,1,4,1,1,1
SF,IC2010,2020-08-28 09:31:53.500,6415.8000,2364,0,59008080.000,0,-,-,-,-,6421.8000,6421.6000,6421.4000,6421.0000,6416.6000,6427.6000,6427.8000,6428.2000,6428.4000,6428.6000,1,2,2,1,1,3,1,3,1,1
SF,IC2010,2020-08-28 09:31:54.000,6415.8000,2364,0,59008080.000,0,-,-,-,-,6422.0000,6421.8000,6421.4000,6421.0000,6416.6000,6427.0000,6427.6000,6428.2000,6428.4000,6428.6000,2,1,2,1,1,1,3,3,1,1
SF,IC2010,2020-08-28 09:31:54.500,6415.8000,2364,0,59008080.000,0,-,-,-,-,6422.0000,6421.0000,6416.6000,6415.8000,6413.6000,6426.8000,6427.0000,6427.6000,6428.2000,6428.4000,2,1,1,1,3,2,1,2,3,1
SF,IC2010,2020-08-28 09:31:55.000,6415.8000,2364,0,59008080.000,0,-,-,-,-,6422.2000,6422.0000,6421.0000,6416.6000,6415.8000,6426.2000,6426.6000,6426.8000,6427.6000,6428.2000,1,2,1,1,1,1,2,2,2,3
SF,IC2010,2020-08-28 09:31:55.500,6415.8000,2364,0,59008080.000,0,-,-,-,-,6422.2000,6422.0000,6421.0000,6416.6000,6415.8000,6426.0000,6426.2000,6426.6000,6426.8000,6427.6000,1,1,1,1,1,2,1,1,1,2
SF,IC2010,2020-08-28 09:31:56.000,6415.8000,2364,0,59008080.000,0,-,-,-,-,6422.4000,6421.0000,6416.6000,6415.8000,6413.6000,6425.8000,6426.0000,6426.6000,6426.8000,6427.6000,1,1,1,1,3,1,1,1,1,2
SF,IC2010,2020-08-28 09:31:56.500,6415.8000,2364,0,59008080.000,0,-,-,-,-,6422.4000,6421.0000,6416.6000,6415.8000,6413.6000,6425.8000,6426.0000,6426.8000,6427.6000,6428.4000,1,1,1,1,3,1,1,1,2,1
SF,IC2010,2020-08-28 09:31:57.000,6415.8000,2364,0,59008080.000,0,-,-,-,-,6422.6000,6422.4000,6421.0000,6416.6000,6415.8000,6425.6000,6425.8000,6426.8000,6427.6000,6428.4000,1,1,1,1,1,1,1,1,2,1
SF,IC2010,2020-08-28 09:31:57.500,6415.8000,2364,0,59008080.000,0,-,-,-,-,6422.8000,6421.0000,6416.6000,6415.8000,6413.6000,6425.6000,6426.8000,6428.4000,6428.6000,6430.2000,2,1,1,1,3,1,1,1,1,1
SF,IC2010,2020-08-28 09:31:58.500,6415.8000,2364,0,59008080.000,0,-,-,-,-,6422.8000,6421.0000,6416.6000,6415.8000,6413.6000,6425.6000,6426.8000,6428.4000,6428.6000,6430.2000,2,1,1,1,3,1,1,1,1,1
SF,IC2010,2020-08-28 09:31:59.000,6415.8000,2364,0,59008080.000,0,-,-,-,-,6422.8000,6421.0000,6416.6000,6415.8000,6413.6000,6425.6000,6428.4000,6428.6000,6430.2000,6430.6000,1,1,1,1,3,1,1,1,1,1
SF,IC2010,2020-08-28 09:31:59.500,6422.6000,2363,-1,60292600.000,1,0,1,双平,S,6421.0000,6416.6000,6415.8000,6413.6000,6409.0000,6425.6000,6428.4000,6428.6000,6430.2000,6430.6000,1,1,1,3,5,1,1,1,1,1
SF,IC2010,2020-08-28 09:32:00.000,6422.6000,2363,0,60292600.000,0,-,-,-,-,6421.2000,6421.0000,6416.6000,6415.8000,6413.6000,6425.4000,6425.6000,6428.4000,6428.6000,6430.2000,4,1,1,1,3,1,1,1,1,1
SF,IC2010,2020-08-28 09:32:00.500,6422.6000,2363,0,60292600.000,0,-,-,-,-,6421.4000,6421.2000,6421.0000,6416.6000,6415.8000,6425.2000,6425.4000,6428.4000,6428.6000,6430.2000,1,2,1,1,1,1,1,1,1,1
SF,IC2010,2020-08-28 09:32:01.000,6422.6000,2363,0,60292600.000,0,-,-,-,-,6421.4000,6416.6000,6415.8000,6413.6000,6409.0000,6425.0000,6425.2000,6428.4000,6428.6000,6430.2000,1,1,1,3,5,1,1,1,1,1
SF,IC2010,2020-08-28 09:32:01.500,6421.4000,2362,-1,61576880.000,1,0,1,双平,S,6416.6000,6415.8000,6413.6000,6409.0000,6407.4000,6421.4000,6424.8000,6425.0000,6428.4000,6428.6000,1,1,3,5,1,2,4,1,1,1
SF,IC2010,2020-08-28 09:32:02.000,6421.4000,2362,0,61576880.000,0,-,-,-,-,6419.8000,6419.6000,6419.2000,6416.8000,6416.6000,6421.2000,6424.8000,6425.0000,6428.6000,6430.6000,1,1,1,3,1,1,2,1,1,1
SF,IC2010,2020-08-28 09:32:02.500,6419.8000,2361,-1,62860840.000,1,0,1,双平,S,6416.8000,6416.6000,6415.8000,6413.6000,6409.0000,6424.8000,6425.0000,6430.6000,6431.8000,6432.0000,1,1,1,3,5,1,1,1,1,1
SF,IC2010,2020-08-28 09:32:03.000,6419.8000,2361,0,62860840.000,0,-,-,-,-,6417.0000,6416.8000,6416.6000,6415.8000,6413.6000,6424.0000,6424.2000,6424.6000,6424.8000,6430.6000,5,1,1,1,3,1,2,3,1,1
SF,IC2010,2020-08-28 09:32:03.500,6419.8000,2361,0,62860840.000,0,-,-,-,-,6417.2000,6417.0000,6416.6000,6415.8000,6413.6000,6423.4000,6423.8000,6424.0000,6424.2000,6424.6000,2,4,1,1,3,1,3,1,1,2
SF,IC2010,2020-08-28 09:32:04.000,6419.8000,2361,0,62860840.000,0,-,-,-,-,6417.4000,6417.2000,6417.0000,6416.6000,6415.8000,6423.2000,6423.4000,6423.8000,6424.0000,6424.2000,3,2,4,1,1,4,1,1,1,1
SF,IC2010,2020-08-28 09:32:04.500,6419.8000,2361,0,62860840.000,0,-,-,-,-,6417.6000,6417.4000,6417.0000,6416.6000,6415.8000,6422.6000,6423.2000,6423.8000,6424.0000,6424.2000,1,3,4,1,1,1,2,1,1,1
SF,IC2010,2020-08-28 09:32:05.000,6419.8000,2361,0,62860840.000,0,-,-,-,-,6417.8000,6417.6000,6417.4000,6417.0000,6416.6000,6422.4000,6422.6000,6423.2000,6423.8000,6424.0000,2,1,3,4,1,1,1,1,1,1
SF,IC2010,2020-08-28 09:32:05.500,6419.8000,2361,0,62860840.000,0,-,-,-,-,6418.0000,6417.8000,6417.4000,6417.0000,6416.6000,6422.2000,6422.4000,6422.6000,6423.8000,6424.0000,2,2,3,4,1,1,1,1,1,1
SF,IC2010,2020-08-28 09:32:06.000,6419.8000,2361,0,62860840.000,0,-,-,-,-,6420.0000,6418.2000,6418.0000,6417.8000,6417.4000,6422.4000,6422.6000,6423.8000,6424.0000,6424.2000,1,2,2,2,3,1,1,1,1,1
SF,IC2010,2020-08-28 09:32:06.500,6419.8000,2361,0,62860840.000,0,-,-,-,-,6418.2000,6418.0000,6417.8000,6417.4000,6417.0000,6420.0000,6422.6000,6424.2000,6424.6000,6430.6000,2,1,2,3,4,1,1,1,2,1
SF,IC2010,2020-08-28 09:32:07.000,6420.0000,2360,-1,64144840.000,1,0,1,双平,S,6423.2000,6420.8000,6420.2000,6420.0000,6419.8000,6424.6000,6430.6000,6431.8000,6432.2000,6435.0000,1,1,1,2,2,1,1,1,5,1
SF,IC2010,2020-08-28 09:32:07.500,6422.8000,2360,0,65429400.000,1,0,1,多换,S,6420.8000,6420.0000,6417.0000,6416.6000,6415.8000,6422.6000,6423.2000,6424.0000,6424.4000,6424.6000,1,1,2,1,1,2,8,1,1,1
SF,IC2010,2020-08-28 09:32:08.000,6420.8000,2360,0,66713560.000,1,0,1,多换,S,6417.0000,6416.6000,6415.8000,6413.6000,6409.0000,6422.6000,6424.0000,6424.4000,6430.6000,6431.8000,2,1,1,3,5,2,1,1,1,1
SF,IC2010,2020-08-28 09:32:08.500,6420.8000,2360,0,66713560.000,0,-,-,-,-,6420.2000,6419.8000,6417.2000,6417.0000,6416.6000,6422.4000,6422.6000,6424.4000,6430.6000,6431.8000,1,1,4,2,1,1,2,1,1,1
SF,IC2010,2020-08-28 09:32:09.000,6420.8000,2360,0,66713560.000,0,-,-,-,-,6417.2000,6417.0000,6416.6000,6413.6000,6409.0000,6422.2000,6422.6000,6431.8000,6432.2000,6435.0000,2,1,1,3,5,1,2,1,5,1
SF,IC2010,2020-08-28 09:32:09.500,6420.8000,2360,0,66713560.000,0,-,-,-,-,6417.4000,6417.2000,6417.0000,6416.6000,6413.6000,6422.0000,6422.6000,6431.8000,6432.2000,6435.0000,2,2,1,1,3,1,2,1,5,1
SF,IC2010,2020-08-28 09:32:10.000,6420.8000,2360,0,66713560.000,0,-,-,-,-,6417.6000,6417.4000,6417.2000,6417.0000,6416.6000,6421.8000,6422.0000,6422.6000,6431.8000,6432.2000,1,2,1,1,1,1,1,2,1,5
SF,IC2010,2020-08-28 09:32:10.500,6420.8000,2360,0,66713560.000,0,-,-,-,-,6417.6000,6417.4000,6417.2000,6417.0000,6416.6000,6421.6000,6421.8000,6422.0000,6422.6000,6431.8000,1,1,1,1,1,1,1,1,2,1
SF,IC2010,2020-08-28 09:32:11.500,6421.6000,2359,-1,67997880.000,1,0,1,双平,S,6417.8000,6417.6000,6417.4000,6417.2000,6417.0000,6421.8000,6422.0000,6422.6000,6431.8000,6432.2000,2,1,1,1,1,1,1,2,1,5
SF,IC2010,2020-08-28 09:32:12.000,6421.6000,2359,0,67997880.000,0,-,-,-,-,6418.0000,6417.8000,6417.4000,6417.2000,6417.0000,6421.8000,6422.6000,6431.8000,6432.2000,6435.0000,1,2,1,1,1,1,2,1,5,1
SF,IC2010,2020-08-28 09:32:12.500,6421.6000,2359,0,67997880.000,0,-,-,-,-,6418.2000,6418.0000,6417.8000,6417.4000,6417.2000,6421.8000,6422.6000,6431.8000,6432.2000,6435.0000,2,1,1,1,1,1,2,1,5,1
SF,IC2010,2020-08-28 09:32:13.000,6421.8000,2359,0,69282240.000,1,0,1,多换,S,6420.0000,6418.4000,6418.2000,6417.8000,6417.4000,6422.6000,6431.8000,6432.2000,6435.0000,6437.0000,1,1,2,1,1,2,1,5,1,1
SF,IC2010,2020-08-28 09:32:13.500,6421.8000,2359,0,69282240.000,0,-,-,-,-,6420.2000,6418.2000,6417.8000,6417.4000,6417.2000,6422.6000,6431.8000,6432.2000,6435.0000,6437.0000,2,2,1,1,1,2,1,5,1,1
SF,IC2010,2020-08-28 09:32:14.000,6421.8000,2359,0,69282240.000,0,-,-,-,-,6420.2000,6417.2000,6417.0000,6416.6000,6409.0000,6422.6000,6431.8000,6432.2000,6435.0000,6437.0000,2,1,1,1,5,2,1,5,1,1
SF,IC2010,2020-08-28 09:32:14.500,6421.8000,2359,0,69282240.000,0,-,-,-,-,6417.0000,6416.6000,6409.0000,6407.4000,6405.4000,6422.6000,6431.8000,6432.2000,6435.0000,6437.0000,1,1,5,1,1,2,1,5,1,1
SF,IC2010,2020-08-28 09:32:15.000,6421.8000,2359,0,69282240.000,0,-,-,-,-,6417.2000,6417.0000,6416.6000,6409.0000,6407.4000,6422.4000,6422.6000,6431.8000,6432.2000,6435.0000,3,1,1,5,1,2,2,1,5,1
SF,IC2010,2020-08-28 09:32:15.500,6421.8000,2359,0,69282240.000,0,-,-,-,-,6417.2000,6416.6000,6409.0000,6407.4000,6405.4000,6422.0000,6422.2000,6422.4000,6422.6000,6431.8000,1,1,5,1,1,1,1,2,2,1
SF,IC2010,2020-08-28 09:32:16.000,6421.8000,2359,0,69282240.000,0,-,-,-,-,6416.6000,6409.0000,6407.4000,6405.4000,6405.0000,6421.8000,6422.0000,6422.2000,6422.6000,6431.8000,1,5,1,1,1,3,1,1,2,1
SF,IC2010,2020-08-28 09:32:16.500,6421.8000,2359,0,69282240.000,0,-,-,-,-,6416.6000,6409.0000,6407.4000,6405.4000,6405.0000,6420.8000,6421.2000,6421.8000,6422.2000,6422.6000,1,5,1,1,1,1,1,3,1,2
SF,IC2010,2020-08-28 09:32:17.000,6421.8000,2359,0,69282240.000,0,-,-,-,-,6416.6000,6409.0000,6407.4000,6405.4000,6405.0000,6420.2000,6420.6000,6420.8000,6421.8000,6422.2000,1,5,1,1,1,1,1,1,2,1
SF,IC2010,2020-08-28 09:32:17.500,6421.8000,2359,0,69282240.000,0,-,-,-,-,6416.6000,6407.4000,6405.4000,6405.0000,6403.2000,6420.0000,6420.2000,6420.8000,6421.8000,6422.2000,1,1,1,1,5,1,1,1,1,1
SF,IC2010,2020-08-28 09:32:18.000,6421.8000,2359,0,69282240.000,0,-,-,-,-,6416.8000,6416.6000,6407.4000,6405.4000,6405.0000,6419.8000,6420.0000,6420.8000,6421.8000,6422.2000,1,1,1,1,1,1,1,1,1,1
SF,IC2010,2020-08-28 09:32:18.500,6421.8000,2359,0,69282240.000,0,-,-,-,-,6416.6000,6407.4000,6405.4000,6405.0000,6403.2000,6419.6000,6419.8000,6421.8000,6422.2000,6431.8000,1,1,1,1,5,1,1,1,1,1
SF,IC2010,2020-08-28 09:32:19.000,6416.6000,2358,-1,70565560.000,1,0,1,双平,S,6407.4000,6405.4000,6405.0000,6403.2000,6402.6000,6419.4000,6421.8000,6422.2000,6431.8000,6432.2000,1,1,1,5,3,2,1,1,1,5
SF,IC2010,2020-08-28 09:32:19.500,6416.6000,2358,0,70565560.000,0,-,-,-,-,6414.4000,6414.0000,6413.6000,6411.0000,6410.8000,6419.2000,6419.4000,6422.2000,6431.8000,6432.2000,1,1,2,1,1,2,2,1,1,5
SF,IC2010,2020-08-28 09:32:20.000,6416.6000,2358,0,70565560.000,0,-,-,-,-,6410.8000,6408.4000,6407.8000,6407.6000,6407.4000,6416.8000,6418.6000,6419.0000,6419.2000,6419.4000,1,1,1,5,1,3,2,3,2,1
SF,IC2010,2020-08-28 09:32:20.500,6416.6000,2358,0,70565560.000,0,-,-,-,-,6411.0000,6408.4000,6407.8000,6407.6000,6407.4000,6416.6000,6418.6000,6419.0000,6419.4000,6420.6000,1,1,1,3,1,6,1,3,1,5
SF,IC2010,2020-08-28 09:32:21.000,6411.0000,2357,-1,71847760.000,1,0,1,双平,S,6408.4000,6407.8000,6407.6000,6407.4000,6405.4000,6416.4000,6416.6000,6418.6000,6419.0000,6419.4000,1,1,3,1,1,1,6,1,3,1
SF,IC2010,2020-08-28 09:32:21.500,6411.0000,2357,0,71847760.000,0,-,-,-,-,6408.6000,6407.8000,6407.6000,6407.4000,6405.4000,6415.2000,6415.8000,6416.2000,6416.6000,6418.6000,2,1,3,1,1,1,2,6,3,1
SF,IC2010,2020-08-28 09:32:22.000,6411.0000,2357,0,71847760.000,0,-,-,-,-,6408.6000,6407.6000,6407.4000,6405.4000,6405.0000,6414.6000,6415.0000,6415.2000,6415.8000,6416.2000,2,3,1,1,1,1,4,1,1,4
SF,IC2010,2020-08-28 09:32:22.500,6411.0000,2357,0,71847760.000,0,-,-,-,-,6408.6000,6407.6000,6407.4000,6405.4000,6405.0000,6414.4000,6414.6000,6415.0000,6415.2000,6415.8000,2,3,1,1,1,2,1,2,1,1
SF,IC2010,2020-08-28 09:32:23.000,6411.0000,2357,0,71847760.000,0,-,-,-,-,6408.6000,6407.6000,6407.4000,6405.4000,6405.0000,6413.8000,6414.2000,6414.4000,6415.0000,6415.2000,2,3,1,1,1,1,4,2,2,1
SF,IC2010,2020-08-28 09:32:23.500,6411.0000,2357,0,71847760.000,0,-,-,-,-,6408.6000,6407.6000,6407.4000,6405.4000,6405.0000,6413.6000,6413.8000,6414.2000,6415.0000,6415.2000,2,3,1,1,1,2,1,4,2,1
SF,IC2010,2020-08-28 09:32:24.000,6411.0000,2357,0,71847760.000,0,-,-,-,-,6407.6000,6407.4000,6405.4000,6405.0000,6402.6000,6413.2000,6413.4000,6413.6000,6414.2000,6415.0000,2,1,1,1,3,1,3,3,4,2
SF,IC2010,2020-08-28 09:32:24.500,6411.0000,2357,0,71847760.000,0,-,-,-,-,6407.8000,6407.6000,6407.4000,6405.4000,6405.0000,6413.0000,6413.2000,6414.2000,6415.0000,6415.2000,2,2,1,1,1,2,1,4,2,1
SF,IC2010,2020-08-28 09:32:25.000,6411.0000,2357,0,71847760.000,0,-,-,-,-,6408.0000,6407.8000,6407.6000,6407.4000,6405.4000,6412.8000,6413.0000,6414.2000,6415.2000,6415.8000,1,2,2,1,1,1,2,4,1,1
SF,IC2010,2020-08-28 09:32:25.500,6411.0000,2357,0,71847760.000,0,-,-,-,-,6410.6000,6408.2000,6408.0000,6407.8000,6407.6000,6415.2000,6415.8000,6416.2000,6418.6000,6420.6000,1,5,1,1,2,1,1,1,1,5
SF,IC2010,2020-08-28 09:32:26.000,6411.0000,2357,0,71847760.000,0,-,-,-,-,6410.8000,6408.2000,6408.0000,6407.6000,6407.4000,6414.6000,6415.0000,6415.2000,6415.8000,6416.2000,3,1,1,1,1,1,4,1,1,1
SF,IC2010,2020-08-28 09:32:26.500,6411.0000,2357,0,71847760.000,0,-,-,-,-,6411.0000,6410.8000,6408.2000,6408.0000,6407.6000,6414.4000,6414.6000,6415.0000,6415.2000,6415.8000,1,1,1,1,1,1,1,4,1,1
SF,IC2010,2020-08-28 09:32:27.000,6411.0000,2357,0,71847760.000,0,-,-,-,-,6411.4000,6411.0000,6408.2000,6408.0000,6407.6000,6414.4000,6415.0000,6415.2000,6415.8000,6416.2000,1,1,1,1,1,1,3,1,1,1
SF,IC2010,2020-08-28 09:32:27.500,6411.0000,2357,0,71847760.000,0,-,-,-,-,6411.6000,6408.2000,6408.0000,6407.6000,6407.4000,6414.4000,6416.2000,6418.6000,6420.6000,6431.8000,1,1,1,1,1,1,1,1,5,1
SF,IC2010,2020-08-28 09:32:29.500,6411.0000,2357,0,71847760.000,0,-,-,-,-,6411.6000,6408.2000,6408.0000,6407.6000,6407.4000,6414.4000,6418.6000,6420.6000,6431.8000,6435.0000,1,1,1,1,1,1,1,5,1,1
SF,IC2010,2020-08-28 09:32:30.000,6411.0000,2357,0,71847760.000,0,-,-,-,-,6411.8000,6408.2000,6408.0000,6407.6000,6407.4000,6413.4000,6418.6000,6420.6000,6431.8000,6435.0000,1,1,1,1,1,1,1,5,1,1
SF,IC2010,2020-08-28 09:32:30.500,6413.4000,2356,-1,73130440.000,1,0,1,双平,S,6412.0000,6411.8000,6408.2000,6408.0000,6407.6000,6418.6000,6420.6000,6431.8000,6435.0000,6437.0000,1,1,1,1,1,1,5,1,1,1
SF,IC2010,2020-08-28 09:32:31.000,6413.4000,2356,0,73130440.000,0,-,-,-,-,6412.2000,6412.0000,6408.2000,6408.0000,6407.6000,6417.6000,6418.0000,6418.2000,6418.4000,6418.6000,2,1,1,1,1,1,1,1,6,2
SF,IC2010,2020-08-28 09:32:31.500,6413.4000,2356,0,73130440.000,0,-,-,-,-,6412.4000,6412.2000,6408.2000,6408.0000,6407.6000,6417.0000,6417.4000,6417.6000,6418.4000,6418.6000,1,2,1,1,1,1,3,1,3,2
SF,IC2010,2020-08-28 09:32:32.000,6413.4000,2356,0,73130440.000,0,-,-,-,-,6412.6000,6412.4000,6412.2000,6408.2000,6408.0000,6416.8000,6417.0000,6417.4000,6418.4000,6418.6000,2,1,1,1,1,1,1,1,3,2
SF,IC2010,2020-08-28 09:32:32.500,6413.4000,2356,0,73130440.000,0,-,-,-,-,6412.8000,6412.6000,6412.4000,6412.2000,6408.2000,6416.8000,6417.0000,6417.4000,6418.4000,6418.6000,1,1,1,1,1,1,1,1,3,2
SF,IC2010,2020-08-28 09:32:33.000,6413.4000,2356,0,73130440.000,0,-,-,-,-,6413.0000,6412.8000,6412.4000,6412.2000,6408.2000,6418.4000,6418.6000,6420.6000,6431.8000,6435.0000,2,1,1,1,1,3,1,5,1,1
SF,IC2010,2020-08-28 09:32:33.500,6413.4000,2356,0,73130440.000,0,-,-,-,-,6413.2000,6413.0000,6412.2000,6408.2000,6408.0000,6418.2000,6418.4000,6420.6000,6431.8000,6435.0000,1,2,1,1,1,4,3,5,1,1
SF,IC2010,2020-08-28 09:32:34.000,6413.4000,2356,0,73130440.000,0,-,-,-,-,6413.4000,6413.2000,6413.0000,6412.2000,6408.2000,6418.0000,6426.4000,6431.8000,6435.0000,6437.0000,3,1,1,1,1,1,5,1,1,1
SF,IC2010,2020-08-28 09:32:34.500,6413.4000,2356,0,73130440.000,0,-,-,-,-,6413.6000,6413.4000,6413.0000,6412.2000,6408.2000,6426.4000,6431.8000,6435.0000,6437.0000,6439.6000,2,2,1,1,1,5,1,1,1,2
SF,IC2010,2020-08-28 09:32:35.000,6413.4000,2356,0,73130440.000,0,-,-,-,-,6413.8000,6413.6000,6413.4000,6413.0000,6412.2000,6419.4000,6420.0000,6421.8000,6423.2000,6424.0000,4,1,1,1,1,4,1,2,1,2
SF,IC2010,2020-08-28 09:32:35.500,6413.4000,2356,0,73130440.000,0,-,-,-,-,6416.6000,6415.2000,6414.0000,6413.8000,6413.4000,6419.2000,6421.8000,6423.2000,6424.0000,6425.8000,1,1,3,3,1,1,2,1,1,1
SF,IC2010,2020-08-28 09:32:36.000,6413.4000,2356,0,73130440.000,0,-,-,-,-,6416.8000,6415.2000,6414.0000,6413.8000,6413.4000,6421.8000,6423.2000,6424.0000,6425.8000,6426.2000,1,1,2,3,1,2,1,1,1,5
SF,IC2010,2020-08-28 09:32:36.500,6413.4000,2356,0,73130440.000,0,-,-,-,-,6417.0000,6416.8000,6415.2000,6414.0000,6413.8000,6421.2000,6421.6000,6421.8000,6423.2000,6424.0000,1,1,1,1,3,1,2,2,1,1
SF,IC2010,2020-08-28 09:32:37.000,6413.4000,2356,0,73130440.000,0,-,-,-,-,6417.0000,6414.0000,6413.8000,6408.2000,6407.4000,6421.0000,6421.2000,6421.6000,6421.8000,6423.2000,1,1,1,1,1,7,1,1,2,1
SF,IC2010,2020-08-28 09:32:37.500,6413.4000,2356,0,73130440.000,0,-,-,-,-,6414.0000,6408.2000,6407.4000,6405.4000,6405.0000,6420.4000,6421.0000,6421.6000,6421.8000,6423.2000,1,1,1,1,1,1,7,1,2,1
SF,IC2010,2020-08-28 09:32:38.000,6413.4000,2356,0,73130440.000,0,-,-,-,-,6414.2000,6408.2000,6407.4000,6405.4000,6405.0000,6419.6000,6420.2000,6420.4000,6421.0000,6421.6000,1,1,1,1,1,1,4,1,6,1
SF,IC2010,2020-08-28 09:32:38.500,6413.4000,2356,0,73130440.000,0,-,-,-,-,6408.2000,6407.4000,6405.4000,6405.0000,6402.2000,6419.0000,6419.4000,6419.6000,6420.2000,6421.0000,1,1,1,1,4,1,4,1,3,5
SF,IC2010,2020-08-28 09:32:39.000,6413.4000,2356,0,73130440.000,0,-,-,-,-,6415.2000,6414.8000,6414.4000,6413.6000,6410.8000,6418.8000,6419.0000,6419.4000,6419.6000,6420.2000,1,1,2,2,1,1,1,2,1,3
SF,IC2010,2020-08-28 09:32:39.500,6413.4000,2356,0,73130440.000,0,-,-,-,-,6410.8000,6409.8000,6409.2000,6408.6000,6408.4000,6418.2000,6418.6000,6419.4000,6419.6000,6420.2000,1,1,1,1,3,1,2,2,1,3
SF,IC2010,2020-08-28 09:32:40.000,6413.4000,2356,0,73130440.000,0,-,-,-,-,6411.4000,6411.0000,6410.8000,6409.8000,6409.2000,6418.0000,6418.2000,6418.6000,6419.4000,6419.6000,1,3,1,1,1,2,1,2,2,1
SF,IC2010,2020-08-28 09:32:40.500,6413.4000,2356,0,73130440.000,0,-,-,-,-,6411.6000,6411.4000,6411.0000,6410.8000,6409.8000,6417.4000,6417.8000,6418.0000,6418.6000,6419.4000,2,1,2,1,1,1,2,2,2,2
SF,IC2010,2020-08-28 09:32:41.000,6413.4000,2356,0,73130440.000,0,-,-,-,-,6411.8000,6411.6000,6411.4000,6411.0000,6410.8000,6417.2000,6417.4000,6417.8000,6418.6000,6419.6000,1,2,1,1,1,2,1,1,2,1
SF,IC2010,2020-08-28 09:32:41.500,6413.4000,2356,0,73130440.000,0,-,-,-,-,6414.8000,6414.4000,6412.0000,6411.8000,6411.6000,6416.8000,6417.2000,6417.8000,6418.6000,6419.6000,1,1,6,1,1,1,1,1,2,1
SF,IC2010,2020-08-28 09:32:42.000,6413.4000,2356,0,73130440.000,0,-,-,-,-,6412.0000,6411.8000,6411.6000,6411.4000,6411.0000,6418.6000,6419.6000,6421.0000,6421.8000,6423.2000,6,1,1,1,1,1,1,2,2,1
SF,IC2010,2020-08-28 09:32:42.500,6413.4000,2356,0,73130440.000,0,-,-,-,-,6412.0000,6411.8000,6411.6000,6411.4000,6411.0000,6418.0000,6418.4000,6419.6000,6421.0000,6421.8000,5,1,1,1,1,1,2,1,2,2
SF,IC2010,2020-08-28 09:32:43.000,6413.4000,2356,0,73130440.000,0,-,-,-,-,6412.2000,6412.0000,6411.6000,6411.4000,6411.0000,6417.8000,6418.0000,6419.6000,6421.0000,6421.8000,1,5,1,1,1,1,1,1,2,2
SF,IC2010,2020-08-28 09:32:43.500,6413.4000,2356,0,73130440.000,0,-,-,-,-,6415.4000,6415.0000,6412.4000,6412.2000,6412.0000,6417.8000,6418.0000,6419.6000,6421.0000,6421.8000,1,1,3,1,4,1,1,1,2,2
SF,IC2010,2020-08-28 09:32:44.000,6413.4000,2356,0,73130440.000,0,-,-,-,-,6412.4000,6412.0000,6411.4000,6410.8000,6409.8000,6417.6000,6419.6000,6421.0000,6421.8000,6423.2000,2,2,1,1,1,1,1,2,2,1
SF,IC2010,2020-08-28 09:32:44.500,6413.4000,2356,0,73130440.000,0,-,-,-,-,6412.6000,6412.4000,6412.0000,6411.4000,6410.8000,6417.4000,6419.6000,6421.0000,6421.8000,6423.2000,1,2,2,1,1,1,1,2,2,1
SF,IC2010,2020-08-28 09:32:45.000,6413.4000,2356,0,73130440.000,0,-,-,-,-,6412.8000,6412.6000,6412.4000,6412.0000,6411.4000,6417.2000,6417.4000,6419.6000,6421.0000,6421.8000,2,1,1,2,1,1,1,1,2,2
SF,IC2010,2020-08-28 09:32:45.500,6413.4000,2356,0,73130440.000,0,-,-,-,-,6413.0000,6412.8000,6412.6000,6412.4000,6412.0000,6417.2000,6417.4000,6419.6000,6421.0000,6421.8000,2,1,1,1,2,1,1,1,2,2
SF,IC2010,2020-08-28 09:32:46.000,6413.4000,2356,0,73130440.000,0,-,-,-,-,6413.2000,6413.0000,6412.6000,6412.4000,6412.0000,6417.2000,6417.4000,6419.6000,6421.0000,6421.8000,1,2,1,1,2,1,1,1,2,2
SF,IC2010,2020-08-28 09:32:46.500,6413.4000,2356,0,73130440.000,0,-,-,-,-,6413.4000,6413.2000,6413.0000,6412.6000,6412.4000,6417.2000,6417.4000,6419.6000,6421.0000,6421.8000,3,1,2,1,1,1,1,1,2,2
SF,IC2010,2020-08-28 09:32:47.000,6413.4000,2356,0,73130440.000,0,-,-,-,-,6413.6000,6413.4000,6413.0000,6412.6000,6412.4000,6417.2000,6419.6000,6421.0000,6421.8000,6423.2000,2,2,2,1,1,1,1,2,2,1
SF,IC2010,2020-08-28 09:32:47.500,6413.4000,2356,0,73130440.000,0,-,-,-,-,6413.6000,6412.6000,6412.4000,6412.0000,6411.4000,6417.2000,6419.6000,6421.0000,6421.8000,6423.2000,2,1,1,2,1,1,1,2,2,1
SF,IC2010,2020-08-28 09:32:48.000,6413.4000,2356,0,73130440.000,0,-,-,-,-,6412.4000,6412.0000,6411.4000,6410.8000,6409.8000,6417.2000,6419.6000,6421.0000,6421.8000,6423.2000,1,2,1,1,1,1,1,2,2,1
SF,IC2010,2020-08-28 09:32:48.500,6413.4000,2356,0,73130440.000,0,-,-,-,-,6412.6000,6412.4000,6412.0000,6411.4000,6410.8000,6417.0000,6417.2000,6419.6000,6421.0000,6421.8000,2,1,2,1,1,1,1,1,2,1
SF,IC2010,2020-08-28 09:32:49.000,6413.4000,2356,0,73130440.000,0,-,-,-,-,6412.6000,6412.4000,6412.0000,6411.4000,6410.8000,6416.8000,6417.0000,6419.6000,6421.0000,6421.8000,1,1,2,1,1,1,1,1,2,1
SF,IC2010,2020-08-28 09:32:49.500,6413.4000,2356,0,73130440.000,0,-,-,-,-,6412.8000,6412.6000,6412.4000,6412.0000,6411.4000,6416.8000,6417.0000,6419.6000,6421.0000,6421.8000,1,1,1,2,1,1,1,1,2,1
SF,IC2010,2020-08-28 09:32:50.000,6413.4000,2356,0,73130440.000,0,-,-,-,-,6413.0000,6412.8000,6412.4000,6412.0000,6411.4000,6416.8000,6417.0000,6419.6000,6421.0000,6421.8000,1,1,1,2,1,1,1,1,2,1
SF,IC2010,2020-08-28 09:32:50.500,6413.4000,2356,0,73130440.000,0,-,-,-,-,6413.2000,6413.0000,6412.4000,6412.0000,6410.8000,6419.6000,6421.0000,6421.8000,6423.2000,6426.2000,2,2,1,2,1,1,2,1,1,1
SF,IC2010,2020-08-28 09:32:51.000,6413.4000,2356,0,73130440.000,0,-,-,-,-,6413.4000,6413.2000,6413.0000,6412.4000,6412.0000,6419.4000,6419.6000,6421.0000,6421.8000,6423.2000,3,2,1,1,2,2,1,2,1,1
SF,IC2010,2020-08-28 09:32:51.500,6413.4000,2356,0,73130440.000,0,-,-,-,-,6413.6000,6413.4000,6413.2000,6413.0000,6412.4000,6419.4000,6421.0000,6421.8000,6423.2000,6426.2000,2,2,2,1,1,1,1,1,1,1
SF,IC2010,2020-08-28 09:32:52.000,6413.4000,2356,0,73130440.000,0,-,-,-,-,6416.8000,6416.4000,6414.2000,6413.8000,6413.6000,6423.2000,6426.2000,6426.4000,6431.8000,6435.0000,1,2,1,3,1,1,1,5,1,1
SF,IC2010,2020-08-28 09:32:52.500,6413.4000,2356,0,73130440.000,0,-,-,-,-,6417.0000,6414.2000,6413.6000,6413.4000,6413.2000,6422.6000,6423.0000,6423.2000,6423.8000,6426.2000,4,1,1,1,2,1,5,1,1,1
SF,IC2010,2020-08-28 09:32:53.000,6413.4000,2356,0,73130440.000,0,-,-,-,-,6417.0000,6414.2000,6413.6000,6413.4000,6413.2000,6422.4000,6422.6000,6423.0000,6423.2000,6423.8000,1,1,1,1,2,4,1,4,1,1
SF,IC2010,2020-08-28 09:32:53.500,6413.4000,2356,0,73130440.000,0,-,-,-,-,6417.0000,6414.2000,6413.6000,6413.4000,6413.2000,6421.8000,6422.0000,6422.4000,6423.0000,6423.2000,1,1,1,1,2,1,1,4,4,1
SF,IC2010,2020-08-28 09:32:54.000,6413.4000,2356,0,73130440.000,0,-,-,-,-,6417.0000,6414.2000,6413.6000,6413.4000,6413.2000,6421.2000,6421.6000,6421.8000,6422.4000,6423.0000,1,1,1,1,2,1,2,1,3,4
SF,IC2010,2020-08-28 09:32:54.500,6413.4000,2356,0,73130440.000,0,-,-,-,-,6414.2000,6413.6000,6413.4000,6413.2000,6413.0000,6421.0000,6421.2000,6421.6000,6421.8000,6422.4000,1,1,1,2,1,2,1,1,1,3
SF,IC2010,2020-08-28 09:32:55.000,6413.4000,2356,0,73130440.000,0,-,-,-,-,6414.6000,6414.4000,6413.6000,6413.4000,6413.2000,6420.4000,6420.8000,6421.0000,6421.6000,6421.8000,1,4,1,1,2,1,1,2,1,1
SF,IC2010,2020-08-28 09:32:55.500,6413.4000,2356,0,73130440.000,0,-,-,-,-,6414.8000,6414.6000,6414.4000,6413.6000,6413.4000,6420.2000,6420.4000,6421.0000,6421.6000,6421.8000,3,1,2,1,1,2,1,1,1,1
SF,IC2010,2020-08-28 09:32:56.000,6413.4000,2356,0,73130440.000,0,-,-,-,-,6415.2000,6415.0000,6414.8000,6414.6000,6414.4000,6420.2000,6421.6000,6423.0000,6423.2000,6423.8000,1,1,2,1,2,1,1,3,1,1
SF,IC2010,2020-08-28 09:32:56.500,6413.4000,2356,0,73130440.000,0,-,-,-,-,6415.4000,6415.2000,6414.8000,6414.6000,6414.4000,6420.2000,6421.6000,6423.0000,6423.2000,6423.8000,5,1,1,1,2,1,1,3,1,1
SF,IC2010,2020-08-28 09:32:57.000,6413.4000,2356,0,73130440.000,0,-,-,-,-,6415.6000,6415.4000,6415.2000,6414.8000,6414.6000,6421.6000,6423.0000,6423.2000,6423.8000,6426.2000,1,5,1,1,1,1,3,1,1,1
SF,IC2010,2020-08-28 09:32:57.500,6413.4000,2356,0,73130440.000,0,-,-,-,-,6416.2000,6415.8000,6415.6000,6415.4000,6414.8000,6421.4000,6423.0000,6423.8000,6426.2000,6426.4000,1,1,1,2,1,1,2,1,1,5
SF,IC2010,2020-08-28 09:32:58.000,6413.4000,2356,0,73130440.000,0,-,-,-,-,6416.4000,6416.2000,6415.4000,6414.8000,6414.4000,6421.4000,6423.0000,6423.8000,6426.2000,6426.4000,3,1,2,1,2,1,2,1,1,5
SF,IC2010,2020-08-28 09:32:58.500,6413.4000,2356,0,73130440.000,0,-,-,-,-,6416.6000,6416.4000,6416.2000,6415.4000,6414.8000,6421.4000,6423.0000,6423.8000,6426.2000,6426.4000,1,2,1,2,1,1,2,1,1,5
SF,IC2010,2020-08-28 09:32:59.000,6413.4000,2356,0,73130440.000,0,-,-,-,-,6416.8000,6416.2000,6415.4000,6414.8000,6414.4000,6421.4000,6423.0000,6423.8000,6426.2000,6426.4000,5,1,2,1,1,1,2,1,1,5
SF,IC2010,2020-08-28 09:32:59.500,6413.4000,2356,0,73130440.000,0,-,-,-,-,6417.0000,6416.8000,6416.2000,6415.4000,6414.4000,6421.4000,6423.0000,6423.8000,6426.2000,6426.4000,1,4,1,2,1,1,2,1,1,5
SF,IC2010,2020-08-28 09:33:00.000,6413.4000,2356,0,73130440.000,0,-,-,-,-,6418.2000,6417.2000,6416.8000,6416.2000,6415.4000,6421.4000,6423.0000,6423.8000,6426.2000,6426.4000,1,1,1,1,2,1,2,1,1,5
SF,IC2010,2020-08-28 09:33:00.500,6413.4000,2356,0,73130440.000,0,-,-,-,-,6418.4000,6418.2000,6417.2000,6416.8000,6416.2000,6421.4000,6423.0000,6423.8000,6426.2000,6426.4000,1,1,1,1,1,1,2,1,1,5
SF,IC2010,2020-08-28 09:33:01.000,6413.4000,2356,0,73130440.000,0,-,-,-,-,6418.6000,6418.4000,6418.2000,6416.8000,6416.2000,6423.0000,6423.8000,6426.2000,6426.4000,6426.6000,1,1,1,1,1,2,1,1,5,1
SF,IC2010,2020-08-28 09:33:01.500,6413.4000,2356,0,73130440.000,0,-,-,-,-,6418.6000,6418.2000,6416.8000,6416.2000,6415.4000,6422.8000,6423.0000,6423.8000,6426.2000,6426.4000,1,1,1,1,1,3,2,1,1,5
SF,IC2010,2020-08-28 09:33:02.000,6413.4000,2356,0,73130440.000,0,-,-,-,-,6418.8000,6418.6000,6418.2000,6416.8000,6416.2000,6422.8000,6423.0000,6426.2000,6426.4000,6426.6000,1,1,1,1,1,1,2,1,5,1
SF,IC2010,2020-08-28 09:33:02.500,6413.4000,2356,0,73130440.000,0,-,-,-,-,6419.0000,6418.8000,6418.2000,6416.8000,6416.2000,6422.8000,6423.0000,6426.6000,6431.8000,6432.2000,1,1,1,1,1,3,1,1,1,5
SF,IC2010,2020-08-28 09:33:03.000,6413.4000,2356,0,73130440.000,0,-,-,-,-,6419.8000,6419.0000,6416.8000,6416.2000,6415.4000,6422.8000,6423.0000,6426.6000,6431.8000,6432.2000,1,1,1,1,1,3,1,1,1,5
SF,IC2010,2020-08-28 09:33:03.500,6422.8000,2355,-1,74415000.000,1,0,1,双平,S,6420.0000,6419.8000,6419.0000,6416.8000,6416.2000,6422.8000,6423.0000,6426.6000,6431.8000,6432.2000,1,1,1,1,1,2,1,1,1,5
SF,IC2010,2020-08-28 09:33:04.000,6422.8000,2355,0,74415000.000,0,-,-,-,-,6420.2000,6420.0000,6419.8000,6416.8000,6416.2000,6422.8000,6423.0000,6426.6000,6431.8000,6432.2000,2,1,1,1,1,2,1,1,1,5
SF,IC2010,2020-08-28 09:33:04.500,6422.8000,2355,0,74415000.000,0,-,-,-,-,6420.2000,6419.8000,6416.8000,6416.2000,6415.4000,6422.8000,6423.0000,6426.6000,6431.8000,6432.2000,2,1,1,1,1,2,1,1,1,5
SF,IC2010,2020-08-28 09:33:05.000,6422.8000,2355,0,74415000.000,0,-,-,-,-,6420.4000,6420.2000,6416.8000,6416.2000,6415.4000,6422.8000,6423.0000,6426.6000,6431.8000,6432.2000,1,2,1,1,1,2,1,1,1,5
SF,IC2010,2020-08-28 09:33:05.500,6422.8000,2355,0,74415000.000,0,-,-,-,-,6420.4000,6420.2000,6416.8000,6416.2000,6415.4000,6422.8000,6423.0000,6426.6000,6431.8000,6432.2000,1,1,1,1,1,2,1,1,1,5
SF,IC2010,2020-08-28 09:33:06.000,6422.8000,2355,0,74415000.000,0,-,-,-,-,6420.6000,6416.8000,6416.2000,6415.4000,6414.4000,6422.8000,6423.0000,6426.6000,6431.8000,6432.2000,1,1,1,1,1,2,1,1,1,5
SF,IC2010,2020-08-28 09:33:06.500,6422.8000,2355,0,74415000.000,0,-,-,-,-,6420.6000,6416.8000,6416.2000,6415.4000,6414.4000,6422.8000,6423.0000,6426.6000,6431.8000,6432.2000,1,1,1,1,1,2,1,1,1,5
SF,IC2010,2020-08-28 09:33:07.000,6422.8000,2355,0,74415000.000,0,-,-,-,-,6420.8000,6416.8000,6416.2000,6415.4000,6414.4000,6422.8000,6423.0000,6426.6000,6431.8000,6432.2000,1,1,1,1,1,2,1,1,1,5
SF,IC2010,2020-08-28 09:33:11.000,6422.8000,2355,0,74415000.000,0,-,-,-,-,6416.8000,6416.2000,6415.4000,6414.4000,6414.0000,6422.8000,6423.0000,6426.6000,6431.8000,6432.2000,1,1,1,1,1,2,1,1,1,5
SF,IC2010,2020-08-28 09:33:11.500,6422.8000,2355,0,74415000.000,0,-,-,-,-,6420.4000,6420.0000,6417.6000,6417.0000,6416.8000,6422.8000,6423.0000,6426.6000,6431.8000,6432.2000,1,2,1,5,1,2,1,1,1,5
SF,IC2010,2020-08-28 09:33:12.000,6422.8000,2355,0,74415000.000,0,-,-,-,-,6417.0000,6416.8000,6416.2000,6415.4000,6414.4000,6422.8000,6423.0000,6426.6000,6431.8000,6432.2000,4,1,1,1,1,2,1,1,1,5
SF,IC2010,2020-08-28 09:33:12.500,6422.8000,2355,0,74415000.000,0,-,-,-,-,6417.0000,6416.2000,6415.4000,6414.4000,6414.0000,6422.6000,6422.8000,6423.0000,6426.6000,6431.8000,4,1,1,1,1,1,2,1,1,1
SF,IC2010,2020-08-28 09:33:13.000,6422.8000,2355,0,74415000.000,0,-,-,-,-,6420.4000,6420.0000,6417.6000,6417.0000,6416.2000,6422.6000,6422.8000,6423.0000,6426.6000,6431.8000,1,2,1,4,1,1,2,1,1,1
SF,IC2010,2020-08-28 09:33:13.500,6422.8000,2355,0,74415000.000,0,-,-,-,-,6417.6000,6417.0000,6416.2000,6415.4000,6414.0000,6422.8000,6423.0000,6426.6000,6431.8000,6432.2000,1,4,1,1,1,2,1,1,1,5
SF,IC2010,2020-08-28 09:33:14.000,6422.8000,2355,0,74415000.000,0,-,-,-,-,6417.8000,6417.0000,6416.2000,6415.4000,6414.0000,6422.6000,6422.8000,6423.0000,6426.6000,6431.8000,4,3,1,1,1,3,2,1,1,1
SF,IC2010,2020-08-28 09:33:14.500,6422.8000,2355,0,74415000.000,0,-,-,-,-,6420.8000,6420.4000,6418.2000,6418.0000,6417.8000,6422.6000,6422.8000,6423.0000,6426.6000,6431.8000,1,2,1,1,4,1,2,1,1,1
SF,IC2010,2020-08-28 09:33:15.000,6421.0000,2353,-2,76983400.000,2,0,2,双平,S,6418.2000,6417.8000,6417.0000,6416.2000,6414.0000,6422.4000,6422.8000,6423.0000,6426.6000,6431.8000,1,4,3,1,1,1,2,1,1,1
SF,IC2010,2020-08-28 09:33:15.500,6421.0000,2353,0,76983400.000,0,-,-,-,-,6418.4000,6418.2000,6417.8000,6417.0000,6416.2000,6422.8000,6423.0000,6426.6000,6431.8000,6432.2000,1,1,3,3,1,2,1,1,1,5
SF,IC2010,2020-08-28 09:33:16.000,6421.0000,2353,0,76983400.000,0,-,-,-,-,6418.6000,6418.4000,6418.2000,6417.8000,6417.0000,6422.8000,6423.0000,6426.6000,6431.8000,6432.2000,1,1,1,3,3,2,1,1,1,5
SF,IC2010,2020-08-28 09:33:16.500,6422.8000,2353,0,79552520.000,2,1,1,多换,S,6419.2000,6418.8000,6418.6000,6417.8000,6417.0000,6423.0000,6426.6000,6431.8000,6432.2000,6435.0000,1,2,1,3,3,1,1,1,5,1
SF,IC2010,2020-08-28 09:33:17.000,6423.0000,2353,0,80837120.000,1,0,1,多换,S,6421.0000,6420.6000,6419.4000,6419.2000,6418.6000,6426.6000,6431.8000,6432.2000,6435.0000,6437.0000,1,1,2,1,1,1,1,5,1,1
SF,IC2010,2020-08-28 09:33:17.500,6423.0000,2353,0,80837120.000,0,-,-,-,-,6421.2000,6420.6000,6419.4000,6419.2000,6417.8000,6426.0000,6426.4000,6426.6000,6431.8000,6432.2000,2,1,3,1,1,1,6,2,1,5
SF,IC2010,2020-08-28 09:33:18.000,6423.0000,2353,0,80837120.000,0,-,-,-,-,6421.2000,6419.4000,6419.2000,6417.0000,6414.0000,6425.8000,6426.0000,6426.4000,6426.6000,6431.8000,1,2,1,1,1,4,2,5,2,1
SF,IC2010,2020-08-28 09:33:18.500,6423.0000,2353,0,80837120.000,0,-,-,-,-,6421.4000,6421.2000,6419.4000,6419.2000,6417.0000,6425.4000,6425.8000,6426.4000,6426.6000,6431.8000,2,1,2,1,1,1,4,5,2,1
SF,IC2010,2020-08-28 09:33:19.000,6423.0000,2353,0,80837120.000,0,-,-,-,-,6421.6000,6421.4000,6421.2000,6419.4000,6419.2000,6425.8000,6426.4000,6426.6000,6431.8000,6432.2000,1,2,1,1,1,1,5,2,1,5
SF,IC2010,2020-08-28 09:33:19.500,6423.0000,2353,0,80837120.000,0,-,-,-,-,6421.8000,6421.6000,6421.4000,6421.2000,6419.4000,6425.8000,6426.4000,6426.6000,6431.8000,6432.2000,1,1,1,1,1,1,1,2,1,5
SF,IC2010,2020-08-28 09:33:20.000,6423.0000,2353,0,80837120.000,0,-,-,-,-,6422.0000,6421.8000,6421.4000,6421.2000,6419.4000,6425.8000,6426.6000,6431.8000,6432.2000,6435.0000,2,1,1,1,1,1,2,1,5,1
SF,IC2010,2020-08-28 09:33:20.500,6423.0000,2353,0,80837120.000,0,-,-,-,-,6422.0000,6421.4000,6421.2000,6419.4000,6419.2000,6425.8000,6426.6000,6431.8000,6432.2000,6435.0000,2,1,1,1,1,1,2,1,5,1
SF,IC2010,2020-08-28 09:33:21.000,6423.0000,2353,0,80837120.000,0,-,-,-,-,6422.2000,6422.0000,6421.4000,6421.2000,6419.4000,6426.6000,6431.8000,6432.2000,6435.0000,6437.0000,2,1,1,1,1,2,1,5,1,1
SF,IC2010,2020-08-28 09:33:21.500,6423.0000,2353,0,80837120.000,0,-,-,-,-,6422.4000,6422.2000,6421.4000,6421.2000,6419.4000,6426.6000,6431.8000,6432.2000,6435.0000,6437.0000,1,2,1,1,1,2,1,5,1,1
SF,IC2010,2020-08-28 09:33:22.000,6423.0000,2353,0,80837120.000,0,-,-,-,-,6422.6000,6422.4000,6422.2000,6421.4000,6421.2000,6426.6000,6431.8000,6432.2000,6435.0000,6437.0000,3,1,2,1,1,2,1,5,1,1
SF,IC2010,2020-08-28 09:33:22.500,6423.0000,2353,0,80837120.000,0,-,-,-,-,6422.8000,6422.2000,6421.2000,6419.4000,6417.0000,6426.4000,6426.6000,6431.8000,6432.2000,6435.0000,2,2,1,1,1,1,2,1,5,1
SF,IC2010,2020-08-28 09:33:23.000,6423.0000,2353,0,80837120.000,0,-,-,-,-,6421.2000,6419.4000,6417.0000,6414.0000,6413.4000,6426.4000,6426.6000,6431.8000,6432.2000,6435.0000,1,1,1,1,1,1,2,1,5,1
SF,IC2010,2020-08-28 09:33:23.500,6423.0000,2353,0,80837120.000,0,-,-,-,-,6421.4000,6421.2000,6419.4000,6414.0000,6413.4000,6426.6000,6431.8000,6432.2000,6435.0000,6437.0000,5,1,1,1,1,2,1,5,1,1
SF,IC2010,2020-08-28 09:33:24.000,6423.0000,2353,0,80837120.000,0,-,-,-,-,6421.6000,6421.4000,6419.4000,6414.0000,6413.4000,6426.4000,6426.6000,6431.8000,6432.2000,6435.0000,1,4,1,1,1,1,2,1,5,1
SF,IC2010,2020-08-28 09:33:24.500,6423.0000,2353,0,80837120.000,0,-,-,-,-,6422.0000,6421.8000,6421.6000,6421.4000,6419.4000,6426.4000,6426.6000,6431.8000,6432.2000,6435.0000,1,2,1,3,1,1,2,1,5,1
SF,IC2010,2020-08-28 09:33:25.000,6423.0000,2353,0,80837120.000,0,-,-,-,-,6422.2000,6422.0000,6421.8000,6421.6000,6421.4000,6426.4000,6426.6000,6431.8000,6432.2000,6435.0000,4,1,1,1,3,1,2,1,5,1
SF,IC2010,2020-08-28 09:33:25.500,6423.0000,2353,0,80837120.000,0,-,-,-,-,6422.2000,6422.0000,6421.8000,6421.6000,6421.4000,6426.4000,6426.6000,6431.8000,6432.2000,6435.0000,2,1,1,1,2,1,2,1,5,1
SF,IC2010,2020-08-28 09:33:26.000,6423.0000,2353,0,80837120.000,0,-,-,-,-,6422.2000,6422.0000,6421.8000,6421.6000,6421.4000,6426.4000,6426.6000,6431.8000,6432.2000,6435.0000,1,1,1,1,2,1,2,1,5,1
SF,IC2010,2020-08-28 09:33:26.500,6423.0000,2353,0,80837120.000,0,-,-,-,-,6422.2000,6422.0000,6421.8000,6421.6000,6421.4000,6426.4000,6426.6000,6431.8000,6432.2000,6435.0000,1,1,1,1,2,1,2,1,5,1
SF,IC2010,2020-08-28 09:33:27.000,6423.0000,2353,0,80837120.000,0,-,-,-,-,6422.6000,6422.4000,6422.2000,6421.8000,6421.6000,6426.4000,6426.6000,6431.8000,6432.2000,6435.0000,1,1,1,1,1,1,2,1,5,1
SF,IC2010,2020-08-28 09:33:27.500,6423.0000,2353,0,80837120.000,0,-,-,-,-,6422.8000,6422.6000,6422.4000,6421.8000,6421.6000,6426.6000,6431.8000,6432.2000,6435.0000,6435.8000,4,1,1,1,1,2,1,5,1,3
SF,IC2010,2020-08-28 09:33:28.000,6423.0000,2353,0,80837120.000,0,-,-,-,-,6423.0000,6422.8000,6422.6000,6422.4000,6421.8000,6426.6000,6431.8000,6432.2000,6435.0000,6435.8000,2,3,1,1,1,2,1,5,1,3
SF,IC2010,2020-08-28 09:33:28.500,6423.0000,2353,0,80837120.000,0,-,-,-,-,6423.2000,6423.0000,6422.8000,6422.6000,6422.4000,6426.6000,6431.8000,6432.2000,6435.0000,6435.8000,1,2,2,1,1,2,1,5,1,3
SF,IC2010,2020-08-28 09:33:29.000,6423.0000,2353,0,80837120.000,0,-,-,-,-,6423.8000,6423.2000,6423.0000,6422.8000,6422.4000,6426.6000,6431.8000,6432.2000,6435.0000,6435.8000,1,1,1,2,1,2,1,5,1,3
SF,IC2010,2020-08-28 09:33:29.500,6423.0000,2353,0,80837120.000,0,-,-,-,-,6424.0000,6423.8000,6423.0000,6422.8000,6422.4000,6426.6000,6431.8000,6432.2000,6435.0000,6435.8000,2,1,1,2,1,2,1,5,1,3
SF,IC2010,2020-08-28 09:33:31.000,6423.0000,2353,0,80837120.000,0,-,-,-,-,6424.0000,6423.8000,6423.0000,6422.8000,6422.4000,6426.6000,6431.8000,6432.2000,6435.0000,6435.8000,1,1,1,2,1,2,1,5,1,3
SF,IC2010,2020-08-28 09:33:31.500,6423.0000,2353,0,80837120.000,0,-,-,-,-,6424.2000,6424.0000,6423.0000,6422.8000,6422.4000,6426.6000,6431.8000,6432.2000,6435.0000,6435.8000,1,1,1,2,1,2,1,5,1,3
SF,IC2010,2020-08-28 09:33:32.000,6423.0000,2353,0,80837120.000,0,-,-,-,-,6422.4000,6421.6000,6421.4000,6419.4000,6414.0000,6426.4000,6426.6000,6431.8000,6432.2000,6435.0000,1,1,1,1,1,1,2,1,5,1
SF,IC2010,2020-08-28 09:33:32.500,6423.0000,2353,0,80837120.000,0,-,-,-,-,6421.6000,6421.4000,6419.4000,6414.0000,6413.4000,6426.2000,6426.4000,6426.6000,6431.8000,6432.2000,1,1,1,1,1,1,1,2,1,5
SF,IC2010,2020-08-28 09:33:33.000,6423.0000,2353,0,80837120.000,0,-,-,-,-,6421.8000,6421.4000,6419.4000,6414.0000,6413.4000,6426.0000,6426.2000,6426.6000,6431.8000,6432.2000,2,1,1,1,1,2,1,2,1,5
SF,IC2010,2020-08-28 09:33:33.500,6423.0000,2353,0,80837120.000,0,-,-,-,-,6421.8000,6421.4000,6419.4000,6414.0000,6413.4000,6426.0000,6426.2000,6426.6000,6431.8000,6432.2000,1,1,1,1,1,2,1,2,1,5
SF,IC2010,2020-08-28 09:33:34.000,6423.0000,2353,0,80837120.000,0,-,-,-,-,6422.0000,6421.8000,6421.4000,6419.4000,6414.0000,6425.8000,6426.0000,6426.2000,6426.6000,6431.8000,3,1,1,1,1,2,2,1,2,1
SF,IC2010,2020-08-28 09:33:34.500,6423.0000,2353,0,80837120.000,0,-,-,-,-,6422.2000,6422.0000,6421.4000,6419.4000,6414.0000,6425.8000,6426.6000,6431.8000,6432.2000,6435.0000,2,2,1,1,1,1,2,1,5,1
SF,IC2010,2020-08-28 09:33:35.000,6423.0000,2353,0,80837120.000,0,-,-,-,-,6422.4000,6422.2000,6422.0000,6421.4000,6419.4000,6425.8000,6426.6000,6431.8000,6432.2000,6435.0000,2,2,2,1,1,1,2,1,5,1
SF,IC2010,2020-08-28 09:33:35.500,6423.0000,2353,0,80837120.000,0,-,-,-,-,6422.6000,6422.4000,6422.0000,6421.4000,6414.0000,6426.6000,6431.8000,6432.2000,6435.0000,6435.8000,2,2,2,1,1,2,1,5,1,3
SF,IC2010,2020-08-28 09:33:36.000,6423.0000,2353,0,80837120.000,0,-,-,-,-,6422.6000,6414.0000,6413.4000,6413.0000,6409.0000,6426.4000,6426.6000,6431.8000,6432.2000,6435.0000,1,1,1,1,5,3,2,1,5,1
SF,IC2010,2020-08-28 09:33:36.500,6423.0000,2353,0,80837120.000,0,-,-,-,-,6422.8000,6414.0000,6413.4000,6413.0000,6409.0000,6426.4000,6426.6000,6431.8000,6432.2000,6435.0000,1,1,1,1,5,3,2,1,5,1
SF,IC2010,2020-08-28 09:33:37.000,6423.0000,2353,0,80837120.000,0,-,-,-,-,6423.0000,6422.8000,6414.0000,6413.4000,6413.0000,6426.4000,6426.6000,6431.8000,6432.2000,6435.0000,2,1,1,1,1,1,2,1,5,1
SF,IC2010,2020-08-28 09:33:37.500,6423.0000,2353,0,80837120.000,0,-,-,-,-,6423.2000,6423.0000,6414.0000,6413.4000,6413.0000,6426.4000,6426.6000,6431.8000,6432.2000,6435.0000,2,2,1,1,1,1,2,1,5,1
SF,IC2010,2020-08-28 09:33:38.000,6423.0000,2353,0,80837120.000,0,-,-,-,-,6423.8000,6423.4000,6423.2000,6423.0000,6414.0000,6426.6000,6431.8000,6432.2000,6435.0000,6435.8000,1,2,2,2,1,2,1,5,1,3
SF,IC2010,2020-08-28 09:33:38.500,6423.0000,2353,0,80837120.000,0,-,-,-,-,6424.0000,6423.8000,6423.4000,6423.2000,6423.0000,6426.6000,6431.8000,6432.2000,6435.0000,6435.8000,2,1,1,1,2,2,1,5,1,3
SF,IC2010,2020-08-28 09:33:39.000,6423.0000,2353,0,80837120.000,0,-,-,-,-,6424.0000,6423.8000,6423.4000,6423.0000,6414.0000,6426.6000,6431.8000,6432.2000,6435.0000,6435.8000,3,1,1,2,1,2,1,5,1,3
SF,IC2010,2020-08-28 09:33:39.500,6423.0000,2353,0,80837120.000,0,-,-,-,-,6424.0000,6423.8000,6423.4000,6423.0000,6414.0000,6426.6000,6431.8000,6432.2000,6435.0000,6435.8000,2,1,1,2,1,2,1,5,1,3
SF,IC2010,2020-08-28 09:33:40.000,6423.0000,2353,0,80837120.000,0,-,-,-,-,6424.0000,6423.8000,6423.4000,6423.0000,6414.0000,6426.4000,6426.6000,6431.8000,6432.2000,6435.0000,2,1,1,2,1,2,2,1,5,1
SF,IC2010,2020-08-28 09:33:40.500,6423.0000,2353,0,80837120.000,0,-,-,-,-,6423.8000,6423.0000,6414.0000,6413.4000,6413.0000,6426.4000,6426.6000,6431.8000,6432.2000,6435.0000,1,2,1,1,1,2,2,1,5,1
SF,IC2010,2020-08-28 09:33:41.000,6423.8000,2353,0,82121880.000,1,0,1,多换,S,6414.0000,6413.4000,6413.0000,6409.0000,6405.4000,6426.2000,6426.4000,6426.6000,6431.8000,6432.2000,1,1,1,5,1,1,2,2,1,5
SF,IC2010,2020-08-28 09:33:41.500,6423.8000,2353,0,82121880.000,0,-,-,-,-,6422.8000,6422.4000,6421.6000,6420.8000,6419.6000,6426.0000,6426.2000,6426.6000,6431.8000,6432.2000,1,2,2,1,1,2,1,2,1,5
SF,IC2010,2020-08-28 09:33:42.000,6422.8000,2352,-1,84691000.000,2,0,2,多平,S,6419.6000,6418.8000,6417.6000,6415.8000,6414.6000,6425.8000,6426.6000,6431.8000,6432.2000,6435.0000,1,1,1,1,1,1,2,1,5,1
SF,IC2010,2020-08-28 09:33:42.500,6422.8000,2352,0,84691000.000,0,-,-,-,-,6419.8000,6419.6000,6417.6000,6415.8000,6414.6000,6425.6000,6425.8000,6426.6000,6431.8000,6432.2000,3,1,1,1,1,3,1,2,1,5
SF,IC2010,2020-08-28 09:33:43.000,6425.2000,2352,0,85976040.000,1,0,1,多换,S,6420.0000,6419.8000,6419.6000,6417.6000,6415.8000,6425.4000,6425.6000,6426.6000,6431.8000,6432.2000,2,3,1,1,1,4,2,2,1,5
SF,IC2010,2020-08-28 09:33:43.500,6425.2000,2352,0,85976040.000,0,-,-,-,-,6420.2000,6420.0000,6419.8000,6419.6000,6417.6000,6425.2000,6425.4000,6426.6000,6431.8000,6432.2000,3,2,2,1,1,2,3,2,1,5
SF,IC2010,2020-08-28 09:33:44.000,6425.2000,2352,0,85976040.000,0,-,-,-,-,6420.8000,6420.2000,6420.0000,6419.8000,6419.6000,6425.0000,6425.2000,6425.4000,6426.6000,6431.8000,1,3,2,2,1,1,2,2,2,1
SF,IC2010,2020-08-28 09:33:44.500,6425.2000,2352,0,85976040.000,0,-,-,-,-,6422.4000,6421.0000,6420.8000,6420.2000,6420.0000,6425.0000,6425.2000,6426.6000,6431.8000,6432.2000,1,4,1,2,2,1,1,2,1,5
SF,IC2010,2020-08-28 09:33:45.000,6425.2000,2352,0,85976040.000,0,-,-,-,-,6422.6000,6422.4000,6421.0000,6420.8000,6420.2000,6426.6000,6431.8000,6432.2000,6435.0000,6435.8000,1,1,3,1,2,2,1,5,1,3
SF,IC2010,2020-08-28 09:33:45.500,6425.2000,2352,0,85976040.000,0,-,-,-,-,6422.6000,6422.4000,6421.0000,6420.8000,6420.2000,6426.4000,6426.6000,6431.8000,6432.2000,6435.0000,1,1,2,1,2,1,2,1,5,1
SF,IC2010,2020-08-28 09:33:46.500,6425.2000,2352,0,85976040.000,0,-,-,-,-,6422.6000,6422.4000,6421.0000,6420.8000,6420.0000,6426.4000,6426.6000,6431.8000,6432.2000,6435.0000,1,1,2,1,2,1,2,1,5,1
SF,IC2010,2020-08-28 09:33:47.000,6425.2000,2352,0,85976040.000,0,-,-,-,-,6423.0000,6422.6000,6422.4000,6421.0000,6420.0000,6426.4000,6426.6000,6431.8000,6432.2000,6435.0000,1,1,1,2,2,1,2,1,5,1
SF,IC2010,2020-08-28 09:33:47.500,6425.2000,2352,0,85976040.000,0,-,-,-,-,6423.6000,6423.0000,6422.6000,6420.0000,6419.6000,6426.4000,6426.6000,6431.8000,6432.2000,6435.0000,1,1,1,2,1,1,2,1,5,1
SF,IC2010,2020-08-28 09:33:48.000,6425.2000,2352,0,85976040.000,0,-,-,-,-,6423.8000,6423.6000,6423.0000,6422.6000,6420.0000,6426.4000,6426.6000,6431.8000,6432.2000,6435.0000,1,1,1,1,2,1,2,1,5,1
SF,IC2010,2020-08-28 09:33:49.000,6425.2000,2352,0,85976040.000,0,-,-,-,-,6423.0000,6422.6000,6420.0000,6419.6000,6417.6000,6426.4000,6426.6000,6431.8000,6432.2000,6435.0000,1,1,2,1,1,1,2,1,5,1
SF,IC2010,2020-08-28 09:33:50.000,6425.2000,2352,0,85976040.000,0,-,-,-,-,6423.0000,6422.6000,6420.0000,6419.6000,6417.6000,6426.2000,6426.4000,6426.6000,6431.8000,6432.2000,1,1,2,1,1,1,1,2,1,5
SF,IC2010,2020-08-28 09:33:50.500,6425.2000,2352,0,85976040.000,0,-,-,-,-,6423.0000,6420.0000,6419.6000,6417.6000,6415.8000,6426.0000,6426.2000,6426.6000,6431.8000,6432.2000,1,2,1,1,1,1,1,2,1,5
SF,IC2010,2020-08-28 09:33:51.000,6425.2000,2352,0,85976040.000,0,-,-,-,-,6420.0000,6419.6000,6417.6000,6415.8000,6414.6000,6425.8000,6426.0000,6426.6000,6431.8000,6432.2000,2,1,1,1,1,1,1,2,1,5
SF,IC2010,2020-08-28 09:33:51.500,6425.2000,2352,0,85976040.000,0,-,-,-,-,6420.2000,6420.0000,6419.6000,6417.6000,6415.8000,6425.6000,6425.8000,6426.6000,6431.8000,6432.2000,3,2,1,1,1,2,2,2,1,5
SF,IC2010,2020-08-28 09:33:52.000,6425.2000,2352,0,85976040.000,0,-,-,-,-,6420.4000,6420.2000,6420.0000,6417.6000,6415.8000,6425.4000,6425.6000,6426.6000,6431.8000,6432.2000,1,3,2,1,1,1,2,2,1,5
SF,IC2010,2020-08-28 09:33:52.500,6425.2000,2352,0,85976040.000,0,-,-,-,-,6420.6000,6420.4000,6420.2000,6420.0000,6417.6000,6425.2000,6426.6000,6431.8000,6432.2000,6435.0000,3,1,2,2,1,2,2,1,5,1
SF,IC2010,2020-08-28 09:33:53.000,6425.2000,2352,0,85976040.000,0,-,-,-,-,6420.6000,6420.4000,6420.2000,6420.0000,6417.6000,6425.2000,6426.6000,6431.8000,6432.2000,6435.0000,3,1,2,2,1,1,2,1,5,1
SF,IC2010,2020-08-28 09:33:53.500,6425.2000,2352,0,85976040.000,0,-,-,-,-,6421.2000,6420.8000,6420.6000,6420.4000,6420.2000,6425.2000,6426.6000,6431.8000,6432.2000,6435.0000,1,1,3,1,2,1,2,1,5,1
SF,IC2010,2020-08-28 09:33:54.000,6425.2000,2352,0,85976040.000,0,-,-,-,-,6421.4000,6421.2000,6420.8000,6420.6000,6420.4000,6426.6000,6431.8000,6432.2000,6435.0000,6435.8000,2,1,1,2,1,2,1,5,1,3
SF,IC2010,2020-08-28 09:33:54.500,6425.2000,2352,0,85976040.000,0,-,-,-,-,6421.4000,6421.2000,6420.8000,6420.6000,6420.4000,6426.4000,6426.6000,6431.8000,6432.2000,6435.0000,1,1,1,2,1,3,2,1,5,1
SF,IC2010,2020-08-28 09:33:55.000,6425.2000,2352,0,85976040.000,0,-,-,-,-,6421.6000,6421.4000,6421.2000,6420.8000,6420.6000,6426.2000,6426.4000,6426.6000,6431.8000,6432.2000,1,1,1,1,2,1,2,2,1,5
SF,IC2010,2020-08-28 09:33:55.500,6425.2000,2352,0,85976040.000,0,-,-,-,-,6421.8000,6421.6000,6420.8000,6420.6000,6420.4000,6426.0000,6426.2000,6426.4000,6426.6000,6431.8000,2,1,1,2,1,1,1,1,2,1
SF,IC2010,2020-08-28 09:33:56.000,6425.2000,2352,0,85976040.000,0,-,-,-,-,6423.4000,6421.8000,6421.6000,6420.8000,6420.6000,6426.0000,6426.4000,6426.6000,6431.8000,6432.2000,1,2,1,1,2,1,1,2,1,5
SF,IC2010,2020-08-28 09:33:56.500,6425.2000,2352,0,85976040.000,0,-,-,-,-,6423.4000,6421.8000,6421.6000,6420.8000,6420.0000,6425.8000,6426.6000,6431.8000,6432.2000,6435.0000,1,2,1,1,2,1,2,1,5,1
SF,IC2010,2020-08-28 09:33:57.000,6425.2000,2352,0,85976040.000,0,-,-,-,-,6423.4000,6421.8000,6421.6000,6420.0000,6417.6000,6425.8000,6426.6000,6431.8000,6432.2000,6435.0000,1,2,1,2,1,1,2,1,5,1
SF,IC2010,2020-08-28 09:33:58.500,6425.2000,2352,0,85976040.000,0,-,-,-,-,6421.8000,6421.6000,6420.0000,6417.6000,6415.8000,6425.6000,6425.8000,6426.6000,6431.8000,6432.2000,2,1,2,1,1,1,1,2,1,5
SF,IC2010,2020-08-28 09:33:59.000,6425.2000,2352,0,85976040.000,0,-,-,-,-,6422.0000,6421.8000,6421.6000,6420.0000,6417.6000,6425.6000,6425.8000,6426.6000,6431.8000,6432.2000,1,2,1,2,1,1,1,2,1,5
SF,IC2010,2020-08-28 09:33:59.500,6425.2000,2352,0,85976040.000,0,-,-,-,-,6421.8000,6420.0000,6417.6000,6415.8000,6414.6000,6425.4000,6426.6000,6431.8000,6432.2000,6435.0000,2,2,1,1,1,2,1,1,5,1
SF,IC2010,2020-08-28 09:34:00.500,6425.2000,2352,0,85976040.000,0,-,-,-,-,6422.6000,6422.0000,6421.8000,6420.0000,6417.6000,6425.4000,6426.6000,6431.8000,6432.2000,6435.0000,1,1,2,2,1,1,1,1,5,1
SF,IC2010,2020-08-28 09:34:01.000,6425.2000,2352,0,85976040.000,0,-,-,-,-,6422.8000,6422.6000,6422.0000,6421.8000,6420.0000,6426.6000,6431.8000,6432.2000,6435.0000,6435.8000,1,1,1,1,2,1,1,5,1,3
SF,IC2010,2020-08-28 09:34:01.500,6425.2000,2352,0,85976040.000,0,-,-,-,-,6422.6000,6421.8000,6420.0000,6417.6000,6415.8000,6426.4000,6426.6000,6431.8000,6432.2000,6435.0000,1,1,2,1,1,7,1,1,5,1
SF,IC2010,2020-08-28 09:34:02.000,6425.2000,2352,0,85976040.000,0,-,-,-,-,6421.8000,6420.0000,6417.6000,6415.8000,6414.6000,6426.2000,6426.4000,6426.6000,6431.8000,6432.2000,1,2,1,1,1,2,7,1,1,5
SF,IC2010,2020-08-28 09:34:02.500,6425.2000,2352,0,85976040.000,0,-,-,-,-,6421.8000,6420.0000,6417.6000,6415.8000,6414.6000,6425.6000,6426.0000,6426.2000,6426.4000,6426.6000,1,2,1,1,1,1,4,2,5,1
SF,IC2010,2020-08-28 09:34:03.000,6421.8000,2351,-1,87260400.000,1,0,1,双平,S,6417.6000,6415.8000,6414.6000,6414.2000,6414.0000,6423.4000,6425.4000,6425.6000,6425.8000,6426.0000,1,1,1,1,1,1,2,1,1,3
SF,IC2010,2020-08-28 09:34:03.500,6421.8000,2351,0,87260400.000,0,-,-,-,-,6420.6000,6417.8000,6417.6000,6415.8000,6414.2000,6423.2000,6425.4000,6425.6000,6425.8000,6426.0000,2,7,1,1,1,1,2,1,1,3
SF,IC2010,2020-08-28 09:34:04.000,6421.8000,2351,0,87260400.000,0,-,-,-,-,6417.8000,6417.6000,6415.8000,6414.2000,6414.0000,6423.2000,6425.4000,6425.6000,6425.8000,6426.0000,7,1,1,1,1,2,2,1,1,3
SF,IC2010,2020-08-28 09:34:04.500,6421.8000,2351,0,87260400.000,0,-,-,-,-,6417.8000,6415.8000,6414.2000,6414.0000,6413.4000,6423.0000,6423.2000,6425.4000,6425.6000,6425.8000,7,1,1,1,1,1,1,1,1,1
SF,IC2010,2020-08-28 09:34:05.000,6421.8000,2351,0,87260400.000,0,-,-,-,-,6417.8000,6415.8000,6414.2000,6414.0000,6413.4000,6422.8000,6423.0000,6423.2000,6425.6000,6425.8000,7,1,1,1,1,3,1,1,1,1
SF,IC2010,2020-08-28 09:34:05.500,6421.8000,2351,0,87260400.000,0,-,-,-,-,6417.8000,6415.8000,6414.2000,6414.0000,6413.4000,6422.6000,6422.8000,6423.2000,6425.8000,6426.4000,5,1,1,1,1,3,3,1,1,2
SF,IC2010,2020-08-28 09:34:06.000,6421.8000,2351,0,87260400.000,0,-,-,-,-,6417.8000,6415.8000,6414.2000,6414.0000,6413.4000,6422.0000,6422.4000,6422.6000,6422.8000,6423.2000,1,1,1,1,1,1,2,2,2,1
SF,IC2010,2020-08-28 09:34:06.500,6421.8000,2351,0,87260400.000,0,-,-,-,-,6414.2000,6414.0000,6413.4000,6413.0000,6409.0000,6421.8000,6422.0000,6422.6000,6422.8000,6423.2000,1,1,1,1,5,3,1,1,2,1
SF,IC2010,2020-08-28 09:34:07.000,6421.8000,2351,0,87260400.000,0,-,-,-,-,6414.6000,6414.4000,6414.2000,6413.4000,6413.0000,6421.6000,6421.8000,6423.2000,6425.8000,6431.8000,1,5,1,1,1,4,2,1,1,1
SF,IC2010,2020-08-28 09:34:07.500,6421.8000,2351,0,87260400.000,0,-,-,-,-,6414.8000,6414.6000,6414.4000,6414.2000,6413.4000,6421.4000,6421.6000,6423.2000,6425.8000,6431.8000,2,1,4,1,1,3,4,1,1,1
SF,IC2010,2020-08-28 09:34:08.000,6421.8000,2351,0,87260400.000,0,-,-,-,-,6414.8000,6414.6000,6414.4000,6413.4000,6413.0000,6420.8000,6421.2000,6421.4000,6421.6000,6423.2000,2,1,4,1,1,1,2,3,1,1
SF,IC2010,2020-08-28 09:34:08.500,6421.8000,2351,0,87260400.000,0,-,-,-,-,6414.8000,6414.6000,6414.4000,6413.4000,6413.0000,6420.6000,6421.2000,6421.4000,6421.6000,6425.8000,2,1,4,1,1,6,1,2,1,1
SF,IC2010,2020-08-28 09:34:09.000,6421.8000,2351,0,87260400.000,0,-,-,-,-,6414.8000,6414.6000,6414.4000,6413.4000,6413.0000,6420.6000,6421.2000,6421.4000,6421.6000,6425.8000,1,1,4,1,1,7,1,2,1,1
SF,IC2010,2020-08-28 09:34:09.500,6421.8000,2351,0,87260400.000,0,-,-,-,-,6415.2000,6415.0000,6414.8000,6414.6000,6414.4000,6420.6000,6421.4000,6421.6000,6425.8000,6431.8000,1,2,1,1,4,4,2,1,1,1
SF,IC2010,2020-08-28 09:34:10.000,6421.8000,2351,0,87260400.000,0,-,-,-,-,6415.4000,6415.0000,6414.6000,6414.4000,6413.0000,6419.6000,6420.4000,6420.6000,6421.4000,6421.6000,1,2,1,4,1,1,2,3,2,1
SF,IC2010,2020-08-28 09:34:10.500,6421.8000,2351,0,87260400.000,0,-,-,-,-,6415.4000,6414.6000,6414.4000,6413.0000,6409.0000,6420.4000,6420.6000,6421.4000,6421.6000,6425.8000,1,1,4,1,1,1,3,2,1,1
SF,IC2010,2020-08-28 09:34:11.000,6421.8000,2351,0,87260400.000,0,-,-,-,-,6415.6000,6415.4000,6414.6000,6414.4000,6413.0000,6420.2000,6420.6000,6421.4000,6421.6000,6425.8000,1,1,1,4,1,3,1,2,1,1
SF,IC2010,2020-08-28 09:34:11.500,6421.8000,2351,0,87260400.000,0,-,-,-,-,6415.4000,6414.6000,6414.4000,6413.0000,6409.0000,6420.0000,6420.2000,6420.6000,6421.4000,6421.6000,1,1,4,1,1,4,3,1,2,1
SF,IC2010,2020-08-28 09:34:12.000,6421.8000,2351,0,87260400.000,0,-,-,-,-,6414.6000,6414.4000,6413.0000,6409.0000,6405.4000,6419.6000,6419.8000,6420.0000,6420.2000,6420.6000,1,4,1,1,1,1,6,3,1,1
SF,IC2010,2020-08-28 09:34:12.500,6421.8000,2351,0,87260400.000,0,-,-,-,-,6413.0000,6409.0000,6405.4000,6405.0000,6403.2000,6419.4000,6419.6000,6419.8000,6420.0000,6420.2000,1,1,1,1,5,4,1,2,3,1
SF,IC2010,2020-08-28 09:34:13.000,6421.8000,2351,0,87260400.000,0,-,-,-,-,6413.2000,6413.0000,6409.0000,6405.4000,6405.0000,6419.4000,6419.6000,6419.8000,6420.0000,6420.6000,3,1,1,1,1,3,1,2,3,1
SF,IC2010,2020-08-28 09:34:13.500,6421.8000,2351,0,87260400.000,0,-,-,-,-,6413.2000,6413.0000,6409.0000,6405.4000,6405.0000,6419.2000,6419.4000,6419.6000,6419.8000,6420.0000,3,1,1,1,1,2,3,1,2,3
SF,IC2010,2020-08-28 09:34:14.000,6421.8000,2351,0,87260400.000,0,-,-,-,-,6413.4000,6413.2000,6413.0000,6409.0000,6405.4000,6419.0000,6419.6000,6419.8000,6420.0000,6420.6000,1,3,1,1,1,3,1,2,3,1
SF,IC2010,2020-08-28 09:34:14.500,6421.8000,2351,0,87260400.000,0,-,-,-,-,6413.6000,6413.4000,6413.2000,6413.0000,6409.0000,6419.0000,6419.6000,6420.0000,6421.4000,6421.6000,3,1,2,1,1,2,1,3,2,1
SF,IC2010,2020-08-28 09:34:15.000,6421.8000,2351,0,87260400.000,0,-,-,-,-,6416.2000,6413.8000,6413.6000,6413.4000,6413.2000,6419.0000,6419.6000,6421.4000,6421.6000,6425.8000,2,2,3,1,2,1,1,1,1,1
SF,IC2010,2020-08-28 09:34:15.500,6421.8000,2351,0,87260400.000,0,-,-,-,-,6416.4000,6413.8000,6413.6000,6413.4000,6413.2000,6419.0000,6419.6000,6421.4000,6421.6000,6425.8000,2,1,2,1,2,1,1,1,1,1
SF,IC2010,2020-08-28 09:34:16.000,6421.8000,2351,0,87260400.000,0,-,-,-,-,6416.4000,6413.8000,6413.6000,6413.4000,6413.2000,6419.0000,6421.4000,6421.6000,6425.8000,6431.8000,2,1,2,1,2,1,1,1,1,1
SF,IC2010,2020-08-28 09:34:16.500,6419.2000,2351,0,88544240.000,1,0,1,多换,S,6416.6000,6416.4000,6413.8000,6413.6000,6413.4000,6421.4000,6421.6000,6425.8000,6431.8000,6432.2000,2,1,1,2,1,1,1,1,1,5
SF,IC2010,2020-08-28 09:34:17.000,6419.2000,2351,0,88544240.000,0,-,-,-,-,6418.2000,6416.8000,6416.6000,6413.6000,6413.4000,6421.4000,6425.8000,6431.8000,6432.2000,6435.0000,1,2,2,2,1,1,1,1,5,1
SF,IC2010,2020-08-28 09:34:17.500,6419.2000,2351,0,88544240.000,0,-,-,-,-,6416.8000,6413.6000,6413.4000,6413.2000,6413.0000,6421.2000,6421.4000,6425.8000,6431.8000,6432.2000,2,2,1,2,1,3,1,1,1,5
SF,IC2010,2020-08-28 09:34:18.000,6419.2000,2351,0,88544240.000,0,-,-,-,-,6417.0000,6416.8000,6413.6000,6413.4000,6413.2000,6421.2000,6421.4000,6425.8000,6431.8000,6432.2000,2,2,2,1,2,2,1,1,1,5
SF,IC2010,2020-08-28 09:34:18.500,6419.2000,2351,0,88544240.000,0,-,-,-,-,6417.2000,6417.0000,6416.8000,6413.6000,6413.4000,6421.2000,6421.4000,6425.8000,6431.8000,6432.2000,2,2,1,2,1,2,1,1,1,5
SF,IC2010,2020-08-28 09:34:19.000,6419.2000,2351,0,88544240.000,0,-,-,-,-,6417.8000,6417.2000,6417.0000,6416.8000,6413.6000,6421.2000,6421.4000,6425.8000,6431.8000,6432.2000,1,2,2,1,2,1,1,1,1,5
SF,IC2010,2020-08-28 09:34:19.500,6419.2000,2351,0,88544240.000,0,-,-,-,-,6418.0000,6417.8000,6417.0000,6416.8000,6413.6000,6421.4000,6425.8000,6431.8000,6432.2000,6435.0000,1,1,2,1,2,1,1,1,5,1
SF,IC2010,2020-08-28 09:34:20.000,6419.2000,2351,0,88544240.000,0,-,-,-,-,6418.2000,6418.0000,6417.8000,6417.0000,6416.8000,6425.8000,6431.8000,6432.2000,6435.0000,6435.8000,2,1,1,2,1,1,1,5,1,3
SF,IC2010,2020-08-28 09:34:20.500,6419.2000,2351,0,88544240.000,0,-,-,-,-,6418.4000,6418.2000,6417.8000,6417.0000,6413.4000,6425.2000,6425.4000,6425.6000,6425.8000,6431.8000,2,2,1,2,1,1,1,8,1,1
SF,IC2010,2020-08-28 09:34:21.000,6419.2000,2351,0,88544240.000,0,-,-,-,-,6418.6000,6418.4000,6418.2000,6417.8000,6417.0000,6425.0000,6425.2000,6425.4000,6425.6000,6425.8000,1,2,1,1,2,3,1,1,7,1
SF,IC2010,2020-08-28 09:34:21.500,6419.2000,2351,0,88544240.000,0,-,-,-,-,6418.8000,6418.6000,6418.2000,6417.8000,6417.0000,6424.4000,6424.8000,6425.0000,6425.6000,6425.8000,3,1,1,1,2,1,2,3,7,1
SF,IC2010,2020-08-28 09:34:22.000,6419.2000,2351,0,88544240.000,0,-,-,-,-,6419.8000,6418.8000,6418.6000,6418.2000,6417.0000,6424.2000,6424.4000,6424.8000,6425.0000,6425.6000,1,2,1,1,2,1,1,2,2,7
SF,IC2010,2020-08-28 09:34:22.500,6419.2000,2351,0,88544240.000,0,-,-,-,-,6419.8000,6418.8000,6418.6000,6418.2000,6417.0000,6422.6000,6423.6000,6424.0000,6424.2000,6424.8000,1,2,1,1,2,1,1,1,1,2
SF,IC2010,2020-08-28 09:34:23.000,6419.2000,2351,0,88544240.000,0,-,-,-,-,6418.8000,6418.6000,6418.2000,6417.0000,6413.4000,6422.4000,6422.6000,6423.6000,6424.0000,6424.8000,1,1,1,2,1,2,1,1,1,2
SF,IC2010,2020-08-28 09:34:23.500,6419.2000,2351,0,88544240.000,0,-,-,-,-,6417.0000,6413.4000,6413.2000,6413.0000,6409.0000,6422.0000,6422.2000,6422.4000,6422.6000,6424.0000,2,1,1,1,1,1,2,1,1,1
SF,IC2010,2020-08-28 09:34:24.000,6419.2000,2351,0,88544240.000,0,-,-,-,-,6417.2000,6417.0000,6413.4000,6413.2000,6413.0000,6421.8000,6422.0000,6422.2000,6422.6000,6424.0000,2,2,1,1,1,3,1,1,1,1
SF,IC2010,2020-08-28 09:34:24.500,6419.2000,2351,0,88544240.000,0,-,-,-,-,6413.4000,6413.2000,6413.0000,6409.0000,6405.4000,6421.2000,6421.6000,6421.8000,6422.2000,6422.6000,1,1,1,1,1,1,8,3,1,1
SF,IC2010,2020-08-28 09:34:25.000,6419.2000,2351,0,88544240.000,0,-,-,-,-,6415.2000,6413.6000,6413.4000,6413.2000,6413.0000,6421.0000,6421.2000,6421.6000,6421.8000,6422.2000,1,2,2,1,1,4,1,7,1,1
SF,IC2010,2020-08-28 09:34:25.500,6419.2000,2351,0,88544240.000,0,-,-,-,-,6415.4000,6415.2000,6413.6000,6413.4000,6413.2000,6420.4000,6421.0000,6421.6000,6421.8000,6422.2000,3,1,1,2,1,1,3,7,1,1
SF,IC2010,2020-08-28 09:34:26.000,6419.2000,2351,0,88544240.000,0,-,-,-,-,6417.8000,6415.6000,6415.4000,6415.2000,6413.6000,6421.6000,6422.2000,6422.6000,6424.0000,6425.0000,2,2,2,1,1,3,1,1,1,1
SF,IC2010,2020-08-28 09:34:26.500,6419.2000,2351,0,88544240.000,0,-,-,-,-,6418.0000,6415.6000,6415.4000,6415.2000,6413.6000,6421.6000,6422.2000,6422.6000,6425.0000,6425.6000,3,1,1,1,1,2,1,1,1,3
