市场代码,合约代码,时间,最新,持仓,增仓,成交额,成交量,开仓,平仓,成交类型,方向,买一价,买二价,买三价,买四价,买五价,卖一价,卖二价,卖三价,卖四价,卖五价,买一量,买二量,买三量,买四量,买五量,卖一量,卖二量,卖三量,卖四量,卖五量
SF,IC2002,2020-02-03 09:29:00.400,4805.4000,69374,0,644884680.000,671.000,-,-,-,-,4805.4000,0.0000,0.0000,0.0000,0.0000,4805.6000,4806.0000,4806.2000,4808.0000,4810.0000,29,0,0,0,0,1,300,5,1,16
SF,IC2002,2020-02-03 09:30:00.400,4806.0000,69422,48,883258000.000,248,148,100,空开,S,4805.6000,4805.4000,0.0000,0.0000,0.0000,4805.8000,4806.0000,4806.2000,4808.0000,4810.0000,15,45,0,0,0,6,115,5,12,16
SF,IC2002,2020-02-03 09:30:00.900,4806.2000,69438,16,1133162760.000,260,138,122,空开,S,4806.8000,4806.4000,4805.8000,4805.6000,4805.4000,4808.0000,4810.0000,4811.4000,4814.8000,4815.0000,1,1,1,1,33,12,16,4,3,1
SF,IC2002,2020-02-03 09:30:01.400,4810.0000,69425,-13,1165862840.000,34,10,24,多平,S,4809.0000,4808.8000,4808.6000,4808.2000,4808.0000,4810.0000,4811.4000,4814.8000,4815.0000,4815.6000,1,3,1,4,14,3,4,3,2,2
SF,IC2002,2020-02-03 09:30:01.900,4827.2000,69413,-12,1187039800.000,22,5,17,多平,S,4825.0000,4824.8000,4811.2000,4811.0000,4810.6000,4830.0000,4832.6000,4840.0000,4843.0000,4844.0000,9,2,1,5,2,3,2,3,1,10
SF,IC2002,2020-02-03 09:30:02.400,4830.4000,69381,-32,1230511240.000,45,6,39,多平,S,4830.4000,4830.0000,4828.6000,4828.0000,4827.8000,4833.8000,4840.0000,4843.0000,4844.0000,4845.4000,7,3,1,1,2,2,2,1,10,1
SF,IC2002,2020-02-03 09:30:02.900,4834.8000,69373,-8,1245977800.000,16,4,12,多平,S,4834.8000,4834.0000,4833.8000,4833.4000,4832.2000,4836.8000,4840.0000,4843.0000,4844.0000,4845.4000,1,1,2,1,2,1,2,1,10,1
SF,IC2002,2020-02-03 09:30:03.400,4836.8000,69354,-19,1268227680.000,23,2,21,多平,S,4836.8000,4836.2000,4835.8000,4835.6000,4835.4000,4839.8000,4840.0000,4843.0000,4844.0000,4845.4000,3,1,3,1,2,2,2,1,10,1
SF,IC2002,2020-02-03 09:30:03.900,4838.0000,69320,-34,1339836120.000,74,20,54,多平,S,4837.0000,4836.8000,4836.2000,4836.0000,4835.8000,4839.0000,4839.2000,4844.0000,4844.6000,4845.4000,3,1,1,1,2,2,1,7,2,1
SF,IC2002,2020-02-03 09:30:04.400,4838.0000,69310,-10,1364029200.000,25,7,18,多平,S,4839.0000,4837.4000,4837.2000,4837.0000,4836.8000,4842.4000,4844.0000,4845.2000,4845.4000,4847.2000,1,1,9,6,7,1,7,1,1,1
SF,IC2002,2020-02-03 09:30:04.900,4842.2000,69295,-15,1395975720.000,33,9,24,多平,S,4839.8000,4839.6000,4839.4000,4839.2000,4839.0000,4842.2000,4842.4000,4843.8000,4844.0000,4845.4000,16,2,2,7,5,1,1,1,7,1
SF,IC2002,2020-02-03 09:30:05.400,4844.0000,69267,-28,1437616360.000,43,7,36,多平,S,4842.2000,4840.2000,4840.0000,4839.8000,4839.4000,4844.0000,4845.4000,4847.2000,4848.2000,4848.8000,6,1,8,19,1,3,1,1,3,3
SF,IC2002,2020-02-03 09:30:05.900,4844.0000,69252,-15,1460869920.000,24,4,20,多平,S,4844.0000,4843.2000,4842.8000,4842.6000,4842.4000,4847.2000,4848.2000,4848.8000,4849.0000,4850.0000,1,1,3,2,11,1,3,3,12,36
SF,IC2002,2020-02-03 09:30:06.400,4847.0000,69241,-11,1483156800.000,23,6,17,多平,S,4846.0000,4844.0000,4843.4000,4843.2000,4843.0000,4847.2000,4848.0000,4848.2000,4848.8000,4849.0000,1,1,1,3,2,1,2,3,3,12
SF,IC2002,2020-02-03 09:30:06.900,4849.0000,69234,-7,1499638400.000,17,5,12,多平,S,4847.2000,4846.0000,4844.0000,4843.6000,4843.4000,4849.0000,4850.0000,4850.2000,4851.0000,4851.2000,6,3,6,1,2,11,36,2,2,1
SF,IC2002,2020-02-03 09:30:07.400,4847.2000,69212,-22,1549094680.000,51,14,37,多平,S,4847.2000,4846.4000,4846.2000,4846.0000,4845.8000,4850.0000,4850.2000,4851.2000,4855.0000,4860.0000,3,1,3,2,1,19,2,2,1,19
SF,IC2002,2020-02-03 09:30:07.900,4849.8000,69210,-2,1559762440.000,11,4,7,多平,S,4848.6000,4847.6000,4847.4000,4847.2000,4846.4000,4849.8000,4850.0000,4850.2000,4851.2000,4852.8000,2,1,4,13,1,1,16,2,2,2
SF,IC2002,2020-02-03 09:30:08.400,4849.6000,69203,-7,1578189160.000,19,6,13,多平,S,4849.8000,4847.8000,4847.4000,4847.2000,4847.0000,4850.0000,4851.2000,4852.8000,4855.0000,4860.0000,1,2,1,15,1,13,1,2,1,19
SF,IC2002,2020-02-03 09:30:08.900,4849.8000,69157,-46,1660618600.000,85,19,66,多平,S,4849.0000,4844.4000,4844.0000,4843.6000,4843.2000,4849.8000,4852.6000,4852.8000,4855.0000,4860.0000,3,1,6,2,1,2,1,2,1,18
SF,IC2002,2020-02-03 09:30:09.400,4849.0000,69133,-24,1702317280.000,43,9,34,多平,S,4846.0000,4843.8000,4843.6000,4843.2000,4842.4000,4849.0000,4859.8000,4860.0000,4864.4000,4870.0000,1,1,2,2,11,3,3,18,8,1
SF,IC2002,2020-02-03 09:30:09.900,4842.2000,69069,-64,1785668560.000,86,11,75,多平,S,4842.2000,4840.0000,4839.8000,4839.0000,4837.0000,4846.0000,4849.4000,4849.6000,4849.8000,4854.2000,5,1,22,12,1,1,1,1,1,2
SF,IC2002,2020-02-03 09:30:10.400,4844.0000,69045,-24,1815716840.000,31,3,28,多平,S,4844.0000,4843.6000,4843.2000,4842.8000,4842.4000,4849.6000,4849.8000,4851.0000,4854.2000,4859.2000,1,2,1,2,7,2,1,2,3,1
SF,IC2002,2020-02-03 09:30:10.900,4841.2000,69015,-30,1868034000.000,54,12,42,多平,S,4846.0000,4839.8000,4839.0000,4837.0000,4836.8000,4848.8000,4849.2000,4849.4000,4849.6000,4849.8000,2,22,12,1,10,3,1,13,2,3
SF,IC2002,2020-02-03 09:30:11.400,4839.8000,69006,-9,1885477600.000,18,4,14,多平,S,4839.8000,4839.0000,4837.0000,4836.8000,4836.2000,4844.0000,4846.0000,4846.8000,4848.0000,4848.6000,21,17,1,10,1,15,10,1,1,13
SF,IC2002,2020-02-03 09:30:11.900,4840.6000,68977,-29,1932930240.000,49,10,39,多平,S,4840.0000,4839.8000,4839.2000,4839.0000,4837.0000,4840.4000,4843.6000,4843.8000,4844.0000,4845.8000,1,20,2,17,1,19,1,1,10,2
SF,IC2002,2020-02-03 09:30:12.400,4839.8000,68932,-45,2013282840.000,83,19,64,多平,S,4839.8000,4839.0000,4837.0000,4836.8000,4836.2000,4840.4000,4840.6000,4844.0000,4846.0000,4846.8000,7,17,1,10,1,10,20,10,11,1
SF,IC2002,2020-02-03 09:30:12.900,4839.8000,68888,-44,2060718640.000,49,2,47,多平,S,4839.8000,4839.0000,4837.0000,4836.8000,4836.2000,4840.4000,4840.6000,4844.0000,4846.0000,4846.8000,8,15,1,10,1,21,16,10,11,1
SF,IC2002,2020-02-03 09:30:13.400,4839.0000,68867,-21,2086854320.000,27,3,24,多平,S,4839.0000,4837.0000,4836.8000,4836.2000,4834.8000,4839.6000,4839.8000,4840.0000,4840.4000,4840.6000,13,4,10,1,20,1,13,2,64,16
SF,IC2002,2020-02-03 09:30:13.900,4839.8000,68853,-14,2116857440.000,31,8,23,多平,S,4839.6000,4839.4000,4839.0000,4838.0000,4837.2000,4839.8000,4840.0000,4840.4000,4840.6000,4842.0000,1,1,2,1,1,16,3,65,16,1
SF,IC2002,2020-02-03 09:30:14.400,4839.8000,68830,-23,2150735280.000,35,6,29,多平,S,4839.6000,4837.0000,4836.8000,4836.2000,4834.8000,4839.8000,4840.0000,4840.4000,4840.6000,4842.0000,1,1,8,1,20,2,3,64,16,1
SF,IC2002,2020-02-03 09:30:14.900,4839.6000,68824,-6,2171062920.000,21,7,14,多平,S,4839.8000,4839.6000,4837.0000,4836.8000,4836.2000,4840.4000,4840.6000,4842.0000,4842.2000,4844.0000,2,7,2,8,1,60,16,1,2,11
SF,IC2002,2020-02-03 09:30:15.400,4840.4000,68790,-34,2218496440.000,49,7,42,多平,S,4839.6000,4837.0000,4836.8000,4836.2000,4834.8000,4840.4000,4840.6000,4842.0000,4842.2000,4844.0000,4,1,8,1,20,35,16,1,2,11
SF,IC2002,2020-02-03 09:30:15.900,4839.6000,68774,-16,2248505200.000,31,7,24,多平,S,4839.6000,4837.0000,4836.8000,4836.2000,4834.8000,4840.0000,4840.4000,4840.6000,4842.0000,4842.2000,15,2,8,1,20,13,22,16,1,2
SF,IC2002,2020-02-03 09:30:16.400,4840.0000,68754,-20,2290130880.000,43,11,32,多平,S,4840.2000,4840.0000,4839.8000,4839.6000,4837.0000,4840.4000,4840.6000,4842.0000,4842.2000,4844.0000,2,2,1,16,2,2,16,1,2,10
SF,IC2002,2020-02-03 09:30:16.900,4840.6000,68739,-15,2308524960.000,19,2,17,多平,S,4840.4000,4840.2000,4840.0000,4839.8000,4839.6000,4840.6000,4842.0000,4842.2000,4844.0000,4846.0000,13,2,1,2,22,3,1,2,10,11
SF,IC2002,2020-02-03 09:30:17.400,4840.8000,68730,-9,2319174880.000,11,1,10,多平,S,4840.8000,4840.6000,4840.4000,4840.2000,4840.0000,4844.0000,4845.8000,4846.0000,4846.8000,4847.2000,3,40,14,1,2,10,1,11,1,3
SF,IC2002,2020-02-03 09:30:17.900,4844.2000,68707,-23,2353089760.000,35,6,29,多平,S,4843.2000,4841.4000,4841.0000,4840.8000,4840.6000,4849.2000,4849.6000,4849.8000,4850.0000,4858.0000,1,1,12,4,39,1,2,4,1,3
SF,IC2002,2020-02-03 09:30:18.400,4849.4000,68682,-25,2389939200.000,38,6,32,多平,S,4849.0000,4844.2000,4844.0000,4843.4000,4843.2000,4858.0000,4858.8000,4860.0000,4864.4000,4870.0000,10,1,3,6,5,3,3,16,8,1
SF,IC2002,2020-02-03 09:30:18.900,4849.0000,68622,-60,2455923040.000,68,4,64,多平,S,4849.2000,4846.0000,4844.8000,4844.2000,4844.0000,4856.6000,4857.0000,4857.4000,4857.6000,4857.8000,4,2,1,1,3,1,4,1,1,6
SF,IC2002,2020-02-03 09:30:19.400,4849.2000,68607,-15,2474354280.000,19,2,17,多平,S,4849.4000,4849.2000,4849.0000,4847.2000,4846.0000,4855.6000,4855.8000,4856.0000,4856.2000,4856.4000,15,2,2,1,2,3,1,1,3,7
SF,IC2002,2020-02-03 09:30:19.900,4850.2000,68595,-12,2490855040.000,17,2,15,多平,S,4850.2000,4850.0000,4849.6000,4849.4000,4849.2000,4854.8000,4855.2000,4855.4000,4855.6000,4855.8000,3,1,10,17,2,1,2,5,3,1
SF,IC2002,2020-02-03 09:30:20.400,4854.6000,68547,-48,2550038240.000,61,6,55,多平,S,4852.6000,4850.8000,4850.0000,4849.2000,4849.0000,4854.6000,4854.8000,4855.6000,4856.4000,4857.0000,1,2,2,3,2,8,1,2,1,4
SF,IC2002,2020-02-03 09:30:20.900,4854.4000,68532,-15,2578184240.000,29,7,22,多平,S,4849.2000,4849.0000,4848.0000,4847.4000,4847.2000,4854.4000,4854.6000,4854.8000,4855.6000,4856.4000,1,1,1,1,1,8,4,1,3,1
SF,IC2002,2020-02-03 09:30:21.400,4853.6000,68489,-43,2625706280.000,49,3,46,多平,S,4853.2000,4850.0000,4840.6000,4840.4000,4840.2000,4853.6000,4854.2000,4854.4000,4854.6000,4854.8000,1,1,22,22,1,2,3,1,1,1
SF,IC2002,2020-02-03 09:30:21.900,4854.8000,68457,-32,2669348040.000,45,6,39,多平,S,4850.0000,4840.6000,4840.4000,4840.2000,4840.0000,4854.8000,4855.6000,4856.4000,4857.0000,4858.0000,1,9,20,1,12,1,3,1,4,3
SF,IC2002,2020-02-03 09:30:22.400,4854.6000,68454,-3,2679055240.000,10,3,7,多平,S,4853.2000,4850.6000,4850.2000,4850.0000,4840.8000,4854.6000,4854.8000,4855.6000,4856.4000,4857.0000,6,1,3,1,1,6,1,3,1,4
SF,IC2002,2020-02-03 09:30:22.900,4856.4000,68434,-20,2703328000.000,25,2,23,多平,S,4854.8000,4854.6000,4854.4000,4853.6000,4853.2000,4857.0000,4858.0000,4858.8000,4860.0000,4864.4000,8,2,3,2,4,4,3,3,16,8
SF,IC2002,2020-02-03 09:30:23.400,4856.8000,68409,-25,2729545800.000,27,1,26,多平,S,4855.0000,4854.8000,4854.6000,4854.4000,4853.6000,4857.0000,4858.0000,4858.8000,4860.0000,4864.4000,4,9,3,6,3,4,3,3,16,8
SF,IC2002,2020-02-03 09:30:23.900,4857.0000,68405,-4,2738286200.000,9,2,7,多平,S,4855.2000,4854.8000,4854.6000,4854.4000,4853.6000,4857.0000,4858.0000,4858.8000,4860.0000,4864.4000,5,10,6,6,3,3,3,3,16,8
SF,IC2002,2020-02-03 09:30:24.400,4855.8000,68394,-11,2752854280.000,15,2,13,多平,S,4855.4000,4854.8000,4854.6000,4854.4000,4853.6000,4858.0000,4858.8000,4860.0000,4864.4000,4870.0000,1,11,7,6,8,3,3,16,8,1
SF,IC2002,2020-02-03 09:30:24.900,4857.8000,68385,-9,2762569720.000,10,0,10,多平,S,4857.4000,4857.0000,4855.8000,4855.4000,4854.8000,4858.0000,4858.8000,4860.0000,4864.4000,4870.0000,1,3,1,1,13,3,3,16,8,1
SF,IC2002,2020-02-03 09:30:25.400,4858.2000,68374,-11,2774229160.000,12,0,12,多平,S,4858.0000,4857.8000,4857.4000,4857.2000,4857.0000,4858.8000,4860.0000,4864.4000,4870.0000,4872.6000,1,1,1,1,4,2,16,8,1,1
SF,IC2002,2020-02-03 09:30:25.900,4858.0000,68344,-30,2816962080.000,44,7,37,多平,S,4859.6000,4859.0000,4858.2000,4858.0000,4857.0000,4860.0000,4864.4000,4870.0000,4872.6000,4875.4000,1,1,1,3,3,16,8,1,1,2
SF,IC2002,2020-02-03 09:30:26.400,4858.2000,68313,-31,2849035480.000,33,1,32,多平,S,4860.0000,4858.8000,4858.2000,4858.0000,4857.0000,4864.4000,4870.0000,4872.6000,4875.4000,4876.0000,1,2,2,8,4,8,1,1,2,11
SF,IC2002,2020-02-03 09:30:26.900,4860.2000,68304,-9,2860704520.000,12,1,11,多平,S,4860.2000,4860.0000,4859.0000,4858.8000,4858.2000,4863.8000,4864.2000,4864.4000,4870.0000,4872.6000,1,3,1,2,2,1,5,8,1,1
SF,IC2002,2020-02-03 09:30:27.400,4860.2000,68293,-11,2878201240.000,18,3,15,多平,S,4860.0000,4859.8000,4859.0000,4858.8000,4858.2000,4860.2000,4863.6000,4863.8000,4864.4000,4870.0000,1,1,1,2,2,2,10,2,8,1
SF,IC2002,2020-02-03 09:30:27.900,4861.2000,68289,-4,2885979720.000,8,2,6,多平,S,4862.0000,4861.2000,4860.4000,4860.2000,4860.0000,4863.6000,4863.8000,4864.4000,4870.0000,4872.6000,1,2,1,22,3,22,2,8,1,1
SF,IC2002,2020-02-03 09:30:28.400,4860.2000,68255,-34,2932650120.000,48,7,41,多平,S,4860.2000,4860.0000,4858.8000,4858.2000,4858.0000,4863.4000,4863.6000,4863.8000,4864.4000,4870.0000,9,5,2,2,9,1,22,2,9,1
SF,IC2002,2020-02-03 09:30:28.900,4860.2000,68236,-19,2961814080.000,30,5,25,多平,S,4860.0000,4858.8000,4858.2000,4858.0000,4857.2000,4860.2000,4862.2000,4862.8000,4863.2000,4863.4000,7,2,2,9,1,4,1,1,1,4
SF,IC2002,2020-02-03 09:30:29.400,4860.2000,68225,-11,2982232040.000,21,5,16,多平,S,4860.0000,4858.8000,4858.2000,4858.0000,4857.2000,4860.2000,4863.0000,4863.6000,4864.4000,4870.0000,7,3,2,9,1,16,1,20,9,1
SF,IC2002,2020-02-03 09:30:29.900,4860.0000,68197,-28,3018197720.000,37,4,33,多平,S,4860.0000,4859.0000,4858.8000,4858.2000,4858.0000,4860.2000,4863.6000,4864.4000,4870.0000,4872.6000,3,1,3,2,10,9,20,9,1,1
SF,IC2002,2020-02-03 09:30:30.400,4858.8000,68174,-23,3047358640.000,30,3,27,多平,S,4858.2000,4858.0000,4857.2000,4857.0000,4854.6000,4860.2000,4863.6000,4864.4000,4870.0000,4872.6000,2,9,1,12,4,38,19,9,1,1
SF,IC2002,2020-02-03 09:30:30.900,4858.8000,68166,-8,3057077880.000,10,1,9,多平,S,4858.8000,4858.4000,4858.2000,4858.0000,4857.2000,4859.4000,4860.0000,4860.2000,4863.6000,4864.4000,1,2,2,10,1,1,27,38,19,9
SF,IC2002,2020-02-03 09:30:31.400,4859.4000,68159,-7,3067768840.000,11,2,9,多平,S,4859.0000,4858.4000,4858.2000,4858.0000,4857.2000,4860.0000,4860.2000,4863.6000,4864.4000,4870.0000,1,1,2,10,1,19,38,19,9,1
SF,IC2002,2020-02-03 09:30:31.900,4859.4000,68133,-26,3096922960.000,30,2,28,多平,S,4858.0000,4857.2000,4857.0000,4854.6000,4854.4000,4859.4000,4860.0000,4860.2000,4862.0000,4863.6000,5,1,6,4,4,9,19,38,1,19
SF,IC2002,2020-02-03 09:30:32.400,4859.4000,68109,-24,3122191840.000,26,1,25,多平,S,4858.0000,4857.2000,4857.0000,4854.6000,4854.4000,4858.8000,4859.4000,4860.0000,4860.2000,4862.0000,5,1,6,4,4,1,1,19,38,1
SF,IC2002,2020-02-03 09:30:32.900,4858.6000,68108,-1,3131909600.000,10,4,6,多平,S,4858.8000,4858.6000,4858.2000,4858.0000,4857.2000,4859.4000,4860.0000,4860.2000,4862.0000,4863.0000,1,1,7,5,1,1,20,39,1,1
SF,IC2002,2020-02-03 09:30:33.400,4858.6000,68082,-26,3160096240.000,29,1,28,多平,S,4858.2000,4858.0000,4857.2000,4857.0000,4856.0000,4858.6000,4860.0000,4860.2000,4862.0000,4863.0000,2,6,1,6,1,17,17,39,1,1
SF,IC2002,2020-02-03 09:30:33.900,4858.8000,68060,-22,3181474680.000,22,0,22,双平,S,4859.4000,4859.2000,4858.4000,4858.2000,4858.0000,4859.8000,4860.0000,4860.2000,4862.0000,4863.0000,2,1,3,1,6,2,17,39,1,1
SF,IC2002,2020-02-03 09:30:34.400,4859.4000,68050,-10,3197025720.000,16,3,13,多平,S,4858.4000,4858.2000,4858.0000,4857.2000,4857.0000,4858.6000,4860.0000,4860.2000,4862.0000,4863.0000,3,1,7,1,6,14,13,39,1,1
SF,IC2002,2020-02-03 09:30:34.900,4858.8000,68026,-24,3227149480.000,31,3,28,多平,S,4858.6000,4858.0000,4857.2000,4857.0000,4856.0000,4858.8000,4860.0000,4860.2000,4862.0000,4863.0000,1,7,1,6,1,15,10,39,1,1
SF,IC2002,2020-02-03 09:30:35.400,4858.8000,68021,-5,3232979920.000,6,0,6,多平,S,4858.6000,4858.0000,4857.2000,4857.0000,4856.0000,4858.8000,4860.0000,4860.2000,4862.0000,4863.0000,2,7,1,6,1,12,10,39,1,1
SF,IC2002,2020-02-03 09:30:35.900,4858.6000,68014,-7,3240753920.000,8,0,8,多平,S,4858.6000,4858.0000,4857.2000,4857.0000,4856.0000,4858.8000,4859.4000,4860.0000,4860.2000,4863.0000,3,7,1,6,1,6,1,10,39,1
SF,IC2002,2020-02-03 09:30:36.400,4860.0000,68006,-8,3254360320.000,14,3,11,多平,S,4859.8000,4859.4000,4859.2000,4858.8000,4858.6000,4860.0000,4860.2000,4863.0000,4864.4000,4870.0000,49,2,1,2,9,6,39,1,9,1
SF,IC2002,2020-02-03 09:30:36.900,4859.8000,67974,-32,3307820360.000,55,11,44,多平,S,4860.0000,4859.8000,4859.4000,4859.2000,4858.8000,4860.2000,4863.0000,4864.4000,4870.0000,4872.6000,1,29,1,1,1,18,1,9,1,1
SF,IC2002,2020-02-03 09:30:37.400,4860.2000,67956,-18,3326289080.000,19,0,19,多平,S,4861.2000,4860.8000,4860.2000,4860.0000,4859.8000,4863.0000,4864.4000,4870.0000,4872.6000,4875.4000,4,1,1,2,31,1,9,1,1,2
SF,IC2002,2020-02-03 09:30:37.900,4862.8000,67949,-7,3335040120.000,9,1,8,多平,S,4861.4000,4861.2000,4860.2000,4860.0000,4859.8000,4862.8000,4863.0000,4864.4000,4870.0000,4872.6000,1,3,6,2,31,1,1,9,1,1
SF,IC2002,2020-02-03 09:30:38.400,4860.2000,67941,-8,3344762160.000,10,1,9,多平,S,4860.2000,4860.0000,4859.8000,4859.4000,4859.2000,4862.4000,4862.8000,4863.0000,4864.4000,4870.0000,5,3,31,1,1,5,1,1,9,1
SF,IC2002,2020-02-03 09:30:38.900,4863.0000,67931,-10,3363238800.000,19,4,15,多平,S,4863.0000,4860.6000,4860.4000,4860.2000,4860.0000,4864.4000,4865.0000,4870.0000,4872.6000,4875.4000,9,1,2,4,3,9,1,1,1,2
SF,IC2002,2020-02-03 09:30:39.400,4863.0000,67922,-9,3377830000.000,15,3,12,多平,S,4863.0000,4862.8000,4860.6000,4860.2000,4860.0000,4864.4000,4865.0000,4870.0000,4872.6000,4875.4000,3,4,1,4,3,12,1,1,1,2
SF,IC2002,2020-02-03 09:30:39.900,4862.8000,67914,-8,3397283360.000,20,6,14,多平,S,4862.8000,4862.4000,4860.6000,4860.2000,4860.0000,4863.0000,4864.2000,4864.4000,4865.0000,4870.0000,2,7,1,6,2,9,1,12,1,1
SF,IC2002,2020-02-03 09:30:40.400,4876.0000,67886,-28,3429393760.000,33,2,31,多平,S,4868.0000,4862.4000,4860.4000,4860.2000,4860.0000,4876.0000,4877.2000,4888.0000,4888.8000,4889.2000,1,6,2,6,2,10,1,1,10,1
SF,IC2002,2020-02-03 09:30:40.900,4864.4000,67853,-33,3471278240.000,43,5,38,多平,S,4864.4000,4863.8000,4862.6000,4862.4000,4860.4000,4875.0000,4875.4000,4875.8000,4876.0000,4877.2000,2,2,1,26,2,2,1,4,11,1
SF,IC2002,2020-02-03 09:30:41.400,4873.8000,67837,-16,3498534280.000,28,6,22,多平,S,4865.8000,4865.6000,4864.6000,4864.4000,4863.8000,4873.8000,4874.2000,4874.6000,4874.8000,4875.0000,1,2,4,3,2,1,1,1,5,2
SF,IC2002,2020-02-03 09:30:41.900,4866.0000,67838,1,3504375600.000,6,3,3,空开,S,4870.8000,4870.0000,4869.8000,4866.8000,4866.0000,4872.8000,4873.0000,4873.2000,4873.4000,4873.6000,1,1,1,1,3,2,2,2,1,7
SF,IC2002,2020-02-03 09:30:42.400,4870.0000,67829,-9,3516068120.000,12,1,11,多平,S,4866.8000,4866.2000,4866.0000,4865.6000,4864.6000,4870.0000,4872.0000,4872.6000,4872.8000,4873.0000,1,1,3,2,2,2,1,11,1,1
SF,IC2002,2020-02-03 09:30:42.900,4869.4000,67822,-7,3528726360.000,13,3,10,多平,S,4867.0000,4866.8000,4866.0000,4865.6000,4864.6000,4870.0000,4872.6000,4872.8000,4873.0000,4873.2000,1,2,2,2,1,4,6,1,1,1
SF,IC2002,2020-02-03 09:30:43.400,4869.8000,67825,3,3541387600.000,13,8,5,空开,S,4868.0000,4867.2000,4867.0000,4866.8000,4866.0000,4869.8000,4870.0000,4870.2000,4872.6000,4872.8000,1,1,1,2,1,1,2,1,5,1
SF,IC2002,2020-02-03 09:30:43.900,4868.2000,67819,-6,3548204040.000,7,0,7,多平,S,4868.2000,4868.0000,4867.0000,4866.8000,4865.8000,4869.4000,4870.0000,4870.2000,4872.6000,4872.8000,2,1,1,2,5,1,3,2,2,1
SF,IC2002,2020-02-03 09:30:44.400,4869.4000,67816,-3,3554046880.000,6,1,5,多平,S,4868.4000,4868.2000,4868.0000,4867.0000,4866.8000,4869.2000,4870.0000,4870.2000,4872.6000,4872.8000,1,2,1,1,2,1,3,2,2,1
SF,IC2002,2020-02-03 09:30:44.900,4868.0000,67817,1,3561836040.000,8,4,4,空开,S,4867.0000,4866.8000,4866.6000,4865.8000,4865.6000,4868.4000,4869.0000,4869.2000,4870.0000,4870.2000,1,2,2,5,2,2,2,1,3,2
SF,IC2002,2020-02-03 09:30:45.400,4865.6000,67787,-30,3599811520.000,39,4,35,多平,S,4865.0000,4864.6000,4864.4000,4863.8000,4863.0000,4870.0000,4872.8000,4873.8000,4876.0000,4877.2000,1,1,3,2,2,1,1,1,9,1
SF,IC2002,2020-02-03 09:30:45.900,4872.8000,67781,-6,3612473680.000,13,3,10,多平,S,4868.4000,4865.6000,4865.4000,4865.2000,4865.0000,4873.8000,4876.0000,4877.2000,4888.0000,4888.8000,4,1,1,3,2,1,9,1,1,10
SF,IC2002,2020-02-03 09:30:46.400,4869.2000,67780,-1,3615396160.000,3,1,2,多平,S,4869.0000,4868.6000,4868.4000,4865.4000,4865.0000,4873.8000,4876.0000,4877.2000,4888.0000,4888.8000,3,1,5,1,2,3,9,1,1,10
SF,IC2002,2020-02-03 09:30:46.900,4869.2000,67778,-2,3625137040.000,10,4,6,多平,S,4869.2000,4869.0000,4868.4000,4865.4000,4865.0000,4870.0000,4876.0000,4877.2000,4888.0000,4888.8000,2,3,5,1,1,1,9,1,1,10
SF,IC2002,2020-02-03 09:30:47.400,4869.4000,67774,-4,3632928520.000,8,2,6,多平,S,4869.4000,4869.2000,4869.0000,4868.4000,4865.0000,4870.0000,4870.2000,4873.8000,4876.0000,4877.2000,3,2,2,6,1,1,1,3,9,1
SF,IC2002,2020-02-03 09:30:47.900,4869.0000,67767,-7,3647536600.000,15,4,11,多平,S,4869.0000,4868.4000,4865.0000,4864.4000,4863.8000,4870.0000,4870.2000,4873.8000,4876.0000,4877.2000,2,6,1,1,2,1,1,3,9,1
SF,IC2002,2020-02-03 09:30:48.400,4868.4000,67750,-17,3666040360.000,19,1,18,多平,S,4870.0000,4868.4000,4865.0000,4864.4000,4863.8000,4870.2000,4873.8000,4876.0000,4877.2000,4888.0000,4,3,1,1,2,1,3,9,1,1
SF,IC2002,2020-02-03 09:30:48.900,4868.4000,67737,-13,3683569680.000,18,2,16,多平,S,4865.0000,4864.4000,4863.8000,4863.4000,4863.0000,4868.0000,4869.2000,4869.4000,4870.0000,4870.2000,1,1,2,1,2,5,2,3,1,2
SF,IC2002,2020-02-03 09:30:49.400,4867.8000,67730,-7,3705947360.000,23,8,15,多平,S,4862.4000,4861.2000,4861.0000,4860.4000,4860.2000,4867.8000,4868.0000,4869.2000,4870.0000,4870.4000,23,1,1,2,17,6,6,2,2,1
SF,IC2002,2020-02-03 09:30:49.900,4867.6000,67730,0,3714705920.000,9,4,5,多换,S,4862.8000,4862.4000,4861.2000,4861.0000,4860.4000,4867.6000,4867.8000,4868.0000,4869.2000,4870.0000,1,23,1,1,2,5,11,4,2,3
SF,IC2002,2020-02-03 09:30:50.400,4865.6000,67736,6,3721515160.000,7,6,1,空开,S,4866.6000,4863.0000,4862.8000,4862.4000,4861.2000,4867.0000,4867.4000,4867.6000,4867.8000,4868.0000,1,1,2,23,1,7,10,3,8,4
SF,IC2002,2020-02-03 09:30:50.900,4865.6000,67735,-1,3726379320.000,5,2,3,多平,S,4862.4000,4861.2000,4861.0000,4860.4000,4860.2000,4865.6000,4866.0000,4866.4000,4866.6000,4866.8000,23,1,1,2,17,1,2,10,4,1
SF,IC2002,2020-02-03 09:30:51.400,4865.0000,67733,-2,3733188840.000,7,2,5,多平,S,4862.8000,4862.6000,4862.4000,4861.2000,4861.0000,4865.0000,4865.4000,4865.6000,4866.0000,4866.4000,1,2,23,1,1,7,8,3,1,6
SF,IC2002,2020-02-03 09:30:51.900,4864.8000,67736,3,3748755400.000,16,9,7,空开,S,4862.6000,4862.4000,4861.2000,4861.0000,4860.4000,4863.8000,4864.8000,4865.0000,4865.4000,4865.6000,1,23,1,1,2,1,2,9,1,1
SF,IC2002,2020-02-03 09:30:52.400,4865.0000,67711,-25,3775999560.000,28,1,27,多平,S,4862.8000,4862.6000,4862.4000,4862.2000,4861.2000,4866.6000,4868.0000,4869.0000,4869.2000,4869.4000,1,1,23,1,1,1,4,6,2,2
SF,IC2002,2020-02-03 09:30:52.900,4863.0000,67712,1,3790592640.000,15,8,7,空开,S,4863.0000,4862.8000,4862.4000,4862.2000,4861.2000,4865.0000,4866.4000,4866.6000,4867.8000,4868.0000,2,2,28,1,1,1,1,1,1,4
SF,IC2002,2020-02-03 09:30:53.400,4863.0000,67707,-5,3797401200.000,7,1,6,多平,S,4863.8000,4863.0000,4862.8000,4862.6000,4862.4000,4864.8000,4865.0000,4866.6000,4867.8000,4868.0000,1,2,1,1,28,2,2,1,2,4
SF,IC2002,2020-02-03 09:30:53.900,4864.6000,67691,-16,3819770520.000,23,3,20,多平,S,4862.4000,4862.2000,4861.2000,4861.0000,4860.2000,4864.8000,4865.0000,4867.8000,4868.0000,4869.0000,14,1,1,1,17,2,1,2,4,6
SF,IC2002,2020-02-03 09:30:54.400,4862.6000,67691,0,3823661600.000,4,2,2,多换,S,4862.4000,4862.2000,4861.2000,4861.0000,4860.2000,4862.6000,4863.6000,4864.4000,4864.8000,4865.0000,14,1,1,1,17,3,1,2,5,1
SF,IC2002,2020-02-03 09:30:54.900,4864.8000,67674,-17,3843113840.000,20,1,19,多平,S,4862.4000,4862.2000,4861.2000,4861.0000,4860.2000,4864.8000,4865.0000,4867.8000,4868.0000,4869.0000,5,1,1,1,17,1,1,2,4,6
SF,IC2002,2020-02-03 09:30:55.400,4861.2000,67672,-2,3849920960.000,7,2,5,多平,S,4861.0000,4860.2000,4860.0000,4859.8000,4859.4000,4862.4000,4863.6000,4863.8000,4864.6000,4864.8000,1,17,1,31,1,2,1,1,1,3
SF,IC2002,2020-02-03 09:30:55.900,4863.4000,67661,-11,3863534520.000,14,1,13,多平,S,4860.2000,4860.0000,4859.8000,4859.4000,4859.2000,4863.6000,4863.8000,4864.6000,4864.8000,4865.0000,17,1,31,1,1,1,1,1,2,1
SF,IC2002,2020-02-03 09:30:56.400,4862.4000,67648,-13,3885892640.000,23,5,18,多平,S,4860.0000,4859.8000,4859.4000,4859.2000,4858.8000,4862.4000,4863.4000,4863.6000,4863.8000,4864.8000,3,31,1,1,6,13,2,3,1,3
SF,IC2002,2020-02-03 09:30:56.900,4860.0000,67645,-3,3889780640.000,4,0,4,多平,S,4859.8000,4859.4000,4859.2000,4858.8000,4858.6000,4860.0000,4861.0000,4862.2000,4862.4000,4863.6000,31,1,1,6,9,3,1,5,13,2
SF,IC2002,2020-02-03 09:30:57.400,4862.2000,67640,-5,3918941160.000,30,12,18,多平,S,4859.8000,4859.4000,4859.2000,4858.8000,4858.6000,4860.2000,4862.2000,4862.4000,4863.6000,4863.8000,8,1,1,6,9,1,3,13,1,1
SF,IC2002,2020-02-03 09:30:57.900,4859.8000,67638,-2,3926717840.000,8,3,5,多平,S,4859.8000,4859.4000,4859.2000,4858.8000,4858.6000,4860.0000,4860.2000,4862.2000,4862.4000,4863.6000,3,1,1,6,9,1,1,3,13,1
SF,IC2002,2020-02-03 09:30:58.400,4859.8000,67639,1,3931577760.000,5,3,2,空开,S,4859.8000,4859.4000,4859.2000,4858.8000,4858.6000,4860.6000,4862.2000,4862.4000,4863.6000,4863.8000,1,1,1,6,4,1,3,13,1,1
SF,IC2002,2020-02-03 09:30:58.900,4862.4000,67637,-2,3949080440.000,18,8,10,多平,S,4859.4000,4859.2000,4858.8000,4858.6000,4858.0000,4862.4000,4863.8000,4864.6000,4864.8000,4865.0000,1,1,6,4,7,2,1,1,3,1
SF,IC2002,2020-02-03 09:30:59.400,4862.4000,67638,1,3952970360.000,4,2,2,空开,S,4859.8000,4859.6000,4859.4000,4859.2000,4858.8000,4860.0000,4862.4000,4863.8000,4864.6000,4864.8000,5,3,6,1,6,2,2,1,1,3
SF,IC2002,2020-02-03 09:30:59.900,4860.0000,67629,-9,3962690360.000,10,0,10,多平,S,4860.0000,4859.8000,4859.4000,4859.2000,4858.8000,4862.4000,4863.8000,4864.6000,4864.8000,4865.0000,19,5,6,1,6,5,1,1,3,1
SF,IC2002,2020-02-03 09:31:00.400,4862.4000,67624,-5,3973385400.000,11,3,8,多平,S,4860.4000,4860.0000,4859.8000,4859.4000,4859.2000,4863.8000,4864.6000,4864.8000,4865.0000,4867.8000,1,14,6,3,1,1,1,3,1,1
SF,IC2002,2020-02-03 09:31:00.900,4859.8000,67603,-21,4004490560.000,32,5,27,多平,S,4859.4000,4859.2000,4858.8000,4858.6000,4858.0000,4860.0000,4860.2000,4861.4000,4863.6000,4863.8000,2,1,6,4,8,8,10,2,2,1
SF,IC2002,2020-02-03 09:31:01.400,4860.0000,67586,-17,4027817760.000,24,3,21,多平,S,4858.8000,4858.6000,4858.0000,4857.2000,4857.0000,4859.6000,4860.0000,4860.2000,4863.8000,4864.6000,6,4,8,1,3,1,7,11,2,1
SF,IC2002,2020-02-03 09:31:01.900,4860.0000,67582,-4,4046285080.000,19,7,12,多平,S,4860.0000,4859.8000,4859.4000,4859.2000,4859.0000,4860.2000,4863.8000,4864.6000,4864.8000,4865.0000,41,2,1,1,1,10,2,1,3,1
SF,IC2002,2020-02-03 09:31:02.400,4860.2000,67557,-25,4076421880.000,31,3,28,多平,S,4860.2000,4860.0000,4859.4000,4859.2000,4859.0000,4863.6000,4863.8000,4864.6000,4864.8000,4865.0000,1,39,1,3,1,1,2,1,3,1
SF,IC2002,2020-02-03 09:31:02.900,4860.8000,67554,-3,4084201440.000,8,2,6,多平,S,4862.0000,4860.6000,4860.4000,4860.2000,4860.0000,4863.4000,4863.8000,4864.2000,4864.6000,4864.8000,5,2,2,3,39,1,1,1,1,3
SF,IC2002,2020-02-03 09:31:03.400,4861.4000,67539,-15,4101703920.000,18,1,17,多平,S,4860.0000,4859.4000,4858.8000,4858.6000,4858.0000,4860.2000,4864.6000,4864.8000,4865.0000,4866.2000,38,2,4,5,6,2,1,3,1,1
SF,IC2002,2020-02-03 09:31:03.900,4860.2000,67535,-4,4112396200.000,11,3,8,多平,S,4860.0000,4859.4000,4858.8000,4858.6000,4858.0000,4864.6000,4864.8000,4865.0000,4866.2000,4867.8000,35,2,4,5,6,1,3,1,1,1
SF,IC2002,2020-02-03 09:31:04.400,4861.2000,67532,-3,4115312800.000,3,0,3,双平,S,4860.2000,4860.0000,4859.4000,4858.8000,4858.6000,4864.4000,4864.6000,4864.8000,4865.0000,4866.2000,2,35,1,5,5,4,4,3,1,1
SF,IC2002,2020-02-03 09:31:04.900,4862.0000,67530,-2,4120175040.000,5,1,4,多平,S,4862.4000,4862.0000,4860.6000,4860.4000,4860.2000,4862.8000,4864.2000,4864.4000,4864.6000,4864.8000,10,4,1,1,3,1,3,7,2,3
SF,IC2002,2020-02-03 09:31:05.400,4862.0000,67526,-4,4140597840.000,21,8,13,多平,S,4862.0000,4860.6000,4860.4000,4860.2000,4860.0000,4862.4000,4862.6000,4864.4000,4864.6000,4864.8000,1,1,1,2,36,4,1,4,2,3
SF,IC2002,2020-02-03 09:31:05.900,4862.0000,67524,-2,4145459680.000,5,1,4,多平,S,4860.6000,4860.4000,4860.2000,4860.0000,4859.4000,4862.2000,4862.4000,4862.6000,4863.0000,4864.4000,2,1,2,36,1,2,4,1,1,3
SF,IC2002,2020-02-03 09:31:06.400,4860.6000,67522,-2,4149348320.000,4,1,3,多平,S,4860.2000,4860.0000,4859.4000,4859.0000,4858.8000,4860.4000,4861.0000,4862.0000,4862.2000,4862.4000,52,36,1,2,5,1,2,2,2,7
SF,IC2002,2020-02-03 09:31:06.900,4862.2000,67516,-6,4167818680.000,19,6,13,多平,S,4862.0000,4861.2000,4860.8000,4860.2000,4860.0000,4862.4000,4862.8000,4863.0000,4864.4000,4864.6000,1,1,1,40,36,7,1,1,3,2
SF,IC2002,2020-02-03 09:31:07.400,4861.8000,67513,-3,4173652800.000,6,1,5,多平,S,4860.8000,4860.2000,4860.0000,4859.8000,4859.4000,4862.0000,4862.4000,4862.8000,4863.0000,4864.4000,1,40,36,1,1,7,7,1,1,3
SF,IC2002,2020-02-03 09:31:07.900,4861.2000,67512,-1,4177541760.000,4,1,3,多平,S,4860.2000,4860.0000,4859.8000,4859.4000,4859.0000,4860.6000,4862.0000,4862.4000,4862.8000,4863.0000,40,36,1,1,2,1,6,7,1,1
SF,IC2002,2020-02-03 09:31:08.400,4862.0000,67504,-8,4186291800.000,9,0,9,多平,S,4860.2000,4860.0000,4859.8000,4859.4000,4859.0000,4862.0000,4862.4000,4862.8000,4863.0000,4864.4000,40,37,1,1,2,2,7,1,1,1
SF,IC2002,2020-02-03 09:31:08.900,4860.2000,67505,1,4214481640.000,29,15,14,空开,S,4860.2000,4860.0000,4859.8000,4859.4000,4859.0000,4861.2000,4861.8000,4862.0000,4862.4000,4862.8000,13,37,1,1,2,1,2,3,7,1
SF,IC2002,2020-02-03 09:31:09.400,4861.0000,67503,-2,4229062400.000,15,6,9,多平,S,4860.0000,4859.8000,4859.4000,4859.0000,4858.8000,4861.2000,4861.8000,4862.0000,4862.4000,4862.8000,38,1,1,2,5,2,1,3,7,1
SF,IC2002,2020-02-03 09:31:09.900,4861.0000,67500,-3,4234894760.000,6,1,5,多平,S,4860.0000,4859.8000,4859.4000,4859.0000,4858.8000,4860.4000,4861.0000,4861.2000,4862.0000,4862.4000,35,1,1,2,5,1,1,4,4,7
SF,IC2002,2020-02-03 09:31:10.400,4860.0000,67501,1,4239755080.000,5,3,2,空开,S,4860.0000,4859.8000,4859.4000,4859.0000,4858.8000,4860.2000,4860.4000,4861.0000,4861.2000,4862.0000,33,1,1,2,5,5,2,21,4,6
SF,IC2002,2020-02-03 09:31:10.900,4861.0000,67485,-16,4270861400.000,32,8,24,多平,S,4860.0000,4859.8000,4859.4000,4859.0000,4858.8000,4861.0000,4861.2000,4862.0000,4862.4000,4862.8000,19,1,1,2,5,12,2,6,3,1
SF,IC2002,2020-02-03 09:31:11.400,4860.0000,67484,-1,4278637800.000,8,3,5,多平,S,4860.0000,4859.8000,4859.4000,4859.0000,4858.8000,4860.2000,4860.4000,4860.8000,4861.0000,4861.2000,13,1,1,2,5,2,1,4,11,2
SF,IC2002,2020-02-03 09:31:11.900,4860.8000,67481,-3,4289330120.000,11,4,7,多平,S,4860.0000,4859.8000,4859.4000,4859.0000,4858.8000,4860.4000,4860.8000,4861.0000,4861.2000,4861.6000,7,1,1,2,5,1,3,11,2,1
SF,IC2002,2020-02-03 09:31:12.400,4861.0000,67475,-6,4311688640.000,23,8,15,多平,S,4859.4000,4859.0000,4858.8000,4858.6000,4858.0000,4861.0000,4861.2000,4861.6000,4862.0000,4862.4000,1,2,5,5,6,2,1,1,6,3
SF,IC2002,2020-02-03 09:31:12.900,4860.0000,67471,-4,4323352880.000,12,4,8,多平,S,4859.6000,4859.4000,4859.0000,4858.8000,4858.6000,4860.0000,4861.0000,4861.2000,4861.6000,4862.0000,3,5,2,5,5,2,1,1,1,6
SF,IC2002,2020-02-03 09:31:13.400,4860.0000,67458,-13,4339878440.000,17,2,15,多平,S,4860.0000,4859.6000,4859.4000,4859.0000,4858.8000,4862.0000,4862.4000,4862.8000,4863.0000,4864.6000,2,3,5,2,1,5,3,1,1,1
SF,IC2002,2020-02-03 09:31:13.900,4862.0000,67447,-11,4353489120.000,14,1,13,多平,S,4860.6000,4860.0000,4859.6000,4859.4000,4859.0000,4862.4000,4862.8000,4863.0000,4864.6000,4864.8000,1,4,1,3,2,3,1,1,1,2
SF,IC2002,2020-02-03 09:31:14.400,4862.4000,67446,-1,4360296240.000,7,3,4,多平,S,4862.6000,4861.0000,4860.8000,4860.6000,4860.0000,4863.0000,4864.6000,4864.8000,4866.2000,4867.8000,4,1,2,2,7,1,1,2,1,1
SF,IC2002,2020-02-03 09:31:14.900,4863.0000,67445,-1,4361268840.000,1,0,1,双平,S,4863.0000,4862.8000,4862.6000,4862.0000,4861.0000,4864.6000,4864.8000,4866.2000,4867.8000,4868.0000,1,1,4,1,1,1,2,1,1,4
SF,IC2002,2020-02-03 09:31:15.400,4867.8000,67441,-4,4368080160.000,7,1,6,多平,S,4863.8000,4863.6000,4863.4000,4863.2000,4863.0000,4868.0000,4868.8000,4869.4000,4870.0000,4870.4000,1,1,3,1,2,4,11,2,4,1
SF,IC2002,2020-02-03 09:31:15.900,4867.8000,67436,-5,4379756840.000,12,3,9,多平,S,4864.6000,4864.0000,4863.8000,4863.4000,4863.2000,4867.8000,4868.0000,4868.8000,4869.4000,4870.0000,1,1,3,2,2,1,4,11,2,4
SF,IC2002,2020-02-03 09:31:16.400,4864.8000,67413,-23,4408958480.000,30,3,27,多平,S,4864.6000,4864.4000,4864.0000,4863.8000,4863.4000,4868.8000,4869.4000,4870.0000,4870.4000,4870.8000,4,1,2,3,1,11,2,4,1,15
SF,IC2002,2020-02-03 09:31:16.900,4868.6000,67412,-1,4410905920.000,2,0,2,多平,S,4865.0000,4864.8000,4864.6000,4864.4000,4864.0000,4868.0000,4868.6000,4868.8000,4869.4000,4870.0000,2,7,4,1,2,1,1,11,2,4
SF,IC2002,2020-02-03 09:31:17.400,4865.2000,67407,-5,4416746680.000,6,0,6,多平,S,4865.2000,4865.0000,4864.8000,4864.6000,4864.4000,4867.8000,4868.8000,4869.4000,4870.0000,4870.4000,7,2,3,4,1,2,10,2,4,1
SF,IC2002,2020-02-03 09:31:17.900,4867.8000,67395,-12,4432319520.000,16,2,14,多平,S,4867.8000,4865.6000,4865.2000,4864.8000,4864.6000,4868.8000,4869.4000,4870.0000,4870.4000,4870.8000,1,1,6,2,4,7,2,4,1,15
SF,IC2002,2020-02-03 09:31:18.400,4868.6000,67390,-5,4438160360.000,6,0,6,多平,S,4865.2000,4864.8000,4864.6000,4864.4000,4864.0000,4868.0000,4868.6000,4868.8000,4869.4000,4870.0000,4,1,4,3,1,1,1,7,2,4
SF,IC2002,2020-02-03 09:31:18.900,4868.0000,67386,-4,4444000760.000,6,1,5,多平,S,4868.0000,4865.4000,4865.2000,4864.8000,4864.6000,4868.2000,4868.4000,4868.8000,4869.4000,4870.0000,1,4,4,1,4,1,1,7,2,4
SF,IC2002,2020-02-03 09:31:19.400,4866.8000,67380,-6,4452762200.000,9,1,8,多平,S,4865.4000,4865.2000,4864.8000,4864.6000,4864.4000,4867.8000,4868.0000,4868.8000,4869.4000,4870.0000,2,4,1,4,3,1,5,7,2,4
SF,IC2002,2020-02-03 09:31:19.900,4867.4000,67366,-14,4473198560.000,21,3,18,多平,S,4865.2000,4864.8000,4864.6000,4864.4000,4864.0000,4867.6000,4868.0000,4868.8000,4869.4000,4870.0000,7,1,4,3,1,1,6,7,2,4
SF,IC2002,2020-02-03 09:31:20.400,4867.4000,67366,0,4477092480.000,4,2,2,多换,S,4865.6000,4865.2000,4864.8000,4864.6000,4864.4000,4867.2000,4867.6000,4867.8000,4868.0000,4868.8000,1,7,1,4,3,1,5,1,6,7
SF,IC2002,2020-02-03 09:31:20.900,4867.0000,67362,-4,4482931360.000,6,1,5,多平,S,4865.2000,4864.8000,4864.6000,4864.4000,4863.0000,4867.2000,4867.4000,4867.6000,4867.8000,4868.0000,6,1,4,3,1,1,1,4,1,5
SF,IC2002,2020-02-03 09:31:21.400,4867.2000,67354,-8,4491690360.000,9,0,9,多平,S,4865.2000,4864.8000,4864.6000,4864.4000,4863.0000,4867.2000,4867.4000,4867.6000,4867.8000,4868.0000,6,1,4,3,1,2,2,4,1,5
SF,IC2002,2020-02-03 09:31:21.900,4865.8000,67350,-4,4513103480.000,22,9,13,多平,S,4866.0000,4865.4000,4865.2000,4864.8000,4864.6000,4867.0000,4867.2000,4867.4000,4867.6000,4867.8000,2,1,2,1,4,3,2,2,3,1
SF,IC2002,2020-02-03 09:31:22.400,4867.8000,67344,-6,4520891120.000,8,1,7,多平,S,4867.2000,4867.0000,4866.4000,4866.0000,4865.8000,4868.0000,4868.8000,4869.0000,4869.2000,4869.4000,1,1,4,2,1,5,7,1,1,2
SF,IC2002,2020-02-03 09:31:22.900,4867.2000,67335,-9,4532573760.000,12,1,11,多平,S,4867.2000,4867.0000,4866.4000,4866.0000,4865.8000,4868.8000,4869.0000,4869.2000,4869.4000,4870.0000,16,14,4,2,1,6,1,1,2,6
SF,IC2002,2020-02-03 09:31:23.400,4868.8000,67335,0,4538416240.000,6,3,3,多换,S,4868.0000,4867.4000,4867.2000,4867.0000,4866.4000,4868.8000,4869.0000,4869.2000,4869.4000,4870.0000,2,5,16,14,4,3,1,1,2,6
SF,IC2002,2020-02-03 09:31:23.900,4869.0000,67324,-11,4556915480.000,19,4,15,多平,S,4868.8000,4867.4000,4867.2000,4867.0000,4866.4000,4869.2000,4869.4000,4870.0000,4870.4000,4870.8000,5,3,16,14,4,1,2,6,1,15
SF,IC2002,2020-02-03 09:31:24.400,4869.0000,67321,-3,4565679440.000,9,3,6,多平,S,4868.8000,4868.0000,4867.8000,4867.4000,4867.2000,4869.0000,4869.2000,4869.4000,4870.0000,4870.4000,5,2,1,3,16,1,1,2,6,1
SF,IC2002,2020-02-03 09:31:24.900,4869.4000,67317,-4,4573469960.000,8,2,6,多平,S,4868.8000,4868.0000,4867.8000,4867.4000,4867.2000,4870.0000,4870.4000,4870.8000,4871.0000,4872.2000,3,2,1,3,16,6,1,15,1,1
SF,IC2002,2020-02-03 09:31:25.400,4869.4000,67308,-9,4587102200.000,14,2,12,多平,S,4868.8000,4867.4000,4867.2000,4867.0000,4866.4000,4869.8000,4870.0000,4870.4000,4871.0000,4872.2000,2,2,17,14,4,1,6,1,1,1
SF,IC2002,2020-02-03 09:31:25.900,4869.0000,67304,-4,4595866880.000,9,2,7,多平,S,4869.2000,4867.4000,4867.2000,4867.0000,4866.4000,4869.6000,4870.0000,4870.4000,4871.0000,4872.2000,5,2,18,14,4,1,12,1,1,1
SF,IC2002,2020-02-03 09:31:26.400,4870.0000,67299,-5,4602684640.000,7,1,6,多平,S,4869.6000,4869.2000,4867.4000,4867.2000,4867.0000,4870.0000,4870.4000,4871.0000,4872.2000,4873.4000,1,4,2,18,14,8,1,1,1,1
SF,IC2002,2020-02-03 09:31:26.900,4869.8000,67294,-5,4610476520.000,8,1,7,多平,S,4869.8000,4869.6000,4869.2000,4867.2000,4867.0000,4870.0000,4870.4000,4871.0000,4872.2000,4873.4000,1,3,6,18,14,3,1,1,1,1
SF,IC2002,2020-02-03 09:31:27.400,4870.0000,67289,-5,4615346520.000,5,0,5,双平,S,4870.0000,4869.8000,4869.6000,4869.2000,4867.2000,4870.4000,4871.0000,4872.2000,4873.4000,4873.8000,5,2,2,6,18,1,1,1,1,3
SF,IC2002,2020-02-03 09:31:27.900,4872.2000,67290,1,4619243280.000,4,2,2,空开,S,4870.2000,4870.0000,4869.6000,4869.2000,4867.2000,4872.8000,4873.4000,4873.8000,4874.4000,4874.8000,1,7,2,6,18,1,1,3,1,1
SF,IC2002,2020-02-03 09:31:28.400,4872.4000,67287,-3,4623140000.000,4,0,4,多平,S,4870.4000,4870.0000,4869.6000,4869.2000,4867.2000,4872.6000,4872.8000,4873.4000,4873.8000,4874.4000,10,5,4,6,18,1,1,2,3,1
SF,IC2002,2020-02-03 09:31:28.900,4870.4000,67284,-3,4628986080.000,6,1,5,多平,S,4870.4000,4870.0000,4869.6000,4869.2000,4867.2000,4872.6000,4872.8000,4873.4000,4873.8000,4874.4000,9,6,4,6,18,3,1,2,3,1
SF,IC2002,2020-02-03 09:31:29.400,4872.4000,67284,0,4630935000.000,2,1,1,多换,S,4870.6000,4870.4000,4870.0000,4869.6000,4869.2000,4872.4000,4872.6000,4872.8000,4873.4000,4873.8000,1,9,6,4,6,4,4,1,1,3
SF,IC2002,2020-02-03 09:31:29.900,4873.4000,67276,-8,4641654600.000,11,1,10,多平,S,4872.4000,4870.8000,4870.6000,4870.4000,4870.0000,4873.8000,4874.4000,4874.8000,4875.0000,4876.0000,4,1,3,8,6,3,1,1,2,4
SF,IC2002,2020-02-03 09:31:30.400,4872.6000,67273,-3,4645553400.000,4,0,4,多平,S,4872.6000,4872.4000,4870.6000,4870.4000,4870.0000,4874.4000,4874.8000,4875.0000,4876.0000,4877.2000,3,4,2,7,5,1,1,2,4,1
SF,IC2002,2020-02-03 09:31:30.900,4872.8000,67269,-4,4650426960.000,5,0,5,多平,S,4874.4000,4872.8000,4872.6000,4872.4000,4870.6000,4875.0000,4876.0000,4877.2000,4878.0000,4878.8000,2,2,4,4,1,2,4,1,2,1
SF,IC2002,2020-02-03 09:31:31.400,4872.6000,67267,-2,4664072280.000,14,6,8,多平,S,4872.4000,4870.6000,4870.4000,4870.0000,4869.6000,4872.6000,4874.6000,4875.0000,4876.0000,4877.2000,5,2,7,6,4,6,2,2,4,1
SF,IC2002,2020-02-03 09:31:31.900,4872.4000,67262,-5,4675766320.000,12,3,9,多平,S,4873.6000,4870.6000,4870.4000,4870.0000,4869.6000,4875.0000,4876.0000,4877.2000,4878.0000,4878.8000,2,2,7,4,4,2,4,1,2,1
SF,IC2002,2020-02-03 09:31:32.400,4874.8000,67257,-5,4686488200.000,11,3,8,多平,S,4872.6000,4872.4000,4872.0000,4870.4000,4870.0000,4874.8000,4875.0000,4875.2000,4876.0000,4877.2000,1,2,1,7,4,2,3,1,4,1
SF,IC2002,2020-02-03 09:31:32.900,4874.6000,67253,-4,4697209520.000,11,3,8,多平,S,4872.8000,4872.0000,4870.4000,4870.0000,4869.6000,4874.6000,4874.8000,4875.0000,4876.0000,4877.2000,1,1,7,4,5,1,2,3,4,1
SF,IC2002,2020-02-03 09:31:33.400,4874.6000,67244,-9,4709882400.000,13,2,11,多平,S,4874.6000,4873.0000,4872.6000,4872.0000,4870.4000,4874.8000,4875.0000,4876.0000,4877.2000,4878.0000,2,1,14,1,7,2,3,4,1,2
SF,IC2002,2020-02-03 09:31:33.900,4875.0000,67228,-16,4726456240.000,17,0,17,空平,B,4874.8000,4873.0000,4872.8000,4872.6000,4872.4000,4875.0000,4876.0000,4877.2000,4878.0000,4878.2000,1,1,3,14,1,2,4,1,2,1
SF,IC2002,2020-02-03 09:31:34.400,4876.0000,67226,-2,4731331360.000,5,1,4,空平,B,4873.0000,4872.8000,4872.6000,4872.4000,4872.0000,4876.0000,4877.2000,4878.0000,4878.2000,4878.6000,3,3,14,1,1,3,1,2,1,2
SF,IC2002,2020-02-03 09:31:34.900,4876.0000,67223,-3,4738156360.000,7,2,5,空平,B,4875.0000,4873.4000,4873.2000,4873.0000,4872.8000,4877.2000,4878.0000,4878.2000,4878.6000,4878.8000,1,1,2,3,3,1,2,1,2,1
SF,IC2002,2020-02-03 09:31:35.400,4875.0000,67218,-5,4744007040.000,6,0,6,空平,B,4873.6000,4873.4000,4873.2000,4873.0000,4872.8000,4874.8000,4877.0000,4877.2000,4878.0000,4878.2000,1,1,1,3,3,7,4,4,2,1
SF,IC2002,2020-02-03 09:31:35.900,4874.8000,67213,-5,4750830800.000,7,1,6,空平,B,4873.0000,4872.8000,4872.6000,4872.4000,4872.0000,4874.8000,4875.0000,4876.0000,4877.0000,4877.2000,6,3,24,1,1,3,1,1,5,3
SF,IC2002,2020-02-03 09:31:36.400,4874.8000,67213,0,4760580680.000,10,5,5,空换,B,4874.8000,4873.6000,4873.2000,4873.0000,4872.8000,4877.0000,4877.2000,4878.0000,4878.2000,4878.6000,6,1,2,7,3,4,3,2,1,2
SF,IC2002,2020-02-03 09:31:36.900,4876.8000,67212,-1,4761556040.000,1,0,1,双平,B,4875.0000,4874.8000,4873.6000,4873.0000,4872.8000,4877.0000,4877.2000,4878.0000,4878.2000,4878.6000,1,6,1,7,3,3,3,1,1,2
SF,IC2002,2020-02-03 09:31:37.400,4876.0000,67211,-1,4763506600.000,2,0,2,空平,B,4876.2000,4875.0000,4874.8000,4873.6000,4873.0000,4877.0000,4877.2000,4878.0000,4878.2000,4878.6000,1,4,7,1,7,4,2,1,1,2
SF,IC2002,2020-02-03 09:31:37.900,4876.0000,67208,-3,4770333000.000,7,2,5,空平,B,4875.0000,4874.8000,4873.6000,4873.0000,4872.8000,4877.0000,4877.2000,4878.0000,4878.2000,4878.6000,1,17,2,7,3,4,2,1,1,2
SF,IC2002,2020-02-03 09:31:38.400,4877.0000,67200,-8,4783988560.000,14,3,11,空平,B,4877.0000,4875.2000,4875.0000,4874.8000,4873.6000,4877.2000,4878.0000,4878.2000,4878.6000,4878.8000,2,1,4,17,2,2,1,1,2,1
SF,IC2002,2020-02-03 09:31:38.900,4877.0000,67193,-7,4796669760.000,13,3,10,空平,B,4875.2000,4875.0000,4874.8000,4873.6000,4873.0000,4876.2000,4878.6000,4878.8000,4879.6000,4880.6000,1,4,17,3,7,6,1,1,1,1
SF,IC2002,2020-02-03 09:31:39.400,4876.4000,67187,-6,4807398800.000,11,2,9,空平,B,4876.4000,4876.2000,4875.4000,4875.2000,4875.0000,4877.0000,4879.6000,4880.6000,4880.8000,4882.0000,2,2,4,4,1,1,1,1,1,1
SF,IC2002,2020-02-03 09:31:39.900,4877.0000,67186,-1,4816180920.000,9,4,5,空平,B,4878.0000,4877.6000,4877.0000,4876.4000,4876.2000,4882.0000,4882.8000,4884.2000,4885.6000,4886.8000,1,1,7,1,3,1,2,1,1,1
SF,IC2002,2020-02-03 09:31:40.400,4878.2000,67179,-7,4824962400.000,9,1,8,空平,B,4878.2000,4878.0000,4877.6000,4877.0000,4876.4000,4881.6000,4881.8000,4882.0000,4882.8000,4884.2000,5,3,1,7,1,2,1,1,2,1
SF,IC2002,2020-02-03 09:31:40.900,4881.8000,67174,-5,4840577520.000,16,5,11,空平,B,4881.6000,4881.2000,4878.4000,4878.2000,4878.0000,4882.0000,4882.8000,4884.2000,4885.6000,4886.8000,6,1,1,5,1,1,2,1,1,1
SF,IC2002,2020-02-03 09:31:41.400,4878.2000,67172,-2,4849363000.000,9,3,6,空平,B,4878.2000,4878.0000,4877.2000,4877.0000,4876.2000,4881.2000,4881.4000,4881.6000,4881.8000,4882.0000,4,1,1,7,4,1,8,7,3,1
SF,IC2002,2020-02-03 09:31:41.900,4878.4000,67172,0,4857169840.000,8,4,4,空换,B,4878.2000,4878.0000,4877.2000,4877.0000,4876.2000,4881.0000,4881.4000,4881.6000,4881.8000,4882.0000,4,1,2,7,4,2,7,3,2,1
SF,IC2002,2020-02-03 09:31:42.400,4880.8000,67172,0,4863025680.000,6,3,3,空换,B,4878.4000,4878.2000,4878.0000,4877.2000,4877.0000,4881.0000,4881.4000,4881.6000,4881.8000,4882.0000,2,4,1,2,7,3,7,3,2,1
SF,IC2002,2020-02-03 09:31:42.900,4881.4000,67172,0,4878644720.000,16,8,8,空换,B,4881.0000,4878.6000,4878.4000,4878.2000,4878.0000,4881.4000,4881.6000,4881.8000,4882.0000,4882.6000,16,1,2,3,1,5,3,2,1,1
SF,IC2002,2020-02-03 09:31:43.400,4881.6000,67156,-16,4895240680.000,17,0,17,空平,B,4881.4000,4881.0000,4878.6000,4878.4000,4878.2000,4881.6000,4881.8000,4882.0000,4882.8000,4884.2000,3,6,1,2,3,2,2,1,2,1
SF,IC2002,2020-02-03 09:31:43.900,4882.0000,67145,-11,4907930360.000,13,1,12,空平,B,4878.2000,4878.0000,4877.2000,4877.0000,4876.2000,4882.2000,4882.8000,4884.2000,4885.6000,4886.8000,3,1,2,9,4,1,2,1,1,1
SF,IC2002,2020-02-03 09:31:44.400,4882.8000,67144,-1,4916717120.000,9,4,5,空平,B,4882.2000,4881.4000,4881.0000,4878.8000,4878.4000,4882.8000,4884.2000,4885.6000,4886.8000,4887.4000,4,5,3,1,10,1,1,1,1,1
SF,IC2002,2020-02-03 09:31:44.900,4882.4000,67145,1,4925505840.000,9,5,4,多开,B,4882.4000,4882.2000,4881.6000,4881.4000,4881.0000,4884.2000,4885.6000,4886.8000,4887.4000,4888.0000,2,6,2,5,3,1,1,1,1,3
SF,IC2002,2020-02-03 09:31:45.400,4883.0000,67145,0,4927459280.000,2,1,1,空换,B,4884.8000,4884.2000,4883.6000,4883.0000,4882.6000,4885.6000,4886.8000,4887.4000,4888.0000,4888.8000,1,3,1,1,5,1,1,1,3,11
SF,IC2002,2020-02-03 09:31:45.900,4885.6000,67145,0,4933320640.000,6,3,3,空换,B,4885.6000,4885.2000,4883.0000,4882.8000,4882.6000,4886.8000,4887.4000,4888.0000,4888.8000,4889.2000,1,1,1,2,5,1,1,3,11,1
SF,IC2002,2020-02-03 09:31:46.400,4886.8000,67140,-5,4941138880.000,8,1,7,空平,B,4885.6000,4885.2000,4885.0000,4884.2000,4884.0000,4886.8000,4887.4000,4888.0000,4888.8000,4889.2000,1,1,1,1,7,1,1,3,11,1
SF,IC2002,2020-02-03 09:31:46.900,4886.2000,67134,-6,4948958280.000,8,1,7,空平,B,4885.8000,4885.6000,4885.2000,4885.0000,4884.2000,4888.8000,4889.2000,4890.0000,4890.4000,4892.0000,1,3,2,1,1,11,1,2,1,1
SF,IC2002,2020-02-03 09:31:47.400,4886.0000,67133,-1,4950913240.000,2,0,2,空平,B,4886.8000,4886.0000,4885.8000,4885.6000,4885.2000,4888.6000,4888.8000,4889.2000,4890.0000,4890.4000,11,2,4,2,2,1,10,1,2,1
SF,IC2002,2020-02-03 09:31:47.900,4888.0000,67133,0,4956778360.000,6,3,3,空换,B,4887.0000,4886.8000,4886.2000,4886.0000,4885.8000,4888.8000,4889.2000,4890.0000,4890.4000,4892.0000,3,12,1,1,1,9,1,2,1,1
SF,IC2002,2020-02-03 09:31:48.400,4888.8000,67126,-7,4972419720.000,16,4,12,空平,B,4887.2000,4887.0000,4886.8000,4886.2000,4886.0000,4888.8000,4889.2000,4890.0000,4890.4000,4892.0000,3,3,12,1,1,2,1,2,1,1
SF,IC2002,2020-02-03 09:31:48.900,4888.8000,67119,-7,4980240400.000,8,0,8,空平,B,4888.8000,4888.6000,4888.0000,4887.4000,4887.2000,4889.2000,4890.0000,4890.4000,4892.0000,4892.2000,1,3,2,4,2,1,2,1,1,1
SF,IC2002,2020-02-03 09:31:49.400,4890.0000,67117,-2,4984152040.000,4,1,3,空平,B,4888.8000,4888.6000,4888.0000,4887.4000,4887.2000,4890.4000,4892.0000,4892.2000,4892.8000,4893.6000,1,3,2,3,2,1,1,1,1,1
SF,IC2002,2020-02-03 09:31:49.900,4890.4000,67116,-1,4987086280.000,3,1,2,空平,B,4890.4000,4889.0000,4888.8000,4888.6000,4887.2000,4892.0000,4892.2000,4892.8000,4893.6000,4894.0000,2,3,6,3,2,1,1,1,1,10
SF,IC2002,2020-02-03 09:31:50.400,4891.8000,67115,-1,4990998880.000,4,1,3,空平,B,4890.6000,4890.4000,4889.2000,4889.0000,4888.8000,4891.6000,4891.8000,4892.0000,4892.2000,4892.8000,3,3,1,1,15,1,1,1,1,1
SF,IC2002,2020-02-03 09:31:50.900,4891.6000,67112,-3,4995890400.000,5,1,4,空平,B,4891.6000,4890.6000,4890.4000,4889.2000,4889.0000,4892.0000,4892.2000,4892.8000,4893.6000,4894.0000,1,2,6,1,1,1,1,1,1,10
SF,IC2002,2020-02-03 09:31:51.400,4892.2000,67100,-12,5015453720.000,20,4,16,空平,B,4892.0000,4890.4000,4888.8000,4888.6000,4887.0000,4892.8000,4893.6000,4894.0000,4895.0000,4896.6000,15,2,14,3,4,1,1,10,4,1
SF,IC2002,2020-02-03 09:31:51.900,4892.8000,67094,-6,5023281600.000,8,1,7,空平,B,4892.0000,4891.6000,4890.6000,4890.4000,4888.8000,4893.4000,4893.6000,4894.0000,4895.0000,4896.6000,14,5,5,2,14,1,1,10,4,1
SF,IC2002,2020-02-03 09:31:52.400,4892.8000,67093,-1,5024260160.000,1,0,1,双平,B,4892.8000,4892.2000,4892.0000,4891.6000,4890.6000,4893.4000,4893.6000,4894.0000,4895.0000,4896.6000,1,2,14,8,5,1,1,10,4,1
SF,IC2002,2020-02-03 09:31:52.900,4893.4000,67093,0,5035023760.000,11,5,6,空换,B,4892.8000,4892.0000,4891.6000,4890.6000,4890.4000,4893.6000,4894.0000,4895.0000,4896.6000,4897.0000,2,23,8,5,3,1,10,4,1,1
SF,IC2002,2020-02-03 09:31:53.400,4893.6000,67090,-3,5037959840.000,3,0,3,双平,B,4892.8000,4892.4000,4892.0000,4891.6000,4890.6000,4893.4000,4893.8000,4894.0000,4895.0000,4896.6000,5,7,23,8,5,6,1,10,4,1
SF,IC2002,2020-02-03 09:31:53.900,4892.8000,67091,1,5049703880.000,12,6,6,多开,B,4893.0000,4892.8000,4892.4000,4892.0000,4891.6000,4893.2000,4894.0000,4895.0000,4896.6000,4897.0000,1,4,7,24,8,1,10,5,1,1
SF,IC2002,2020-02-03 09:31:54.400,4894.0000,67090,-1,5051661320.000,2,0,2,空平,B,4893.6000,4893.4000,4893.2000,4893.0000,4892.8000,4894.0000,4895.0000,4896.6000,4897.0000,4898.0000,2,6,6,1,4,9,5,1,1,17
SF,IC2002,2020-02-03 09:31:54.900,4894.2000,67085,-5,5068301400.000,17,6,11,空平,B,4894.2000,4893.8000,4893.6000,4893.4000,4893.2000,4895.0000,4896.6000,4897.0000,4898.0000,4898.8000,2,1,2,5,3,3,1,1,17,1
SF,IC2002,2020-02-03 09:31:55.400,4895.0000,67081,-4,5074174840.000,6,1,5,空平,B,4894.2000,4894.0000,4893.6000,4893.4000,4893.2000,4895.0000,4896.6000,4897.0000,4898.0000,4898.8000,2,2,2,5,3,2,1,1,17,1
SF,IC2002,2020-02-03 09:31:55.900,4893.6000,67076,-5,5083963440.000,10,2,8,空平,B,4895.2000,4895.0000,4894.8000,4893.6000,4893.4000,4896.6000,4897.0000,4898.0000,4898.8000,4899.0000,3,1,1,1,5,1,1,17,1,4
SF,IC2002,2020-02-03 09:31:56.400,4896.4000,67077,1,5085921440.000,2,1,1,多开,B,4895.2000,4895.0000,4894.8000,4893.6000,4893.4000,4896.4000,4896.6000,4897.0000,4897.2000,4898.0000,2,2,1,2,5,1,3,1,1,17
SF,IC2002,2020-02-03 09:31:56.900,4895.0000,67080,3,5093753760.000,8,5,3,多开,B,4895.4000,4895.0000,4894.2000,4893.6000,4893.4000,4895.8000,4896.4000,4896.6000,4897.0000,4897.2000,1,7,1,4,6,1,1,2,1,1
SF,IC2002,2020-02-03 09:31:57.400,4895.4000,67077,-3,5099628400.000,6,1,5,空平,B,4895.2000,4895.0000,4894.2000,4893.6000,4893.4000,4895.4000,4896.6000,4897.0000,4897.2000,4898.0000,4,6,1,4,6,1,2,1,1,17
SF,IC2002,2020-02-03 09:31:57.900,4895.0000,67066,-11,5119210960.000,20,4,16,空平,B,4895.0000,4894.2000,4893.6000,4893.4000,4893.2000,4896.6000,4897.0000,4897.2000,4898.0000,4898.8000,3,1,2,6,2,2,1,1,17,1
SF,IC2002,2020-02-03 09:31:58.400,4895.0000,67066,0,5119210960.000,0,-,-,-,-,4896.0000,4895.0000,4894.2000,4893.6000,4893.4000,4896.4000,4896.6000,4897.0000,4897.2000,4898.0000,5,3,1,1,6,4,2,1,1,17
SF,IC2002,2020-02-03 09:31:58.900,4895.8000,67066,0,5125085760.000,6,3,3,空换,B,4895.4000,4895.0000,4894.2000,4893.6000,4893.4000,4895.8000,4896.4000,4896.6000,4897.0000,4897.2000,2,5,1,1,6,1,4,2,1,1
SF,IC2002,2020-02-03 09:31:59.400,4895.8000,67065,-1,5132918880.000,8,3,5,空平,B,4895.4000,4895.0000,4894.2000,4893.6000,4893.4000,4895.8000,4896.4000,4896.6000,4897.0000,4898.0000,1,5,1,1,6,3,4,1,1,17
SF,IC2002,2020-02-03 09:31:59.900,4896.4000,67063,-2,5144668800.000,12,5,7,空平,B,4896.4000,4896.0000,4895.2000,4895.0000,4894.2000,4896.6000,4897.0000,4898.0000,4898.8000,4899.0000,3,1,3,5,1,1,1,17,2,5
SF,IC2002,2020-02-03 09:32:00.400,4896.4000,67060,-3,5148585960.000,4,0,4,空平,B,4895.8000,4895.2000,4895.0000,4894.2000,4893.6000,4896.4000,4897.0000,4898.0000,4898.8000,4899.0000,5,3,5,1,1,1,1,17,2,5
SF,IC2002,2020-02-03 09:32:00.900,4896.2000,67056,-4,5165231800.000,17,6,11,空平,B,4896.4000,4895.8000,4895.2000,4895.0000,4894.2000,4896.6000,4896.8000,4897.0000,4898.0000,4898.6000,1,1,3,3,1,1,1,1,17,2
SF,IC2002,2020-02-03 09:32:01.400,4895.8000,67050,-6,5177962080.000,13,3,10,空平,B,4895.8000,4895.2000,4895.0000,4894.2000,4893.6000,4896.2000,4896.6000,4896.8000,4897.0000,4898.0000,4,8,3,1,1,1,2,1,1,17
SF,IC2002,2020-02-03 09:32:01.900,4895.6000,67041,-9,5193628760.000,16,3,13,空平,B,4895.2000,4895.0000,4894.2000,4893.6000,4893.4000,4895.8000,4896.0000,4896.4000,4896.6000,4896.8000,7,3,1,1,6,4,2,1,2,1
SF,IC2002,2020-02-03 09:32:02.400,4894.2000,67031,-10,5207334880.000,14,2,12,空平,B,4893.6000,4893.4000,4893.2000,4892.8000,4892.4000,4893.8000,4895.2000,4895.4000,4895.6000,4895.8000,1,6,2,4,7,1,2,7,1,4
SF,IC2002,2020-02-03 09:32:02.900,4893.6000,67019,-12,5224950520.000,18,3,15,空平,B,4892.4000,4892.0000,4891.6000,4890.6000,4890.4000,4893.6000,4893.8000,4895.2000,4895.4000,4895.6000,6,11,5,5,3,8,1,3,7,1
SF,IC2002,2020-02-03 09:32:03.400,4892.0000,67009,-10,5237670840.000,13,1,12,空平,B,4892.0000,4891.6000,4890.6000,4890.4000,4890.0000,4892.4000,4893.2000,4893.4000,4893.6000,4893.8000,8,5,5,3,5,1,3,6,8,1
SF,IC2002,2020-02-03 09:32:03.900,4890.6000,67001,-8,5253324520.000,16,4,12,空平,B,4890.6000,4890.4000,4890.0000,4888.8000,4886.8000,4892.0000,4892.4000,4893.4000,4893.6000,4893.8000,4,3,5,12,2,3,2,3,8,1
SF,IC2002,2020-02-03 09:32:04.400,4891.8000,66994,-7,5267019440.000,14,3,11,空平,B,4890.4000,4890.0000,4888.8000,4886.8000,4884.0000,4890.6000,4891.8000,4892.0000,4892.4000,4892.8000,1,5,12,2,7,1,4,4,2,2
SF,IC2002,2020-02-03 09:32:04.900,4890.2000,66984,-10,5289514680.000,23,6,17,空平,B,4888.8000,4886.8000,4884.0000,4882.8000,4881.4000,4892.0000,4892.4000,4892.8000,4893.4000,4893.6000,7,2,7,1,1,4,2,2,2,9
SF,IC2002,2020-02-03 09:32:05.400,4888.8000,66981,-3,5302227560.000,13,5,8,空平,B,4888.8000,4886.8000,4884.0000,4882.8000,4881.4000,4891.6000,4891.8000,4892.0000,4892.4000,4892.8000,1,2,7,1,1,1,2,4,2,6
SF,IC2002,2020-02-03 09:32:05.900,4889.0000,66966,-15,5323750480.000,22,3,19,空平,B,4888.8000,4888.6000,4887.0000,4886.8000,4884.0000,4891.0000,4891.2000,4892.4000,4892.8000,4893.4000,1,1,1,2,7,1,1,2,6,1
SF,IC2002,2020-02-03 09:32:06.400,4889.0000,66963,-3,5330595560.000,7,2,5,空平,B,4889.0000,4888.8000,4888.6000,4887.0000,4886.8000,4890.6000,4892.4000,4892.8000,4893.4000,4893.6000,1,5,2,1,2,1,2,6,1,10
SF,IC2002,2020-02-03 09:32:06.900,4889.0000,66953,-10,5344288320.000,14,2,12,空平,B,4889.0000,4888.8000,4888.6000,4887.0000,4886.8000,4892.8000,4893.4000,4893.6000,4893.8000,4894.6000,4,2,2,1,2,4,1,10,2,1
SF,IC2002,2020-02-03 09:32:07.400,4889.0000,66954,1,5346243920.000,2,1,1,多开,B,4889.2000,4889.0000,4888.8000,4888.6000,4886.8000,4892.6000,4892.8000,4893.4000,4893.6000,4893.8000,1,1,1,2,2,3,4,1,10,2
SF,IC2002,2020-02-03 09:32:07.900,4892.4000,66947,-7,5358958480.000,13,3,10,空平,B,4888.8000,4888.6000,4886.8000,4885.0000,4884.0000,4891.8000,4892.4000,4892.6000,4892.8000,4893.6000,6,2,2,1,7,1,2,3,4,10
SF,IC2002,2020-02-03 09:32:08.400,4891.6000,66943,-4,5365805680.000,7,1,6,空平,B,4888.8000,4888.6000,4886.8000,4885.0000,4884.0000,4891.6000,4891.8000,4892.4000,4892.6000,4892.8000,6,1,2,1,7,7,3,2,2,4
SF,IC2002,2020-02-03 09:32:08.900,4888.8000,66940,-3,5376563360.000,11,4,7,空平,B,4888.8000,4888.6000,4886.8000,4885.0000,4884.0000,4891.4000,4891.6000,4891.8000,4892.4000,4892.6000,2,1,2,1,7,6,7,3,1,2
SF,IC2002,2020-02-03 09:32:09.400,4888.8000,66922,-18,5402971280.000,27,4,23,空平,B,4886.8000,4885.0000,4884.0000,4883.0000,4882.8000,4888.8000,4890.4000,4891.2000,4891.6000,4892.4000,1,1,7,1,1,3,1,1,5,1
SF,IC2002,2020-02-03 09:32:09.900,4888.8000,66913,-9,5411770600.000,9,0,9,双平,B,4888.8000,4887.0000,4886.8000,4885.2000,4885.0000,4890.4000,4891.2000,4891.6000,4892.4000,4892.6000,1,3,5,1,1,2,2,7,1,2
SF,IC2002,2020-02-03 09:32:10.400,4886.8000,66909,-4,5418614040.000,7,1,6,空平,B,4886.8000,4885.2000,4885.0000,4884.0000,4883.0000,4889.8000,4890.4000,4891.2000,4891.6000,4892.4000,2,1,1,7,1,1,2,1,7,1
SF,IC2002,2020-02-03 09:32:10.900,4891.2000,66913,4,5428393720.000,10,7,3,多开,B,4888.8000,4887.2000,4887.0000,4886.8000,4885.2000,4889.6000,4889.8000,4891.6000,4892.4000,4892.6000,1,1,1,1,1,1,1,6,1,2
SF,IC2002,2020-02-03 09:32:11.400,4888.8000,66909,-4,5438172840.000,10,3,7,空平,B,4887.2000,4886.8000,4885.2000,4885.0000,4884.0000,4889.0000,4891.6000,4892.4000,4892.6000,4892.8000,1,1,2,1,7,1,5,1,2,5
SF,IC2002,2020-02-03 09:32:11.900,4889.4000,66902,-7,5447951480.000,10,1,9,空平,B,4887.4000,4887.2000,4886.8000,4885.2000,4885.0000,4891.4000,4891.6000,4892.4000,4892.6000,4892.8000,6,5,1,2,1,1,5,1,2,5
SF,IC2002,2020-02-03 09:32:12.400,4887.6000,66902,0,5460663600.000,13,6,7,空换,B,4887.6000,4887.4000,4887.2000,4886.8000,4885.2000,4891.2000,4891.4000,4891.6000,4892.4000,4892.6000,1,2,9,1,1,1,3,5,1,2
SF,IC2002,2020-02-03 09:32:12.900,4887.6000,66899,-3,5469462040.000,9,3,6,空平,B,4887.6000,4887.4000,4887.2000,4886.8000,4885.2000,4888.8000,4891.0000,4891.2000,4891.4000,4891.6000,3,1,7,2,1,2,3,1,3,5
SF,IC2002,2020-02-03 09:32:13.400,4887.8000,66898,-1,5473372440.000,4,1,3,空平,B,4887.8000,4887.6000,4887.4000,4887.2000,4886.8000,4888.8000,4891.0000,4891.2000,4891.4000,4891.6000,1,2,5,6,2,2,3,3,3,5
SF,IC2002,2020-02-03 09:32:13.900,4887.4000,66894,-4,5478260160.000,5,0,5,空平,B,4887.4000,4887.2000,4886.8000,4885.2000,4885.0000,4888.6000,4888.8000,4891.0000,4891.2000,4891.4000,3,6,2,1,1,5,3,2,3,3
SF,IC2002,2020-02-03 09:32:14.400,4887.2000,66887,-7,5487057920.000,9,1,8,空平,B,4887.2000,4886.8000,4885.2000,4885.0000,4884.0000,4888.4000,4888.6000,4888.8000,4891.0000,4891.2000,3,1,1,1,7,3,5,3,2,3
SF,IC2002,2020-02-03 09:32:14.900,4885.0000,66883,-4,5494876280.000,8,2,6,空平,B,4884.0000,4882.8000,4881.4000,4881.0000,4878.2000,4885.4000,4887.4000,4887.8000,4888.2000,4888.4000,7,1,1,2,1,1,1,1,7,1
SF,IC2002,2020-02-03 09:32:15.400,4884.2000,66883,0,5497807200.000,3,1,2,空换,B,4884.2000,4884.0000,4882.8000,4881.4000,4881.0000,4887.4000,4887.8000,4888.2000,4888.4000,4888.6000,4,8,1,1,2,1,2,3,1,5
SF,IC2002,2020-02-03 09:32:15.900,4886.2000,66881,-2,5503668640.000,6,2,4,空平,B,4884.0000,4882.8000,4881.4000,4881.0000,4878.2000,4887.2000,4887.4000,4887.8000,4888.2000,4888.4000,8,1,1,2,1,1,2,2,2,1
SF,IC2002,2020-02-03 09:32:16.400,4884.0000,66875,-6,5520277720.000,17,5,12,空平,B,4884.2000,4882.8000,4881.4000,4881.0000,4878.2000,4887.2000,4887.4000,4887.8000,4888.2000,4888.4000,1,1,1,2,1,4,1,2,2,1
SF,IC2002,2020-02-03 09:32:16.900,4884.6000,66873,-2,5525163800.000,5,1,4,空平,B,4884.6000,4884.4000,4884.2000,4883.6000,4883.0000,4887.0000,4887.2000,4887.4000,4887.8000,4888.2000,1,1,4,1,1,3,2,1,2,2
SF,IC2002,2020-02-03 09:32:17.400,4884.8000,66870,-3,5529072680.000,4,0,4,空平,B,4884.8000,4884.6000,4884.4000,4884.2000,4883.6000,4887.2000,4887.4000,4887.8000,4888.2000,4888.4000,4,2,2,3,1,2,1,2,2,1
SF,IC2002,2020-02-03 09:32:17.900,4886.8000,66867,-3,5533958400.000,5,1,4,空平,B,4885.0000,4884.8000,4884.6000,4884.4000,4884.2000,4886.8000,4887.0000,4887.2000,4887.4000,4887.8000,1,4,1,2,3,2,1,5,1,2
SF,IC2002,2020-02-03 09:32:18.400,4884.6000,66860,-7,5541774560.000,8,0,8,空平,B,4884.4000,4884.2000,4883.0000,4882.8000,4881.4000,4884.8000,4885.0000,4886.6000,4886.8000,4887.0000,2,3,1,1,1,2,1,2,2,2
SF,IC2002,2020-02-03 09:32:18.900,4885.0000,66854,-6,5550568360.000,9,1,8,空平,B,4885.0000,4884.8000,4884.2000,4882.8000,4881.4000,4886.8000,4887.0000,4887.2000,4887.4000,4887.8000,2,2,3,1,1,1,2,5,1,2
SF,IC2002,2020-02-03 09:32:19.400,4887.0000,66835,-19,5570115360.000,20,0,20,空平,B,4885.4000,4885.2000,4884.8000,4884.6000,4884.2000,4886.8000,4887.2000,4887.4000,4887.8000,4888.2000,1,1,2,1,3,1,1,1,2,2
SF,IC2002,2020-02-03 09:32:19.900,4885.6000,66834,-1,5575001520.000,5,2,3,空平,B,4885.4000,4885.2000,4885.0000,4884.8000,4884.6000,4886.6000,4886.8000,4887.0000,4887.2000,4887.4000,4,1,1,2,1,2,7,2,1,1
SF,IC2002,2020-02-03 09:32:20.400,4884.6000,66820,-14,5592590600.000,18,2,16,空平,B,4884.2000,4882.8000,4881.4000,4881.0000,4878.2000,4884.4000,4886.8000,4887.0000,4887.2000,4887.4000,3,1,1,2,1,12,2,3,1,1
SF,IC2002,2020-02-03 09:32:20.900,4884.8000,66807,-13,5609197560.000,17,2,15,空平,B,4884.2000,4882.8000,4881.4000,4881.0000,4878.2000,4885.4000,4886.8000,4887.0000,4887.2000,4887.4000,2,1,1,2,1,1,2,3,2,1
SF,IC2002,2020-02-03 09:32:21.400,4885.6000,66805,-2,5614083360.000,5,1,4,空平,B,4885.6000,4884.4000,4884.2000,4882.8000,4881.4000,4886.8000,4887.0000,4887.2000,4887.4000,4887.8000,1,2,2,1,1,1,3,2,1,22
SF,IC2002,2020-02-03 09:32:21.900,4884.4000,66803,-2,5619946000.000,6,2,4,空平,B,4884.2000,4882.8000,4881.4000,4881.0000,4878.2000,4884.6000,4885.4000,4885.6000,4886.8000,4887.0000,1,1,1,2,1,1,1,21,2,3
SF,IC2002,2020-02-03 09:32:22.400,4884.2000,66800,-3,5624830760.000,5,1,4,空平,B,4882.8000,4881.4000,4881.0000,4878.2000,4878.0000,4884.2000,4884.6000,4885.6000,4886.0000,4886.8000,1,1,2,1,2,1,2,21,1,2
SF,IC2002,2020-02-03 09:32:22.900,4884.6000,66797,-3,5628738200.000,4,0,4,空平,B,4883.4000,4883.0000,4882.8000,4881.4000,4881.0000,4884.0000,4884.6000,4885.0000,4885.6000,4886.0000,1,2,2,1,2,2,1,5,21,1
SF,IC2002,2020-02-03 09:32:23.400,4884.0000,66794,-3,5633622320.000,5,1,4,空平,B,4883.6000,4883.2000,4882.8000,4881.4000,4881.0000,4884.2000,4884.6000,4885.0000,4885.6000,4886.0000,2,1,2,1,2,2,1,6,22,1
SF,IC2002,2020-02-03 09:32:23.900,4884.2000,66790,-4,5638506520.000,5,0,5,空平,B,4883.8000,4883.6000,4883.2000,4882.8000,4881.4000,4884.6000,4885.0000,4885.6000,4886.0000,4886.8000,1,1,1,2,1,1,6,22,1,1
SF,IC2002,2020-02-03 09:32:24.400,4884.2000,66788,-2,5640460200.000,2,0,2,双平,B,4884.2000,4884.0000,4883.8000,4883.6000,4883.2000,4884.6000,4885.0000,4885.6000,4886.0000,4886.8000,1,1,1,2,1,2,6,22,1,1
SF,IC2002,2020-02-03 09:32:24.900,4884.4000,66784,-4,5646321600.000,6,1,5,空平,B,4884.6000,4884.2000,4884.0000,4883.8000,4883.6000,4885.0000,4885.6000,4886.0000,4886.8000,4887.0000,1,1,2,1,1,6,21,1,1,3
SF,IC2002,2020-02-03 09:32:25.400,4884.8000,66782,-2,5650229520.000,4,1,3,空平,B,4884.8000,4884.6000,4884.4000,4884.2000,4884.0000,4885.0000,4885.6000,4886.0000,4886.8000,4887.0000,1,1,1,2,1,6,21,1,1,3
SF,IC2002,2020-02-03 09:32:25.900,4885.0000,66770,-12,5662930520.000,13,0,13,空平,B,4885.2000,4885.0000,4884.6000,4884.4000,4884.2000,4885.6000,4886.0000,4886.8000,4887.0000,4887.2000,5,2,1,1,2,21,1,1,3,2
SF,IC2002,2020-02-03 09:32:26.400,4885.6000,66755,-15,5684426760.000,22,3,19,空平,B,4885.2000,4885.0000,4884.6000,4884.4000,4884.2000,4885.6000,4886.0000,4886.8000,4887.0000,4887.2000,1,3,1,1,6,4,1,1,3,2
SF,IC2002,2020-02-03 09:32:26.900,4885.6000,66751,-4,5688335240.000,4,0,4,双平,B,4885.8000,4885.4000,4885.2000,4885.0000,4884.6000,4886.0000,4886.8000,4887.0000,4887.2000,4887.4000,2,1,1,8,1,1,1,3,2,1
SF,IC2002,2020-02-03 09:32:27.400,4886.8000,66748,-3,5693221360.000,5,1,4,空平,B,4886.0000,4885.6000,4885.4000,4885.2000,4885.0000,4887.0000,4887.2000,4887.4000,4887.8000,4888.0000,3,1,1,1,8,3,2,1,21,1
SF,IC2002,2020-02-03 09:32:27.900,4887.0000,66746,-2,5697130720.000,4,1,3,空平,B,4886.0000,4885.6000,4885.4000,4885.2000,4885.0000,4887.0000,4887.2000,4887.4000,4887.8000,4888.0000,3,5,1,1,8,1,2,1,21,1
SF,IC2002,2020-02-03 09:32:28.400,4887.0000,66746,0,5698108120.000,1,0,1,空换,B,4886.6000,4886.2000,4886.0000,4885.6000,4885.0000,4886.8000,4887.2000,4887.4000,4887.8000,4888.0000,1,2,2,4,8,1,2,1,21,1
SF,IC2002,2020-02-03 09:32:28.900,4887.8000,66748,2,5719613800.000,22,12,10,多开,B,4886.4000,4886.2000,4886.0000,4885.6000,4885.0000,4886.8000,4887.8000,4888.0000,4888.6000,4889.0000,1,2,2,4,8,2,3,1,2,1
SF,IC2002,2020-02-03 09:32:29.400,4886.6000,66745,-3,5733297040.000,14,5,9,空平,B,4886.8000,4886.6000,4886.4000,4886.2000,4886.0000,4887.8000,4888.0000,4888.6000,4889.0000,4890.0000,1,1,1,2,1,3,1,2,1,1
SF,IC2002,2020-02-03 09:32:29.900,4886.8000,66744,-1,5734274400.000,1,0,1,双平,B,4887.2000,4887.0000,4886.6000,4886.4000,4886.2000,4887.6000,4887.8000,4888.0000,4888.6000,4889.0000,1,2,1,2,1,2,3,1,2,1
SF,IC2002,2020-02-03 09:32:30.400,4887.6000,66738,-6,5741116120.000,7,0,7,空平,B,4886.4000,4886.2000,4886.0000,4885.6000,4885.0000,4887.6000,4887.8000,4888.0000,4888.6000,4889.0000,2,1,1,5,9,4,3,2,2,1
SF,IC2002,2020-02-03 09:32:30.900,4886.6000,66737,-1,5742093440.000,1,0,1,双平,B,4886.6000,4886.4000,4886.2000,4886.0000,4885.6000,4887.0000,4887.6000,4887.8000,4888.0000,4888.6000,2,4,1,1,5,1,3,3,2,2
SF,IC2002,2020-02-03 09:32:31.400,4887.0000,66736,-1,5744048240.000,2,0,2,空平,B,4886.8000,4886.6000,4886.4000,4886.0000,4885.6000,4887.0000,4887.4000,4887.6000,4887.8000,4888.0000,2,2,3,1,5,1,1,1,3,2
SF,IC2002,2020-02-03 09:32:31.900,4886.6000,66729,-7,5750889320.000,7,0,7,双平,B,4885.6000,4885.0000,4884.6000,4884.4000,4884.2000,4886.6000,4887.0000,4887.4000,4887.6000,4887.8000,3,11,20,1,6,1,1,1,2,3
SF,IC2002,2020-02-03 09:32:32.400,4886.8000,66726,-3,5753821320.000,3,0,3,双平,B,4885.8000,4885.6000,4885.0000,4884.6000,4884.2000,4887.4000,4887.6000,4887.8000,4888.0000,4888.6000,2,2,17,20,6,1,2,3,2,2
SF,IC2002,2020-02-03 09:32:32.900,4886.0000,66723,-3,5756752920.000,3,0,3,双平,B,4886.0000,4885.8000,4885.6000,4885.2000,4885.0000,4886.6000,4886.8000,4887.4000,4887.6000,4887.8000,1,2,2,1,17,1,1,1,3,3
SF,IC2002,2020-02-03 09:32:33.400,4885.8000,66719,-4,5762616200.000,6,1,5,空平,B,4885.6000,4885.2000,4885.0000,4884.6000,4884.2000,4885.8000,4886.4000,4886.6000,4886.8000,4887.4000,1,1,17,20,6,2,5,1,1,1
SF,IC2002,2020-02-03 09:32:33.900,4885.8000,66717,-2,5764570520.000,2,0,2,双平,B,4885.8000,4885.6000,4885.0000,4884.6000,4884.2000,4886.4000,4886.6000,4886.8000,4887.4000,4887.6000,2,1,17,20,6,5,1,1,1,3
SF,IC2002,2020-02-03 09:32:34.400,4886.4000,66711,-6,5773365440.000,9,1,8,空平,B,4885.0000,4884.6000,4884.2000,4883.8000,4882.8000,4886.4000,4886.6000,4886.8000,4887.4000,4887.6000,17,20,6,1,1,3,1,1,1,3
SF,IC2002,2020-02-03 09:32:34.900,4886.4000,66710,-1,5774342720.000,1,0,1,双平,B,4885.2000,4885.0000,4884.6000,4884.2000,4883.8000,4885.8000,4886.2000,4886.4000,4886.6000,4886.8000,1,17,20,6,1,4,5,3,1,1
SF,IC2002,2020-02-03 09:32:35.400,4885.6000,66707,-3,5779228040.000,5,1,4,空平,B,4885.0000,4884.6000,4884.2000,4883.8000,4882.8000,4885.6000,4885.8000,4886.2000,4886.4000,4886.6000,16,20,6,1,1,3,5,1,3,2
SF,IC2002,2020-02-03 09:32:35.900,4885.6000,66703,-4,5785090400.000,6,1,5,空平,B,4885.2000,4885.0000,4884.6000,4884.2000,4883.8000,4885.6000,4885.8000,4886.2000,4886.4000,4886.6000,1,14,20,6,1,2,5,1,3,2
SF,IC2002,2020-02-03 09:32:36.400,4885.4000,66698,-5,5792906800.000,8,1,7,空平,B,4885.0000,4884.6000,4884.2000,4883.8000,4882.8000,4885.4000,4885.8000,4886.2000,4886.4000,4886.6000,7,20,6,1,1,5,5,1,3,2
SF,IC2002,2020-02-03 09:32:36.900,4884.6000,66692,-6,5803653840.000,11,2,9,空平,B,4884.6000,4884.2000,4883.8000,4882.8000,4881.4000,4885.4000,4885.8000,4886.2000,4886.4000,4886.6000,19,6,1,1,1,4,5,1,3,2
SF,IC2002,2020-02-03 09:32:37.400,4885.4000,66686,-6,5812447200.000,9,1,8,空平,B,4885.2000,4884.8000,4884.6000,4884.4000,4884.2000,4885.4000,4885.8000,4886.2000,4886.4000,4886.6000,1,1,19,1,6,7,5,1,3,2
SF,IC2002,2020-02-03 09:32:37.900,4885.4000,66680,-6,5819286360.000,7,0,7,空平,B,4885.2000,4884.6000,4884.4000,4884.2000,4883.8000,4885.4000,4885.8000,4886.4000,4886.6000,4886.8000,1,18,1,6,1,5,5,3,2,1
SF,IC2002,2020-02-03 09:32:38.400,4885.8000,66674,-6,5825148840.000,6,0,6,双平,B,4884.6000,4884.4000,4884.2000,4883.8000,4882.8000,4885.8000,4886.0000,4886.4000,4886.6000,4886.8000,18,1,7,1,1,3,1,3,2,1
SF,IC2002,2020-02-03 09:32:38.900,4885.2000,66668,-6,5831010880.000,6,0,6,双平,B,4885.0000,4884.8000,4884.6000,4884.4000,4884.2000,4885.2000,4885.6000,4885.8000,4886.0000,4886.6000,1,3,18,1,7,2,5,3,1,2
SF,IC2002,2020-02-03 09:32:39.400,4885.6000,66658,-10,5854458280.000,24,7,17,空平,B,4884.6000,4884.4000,4884.2000,4883.8000,4882.8000,4885.6000,4885.8000,4886.0000,4886.6000,4886.8000,5,1,7,1,1,1,3,1,2,1
SF,IC2002,2020-02-03 09:32:39.900,4885.4000,66654,-4,5861297320.000,7,1,6,空平,B,4884.6000,4884.4000,4884.2000,4882.8000,4881.4000,4885.2000,4885.4000,4885.6000,4885.8000,4886.0000,2,1,7,1,1,1,1,2,3,3
SF,IC2002,2020-02-03 09:32:40.400,4884.6000,66652,-2,5866182160.000,5,1,4,空平,B,4884.4000,4884.2000,4882.8000,4881.4000,4881.0000,4884.6000,4885.0000,4885.4000,4885.6000,4885.8000,1,7,1,1,3,3,3,1,2,3
SF,IC2002,2020-02-03 09:32:40.900,4885.0000,66640,-12,5879858600.000,14,1,13,空平,B,4884.2000,4882.8000,4881.4000,4881.0000,4880.4000,4885.0000,4885.4000,4885.6000,4885.8000,4886.0000,2,1,1,3,1,1,1,2,3,3
SF,IC2002,2020-02-03 09:32:41.400,4884.2000,66636,-4,5884742800.000,5,0,5,空平,B,4882.8000,4881.4000,4881.0000,4880.4000,4880.2000,4884.6000,4884.8000,4885.0000,4885.4000,4885.6000,1,1,3,1,1,1,2,3,1,2
SF,IC2002,2020-02-03 09:32:41.900,4884.4000,66636,0,5891580480.000,7,3,4,空换,B,4881.4000,4881.0000,4880.4000,4880.2000,4878.2000,4882.4000,4884.6000,4884.8000,4885.0000,4885.4000,1,3,1,1,1,1,3,2,1,1
SF,IC2002,2020-02-03 09:32:42.400,4881.0000,66630,-6,5899391160.000,8,1,7,空平,B,4881.0000,4880.4000,4880.2000,4878.2000,4878.0000,4882.2000,4883.2000,4884.4000,4884.6000,4884.8000,1,1,1,1,2,2,2,1,5,2
SF,IC2002,2020-02-03 09:32:42.900,4881.4000,66623,-7,5911108200.000,12,2,10,空平,B,4880.4000,4880.2000,4878.2000,4878.0000,4877.2000,4884.4000,4884.6000,4884.8000,4885.0000,4885.6000,1,1,1,2,1,2,5,2,6,2
SF,IC2002,2020-02-03 09:32:43.400,4881.4000,66620,-3,5915014440.000,4,0,4,空平,B,4881.0000,4880.4000,4880.2000,4878.2000,4878.0000,4884.2000,4884.4000,4884.6000,4884.8000,4885.0000,1,1,1,1,2,2,3,5,2,6
SF,IC2002,2020-02-03 09:32:43.900,4881.0000,66620,0,5916966840.000,2,1,1,空换,B,4880.4000,4880.2000,4878.2000,4878.0000,4877.2000,4881.0000,4881.4000,4882.2000,4883.2000,4884.0000,1,1,1,2,1,4,4,1,1,2
SF,IC2002,2020-02-03 09:32:44.400,4884.4000,66618,-2,5933566480.000,17,7,10,空平,B,4881.0000,4880.4000,4880.2000,4878.2000,4878.0000,4884.6000,4884.8000,4885.0000,4885.6000,4885.8000,1,1,1,1,2,5,2,6,1,3
SF,IC2002,2020-02-03 09:32:44.900,4881.0000,66602,-16,5953091240.000,20,2,18,空平,B,4880.4000,4880.2000,4878.2000,4878.0000,4877.2000,4881.0000,4884.6000,4884.8000,4885.0000,4885.6000,1,1,1,2,1,2,5,2,7,1
SF,IC2002,2020-02-03 09:32:45.400,4880.6000,66594,-8,5963829200.000,11,1,10,空平,B,4880.6000,4880.4000,4880.2000,4878.2000,4878.0000,4881.0000,4884.6000,4884.8000,4885.0000,4885.6000,3,1,1,1,2,16,5,2,7,1
SF,IC2002,2020-02-03 09:32:45.900,4880.4000,66592,-2,5969684760.000,6,2,4,空平,B,4878.0000,4877.2000,4874.8000,4873.8000,4873.6000,4880.4000,4880.6000,4881.0000,4882.2000,4884.6000,1,1,6,1,11,4,7,16,1,6
SF,IC2002,2020-02-03 09:32:46.400,4878.2000,66591,-1,5973587680.000,4,1,3,空平,B,4878.2000,4878.0000,4877.2000,4874.8000,4873.8000,4880.0000,4880.2000,4880.4000,4880.6000,4881.0000,2,2,1,6,1,1,2,25,5,16
SF,IC2002,2020-02-03 09:32:46.900,4879.8000,66590,-1,5974563640.000,1,0,1,双平,B,4879.4000,4878.4000,4878.0000,4877.2000,4874.8000,4879.8000,4880.0000,4880.2000,4880.4000,4880.6000,1,2,1,1,6,5,3,1,25,6
SF,IC2002,2020-02-03 09:32:47.400,4879.4000,66586,-4,5983346200.000,9,2,7,空平,B,4878.0000,4877.2000,4874.8000,4874.2000,4873.8000,4879.2000,4879.4000,4879.6000,4879.8000,4880.0000,1,1,6,1,1,2,3,2,2,2
SF,IC2002,2020-02-03 09:32:47.900,4879.0000,66588,2,6005791360.000,23,12,11,多开,B,4879.0000,4874.8000,4874.2000,4873.8000,4873.6000,4879.4000,4880.4000,4880.6000,4881.0000,4882.2000,1,6,1,1,11,10,20,6,16,1
SF,IC2002,2020-02-03 09:32:48.400,4879.4000,66581,-7,6015549880.000,10,1,9,空平,B,4878.8000,4875.0000,4874.8000,4874.2000,4873.8000,4879.4000,4880.4000,4880.6000,4881.0000,4882.2000,1,2,6,1,1,5,20,6,16,1
SF,IC2002,2020-02-03 09:32:48.900,4878.8000,66565,-16,6032141280.000,17,0,17,空平,B,4878.4000,4875.0000,4874.8000,4874.2000,4873.8000,4879.4000,4879.8000,4880.4000,4880.6000,4881.0000,1,2,6,1,1,20,2,11,6,16
SF,IC2002,2020-02-03 09:32:49.400,4878.4000,66563,-2,6037995640.000,6,2,4,空平,B,4875.0000,4874.8000,4874.2000,4873.8000,4873.6000,4879.4000,4879.8000,4880.4000,4880.6000,4881.0000,2,6,1,1,11,20,2,11,6,16
SF,IC2002,2020-02-03 09:32:49.900,4875.2000,66562,-1,6044825560.000,7,3,4,空平,B,4875.2000,4875.0000,4874.8000,4874.2000,4873.8000,4878.8000,4879.2000,4879.4000,4879.8000,4880.4000,3,2,6,1,1,4,1,20,2,11
SF,IC2002,2020-02-03 09:32:50.400,4878.6000,66559,-3,6047752040.000,3,0,3,双平,B,4876.2000,4875.8000,4875.4000,4875.2000,4874.8000,4878.4000,4878.8000,4879.2000,4879.4000,4879.8000,1,1,6,2,6,1,4,1,20,2
SF,IC2002,2020-02-03 09:32:50.900,4876.6000,66559,0,6048727360.000,1,0,1,空换,B,4876.6000,4876.4000,4876.2000,4875.8000,4875.6000,4877.8000,4878.0000,4878.4000,4878.8000,4879.2000,3,5,1,1,1,1,1,2,6,1
SF,IC2002,2020-02-03 09:32:51.400,4876.8000,66557,-2,6054580800.000,6,2,4,空平,B,4876.8000,4876.6000,4876.4000,4876.2000,4875.8000,4878.4000,4878.8000,4879.2000,4879.4000,4879.8000,4,1,2,5,1,2,6,1,20,2
SF,IC2002,2020-02-03 09:32:51.900,4877.0000,66553,-4,6062384240.000,8,2,6,空平,B,4877.0000,4876.8000,4876.6000,4876.2000,4875.8000,4878.4000,4878.8000,4879.2000,4879.4000,4879.8000,5,4,1,5,1,2,6,1,20,2
SF,IC2002,2020-02-03 09:32:52.400,4877.0000,66551,-2,6066285840.000,4,1,3,空平,B,4877.2000,4877.0000,4876.8000,4876.6000,4876.2000,4878.2000,4878.4000,4878.8000,4879.2000,4879.4000,1,2,3,1,5,1,2,6,1,20
SF,IC2002,2020-02-03 09:32:52.900,4877.0000,66550,-1,6069212040.000,3,1,2,空平,B,4876.8000,4876.6000,4876.2000,4875.6000,4874.8000,4877.2000,4878.4000,4878.8000,4879.2000,4879.4000,2,1,5,1,6,2,3,6,1,20
SF,IC2002,2020-02-03 09:32:53.400,4877.2000,66546,-4,6075064400.000,6,1,5,空平,B,4876.2000,4875.6000,4874.8000,4874.2000,4873.8000,4876.6000,4877.0000,4878.4000,4878.8000,4879.2000,5,1,6,1,1,2,2,3,6,1
SF,IC2002,2020-02-03 09:32:53.900,4877.0000,66541,-5,6082866680.000,8,1,7,空平,B,4876.2000,4875.6000,4875.4000,4874.8000,4874.2000,4877.0000,4877.2000,4878.4000,4878.8000,4879.2000,1,1,1,6,1,1,1,4,6,1
SF,IC2002,2020-02-03 09:32:54.400,4876.2000,66540,-1,6090668840.000,8,3,5,空平,B,4876.6000,4874.8000,4874.2000,4873.8000,4873.6000,4876.8000,4877.0000,4878.4000,4878.8000,4879.2000,1,5,1,1,11,1,1,3,6,1
SF,IC2002,2020-02-03 09:32:54.900,4876.6000,66535,-5,6098471520.000,8,1,7,空平,B,4876.8000,4874.8000,4874.2000,4873.6000,4873.0000,4877.0000,4878.4000,4878.8000,4879.2000,4879.4000,6,5,1,11,1,1,3,6,1,20
SF,IC2002,2020-02-03 09:32:55.400,4876.8000,66524,-11,6112126880.000,14,1,13,空平,B,4874.8000,4874.2000,4873.6000,4873.0000,4872.2000,4876.6000,4878.4000,4878.8000,4879.4000,4879.8000,5,1,11,1,1,18,3,6,20,2
SF,IC2002,2020-02-03 09:32:55.900,4875.0000,66522,-2,6114076880.000,2,0,2,双平,B,4874.8000,4874.2000,4873.6000,4873.0000,4872.2000,4876.4000,4876.6000,4877.0000,4877.2000,4878.4000,6,1,11,1,1,1,18,2,1,3
SF,IC2002,2020-02-03 09:32:56.400,4876.2000,66521,-1,6116027080.000,2,0,2,空平,B,4874.8000,4874.2000,4873.6000,4873.0000,4872.2000,4876.2000,4876.4000,4876.6000,4877.0000,4877.2000,5,1,11,1,1,1,3,18,2,1
SF,IC2002,2020-02-03 09:32:56.900,4874.8000,66522,1,6117002040.000,1,1,0,双开,B,4874.8000,4874.2000,4873.6000,4873.0000,4872.2000,4876.0000,4876.2000,4876.4000,4876.6000,4877.0000,5,1,11,1,1,1,1,4,18,2
SF,IC2002,2020-02-03 09:32:57.400,4874.8000,66522,0,6118951960.000,2,1,1,空换,B,4874.8000,4874.2000,4873.6000,4873.0000,4872.2000,4875.8000,4876.0000,4876.2000,4876.4000,4876.6000,3,1,11,1,1,2,1,1,2,18
SF,IC2002,2020-02-03 09:32:57.900,4875.6000,66522,0,6119927080.000,1,0,1,空换,B,4875.0000,4874.8000,4874.2000,4873.6000,4872.2000,4875.8000,4876.0000,4876.2000,4876.4000,4876.6000,1,8,1,11,1,2,1,2,1,18
SF,IC2002,2020-02-03 09:32:58.400,4875.0000,66521,-1,6120902080.000,1,0,1,双平,B,4874.8000,4874.6000,4874.2000,4873.6000,4872.2000,4875.6000,4875.8000,4876.0000,4876.2000,4876.6000,8,1,1,11,1,1,2,1,2,18
SF,IC2002,2020-02-03 09:32:58.900,4874.8000,66521,0,6122852040.000,2,1,1,空换,B,4874.8000,4874.6000,4874.2000,4874.0000,4873.6000,4875.4000,4875.6000,4875.8000,4876.2000,4876.6000,7,1,1,1,11,2,21,3,2,18
SF,IC2002,2020-02-03 09:32:59.400,4874.8000,66515,-6,6130651760.000,8,1,7,空平,B,4874.6000,4874.2000,4874.0000,4873.6000,4872.2000,4874.8000,4875.0000,4875.2000,4875.4000,4875.6000,1,1,1,11,1,1,1,1,2,21
SF,IC2002,2020-02-03 09:32:59.900,4874.6000,66511,-4,6135526240.000,5,0,5,空平,B,4874.0000,4873.6000,4872.2000,4870.0000,4869.8000,4874.6000,4874.8000,4875.2000,4875.6000,4875.8000,1,11,1,2,1,2,3,1,21,3
SF,IC2002,2020-02-03 09:33:00.400,4874.6000,66510,-1,6140400640.000,5,2,3,空平,B,4874.2000,4874.0000,4873.6000,4872.2000,4870.0000,4874.6000,4874.8000,4875.2000,4875.6000,4875.8000,1,1,11,1,2,4,2,1,21,3
SF,IC2002,2020-02-03 09:33:00.900,4873.8000,66509,-1,6144299760.000,4,1,3,空平,B,4873.6000,4872.2000,4870.0000,4869.8000,4867.2000,4874.0000,4874.2000,4874.6000,4874.8000,4875.2000,10,1,2,1,2,4,2,3,2,1
SF,IC2002,2020-02-03 09:33:01.400,4873.8000,66503,-6,6155022200.000,11,2,9,空平,B,4873.6000,4872.2000,4870.0000,4869.8000,4867.2000,4874.0000,4874.2000,4874.6000,4874.8000,4875.2000,8,1,2,1,2,3,2,3,2,1
SF,IC2002,2020-02-03 09:33:01.900,4874.0000,66502,-1,6161845560.000,7,3,4,空平,B,4873.6000,4872.2000,4870.0000,4869.8000,4867.2000,4873.8000,4874.0000,4874.2000,4874.6000,4874.8000,6,1,3,1,2,1,2,2,3,2
SF,IC2002,2020-02-03 09:33:02.400,4872.2000,66499,-3,6169642760.000,8,2,6,空平,B,4870.0000,4869.8000,4867.2000,4866.0000,4864.6000,4872.2000,4874.0000,4874.2000,4874.6000,4874.8000,3,1,2,14,1,2,2,4,3,2
SF,IC2002,2020-02-03 09:33:02.900,4872.0000,66498,-1,6171591600.000,2,0,2,空平,B,4871.6000,4871.4000,4870.2000,4870.0000,4869.8000,4873.4000,4873.6000,4874.0000,4874.2000,4874.6000,1,1,6,3,1,1,1,2,4,3
SF,IC2002,2020-02-03 09:33:03.400,4873.2000,66498,0,6173540560.000,2,1,1,空换,B,4871.8000,4871.4000,4870.2000,4870.0000,4869.8000,4873.2000,4873.4000,4873.6000,4874.0000,4874.2000,1,1,4,3,1,7,1,2,2,4
SF,IC2002,2020-02-03 09:33:03.900,4870.0000,66491,-7,6181333040.000,8,0,8,空平,B,4869.8000,4869.6000,4867.2000,4866.0000,4864.6000,4871.4000,4871.6000,4872.6000,4872.8000,4873.0000,1,1,2,14,1,1,1,1,1,5
SF,IC2002,2020-02-03 09:33:04.400,4869.0000,66488,-3,6190096680.000,9,3,6,空平,B,4866.0000,4864.6000,4864.0000,4861.0000,4860.8000,4869.0000,4871.2000,4871.4000,4871.6000,4873.0000,14,1,10,3,3,3,2,1,2,1
SF,IC2002,2020-02-03 09:33:04.900,4869.0000,66483,-5,6201779240.000,12,3,9,空平,B,4866.2000,4866.0000,4864.6000,4864.0000,4861.0000,4869.0000,4871.2000,4871.6000,4873.0000,4873.2000,2,14,1,10,3,5,2,3,1,2
SF,IC2002,2020-02-03 09:33:05.400,4866.4000,66480,-3,6205673080.000,4,0,4,空平,B,4867.2000,4866.4000,4866.2000,4866.0000,4864.6000,4868.4000,4869.0000,4871.2000,4871.6000,4873.0000,1,2,2,15,1,2,5,2,3,1
SF,IC2002,2020-02-03 09:33:05.900,4867.6000,66475,-5,6212486960.000,7,1,6,空平,B,4866.6000,4866.2000,4866.0000,4864.6000,4864.0000,4868.2000,4868.4000,4869.0000,4870.0000,4871.2000,1,1,15,1,10,4,3,5,20,2
SF,IC2002,2020-02-03 09:33:06.400,4866.6000,66473,-2,6214433920.000,2,0,2,双平,B,4866.0000,4864.6000,4864.0000,4861.0000,4860.8000,4866.6000,4867.2000,4868.0000,4868.2000,4868.4000,15,1,10,3,3,10,2,2,1,3
SF,IC2002,2020-02-03 09:33:06.900,4866.0000,66467,-6,6227086280.000,13,3,10,空平,B,4866.0000,4864.6000,4864.0000,4861.0000,4860.8000,4866.4000,4866.6000,4868.0000,4868.2000,4868.4000,11,1,10,3,3,1,5,2,1,3
SF,IC2002,2020-02-03 09:33:07.400,4866.6000,66453,-14,6240711400.000,14,0,14,双平,B,4864.6000,4864.0000,4861.0000,4860.8000,4860.6000,4865.6000,4866.0000,4866.2000,4866.6000,4868.0000,1,10,3,3,1,2,4,1,3,2
SF,IC2002,2020-02-03 09:33:07.900,4864.0000,66450,-3,6246549160.000,6,1,5,空平,B,4864.0000,4861.0000,4860.8000,4860.6000,4860.2000,4864.6000,4865.4000,4865.6000,4866.0000,4866.2000,8,3,3,1,51,1,3,2,5,1
SF,IC2002,2020-02-03 09:33:08.400,4864.0000,66439,-11,6257249960.000,11,0,11,双平,B,4861.0000,4860.8000,4860.6000,4860.2000,4860.0000,4864.6000,4865.2000,4865.4000,4865.6000,4866.0000,3,3,1,51,11,2,1,3,2,6
SF,IC2002,2020-02-03 09:33:08.900,4861.2000,66429,-10,6267945120.000,11,0,11,空平,B,4862.4000,4861.6000,4861.2000,4861.0000,4860.8000,4863.6000,4864.4000,4864.6000,4865.2000,4865.6000,1,3,4,3,3,2,4,2,1,2
SF,IC2002,2020-02-03 09:33:09.400,4862.6000,66422,-7,6277671680.000,10,1,9,空平,B,4862.6000,4862.4000,4861.8000,4861.2000,4861.0000,4864.2000,4864.4000,4864.6000,4865.6000,4866.0000,1,1,1,3,3,1,2,2,2,8
SF,IC2002,2020-02-03 09:33:09.900,4862.8000,66422,0,6281562240.000,4,2,2,空换,B,4863.2000,4863.0000,4862.8000,4862.6000,4862.0000,4864.0000,4864.2000,4864.4000,4864.6000,4865.6000,1,1,1,1,1,1,1,2,2,2
SF,IC2002,2020-02-03 09:33:10.400,4862.6000,66413,-9,6291288840.000,10,0,10,空平,B,4862.0000,4861.8000,4861.2000,4861.0000,4860.8000,4864.4000,4864.6000,4865.6000,4866.0000,4866.2000,1,1,2,3,3,1,2,2,5,1
SF,IC2002,2020-02-03 09:33:10.900,4864.2000,66413,0,6292261680.000,1,0,1,空换,B,4862.8000,4862.6000,4862.4000,4862.2000,4862.0000,4864.4000,4864.6000,4865.6000,4866.0000,4866.2000,1,3,2,5,1,1,2,2,5,1
SF,IC2002,2020-02-03 09:33:11.400,4864.4000,66409,-4,6297126200.000,5,0,5,空平,B,4864.4000,4864.2000,4863.8000,4863.2000,4863.0000,4865.6000,4866.0000,4866.2000,4866.6000,4867.2000,2,1,2,1,1,2,5,1,6,2
SF,IC2002,2020-02-03 09:33:11.900,4864.6000,66406,-3,6303937680.000,7,2,5,空平,B,4864.6000,4864.4000,4864.2000,4863.8000,4863.2000,4866.0000,4866.2000,4866.6000,4867.2000,4869.0000,2,4,1,1,1,4,1,6,1,1
SF,IC2002,2020-02-03 09:33:12.400,4865.8000,66390,-16,6328262280.000,25,4,21,空平,B,4865.4000,4864.8000,4864.6000,4864.4000,4864.2000,4866.0000,4866.2000,4866.6000,4867.2000,4869.0000,1,2,2,6,1,2,1,6,1,1
SF,IC2002,2020-02-03 09:33:12.900,4867.2000,66378,-12,6341887800.000,14,1,13,空平,B,4865.8000,4865.4000,4864.8000,4864.6000,4864.4000,4869.0000,4871.2000,4871.6000,4873.4000,4873.6000,1,2,1,2,6,1,1,1,1,2
SF,IC2002,2020-02-03 09:33:13.400,4864.8000,66372,-6,6360379280.000,19,6,13,空平,B,4864.6000,4864.4000,4864.2000,4863.8000,4863.2000,4867.2000,4869.0000,4871.0000,4871.2000,4871.6000,2,7,1,1,1,20,1,2,1,1
SF,IC2002,2020-02-03 09:33:13.900,4866.0000,66368,-4,6366219040.000,6,1,5,空平,B,4865.4000,4865.0000,4864.6000,4864.4000,4864.2000,4867.0000,4867.2000,4869.0000,4871.0000,4871.2000,1,2,2,7,1,2,20,1,2,1
SF,IC2002,2020-02-03 09:33:14.400,4867.0000,66367,-1,6371085640.000,5,2,3,空平,B,4865.4000,4864.4000,4864.2000,4863.8000,4863.2000,4867.2000,4869.0000,4871.0000,4871.2000,4871.6000,1,7,1,1,1,20,1,2,1,1
SF,IC2002,2020-02-03 09:33:14.900,4865.6000,66367,0,6373031880.000,2,1,1,空换,B,4865.4000,4864.4000,4864.2000,4863.8000,4863.2000,4867.0000,4867.2000,4869.0000,4871.0000,4871.2000,1,7,1,1,1,1,20,1,2,1
SF,IC2002,2020-02-03 09:33:15.400,4865.4000,66363,-4,6377897280.000,5,0,5,空平,B,4864.4000,4864.2000,4863.8000,4863.2000,4862.2000,4866.8000,4867.0000,4867.2000,4869.0000,4871.0000,7,1,1,1,1,1,4,20,1,2
SF,IC2002,2020-02-03 09:33:15.900,4866.0000,66360,-3,6384709080.000,7,2,5,空平,B,4864.6000,4864.4000,4864.2000,4863.8000,4863.2000,4866.6000,4866.8000,4867.0000,4867.2000,4869.0000,5,4,1,1,1,1,4,1,20,1
SF,IC2002,2020-02-03 09:33:16.400,4866.4000,66360,0,6392493800.000,8,4,4,空换,B,4864.8000,4864.4000,4864.2000,4863.8000,4863.2000,4865.6000,4866.6000,4866.8000,4867.2000,4869.0000,5,1,1,1,1,18,1,3,20,1
SF,IC2002,2020-02-03 09:33:16.900,4864.8000,66364,4,6403197360.000,11,7,4,多开,B,4864.8000,4864.4000,4864.2000,4863.8000,4863.2000,4865.0000,4865.4000,4865.6000,4866.6000,4867.2000,2,1,2,1,1,7,3,17,1,20
SF,IC2002,2020-02-03 09:33:17.400,4864.2000,66360,-4,6408061960.000,5,0,5,空平,B,4864.2000,4863.8000,4863.2000,4862.2000,4861.0000,4864.6000,4864.8000,4865.0000,4865.4000,4865.6000,1,1,1,1,3,2,3,7,4,17
SF,IC2002,2020-02-03 09:33:17.900,4863.8000,66359,-1,6410980400.000,3,1,2,空平,B,4863.2000,4862.2000,4861.0000,4860.8000,4860.6000,4864.0000,4864.2000,4864.4000,4864.6000,4864.8000,1,1,3,3,11,1,1,1,2,3
SF,IC2002,2020-02-03 09:33:18.400,4863.6000,66354,-5,6418761800.000,8,1,7,空平,B,4863.4000,4862.2000,4861.0000,4860.8000,4860.6000,4864.4000,4864.6000,4864.8000,4865.0000,4865.4000,1,1,3,3,11,1,2,4,7,6
SF,IC2002,2020-02-03 09:33:18.900,4863.6000,66351,-3,6421679960.000,3,0,3,双平,B,4862.2000,4861.0000,4860.8000,4860.6000,4860.2000,4863.4000,4864.0000,4864.4000,4864.6000,4864.8000,1,3,3,11,51,6,1,4,2,4
SF,IC2002,2020-02-03 09:33:19.400,4863.4000,66348,-3,6424598000.000,3,0,3,双平,B,4863.2000,4863.0000,4862.2000,4861.0000,4860.8000,4863.4000,4864.0000,4864.4000,4864.6000,4864.8000,1,1,2,3,3,4,1,1,3,4
SF,IC2002,2020-02-03 09:33:19.900,4863.6000,66342,-6,6435297560.000,11,2,9,空平,B,4863.0000,4862.2000,4861.0000,4860.8000,4860.6000,4863.2000,4863.6000,4864.0000,4864.4000,4864.6000,1,3,3,3,11,1,17,1,1,3
SF,IC2002,2020-02-03 09:33:20.400,4863.6000,66340,-2,6440160960.000,5,1,4,空平,B,4863.2000,4863.0000,4862.2000,4861.0000,4860.8000,4863.6000,4864.4000,4864.6000,4864.8000,4865.4000,1,2,2,3,3,15,1,2,3,6
SF,IC2002,2020-02-03 09:33:20.900,4863.2000,66336,-4,6450860160.000,11,3,8,空平,B,4862.2000,4861.0000,4860.8000,4860.6000,4860.2000,4863.2000,4863.6000,4864.4000,4864.6000,4864.8000,1,3,3,11,51,10,11,1,2,3
SF,IC2002,2020-02-03 09:33:21.400,4863.2000,66334,-2,6454750280.000,4,1,3,空平,B,4862.4000,4862.2000,4861.0000,4860.8000,4860.6000,4863.2000,4863.6000,4864.6000,4864.8000,4865.4000,1,3,3,3,11,9,11,2,3,6
SF,IC2002,2020-02-03 09:33:21.900,4860.8000,66334,0,6467391000.000,13,6,7,空换,B,4862.4000,4860.8000,4860.6000,4860.2000,4860.0000,4863.0000,4863.2000,4863.6000,4864.6000,4864.8000,1,1,11,51,11,2,7,11,3,3
SF,IC2002,2020-02-03 09:33:22.400,4862.4000,66329,-5,6474198800.000,7,1,6,空平,B,4860.8000,4860.6000,4860.2000,4860.0000,4859.0000,4862.4000,4863.0000,4863.2000,4863.6000,4864.6000,1,11,51,11,2,1,1,6,11,3
SF,IC2002,2020-02-03 09:33:22.900,4862.4000,66329,0,6480033800.000,6,3,3,空换,B,4862.4000,4861.0000,4860.8000,4860.6000,4860.2000,4863.2000,4863.6000,4864.6000,4864.8000,4865.4000,2,1,3,11,51,7,11,3,3,5
SF,IC2002,2020-02-03 09:33:23.400,4863.0000,66323,-6,6491702440.000,12,3,9,空平,B,4862.4000,4860.6000,4860.2000,4860.0000,4859.0000,4863.2000,4863.6000,4864.6000,4864.8000,4865.4000,2,8,51,10,2,4,11,3,1,5
SF,IC2002,2020-02-03 09:33:23.900,4862.4000,66305,-18,6509207760.000,18,0,18,双平,B,4861.8000,4860.6000,4860.2000,4860.0000,4859.0000,4862.4000,4863.2000,4863.6000,4864.6000,4864.8000,1,8,51,10,2,5,2,11,3,1
SF,IC2002,2020-02-03 09:33:24.400,4862.4000,66295,-10,6521849920.000,13,1,12,空平,B,4862.4000,4862.2000,4860.6000,4860.2000,4860.0000,4863.2000,4863.6000,4864.6000,4864.8000,4865.4000,7,1,8,51,10,1,11,3,1,5
SF,IC2002,2020-02-03 09:33:24.900,4862.4000,66290,-5,6529630080.000,8,1,7,空平,B,4862.4000,4862.2000,4860.6000,4860.2000,4860.0000,4863.6000,4864.6000,4864.8000,4865.4000,4865.6000,8,1,8,51,10,11,3,1,5,17
SF,IC2002,2020-02-03 09:33:25.400,4862.4000,66280,-10,6539355160.000,10,0,10,双平,B,4862.8000,4862.4000,4862.2000,4860.6000,4860.2000,4863.6000,4864.6000,4864.8000,4865.4000,4865.6000,1,1,1,8,51,10,3,1,5,17
SF,IC2002,2020-02-03 09:33:25.900,4863.2000,66280,0,6541300480.000,2,1,1,空换,B,4863.2000,4863.0000,4862.8000,4862.2000,4860.6000,4863.6000,4864.6000,4864.8000,4865.4000,4865.6000,2,1,1,1,8,10,3,1,5,17
SF,IC2002,2020-02-03 09:33:26.400,4863.2000,66249,-31,6582146480.000,42,5,37,空平,B,4863.0000,4862.0000,4861.4000,4860.2000,4860.0000,4864.6000,4864.8000,4865.4000,4865.6000,4866.6000,1,4,8,40,10,3,1,5,17,1
SF,IC2002,2020-02-03 09:33:26.900,4864.6000,66245,-4,6590902360.000,9,2,7,空平,B,4863.8000,4863.4000,4863.2000,4863.0000,4862.0000,4864.4000,4864.8000,4865.4000,4865.6000,4866.6000,2,1,1,2,4,1,1,5,17,1
SF,IC2002,2020-02-03 09:33:27.400,4864.0000,66245,0,6592848120.000,2,1,1,空换,B,4864.6000,4864.4000,4863.8000,4863.6000,4863.4000,4865.4000,4865.6000,4867.2000,4871.0000,4871.6000,2,1,1,1,1,5,17,20,2,1
SF,IC2002,2020-02-03 09:33:27.900,4865.6000,66239,-6,6598686640.000,6,0,6,双平,B,4865.2000,4864.6000,4864.4000,4864.2000,4864.0000,4865.4000,4865.6000,4867.2000,4871.0000,4871.6000,2,3,1,1,1,1,16,20,2,1
SF,IC2002,2020-02-03 09:33:28.400,4865.4000,66223,-16,6615229480.000,17,0,17,空平,B,4865.4000,4865.2000,4865.0000,4864.6000,4864.4000,4865.6000,4871.0000,4871.6000,4873.0000,4874.2000,2,9,1,1,1,4,2,1,4,1
SF,IC2002,2020-02-03 09:33:28.900,4865.6000,66219,-4,6619121960.000,4,0,4,双平,B,4870.0000,4868.4000,4866.2000,4865.8000,4865.6000,4871.0000,4871.6000,4873.0000,4874.2000,4875.6000,1,1,2,1,11,2,1,4,1,1
SF,IC2002,2020-02-03 09:33:29.400,4869.4000,66214,-5,6624965520.000,6,0,6,空平,B,4865.8000,4865.6000,4865.4000,4865.2000,4865.0000,4869.4000,4869.6000,4869.8000,4870.0000,4870.8000,1,9,3,7,1,1,2,5,8,2
SF,IC2002,2020-02-03 09:33:29.900,4870.0000,66218,4,6636652560.000,12,8,4,多开,B,4869.0000,4867.8000,4867.6000,4866.8000,4866.6000,4870.0000,4870.8000,4871.6000,4873.0000,4874.2000,1,2,1,2,1,2,1,1,4,1
SF,IC2002,2020-02-03 09:33:30.400,4869.6000,66223,5,6646391160.000,10,7,3,多开,B,4869.0000,4868.0000,4867.6000,4866.8000,4866.6000,4870.0000,4871.6000,4873.0000,4874.2000,4875.6000,1,2,1,2,1,2,1,4,1,1
SF,IC2002,2020-02-03 09:33:30.900,4870.0000,66220,-3,6650286960.000,4,0,4,空平,B,4868.0000,4867.6000,4866.8000,4866.6000,4866.0000,4869.0000,4870.8000,4871.6000,4873.0000,4874.2000,2,1,2,2,2,5,1,1,4,1
SF,IC2002,2020-02-03 09:33:31.400,4869.0000,66221,1,6651260760.000,1,1,0,双开,B,4868.2000,4868.0000,4867.6000,4866.6000,4866.0000,4869.0000,4871.6000,4873.0000,4874.2000,4875.6000,1,2,1,2,1,4,1,4,1,1
SF,IC2002,2020-02-03 09:33:31.900,4869.0000,66219,-2,6655155800.000,4,1,3,空平,B,4868.4000,4868.2000,4868.0000,4866.0000,4865.8000,4869.0000,4871.6000,4873.0000,4874.2000,4875.6000,4,1,2,1,2,2,1,4,1,1
SF,IC2002,2020-02-03 09:33:32.400,4869.0000,66220,1,6660024640.000,5,3,2,多开,B,4869.4000,4869.0000,4868.6000,4868.4000,4868.2000,4871.6000,4873.0000,4874.2000,4875.6000,4875.8000,2,1,2,4,1,1,4,1,1,1
SF,IC2002,2020-02-03 09:33:32.900,4869.0000,66218,-2,6671710240.000,12,5,7,空平,B,4868.4000,4865.8000,4865.6000,4865.4000,4865.2000,4869.0000,4869.8000,4870.2000,4871.2000,4871.6000,4,2,1,2,7,30,2,2,4,3
SF,IC2002,2020-02-03 09:33:33.400,4868.4000,66206,-12,6685341760.000,14,1,13,空平,B,4865.8000,4865.6000,4865.4000,4865.2000,4864.8000,4868.4000,4868.6000,4868.8000,4869.0000,4869.4000,2,1,2,7,1,4,2,2,30,1
SF,IC2002,2020-02-03 09:33:33.900,4868.4000,66207,1,6689236480.000,4,2,2,多开,B,4866.0000,4865.8000,4865.6000,4865.4000,4865.2000,4868.2000,4868.4000,4869.4000,4871.6000,4873.0000,3,1,1,3,7,11,1,1,2,4
SF,IC2002,2020-02-03 09:33:34.400,4868.0000,66207,0,6691183680.000,2,1,1,空换,B,4866.2000,4866.0000,4865.8000,4865.6000,4865.4000,4868.2000,4868.4000,4869.4000,4871.6000,4873.0000,2,4,1,1,2,6,1,1,1,4
SF,IC2002,2020-02-03 09:33:34.900,4866.2000,66207,0,6697023160.000,6,3,3,空换,B,4866.0000,4865.8000,4865.6000,4865.4000,4865.2000,4866.2000,4868.2000,4868.4000,4869.4000,4871.6000,2,1,1,2,7,6,6,1,1,1
SF,IC2002,2020-02-03 09:33:35.400,4866.2000,66208,1,6705782240.000,9,5,4,多开,B,4865.8000,4865.6000,4865.4000,4865.2000,4864.8000,4868.2000,4868.4000,4869.4000,4871.6000,4873.0000,1,1,2,1,1,6,1,1,1,4
SF,IC2002,2020-02-03 09:33:35.900,4866.2000,66208,0,6705782240.000,0,-,-,-,-,4865.8000,4865.6000,4865.4000,4865.2000,4864.8000,4868.0000,4868.2000,4868.4000,4869.4000,4870.0000,1,1,2,1,1,3,6,1,1,3
SF,IC2002,2020-02-03 09:33:36.400,4868.0000,66222,14,6755434440.000,51,32,19,多开,B,4866.0000,4865.8000,4865.6000,4865.4000,4864.8000,4867.8000,4868.0000,4868.2000,4868.4000,4869.4000,1,1,1,2,1,4,16,5,1,1
SF,IC2002,2020-02-03 09:33:36.900,4866.0000,66226,4,6764194080.000,9,6,3,多开,B,4865.8000,4865.6000,4865.4000,4864.8000,4864.6000,4866.0000,4867.6000,4867.8000,4868.0000,4868.2000,1,1,2,1,2,3,1,3,16,6
SF,IC2002,2020-02-03 09:33:37.400,4867.8000,66222,-4,6772953000.000,9,2,7,空平,B,4865.4000,4864.8000,4864.6000,4864.4000,4863.6000,4865.8000,4867.8000,4868.0000,4868.2000,4868.4000,1,1,2,1,2,2,1,16,6,1
SF,IC2002,2020-02-03 09:33:37.900,4866.2000,66228,6,6792423280.000,20,13,7,多开,B,4865.8000,4865.4000,4864.8000,4864.6000,4864.4000,4866.2000,4868.0000,4868.2000,4868.4000,4870.0000,1,1,1,2,1,4,1,6,1,8
SF,IC2002,2020-02-03 09:33:38.400,4866.0000,66228,0,6800209040.000,8,4,4,空换,B,4865.4000,4864.8000,4864.6000,4864.4000,4863.6000,4865.8000,4866.0000,4868.0000,4868.2000,4868.4000,1,1,2,1,2,1,1,1,6,1
SF,IC2002,2020-02-03 09:33:38.900,4868.0000,66229,1,6805075240.000,5,3,2,多开,B,4865.4000,4864.8000,4864.6000,4864.4000,4863.6000,4865.8000,4866.2000,4868.2000,4868.4000,4870.0000,1,1,2,1,2,1,4,6,1,8
SF,IC2002,2020-02-03 09:33:39.400,4865.4000,66225,-4,6813833640.000,9,2,7,空平,B,4864.8000,4864.6000,4864.4000,4863.6000,4863.4000,4865.4000,4866.2000,4868.2000,4868.4000,4870.0000,1,2,1,2,20,12,4,1,1,8
SF,IC2002,2020-02-03 09:33:39.900,4864.8000,66222,-3,6818698720.000,5,1,4,空平,B,4864.6000,4864.4000,4863.6000,4863.4000,4863.0000,4864.8000,4865.4000,4866.2000,4868.2000,4868.4000,2,1,2,20,1,1,10,4,1,1
SF,IC2002,2020-02-03 09:33:40.400,4864.8000,66221,-1,6824536520.000,6,2,4,空平,B,4864.4000,4863.6000,4863.4000,4863.0000,4862.0000,4864.6000,4865.4000,4865.8000,4866.2000,4868.2000,1,2,20,1,4,4,9,1,4,1
SF,IC2002,2020-02-03 09:33:40.900,4863.4000,66220,-1,6829400200.000,5,2,3,空平,B,4863.4000,4863.0000,4862.0000,4861.6000,4861.4000,4864.0000,4864.4000,4864.6000,4864.8000,4865.4000,18,1,4,4,8,1,3,3,1,9
SF,IC2002,2020-02-03 09:33:41.400,4864.0000,66221,1,6847881240.000,19,10,9,多开,B,4863.4000,4863.0000,4862.0000,4861.6000,4861.4000,4864.4000,4864.6000,4864.8000,4865.4000,4865.8000,1,1,4,4,8,1,3,1,9,1
SF,IC2002,2020-02-03 09:33:41.900,4862.0000,66220,-1,6849826320.000,2,0,2,空平,B,4862.0000,4861.6000,4861.4000,4861.2000,4860.8000,4863.4000,4863.6000,4863.8000,4864.2000,4864.4000,3,4,8,5,4,3,2,2,1,3
SF,IC2002,2020-02-03 09:33:42.400,4863.2000,66220,0,6855660800.000,6,3,3,空换,B,4861.6000,4861.4000,4861.2000,4860.8000,4860.4000,4863.2000,4863.4000,4864.2000,4864.4000,4864.6000,2,8,5,4,4,4,1,1,2,3
SF,IC2002,2020-02-03 09:33:42.900,4861.2000,66216,-4,6870245920.000,15,5,10,空平,B,4861.2000,4860.8000,4860.4000,4860.0000,4859.6000,4863.2000,4863.4000,4864.2000,4864.4000,4864.6000,4,4,4,14,4,1,2,1,2,3
SF,IC2002,2020-02-03 09:33:43.400,4863.0000,66214,-2,6875107840.000,5,1,4,空平,B,4861.2000,4860.8000,4860.4000,4860.0000,4859.6000,4863.0000,4863.2000,4863.4000,4864.2000,4864.4000,3,4,4,14,4,3,2,2,1,2
SF,IC2002,2020-02-03 09:33:43.900,4861.2000,66214,0,6879969680.000,5,2,3,空换,B,4860.8000,4860.4000,4860.0000,4859.6000,4859.2000,4861.6000,4862.8000,4863.2000,4863.4000,4864.4000,4,4,14,4,4,9,4,2,2,2
SF,IC2002,2020-02-03 09:33:44.400,4861.0000,66213,-1,6880941880.000,1,0,1,双平,B,4861.0000,4860.8000,4860.4000,4860.0000,4859.6000,4861.6000,4862.8000,4863.2000,4863.4000,4864.4000,1,5,4,14,4,9,2,1,1,1
SF,IC2002,2020-02-03 09:33:44.900,4861.6000,66209,-4,6888720120.000,8,2,6,空平,B,4860.8000,4860.4000,4860.0000,4859.6000,4859.2000,4861.6000,4862.8000,4863.2000,4863.4000,4864.6000,4,4,14,4,4,4,2,1,1,3
SF,IC2002,2020-02-03 09:33:45.400,4861.2000,66209,0,6897470200.000,9,4,5,空换,B,4860.8000,4860.4000,4860.0000,4859.6000,4859.2000,4861.6000,4862.8000,4863.4000,4864.6000,4864.8000,1,4,15,4,4,1,1,1,3,1
SF,IC2002,2020-02-03 09:33:45.900,4861.6000,66209,0,6901359240.000,4,2,2,空换,B,4860.8000,4860.4000,4860.0000,4859.6000,4859.2000,4862.8000,4863.4000,4864.6000,4864.8000,4865.0000,1,4,15,4,4,1,1,3,1,4
SF,IC2002,2020-02-03 09:33:46.400,4861.0000,66208,-1,6906220240.000,5,2,3,空平,B,4861.0000,4860.8000,4860.4000,4860.0000,4859.6000,4863.4000,4864.6000,4864.8000,4865.0000,4865.4000,2,1,4,15,4,1,3,1,4,9
SF,IC2002,2020-02-03 09:33:46.900,4861.2000,66210,2,6908165120.000,2,2,0,双开,B,4861.0000,4860.8000,4860.4000,4860.0000,4859.6000,4863.2000,4863.4000,4864.0000,4864.4000,4864.6000,2,1,4,15,4,1,3,1,1,3
SF,IC2002,2020-02-03 09:33:47.400,4861.0000,66211,1,6912054360.000,4,2,2,多开,B,4860.8000,4860.4000,4860.0000,4859.6000,4859.2000,4861.0000,4862.8000,4863.0000,4863.2000,4863.4000,1,4,15,4,4,6,1,1,1,2
SF,IC2002,2020-02-03 09:33:47.900,4862.0000,66206,-5,6925667040.000,14,4,10,空平,B,4860.4000,4860.0000,4859.6000,4859.2000,4859.0000,4861.0000,4863.4000,4864.4000,4864.6000,4864.8000,4,15,4,4,2,1,1,1,3,1
SF,IC2002,2020-02-03 09:33:48.400,4863.4000,66204,-2,6930528520.000,5,1,4,空平,B,4863.4000,4861.6000,4861.0000,4860.4000,4860.0000,4864.4000,4864.6000,4864.8000,4865.0000,4865.4000,1,1,4,5,15,1,3,1,4,9
SF,IC2002,2020-02-03 09:33:48.900,4863.4000,66201,-3,6934418880.000,4,0,4,空平,B,4861.0000,4860.4000,4860.0000,4859.6000,4859.2000,4863.4000,4863.6000,4864.2000,4864.4000,4864.6000,2,4,15,4,4,6,2,1,1,3
SF,IC2002,2020-02-03 09:33:49.400,4861.2000,66201,0,6937336480.000,3,1,2,空换,B,4861.0000,4860.4000,4860.0000,4859.6000,4859.2000,4863.2000,4863.4000,4864.6000,4864.8000,4865.0000,2,4,15,4,4,2,1,3,1,4
SF,IC2002,2020-02-03 09:33:49.900,4861.2000,66200,-1,6938308720.000,1,0,1,双平,B,4861.2000,4861.0000,4860.4000,4860.0000,4859.6000,4863.0000,4863.2000,4863.4000,4864.6000,4864.8000,4,1,4,15,4,1,8,1,3,1
SF,IC2002,2020-02-03 09:33:50.400,4861.2000,66200,0,6941225440.000,3,1,2,空换,B,4861.0000,4860.4000,4860.0000,4859.6000,4859.2000,4861.2000,4862.8000,4863.0000,4863.2000,4863.4000,1,4,15,4,4,1,1,1,6,1
SF,IC2002,2020-02-03 09:33:50.900,4860.4000,66196,-4,6949002800.000,8,2,6,空平,B,4860.4000,4860.0000,4859.6000,4859.2000,4859.0000,4861.0000,4862.8000,4863.0000,4863.2000,4863.4000,1,15,4,4,2,4,1,2,1,1
SF,IC2002,2020-02-03 09:33:51.400,4860.8000,66194,-2,6952891440.000,4,1,3,空平,B,4860.4000,4860.0000,4859.6000,4859.2000,4859.0000,4861.0000,4861.2000,4862.8000,4863.0000,4863.2000,2,15,4,4,2,5,1,1,2,1
SF,IC2002,2020-02-03 09:33:51.900,4861.2000,66190,-4,6962613240.000,10,3,7,空平,B,4860.0000,4859.6000,4859.2000,4859.0000,4858.8000,4863.0000,4863.2000,4863.4000,4864.6000,4864.8000,15,4,4,2,4,2,1,1,3,1
SF,IC2002,2020-02-03 09:33:52.400,4861.2000,66190,0,6962613240.000,0,-,-,-,-,4862.4000,4861.2000,4860.0000,4859.6000,4859.2000,4862.8000,4863.0000,4863.2000,4863.4000,4864.6000,1,1,15,4,4,2,4,1,2,3
SF,IC2002,2020-02-03 09:33:52.900,4861.2000,66184,-6,6971365320.000,9,1,8,空平,B,4860.0000,4859.6000,4859.2000,4859.0000,4858.8000,4862.0000,4862.2000,4862.4000,4862.8000,4863.0000,15,4,4,2,4,1,2,4,3,3
SF,IC2002,2020-02-03 09:33:53.400,4861.4000,66183,-1,6975254600.000,4,1,3,空平,B,4861.2000,4860.0000,4859.6000,4859.2000,4859.0000,4861.8000,4862.0000,4862.2000,4862.4000,4862.8000,1,15,4,4,2,1,3,2,1,3
SF,IC2002,2020-02-03 09:33:53.900,4861.2000,66182,-1,6976226840.000,1,0,1,双平,B,4860.0000,4859.6000,4859.2000,4859.0000,4858.8000,4861.2000,4861.6000,4861.8000,4862.0000,4862.2000,15,4,4,2,4,1,2,1,2,2
SF,IC2002,2020-02-03 09:33:54.400,4860.0000,66181,-1,6985948200.000,10,4,6,空平,B,4860.0000,4859.6000,4859.2000,4859.0000,4858.8000,4861.2000,4862.0000,4862.2000,4862.4000,4862.8000,12,4,4,2,4,1,2,2,1,1
SF,IC2002,2020-02-03 09:33:54.900,4861.2000,66180,-1,6987892440.000,2,0,2,空平,B,4861.8000,4860.0000,4859.6000,4859.2000,4859.0000,4862.2000,4862.4000,4862.8000,4863.0000,4863.4000,1,11,4,4,2,2,1,1,1,2
SF,IC2002,2020-02-03 09:33:55.400,4861.8000,66180,0,6989837160.000,2,1,1,空换,B,4860.0000,4859.6000,4859.2000,4859.0000,4858.8000,4861.8000,4862.2000,4862.4000,4862.8000,4863.0000,11,4,4,2,4,2,2,1,1,1
SF,IC2002,2020-02-03 09:33:55.900,4861.8000,66180,0,6989837160.000,0,-,-,-,-,4860.2000,4860.0000,4859.6000,4859.2000,4859.0000,4861.2000,4861.8000,4862.2000,4862.4000,4862.8000,1,11,4,4,2,3,1,2,1,1
SF,IC2002,2020-02-03 09:33:56.400,4860.2000,66177,-3,6993725920.000,4,0,4,空平,B,4860.0000,4859.6000,4859.2000,4859.0000,4858.8000,4860.2000,4861.8000,4862.2000,4862.4000,4862.8000,11,4,4,2,4,2,1,2,1,1
SF,IC2002,2020-02-03 09:33:56.900,4860.2000,66177,0,6995670000.000,2,1,1,空换,B,4860.6000,4860.2000,4860.0000,4859.6000,4859.2000,4861.8000,4862.2000,4862.4000,4862.8000,4863.0000,1,6,11,4,4,10,2,2,2,1
SF,IC2002,2020-02-03 09:33:57.400,4860.2000,66175,-2,7003447360.000,8,3,5,空平,B,4860.2000,4860.0000,4859.6000,4859.2000,4859.0000,4861.0000,4861.6000,4861.8000,4862.2000,4862.4000,1,16,4,4,2,1,1,10,2,2
SF,IC2002,2020-02-03 09:33:57.900,4860.0000,66171,-4,7007335600.000,4,0,4,双平,B,4860.0000,4859.6000,4859.2000,4859.0000,4858.8000,4860.8000,4861.0000,4861.4000,4861.6000,4861.8000,14,4,4,2,4,1,1,10,1,10
SF,IC2002,2020-02-03 09:33:58.400,4860.6000,66172,1,7008307720.000,1,1,0,双开,B,4860.0000,4859.6000,4859.2000,4859.0000,4858.8000,4860.2000,4860.6000,4860.8000,4861.4000,4861.6000,14,4,4,2,4,4,5,6,10,1
SF,IC2002,2020-02-03 09:33:58.900,4859.6000,66164,-8,7024831640.000,17,4,13,空平,B,4859.6000,4859.2000,4859.0000,4858.8000,4858.4000,4859.8000,4860.0000,4860.2000,4860.6000,4860.8000,3,4,2,4,4,6,6,4,5,5
SF,IC2002,2020-02-03 09:33:59.400,4859.2000,66152,-12,7037466360.000,13,0,13,空平,B,4859.2000,4859.0000,4858.8000,4858.4000,4858.0000,4859.4000,4859.6000,4859.8000,4860.0000,4860.2000,1,2,4,4,7,5,7,1,6,5
SF,IC2002,2020-02-03 09:33:59.900,4858.8000,66147,-5,7044268840.000,7,1,6,空平,B,4858.4000,4858.0000,4857.6000,4857.2000,4857.0000,4859.0000,4859.2000,4859.4000,4859.6000,4860.0000,4,7,6,5,1,3,2,2,6,4
SF,IC2002,2020-02-03 09:34:00.400,4858.2000,66138,-9,7054957480.000,11,1,10,空平,B,4858.0000,4857.6000,4857.2000,4857.0000,4856.8000,4858.2000,4858.4000,4858.8000,4859.2000,4859.4000,6,6,5,1,4,3,1,2,6,2
SF,IC2002,2020-02-03 09:34:00.900,4858.0000,66134,-4,7068559840.000,14,5,9,空平,B,4857.6000,4857.2000,4857.0000,4856.8000,4856.6000,4858.0000,4858.4000,4858.8000,4859.2000,4859.4000,4,5,1,4,1,1,1,1,6,2
SF,IC2002,2020-02-03 09:34:01.400,4858.0000,66133,-1,7071474560.000,3,1,2,空平,B,4857.6000,4857.2000,4857.0000,4856.8000,4856.6000,4858.4000,4858.6000,4859.0000,4859.2000,4859.4000,3,5,1,4,1,1,1,10,6,1
SF,IC2002,2020-02-03 09:34:01.900,4858.6000,66125,-8,7084107160.000,13,2,11,空平,B,4858.6000,4857.6000,4857.2000,4857.0000,4856.8000,4859.0000,4859.2000,4859.4000,4859.6000,4860.2000,5,3,5,1,4,3,6,1,8,5
SF,IC2002,2020-02-03 09:34:02.400,4857.6000,66117,-8,7101598560.000,18,5,13,空平,B,4857.6000,4857.2000,4857.0000,4856.8000,4856.6000,4859.2000,4859.4000,4859.6000,4860.2000,4860.6000,1,5,1,4,1,2,1,8,5,6
SF,IC2002,2020-02-03 09:34:02.900,4857.8000,66116,-1,7107428960.000,6,2,4,空平,B,4857.8000,4857.6000,4857.2000,4857.0000,4856.8000,4858.6000,4859.6000,4860.2000,4860.6000,4861.0000,1,2,5,1,4,2,8,5,6,1
SF,IC2002,2020-02-03 09:34:03.400,4858.6000,66119,3,7129780600.000,23,13,10,多开,B,4858.0000,4857.6000,4857.2000,4857.0000,4856.8000,4860.2000,4860.6000,4861.0000,4861.8000,4862.4000,3,2,5,1,4,2,6,1,2,2
SF,IC2002,2020-02-03 09:34:03.900,4858.2000,66118,-1,7134638800.000,5,2,3,空平,B,4858.2000,4858.0000,4857.6000,4857.2000,4857.0000,4860.2000,4860.6000,4861.0000,4861.8000,4862.4000,1,3,2,5,1,2,6,1,2,2
SF,IC2002,2020-02-03 09:34:04.400,4858.6000,66119,1,7136582160.000,2,1,1,多开,B,4858.6000,4858.2000,4858.0000,4857.6000,4857.2000,4860.0000,4860.2000,4860.6000,4861.0000,4861.8000,2,2,3,1,5,2,2,6,1,2
SF,IC2002,2020-02-03 09:34:04.900,4859.4000,66114,-5,7142414120.000,6,0,6,空平,B,4859.0000,4858.8000,4858.6000,4858.2000,4858.0000,4860.6000,4861.0000,4861.8000,4862.4000,4862.8000,1,2,8,1,3,6,1,1,2,1
SF,IC2002,2020-02-03 09:34:05.400,4860.6000,66109,-5,7148246520.000,6,0,6,空平,B,4860.2000,4860.0000,4859.4000,4859.2000,4859.0000,4860.6000,4861.0000,4861.8000,4862.4000,4862.8000,1,2,1,1,3,2,1,1,2,1
SF,IC2002,2020-02-03 09:34:05.900,4861.0000,66102,-7,7157968320.000,10,1,9,空平,B,4860.8000,4860.6000,4860.2000,4860.0000,4859.0000,4861.0000,4862.4000,4862.8000,4863.0000,4865.0000,3,13,1,2,2,17,2,1,5,4
SF,IC2002,2020-02-03 09:34:06.400,4862.0000,66084,-18,7182274560.000,25,3,22,空平,B,4862.0000,4861.2000,4861.0000,4860.6000,4860.2000,4862.8000,4863.0000,4865.0000,4868.8000,4869.2000,1,5,8,10,1,1,5,4,1,1
