市场代码,合约代码,时间,最新,持仓,增仓,成交额,成交量,开仓,平仓,成交类型,方向,买一价,买二价,买三价,买四价,买五价,卖一价,卖二价,卖三价,卖四价,卖五价,买一量,买二量,买三量,买四量,买五量,卖一量,卖二量,卖三量,卖四量,卖五量
SF,IC2003,2019-11-12 09:29:00.300,4715.0000,27818,0,943000.000,1.000,-,-,-,-,4709.0000,4708.8000,4707.4000,4707.0000,4704.0000,4715.4000,4718.4000,4718.8000,4723.0000,4724.0000,1,1,1,1,1,1,1,1,1,1
SF,IC2003,2019-11-12 09:30:00.300,4716.6000,27818,0,3772480.000,3,1,2,多换,S,4713.8000,4713.6000,4712.4000,4712.0000,4710.0000,4718.4000,4720.0000,4723.0000,4725.0000,4727.8000,1,1,1,2,1,1,2,1,1,1
SF,IC2003,2019-11-12 09:30:00.800,4716.6000,27818,0,3772480.000,0,-,-,-,-,4715.4000,4714.0000,4713.8000,4712.4000,4712.0000,4718.0000,4718.4000,4720.0000,4723.0000,4725.0000,1,1,1,1,2,10,2,2,1,1
SF,IC2003,2019-11-12 09:30:01.300,4714.6000,27814,-4,7544120.000,4,0,4,双平,S,4710.0000,4709.6000,4709.4000,4709.0000,4707.4000,4715.0000,4716.2000,4717.6000,4718.0000,4718.4000,1,1,7,1,1,2,1,2,9,2
SF,IC2003,2019-11-12 09:30:01.800,4714.6000,27814,0,7544120.000,0,-,-,-,-,4714.2000,4712.4000,4712.0000,4710.8000,4710.4000,4717.6000,4718.0000,4718.4000,4720.0000,4723.0000,1,2,2,2,7,2,6,1,2,1
SF,IC2003,2019-11-12 09:30:02.300,4714.6000,27814,0,7544120.000,0,-,-,-,-,4712.4000,4712.0000,4710.8000,4710.4000,4710.2000,4717.2000,4717.4000,4717.6000,4718.0000,4718.4000,1,2,2,7,1,5,2,2,1,1
SF,IC2003,2019-11-12 09:30:02.800,4714.6000,27814,0,7544120.000,0,-,-,-,-,4712.6000,4712.4000,4712.0000,4710.8000,4710.4000,4716.8000,4717.0000,4717.2000,4717.6000,4718.0000,2,1,2,2,7,1,2,7,2,1
SF,IC2003,2019-11-12 09:30:03.300,4714.6000,27814,0,7544120.000,0,-,-,-,-,4712.6000,4712.4000,4712.0000,4710.8000,4710.4000,4716.4000,4716.6000,4716.8000,4717.2000,4717.6000,2,1,2,2,7,1,5,2,1,2
SF,IC2003,2019-11-12 09:30:03.800,4716.2000,27814,0,8487360.000,1,0,1,多换,S,4712.6000,4712.4000,4712.0000,4710.8000,4710.4000,4716.2000,4716.4000,4716.6000,4716.8000,4718.0000,2,1,1,2,7,1,2,3,1,1
SF,IC2003,2019-11-12 09:30:04.300,4716.2000,27814,0,8487360.000,0,-,-,-,-,4716.8000,4715.2000,4713.8000,4713.6000,4712.8000,4718.0000,4718.4000,4720.0000,4723.0000,4727.0000,4,1,1,1,9,1,1,3,1,5
SF,IC2003,2019-11-12 09:30:04.800,4716.8000,27810,-4,12260760.000,4,0,4,双平,S,4712.6000,4710.0000,4709.0000,4707.4000,4707.0000,4714.8000,4715.6000,4715.8000,4716.8000,4717.2000,2,2,1,1,1,1,1,7,1,1
SF,IC2003,2019-11-12 09:30:05.300,4714.8000,27810,0,13203720.000,1,0,1,多换,S,4714.8000,4712.8000,4712.6000,4710.0000,4709.0000,4715.8000,4717.6000,4718.0000,4718.4000,4720.0000,2,2,2,2,1,5,9,1,1,3
SF,IC2003,2019-11-12 09:30:05.800,4715.8000,27808,-2,15089840.000,2,0,2,双平,S,4713.2000,4712.6000,4712.4000,4710.0000,4709.0000,4717.6000,4718.0000,4718.4000,4720.0000,4723.0000,1,2,1,2,1,2,1,1,3,1
SF,IC2003,2019-11-12 09:30:06.300,4715.8000,27808,0,15089840.000,0,-,-,-,-,4713.4000,4713.2000,4712.4000,4710.0000,4709.0000,4717.2000,4717.6000,4718.0000,4718.4000,4720.0000,6,1,1,2,1,5,2,1,1,3
SF,IC2003,2019-11-12 09:30:06.800,4713.8000,27804,-4,19806040.000,5,0,5,多平,S,4714.0000,4713.6000,4713.4000,4712.4000,4710.0000,4717.2000,4717.6000,4718.0000,4718.4000,4720.0000,1,3,2,1,2,1,2,1,1,3
SF,IC2003,2019-11-12 09:30:07.300,4713.8000,27804,0,19806040.000,0,-,-,-,-,4715.8000,4714.4000,4714.2000,4714.0000,4713.8000,4717.6000,4718.0000,4718.4000,4720.0000,4723.0000,1,1,3,1,1,2,1,1,3,1
SF,IC2003,2019-11-12 09:30:07.800,4713.8000,27804,0,19806040.000,0,-,-,-,-,4716.0000,4715.8000,4714.4000,4714.2000,4714.0000,4718.0000,4718.4000,4720.0000,4723.0000,4727.0000,1,1,1,1,1,1,1,3,1,5
SF,IC2003,2019-11-12 09:30:08.300,4716.0000,27803,-1,20749240.000,1,0,1,双平,S,4715.8000,4714.4000,4714.2000,4714.0000,4713.8000,4717.2000,4717.4000,4717.6000,4717.8000,4718.0000,1,1,1,1,1,1,3,1,1,1
SF,IC2003,2019-11-12 09:30:08.800,4716.0000,27803,0,20749240.000,0,-,-,-,-,4715.8000,4714.4000,4714.0000,4713.8000,4713.6000,4717.2000,4717.4000,4717.6000,4717.8000,4718.0000,1,1,1,2,1,1,3,1,1,1
SF,IC2003,2019-11-12 09:30:09.300,4716.0000,27803,0,20749240.000,0,-,-,-,-,4715.8000,4714.0000,4713.8000,4713.6000,4713.4000,4716.8000,4717.2000,4717.8000,4718.0000,4718.4000,1,1,2,1,1,4,1,1,1,1
SF,IC2003,2019-11-12 09:30:09.800,4715.8000,27803,0,21692400.000,1,0,1,多换,S,4714.0000,4713.8000,4713.6000,4712.4000,4711.2000,4716.4000,4716.8000,4717.0000,4717.2000,4717.8000,1,1,1,1,1,1,4,1,1,1
SF,IC2003,2019-11-12 09:30:10.300,4714.0000,27802,-1,22635200.000,1,0,1,双平,S,4712.4000,4711.2000,4710.0000,4709.0000,4707.4000,4715.6000,4715.8000,4716.0000,4716.2000,4716.4000,1,1,2,1,1,1,1,5,1,2
SF,IC2003,2019-11-12 09:30:10.800,4714.0000,27802,0,22635200.000,0,-,-,-,-,4712.6000,4711.2000,4710.0000,4709.0000,4707.4000,4715.2000,4715.4000,4715.6000,4715.8000,4716.0000,1,1,2,1,1,1,2,1,1,5
SF,IC2003,2019-11-12 09:30:11.300,4714.0000,27802,0,22635200.000,0,-,-,-,-,4712.6000,4711.2000,4710.0000,4709.0000,4707.4000,4715.0000,4715.2000,4715.4000,4715.6000,4715.8000,1,1,2,1,1,1,1,1,1,1
SF,IC2003,2019-11-12 09:30:11.800,4714.0000,27802,0,22635200.000,0,-,-,-,-,4712.6000,4711.2000,4710.0000,4709.0000,4707.4000,4715.0000,4715.2000,4715.4000,4715.6000,4715.8000,1,1,2,1,1,1,1,1,1,1
SF,IC2003,2019-11-12 09:30:12.300,4714.0000,27802,0,22635200.000,0,-,-,-,-,4712.8000,4712.6000,4711.2000,4710.0000,4709.0000,4715.2000,4715.4000,4715.6000,4715.8000,4716.0000,1,1,1,2,1,1,1,1,1,5
SF,IC2003,2019-11-12 09:30:12.800,4714.0000,27802,0,22635200.000,0,-,-,-,-,4713.0000,4712.8000,4711.2000,4710.0000,4709.0000,4715.2000,4715.6000,4715.8000,4716.0000,4716.4000,1,1,1,2,1,1,1,1,5,2
SF,IC2003,2019-11-12 09:30:13.300,4714.0000,27802,0,22635200.000,0,-,-,-,-,4713.0000,4712.8000,4711.2000,4710.0000,4709.0000,4715.2000,4715.6000,4715.8000,4716.0000,4716.4000,1,1,1,2,1,1,1,1,5,2
SF,IC2003,2019-11-12 09:30:13.800,4714.0000,27802,0,22635200.000,0,-,-,-,-,4713.0000,4712.8000,4711.2000,4710.0000,4709.0000,4714.8000,4715.2000,4715.6000,4715.8000,4716.0000,1,1,1,2,1,4,1,1,1,1
SF,IC2003,2019-11-12 09:30:14.300,4714.0000,27802,0,22635200.000,0,-,-,-,-,4710.0000,4709.0000,4707.4000,4707.0000,4706.0000,4714.4000,4714.8000,4715.0000,4715.2000,4715.6000,2,1,1,1,1,1,4,2,1,1
SF,IC2003,2019-11-12 09:30:14.800,4714.0000,27802,0,22635200.000,0,-,-,-,-,4710.4000,4710.2000,4710.0000,4709.0000,4707.4000,4714.2000,4714.4000,4714.8000,4715.0000,4715.2000,1,11,2,1,1,2,1,4,2,1
SF,IC2003,2019-11-12 09:30:15.300,4715.0000,27800,-2,26406920.000,4,1,3,多平,S,4710.8000,4710.6000,4710.2000,4710.0000,4709.0000,4715.2000,4715.8000,4716.0000,4716.4000,4718.4000,8,4,1,2,1,1,1,1,1,1
SF,IC2003,2019-11-12 09:30:15.800,4715.0000,27800,0,26406920.000,0,-,-,-,-,4714.0000,4711.2000,4711.0000,4710.8000,4710.4000,4715.2000,4715.8000,4716.0000,4716.4000,4718.4000,1,3,1,8,2,1,1,1,1,1
SF,IC2003,2019-11-12 09:30:16.300,4715.2000,27799,-1,27349960.000,1,0,1,双平,S,4715.6000,4714.0000,4711.0000,4710.8000,4710.4000,4715.8000,4716.0000,4716.4000,4718.4000,4720.0000,1,1,1,8,2,1,1,1,1,3
SF,IC2003,2019-11-12 09:30:16.800,4715.6000,27798,-1,28293080.000,1,0,1,双平,S,4715.4000,4715.2000,4714.4000,4714.0000,4711.0000,4715.6000,4716.0000,4716.4000,4718.4000,4720.0000,2,1,1,1,1,1,1,1,1,3
SF,IC2003,2019-11-12 09:30:17.300,4715.6000,27797,-1,29236200.000,1,0,1,双平,S,4715.6000,4715.4000,4715.2000,4714.0000,4711.0000,4716.0000,4716.4000,4718.4000,4720.0000,4723.0000,1,2,1,1,1,1,1,1,3,1
SF,IC2003,2019-11-12 09:30:17.800,4716.0000,27796,-1,31122520.000,2,0,2,多平,S,4715.6000,4715.4000,4715.2000,4714.0000,4711.0000,4716.4000,4718.4000,4720.0000,4723.0000,4725.0000,1,2,1,1,1,1,1,3,1,1
SF,IC2003,2019-11-12 09:30:18.300,4715.4000,27795,-1,32065600.000,1,0,1,双平,S,4714.0000,4711.0000,4710.8000,4710.2000,4710.0000,4715.2000,4715.4000,4715.6000,4716.0000,4716.2000,1,1,8,1,2,1,1,1,5,1
SF,IC2003,2019-11-12 09:30:18.800,4715.4000,27795,0,32065600.000,0,-,-,-,-,4714.2000,4714.0000,4711.0000,4710.8000,4710.2000,4715.4000,4716.0000,4716.2000,4718.0000,4718.4000,1,1,1,8,1,1,4,1,2,1
SF,IC2003,2019-11-12 09:30:19.300,4715.4000,27795,0,32065600.000,0,-,-,-,-,4714.2000,4714.0000,4711.0000,4710.8000,4710.2000,4716.2000,4718.0000,4718.4000,4720.0000,4723.0000,2,1,1,8,1,1,2,1,3,1
SF,IC2003,2019-11-12 09:30:19.800,4715.4000,27795,0,32065600.000,0,-,-,-,-,4714.2000,4714.0000,4711.0000,4710.8000,4710.2000,4715.8000,4718.0000,4718.4000,4720.0000,4723.0000,1,1,1,8,1,4,2,1,3,1
SF,IC2003,2019-11-12 09:30:20.300,4715.4000,27795,0,32065600.000,0,-,-,-,-,4715.2000,4714.2000,4714.0000,4711.0000,4710.8000,4715.8000,4718.0000,4718.4000,4720.0000,4723.0000,2,1,1,1,8,4,2,1,3,1
SF,IC2003,2019-11-12 09:30:20.800,4715.2000,27795,0,33008640.000,1,0,1,多换,S,4715.2000,4714.0000,4711.0000,4710.8000,4710.2000,4718.0000,4718.4000,4720.0000,4723.0000,4725.0000,1,1,1,8,1,2,1,3,1,1
SF,IC2003,2019-11-12 09:30:21.300,4715.2000,27793,-2,34894720.000,2,0,2,双平,S,4715.8000,4714.0000,4710.8000,4710.2000,4710.0000,4717.6000,4717.8000,4718.0000,4718.4000,4720.0000,1,1,8,1,2,5,1,2,1,3
SF,IC2003,2019-11-12 09:30:21.800,4715.2000,27793,0,34894720.000,0,-,-,-,-,4715.8000,4715.0000,4714.0000,4710.8000,4710.2000,4716.8000,4717.4000,4717.6000,4718.0000,4718.4000,1,1,1,8,1,1,1,5,2,1
SF,IC2003,2019-11-12 09:30:22.300,4715.8000,27792,-1,35837880.000,1,0,1,双平,S,4715.2000,4715.0000,4714.0000,4710.8000,4710.2000,4716.4000,4716.8000,4717.6000,4718.0000,4718.4000,1,1,1,8,1,4,1,1,2,1
SF,IC2003,2019-11-12 09:30:22.800,4715.2000,27791,-1,36780920.000,1,0,1,双平,S,4715.0000,4714.0000,4710.8000,4710.2000,4710.0000,4715.8000,4716.4000,4716.8000,4717.6000,4718.0000,1,1,8,1,2,1,5,1,1,2
SF,IC2003,2019-11-12 09:30:23.300,4715.0000,27789,-2,39610080.000,3,0,3,多平,S,4714.0000,4712.6000,4710.8000,4710.2000,4710.0000,4715.0000,4715.6000,4715.8000,4716.4000,4716.8000,1,1,8,1,2,1,2,1,2,1
SF,IC2003,2019-11-12 09:30:23.800,4715.0000,27789,0,40553080.000,1,0,1,多换,S,4715.2000,4715.0000,4714.2000,4714.0000,4712.6000,4715.6000,4715.8000,4716.4000,4716.8000,4717.6000,1,2,1,1,1,2,1,2,1,1
SF,IC2003,2019-11-12 09:30:24.300,4715.6000,27789,0,41496200.000,1,0,1,多换,S,4715.2000,4715.0000,4714.0000,4712.6000,4710.8000,4715.6000,4715.8000,4716.4000,4716.8000,4717.6000,1,3,1,1,8,1,1,2,1,1
SF,IC2003,2019-11-12 09:30:24.800,4715.6000,27789,0,41496200.000,0,-,-,-,-,4715.2000,4715.0000,4714.8000,4714.0000,4712.6000,4715.6000,4715.8000,4716.4000,4716.8000,4717.6000,1,3,1,1,1,1,1,2,1,1
SF,IC2003,2019-11-12 09:30:25.300,4715.2000,27788,-1,42439240.000,1,0,1,双平,S,4715.0000,4714.8000,4714.0000,4712.6000,4710.8000,4715.2000,4715.6000,4715.8000,4716.4000,4716.8000,3,1,1,1,8,1,1,1,2,1
SF,IC2003,2019-11-12 09:30:25.800,4715.0000,27786,-2,46211240.000,4,1,3,多平,S,4714.8000,4714.0000,4712.6000,4710.8000,4710.2000,4715.0000,4715.2000,4715.6000,4715.8000,4716.4000,1,1,1,8,1,1,7,1,1,2
SF,IC2003,2019-11-12 09:30:26.300,4714.8000,27786,0,47154200.000,1,0,1,多换,S,4714.0000,4712.6000,4710.8000,4710.2000,4710.0000,4715.2000,4715.6000,4715.8000,4716.4000,4717.6000,1,1,7,1,2,7,1,2,2,1
SF,IC2003,2019-11-12 09:30:26.800,4715.2000,27785,-1,48097240.000,1,0,1,双平,S,4714.2000,4714.0000,4712.6000,4710.8000,4710.2000,4715.2000,4715.6000,4715.8000,4716.4000,4717.6000,1,1,1,7,1,6,1,2,2,1
SF,IC2003,2019-11-12 09:30:27.300,4715.2000,27785,0,48097240.000,0,-,-,-,-,4714.2000,4714.0000,4712.6000,4710.8000,4710.2000,4715.2000,4715.6000,4715.8000,4716.4000,4717.6000,1,1,1,7,1,6,1,2,2,1
SF,IC2003,2019-11-12 09:30:28.300,4715.2000,27785,0,50926360.000,3,1,2,多换,S,4714.2000,4714.0000,4712.6000,4710.8000,4710.2000,4715.2000,4715.6000,4715.8000,4716.4000,4716.6000,1,1,1,7,1,3,1,2,2,1
SF,IC2003,2019-11-12 09:30:28.800,4715.2000,27785,0,52812440.000,2,1,1,多换,S,4714.2000,4714.0000,4712.6000,4710.8000,4710.2000,4715.2000,4715.6000,4715.8000,4716.4000,4716.6000,1,1,1,7,1,1,1,1,2,1
SF,IC2003,2019-11-12 09:30:29.300,4715.2000,27785,0,53755480.000,1,0,1,多换,S,4714.2000,4714.0000,4712.6000,4710.8000,4710.2000,4715.6000,4715.8000,4716.4000,4716.6000,4717.6000,1,1,1,7,1,1,1,2,1,1
SF,IC2003,2019-11-12 09:30:29.800,4715.2000,27785,0,53755480.000,0,-,-,-,-,4715.2000,4714.2000,4714.0000,4712.6000,4710.8000,4715.8000,4716.4000,4716.6000,4717.6000,4718.0000,1,1,1,1,7,1,2,1,1,2
SF,IC2003,2019-11-12 09:30:30.300,4715.2000,27785,0,53755480.000,0,-,-,-,-,4715.2000,4714.0000,4712.6000,4710.8000,4710.2000,4716.4000,4716.6000,4717.6000,4718.0000,4718.2000,1,2,1,7,1,2,1,1,2,1
SF,IC2003,2019-11-12 09:30:30.800,4715.2000,27784,-1,54698520.000,1,0,1,双平,S,4714.0000,4712.6000,4710.8000,4710.2000,4710.0000,4714.2000,4716.4000,4716.6000,4717.6000,4718.0000,2,1,7,1,2,4,1,1,1,2
SF,IC2003,2019-11-12 09:30:31.300,4714.2000,27780,-4,58469880.000,4,0,4,双平,S,4715.2000,4714.4000,4714.2000,4714.0000,4712.6000,4715.6000,4716.6000,4717.6000,4718.0000,4718.4000,1,1,6,2,1,2,1,1,2,1
SF,IC2003,2019-11-12 09:30:31.800,4715.6000,27778,-2,61299240.000,3,0,3,多平,S,4715.8000,4715.6000,4715.2000,4715.0000,4714.2000,4716.6000,4717.6000,4718.0000,4718.4000,4720.0000,1,2,1,1,3,1,1,2,1,2
SF,IC2003,2019-11-12 09:30:32.300,4716.6000,27777,-1,62242560.000,1,0,1,双平,S,4715.8000,4715.6000,4715.2000,4715.0000,4714.2000,4717.6000,4718.0000,4718.4000,4720.0000,4723.0000,1,2,1,1,3,1,2,1,2,1
SF,IC2003,2019-11-12 09:30:32.800,4716.6000,27777,0,62242560.000,0,-,-,-,-,4716.0000,4715.8000,4715.6000,4715.2000,4714.2000,4717.2000,4717.4000,4717.6000,4718.0000,4718.4000,1,1,2,1,6,2,1,1,2,1
SF,IC2003,2019-11-12 09:30:33.300,4716.6000,27777,0,62242560.000,0,-,-,-,-,4716.0000,4715.2000,4714.2000,4714.0000,4712.6000,4717.2000,4717.6000,4718.0000,4718.4000,4720.0000,1,1,4,2,1,2,1,2,1,2
SF,IC2003,2019-11-12 09:30:33.800,4717.2000,27777,0,64129440.000,2,1,1,多换,S,4716.0000,4715.2000,4714.2000,4714.0000,4712.6000,4717.6000,4718.0000,4718.4000,4720.0000,4723.0000,1,1,4,1,1,1,2,1,2,1
SF,IC2003,2019-11-12 09:30:34.300,4717.2000,27777,0,64129440.000,0,-,-,-,-,4716.0000,4715.2000,4714.2000,4714.0000,4712.6000,4717.4000,4717.6000,4718.0000,4718.4000,4720.0000,1,1,4,1,1,1,1,2,1,2
SF,IC2003,2019-11-12 09:30:34.800,4717.2000,27777,0,64129440.000,0,-,-,-,-,4715.2000,4714.2000,4714.0000,4712.6000,4710.8000,4717.0000,4717.4000,4717.6000,4718.0000,4718.4000,1,4,1,1,7,1,1,1,2,1
SF,IC2003,2019-11-12 09:30:35.300,4717.2000,27777,0,64129440.000,0,-,-,-,-,4715.4000,4715.2000,4714.2000,4714.0000,4712.6000,4717.0000,4717.6000,4718.0000,4718.4000,4720.0000,1,1,4,1,1,1,1,2,1,2
SF,IC2003,2019-11-12 09:30:35.800,4717.2000,27777,0,64129440.000,0,-,-,-,-,4715.4000,4715.2000,4714.2000,4714.0000,4712.6000,4716.0000,4717.0000,4717.6000,4718.0000,4718.4000,1,1,4,1,1,5,1,1,2,1
SF,IC2003,2019-11-12 09:30:36.300,4716.0000,27772,-5,68845440.000,5,0,5,双平,S,4716.6000,4715.6000,4715.4000,4715.2000,4714.2000,4717.6000,4718.0000,4718.4000,4720.0000,4723.0000,1,1,1,1,4,1,2,1,2,1
SF,IC2003,2019-11-12 09:30:36.800,4716.0000,27772,0,68845440.000,0,-,-,-,-,4716.6000,4716.0000,4715.6000,4715.2000,4714.2000,4717.6000,4718.0000,4718.4000,4720.0000,4723.0000,1,1,1,1,4,1,2,1,2,1
SF,IC2003,2019-11-12 09:30:37.300,4716.0000,27772,0,68845440.000,0,-,-,-,-,4716.6000,4715.6000,4715.2000,4714.2000,4714.0000,4717.6000,4718.0000,4718.4000,4720.0000,4723.0000,1,1,1,4,1,1,2,1,2,1
SF,IC2003,2019-11-12 09:30:37.800,4717.6000,27771,-1,69788960.000,1,0,1,双平,S,4717.6000,4717.2000,4716.6000,4715.6000,4715.2000,4718.0000,4718.4000,4720.0000,4723.0000,4725.0000,1,1,1,1,1,2,1,2,1,1
SF,IC2003,2019-11-12 09:30:38.300,4718.0000,27771,0,72619720.000,3,1,2,多换,S,4717.2000,4715.6000,4715.2000,4714.2000,4714.0000,4718.4000,4720.0000,4723.0000,4725.0000,4727.0000,1,1,1,4,1,1,2,1,1,5
SF,IC2003,2019-11-12 09:30:38.800,4718.0000,27771,0,72619720.000,0,-,-,-,-,4717.2000,4715.6000,4715.2000,4714.2000,4714.0000,4718.4000,4720.0000,4723.0000,4725.0000,4727.0000,1,1,1,4,1,1,2,1,1,5
SF,IC2003,2019-11-12 09:30:39.300,4717.4000,27770,-1,73563200.000,1,0,1,双平,S,4717.2000,4715.2000,4714.2000,4714.0000,4712.6000,4718.4000,4720.0000,4723.0000,4725.0000,4727.0000,1,1,4,1,1,1,2,1,1,5
SF,IC2003,2019-11-12 09:30:39.800,4717.2000,27769,-1,74506640.000,1,0,1,双平,S,4715.2000,4714.2000,4714.0000,4712.6000,4710.8000,4718.4000,4720.0000,4723.0000,4725.0000,4727.0000,1,4,1,1,7,1,2,1,1,5
SF,IC2003,2019-11-12 09:30:40.300,4717.2000,27769,0,74506640.000,0,-,-,-,-,4715.6000,4715.4000,4715.2000,4715.0000,4714.2000,4718.0000,4718.4000,4720.0000,4723.0000,4725.0000,1,2,1,1,4,1,1,2,1,1
SF,IC2003,2019-11-12 09:30:40.800,4718.0000,27768,-1,75450240.000,1,0,1,双平,S,4718.0000,4715.8000,4715.6000,4715.2000,4715.0000,4718.4000,4720.0000,4723.0000,4725.0000,4727.0000,1,2,1,8,1,1,2,1,1,5
SF,IC2003,2019-11-12 09:30:41.300,4718.0000,27768,0,76393840.000,1,0,1,多换,S,4715.6000,4715.2000,4715.0000,4714.2000,4712.6000,4718.4000,4720.0000,4723.0000,4725.0000,4727.0000,1,8,1,4,1,1,2,1,1,5
SF,IC2003,2019-11-12 09:30:41.800,4718.0000,27768,0,76393840.000,0,-,-,-,-,4715.8000,4715.6000,4715.2000,4715.0000,4714.2000,4718.4000,4720.0000,4723.0000,4725.0000,4727.0000,1,1,8,1,4,1,2,1,1,5
SF,IC2003,2019-11-12 09:30:42.300,4718.0000,27768,0,76393840.000,0,-,-,-,-,4718.0000,4716.2000,4715.8000,4715.6000,4715.2000,4718.4000,4720.0000,4723.0000,4725.0000,4727.0000,1,1,1,1,8,1,2,1,1,5
SF,IC2003,2019-11-12 09:30:42.800,4718.0000,27768,0,76393840.000,0,-,-,-,-,4718.0000,4716.2000,4715.6000,4715.2000,4715.0000,4718.4000,4720.0000,4723.0000,4725.0000,4727.0000,1,1,1,8,1,1,2,1,1,5
SF,IC2003,2019-11-12 09:30:43.800,4718.4000,27767,-1,77337520.000,1,0,1,双平,S,4718.0000,4716.2000,4715.6000,4715.2000,4715.0000,4720.0000,4723.0000,4725.0000,4727.0000,4727.8000,1,1,1,8,1,2,1,1,5,1
SF,IC2003,2019-11-12 09:30:44.300,4718.4000,27767,0,77337520.000,0,-,-,-,-,4718.4000,4718.0000,4716.2000,4715.6000,4715.2000,4719.6000,4719.8000,4720.0000,4723.0000,4725.0000,1,1,1,1,8,1,1,2,1,1
SF,IC2003,2019-11-12 09:30:44.800,4718.4000,27767,0,77337520.000,0,-,-,-,-,4718.4000,4718.0000,4716.2000,4715.6000,4715.2000,4719.4000,4719.6000,4720.0000,4723.0000,4725.0000,1,1,1,1,8,2,1,2,1,1
SF,IC2003,2019-11-12 09:30:45.300,4718.4000,27767,0,77337520.000,0,-,-,-,-,4718.4000,4718.0000,4716.2000,4715.6000,4715.2000,4719.6000,4720.0000,4723.0000,4725.0000,4727.0000,1,1,1,1,8,1,2,1,1,5
SF,IC2003,2019-11-12 09:30:46.300,4718.4000,27767,0,77337520.000,0,-,-,-,-,4718.6000,4718.4000,4718.0000,4716.2000,4715.6000,4720.0000,4723.0000,4725.0000,4727.0000,4727.8000,1,1,1,1,1,2,1,1,5,1
SF,IC2003,2019-11-12 09:30:46.800,4718.4000,27767,0,77337520.000,0,-,-,-,-,4718.8000,4718.6000,4718.4000,4718.0000,4716.2000,4720.0000,4723.0000,4725.0000,4727.0000,4727.8000,1,1,1,1,1,2,1,1,5,1
SF,IC2003,2019-11-12 09:30:47.300,4718.4000,27767,0,77337520.000,0,-,-,-,-,4718.6000,4718.4000,4718.0000,4716.2000,4715.6000,4720.0000,4723.0000,4725.0000,4727.0000,4727.8000,1,1,1,1,1,2,1,1,5,1
SF,IC2003,2019-11-12 09:30:47.800,4718.4000,27767,0,77337520.000,0,-,-,-,-,4718.8000,4718.6000,4718.4000,4718.0000,4716.2000,4720.0000,4723.0000,4725.0000,4727.0000,4727.8000,1,1,1,1,1,2,1,1,5,1
SF,IC2003,2019-11-12 09:30:48.300,4718.4000,27767,0,77337520.000,0,-,-,-,-,4718.6000,4718.4000,4718.0000,4716.2000,4715.6000,4719.6000,4720.0000,4723.0000,4725.0000,4727.0000,1,1,1,1,1,1,2,1,1,5
SF,IC2003,2019-11-12 09:30:48.800,4718.6000,27766,-1,78281240.000,1,0,1,双平,S,4718.4000,4718.0000,4716.2000,4715.6000,4715.2000,4718.6000,4720.0000,4723.0000,4725.0000,4727.0000,2,1,1,1,7,2,2,1,1,5
SF,IC2003,2019-11-12 09:30:49.300,4718.6000,27764,-2,80168680.000,2,0,2,双平,S,4718.8000,4718.6000,4718.4000,4718.0000,4716.2000,4720.0000,4723.0000,4725.0000,4727.0000,4727.8000,1,3,2,1,1,2,1,1,5,1
SF,IC2003,2019-11-12 09:30:49.800,4718.6000,27764,0,80168680.000,0,-,-,-,-,4719.2000,4718.6000,4718.4000,4718.0000,4716.2000,4720.0000,4723.0000,4725.0000,4727.0000,4727.8000,2,2,2,1,1,2,1,1,5,1
SF,IC2003,2019-11-12 09:30:50.300,4720.0000,27764,0,82056680.000,2,1,1,多换,S,4719.2000,4718.6000,4718.4000,4718.0000,4716.2000,4723.0000,4725.0000,4727.0000,4727.8000,4728.0000,2,2,2,1,1,1,1,5,1,11
SF,IC2003,2019-11-12 09:30:50.800,4720.0000,27764,0,82056680.000,0,-,-,-,-,4719.2000,4718.6000,4718.4000,4718.0000,4716.2000,4721.0000,4721.2000,4721.4000,4722.2000,4722.6000,2,1,2,1,1,1,1,1,3,1
SF,IC2003,2019-11-12 09:30:51.300,4720.0000,27764,0,82056680.000,0,-,-,-,-,4719.2000,4718.4000,4718.0000,4716.2000,4715.2000,4720.8000,4721.2000,4721.4000,4722.6000,4723.0000,2,2,1,1,7,1,1,1,2,1
SF,IC2003,2019-11-12 09:30:51.800,4720.0000,27764,0,82056680.000,0,-,-,-,-,4719.2000,4718.4000,4718.0000,4716.2000,4715.2000,4720.8000,4721.2000,4721.4000,4722.6000,4723.0000,2,2,1,1,7,2,1,1,2,1
SF,IC2003,2019-11-12 09:30:52.300,4720.0000,27764,0,82056680.000,0,-,-,-,-,4719.2000,4718.4000,4718.0000,4716.2000,4715.2000,4720.8000,4721.2000,4721.4000,4722.6000,4723.0000,2,2,1,1,7,1,1,1,2,1
SF,IC2003,2019-11-12 09:30:54.300,4720.0000,27764,0,82056680.000,0,-,-,-,-,4719.2000,4718.4000,4718.0000,4716.2000,4715.2000,4720.8000,4721.4000,4722.6000,4723.0000,4725.0000,2,2,1,1,7,2,1,2,1,1
SF,IC2003,2019-11-12 09:30:54.800,4720.8000,27763,-1,83945000.000,2,0,2,多平,S,4720.8000,4719.2000,4718.4000,4718.0000,4716.2000,4721.4000,4722.6000,4723.0000,4725.0000,4727.0000,1,2,2,1,1,1,2,1,1,5
SF,IC2003,2019-11-12 09:30:55.300,4720.8000,27762,-1,84889160.000,1,0,1,双平,S,4719.2000,4719.0000,4718.4000,4718.0000,4716.2000,4720.6000,4720.8000,4721.2000,4721.4000,4722.6000,2,1,1,1,1,1,1,2,1,2
SF,IC2003,2019-11-12 09:30:55.800,4720.8000,27762,0,84889160.000,0,-,-,-,-,4719.2000,4719.0000,4718.4000,4718.0000,4716.2000,4721.2000,4721.4000,4722.6000,4723.0000,4725.0000,2,1,1,1,1,1,1,2,1,1
SF,IC2003,2019-11-12 09:30:56.300,4720.8000,27762,0,84889160.000,0,-,-,-,-,4719.2000,4719.0000,4718.4000,4718.0000,4716.2000,4721.0000,4721.2000,4721.4000,4722.6000,4723.0000,2,1,1,1,1,1,1,1,2,1
SF,IC2003,2019-11-12 09:30:56.800,4720.8000,27762,0,84889160.000,0,-,-,-,-,4719.2000,4719.0000,4718.0000,4716.2000,4715.2000,4721.2000,4721.4000,4722.6000,4723.0000,4725.0000,2,1,1,1,7,1,1,2,1,1
SF,IC2003,2019-11-12 09:30:57.300,4720.8000,27762,0,84889160.000,0,-,-,-,-,4720.0000,4719.2000,4719.0000,4718.0000,4716.2000,4721.0000,4721.2000,4721.4000,4722.6000,4723.0000,1,2,1,1,1,1,1,1,2,1
SF,IC2003,2019-11-12 09:30:57.800,4720.0000,27761,-1,86777160.000,2,0,2,多平,S,4719.2000,4719.0000,4718.0000,4716.2000,4715.2000,4721.0000,4721.2000,4721.4000,4722.6000,4723.0000,2,1,1,1,7,1,1,1,2,1
SF,IC2003,2019-11-12 09:30:58.300,4719.6000,27761,0,89608760.000,3,1,2,多换,S,4719.0000,4718.0000,4716.2000,4715.2000,4715.0000,4719.6000,4720.8000,4721.0000,4721.2000,4721.4000,1,1,1,7,1,1,1,1,1,1
SF,IC2003,2019-11-12 09:30:58.800,4719.0000,27761,0,90552560.000,1,0,1,多换,S,4718.0000,4716.2000,4715.2000,4715.0000,4712.6000,4719.4000,4719.6000,4720.6000,4720.8000,4721.2000,1,1,7,1,1,1,2,1,1,1
SF,IC2003,2019-11-12 09:30:59.300,4719.0000,27761,0,90552560.000,0,-,-,-,-,4718.0000,4716.2000,4715.2000,4715.0000,4712.6000,4719.4000,4719.6000,4720.6000,4720.8000,4721.2000,1,1,7,1,1,1,2,1,1,1
SF,IC2003,2019-11-12 09:30:59.800,4719.2000,27759,-2,92440240.000,2,0,2,双平,S,4718.0000,4716.2000,4715.2000,4715.0000,4712.6000,4719.4000,4719.6000,4720.6000,4720.8000,4721.2000,1,1,7,1,1,1,2,2,1,1
SF,IC2003,2019-11-12 09:31:00.800,4719.2000,27759,0,92440240.000,0,-,-,-,-,4718.0000,4716.2000,4715.2000,4712.6000,4710.8000,4719.0000,4719.4000,4719.6000,4720.6000,4720.8000,1,1,7,1,6,1,1,2,2,1
SF,IC2003,2019-11-12 09:31:01.300,4719.0000,27758,-1,93384040.000,1,0,1,双平,S,4719.0000,4718.4000,4718.0000,4716.2000,4715.2000,4719.6000,4720.6000,4720.8000,4721.2000,4721.4000,2,1,1,1,7,2,2,1,1,1
SF,IC2003,2019-11-12 09:31:01.800,4719.6000,27757,-1,94327960.000,1,0,1,双平,S,4718.0000,4716.2000,4715.2000,4712.6000,4710.8000,4720.6000,4720.8000,4721.2000,4721.4000,4722.6000,1,1,7,1,6,2,1,1,1,2
SF,IC2003,2019-11-12 09:31:02.300,4719.6000,27757,0,94327960.000,0,-,-,-,-,4719.6000,4718.4000,4718.2000,4718.0000,4716.2000,4720.6000,4721.2000,4721.4000,4722.6000,4723.0000,2,1,1,1,1,2,1,1,2,1
SF,IC2003,2019-11-12 09:31:02.800,4720.6000,27756,-1,95272080.000,1,0,1,双平,S,4719.6000,4719.4000,4718.4000,4718.0000,4716.2000,4721.2000,4721.4000,4722.6000,4723.0000,4725.0000,1,1,2,1,1,1,1,2,1,1
SF,IC2003,2019-11-12 09:31:03.300,4720.6000,27756,0,95272080.000,0,-,-,-,-,4719.8000,4719.4000,4718.4000,4718.0000,4716.2000,4721.2000,4721.4000,4722.6000,4723.0000,4725.0000,1,1,2,1,1,1,1,1,1,1
SF,IC2003,2019-11-12 09:31:03.800,4719.4000,27755,-1,96215960.000,1,0,1,双平,S,4718.4000,4718.0000,4716.2000,4715.2000,4712.6000,4721.0000,4721.2000,4721.4000,4722.6000,4723.0000,2,1,1,7,1,1,1,1,1,1
SF,IC2003,2019-11-12 09:31:04.300,4721.0000,27755,0,97160160.000,1,0,1,多换,S,4718.6000,4718.4000,4718.0000,4716.2000,4715.2000,4721.2000,4721.4000,4722.6000,4723.0000,4725.0000,1,3,1,1,7,1,1,2,1,1
SF,IC2003,2019-11-12 09:31:04.800,4721.0000,27755,0,97160160.000,0,-,-,-,-,4719.4000,4718.8000,4718.6000,4718.4000,4718.0000,4721.2000,4721.4000,4722.6000,4723.0000,4725.0000,1,1,1,2,1,1,1,1,1,1
SF,IC2003,2019-11-12 09:31:05.300,4721.0000,27755,0,97160160.000,0,-,-,-,-,4719.8000,4719.6000,4719.4000,4718.6000,4718.4000,4720.8000,4721.2000,4721.4000,4722.6000,4723.0000,1,1,1,1,2,1,1,1,1,1
SF,IC2003,2019-11-12 09:31:05.800,4721.0000,27755,0,97160160.000,0,-,-,-,-,4719.8000,4719.4000,4718.6000,4718.4000,4718.0000,4720.0000,4720.8000,4721.2000,4721.4000,4722.6000,1,1,1,2,1,1,1,1,1,1
SF,IC2003,2019-11-12 09:31:06.300,4720.0000,27754,-1,98104160.000,1,0,1,双平,S,4720.0000,4719.8000,4719.4000,4718.6000,4718.4000,4721.2000,4721.4000,4722.4000,4722.6000,4723.0000,2,1,1,1,2,1,1,1,1,1
SF,IC2003,2019-11-12 09:31:06.800,4721.2000,27753,-1,99048400.000,1,0,1,双平,S,4720.0000,4719.8000,4719.4000,4718.6000,4718.4000,4721.4000,4722.6000,4723.0000,4725.0000,4727.0000,5,1,1,1,2,1,1,1,1,5
SF,IC2003,2019-11-12 09:31:07.300,4720.2000,27752,-1,99992440.000,1,0,1,双平,S,4720.0000,4719.8000,4719.4000,4718.6000,4718.4000,4721.4000,4722.6000,4723.0000,4725.0000,4727.0000,3,1,1,1,2,1,1,1,1,5
SF,IC2003,2019-11-12 09:31:08.300,4720.2000,27752,0,99992440.000,0,-,-,-,-,4720.2000,4720.0000,4719.4000,4718.6000,4718.4000,4721.4000,4722.6000,4723.0000,4725.0000,4727.0000,1,3,1,1,2,1,1,1,1,5
SF,IC2003,2019-11-12 09:31:08.800,4720.2000,27752,0,99992440.000,0,-,-,-,-,4720.2000,4720.0000,4719.4000,4718.6000,4718.4000,4721.2000,4721.4000,4722.6000,4723.0000,4725.0000,1,3,1,1,2,1,1,1,1,1
SF,IC2003,2019-11-12 09:31:09.300,4720.2000,27752,0,99992440.000,0,-,-,-,-,4720.2000,4720.0000,4719.4000,4718.6000,4718.4000,4721.2000,4721.4000,4722.6000,4723.0000,4725.0000,1,3,1,1,2,1,1,2,1,1
SF,IC2003,2019-11-12 09:31:09.800,4720.2000,27752,0,99992440.000,0,-,-,-,-,4720.2000,4720.0000,4719.4000,4718.6000,4718.4000,4720.8000,4721.2000,4721.4000,4722.6000,4723.0000,1,3,1,1,2,1,1,1,2,1
SF,IC2003,2019-11-12 09:31:10.300,4720.2000,27752,0,99992440.000,0,-,-,-,-,4720.2000,4720.0000,4719.4000,4718.6000,4718.4000,4721.4000,4722.6000,4723.0000,4725.0000,4727.0000,1,3,1,1,2,1,2,1,1,5
SF,IC2003,2019-11-12 09:31:10.800,4720.2000,27752,0,99992440.000,0,-,-,-,-,4720.2000,4720.0000,4719.4000,4718.6000,4718.4000,4720.8000,4721.0000,4721.2000,4721.4000,4722.6000,1,3,1,1,2,1,1,1,1,2
SF,IC2003,2019-11-12 09:31:11.300,4720.0000,27751,-1,102824480.000,3,1,2,多平,S,4719.4000,4718.4000,4718.0000,4716.2000,4715.2000,4719.6000,4720.2000,4720.8000,4721.0000,4721.4000,1,2,1,1,7,2,1,1,2,1
SF,IC2003,2019-11-12 09:31:11.800,4719.6000,27746,-5,107544000.000,5,0,5,双平,S,4719.6000,4718.4000,4718.0000,4716.2000,4715.2000,4720.2000,4720.8000,4721.0000,4721.4000,4722.6000,1,2,1,1,7,1,1,2,1,2
SF,IC2003,2019-11-12 09:31:12.300,4720.0000,27744,-2,109431920.000,2,0,2,双平,S,4720.0000,4718.4000,4718.0000,4716.2000,4715.2000,4720.2000,4720.8000,4721.0000,4721.4000,4722.6000,1,2,1,1,7,1,1,2,1,2
SF,IC2003,2019-11-12 09:31:12.800,4720.0000,27743,-1,110375920.000,1,0,1,双平,S,4718.4000,4718.0000,4716.2000,4715.2000,4712.6000,4719.4000,4719.8000,4720.0000,4720.2000,4720.8000,1,1,1,7,1,1,1,4,1,1
SF,IC2003,2019-11-12 09:31:13.300,4718.4000,27742,-1,112263280.000,2,0,2,多平,S,4718.0000,4716.2000,4715.2000,4712.6000,4710.8000,4719.4000,4720.0000,4720.2000,4720.8000,4721.0000,1,1,7,1,6,1,3,1,1,2
SF,IC2003,2019-11-12 09:31:13.800,4718.2000,27741,-1,114150520.000,2,0,2,多平,S,4716.2000,4715.2000,4712.6000,4710.8000,4710.2000,4718.2000,4719.4000,4719.8000,4720.0000,4720.2000,1,7,1,6,1,1,1,1,3,1
SF,IC2003,2019-11-12 09:31:14.300,4718.2000,27741,0,114150520.000,0,-,-,-,-,4716.4000,4716.2000,4715.2000,4712.6000,4710.8000,4718.4000,4719.0000,4719.4000,4719.8000,4720.0000,1,1,7,1,6,1,1,1,1,3
SF,IC2003,2019-11-12 09:31:14.800,4716.4000,27740,-1,115093800.000,1,0,1,双平,S,4718.2000,4715.2000,4714.4000,4712.6000,4710.8000,4718.4000,4718.6000,4719.0000,4719.4000,4720.0000,1,7,1,1,6,1,1,1,1,3
SF,IC2003,2019-11-12 09:31:15.300,4718.2000,27739,-1,116037440.000,1,0,1,双平,S,4715.2000,4712.6000,4710.8000,4710.2000,4710.0000,4718.0000,4718.2000,4718.4000,4719.0000,4719.4000,7,1,6,1,2,1,6,1,1,3
SF,IC2003,2019-11-12 09:31:15.800,4718.2000,27739,0,116037440.000,0,-,-,-,-,4715.4000,4715.2000,4712.6000,4710.8000,4710.2000,4717.8000,4718.2000,4718.4000,4719.0000,4719.4000,1,7,1,6,1,2,3,1,1,3
SF,IC2003,2019-11-12 09:31:16.300,4718.2000,27739,0,116037440.000,0,-,-,-,-,4715.2000,4712.6000,4710.8000,4710.2000,4710.0000,4717.8000,4718.2000,4718.4000,4719.0000,4719.4000,7,1,6,1,2,2,3,1,1,3
SF,IC2003,2019-11-12 09:31:16.800,4718.2000,27739,0,116037440.000,0,-,-,-,-,4715.2000,4712.6000,4710.8000,4710.2000,4710.0000,4717.4000,4717.8000,4718.2000,4718.4000,4719.0000,7,1,6,1,2,1,2,3,1,1
SF,IC2003,2019-11-12 09:31:17.300,4718.2000,27739,0,116037440.000,0,-,-,-,-,4715.2000,4712.6000,4710.8000,4710.2000,4710.0000,4717.2000,4717.4000,4717.8000,4718.2000,4718.4000,7,1,6,1,2,2,1,1,3,1
SF,IC2003,2019-11-12 09:31:17.800,4718.2000,27739,0,116037440.000,0,-,-,-,-,4715.2000,4712.6000,4710.8000,4710.2000,4710.0000,4717.0000,4717.2000,4717.4000,4717.8000,4718.2000,7,1,6,1,2,2,1,1,1,3
SF,IC2003,2019-11-12 09:31:18.300,4718.2000,27739,0,116037440.000,0,-,-,-,-,4715.2000,4712.6000,4710.8000,4710.2000,4710.0000,4717.0000,4717.2000,4717.4000,4717.8000,4718.2000,7,1,6,1,2,2,1,1,1,3
SF,IC2003,2019-11-12 09:31:18.800,4718.0000,27737,-2,117924640.000,2,0,2,双平,S,4715.4000,4715.2000,4714.0000,4712.6000,4710.8000,4717.0000,4717.4000,4717.8000,4718.2000,4718.4000,1,7,1,1,6,2,1,1,4,1
SF,IC2003,2019-11-12 09:31:19.300,4718.0000,27737,0,117924640.000,0,-,-,-,-,4715.4000,4715.2000,4712.6000,4710.8000,4710.2000,4717.0000,4717.4000,4717.8000,4718.2000,4718.4000,1,7,1,6,1,2,1,1,3,1
SF,IC2003,2019-11-12 09:31:19.800,4718.0000,27737,0,117924640.000,0,-,-,-,-,4715.6000,4715.4000,4715.2000,4712.6000,4710.8000,4717.0000,4717.4000,4717.8000,4718.2000,4718.4000,1,1,7,1,6,2,1,1,3,1
SF,IC2003,2019-11-12 09:31:20.300,4718.0000,27737,0,117924640.000,0,-,-,-,-,4715.4000,4715.2000,4712.6000,4710.8000,4710.2000,4717.0000,4717.4000,4717.8000,4718.2000,4718.4000,1,7,1,6,1,1,1,1,1,1
SF,IC2003,2019-11-12 09:31:20.800,4717.0000,27736,-1,118868040.000,1,0,1,双平,S,4717.0000,4715.6000,4715.4000,4715.2000,4712.6000,4717.4000,4717.8000,4718.2000,4718.4000,4719.0000,2,1,1,7,1,1,1,1,1,1
SF,IC2003,2019-11-12 09:31:21.300,4715.4000,27733,-3,123585040.000,5,1,4,多平,S,4715.2000,4712.6000,4710.8000,4710.2000,4710.0000,4715.4000,4717.8000,4718.2000,4718.4000,4719.0000,7,1,6,1,2,2,1,1,1,1
SF,IC2003,2019-11-12 09:31:21.800,4715.4000,27731,-2,125471200.000,2,0,2,双平,S,4715.6000,4715.4000,4715.2000,4712.6000,4710.8000,4719.0000,4719.4000,4720.0000,4720.8000,4721.4000,3,10,8,1,6,1,2,1,1,1
SF,IC2003,2019-11-12 09:31:22.300,4715.4000,27731,0,125471200.000,0,-,-,-,-,4716.0000,4715.8000,4715.6000,4715.4000,4715.2000,4719.4000,4720.0000,4720.8000,4721.4000,4722.6000,1,3,2,9,7,2,1,1,1,1
SF,IC2003,2019-11-12 09:31:22.800,4715.4000,27731,0,125471200.000,0,-,-,-,-,4716.2000,4716.0000,4715.6000,4715.4000,4715.2000,4719.2000,4719.4000,4720.0000,4720.8000,4721.4000,2,1,2,5,7,1,2,1,1,1
SF,IC2003,2019-11-12 09:31:23.300,4715.4000,27731,0,125471200.000,0,-,-,-,-,4716.6000,4716.2000,4716.0000,4715.6000,4715.4000,4718.4000,4718.8000,4719.0000,4719.2000,4719.4000,1,2,1,2,5,1,1,1,1,2
SF,IC2003,2019-11-12 09:31:23.800,4715.4000,27731,0,125471200.000,0,-,-,-,-,4717.6000,4716.2000,4715.6000,4715.4000,4715.2000,4718.4000,4718.8000,4719.0000,4719.4000,4720.0000,1,1,2,1,7,1,1,2,2,1
SF,IC2003,2019-11-12 09:31:24.300,4717.6000,27730,-1,126414720.000,1,0,1,双平,S,4716.2000,4716.0000,4715.6000,4715.2000,4712.6000,4717.4000,4717.6000,4718.4000,4718.8000,4719.0000,1,1,2,7,1,1,3,1,1,2
SF,IC2003,2019-11-12 09:31:24.800,4717.6000,27730,0,126414720.000,0,-,-,-,-,4716.0000,4715.6000,4715.2000,4712.6000,4710.8000,4717.4000,4717.6000,4718.4000,4718.8000,4719.0000,1,1,7,1,6,1,2,1,1,2
SF,IC2003,2019-11-12 09:31:25.300,4716.6000,27730,0,127358040.000,1,0,1,多换,S,4716.0000,4715.6000,4715.2000,4712.6000,4710.8000,4717.4000,4717.6000,4718.4000,4718.8000,4719.0000,1,1,7,1,6,1,2,1,1,2
SF,IC2003,2019-11-12 09:31:25.800,4716.6000,27730,0,127358040.000,0,-,-,-,-,4716.2000,4715.6000,4715.2000,4712.6000,4710.8000,4717.4000,4717.6000,4718.4000,4718.8000,4719.0000,1,1,7,1,6,1,2,1,1,2
SF,IC2003,2019-11-12 09:31:26.300,4717.4000,27730,0,128301520.000,1,0,1,多换,S,4716.2000,4715.6000,4715.2000,4712.6000,4710.8000,4717.6000,4718.4000,4718.8000,4719.0000,4719.4000,1,1,7,1,6,2,1,1,2,2
SF,IC2003,2019-11-12 09:31:26.800,4716.2000,27730,0,129244760.000,1,0,1,多换,S,4715.6000,4715.4000,4715.2000,4714.4000,4712.6000,4717.6000,4718.4000,4718.6000,4718.8000,4719.0000,1,1,7,1,1,2,1,1,1,2
SF,IC2003,2019-11-12 09:31:27.300,4716.2000,27730,0,129244760.000,0,-,-,-,-,4716.4000,4715.6000,4715.4000,4715.2000,4712.6000,4717.6000,4718.4000,4718.8000,4719.0000,4719.4000,1,1,1,7,1,2,1,1,2,2
SF,IC2003,2019-11-12 09:31:27.800,4716.2000,27730,0,129244760.000,0,-,-,-,-,4717.6000,4716.4000,4715.6000,4715.4000,4715.2000,4719.0000,4719.4000,4720.0000,4720.8000,4721.4000,1,1,1,2,7,1,2,2,1,1
SF,IC2003,2019-11-12 09:31:28.300,4716.2000,27730,0,129244760.000,0,-,-,-,-,4717.8000,4717.6000,4716.4000,4715.6000,4715.4000,4718.8000,4719.0000,4719.4000,4720.0000,4720.8000,2,1,1,1,2,1,1,2,2,1
SF,IC2003,2019-11-12 09:31:29.300,4716.2000,27730,0,130188000.000,1,0,1,多换,S,4717.8000,4717.6000,4716.8000,4716.4000,4715.6000,4718.0000,4718.8000,4719.0000,4719.4000,4720.0000,1,1,1,1,1,1,1,1,2,2
SF,IC2003,2019-11-12 09:31:29.800,4717.8000,27729,-1,131131560.000,1,0,1,双平,S,4716.8000,4716.4000,4715.6000,4715.4000,4715.2000,4717.8000,4718.0000,4719.0000,4719.4000,4720.0000,1,1,1,1,7,2,1,1,2,2
SF,IC2003,2019-11-12 09:31:30.300,4716.8000,27728,-1,132074920.000,1,0,1,双平,S,4716.4000,4715.6000,4715.4000,4715.2000,4712.6000,4717.8000,4718.0000,4719.0000,4719.4000,4720.0000,1,1,1,7,1,2,1,1,2,2
SF,IC2003,2019-11-12 09:31:30.800,4716.4000,27728,0,133018200.000,1,0,1,多换,S,4715.6000,4715.4000,4715.2000,4712.6000,4710.8000,4717.8000,4718.0000,4719.0000,4719.4000,4720.0000,1,1,7,1,6,2,1,1,2,2
SF,IC2003,2019-11-12 09:31:31.300,4717.8000,27727,-1,133961760.000,1,0,1,双平,S,4715.6000,4715.4000,4715.2000,4712.6000,4710.8000,4717.8000,4718.0000,4719.0000,4719.4000,4720.0000,1,1,7,1,6,1,6,1,2,2
SF,IC2003,2019-11-12 09:31:31.800,4717.8000,27727,0,133961760.000,0,-,-,-,-,4716.0000,4715.6000,4715.4000,4715.2000,4712.6000,4717.8000,4718.0000,4719.0000,4719.4000,4720.0000,2,1,1,7,1,1,6,1,2,2
SF,IC2003,2019-11-12 09:31:32.300,4717.6000,27726,-1,134905280.000,1,0,1,双平,S,4717.6000,4716.0000,4715.6000,4715.4000,4715.2000,4717.8000,4718.0000,4719.4000,4719.6000,4720.0000,1,2,1,2,7,1,6,2,1,2
SF,IC2003,2019-11-12 09:31:32.800,4717.6000,27725,-1,135848800.000,1,0,1,双平,S,4716.0000,4715.6000,4715.4000,4715.2000,4712.6000,4717.2000,4717.4000,4717.6000,4717.8000,4718.0000,2,1,1,7,1,2,1,2,1,6
SF,IC2003,2019-11-12 09:31:33.300,4717.6000,27725,0,135848800.000,0,-,-,-,-,4716.0000,4715.6000,4715.4000,4715.2000,4712.6000,4717.2000,4717.6000,4717.8000,4718.0000,4720.0000,1,1,1,7,1,2,2,1,6,2
SF,IC2003,2019-11-12 09:31:34.300,4717.6000,27725,0,135848800.000,0,-,-,-,-,4716.0000,4715.6000,4715.4000,4715.2000,4712.6000,4717.6000,4717.8000,4718.0000,4720.0000,4720.8000,1,1,1,7,1,2,1,6,2,1
SF,IC2003,2019-11-12 09:31:34.800,4717.6000,27725,0,135848800.000,0,-,-,-,-,4716.2000,4716.0000,4715.6000,4715.4000,4715.2000,4717.6000,4717.8000,4718.0000,4720.0000,4720.8000,1,1,1,1,7,2,1,6,2,1
SF,IC2003,2019-11-12 09:31:35.300,4717.6000,27725,0,135848800.000,0,-,-,-,-,4716.2000,4716.0000,4715.6000,4715.4000,4715.2000,4717.6000,4717.8000,4718.0000,4720.0000,4720.8000,2,1,1,1,7,1,1,6,2,1
SF,IC2003,2019-11-12 09:31:36.300,4717.6000,27725,0,135848800.000,0,-,-,-,-,4716.4000,4716.2000,4716.0000,4715.6000,4715.4000,4717.6000,4717.8000,4718.0000,4720.0000,4720.8000,3,1,1,1,1,1,1,6,2,1
SF,IC2003,2019-11-12 09:31:36.800,4716.6000,27726,1,136792120.000,1,1,0,双开,S,4716.6000,4716.4000,4716.0000,4715.6000,4715.4000,4717.6000,4717.8000,4718.0000,4720.0000,4720.2000,1,4,1,1,1,1,1,6,2,2
SF,IC2003,2019-11-12 09:31:38.300,4716.6000,27726,0,136792120.000,0,-,-,-,-,4716.6000,4716.4000,4716.0000,4715.6000,4715.4000,4717.6000,4717.8000,4718.0000,4718.2000,4720.0000,1,4,1,1,1,1,1,6,1,2
SF,IC2003,2019-11-12 09:31:38.800,4716.6000,27726,0,136792120.000,0,-,-,-,-,4716.4000,4716.0000,4715.6000,4715.4000,4715.2000,4717.6000,4718.0000,4718.2000,4720.0000,4720.2000,4,1,1,1,7,1,6,1,2,2
SF,IC2003,2019-11-12 09:31:39.800,4717.6000,27725,-1,137735640.000,1,0,1,双平,S,4717.6000,4716.8000,4716.4000,4716.0000,4715.6000,4718.0000,4718.2000,4720.0000,4720.2000,4720.8000,1,1,4,1,1,6,1,2,2,1
SF,IC2003,2019-11-12 09:31:40.800,4717.6000,27724,-1,138679160.000,1,0,1,双平,S,4716.8000,4716.4000,4716.0000,4715.6000,4715.4000,4718.0000,4718.2000,4720.0000,4720.2000,4720.8000,1,4,1,1,1,6,1,2,2,1
SF,IC2003,2019-11-12 09:31:41.300,4717.6000,27724,0,138679160.000,0,-,-,-,-,4716.8000,4716.4000,4716.0000,4715.6000,4715.4000,4717.6000,4718.0000,4718.2000,4720.0000,4720.2000,1,4,1,1,1,1,6,1,2,2
SF,IC2003,2019-11-12 09:31:41.800,4717.6000,27724,0,138679160.000,0,-,-,-,-,4716.8000,4716.4000,4716.0000,4715.6000,4715.4000,4718.0000,4718.2000,4720.0000,4720.2000,4720.8000,1,3,1,1,1,6,1,2,2,1
SF,IC2003,2019-11-12 09:31:42.800,4717.6000,27724,0,138679160.000,0,-,-,-,-,4717.0000,4716.8000,4716.4000,4716.0000,4715.4000,4718.0000,4718.2000,4720.0000,4720.2000,4720.8000,1,1,3,1,1,6,1,2,2,1
SF,IC2003,2019-11-12 09:31:43.300,4717.2000,27723,-1,139622600.000,1,0,1,双平,S,4717.2000,4717.0000,4716.8000,4716.4000,4716.0000,4718.0000,4718.2000,4720.0000,4720.2000,4720.8000,1,1,1,3,1,6,1,2,2,1
SF,IC2003,2019-11-12 09:31:44.300,4717.2000,27723,0,139622600.000,0,-,-,-,-,4717.2000,4717.0000,4716.4000,4716.0000,4715.4000,4718.0000,4718.2000,4720.0000,4720.2000,4720.8000,1,1,3,1,1,6,1,2,2,1
SF,IC2003,2019-11-12 09:31:45.300,4717.2000,27723,0,140566040.000,1,0,1,多换,S,4717.0000,4716.4000,4716.0000,4715.4000,4715.2000,4718.0000,4718.2000,4720.0000,4720.2000,4720.8000,1,3,1,1,7,6,1,2,2,1
SF,IC2003,2019-11-12 09:31:45.800,4718.0000,27720,-3,144340440.000,4,0,4,多平,S,4717.0000,4716.4000,4716.2000,4716.0000,4715.4000,4718.0000,4718.2000,4720.0000,4720.2000,4720.8000,1,3,1,1,1,3,1,2,2,1
SF,IC2003,2019-11-12 09:31:47.300,4718.0000,27720,0,144340440.000,0,-,-,-,-,4717.2000,4717.0000,4716.4000,4716.2000,4716.0000,4718.0000,4718.2000,4720.0000,4720.2000,4720.8000,2,1,3,1,1,3,1,2,2,1
SF,IC2003,2019-11-12 09:31:47.800,4718.0000,27720,0,144340440.000,0,-,-,-,-,4717.2000,4717.0000,4716.4000,4716.2000,4716.0000,4717.6000,4718.0000,4718.2000,4720.0000,4720.2000,3,1,3,1,1,1,3,1,2,2
SF,IC2003,2019-11-12 09:31:48.300,4718.0000,27719,-1,146227560.000,2,0,2,多平,S,4717.6000,4717.2000,4717.0000,4716.4000,4716.2000,4718.0000,4718.2000,4720.0000,4720.2000,4720.8000,2,3,1,3,1,2,1,2,2,1
SF,IC2003,2019-11-12 09:31:48.800,4718.2000,27718,-1,149058400.000,3,1,2,多平,S,4718.2000,4718.0000,4717.8000,4717.6000,4717.4000,4720.0000,4720.2000,4720.8000,4721.4000,4722.6000,1,1,1,1,1,2,2,1,1,1
SF,IC2003,2019-11-12 09:31:49.300,4718.2000,27718,0,149058400.000,0,-,-,-,-,4718.0000,4717.8000,4717.6000,4717.4000,4717.2000,4719.8000,4720.0000,4720.2000,4720.8000,4721.4000,1,1,1,1,2,2,2,2,1,1
SF,IC2003,2019-11-12 09:31:49.800,4718.2000,27718,0,149058400.000,0,-,-,-,-,4718.0000,4717.8000,4717.6000,4717.4000,4717.2000,4719.6000,4719.8000,4720.0000,4720.2000,4720.8000,1,1,1,1,2,1,2,2,2,1
SF,IC2003,2019-11-12 09:31:50.300,4718.2000,27718,0,149058400.000,0,-,-,-,-,4718.0000,4717.8000,4717.6000,4717.4000,4717.2000,4719.4000,4719.6000,4720.0000,4720.2000,4720.8000,1,1,1,1,2,1,1,2,2,1
SF,IC2003,2019-11-12 09:31:50.800,4718.0000,27717,-1,150002000.000,1,0,1,双平,S,4717.8000,4717.6000,4717.4000,4717.2000,4717.0000,4719.4000,4719.6000,4720.0000,4720.2000,4720.8000,1,1,1,2,1,1,1,2,2,1
SF,IC2003,2019-11-12 09:31:51.300,4718.0000,27717,0,150002000.000,0,-,-,-,-,4717.4000,4717.2000,4717.0000,4716.4000,4716.2000,4717.8000,4718.0000,4719.2000,4719.4000,4719.6000,1,2,1,3,1,1,1,2,1,1
SF,IC2003,2019-11-12 09:31:51.800,4717.4000,27717,0,150945480.000,1,0,1,多换,S,4717.2000,4716.4000,4716.2000,4716.0000,4715.4000,4717.6000,4717.8000,4718.0000,4719.2000,4719.6000,2,3,1,1,1,1,1,1,2,1
SF,IC2003,2019-11-12 09:31:52.300,4717.2000,27714,-3,153775880.000,3,0,3,双平,S,4716.4000,4716.2000,4716.0000,4715.4000,4715.2000,4717.4000,4717.8000,4718.0000,4719.6000,4720.0000,3,1,1,1,7,1,1,1,1,2
SF,IC2003,2019-11-12 09:31:52.800,4717.2000,27714,0,153775880.000,0,-,-,-,-,4716.6000,4716.4000,4716.2000,4716.0000,4715.4000,4717.4000,4717.8000,4718.0000,4718.8000,4719.6000,2,3,1,1,1,1,1,1,2,1
SF,IC2003,2019-11-12 09:31:53.300,4717.2000,27714,0,153775880.000,0,-,-,-,-,4716.4000,4716.2000,4716.0000,4715.4000,4715.2000,4717.4000,4717.8000,4718.0000,4718.8000,4720.0000,2,1,1,1,7,1,1,1,2,2
SF,IC2003,2019-11-12 09:31:53.800,4717.2000,27714,0,153775880.000,0,-,-,-,-,4716.4000,4716.2000,4716.0000,4715.4000,4715.2000,4717.4000,4717.8000,4718.0000,4718.8000,4720.0000,2,1,1,1,7,1,1,1,2,3
SF,IC2003,2019-11-12 09:31:54.300,4717.2000,27714,0,153775880.000,0,-,-,-,-,4716.6000,4716.4000,4716.2000,4716.0000,4715.4000,4717.8000,4718.0000,4718.8000,4720.0000,4720.8000,2,2,1,1,1,1,1,2,3,1
SF,IC2003,2019-11-12 09:31:54.800,4717.2000,27714,0,153775880.000,0,-,-,-,-,4716.4000,4716.2000,4716.0000,4715.4000,4715.2000,4717.6000,4717.8000,4718.0000,4718.8000,4720.0000,2,1,1,1,7,1,1,1,2,3
SF,IC2003,2019-11-12 09:31:55.800,4717.6000,27713,-1,154719400.000,1,0,1,双平,S,4716.4000,4716.2000,4716.0000,4715.8000,4715.4000,4717.8000,4718.0000,4718.8000,4719.2000,4720.0000,2,1,1,1,1,1,1,2,1,3
SF,IC2003,2019-11-12 09:31:56.300,4717.8000,27712,-1,155662960.000,1,0,1,双平,S,4716.6000,4716.4000,4716.2000,4716.0000,4715.4000,4718.8000,4720.0000,4720.8000,4721.4000,4722.6000,1,2,1,1,1,2,3,1,1,1
SF,IC2003,2019-11-12 09:31:56.800,4717.8000,27712,0,155662960.000,0,-,-,-,-,4716.6000,4716.4000,4716.2000,4716.0000,4715.4000,4718.6000,4718.8000,4720.0000,4720.8000,4721.4000,1,2,1,1,1,4,2,3,1,1
SF,IC2003,2019-11-12 09:31:57.300,4717.8000,27712,0,155662960.000,0,-,-,-,-,4716.6000,4716.4000,4716.2000,4715.4000,4715.2000,4718.6000,4718.8000,4720.0000,4720.8000,4721.4000,1,2,1,1,7,4,2,3,1,1
SF,IC2003,2019-11-12 09:31:57.800,4717.8000,27712,0,155662960.000,0,-,-,-,-,4716.6000,4716.4000,4716.2000,4715.4000,4715.2000,4718.6000,4718.8000,4720.0000,4720.8000,4721.4000,1,2,1,1,7,3,2,3,1,1
SF,IC2003,2019-11-12 09:31:58.300,4717.8000,27712,0,155662960.000,0,-,-,-,-,4716.6000,4716.4000,4716.2000,4715.4000,4715.2000,4718.0000,4718.2000,4718.4000,4718.6000,4718.8000,1,2,1,1,7,1,1,2,3,2
SF,IC2003,2019-11-12 09:31:58.800,4717.8000,27712,0,155662960.000,0,-,-,-,-,4716.6000,4716.4000,4716.2000,4715.4000,4715.2000,4718.0000,4718.6000,4718.8000,4720.0000,4720.8000,1,2,1,1,7,1,3,2,3,1
SF,IC2003,2019-11-12 09:31:59.300,4717.8000,27712,0,155662960.000,0,-,-,-,-,4716.6000,4716.4000,4716.2000,4715.4000,4715.2000,4717.8000,4718.0000,4718.6000,4718.8000,4720.0000,1,2,1,1,7,2,1,1,2,3
SF,IC2003,2019-11-12 09:31:59.800,4717.8000,27712,0,155662960.000,0,-,-,-,-,4716.6000,4716.4000,4716.2000,4715.4000,4715.2000,4717.8000,4718.0000,4718.6000,4718.8000,4720.0000,1,2,1,1,7,2,2,1,2,3
SF,IC2003,2019-11-12 09:32:01.300,4717.8000,27710,-2,157550080.000,2,0,2,双平,S,4716.6000,4716.4000,4716.2000,4715.4000,4715.2000,4718.0000,4718.6000,4718.8000,4720.0000,4720.8000,1,2,1,1,7,2,1,2,3,1
SF,IC2003,2019-11-12 09:32:01.800,4718.0000,27709,-1,158493680.000,1,0,1,双平,S,4716.8000,4716.6000,4716.4000,4716.2000,4715.4000,4718.0000,4720.0000,4720.8000,4721.4000,4722.6000,4,1,2,1,1,1,3,1,1,1
SF,IC2003,2019-11-12 09:32:02.300,4718.0000,27709,0,158493680.000,0,-,-,-,-,4717.0000,4716.8000,4716.4000,4716.2000,4715.4000,4718.0000,4720.0000,4720.8000,4721.4000,4722.6000,1,4,2,1,1,1,3,1,1,1
SF,IC2003,2019-11-12 09:32:03.300,4718.0000,27709,0,159437280.000,1,0,1,多换,S,4718.0000,4717.0000,4716.8000,4716.4000,4716.2000,4720.0000,4720.8000,4721.4000,4722.6000,4723.0000,1,1,4,2,1,3,1,1,1,1
SF,IC2003,2019-11-12 09:32:03.800,4718.0000,27709,0,159437280.000,0,-,-,-,-,4716.4000,4716.2000,4715.4000,4715.2000,4715.0000,4719.6000,4719.8000,4720.0000,4720.8000,4721.4000,2,1,1,7,1,1,1,3,1,1
SF,IC2003,2019-11-12 09:32:04.300,4718.0000,27709,0,159437280.000,0,-,-,-,-,4716.8000,4716.6000,4716.4000,4716.2000,4715.4000,4719.6000,4720.0000,4720.8000,4721.4000,4722.6000,5,3,2,1,1,1,3,1,1,1
SF,IC2003,2019-11-12 09:32:04.800,4718.0000,27709,0,159437280.000,0,-,-,-,-,4717.0000,4716.8000,4716.4000,4716.2000,4715.4000,4719.6000,4720.0000,4720.8000,4721.4000,4722.6000,3,5,2,1,1,1,3,1,1,1
SF,IC2003,2019-11-12 09:32:05.300,4718.0000,27709,0,159437280.000,0,-,-,-,-,4717.4000,4717.0000,4716.8000,4716.4000,4716.2000,4719.4000,4719.6000,4720.0000,4720.8000,4721.4000,2,3,5,2,1,1,1,3,1,1
SF,IC2003,2019-11-12 09:32:05.800,4718.0000,27709,0,159437280.000,0,-,-,-,-,4717.6000,4717.4000,4717.0000,4716.8000,4716.4000,4719.4000,4719.6000,4719.8000,4720.0000,4720.8000,1,2,1,5,2,1,1,1,3,1
SF,IC2003,2019-11-12 09:32:06.300,4718.0000,27709,0,159437280.000,0,-,-,-,-,4717.6000,4717.4000,4717.0000,4716.8000,4716.4000,4719.4000,4719.8000,4720.0000,4720.8000,4721.4000,1,2,1,5,2,1,1,3,1,1
SF,IC2003,2019-11-12 09:32:06.800,4718.0000,27709,0,159437280.000,0,-,-,-,-,4717.6000,4717.4000,4717.0000,4716.8000,4716.4000,4719.4000,4719.8000,4720.0000,4720.8000,4721.4000,1,2,1,5,2,1,1,3,1,1
SF,IC2003,2019-11-12 09:32:07.800,4718.0000,27709,0,159437280.000,0,-,-,-,-,4717.6000,4717.4000,4717.0000,4716.8000,4716.4000,4719.4000,4719.8000,4720.0000,4720.8000,4721.4000,1,2,1,6,2,1,1,3,1,1
SF,IC2003,2019-11-12 09:32:08.800,4718.0000,27709,0,159437280.000,0,-,-,-,-,4718.2000,4717.6000,4717.4000,4717.0000,4716.8000,4719.4000,4719.8000,4720.0000,4720.8000,4721.4000,2,1,2,1,6,1,1,3,1,1
SF,IC2003,2019-11-12 09:32:09.300,4718.0000,27709,0,159437280.000,0,-,-,-,-,4718.2000,4717.4000,4717.0000,4716.8000,4716.4000,4719.4000,4719.8000,4720.0000,4720.8000,4721.4000,2,2,1,6,2,1,1,3,1,1
SF,IC2003,2019-11-12 09:32:10.300,4718.0000,27709,0,159437280.000,0,-,-,-,-,4718.2000,4717.4000,4717.0000,4716.8000,4716.4000,4719.4000,4719.8000,4720.0000,4720.8000,4721.4000,2,2,1,6,2,1,2,3,1,1
SF,IC2003,2019-11-12 09:32:11.800,4719.8000,27707,-2,161325120.000,2,0,2,双平,S,4719.4000,4718.2000,4717.4000,4717.0000,4716.8000,4719.8000,4720.0000,4720.8000,4721.4000,4722.6000,1,2,2,1,6,1,3,1,1,1
SF,IC2003,2019-11-12 09:32:12.300,4719.8000,27706,-1,163212960.000,2,0,2,多平,S,4718.2000,4717.4000,4717.0000,4716.8000,4716.4000,4720.0000,4720.8000,4721.4000,4722.6000,4723.0000,2,2,1,6,2,3,1,1,1,1
SF,IC2003,2019-11-12 09:32:12.800,4719.8000,27706,0,163212960.000,0,-,-,-,-,4718.4000,4718.2000,4717.4000,4717.0000,4716.8000,4720.0000,4720.8000,4721.4000,4722.6000,4723.0000,1,2,2,1,6,3,1,1,1,1
SF,IC2003,2019-11-12 09:32:15.300,4719.8000,27706,0,163212960.000,0,-,-,-,-,4718.4000,4718.2000,4717.4000,4717.0000,4716.8000,4719.8000,4720.0000,4720.8000,4721.4000,4722.6000,1,2,2,1,6,1,3,1,1,1
SF,IC2003,2019-11-12 09:32:17.300,4719.8000,27706,0,163212960.000,0,-,-,-,-,4718.4000,4718.2000,4717.4000,4717.0000,4716.8000,4720.0000,4720.8000,4721.4000,4722.6000,4723.0000,1,2,2,1,6,3,1,1,1,1
SF,IC2003,2019-11-12 09:32:18.300,4720.0000,27703,-3,166988640.000,4,0,4,多平,S,4718.2000,4717.8000,4717.4000,4717.0000,4716.8000,4720.8000,4721.2000,4721.4000,4722.6000,4723.0000,2,1,2,1,6,1,1,1,1,1
SF,IC2003,2019-11-12 09:32:18.800,4720.0000,27703,0,166988640.000,0,-,-,-,-,4720.0000,4718.4000,4718.2000,4717.4000,4716.8000,4720.4000,4720.8000,4721.4000,4722.6000,4723.0000,1,3,3,2,6,1,2,1,1,1
SF,IC2003,2019-11-12 09:32:19.300,4720.8000,27702,-1,167932800.000,1,0,1,双平,S,4718.4000,4718.2000,4717.4000,4716.8000,4716.4000,4720.6000,4721.4000,4722.6000,4723.0000,4725.0000,5,3,2,6,2,1,1,1,1,5
SF,IC2003,2019-11-12 09:32:19.800,4720.8000,27702,0,167932800.000,0,-,-,-,-,4718.6000,4718.4000,4718.2000,4717.4000,4716.8000,4721.4000,4722.6000,4723.0000,4725.0000,4727.0000,2,5,3,2,6,1,1,1,5,5
SF,IC2003,2019-11-12 09:32:20.300,4721.4000,27701,-1,168877080.000,1,0,1,双平,S,4718.8000,4718.6000,4718.2000,4717.4000,4716.8000,4722.6000,4723.0000,4725.0000,4727.0000,4727.8000,8,2,3,2,6,1,1,5,5,1
SF,IC2003,2019-11-12 09:32:20.800,4721.4000,27701,0,168877080.000,0,-,-,-,-,4719.2000,4719.0000,4718.8000,4718.2000,4717.4000,4722.2000,4722.4000,4722.6000,4723.0000,4725.0000,1,3,8,3,2,1,1,1,2,5
SF,IC2003,2019-11-12 09:32:21.300,4722.2000,27700,-1,169821520.000,1,0,1,双平,S,4720.2000,4719.4000,4719.2000,4719.0000,4718.8000,4722.6000,4723.0000,4725.0000,4727.0000,4727.8000,1,3,1,1,7,1,2,5,5,1
SF,IC2003,2019-11-12 09:32:21.800,4722.2000,27700,0,169821520.000,0,-,-,-,-,4720.4000,4720.2000,4719.4000,4719.2000,4719.0000,4722.0000,4722.4000,4722.6000,4723.0000,4725.0000,2,1,1,1,1,1,1,1,1,5
SF,IC2003,2019-11-12 09:32:22.300,4720.4000,27699,-1,170765600.000,1,0,1,双平,S,4720.2000,4719.4000,4719.2000,4719.0000,4718.8000,4722.4000,4722.6000,4723.0000,4725.0000,4727.0000,1,1,1,2,3,1,1,1,5,5
SF,IC2003,2019-11-12 09:32:22.800,4720.4000,27699,0,170765600.000,0,-,-,-,-,4720.2000,4719.4000,4719.2000,4719.0000,4718.8000,4722.2000,4722.4000,4722.6000,4723.0000,4725.0000,1,1,1,1,3,1,1,1,1,5
SF,IC2003,2019-11-12 09:32:23.300,4720.4000,27699,0,170765600.000,0,-,-,-,-,4720.4000,4720.2000,4719.4000,4719.2000,4719.0000,4722.2000,4722.6000,4723.0000,4725.0000,4727.0000,1,1,1,1,1,1,1,1,5,5
SF,IC2003,2019-11-12 09:32:23.800,4720.4000,27699,0,170765600.000,0,-,-,-,-,4720.4000,4720.2000,4719.4000,4719.2000,4719.0000,4722.6000,4723.0000,4725.0000,4727.0000,4727.8000,5,1,1,1,1,1,1,5,5,1
SF,IC2003,2019-11-12 09:32:24.300,4720.4000,27699,0,170765600.000,0,-,-,-,-,4720.2000,4719.4000,4719.2000,4719.0000,4718.8000,4722.4000,4722.6000,4723.0000,4725.0000,4727.0000,1,1,1,1,3,1,1,1,5,5
SF,IC2003,2019-11-12 09:32:24.800,4720.4000,27698,-1,171709680.000,1,0,1,双平,S,4720.6000,4719.4000,4719.2000,4719.0000,4718.8000,4722.4000,4722.6000,4723.0000,4725.0000,4727.0000,1,1,1,1,3,1,1,1,5,5
SF,IC2003,2019-11-12 09:32:25.300,4720.4000,27698,0,171709680.000,0,-,-,-,-,4720.8000,4720.6000,4719.4000,4719.2000,4719.0000,4722.4000,4722.6000,4723.0000,4725.0000,4727.0000,4,3,1,1,1,1,1,1,5,5
SF,IC2003,2019-11-12 09:32:25.800,4720.4000,27698,0,171709680.000,0,-,-,-,-,4720.8000,4720.6000,4719.4000,4719.2000,4719.0000,4722.4000,4722.6000,4723.0000,4725.0000,4727.0000,4,2,1,1,1,1,1,1,5,5
SF,IC2003,2019-11-12 09:32:26.300,4720.4000,27698,0,171709680.000,0,-,-,-,-,4721.4000,4720.8000,4720.6000,4719.4000,4719.2000,4722.4000,4722.6000,4723.0000,4725.0000,4727.0000,1,4,1,1,1,1,1,1,5,5
SF,IC2003,2019-11-12 09:32:26.800,4720.4000,27698,0,171709680.000,0,-,-,-,-,4721.4000,4719.4000,4719.2000,4719.0000,4718.8000,4722.4000,4722.6000,4723.0000,4725.0000,4727.0000,1,1,1,1,2,1,1,1,5,5
SF,IC2003,2019-11-12 09:32:27.300,4720.4000,27698,0,171709680.000,0,-,-,-,-,4719.4000,4719.2000,4719.0000,4718.8000,4718.2000,4722.4000,4722.6000,4723.0000,4725.0000,4727.0000,1,1,1,2,3,2,1,1,5,5
SF,IC2003,2019-11-12 09:32:27.800,4720.4000,27698,0,171709680.000,0,-,-,-,-,4720.6000,4719.8000,4719.6000,4719.4000,4719.2000,4722.4000,4722.6000,4723.0000,4725.0000,4727.0000,1,1,7,1,1,2,1,1,5,5
SF,IC2003,2019-11-12 09:32:28.300,4720.4000,27698,0,171709680.000,0,-,-,-,-,4720.8000,4720.6000,4719.8000,4719.6000,4719.4000,4722.4000,4722.6000,4723.0000,4725.0000,4727.0000,5,1,1,1,1,1,1,1,5,5
SF,IC2003,2019-11-12 09:32:28.800,4720.4000,27698,0,171709680.000,0,-,-,-,-,4720.8000,4719.8000,4719.6000,4719.4000,4719.2000,4722.4000,4722.6000,4723.0000,4725.0000,4727.0000,4,1,1,1,1,1,1,1,5,5
SF,IC2003,2019-11-12 09:32:29.300,4720.4000,27698,0,171709680.000,0,-,-,-,-,4720.8000,4719.8000,4719.6000,4719.4000,4719.2000,4722.4000,4722.6000,4723.0000,4725.0000,4727.0000,4,1,1,1,1,1,1,1,5,5
SF,IC2003,2019-11-12 09:32:29.800,4720.4000,27698,0,171709680.000,0,-,-,-,-,4720.8000,4719.8000,4719.6000,4719.4000,4719.2000,4722.2000,4722.4000,4722.6000,4723.0000,4725.0000,4,1,1,1,1,1,1,1,1,5
SF,IC2003,2019-11-12 09:32:32.300,4720.4000,27698,0,171709680.000,0,-,-,-,-,4721.4000,4720.8000,4719.8000,4719.6000,4719.4000,4722.2000,4722.4000,4722.6000,4723.0000,4725.0000,1,6,1,1,1,1,1,1,1,5
SF,IC2003,2019-11-12 09:32:33.300,4721.4000,27697,-1,172653960.000,1,0,1,双平,S,4720.8000,4719.8000,4719.6000,4719.4000,4719.2000,4721.4000,4722.2000,4722.4000,4722.6000,4723.0000,2,1,1,1,1,2,1,1,1,1
SF,IC2003,2019-11-12 09:32:33.800,4719.8000,27694,-3,175486240.000,3,0,3,双平,S,4719.4000,4719.2000,4719.0000,4718.8000,4718.2000,4720.4000,4721.2000,4721.4000,4722.4000,4722.6000,1,1,1,1,3,2,1,2,1,1
SF,IC2003,2019-11-12 09:32:34.300,4719.8000,27694,0,175486240.000,0,-,-,-,-,4719.6000,4719.4000,4719.2000,4719.0000,4718.8000,4720.4000,4721.4000,4722.4000,4722.6000,4723.0000,5,1,1,1,1,2,2,1,1,2
SF,IC2003,2019-11-12 09:32:34.800,4719.6000,27690,-4,179261920.000,4,0,4,双平,S,4719.2000,4719.0000,4718.8000,4718.2000,4717.4000,4719.6000,4720.4000,4721.4000,4722.4000,4722.6000,1,1,1,3,2,1,2,2,1,1
SF,IC2003,2019-11-12 09:32:35.300,4719.6000,27689,-1,180205840.000,1,0,1,双平,S,4719.2000,4719.0000,4718.8000,4718.2000,4717.4000,4720.4000,4721.4000,4722.4000,4722.6000,4723.0000,1,1,1,3,2,2,2,1,1,2
SF,IC2003,2019-11-12 09:32:35.800,4719.6000,27689,0,180205840.000,0,-,-,-,-,4720.4000,4720.0000,4719.6000,4719.4000,4719.2000,4721.4000,4722.4000,4722.6000,4723.0000,4725.0000,1,2,1,1,1,2,1,1,2,5
SF,IC2003,2019-11-12 09:32:36.300,4720.4000,27688,-1,181149920.000,1,0,1,双平,S,4719.0000,4718.8000,4718.2000,4717.4000,4716.8000,4720.4000,4721.2000,4721.4000,4722.4000,4722.6000,1,1,3,2,6,3,6,2,1,1
SF,IC2003,2019-11-12 09:32:36.800,4720.4000,27688,0,181149920.000,0,-,-,-,-,4719.2000,4719.0000,4718.8000,4718.2000,4717.4000,4720.4000,4721.4000,4721.8000,4722.4000,4722.6000,1,1,1,3,2,2,2,1,1,1
SF,IC2003,2019-11-12 09:32:37.300,4720.4000,27688,0,181149920.000,0,-,-,-,-,4719.6000,4719.2000,4719.0000,4718.8000,4718.2000,4720.4000,4721.4000,4721.8000,4722.4000,4722.6000,1,1,1,1,3,2,2,1,1,1
SF,IC2003,2019-11-12 09:32:37.800,4720.4000,27688,0,181149920.000,0,-,-,-,-,4719.6000,4719.0000,4718.8000,4718.2000,4717.4000,4720.4000,4721.4000,4721.8000,4722.4000,4722.6000,1,1,1,3,2,2,2,1,1,1
SF,IC2003,2019-11-12 09:32:38.800,4720.4000,27688,0,181149920.000,0,-,-,-,-,4719.6000,4718.8000,4718.2000,4717.4000,4716.8000,4720.4000,4721.4000,4721.8000,4722.4000,4722.6000,1,1,3,2,6,2,2,1,1,1
SF,IC2003,2019-11-12 09:32:39.300,4720.4000,27688,0,181149920.000,0,-,-,-,-,4719.8000,4719.6000,4718.8000,4718.2000,4717.4000,4720.4000,4721.4000,4721.8000,4722.4000,4722.6000,1,1,1,3,2,2,2,1,1,1
SF,IC2003,2019-11-12 09:32:39.800,4720.4000,27687,-1,182094000.000,1,0,1,双平,S,4719.8000,4719.6000,4718.8000,4718.2000,4717.4000,4720.4000,4721.4000,4721.8000,4722.4000,4722.6000,1,1,1,3,2,1,2,1,1,1
SF,IC2003,2019-11-12 09:32:40.800,4720.4000,27686,-1,183038080.000,1,0,1,双平,S,4720.4000,4719.8000,4719.6000,4718.8000,4718.2000,4721.4000,4721.8000,4722.4000,4722.6000,4723.0000,1,1,1,1,3,2,1,1,1,2
SF,IC2003,2019-11-12 09:32:41.300,4720.4000,27685,-1,183982160.000,1,0,1,双平,S,4719.8000,4719.6000,4718.8000,4718.2000,4717.4000,4721.2000,4721.4000,4721.8000,4722.4000,4722.6000,1,1,1,3,2,4,2,1,1,1
SF,IC2003,2019-11-12 09:32:41.800,4720.4000,27685,0,183982160.000,0,-,-,-,-,4720.0000,4719.8000,4719.6000,4718.8000,4718.2000,4721.4000,4721.8000,4722.4000,4722.6000,4723.0000,1,1,1,1,3,2,1,1,1,2
SF,IC2003,2019-11-12 09:32:42.300,4720.4000,27685,0,183982160.000,0,-,-,-,-,4720.0000,4719.8000,4719.6000,4718.8000,4718.2000,4721.4000,4722.4000,4722.6000,4723.0000,4725.0000,1,1,1,1,3,2,1,1,1,5
SF,IC2003,2019-11-12 09:32:42.800,4720.4000,27685,0,183982160.000,0,-,-,-,-,4720.8000,4719.8000,4719.6000,4718.8000,4718.2000,4721.2000,4721.4000,4722.4000,4722.6000,4723.0000,2,1,1,1,3,5,2,1,1,1
SF,IC2003,2019-11-12 09:32:43.300,4719.6000,27683,-2,188702280.000,5,1,4,多平,S,4718.8000,4718.2000,4717.4000,4716.8000,4716.4000,4719.8000,4720.2000,4720.6000,4721.2000,4722.4000,1,3,2,6,2,1,2,1,5,1
SF,IC2003,2019-11-12 09:32:43.800,4719.8000,27682,-1,189646240.000,1,0,1,双平,S,4719.0000,4718.8000,4718.2000,4717.4000,4716.8000,4720.2000,4722.4000,4722.6000,4723.0000,4725.0000,1,1,3,2,6,2,1,1,1,5
SF,IC2003,2019-11-12 09:32:44.300,4719.8000,27682,0,189646240.000,0,-,-,-,-,4718.8000,4718.2000,4717.4000,4716.8000,4716.4000,4722.4000,4722.6000,4723.0000,4725.0000,4727.0000,1,3,2,6,2,1,1,1,5,5
SF,IC2003,2019-11-12 09:32:44.800,4719.8000,27682,0,189646240.000,0,-,-,-,-,4719.0000,4718.8000,4718.2000,4717.4000,4716.8000,4720.8000,4721.8000,4722.0000,4722.2000,4722.4000,1,1,3,2,6,1,3,1,4,1
SF,IC2003,2019-11-12 09:32:45.300,4719.8000,27682,0,189646240.000,0,-,-,-,-,4718.2000,4717.4000,4716.8000,4716.4000,4716.2000,4720.6000,4720.8000,4721.0000,4722.0000,4722.4000,3,2,6,2,1,6,1,5,1,1
SF,IC2003,2019-11-12 09:32:45.800,4719.8000,27682,0,189646240.000,0,-,-,-,-,4718.4000,4718.2000,4717.4000,4716.8000,4716.4000,4720.4000,4720.6000,4720.8000,4721.0000,4722.0000,2,3,2,6,2,1,4,1,5,1
SF,IC2003,2019-11-12 09:32:46.800,4719.8000,27682,0,189646240.000,0,-,-,-,-,4718.4000,4718.2000,4717.4000,4716.8000,4716.4000,4720.4000,4720.6000,4720.8000,4721.0000,4721.6000,2,3,2,6,2,1,4,1,5,1
SF,IC2003,2019-11-12 09:32:47.300,4719.8000,27682,0,189646240.000,0,-,-,-,-,4718.4000,4718.2000,4717.4000,4716.8000,4716.4000,4720.4000,4721.0000,4721.6000,4722.0000,4722.4000,2,3,2,6,2,1,5,1,1,1
SF,IC2003,2019-11-12 09:32:47.800,4719.8000,27682,0,189646240.000,0,-,-,-,-,4718.4000,4718.2000,4717.4000,4716.8000,4716.4000,4720.4000,4721.0000,4721.6000,4722.0000,4722.4000,1,2,2,6,2,1,5,1,1,1
SF,IC2003,2019-11-12 09:32:48.300,4719.8000,27682,0,189646240.000,0,-,-,-,-,4718.4000,4718.2000,4717.4000,4716.8000,4716.4000,4720.2000,4720.4000,4721.0000,4721.6000,4722.0000,1,2,2,6,2,1,1,5,1,1
SF,IC2003,2019-11-12 09:32:48.800,4720.2000,27683,1,191534280.000,2,1,1,空开,S,4718.2000,4717.4000,4716.8000,4716.4000,4716.2000,4721.0000,4721.6000,4722.0000,4722.4000,4722.6000,3,2,6,2,1,5,2,1,1,1
SF,IC2003,2019-11-12 09:32:49.300,4720.2000,27683,0,191534280.000,0,-,-,-,-,4719.8000,4718.4000,4718.2000,4717.4000,4716.8000,4720.8000,4721.0000,4721.6000,4722.4000,4722.6000,2,1,3,2,6,2,5,1,1,1
SF,IC2003,2019-11-12 09:32:49.800,4719.8000,27681,-2,193422200.000,2,0,2,双平,S,4718.4000,4718.2000,4717.4000,4716.8000,4716.4000,4719.6000,4719.8000,4720.2000,4720.6000,4720.8000,1,2,2,6,2,1,1,1,1,6
SF,IC2003,2019-11-12 09:32:50.300,4719.8000,27681,0,193422200.000,0,-,-,-,-,4719.0000,4718.6000,4718.2000,4717.4000,4716.8000,4719.4000,4720.4000,4720.6000,4720.8000,4721.0000,1,1,2,2,6,4,1,1,1,5
SF,IC2003,2019-11-12 09:32:50.800,4719.0000,27680,-1,194366000.000,1,0,1,双平,S,4718.2000,4717.4000,4716.8000,4716.4000,4716.2000,4719.4000,4720.4000,4720.6000,4720.8000,4721.0000,2,2,6,2,1,4,1,1,1,5
SF,IC2003,2019-11-12 09:32:52.800,4718.2000,27679,-1,195309640.000,1,0,1,双平,S,4718.2000,4717.4000,4716.8000,4716.4000,4716.2000,4719.4000,4720.4000,4720.6000,4720.8000,4721.0000,1,2,6,2,1,4,1,1,1,5
SF,IC2003,2019-11-12 09:32:53.300,4718.2000,27679,0,195309640.000,0,-,-,-,-,4718.4000,4718.2000,4717.4000,4716.8000,4716.4000,4719.4000,4720.4000,4720.6000,4720.8000,4721.0000,1,1,2,6,2,4,1,1,1,5
SF,IC2003,2019-11-12 09:32:53.800,4718.2000,27679,0,195309640.000,0,-,-,-,-,4718.2000,4717.4000,4716.8000,4716.4000,4716.2000,4719.4000,4720.4000,4720.6000,4720.8000,4721.0000,1,2,6,2,1,4,1,1,1,5
SF,IC2003,2019-11-12 09:32:54.300,4718.2000,27679,0,195309640.000,0,-,-,-,-,4718.4000,4718.2000,4718.0000,4717.4000,4716.8000,4719.4000,4720.4000,4720.6000,4720.8000,4721.0000,1,1,1,2,6,4,1,1,1,5
SF,IC2003,2019-11-12 09:32:54.800,4718.2000,27679,0,195309640.000,0,-,-,-,-,4718.4000,4718.2000,4718.0000,4717.4000,4716.8000,4720.6000,4720.8000,4721.0000,4721.6000,4722.6000,1,1,1,2,6,1,1,5,1,1
SF,IC2003,2019-11-12 09:32:55.300,4718.2000,27679,0,195309640.000,0,-,-,-,-,4719.4000,4718.4000,4718.2000,4718.0000,4717.4000,4720.4000,4720.6000,4720.8000,4721.0000,4721.6000,1,1,1,1,2,4,1,1,5,1
SF,IC2003,2019-11-12 09:32:55.800,4718.2000,27679,0,195309640.000,0,-,-,-,-,4719.4000,4718.2000,4718.0000,4717.4000,4716.8000,4720.4000,4720.8000,4721.0000,4721.6000,4722.6000,1,1,1,2,6,4,1,5,1,1
SF,IC2003,2019-11-12 09:32:56.300,4720.4000,27678,-1,196253720.000,1,0,1,双平,S,4719.6000,4719.4000,4718.2000,4718.0000,4717.4000,4720.4000,4720.8000,4721.0000,4721.6000,4722.6000,1,1,1,2,2,3,1,5,1,1
SF,IC2003,2019-11-12 09:32:56.800,4720.8000,27674,-4,200030120.000,4,0,4,双平,S,4720.8000,4719.6000,4719.4000,4718.2000,4718.0000,4721.0000,4721.6000,4722.6000,4723.0000,4725.0000,2,1,1,1,2,5,1,1,1,6
SF,IC2003,2019-11-12 09:32:57.300,4721.0000,27674,0,205695320.000,6,3,3,多换,S,4720.8000,4719.8000,4719.4000,4718.2000,4718.0000,4721.6000,4722.6000,4723.0000,4725.0000,4727.0000,1,4,1,1,2,1,1,1,6,5
SF,IC2003,2019-11-12 09:32:57.800,4720.8000,27673,-1,206639480.000,1,0,1,双平,S,4721.2000,4719.4000,4718.2000,4718.0000,4717.4000,4722.6000,4723.0000,4725.0000,4727.0000,4727.8000,2,1,1,2,2,1,1,6,5,1
SF,IC2003,2019-11-12 09:32:58.300,4721.2000,27672,-1,208527880.000,2,0,2,多平,S,4719.4000,4718.2000,4718.0000,4717.6000,4717.4000,4720.8000,4721.2000,4721.6000,4722.2000,4722.4000,1,1,2,1,2,2,1,1,1,1
SF,IC2003,2019-11-12 09:32:58.800,4721.2000,27672,0,208527880.000,0,-,-,-,-,4719.6000,4719.4000,4718.2000,4718.0000,4717.6000,4720.8000,4722.2000,4722.4000,4722.6000,4723.0000,1,1,1,2,1,2,1,1,1,1
SF,IC2003,2019-11-12 09:32:59.300,4721.2000,27672,0,208527880.000,0,-,-,-,-,4719.6000,4719.4000,4718.2000,4718.0000,4717.6000,4720.8000,4721.2000,4722.2000,4722.4000,4722.6000,1,1,1,2,1,2,1,1,1,1
SF,IC2003,2019-11-12 09:32:59.800,4721.2000,27672,0,208527880.000,0,-,-,-,-,4719.6000,4719.4000,4718.2000,4718.0000,4717.6000,4720.8000,4721.2000,4722.0000,4722.2000,4722.6000,1,1,1,2,1,2,1,1,1,1
SF,IC2003,2019-11-12 09:33:01.300,4721.2000,27672,0,208527880.000,0,-,-,-,-,4720.4000,4719.6000,4719.4000,4718.2000,4718.0000,4721.2000,4722.0000,4722.2000,4722.6000,4723.0000,2,1,1,1,2,1,1,1,1,1
SF,IC2003,2019-11-12 09:33:01.800,4721.2000,27672,0,208527880.000,0,-,-,-,-,4720.6000,4720.4000,4719.8000,4719.4000,4718.2000,4721.2000,4722.0000,4722.2000,4722.6000,4723.0000,1,2,4,1,1,1,1,1,1,1
SF,IC2003,2019-11-12 09:33:02.300,4721.2000,27672,0,208527880.000,0,-,-,-,-,4720.6000,4720.4000,4719.8000,4719.4000,4718.2000,4721.2000,4722.2000,4722.6000,4723.0000,4725.0000,1,2,4,1,1,1,1,1,1,6
SF,IC2003,2019-11-12 09:33:02.800,4721.2000,27671,-1,209472120.000,1,0,1,双平,S,4720.6000,4720.4000,4719.8000,4719.4000,4718.2000,4722.6000,4723.0000,4725.0000,4727.0000,4727.8000,1,2,4,1,1,1,1,6,5,1
SF,IC2003,2019-11-12 09:33:03.300,4721.2000,27671,0,209472120.000,0,-,-,-,-,4720.4000,4719.4000,4718.2000,4718.0000,4717.6000,4722.4000,4722.6000,4723.0000,4725.0000,4727.0000,2,1,1,2,1,1,1,1,6,5
SF,IC2003,2019-11-12 09:33:03.800,4721.2000,27671,0,209472120.000,0,-,-,-,-,4720.4000,4719.4000,4718.2000,4718.0000,4717.6000,4722.4000,4722.6000,4723.0000,4725.0000,4727.0000,2,1,1,2,1,1,1,1,6,5
SF,IC2003,2019-11-12 09:33:04.300,4720.4000,27669,-2,211360280.000,2,0,2,双平,S,4718.2000,4718.0000,4717.6000,4717.4000,4716.8000,4722.2000,4722.4000,4722.6000,4723.0000,4725.0000,1,2,1,2,1,1,1,1,1,6
SF,IC2003,2019-11-12 09:33:04.800,4720.4000,27669,0,211360280.000,0,-,-,-,-,4718.6000,4718.4000,4718.2000,4718.0000,4717.6000,4721.8000,4722.0000,4722.2000,4722.6000,4723.0000,1,4,1,2,1,1,4,1,1,1
SF,IC2003,2019-11-12 09:33:05.300,4720.4000,27669,0,211360280.000,0,-,-,-,-,4718.8000,4718.2000,4718.0000,4717.6000,4717.4000,4720.2000,4721.4000,4721.6000,4721.8000,4722.0000,2,1,2,1,2,1,1,2,1,10
SF,IC2003,2019-11-12 09:33:05.800,4720.4000,27669,0,211360280.000,0,-,-,-,-,4718.8000,4718.2000,4718.0000,4717.6000,4717.4000,4721.2000,4721.4000,4721.8000,4722.0000,4722.6000,1,1,2,1,2,1,1,1,1,1
SF,IC2003,2019-11-12 09:33:06.300,4720.4000,27669,0,211360280.000,0,-,-,-,-,4719.0000,4718.8000,4718.2000,4718.0000,4717.6000,4721.0000,4721.2000,4721.4000,4721.8000,4722.0000,1,1,1,2,1,2,1,1,1,1
SF,IC2003,2019-11-12 09:33:06.800,4720.4000,27669,0,211360280.000,0,-,-,-,-,4719.2000,4719.0000,4718.2000,4718.0000,4717.6000,4721.0000,4721.2000,4721.8000,4722.0000,4722.6000,1,1,1,2,1,1,1,1,1,1
SF,IC2003,2019-11-12 09:33:07.300,4720.4000,27669,0,211360280.000,0,-,-,-,-,4719.2000,4719.0000,4718.2000,4718.0000,4717.6000,4721.2000,4721.8000,4722.0000,4722.6000,4723.0000,1,1,1,2,1,1,1,1,1,1
SF,IC2003,2019-11-12 09:33:09.800,4719.2000,27669,0,212304120.000,1,0,1,多换,S,4719.0000,4718.2000,4718.0000,4717.6000,4717.4000,4720.8000,4721.0000,4721.2000,4721.8000,4722.0000,1,1,2,1,3,1,1,1,1,1
SF,IC2003,2019-11-12 09:33:10.300,4719.2000,27669,0,212304120.000,0,-,-,-,-,4718.2000,4718.0000,4717.6000,4717.4000,4716.8000,4720.8000,4721.0000,4721.2000,4721.8000,4722.0000,1,2,1,2,1,1,1,1,1,1
SF,IC2003,2019-11-12 09:33:10.800,4719.2000,27669,0,212304120.000,0,-,-,-,-,4718.4000,4718.2000,4718.0000,4717.6000,4717.4000,4720.8000,4721.0000,4721.2000,4721.8000,4722.0000,6,1,2,1,2,1,1,1,1,1
SF,IC2003,2019-11-12 09:33:11.300,4719.2000,27669,0,212304120.000,0,-,-,-,-,4718.4000,4718.2000,4718.0000,4717.6000,4717.4000,4720.6000,4720.8000,4721.0000,4721.8000,4722.0000,7,1,2,1,2,1,1,1,1,1
SF,IC2003,2019-11-12 09:33:11.800,4719.2000,27669,0,212304120.000,0,-,-,-,-,4718.4000,4718.2000,4718.0000,4717.6000,4717.4000,4720.4000,4720.6000,4721.0000,4721.8000,4722.0000,7,1,2,1,2,1,1,1,1,1
SF,IC2003,2019-11-12 09:33:12.300,4719.2000,27669,0,212304120.000,0,-,-,-,-,4718.4000,4718.2000,4718.0000,4717.6000,4717.4000,4720.4000,4721.0000,4721.8000,4722.0000,4722.6000,7,1,2,1,2,1,1,1,1,1
SF,IC2003,2019-11-12 09:33:12.800,4719.2000,27669,0,212304120.000,0,-,-,-,-,4718.4000,4718.2000,4718.0000,4717.6000,4717.4000,4720.4000,4721.0000,4721.8000,4722.0000,4722.6000,6,1,2,1,2,1,1,1,1,1
SF,IC2003,2019-11-12 09:33:13.800,4719.2000,27669,0,212304120.000,0,-,-,-,-,4718.4000,4718.2000,4718.0000,4717.6000,4717.4000,4720.4000,4721.0000,4721.8000,4722.0000,4722.6000,5,1,2,1,2,1,1,1,1,1
SF,IC2003,2019-11-12 09:33:14.300,4719.2000,27669,0,212304120.000,0,-,-,-,-,4718.4000,4718.2000,4718.0000,4717.6000,4717.4000,4720.4000,4721.0000,4721.8000,4722.0000,4722.6000,1,1,2,1,2,1,1,1,1,1
SF,IC2003,2019-11-12 09:33:17.800,4719.2000,27669,0,212304120.000,0,-,-,-,-,4718.4000,4718.2000,4718.0000,4717.6000,4717.4000,4720.0000,4720.4000,4721.0000,4721.8000,4722.0000,1,1,2,1,2,1,1,1,1,1
SF,IC2003,2019-11-12 09:33:18.300,4720.0000,27667,-2,217024120.000,5,1,4,多平,S,4718.2000,4718.0000,4717.6000,4717.4000,4716.8000,4721.0000,4721.8000,4722.0000,4722.6000,4723.0000,1,3,1,2,1,1,1,1,1,1
SF,IC2003,2019-11-12 09:33:18.800,4720.0000,27667,0,217024120.000,0,-,-,-,-,4719.0000,4718.4000,4718.2000,4718.0000,4717.6000,4719.6000,4720.6000,4720.8000,4721.0000,4721.8000,2,2,1,2,1,1,1,1,1,1
SF,IC2003,2019-11-12 09:33:19.300,4719.0000,27665,-2,218911720.000,2,0,2,双平,S,4718.2000,4718.0000,4717.6000,4717.4000,4716.8000,4719.6000,4720.2000,4720.6000,4721.0000,4721.8000,1,2,1,2,1,1,1,1,1,1
SF,IC2003,2019-11-12 09:33:19.800,4719.0000,27665,0,218911720.000,0,-,-,-,-,4718.4000,4718.2000,4718.0000,4717.6000,4717.4000,4719.6000,4720.2000,4720.6000,4721.0000,4721.8000,1,1,3,1,2,1,1,1,1,1
SF,IC2003,2019-11-12 09:33:20.300,4719.0000,27665,0,218911720.000,0,-,-,-,-,4718.4000,4718.2000,4718.0000,4717.6000,4717.4000,4719.6000,4720.2000,4720.6000,4721.8000,4722.6000,1,1,3,1,2,1,1,1,1,1
SF,IC2003,2019-11-12 09:33:21.300,4719.0000,27665,0,218911720.000,0,-,-,-,-,4718.4000,4718.2000,4718.0000,4717.6000,4717.4000,4719.6000,4720.2000,4720.6000,4721.0000,4721.8000,1,1,3,1,2,1,1,1,1,1
SF,IC2003,2019-11-12 09:33:26.300,4719.0000,27665,0,218911720.000,0,-,-,-,-,4719.0000,4718.4000,4718.2000,4718.0000,4717.6000,4719.6000,4720.2000,4720.6000,4721.0000,4721.8000,2,1,1,3,1,1,1,1,1,1
SF,IC2003,2019-11-12 09:33:26.800,4719.0000,27663,-2,220799320.000,2,0,2,双平,S,4718.2000,4718.0000,4717.6000,4716.8000,4716.2000,4719.0000,4719.2000,4719.6000,4720.2000,4720.6000,1,3,1,1,1,1,1,1,1,1
SF,IC2003,2019-11-12 09:33:27.300,4718.4000,27662,-1,221743000.000,1,0,1,双平,S,4718.2000,4718.0000,4717.6000,4716.8000,4716.2000,4719.6000,4719.8000,4720.2000,4720.6000,4721.0000,1,3,1,2,1,1,2,2,1,1
SF,IC2003,2019-11-12 09:33:27.800,4718.2000,27661,-1,222686640.000,1,0,1,双平,S,4718.0000,4717.6000,4716.8000,4716.2000,4715.2000,4718.2000,4719.2000,4719.4000,4719.6000,4719.8000,3,1,1,1,7,1,1,1,1,2
SF,IC2003,2019-11-12 09:33:28.300,4718.0000,27661,0,223630240.000,1,0,1,多换,S,4718.0000,4717.6000,4716.8000,4716.2000,4715.2000,4719.2000,4719.4000,4719.6000,4719.8000,4720.6000,2,1,1,1,7,1,1,1,2,1
SF,IC2003,2019-11-12 09:33:28.800,4718.0000,27661,0,223630240.000,0,-,-,-,-,4719.0000,4718.0000,4717.6000,4716.8000,4716.2000,4719.4000,4719.6000,4719.8000,4720.6000,4721.0000,1,2,1,1,1,1,1,2,1,1
SF,IC2003,2019-11-12 09:33:29.300,4719.0000,27660,-1,224574040.000,1,0,1,双平,S,4718.0000,4717.6000,4716.8000,4716.2000,4715.2000,4718.6000,4718.8000,4719.0000,4719.2000,4719.4000,2,1,1,1,7,2,1,2,1,1
SF,IC2003,2019-11-12 09:33:29.800,4719.0000,27660,0,224574040.000,0,-,-,-,-,4718.0000,4717.6000,4716.8000,4716.2000,4715.2000,4718.6000,4719.4000,4719.6000,4719.8000,4720.6000,2,1,1,1,7,2,1,1,2,1
SF,IC2003,2019-11-12 09:33:30.300,4718.0000,27660,0,225517640.000,1,0,1,多换,S,4718.0000,4717.6000,4716.8000,4716.2000,4715.2000,4718.6000,4719.4000,4719.6000,4719.8000,4720.6000,1,1,1,1,7,2,1,1,2,1
SF,IC2003,2019-11-12 09:33:31.800,4718.0000,27660,0,225517640.000,0,-,-,-,-,4718.2000,4718.0000,4717.6000,4716.8000,4716.2000,4718.6000,4719.4000,4719.6000,4719.8000,4720.6000,5,1,1,1,1,2,1,1,2,1
SF,IC2003,2019-11-12 09:33:33.300,4718.0000,27660,0,225517640.000,0,-,-,-,-,4718.2000,4718.0000,4717.6000,4716.8000,4716.2000,4718.6000,4719.4000,4719.8000,4720.6000,4721.0000,5,1,1,1,1,2,1,2,1,1
SF,IC2003,2019-11-12 09:33:33.800,4718.0000,27660,0,225517640.000,0,-,-,-,-,4718.6000,4718.2000,4718.0000,4717.6000,4716.8000,4719.4000,4719.8000,4720.6000,4721.0000,4722.6000,2,5,1,1,1,1,2,1,1,1
SF,IC2003,2019-11-12 09:33:34.300,4718.0000,27660,0,225517640.000,0,-,-,-,-,4718.2000,4718.0000,4717.6000,4716.8000,4716.2000,4718.8000,4719.4000,4719.8000,4720.6000,4721.0000,5,1,1,1,1,2,2,2,1,1
SF,IC2003,2019-11-12 09:33:34.800,4719.4000,27657,-3,228349040.000,3,0,3,双平,S,4718.2000,4718.0000,4717.6000,4716.8000,4716.2000,4719.4000,4719.8000,4720.6000,4721.0000,4722.6000,5,1,1,1,1,1,2,1,1,1
SF,IC2003,2019-11-12 09:33:35.300,4719.4000,27657,0,229292920.000,1,0,1,多换,S,4718.8000,4718.4000,4718.2000,4718.0000,4717.6000,4719.8000,4720.6000,4721.0000,4722.6000,4723.0000,2,5,5,1,1,2,1,1,1,1
SF,IC2003,2019-11-12 09:33:35.800,4719.4000,27657,0,229292920.000,0,-,-,-,-,4719.4000,4718.8000,4718.2000,4718.0000,4717.6000,4719.8000,4720.6000,4721.0000,4722.6000,4723.0000,1,2,5,1,1,2,1,1,1,1
SF,IC2003,2019-11-12 09:33:36.300,4719.8000,27655,-2,231180840.000,2,0,2,双平,S,4719.4000,4718.8000,4718.2000,4718.0000,4717.6000,4720.6000,4721.0000,4722.6000,4723.0000,4725.0000,1,2,5,1,1,1,1,1,1,6
SF,IC2003,2019-11-12 09:33:36.800,4719.8000,27655,0,231180840.000,0,-,-,-,-,4719.4000,4718.8000,4718.2000,4718.0000,4717.6000,4720.4000,4720.6000,4721.0000,4722.6000,4723.0000,1,2,5,1,1,2,1,1,1,1
SF,IC2003,2019-11-12 09:33:37.300,4719.8000,27655,0,231180840.000,0,-,-,-,-,4719.6000,4719.4000,4718.8000,4718.2000,4718.0000,4720.4000,4720.6000,4721.0000,4722.6000,4723.0000,1,1,2,5,1,1,1,1,1,1
SF,IC2003,2019-11-12 09:33:39.300,4719.8000,27655,0,231180840.000,0,-,-,-,-,4719.6000,4719.4000,4718.8000,4718.2000,4718.0000,4720.4000,4721.0000,4722.6000,4723.0000,4725.0000,1,1,2,5,1,1,1,1,1,6
SF,IC2003,2019-11-12 09:33:39.800,4719.6000,27655,0,232124760.000,1,0,1,多换,S,4719.4000,4718.8000,4718.2000,4718.0000,4717.6000,4719.6000,4720.4000,4721.0000,4722.6000,4723.0000,1,2,5,1,1,4,1,1,1,1
SF,IC2003,2019-11-12 09:33:40.800,4719.6000,27655,0,232124760.000,0,-,-,-,-,4719.4000,4718.8000,4718.2000,4718.0000,4717.6000,4719.6000,4720.4000,4721.0000,4722.6000,4723.0000,1,2,5,1,1,4,2,1,1,1
SF,IC2003,2019-11-12 09:33:41.800,4719.6000,27654,-1,233068680.000,1,0,1,双平,S,4719.4000,4718.8000,4718.2000,4718.0000,4717.6000,4719.6000,4720.4000,4721.0000,4722.6000,4723.0000,1,2,5,1,1,3,2,1,1,1
SF,IC2003,2019-11-12 09:33:42.300,4719.6000,27653,-1,234012600.000,1,0,1,双平,S,4719.4000,4718.8000,4718.2000,4718.0000,4717.6000,4719.6000,4720.4000,4721.0000,4722.6000,4723.0000,1,2,5,1,1,2,2,1,1,1
SF,IC2003,2019-11-12 09:33:43.300,4719.6000,27653,0,234012600.000,0,-,-,-,-,4718.8000,4718.2000,4718.0000,4717.6000,4716.8000,4719.4000,4719.6000,4720.4000,4721.0000,4722.6000,2,5,1,1,1,1,2,2,1,1
SF,IC2003,2019-11-12 09:33:43.800,4719.6000,27653,0,234012600.000,0,-,-,-,-,4718.8000,4718.2000,4718.0000,4717.6000,4716.8000,4719.6000,4720.4000,4721.0000,4722.6000,4723.0000,2,5,1,1,1,2,2,1,1,1
SF,IC2003,2019-11-12 09:33:44.800,4719.6000,27653,0,234012600.000,0,-,-,-,-,4718.8000,4718.2000,4718.0000,4717.6000,4716.8000,4719.6000,4720.4000,4721.0000,4722.6000,4723.0000,2,5,1,1,1,2,1,1,1,1
SF,IC2003,2019-11-12 09:33:45.300,4719.6000,27651,-2,235900440.000,2,0,2,双平,S,4719.6000,4718.2000,4718.0000,4717.6000,4716.8000,4720.4000,4721.0000,4722.6000,4723.0000,4725.0000,3,5,1,1,1,1,1,1,1,6
SF,IC2003,2019-11-12 09:33:45.800,4719.6000,27648,-3,238732200.000,3,0,3,双平,S,4718.2000,4718.0000,4717.6000,4716.8000,4716.2000,4719.6000,4719.8000,4720.2000,4720.4000,4721.0000,5,1,1,1,1,1,1,1,1,1
SF,IC2003,2019-11-12 09:33:46.300,4719.6000,27648,0,238732200.000,0,-,-,-,-,4718.2000,4718.0000,4717.6000,4716.8000,4716.2000,4719.6000,4720.0000,4720.4000,4721.0000,4722.6000,5,1,1,1,1,1,1,1,1,1
SF,IC2003,2019-11-12 09:33:46.800,4717.6000,27643,-5,245337520.000,7,1,6,多平,S,4716.8000,4716.2000,4715.2000,4715.0000,4712.6000,4717.6000,4718.2000,4719.2000,4719.4000,4720.0000,1,1,7,1,1,1,1,1,2,1
SF,IC2003,2019-11-12 09:33:47.300,4717.6000,27643,0,247224400.000,2,1,1,多换,S,4717.0000,4716.2000,4715.2000,4715.0000,4712.6000,4719.2000,4719.4000,4720.0000,4720.4000,4721.0000,1,1,7,1,1,2,2,1,1,1
SF,IC2003,2019-11-12 09:33:47.800,4717.6000,27643,0,247224400.000,0,-,-,-,-,4716.2000,4715.2000,4715.0000,4712.6000,4710.2000,4718.2000,4719.0000,4719.2000,4719.4000,4720.0000,1,7,1,1,1,1,2,2,2,1
SF,IC2003,2019-11-12 09:33:48.300,4717.6000,27643,0,247224400.000,0,-,-,-,-,4716.4000,4716.2000,4715.2000,4715.0000,4712.6000,4719.0000,4719.2000,4719.4000,4720.0000,4720.4000,1,1,7,1,1,1,2,2,1,1
SF,IC2003,2019-11-12 09:33:48.800,4717.6000,27643,0,247224400.000,0,-,-,-,-,4716.6000,4716.4000,4716.2000,4715.2000,4715.0000,4718.8000,4719.0000,4719.2000,4719.4000,4720.0000,1,1,1,7,1,1,1,1,2,1
SF,IC2003,2019-11-12 09:33:49.300,4717.6000,27643,0,247224400.000,0,-,-,-,-,4716.6000,4716.2000,4715.2000,4715.0000,4712.6000,4718.4000,4718.8000,4719.0000,4719.2000,4719.4000,1,1,7,1,1,1,1,1,1,2
SF,IC2003,2019-11-12 09:33:49.800,4717.6000,27643,0,247224400.000,0,-,-,-,-,4716.8000,4716.2000,4715.2000,4715.0000,4712.6000,4719.0000,4719.2000,4719.4000,4720.0000,4720.4000,1,1,7,1,1,1,1,1,1,1
SF,IC2003,2019-11-12 09:33:50.300,4716.2000,27644,1,248167640.000,1,1,0,双开,S,4715.2000,4715.0000,4712.6000,4710.2000,4710.0000,4718.0000,4718.6000,4718.8000,4719.0000,4719.2000,7,1,1,1,1,1,1,1,6,1
SF,IC2003,2019-11-12 09:33:50.800,4716.2000,27644,0,248167640.000,0,-,-,-,-,4715.6000,4715.4000,4715.2000,4715.0000,4712.6000,4719.0000,4719.2000,4719.4000,4720.4000,4721.0000,2,7,7,1,1,6,1,1,1,1
SF,IC2003,2019-11-12 09:33:51.300,4716.2000,27644,0,248167640.000,0,-,-,-,-,4715.8000,4715.6000,4715.4000,4715.2000,4715.0000,4718.8000,4719.0000,4719.2000,4719.4000,4720.4000,3,2,4,7,1,1,6,1,1,1
SF,IC2003,2019-11-12 09:33:51.800,4716.2000,27644,0,248167640.000,0,-,-,-,-,4716.2000,4715.8000,4715.6000,4715.4000,4715.2000,4718.8000,4719.0000,4719.2000,4719.4000,4720.4000,1,3,2,4,7,1,6,1,1,1
SF,IC2003,2019-11-12 09:33:52.300,4716.2000,27644,0,248167640.000,0,-,-,-,-,4716.4000,4716.0000,4715.6000,4715.2000,4715.0000,4718.6000,4718.8000,4719.0000,4719.2000,4719.4000,2,4,2,7,1,2,1,5,1,3
SF,IC2003,2019-11-12 09:33:52.800,4716.2000,27644,0,248167640.000,0,-,-,-,-,4716.4000,4715.6000,4715.2000,4715.0000,4712.6000,4718.4000,4718.6000,4719.0000,4719.2000,4719.4000,2,2,7,1,1,1,2,5,1,3
SF,IC2003,2019-11-12 09:33:53.300,4716.2000,27644,0,248167640.000,0,-,-,-,-,4716.4000,4715.6000,4715.2000,4715.0000,4712.6000,4718.6000,4719.0000,4719.2000,4719.4000,4720.4000,2,2,7,1,1,2,5,1,3,1
SF,IC2003,2019-11-12 09:33:54.300,4716.2000,27644,0,248167640.000,0,-,-,-,-,4716.6000,4716.4000,4715.6000,4715.2000,4715.0000,4718.6000,4719.0000,4719.2000,4719.4000,4720.4000,4,2,2,7,1,2,5,1,3,1
SF,IC2003,2019-11-12 09:33:54.800,4718.6000,27643,-1,250055080.000,2,0,2,多平,S,4716.8000,4716.6000,4716.4000,4715.6000,4715.2000,4719.0000,4719.4000,4720.4000,4721.0000,4722.6000,1,5,1,1,7,5,3,1,1,1
SF,IC2003,2019-11-12 09:33:55.300,4716.8000,27643,0,250998440.000,1,0,1,多换,S,4716.6000,4716.4000,4715.6000,4715.2000,4715.0000,4719.0000,4719.4000,4720.4000,4721.0000,4722.6000,5,1,2,7,1,6,3,1,1,1
SF,IC2003,2019-11-12 09:33:55.800,4716.8000,27643,0,250998440.000,0,-,-,-,-,4717.2000,4717.0000,4716.8000,4716.6000,4715.6000,4719.0000,4719.4000,4720.4000,4721.0000,4722.6000,1,4,2,1,1,6,3,1,1,1
SF,IC2003,2019-11-12 09:33:56.300,4716.8000,27643,0,250998440.000,0,-,-,-,-,4717.4000,4717.2000,4716.8000,4716.6000,4715.6000,4719.0000,4719.4000,4720.4000,4721.0000,4722.6000,4,1,1,1,1,6,2,1,1,1
SF,IC2003,2019-11-12 09:33:56.800,4716.8000,27643,0,250998440.000,0,-,-,-,-,4717.4000,4716.8000,4716.6000,4715.6000,4715.2000,4719.0000,4719.4000,4720.4000,4721.0000,4722.6000,4,1,1,1,7,6,2,1,1,1
SF,IC2003,2019-11-12 09:33:57.300,4716.8000,27643,0,250998440.000,0,-,-,-,-,4717.8000,4716.8000,4716.6000,4715.6000,4715.2000,4719.0000,4719.4000,4720.4000,4721.0000,4722.6000,1,1,1,1,7,6,2,1,1,1
SF,IC2003,2019-11-12 09:33:57.800,4717.8000,27643,0,251942000.000,1,0,1,多换,S,4716.8000,4716.6000,4715.6000,4715.2000,4715.0000,4719.0000,4719.4000,4720.4000,4721.0000,4722.6000,1,1,1,7,1,8,2,1,1,1
SF,IC2003,2019-11-12 09:33:58.300,4717.8000,27643,0,251942000.000,0,-,-,-,-,4717.0000,4716.8000,4716.6000,4715.6000,4715.2000,4719.0000,4719.4000,4720.4000,4721.0000,4722.6000,5,1,1,1,7,8,2,1,1,1
SF,IC2003,2019-11-12 09:34:02.300,4717.8000,27643,0,251942000.000,0,-,-,-,-,4717.4000,4717.0000,4716.8000,4716.6000,4715.8000,4719.0000,4719.4000,4719.6000,4720.4000,4721.0000,1,5,1,1,1,8,2,1,1,1
SF,IC2003,2019-11-12 09:34:02.800,4717.8000,27643,0,251942000.000,0,-,-,-,-,4717.6000,4717.4000,4717.0000,4716.8000,4716.6000,4719.0000,4719.4000,4719.6000,4720.4000,4721.0000,5,1,1,1,1,7,2,1,1,1
SF,IC2003,2019-11-12 09:34:03.800,4717.0000,27635,-8,260434080.000,9,0,9,多平,S,4716.8000,4715.8000,4715.2000,4715.0000,4712.6000,4717.0000,4719.0000,4719.4000,4719.6000,4720.4000,1,1,7,1,1,1,2,2,1,1
SF,IC2003,2019-11-12 09:34:04.300,4717.0000,27634,-1,261377480.000,1,0,1,双平,S,4717.2000,4717.0000,4715.8000,4715.2000,4715.0000,4719.0000,4719.4000,4719.6000,4720.4000,4721.0000,1,8,1,7,1,2,2,1,1,1
SF,IC2003,2019-11-12 09:34:04.800,4717.0000,27634,0,261377480.000,0,-,-,-,-,4717.0000,4715.8000,4715.2000,4715.0000,4713.0000,4719.0000,4719.4000,4719.6000,4720.4000,4721.0000,6,1,7,1,1,2,2,1,1,1
SF,IC2003,2019-11-12 09:34:05.300,4717.0000,27634,0,261377480.000,0,-,-,-,-,4717.4000,4717.0000,4715.8000,4715.2000,4715.0000,4718.8000,4719.0000,4719.4000,4719.6000,4720.4000,1,6,1,7,1,1,2,2,1,1
SF,IC2003,2019-11-12 09:34:05.800,4718.6000,27634,0,263264680.000,2,1,1,多换,S,4717.0000,4715.8000,4715.2000,4715.0000,4713.0000,4718.8000,4719.0000,4719.4000,4719.6000,4720.4000,4,1,7,1,1,1,2,2,1,1
SF,IC2003,2019-11-12 09:34:06.300,4718.6000,27634,0,263264680.000,0,-,-,-,-,4717.0000,4715.8000,4715.2000,4715.0000,4713.0000,4718.8000,4719.0000,4719.4000,4719.6000,4720.4000,4,1,7,1,1,1,2,2,1,1
SF,IC2003,2019-11-12 09:34:06.800,4718.6000,27634,0,263264680.000,0,-,-,-,-,4717.0000,4715.8000,4715.2000,4715.0000,4713.0000,4718.6000,4718.8000,4719.0000,4719.4000,4719.6000,4,1,7,1,1,1,1,2,2,1
SF,IC2003,2019-11-12 09:34:07.300,4718.6000,27634,0,263264680.000,0,-,-,-,-,4717.0000,4715.8000,4715.2000,4715.0000,4713.0000,4718.4000,4718.6000,4719.0000,4719.4000,4719.6000,4,1,7,1,1,1,1,2,2,1
SF,IC2003,2019-11-12 09:34:07.800,4718.6000,27634,0,263264680.000,0,-,-,-,-,4717.0000,4715.8000,4715.2000,4715.0000,4713.0000,4718.4000,4719.0000,4719.4000,4719.6000,4720.4000,4,1,7,1,1,1,2,2,1,1
SF,IC2003,2019-11-12 09:34:08.800,4718.6000,27634,0,263264680.000,0,-,-,-,-,4717.2000,4717.0000,4715.8000,4715.2000,4715.0000,4718.4000,4719.0000,4719.4000,4719.6000,4720.4000,1,3,1,7,1,1,2,2,1,1
SF,IC2003,2019-11-12 09:34:09.300,4718.6000,27634,0,263264680.000,0,-,-,-,-,4717.2000,4717.0000,4715.8000,4715.2000,4715.0000,4718.4000,4719.0000,4719.4000,4719.6000,4720.4000,1,1,1,7,1,1,2,2,1,1
SF,IC2003,2019-11-12 09:34:10.300,4717.2000,27633,-1,264208120.000,1,0,1,双平,S,4715.8000,4715.2000,4715.0000,4713.0000,4712.6000,4718.4000,4719.0000,4719.4000,4719.6000,4720.4000,1,7,1,1,1,1,2,2,1,1
SF,IC2003,2019-11-12 09:34:10.800,4717.2000,27633,0,264208120.000,0,-,-,-,-,4716.0000,4715.8000,4715.2000,4715.0000,4713.0000,4718.4000,4719.0000,4719.4000,4719.6000,4720.4000,2,1,7,1,1,1,2,2,1,1
SF,IC2003,2019-11-12 09:34:11.300,4717.2000,27633,0,264208120.000,0,-,-,-,-,4717.2000,4716.0000,4715.8000,4715.2000,4715.0000,4718.2000,4718.4000,4719.0000,4719.4000,4719.6000,1,2,1,7,1,1,1,2,2,1
SF,IC2003,2019-11-12 09:34:11.800,4717.2000,27632,-1,265151560.000,1,0,1,双平,S,4716.0000,4715.8000,4715.2000,4715.0000,4713.0000,4718.0000,4718.2000,4719.0000,4719.4000,4719.6000,2,1,7,1,1,2,1,2,2,1
SF,IC2003,2019-11-12 09:34:12.300,4718.0000,27629,-3,267982320.000,3,0,3,双平,S,4716.0000,4715.8000,4715.2000,4715.0000,4713.0000,4718.0000,4718.2000,4719.0000,4719.4000,4719.6000,3,1,7,1,1,2,1,2,3,1
SF,IC2003,2019-11-12 09:34:12.800,4716.2000,27629,0,268925560.000,1,0,1,多换,S,4716.2000,4716.0000,4715.8000,4715.2000,4715.0000,4718.2000,4719.0000,4719.4000,4719.6000,4721.0000,1,3,1,7,1,1,2,2,1,1
SF,IC2003,2019-11-12 09:34:13.300,4716.2000,27629,0,268925560.000,0,-,-,-,-,4716.4000,4716.2000,4716.0000,4715.8000,4715.2000,4718.2000,4719.0000,4719.4000,4719.6000,4721.0000,1,1,2,1,7,1,2,2,1,1
SF,IC2003,2019-11-12 09:34:13.800,4716.2000,27629,0,268925560.000,0,-,-,-,-,4716.4000,4716.2000,4716.0000,4715.8000,4715.2000,4718.0000,4718.2000,4719.0000,4719.4000,4719.6000,1,1,2,1,7,1,1,2,2,1
SF,IC2003,2019-11-12 09:34:14.300,4716.2000,27629,0,268925560.000,0,-,-,-,-,4716.0000,4715.8000,4715.2000,4715.0000,4713.0000,4718.0000,4718.2000,4719.0000,4719.4000,4719.6000,2,1,7,1,1,4,1,2,2,1
SF,IC2003,2019-11-12 09:34:14.800,4716.2000,27629,0,268925560.000,0,-,-,-,-,4716.2000,4716.0000,4715.8000,4715.2000,4715.0000,4718.0000,4719.0000,4719.4000,4719.6000,4721.0000,1,2,1,7,1,1,2,2,1,1
SF,IC2003,2019-11-12 09:34:15.300,4716.2000,27629,0,268925560.000,0,-,-,-,-,4716.2000,4716.0000,4715.8000,4715.2000,4715.0000,4717.8000,4718.0000,4719.0000,4719.4000,4719.6000,1,2,1,7,1,4,1,2,2,1
SF,IC2003,2019-11-12 09:34:15.800,4716.2000,27629,0,268925560.000,0,-,-,-,-,4716.2000,4716.0000,4715.8000,4715.2000,4715.0000,4717.8000,4718.0000,4719.0000,4719.4000,4719.6000,1,1,1,7,1,1,1,2,2,1
SF,IC2003,2019-11-12 09:34:16.300,4716.2000,27629,0,268925560.000,0,-,-,-,-,4716.2000,4716.0000,4715.8000,4715.2000,4715.0000,4717.8000,4718.0000,4719.0000,4719.4000,4719.6000,1,1,1,7,1,1,1,2,2,1
SF,IC2003,2019-11-12 09:34:16.800,4716.2000,27629,0,268925560.000,0,-,-,-,-,4716.2000,4715.8000,4715.2000,4715.0000,4713.0000,4717.6000,4717.8000,4719.0000,4719.4000,4719.6000,1,1,7,1,1,1,1,2,2,1
SF,IC2003,2019-11-12 09:34:17.300,4716.2000,27629,0,269868800.000,1,0,1,多换,S,4716.0000,4715.8000,4715.2000,4715.0000,4714.6000,4717.6000,4717.8000,4718.0000,4719.0000,4719.4000,1,1,7,1,1,1,1,1,2,2
SF,IC2003,2019-11-12 09:34:17.800,4716.2000,27629,0,269868800.000,0,-,-,-,-,4716.0000,4715.8000,4715.2000,4715.0000,4713.0000,4717.4000,4717.6000,4717.8000,4719.0000,4719.4000,1,1,7,1,1,1,1,1,2,2
SF,IC2003,2019-11-12 09:34:18.300,4716.2000,27629,0,269868800.000,0,-,-,-,-,4716.0000,4715.8000,4715.2000,4715.0000,4713.0000,4717.2000,4717.4000,4719.0000,4719.4000,4719.6000,1,1,7,1,1,1,1,2,2,1
SF,IC2003,2019-11-12 09:34:18.800,4716.2000,27629,0,269868800.000,0,-,-,-,-,4716.0000,4715.8000,4715.2000,4715.0000,4713.0000,4716.8000,4717.0000,4717.2000,4719.0000,4719.4000,1,1,7,1,1,1,1,4,2,2
SF,IC2003,2019-11-12 09:34:19.300,4716.2000,27629,0,269868800.000,0,-,-,-,-,4716.0000,4715.8000,4715.2000,4715.0000,4713.0000,4716.8000,4717.2000,4719.0000,4719.4000,4719.6000,1,1,7,1,1,1,4,2,2,1
SF,IC2003,2019-11-12 09:34:20.300,4716.8000,27628,-1,270812160.000,1,0,1,双平,S,4716.8000,4716.0000,4715.8000,4715.2000,4715.0000,4717.2000,4719.0000,4719.4000,4719.6000,4721.0000,1,1,1,7,1,4,2,2,1,1
SF,IC2003,2019-11-12 09:34:20.800,4716.8000,27628,0,271755520.000,1,0,1,多换,S,4716.0000,4715.8000,4715.2000,4715.0000,4713.0000,4716.8000,4717.0000,4717.2000,4719.0000,4719.4000,1,1,7,1,1,1,1,4,2,2
SF,IC2003,2019-11-12 09:34:21.300,4716.8000,27628,0,271755520.000,0,-,-,-,-,4716.0000,4715.8000,4715.2000,4715.0000,4713.0000,4717.0000,4717.2000,4719.0000,4719.4000,4719.6000,1,1,7,1,1,1,4,2,2,1
SF,IC2003,2019-11-12 09:34:22.300,4716.8000,27628,0,271755520.000,0,-,-,-,-,4716.0000,4715.8000,4715.2000,4715.0000,4713.0000,4716.8000,4717.0000,4717.2000,4719.0000,4719.4000,1,1,7,1,1,1,1,4,2,2
SF,IC2003,2019-11-12 09:34:22.800,4716.8000,27628,0,271755520.000,0,-,-,-,-,4716.0000,4715.8000,4715.2000,4715.0000,4713.0000,4716.8000,4717.0000,4717.2000,4719.0000,4719.4000,1,1,7,1,1,3,1,3,2,2
SF,IC2003,2019-11-12 09:34:23.800,4716.8000,27628,0,271755520.000,0,-,-,-,-,4716.0000,4715.8000,4715.2000,4715.0000,4713.0000,4716.6000,4716.8000,4717.0000,4717.2000,4719.0000,1,1,7,1,1,1,2,1,3,2
SF,IC2003,2019-11-12 09:34:24.800,4716.6000,27628,0,272698840.000,1,0,1,多换,S,4716.6000,4716.0000,4715.8000,4715.2000,4715.0000,4716.8000,4717.0000,4717.2000,4719.0000,4719.4000,1,1,1,7,1,2,1,3,2,2
SF,IC2003,2019-11-12 09:34:25.300,4717.0000,27623,-5,277415640.000,5,0,5,双平,S,4716.0000,4715.8000,4715.2000,4715.0000,4713.0000,4716.6000,4717.2000,4719.0000,4719.4000,4719.6000,1,1,7,1,1,1,3,2,2,1
SF,IC2003,2019-11-12 09:34:25.800,4716.6000,27622,-1,278358960.000,1,0,1,双平,S,4716.6000,4716.0000,4715.8000,4715.2000,4715.0000,4717.2000,4719.0000,4719.4000,4719.6000,4721.0000,1,1,1,7,1,3,2,2,1,1
SF,IC2003,2019-11-12 09:34:26.300,4717.2000,27619,-3,281189280.000,3,0,3,双平,S,4717.4000,4716.6000,4716.0000,4715.8000,4715.2000,4719.0000,4719.4000,4719.6000,4721.0000,4722.6000,1,1,1,1,7,2,2,1,1,1
SF,IC2003,2019-11-12 09:34:26.800,4717.2000,27619,0,281189280.000,0,-,-,-,-,4716.6000,4716.2000,4716.0000,4715.8000,4715.2000,4718.2000,4718.6000,4718.8000,4719.0000,4719.4000,1,2,1,1,7,1,3,2,2,2
SF,IC2003,2019-11-12 09:34:27.300,4717.2000,27619,0,281189280.000,0,-,-,-,-,4716.6000,4716.2000,4716.0000,4715.8000,4715.2000,4718.6000,4719.0000,4719.4000,4719.6000,4721.0000,1,2,1,1,7,2,2,2,1,1
SF,IC2003,2019-11-12 09:34:27.800,4717.2000,27619,0,281189280.000,0,-,-,-,-,4716.8000,4716.6000,4716.2000,4716.0000,4715.8000,4718.6000,4719.0000,4719.4000,4719.6000,4721.0000,1,1,2,1,1,1,2,2,1,1
SF,IC2003,2019-11-12 09:34:29.300,4717.2000,27619,0,281189280.000,0,-,-,-,-,4716.8000,4716.6000,4716.2000,4716.0000,4715.8000,4719.0000,4719.4000,4719.6000,4721.0000,4722.6000,1,1,2,1,1,2,2,1,1,1
SF,IC2003,2019-11-12 09:34:29.800,4717.2000,27619,0,281189280.000,0,-,-,-,-,4716.8000,4716.6000,4716.2000,4716.0000,4715.8000,4718.8000,4719.0000,4719.4000,4719.6000,4721.0000,1,1,2,1,1,2,2,2,1,1
SF,IC2003,2019-11-12 09:34:31.300,4717.2000,27619,0,281189280.000,0,-,-,-,-,4717.2000,4716.8000,4716.6000,4716.2000,4716.0000,4718.8000,4719.0000,4719.4000,4719.6000,4721.0000,2,1,1,2,1,2,2,2,1,1
SF,IC2003,2019-11-12 09:34:31.800,4717.2000,27619,0,281189280.000,0,-,-,-,-,4717.2000,4716.6000,4716.2000,4716.0000,4715.8000,4718.0000,4718.4000,4718.8000,4719.0000,4719.4000,2,1,2,1,1,1,2,2,2,2
SF,IC2003,2019-11-12 09:34:32.300,4717.2000,27619,0,281189280.000,0,-,-,-,-,4717.2000,4716.6000,4716.2000,4716.0000,4715.8000,4718.4000,4718.8000,4719.0000,4719.4000,4719.6000,2,1,2,1,1,1,1,2,2,1
SF,IC2003,2019-11-12 09:34:32.800,4717.2000,27619,0,281189280.000,0,-,-,-,-,4717.2000,4716.6000,4716.2000,4716.0000,4715.8000,4718.2000,4718.4000,4718.8000,4719.0000,4719.4000,2,1,2,1,1,1,1,1,2,2
SF,IC2003,2019-11-12 09:34:35.800,4717.2000,27617,-2,283076160.000,2,0,2,双平,S,4716.2000,4716.0000,4715.8000,4715.2000,4715.0000,4717.2000,4718.2000,4718.4000,4718.8000,4719.0000,2,1,1,7,1,2,1,1,1,2
SF,IC2003,2019-11-12 09:34:36.300,4717.2000,27617,0,283076160.000,0,-,-,-,-,4716.2000,4716.0000,4715.8000,4715.2000,4715.0000,4717.2000,4718.4000,4718.8000,4719.0000,4719.4000,2,1,1,7,1,2,1,1,2,2
SF,IC2003,2019-11-12 09:34:36.800,4717.2000,27617,0,284019600.000,1,0,1,多换,S,4716.4000,4716.2000,4716.0000,4715.8000,4715.2000,4717.2000,4718.4000,4718.8000,4719.0000,4719.4000,5,2,1,1,7,1,1,1,2,2
SF,IC2003,2019-11-12 09:34:37.300,4717.2000,27617,0,284963040.000,1,0,1,多换,S,4717.4000,4717.2000,4716.4000,4716.2000,4716.0000,4718.4000,4718.8000,4719.0000,4719.4000,4719.6000,1,1,5,2,1,1,1,2,2,1
SF,IC2003,2019-11-12 09:34:37.800,4717.2000,27617,0,284963040.000,0,-,-,-,-,4717.4000,4717.2000,4717.0000,4716.2000,4716.0000,4718.4000,4718.8000,4719.0000,4719.4000,4719.6000,1,1,1,2,1,1,1,2,2,1
SF,IC2003,2019-11-12 09:34:38.300,4717.2000,27617,0,284963040.000,0,-,-,-,-,4717.2000,4717.0000,4716.2000,4716.0000,4715.8000,4718.4000,4718.8000,4719.0000,4719.4000,4719.6000,1,1,2,1,1,1,1,2,2,1
SF,IC2003,2019-11-12 09:34:41.800,4717.2000,27617,0,284963040.000,0,-,-,-,-,4717.4000,4717.2000,4717.0000,4716.2000,4716.0000,4718.8000,4719.0000,4719.4000,4719.6000,4721.0000,2,1,1,2,1,1,2,2,1,1
SF,IC2003,2019-11-12 09:34:43.800,4717.2000,27617,0,284963040.000,0,-,-,-,-,4717.4000,4717.2000,4717.0000,4716.2000,4716.0000,4718.6000,4718.8000,4719.0000,4719.4000,4719.6000,2,1,1,2,1,1,1,2,2,1
SF,IC2003,2019-11-12 09:34:44.300,4717.2000,27617,0,284963040.000,0,-,-,-,-,4717.4000,4717.2000,4717.0000,4716.2000,4716.0000,4718.6000,4718.8000,4719.0000,4719.4000,4719.6000,2,1,1,2,1,1,1,2,2,1
SF,IC2003,2019-11-12 09:34:44.800,4717.2000,27617,0,284963040.000,0,-,-,-,-,4717.4000,4717.2000,4717.0000,4716.2000,4716.0000,4718.6000,4718.8000,4719.0000,4719.4000,4719.6000,2,1,1,2,1,1,1,2,2,1
SF,IC2003,2019-11-12 09:34:46.300,4717.2000,27616,-1,285906480.000,1,0,1,双平,S,4717.4000,4717.2000,4717.0000,4716.2000,4716.0000,4718.6000,4718.8000,4719.0000,4719.4000,4719.6000,1,1,1,2,1,1,1,2,2,1
SF,IC2003,2019-11-12 09:34:46.800,4717.2000,27616,0,285906480.000,0,-,-,-,-,4717.4000,4717.2000,4717.0000,4716.2000,4716.0000,4718.6000,4718.8000,4719.0000,4719.4000,4719.6000,1,1,1,2,1,1,1,2,2,1
SF,IC2003,2019-11-12 09:34:47.300,4717.4000,27615,-1,286849960.000,1,0,1,双平,S,4717.2000,4717.0000,4716.2000,4716.0000,4715.8000,4718.4000,4718.6000,4718.8000,4719.0000,4719.4000,1,1,2,1,1,1,1,1,2,2
SF,IC2003,2019-11-12 09:34:47.800,4717.0000,27615,0,287793360.000,1,0,1,多换,S,4716.2000,4716.0000,4715.8000,4715.2000,4715.0000,4718.4000,4718.6000,4718.8000,4719.0000,4719.4000,2,1,1,7,1,1,1,1,2,2
SF,IC2003,2019-11-12 09:34:48.300,4717.0000,27615,0,287793360.000,0,-,-,-,-,4716.4000,4716.2000,4716.0000,4715.8000,4715.2000,4718.6000,4718.8000,4719.0000,4719.4000,4719.6000,1,2,1,1,7,1,1,2,2,1
SF,IC2003,2019-11-12 09:34:48.800,4717.0000,27615,0,287793360.000,0,-,-,-,-,4716.4000,4716.2000,4716.0000,4715.8000,4715.2000,4718.4000,4718.6000,4718.8000,4719.0000,4719.4000,1,2,1,1,7,1,1,1,2,2
SF,IC2003,2019-11-12 09:34:49.300,4717.0000,27615,0,287793360.000,0,-,-,-,-,4716.4000,4716.2000,4716.0000,4715.8000,4715.2000,4718.2000,4718.4000,4718.6000,4718.8000,4719.0000,1,2,1,1,7,1,1,1,1,2
SF,IC2003,2019-11-12 09:34:49.800,4717.0000,27615,0,287793360.000,0,-,-,-,-,4716.4000,4716.2000,4716.0000,4715.8000,4715.2000,4718.2000,4718.6000,4718.8000,4719.0000,4719.4000,1,2,1,1,7,1,1,1,2,2
SF,IC2003,2019-11-12 09:34:50.300,4717.0000,27615,0,287793360.000,0,-,-,-,-,4716.4000,4716.2000,4716.0000,4715.8000,4715.2000,4718.2000,4718.6000,4718.8000,4719.0000,4719.4000,1,2,1,1,7,1,1,1,2,2
SF,IC2003,2019-11-12 09:34:50.800,4717.0000,27615,0,287793360.000,0,-,-,-,-,4716.4000,4716.2000,4716.0000,4715.8000,4715.2000,4718.2000,4718.6000,4718.8000,4719.0000,4719.4000,1,2,1,1,7,1,1,1,2,2
SF,IC2003,2019-11-12 09:34:51.300,4717.0000,27615,0,287793360.000,0,-,-,-,-,4716.4000,4716.2000,4716.0000,4715.8000,4715.2000,4717.8000,4718.2000,4718.6000,4718.8000,4719.0000,1,2,1,1,7,2,1,1,1,2
SF,IC2003,2019-11-12 09:34:51.800,4717.0000,27615,0,287793360.000,0,-,-,-,-,4716.4000,4716.2000,4716.0000,4715.8000,4715.2000,4718.2000,4718.6000,4718.8000,4719.0000,4719.4000,1,2,1,1,7,1,1,1,2,2
SF,IC2003,2019-11-12 09:34:55.300,4717.0000,27615,0,287793360.000,0,-,-,-,-,4716.4000,4716.2000,4716.0000,4715.8000,4715.2000,4718.0000,4718.2000,4718.6000,4718.8000,4719.0000,1,2,1,1,7,1,1,1,1,2
SF,IC2003,2019-11-12 09:34:55.800,4717.0000,27615,0,287793360.000,0,-,-,-,-,4716.2000,4716.0000,4715.8000,4715.2000,4715.0000,4716.4000,4717.8000,4718.0000,4718.2000,4718.6000,2,1,1,7,1,1,2,1,1,1
SF,IC2003,2019-11-12 09:34:56.300,4716.4000,27614,-1,288736640.000,1,0,1,双平,S,4716.6000,4716.4000,4716.2000,4716.0000,4715.8000,4717.8000,4718.0000,4718.2000,4718.6000,4718.8000,3,2,2,1,1,1,1,1,1,1
SF,IC2003,2019-11-12 09:34:56.800,4716.4000,27614,0,290623200.000,2,1,1,多换,S,4716.6000,4716.4000,4716.2000,4716.0000,4715.8000,4717.8000,4718.0000,4718.2000,4718.6000,4718.8000,1,2,2,1,1,1,1,1,1,1
SF,IC2003,2019-11-12 09:34:58.300,4716.6000,27613,-1,291566520.000,1,0,1,双平,S,4716.4000,4716.2000,4716.0000,4715.8000,4715.2000,4717.8000,4718.0000,4718.2000,4718.6000,4718.8000,2,2,1,1,7,1,1,1,1,1
SF,IC2003,2019-11-12 09:34:59.300,4716.2000,27612,-1,292509760.000,1,0,1,双平,S,4716.2000,4716.0000,4715.8000,4715.2000,4715.0000,4717.8000,4718.0000,4718.2000,4718.6000,4718.8000,1,1,1,7,1,1,1,1,1,1
SF,IC2003,2019-11-12 09:34:59.800,4716.2000,27611,-1,293453000.000,1,0,1,双平,S,4716.0000,4715.8000,4715.2000,4715.0000,4713.0000,4717.0000,4717.4000,4717.8000,4718.0000,4718.2000,1,1,7,1,1,1,1,1,1,1
SF,IC2003,2019-11-12 09:35:00.300,4716.2000,27611,0,293453000.000,0,-,-,-,-,4717.2000,4716.0000,4715.8000,4715.2000,4715.0000,4717.4000,4717.8000,4718.0000,4718.2000,4718.8000,2,1,1,7,1,1,1,1,1,1
SF,IC2003,2019-11-12 09:35:00.800,4717.2000,27610,-1,295339880.000,2,0,2,多平,S,4716.0000,4715.8000,4715.2000,4715.0000,4713.0000,4717.0000,4717.2000,4717.4000,4717.8000,4718.0000,2,1,7,1,1,1,4,1,1,1
SF,IC2003,2019-11-12 09:35:01.800,4717.0000,27609,-1,296283280.000,1,0,1,双平,S,4717.0000,4716.0000,4715.8000,4715.2000,4715.0000,4717.2000,4717.4000,4717.8000,4718.0000,4718.2000,1,2,1,7,1,4,1,1,1,1
SF,IC2003,2019-11-12 09:35:02.300,4717.0000,27607,-2,299113480.000,3,0,3,多平,S,4716.0000,4715.8000,4715.2000,4715.0000,4713.0000,4717.2000,4717.4000,4717.8000,4718.0000,4718.2000,2,1,7,1,1,2,1,1,1,1
SF,IC2003,2019-11-12 09:35:02.800,4717.2000,27607,0,300056920.000,1,0,1,多换,S,4716.2000,4716.0000,4715.8000,4715.2000,4715.0000,4717.4000,4717.8000,4718.0000,4718.2000,4718.8000,1,2,1,7,1,1,1,1,1,1
SF,IC2003,2019-11-12 09:35:03.300,4717.2000,27607,0,300056920.000,0,-,-,-,-,4716.2000,4716.0000,4715.8000,4715.2000,4715.0000,4718.0000,4718.8000,4719.0000,4719.4000,4719.6000,1,2,1,7,1,1,1,2,2,1
SF,IC2003,2019-11-12 09:35:04.300,4717.2000,27607,0,300056920.000,0,-,-,-,-,4716.2000,4716.0000,4715.8000,4715.2000,4715.0000,4717.8000,4718.0000,4718.8000,4719.0000,4719.4000,1,2,1,7,1,1,1,1,2,2
SF,IC2003,2019-11-12 09:35:05.300,4717.2000,27607,0,300056920.000,0,-,-,-,-,4716.2000,4716.0000,4715.8000,4715.2000,4715.0000,4717.8000,4718.0000,4718.8000,4719.0000,4719.4000,1,2,1,7,1,1,3,1,2,2
SF,IC2003,2019-11-12 09:35:06.300,4716.2000,27607,0,301000160.000,1,0,1,多换,S,4716.0000,4715.8000,4715.2000,4715.0000,4714.8000,4717.8000,4718.0000,4718.2000,4718.8000,4719.0000,2,1,7,1,1,1,3,1,1,2
SF,IC2003,2019-11-12 09:35:06.800,4716.2000,27607,0,301000160.000,0,-,-,-,-,4716.0000,4715.8000,4715.2000,4715.0000,4713.0000,4717.8000,4718.0000,4718.8000,4719.0000,4719.4000,2,1,7,1,1,1,3,1,2,2
SF,IC2003,2019-11-12 09:35:07.300,4716.2000,27607,0,301000160.000,0,-,-,-,-,4716.2000,4716.0000,4715.8000,4715.2000,4715.0000,4717.8000,4718.0000,4718.8000,4719.0000,4719.4000,5,2,1,7,1,1,2,1,2,2
SF,IC2003,2019-11-12 09:35:07.800,4716.2000,27607,0,301000160.000,0,-,-,-,-,4716.2000,4716.0000,4715.8000,4715.2000,4715.0000,4717.0000,4717.6000,4717.8000,4718.0000,4718.8000,4,2,1,7,1,1,1,1,2,1
SF,IC2003,2019-11-12 09:35:08.300,4717.0000,27606,-1,301943560.000,1,0,1,双平,S,4716.2000,4716.0000,4715.8000,4715.2000,4715.0000,4717.8000,4718.0000,4718.8000,4719.0000,4719.4000,4,2,1,7,1,1,2,1,2,2
SF,IC2003,2019-11-12 09:35:08.800,4717.0000,27606,0,301943560.000,0,-,-,-,-,4716.2000,4716.0000,4715.8000,4715.2000,4715.0000,4717.8000,4718.0000,4718.8000,4719.0000,4719.4000,4,2,1,7,1,1,2,1,2,2
SF,IC2003,2019-11-12 09:35:09.800,4717.0000,27606,0,301943560.000,0,-,-,-,-,4716.4000,4716.2000,4716.0000,4715.8000,4715.2000,4717.8000,4718.0000,4718.8000,4719.0000,4719.4000,2,4,2,1,7,1,2,1,2,2
SF,IC2003,2019-11-12 09:35:10.300,4717.0000,27606,0,301943560.000,0,-,-,-,-,4716.4000,4716.2000,4716.0000,4715.8000,4715.2000,4717.6000,4717.8000,4718.0000,4718.8000,4719.0000,2,4,2,1,7,1,1,2,1,2
SF,IC2003,2019-11-12 09:35:13.800,4717.6000,27606,0,302887080.000,1,0,1,多换,S,4716.4000,4716.2000,4716.0000,4715.8000,4715.2000,4717.8000,4718.0000,4718.8000,4719.0000,4719.2000,2,4,2,2,7,1,2,1,2,1
SF,IC2003,2019-11-12 09:35:14.300,4717.6000,27606,0,302887080.000,0,-,-,-,-,4716.6000,4716.4000,4716.2000,4716.0000,4715.8000,4717.8000,4718.0000,4718.8000,4719.0000,4719.4000,1,2,4,2,1,1,2,1,2,2
SF,IC2003,2019-11-12 09:35:14.800,4717.6000,27606,0,302887080.000,0,-,-,-,-,4716.4000,4716.0000,4715.8000,4715.2000,4715.0000,4717.8000,4718.0000,4718.8000,4719.0000,4719.4000,2,2,1,7,1,1,2,1,2,2
SF,IC2003,2019-11-12 09:35:15.300,4717.6000,27606,0,302887080.000,0,-,-,-,-,4716.6000,4716.4000,4716.0000,4715.8000,4715.2000,4717.8000,4718.0000,4718.8000,4719.0000,4719.4000,1,2,2,1,7,1,2,1,2,2
SF,IC2003,2019-11-12 09:35:16.800,4717.6000,27606,0,302887080.000,0,-,-,-,-,4716.6000,4716.4000,4716.0000,4715.8000,4715.2000,4717.8000,4718.0000,4718.8000,4719.0000,4719.4000,1,3,2,1,7,1,2,1,2,2
SF,IC2003,2019-11-12 09:35:17.300,4717.6000,27606,0,302887080.000,0,-,-,-,-,4716.4000,4716.0000,4715.8000,4715.2000,4715.0000,4717.4000,4717.8000,4718.0000,4718.8000,4719.0000,3,2,1,7,1,1,1,2,1,2
SF,IC2003,2019-11-12 09:35:17.800,4716.4000,27606,0,303830360.000,1,0,1,多换,S,4716.4000,4716.0000,4715.8000,4715.2000,4715.0000,4717.4000,4717.8000,4718.0000,4718.8000,4719.0000,2,2,1,7,1,1,1,2,1,2
SF,IC2003,2019-11-12 09:35:18.300,4716.4000,27606,0,303830360.000,0,-,-,-,-,4716.8000,4716.4000,4716.0000,4715.8000,4715.2000,4717.4000,4718.0000,4718.8000,4719.0000,4719.4000,2,2,2,1,7,1,2,1,2,2
SF,IC2003,2019-11-12 09:35:18.800,4716.8000,27604,-2,305717080.000,2,0,2,双平,S,4716.4000,4716.0000,4715.8000,4715.2000,4715.0000,4717.4000,4718.0000,4718.8000,4719.0000,4719.4000,2,2,1,7,1,1,2,1,2,2
SF,IC2003,2019-11-12 09:35:19.300,4716.8000,27604,0,305717080.000,0,-,-,-,-,4716.4000,4716.0000,4715.8000,4715.2000,4715.0000,4717.2000,4717.4000,4718.0000,4718.8000,4719.0000,2,2,1,7,1,1,1,2,1,2
SF,IC2003,2019-11-12 09:35:19.800,4716.0000,27604,0,308546840.000,3,1,2,多换,S,4716.0000,4715.8000,4715.2000,4715.0000,4712.6000,4716.8000,4717.0000,4717.2000,4717.4000,4718.0000,1,1,7,1,1,2,1,1,1,2
SF,IC2003,2019-11-12 09:35:20.800,4716.0000,27605,1,309490040.000,1,1,0,双开,S,4715.8000,4715.2000,4715.0000,4712.6000,4710.8000,4716.8000,4717.0000,4717.2000,4717.4000,4718.0000,1,7,1,1,1,2,1,1,1,2
SF,IC2003,2019-11-12 09:35:21.300,4716.0000,27605,0,309490040.000,0,-,-,-,-,4715.8000,4715.2000,4715.0000,4712.6000,4710.8000,4716.8000,4717.0000,4717.2000,4717.4000,4718.0000,1,7,1,1,1,2,1,1,1,2
SF,IC2003,2019-11-12 09:35:25.800,4716.0000,27605,0,309490040.000,0,-,-,-,-,4715.8000,4715.2000,4715.0000,4712.6000,4710.8000,4716.8000,4717.0000,4717.2000,4717.4000,4718.0000,1,7,1,1,1,2,1,1,1,2
SF,IC2003,2019-11-12 09:35:26.300,4716.0000,27605,0,309490040.000,0,-,-,-,-,4715.8000,4715.6000,4715.2000,4715.0000,4712.6000,4716.8000,4717.0000,4717.2000,4717.4000,4718.0000,1,2,7,1,1,2,1,1,1,2
