市场代码,合约代码,时间,最新,持仓,增仓,成交额,成交量,开仓,平仓,成交类型,方向,买一价,买二价,买三价,买四价,买五价,卖一价,卖二价,卖三价,卖四价,卖五价,买一量,买二量,买三量,买四量,买五量,卖一量,卖二量,卖三量,卖四量,卖五量
SF,IC2006,2019-11-19 09:29:00.200,4630.4000,13668,0,926080.000,1.000,-,-,-,-,4630.4000,4628.4000,4626.4000,4624.4000,4623.0000,4635.0000,4638.0000,4639.0000,4640.0000,4641.4000,4,5,5,5,1,1,2,1,1,1
SF,IC2006,2019-11-19 09:30:00.200,4628.4000,13677,9,9258800.000,9,9,0,双开,S,4626.4000,4626.0000,4624.4000,4623.0000,4622.4000,4630.0000,4630.2000,4632.2000,4632.4000,4633.2000,5,1,5,1,5,3,2,1,1,1
SF,IC2006,2019-11-19 09:30:00.700,4628.8000,13676,-1,11109840.000,2,0,2,多平,S,4626.4000,4626.0000,4624.4000,4622.4000,4622.0000,4628.8000,4629.6000,4630.2000,4632.2000,4633.2000,4,1,5,5,2,2,1,2,1,1
SF,IC2006,2019-11-19 09:30:01.200,4628.8000,13676,0,11109840.000,0,-,-,-,-,4626.4000,4626.0000,4624.4000,4622.4000,4622.0000,4628.6000,4628.8000,4629.6000,4629.8000,4630.0000,4,1,5,5,2,3,2,1,4,3
SF,IC2006,2019-11-19 09:30:01.700,4626.4000,13678,2,12960400.000,2,2,0,双开,S,4626.4000,4626.0000,4624.4000,4622.4000,4622.0000,4628.4000,4629.4000,4629.6000,4629.8000,4630.2000,2,1,5,5,2,2,1,1,1,1
SF,IC2006,2019-11-19 09:30:02.200,4626.4000,13678,0,12960400.000,0,-,-,-,-,4626.4000,4626.0000,4624.4000,4622.4000,4622.0000,4628.4000,4629.4000,4629.6000,4630.2000,4632.2000,2,1,5,5,2,2,1,1,1,1
SF,IC2006,2019-11-19 09:30:02.700,4626.4000,13678,0,12960400.000,0,-,-,-,-,4626.4000,4626.0000,4624.4000,4622.4000,4622.0000,4628.4000,4629.4000,4629.6000,4630.2000,4632.2000,2,1,5,5,2,2,1,1,1,1
SF,IC2006,2019-11-19 09:30:03.200,4626.4000,13678,0,12960400.000,0,-,-,-,-,4626.4000,4626.0000,4624.4000,4622.4000,4622.0000,4628.4000,4629.4000,4629.6000,4630.2000,4632.2000,2,1,5,5,2,3,1,1,1,1
SF,IC2006,2019-11-19 09:30:03.700,4626.4000,13678,0,12960400.000,0,-,-,-,-,4626.4000,4626.0000,4624.4000,4622.4000,4622.0000,4627.6000,4628.0000,4628.2000,4628.4000,4629.4000,2,1,5,5,2,1,1,2,3,1
SF,IC2006,2019-11-19 09:30:04.200,4626.4000,13678,0,12960400.000,0,-,-,-,-,4626.4000,4626.0000,4624.4000,4622.4000,4622.0000,4627.2000,4627.4000,4628.2000,4628.4000,4629.4000,2,1,5,5,2,1,1,2,1,1
SF,IC2006,2019-11-19 09:30:04.700,4627.2000,13677,-1,13885840.000,1,0,1,双平,S,4626.4000,4626.0000,4624.4000,4622.4000,4622.0000,4628.4000,4629.4000,4630.2000,4631.0000,4633.8000,2,1,5,5,1,1,1,1,2,2
SF,IC2006,2019-11-19 09:30:05.200,4627.2000,13677,0,13885840.000,0,-,-,-,-,4626.6000,4626.4000,4626.0000,4624.4000,4622.4000,4628.2000,4628.4000,4629.4000,4630.2000,4631.0000,9,2,1,5,5,1,1,1,1,2
SF,IC2006,2019-11-19 09:30:05.700,4626.6000,13679,2,15736480.000,2,2,0,双开,S,4626.6000,4626.4000,4626.0000,4624.4000,4622.4000,4628.2000,4628.4000,4629.4000,4630.2000,4631.0000,7,2,1,5,5,1,1,1,1,2
SF,IC2006,2019-11-19 09:30:06.700,4626.6000,13679,0,15736480.000,0,-,-,-,-,4626.6000,4626.4000,4626.0000,4624.4000,4622.4000,4628.2000,4628.4000,4629.4000,4631.0000,4633.8000,7,2,1,5,5,1,1,1,2,1
SF,IC2006,2019-11-19 09:30:07.200,4626.6000,13680,1,16661800.000,1,1,0,双开,S,4626.6000,4626.4000,4626.0000,4624.4000,4622.4000,4628.2000,4628.4000,4629.4000,4631.0000,4633.8000,6,2,1,5,5,1,1,1,2,1
SF,IC2006,2019-11-19 09:30:07.700,4628.4000,13680,0,17587480.000,1,0,1,多换,S,4628.2000,4626.8000,4626.6000,4626.4000,4626.0000,4631.0000,4633.8000,4635.0000,4635.2000,4635.4000,1,2,6,2,1,2,1,2,1,1
SF,IC2006,2019-11-19 09:30:08.200,4628.4000,13680,0,17587480.000,0,-,-,-,-,4628.4000,4628.2000,4626.4000,4626.0000,4624.4000,4630.8000,4631.0000,4633.8000,4635.0000,4635.2000,7,1,2,1,5,3,2,1,2,1
SF,IC2006,2019-11-19 09:30:08.700,4628.4000,13680,0,17587480.000,0,-,-,-,-,4628.4000,4628.2000,4626.4000,4626.0000,4624.4000,4630.8000,4631.0000,4633.8000,4635.0000,4635.2000,7,1,2,1,5,3,2,1,2,1
SF,IC2006,2019-11-19 09:30:09.200,4628.4000,13680,0,17587480.000,0,-,-,-,-,4628.4000,4628.2000,4626.4000,4626.0000,4624.4000,4631.0000,4631.8000,4633.8000,4635.0000,4635.2000,7,1,2,1,5,2,1,1,2,1
SF,IC2006,2019-11-19 09:30:09.700,4628.4000,13679,-1,18513160.000,1,0,1,双平,S,4628.4000,4628.2000,4627.4000,4626.4000,4626.0000,4631.0000,4631.2000,4631.8000,4633.8000,4635.0000,6,1,1,2,1,2,1,1,1,2
SF,IC2006,2019-11-19 09:30:10.200,4628.4000,13679,0,18513160.000,0,-,-,-,-,4628.4000,4628.2000,4626.4000,4626.0000,4624.4000,4630.8000,4631.0000,4631.8000,4633.8000,4635.0000,6,1,2,1,5,1,2,1,1,2
SF,IC2006,2019-11-19 09:30:10.700,4628.4000,13679,0,18513160.000,0,-,-,-,-,4628.6000,4628.4000,4628.2000,4626.4000,4626.0000,4631.0000,4631.8000,4633.8000,4635.0000,4635.2000,1,6,1,2,1,2,1,1,2,1
SF,IC2006,2019-11-19 09:30:11.200,4631.0000,13679,0,19439360.000,1,0,1,多换,S,4628.8000,4628.6000,4628.2000,4626.4000,4626.0000,4631.0000,4631.8000,4633.8000,4635.0000,4635.2000,6,1,1,2,1,1,1,1,2,1
SF,IC2006,2019-11-19 09:30:11.700,4631.0000,13679,0,19439360.000,0,-,-,-,-,4628.8000,4628.2000,4626.4000,4626.0000,4624.4000,4630.8000,4631.0000,4631.8000,4633.8000,4635.0000,6,1,2,1,5,1,1,1,1,2
SF,IC2006,2019-11-19 09:30:12.200,4629.0000,13678,-1,20365160.000,1,0,1,双平,S,4628.8000,4628.2000,4626.4000,4626.0000,4624.4000,4630.8000,4631.0000,4631.8000,4633.8000,4635.0000,6,1,2,1,5,1,1,1,1,2
SF,IC2006,2019-11-19 09:30:12.700,4629.0000,13678,0,20365160.000,0,-,-,-,-,4629.0000,4628.8000,4628.2000,4626.4000,4626.0000,4630.8000,4631.0000,4631.8000,4633.8000,4635.0000,1,6,1,2,1,1,2,1,1,2
SF,IC2006,2019-11-19 09:30:13.200,4629.0000,13678,0,20365160.000,0,-,-,-,-,4629.2000,4629.0000,4628.2000,4626.4000,4626.0000,4630.8000,4631.0000,4631.8000,4633.8000,4635.0000,6,1,1,2,1,1,2,1,1,2
SF,IC2006,2019-11-19 09:30:13.700,4629.0000,13678,0,20365160.000,0,-,-,-,-,4629.2000,4629.0000,4628.2000,4626.4000,4626.0000,4630.8000,4631.0000,4631.8000,4633.8000,4635.0000,6,1,1,2,1,1,1,1,1,2
SF,IC2006,2019-11-19 09:30:14.200,4629.0000,13678,0,20365160.000,0,-,-,-,-,4629.4000,4629.2000,4629.0000,4628.2000,4626.4000,4631.0000,4631.8000,4633.8000,4635.0000,4635.2000,1,6,1,1,2,1,1,1,2,1
SF,IC2006,2019-11-19 09:30:14.700,4631.0000,13678,0,22217520.000,2,1,1,多换,S,4631.0000,4629.6000,4629.0000,4628.4000,4628.2000,4631.8000,4632.0000,4633.8000,4635.0000,4635.2000,3,6,1,1,1,1,1,1,2,1
SF,IC2006,2019-11-19 09:30:15.200,4631.0000,13678,0,24996120.000,3,1,2,多换,S,4631.2000,4629.0000,4626.4000,4626.0000,4624.4000,4631.6000,4631.8000,4633.8000,4635.0000,4635.2000,6,1,2,1,5,3,1,1,2,1
SF,IC2006,2019-11-19 09:30:15.700,4631.2000,13679,1,30553520.000,6,3,3,空开,S,4629.0000,4626.4000,4626.0000,4624.4000,4623.0000,4631.2000,4631.6000,4631.8000,4633.8000,4635.0000,1,2,1,5,1,3,2,1,1,2
SF,IC2006,2019-11-19 09:30:16.200,4631.2000,13679,0,32406000.000,2,1,1,多换,S,4631.6000,4629.2000,4629.0000,4626.4000,4626.0000,4631.8000,4633.8000,4635.0000,4635.2000,4635.4000,3,2,1,2,1,1,1,2,1,1
SF,IC2006,2019-11-19 09:30:16.700,4631.6000,13679,0,35184960.000,3,1,2,多换,S,4629.0000,4626.4000,4626.0000,4624.4000,4623.0000,4631.6000,4633.8000,4635.0000,4635.2000,4635.4000,1,2,1,5,1,4,1,2,1,1
SF,IC2006,2019-11-19 09:30:17.200,4631.6000,13679,0,35184960.000,0,-,-,-,-,4629.0000,4626.4000,4626.0000,4624.4000,4623.0000,4631.6000,4633.8000,4635.0000,4635.2000,4635.4000,1,2,1,5,1,5,1,2,1,1
SF,IC2006,2019-11-19 09:30:17.700,4631.6000,13679,0,35184960.000,0,-,-,-,-,4629.0000,4626.4000,4626.0000,4624.4000,4623.0000,4631.0000,4631.4000,4631.6000,4633.8000,4635.0000,1,2,1,5,1,1,2,5,1,2
SF,IC2006,2019-11-19 09:30:18.200,4631.6000,13679,0,35184960.000,0,-,-,-,-,4629.0000,4626.4000,4626.0000,4624.4000,4623.0000,4630.8000,4631.0000,4631.4000,4631.6000,4633.8000,2,2,1,5,1,5,1,2,4,1
SF,IC2006,2019-11-19 09:30:18.700,4630.8000,13678,-1,40741560.000,6,2,4,多平,S,4629.0000,4628.6000,4626.4000,4626.0000,4624.4000,4631.0000,4631.4000,4631.6000,4632.4000,4633.8000,1,1,2,1,5,1,2,4,1,1
SF,IC2006,2019-11-19 09:30:19.200,4630.8000,13678,0,40741560.000,0,-,-,-,-,4629.0000,4626.4000,4626.0000,4624.4000,4623.0000,4630.2000,4630.6000,4630.8000,4631.0000,4631.4000,1,2,1,5,1,1,1,1,1,1
SF,IC2006,2019-11-19 09:30:19.700,4630.8000,13678,0,40741560.000,0,-,-,-,-,4629.0000,4626.4000,4626.0000,4624.4000,4623.0000,4630.2000,4630.8000,4631.0000,4631.4000,4631.6000,1,2,1,5,1,1,1,1,1,5
SF,IC2006,2019-11-19 09:30:20.200,4630.2000,13678,0,41667600.000,1,0,1,多换,S,4630.2000,4629.0000,4626.4000,4626.0000,4624.4000,4630.4000,4630.8000,4631.0000,4631.4000,4631.6000,4,1,2,1,5,1,1,1,1,5
SF,IC2006,2019-11-19 09:30:20.700,4630.2000,13678,0,43519720.000,2,1,1,多换,S,4630.2000,4629.0000,4626.4000,4626.0000,4624.4000,4630.8000,4631.4000,4631.6000,4633.8000,4635.0000,3,1,2,1,5,1,1,5,1,2
SF,IC2006,2019-11-19 09:30:21.200,4630.8000,13678,0,44445880.000,1,0,1,多换,S,4630.8000,4630.2000,4629.0000,4626.4000,4626.0000,4631.4000,4631.6000,4633.8000,4635.0000,4635.2000,4,3,1,2,1,1,4,1,2,1
SF,IC2006,2019-11-19 09:30:21.700,4631.0000,13673,-5,49076960.000,5,0,5,双平,S,4630.8000,4630.2000,4629.0000,4626.4000,4626.0000,4631.6000,4633.8000,4635.0000,4635.2000,4635.4000,5,3,1,2,1,4,1,2,1,1
SF,IC2006,2019-11-19 09:30:22.200,4631.0000,13673,0,49076960.000,0,-,-,-,-,4630.8000,4630.2000,4629.0000,4626.4000,4626.0000,4631.4000,4631.6000,4633.8000,4635.0000,4635.2000,5,3,1,2,1,1,4,1,2,1
SF,IC2006,2019-11-19 09:30:22.700,4631.2000,13674,1,50929400.000,2,1,1,空开,S,4631.4000,4630.8000,4630.2000,4629.0000,4626.4000,4631.6000,4633.8000,4635.0000,4635.2000,4635.4000,3,5,3,1,2,4,1,2,1,1
SF,IC2006,2019-11-19 09:30:23.200,4630.8000,13674,0,54634400.000,4,2,2,多换,S,4630.8000,4630.2000,4629.0000,4626.4000,4626.0000,4631.4000,4631.6000,4633.8000,4635.0000,4635.2000,4,3,1,2,1,3,4,1,2,1
SF,IC2006,2019-11-19 09:30:23.700,4630.8000,13674,0,54634400.000,0,-,-,-,-,4630.8000,4630.2000,4629.0000,4626.4000,4626.0000,4631.0000,4631.6000,4633.8000,4635.0000,4635.2000,4,3,1,2,1,2,4,1,2,1
SF,IC2006,2019-11-19 09:30:24.200,4630.8000,13674,0,56486720.000,2,1,1,多换,S,4630.8000,4630.2000,4629.0000,4626.4000,4626.0000,4631.0000,4631.6000,4633.8000,4635.0000,4635.2000,1,3,1,2,1,2,4,1,2,1
SF,IC2006,2019-11-19 09:30:24.700,4630.8000,13674,0,57412880.000,1,0,1,多换,S,4630.2000,4629.0000,4626.4000,4626.0000,4624.4000,4630.8000,4631.0000,4631.6000,4633.8000,4635.0000,3,1,2,1,5,1,2,4,1,2
SF,IC2006,2019-11-19 09:30:25.200,4630.2000,13674,0,60191000.000,3,1,2,多换,S,4629.0000,4626.4000,4626.0000,4624.4000,4623.0000,4630.6000,4630.8000,4631.0000,4631.6000,4633.8000,1,2,1,5,1,1,2,2,4,1
SF,IC2006,2019-11-19 09:30:25.700,4630.2000,13674,0,60191000.000,0,-,-,-,-,4629.2000,4629.0000,4626.4000,4626.0000,4624.4000,4630.6000,4630.8000,4631.0000,4631.6000,4633.8000,2,1,2,1,5,1,1,2,4,1
SF,IC2006,2019-11-19 09:30:26.200,4630.2000,13674,0,60191000.000,0,-,-,-,-,4629.2000,4629.0000,4626.0000,4623.0000,4622.0000,4630.6000,4630.8000,4631.0000,4631.6000,4633.8000,2,1,1,1,1,1,1,2,4,1
SF,IC2006,2019-11-19 09:30:26.700,4630.2000,13674,0,60191000.000,0,-,-,-,-,4629.2000,4629.0000,4626.0000,4623.0000,4622.0000,4630.6000,4630.8000,4631.0000,4631.6000,4633.8000,2,1,1,1,1,1,1,2,4,1
SF,IC2006,2019-11-19 09:30:27.200,4630.2000,13674,0,60191000.000,0,-,-,-,-,4629.2000,4629.0000,4626.0000,4623.0000,4622.0000,4630.4000,4630.6000,4630.8000,4631.0000,4631.6000,2,1,1,1,1,2,1,1,2,4
SF,IC2006,2019-11-19 09:30:28.200,4630.2000,13674,0,60191000.000,0,-,-,-,-,4630.4000,4629.2000,4629.0000,4626.0000,4623.0000,4631.0000,4631.6000,4633.8000,4635.0000,4635.2000,5,2,1,1,1,2,4,1,2,1
SF,IC2006,2019-11-19 09:30:28.700,4630.8000,13673,-1,61117160.000,1,0,1,双平,S,4630.6000,4630.4000,4629.0000,4626.0000,4623.0000,4630.8000,4631.0000,4631.6000,4633.8000,4635.0000,2,5,1,1,1,1,2,4,1,2
SF,IC2006,2019-11-19 09:30:29.200,4631.0000,13671,-2,63895720.000,3,0,3,多平,S,4631.0000,4630.8000,4630.6000,4630.4000,4629.0000,4631.6000,4633.8000,4635.0000,4635.2000,4635.4000,1,1,2,5,1,4,1,2,1,1
SF,IC2006,2019-11-19 09:30:29.700,4631.2000,13668,-3,66674600.000,3,0,3,双平,S,4630.8000,4630.4000,4629.6000,4629.0000,4626.0000,4631.0000,4631.6000,4633.4000,4633.8000,4635.0000,1,5,1,1,1,5,1,1,1,2
SF,IC2006,2019-11-19 09:30:30.200,4631.0000,13663,-5,71305600.000,5,0,5,双平,S,4631.2000,4631.0000,4630.4000,4629.0000,4626.0000,4631.4000,4631.6000,4633.8000,4635.0000,4635.2000,1,1,5,1,1,1,1,1,2,1
SF,IC2006,2019-11-19 09:30:30.700,4631.6000,13662,-1,73158160.000,2,0,2,多平,S,4631.8000,4631.4000,4631.0000,4630.4000,4629.0000,4633.8000,4635.0000,4635.2000,4635.4000,4636.8000,1,1,1,5,1,1,2,1,1,5
SF,IC2006,2019-11-19 09:30:31.200,4631.8000,13661,-1,74084520.000,1,0,1,双平,S,4632.0000,4631.0000,4630.4000,4629.0000,4626.0000,4632.2000,4633.2000,4633.4000,4633.6000,4633.8000,1,1,5,1,1,1,1,1,1,1
SF,IC2006,2019-11-19 09:30:31.700,4632.0000,13660,-1,75010920.000,1,0,1,双平,S,4631.0000,4630.4000,4629.8000,4629.0000,4626.0000,4631.8000,4632.0000,4632.2000,4633.2000,4633.4000,1,5,1,1,1,2,2,1,1,1
SF,IC2006,2019-11-19 09:30:32.200,4632.0000,13660,0,75010920.000,0,-,-,-,-,4630.4000,4629.0000,4626.0000,4623.0000,4622.0000,4630.8000,4631.6000,4631.8000,4632.0000,4632.2000,5,1,1,1,1,1,3,2,2,1
SF,IC2006,2019-11-19 09:30:32.700,4630.4000,13661,1,75937000.000,1,1,0,双开,S,4630.4000,4629.0000,4626.0000,4623.0000,4622.0000,4630.8000,4631.8000,4632.0000,4632.2000,4633.2000,4,1,1,1,1,1,2,2,1,1
SF,IC2006,2019-11-19 09:30:33.200,4630.8000,13661,0,76863160.000,1,0,1,多换,S,4630.4000,4629.0000,4626.0000,4623.0000,4622.0000,4631.6000,4631.8000,4632.0000,4632.2000,4633.2000,4,1,1,1,1,1,2,2,1,1
SF,IC2006,2019-11-19 09:30:33.700,4630.8000,13661,0,76863160.000,0,-,-,-,-,4630.6000,4630.4000,4629.0000,4626.0000,4623.0000,4632.0000,4632.2000,4633.2000,4633.4000,4633.6000,1,4,1,1,1,2,1,1,1,1
SF,IC2006,2019-11-19 09:30:35.200,4632.0000,13661,0,77789560.000,1,0,1,多换,S,4632.0000,4630.6000,4630.4000,4629.0000,4626.0000,4632.2000,4633.2000,4633.4000,4633.6000,4633.8000,2,1,4,1,1,1,1,1,1,1
SF,IC2006,2019-11-19 09:30:35.700,4632.0000,13661,0,79642360.000,2,1,1,多换,S,4631.0000,4630.4000,4629.0000,4626.0000,4623.0000,4632.0000,4632.2000,4633.2000,4633.4000,4633.6000,1,4,1,1,1,1,1,1,1,1
SF,IC2006,2019-11-19 09:30:36.200,4632.0000,13660,-1,80568760.000,1,0,1,双平,S,4631.0000,4630.4000,4629.0000,4626.0000,4623.0000,4632.0000,4632.2000,4633.2000,4633.4000,4633.6000,1,4,1,1,1,2,1,1,1,1
SF,IC2006,2019-11-19 09:30:37.200,4632.0000,13660,0,80568760.000,0,-,-,-,-,4631.0000,4630.4000,4629.0000,4626.0000,4623.0000,4632.2000,4633.2000,4633.4000,4633.6000,4633.8000,1,4,1,1,1,1,1,1,1,1
SF,IC2006,2019-11-19 09:30:38.200,4632.0000,13660,0,80568760.000,0,-,-,-,-,4631.0000,4629.0000,4626.0000,4623.0000,4622.0000,4632.0000,4632.2000,4633.2000,4633.4000,4633.6000,1,1,1,1,1,1,1,1,1,1
SF,IC2006,2019-11-19 09:30:38.700,4632.0000,13660,0,80568760.000,0,-,-,-,-,4631.0000,4629.0000,4626.0000,4623.0000,4622.0000,4631.6000,4632.0000,4632.2000,4633.2000,4633.4000,1,1,1,1,1,1,1,1,1,1
SF,IC2006,2019-11-19 09:30:39.200,4631.6000,13661,1,81495080.000,1,1,0,双开,S,4631.6000,4631.0000,4629.0000,4626.0000,4623.0000,4632.0000,4632.2000,4633.2000,4633.4000,4633.6000,2,1,1,1,1,1,1,1,1,1
SF,IC2006,2019-11-19 09:30:39.700,4631.6000,13661,0,83347720.000,2,1,1,多换,S,4631.0000,4629.0000,4626.0000,4623.0000,4622.0000,4632.0000,4632.2000,4633.2000,4633.4000,4633.6000,1,1,1,1,1,1,1,1,1,1
SF,IC2006,2019-11-19 09:30:40.200,4631.6000,13661,0,83347720.000,0,-,-,-,-,4631.0000,4629.0000,4626.0000,4623.0000,4622.0000,4631.6000,4632.0000,4632.2000,4633.2000,4633.4000,1,1,1,1,1,5,1,1,1,1
SF,IC2006,2019-11-19 09:30:40.700,4631.0000,13660,-1,84273920.000,1,0,1,双平,S,4629.0000,4626.0000,4623.0000,4622.0000,4620.0000,4631.0000,4631.6000,4632.0000,4632.2000,4633.2000,1,1,1,1,1,1,5,1,1,1
SF,IC2006,2019-11-19 09:30:41.200,4631.0000,13660,0,84273920.000,0,-,-,-,-,4629.2000,4629.0000,4626.0000,4623.0000,4622.0000,4631.0000,4631.6000,4632.0000,4632.2000,4633.2000,2,1,1,1,1,2,5,1,1,1
SF,IC2006,2019-11-19 09:30:42.200,4629.0000,13657,-3,87051400.000,3,0,3,双平,S,4626.4000,4626.0000,4623.0000,4622.0000,4620.0000,4629.2000,4630.0000,4630.8000,4631.0000,4631.6000,1,1,1,1,1,1,1,4,2,5
SF,IC2006,2019-11-19 09:30:42.700,4629.0000,13657,0,87051400.000,0,-,-,-,-,4626.6000,4626.0000,4623.0000,4622.0000,4620.0000,4630.8000,4631.0000,4631.6000,4631.8000,4632.2000,1,1,1,1,1,4,2,4,1,1
SF,IC2006,2019-11-19 09:30:43.200,4629.0000,13657,0,87051400.000,0,-,-,-,-,4626.6000,4626.0000,4623.0000,4622.0000,4620.0000,4630.6000,4630.8000,4631.0000,4631.6000,4631.8000,1,1,1,1,1,3,4,2,4,1
SF,IC2006,2019-11-19 09:30:43.700,4629.0000,13657,0,87051400.000,0,-,-,-,-,4626.6000,4626.0000,4623.0000,4622.0000,4620.0000,4630.0000,4630.2000,4630.4000,4630.6000,4630.8000,1,1,1,1,1,1,1,1,3,4
SF,IC2006,2019-11-19 09:30:44.200,4629.0000,13657,0,87051400.000,0,-,-,-,-,4626.6000,4626.0000,4623.0000,4622.0000,4620.0000,4629.6000,4630.0000,4630.2000,4630.4000,4630.6000,2,1,1,1,1,1,1,2,1,1
SF,IC2006,2019-11-19 09:30:44.700,4629.0000,13657,0,87051400.000,0,-,-,-,-,4626.6000,4626.0000,4623.0000,4622.0000,4620.0000,4629.6000,4630.2000,4630.4000,4630.6000,4630.8000,2,1,1,1,1,1,2,1,1,3
SF,IC2006,2019-11-19 09:30:45.200,4629.0000,13657,0,87051400.000,0,-,-,-,-,4626.6000,4626.0000,4623.0000,4622.0000,4620.0000,4629.6000,4630.2000,4630.4000,4630.6000,4630.8000,2,1,1,1,1,1,2,1,1,1
SF,IC2006,2019-11-19 09:30:45.700,4629.0000,13657,0,87051400.000,0,-,-,-,-,4626.6000,4626.0000,4623.0000,4622.0000,4620.0000,4629.6000,4630.2000,4630.4000,4630.6000,4630.8000,2,1,1,1,1,1,2,1,1,1
SF,IC2006,2019-11-19 09:30:46.200,4629.0000,13657,0,87051400.000,0,-,-,-,-,4626.6000,4626.0000,4623.0000,4622.0000,4620.0000,4629.4000,4629.6000,4630.2000,4630.6000,4630.8000,2,1,1,1,1,1,1,2,1,1
SF,IC2006,2019-11-19 09:30:47.700,4629.6000,13656,-1,88903200.000,2,0,2,多平,S,4629.4000,4626.8000,4626.6000,4626.0000,4623.0000,4630.2000,4631.0000,4631.6000,4632.2000,4633.0000,1,3,2,1,1,2,1,4,1,1
SF,IC2006,2019-11-19 09:30:48.200,4630.2000,13655,-1,89829240.000,1,0,1,双平,S,4630.2000,4626.8000,4626.6000,4626.0000,4623.0000,4631.0000,4631.6000,4632.2000,4633.0000,4633.2000,1,3,1,1,1,1,4,1,1,1
SF,IC2006,2019-11-19 09:30:48.700,4630.2000,13655,0,89829240.000,0,-,-,-,-,4630.2000,4626.8000,4626.6000,4626.0000,4623.0000,4631.0000,4631.6000,4632.2000,4633.0000,4633.2000,1,3,1,1,1,1,1,1,1,1
SF,IC2006,2019-11-19 09:30:49.200,4630.2000,13655,0,89829240.000,0,-,-,-,-,4630.2000,4626.8000,4626.6000,4626.0000,4623.0000,4631.0000,4631.6000,4632.2000,4633.0000,4633.2000,1,3,1,1,1,1,1,1,1,1
SF,IC2006,2019-11-19 09:30:49.700,4630.2000,13655,0,89829240.000,0,-,-,-,-,4630.2000,4627.0000,4626.8000,4626.6000,4626.0000,4631.0000,4631.6000,4632.2000,4633.0000,4633.2000,1,1,3,1,1,1,1,1,1,1
SF,IC2006,2019-11-19 09:30:50.700,4631.0000,13655,0,90755440.000,1,0,1,多换,S,4631.0000,4630.2000,4627.0000,4626.8000,4626.6000,4631.6000,4632.2000,4633.0000,4633.2000,4633.4000,1,1,1,3,1,1,1,1,1,1
SF,IC2006,2019-11-19 09:30:51.200,4631.6000,13655,0,91681760.000,1,0,1,多换,S,4631.0000,4630.2000,4627.0000,4626.8000,4626.6000,4632.2000,4633.0000,4633.2000,4633.4000,4635.0000,1,1,1,3,1,1,1,1,1,2
SF,IC2006,2019-11-19 09:30:51.700,4631.6000,13655,0,91681760.000,0,-,-,-,-,4631.0000,4630.2000,4627.0000,4626.8000,4626.6000,4633.0000,4633.2000,4633.4000,4635.0000,4635.2000,1,1,1,3,1,1,1,1,2,1
SF,IC2006,2019-11-19 09:30:52.200,4631.6000,13655,0,91681760.000,0,-,-,-,-,4631.0000,4630.2000,4627.0000,4626.8000,4626.6000,4632.6000,4632.8000,4633.0000,4633.2000,4633.4000,1,1,1,3,1,1,2,1,1,1
SF,IC2006,2019-11-19 09:30:52.700,4631.6000,13655,0,91681760.000,0,-,-,-,-,4631.0000,4630.2000,4627.0000,4626.8000,4626.6000,4632.6000,4633.0000,4633.2000,4633.4000,4635.0000,1,1,1,3,1,1,1,1,1,2
SF,IC2006,2019-11-19 09:30:53.200,4631.6000,13655,0,91681760.000,0,-,-,-,-,4631.0000,4630.2000,4627.0000,4626.8000,4626.6000,4632.6000,4633.0000,4633.4000,4635.0000,4635.2000,1,1,1,3,1,1,1,1,2,1
SF,IC2006,2019-11-19 09:30:54.200,4631.6000,13655,0,91681760.000,0,-,-,-,-,4631.0000,4630.2000,4627.0000,4626.8000,4626.6000,4632.6000,4633.0000,4633.4000,4635.0000,4635.2000,1,1,1,3,1,1,1,1,2,1
SF,IC2006,2019-11-19 09:30:54.700,4631.6000,13655,0,91681760.000,0,-,-,-,-,4631.2000,4631.0000,4630.2000,4627.0000,4626.8000,4632.6000,4633.0000,4633.4000,4635.0000,4635.2000,1,1,1,1,3,1,1,1,2,1
SF,IC2006,2019-11-19 09:30:57.200,4631.6000,13655,0,91681760.000,0,-,-,-,-,4631.2000,4631.0000,4630.2000,4627.0000,4626.8000,4632.0000,4632.6000,4632.8000,4633.0000,4633.4000,1,1,1,1,3,1,1,1,1,1
SF,IC2006,2019-11-19 09:30:57.700,4631.6000,13655,0,91681760.000,0,-,-,-,-,4631.0000,4630.2000,4627.0000,4626.8000,4626.6000,4632.0000,4632.6000,4632.8000,4633.0000,4633.4000,1,1,1,3,1,1,1,1,1,1
SF,IC2006,2019-11-19 09:30:58.700,4631.6000,13655,0,91681760.000,0,-,-,-,-,4631.0000,4630.2000,4627.0000,4626.8000,4626.6000,4631.8000,4632.0000,4632.2000,4632.6000,4632.8000,1,1,1,3,1,1,1,1,1,1
SF,IC2006,2019-11-19 09:30:59.200,4631.6000,13655,0,91681760.000,0,-,-,-,-,4630.2000,4627.0000,4626.8000,4626.6000,4626.0000,4631.8000,4632.0000,4632.6000,4632.8000,4633.0000,1,1,3,1,1,1,1,1,1,1
SF,IC2006,2019-11-19 09:30:59.700,4631.6000,13655,0,91681760.000,0,-,-,-,-,4630.2000,4627.0000,4626.8000,4626.6000,4626.0000,4631.0000,4631.8000,4632.0000,4632.6000,4632.8000,1,1,3,1,1,1,1,1,1,1
SF,IC2006,2019-11-19 09:31:00.200,4631.0000,13654,-1,92607960.000,1,0,1,双平,S,4630.4000,4630.2000,4627.0000,4626.8000,4626.6000,4631.8000,4632.0000,4632.6000,4632.8000,4633.0000,1,1,1,3,1,1,1,1,1,1
SF,IC2006,2019-11-19 09:31:00.700,4631.0000,13654,0,92607960.000,0,-,-,-,-,4630.2000,4627.0000,4626.8000,4626.6000,4626.0000,4631.8000,4632.0000,4632.6000,4632.8000,4633.0000,1,1,3,1,1,2,1,1,1,1
SF,IC2006,2019-11-19 09:31:01.200,4631.0000,13654,0,92607960.000,0,-,-,-,-,4630.2000,4627.0000,4626.8000,4626.6000,4626.0000,4631.6000,4631.8000,4632.0000,4632.6000,4632.8000,1,1,3,1,1,1,2,1,1,1
SF,IC2006,2019-11-19 09:31:01.700,4631.0000,13654,0,92607960.000,0,-,-,-,-,4630.2000,4627.0000,4626.8000,4626.6000,4626.0000,4631.8000,4632.0000,4632.6000,4632.8000,4633.0000,1,1,3,1,1,2,1,1,1,1
SF,IC2006,2019-11-19 09:31:02.200,4631.0000,13654,0,92607960.000,0,-,-,-,-,4630.4000,4630.2000,4627.0000,4626.8000,4626.6000,4631.8000,4632.0000,4632.6000,4632.8000,4633.0000,1,1,1,3,1,2,1,1,1,1
SF,IC2006,2019-11-19 09:31:02.700,4631.8000,13653,-1,94460680.000,2,0,2,多平,S,4630.4000,4630.2000,4627.0000,4626.8000,4626.6000,4632.0000,4632.6000,4632.8000,4633.0000,4633.4000,1,1,1,3,1,1,1,1,1,1
SF,IC2006,2019-11-19 09:31:03.200,4632.0000,13652,-1,95387080.000,1,0,1,双平,S,4630.4000,4630.2000,4627.0000,4626.8000,4626.6000,4632.6000,4632.8000,4633.0000,4633.4000,4635.0000,1,1,1,3,1,1,1,1,1,2
SF,IC2006,2019-11-19 09:31:03.700,4632.0000,13652,0,95387080.000,0,-,-,-,-,4630.4000,4630.2000,4627.0000,4626.8000,4626.6000,4632.8000,4633.0000,4633.4000,4635.0000,4635.2000,1,1,1,3,1,1,1,1,2,1
SF,IC2006,2019-11-19 09:31:04.200,4632.0000,13652,0,95387080.000,0,-,-,-,-,4630.4000,4630.2000,4627.0000,4626.8000,4626.6000,4632.8000,4633.0000,4635.0000,4635.2000,4637.6000,1,1,1,3,1,1,1,2,1,1
SF,IC2006,2019-11-19 09:31:04.700,4632.0000,13652,0,95387080.000,0,-,-,-,-,4630.4000,4630.2000,4627.0000,4626.8000,4626.6000,4632.8000,4633.0000,4635.0000,4635.2000,4637.6000,1,1,1,3,1,1,1,2,1,1
SF,IC2006,2019-11-19 09:31:05.200,4632.0000,13652,0,95387080.000,0,-,-,-,-,4630.4000,4630.2000,4627.0000,4626.8000,4626.6000,4632.8000,4633.0000,4635.0000,4635.2000,4637.6000,1,1,1,3,1,1,1,2,1,1
SF,IC2006,2019-11-19 09:31:05.700,4632.0000,13652,0,95387080.000,0,-,-,-,-,4630.4000,4630.2000,4627.0000,4626.8000,4626.6000,4632.8000,4633.0000,4635.0000,4635.2000,4637.6000,1,1,1,3,1,1,1,2,1,1
SF,IC2006,2019-11-19 09:31:06.700,4632.8000,13651,-1,96313640.000,1,0,1,双平,S,4630.4000,4630.2000,4627.0000,4626.8000,4626.6000,4633.0000,4635.0000,4635.2000,4637.6000,4638.6000,1,1,1,3,1,1,2,1,1,1
SF,IC2006,2019-11-19 09:31:07.200,4632.8000,13651,0,96313640.000,0,-,-,-,-,4630.6000,4630.4000,4630.2000,4627.0000,4626.8000,4633.0000,4635.0000,4635.2000,4637.6000,4638.6000,1,1,1,1,3,1,2,1,1,1
SF,IC2006,2019-11-19 09:31:07.700,4632.8000,13651,0,96313640.000,0,-,-,-,-,4630.8000,4630.6000,4630.2000,4627.0000,4626.8000,4633.0000,4635.0000,4635.2000,4637.6000,4638.6000,2,1,1,1,3,1,2,1,1,1
SF,IC2006,2019-11-19 09:31:08.200,4632.8000,13651,0,96313640.000,0,-,-,-,-,4631.0000,4630.8000,4630.6000,4630.2000,4627.2000,4633.0000,4635.0000,4635.2000,4637.6000,4638.6000,3,2,1,1,5,1,2,1,1,1
SF,IC2006,2019-11-19 09:31:08.700,4633.0000,13650,-1,97240240.000,1,0,1,双平,S,4633.0000,4631.2000,4631.0000,4630.6000,4630.2000,4635.0000,4635.2000,4637.6000,4638.6000,4641.6000,1,2,3,1,1,2,1,1,1,5
SF,IC2006,2019-11-19 09:31:09.200,4633.0000,13650,0,97240240.000,0,-,-,-,-,4633.0000,4631.0000,4630.6000,4627.2000,4627.0000,4634.8000,4635.0000,4635.2000,4637.6000,4638.6000,2,3,1,5,1,1,2,1,1,1
SF,IC2006,2019-11-19 09:31:09.700,4633.0000,13650,0,97240240.000,0,-,-,-,-,4633.0000,4631.0000,4630.6000,4627.2000,4627.0000,4634.8000,4635.0000,4635.2000,4638.6000,4641.6000,1,3,1,5,1,1,2,1,1,5
SF,IC2006,2019-11-19 09:31:10.200,4633.0000,13650,0,97240240.000,0,-,-,-,-,4633.0000,4631.0000,4630.6000,4627.2000,4627.0000,4634.8000,4635.0000,4635.2000,4638.6000,4641.6000,1,3,1,5,1,1,2,1,1,5
SF,IC2006,2019-11-19 09:31:10.700,4633.0000,13650,0,97240240.000,0,-,-,-,-,4631.0000,4630.6000,4627.2000,4627.0000,4626.8000,4634.8000,4635.0000,4635.2000,4638.6000,4641.6000,3,1,5,1,3,1,2,1,1,5
SF,IC2006,2019-11-19 09:31:11.200,4633.0000,13650,0,97240240.000,0,-,-,-,-,4631.2000,4631.0000,4630.6000,4627.2000,4627.0000,4634.4000,4634.8000,4635.0000,4635.2000,4638.6000,2,3,1,5,1,1,1,2,1,1
SF,IC2006,2019-11-19 09:31:11.700,4633.0000,13650,0,97240240.000,0,-,-,-,-,4631.2000,4631.0000,4630.6000,4627.2000,4627.0000,4634.2000,4634.4000,4635.0000,4635.2000,4638.6000,2,3,1,5,1,1,1,2,1,1
SF,IC2006,2019-11-19 09:31:12.200,4633.0000,13650,0,97240240.000,0,-,-,-,-,4631.4000,4631.2000,4631.0000,4630.6000,4627.2000,4634.2000,4634.4000,4635.0000,4635.2000,4638.6000,3,2,3,1,5,1,1,2,1,1
SF,IC2006,2019-11-19 09:31:12.700,4633.0000,13650,0,97240240.000,0,-,-,-,-,4632.0000,4631.6000,4630.6000,4627.2000,4627.0000,4634.2000,4634.4000,4635.0000,4635.2000,4638.6000,1,1,1,5,1,1,1,2,1,1
SF,IC2006,2019-11-19 09:31:13.200,4633.0000,13650,0,97240240.000,0,-,-,-,-,4632.0000,4630.6000,4627.2000,4627.0000,4626.8000,4634.2000,4634.4000,4635.0000,4635.2000,4638.6000,1,1,5,1,3,1,1,2,1,1
SF,IC2006,2019-11-19 09:31:13.700,4633.0000,13650,0,97240240.000,0,-,-,-,-,4632.2000,4632.0000,4630.6000,4627.2000,4627.0000,4634.2000,4635.0000,4635.2000,4638.6000,4641.6000,1,1,1,5,1,1,2,1,1,5
SF,IC2006,2019-11-19 09:31:15.200,4633.0000,13650,0,97240240.000,0,-,-,-,-,4632.2000,4630.6000,4627.2000,4627.0000,4626.8000,4634.2000,4635.0000,4635.2000,4638.6000,4641.6000,1,1,5,1,3,1,2,1,1,5
SF,IC2006,2019-11-19 09:31:15.700,4633.0000,13650,0,97240240.000,0,-,-,-,-,4632.2000,4630.6000,4627.2000,4627.0000,4626.8000,4634.2000,4635.0000,4635.2000,4638.6000,4641.6000,2,1,5,1,3,1,2,1,1,5
SF,IC2006,2019-11-19 09:31:16.200,4633.0000,13650,0,97240240.000,0,-,-,-,-,4632.2000,4630.6000,4627.2000,4627.0000,4626.8000,4634.2000,4635.0000,4635.2000,4638.6000,4641.6000,1,1,5,1,3,1,2,1,1,5
SF,IC2006,2019-11-19 09:31:21.700,4634.2000,13649,-1,98167080.000,1,0,1,双平,S,4632.2000,4630.6000,4627.2000,4627.0000,4626.8000,4635.0000,4635.2000,4636.0000,4638.6000,4641.6000,2,1,5,1,3,2,1,1,1,5
SF,IC2006,2019-11-19 09:31:22.200,4634.2000,13649,0,98167080.000,0,-,-,-,-,4632.2000,4630.6000,4627.2000,4627.0000,4626.8000,4635.0000,4635.2000,4638.6000,4641.6000,4644.0000,2,1,5,1,3,2,1,1,5,1
SF,IC2006,2019-11-19 09:31:23.200,4634.2000,13649,0,98167080.000,0,-,-,-,-,4632.2000,4631.0000,4630.6000,4627.2000,4627.0000,4635.0000,4635.2000,4638.6000,4641.6000,4644.0000,2,1,1,5,1,2,1,1,5,1
SF,IC2006,2019-11-19 09:31:29.200,4634.2000,13649,0,98167080.000,0,-,-,-,-,4632.2000,4631.0000,4630.6000,4627.2000,4627.0000,4635.0000,4635.2000,4638.6000,4641.6000,4644.0000,2,1,1,5,1,3,1,1,5,1
SF,IC2006,2019-11-19 09:31:29.700,4634.2000,13649,0,98167080.000,0,-,-,-,-,4632.2000,4631.0000,4630.6000,4627.2000,4627.0000,4634.8000,4635.0000,4635.2000,4638.6000,4641.6000,2,1,1,5,1,1,3,1,1,5
SF,IC2006,2019-11-19 09:31:31.200,4634.2000,13649,0,98167080.000,0,-,-,-,-,4632.6000,4632.2000,4631.0000,4630.6000,4627.2000,4634.8000,4635.0000,4635.2000,4638.6000,4641.6000,1,2,1,1,5,1,3,1,1,5
SF,IC2006,2019-11-19 09:31:31.700,4634.2000,13649,0,98167080.000,0,-,-,-,-,4632.6000,4632.2000,4631.0000,4630.6000,4627.2000,4634.8000,4635.0000,4635.2000,4638.6000,4641.6000,1,1,1,1,5,1,3,1,1,5
SF,IC2006,2019-11-19 09:31:32.200,4634.2000,13649,0,98167080.000,0,-,-,-,-,4632.2000,4631.0000,4630.6000,4627.2000,4627.0000,4634.8000,4635.0000,4635.2000,4638.6000,4641.6000,1,1,1,5,1,1,3,1,1,5
SF,IC2006,2019-11-19 09:31:32.700,4634.2000,13649,0,98167080.000,0,-,-,-,-,4632.2000,4631.0000,4630.6000,4627.2000,4627.0000,4634.8000,4635.0000,4635.2000,4638.6000,4641.6000,1,1,1,5,1,1,3,1,1,5
SF,IC2006,2019-11-19 09:31:33.200,4634.8000,13649,0,101874800.000,4,2,2,多换,S,4634.8000,4632.2000,4631.8000,4631.0000,4630.6000,4635.0000,4635.2000,4635.6000,4638.6000,4641.6000,1,1,1,1,1,3,1,1,1,5
SF,IC2006,2019-11-19 09:31:33.700,4634.8000,13649,0,102801760.000,1,0,1,多换,S,4632.2000,4631.0000,4630.6000,4627.2000,4627.0000,4633.2000,4633.4000,4634.6000,4634.8000,4635.0000,1,1,1,5,1,2,2,1,3,3
SF,IC2006,2019-11-19 09:31:34.200,4633.2000,13649,0,104655040.000,2,1,1,多换,S,4633.2000,4632.2000,4631.0000,4627.2000,4627.0000,4633.4000,4634.6000,4634.8000,4635.0000,4635.2000,3,1,1,5,1,2,1,3,4,1
SF,IC2006,2019-11-19 09:31:34.700,4632.2000,13648,-1,108361400.000,4,1,3,多平,S,4631.0000,4627.0000,4626.8000,4626.0000,4623.0000,4632.6000,4633.2000,4634.6000,4634.8000,4635.0000,1,1,3,1,1,2,1,2,2,4
SF,IC2006,2019-11-19 09:31:35.200,4632.6000,13648,0,111140920.000,3,1,2,多换,S,4632.6000,4631.2000,4631.0000,4627.0000,4626.8000,4633.2000,4634.6000,4634.8000,4635.0000,4635.2000,2,1,2,1,3,1,2,2,4,1
SF,IC2006,2019-11-19 09:31:35.700,4632.6000,13648,0,112993960.000,2,1,1,多换,S,4631.0000,4627.0000,4626.8000,4626.0000,4623.0000,4632.6000,4634.4000,4634.6000,4634.8000,4635.0000,2,1,3,1,1,1,1,3,2,4
SF,IC2006,2019-11-19 09:31:36.200,4632.6000,13648,0,112993960.000,0,-,-,-,-,4632.6000,4631.2000,4631.0000,4627.0000,4626.8000,4634.4000,4634.6000,4634.8000,4635.0000,4635.2000,7,2,2,1,3,1,2,2,3,1
SF,IC2006,2019-11-19 09:31:36.700,4632.6000,13648,0,112993960.000,0,-,-,-,-,4632.6000,4631.0000,4627.0000,4626.8000,4626.0000,4634.6000,4634.8000,4635.0000,4635.2000,4638.6000,7,2,1,3,1,1,1,3,1,1
SF,IC2006,2019-11-19 09:31:37.200,4632.6000,13648,0,112993960.000,0,-,-,-,-,4634.4000,4632.8000,4632.6000,4631.0000,4627.0000,4634.6000,4635.0000,4635.2000,4638.6000,4641.6000,5,1,7,2,1,1,3,1,1,5
SF,IC2006,2019-11-19 09:31:37.700,4634.4000,13649,1,115774640.000,3,2,1,空开,S,4634.6000,4634.4000,4632.6000,4631.0000,4627.0000,4635.0000,4635.2000,4638.6000,4638.8000,4641.6000,7,3,7,2,1,3,1,1,1,5
SF,IC2006,2019-11-19 09:31:38.200,4634.6000,13650,1,117628480.000,2,1,1,空开,S,4634.6000,4634.4000,4632.6000,4631.0000,4627.0000,4634.8000,4635.0000,4635.2000,4638.6000,4638.8000,5,3,7,2,1,1,3,1,1,1
SF,IC2006,2019-11-19 09:31:38.700,4634.6000,13650,0,120409240.000,3,1,2,多换,S,4634.8000,4634.6000,4634.4000,4632.6000,4631.0000,4635.0000,4635.2000,4638.6000,4638.8000,4641.6000,5,2,3,7,2,3,1,1,1,5
SF,IC2006,2019-11-19 09:31:39.200,4634.8000,13651,1,121336200.000,1,1,0,双开,S,4634.8000,4634.6000,4634.4000,4632.6000,4631.0000,4635.0000,4635.2000,4638.6000,4638.8000,4641.6000,4,2,3,7,2,3,1,1,1,5
SF,IC2006,2019-11-19 09:31:39.700,4635.0000,13652,1,128752040.000,8,4,4,空开,S,4635.0000,4634.6000,4634.4000,4632.6000,4631.0000,4635.2000,4638.6000,4641.6000,4644.0000,4644.6000,1,2,3,7,2,1,1,5,1,2
SF,IC2006,2019-11-19 09:31:40.200,4635.0000,13652,0,129679040.000,1,0,1,多换,S,4634.6000,4634.4000,4632.6000,4631.0000,4627.0000,4635.2000,4637.0000,4637.8000,4638.6000,4641.6000,2,3,5,2,1,1,1,1,1,5
SF,IC2006,2019-11-19 09:31:40.700,4635.2000,13651,-1,133386920.000,4,1,3,多平,S,4635.2000,4634.4000,4633.0000,4632.6000,4631.0000,4636.6000,4637.0000,4637.8000,4638.6000,4641.6000,3,3,1,5,2,1,1,1,1,5
SF,IC2006,2019-11-19 09:31:41.200,4635.2000,13652,1,136168040.000,3,2,1,空开,S,4634.4000,4632.6000,4631.0000,4627.0000,4626.8000,4636.2000,4636.4000,4636.8000,4637.0000,4637.8000,3,5,2,1,3,1,2,1,1,1
SF,IC2006,2019-11-19 09:31:41.700,4636.2000,13653,1,138022480.000,2,1,1,空开,S,4636.2000,4634.4000,4632.6000,4631.0000,4627.0000,4636.8000,4637.8000,4638.6000,4641.6000,4644.0000,3,3,5,2,1,1,1,1,5,1
SF,IC2006,2019-11-19 09:31:42.200,4636.2000,13653,0,139876960.000,2,1,1,多换,S,4636.2000,4634.4000,4632.6000,4631.0000,4627.0000,4636.8000,4637.8000,4638.6000,4641.6000,4644.0000,1,3,5,2,1,1,2,1,5,1
SF,IC2006,2019-11-19 09:31:42.700,4636.2000,13653,0,140804200.000,1,0,1,多换,S,4634.4000,4632.6000,4631.0000,4627.0000,4626.8000,4636.8000,4637.8000,4638.6000,4639.6000,4640.2000,3,5,2,1,3,1,1,1,1,1
SF,IC2006,2019-11-19 09:31:43.200,4636.2000,13653,0,140804200.000,0,-,-,-,-,4634.4000,4632.6000,4631.0000,4627.0000,4626.8000,4636.4000,4636.8000,4637.8000,4638.6000,4639.6000,3,5,2,1,3,1,1,1,2,1
SF,IC2006,2019-11-19 09:31:43.700,4636.2000,13653,0,140804200.000,0,-,-,-,-,4634.4000,4632.6000,4631.0000,4627.0000,4626.8000,4636.4000,4636.8000,4637.8000,4638.6000,4639.6000,3,5,2,1,3,2,1,1,2,1
SF,IC2006,2019-11-19 09:31:44.200,4636.2000,13653,0,140804200.000,0,-,-,-,-,4634.4000,4632.6000,4631.0000,4627.0000,4626.8000,4636.2000,4636.4000,4636.8000,4637.8000,4638.6000,3,5,2,1,3,1,2,1,1,2
SF,IC2006,2019-11-19 09:31:44.700,4636.2000,13654,1,143585920.000,3,2,1,空开,S,4636.2000,4634.4000,4632.6000,4631.0000,4627.0000,4636.4000,4636.8000,4637.8000,4638.6000,4639.6000,2,3,5,2,1,1,1,1,2,1
SF,IC2006,2019-11-19 09:31:45.200,4636.2000,13654,0,145440400.000,2,1,1,多换,S,4634.4000,4632.6000,4631.0000,4627.0000,4626.8000,4636.0000,4636.2000,4636.4000,4636.8000,4637.8000,3,5,2,1,3,1,2,1,1,1
SF,IC2006,2019-11-19 09:31:45.700,4636.0000,13654,0,147294800.000,2,1,1,多换,S,4636.0000,4634.4000,4632.6000,4631.0000,4627.0000,4636.2000,4636.4000,4636.8000,4637.8000,4638.6000,3,3,5,2,1,2,1,1,2,2
SF,IC2006,2019-11-19 09:31:46.200,4636.2000,13653,-1,149149280.000,2,0,2,多平,S,4636.0000,4634.4000,4632.6000,4631.0000,4627.0000,4636.2000,4636.4000,4636.8000,4637.8000,4638.2000,3,3,5,2,1,1,1,1,2,1
SF,IC2006,2019-11-19 09:31:46.700,4636.2000,13651,-2,151931040.000,3,0,3,多平,S,4636.2000,4636.0000,4634.4000,4632.6000,4631.0000,4636.8000,4637.8000,4638.2000,4638.6000,4641.6000,1,3,3,5,2,1,1,1,2,5
SF,IC2006,2019-11-19 09:31:47.200,4636.8000,13650,-1,152858400.000,1,0,1,双平,S,4636.8000,4636.4000,4636.2000,4636.0000,4634.4000,4637.6000,4638.2000,4638.6000,4641.6000,4644.0000,1,1,1,3,3,1,1,2,5,1
SF,IC2006,2019-11-19 09:31:47.700,4636.8000,13650,0,155640480.000,3,1,2,多换,S,4636.8000,4636.4000,4636.2000,4636.0000,4634.4000,4637.4000,4638.2000,4638.6000,4641.6000,4644.0000,2,1,1,3,3,1,1,1,5,1
SF,IC2006,2019-11-19 09:31:48.200,4636.8000,13650,0,155640480.000,0,-,-,-,-,4636.8000,4636.4000,4636.2000,4636.0000,4634.4000,4637.4000,4638.6000,4639.2000,4641.6000,4644.0000,2,1,1,3,3,1,1,1,5,1
SF,IC2006,2019-11-19 09:31:48.700,4637.4000,13649,-1,156567960.000,1,0,1,双平,S,4636.8000,4636.4000,4636.2000,4636.0000,4634.4000,4637.2000,4638.6000,4638.8000,4639.2000,4640.2000,2,1,1,3,3,1,2,1,2,1
SF,IC2006,2019-11-19 09:31:49.200,4637.2000,13649,0,157495400.000,1,0,1,多换,S,4637.2000,4636.8000,4636.4000,4636.2000,4636.0000,4638.6000,4638.8000,4639.2000,4640.2000,4641.6000,5,2,1,1,3,2,1,2,1,5
SF,IC2006,2019-11-19 09:31:49.700,4638.6000,13649,0,163061080.000,6,3,3,多换,S,4638.6000,4637.2000,4636.8000,4636.4000,4636.2000,4638.8000,4639.2000,4639.8000,4640.2000,4641.6000,1,3,2,1,1,1,2,1,1,5
SF,IC2006,2019-11-19 09:31:50.200,4638.6000,13649,0,163988800.000,1,0,1,多换,S,4637.2000,4636.8000,4636.4000,4636.0000,4634.4000,4638.6000,4638.8000,4639.2000,4640.2000,4640.8000,3,2,1,3,3,3,1,1,1,1
SF,IC2006,2019-11-19 09:31:50.700,4638.6000,13650,1,168627400.000,5,3,2,空开,S,4637.2000,4636.8000,4636.4000,4636.0000,4634.4000,4638.6000,4638.8000,4640.8000,4641.6000,4644.0000,3,2,1,3,3,1,1,1,5,1
SF,IC2006,2019-11-19 09:31:51.200,4637.2000,13650,0,169554840.000,1,0,1,多换,S,4637.2000,4636.8000,4636.4000,4636.0000,4634.4000,4638.2000,4638.6000,4638.8000,4639.4000,4640.8000,2,2,1,3,3,1,1,1,1,1
SF,IC2006,2019-11-19 09:31:51.700,4637.2000,13651,1,170482280.000,1,1,0,双开,S,4637.2000,4636.8000,4636.4000,4636.0000,4634.4000,4638.2000,4638.6000,4638.8000,4639.4000,4639.8000,1,2,1,3,3,1,2,1,1,1
SF,IC2006,2019-11-19 09:31:52.200,4637.2000,13651,0,170482280.000,0,-,-,-,-,4637.2000,4636.8000,4636.4000,4636.0000,4634.4000,4638.2000,4638.6000,4638.8000,4639.4000,4639.8000,1,2,1,3,3,1,1,1,1,1
SF,IC2006,2019-11-19 09:31:52.700,4637.2000,13651,0,171409720.000,1,0,1,多换,S,4636.8000,4636.4000,4636.0000,4634.4000,4632.6000,4638.2000,4638.6000,4638.8000,4639.4000,4639.8000,2,1,3,3,5,1,1,1,1,1
SF,IC2006,2019-11-19 09:31:53.200,4637.2000,13651,0,171409720.000,0,-,-,-,-,4636.8000,4636.4000,4636.0000,4634.4000,4632.6000,4638.2000,4638.6000,4638.8000,4639.4000,4639.8000,2,1,3,3,5,1,1,1,1,1
SF,IC2006,2019-11-19 09:31:53.700,4636.8000,13651,0,172337080.000,1,0,1,多换,S,4636.8000,4636.4000,4636.0000,4634.4000,4632.6000,4638.2000,4638.6000,4638.8000,4639.4000,4640.8000,1,1,3,3,5,1,2,1,1,1
SF,IC2006,2019-11-19 09:31:54.200,4638.2000,13652,1,173264720.000,1,1,0,双开,S,4636.8000,4636.4000,4636.0000,4634.4000,4632.6000,4638.4000,4638.6000,4638.8000,4639.4000,4640.8000,1,1,3,3,5,1,1,1,1,1
SF,IC2006,2019-11-19 09:31:54.700,4638.4000,13652,0,175120040.000,2,1,1,多换,S,4638.4000,4636.8000,4636.4000,4636.0000,4634.4000,4638.6000,4638.8000,4639.4000,4640.8000,4641.2000,3,1,1,3,3,1,1,1,1,1
SF,IC2006,2019-11-19 09:31:55.200,4638.4000,13655,3,182541480.000,8,5,3,空开,S,4636.8000,4636.4000,4636.0000,4634.4000,4632.6000,4638.4000,4638.6000,4638.8000,4639.4000,4640.8000,1,1,3,3,5,1,1,1,1,1
SF,IC2006,2019-11-19 09:31:55.700,4638.4000,13655,0,182541480.000,0,-,-,-,-,4636.8000,4636.4000,4636.0000,4634.4000,4632.6000,4638.0000,4638.6000,4638.8000,4640.8000,4641.2000,1,1,3,3,5,1,1,1,1,1
SF,IC2006,2019-11-19 09:31:56.700,4638.4000,13655,0,182541480.000,0,-,-,-,-,4636.8000,4636.4000,4636.0000,4634.4000,4632.6000,4638.0000,4638.6000,4640.8000,4641.2000,4641.6000,1,1,3,3,5,1,1,1,1,6
SF,IC2006,2019-11-19 09:31:57.200,4638.4000,13655,0,182541480.000,0,-,-,-,-,4636.8000,4636.4000,4636.0000,4634.4000,4632.6000,4638.0000,4638.6000,4639.6000,4640.8000,4641.2000,1,1,3,3,5,1,1,1,1,1
SF,IC2006,2019-11-19 09:31:57.700,4636.8000,13655,0,183468840.000,1,0,1,多换,S,4636.4000,4636.0000,4634.4000,4632.6000,4631.0000,4638.0000,4638.6000,4639.6000,4640.8000,4641.2000,1,3,3,5,2,1,1,2,1,1
SF,IC2006,2019-11-19 09:31:58.200,4636.8000,13655,0,183468840.000,0,-,-,-,-,4636.6000,4636.4000,4636.0000,4634.4000,4632.6000,4638.0000,4638.6000,4639.6000,4640.8000,4641.2000,3,1,3,3,5,1,1,2,1,1
SF,IC2006,2019-11-19 09:31:58.700,4638.0000,13656,1,184396440.000,1,1,0,双开,S,4638.0000,4636.6000,4636.4000,4636.0000,4634.4000,4638.6000,4639.6000,4640.8000,4641.2000,4641.6000,4,3,1,3,3,1,2,1,1,6
SF,IC2006,2019-11-19 09:31:59.200,4638.0000,13657,1,187179240.000,3,2,1,空开,S,4638.0000,4636.4000,4636.0000,4634.4000,4634.2000,4638.6000,4639.6000,4640.8000,4641.2000,4641.6000,1,1,3,3,1,1,2,1,1,6
SF,IC2006,2019-11-19 09:31:59.700,4638.6000,13658,1,189034560.000,2,1,1,空开,S,4638.6000,4636.4000,4636.0000,4634.4000,4634.2000,4639.6000,4640.8000,4641.2000,4641.6000,4644.0000,4,1,3,3,1,1,1,1,6,1
SF,IC2006,2019-11-19 09:32:00.200,4638.6000,13659,1,190890000.000,2,1,1,空开,S,4638.6000,4636.4000,4636.0000,4634.4000,4634.2000,4639.2000,4639.4000,4639.6000,4639.8000,4640.0000,2,1,3,3,1,1,3,1,1,1
SF,IC2006,2019-11-19 09:32:00.700,4638.6000,13659,0,192745440.000,2,1,1,多换,S,4636.4000,4636.0000,4634.4000,4634.2000,4632.6000,4638.4000,4639.0000,4639.2000,4639.4000,4639.6000,1,3,3,1,5,1,1,1,4,1
SF,IC2006,2019-11-19 09:32:01.200,4638.6000,13659,0,192745440.000,0,-,-,-,-,4636.4000,4636.0000,4634.4000,4634.2000,4632.6000,4637.6000,4638.0000,4639.0000,4639.2000,4639.4000,1,3,3,1,5,1,1,1,1,3
SF,IC2006,2019-11-19 09:32:01.700,4638.0000,13659,0,196455680.000,4,2,2,多换,S,4637.2000,4636.4000,4636.0000,4634.4000,4634.2000,4639.0000,4639.2000,4639.4000,4639.6000,4639.8000,3,1,3,3,1,1,1,3,1,1
SF,IC2006,2019-11-19 09:32:02.200,4638.0000,13659,0,196455680.000,0,-,-,-,-,4637.2000,4636.4000,4636.0000,4634.4000,4634.2000,4638.4000,4638.6000,4638.8000,4639.0000,4639.2000,3,1,3,3,1,1,2,1,1,1
SF,IC2006,2019-11-19 09:32:02.700,4638.0000,13659,0,196455680.000,0,-,-,-,-,4637.2000,4636.4000,4636.0000,4634.4000,4634.2000,4638.0000,4638.4000,4638.6000,4638.8000,4639.0000,3,1,3,3,1,1,1,1,1,1
SF,IC2006,2019-11-19 09:32:03.200,4637.2000,13659,0,197383120.000,1,0,1,多换,S,4637.2000,4636.4000,4636.0000,4634.4000,4634.2000,4638.0000,4638.4000,4638.6000,4638.8000,4639.2000,2,1,3,3,1,2,1,1,1,1
SF,IC2006,2019-11-19 09:32:03.700,4638.0000,13659,0,198310720.000,1,0,1,多换,S,4637.4000,4636.4000,4636.0000,4634.4000,4634.2000,4638.0000,4638.4000,4638.6000,4638.8000,4639.2000,2,1,3,3,1,1,1,1,1,1
SF,IC2006,2019-11-19 09:32:04.200,4637.4000,13658,-1,199238200.000,1,0,1,双平,S,4637.4000,4636.4000,4634.2000,4631.0000,4627.0000,4638.0000,4638.4000,4638.6000,4638.8000,4639.2000,1,1,1,2,1,1,1,1,1,2
SF,IC2006,2019-11-19 09:32:04.700,4637.4000,13658,0,199238200.000,0,-,-,-,-,4636.4000,4634.2000,4631.0000,4627.0000,4626.8000,4637.4000,4637.8000,4638.0000,4638.4000,4638.6000,1,1,2,1,3,1,1,1,1,1
SF,IC2006,2019-11-19 09:32:05.200,4637.4000,13658,0,200165680.000,1,0,1,多换,S,4636.6000,4636.4000,4634.2000,4631.0000,4627.0000,4637.0000,4637.8000,4638.0000,4638.4000,4638.6000,2,1,1,1,1,1,1,1,1,1
SF,IC2006,2019-11-19 09:32:05.700,4637.0000,13659,1,201093080.000,1,1,0,双开,S,4636.6000,4636.4000,4634.2000,4631.0000,4627.0000,4637.8000,4638.0000,4638.4000,4638.6000,4638.8000,1,1,1,1,1,1,1,1,1,1
SF,IC2006,2019-11-19 09:32:06.200,4636.8000,13658,-1,202020440.000,1,0,1,双平,S,4636.6000,4636.4000,4635.4000,4634.2000,4631.0000,4637.4000,4637.8000,4638.0000,4638.4000,4638.6000,1,1,1,1,1,1,1,1,1,1
SF,IC2006,2019-11-19 09:32:06.700,4637.4000,13659,1,202947920.000,1,1,0,双开,S,4637.4000,4636.6000,4636.4000,4634.2000,4631.0000,4637.8000,4638.0000,4638.4000,4638.6000,4638.8000,4,1,1,1,1,1,1,1,1,1
SF,IC2006,2019-11-19 09:32:07.200,4637.4000,13660,1,206657840.000,4,2,2,空开,S,4636.6000,4636.4000,4634.2000,4631.0000,4627.0000,4637.4000,4637.6000,4637.8000,4638.0000,4638.4000,1,1,1,1,1,1,1,1,1,1
SF,IC2006,2019-11-19 09:32:07.700,4637.8000,13662,2,208512880.000,2,2,0,双开,S,4637.8000,4636.6000,4636.4000,4634.2000,4631.0000,4638.0000,4638.4000,4638.6000,4639.2000,4639.4000,3,1,1,1,1,1,1,1,2,2
SF,IC2006,2019-11-19 09:32:08.200,4637.8000,13662,0,211295560.000,3,1,2,多换,S,4636.6000,4636.4000,4635.8000,4634.2000,4631.0000,4637.8000,4638.0000,4638.4000,4638.6000,4639.2000,1,1,1,1,1,1,1,1,1,2
SF,IC2006,2019-11-19 09:32:08.700,4637.8000,13662,0,211295560.000,0,-,-,-,-,4636.8000,4636.6000,4636.4000,4634.2000,4631.0000,4637.4000,4637.8000,4638.0000,4638.4000,4638.6000,1,1,1,1,1,1,1,1,1,1
SF,IC2006,2019-11-19 09:32:09.200,4636.8000,13661,-1,213150400.000,2,0,2,多平,S,4636.6000,4636.4000,4634.8000,4634.2000,4631.0000,4637.8000,4638.0000,4638.4000,4638.6000,4639.2000,1,1,1,1,1,1,1,1,3,1
SF,IC2006,2019-11-19 09:32:09.700,4636.8000,13661,0,213150400.000,0,-,-,-,-,4636.6000,4636.4000,4634.2000,4631.0000,4627.0000,4637.4000,4637.6000,4637.8000,4638.4000,4638.6000,1,1,1,1,1,2,1,2,1,2
SF,IC2006,2019-11-19 09:32:10.200,4636.8000,13661,0,213150400.000,0,-,-,-,-,4636.6000,4636.4000,4634.2000,4631.0000,4627.0000,4637.4000,4637.6000,4637.8000,4638.4000,4638.6000,1,1,1,1,1,2,1,2,1,2
SF,IC2006,2019-11-19 09:32:10.700,4636.8000,13661,0,213150400.000,0,-,-,-,-,4636.6000,4636.4000,4634.2000,4631.0000,4627.0000,4637.4000,4637.6000,4637.8000,4638.4000,4638.6000,1,1,1,1,1,3,1,2,1,2
SF,IC2006,2019-11-19 09:32:11.700,4637.4000,13662,1,214077880.000,1,1,0,双开,S,4636.6000,4636.4000,4634.2000,4631.0000,4627.0000,4637.4000,4637.6000,4637.8000,4638.4000,4638.6000,1,1,1,1,1,2,1,2,1,2
SF,IC2006,2019-11-19 09:32:12.700,4636.6000,13662,0,215005200.000,1,0,1,多换,S,4636.4000,4634.2000,4631.0000,4627.0000,4626.8000,4637.4000,4637.6000,4637.8000,4638.4000,4638.6000,1,1,1,1,3,2,1,1,2,2
SF,IC2006,2019-11-19 09:32:13.200,4636.6000,13662,0,215005200.000,0,-,-,-,-,4636.4000,4634.2000,4631.0000,4627.0000,4626.8000,4637.0000,4637.2000,4637.4000,4637.8000,4638.4000,1,1,1,1,3,1,1,2,1,2
SF,IC2006,2019-11-19 09:32:13.700,4636.6000,13662,0,215005200.000,0,-,-,-,-,4634.2000,4631.0000,4627.0000,4626.8000,4626.0000,4637.0000,4637.2000,4637.4000,4637.8000,4638.4000,1,1,1,3,1,1,1,2,1,2
SF,IC2006,2019-11-19 09:32:14.200,4637.0000,13662,0,215932600.000,1,0,1,多换,S,4634.4000,4634.2000,4631.0000,4627.0000,4626.8000,4637.2000,4637.4000,4637.8000,4638.2000,4638.4000,2,1,1,1,3,1,2,1,1,2
SF,IC2006,2019-11-19 09:32:14.700,4637.0000,13662,0,215932600.000,0,-,-,-,-,4634.4000,4634.2000,4631.0000,4627.0000,4626.8000,4636.8000,4637.2000,4637.4000,4637.8000,4638.2000,2,1,1,1,3,1,1,2,1,1
SF,IC2006,2019-11-19 09:32:15.700,4637.0000,13662,0,215932600.000,0,-,-,-,-,4634.4000,4634.2000,4631.0000,4627.0000,4626.8000,4636.8000,4637.2000,4637.4000,4637.8000,4638.2000,2,1,1,1,3,1,1,2,1,2
SF,IC2006,2019-11-19 09:32:16.700,4637.0000,13662,0,215932600.000,0,-,-,-,-,4634.4000,4634.2000,4631.0000,4627.0000,4626.8000,4636.6000,4636.8000,4637.4000,4637.8000,4638.2000,2,1,1,1,3,2,1,2,1,2
SF,IC2006,2019-11-19 09:32:17.700,4637.0000,13662,0,215932600.000,0,-,-,-,-,4634.4000,4634.2000,4631.0000,4627.0000,4626.8000,4635.0000,4636.6000,4636.8000,4637.4000,4637.8000,2,1,1,1,3,2,2,1,2,1
SF,IC2006,2019-11-19 09:32:18.200,4635.0000,13661,-1,217786600.000,2,0,2,多平,S,4635.0000,4634.4000,4634.2000,4631.0000,4627.0000,4636.6000,4636.8000,4637.4000,4637.8000,4638.2000,1,2,1,1,1,2,1,2,1,2
SF,IC2006,2019-11-19 09:32:18.700,4635.0000,13661,0,217786600.000,0,-,-,-,-,4635.2000,4635.0000,4634.2000,4631.0000,4627.0000,4636.2000,4636.6000,4636.8000,4637.4000,4637.8000,1,1,1,1,1,1,2,1,2,1
SF,IC2006,2019-11-19 09:32:19.200,4635.0000,13661,0,217786600.000,0,-,-,-,-,4635.2000,4635.0000,4634.2000,4631.0000,4627.0000,4636.2000,4636.4000,4636.6000,4636.8000,4637.4000,1,1,1,1,1,1,1,2,1,2
SF,IC2006,2019-11-19 09:32:19.700,4635.0000,13661,0,217786600.000,0,-,-,-,-,4635.2000,4635.0000,4634.2000,4631.0000,4627.0000,4636.2000,4636.6000,4636.8000,4637.4000,4637.8000,1,1,1,1,1,1,1,1,2,1
SF,IC2006,2019-11-19 09:32:20.200,4635.0000,13661,0,217786600.000,0,-,-,-,-,4635.2000,4635.0000,4634.2000,4631.0000,4627.0000,4636.2000,4636.6000,4636.8000,4637.4000,4637.6000,1,1,1,1,1,1,1,1,2,1
SF,IC2006,2019-11-19 09:32:20.700,4636.2000,13661,0,218713840.000,1,0,1,多换,S,4635.2000,4634.2000,4631.0000,4627.0000,4626.8000,4636.6000,4636.8000,4637.4000,4637.6000,4637.8000,1,1,1,1,3,1,1,2,1,1
SF,IC2006,2019-11-19 09:32:21.200,4636.6000,13661,0,219641160.000,1,0,1,多换,S,4636.2000,4635.2000,4634.2000,4631.0000,4627.0000,4636.8000,4637.4000,4637.6000,4637.8000,4638.2000,1,1,1,1,1,1,2,1,1,1
SF,IC2006,2019-11-19 09:32:21.700,4636.8000,13660,-1,220568520.000,1,0,1,双平,S,4636.8000,4636.4000,4636.2000,4634.2000,4631.0000,4637.4000,4638.2000,4638.4000,4638.6000,4639.2000,1,1,1,1,1,2,1,1,1,1
SF,IC2006,2019-11-19 09:32:22.200,4636.8000,13660,0,220568520.000,0,-,-,-,-,4636.2000,4634.2000,4631.0000,4628.0000,4627.0000,4637.4000,4638.2000,4638.4000,4638.6000,4639.2000,1,1,1,1,1,2,1,1,1,1
SF,IC2006,2019-11-19 09:32:22.700,4636.8000,13660,0,220568520.000,0,-,-,-,-,4636.2000,4635.0000,4634.2000,4631.0000,4628.0000,4637.4000,4638.2000,4638.4000,4638.6000,4639.2000,1,1,1,1,1,2,1,1,1,1
SF,IC2006,2019-11-19 09:32:23.200,4636.8000,13660,0,220568520.000,0,-,-,-,-,4636.4000,4636.2000,4635.0000,4634.2000,4631.0000,4637.4000,4638.2000,4638.4000,4638.6000,4639.2000,1,1,1,1,1,2,1,1,1,1
SF,IC2006,2019-11-19 09:32:23.700,4636.8000,13660,0,220568520.000,0,-,-,-,-,4636.4000,4636.2000,4635.0000,4634.2000,4631.0000,4637.4000,4638.2000,4638.4000,4638.6000,4639.2000,1,1,1,1,1,2,1,1,1,1
SF,IC2006,2019-11-19 09:32:24.700,4636.8000,13660,0,220568520.000,0,-,-,-,-,4636.4000,4636.2000,4635.0000,4634.2000,4631.0000,4637.4000,4638.2000,4638.6000,4639.2000,4639.4000,1,1,1,1,1,2,1,1,1,1
SF,IC2006,2019-11-19 09:32:26.200,4636.8000,13660,0,220568520.000,0,-,-,-,-,4636.4000,4636.2000,4635.0000,4634.2000,4631.0000,4637.2000,4637.4000,4638.2000,4638.6000,4639.2000,1,1,1,1,1,1,2,1,1,1
SF,IC2006,2019-11-19 09:32:26.700,4637.2000,13660,0,221495960.000,1,0,1,多换,S,4636.4000,4636.2000,4635.0000,4634.2000,4631.0000,4637.4000,4638.2000,4638.6000,4639.2000,4639.4000,1,1,1,1,1,2,1,1,1,1
SF,IC2006,2019-11-19 09:32:27.200,4637.2000,13660,0,221495960.000,0,-,-,-,-,4636.4000,4636.2000,4635.0000,4634.2000,4632.0000,4637.4000,4637.6000,4638.2000,4638.6000,4639.2000,1,1,1,1,1,2,1,1,1,1
SF,IC2006,2019-11-19 09:32:28.200,4637.2000,13660,0,221495960.000,0,-,-,-,-,4636.4000,4636.2000,4635.0000,4634.2000,4632.0000,4637.2000,4637.4000,4637.6000,4638.2000,4638.6000,1,1,1,1,1,1,2,1,1,1
SF,IC2006,2019-11-19 09:32:28.700,4637.4000,13659,-1,224278360.000,3,1,2,多平,S,4636.4000,4636.2000,4635.0000,4634.2000,4632.0000,4637.4000,4637.6000,4638.2000,4638.6000,4639.2000,1,1,1,1,1,1,1,1,1,1
SF,IC2006,2019-11-19 09:32:29.200,4637.4000,13659,0,224278360.000,0,-,-,-,-,4636.4000,4636.2000,4635.0000,4634.2000,4632.0000,4637.0000,4637.4000,4637.6000,4638.2000,4638.6000,1,1,1,1,1,1,1,1,1,2
SF,IC2006,2019-11-19 09:32:30.700,4637.6000,13658,-1,227060760.000,3,1,2,多平,S,4637.0000,4636.4000,4636.2000,4635.0000,4634.2000,4638.2000,4638.6000,4639.2000,4639.4000,4640.0000,2,1,1,1,1,1,2,1,1,1
SF,IC2006,2019-11-19 09:32:31.200,4637.6000,13658,0,227060760.000,0,-,-,-,-,4637.0000,4636.2000,4635.0000,4634.2000,4632.0000,4637.8000,4638.2000,4638.6000,4639.2000,4639.4000,1,1,1,1,1,1,1,2,1,1
SF,IC2006,2019-11-19 09:32:31.700,4637.8000,13658,0,227988320.000,1,0,1,多换,S,4637.0000,4636.2000,4635.0000,4634.2000,4632.0000,4638.2000,4638.6000,4639.2000,4639.4000,4640.0000,1,1,1,1,6,1,1,1,1,1
SF,IC2006,2019-11-19 09:32:32.200,4637.8000,13658,0,228915880.000,1,0,1,多换,S,4637.2000,4637.0000,4636.2000,4635.0000,4634.2000,4638.2000,4638.6000,4639.2000,4639.4000,4640.2000,1,1,1,1,1,1,1,1,1,1
SF,IC2006,2019-11-19 09:32:32.700,4637.2000,13658,0,229843320.000,1,0,1,多换,S,4637.0000,4636.2000,4635.8000,4635.0000,4634.2000,4638.2000,4638.6000,4639.2000,4639.4000,4640.2000,1,1,1,1,1,1,2,1,1,1
SF,IC2006,2019-11-19 09:32:33.200,4637.2000,13658,0,229843320.000,0,-,-,-,-,4636.2000,4635.8000,4635.0000,4634.2000,4632.0000,4638.0000,4638.2000,4638.6000,4639.2000,4639.4000,1,1,1,1,6,1,1,1,1,1
SF,IC2006,2019-11-19 09:32:33.700,4637.2000,13658,0,229843320.000,0,-,-,-,-,4636.4000,4636.2000,4635.8000,4635.0000,4634.2000,4638.0000,4638.2000,4638.6000,4639.2000,4639.4000,1,1,1,1,1,1,1,1,1,1
SF,IC2006,2019-11-19 09:32:34.200,4637.2000,13658,0,229843320.000,0,-,-,-,-,4636.6000,4636.2000,4635.8000,4635.0000,4634.2000,4638.0000,4638.2000,4639.2000,4639.4000,4640.2000,1,1,1,1,1,1,2,1,1,1
SF,IC2006,2019-11-19 09:32:35.200,4638.0000,13657,-1,230770920.000,1,0,1,双平,S,4636.6000,4636.4000,4636.2000,4635.8000,4635.0000,4638.2000,4639.2000,4639.4000,4640.2000,4640.8000,1,1,1,1,1,2,1,2,1,1
SF,IC2006,2019-11-19 09:32:35.700,4638.0000,13657,0,230770920.000,0,-,-,-,-,4637.0000,4636.8000,4636.6000,4636.2000,4635.8000,4638.2000,4639.2000,4639.4000,4640.2000,4640.8000,1,1,1,1,1,2,1,1,1,1
SF,IC2006,2019-11-19 09:32:36.200,4638.4000,13657,0,234481720.000,4,2,2,多换,S,4638.2000,4637.2000,4637.0000,4636.6000,4636.2000,4639.4000,4640.2000,4641.2000,4644.0000,4644.6000,1,1,1,1,1,1,1,1,1,2
SF,IC2006,2019-11-19 09:32:36.700,4638.2000,13657,0,235409360.000,1,0,1,多换,S,4637.0000,4636.6000,4636.2000,4635.8000,4635.0000,4639.2000,4639.4000,4640.2000,4641.2000,4644.0000,1,1,1,1,1,1,1,1,1,1
SF,IC2006,2019-11-19 09:32:37.200,4638.2000,13657,0,235409360.000,0,-,-,-,-,4637.2000,4637.0000,4636.6000,4636.2000,4635.8000,4639.2000,4639.4000,4640.2000,4641.2000,4644.0000,1,1,1,1,1,1,1,1,1,1
SF,IC2006,2019-11-19 09:32:38.200,4638.2000,13657,0,235409360.000,0,-,-,-,-,4637.2000,4637.0000,4636.6000,4636.2000,4635.8000,4639.2000,4639.4000,4640.2000,4641.2000,4644.0000,1,1,1,1,1,1,1,1,1,2
SF,IC2006,2019-11-19 09:32:39.200,4638.2000,13657,0,235409360.000,0,-,-,-,-,4637.2000,4637.0000,4636.2000,4635.8000,4635.0000,4639.2000,4639.4000,4640.2000,4641.2000,4644.0000,1,1,1,1,1,1,1,1,1,2
SF,IC2006,2019-11-19 09:32:39.700,4638.2000,13657,0,235409360.000,0,-,-,-,-,4637.4000,4637.2000,4637.0000,4636.2000,4635.0000,4639.2000,4639.4000,4640.2000,4641.2000,4644.0000,1,1,1,1,1,1,1,1,1,2
SF,IC2006,2019-11-19 09:32:40.200,4638.2000,13657,0,235409360.000,0,-,-,-,-,4637.6000,4637.4000,4636.2000,4635.0000,4634.2000,4639.4000,4640.2000,4641.2000,4644.0000,4644.6000,1,1,1,1,1,1,1,1,2,2
SF,IC2006,2019-11-19 09:32:40.700,4638.2000,13657,0,235409360.000,0,-,-,-,-,4637.8000,4637.6000,4637.4000,4636.2000,4635.0000,4639.4000,4640.2000,4641.2000,4644.0000,4644.6000,1,1,1,1,1,1,1,1,2,2
SF,IC2006,2019-11-19 09:32:41.200,4638.2000,13657,0,235409360.000,0,-,-,-,-,4638.0000,4637.8000,4637.4000,4636.2000,4635.0000,4639.4000,4640.2000,4641.2000,4644.0000,4644.6000,1,1,1,1,1,1,1,1,2,2
SF,IC2006,2019-11-19 09:32:41.700,4638.2000,13657,0,235409360.000,0,-,-,-,-,4638.0000,4637.8000,4637.4000,4636.2000,4635.0000,4639.0000,4639.4000,4640.2000,4641.2000,4644.0000,1,1,1,1,1,1,1,1,1,2
SF,IC2006,2019-11-19 09:32:42.200,4638.2000,13657,0,235409360.000,0,-,-,-,-,4638.0000,4637.8000,4636.2000,4635.0000,4634.2000,4639.0000,4639.4000,4640.0000,4640.2000,4641.2000,1,1,1,1,1,1,1,1,1,1
SF,IC2006,2019-11-19 09:32:42.700,4638.2000,13657,0,235409360.000,0,-,-,-,-,4636.2000,4635.0000,4634.2000,4632.0000,4631.0000,4638.8000,4639.0000,4639.4000,4640.0000,4640.2000,1,1,1,6,1,1,1,1,1,1
SF,IC2006,2019-11-19 09:32:43.200,4638.2000,13657,0,235409360.000,0,-,-,-,-,4636.8000,4636.6000,4636.4000,4636.2000,4635.0000,4639.0000,4639.4000,4640.0000,4640.2000,4641.2000,1,1,2,1,1,1,1,1,1,1
SF,IC2006,2019-11-19 09:32:43.700,4638.2000,13657,0,235409360.000,0,-,-,-,-,4637.0000,4636.8000,4636.6000,4636.2000,4635.0000,4638.8000,4639.0000,4639.4000,4640.0000,4640.2000,1,1,1,1,1,1,1,1,1,1
SF,IC2006,2019-11-19 09:32:44.200,4638.2000,13657,0,235409360.000,0,-,-,-,-,4637.0000,4636.8000,4636.2000,4635.0000,4634.2000,4639.0000,4639.4000,4640.0000,4640.2000,4641.2000,1,1,1,1,1,1,1,1,1,1
SF,IC2006,2019-11-19 09:32:44.700,4638.2000,13657,0,235409360.000,0,-,-,-,-,4637.2000,4637.0000,4636.8000,4636.2000,4635.0000,4639.0000,4639.4000,4640.0000,4640.2000,4641.2000,1,1,1,1,1,1,1,1,1,1
SF,IC2006,2019-11-19 09:32:45.200,4638.2000,13657,0,235409360.000,0,-,-,-,-,4637.4000,4637.2000,4636.8000,4636.2000,4635.0000,4639.0000,4639.4000,4640.0000,4640.2000,4641.2000,1,1,1,1,1,1,1,1,1,1
SF,IC2006,2019-11-19 09:32:48.200,4637.4000,13656,-1,236336840.000,1,0,1,双平,S,4637.2000,4636.8000,4636.2000,4635.0000,4634.6000,4637.6000,4638.8000,4639.0000,4639.4000,4640.0000,1,1,1,1,1,1,1,1,1,1
SF,IC2006,2019-11-19 09:32:48.700,4637.2000,13654,-2,239119080.000,3,0,3,多平,S,4636.2000,4635.0000,4634.2000,4632.0000,4631.0000,4637.6000,4638.8000,4639.0000,4639.4000,4640.0000,1,1,1,6,1,1,1,1,1,1
SF,IC2006,2019-11-19 09:32:49.200,4637.2000,13654,0,239119080.000,0,-,-,-,-,4636.2000,4635.0000,4634.2000,4632.0000,4631.0000,4637.6000,4638.8000,4639.0000,4639.4000,4640.0000,1,1,1,6,1,1,1,1,1,1
SF,IC2006,2019-11-19 09:32:51.700,4637.2000,13654,0,239119080.000,0,-,-,-,-,4636.2000,4635.0000,4634.6000,4634.2000,4632.0000,4637.6000,4638.8000,4639.0000,4639.4000,4640.0000,1,1,1,1,6,1,1,1,1,1
SF,IC2006,2019-11-19 09:32:54.200,4637.2000,13654,0,239119080.000,0,-,-,-,-,4636.2000,4635.0000,4634.6000,4634.2000,4632.0000,4637.6000,4638.8000,4639.0000,4639.4000,4640.0000,1,1,1,1,1,1,1,1,1,1
SF,IC2006,2019-11-19 09:32:56.200,4637.2000,13654,0,239119080.000,0,-,-,-,-,4636.2000,4635.0000,4634.6000,4634.2000,4632.0000,4637.4000,4637.6000,4638.8000,4639.0000,4639.4000,1,1,1,1,1,1,1,1,1,1
SF,IC2006,2019-11-19 09:32:56.700,4637.2000,13654,0,239119080.000,0,-,-,-,-,4636.2000,4635.0000,4634.6000,4634.2000,4632.0000,4637.2000,4637.4000,4638.8000,4639.0000,4639.4000,1,1,1,1,1,1,1,1,1,1
SF,IC2006,2019-11-19 09:32:57.200,4637.2000,13654,0,239119080.000,0,-,-,-,-,4636.2000,4636.0000,4635.0000,4634.6000,4634.2000,4637.2000,4637.4000,4638.8000,4639.0000,4639.4000,1,1,1,1,1,1,1,1,1,1
SF,IC2006,2019-11-19 09:32:57.700,4637.2000,13654,0,239119080.000,0,-,-,-,-,4636.2000,4636.0000,4635.0000,4634.6000,4634.2000,4637.2000,4637.4000,4638.8000,4639.0000,4639.4000,1,1,1,1,1,1,1,1,1,1
SF,IC2006,2019-11-19 09:33:00.200,4637.2000,13654,0,239119080.000,0,-,-,-,-,4636.2000,4636.0000,4635.0000,4634.6000,4634.2000,4637.2000,4637.4000,4638.8000,4639.0000,4639.4000,1,1,1,1,1,2,1,1,1,1
SF,IC2006,2019-11-19 09:33:01.200,4637.2000,13654,0,239119080.000,0,-,-,-,-,4636.2000,4636.0000,4635.0000,4634.6000,4634.2000,4637.2000,4637.4000,4638.0000,4638.8000,4639.0000,1,1,1,1,1,2,1,1,1,1
SF,IC2006,2019-11-19 09:33:03.200,4637.2000,13652,-2,240973960.000,2,0,2,双平,S,4636.2000,4636.0000,4635.6000,4635.0000,4634.6000,4637.4000,4638.0000,4638.6000,4638.8000,4639.0000,1,1,1,1,1,1,1,1,1,1
SF,IC2006,2019-11-19 09:33:03.700,4637.4000,13652,0,241901440.000,1,0,1,多换,S,4637.4000,4636.2000,4636.0000,4635.0000,4634.6000,4638.0000,4638.8000,4639.0000,4639.4000,4640.0000,2,1,1,1,1,1,1,1,1,1
SF,IC2006,2019-11-19 09:33:04.200,4637.4000,13652,0,241901440.000,0,-,-,-,-,4637.4000,4636.2000,4636.0000,4635.0000,4634.6000,4637.8000,4638.0000,4638.8000,4639.0000,4639.4000,2,1,1,1,1,1,1,1,1,1
SF,IC2006,2019-11-19 09:33:04.700,4637.4000,13651,-1,242828920.000,1,0,1,双平,S,4637.4000,4636.2000,4636.0000,4635.0000,4634.6000,4637.8000,4638.0000,4638.8000,4639.0000,4639.4000,1,1,1,1,1,1,1,1,1,1
SF,IC2006,2019-11-19 09:33:05.200,4637.4000,13651,0,242828920.000,0,-,-,-,-,4636.2000,4636.0000,4635.0000,4634.6000,4634.2000,4638.0000,4638.8000,4639.0000,4639.4000,4640.0000,1,1,1,1,1,1,1,1,1,1
SF,IC2006,2019-11-19 09:33:05.700,4637.4000,13651,0,242828920.000,0,-,-,-,-,4636.2000,4636.0000,4635.0000,4634.6000,4634.2000,4637.2000,4638.0000,4638.8000,4639.0000,4639.4000,1,1,1,1,1,2,1,1,1,1
SF,IC2006,2019-11-19 09:33:06.200,4637.4000,13651,0,242828920.000,0,-,-,-,-,4636.4000,4636.2000,4636.0000,4635.0000,4634.6000,4638.0000,4638.8000,4639.0000,4639.4000,4640.0000,1,1,1,1,1,1,2,1,1,1
SF,IC2006,2019-11-19 09:33:08.200,4636.4000,13650,-1,243756200.000,1,0,1,双平,S,4636.0000,4635.0000,4634.8000,4634.6000,4634.2000,4637.6000,4638.0000,4638.8000,4639.0000,4639.4000,1,1,1,1,1,1,1,2,1,1
SF,IC2006,2019-11-19 09:33:08.700,4636.4000,13650,0,243756200.000,0,-,-,-,-,4636.0000,4635.0000,4634.6000,4634.2000,4632.0000,4637.4000,4638.0000,4638.8000,4639.0000,4639.4000,1,1,1,1,1,2,1,2,1,1
SF,IC2006,2019-11-19 09:33:09.200,4636.4000,13650,0,243756200.000,0,-,-,-,-,4636.0000,4635.0000,4634.6000,4634.2000,4632.0000,4637.4000,4638.0000,4638.8000,4639.0000,4639.4000,1,1,1,1,1,2,1,2,1,1
SF,IC2006,2019-11-19 09:33:14.200,4636.0000,13650,0,244683400.000,1,0,1,多换,S,4635.0000,4634.6000,4634.2000,4632.0000,4628.0000,4636.0000,4637.4000,4638.0000,4638.8000,4639.0000,1,1,1,1,1,1,2,1,2,1
SF,IC2006,2019-11-19 09:33:14.700,4636.0000,13650,0,244683400.000,0,-,-,-,-,4635.0000,4634.6000,4634.2000,4632.0000,4628.0000,4635.8000,4636.0000,4638.0000,4638.8000,4639.0000,2,1,1,1,1,1,2,1,2,1
SF,IC2006,2019-11-19 09:33:15.200,4635.0000,13648,-2,246537400.000,2,0,2,双平,S,4634.2000,4632.0000,4628.0000,4627.2000,4627.0000,4635.8000,4636.0000,4638.0000,4638.8000,4639.0000,1,1,1,5,1,1,2,1,2,1
SF,IC2006,2019-11-19 09:33:15.700,4635.0000,13648,0,246537400.000,0,-,-,-,-,4634.4000,4634.2000,4632.0000,4628.0000,4627.2000,4635.0000,4636.0000,4638.0000,4638.8000,4639.0000,1,1,1,1,5,1,2,1,2,1
SF,IC2006,2019-11-19 09:33:16.200,4635.0000,13647,-1,247464400.000,1,0,1,双平,S,4635.4000,4635.0000,4634.4000,4634.2000,4632.0000,4636.0000,4637.2000,4638.0000,4638.8000,4639.0000,2,2,1,1,1,1,1,1,1,1
SF,IC2006,2019-11-19 09:33:16.700,4635.0000,13647,0,247464400.000,0,-,-,-,-,4635.4000,4635.0000,4634.2000,4632.0000,4628.0000,4636.0000,4637.2000,4638.0000,4638.8000,4639.0000,2,2,1,1,1,1,1,1,1,1
SF,IC2006,2019-11-19 09:33:17.200,4635.0000,13647,0,247464400.000,0,-,-,-,-,4636.0000,4635.4000,4635.0000,4634.2000,4632.0000,4637.2000,4638.0000,4638.8000,4639.0000,4639.4000,1,2,1,1,1,1,1,1,1,1
SF,IC2006,2019-11-19 09:33:17.700,4635.0000,13647,0,247464400.000,0,-,-,-,-,4636.0000,4635.4000,4635.0000,4634.2000,4632.0000,4637.0000,4638.0000,4638.8000,4639.0000,4639.4000,1,2,1,1,1,2,1,1,1,1
SF,IC2006,2019-11-19 09:33:18.200,4637.0000,13645,-2,249319200.000,2,0,2,双平,S,4636.0000,4635.4000,4635.0000,4634.2000,4632.0000,4638.0000,4638.8000,4639.0000,4639.4000,4640.0000,1,2,2,1,1,1,1,1,1,1
SF,IC2006,2019-11-19 09:33:18.700,4637.0000,13645,0,249319200.000,0,-,-,-,-,4636.0000,4635.4000,4635.0000,4634.2000,4632.0000,4637.8000,4638.0000,4638.8000,4639.0000,4639.4000,1,2,2,1,1,1,1,1,1,1
SF,IC2006,2019-11-19 09:33:22.200,4637.0000,13645,0,249319200.000,0,-,-,-,-,4636.0000,4635.4000,4635.0000,4634.2000,4632.0000,4637.8000,4638.0000,4638.8000,4639.0000,4639.4000,2,2,2,1,1,1,1,1,1,1
SF,IC2006,2019-11-19 09:33:22.700,4637.0000,13645,0,249319200.000,0,-,-,-,-,4636.2000,4636.0000,4635.4000,4635.0000,4634.2000,4638.0000,4638.8000,4639.0000,4639.4000,4640.0000,1,2,2,2,1,1,1,1,1,1
SF,IC2006,2019-11-19 09:33:23.200,4637.0000,13645,0,249319200.000,0,-,-,-,-,4636.2000,4636.0000,4635.4000,4635.0000,4634.2000,4638.0000,4638.8000,4639.0000,4639.4000,4640.0000,1,1,2,2,1,1,1,1,1,1
SF,IC2006,2019-11-19 09:33:23.700,4638.0000,13645,0,250246800.000,1,0,1,多换,S,4636.4000,4636.2000,4636.0000,4635.4000,4635.0000,4638.8000,4639.0000,4639.4000,4640.0000,4640.2000,2,1,1,2,1,1,1,1,1,1
SF,IC2006,2019-11-19 09:33:24.200,4638.0000,13645,0,250246800.000,0,-,-,-,-,4637.8000,4636.6000,4636.4000,4636.0000,4635.4000,4638.8000,4639.0000,4639.4000,4640.0000,4640.2000,1,2,2,1,2,1,1,1,1,1
SF,IC2006,2019-11-19 09:33:24.700,4638.0000,13645,0,250246800.000,0,-,-,-,-,4637.8000,4636.4000,4636.0000,4635.0000,4634.2000,4638.8000,4639.0000,4639.4000,4640.0000,4640.2000,1,2,1,1,1,1,1,1,1,1
SF,IC2006,2019-11-19 09:33:25.700,4638.8000,13646,1,251174560.000,1,1,0,双开,S,4637.8000,4636.4000,4636.0000,4635.0000,4634.2000,4639.0000,4639.4000,4640.0000,4640.2000,4641.2000,1,2,1,1,1,1,1,1,1,1
SF,IC2006,2019-11-19 09:33:26.200,4639.0000,13646,0,252102360.000,1,0,1,多换,S,4639.0000,4638.0000,4637.8000,4636.4000,4636.0000,4639.4000,4640.0000,4640.2000,4641.2000,4644.0000,2,2,1,2,1,1,1,1,1,2
SF,IC2006,2019-11-19 09:33:26.700,4639.6000,13646,0,254886160.000,3,1,2,多换,S,4639.4000,4639.2000,4639.0000,4637.8000,4636.4000,4640.2000,4641.2000,4644.0000,4644.6000,4645.0000,1,1,2,1,2,1,1,2,2,1
SF,IC2006,2019-11-19 09:33:27.200,4640.2000,13645,-1,255814200.000,1,0,1,双平,S,4639.4000,4639.0000,4637.8000,4636.4000,4636.0000,4641.2000,4644.0000,4644.6000,4645.0000,4646.0000,2,2,1,2,1,1,2,2,1,1
SF,IC2006,2019-11-19 09:33:27.700,4641.2000,13646,1,256742440.000,1,1,0,双开,S,4639.6000,4639.4000,4639.0000,4637.8000,4636.4000,4644.0000,4644.6000,4645.0000,4646.0000,4646.4000,1,2,2,1,2,2,2,1,1,6
SF,IC2006,2019-11-19 09:33:28.200,4641.2000,13646,0,256742440.000,0,-,-,-,-,4639.6000,4639.4000,4639.0000,4637.8000,4636.4000,4643.2000,4643.6000,4644.0000,4644.6000,4645.0000,1,2,2,1,2,3,1,2,2,1
SF,IC2006,2019-11-19 09:33:28.700,4641.2000,13646,0,256742440.000,0,-,-,-,-,4639.6000,4639.4000,4639.0000,4637.8000,4636.4000,4642.8000,4643.2000,4643.6000,4644.0000,4644.6000,1,2,2,1,2,1,3,1,1,2
SF,IC2006,2019-11-19 09:33:29.200,4641.2000,13646,0,256742440.000,0,-,-,-,-,4639.6000,4639.4000,4639.0000,4637.8000,4636.4000,4642.6000,4642.8000,4643.6000,4644.0000,4644.6000,1,2,2,1,1,2,1,1,1,2
SF,IC2006,2019-11-19 09:33:29.700,4641.2000,13646,0,256742440.000,0,-,-,-,-,4639.6000,4639.4000,4639.0000,4637.8000,4636.4000,4642.2000,4642.6000,4642.8000,4643.6000,4644.0000,1,2,2,1,1,1,2,1,1,1
SF,IC2006,2019-11-19 09:33:30.200,4641.2000,13646,0,256742440.000,0,-,-,-,-,4639.8000,4639.6000,4639.4000,4639.0000,4637.8000,4642.0000,4642.2000,4642.8000,4643.6000,4644.0000,1,2,2,2,1,1,1,1,1,1
SF,IC2006,2019-11-19 09:33:30.700,4641.2000,13646,0,256742440.000,0,-,-,-,-,4639.8000,4639.6000,4639.4000,4639.0000,4637.8000,4642.0000,4642.2000,4642.8000,4643.6000,4644.0000,1,1,2,2,1,1,1,1,1,1
SF,IC2006,2019-11-19 09:33:31.200,4641.2000,13646,0,256742440.000,0,-,-,-,-,4639.6000,4639.4000,4639.0000,4637.8000,4636.0000,4642.0000,4642.2000,4642.8000,4643.6000,4644.0000,1,2,2,1,1,1,1,1,1,1
SF,IC2006,2019-11-19 09:33:31.700,4641.2000,13646,0,256742440.000,0,-,-,-,-,4639.6000,4639.4000,4639.0000,4637.8000,4636.0000,4641.6000,4642.0000,4642.2000,4642.8000,4643.6000,1,1,2,1,1,1,1,1,1,1
SF,IC2006,2019-11-19 09:33:32.200,4639.6000,13645,-1,257670360.000,1,0,1,双平,S,4639.0000,4637.8000,4636.0000,4634.2000,4632.0000,4641.0000,4641.6000,4642.2000,4642.8000,4643.6000,1,1,1,1,1,3,1,1,1,1
SF,IC2006,2019-11-19 09:33:32.700,4639.6000,13645,0,257670360.000,0,-,-,-,-,4639.2000,4637.8000,4636.0000,4634.2000,4632.0000,4641.6000,4642.2000,4642.8000,4643.6000,4644.0000,1,1,1,1,1,1,1,1,1,1
SF,IC2006,2019-11-19 09:33:33.200,4639.6000,13645,0,257670360.000,0,-,-,-,-,4637.8000,4636.0000,4634.2000,4632.0000,4628.0000,4641.4000,4641.6000,4642.2000,4642.8000,4643.6000,1,1,1,1,1,3,1,1,1,1
SF,IC2006,2019-11-19 09:33:33.700,4639.6000,13645,0,257670360.000,0,-,-,-,-,4638.8000,4637.8000,4636.0000,4634.2000,4632.0000,4641.0000,4641.6000,4642.2000,4642.8000,4643.6000,3,1,1,1,1,1,1,1,1,1
SF,IC2006,2019-11-19 09:33:34.200,4639.6000,13645,0,257670360.000,0,-,-,-,-,4638.8000,4637.8000,4636.0000,4634.2000,4632.0000,4641.6000,4642.2000,4642.8000,4643.6000,4644.0000,3,1,1,1,1,1,1,1,1,1
SF,IC2006,2019-11-19 09:33:34.700,4639.6000,13645,0,257670360.000,0,-,-,-,-,4639.0000,4638.8000,4637.8000,4636.0000,4634.2000,4640.0000,4641.6000,4642.2000,4642.8000,4643.6000,1,3,1,1,1,1,1,1,1,1
SF,IC2006,2019-11-19 09:33:35.200,4640.0000,13644,-1,258598360.000,1,0,1,双平,S,4639.2000,4639.0000,4637.8000,4636.0000,4634.2000,4641.6000,4642.2000,4642.8000,4643.6000,4644.0000,2,1,1,1,1,1,1,1,1,1
SF,IC2006,2019-11-19 09:33:35.700,4640.0000,13644,0,258598360.000,0,-,-,-,-,4637.8000,4636.0000,4634.2000,4632.0000,4628.0000,4641.4000,4641.6000,4642.2000,4642.8000,4643.6000,1,1,1,1,1,2,1,1,1,1
SF,IC2006,2019-11-19 09:33:36.200,4640.0000,13644,0,258598360.000,0,-,-,-,-,4638.0000,4637.8000,4636.0000,4634.2000,4632.0000,4641.4000,4641.6000,4642.2000,4642.8000,4643.6000,1,1,1,1,1,2,1,1,1,1
SF,IC2006,2019-11-19 09:33:36.700,4640.0000,13644,0,258598360.000,0,-,-,-,-,4638.0000,4637.8000,4636.0000,4634.2000,4632.0000,4641.0000,4641.2000,4641.4000,4641.6000,4642.2000,1,1,1,1,1,1,1,2,1,1
SF,IC2006,2019-11-19 09:33:37.200,4640.0000,13644,0,258598360.000,0,-,-,-,-,4638.0000,4637.8000,4636.0000,4634.2000,4632.0000,4640.8000,4641.0000,4641.2000,4641.6000,4642.2000,1,1,1,1,1,1,1,1,1,1
SF,IC2006,2019-11-19 09:33:37.700,4640.0000,13644,0,258598360.000,0,-,-,-,-,4638.0000,4637.8000,4636.0000,4634.2000,4632.0000,4640.8000,4641.2000,4641.6000,4642.2000,4642.8000,1,1,1,1,1,1,1,1,1,1
SF,IC2006,2019-11-19 09:33:40.200,4640.0000,13644,0,258598360.000,0,-,-,-,-,4638.0000,4637.8000,4636.0000,4634.2000,4632.0000,4640.8000,4641.2000,4641.6000,4642.2000,4642.8000,1,1,1,1,1,2,1,1,1,1
SF,IC2006,2019-11-19 09:33:40.700,4637.8000,13643,-1,260453520.000,2,0,2,多平,S,4636.0000,4635.4000,4634.2000,4632.0000,4628.0000,4638.0000,4640.8000,4641.6000,4642.2000,4642.8000,1,1,1,1,1,1,2,1,1,1
SF,IC2006,2019-11-19 09:33:41.200,4637.8000,13643,0,260453520.000,0,-,-,-,-,4636.0000,4634.2000,4632.0000,4628.0000,4627.2000,4637.8000,4640.2000,4640.8000,4641.6000,4642.2000,1,1,1,1,5,1,1,1,1,1
SF,IC2006,2019-11-19 09:33:41.700,4637.8000,13643,0,260453520.000,0,-,-,-,-,4636.0000,4634.2000,4632.0000,4628.0000,4627.2000,4637.8000,4640.2000,4640.8000,4641.6000,4642.2000,1,1,1,1,5,1,1,1,1,1
SF,IC2006,2019-11-19 09:33:43.200,4637.8000,13642,-1,261381080.000,1,0,1,双平,S,4636.0000,4634.8000,4634.2000,4632.0000,4628.0000,4637.6000,4640.2000,4640.8000,4641.6000,4642.0000,1,1,1,1,1,1,1,1,1,1
SF,IC2006,2019-11-19 09:33:43.700,4636.0000,13642,0,262308280.000,1,0,1,多换,S,4634.2000,4632.0000,4628.0000,4627.2000,4627.0000,4637.4000,4640.2000,4640.8000,4641.6000,4642.0000,1,1,1,5,1,2,1,1,1,1
SF,IC2006,2019-11-19 09:33:44.200,4636.0000,13642,0,262308280.000,0,-,-,-,-,4634.4000,4634.2000,4632.0000,4628.0000,4627.2000,4637.4000,4640.2000,4640.8000,4641.6000,4642.0000,1,1,1,1,5,2,1,1,1,1
SF,IC2006,2019-11-19 09:33:44.700,4636.0000,13642,0,262308280.000,0,-,-,-,-,4634.4000,4634.2000,4632.0000,4628.0000,4627.2000,4637.0000,4637.4000,4640.2000,4640.8000,4641.6000,1,1,1,1,5,1,2,1,1,1
SF,IC2006,2019-11-19 09:33:45.200,4636.0000,13642,0,262308280.000,0,-,-,-,-,4634.4000,4634.2000,4633.4000,4632.0000,4628.0000,4636.8000,4640.2000,4640.8000,4641.6000,4642.0000,1,1,1,1,1,1,1,1,1,1
SF,IC2006,2019-11-19 09:33:45.700,4636.0000,13642,0,262308280.000,0,-,-,-,-,4634.4000,4634.2000,4633.4000,4632.0000,4628.0000,4636.8000,4640.2000,4640.8000,4641.6000,4642.0000,1,1,1,1,1,1,1,1,1,1
SF,IC2006,2019-11-19 09:33:46.200,4636.0000,13642,0,262308280.000,0,-,-,-,-,4634.4000,4634.2000,4633.4000,4632.0000,4628.0000,4640.2000,4640.8000,4641.6000,4642.0000,4642.2000,1,1,1,1,1,1,1,1,1,1
SF,IC2006,2019-11-19 09:33:46.700,4636.0000,13642,0,262308280.000,0,-,-,-,-,4634.4000,4634.2000,4633.4000,4632.0000,4628.0000,4637.2000,4639.8000,4640.2000,4640.8000,4641.6000,1,1,1,1,1,3,1,1,1,1
SF,IC2006,2019-11-19 09:33:47.200,4636.0000,13642,0,262308280.000,0,-,-,-,-,4634.2000,4632.0000,4628.0000,4627.2000,4627.0000,4636.8000,4637.0000,4637.2000,4639.8000,4640.2000,1,1,1,5,1,1,1,3,1,1
SF,IC2006,2019-11-19 09:33:47.700,4636.0000,13642,0,262308280.000,0,-,-,-,-,4634.2000,4632.0000,4628.0000,4627.2000,4627.0000,4636.6000,4636.8000,4637.0000,4639.8000,4640.2000,1,1,1,5,1,2,1,1,1,1
SF,IC2006,2019-11-19 09:33:48.200,4636.0000,13642,0,262308280.000,0,-,-,-,-,4634.4000,4634.2000,4632.0000,4628.0000,4627.2000,4636.2000,4636.4000,4636.8000,4637.0000,4639.8000,1,1,1,1,5,1,1,1,1,1
SF,IC2006,2019-11-19 09:33:48.700,4636.0000,13642,0,262308280.000,0,-,-,-,-,4634.4000,4634.2000,4632.0000,4628.0000,4627.2000,4637.0000,4639.8000,4640.2000,4640.8000,4641.6000,1,1,1,1,5,1,1,1,1,7
SF,IC2006,2019-11-19 09:33:49.200,4637.0000,13641,-1,263235680.000,1,0,1,双平,S,4637.0000,4636.2000,4634.4000,4634.2000,4632.0000,4640.2000,4640.8000,4641.6000,4642.0000,4642.2000,1,1,1,1,1,1,1,1,1,1
SF,IC2006,2019-11-19 09:33:49.700,4637.0000,13641,0,263235680.000,0,-,-,-,-,4637.0000,4636.2000,4634.2000,4632.0000,4628.0000,4639.4000,4639.8000,4640.2000,4640.8000,4641.6000,1,1,1,1,1,3,1,1,1,1
SF,IC2006,2019-11-19 09:33:50.200,4637.0000,13640,-1,264163080.000,1,0,1,双平,S,4637.8000,4636.2000,4634.2000,4632.0000,4628.0000,4639.0000,4639.4000,4639.8000,4640.2000,4640.8000,1,1,1,1,1,1,3,1,1,1
SF,IC2006,2019-11-19 09:33:50.700,4637.4000,13640,0,265090560.000,1,0,1,多换,S,4636.2000,4634.2000,4632.0000,4628.0000,4627.2000,4637.4000,4637.8000,4638.0000,4639.0000,4639.8000,1,1,1,1,5,2,1,3,1,1
SF,IC2006,2019-11-19 09:33:51.200,4636.2000,13639,-1,266017800.000,1,0,1,双平,S,4634.2000,4632.0000,4628.0000,4627.2000,4627.0000,4636.2000,4637.0000,4637.2000,4637.4000,4639.0000,1,1,1,5,2,1,2,2,2,1
SF,IC2006,2019-11-19 09:33:51.700,4636.2000,13639,0,266945040.000,1,0,1,多换,S,4634.8000,4634.4000,4634.2000,4632.0000,4628.0000,4637.0000,4637.4000,4639.0000,4639.8000,4640.8000,1,2,1,1,1,2,2,1,1,1
SF,IC2006,2019-11-19 09:33:52.200,4636.2000,13639,0,266945040.000,0,-,-,-,-,4635.0000,4634.8000,4634.2000,4632.0000,4628.0000,4637.0000,4637.4000,4638.0000,4639.0000,4639.8000,2,1,1,1,1,2,2,1,1,1
SF,IC2006,2019-11-19 09:33:52.700,4636.2000,13639,0,266945040.000,0,-,-,-,-,4635.0000,4634.2000,4632.0000,4628.0000,4627.2000,4637.0000,4637.4000,4638.0000,4639.0000,4639.8000,2,1,1,1,5,2,2,1,1,1
SF,IC2006,2019-11-19 09:33:53.200,4635.8000,13638,-1,267872200.000,1,0,1,双平,S,4635.0000,4634.2000,4632.0000,4628.0000,4627.2000,4637.4000,4639.0000,4639.8000,4640.8000,4641.6000,2,1,1,1,5,2,1,1,1,1
SF,IC2006,2019-11-19 09:33:53.700,4635.8000,13638,0,267872200.000,0,-,-,-,-,4635.2000,4635.0000,4634.2000,4632.0000,4628.0000,4637.4000,4639.0000,4639.8000,4640.8000,4641.6000,1,2,1,1,1,2,1,1,1,1
SF,IC2006,2019-11-19 09:33:54.200,4635.8000,13638,0,267872200.000,0,-,-,-,-,4634.2000,4632.0000,4628.0000,4627.2000,4627.0000,4637.2000,4637.4000,4639.0000,4639.8000,4640.8000,1,1,1,5,2,1,2,1,1,1
SF,IC2006,2019-11-19 09:33:54.700,4635.8000,13638,0,267872200.000,0,-,-,-,-,4634.4000,4634.2000,4632.0000,4628.0000,4627.2000,4637.2000,4637.4000,4639.0000,4639.8000,4640.8000,2,1,1,1,5,1,2,1,1,1
SF,IC2006,2019-11-19 09:33:55.200,4635.8000,13638,0,267872200.000,0,-,-,-,-,4634.6000,4634.4000,4634.2000,4632.0000,4628.0000,4637.2000,4637.4000,4639.0000,4639.8000,4640.8000,1,2,1,1,1,1,2,1,1,1
SF,IC2006,2019-11-19 09:33:55.700,4635.8000,13638,0,267872200.000,0,-,-,-,-,4634.8000,4634.6000,4634.2000,4632.0000,4628.0000,4637.2000,4637.4000,4639.0000,4639.8000,4640.8000,1,1,1,1,1,1,2,1,1,1
SF,IC2006,2019-11-19 09:33:58.700,4635.8000,13638,0,267872200.000,0,-,-,-,-,4635.0000,4634.8000,4634.6000,4634.2000,4632.0000,4637.2000,4637.4000,4638.0000,4639.0000,4639.8000,2,1,1,1,1,1,2,1,1,1
SF,IC2006,2019-11-19 09:33:59.200,4635.8000,13638,0,267872200.000,0,-,-,-,-,4635.4000,4635.0000,4634.6000,4634.2000,4632.0000,4637.4000,4638.0000,4639.0000,4639.8000,4640.8000,3,2,1,1,1,2,1,1,1,1
SF,IC2006,2019-11-19 09:33:59.700,4635.8000,13638,0,267872200.000,0,-,-,-,-,4635.6000,4635.0000,4634.6000,4634.2000,4632.0000,4637.4000,4638.0000,4639.0000,4639.8000,4640.8000,1,2,1,1,1,2,1,1,1,1
SF,IC2006,2019-11-19 09:34:00.200,4635.8000,13638,0,267872200.000,0,-,-,-,-,4635.8000,4635.6000,4635.0000,4634.6000,4634.2000,4637.4000,4638.0000,4639.0000,4639.8000,4640.8000,1,1,2,1,1,2,1,1,1,1
SF,IC2006,2019-11-19 09:34:00.700,4635.8000,13638,0,267872200.000,0,-,-,-,-,4636.0000,4635.8000,4635.0000,4634.6000,4634.2000,4637.4000,4638.0000,4639.0000,4639.8000,4640.8000,1,1,2,1,1,2,1,1,1,1
SF,IC2006,2019-11-19 09:34:01.200,4635.8000,13638,0,267872200.000,0,-,-,-,-,4636.0000,4635.8000,4635.0000,4634.6000,4634.2000,4637.4000,4638.0000,4639.0000,4639.8000,4640.8000,1,1,1,1,1,2,1,1,1,1
SF,IC2006,2019-11-19 09:34:01.700,4635.8000,13638,0,267872200.000,0,-,-,-,-,4636.2000,4636.0000,4635.0000,4634.6000,4634.2000,4637.4000,4638.0000,4639.0000,4639.8000,4640.8000,2,1,1,1,1,2,1,1,1,1
SF,IC2006,2019-11-19 09:34:02.200,4635.8000,13638,0,267872200.000,0,-,-,-,-,4636.4000,4636.2000,4635.0000,4634.6000,4634.2000,4638.0000,4639.0000,4639.8000,4640.8000,4641.6000,1,2,1,1,1,1,1,1,1,1
SF,IC2006,2019-11-19 09:34:06.700,4635.8000,13638,0,267872200.000,0,-,-,-,-,4636.4000,4636.2000,4636.0000,4635.0000,4634.6000,4638.0000,4639.0000,4639.8000,4640.8000,4641.6000,1,2,1,1,1,1,1,1,1,1
SF,IC2006,2019-11-19 09:34:08.700,4635.8000,13638,0,267872200.000,0,-,-,-,-,4636.4000,4636.2000,4636.0000,4635.0000,4634.6000,4638.0000,4639.0000,4639.8000,4640.8000,4641.6000,1,1,1,1,1,1,1,1,1,1
SF,IC2006,2019-11-19 09:34:09.700,4635.8000,13638,0,267872200.000,0,-,-,-,-,4636.4000,4636.2000,4636.0000,4635.0000,4634.6000,4638.0000,4639.0000,4639.8000,4640.8000,4641.6000,2,1,1,1,1,1,1,1,1,1
SF,IC2006,2019-11-19 09:34:10.700,4635.8000,13638,0,267872200.000,0,-,-,-,-,4636.4000,4636.2000,4636.0000,4635.0000,4634.6000,4638.0000,4639.0000,4639.8000,4640.8000,4641.6000,2,1,1,1,1,1,1,1,1,1
SF,IC2006,2019-11-19 09:34:11.200,4635.8000,13638,0,267872200.000,0,-,-,-,-,4636.4000,4636.2000,4636.0000,4635.0000,4634.6000,4637.8000,4638.0000,4639.0000,4639.8000,4640.8000,1,1,1,1,1,1,1,1,1,1
SF,IC2006,2019-11-19 09:34:11.700,4635.8000,13638,0,267872200.000,0,-,-,-,-,4636.4000,4636.0000,4634.6000,4634.2000,4632.0000,4637.8000,4638.0000,4639.0000,4639.8000,4640.8000,1,1,1,1,1,1,1,1,1,1
SF,IC2006,2019-11-19 09:34:17.700,4635.8000,13638,0,267872200.000,0,-,-,-,-,4636.4000,4636.0000,4634.6000,4634.2000,4632.0000,4637.8000,4638.0000,4639.0000,4639.8000,4640.8000,1,1,1,1,1,1,1,1,1,1
SF,IC2006,2019-11-19 09:34:18.200,4636.4000,13638,0,268799480.000,1,0,1,多换,S,4636.0000,4634.6000,4634.2000,4632.0000,4628.0000,4637.8000,4638.0000,4639.0000,4639.8000,4640.8000,1,1,1,1,1,1,1,1,1,1
SF,IC2006,2019-11-19 09:34:18.700,4636.4000,13638,0,268799480.000,0,-,-,-,-,4636.0000,4634.2000,4632.0000,4628.0000,4627.2000,4637.6000,4637.8000,4638.0000,4639.0000,4639.8000,1,1,1,1,5,1,1,1,1,1
SF,IC2006,2019-11-19 09:34:19.200,4636.4000,13638,0,268799480.000,0,-,-,-,-,4636.0000,4634.2000,4632.0000,4628.0000,4627.2000,4637.4000,4638.0000,4639.0000,4639.8000,4640.8000,1,1,1,1,5,1,1,1,1,1
SF,IC2006,2019-11-19 09:34:24.200,4636.4000,13638,0,268799480.000,0,-,-,-,-,4636.0000,4634.2000,4632.0000,4628.0000,4627.2000,4637.4000,4638.0000,4639.0000,4639.8000,4640.8000,1,1,1,1,5,1,1,1,1,1
SF,IC2006,2019-11-19 09:34:24.700,4636.4000,13638,0,268799480.000,0,-,-,-,-,4636.0000,4634.2000,4632.0000,4628.0000,4627.2000,4637.2000,4637.4000,4638.0000,4639.0000,4639.8000,1,1,1,1,5,1,1,1,1,1
SF,IC2006,2019-11-19 09:34:25.200,4636.4000,13638,0,268799480.000,0,-,-,-,-,4636.0000,4634.2000,4632.0000,4628.0000,4627.2000,4637.2000,4638.0000,4639.0000,4639.8000,4640.8000,1,1,1,1,5,1,1,1,1,1
SF,IC2006,2019-11-19 09:34:25.700,4636.4000,13638,0,268799480.000,0,-,-,-,-,4636.0000,4634.2000,4632.0000,4628.0000,4627.2000,4637.0000,4637.2000,4638.0000,4639.0000,4639.8000,1,1,1,1,5,1,1,1,1,1
SF,IC2006,2019-11-19 09:34:26.700,4636.0000,13638,0,269726680.000,1,0,1,多换,S,4634.2000,4632.0000,4628.0000,4627.2000,4627.0000,4637.0000,4637.2000,4638.0000,4639.0000,4639.8000,1,1,1,5,2,1,1,1,1,1
SF,IC2006,2019-11-19 09:34:27.200,4636.0000,13638,0,269726680.000,0,-,-,-,-,4636.2000,4634.4000,4634.2000,4632.0000,4628.0000,4637.0000,4637.2000,4638.0000,4639.0000,4639.8000,1,3,1,1,1,1,1,1,1,1
SF,IC2006,2019-11-19 09:34:27.700,4637.0000,13637,-1,270654080.000,1,0,1,双平,S,4636.2000,4635.8000,4634.4000,4634.2000,4632.0000,4637.2000,4638.0000,4638.8000,4639.0000,4639.8000,1,1,1,1,1,1,1,1,1,1
SF,IC2006,2019-11-19 09:34:28.200,4637.0000,13637,0,270654080.000,0,-,-,-,-,4636.4000,4636.2000,4634.4000,4634.2000,4632.0000,4637.2000,4638.0000,4639.0000,4639.8000,4640.8000,1,1,1,1,1,1,1,1,1,1
SF,IC2006,2019-11-19 09:34:28.700,4637.0000,13637,0,270654080.000,0,-,-,-,-,4636.2000,4634.4000,4634.2000,4632.0000,4628.0000,4638.0000,4639.0000,4639.8000,4640.8000,4641.6000,1,1,1,1,1,1,1,1,1,1
SF,IC2006,2019-11-19 09:34:29.200,4637.0000,13637,0,270654080.000,0,-,-,-,-,4636.2000,4634.4000,4634.2000,4632.0000,4628.0000,4637.8000,4638.0000,4639.0000,4639.8000,4640.8000,1,1,1,1,1,1,1,1,1,1
SF,IC2006,2019-11-19 09:34:31.200,4637.0000,13637,0,270654080.000,0,-,-,-,-,4636.2000,4634.4000,4634.2000,4632.0000,4628.0000,4637.8000,4638.0000,4639.0000,4639.6000,4639.8000,1,1,1,1,1,1,1,1,2,1
SF,IC2006,2019-11-19 09:34:31.700,4636.2000,13637,0,271581320.000,1,0,1,多换,S,4634.4000,4634.2000,4632.0000,4628.0000,4627.2000,4637.8000,4638.0000,4639.0000,4639.6000,4639.8000,1,1,1,1,5,1,1,1,2,1
SF,IC2006,2019-11-19 09:34:32.200,4636.2000,13637,0,271581320.000,0,-,-,-,-,4634.6000,4634.2000,4632.0000,4628.0000,4627.2000,4637.6000,4637.8000,4638.0000,4639.0000,4639.6000,3,1,1,1,5,1,1,1,1,2
SF,IC2006,2019-11-19 09:34:32.700,4636.2000,13637,0,271581320.000,0,-,-,-,-,4634.6000,4634.2000,4632.0000,4628.0000,4627.2000,4637.4000,4637.6000,4638.0000,4639.0000,4639.6000,3,1,1,1,5,1,1,1,1,2
SF,IC2006,2019-11-19 09:34:33.200,4636.2000,13637,0,271581320.000,0,-,-,-,-,4634.8000,4634.2000,4632.0000,4628.0000,4627.2000,4637.4000,4637.6000,4638.0000,4639.0000,4639.6000,2,1,1,1,5,1,1,1,1,2
SF,IC2006,2019-11-19 09:34:36.200,4636.2000,13637,0,271581320.000,0,-,-,-,-,4634.8000,4634.2000,4632.0000,4628.0000,4627.2000,4637.4000,4637.6000,4638.0000,4639.0000,4639.6000,2,1,1,1,5,1,1,1,1,2
SF,IC2006,2019-11-19 09:34:36.700,4636.2000,13637,0,271581320.000,0,-,-,-,-,4634.8000,4634.2000,4632.0000,4628.0000,4627.2000,4638.0000,4639.0000,4639.6000,4639.8000,4640.8000,2,1,1,1,5,1,1,2,1,1
SF,IC2006,2019-11-19 09:34:37.200,4636.2000,13637,0,271581320.000,0,-,-,-,-,4635.0000,4634.8000,4634.2000,4632.0000,4628.0000,4637.8000,4638.0000,4639.0000,4639.6000,4639.8000,1,2,1,1,1,1,1,1,2,1
SF,IC2006,2019-11-19 09:34:37.700,4636.2000,13637,0,271581320.000,0,-,-,-,-,4635.2000,4635.0000,4634.2000,4632.0000,4628.0000,4637.8000,4638.0000,4639.0000,4639.6000,4639.8000,2,1,1,1,1,1,1,1,2,1
SF,IC2006,2019-11-19 09:34:38.200,4636.2000,13637,0,271581320.000,0,-,-,-,-,4635.2000,4635.0000,4634.2000,4632.0000,4628.0000,4637.8000,4638.0000,4639.0000,4639.6000,4639.8000,3,1,1,1,1,1,1,1,2,1
SF,IC2006,2019-11-19 09:34:38.700,4636.2000,13637,0,271581320.000,0,-,-,-,-,4635.2000,4634.2000,4632.0000,4628.0000,4627.2000,4637.8000,4638.0000,4639.0000,4639.6000,4639.8000,3,1,1,1,5,1,1,1,2,1
SF,IC2006,2019-11-19 09:34:39.700,4636.2000,13637,0,271581320.000,0,-,-,-,-,4635.2000,4634.2000,4632.0000,4628.0000,4627.2000,4637.8000,4639.0000,4639.6000,4639.8000,4640.8000,3,1,1,1,5,1,1,2,1,1
SF,IC2006,2019-11-19 09:34:40.200,4636.2000,13637,0,271581320.000,0,-,-,-,-,4635.2000,4634.2000,4632.0000,4628.0000,4627.2000,4637.6000,4637.8000,4639.0000,4639.6000,4639.8000,3,1,1,1,5,1,1,1,2,1
SF,IC2006,2019-11-19 09:34:40.700,4636.2000,13637,0,271581320.000,0,-,-,-,-,4635.2000,4634.2000,4632.0000,4628.0000,4627.2000,4637.6000,4639.0000,4639.6000,4639.8000,4640.8000,3,1,1,1,5,1,1,2,1,1
SF,IC2006,2019-11-19 09:34:41.200,4636.2000,13637,0,271581320.000,0,-,-,-,-,4635.2000,4634.2000,4632.0000,4628.0000,4627.2000,4637.4000,4637.6000,4639.0000,4639.6000,4639.8000,3,1,1,1,5,1,1,1,2,1
SF,IC2006,2019-11-19 09:34:41.700,4636.2000,13637,0,271581320.000,0,-,-,-,-,4635.4000,4634.2000,4632.0000,4628.0000,4627.2000,4637.4000,4637.6000,4639.0000,4639.6000,4639.8000,1,1,1,1,5,1,1,1,2,1
SF,IC2006,2019-11-19 09:34:45.700,4635.4000,13636,-1,272508400.000,1,0,1,双平,S,4634.2000,4634.0000,4632.0000,4628.0000,4627.2000,4635.4000,4637.4000,4637.6000,4639.0000,4639.6000,1,1,1,1,5,1,1,1,1,2
SF,IC2006,2019-11-19 09:34:46.200,4635.4000,13636,0,272508400.000,0,-,-,-,-,4634.2000,4632.0000,4628.0000,4627.2000,4627.0000,4635.4000,4637.6000,4639.0000,4639.6000,4639.8000,1,1,1,5,2,1,1,1,2,1
SF,IC2006,2019-11-19 09:34:46.700,4635.4000,13635,-1,273435480.000,1,0,1,双平,S,4634.2000,4632.0000,4628.0000,4627.2000,4627.0000,4637.6000,4639.0000,4639.6000,4639.8000,4640.8000,1,1,1,5,2,1,1,2,1,1
SF,IC2006,2019-11-19 09:34:47.200,4637.2000,13635,0,274362920.000,1,0,1,多换,S,4634.2000,4632.0000,4628.0000,4627.2000,4627.0000,4637.2000,4637.6000,4639.0000,4639.6000,4639.8000,1,1,1,5,2,2,1,1,2,1
SF,IC2006,2019-11-19 09:34:47.700,4637.2000,13635,0,274362920.000,0,-,-,-,-,4635.0000,4634.4000,4634.2000,4632.0000,4628.0000,4637.0000,4639.0000,4639.6000,4639.8000,4640.8000,1,1,1,1,1,2,1,2,1,1
SF,IC2006,2019-11-19 09:34:48.200,4637.2000,13635,0,274362920.000,0,-,-,-,-,4635.2000,4635.0000,4634.2000,4632.0000,4628.0000,4636.8000,4637.0000,4639.0000,4639.6000,4639.8000,1,1,1,1,1,2,2,1,2,1
SF,IC2006,2019-11-19 09:34:48.700,4635.2000,13634,-1,275289960.000,1,0,1,双平,S,4635.0000,4634.4000,4634.2000,4632.0000,4628.0000,4636.8000,4637.0000,4637.4000,4639.0000,4639.6000,1,1,1,1,1,1,1,1,1,2
SF,IC2006,2019-11-19 09:34:49.200,4635.2000,13634,0,275289960.000,0,-,-,-,-,4635.2000,4635.0000,4634.2000,4632.0000,4628.0000,4636.8000,4637.0000,4639.0000,4639.6000,4639.8000,1,1,1,1,1,1,1,1,2,1
SF,IC2006,2019-11-19 09:34:49.700,4635.2000,13634,0,275289960.000,0,-,-,-,-,4635.2000,4635.0000,4634.2000,4632.0000,4630.0000,4636.8000,4637.0000,4639.0000,4639.6000,4639.8000,2,1,1,1,1,1,1,1,2,1
SF,IC2006,2019-11-19 09:34:50.200,4635.2000,13634,0,275289960.000,0,-,-,-,-,4635.2000,4635.0000,4634.2000,4632.0000,4630.0000,4636.8000,4637.0000,4639.0000,4639.6000,4639.8000,1,1,1,1,1,1,1,1,2,1
SF,IC2006,2019-11-19 09:34:50.700,4635.2000,13634,0,275289960.000,0,-,-,-,-,4635.4000,4635.2000,4635.0000,4634.2000,4632.0000,4636.8000,4637.0000,4639.0000,4639.6000,4639.8000,1,1,1,1,1,1,1,1,2,1
SF,IC2006,2019-11-19 09:34:51.200,4635.2000,13634,0,275289960.000,0,-,-,-,-,4635.4000,4635.0000,4634.2000,4632.0000,4630.0000,4636.8000,4637.0000,4639.0000,4639.6000,4639.8000,1,1,1,1,1,1,1,1,2,1
SF,IC2006,2019-11-19 09:34:51.700,4635.2000,13634,0,275289960.000,0,-,-,-,-,4635.4000,4635.0000,4634.2000,4632.0000,4630.0000,4636.8000,4637.0000,4639.0000,4639.6000,4639.8000,1,1,1,1,1,1,1,1,2,1
SF,IC2006,2019-11-19 09:34:52.700,4635.4000,13633,-1,276217040.000,1,0,1,双平,S,4635.0000,4634.2000,4632.0000,4630.0000,4628.0000,4636.8000,4637.0000,4639.0000,4639.6000,4639.8000,1,1,1,1,1,1,1,1,2,1
SF,IC2006,2019-11-19 09:34:53.700,4635.4000,13633,0,276217040.000,0,-,-,-,-,4635.0000,4634.2000,4632.0000,4630.0000,4628.0000,4636.8000,4637.0000,4639.0000,4639.6000,4639.8000,1,1,1,1,1,1,1,1,2,1
SF,IC2006,2019-11-19 09:34:54.200,4635.4000,13633,0,276217040.000,0,-,-,-,-,4635.0000,4634.2000,4632.0000,4630.0000,4628.0000,4636.6000,4636.8000,4639.0000,4639.6000,4639.8000,1,1,1,1,1,1,1,1,2,1
SF,IC2006,2019-11-19 09:34:55.200,4635.0000,13632,-1,277144040.000,1,0,1,双平,S,4634.2000,4632.0000,4630.0000,4628.0000,4627.2000,4636.6000,4636.8000,4639.0000,4639.6000,4639.8000,1,1,1,1,5,1,1,1,2,1
SF,IC2006,2019-11-19 09:34:55.700,4635.0000,13632,0,277144040.000,0,-,-,-,-,4634.4000,4634.2000,4632.0000,4630.0000,4628.0000,4636.6000,4636.8000,4639.0000,4639.6000,4639.8000,1,1,1,1,1,1,1,1,2,1
SF,IC2006,2019-11-19 09:34:56.700,4635.0000,13632,0,277144040.000,0,-,-,-,-,4634.4000,4634.2000,4632.0000,4630.0000,4628.0000,4636.4000,4636.6000,4636.8000,4639.0000,4639.6000,1,1,1,1,1,1,1,1,1,2
SF,IC2006,2019-11-19 09:34:57.200,4635.0000,13632,0,277144040.000,0,-,-,-,-,4634.4000,4634.2000,4632.0000,4630.0000,4628.0000,4636.4000,4636.8000,4639.0000,4639.6000,4639.8000,1,1,1,1,1,1,1,1,2,1
SF,IC2006,2019-11-19 09:34:57.700,4635.0000,13632,0,277144040.000,0,-,-,-,-,4634.4000,4634.2000,4632.0000,4630.0000,4628.0000,4636.8000,4639.0000,4639.6000,4639.8000,4640.8000,1,1,1,1,1,1,1,2,1,1
SF,IC2006,2019-11-19 09:35:00.200,4635.0000,13632,0,277144040.000,0,-,-,-,-,4634.4000,4634.2000,4632.0000,4630.0000,4628.0000,4636.6000,4636.8000,4639.0000,4639.6000,4639.8000,1,1,1,1,1,1,1,1,2,1
SF,IC2006,2019-11-19 09:35:01.700,4635.0000,13632,0,277144040.000,0,-,-,-,-,4635.0000,4634.4000,4634.2000,4632.0000,4630.0000,4636.6000,4636.8000,4639.0000,4639.6000,4639.8000,1,1,1,1,1,1,1,1,2,1
SF,IC2006,2019-11-19 09:35:02.200,4635.0000,13632,0,278071040.000,1,0,1,多换,S,4634.2000,4632.0000,4630.0000,4628.0000,4627.2000,4636.6000,4636.8000,4639.0000,4639.6000,4639.8000,1,1,1,1,5,1,1,1,2,1
SF,IC2006,2019-11-19 09:35:02.700,4635.0000,13632,0,278071040.000,0,-,-,-,-,4634.4000,4634.2000,4632.0000,4630.0000,4628.0000,4636.6000,4636.8000,4639.0000,4639.6000,4639.8000,1,1,1,1,1,1,1,1,2,1
SF,IC2006,2019-11-19 09:35:05.200,4635.0000,13632,0,278071040.000,0,-,-,-,-,4634.8000,4634.6000,4634.4000,4634.2000,4632.0000,4636.6000,4636.8000,4639.0000,4639.6000,4639.8000,1,1,1,1,1,1,1,1,2,1
SF,IC2006,2019-11-19 09:35:05.700,4636.8000,13631,-1,279925720.000,2,0,2,多平,S,4636.6000,4635.2000,4634.8000,4634.6000,4634.2000,4639.0000,4639.6000,4639.8000,4640.8000,4641.4000,1,3,1,1,1,1,2,1,1,2
SF,IC2006,2019-11-19 09:35:06.200,4636.8000,13631,0,279925720.000,0,-,-,-,-,4634.8000,4634.6000,4634.2000,4632.0000,4630.0000,4638.6000,4639.0000,4639.6000,4639.8000,4640.8000,1,1,1,1,1,4,1,2,1,1
SF,IC2006,2019-11-19 09:35:06.700,4636.8000,13631,0,279925720.000,0,-,-,-,-,4635.0000,4634.8000,4634.2000,4632.0000,4630.0000,4638.6000,4639.0000,4639.6000,4639.8000,4640.8000,2,1,1,1,1,4,1,2,1,1
SF,IC2006,2019-11-19 09:35:07.200,4636.8000,13631,0,279925720.000,0,-,-,-,-,4635.0000,4634.8000,4634.2000,4632.0000,4630.0000,4638.4000,4639.0000,4639.6000,4639.8000,4640.8000,2,1,1,1,1,1,1,2,1,1
SF,IC2006,2019-11-19 09:35:07.700,4636.8000,13631,0,279925720.000,0,-,-,-,-,4635.4000,4635.0000,4634.8000,4634.2000,4632.0000,4638.4000,4639.0000,4639.6000,4639.8000,4640.8000,1,5,1,1,1,1,1,2,1,1
SF,IC2006,2019-11-19 09:35:08.200,4636.8000,13631,0,279925720.000,0,-,-,-,-,4635.8000,4635.4000,4635.0000,4634.8000,4634.2000,4639.0000,4639.6000,4639.8000,4640.8000,4641.4000,3,1,3,1,1,1,2,1,1,2
SF,IC2006,2019-11-19 09:35:08.700,4636.8000,13631,0,279925720.000,0,-,-,-,-,4635.8000,4635.0000,4634.2000,4632.0000,4630.0000,4638.8000,4639.6000,4639.8000,4640.8000,4641.4000,3,3,1,1,1,1,2,1,1,2
SF,IC2006,2019-11-19 09:35:09.200,4636.8000,13631,0,279925720.000,0,-,-,-,-,4636.2000,4635.8000,4635.0000,4634.2000,4632.0000,4638.8000,4639.6000,4639.8000,4640.8000,4641.4000,1,3,3,1,1,1,2,1,1,2
SF,IC2006,2019-11-19 09:35:09.700,4636.8000,13631,0,279925720.000,0,-,-,-,-,4636.4000,4636.2000,4635.0000,4634.2000,4632.0000,4638.8000,4639.6000,4639.8000,4640.8000,4641.4000,1,1,3,1,1,1,2,1,1,2
SF,IC2006,2019-11-19 09:35:11.200,4636.8000,13631,0,279925720.000,0,-,-,-,-,4636.4000,4636.2000,4634.2000,4632.0000,4630.0000,4638.8000,4639.6000,4639.8000,4640.8000,4641.4000,1,1,1,1,1,1,2,1,1,2
SF,IC2006,2019-11-19 09:35:11.700,4636.8000,13631,0,279925720.000,0,-,-,-,-,4636.4000,4634.2000,4632.0000,4630.0000,4627.2000,4638.8000,4639.6000,4639.8000,4640.8000,4641.4000,1,1,1,1,5,1,2,1,1,2
SF,IC2006,2019-11-19 09:35:14.200,4636.8000,13631,0,279925720.000,0,-,-,-,-,4636.4000,4634.2000,4632.0000,4630.0000,4627.2000,4638.8000,4639.6000,4640.8000,4641.4000,4641.6000,1,1,1,1,5,1,2,1,2,1
SF,IC2006,2019-11-19 09:35:19.700,4636.8000,13631,0,279925720.000,0,-,-,-,-,4636.4000,4634.2000,4632.0000,4630.0000,4627.2000,4638.6000,4638.8000,4639.6000,4640.8000,4641.4000,1,1,1,1,5,1,1,2,1,2
SF,IC2006,2019-11-19 09:35:20.200,4636.8000,13631,0,279925720.000,0,-,-,-,-,4636.4000,4634.2000,4632.0000,4630.0000,4627.2000,4638.4000,4638.6000,4639.6000,4640.8000,4641.4000,1,1,1,1,5,1,1,2,1,2
SF,IC2006,2019-11-19 09:35:23.200,4636.8000,13631,0,279925720.000,0,-,-,-,-,4636.4000,4634.2000,4632.0000,4630.0000,4627.2000,4638.4000,4638.6000,4639.6000,4640.8000,4641.4000,1,1,1,1,5,1,1,2,1,2
SF,IC2006,2019-11-19 09:35:28.200,4636.8000,13631,0,279925720.000,0,-,-,-,-,4636.4000,4634.2000,4632.0000,4630.0000,4627.2000,4638.4000,4639.6000,4640.8000,4641.4000,4641.6000,1,1,1,1,5,1,2,1,2,1
SF,IC2006,2019-11-19 09:35:28.700,4636.8000,13631,0,279925720.000,0,-,-,-,-,4636.8000,4636.4000,4634.2000,4632.0000,4630.0000,4639.6000,4640.8000,4641.4000,4641.6000,4642.0000,1,1,1,1,1,2,1,2,1,1
SF,IC2006,2019-11-19 09:35:29.200,4636.8000,13631,0,279925720.000,0,-,-,-,-,4637.0000,4636.8000,4634.2000,4632.0000,4630.0000,4639.4000,4639.6000,4640.8000,4641.4000,4641.6000,1,1,1,1,1,1,2,1,2,1
SF,IC2006,2019-11-19 09:35:31.700,4636.8000,13631,0,279925720.000,0,-,-,-,-,4637.0000,4636.8000,4634.2000,4632.0000,4630.0000,4639.4000,4639.6000,4640.8000,4641.4000,4641.6000,1,2,1,1,1,1,2,1,2,1
SF,IC2006,2019-11-19 09:35:32.700,4636.8000,13631,0,279925720.000,0,-,-,-,-,4637.4000,4637.0000,4636.8000,4634.2000,4632.0000,4639.4000,4639.6000,4640.8000,4641.4000,4641.6000,1,1,3,1,1,1,2,1,2,1
SF,IC2006,2019-11-19 09:35:33.200,4636.8000,13631,0,279925720.000,0,-,-,-,-,4636.8000,4634.2000,4632.0000,4630.0000,4627.2000,4639.0000,4639.4000,4639.6000,4640.8000,4641.4000,1,1,1,1,5,4,1,2,1,2
SF,IC2006,2019-11-19 09:35:33.700,4636.8000,13631,0,279925720.000,0,-,-,-,-,4637.2000,4637.0000,4636.8000,4634.2000,4632.0000,4639.0000,4639.6000,4640.8000,4641.4000,4641.6000,1,1,1,1,1,4,2,1,2,1
SF,IC2006,2019-11-19 09:35:34.200,4636.8000,13631,0,279925720.000,0,-,-,-,-,4637.4000,4637.2000,4636.8000,4634.2000,4632.0000,4639.0000,4639.6000,4640.8000,4641.4000,4641.6000,1,1,1,1,1,4,2,1,2,1
SF,IC2006,2019-11-19 09:35:36.700,4636.8000,13631,0,279925720.000,0,-,-,-,-,4637.6000,4637.4000,4637.2000,4636.8000,4634.2000,4639.0000,4639.6000,4640.8000,4641.4000,4641.6000,1,1,1,1,1,4,2,1,2,1
SF,IC2006,2019-11-19 09:35:37.200,4636.8000,13631,0,279925720.000,0,-,-,-,-,4637.6000,4636.8000,4634.2000,4632.0000,4630.0000,4639.0000,4639.6000,4640.8000,4641.4000,4641.6000,1,2,1,1,1,4,2,1,2,1
SF,IC2006,2019-11-19 09:35:37.700,4636.8000,13631,0,279925720.000,0,-,-,-,-,4636.8000,4634.2000,4632.0000,4630.0000,4627.2000,4639.0000,4639.6000,4640.8000,4641.4000,4641.6000,2,1,1,1,5,4,2,1,2,1
SF,IC2006,2019-11-19 09:35:38.200,4636.8000,13631,0,279925720.000,0,-,-,-,-,4637.0000,4636.8000,4634.2000,4632.0000,4630.0000,4638.8000,4639.0000,4639.6000,4640.8000,4641.4000,1,1,1,1,1,1,4,2,1,2
SF,IC2006,2019-11-19 09:35:40.200,4637.0000,13630,-1,280853120.000,1,0,1,双平,S,4636.8000,4634.2000,4632.0000,4630.0000,4627.2000,4638.8000,4639.0000,4639.6000,4640.8000,4641.4000,1,1,1,1,5,1,4,2,1,2
SF,IC2006,2019-11-19 09:35:40.700,4637.0000,13630,0,280853120.000,0,-,-,-,-,4636.8000,4634.2000,4632.0000,4630.0000,4627.2000,4638.6000,4638.8000,4639.0000,4639.6000,4640.8000,1,1,1,1,5,1,1,4,2,1
SF,IC2006,2019-11-19 09:35:41.200,4637.0000,13630,0,280853120.000,0,-,-,-,-,4636.8000,4634.2000,4632.0000,4630.0000,4627.2000,4638.4000,4638.6000,4639.0000,4639.6000,4640.8000,1,1,1,1,5,2,1,4,2,1
SF,IC2006,2019-11-19 09:35:41.700,4637.0000,13630,0,280853120.000,0,-,-,-,-,4636.8000,4634.2000,4632.0000,4630.0000,4627.2000,4638.2000,4638.6000,4639.0000,4639.6000,4640.8000,1,1,1,1,5,1,1,4,2,1
SF,IC2006,2019-11-19 09:35:43.700,4638.2000,13629,-1,281780760.000,1,0,1,双平,S,4637.0000,4636.8000,4634.2000,4632.0000,4630.0000,4638.6000,4639.0000,4639.6000,4640.0000,4640.8000,1,1,1,1,1,1,4,2,1,1
SF,IC2006,2019-11-19 09:35:44.200,4638.2000,13629,0,281780760.000,0,-,-,-,-,4637.0000,4636.8000,4634.2000,4632.0000,4630.0000,4638.6000,4639.0000,4639.6000,4640.8000,4641.4000,1,1,1,1,1,4,4,2,1,2
SF,IC2006,2019-11-19 09:35:46.200,4638.2000,13629,0,281780760.000,0,-,-,-,-,4637.0000,4636.8000,4634.2000,4632.0000,4630.0000,4638.6000,4639.0000,4639.6000,4640.8000,4641.4000,1,2,1,1,1,4,4,2,1,2
SF,IC2006,2019-11-19 09:35:47.700,4638.2000,13629,0,281780760.000,0,-,-,-,-,4637.0000,4636.8000,4634.2000,4632.0000,4630.0000,4638.6000,4639.0000,4639.6000,4640.8000,4641.4000,1,1,1,1,1,4,4,2,1,2
SF,IC2006,2019-11-19 09:35:49.700,4638.6000,13630,1,282708480.000,1,1,0,双开,S,4637.0000,4636.8000,4634.2000,4632.0000,4630.0000,4638.6000,4639.0000,4639.6000,4640.8000,4641.4000,1,1,1,1,1,3,4,2,1,2
SF,IC2006,2019-11-19 09:35:50.700,4638.6000,13630,0,282708480.000,0,-,-,-,-,4637.0000,4636.8000,4634.2000,4632.0000,4630.0000,4638.6000,4639.0000,4639.6000,4640.8000,4641.4000,1,2,1,1,1,3,4,2,1,2
SF,IC2006,2019-11-19 09:35:51.200,4638.6000,13630,0,282708480.000,0,-,-,-,-,4637.0000,4636.8000,4634.2000,4632.0000,4630.0000,4638.4000,4638.6000,4639.0000,4639.6000,4640.8000,1,2,1,1,1,1,3,4,2,1
SF,IC2006,2019-11-19 09:35:51.700,4638.6000,13630,0,282708480.000,0,-,-,-,-,4637.0000,4636.8000,4634.2000,4632.0000,4630.0000,4638.6000,4639.0000,4639.6000,4640.8000,4641.4000,1,2,1,1,1,3,4,2,1,2
SF,IC2006,2019-11-19 09:35:52.200,4638.6000,13630,0,282708480.000,0,-,-,-,-,4637.0000,4636.8000,4634.2000,4632.0000,4630.0000,4638.6000,4639.0000,4639.6000,4640.8000,4641.4000,1,1,1,1,1,3,4,2,1,2
SF,IC2006,2019-11-19 09:35:52.700,4638.6000,13630,0,282708480.000,0,-,-,-,-,4638.4000,4637.0000,4636.8000,4634.2000,4632.0000,4638.6000,4639.0000,4639.6000,4640.8000,4641.4000,1,1,1,1,1,3,4,2,1,2
SF,IC2006,2019-11-19 09:35:53.200,4638.4000,13630,0,283636160.000,1,0,1,多换,S,4636.8000,4634.2000,4632.0000,4630.0000,4627.2000,4638.2000,4638.4000,4638.6000,4639.0000,4639.6000,1,1,1,1,5,2,1,3,4,2
SF,IC2006,2019-11-19 09:35:53.700,4638.4000,13630,0,283636160.000,0,-,-,-,-,4637.0000,4636.8000,4634.2000,4632.0000,4630.0000,4638.2000,4638.4000,4638.6000,4639.0000,4639.6000,2,1,1,1,1,2,1,3,4,2
SF,IC2006,2019-11-19 09:35:55.700,4638.4000,13630,0,283636160.000,0,-,-,-,-,4637.2000,4637.0000,4636.8000,4634.2000,4632.0000,4638.2000,4638.4000,4638.6000,4639.0000,4639.6000,1,2,2,1,1,2,1,3,4,2
SF,IC2006,2019-11-19 09:35:56.200,4638.4000,13630,0,283636160.000,0,-,-,-,-,4637.4000,4637.2000,4636.8000,4634.2000,4632.0000,4638.2000,4638.4000,4638.6000,4639.0000,4639.6000,1,1,2,1,1,2,1,3,4,2
SF,IC2006,2019-11-19 09:35:57.700,4638.4000,13630,0,283636160.000,0,-,-,-,-,4637.4000,4636.8000,4634.2000,4632.0000,4630.0000,4638.2000,4638.4000,4638.6000,4639.0000,4639.6000,1,1,1,1,1,2,1,3,4,2
SF,IC2006,2019-11-19 09:35:58.700,4638.2000,13630,0,284563800.000,1,0,1,多换,S,4637.4000,4636.8000,4634.2000,4632.0000,4630.0000,4638.2000,4638.6000,4639.0000,4639.6000,4640.8000,1,1,1,1,1,1,3,4,2,1
SF,IC2006,2019-11-19 09:35:59.200,4638.2000,13630,0,284563800.000,0,-,-,-,-,4636.8000,4634.2000,4632.0000,4630.0000,4627.2000,4638.2000,4638.6000,4639.0000,4639.6000,4640.8000,1,1,1,1,5,1,3,4,2,1
SF,IC2006,2019-11-19 09:35:59.700,4638.2000,13630,0,284563800.000,0,-,-,-,-,4637.0000,4636.8000,4634.2000,4632.0000,4630.0000,4638.2000,4638.6000,4639.0000,4639.6000,4640.8000,1,1,1,1,1,1,3,4,2,1
SF,IC2006,2019-11-19 09:36:01.200,4638.2000,13630,0,284563800.000,0,-,-,-,-,4637.0000,4636.8000,4634.2000,4632.0000,4630.0000,4638.2000,4638.6000,4639.0000,4639.6000,4640.8000,1,1,1,1,1,1,3,4,2,1
SF,IC2006,2019-11-19 09:36:02.200,4638.2000,13630,0,284563800.000,0,-,-,-,-,4637.0000,4636.8000,4634.2000,4632.0000,4630.0000,4638.6000,4639.0000,4639.6000,4640.8000,4641.4000,1,2,1,1,1,3,4,2,1,2
SF,IC2006,2019-11-19 09:36:02.700,4638.2000,13630,0,284563800.000,0,-,-,-,-,4637.2000,4637.0000,4636.8000,4634.2000,4632.0000,4638.6000,4639.0000,4639.6000,4640.8000,4641.4000,2,1,2,1,1,3,4,2,1,2
SF,IC2006,2019-11-19 09:36:03.200,4638.2000,13630,0,284563800.000,0,-,-,-,-,4637.2000,4636.8000,4634.2000,4632.0000,4630.0000,4638.6000,4639.0000,4639.6000,4640.8000,4641.4000,2,2,1,1,1,3,4,2,1,2
SF,IC2006,2019-11-19 09:36:04.700,4638.2000,13630,0,284563800.000,0,-,-,-,-,4637.4000,4637.2000,4636.8000,4634.2000,4632.0000,4638.6000,4639.0000,4639.6000,4640.8000,4641.4000,1,2,2,1,1,3,4,2,1,2
SF,IC2006,2019-11-19 09:36:05.200,4638.2000,13630,0,284563800.000,0,-,-,-,-,4637.2000,4636.8000,4634.2000,4632.0000,4630.0000,4638.6000,4639.0000,4639.6000,4640.8000,4641.4000,1,2,1,1,1,3,4,2,1,2
SF,IC2006,2019-11-19 09:36:06.700,4638.2000,13630,0,284563800.000,0,-,-,-,-,4637.2000,4636.8000,4634.2000,4632.0000,4630.0000,4638.6000,4639.0000,4639.6000,4640.8000,4641.4000,2,2,1,1,1,3,4,2,1,2
SF,IC2006,2019-11-19 09:36:07.200,4638.2000,13630,0,284563800.000,0,-,-,-,-,4637.4000,4637.2000,4636.8000,4634.2000,4632.0000,4638.6000,4639.0000,4639.6000,4640.8000,4641.4000,1,2,2,1,1,3,4,2,1,2
SF,IC2006,2019-11-19 09:36:09.700,4638.6000,13630,0,287346960.000,3,1,2,多换,S,4637.4000,4637.2000,4636.8000,4634.2000,4632.0000,4639.0000,4639.6000,4640.8000,4641.4000,4641.6000,1,1,2,1,1,4,2,1,2,1
SF,IC2006,2019-11-19 09:36:10.200,4638.6000,13630,0,287346960.000,0,-,-,-,-,4637.6000,4637.4000,4637.2000,4636.8000,4634.2000,4639.0000,4639.6000,4640.8000,4641.4000,4641.6000,1,1,1,2,1,4,2,1,2,1
SF,IC2006,2019-11-19 09:36:10.700,4638.6000,13630,0,287346960.000,0,-,-,-,-,4637.6000,4637.2000,4636.8000,4634.2000,4632.0000,4639.0000,4639.6000,4640.8000,4641.4000,4641.6000,1,1,2,1,1,4,2,1,2,1
SF,IC2006,2019-11-19 09:36:11.200,4638.6000,13630,0,287346960.000,0,-,-,-,-,4637.4000,4636.8000,4634.2000,4632.0000,4630.0000,4639.0000,4639.6000,4640.8000,4641.4000,4641.6000,1,2,1,1,1,4,2,1,2,1
SF,IC2006,2019-11-19 09:36:11.700,4638.6000,13630,0,287346960.000,0,-,-,-,-,4637.0000,4636.8000,4634.2000,4632.0000,4630.0000,4637.6000,4638.8000,4639.0000,4639.6000,4640.8000,2,1,1,1,1,1,1,4,2,1
SF,IC2006,2019-11-19 09:36:12.200,4638.6000,13630,0,287346960.000,0,-,-,-,-,4637.0000,4636.8000,4634.2000,4632.0000,4630.0000,4639.0000,4639.6000,4640.8000,4641.4000,4641.6000,2,1,1,1,1,4,2,1,2,1
SF,IC2006,2019-11-19 09:36:12.700,4636.8000,13629,-1,290129120.000,3,1,2,多平,S,4634.2000,4632.0000,4630.0000,4627.2000,4627.0000,4638.4000,4638.8000,4639.0000,4639.6000,4640.8000,1,1,1,5,2,1,2,4,2,1
SF,IC2006,2019-11-19 09:36:13.200,4636.8000,13629,0,290129120.000,0,-,-,-,-,4635.0000,4634.4000,4634.2000,4632.0000,4630.0000,4638.2000,4638.4000,4639.0000,4639.6000,4640.8000,3,2,1,1,1,2,1,4,2,1
SF,IC2006,2019-11-19 09:36:13.700,4638.2000,13629,0,291056760.000,1,0,1,多换,S,4635.2000,4635.0000,4634.2000,4632.0000,4630.0000,4638.2000,4639.0000,4639.6000,4640.8000,4641.4000,1,3,1,1,1,1,4,2,1,2
SF,IC2006,2019-11-19 09:36:14.200,4638.2000,13629,0,291056760.000,0,-,-,-,-,4635.4000,4634.2000,4632.0000,4630.0000,4627.2000,4637.4000,4638.2000,4639.0000,4639.6000,4640.8000,1,1,1,1,5,1,1,4,2,1
SF,IC2006,2019-11-19 09:36:14.700,4638.2000,13629,0,291056760.000,0,-,-,-,-,4635.4000,4634.2000,4632.0000,4630.0000,4627.2000,4637.4000,4639.0000,4639.6000,4640.8000,4641.4000,1,1,1,1,5,1,4,2,1,2
SF,IC2006,2019-11-19 09:36:15.200,4637.4000,13629,0,291984240.000,1,0,1,多换,S,4635.4000,4634.2000,4632.0000,4630.0000,4627.2000,4637.4000,4638.4000,4639.0000,4639.6000,4640.8000,1,1,1,1,5,1,1,4,2,1
SF,IC2006,2019-11-19 09:36:15.700,4637.4000,13628,-1,292911720.000,1,0,1,双平,S,4635.4000,4634.2000,4632.0000,4630.0000,4627.2000,4639.0000,4639.6000,4640.8000,4641.4000,4641.6000,1,1,1,1,5,4,2,1,2,1
