市场代码,合约代码,时间,最新,持仓,增仓,成交额,成交量,开仓,平仓,成交类型,方向,买一价,买二价,买三价,买四价,买五价,卖一价,卖二价,卖三价,卖四价,卖五价,买一量,买二量,买三量,买四量,买五量,卖一量,卖二量,卖三量,卖四量,卖五量
SF,IC2003,2020-01-03 09:29:00.400,5342.2000,55284,0,16026600.000,15.000,-,-,-,-,5342.0000,5341.2000,5339.0000,5338.4000,5338.2000,5348.8000,5349.0000,5350.0000,5350.2000,5352.0000,1,1,1,1,1,1,1,1,1,1
SF,IC2003,2020-01-03 09:30:00.400,5348.4000,55283,-1,20305840.000,4,1,3,多平,S,5348.6000,5348.4000,5346.0000,5345.8000,5345.6000,5349.0000,5350.2000,5350.6000,5352.0000,5353.0000,1,1,1,1,1,5,1,1,2,1
SF,IC2003,2020-01-03 09:30:00.900,5348.8000,55273,-10,31003480.000,10,0,10,双平,S,5346.0000,5345.8000,5344.6000,5344.2000,5343.0000,5349.0000,5349.8000,5350.2000,5350.6000,5351.2000,1,1,1,2,5,2,1,1,1,2
SF,IC2003,2020-01-03 09:30:01.400,5348.8000,55273,0,31003480.000,0,-,-,-,-,5346.2000,5346.0000,5344.8000,5344.2000,5343.0000,5348.0000,5348.6000,5348.8000,5349.0000,5349.8000,2,1,2,2,4,1,1,2,2,1
SF,IC2003,2020-01-03 09:30:01.900,5346.2000,55272,-1,32072720.000,1,0,1,双平,S,5344.8000,5343.0000,5342.8000,5342.6000,5342.2000,5347.0000,5347.8000,5348.0000,5348.2000,5349.0000,2,4,4,1,2,1,2,2,1,2
SF,IC2003,2020-01-03 09:30:02.400,5343.0000,55275,3,38485440.000,6,4,2,空开,S,5343.4000,5343.0000,5342.8000,5342.2000,5342.0000,5346.0000,5346.8000,5348.0000,5348.2000,5349.0000,2,1,4,2,4,1,2,2,1,2
SF,IC2003,2020-01-03 09:30:02.900,5343.2000,55274,-1,39554080.000,1,0,1,双平,S,5344.8000,5343.8000,5343.6000,5343.4000,5343.0000,5345.8000,5346.0000,5348.0000,5348.2000,5349.0000,2,2,7,2,1,2,2,1,1,2
SF,IC2003,2020-01-03 09:30:03.400,5345.8000,55274,0,40623240.000,1,0,1,多换,S,5345.0000,5343.8000,5343.6000,5343.4000,5343.0000,5348.0000,5348.2000,5349.0000,5349.8000,5350.2000,7,2,1,2,1,1,1,2,1,1
SF,IC2003,2020-01-03 09:30:03.900,5345.8000,55274,0,40623240.000,0,-,-,-,-,5346.0000,5345.2000,5343.8000,5343.4000,5343.0000,5347.8000,5348.0000,5349.0000,5349.8000,5350.2000,5,1,2,2,1,1,1,2,1,1
SF,IC2003,2020-01-03 09:30:04.400,5347.8000,55273,-1,41692800.000,1,0,1,双平,S,5346.2000,5345.2000,5343.8000,5343.4000,5343.0000,5348.0000,5349.0000,5349.8000,5350.2000,5350.6000,7,1,2,2,1,1,2,1,1,3
SF,IC2003,2020-01-03 09:30:04.900,5348.0000,55270,-3,45970840.000,4,0,4,多平,S,5348.0000,5345.2000,5343.8000,5343.4000,5343.0000,5349.0000,5349.8000,5350.2000,5350.6000,5351.2000,2,1,2,2,1,2,1,1,3,2
SF,IC2003,2020-01-03 09:30:05.400,5348.0000,55268,-2,49179640.000,3,0,3,多平,S,5345.2000,5345.0000,5343.8000,5343.4000,5343.0000,5348.2000,5348.8000,5349.0000,5349.8000,5350.2000,1,20,2,2,1,1,2,2,1,1
SF,IC2003,2020-01-03 09:30:05.900,5348.2000,55267,-1,52388520.000,3,1,2,多平,S,5345.6000,5345.4000,5345.2000,5345.0000,5343.8000,5348.8000,5349.0000,5349.8000,5350.2000,5350.6000,2,2,1,20,2,2,2,1,1,3
SF,IC2003,2020-01-03 09:30:06.400,5348.2000,55267,0,52388520.000,0,-,-,-,-,5348.0000,5345.8000,5345.6000,5345.4000,5345.0000,5348.6000,5348.8000,5349.0000,5349.8000,5350.2000,1,3,1,1,20,2,1,2,1,1
SF,IC2003,2020-01-03 09:30:06.900,5345.8000,55267,0,54527280.000,2,1,1,多换,S,5345.8000,5345.6000,5345.0000,5343.8000,5343.4000,5348.0000,5348.4000,5348.6000,5348.8000,5349.0000,1,1,20,2,2,2,1,1,1,2
SF,IC2003,2020-01-03 09:30:07.400,5348.0000,55265,-2,56666480.000,2,0,2,双平,S,5348.0000,5345.8000,5345.6000,5345.0000,5343.8000,5348.4000,5348.8000,5349.0000,5349.8000,5350.2000,1,1,2,20,2,1,1,2,1,1
SF,IC2003,2020-01-03 09:30:07.900,5347.8000,55264,-1,58805640.000,2,0,2,多平,S,5345.8000,5345.6000,5345.0000,5343.8000,5343.4000,5348.4000,5348.8000,5349.0000,5349.8000,5350.2000,1,2,20,2,2,1,1,2,1,1
SF,IC2003,2020-01-03 09:30:08.400,5347.8000,55264,0,58805640.000,0,-,-,-,-,5346.0000,5345.8000,5345.6000,5345.0000,5343.8000,5348.2000,5348.4000,5348.8000,5349.0000,5349.8000,1,1,2,20,2,1,1,1,2,1
SF,IC2003,2020-01-03 09:30:08.900,5348.2000,55262,-2,62014520.000,3,0,3,多平,S,5346.2000,5345.6000,5345.0000,5343.8000,5343.4000,5348.2000,5348.4000,5348.8000,5349.0000,5349.8000,1,2,20,2,2,1,1,1,2,1
SF,IC2003,2020-01-03 09:30:09.400,5348.2000,55262,0,62014520.000,0,-,-,-,-,5346.2000,5345.6000,5345.0000,5343.8000,5343.4000,5348.2000,5348.4000,5348.6000,5348.8000,5349.0000,1,2,20,2,2,1,1,1,1,2
SF,IC2003,2020-01-03 09:30:09.900,5348.6000,55262,0,65223560.000,3,1,2,多换,S,5346.2000,5345.6000,5345.0000,5343.8000,5343.4000,5348.0000,5348.8000,5349.0000,5349.8000,5350.2000,1,2,20,2,2,1,1,2,1,1
SF,IC2003,2020-01-03 09:30:10.400,5348.2000,55260,-2,67362800.000,2,0,2,双平,S,5346.4000,5346.2000,5345.6000,5345.0000,5343.8000,5348.8000,5349.0000,5349.8000,5350.2000,5350.6000,2,2,2,20,2,1,2,1,1,3
SF,IC2003,2020-01-03 09:30:10.900,5348.2000,55260,0,67362800.000,0,-,-,-,-,5346.6000,5346.4000,5346.2000,5345.6000,5345.0000,5348.8000,5349.0000,5349.8000,5350.2000,5350.6000,1,1,1,2,20,1,2,1,1,3
SF,IC2003,2020-01-03 09:30:11.400,5348.0000,55259,-1,68432400.000,1,0,1,双平,S,5348.0000,5346.8000,5346.6000,5345.6000,5345.0000,5348.6000,5348.8000,5349.0000,5349.8000,5350.2000,2,2,1,2,20,2,1,2,1,1
SF,IC2003,2020-01-03 09:30:11.900,5348.0000,55257,-2,70571600.000,2,0,2,双平,S,5346.8000,5346.6000,5345.6000,5345.0000,5343.8000,5348.6000,5348.8000,5349.0000,5349.8000,5350.2000,2,1,2,20,2,2,1,2,1,1
SF,IC2003,2020-01-03 09:30:12.400,5347.0000,55256,-1,71641000.000,1,0,1,双平,S,5347.0000,5346.8000,5345.6000,5345.0000,5343.8000,5348.6000,5348.8000,5349.0000,5349.8000,5350.2000,1,2,2,20,2,1,1,2,1,1
SF,IC2003,2020-01-03 09:30:12.900,5347.0000,55256,0,71641000.000,0,-,-,-,-,5347.4000,5347.2000,5347.0000,5346.8000,5345.6000,5348.6000,5348.8000,5349.0000,5349.8000,5350.2000,1,1,3,2,2,1,1,2,1,1
SF,IC2003,2020-01-03 09:30:13.400,5347.6000,55255,-1,73780240.000,2,0,2,多平,S,5347.0000,5346.8000,5345.6000,5345.0000,5343.8000,5348.0000,5348.2000,5348.6000,5348.8000,5349.0000,3,2,2,20,2,1,1,1,1,2
SF,IC2003,2020-01-03 09:30:13.900,5348.6000,55252,-3,76989200.000,3,0,3,双平,S,5347.4000,5347.0000,5346.8000,5345.6000,5345.0000,5348.8000,5349.0000,5349.8000,5350.2000,5350.6000,2,3,2,2,20,1,2,1,1,3
SF,IC2003,2020-01-03 09:30:14.400,5348.6000,55252,0,76989200.000,0,-,-,-,-,5347.6000,5347.0000,5346.8000,5345.6000,5345.0000,5348.8000,5349.0000,5349.8000,5350.2000,5350.6000,2,2,2,2,20,1,2,1,1,3
SF,IC2003,2020-01-03 09:30:14.900,5348.6000,55252,0,76989200.000,0,-,-,-,-,5347.8000,5347.6000,5346.8000,5345.6000,5345.0000,5348.8000,5349.0000,5349.8000,5350.2000,5350.6000,2,2,1,2,20,1,2,1,1,3
SF,IC2003,2020-01-03 09:30:15.400,5348.6000,55251,-1,78058920.000,1,0,1,双平,S,5348.0000,5347.8000,5346.8000,5345.6000,5345.0000,5348.6000,5348.8000,5349.0000,5349.8000,5350.2000,1,2,1,2,20,1,1,2,1,1
SF,IC2003,2020-01-03 09:30:15.900,5347.8000,55250,-1,82337440.000,4,1,3,多平,S,5346.8000,5345.6000,5345.0000,5343.8000,5343.4000,5348.8000,5349.0000,5349.8000,5350.2000,5350.6000,1,2,20,2,2,1,2,1,1,3
SF,IC2003,2020-01-03 09:30:16.400,5347.6000,55249,-1,84476720.000,2,0,2,多平,S,5347.6000,5347.2000,5347.0000,5346.8000,5345.6000,5347.8000,5349.0000,5349.8000,5350.2000,5350.6000,1,2,1,2,2,1,2,1,1,1
SF,IC2003,2020-01-03 09:30:16.900,5347.8000,55249,0,85546280.000,1,0,1,多换,S,5348.0000,5347.8000,5347.2000,5346.8000,5345.6000,5348.4000,5349.0000,5349.8000,5350.2000,5350.6000,1,3,3,2,2,1,3,2,1,1
SF,IC2003,2020-01-03 09:30:17.400,5348.4000,55249,0,87685560.000,2,1,1,多换,S,5347.8000,5347.2000,5346.8000,5345.6000,5345.0000,5349.0000,5349.8000,5350.2000,5350.6000,5350.8000,1,1,1,2,20,3,2,1,1,1
SF,IC2003,2020-01-03 09:30:17.900,5348.4000,55249,0,87685560.000,0,-,-,-,-,5348.0000,5347.8000,5347.2000,5346.8000,5345.6000,5348.8000,5349.0000,5349.8000,5350.2000,5350.6000,1,1,1,1,2,1,3,2,1,1
SF,IC2003,2020-01-03 09:30:18.400,5348.4000,55249,0,87685560.000,0,-,-,-,-,5348.6000,5348.0000,5347.8000,5346.8000,5345.6000,5348.8000,5349.0000,5349.8000,5350.2000,5350.6000,1,2,1,1,2,1,3,2,1,1
SF,IC2003,2020-01-03 09:30:18.900,5348.8000,55248,-1,88755320.000,1,0,1,双平,S,5348.6000,5348.0000,5347.8000,5346.8000,5345.6000,5349.0000,5349.8000,5350.2000,5350.6000,5350.8000,1,2,2,1,2,3,2,1,1,1
SF,IC2003,2020-01-03 09:30:19.400,5348.6000,55250,2,96243800.000,7,4,3,空开,S,5348.0000,5347.8000,5346.8000,5345.6000,5345.0000,5349.8000,5350.2000,5350.6000,5350.8000,5351.2000,2,2,2,2,20,2,1,1,1,2
SF,IC2003,2020-01-03 09:30:19.900,5349.8000,55249,-1,97313760.000,1,0,1,双平,S,5348.4000,5348.2000,5348.0000,5347.8000,5346.8000,5349.8000,5350.2000,5350.6000,5350.8000,5351.2000,1,2,2,2,2,1,1,1,1,2
SF,IC2003,2020-01-03 09:30:20.400,5349.8000,55249,0,97313760.000,0,-,-,-,-,5348.8000,5348.6000,5348.4000,5348.2000,5347.8000,5349.8000,5350.2000,5350.6000,5350.8000,5351.2000,1,2,1,2,2,1,1,1,1,2
SF,IC2003,2020-01-03 09:30:20.900,5349.8000,55249,0,97313760.000,0,-,-,-,-,5349.0000,5348.8000,5348.4000,5348.2000,5347.8000,5349.8000,5350.2000,5350.6000,5350.8000,5351.2000,1,1,1,2,2,1,1,1,1,2
SF,IC2003,2020-01-03 09:30:21.400,5349.8000,55249,0,97313760.000,0,-,-,-,-,5349.0000,5348.8000,5348.2000,5347.8000,5346.8000,5349.8000,5350.2000,5350.6000,5350.8000,5351.2000,3,1,1,2,2,1,1,1,1,2
SF,IC2003,2020-01-03 09:30:21.900,5349.8000,55249,0,97313760.000,0,-,-,-,-,5349.0000,5348.8000,5348.2000,5347.8000,5346.8000,5349.8000,5350.2000,5350.6000,5350.8000,5351.2000,3,1,1,1,2,1,1,1,1,2
SF,IC2003,2020-01-03 09:30:22.400,5349.8000,55248,-1,98383720.000,1,0,1,双平,S,5349.8000,5349.0000,5348.8000,5348.2000,5347.8000,5350.2000,5350.6000,5350.8000,5351.2000,5351.4000,1,3,1,1,1,1,1,1,2,1
SF,IC2003,2020-01-03 09:30:22.900,5349.0000,55245,-3,101593280.000,3,0,3,双平,S,5348.2000,5347.8000,5346.8000,5345.0000,5343.8000,5348.8000,5350.2000,5350.6000,5350.8000,5351.2000,1,1,2,20,2,6,1,1,1,2
SF,IC2003,2020-01-03 09:30:23.400,5348.8000,55242,-3,108011920.000,6,1,5,多平,S,5348.2000,5347.8000,5346.8000,5345.0000,5343.8000,5350.2000,5350.6000,5350.8000,5351.2000,5351.4000,1,1,2,20,2,1,1,1,2,1
SF,IC2003,2020-01-03 09:30:23.900,5348.8000,55242,0,108011920.000,0,-,-,-,-,5349.8000,5348.4000,5348.2000,5347.8000,5346.8000,5350.0000,5350.2000,5350.6000,5350.8000,5351.2000,2,1,1,1,2,3,1,1,1,2
SF,IC2003,2020-01-03 09:30:24.400,5349.8000,55240,-2,110151840.000,2,0,2,双平,S,5348.4000,5348.2000,5347.8000,5346.8000,5345.0000,5349.8000,5350.0000,5350.2000,5350.6000,5350.8000,1,1,1,2,20,1,6,1,1,1
SF,IC2003,2020-01-03 09:30:24.900,5349.8000,55240,0,111221800.000,1,0,1,多换,S,5348.4000,5348.2000,5347.8000,5346.8000,5345.0000,5350.0000,5350.2000,5350.6000,5350.8000,5351.2000,1,1,1,2,20,4,1,1,1,2
SF,IC2003,2020-01-03 09:30:25.400,5350.0000,55240,0,112291800.000,1,0,1,多换,S,5348.6000,5348.4000,5348.2000,5347.8000,5346.8000,5350.0000,5350.2000,5350.6000,5350.8000,5351.2000,1,3,1,1,2,3,1,1,1,2
SF,IC2003,2020-01-03 09:30:25.900,5350.0000,55240,0,112291800.000,0,-,-,-,-,5348.8000,5348.6000,5348.4000,5348.2000,5347.8000,5350.0000,5350.2000,5350.6000,5350.8000,5351.2000,1,1,2,1,1,3,1,1,1,2
SF,IC2003,2020-01-03 09:30:26.400,5350.0000,55240,0,112291800.000,0,-,-,-,-,5349.2000,5348.8000,5348.6000,5348.4000,5348.2000,5350.0000,5350.2000,5350.6000,5350.8000,5351.2000,1,2,1,1,1,3,1,1,1,2
SF,IC2003,2020-01-03 09:30:26.900,5350.0000,55239,-1,113361800.000,1,0,1,双平,S,5349.2000,5348.8000,5348.6000,5348.4000,5348.2000,5350.0000,5350.2000,5350.6000,5350.8000,5351.2000,1,2,1,1,1,2,1,1,1,2
SF,IC2003,2020-01-03 09:30:27.400,5349.2000,55238,-1,115501640.000,2,0,2,多平,S,5348.8000,5348.6000,5348.4000,5348.2000,5347.8000,5350.0000,5350.2000,5350.6000,5350.8000,5351.4000,1,1,1,1,1,1,1,1,1,1
SF,IC2003,2020-01-03 09:30:27.900,5350.0000,55238,0,116571640.000,1,0,1,多换,S,5349.0000,5348.8000,5348.6000,5348.4000,5348.2000,5350.2000,5350.6000,5350.8000,5351.4000,5352.0000,1,1,1,1,1,1,1,1,1,1
SF,IC2003,2020-01-03 09:30:28.400,5350.0000,55238,0,116571640.000,0,-,-,-,-,5349.0000,5348.8000,5348.6000,5348.2000,5347.8000,5350.2000,5350.6000,5350.8000,5351.4000,5352.0000,1,2,1,1,1,1,1,1,1,1
SF,IC2003,2020-01-03 09:30:28.900,5350.0000,55238,0,116571640.000,0,-,-,-,-,5349.0000,5348.8000,5348.6000,5348.2000,5347.8000,5350.2000,5350.6000,5350.8000,5351.4000,5352.0000,1,2,1,1,2,1,1,1,1,1
SF,IC2003,2020-01-03 09:30:29.400,5350.2000,55238,0,117641680.000,1,0,1,多换,S,5350.2000,5349.0000,5348.8000,5348.6000,5348.2000,5350.6000,5350.8000,5351.4000,5352.0000,5353.0000,1,1,2,1,1,1,1,1,1,1
SF,IC2003,2020-01-03 09:30:29.900,5350.2000,55238,0,118711720.000,1,0,1,多换,S,5349.0000,5348.8000,5348.6000,5348.2000,5347.8000,5350.2000,5350.6000,5350.8000,5351.4000,5352.0000,1,2,1,1,2,1,1,1,1,1
SF,IC2003,2020-01-03 09:30:30.400,5350.2000,55238,0,118711720.000,0,-,-,-,-,5349.0000,5348.8000,5348.6000,5348.2000,5347.8000,5350.0000,5350.2000,5350.6000,5350.8000,5351.4000,1,2,1,1,2,1,1,1,1,1
SF,IC2003,2020-01-03 09:30:30.900,5350.2000,55238,0,118711720.000,0,-,-,-,-,5349.0000,5348.8000,5348.2000,5347.8000,5346.8000,5349.8000,5350.2000,5350.6000,5350.8000,5351.4000,1,2,1,2,1,1,1,1,1,1
SF,IC2003,2020-01-03 09:30:31.400,5349.8000,55237,-1,119781680.000,1,0,1,双平,S,5349.0000,5348.8000,5348.2000,5347.8000,5346.8000,5350.2000,5350.6000,5350.8000,5351.4000,5352.0000,2,2,1,2,1,1,1,1,1,1
SF,IC2003,2020-01-03 09:30:31.900,5349.8000,55237,0,119781680.000,0,-,-,-,-,5349.4000,5349.2000,5349.0000,5348.8000,5348.2000,5350.2000,5350.6000,5350.8000,5351.4000,5352.0000,1,1,2,2,1,1,1,1,1,1
SF,IC2003,2020-01-03 09:30:32.400,5349.0000,55234,-3,124061240.000,4,0,4,多平,S,5348.8000,5348.2000,5347.8000,5346.8000,5346.2000,5350.6000,5350.8000,5351.4000,5352.0000,5352.8000,2,1,2,1,1,1,1,1,1,1
SF,IC2003,2020-01-03 09:30:32.900,5349.0000,55234,0,124061240.000,0,-,-,-,-,5349.0000,5348.8000,5348.2000,5347.8000,5346.8000,5350.0000,5350.4000,5350.6000,5350.8000,5351.4000,1,2,1,2,1,1,3,1,1,1
SF,IC2003,2020-01-03 09:30:33.400,5350.0000,55234,0,125131240.000,1,0,1,多换,S,5350.0000,5349.0000,5348.8000,5348.2000,5347.8000,5350.2000,5350.4000,5350.6000,5350.8000,5351.4000,19,1,2,1,2,1,2,1,1,1
SF,IC2003,2020-01-03 09:30:33.900,5350.0000,55233,-1,128341280.000,3,1,2,多平,S,5350.2000,5350.0000,5348.8000,5348.2000,5347.8000,5350.4000,5350.6000,5350.8000,5351.4000,5352.0000,1,17,2,1,2,2,1,1,1,1
SF,IC2003,2020-01-03 09:30:34.400,5350.0000,55232,-1,132621480.000,4,1,3,多平,S,5350.0000,5348.8000,5348.2000,5347.8000,5346.8000,5350.2000,5350.6000,5350.8000,5351.4000,5352.0000,17,2,2,2,1,1,1,2,1,1
SF,IC2003,2020-01-03 09:30:34.900,5350.2000,55231,-1,133691520.000,1,0,1,双平,S,5350.0000,5348.8000,5348.2000,5347.8000,5346.8000,5350.6000,5350.8000,5351.4000,5352.0000,5352.8000,17,2,2,2,1,1,2,1,1,1
SF,IC2003,2020-01-03 09:30:35.400,5350.0000,55232,1,140111600.000,6,3,3,空开,S,5350.0000,5348.8000,5348.2000,5347.8000,5346.8000,5350.2000,5350.4000,5350.6000,5350.8000,5351.4000,12,2,2,2,1,1,1,1,2,1
SF,IC2003,2020-01-03 09:30:35.900,5350.2000,55241,9,154021640.000,13,11,2,空开,S,5350.2000,5348.8000,5348.2000,5347.8000,5346.8000,5350.4000,5350.6000,5350.8000,5351.4000,5352.0000,1,2,2,2,1,1,1,2,1,1
SF,IC2003,2020-01-03 09:30:36.400,5350.2000,55241,0,155091680.000,1,0,1,多换,S,5349.8000,5348.8000,5348.6000,5348.2000,5348.0000,5350.4000,5350.6000,5350.8000,5351.4000,5352.0000,3,2,1,2,1,1,1,2,1,1
SF,IC2003,2020-01-03 09:30:36.900,5350.4000,55241,0,156161760.000,1,0,1,多换,S,5350.4000,5350.2000,5349.8000,5348.8000,5348.6000,5350.6000,5350.8000,5351.4000,5352.0000,5352.8000,1,1,3,2,1,1,2,1,1,1
SF,IC2003,2020-01-03 09:30:37.400,5350.6000,55239,-2,158301960.000,2,0,2,双平,S,5350.6000,5350.2000,5349.8000,5348.8000,5348.6000,5350.8000,5351.4000,5352.0000,5352.8000,5353.0000,2,1,3,2,1,2,1,1,1,1
SF,IC2003,2020-01-03 09:30:37.900,5350.2000,55237,-2,162582280.000,4,1,3,多平,S,5349.8000,5348.8000,5348.6000,5348.2000,5348.0000,5350.0000,5350.8000,5351.4000,5352.0000,5352.8000,3,2,1,2,1,2,2,1,1,1
SF,IC2003,2020-01-03 09:30:38.400,5350.0000,55235,-2,164722280.000,2,0,2,双平,S,5349.8000,5348.8000,5348.6000,5348.2000,5348.0000,5350.8000,5351.4000,5352.0000,5352.8000,5353.0000,3,2,1,2,1,2,1,1,1,1
SF,IC2003,2020-01-03 09:30:38.900,5350.0000,55235,0,164722280.000,0,-,-,-,-,5349.8000,5348.8000,5348.6000,5348.2000,5348.0000,5350.6000,5350.8000,5351.4000,5352.0000,5352.8000,3,2,1,2,1,2,2,1,1,1
SF,IC2003,2020-01-03 09:30:39.400,5350.0000,55234,-1,165792280.000,1,0,1,双平,S,5350.0000,5349.8000,5348.8000,5348.6000,5348.2000,5350.6000,5350.8000,5351.4000,5352.0000,5352.8000,1,3,2,1,2,2,2,1,1,1
SF,IC2003,2020-01-03 09:30:39.900,5350.0000,55234,0,165792280.000,0,-,-,-,-,5350.0000,5349.8000,5349.4000,5348.8000,5348.6000,5350.6000,5350.8000,5351.0000,5351.4000,5352.0000,1,3,1,2,1,2,2,1,1,1
SF,IC2003,2020-01-03 09:30:40.400,5350.0000,55234,0,165792280.000,0,-,-,-,-,5350.0000,5349.8000,5349.4000,5348.8000,5348.6000,5350.6000,5350.8000,5351.0000,5351.4000,5352.0000,1,3,1,2,1,3,2,1,1,1
SF,IC2003,2020-01-03 09:30:40.900,5350.0000,55234,0,165792280.000,0,-,-,-,-,5350.0000,5349.8000,5349.4000,5348.8000,5348.6000,5350.6000,5350.8000,5351.0000,5351.4000,5352.0000,1,4,1,2,1,3,2,1,1,1
SF,IC2003,2020-01-03 09:30:41.400,5350.6000,55233,-1,167932400.000,2,0,2,多平,S,5349.8000,5349.4000,5348.8000,5348.6000,5348.2000,5350.6000,5350.8000,5351.0000,5351.4000,5352.0000,4,1,2,1,2,2,2,1,1,1
SF,IC2003,2020-01-03 09:30:42.400,5350.6000,55233,0,169002520.000,1,0,1,多换,S,5349.8000,5349.4000,5348.8000,5348.6000,5348.2000,5350.6000,5350.8000,5351.0000,5351.4000,5352.0000,4,1,2,1,2,1,2,1,1,1
SF,IC2003,2020-01-03 09:30:42.900,5350.4000,55233,0,171142560.000,2,1,1,多换,S,5349.8000,5349.4000,5348.8000,5348.6000,5348.2000,5350.4000,5350.6000,5350.8000,5351.0000,5351.4000,3,1,2,1,2,1,1,2,1,1
SF,IC2003,2020-01-03 09:30:43.400,5350.4000,55233,0,171142560.000,0,-,-,-,-,5349.8000,5349.4000,5348.8000,5348.6000,5348.2000,5350.4000,5350.6000,5350.8000,5351.0000,5351.4000,3,1,2,1,2,1,1,2,1,1
SF,IC2003,2020-01-03 09:30:43.900,5350.4000,55233,0,172212640.000,1,0,1,多换,S,5349.8000,5349.4000,5348.8000,5348.6000,5348.2000,5350.6000,5350.8000,5351.0000,5351.4000,5352.0000,3,1,2,1,2,1,2,1,1,1
SF,IC2003,2020-01-03 09:30:44.400,5350.4000,55233,0,172212640.000,0,-,-,-,-,5349.8000,5349.4000,5348.8000,5348.6000,5348.2000,5350.2000,5350.6000,5350.8000,5351.0000,5351.4000,3,1,2,1,2,1,1,2,1,1
SF,IC2003,2020-01-03 09:30:44.900,5350.2000,55231,-2,174352720.000,2,0,2,双平,S,5349.8000,5349.4000,5348.8000,5348.6000,5348.2000,5350.6000,5350.8000,5351.0000,5351.4000,5352.0000,3,1,2,1,2,1,2,1,1,1
SF,IC2003,2020-01-03 09:30:45.900,5349.8000,55231,0,175422680.000,1,0,1,多换,S,5349.8000,5349.4000,5348.8000,5348.6000,5348.2000,5350.2000,5350.6000,5350.8000,5351.0000,5351.4000,2,1,2,1,2,1,1,2,1,1
SF,IC2003,2020-01-03 09:30:46.400,5350.6000,55229,-2,177562840.000,2,0,2,双平,S,5350.6000,5349.8000,5349.4000,5348.8000,5348.6000,5350.8000,5351.0000,5351.4000,5352.0000,5352.8000,2,2,1,2,1,2,1,1,1,1
SF,IC2003,2020-01-03 09:30:46.900,5350.6000,55227,-2,179703080.000,2,0,2,双平,S,5349.8000,5349.4000,5349.0000,5348.8000,5348.6000,5350.8000,5351.0000,5351.4000,5352.0000,5352.8000,2,1,1,2,1,2,1,1,1,1
SF,IC2003,2020-01-03 09:30:47.400,5350.6000,55226,-1,180773200.000,1,0,1,双平,S,5349.8000,5349.4000,5349.0000,5348.8000,5348.6000,5350.8000,5351.0000,5351.4000,5352.0000,5352.8000,2,1,1,2,1,2,1,1,1,1
SF,IC2003,2020-01-03 09:30:47.900,5350.6000,55226,0,180773200.000,0,-,-,-,-,5349.8000,5349.4000,5349.0000,5348.8000,5348.6000,5350.8000,5351.0000,5351.4000,5352.0000,5352.8000,2,1,1,2,1,2,1,1,1,1
SF,IC2003,2020-01-03 09:30:48.400,5350.8000,55226,0,181843360.000,1,0,1,多换,S,5349.8000,5349.4000,5349.0000,5348.8000,5348.6000,5350.8000,5351.0000,5351.4000,5352.0000,5352.8000,2,1,1,2,1,1,1,1,1,1
SF,IC2003,2020-01-03 09:30:48.900,5350.8000,55226,0,181843360.000,0,-,-,-,-,5349.8000,5349.4000,5349.0000,5348.8000,5348.6000,5350.8000,5351.0000,5351.4000,5352.0000,5352.8000,2,1,1,2,1,1,1,1,1,1
SF,IC2003,2020-01-03 09:30:49.400,5350.8000,55226,0,183983680.000,2,1,1,多换,S,5350.8000,5349.8000,5349.4000,5349.0000,5348.8000,5351.0000,5351.4000,5352.0000,5353.0000,5353.4000,1,2,1,1,2,1,1,1,1,2
SF,IC2003,2020-01-03 09:30:49.900,5350.8000,55226,0,185053840.000,1,0,1,多换,S,5349.8000,5349.4000,5349.0000,5348.8000,5348.6000,5350.6000,5350.8000,5351.0000,5351.4000,5352.0000,2,1,1,2,1,1,1,1,1,1
SF,IC2003,2020-01-03 09:30:50.400,5350.8000,55225,-1,186124000.000,1,0,1,双平,S,5350.8000,5350.0000,5349.8000,5349.4000,5349.0000,5351.0000,5351.4000,5352.0000,5353.0000,5353.4000,1,2,2,1,1,1,1,1,1,2
SF,IC2003,2020-01-03 09:30:50.900,5351.0000,55225,0,188264400.000,2,1,1,多换,S,5350.8000,5350.4000,5350.0000,5349.8000,5349.4000,5351.4000,5352.0000,5353.0000,5353.4000,5353.6000,1,1,1,2,1,1,1,1,2,1
SF,IC2003,2020-01-03 09:30:51.400,5351.0000,55224,-1,189334600.000,1,0,1,双平,S,5350.8000,5350.4000,5350.0000,5349.8000,5349.4000,5351.4000,5352.0000,5353.0000,5353.4000,5353.6000,1,1,1,2,1,1,1,1,2,1
SF,IC2003,2020-01-03 09:30:51.900,5350.8000,55223,-1,190404760.000,1,0,1,双平,S,5350.4000,5350.0000,5349.8000,5349.6000,5349.4000,5351.4000,5352.0000,5353.0000,5353.4000,5353.6000,1,1,2,1,1,1,1,1,2,1
SF,IC2003,2020-01-03 09:30:52.400,5350.8000,55223,0,190404760.000,0,-,-,-,-,5350.4000,5350.0000,5349.8000,5349.6000,5349.4000,5351.0000,5351.4000,5352.0000,5353.0000,5353.4000,1,1,2,1,1,1,1,1,1,2
SF,IC2003,2020-01-03 09:30:52.900,5350.8000,55223,0,190404760.000,0,-,-,-,-,5350.4000,5350.0000,5349.8000,5349.6000,5349.4000,5350.6000,5351.0000,5351.4000,5352.0000,5353.0000,1,1,2,1,1,1,1,1,1,1
SF,IC2003,2020-01-03 09:30:53.900,5350.8000,55223,0,190404760.000,0,-,-,-,-,5350.4000,5350.0000,5349.8000,5349.6000,5349.4000,5350.6000,5350.8000,5351.0000,5351.4000,5352.0000,1,1,2,1,1,1,1,1,1,1
SF,IC2003,2020-01-03 09:30:54.400,5350.4000,55223,0,191474840.000,1,0,1,多换,S,5350.0000,5349.8000,5349.6000,5349.4000,5349.0000,5350.4000,5350.6000,5350.8000,5351.0000,5351.4000,1,2,1,1,1,4,1,1,1,1
SF,IC2003,2020-01-03 09:30:54.900,5350.4000,55222,-1,192544920.000,1,0,1,双平,S,5350.2000,5350.0000,5349.8000,5349.6000,5349.4000,5350.4000,5350.6000,5350.8000,5351.0000,5351.4000,1,1,2,1,1,3,1,1,1,1
SF,IC2003,2020-01-03 09:30:55.400,5350.4000,55222,0,192544920.000,0,-,-,-,-,5350.2000,5349.8000,5349.6000,5349.4000,5349.0000,5350.4000,5350.6000,5350.8000,5351.0000,5351.4000,1,2,1,1,1,3,1,1,1,1
SF,IC2003,2020-01-03 09:30:55.900,5350.2000,55221,-1,193614960.000,1,0,1,双平,S,5349.8000,5349.6000,5349.4000,5349.0000,5348.6000,5350.4000,5350.6000,5350.8000,5351.0000,5351.4000,2,2,1,1,1,3,1,1,1,1
SF,IC2003,2020-01-03 09:30:57.400,5350.4000,55220,-1,194685040.000,1,0,1,双平,S,5349.8000,5349.6000,5349.4000,5349.0000,5348.6000,5350.4000,5350.6000,5350.8000,5351.0000,5351.4000,2,2,1,1,1,2,1,1,1,1
SF,IC2003,2020-01-03 09:30:57.900,5350.4000,55219,-1,195755120.000,1,0,1,双平,S,5349.8000,5349.6000,5349.4000,5349.0000,5348.6000,5350.4000,5350.6000,5350.8000,5351.0000,5351.4000,2,2,1,1,1,1,1,1,1,1
SF,IC2003,2020-01-03 09:30:58.400,5350.4000,55219,0,195755120.000,0,-,-,-,-,5350.0000,5349.8000,5349.6000,5349.4000,5349.0000,5350.4000,5350.6000,5350.8000,5351.0000,5351.4000,1,2,2,1,1,1,1,1,1,1
SF,IC2003,2020-01-03 09:30:58.900,5350.4000,55219,0,195755120.000,0,-,-,-,-,5350.0000,5349.8000,5349.6000,5349.4000,5349.0000,5350.4000,5350.6000,5350.8000,5351.0000,5351.4000,1,2,2,1,1,1,1,1,1,1
SF,IC2003,2020-01-03 09:30:59.400,5350.4000,55218,-1,196825200.000,1,0,1,双平,S,5350.0000,5349.8000,5349.6000,5349.4000,5349.0000,5350.6000,5350.8000,5351.0000,5351.4000,5352.0000,1,2,2,1,1,1,1,1,1,2
SF,IC2003,2020-01-03 09:30:59.900,5350.0000,55219,1,197895200.000,1,1,0,双开,S,5349.8000,5349.6000,5349.4000,5349.0000,5348.6000,5350.4000,5350.6000,5350.8000,5351.0000,5351.4000,2,2,1,1,1,1,1,1,1,1
SF,IC2003,2020-01-03 09:31:00.400,5350.4000,55218,-1,198965280.000,1,0,1,双平,S,5349.8000,5349.6000,5349.4000,5349.0000,5348.6000,5350.6000,5350.8000,5351.0000,5351.4000,5352.0000,2,2,1,1,1,1,1,1,1,2
SF,IC2003,2020-01-03 09:31:00.900,5350.4000,55218,0,198965280.000,0,-,-,-,-,5349.8000,5349.6000,5349.4000,5349.0000,5348.6000,5350.6000,5350.8000,5351.0000,5352.0000,5353.0000,2,2,1,1,1,1,1,1,3,1
SF,IC2003,2020-01-03 09:31:01.400,5351.0000,55218,0,205385640.000,6,3,3,多换,S,5349.6000,5349.4000,5349.0000,5348.6000,5348.2000,5350.0000,5352.0000,5353.0000,5353.4000,5353.6000,2,1,1,1,2,1,3,1,2,1
SF,IC2003,2020-01-03 09:31:01.900,5350.2000,55216,-2,209665520.000,4,1,3,多平,S,5350.6000,5349.4000,5349.0000,5348.6000,5348.2000,5352.0000,5353.0000,5353.4000,5353.6000,5353.8000,2,1,1,1,2,3,1,2,1,1
SF,IC2003,2020-01-03 09:31:02.400,5350.6000,55214,-2,211805760.000,2,0,2,双平,S,5349.4000,5349.0000,5348.6000,5348.2000,5348.0000,5350.4000,5350.6000,5351.4000,5351.6000,5351.8000,1,1,1,2,1,3,7,1,1,2
SF,IC2003,2020-01-03 09:31:02.900,5350.6000,55214,0,211805760.000,0,-,-,-,-,5349.6000,5349.4000,5349.0000,5348.6000,5348.2000,5349.8000,5350.2000,5350.4000,5350.6000,5351.6000,1,1,1,1,2,1,1,3,2,1
SF,IC2003,2020-01-03 09:31:03.400,5349.8000,55213,-1,212875720.000,1,0,1,双平,S,5349.8000,5349.4000,5349.0000,5348.6000,5348.2000,5350.2000,5350.4000,5351.6000,5351.8000,5352.0000,2,1,1,1,2,1,1,1,1,3
SF,IC2003,2020-01-03 09:31:04.400,5349.8000,55213,0,215015640.000,2,1,1,多换,S,5349.4000,5349.0000,5348.6000,5348.2000,5348.0000,5350.4000,5351.6000,5351.8000,5352.0000,5353.0000,1,1,1,2,1,1,1,1,3,1
SF,IC2003,2020-01-03 09:31:04.900,5350.4000,55212,-1,216085720.000,1,0,1,双平,S,5349.4000,5349.0000,5348.6000,5348.2000,5348.0000,5351.6000,5351.8000,5352.0000,5353.0000,5353.4000,1,1,1,2,1,1,1,3,1,2
SF,IC2003,2020-01-03 09:31:05.400,5350.4000,55212,0,216085720.000,0,-,-,-,-,5350.2000,5349.6000,5349.4000,5349.0000,5348.6000,5351.4000,5351.8000,5352.0000,5353.0000,5353.4000,2,2,1,1,1,1,1,3,1,2
SF,IC2003,2020-01-03 09:31:05.900,5350.2000,55212,0,218225800.000,2,1,1,多换,S,5349.6000,5349.4000,5349.0000,5348.6000,5348.2000,5350.6000,5351.2000,5351.4000,5351.8000,5352.0000,2,1,1,1,2,1,2,2,1,3
SF,IC2003,2020-01-03 09:31:06.400,5350.2000,55212,0,218225800.000,0,-,-,-,-,5349.6000,5349.4000,5349.0000,5348.6000,5348.2000,5351.2000,5351.4000,5352.0000,5353.0000,5353.4000,2,1,1,1,2,1,1,3,1,2
SF,IC2003,2020-01-03 09:31:06.900,5351.0000,55212,0,220365920.000,2,1,1,多换,S,5350.0000,5349.4000,5349.0000,5348.6000,5348.2000,5351.2000,5352.0000,5353.0000,5353.4000,5353.6000,1,1,1,1,2,1,3,1,2,1
SF,IC2003,2020-01-03 09:31:07.400,5351.0000,55212,0,220365920.000,0,-,-,-,-,5350.0000,5349.4000,5349.0000,5348.6000,5348.2000,5350.6000,5351.2000,5352.0000,5353.0000,5353.4000,1,1,1,1,2,1,1,2,1,2
SF,IC2003,2020-01-03 09:31:07.900,5351.0000,55212,0,220365920.000,0,-,-,-,-,5350.0000,5349.4000,5349.0000,5348.6000,5348.2000,5350.6000,5351.2000,5352.0000,5353.0000,5353.4000,1,1,1,1,2,1,1,2,1,2
SF,IC2003,2020-01-03 09:31:08.900,5351.0000,55212,0,220365920.000,0,-,-,-,-,5350.0000,5349.4000,5349.0000,5348.6000,5348.2000,5350.6000,5352.0000,5353.0000,5353.4000,5353.6000,1,1,1,1,2,1,2,1,2,1
SF,IC2003,2020-01-03 09:31:09.400,5350.0000,55210,-2,223576160.000,3,0,3,多平,S,5349.4000,5349.0000,5348.6000,5348.2000,5348.0000,5352.0000,5353.0000,5353.4000,5353.6000,5354.0000,1,1,1,2,1,2,1,2,1,10
SF,IC2003,2020-01-03 09:31:09.900,5350.0000,55211,1,224646160.000,1,1,0,双开,S,5349.8000,5349.6000,5349.4000,5349.0000,5348.6000,5351.8000,5352.0000,5353.0000,5353.4000,5353.6000,2,3,1,1,1,3,2,2,2,1
SF,IC2003,2020-01-03 09:31:10.400,5350.0000,55211,0,224646160.000,0,-,-,-,-,5350.0000,5349.8000,5349.6000,5349.4000,5349.0000,5351.6000,5351.8000,5352.0000,5353.0000,5353.4000,2,2,2,1,1,1,3,2,2,2
SF,IC2003,2020-01-03 09:31:10.900,5350.0000,55210,-1,225716160.000,1,0,1,双平,S,5350.0000,5349.8000,5349.6000,5349.4000,5349.0000,5351.4000,5351.6000,5351.8000,5352.0000,5353.0000,1,2,1,1,1,2,1,1,2,2
SF,IC2003,2020-01-03 09:31:11.400,5350.0000,55210,0,225716160.000,0,-,-,-,-,5350.4000,5350.2000,5349.8000,5349.4000,5349.0000,5351.4000,5351.6000,5351.8000,5352.0000,5353.0000,1,2,2,1,1,2,2,1,2,2
SF,IC2003,2020-01-03 09:31:11.900,5350.8000,55209,-1,226786320.000,1,0,1,双平,S,5350.2000,5349.8000,5349.4000,5349.0000,5348.6000,5351.2000,5351.4000,5351.6000,5351.8000,5352.0000,2,2,1,1,1,1,2,2,1,2
SF,IC2003,2020-01-03 09:31:12.400,5351.2000,55209,0,228926760.000,2,1,1,多换,S,5350.2000,5349.8000,5349.4000,5349.0000,5348.6000,5351.4000,5351.6000,5351.8000,5352.0000,5353.0000,2,2,1,1,1,1,2,1,2,2
SF,IC2003,2020-01-03 09:31:12.900,5351.2000,55209,0,228926760.000,0,-,-,-,-,5350.4000,5350.2000,5349.8000,5349.4000,5349.0000,5351.4000,5351.6000,5352.0000,5353.0000,5353.4000,1,2,2,1,1,2,2,2,2,2
SF,IC2003,2020-01-03 09:31:13.400,5351.4000,55206,-3,235347120.000,6,1,5,多平,S,5349.4000,5349.0000,5348.6000,5348.2000,5348.0000,5351.6000,5352.0000,5353.0000,5353.4000,5353.6000,1,2,1,2,1,2,2,2,2,1
SF,IC2003,2020-01-03 09:31:13.900,5351.4000,55206,0,235347120.000,0,-,-,-,-,5349.6000,5349.4000,5349.0000,5348.6000,5348.2000,5351.4000,5351.6000,5352.0000,5353.0000,5353.4000,2,1,2,1,2,1,1,2,2,2
SF,IC2003,2020-01-03 09:31:14.400,5351.6000,55204,-2,237487720.000,2,0,2,双平,S,5351.2000,5350.8000,5350.0000,5349.8000,5349.6000,5352.0000,5353.0000,5353.6000,5354.0000,5354.2000,1,2,3,3,2,2,2,1,10,3
SF,IC2003,2020-01-03 09:31:14.900,5351.6000,55204,0,237487720.000,0,-,-,-,-,5351.4000,5350.8000,5350.0000,5349.8000,5349.6000,5352.0000,5353.0000,5353.6000,5354.0000,5354.2000,2,1,2,2,1,2,2,1,10,3
SF,IC2003,2020-01-03 09:31:15.400,5352.0000,55202,-2,239628400.000,2,0,2,双平,S,5350.8000,5350.0000,5349.8000,5349.4000,5349.0000,5352.0000,5353.0000,5353.6000,5354.0000,5354.2000,1,3,1,1,2,1,2,1,10,3
SF,IC2003,2020-01-03 09:31:15.900,5352.0000,55202,0,241769080.000,2,1,1,多换,S,5351.0000,5350.8000,5350.0000,5349.4000,5349.0000,5353.0000,5353.6000,5354.0000,5354.2000,5354.6000,4,3,3,1,2,2,1,10,3,1
SF,IC2003,2020-01-03 09:31:16.400,5352.0000,55202,0,241769080.000,0,-,-,-,-,5352.2000,5352.0000,5351.4000,5351.2000,5351.0000,5353.0000,5353.6000,5354.0000,5354.2000,5354.6000,1,2,2,3,4,2,1,10,3,1
SF,IC2003,2020-01-03 09:31:16.900,5353.0000,55200,-2,243910280.000,2,0,2,双平,S,5351.4000,5351.2000,5351.0000,5350.8000,5350.0000,5353.6000,5354.0000,5354.2000,5354.6000,5355.0000,2,3,3,1,3,1,10,3,1,2
SF,IC2003,2020-01-03 09:31:17.400,5353.6000,55200,0,248192720.000,4,2,2,多换,S,5353.6000,5352.2000,5351.8000,5351.6000,5351.4000,5354.0000,5354.2000,5354.6000,5355.0000,5356.0000,2,1,1,5,1,10,3,1,2,2
SF,IC2003,2020-01-03 09:31:17.900,5353.6000,55200,0,250334160.000,2,1,1,多换,S,5353.4000,5352.2000,5351.8000,5351.6000,5351.4000,5354.0000,5354.2000,5354.6000,5355.0000,5356.0000,1,1,1,4,1,10,3,1,2,2
SF,IC2003,2020-01-03 09:31:18.400,5354.0000,55200,0,252475640.000,2,1,1,多换,S,5352.2000,5351.8000,5351.6000,5351.4000,5351.2000,5354.0000,5354.2000,5354.6000,5355.0000,5356.0000,1,1,3,1,1,9,3,1,2,2
SF,IC2003,2020-01-03 09:31:18.900,5354.0000,55198,-2,254617240.000,2,0,2,双平,S,5353.2000,5352.6000,5352.4000,5352.2000,5351.8000,5354.0000,5354.2000,5354.6000,5355.0000,5356.0000,1,2,4,1,1,7,3,1,2,2
SF,IC2003,2020-01-03 09:31:19.400,5354.0000,55198,0,259971240.000,5,2,3,多换,S,5353.4000,5352.6000,5352.4000,5352.2000,5351.8000,5354.0000,5354.2000,5354.6000,5355.0000,5356.0000,1,1,2,1,1,2,3,1,2,2
SF,IC2003,2020-01-03 09:31:19.900,5354.0000,55196,-2,262112840.000,2,0,2,双平,S,5354.0000,5353.4000,5352.6000,5352.4000,5352.2000,5354.2000,5354.6000,5355.0000,5356.0000,5357.0000,2,1,1,2,1,3,1,2,2,1
SF,IC2003,2020-01-03 09:31:20.400,5354.6000,55192,-4,266396280.000,4,0,4,双平,S,5354.4000,5354.2000,5354.0000,5352.6000,5352.4000,5355.0000,5356.0000,5357.0000,5358.0000,5358.8000,1,2,2,1,2,2,2,1,1,1
SF,IC2003,2020-01-03 09:31:20.900,5355.0000,55192,0,268538280.000,2,1,1,多换,S,5354.6000,5354.4000,5354.2000,5354.0000,5352.6000,5355.0000,5356.0000,5357.0000,5358.0000,5358.8000,1,1,3,2,1,1,2,1,1,1
SF,IC2003,2020-01-03 09:31:21.400,5358.8000,55187,-5,274966440.000,6,0,6,多平,S,5355.0000,5354.8000,5354.6000,5354.4000,5354.2000,5359.0000,5360.0000,5361.2000,5362.2000,5363.0000,1,1,1,1,3,4,2,2,1,1
SF,IC2003,2020-01-03 09:31:21.900,5358.8000,55186,-1,278181720.000,3,1,2,多平,S,5355.2000,5355.0000,5354.6000,5354.4000,5354.2000,5358.6000,5358.8000,5359.0000,5360.0000,5361.2000,2,1,1,1,4,1,3,4,2,2
SF,IC2003,2020-01-03 09:31:22.400,5358.6000,55185,-1,279253440.000,1,0,1,双平,S,5355.4000,5355.2000,5355.0000,5354.6000,5354.4000,5358.4000,5358.6000,5358.8000,5359.0000,5360.0000,3,2,1,1,1,3,2,2,4,2
SF,IC2003,2020-01-03 09:31:22.900,5358.6000,55185,0,279253440.000,0,-,-,-,-,5355.6000,5355.4000,5355.2000,5355.0000,5354.6000,5358.4000,5358.6000,5358.8000,5359.0000,5360.0000,2,3,1,1,1,3,1,2,4,2
SF,IC2003,2020-01-03 09:31:23.400,5358.4000,55184,-1,282468520.000,3,1,2,多平,S,5355.8000,5355.6000,5355.4000,5355.2000,5355.0000,5358.6000,5358.8000,5359.0000,5360.0000,5361.2000,2,2,1,1,1,1,1,4,2,2
SF,IC2003,2020-01-03 09:31:23.900,5358.4000,55183,-1,284611400.000,2,0,2,多平,S,5356.0000,5355.8000,5355.6000,5355.2000,5355.0000,5358.6000,5358.8000,5359.0000,5360.0000,5361.2000,2,2,1,1,1,1,1,4,2,2
SF,IC2003,2020-01-03 09:31:24.400,5358.4000,55183,0,284611400.000,0,-,-,-,-,5356.2000,5356.0000,5355.6000,5355.2000,5355.0000,5358.4000,5358.8000,5359.0000,5360.0000,5361.2000,1,2,1,1,1,2,1,4,2,2
SF,IC2003,2020-01-03 09:31:24.900,5358.4000,55183,0,284611400.000,0,-,-,-,-,5356.4000,5356.2000,5356.0000,5355.6000,5355.0000,5358.4000,5358.8000,5359.0000,5360.0000,5361.2000,1,1,1,1,1,2,1,4,2,2
SF,IC2003,2020-01-03 09:31:25.400,5358.4000,55183,0,284611400.000,0,-,-,-,-,5356.2000,5356.0000,5355.0000,5354.6000,5354.4000,5358.0000,5358.2000,5358.4000,5358.8000,5359.0000,1,1,1,1,1,2,2,2,1,4
SF,IC2003,2020-01-03 09:31:25.900,5358.4000,55183,0,289969800.000,5,2,3,多换,S,5356.4000,5356.2000,5356.0000,5355.0000,5354.6000,5358.0000,5358.2000,5358.4000,5358.8000,5359.0000,1,1,1,1,1,1,1,1,1,4
SF,IC2003,2020-01-03 09:31:26.400,5358.0000,55181,-2,292113000.000,2,0,2,双平,S,5356.4000,5356.2000,5356.0000,5355.0000,5354.6000,5358.2000,5358.4000,5358.8000,5359.0000,5360.0000,1,1,1,1,1,1,1,1,4,2
SF,IC2003,2020-01-03 09:31:26.900,5356.6000,55180,-1,293184320.000,1,0,1,双平,S,5356.4000,5356.2000,5356.0000,5355.0000,5354.6000,5357.8000,5358.0000,5358.2000,5358.4000,5358.8000,1,1,1,1,1,1,3,1,1,1
SF,IC2003,2020-01-03 09:31:27.400,5356.4000,55179,-1,294255600.000,1,0,1,双平,S,5356.0000,5355.0000,5354.6000,5354.2000,5354.0000,5357.6000,5357.8000,5358.0000,5358.2000,5358.4000,1,1,1,3,1,1,1,2,1,1
SF,IC2003,2020-01-03 09:31:27.900,5356.4000,55179,0,294255600.000,0,-,-,-,-,5356.2000,5355.2000,5355.0000,5354.6000,5354.2000,5357.8000,5358.0000,5358.2000,5358.4000,5358.8000,1,1,1,1,3,1,2,1,1,1
SF,IC2003,2020-01-03 09:31:28.400,5356.4000,55179,0,294255600.000,0,-,-,-,-,5356.2000,5355.2000,5355.0000,5354.6000,5354.2000,5357.6000,5357.8000,5358.0000,5358.2000,5358.4000,1,1,1,1,3,3,1,2,1,1
SF,IC2003,2020-01-03 09:31:28.900,5356.4000,55179,0,294255600.000,0,-,-,-,-,5356.2000,5355.2000,5355.0000,5354.6000,5354.2000,5357.6000,5357.8000,5358.0000,5358.2000,5358.4000,1,1,1,1,3,1,1,2,1,1
SF,IC2003,2020-01-03 09:31:29.400,5356.4000,55179,0,294255600.000,0,-,-,-,-,5356.2000,5355.2000,5355.0000,5354.6000,5354.2000,5357.8000,5358.0000,5358.2000,5358.4000,5359.0000,1,1,1,1,3,1,2,1,1,4
SF,IC2003,2020-01-03 09:31:29.900,5356.4000,55179,0,295326880.000,1,0,1,多换,S,5356.2000,5355.2000,5355.0000,5354.6000,5354.2000,5357.6000,5357.8000,5358.0000,5358.2000,5358.4000,1,1,1,1,3,2,2,2,1,1
SF,IC2003,2020-01-03 09:31:30.400,5356.4000,55179,0,295326880.000,0,-,-,-,-,5356.2000,5355.2000,5355.0000,5354.6000,5354.2000,5357.6000,5357.8000,5358.0000,5358.2000,5358.4000,1,1,2,1,2,2,2,3,1,1
SF,IC2003,2020-01-03 09:31:30.900,5356.4000,55179,0,295326880.000,0,-,-,-,-,5356.2000,5355.2000,5355.0000,5354.6000,5354.2000,5357.6000,5357.8000,5358.0000,5358.2000,5358.4000,1,1,2,1,2,2,2,3,1,1
SF,IC2003,2020-01-03 09:31:31.400,5357.6000,55179,0,296398400.000,1,0,1,多换,S,5356.2000,5355.2000,5355.0000,5354.6000,5354.2000,5357.8000,5358.0000,5358.2000,5358.4000,5359.0000,1,1,2,1,2,2,3,1,1,4
SF,IC2003,2020-01-03 09:31:31.900,5357.6000,55179,0,296398400.000,0,-,-,-,-,5356.2000,5355.2000,5355.0000,5354.6000,5354.2000,5357.6000,5357.8000,5358.0000,5358.2000,5358.4000,1,1,2,1,2,1,2,3,1,1
SF,IC2003,2020-01-03 09:31:32.400,5357.6000,55179,0,296398400.000,0,-,-,-,-,5356.2000,5355.2000,5355.0000,5354.6000,5354.2000,5357.6000,5357.8000,5358.0000,5358.2000,5358.4000,1,1,2,1,2,1,2,3,1,1
SF,IC2003,2020-01-03 09:31:32.900,5356.2000,55178,-1,297469640.000,1,0,1,双平,S,5355.2000,5355.0000,5354.6000,5354.2000,5354.0000,5356.2000,5357.4000,5357.8000,5358.0000,5358.2000,1,2,1,2,1,4,2,2,3,1
SF,IC2003,2020-01-03 09:31:33.400,5356.2000,55178,0,298540880.000,1,0,1,多换,S,5355.4000,5355.2000,5355.0000,5354.6000,5354.2000,5356.2000,5357.4000,5357.8000,5358.0000,5359.0000,1,1,2,1,2,3,2,2,1,4
SF,IC2003,2020-01-03 09:31:33.900,5356.2000,55178,0,299612120.000,1,0,1,多换,S,5355.4000,5355.2000,5355.0000,5354.6000,5354.2000,5356.2000,5357.4000,5357.8000,5358.0000,5359.0000,1,1,2,1,2,2,2,2,1,4
SF,IC2003,2020-01-03 09:31:34.400,5356.2000,55178,0,299612120.000,0,-,-,-,-,5355.4000,5355.2000,5355.0000,5354.6000,5354.2000,5356.2000,5357.4000,5357.8000,5358.0000,5358.6000,1,1,2,1,2,2,2,2,1,1
SF,IC2003,2020-01-03 09:31:34.900,5356.2000,55178,0,302825840.000,3,1,2,多换,S,5356.2000,5355.4000,5355.2000,5355.0000,5354.6000,5357.4000,5357.8000,5358.0000,5358.6000,5359.0000,11,1,1,2,1,2,2,1,1,4
SF,IC2003,2020-01-03 09:31:35.400,5355.2000,55172,-6,316751600.000,13,3,10,多平,S,5355.0000,5354.2000,5354.0000,5353.4000,5352.6000,5356.0000,5356.2000,5356.8000,5357.2000,5357.4000,2,1,2,1,1,1,1,1,1,8
SF,IC2003,2020-01-03 09:31:35.900,5355.2000,55172,0,316751600.000,0,-,-,-,-,5355.2000,5355.0000,5354.2000,5354.0000,5353.4000,5356.0000,5356.2000,5357.4000,5357.8000,5358.0000,1,2,1,2,1,1,1,5,2,1
SF,IC2003,2020-01-03 09:31:36.400,5356.0000,55172,0,317822800.000,1,0,1,多换,S,5356.0000,5355.2000,5355.0000,5354.2000,5354.0000,5356.2000,5357.4000,5357.8000,5358.0000,5359.0000,9,3,2,1,2,1,2,2,1,4
SF,IC2003,2020-01-03 09:31:36.900,5356.2000,55171,-1,318894040.000,1,0,1,双平,S,5356.2000,5356.0000,5355.2000,5355.0000,5354.2000,5357.4000,5357.8000,5358.0000,5359.0000,5359.4000,1,9,3,2,1,2,2,1,4,2
SF,IC2003,2020-01-03 09:31:37.400,5357.4000,55171,0,324251440.000,5,2,3,多换,S,5357.4000,5356.0000,5355.2000,5355.0000,5354.2000,5357.8000,5358.0000,5359.0000,5359.4000,5360.0000,9,9,3,2,1,2,1,4,2,3
SF,IC2003,2020-01-03 09:31:37.900,5357.4000,55171,0,333894760.000,9,4,5,多换,S,5356.0000,5355.2000,5355.0000,5354.2000,5354.0000,5357.6000,5357.8000,5358.0000,5359.0000,5359.4000,9,3,2,1,2,2,2,2,4,2
SF,IC2003,2020-01-03 09:31:38.400,5357.6000,55171,0,334966280.000,1,0,1,多换,S,5356.4000,5356.2000,5356.0000,5355.2000,5355.0000,5357.6000,5357.8000,5358.0000,5359.0000,5359.4000,2,2,9,2,2,1,2,2,4,2
SF,IC2003,2020-01-03 09:31:38.900,5357.6000,55171,0,334966280.000,0,-,-,-,-,5356.6000,5356.0000,5355.2000,5355.0000,5354.2000,5357.6000,5357.8000,5358.0000,5359.0000,5359.4000,2,9,2,2,1,1,2,2,4,2
SF,IC2003,2020-01-03 09:31:39.400,5357.6000,55171,0,334966280.000,0,-,-,-,-,5356.6000,5356.0000,5355.2000,5355.0000,5354.2000,5357.6000,5357.8000,5358.0000,5359.0000,5359.4000,1,9,1,2,1,3,2,2,4,2
SF,IC2003,2020-01-03 09:31:39.900,5356.6000,55170,-1,336037600.000,1,0,1,双平,S,5356.0000,5355.2000,5355.0000,5354.2000,5354.0000,5357.6000,5357.8000,5358.0000,5359.0000,5359.4000,9,1,2,1,2,3,2,2,4,2
SF,IC2003,2020-01-03 09:31:40.400,5356.6000,55170,0,336037600.000,0,-,-,-,-,5356.2000,5356.0000,5355.2000,5355.0000,5354.2000,5357.6000,5357.8000,5358.0000,5359.0000,5359.4000,2,9,1,2,1,3,2,2,4,2
SF,IC2003,2020-01-03 09:31:40.900,5356.2000,55167,-3,339251880.000,3,0,3,双平,S,5356.2000,5356.0000,5355.2000,5355.0000,5354.2000,5357.4000,5357.6000,5357.8000,5358.0000,5359.0000,1,9,1,2,1,1,1,2,2,4
SF,IC2003,2020-01-03 09:31:41.400,5356.2000,55167,0,339251880.000,0,-,-,-,-,5357.4000,5356.2000,5356.0000,5355.2000,5355.0000,5357.6000,5357.8000,5358.0000,5359.0000,5359.4000,1,1,9,1,2,1,2,2,4,2
SF,IC2003,2020-01-03 09:31:41.900,5357.4000,55166,-1,340323360.000,1,0,1,双平,S,5356.2000,5356.0000,5355.2000,5355.0000,5354.2000,5357.6000,5357.8000,5358.0000,5359.0000,5359.4000,1,9,1,2,1,1,2,2,4,2
SF,IC2003,2020-01-03 09:31:42.900,5357.4000,55166,0,340323360.000,0,-,-,-,-,5356.2000,5356.0000,5355.2000,5355.0000,5354.2000,5357.6000,5357.8000,5358.0000,5359.0000,5359.4000,1,9,1,2,1,1,2,2,4,2
SF,IC2003,2020-01-03 09:31:43.400,5357.4000,55166,0,340323360.000,0,-,-,-,-,5356.2000,5356.0000,5355.2000,5355.0000,5354.2000,5357.6000,5357.8000,5358.0000,5359.0000,5359.4000,1,9,1,1,1,1,2,2,4,2
SF,IC2003,2020-01-03 09:31:43.900,5357.4000,55166,0,340323360.000,0,-,-,-,-,5356.2000,5356.0000,5355.2000,5355.0000,5354.4000,5357.6000,5357.8000,5358.0000,5359.0000,5359.4000,1,9,1,1,1,1,2,2,4,2
SF,IC2003,2020-01-03 09:31:44.400,5356.2000,55165,-1,342465840.000,2,0,2,多平,S,5356.0000,5355.2000,5355.0000,5354.4000,5354.2000,5357.6000,5357.8000,5358.0000,5359.0000,5359.4000,9,1,1,1,1,1,2,1,4,2
SF,IC2003,2020-01-03 09:31:44.900,5356.0000,55165,0,343537040.000,1,0,1,多换,S,5356.0000,5355.2000,5355.0000,5354.4000,5354.2000,5357.4000,5357.6000,5357.8000,5358.0000,5359.0000,8,1,1,1,1,5,1,2,1,4
SF,IC2003,2020-01-03 09:31:45.400,5356.0000,55165,0,343537040.000,0,-,-,-,-,5356.0000,5355.2000,5355.0000,5354.4000,5354.2000,5356.2000,5357.4000,5357.6000,5357.8000,5358.0000,8,1,1,1,1,1,5,1,2,1
SF,IC2003,2020-01-03 09:31:45.900,5356.0000,55168,3,348893120.000,5,4,1,空开,S,5356.0000,5355.2000,5355.0000,5354.4000,5354.2000,5357.4000,5357.8000,5359.0000,5359.4000,5360.0000,5,1,1,1,1,1,2,4,2,3
SF,IC2003,2020-01-03 09:31:46.400,5356.0000,55168,0,348893120.000,0,-,-,-,-,5356.0000,5355.2000,5355.0000,5354.4000,5354.2000,5357.2000,5357.4000,5357.8000,5359.0000,5359.4000,5,1,1,1,1,1,5,2,4,2
SF,IC2003,2020-01-03 09:31:46.900,5357.0000,55166,-2,355320680.000,6,2,4,多平,S,5356.2000,5356.0000,5355.2000,5355.0000,5354.4000,5357.0000,5357.2000,5357.4000,5357.8000,5359.0000,1,1,1,1,1,1,1,4,2,4
SF,IC2003,2020-01-03 09:31:47.400,5356.0000,55165,-1,357463120.000,2,0,2,多平,S,5355.2000,5355.0000,5354.4000,5354.2000,5354.0000,5356.0000,5356.6000,5357.2000,5357.4000,5357.8000,1,1,1,1,1,3,1,1,4,2
SF,IC2003,2020-01-03 09:31:47.900,5355.2000,55164,-1,358534160.000,1,0,1,双平,S,5355.0000,5354.4000,5354.2000,5354.0000,5353.0000,5355.2000,5355.8000,5356.0000,5356.6000,5357.2000,1,1,1,1,2,4,1,9,1,1
SF,IC2003,2020-01-03 09:31:48.400,5355.0000,55164,0,359605160.000,1,0,1,多换,S,5354.4000,5354.2000,5354.0000,5353.0000,5352.6000,5354.8000,5355.2000,5355.8000,5356.0000,5356.6000,1,1,1,2,2,2,4,1,9,1
SF,IC2003,2020-01-03 09:31:48.900,5354.4000,55164,0,360676040.000,1,0,1,多换,S,5354.2000,5354.0000,5353.0000,5352.6000,5350.0000,5354.4000,5354.8000,5355.2000,5355.8000,5356.0000,1,1,2,1,9,1,1,4,1,8
SF,IC2003,2020-01-03 09:31:49.400,5355.2000,55163,-1,364959680.000,4,1,3,多平,S,5353.0000,5352.6000,5350.0000,5349.0000,5348.6000,5355.2000,5356.0000,5356.6000,5357.2000,5357.4000,2,1,9,2,1,3,8,1,1,2
SF,IC2003,2020-01-03 09:31:49.900,5355.2000,55163,0,364959680.000,0,-,-,-,-,5352.6000,5350.0000,5349.0000,5348.6000,5348.2000,5355.0000,5355.2000,5356.0000,5356.6000,5357.4000,1,9,2,1,1,5,3,8,1,2
SF,IC2003,2020-01-03 09:31:50.400,5352.6000,55162,-1,366030200.000,1,0,1,双平,S,5352.6000,5350.0000,5349.0000,5348.6000,5348.2000,5354.6000,5354.8000,5355.0000,5355.2000,5356.0000,1,9,2,1,1,1,1,4,3,8
SF,IC2003,2020-01-03 09:31:50.900,5354.4000,55162,0,367101080.000,1,0,1,多换,S,5352.8000,5352.6000,5350.0000,5349.0000,5348.6000,5354.4000,5354.6000,5355.0000,5355.2000,5356.0000,2,2,9,2,1,2,1,3,3,8
SF,IC2003,2020-01-03 09:31:51.400,5354.4000,55162,0,368171960.000,1,0,1,多换,S,5352.8000,5352.6000,5350.0000,5349.0000,5348.6000,5354.2000,5354.4000,5355.0000,5355.2000,5356.0000,1,1,9,2,1,1,1,3,3,8
SF,IC2003,2020-01-03 09:31:51.900,5354.4000,55162,0,368171960.000,0,-,-,-,-,5353.0000,5350.0000,5349.0000,5348.6000,5348.2000,5354.2000,5354.4000,5355.0000,5355.2000,5356.0000,1,9,2,1,1,2,1,3,3,8
SF,IC2003,2020-01-03 09:31:52.400,5353.2000,55161,-1,369242600.000,1,0,1,双平,S,5350.0000,5349.0000,5348.6000,5348.2000,5348.0000,5354.0000,5354.2000,5355.0000,5355.2000,5356.0000,9,2,1,1,1,1,2,3,3,8
SF,IC2003,2020-01-03 09:31:52.900,5353.2000,55161,0,369242600.000,0,-,-,-,-,5350.8000,5350.4000,5350.2000,5350.0000,5349.0000,5353.8000,5354.0000,5354.2000,5355.0000,5355.2000,1,2,5,9,2,1,2,1,3,3
SF,IC2003,2020-01-03 09:31:53.400,5353.6000,55161,0,370313320.000,1,0,1,多换,S,5351.0000,5350.8000,5350.4000,5350.2000,5350.0000,5353.8000,5354.2000,5355.0000,5355.2000,5356.0000,3,1,2,4,9,1,1,1,3,8
SF,IC2003,2020-01-03 09:31:53.900,5353.6000,55161,0,370313320.000,0,-,-,-,-,5351.2000,5351.0000,5350.8000,5350.4000,5350.2000,5353.6000,5355.2000,5356.0000,5356.6000,5357.8000,3,3,1,2,4,2,3,8,1,2
SF,IC2003,2020-01-03 09:31:54.400,5353.6000,55161,0,371384040.000,1,0,1,多换,S,5351.4000,5351.2000,5351.0000,5350.4000,5350.2000,5353.6000,5355.2000,5356.0000,5356.6000,5357.8000,1,3,2,2,4,1,3,8,1,2
SF,IC2003,2020-01-03 09:31:54.900,5353.6000,55161,0,371384040.000,0,-,-,-,-,5351.4000,5351.2000,5350.4000,5350.2000,5350.0000,5353.4000,5353.6000,5355.2000,5356.0000,5356.6000,1,2,2,1,9,1,1,3,8,1
SF,IC2003,2020-01-03 09:31:55.400,5353.6000,55161,0,371384040.000,0,-,-,-,-,5351.6000,5351.4000,5350.2000,5350.0000,5349.0000,5353.0000,5353.2000,5353.4000,5355.2000,5356.0000,1,1,1,9,2,1,3,1,3,8
SF,IC2003,2020-01-03 09:31:55.900,5353.6000,55161,0,371384040.000,0,-,-,-,-,5351.8000,5351.6000,5350.0000,5349.0000,5348.6000,5353.0000,5353.2000,5353.4000,5355.2000,5356.0000,2,2,9,2,1,1,3,1,3,8
SF,IC2003,2020-01-03 09:31:56.400,5353.0000,55162,1,372454640.000,1,1,0,双开,S,5351.8000,5350.8000,5350.0000,5349.0000,5348.6000,5353.0000,5353.2000,5353.4000,5355.2000,5356.0000,1,1,10,2,1,1,3,1,3,7
SF,IC2003,2020-01-03 09:31:56.900,5353.0000,55162,0,372454640.000,0,-,-,-,-,5351.8000,5350.8000,5350.0000,5349.0000,5348.6000,5353.0000,5353.2000,5353.4000,5355.2000,5356.0000,1,1,10,2,1,1,3,1,3,8
SF,IC2003,2020-01-03 09:31:57.400,5353.0000,55162,0,372454640.000,0,-,-,-,-,5351.8000,5350.8000,5350.0000,5349.0000,5348.6000,5352.8000,5353.0000,5353.2000,5353.4000,5355.2000,1,1,10,2,1,1,1,2,1,3
SF,IC2003,2020-01-03 09:31:57.900,5352.8000,55161,-1,373525200.000,1,0,1,双平,S,5353.0000,5352.0000,5351.8000,5350.8000,5350.0000,5353.2000,5355.2000,5356.0000,5356.6000,5357.8000,1,1,2,1,10,2,3,8,1,2
SF,IC2003,2020-01-03 09:31:58.400,5353.0000,55161,0,374595800.000,1,0,1,多换,S,5351.8000,5350.8000,5350.0000,5349.0000,5348.6000,5353.0000,5353.2000,5355.2000,5356.0000,5356.6000,2,1,10,2,1,1,2,3,8,1
SF,IC2003,2020-01-03 09:31:58.900,5353.0000,55161,0,374595800.000,0,-,-,-,-,5351.8000,5350.8000,5350.0000,5349.0000,5348.6000,5352.8000,5353.2000,5355.2000,5356.0000,5356.6000,2,1,10,2,1,1,2,3,8,1
SF,IC2003,2020-01-03 09:31:59.400,5353.0000,55161,0,375666400.000,1,0,1,多换,S,5352.0000,5351.8000,5350.8000,5350.0000,5349.0000,5353.2000,5355.2000,5356.0000,5356.6000,5357.8000,1,2,1,10,2,2,3,8,1,2
SF,IC2003,2020-01-03 09:31:59.900,5352.2000,55160,-1,377807480.000,2,0,2,多平,S,5351.8000,5350.8000,5350.0000,5349.0000,5348.6000,5353.2000,5355.2000,5356.0000,5356.6000,5357.8000,1,2,10,2,1,1,3,7,1,2
SF,IC2003,2020-01-03 09:32:00.400,5353.2000,55159,-1,379948720.000,2,0,2,多平,S,5350.8000,5350.0000,5349.0000,5348.6000,5348.4000,5353.2000,5355.2000,5356.0000,5356.6000,5357.8000,2,10,2,1,1,1,3,7,1,2
SF,IC2003,2020-01-03 09:32:00.900,5353.2000,55159,0,379948720.000,0,-,-,-,-,5351.0000,5350.8000,5350.0000,5349.0000,5348.6000,5352.8000,5353.0000,5353.2000,5355.2000,5356.0000,2,2,10,2,1,1,1,1,3,7
SF,IC2003,2020-01-03 09:32:01.400,5352.8000,55158,-1,381019280.000,1,0,1,双平,S,5351.2000,5351.0000,5350.8000,5350.0000,5349.0000,5352.6000,5352.8000,5355.2000,5356.0000,5356.6000,1,2,2,10,2,1,1,3,7,1
SF,IC2003,2020-01-03 09:32:01.900,5352.8000,55158,0,385301520.000,4,2,2,多换,S,5350.8000,5350.0000,5349.6000,5349.0000,5348.6000,5352.6000,5355.2000,5356.0000,5356.6000,5357.8000,2,11,2,2,1,2,3,7,1,2
SF,IC2003,2020-01-03 09:32:02.400,5352.8000,55158,0,385301520.000,0,-,-,-,-,5350.8000,5350.0000,5349.6000,5349.0000,5348.6000,5352.4000,5352.6000,5355.2000,5356.0000,5356.6000,2,11,2,2,1,3,3,3,7,1
SF,IC2003,2020-01-03 09:32:02.900,5352.8000,55158,0,385301520.000,0,-,-,-,-,5350.8000,5350.0000,5349.0000,5348.6000,5348.4000,5352.2000,5352.4000,5352.6000,5355.2000,5356.0000,2,11,2,1,1,1,3,2,3,7
SF,IC2003,2020-01-03 09:32:03.400,5352.8000,55158,0,385301520.000,0,-,-,-,-,5350.8000,5350.0000,5349.0000,5348.6000,5348.4000,5352.0000,5352.2000,5352.4000,5352.6000,5355.2000,3,11,2,1,1,1,1,2,2,3
SF,IC2003,2020-01-03 09:32:03.900,5352.8000,55158,0,385301520.000,0,-,-,-,-,5351.0000,5350.8000,5350.0000,5349.0000,5348.6000,5352.0000,5352.2000,5352.4000,5352.6000,5355.2000,1,3,11,2,1,2,1,2,2,3
SF,IC2003,2020-01-03 09:32:04.400,5350.8000,55157,-1,389582240.000,4,1,3,多平,S,5350.0000,5349.0000,5348.6000,5348.4000,5348.2000,5350.8000,5352.0000,5352.2000,5352.6000,5355.2000,11,2,1,1,1,2,1,1,1,3
SF,IC2003,2020-01-03 09:32:04.900,5350.8000,55155,-2,391722560.000,2,0,2,双平,S,5350.2000,5350.0000,5349.0000,5348.6000,5348.4000,5352.0000,5352.2000,5352.6000,5355.2000,5356.0000,1,11,2,1,1,1,1,1,3,7
SF,IC2003,2020-01-03 09:32:05.400,5350.8000,55155,0,391722560.000,0,-,-,-,-,5350.2000,5350.0000,5349.0000,5348.6000,5348.4000,5351.8000,5352.0000,5352.6000,5355.2000,5356.0000,1,11,2,1,1,3,2,1,3,7
SF,IC2003,2020-01-03 09:32:05.900,5350.8000,55155,0,391722560.000,0,-,-,-,-,5350.2000,5350.0000,5349.0000,5348.6000,5348.4000,5350.8000,5351.6000,5351.8000,5352.0000,5352.6000,1,11,2,1,1,1,1,3,2,1
SF,IC2003,2020-01-03 09:32:06.400,5350.8000,55154,-1,393862760.000,2,0,2,多平,S,5350.0000,5349.0000,5348.6000,5348.4000,5348.2000,5351.6000,5351.8000,5352.0000,5352.6000,5353.4000,11,2,1,1,1,1,2,2,1,1
SF,IC2003,2020-01-03 09:32:06.900,5350.8000,55154,0,393862760.000,0,-,-,-,-,5350.0000,5349.0000,5348.6000,5348.4000,5348.2000,5351.4000,5351.6000,5351.8000,5352.0000,5352.6000,11,2,1,1,1,1,4,1,2,1
SF,IC2003,2020-01-03 09:32:07.400,5350.8000,55154,0,393862760.000,0,-,-,-,-,5350.2000,5350.0000,5349.0000,5348.6000,5348.4000,5351.4000,5351.6000,5351.8000,5352.0000,5352.6000,1,11,2,1,1,1,3,1,2,1
SF,IC2003,2020-01-03 09:32:07.900,5350.8000,55154,0,393862760.000,0,-,-,-,-,5350.0000,5349.0000,5348.6000,5348.4000,5348.2000,5351.4000,5351.6000,5351.8000,5352.0000,5352.6000,11,2,1,1,1,1,3,1,2,1
SF,IC2003,2020-01-03 09:32:08.900,5350.8000,55154,0,393862760.000,0,-,-,-,-,5350.0000,5349.0000,5348.6000,5348.4000,5348.2000,5350.8000,5351.4000,5351.6000,5351.8000,5352.0000,11,2,1,1,1,1,1,3,1,2
SF,IC2003,2020-01-03 09:32:09.400,5350.8000,55154,0,393862760.000,0,-,-,-,-,5350.2000,5350.0000,5349.0000,5348.6000,5348.4000,5350.8000,5351.4000,5351.6000,5351.8000,5352.0000,1,11,2,1,1,1,2,3,1,2
SF,IC2003,2020-01-03 09:32:09.900,5350.8000,55153,-1,394932920.000,1,0,1,双平,S,5351.0000,5350.2000,5350.0000,5349.0000,5348.6000,5351.4000,5351.6000,5351.8000,5352.0000,5352.6000,1,1,11,2,1,2,3,1,2,1
SF,IC2003,2020-01-03 09:32:10.400,5351.0000,55152,-1,396003120.000,1,0,1,双平,S,5350.2000,5350.0000,5349.0000,5348.6000,5348.4000,5350.8000,5351.0000,5351.4000,5351.6000,5351.8000,1,11,2,1,1,1,5,2,3,1
SF,IC2003,2020-01-03 09:32:10.900,5351.0000,55152,0,396003120.000,0,-,-,-,-,5350.2000,5350.0000,5349.0000,5348.6000,5348.4000,5350.8000,5351.0000,5351.4000,5351.6000,5351.8000,1,11,2,1,1,1,4,2,3,1
SF,IC2003,2020-01-03 09:32:11.400,5351.0000,55152,0,396003120.000,0,-,-,-,-,5350.0000,5349.0000,5348.6000,5348.4000,5348.2000,5350.8000,5351.0000,5351.4000,5351.6000,5351.8000,9,2,1,1,1,1,4,2,3,1
SF,IC2003,2020-01-03 09:32:11.900,5351.0000,55152,0,396003120.000,0,-,-,-,-,5350.0000,5349.0000,5348.6000,5348.4000,5348.2000,5350.8000,5351.0000,5351.4000,5351.6000,5351.8000,9,2,1,1,1,1,4,2,3,1
SF,IC2003,2020-01-03 09:32:12.400,5351.0000,55152,0,396003120.000,0,-,-,-,-,5350.0000,5349.0000,5348.6000,5348.4000,5348.2000,5350.8000,5351.4000,5351.6000,5351.8000,5352.0000,9,2,1,1,1,1,2,3,1,2
SF,IC2003,2020-01-03 09:32:12.900,5351.0000,55152,0,396003120.000,0,-,-,-,-,5350.0000,5349.0000,5348.6000,5348.4000,5348.2000,5350.8000,5351.4000,5351.6000,5351.8000,5352.0000,9,2,1,1,1,1,2,3,1,2
SF,IC2003,2020-01-03 09:32:13.900,5351.0000,55152,0,396003120.000,0,-,-,-,-,5350.0000,5349.0000,5348.6000,5348.4000,5348.2000,5350.8000,5351.0000,5351.4000,5351.6000,5351.8000,11,2,1,1,1,1,1,2,3,1
SF,IC2003,2020-01-03 09:32:14.400,5351.0000,55152,0,396003120.000,0,-,-,-,-,5350.0000,5349.0000,5348.6000,5348.4000,5348.2000,5350.2000,5350.8000,5351.0000,5351.4000,5351.6000,11,2,1,1,1,1,1,1,2,3
SF,IC2003,2020-01-03 09:32:14.900,5350.0000,55152,0,397073120.000,1,0,1,多换,S,5350.0000,5349.0000,5348.6000,5348.4000,5348.2000,5350.2000,5350.8000,5351.0000,5351.4000,5351.6000,11,2,1,1,1,1,1,1,2,3
SF,IC2003,2020-01-03 09:32:15.400,5350.0000,55149,-3,409913160.000,12,4,8,多平,S,5349.0000,5348.6000,5348.4000,5348.2000,5348.0000,5350.0000,5350.8000,5351.0000,5351.4000,5351.6000,2,1,1,1,1,9,1,1,2,3
SF,IC2003,2020-01-03 09:32:15.900,5350.0000,55149,0,409913160.000,0,-,-,-,-,5349.2000,5349.0000,5348.6000,5348.4000,5348.2000,5349.8000,5350.0000,5350.8000,5351.0000,5351.4000,1,2,1,1,1,1,9,1,1,2
SF,IC2003,2020-01-03 09:32:16.400,5349.8000,55148,-1,410983120.000,1,0,1,双平,S,5349.0000,5348.6000,5348.4000,5348.2000,5348.0000,5350.0000,5350.8000,5351.0000,5351.4000,5352.0000,2,1,1,1,1,9,1,1,2,2
SF,IC2003,2020-01-03 09:32:16.900,5349.8000,55148,0,410983120.000,0,-,-,-,-,5349.0000,5348.6000,5348.4000,5348.2000,5348.0000,5350.0000,5351.0000,5351.4000,5352.0000,5352.6000,2,1,1,1,1,9,1,2,1,1
SF,IC2003,2020-01-03 09:32:17.400,5349.8000,55148,0,410983120.000,0,-,-,-,-,5349.0000,5348.6000,5348.4000,5348.2000,5348.0000,5349.2000,5350.0000,5351.0000,5351.4000,5352.0000,2,1,1,1,1,3,9,1,2,1
SF,IC2003,2020-01-03 09:32:17.900,5349.2000,55145,-3,414192640.000,3,0,3,双平,S,5349.4000,5349.2000,5349.0000,5348.6000,5348.4000,5350.0000,5351.0000,5351.4000,5352.0000,5352.6000,3,2,3,1,1,10,1,2,1,1
SF,IC2003,2020-01-03 09:32:18.400,5350.0000,55145,0,415262640.000,1,0,1,多换,S,5349.4000,5349.2000,5349.0000,5348.6000,5348.4000,5350.0000,5351.0000,5351.4000,5352.0000,5352.6000,3,2,2,1,1,9,1,2,1,1
SF,IC2003,2020-01-03 09:32:18.900,5349.2000,55140,-5,420611960.000,5,0,5,双平,S,5349.0000,5348.6000,5348.4000,5348.2000,5348.0000,5349.4000,5350.0000,5351.0000,5351.4000,5352.0000,2,1,1,1,1,4,9,1,2,1
SF,IC2003,2020-01-03 09:32:19.400,5349.0000,55139,-1,422751560.000,2,0,2,多平,S,5348.6000,5348.4000,5348.2000,5348.0000,5347.8000,5349.4000,5350.0000,5351.0000,5351.4000,5352.0000,1,1,1,1,3,4,9,1,2,1
SF,IC2003,2020-01-03 09:32:19.900,5349.0000,55139,0,422751560.000,0,-,-,-,-,5348.6000,5348.4000,5348.2000,5348.0000,5347.8000,5349.4000,5350.0000,5351.0000,5351.4000,5352.0000,1,1,1,1,3,4,9,1,2,1
SF,IC2003,2020-01-03 09:32:20.900,5348.6000,55139,0,423821280.000,1,0,1,多换,S,5348.4000,5348.2000,5348.0000,5347.8000,5346.4000,5348.6000,5349.4000,5350.0000,5351.0000,5351.4000,1,1,1,3,3,10,4,9,1,2
SF,IC2003,2020-01-03 09:32:21.400,5348.6000,55139,0,423821280.000,0,-,-,-,-,5348.4000,5348.2000,5348.0000,5347.8000,5346.4000,5348.6000,5349.4000,5350.0000,5351.0000,5351.4000,1,1,1,3,3,10,4,9,1,2
SF,IC2003,2020-01-03 09:32:21.900,5348.4000,55138,-1,425960640.000,2,0,2,多平,S,5348.2000,5348.0000,5347.8000,5346.4000,5345.0000,5348.4000,5348.6000,5349.0000,5349.4000,5350.0000,2,1,3,3,1,8,10,1,4,9
SF,IC2003,2020-01-03 09:32:22.400,5348.4000,55138,0,429169600.000,3,1,2,多换,S,5348.0000,5347.8000,5346.4000,5345.0000,5344.4000,5348.4000,5348.6000,5349.0000,5349.4000,5350.0000,1,3,3,1,2,7,11,1,4,9
SF,IC2003,2020-01-03 09:32:22.900,5348.0000,55138,0,430239200.000,1,0,1,多换,S,5347.8000,5346.4000,5345.0000,5344.4000,5344.0000,5348.4000,5348.6000,5349.0000,5349.4000,5350.0000,3,3,1,2,1,7,11,1,4,9
SF,IC2003,2020-01-03 09:32:23.400,5348.0000,55138,0,430239200.000,0,-,-,-,-,5347.8000,5346.4000,5345.0000,5344.4000,5344.0000,5348.4000,5348.6000,5349.0000,5349.4000,5350.0000,3,3,1,2,1,7,11,1,4,9
SF,IC2003,2020-01-03 09:32:23.900,5347.8000,55137,-1,432378320.000,2,0,2,多平,S,5347.8000,5346.4000,5345.0000,5344.4000,5344.0000,5348.4000,5348.6000,5349.0000,5349.4000,5350.0000,1,3,1,2,1,8,11,1,4,9
SF,IC2003,2020-01-03 09:32:24.400,5347.8000,55136,-1,433447880.000,1,0,1,双平,S,5346.4000,5345.0000,5344.4000,5344.0000,5343.4000,5347.6000,5348.4000,5348.6000,5349.0000,5349.4000,3,1,2,1,2,2,8,11,1,4
SF,IC2003,2020-01-03 09:32:24.900,5346.4000,55130,-6,443071960.000,9,1,8,多平,S,5345.0000,5344.4000,5344.0000,5343.4000,5343.2000,5346.4000,5347.6000,5348.4000,5349.0000,5349.4000,1,2,1,2,2,2,1,1,1,4
SF,IC2003,2020-01-03 09:32:25.400,5346.4000,55128,-2,445210520.000,2,0,2,双平,S,5347.2000,5346.6000,5346.4000,5346.0000,5345.4000,5347.6000,5348.4000,5349.0000,5349.4000,5350.0000,2,1,4,2,4,1,1,1,4,8
SF,IC2003,2020-01-03 09:32:25.900,5347.6000,55128,0,446280040.000,1,0,1,多换,S,5347.4000,5347.2000,5346.4000,5346.0000,5345.4000,5348.4000,5349.0000,5349.4000,5350.0000,5351.0000,1,2,6,1,4,1,1,4,8,1
SF,IC2003,2020-01-03 09:32:26.400,5347.2000,55126,-2,448418920.000,2,0,2,双平,S,5346.4000,5346.0000,5345.4000,5345.2000,5345.0000,5348.4000,5349.0000,5349.4000,5350.0000,5351.0000,6,1,4,1,2,1,1,4,8,1
SF,IC2003,2020-01-03 09:32:26.900,5347.2000,55125,-1,449488360.000,1,0,1,双平,S,5346.6000,5346.4000,5346.0000,5345.4000,5345.0000,5347.2000,5348.2000,5348.4000,5349.0000,5349.4000,6,4,1,4,2,1,1,1,1,4
SF,IC2003,2020-01-03 09:32:27.400,5348.2000,55123,-2,451627440.000,2,0,2,双平,S,5346.8000,5346.6000,5346.4000,5346.0000,5345.4000,5347.0000,5348.4000,5349.0000,5349.4000,5350.0000,2,3,4,1,4,1,1,1,4,8
SF,IC2003,2020-01-03 09:32:27.900,5347.2000,55123,0,452696880.000,1,0,1,多换,S,5347.2000,5347.0000,5346.8000,5346.6000,5346.0000,5348.4000,5349.0000,5349.4000,5350.0000,5351.0000,1,5,2,3,1,1,1,4,8,1
SF,IC2003,2020-01-03 09:32:28.400,5347.2000,55122,-1,453766320.000,1,0,1,双平,S,5347.8000,5347.0000,5346.8000,5346.6000,5346.0000,5348.2000,5348.4000,5349.0000,5349.4000,5350.0000,2,2,2,2,1,2,1,1,4,8
SF,IC2003,2020-01-03 09:32:28.900,5347.2000,55122,0,455905200.000,2,1,1,多换,S,5347.0000,5346.8000,5346.6000,5346.0000,5345.4000,5348.2000,5348.4000,5349.0000,5350.0000,5351.0000,2,2,2,1,4,1,1,1,8,1
SF,IC2003,2020-01-03 09:32:29.400,5347.2000,55122,0,455905200.000,0,-,-,-,-,5347.2000,5347.0000,5346.8000,5346.6000,5346.0000,5348.4000,5349.0000,5350.0000,5351.0000,5351.4000,1,2,2,1,1,1,1,8,1,1
SF,IC2003,2020-01-03 09:32:29.900,5347.2000,55122,0,456974640.000,1,0,1,多换,S,5347.2000,5347.0000,5346.8000,5346.6000,5346.0000,5348.4000,5349.0000,5350.0000,5351.0000,5351.4000,2,2,2,1,1,1,1,8,1,1
SF,IC2003,2020-01-03 09:32:30.400,5348.4000,55121,-1,458044320.000,1,0,1,双平,S,5347.4000,5347.2000,5347.0000,5346.8000,5346.6000,5349.0000,5350.0000,5351.0000,5351.4000,5352.0000,1,2,2,1,1,1,8,1,1,1
SF,IC2003,2020-01-03 09:32:30.900,5348.4000,55121,0,458044320.000,0,-,-,-,-,5347.6000,5347.4000,5347.2000,5347.0000,5346.8000,5348.8000,5349.0000,5350.0000,5351.0000,5351.4000,1,2,1,2,1,2,1,8,1,1
SF,IC2003,2020-01-03 09:32:31.400,5347.4000,55118,-3,461252800.000,3,0,3,双平,S,5347.0000,5346.8000,5346.0000,5345.4000,5345.0000,5347.2000,5347.6000,5348.6000,5348.8000,5349.0000,2,1,1,3,1,1,1,1,1,1
SF,IC2003,2020-01-03 09:32:31.900,5347.2000,55118,0,462322240.000,1,0,1,多换,S,5347.4000,5347.2000,5347.0000,5346.8000,5346.0000,5347.6000,5348.6000,5348.8000,5349.0000,5351.0000,2,2,1,1,1,1,1,1,1,1
SF,IC2003,2020-01-03 09:32:32.400,5347.6000,55118,0,463391760.000,1,0,1,多换,S,5348.0000,5347.8000,5347.6000,5347.4000,5347.0000,5348.6000,5349.0000,5351.0000,5351.4000,5352.0000,3,1,5,2,1,1,1,1,1,1
SF,IC2003,2020-01-03 09:32:32.900,5348.6000,55118,0,464461480.000,1,0,1,多换,S,5348.2000,5347.8000,5347.6000,5347.4000,5347.0000,5349.0000,5351.0000,5351.4000,5352.0000,5352.6000,2,1,4,2,1,1,1,1,1,1
SF,IC2003,2020-01-03 09:32:33.400,5348.8000,55116,-2,466601040.000,2,0,2,双平,S,5348.2000,5347.8000,5347.6000,5347.4000,5347.0000,5351.0000,5351.4000,5352.0000,5352.6000,5353.4000,1,1,4,2,1,1,1,1,1,1
SF,IC2003,2020-01-03 09:32:33.900,5348.8000,55116,0,466601040.000,0,-,-,-,-,5348.4000,5348.2000,5347.6000,5347.0000,5346.8000,5350.6000,5350.8000,5351.0000,5351.4000,5352.0000,2,1,4,1,1,2,3,1,1,1
SF,IC2003,2020-01-03 09:32:34.400,5348.8000,55116,0,466601040.000,0,-,-,-,-,5348.4000,5347.6000,5347.0000,5346.8000,5346.6000,5350.4000,5350.6000,5350.8000,5351.0000,5351.4000,1,4,1,1,2,3,2,1,1,1
SF,IC2003,2020-01-03 09:32:34.900,5348.8000,55116,0,466601040.000,0,-,-,-,-,5348.4000,5347.6000,5347.0000,5346.8000,5346.6000,5350.2000,5350.4000,5350.6000,5351.0000,5351.4000,1,4,1,1,2,4,2,2,1,1
SF,IC2003,2020-01-03 09:32:35.400,5348.6000,55114,-2,469810280.000,3,0,3,多平,S,5348.4000,5348.2000,5347.6000,5347.0000,5346.8000,5350.2000,5350.4000,5351.0000,5351.4000,5352.0000,2,1,4,1,1,3,2,1,1,1
SF,IC2003,2020-01-03 09:32:35.900,5348.4000,55110,-4,474089120.000,4,0,4,双平,S,5348.4000,5348.2000,5347.6000,5347.0000,5346.8000,5350.2000,5350.4000,5351.0000,5351.4000,5352.0000,1,1,4,1,1,2,2,1,1,1
SF,IC2003,2020-01-03 09:32:36.400,5348.4000,55110,0,474089120.000,0,-,-,-,-,5348.6000,5348.4000,5348.2000,5347.6000,5347.0000,5350.0000,5350.4000,5351.0000,5351.4000,5352.0000,1,2,1,4,1,1,1,1,1,1
SF,IC2003,2020-01-03 09:32:36.900,5350.0000,55109,-1,475159120.000,1,0,1,双平,S,5350.2000,5348.6000,5348.4000,5348.2000,5347.6000,5351.0000,5351.4000,5352.0000,5352.6000,5355.2000,1,1,2,1,4,1,1,1,1,3
SF,IC2003,2020-01-03 09:32:37.400,5350.0000,55111,2,477299120.000,2,2,0,双开,S,5348.4000,5348.2000,5347.6000,5347.0000,5346.8000,5350.8000,5351.0000,5351.4000,5352.0000,5352.6000,2,1,4,1,1,3,1,1,1,1
SF,IC2003,2020-01-03 09:32:37.900,5350.0000,55111,0,477299120.000,0,-,-,-,-,5348.8000,5348.6000,5348.4000,5348.2000,5347.6000,5350.4000,5350.6000,5350.8000,5351.0000,5351.4000,1,1,2,1,4,2,3,2,1,1
SF,IC2003,2020-01-03 09:32:38.400,5350.0000,55111,0,477299120.000,0,-,-,-,-,5349.0000,5348.8000,5348.6000,5348.4000,5348.2000,5350.2000,5350.6000,5350.8000,5351.0000,5351.4000,1,1,1,1,1,1,3,1,1,1
SF,IC2003,2020-01-03 09:32:38.900,5350.2000,55111,0,478369160.000,1,0,1,多换,S,5349.0000,5348.8000,5348.6000,5348.4000,5348.2000,5350.6000,5350.8000,5351.0000,5351.4000,5352.0000,1,1,1,1,1,3,1,1,1,1
SF,IC2003,2020-01-03 09:32:39.400,5350.2000,55111,0,478369160.000,0,-,-,-,-,5349.2000,5349.0000,5348.8000,5348.4000,5348.2000,5350.6000,5350.8000,5351.0000,5351.2000,5351.4000,1,1,1,1,1,1,1,1,1,1
SF,IC2003,2020-01-03 09:32:40.400,5350.2000,55111,0,478369160.000,0,-,-,-,-,5349.4000,5349.2000,5349.0000,5348.8000,5348.4000,5350.8000,5351.0000,5351.2000,5351.4000,5352.0000,1,1,1,1,1,1,1,1,1,1
SF,IC2003,2020-01-03 09:32:40.900,5350.2000,55111,0,478369160.000,0,-,-,-,-,5349.6000,5349.2000,5349.0000,5348.8000,5348.4000,5350.8000,5351.0000,5351.2000,5351.4000,5352.0000,1,1,1,1,1,1,1,1,1,1
SF,IC2003,2020-01-03 09:32:41.400,5350.2000,55111,0,478369160.000,0,-,-,-,-,5349.2000,5349.0000,5348.8000,5348.4000,5348.2000,5350.8000,5351.0000,5351.2000,5351.4000,5352.6000,1,1,1,1,1,1,1,1,1,1
SF,IC2003,2020-01-03 09:32:41.900,5350.2000,55111,0,478369160.000,0,-,-,-,-,5349.4000,5349.2000,5349.0000,5348.8000,5348.4000,5350.8000,5351.0000,5351.2000,5351.4000,5352.6000,1,3,1,1,1,1,1,1,1,1
SF,IC2003,2020-01-03 09:32:42.400,5350.2000,55111,0,478369160.000,0,-,-,-,-,5349.6000,5349.2000,5349.0000,5348.8000,5348.6000,5351.2000,5351.4000,5352.6000,5355.2000,5356.0000,2,2,1,1,1,1,1,1,3,6
SF,IC2003,2020-01-03 09:32:42.900,5350.2000,55111,0,478369160.000,0,-,-,-,-,5349.8000,5349.6000,5348.8000,5348.6000,5348.4000,5351.0000,5351.2000,5351.4000,5352.6000,5355.2000,3,2,1,1,1,1,1,1,1,3
SF,IC2003,2020-01-03 09:32:43.400,5351.2000,55110,-1,480509600.000,2,0,2,多平,S,5350.0000,5349.8000,5348.8000,5348.6000,5348.4000,5351.4000,5352.6000,5355.2000,5356.0000,5357.8000,2,3,1,1,1,1,1,3,6,1
SF,IC2003,2020-01-03 09:32:43.900,5350.2000,55107,-3,483719720.000,3,0,3,双平,S,5350.0000,5349.8000,5348.8000,5348.6000,5348.4000,5351.4000,5352.6000,5355.2000,5356.0000,5357.8000,2,2,1,1,1,1,1,3,6,1
SF,IC2003,2020-01-03 09:32:44.400,5350.2000,55107,0,483719720.000,0,-,-,-,-,5351.2000,5350.0000,5349.8000,5348.8000,5348.6000,5351.4000,5352.6000,5355.2000,5356.0000,5357.8000,1,2,2,1,1,1,1,3,6,1
SF,IC2003,2020-01-03 09:32:44.900,5350.0000,55106,-1,485859960.000,2,0,2,多平,S,5349.8000,5348.8000,5348.6000,5348.4000,5348.2000,5351.2000,5351.4000,5352.6000,5355.2000,5356.0000,2,1,1,1,1,2,1,1,3,6
SF,IC2003,2020-01-03 09:32:45.400,5350.0000,55106,0,485859960.000,0,-,-,-,-,5350.0000,5349.8000,5348.8000,5348.6000,5348.4000,5351.2000,5351.4000,5352.6000,5355.2000,5356.0000,5,2,1,1,1,2,1,1,3,6
SF,IC2003,2020-01-03 09:32:45.900,5351.0000,55106,0,486930160.000,1,0,1,多换,S,5350.0000,5349.8000,5348.8000,5348.6000,5348.4000,5351.0000,5351.2000,5351.4000,5352.6000,5355.2000,3,2,1,1,1,1,2,1,1,3
SF,IC2003,2020-01-03 09:32:46.400,5351.2000,55104,-2,489070600.000,2,0,2,双平,S,5351.0000,5350.2000,5350.0000,5349.8000,5348.8000,5351.2000,5351.4000,5352.6000,5355.2000,5356.0000,2,2,3,2,1,1,1,1,3,6
SF,IC2003,2020-01-03 09:32:46.900,5351.4000,55102,-2,491211120.000,2,0,2,双平,S,5351.2000,5350.2000,5350.0000,5349.8000,5348.8000,5352.6000,5355.2000,5356.0000,5357.8000,5359.0000,4,1,3,1,1,1,3,6,1,5
SF,IC2003,2020-01-03 09:32:47.400,5351.4000,55102,0,491211120.000,0,-,-,-,-,5351.2000,5350.2000,5350.0000,5349.8000,5348.8000,5352.4000,5352.6000,5355.2000,5356.0000,5357.8000,4,1,3,1,1,1,1,3,6,1
SF,IC2003,2020-01-03 09:32:47.900,5351.4000,55102,0,491211120.000,0,-,-,-,-,5351.2000,5350.2000,5350.0000,5349.8000,5348.8000,5352.4000,5352.6000,5355.2000,5356.0000,5357.8000,4,1,3,1,1,1,1,3,6,1
SF,IC2003,2020-01-03 09:32:48.400,5351.4000,55102,0,491211120.000,0,-,-,-,-,5351.4000,5351.2000,5350.2000,5350.0000,5349.8000,5352.4000,5352.6000,5355.2000,5356.0000,5357.8000,1,4,1,3,1,1,1,3,6,1
SF,IC2003,2020-01-03 09:32:48.900,5351.4000,55101,-1,492281400.000,1,0,1,双平,S,5351.4000,5351.2000,5350.0000,5349.8000,5348.8000,5352.4000,5352.6000,5355.2000,5356.0000,5357.8000,1,4,3,1,1,1,1,3,6,1
SF,IC2003,2020-01-03 09:32:49.400,5351.4000,55101,0,492281400.000,0,-,-,-,-,5351.4000,5351.2000,5350.0000,5349.8000,5348.8000,5352.4000,5352.6000,5355.2000,5356.0000,5357.8000,2,4,3,1,1,1,1,3,6,1
SF,IC2003,2020-01-03 09:32:50.400,5351.4000,55101,0,492281400.000,0,-,-,-,-,5351.4000,5351.2000,5350.0000,5349.8000,5348.8000,5352.4000,5352.6000,5355.2000,5356.0000,5357.8000,2,4,3,1,1,1,1,3,6,1
SF,IC2003,2020-01-03 09:32:51.400,5351.4000,55101,0,492281400.000,0,-,-,-,-,5351.4000,5351.2000,5350.0000,5349.8000,5348.8000,5352.4000,5352.6000,5355.2000,5356.0000,5357.8000,4,4,3,1,1,1,1,3,6,1
SF,IC2003,2020-01-03 09:32:51.900,5352.4000,55101,0,493351880.000,1,0,1,多换,S,5351.4000,5351.2000,5350.0000,5349.8000,5348.8000,5352.6000,5355.2000,5356.0000,5357.8000,5358.6000,4,1,3,1,1,1,3,6,1,1
SF,IC2003,2020-01-03 09:32:52.400,5352.4000,55101,0,493351880.000,0,-,-,-,-,5351.6000,5351.4000,5351.2000,5350.0000,5349.8000,5352.6000,5355.2000,5356.0000,5357.8000,5358.6000,1,4,1,3,1,1,3,6,1,1
SF,IC2003,2020-01-03 09:32:52.900,5352.6000,55101,0,494422400.000,1,0,1,多换,S,5351.4000,5351.2000,5350.0000,5349.8000,5348.8000,5355.2000,5356.0000,5357.8000,5358.6000,5359.0000,4,1,3,1,1,3,6,1,1,5
SF,IC2003,2020-01-03 09:32:53.400,5352.6000,55101,0,494422400.000,0,-,-,-,-,5351.6000,5351.4000,5351.2000,5350.0000,5349.8000,5354.6000,5354.8000,5355.0000,5355.2000,5356.0000,5,4,1,3,1,2,3,4,3,6
SF,IC2003,2020-01-03 09:32:53.900,5352.6000,55101,0,494422400.000,0,-,-,-,-,5352.4000,5351.6000,5351.4000,5351.2000,5350.0000,5354.0000,5354.2000,5354.4000,5354.8000,5355.0000,1,5,3,1,3,2,2,2,3,3
SF,IC2003,2020-01-03 09:32:54.400,5352.6000,55101,0,494422400.000,0,-,-,-,-,5352.4000,5351.6000,5351.4000,5351.2000,5350.0000,5353.6000,5353.8000,5354.2000,5354.8000,5355.0000,1,3,3,1,3,2,1,2,1,2
SF,IC2003,2020-01-03 09:32:54.900,5353.6000,55102,1,495493120.000,1,1,0,双开,S,5352.4000,5351.6000,5351.4000,5351.2000,5350.0000,5353.6000,5353.8000,5354.0000,5354.2000,5354.8000,2,1,3,1,3,1,1,1,1,1
SF,IC2003,2020-01-03 09:32:55.400,5353.6000,55102,0,495493120.000,0,-,-,-,-,5352.6000,5352.4000,5351.6000,5351.4000,5351.2000,5353.6000,5353.8000,5354.0000,5354.2000,5354.8000,2,2,1,3,1,1,1,1,1,1
SF,IC2003,2020-01-03 09:32:55.900,5353.6000,55102,0,495493120.000,0,-,-,-,-,5352.6000,5352.4000,5351.6000,5351.4000,5351.2000,5353.6000,5354.2000,5355.2000,5356.0000,5357.8000,2,2,1,3,1,1,1,3,6,1
SF,IC2003,2020-01-03 09:32:56.400,5353.6000,55101,-1,496563840.000,1,0,1,双平,S,5353.6000,5352.8000,5352.6000,5352.4000,5351.4000,5355.2000,5356.0000,5357.8000,5358.6000,5359.0000,3,2,2,1,3,3,6,1,1,5
SF,IC2003,2020-01-03 09:32:56.900,5353.6000,55095,-6,502988160.000,6,0,6,双平,S,5352.8000,5352.4000,5351.4000,5350.0000,5349.8000,5353.6000,5355.0000,5355.2000,5356.0000,5357.8000,1,1,3,3,1,1,1,3,6,1
SF,IC2003,2020-01-03 09:32:57.400,5353.6000,55093,-2,505129600.000,2,0,2,双平,S,5353.6000,5353.0000,5352.8000,5352.4000,5351.4000,5355.0000,5355.2000,5356.0000,5357.8000,5358.6000,6,1,1,1,3,1,3,6,1,1
SF,IC2003,2020-01-03 09:32:57.900,5353.6000,55093,0,505129600.000,0,-,-,-,-,5353.8000,5353.6000,5352.8000,5352.4000,5351.4000,5355.0000,5355.2000,5356.0000,5357.8000,5358.6000,1,6,1,1,3,1,3,6,1,1
SF,IC2003,2020-01-03 09:32:58.400,5355.0000,55091,-2,507271600.000,2,0,2,双平,S,5353.6000,5352.8000,5352.4000,5351.4000,5350.0000,5355.2000,5356.0000,5357.8000,5358.6000,5359.0000,2,1,1,3,3,3,6,1,1,5
SF,IC2003,2020-01-03 09:32:58.900,5353.6000,55090,-1,508342320.000,1,0,1,双平,S,5353.6000,5352.8000,5352.4000,5351.4000,5350.0000,5355.0000,5355.2000,5356.0000,5357.8000,5358.6000,1,1,1,3,3,3,3,6,1,1
SF,IC2003,2020-01-03 09:32:59.400,5353.6000,55089,-1,509413040.000,1,0,1,双平,S,5352.8000,5352.4000,5351.4000,5350.0000,5349.0000,5355.0000,5355.2000,5356.0000,5357.8000,5358.6000,1,1,3,3,2,3,3,6,1,1
SF,IC2003,2020-01-03 09:32:59.900,5353.6000,55089,0,509413040.000,0,-,-,-,-,5353.0000,5352.8000,5352.4000,5351.4000,5350.0000,5353.6000,5354.6000,5355.0000,5355.2000,5356.0000,1,2,1,3,3,2,2,1,3,6
SF,IC2003,2020-01-03 09:33:00.400,5353.6000,55089,0,511554480.000,2,1,1,多换,S,5353.6000,5353.0000,5352.8000,5352.4000,5351.4000,5355.0000,5355.2000,5356.0000,5357.8000,5358.6000,1,1,2,1,3,1,3,6,1,1
SF,IC2003,2020-01-03 09:33:00.900,5353.6000,55089,0,511554480.000,0,-,-,-,-,5353.0000,5352.8000,5352.4000,5351.4000,5350.0000,5355.0000,5355.2000,5356.0000,5357.8000,5358.6000,1,2,1,3,3,1,3,6,1,1
SF,IC2003,2020-01-03 09:33:01.400,5353.6000,55089,0,511554480.000,0,-,-,-,-,5353.2000,5352.8000,5352.4000,5351.4000,5350.0000,5354.8000,5355.0000,5355.2000,5356.0000,5357.8000,1,1,1,3,3,4,1,3,6,1
SF,IC2003,2020-01-03 09:33:01.900,5353.2000,55088,-1,512625120.000,1,0,1,双平,S,5352.8000,5352.4000,5351.4000,5350.0000,5349.0000,5353.0000,5354.6000,5354.8000,5355.2000,5356.0000,1,1,3,3,2,1,1,3,3,6
SF,IC2003,2020-01-03 09:33:02.400,5353.0000,55087,-1,513695720.000,1,0,1,双平,S,5352.8000,5352.4000,5351.4000,5350.0000,5349.0000,5354.6000,5354.8000,5355.0000,5355.2000,5356.0000,1,1,3,3,2,1,1,1,3,6
SF,IC2003,2020-01-03 09:33:02.900,5353.0000,55087,0,513695720.000,0,-,-,-,-,5352.4000,5351.4000,5350.0000,5349.0000,5348.6000,5354.2000,5354.4000,5354.6000,5354.8000,5355.0000,1,3,3,2,1,2,2,1,1,1
SF,IC2003,2020-01-03 09:33:03.400,5353.0000,55087,0,513695720.000,0,-,-,-,-,5352.4000,5351.4000,5350.0000,5349.0000,5348.6000,5354.0000,5354.4000,5354.8000,5355.0000,5355.2000,1,3,3,2,1,2,1,1,1,3
SF,IC2003,2020-01-03 09:33:03.900,5353.0000,55087,0,513695720.000,0,-,-,-,-,5352.4000,5351.4000,5350.0000,5349.0000,5348.6000,5353.8000,5354.0000,5355.0000,5355.2000,5356.0000,1,3,3,2,1,1,3,1,3,6
SF,IC2003,2020-01-03 09:33:04.400,5350.0000,55082,-5,521187040.000,7,1,6,多平,S,5349.0000,5348.6000,5348.2000,5346.8000,5346.6000,5349.6000,5352.4000,5353.6000,5353.8000,5354.0000,2,1,1,1,2,3,1,2,1,1
SF,IC2003,2020-01-03 09:33:04.900,5349.6000,55081,-1,524396880.000,3,1,2,多平,S,5350.2000,5349.8000,5349.6000,5349.4000,5349.2000,5352.4000,5354.0000,5355.0000,5355.2000,5356.0000,2,2,17,2,2,2,1,3,3,6
SF,IC2003,2020-01-03 09:33:05.400,5352.0000,55080,-1,525467280.000,1,0,1,双平,S,5350.4000,5349.8000,5349.6000,5349.4000,5349.2000,5352.0000,5352.4000,5354.0000,5355.0000,5355.2000,2,1,14,2,1,1,3,1,3,3
SF,IC2003,2020-01-03 09:33:05.900,5352.0000,55080,0,525467280.000,0,-,-,-,-,5350.8000,5350.6000,5350.4000,5349.8000,5349.6000,5352.4000,5355.0000,5355.2000,5356.0000,5357.0000,1,1,2,1,14,3,3,3,6,1
SF,IC2003,2020-01-03 09:33:06.400,5352.0000,55080,0,525467280.000,0,-,-,-,-,5351.0000,5350.8000,5350.4000,5349.8000,5349.6000,5352.2000,5352.4000,5355.0000,5355.2000,5356.0000,1,1,1,1,14,1,3,1,3,6
SF,IC2003,2020-01-03 09:33:06.900,5352.0000,55080,0,525467280.000,0,-,-,-,-,5352.2000,5351.0000,5350.8000,5350.4000,5349.6000,5352.4000,5355.0000,5355.2000,5356.0000,5357.0000,3,1,1,1,11,3,1,3,7,1
SF,IC2003,2020-01-03 09:33:07.400,5352.2000,55077,-3,528678600.000,3,0,3,双平,S,5351.0000,5350.8000,5350.4000,5349.6000,5349.4000,5352.4000,5355.0000,5355.2000,5356.0000,5357.0000,1,1,1,5,2,3,1,3,7,1
SF,IC2003,2020-01-03 09:33:07.900,5352.2000,55077,0,528678600.000,0,-,-,-,-,5351.2000,5351.0000,5350.8000,5350.4000,5349.6000,5352.4000,5355.0000,5355.2000,5356.0000,5357.0000,2,1,1,1,5,3,1,3,7,1
SF,IC2003,2020-01-03 09:33:08.400,5352.4000,55076,-1,531890040.000,3,1,2,多平,S,5351.2000,5351.0000,5350.8000,5350.4000,5349.6000,5355.0000,5355.2000,5356.0000,5357.0000,5357.8000,2,1,1,1,5,1,3,7,1,1
SF,IC2003,2020-01-03 09:33:08.900,5352.4000,55076,0,531890040.000,0,-,-,-,-,5351.4000,5351.2000,5350.8000,5350.4000,5349.6000,5354.4000,5354.6000,5354.8000,5355.0000,5355.2000,5,1,1,1,5,1,3,4,1,3
SF,IC2003,2020-01-03 09:33:09.400,5353.8000,55076,0,532960800.000,1,0,1,多换,S,5352.4000,5351.4000,5350.4000,5349.6000,5349.4000,5354.0000,5354.2000,5354.6000,5354.8000,5355.0000,1,5,1,5,1,2,1,3,2,2
SF,IC2003,2020-01-03 09:33:09.900,5353.8000,55076,0,532960800.000,0,-,-,-,-,5352.4000,5351.4000,5350.4000,5349.6000,5349.4000,5353.8000,5354.0000,5354.6000,5354.8000,5355.0000,1,3,1,3,1,2,1,3,1,2
SF,IC2003,2020-01-03 09:33:10.400,5349.6000,55071,-5,542592440.000,9,2,7,多平,S,5349.4000,5349.2000,5349.0000,5348.2000,5346.8000,5349.6000,5353.4000,5353.6000,5353.8000,5354.6000,1,1,2,1,1,1,1,2,2,1
SF,IC2003,2020-01-03 09:33:10.900,5349.6000,55070,-1,543662360.000,1,0,1,双平,S,5350.0000,5349.8000,5349.6000,5349.4000,5349.2000,5353.4000,5353.6000,5354.6000,5355.0000,5355.2000,2,7,11,1,1,1,2,1,2,3
SF,IC2003,2020-01-03 09:33:11.400,5353.2000,55069,-1,544733000.000,1,0,1,双平,S,5350.6000,5350.4000,5350.2000,5349.8000,5349.6000,5353.2000,5353.4000,5353.6000,5354.0000,5354.6000,4,1,4,3,7,2,1,1,1,1
SF,IC2003,2020-01-03 09:33:11.900,5353.2000,55069,0,544733000.000,0,-,-,-,-,5351.2000,5350.8000,5350.6000,5350.4000,5350.2000,5353.0000,5353.2000,5353.4000,5354.0000,5354.6000,1,2,2,1,1,1,2,1,1,1
SF,IC2003,2020-01-03 09:33:12.400,5353.2000,55069,0,544733000.000,0,-,-,-,-,5351.6000,5351.4000,5351.2000,5350.8000,5350.6000,5352.8000,5353.0000,5353.4000,5354.0000,5354.6000,2,1,1,1,2,3,1,1,1,1
SF,IC2003,2020-01-03 09:33:12.900,5351.2000,55068,-1,545803240.000,1,0,1,双平,S,5350.4000,5349.8000,5349.6000,5349.4000,5349.2000,5350.6000,5351.6000,5352.6000,5352.8000,5353.0000,1,2,3,1,1,1,4,3,3,1
SF,IC2003,2020-01-03 09:33:13.400,5352.6000,55067,-1,547943920.000,2,0,2,多平,S,5350.8000,5350.6000,5350.4000,5349.8000,5349.6000,5352.6000,5352.8000,5353.0000,5353.4000,5354.0000,3,5,1,2,3,2,1,1,1,1
SF,IC2003,2020-01-03 09:33:13.900,5352.6000,55067,0,547943920.000,0,-,-,-,-,5351.0000,5350.6000,5350.4000,5349.8000,5349.6000,5352.4000,5352.6000,5353.0000,5353.4000,5354.0000,1,5,1,2,3,1,2,1,1,1
SF,IC2003,2020-01-03 09:33:14.400,5352.6000,55067,0,547943920.000,0,-,-,-,-,5351.0000,5350.6000,5350.4000,5349.8000,5349.6000,5352.2000,5352.4000,5352.6000,5353.0000,5353.4000,1,5,1,2,3,1,1,1,1,1
SF,IC2003,2020-01-03 09:33:14.900,5351.0000,55066,-1,549014120.000,1,0,1,双平,S,5350.6000,5349.8000,5349.6000,5349.4000,5349.0000,5352.0000,5352.2000,5352.6000,5353.0000,5353.4000,4,2,3,1,2,1,1,1,1,1
SF,IC2003,2020-01-03 09:33:15.400,5349.6000,55057,-9,558644280.000,9,0,9,双平,S,5349.4000,5349.0000,5348.8000,5348.6000,5348.2000,5349.6000,5351.8000,5352.0000,5352.6000,5353.0000,1,2,2,2,1,1,3,1,1,1
SF,IC2003,2020-01-03 09:33:15.900,5349.6000,55056,-1,559714200.000,1,0,1,双平,S,5350.0000,5349.8000,5349.6000,5349.4000,5349.0000,5351.6000,5351.8000,5352.0000,5352.6000,5353.0000,2,1,2,1,2,2,2,1,1,1
SF,IC2003,2020-01-03 09:33:16.400,5349.6000,55056,0,559714200.000,0,-,-,-,-,5349.6000,5349.4000,5349.0000,5348.8000,5348.6000,5351.4000,5351.6000,5351.8000,5353.0000,5353.4000,1,1,2,1,2,2,2,2,2,1
SF,IC2003,2020-01-03 09:33:16.900,5349.6000,55056,0,559714200.000,0,-,-,-,-,5350.2000,5350.0000,5349.8000,5349.6000,5349.4000,5351.4000,5351.6000,5351.8000,5353.0000,5353.4000,1,2,2,3,1,2,2,2,2,1
SF,IC2003,2020-01-03 09:33:17.400,5350.2000,55056,0,561854520.000,2,1,1,多换,S,5349.8000,5349.6000,5349.4000,5349.0000,5348.8000,5351.2000,5351.4000,5351.6000,5351.8000,5353.0000,2,3,1,2,1,1,1,2,2,2
SF,IC2003,2020-01-03 09:33:17.900,5351.2000,55055,-1,562924760.000,1,0,1,双平,S,5350.0000,5349.8000,5349.6000,5349.4000,5349.0000,5351.6000,5351.8000,5353.0000,5353.4000,5353.8000,1,2,3,1,2,2,2,2,1,1
SF,IC2003,2020-01-03 09:33:18.400,5351.2000,55055,0,562924760.000,0,-,-,-,-,5350.2000,5349.8000,5349.6000,5349.4000,5349.0000,5351.6000,5351.8000,5353.0000,5353.4000,5353.8000,2,1,3,1,2,2,2,2,1,1
SF,IC2003,2020-01-03 09:33:18.900,5351.2000,55055,0,562924760.000,0,-,-,-,-,5350.6000,5350.4000,5350.2000,5349.8000,5349.6000,5351.6000,5351.8000,5352.0000,5353.0000,5353.4000,1,1,4,1,3,2,2,1,2,1
SF,IC2003,2020-01-03 09:33:19.400,5351.6000,55053,-2,565065400.000,2,0,2,双平,S,5350.8000,5350.6000,5350.4000,5350.2000,5349.8000,5351.8000,5352.0000,5353.0000,5353.4000,5353.8000,2,1,1,2,1,1,1,2,1,1
SF,IC2003,2020-01-03 09:33:19.900,5352.0000,55052,-1,567206200.000,2,0,2,多平,S,5352.0000,5351.0000,5350.8000,5350.6000,5350.4000,5353.0000,5353.4000,5353.8000,5354.0000,5354.6000,1,2,2,1,1,2,1,1,1,1
SF,IC2003,2020-01-03 09:33:20.400,5352.0000,55052,0,567206200.000,0,-,-,-,-,5352.2000,5351.0000,5350.8000,5350.6000,5350.4000,5352.8000,5353.0000,5353.8000,5354.0000,5354.6000,1,2,1,1,1,2,2,1,1,1
SF,IC2003,2020-01-03 09:33:20.900,5352.2000,55052,0,568276640.000,1,0,1,多换,S,5351.0000,5350.8000,5350.6000,5350.4000,5350.0000,5352.8000,5353.0000,5353.8000,5354.0000,5355.0000,2,1,1,1,1,1,2,1,1,3
SF,IC2003,2020-01-03 09:33:21.400,5352.2000,55052,0,568276640.000,0,-,-,-,-,5351.4000,5351.2000,5351.0000,5350.6000,5350.4000,5352.8000,5353.0000,5353.8000,5354.0000,5355.0000,2,2,2,1,1,1,2,1,1,3
SF,IC2003,2020-01-03 09:33:21.900,5352.2000,55052,0,568276640.000,0,-,-,-,-,5351.6000,5351.2000,5351.0000,5350.6000,5350.4000,5352.8000,5353.0000,5353.8000,5354.0000,5355.0000,1,1,1,1,1,1,2,1,1,3
SF,IC2003,2020-01-03 09:33:22.900,5352.2000,55052,0,568276640.000,0,-,-,-,-,5351.6000,5351.2000,5351.0000,5350.6000,5350.4000,5352.6000,5352.8000,5353.0000,5353.8000,5354.0000,1,1,1,1,1,1,1,2,1,1
SF,IC2003,2020-01-03 09:33:23.900,5352.2000,55052,0,568276640.000,0,-,-,-,-,5351.6000,5351.2000,5351.0000,5350.6000,5350.4000,5352.8000,5353.0000,5353.8000,5354.0000,5355.0000,1,1,1,1,1,1,2,1,1,3
SF,IC2003,2020-01-03 09:33:24.400,5352.8000,55051,-1,569347200.000,1,0,1,双平,S,5351.6000,5351.2000,5351.0000,5350.6000,5350.4000,5353.0000,5353.8000,5354.0000,5355.0000,5355.2000,1,1,1,1,1,2,1,1,3,3
SF,IC2003,2020-01-03 09:33:24.900,5351.8000,55049,-2,571488160.000,2,0,2,双平,S,5351.0000,5350.6000,5350.4000,5350.0000,5349.0000,5353.0000,5353.8000,5354.0000,5355.0000,5355.2000,1,1,1,2,2,1,1,1,3,3
SF,IC2003,2020-01-03 09:33:25.400,5353.0000,55049,0,572558760.000,1,0,1,多换,S,5351.4000,5351.2000,5351.0000,5350.6000,5350.4000,5353.8000,5354.0000,5355.0000,5355.2000,5356.0000,1,3,1,1,1,1,1,3,3,7
SF,IC2003,2020-01-03 09:33:25.900,5353.6000,55048,-1,573629480.000,1,0,1,双平,S,5351.8000,5351.6000,5351.0000,5350.4000,5350.0000,5353.8000,5354.0000,5355.0000,5355.2000,5356.0000,3,1,1,1,2,1,1,3,3,7
SF,IC2003,2020-01-03 09:33:26.400,5353.8000,55048,0,574700240.000,1,0,1,多换,S,5352.0000,5351.8000,5351.0000,5350.4000,5350.2000,5354.0000,5355.0000,5355.2000,5356.0000,5357.0000,4,1,1,1,1,1,1,3,7,1
SF,IC2003,2020-01-03 09:33:26.900,5353.8000,55047,-1,575771000.000,1,0,1,双平,S,5352.0000,5351.8000,5351.0000,5350.4000,5350.2000,5354.0000,5355.0000,5355.2000,5356.0000,5357.0000,2,1,1,1,1,1,1,3,7,1
SF,IC2003,2020-01-03 09:33:27.400,5353.8000,55047,0,575771000.000,0,-,-,-,-,5352.4000,5352.2000,5352.0000,5351.8000,5350.4000,5354.0000,5355.0000,5355.2000,5356.0000,5357.0000,1,2,2,1,1,1,1,3,7,1
SF,IC2003,2020-01-03 09:33:27.900,5353.8000,55047,0,575771000.000,0,-,-,-,-,5352.6000,5352.0000,5351.8000,5350.4000,5350.2000,5353.8000,5354.0000,5355.0000,5355.2000,5356.0000,1,1,1,1,1,1,1,1,3,7
SF,IC2003,2020-01-03 09:33:28.900,5353.8000,55047,0,575771000.000,0,-,-,-,-,5352.8000,5352.6000,5352.0000,5351.8000,5350.2000,5353.8000,5354.0000,5355.0000,5355.2000,5356.0000,1,1,1,1,1,1,1,1,3,7
SF,IC2003,2020-01-03 09:33:29.400,5353.8000,55046,-1,576841760.000,1,0,1,双平,S,5353.0000,5352.8000,5352.0000,5351.8000,5350.2000,5354.0000,5355.0000,5355.2000,5356.0000,5357.0000,1,1,1,1,1,1,1,3,7,1
SF,IC2003,2020-01-03 09:33:29.900,5353.0000,55046,0,577912360.000,1,0,1,多换,S,5352.8000,5351.8000,5350.2000,5350.0000,5349.0000,5354.0000,5355.0000,5355.2000,5356.0000,5357.0000,1,1,1,2,2,1,1,3,7,1
SF,IC2003,2020-01-03 09:33:30.400,5354.0000,55045,-1,578983160.000,1,0,1,双平,S,5352.8000,5351.8000,5350.2000,5350.0000,5349.0000,5355.0000,5355.2000,5356.0000,5357.0000,5357.4000,1,1,1,2,2,1,3,7,1,1
SF,IC2003,2020-01-03 09:33:30.900,5354.0000,55045,0,578983160.000,0,-,-,-,-,5353.2000,5353.0000,5352.8000,5351.8000,5350.2000,5354.8000,5355.0000,5355.2000,5356.0000,5357.0000,2,1,1,1,1,2,1,3,7,1
SF,IC2003,2020-01-03 09:33:31.400,5354.8000,55044,-1,580054120.000,1,0,1,双平,S,5353.4000,5352.8000,5351.8000,5351.4000,5350.2000,5355.0000,5355.2000,5356.0000,5357.0000,5357.4000,1,1,1,2,1,1,3,7,1,1
SF,IC2003,2020-01-03 09:33:31.900,5354.8000,55044,0,580054120.000,0,-,-,-,-,5353.6000,5353.4000,5352.8000,5351.8000,5351.4000,5355.0000,5355.2000,5356.0000,5357.0000,5357.4000,1,1,1,1,2,1,3,7,1,1
SF,IC2003,2020-01-03 09:33:32.400,5355.0000,55043,-1,581125120.000,1,0,1,双平,S,5353.8000,5353.6000,5352.8000,5351.8000,5351.4000,5355.2000,5356.0000,5357.0000,5357.4000,5357.8000,1,1,1,1,2,3,7,1,1,1
SF,IC2003,2020-01-03 09:33:32.900,5355.0000,55043,0,581125120.000,0,-,-,-,-,5353.6000,5352.8000,5351.8000,5351.4000,5350.2000,5354.0000,5355.0000,5355.2000,5356.0000,5357.0000,1,1,1,2,1,1,4,3,7,1
SF,IC2003,2020-01-03 09:33:33.400,5354.0000,55042,-1,583266640.000,2,0,2,多平,S,5352.8000,5351.8000,5351.4000,5350.2000,5350.0000,5355.0000,5355.2000,5356.0000,5357.0000,5357.4000,1,1,2,1,4,4,3,7,1,1
SF,IC2003,2020-01-03 09:33:33.900,5350.2000,55042,0,587547600.000,4,2,2,多换,S,5350.0000,5349.0000,5348.8000,5348.2000,5347.8000,5354.6000,5354.8000,5355.0000,5355.2000,5356.0000,4,2,1,1,2,1,1,4,3,7
SF,IC2003,2020-01-03 09:33:34.400,5350.2000,55042,0,587547600.000,0,-,-,-,-,5351.4000,5350.4000,5350.2000,5350.0000,5349.0000,5354.4000,5354.6000,5354.8000,5355.0000,5355.2000,2,3,3,4,2,2,1,1,3,3
SF,IC2003,2020-01-03 09:33:34.900,5350.2000,55042,0,587547600.000,0,-,-,-,-,5352.0000,5351.6000,5350.4000,5350.2000,5350.0000,5354.4000,5354.6000,5354.8000,5355.0000,5355.2000,2,2,4,2,2,2,1,1,3,3
SF,IC2003,2020-01-03 09:33:35.400,5350.2000,55042,0,587547600.000,0,-,-,-,-,5352.2000,5350.8000,5350.4000,5350.2000,5350.0000,5354.2000,5354.4000,5354.6000,5354.8000,5355.0000,1,1,4,1,2,2,2,1,1,3
SF,IC2003,2020-01-03 09:33:35.900,5350.2000,55042,0,587547600.000,0,-,-,-,-,5352.4000,5352.2000,5350.8000,5350.4000,5350.2000,5354.0000,5354.2000,5354.6000,5354.8000,5355.0000,2,1,1,6,1,2,2,1,1,1
SF,IC2003,2020-01-03 09:33:36.400,5350.2000,55042,0,587547600.000,0,-,-,-,-,5352.2000,5351.2000,5350.8000,5350.4000,5350.0000,5354.0000,5354.6000,5354.8000,5355.0000,5355.2000,1,1,2,7,2,2,1,1,1,3
SF,IC2003,2020-01-03 09:33:36.900,5350.2000,55042,0,587547600.000,0,-,-,-,-,5352.6000,5352.2000,5351.2000,5350.8000,5350.4000,5353.8000,5354.0000,5354.6000,5354.8000,5355.0000,2,1,1,2,7,1,2,1,1,1
SF,IC2003,2020-01-03 09:33:37.400,5353.8000,55042,0,588618360.000,1,0,1,多换,S,5352.8000,5352.2000,5351.2000,5350.8000,5350.4000,5354.0000,5354.6000,5354.8000,5355.0000,5355.2000,1,1,1,2,7,2,1,1,1,3
SF,IC2003,2020-01-03 09:33:37.900,5353.8000,55042,0,588618360.000,0,-,-,-,-,5353.0000,5352.8000,5352.2000,5351.2000,5350.8000,5354.0000,5354.6000,5354.8000,5355.0000,5355.2000,1,1,1,1,2,2,1,1,1,3
SF,IC2003,2020-01-03 09:33:38.400,5353.8000,55042,0,588618360.000,0,-,-,-,-,5353.0000,5352.8000,5352.2000,5351.2000,5350.8000,5354.0000,5354.6000,5354.8000,5355.0000,5355.2000,2,1,1,1,2,1,1,1,1,3
SF,IC2003,2020-01-03 09:33:38.900,5353.8000,55042,0,588618360.000,0,-,-,-,-,5353.2000,5353.0000,5352.8000,5351.2000,5350.8000,5354.0000,5354.6000,5354.8000,5355.0000,5355.2000,1,2,1,1,2,1,2,1,1,3
SF,IC2003,2020-01-03 09:33:39.400,5353.8000,55042,0,588618360.000,0,-,-,-,-,5353.2000,5353.0000,5352.8000,5351.2000,5351.0000,5354.0000,5354.6000,5354.8000,5355.0000,5355.2000,1,2,1,1,1,1,2,1,1,3
SF,IC2003,2020-01-03 09:33:40.400,5353.8000,55042,0,588618360.000,0,-,-,-,-,5353.2000,5353.0000,5351.2000,5351.0000,5350.8000,5354.0000,5354.2000,5354.6000,5354.8000,5355.0000,1,2,1,1,2,1,1,2,1,1
SF,IC2003,2020-01-03 09:33:40.900,5353.8000,55042,0,588618360.000,0,-,-,-,-,5353.0000,5351.2000,5351.0000,5350.8000,5350.4000,5354.0000,5354.2000,5354.6000,5354.8000,5355.0000,2,1,1,2,5,1,1,2,1,1
SF,IC2003,2020-01-03 09:33:41.400,5353.8000,55042,0,588618360.000,0,-,-,-,-,5353.0000,5351.2000,5351.0000,5350.8000,5350.4000,5353.8000,5354.0000,5354.2000,5354.6000,5354.8000,1,1,1,2,5,1,1,1,2,1
SF,IC2003,2020-01-03 09:33:41.900,5353.8000,55042,0,588618360.000,0,-,-,-,-,5353.0000,5351.2000,5351.0000,5350.8000,5350.4000,5353.6000,5353.8000,5354.0000,5354.2000,5354.6000,1,1,2,2,6,1,1,1,1,2
SF,IC2003,2020-01-03 09:33:42.400,5353.8000,55042,0,588618360.000,0,-,-,-,-,5353.2000,5353.0000,5351.2000,5351.0000,5350.8000,5353.6000,5353.8000,5354.0000,5354.2000,5354.6000,1,1,1,2,2,1,1,1,1,2
SF,IC2003,2020-01-03 09:33:42.900,5353.8000,55042,0,588618360.000,0,-,-,-,-,5353.2000,5353.0000,5351.2000,5351.0000,5350.8000,5353.6000,5353.8000,5354.0000,5354.2000,5354.6000,1,1,1,2,1,1,1,1,1,1
SF,IC2003,2020-01-03 09:33:43.400,5353.8000,55042,0,588618360.000,0,-,-,-,-,5353.2000,5353.0000,5351.2000,5351.0000,5350.8000,5353.6000,5353.8000,5354.0000,5354.2000,5354.6000,1,1,1,2,1,1,1,3,1,1
SF,IC2003,2020-01-03 09:33:43.900,5353.6000,55041,-1,589689080.000,1,0,1,双平,S,5353.2000,5353.0000,5351.2000,5351.0000,5350.4000,5353.8000,5354.0000,5354.2000,5354.6000,5354.8000,1,1,1,2,6,1,3,1,1,1
SF,IC2003,2020-01-03 09:33:44.400,5353.6000,55041,0,589689080.000,0,-,-,-,-,5353.2000,5353.0000,5351.2000,5351.0000,5350.4000,5353.8000,5354.0000,5354.2000,5354.6000,5354.8000,1,1,1,2,6,1,3,1,1,1
SF,IC2003,2020-01-03 09:33:44.900,5353.6000,55041,0,589689080.000,0,-,-,-,-,5353.2000,5353.0000,5351.2000,5351.0000,5350.4000,5353.8000,5354.0000,5354.2000,5354.6000,5354.8000,1,1,1,2,6,1,3,1,1,1
SF,IC2003,2020-01-03 09:33:45.400,5353.0000,55039,-2,591830320.000,2,0,2,双平,S,5351.2000,5351.0000,5350.4000,5350.0000,5349.4000,5353.8000,5354.0000,5354.2000,5354.6000,5355.0000,1,2,6,3,1,1,3,1,1,1
SF,IC2003,2020-01-03 09:33:45.900,5353.0000,55039,0,591830320.000,0,-,-,-,-,5353.0000,5352.2000,5351.6000,5351.4000,5351.2000,5353.8000,5354.0000,5354.2000,5354.6000,5355.0000,1,2,2,2,2,1,3,1,1,1
SF,IC2003,2020-01-03 09:33:46.400,5353.0000,55039,0,591830320.000,0,-,-,-,-,5353.0000,5351.4000,5351.2000,5351.0000,5350.4000,5353.8000,5354.0000,5354.2000,5354.6000,5355.0000,1,2,2,2,6,1,2,1,1,1
SF,IC2003,2020-01-03 09:33:46.900,5353.0000,55039,0,591830320.000,0,-,-,-,-,5353.0000,5351.4000,5351.2000,5351.0000,5350.4000,5353.8000,5354.0000,5354.2000,5354.6000,5355.0000,1,1,2,2,6,1,2,1,1,1
SF,IC2003,2020-01-03 09:33:47.400,5353.8000,55039,0,592901080.000,1,0,1,多换,S,5353.0000,5351.4000,5351.2000,5351.0000,5350.4000,5354.0000,5354.2000,5354.6000,5355.0000,5355.2000,1,1,2,2,6,2,1,1,1,3
SF,IC2003,2020-01-03 09:33:47.900,5353.0000,55038,-1,593971680.000,1,0,1,双平,S,5351.4000,5351.2000,5351.0000,5350.4000,5350.0000,5353.0000,5354.0000,5354.2000,5354.6000,5355.0000,1,2,2,6,3,1,2,1,1,1
SF,IC2003,2020-01-03 09:33:48.400,5353.0000,55037,-1,595042280.000,1,0,1,双平,S,5351.6000,5351.4000,5351.2000,5350.4000,5350.0000,5354.0000,5354.2000,5354.6000,5355.0000,5355.2000,2,1,2,5,3,2,1,1,1,3
SF,IC2003,2020-01-03 09:33:48.900,5353.0000,55037,0,595042280.000,0,-,-,-,-,5353.2000,5352.0000,5351.8000,5351.2000,5350.4000,5353.8000,5354.0000,5354.2000,5354.6000,5355.0000,1,2,3,1,5,1,2,1,1,1
SF,IC2003,2020-01-03 09:33:49.400,5353.2000,55036,-1,596112920.000,1,0,1,双平,S,5351.8000,5351.2000,5350.4000,5350.0000,5349.4000,5354.0000,5354.2000,5354.6000,5355.0000,5355.2000,3,1,3,3,1,2,1,1,1,3
SF,IC2003,2020-01-03 09:33:49.900,5353.2000,55036,0,596112920.000,0,-,-,-,-,5352.2000,5351.8000,5351.2000,5350.4000,5350.0000,5354.0000,5354.2000,5354.6000,5355.0000,5355.2000,4,3,1,3,3,2,1,1,1,3
SF,IC2003,2020-01-03 09:33:50.400,5353.2000,55036,0,596112920.000,0,-,-,-,-,5352.6000,5352.4000,5351.8000,5351.2000,5350.4000,5354.0000,5354.2000,5354.6000,5355.0000,5355.2000,2,3,2,1,3,2,1,1,1,3
SF,IC2003,2020-01-03 09:33:50.900,5353.2000,55036,0,596112920.000,0,-,-,-,-,5352.4000,5351.8000,5351.2000,5350.4000,5350.0000,5354.0000,5354.2000,5354.6000,5355.0000,5355.2000,3,2,1,3,3,2,1,1,1,3
SF,IC2003,2020-01-03 09:33:51.400,5353.8000,55036,0,597183680.000,1,0,1,多换,S,5352.4000,5351.2000,5350.4000,5350.0000,5349.8000,5354.0000,5354.2000,5354.6000,5355.0000,5355.2000,4,1,3,3,2,2,1,1,1,3
SF,IC2003,2020-01-03 09:33:51.900,5353.8000,55036,0,597183680.000,0,-,-,-,-,5352.4000,5351.2000,5350.4000,5350.2000,5350.0000,5354.0000,5354.2000,5354.6000,5355.0000,5355.2000,2,1,3,1,3,2,1,1,1,3
SF,IC2003,2020-01-03 09:33:52.400,5353.8000,55036,0,597183680.000,0,-,-,-,-,5352.4000,5351.2000,5350.4000,5350.2000,5350.0000,5354.0000,5354.2000,5354.6000,5355.0000,5355.2000,2,1,3,1,3,3,1,1,1,3
SF,IC2003,2020-01-03 09:33:52.900,5353.8000,55036,0,597183680.000,0,-,-,-,-,5352.6000,5352.4000,5351.2000,5350.4000,5350.2000,5354.0000,5354.2000,5354.6000,5355.0000,5355.2000,1,2,1,3,1,3,1,1,1,3
SF,IC2003,2020-01-03 09:33:53.400,5353.8000,55036,0,597183680.000,0,-,-,-,-,5352.8000,5352.4000,5351.2000,5350.4000,5350.2000,5354.0000,5354.2000,5354.6000,5355.0000,5355.2000,2,1,1,3,1,3,1,1,1,3
SF,IC2003,2020-01-03 09:33:53.900,5353.8000,55036,0,597183680.000,0,-,-,-,-,5352.8000,5352.4000,5350.4000,5350.2000,5350.0000,5354.0000,5354.2000,5354.6000,5355.0000,5355.2000,2,1,3,1,2,3,1,1,1,3
SF,IC2003,2020-01-03 09:33:54.900,5353.8000,55036,0,597183680.000,0,-,-,-,-,5352.8000,5352.4000,5352.2000,5350.4000,5350.2000,5354.0000,5354.2000,5354.6000,5355.0000,5355.2000,2,1,1,3,1,3,1,1,1,3
SF,IC2003,2020-01-03 09:33:56.900,5353.8000,55036,0,597183680.000,0,-,-,-,-,5352.8000,5352.4000,5352.2000,5350.4000,5350.2000,5353.8000,5354.0000,5354.2000,5354.6000,5355.0000,2,1,1,3,1,1,3,1,1,1
SF,IC2003,2020-01-03 09:33:57.900,5353.8000,55036,0,597183680.000,0,-,-,-,-,5352.8000,5352.4000,5352.2000,5350.4000,5350.2000,5353.8000,5354.0000,5354.2000,5354.6000,5355.0000,2,1,1,2,1,1,3,1,1,1
SF,IC2003,2020-01-03 09:33:59.900,5352.8000,55036,0,598254240.000,1,0,1,多换,S,5353.0000,5352.8000,5352.4000,5352.2000,5350.4000,5353.8000,5354.0000,5354.2000,5354.6000,5355.0000,1,1,1,1,2,1,3,1,1,1
SF,IC2003,2020-01-03 09:34:00.400,5352.8000,55036,0,598254240.000,0,-,-,-,-,5353.2000,5353.0000,5352.8000,5352.4000,5352.2000,5353.8000,5354.0000,5354.2000,5354.6000,5355.0000,1,1,1,1,1,1,3,1,1,1
SF,IC2003,2020-01-03 09:34:01.900,5353.2000,55035,-1,599324880.000,1,0,1,双平,S,5353.0000,5352.8000,5352.4000,5352.2000,5352.0000,5353.2000,5353.8000,5354.0000,5354.2000,5354.6000,1,1,1,1,1,1,1,3,1,1
SF,IC2003,2020-01-03 09:34:02.400,5353.0000,55034,-1,601466080.000,2,0,2,多平,S,5352.8000,5352.4000,5352.2000,5352.0000,5350.4000,5353.8000,5354.0000,5354.2000,5354.6000,5355.0000,1,1,1,1,2,1,3,1,1,1
SF,IC2003,2020-01-03 09:34:02.900,5352.8000,55033,-1,602536640.000,1,0,1,双平,S,5352.4000,5352.0000,5350.4000,5350.2000,5350.0000,5353.8000,5354.0000,5354.2000,5354.6000,5355.0000,1,1,2,1,2,1,3,1,1,1
SF,IC2003,2020-01-03 09:34:03.400,5352.8000,55033,0,602536640.000,0,-,-,-,-,5353.0000,5352.4000,5352.0000,5350.4000,5350.2000,5353.6000,5353.8000,5354.0000,5354.2000,5354.6000,1,2,1,2,1,2,1,3,1,1
SF,IC2003,2020-01-03 09:34:03.900,5352.4000,55030,-3,605748200.000,3,0,3,双平,S,5352.0000,5350.4000,5350.2000,5350.0000,5349.0000,5352.4000,5352.8000,5353.0000,5353.6000,5353.8000,1,2,1,2,2,1,1,5,1,1
SF,IC2003,2020-01-03 09:34:04.400,5352.0000,55030,0,606818600.000,1,0,1,多换,S,5350.4000,5350.2000,5350.0000,5349.0000,5348.8000,5352.0000,5352.2000,5352.8000,5353.0000,5353.8000,1,1,2,2,1,1,1,1,3,1
SF,IC2003,2020-01-03 09:34:04.900,5352.0000,55030,0,606818600.000,0,-,-,-,-,5350.0000,5349.0000,5348.8000,5348.2000,5347.8000,5350.4000,5351.8000,5352.8000,5353.0000,5353.8000,2,2,1,1,2,1,2,1,3,1
SF,IC2003,2020-01-03 09:34:05.400,5350.4000,55029,-1,607888680.000,1,0,1,双平,S,5350.6000,5350.4000,5350.0000,5349.0000,5348.8000,5351.8000,5352.8000,5353.0000,5353.8000,5354.0000,1,6,2,2,1,1,1,2,1,3
SF,IC2003,2020-01-03 09:34:05.900,5351.8000,55028,-1,608959040.000,1,0,1,双平,S,5350.8000,5350.6000,5350.4000,5350.0000,5349.0000,5352.8000,5353.0000,5353.8000,5354.0000,5354.2000,1,1,5,2,2,1,2,1,4,1
SF,IC2003,2020-01-03 09:34:06.400,5352.0000,55027,-1,611099960.000,2,0,2,多平,S,5351.0000,5350.8000,5350.4000,5350.0000,5349.0000,5352.6000,5353.0000,5353.8000,5354.0000,5354.2000,1,2,5,2,2,1,2,1,4,1
SF,IC2003,2020-01-03 09:34:06.900,5352.0000,55027,0,611099960.000,0,-,-,-,-,5351.0000,5350.8000,5350.4000,5350.0000,5349.0000,5352.6000,5353.0000,5353.8000,5354.0000,5354.2000,1,2,5,2,2,1,2,1,4,1
SF,IC2003,2020-01-03 09:34:07.400,5352.0000,55027,0,611099960.000,0,-,-,-,-,5351.0000,5350.8000,5350.4000,5350.0000,5349.0000,5353.0000,5353.8000,5354.0000,5354.2000,5354.6000,1,2,5,2,2,2,1,4,1,1
SF,IC2003,2020-01-03 09:34:07.900,5352.0000,55027,0,611099960.000,0,-,-,-,-,5351.2000,5351.0000,5350.4000,5350.0000,5349.0000,5352.8000,5353.0000,5353.8000,5354.0000,5354.2000,3,1,5,2,2,1,2,1,4,1
SF,IC2003,2020-01-03 09:34:08.400,5351.2000,55024,-3,615381040.000,4,0,4,多平,S,5350.4000,5350.0000,5349.0000,5348.8000,5348.2000,5351.0000,5353.0000,5353.8000,5354.0000,5354.2000,5,2,2,1,1,6,2,1,4,1
SF,IC2003,2020-01-03 09:34:08.900,5351.0000,55017,-7,622872440.000,7,0,7,双平,S,5351.0000,5350.6000,5350.4000,5350.0000,5349.0000,5353.8000,5354.0000,5354.2000,5354.6000,5355.0000,3,1,2,2,2,1,4,1,1,1
SF,IC2003,2020-01-03 09:34:09.400,5351.0000,55017,0,622872440.000,0,-,-,-,-,5351.2000,5351.0000,5350.6000,5350.4000,5350.0000,5353.4000,5353.6000,5353.8000,5354.0000,5354.2000,2,3,1,2,2,1,3,1,4,1
SF,IC2003,2020-01-03 09:34:09.900,5351.0000,55017,0,622872440.000,0,-,-,-,-,5351.2000,5351.0000,5350.6000,5350.4000,5350.0000,5353.2000,5353.4000,5353.6000,5353.8000,5354.0000,2,3,1,2,2,1,1,1,1,4
SF,IC2003,2020-01-03 09:34:10.400,5351.0000,55017,0,622872440.000,0,-,-,-,-,5351.4000,5351.2000,5351.0000,5350.6000,5350.4000,5353.2000,5353.4000,5353.6000,5353.8000,5354.0000,2,2,3,1,2,1,1,1,1,4
SF,IC2003,2020-01-03 09:34:10.900,5353.0000,55016,-1,623943040.000,1,0,1,双平,S,5351.8000,5351.6000,5351.2000,5351.0000,5350.6000,5353.2000,5353.4000,5353.6000,5353.8000,5354.0000,2,1,2,3,1,1,1,1,1,4
SF,IC2003,2020-01-03 09:34:11.400,5353.0000,55016,0,623943040.000,0,-,-,-,-,5351.6000,5351.2000,5351.0000,5350.6000,5350.4000,5353.2000,5353.4000,5353.6000,5353.8000,5354.0000,1,2,3,1,2,1,1,1,1,4
SF,IC2003,2020-01-03 09:34:11.900,5353.0000,55016,0,623943040.000,0,-,-,-,-,5351.6000,5351.2000,5351.0000,5350.6000,5350.4000,5353.2000,5353.4000,5353.6000,5353.8000,5354.0000,2,1,3,1,2,1,1,1,1,4
SF,IC2003,2020-01-03 09:34:12.400,5353.2000,55015,-1,625013680.000,1,0,1,双平,S,5351.8000,5351.6000,5351.2000,5351.0000,5350.6000,5353.4000,5353.6000,5353.8000,5354.0000,5354.2000,1,1,1,3,1,1,1,1,4,1
SF,IC2003,2020-01-03 09:34:12.900,5353.2000,55015,0,625013680.000,0,-,-,-,-,5351.8000,5351.6000,5351.2000,5351.0000,5350.6000,5353.2000,5353.4000,5353.6000,5353.8000,5354.0000,1,1,1,3,1,2,1,1,1,4
SF,IC2003,2020-01-03 09:34:13.400,5353.2000,55015,0,625013680.000,0,-,-,-,-,5352.0000,5351.8000,5351.6000,5351.0000,5350.4000,5353.2000,5353.4000,5353.6000,5353.8000,5354.0000,1,1,1,3,2,1,1,1,1,4
SF,IC2003,2020-01-03 09:34:13.900,5353.2000,55015,0,625013680.000,0,-,-,-,-,5351.8000,5351.6000,5351.0000,5350.4000,5350.0000,5353.0000,5353.2000,5353.4000,5353.6000,5353.8000,1,1,3,2,3,1,1,1,1,1
SF,IC2003,2020-01-03 09:34:14.400,5353.2000,55015,0,625013680.000,0,-,-,-,-,5351.8000,5351.6000,5351.0000,5350.4000,5350.0000,5353.0000,5353.4000,5353.6000,5353.8000,5354.0000,1,1,3,2,3,1,1,1,1,4
SF,IC2003,2020-01-03 09:34:14.900,5353.2000,55015,0,625013680.000,0,-,-,-,-,5351.8000,5351.0000,5350.4000,5350.0000,5349.0000,5353.0000,5353.4000,5353.6000,5353.8000,5354.0000,1,3,2,3,2,1,1,1,1,4
SF,IC2003,2020-01-03 09:34:15.400,5353.2000,55015,0,625013680.000,0,-,-,-,-,5351.8000,5351.0000,5350.4000,5350.0000,5349.0000,5353.0000,5353.4000,5353.6000,5353.8000,5354.0000,1,5,2,2,2,1,1,1,1,4
SF,IC2003,2020-01-03 09:34:15.900,5353.2000,55015,0,625013680.000,0,-,-,-,-,5353.0000,5351.8000,5351.0000,5350.4000,5350.0000,5353.4000,5353.6000,5353.8000,5354.0000,5354.2000,1,1,5,2,2,1,1,1,4,1
SF,IC2003,2020-01-03 09:34:16.400,5353.0000,55015,0,626084280.000,1,0,1,多换,S,5351.8000,5351.0000,5350.4000,5350.0000,5349.0000,5352.8000,5353.4000,5353.6000,5353.8000,5354.0000,1,2,1,2,2,1,1,1,1,4
SF,IC2003,2020-01-03 09:34:17.900,5353.0000,55015,0,626084280.000,0,-,-,-,-,5352.8000,5351.8000,5351.0000,5350.4000,5350.0000,5353.4000,5353.6000,5353.8000,5354.0000,5354.2000,1,1,2,1,2,1,1,1,4,1
SF,IC2003,2020-01-03 09:34:18.400,5353.2000,55015,0,627154920.000,1,0,1,多换,S,5351.8000,5351.0000,5350.4000,5350.0000,5349.0000,5353.4000,5353.6000,5353.8000,5354.0000,5354.2000,1,2,1,2,2,1,1,1,4,1
SF,IC2003,2020-01-03 09:34:18.900,5353.2000,55015,0,627154920.000,0,-,-,-,-,5352.8000,5352.0000,5351.8000,5351.0000,5350.4000,5353.6000,5353.8000,5354.0000,5354.2000,5354.6000,1,1,3,2,1,1,1,4,1,1
SF,IC2003,2020-01-03 09:34:19.400,5352.8000,55015,0,629296120.000,2,1,1,多换,S,5352.0000,5351.8000,5351.0000,5350.4000,5350.0000,5352.8000,5353.8000,5354.0000,5354.2000,5354.6000,1,3,2,1,2,5,1,4,1,1
SF,IC2003,2020-01-03 09:34:19.900,5352.8000,55010,-5,634648920.000,5,0,5,双平,S,5352.8000,5352.0000,5351.8000,5351.0000,5350.0000,5353.8000,5354.0000,5354.2000,5354.6000,5355.0000,1,1,3,2,2,1,4,1,1,1
SF,IC2003,2020-01-03 09:34:20.400,5353.8000,55010,0,635719680.000,1,0,1,多换,S,5353.8000,5352.0000,5351.8000,5351.0000,5350.0000,5354.0000,5354.2000,5354.6000,5355.0000,5355.2000,1,1,2,2,2,4,1,1,1,3
SF,IC2003,2020-01-03 09:34:20.900,5353.8000,55010,0,636790440.000,1,0,1,多换,S,5352.0000,5351.8000,5351.0000,5350.0000,5349.0000,5353.6000,5353.8000,5354.0000,5354.2000,5354.6000,1,2,3,2,2,1,4,4,1,1
SF,IC2003,2020-01-03 09:34:21.400,5353.8000,55010,0,636790440.000,0,-,-,-,-,5352.0000,5351.8000,5351.0000,5350.0000,5349.0000,5353.6000,5353.8000,5354.0000,5354.2000,5354.6000,1,1,3,2,2,1,1,4,1,1
SF,IC2003,2020-01-03 09:34:21.900,5353.8000,55010,0,636790440.000,0,-,-,-,-,5353.6000,5352.2000,5352.0000,5351.0000,5350.0000,5353.8000,5354.0000,5354.2000,5354.6000,5355.0000,1,1,2,3,2,1,4,1,1,1
SF,IC2003,2020-01-03 09:34:22.400,5353.8000,55011,1,637861200.000,1,1,0,双开,S,5353.8000,5352.2000,5352.0000,5351.0000,5350.0000,5354.0000,5354.2000,5354.6000,5355.0000,5355.2000,2,1,2,3,2,3,1,1,1,3
SF,IC2003,2020-01-03 09:34:22.900,5354.0000,55011,0,640002760.000,2,1,1,多换,S,5352.2000,5352.0000,5351.8000,5351.0000,5350.0000,5354.0000,5354.2000,5354.6000,5355.0000,5355.2000,1,2,1,3,2,2,1,1,1,3
SF,IC2003,2020-01-03 09:34:23.400,5354.0000,55011,0,640002760.000,0,-,-,-,-,5352.6000,5352.4000,5352.0000,5351.8000,5351.0000,5354.0000,5354.2000,5354.6000,5355.0000,5355.2000,2,3,1,1,3,2,1,1,1,3
SF,IC2003,2020-01-03 09:34:23.900,5354.0000,55011,0,640002760.000,0,-,-,-,-,5352.8000,5352.4000,5352.0000,5351.8000,5351.0000,5354.0000,5354.2000,5354.6000,5355.0000,5355.2000,1,2,1,1,3,2,1,1,1,3
SF,IC2003,2020-01-03 09:34:24.400,5354.0000,55011,0,640002760.000,0,-,-,-,-,5352.8000,5352.4000,5352.0000,5351.8000,5351.0000,5354.0000,5354.2000,5354.6000,5355.0000,5355.2000,1,2,2,1,3,2,1,1,1,3
SF,IC2003,2020-01-03 09:34:24.900,5354.0000,55010,-1,641073560.000,1,0,1,双平,S,5352.8000,5352.4000,5352.0000,5351.8000,5351.0000,5354.0000,5354.2000,5354.6000,5355.0000,5355.2000,1,1,1,1,3,1,1,1,1,3
SF,IC2003,2020-01-03 09:34:25.400,5354.0000,55010,0,641073560.000,0,-,-,-,-,5353.0000,5352.8000,5352.4000,5352.0000,5351.8000,5354.0000,5354.2000,5354.6000,5355.0000,5355.2000,2,1,1,1,1,1,1,1,1,3
SF,IC2003,2020-01-03 09:34:25.900,5354.0000,55010,0,641073560.000,0,-,-,-,-,5353.0000,5352.8000,5352.4000,5352.0000,5351.8000,5354.0000,5354.2000,5354.6000,5355.2000,5356.0000,2,1,1,1,1,2,1,1,3,8
SF,IC2003,2020-01-03 09:34:27.400,5354.0000,55010,0,641073560.000,0,-,-,-,-,5353.0000,5352.8000,5352.4000,5352.0000,5351.8000,5354.0000,5354.6000,5355.2000,5356.0000,5357.0000,3,1,1,1,1,2,1,3,8,1
