市场代码,合约代码,时间,最新,持仓,增仓,成交额,成交量,开仓,平仓,成交类型,方向,买一价,买二价,买三价,买四价,买五价,卖一价,卖二价,卖三价,卖四价,卖五价,买一量,买二量,买三量,买四量,买五量,卖一量,卖二量,卖三量,卖四量,卖五量
SF,IC2009,2020-05-21 09:29:00.300,5228.6000,41449,0,5228600.000,5.000,-,-,-,-,5228.0000,5226.4000,5225.0000,5224.6000,5224.4000,5228.6000,5229.8000,5230.0000,5231.0000,5232.0000,2,5,1,1,5,6,1,4,1,5
SF,IC2009,2020-05-21 09:30:00.300,5234.0000,41447,-2,30338920.000,24,11,13,多平,S,5233.6000,5233.4000,5233.2000,5233.0000,5232.8000,5236.0000,5237.6000,5238.0000,5239.0000,5239.6000,1,1,1,4,2,2,1,1,1,1
SF,IC2009,2020-05-21 09:30:00.800,5233.6000,41444,-3,39761360.000,9,3,6,多平,S,5234.0000,5233.4000,5233.2000,5233.0000,5232.8000,5235.8000,5236.0000,5237.6000,5238.0000,5239.0000,1,1,1,4,1,2,2,1,2,1
SF,IC2009,2020-05-21 09:30:01.300,5236.0000,41441,-3,43949880.000,4,0,4,多平,S,5236.0000,5234.2000,5234.0000,5233.8000,5233.0000,5237.6000,5238.0000,5239.0000,5239.6000,5240.4000,1,1,3,1,4,1,2,1,1,1
SF,IC2009,2020-05-21 09:30:01.800,5234.2000,41438,-3,49185560.000,5,1,4,多平,S,5233.8000,5233.0000,5232.6000,5232.0000,5231.0000,5236.2000,5236.4000,5236.6000,5237.4000,5237.6000,1,4,1,6,11,1,2,1,1,1
SF,IC2009,2020-05-21 09:30:02.300,5236.0000,41436,-2,53375280.000,4,1,3,多平,S,5233.8000,5233.4000,5233.0000,5232.6000,5232.0000,5238.0000,5239.0000,5239.6000,5240.4000,5243.0000,3,1,4,1,6,2,1,1,1,1
SF,IC2009,2020-05-21 09:30:02.800,5237.6000,41435,-1,56517960.000,3,1,2,多平,S,5235.8000,5235.0000,5234.8000,5234.6000,5234.4000,5238.0000,5239.0000,5239.6000,5240.4000,5243.0000,5,1,1,2,3,1,1,1,1,1
SF,IC2009,2020-05-21 09:30:03.300,5235.8000,41434,-1,57565120.000,1,0,1,双平,S,5235.8000,5234.2000,5234.0000,5233.8000,5233.0000,5236.0000,5236.2000,5236.4000,5236.6000,5237.8000,4,1,1,1,4,1,1,2,1,3
SF,IC2009,2020-05-21 09:30:03.800,5235.8000,41430,-4,61753760.000,4,0,4,双平,S,5234.2000,5233.8000,5233.0000,5232.0000,5231.0000,5235.8000,5236.0000,5237.6000,5237.8000,5238.0000,1,1,4,6,11,10,3,1,3,3
SF,IC2009,2020-05-21 09:30:04.300,5235.8000,41429,-1,63848080.000,2,0,2,多平,S,5234.6000,5234.4000,5234.2000,5233.8000,5233.0000,5235.8000,5236.0000,5237.6000,5238.0000,5239.0000,1,1,5,1,4,8,3,1,2,1
SF,IC2009,2020-05-21 09:30:04.800,5235.8000,41429,0,65942400.000,2,1,1,多换,S,5234.8000,5234.6000,5234.4000,5234.2000,5233.8000,5235.6000,5235.8000,5236.0000,5238.0000,5239.0000,1,1,1,4,1,1,7,3,2,1
SF,IC2009,2020-05-21 09:30:05.300,5235.6000,41428,-1,68036640.000,2,0,2,多平,S,5235.2000,5234.8000,5234.6000,5234.4000,5234.2000,5235.4000,5235.8000,5238.0000,5239.0000,5239.6000,2,2,1,1,3,5,1,2,1,1
SF,IC2009,2020-05-21 09:30:05.800,5235.4000,41423,-5,74319080.000,6,0,6,多平,S,5235.4000,5235.2000,5234.8000,5234.6000,5234.4000,5235.6000,5235.8000,5238.0000,5239.0000,5239.6000,2,1,2,1,1,1,1,2,1,1
SF,IC2009,2020-05-21 09:30:06.300,5235.8000,41419,-4,79554560.000,5,0,5,多平,S,5235.4000,5234.6000,5234.4000,5234.2000,5233.8000,5238.0000,5239.0000,5239.6000,5240.4000,5243.0000,1,1,1,2,1,2,1,1,1,1
SF,IC2009,2020-05-21 09:30:06.800,5235.4000,41418,-1,80601640.000,1,0,1,双平,S,5235.6000,5234.2000,5233.8000,5233.0000,5232.0000,5236.0000,5236.8000,5237.8000,5238.0000,5239.0000,1,2,1,4,5,1,1,4,2,1
SF,IC2009,2020-05-21 09:30:07.300,5235.6000,41417,-1,82695880.000,2,0,2,多平,S,5234.2000,5233.8000,5233.0000,5232.0000,5231.0000,5234.8000,5235.4000,5236.0000,5237.8000,5238.0000,2,1,4,5,11,4,1,1,5,2
SF,IC2009,2020-05-21 09:30:07.800,5234.4000,41416,-1,83742760.000,1,0,1,双平,S,5234.2000,5233.8000,5233.0000,5232.0000,5231.0000,5234.8000,5236.0000,5237.0000,5237.8000,5238.0000,1,1,4,5,11,4,1,1,5,2
SF,IC2009,2020-05-21 09:30:08.300,5234.4000,41416,0,83742760.000,0,-,-,-,-,5233.8000,5233.0000,5232.0000,5231.0000,5230.6000,5234.2000,5234.8000,5236.0000,5236.2000,5237.0000,1,4,5,11,1,2,4,1,1,1
SF,IC2009,2020-05-21 09:30:08.800,5234.0000,41415,-1,87929960.000,4,1,3,多平,S,5233.0000,5232.0000,5231.0000,5230.6000,5230.4000,5234.2000,5234.8000,5235.2000,5236.0000,5236.2000,4,5,11,1,1,1,4,1,1,1
SF,IC2009,2020-05-21 09:30:09.300,5234.0000,41415,0,87929960.000,0,-,-,-,-,5233.2000,5233.0000,5232.0000,5231.0000,5230.6000,5233.6000,5234.2000,5234.8000,5235.2000,5236.0000,1,4,5,6,1,1,3,4,1,1
SF,IC2009,2020-05-21 09:30:09.800,5233.0000,41414,-1,91069800.000,3,1,2,多平,S,5233.0000,5232.0000,5231.0000,5230.6000,5229.6000,5233.4000,5234.2000,5234.8000,5235.2000,5236.0000,2,5,6,1,3,1,4,4,1,1
SF,IC2009,2020-05-21 09:30:10.300,5232.0000,41414,0,94209400.000,3,1,2,多换,S,5232.0000,5231.0000,5230.6000,5229.6000,5229.2000,5232.2000,5232.8000,5233.0000,5233.2000,5233.4000,4,1,1,3,20,1,5,1,1,3
SF,IC2009,2020-05-21 09:30:10.800,5232.2000,41413,-1,99441440.000,5,2,3,多平,S,5231.0000,5230.6000,5229.6000,5229.2000,5228.6000,5232.0000,5233.0000,5233.2000,5233.4000,5234.2000,1,1,3,20,2,5,1,1,3,3
SF,IC2009,2020-05-21 09:30:11.300,5232.2000,41413,0,99441440.000,0,-,-,-,-,5231.0000,5230.6000,5229.6000,5229.2000,5228.6000,5232.0000,5233.0000,5233.2000,5233.4000,5233.6000,1,1,3,20,2,6,1,1,3,1
SF,IC2009,2020-05-21 09:30:11.800,5232.2000,41413,0,100487880.000,1,0,1,多换,S,5231.0000,5230.6000,5229.6000,5229.2000,5228.6000,5231.4000,5231.6000,5231.8000,5232.0000,5233.0000,1,1,3,20,2,1,1,1,6,1
SF,IC2009,2020-05-21 09:30:12.300,5231.0000,41413,0,101534080.000,1,0,1,多换,S,5230.6000,5229.6000,5229.2000,5228.6000,5227.6000,5231.8000,5232.0000,5233.0000,5233.2000,5233.4000,1,3,20,1,1,1,6,1,1,2
SF,IC2009,2020-05-21 09:30:12.800,5231.0000,41413,0,102580280.000,1,0,1,多换,S,5230.6000,5229.6000,5229.2000,5228.6000,5227.6000,5231.8000,5232.0000,5233.0000,5233.2000,5233.4000,1,3,20,1,1,1,6,1,1,2
SF,IC2009,2020-05-21 09:30:13.300,5230.8000,41412,-1,104672560.000,2,0,2,多平,S,5229.6000,5229.2000,5228.6000,5227.6000,5226.4000,5231.0000,5231.6000,5231.8000,5232.0000,5232.6000,3,20,1,1,5,1,3,1,6,1
SF,IC2009,2020-05-21 09:30:13.800,5230.8000,41412,0,104672560.000,0,-,-,-,-,5229.8000,5229.6000,5229.2000,5228.6000,5227.6000,5230.6000,5232.0000,5232.6000,5233.0000,5233.2000,1,3,20,1,1,2,6,1,1,1
SF,IC2009,2020-05-21 09:30:14.300,5230.8000,41412,0,104672560.000,0,-,-,-,-,5229.8000,5229.6000,5229.2000,5228.6000,5227.6000,5230.4000,5230.6000,5230.8000,5231.0000,5232.0000,1,3,20,1,1,1,2,1,1,6
SF,IC2009,2020-05-21 09:30:14.800,5230.4000,41411,-1,105718640.000,1,0,1,双平,S,5229.6000,5229.2000,5228.6000,5227.6000,5226.4000,5230.6000,5231.8000,5232.0000,5232.6000,5233.2000,3,20,1,1,5,2,1,6,1,1
SF,IC2009,2020-05-21 09:30:15.300,5230.4000,41411,0,105718640.000,0,-,-,-,-,5230.4000,5229.6000,5229.2000,5228.6000,5227.6000,5230.6000,5231.8000,5232.0000,5232.6000,5233.0000,1,3,20,1,1,2,1,6,1,1
SF,IC2009,2020-05-21 09:30:15.800,5230.6000,41409,-2,107810880.000,2,0,2,双平,S,5230.4000,5229.6000,5229.2000,5228.6000,5227.6000,5231.8000,5232.0000,5232.6000,5233.0000,5233.2000,1,3,20,1,1,1,6,1,1,1
SF,IC2009,2020-05-21 09:30:16.300,5230.4000,41409,0,108856960.000,1,0,1,多换,S,5229.6000,5229.2000,5228.6000,5227.6000,5226.4000,5231.2000,5231.6000,5231.8000,5232.0000,5232.6000,3,20,1,1,5,1,1,1,6,1
SF,IC2009,2020-05-21 09:30:16.800,5229.6000,41404,-5,114086800.000,5,0,5,双平,S,5229.6000,5229.2000,5228.6000,5227.6000,5226.4000,5231.8000,5232.0000,5232.6000,5233.0000,5233.2000,1,20,1,1,5,1,1,1,1,1
SF,IC2009,2020-05-21 09:30:17.300,5229.6000,41404,0,114086800.000,0,-,-,-,-,5230.6000,5229.6000,5229.2000,5228.6000,5227.6000,5231.8000,5232.0000,5232.6000,5233.0000,5233.2000,2,2,20,1,1,1,1,1,1,1
SF,IC2009,2020-05-21 09:30:17.800,5229.6000,41404,0,114086800.000,0,-,-,-,-,5230.2000,5229.6000,5229.2000,5228.6000,5227.6000,5231.8000,5232.0000,5232.6000,5233.0000,5233.2000,1,1,20,1,1,2,1,1,1,1
SF,IC2009,2020-05-21 09:30:18.300,5229.6000,41404,0,115132720.000,1,0,1,多换,S,5230.2000,5229.6000,5229.2000,5228.6000,5227.6000,5231.8000,5232.0000,5232.6000,5233.0000,5233.2000,2,1,20,1,1,1,1,1,1,1
SF,IC2009,2020-05-21 09:30:18.800,5230.2000,41402,-2,117225120.000,2,0,2,双平,S,5229.6000,5229.2000,5228.6000,5227.6000,5226.4000,5231.2000,5231.8000,5232.0000,5232.6000,5233.0000,1,20,1,1,5,1,1,1,1,1
SF,IC2009,2020-05-21 09:30:19.300,5230.2000,41402,0,117225120.000,0,-,-,-,-,5229.6000,5229.2000,5228.6000,5227.6000,5226.4000,5230.2000,5231.2000,5231.6000,5231.8000,5232.0000,2,20,1,1,5,1,3,3,2,1
SF,IC2009,2020-05-21 09:30:19.800,5230.2000,41401,-1,118271160.000,1,0,1,双平,S,5229.6000,5229.2000,5228.6000,5227.6000,5226.4000,5230.2000,5230.6000,5231.2000,5231.6000,5231.8000,2,20,1,1,5,1,1,2,3,1
SF,IC2009,2020-05-21 09:30:20.800,5230.2000,41401,0,118271160.000,0,-,-,-,-,5229.6000,5229.2000,5228.6000,5227.6000,5226.4000,5230.2000,5230.6000,5231.2000,5231.6000,5231.8000,2,20,1,1,5,2,1,1,3,1
SF,IC2009,2020-05-21 09:30:21.300,5230.2000,41402,1,119317200.000,1,1,0,双开,S,5230.0000,5229.6000,5229.2000,5228.6000,5227.6000,5230.2000,5230.6000,5231.6000,5231.8000,5232.0000,3,2,20,1,1,2,1,3,1,1
SF,IC2009,2020-05-21 09:30:21.800,5230.0000,41402,0,122455200.000,3,1,2,多换,S,5229.6000,5229.2000,5228.6000,5227.6000,5226.4000,5230.2000,5230.6000,5231.6000,5231.8000,5232.0000,2,20,1,1,5,2,1,3,1,1
SF,IC2009,2020-05-21 09:30:22.300,5229.6000,41400,-2,124547040.000,2,0,2,双平,S,5229.2000,5228.6000,5227.6000,5226.4000,5224.6000,5230.0000,5230.2000,5231.6000,5231.8000,5232.0000,20,1,1,5,1,1,2,3,1,1
SF,IC2009,2020-05-21 09:30:22.800,5230.0000,41400,0,125593040.000,1,0,1,多换,S,5229.2000,5228.6000,5228.0000,5227.6000,5226.4000,5229.6000,5230.0000,5230.2000,5231.6000,5231.8000,20,1,1,1,5,1,1,1,3,1
SF,IC2009,2020-05-21 09:30:23.300,5229.2000,41398,-2,132913920.000,7,2,5,多平,S,5229.2000,5228.6000,5228.0000,5227.6000,5226.4000,5229.6000,5229.8000,5230.0000,5230.2000,5231.6000,13,1,1,1,5,1,1,2,1,3
SF,IC2009,2020-05-21 09:30:23.800,5230.0000,41399,1,142327160.000,9,5,4,空开,S,5229.2000,5228.6000,5228.0000,5227.6000,5226.4000,5230.0000,5230.2000,5231.6000,5231.8000,5232.0000,11,1,1,1,5,1,1,3,1,1
SF,IC2009,2020-05-21 09:30:24.300,5230.0000,41399,0,142327160.000,0,-,-,-,-,5229.2000,5228.6000,5228.0000,5227.6000,5226.4000,5229.4000,5230.0000,5230.2000,5231.6000,5231.8000,11,1,1,1,5,1,1,1,3,1
SF,IC2009,2020-05-21 09:30:24.800,5229.2000,41396,-3,153831400.000,11,4,7,多平,S,5228.6000,5228.0000,5227.6000,5226.4000,5224.6000,5228.8000,5229.0000,5229.2000,5230.0000,5230.2000,1,1,1,5,1,4,5,10,1,1
SF,IC2009,2020-05-21 09:30:25.300,5228.6000,41394,-2,155922840.000,2,0,2,双平,S,5228.0000,5227.6000,5226.4000,5224.6000,5224.4000,5228.4000,5230.0000,5230.2000,5230.6000,5231.6000,1,1,5,1,5,2,1,1,1,3
SF,IC2009,2020-05-21 09:30:25.800,5228.4000,41390,-4,160105560.000,4,0,4,双平,S,5228.0000,5227.6000,5226.4000,5224.6000,5224.4000,5230.0000,5230.2000,5230.6000,5231.6000,5231.8000,1,1,5,1,5,1,1,1,3,1
SF,IC2009,2020-05-21 09:30:26.300,5228.0000,41390,0,161151160.000,1,0,1,多换,S,5227.6000,5226.4000,5224.6000,5224.4000,5222.4000,5228.8000,5229.8000,5230.0000,5230.2000,5230.6000,1,5,1,5,5,1,3,3,1,1
SF,IC2009,2020-05-21 09:30:26.800,5229.8000,41388,-2,163243080.000,2,0,2,双平,S,5227.6000,5226.4000,5224.6000,5224.4000,5222.4000,5229.8000,5230.0000,5230.2000,5230.6000,5231.6000,2,5,1,5,5,1,1,1,1,3
SF,IC2009,2020-05-21 09:30:27.300,5229.8000,41388,0,163243080.000,0,-,-,-,-,5228.8000,5228.0000,5227.6000,5226.4000,5224.6000,5230.0000,5230.2000,5230.6000,5231.6000,5232.0000,1,2,3,5,1,1,1,1,3,1
SF,IC2009,2020-05-21 09:30:27.800,5230.0000,41388,0,165335080.000,2,1,1,多换,S,5230.0000,5228.8000,5228.0000,5227.6000,5226.4000,5230.2000,5230.6000,5231.6000,5232.0000,5233.0000,6,2,3,2,5,1,1,3,1,1
SF,IC2009,2020-05-21 09:30:28.300,5230.0000,41387,-1,168473120.000,3,1,2,多平,S,5230.0000,5229.2000,5228.8000,5228.0000,5227.6000,5231.6000,5232.0000,5233.0000,5233.2000,5233.4000,5,1,1,3,1,3,1,1,1,2
SF,IC2009,2020-05-21 09:30:28.800,5230.0000,41387,0,168473120.000,0,-,-,-,-,5230.2000,5230.0000,5229.2000,5228.8000,5228.0000,5230.6000,5231.4000,5231.6000,5232.0000,5233.0000,2,5,1,1,2,1,1,3,1,1
SF,IC2009,2020-05-21 09:30:29.300,5230.2000,41387,0,169519160.000,1,0,1,多换,S,5230.2000,5230.0000,5229.2000,5228.0000,5227.6000,5231.4000,5231.6000,5232.0000,5233.0000,5233.2000,1,5,1,2,1,1,3,1,1,1
SF,IC2009,2020-05-21 09:30:29.800,5230.2000,41387,0,169519160.000,0,-,-,-,-,5230.2000,5230.0000,5229.2000,5228.0000,5227.6000,5231.4000,5231.6000,5232.0000,5233.0000,5233.2000,1,5,1,2,1,2,3,1,1,1
SF,IC2009,2020-05-21 09:30:30.300,5230.0000,41384,-3,172657200.000,3,0,3,双平,S,5230.0000,5229.2000,5228.0000,5227.6000,5226.4000,5230.2000,5231.2000,5231.4000,5231.6000,5232.0000,3,1,2,1,5,3,1,3,3,1
SF,IC2009,2020-05-21 09:30:30.800,5230.0000,41380,-4,176841280.000,4,0,4,双平,S,5230.0000,5229.2000,5228.0000,5227.6000,5226.4000,5230.2000,5231.4000,5231.6000,5232.0000,5233.0000,1,1,2,1,5,1,2,3,1,1
SF,IC2009,2020-05-21 09:30:31.300,5230.0000,41379,-1,177887280.000,1,0,1,双平,S,5229.2000,5228.0000,5227.6000,5226.4000,5224.6000,5230.2000,5231.4000,5231.6000,5232.0000,5233.0000,1,2,1,5,1,1,1,3,1,1
SF,IC2009,2020-05-21 09:30:31.800,5230.2000,41378,-1,178933320.000,1,0,1,双平,S,5229.2000,5228.0000,5227.6000,5226.4000,5224.6000,5229.8000,5230.0000,5230.2000,5231.4000,5231.6000,3,2,1,5,1,1,1,5,1,3
SF,IC2009,2020-05-21 09:30:32.300,5229.8000,41377,-1,179979280.000,1,0,1,双平,S,5229.2000,5228.0000,5227.6000,5226.4000,5224.6000,5230.0000,5230.2000,5231.6000,5232.0000,5233.0000,2,2,1,5,1,1,5,3,1,1
SF,IC2009,2020-05-21 09:30:32.800,5230.0000,41376,-1,181025280.000,1,0,1,双平,S,5229.8000,5229.6000,5229.4000,5228.0000,5227.6000,5230.2000,5232.0000,5233.0000,5233.2000,5233.4000,2,1,1,2,1,5,1,1,1,2
SF,IC2009,2020-05-21 09:30:33.300,5230.2000,41375,-1,187301520.000,6,2,4,多平,S,5229.8000,5229.6000,5229.4000,5229.0000,5228.8000,5231.0000,5232.0000,5233.0000,5233.2000,5233.4000,2,1,1,3,1,1,1,1,1,2
SF,IC2009,2020-05-21 09:30:33.800,5231.0000,41374,-1,188347720.000,1,0,1,双平,S,5230.0000,5229.6000,5229.0000,5228.8000,5228.0000,5232.0000,5233.0000,5233.2000,5233.4000,5234.2000,2,1,3,1,2,1,1,1,2,1
SF,IC2009,2020-05-21 09:30:34.300,5231.0000,41374,0,188347720.000,0,-,-,-,-,5230.4000,5230.2000,5230.0000,5229.0000,5228.8000,5232.0000,5233.0000,5233.2000,5233.4000,5234.2000,1,1,5,3,1,1,1,1,2,1
SF,IC2009,2020-05-21 09:30:34.800,5230.4000,41374,0,189393800.000,1,0,1,多换,S,5230.4000,5230.2000,5230.0000,5229.0000,5228.8000,5232.0000,5232.6000,5233.0000,5233.2000,5233.4000,2,1,3,3,2,1,1,1,1,2
SF,IC2009,2020-05-21 09:30:35.800,5230.4000,41373,-1,190439880.000,1,0,1,双平,S,5230.4000,5230.2000,5230.0000,5229.0000,5228.8000,5232.0000,5232.6000,5233.0000,5233.2000,5233.4000,1,1,3,4,2,2,1,1,1,2
SF,IC2009,2020-05-21 09:30:36.300,5230.4000,41373,0,191485960.000,1,0,1,多换,S,5230.2000,5230.0000,5229.0000,5228.8000,5228.0000,5231.4000,5232.0000,5232.6000,5233.2000,5233.4000,1,3,4,2,1,1,2,1,1,2
SF,IC2009,2020-05-21 09:30:36.800,5230.4000,41373,0,191485960.000,0,-,-,-,-,5230.0000,5229.0000,5228.8000,5228.0000,5227.6000,5231.2000,5231.4000,5231.8000,5232.0000,5232.6000,3,4,2,1,1,1,4,1,2,1
SF,IC2009,2020-05-21 09:30:37.300,5230.4000,41373,0,191485960.000,0,-,-,-,-,5230.0000,5229.0000,5228.8000,5228.0000,5227.6000,5231.2000,5231.4000,5231.8000,5232.0000,5232.6000,3,4,2,1,1,4,1,1,1,1
SF,IC2009,2020-05-21 09:30:37.800,5230.4000,41373,0,191485960.000,0,-,-,-,-,5230.2000,5230.0000,5229.0000,5228.8000,5228.0000,5231.2000,5231.4000,5232.0000,5232.6000,5233.2000,1,3,4,2,1,2,1,1,1,1
SF,IC2009,2020-05-21 09:30:38.300,5231.2000,41372,-1,193578440.000,2,0,2,多平,S,5230.2000,5230.0000,5229.0000,5228.8000,5228.0000,5231.4000,5232.0000,5232.6000,5233.2000,5233.4000,1,3,4,2,1,1,1,1,1,2
SF,IC2009,2020-05-21 09:30:39.800,5230.8000,41372,0,194624600.000,1,0,1,多换,S,5230.8000,5230.2000,5230.0000,5229.0000,5228.8000,5231.4000,5232.0000,5232.6000,5233.2000,5233.4000,5,1,3,4,2,1,1,1,1,2
SF,IC2009,2020-05-21 09:30:40.300,5230.8000,41372,0,195670760.000,1,0,1,多换,S,5230.8000,5230.2000,5230.0000,5229.0000,5228.8000,5231.4000,5232.0000,5232.6000,5233.2000,5233.4000,4,1,3,4,2,1,1,1,1,2
SF,IC2009,2020-05-21 09:30:40.800,5230.8000,41372,0,197763080.000,2,1,1,多换,S,5230.8000,5230.2000,5230.0000,5229.0000,5228.8000,5231.4000,5232.0000,5232.6000,5233.2000,5233.4000,2,1,3,4,2,1,1,1,1,2
SF,IC2009,2020-05-21 09:30:41.800,5230.8000,41372,0,197763080.000,0,-,-,-,-,5230.8000,5230.2000,5230.0000,5229.0000,5228.8000,5231.4000,5232.0000,5232.6000,5233.2000,5233.4000,2,1,3,4,1,1,1,1,1,2
SF,IC2009,2020-05-21 09:30:42.300,5230.8000,41372,0,197763080.000,0,-,-,-,-,5230.8000,5230.2000,5230.0000,5229.0000,5228.8000,5231.2000,5231.4000,5232.0000,5232.6000,5233.2000,2,1,3,4,1,1,5,1,1,1
SF,IC2009,2020-05-21 09:30:42.800,5231.0000,41372,0,199855440.000,2,1,1,多换,S,5230.8000,5230.2000,5230.0000,5229.0000,5228.8000,5231.4000,5232.0000,5232.6000,5233.2000,5233.4000,1,1,3,4,1,5,1,1,1,2
SF,IC2009,2020-05-21 09:30:43.300,5230.8000,41373,1,201947760.000,2,1,1,空开,S,5230.2000,5230.0000,5229.0000,5228.8000,5228.0000,5231.2000,5231.4000,5232.0000,5232.6000,5233.2000,1,3,4,1,1,1,4,1,1,1
SF,IC2009,2020-05-21 09:30:43.800,5230.8000,41373,0,201947760.000,0,-,-,-,-,5230.2000,5230.0000,5229.0000,5228.8000,5228.0000,5231.2000,5231.4000,5232.0000,5232.6000,5233.2000,1,3,4,1,1,2,4,1,1,1
SF,IC2009,2020-05-21 09:30:44.300,5230.8000,41373,0,201947760.000,0,-,-,-,-,5230.0000,5229.0000,5228.8000,5228.0000,5227.6000,5231.2000,5231.4000,5232.0000,5232.6000,5233.2000,3,4,1,1,1,2,4,1,1,1
SF,IC2009,2020-05-21 09:30:44.800,5230.8000,41373,0,201947760.000,0,-,-,-,-,5230.0000,5229.0000,5228.8000,5228.0000,5227.6000,5231.4000,5232.0000,5232.6000,5233.2000,5233.4000,3,4,1,1,1,4,1,1,1,2
SF,IC2009,2020-05-21 09:30:45.300,5230.8000,41373,0,201947760.000,0,-,-,-,-,5230.2000,5230.0000,5229.0000,5228.8000,5228.0000,5231.2000,5231.4000,5232.0000,5232.6000,5233.2000,1,3,4,1,1,2,4,1,1,1
SF,IC2009,2020-05-21 09:30:45.800,5230.8000,41373,0,201947760.000,0,-,-,-,-,5230.2000,5230.0000,5229.0000,5228.8000,5228.0000,5230.8000,5231.0000,5231.2000,5231.4000,5232.0000,1,3,4,1,1,1,4,3,4,1
SF,IC2009,2020-05-21 09:30:46.300,5230.2000,41372,-1,202993800.000,1,0,1,双平,S,5230.0000,5229.0000,5228.8000,5228.0000,5227.6000,5231.0000,5231.2000,5231.4000,5232.0000,5232.6000,3,4,1,1,1,4,1,3,1,1
SF,IC2009,2020-05-21 09:30:46.800,5230.2000,41372,0,202993800.000,0,-,-,-,-,5230.0000,5229.0000,5228.8000,5228.0000,5227.6000,5230.2000,5231.0000,5231.4000,5232.0000,5232.6000,3,4,1,1,1,1,4,3,1,1
SF,IC2009,2020-05-21 09:30:47.300,5230.2000,41372,0,204039840.000,1,0,1,多换,S,5230.0000,5229.0000,5228.8000,5228.0000,5227.6000,5231.0000,5231.4000,5232.0000,5232.6000,5233.2000,3,4,1,1,1,4,3,1,1,1
SF,IC2009,2020-05-21 09:30:47.800,5230.8000,41372,0,206132000.000,2,1,1,多换,S,5230.0000,5229.0000,5228.8000,5228.0000,5227.6000,5230.8000,5231.0000,5231.4000,5232.0000,5232.6000,2,4,1,1,1,1,4,3,1,1
SF,IC2009,2020-05-21 09:30:48.300,5230.0000,41372,0,207178000.000,1,0,1,多换,S,5230.0000,5229.0000,5228.8000,5228.0000,5227.6000,5230.8000,5231.0000,5231.4000,5232.0000,5232.6000,1,4,1,1,1,1,4,3,1,1
SF,IC2009,2020-05-21 09:30:48.800,5230.0000,41372,0,207178000.000,0,-,-,-,-,5230.8000,5230.0000,5229.0000,5228.8000,5228.0000,5231.0000,5231.4000,5232.0000,5232.6000,5233.2000,1,1,4,1,1,4,3,1,1,1
SF,IC2009,2020-05-21 09:30:49.300,5230.8000,41372,0,208224160.000,1,0,1,多换,S,5230.0000,5229.0000,5228.8000,5228.0000,5227.6000,5230.6000,5230.8000,5231.0000,5231.4000,5232.0000,2,4,1,1,1,1,3,6,3,1
SF,IC2009,2020-05-21 09:30:49.800,5230.0000,41373,1,209270160.000,1,1,0,双开,S,5230.0000,5229.0000,5228.8000,5228.0000,5227.6000,5230.6000,5230.8000,5231.0000,5231.4000,5232.0000,1,4,1,1,1,1,3,5,3,1
SF,IC2009,2020-05-21 09:30:50.300,5230.0000,41373,0,210316160.000,1,0,1,多换,S,5229.0000,5228.8000,5228.0000,5227.6000,5226.4000,5230.6000,5230.8000,5231.0000,5231.4000,5232.0000,4,1,1,1,5,1,2,5,3,1
SF,IC2009,2020-05-21 09:30:50.800,5230.0000,41373,0,210316160.000,0,-,-,-,-,5229.0000,5228.8000,5228.0000,5227.6000,5226.4000,5230.4000,5230.6000,5230.8000,5231.0000,5231.4000,4,1,1,1,5,1,2,2,5,3
SF,IC2009,2020-05-21 09:30:51.300,5230.0000,41373,0,210316160.000,0,-,-,-,-,5229.2000,5229.0000,5228.0000,5227.6000,5226.4000,5230.0000,5230.2000,5230.4000,5230.6000,5230.8000,1,4,1,1,5,5,1,1,2,2
SF,IC2009,2020-05-21 09:30:51.800,5230.0000,41373,0,210316160.000,0,-,-,-,-,5229.2000,5229.0000,5228.0000,5227.6000,5226.4000,5230.0000,5230.2000,5230.4000,5230.8000,5231.0000,1,4,1,1,5,5,1,1,2,1
SF,IC2009,2020-05-21 09:30:52.300,5229.2000,41372,-1,211362000.000,1,0,1,双平,S,5229.0000,5228.0000,5227.6000,5226.4000,5224.6000,5229.8000,5230.0000,5230.2000,5230.4000,5230.8000,4,1,1,5,1,1,9,1,1,2
SF,IC2009,2020-05-21 09:30:52.800,5229.8000,41372,0,212407960.000,1,0,1,多换,S,5229.0000,5228.0000,5227.6000,5226.4000,5224.6000,5230.0000,5230.2000,5230.4000,5230.8000,5231.0000,4,1,1,5,1,9,1,1,2,1
SF,IC2009,2020-05-21 09:30:53.300,5229.8000,41372,0,212407960.000,0,-,-,-,-,5229.0000,5228.0000,5227.6000,5226.4000,5224.6000,5230.0000,5230.2000,5230.8000,5231.0000,5231.4000,4,1,1,5,1,9,1,2,1,3
SF,IC2009,2020-05-21 09:30:54.800,5229.8000,41372,0,212407960.000,0,-,-,-,-,5229.0000,5228.0000,5227.6000,5226.4000,5224.6000,5229.8000,5230.0000,5230.2000,5230.8000,5231.0000,4,1,1,5,1,1,9,1,2,1
SF,IC2009,2020-05-21 09:30:55.300,5229.8000,41373,1,215545840.000,3,2,1,空开,S,5229.0000,5228.0000,5227.6000,5226.4000,5224.6000,5230.0000,5230.2000,5230.8000,5231.0000,5231.4000,4,1,1,5,1,9,1,1,1,3
SF,IC2009,2020-05-21 09:30:55.800,5229.8000,41373,0,215545840.000,0,-,-,-,-,5229.2000,5229.0000,5228.0000,5227.6000,5226.4000,5230.0000,5230.2000,5230.8000,5231.0000,5231.4000,2,4,1,1,5,9,1,1,1,3
SF,IC2009,2020-05-21 09:30:57.300,5229.8000,41373,0,215545840.000,0,-,-,-,-,5229.2000,5229.0000,5228.0000,5227.6000,5226.4000,5230.0000,5230.2000,5230.8000,5231.0000,5231.4000,2,4,1,1,5,9,1,1,1,3
SF,IC2009,2020-05-21 09:30:57.800,5229.8000,41373,0,215545840.000,0,-,-,-,-,5229.2000,5229.0000,5228.0000,5227.6000,5226.4000,5229.6000,5230.0000,5230.2000,5230.8000,5231.0000,1,4,1,1,5,1,9,1,1,1
SF,IC2009,2020-05-21 09:30:58.300,5229.8000,41373,0,215545840.000,0,-,-,-,-,5229.0000,5228.0000,5227.6000,5226.4000,5224.6000,5230.0000,5230.2000,5230.8000,5231.0000,5231.4000,5,1,1,5,1,9,1,1,1,3
SF,IC2009,2020-05-21 09:30:58.800,5229.8000,41373,0,215545840.000,0,-,-,-,-,5229.0000,5228.0000,5227.6000,5226.4000,5224.6000,5230.0000,5230.2000,5230.8000,5231.0000,5231.4000,5,1,1,5,1,9,1,2,1,3
SF,IC2009,2020-05-21 09:30:59.300,5229.8000,41373,0,215545840.000,0,-,-,-,-,5229.0000,5228.0000,5227.6000,5226.4000,5224.6000,5230.0000,5230.2000,5230.8000,5231.0000,5231.4000,5,1,1,5,1,9,1,1,1,3
SF,IC2009,2020-05-21 09:30:59.800,5229.0000,41373,0,216591640.000,1,0,1,多换,S,5229.8000,5229.0000,5228.0000,5227.6000,5226.4000,5230.0000,5230.2000,5230.8000,5231.0000,5231.4000,1,4,1,1,5,9,1,1,1,3
SF,IC2009,2020-05-21 09:31:00.300,5229.8000,41373,0,217637600.000,1,0,1,多换,S,5229.0000,5228.0000,5227.6000,5226.4000,5224.6000,5229.6000,5229.8000,5230.0000,5230.2000,5230.8000,4,1,1,5,1,1,2,11,1,1
SF,IC2009,2020-05-21 09:31:00.800,5229.0000,41372,-1,221820840.000,4,1,3,多平,S,5229.0000,5228.0000,5227.6000,5226.4000,5224.6000,5229.6000,5229.8000,5230.0000,5230.2000,5230.8000,1,1,1,5,1,1,1,10,1,1
SF,IC2009,2020-05-21 09:31:01.300,5229.0000,41371,-1,222866640.000,1,0,1,双平,S,5228.0000,5227.6000,5226.4000,5224.6000,5224.4000,5229.6000,5230.0000,5230.2000,5230.8000,5231.0000,1,1,5,1,5,1,10,1,1,1
SF,IC2009,2020-05-21 09:31:02.300,5229.0000,41371,0,222866640.000,0,-,-,-,-,5229.0000,5228.0000,5227.6000,5226.4000,5224.6000,5229.6000,5230.0000,5230.2000,5230.8000,5231.0000,1,1,1,5,1,1,10,1,1,1
SF,IC2009,2020-05-21 09:31:02.800,5229.0000,41371,0,222866640.000,0,-,-,-,-,5229.0000,5228.0000,5227.6000,5226.4000,5224.6000,5229.4000,5229.6000,5229.8000,5230.0000,5230.2000,1,1,1,5,1,1,1,1,10,1
SF,IC2009,2020-05-21 09:31:03.300,5229.0000,41371,0,223912440.000,1,0,1,多换,S,5228.0000,5227.6000,5226.4000,5224.6000,5224.4000,5229.6000,5229.8000,5230.0000,5230.2000,5230.8000,1,1,5,1,5,1,1,10,1,1
SF,IC2009,2020-05-21 09:31:03.800,5229.0000,41371,0,223912440.000,0,-,-,-,-,5228.2000,5228.0000,5227.6000,5226.4000,5224.6000,5229.6000,5229.8000,5230.0000,5230.2000,5230.8000,1,3,1,5,1,1,1,10,1,1
SF,IC2009,2020-05-21 09:31:04.300,5228.0000,41369,-2,226003640.000,2,0,2,双平,S,5227.6000,5226.4000,5224.6000,5224.4000,5222.4000,5229.0000,5229.4000,5229.6000,5229.8000,5230.0000,1,5,1,5,5,1,1,2,1,10
SF,IC2009,2020-05-21 09:31:04.800,5228.0000,41369,0,226003640.000,0,-,-,-,-,5228.2000,5227.6000,5226.4000,5224.6000,5224.4000,5229.0000,5229.4000,5229.6000,5229.8000,5230.0000,1,3,5,1,5,1,1,1,1,10
SF,IC2009,2020-05-21 09:31:05.300,5228.0000,41369,0,226003640.000,0,-,-,-,-,5228.0000,5227.6000,5226.4000,5224.6000,5224.4000,5229.0000,5229.4000,5229.6000,5229.8000,5230.0000,1,3,5,1,5,1,1,1,1,10
SF,IC2009,2020-05-21 09:31:05.800,5229.0000,41369,0,227049440.000,1,0,1,多换,S,5228.0000,5227.6000,5226.4000,5224.6000,5224.4000,5229.4000,5229.6000,5229.8000,5230.0000,5230.2000,1,2,5,1,5,1,1,1,10,1
SF,IC2009,2020-05-21 09:31:06.300,5229.0000,41369,0,227049440.000,0,-,-,-,-,5229.0000,5228.6000,5228.0000,5227.6000,5226.4000,5229.4000,5229.6000,5229.8000,5230.0000,5230.2000,1,3,1,1,5,1,1,1,10,1
SF,IC2009,2020-05-21 09:31:06.800,5228.0000,41367,-2,232278000.000,5,1,4,多平,S,5227.6000,5226.4000,5224.6000,5224.4000,5222.4000,5229.0000,5229.2000,5229.4000,5229.6000,5229.8000,1,5,1,5,5,2,1,1,1,1
SF,IC2009,2020-05-21 09:31:07.300,5228.0000,41367,0,232278000.000,0,-,-,-,-,5227.6000,5226.4000,5224.6000,5224.4000,5222.4000,5228.8000,5229.0000,5229.4000,5229.6000,5229.8000,1,5,1,5,5,1,1,1,1,1
SF,IC2009,2020-05-21 09:31:07.800,5228.6000,41366,-1,233323720.000,1,0,1,双平,S,5228.0000,5227.6000,5226.4000,5224.6000,5224.4000,5228.8000,5229.6000,5229.8000,5230.0000,5230.2000,1,1,5,1,5,1,1,1,6,1
SF,IC2009,2020-05-21 09:31:08.800,5228.6000,41366,0,233323720.000,0,-,-,-,-,5227.6000,5226.4000,5224.6000,5224.4000,5224.0000,5228.8000,5229.6000,5229.8000,5230.0000,5230.2000,1,5,1,5,1,1,1,1,6,1
SF,IC2009,2020-05-21 09:31:09.300,5228.6000,41366,0,233323720.000,0,-,-,-,-,5228.2000,5227.6000,5226.4000,5224.6000,5224.4000,5228.8000,5229.6000,5229.8000,5230.0000,5230.2000,1,2,5,1,5,1,1,1,7,1
SF,IC2009,2020-05-21 09:31:09.800,5228.6000,41366,0,233323720.000,0,-,-,-,-,5228.2000,5227.6000,5226.4000,5224.6000,5224.4000,5229.6000,5229.8000,5230.0000,5230.2000,5230.8000,1,1,5,1,5,1,1,7,1,1
SF,IC2009,2020-05-21 09:31:10.300,5228.6000,41366,0,233323720.000,0,-,-,-,-,5228.2000,5227.6000,5226.4000,5224.6000,5224.4000,5229.0000,5229.6000,5229.8000,5230.0000,5230.2000,1,1,5,1,5,1,1,1,7,1
SF,IC2009,2020-05-21 09:31:10.800,5228.6000,41366,0,233323720.000,0,-,-,-,-,5228.4000,5228.2000,5227.6000,5226.4000,5224.6000,5229.0000,5229.6000,5229.8000,5230.0000,5230.2000,1,1,1,5,1,1,1,1,7,1
SF,IC2009,2020-05-21 09:31:11.300,5228.6000,41366,0,233323720.000,0,-,-,-,-,5228.4000,5227.6000,5226.4000,5224.6000,5224.4000,5229.0000,5229.6000,5229.8000,5230.0000,5230.2000,1,1,5,1,5,1,1,1,7,1
SF,IC2009,2020-05-21 09:31:12.300,5229.0000,41366,0,234369520.000,1,0,1,多换,S,5229.0000,5228.4000,5227.6000,5226.4000,5224.6000,5229.6000,5229.8000,5230.0000,5230.2000,5230.8000,1,1,1,5,1,1,1,7,1,1
SF,IC2009,2020-05-21 09:31:12.800,5229.0000,41366,0,234369520.000,0,-,-,-,-,5229.0000,5228.4000,5227.6000,5226.4000,5224.6000,5229.6000,5229.8000,5230.0000,5230.2000,5230.8000,2,1,1,5,1,1,1,7,1,1
SF,IC2009,2020-05-21 09:31:13.300,5229.0000,41366,0,234369520.000,0,-,-,-,-,5229.0000,5227.6000,5226.4000,5224.6000,5224.4000,5229.6000,5229.8000,5230.0000,5230.2000,5230.8000,2,1,5,1,5,1,1,8,1,1
SF,IC2009,2020-05-21 09:31:13.800,5229.0000,41365,-1,236461120.000,2,0,2,多平,S,5229.0000,5227.6000,5226.4000,5224.6000,5224.4000,5229.6000,5229.8000,5230.0000,5230.2000,5230.8000,1,1,5,1,5,1,1,8,1,1
SF,IC2009,2020-05-21 09:31:14.300,5229.0000,41365,0,236461120.000,0,-,-,-,-,5227.6000,5226.4000,5224.6000,5224.4000,5224.0000,5229.6000,5229.8000,5230.0000,5230.2000,5230.8000,1,5,1,5,1,1,1,8,1,1
SF,IC2009,2020-05-21 09:31:14.800,5229.0000,41365,0,236461120.000,0,-,-,-,-,5229.0000,5228.6000,5228.2000,5227.8000,5227.6000,5229.6000,5229.8000,5230.0000,5230.2000,5230.8000,1,2,1,1,3,1,1,8,1,1
SF,IC2009,2020-05-21 09:31:15.300,5229.0000,41365,0,236461120.000,0,-,-,-,-,5228.6000,5227.8000,5227.6000,5226.4000,5224.6000,5229.6000,5229.8000,5230.0000,5230.2000,5230.8000,1,1,3,5,1,1,1,8,1,1
SF,IC2009,2020-05-21 09:31:15.800,5229.0000,41365,0,236461120.000,0,-,-,-,-,5228.6000,5227.8000,5227.6000,5226.4000,5224.6000,5229.0000,5229.6000,5229.8000,5230.0000,5230.2000,2,1,1,5,1,1,1,1,8,1
SF,IC2009,2020-05-21 09:31:16.300,5229.6000,41364,-1,238552840.000,2,0,2,多平,S,5229.2000,5228.8000,5228.6000,5227.8000,5227.6000,5229.8000,5230.0000,5230.2000,5230.8000,5231.0000,1,2,2,1,1,1,7,1,1,1
SF,IC2009,2020-05-21 09:31:16.800,5229.6000,41364,0,238552840.000,0,-,-,-,-,5229.2000,5228.6000,5227.8000,5227.6000,5226.4000,5229.8000,5230.0000,5230.2000,5230.8000,5231.0000,1,1,1,1,5,1,7,1,1,1
SF,IC2009,2020-05-21 09:31:17.300,5230.0000,41363,-1,241690800.000,3,1,2,多平,S,5229.2000,5229.0000,5228.6000,5227.8000,5227.6000,5230.0000,5230.2000,5230.8000,5231.0000,5231.4000,1,1,1,1,1,5,1,1,1,3
SF,IC2009,2020-05-21 09:31:17.800,5230.0000,41363,0,241690800.000,0,-,-,-,-,5229.2000,5229.0000,5228.6000,5227.8000,5227.6000,5230.0000,5230.2000,5230.8000,5231.0000,5231.4000,1,1,1,1,1,5,1,1,1,3
SF,IC2009,2020-05-21 09:31:18.300,5230.0000,41363,0,242736800.000,1,0,1,多换,S,5229.0000,5228.6000,5227.8000,5227.6000,5226.4000,5230.0000,5230.2000,5230.8000,5231.0000,5231.4000,1,1,1,1,5,4,1,1,1,3
SF,IC2009,2020-05-21 09:31:18.800,5230.0000,41363,0,246920800.000,4,2,2,多换,S,5229.8000,5229.4000,5229.2000,5229.0000,5228.6000,5230.2000,5230.8000,5231.0000,5231.4000,5232.0000,1,2,2,4,1,1,1,1,3,1
SF,IC2009,2020-05-21 09:31:19.300,5230.2000,41361,-2,249012880.000,2,0,2,双平,S,5229.2000,5229.0000,5228.6000,5227.6000,5226.4000,5230.8000,5231.0000,5231.4000,5232.0000,5232.6000,2,3,1,1,5,1,1,3,1,1
SF,IC2009,2020-05-21 09:31:19.800,5230.8000,41360,-1,250059040.000,1,0,1,双平,S,5229.4000,5229.2000,5229.0000,5228.6000,5227.6000,5231.0000,5231.4000,5232.0000,5232.6000,5233.2000,2,3,1,1,1,1,3,1,1,1
SF,IC2009,2020-05-21 09:31:20.300,5230.8000,41360,0,250059040.000,0,-,-,-,-,5230.4000,5229.6000,5229.4000,5229.2000,5229.0000,5231.0000,5231.4000,5232.0000,5232.6000,5233.2000,1,1,2,2,1,1,3,1,1,1
SF,IC2009,2020-05-21 09:31:20.800,5230.8000,41360,0,250059040.000,0,-,-,-,-,5230.4000,5230.2000,5230.0000,5229.6000,5229.4000,5231.0000,5231.4000,5232.0000,5232.6000,5233.2000,1,1,1,3,1,1,3,1,1,1
SF,IC2009,2020-05-21 09:31:21.300,5231.0000,41359,-1,251105240.000,1,0,1,双平,S,5230.4000,5230.2000,5230.0000,5229.6000,5229.4000,5230.8000,5231.4000,5232.0000,5232.6000,5233.2000,1,1,1,3,1,1,3,1,1,1
SF,IC2009,2020-05-21 09:31:21.800,5231.0000,41358,-1,253197640.000,2,0,2,多平,S,5230.8000,5230.4000,5230.2000,5230.0000,5229.6000,5231.4000,5232.0000,5232.6000,5233.2000,5233.4000,1,1,1,1,3,3,1,1,1,2
SF,IC2009,2020-05-21 09:31:22.300,5230.8000,41359,1,254243800.000,1,1,0,双开,S,5230.2000,5230.0000,5229.6000,5229.2000,5229.0000,5230.8000,5231.4000,5232.0000,5232.6000,5233.2000,1,1,2,1,1,4,3,1,1,1
SF,IC2009,2020-05-21 09:31:22.800,5230.6000,41356,-3,257382200.000,3,0,3,双平,S,5230.4000,5230.2000,5230.0000,5229.6000,5229.2000,5230.8000,5231.4000,5232.0000,5232.6000,5233.2000,3,1,1,2,1,3,3,1,1,1
SF,IC2009,2020-05-21 09:31:23.300,5230.4000,41355,-1,258428280.000,1,0,1,双平,S,5230.2000,5230.0000,5229.6000,5229.2000,5229.0000,5230.8000,5231.4000,5232.0000,5232.6000,5233.2000,1,1,2,1,1,3,3,1,1,1
SF,IC2009,2020-05-21 09:31:23.800,5230.2000,41355,0,259474320.000,1,0,1,多换,S,5230.0000,5229.6000,5229.2000,5229.0000,5228.6000,5230.8000,5231.4000,5232.0000,5232.6000,5233.2000,1,2,1,1,1,3,3,1,1,1
SF,IC2009,2020-05-21 09:31:24.300,5230.2000,41355,0,259474320.000,0,-,-,-,-,5230.0000,5229.6000,5229.2000,5229.0000,5228.6000,5230.8000,5231.0000,5231.4000,5232.0000,5232.6000,2,2,1,1,1,3,1,3,1,1
SF,IC2009,2020-05-21 09:31:24.800,5230.8000,41352,-3,262612800.000,3,0,3,双平,S,5230.8000,5230.0000,5229.6000,5229.2000,5229.0000,5231.0000,5231.4000,5232.0000,5232.6000,5233.2000,3,1,2,1,1,1,3,1,1,1
SF,IC2009,2020-05-21 09:31:25.300,5230.8000,41351,-1,265751280.000,3,1,2,多平,S,5230.0000,5229.6000,5229.2000,5229.0000,5228.6000,5231.0000,5231.4000,5232.0000,5232.6000,5233.2000,1,1,1,1,1,1,3,1,1,1
SF,IC2009,2020-05-21 09:31:25.800,5230.8000,41351,0,265751280.000,0,-,-,-,-,5230.0000,5229.6000,5229.2000,5229.0000,5228.6000,5230.2000,5231.0000,5231.4000,5232.0000,5232.6000,1,1,1,1,1,1,1,3,1,1
SF,IC2009,2020-05-21 09:31:26.300,5230.2000,41351,0,267843360.000,2,1,1,多换,S,5230.0000,5229.6000,5229.2000,5229.0000,5228.6000,5231.0000,5231.4000,5232.0000,5232.6000,5233.2000,1,1,1,2,1,1,3,1,1,1
SF,IC2009,2020-05-21 09:31:26.800,5231.0000,41351,0,268889560.000,1,0,1,多换,S,5230.6000,5230.0000,5229.6000,5229.2000,5229.0000,5231.4000,5232.0000,5232.6000,5233.2000,5233.4000,1,1,1,1,2,3,1,1,1,2
SF,IC2009,2020-05-21 09:31:27.300,5231.0000,41351,0,268889560.000,0,-,-,-,-,5230.6000,5230.0000,5229.6000,5229.2000,5229.0000,5231.4000,5232.0000,5232.6000,5233.2000,5233.4000,1,1,1,1,2,3,1,1,1,2
SF,IC2009,2020-05-21 09:31:27.800,5231.4000,41351,0,269935840.000,1,0,1,多换,S,5230.6000,5230.0000,5229.6000,5229.2000,5229.0000,5231.4000,5232.0000,5232.6000,5233.2000,5233.4000,2,1,1,1,2,2,1,1,1,2
SF,IC2009,2020-05-21 09:31:28.300,5230.8000,41348,-3,273074440.000,3,0,3,双平,S,5230.6000,5230.0000,5229.6000,5229.2000,5229.0000,5231.4000,5232.0000,5232.6000,5233.2000,5233.4000,2,1,1,1,2,1,1,1,1,2
SF,IC2009,2020-05-21 09:31:29.300,5230.8000,41348,0,273074440.000,0,-,-,-,-,5230.6000,5230.4000,5230.0000,5229.6000,5229.2000,5231.4000,5232.0000,5232.6000,5233.2000,5233.4000,2,1,1,1,1,1,1,1,1,2
SF,IC2009,2020-05-21 09:31:29.800,5230.8000,41348,0,273074440.000,0,-,-,-,-,5230.6000,5230.4000,5230.0000,5229.6000,5229.2000,5231.4000,5232.0000,5232.6000,5233.2000,5233.4000,1,1,1,1,1,1,1,1,1,2
SF,IC2009,2020-05-21 09:31:30.300,5231.4000,41347,-1,274120720.000,1,0,1,双平,S,5230.6000,5230.4000,5230.0000,5229.6000,5229.2000,5232.0000,5232.6000,5233.2000,5233.4000,5234.8000,1,1,1,1,1,1,1,1,2,1
SF,IC2009,2020-05-21 09:31:30.800,5231.4000,41347,0,274120720.000,0,-,-,-,-,5230.6000,5230.4000,5230.0000,5229.6000,5229.2000,5231.4000,5231.8000,5232.0000,5232.6000,5233.2000,1,1,1,1,1,4,1,1,1,1
SF,IC2009,2020-05-21 09:31:31.300,5231.4000,41347,0,274120720.000,0,-,-,-,-,5230.6000,5230.4000,5230.0000,5229.6000,5229.2000,5231.8000,5232.0000,5232.6000,5233.2000,5233.4000,2,1,1,1,1,1,1,1,1,2
SF,IC2009,2020-05-21 09:31:31.800,5231.4000,41347,0,274120720.000,0,-,-,-,-,5230.6000,5230.4000,5230.0000,5229.6000,5229.2000,5231.8000,5232.0000,5232.6000,5233.2000,5233.4000,2,1,1,1,1,3,3,1,1,2
SF,IC2009,2020-05-21 09:31:32.300,5230.6000,41346,-1,276212960.000,2,0,2,多平,S,5230.4000,5230.0000,5229.6000,5229.2000,5229.0000,5231.6000,5231.8000,5232.0000,5232.6000,5233.2000,1,1,1,1,3,1,3,3,1,1
SF,IC2009,2020-05-21 09:31:32.800,5230.6000,41346,0,276212960.000,0,-,-,-,-,5230.4000,5230.0000,5229.6000,5229.2000,5229.0000,5231.6000,5231.8000,5232.0000,5232.6000,5233.2000,1,1,1,1,3,2,1,3,1,1
SF,IC2009,2020-05-21 09:31:33.300,5230.6000,41346,0,276212960.000,0,-,-,-,-,5230.4000,5230.0000,5229.6000,5229.2000,5229.0000,5231.4000,5231.6000,5231.8000,5232.0000,5232.6000,1,1,1,1,3,1,1,1,3,1
SF,IC2009,2020-05-21 09:31:33.800,5230.6000,41346,0,276212960.000,0,-,-,-,-,5230.4000,5230.0000,5229.6000,5229.2000,5229.0000,5230.6000,5231.4000,5231.6000,5231.8000,5232.0000,1,1,1,1,3,1,1,2,2,3
SF,IC2009,2020-05-21 09:31:34.300,5230.4000,41347,1,277259040.000,1,1,0,双开,S,5230.0000,5229.6000,5229.2000,5229.0000,5228.6000,5230.6000,5231.4000,5231.6000,5231.8000,5232.0000,1,1,1,3,1,1,1,1,2,3
SF,IC2009,2020-05-21 09:31:34.800,5230.0000,41346,-1,278305040.000,1,0,1,双平,S,5229.6000,5229.2000,5229.0000,5228.6000,5228.0000,5230.6000,5231.4000,5231.6000,5231.8000,5232.0000,1,1,3,1,2,1,2,1,2,3
SF,IC2009,2020-05-21 09:31:35.800,5230.0000,41346,0,278305040.000,0,-,-,-,-,5229.6000,5229.2000,5229.0000,5228.6000,5228.0000,5230.4000,5230.6000,5231.4000,5231.6000,5231.8000,1,1,3,1,2,2,1,2,1,2
SF,IC2009,2020-05-21 09:31:36.300,5230.0000,41346,0,278305040.000,0,-,-,-,-,5229.2000,5229.0000,5228.6000,5228.0000,5227.6000,5230.4000,5230.6000,5231.4000,5231.6000,5231.8000,1,3,1,2,1,2,1,2,1,2
SF,IC2009,2020-05-21 09:31:36.800,5230.0000,41346,0,278305040.000,0,-,-,-,-,5229.2000,5229.0000,5228.6000,5228.0000,5227.6000,5230.2000,5230.4000,5230.6000,5231.6000,5231.8000,1,3,1,2,1,1,2,1,1,2
SF,IC2009,2020-05-21 09:31:37.300,5230.2000,41345,-1,279351080.000,1,0,1,双平,S,5229.2000,5229.0000,5228.6000,5228.0000,5227.6000,5230.0000,5230.2000,5230.4000,5230.6000,5231.6000,1,3,1,2,1,1,1,2,1,1
SF,IC2009,2020-05-21 09:31:37.800,5230.2000,41345,0,279351080.000,0,-,-,-,-,5229.4000,5229.2000,5229.0000,5228.6000,5228.0000,5230.0000,5230.4000,5230.6000,5231.6000,5231.8000,1,1,3,1,2,3,2,1,1,2
SF,IC2009,2020-05-21 09:31:38.300,5229.4000,41345,0,280396960.000,1,0,1,多换,S,5229.2000,5229.0000,5228.6000,5228.0000,5227.6000,5230.0000,5230.4000,5230.6000,5231.6000,5231.8000,1,3,1,2,1,3,2,1,1,2
SF,IC2009,2020-05-21 09:31:38.800,5229.0000,41343,-2,283534560.000,3,0,3,多平,S,5229.0000,5228.6000,5228.0000,5227.6000,5226.4000,5229.8000,5230.0000,5230.4000,5230.6000,5231.6000,2,1,2,1,5,1,1,2,1,1
SF,IC2009,2020-05-21 09:31:39.300,5229.0000,41343,0,283534560.000,0,-,-,-,-,5229.0000,5228.6000,5228.0000,5227.6000,5226.4000,5229.8000,5230.0000,5230.4000,5230.6000,5231.6000,2,1,2,1,5,1,1,2,2,1
SF,IC2009,2020-05-21 09:31:39.800,5229.0000,41343,0,283534560.000,0,-,-,-,-,5229.0000,5228.6000,5228.0000,5227.6000,5226.4000,5229.8000,5230.0000,5230.4000,5230.6000,5231.6000,2,1,2,1,5,1,1,2,1,1
SF,IC2009,2020-05-21 09:31:40.300,5229.0000,41343,0,283534560.000,0,-,-,-,-,5229.0000,5228.6000,5228.0000,5227.6000,5226.4000,5230.0000,5230.4000,5230.6000,5231.6000,5231.8000,2,1,2,1,5,1,2,1,1,2
SF,IC2009,2020-05-21 09:31:40.800,5229.0000,41343,0,283534560.000,0,-,-,-,-,5229.0000,5228.6000,5228.0000,5227.6000,5226.4000,5229.8000,5230.0000,5230.4000,5230.6000,5231.6000,2,1,2,1,5,1,2,2,1,1
SF,IC2009,2020-05-21 09:31:41.300,5229.0000,41343,0,283534560.000,0,-,-,-,-,5229.0000,5228.6000,5228.0000,5227.6000,5226.4000,5229.8000,5230.0000,5230.4000,5230.6000,5231.6000,2,1,2,1,5,1,1,2,1,1
SF,IC2009,2020-05-21 09:31:41.800,5229.0000,41343,0,285626160.000,2,1,1,多换,S,5228.6000,5228.0000,5227.6000,5226.4000,5226.2000,5229.0000,5229.6000,5229.8000,5230.0000,5230.4000,1,2,1,5,1,5,2,1,1,2
SF,IC2009,2020-05-21 09:31:42.300,5228.6000,41343,0,286671880.000,1,0,1,多换,S,5228.0000,5227.6000,5226.4000,5226.2000,5224.4000,5228.4000,5228.6000,5228.8000,5229.0000,5229.6000,2,1,5,1,5,1,1,2,1,1
SF,IC2009,2020-05-21 09:31:42.800,5228.0000,41343,0,288763080.000,2,1,1,多换,S,5227.6000,5226.4000,5226.2000,5224.4000,5224.0000,5227.8000,5228.4000,5228.6000,5228.8000,5229.6000,1,5,1,5,1,1,1,1,1,1
SF,IC2009,2020-05-21 09:31:43.300,5227.6000,41343,0,289808600.000,1,0,1,多换,S,5226.4000,5226.2000,5224.4000,5224.0000,5222.4000,5227.4000,5227.8000,5228.0000,5228.2000,5228.6000,5,1,5,1,5,1,1,1,1,1
SF,IC2009,2020-05-21 09:31:43.800,5226.4000,41344,1,296080520.000,6,3,3,空开,S,5226.2000,5224.4000,5224.0000,5222.4000,5221.6000,5226.4000,5227.4000,5228.0000,5228.2000,5228.6000,1,5,1,5,2,2,2,1,1,1
SF,IC2009,2020-05-21 09:31:44.300,5226.4000,41342,-2,299216320.000,3,0,3,多平,S,5224.4000,5224.0000,5222.4000,5221.6000,5221.0000,5226.4000,5227.4000,5228.0000,5228.2000,5228.6000,5,1,5,2,1,2,1,2,1,1
SF,IC2009,2020-05-21 09:31:44.800,5225.4000,41341,-1,300261400.000,1,0,1,双平,S,5224.8000,5224.6000,5224.4000,5224.0000,5222.4000,5226.2000,5226.4000,5228.0000,5228.2000,5228.6000,1,3,6,1,5,2,2,2,1,1
SF,IC2009,2020-05-21 09:31:45.300,5225.4000,41341,0,300261400.000,0,-,-,-,-,5224.6000,5224.4000,5224.0000,5222.4000,5221.6000,5225.4000,5226.2000,5226.4000,5226.6000,5228.0000,1,5,1,5,2,1,2,2,1,2
SF,IC2009,2020-05-21 09:31:45.800,5225.4000,41341,0,300261400.000,0,-,-,-,-,5224.4000,5224.0000,5222.4000,5221.6000,5221.0000,5225.4000,5226.2000,5226.4000,5226.6000,5228.0000,5,1,5,2,1,1,2,2,1,2
SF,IC2009,2020-05-21 09:31:46.300,5225.4000,41341,0,300261400.000,0,-,-,-,-,5224.4000,5224.0000,5222.4000,5221.6000,5221.0000,5225.4000,5226.2000,5226.4000,5226.6000,5228.0000,5,1,5,2,1,2,2,2,1,2
SF,IC2009,2020-05-21 09:31:46.800,5225.4000,41339,-2,302351560.000,2,0,2,双平,S,5226.0000,5224.4000,5224.0000,5222.4000,5221.6000,5226.2000,5226.4000,5226.6000,5228.0000,5228.2000,8,5,1,5,2,1,2,1,2,1
SF,IC2009,2020-05-21 09:31:47.300,5226.2000,41333,-6,311758400.000,9,1,8,多平,S,5224.4000,5224.0000,5222.4000,5221.0000,5220.4000,5226.2000,5226.4000,5226.6000,5228.0000,5228.2000,5,1,5,1,5,1,2,1,2,1
SF,IC2009,2020-05-21 09:31:47.800,5226.2000,41333,0,311758400.000,0,-,-,-,-,5224.4000,5224.0000,5222.4000,5221.0000,5220.4000,5226.0000,5226.4000,5226.6000,5228.0000,5228.2000,5,1,5,1,5,2,2,1,2,1
SF,IC2009,2020-05-21 09:31:48.300,5226.2000,41333,0,311758400.000,0,-,-,-,-,5225.6000,5224.6000,5224.4000,5224.0000,5222.4000,5226.4000,5226.6000,5228.0000,5228.8000,5229.4000,1,5,5,1,5,2,1,2,1,2
SF,IC2009,2020-05-21 09:31:48.800,5226.2000,41333,0,311758400.000,0,-,-,-,-,5225.6000,5224.6000,5224.4000,5224.0000,5222.4000,5225.8000,5226.0000,5226.2000,5226.4000,5226.6000,1,3,5,1,5,1,4,1,2,1
SF,IC2009,2020-05-21 09:31:49.300,5225.6000,41334,1,312803520.000,1,1,0,双开,S,5224.6000,5224.4000,5224.0000,5222.4000,5221.0000,5225.8000,5226.4000,5226.6000,5228.0000,5228.8000,2,5,1,5,1,1,2,1,2,1
SF,IC2009,2020-05-21 09:31:49.800,5225.6000,41334,0,312803520.000,0,-,-,-,-,5225.0000,5224.8000,5224.6000,5224.4000,5224.0000,5226.4000,5226.6000,5228.0000,5228.8000,5229.4000,1,2,1,5,1,2,1,2,1,2
SF,IC2009,2020-05-21 09:31:50.300,5225.6000,41334,0,312803520.000,0,-,-,-,-,5225.0000,5224.8000,5224.6000,5224.4000,5224.0000,5225.8000,5226.2000,5226.4000,5226.6000,5228.0000,1,2,1,5,1,1,1,2,1,2
SF,IC2009,2020-05-21 09:31:50.800,5225.6000,41334,0,312803520.000,0,-,-,-,-,5225.0000,5224.6000,5224.4000,5224.0000,5222.4000,5225.8000,5226.2000,5226.4000,5226.6000,5228.0000,1,1,5,2,5,1,1,2,1,2
SF,IC2009,2020-05-21 09:31:51.300,5225.6000,41334,0,312803520.000,0,-,-,-,-,5225.0000,5224.6000,5224.4000,5224.0000,5222.4000,5226.4000,5226.6000,5228.0000,5228.8000,5229.4000,3,1,5,2,5,2,1,2,1,2
SF,IC2009,2020-05-21 09:31:51.800,5226.2000,41333,-1,313848760.000,1,0,1,双平,S,5225.8000,5225.0000,5224.6000,5224.4000,5224.0000,5226.4000,5226.6000,5228.0000,5228.8000,5229.4000,1,3,1,5,2,2,1,2,1,2
SF,IC2009,2020-05-21 09:31:52.300,5225.8000,41333,0,314893920.000,1,0,1,多换,S,5225.8000,5225.2000,5225.0000,5224.6000,5224.4000,5226.4000,5226.6000,5228.0000,5229.4000,5230.0000,2,1,1,1,5,2,1,1,2,1
SF,IC2009,2020-05-21 09:31:52.800,5225.8000,41334,1,315939080.000,1,1,0,双开,S,5225.8000,5225.0000,5224.6000,5224.4000,5224.0000,5226.2000,5226.4000,5226.6000,5228.0000,5229.4000,1,1,1,5,2,1,2,1,1,2
SF,IC2009,2020-05-21 09:31:53.300,5225.8000,41334,0,316984240.000,1,0,1,多换,S,5225.8000,5225.0000,5224.6000,5224.4000,5224.0000,5226.0000,5226.2000,5226.4000,5226.6000,5229.4000,1,1,1,5,2,4,1,2,1,2
SF,IC2009,2020-05-21 09:31:53.800,5225.8000,41335,1,318029400.000,1,1,0,双开,S,5225.0000,5224.6000,5224.4000,5224.0000,5222.4000,5226.2000,5226.4000,5226.6000,5229.4000,5230.0000,1,1,5,2,5,1,2,1,2,1
SF,IC2009,2020-05-21 09:31:54.300,5225.8000,41335,0,318029400.000,0,-,-,-,-,5225.2000,5225.0000,5224.6000,5224.4000,5224.0000,5225.8000,5226.2000,5226.4000,5226.6000,5229.4000,1,2,1,5,2,1,1,2,1,2
SF,IC2009,2020-05-21 09:31:54.800,5225.8000,41335,0,318029400.000,0,-,-,-,-,5225.0000,5224.6000,5224.4000,5224.0000,5222.4000,5225.8000,5226.2000,5226.4000,5226.6000,5229.4000,2,1,5,2,5,2,1,2,1,2
SF,IC2009,2020-05-21 09:31:55.300,5225.8000,41335,0,319074560.000,1,0,1,多换,S,5225.0000,5224.6000,5224.4000,5224.0000,5222.4000,5225.8000,5226.2000,5226.4000,5226.6000,5229.4000,1,1,5,2,5,1,1,2,1,2
SF,IC2009,2020-05-21 09:31:55.800,5225.8000,41335,0,319074560.000,0,-,-,-,-,5225.0000,5224.6000,5224.4000,5224.0000,5222.4000,5225.6000,5225.8000,5226.2000,5226.4000,5226.6000,2,1,5,2,5,1,1,1,2,1
SF,IC2009,2020-05-21 09:31:56.300,5225.6000,41334,-1,322210000.000,3,1,2,多平,S,5225.8000,5225.2000,5225.0000,5224.6000,5224.4000,5226.2000,5226.4000,5226.6000,5229.4000,5230.0000,1,1,2,1,5,1,2,1,2,1
SF,IC2009,2020-05-21 09:31:56.800,5226.0000,41334,0,324300440.000,2,1,1,多换,S,5225.8000,5225.0000,5224.6000,5224.4000,5224.0000,5226.4000,5226.6000,5229.4000,5230.0000,5230.4000,1,3,1,5,2,2,1,2,1,2
SF,IC2009,2020-05-21 09:31:57.300,5226.6000,41332,-2,328481600.000,4,1,3,多平,S,5225.8000,5225.0000,5224.6000,5224.4000,5224.0000,5229.4000,5230.0000,5230.4000,5230.6000,5231.6000,2,2,1,5,2,2,1,2,1,1
SF,IC2009,2020-05-21 09:31:57.800,5226.6000,41332,0,328481600.000,0,-,-,-,-,5226.6000,5226.4000,5226.0000,5225.8000,5225.0000,5228.8000,5229.2000,5229.4000,5230.0000,5230.4000,1,1,3,2,2,1,2,2,1,2
SF,IC2009,2020-05-21 09:31:58.300,5226.6000,41332,0,328481600.000,0,-,-,-,-,5226.8000,5226.6000,5226.4000,5226.2000,5226.0000,5228.8000,5229.2000,5229.4000,5230.0000,5230.4000,1,4,1,1,1,1,1,2,1,2
SF,IC2009,2020-05-21 09:31:58.800,5226.6000,41332,0,328481600.000,0,-,-,-,-,5227.0000,5226.8000,5226.6000,5226.4000,5226.2000,5228.8000,5229.2000,5229.4000,5230.0000,5230.4000,1,3,2,1,1,1,1,2,1,2
SF,IC2009,2020-05-21 09:31:59.300,5226.8000,41330,-2,330572320.000,2,0,2,双平,S,5227.0000,5226.6000,5226.4000,5226.2000,5226.0000,5228.8000,5229.2000,5229.4000,5230.0000,5230.4000,2,2,1,1,1,1,1,2,1,2
SF,IC2009,2020-05-21 09:31:59.800,5226.8000,41330,0,330572320.000,0,-,-,-,-,5227.2000,5227.0000,5226.6000,5226.4000,5226.0000,5228.6000,5228.8000,5229.4000,5230.0000,5230.4000,1,2,2,1,1,1,1,2,1,2
SF,IC2009,2020-05-21 09:32:00.300,5226.8000,41330,0,330572320.000,0,-,-,-,-,5227.0000,5226.6000,5226.4000,5225.8000,5225.6000,5228.4000,5228.6000,5228.8000,5229.4000,5230.0000,1,1,1,1,1,1,1,1,2,1
SF,IC2009,2020-05-21 09:32:00.800,5226.8000,41330,0,330572320.000,0,-,-,-,-,5226.6000,5226.4000,5225.8000,5225.6000,5225.0000,5228.2000,5228.4000,5228.8000,5229.4000,5230.0000,1,1,1,1,2,3,1,1,2,1
SF,IC2009,2020-05-21 09:32:01.300,5226.8000,41330,0,330572320.000,0,-,-,-,-,5225.8000,5225.6000,5225.0000,5224.4000,5224.0000,5228.0000,5228.2000,5228.8000,5229.4000,5230.0000,1,1,2,5,2,2,3,1,2,1
SF,IC2009,2020-05-21 09:32:01.800,5226.8000,41330,0,330572320.000,0,-,-,-,-,5225.8000,5225.6000,5225.0000,5224.4000,5224.0000,5227.6000,5227.8000,5228.0000,5228.2000,5228.8000,1,1,2,5,2,1,1,2,1,1
SF,IC2009,2020-05-21 09:32:02.300,5226.8000,41330,0,330572320.000,0,-,-,-,-,5226.0000,5225.8000,5225.6000,5225.0000,5224.4000,5226.4000,5227.2000,5227.4000,5227.6000,5228.0000,2,1,1,2,5,4,1,5,1,2
SF,IC2009,2020-05-21 09:32:02.800,5225.6000,41326,-4,334753000.000,4,0,4,双平,S,5225.0000,5224.4000,5224.0000,5222.4000,5220.4000,5226.0000,5227.4000,5227.6000,5228.0000,5229.4000,2,5,2,5,5,2,2,1,2,2
SF,IC2009,2020-05-21 09:32:03.300,5226.0000,41326,0,335798200.000,1,0,1,多换,S,5225.2000,5225.0000,5224.4000,5224.0000,5222.4000,5227.4000,5228.0000,5229.4000,5230.0000,5230.4000,2,2,5,2,5,1,1,2,1,2
SF,IC2009,2020-05-21 09:32:03.800,5225.4000,41326,0,336843280.000,1,0,1,多换,S,5225.2000,5225.0000,5224.4000,5224.0000,5222.4000,5227.4000,5228.0000,5229.4000,5230.0000,5230.4000,2,2,5,2,5,1,1,2,1,2
SF,IC2009,2020-05-21 09:32:04.300,5225.4000,41326,0,336843280.000,0,-,-,-,-,5225.2000,5225.0000,5224.4000,5224.0000,5222.4000,5226.6000,5227.4000,5228.0000,5229.4000,5230.0000,1,2,5,2,5,1,1,1,2,1
SF,IC2009,2020-05-21 09:32:04.800,5225.4000,41326,0,336843280.000,0,-,-,-,-,5225.0000,5224.4000,5224.0000,5222.4000,5220.4000,5226.4000,5228.0000,5229.4000,5230.0000,5230.4000,2,5,2,5,5,1,1,2,1,2
SF,IC2009,2020-05-21 09:32:05.300,5226.4000,41325,-1,337888560.000,1,0,1,双平,S,5225.2000,5225.0000,5224.4000,5224.0000,5222.4000,5229.4000,5230.0000,5230.4000,5231.6000,5231.8000,5,2,5,2,5,2,1,2,1,2
SF,IC2009,2020-05-21 09:32:05.800,5226.4000,41325,0,337888560.000,0,-,-,-,-,5226.4000,5225.6000,5225.4000,5225.2000,5225.0000,5229.0000,5229.2000,5229.4000,5230.0000,5230.4000,1,1,3,1,2,1,2,2,1,2
SF,IC2009,2020-05-21 09:32:06.300,5226.4000,41325,0,337888560.000,0,-,-,-,-,5226.6000,5225.8000,5225.6000,5225.2000,5225.0000,5227.2000,5227.6000,5227.8000,5228.6000,5228.8000,1,2,1,1,2,4,1,1,2,2
SF,IC2009,2020-05-21 09:32:06.800,5226.6000,41325,0,338933880.000,1,0,1,多换,S,5226.6000,5225.8000,5225.6000,5225.2000,5225.0000,5227.6000,5228.8000,5229.2000,5229.4000,5230.0000,2,2,1,1,2,1,2,1,3,1
SF,IC2009,2020-05-21 09:32:07.300,5226.6000,41325,0,338933880.000,0,-,-,-,-,5226.6000,5225.8000,5225.6000,5225.2000,5225.0000,5228.8000,5229.2000,5229.4000,5230.0000,5230.4000,2,2,1,1,2,2,1,3,1,2
SF,IC2009,2020-05-21 09:32:07.800,5226.6000,41324,-1,341024600.000,2,0,2,多平,S,5225.8000,5225.6000,5225.2000,5225.0000,5224.4000,5227.2000,5227.8000,5228.4000,5228.6000,5228.8000,2,1,1,2,5,4,1,2,4,2
SF,IC2009,2020-05-21 09:32:08.300,5226.6000,41324,0,341024600.000,0,-,-,-,-,5226.0000,5225.8000,5225.6000,5225.0000,5224.4000,5228.6000,5228.8000,5229.0000,5229.2000,5229.4000,4,2,1,2,5,1,2,1,1,3
SF,IC2009,2020-05-21 09:32:08.800,5226.6000,41324,0,341024600.000,0,-,-,-,-,5225.8000,5225.6000,5225.0000,5224.4000,5224.0000,5227.2000,5227.6000,5228.2000,5228.4000,5228.6000,2,1,2,5,2,4,1,2,2,1
SF,IC2009,2020-05-21 09:32:09.300,5226.6000,41324,0,341024600.000,0,-,-,-,-,5226.4000,5226.0000,5225.8000,5225.6000,5225.0000,5227.0000,5227.6000,5228.4000,5228.6000,5228.8000,1,2,2,1,2,1,1,2,1,1
SF,IC2009,2020-05-21 09:32:09.800,5226.4000,41323,-1,343115160.000,2,0,2,多平,S,5226.0000,5225.8000,5225.0000,5224.4000,5224.0000,5226.4000,5227.0000,5227.6000,5228.4000,5228.8000,2,2,2,5,2,1,1,1,2,1
SF,IC2009,2020-05-21 09:32:10.300,5226.0000,41323,0,344160360.000,1,0,1,多换,S,5225.8000,5225.0000,5224.4000,5224.0000,5222.4000,5227.0000,5227.6000,5228.4000,5228.8000,5229.0000,2,2,5,2,5,1,1,2,1,1
SF,IC2009,2020-05-21 09:32:10.800,5225.8000,41324,1,345205520.000,1,1,0,双开,S,5225.8000,5225.0000,5224.4000,5224.0000,5222.4000,5226.8000,5227.0000,5227.6000,5228.4000,5228.8000,1,2,5,2,5,1,1,1,2,1
SF,IC2009,2020-05-21 09:32:11.300,5225.8000,41324,0,345205520.000,0,-,-,-,-,5225.8000,5225.0000,5224.4000,5224.0000,5222.4000,5228.4000,5228.8000,5229.0000,5229.2000,5229.4000,3,2,5,2,5,2,1,1,1,3
SF,IC2009,2020-05-21 09:32:11.800,5225.8000,41324,0,345205520.000,0,-,-,-,-,5226.0000,5225.8000,5225.0000,5224.4000,5224.0000,5228.2000,5228.4000,5228.8000,5229.0000,5229.2000,2,3,2,5,2,1,2,1,1,1
SF,IC2009,2020-05-21 09:32:12.300,5225.8000,41324,0,345205520.000,0,-,-,-,-,5226.8000,5226.0000,5225.8000,5225.0000,5224.4000,5228.0000,5228.2000,5228.4000,5228.8000,5229.0000,1,3,2,2,5,2,1,2,1,1
SF,IC2009,2020-05-21 09:32:12.800,5226.8000,41322,-2,347296240.000,2,0,2,双平,S,5226.0000,5225.8000,5225.0000,5224.4000,5224.0000,5227.4000,5227.8000,5228.0000,5228.4000,5228.8000,1,1,2,5,2,4,2,1,2,1
SF,IC2009,2020-05-21 09:32:13.300,5226.0000,41321,-1,348341440.000,1,0,1,双平,S,5225.8000,5225.0000,5224.4000,5224.0000,5222.4000,5226.0000,5227.8000,5228.0000,5228.4000,5228.8000,1,2,5,2,5,1,1,1,2,1
SF,IC2009,2020-05-21 09:32:13.800,5226.0000,41320,-1,350431840.000,2,0,2,多平,S,5226.4000,5226.0000,5225.8000,5225.0000,5224.4000,5228.0000,5228.4000,5228.8000,5229.0000,5229.2000,2,2,1,2,5,1,2,1,1,1
SF,IC2009,2020-05-21 09:32:14.300,5226.0000,41320,0,350431840.000,0,-,-,-,-,5226.0000,5225.8000,5225.0000,5224.4000,5224.0000,5227.8000,5228.0000,5228.4000,5228.8000,5229.0000,2,1,2,5,2,2,3,2,1,1
SF,IC2009,2020-05-21 09:32:14.800,5226.0000,41320,0,350431840.000,0,-,-,-,-,5226.0000,5225.8000,5225.0000,5224.4000,5224.0000,5227.0000,5227.4000,5227.6000,5227.8000,5228.0000,2,1,2,5,2,4,1,2,2,1
SF,IC2009,2020-05-21 09:32:15.300,5225.8000,41320,0,351477000.000,1,0,1,多换,S,5225.0000,5224.4000,5224.0000,5222.4000,5220.4000,5225.8000,5226.8000,5227.2000,5227.6000,5227.8000,2,5,2,5,5,1,5,1,2,1
SF,IC2009,2020-05-21 09:32:15.800,5225.8000,41320,0,351477000.000,0,-,-,-,-,5225.0000,5224.4000,5224.0000,5222.4000,5220.4000,5225.4000,5225.8000,5226.8000,5227.6000,5227.8000,2,5,2,5,5,1,2,4,1,1
SF,IC2009,2020-05-21 09:32:16.300,5225.0000,41320,0,353567000.000,2,1,1,多换,S,5224.4000,5224.0000,5222.4000,5220.4000,5220.0000,5225.4000,5226.6000,5226.8000,5227.8000,5228.4000,5,2,5,5,1,2,1,3,1,1
SF,IC2009,2020-05-21 09:32:16.800,5225.0000,41320,0,353567000.000,0,-,-,-,-,5224.4000,5224.0000,5222.4000,5220.4000,5220.0000,5225.4000,5226.6000,5226.8000,5227.8000,5228.4000,5,2,5,5,1,2,1,2,1,1
SF,IC2009,2020-05-21 09:32:17.300,5225.0000,41320,0,353567000.000,0,-,-,-,-,5224.4000,5224.0000,5222.4000,5220.4000,5220.0000,5225.4000,5226.8000,5227.8000,5228.4000,5228.8000,5,2,5,5,1,2,2,1,1,1
SF,IC2009,2020-05-21 09:32:18.800,5224.4000,41320,0,354611880.000,1,0,1,多换,S,5224.4000,5224.0000,5222.4000,5220.4000,5220.0000,5225.4000,5226.8000,5227.8000,5228.4000,5228.8000,4,2,5,5,1,2,2,1,1,1
SF,IC2009,2020-05-21 09:32:19.300,5224.4000,41320,0,355656760.000,1,0,1,多换,S,5224.4000,5224.0000,5222.4000,5220.4000,5220.2000,5225.2000,5226.8000,5227.8000,5228.4000,5228.8000,3,2,5,5,1,1,1,1,1,1
SF,IC2009,2020-05-21 09:32:19.800,5224.4000,41320,0,358791400.000,3,1,2,多换,S,5224.0000,5222.4000,5220.4000,5220.2000,5220.0000,5224.2000,5225.2000,5226.8000,5227.8000,5228.4000,2,5,5,1,1,2,2,1,1,1
SF,IC2009,2020-05-21 09:32:20.300,5224.0000,41322,2,360881000.000,2,2,0,双开,S,5223.0000,5222.4000,5220.4000,5220.2000,5220.0000,5224.2000,5225.2000,5226.8000,5227.8000,5228.4000,1,5,5,1,1,2,2,1,1,1
SF,IC2009,2020-05-21 09:32:20.800,5224.2000,41320,-2,362970680.000,2,0,2,双平,S,5223.2000,5223.0000,5222.8000,5222.4000,5220.4000,5225.2000,5226.8000,5227.8000,5228.4000,5228.8000,2,4,1,5,5,2,1,1,1,1
SF,IC2009,2020-05-21 09:32:21.300,5224.2000,41320,0,362970680.000,0,-,-,-,-,5224.4000,5224.2000,5223.4000,5223.2000,5223.0000,5226.8000,5227.8000,5228.4000,5228.8000,5229.0000,1,1,6,4,4,1,1,1,1,1
SF,IC2009,2020-05-21 09:32:21.800,5224.2000,41320,0,362970680.000,0,-,-,-,-,5224.2000,5223.4000,5223.2000,5223.0000,5222.8000,5225.0000,5226.4000,5226.6000,5226.8000,5227.8000,1,2,2,4,1,1,1,1,1,1
SF,IC2009,2020-05-21 09:32:22.300,5224.2000,41320,0,362970680.000,0,-,-,-,-,5224.2000,5223.4000,5223.2000,5223.0000,5222.8000,5224.4000,5225.0000,5226.6000,5226.8000,5227.0000,1,1,2,2,1,1,2,2,1,1
SF,IC2009,2020-05-21 09:32:22.800,5224.4000,41319,-1,365060440.000,2,0,2,多平,S,5223.4000,5223.2000,5223.0000,5222.8000,5222.4000,5225.0000,5226.4000,5226.6000,5226.8000,5227.8000,1,1,1,1,5,2,1,2,1,1
SF,IC2009,2020-05-21 09:32:23.300,5224.4000,41319,0,365060440.000,0,-,-,-,-,5223.4000,5223.2000,5223.0000,5222.8000,5222.4000,5226.4000,5226.6000,5226.8000,5227.8000,5228.4000,1,1,1,1,5,1,2,1,1,1
SF,IC2009,2020-05-21 09:32:23.800,5224.4000,41319,0,365060440.000,0,-,-,-,-,5223.6000,5223.0000,5222.8000,5222.4000,5220.4000,5224.8000,5226.2000,5226.4000,5226.6000,5227.8000,1,1,1,5,5,2,3,2,1,1
SF,IC2009,2020-05-21 09:32:24.300,5224.4000,41319,0,365060440.000,0,-,-,-,-,5223.0000,5222.8000,5222.4000,5220.4000,5220.2000,5223.4000,5224.6000,5224.8000,5226.0000,5226.2000,1,1,5,5,1,4,4,1,1,3
SF,IC2009,2020-05-21 09:32:24.800,5223.4000,41317,-2,369239160.000,4,1,3,多平,S,5224.4000,5223.4000,5223.0000,5222.8000,5222.4000,5224.6000,5226.2000,5226.4000,5226.6000,5227.8000,1,2,1,1,5,3,2,1,1,1
SF,IC2009,2020-05-21 09:32:25.300,5223.4000,41316,-1,370283840.000,1,0,1,双平,S,5223.4000,5223.0000,5222.8000,5222.4000,5220.4000,5224.0000,5224.4000,5224.6000,5226.2000,5226.6000,1,1,1,5,5,3,2,2,1,1
SF,IC2009,2020-05-21 09:32:25.800,5223.4000,41316,0,370283840.000,0,-,-,-,-,5223.4000,5223.0000,5222.8000,5222.4000,5220.4000,5224.6000,5226.2000,5226.6000,5227.8000,5228.4000,1,1,1,5,5,1,1,1,1,1
SF,IC2009,2020-05-21 09:32:26.300,5223.4000,41316,0,370283840.000,0,-,-,-,-,5223.4000,5223.0000,5222.8000,5222.4000,5220.4000,5224.4000,5224.6000,5226.6000,5227.8000,5228.4000,3,1,1,5,5,2,1,1,1,1
SF,IC2009,2020-05-21 09:32:26.800,5224.6000,41315,-1,371328760.000,1,0,1,双平,S,5223.4000,5223.0000,5222.8000,5222.4000,5220.4000,5226.6000,5227.8000,5228.4000,5228.8000,5229.0000,3,1,1,5,5,1,1,1,1,1
SF,IC2009,2020-05-21 09:32:27.300,5223.6000,41315,0,372373480.000,1,0,1,多换,S,5223.6000,5223.4000,5223.0000,5222.8000,5222.4000,5226.2000,5226.4000,5226.6000,5227.8000,5228.4000,1,1,1,1,5,2,4,1,1,1
SF,IC2009,2020-05-21 09:32:27.800,5223.6000,41314,-1,373418200.000,1,0,1,双平,S,5223.6000,5223.4000,5223.0000,5222.8000,5222.4000,5225.8000,5226.0000,5226.2000,5226.4000,5226.6000,1,1,1,1,5,1,3,1,2,1
SF,IC2009,2020-05-21 09:32:28.300,5223.6000,41314,0,373418200.000,0,-,-,-,-,5223.6000,5223.4000,5223.0000,5222.8000,5222.4000,5225.4000,5225.6000,5225.8000,5226.0000,5226.2000,1,1,1,1,5,1,1,2,1,1
SF,IC2009,2020-05-21 09:32:28.800,5223.6000,41314,0,374462920.000,1,0,1,多换,S,5223.8000,5223.6000,5223.4000,5223.0000,5222.8000,5225.2000,5226.0000,5227.8000,5228.4000,5228.8000,1,3,1,1,1,1,1,1,1,1
SF,IC2009,2020-05-21 09:32:29.300,5223.6000,41314,0,374462920.000,0,-,-,-,-,5223.8000,5223.6000,5223.4000,5223.0000,5222.8000,5225.0000,5225.2000,5227.8000,5228.4000,5228.8000,1,2,1,1,1,4,2,1,1,1
SF,IC2009,2020-05-21 09:32:29.800,5223.6000,41314,0,374462920.000,0,-,-,-,-,5223.8000,5223.0000,5222.8000,5222.4000,5220.4000,5225.2000,5227.8000,5228.4000,5228.8000,5229.0000,3,1,1,5,5,1,1,1,1,1
SF,IC2009,2020-05-21 09:32:30.300,5223.6000,41314,0,374462920.000,0,-,-,-,-,5223.0000,5222.8000,5222.4000,5220.4000,5220.2000,5224.8000,5225.0000,5225.2000,5227.8000,5228.4000,1,1,5,5,1,1,1,1,1,1
SF,IC2009,2020-05-21 09:32:30.800,5223.6000,41314,0,374462920.000,0,-,-,-,-,5223.0000,5222.8000,5222.4000,5220.4000,5220.2000,5224.6000,5224.8000,5227.8000,5228.4000,5228.8000,1,1,5,5,1,2,1,1,1,1
SF,IC2009,2020-05-21 09:32:31.300,5223.6000,41314,0,374462920.000,0,-,-,-,-,5223.0000,5222.8000,5222.4000,5220.4000,5220.2000,5224.4000,5224.6000,5227.8000,5228.4000,5228.8000,1,1,5,5,1,2,3,1,1,1
SF,IC2009,2020-05-21 09:32:31.800,5223.6000,41314,0,374462920.000,0,-,-,-,-,5223.0000,5222.8000,5222.4000,5220.4000,5220.2000,5224.4000,5224.6000,5227.8000,5228.4000,5228.8000,1,1,5,5,1,2,2,1,1,1
SF,IC2009,2020-05-21 09:32:32.300,5223.6000,41314,0,374462920.000,0,-,-,-,-,5223.0000,5222.8000,5222.4000,5220.4000,5220.2000,5224.2000,5224.4000,5224.6000,5227.8000,5228.4000,1,1,5,5,1,1,2,1,1,1
SF,IC2009,2020-05-21 09:32:32.800,5223.6000,41314,0,374462920.000,0,-,-,-,-,5223.0000,5222.8000,5222.4000,5220.4000,5220.2000,5224.2000,5227.8000,5228.4000,5228.8000,5229.0000,1,1,5,5,1,3,1,1,1,1
SF,IC2009,2020-05-21 09:32:33.300,5223.6000,41314,0,374462920.000,0,-,-,-,-,5223.0000,5222.8000,5222.4000,5220.4000,5220.2000,5224.2000,5227.8000,5228.4000,5228.8000,5229.2000,2,1,5,5,1,3,1,1,1,1
SF,IC2009,2020-05-21 09:32:34.300,5223.6000,41314,0,374462920.000,0,-,-,-,-,5223.0000,5222.8000,5222.4000,5220.4000,5220.2000,5224.2000,5225.0000,5227.8000,5228.4000,5228.8000,2,1,5,5,1,3,13,1,1,1
SF,IC2009,2020-05-21 09:32:34.800,5223.6000,41314,0,374462920.000,0,-,-,-,-,5223.0000,5222.8000,5222.4000,5220.4000,5220.2000,5224.0000,5224.2000,5225.0000,5227.8000,5228.4000,1,1,5,5,1,3,3,13,1,1
SF,IC2009,2020-05-21 09:32:35.300,5223.6000,41314,0,374462920.000,0,-,-,-,-,5223.4000,5223.0000,5222.8000,5222.4000,5220.4000,5223.8000,5224.0000,5224.2000,5225.0000,5227.8000,1,1,1,5,5,4,3,1,13,1
SF,IC2009,2020-05-21 09:32:35.800,5223.4000,41313,-1,375507600.000,1,0,1,双平,S,5223.0000,5222.8000,5222.4000,5220.4000,5220.2000,5223.4000,5223.8000,5224.0000,5224.2000,5225.0000,1,1,5,5,1,3,2,1,1,13
SF,IC2009,2020-05-21 09:32:36.300,5223.0000,41313,0,376552200.000,1,0,1,多换,S,5222.8000,5222.4000,5220.4000,5220.2000,5220.0000,5223.8000,5224.0000,5225.0000,5227.8000,5228.4000,1,5,5,1,1,1,1,13,1,1
SF,IC2009,2020-05-21 09:32:36.800,5222.8000,41312,-1,377596760.000,1,0,1,双平,S,5222.4000,5220.4000,5220.2000,5220.0000,5218.8000,5222.8000,5223.6000,5224.0000,5225.0000,5227.8000,5,5,1,1,1,1,1,1,13,1
SF,IC2009,2020-05-21 09:32:37.300,5222.8000,41313,1,379685880.000,2,1,1,空开,S,5222.4000,5220.4000,5220.2000,5220.0000,5218.8000,5223.6000,5224.0000,5225.0000,5227.8000,5228.4000,5,5,1,1,1,1,1,13,1,1
SF,IC2009,2020-05-21 09:32:37.800,5222.8000,41313,0,379685880.000,0,-,-,-,-,5222.4000,5220.4000,5220.2000,5220.0000,5218.8000,5223.4000,5223.6000,5225.0000,5227.8000,5228.4000,5,5,1,1,1,1,3,13,1,1
SF,IC2009,2020-05-21 09:32:38.300,5222.8000,41313,0,379685880.000,0,-,-,-,-,5222.4000,5220.4000,5220.2000,5220.0000,5218.8000,5223.2000,5223.4000,5223.6000,5225.0000,5227.8000,5,5,1,1,1,1,1,2,13,1
SF,IC2009,2020-05-21 09:32:38.800,5222.8000,41313,0,379685880.000,0,-,-,-,-,5222.4000,5220.4000,5220.2000,5220.0000,5218.8000,5223.2000,5223.6000,5225.0000,5227.8000,5228.4000,5,5,1,1,1,2,1,13,1,1
SF,IC2009,2020-05-21 09:32:39.300,5222.6000,41311,-2,381775040.000,2,0,2,双平,S,5222.4000,5220.4000,5220.2000,5220.0000,5218.8000,5225.0000,5227.8000,5228.4000,5228.8000,5229.2000,5,5,1,1,1,13,1,1,1,1
SF,IC2009,2020-05-21 09:32:39.800,5222.6000,41311,0,381775040.000,0,-,-,-,-,5222.6000,5222.4000,5220.4000,5220.2000,5220.0000,5224.0000,5224.8000,5225.0000,5227.8000,5228.4000,2,5,5,1,1,2,2,13,1,1
SF,IC2009,2020-05-21 09:32:40.300,5224.0000,41309,-2,383864640.000,2,0,2,双平,S,5223.6000,5222.8000,5222.6000,5222.4000,5220.4000,5224.8000,5225.0000,5227.8000,5228.4000,5228.8000,1,1,1,5,5,2,13,1,1,1
SF,IC2009,2020-05-21 09:32:40.800,5224.0000,41309,0,383864640.000,0,-,-,-,-,5223.8000,5223.6000,5222.8000,5222.4000,5220.4000,5224.6000,5225.0000,5227.8000,5228.4000,5228.8000,1,4,1,5,5,1,13,1,1,1
SF,IC2009,2020-05-21 09:32:41.300,5225.0000,41309,0,388044640.000,4,2,2,多换,S,5224.8000,5224.6000,5223.8000,5223.6000,5222.8000,5225.0000,5227.8000,5228.4000,5228.8000,5229.2000,1,2,2,2,1,9,1,1,1,1
SF,IC2009,2020-05-21 09:32:41.800,5224.8000,41307,-2,397449560.000,9,3,6,多平,S,5223.8000,5223.6000,5222.8000,5222.4000,5220.4000,5225.0000,5227.8000,5228.4000,5228.8000,5229.2000,2,1,1,5,5,2,1,1,1,1
SF,IC2009,2020-05-21 09:32:42.300,5224.8000,41307,0,397449560.000,0,-,-,-,-,5224.0000,5223.8000,5223.6000,5222.8000,5222.4000,5224.8000,5225.0000,5227.8000,5228.4000,5228.8000,1,2,1,1,5,1,2,1,1,1
SF,IC2009,2020-05-21 09:32:42.800,5224.8000,41307,0,397449560.000,0,-,-,-,-,5224.0000,5223.8000,5222.8000,5222.4000,5220.4000,5224.8000,5225.0000,5227.2000,5227.6000,5227.8000,2,1,1,5,5,1,2,1,1,1
SF,IC2009,2020-05-21 09:32:43.300,5224.8000,41307,0,397449560.000,0,-,-,-,-,5224.0000,5223.8000,5222.4000,5220.4000,5220.2000,5224.8000,5225.0000,5227.2000,5227.6000,5227.8000,1,1,5,5,1,1,2,1,1,1
SF,IC2009,2020-05-21 09:32:43.800,5224.8000,41307,0,398494520.000,1,0,1,多换,S,5224.0000,5223.8000,5222.4000,5220.4000,5220.2000,5225.0000,5227.2000,5227.6000,5227.8000,5228.4000,1,1,5,5,1,2,1,1,1,1
SF,IC2009,2020-05-21 09:32:44.300,5225.0000,41307,0,400584520.000,2,1,1,多换,S,5225.2000,5224.6000,5224.2000,5224.0000,5222.4000,5227.2000,5227.6000,5227.8000,5228.4000,5228.8000,3,1,2,3,5,1,1,1,1,1
SF,IC2009,2020-05-21 09:32:44.800,5225.0000,41307,0,400584520.000,0,-,-,-,-,5225.4000,5225.2000,5225.0000,5224.4000,5224.2000,5227.0000,5227.2000,5227.6000,5228.4000,5228.8000,2,1,1,1,2,3,1,1,1,1
SF,IC2009,2020-05-21 09:32:45.300,5225.0000,41307,0,400584520.000,0,-,-,-,-,5225.6000,5225.4000,5225.0000,5224.4000,5224.2000,5226.8000,5227.0000,5227.2000,5227.6000,5228.4000,1,1,1,1,2,1,2,1,1,1
SF,IC2009,2020-05-21 09:32:45.800,5225.0000,41307,0,400584520.000,0,-,-,-,-,5225.6000,5225.4000,5225.0000,5224.0000,5222.4000,5226.6000,5226.8000,5227.2000,5227.6000,5228.4000,1,1,1,2,5,3,2,1,1,1
SF,IC2009,2020-05-21 09:32:46.300,5225.0000,41307,0,400584520.000,0,-,-,-,-,5225.6000,5225.4000,5225.0000,5224.0000,5222.4000,5226.6000,5227.2000,5227.6000,5228.4000,5228.8000,1,1,1,2,5,1,1,1,1,1
SF,IC2009,2020-05-21 09:32:46.800,5225.0000,41307,0,400584520.000,0,-,-,-,-,5225.0000,5224.0000,5222.4000,5221.2000,5220.4000,5226.6000,5227.2000,5227.6000,5228.4000,5228.8000,1,2,5,1,5,1,1,1,1,1
SF,IC2009,2020-05-21 09:32:47.300,5225.0000,41307,0,400584520.000,0,-,-,-,-,5225.0000,5224.0000,5222.4000,5221.2000,5220.4000,5226.6000,5227.2000,5227.6000,5228.4000,5228.8000,1,2,5,1,5,1,1,1,1,1
SF,IC2009,2020-05-21 09:32:47.800,5225.0000,41307,0,400584520.000,0,-,-,-,-,5225.8000,5225.2000,5225.0000,5224.0000,5222.4000,5226.6000,5227.2000,5228.8000,5229.2000,5229.4000,1,3,3,2,5,1,1,1,1,3
SF,IC2009,2020-05-21 09:32:48.300,5225.0000,41307,0,400584520.000,0,-,-,-,-,5225.8000,5225.2000,5225.0000,5224.0000,5222.4000,5226.4000,5226.6000,5227.2000,5228.8000,5229.2000,1,2,2,2,5,1,1,1,1,1
SF,IC2009,2020-05-21 09:32:48.800,5225.0000,41306,-1,402674520.000,2,0,2,多平,S,5225.2000,5225.0000,5224.0000,5223.0000,5222.4000,5226.6000,5227.2000,5228.8000,5229.2000,5229.4000,1,1,2,1,5,1,1,1,1,3
SF,IC2009,2020-05-21 09:32:49.300,5226.6000,41305,-1,403719840.000,1,0,1,双平,S,5225.8000,5225.4000,5225.2000,5224.0000,5223.0000,5228.8000,5229.2000,5229.4000,5230.0000,5230.4000,1,1,3,1,1,1,1,3,1,2
SF,IC2009,2020-05-21 09:32:49.800,5226.6000,41305,0,403719840.000,0,-,-,-,-,5225.4000,5225.2000,5224.0000,5223.0000,5222.4000,5228.2000,5228.6000,5228.8000,5229.2000,5229.4000,1,1,1,1,5,2,2,1,1,3
SF,IC2009,2020-05-21 09:32:50.300,5226.6000,41305,0,403719840.000,0,-,-,-,-,5225.6000,5225.4000,5225.2000,5224.0000,5223.0000,5227.8000,5228.0000,5228.6000,5228.8000,5229.2000,2,1,1,1,1,2,3,1,1,1
SF,IC2009,2020-05-21 09:32:50.800,5226.6000,41305,0,403719840.000,0,-,-,-,-,5225.6000,5225.4000,5224.0000,5223.0000,5222.4000,5227.0000,5227.6000,5227.8000,5228.0000,5228.6000,2,1,1,1,5,13,3,2,1,1
SF,IC2009,2020-05-21 09:32:51.300,5226.6000,41305,0,403719840.000,0,-,-,-,-,5225.6000,5225.4000,5224.0000,5223.0000,5222.4000,5226.8000,5227.0000,5227.6000,5228.0000,5228.6000,1,1,1,1,5,2,13,2,1,1
SF,IC2009,2020-05-21 09:32:51.800,5226.6000,41305,0,403719840.000,0,-,-,-,-,5225.6000,5225.4000,5224.0000,5223.0000,5222.4000,5226.6000,5226.8000,5227.0000,5227.6000,5228.0000,1,1,1,1,5,1,2,13,2,1
SF,IC2009,2020-05-21 09:32:52.300,5226.6000,41305,0,403719840.000,0,-,-,-,-,5225.6000,5225.4000,5224.0000,5223.0000,5222.4000,5226.6000,5226.8000,5227.0000,5227.6000,5228.0000,1,1,1,1,5,1,1,13,2,1
SF,IC2009,2020-05-21 09:32:52.800,5226.6000,41305,0,403719840.000,0,-,-,-,-,5226.0000,5225.6000,5225.4000,5224.0000,5223.0000,5226.8000,5227.0000,5227.6000,5228.8000,5229.2000,1,1,1,1,1,1,13,2,1,1
SF,IC2009,2020-05-21 09:32:53.300,5226.6000,41305,0,403719840.000,0,-,-,-,-,5225.6000,5224.0000,5223.0000,5222.4000,5221.2000,5226.8000,5227.0000,5227.6000,5229.2000,5229.4000,1,1,1,5,1,1,13,2,1,3
SF,IC2009,2020-05-21 09:32:53.800,5226.6000,41305,0,403719840.000,0,-,-,-,-,5225.6000,5225.0000,5224.0000,5223.0000,5222.4000,5226.6000,5226.8000,5227.0000,5227.6000,5229.2000,1,1,1,1,5,1,1,13,2,1
SF,IC2009,2020-05-21 09:32:54.300,5226.6000,41305,0,403719840.000,0,-,-,-,-,5225.6000,5225.0000,5224.0000,5223.0000,5222.4000,5226.6000,5226.8000,5227.0000,5229.2000,5229.4000,1,1,1,1,5,2,1,13,1,3
SF,IC2009,2020-05-21 09:32:54.800,5226.6000,41305,0,403719840.000,0,-,-,-,-,5225.6000,5225.0000,5224.0000,5223.0000,5222.4000,5226.4000,5226.6000,5226.8000,5227.0000,5229.2000,1,1,1,1,5,1,2,1,13,1
SF,IC2009,2020-05-21 09:32:56.300,5226.6000,41305,0,403719840.000,0,-,-,-,-,5225.0000,5224.0000,5223.0000,5222.4000,5221.2000,5226.4000,5226.6000,5226.8000,5227.0000,5229.2000,1,1,1,5,1,2,2,1,13,1
SF,IC2009,2020-05-21 09:32:56.800,5226.6000,41305,0,403719840.000,0,-,-,-,-,5225.6000,5225.2000,5225.0000,5224.0000,5223.0000,5226.4000,5226.6000,5226.8000,5227.0000,5229.2000,1,1,1,1,1,1,2,1,13,1
SF,IC2009,2020-05-21 09:32:57.300,5226.6000,41305,0,403719840.000,0,-,-,-,-,5225.0000,5224.0000,5223.0000,5222.4000,5221.2000,5226.2000,5226.4000,5226.6000,5226.8000,5227.0000,2,1,1,5,1,1,1,2,1,13
SF,IC2009,2020-05-21 09:32:57.800,5226.6000,41305,0,403719840.000,0,-,-,-,-,5225.0000,5224.0000,5223.0000,5222.4000,5221.2000,5226.2000,5226.4000,5226.6000,5226.8000,5227.0000,2,1,1,5,1,1,1,2,1,13
SF,IC2009,2020-05-21 09:32:58.300,5225.0000,41305,0,405809840.000,2,1,1,多换,S,5225.2000,5224.0000,5223.0000,5222.4000,5221.2000,5226.0000,5226.2000,5226.4000,5226.6000,5227.0000,1,1,1,5,1,1,2,1,2,13
SF,IC2009,2020-05-21 09:32:58.800,5225.0000,41304,-1,406854840.000,1,0,1,双平,S,5224.0000,5223.0000,5222.4000,5221.2000,5220.4000,5225.2000,5225.8000,5226.0000,5226.4000,5226.6000,1,1,5,1,5,4,1,3,1,1
SF,IC2009,2020-05-21 09:32:59.300,5225.0000,41304,0,406854840.000,0,-,-,-,-,5224.0000,5223.0000,5222.4000,5221.2000,5220.4000,5225.0000,5225.2000,5226.0000,5226.4000,5226.6000,1,1,5,1,5,1,4,1,1,1
SF,IC2009,2020-05-21 09:32:59.800,5225.0000,41304,0,406854840.000,0,-,-,-,-,5223.0000,5222.4000,5221.2000,5220.4000,5220.2000,5225.0000,5225.2000,5226.0000,5226.4000,5226.6000,1,5,1,5,1,2,4,1,1,1
SF,IC2009,2020-05-21 09:33:00.300,5225.0000,41304,0,406854840.000,0,-,-,-,-,5224.2000,5223.4000,5223.2000,5223.0000,5222.4000,5224.8000,5225.0000,5225.2000,5226.4000,5226.6000,1,4,5,5,5,1,1,4,1,1
SF,IC2009,2020-05-21 09:33:00.800,5225.0000,41304,0,406854840.000,0,-,-,-,-,5223.4000,5223.2000,5223.0000,5222.4000,5221.2000,5224.8000,5225.2000,5226.4000,5226.6000,5227.0000,3,5,4,5,1,1,2,1,1,13
SF,IC2009,2020-05-21 09:33:01.300,5224.8000,41303,-1,407899800.000,1,0,1,双平,S,5223.6000,5223.4000,5223.2000,5223.0000,5222.4000,5225.2000,5226.4000,5226.6000,5227.0000,5229.2000,3,3,4,3,5,2,1,1,13,1
SF,IC2009,2020-05-21 09:33:01.800,5224.8000,41303,0,407899800.000,0,-,-,-,-,5223.6000,5223.4000,5223.2000,5223.0000,5222.4000,5225.0000,5225.2000,5226.4000,5226.6000,5227.0000,2,3,4,3,5,1,2,1,1,13
SF,IC2009,2020-05-21 09:33:02.300,5224.8000,41303,0,407899800.000,0,-,-,-,-,5224.8000,5224.0000,5223.8000,5223.6000,5223.4000,5225.2000,5226.4000,5226.6000,5227.0000,5228.0000,1,2,2,2,3,2,1,1,13,1
SF,IC2009,2020-05-21 09:33:02.800,5224.8000,41302,-1,408944760.000,1,0,1,双平,S,5223.6000,5223.4000,5223.2000,5223.0000,5222.4000,5224.8000,5225.2000,5226.4000,5226.6000,5227.0000,2,3,3,2,5,2,2,1,1,13
SF,IC2009,2020-05-21 09:33:03.300,5224.8000,41302,0,408944760.000,0,-,-,-,-,5223.8000,5223.6000,5223.4000,5223.2000,5223.0000,5225.2000,5226.4000,5226.6000,5227.0000,5228.0000,1,2,3,3,2,2,1,1,13,1
SF,IC2009,2020-05-21 09:33:03.800,5224.8000,41302,0,408944760.000,0,-,-,-,-,5224.8000,5224.0000,5223.8000,5223.6000,5223.4000,5225.2000,5226.4000,5226.6000,5227.0000,5228.0000,1,3,1,1,3,1,1,1,13,1
SF,IC2009,2020-05-21 09:33:04.300,5224.8000,41301,-1,411034760.000,2,0,2,多平,S,5224.0000,5223.8000,5223.6000,5223.4000,5223.2000,5226.4000,5226.6000,5227.0000,5228.0000,5229.2000,2,2,1,3,3,1,1,13,1,1
SF,IC2009,2020-05-21 09:33:04.800,5224.8000,41301,0,411034760.000,0,-,-,-,-,5225.2000,5224.2000,5224.0000,5223.8000,5223.6000,5226.2000,5226.4000,5226.6000,5227.0000,5228.0000,2,1,2,1,1,1,1,1,13,1
SF,IC2009,2020-05-21 09:33:05.300,5225.0000,41300,-1,412079760.000,1,0,1,双平,S,5225.2000,5224.0000,5223.8000,5223.6000,5223.4000,5226.2000,5226.4000,5226.6000,5227.0000,5228.0000,1,2,1,1,3,1,1,1,13,1
SF,IC2009,2020-05-21 09:33:05.800,5226.2000,41299,-1,413125000.000,1,0,1,双平,S,5224.0000,5223.6000,5223.4000,5223.2000,5223.0000,5226.4000,5226.6000,5227.0000,5228.0000,5229.2000,2,1,3,3,2,1,1,13,1,1
SF,IC2009,2020-05-21 09:33:06.300,5226.2000,41299,0,413125000.000,0,-,-,-,-,5225.4000,5224.6000,5224.4000,5224.2000,5224.0000,5226.4000,5226.6000,5227.0000,5228.0000,5229.2000,2,1,1,4,3,1,1,13,1,1
SF,IC2009,2020-05-21 09:33:06.800,5226.2000,41299,0,413125000.000,0,-,-,-,-,5225.4000,5224.6000,5224.4000,5224.2000,5224.0000,5226.4000,5226.6000,5227.0000,5228.0000,5229.2000,1,1,1,3,2,1,1,13,1,1
SF,IC2009,2020-05-21 09:33:07.800,5226.2000,41299,0,413125000.000,0,-,-,-,-,5225.4000,5224.6000,5224.4000,5224.2000,5224.0000,5226.4000,5226.6000,5227.0000,5227.2000,5228.0000,2,1,1,3,1,1,1,13,1,1
SF,IC2009,2020-05-21 09:33:08.300,5226.0000,41298,-1,415215480.000,2,0,2,多平,S,5225.6000,5225.4000,5224.6000,5224.4000,5224.2000,5226.6000,5227.0000,5227.2000,5228.0000,5229.2000,1,2,1,1,2,1,13,1,1,1
SF,IC2009,2020-05-21 09:33:08.800,5225.6000,41298,0,416260600.000,1,0,1,多换,S,5225.6000,5225.4000,5224.6000,5224.4000,5224.2000,5226.6000,5227.0000,5227.2000,5228.0000,5229.2000,1,1,1,1,1,1,13,1,1,1
SF,IC2009,2020-05-21 09:33:09.300,5225.4000,41297,-1,417305680.000,1,0,1,双平,S,5224.6000,5224.4000,5224.2000,5224.0000,5223.6000,5225.4000,5226.6000,5227.0000,5227.2000,5228.0000,1,1,1,1,1,5,1,13,1,1
SF,IC2009,2020-05-21 09:33:09.800,5225.4000,41294,-3,420440920.000,3,0,3,双平,S,5225.0000,5224.8000,5224.6000,5224.4000,5224.2000,5225.4000,5226.6000,5227.0000,5227.2000,5228.0000,3,1,2,1,1,2,1,13,1,1
SF,IC2009,2020-05-21 09:33:10.300,5225.4000,41294,0,420440920.000,0,-,-,-,-,5225.0000,5224.8000,5224.6000,5224.4000,5223.6000,5225.4000,5226.0000,5226.6000,5227.0000,5227.2000,1,1,3,1,1,2,1,1,13,1
SF,IC2009,2020-05-21 09:33:10.800,5225.4000,41294,0,420440920.000,0,-,-,-,-,5225.0000,5224.8000,5224.6000,5224.4000,5223.6000,5225.4000,5226.0000,5226.6000,5227.0000,5227.2000,1,1,2,1,1,2,1,1,13,1
SF,IC2009,2020-05-21 09:33:11.300,5225.4000,41292,-2,422531080.000,2,0,2,双平,S,5225.6000,5225.4000,5225.2000,5225.0000,5224.8000,5226.0000,5226.6000,5227.0000,5227.2000,5228.0000,1,6,4,1,1,1,1,13,1,1
SF,IC2009,2020-05-21 09:33:11.800,5225.4000,41292,0,423576160.000,1,0,1,多换,S,5225.4000,5225.0000,5224.8000,5224.4000,5223.6000,5226.0000,5226.6000,5227.0000,5227.2000,5228.0000,3,1,1,1,1,1,1,13,1,1
SF,IC2009,2020-05-21 09:33:12.300,5226.0000,41291,-1,424621360.000,1,0,1,双平,S,5226.0000,5225.4000,5224.8000,5224.4000,5223.6000,5226.6000,5227.0000,5227.2000,5228.0000,5229.2000,2,2,1,1,1,1,13,1,1,1
SF,IC2009,2020-05-21 09:33:12.800,5227.0000,41291,0,429848280.000,5,2,3,多换,S,5226.0000,5225.6000,5225.4000,5224.8000,5224.4000,5227.0000,5227.2000,5228.0000,5229.2000,5229.4000,3,1,2,1,1,9,1,1,1,2
SF,IC2009,2020-05-21 09:33:13.300,5227.0000,41291,0,429848280.000,0,-,-,-,-,5226.2000,5226.0000,5225.6000,5225.4000,5224.8000,5227.0000,5227.2000,5228.0000,5229.2000,5229.4000,1,3,1,2,1,9,1,1,1,2
SF,IC2009,2020-05-21 09:33:13.800,5226.2000,41291,0,430893520.000,1,0,1,多换,S,5226.0000,5225.6000,5225.4000,5224.8000,5224.4000,5226.8000,5227.0000,5227.2000,5228.0000,5229.2000,2,1,2,1,1,1,9,1,1,1
SF,IC2009,2020-05-21 09:33:14.800,5226.2000,41291,0,430893520.000,0,-,-,-,-,5226.0000,5225.4000,5224.8000,5224.4000,5223.6000,5226.8000,5227.0000,5227.2000,5228.0000,5229.2000,2,2,1,1,1,1,9,1,1,1
SF,IC2009,2020-05-21 09:33:15.300,5226.8000,41291,0,431938880.000,1,0,1,多换,S,5226.0000,5225.4000,5224.8000,5224.6000,5224.4000,5227.0000,5227.2000,5228.0000,5229.2000,5229.4000,2,2,1,2,1,9,1,1,1,2
SF,IC2009,2020-05-21 09:33:15.800,5226.8000,41291,0,431938880.000,0,-,-,-,-,5226.2000,5226.0000,5225.4000,5224.8000,5224.6000,5227.0000,5227.2000,5228.0000,5229.2000,5229.4000,2,2,2,1,2,9,1,1,1,2
SF,IC2009,2020-05-21 09:33:16.300,5226.8000,41291,0,431938880.000,0,-,-,-,-,5226.2000,5226.0000,5225.4000,5224.8000,5224.6000,5227.0000,5227.2000,5228.0000,5229.2000,5229.4000,2,1,1,1,2,9,1,1,1,2
SF,IC2009,2020-05-21 09:33:16.800,5226.8000,41291,0,431938880.000,0,-,-,-,-,5226.0000,5225.4000,5224.8000,5224.6000,5224.4000,5227.0000,5227.2000,5228.0000,5229.2000,5229.4000,1,1,1,2,1,9,1,1,1,2
SF,IC2009,2020-05-21 09:33:17.300,5226.0000,41290,-1,432984080.000,1,0,1,双平,S,5225.4000,5224.8000,5224.6000,5224.4000,5223.6000,5226.8000,5227.0000,5227.2000,5228.0000,5229.2000,1,1,2,1,1,2,9,1,1,1
SF,IC2009,2020-05-21 09:33:17.800,5226.0000,41290,0,432984080.000,0,-,-,-,-,5225.4000,5225.0000,5224.8000,5224.6000,5224.4000,5226.8000,5227.0000,5227.2000,5228.0000,5229.2000,1,1,1,2,1,2,9,1,1,1
SF,IC2009,2020-05-21 09:33:18.300,5226.0000,41290,0,432984080.000,0,-,-,-,-,5225.6000,5225.4000,5225.0000,5224.6000,5224.4000,5226.8000,5227.0000,5227.2000,5228.0000,5229.2000,1,1,1,2,1,1,9,1,1,1
SF,IC2009,2020-05-21 09:33:18.800,5226.0000,41290,0,432984080.000,0,-,-,-,-,5225.6000,5225.4000,5225.0000,5224.6000,5224.4000,5227.0000,5227.2000,5228.0000,5229.2000,5229.4000,1,1,1,2,1,9,1,1,1,2
SF,IC2009,2020-05-21 09:33:19.300,5226.0000,41290,0,432984080.000,0,-,-,-,-,5225.6000,5225.4000,5225.0000,5224.6000,5224.4000,5227.0000,5227.2000,5228.0000,5229.2000,5229.4000,2,1,1,2,1,9,1,1,1,2
SF,IC2009,2020-05-21 09:33:19.800,5226.0000,41290,0,432984080.000,0,-,-,-,-,5225.8000,5225.6000,5225.4000,5225.0000,5224.6000,5227.0000,5227.2000,5228.0000,5229.2000,5229.4000,1,3,1,1,2,10,1,1,1,2
SF,IC2009,2020-05-21 09:33:20.300,5226.0000,41290,0,432984080.000,0,-,-,-,-,5226.8000,5226.2000,5226.0000,5225.8000,5225.4000,5227.0000,5227.2000,5228.0000,5229.4000,5230.0000,1,1,1,3,1,10,1,1,2,2
SF,IC2009,2020-05-21 09:33:20.800,5227.0000,41289,-1,440301360.000,7,3,4,多平,S,5225.8000,5225.4000,5225.0000,5224.6000,5224.4000,5227.0000,5227.2000,5228.0000,5229.4000,5230.0000,1,1,1,2,1,7,1,1,2,2
SF,IC2009,2020-05-21 09:33:21.300,5227.0000,41294,5,445528360.000,5,5,0,双开,S,5225.8000,5225.4000,5225.0000,5224.6000,5224.4000,5227.0000,5227.2000,5228.0000,5229.4000,5230.0000,1,1,1,2,1,2,1,1,2,2
SF,IC2009,2020-05-21 09:33:21.800,5227.0000,41294,0,446573760.000,1,0,1,多换,S,5226.2000,5226.0000,5225.8000,5225.6000,5225.4000,5227.0000,5227.2000,5228.0000,5229.4000,5230.0000,1,2,2,1,1,1,1,1,2,2
SF,IC2009,2020-05-21 09:33:22.300,5227.0000,41294,0,447619160.000,1,0,1,多换,S,5227.0000,5226.0000,5225.8000,5225.4000,5225.0000,5227.2000,5228.0000,5229.4000,5230.0000,5230.4000,1,1,1,1,1,1,1,2,2,3
SF,IC2009,2020-05-21 09:33:22.800,5227.2000,41294,0,449710040.000,2,1,1,多换,S,5226.2000,5226.0000,5225.4000,5225.0000,5224.6000,5228.0000,5229.4000,5230.0000,5230.4000,5231.0000,1,1,1,1,2,1,2,2,3,1
SF,IC2009,2020-05-21 09:33:23.300,5228.0000,41295,1,453892160.000,4,2,2,空开,S,5228.0000,5226.4000,5226.2000,5225.4000,5225.0000,5229.4000,5230.0000,5230.4000,5231.0000,5231.6000,1,2,1,1,1,2,2,3,1,1
SF,IC2009,2020-05-21 09:33:23.800,5228.0000,41295,0,454937760.000,1,0,1,多换,S,5226.6000,5226.4000,5225.4000,5225.0000,5224.6000,5228.8000,5229.2000,5229.4000,5230.0000,5230.4000,1,2,1,1,2,1,3,2,2,3
SF,IC2009,2020-05-21 09:33:24.300,5228.0000,41295,0,454937760.000,0,-,-,-,-,5226.8000,5226.4000,5225.4000,5225.0000,5224.6000,5228.6000,5228.8000,5229.2000,5229.4000,5230.0000,1,1,1,1,2,1,1,1,2,2
SF,IC2009,2020-05-21 09:33:24.800,5228.0000,41294,-1,455983360.000,1,0,1,双平,S,5228.0000,5227.0000,5226.8000,5226.4000,5225.4000,5228.4000,5228.6000,5228.8000,5229.2000,5229.4000,1,1,1,1,1,1,1,2,1,2
SF,IC2009,2020-05-21 09:33:25.300,5228.0000,41293,-1,457028960.000,1,0,1,双平,S,5226.8000,5226.4000,5225.4000,5225.0000,5224.6000,5227.8000,5228.0000,5228.4000,5228.6000,5228.8000,1,1,1,1,2,1,2,1,1,2
SF,IC2009,2020-05-21 09:33:25.800,5228.0000,41293,0,457028960.000,0,-,-,-,-,5228.4000,5227.0000,5226.8000,5226.4000,5225.4000,5228.6000,5228.8000,5229.4000,5230.0000,5230.4000,5,1,1,1,1,1,2,2,2,3
SF,IC2009,2020-05-21 09:33:26.300,5228.4000,41293,0,462257360.000,5,2,3,多换,S,5227.0000,5226.8000,5225.4000,5225.0000,5224.6000,5228.2000,5228.4000,5228.8000,5229.4000,5230.0000,1,1,1,1,2,2,6,2,2,2
SF,IC2009,2020-05-21 09:33:26.800,5228.4000,41293,0,462257360.000,0,-,-,-,-,5227.2000,5227.0000,5226.8000,5225.4000,5225.0000,5228.0000,5228.4000,5228.8000,5229.4000,5230.0000,1,1,1,1,1,1,4,2,2,2
SF,IC2009,2020-05-21 09:33:27.300,5228.4000,41293,0,462257360.000,0,-,-,-,-,5225.4000,5225.0000,5224.6000,5224.4000,5223.6000,5228.0000,5228.4000,5228.8000,5229.4000,5230.0000,1,1,2,1,1,1,4,2,2,2
SF,IC2009,2020-05-21 09:33:27.800,5228.0000,41294,1,466439760.000,4,2,2,空开,S,5228.0000,5225.6000,5225.4000,5225.0000,5224.6000,5228.4000,5228.8000,5229.4000,5230.0000,5230.4000,1,5,1,1,2,4,1,2,2,3
SF,IC2009,2020-05-21 09:33:28.300,5228.0000,41294,0,468530960.000,2,1,1,多换,S,5225.8000,5225.6000,5225.4000,5225.0000,5224.6000,5227.8000,5228.0000,5228.2000,5228.4000,5228.8000,1,5,1,1,2,1,6,1,1,1
SF,IC2009,2020-05-21 09:33:28.800,5228.0000,41294,0,468530960.000,0,-,-,-,-,5226.0000,5225.8000,5225.6000,5225.4000,5225.0000,5227.8000,5228.0000,5228.2000,5228.4000,5228.8000,3,3,4,1,1,1,2,1,1,1
SF,IC2009,2020-05-21 09:33:29.300,5227.8000,41295,1,473758760.000,5,3,2,空开,S,5226.0000,5225.6000,5225.4000,5225.0000,5224.6000,5228.0000,5228.4000,5229.4000,5230.0000,5230.4000,2,1,1,1,2,2,1,2,2,3
SF,IC2009,2020-05-21 09:33:29.800,5228.0000,41295,0,475849960.000,2,1,1,多换,S,5228.0000,5226.2000,5226.0000,5225.6000,5225.4000,5228.2000,5228.4000,5229.4000,5230.0000,5230.4000,3,1,2,1,1,1,1,2,2,3
SF,IC2009,2020-05-21 09:33:30.300,5228.0000,41295,0,478986760.000,3,1,2,多换,S,5226.8000,5226.6000,5226.2000,5226.0000,5225.6000,5227.6000,5228.0000,5228.2000,5229.4000,5230.0000,1,1,1,1,1,2,8,4,2,2
SF,IC2009,2020-05-21 09:33:30.800,5228.0000,41295,0,478986760.000,0,-,-,-,-,5227.6000,5226.8000,5226.6000,5226.2000,5226.0000,5228.0000,5228.2000,5229.4000,5230.0000,5230.4000,1,1,1,1,1,4,1,2,2,3
SF,IC2009,2020-05-21 09:33:31.300,5227.6000,41294,-1,480032280.000,1,0,1,双平,S,5226.8000,5226.6000,5226.2000,5226.0000,5225.4000,5227.6000,5228.0000,5228.2000,5229.4000,5230.0000,1,1,1,1,1,1,3,1,2,2
SF,IC2009,2020-05-21 09:33:31.800,5227.6000,41295,1,481077800.000,1,1,0,双开,S,5227.6000,5227.2000,5227.0000,5226.6000,5226.2000,5228.0000,5229.4000,5230.0000,5230.4000,5231.0000,4,1,2,1,1,1,2,2,3,1
SF,IC2009,2020-05-21 09:33:32.300,5228.0000,41293,-2,483169000.000,2,0,2,双平,S,5227.6000,5227.2000,5227.0000,5226.6000,5226.2000,5229.4000,5230.0000,5230.4000,5231.0000,5231.6000,1,1,1,1,1,2,2,3,1,1
SF,IC2009,2020-05-21 09:33:32.800,5228.0000,41293,0,483169000.000,0,-,-,-,-,5227.8000,5227.6000,5227.0000,5226.6000,5226.2000,5228.4000,5228.6000,5229.0000,5229.2000,5229.4000,1,1,1,1,1,1,1,1,6,2
SF,IC2009,2020-05-21 09:33:33.300,5227.8000,41294,1,484214560.000,1,1,0,双开,S,5227.8000,5227.6000,5227.0000,5226.6000,5226.2000,5229.0000,5229.2000,5229.4000,5230.0000,5230.4000,1,1,1,1,1,1,5,2,2,3
SF,IC2009,2020-05-21 09:33:33.800,5227.8000,41294,0,484214560.000,0,-,-,-,-,5227.8000,5227.6000,5227.0000,5226.6000,5226.2000,5229.0000,5229.2000,5229.4000,5230.0000,5230.4000,1,1,1,1,1,1,4,2,2,3
SF,IC2009,2020-05-21 09:33:34.300,5227.8000,41293,-1,485260120.000,1,0,1,双平,S,5227.6000,5227.0000,5226.6000,5226.2000,5225.4000,5228.2000,5229.2000,5229.4000,5230.0000,5230.4000,1,1,1,1,1,1,3,2,2,3
SF,IC2009,2020-05-21 09:33:34.800,5228.8000,41293,0,486305880.000,1,0,1,多换,S,5227.6000,5227.0000,5226.6000,5226.2000,5225.4000,5229.2000,5229.4000,5230.0000,5230.4000,5231.0000,1,1,1,1,1,2,2,2,3,1
SF,IC2009,2020-05-21 09:33:35.300,5228.8000,41293,0,486305880.000,0,-,-,-,-,5227.6000,5227.0000,5226.6000,5226.2000,5225.4000,5228.6000,5229.2000,5229.4000,5230.0000,5230.4000,1,1,1,1,1,1,2,2,2,3
SF,IC2009,2020-05-21 09:33:35.800,5228.8000,41293,0,486305880.000,0,-,-,-,-,5227.0000,5226.6000,5226.2000,5225.4000,5225.0000,5228.6000,5229.2000,5229.4000,5230.0000,5230.4000,1,1,1,1,1,2,2,2,2,3
SF,IC2009,2020-05-21 09:33:36.300,5228.8000,41293,0,486305880.000,0,-,-,-,-,5227.2000,5227.0000,5226.6000,5226.2000,5225.4000,5228.6000,5229.2000,5229.4000,5230.0000,5230.4000,2,1,1,1,1,1,2,2,2,3
SF,IC2009,2020-05-21 09:33:36.800,5228.6000,41294,1,490488760.000,4,2,2,空开,S,5228.6000,5227.2000,5227.0000,5226.6000,5226.2000,5229.2000,5229.4000,5230.0000,5230.4000,5231.0000,1,2,1,1,1,2,2,2,3,1
SF,IC2009,2020-05-21 09:33:37.300,5228.6000,41295,1,496763080.000,6,3,3,空开,S,5227.4000,5227.0000,5226.6000,5226.2000,5225.4000,5228.6000,5229.2000,5229.4000,5230.0000,5230.4000,1,1,1,1,1,4,2,2,2,3
SF,IC2009,2020-05-21 09:33:37.800,5228.6000,41295,0,496763080.000,0,-,-,-,-,5227.6000,5227.0000,5226.6000,5226.2000,5225.4000,5228.6000,5229.0000,5229.2000,5229.4000,5230.0000,1,1,1,1,1,2,1,2,2,2
SF,IC2009,2020-05-21 09:33:38.300,5228.6000,41296,1,497808800.000,1,1,0,双开,S,5228.6000,5227.6000,5227.0000,5226.6000,5226.2000,5229.2000,5229.4000,5230.0000,5230.4000,5231.0000,4,1,1,1,1,2,2,2,3,1
SF,IC2009,2020-05-21 09:33:38.800,5228.6000,41296,0,501991680.000,4,2,2,多换,S,5228.2000,5227.6000,5227.0000,5226.6000,5226.2000,5228.6000,5229.2000,5229.4000,5230.0000,5230.4000,1,1,1,1,1,2,2,2,2,3
SF,IC2009,2020-05-21 09:33:39.300,5228.6000,41296,0,504083120.000,2,1,1,多换,S,5228.6000,5228.2000,5227.6000,5227.0000,5226.6000,5229.0000,5229.2000,5229.4000,5230.0000,5230.4000,3,1,1,1,1,1,2,2,2,3
SF,IC2009,2020-05-21 09:33:39.800,5228.6000,41296,0,504083120.000,0,-,-,-,-,5229.0000,5228.6000,5228.2000,5227.6000,5227.0000,5229.2000,5229.4000,5230.0000,5230.4000,5231.0000,1,3,1,1,1,1,2,2,3,1
SF,IC2009,2020-05-21 09:33:40.300,5229.2000,41296,0,508266400.000,4,2,2,多换,S,5229.2000,5228.6000,5228.2000,5227.6000,5227.0000,5229.4000,5230.0000,5230.4000,5231.0000,5231.6000,2,3,1,1,1,2,2,3,1,1
SF,IC2009,2020-05-21 09:33:40.800,5229.2000,41296,0,515587280.000,7,3,4,多换,S,5228.8000,5228.6000,5227.6000,5227.0000,5226.6000,5229.2000,5229.4000,5230.0000,5230.4000,5231.0000,1,3,1,1,1,4,2,2,3,1
SF,IC2009,2020-05-21 09:33:41.300,5228.8000,41294,-2,518724720.000,3,0,3,多平,S,5228.6000,5227.6000,5227.0000,5226.6000,5226.2000,5228.8000,5229.2000,5229.4000,5230.0000,5230.4000,3,1,1,1,1,1,2,2,2,3
SF,IC2009,2020-05-21 09:33:41.800,5228.8000,41292,-2,521862000.000,3,0,3,多平,S,5228.8000,5228.6000,5227.6000,5227.0000,5226.6000,5229.2000,5229.4000,5230.0000,5230.4000,5231.0000,2,3,1,1,1,2,2,2,3,1
SF,IC2009,2020-05-21 09:33:42.300,5229.2000,41293,1,524999520.000,3,2,1,空开,S,5229.2000,5228.6000,5227.6000,5227.0000,5226.6000,5229.4000,5230.0000,5230.4000,5231.0000,5231.6000,2,3,1,1,1,2,2,3,1,1
SF,IC2009,2020-05-21 09:33:42.800,5229.2000,41293,0,527091200.000,2,1,1,多换,S,5228.6000,5227.6000,5227.0000,5226.6000,5226.2000,5229.2000,5229.4000,5230.0000,5230.4000,5231.0000,3,1,1,1,1,2,2,2,3,1
SF,IC2009,2020-05-21 09:33:43.800,5229.2000,41293,0,530228720.000,3,1,2,多换,S,5229.2000,5228.8000,5228.6000,5227.6000,5227.0000,5229.4000,5230.0000,5230.4000,5231.0000,5231.6000,7,1,3,1,1,2,2,3,1,1
SF,IC2009,2020-05-21 09:33:44.300,5230.0000,41293,0,534412480.000,4,2,2,多换,S,5229.6000,5229.4000,5229.2000,5228.6000,5227.6000,5230.4000,5231.0000,5231.6000,5231.8000,5232.0000,1,2,10,3,1,3,1,1,1,2
SF,IC2009,2020-05-21 09:33:44.800,5230.4000,41294,1,539642560.000,5,3,2,空开,S,5230.4000,5229.4000,5229.2000,5228.6000,5227.6000,5231.0000,5231.6000,5231.8000,5232.0000,5232.6000,2,2,10,3,1,1,1,1,2,1
SF,IC2009,2020-05-21 09:33:45.300,5230.4000,41294,0,541734720.000,2,1,1,多换,S,5229.4000,5229.2000,5228.6000,5227.6000,5226.6000,5230.4000,5230.8000,5231.0000,5231.6000,5231.8000,2,10,3,1,1,2,1,1,1,1
SF,IC2009,2020-05-21 09:33:45.800,5230.4000,41294,0,541734720.000,0,-,-,-,-,5229.4000,5229.2000,5228.6000,5227.6000,5226.6000,5230.4000,5230.8000,5231.0000,5231.6000,5231.8000,5,11,3,1,1,2,1,1,1,1
SF,IC2009,2020-05-21 09:33:46.300,5230.4000,41294,0,541734720.000,0,-,-,-,-,5229.6000,5229.4000,5229.2000,5228.6000,5227.6000,5230.2000,5230.8000,5231.0000,5231.6000,5231.8000,1,5,10,3,1,1,1,1,1,1
SF,IC2009,2020-05-21 09:33:46.800,5230.4000,41294,0,541734720.000,0,-,-,-,-,5229.6000,5229.4000,5229.2000,5228.6000,5227.6000,5230.2000,5230.4000,5230.8000,5231.0000,5231.6000,1,5,10,3,1,1,1,1,1,1
SF,IC2009,2020-05-21 09:33:47.300,5230.4000,41294,0,541734720.000,0,-,-,-,-,5229.4000,5229.2000,5228.6000,5227.6000,5226.6000,5230.2000,5230.4000,5230.8000,5231.0000,5231.6000,5,10,3,1,1,1,1,1,1,1
SF,IC2009,2020-05-21 09:33:48.800,5230.4000,41294,0,541734720.000,0,-,-,-,-,5229.6000,5229.4000,5229.2000,5228.6000,5227.6000,5230.2000,5230.4000,5230.8000,5231.0000,5231.6000,1,5,10,3,1,1,1,1,1,1
SF,IC2009,2020-05-21 09:33:49.300,5230.4000,41294,0,541734720.000,0,-,-,-,-,5229.4000,5229.2000,5228.6000,5227.6000,5226.6000,5230.2000,5230.4000,5230.8000,5231.0000,5231.6000,5,10,3,1,1,1,1,1,1,1
SF,IC2009,2020-05-21 09:33:49.800,5230.4000,41294,0,541734720.000,0,-,-,-,-,5229.4000,5229.2000,5228.6000,5227.6000,5226.6000,5230.2000,5230.4000,5230.8000,5231.0000,5231.6000,5,10,3,1,1,1,1,1,1,1
SF,IC2009,2020-05-21 09:33:51.300,5230.4000,41294,0,541734720.000,0,-,-,-,-,5229.4000,5229.2000,5228.6000,5227.6000,5226.6000,5230.2000,5230.4000,5230.8000,5231.0000,5231.6000,3,10,3,1,1,1,1,1,1,1
SF,IC2009,2020-05-21 09:33:51.800,5229.2000,41291,-3,546964040.000,5,1,4,多平,S,5229.2000,5228.6000,5227.6000,5226.6000,5225.0000,5230.2000,5230.4000,5230.8000,5231.0000,5231.6000,8,3,1,1,1,1,1,1,1,1
SF,IC2009,2020-05-21 09:33:52.300,5229.2000,41292,1,548009880.000,1,1,0,双开,S,5229.2000,5228.6000,5227.6000,5226.6000,5225.0000,5230.2000,5230.4000,5230.8000,5231.0000,5231.6000,7,3,1,1,1,2,1,1,1,1
SF,IC2009,2020-05-21 09:33:52.800,5229.2000,41293,1,549055720.000,1,1,0,双开,S,5229.2000,5228.6000,5227.6000,5226.6000,5225.0000,5230.0000,5230.2000,5230.8000,5231.0000,5231.6000,6,3,1,1,1,1,2,1,1,1
SF,IC2009,2020-05-21 09:33:53.300,5230.0000,41293,0,550101720.000,1,0,1,多换,S,5229.2000,5228.6000,5228.0000,5227.6000,5226.6000,5230.2000,5230.8000,5231.0000,5231.6000,5231.8000,6,3,1,1,1,2,1,1,1,1
SF,IC2009,2020-05-21 09:33:53.800,5230.0000,41293,0,550101720.000,0,-,-,-,-,5229.2000,5228.6000,5228.0000,5227.6000,5226.6000,5230.2000,5231.0000,5231.6000,5231.8000,5232.0000,6,3,1,1,1,1,1,1,1,2
SF,IC2009,2020-05-21 09:33:54.800,5230.0000,41293,0,550101720.000,0,-,-,-,-,5229.2000,5228.6000,5228.0000,5227.6000,5226.6000,5229.8000,5231.0000,5231.6000,5231.8000,5232.0000,6,3,1,1,1,1,1,1,1,2
SF,IC2009,2020-05-21 09:33:55.300,5230.0000,41293,0,550101720.000,0,-,-,-,-,5229.2000,5228.6000,5228.0000,5227.6000,5226.6000,5229.8000,5231.0000,5231.6000,5231.8000,5232.0000,6,3,1,1,1,1,1,1,1,2
SF,IC2009,2020-05-21 09:33:55.800,5229.2000,41294,1,556376760.000,6,3,3,空开,S,5228.6000,5228.0000,5227.6000,5226.6000,5225.0000,5229.2000,5229.8000,5231.0000,5231.6000,5231.8000,3,1,1,1,1,1,1,1,1,1
SF,IC2009,2020-05-21 09:33:56.300,5228.6000,41297,3,559513920.000,3,3,0,双开,S,5228.0000,5227.6000,5226.6000,5225.0000,5224.6000,5228.4000,5229.2000,5229.6000,5229.8000,5231.0000,1,1,1,1,4,3,5,1,1,1
SF,IC2009,2020-05-21 09:33:56.800,5227.6000,41298,1,561605040.000,2,1,1,空开,S,5226.6000,5225.0000,5224.6000,5224.4000,5223.2000,5227.4000,5228.4000,5228.6000,5229.2000,5231.0000,1,1,4,1,1,1,3,3,5,1
SF,IC2009,2020-05-21 09:33:57.300,5227.6000,41298,0,561605040.000,0,-,-,-,-,5226.8000,5226.6000,5225.0000,5224.6000,5224.4000,5227.4000,5228.4000,5228.6000,5229.2000,5231.0000,2,1,1,4,1,1,2,3,5,1
SF,IC2009,2020-05-21 09:33:57.800,5227.4000,41298,0,562650520.000,1,0,1,多换,S,5226.8000,5226.6000,5225.0000,5224.6000,5224.4000,5228.4000,5229.2000,5231.0000,5231.6000,5231.8000,2,1,1,4,1,2,2,1,1,1
SF,IC2009,2020-05-21 09:33:58.300,5227.4000,41298,0,562650520.000,0,-,-,-,-,5227.0000,5226.8000,5226.6000,5225.0000,5224.6000,5228.2000,5228.4000,5229.2000,5231.0000,5231.6000,1,2,1,1,4,1,2,2,1,1
SF,IC2009,2020-05-21 09:33:58.800,5227.4000,41298,0,562650520.000,0,-,-,-,-,5227.2000,5227.0000,5226.6000,5225.0000,5224.6000,5228.2000,5228.4000,5229.2000,5231.0000,5231.6000,2,1,1,1,4,2,2,2,1,1
SF,IC2009,2020-05-21 09:33:59.300,5227.0000,41295,-3,565786800.000,3,0,3,双平,S,5226.6000,5225.0000,5224.6000,5224.4000,5223.2000,5227.0000,5227.4000,5228.0000,5228.2000,5228.4000,1,1,4,1,1,1,1,3,1,2
SF,IC2009,2020-05-21 09:33:59.800,5226.6000,41296,1,566832120.000,1,1,0,双开,S,5225.0000,5224.6000,5224.4000,5223.2000,5223.0000,5227.0000,5227.4000,5228.0000,5228.2000,5228.4000,1,4,1,1,1,1,1,2,1,2
SF,IC2009,2020-05-21 09:34:00.300,5226.6000,41296,0,566832120.000,0,-,-,-,-,5225.2000,5225.0000,5224.6000,5224.4000,5223.2000,5227.0000,5228.4000,5229.2000,5231.0000,5231.6000,3,1,4,1,1,1,2,2,1,1
SF,IC2009,2020-05-21 09:34:00.800,5226.6000,41296,0,566832120.000,0,-,-,-,-,5225.6000,5225.2000,5225.0000,5224.6000,5224.4000,5226.4000,5226.6000,5227.0000,5228.4000,5229.2000,1,2,1,4,1,1,1,2,2,2
SF,IC2009,2020-05-21 09:34:01.300,5226.6000,41296,0,566832120.000,0,-,-,-,-,5225.2000,5225.0000,5224.6000,5223.2000,5223.0000,5226.4000,5226.6000,5227.0000,5227.2000,5228.4000,1,1,4,1,1,2,1,1,1,2
SF,IC2009,2020-05-21 09:34:02.300,5226.0000,41297,1,569967880.000,3,2,1,空开,S,5225.2000,5225.0000,5224.6000,5223.2000,5223.0000,5226.6000,5227.2000,5228.4000,5229.2000,5231.0000,1,1,4,1,1,1,1,2,2,1
SF,IC2009,2020-05-21 09:34:02.800,5226.0000,41297,0,569967880.000,0,-,-,-,-,5225.2000,5225.0000,5224.6000,5223.2000,5223.0000,5226.6000,5227.2000,5228.4000,5229.2000,5231.0000,2,1,4,1,1,1,1,2,2,1
SF,IC2009,2020-05-21 09:34:03.300,5226.0000,41297,0,569967880.000,0,-,-,-,-,5225.2000,5225.0000,5224.6000,5223.2000,5223.0000,5226.6000,5227.2000,5228.4000,5229.2000,5231.0000,2,1,4,1,1,1,1,2,2,1
SF,IC2009,2020-05-21 09:34:03.800,5226.0000,41297,0,569967880.000,0,-,-,-,-,5225.2000,5225.0000,5224.6000,5223.2000,5223.0000,5226.6000,5227.2000,5228.4000,5229.2000,5231.0000,1,1,4,1,1,3,1,2,2,1
SF,IC2009,2020-05-21 09:34:04.300,5226.0000,41297,0,569967880.000,0,-,-,-,-,5225.2000,5225.0000,5224.6000,5223.2000,5223.0000,5226.4000,5226.6000,5229.2000,5231.0000,5231.6000,1,1,4,1,1,1,2,2,1,1
SF,IC2009,2020-05-21 09:34:04.800,5225.0000,41298,1,572057920.000,2,1,1,空开,S,5224.6000,5223.0000,5222.4000,5221.2000,5220.4000,5225.2000,5226.2000,5226.4000,5226.6000,5229.2000,4,1,5,1,5,1,2,2,1,2
SF,IC2009,2020-05-21 09:34:05.300,5224.6000,41300,2,576237600.000,4,3,1,空开,S,5223.0000,5222.4000,5221.2000,5220.4000,5220.2000,5224.4000,5225.2000,5226.2000,5226.4000,5229.2000,1,5,1,5,1,1,1,1,2,2
SF,IC2009,2020-05-21 09:34:05.800,5224.6000,41300,0,576237600.000,0,-,-,-,-,5223.6000,5223.2000,5223.0000,5222.4000,5221.2000,5224.4000,5225.2000,5226.2000,5229.2000,5231.0000,1,2,2,5,1,2,1,1,2,1
SF,IC2009,2020-05-21 09:34:06.300,5224.6000,41300,0,576237600.000,0,-,-,-,-,5223.2000,5223.0000,5222.4000,5221.2000,5220.4000,5224.4000,5225.2000,5226.2000,5229.2000,5231.0000,1,2,5,1,5,2,1,1,2,1
SF,IC2009,2020-05-21 09:34:07.300,5223.2000,41299,-1,577282240.000,1,0,1,双平,S,5223.0000,5222.4000,5221.2000,5220.4000,5220.2000,5224.4000,5225.2000,5226.2000,5229.2000,5231.0000,2,5,1,5,1,2,1,1,2,1
SF,IC2009,2020-05-21 09:34:07.800,5223.2000,41297,-2,579371520.000,2,0,2,双平,S,5223.0000,5222.4000,5221.2000,5220.4000,5220.2000,5224.4000,5225.2000,5226.2000,5229.2000,5231.0000,1,5,1,5,1,2,1,1,2,1
SF,IC2009,2020-05-21 09:34:08.300,5224.4000,41297,0,580416400.000,1,0,1,多换,S,5223.0000,5222.4000,5221.2000,5220.4000,5220.2000,5225.2000,5226.2000,5229.2000,5231.0000,5231.6000,1,5,1,5,1,1,1,2,1,1
SF,IC2009,2020-05-21 09:34:08.800,5224.4000,41297,0,580416400.000,0,-,-,-,-,5223.2000,5223.0000,5222.4000,5221.2000,5220.4000,5225.0000,5225.2000,5229.2000,5231.0000,5231.6000,2,1,5,1,5,1,1,2,1,1
SF,IC2009,2020-05-21 09:34:09.300,5224.4000,41297,0,580416400.000,0,-,-,-,-,5223.0000,5222.4000,5221.2000,5220.4000,5220.2000,5224.8000,5225.0000,5225.2000,5229.2000,5231.0000,1,5,1,5,1,1,1,1,2,1
SF,IC2009,2020-05-21 09:34:09.800,5224.4000,41297,0,580416400.000,0,-,-,-,-,5223.0000,5222.4000,5221.2000,5220.4000,5220.2000,5224.6000,5224.8000,5225.2000,5229.2000,5231.0000,1,5,1,5,1,3,2,1,2,1
SF,IC2009,2020-05-21 09:34:10.300,5224.4000,41297,0,580416400.000,0,-,-,-,-,5223.0000,5222.4000,5221.2000,5220.4000,5220.2000,5224.4000,5224.6000,5225.2000,5229.2000,5231.0000,1,5,1,5,1,5,3,1,2,1
SF,IC2009,2020-05-21 09:34:10.800,5224.4000,41297,0,580416400.000,0,-,-,-,-,5223.0000,5222.4000,5221.2000,5220.4000,5220.2000,5223.2000,5224.2000,5224.4000,5225.2000,5229.2000,1,5,1,5,1,2,2,4,1,2
SF,IC2009,2020-05-21 09:34:11.300,5223.0000,41297,0,581461000.000,1,0,1,多换,S,5222.4000,5221.2000,5220.4000,5220.2000,5220.0000,5223.2000,5224.2000,5224.4000,5225.2000,5229.2000,5,1,5,1,1,2,3,2,1,1
SF,IC2009,2020-05-21 09:34:11.800,5223.0000,41297,0,581461000.000,0,-,-,-,-,5222.4000,5221.2000,5220.4000,5220.2000,5220.0000,5223.0000,5223.2000,5224.2000,5225.2000,5229.2000,5,1,5,1,1,1,2,1,1,1
SF,IC2009,2020-05-21 09:34:12.300,5222.4000,41297,0,582505480.000,1,0,1,多换,S,5222.4000,5221.2000,5220.4000,5220.2000,5220.0000,5223.0000,5223.2000,5224.2000,5225.2000,5229.2000,4,1,5,1,1,1,2,1,1,1
SF,IC2009,2020-05-21 09:34:12.800,5222.4000,41297,0,583549960.000,1,0,1,多换,S,5222.4000,5221.2000,5220.4000,5220.2000,5220.0000,5223.0000,5223.2000,5224.2000,5229.2000,5231.0000,3,1,5,1,1,1,2,1,1,1
SF,IC2009,2020-05-21 09:34:13.300,5222.4000,41297,0,583549960.000,0,-,-,-,-,5222.4000,5221.2000,5220.4000,5220.2000,5220.0000,5223.0000,5223.2000,5229.2000,5231.0000,5231.6000,3,1,5,1,1,1,2,1,1,1
SF,IC2009,2020-05-21 09:34:13.800,5222.4000,41297,0,584594440.000,1,0,1,多换,S,5222.4000,5221.2000,5220.4000,5220.2000,5220.0000,5223.0000,5223.2000,5229.2000,5231.0000,5231.6000,2,1,5,1,1,1,2,1,1,1
SF,IC2009,2020-05-21 09:34:14.300,5222.4000,41297,0,584594440.000,0,-,-,-,-,5222.4000,5221.2000,5220.4000,5220.2000,5220.0000,5223.0000,5223.2000,5229.2000,5231.0000,5231.6000,2,1,5,1,1,2,2,1,1,1
SF,IC2009,2020-05-21 09:34:14.800,5222.4000,41297,0,584594440.000,0,-,-,-,-,5222.4000,5221.2000,5220.4000,5220.2000,5220.0000,5223.0000,5223.2000,5229.2000,5231.0000,5231.6000,2,1,5,1,1,2,2,1,1,1
SF,IC2009,2020-05-21 09:34:15.300,5222.4000,41297,0,585638920.000,1,0,1,多换,S,5222.4000,5221.2000,5220.4000,5220.2000,5220.0000,5223.0000,5223.2000,5229.2000,5231.0000,5231.6000,1,1,5,1,1,2,2,1,1,1
SF,IC2009,2020-05-21 09:34:15.800,5222.4000,41297,0,585638920.000,0,-,-,-,-,5222.4000,5221.2000,5220.4000,5220.2000,5220.0000,5223.0000,5223.2000,5229.2000,5231.0000,5231.6000,2,1,5,1,1,2,2,1,1,1
SF,IC2009,2020-05-21 09:34:16.300,5222.4000,41297,0,585638920.000,0,-,-,-,-,5222.4000,5221.2000,5220.4000,5220.2000,5220.0000,5223.0000,5223.2000,5229.2000,5231.0000,5231.6000,2,1,5,1,1,1,2,1,1,1
SF,IC2009,2020-05-21 09:34:16.800,5223.2000,41296,-1,587728160.000,2,0,2,多平,S,5222.4000,5221.2000,5220.4000,5220.2000,5220.0000,5223.2000,5229.2000,5231.0000,5231.6000,5231.8000,2,1,5,1,1,1,1,1,1,1
SF,IC2009,2020-05-21 09:34:17.300,5223.2000,41296,0,587728160.000,0,-,-,-,-,5222.4000,5221.2000,5220.4000,5220.2000,5220.0000,5223.2000,5229.2000,5231.0000,5231.6000,5231.8000,1,1,5,1,1,1,1,1,1,1
SF,IC2009,2020-05-21 09:34:17.800,5223.2000,41295,-1,588772800.000,1,0,1,双平,S,5223.2000,5222.4000,5221.2000,5220.4000,5220.2000,5229.2000,5231.0000,5231.6000,5231.8000,5232.0000,2,1,1,5,1,1,1,1,1,2
SF,IC2009,2020-05-21 09:34:18.300,5223.2000,41295,0,588772800.000,0,-,-,-,-,5223.4000,5223.2000,5222.4000,5221.2000,5220.4000,5224.6000,5225.0000,5225.2000,5225.4000,5225.6000,2,1,1,1,5,1,11,8,3,1
SF,IC2009,2020-05-21 09:34:18.800,5223.2000,41295,0,588772800.000,0,-,-,-,-,5222.4000,5221.2000,5220.4000,5220.2000,5220.0000,5224.4000,5224.6000,5225.0000,5225.2000,5225.6000,1,1,5,1,1,2,2,8,8,2
SF,IC2009,2020-05-21 09:34:19.300,5223.2000,41295,0,588772800.000,0,-,-,-,-,5222.4000,5221.2000,5220.4000,5220.2000,5220.0000,5224.2000,5224.4000,5224.6000,5225.0000,5225.2000,2,1,5,1,1,5,2,2,8,8
SF,IC2009,2020-05-21 09:34:19.800,5222.4000,41295,0,589817280.000,1,0,1,多换,S,5222.4000,5221.2000,5220.4000,5220.2000,5220.0000,5224.0000,5224.2000,5224.6000,5225.0000,5225.2000,1,1,5,1,1,3,3,1,8,6
SF,IC2009,2020-05-21 09:34:20.800,5222.4000,41295,0,589817280.000,0,-,-,-,-,5222.4000,5221.2000,5220.4000,5220.2000,5220.0000,5224.0000,5224.2000,5225.0000,5225.2000,5225.6000,1,1,5,1,1,3,3,8,6,1
SF,IC2009,2020-05-21 09:34:21.300,5222.4000,41295,0,589817280.000,0,-,-,-,-,5221.2000,5220.4000,5220.2000,5220.0000,5218.8000,5224.0000,5224.2000,5225.0000,5225.2000,5225.6000,1,5,1,1,1,3,2,8,6,1
SF,IC2009,2020-05-21 09:34:21.800,5222.4000,41295,0,589817280.000,0,-,-,-,-,5221.6000,5221.4000,5221.2000,5220.4000,5220.2000,5224.0000,5224.2000,5225.0000,5225.2000,5225.6000,1,2,3,5,1,2,2,8,6,1
SF,IC2009,2020-05-21 09:34:22.300,5222.4000,41295,0,589817280.000,0,-,-,-,-,5222.0000,5221.8000,5221.4000,5221.2000,5220.4000,5224.0000,5224.2000,5225.0000,5225.2000,5225.6000,1,1,1,3,5,2,2,8,6,1
SF,IC2009,2020-05-21 09:34:22.800,5222.4000,41295,0,589817280.000,0,-,-,-,-,5222.0000,5221.8000,5221.4000,5221.2000,5220.4000,5223.6000,5223.8000,5224.0000,5224.2000,5225.0000,1,1,1,2,5,1,1,1,2,8
SF,IC2009,2020-05-21 09:34:23.300,5222.4000,41295,0,589817280.000,0,-,-,-,-,5222.2000,5221.8000,5221.4000,5221.2000,5220.4000,5223.4000,5223.6000,5224.2000,5225.0000,5225.2000,1,1,1,1,5,1,1,2,8,6
SF,IC2009,2020-05-21 09:34:23.800,5222.4000,41295,0,589817280.000,0,-,-,-,-,5221.8000,5221.2000,5220.4000,5220.2000,5220.0000,5223.2000,5223.4000,5223.6000,5224.2000,5225.0000,1,1,5,1,1,1,1,1,2,8
SF,IC2009,2020-05-21 09:34:24.300,5222.4000,41295,0,589817280.000,0,-,-,-,-,5221.2000,5220.4000,5220.2000,5220.0000,5218.8000,5223.0000,5223.2000,5223.6000,5225.0000,5225.2000,1,5,1,1,1,1,1,1,8,6
SF,IC2009,2020-05-21 09:34:24.800,5222.4000,41295,0,589817280.000,0,-,-,-,-,5221.4000,5221.2000,5220.4000,5220.2000,5220.0000,5223.0000,5223.2000,5223.6000,5225.0000,5225.2000,1,2,5,1,1,1,1,1,8,1
SF,IC2009,2020-05-21 09:34:25.300,5222.4000,41295,0,589817280.000,0,-,-,-,-,5221.6000,5221.4000,5221.2000,5220.4000,5220.2000,5223.0000,5223.2000,5223.6000,5225.0000,5225.2000,1,1,1,5,1,1,1,1,8,1
SF,IC2009,2020-05-21 09:34:25.800,5222.4000,41295,0,589817280.000,0,-,-,-,-,5222.0000,5221.6000,5221.4000,5221.2000,5220.4000,5223.0000,5223.2000,5223.6000,5225.0000,5225.2000,1,1,1,1,5,1,1,1,8,1
SF,IC2009,2020-05-21 09:34:26.300,5222.4000,41295,0,589817280.000,0,-,-,-,-,5222.0000,5221.2000,5220.4000,5220.2000,5220.0000,5223.0000,5223.2000,5225.0000,5225.2000,5225.6000,1,1,5,1,1,1,1,8,1,1
