市场代码,合约代码,时间,最新,持仓,增仓,成交额,成交量,开仓,平仓,成交类型,方向,买一价,买二价,买三价,买四价,买五价,卖一价,卖二价,卖三价,卖四价,卖五价,买一量,买二量,买三量,买四量,买五量,卖一量,卖二量,卖三量,卖四量,卖五量
SF,IC2006,2020-02-03 09:29:00.400,4711.0000,41907,0,344845200.000,366.000,-,-,-,-,4711.0000,4710.8000,0.0000,0.0000,0.0000,4712.0000,4713.0000,4715.2000,4720.0000,4734.2000,11,42,0,0,0,2,1,1,1,1
SF,IC2006,2020-02-03 09:30:00.400,4710.8000,41885,-22,445664200.000,107,42,65,空平,B,0.0000,0.0000,0.0000,0.0000,0.0000,4710.8000,4711.0000,4711.8000,4712.0000,4715.0000,0,0,0,0,0,17,26,1,3,1
SF,IC2006,2020-02-03 09:30:00.900,4710.8000,41881,-4,507846760.000,66,31,35,空平,B,0.0000,0.0000,0.0000,0.0000,0.0000,4710.8000,4711.0000,4712.0000,4715.0000,4734.2000,0,0,0,0,0,92,71,3,1,1
SF,IC2006,2020-02-03 09:30:01.400,4710.8000,41879,-2,513499720.000,6,2,4,空平,B,0.0000,0.0000,0.0000,0.0000,0.0000,4710.8000,4711.0000,4712.0000,4715.0000,4734.2000,0,0,0,0,0,102,72,3,1,1
SF,IC2006,2020-02-03 09:30:01.900,4710.8000,41876,-3,522921320.000,10,3,7,空平,B,0.0000,0.0000,0.0000,0.0000,0.0000,4710.8000,4711.0000,4712.0000,4715.0000,4734.2000,0,0,0,0,0,118,77,4,1,1
SF,IC2006,2020-02-03 09:30:02.400,4710.8000,41873,-3,535169400.000,13,5,8,空平,B,0.0000,0.0000,0.0000,0.0000,0.0000,4710.8000,4711.0000,4712.0000,4715.0000,4734.2000,0,0,0,0,0,111,78,4,1,1
SF,IC2006,2020-02-03 09:30:02.900,4710.8000,41868,-5,539880200.000,5,0,5,双平,B,0.0000,0.0000,0.0000,0.0000,0.0000,4710.8000,4711.0000,4712.0000,4715.0000,4734.2000,0,0,0,0,0,111,80,4,1,1
SF,IC2006,2020-02-03 09:30:03.400,4710.8000,41857,-11,557781240.000,19,4,15,空平,B,0.0000,0.0000,0.0000,0.0000,0.0000,4710.8000,4711.0000,4712.0000,4715.0000,4734.2000,0,0,0,0,0,97,84,4,1,1
SF,IC2006,2020-02-03 09:30:03.900,4710.8000,41854,-3,562492040.000,5,1,4,空平,B,0.0000,0.0000,0.0000,0.0000,0.0000,4710.8000,4711.0000,4712.0000,4715.0000,4715.6000,0,0,0,0,0,92,94,4,1,1
SF,IC2006,2020-02-03 09:30:04.400,4710.8000,41849,-5,571913640.000,10,2,8,空平,B,0.0000,0.0000,0.0000,0.0000,0.0000,4710.8000,4711.0000,4712.0000,4715.0000,4715.6000,0,0,0,0,0,102,112,4,1,1
SF,IC2006,2020-02-03 09:30:04.900,4710.8000,41848,-1,573797960.000,2,0,2,空平,B,0.0000,0.0000,0.0000,0.0000,0.0000,4710.8000,4711.0000,4712.0000,4715.0000,4715.6000,0,0,0,0,0,100,112,4,1,1
SF,IC2006,2020-02-03 09:30:05.400,4710.8000,41840,-8,586046040.000,13,2,11,空平,B,0.0000,0.0000,0.0000,0.0000,0.0000,4710.8000,4711.0000,4712.0000,4715.0000,4715.6000,0,0,0,0,0,101,112,4,1,1
SF,IC2006,2020-02-03 09:30:05.900,4710.8000,41840,0,599236280.000,14,7,7,空换,B,0.0000,0.0000,0.0000,0.0000,0.0000,4710.8000,4711.0000,4712.0000,4715.0000,4715.6000,0,0,0,0,0,87,112,4,1,1
SF,IC2006,2020-02-03 09:30:06.400,4710.8000,41838,-2,613368680.000,15,6,9,空平,B,0.0000,0.0000,0.0000,0.0000,0.0000,4710.8000,4711.0000,4712.0000,4715.0000,4715.6000,0,0,0,0,0,72,112,4,1,1
SF,IC2006,2020-02-03 09:30:06.900,4710.8000,41837,-1,619021640.000,6,2,4,空平,B,0.0000,0.0000,0.0000,0.0000,0.0000,4710.8000,4711.0000,4712.0000,4715.0000,4715.6000,0,0,0,0,0,83,112,4,1,1
SF,IC2006,2020-02-03 09:30:07.400,4710.8000,41834,-3,622790280.000,4,0,4,空平,B,0.0000,0.0000,0.0000,0.0000,0.0000,4710.8000,4711.0000,4712.0000,4715.0000,4715.6000,0,0,0,0,0,83,118,4,1,1
SF,IC2006,2020-02-03 09:30:07.900,4710.8000,41828,-6,630327560.000,8,1,7,空平,B,0.0000,0.0000,0.0000,0.0000,0.0000,4710.8000,4711.0000,4712.0000,4715.0000,4715.6000,0,0,0,0,0,75,118,4,1,1
SF,IC2006,2020-02-03 09:30:08.400,4710.8000,41828,0,633154040.000,3,1,2,空换,B,0.0000,0.0000,0.0000,0.0000,0.0000,4710.8000,4711.0000,4712.0000,4715.6000,4734.2000,0,0,0,0,0,72,118,4,1,1
SF,IC2006,2020-02-03 09:30:08.900,4710.8000,41828,0,635038360.000,2,1,1,空换,B,0.0000,0.0000,0.0000,0.0000,0.0000,4710.8000,4711.0000,4712.0000,4715.6000,4734.2000,0,0,0,0,0,70,124,4,1,1
SF,IC2006,2020-02-03 09:30:09.400,4710.8000,41827,-1,639749160.000,5,2,3,空平,B,0.0000,0.0000,0.0000,0.0000,0.0000,4710.8000,4711.0000,4712.0000,4715.6000,4734.2000,0,0,0,0,0,65,116,4,1,1
SF,IC2006,2020-02-03 09:30:09.900,4710.8000,41826,-1,641633480.000,2,0,2,空平,B,0.0000,0.0000,0.0000,0.0000,0.0000,4710.8000,4711.0000,4712.0000,4715.6000,4734.2000,0,0,0,0,0,73,115,4,1,1
SF,IC2006,2020-02-03 09:30:10.400,4710.8000,41826,0,654823720.000,14,7,7,空换,B,0.0000,0.0000,0.0000,0.0000,0.0000,4710.8000,4711.0000,4712.0000,4715.6000,4734.2000,0,0,0,0,0,60,115,4,1,1
SF,IC2006,2020-02-03 09:30:10.900,4710.8000,41825,-1,658592360.000,4,1,3,空平,B,0.0000,0.0000,0.0000,0.0000,0.0000,4710.8000,4711.0000,4712.0000,4715.6000,4734.2000,0,0,0,0,0,57,123,4,1,1
SF,IC2006,2020-02-03 09:30:11.400,4710.8000,41825,0,662361000.000,4,2,2,空换,B,0.0000,0.0000,0.0000,0.0000,0.0000,4710.8000,4711.0000,4712.0000,4715.6000,4734.2000,0,0,0,0,0,53,124,4,1,1
SF,IC2006,2020-02-03 09:30:11.900,4711.0000,41822,-3,719833080.000,61,29,32,多平,S,4710.8000,0.0000,0.0000,0.0000,0.0000,4711.0000,4712.0000,4715.6000,4734.2000,4737.0000,50,0,0,0,0,116,4,1,1,5
SF,IC2006,2020-02-03 09:30:12.400,4711.0000,41798,-24,746214560.000,28,2,26,多平,S,4710.8000,0.0000,0.0000,0.0000,0.0000,4711.0000,4712.0000,4715.6000,4734.2000,4737.0000,58,0,0,0,0,91,4,1,1,5
SF,IC2006,2020-02-03 09:30:12.900,4710.8000,41793,-5,751867680.000,6,0,6,多平,S,4710.8000,0.0000,0.0000,0.0000,0.0000,4711.0000,4712.0000,4715.6000,4734.2000,4737.0000,67,0,0,0,0,86,4,1,1,5
SF,IC2006,2020-02-03 09:30:13.400,4710.8000,41787,-6,757520800.000,6,0,6,双平,S,4710.8000,0.0000,0.0000,0.0000,0.0000,4711.0000,4712.0000,4715.6000,4734.2000,4737.0000,66,0,0,0,0,79,4,1,1,5
SF,IC2006,2020-02-03 09:30:13.900,4711.0000,41778,-9,766000400.000,9,0,9,双平,S,4710.8000,0.0000,0.0000,0.0000,0.0000,4711.0000,4712.0000,4715.6000,4734.2000,4737.0000,63,0,0,0,0,75,4,1,1,5
SF,IC2006,2020-02-03 09:30:14.400,4711.0000,41762,-16,787670440.000,23,3,20,多平,S,4710.8000,0.0000,0.0000,0.0000,0.0000,4711.0000,4712.0000,4715.6000,4734.2000,4737.0000,50,0,0,0,0,65,4,1,1,5
SF,IC2006,2020-02-03 09:30:14.900,4710.8000,41759,-3,795207760.000,8,2,6,多平,S,4710.8000,0.0000,0.0000,0.0000,0.0000,4711.0000,4712.0000,4715.6000,4734.2000,4737.0000,43,0,0,0,0,64,4,1,1,5
SF,IC2006,2020-02-03 09:30:15.400,4711.0000,41731,-28,828183600.000,35,3,32,多平,S,4710.8000,0.0000,0.0000,0.0000,0.0000,4711.0000,4712.0000,4715.6000,4734.2000,4737.0000,14,0,0,0,0,58,4,1,1,5
SF,IC2006,2020-02-03 09:30:15.900,4710.8000,41727,-4,836663360.000,9,2,7,多平,S,4710.8000,0.0000,0.0000,0.0000,0.0000,4711.0000,4712.0000,4715.6000,4734.2000,4737.0000,13,0,0,0,0,54,4,1,1,5
SF,IC2006,2020-02-03 09:30:16.400,4711.0000,41716,-11,847969760.000,12,0,12,多平,S,4710.8000,0.0000,0.0000,0.0000,0.0000,4711.0000,4712.0000,4715.6000,4734.2000,4737.0000,13,0,0,0,0,42,4,1,1,5
SF,IC2006,2020-02-03 09:30:16.900,4710.8000,41712,-4,851738400.000,4,0,4,双平,S,4710.8000,0.0000,0.0000,0.0000,0.0000,4711.0000,4712.0000,4715.6000,4734.2000,4737.0000,11,0,0,0,0,42,4,1,1,5
SF,IC2006,2020-02-03 09:30:17.400,4710.8000,41705,-7,860217920.000,9,1,8,多平,S,4710.8000,0.0000,0.0000,0.0000,0.0000,4711.0000,4712.0000,4715.6000,4734.2000,4737.0000,5,0,0,0,0,33,4,1,1,5
SF,IC2006,2020-02-03 09:30:17.900,4710.8000,41701,-4,874350520.000,15,5,10,空平,B,0.0000,0.0000,0.0000,0.0000,0.0000,4711.0000,4712.0000,4715.6000,4734.2000,4737.0000,0,0,0,0,0,28,4,1,1,5
SF,IC2006,2020-02-03 09:30:18.400,4710.8000,41697,-4,887541280.000,14,5,9,空平,B,0.0000,0.0000,0.0000,0.0000,0.0000,4711.0000,4712.0000,4715.6000,4734.2000,4737.0000,0,0,0,0,0,16,4,1,1,5
SF,IC2006,2020-02-03 09:30:18.900,4711.0000,41697,0,894136640.000,7,3,4,多换,S,4710.8000,0.0000,0.0000,0.0000,0.0000,4711.0000,4712.0000,4715.6000,4734.2000,4737.0000,1,0,0,0,0,10,4,1,1,5
SF,IC2006,2020-02-03 09:30:19.400,4711.0000,41687,-10,910154040.000,17,3,14,多平,S,4711.0000,4710.8000,0.0000,0.0000,0.0000,4712.0000,4715.6000,4734.2000,4737.0000,4741.0000,30,3,0,0,0,4,1,1,5,1
SF,IC2006,2020-02-03 09:30:19.900,4711.0000,41688,1,914865240.000,5,3,2,空开,S,4711.0000,4710.8000,0.0000,0.0000,0.0000,4712.0000,4715.6000,4734.2000,4737.0000,4741.0000,26,7,0,0,0,3,1,1,5,1
SF,IC2006,2020-02-03 09:30:20.400,4712.0000,41688,0,919576440.000,5,2,3,多换,S,4711.0000,4710.8000,0.0000,0.0000,0.0000,4712.0000,4715.6000,4734.2000,4737.0000,4741.0000,26,8,0,0,0,2,1,1,5,1
SF,IC2006,2020-02-03 09:30:20.900,4711.0000,41686,-2,922403440.000,3,0,3,多平,S,4711.0000,4710.8000,0.0000,0.0000,0.0000,4715.6000,4734.2000,4737.0000,4741.0000,4749.8000,25,10,0,0,0,1,1,5,1,1
SF,IC2006,2020-02-03 09:30:21.400,4711.0000,41685,-1,925230040.000,3,1,2,多平,S,4711.0000,4710.8000,0.0000,0.0000,0.0000,4715.4000,4715.6000,4734.2000,4737.0000,4741.0000,24,11,0,0,0,1,1,1,5,1
SF,IC2006,2020-02-03 09:30:21.900,4712.0000,41674,-11,953497920.000,30,9,21,多平,S,4732.2000,4712.0000,4711.0000,4710.8000,0.0000,4734.2000,4737.0000,4741.0000,4749.8000,4750.0000,1,37,2,11,0,1,5,1,1,6
SF,IC2006,2020-02-03 09:30:22.400,4712.0000,41667,-7,960098760.000,7,0,7,双平,S,4715.4000,4712.0000,4711.0000,4710.8000,0.0000,4733.8000,4734.2000,4737.0000,4741.0000,4749.8000,1,45,4,11,0,1,1,5,1,1
SF,IC2006,2020-02-03 09:30:22.900,4715.4000,41667,0,963874760.000,4,2,2,多换,S,4712.0000,4711.0000,4710.8000,0.0000,0.0000,4715.4000,4732.6000,4733.6000,4734.2000,4737.0000,45,4,11,0,0,7,1,1,1,5
SF,IC2006,2020-02-03 09:30:23.400,4715.4000,41663,-4,968590160.000,5,0,5,多平,S,4712.0000,4711.0000,4710.8000,0.0000,0.0000,4715.4000,4733.6000,4734.2000,4737.0000,4741.0000,45,4,11,0,0,6,1,1,5,1
SF,IC2006,2020-02-03 09:30:23.900,4712.0000,41656,-7,975187640.000,7,0,7,双平,S,4712.0000,4711.0000,4710.8000,0.0000,0.0000,4713.4000,4715.4000,4733.6000,4734.2000,4737.0000,39,4,11,0,0,1,5,1,1,5
SF,IC2006,2020-02-03 09:30:24.400,4712.0000,41648,-8,982727120.000,8,0,8,双平,S,4715.0000,4712.0000,4711.0000,4710.8000,0.0000,4715.4000,4733.6000,4734.2000,4737.0000,4741.0000,1,32,5,11,0,5,1,1,5,1
SF,IC2006,2020-02-03 09:30:24.900,4712.0000,41647,-1,985554320.000,3,1,2,多平,S,4712.0000,4711.2000,4711.0000,4710.8000,0.0000,4715.4000,4733.6000,4734.2000,4737.0000,4741.0000,32,1,7,11,0,5,1,1,5,1
SF,IC2006,2020-02-03 09:30:25.400,4715.4000,41647,0,987440480.000,2,1,1,多换,S,4714.6000,4713.4000,4713.0000,4712.2000,4712.0000,4715.4000,4733.6000,4734.2000,4737.0000,4741.0000,1,1,1,1,32,3,1,1,5,1
SF,IC2006,2020-02-03 09:30:25.900,4714.6000,41645,-2,994984960.000,8,3,5,多平,S,4713.4000,4713.0000,4712.2000,4712.0000,4711.2000,4733.6000,4734.2000,4737.0000,4741.0000,4749.8000,3,1,1,37,1,1,1,5,1,1
SF,IC2006,2020-02-03 09:30:26.400,4714.6000,41645,0,996870800.000,2,1,1,多换,S,4715.2000,4714.6000,4713.6000,4713.4000,4712.6000,4728.0000,4732.4000,4733.4000,4733.6000,4734.2000,1,1,2,3,1,1,1,2,1,1
SF,IC2006,2020-02-03 09:30:26.900,4726.8000,41645,0,997816160.000,1,0,1,多换,S,4716.4000,4715.6000,4715.4000,4715.2000,4714.0000,4727.6000,4727.8000,4728.0000,4733.4000,4734.2000,1,1,3,1,1,1,1,1,2,1
SF,IC2006,2020-02-03 09:30:27.400,4716.6000,41644,-1,999702800.000,2,0,2,多平,S,4716.8000,4716.4000,4715.4000,4714.0000,4713.6000,4727.4000,4727.6000,4728.0000,4733.4000,4734.2000,1,2,5,1,1,3,1,1,2,1
SF,IC2006,2020-02-03 09:30:27.900,4727.0000,41645,1,1000648200.000,1,1,0,双开,S,4717.2000,4716.8000,4716.4000,4715.4000,4715.2000,4727.4000,4728.0000,4734.2000,4737.0000,4741.0000,1,1,1,5,1,3,1,1,5,1
SF,IC2006,2020-02-03 09:30:28.400,4727.2000,41640,-5,1009145240.000,9,2,7,多平,S,4727.6000,4717.4000,4715.4000,4715.2000,4714.0000,4734.2000,4737.0000,4741.0000,4749.8000,4750.0000,1,1,4,1,1,1,5,1,1,6
SF,IC2006,2020-02-03 09:30:28.900,4727.4000,41638,-2,1011981760.000,3,0,3,多平,S,4715.4000,4715.2000,4715.0000,4714.0000,4713.6000,4717.2000,4727.6000,4734.0000,4734.2000,4737.0000,4,1,1,1,1,20,5,2,1,5
SF,IC2006,2020-02-03 09:30:29.400,4717.2000,41611,-27,1038397440.000,28,0,28,多平,S,4727.4000,4715.4000,4715.2000,4715.0000,4714.0000,4727.6000,4734.0000,4734.2000,4737.0000,4741.0000,4,3,1,1,1,10,2,1,5,1
SF,IC2006,2020-02-03 09:30:29.900,4727.4000,41607,-4,1042179360.000,4,0,4,双平,S,4715.4000,4715.2000,4715.0000,4714.0000,4713.6000,4727.4000,4727.6000,4734.0000,4734.2000,4737.0000,3,1,1,1,1,32,10,2,1,5
SF,IC2006,2020-02-03 09:30:30.400,4715.4000,41603,-4,1063899600.000,23,9,14,多平,S,4715.2000,4715.0000,4714.0000,4713.6000,4713.4000,4727.2000,4727.4000,4727.6000,4733.8000,4734.2000,1,1,1,1,4,1,24,10,1,1
SF,IC2006,2020-02-03 09:30:30.900,4715.2000,41602,-1,1065785720.000,2,0,2,多平,S,4715.0000,4714.0000,4713.6000,4713.4000,4713.0000,4715.2000,4726.8000,4727.2000,4727.4000,4727.6000,1,1,1,4,1,3,1,1,24,10
SF,IC2006,2020-02-03 09:30:31.400,4715.0000,41597,-5,1072386840.000,7,1,6,多平,S,4714.0000,4713.6000,4713.4000,4713.0000,4712.0000,4715.0000,4727.2000,4727.4000,4727.6000,4733.8000,1,1,4,1,29,7,1,24,10,1
SF,IC2006,2020-02-03 09:30:31.900,4727.4000,41572,-25,1098818200.000,28,1,27,多平,S,4713.6000,4713.4000,4713.0000,4712.0000,4711.4000,4727.4000,4727.6000,4733.8000,4734.2000,4737.0000,1,4,1,29,1,16,10,1,1,5
SF,IC2006,2020-02-03 09:30:32.400,4713.6000,41557,-15,1114870920.000,17,1,16,多平,S,4713.4000,4713.0000,4712.0000,4711.4000,4711.2000,4713.6000,4727.4000,4727.6000,4733.8000,4734.2000,4,1,30,1,2,2,11,10,1,1
SF,IC2006,2020-02-03 09:30:32.900,4713.4000,41554,-3,1123361360.000,9,3,6,多平,S,4713.4000,4713.0000,4712.0000,4711.4000,4711.2000,4727.4000,4727.6000,4733.8000,4734.2000,4737.0000,1,1,10,1,2,9,10,1,1,5
SF,IC2006,2020-02-03 09:30:33.400,4713.4000,41550,-4,1129960120.000,7,1,6,多平,S,4713.0000,4712.0000,4711.4000,4711.2000,4711.0000,4713.4000,4713.6000,4725.6000,4727.2000,4727.4000,1,10,1,2,13,3,6,1,1,9
SF,IC2006,2020-02-03 09:30:33.900,4713.0000,41550,0,1132788000.000,3,1,2,多换,S,4712.0000,4711.4000,4711.2000,4711.0000,4710.8000,4713.0000,4713.4000,4713.6000,4714.0000,4727.2000,10,1,2,14,12,9,8,6,1,1
SF,IC2006,2020-02-03 09:30:34.400,4713.0000,41545,-5,1141270400.000,9,2,7,多平,S,4712.0000,4711.4000,4711.2000,4711.0000,4710.8000,4713.0000,4713.4000,4713.6000,4714.0000,4727.2000,5,1,2,14,12,5,8,6,1,1
SF,IC2006,2020-02-03 09:30:34.900,4713.0000,41541,-4,1150695400.000,10,3,7,多平,S,4711.4000,4711.2000,4711.0000,4710.8000,0.0000,4713.0000,4713.4000,4713.6000,4714.0000,4727.2000,1,2,14,12,0,3,8,6,1,1
SF,IC2006,2020-02-03 09:30:35.400,4711.2000,41541,0,1153522200.000,3,1,2,多换,S,4711.2000,4711.0000,4710.8000,0.0000,0.0000,4711.4000,4712.0000,4713.0000,4713.4000,4713.6000,1,14,12,0,0,3,4,4,8,6
SF,IC2006,2020-02-03 09:30:35.900,4711.0000,41539,-2,1162002560.000,9,3,6,多平,S,4711.4000,4711.0000,4710.8000,0.0000,0.0000,4712.0000,4713.0000,4713.4000,4713.6000,4714.0000,1,11,12,0,0,3,4,8,8,1
SF,IC2006,2020-02-03 09:30:36.400,4712.0000,41538,-1,1164829640.000,3,1,2,多平,S,4711.0000,4710.8000,0.0000,0.0000,0.0000,4711.4000,4712.0000,4713.0000,4713.4000,4713.6000,11,12,0,0,0,2,1,4,8,8
SF,IC2006,2020-02-03 09:30:36.900,4713.0000,41537,-1,1168599280.000,4,1,3,多平,S,4711.4000,4711.0000,4710.8000,0.0000,0.0000,4713.0000,4713.4000,4713.6000,4714.0000,4715.0000,2,11,12,0,0,3,8,9,1,3
SF,IC2006,2020-02-03 09:30:37.400,4712.0000,41534,-3,1171426480.000,3,0,3,双平,S,4711.4000,4711.0000,4710.8000,0.0000,0.0000,4713.0000,4713.4000,4713.6000,4715.0000,4726.0000,2,11,12,0,0,3,8,9,3,3
SF,IC2006,2020-02-03 09:30:37.900,4711.4000,41534,0,1175196040.000,4,2,2,多换,S,4711.2000,4711.0000,4710.8000,0.0000,0.0000,4713.0000,4713.4000,4713.6000,4715.0000,4726.0000,1,12,12,0,0,1,8,9,3,3
SF,IC2006,2020-02-03 09:30:38.400,4713.0000,41534,0,1176138640.000,1,0,1,多换,S,4711.4000,4711.2000,4711.0000,4710.8000,0.0000,4713.4000,4713.6000,4715.0000,4726.0000,4727.2000,1,1,12,12,0,8,9,3,3,1
SF,IC2006,2020-02-03 09:30:38.900,4713.2000,41533,-1,1180850400.000,5,2,3,多平,S,4713.0000,4711.2000,4711.0000,4710.8000,0.0000,4713.2000,4713.4000,4713.6000,4715.0000,4726.0000,11,1,12,11,0,1,8,9,3,3
SF,IC2006,2020-02-03 09:30:39.400,4713.0000,41532,-1,1191219000.000,11,5,6,多平,S,4713.0000,4711.2000,4711.0000,4710.8000,0.0000,4713.2000,4713.4000,4713.6000,4715.0000,4726.0000,4,1,12,12,0,1,8,9,3,3
SF,IC2006,2020-02-03 09:30:39.900,4713.0000,41530,-2,1199702440.000,9,3,6,多平,S,4711.4000,4711.2000,4711.0000,4710.8000,0.0000,4711.6000,4713.4000,4713.6000,4715.0000,4726.0000,1,1,12,12,0,3,8,9,3,3
SF,IC2006,2020-02-03 09:30:40.400,4711.6000,41525,-5,1227032720.000,29,12,17,多平,S,4713.0000,4711.6000,4711.4000,4711.2000,4711.0000,4713.4000,4713.6000,4714.0000,4715.0000,4726.0000,1,5,1,1,12,5,9,1,3,3
SF,IC2006,2020-02-03 09:30:40.900,4713.4000,41523,-2,1229860760.000,3,0,3,多平,S,4713.2000,4713.0000,4712.0000,4711.6000,4711.4000,4713.4000,4713.6000,4714.0000,4715.0000,4726.0000,2,2,1,5,1,2,9,1,3,3
SF,IC2006,2020-02-03 09:30:41.400,4713.2000,41521,-2,1232688760.000,3,0,3,多平,S,4713.4000,4713.2000,4713.0000,4712.0000,4711.6000,4713.6000,4714.0000,4715.0000,4726.0000,4727.2000,2,1,2,1,6,9,1,3,3,1
SF,IC2006,2020-02-03 09:30:41.900,4713.2000,41520,-1,1235516680.000,3,1,2,多平,S,4713.4000,4713.2000,4713.0000,4712.0000,4711.6000,4713.6000,4714.0000,4715.0000,4726.0000,4727.2000,32,1,2,2,7,9,1,3,3,1
SF,IC2006,2020-02-03 09:30:42.400,4713.4000,41516,-4,1241172840.000,6,1,5,多平,S,4713.4000,4713.2000,4713.0000,4712.0000,4711.6000,4713.6000,4714.0000,4715.0000,4727.2000,4727.4000,28,1,3,2,7,7,1,3,1,9
SF,IC2006,2020-02-03 09:30:42.900,4713.6000,41517,1,1248714560.000,8,4,4,空开,S,4713.6000,4713.4000,4713.2000,4713.0000,4712.0000,4714.0000,4715.0000,4726.0000,4727.2000,4727.4000,14,39,1,3,2,1,3,1,1,9
SF,IC2006,2020-02-03 09:30:43.400,4713.6000,41517,0,1249657280.000,1,0,1,多换,S,4713.6000,4713.4000,4713.2000,4713.0000,4712.2000,4714.0000,4715.0000,4726.0000,4727.2000,4727.4000,13,39,1,3,1,1,3,1,1,9
SF,IC2006,2020-02-03 09:30:43.900,4726.0000,41509,-8,1277942120.000,30,11,19,多平,S,4713.4000,4713.2000,4713.0000,4712.2000,4712.0000,4713.6000,4727.2000,4727.4000,4727.6000,4728.0000,35,2,8,1,2,2,1,9,9,1
SF,IC2006,2020-02-03 09:30:44.400,4713.4000,41506,-3,1280770200.000,3,0,3,双平,S,4713.4000,4713.2000,4713.0000,4712.2000,4712.0000,4713.6000,4719.0000,4727.2000,4727.4000,4727.6000,32,2,8,1,2,1,4,1,9,9
SF,IC2006,2020-02-03 09:30:44.900,4713.6000,41505,-1,1283598360.000,3,1,2,多平,S,4714.0000,4713.6000,4713.4000,4713.2000,4713.0000,4719.0000,4727.2000,4727.4000,4727.6000,4728.0000,4,3,32,2,8,4,1,9,9,1
SF,IC2006,2020-02-03 09:30:45.400,4713.6000,41505,0,1283598360.000,0,-,-,-,-,4714.2000,4714.0000,4713.6000,4713.4000,4713.2000,4719.0000,4727.2000,4727.4000,4727.6000,4728.0000,1,4,9,32,2,4,1,9,9,1
SF,IC2006,2020-02-03 09:30:45.900,4719.0000,41504,-1,1291148760.000,8,3,5,多平,S,4719.0000,4714.2000,4714.0000,4713.6000,4713.4000,4727.2000,4727.4000,4727.6000,4728.0000,4730.0000,28,1,4,10,32,1,9,9,1,1
SF,IC2006,2020-02-03 09:30:46.400,4719.0000,41504,0,1294923960.000,4,2,2,多换,S,4719.0000,4715.0000,4714.0000,4713.6000,4713.4000,4726.6000,4727.4000,4727.6000,4728.0000,4730.0000,24,1,4,10,32,1,9,9,1,1
SF,IC2006,2020-02-03 09:30:46.900,4719.0000,41504,0,1294923960.000,0,-,-,-,-,4721.6000,4719.2000,4719.0000,4715.0000,4714.0000,4726.6000,4727.4000,4727.6000,4728.0000,4730.0000,1,2,24,1,4,1,9,9,1,1
SF,IC2006,2020-02-03 09:30:47.400,4726.4000,41502,-2,1307199800.000,13,5,8,多平,S,4719.2000,4719.0000,4715.0000,4714.0000,4713.6000,4726.6000,4727.4000,4727.6000,4728.0000,4730.0000,1,18,1,4,10,1,9,9,1,1
SF,IC2006,2020-02-03 09:30:47.900,4726.4000,41501,-1,1308145080.000,1,0,1,双平,S,4722.6000,4719.2000,4719.0000,4715.0000,4714.0000,4726.4000,4726.6000,4727.4000,4727.6000,4728.0000,1,1,18,1,5,1,1,9,9,1
SF,IC2006,2020-02-03 09:30:48.400,4726.4000,41500,-1,1309090360.000,1,0,1,双平,S,4721.8000,4719.2000,4719.0000,4715.0000,4714.0000,4726.4000,4727.4000,4727.6000,4728.0000,4730.0000,1,1,18,1,5,1,9,9,1,1
SF,IC2006,2020-02-03 09:30:48.900,4726.4000,41500,0,1312870840.000,4,2,2,多换,S,4721.8000,4719.2000,4719.0000,4715.0000,4714.0000,4727.4000,4727.6000,4728.0000,4730.0000,4733.8000,1,1,15,2,5,9,9,1,1,1
SF,IC2006,2020-02-03 09:30:49.400,4721.8000,41495,-5,1327996840.000,16,5,11,多平,S,4719.2000,4719.0000,4715.0000,4714.0000,4713.6000,4721.8000,4725.0000,4727.6000,4728.0000,4730.0000,1,15,2,5,11,1,1,7,1,1
SF,IC2006,2020-02-03 09:30:49.900,4725.0000,41494,-1,1329886200.000,2,0,2,多平,S,4719.2000,4719.0000,4715.0000,4714.0000,4713.6000,4727.6000,4728.0000,4730.0000,4733.8000,4734.2000,1,15,2,5,11,7,1,1,1,1
SF,IC2006,2020-02-03 09:30:50.400,4727.4000,41494,0,1335559080.000,6,3,3,多换,S,4719.4000,4719.2000,4719.0000,4715.0000,4714.0000,4727.6000,4728.0000,4730.0000,4733.8000,4734.2000,1,1,15,2,5,7,1,1,1,1
SF,IC2006,2020-02-03 09:30:50.900,4719.2000,41490,-4,1341224000.000,6,1,5,多平,S,4726.6000,4721.8000,4719.0000,4715.0000,4714.0000,4727.6000,4728.0000,4730.0000,4733.8000,4734.2000,1,1,15,2,5,6,1,1,1,1
SF,IC2006,2020-02-03 09:30:51.400,4727.6000,41489,-1,1353514360.000,13,6,7,多平,S,4721.8000,4719.0000,4715.0000,4714.4000,4714.0000,4727.6000,4728.0000,4730.0000,4733.8000,4734.2000,1,15,2,1,4,2,1,1,1,1
SF,IC2006,2020-02-03 09:30:51.900,4727.6000,41489,0,1357296440.000,4,2,2,多换,S,4727.6000,4726.6000,4722.0000,4721.8000,4719.0000,4728.0000,4730.0000,4733.8000,4734.2000,4737.0000,24,1,1,1,15,1,1,1,1,5
SF,IC2006,2020-02-03 09:30:52.400,4727.6000,41475,-14,1371479240.000,15,0,15,多平,S,4727.6000,4726.6000,4722.0000,4721.8000,4719.0000,4728.0000,4730.0000,4733.8000,4734.2000,4737.0000,11,1,1,1,15,1,1,1,1,5
SF,IC2006,2020-02-03 09:30:52.900,4719.0000,41448,-27,1397932640.000,28,0,28,多平,S,4719.0000,4715.0000,4714.4000,4714.0000,4713.6000,4730.0000,4733.8000,4734.2000,4737.0000,4749.8000,4,2,1,4,11,1,1,1,5,1
SF,IC2006,2020-02-03 09:30:53.400,4719.0000,41448,0,1397932640.000,0,-,-,-,-,4719.0000,4715.0000,4714.4000,4714.0000,4713.6000,4719.4000,4727.6000,4729.8000,4730.0000,4733.8000,4,2,1,4,11,5,10,2,1,1
SF,IC2006,2020-02-03 09:30:53.900,4730.0000,41447,-1,1421553760.000,25,12,13,多平,S,4730.0000,4722.0000,4719.4000,4719.0000,4715.0000,4733.8000,4734.2000,4737.0000,4749.8000,4750.0000,11,1,1,4,2,1,1,5,1,6
SF,IC2006,2020-02-03 09:30:54.400,4730.0000,41446,-1,1427230520.000,6,2,4,多平,S,4730.0000,4728.0000,4722.0000,4719.4000,4719.0000,4734.2000,4737.0000,4749.8000,4750.0000,4756.0000,6,1,1,1,4,1,5,1,6,1
SF,IC2006,2020-02-03 09:30:54.900,4730.0000,41446,0,1428176520.000,1,0,1,多换,S,4730.0000,4728.0000,4722.0000,4720.0000,4719.4000,4734.2000,4737.0000,4749.8000,4750.0000,4756.0000,5,1,1,1,1,1,5,1,6,1
SF,IC2006,2020-02-03 09:30:55.400,4734.0000,41446,0,1429123320.000,1,0,1,多换,S,4730.0000,4728.0000,4722.0000,4720.0000,4719.4000,4734.2000,4737.0000,4749.8000,4750.0000,4756.0000,5,1,1,2,1,1,5,1,6,1
SF,IC2006,2020-02-03 09:30:55.900,4713.4000,41432,-14,1466866400.000,40,13,27,多平,S,4713.4000,4713.2000,4713.0000,4712.2000,4712.0000,4734.2000,4737.0000,4749.8000,4750.0000,4756.0000,7,2,10,1,4,1,5,1,6,1
SF,IC2006,2020-02-03 09:30:56.400,4734.2000,41429,-3,1472534880.000,6,1,5,多平,S,4734.2000,4713.6000,4713.4000,4713.2000,4713.0000,4737.0000,4749.8000,4750.0000,4756.0000,4758.0000,2,9,7,2,5,5,1,6,1,1
SF,IC2006,2020-02-03 09:30:56.900,4734.2000,41428,-1,1475375960.000,3,1,2,多平,S,4728.0000,4720.2000,4720.0000,4713.6000,4713.2000,4736.8000,4737.0000,4749.8000,4750.0000,4753.2000,1,1,1,1,1,2,4,1,6,1
SF,IC2006,2020-02-03 09:30:57.400,4736.6000,41422,-6,1483895000.000,9,1,8,多平,S,4720.2000,4720.0000,4719.0000,4713.2000,4713.0000,4736.8000,4737.0000,4749.8000,4750.0000,4753.2000,1,1,1,1,5,2,4,1,6,1
SF,IC2006,2020-02-03 09:30:57.900,4736.6000,41422,0,1496193280.000,13,6,7,多换,S,4736.8000,4720.4000,4720.0000,4719.0000,4713.2000,4737.0000,4738.0000,4749.8000,4750.0000,4753.2000,8,1,1,1,1,4,1,1,6,1
SF,IC2006,2020-02-03 09:30:58.400,4736.8000,41421,-1,1505666920.000,10,4,6,多平,S,4726.6000,4720.4000,4720.0000,4719.0000,4713.2000,4728.0000,4737.0000,4738.0000,4749.8000,4750.0000,1,1,1,1,1,2,3,1,1,6
SF,IC2006,2020-02-03 09:30:58.900,4736.8000,41416,-5,1516085280.000,11,3,8,多平,S,4728.0000,4726.6000,4720.4000,4720.0000,4719.0000,4738.0000,4749.8000,4750.0000,4753.2000,4756.0000,4,1,1,1,1,1,1,6,1,1
SF,IC2006,2020-02-03 09:30:59.400,4737.8000,41415,-1,1517032840.000,1,0,1,双平,S,4728.2000,4728.0000,4726.6000,4720.0000,4719.0000,4736.8000,4738.0000,4748.0000,4749.8000,4750.0000,1,2,1,1,1,1,1,1,1,6
SF,IC2006,2020-02-03 09:30:59.900,4738.0000,41412,-3,1519875360.000,3,0,3,双平,S,4738.0000,4728.2000,4728.0000,4726.6000,4720.0000,4748.0000,4749.8000,4750.0000,4753.2000,4756.0000,2,1,2,1,1,1,1,6,1,1
SF,IC2006,2020-02-03 09:31:00.400,4735.0000,41410,-2,1522717560.000,3,0,3,多平,S,4728.0000,4726.6000,4719.8000,4719.0000,4713.2000,4735.0000,4742.4000,4747.6000,4748.0000,4749.8000,2,1,2,1,1,1,1,2,1,1
SF,IC2006,2020-02-03 09:31:00.900,4735.0000,41410,0,1524611560.000,2,1,1,多换,S,4736.8000,4730.0000,4728.0000,4726.6000,4719.8000,4748.0000,4749.8000,4750.0000,4753.2000,4756.0000,1,1,2,1,2,1,1,6,1,1
SF,IC2006,2020-02-03 09:31:01.400,4735.0000,41410,0,1524611560.000,0,-,-,-,-,4738.0000,4736.8000,4730.0000,4728.0000,4726.6000,4742.4000,4746.0000,4746.2000,4747.6000,4747.8000,1,1,1,1,1,1,3,1,3,2
SF,IC2006,2020-02-03 09:31:01.900,4748.0000,41402,-8,1533153800.000,9,0,9,多平,S,4748.0000,4738.2000,4736.8000,4735.0000,4730.0000,4749.8000,4750.0000,4753.2000,4756.0000,4758.0000,17,1,1,1,1,1,6,1,1,1
SF,IC2006,2020-02-03 09:31:02.400,4748.0000,41398,-4,1538851400.000,6,1,5,多平,S,4748.0000,4738.2000,4736.8000,4735.0000,4730.0000,4748.4000,4749.8000,4750.0000,4753.2000,4756.0000,26,1,1,1,1,1,2,7,1,6
SF,IC2006,2020-02-03 09:31:02.900,4748.0000,41392,-6,1544549000.000,6,0,6,双平,S,4748.0000,4738.2000,4736.8000,4735.0000,4730.0000,4749.8000,4750.0000,4753.2000,4756.0000,4758.0000,22,1,1,2,1,2,6,1,1,1
SF,IC2006,2020-02-03 09:31:03.400,4749.8000,41387,-5,1550247960.000,6,0,6,多平,S,4748.0000,4742.4000,4738.2000,4736.8000,4735.0000,4749.6000,4750.0000,4753.2000,4756.0000,4758.0000,20,1,1,1,2,1,6,1,1,1
SF,IC2006,2020-02-03 09:31:03.900,4748.0000,41384,-3,1553096760.000,3,0,3,双平,S,4748.4000,4748.0000,4742.4000,4738.2000,4736.8000,4750.0000,4753.2000,4756.0000,4758.0000,4760.0000,5,17,4,1,1,6,1,1,1,1
SF,IC2006,2020-02-03 09:31:04.400,4748.8000,41382,-2,1561643760.000,9,3,6,多平,S,4749.8000,4748.0000,4742.4000,4738.2000,4736.8000,4750.0000,4753.2000,4756.0000,4758.0000,4760.0000,1,15,4,1,1,16,1,1,1,1
SF,IC2006,2020-02-03 09:31:04.900,4748.0000,41379,-3,1567342440.000,6,1,5,多平,S,4748.0000,4742.4000,4738.2000,4736.8000,4735.0000,4750.0000,4753.2000,4756.0000,4758.0000,4760.0000,12,4,1,1,2,16,1,1,1,1
SF,IC2006,2020-02-03 09:31:05.400,4750.0000,41381,2,1573042440.000,6,4,2,空开,S,4748.0000,4742.4000,4738.2000,4736.8000,4735.0000,4750.0000,4753.2000,4756.0000,4758.0000,4760.0000,12,4,1,1,2,10,1,1,1,1
SF,IC2006,2020-02-03 09:31:05.900,4750.0000,41381,0,1576842440.000,4,2,2,多换,S,4749.6000,4748.0000,4742.4000,4738.2000,4736.8000,4750.0000,4753.2000,4756.0000,4758.0000,4760.0000,1,12,4,1,1,7,1,1,1,1
SF,IC2006,2020-02-03 09:31:06.400,4750.0000,41375,-6,1583492360.000,7,0,7,多平,S,4748.0000,4742.4000,4738.2000,4736.8000,4735.0000,4750.0000,4753.2000,4756.0000,4758.0000,4760.0000,12,4,1,1,2,1,1,1,1,1
SF,IC2006,2020-02-03 09:31:06.900,4750.0000,41375,0,1583492360.000,0,-,-,-,-,4748.0000,4742.4000,4738.2000,4736.8000,4735.0000,4748.4000,4749.0000,4749.8000,4750.0000,4753.2000,12,4,1,1,2,1,1,8,1,1
SF,IC2006,2020-02-03 09:31:07.400,4748.0000,41369,-6,1593939960.000,11,2,9,多平,S,4749.6000,4748.0000,4742.4000,4738.2000,4736.8000,4749.8000,4750.0000,4753.2000,4756.0000,4758.0000,1,6,4,1,1,5,2,1,1,1
SF,IC2006,2020-02-03 09:31:07.900,4748.0000,41368,-1,1596789440.000,3,1,2,多平,S,4748.0000,4742.4000,4738.2000,4736.8000,4735.0000,4749.8000,4750.0000,4753.2000,4756.0000,4758.0000,5,4,1,1,3,4,2,1,1,1
SF,IC2006,2020-02-03 09:31:08.400,4748.0000,41366,-2,1603437360.000,7,2,5,多平,S,4742.4000,4738.2000,4736.8000,4735.0000,4730.0000,4749.8000,4750.0000,4753.2000,4756.0000,4758.0000,4,1,1,3,1,2,2,1,1,1
SF,IC2006,2020-02-03 09:31:08.900,4749.8000,41366,0,1606287200.000,3,1,2,多换,S,4749.8000,4748.4000,4742.6000,4742.4000,4740.0000,4750.0000,4753.2000,4756.0000,4758.0000,4760.0000,1,2,1,4,1,2,1,1,1,1
SF,IC2006,2020-02-03 09:31:09.400,4749.8000,41366,0,1608187120.000,2,1,1,多换,S,4748.4000,4742.6000,4742.4000,4740.0000,4736.8000,4749.6000,4750.0000,4753.2000,4756.0000,4758.0000,3,1,4,1,1,10,5,1,1,1
SF,IC2006,2020-02-03 09:31:09.900,4749.6000,41365,-1,1618636040.000,11,5,6,多平,S,4749.6000,4748.4000,4742.6000,4742.4000,4740.0000,4750.0000,4753.2000,4756.0000,4758.0000,4760.0000,11,2,1,4,1,5,1,1,1,1
SF,IC2006,2020-02-03 09:31:10.400,4749.6000,41365,0,1629085160.000,11,5,6,多换,S,4749.8000,4749.6000,4748.4000,4745.0000,4742.6000,4750.0000,4753.2000,4756.0000,4758.0000,4760.0000,1,1,2,1,1,5,1,1,1,1
SF,IC2006,2020-02-03 09:31:10.900,4750.0000,41367,2,1632885000.000,4,3,1,空开,S,4748.4000,4745.0000,4742.6000,4742.4000,4740.0000,4750.0000,4753.2000,4756.0000,4758.0000,4760.0000,2,1,1,4,1,3,1,1,1,1
SF,IC2006,2020-02-03 09:31:11.400,4750.0000,41366,-1,1635735000.000,3,1,2,多平,S,4750.0000,4748.4000,4745.0000,4742.6000,4742.4000,4753.2000,4756.0000,4758.0000,4760.0000,4761.8000,3,2,1,1,4,1,1,1,1,5
SF,IC2006,2020-02-03 09:31:11.900,4750.0000,41366,0,1635735000.000,0,-,-,-,-,4750.2000,4750.0000,4748.4000,4745.0000,4743.0000,4752.2000,4753.0000,4753.2000,4756.0000,4758.0000,2,10,2,1,1,2,1,1,1,1
SF,IC2006,2020-02-03 09:31:12.400,4750.0000,41368,2,1641435040.000,6,4,2,空开,S,4750.0000,4748.4000,4745.0000,4743.0000,4742.4000,4753.0000,4753.2000,4756.0000,4758.0000,4760.0000,7,2,1,1,4,1,1,1,1,1
SF,IC2006,2020-02-03 09:31:12.900,4753.0000,41367,-1,1643335640.000,2,0,2,多平,S,4750.0000,4748.4000,4745.0000,4743.0000,4742.4000,4753.2000,4755.0000,4756.0000,4758.0000,4760.0000,9,2,1,1,4,1,1,1,1,1
SF,IC2006,2020-02-03 09:31:13.400,4750.0000,41356,-11,1659485640.000,17,3,14,多平,S,4750.0000,4748.4000,4745.0000,4743.0000,4742.4000,4753.0000,4753.2000,4755.0000,4756.0000,4758.0000,5,2,1,1,4,3,1,1,1,1
SF,IC2006,2020-02-03 09:31:13.900,4753.0000,41355,-1,1661386840.000,2,0,2,多平,S,4750.2000,4750.0000,4749.6000,4748.4000,4745.0000,4753.2000,4755.0000,4756.0000,4758.0000,4760.0000,1,6,1,2,1,1,1,1,1,1
SF,IC2006,2020-02-03 09:31:14.400,4753.0000,41353,-2,1674691200.000,14,6,8,多平,S,4753.2000,4750.4000,4750.0000,4749.6000,4748.4000,4755.0000,4756.0000,4758.0000,4760.0000,4761.8000,19,1,1,1,2,1,1,1,1,5
SF,IC2006,2020-02-03 09:31:14.900,4753.2000,41350,-3,1681346640.000,7,2,5,多平,S,4753.2000,4753.0000,4750.4000,4750.0000,4749.6000,4754.4000,4758.0000,4760.0000,4761.8000,4762.0000,23,1,1,2,1,1,1,1,5,5
SF,IC2006,2020-02-03 09:31:15.400,4754.4000,41347,-3,1686101760.000,5,1,4,多平,S,4753.2000,4753.0000,4750.4000,4750.0000,4749.6000,4760.0000,4761.8000,4762.0000,4762.2000,4763.0000,23,3,1,3,1,1,5,5,1,5
SF,IC2006,2020-02-03 09:31:15.900,4753.2000,41346,-1,1690855040.000,5,2,3,多平,S,4753.2000,4753.0000,4750.0000,4749.6000,4748.4000,4754.6000,4759.8000,4760.0000,4761.8000,4762.0000,20,3,3,1,2,1,1,1,5,5
SF,IC2006,2020-02-03 09:31:16.400,4753.4000,41341,-5,1696560080.000,6,0,6,多平,S,4753.2000,4753.0000,4750.0000,4749.6000,4748.4000,4759.8000,4760.0000,4761.8000,4762.0000,4762.2000,20,3,3,1,2,1,1,5,5,1
SF,IC2006,2020-02-03 09:31:16.900,4759.6000,41341,0,1700363920.000,4,2,2,多换,S,4754.4000,4753.2000,4753.0000,4750.0000,4749.6000,4759.6000,4759.8000,4760.0000,4761.8000,4762.0000,1,18,4,3,1,1,1,1,5,5
SF,IC2006,2020-02-03 09:31:17.400,4754.6000,41352,11,1716531560.000,17,14,3,空开,S,4753.2000,4753.0000,4750.0000,4749.6000,4748.4000,4754.4000,4759.4000,4759.6000,4760.0000,4761.8000,9,4,3,3,1,4,1,1,1,5
SF,IC2006,2020-02-03 09:31:17.900,4754.4000,41349,-3,1721285960.000,5,1,4,多平,S,4753.2000,4753.0000,4750.0000,4749.6000,4748.4000,4759.4000,4759.6000,4760.0000,4761.8000,4762.0000,9,4,3,3,1,1,1,1,5,5
SF,IC2006,2020-02-03 09:31:18.400,4753.2000,41348,-1,1736498800.000,16,7,9,多平,S,4753.0000,4750.0000,4749.6000,4748.4000,4743.0000,4753.2000,4759.2000,4759.4000,4760.0000,4761.8000,4,3,3,1,1,2,1,1,1,5
SF,IC2006,2020-02-03 09:31:18.900,4753.2000,41345,-3,1742202560.000,6,1,5,多平,S,4755.0000,4753.0000,4750.0000,4749.6000,4748.4000,4759.2000,4759.4000,4760.0000,4761.8000,4762.0000,1,2,2,3,1,1,1,2,5,5
SF,IC2006,2020-02-03 09:31:19.400,4753.0000,41345,0,1746955600.000,5,2,3,多换,S,4750.0000,4749.6000,4748.4000,4743.0000,4742.4000,4753.2000,4759.0000,4759.2000,4760.0000,4761.8000,2,3,1,1,3,3,2,1,1,5
SF,IC2006,2020-02-03 09:31:19.900,4750.0000,41346,1,1755508080.000,9,5,4,空开,S,4749.6000,4748.4000,4743.0000,4742.4000,4740.0000,4753.2000,4759.0000,4760.0000,4761.8000,4762.0000,3,1,1,3,1,1,1,1,5,5
SF,IC2006,2020-02-03 09:31:20.400,4749.6000,41346,0,1757408640.000,2,1,1,多换,S,4749.6000,4748.4000,4743.0000,4742.4000,4740.0000,4758.4000,4759.0000,4760.0000,4761.8000,4762.0000,2,1,1,3,1,1,1,1,5,5
SF,IC2006,2020-02-03 09:31:20.900,4749.6000,41346,0,1757408640.000,0,-,-,-,-,4750.0000,4749.8000,4749.6000,4748.4000,4743.0000,4758.0000,4758.2000,4759.0000,4760.0000,4761.8000,1,1,2,1,1,1,1,1,1,5
SF,IC2006,2020-02-03 09:31:21.400,4750.0000,41346,0,1761210080.000,4,2,2,多换,S,4749.6000,4748.4000,4743.0000,4742.4000,4740.0000,4750.0000,4757.8000,4758.0000,4758.2000,4760.0000,2,1,1,3,1,8,1,1,1,1
SF,IC2006,2020-02-03 09:31:21.900,4757.8000,41338,-8,1769761640.000,9,0,9,多平,S,4753.2000,4751.2000,4750.8000,4749.6000,4748.4000,4758.0000,4760.0000,4761.8000,4762.0000,4763.0000,1,1,1,2,1,1,1,5,5,5
SF,IC2006,2020-02-03 09:31:22.400,4761.8000,41333,-5,1776423480.000,7,1,6,多平,S,4758.0000,4751.2000,4750.8000,4750.0000,4749.6000,4761.8000,4762.0000,4763.0000,4764.0000,4770.0000,2,1,1,1,2,3,5,5,1,1
SF,IC2006,2020-02-03 09:31:22.900,4750.8000,41330,-3,1782131000.000,6,1,5,多平,S,4750.0000,4749.6000,4748.4000,4743.0000,4742.4000,4758.0000,4761.8000,4762.0000,4763.0000,4764.0000,1,2,1,1,3,6,3,5,5,1
SF,IC2006,2020-02-03 09:31:23.400,4758.0000,41330,0,1784034200.000,2,1,1,多换,S,4750.8000,4750.2000,4750.0000,4749.6000,4748.4000,4758.0000,4761.8000,4762.0000,4763.0000,4764.0000,1,2,4,2,1,4,3,5,5,1
SF,IC2006,2020-02-03 09:31:23.900,4751.0000,41326,-4,1789736800.000,6,1,5,多平,S,4751.0000,4750.8000,4750.2000,4750.0000,4749.6000,4755.0000,4757.4000,4757.6000,4758.0000,4760.6000,1,1,1,4,2,1,1,1,4,1
SF,IC2006,2020-02-03 09:31:24.400,4757.6000,41324,-2,1794491280.000,5,1,4,多平,S,4755.0000,4751.2000,4751.0000,4750.8000,4750.2000,4758.0000,4760.0000,4760.6000,4762.0000,4763.0000,1,2,1,1,1,4,1,1,5,5
SF,IC2006,2020-02-03 09:31:24.900,4755.0000,41323,-1,1797344880.000,3,1,2,多平,S,4752.6000,4751.2000,4751.0000,4750.8000,4750.2000,4755.0000,4757.8000,4758.0000,4760.0000,4760.6000,1,1,1,1,1,3,3,4,1,1
SF,IC2006,2020-02-03 09:31:25.400,4755.0000,41323,0,1800197880.000,3,1,2,多换,S,4752.8000,4752.6000,4751.2000,4750.8000,4750.2000,4757.8000,4758.0000,4760.0000,4760.6000,4762.0000,2,1,1,1,1,3,4,1,1,5
SF,IC2006,2020-02-03 09:31:25.900,4752.6000,41320,-3,1804001040.000,4,0,4,多平,S,4751.2000,4750.8000,4750.2000,4750.0000,4749.6000,4757.6000,4757.8000,4758.0000,4760.0000,4760.6000,1,1,1,5,2,1,1,4,1,1
SF,IC2006,2020-02-03 09:31:26.400,4756.0000,41313,-7,1817307280.000,14,3,11,多平,S,4750.8000,4750.2000,4750.0000,4749.6000,4743.0000,4757.4000,4758.0000,4760.0000,4760.6000,4762.0000,1,1,5,2,1,3,4,1,1,5
SF,IC2006,2020-02-03 09:31:26.900,4750.8000,41313,0,1819207600.000,2,1,1,多换,S,4750.2000,4750.0000,4749.6000,4743.0000,4742.4000,4750.8000,4755.0000,4757.2000,4757.4000,4758.0000,1,5,2,1,3,3,1,1,2,4
SF,IC2006,2020-02-03 09:31:27.400,4750.8000,41309,-4,1823008240.000,4,0,4,双平,S,4750.8000,4750.2000,4750.0000,4749.6000,4743.0000,4755.0000,4757.2000,4757.4000,4758.0000,4760.0000,4,1,5,2,1,1,1,2,4,1
SF,IC2006,2020-02-03 09:31:27.900,4757.2000,41309,0,1826812600.000,4,2,2,多换,S,4757.4000,4751.0000,4750.8000,4750.2000,4750.0000,4758.0000,4760.0000,4760.6000,4762.0000,4763.0000,20,1,4,1,5,4,1,1,5,5
SF,IC2006,2020-02-03 09:31:28.400,4757.4000,41300,-9,1837278880.000,11,1,10,多平,S,4757.4000,4755.0000,4751.0000,4750.8000,4750.2000,4757.8000,4758.0000,4760.0000,4760.6000,4762.0000,11,1,1,2,1,1,5,1,1,5
SF,IC2006,2020-02-03 09:31:28.900,4757.4000,41299,-1,1839181840.000,2,0,2,多平,S,4757.4000,4755.0000,4751.6000,4751.0000,4750.8000,4758.0000,4760.0000,4760.6000,4762.0000,4763.0000,9,1,1,1,2,5,1,1,5,5
SF,IC2006,2020-02-03 09:31:29.400,4757.4000,41299,0,1839181840.000,0,-,-,-,-,4757.4000,4755.0000,4752.2000,4751.0000,4750.8000,4758.0000,4760.0000,4762.0000,4763.0000,4764.0000,9,1,1,1,2,5,1,5,5,1
SF,IC2006,2020-02-03 09:31:29.900,4758.0000,41297,-2,1845842880.000,7,2,5,多平,S,4758.0000,4757.8000,4757.6000,4757.4000,4755.0000,4760.0000,4762.0000,4763.0000,4764.0000,4765.0000,2,1,3,9,2,1,5,5,1,2
SF,IC2006,2020-02-03 09:31:30.400,4757.6000,41295,-2,1853455840.000,8,3,5,多平,S,4758.0000,4757.4000,4755.0000,4752.2000,4751.0000,4762.0000,4763.0000,4764.0000,4765.0000,4767.6000,1,9,3,1,1,5,5,1,2,5
SF,IC2006,2020-02-03 09:31:30.900,4757.6000,41295,0,1853455840.000,0,-,-,-,-,4758.2000,4758.0000,4757.4000,4755.0000,4752.2000,4761.8000,4762.0000,4763.0000,4764.0000,4765.0000,1,3,9,3,1,4,5,5,1,2
SF,IC2006,2020-02-03 09:31:31.400,4761.8000,41295,0,1856312920.000,3,1,2,多换,S,4761.8000,4758.2000,4758.0000,4757.4000,4755.0000,4762.0000,4763.0000,4764.0000,4765.0000,4768.0000,2,1,3,9,3,5,5,1,2,1
SF,IC2006,2020-02-03 09:31:31.900,4762.0000,41293,-2,1861074840.000,5,1,4,多平,S,4760.0000,4758.2000,4758.0000,4757.8000,4757.4000,4761.8000,4762.0000,4763.0000,4764.0000,4765.0000,3,1,6,1,9,2,4,5,1,2
SF,IC2006,2020-02-03 09:31:32.400,4761.8000,41293,0,1862027200.000,1,0,1,多换,S,4761.8000,4760.0000,4758.2000,4758.0000,4757.8000,4762.0000,4763.0000,4764.0000,4765.0000,4768.0000,5,5,1,6,2,4,5,1,2,1
SF,IC2006,2020-02-03 09:31:32.900,4760.0000,41293,0,1872501360.000,11,5,6,多换,S,4761.8000,4758.6000,4758.2000,4758.0000,4757.8000,4762.0000,4763.0000,4764.0000,4765.0000,4768.0000,5,1,1,6,2,4,5,1,2,1
SF,IC2006,2020-02-03 09:31:33.400,4761.8000,41293,0,1877263160.000,5,2,3,多换,S,4758.6000,4758.2000,4758.0000,4757.8000,4757.4000,4762.0000,4763.0000,4764.0000,4765.0000,4768.0000,1,1,6,2,9,4,5,1,2,1
SF,IC2006,2020-02-03 09:31:33.900,4761.8000,41293,0,1878215520.000,1,0,1,多换,S,4758.8000,4758.6000,4758.2000,4758.0000,4757.8000,4762.0000,4763.0000,4764.0000,4765.0000,4768.0000,2,1,1,6,2,4,5,1,2,1
SF,IC2006,2020-02-03 09:31:34.400,4762.0000,41293,0,1879167920.000,1,0,1,多换,S,4758.8000,4758.6000,4758.2000,4758.0000,4757.8000,4762.0000,4763.0000,4764.0000,4765.0000,4768.0000,2,1,1,6,2,3,5,1,2,1
SF,IC2006,2020-02-03 09:31:34.900,4762.0000,41293,0,1882025120.000,3,1,2,多换,S,4762.0000,4761.6000,4758.6000,4758.2000,4758.0000,4763.0000,4764.0000,4765.0000,4768.0000,4770.0000,10,1,1,1,6,5,1,2,1,1
SF,IC2006,2020-02-03 09:31:35.400,4763.0000,41293,0,1884882720.000,3,1,2,多换,S,4762.0000,4761.6000,4758.6000,4758.2000,4758.0000,4763.0000,4764.0000,4765.0000,4768.0000,4770.0000,9,1,1,1,6,3,1,2,1,1
SF,IC2006,2020-02-03 09:31:35.900,4763.0000,41293,0,1888692920.000,4,2,2,多换,S,4763.0000,4762.0000,4761.6000,4758.6000,4758.2000,4764.0000,4765.0000,4768.0000,4770.0000,4773.4000,7,8,1,1,1,1,2,1,1,5
SF,IC2006,2020-02-03 09:31:36.400,4764.0000,41293,0,1891550920.000,3,1,2,多换,S,4763.0000,4762.0000,4761.6000,4758.6000,4758.2000,4765.0000,4768.0000,4770.0000,4773.4000,4774.8000,5,10,1,1,1,2,1,1,5,1
SF,IC2006,2020-02-03 09:31:36.900,4765.0000,41295,2,1893456920.000,2,2,0,双开,S,4765.0000,4763.2000,4763.0000,4762.0000,4761.6000,4768.0000,4770.0000,4773.4000,4774.8000,4775.0000,10,2,5,12,1,1,1,5,1,2
SF,IC2006,2020-02-03 09:31:37.400,4768.0000,41296,1,1897270080.000,4,2,2,空开,S,4768.0000,4765.0000,4763.2000,4763.0000,4762.0000,4770.0000,4773.4000,4774.8000,4775.0000,4780.0000,9,8,2,5,12,1,5,1,2,3
SF,IC2006,2020-02-03 09:31:37.900,4770.0000,41297,1,1904900360.000,8,4,4,空开,S,4770.0000,4768.0000,4765.0000,4763.0000,4762.0000,4773.4000,4774.8000,4775.0000,4780.0000,4785.0000,11,22,9,5,12,5,1,7,3,2
SF,IC2006,2020-02-03 09:31:38.400,4770.0000,41297,0,1907762360.000,3,1,2,多换,S,4770.0000,4768.0000,4765.0000,4763.0000,4762.0000,4773.0000,4773.4000,4774.8000,4775.0000,4780.0000,8,22,9,5,12,4,5,1,7,3
SF,IC2006,2020-02-03 09:31:38.900,4773.0000,41297,0,1915399160.000,8,4,4,多换,S,4773.0000,4770.2000,4770.0000,4768.0000,4765.0000,4773.4000,4774.8000,4775.0000,4780.0000,4785.0000,2,1,8,22,9,5,1,7,3,2
SF,IC2006,2020-02-03 09:31:39.400,4773.0000,41293,-4,1922080960.000,7,1,6,多平,S,4770.0000,4768.0000,4765.0000,4763.0000,4762.0000,4773.4000,4774.8000,4775.0000,4780.0000,4785.0000,8,22,9,5,12,3,1,7,3,2
SF,IC2006,2020-02-03 09:31:39.900,4773.0000,41293,0,1922080960.000,0,-,-,-,-,4773.4000,4773.0000,4770.2000,4770.0000,4768.0000,4774.8000,4775.0000,4779.2000,4780.0000,4785.0000,4,1,3,10,18,1,7,5,5,2
SF,IC2006,2020-02-03 09:31:40.400,4775.0000,41292,-1,1923990920.000,2,0,2,多平,S,4773.6000,4773.4000,4773.0000,4770.2000,4770.0000,4775.0000,4779.2000,4780.0000,4785.0000,4788.0000,1,6,1,2,10,6,5,5,2,2
SF,IC2006,2020-02-03 09:31:40.900,4775.0000,41292,0,1923990920.000,0,-,-,-,-,4773.6000,4773.4000,4773.0000,4770.2000,4770.0000,4775.0000,4779.2000,4780.0000,4785.0000,4788.0000,1,8,1,2,10,6,5,5,2,2
SF,IC2006,2020-02-03 09:31:41.400,4775.0000,41287,-5,1929720920.000,6,0,6,多平,S,4775.0000,4773.6000,4773.4000,4773.0000,4770.2000,4779.2000,4780.0000,4785.0000,4788.0000,4788.2000,2,1,5,1,2,5,5,2,2,1
SF,IC2006,2020-02-03 09:31:41.900,4775.0000,41287,0,1930675920.000,1,0,1,多换,S,4775.0000,4773.4000,4773.0000,4770.0000,4768.0000,4779.0000,4779.2000,4780.0000,4785.0000,4788.0000,3,6,1,2,18,2,5,5,2,2
SF,IC2006,2020-02-03 09:31:42.400,4779.0000,41286,-1,1933541720.000,3,1,2,多平,S,4775.0000,4773.4000,4773.0000,4770.0000,4768.0000,4779.0000,4779.2000,4780.0000,4785.0000,4788.0000,1,7,1,2,18,1,5,5,2,2
SF,IC2006,2020-02-03 09:31:42.900,4779.2000,41288,2,1936409160.000,3,2,1,空开,S,4779.0000,4775.2000,4775.0000,4773.4000,4773.0000,4779.2000,4780.0000,4785.0000,4788.0000,4788.2000,3,1,1,6,1,4,5,2,2,1
SF,IC2006,2020-02-03 09:31:43.400,4779.0000,41289,1,1942143200.000,6,3,3,空开,S,4775.0000,4773.4000,4773.0000,4770.0000,4768.0000,4779.2000,4780.0000,4785.0000,4788.0000,4788.2000,1,6,1,2,18,4,5,2,2,1
SF,IC2006,2020-02-03 09:31:43.900,4779.2000,41288,-1,1954557640.000,13,6,7,多平,S,4779.0000,4775.2000,4768.0000,4765.0000,4764.0000,4779.2000,4780.0000,4785.0000,4788.0000,4788.2000,2,1,18,9,3,3,5,2,2,1
SF,IC2006,2020-02-03 09:31:44.400,4779.0000,41288,0,1959335920.000,5,2,3,多换,S,4779.2000,4768.0000,4765.0000,4764.0000,4763.0000,4780.0000,4785.0000,4788.0000,4788.2000,4789.0000,4,5,9,3,5,5,7,2,1,5
SF,IC2006,2020-02-03 09:31:44.900,4779.2000,41287,-1,1961247760.000,2,0,2,多平,S,4779.2000,4768.0000,4765.0000,4764.0000,4763.0000,4780.0000,4785.0000,4788.0000,4788.2000,4789.0000,5,5,9,3,5,4,7,2,1,5
SF,IC2006,2020-02-03 09:31:45.400,4780.0000,41285,-2,1966027760.000,5,1,4,多平,S,4780.0000,4779.4000,4779.2000,4768.0000,4765.0000,4785.0000,4788.0000,4788.2000,4789.0000,4790.0000,12,1,5,5,9,7,2,1,5,1
SF,IC2006,2020-02-03 09:31:45.900,4780.2000,41284,-1,1967940680.000,2,0,2,多平,S,4780.2000,4780.0000,4779.2000,4768.0000,4765.0000,4784.4000,4784.8000,4785.0000,4788.0000,4788.2000,3,14,6,5,9,1,1,8,2,1
SF,IC2006,2020-02-03 09:31:46.400,4785.0000,41287,3,1971768400.000,4,3,1,空开,S,4780.4000,4780.2000,4780.0000,4779.2000,4779.0000,4785.0000,4788.0000,4788.2000,4789.0000,4790.0000,1,3,14,7,2,6,2,1,5,1
SF,IC2006,2020-02-03 09:31:46.900,4785.0000,41279,-8,1979424400.000,8,0,8,双平,S,4785.0000,4784.4000,4780.6000,4780.4000,4780.2000,4788.0000,4788.2000,4789.0000,4790.0000,4799.0000,2,1,1,1,2,2,1,5,1,4
SF,IC2006,2020-02-03 09:31:47.400,4784.4000,41278,-1,1982295280.000,3,1,2,多平,S,4785.0000,4780.6000,4780.2000,4780.0000,4779.2000,4785.2000,4786.6000,4787.8000,4788.0000,4788.2000,1,1,1,18,7,1,1,1,2,1
SF,IC2006,2020-02-03 09:31:47.900,4788.0000,41276,-2,1987080840.000,5,1,4,多平,S,4785.0000,4780.6000,4780.2000,4780.0000,4779.2000,4788.0000,4788.2000,4789.0000,4790.0000,4793.2000,9,1,1,18,7,1,1,5,1,1
SF,IC2006,2020-02-03 09:31:48.400,4785.0000,41276,0,1988994840.000,2,1,1,多换,S,4785.4000,4785.0000,4780.6000,4780.2000,4780.0000,4787.8000,4788.0000,4788.2000,4789.0000,4790.0000,1,7,1,1,18,2,1,1,5,1
SF,IC2006,2020-02-03 09:31:48.900,4787.8000,41276,0,1992824040.000,4,2,2,多换,S,4785.0000,4780.6000,4780.2000,4780.0000,4779.2000,4788.0000,4788.2000,4789.0000,4790.0000,4795.2000,6,1,1,18,6,1,1,5,1,1
SF,IC2006,2020-02-03 09:31:49.400,4785.0000,41276,0,1995695640.000,3,1,2,多换,S,4785.0000,4780.2000,4780.0000,4779.2000,4779.0000,4788.0000,4788.2000,4789.0000,4790.0000,4795.2000,5,1,17,6,2,1,1,5,1,1
SF,IC2006,2020-02-03 09:31:49.900,4785.0000,41276,0,1995695640.000,0,-,-,-,-,4787.8000,4785.2000,4785.0000,4780.2000,4780.0000,4788.0000,4788.2000,4789.0000,4790.0000,4795.2000,1,2,7,1,17,1,1,5,1,1
SF,IC2006,2020-02-03 09:31:50.400,4788.2000,41274,-2,1997610880.000,2,0,2,双平,S,4788.0000,4787.8000,4785.2000,4785.0000,4780.2000,4789.0000,4790.0000,4795.2000,4799.0000,4799.8000,1,2,2,11,1,5,1,1,4,1
SF,IC2006,2020-02-03 09:31:50.900,4788.2000,41269,-5,2003357360.000,6,0,6,多平,S,4788.0000,4787.8000,4785.2000,4785.0000,4780.2000,4789.0000,4790.0000,4799.0000,4799.8000,4800.0000,1,3,2,11,1,1,1,4,1,10
SF,IC2006,2020-02-03 09:31:51.400,4788.2000,41267,-2,2005272800.000,2,0,2,双平,S,4789.0000,4788.0000,4787.8000,4785.2000,4785.0000,4790.0000,4799.0000,4799.8000,4800.0000,4810.0000,2,3,3,2,11,1,4,2,10,1
SF,IC2006,2020-02-03 09:31:51.900,4789.2000,41264,-3,2009104320.000,4,0,4,多平,S,4789.0000,4788.0000,4787.8000,4785.0000,4780.2000,4799.0000,4799.8000,4800.0000,4810.0000,4815.0000,3,3,3,12,1,4,2,10,1,19
SF,IC2006,2020-02-03 09:31:52.400,4789.2000,41264,0,2009104320.000,0,-,-,-,-,4789.2000,4789.0000,4788.0000,4787.8000,4785.0000,4794.4000,4797.0000,4798.4000,4798.8000,4799.0000,1,9,6,3,12,1,1,1,2,5
SF,IC2006,2020-02-03 09:31:52.900,4789.2000,41264,0,2009104320.000,0,-,-,-,-,4789.4000,4789.2000,4789.0000,4788.0000,4787.8000,4790.0000,4794.2000,4794.4000,4797.0000,4798.4000,1,1,10,6,3,10,1,1,1,1
SF,IC2006,2020-02-03 09:31:53.400,4789.6000,41256,-8,2028276200.000,20,6,14,多平,S,4789.4000,4789.0000,4788.8000,4788.0000,4787.8000,4799.0000,4799.8000,4800.0000,4802.4000,4810.0000,1,10,1,6,3,2,1,10,1,1
SF,IC2006,2020-02-03 09:31:53.900,4789.6000,41255,-1,2029234120.000,1,0,1,双平,S,4789.6000,4789.0000,4788.8000,4788.0000,4787.8000,4798.4000,4798.8000,4799.0000,4799.8000,4800.0000,1,10,1,6,3,1,1,2,1,10
SF,IC2006,2020-02-03 09:31:54.400,4789.6000,41255,0,2029234120.000,0,-,-,-,-,4790.4000,4790.0000,4789.6000,4789.0000,4788.8000,4798.2000,4798.4000,4799.0000,4799.8000,4800.0000,1,10,1,10,1,1,1,2,1,10
SF,IC2006,2020-02-03 09:31:54.900,4798.2000,41254,-1,2030193760.000,1,0,1,双平,S,4790.6000,4790.4000,4790.0000,4789.6000,4789.0000,4798.4000,4799.0000,4799.8000,4800.0000,4802.4000,1,1,11,1,10,1,2,1,8,1
SF,IC2006,2020-02-03 09:31:55.400,4798.2000,41254,0,2030193760.000,0,-,-,-,-,4790.8000,4790.6000,4790.0000,4789.6000,4789.0000,4798.2000,4798.4000,4799.0000,4799.8000,4800.0000,1,1,11,1,10,1,1,1,1,8
SF,IC2006,2020-02-03 09:31:55.900,4798.2000,41254,0,2030193760.000,0,-,-,-,-,4791.8000,4791.0000,4790.8000,4790.0000,4789.6000,4798.2000,4798.4000,4799.0000,4799.8000,4800.0000,1,1,2,11,1,2,1,1,1,8
SF,IC2006,2020-02-03 09:31:56.400,4798.2000,41254,0,2031153400.000,1,0,1,多换,S,4792.0000,4791.0000,4790.8000,4790.0000,4789.6000,4798.2000,4798.4000,4799.0000,4799.8000,4800.0000,1,1,1,11,1,2,1,1,1,8
SF,IC2006,2020-02-03 09:31:56.900,4798.2000,41253,-1,2032113040.000,1,0,1,双平,S,4792.0000,4791.4000,4790.8000,4790.0000,4789.6000,4798.2000,4798.4000,4799.0000,4799.8000,4800.0000,1,1,1,11,1,2,1,1,1,8
SF,IC2006,2020-02-03 09:31:57.400,4798.4000,41252,-1,2035950400.000,4,1,3,多平,S,4792.2000,4791.4000,4790.8000,4790.0000,4789.0000,4799.0000,4799.8000,4800.0000,4805.4000,4810.0000,1,1,1,11,3,1,1,8,1,1
SF,IC2006,2020-02-03 09:31:57.900,4798.4000,41252,0,2035950400.000,0,-,-,-,-,4798.2000,4792.4000,4792.2000,4791.8000,4791.4000,4798.8000,4799.0000,4799.8000,4800.0000,4805.4000,12,1,1,2,1,1,1,1,8,1
SF,IC2006,2020-02-03 09:31:58.400,4791.8000,41238,-14,2051299720.000,16,1,15,多平,S,4790.8000,4790.0000,4789.0000,4788.8000,4788.0000,4798.2000,4798.8000,4799.0000,4799.8000,4800.0000,1,12,1,1,6,8,1,1,1,8
SF,IC2006,2020-02-03 09:31:58.900,4798.2000,41237,-1,2056096520.000,5,2,3,多平,S,4791.2000,4791.0000,4790.8000,4790.0000,4789.0000,4798.2000,4798.6000,4799.0000,4799.8000,4800.0000,1,2,1,12,1,2,1,1,1,8
SF,IC2006,2020-02-03 09:31:59.400,4798.6000,41232,-5,2060894880.000,5,0,5,双平,S,4798.2000,4791.4000,4791.2000,4791.0000,4790.8000,4799.0000,4799.8000,4800.0000,4805.4000,4810.0000,1,1,1,2,1,1,1,8,1,1
SF,IC2006,2020-02-03 09:31:59.900,4798.8000,41232,0,2065693200.000,5,2,3,多换,S,4791.4000,4791.2000,4791.0000,4790.8000,4790.0000,4799.0000,4799.8000,4800.0000,4805.4000,4810.0000,1,1,2,1,12,2,1,8,1,1
SF,IC2006,2020-02-03 09:32:00.400,4799.0000,41232,0,2066653000.000,1,0,1,多换,S,4793.4000,4791.4000,4791.2000,4791.0000,4790.8000,4798.4000,4798.8000,4799.0000,4799.8000,4800.0000,1,1,1,2,1,1,1,1,1,8
SF,IC2006,2020-02-03 09:32:00.900,4799.0000,41233,1,2067612800.000,1,1,0,双开,S,4798.4000,4798.2000,4793.6000,4793.4000,4792.6000,4798.8000,4799.0000,4799.8000,4800.0000,4805.4000,1,1,1,1,1,1,1,1,9,1
SF,IC2006,2020-02-03 09:32:01.400,4798.4000,41233,0,2068572480.000,1,0,1,多换,S,4798.2000,4793.8000,4793.6000,4793.4000,4792.0000,4798.4000,4798.6000,4798.8000,4799.0000,4799.8000,4,1,1,1,2,1,2,1,1,1
SF,IC2006,2020-02-03 09:32:01.900,4798.2000,41232,-1,2073370680.000,5,2,3,多平,S,4793.6000,4793.4000,4792.0000,4791.4000,4791.2000,4798.4000,4798.6000,4798.8000,4799.0000,4799.8000,1,1,2,1,1,1,2,1,1,1
SF,IC2006,2020-02-03 09:32:02.400,4793.8000,41231,-1,2075289080.000,2,0,2,多平,S,4793.8000,4793.6000,4793.4000,4792.0000,4791.8000,4798.2000,4798.6000,4798.8000,4799.0000,4799.8000,2,1,1,2,1,1,2,1,1,1
SF,IC2006,2020-02-03 09:32:02.900,4793.6000,41230,-1,2076247800.000,1,0,1,双平,S,4793.6000,4792.0000,4791.4000,4791.2000,4790.8000,4798.2000,4798.6000,4798.8000,4799.0000,4799.8000,1,2,1,1,2,1,2,1,1,1
SF,IC2006,2020-02-03 09:32:03.400,4798.6000,41229,-1,2083924000.000,8,3,5,多平,S,4792.0000,4791.4000,4791.2000,4790.8000,4790.0000,4798.8000,4799.0000,4799.8000,4800.0000,4805.4000,2,1,1,2,12,1,1,1,9,1
SF,IC2006,2020-02-03 09:32:03.900,4793.6000,41227,-2,2085841120.000,2,0,2,双平,S,4792.0000,4791.4000,4791.2000,4790.8000,4790.0000,4793.6000,4796.6000,4798.4000,4798.6000,4798.8000,1,1,1,2,12,9,1,1,1,1
SF,IC2006,2020-02-03 09:32:04.400,4793.6000,41223,-4,2092551000.000,7,1,6,多平,S,4792.0000,4791.4000,4790.8000,4790.0000,4789.0000,4793.6000,4796.6000,4797.8000,4798.8000,4799.0000,1,1,2,12,1,10,1,1,1,1
SF,IC2006,2020-02-03 09:32:04.900,4793.6000,41222,-1,2098302480.000,6,2,4,多平,S,4790.8000,4790.0000,4789.0000,4788.8000,4788.0000,4792.0000,4793.4000,4793.6000,4797.8000,4798.4000,2,12,1,1,4,5,1,8,1,1
SF,IC2006,2020-02-03 09:32:05.400,4793.6000,41222,0,2098302480.000,0,-,-,-,-,4791.0000,4790.8000,4790.0000,4789.0000,4788.8000,4792.0000,4793.4000,4793.6000,4797.8000,4798.2000,1,2,12,1,1,4,1,8,1,1
SF,IC2006,2020-02-03 09:32:05.900,4791.0000,41221,-1,2100218880.000,2,0,2,多平,S,4790.8000,4790.0000,4789.0000,4788.8000,4788.0000,4791.8000,4792.0000,4793.4000,4793.6000,4798.2000,2,12,1,1,4,1,7,3,8,1
SF,IC2006,2020-02-03 09:32:06.400,4790.8000,41219,-2,2102135360.000,2,0,2,双平,S,4790.8000,4790.0000,4789.0000,4788.8000,4788.0000,4791.8000,4792.0000,4793.4000,4793.6000,4797.4000,1,12,1,1,4,1,7,3,8,1
SF,IC2006,2020-02-03 09:32:06.900,4791.8000,41218,-1,2103093720.000,1,0,1,双平,S,4791.8000,4790.8000,4790.0000,4789.0000,4788.8000,4792.0000,4793.4000,4793.6000,4798.2000,4798.8000,1,1,12,1,1,7,2,5,1,2
SF,IC2006,2020-02-03 09:32:07.400,4791.8000,41213,-5,2107885640.000,5,0,5,双平,S,4790.8000,4790.0000,4789.0000,4788.8000,4788.0000,4791.0000,4792.0000,4793.4000,4793.6000,4798.2000,1,13,1,1,4,8,5,2,5,1
SF,IC2006,2020-02-03 09:32:07.900,4792.0000,41202,-11,2124176200.000,17,3,14,多平,S,4792.0000,4791.8000,4791.0000,4790.8000,4790.0000,4793.4000,4793.6000,4798.2000,4798.8000,4799.0000,2,14,1,2,13,1,5,1,2,1
SF,IC2006,2020-02-03 09:32:08.400,4791.8000,41200,-2,2128968320.000,5,1,4,多平,S,4791.8000,4791.0000,4790.8000,4790.0000,4789.0000,4792.0000,4793.2000,4793.4000,4793.6000,4797.8000,14,1,2,13,1,2,1,1,5,1
SF,IC2006,2020-02-03 09:32:08.900,4791.8000,41185,-15,2144302160.000,16,0,16,多平,S,4791.0000,4790.8000,4790.0000,4789.0000,4788.8000,4793.2000,4793.4000,4793.6000,4798.2000,4798.8000,1,2,13,1,1,1,1,5,1,2
SF,IC2006,2020-02-03 09:32:09.400,4791.2000,41184,-1,2145260400.000,1,0,1,双平,S,4791.2000,4791.0000,4790.8000,4790.0000,4789.0000,4793.0000,4793.2000,4793.4000,4793.6000,4798.2000,1,2,1,13,1,1,1,1,5,1
SF,IC2006,2020-02-03 09:32:09.900,4791.8000,41184,0,2150051520.000,5,2,3,多换,S,4791.0000,4790.0000,4789.0000,4788.8000,4788.0000,4791.8000,4793.2000,4793.6000,4798.2000,4798.8000,2,13,1,1,4,1,1,5,1,2
SF,IC2006,2020-02-03 09:32:10.400,4791.8000,41184,0,2151968240.000,2,1,1,多换,S,4791.8000,4791.2000,4791.0000,4790.0000,4789.0000,4792.8000,4793.2000,4793.6000,4796.8000,4798.2000,3,1,2,13,1,1,1,5,1,1
SF,IC2006,2020-02-03 09:32:10.900,4792.6000,41184,0,2157718600.000,6,3,3,多换,S,4791.0000,4790.0000,4789.0000,4788.8000,4788.0000,4792.8000,4793.2000,4793.6000,4798.2000,4798.8000,2,13,1,1,4,1,1,5,1,2
SF,IC2006,2020-02-03 09:32:11.400,4791.4000,41183,-1,2159635160.000,2,0,2,多平,S,4791.0000,4790.0000,4789.0000,4788.8000,4788.0000,4791.2000,4791.8000,4792.8000,4793.2000,4793.6000,2,12,1,1,4,8,1,1,1,4
SF,IC2006,2020-02-03 09:32:11.900,4791.2000,41175,-8,2167301080.000,8,0,8,双平,S,4791.0000,4790.0000,4789.0000,4788.8000,4788.0000,4791.8000,4792.8000,4793.2000,4793.6000,4798.2000,2,12,1,1,4,1,1,1,4,1
SF,IC2006,2020-02-03 09:32:12.400,4791.2000,41173,-2,2169217680.000,2,0,2,双平,S,4791.2000,4791.0000,4790.0000,4789.0000,4788.8000,4791.6000,4793.6000,4798.2000,4798.8000,4799.0000,1,2,12,1,1,1,4,1,2,1
SF,IC2006,2020-02-03 09:32:12.900,4791.4000,41169,-4,2174009200.000,5,0,5,多平,S,4791.2000,4791.0000,4790.0000,4789.0000,4788.8000,4793.6000,4798.2000,4798.8000,4799.0000,4799.8000,1,2,12,1,1,4,1,2,1,2
SF,IC2006,2020-02-03 09:32:13.400,4791.4000,41168,-1,2174967480.000,1,0,1,双平,S,4791.4000,4791.0000,4790.0000,4789.0000,4788.8000,4793.2000,4793.4000,4793.6000,4798.2000,4798.8000,1,2,12,1,1,1,1,4,1,2
SF,IC2006,2020-02-03 09:32:13.900,4791.4000,41168,0,2175925760.000,1,0,1,多换,S,4791.0000,4790.0000,4789.0000,4788.8000,4788.0000,4792.8000,4793.4000,4793.6000,4798.8000,4799.0000,2,12,1,1,4,1,2,4,2,1
SF,IC2006,2020-02-03 09:32:14.400,4791.0000,41168,0,2177842160.000,2,1,1,多换,S,4792.0000,4790.0000,4789.0000,4788.8000,4788.0000,4792.4000,4792.6000,4793.4000,4793.6000,4796.2000,1,11,1,1,4,1,3,1,4,1
SF,IC2006,2020-02-03 09:32:14.900,4790.0000,41167,-1,2179758480.000,2,0,2,多平,S,4790.0000,4789.0000,4788.8000,4788.0000,4787.8000,4791.2000,4791.4000,4791.8000,4792.2000,4792.4000,10,1,1,4,1,2,2,1,1,1
SF,IC2006,2020-02-03 09:32:15.400,4790.0000,41167,0,2186464880.000,7,3,4,多换,S,4790.0000,4789.0000,4788.8000,4788.0000,4787.8000,4791.2000,4791.4000,4791.8000,4792.6000,4793.2000,5,1,1,4,1,3,2,1,1,1
SF,IC2006,2020-02-03 09:32:15.900,4791.0000,41167,0,2189339280.000,3,1,2,多换,S,4790.0000,4789.0000,4788.8000,4788.0000,4787.8000,4791.0000,4791.2000,4791.4000,4791.8000,4792.6000,4,1,1,1,1,1,2,5,1,1
SF,IC2006,2020-02-03 09:32:16.400,4791.0000,41167,0,2189339280.000,0,-,-,-,-,4790.0000,4789.0000,4788.8000,4788.0000,4787.8000,4791.0000,4791.2000,4791.4000,4792.6000,4793.2000,6,1,1,2,1,1,2,5,1,1
SF,IC2006,2020-02-03 09:32:16.900,4790.0000,41167,0,2191255280.000,2,1,1,多换,S,4790.0000,4789.0000,4788.8000,4788.0000,4787.8000,4791.0000,4791.2000,4791.4000,4793.2000,4793.6000,4,1,1,2,1,1,2,5,1,7
SF,IC2006,2020-02-03 09:32:17.400,4790.0000,41166,-1,2192213280.000,1,0,1,双平,S,4790.0000,4789.0000,4788.8000,4788.0000,4787.8000,4791.0000,4791.2000,4791.4000,4792.0000,4793.2000,4,1,1,2,1,1,2,5,2,1
SF,IC2006,2020-02-03 09:32:17.900,4791.0000,41164,-2,2194129680.000,2,0,2,双平,S,4791.0000,4790.0000,4789.0000,4788.8000,4788.0000,4791.2000,4791.4000,4792.0000,4793.2000,4793.6000,34,4,1,1,2,2,5,2,1,7
SF,IC2006,2020-02-03 09:32:18.400,4791.2000,41159,-5,2198920960.000,5,0,5,双平,S,4791.2000,4791.0000,4790.0000,4789.0000,4788.8000,4791.4000,4792.0000,4793.2000,4793.6000,4798.8000,11,34,4,1,1,3,2,1,7,1
SF,IC2006,2020-02-03 09:32:18.900,4791.2000,41158,-1,2212336440.000,14,6,8,多平,S,4791.0000,4790.0000,4788.8000,4788.0000,4787.8000,4791.4000,4792.0000,4793.2000,4793.6000,4798.8000,35,4,1,2,1,1,2,1,7,1
SF,IC2006,2020-02-03 09:32:19.400,4791.2000,41155,-3,2215211120.000,3,0,3,双平,S,4791.4000,4791.0000,4790.0000,4788.8000,4788.0000,4792.0000,4793.2000,4793.6000,4798.8000,4799.0000,2,35,4,1,2,2,1,7,1,1
SF,IC2006,2020-02-03 09:32:19.900,4791.4000,41154,-1,2219044520.000,4,1,3,多平,S,4791.4000,4791.0000,4790.0000,4788.8000,4788.0000,4791.8000,4793.2000,4793.6000,4798.8000,4799.0000,2,35,4,1,2,1,1,7,1,1
SF,IC2006,2020-02-03 09:32:20.400,4791.8000,41155,1,2220961240.000,2,1,1,空开,S,4791.8000,4791.4000,4791.0000,4790.0000,4788.8000,4793.2000,4793.6000,4798.8000,4799.8000,4800.0000,1,7,35,5,1,1,7,1,3,10
SF,IC2006,2020-02-03 09:32:20.900,4791.4000,41155,0,2223836160.000,3,1,2,多换,S,4791.4000,4791.0000,4790.0000,4788.8000,4788.0000,4791.6000,4791.8000,4792.8000,4793.2000,4793.6000,5,35,5,1,2,1,1,1,2,7
SF,IC2006,2020-02-03 09:32:21.400,4791.4000,41152,-3,2226711000.000,3,0,3,双平,S,4791.4000,4791.0000,4790.0000,4788.8000,4788.0000,4791.6000,4793.2000,4793.6000,4798.8000,4799.8000,2,35,5,1,2,2,1,7,1,3
SF,IC2006,2020-02-03 09:32:21.900,4791.0000,41148,-4,2231502400.000,5,0,5,多平,S,4791.0000,4790.0000,4788.8000,4788.0000,4787.8000,4791.4000,4793.2000,4793.6000,4798.8000,4799.8000,33,5,1,2,1,1,1,7,1,3
SF,IC2006,2020-02-03 09:32:22.400,4791.0000,41147,-1,2232460600.000,1,0,1,双平,S,4791.0000,4790.0000,4788.8000,4788.0000,4787.8000,4791.4000,4791.8000,4793.2000,4793.6000,4798.8000,32,5,1,2,1,1,3,1,7,1
SF,IC2006,2020-02-03 09:32:22.900,4793.6000,41145,-2,2244920800.000,13,5,8,多平,S,4791.0000,4790.0000,4788.8000,4788.0000,4787.8000,4791.2000,4791.8000,4793.6000,4798.8000,4799.8000,29,5,1,2,1,1,3,2,1,3
SF,IC2006,2020-02-03 09:32:23.400,4791.2000,41145,0,2245879040.000,1,0,1,多换,S,4791.0000,4790.0000,4788.8000,4788.0000,4787.8000,4791.2000,4791.4000,4791.8000,4793.6000,4798.8000,29,5,1,2,1,1,8,3,2,1
SF,IC2006,2020-02-03 09:32:23.900,4791.4000,41145,0,2249712040.000,4,2,2,多换,S,4791.0000,4790.0000,4788.8000,4788.0000,4787.8000,4791.4000,4791.8000,4793.6000,4798.8000,4799.8000,28,5,1,2,1,6,3,2,1,3
SF,IC2006,2020-02-03 09:32:24.400,4791.4000,41143,-2,2251628600.000,2,0,2,双平,S,4791.0000,4790.0000,4788.8000,4788.0000,4787.8000,4791.4000,4791.8000,4793.6000,4794.6000,4798.8000,28,6,1,2,1,4,3,2,1,1
SF,IC2006,2020-02-03 09:32:24.900,4791.2000,41139,-4,2257378200.000,6,1,5,多平,S,4791.4000,4791.0000,4790.0000,4788.8000,4788.0000,4791.8000,4793.6000,4798.8000,4799.8000,4800.0000,2,28,6,1,2,3,2,1,3,10
SF,IC2006,2020-02-03 09:32:25.400,4791.6000,41141,2,2264086560.000,7,4,3,空开,S,4791.8000,4791.4000,4791.0000,4790.0000,4788.8000,4793.6000,4795.2000,4798.8000,4799.8000,4800.0000,1,1,28,6,1,2,1,1,3,10
SF,IC2006,2020-02-03 09:32:25.900,4791.4000,41141,0,2266003480.000,2,1,1,多换,S,4791.0000,4790.0000,4788.8000,4788.0000,4787.8000,4793.6000,4798.8000,4799.8000,4800.0000,4801.0000,28,6,1,1,1,2,1,3,10,2
SF,IC2006,2020-02-03 09:32:26.400,4791.4000,41140,-1,2267920040.000,2,0,2,多平,S,4791.2000,4791.0000,4790.0000,4788.8000,4788.0000,4793.4000,4793.6000,4798.8000,4799.8000,4800.0000,3,28,6,1,1,1,2,1,3,10
SF,IC2006,2020-02-03 09:32:26.900,4791.4000,41140,0,2267920040.000,0,-,-,-,-,4791.4000,4791.2000,4791.0000,4790.0000,4788.8000,4793.0000,4793.4000,4793.6000,4798.8000,4799.8000,1,3,28,6,1,1,1,2,1,3
SF,IC2006,2020-02-03 09:32:27.400,4791.6000,41138,-2,2270795280.000,3,0,3,多平,S,4791.8000,4791.4000,4791.0000,4790.0000,4788.8000,4793.0000,4793.4000,4793.6000,4794.4000,4795.0000,3,1,21,6,1,1,1,2,1,1
SF,IC2006,2020-02-03 09:32:27.900,4793.4000,41138,0,2272712560.000,2,1,1,多换,S,4793.4000,4792.0000,4791.8000,4791.4000,4791.0000,4793.6000,4794.4000,4795.0000,4798.8000,4799.8000,18,1,3,1,21,2,1,1,1,3
SF,IC2006,2020-02-03 09:32:28.400,4793.6000,41138,0,2273671280.000,1,0,1,多换,S,4793.4000,4793.0000,4791.8000,4791.4000,4791.0000,4793.6000,4794.4000,4795.0000,4798.8000,4799.8000,18,3,3,1,21,1,1,1,1,3
SF,IC2006,2020-02-03 09:32:28.900,4793.4000,41136,-2,2275588680.000,2,0,2,双平,S,4793.4000,4793.0000,4791.8000,4791.4000,4791.0000,4794.4000,4795.0000,4799.8000,4800.0000,4801.0000,17,3,3,1,21,1,1,3,10,2
SF,IC2006,2020-02-03 09:32:29.400,4793.4000,41135,-1,2278464720.000,3,1,2,多平,S,4793.4000,4793.0000,4791.8000,4791.4000,4791.0000,4793.6000,4794.2000,4794.4000,4795.0000,4799.8000,14,4,3,1,21,1,1,1,1,3
SF,IC2006,2020-02-03 09:32:29.900,4793.6000,41134,-1,2280382120.000,2,0,2,多平,S,4793.6000,4793.4000,4793.0000,4791.8000,4791.4000,4794.2000,4794.4000,4795.0000,4799.8000,4800.0000,1,13,4,3,1,1,1,1,3,10
SF,IC2006,2020-02-03 09:32:30.400,4793.6000,41134,0,2285175680.000,5,2,3,多换,S,4793.4000,4793.0000,4791.8000,4791.4000,4791.0000,4793.6000,4794.2000,4794.4000,4795.0000,4799.8000,12,14,3,1,21,2,1,1,1,3
SF,IC2006,2020-02-03 09:32:30.900,4794.2000,41131,-3,2289969520.000,5,1,4,多平,S,4793.4000,4793.0000,4791.8000,4791.4000,4791.0000,4794.4000,4795.0000,4799.8000,4800.0000,4801.0000,12,14,3,1,21,1,1,3,10,2
SF,IC2006,2020-02-03 09:32:31.400,4793.4000,41130,-1,2290928200.000,1,0,1,双平,S,4793.6000,4793.4000,4793.0000,4791.8000,4791.4000,4794.4000,4795.0000,4799.8000,4800.0000,4801.0000,1,11,14,3,1,1,1,3,10,2
SF,IC2006,2020-02-03 09:32:31.900,4794.2000,41130,0,2295722400.000,5,2,3,多换,S,4793.6000,4793.4000,4793.0000,4791.8000,4791.4000,4794.4000,4795.0000,4799.8000,4800.0000,4801.0000,1,12,14,3,1,1,1,3,10,2
SF,IC2006,2020-02-03 09:32:32.400,4793.4000,41128,-2,2297639800.000,2,0,2,双平,S,4793.4000,4793.0000,4791.4000,4791.0000,4790.0000,4794.4000,4795.0000,4799.8000,4800.0000,4801.0000,11,14,1,21,5,1,1,3,10,2
SF,IC2006,2020-02-03 09:32:32.900,4793.4000,41120,-8,2305309440.000,8,0,8,双平,S,4794.0000,4793.4000,4793.0000,4791.4000,4791.0000,4795.0000,4799.8000,4800.0000,4801.0000,4806.4000,1,5,14,1,21,1,3,10,2,1
SF,IC2006,2020-02-03 09:32:33.400,4793.6000,41120,0,2306268160.000,1,0,1,多换,S,4793.4000,4793.0000,4791.4000,4791.0000,4790.0000,4793.6000,4794.0000,4794.8000,4795.0000,4799.8000,5,14,1,21,4,5,5,2,2,3
SF,IC2006,2020-02-03 09:32:33.900,4793.4000,41116,-4,2312979000.000,7,1,6,多平,S,4793.0000,4791.4000,4791.0000,4790.0000,4788.8000,4793.4000,4793.6000,4794.0000,4794.8000,4795.0000,14,1,21,4,1,3,3,5,2,2
SF,IC2006,2020-02-03 09:32:34.400,4793.0000,41116,0,2325440920.000,13,6,7,多换,S,4793.0000,4791.4000,4791.0000,4790.0000,4788.8000,4793.4000,4793.6000,4794.0000,4794.8000,4795.0000,4,1,21,4,1,3,3,7,2,2
SF,IC2006,2020-02-03 09:32:34.900,4793.2000,41118,2,2332151240.000,7,4,3,空开,S,4791.4000,4791.0000,4790.0000,4788.8000,4788.0000,4793.0000,4793.2000,4793.4000,4793.6000,4794.0000,1,21,4,1,1,5,1,3,3,7
SF,IC2006,2020-02-03 09:32:35.400,4794.0000,41119,1,2351325560.000,20,10,10,空开,S,4791.8000,4791.4000,4791.0000,4790.0000,4788.8000,4793.4000,4793.6000,4794.8000,4795.0000,4799.8000,1,1,21,4,1,3,1,2,2,3
SF,IC2006,2020-02-03 09:32:35.900,4793.6000,41122,3,2354201720.000,3,3,0,双开,S,4791.8000,4791.4000,4791.0000,4790.0000,4788.8000,4793.6000,4794.0000,4794.8000,4795.0000,4799.8000,1,1,21,5,1,1,1,1,2,3
SF,IC2006,2020-02-03 09:32:36.400,4791.4000,41121,-1,2355160000.000,1,0,1,双平,S,4791.0000,4790.0000,4788.8000,4788.0000,4787.8000,4793.6000,4794.0000,4794.8000,4795.0000,4799.8000,21,5,1,1,1,1,1,1,2,3
SF,IC2006,2020-02-03 09:32:36.900,4791.4000,41121,0,2355160000.000,0,-,-,-,-,4791.0000,4790.0000,4788.8000,4788.0000,4787.8000,4793.4000,4793.6000,4794.0000,4794.8000,4795.0000,21,5,1,1,1,2,1,1,1,2
SF,IC2006,2020-02-03 09:32:37.400,4791.0000,41114,-7,2369536720.000,15,4,11,多平,S,4791.0000,4790.0000,4788.8000,4788.0000,4787.8000,4794.0000,4794.8000,4795.0000,4799.2000,4799.8000,14,5,1,1,1,1,1,2,5,3
SF,IC2006,2020-02-03 09:32:37.900,4791.6000,41108,-6,2375286640.000,6,0,6,双平,S,4793.6000,4791.0000,4790.0000,4788.8000,4788.0000,4794.0000,4794.8000,4795.0000,4799.2000,4799.8000,7,14,5,1,1,1,1,2,5,3
SF,IC2006,2020-02-03 09:32:38.400,4791.0000,41107,-1,2382955800.000,8,3,5,多平,S,4791.0000,4790.0000,4788.8000,4788.0000,4787.8000,4793.6000,4793.8000,4794.0000,4794.8000,4795.0000,13,5,1,1,1,5,1,1,1,2
SF,IC2006,2020-02-03 09:32:38.900,4791.0000,41103,-4,2387746800.000,5,0,5,多平,S,4791.0000,4790.0000,4788.8000,4788.0000,4787.8000,4793.4000,4793.6000,4793.8000,4794.0000,4794.8000,12,5,1,1,1,1,10,1,1,1
SF,IC2006,2020-02-03 09:32:39.400,4793.0000,41104,1,2394454600.000,7,4,3,空开,S,4791.0000,4790.0000,4788.8000,4788.0000,4787.8000,4793.4000,4793.6000,4793.8000,4794.0000,4794.8000,6,5,1,1,1,1,10,1,1,1
SF,IC2006,2020-02-03 09:32:39.900,4791.0000,41104,0,2401162440.000,7,3,4,多换,S,4790.0000,4788.8000,4788.0000,4787.8000,4785.0000,4791.0000,4791.6000,4793.2000,4793.4000,4793.6000,5,1,1,1,8,4,2,3,1,11
SF,IC2006,2020-02-03 09:32:40.400,4790.2000,41103,-1,2402120480.000,1,0,1,双平,S,4790.2000,4790.0000,4788.8000,4788.0000,4787.8000,4791.0000,4791.6000,4793.2000,4793.4000,4793.6000,1,5,1,1,1,4,2,3,1,11
SF,IC2006,2020-02-03 09:32:40.900,4791.0000,41103,0,2404036680.000,2,1,1,多换,S,4790.0000,4788.8000,4788.0000,4787.8000,4785.0000,4791.0000,4791.6000,4793.2000,4793.4000,4793.6000,4,1,1,1,8,3,2,2,1,11
SF,IC2006,2020-02-03 09:32:41.400,4788.8000,41102,-1,2408826440.000,5,2,3,多平,S,4788.0000,4787.8000,4785.0000,4781.2000,4780.6000,4790.8000,4791.0000,4791.6000,4793.2000,4793.4000,1,1,8,2,2,1,4,2,2,1
SF,IC2006,2020-02-03 09:32:41.900,4788.8000,41102,0,2408826440.000,0,-,-,-,-,4788.2000,4788.0000,4787.8000,4785.0000,4781.2000,4790.2000,4790.6000,4791.0000,4791.6000,4793.2000,1,1,1,8,2,1,1,3,2,1
SF,IC2006,2020-02-03 09:32:42.400,4788.2000,41101,-1,2409784080.000,1,0,1,双平,S,4788.0000,4787.8000,4785.0000,4781.2000,4780.6000,4789.8000,4790.0000,4790.2000,4791.0000,4791.6000,1,1,8,2,2,1,3,1,3,2
SF,IC2006,2020-02-03 09:32:42.900,4788.0000,41101,0,2410741680.000,1,0,1,多换,S,4787.8000,4785.0000,4781.2000,4780.6000,4780.0000,4790.0000,4790.2000,4791.0000,4791.6000,4793.2000,1,8,2,2,7,3,1,4,2,1
SF,IC2006,2020-02-03 09:32:43.400,4787.8000,41101,0,2411699240.000,1,0,1,多换,S,4785.0000,4781.2000,4780.6000,4780.0000,4779.2000,4789.8000,4790.0000,4790.2000,4791.0000,4791.6000,8,2,2,7,1,3,2,1,5,2
SF,IC2006,2020-02-03 09:32:43.900,4787.8000,41101,0,2411699240.000,0,-,-,-,-,4785.0000,4781.2000,4780.6000,4780.0000,4779.2000,4788.0000,4789.8000,4790.0000,4790.2000,4791.0000,8,2,2,7,1,1,3,1,1,5
SF,IC2006,2020-02-03 09:32:44.400,4787.8000,41101,0,2411699240.000,0,-,-,-,-,4785.2000,4785.0000,4781.2000,4780.6000,4780.0000,4787.8000,4788.0000,4789.8000,4790.0000,4790.2000,2,8,2,2,7,1,1,1,1,1
SF,IC2006,2020-02-03 09:32:44.900,4787.8000,41099,-2,2414571920.000,3,0,3,多平,S,4785.8000,4785.2000,4785.0000,4781.2000,4780.6000,4787.8000,4788.0000,4789.8000,4790.0000,4790.2000,1,2,8,2,2,2,1,1,1,1
SF,IC2006,2020-02-03 09:32:45.400,4787.4000,41096,-3,2417443800.000,3,0,3,双平,S,4785.2000,4785.0000,4781.2000,4780.6000,4780.0000,4787.8000,4788.0000,4789.8000,4790.0000,4790.2000,2,8,2,2,7,2,1,1,1,1
SF,IC2006,2020-02-03 09:32:45.900,4785.2000,41096,0,2418400840.000,1,0,1,多换,S,4785.2000,4785.0000,4781.2000,4780.6000,4780.0000,4787.8000,4788.0000,4789.8000,4790.0000,4790.2000,1,8,2,2,7,2,2,1,1,1
SF,IC2006,2020-02-03 09:32:46.400,4787.6000,41094,-2,2420315400.000,2,0,2,双平,S,4785.0000,4781.2000,4780.6000,4780.0000,4779.2000,4785.2000,4785.8000,4787.8000,4788.0000,4789.8000,8,2,2,7,1,11,1,2,2,1
SF,IC2006,2020-02-03 09:32:46.900,4785.0000,41094,0,2425100440.000,5,2,3,多换,S,4785.0000,4781.2000,4780.6000,4780.0000,4779.2000,4785.2000,4785.8000,4787.6000,4787.8000,4788.0000,4,2,2,7,1,10,1,1,2,2
SF,IC2006,2020-02-03 09:32:47.400,4785.0000,41092,-2,2428928440.000,4,1,3,多平,S,4781.2000,4780.6000,4780.0000,4779.2000,4779.0000,4785.2000,4785.8000,4787.6000,4787.8000,4788.0000,2,2,7,1,2,11,1,1,2,2
SF,IC2006,2020-02-03 09:32:47.900,4785.2000,41083,-9,2437541760.000,9,0,9,双平,S,4781.4000,4781.2000,4780.6000,4780.0000,4779.2000,4785.2000,4785.8000,4787.6000,4787.8000,4788.0000,1,2,2,7,1,3,1,1,2,2
SF,IC2006,2020-02-03 09:32:48.400,4781.2000,41076,-7,2446153360.000,9,1,8,多平,S,4780.6000,4780.0000,4779.2000,4779.0000,4778.0000,4787.8000,4788.0000,4789.8000,4790.2000,4791.0000,2,7,1,2,4,2,2,1,1,2
SF,IC2006,2020-02-03 09:32:48.900,4781.2000,41076,0,2446153360.000,0,-,-,-,-,4780.6000,4780.0000,4779.2000,4779.0000,4778.0000,4784.2000,4787.6000,4787.8000,4788.0000,4789.8000,2,7,1,2,4,1,1,2,2,1
SF,IC2006,2020-02-03 09:32:49.400,4784.2000,41076,0,2448067040.000,2,1,1,多换,S,4780.6000,4780.0000,4779.2000,4779.0000,4778.0000,4787.8000,4788.0000,4789.8000,4790.2000,4791.0000,2,7,1,2,4,2,2,1,1,2
SF,IC2006,2020-02-03 09:32:49.900,4780.6000,41074,-2,2449979280.000,2,0,2,双平,S,4780.0000,4779.2000,4779.0000,4778.0000,4775.0000,4780.6000,4787.4000,4787.6000,4787.8000,4788.0000,7,1,2,4,1,3,1,1,2,2
SF,IC2006,2020-02-03 09:32:50.400,4780.6000,41072,-2,2454759880.000,5,1,4,多平,S,4780.6000,4780.0000,4779.2000,4779.0000,4778.0000,4781.4000,4785.6000,4787.6000,4787.8000,4788.0000,4,7,1,2,4,1,1,2,2,1
SF,IC2006,2020-02-03 09:32:50.900,4781.4000,41069,-3,2458585000.000,4,0,4,多平,S,4781.4000,4780.8000,4780.6000,4780.0000,4779.2000,4785.0000,4785.6000,4787.6000,4787.8000,4788.0000,1,2,4,7,1,1,1,2,2,1
SF,IC2006,2020-02-03 09:32:51.400,4785.0000,41067,-2,2463369080.000,5,1,4,多平,S,4785.0000,4780.6000,4780.0000,4779.2000,4779.0000,4785.6000,4787.6000,4787.8000,4788.0000,4788.4000,3,3,7,1,2,1,1,2,1,1
SF,IC2006,2020-02-03 09:32:51.900,4780.6000,41067,0,2468153200.000,5,2,3,多换,S,4780.6000,4780.0000,4779.2000,4779.0000,4778.0000,4785.6000,4786.0000,4787.6000,4787.8000,4788.0000,1,7,1,2,4,1,1,1,2,1
SF,IC2006,2020-02-03 09:32:52.400,4780.6000,41067,0,2468153200.000,0,-,-,-,-,4780.8000,4780.6000,4780.0000,4779.2000,4779.0000,4785.0000,4785.6000,4786.0000,4787.6000,4787.8000,1,1,7,1,2,1,1,1,1,2
SF,IC2006,2020-02-03 09:32:52.900,4780.0000,41060,-7,2477714160.000,10,1,9,多平,S,4780.0000,4779.2000,4779.0000,4778.0000,4775.0000,4784.8000,4785.0000,4785.6000,4786.0000,4787.6000,5,1,2,4,1,1,1,1,1,1
SF,IC2006,2020-02-03 09:32:53.400,4780.0000,41058,-2,2480582160.000,3,0,3,多平,S,4781.0000,4780.0000,4779.2000,4779.0000,4778.0000,4784.4000,4784.6000,4784.8000,4785.0000,4785.6000,1,4,1,2,4,1,1,1,2,1
SF,IC2006,2020-02-03 09:32:53.900,4780.8000,41057,-1,2482494480.000,2,0,2,多平,S,4780.0000,4779.2000,4779.0000,4778.0000,4775.0000,4784.2000,4784.4000,4784.6000,4785.0000,4785.6000,4,1,2,4,1,2,1,1,2,1
SF,IC2006,2020-02-03 09:32:54.400,4779.2000,41056,-1,2487274320.000,5,2,3,多平,S,4779.0000,4778.0000,4775.0000,4770.0000,4768.0000,4783.8000,4784.2000,4784.4000,4784.6000,4785.0000,2,4,1,1,8,1,3,1,1,2
SF,IC2006,2020-02-03 09:32:54.900,4779.0000,41055,-1,2491098640.000,4,1,3,多平,S,4778.0000,4775.0000,4770.0000,4768.0000,4765.0000,4778.8000,4783.6000,4783.8000,4784.2000,4784.4000,4,1,1,8,8,3,2,1,1,1
SF,IC2006,2020-02-03 09:32:55.400,4778.8000,41052,-3,2493965920.000,3,0,3,双平,S,4778.8000,4778.2000,4778.0000,4775.0000,4770.0000,4783.6000,4783.8000,4784.2000,4784.4000,4784.6000,3,2,4,1,1,2,1,1,1,1
SF,IC2006,2020-02-03 09:32:55.900,4781.0000,41052,0,2494922120.000,1,0,1,多换,S,4778.0000,4775.0000,4770.0000,4768.0000,4765.0000,4781.0000,4781.4000,4783.2000,4783.6000,4783.8000,4,1,1,8,8,1,1,1,2,1
SF,IC2006,2020-02-03 09:32:56.400,4781.0000,41051,-1,2495878320.000,1,0,1,双平,S,4778.2000,4778.0000,4775.0000,4770.0000,4768.0000,4780.8000,4781.4000,4783.2000,4783.6000,4783.8000,1,6,1,1,8,1,1,1,1,1
SF,IC2006,2020-02-03 09:32:56.900,4781.0000,41051,0,2495878320.000,0,-,-,-,-,4778.8000,4778.2000,4778.0000,4775.0000,4770.0000,4780.8000,4781.4000,4783.6000,4783.8000,4784.2000,1,1,6,1,1,1,1,1,1,1
SF,IC2006,2020-02-03 09:32:57.400,4781.0000,41051,0,2495878320.000,0,-,-,-,-,4778.8000,4778.2000,4778.0000,4775.0000,4770.0000,4780.4000,4780.8000,4781.4000,4783.6000,4783.8000,1,1,6,1,1,1,1,1,1,1
SF,IC2006,2020-02-03 09:32:57.900,4781.4000,41048,-3,2498746920.000,3,0,3,双平,S,4780.8000,4779.4000,4779.0000,4778.2000,4778.0000,4783.6000,4783.8000,4784.2000,4784.4000,4784.6000,14,1,1,3,6,1,1,1,1,1
SF,IC2006,2020-02-03 09:32:58.400,4780.8000,41047,-1,2499703080.000,1,0,1,双平,S,4780.8000,4779.4000,4779.0000,4778.2000,4778.0000,4783.2000,4783.4000,4783.6000,4783.8000,4784.2000,23,1,1,2,6,1,2,1,1,1
SF,IC2006,2020-02-03 09:32:58.900,4780.8000,41045,-2,2501615400.000,2,0,2,双平,S,4780.8000,4779.4000,4779.0000,4778.2000,4778.0000,4783.2000,4783.4000,4783.6000,4783.8000,4784.2000,21,1,1,2,6,1,2,1,1,1
SF,IC2006,2020-02-03 09:32:59.400,4780.8000,41045,0,2501615400.000,0,-,-,-,-,4780.8000,4779.4000,4779.0000,4778.2000,4778.0000,4783.0000,4783.2000,4783.4000,4783.8000,4784.2000,21,1,1,2,6,1,1,2,1,1
SF,IC2006,2020-02-03 09:32:59.900,4780.8000,41045,0,2501615400.000,0,-,-,-,-,4781.4000,4780.8000,4779.4000,4779.0000,4778.2000,4782.6000,4783.0000,4783.2000,4783.4000,4783.8000,1,21,1,1,2,1,3,1,2,1
SF,IC2006,2020-02-03 09:33:00.400,4780.8000,41045,0,2501615400.000,0,-,-,-,-,4781.4000,4780.8000,4779.4000,4779.0000,4778.2000,4781.8000,4782.4000,4782.6000,4783.0000,4783.2000,1,21,1,1,2,1,1,1,3,1
SF,IC2006,2020-02-03 09:33:00.900,4780.8000,41044,-1,2504484120.000,3,1,2,多平,S,4780.8000,4779.4000,4779.0000,4778.2000,4778.0000,4781.4000,4781.6000,4781.8000,4782.6000,4783.2000,20,1,1,2,6,1,1,1,1,1
SF,IC2006,2020-02-03 09:33:01.400,4780.8000,41033,-11,2517870400.000,14,1,13,多平,S,4780.8000,4779.4000,4779.0000,4778.2000,4778.0000,4781.0000,4781.8000,4782.6000,4783.2000,4783.8000,7,1,1,2,6,1,1,1,1,1
SF,IC2006,2020-02-03 09:33:01.900,4780.8000,41033,0,2525519680.000,8,4,4,多换,S,4779.4000,4779.0000,4778.2000,4778.0000,4777.0000,4781.0000,4781.8000,4782.6000,4783.2000,4783.8000,1,1,2,6,1,1,1,1,1,1
SF,IC2006,2020-02-03 09:33:02.400,4779.0000,41035,2,2527431360.000,2,2,0,双开,S,4780.8000,4778.2000,4778.0000,4777.0000,4775.0000,4781.0000,4781.8000,4782.6000,4783.2000,4783.8000,2,2,6,1,1,1,1,1,1,1
SF,IC2006,2020-02-03 09:33:02.900,4780.8000,41033,-2,2529343680.000,2,0,2,双平,S,4778.2000,4778.0000,4777.0000,4775.0000,4770.0000,4780.0000,4780.8000,4781.0000,4781.8000,4782.6000,2,6,1,1,1,1,2,1,1,1
SF,IC2006,2020-02-03 09:33:03.400,4780.8000,41033,0,2529343680.000,0,-,-,-,-,4778.4000,4778.2000,4778.0000,4777.0000,4775.0000,4779.4000,4780.8000,4781.0000,4781.8000,4782.6000,1,2,6,1,1,4,1,1,1,1
SF,IC2006,2020-02-03 09:33:03.900,4780.8000,41033,0,2530299840.000,1,0,1,多换,S,4778.4000,4778.2000,4778.0000,4777.0000,4775.0000,4779.2000,4779.4000,4780.8000,4781.0000,4781.6000,1,2,6,1,1,1,4,1,1,1
SF,IC2006,2020-02-03 09:33:04.400,4778.2000,41031,-2,2532211120.000,2,0,2,双平,S,4778.0000,4777.0000,4775.0000,4770.0000,4768.0000,4779.2000,4779.4000,4780.8000,4781.0000,4781.6000,6,1,1,1,8,1,3,2,1,1
SF,IC2006,2020-02-03 09:33:04.900,4778.2000,41031,0,2532211120.000,0,-,-,-,-,4778.0000,4777.0000,4775.0000,4770.0000,4768.0000,4779.2000,4779.4000,4780.8000,4781.0000,4781.6000,6,1,1,1,8,2,3,3,1,1
SF,IC2006,2020-02-03 09:33:05.400,4779.2000,41031,0,2534122560.000,2,1,1,多换,S,4778.0000,4777.0000,4775.0000,4770.0000,4768.0000,4779.2000,4779.4000,4780.8000,4781.0000,4781.6000,5,1,1,1,8,1,15,5,1,1
SF,IC2006,2020-02-03 09:33:05.900,4778.0000,41031,0,2536989360.000,3,1,2,多换,S,4778.0000,4777.0000,4775.0000,4770.0000,4768.0000,4778.8000,4779.2000,4779.4000,4780.8000,4781.0000,2,1,1,1,8,2,2,15,5,1
SF,IC2006,2020-02-03 09:33:06.400,4778.0000,41029,-2,2541767360.000,5,1,4,多平,S,4777.0000,4775.0000,4770.0000,4768.0000,4765.0000,4778.0000,4778.2000,4778.8000,4779.2000,4779.4000,1,1,1,8,8,3,2,2,2,15
SF,IC2006,2020-02-03 09:33:06.900,4777.6000,41027,-2,2545589080.000,4,1,3,多平,S,4775.0000,4770.0000,4768.0000,4765.0000,4763.0000,4777.8000,4778.0000,4778.2000,4778.4000,4778.8000,1,1,8,8,5,1,6,2,21,2
SF,IC2006,2020-02-03 09:33:07.400,4777.0000,41026,-1,2547499480.000,2,0,2,多平,S,4770.0000,4768.0000,4765.0000,4763.0000,4762.0000,4777.4000,4777.6000,4777.8000,4778.0000,4778.2000,1,8,8,5,9,1,3,1,6,2
SF,IC2006,2020-02-03 09:33:07.900,4778.0000,41020,-6,2554188000.000,7,0,7,多平,S,4773.6000,4770.2000,4770.0000,4768.0000,4765.0000,4777.4000,4778.0000,4778.2000,4778.4000,4778.8000,1,2,1,8,8,1,6,2,21,2
SF,IC2006,2020-02-03 09:33:08.400,4778.0000,41020,0,2554188000.000,0,-,-,-,-,4773.6000,4770.2000,4770.0000,4768.0000,4765.0000,4777.0000,4777.2000,4777.4000,4778.0000,4778.2000,1,1,1,8,8,1,1,1,6,2
SF,IC2006,2020-02-03 09:33:08.900,4778.0000,41020,0,2554188000.000,0,-,-,-,-,4773.6000,4770.2000,4770.0000,4768.0000,4765.0000,4775.0000,4777.0000,4777.2000,4777.4000,4778.0000,1,1,1,8,8,2,1,2,1,6
SF,IC2006,2020-02-03 09:33:09.400,4777.0000,41022,2,2558008120.000,4,3,1,空开,S,4770.0000,4768.0000,4765.0000,4763.0000,4762.0000,4777.2000,4777.4000,4778.0000,4778.4000,4778.8000,1,8,8,5,9,2,1,6,21,2
SF,IC2006,2020-02-03 09:33:09.900,4777.0000,41022,0,2558963520.000,1,0,1,多换,S,4770.4000,4770.2000,4770.0000,4768.0000,4765.0000,4773.6000,4776.8000,4777.0000,4777.2000,4777.4000,1,2,1,8,8,2,1,1,1,1
SF,IC2006,2020-02-03 09:33:10.400,4773.6000,41020,-2,2560872960.000,2,0,2,双平,S,4770.2000,4770.0000,4768.0000,4765.0000,4763.0000,4773.2000,4773.4000,4776.0000,4776.8000,4777.0000,1,1,8,8,5,1,1,4,1,1
SF,IC2006,2020-02-03 09:33:10.900,4776.0000,41019,-1,2564692120.000,4,1,3,多平,S,4770.4000,4770.2000,4770.0000,4768.0000,4765.0000,4776.0000,4776.8000,4777.0000,4777.4000,4778.0000,2,1,1,8,8,3,1,1,1,6
SF,IC2006,2020-02-03 09:33:11.400,4776.0000,41019,0,2564692120.000,0,-,-,-,-,4770.6000,4770.4000,4770.2000,4770.0000,4768.0000,4775.8000,4776.0000,4776.8000,4777.0000,4777.4000,1,2,1,1,8,2,3,1,2,1
SF,IC2006,2020-02-03 09:33:11.900,4770.8000,41018,-1,2566600440.000,2,0,2,多平,S,4770.6000,4770.2000,4770.0000,4768.0000,4765.0000,4774.0000,4774.8000,4775.4000,4775.6000,4775.8000,1,1,1,8,8,1,1,1,1,1
SF,IC2006,2020-02-03 09:33:12.400,4770.8000,41018,0,2569464160.000,3,1,2,多换,S,4770.8000,4770.6000,4770.2000,4770.0000,4768.0000,4774.8000,4775.4000,4775.8000,4776.0000,4776.8000,1,1,1,1,8,1,1,1,2,1
SF,IC2006,2020-02-03 09:33:12.900,4770.6000,41001,-17,2588549640.000,20,1,19,多平,S,4770.2000,4770.0000,4768.0000,4765.0000,4763.0000,4770.4000,4774.6000,4775.0000,4775.8000,4776.0000,1,11,8,8,5,2,2,1,1,2
SF,IC2006,2020-02-03 09:33:13.400,4770.4000,40999,-2,2591411880.000,3,0,3,多平,S,4774.0000,4770.4000,4770.2000,4770.0000,4768.0000,4774.6000,4775.0000,4775.8000,4776.0000,4776.8000,1,8,1,11,8,2,1,1,2,1
SF,IC2006,2020-02-03 09:33:13.900,4775.6000,40997,-2,2596186560.000,5,1,4,多平,S,4774.8000,4774.2000,4770.4000,4770.2000,4770.0000,4775.8000,4776.0000,4777.0000,4777.4000,4778.0000,1,1,3,1,11,1,2,1,1,6
SF,IC2006,2020-02-03 09:33:14.400,4770.4000,40996,-1,2599050440.000,3,1,2,多平,S,4770.4000,4770.0000,4768.0000,4765.0000,4763.0000,4774.8000,4775.8000,4776.0000,4777.0000,4777.4000,2,11,8,8,5,1,1,2,1,1
SF,IC2006,2020-02-03 09:33:14.900,4770.4000,40996,0,2599050440.000,0,-,-,-,-,4770.4000,4770.0000,4768.0000,4765.0000,4763.0000,4774.6000,4775.8000,4776.0000,4776.2000,4777.0000,2,11,8,8,5,2,1,2,1,1
SF,IC2006,2020-02-03 09:33:15.400,4774.6000,40996,0,2600005360.000,1,0,1,多换,S,4770.4000,4770.0000,4768.0000,4765.0000,4763.0000,4774.2000,4774.4000,4774.6000,4775.8000,4776.0000,2,11,8,8,5,2,3,1,1,2
SF,IC2006,2020-02-03 09:33:15.900,4770.4000,40996,0,2601913520.000,2,1,1,多换,S,4770.0000,4768.0000,4765.0000,4763.0000,4762.0000,4770.2000,4774.0000,4774.2000,4774.4000,4775.8000,11,8,8,5,9,3,5,2,1,1
SF,IC2006,2020-02-03 09:33:16.400,4770.2000,40994,-2,2608592560.000,7,2,5,多平,S,4770.2000,4770.0000,4768.0000,4765.0000,4763.0000,4774.0000,4774.2000,4774.4000,4775.8000,4776.0000,4,11,8,8,5,2,2,1,1,2
SF,IC2006,2020-02-03 09:33:16.900,4770.4000,40994,0,2609546640.000,1,0,1,多换,S,4770.4000,4770.2000,4770.0000,4768.0000,4765.0000,4773.8000,4774.0000,4774.2000,4774.4000,4775.8000,1,3,11,8,8,1,3,2,1,1
SF,IC2006,2020-02-03 09:33:17.400,4774.0000,40987,-7,2616229960.000,7,0,7,双平,S,4774.0000,4772.0000,4770.6000,4770.4000,4770.2000,4774.2000,4774.4000,4774.8000,4775.8000,4776.0000,8,12,1,1,3,1,1,1,1,2
SF,IC2006,2020-02-03 09:33:17.900,4772.0000,40978,-9,2628641560.000,13,2,11,多平,S,4772.0000,4770.6000,4770.4000,4770.0000,4768.0000,4774.0000,4774.2000,4774.4000,4774.8000,4776.0000,10,2,1,12,8,6,1,1,1,2
SF,IC2006,2020-02-03 09:33:18.400,4774.2000,40981,3,2633415520.000,5,4,1,空开,S,4774.2000,4772.0000,4771.0000,4770.6000,4770.4000,4774.4000,4774.8000,4776.0000,4777.4000,4778.0000,5,10,1,1,3,1,1,2,1,6
SF,IC2006,2020-02-03 09:33:18.900,4770.4000,40977,-4,2652504640.000,20,8,12,多平,S,4770.0000,4768.0000,4765.0000,4763.0000,4762.0000,4770.4000,4774.2000,4774.8000,4776.0000,4777.4000,12,8,8,5,9,5,5,1,2,1
SF,IC2006,2020-02-03 09:33:19.400,4770.4000,40972,-5,2660137280.000,8,1,7,多平,S,4770.4000,4770.0000,4768.0000,4765.0000,4763.0000,4774.8000,4775.0000,4776.0000,4778.0000,4778.4000,4,12,8,8,5,1,2,2,6,21
SF,IC2006,2020-02-03 09:33:19.900,4770.4000,40970,-2,2662045440.000,2,0,2,双平,S,4770.4000,4770.0000,4768.0000,4765.0000,4763.0000,4774.0000,4774.4000,4774.6000,4774.8000,4775.0000,1,12,8,8,5,1,3,1,1,2
SF,IC2006,2020-02-03 09:33:20.400,4770.4000,40970,0,2662045440.000,0,-,-,-,-,4770.6000,4770.4000,4770.0000,4768.0000,4765.0000,4774.0000,4774.4000,4774.6000,4774.8000,4775.0000,1,1,12,8,8,1,3,1,1,2
SF,IC2006,2020-02-03 09:33:20.900,4770.4000,40969,-1,2662999520.000,1,0,1,双平,S,4770.0000,4768.0000,4765.0000,4763.0000,4762.0000,4770.4000,4773.4000,4773.8000,4774.0000,4774.4000,12,8,8,5,9,1,1,1,2,1
SF,IC2006,2020-02-03 09:33:21.400,4770.4000,40955,-14,2677310320.000,15,0,15,多平,S,4770.4000,4770.0000,4769.8000,4768.0000,4765.0000,4773.4000,4773.8000,4774.0000,4774.4000,4774.8000,1,12,1,8,8,1,2,2,1,1
SF,IC2006,2020-02-03 09:33:21.900,4773.2000,40954,-1,2679219040.000,2,0,2,多平,S,4770.0000,4769.8000,4768.0000,4765.0000,4763.0000,4770.6000,4773.8000,4774.0000,4774.2000,4774.8000,12,1,8,8,5,1,2,2,1,1
SF,IC2006,2020-02-03 09:33:22.400,4770.6000,40953,-1,2682081640.000,3,1,2,多平,S,4770.0000,4769.8000,4768.0000,4765.0000,4763.0000,4770.4000,4770.6000,4773.2000,4773.8000,4774.0000,12,1,8,8,5,1,1,1,1,2
SF,IC2006,2020-02-03 09:33:22.900,4770.2000,40951,-2,2683989800.000,2,0,2,双平,S,4770.0000,4769.8000,4768.0000,4765.0000,4763.0000,4770.6000,4772.8000,4773.2000,4773.8000,4774.0000,12,1,8,8,5,1,1,1,1,1
SF,IC2006,2020-02-03 09:33:23.400,4770.0000,40951,0,2689714480.000,6,3,3,多换,S,4770.0000,4769.8000,4768.0000,4765.0000,4763.0000,4773.2000,4773.8000,4774.0000,4774.2000,4774.8000,9,1,8,8,5,1,1,1,1,1
SF,IC2006,2020-02-03 09:33:23.900,4770.0000,40949,-2,2697347800.000,8,3,5,多平,S,4770.0000,4769.8000,4768.0000,4765.0000,4763.0000,4773.0000,4773.8000,4774.0000,4774.2000,4774.8000,5,1,8,8,5,2,1,1,1,1
SF,IC2006,2020-02-03 09:33:24.400,4770.0000,40949,0,2702119000.000,5,2,3,多换,S,4770.0000,4769.8000,4768.0000,4765.0000,4763.0000,4772.6000,4772.8000,4773.8000,4774.0000,4774.2000,4,1,8,8,5,1,1,1,1,1
SF,IC2006,2020-02-03 09:33:24.900,4770.0000,40948,-1,2704027000.000,2,0,2,多平,S,4770.6000,4770.2000,4770.0000,4769.8000,4768.0000,4772.2000,4772.4000,4772.6000,4772.8000,4773.8000,7,1,4,1,8,1,1,1,1,1
SF,IC2006,2020-02-03 09:33:25.400,4770.0000,40948,0,2704027000.000,0,-,-,-,-,4771.0000,4770.6000,4770.2000,4770.0000,4769.8000,4772.2000,4772.4000,4772.8000,4773.8000,4774.0000,1,7,1,4,1,1,1,1,1,1
SF,IC2006,2020-02-03 09:33:25.900,4770.0000,40948,0,2704027000.000,0,-,-,-,-,4771.2000,4770.6000,4770.2000,4770.0000,4769.8000,4772.4000,4772.8000,4773.8000,4774.0000,4774.2000,2,7,1,4,1,1,1,1,1,1
SF,IC2006,2020-02-03 09:33:26.400,4770.6000,40947,-1,2713568200.000,10,4,6,多平,S,4772.2000,4770.2000,4770.0000,4769.8000,4768.0000,4772.4000,4772.8000,4773.8000,4774.0000,4774.2000,1,1,4,1,6,2,1,1,1,1
SF,IC2006,2020-02-03 09:33:26.900,4770.2000,40946,-1,2715476680.000,2,0,2,多平,S,4770.0000,4769.8000,4768.0000,4765.0000,4763.0000,4772.2000,4772.4000,4772.8000,4773.8000,4774.0000,4,1,6,8,5,1,2,1,1,1
SF,IC2006,2020-02-03 09:33:27.400,4772.4000,40942,-4,2719294240.000,4,0,4,双平,S,4772.4000,4772.2000,4770.2000,4770.0000,4769.8000,4772.8000,4773.8000,4774.0000,4774.2000,4774.8000,8,8,1,4,1,1,1,1,1,1
SF,IC2006,2020-02-03 09:33:27.900,4772.4000,40940,-2,2721203280.000,2,0,2,双平,S,4772.4000,4772.2000,4770.2000,4770.0000,4769.8000,4773.8000,4774.0000,4774.2000,4774.8000,4775.0000,18,10,1,5,1,1,1,1,1,4
SF,IC2006,2020-02-03 09:33:28.400,4772.4000,40939,-1,2722157760.000,1,0,1,双平,S,4772.4000,4772.2000,4770.0000,4769.8000,4769.6000,4773.8000,4774.0000,4774.2000,4774.8000,4775.0000,19,10,5,1,1,1,1,1,1,4
SF,IC2006,2020-02-03 09:33:28.900,4774.0000,40937,-2,2724067320.000,2,0,2,双平,S,4772.4000,4772.2000,4770.0000,4769.8000,4769.6000,4774.2000,4774.8000,4775.0000,4776.0000,4778.0000,18,10,5,1,1,1,1,4,2,6
SF,IC2006,2020-02-03 09:33:29.400,4775.0000,40934,-3,2726932120.000,3,0,3,双平,S,4774.2000,4772.4000,4772.2000,4770.0000,4769.8000,4775.0000,4776.0000,4778.0000,4778.4000,4778.8000,1,20,10,5,1,3,2,6,21,2
SF,IC2006,2020-02-03 09:33:29.900,4774.4000,40929,-5,2731707000.000,5,0,5,双平,S,4772.4000,4772.2000,4770.0000,4769.8000,4769.6000,4776.0000,4778.0000,4778.4000,4778.8000,4779.2000,20,10,5,1,1,2,6,21,2,1
SF,IC2006,2020-02-03 09:33:30.400,4776.0000,40928,-1,2732662200.000,1,0,1,双平,S,4773.8000,4772.6000,4772.4000,4772.2000,4770.0000,4776.0000,4778.0000,4778.4000,4778.8000,4779.2000,1,2,20,10,5,1,6,21,2,1
SF,IC2006,2020-02-03 09:33:30.900,4776.0000,40927,-1,2733617400.000,1,0,1,双平,S,4774.4000,4774.2000,4773.8000,4772.6000,4772.4000,4775.4000,4778.0000,4778.4000,4778.8000,4779.2000,1,2,1,1,20,1,6,21,2,1
SF,IC2006,2020-02-03 09:33:31.400,4776.0000,40927,0,2733617400.000,0,-,-,-,-,4774.6000,4774.2000,4773.8000,4772.6000,4772.4000,4778.0000,4778.4000,4778.8000,4779.2000,4780.6000,1,2,1,1,20,6,21,2,1,2
SF,IC2006,2020-02-03 09:33:31.900,4774.8000,40928,1,2734572360.000,1,1,0,双开,S,4774.2000,4773.8000,4772.4000,4772.2000,4770.0000,4777.0000,4777.8000,4778.0000,4778.4000,4778.8000,2,1,20,10,5,1,2,6,21,2
SF,IC2006,2020-02-03 09:33:32.400,4774.8000,40928,0,2734572360.000,0,-,-,-,-,4776.0000,4774.4000,4774.2000,4773.8000,4772.8000,4776.4000,4776.6000,4776.8000,4777.0000,4777.4000,8,1,2,1,1,1,1,1,1,1
SF,IC2006,2020-02-03 09:33:32.900,4776.0000,40927,-1,2742214040.000,8,3,5,多平,S,4776.0000,4774.4000,4774.2000,4773.8000,4772.8000,4777.4000,4778.0000,4778.4000,4778.8000,4779.2000,1,1,2,1,1,1,6,21,2,1
SF,IC2006,2020-02-03 09:33:33.400,4776.0000,40927,0,2743169240.000,1,0,1,多换,S,4774.2000,4773.8000,4772.8000,4772.4000,4772.2000,4776.0000,4778.0000,4778.4000,4778.8000,4779.2000,2,1,1,20,10,2,6,21,2,1
SF,IC2006,2020-02-03 09:33:33.900,4773.8000,40926,-1,2746033680.000,3,1,2,多平,S,4772.8000,4772.4000,4772.2000,4770.0000,4769.8000,4773.8000,4775.6000,4775.8000,4776.0000,4778.0000,1,20,10,5,1,1,1,1,5,6
SF,IC2006,2020-02-03 09:33:34.400,4773.8000,40926,0,2746033680.000,0,-,-,-,-,4773.8000,4773.0000,4772.8000,4772.4000,4772.2000,4775.6000,4775.8000,4776.0000,4778.0000,4778.4000,1,2,1,20,10,1,1,5,6,21
SF,IC2006,2020-02-03 09:33:34.900,4773.8000,40926,0,2746033680.000,0,-,-,-,-,4772.8000,4772.4000,4772.2000,4770.0000,4769.8000,4775.4000,4775.6000,4775.8000,4776.0000,4778.0000,1,20,10,6,1,1,1,1,6,6
SF,IC2006,2020-02-03 09:33:35.400,4773.0000,40926,0,2746988280.000,1,0,1,多换,S,4774.0000,4773.6000,4772.4000,4772.2000,4770.0000,4775.2000,4775.4000,4775.6000,4775.8000,4776.0000,2,1,20,10,6,2,1,1,1,6
SF,IC2006,2020-02-03 09:33:35.900,4773.6000,40927,1,2749852600.000,3,2,1,空开,S,4772.4000,4772.2000,4770.0000,4769.8000,4769.6000,4773.6000,4774.0000,4775.2000,4775.4000,4775.6000,20,10,6,1,1,1,1,1,1,1
SF,IC2006,2020-02-03 09:33:36.400,4774.0000,40926,-1,2751762120.000,2,0,2,多平,S,4774.0000,4772.6000,4772.4000,4772.2000,4770.0000,4774.8000,4775.4000,4775.6000,4775.8000,4776.0000,1,2,20,10,6,1,1,1,1,6
SF,IC2006,2020-02-03 09:33:36.900,4774.0000,40925,-1,2752716920.000,1,0,1,双平,S,4772.6000,4772.4000,4772.2000,4770.0000,4769.8000,4774.8000,4775.4000,4775.6000,4775.8000,4776.0000,1,20,10,6,1,1,1,1,1,6
SF,IC2006,2020-02-03 09:33:37.400,4774.8000,40919,-6,2759400120.000,7,0,7,多平,S,4774.8000,4773.6000,4772.4000,4772.2000,4770.0000,4775.4000,4775.6000,4775.8000,4776.0000,4778.0000,5,1,6,10,6,1,1,1,6,6
SF,IC2006,2020-02-03 09:33:37.900,4773.6000,40916,-3,2766084600.000,7,2,5,多平,S,4772.8000,4772.4000,4772.2000,4770.0000,4769.8000,4774.8000,4775.4000,4775.6000,4775.8000,4776.0000,1,2,10,6,1,8,1,1,1,1
SF,IC2006,2020-02-03 09:33:38.400,4773.6000,40916,0,2766084600.000,0,-,-,-,-,4773.0000,4772.8000,4772.4000,4772.2000,4770.0000,4774.4000,4774.8000,4775.0000,4775.4000,4775.6000,1,1,2,8,6,1,1,1,1,1
SF,IC2006,2020-02-03 09:33:38.900,4775.0000,40912,-4,2771813200.000,6,1,5,多平,S,4772.4000,4772.2000,4770.0000,4769.8000,4769.6000,4775.4000,4775.6000,4776.0000,4778.0000,4778.4000,1,8,6,1,1,1,1,1,6,21
SF,IC2006,2020-02-03 09:33:39.400,4775.0000,40912,0,2771813200.000,0,-,-,-,-,4774.8000,4772.4000,4772.2000,4770.0000,4769.8000,4775.0000,4775.2000,4775.4000,4775.6000,4776.0000,8,1,8,6,1,1,1,2,1,1
SF,IC2006,2020-02-03 09:33:39.900,4774.8000,40912,0,2779452880.000,8,4,4,多换,S,4774.4000,4772.4000,4772.2000,4770.0000,4769.8000,4774.8000,4775.0000,4775.4000,4775.6000,4776.0000,3,1,8,6,1,8,1,1,1,1
SF,IC2006,2020-02-03 09:33:40.400,4774.4000,40912,0,2799505360.000,21,10,11,多换,S,4772.4000,4772.2000,4770.0000,4769.8000,4769.6000,4773.6000,4774.4000,4774.8000,4775.0000,4775.4000,1,8,6,1,1,3,5,2,1,1
SF,IC2006,2020-02-03 09:33:40.900,4772.2000,40912,0,2801414280.000,2,1,1,多换,S,4772.2000,4770.0000,4769.8000,4769.6000,4768.0000,4773.2000,4773.4000,4773.6000,4774.4000,4774.8000,7,6,1,1,7,1,1,3,1,7
SF,IC2006,2020-02-03 09:33:41.400,4772.2000,40912,0,2805232040.000,4,2,2,多换,S,4772.4000,4772.2000,4770.0000,4769.8000,4769.6000,4772.8000,4773.0000,4773.2000,4773.6000,4774.4000,2,5,6,1,1,1,1,1,3,2
SF,IC2006,2020-02-03 09:33:41.900,4772.4000,40910,-2,2808095480.000,3,0,3,多平,S,4772.2000,4770.0000,4769.8000,4769.6000,4768.0000,4772.4000,4772.8000,4773.2000,4773.6000,4774.4000,3,6,1,1,7,1,1,1,3,2
SF,IC2006,2020-02-03 09:33:42.400,4770.0000,40912,2,2812866800.000,5,3,2,空开,S,4770.0000,4769.8000,4769.6000,4768.0000,4767.0000,4772.0000,4772.2000,4773.2000,4773.6000,4774.4000,4,1,1,7,5,1,1,1,3,2
SF,IC2006,2020-02-03 09:33:42.900,4772.8000,40913,1,2818594280.000,6,3,3,空开,S,4770.2000,4770.0000,4769.8000,4769.6000,4768.0000,4773.6000,4774.4000,4774.8000,4775.0000,4775.4000,1,7,1,1,7,1,1,2,2,1
SF,IC2006,2020-02-03 09:33:43.400,4772.8000,40913,0,2819548840.000,1,0,1,多换,S,4770.4000,4770.0000,4769.8000,4769.6000,4768.0000,4772.4000,4773.2000,4773.4000,4773.6000,4774.4000,1,7,1,1,7,7,1,1,1,1
SF,IC2006,2020-02-03 09:33:43.900,4770.4000,40913,0,2822411560.000,3,1,2,多换,S,4770.0000,4769.8000,4769.6000,4768.0000,4767.0000,4770.4000,4772.0000,4772.2000,4772.4000,4772.8000,5,1,1,7,5,3,1,3,7,1
SF,IC2006,2020-02-03 09:33:44.400,4770.4000,40913,0,2822411560.000,0,-,-,-,-,4770.0000,4769.8000,4769.6000,4768.0000,4767.0000,4770.2000,4770.4000,4772.0000,4772.2000,4772.4000,5,1,1,7,5,6,4,1,3,7
SF,IC2006,2020-02-03 09:33:44.900,4770.0000,40912,-1,2823365560.000,1,0,1,双平,S,4770.0000,4769.8000,4769.6000,4768.0000,4767.0000,4770.2000,4770.4000,4772.0000,4772.2000,4772.4000,5,1,1,7,5,6,4,1,1,7
SF,IC2006,2020-02-03 09:33:45.400,4770.0000,40911,-1,2826227600.000,3,1,2,多平,S,4770.0000,4769.8000,4769.6000,4768.0000,4767.0000,4770.2000,4770.4000,4772.0000,4772.2000,4772.4000,3,1,1,7,5,5,4,1,1,7
SF,IC2006,2020-02-03 09:33:45.900,4770.0000,40912,1,2827181600.000,1,1,0,双开,S,4770.0000,4769.8000,4769.6000,4768.0000,4767.0000,4770.2000,4770.4000,4772.0000,4772.2000,4772.4000,2,1,1,7,5,5,4,1,1,7
SF,IC2006,2020-02-03 09:33:46.400,4770.2000,40911,-1,2828135640.000,1,0,1,双平,S,4770.0000,4769.8000,4769.6000,4768.0000,4767.0000,4770.2000,4770.4000,4772.0000,4772.2000,4772.4000,2,1,1,7,5,4,5,1,1,7
SF,IC2006,2020-02-03 09:33:46.900,4770.2000,40911,0,2830043720.000,2,1,1,多换,S,4770.0000,4769.8000,4769.6000,4768.0000,4767.0000,4770.2000,4770.4000,4772.0000,4772.2000,4772.4000,2,1,1,7,5,2,5,1,1,7
SF,IC2006,2020-02-03 09:33:47.400,4769.8000,40909,-2,2834813760.000,5,1,4,多平,S,4769.6000,4768.0000,4767.0000,4766.2000,4766.0000,4770.0000,4770.4000,4772.0000,4772.2000,4772.4000,1,7,5,5,2,23,5,1,1,7
SF,IC2006,2020-02-03 09:33:47.900,4770.0000,40896,-13,2849123600.000,15,1,14,多平,S,4768.0000,4767.0000,4766.2000,4766.0000,4765.0000,4770.0000,4770.4000,4772.0000,4772.4000,4773.2000,7,5,5,2,8,11,5,1,7,1
SF,IC2006,2020-02-03 09:33:48.400,4770.0000,40896,0,2849123600.000,0,-,-,-,-,4768.2000,4768.0000,4767.0000,4766.2000,4766.0000,4770.0000,4770.4000,4772.0000,4772.4000,4773.2000,2,7,5,5,2,11,5,1,7,1
SF,IC2006,2020-02-03 09:33:48.900,4770.0000,40892,-4,2852939600.000,4,0,4,双平,S,4768.6000,4768.2000,4768.0000,4767.0000,4766.2000,4770.0000,4770.4000,4772.0000,4772.4000,4773.2000,2,1,7,5,5,7,5,1,7,1
SF,IC2006,2020-02-03 09:33:49.400,4770.0000,40890,-2,2854847600.000,2,0,2,双平,S,4768.8000,4768.0000,4767.0000,4766.2000,4766.0000,4770.0000,4770.4000,4772.0000,4772.4000,4773.2000,1,7,5,5,2,5,5,1,7,1
SF,IC2006,2020-02-03 09:33:49.900,4770.0000,40890,0,2860571600.000,6,3,3,多换,S,4770.0000,4768.8000,4768.0000,4767.0000,4766.2000,4770.4000,4772.0000,4772.4000,4773.2000,4773.6000,5,1,7,5,5,5,1,7,1,1
SF,IC2006,2020-02-03 09:33:50.400,4768.0000,40890,0,2866295200.000,6,3,3,多换,S,4768.0000,4767.0000,4766.2000,4766.0000,4765.0000,4768.8000,4770.4000,4772.0000,4772.4000,4773.2000,6,5,5,2,8,6,5,1,7,1
SF,IC2006,2020-02-03 09:33:50.900,4768.8000,40885,-5,2872017760.000,6,0,6,多平,S,4768.8000,4768.2000,4768.0000,4767.0000,4766.2000,4770.4000,4772.0000,4772.4000,4773.2000,4773.6000,2,2,6,5,5,5,1,7,1,1
SF,IC2006,2020-02-03 09:33:51.400,4770.0000,40885,0,2872971760.000,1,0,1,多换,S,4768.0000,4767.0000,4766.2000,4766.0000,4765.0000,4770.4000,4772.0000,4772.4000,4773.2000,4773.6000,6,5,5,2,8,5,1,7,1,1
SF,IC2006,2020-02-03 09:33:51.900,4770.0000,40885,0,2872971760.000,0,-,-,-,-,4768.0000,4767.0000,4766.2000,4766.0000,4765.0000,4768.8000,4770.0000,4770.2000,4770.4000,4772.0000,6,5,5,2,8,4,10,4,5,1
SF,IC2006,2020-02-03 09:33:52.400,4768.0000,40882,-3,2882508160.000,10,3,7,多平,S,4767.0000,4766.2000,4766.0000,4765.4000,4765.0000,4768.0000,4768.8000,4770.0000,4770.2000,4770.4000,5,5,2,5,8,14,2,15,4,5
SF,IC2006,2020-02-03 09:33:52.900,4768.0000,40877,-5,2887276160.000,5,0,5,双平,S,4767.0000,4766.2000,4766.0000,4765.4000,4765.0000,4768.0000,4768.8000,4770.0000,4770.2000,4770.4000,5,5,2,5,8,10,2,15,2,5
SF,IC2006,2020-02-03 09:33:53.400,4768.0000,40866,-11,2899672640.000,13,1,12,多平,S,4767.0000,4766.2000,4766.0000,4765.4000,4765.0000,4767.8000,4768.0000,4768.8000,4770.0000,4770.2000,5,5,2,5,8,1,1,2,15,2
SF,IC2006,2020-02-03 09:33:53.900,4767.8000,40865,-1,2900626200.000,1,0,1,双平,S,4767.0000,4766.2000,4766.0000,4765.4000,4765.0000,4768.0000,4768.8000,4770.0000,4770.2000,4770.4000,5,5,2,5,8,1,2,15,1,5
SF,IC2006,2020-02-03 09:33:54.400,4767.8000,40865,0,2900626200.000,0,-,-,-,-,4767.0000,4766.2000,4766.0000,4765.4000,4765.0000,4768.0000,4768.8000,4770.0000,4770.2000,4770.4000,5,5,2,5,8,1,2,15,1,5
SF,IC2006,2020-02-03 09:33:54.900,4767.0000,40865,0,2905393200.000,5,2,3,多换,S,4766.2000,4766.0000,4765.4000,4765.0000,4763.0000,4767.8000,4768.0000,4768.8000,4770.0000,4770.2000,5,2,5,8,5,1,1,2,16,1
SF,IC2006,2020-02-03 09:33:55.400,4767.8000,40862,-3,2908253920.000,3,0,3,双平,S,4766.6000,4766.2000,4766.0000,4765.4000,4765.0000,4767.0000,4768.0000,4768.8000,4770.0000,4770.2000,2,5,2,5,8,1,1,2,16,1
SF,IC2006,2020-02-03 09:33:55.900,4766.8000,40860,-2,2910160680.000,2,0,2,双平,S,4766.6000,4766.2000,4766.0000,4765.4000,4765.0000,4768.0000,4768.8000,4770.0000,4770.4000,4771.0000,2,5,2,5,8,1,2,16,4,1
SF,IC2006,2020-02-03 09:33:56.400,4768.0000,40860,0,2912067600.000,2,1,1,多换,S,4768.0000,4766.6000,4766.2000,4766.0000,4765.4000,4768.8000,4770.0000,4770.4000,4771.0000,4772.0000,19,1,5,2,5,2,16,4,1,1
SF,IC2006,2020-02-03 09:33:56.900,4768.8000,40862,2,2941631200.000,31,16,15,空开,S,4768.8000,4768.0000,4766.6000,4766.2000,4766.0000,4770.0000,4770.2000,4770.4000,4771.0000,4772.0000,4,4,1,5,2,17,1,4,1,1
SF,IC2006,2020-02-03 09:33:57.400,4768.0000,40863,1,2946399840.000,5,3,2,空开,S,4768.0000,4767.2000,4766.6000,4766.2000,4766.0000,4770.0000,4770.2000,4770.4000,4771.0000,4772.0000,3,1,1,5,2,17,1,4,1,1
SF,IC2006,2020-02-03 09:33:57.900,4770.0000,40859,-4,2953077000.000,7,1,6,多平,S,4768.0000,4767.8000,4767.2000,4766.6000,4766.2000,4770.0000,4770.2000,4770.4000,4771.0000,4772.0000,18,1,1,1,5,13,1,4,1,1
SF,IC2006,2020-02-03 09:33:58.400,4768.0000,40857,-2,2955937800.000,3,0,3,多平,S,4768.0000,4767.8000,4767.2000,4766.6000,4766.2000,4770.0000,4770.2000,4770.4000,4771.0000,4772.0000,15,1,1,1,5,13,1,4,1,1
SF,IC2006,2020-02-03 09:33:58.900,4768.0000,40856,-1,2956891400.000,1,0,1,双平,S,4768.0000,4767.8000,4767.2000,4766.6000,4766.2000,4768.8000,4769.8000,4770.0000,4770.2000,4770.4000,14,1,1,1,5,1,1,13,1,4
SF,IC2006,2020-02-03 09:33:59.400,4768.0000,40850,-6,2963566760.000,7,0,7,多平,S,4768.0000,4767.8000,4767.2000,4766.6000,4766.2000,4769.8000,4770.0000,4770.2000,4770.4000,4771.0000,10,1,1,1,5,1,13,1,4,1
SF,IC2006,2020-02-03 09:33:59.900,4768.0000,40846,-4,2967381160.000,4,0,4,双平,S,4768.0000,4767.8000,4767.2000,4766.6000,4766.2000,4769.8000,4770.0000,4770.2000,4770.4000,4771.0000,6,1,1,1,5,1,13,1,4,1
SF,IC2006,2020-02-03 09:34:00.400,4768.0000,40844,-2,2969288360.000,2,0,2,双平,S,4768.0000,4767.8000,4767.2000,4766.6000,4766.2000,4769.6000,4769.8000,4770.0000,4770.2000,4770.4000,4,1,1,1,5,2,1,13,1,4
SF,IC2006,2020-02-03 09:34:00.900,4768.0000,40841,-3,2974056360.000,5,1,4,多平,S,4767.8000,4767.2000,4766.6000,4766.2000,4766.0000,4768.0000,4769.4000,4769.6000,4769.8000,4770.0000,1,1,1,5,2,2,1,3,1,13
SF,IC2006,2020-02-03 09:34:01.400,4767.2000,40839,-2,2975963360.000,2,0,2,双平,S,4766.6000,4766.2000,4766.0000,4765.4000,4765.0000,4767.8000,4768.0000,4769.4000,4769.6000,4769.8000,1,5,2,5,9,7,2,1,3,1
SF,IC2006,2020-02-03 09:34:01.900,4766.6000,40839,0,2976916680.000,1,0,1,多换,S,4766.2000,4766.0000,4765.4000,4765.0000,4763.2000,4767.8000,4768.0000,4769.4000,4769.6000,4769.8000,6,2,5,9,5,6,4,1,3,1
SF,IC2006,2020-02-03 09:34:02.400,4767.8000,40838,-1,2979777360.000,3,1,2,多平,S,4766.6000,4766.2000,4766.0000,4765.4000,4765.0000,4767.8000,4768.0000,4769.4000,4769.6000,4769.8000,2,6,2,5,9,2,5,1,3,1
SF,IC2006,2020-02-03 09:34:02.900,4766.8000,40834,-4,2983591200.000,4,0,4,双平,S,4766.6000,4766.2000,4766.0000,4765.4000,4765.0000,4767.6000,4768.0000,4769.4000,4769.6000,4769.8000,2,6,2,5,9,1,5,1,3,1
SF,IC2006,2020-02-03 09:34:03.400,4768.0000,40833,-1,2985498320.000,2,0,2,多平,S,4766.8000,4766.6000,4766.2000,4766.0000,4765.4000,4768.0000,4768.6000,4769.4000,4769.6000,4770.0000,1,2,6,2,5,4,1,1,2,13
SF,IC2006,2020-02-03 09:34:03.900,4767.0000,40828,-5,2990266120.000,5,0,5,双平,S,4767.0000,4766.2000,4766.0000,4765.4000,4765.0000,4768.6000,4769.4000,4769.6000,4770.0000,4770.2000,3,6,2,5,9,1,1,2,13,1
SF,IC2006,2020-02-03 09:34:04.400,4767.0000,40827,-1,2993126320.000,3,1,2,多平,S,4766.2000,4766.0000,4765.4000,4765.0000,4763.2000,4768.6000,4769.6000,4770.0000,4770.2000,4770.4000,6,2,5,9,5,1,2,9,1,4
SF,IC2006,2020-02-03 09:34:04.900,4767.0000,40827,0,2993126320.000,0,-,-,-,-,4766.2000,4766.0000,4765.4000,4765.0000,4763.2000,4768.0000,4768.6000,4769.6000,4770.0000,4770.2000,6,2,5,9,5,3,1,2,9,1
SF,IC2006,2020-02-03 09:34:05.400,4766.4000,40824,-3,2996940400.000,4,0,4,多平,S,4766.2000,4766.0000,4765.4000,4765.0000,4763.2000,4768.6000,4769.6000,4770.0000,4770.2000,4770.4000,6,2,5,9,5,1,2,9,1,4
SF,IC2006,2020-02-03 09:34:05.900,4768.6000,40821,-3,3002660520.000,6,1,5,多平,S,4766.2000,4766.0000,4765.4000,4765.0000,4763.2000,4768.6000,4769.6000,4770.0000,4770.2000,4770.4000,6,2,5,9,5,1,2,10,1,4
SF,IC2006,2020-02-03 09:34:06.400,4768.6000,40819,-2,3005521680.000,3,0,3,多平,S,4766.2000,4766.0000,4765.4000,4765.0000,4763.2000,4769.6000,4770.0000,4770.2000,4770.4000,4770.8000,6,2,5,9,5,2,10,1,4,1
SF,IC2006,2020-02-03 09:34:06.900,4766.4000,40817,-2,3008382760.000,3,0,3,多平,S,4768.6000,4766.4000,4766.2000,4766.0000,4765.4000,4769.6000,4770.0000,4770.2000,4770.4000,4770.8000,1,1,6,2,5,1,10,1,4,1
SF,IC2006,2020-02-03 09:34:07.400,4769.4000,40814,-3,3012198080.000,4,0,4,多平,S,4768.6000,4766.4000,4766.2000,4766.0000,4765.4000,4770.0000,4770.2000,4770.4000,4770.8000,4771.0000,1,1,6,2,5,10,1,4,1,1
SF,IC2006,2020-02-03 09:34:07.900,4770.0000,40811,-3,3017921640.000,6,1,5,多平,S,4769.6000,4769.0000,4768.6000,4768.0000,4766.4000,4770.0000,4770.2000,4770.4000,4770.8000,4771.0000,21,1,1,1,1,9,1,4,1,1
SF,IC2006,2020-02-03 09:34:08.400,4770.0000,40802,-9,3026507640.000,9,0,9,双平,S,4769.6000,4768.6000,4768.0000,4766.4000,4766.2000,4770.2000,4770.4000,4770.8000,4771.0000,4772.0000,21,1,1,1,6,1,4,1,1,1
SF,IC2006,2020-02-03 09:34:08.900,4770.2000,40801,-1,3028415720.000,2,0,2,多平,S,4769.6000,4768.6000,4768.0000,4766.4000,4766.2000,4770.4000,4770.8000,4771.0000,4772.0000,4772.4000,21,1,1,1,6,4,1,1,1,7
SF,IC2006,2020-02-03 09:34:09.400,4770.4000,40801,0,3030323880.000,2,1,1,多换,S,4769.8000,4769.6000,4768.6000,4768.0000,4766.2000,4770.4000,4770.8000,4771.0000,4772.0000,4772.4000,1,21,1,1,6,2,1,1,1,7
