市场代码,合约代码,时间,最新,持仓,增仓,成交额,成交量,开仓,平仓,成交类型,方向,买一价,买二价,买三价,买四价,买五价,卖一价,卖二价,卖三价,卖四价,卖五价,买一量,买二量,买三量,买四量,买五量,卖一量,卖二量,卖三量,卖四量,卖五量
SF,IC2012,2020-06-29 09:29:00.200,5426.0000,35092,0,9766800.000,9.000,-,-,-,-,5425.0000,5423.6000,5422.2000,5420.2000,5420.0000,5426.0000,5435.2000,5436.0000,5437.0000,5438.0000,2,1,1,2,1,6,1,1,20,41
SF,IC2012,2020-06-29 09:30:00.200,5426.0000,35101,9,29300400.000,18,13,5,空开,S,5427.0000,5426.8000,5426.6000,5426.2000,5426.0000,5435.2000,5436.0000,5437.0000,5438.0000,5439.0000,2,1,10,3,10,1,1,20,41,23
SF,IC2012,2020-06-29 09:30:00.700,5430.0000,35095,-6,36906640.000,7,0,7,多平,S,5428.8000,5428.0000,5427.4000,5427.2000,5427.0000,5435.0000,5435.2000,5436.0000,5437.0000,5438.0000,1,1,3,5,1,3,1,1,20,41
SF,IC2012,2020-06-29 09:30:01.200,5435.2000,35092,-3,41252800.000,4,0,4,多平,S,5429.2000,5429.0000,5428.8000,5428.0000,5427.2000,5436.0000,5437.0000,5438.0000,5439.0000,5440.0000,2,5,1,1,3,1,20,41,24,20
SF,IC2012,2020-06-29 09:30:01.700,5429.4000,35089,-3,44511960.000,3,0,3,双平,S,5429.4000,5429.2000,5429.0000,5428.0000,5427.2000,5434.2000,5436.0000,5437.0000,5438.0000,5439.0000,5,2,4,1,3,1,1,20,41,24
SF,IC2012,2020-06-29 09:30:02.200,5434.2000,35087,-2,53206680.000,8,3,5,多平,S,5434.4000,5429.8000,5429.6000,5429.4000,5429.0000,5436.0000,5437.0000,5438.0000,5439.0000,5440.0000,1,2,1,1,3,1,20,41,24,20
SF,IC2012,2020-06-29 09:30:02.700,5429.8000,35085,-2,56466360.000,3,0,3,多平,S,5429.8000,5429.0000,5428.0000,5427.8000,5427.2000,5435.8000,5436.0000,5437.0000,5438.0000,5439.0000,1,3,1,1,4,1,1,20,41,24
SF,IC2012,2020-06-29 09:30:03.200,5429.8000,35084,-1,61896160.000,5,2,3,多平,S,5429.8000,5429.0000,5428.0000,5427.8000,5427.2000,5435.8000,5436.0000,5437.0000,5438.0000,5439.0000,1,3,7,1,4,1,2,20,41,24
SF,IC2012,2020-06-29 09:30:03.700,5435.6000,35084,0,62983280.000,1,0,1,多换,S,5430.0000,5429.4000,5429.0000,5428.0000,5427.8000,5436.0000,5437.0000,5438.0000,5439.0000,5440.0000,6,1,3,6,1,2,20,41,24,20
SF,IC2012,2020-06-29 09:30:04.200,5430.4000,35083,-1,64069360.000,1,0,1,双平,S,5432.0000,5430.0000,5429.4000,5429.0000,5428.0000,5433.2000,5435.8000,5436.0000,5437.0000,5438.0000,1,6,1,3,6,1,1,2,20,41
SF,IC2012,2020-06-29 09:30:04.700,5430.0000,35080,-3,70586360.000,6,1,5,多平,S,5430.0000,5429.4000,5429.0000,5428.0000,5427.2000,5433.2000,5436.0000,5437.0000,5438.0000,5439.0000,2,1,3,6,3,1,2,20,41,24
SF,IC2012,2020-06-29 09:30:05.200,5430.0000,35079,-1,76016360.000,5,2,3,多平,S,5429.8000,5429.4000,5429.0000,5428.4000,5428.0000,5433.0000,5433.2000,5436.0000,5437.0000,5438.0000,1,1,3,1,6,2,1,2,20,41
SF,IC2012,2020-06-29 09:30:05.700,5429.4000,35079,0,80360680.000,4,2,2,多换,S,5428.4000,5428.0000,5427.8000,5426.0000,5425.0000,5432.8000,5433.0000,5435.4000,5436.0000,5437.0000,1,6,1,3,3,1,2,2,3,20
SF,IC2012,2020-06-29 09:30:06.200,5430.0000,35079,0,82532680.000,2,1,1,多换,S,5429.2000,5428.4000,5428.0000,5427.8000,5426.0000,5432.6000,5432.8000,5433.0000,5435.4000,5436.0000,1,1,6,1,3,1,1,1,2,3
SF,IC2012,2020-06-29 09:30:06.700,5429.2000,35078,-1,83618520.000,1,0,1,双平,S,5428.4000,5428.0000,5427.8000,5426.0000,5425.0000,5432.6000,5433.0000,5436.0000,5437.0000,5438.0000,1,6,1,3,3,1,1,3,20,40
SF,IC2012,2020-06-29 09:30:07.200,5428.4000,35078,0,84704200.000,1,0,1,多换,S,5428.6000,5428.0000,5426.0000,5425.0000,5423.6000,5432.6000,5433.0000,5436.0000,5437.0000,5438.0000,1,6,3,3,1,1,1,3,20,40
SF,IC2012,2020-06-29 09:30:07.700,5428.4000,35078,0,84704200.000,0,-,-,-,-,5428.6000,5428.0000,5426.2000,5426.0000,5425.0000,5433.0000,5436.0000,5437.0000,5438.0000,5439.0000,1,6,1,3,3,1,3,20,40,24
SF,IC2012,2020-06-29 09:30:08.200,5428.6000,35077,-1,85789920.000,1,0,1,双平,S,5428.0000,5426.0000,5425.0000,5423.6000,5423.0000,5428.6000,5430.0000,5431.4000,5432.4000,5433.0000,6,3,3,1,5,1,1,1,1,1
SF,IC2012,2020-06-29 09:30:08.700,5428.6000,35076,-1,86875640.000,1,0,1,双平,S,5428.0000,5426.0000,5425.0000,5423.6000,5423.0000,5428.6000,5430.0000,5431.0000,5431.4000,5432.4000,6,3,3,1,5,20,2,1,2,1
SF,IC2012,2020-06-29 09:30:09.200,5428.0000,35075,-1,90132560.000,3,1,2,多平,S,5428.4000,5428.0000,5426.0000,5425.0000,5423.6000,5428.6000,5430.0000,5431.0000,5431.4000,5432.4000,1,4,3,3,1,20,3,1,2,1
SF,IC2012,2020-06-29 09:30:09.700,5428.0000,35072,-3,98817680.000,8,2,6,多平,S,5426.0000,5425.0000,5423.6000,5423.0000,5422.2000,5428.0000,5428.4000,5428.6000,5430.0000,5431.0000,3,3,1,5,1,19,1,20,4,1
SF,IC2012,2020-06-29 09:30:10.200,5428.0000,35072,0,98817680.000,0,-,-,-,-,5426.0000,5425.0000,5423.6000,5423.0000,5422.2000,5427.8000,5428.0000,5428.4000,5428.6000,5430.0000,3,3,1,5,1,3,21,1,20,4
SF,IC2012,2020-06-29 09:30:10.700,5428.0000,35071,-1,102074480.000,3,1,2,多平,S,5426.0000,5425.0000,5423.6000,5423.0000,5422.2000,5427.8000,5428.0000,5428.4000,5428.6000,5430.0000,3,3,1,5,1,1,21,1,20,4
SF,IC2012,2020-06-29 09:30:11.200,5426.0000,35068,-3,106415640.000,4,0,4,多平,S,5426.0000,5425.0000,5423.6000,5423.0000,5422.2000,5428.0000,5428.4000,5428.6000,5430.0000,5431.4000,1,3,1,5,1,2,1,1,4,1
SF,IC2012,2020-06-29 09:30:11.700,5427.8000,35067,-1,108586760.000,2,0,2,多平,S,5426.0000,5425.0000,5423.6000,5423.0000,5422.2000,5428.0000,5428.4000,5428.6000,5430.0000,5431.4000,1,3,1,5,1,1,1,1,4,1
SF,IC2012,2020-06-29 09:30:12.200,5427.8000,35068,1,109672320.000,1,1,0,双开,S,5426.2000,5426.0000,5425.0000,5424.2000,5423.6000,5428.0000,5428.4000,5428.6000,5430.0000,5431.4000,1,1,3,1,1,1,1,1,4,1
SF,IC2012,2020-06-29 09:30:12.700,5426.0000,35067,-1,110757520.000,1,0,1,双平,S,5425.0000,5424.8000,5424.2000,5423.6000,5423.0000,5426.0000,5428.0000,5428.4000,5428.6000,5430.0000,3,1,1,1,5,40,1,1,1,4
SF,IC2012,2020-06-29 09:30:13.200,5426.0000,35050,-17,129205920.000,17,0,17,双平,S,5425.2000,5425.0000,5424.8000,5424.2000,5423.6000,5426.0000,5426.2000,5428.0000,5428.4000,5428.6000,4,3,1,1,1,23,20,1,1,1
SF,IC2012,2020-06-29 09:30:13.700,5426.0000,35047,-3,133546720.000,4,0,4,多平,S,5425.4000,5425.2000,5425.0000,5424.8000,5424.2000,5426.0000,5426.2000,5428.0000,5428.4000,5428.6000,1,3,3,1,1,21,20,1,1,1
SF,IC2012,2020-06-29 09:30:14.200,5426.0000,35041,-6,141143120.000,7,0,7,多平,S,5425.6000,5425.4000,5425.2000,5425.0000,5424.8000,5426.0000,5426.2000,5428.0000,5428.4000,5428.6000,3,1,3,3,1,14,20,1,1,1
SF,IC2012,2020-06-29 09:30:14.700,5425.4000,35008,-33,179124640.000,35,1,34,多平,S,5425.2000,5425.0000,5424.8000,5424.2000,5423.6000,5425.4000,5426.2000,5428.0000,5428.4000,5428.6000,3,3,1,1,1,13,12,1,1,1
SF,IC2012,2020-06-29 09:30:15.200,5425.4000,34993,-15,195400760.000,15,0,15,双平,S,5425.2000,5425.0000,5424.8000,5424.2000,5423.6000,5426.2000,5428.0000,5428.4000,5428.6000,5430.0000,1,3,1,1,1,12,1,1,1,4
SF,IC2012,2020-06-29 09:30:15.700,5425.6000,34990,-3,201911440.000,6,1,5,多平,S,5425.0000,5424.8000,5424.2000,5423.6000,5423.0000,5425.6000,5426.2000,5428.0000,5428.4000,5428.6000,3,1,1,1,5,3,11,1,1,1
SF,IC2012,2020-06-29 09:30:16.200,5425.6000,34986,-4,207336680.000,5,0,5,多平,S,5424.8000,5424.2000,5423.6000,5422.2000,5420.2000,5425.2000,5425.6000,5426.2000,5428.0000,5428.4000,1,1,1,1,1,10,1,11,1,1
SF,IC2012,2020-06-29 09:30:16.700,5425.0000,34984,-2,210591600.000,3,0,3,多平,S,5424.2000,5423.6000,5422.2000,5420.2000,5420.0000,5424.8000,5425.2000,5425.6000,5426.0000,5426.2000,1,1,1,1,3,2,10,1,11,11
SF,IC2012,2020-06-29 09:30:17.200,5424.8000,34982,-2,213846360.000,3,0,3,多平,S,5423.6000,5422.2000,5420.2000,5420.0000,5418.0000,5425.0000,5425.2000,5425.6000,5426.0000,5426.2000,1,1,1,3,1,1,10,1,11,11
SF,IC2012,2020-06-29 09:30:17.700,5425.2000,34981,-1,218185880.000,4,1,3,多平,S,5420.2000,5420.0000,5418.0000,5417.2000,5414.6000,5425.2000,5425.6000,5426.0000,5426.2000,5428.0000,1,3,1,5,1,9,1,11,11,1
SF,IC2012,2020-06-29 09:30:18.200,5421.6000,34981,0,219270200.000,1,0,1,多换,S,5421.6000,5420.4000,5420.2000,5420.0000,5418.0000,5424.0000,5425.2000,5425.6000,5426.0000,5426.2000,2,3,1,3,1,2,9,1,11,11
SF,IC2012,2020-06-29 09:30:18.700,5424.0000,34980,-1,222524600.000,3,1,2,多平,S,5422.0000,5421.6000,5420.2000,5420.0000,5418.0000,5425.2000,5425.6000,5426.0000,5426.2000,5428.0000,1,2,1,3,1,9,1,11,11,1
SF,IC2012,2020-06-29 09:30:19.200,5424.0000,34980,0,222524600.000,0,-,-,-,-,5422.0000,5421.6000,5420.2000,5420.0000,5418.0000,5425.0000,5425.2000,5425.6000,5426.0000,5426.2000,1,2,1,3,1,4,9,1,11,11
SF,IC2012,2020-06-29 09:30:19.700,5425.0000,34980,0,223609600.000,1,0,1,多换,S,5422.0000,5421.6000,5420.2000,5420.0000,5418.0000,5425.0000,5425.2000,5425.6000,5426.0000,5426.2000,1,2,1,3,1,3,9,1,11,11
SF,IC2012,2020-06-29 09:30:20.200,5425.0000,34977,-3,226864600.000,3,0,3,双平,S,5422.0000,5421.6000,5420.2000,5420.0000,5418.2000,5425.2000,5425.6000,5426.0000,5428.0000,5428.4000,1,2,1,3,1,9,1,11,1,1
SF,IC2012,2020-06-29 09:30:20.700,5422.0000,34977,0,227949000.000,1,0,1,多换,S,5421.6000,5420.2000,5420.0000,5418.2000,5418.0000,5425.2000,5425.6000,5426.0000,5428.0000,5428.4000,2,1,3,1,1,9,1,11,1,1
SF,IC2012,2020-06-29 09:30:21.200,5421.6000,34977,0,229033320.000,1,0,1,多换,S,5424.0000,5421.6000,5420.2000,5420.0000,5418.8000,5424.8000,5425.0000,5425.2000,5425.6000,5426.0000,1,1,1,3,1,1,1,9,1,11
SF,IC2012,2020-06-29 09:30:21.700,5424.0000,34977,0,230118120.000,1,0,1,多换,S,5422.0000,5420.2000,5420.0000,5418.8000,5418.2000,5423.8000,5424.8000,5425.0000,5425.2000,5426.0000,2,1,3,1,1,1,1,1,9,11
SF,IC2012,2020-06-29 09:30:22.200,5422.0000,34976,-1,232286920.000,2,0,2,多平,S,5422.0000,5421.8000,5420.2000,5420.0000,5418.8000,5424.8000,5425.0000,5425.2000,5426.0000,5428.0000,1,1,1,3,1,1,1,9,11,1
SF,IC2012,2020-06-29 09:30:22.700,5425.2000,34976,0,235541320.000,3,1,2,多换,S,5421.8000,5420.2000,5420.0000,5418.2000,5418.0000,5425.2000,5426.0000,5428.0000,5428.4000,5428.6000,1,1,3,1,1,8,11,1,1,1
SF,IC2012,2020-06-29 09:30:23.200,5421.8000,34977,1,236625680.000,1,1,0,双开,S,5420.2000,5420.0000,5418.2000,5418.0000,5417.2000,5425.0000,5425.2000,5426.0000,5428.0000,5428.4000,1,3,1,1,5,1,8,11,1,1
SF,IC2012,2020-06-29 09:30:23.700,5421.8000,34977,0,236625680.000,0,-,-,-,-,5420.2000,5420.0000,5418.2000,5418.0000,5417.6000,5422.0000,5424.8000,5425.0000,5425.2000,5426.0000,1,3,1,1,1,1,1,1,8,11
SF,IC2012,2020-06-29 09:30:24.200,5422.0000,34976,-1,237710080.000,1,0,1,双平,S,5420.2000,5420.0000,5418.0000,5417.6000,5417.2000,5424.8000,5425.2000,5426.0000,5428.0000,5428.4000,1,3,1,1,5,1,8,11,1,1
SF,IC2012,2020-06-29 09:30:24.700,5420.2000,34977,1,238794120.000,1,1,0,双开,S,5420.0000,5418.0000,5417.6000,5417.2000,5416.2000,5424.8000,5425.2000,5426.0000,5428.0000,5428.4000,3,1,1,5,1,1,8,11,1,1
SF,IC2012,2020-06-29 09:30:25.200,5420.2000,34977,0,238794120.000,0,-,-,-,-,5420.0000,5418.0000,5417.6000,5417.2000,5416.2000,5425.2000,5426.0000,5428.0000,5428.4000,5428.6000,3,1,1,5,1,8,11,1,1,1
SF,IC2012,2020-06-29 09:30:25.700,5420.2000,34977,0,238794120.000,0,-,-,-,-,5421.0000,5420.0000,5418.0000,5417.6000,5417.2000,5425.2000,5426.0000,5428.0000,5428.4000,5428.6000,1,3,1,1,5,8,11,1,1,1
SF,IC2012,2020-06-29 09:30:26.200,5420.2000,34977,0,238794120.000,0,-,-,-,-,5421.0000,5420.6000,5420.0000,5418.0000,5417.2000,5425.2000,5426.0000,5428.0000,5428.4000,5428.6000,1,1,5,1,5,8,11,1,1,1
SF,IC2012,2020-06-29 09:30:26.700,5420.2000,34977,0,238794120.000,0,-,-,-,-,5421.2000,5421.0000,5420.6000,5420.0000,5417.2000,5425.2000,5426.0000,5428.0000,5428.4000,5428.6000,1,1,1,5,5,8,11,1,1,1
SF,IC2012,2020-06-29 09:30:27.200,5420.2000,34977,0,238794120.000,0,-,-,-,-,5423.6000,5422.6000,5421.2000,5421.0000,5420.6000,5425.2000,5426.0000,5428.0000,5428.4000,5428.6000,1,1,1,1,1,8,11,1,1,1
SF,IC2012,2020-06-29 09:30:27.700,5425.2000,34977,0,240964200.000,2,1,1,多换,S,5424.6000,5422.6000,5421.2000,5421.0000,5420.6000,5425.2000,5426.0000,5428.0000,5428.4000,5428.6000,1,1,1,1,1,6,11,1,1,1
SF,IC2012,2020-06-29 09:30:28.200,5424.6000,34976,-1,242049120.000,1,0,1,双平,S,5422.6000,5421.2000,5421.0000,5420.6000,5420.2000,5425.2000,5426.0000,5428.4000,5428.6000,5430.0000,1,1,1,1,1,6,11,1,1,4
SF,IC2012,2020-06-29 09:30:28.700,5424.4000,34975,-1,243134000.000,1,0,1,双平,S,5422.6000,5421.8000,5421.2000,5421.0000,5420.2000,5424.6000,5425.2000,5426.0000,5428.4000,5428.6000,1,1,1,1,1,1,6,11,1,1
SF,IC2012,2020-06-29 09:30:29.200,5424.6000,34975,0,245303800.000,2,1,1,多换,S,5422.6000,5421.8000,5421.2000,5421.0000,5420.2000,5425.2000,5426.0000,5428.4000,5428.6000,5430.0000,1,1,1,1,1,6,11,1,1,4
SF,IC2012,2020-06-29 09:30:29.700,5421.2000,34972,-3,250726920.000,5,1,4,多平,S,5421.0000,5420.2000,5420.0000,5417.2000,5416.4000,5421.2000,5423.6000,5425.2000,5426.0000,5428.4000,1,1,5,5,1,17,1,6,11,1
SF,IC2012,2020-06-29 09:30:30.200,5421.2000,34955,-17,270243240.000,18,0,18,多平,S,5421.2000,5421.0000,5420.8000,5420.2000,5420.0000,5423.6000,5425.2000,5426.0000,5428.4000,5428.6000,1,3,1,1,5,1,6,11,1,1
SF,IC2012,2020-06-29 09:30:30.700,5423.6000,34956,1,271327960.000,1,1,0,双开,S,5421.2000,5421.0000,5420.8000,5420.2000,5420.0000,5424.6000,5425.2000,5426.0000,5428.4000,5428.6000,1,3,1,1,5,1,6,11,1,1
SF,IC2012,2020-06-29 09:30:31.200,5423.6000,34956,0,271327960.000,0,-,-,-,-,5421.4000,5421.2000,5421.0000,5420.8000,5420.2000,5424.6000,5425.2000,5426.0000,5428.6000,5430.0000,1,1,3,1,1,1,6,11,1,4
SF,IC2012,2020-06-29 09:30:31.700,5424.6000,34955,-1,272412880.000,1,0,1,双平,S,5422.0000,5421.4000,5421.2000,5421.0000,5420.8000,5425.2000,5426.0000,5428.6000,5430.0000,5431.4000,1,1,2,3,1,6,11,1,4,1
SF,IC2012,2020-06-29 09:30:32.200,5425.2000,34955,0,273497920.000,1,0,1,多换,S,5422.2000,5422.0000,5421.2000,5421.0000,5420.8000,5425.2000,5426.0000,5428.6000,5430.0000,5431.4000,1,1,2,3,1,5,11,1,4,1
SF,IC2012,2020-06-29 09:30:32.700,5422.4000,34955,0,274582400.000,1,0,1,多换,S,5422.2000,5422.0000,5421.2000,5421.0000,5420.8000,5425.2000,5426.0000,5428.6000,5430.0000,5431.4000,1,1,1,4,1,5,11,1,4,1
SF,IC2012,2020-06-29 09:30:33.200,5422.4000,34955,0,274582400.000,0,-,-,-,-,5423.0000,5422.4000,5422.2000,5422.0000,5421.2000,5425.2000,5426.0000,5428.6000,5430.0000,5431.4000,1,1,1,1,1,5,11,1,4,1
SF,IC2012,2020-06-29 09:30:33.700,5425.2000,34956,1,280007600.000,5,3,2,空开,S,5423.2000,5423.0000,5422.6000,5422.0000,5421.2000,5426.0000,5428.6000,5430.0000,5432.4000,5439.0000,1,1,2,1,1,11,1,4,1,4
SF,IC2012,2020-06-29 09:30:34.200,5423.2000,34955,-1,281092240.000,1,0,1,双平,S,5423.0000,5422.6000,5422.0000,5421.2000,5421.0000,5423.2000,5426.0000,5428.6000,5430.0000,5432.4000,1,2,1,1,4,1,11,1,4,1
SF,IC2012,2020-06-29 09:30:34.700,5423.2000,34955,0,282176880.000,1,0,1,多换,S,5425.2000,5425.0000,5424.0000,5423.2000,5423.0000,5426.0000,5428.6000,5430.0000,5432.4000,5439.0000,1,1,2,1,1,11,1,4,1,4
SF,IC2012,2020-06-29 09:30:35.200,5424.0000,34954,-1,285431720.000,3,1,2,多平,S,5424.0000,5423.0000,5422.0000,5421.2000,5421.0000,5425.2000,5426.0000,5428.6000,5430.0000,5432.4000,1,1,1,1,4,1,11,1,4,1
SF,IC2012,2020-06-29 09:30:35.700,5424.0000,34954,0,285431720.000,0,-,-,-,-,5424.0000,5423.0000,5422.0000,5421.2000,5421.0000,5426.0000,5428.6000,5430.0000,5432.4000,5439.0000,1,2,1,1,4,11,1,4,1,4
SF,IC2012,2020-06-29 09:30:36.200,5424.0000,34954,0,285431720.000,0,-,-,-,-,5424.2000,5424.0000,5423.0000,5422.0000,5421.2000,5425.8000,5426.0000,5428.6000,5430.0000,5432.4000,1,1,1,1,1,1,11,1,4,1
SF,IC2012,2020-06-29 09:30:36.700,5424.2000,34952,-2,288686920.000,3,0,3,多平,S,5424.0000,5423.0000,5422.0000,5421.6000,5421.2000,5426.0000,5428.6000,5430.0000,5432.4000,5439.0000,1,1,1,1,1,10,1,4,1,4
SF,IC2012,2020-06-29 09:30:37.200,5424.0000,34954,2,291942120.000,3,2,1,空开,S,5423.0000,5422.0000,5421.6000,5421.2000,5421.0000,5424.0000,5426.0000,5428.6000,5430.0000,5432.4000,1,1,1,1,4,2,8,1,4,1
SF,IC2012,2020-06-29 09:30:37.700,5424.0000,34954,0,294111720.000,2,1,1,多换,S,5424.0000,5423.0000,5422.0000,5421.2000,5421.0000,5426.0000,5428.6000,5430.0000,5430.6000,5432.4000,2,1,1,1,4,8,1,4,9,1
SF,IC2012,2020-06-29 09:30:38.200,5424.0000,34954,0,294111720.000,0,-,-,-,-,5424.2000,5424.0000,5423.0000,5422.0000,5421.2000,5426.0000,5428.6000,5430.0000,5430.6000,5432.4000,1,2,1,1,1,8,1,4,9,1
SF,IC2012,2020-06-29 09:30:38.700,5424.0000,34954,0,294111720.000,0,-,-,-,-,5424.0000,5423.0000,5422.0000,5421.2000,5421.0000,5426.0000,5428.6000,5430.0000,5430.6000,5432.4000,2,1,1,1,4,8,1,4,9,1
SF,IC2012,2020-06-29 09:30:39.200,5426.0000,34954,0,301708120.000,7,3,4,多换,S,5424.2000,5424.0000,5423.0000,5422.0000,5421.2000,5426.0000,5428.6000,5430.0000,5430.6000,5432.4000,2,2,1,1,1,1,1,4,9,1
SF,IC2012,2020-06-29 09:30:39.700,5426.0000,34954,0,301708120.000,0,-,-,-,-,5424.0000,5423.0000,5422.0000,5421.2000,5421.0000,5426.0000,5428.6000,5430.0000,5430.6000,5432.4000,2,1,1,1,4,1,1,4,9,1
SF,IC2012,2020-06-29 09:30:40.200,5426.0000,34954,0,302793320.000,1,0,1,多换,S,5424.6000,5424.2000,5424.0000,5423.0000,5422.0000,5426.0000,5428.6000,5430.0000,5430.6000,5432.4000,1,1,2,1,1,1,1,4,9,1
SF,IC2012,2020-06-29 09:30:40.700,5426.0000,34954,0,303878520.000,1,0,1,多换,S,5424.6000,5424.0000,5423.0000,5422.0000,5421.8000,5428.6000,5430.0000,5430.6000,5432.4000,5439.0000,1,2,1,1,1,1,4,9,1,4
SF,IC2012,2020-06-29 09:30:41.200,5424.8000,34954,0,304963480.000,1,0,1,多换,S,5424.6000,5424.0000,5423.0000,5422.0000,5421.8000,5428.6000,5429.6000,5430.0000,5430.6000,5432.4000,1,2,1,1,1,1,1,4,9,1
SF,IC2012,2020-06-29 09:30:41.700,5424.8000,34954,0,306048440.000,1,0,1,多换,S,5425.2000,5424.6000,5424.0000,5423.0000,5422.0000,5428.6000,5429.6000,5430.0000,5430.6000,5432.4000,3,1,2,1,1,1,1,4,9,1
SF,IC2012,2020-06-29 09:30:42.200,5424.8000,34954,0,306048440.000,0,-,-,-,-,5426.0000,5425.4000,5425.2000,5425.0000,5424.6000,5428.6000,5429.6000,5430.0000,5430.6000,5432.4000,1,1,3,2,1,1,1,4,9,1
SF,IC2012,2020-06-29 09:30:42.700,5424.8000,34954,0,306048440.000,0,-,-,-,-,5426.2000,5426.0000,5425.6000,5425.2000,5425.0000,5428.6000,5429.6000,5430.0000,5430.6000,5432.4000,2,1,1,3,2,1,1,4,9,1
SF,IC2012,2020-06-29 09:30:43.200,5424.8000,34954,0,306048440.000,0,-,-,-,-,5426.2000,5426.0000,5425.6000,5425.2000,5424.6000,5428.6000,5429.6000,5430.0000,5430.6000,5432.4000,2,1,1,3,1,1,1,4,9,1
SF,IC2012,2020-06-29 09:30:43.700,5424.8000,34954,0,306048440.000,0,-,-,-,-,5426.2000,5426.0000,5425.6000,5425.2000,5424.6000,5428.4000,5428.6000,5429.6000,5430.0000,5430.6000,2,1,1,3,1,1,1,1,4,9
SF,IC2012,2020-06-29 09:30:44.200,5428.4000,34953,-1,308219360.000,2,0,2,多平,S,5426.2000,5426.0000,5425.6000,5425.2000,5424.6000,5428.6000,5429.6000,5430.0000,5430.6000,5432.4000,1,1,1,3,1,1,1,4,9,1
SF,IC2012,2020-06-29 09:30:44.700,5428.4000,34953,0,308219360.000,0,-,-,-,-,5426.0000,5425.2000,5424.6000,5424.0000,5423.0000,5428.0000,5428.6000,5429.6000,5430.0000,5430.6000,1,3,1,1,1,2,1,1,4,9
SF,IC2012,2020-06-29 09:30:45.700,5428.4000,34953,0,308219360.000,0,-,-,-,-,5426.4000,5426.0000,5425.2000,5424.0000,5423.0000,5428.0000,5428.6000,5429.6000,5430.0000,5430.6000,1,1,3,1,1,2,1,1,4,9
SF,IC2012,2020-06-29 09:30:46.200,5428.4000,34953,0,308219360.000,0,-,-,-,-,5426.6000,5426.4000,5426.0000,5425.2000,5423.0000,5428.0000,5428.6000,5429.6000,5430.0000,5430.6000,1,1,1,3,1,2,1,1,4,9
SF,IC2012,2020-06-29 09:30:46.700,5428.4000,34953,0,308219360.000,0,-,-,-,-,5426.8000,5426.6000,5426.4000,5426.0000,5425.2000,5428.0000,5428.6000,5429.6000,5430.0000,5430.6000,2,1,1,1,3,2,1,1,4,9
SF,IC2012,2020-06-29 09:30:47.200,5428.4000,34953,0,308219360.000,0,-,-,-,-,5427.0000,5426.8000,5426.4000,5426.0000,5425.2000,5428.0000,5428.6000,5429.6000,5430.0000,5430.6000,1,2,1,1,3,2,1,1,4,9
SF,IC2012,2020-06-29 09:30:47.700,5428.4000,34953,0,308219360.000,0,-,-,-,-,5427.0000,5426.8000,5426.4000,5426.0000,5425.2000,5428.0000,5428.6000,5429.6000,5430.0000,5430.6000,1,2,1,1,3,2,1,1,4,9
SF,IC2012,2020-06-29 09:30:48.200,5428.4000,34953,0,308219360.000,0,-,-,-,-,5427.0000,5426.4000,5426.0000,5425.2000,5423.0000,5428.0000,5428.6000,5429.6000,5430.0000,5430.6000,1,1,1,3,1,2,1,1,4,9
SF,IC2012,2020-06-29 09:30:48.700,5428.0000,34952,-1,310390560.000,2,0,2,多平,S,5427.2000,5426.0000,5425.2000,5423.0000,5422.0000,5428.6000,5429.6000,5430.0000,5430.6000,5432.4000,3,1,3,1,1,1,1,4,9,1
SF,IC2012,2020-06-29 09:30:49.200,5427.2000,34951,-1,313646880.000,3,1,2,多平,S,5426.0000,5425.2000,5423.0000,5422.0000,5421.2000,5427.0000,5428.6000,5429.6000,5430.0000,5430.6000,1,3,1,1,1,17,1,1,4,9
SF,IC2012,2020-06-29 09:30:49.700,5427.0000,34951,0,315817720.000,2,1,1,多换,S,5426.0000,5425.2000,5423.0000,5422.0000,5421.2000,5427.0000,5428.6000,5429.6000,5430.0000,5430.6000,1,3,1,1,1,16,1,1,4,9
SF,IC2012,2020-06-29 09:30:50.200,5427.0000,34945,-6,324500920.000,8,1,7,多平,S,5426.2000,5426.0000,5425.2000,5423.0000,5422.0000,5427.0000,5428.6000,5429.6000,5430.0000,5430.6000,4,1,3,1,1,8,1,1,4,9
SF,IC2012,2020-06-29 09:30:50.700,5426.0000,34941,-4,329927280.000,5,0,5,多平,S,5425.2000,5422.0000,5421.0000,5420.2000,5420.0000,5426.0000,5427.0000,5428.6000,5429.6000,5430.0000,3,1,4,4,17,16,7,1,1,4
SF,IC2012,2020-06-29 09:30:51.200,5426.0000,34940,-1,331012480.000,1,0,1,双平,S,5425.4000,5425.2000,5422.0000,5421.0000,5420.2000,5426.0000,5427.0000,5428.6000,5429.6000,5430.0000,1,3,1,4,4,15,7,1,1,4
SF,IC2012,2020-06-29 09:30:51.700,5426.0000,34939,-1,332097680.000,1,0,1,双平,S,5425.2000,5422.0000,5421.0000,5420.2000,5420.0000,5426.0000,5427.0000,5428.6000,5429.6000,5430.0000,3,1,4,4,17,15,7,1,1,4
SF,IC2012,2020-06-29 09:30:52.200,5426.0000,34939,0,337523680.000,5,2,3,多换,S,5425.4000,5425.2000,5422.0000,5421.0000,5420.2000,5426.0000,5427.0000,5428.6000,5429.6000,5430.0000,1,3,1,4,4,10,7,1,1,4
SF,IC2012,2020-06-29 09:30:52.700,5426.0000,34938,-1,338608880.000,1,0,1,双平,S,5425.2000,5422.0000,5421.0000,5420.2000,5420.0000,5425.4000,5426.0000,5427.0000,5428.6000,5429.6000,3,1,4,4,16,2,9,7,1,1
SF,IC2012,2020-06-29 09:30:53.200,5425.6000,34936,-2,340779120.000,2,0,2,双平,S,5425.4000,5425.2000,5422.0000,5421.0000,5420.2000,5426.0000,5427.0000,5428.6000,5429.6000,5430.0000,2,3,1,4,4,9,7,1,1,5
SF,IC2012,2020-06-29 09:30:53.700,5426.0000,34936,0,341864320.000,1,0,1,多换,S,5425.4000,5425.2000,5422.0000,5421.0000,5420.2000,5426.0000,5427.0000,5428.6000,5429.6000,5430.0000,1,3,1,4,4,8,7,1,1,5
SF,IC2012,2020-06-29 09:30:54.200,5425.4000,34932,-4,347290000.000,5,0,5,多平,S,5425.2000,5422.0000,5421.0000,5420.2000,5420.0000,5425.4000,5426.0000,5427.0000,5428.6000,5429.6000,3,1,4,4,16,17,6,7,1,1
SF,IC2012,2020-06-29 09:30:54.700,5425.4000,34932,0,355970400.000,8,4,4,多换,S,5422.0000,5421.0000,5420.2000,5420.0000,5417.2000,5425.4000,5426.0000,5427.0000,5428.6000,5429.6000,1,4,4,16,5,15,6,7,1,1
SF,IC2012,2020-06-29 09:30:55.200,5425.4000,34932,0,358140560.000,2,1,1,多换,S,5425.0000,5423.0000,5422.2000,5422.0000,5421.0000,5425.4000,5426.0000,5427.0000,5428.6000,5429.6000,1,3,2,1,4,14,6,7,1,1
SF,IC2012,2020-06-29 09:30:55.700,5425.0000,34932,0,359225560.000,1,0,1,多换,S,5423.0000,5422.2000,5422.0000,5421.0000,5420.2000,5424.8000,5425.2000,5426.0000,5427.0000,5428.6000,3,1,1,4,4,2,20,1,1,1
SF,IC2012,2020-06-29 09:30:56.200,5425.0000,34932,0,360310560.000,1,0,1,多换,S,5423.2000,5423.0000,5422.0000,5421.0000,5420.2000,5424.6000,5424.8000,5425.2000,5426.0000,5427.0000,2,3,1,4,4,1,2,20,1,1
SF,IC2012,2020-06-29 09:30:56.700,5425.0000,34930,-2,362480560.000,2,0,2,双平,S,5423.2000,5423.0000,5422.0000,5421.0000,5420.2000,5425.2000,5426.0000,5427.0000,5428.6000,5429.6000,2,3,1,5,4,20,1,1,1,1
SF,IC2012,2020-06-29 09:30:57.200,5425.0000,34930,0,362480560.000,0,-,-,-,-,5423.4000,5423.2000,5423.0000,5422.0000,5421.0000,5425.2000,5426.0000,5427.0000,5428.6000,5429.6000,1,2,3,1,5,20,1,1,1,1
SF,IC2012,2020-06-29 09:30:57.700,5423.0000,34929,-1,366819040.000,4,1,3,多平,S,5422.0000,5421.0000,5420.2000,5420.0000,5415.0000,5423.0000,5426.0000,5427.0000,5428.6000,5429.6000,1,5,4,16,1,16,1,1,1,1
SF,IC2012,2020-06-29 09:30:58.200,5422.2000,34927,-2,370072480.000,3,0,3,多平,S,5422.0000,5421.0000,5420.2000,5420.0000,5415.0000,5423.0000,5423.4000,5426.0000,5427.0000,5428.6000,2,5,4,16,1,15,1,1,1,1
SF,IC2012,2020-06-29 09:30:58.700,5423.0000,34926,-1,373326080.000,3,1,2,多平,S,5421.0000,5420.2000,5420.0000,5415.0000,5414.6000,5423.0000,5423.4000,5425.4000,5427.0000,5428.6000,4,4,16,1,1,13,1,1,1,1
SF,IC2012,2020-06-29 09:30:59.200,5422.2000,34927,1,374410520.000,1,1,0,双开,S,5421.2000,5421.0000,5420.2000,5420.0000,5415.0000,5423.0000,5423.4000,5425.4000,5427.0000,5428.6000,2,4,4,18,1,13,1,1,1,1
SF,IC2012,2020-06-29 09:30:59.700,5422.2000,34927,0,374410520.000,0,-,-,-,-,5421.2000,5421.0000,5420.2000,5420.0000,5419.8000,5423.0000,5423.4000,5425.4000,5427.0000,5428.6000,2,4,4,18,1,13,1,1,1,1
SF,IC2012,2020-06-29 09:31:00.200,5422.2000,34927,0,374410520.000,0,-,-,-,-,5421.2000,5421.0000,5420.2000,5420.0000,5419.8000,5423.0000,5423.4000,5425.4000,5427.0000,5428.6000,2,4,4,18,1,13,1,1,1,1
SF,IC2012,2020-06-29 09:31:00.700,5421.2000,34926,-1,377663240.000,3,1,2,多平,S,5421.0000,5420.2000,5420.0000,5417.2000,5415.0000,5421.2000,5422.8000,5423.4000,5425.4000,5427.0000,4,4,18,6,1,17,1,1,1,1
SF,IC2012,2020-06-29 09:31:01.200,5422.8000,34908,-18,399348360.000,20,1,19,多平,S,5421.6000,5421.0000,5420.2000,5420.0000,5417.2000,5423.4000,5425.4000,5427.0000,5428.6000,5429.6000,3,4,4,18,6,1,1,1,1,1
SF,IC2012,2020-06-29 09:31:01.700,5421.8000,34908,0,400432720.000,1,0,1,多换,S,5421.8000,5421.6000,5421.0000,5420.2000,5420.0000,5423.4000,5425.4000,5427.0000,5428.6000,5429.6000,2,3,4,4,18,1,1,1,1,1
SF,IC2012,2020-06-29 09:31:02.200,5421.6000,34905,-3,404770120.000,4,0,4,多平,S,5421.6000,5421.0000,5420.2000,5420.0000,5417.2000,5423.4000,5425.4000,5427.0000,5428.6000,5429.6000,2,4,4,18,6,1,1,1,1,1
SF,IC2012,2020-06-29 09:31:02.700,5421.6000,34905,0,404770120.000,0,-,-,-,-,5421.8000,5421.6000,5421.0000,5420.4000,5420.2000,5423.2000,5423.4000,5425.4000,5427.0000,5428.6000,1,2,4,1,4,1,1,1,1,1
SF,IC2012,2020-06-29 09:31:03.200,5421.6000,34905,0,404770120.000,0,-,-,-,-,5421.8000,5421.6000,5421.0000,5420.4000,5420.2000,5423.2000,5423.4000,5425.0000,5425.4000,5427.0000,1,2,4,1,4,1,1,1,1,1
SF,IC2012,2020-06-29 09:31:03.700,5423.2000,34905,0,405854760.000,1,0,1,多换,S,5421.8000,5421.6000,5421.0000,5420.2000,5420.0000,5423.4000,5425.0000,5425.4000,5427.0000,5428.6000,1,2,4,4,18,1,4,1,1,1
SF,IC2012,2020-06-29 09:31:04.200,5423.2000,34906,1,406939400.000,1,1,0,双开,S,5421.8000,5421.6000,5421.0000,5420.2000,5420.0000,5423.4000,5425.0000,5425.4000,5427.0000,5428.6000,1,2,4,4,18,1,4,1,1,1
SF,IC2012,2020-06-29 09:31:04.700,5423.4000,34905,-1,408024080.000,1,0,1,双平,S,5422.0000,5421.6000,5421.0000,5420.2000,5420.0000,5425.0000,5425.4000,5426.6000,5427.0000,5428.6000,1,2,5,4,18,4,1,1,1,1
SF,IC2012,2020-06-29 09:31:05.200,5423.4000,34905,0,408024080.000,0,-,-,-,-,5423.4000,5422.2000,5422.0000,5421.6000,5421.0000,5425.0000,5425.4000,5426.6000,5427.0000,5428.6000,1,1,1,2,5,4,1,1,1,1
SF,IC2012,2020-06-29 09:31:05.700,5425.0000,34904,-1,409109080.000,1,0,1,双平,S,5423.6000,5423.4000,5422.0000,5421.6000,5421.0000,5425.0000,5425.4000,5426.6000,5427.0000,5428.6000,1,1,1,2,5,3,1,1,1,1
SF,IC2012,2020-06-29 09:31:06.200,5423.6000,34904,0,410193800.000,1,0,1,多换,S,5423.4000,5423.0000,5422.0000,5421.6000,5421.0000,5425.0000,5425.4000,5426.6000,5427.0000,5428.6000,1,1,1,2,5,3,1,1,1,1
SF,IC2012,2020-06-29 09:31:06.700,5423.6000,34904,0,410193800.000,0,-,-,-,-,5423.6000,5423.0000,5422.0000,5421.6000,5421.2000,5425.0000,5425.4000,5426.6000,5427.0000,5428.6000,2,1,2,3,1,3,1,1,1,1
SF,IC2012,2020-06-29 09:31:07.200,5425.0000,34905,1,412363760.000,2,1,1,空开,S,5423.6000,5423.0000,5422.0000,5421.6000,5421.2000,5425.0000,5425.4000,5426.6000,5427.0000,5428.6000,2,1,2,3,1,2,1,1,1,1
SF,IC2012,2020-06-29 09:31:07.700,5425.0000,34905,0,413448760.000,1,0,1,多换,S,5424.0000,5423.6000,5423.0000,5422.0000,5421.6000,5425.0000,5425.4000,5426.6000,5427.0000,5428.6000,1,2,1,1,3,1,1,1,1,1
SF,IC2012,2020-06-29 09:31:08.200,5423.6000,34908,3,418873200.000,5,4,1,空开,S,5425.0000,5423.6000,5423.0000,5422.0000,5421.6000,5426.6000,5427.0000,5428.6000,5429.6000,5429.8000,1,1,1,1,2,1,1,1,1,2
SF,IC2012,2020-06-29 09:31:08.700,5423.6000,34908,0,418873200.000,0,-,-,-,-,5423.6000,5423.0000,5422.0000,5421.6000,5421.2000,5426.4000,5426.6000,5427.0000,5428.0000,5428.6000,2,1,1,2,1,1,1,1,1,1
SF,IC2012,2020-06-29 09:31:09.200,5426.6000,34907,-1,419958520.000,1,0,1,双平,S,5425.0000,5423.8000,5423.6000,5423.0000,5422.0000,5427.0000,5428.0000,5428.6000,5429.6000,5429.8000,1,1,2,1,1,1,1,1,1,2
SF,IC2012,2020-06-29 09:31:09.700,5426.6000,34907,0,419958520.000,0,-,-,-,-,5426.6000,5425.0000,5423.8000,5423.6000,5423.0000,5426.8000,5427.0000,5428.0000,5428.6000,5429.6000,1,1,1,2,1,1,1,1,1,1
SF,IC2012,2020-06-29 09:31:10.200,5426.6000,34905,-2,423214480.000,3,0,3,多平,S,5425.4000,5425.0000,5423.8000,5423.6000,5423.0000,5426.6000,5427.0000,5428.0000,5428.6000,5429.6000,2,1,1,2,1,1,1,1,1,1
SF,IC2012,2020-06-29 09:31:10.700,5426.6000,34905,0,423214480.000,0,-,-,-,-,5425.2000,5425.0000,5424.4000,5423.8000,5423.6000,5426.4000,5426.6000,5428.0000,5428.6000,5429.6000,1,1,1,1,1,1,1,1,1,1
SF,IC2012,2020-06-29 09:31:11.200,5425.0000,34905,0,426469760.000,3,1,2,多换,S,5424.4000,5423.6000,5423.0000,5422.0000,5421.6000,5426.6000,5428.0000,5428.6000,5429.6000,5429.8000,1,1,2,1,1,1,1,1,1,2
SF,IC2012,2020-06-29 09:31:11.700,5425.2000,34905,0,427554800.000,1,0,1,多换,S,5424.4000,5423.6000,5423.0000,5422.0000,5421.2000,5426.4000,5426.6000,5428.0000,5428.6000,5429.6000,1,1,2,1,1,1,1,1,1,1
SF,IC2012,2020-06-29 09:31:12.200,5424.4000,34904,-1,428639680.000,1,0,1,双平,S,5423.6000,5423.0000,5422.0000,5421.2000,5421.0000,5424.4000,5426.2000,5426.4000,5426.6000,5428.0000,2,2,1,1,5,1,2,1,1,1
SF,IC2012,2020-06-29 09:31:12.700,5424.4000,34904,0,429724560.000,1,0,1,多换,S,5425.2000,5423.6000,5423.0000,5422.0000,5421.2000,5426.2000,5426.4000,5426.6000,5428.6000,5429.6000,2,2,2,1,1,2,1,1,1,1
SF,IC2012,2020-06-29 09:31:13.200,5425.2000,34903,-1,432979680.000,3,1,2,多平,S,5423.6000,5423.0000,5422.0000,5421.2000,5421.0000,5425.2000,5426.2000,5426.6000,5428.6000,5429.6000,2,2,1,1,5,1,2,1,1,1
SF,IC2012,2020-06-29 09:31:13.700,5425.2000,34902,-1,434064720.000,1,0,1,双平,S,5423.6000,5423.0000,5422.0000,5421.2000,5421.0000,5425.0000,5425.2000,5426.2000,5426.6000,5428.6000,2,2,1,1,5,1,1,1,1,1
SF,IC2012,2020-06-29 09:31:14.200,5425.2000,34902,0,434064720.000,0,-,-,-,-,5423.8000,5423.6000,5423.0000,5422.0000,5421.2000,5424.8000,5425.0000,5425.2000,5426.2000,5426.6000,1,2,2,2,1,1,1,1,1,1
SF,IC2012,2020-06-29 09:31:14.700,5424.8000,34901,-1,435149680.000,1,0,1,双平,S,5423.8000,5423.6000,5423.0000,5422.0000,5421.2000,5425.0000,5426.6000,5428.6000,5429.6000,5429.8000,1,2,3,2,1,1,1,1,1,2
SF,IC2012,2020-06-29 09:31:15.200,5425.0000,34901,0,436234680.000,1,0,1,多换,S,5425.0000,5423.8000,5423.6000,5423.0000,5422.0000,5426.6000,5426.8000,5428.6000,5429.6000,5429.8000,2,1,2,3,2,1,3,1,1,2
SF,IC2012,2020-06-29 09:31:15.700,5425.0000,34901,0,436234680.000,0,-,-,-,-,5425.0000,5423.6000,5423.0000,5422.0000,5421.2000,5426.4000,5426.6000,5426.8000,5428.0000,5428.6000,3,2,3,2,1,2,1,3,1,1
SF,IC2012,2020-06-29 09:31:16.200,5425.0000,34900,-1,439489680.000,3,1,2,多平,S,5423.6000,5423.0000,5422.0000,5421.2000,5421.0000,5423.8000,5425.4000,5426.2000,5426.4000,5426.6000,1,4,2,1,5,1,1,3,1,1
SF,IC2012,2020-06-29 09:31:16.700,5423.8000,34900,0,440574440.000,1,0,1,多换,S,5423.6000,5423.0000,5422.0000,5421.2000,5421.0000,5425.4000,5426.2000,5426.4000,5426.8000,5428.6000,1,4,2,1,5,1,3,1,3,1
SF,IC2012,2020-06-29 09:31:17.200,5423.8000,34900,0,440574440.000,0,-,-,-,-,5423.8000,5423.6000,5423.0000,5422.0000,5421.6000,5425.2000,5425.4000,5426.2000,5426.8000,5428.6000,1,1,4,2,1,2,1,2,3,1
SF,IC2012,2020-06-29 09:31:17.700,5423.6000,34899,-1,442743920.000,2,0,2,多平,S,5423.0000,5422.0000,5421.6000,5421.2000,5421.0000,5425.2000,5425.4000,5426.8000,5428.6000,5429.6000,4,2,1,1,5,2,1,3,1,1
SF,IC2012,2020-06-29 09:31:18.200,5425.2000,34899,0,443828960.000,1,0,1,多换,S,5423.2000,5423.0000,5422.0000,5421.6000,5421.2000,5425.2000,5425.4000,5426.8000,5428.6000,5429.6000,3,4,2,1,1,1,1,3,1,1
SF,IC2012,2020-06-29 09:31:18.700,5425.2000,34899,0,443828960.000,0,-,-,-,-,5423.2000,5423.0000,5422.0000,5421.6000,5421.0000,5425.4000,5426.8000,5428.6000,5429.6000,5429.8000,4,4,2,1,5,1,3,1,1,2
SF,IC2012,2020-06-29 09:31:19.200,5425.2000,34899,0,444914000.000,1,0,1,多换,S,5423.2000,5423.0000,5422.0000,5421.6000,5421.0000,5425.2000,5425.4000,5426.8000,5428.6000,5429.6000,3,4,2,1,5,2,1,3,1,1
SF,IC2012,2020-06-29 09:31:19.700,5425.2000,34899,0,444914000.000,0,-,-,-,-,5423.4000,5423.2000,5423.0000,5422.0000,5421.6000,5425.2000,5425.4000,5426.8000,5428.6000,5429.6000,1,3,4,2,1,2,1,3,1,1
SF,IC2012,2020-06-29 09:31:20.700,5425.2000,34899,0,448169120.000,3,1,2,多换,S,5423.4000,5423.2000,5423.0000,5422.0000,5421.6000,5425.0000,5425.4000,5426.8000,5428.6000,5429.6000,1,3,4,2,1,2,1,3,1,1
SF,IC2012,2020-06-29 09:31:21.200,5425.2000,34899,0,450339200.000,2,1,1,多换,S,5423.4000,5423.2000,5423.0000,5422.0000,5421.6000,5425.4000,5425.8000,5426.8000,5428.6000,5429.6000,1,2,4,2,1,1,1,3,1,1
SF,IC2012,2020-06-29 09:31:21.700,5425.2000,34899,0,450339200.000,0,-,-,-,-,5423.6000,5423.4000,5423.2000,5423.0000,5422.0000,5425.4000,5425.8000,5426.8000,5428.6000,5429.6000,1,1,1,4,2,1,1,3,1,1
SF,IC2012,2020-06-29 09:31:22.200,5425.2000,34899,0,451424240.000,1,0,1,多换,S,5423.6000,5423.2000,5423.0000,5422.0000,5421.6000,5425.4000,5425.8000,5426.8000,5428.6000,5429.6000,1,1,4,2,1,1,1,3,1,1
SF,IC2012,2020-06-29 09:31:22.700,5425.2000,34899,0,451424240.000,0,-,-,-,-,5423.8000,5423.6000,5423.2000,5423.0000,5422.0000,5425.4000,5425.8000,5426.8000,5428.6000,5429.6000,1,1,1,4,2,1,1,3,1,1
SF,IC2012,2020-06-29 09:31:23.200,5425.2000,34899,0,451424240.000,0,-,-,-,-,5423.8000,5423.2000,5423.0000,5422.0000,5421.6000,5425.4000,5425.8000,5426.8000,5428.6000,5429.6000,1,1,4,2,1,1,1,3,1,1
SF,IC2012,2020-06-29 09:31:23.700,5423.8000,34899,0,452509000.000,1,0,1,多换,S,5423.2000,5423.0000,5422.0000,5421.6000,5421.0000,5423.8000,5425.2000,5425.4000,5425.8000,5426.8000,1,4,2,1,5,1,1,1,1,3
SF,IC2012,2020-06-29 09:31:24.200,5423.2000,34899,0,454678280.000,2,1,1,多换,S,5423.0000,5422.0000,5421.6000,5421.0000,5420.2000,5423.8000,5425.2000,5425.4000,5425.6000,5425.8000,4,2,2,5,3,1,1,1,1,1
SF,IC2012,2020-06-29 09:31:24.700,5423.0000,34897,-2,459016680.000,4,1,3,多平,S,5422.0000,5421.6000,5421.0000,5420.2000,5420.0000,5425.2000,5425.4000,5425.6000,5425.8000,5426.8000,2,2,5,3,18,1,1,1,1,3
SF,IC2012,2020-06-29 09:31:25.200,5423.0000,34897,0,459016680.000,0,-,-,-,-,5422.2000,5422.0000,5421.6000,5421.0000,5420.2000,5425.2000,5425.4000,5425.6000,5425.8000,5426.8000,1,2,2,5,3,1,2,1,1,3
SF,IC2012,2020-06-29 09:31:25.700,5423.0000,34897,0,459016680.000,0,-,-,-,-,5422.2000,5422.0000,5421.6000,5421.0000,5420.2000,5424.8000,5425.0000,5425.2000,5425.4000,5425.6000,1,2,2,5,3,1,1,1,1,1
SF,IC2012,2020-06-29 09:31:26.200,5423.0000,34897,0,459016680.000,0,-,-,-,-,5422.2000,5422.0000,5421.6000,5421.0000,5420.2000,5424.6000,5424.8000,5425.0000,5425.2000,5425.4000,1,2,2,5,3,1,2,1,1,1
SF,IC2012,2020-06-29 09:31:26.700,5423.0000,34897,0,459016680.000,0,-,-,-,-,5422.4000,5422.2000,5422.0000,5421.6000,5421.0000,5424.6000,5424.8000,5425.0000,5425.2000,5425.4000,1,1,2,2,5,1,2,1,1,1
SF,IC2012,2020-06-29 09:31:27.200,5423.0000,34897,0,459016680.000,0,-,-,-,-,5422.4000,5422.2000,5422.0000,5421.6000,5421.0000,5424.4000,5424.6000,5424.8000,5425.0000,5425.2000,1,1,2,2,5,1,1,1,1,1
SF,IC2012,2020-06-29 09:31:27.700,5424.2000,34897,0,461186000.000,2,1,1,多换,S,5422.0000,5421.6000,5421.0000,5420.2000,5420.0000,5424.4000,5424.6000,5424.8000,5425.0000,5425.2000,2,2,5,3,18,1,1,1,1,1
SF,IC2012,2020-06-29 09:31:28.200,5424.2000,34897,0,462270840.000,1,0,1,多换,S,5422.2000,5422.0000,5421.6000,5421.0000,5420.2000,5424.4000,5424.6000,5424.8000,5425.0000,5425.2000,1,2,2,5,3,1,1,1,1,1
SF,IC2012,2020-06-29 09:31:28.700,5422.0000,34895,-2,465524080.000,3,0,3,多平,S,5421.6000,5421.0000,5420.2000,5420.0000,5419.4000,5424.0000,5424.2000,5424.6000,5424.8000,5425.0000,2,5,3,18,1,1,1,1,1,5
SF,IC2012,2020-06-29 09:31:29.200,5422.0000,34895,0,465524080.000,0,-,-,-,-,5421.6000,5421.0000,5420.2000,5420.0000,5419.4000,5424.0000,5424.2000,5424.6000,5424.8000,5425.0000,2,5,3,18,1,1,1,1,1,5
SF,IC2012,2020-06-29 09:31:29.700,5421.6000,34894,-1,468777080.000,3,1,2,多平,S,5421.0000,5420.2000,5420.0000,5417.0000,5415.0000,5421.6000,5423.8000,5424.0000,5424.2000,5424.6000,5,3,18,1,1,2,1,1,1,1
SF,IC2012,2020-06-29 09:31:30.200,5421.4000,34892,-2,475282360.000,6,2,4,多平,S,5420.2000,5420.0000,5417.0000,5415.0000,5414.6000,5421.6000,5423.8000,5424.0000,5424.2000,5424.6000,3,18,1,1,1,2,3,1,1,1
SF,IC2012,2020-06-29 09:31:30.700,5420.2000,34890,-2,477450440.000,2,0,2,双平,S,5420.2000,5420.0000,5417.0000,5415.0000,5414.6000,5421.6000,5423.8000,5424.0000,5424.2000,5424.6000,1,18,1,1,1,2,3,1,1,1
SF,IC2012,2020-06-29 09:31:31.200,5420.2000,34889,-1,478534480.000,1,0,1,双平,S,5420.0000,5417.0000,5415.0000,5414.6000,5411.4000,5421.4000,5421.6000,5423.8000,5424.0000,5424.2000,18,1,1,1,6,1,2,3,1,1
SF,IC2012,2020-06-29 09:31:31.700,5421.2000,34888,-1,479618720.000,1,0,1,双平,S,5420.0000,5417.0000,5415.0000,5414.6000,5411.4000,5421.4000,5421.6000,5423.8000,5424.0000,5424.2000,18,1,1,1,6,1,2,3,1,1
SF,IC2012,2020-06-29 09:31:33.200,5421.4000,34888,0,480703000.000,1,0,1,多换,S,5421.0000,5420.0000,5417.0000,5415.0000,5414.6000,5421.6000,5423.8000,5424.0000,5424.2000,5424.6000,1,18,1,1,1,2,3,1,1,1
SF,IC2012,2020-06-29 09:31:33.700,5421.0000,34888,0,481787200.000,1,0,1,多换,S,5420.0000,5417.0000,5415.0000,5414.6000,5411.4000,5421.4000,5421.6000,5423.8000,5424.0000,5424.2000,18,1,1,1,6,1,2,3,1,1
SF,IC2012,2020-06-29 09:31:34.200,5421.4000,34888,0,482871480.000,1,0,1,多换,S,5420.0000,5417.0000,5415.0000,5414.6000,5411.4000,5421.6000,5423.8000,5424.0000,5424.2000,5424.6000,18,1,1,1,6,2,3,1,1,1
SF,IC2012,2020-06-29 09:31:34.700,5421.4000,34888,0,482871480.000,0,-,-,-,-,5420.0000,5418.0000,5417.0000,5415.0000,5414.6000,5421.6000,5423.8000,5424.0000,5424.2000,5424.6000,18,1,1,1,1,2,2,1,1,1
SF,IC2012,2020-06-29 09:31:35.200,5421.4000,34888,0,482871480.000,0,-,-,-,-,5420.0000,5418.0000,5417.0000,5415.0000,5414.6000,5421.6000,5423.8000,5424.0000,5424.2000,5424.6000,18,1,1,1,1,2,2,1,1,1
SF,IC2012,2020-06-29 09:31:35.700,5421.4000,34888,0,482871480.000,0,-,-,-,-,5420.2000,5420.0000,5418.0000,5417.0000,5415.0000,5421.6000,5423.8000,5424.0000,5424.2000,5424.6000,2,18,1,1,1,2,2,1,1,1
SF,IC2012,2020-06-29 09:31:36.200,5421.4000,34888,0,482871480.000,0,-,-,-,-,5420.2000,5420.0000,5418.0000,5417.0000,5415.0000,5421.6000,5423.8000,5424.0000,5424.2000,5424.8000,2,18,1,1,1,2,2,1,1,1
SF,IC2012,2020-06-29 09:31:36.700,5421.6000,34886,-2,486124440.000,3,0,3,多平,S,5421.6000,5420.2000,5420.0000,5418.0000,5417.0000,5423.8000,5424.0000,5424.8000,5425.0000,5425.4000,1,2,18,1,1,2,1,1,4,1
SF,IC2012,2020-06-29 09:31:37.200,5421.6000,34886,0,486124440.000,0,-,-,-,-,5420.4000,5420.2000,5420.0000,5419.8000,5418.0000,5423.8000,5424.0000,5424.8000,5425.0000,5425.4000,2,1,18,1,1,1,1,1,4,1
SF,IC2012,2020-06-29 09:31:37.700,5421.6000,34886,0,486124440.000,0,-,-,-,-,5420.4000,5420.0000,5419.8000,5418.0000,5417.0000,5423.8000,5424.0000,5424.8000,5425.0000,5425.4000,2,18,1,1,1,1,1,1,4,1
SF,IC2012,2020-06-29 09:31:38.200,5421.6000,34886,0,486124440.000,0,-,-,-,-,5420.4000,5420.0000,5419.8000,5418.0000,5417.0000,5421.6000,5423.6000,5423.8000,5424.0000,5424.8000,2,18,1,1,1,1,1,1,1,1
SF,IC2012,2020-06-29 09:31:38.700,5421.6000,34885,-1,487208760.000,1,0,1,双平,S,5422.0000,5421.8000,5420.6000,5420.4000,5420.0000,5423.6000,5424.0000,5424.8000,5425.0000,5425.4000,2,1,2,2,18,1,1,1,4,1
SF,IC2012,2020-06-29 09:31:39.200,5421.6000,34885,0,487208760.000,0,-,-,-,-,5422.0000,5421.8000,5420.6000,5420.4000,5420.0000,5423.4000,5423.6000,5424.0000,5424.8000,5425.0000,2,1,2,2,18,1,1,1,1,4
SF,IC2012,2020-06-29 09:31:39.700,5421.6000,34885,0,487208760.000,0,-,-,-,-,5421.8000,5420.6000,5420.0000,5419.8000,5418.6000,5423.4000,5423.6000,5424.0000,5424.8000,5425.0000,1,2,19,1,1,1,1,1,1,4
SF,IC2012,2020-06-29 09:31:40.200,5421.8000,34884,-1,488293120.000,1,0,1,双平,S,5420.6000,5420.0000,5419.8000,5418.6000,5418.0000,5423.4000,5423.6000,5424.0000,5424.8000,5425.0000,1,19,1,1,1,1,1,1,1,4
SF,IC2012,2020-06-29 09:31:40.700,5421.8000,34884,0,488293120.000,0,-,-,-,-,5420.8000,5420.0000,5419.8000,5418.6000,5418.0000,5422.0000,5423.4000,5423.6000,5424.0000,5424.8000,1,19,1,1,1,1,1,1,1,1
SF,IC2012,2020-06-29 09:31:41.200,5422.0000,34884,0,489377520.000,1,0,1,多换,S,5422.0000,5421.0000,5420.8000,5420.0000,5419.8000,5423.6000,5424.0000,5424.8000,5425.0000,5425.4000,1,1,1,19,1,1,1,1,4,1
SF,IC2012,2020-06-29 09:31:41.700,5422.0000,34884,0,489377520.000,0,-,-,-,-,5422.0000,5421.0000,5420.8000,5420.0000,5419.8000,5423.4000,5423.6000,5423.8000,5424.0000,5424.8000,1,1,1,20,1,1,1,1,1,1
SF,IC2012,2020-06-29 09:31:42.200,5422.0000,34884,0,489377520.000,0,-,-,-,-,5422.0000,5421.0000,5420.0000,5419.8000,5418.6000,5423.4000,5423.6000,5424.0000,5424.8000,5425.0000,1,1,20,1,1,1,1,1,1,4
SF,IC2012,2020-06-29 09:31:42.700,5423.4000,34883,-1,490462200.000,1,0,1,双平,S,5422.0000,5421.0000,5420.0000,5419.8000,5418.6000,5423.6000,5424.0000,5424.8000,5425.0000,5425.4000,6,1,20,1,1,1,1,1,4,1
SF,IC2012,2020-06-29 09:31:43.200,5423.4000,34883,0,490462200.000,0,-,-,-,-,5422.2000,5422.0000,5420.0000,5419.8000,5418.6000,5423.6000,5424.0000,5424.8000,5425.0000,5425.4000,1,6,20,1,1,1,1,1,4,1
SF,IC2012,2020-06-29 09:31:43.700,5423.4000,34883,0,490462200.000,0,-,-,-,-,5423.4000,5422.4000,5422.2000,5422.0000,5420.0000,5423.6000,5424.8000,5425.0000,5425.4000,5425.8000,1,1,1,6,20,1,1,4,1,1
SF,IC2012,2020-06-29 09:31:44.200,5423.6000,34883,0,492631600.000,2,1,1,多换,S,5422.4000,5422.2000,5422.0000,5420.0000,5418.6000,5424.8000,5425.0000,5425.4000,5425.6000,5425.8000,1,1,6,20,1,1,4,1,1,1
SF,IC2012,2020-06-29 09:31:44.700,5423.6000,34883,0,492631600.000,0,-,-,-,-,5422.4000,5422.0000,5420.8000,5420.0000,5418.6000,5424.8000,5425.0000,5425.4000,5425.8000,5426.0000,1,6,1,20,1,1,4,1,1,1
SF,IC2012,2020-06-29 09:31:45.200,5423.6000,34883,0,492631600.000,0,-,-,-,-,5422.4000,5422.0000,5420.8000,5420.0000,5418.6000,5424.8000,5425.0000,5425.4000,5425.8000,5426.0000,1,6,1,20,1,1,4,1,1,1
SF,IC2012,2020-06-29 09:31:45.700,5423.6000,34883,0,492631600.000,0,-,-,-,-,5422.4000,5422.0000,5421.8000,5420.8000,5420.0000,5424.6000,5424.8000,5425.0000,5425.4000,5425.8000,1,6,1,1,20,1,1,4,1,1
SF,IC2012,2020-06-29 09:31:46.200,5423.6000,34883,0,492631600.000,0,-,-,-,-,5422.0000,5421.8000,5420.8000,5420.0000,5418.6000,5424.6000,5424.8000,5425.0000,5425.4000,5425.8000,6,1,1,20,1,1,1,4,1,1
SF,IC2012,2020-06-29 09:31:46.700,5423.6000,34883,0,492631600.000,0,-,-,-,-,5422.6000,5422.0000,5421.8000,5420.8000,5420.0000,5424.0000,5424.6000,5424.8000,5425.0000,5425.4000,1,6,1,1,20,4,1,1,4,1
SF,IC2012,2020-06-29 09:31:47.200,5423.6000,34883,0,492631600.000,0,-,-,-,-,5422.8000,5422.6000,5422.0000,5421.8000,5420.8000,5424.0000,5424.6000,5424.8000,5425.0000,5425.4000,1,1,6,1,1,4,1,1,4,1
SF,IC2012,2020-06-29 09:31:48.200,5423.6000,34883,0,492631600.000,0,-,-,-,-,5422.8000,5422.6000,5422.0000,5421.8000,5420.8000,5423.8000,5424.0000,5424.8000,5425.0000,5425.4000,1,1,6,1,1,1,4,1,4,1
SF,IC2012,2020-06-29 09:31:48.700,5423.6000,34883,0,492631600.000,0,-,-,-,-,5422.8000,5422.0000,5421.8000,5420.8000,5420.6000,5423.8000,5424.0000,5424.6000,5424.8000,5425.0000,1,6,1,1,1,1,4,3,1,4
SF,IC2012,2020-06-29 09:31:49.200,5423.6000,34883,0,492631600.000,0,-,-,-,-,5423.0000,5422.0000,5421.8000,5420.8000,5420.6000,5423.8000,5424.0000,5424.6000,5424.8000,5425.0000,1,6,1,1,1,1,4,3,1,4
SF,IC2012,2020-06-29 09:31:49.700,5423.0000,34883,0,493716200.000,1,0,1,多换,S,5422.0000,5421.8000,5420.8000,5420.6000,5420.2000,5423.8000,5424.0000,5424.6000,5424.8000,5425.0000,6,1,1,1,1,1,4,3,1,4
SF,IC2012,2020-06-29 09:31:50.200,5423.0000,34883,0,493716200.000,0,-,-,-,-,5422.2000,5422.0000,5421.8000,5420.8000,5420.6000,5424.0000,5424.6000,5424.8000,5425.0000,5425.4000,1,6,1,1,1,4,3,1,4,1
SF,IC2012,2020-06-29 09:31:51.200,5423.0000,34883,0,493716200.000,0,-,-,-,-,5422.2000,5422.0000,5421.8000,5420.8000,5420.6000,5423.8000,5424.0000,5424.6000,5424.8000,5425.0000,1,6,1,1,1,1,4,3,1,4
SF,IC2012,2020-06-29 09:31:51.700,5423.0000,34883,0,493716200.000,0,-,-,-,-,5422.4000,5422.2000,5422.0000,5421.8000,5420.8000,5423.8000,5424.0000,5424.6000,5424.8000,5425.0000,1,1,6,1,1,1,4,3,1,4
SF,IC2012,2020-06-29 09:31:52.200,5424.0000,34886,3,499140000.000,5,4,1,空开,S,5422.8000,5422.4000,5422.0000,5421.8000,5420.8000,5424.0000,5424.6000,5424.8000,5425.0000,5425.4000,1,1,6,1,1,2,3,1,4,1
SF,IC2012,2020-06-29 09:31:52.700,5422.8000,34886,0,500224560.000,1,0,1,多换,S,5422.4000,5422.0000,5421.8000,5420.8000,5420.6000,5424.0000,5424.6000,5424.8000,5425.0000,5425.4000,1,6,1,1,1,2,3,1,4,1
SF,IC2012,2020-06-29 09:31:53.200,5422.8000,34886,0,500224560.000,0,-,-,-,-,5422.4000,5422.0000,5421.8000,5420.8000,5420.6000,5423.2000,5424.0000,5424.6000,5424.8000,5425.0000,1,6,1,1,1,1,2,3,1,4
SF,IC2012,2020-06-29 09:31:53.700,5423.2000,34886,0,501309200.000,1,0,1,多换,S,5422.0000,5421.8000,5420.8000,5420.6000,5420.2000,5424.0000,5424.6000,5424.8000,5425.0000,5425.4000,6,1,1,1,1,2,3,1,4,1
SF,IC2012,2020-06-29 09:31:54.200,5423.2000,34886,0,501309200.000,0,-,-,-,-,5422.2000,5422.0000,5421.8000,5420.8000,5420.6000,5424.0000,5424.6000,5424.8000,5425.0000,5425.4000,1,6,1,1,1,2,3,1,4,1
SF,IC2012,2020-06-29 09:31:54.700,5423.2000,34886,0,501309200.000,0,-,-,-,-,5423.2000,5422.2000,5422.0000,5421.8000,5420.8000,5423.6000,5424.0000,5424.6000,5424.8000,5425.0000,1,1,6,1,1,1,2,3,1,4
SF,IC2012,2020-06-29 09:31:55.200,5423.2000,34886,0,502393840.000,1,0,1,多换,S,5423.0000,5422.2000,5422.0000,5421.8000,5421.6000,5423.2000,5424.0000,5424.6000,5424.8000,5425.0000,1,1,6,1,1,2,2,3,1,4
SF,IC2012,2020-06-29 09:31:55.700,5423.2000,34883,-3,505647680.000,3,0,3,双平,S,5422.2000,5422.0000,5421.8000,5421.6000,5420.6000,5424.0000,5424.4000,5424.6000,5424.8000,5425.0000,1,6,1,1,1,2,1,3,1,4
SF,IC2012,2020-06-29 09:31:56.200,5423.2000,34883,0,505647680.000,0,-,-,-,-,5422.4000,5422.2000,5422.0000,5421.8000,5421.6000,5424.0000,5424.4000,5424.6000,5424.8000,5425.0000,1,1,6,1,1,2,1,3,1,4
SF,IC2012,2020-06-29 09:31:56.700,5423.2000,34883,0,505647680.000,0,-,-,-,-,5422.4000,5422.0000,5421.8000,5421.6000,5420.8000,5424.0000,5424.4000,5424.6000,5424.8000,5425.0000,1,6,1,1,1,2,1,3,2,4
SF,IC2012,2020-06-29 09:31:57.200,5423.2000,34883,0,505647680.000,0,-,-,-,-,5422.6000,5422.4000,5422.0000,5421.8000,5421.6000,5424.0000,5424.4000,5424.6000,5424.8000,5425.0000,2,1,6,1,1,2,1,3,2,4
SF,IC2012,2020-06-29 09:31:57.700,5423.2000,34883,0,505647680.000,0,-,-,-,-,5422.6000,5422.0000,5421.8000,5421.6000,5420.8000,5424.0000,5424.4000,5424.6000,5424.8000,5425.0000,2,6,1,1,1,2,1,3,2,4
SF,IC2012,2020-06-29 09:31:58.200,5422.6000,34883,0,507816720.000,2,1,1,多换,S,5422.0000,5421.8000,5421.6000,5420.8000,5420.6000,5423.6000,5424.0000,5424.4000,5424.6000,5424.8000,6,1,1,1,1,1,2,1,3,2
SF,IC2012,2020-06-29 09:31:58.700,5422.6000,34883,0,507816720.000,0,-,-,-,-,5423.6000,5422.0000,5421.8000,5421.6000,5420.8000,5424.0000,5424.4000,5424.6000,5424.8000,5425.0000,1,6,1,1,1,2,1,3,2,4
SF,IC2012,2020-06-29 09:31:59.200,5423.6000,34882,-1,508901440.000,1,0,1,双平,S,5422.0000,5421.8000,5421.6000,5420.6000,5420.2000,5423.2000,5423.6000,5424.0000,5424.4000,5424.6000,6,1,1,1,1,1,3,2,1,3
SF,IC2012,2020-06-29 09:31:59.700,5423.6000,34882,0,508901440.000,0,-,-,-,-,5422.0000,5421.8000,5421.6000,5420.6000,5420.2000,5423.6000,5424.0000,5424.4000,5424.6000,5424.8000,6,1,1,1,1,1,2,1,3,1
SF,IC2012,2020-06-29 09:32:00.200,5423.6000,34882,0,508901440.000,0,-,-,-,-,5422.2000,5422.0000,5421.8000,5421.6000,5420.6000,5423.6000,5424.0000,5424.4000,5424.6000,5424.8000,2,6,1,1,1,1,2,1,3,2
SF,IC2012,2020-06-29 09:32:00.700,5423.6000,34881,-1,509986160.000,1,0,1,双平,S,5423.2000,5422.2000,5422.0000,5421.8000,5421.6000,5424.0000,5424.4000,5424.6000,5424.8000,5425.0000,1,2,6,1,1,2,1,3,2,4
SF,IC2012,2020-06-29 09:32:01.200,5423.6000,34881,0,509986160.000,0,-,-,-,-,5423.6000,5423.2000,5422.2000,5422.0000,5421.8000,5424.0000,5424.4000,5424.6000,5424.8000,5425.0000,5,1,2,6,1,3,1,3,2,4
SF,IC2012,2020-06-29 09:32:01.700,5424.0000,34880,-1,513240560.000,3,1,2,多平,S,5424.0000,5423.6000,5422.2000,5422.0000,5421.8000,5424.6000,5424.8000,5425.0000,5425.4000,5425.8000,1,5,1,6,1,3,2,4,1,2
SF,IC2012,2020-06-29 09:32:02.200,5424.6000,34879,-1,523003600.000,9,4,5,多平,S,5422.2000,5422.0000,5421.8000,5421.6000,5420.6000,5424.6000,5424.8000,5425.0000,5425.4000,5425.8000,1,6,1,1,1,1,1,4,1,2
SF,IC2012,2020-06-29 09:32:02.700,5424.6000,34880,1,524088520.000,1,1,0,双开,S,5422.0000,5421.6000,5420.6000,5420.4000,5420.2000,5424.8000,5425.0000,5425.4000,5425.8000,5426.6000,6,1,1,1,1,1,4,1,2,1
SF,IC2012,2020-06-29 09:32:03.200,5422.2000,34880,0,525172960.000,1,0,1,多换,S,5422.6000,5422.0000,5421.6000,5420.6000,5420.2000,5424.8000,5425.0000,5425.4000,5425.8000,5426.6000,1,6,1,1,1,1,4,1,2,1
SF,IC2012,2020-06-29 09:32:03.700,5422.2000,34880,0,525172960.000,0,-,-,-,-,5422.8000,5422.6000,5422.0000,5421.6000,5420.6000,5424.6000,5424.8000,5425.0000,5425.4000,5425.8000,1,1,6,1,1,1,1,4,1,2
SF,IC2012,2020-06-29 09:32:04.700,5422.2000,34880,0,525172960.000,0,-,-,-,-,5422.8000,5422.6000,5422.0000,5421.6000,5420.6000,5424.6000,5424.8000,5425.0000,5425.4000,5425.6000,1,1,6,1,1,1,1,4,1,1
SF,IC2012,2020-06-29 09:32:05.700,5424.6000,34879,-1,526257880.000,1,0,1,双平,S,5422.8000,5422.6000,5422.2000,5422.0000,5421.6000,5424.8000,5425.0000,5425.4000,5425.6000,5425.8000,1,1,1,6,1,1,4,1,1,2
SF,IC2012,2020-06-29 09:32:06.200,5424.8000,34879,0,527342840.000,1,0,1,多换,S,5422.6000,5422.2000,5422.0000,5421.6000,5420.6000,5425.0000,5425.4000,5425.6000,5425.8000,5426.6000,1,1,6,1,1,4,1,1,2,1
SF,IC2012,2020-06-29 09:32:06.700,5425.0000,34879,0,529512840.000,2,1,1,多换,S,5424.8000,5423.4000,5422.8000,5422.2000,5422.0000,5425.0000,5425.4000,5425.8000,5426.6000,5426.8000,1,1,1,1,6,2,1,2,1,4
SF,IC2012,2020-06-29 09:32:07.200,5425.4000,34879,0,532767920.000,3,1,2,多换,S,5425.0000,5422.8000,5422.2000,5422.0000,5421.6000,5425.8000,5426.6000,5426.8000,5427.8000,5428.6000,1,1,1,5,1,2,1,4,1,1
SF,IC2012,2020-06-29 09:32:07.700,5425.8000,34878,-1,533853080.000,1,0,1,双平,S,5425.2000,5425.0000,5422.2000,5422.0000,5421.6000,5426.6000,5426.8000,5427.6000,5427.8000,5428.6000,2,1,1,5,1,1,4,1,1,1
SF,IC2012,2020-06-29 09:32:08.200,5425.8000,34878,0,533853080.000,0,-,-,-,-,5425.2000,5425.0000,5422.2000,5422.0000,5421.6000,5426.8000,5427.6000,5427.8000,5428.6000,5429.6000,2,1,2,5,1,3,1,1,2,1
SF,IC2012,2020-06-29 09:32:09.200,5426.8000,34878,0,537109160.000,3,1,2,多换,S,5426.8000,5425.2000,5425.0000,5422.2000,5422.0000,5427.6000,5427.8000,5428.6000,5429.6000,5429.8000,1,2,1,2,5,1,1,2,1,2
SF,IC2012,2020-06-29 09:32:09.700,5426.8000,34877,-1,538194520.000,1,0,1,双平,S,5425.0000,5422.2000,5422.0000,5421.6000,5420.6000,5427.6000,5427.8000,5428.6000,5429.6000,5429.8000,1,2,5,1,1,1,1,2,1,2
SF,IC2012,2020-06-29 09:32:10.200,5426.8000,34877,0,538194520.000,0,-,-,-,-,5425.2000,5425.0000,5422.2000,5422.0000,5421.6000,5427.6000,5427.8000,5428.6000,5429.6000,5429.8000,2,1,2,5,1,1,1,2,1,2
SF,IC2012,2020-06-29 09:32:10.700,5427.6000,34876,-1,539280040.000,1,0,1,双平,S,5425.4000,5425.2000,5425.0000,5422.2000,5422.0000,5427.8000,5428.6000,5429.6000,5429.8000,5430.0000,1,2,1,2,5,1,2,1,2,5
SF,IC2012,2020-06-29 09:32:11.200,5425.4000,34875,-1,540365120.000,1,0,1,双平,S,5426.0000,5425.6000,5425.0000,5422.2000,5422.0000,5427.8000,5428.6000,5429.6000,5429.8000,5430.0000,1,1,1,2,5,1,2,1,2,5
SF,IC2012,2020-06-29 09:32:11.700,5427.8000,34874,-1,541450680.000,1,0,1,双平,S,5426.2000,5426.0000,5425.0000,5422.2000,5422.0000,5428.6000,5429.4000,5429.6000,5429.8000,5430.0000,1,1,1,2,5,2,1,1,2,5
SF,IC2012,2020-06-29 09:32:12.200,5427.8000,34873,-1,542536240.000,1,0,1,双平,S,5426.2000,5425.6000,5425.0000,5422.2000,5422.0000,5428.4000,5428.6000,5429.4000,5429.6000,5429.8000,1,1,1,2,5,1,2,1,1,2
SF,IC2012,2020-06-29 09:32:12.700,5428.4000,34873,0,543621920.000,1,0,1,多换,S,5426.6000,5426.2000,5425.6000,5425.0000,5422.2000,5428.6000,5429.4000,5429.6000,5429.8000,5430.0000,1,1,1,1,2,2,1,1,2,6
SF,IC2012,2020-06-29 09:32:13.200,5428.4000,34873,0,543621920.000,0,-,-,-,-,5425.6000,5425.0000,5422.2000,5422.0000,5421.6000,5428.6000,5429.4000,5429.6000,5429.8000,5430.0000,1,1,2,5,1,2,1,1,2,6
SF,IC2012,2020-06-29 09:32:13.700,5428.6000,34873,0,544707640.000,1,0,1,多换,S,5425.0000,5422.2000,5422.0000,5421.6000,5420.6000,5428.6000,5429.6000,5429.8000,5430.0000,5430.6000,1,2,5,1,1,1,1,2,6,10
SF,IC2012,2020-06-29 09:32:14.200,5428.6000,34873,0,544707640.000,0,-,-,-,-,5425.6000,5425.0000,5422.2000,5422.0000,5421.6000,5428.6000,5429.6000,5429.8000,5430.0000,5430.6000,1,1,2,5,1,1,1,2,6,10
SF,IC2012,2020-06-29 09:32:14.700,5428.6000,34873,0,544707640.000,0,-,-,-,-,5425.0000,5422.2000,5422.0000,5421.6000,5420.6000,5427.8000,5428.6000,5429.6000,5429.8000,5430.0000,2,2,5,1,1,1,1,1,2,6
SF,IC2012,2020-06-29 09:32:15.200,5428.6000,34873,0,545793360.000,1,0,1,多换,S,5425.0000,5422.2000,5422.0000,5421.6000,5420.6000,5427.8000,5428.2000,5428.4000,5428.6000,5429.6000,2,1,5,1,1,1,1,2,1,1
SF,IC2012,2020-06-29 09:32:15.700,5428.6000,34873,0,545793360.000,0,-,-,-,-,5425.0000,5422.2000,5422.0000,5421.6000,5420.6000,5426.4000,5428.2000,5428.4000,5428.6000,5429.6000,2,1,5,1,1,1,2,2,1,1
SF,IC2012,2020-06-29 09:32:16.200,5425.0000,34872,-1,547963360.000,2,0,2,多平,S,5425.0000,5422.2000,5422.0000,5421.6000,5420.6000,5425.6000,5426.4000,5427.0000,5428.2000,5428.4000,1,1,5,1,1,3,1,1,2,1
SF,IC2012,2020-06-29 09:32:16.700,5425.0000,34871,-1,549048360.000,1,0,1,双平,S,5422.2000,5422.0000,5421.6000,5420.6000,5420.2000,5425.6000,5426.4000,5427.0000,5427.4000,5428.2000,1,5,1,1,1,3,1,1,1,2
SF,IC2012,2020-06-29 09:32:17.200,5425.6000,34868,-3,552303720.000,3,0,3,双平,S,5424.8000,5422.4000,5422.2000,5422.0000,5421.6000,5425.6000,5426.4000,5427.0000,5427.4000,5428.2000,1,1,1,5,1,1,1,1,1,1
SF,IC2012,2020-06-29 09:32:17.700,5425.6000,34867,-1,553388840.000,1,0,1,双平,S,5425.0000,5424.8000,5422.2000,5422.0000,5421.6000,5427.4000,5428.2000,5428.4000,5429.2000,5429.6000,1,1,1,5,1,1,1,1,1,1
SF,IC2012,2020-06-29 09:32:18.200,5427.2000,34866,-1,554474280.000,1,0,1,双平,S,5425.0000,5422.2000,5422.0000,5421.6000,5420.6000,5428.2000,5428.4000,5429.2000,5429.6000,5429.8000,1,1,5,1,1,1,1,1,1,2
SF,IC2012,2020-06-29 09:32:18.700,5427.2000,34866,0,554474280.000,0,-,-,-,-,5425.0000,5422.2000,5422.0000,5420.6000,5420.2000,5428.2000,5428.4000,5429.2000,5429.6000,5429.8000,1,1,5,1,1,1,1,1,1,2
SF,IC2012,2020-06-29 09:32:19.200,5427.2000,34866,0,554474280.000,0,-,-,-,-,5422.2000,5422.0000,5420.6000,5420.2000,5420.0000,5429.2000,5429.6000,5429.8000,5430.0000,5430.6000,1,5,1,1,20,1,1,2,5,9
SF,IC2012,2020-06-29 09:32:19.700,5427.2000,34866,0,554474280.000,0,-,-,-,-,5424.6000,5422.2000,5422.0000,5420.6000,5420.2000,5429.2000,5429.6000,5429.8000,5430.0000,5430.6000,1,2,5,1,1,1,2,2,5,9
SF,IC2012,2020-06-29 09:32:20.200,5427.2000,34866,0,554474280.000,0,-,-,-,-,5424.6000,5424.2000,5422.2000,5422.0000,5420.6000,5429.2000,5429.6000,5429.8000,5430.0000,5430.6000,2,1,2,5,1,1,2,2,5,9
SF,IC2012,2020-06-29 09:32:20.700,5427.2000,34866,0,554474280.000,0,-,-,-,-,5424.6000,5422.2000,5422.0000,5420.6000,5420.2000,5429.2000,5429.6000,5429.8000,5430.0000,5430.6000,2,2,5,1,1,1,2,2,5,9
SF,IC2012,2020-06-29 09:32:21.200,5427.2000,34866,0,554474280.000,0,-,-,-,-,5425.4000,5425.0000,5424.8000,5424.6000,5422.2000,5429.2000,5429.6000,5429.8000,5430.0000,5430.6000,1,1,1,2,2,1,2,2,5,9
SF,IC2012,2020-06-29 09:32:21.700,5427.2000,34866,0,554474280.000,0,-,-,-,-,5425.6000,5425.4000,5425.0000,5424.8000,5424.6000,5429.0000,5429.2000,5429.6000,5429.8000,5430.0000,1,1,1,1,1,1,1,2,2,5
SF,IC2012,2020-06-29 09:32:22.200,5427.2000,34866,0,554474280.000,0,-,-,-,-,5425.8000,5425.4000,5425.0000,5424.8000,5424.6000,5429.0000,5429.2000,5429.6000,5429.8000,5430.0000,2,1,1,1,1,1,1,2,2,5
SF,IC2012,2020-06-29 09:32:22.700,5427.2000,34866,0,554474280.000,0,-,-,-,-,5426.2000,5425.8000,5425.0000,5424.8000,5424.6000,5429.0000,5429.2000,5429.6000,5429.8000,5430.0000,1,2,1,1,1,1,1,2,2,5
SF,IC2012,2020-06-29 09:32:23.200,5427.2000,34866,0,554474280.000,0,-,-,-,-,5426.2000,5425.8000,5425.0000,5424.8000,5424.6000,5429.2000,5429.6000,5429.8000,5430.0000,5430.6000,1,1,1,1,1,1,1,2,5,9
SF,IC2012,2020-06-29 09:32:23.700,5427.2000,34866,0,554474280.000,0,-,-,-,-,5426.4000,5426.2000,5425.0000,5424.8000,5424.6000,5429.2000,5429.6000,5429.8000,5430.0000,5430.6000,1,1,1,1,1,1,1,2,5,9
SF,IC2012,2020-06-29 09:32:24.200,5429.2000,34865,-1,555560120.000,1,0,1,双平,S,5426.4000,5426.2000,5425.0000,5424.8000,5424.6000,5429.6000,5429.8000,5430.0000,5430.6000,5430.8000,1,1,1,1,1,1,2,5,9,1
SF,IC2012,2020-06-29 09:32:24.700,5429.2000,34865,0,555560120.000,0,-,-,-,-,5426.6000,5426.4000,5425.0000,5424.8000,5424.6000,5429.6000,5429.8000,5430.0000,5430.6000,5435.0000,1,1,1,1,1,1,2,5,9,1
SF,IC2012,2020-06-29 09:32:25.200,5429.2000,34865,0,555560120.000,0,-,-,-,-,5427.0000,5426.8000,5426.4000,5425.0000,5424.8000,5428.0000,5429.6000,5429.8000,5430.0000,5430.6000,1,2,1,1,1,3,1,2,5,9
SF,IC2012,2020-06-29 09:32:25.700,5427.2000,34861,-4,559902360.000,4,0,4,双平,S,5429.2000,5428.0000,5427.0000,5426.4000,5425.0000,5429.6000,5429.8000,5430.0000,5430.6000,5435.0000,1,2,1,1,1,1,2,5,9,1
SF,IC2012,2020-06-29 09:32:26.200,5429.2000,34860,-1,560988200.000,1,0,1,双平,S,5428.0000,5427.0000,5426.4000,5425.0000,5424.8000,5429.2000,5429.6000,5429.8000,5430.0000,5430.6000,2,1,1,1,1,1,1,2,5,9
SF,IC2012,2020-06-29 09:32:26.700,5429.6000,34861,1,562074120.000,1,1,0,双开,S,5428.2000,5428.0000,5427.0000,5426.4000,5425.0000,5429.8000,5430.0000,5430.6000,5435.0000,5439.0000,1,1,1,1,1,2,5,9,1,3
SF,IC2012,2020-06-29 09:32:27.200,5429.6000,34861,0,562074120.000,0,-,-,-,-,5429.2000,5428.0000,5427.0000,5426.4000,5425.0000,5429.8000,5430.0000,5430.6000,5435.0000,5439.0000,1,1,1,1,1,2,5,9,1,3
SF,IC2012,2020-06-29 09:32:27.700,5429.2000,34860,-1,563159960.000,1,0,1,双平,S,5428.0000,5427.0000,5426.6000,5426.4000,5425.0000,5429.8000,5430.0000,5430.6000,5435.0000,5439.0000,1,1,1,1,1,2,5,9,1,3
SF,IC2012,2020-06-29 09:32:28.200,5429.2000,34860,0,564245800.000,1,0,1,多换,S,5428.2000,5428.0000,5427.0000,5426.6000,5426.4000,5429.8000,5430.0000,5430.6000,5435.0000,5439.0000,1,1,1,1,1,2,5,9,1,3
SF,IC2012,2020-06-29 09:32:28.700,5429.6000,34859,-1,565331720.000,1,0,1,双平,S,5427.0000,5426.6000,5426.4000,5425.0000,5424.8000,5429.8000,5430.0000,5430.6000,5435.0000,5439.0000,2,3,1,1,1,2,5,9,1,3
SF,IC2012,2020-06-29 09:32:29.200,5429.6000,34859,0,565331720.000,0,-,-,-,-,5427.4000,5427.2000,5427.0000,5426.6000,5426.4000,5429.8000,5430.0000,5430.6000,5435.0000,5439.0000,1,1,2,3,1,2,5,9,1,3
SF,IC2012,2020-06-29 09:32:29.700,5429.8000,34858,-1,566417680.000,1,0,1,双平,S,5427.4000,5427.0000,5426.6000,5426.4000,5425.0000,5429.8000,5430.0000,5430.6000,5435.0000,5439.0000,1,2,3,1,1,1,5,9,1,3
SF,IC2012,2020-06-29 09:32:30.200,5429.8000,34858,0,566417680.000,0,-,-,-,-,5427.4000,5427.0000,5426.6000,5426.4000,5425.0000,5429.8000,5430.0000,5430.6000,5435.0000,5439.0000,1,2,4,1,1,1,5,9,1,3
SF,IC2012,2020-06-29 09:32:31.200,5429.8000,34858,0,567503640.000,1,0,1,多换,S,5427.4000,5427.0000,5426.6000,5426.4000,5425.0000,5430.0000,5430.6000,5435.0000,5439.0000,5439.8000,1,2,4,1,1,5,9,1,3,1
SF,IC2012,2020-06-29 09:32:31.700,5429.8000,34858,0,567503640.000,0,-,-,-,-,5427.4000,5427.0000,5426.6000,5426.4000,5425.0000,5430.0000,5430.6000,5435.0000,5439.0000,5439.8000,1,1,4,1,1,10,9,1,3,1
SF,IC2012,2020-06-29 09:32:32.200,5429.8000,34858,0,567503640.000,0,-,-,-,-,5427.6000,5427.4000,5427.0000,5426.6000,5426.4000,5430.0000,5430.6000,5435.0000,5439.0000,5439.8000,1,1,1,2,1,10,9,1,3,1
SF,IC2012,2020-06-29 09:32:32.700,5430.0000,34857,-1,572933640.000,5,2,3,多平,S,5427.4000,5427.0000,5426.6000,5426.4000,5425.0000,5430.0000,5430.6000,5435.0000,5439.0000,5439.8000,1,1,2,1,1,5,9,1,3,1
SF,IC2012,2020-06-29 09:32:33.200,5430.0000,34857,0,572933640.000,0,-,-,-,-,5427.4000,5427.0000,5426.6000,5426.4000,5425.0000,5430.0000,5430.6000,5435.0000,5439.0000,5439.8000,1,1,2,1,1,6,9,1,3,1
SF,IC2012,2020-06-29 09:32:33.700,5430.0000,34857,0,572933640.000,0,-,-,-,-,5427.4000,5427.0000,5426.6000,5426.4000,5425.0000,5429.8000,5430.0000,5430.6000,5435.0000,5439.0000,1,1,2,1,1,1,6,9,1,3
SF,IC2012,2020-06-29 09:32:34.200,5430.0000,34857,0,572933640.000,0,-,-,-,-,5427.4000,5427.0000,5426.6000,5426.4000,5425.0000,5429.8000,5430.0000,5430.6000,5435.0000,5439.0000,1,1,1,1,1,1,6,9,1,3
SF,IC2012,2020-06-29 09:32:34.700,5430.0000,34857,0,572933640.000,0,-,-,-,-,5427.4000,5427.0000,5426.6000,5426.4000,5425.0000,5429.8000,5430.0000,5430.6000,5435.0000,5439.0000,1,1,1,1,1,1,6,9,1,3
SF,IC2012,2020-06-29 09:32:35.200,5430.0000,34857,0,572933640.000,0,-,-,-,-,5427.4000,5427.0000,5426.6000,5426.4000,5425.0000,5429.6000,5429.8000,5430.0000,5430.6000,5435.0000,1,1,1,1,1,1,1,6,9,1
SF,IC2012,2020-06-29 09:32:35.700,5427.4000,34857,0,576190640.000,3,1,2,多换,S,5427.0000,5426.6000,5426.4000,5425.0000,5424.8000,5427.4000,5429.8000,5430.0000,5430.6000,5435.0000,1,1,1,1,1,1,1,6,10,1
SF,IC2012,2020-06-29 09:32:36.200,5427.4000,34856,-1,577276120.000,1,0,1,双平,S,5427.8000,5427.4000,5427.0000,5426.6000,5426.4000,5429.8000,5430.0000,5430.6000,5435.0000,5439.0000,1,2,1,1,1,1,6,10,1,3
SF,IC2012,2020-06-29 09:32:36.700,5427.4000,34856,0,577276120.000,0,-,-,-,-,5428.0000,5427.4000,5427.0000,5426.6000,5426.4000,5429.8000,5430.0000,5430.6000,5435.0000,5439.0000,1,3,1,1,1,1,6,10,1,3
SF,IC2012,2020-06-29 09:32:37.200,5427.4000,34856,0,577276120.000,0,-,-,-,-,5428.2000,5428.0000,5427.4000,5427.0000,5426.6000,5429.8000,5430.0000,5430.6000,5435.0000,5439.0000,1,1,3,1,1,1,6,10,1,3
SF,IC2012,2020-06-29 09:32:37.700,5430.0000,34853,-3,580534080.000,3,0,3,双平,S,5428.2000,5428.0000,5427.4000,5427.0000,5426.6000,5430.0000,5430.6000,5435.0000,5439.0000,5439.8000,1,1,3,1,1,4,10,1,3,1
SF,IC2012,2020-06-29 09:32:38.200,5430.0000,34852,-1,581620080.000,1,0,1,双平,S,5428.4000,5428.0000,5427.4000,5427.0000,5426.6000,5430.0000,5430.6000,5435.0000,5439.0000,5439.8000,1,1,3,1,1,3,10,1,3,1
SF,IC2012,2020-06-29 09:32:38.700,5430.0000,34852,0,581620080.000,0,-,-,-,-,5428.4000,5428.0000,5427.4000,5427.0000,5426.6000,5430.0000,5430.6000,5435.0000,5439.0000,5439.8000,1,1,3,1,1,4,10,1,3,1
SF,IC2012,2020-06-29 09:32:39.200,5430.0000,34852,0,581620080.000,0,-,-,-,-,5429.6000,5428.6000,5428.4000,5428.0000,5427.4000,5430.0000,5430.6000,5435.0000,5439.0000,5439.8000,1,1,1,1,3,4,10,1,3,1
SF,IC2012,2020-06-29 09:32:39.700,5430.6000,34848,-4,587050200.000,5,0,5,多平,S,5430.0000,5428.4000,5427.4000,5427.0000,5426.6000,5430.6000,5435.0000,5439.0000,5439.8000,5444.0000,2,1,2,1,1,9,1,3,1,10
SF,IC2012,2020-06-29 09:32:40.200,5430.2000,34846,-2,589222360.000,2,0,2,双平,S,5430.2000,5430.0000,5427.4000,5427.0000,5426.6000,5430.6000,5435.0000,5439.0000,5439.8000,5444.0000,1,2,2,1,1,8,1,3,1,10
SF,IC2012,2020-06-29 09:32:40.700,5430.0000,34843,-3,592480400.000,3,0,3,双平,S,5427.4000,5427.0000,5426.6000,5426.4000,5425.0000,5430.2000,5430.6000,5435.0000,5439.0000,5439.8000,2,1,1,1,1,1,8,1,3,1
SF,IC2012,2020-06-29 09:32:41.200,5430.0000,34843,0,592480400.000,0,-,-,-,-,5428.0000,5427.6000,5427.4000,5427.0000,5426.6000,5430.6000,5430.8000,5435.0000,5439.0000,5439.8000,2,1,2,1,1,8,1,1,3,1
SF,IC2012,2020-06-29 09:32:41.700,5430.0000,34843,0,592480400.000,0,-,-,-,-,5429.4000,5428.2000,5428.0000,5427.6000,5427.4000,5430.6000,5430.8000,5435.0000,5439.0000,5439.8000,1,1,2,1,2,8,1,1,3,1
SF,IC2012,2020-06-29 09:32:42.200,5429.4000,34843,0,593566280.000,1,0,1,多换,S,5428.2000,5427.6000,5427.4000,5427.0000,5426.6000,5430.4000,5430.6000,5430.8000,5435.0000,5439.0000,1,1,2,1,1,1,8,1,1,3
SF,IC2012,2020-06-29 09:32:42.700,5429.4000,34843,0,593566280.000,0,-,-,-,-,5430.2000,5429.4000,5428.2000,5427.4000,5427.0000,5430.6000,5430.8000,5435.0000,5439.0000,5439.8000,2,1,1,2,1,8,1,1,3,1
SF,IC2012,2020-06-29 09:32:43.200,5430.2000,34842,-1,595738360.000,2,0,2,多平,S,5429.4000,5427.4000,5427.0000,5426.6000,5425.0000,5430.0000,5430.6000,5430.8000,5432.6000,5435.0000,3,2,2,1,1,1,8,1,1,1
SF,IC2012,2020-06-29 09:32:43.700,5430.0000,34842,0,596824360.000,1,0,1,多换,S,5430.2000,5429.4000,5427.4000,5427.0000,5426.6000,5430.6000,5430.8000,5435.0000,5439.0000,5439.8000,1,3,2,2,1,8,1,1,3,1
SF,IC2012,2020-06-29 09:32:44.200,5430.2000,34842,0,597910400.000,1,0,1,多换,S,5430.0000,5429.4000,5427.4000,5427.0000,5426.6000,5430.6000,5430.8000,5431.8000,5435.0000,5439.0000,1,3,3,2,1,8,1,1,1,3
SF,IC2012,2020-06-29 09:32:44.700,5429.4000,34839,-3,602254040.000,4,0,4,多平,S,5427.4000,5427.0000,5426.6000,5425.0000,5424.8000,5430.6000,5430.8000,5431.8000,5432.6000,5435.0000,3,2,1,1,1,8,1,1,1,1
SF,IC2012,2020-06-29 09:32:45.200,5429.4000,34839,0,602254040.000,0,-,-,-,-,5427.4000,5427.0000,5426.6000,5425.0000,5424.8000,5430.4000,5430.6000,5430.8000,5431.8000,5432.6000,3,2,1,1,1,1,8,1,1,1
SF,IC2012,2020-06-29 09:32:45.700,5429.4000,34839,0,602254040.000,0,-,-,-,-,5427.6000,5427.4000,5427.0000,5426.6000,5425.0000,5429.4000,5430.2000,5430.6000,5430.8000,5431.8000,1,3,2,1,1,1,1,8,1,1
SF,IC2012,2020-06-29 09:32:46.200,5427.6000,34839,0,603339560.000,1,0,1,多换,S,5427.4000,5427.0000,5426.6000,5425.0000,5424.8000,5429.2000,5429.4000,5430.6000,5430.8000,5432.0000,3,2,1,1,1,2,1,8,1,1
SF,IC2012,2020-06-29 09:32:46.700,5427.4000,34839,0,604425040.000,1,0,1,多换,S,5427.4000,5427.0000,5426.6000,5425.0000,5424.8000,5429.2000,5429.4000,5430.6000,5430.8000,5432.0000,2,2,1,1,1,2,1,8,1,1
SF,IC2012,2020-06-29 09:32:47.200,5427.4000,34839,0,605510520.000,1,0,1,多换,S,5427.4000,5427.0000,5426.6000,5425.0000,5424.8000,5429.2000,5429.4000,5430.6000,5430.8000,5432.0000,1,2,1,1,1,2,1,8,1,1
SF,IC2012,2020-06-29 09:32:47.700,5427.4000,34839,0,605510520.000,0,-,-,-,-,5427.4000,5427.0000,5426.6000,5425.0000,5424.8000,5429.2000,5429.4000,5430.6000,5430.8000,5432.0000,1,2,1,1,1,1,1,8,1,1
SF,IC2012,2020-06-29 09:32:48.200,5427.4000,34839,0,605510520.000,0,-,-,-,-,5427.4000,5427.0000,5426.6000,5425.0000,5424.8000,5429.0000,5429.2000,5429.4000,5430.6000,5430.8000,1,2,1,1,1,1,1,1,8,1
SF,IC2012,2020-06-29 09:32:50.200,5427.4000,34839,0,605510520.000,0,-,-,-,-,5427.4000,5427.0000,5426.6000,5425.0000,5424.8000,5429.0000,5429.2000,5429.4000,5430.6000,5430.8000,1,3,1,1,1,1,1,1,8,1
SF,IC2012,2020-06-29 09:32:50.700,5427.4000,34839,0,605510520.000,0,-,-,-,-,5427.4000,5427.0000,5426.6000,5425.0000,5424.8000,5429.0000,5429.2000,5429.4000,5430.6000,5430.8000,2,3,1,2,1,1,1,1,8,1
SF,IC2012,2020-06-29 09:32:51.200,5427.4000,34839,0,605510520.000,0,-,-,-,-,5427.4000,5427.0000,5426.6000,5425.0000,5424.8000,5429.2000,5429.4000,5430.6000,5430.8000,5432.0000,2,3,1,2,1,1,1,8,1,1
SF,IC2012,2020-06-29 09:32:51.700,5429.0000,34839,0,606596320.000,1,0,1,多换,S,5427.4000,5427.0000,5426.6000,5425.0000,5424.8000,5429.2000,5429.4000,5430.6000,5430.8000,5432.0000,2,3,1,2,1,1,1,8,1,1
SF,IC2012,2020-06-29 09:32:52.200,5427.4000,34837,-2,608767280.000,2,0,2,双平,S,5427.0000,5426.6000,5425.0000,5424.8000,5422.2000,5427.4000,5429.0000,5429.2000,5429.4000,5430.6000,3,1,2,1,1,1,2,1,1,8
SF,IC2012,2020-06-29 09:32:52.700,5427.4000,34838,1,610938160.000,2,1,1,空开,S,5427.0000,5426.6000,5425.0000,5424.8000,5422.2000,5427.4000,5428.4000,5429.0000,5429.2000,5429.4000,2,1,2,1,1,1,1,1,1,1
SF,IC2012,2020-06-29 09:32:53.200,5427.0000,34838,0,613108960.000,2,1,1,多换,S,5426.6000,5425.0000,5424.8000,5422.2000,5422.0000,5427.4000,5429.0000,5429.2000,5429.4000,5430.6000,1,2,1,1,5,1,1,1,1,8
SF,IC2012,2020-06-29 09:32:53.700,5427.2000,34837,-1,614194400.000,1,0,1,双平,S,5426.6000,5425.0000,5424.8000,5422.2000,5422.0000,5427.4000,5429.2000,5429.4000,5430.6000,5435.0000,1,2,1,1,5,1,1,1,8,1
SF,IC2012,2020-06-29 09:32:54.200,5427.2000,34837,0,614194400.000,0,-,-,-,-,5427.0000,5426.6000,5425.0000,5424.8000,5422.2000,5427.4000,5429.2000,5429.4000,5430.6000,5435.0000,1,1,2,1,1,1,1,1,8,1
SF,IC2012,2020-06-29 09:32:54.700,5427.0000,34837,0,615279800.000,1,0,1,多换,S,5426.6000,5425.0000,5424.8000,5422.2000,5422.0000,5427.0000,5427.4000,5429.2000,5429.4000,5430.6000,1,2,1,1,5,1,1,2,1,8
SF,IC2012,2020-06-29 09:32:55.200,5426.6000,34837,0,616365120.000,1,0,1,多换,S,5425.0000,5424.8000,5422.2000,5422.0000,5420.2000,5427.4000,5427.8000,5429.2000,5429.4000,5430.6000,2,1,1,5,1,1,1,2,1,8
SF,IC2012,2020-06-29 09:32:55.700,5426.6000,34837,0,616365120.000,0,-,-,-,-,5425.0000,5424.8000,5422.2000,5422.0000,5420.2000,5427.2000,5427.4000,5427.8000,5428.4000,5429.2000,2,1,1,5,1,1,1,1,1,2
SF,IC2012,2020-06-29 09:32:56.200,5426.6000,34837,0,616365120.000,0,-,-,-,-,5425.2000,5425.0000,5424.8000,5422.2000,5422.0000,5427.2000,5427.4000,5427.8000,5428.4000,5429.2000,1,2,1,1,5,1,1,1,1,2
SF,IC2012,2020-06-29 09:32:56.700,5426.6000,34837,0,616365120.000,0,-,-,-,-,5425.4000,5425.0000,5424.8000,5422.2000,5422.0000,5427.4000,5427.8000,5428.4000,5429.2000,5429.4000,1,2,1,1,5,1,1,1,2,1
SF,IC2012,2020-06-29 09:32:57.200,5425.4000,34837,0,617450200.000,1,0,1,多换,S,5425.0000,5424.8000,5422.2000,5422.0000,5420.2000,5427.2000,5427.4000,5427.8000,5428.4000,5429.2000,2,1,1,5,1,2,1,1,1,2
SF,IC2012,2020-06-29 09:32:57.700,5425.4000,34837,0,617450200.000,0,-,-,-,-,5425.0000,5424.8000,5422.2000,5422.0000,5420.2000,5427.2000,5427.4000,5427.8000,5428.4000,5429.2000,2,1,1,5,1,1,1,1,1,2
SF,IC2012,2020-06-29 09:32:58.700,5425.4000,34837,0,617450200.000,0,-,-,-,-,5425.0000,5424.8000,5422.2000,5422.0000,5420.2000,5427.2000,5427.4000,5427.8000,5428.4000,5429.2000,2,1,1,5,1,1,1,1,1,2
SF,IC2012,2020-06-29 09:32:59.200,5425.4000,34837,0,617450200.000,0,-,-,-,-,5425.0000,5424.8000,5422.2000,5422.0000,5420.2000,5427.0000,5427.8000,5428.4000,5429.2000,5429.4000,2,1,1,5,1,1,1,1,2,1
SF,IC2012,2020-06-29 09:32:59.700,5425.0000,34837,0,618535200.000,1,0,1,多换,S,5425.0000,5424.8000,5422.2000,5422.0000,5420.2000,5427.0000,5427.8000,5428.4000,5429.2000,5429.4000,1,1,1,5,1,1,1,1,2,1
SF,IC2012,2020-06-29 09:33:00.200,5425.0000,34837,0,618535200.000,0,-,-,-,-,5425.0000,5424.8000,5422.2000,5422.0000,5420.2000,5426.4000,5426.8000,5427.0000,5427.8000,5428.4000,2,1,1,5,1,1,2,1,1,1
SF,IC2012,2020-06-29 09:33:00.700,5425.0000,34838,1,620705200.000,2,1,1,空开,S,5424.8000,5422.2000,5422.0000,5420.2000,5420.0000,5426.8000,5427.8000,5428.4000,5429.2000,5429.4000,1,1,5,1,23,2,1,1,2,1
SF,IC2012,2020-06-29 09:33:01.200,5425.0000,34838,0,620705200.000,0,-,-,-,-,5425.0000,5424.8000,5422.2000,5422.0000,5420.2000,5426.8000,5427.8000,5428.4000,5429.2000,5429.4000,1,1,1,5,1,1,1,1,2,1
SF,IC2012,2020-06-29 09:33:01.700,5425.0000,34839,1,621790200.000,1,1,0,双开,S,5424.8000,5422.2000,5422.0000,5420.2000,5420.0000,5426.8000,5427.8000,5428.4000,5429.2000,5429.4000,1,1,5,1,23,1,1,1,2,1
SF,IC2012,2020-06-29 09:33:02.200,5425.0000,34839,0,621790200.000,0,-,-,-,-,5425.0000,5424.8000,5422.2000,5422.0000,5420.2000,5426.8000,5427.8000,5428.4000,5429.2000,5429.4000,2,1,1,5,1,1,1,1,2,1
SF,IC2012,2020-06-29 09:33:02.700,5425.0000,34839,0,621790200.000,0,-,-,-,-,5425.0000,5424.8000,5424.4000,5422.2000,5422.0000,5426.6000,5426.8000,5427.8000,5428.4000,5429.2000,2,1,1,1,5,1,1,1,1,2
SF,IC2012,2020-06-29 09:33:03.200,5425.0000,34839,0,622875200.000,1,0,1,多换,S,5425.0000,5424.8000,5424.4000,5422.2000,5422.0000,5426.6000,5426.8000,5427.8000,5428.4000,5429.2000,1,1,1,1,5,1,1,1,1,2
SF,IC2012,2020-06-29 09:33:03.700,5425.0000,34839,0,622875200.000,0,-,-,-,-,5425.0000,5424.8000,5424.4000,5422.2000,5422.0000,5426.6000,5426.8000,5427.8000,5428.4000,5429.2000,3,1,1,1,5,1,1,1,1,2
SF,IC2012,2020-06-29 09:33:04.200,5425.0000,34839,0,622875200.000,0,-,-,-,-,5425.0000,5424.8000,5424.4000,5422.2000,5422.0000,5426.8000,5427.8000,5428.4000,5429.2000,5429.4000,4,1,1,1,5,1,1,1,2,1
SF,IC2012,2020-06-29 09:33:04.700,5425.0000,34839,0,622875200.000,0,-,-,-,-,5425.0000,5424.8000,5424.4000,5422.2000,5422.0000,5426.6000,5426.8000,5427.8000,5428.4000,5429.2000,4,1,1,1,5,1,1,1,1,3
SF,IC2012,2020-06-29 09:33:06.200,5425.0000,34839,0,622875200.000,0,-,-,-,-,5425.2000,5425.0000,5424.8000,5424.4000,5422.2000,5426.6000,5426.8000,5427.8000,5428.4000,5428.6000,1,4,1,1,1,1,1,1,1,1
SF,IC2012,2020-06-29 09:33:06.700,5425.0000,34839,0,622875200.000,0,-,-,-,-,5425.2000,5425.0000,5424.8000,5424.4000,5422.2000,5426.6000,5426.8000,5427.8000,5428.4000,5428.6000,1,4,1,1,1,1,1,1,1,1
SF,IC2012,2020-06-29 09:33:07.200,5425.6000,34840,1,623960320.000,1,1,0,双开,S,5425.2000,5425.0000,5424.8000,5424.4000,5422.2000,5426.8000,5427.8000,5428.4000,5428.6000,5429.2000,1,4,1,1,1,1,1,1,1,3
SF,IC2012,2020-06-29 09:33:07.700,5425.2000,34840,0,625045360.000,1,0,1,多换,S,5425.0000,5424.8000,5424.4000,5422.2000,5422.0000,5426.8000,5427.8000,5428.4000,5428.6000,5429.2000,4,1,1,1,5,1,1,1,1,3
SF,IC2012,2020-06-29 09:33:08.200,5425.2000,34839,-1,626130400.000,1,0,1,双平,S,5425.0000,5424.8000,5424.4000,5422.2000,5422.0000,5425.2000,5426.8000,5427.8000,5428.4000,5428.6000,4,1,1,1,5,5,1,1,1,1
SF,IC2012,2020-06-29 09:33:08.700,5425.2000,34835,-4,631555600.000,5,0,5,多平,S,5425.6000,5425.2000,5425.0000,5424.8000,5424.4000,5426.8000,5428.6000,5429.2000,5429.4000,5429.6000,1,1,4,1,1,1,1,2,1,1
SF,IC2012,2020-06-29 09:33:09.200,5425.2000,34834,-1,632640640.000,1,0,1,双平,S,5425.0000,5424.8000,5424.4000,5422.2000,5422.0000,5426.8000,5428.6000,5429.2000,5429.4000,5429.6000,4,1,1,1,5,1,1,2,1,1
SF,IC2012,2020-06-29 09:33:09.700,5425.2000,34834,0,632640640.000,0,-,-,-,-,5425.2000,5425.0000,5424.8000,5424.4000,5422.2000,5428.6000,5429.2000,5429.4000,5429.6000,5430.0000,1,4,1,1,1,1,2,1,1,1
SF,IC2012,2020-06-29 09:33:10.200,5425.2000,34834,0,632640640.000,0,-,-,-,-,5425.4000,5425.2000,5425.0000,5424.8000,5424.4000,5428.6000,5429.2000,5429.4000,5429.6000,5430.0000,2,1,4,1,1,1,2,1,1,1
SF,IC2012,2020-06-29 09:33:10.700,5428.6000,34833,-1,633726360.000,1,0,1,双平,S,5425.6000,5425.4000,5425.2000,5425.0000,5424.8000,5429.2000,5429.4000,5429.6000,5430.0000,5430.6000,1,2,1,4,1,2,1,1,1,8
SF,IC2012,2020-06-29 09:33:11.200,5428.6000,34833,0,633726360.000,0,-,-,-,-,5425.8000,5425.6000,5425.4000,5425.0000,5424.8000,5429.0000,5429.2000,5429.4000,5429.6000,5430.0000,1,1,2,4,1,2,2,1,1,1
SF,IC2012,2020-06-29 09:33:11.700,5425.6000,34833,0,634811480.000,1,0,1,多换,S,5425.4000,5425.0000,5424.8000,5424.4000,5422.2000,5429.0000,5429.2000,5429.4000,5429.6000,5430.0000,2,4,1,1,1,2,2,1,1,1
SF,IC2012,2020-06-29 09:33:12.200,5425.6000,34833,0,634811480.000,0,-,-,-,-,5428.6000,5426.2000,5426.0000,5425.0000,5424.8000,5428.8000,5429.0000,5429.2000,5429.4000,5429.6000,1,1,2,4,1,1,2,2,1,1
SF,IC2012,2020-06-29 09:33:12.700,5428.6000,34832,-1,635897200.000,1,0,1,双平,S,5426.0000,5425.0000,5424.8000,5424.4000,5422.2000,5428.2000,5428.4000,5429.0000,5429.2000,5429.4000,2,4,1,1,1,1,1,2,2,1
SF,IC2012,2020-06-29 09:33:13.200,5428.6000,34832,0,635897200.000,0,-,-,-,-,5426.2000,5426.0000,5425.0000,5424.8000,5424.4000,5429.0000,5429.2000,5429.4000,5429.6000,5430.0000,1,2,4,1,1,2,2,1,1,1
SF,IC2012,2020-06-29 09:33:13.700,5428.6000,34832,0,635897200.000,0,-,-,-,-,5428.6000,5426.2000,5426.0000,5425.0000,5424.8000,5428.8000,5429.0000,5429.2000,5429.4000,5429.6000,1,1,2,4,1,1,2,2,1,1
SF,IC2012,2020-06-29 09:33:14.200,5428.6000,34831,-1,638068640.000,2,0,2,多平,S,5426.0000,5425.0000,5424.8000,5424.4000,5422.2000,5428.4000,5428.8000,5429.0000,5429.2000,5429.4000,2,4,1,1,1,2,1,2,2,1
SF,IC2012,2020-06-29 09:33:14.700,5428.6000,34831,0,638068640.000,0,-,-,-,-,5427.0000,5426.0000,5425.0000,5424.8000,5424.4000,5428.2000,5428.4000,5429.0000,5429.2000,5429.4000,1,2,4,1,1,3,1,2,2,1
SF,IC2012,2020-06-29 09:33:15.200,5427.0000,34831,0,639154040.000,1,0,1,多换,S,5426.0000,5425.0000,5424.8000,5424.4000,5422.2000,5428.0000,5428.2000,5428.4000,5429.0000,5429.2000,2,4,1,1,1,1,2,2,2,2
SF,IC2012,2020-06-29 09:33:15.700,5427.0000,34831,0,639154040.000,0,-,-,-,-,5426.0000,5425.0000,5424.8000,5424.4000,5422.2000,5428.2000,5428.4000,5429.0000,5429.2000,5429.4000,2,4,1,1,1,3,2,2,2,1
SF,IC2012,2020-06-29 09:33:16.200,5427.0000,34831,0,639154040.000,0,-,-,-,-,5426.0000,5425.0000,5424.8000,5424.4000,5422.2000,5428.2000,5428.4000,5429.0000,5429.2000,5429.4000,2,4,1,1,1,3,1,2,2,2
SF,IC2012,2020-06-29 09:33:16.700,5426.0000,34831,0,640239240.000,1,0,1,多换,S,5426.0000,5425.0000,5424.8000,5424.4000,5422.2000,5428.2000,5428.4000,5429.0000,5429.2000,5429.4000,1,4,1,1,1,4,1,2,2,3
SF,IC2012,2020-06-29 09:33:17.700,5426.0000,34831,0,640239240.000,0,-,-,-,-,5426.0000,5425.0000,5424.8000,5424.4000,5422.2000,5428.2000,5428.4000,5429.0000,5429.2000,5429.4000,1,4,1,1,1,4,1,2,2,2
SF,IC2012,2020-06-29 09:33:18.200,5426.0000,34831,0,640239240.000,0,-,-,-,-,5426.0000,5425.0000,5424.8000,5424.4000,5422.2000,5428.0000,5428.2000,5428.4000,5429.0000,5429.2000,1,4,1,1,1,1,4,1,1,2
SF,IC2012,2020-06-29 09:33:18.700,5426.0000,34831,0,640239240.000,0,-,-,-,-,5426.0000,5425.0000,5424.8000,5424.4000,5422.2000,5428.0000,5428.2000,5428.4000,5429.0000,5429.2000,1,4,1,1,1,1,3,1,1,2
SF,IC2012,2020-06-29 09:33:19.200,5426.0000,34830,-1,641324440.000,1,0,1,双平,S,5426.0000,5425.0000,5424.8000,5424.4000,5422.2000,5427.8000,5428.2000,5428.4000,5429.0000,5429.2000,1,4,1,1,1,1,3,1,1,2
SF,IC2012,2020-06-29 09:33:19.700,5426.0000,34830,0,641324440.000,0,-,-,-,-,5426.0000,5425.0000,5424.8000,5424.4000,5422.2000,5427.6000,5427.8000,5428.2000,5428.4000,5429.0000,1,4,1,1,1,1,1,3,1,1
SF,IC2012,2020-06-29 09:33:20.200,5427.8000,34831,1,643495520.000,2,1,1,空开,S,5426.0000,5425.0000,5424.8000,5424.4000,5422.2000,5428.2000,5428.4000,5429.0000,5429.2000,5429.4000,1,4,1,1,1,3,1,1,2,1
SF,IC2012,2020-06-29 09:33:20.700,5427.8000,34831,0,643495520.000,0,-,-,-,-,5426.2000,5426.0000,5425.0000,5424.8000,5424.4000,5427.6000,5428.2000,5428.4000,5429.0000,5429.2000,1,1,4,1,1,1,3,1,1,2
SF,IC2012,2020-06-29 09:33:21.200,5427.8000,34831,0,643495520.000,0,-,-,-,-,5426.2000,5426.0000,5425.0000,5424.8000,5424.4000,5427.6000,5428.2000,5428.4000,5429.0000,5429.2000,1,1,4,1,1,1,1,1,1,2
SF,IC2012,2020-06-29 09:33:21.700,5427.6000,34831,0,644581040.000,1,0,1,多换,S,5426.2000,5426.0000,5425.0000,5424.8000,5424.4000,5428.2000,5428.4000,5429.0000,5429.2000,5429.4000,1,1,4,1,1,1,1,1,2,1
SF,IC2012,2020-06-29 09:33:22.200,5427.6000,34831,0,644581040.000,0,-,-,-,-,5426.0000,5425.0000,5424.8000,5424.4000,5422.2000,5428.2000,5428.4000,5429.0000,5429.2000,5429.4000,1,4,1,1,1,1,1,1,2,1
SF,IC2012,2020-06-29 09:33:22.700,5427.6000,34831,0,644581040.000,0,-,-,-,-,5427.6000,5426.2000,5426.0000,5425.0000,5424.8000,5428.2000,5428.4000,5429.0000,5429.2000,5429.4000,1,1,1,4,1,1,1,1,2,1
SF,IC2012,2020-06-29 09:33:23.200,5427.6000,34831,0,644581040.000,0,-,-,-,-,5427.6000,5426.2000,5426.0000,5425.0000,5424.8000,5428.0000,5428.2000,5428.4000,5429.0000,5429.2000,1,1,1,4,1,1,1,1,1,2
SF,IC2012,2020-06-29 09:33:24.700,5428.2000,34831,0,646752280.000,2,1,1,多换,S,5427.6000,5426.2000,5426.0000,5425.0000,5424.8000,5428.4000,5429.0000,5429.2000,5429.4000,5429.6000,1,1,1,4,1,1,1,2,1,1
SF,IC2012,2020-06-29 09:33:25.200,5428.2000,34831,0,647837920.000,1,0,1,多换,S,5427.8000,5427.6000,5426.0000,5425.0000,5424.8000,5429.0000,5429.2000,5429.4000,5429.6000,5430.0000,1,1,1,4,1,1,2,1,1,2
SF,IC2012,2020-06-29 09:33:25.700,5428.2000,34831,0,647837920.000,0,-,-,-,-,5428.0000,5427.8000,5427.6000,5426.0000,5425.0000,5429.2000,5429.4000,5429.6000,5430.0000,5430.6000,2,1,1,1,4,2,1,1,2,9
SF,IC2012,2020-06-29 09:33:26.200,5428.2000,34831,0,647837920.000,0,-,-,-,-,5428.2000,5428.0000,5427.6000,5426.0000,5425.0000,5429.2000,5429.4000,5429.6000,5430.0000,5430.6000,1,2,1,1,4,2,1,1,2,9
SF,IC2012,2020-06-29 09:33:26.700,5428.2000,34831,0,647837920.000,0,-,-,-,-,5428.2000,5428.0000,5427.6000,5426.0000,5425.0000,5429.2000,5429.4000,5429.6000,5430.0000,5430.6000,1,1,1,1,4,2,1,1,2,9
SF,IC2012,2020-06-29 09:33:27.200,5429.0000,34831,0,648923720.000,1,0,1,多换,S,5428.2000,5427.6000,5426.0000,5425.0000,5424.8000,5429.2000,5429.4000,5429.6000,5430.0000,5430.6000,1,1,1,4,1,2,1,1,2,9
SF,IC2012,2020-06-29 09:33:27.700,5428.2000,34830,-1,650009360.000,1,0,1,双平,S,5427.6000,5426.0000,5425.0000,5424.8000,5424.4000,5429.2000,5429.4000,5429.6000,5430.0000,5430.6000,1,1,4,1,1,2,1,1,2,9
SF,IC2012,2020-06-29 09:33:28.200,5428.2000,34830,0,650009360.000,0,-,-,-,-,5427.6000,5426.0000,5425.0000,5424.8000,5424.4000,5429.0000,5429.2000,5429.4000,5429.6000,5430.0000,1,1,4,1,1,1,2,1,1,2
SF,IC2012,2020-06-29 09:33:28.700,5427.6000,34830,0,651094880.000,1,0,1,多换,S,5426.0000,5425.0000,5424.8000,5424.4000,5423.0000,5428.8000,5429.0000,5429.2000,5429.4000,5429.6000,1,4,1,1,1,1,1,2,1,1
SF,IC2012,2020-06-29 09:33:29.700,5427.6000,34830,0,651094880.000,0,-,-,-,-,5426.0000,5425.0000,5424.8000,5424.4000,5423.0000,5428.8000,5429.0000,5429.2000,5429.4000,5429.6000,1,4,1,1,1,1,1,2,1,1
SF,IC2012,2020-06-29 09:33:30.200,5427.6000,34830,0,651094880.000,0,-,-,-,-,5426.0000,5425.0000,5424.8000,5424.4000,5423.0000,5428.2000,5428.8000,5429.0000,5429.2000,5429.4000,1,4,1,1,1,2,1,1,2,1
SF,IC2012,2020-06-29 09:33:30.700,5427.6000,34830,0,651094880.000,0,-,-,-,-,5426.0000,5425.0000,5424.8000,5424.4000,5423.0000,5428.2000,5429.2000,5429.4000,5429.6000,5430.0000,1,4,1,1,1,2,2,1,1,2
SF,IC2012,2020-06-29 09:33:31.200,5427.6000,34830,0,651094880.000,0,-,-,-,-,5426.0000,5425.0000,5424.8000,5424.4000,5423.0000,5428.0000,5428.2000,5429.2000,5429.4000,5429.6000,1,4,1,1,1,2,2,2,1,1
SF,IC2012,2020-06-29 09:33:31.700,5427.6000,34830,0,651094880.000,0,-,-,-,-,5426.0000,5425.0000,5424.8000,5424.4000,5423.0000,5427.6000,5428.0000,5429.2000,5429.4000,5429.6000,1,4,1,1,1,1,1,2,1,1
SF,IC2012,2020-06-29 09:33:32.200,5427.6000,34830,0,651094880.000,0,-,-,-,-,5426.2000,5426.0000,5425.0000,5424.8000,5424.4000,5427.6000,5428.0000,5429.2000,5429.4000,5429.6000,1,1,4,1,1,1,1,2,1,1
SF,IC2012,2020-06-29 09:33:32.700,5427.6000,34830,0,651094880.000,0,-,-,-,-,5426.4000,5426.2000,5426.0000,5425.0000,5424.8000,5429.2000,5429.4000,5429.6000,5430.0000,5430.6000,1,1,1,4,1,2,1,1,1,8
SF,IC2012,2020-06-29 09:33:33.200,5427.6000,34830,0,651094880.000,0,-,-,-,-,5426.2000,5426.0000,5425.0000,5424.8000,5424.4000,5429.2000,5429.4000,5429.6000,5430.0000,5430.6000,1,1,4,1,1,2,1,1,1,8
SF,IC2012,2020-06-29 09:33:33.700,5427.6000,34830,0,651094880.000,0,-,-,-,-,5426.2000,5426.0000,5425.0000,5424.8000,5424.4000,5428.0000,5428.8000,5429.0000,5429.2000,5429.4000,1,1,4,1,1,1,1,1,2,1
SF,IC2012,2020-06-29 09:33:34.200,5427.6000,34830,0,651094880.000,0,-,-,-,-,5426.0000,5425.0000,5424.8000,5424.4000,5423.0000,5427.8000,5428.0000,5428.8000,5429.2000,5429.4000,1,4,1,1,1,1,2,2,2,1
SF,IC2012,2020-06-29 09:33:34.700,5427.6000,34830,0,651094880.000,0,-,-,-,-,5426.0000,5425.0000,5424.4000,5423.0000,5422.2000,5428.0000,5428.8000,5429.2000,5429.4000,5429.6000,1,4,1,1,1,2,2,2,1,1
SF,IC2012,2020-06-29 09:33:35.200,5425.0000,34830,0,654350080.000,3,1,2,多换,S,5425.0000,5424.4000,5423.0000,5422.2000,5422.0000,5427.8000,5428.0000,5428.8000,5429.2000,5429.4000,2,1,1,1,7,1,2,2,2,1
SF,IC2012,2020-06-29 09:33:35.700,5425.0000,34830,0,654350080.000,0,-,-,-,-,5425.0000,5424.4000,5423.0000,5422.2000,5422.0000,5426.8000,5427.8000,5428.0000,5428.8000,5429.2000,2,1,1,1,7,1,1,1,2,2
SF,IC2012,2020-06-29 09:33:36.200,5425.0000,34830,0,655435080.000,1,0,1,多换,S,5425.0000,5424.4000,5423.0000,5422.2000,5422.0000,5426.6000,5426.8000,5427.0000,5427.4000,5429.2000,1,1,1,1,7,1,1,2,1,2
SF,IC2012,2020-06-29 09:33:36.700,5424.4000,34829,-1,657604960.000,2,0,2,多平,S,5423.0000,5422.2000,5422.0000,5421.8000,5420.8000,5426.6000,5426.8000,5427.0000,5427.4000,5429.2000,1,1,7,1,1,1,1,2,1,2
SF,IC2012,2020-06-29 09:33:37.200,5424.4000,34829,0,657604960.000,0,-,-,-,-,5423.0000,5422.2000,5422.0000,5421.8000,5420.8000,5426.4000,5426.6000,5427.0000,5427.4000,5429.2000,1,1,7,1,1,1,1,2,1,2
SF,IC2012,2020-06-29 09:33:37.700,5424.4000,34829,0,657604960.000,0,-,-,-,-,5423.0000,5422.2000,5422.0000,5421.8000,5420.8000,5425.4000,5426.4000,5427.0000,5427.4000,5429.2000,1,1,7,1,1,1,1,1,1,2
SF,IC2012,2020-06-29 09:33:38.200,5423.0000,34829,0,659774600.000,2,1,1,多换,S,5422.2000,5422.0000,5421.8000,5420.8000,5420.2000,5423.0000,5425.2000,5425.4000,5426.4000,5429.2000,1,7,1,1,1,2,1,2,1,2
SF,IC2012,2020-06-29 09:33:38.700,5423.0000,34829,0,659774600.000,0,-,-,-,-,5422.2000,5422.0000,5421.8000,5420.8000,5420.2000,5423.0000,5424.6000,5424.8000,5425.2000,5425.4000,1,7,1,1,1,2,1,1,1,2
SF,IC2012,2020-06-29 09:33:39.200,5423.0000,34829,0,660859200.000,1,0,1,多换,S,5422.2000,5422.0000,5421.8000,5420.8000,5420.2000,5423.0000,5424.6000,5424.8000,5425.2000,5425.4000,1,7,1,1,1,1,1,1,1,1
SF,IC2012,2020-06-29 09:33:39.700,5423.0000,34829,0,660859200.000,0,-,-,-,-,5422.2000,5422.0000,5421.8000,5420.8000,5420.2000,5423.0000,5424.6000,5424.8000,5425.4000,5426.4000,1,7,1,1,1,1,1,1,1,1
SF,IC2012,2020-06-29 09:33:40.200,5422.2000,34828,-1,661943640.000,1,0,1,双平,S,5422.0000,5421.8000,5420.8000,5420.2000,5420.0000,5422.2000,5423.0000,5424.6000,5424.8000,5425.4000,7,1,1,1,23,2,1,1,1,1
SF,IC2012,2020-06-29 09:33:40.700,5422.2000,34825,-3,665196960.000,3,0,3,双平,S,5422.2000,5422.0000,5421.8000,5420.8000,5420.2000,5423.0000,5424.6000,5424.8000,5425.0000,5426.4000,1,7,1,1,1,1,1,1,1,1
SF,IC2012,2020-06-29 09:33:41.200,5422.2000,34825,0,665196960.000,0,-,-,-,-,5422.0000,5421.8000,5420.8000,5420.2000,5420.0000,5422.8000,5423.0000,5424.6000,5424.8000,5425.0000,7,1,1,1,23,1,1,1,1,1
SF,IC2012,2020-06-29 09:33:41.700,5422.0000,34825,0,666281360.000,1,0,1,多换,S,5422.0000,5421.8000,5420.8000,5420.2000,5420.0000,5422.8000,5423.0000,5424.8000,5425.0000,5429.2000,6,1,1,1,23,1,1,1,1,2
SF,IC2012,2020-06-29 09:33:42.200,5422.0000,34825,0,668450160.000,2,1,1,多换,S,5422.0000,5421.8000,5420.8000,5420.2000,5420.0000,5422.8000,5423.0000,5424.8000,5425.0000,5429.2000,4,1,1,1,23,1,1,1,1,2
SF,IC2012,2020-06-29 09:33:42.700,5422.0000,34823,-2,672787760.000,4,1,3,多平,S,5421.8000,5420.8000,5420.2000,5420.0000,5418.6000,5422.0000,5422.6000,5422.8000,5423.0000,5424.8000,1,1,1,23,1,1,1,1,1,1
SF,IC2012,2020-06-29 09:33:43.200,5421.8000,34823,0,673872120.000,1,0,1,多换,S,5420.8000,5420.2000,5420.0000,5418.6000,5418.0000,5422.0000,5422.6000,5422.8000,5423.0000,5424.8000,1,1,23,1,1,2,1,1,2,1
SF,IC2012,2020-06-29 09:33:43.700,5421.8000,34823,0,673872120.000,0,-,-,-,-,5420.8000,5420.2000,5420.0000,5418.6000,5418.0000,5421.8000,5422.0000,5422.6000,5422.8000,5423.0000,1,1,23,1,1,1,2,1,1,2
SF,IC2012,2020-06-29 09:33:44.200,5421.8000,34823,0,673872120.000,0,-,-,-,-,5420.8000,5420.2000,5420.0000,5418.6000,5418.0000,5421.8000,5422.0000,5422.6000,5422.8000,5423.0000,1,1,23,1,1,1,1,1,1,2
SF,IC2012,2020-06-29 09:33:44.700,5421.8000,34823,0,673872120.000,0,-,-,-,-,5420.8000,5420.2000,5420.0000,5418.6000,5415.0000,5421.8000,5422.0000,5422.6000,5422.8000,5423.0000,1,1,23,1,1,1,1,1,1,2
SF,IC2012,2020-06-29 09:33:45.200,5420.8000,34823,0,674956280.000,1,0,1,多换,S,5420.2000,5420.0000,5418.6000,5415.0000,5414.6000,5420.8000,5421.6000,5422.0000,5422.8000,5423.0000,1,23,1,1,1,1,1,1,1,2
SF,IC2012,2020-06-29 09:33:45.700,5420.8000,34823,0,674956280.000,0,-,-,-,-,5420.2000,5420.0000,5418.6000,5415.0000,5414.6000,5420.8000,5421.6000,5422.0000,5422.8000,5423.0000,1,23,1,1,1,1,2,1,1,2
SF,IC2012,2020-06-29 09:33:46.200,5420.0000,34822,-1,677124320.000,2,0,2,多平,S,5420.0000,5418.6000,5415.0000,5414.6000,5411.4000,5420.2000,5420.8000,5421.6000,5422.0000,5422.8000,22,1,1,1,6,1,1,2,1,1
SF,IC2012,2020-06-29 09:33:46.700,5420.0000,34818,-4,686880320.000,9,2,7,多平,S,5420.0000,5418.6000,5415.0000,5414.6000,5411.4000,5420.2000,5420.8000,5421.6000,5422.0000,5422.8000,15,1,1,1,6,1,1,1,1,1
SF,IC2012,2020-06-29 09:33:47.200,5420.0000,34817,-1,698804320.000,11,5,6,多平,S,5420.0000,5418.6000,5415.0000,5414.6000,5411.4000,5420.2000,5420.8000,5421.6000,5422.0000,5422.8000,4,1,1,1,6,2,1,1,1,1
SF,IC2012,2020-06-29 09:33:47.700,5420.0000,34814,-3,703140320.000,4,0,4,多平,S,5418.6000,5415.0000,5414.6000,5411.4000,5411.0000,5419.8000,5420.0000,5420.2000,5420.8000,5421.6000,1,1,1,6,1,2,1,2,1,1
SF,IC2012,2020-06-29 09:33:48.200,5420.0000,34814,0,703140320.000,0,-,-,-,-,5418.6000,5415.0000,5414.6000,5411.4000,5411.0000,5419.6000,5419.8000,5420.0000,5420.2000,5420.8000,1,1,1,6,1,1,2,1,2,1
SF,IC2012,2020-06-29 09:33:48.700,5418.6000,34814,0,704224040.000,1,0,1,多换,S,5415.0000,5414.6000,5411.4000,5411.0000,5410.2000,5419.2000,5419.6000,5419.8000,5420.0000,5420.2000,1,1,6,1,2,1,1,1,1,2
SF,IC2012,2020-06-29 09:33:49.200,5418.6000,34814,0,704224040.000,0,-,-,-,-,5415.8000,5415.2000,5415.0000,5414.6000,5411.4000,5419.0000,5419.2000,5419.4000,5419.8000,5420.0000,2,1,1,1,6,1,1,1,1,1
SF,IC2012,2020-06-29 09:33:49.700,5418.6000,34813,-1,705307760.000,1,0,1,双平,S,5415.8000,5415.2000,5415.0000,5414.6000,5411.4000,5418.6000,5419.4000,5419.8000,5420.0000,5420.2000,2,1,1,1,6,9,1,1,1,2
SF,IC2012,2020-06-29 09:33:50.200,5416.0000,34811,-2,707474160.000,2,0,2,双平,S,5416.0000,5415.2000,5415.0000,5414.6000,5411.4000,5418.6000,5419.8000,5420.0000,5420.2000,5420.8000,1,1,1,1,6,9,1,1,2,1
SF,IC2012,2020-06-29 09:33:50.700,5416.0000,34811,0,707474160.000,0,-,-,-,-,5416.6000,5416.0000,5415.8000,5415.2000,5415.0000,5418.6000,5419.8000,5420.0000,5420.2000,5420.8000,2,3,1,1,1,9,1,1,2,1
SF,IC2012,2020-06-29 09:33:51.200,5418.6000,34811,0,708557880.000,1,0,1,多换,S,5416.8000,5416.0000,5415.8000,5415.2000,5415.0000,5418.6000,5419.8000,5420.0000,5420.2000,5420.8000,1,2,1,1,1,8,1,1,2,1
SF,IC2012,2020-06-29 09:33:51.700,5418.6000,34808,-3,712892760.000,4,0,4,多平,S,5417.4000,5416.8000,5416.0000,5415.8000,5415.2000,5418.6000,5419.8000,5420.0000,5420.2000,5420.8000,2,1,2,1,1,4,1,1,2,1
SF,IC2012,2020-06-29 09:33:52.200,5418.6000,34805,-3,716143920.000,3,0,3,双平,S,5417.0000,5416.0000,5415.8000,5415.0000,5414.6000,5418.6000,5420.0000,5420.2000,5420.8000,5421.6000,1,2,1,1,1,1,1,2,1,1
SF,IC2012,2020-06-29 09:33:52.700,5418.6000,34805,0,717227640.000,1,0,1,多换,S,5417.0000,5416.0000,5415.8000,5415.0000,5414.6000,5418.6000,5420.0000,5420.2000,5420.8000,5421.6000,1,2,1,1,1,1,1,2,1,1
SF,IC2012,2020-06-29 09:33:53.200,5418.6000,34805,0,717227640.000,0,-,-,-,-,5417.0000,5416.0000,5415.8000,5415.0000,5414.6000,5418.6000,5420.0000,5420.2000,5420.8000,5421.6000,1,2,1,1,1,1,1,2,1,1
SF,IC2012,2020-06-29 09:33:53.700,5418.6000,34805,0,717227640.000,0,-,-,-,-,5417.0000,5416.0000,5415.0000,5414.6000,5411.4000,5418.6000,5420.0000,5420.2000,5420.8000,5421.6000,1,2,1,1,6,1,1,2,1,1
SF,IC2012,2020-06-29 09:33:54.200,5418.6000,34805,0,717227640.000,0,-,-,-,-,5417.0000,5416.0000,5415.0000,5414.6000,5411.0000,5418.6000,5420.0000,5420.2000,5421.6000,5423.0000,2,2,1,1,1,1,1,2,1,1
SF,IC2012,2020-06-29 09:33:54.700,5418.6000,34805,0,717227640.000,0,-,-,-,-,5417.0000,5416.0000,5415.0000,5414.6000,5411.0000,5418.6000,5420.0000,5420.2000,5421.6000,5423.0000,3,2,1,1,1,2,1,2,1,1
SF,IC2012,2020-06-29 09:33:55.200,5418.6000,34805,0,717227640.000,0,-,-,-,-,5417.2000,5417.0000,5416.0000,5415.0000,5414.6000,5418.6000,5420.0000,5420.2000,5421.6000,5423.0000,1,3,2,1,1,3,1,2,1,1
SF,IC2012,2020-06-29 09:33:56.200,5417.0000,34804,-1,718311040.000,1,0,1,双平,S,5417.0000,5416.0000,5415.0000,5414.6000,5411.0000,5418.6000,5420.0000,5420.2000,5421.6000,5423.0000,2,2,1,1,1,3,1,2,1,1
SF,IC2012,2020-06-29 09:33:56.700,5417.0000,34804,0,718311040.000,0,-,-,-,-,5417.0000,5416.0000,5415.0000,5414.6000,5411.0000,5418.6000,5420.0000,5421.6000,5423.0000,5429.2000,2,2,1,1,1,3,1,1,1,2
SF,IC2012,2020-06-29 09:33:57.200,5417.0000,34804,0,718311040.000,0,-,-,-,-,5417.0000,5416.0000,5415.0000,5414.6000,5411.0000,5418.4000,5418.6000,5420.0000,5421.6000,5423.0000,2,2,1,1,1,1,3,1,1,1
SF,IC2012,2020-06-29 09:33:57.700,5417.0000,34804,0,718311040.000,0,-,-,-,-,5417.2000,5417.0000,5416.0000,5415.0000,5414.6000,5418.2000,5418.4000,5418.6000,5420.0000,5421.6000,1,2,2,1,1,1,1,2,1,1
SF,IC2012,2020-06-29 09:33:58.200,5417.0000,34804,0,718311040.000,0,-,-,-,-,5417.2000,5417.0000,5416.0000,5415.0000,5414.6000,5418.2000,5418.4000,5418.6000,5420.0000,5421.6000,1,2,2,1,1,1,1,2,1,1
SF,IC2012,2020-06-29 09:33:58.700,5417.0000,34804,0,718311040.000,0,-,-,-,-,5417.2000,5417.0000,5416.0000,5415.0000,5414.6000,5418.2000,5418.6000,5420.0000,5421.6000,5423.0000,1,2,2,1,1,1,2,1,1,1
SF,IC2012,2020-06-29 09:33:59.200,5417.0000,34804,0,718311040.000,0,-,-,-,-,5417.0000,5416.0000,5415.0000,5414.6000,5414.4000,5418.2000,5418.6000,5420.0000,5421.6000,5423.0000,2,2,1,1,1,1,2,1,1,1
SF,IC2012,2020-06-29 09:33:59.700,5417.0000,34804,0,718311040.000,0,-,-,-,-,5417.0000,5416.0000,5415.0000,5414.6000,5414.4000,5418.2000,5418.6000,5420.0000,5421.6000,5423.0000,2,2,1,1,1,3,2,1,1,1
SF,IC2012,2020-06-29 09:34:00.200,5417.0000,34804,0,718311040.000,0,-,-,-,-,5417.0000,5416.0000,5415.0000,5414.6000,5414.4000,5418.2000,5418.6000,5420.0000,5421.6000,5423.0000,2,2,1,1,1,3,2,1,1,1
SF,IC2012,2020-06-29 09:34:00.700,5417.0000,34804,0,719394440.000,1,0,1,多换,S,5417.0000,5416.0000,5415.0000,5414.6000,5414.4000,5418.2000,5418.6000,5420.0000,5421.6000,5423.0000,1,2,1,1,1,3,2,1,1,1
SF,IC2012,2020-06-29 09:34:01.700,5417.0000,34804,0,719394440.000,0,-,-,-,-,5417.0000,5416.0000,5415.0000,5414.6000,5414.4000,5418.2000,5418.6000,5420.0000,5421.6000,5423.0000,1,2,1,1,1,2,2,1,1,1
SF,IC2012,2020-06-29 09:34:02.700,5417.0000,34804,0,720477840.000,1,0,1,多换,S,5416.0000,5415.0000,5414.6000,5414.4000,5411.0000,5418.2000,5418.6000,5420.0000,5421.6000,5423.0000,2,1,1,1,1,2,2,1,1,1
SF,IC2012,2020-06-29 09:34:03.200,5417.0000,34804,0,720477840.000,0,-,-,-,-,5416.0000,5415.0000,5414.6000,5414.4000,5411.0000,5417.0000,5418.0000,5418.2000,5418.6000,5420.0000,2,1,1,1,1,1,1,2,2,1
SF,IC2012,2020-06-29 09:34:03.700,5417.0000,34804,0,720477840.000,0,-,-,-,-,5416.0000,5415.0000,5414.6000,5414.4000,5411.0000,5416.8000,5417.0000,5418.2000,5418.6000,5420.0000,2,1,1,1,1,1,1,2,2,1
SF,IC2012,2020-06-29 09:34:04.200,5416.0000,34804,0,722644240.000,2,1,1,多换,S,5415.0000,5414.6000,5414.4000,5411.0000,5410.2000,5416.8000,5417.0000,5418.2000,5418.6000,5420.0000,1,1,1,1,2,1,1,2,2,1
SF,IC2012,2020-06-29 09:34:04.700,5416.8000,34803,-1,723727600.000,1,0,1,双平,S,5415.0000,5414.6000,5414.4000,5411.0000,5410.2000,5417.0000,5418.2000,5418.6000,5420.0000,5421.6000,1,1,1,1,2,1,2,2,1,1
SF,IC2012,2020-06-29 09:34:05.200,5416.8000,34803,0,723727600.000,0,-,-,-,-,5415.2000,5415.0000,5414.4000,5411.0000,5410.2000,5416.4000,5416.8000,5417.0000,5418.2000,5418.6000,1,1,1,1,2,1,1,1,2,2
SF,IC2012,2020-06-29 09:34:05.700,5416.8000,34803,0,723727600.000,0,-,-,-,-,5415.0000,5414.4000,5411.0000,5410.2000,5410.0000,5416.4000,5416.8000,5417.0000,5418.2000,5418.6000,1,1,1,2,2,1,1,1,2,2
SF,IC2012,2020-06-29 09:34:06.200,5415.2000,34803,0,724810640.000,1,0,1,多换,S,5415.0000,5414.4000,5411.0000,5410.2000,5410.0000,5416.4000,5416.8000,5417.0000,5418.2000,5418.6000,1,1,1,2,2,1,1,1,2,2
SF,IC2012,2020-06-29 09:34:07.200,5415.2000,34803,0,724810640.000,0,-,-,-,-,5415.0000,5414.4000,5411.0000,5410.2000,5410.0000,5416.4000,5416.8000,5418.2000,5418.6000,5420.0000,1,1,1,2,2,1,1,2,2,1
SF,IC2012,2020-06-29 09:34:07.700,5415.2000,34803,0,724810640.000,0,-,-,-,-,5415.2000,5415.0000,5414.4000,5411.0000,5410.2000,5416.4000,5416.8000,5418.2000,5418.6000,5420.0000,1,1,1,1,2,1,1,2,1,1
SF,IC2012,2020-06-29 09:34:09.200,5416.4000,34801,-2,726977200.000,2,0,2,双平,S,5416.4000,5415.2000,5415.0000,5414.4000,5411.0000,5416.8000,5418.2000,5418.6000,5420.0000,5421.6000,1,2,1,1,1,1,2,1,1,1
SF,IC2012,2020-06-29 09:34:09.700,5416.4000,34801,0,726977200.000,0,-,-,-,-,5416.4000,5415.2000,5415.0000,5414.4000,5411.0000,5418.2000,5418.6000,5420.0000,5421.6000,5423.0000,1,2,1,1,1,2,1,1,1,1
SF,IC2012,2020-06-29 09:34:10.200,5416.4000,34800,-1,728060480.000,1,0,1,双平,S,5415.2000,5415.0000,5414.4000,5411.0000,5410.2000,5418.0000,5418.2000,5418.6000,5420.0000,5421.6000,2,1,1,1,2,1,2,1,1,1
SF,IC2012,2020-06-29 09:34:10.700,5416.4000,34800,0,728060480.000,0,-,-,-,-,5415.4000,5415.2000,5415.0000,5414.4000,5411.0000,5418.0000,5418.2000,5418.6000,5420.0000,5421.6000,2,2,1,1,1,1,2,1,1,1
SF,IC2012,2020-06-29 09:34:11.200,5416.4000,34800,0,728060480.000,0,-,-,-,-,5415.4000,5415.2000,5415.0000,5414.4000,5411.0000,5417.6000,5418.0000,5418.2000,5418.6000,5420.0000,2,2,1,1,1,1,1,2,1,1
SF,IC2012,2020-06-29 09:34:11.700,5416.4000,34800,0,728060480.000,0,-,-,-,-,5415.4000,5415.2000,5415.0000,5414.4000,5411.0000,5418.0000,5418.2000,5418.6000,5420.0000,5421.6000,2,2,1,1,1,1,2,1,1,1
SF,IC2012,2020-06-29 09:34:12.200,5416.4000,34800,0,728060480.000,0,-,-,-,-,5415.4000,5415.2000,5415.0000,5414.4000,5411.0000,5418.0000,5418.2000,5418.6000,5420.0000,5421.6000,2,2,1,1,1,1,2,1,1,1
SF,IC2012,2020-06-29 09:34:12.700,5416.4000,34800,0,728060480.000,0,-,-,-,-,5415.4000,5415.2000,5415.0000,5414.4000,5411.0000,5417.8000,5418.0000,5418.2000,5418.6000,5420.0000,2,2,1,1,1,1,1,2,1,1
SF,IC2012,2020-06-29 09:34:13.200,5416.4000,34800,0,728060480.000,0,-,-,-,-,5415.4000,5415.2000,5415.0000,5414.4000,5411.0000,5417.6000,5418.0000,5418.2000,5418.6000,5420.0000,2,2,1,1,1,1,1,2,1,1
SF,IC2012,2020-06-29 09:34:13.700,5416.4000,34800,0,728060480.000,0,-,-,-,-,5415.4000,5415.2000,5415.0000,5414.4000,5411.0000,5417.4000,5417.6000,5418.2000,5418.6000,5420.0000,2,2,1,1,1,2,1,2,1,1
SF,IC2012,2020-06-29 09:34:14.200,5416.4000,34800,0,728060480.000,0,-,-,-,-,5415.6000,5415.4000,5415.2000,5415.0000,5414.4000,5417.4000,5417.6000,5418.2000,5418.6000,5420.0000,1,2,2,1,1,2,1,2,1,1
SF,IC2012,2020-06-29 09:34:14.700,5416.4000,34800,0,728060480.000,0,-,-,-,-,5415.8000,5415.6000,5415.4000,5415.2000,5415.0000,5417.2000,5417.4000,5418.2000,5418.6000,5420.0000,1,1,1,2,1,1,1,2,1,1
SF,IC2012,2020-06-29 09:34:15.200,5415.8000,34799,-1,729143640.000,1,0,1,双平,S,5415.6000,5415.4000,5415.2000,5415.0000,5414.8000,5417.2000,5417.4000,5418.2000,5418.6000,5420.0000,1,1,2,1,7,2,1,2,1,1
SF,IC2012,2020-06-29 09:34:15.700,5415.8000,34799,0,729143640.000,0,-,-,-,-,5415.6000,5415.4000,5415.2000,5415.0000,5414.8000,5417.2000,5417.4000,5418.2000,5418.6000,5420.0000,1,1,2,2,7,2,1,2,1,1
SF,IC2012,2020-06-29 09:34:16.200,5415.8000,34799,0,729143640.000,0,-,-,-,-,5415.6000,5415.4000,5415.2000,5415.0000,5414.8000,5417.2000,5417.4000,5418.2000,5418.6000,5420.0000,1,1,1,2,7,1,1,2,1,1
SF,IC2012,2020-06-29 09:34:16.700,5415.6000,34799,0,730226760.000,1,0,1,多换,S,5415.4000,5415.2000,5415.0000,5414.8000,5414.4000,5417.0000,5417.2000,5418.2000,5418.6000,5420.0000,1,1,2,7,1,2,1,2,1,1
SF,IC2012,2020-06-29 09:34:17.200,5415.6000,34799,0,730226760.000,0,-,-,-,-,5415.4000,5415.2000,5415.0000,5414.8000,5414.4000,5417.0000,5417.2000,5418.2000,5418.6000,5420.0000,1,1,2,7,1,2,1,2,1,1
SF,IC2012,2020-06-29 09:34:17.700,5415.6000,34799,0,730226760.000,0,-,-,-,-,5415.4000,5415.2000,5415.0000,5414.8000,5414.4000,5416.8000,5417.0000,5418.2000,5418.6000,5420.0000,1,1,2,7,1,1,2,2,1,1
SF,IC2012,2020-06-29 09:34:18.200,5415.6000,34799,0,730226760.000,0,-,-,-,-,5415.4000,5415.2000,5415.0000,5414.8000,5414.4000,5416.8000,5417.0000,5418.2000,5418.6000,5420.0000,1,1,12,7,1,1,1,2,1,1
SF,IC2012,2020-06-29 09:34:18.700,5415.4000,34799,0,731309840.000,1,0,1,多换,S,5415.2000,5415.0000,5414.8000,5414.4000,5411.0000,5416.8000,5417.0000,5418.2000,5418.6000,5420.0000,1,12,7,1,1,1,1,2,1,1
SF,IC2012,2020-06-29 09:34:19.200,5415.4000,34799,0,732392920.000,1,0,1,多换,S,5415.2000,5415.0000,5414.8000,5414.4000,5411.0000,5416.6000,5416.8000,5418.2000,5418.6000,5420.0000,1,12,7,1,1,1,1,2,1,1
SF,IC2012,2020-06-29 09:34:20.200,5416.6000,34798,-1,733476240.000,1,0,1,双平,S,5415.2000,5415.0000,5414.8000,5414.4000,5411.0000,5418.2000,5418.6000,5420.0000,5421.6000,5423.0000,1,12,7,1,1,2,1,1,1,1
SF,IC2012,2020-06-29 09:34:20.700,5416.6000,34798,0,733476240.000,0,-,-,-,-,5415.4000,5415.2000,5415.0000,5414.8000,5414.4000,5418.0000,5418.2000,5418.6000,5420.0000,5421.6000,1,1,12,7,1,1,2,1,1,1
SF,IC2012,2020-06-29 09:34:21.200,5416.6000,34798,0,733476240.000,0,-,-,-,-,5415.4000,5415.2000,5415.0000,5414.8000,5414.4000,5418.0000,5418.2000,5418.6000,5420.0000,5421.6000,1,1,12,7,1,1,2,1,1,1
SF,IC2012,2020-06-29 09:34:21.700,5418.0000,34799,1,735643360.000,2,1,1,空开,S,5415.4000,5415.2000,5415.0000,5414.8000,5414.4000,5418.2000,5418.6000,5420.0000,5421.6000,5428.0000,1,1,12,7,1,2,1,1,1,1
SF,IC2012,2020-06-29 09:34:22.200,5418.0000,34799,0,735643360.000,0,-,-,-,-,5415.6000,5415.4000,5415.2000,5415.0000,5414.8000,5418.2000,5418.6000,5420.0000,5421.6000,5428.0000,2,1,1,12,7,2,1,1,1,1
SF,IC2012,2020-06-29 09:34:22.700,5418.2000,34799,0,737810640.000,2,1,1,多换,S,5415.8000,5415.6000,5415.2000,5415.0000,5414.8000,5418.6000,5420.0000,5421.6000,5428.0000,5428.8000,2,2,1,12,7,1,1,1,1,5
SF,IC2012,2020-06-29 09:34:23.200,5418.2000,34799,0,737810640.000,0,-,-,-,-,5416.0000,5415.8000,5415.6000,5415.2000,5415.0000,5418.6000,5420.0000,5421.6000,5428.0000,5428.8000,1,1,2,1,12,1,1,1,1,5
SF,IC2012,2020-06-29 09:34:23.700,5418.2000,34799,0,737810640.000,0,-,-,-,-,5416.2000,5416.0000,5415.6000,5415.2000,5415.0000,5418.6000,5420.0000,5421.6000,5428.0000,5428.8000,1,1,2,1,12,1,1,1,1,5
SF,IC2012,2020-06-29 09:34:24.200,5418.2000,34799,0,737810640.000,0,-,-,-,-,5416.2000,5416.0000,5415.6000,5415.2000,5415.0000,5418.6000,5420.0000,5421.6000,5428.0000,5428.8000,1,1,1,1,12,1,1,1,1,5
