市场代码,合约代码,时间,最新,持仓,增仓,成交额,成交量,开仓,平仓,成交类型,方向,买一价,买二价,买三价,买四价,买五价,卖一价,卖二价,卖三价,卖四价,卖五价,买一量,买二量,买三量,买四量,买五量,卖一量,卖二量,卖三量,卖四量,卖五量
SF,IC2006,2019-12-30 09:29:00.200,5025.8000,35308,0,22113520.000,22.000,-,-,-,-,5023.0000,5022.6000,5020.6000,5020.0000,5015.2000,5026.0000,5033.6000,5035.0000,5036.0000,5038.0000,1,3,1,6,2,2,1,1,1,1
SF,IC2006,2019-12-30 09:30:00.200,5026.0000,35307,-1,30155120.000,8,3,5,多平,S,5029.2000,5027.2000,5026.2000,5026.0000,5025.2000,5033.6000,5035.0000,5036.0000,5036.4000,5038.0000,1,1,1,2,2,1,1,1,1,1
SF,IC2006,2019-12-30 09:30:00.700,5028.8000,35305,-2,38203920.000,8,3,5,多平,S,5027.4000,5027.2000,5026.2000,5025.8000,5025.0000,5033.4000,5033.6000,5035.0000,5036.0000,5036.4000,1,1,1,1,4,1,4,1,1,1
SF,IC2006,2019-12-30 09:30:01.200,5027.6000,35299,-6,44238000.000,6,0,6,双平,S,5026.2000,5025.8000,5025.0000,5023.4000,5023.0000,5032.0000,5033.4000,5033.6000,5035.0000,5036.0000,1,1,4,3,1,2,1,4,1,1
SF,IC2006,2019-12-30 09:30:01.700,5027.6000,35299,0,44238000.000,0,-,-,-,-,5026.2000,5025.0000,5023.4000,5023.0000,5022.6000,5029.2000,5031.0000,5031.8000,5033.6000,5035.0000,1,4,1,1,3,1,1,1,2,1
SF,IC2006,2019-12-30 09:30:02.200,5026.2000,35299,0,45243240.000,1,0,1,多换,S,5025.0000,5023.0000,5022.6000,5020.6000,5020.0000,5027.4000,5028.4000,5029.2000,5031.6000,5031.8000,4,1,3,1,6,2,1,1,2,1
SF,IC2006,2019-12-30 09:30:02.700,5025.0000,35299,0,46248240.000,1,0,1,多换,S,5025.0000,5023.0000,5022.6000,5020.6000,5020.0000,5025.2000,5027.2000,5028.4000,5029.0000,5029.2000,3,1,3,1,6,1,2,1,3,1
SF,IC2006,2019-12-30 09:30:03.200,5023.0000,35299,0,50267840.000,4,2,2,多换,S,5022.6000,5020.6000,5020.0000,5018.0000,5015.2000,5025.0000,5025.2000,5026.2000,5027.4000,5028.4000,3,1,6,1,2,1,1,7,1,1
SF,IC2006,2019-12-30 09:30:03.700,5022.6000,35298,-1,52276880.000,2,0,2,多平,S,5022.8000,5022.6000,5020.6000,5020.0000,5018.0000,5023.8000,5024.0000,5024.4000,5024.8000,5025.0000,1,2,1,6,1,1,1,1,1,2
SF,IC2006,2019-12-30 09:30:04.200,5022.6000,35298,0,54285920.000,2,1,1,多换,S,5020.6000,5020.0000,5018.0000,5015.2000,5015.0000,5022.8000,5023.6000,5024.6000,5025.0000,5025.2000,1,6,1,2,1,1,2,2,3,1
SF,IC2006,2019-12-30 09:30:04.700,5020.0000,35295,-3,62319400.000,8,2,6,多平,S,5020.0000,5018.0000,5015.2000,5015.0000,5014.2000,5022.8000,5025.0000,5025.2000,5026.2000,5027.4000,3,1,2,1,2,2,3,1,6,1
SF,IC2006,2019-12-30 09:30:05.200,5013.2000,35294,-1,77369840.000,15,7,8,多平,S,5012.6000,5012.4000,5012.2000,5012.0000,5011.4000,5020.0000,5020.6000,5021.8000,5022.6000,5022.8000,4,6,2,1,2,21,1,1,1,4
SF,IC2006,2019-12-30 09:30:05.700,5013.2000,35293,-1,78372480.000,1,0,1,双平,S,5018.2000,5014.0000,5013.6000,5013.0000,5012.8000,5019.8000,5020.0000,5020.6000,5021.8000,5022.8000,1,1,2,6,4,2,21,1,1,2
SF,IC2006,2019-12-30 09:30:06.200,5017.4000,35292,-1,79375960.000,1,0,1,双平,S,5016.8000,5015.4000,5014.8000,5014.4000,5014.0000,5019.2000,5019.8000,5020.0000,5020.6000,5022.8000,2,1,2,1,1,1,2,21,1,2
SF,IC2006,2019-12-30 09:30:06.700,5018.4000,35292,0,81383480.000,2,1,1,多换,S,5017.0000,5015.4000,5014.8000,5014.4000,5014.0000,5018.2000,5019.0000,5019.8000,5020.0000,5020.6000,1,1,2,1,1,10,1,2,21,1
SF,IC2006,2019-12-30 09:30:07.200,5018.4000,35292,0,81383480.000,0,-,-,-,-,5013.8000,5013.4000,5013.0000,5012.8000,5012.6000,5018.0000,5018.2000,5019.8000,5020.0000,5022.2000,2,1,5,3,5,1,10,2,21,1
SF,IC2006,2019-12-30 09:30:07.700,5018.4000,35292,0,81383480.000,0,-,-,-,-,5014.2000,5014.0000,5013.6000,5013.4000,5013.0000,5018.0000,5018.2000,5019.8000,5020.0000,5022.2000,3,3,2,1,2,1,10,2,21,1
SF,IC2006,2019-12-30 09:30:08.200,5018.4000,35292,0,81383480.000,0,-,-,-,-,5017.0000,5015.4000,5014.4000,5014.2000,5014.0000,5018.0000,5018.2000,5019.8000,5020.0000,5022.2000,1,2,1,3,2,1,10,2,21,1
SF,IC2006,2019-12-30 09:30:08.700,5014.0000,35289,-3,86399040.000,5,1,4,多平,S,5018.0000,5014.0000,5013.6000,5013.4000,5012.8000,5018.2000,5019.8000,5020.0000,5022.2000,5022.8000,2,1,2,1,2,10,2,21,1,2
SF,IC2006,2019-12-30 09:30:09.200,5014.0000,35287,-2,89409040.000,3,0,3,多平,S,5013.4000,5012.8000,5012.6000,5012.2000,5012.0000,5018.2000,5019.8000,5020.0000,5022.2000,5022.8000,1,2,5,2,1,10,1,21,1,2
SF,IC2006,2019-12-30 09:30:09.700,5014.0000,35287,0,89409040.000,0,-,-,-,-,5013.6000,5013.4000,5012.8000,5012.6000,5012.2000,5013.8000,5018.0000,5018.2000,5019.8000,5020.0000,1,1,1,5,2,4,2,10,1,21
SF,IC2006,2019-12-30 09:30:10.200,5013.8000,35283,-4,93420080.000,4,0,4,双平,S,5014.6000,5013.8000,5013.4000,5012.8000,5012.6000,5017.4000,5018.0000,5018.2000,5019.8000,5020.0000,2,3,1,1,5,1,4,10,1,21
SF,IC2006,2019-12-30 09:30:10.700,5013.8000,35282,-1,97431120.000,4,1,3,多平,S,5013.8000,5012.8000,5012.6000,5012.2000,5012.0000,5017.2000,5018.0000,5018.2000,5019.8000,5020.0000,1,1,5,2,1,1,5,10,1,21
SF,IC2006,2019-12-30 09:30:11.200,5013.8000,35282,0,97431120.000,0,-,-,-,-,5015.0000,5014.0000,5013.8000,5012.8000,5012.6000,5017.0000,5017.2000,5018.0000,5018.2000,5019.8000,2,1,2,1,6,1,1,6,10,1
SF,IC2006,2019-12-30 09:30:11.700,5013.8000,35282,0,97431120.000,0,-,-,-,-,5013.8000,5012.8000,5012.6000,5012.2000,5012.0000,5016.8000,5017.0000,5018.0000,5018.2000,5019.8000,1,1,6,2,1,1,2,7,10,2
SF,IC2006,2019-12-30 09:30:12.200,5013.8000,35278,-4,106457160.000,9,2,7,多平,S,5012.8000,5012.6000,5012.4000,5012.2000,5012.0000,5013.8000,5017.0000,5018.0000,5018.2000,5019.8000,1,6,1,2,1,1,2,7,1,2
SF,IC2006,2019-12-30 09:30:12.700,5014.0000,35275,-3,109466120.000,3,0,3,双平,S,5014.0000,5013.0000,5012.8000,5012.6000,5012.2000,5017.0000,5018.0000,5018.2000,5019.8000,5020.0000,1,4,2,5,2,1,7,1,2,21
SF,IC2006,2019-12-30 09:30:13.200,5013.8000,35274,-1,110468880.000,1,0,1,双平,S,5013.0000,5012.8000,5012.6000,5012.2000,5012.0000,5013.8000,5014.8000,5016.8000,5018.0000,5018.2000,3,2,5,2,1,1,2,1,8,1
SF,IC2006,2019-12-30 09:30:13.700,5013.8000,35273,-1,111471640.000,1,0,1,双平,S,5013.0000,5012.8000,5012.6000,5012.2000,5012.0000,5014.8000,5016.8000,5018.0000,5018.2000,5019.8000,2,1,5,2,1,2,1,8,1,1
SF,IC2006,2019-12-30 09:30:14.200,5014.8000,35272,-1,112474600.000,1,0,1,双平,S,5013.8000,5013.2000,5013.0000,5012.8000,5012.6000,5014.8000,5016.8000,5018.0000,5018.2000,5019.8000,1,1,2,1,5,1,1,8,1,1
SF,IC2006,2019-12-30 09:30:14.700,5014.8000,35272,0,112474600.000,0,-,-,-,-,5014.0000,5013.8000,5013.6000,5012.8000,5012.6000,5014.6000,5014.8000,5016.8000,5018.0000,5018.2000,3,1,1,1,5,1,1,1,8,1
SF,IC2006,2019-12-30 09:30:15.200,5014.8000,35271,-1,114480480.000,2,0,2,多平,S,5015.2000,5015.0000,5014.0000,5013.8000,5013.6000,5016.8000,5018.0000,5018.2000,5019.8000,5020.0000,2,1,3,1,1,1,7,1,1,21
SF,IC2006,2019-12-30 09:30:15.700,5014.8000,35270,-1,115483440.000,1,0,1,双平,S,5014.8000,5013.8000,5013.6000,5012.8000,5012.6000,5016.0000,5018.0000,5018.2000,5019.8000,5020.0000,1,1,1,1,5,1,6,1,1,21
SF,IC2006,2019-12-30 09:30:16.200,5014.8000,35270,0,115483440.000,0,-,-,-,-,5014.8000,5014.6000,5013.8000,5013.6000,5012.8000,5015.8000,5018.0000,5018.2000,5019.8000,5020.0000,1,1,1,1,1,1,6,1,1,21
SF,IC2006,2019-12-30 09:30:16.700,5014.8000,35270,0,115483440.000,0,-,-,-,-,5014.8000,5014.6000,5013.8000,5012.8000,5012.6000,5015.8000,5016.0000,5018.0000,5018.2000,5019.8000,2,1,5,1,5,1,1,6,1,1
SF,IC2006,2019-12-30 09:30:17.200,5015.8000,35269,-1,116486600.000,1,0,1,双平,S,5015.8000,5015.0000,5014.8000,5014.6000,5014.0000,5016.0000,5018.0000,5018.2000,5019.8000,5020.0000,2,1,2,1,1,1,6,1,1,21
SF,IC2006,2019-12-30 09:30:17.700,5015.8000,35269,0,116486600.000,0,-,-,-,-,5016.6000,5016.4000,5016.2000,5016.0000,5015.8000,5018.0000,5018.2000,5019.8000,5020.0000,5025.2000,2,1,1,2,2,6,1,1,21,3
SF,IC2006,2019-12-30 09:30:18.200,5015.8000,35269,0,116486600.000,0,-,-,-,-,5016.6000,5016.4000,5016.2000,5016.0000,5015.8000,5017.8000,5018.0000,5018.2000,5019.8000,5020.0000,2,1,1,4,2,1,6,1,1,21
SF,IC2006,2019-12-30 09:30:18.700,5015.8000,35263,-6,122506200.000,6,0,6,双平,S,5015.8000,5015.0000,5014.8000,5014.6000,5014.0000,5017.8000,5018.0000,5018.2000,5019.8000,5020.0000,1,1,2,2,1,1,6,1,1,21
SF,IC2006,2019-12-30 09:30:19.200,5015.8000,35263,0,122506200.000,0,-,-,-,-,5016.0000,5015.8000,5014.8000,5014.6000,5014.0000,5017.6000,5017.8000,5018.0000,5018.2000,5019.8000,1,1,2,2,1,1,1,6,1,1
SF,IC2006,2019-12-30 09:30:19.700,5017.6000,35261,-2,125516720.000,3,0,3,多平,S,5016.0000,5015.8000,5014.8000,5014.6000,5014.0000,5018.0000,5018.2000,5019.8000,5020.0000,5025.2000,1,1,2,2,1,6,1,2,21,3
SF,IC2006,2019-12-30 09:30:20.200,5016.4000,35260,-1,126520000.000,1,0,1,双平,S,5016.0000,5015.8000,5014.8000,5014.6000,5014.0000,5017.8000,5018.0000,5018.2000,5019.8000,5020.0000,5,1,2,2,1,1,6,1,2,21
SF,IC2006,2019-12-30 09:30:20.700,5016.4000,35260,0,126520000.000,0,-,-,-,-,5016.0000,5015.8000,5014.8000,5014.6000,5014.0000,5017.8000,5018.0000,5018.2000,5019.8000,5020.0000,5,2,2,2,2,1,6,1,1,21
SF,IC2006,2019-12-30 09:30:21.200,5016.4000,35260,0,126520000.000,0,-,-,-,-,5017.6000,5016.0000,5015.8000,5014.8000,5014.6000,5017.8000,5018.0000,5018.2000,5019.8000,5020.0000,1,5,2,2,2,1,6,1,1,21
SF,IC2006,2019-12-30 09:30:21.700,5017.6000,35258,-2,128527040.000,2,0,2,双平,S,5016.4000,5016.0000,5015.8000,5014.8000,5014.6000,5017.8000,5018.0000,5018.2000,5019.8000,5020.0000,1,5,2,2,2,1,6,1,1,21
SF,IC2006,2019-12-30 09:30:22.200,5017.6000,35258,0,128527040.000,0,-,-,-,-,5016.6000,5016.4000,5016.2000,5016.0000,5015.8000,5017.4000,5018.0000,5018.2000,5019.8000,5020.0000,1,1,1,4,2,1,6,1,1,21
SF,IC2006,2019-12-30 09:30:22.700,5017.6000,35258,0,129530560.000,1,0,1,多换,S,5016.6000,5016.4000,5016.2000,5016.0000,5015.8000,5018.0000,5018.2000,5019.8000,5020.0000,5022.2000,1,1,1,4,2,6,1,1,21,1
SF,IC2006,2019-12-30 09:30:23.200,5017.6000,35258,0,129530560.000,0,-,-,-,-,5016.6000,5016.2000,5016.0000,5015.8000,5015.0000,5018.0000,5018.2000,5019.8000,5020.0000,5022.2000,1,1,4,2,1,6,1,1,21,1
SF,IC2006,2019-12-30 09:30:23.700,5017.6000,35258,0,129530560.000,0,-,-,-,-,5016.8000,5016.6000,5016.2000,5016.0000,5015.8000,5018.0000,5018.2000,5019.8000,5020.0000,5022.2000,2,1,1,4,2,6,1,1,21,1
SF,IC2006,2019-12-30 09:30:24.200,5017.6000,35258,0,129530560.000,0,-,-,-,-,5017.0000,5016.2000,5016.0000,5015.8000,5015.0000,5017.8000,5018.0000,5018.2000,5019.8000,5020.0000,1,1,4,2,1,3,6,1,1,21
SF,IC2006,2019-12-30 09:30:24.700,5017.0000,35257,-1,130533960.000,1,0,1,双平,S,5016.2000,5016.0000,5015.8000,5015.0000,5014.8000,5017.8000,5018.0000,5018.2000,5019.8000,5020.0000,1,4,2,1,1,3,6,1,1,21
SF,IC2006,2019-12-30 09:30:25.200,5017.8000,35259,2,132541080.000,2,2,0,双开,S,5016.4000,5016.2000,5016.0000,5015.8000,5015.0000,5017.8000,5018.0000,5018.2000,5019.8000,5020.0000,3,1,4,2,1,1,6,1,1,21
SF,IC2006,2019-12-30 09:30:25.700,5017.8000,35259,0,133544640.000,1,0,1,多换,S,5016.4000,5016.2000,5016.0000,5015.8000,5015.0000,5017.8000,5018.0000,5018.2000,5019.8000,5020.0000,1,1,4,2,1,1,6,1,1,21
SF,IC2006,2019-12-30 09:30:26.200,5017.8000,35259,0,133544640.000,0,-,-,-,-,5016.6000,5016.4000,5016.2000,5016.0000,5015.8000,5017.8000,5018.0000,5018.2000,5019.8000,5020.0000,1,1,1,4,2,1,6,1,1,21
SF,IC2006,2019-12-30 09:30:26.700,5017.8000,35259,0,133544640.000,0,-,-,-,-,5016.8000,5016.6000,5016.2000,5016.0000,5015.8000,5017.4000,5017.8000,5018.0000,5018.2000,5019.8000,1,1,1,4,2,2,1,6,1,1
SF,IC2006,2019-12-30 09:30:27.200,5017.8000,35259,0,133544640.000,0,-,-,-,-,5016.8000,5016.6000,5016.2000,5016.0000,5015.8000,5017.4000,5017.8000,5018.0000,5018.2000,5019.8000,2,1,1,4,2,2,1,6,1,1
SF,IC2006,2019-12-30 09:30:27.700,5017.8000,35257,-2,136555240.000,3,0,3,多平,S,5017.0000,5016.8000,5016.2000,5016.0000,5015.8000,5018.0000,5018.2000,5019.8000,5020.0000,5025.2000,1,1,1,4,2,6,1,1,21,3
SF,IC2006,2019-12-30 09:30:28.200,5017.8000,35257,0,136555240.000,0,-,-,-,-,5017.2000,5016.2000,5016.0000,5015.8000,5015.0000,5018.0000,5018.2000,5019.8000,5020.0000,5025.2000,1,1,4,2,1,6,1,1,21,3
SF,IC2006,2019-12-30 09:30:28.700,5017.8000,35257,0,136555240.000,0,-,-,-,-,5017.4000,5017.2000,5016.0000,5015.8000,5015.0000,5018.0000,5018.2000,5019.8000,5020.0000,5025.2000,1,3,4,2,1,6,1,1,21,3
SF,IC2006,2019-12-30 09:30:29.200,5018.0000,35256,-1,140569360.000,4,1,3,多平,S,5017.6000,5016.8000,5016.0000,5015.8000,5015.0000,5018.0000,5018.2000,5019.8000,5020.0000,5025.2000,1,1,4,2,1,4,1,1,21,3
SF,IC2006,2019-12-30 09:30:29.700,5017.6000,35254,-2,142576400.000,2,0,2,双平,S,5016.8000,5016.0000,5015.8000,5015.0000,5014.8000,5018.0000,5018.2000,5019.8000,5020.0000,5025.2000,1,4,2,1,1,4,1,1,21,3
SF,IC2006,2019-12-30 09:30:30.200,5016.8000,35250,-4,146590040.000,4,0,4,双平,S,5016.0000,5015.8000,5015.0000,5014.8000,5014.6000,5016.8000,5017.8000,5018.0000,5018.2000,5019.8000,4,2,1,1,1,7,1,4,1,1
SF,IC2006,2019-12-30 09:30:30.700,5016.8000,35250,0,146590040.000,0,-,-,-,-,5016.4000,5016.0000,5015.8000,5015.0000,5014.8000,5016.8000,5017.8000,5018.0000,5018.2000,5019.8000,2,6,2,1,1,7,1,4,1,1
SF,IC2006,2019-12-30 09:30:31.200,5016.0000,35248,-2,150603160.000,4,1,3,多平,S,5016.6000,5016.2000,5016.0000,5015.8000,5015.0000,5016.8000,5017.8000,5018.0000,5018.2000,5019.8000,1,1,5,2,1,6,3,4,1,1
SF,IC2006,2019-12-30 09:30:31.700,5016.8000,35244,-4,155619960.000,5,0,5,多平,S,5016.6000,5016.0000,5015.8000,5015.0000,5014.8000,5016.8000,5017.8000,5018.0000,5018.2000,5019.8000,1,5,2,1,1,1,3,4,1,1
SF,IC2006,2019-12-30 09:30:32.200,5016.8000,35243,-1,156623320.000,1,0,1,双平,S,5016.8000,5016.6000,5016.0000,5015.8000,5015.0000,5017.8000,5018.0000,5018.2000,5019.8000,5020.0000,3,2,5,2,1,3,4,1,1,21
SF,IC2006,2019-12-30 09:30:32.700,5017.8000,35243,0,157626880.000,1,0,1,多换,S,5016.8000,5016.6000,5016.0000,5015.8000,5015.0000,5017.8000,5018.0000,5018.2000,5019.8000,5020.0000,2,1,5,1,1,2,4,1,1,21
SF,IC2006,2019-12-30 09:30:33.200,5018.0000,35248,5,162644800.000,5,5,0,双开,S,5017.0000,5016.8000,5016.6000,5016.0000,5015.8000,5018.0000,5018.2000,5019.8000,5020.0000,5025.2000,1,3,1,5,1,1,1,1,21,3
SF,IC2006,2019-12-30 09:30:33.700,5018.0000,35247,-1,164652000.000,2,0,2,多平,S,5017.2000,5016.8000,5016.6000,5016.0000,5015.8000,5018.2000,5019.8000,5020.0000,5025.2000,5027.4000,1,2,1,5,1,1,1,21,3,1
SF,IC2006,2019-12-30 09:30:34.200,5018.2000,35247,0,165655640.000,1,0,1,多换,S,5018.2000,5017.2000,5016.8000,5016.6000,5016.0000,5019.8000,5020.0000,5025.2000,5027.4000,5028.6000,1,2,2,1,5,1,21,3,1,2
SF,IC2006,2019-12-30 09:30:34.700,5018.2000,35247,0,165655640.000,0,-,-,-,-,5018.2000,5016.8000,5016.6000,5016.0000,5015.8000,5019.6000,5019.8000,5020.0000,5025.2000,5027.4000,1,2,1,5,1,1,1,21,3,1
SF,IC2006,2019-12-30 09:30:35.200,5018.2000,35246,-1,166659280.000,1,0,1,双平,S,5017.0000,5016.8000,5016.0000,5015.8000,5015.0000,5019.6000,5019.8000,5020.0000,5025.2000,5027.4000,1,2,4,1,1,1,1,21,3,1
SF,IC2006,2019-12-30 09:30:35.700,5018.2000,35246,0,166659280.000,0,-,-,-,-,5017.0000,5016.8000,5016.0000,5015.8000,5015.0000,5018.2000,5019.6000,5019.8000,5020.0000,5025.2000,1,2,4,1,1,2,1,1,21,3
SF,IC2006,2019-12-30 09:30:36.200,5018.2000,35246,0,166659280.000,0,-,-,-,-,5016.8000,5016.2000,5016.0000,5015.8000,5015.0000,5018.0000,5019.6000,5019.8000,5020.0000,5025.2000,2,2,4,1,1,1,3,1,21,3
SF,IC2006,2019-12-30 09:30:36.700,5018.2000,35246,0,167662920.000,1,0,1,多换,S,5018.0000,5016.8000,5016.2000,5016.0000,5015.8000,5019.6000,5019.8000,5020.0000,5025.2000,5027.4000,1,1,2,4,2,3,1,21,3,1
SF,IC2006,2019-12-30 09:30:37.200,5018.2000,35246,0,167662920.000,0,-,-,-,-,5018.0000,5016.8000,5016.2000,5016.0000,5015.8000,5019.4000,5019.6000,5019.8000,5020.0000,5025.2000,1,1,2,3,2,3,3,1,21,3
SF,IC2006,2019-12-30 09:30:37.700,5018.0000,35246,0,169670120.000,2,1,1,多换,S,5016.8000,5016.2000,5016.0000,5015.8000,5015.4000,5019.4000,5019.6000,5019.8000,5020.0000,5025.2000,1,2,3,2,1,3,3,1,21,3
SF,IC2006,2019-12-30 09:30:38.200,5018.0000,35246,0,169670120.000,0,-,-,-,-,5017.0000,5016.8000,5016.2000,5016.0000,5015.8000,5018.0000,5019.4000,5019.6000,5019.8000,5020.0000,1,1,2,3,2,2,1,3,1,21
SF,IC2006,2019-12-30 09:30:38.700,5018.0000,35246,0,169670120.000,0,-,-,-,-,5018.0000,5017.0000,5016.8000,5016.2000,5016.0000,5019.4000,5019.6000,5019.8000,5020.0000,5025.0000,1,1,1,2,3,1,3,1,21,1
SF,IC2006,2019-12-30 09:30:39.200,5017.0000,35247,1,174687920.000,5,3,2,空开,S,5016.8000,5016.2000,5016.0000,5015.8000,5015.4000,5019.4000,5019.6000,5019.8000,5020.0000,5025.0000,1,2,3,2,1,1,3,1,21,1
SF,IC2006,2019-12-30 09:30:39.700,5019.4000,35247,0,175691800.000,1,0,1,多换,S,5017.0000,5016.8000,5016.2000,5016.0000,5015.8000,5019.6000,5019.8000,5020.0000,5025.0000,5025.2000,1,2,2,3,2,3,1,21,1,3
SF,IC2006,2019-12-30 09:30:40.200,5017.4000,35248,1,177699160.000,2,1,1,空开,S,5017.2000,5017.0000,5016.8000,5016.2000,5015.8000,5019.4000,5019.6000,5019.8000,5020.0000,5025.0000,1,1,2,2,2,1,3,1,21,1
SF,IC2006,2019-12-30 09:30:40.700,5019.4000,35248,0,178703040.000,1,0,1,多换,S,5017.4000,5017.2000,5016.8000,5016.2000,5015.8000,5019.2000,5019.6000,5019.8000,5020.0000,5025.0000,1,3,2,2,1,1,3,1,21,1
SF,IC2006,2019-12-30 09:30:41.200,5019.4000,35248,0,178703040.000,0,-,-,-,-,5017.4000,5017.2000,5016.8000,5016.2000,5015.8000,5019.0000,5019.2000,5019.6000,5019.8000,5020.0000,1,3,2,2,1,1,2,3,1,21
SF,IC2006,2019-12-30 09:30:41.700,5019.2000,35248,0,179706880.000,1,0,1,多换,S,5017.4000,5017.2000,5017.0000,5016.8000,5016.2000,5019.2000,5019.6000,5019.8000,5020.0000,5025.0000,1,3,1,2,2,1,3,1,21,1
SF,IC2006,2019-12-30 09:30:42.200,5019.2000,35248,0,180710720.000,1,0,1,多换,S,5017.4000,5017.2000,5017.0000,5016.8000,5016.2000,5019.0000,5019.6000,5019.8000,5020.0000,5025.0000,1,3,1,2,2,1,3,1,21,1
SF,IC2006,2019-12-30 09:30:42.700,5019.2000,35248,0,180710720.000,0,-,-,-,-,5017.4000,5017.2000,5017.0000,5016.8000,5016.2000,5018.0000,5019.0000,5019.6000,5019.8000,5020.0000,1,1,1,2,2,1,1,3,1,21
SF,IC2006,2019-12-30 09:30:43.200,5019.0000,35247,-1,183721920.000,3,1,2,多平,S,5018.0000,5017.0000,5016.8000,5016.2000,5015.8000,5019.6000,5019.8000,5020.0000,5025.0000,5025.2000,1,1,2,2,1,3,1,21,1,3
SF,IC2006,2019-12-30 09:30:43.700,5019.0000,35247,0,183721920.000,0,-,-,-,-,5018.2000,5018.0000,5017.4000,5017.2000,5017.0000,5019.6000,5019.8000,5020.0000,5025.0000,5025.2000,2,1,1,1,1,3,1,21,1,3
SF,IC2006,2019-12-30 09:30:44.200,5018.2000,35247,0,184725560.000,1,0,1,多换,S,5018.2000,5018.0000,5017.4000,5017.2000,5017.0000,5019.6000,5019.8000,5020.0000,5025.0000,5025.2000,1,1,1,1,1,3,1,21,1,3
SF,IC2006,2019-12-30 09:30:44.700,5018.2000,35247,0,184725560.000,0,-,-,-,-,5018.2000,5018.0000,5017.4000,5017.2000,5017.0000,5019.4000,5019.6000,5019.8000,5020.0000,5025.0000,1,1,1,1,1,1,3,1,21,1
SF,IC2006,2019-12-30 09:30:45.200,5017.2000,35246,-1,188739960.000,4,1,3,多平,S,5017.0000,5016.8000,5016.6000,5016.2000,5015.8000,5017.2000,5019.6000,5019.8000,5020.0000,5025.0000,1,2,1,3,2,7,3,1,21,1
SF,IC2006,2019-12-30 09:30:45.700,5019.6000,35240,-6,196767960.000,8,1,7,多平,S,5017.2000,5017.0000,5016.8000,5016.6000,5016.2000,5018.2000,5019.6000,5019.8000,5020.0000,5025.0000,1,1,2,1,3,1,2,1,21,1
SF,IC2006,2019-12-30 09:30:46.200,5017.2000,35239,-1,197771400.000,1,0,1,双平,S,5017.4000,5017.0000,5016.8000,5016.6000,5016.2000,5018.2000,5019.6000,5019.8000,5020.0000,5025.0000,3,1,2,1,3,2,2,1,21,1
SF,IC2006,2019-12-30 09:30:46.700,5018.2000,35241,2,199778680.000,2,2,0,双开,S,5019.0000,5017.4000,5017.0000,5016.8000,5016.2000,5019.6000,5019.8000,5020.0000,5025.0000,5025.2000,3,1,1,2,3,2,1,21,1,3
SF,IC2006,2019-12-30 09:30:47.200,5019.0000,35241,0,202790080.000,3,1,2,多换,S,5018.2000,5017.4000,5017.2000,5016.8000,5016.2000,5019.0000,5019.6000,5019.8000,5020.0000,5025.0000,1,1,1,2,3,3,2,1,21,1
SF,IC2006,2019-12-30 09:30:47.700,5017.6000,35240,-1,204797240.000,2,0,2,多平,S,5017.4000,5017.2000,5016.8000,5016.2000,5015.8000,5019.0000,5019.6000,5019.8000,5020.0000,5023.8000,1,2,2,3,2,3,2,1,21,1
SF,IC2006,2019-12-30 09:30:48.200,5017.6000,35240,0,204797240.000,0,-,-,-,-,5017.4000,5017.2000,5016.8000,5016.2000,5015.8000,5019.0000,5019.6000,5019.8000,5020.0000,5023.8000,1,3,2,3,1,3,2,1,21,1
SF,IC2006,2019-12-30 09:30:48.700,5017.6000,35240,0,204797240.000,0,-,-,-,-,5017.4000,5017.2000,5016.8000,5016.2000,5015.8000,5018.8000,5019.0000,5019.6000,5019.8000,5020.0000,1,3,2,3,1,1,3,2,1,21
SF,IC2006,2019-12-30 09:30:49.200,5017.6000,35240,0,204797240.000,0,-,-,-,-,5017.6000,5017.4000,5017.2000,5016.8000,5016.2000,5018.8000,5019.0000,5019.6000,5019.8000,5020.0000,1,2,3,1,3,1,3,2,1,21
SF,IC2006,2019-12-30 09:30:49.700,5017.6000,35240,0,204797240.000,0,-,-,-,-,5018.0000,5017.8000,5017.6000,5017.4000,5017.2000,5018.8000,5019.0000,5019.6000,5019.8000,5020.0000,1,1,1,1,3,1,3,2,1,21
SF,IC2006,2019-12-30 09:30:50.200,5017.6000,35240,0,204797240.000,0,-,-,-,-,5018.0000,5017.8000,5017.6000,5017.4000,5017.2000,5018.8000,5019.0000,5019.6000,5019.8000,5020.0000,1,1,1,1,3,1,3,2,1,21
SF,IC2006,2019-12-30 09:30:50.700,5017.6000,35240,0,204797240.000,0,-,-,-,-,5018.0000,5017.8000,5017.6000,5017.4000,5017.2000,5018.8000,5019.0000,5019.6000,5019.8000,5020.0000,1,1,1,1,3,1,3,2,1,21
SF,IC2006,2019-12-30 09:30:51.200,5019.0000,35240,0,208812400.000,4,2,2,多换,S,5018.0000,5017.8000,5017.6000,5017.4000,5017.2000,5019.6000,5019.8000,5020.0000,5022.2000,5025.0000,1,1,1,1,3,2,1,21,1,1
SF,IC2006,2019-12-30 09:30:51.700,5018.0000,35240,0,209816000.000,1,0,1,多换,S,5018.8000,5018.2000,5018.0000,5017.6000,5017.4000,5019.4000,5019.6000,5019.8000,5020.0000,5022.2000,1,1,2,1,1,2,2,1,21,1
SF,IC2006,2019-12-30 09:30:52.200,5018.8000,35240,0,210819760.000,1,0,1,多换,S,5018.2000,5018.0000,5017.4000,5017.2000,5016.8000,5019.4000,5019.6000,5019.8000,5020.0000,5022.2000,1,2,1,3,1,2,2,1,21,1
SF,IC2006,2019-12-30 09:30:52.700,5018.8000,35240,0,210819760.000,0,-,-,-,-,5018.0000,5017.4000,5017.2000,5016.8000,5016.2000,5018.2000,5018.8000,5019.4000,5019.6000,5019.8000,2,1,3,1,2,1,1,1,2,1
SF,IC2006,2019-12-30 09:30:53.200,5018.0000,35240,0,212826960.000,2,1,1,多换,S,5018.2000,5017.4000,5017.2000,5016.8000,5016.2000,5019.4000,5019.6000,5019.8000,5020.0000,5022.2000,1,1,2,1,2,1,2,1,21,1
SF,IC2006,2019-12-30 09:30:53.700,5018.0000,35239,-1,213830560.000,1,0,1,双平,S,5017.4000,5017.2000,5016.8000,5016.2000,5015.8000,5018.0000,5019.4000,5019.6000,5019.8000,5020.0000,1,1,1,2,3,2,1,2,1,21
SF,IC2006,2019-12-30 09:30:54.200,5018.0000,35239,0,213830560.000,0,-,-,-,-,5017.6000,5017.4000,5017.2000,5016.8000,5016.2000,5019.4000,5019.6000,5019.8000,5020.0000,5022.2000,1,1,1,1,2,1,2,1,21,1
SF,IC2006,2019-12-30 09:30:54.700,5018.0000,35239,0,213830560.000,0,-,-,-,-,5017.6000,5017.4000,5017.2000,5016.8000,5016.2000,5019.4000,5019.6000,5019.8000,5020.0000,5022.2000,1,1,1,1,2,1,2,1,21,1
SF,IC2006,2019-12-30 09:30:55.200,5018.0000,35239,0,213830560.000,0,-,-,-,-,5017.8000,5017.4000,5017.2000,5016.8000,5016.2000,5018.8000,5019.2000,5019.4000,5019.6000,5019.8000,1,1,1,1,2,3,1,1,2,1
SF,IC2006,2019-12-30 09:30:55.700,5017.8000,35238,-1,214834120.000,1,0,1,双平,S,5017.4000,5017.2000,5016.8000,5016.2000,5015.8000,5018.8000,5019.2000,5019.4000,5019.6000,5019.8000,1,1,2,2,3,3,1,1,2,1
SF,IC2006,2019-12-30 09:30:56.200,5017.8000,35238,0,214834120.000,0,-,-,-,-,5017.6000,5017.4000,5017.2000,5016.8000,5016.2000,5018.8000,5019.4000,5019.6000,5019.8000,5020.0000,1,1,1,2,2,3,1,2,1,21
SF,IC2006,2019-12-30 09:30:56.700,5017.8000,35238,0,214834120.000,0,-,-,-,-,5017.6000,5017.4000,5017.2000,5016.8000,5016.2000,5018.8000,5019.4000,5019.6000,5019.8000,5020.0000,1,1,1,1,2,3,1,2,1,21
SF,IC2006,2019-12-30 09:30:57.200,5018.8000,35236,-2,216841640.000,2,0,2,双平,S,5017.6000,5017.4000,5017.2000,5016.8000,5016.2000,5018.8000,5019.6000,5019.8000,5020.0000,5025.0000,1,1,1,1,2,1,2,1,21,1
SF,IC2006,2019-12-30 09:30:57.700,5018.8000,35235,-1,217845400.000,1,0,1,双平,S,5017.6000,5017.4000,5016.8000,5016.2000,5015.8000,5019.6000,5019.8000,5020.0000,5025.0000,5025.2000,1,1,1,2,3,2,1,21,1,3
SF,IC2006,2019-12-30 09:30:58.200,5018.8000,35235,0,217845400.000,0,-,-,-,-,5017.8000,5017.6000,5017.4000,5016.8000,5016.2000,5019.4000,5019.6000,5019.8000,5020.0000,5021.6000,1,1,1,1,2,2,2,1,21,1
SF,IC2006,2019-12-30 09:30:58.700,5018.8000,35235,0,217845400.000,0,-,-,-,-,5018.0000,5017.8000,5017.4000,5016.8000,5016.2000,5019.4000,5019.6000,5019.8000,5020.0000,5021.6000,1,1,1,1,2,1,2,1,21,1
SF,IC2006,2019-12-30 09:30:59.200,5018.0000,35235,0,218849000.000,1,0,1,多换,S,5017.8000,5017.6000,5017.4000,5016.8000,5016.2000,5019.6000,5019.8000,5020.0000,5021.6000,5025.0000,1,1,1,2,2,2,1,21,1,1
SF,IC2006,2019-12-30 09:30:59.700,5018.0000,35235,0,218849000.000,0,-,-,-,-,5018.0000,5017.8000,5017.6000,5017.4000,5016.8000,5019.4000,5019.6000,5019.8000,5020.0000,5021.6000,1,1,1,1,2,1,2,1,21,1
SF,IC2006,2019-12-30 09:31:00.200,5018.0000,35235,0,218849000.000,0,-,-,-,-,5018.2000,5018.0000,5017.8000,5017.6000,5017.4000,5019.4000,5019.6000,5019.8000,5020.0000,5021.6000,1,1,1,2,1,2,2,1,21,1
SF,IC2006,2019-12-30 09:31:00.700,5018.0000,35235,0,218849000.000,0,-,-,-,-,5017.8000,5017.6000,5017.4000,5016.8000,5016.2000,5019.4000,5019.6000,5019.8000,5020.0000,5021.6000,1,2,1,2,2,2,2,1,21,1
SF,IC2006,2019-12-30 09:31:01.200,5018.0000,35235,0,218849000.000,0,-,-,-,-,5018.4000,5018.2000,5017.6000,5017.4000,5016.8000,5019.0000,5019.4000,5019.6000,5019.8000,5020.0000,1,1,2,1,2,1,2,2,1,21
SF,IC2006,2019-12-30 09:31:01.700,5019.0000,35232,-3,221860160.000,3,0,3,双平,S,5018.2000,5017.6000,5017.4000,5016.8000,5016.2000,5019.2000,5019.4000,5019.6000,5019.8000,5020.0000,1,2,1,1,2,1,2,2,1,21
SF,IC2006,2019-12-30 09:31:02.200,5019.0000,35232,0,221860160.000,0,-,-,-,-,5018.2000,5017.6000,5017.4000,5016.8000,5016.2000,5019.0000,5019.2000,5019.4000,5019.6000,5019.8000,1,2,1,1,2,1,1,1,2,1
SF,IC2006,2019-12-30 09:31:02.700,5019.0000,35233,1,222863960.000,1,1,0,双开,S,5018.2000,5017.6000,5017.4000,5016.8000,5016.2000,5019.4000,5019.6000,5019.8000,5020.0000,5021.6000,1,2,1,1,2,1,2,1,21,1
SF,IC2006,2019-12-30 09:31:03.200,5018.2000,35232,-1,223867600.000,1,0,1,双平,S,5017.6000,5017.4000,5016.8000,5016.2000,5015.8000,5019.2000,5019.4000,5019.6000,5019.8000,5020.0000,2,1,1,2,2,1,1,2,1,21
SF,IC2006,2019-12-30 09:31:03.700,5019.4000,35230,-2,225875320.000,2,0,2,双平,S,5018.8000,5017.8000,5017.6000,5017.4000,5016.8000,5019.6000,5019.8000,5020.0000,5021.6000,5021.8000,3,1,2,1,1,2,1,21,1,1
SF,IC2006,2019-12-30 09:31:04.200,5019.8000,35229,-1,228887120.000,3,1,2,多平,S,5019.0000,5018.8000,5017.6000,5017.4000,5016.8000,5020.0000,5021.6000,5021.8000,5025.0000,5025.2000,1,3,2,1,1,21,1,1,1,3
SF,IC2006,2019-12-30 09:31:05.200,5019.8000,35229,0,228887120.000,0,-,-,-,-,5019.2000,5019.0000,5018.8000,5017.6000,5017.4000,5020.0000,5021.6000,5021.8000,5025.0000,5025.2000,6,1,3,2,1,21,1,1,1,3
SF,IC2006,2019-12-30 09:31:05.700,5019.8000,35229,0,228887120.000,0,-,-,-,-,5019.4000,5019.2000,5018.8000,5017.6000,5017.4000,5020.0000,5021.6000,5021.8000,5025.0000,5025.2000,1,6,3,2,1,21,1,1,1,3
SF,IC2006,2019-12-30 09:31:06.200,5019.8000,35229,0,228887120.000,0,-,-,-,-,5019.4000,5019.2000,5018.8000,5018.0000,5017.6000,5020.0000,5021.6000,5021.8000,5025.0000,5025.2000,1,6,3,1,2,21,1,1,1,3
SF,IC2006,2019-12-30 09:31:06.700,5019.8000,35229,0,228887120.000,0,-,-,-,-,5019.4000,5019.2000,5018.8000,5018.0000,5017.6000,5020.0000,5021.6000,5021.8000,5025.0000,5025.2000,1,6,3,1,2,21,1,1,1,3
SF,IC2006,2019-12-30 09:31:07.200,5020.0000,35225,-4,232903120.000,4,0,4,双平,S,5019.4000,5019.2000,5018.8000,5018.0000,5017.6000,5020.0000,5021.6000,5021.8000,5025.0000,5025.2000,1,6,3,1,2,17,1,1,1,3
SF,IC2006,2019-12-30 09:31:07.700,5020.0000,35225,0,232903120.000,0,-,-,-,-,5019.4000,5019.2000,5018.8000,5018.0000,5017.6000,5020.0000,5021.6000,5021.8000,5025.0000,5025.2000,1,6,3,1,2,17,1,1,1,3
SF,IC2006,2019-12-30 09:31:08.200,5020.0000,35224,-1,233907120.000,1,0,1,双平,S,5019.4000,5019.2000,5018.8000,5018.0000,5017.6000,5020.0000,5021.6000,5021.8000,5025.0000,5025.2000,1,6,3,2,2,16,1,1,1,3
SF,IC2006,2019-12-30 09:31:08.700,5020.0000,35224,0,233907120.000,0,-,-,-,-,5019.4000,5019.2000,5018.8000,5018.0000,5017.6000,5020.0000,5021.6000,5021.8000,5025.0000,5025.2000,1,6,3,2,2,16,1,1,1,3
SF,IC2006,2019-12-30 09:31:10.200,5020.0000,35224,0,234911120.000,1,0,1,多换,S,5019.4000,5019.2000,5018.8000,5018.0000,5017.6000,5020.0000,5021.6000,5021.8000,5025.0000,5025.2000,1,5,3,2,2,15,1,1,1,3
SF,IC2006,2019-12-30 09:31:11.200,5020.0000,35224,0,234911120.000,0,-,-,-,-,5019.6000,5019.4000,5019.2000,5019.0000,5018.8000,5020.0000,5021.6000,5021.8000,5025.0000,5025.2000,1,1,5,1,3,15,1,1,1,3
SF,IC2006,2019-12-30 09:31:11.700,5020.0000,35224,0,234911120.000,0,-,-,-,-,5019.8000,5019.6000,5019.2000,5019.0000,5018.8000,5020.0000,5021.6000,5021.8000,5025.0000,5025.2000,1,1,5,1,3,15,1,1,1,3
SF,IC2006,2019-12-30 09:31:12.200,5020.0000,35223,-1,235915120.000,1,0,1,双平,S,5019.6000,5019.2000,5019.0000,5018.8000,5018.0000,5020.0000,5021.6000,5021.8000,5025.0000,5025.2000,1,5,1,3,2,14,1,1,1,3
SF,IC2006,2019-12-30 09:31:12.700,5020.0000,35223,0,235915120.000,0,-,-,-,-,5019.8000,5019.6000,5019.2000,5019.0000,5018.0000,5020.0000,5021.6000,5021.8000,5025.0000,5025.2000,1,1,5,1,2,14,1,1,1,3
SF,IC2006,2019-12-30 09:31:13.200,5020.0000,35223,0,237923120.000,2,1,1,多换,S,5019.8000,5019.6000,5019.2000,5019.0000,5018.0000,5020.0000,5021.6000,5021.8000,5025.0000,5025.2000,1,1,5,1,2,12,1,1,1,3
SF,IC2006,2019-12-30 09:31:13.700,5019.8000,35222,-1,238927080.000,1,0,1,双平,S,5019.6000,5019.2000,5019.0000,5018.0000,5017.6000,5020.0000,5021.6000,5021.8000,5025.0000,5025.2000,1,5,1,2,2,12,1,1,1,3
SF,IC2006,2019-12-30 09:31:14.200,5019.6000,35222,0,239931000.000,1,0,1,多换,S,5019.2000,5019.0000,5018.0000,5017.6000,5017.4000,5020.0000,5021.6000,5021.8000,5025.0000,5025.2000,5,1,2,2,1,12,1,1,1,3
SF,IC2006,2019-12-30 09:31:14.700,5019.6000,35222,0,240934920.000,1,0,1,多换,S,5019.2000,5019.0000,5018.0000,5017.6000,5017.4000,5019.6000,5020.0000,5021.6000,5021.8000,5025.0000,5,1,2,2,1,1,13,1,1,1
SF,IC2006,2019-12-30 09:31:15.200,5019.6000,35222,0,240934920.000,0,-,-,-,-,5019.4000,5019.2000,5019.0000,5018.0000,5017.6000,5019.6000,5020.0000,5021.6000,5021.8000,5025.0000,1,5,1,2,2,2,13,1,1,1
SF,IC2006,2019-12-30 09:31:15.700,5019.6000,35221,-1,242942760.000,2,0,2,多平,S,5019.4000,5019.2000,5019.0000,5018.0000,5017.6000,5020.0000,5021.6000,5021.8000,5025.0000,5025.2000,1,5,1,2,2,13,1,1,1,3
SF,IC2006,2019-12-30 09:31:16.200,5019.4000,35221,0,243946640.000,1,0,1,多换,S,5019.2000,5019.0000,5018.0000,5017.6000,5017.4000,5020.0000,5021.6000,5021.8000,5025.0000,5025.2000,5,1,2,2,1,13,1,1,1,3
SF,IC2006,2019-12-30 09:31:17.200,5019.4000,35221,0,243946640.000,0,-,-,-,-,5019.2000,5019.0000,5018.0000,5017.6000,5017.4000,5020.0000,5021.6000,5021.8000,5025.0000,5025.2000,5,1,2,2,1,13,1,1,1,3
SF,IC2006,2019-12-30 09:31:17.700,5019.4000,35221,0,243946640.000,0,-,-,-,-,5019.2000,5019.0000,5018.6000,5018.0000,5017.6000,5019.4000,5020.0000,5021.6000,5021.8000,5025.0000,5,1,3,2,2,5,13,1,1,1
SF,IC2006,2019-12-30 09:31:18.200,5019.4000,35217,-4,248966040.000,5,0,5,多平,S,5019.2000,5019.0000,5018.6000,5018.0000,5017.6000,5019.6000,5020.0000,5021.6000,5021.8000,5025.0000,5,1,3,2,2,1,13,1,1,1
SF,IC2006,2019-12-30 09:31:18.700,5020.0000,35216,-1,253985960.000,5,2,3,多平,S,5019.2000,5019.0000,5018.6000,5018.0000,5017.6000,5020.0000,5021.6000,5021.8000,5025.0000,5025.2000,5,1,3,2,2,9,1,1,1,3
SF,IC2006,2019-12-30 09:31:19.200,5020.0000,35214,-2,255993960.000,2,0,2,双平,S,5019.2000,5019.0000,5018.6000,5018.0000,5017.6000,5020.0000,5021.6000,5021.8000,5025.0000,5025.2000,5,1,3,2,2,7,1,1,1,3
SF,IC2006,2019-12-30 09:31:19.700,5020.0000,35211,-3,262017960.000,6,1,5,多平,S,5019.2000,5019.0000,5018.6000,5018.0000,5017.6000,5020.0000,5021.6000,5021.8000,5025.0000,5025.2000,5,1,3,2,2,1,1,1,1,3
SF,IC2006,2019-12-30 09:31:20.200,5020.0000,35211,0,263021960.000,1,0,1,多换,S,5019.2000,5019.0000,5018.6000,5018.0000,5017.6000,5021.6000,5021.8000,5025.0000,5025.2000,5027.4000,5,1,3,2,2,1,1,1,3,1
SF,IC2006,2019-12-30 09:31:20.700,5020.0000,35211,0,263021960.000,0,-,-,-,-,5019.2000,5019.0000,5018.6000,5018.0000,5017.6000,5021.4000,5021.6000,5021.8000,5025.0000,5025.2000,5,1,3,2,2,3,1,1,1,3
SF,IC2006,2019-12-30 09:31:21.200,5020.0000,35211,0,263021960.000,0,-,-,-,-,5019.2000,5019.0000,5018.6000,5018.2000,5018.0000,5021.4000,5021.6000,5021.8000,5025.0000,5025.2000,5,1,3,1,2,3,1,1,1,3
SF,IC2006,2019-12-30 09:31:21.700,5020.0000,35211,0,263021960.000,0,-,-,-,-,5019.2000,5019.0000,5018.6000,5018.2000,5018.0000,5021.4000,5021.6000,5021.8000,5025.0000,5025.2000,5,1,3,1,2,3,1,1,1,3
SF,IC2006,2019-12-30 09:31:22.200,5020.0000,35211,0,263021960.000,0,-,-,-,-,5019.2000,5019.0000,5018.6000,5018.0000,5017.6000,5021.4000,5021.6000,5021.8000,5025.0000,5025.2000,5,1,3,2,2,3,1,1,1,3
SF,IC2006,2019-12-30 09:31:22.700,5021.4000,35211,0,264026240.000,1,0,1,多换,S,5019.4000,5019.2000,5019.0000,5018.6000,5018.0000,5021.6000,5021.8000,5025.0000,5025.2000,5027.4000,1,5,1,3,2,1,1,1,3,1
SF,IC2006,2019-12-30 09:31:23.200,5021.4000,35211,0,264026240.000,0,-,-,-,-,5019.4000,5019.2000,5019.0000,5018.6000,5018.0000,5021.6000,5021.8000,5025.0000,5025.2000,5027.4000,1,5,1,3,2,1,1,1,3,1
SF,IC2006,2019-12-30 09:31:23.700,5019.6000,35211,0,265030160.000,1,0,1,多换,S,5020.0000,5019.4000,5019.2000,5019.0000,5018.6000,5021.4000,5021.6000,5021.8000,5025.0000,5025.2000,1,1,5,1,3,1,1,1,1,3
SF,IC2006,2019-12-30 09:31:24.200,5021.4000,35211,0,266034440.000,1,0,1,多换,S,5021.4000,5020.2000,5020.0000,5019.2000,5019.0000,5021.6000,5021.8000,5025.0000,5025.2000,5027.4000,2,1,1,5,1,1,1,1,3,1
SF,IC2006,2019-12-30 09:31:25.200,5021.4000,35211,0,268043000.000,2,1,1,多换,S,5020.2000,5020.0000,5019.2000,5019.0000,5018.6000,5021.2000,5021.6000,5021.8000,5025.0000,5025.2000,1,1,5,2,3,2,1,1,1,3
SF,IC2006,2019-12-30 09:31:25.700,5021.4000,35211,0,268043000.000,0,-,-,-,-,5020.2000,5020.0000,5019.2000,5019.0000,5018.6000,5021.2000,5021.4000,5021.6000,5021.8000,5025.0000,1,1,5,2,3,2,1,1,1,1
SF,IC2006,2019-12-30 09:31:26.200,5021.4000,35211,0,268043000.000,0,-,-,-,-,5020.2000,5020.0000,5019.6000,5019.2000,5019.0000,5021.4000,5021.6000,5021.8000,5025.0000,5025.2000,1,1,1,5,2,1,2,1,1,3
SF,IC2006,2019-12-30 09:31:26.700,5021.4000,35211,0,268043000.000,0,-,-,-,-,5020.2000,5020.0000,5019.6000,5019.2000,5019.0000,5020.8000,5021.6000,5021.8000,5025.0000,5025.2000,1,1,1,5,2,1,2,1,1,3
SF,IC2006,2019-12-30 09:31:27.700,5020.8000,35210,-1,269047160.000,1,0,1,双平,S,5020.2000,5020.0000,5019.6000,5019.2000,5019.0000,5021.6000,5021.8000,5025.0000,5025.2000,5027.4000,1,1,1,5,2,2,1,1,3,1
SF,IC2006,2019-12-30 09:31:28.700,5020.8000,35210,0,269047160.000,0,-,-,-,-,5021.0000,5020.2000,5020.0000,5019.6000,5019.2000,5021.6000,5021.8000,5025.0000,5025.2000,5027.4000,1,1,1,1,5,2,1,1,3,1
SF,IC2006,2019-12-30 09:31:29.200,5020.8000,35210,0,269047160.000,0,-,-,-,-,5021.0000,5020.2000,5020.0000,5019.6000,5019.2000,5021.6000,5021.8000,5025.0000,5025.2000,5027.4000,1,1,1,1,5,2,1,1,3,1
SF,IC2006,2019-12-30 09:31:29.700,5020.8000,35210,0,269047160.000,0,-,-,-,-,5021.2000,5021.0000,5020.0000,5019.6000,5019.2000,5021.6000,5021.8000,5025.0000,5025.2000,5027.4000,1,1,1,1,5,2,1,1,3,1
SF,IC2006,2019-12-30 09:31:30.200,5021.6000,35209,-1,271055800.000,2,0,2,多平,S,5021.0000,5020.0000,5019.6000,5019.2000,5019.0000,5021.8000,5025.0000,5025.2000,5027.4000,5028.6000,1,1,1,5,2,1,1,3,1,2
SF,IC2006,2019-12-30 09:31:30.700,5021.8000,35208,-1,272060160.000,1,0,1,双平,S,5021.2000,5021.0000,5020.0000,5019.6000,5019.2000,5025.0000,5025.2000,5027.4000,5028.6000,5029.0000,1,1,1,1,5,1,3,1,2,2
SF,IC2006,2019-12-30 09:31:31.200,5021.8000,35208,0,272060160.000,0,-,-,-,-,5021.2000,5021.0000,5020.0000,5019.6000,5019.2000,5023.2000,5024.8000,5025.0000,5025.2000,5027.4000,1,1,1,3,5,1,2,1,3,1
SF,IC2006,2019-12-30 09:31:31.700,5021.8000,35208,0,272060160.000,0,-,-,-,-,5021.2000,5021.0000,5020.0000,5019.6000,5019.2000,5023.2000,5024.8000,5025.0000,5025.2000,5027.4000,1,1,1,3,5,1,3,1,3,1
SF,IC2006,2019-12-30 09:31:32.200,5021.8000,35208,0,272060160.000,0,-,-,-,-,5021.2000,5021.0000,5020.0000,5019.6000,5019.2000,5023.0000,5024.8000,5025.0000,5025.2000,5027.4000,1,1,1,3,5,1,2,1,3,1
SF,IC2006,2019-12-30 09:31:32.700,5021.8000,35208,0,272060160.000,0,-,-,-,-,5021.2000,5021.0000,5020.0000,5019.6000,5019.2000,5024.8000,5025.0000,5025.2000,5027.4000,5028.6000,1,1,1,3,5,1,1,3,1,2
SF,IC2006,2019-12-30 09:31:33.200,5021.8000,35208,0,272060160.000,0,-,-,-,-,5023.0000,5021.2000,5021.0000,5020.0000,5019.6000,5024.6000,5024.8000,5025.0000,5025.2000,5027.4000,1,1,1,1,3,1,1,1,3,1
SF,IC2006,2019-12-30 09:31:33.700,5023.0000,35207,-1,273064760.000,1,0,1,双平,S,5023.2000,5021.2000,5021.0000,5020.0000,5019.6000,5024.6000,5024.8000,5025.0000,5025.2000,5027.4000,1,1,1,1,3,1,1,1,3,1
SF,IC2006,2019-12-30 09:31:34.200,5023.2000,35207,0,274069400.000,1,0,1,多换,S,5021.2000,5021.0000,5020.0000,5019.6000,5019.0000,5024.4000,5024.6000,5024.8000,5025.0000,5025.2000,1,1,1,3,2,1,1,1,1,3
SF,IC2006,2019-12-30 09:31:34.700,5023.2000,35207,0,274069400.000,0,-,-,-,-,5021.2000,5021.0000,5020.0000,5019.6000,5019.0000,5024.4000,5024.8000,5025.0000,5025.2000,5027.4000,1,1,1,3,2,1,1,1,3,1
SF,IC2006,2019-12-30 09:31:35.200,5023.2000,35207,0,274069400.000,0,-,-,-,-,5021.2000,5021.0000,5020.0000,5019.6000,5019.0000,5024.2000,5024.4000,5025.0000,5025.2000,5027.4000,1,1,1,3,2,1,1,1,3,1
SF,IC2006,2019-12-30 09:31:35.700,5023.2000,35207,0,274069400.000,0,-,-,-,-,5021.2000,5021.0000,5020.0000,5019.6000,5019.0000,5024.2000,5025.0000,5025.2000,5027.4000,5028.6000,1,1,1,3,2,1,1,3,1,2
SF,IC2006,2019-12-30 09:31:36.200,5024.2000,35206,-1,275074240.000,1,0,1,双平,S,5024.2000,5021.2000,5021.0000,5020.0000,5019.6000,5025.0000,5025.2000,5027.4000,5028.6000,5029.0000,2,1,1,1,2,1,3,1,2,2
SF,IC2006,2019-12-30 09:31:36.700,5024.2000,35206,0,277083920.000,2,1,1,多换,S,5022.4000,5021.2000,5021.0000,5020.0000,5019.6000,5025.0000,5025.2000,5027.4000,5028.6000,5029.0000,1,1,1,1,2,1,3,1,2,2
SF,IC2006,2019-12-30 09:31:37.200,5024.2000,35206,0,277083920.000,0,-,-,-,-,5022.6000,5022.4000,5021.0000,5020.0000,5019.6000,5024.2000,5024.6000,5025.0000,5025.2000,5027.4000,1,1,1,1,2,1,1,1,3,1
SF,IC2006,2019-12-30 09:31:37.700,5024.2000,35206,0,277083920.000,0,-,-,-,-,5022.6000,5022.4000,5021.0000,5020.8000,5020.0000,5024.0000,5024.2000,5024.6000,5025.0000,5025.2000,1,1,1,1,1,1,2,1,1,1
SF,IC2006,2019-12-30 09:31:38.200,5024.2000,35206,0,278088760.000,1,0,1,多换,S,5022.6000,5022.4000,5021.0000,5020.8000,5020.0000,5024.0000,5024.2000,5024.6000,5025.0000,5025.2000,1,1,1,1,1,1,2,1,1,1
SF,IC2006,2019-12-30 09:31:38.700,5024.2000,35206,0,278088760.000,0,-,-,-,-,5022.6000,5022.4000,5021.0000,5020.8000,5020.0000,5024.2000,5024.6000,5025.0000,5025.2000,5027.4000,1,1,1,1,1,2,1,1,1,1
SF,IC2006,2019-12-30 09:31:39.200,5024.2000,35206,0,278088760.000,0,-,-,-,-,5022.6000,5022.4000,5021.2000,5021.0000,5020.8000,5024.2000,5024.6000,5025.0000,5025.2000,5027.4000,1,1,3,1,1,2,1,1,1,1
SF,IC2006,2019-12-30 09:31:39.700,5024.2000,35206,0,278088760.000,0,-,-,-,-,5022.6000,5022.4000,5021.6000,5021.2000,5021.0000,5024.2000,5024.6000,5025.0000,5025.2000,5027.4000,1,1,3,3,1,2,1,1,1,1
SF,IC2006,2019-12-30 09:31:40.200,5024.2000,35206,0,278088760.000,0,-,-,-,-,5022.6000,5022.4000,5021.6000,5021.2000,5021.0000,5024.2000,5024.6000,5025.0000,5025.2000,5027.4000,1,1,3,3,1,2,1,1,1,1
SF,IC2006,2019-12-30 09:31:40.700,5024.2000,35206,0,278088760.000,0,-,-,-,-,5022.6000,5022.4000,5021.6000,5021.2000,5021.0000,5024.0000,5024.2000,5024.6000,5025.0000,5025.2000,1,1,3,3,1,1,2,1,1,1
SF,IC2006,2019-12-30 09:31:41.200,5024.2000,35206,0,278088760.000,0,-,-,-,-,5022.6000,5022.4000,5021.6000,5021.4000,5021.2000,5024.0000,5024.2000,5024.6000,5025.0000,5025.2000,1,1,3,1,3,1,2,1,1,1
SF,IC2006,2019-12-30 09:31:41.700,5024.2000,35206,0,278088760.000,0,-,-,-,-,5022.6000,5022.4000,5021.6000,5021.4000,5021.2000,5024.0000,5024.2000,5024.6000,5025.0000,5025.2000,1,1,3,1,3,1,2,1,1,1
SF,IC2006,2019-12-30 09:31:42.700,5024.2000,35206,0,278088760.000,0,-,-,-,-,5022.6000,5021.6000,5021.4000,5021.2000,5021.0000,5024.0000,5024.2000,5024.6000,5025.0000,5025.2000,1,3,1,3,1,1,2,1,1,1
SF,IC2006,2019-12-30 09:31:43.200,5022.6000,35205,-1,279093280.000,1,0,1,双平,S,5021.6000,5021.4000,5021.2000,5021.0000,5020.0000,5024.2000,5024.6000,5025.0000,5025.2000,5027.4000,3,1,3,1,1,2,1,1,1,1
SF,IC2006,2019-12-30 09:31:43.700,5022.6000,35205,0,279093280.000,0,-,-,-,-,5021.8000,5021.6000,5021.4000,5021.2000,5021.0000,5022.6000,5024.0000,5024.2000,5024.6000,5025.0000,1,3,1,3,1,2,1,1,1,1
SF,IC2006,2019-12-30 09:31:44.200,5024.0000,35205,0,282107120.000,3,1,2,多换,S,5021.8000,5021.6000,5021.4000,5021.2000,5021.0000,5024.0000,5024.2000,5024.6000,5025.0000,5025.2000,1,3,1,3,1,2,1,1,1,1
SF,IC2006,2019-12-30 09:31:44.700,5024.0000,35205,0,282107120.000,0,-,-,-,-,5022.6000,5021.8000,5021.6000,5021.4000,5021.2000,5023.8000,5024.0000,5024.2000,5024.6000,5025.0000,1,1,3,1,3,1,2,1,1,1
SF,IC2006,2019-12-30 09:31:45.200,5024.0000,35205,0,282107120.000,0,-,-,-,-,5021.8000,5021.6000,5021.4000,5021.2000,5021.0000,5023.8000,5024.0000,5024.2000,5024.6000,5025.0000,1,3,1,3,1,1,3,1,1,1
SF,IC2006,2019-12-30 09:31:45.700,5024.0000,35205,0,282107120.000,0,-,-,-,-,5021.8000,5021.6000,5021.4000,5021.2000,5021.0000,5022.6000,5023.6000,5023.8000,5024.0000,5024.2000,1,3,1,3,1,2,1,1,3,1
SF,IC2006,2019-12-30 09:31:46.200,5024.0000,35205,0,282107120.000,0,-,-,-,-,5021.8000,5021.6000,5021.4000,5021.2000,5021.0000,5023.6000,5023.8000,5024.0000,5024.2000,5024.6000,1,3,1,3,1,2,1,2,1,1
SF,IC2006,2019-12-30 09:31:46.700,5024.0000,35205,0,282107120.000,0,-,-,-,-,5022.6000,5021.8000,5021.6000,5021.4000,5021.2000,5023.6000,5023.8000,5024.0000,5024.2000,5024.6000,1,1,3,1,3,1,1,2,1,1
SF,IC2006,2019-12-30 09:31:47.200,5024.0000,35205,0,282107120.000,0,-,-,-,-,5022.6000,5021.8000,5021.6000,5021.4000,5021.2000,5023.4000,5023.6000,5023.8000,5024.0000,5024.2000,1,1,3,1,3,1,1,1,2,1
SF,IC2006,2019-12-30 09:31:47.700,5024.0000,35205,0,282107120.000,0,-,-,-,-,5022.6000,5021.8000,5021.6000,5021.4000,5021.2000,5023.4000,5023.6000,5023.8000,5024.0000,5024.2000,1,1,3,1,3,1,1,1,3,1
SF,IC2006,2019-12-30 09:31:48.200,5022.6000,35204,-1,284116200.000,2,0,2,多平,S,5021.6000,5021.4000,5021.2000,5021.0000,5020.0000,5022.6000,5023.6000,5024.0000,5024.2000,5024.6000,3,1,3,1,1,1,1,3,1,1
SF,IC2006,2019-12-30 09:31:48.700,5022.6000,35203,-1,285120720.000,1,0,1,双平,S,5022.0000,5021.8000,5021.6000,5021.4000,5021.2000,5023.2000,5024.0000,5024.2000,5024.6000,5025.0000,1,1,3,1,3,1,3,1,1,1
SF,IC2006,2019-12-30 09:31:49.200,5022.6000,35203,0,285120720.000,0,-,-,-,-,5022.2000,5022.0000,5021.6000,5021.4000,5021.2000,5023.2000,5024.0000,5024.2000,5024.6000,5025.0000,1,1,3,1,3,1,3,1,1,1
SF,IC2006,2019-12-30 09:31:49.700,5022.6000,35203,0,285120720.000,0,-,-,-,-,5022.2000,5022.0000,5021.6000,5021.4000,5021.2000,5023.2000,5023.6000,5024.0000,5024.2000,5024.6000,1,1,3,1,3,1,1,3,1,1
SF,IC2006,2019-12-30 09:31:50.200,5022.6000,35203,0,285120720.000,0,-,-,-,-,5022.2000,5022.0000,5021.6000,5021.4000,5021.2000,5023.2000,5023.6000,5024.0000,5024.2000,5024.6000,1,1,3,1,3,1,1,3,1,1
SF,IC2006,2019-12-30 09:31:51.700,5022.6000,35203,0,285120720.000,0,-,-,-,-,5022.2000,5022.0000,5021.6000,5021.4000,5021.2000,5023.2000,5023.6000,5024.0000,5024.2000,5024.6000,1,1,3,1,3,1,1,3,1,1
SF,IC2006,2019-12-30 09:31:52.200,5022.6000,35203,0,285120720.000,0,-,-,-,-,5022.4000,5022.2000,5022.0000,5021.6000,5021.4000,5023.2000,5023.6000,5024.0000,5024.2000,5024.6000,1,1,1,3,1,1,1,3,1,1
SF,IC2006,2019-12-30 09:31:52.700,5022.0000,35201,-2,288134240.000,3,0,3,多平,S,5021.6000,5021.4000,5021.2000,5021.0000,5020.0000,5022.0000,5023.6000,5024.0000,5024.2000,5024.6000,3,1,3,2,1,3,1,3,1,1
SF,IC2006,2019-12-30 09:31:53.200,5022.0000,35198,-3,291147440.000,3,0,3,双平,S,5023.2000,5022.6000,5022.0000,5021.8000,5021.6000,5023.6000,5024.0000,5024.2000,5024.6000,5025.0000,1,1,2,1,3,1,3,1,1,1
SF,IC2006,2019-12-30 09:31:53.700,5022.6000,35199,1,293156600.000,2,1,1,空开,S,5021.6000,5021.4000,5021.2000,5021.0000,5020.0000,5022.8000,5023.0000,5023.2000,5023.6000,5024.0000,3,1,3,2,1,2,1,1,1,3
SF,IC2006,2019-12-30 09:31:54.200,5022.6000,35199,0,293156600.000,0,-,-,-,-,5022.2000,5021.8000,5021.6000,5021.4000,5021.2000,5022.8000,5023.0000,5023.6000,5024.0000,5024.2000,1,2,3,1,3,2,1,1,3,1
SF,IC2006,2019-12-30 09:31:54.700,5022.6000,35199,0,293156600.000,0,-,-,-,-,5022.4000,5022.2000,5021.8000,5021.6000,5021.4000,5023.0000,5023.6000,5024.0000,5024.2000,5024.6000,1,1,2,3,1,1,1,3,1,1
SF,IC2006,2019-12-30 09:31:55.200,5022.6000,35199,0,293156600.000,0,-,-,-,-,5022.6000,5022.2000,5022.0000,5021.8000,5021.6000,5023.0000,5023.6000,5024.0000,5024.2000,5024.6000,2,1,2,2,3,1,1,3,1,1
SF,IC2006,2019-12-30 09:31:55.700,5022.6000,35199,0,293156600.000,0,-,-,-,-,5022.2000,5021.8000,5021.6000,5021.4000,5021.2000,5023.6000,5024.0000,5024.2000,5024.6000,5025.0000,1,2,3,1,3,1,3,1,1,1
SF,IC2006,2019-12-30 09:31:56.200,5022.6000,35199,0,293156600.000,0,-,-,-,-,5022.2000,5021.8000,5021.6000,5021.4000,5021.2000,5023.0000,5023.4000,5023.6000,5024.0000,5024.2000,1,1,3,1,3,2,2,1,3,1
SF,IC2006,2019-12-30 09:31:56.700,5022.0000,35198,-1,299182760.000,6,2,4,多平,S,5021.4000,5021.2000,5021.0000,5020.0000,5019.0000,5022.0000,5022.8000,5023.0000,5023.6000,5024.0000,1,3,3,1,2,1,2,2,1,3
SF,IC2006,2019-12-30 09:31:57.200,5021.2000,35200,2,302195520.000,3,2,1,空开,S,5021.6000,5021.2000,5021.0000,5020.0000,5019.0000,5021.8000,5022.8000,5023.0000,5023.6000,5024.0000,1,1,3,1,2,1,1,2,1,2
SF,IC2006,2019-12-30 09:31:57.700,5021.2000,35200,0,302195520.000,0,-,-,-,-,5021.6000,5021.4000,5021.2000,5021.0000,5020.0000,5021.8000,5022.8000,5023.0000,5023.6000,5024.0000,1,2,1,3,1,1,1,2,1,3
SF,IC2006,2019-12-30 09:31:58.200,5021.6000,35199,-1,303199840.000,1,0,1,双平,S,5022.0000,5021.6000,5021.4000,5021.2000,5021.0000,5022.8000,5023.0000,5023.6000,5024.0000,5024.2000,1,1,2,1,3,1,2,1,3,1
SF,IC2006,2019-12-30 09:31:58.700,5021.6000,35198,-1,304204160.000,1,0,1,双平,S,5021.6000,5021.2000,5021.0000,5020.0000,5019.0000,5022.0000,5022.6000,5023.0000,5023.6000,5024.0000,1,1,3,1,2,2,1,2,1,3
SF,IC2006,2019-12-30 09:31:59.200,5021.6000,35198,0,304204160.000,0,-,-,-,-,5021.6000,5021.2000,5021.0000,5020.6000,5020.0000,5022.0000,5022.6000,5023.0000,5023.6000,5024.0000,1,1,3,1,1,1,1,2,1,3
SF,IC2006,2019-12-30 09:31:59.700,5022.6000,35198,0,305208680.000,1,0,1,多换,S,5022.8000,5021.6000,5021.2000,5021.0000,5020.6000,5023.0000,5023.6000,5024.0000,5024.2000,5024.6000,1,2,1,3,1,2,1,3,1,1
SF,IC2006,2019-12-30 09:32:00.200,5022.8000,35197,-1,306213240.000,1,0,1,双平,S,5021.6000,5021.2000,5021.0000,5020.6000,5020.0000,5022.8000,5023.0000,5023.6000,5024.0000,5024.2000,2,1,3,1,1,4,2,1,3,1
SF,IC2006,2019-12-30 09:32:00.700,5021.6000,35197,0,308221880.000,2,1,1,多换,S,5021.2000,5021.0000,5020.6000,5020.0000,5019.0000,5022.6000,5022.8000,5023.0000,5023.6000,5024.0000,1,3,1,1,2,2,4,2,1,3
SF,IC2006,2019-12-30 09:32:01.200,5021.6000,35197,0,308221880.000,0,-,-,-,-,5021.2000,5021.0000,5020.6000,5020.0000,5019.0000,5022.6000,5022.8000,5023.0000,5023.6000,5024.0000,1,3,1,1,2,2,4,2,1,3
SF,IC2006,2019-12-30 09:32:01.700,5021.6000,35197,0,308221880.000,0,-,-,-,-,5021.4000,5021.2000,5021.0000,5020.6000,5020.0000,5022.8000,5023.0000,5023.6000,5024.0000,5024.2000,1,1,3,1,1,4,2,1,3,1
SF,IC2006,2019-12-30 09:32:02.200,5021.4000,35196,-1,309226160.000,1,0,1,双平,S,5022.0000,5021.2000,5021.0000,5020.6000,5020.0000,5022.8000,5023.0000,5023.6000,5024.0000,5024.2000,1,1,3,1,1,4,2,1,3,1
SF,IC2006,2019-12-30 09:32:02.700,5022.0000,35196,0,310230560.000,1,0,1,多换,S,5021.2000,5021.0000,5020.6000,5020.0000,5019.0000,5021.8000,5022.6000,5022.8000,5023.0000,5023.6000,1,3,1,1,2,1,1,4,2,1
SF,IC2006,2019-12-30 09:32:03.200,5022.0000,35196,0,310230560.000,0,-,-,-,-,5021.2000,5021.0000,5020.6000,5020.0000,5019.0000,5021.8000,5022.6000,5022.8000,5023.0000,5023.6000,1,3,1,1,2,1,1,4,2,1
SF,IC2006,2019-12-30 09:32:03.700,5021.8000,35195,-1,311234920.000,1,0,1,双平,S,5021.2000,5021.0000,5020.6000,5020.0000,5019.0000,5022.6000,5022.8000,5023.0000,5023.6000,5024.0000,1,3,1,1,2,1,4,2,1,3
SF,IC2006,2019-12-30 09:32:04.200,5021.8000,35195,0,311234920.000,0,-,-,-,-,5021.8000,5021.4000,5021.2000,5021.0000,5020.6000,5022.6000,5022.8000,5023.0000,5023.6000,5024.0000,2,1,1,3,1,1,4,2,1,3
SF,IC2006,2019-12-30 09:32:04.700,5021.8000,35195,0,311234920.000,0,-,-,-,-,5021.8000,5021.4000,5021.2000,5021.0000,5020.6000,5022.6000,5022.8000,5023.0000,5023.6000,5024.0000,2,1,1,3,1,1,4,2,1,3
SF,IC2006,2019-12-30 09:32:05.200,5022.6000,35194,-1,312239440.000,1,0,1,双平,S,5021.8000,5021.2000,5021.0000,5020.6000,5020.0000,5022.8000,5023.0000,5023.6000,5024.0000,5024.2000,2,1,3,1,1,4,2,1,3,1
SF,IC2006,2019-12-30 09:32:05.700,5021.8000,35194,0,313243800.000,1,0,1,多换,S,5022.0000,5021.8000,5021.2000,5021.0000,5020.6000,5022.6000,5022.8000,5023.0000,5023.6000,5024.0000,1,1,1,3,1,2,4,2,1,3
SF,IC2006,2019-12-30 09:32:06.200,5021.8000,35194,0,313243800.000,0,-,-,-,-,5022.0000,5021.8000,5021.2000,5021.0000,5020.6000,5022.6000,5022.8000,5023.0000,5023.6000,5024.0000,1,1,1,3,1,2,4,2,1,3
SF,IC2006,2019-12-30 09:32:06.700,5021.8000,35194,0,315252560.000,2,1,1,多换,S,5021.2000,5021.0000,5020.6000,5020.0000,5019.0000,5022.6000,5022.8000,5023.0000,5023.6000,5024.0000,1,3,1,1,2,2,4,2,1,2
SF,IC2006,2019-12-30 09:32:07.200,5021.2000,35193,-1,317261040.000,2,0,2,多平,S,5021.0000,5020.6000,5020.0000,5019.0000,5018.6000,5021.2000,5022.4000,5022.6000,5022.8000,5023.0000,3,1,1,2,3,4,1,2,4,2
SF,IC2006,2019-12-30 09:32:07.700,5021.2000,35189,-4,321278000.000,4,0,4,双平,S,5021.0000,5020.6000,5020.0000,5019.0000,5018.6000,5022.6000,5022.8000,5023.0000,5023.6000,5024.0000,3,1,1,2,3,2,4,2,1,2
SF,IC2006,2019-12-30 09:32:08.200,5021.2000,35189,0,321278000.000,0,-,-,-,-,5021.0000,5020.6000,5020.0000,5019.0000,5018.6000,5022.0000,5022.4000,5022.6000,5022.8000,5023.0000,3,1,1,2,3,1,1,2,4,2
SF,IC2006,2019-12-30 09:32:08.700,5021.2000,35189,0,321278000.000,0,-,-,-,-,5021.0000,5020.6000,5020.0000,5019.0000,5018.6000,5021.8000,5022.0000,5022.6000,5022.8000,5023.0000,3,1,1,2,3,1,1,2,4,2
SF,IC2006,2019-12-30 09:32:09.200,5021.2000,35189,0,321278000.000,0,-,-,-,-,5021.0000,5020.6000,5020.0000,5019.0000,5018.6000,5021.8000,5022.0000,5022.6000,5022.8000,5023.0000,4,1,1,2,3,1,1,2,4,2
SF,IC2006,2019-12-30 09:32:09.700,5021.2000,35189,0,321278000.000,0,-,-,-,-,5021.0000,5020.6000,5020.0000,5019.0000,5018.6000,5021.8000,5022.0000,5022.6000,5022.8000,5023.0000,4,1,1,2,3,1,1,2,4,2
SF,IC2006,2019-12-30 09:32:10.700,5021.2000,35189,0,321278000.000,0,-,-,-,-,5021.0000,5020.6000,5020.0000,5019.0000,5018.6000,5021.8000,5022.0000,5022.6000,5022.8000,5023.0000,4,1,1,2,3,1,1,3,4,2
SF,IC2006,2019-12-30 09:32:11.200,5021.0000,35189,0,322282200.000,1,0,1,多换,S,5021.0000,5020.6000,5020.0000,5019.0000,5018.6000,5021.8000,5022.0000,5022.6000,5022.8000,5023.0000,3,1,1,2,3,1,1,3,4,2
SF,IC2006,2019-12-30 09:32:13.200,5021.0000,35189,0,322282200.000,0,-,-,-,-,5021.2000,5021.0000,5020.6000,5020.0000,5019.0000,5021.8000,5022.0000,5022.6000,5022.8000,5023.0000,1,3,1,1,2,1,1,3,4,2
SF,IC2006,2019-12-30 09:32:13.700,5021.0000,35189,0,322282200.000,0,-,-,-,-,5021.2000,5021.0000,5020.6000,5020.0000,5019.0000,5021.8000,5022.0000,5022.6000,5022.8000,5023.0000,3,2,1,1,2,1,1,3,5,2
SF,IC2006,2019-12-30 09:32:14.700,5021.0000,35186,-3,326299120.000,4,0,4,多平,S,5021.0000,5020.6000,5020.0000,5019.6000,5019.0000,5021.8000,5022.0000,5022.6000,5022.8000,5023.0000,1,1,1,1,2,1,1,3,5,2
SF,IC2006,2019-12-30 09:32:15.200,5021.0000,35185,-1,327303320.000,1,0,1,双平,S,5020.6000,5020.0000,5019.6000,5019.0000,5018.6000,5020.8000,5021.0000,5021.2000,5021.6000,5022.0000,1,1,1,2,3,1,1,2,1,1
SF,IC2006,2019-12-30 09:32:15.700,5020.8000,35185,0,329311600.000,2,1,1,多换,S,5020.0000,5019.6000,5019.0000,5018.6000,5018.0000,5021.0000,5021.2000,5021.6000,5022.0000,5022.6000,1,1,2,3,2,1,2,1,1,3
SF,IC2006,2019-12-30 09:32:16.200,5020.8000,35185,0,329311600.000,0,-,-,-,-,5020.0000,5019.0000,5018.6000,5018.0000,5017.6000,5020.4000,5020.8000,5021.0000,5021.2000,5021.6000,2,2,3,2,1,1,1,1,2,1
SF,IC2006,2019-12-30 09:32:16.700,5020.4000,35184,-1,331319680.000,2,0,2,多平,S,5020.0000,5019.0000,5018.6000,5018.0000,5017.6000,5021.0000,5021.2000,5021.6000,5022.0000,5022.6000,1,2,3,2,1,1,2,1,1,3
SF,IC2006,2019-12-30 09:32:17.200,5020.0000,35183,-1,332323680.000,1,0,1,双平,S,5019.0000,5018.6000,5018.0000,5017.6000,5017.0000,5020.8000,5021.0000,5021.2000,5022.0000,5022.6000,2,3,2,1,1,1,1,2,1,3
SF,IC2006,2019-12-30 09:32:17.700,5020.0000,35183,0,332323680.000,0,-,-,-,-,5019.2000,5019.0000,5018.6000,5018.0000,5017.6000,5020.0000,5020.6000,5020.8000,5021.0000,5021.2000,1,2,3,2,1,2,1,1,1,2
SF,IC2006,2019-12-30 09:32:18.200,5020.0000,35182,-1,333327680.000,1,0,1,双平,S,5019.2000,5019.0000,5018.6000,5018.0000,5017.6000,5020.0000,5020.8000,5021.0000,5021.2000,5022.0000,1,2,3,2,1,2,1,1,2,1
SF,IC2006,2019-12-30 09:32:18.700,5021.0000,35182,0,337344040.000,4,2,2,多换,S,5021.0000,5019.2000,5019.0000,5018.6000,5018.0000,5021.2000,5022.0000,5022.6000,5022.8000,5023.0000,1,1,2,3,2,2,1,3,1,2
SF,IC2006,2019-12-30 09:32:19.200,5021.0000,35182,0,338348240.000,1,0,1,多换,S,5019.2000,5019.0000,5018.6000,5018.0000,5017.6000,5020.0000,5021.0000,5021.2000,5022.0000,5022.6000,1,2,3,2,1,4,5,2,1,3
SF,IC2006,2019-12-30 09:32:19.700,5021.0000,35182,0,338348240.000,0,-,-,-,-,5019.2000,5019.0000,5018.6000,5018.0000,5017.6000,5020.0000,5021.0000,5021.2000,5022.0000,5022.6000,1,2,3,2,1,4,5,2,1,3
SF,IC2006,2019-12-30 09:32:20.200,5020.0000,35183,1,341360240.000,3,2,1,空开,S,5019.2000,5019.0000,5018.6000,5018.0000,5017.6000,5020.0000,5021.0000,5021.2000,5022.0000,5022.6000,1,2,3,2,1,1,5,2,1,3
SF,IC2006,2019-12-30 09:32:20.700,5021.0000,35184,1,343368440.000,2,1,1,空开,S,5019.2000,5019.0000,5018.6000,5018.0000,5017.6000,5021.0000,5021.2000,5022.0000,5022.6000,5022.8000,1,2,3,2,1,4,2,1,3,1
SF,IC2006,2019-12-30 09:32:21.200,5021.0000,35184,0,343368440.000,0,-,-,-,-,5019.2000,5019.0000,5018.6000,5018.0000,5017.6000,5020.8000,5021.0000,5021.2000,5022.0000,5022.6000,1,2,3,2,1,1,4,2,1,3
SF,IC2006,2019-12-30 09:32:21.700,5021.0000,35184,0,343368440.000,0,-,-,-,-,5019.8000,5019.4000,5019.2000,5019.0000,5018.6000,5021.0000,5021.2000,5022.0000,5022.6000,5022.8000,2,2,1,2,3,2,2,1,3,1
SF,IC2006,2019-12-30 09:32:22.200,5021.0000,35184,0,345376840.000,2,1,1,多换,S,5020.0000,5019.4000,5019.0000,5018.6000,5018.0000,5021.2000,5022.0000,5022.6000,5022.8000,5023.0000,1,2,2,3,2,2,1,3,1,2
SF,IC2006,2019-12-30 09:32:23.200,5021.0000,35184,0,345376840.000,0,-,-,-,-,5020.0000,5019.0000,5018.6000,5018.0000,5017.6000,5021.2000,5022.0000,5022.6000,5022.8000,5023.0000,1,2,3,2,1,2,1,3,1,2
SF,IC2006,2019-12-30 09:32:23.700,5021.2000,35184,0,347385320.000,2,1,1,多换,S,5020.8000,5020.0000,5019.0000,5018.6000,5018.0000,5022.0000,5022.6000,5022.8000,5023.0000,5023.6000,2,1,2,3,2,1,3,1,2,1
SF,IC2006,2019-12-30 09:32:24.200,5021.2000,35184,0,347385320.000,0,-,-,-,-,5020.8000,5020.0000,5019.0000,5018.6000,5018.0000,5021.8000,5022.0000,5022.6000,5022.8000,5023.0000,2,1,2,3,2,1,1,3,1,2
SF,IC2006,2019-12-30 09:32:24.700,5021.2000,35184,0,347385320.000,0,-,-,-,-,5020.8000,5019.0000,5018.6000,5018.0000,5017.6000,5021.8000,5022.0000,5022.6000,5022.8000,5023.6000,2,3,3,2,1,1,1,3,1,1
SF,IC2006,2019-12-30 09:32:25.200,5021.6000,35184,0,349393960.000,2,1,1,多换,S,5020.8000,5019.0000,5018.6000,5018.0000,5017.6000,5021.8000,5022.0000,5022.6000,5022.8000,5023.6000,2,3,3,2,1,1,1,3,1,1
SF,IC2006,2019-12-30 09:32:25.700,5021.6000,35184,0,349393960.000,0,-,-,-,-,5020.8000,5019.0000,5018.6000,5018.0000,5017.6000,5021.8000,5022.0000,5022.4000,5022.6000,5022.8000,2,3,3,2,1,1,1,1,3,1
SF,IC2006,2019-12-30 09:32:26.700,5021.8000,35184,0,350398320.000,1,0,1,多换,S,5020.8000,5019.0000,5018.6000,5018.0000,5017.6000,5022.0000,5022.4000,5022.6000,5022.8000,5023.6000,2,3,3,2,1,1,1,3,1,1
SF,IC2006,2019-12-30 09:32:27.200,5021.8000,35184,0,350398320.000,0,-,-,-,-,5021.0000,5020.8000,5019.0000,5018.6000,5018.0000,5022.0000,5022.4000,5022.6000,5022.8000,5023.6000,1,2,3,3,2,1,1,3,1,1
SF,IC2006,2019-12-30 09:32:27.700,5021.0000,35183,-1,351402520.000,1,0,1,双平,S,5021.8000,5020.8000,5019.0000,5018.6000,5018.0000,5022.0000,5022.4000,5022.6000,5022.8000,5023.6000,2,2,3,3,2,1,1,3,1,1
SF,IC2006,2019-12-30 09:32:28.200,5021.8000,35183,0,353411240.000,2,1,1,多换,S,5020.8000,5019.0000,5018.6000,5018.0000,5017.6000,5021.8000,5022.0000,5022.4000,5022.6000,5022.8000,2,3,3,2,1,3,1,1,3,1
SF,IC2006,2019-12-30 09:32:28.700,5021.8000,35183,0,353411240.000,0,-,-,-,-,5020.8000,5019.0000,5018.6000,5018.0000,5017.6000,5021.6000,5021.8000,5022.0000,5022.4000,5022.6000,2,3,3,2,1,2,3,1,1,3
SF,IC2006,2019-12-30 09:32:29.200,5021.8000,35183,0,356424320.000,3,1,2,多换,S,5020.8000,5019.0000,5018.6000,5018.0000,5017.6000,5021.8000,5022.0000,5022.4000,5022.6000,5022.8000,2,3,3,2,1,2,1,1,3,1
SF,IC2006,2019-12-30 09:32:29.700,5021.8000,35183,0,356424320.000,0,-,-,-,-,5021.0000,5020.8000,5019.0000,5018.6000,5018.0000,5021.8000,5022.0000,5022.4000,5022.6000,5022.8000,1,2,3,3,2,2,1,1,3,1
SF,IC2006,2019-12-30 09:32:31.200,5021.8000,35183,0,356424320.000,0,-,-,-,-,5021.6000,5021.0000,5020.8000,5019.0000,5018.6000,5021.8000,5022.0000,5022.4000,5022.6000,5022.8000,1,1,2,3,3,2,1,1,3,1
SF,IC2006,2019-12-30 09:32:31.700,5021.6000,35183,0,357428640.000,1,0,1,多换,S,5020.8000,5019.0000,5018.6000,5018.0000,5017.6000,5021.6000,5021.8000,5022.0000,5022.4000,5022.6000,2,3,3,2,1,2,1,1,1,3
SF,IC2006,2019-12-30 09:32:32.200,5021.6000,35183,0,357428640.000,0,-,-,-,-,5020.8000,5019.0000,5018.6000,5018.0000,5017.6000,5021.6000,5021.8000,5022.0000,5022.4000,5022.6000,2,3,3,2,1,3,1,1,1,3
SF,IC2006,2019-12-30 09:32:32.700,5020.8000,35183,0,358432800.000,1,0,1,多换,S,5020.8000,5019.0000,5018.6000,5018.0000,5017.6000,5021.6000,5021.8000,5022.0000,5022.4000,5022.6000,1,3,3,2,1,3,1,2,1,3
SF,IC2006,2019-12-30 09:32:33.200,5020.8000,35183,0,358432800.000,0,-,-,-,-,5020.8000,5019.0000,5018.6000,5018.0000,5017.6000,5021.4000,5021.6000,5021.8000,5022.0000,5022.4000,1,3,3,2,1,2,3,1,2,1
SF,IC2006,2019-12-30 09:32:33.700,5020.8000,35183,0,358432800.000,0,-,-,-,-,5020.8000,5020.0000,5019.0000,5018.6000,5018.0000,5021.4000,5021.6000,5021.8000,5022.0000,5022.4000,1,1,3,3,2,3,3,1,2,1
SF,IC2006,2019-12-30 09:32:34.200,5020.8000,35183,0,359436960.000,1,0,1,多换,S,5020.0000,5019.0000,5018.6000,5018.0000,5017.6000,5020.8000,5021.4000,5021.6000,5021.8000,5022.0000,1,3,3,2,1,2,3,3,1,2
SF,IC2006,2019-12-30 09:32:34.700,5021.4000,35183,0,362449560.000,3,1,2,多换,S,5020.0000,5019.0000,5018.6000,5018.0000,5017.6000,5020.6000,5021.4000,5021.6000,5021.8000,5022.0000,1,3,3,2,1,1,2,2,1,2
SF,IC2006,2019-12-30 09:32:35.200,5021.4000,35183,0,362449560.000,0,-,-,-,-,5020.2000,5020.0000,5019.0000,5018.6000,5018.0000,5020.6000,5021.4000,5021.6000,5021.8000,5022.0000,1,1,3,3,2,1,1,1,1,2
SF,IC2006,2019-12-30 09:32:35.700,5021.4000,35183,0,362449560.000,0,-,-,-,-,5020.2000,5020.0000,5019.0000,5018.6000,5018.0000,5020.6000,5021.4000,5021.6000,5021.8000,5022.0000,1,1,3,3,2,1,1,1,1,2
SF,IC2006,2019-12-30 09:32:36.200,5020.6000,35182,-1,363453680.000,1,0,1,双平,S,5020.2000,5020.0000,5019.0000,5018.6000,5018.0000,5021.4000,5021.6000,5021.8000,5022.0000,5022.4000,1,1,3,3,2,1,1,1,2,1
SF,IC2006,2019-12-30 09:32:36.700,5020.6000,35182,0,363453680.000,0,-,-,-,-,5020.2000,5020.0000,5019.0000,5018.6000,5018.0000,5021.4000,5021.6000,5021.8000,5022.0000,5022.4000,1,1,3,3,2,1,1,1,2,1
SF,IC2006,2019-12-30 09:32:37.200,5020.6000,35182,0,363453680.000,0,-,-,-,-,5020.6000,5020.2000,5020.0000,5019.0000,5018.6000,5021.4000,5021.6000,5021.8000,5022.0000,5022.4000,3,1,1,3,3,1,1,1,2,1
SF,IC2006,2019-12-30 09:32:37.700,5020.6000,35182,0,363453680.000,0,-,-,-,-,5020.6000,5020.4000,5020.2000,5020.0000,5019.0000,5021.4000,5021.6000,5021.8000,5022.0000,5022.4000,3,1,1,1,3,1,1,1,2,1
SF,IC2006,2019-12-30 09:32:38.200,5020.6000,35182,0,365461920.000,2,1,1,多换,S,5020.6000,5020.2000,5020.0000,5019.0000,5018.6000,5021.4000,5021.8000,5022.0000,5022.4000,5022.6000,1,1,1,3,3,1,1,2,1,3
SF,IC2006,2019-12-30 09:32:39.200,5020.6000,35182,0,365461920.000,0,-,-,-,-,5020.6000,5020.2000,5020.0000,5019.0000,5018.6000,5021.2000,5021.4000,5021.8000,5022.0000,5022.4000,1,1,1,3,3,1,1,1,2,1
SF,IC2006,2019-12-30 09:32:40.200,5020.6000,35182,0,365461920.000,0,-,-,-,-,5020.6000,5020.2000,5020.0000,5019.0000,5018.6000,5021.2000,5021.4000,5021.8000,5022.0000,5022.4000,1,1,2,3,3,1,1,1,2,1
SF,IC2006,2019-12-30 09:32:40.700,5020.6000,35182,0,366466040.000,1,0,1,多换,S,5020.0000,5019.0000,5018.6000,5018.0000,5017.6000,5021.0000,5021.2000,5021.4000,5021.8000,5022.0000,2,3,3,2,1,1,1,1,1,2
SF,IC2006,2019-12-30 09:32:41.200,5020.6000,35182,0,366466040.000,0,-,-,-,-,5020.0000,5019.0000,5018.6000,5018.0000,5017.6000,5021.0000,5021.2000,5021.8000,5022.0000,5022.4000,2,3,3,2,1,1,1,1,2,1
SF,IC2006,2019-12-30 09:32:42.200,5020.6000,35182,0,366466040.000,0,-,-,-,-,5020.0000,5019.0000,5018.6000,5018.0000,5017.6000,5020.8000,5021.0000,5021.8000,5022.0000,5022.4000,2,3,3,2,1,1,1,1,2,1
SF,IC2006,2019-12-30 09:32:42.700,5020.8000,35181,-1,367470200.000,1,0,1,双平,S,5020.0000,5019.0000,5018.6000,5018.0000,5017.6000,5021.8000,5022.0000,5022.4000,5022.6000,5022.8000,2,3,3,2,1,1,2,1,3,1
SF,IC2006,2019-12-30 09:32:43.200,5020.8000,35181,0,367470200.000,0,-,-,-,-,5020.2000,5020.0000,5019.0000,5018.6000,5018.0000,5020.4000,5021.6000,5021.8000,5022.0000,5022.4000,1,2,3,3,2,1,1,1,2,1
SF,IC2006,2019-12-30 09:32:43.700,5020.8000,35181,0,367470200.000,0,-,-,-,-,5020.6000,5020.4000,5020.2000,5020.0000,5019.0000,5021.6000,5021.8000,5022.0000,5022.4000,5022.6000,1,4,1,2,3,3,1,2,1,3
SF,IC2006,2019-12-30 09:32:44.200,5020.8000,35181,0,367470200.000,0,-,-,-,-,5020.6000,5020.4000,5020.2000,5020.0000,5019.8000,5021.6000,5021.8000,5022.0000,5022.4000,5022.6000,1,2,1,2,1,1,1,2,1,3
SF,IC2006,2019-12-30 09:32:44.700,5020.8000,35181,0,367470200.000,0,-,-,-,-,5021.0000,5020.6000,5020.4000,5020.2000,5020.0000,5021.6000,5021.8000,5022.0000,5022.4000,5022.6000,1,1,2,1,2,2,1,2,1,3
SF,IC2006,2019-12-30 09:32:45.200,5020.8000,35181,0,367470200.000,0,-,-,-,-,5021.0000,5020.8000,5020.6000,5020.4000,5020.2000,5021.8000,5022.0000,5022.4000,5022.6000,5022.8000,1,1,1,2,1,1,2,1,3,1
SF,IC2006,2019-12-30 09:32:45.700,5020.8000,35181,0,367470200.000,0,-,-,-,-,5021.2000,5021.0000,5020.8000,5020.6000,5020.4000,5021.8000,5022.0000,5022.4000,5022.6000,5022.8000,1,1,1,1,3,1,2,1,3,1
SF,IC2006,2019-12-30 09:32:46.200,5022.0000,35179,-2,369478960.000,2,0,2,双平,S,5021.2000,5021.0000,5020.6000,5020.4000,5020.0000,5022.0000,5022.4000,5022.6000,5022.8000,5023.6000,1,1,1,3,2,1,1,3,1,1
SF,IC2006,2019-12-30 09:32:46.700,5021.2000,35178,-1,370483200.000,1,0,1,双平,S,5021.0000,5020.6000,5020.4000,5020.0000,5019.8000,5021.6000,5021.8000,5022.0000,5022.4000,5022.6000,1,2,3,2,1,1,3,1,1,3
SF,IC2006,2019-12-30 09:32:47.200,5021.6000,35178,0,371487520.000,1,0,1,多换,S,5021.6000,5021.0000,5020.6000,5020.4000,5020.0000,5022.0000,5022.4000,5022.6000,5022.8000,5023.6000,1,2,2,3,2,1,1,3,1,1
SF,IC2006,2019-12-30 09:32:47.700,5021.6000,35177,-1,372491840.000,1,0,1,双平,S,5021.0000,5020.6000,5020.4000,5020.0000,5019.8000,5021.2000,5021.4000,5022.0000,5022.4000,5022.6000,2,2,3,2,1,2,2,1,1,3
SF,IC2006,2019-12-30 09:32:48.200,5021.4000,35175,-2,378517360.000,6,2,4,多平,S,5021.4000,5021.2000,5021.0000,5020.6000,5020.4000,5022.0000,5022.4000,5022.6000,5022.8000,5023.6000,1,1,1,2,3,1,1,3,1,1
SF,IC2006,2019-12-30 09:32:48.700,5021.4000,35174,-1,379521640.000,1,0,1,双平,S,5021.4000,5021.2000,5021.0000,5020.6000,5020.4000,5022.0000,5022.4000,5022.6000,5022.8000,5023.6000,1,1,1,2,4,1,1,3,1,1
SF,IC2006,2019-12-30 09:32:49.700,5021.4000,35174,0,379521640.000,0,-,-,-,-,5021.4000,5021.2000,5021.0000,5020.6000,5020.4000,5022.0000,5022.4000,5022.6000,5022.8000,5023.6000,1,1,1,2,4,1,1,3,1,1
SF,IC2006,2019-12-30 09:32:50.200,5021.4000,35174,0,379521640.000,0,-,-,-,-,5021.4000,5021.2000,5021.0000,5020.6000,5020.4000,5021.8000,5022.0000,5022.4000,5022.6000,5022.8000,1,1,1,2,4,1,1,1,3,1
SF,IC2006,2019-12-30 09:32:50.700,5021.4000,35174,0,379521640.000,0,-,-,-,-,5021.4000,5021.2000,5021.0000,5020.6000,5020.4000,5022.0000,5022.4000,5022.6000,5022.8000,5023.6000,1,1,1,2,4,1,1,3,1,1
SF,IC2006,2019-12-30 09:32:51.700,5021.8000,35174,0,380526000.000,1,0,1,多换,S,5021.4000,5021.2000,5021.0000,5020.6000,5020.4000,5022.0000,5022.4000,5022.6000,5022.8000,5023.6000,1,1,1,2,4,1,1,3,1,1
SF,IC2006,2019-12-30 09:32:52.200,5021.8000,35174,0,380526000.000,0,-,-,-,-,5021.2000,5021.0000,5020.6000,5020.4000,5020.0000,5021.8000,5022.0000,5022.4000,5022.6000,5022.8000,1,1,2,4,2,1,3,1,3,1
SF,IC2006,2019-12-30 09:32:52.700,5021.8000,35174,0,380526000.000,0,-,-,-,-,5021.2000,5021.0000,5020.6000,5020.4000,5020.0000,5022.0000,5022.4000,5022.6000,5022.8000,5023.6000,1,1,2,4,2,1,1,3,1,1
SF,IC2006,2019-12-30 09:32:53.200,5021.8000,35174,0,380526000.000,0,-,-,-,-,5021.2000,5021.0000,5020.6000,5020.4000,5020.0000,5022.0000,5022.4000,5022.6000,5022.8000,5023.6000,1,1,2,4,2,1,1,3,1,1
SF,IC2006,2019-12-30 09:32:53.700,5021.2000,35173,-1,381530240.000,1,0,1,双平,S,5021.0000,5020.6000,5020.4000,5020.0000,5019.8000,5021.2000,5022.0000,5022.4000,5022.6000,5022.8000,1,2,4,2,1,2,1,1,3,1
SF,IC2006,2019-12-30 09:32:54.200,5021.2000,35173,0,381530240.000,0,-,-,-,-,5020.6000,5020.4000,5020.0000,5019.8000,5019.0000,5021.2000,5021.8000,5022.0000,5022.4000,5022.6000,2,4,2,1,3,2,1,2,1,3
SF,IC2006,2019-12-30 09:32:54.700,5021.2000,35173,0,381530240.000,0,-,-,-,-,5020.6000,5020.4000,5020.0000,5019.8000,5019.0000,5021.0000,5021.2000,5021.8000,5022.0000,5022.4000,2,4,2,1,3,1,2,1,2,1
SF,IC2006,2019-12-30 09:32:55.200,5020.6000,35172,-1,383538480.000,2,0,2,多平,S,5020.4000,5020.0000,5019.0000,5018.6000,5018.0000,5020.6000,5021.0000,5021.2000,5021.8000,5022.0000,4,2,3,3,2,1,1,2,1,2
SF,IC2006,2019-12-30 09:32:55.700,5020.6000,35172,0,383538480.000,0,-,-,-,-,5020.4000,5020.0000,5019.0000,5018.6000,5018.0000,5020.6000,5021.0000,5021.2000,5021.8000,5022.0000,4,2,3,3,3,1,1,2,1,2
SF,IC2006,2019-12-30 09:32:56.200,5020.6000,35171,-1,384542600.000,1,0,1,双平,S,5020.6000,5020.4000,5020.0000,5019.0000,5018.6000,5021.2000,5021.8000,5022.0000,5022.4000,5022.6000,3,4,2,3,3,2,1,2,1,3
SF,IC2006,2019-12-30 09:32:56.700,5020.6000,35171,0,384542600.000,0,-,-,-,-,5020.6000,5020.4000,5020.0000,5019.0000,5018.6000,5021.2000,5021.8000,5022.0000,5022.4000,5022.6000,3,4,2,3,3,2,1,2,1,3
SF,IC2006,2019-12-30 09:32:57.200,5021.2000,35170,-1,385546840.000,1,0,1,双平,S,5020.8000,5020.6000,5020.4000,5020.0000,5019.0000,5021.2000,5021.8000,5022.0000,5022.4000,5022.6000,1,1,4,1,3,1,1,2,1,3
SF,IC2006,2019-12-30 09:32:57.700,5021.2000,35170,0,385546840.000,0,-,-,-,-,5020.8000,5020.6000,5020.4000,5020.0000,5019.0000,5021.2000,5021.8000,5022.0000,5022.4000,5022.6000,1,1,3,1,3,1,1,2,1,3
SF,IC2006,2019-12-30 09:32:58.700,5021.2000,35170,0,386551080.000,1,0,1,多换,S,5020.8000,5020.6000,5020.4000,5020.0000,5019.0000,5021.8000,5022.0000,5022.4000,5022.6000,5023.6000,1,1,3,1,3,1,2,1,3,1
SF,IC2006,2019-12-30 09:32:59.200,5021.2000,35170,0,386551080.000,0,-,-,-,-,5021.2000,5021.0000,5020.8000,5020.6000,5020.4000,5021.8000,5022.0000,5022.4000,5022.6000,5023.6000,1,1,1,1,3,1,2,1,3,1
SF,IC2006,2019-12-30 09:32:59.700,5021.2000,35170,0,386551080.000,0,-,-,-,-,5021.0000,5020.8000,5020.6000,5020.4000,5020.0000,5021.8000,5022.0000,5022.4000,5022.6000,5023.6000,1,1,1,3,1,1,2,1,3,1
SF,IC2006,2019-12-30 09:33:00.200,5020.8000,35168,-2,388559440.000,2,0,2,双平,S,5020.6000,5020.4000,5020.0000,5019.0000,5018.6000,5020.8000,5021.2000,5021.8000,5022.0000,5022.4000,1,3,1,3,3,1,1,1,2,1
SF,IC2006,2019-12-30 09:33:00.700,5020.8000,35168,0,388559440.000,0,-,-,-,-,5020.6000,5020.4000,5020.0000,5019.0000,5018.6000,5020.8000,5021.2000,5021.8000,5022.0000,5022.4000,1,3,1,3,3,1,1,1,2,1
SF,IC2006,2019-12-30 09:33:01.200,5020.8000,35167,-1,389563600.000,1,0,1,双平,S,5020.6000,5020.4000,5020.0000,5019.0000,5018.6000,5021.2000,5021.8000,5022.0000,5022.4000,5022.6000,1,3,1,3,3,1,1,2,1,3
SF,IC2006,2019-12-30 09:33:01.700,5020.6000,35167,0,390567720.000,1,0,1,多换,S,5020.4000,5020.0000,5019.0000,5018.6000,5018.0000,5020.6000,5021.2000,5021.8000,5022.0000,5022.4000,1,1,3,3,2,1,1,1,2,1
SF,IC2006,2019-12-30 09:33:02.200,5020.6000,35167,0,390567720.000,0,-,-,-,-,5020.4000,5020.0000,5019.0000,5018.6000,5018.0000,5020.6000,5021.2000,5021.8000,5022.0000,5022.4000,1,1,3,3,2,1,1,1,2,1
SF,IC2006,2019-12-30 09:33:02.700,5020.4000,35167,0,391571800.000,1,0,1,多换,S,5020.0000,5019.0000,5018.6000,5018.0000,5017.6000,5020.2000,5020.4000,5020.6000,5021.2000,5021.8000,1,3,3,2,1,2,1,1,1,1
SF,IC2006,2019-12-30 09:33:03.200,5020.0000,35167,0,392575800.000,1,0,1,多换,S,5019.0000,5018.6000,5018.0000,5017.6000,5017.0000,5020.2000,5020.6000,5021.2000,5021.8000,5022.0000,3,3,2,1,2,2,1,1,1,2
SF,IC2006,2019-12-30 09:33:03.700,5020.0000,35168,1,393579800.000,1,1,0,双开,S,5019.2000,5019.0000,5018.6000,5018.0000,5017.6000,5020.6000,5021.2000,5021.8000,5022.0000,5022.4000,1,3,3,2,1,1,1,1,2,1
SF,IC2006,2019-12-30 09:33:04.200,5020.0000,35168,0,394583800.000,1,0,1,多换,S,5019.2000,5019.0000,5018.6000,5018.0000,5017.6000,5020.4000,5020.6000,5021.2000,5021.8000,5022.0000,1,3,3,2,1,1,1,1,1,2
SF,IC2006,2019-12-30 09:33:05.200,5020.0000,35169,1,395587800.000,1,1,0,双开,S,5019.2000,5019.0000,5018.6000,5018.0000,5017.6000,5020.2000,5020.4000,5020.6000,5021.0000,5021.2000,1,3,3,2,1,1,1,1,1,1
SF,IC2006,2019-12-30 09:33:05.700,5020.0000,35169,0,395587800.000,0,-,-,-,-,5019.0000,5018.6000,5018.0000,5017.6000,5017.0000,5020.0000,5020.2000,5020.4000,5020.6000,5021.0000,3,3,2,1,2,1,1,1,1,1
SF,IC2006,2019-12-30 09:33:06.200,5020.0000,35169,0,395587800.000,0,-,-,-,-,5019.0000,5018.6000,5018.0000,5017.6000,5017.0000,5019.8000,5020.0000,5020.2000,5020.6000,5021.0000,3,3,2,1,2,1,1,1,1,1
SF,IC2006,2019-12-30 09:33:06.700,5020.0000,35169,0,395587800.000,0,-,-,-,-,5019.0000,5018.6000,5018.0000,5017.6000,5017.0000,5019.8000,5020.0000,5020.2000,5020.6000,5021.0000,3,3,2,1,2,1,1,1,1,1
SF,IC2006,2019-12-30 09:33:07.200,5020.0000,35169,0,395587800.000,0,-,-,-,-,5019.0000,5018.6000,5018.0000,5017.6000,5017.0000,5019.8000,5020.0000,5020.2000,5020.6000,5021.0000,3,3,2,1,2,1,1,1,1,1
SF,IC2006,2019-12-30 09:33:07.700,5019.8000,35168,-1,396591760.000,1,0,1,双平,S,5019.0000,5018.6000,5018.0000,5017.6000,5017.0000,5020.0000,5020.2000,5020.6000,5021.0000,5021.2000,3,3,2,1,2,1,1,1,1,4
SF,IC2006,2019-12-30 09:33:08.200,5019.2000,35166,-2,399603400.000,3,0,3,多平,S,5019.2000,5019.0000,5018.6000,5018.0000,5017.6000,5020.2000,5020.6000,5021.0000,5021.2000,5021.8000,1,3,3,2,1,1,1,1,4,1
SF,IC2006,2019-12-30 09:33:08.700,5019.2000,35166,0,400607240.000,1,0,1,多换,S,5019.0000,5018.6000,5018.0000,5017.6000,5017.0000,5020.2000,5020.6000,5021.0000,5021.2000,5021.8000,3,3,2,1,2,1,1,1,4,1
SF,IC2006,2019-12-30 09:33:09.200,5019.2000,35166,0,400607240.000,0,-,-,-,-,5019.8000,5019.0000,5018.6000,5018.0000,5017.6000,5020.0000,5020.2000,5020.6000,5021.0000,5021.2000,1,3,3,2,1,1,1,1,1,4
SF,IC2006,2019-12-30 09:33:10.700,5020.0000,35163,-3,403619280.000,3,0,3,双平,S,5019.8000,5019.0000,5018.6000,5018.0000,5017.6000,5021.0000,5021.2000,5021.8000,5022.0000,5022.4000,1,3,3,2,1,2,4,1,2,1
SF,IC2006,2019-12-30 09:33:11.200,5020.0000,35163,0,403619280.000,0,-,-,-,-,5020.0000,5019.8000,5019.0000,5018.6000,5018.0000,5021.0000,5021.2000,5021.8000,5022.0000,5022.4000,1,1,3,3,2,1,4,1,2,1
SF,IC2006,2019-12-30 09:33:11.700,5020.0000,35162,-1,404623280.000,1,0,1,双平,S,5019.8000,5019.0000,5018.6000,5018.0000,5017.6000,5020.0000,5021.0000,5021.2000,5021.8000,5022.0000,1,3,3,2,1,1,1,4,1,2
SF,IC2006,2019-12-30 09:33:12.200,5021.0000,35161,-1,406631480.000,2,0,2,多平,S,5020.0000,5019.8000,5019.0000,5018.6000,5018.0000,5021.2000,5021.8000,5022.0000,5022.4000,5022.6000,2,1,3,3,2,4,1,2,1,3
SF,IC2006,2019-12-30 09:33:12.700,5021.0000,35161,0,406631480.000,0,-,-,-,-,5020.0000,5019.8000,5019.0000,5018.6000,5018.0000,5021.2000,5021.8000,5022.0000,5022.4000,5022.6000,1,1,3,3,2,4,1,2,1,3
SF,IC2006,2019-12-30 09:33:13.200,5021.0000,35161,0,406631480.000,0,-,-,-,-,5019.8000,5019.0000,5018.6000,5018.0000,5017.6000,5021.2000,5021.8000,5022.0000,5022.4000,5022.6000,1,3,3,2,1,4,1,2,1,3
SF,IC2006,2019-12-30 09:33:13.700,5021.0000,35161,0,406631480.000,0,-,-,-,-,5020.0000,5019.8000,5019.0000,5018.6000,5018.0000,5021.2000,5021.8000,5022.0000,5022.4000,5022.6000,1,1,3,3,2,4,1,2,1,3
SF,IC2006,2019-12-30 09:33:14.200,5021.0000,35161,0,406631480.000,0,-,-,-,-,5019.8000,5019.0000,5018.6000,5018.0000,5017.6000,5021.0000,5021.2000,5021.8000,5022.0000,5022.4000,1,3,3,2,1,1,4,1,2,1
SF,IC2006,2019-12-30 09:33:14.700,5021.2000,35161,0,408639920.000,2,1,1,多换,S,5019.8000,5019.0000,5018.6000,5018.0000,5017.6000,5021.2000,5021.8000,5022.0000,5022.4000,5022.6000,1,3,3,2,1,3,1,2,1,3
SF,IC2006,2019-12-30 09:33:15.200,5021.2000,35161,0,408639920.000,0,-,-,-,-,5020.0000,5019.8000,5019.0000,5018.6000,5018.0000,5021.0000,5021.2000,5021.8000,5022.0000,5022.4000,1,1,3,3,2,1,3,1,2,1
SF,IC2006,2019-12-30 09:33:15.700,5019.8000,35160,-1,411651840.000,3,1,2,多平,S,5019.0000,5018.6000,5018.0000,5017.6000,5017.0000,5021.0000,5021.2000,5021.8000,5022.0000,5022.4000,3,3,2,1,2,1,3,1,2,1
SF,IC2006,2019-12-30 09:33:16.200,5020.8000,35159,-1,412656000.000,1,0,1,双平,S,5020.0000,5019.2000,5019.0000,5018.6000,5018.0000,5021.0000,5021.2000,5021.8000,5022.0000,5022.4000,1,1,3,3,2,1,3,1,2,1
SF,IC2006,2019-12-30 09:33:16.700,5020.8000,35159,0,412656000.000,0,-,-,-,-,5020.0000,5019.2000,5019.0000,5018.6000,5018.0000,5020.8000,5021.0000,5021.2000,5021.8000,5022.0000,1,1,3,3,2,1,1,3,1,2
SF,IC2006,2019-12-30 09:33:17.200,5020.0000,35160,1,413660000.000,1,1,0,双开,S,5019.2000,5019.0000,5018.6000,5018.0000,5017.6000,5020.8000,5021.0000,5021.2000,5021.8000,5022.0000,1,3,3,2,1,1,1,3,1,2
SF,IC2006,2019-12-30 09:33:17.700,5020.0000,35160,0,413660000.000,0,-,-,-,-,5020.2000,5019.2000,5019.0000,5018.6000,5018.0000,5020.8000,5021.0000,5021.2000,5021.8000,5022.0000,1,1,3,3,2,1,1,3,1,2
SF,IC2006,2019-12-30 09:33:18.200,5020.0000,35160,0,414664000.000,1,0,1,多换,S,5020.4000,5019.2000,5019.0000,5018.6000,5018.0000,5020.8000,5021.0000,5021.2000,5022.0000,5022.4000,1,1,3,3,2,1,1,3,2,1
SF,IC2006,2019-12-30 09:33:19.200,5020.2000,35160,0,415668040.000,1,0,1,多换,S,5019.2000,5019.0000,5018.6000,5018.0000,5017.6000,5020.8000,5021.0000,5021.2000,5022.0000,5022.4000,2,3,3,2,1,1,1,3,2,1
SF,IC2006,2019-12-30 09:33:19.700,5020.2000,35160,0,415668040.000,0,-,-,-,-,5019.4000,5019.2000,5019.0000,5018.6000,5018.0000,5020.8000,5021.0000,5021.2000,5022.0000,5022.4000,1,2,3,3,2,1,1,3,2,1
SF,IC2006,2019-12-30 09:33:20.200,5019.4000,35158,-2,418680000.000,3,0,3,多平,S,5019.2000,5019.0000,5018.6000,5018.0000,5017.6000,5019.4000,5020.8000,5021.0000,5021.2000,5022.0000,1,3,3,2,1,1,1,1,3,2
SF,IC2006,2019-12-30 09:33:20.700,5020.8000,35156,-2,420688040.000,2,0,2,双平,S,5019.6000,5019.4000,5019.2000,5019.0000,5018.6000,5021.0000,5021.2000,5022.0000,5022.4000,5022.6000,2,2,1,2,3,1,3,2,1,1
SF,IC2006,2019-12-30 09:33:21.200,5020.8000,35156,0,420688040.000,0,-,-,-,-,5019.6000,5019.4000,5019.2000,5019.0000,5018.6000,5020.8000,5021.0000,5021.2000,5022.0000,5022.4000,2,1,1,2,3,1,1,3,2,1
SF,IC2006,2019-12-30 09:33:21.700,5020.8000,35156,0,420688040.000,0,-,-,-,-,5019.6000,5019.4000,5019.2000,5019.0000,5018.6000,5020.8000,5021.0000,5021.2000,5022.0000,5022.4000,2,1,1,2,3,2,1,3,2,1
SF,IC2006,2019-12-30 09:33:22.700,5019.6000,35154,-2,422695880.000,2,0,2,双平,S,5019.4000,5019.2000,5019.0000,5018.6000,5018.0000,5020.8000,5021.0000,5021.2000,5022.0000,5022.4000,1,1,2,3,2,2,1,3,2,1
SF,IC2006,2019-12-30 09:33:23.200,5019.6000,35154,0,422695880.000,0,-,-,-,-,5019.4000,5019.2000,5019.0000,5018.6000,5018.0000,5020.8000,5021.0000,5021.2000,5022.0000,5022.4000,1,1,2,3,2,2,1,3,2,1
SF,IC2006,2019-12-30 09:33:23.700,5019.6000,35154,0,422695880.000,0,-,-,-,-,5019.6000,5019.4000,5019.2000,5019.0000,5018.6000,5020.8000,5021.0000,5021.2000,5022.0000,5022.4000,1,2,1,2,3,2,1,3,2,1
SF,IC2006,2019-12-30 09:33:24.200,5020.8000,35155,1,423700040.000,1,1,0,双开,S,5020.8000,5019.6000,5019.4000,5019.2000,5019.0000,5021.0000,5021.2000,5022.0000,5022.4000,5022.6000,2,1,2,1,2,1,3,2,1,1
SF,IC2006,2019-12-30 09:33:24.700,5020.8000,35155,0,423700040.000,0,-,-,-,-,5020.8000,5019.6000,5019.4000,5019.2000,5019.0000,5021.2000,5022.0000,5022.4000,5022.6000,5023.4000,7,1,2,1,2,3,2,1,1,1
SF,IC2006,2019-12-30 09:33:25.200,5021.2000,35153,-2,426712760.000,3,0,3,多平,S,5021.2000,5021.0000,5020.8000,5019.6000,5019.4000,5022.0000,5022.4000,5022.6000,5023.4000,5023.6000,2,1,7,1,1,2,1,1,1,1
SF,IC2006,2019-12-30 09:33:25.700,5022.0000,35155,2,428721560.000,2,2,0,双开,S,5021.2000,5020.8000,5019.6000,5019.4000,5019.2000,5022.4000,5022.6000,5023.4000,5023.6000,5024.2000,2,7,1,1,1,1,1,1,1,1
SF,IC2006,2019-12-30 09:33:26.200,5022.0000,35155,0,428721560.000,0,-,-,-,-,5022.0000,5021.2000,5020.8000,5019.6000,5019.4000,5022.4000,5022.6000,5023.6000,5024.2000,5024.6000,1,5,7,1,1,1,1,1,1,1
SF,IC2006,2019-12-30 09:33:26.700,5022.0000,35155,0,428721560.000,0,-,-,-,-,5022.0000,5021.2000,5020.8000,5019.6000,5019.4000,5022.2000,5022.4000,5022.6000,5023.6000,5024.2000,1,5,7,1,1,1,1,1,1,1
SF,IC2006,2019-12-30 09:33:27.200,5022.2000,35154,-1,429726000.000,1,0,1,双平,S,5022.0000,5021.2000,5020.8000,5019.6000,5019.4000,5022.4000,5022.6000,5023.6000,5024.2000,5024.6000,1,5,7,1,1,1,1,1,1,1
SF,IC2006,2019-12-30 09:33:27.700,5022.0000,35153,-1,430730400.000,1,0,1,双平,S,5022.2000,5021.2000,5020.8000,5019.6000,5019.4000,5022.4000,5022.6000,5023.0000,5023.6000,5024.2000,1,5,7,1,1,1,1,1,1,1
SF,IC2006,2019-12-30 09:33:28.200,5022.0000,35153,0,430730400.000,0,-,-,-,-,5022.2000,5021.2000,5020.8000,5019.6000,5019.4000,5022.4000,5022.6000,5023.0000,5023.6000,5024.2000,1,5,7,1,1,1,1,1,1,1
SF,IC2006,2019-12-30 09:33:28.700,5022.4000,35151,-2,432739360.000,2,0,2,双平,S,5022.2000,5021.2000,5020.8000,5019.6000,5019.4000,5022.6000,5023.0000,5023.6000,5024.2000,5024.6000,1,5,7,1,1,1,1,1,1,1
SF,IC2006,2019-12-30 09:33:29.200,5022.4000,35151,0,432739360.000,0,-,-,-,-,5022.2000,5021.2000,5020.8000,5019.6000,5019.4000,5022.6000,5023.0000,5023.6000,5024.2000,5024.6000,1,5,7,1,1,1,1,1,1,1
SF,IC2006,2019-12-30 09:33:30.700,5022.4000,35151,0,432739360.000,0,-,-,-,-,5022.2000,5021.2000,5020.8000,5019.6000,5019.4000,5022.6000,5023.0000,5023.6000,5024.2000,5024.6000,1,5,7,1,1,1,1,1,1,1
SF,IC2006,2019-12-30 09:33:31.200,5022.4000,35151,0,432739360.000,0,-,-,-,-,5022.2000,5021.2000,5020.8000,5020.4000,5019.6000,5022.6000,5023.0000,5023.6000,5024.2000,5024.6000,1,5,7,1,1,1,1,1,1,1
SF,IC2006,2019-12-30 09:33:31.700,5022.4000,35151,0,432739360.000,0,-,-,-,-,5022.2000,5021.2000,5020.8000,5020.4000,5019.6000,5022.4000,5022.6000,5023.0000,5023.6000,5024.2000,1,5,7,1,1,1,1,1,1,1
SF,IC2006,2019-12-30 09:33:32.200,5022.2000,35151,0,433743800.000,1,0,1,多换,S,5021.2000,5020.8000,5020.4000,5019.6000,5019.4000,5022.2000,5022.4000,5022.6000,5023.0000,5023.6000,5,7,1,1,1,2,1,1,1,1
SF,IC2006,2019-12-30 09:33:32.700,5022.2000,35151,0,433743800.000,0,-,-,-,-,5021.4000,5021.2000,5020.8000,5020.4000,5019.4000,5022.2000,5022.4000,5022.6000,5023.0000,5023.6000,1,5,7,1,1,1,1,1,1,1
SF,IC2006,2019-12-30 09:33:33.200,5022.4000,35152,1,435752720.000,2,1,1,空开,S,5022.4000,5021.2000,5020.8000,5020.4000,5019.4000,5022.6000,5023.0000,5023.6000,5024.2000,5024.6000,1,5,7,1,1,1,1,1,1,1
SF,IC2006,2019-12-30 09:33:33.700,5022.4000,35152,0,436757200.000,1,0,1,多换,S,5022.2000,5021.2000,5020.8000,5020.4000,5019.4000,5022.4000,5022.6000,5023.0000,5023.6000,5024.2000,1,5,7,1,1,2,1,1,1,1
SF,IC2006,2019-12-30 09:33:34.200,5022.2000,35151,-1,437761640.000,1,0,1,双平,S,5021.2000,5020.8000,5020.4000,5019.4000,5019.0000,5022.2000,5022.4000,5022.6000,5023.0000,5023.6000,5,7,1,1,2,1,1,1,1,1
SF,IC2006,2019-12-30 09:33:34.700,5022.2000,35151,0,437761640.000,0,-,-,-,-,5022.2000,5021.2000,5020.8000,5020.4000,5019.4000,5022.6000,5023.0000,5023.6000,5024.2000,5024.6000,1,5,7,1,1,1,1,1,1,1
SF,IC2006,2019-12-30 09:33:35.700,5022.2000,35151,0,437761640.000,0,-,-,-,-,5022.4000,5022.2000,5021.2000,5020.8000,5020.4000,5022.6000,5023.0000,5023.6000,5024.2000,5024.6000,1,1,5,7,1,1,1,1,1,1
SF,IC2006,2019-12-30 09:33:36.200,5022.4000,35151,0,438766120.000,1,0,1,多换,S,5021.2000,5020.8000,5020.4000,5019.4000,5019.0000,5022.6000,5023.0000,5023.6000,5024.2000,5024.6000,5,7,1,1,2,1,1,1,1,1
SF,IC2006,2019-12-30 09:33:36.700,5022.4000,35151,0,438766120.000,0,-,-,-,-,5021.4000,5021.2000,5020.8000,5020.4000,5019.4000,5022.6000,5023.0000,5023.6000,5024.2000,5024.6000,1,5,7,1,1,1,1,1,1,1
SF,IC2006,2019-12-30 09:33:37.200,5022.4000,35151,0,438766120.000,0,-,-,-,-,5021.4000,5021.2000,5020.8000,5020.4000,5019.4000,5022.6000,5023.0000,5023.6000,5024.2000,5024.6000,1,2,7,1,1,1,1,1,1,1
SF,IC2006,2019-12-30 09:33:37.700,5022.4000,35151,0,438766120.000,0,-,-,-,-,5021.2000,5020.8000,5020.4000,5019.4000,5019.0000,5021.4000,5022.4000,5022.6000,5023.0000,5023.6000,2,7,1,1,2,2,1,1,1,1
SF,IC2006,2019-12-30 09:33:38.200,5021.4000,35149,-2,440774680.000,2,0,2,双平,S,5021.4000,5020.8000,5020.4000,5019.4000,5019.0000,5022.4000,5022.6000,5023.0000,5023.6000,5024.2000,2,7,1,1,2,1,1,1,1,1
SF,IC2006,2019-12-30 09:33:38.700,5021.4000,35149,0,440774680.000,0,-,-,-,-,5021.6000,5021.4000,5020.8000,5020.4000,5019.4000,5022.4000,5022.6000,5023.0000,5023.6000,5024.2000,1,1,7,1,1,1,1,1,1,1
SF,IC2006,2019-12-30 09:33:39.200,5021.4000,35149,0,440774680.000,0,-,-,-,-,5021.4000,5020.8000,5020.4000,5019.4000,5019.0000,5022.4000,5022.6000,5023.0000,5023.6000,5024.2000,1,7,1,1,2,1,1,1,1,1
SF,IC2006,2019-12-30 09:33:39.700,5021.4000,35149,0,440774680.000,0,-,-,-,-,5020.8000,5020.4000,5019.4000,5019.0000,5018.8000,5022.4000,5022.6000,5023.0000,5023.6000,5024.2000,7,1,1,2,1,1,1,1,1,1
SF,IC2006,2019-12-30 09:33:40.200,5021.4000,35149,0,440774680.000,0,-,-,-,-,5021.0000,5020.8000,5020.4000,5019.4000,5019.0000,5022.4000,5022.6000,5023.0000,5023.6000,5024.2000,2,7,1,1,2,1,1,1,1,1
SF,IC2006,2019-12-30 09:33:40.700,5021.4000,35149,0,440774680.000,0,-,-,-,-,5021.0000,5020.8000,5020.4000,5019.4000,5019.0000,5021.8000,5022.4000,5022.6000,5023.0000,5023.6000,1,7,1,1,2,1,1,1,1,1
SF,IC2006,2019-12-30 09:33:41.200,5021.4000,35149,0,440774680.000,0,-,-,-,-,5021.8000,5021.0000,5020.8000,5020.4000,5019.4000,5022.4000,5022.6000,5023.0000,5023.6000,5024.2000,1,1,7,1,1,1,1,1,1,1
SF,IC2006,2019-12-30 09:33:41.700,5021.4000,35149,0,440774680.000,0,-,-,-,-,5020.8000,5020.4000,5019.4000,5019.0000,5018.8000,5022.4000,5022.6000,5023.0000,5023.6000,5024.2000,7,1,1,2,1,1,1,1,1,1
SF,IC2006,2019-12-30 09:33:42.200,5021.4000,35149,0,440774680.000,0,-,-,-,-,5021.0000,5020.8000,5020.4000,5019.4000,5019.0000,5022.4000,5022.6000,5023.0000,5023.6000,5024.2000,2,7,1,1,2,2,1,1,1,1
SF,IC2006,2019-12-30 09:33:42.700,5021.4000,35149,0,440774680.000,0,-,-,-,-,5021.0000,5020.8000,5020.4000,5019.4000,5019.0000,5022.4000,5022.6000,5023.0000,5023.6000,5024.2000,2,7,1,1,2,1,1,1,1,1
SF,IC2006,2019-12-30 09:33:43.200,5021.4000,35149,0,440774680.000,0,-,-,-,-,5021.0000,5020.8000,5020.4000,5019.4000,5019.0000,5022.4000,5022.6000,5023.0000,5023.6000,5024.2000,2,7,1,1,2,2,1,1,1,1
SF,IC2006,2019-12-30 09:33:43.700,5021.4000,35149,0,440774680.000,0,-,-,-,-,5021.0000,5020.8000,5020.4000,5019.4000,5019.0000,5022.4000,5022.6000,5023.0000,5023.6000,5024.2000,1,7,1,1,2,2,1,1,1,1
SF,IC2006,2019-12-30 09:33:44.200,5021.4000,35149,0,440774680.000,0,-,-,-,-,5020.8000,5020.4000,5019.4000,5019.0000,5018.8000,5022.4000,5022.6000,5023.0000,5023.6000,5024.2000,7,1,1,2,1,1,1,1,1,1
SF,IC2006,2019-12-30 09:33:44.700,5021.4000,35149,0,440774680.000,0,-,-,-,-,5021.0000,5020.8000,5020.4000,5019.4000,5019.0000,5022.0000,5022.4000,5022.6000,5023.0000,5023.6000,2,7,1,1,2,1,1,1,1,1
SF,IC2006,2019-12-30 09:33:45.200,5021.4000,35149,0,440774680.000,0,-,-,-,-,5021.0000,5020.8000,5020.4000,5019.4000,5019.0000,5022.4000,5022.6000,5023.0000,5023.6000,5024.2000,1,7,1,1,2,1,1,1,1,1
SF,IC2006,2019-12-30 09:33:45.700,5021.4000,35149,0,440774680.000,0,-,-,-,-,5021.0000,5020.8000,5020.4000,5019.4000,5019.0000,5022.0000,5022.2000,5022.4000,5022.6000,5023.0000,1,7,1,1,2,1,1,1,1,1
SF,IC2006,2019-12-30 09:33:46.700,5021.4000,35149,0,440774680.000,0,-,-,-,-,5021.0000,5020.8000,5020.4000,5019.4000,5019.0000,5022.2000,5022.4000,5022.6000,5023.0000,5023.6000,1,7,1,1,2,1,1,1,1,1
SF,IC2006,2019-12-30 09:33:47.200,5021.4000,35149,0,440774680.000,0,-,-,-,-,5021.2000,5021.0000,5020.8000,5020.4000,5019.4000,5022.2000,5022.4000,5022.6000,5023.0000,5023.6000,1,1,7,1,1,1,1,1,1,1
SF,IC2006,2019-12-30 09:33:47.700,5022.2000,35150,1,441779120.000,1,1,0,双开,S,5022.0000,5021.2000,5021.0000,5020.8000,5020.4000,5022.6000,5023.0000,5023.6000,5024.2000,5024.4000,1,1,1,7,1,1,1,1,1,1
SF,IC2006,2019-12-30 09:33:48.700,5022.6000,35149,-1,442783640.000,1,0,1,双平,S,5022.0000,5021.2000,5020.8000,5020.4000,5019.4000,5023.0000,5023.6000,5024.2000,5024.4000,5024.6000,1,1,7,1,1,1,1,1,1,1
SF,IC2006,2019-12-30 09:33:49.200,5022.6000,35149,0,442783640.000,0,-,-,-,-,5022.2000,5022.0000,5020.8000,5020.4000,5019.4000,5023.0000,5023.2000,5023.6000,5024.2000,5024.4000,1,1,7,1,1,1,1,1,1,1
SF,IC2006,2019-12-30 09:33:49.700,5022.6000,35149,0,442783640.000,0,-,-,-,-,5022.6000,5022.2000,5022.0000,5020.8000,5020.4000,5022.8000,5023.0000,5023.6000,5024.2000,5024.6000,1,1,1,7,1,1,1,1,1,1
SF,IC2006,2019-12-30 09:33:50.200,5022.8000,35148,-1,443788200.000,1,0,1,双平,S,5022.6000,5022.2000,5022.0000,5020.8000,5020.4000,5023.0000,5023.6000,5024.2000,5024.6000,5025.0000,4,1,1,7,1,1,1,1,1,2
SF,IC2006,2019-12-30 09:33:50.700,5022.6000,35147,-1,446801760.000,3,1,2,多平,S,5022.6000,5022.2000,5022.0000,5020.8000,5020.4000,5023.0000,5023.6000,5024.2000,5024.6000,5025.0000,1,1,1,7,1,1,1,1,1,2
SF,IC2006,2019-12-30 09:33:51.200,5022.6000,35147,0,447806280.000,1,0,1,多换,S,5022.0000,5020.8000,5020.4000,5019.4000,5019.0000,5022.4000,5022.6000,5023.0000,5023.6000,5024.2000,1,7,1,1,2,3,2,1,1,1
SF,IC2006,2019-12-30 09:33:51.700,5022.0000,35147,0,448810680.000,1,0,1,多换,S,5020.8000,5020.4000,5019.4000,5019.0000,5018.8000,5022.0000,5022.4000,5022.6000,5023.0000,5023.6000,7,1,1,2,1,2,3,1,1,1
SF,IC2006,2019-12-30 09:33:52.200,5022.0000,35147,0,448810680.000,0,-,-,-,-,5021.0000,5020.8000,5020.4000,5019.4000,5019.0000,5022.0000,5022.4000,5022.6000,5023.0000,5023.6000,1,7,1,1,2,2,3,1,1,1
SF,IC2006,2019-12-30 09:33:52.700,5022.0000,35147,0,448810680.000,0,-,-,-,-,5021.0000,5020.8000,5020.4000,5019.4000,5019.0000,5022.0000,5022.4000,5022.6000,5023.0000,5023.6000,1,7,1,1,2,2,2,1,1,1
SF,IC2006,2019-12-30 09:33:53.200,5022.0000,35148,1,449815080.000,1,1,0,双开,S,5021.0000,5020.8000,5020.4000,5019.4000,5019.0000,5022.0000,5022.4000,5022.6000,5023.0000,5023.6000,1,7,1,1,2,1,2,1,1,1
SF,IC2006,2019-12-30 09:33:53.700,5022.0000,35148,0,449815080.000,0,-,-,-,-,5022.0000,5021.2000,5021.0000,5020.8000,5020.4000,5022.6000,5023.0000,5023.6000,5024.2000,5024.6000,1,1,1,7,1,1,1,1,1,1
SF,IC2006,2019-12-30 09:33:54.700,5022.6000,35147,-1,450819600.000,1,0,1,双平,S,5022.0000,5021.2000,5021.0000,5020.8000,5020.4000,5023.0000,5023.6000,5024.2000,5024.6000,5025.0000,1,1,1,7,1,1,1,1,1,2
SF,IC2006,2019-12-30 09:33:55.200,5022.6000,35147,0,450819600.000,0,-,-,-,-,5022.2000,5022.0000,5021.2000,5021.0000,5020.8000,5023.0000,5023.2000,5023.6000,5024.2000,5024.6000,5,1,1,1,7,1,1,1,1,1
SF,IC2006,2019-12-30 09:33:55.700,5022.6000,35147,0,450819600.000,0,-,-,-,-,5022.4000,5022.2000,5022.0000,5021.2000,5021.0000,5023.0000,5023.2000,5023.6000,5024.2000,5024.6000,1,5,1,1,1,1,1,1,1,1
SF,IC2006,2019-12-30 09:33:56.200,5022.6000,35147,0,450819600.000,0,-,-,-,-,5022.4000,5022.2000,5022.0000,5021.2000,5021.0000,5023.0000,5023.2000,5023.6000,5024.2000,5024.6000,1,5,1,1,1,1,1,1,1,1
SF,IC2006,2019-12-30 09:33:56.700,5022.6000,35147,0,450819600.000,0,-,-,-,-,5022.4000,5022.2000,5022.0000,5021.2000,5021.0000,5023.0000,5023.2000,5023.6000,5024.2000,5024.6000,1,5,1,1,1,2,1,1,1,1
SF,IC2006,2019-12-30 09:33:57.200,5022.6000,35147,0,450819600.000,0,-,-,-,-,5022.4000,5022.2000,5022.0000,5021.2000,5021.0000,5023.0000,5023.2000,5023.6000,5024.2000,5024.6000,1,5,1,1,1,2,1,1,1,1
SF,IC2006,2019-12-30 09:33:57.700,5022.6000,35147,0,450819600.000,0,-,-,-,-,5022.4000,5022.2000,5022.0000,5021.0000,5020.8000,5023.0000,5023.2000,5023.6000,5024.2000,5024.6000,1,5,1,1,7,2,1,1,1,1
SF,IC2006,2019-12-30 09:33:58.700,5022.6000,35147,0,450819600.000,0,-,-,-,-,5022.4000,5022.2000,5022.0000,5021.0000,5020.8000,5023.0000,5023.2000,5023.6000,5024.2000,5024.6000,1,5,2,1,7,2,1,1,1,1
SF,IC2006,2019-12-30 09:33:59.200,5022.6000,35147,0,450819600.000,0,-,-,-,-,5022.4000,5022.2000,5022.0000,5021.2000,5021.0000,5023.0000,5023.2000,5023.6000,5024.2000,5024.6000,1,5,2,1,1,2,1,1,1,1
SF,IC2006,2019-12-30 09:34:00.200,5023.0000,35147,0,451824200.000,1,0,1,多换,S,5022.4000,5022.2000,5022.0000,5021.2000,5021.0000,5023.0000,5023.6000,5024.2000,5024.6000,5025.0000,1,5,2,1,1,1,1,1,1,2
SF,IC2006,2019-12-30 09:34:00.700,5023.0000,35147,0,451824200.000,0,-,-,-,-,5022.6000,5022.4000,5022.2000,5022.0000,5021.2000,5023.0000,5023.2000,5023.6000,5024.2000,5024.6000,1,1,5,2,1,1,1,1,1,1
SF,IC2006,2019-12-30 09:34:01.200,5022.6000,35145,-2,453833320.000,2,0,2,双平,S,5022.4000,5022.2000,5022.0000,5021.2000,5021.0000,5023.2000,5023.6000,5024.2000,5024.6000,5025.0000,1,5,2,1,1,1,1,1,1,2
SF,IC2006,2019-12-30 09:34:01.700,5022.6000,35145,0,453833320.000,0,-,-,-,-,5023.0000,5022.4000,5022.2000,5022.0000,5021.2000,5023.2000,5023.6000,5024.2000,5024.6000,5025.0000,2,1,5,2,1,1,1,1,1,2
SF,IC2006,2019-12-30 09:34:02.200,5023.2000,35144,-1,454837960.000,1,0,1,双平,S,5023.0000,5022.4000,5022.2000,5022.0000,5021.2000,5023.2000,5023.6000,5024.2000,5024.6000,5025.0000,2,1,5,2,1,1,2,1,1,2
SF,IC2006,2019-12-30 09:34:02.700,5023.2000,35144,0,454837960.000,0,-,-,-,-,5023.0000,5022.4000,5022.2000,5022.0000,5021.2000,5023.2000,5023.6000,5024.2000,5024.6000,5025.0000,3,1,5,2,1,1,2,1,1,2
SF,IC2006,2019-12-30 09:34:03.200,5023.2000,35144,0,454837960.000,0,-,-,-,-,5023.0000,5022.4000,5022.2000,5022.0000,5021.8000,5023.2000,5023.6000,5024.2000,5024.6000,5025.0000,4,1,5,2,1,1,2,1,1,2
SF,IC2006,2019-12-30 09:34:03.700,5023.2000,35143,-1,455842600.000,1,0,1,双平,S,5023.0000,5022.4000,5022.2000,5022.0000,5021.8000,5023.6000,5024.2000,5024.6000,5025.0000,5025.2000,4,1,5,2,1,2,1,1,2,1
SF,IC2006,2019-12-30 09:34:04.200,5023.2000,35143,0,455842600.000,0,-,-,-,-,5023.2000,5023.0000,5022.4000,5022.2000,5022.0000,5023.6000,5024.2000,5024.6000,5025.0000,5025.2000,1,4,1,5,2,2,1,1,2,1
SF,IC2006,2019-12-30 09:34:04.700,5023.2000,35143,0,455842600.000,0,-,-,-,-,5023.2000,5023.0000,5022.4000,5022.2000,5022.0000,5023.6000,5024.2000,5024.6000,5025.0000,5025.2000,2,4,1,5,2,2,1,1,2,1
SF,IC2006,2019-12-30 09:34:05.200,5023.2000,35143,0,457851880.000,2,1,1,多换,S,5023.0000,5022.4000,5022.2000,5022.0000,5021.8000,5023.6000,5024.2000,5024.6000,5025.0000,5025.2000,4,1,5,2,1,2,1,1,2,1
SF,IC2006,2019-12-30 09:34:06.200,5023.2000,35143,0,457851880.000,0,-,-,-,-,5023.2000,5023.0000,5022.4000,5022.2000,5022.0000,5023.6000,5024.2000,5024.6000,5025.0000,5025.2000,1,3,1,5,2,2,1,1,2,1
SF,IC2006,2019-12-30 09:34:06.700,5023.2000,35143,0,458856520.000,1,0,1,多换,S,5023.0000,5022.4000,5022.2000,5022.0000,5021.8000,5023.6000,5024.2000,5024.6000,5025.0000,5025.2000,3,1,5,3,1,2,1,1,2,1
SF,IC2006,2019-12-30 09:34:07.200,5023.6000,35143,0,459861240.000,1,0,1,多换,S,5023.2000,5023.0000,5022.4000,5022.2000,5022.0000,5023.6000,5024.2000,5024.6000,5025.0000,5025.2000,1,3,1,5,3,1,1,1,2,1
SF,IC2006,2019-12-30 09:34:07.700,5023.6000,35143,0,460865960.000,1,0,1,多换,S,5023.6000,5023.2000,5023.0000,5022.4000,5022.2000,5024.2000,5024.6000,5025.0000,5025.2000,5026.0000,2,1,3,1,5,1,1,2,1,1
SF,IC2006,2019-12-30 09:34:08.200,5023.6000,35141,-2,462875520.000,2,0,2,双平,S,5023.2000,5023.0000,5022.4000,5022.2000,5022.0000,5024.6000,5025.0000,5025.2000,5026.0000,5026.4000,1,3,1,5,3,1,2,1,1,1
SF,IC2006,2019-12-30 09:34:08.700,5023.6000,35141,0,462875520.000,0,-,-,-,-,5023.4000,5023.2000,5023.0000,5022.4000,5022.2000,5024.6000,5025.0000,5025.2000,5026.0000,5026.4000,1,1,3,1,5,2,2,1,1,1
SF,IC2006,2019-12-30 09:34:09.200,5023.6000,35141,0,462875520.000,0,-,-,-,-,5023.4000,5023.2000,5023.0000,5022.4000,5022.2000,5024.6000,5025.0000,5025.2000,5026.0000,5026.4000,1,1,3,1,5,2,2,1,1,1
SF,IC2006,2019-12-30 09:34:11.200,5023.6000,35141,0,462875520.000,0,-,-,-,-,5023.4000,5023.2000,5023.0000,5022.4000,5022.2000,5024.6000,5025.0000,5025.2000,5026.0000,5026.4000,1,1,3,1,5,2,2,1,1,1
SF,IC2006,2019-12-30 09:34:12.200,5023.6000,35141,0,462875520.000,0,-,-,-,-,5023.4000,5023.2000,5023.0000,5022.4000,5022.2000,5024.6000,5025.0000,5025.2000,5025.8000,5026.0000,1,1,2,1,5,2,2,1,1,1
SF,IC2006,2019-12-30 09:34:12.700,5023.6000,35141,0,462875520.000,0,-,-,-,-,5023.6000,5023.4000,5023.2000,5023.0000,5022.4000,5024.6000,5025.0000,5025.2000,5025.8000,5026.0000,2,1,1,2,1,2,2,1,1,1
SF,IC2006,2019-12-30 09:34:13.200,5024.6000,35142,1,463880440.000,1,1,0,双开,S,5023.6000,5023.4000,5023.2000,5023.0000,5022.4000,5024.6000,5025.0000,5025.2000,5025.8000,5026.0000,2,1,1,2,1,1,2,1,1,1
SF,IC2006,2019-12-30 09:34:13.700,5024.6000,35143,1,464885360.000,1,1,0,双开,S,5023.8000,5023.6000,5023.2000,5023.0000,5022.4000,5025.0000,5025.2000,5025.8000,5026.0000,5026.4000,1,2,2,2,1,2,1,1,1,1
SF,IC2006,2019-12-30 09:34:14.200,5024.6000,35143,0,464885360.000,0,-,-,-,-,5023.8000,5023.6000,5023.2000,5023.0000,5022.4000,5025.0000,5025.2000,5025.8000,5026.0000,5026.4000,1,2,2,2,1,2,1,1,1,1
SF,IC2006,2019-12-30 09:34:14.700,5025.0000,35141,-2,466895360.000,2,0,2,双平,S,5024.6000,5023.6000,5023.2000,5023.0000,5022.4000,5025.2000,5025.6000,5025.8000,5026.0000,5026.4000,2,2,2,2,1,1,1,1,1,1
SF,IC2006,2019-12-30 09:34:15.200,5025.2000,35141,0,467900400.000,1,0,1,多换,S,5024.6000,5023.6000,5023.2000,5023.0000,5022.4000,5025.6000,5025.8000,5026.0000,5026.4000,5028.6000,2,1,2,2,1,1,1,1,1,2
SF,IC2006,2019-12-30 09:34:15.700,5025.6000,35142,1,468905520.000,1,1,0,双开,S,5025.2000,5025.0000,5024.6000,5023.2000,5023.0000,5025.8000,5026.0000,5026.4000,5028.6000,5028.8000,1,1,2,2,2,1,1,1,2,1
SF,IC2006,2019-12-30 09:34:16.200,5025.2000,35142,0,469910560.000,1,0,1,多换,S,5024.6000,5023.2000,5023.0000,5022.4000,5022.2000,5025.8000,5026.0000,5026.4000,5028.6000,5028.8000,2,2,2,1,1,1,1,1,2,1
SF,IC2006,2019-12-30 09:34:16.700,5025.2000,35142,0,469910560.000,0,-,-,-,-,5025.6000,5024.8000,5024.6000,5023.2000,5023.0000,5025.8000,5026.0000,5026.4000,5028.6000,5028.8000,1,1,2,2,2,1,1,1,2,1
SF,IC2006,2019-12-30 09:34:17.200,5025.8000,35141,-1,470915720.000,1,0,1,双平,S,5025.6000,5024.8000,5024.6000,5023.2000,5023.0000,5026.0000,5026.4000,5026.6000,5028.6000,5028.8000,1,1,2,2,2,1,1,1,2,1
SF,IC2006,2019-12-30 09:34:18.700,5025.8000,35141,0,470915720.000,0,-,-,-,-,5025.6000,5024.8000,5024.6000,5023.2000,5023.0000,5026.0000,5026.4000,5026.6000,5028.6000,5028.8000,1,1,2,2,2,1,1,1,2,1
SF,IC2006,2019-12-30 09:34:19.200,5026.0000,35140,-1,472926040.000,2,0,2,多平,S,5026.0000,5025.6000,5024.8000,5024.6000,5023.2000,5026.4000,5026.6000,5028.6000,5028.8000,5031.8000,4,1,1,2,2,1,1,2,1,1
SF,IC2006,2019-12-30 09:34:19.700,5026.0000,35138,-2,476946840.000,4,1,3,多平,S,5025.6000,5024.6000,5023.6000,5023.2000,5023.0000,5026.0000,5026.2000,5026.4000,5026.6000,5028.6000,1,2,1,2,2,1,1,1,1,2
SF,IC2006,2019-12-30 09:34:20.200,5026.0000,35137,-1,477952040.000,1,0,1,双平,S,5026.0000,5025.6000,5024.6000,5023.6000,5023.2000,5026.2000,5026.4000,5026.6000,5028.6000,5028.8000,5,1,2,1,2,1,1,1,2,1
SF,IC2006,2019-12-30 09:34:20.700,5026.0000,35137,0,477952040.000,0,-,-,-,-,5026.0000,5025.6000,5024.6000,5023.2000,5023.0000,5026.4000,5026.6000,5028.6000,5028.8000,5031.8000,5,1,2,2,2,1,1,2,1,1
SF,IC2006,2019-12-30 09:34:21.200,5026.4000,35136,-1,478957320.000,1,0,1,双平,S,5026.4000,5026.2000,5026.0000,5025.6000,5024.6000,5026.6000,5028.6000,5028.8000,5031.8000,5034.4000,2,1,5,1,2,1,2,1,1,5
SF,IC2006,2019-12-30 09:34:21.700,5026.6000,35134,-2,481973160.000,3,0,3,多平,S,5026.0000,5025.6000,5024.6000,5023.2000,5023.0000,5028.6000,5028.8000,5031.8000,5034.4000,5035.0000,5,1,2,1,2,2,1,1,5,1
SF,IC2006,2019-12-30 09:34:22.200,5026.6000,35134,0,481973160.000,0,-,-,-,-,5026.0000,5025.6000,5024.6000,5023.2000,5023.0000,5027.2000,5028.2000,5028.4000,5028.6000,5028.8000,5,1,2,1,2,1,3,3,2,1
SF,IC2006,2019-12-30 09:34:22.700,5026.6000,35134,0,481973160.000,0,-,-,-,-,5026.0000,5025.6000,5024.6000,5023.2000,5023.0000,5026.8000,5027.0000,5027.6000,5028.4000,5028.6000,5,2,2,1,2,3,1,1,1,2
SF,IC2006,2019-12-30 09:34:23.200,5026.6000,35134,0,481973160.000,0,-,-,-,-,5026.2000,5026.0000,5025.6000,5024.6000,5023.2000,5026.8000,5027.6000,5028.4000,5028.6000,5028.8000,1,5,2,2,1,1,1,1,2,1
SF,IC2006,2019-12-30 09:34:23.700,5026.2000,35133,-1,482978400.000,1,0,1,双平,S,5026.0000,5025.6000,5024.6000,5023.2000,5023.0000,5026.2000,5027.6000,5028.6000,5028.8000,5031.8000,5,2,2,1,2,1,1,2,1,1
SF,IC2006,2019-12-30 09:34:24.200,5026.2000,35132,-1,483983640.000,1,0,1,双平,S,5026.4000,5026.0000,5025.6000,5024.6000,5023.2000,5027.6000,5028.6000,5028.8000,5031.8000,5034.4000,1,7,2,2,1,1,2,1,1,5
SF,IC2006,2019-12-30 09:34:24.700,5026.2000,35132,0,483983640.000,0,-,-,-,-,5027.2000,5026.6000,5026.4000,5026.0000,5025.6000,5027.6000,5028.6000,5028.8000,5031.8000,5034.4000,1,1,1,6,2,1,2,1,1,5
SF,IC2006,2019-12-30 09:34:25.700,5026.2000,35132,0,483983640.000,0,-,-,-,-,5027.2000,5026.6000,5026.0000,5025.6000,5024.6000,5027.6000,5028.6000,5028.8000,5034.4000,5035.0000,1,1,6,2,2,1,2,1,5,1
SF,IC2006,2019-12-30 09:34:26.200,5027.6000,35132,0,484989160.000,1,0,1,多换,S,5027.2000,5026.6000,5026.0000,5025.6000,5024.6000,5028.6000,5028.8000,5034.4000,5035.0000,5038.0000,1,1,6,2,2,2,1,5,1,1
SF,IC2006,2019-12-30 09:34:26.700,5027.6000,35132,0,484989160.000,0,-,-,-,-,5027.4000,5027.2000,5026.6000,5026.0000,5025.6000,5028.6000,5028.8000,5034.4000,5035.0000,5038.0000,1,1,1,6,2,3,1,5,1,1
SF,IC2006,2019-12-30 09:34:27.200,5027.6000,35132,0,484989160.000,0,-,-,-,-,5027.6000,5027.2000,5026.6000,5026.0000,5025.6000,5028.4000,5028.6000,5028.8000,5034.4000,5035.0000,1,1,1,6,2,2,3,1,5,1
SF,IC2006,2019-12-30 09:34:28.200,5027.6000,35132,0,484989160.000,0,-,-,-,-,5027.6000,5027.2000,5026.6000,5026.0000,5025.6000,5028.4000,5028.6000,5028.8000,5034.4000,5035.0000,1,1,1,7,2,2,3,1,5,1
SF,IC2006,2019-12-30 09:34:28.700,5027.6000,35132,0,484989160.000,0,-,-,-,-,5027.6000,5027.2000,5026.6000,5026.0000,5025.6000,5028.4000,5028.6000,5028.8000,5034.4000,5035.0000,1,1,1,7,2,1,3,1,5,1
SF,IC2006,2019-12-30 09:34:29.200,5028.4000,35130,-2,487000520.000,2,0,2,双平,S,5027.6000,5027.2000,5026.6000,5026.0000,5025.6000,5028.6000,5028.8000,5034.4000,5035.0000,5038.0000,1,1,1,7,2,3,1,5,1,1
SF,IC2006,2019-12-30 09:34:29.700,5028.4000,35130,0,487000520.000,0,-,-,-,-,5027.8000,5027.6000,5027.2000,5026.6000,5026.0000,5028.6000,5028.8000,5034.4000,5035.0000,5038.0000,1,1,1,1,2,3,1,5,1,1
SF,IC2006,2019-12-30 09:34:30.200,5028.6000,35129,-1,488006240.000,1,0,1,双平,S,5028.4000,5027.6000,5027.2000,5026.6000,5026.0000,5028.6000,5028.8000,5034.4000,5038.0000,5039.4000,1,1,1,1,2,2,1,5,1,6
SF,IC2006,2019-12-30 09:34:30.700,5028.6000,35128,-1,490017680.000,2,0,2,多平,S,5028.4000,5027.6000,5027.2000,5026.6000,5026.0000,5028.8000,5034.4000,5038.0000,5039.4000,5040.0000,1,1,1,1,2,1,5,1,6,9
SF,IC2006,2019-12-30 09:34:31.200,5028.6000,35128,0,490017680.000,0,-,-,-,-,5028.6000,5028.4000,5027.6000,5027.2000,5026.6000,5028.8000,5029.6000,5034.4000,5038.0000,5039.4000,1,1,1,1,1,1,1,5,1,6
SF,IC2006,2019-12-30 09:34:31.700,5028.6000,35128,0,491023400.000,1,0,1,多换,S,5028.4000,5027.6000,5027.2000,5026.6000,5026.0000,5028.6000,5028.8000,5029.6000,5034.4000,5038.0000,1,1,1,1,2,1,1,1,5,1
SF,IC2006,2019-12-30 09:34:32.200,5028.6000,35128,0,492029120.000,1,0,1,多换,S,5028.6000,5028.4000,5027.6000,5026.6000,5026.0000,5028.8000,5029.6000,5034.4000,5038.0000,5039.4000,4,1,1,1,2,1,1,5,1,6
SF,IC2006,2019-12-30 09:34:32.700,5028.6000,35128,0,492029120.000,0,-,-,-,-,5028.6000,5028.4000,5027.6000,5026.6000,5026.0000,5028.8000,5029.6000,5034.4000,5038.0000,5039.4000,3,1,1,1,2,1,1,5,1,6
SF,IC2006,2019-12-30 09:34:33.200,5028.8000,35127,-1,493034880.000,1,0,1,双平,S,5028.6000,5028.4000,5027.6000,5026.6000,5026.0000,5029.6000,5038.0000,5039.4000,5040.0000,5040.2000,3,1,1,1,1,1,1,6,9,5
SF,IC2006,2019-12-30 09:34:33.700,5028.8000,35127,0,493034880.000,0,-,-,-,-,5028.6000,5028.4000,5027.6000,5026.6000,5026.0000,5029.6000,5038.0000,5039.4000,5040.0000,5040.2000,3,1,1,1,1,1,1,6,9,5
SF,IC2006,2019-12-30 09:34:34.200,5029.4000,35127,0,494040760.000,1,0,1,多换,S,5028.8000,5028.6000,5027.6000,5026.6000,5026.0000,5029.6000,5038.0000,5039.4000,5040.0000,5040.2000,1,3,1,1,1,1,1,6,9,5
SF,IC2006,2019-12-30 09:34:34.700,5029.6000,35126,-1,497058160.000,3,1,2,多平,S,5029.6000,5028.6000,5027.6000,5026.6000,5026.0000,5038.0000,5039.4000,5040.0000,5040.2000,5045.0000,1,2,1,1,1,1,6,9,5,2
SF,IC2006,2019-12-30 09:34:35.200,5029.6000,35125,-1,498064080.000,1,0,1,双平,S,5029.8000,5029.6000,5028.6000,5027.6000,5026.6000,5030.6000,5033.6000,5034.0000,5034.6000,5035.2000,1,5,2,1,1,1,3,1,1,1
