市场代码,合约代码,时间,最新,持仓,增仓,成交额,成交量,开仓,平仓,成交类型,方向,买一价,买二价,买三价,买四价,买五价,卖一价,卖二价,卖三价,卖四价,卖五价,买一量,买二量,买三量,买四量,买五量,卖一量,卖二量,卖三量,卖四量,卖五量
SF,IC2002,2020-01-02 09:29:00.100,5288.2000,3307,0,2115280.000,2.000,-,-,-,-,5288.0000,5281.0000,5280.2000,5276.0000,5266.6000,5290.8000,5296.6000,5297.2000,5297.8000,5298.0000,1,1,1,5,3,1,2,2,2,3
SF,IC2002,2020-01-02 09:30:00.100,5288.8000,3306,-1,4230640.000,2,0,2,多平,S,5281.0000,5280.2000,5276.0000,5266.6000,5262.0000,5289.6000,5290.0000,5290.4000,5290.8000,5296.6000,1,1,5,3,1,1,1,1,1,2
SF,IC2002,2020-01-02 09:30:00.600,5288.8000,3306,0,4230640.000,0,-,-,-,-,5281.2000,5281.0000,5280.2000,5266.6000,5262.0000,5289.2000,5289.4000,5289.6000,5290.0000,5290.8000,1,1,1,3,1,2,2,1,1,1
SF,IC2002,2020-01-02 09:30:01.100,5288.8000,3306,0,4230640.000,0,-,-,-,-,5284.4000,5283.8000,5281.6000,5281.2000,5281.0000,5290.8000,5296.6000,5297.2000,5297.8000,5298.0000,1,1,1,1,1,1,2,2,2,3
SF,IC2002,2020-01-02 09:30:01.600,5288.8000,3306,0,4230640.000,0,-,-,-,-,5284.4000,5281.2000,5281.0000,5278.0000,5266.6000,5289.6000,5290.0000,5290.6000,5290.8000,5295.4000,1,1,1,5,3,1,1,3,1,5
SF,IC2002,2020-01-02 09:30:02.100,5289.2000,3305,-1,5288480.000,1,0,1,双平,S,5281.2000,5281.0000,5278.0000,5266.6000,5262.0000,5289.4000,5289.6000,5290.0000,5290.6000,5290.8000,1,1,5,3,1,3,1,1,3,1
SF,IC2002,2020-01-02 09:30:02.600,5289.2000,3305,0,5288480.000,0,-,-,-,-,5284.4000,5281.4000,5281.2000,5281.0000,5278.0000,5289.0000,5290.6000,5290.8000,5295.4000,5296.6000,1,1,1,1,5,1,3,1,5,2
SF,IC2002,2020-01-02 09:30:03.100,5289.2000,3305,0,6346320.000,1,0,1,多换,S,5284.6000,5281.2000,5281.0000,5278.0000,5266.6000,5290.6000,5290.8000,5295.4000,5296.6000,5297.2000,1,1,1,5,3,3,1,5,2,2
SF,IC2002,2020-01-02 09:30:03.600,5289.2000,3305,0,6346320.000,0,-,-,-,-,5284.6000,5281.2000,5281.0000,5278.0000,5266.6000,5289.6000,5290.0000,5290.2000,5290.4000,5290.6000,2,1,1,5,3,1,1,2,3,3
SF,IC2002,2020-01-02 09:30:04.100,5289.2000,3305,0,6346320.000,0,-,-,-,-,5284.6000,5281.2000,5281.0000,5278.0000,5266.6000,5289.2000,5290.8000,5295.0000,5296.6000,5297.2000,2,1,1,5,3,1,1,2,2,2
SF,IC2002,2020-01-02 09:30:04.600,5289.2000,3305,0,6346320.000,0,-,-,-,-,5285.0000,5284.8000,5284.6000,5284.4000,5281.2000,5290.8000,5295.0000,5296.6000,5297.2000,5297.8000,1,2,2,1,1,1,2,2,2,2
SF,IC2002,2020-01-02 09:30:05.100,5289.2000,3305,0,6346320.000,0,-,-,-,-,5285.2000,5285.0000,5284.8000,5284.6000,5284.4000,5290.8000,5295.0000,5296.6000,5297.2000,5297.8000,4,1,2,1,1,1,2,2,2,2
SF,IC2002,2020-01-02 09:30:05.600,5289.2000,3305,0,6346320.000,0,-,-,-,-,5288.8000,5285.2000,5285.0000,5284.8000,5284.6000,5290.8000,5295.0000,5296.6000,5297.2000,5297.8000,1,4,1,2,1,1,2,2,2,2
SF,IC2002,2020-01-02 09:30:06.100,5289.2000,3305,0,6346320.000,0,-,-,-,-,5289.0000,5288.8000,5285.2000,5285.0000,5284.8000,5290.8000,5295.0000,5296.6000,5297.2000,5297.8000,1,1,2,1,2,1,2,2,2,2
SF,IC2002,2020-01-02 09:30:07.100,5290.8000,3305,0,8462280.000,2,1,1,多换,S,5285.2000,5285.0000,5284.8000,5284.6000,5281.2000,5295.0000,5296.6000,5297.2000,5297.8000,5298.0000,2,1,2,1,1,2,2,2,2,3
SF,IC2002,2020-01-02 09:30:07.600,5290.8000,3305,0,8462280.000,0,-,-,-,-,5285.2000,5285.0000,5284.8000,5284.6000,5281.2000,5292.2000,5293.0000,5294.6000,5294.8000,5295.0000,2,1,2,1,1,1,1,2,2,3
SF,IC2002,2020-01-02 09:30:08.100,5285.2000,3305,0,9519320.000,1,0,1,多换,S,5285.0000,5284.8000,5284.6000,5281.2000,5281.0000,5292.0000,5292.2000,5293.0000,5294.6000,5294.8000,1,2,1,1,1,3,1,1,2,2
SF,IC2002,2020-01-02 09:30:08.600,5285.2000,3305,0,9519320.000,0,-,-,-,-,5285.4000,5285.2000,5285.0000,5284.8000,5284.6000,5291.6000,5292.0000,5292.2000,5293.0000,5294.6000,1,1,1,2,1,1,3,1,1,2
SF,IC2002,2020-01-02 09:30:09.100,5285.2000,3305,0,9519320.000,0,-,-,-,-,5285.6000,5285.4000,5285.2000,5284.8000,5284.6000,5291.4000,5291.6000,5292.0000,5292.2000,5293.0000,1,1,1,2,1,2,1,3,1,1
SF,IC2002,2020-01-02 09:30:09.600,5291.4000,3305,0,11635880.000,2,1,1,多换,S,5285.6000,5285.4000,5285.2000,5284.8000,5284.6000,5291.6000,5292.0000,5292.2000,5293.0000,5294.6000,1,1,1,2,1,1,3,1,1,2
SF,IC2002,2020-01-02 09:30:10.100,5291.4000,3305,0,11635880.000,0,-,-,-,-,5289.6000,5285.8000,5285.6000,5285.4000,5285.2000,5291.4000,5291.6000,5292.0000,5292.2000,5293.0000,1,1,1,1,1,1,1,3,1,1
SF,IC2002,2020-01-02 09:30:10.600,5289.6000,3303,-2,13751720.000,2,0,2,双平,S,5285.8000,5285.6000,5285.4000,5285.2000,5284.8000,5291.4000,5292.0000,5292.2000,5293.0000,5294.6000,1,1,1,1,2,1,3,1,1,2
SF,IC2002,2020-01-02 09:30:11.100,5289.6000,3303,0,13751720.000,0,-,-,-,-,5289.6000,5286.0000,5285.8000,5285.6000,5285.4000,5292.2000,5294.6000,5294.8000,5295.0000,5296.6000,1,3,1,1,1,1,1,1,3,2
SF,IC2002,2020-01-02 09:30:11.600,5289.6000,3303,0,13751720.000,0,-,-,-,-,5289.8000,5289.6000,5286.0000,5285.8000,5285.6000,5292.2000,5294.6000,5294.8000,5295.0000,5296.6000,1,1,3,1,1,1,1,1,3,2
SF,IC2002,2020-01-02 09:30:14.100,5289.6000,3303,0,13751720.000,0,-,-,-,-,5290.0000,5289.8000,5289.6000,5286.0000,5285.8000,5292.2000,5294.6000,5294.8000,5295.0000,5296.6000,2,1,1,3,1,1,1,1,3,2
SF,IC2002,2020-01-02 09:30:14.600,5289.6000,3303,0,13751720.000,0,-,-,-,-,5290.2000,5289.8000,5289.6000,5286.0000,5285.6000,5292.2000,5294.6000,5294.8000,5295.0000,5296.6000,1,1,1,3,1,1,1,1,3,2
SF,IC2002,2020-01-02 09:30:15.100,5290.0000,3303,0,14809720.000,1,0,1,多换,S,5290.2000,5289.8000,5289.6000,5286.0000,5285.6000,5292.2000,5294.8000,5295.0000,5296.6000,5297.2000,1,1,1,3,1,1,1,2,2,2
SF,IC2002,2020-01-02 09:30:15.600,5292.2000,3304,1,15868160.000,1,1,0,双开,S,5290.4000,5290.2000,5289.8000,5289.6000,5286.0000,5294.8000,5295.0000,5296.6000,5297.2000,5297.8000,2,1,1,1,3,1,2,2,2,2
SF,IC2002,2020-01-02 09:30:16.100,5292.2000,3304,0,15868160.000,0,-,-,-,-,5290.6000,5290.2000,5289.6000,5286.0000,5285.6000,5294.6000,5294.8000,5295.0000,5296.6000,5297.2000,1,1,1,3,1,3,1,2,2,2
SF,IC2002,2020-01-02 09:30:16.600,5292.2000,3304,0,15868160.000,0,-,-,-,-,5290.6000,5290.2000,5289.6000,5286.0000,5285.6000,5294.6000,5294.8000,5295.0000,5296.6000,5297.2000,1,1,1,3,1,3,1,2,2,2
SF,IC2002,2020-01-02 09:30:17.100,5292.2000,3304,0,15868160.000,0,-,-,-,-,5290.6000,5290.2000,5289.6000,5286.0000,5285.6000,5294.6000,5294.8000,5295.0000,5296.6000,5297.2000,1,1,1,3,1,3,1,2,2,2
SF,IC2002,2020-01-02 09:30:18.100,5292.2000,3304,0,15868160.000,0,-,-,-,-,5290.6000,5290.2000,5289.6000,5286.0000,5285.6000,5294.6000,5294.8000,5295.0000,5296.6000,5297.2000,1,1,1,3,1,3,1,2,2,2
SF,IC2002,2020-01-02 09:30:18.600,5292.2000,3304,0,15868160.000,0,-,-,-,-,5290.6000,5290.2000,5289.6000,5286.0000,5285.6000,5294.6000,5294.8000,5295.0000,5296.6000,5297.2000,1,1,1,3,1,3,1,2,2,2
SF,IC2002,2020-01-02 09:30:19.100,5292.2000,3304,0,15868160.000,0,-,-,-,-,5290.6000,5290.2000,5289.6000,5286.0000,5285.6000,5294.2000,5294.4000,5294.6000,5294.8000,5295.0000,1,1,1,3,1,1,1,3,1,2
SF,IC2002,2020-01-02 09:30:19.600,5294.0000,3304,0,16926960.000,1,0,1,多换,S,5290.2000,5289.6000,5286.0000,5285.6000,5285.2000,5294.0000,5294.4000,5294.6000,5294.8000,5295.0000,1,1,3,1,1,3,1,3,1,2
SF,IC2002,2020-01-02 09:30:20.600,5294.0000,3304,0,16926960.000,0,-,-,-,-,5289.6000,5286.0000,5285.6000,5285.2000,5284.8000,5293.0000,5293.6000,5293.8000,5294.0000,5294.4000,1,3,1,1,2,1,1,1,3,1
SF,IC2002,2020-01-02 09:30:21.100,5294.0000,3304,0,16926960.000,0,-,-,-,-,5290.0000,5289.6000,5286.0000,5285.6000,5285.2000,5292.6000,5292.8000,5293.0000,5293.6000,5293.8000,3,1,3,1,1,1,3,1,1,1
SF,IC2002,2020-01-02 09:30:21.600,5290.0000,3304,0,19042960.000,2,1,1,多换,S,5290.0000,5289.6000,5286.0000,5285.6000,5285.2000,5292.4000,5292.6000,5292.8000,5293.0000,5293.6000,1,1,3,1,1,2,1,3,1,1
SF,IC2002,2020-01-02 09:30:22.100,5292.4000,3304,0,21159440.000,2,1,1,多换,S,5289.6000,5286.0000,5285.6000,5285.2000,5284.8000,5292.4000,5292.6000,5292.8000,5293.0000,5293.6000,1,3,1,1,2,2,1,3,1,1
SF,IC2002,2020-01-02 09:30:22.600,5292.4000,3304,0,21159440.000,0,-,-,-,-,5289.8000,5289.6000,5286.0000,5285.6000,5285.2000,5292.2000,5292.4000,5292.8000,5293.0000,5293.6000,1,1,3,1,1,1,2,3,1,1
SF,IC2002,2020-01-02 09:30:23.100,5289.8000,3303,-1,22217400.000,1,0,1,双平,S,5286.0000,5285.6000,5285.2000,5284.8000,5284.6000,5292.2000,5292.4000,5292.8000,5293.0000,5293.6000,3,1,1,2,1,1,1,3,1,1
SF,IC2002,2020-01-02 09:30:23.600,5289.8000,3303,0,22217400.000,0,-,-,-,-,5289.6000,5288.8000,5286.2000,5286.0000,5285.6000,5292.2000,5292.4000,5292.8000,5293.0000,5293.6000,1,1,4,3,1,1,1,3,1,1
SF,IC2002,2020-01-02 09:30:24.100,5289.8000,3303,0,22217400.000,0,-,-,-,-,5289.6000,5288.8000,5286.2000,5286.0000,5285.6000,5292.2000,5292.4000,5292.8000,5293.0000,5293.6000,1,1,3,3,1,1,1,3,1,1
SF,IC2002,2020-01-02 09:30:24.600,5289.8000,3303,0,22217400.000,0,-,-,-,-,5289.6000,5288.8000,5286.2000,5286.0000,5285.6000,5292.4000,5292.8000,5293.0000,5293.6000,5294.0000,1,1,3,3,1,1,3,1,1,3
SF,IC2002,2020-01-02 09:30:25.100,5289.8000,3303,0,22217400.000,0,-,-,-,-,5289.6000,5288.8000,5286.2000,5286.0000,5285.6000,5292.2000,5292.4000,5292.8000,5293.0000,5293.6000,1,1,3,3,1,1,1,3,1,1
SF,IC2002,2020-01-02 09:30:25.600,5289.8000,3303,0,22217400.000,0,-,-,-,-,5289.6000,5286.2000,5286.0000,5285.6000,5285.2000,5292.0000,5292.2000,5292.4000,5292.8000,5293.0000,1,3,3,1,1,3,1,1,3,1
SF,IC2002,2020-01-02 09:30:26.100,5289.8000,3303,0,22217400.000,0,-,-,-,-,5289.6000,5286.2000,5286.0000,5285.6000,5285.2000,5291.8000,5292.0000,5292.2000,5292.4000,5292.8000,1,3,3,1,1,1,3,1,1,3
SF,IC2002,2020-01-02 09:30:26.600,5289.8000,3303,0,22217400.000,0,-,-,-,-,5286.2000,5286.0000,5285.6000,5285.2000,5284.8000,5291.8000,5292.0000,5292.4000,5292.8000,5293.0000,3,3,1,1,2,1,3,1,3,1
SF,IC2002,2020-01-02 09:30:27.100,5289.8000,3303,0,22217400.000,0,-,-,-,-,5289.6000,5288.8000,5286.4000,5286.2000,5286.0000,5292.0000,5292.4000,5292.8000,5293.0000,5293.6000,1,1,1,3,3,3,1,3,1,1
SF,IC2002,2020-01-02 09:30:27.600,5289.8000,3303,0,22217400.000,0,-,-,-,-,5289.6000,5288.8000,5286.2000,5286.0000,5285.6000,5291.8000,5292.4000,5292.8000,5293.0000,5293.6000,1,1,3,3,1,1,1,3,1,1
SF,IC2002,2020-01-02 09:30:28.100,5289.8000,3303,0,22217400.000,0,-,-,-,-,5289.6000,5288.8000,5286.2000,5286.0000,5285.6000,5291.8000,5292.4000,5292.8000,5293.0000,5293.6000,1,1,3,3,1,1,1,3,1,1
SF,IC2002,2020-01-02 09:30:28.600,5289.8000,3303,0,22217400.000,0,-,-,-,-,5290.0000,5288.8000,5286.2000,5286.0000,5285.6000,5291.8000,5292.4000,5292.8000,5293.0000,5293.6000,3,1,3,3,1,1,1,3,1,1
SF,IC2002,2020-01-02 09:30:29.100,5289.8000,3303,0,22217400.000,0,-,-,-,-,5290.0000,5288.8000,5286.2000,5286.0000,5285.6000,5291.8000,5292.4000,5292.8000,5293.0000,5293.6000,3,1,3,3,1,1,1,3,1,1
SF,IC2002,2020-01-02 09:30:29.600,5289.8000,3303,0,23275360.000,1,0,1,多换,S,5290.0000,5286.2000,5286.0000,5285.6000,5285.2000,5291.6000,5292.4000,5292.8000,5293.0000,5293.6000,2,3,3,1,1,3,1,3,1,1
SF,IC2002,2020-01-02 09:30:30.100,5290.0000,3303,0,25391360.000,2,1,1,多换,S,5286.2000,5286.0000,5285.6000,5285.2000,5284.8000,5291.2000,5291.4000,5291.6000,5292.4000,5292.8000,3,3,1,1,2,1,1,3,1,3
SF,IC2002,2020-01-02 09:30:30.600,5290.0000,3303,0,25391360.000,0,-,-,-,-,5286.2000,5286.0000,5285.6000,5285.2000,5284.8000,5291.0000,5291.4000,5291.6000,5292.4000,5292.8000,3,3,1,1,2,1,1,3,1,3
SF,IC2002,2020-01-02 09:30:31.100,5290.0000,3303,0,25391360.000,0,-,-,-,-,5286.2000,5286.0000,5285.6000,5285.2000,5284.8000,5291.0000,5291.6000,5292.4000,5292.8000,5293.0000,3,3,1,1,2,1,3,1,3,1
SF,IC2002,2020-01-02 09:30:31.600,5290.0000,3303,0,25391360.000,0,-,-,-,-,5289.6000,5286.2000,5286.0000,5285.6000,5285.2000,5291.6000,5292.4000,5292.8000,5293.0000,5293.6000,1,3,3,1,1,3,1,3,1,1
SF,IC2002,2020-01-02 09:30:32.100,5290.0000,3303,0,25391360.000,0,-,-,-,-,5286.2000,5286.0000,5285.6000,5285.2000,5284.8000,5291.6000,5292.4000,5292.8000,5293.0000,5293.6000,3,3,1,1,2,3,1,3,1,1
SF,IC2002,2020-01-02 09:30:32.600,5290.0000,3303,0,25391360.000,0,-,-,-,-,5286.4000,5286.2000,5286.0000,5285.6000,5285.2000,5292.4000,5292.8000,5293.0000,5293.6000,5294.0000,1,3,3,1,1,1,3,1,1,3
SF,IC2002,2020-01-02 09:30:33.100,5290.0000,3303,0,25391360.000,0,-,-,-,-,5289.6000,5288.8000,5287.2000,5287.0000,5286.6000,5292.2000,5292.4000,5292.8000,5293.0000,5293.6000,1,1,1,1,2,3,1,3,1,1
SF,IC2002,2020-01-02 09:30:33.600,5290.0000,3303,0,25391360.000,0,-,-,-,-,5289.6000,5288.8000,5287.2000,5287.0000,5286.6000,5292.0000,5292.4000,5292.8000,5293.0000,5293.6000,2,1,1,1,2,1,1,3,1,1
SF,IC2002,2020-01-02 09:30:34.100,5290.0000,3303,0,25391360.000,0,-,-,-,-,5289.6000,5288.8000,5287.2000,5286.6000,5286.2000,5292.0000,5292.4000,5292.8000,5293.0000,5293.6000,2,1,1,2,3,1,1,3,1,1
SF,IC2002,2020-01-02 09:30:34.600,5290.0000,3303,0,25391360.000,0,-,-,-,-,5289.6000,5287.2000,5286.6000,5286.2000,5286.0000,5291.8000,5292.0000,5292.4000,5292.8000,5293.0000,2,1,2,3,3,2,1,1,3,1
SF,IC2002,2020-01-02 09:30:35.100,5291.6000,3302,-1,26449680.000,1,0,1,双平,S,5289.6000,5287.2000,5286.6000,5286.2000,5286.0000,5291.6000,5292.0000,5292.4000,5292.8000,5293.0000,1,1,2,3,3,1,1,1,3,1
SF,IC2002,2020-01-02 09:30:35.600,5291.6000,3302,0,26449680.000,0,-,-,-,-,5289.6000,5286.6000,5286.2000,5286.0000,5285.6000,5291.6000,5292.4000,5292.8000,5293.0000,5293.6000,1,2,3,3,1,1,1,3,1,1
SF,IC2002,2020-01-02 09:30:36.100,5291.6000,3302,0,26449680.000,0,-,-,-,-,5289.6000,5286.6000,5286.2000,5286.0000,5285.6000,5291.4000,5292.4000,5292.8000,5293.0000,5293.6000,1,2,3,3,1,1,1,3,1,1
SF,IC2002,2020-01-02 09:30:36.600,5291.6000,3302,0,26449680.000,0,-,-,-,-,5289.6000,5286.6000,5286.2000,5286.0000,5285.6000,5291.2000,5291.4000,5292.4000,5292.8000,5293.0000,1,2,3,3,1,1,1,1,3,1
SF,IC2002,2020-01-02 09:30:37.100,5291.6000,3302,0,26449680.000,0,-,-,-,-,5289.6000,5286.6000,5286.2000,5286.0000,5285.6000,5291.0000,5291.2000,5291.4000,5292.4000,5292.8000,1,2,3,3,1,1,1,1,1,3
SF,IC2002,2020-01-02 09:30:37.600,5290.8000,3297,-5,31740240.000,5,0,5,双平,S,5291.0000,5286.6000,5286.2000,5286.0000,5285.6000,5291.2000,5291.4000,5292.0000,5292.4000,5292.8000,12,2,3,3,1,1,1,2,1,3
SF,IC2002,2020-01-02 09:30:38.100,5291.0000,3289,-8,40205840.000,8,0,8,双平,S,5291.0000,5286.6000,5286.2000,5286.0000,5285.6000,5291.4000,5292.0000,5292.4000,5292.8000,5293.0000,4,2,3,3,1,1,2,1,3,1
SF,IC2002,2020-01-02 09:30:38.600,5291.0000,3285,-4,44438640.000,4,0,4,双平,S,5286.6000,5286.2000,5286.0000,5285.6000,5285.2000,5290.4000,5291.0000,5292.0000,5292.4000,5293.0000,2,3,3,1,1,1,1,2,1,1
SF,IC2002,2020-01-02 09:30:39.100,5291.0000,3285,0,44438640.000,0,-,-,-,-,5286.2000,5286.0000,5285.6000,5285.2000,5284.8000,5289.6000,5290.4000,5292.0000,5292.4000,5293.0000,3,3,1,1,2,1,1,2,1,1
SF,IC2002,2020-01-02 09:30:39.600,5291.0000,3285,0,44438640.000,0,-,-,-,-,5286.0000,5285.6000,5285.2000,5284.8000,5281.2000,5289.4000,5289.6000,5292.0000,5292.4000,5293.0000,3,1,1,2,1,1,1,2,1,1
SF,IC2002,2020-01-02 09:30:40.100,5291.0000,3285,0,44438640.000,0,-,-,-,-,5286.2000,5286.0000,5285.6000,5285.2000,5284.8000,5289.4000,5292.0000,5292.4000,5293.0000,5293.6000,3,3,1,1,2,1,2,1,1,1
SF,IC2002,2020-01-02 09:30:40.600,5291.0000,3285,0,44438640.000,0,-,-,-,-,5286.4000,5286.2000,5286.0000,5285.6000,5285.2000,5289.4000,5292.0000,5292.4000,5293.0000,5293.6000,1,3,3,1,1,1,2,1,1,1
SF,IC2002,2020-01-02 09:30:41.100,5291.0000,3285,0,44438640.000,0,-,-,-,-,5286.6000,5286.4000,5286.2000,5286.0000,5285.6000,5289.4000,5291.0000,5292.0000,5292.4000,5293.0000,1,1,3,3,1,1,1,2,1,1
SF,IC2002,2020-01-02 09:30:41.600,5291.0000,3285,0,44438640.000,0,-,-,-,-,5286.8000,5286.2000,5286.0000,5285.6000,5285.2000,5289.4000,5291.0000,5292.0000,5292.4000,5293.0000,1,3,3,1,1,1,1,2,1,1
SF,IC2002,2020-01-02 09:30:42.100,5291.0000,3285,0,44438640.000,0,-,-,-,-,5286.8000,5286.2000,5286.0000,5285.6000,5285.2000,5289.4000,5291.0000,5292.0000,5292.4000,5293.0000,1,3,3,1,1,1,1,2,1,1
SF,IC2002,2020-01-02 09:30:42.600,5291.0000,3285,0,44438640.000,0,-,-,-,-,5286.8000,5286.2000,5286.0000,5285.6000,5285.2000,5289.4000,5291.0000,5292.0000,5292.4000,5293.0000,1,3,3,1,1,1,1,2,1,1
SF,IC2002,2020-01-02 09:30:43.100,5289.4000,3284,-1,45496520.000,1,0,1,双平,S,5287.2000,5287.0000,5286.8000,5286.2000,5286.0000,5291.0000,5292.0000,5292.4000,5293.0000,5293.6000,1,3,1,3,3,1,2,1,1,1
SF,IC2002,2020-01-02 09:30:43.600,5289.4000,3284,0,45496520.000,0,-,-,-,-,5288.0000,5287.4000,5287.2000,5287.0000,5286.2000,5291.0000,5292.0000,5292.4000,5293.0000,5293.6000,1,1,1,3,3,1,2,1,1,1
SF,IC2002,2020-01-02 09:30:44.100,5289.4000,3284,0,45496520.000,0,-,-,-,-,5288.2000,5288.0000,5287.2000,5287.0000,5286.2000,5291.0000,5292.0000,5292.4000,5293.0000,5293.6000,1,1,1,3,3,1,2,1,1,1
SF,IC2002,2020-01-02 09:30:44.600,5289.4000,3284,0,45496520.000,0,-,-,-,-,5288.2000,5288.0000,5287.0000,5286.2000,5286.0000,5291.0000,5292.0000,5292.4000,5293.0000,5293.6000,1,1,3,3,3,1,2,1,1,1
SF,IC2002,2020-01-02 09:30:45.600,5291.0000,3284,0,46554720.000,1,0,1,多换,S,5288.2000,5288.0000,5287.0000,5286.2000,5286.0000,5292.0000,5292.4000,5293.0000,5293.6000,5296.6000,1,1,3,3,3,2,1,1,1,2
SF,IC2002,2020-01-02 09:30:46.100,5291.0000,3284,0,46554720.000,0,-,-,-,-,5288.2000,5288.0000,5286.2000,5286.0000,5285.6000,5291.6000,5291.8000,5292.0000,5292.4000,5293.0000,1,1,3,3,1,2,1,2,1,1
SF,IC2002,2020-01-02 09:30:46.600,5291.0000,3284,0,46554720.000,0,-,-,-,-,5291.0000,5288.2000,5288.0000,5286.2000,5286.0000,5291.6000,5291.8000,5292.0000,5292.4000,5293.0000,1,1,1,3,3,2,1,2,1,1
SF,IC2002,2020-01-02 09:30:47.100,5291.0000,3284,0,46554720.000,0,-,-,-,-,5291.0000,5288.2000,5288.0000,5286.2000,5286.0000,5291.6000,5291.8000,5292.0000,5292.4000,5293.0000,1,2,1,3,3,2,1,2,1,1
SF,IC2002,2020-01-02 09:30:47.600,5291.0000,3284,0,47612920.000,1,0,1,多换,S,5288.2000,5288.0000,5286.2000,5286.0000,5285.6000,5291.0000,5291.6000,5292.0000,5292.4000,5293.0000,2,1,3,3,1,1,2,2,1,1
SF,IC2002,2020-01-02 09:30:48.100,5291.0000,3284,0,47612920.000,0,-,-,-,-,5288.2000,5288.0000,5286.0000,5285.6000,5285.2000,5290.6000,5291.6000,5292.0000,5292.4000,5293.0000,2,1,3,1,1,1,1,2,1,1
SF,IC2002,2020-01-02 09:30:48.600,5291.0000,3284,0,47612920.000,0,-,-,-,-,5288.2000,5288.0000,5286.0000,5285.6000,5285.2000,5291.6000,5292.0000,5292.4000,5293.0000,5293.6000,2,1,3,1,1,1,2,1,1,1
SF,IC2002,2020-01-02 09:30:49.100,5291.0000,3284,0,47612920.000,0,-,-,-,-,5288.2000,5288.0000,5286.0000,5285.6000,5285.2000,5291.2000,5291.6000,5292.0000,5292.4000,5293.0000,2,1,3,1,1,1,1,2,1,1
SF,IC2002,2020-01-02 09:30:49.600,5291.0000,3284,0,47612920.000,0,-,-,-,-,5288.2000,5288.0000,5286.0000,5285.6000,5285.2000,5291.0000,5291.2000,5291.6000,5292.0000,5292.4000,2,1,3,1,1,1,1,1,2,1
SF,IC2002,2020-01-02 09:30:50.100,5291.0000,3284,0,47612920.000,0,-,-,-,-,5288.2000,5288.0000,5281.2000,5281.0000,5278.0000,5289.6000,5290.6000,5290.8000,5291.0000,5291.6000,2,1,1,1,5,1,2,1,1,1
SF,IC2002,2020-01-02 09:30:50.600,5291.0000,3284,0,50787520.000,3,1,2,多换,S,5288.2000,5288.0000,5281.2000,5281.0000,5278.0000,5290.8000,5291.0000,5291.6000,5292.0000,5292.4000,2,1,1,1,5,1,1,1,3,1
SF,IC2002,2020-01-02 09:30:51.100,5291.0000,3284,0,50787520.000,0,-,-,-,-,5288.2000,5288.0000,5281.2000,5281.0000,5278.0000,5289.6000,5290.4000,5290.6000,5290.8000,5291.6000,2,1,1,1,5,1,1,1,1,1
SF,IC2002,2020-01-02 09:30:51.600,5289.6000,3284,0,51845440.000,1,0,1,多换,S,5288.2000,5288.0000,5281.2000,5281.0000,5278.0000,5290.6000,5290.8000,5291.6000,5292.0000,5292.4000,2,1,1,1,5,1,1,1,3,1
SF,IC2002,2020-01-02 09:30:52.100,5289.6000,3284,0,51845440.000,0,-,-,-,-,5288.2000,5288.0000,5281.2000,5281.0000,5278.0000,5290.6000,5290.8000,5291.6000,5292.0000,5293.0000,2,1,1,1,5,2,1,1,3,1
SF,IC2002,2020-01-02 09:30:52.600,5289.6000,3284,0,51845440.000,0,-,-,-,-,5288.2000,5288.0000,5281.2000,5281.0000,5278.0000,5290.6000,5290.8000,5291.6000,5292.0000,5293.0000,2,1,1,1,5,1,1,1,3,1
SF,IC2002,2020-01-02 09:30:53.600,5290.6000,3284,0,52903560.000,1,0,1,多换,S,5290.6000,5288.2000,5288.0000,5281.2000,5281.0000,5291.6000,5292.0000,5293.0000,5293.6000,5296.6000,3,2,1,1,1,1,3,1,1,2
SF,IC2002,2020-01-02 09:30:54.100,5290.6000,3284,0,52903560.000,0,-,-,-,-,5291.0000,5290.8000,5290.6000,5288.2000,5288.0000,5292.0000,5293.0000,5293.6000,5296.6000,5297.2000,3,1,3,1,1,3,1,1,2,2
SF,IC2002,2020-01-02 09:30:55.100,5290.6000,3284,0,52903560.000,0,-,-,-,-,5291.0000,5290.8000,5290.6000,5288.2000,5288.0000,5292.0000,5293.0000,5293.6000,5296.6000,5297.2000,3,1,3,1,1,3,1,1,2,2
SF,IC2002,2020-01-02 09:30:55.600,5292.0000,3283,-1,53961960.000,1,0,1,双平,S,5291.2000,5291.0000,5290.6000,5288.2000,5288.0000,5292.0000,5293.0000,5293.6000,5296.6000,5297.2000,1,3,3,1,1,2,1,1,2,2
SF,IC2002,2020-01-02 09:30:56.100,5291.4000,3283,0,58195200.000,4,2,2,多换,S,5291.2000,5291.0000,5290.6000,5288.2000,5288.0000,5292.0000,5293.0000,5293.6000,5296.6000,5297.2000,1,3,3,1,1,1,1,1,2,2
SF,IC2002,2020-01-02 09:30:56.600,5291.2000,3283,0,61369880.000,3,1,2,多换,S,5291.0000,5290.6000,5288.2000,5288.0000,5281.2000,5292.0000,5293.0000,5293.6000,5296.6000,5297.2000,2,3,1,1,1,1,1,1,2,2
SF,IC2002,2020-01-02 09:30:57.600,5292.0000,3283,0,62428280.000,1,0,1,多换,S,5291.0000,5290.6000,5288.2000,5288.0000,5281.2000,5293.0000,5293.6000,5296.6000,5297.2000,5297.8000,2,3,1,1,1,1,1,2,2,2
SF,IC2002,2020-01-02 09:30:58.100,5292.0000,3283,0,62428280.000,0,-,-,-,-,5291.2000,5291.0000,5290.6000,5288.2000,5288.0000,5292.6000,5292.8000,5293.0000,5293.6000,5296.6000,1,2,3,1,1,1,1,1,1,2
SF,IC2002,2020-01-02 09:30:58.600,5292.0000,3283,0,62428280.000,0,-,-,-,-,5291.0000,5290.6000,5288.2000,5288.0000,5281.2000,5292.6000,5292.8000,5293.0000,5293.6000,5296.6000,2,3,1,1,1,1,1,1,1,2
SF,IC2002,2020-01-02 09:30:59.100,5292.0000,3283,0,62428280.000,0,-,-,-,-,5291.2000,5291.0000,5290.6000,5288.2000,5288.0000,5292.8000,5293.0000,5293.6000,5296.6000,5297.2000,1,2,3,1,1,1,1,1,2,2
SF,IC2002,2020-01-02 09:30:59.600,5292.8000,3281,-2,65603600.000,3,0,3,多平,S,5292.8000,5291.0000,5288.2000,5288.0000,5281.2000,5293.0000,5293.6000,5296.6000,5297.2000,5297.8000,1,2,1,1,1,1,1,2,2,2
SF,IC2002,2020-01-02 09:31:00.100,5292.8000,3280,-1,66662160.000,1,0,1,双平,S,5291.0000,5288.2000,5288.0000,5281.2000,5281.0000,5292.6000,5292.8000,5293.0000,5293.6000,5296.6000,2,1,1,1,1,1,2,1,1,2
SF,IC2002,2020-01-02 09:31:00.600,5291.0000,3281,1,68778560.000,2,1,1,空开,S,5288.2000,5288.0000,5281.2000,5281.0000,5278.0000,5292.2000,5292.6000,5292.8000,5293.0000,5293.6000,1,1,1,1,5,1,1,2,1,1
SF,IC2002,2020-01-02 09:31:01.100,5292.2000,3281,0,70895400.000,2,1,1,多换,S,5288.2000,5288.0000,5281.2000,5281.0000,5278.0000,5292.8000,5293.0000,5293.6000,5296.6000,5297.2000,1,1,1,1,5,2,1,1,2,2
SF,IC2002,2020-01-02 09:31:01.600,5292.2000,3281,0,70895400.000,0,-,-,-,-,5288.2000,5288.0000,5281.2000,5281.0000,5278.0000,5292.8000,5293.0000,5293.6000,5296.6000,5297.2000,1,1,1,1,5,1,1,1,2,2
SF,IC2002,2020-01-02 09:31:02.100,5292.2000,3281,0,70895400.000,0,-,-,-,-,5288.4000,5288.2000,5288.0000,5281.2000,5281.0000,5292.4000,5292.8000,5293.0000,5293.6000,5296.6000,1,1,1,1,1,1,1,1,1,2
SF,IC2002,2020-01-02 09:31:02.600,5292.2000,3281,0,70895400.000,0,-,-,-,-,5289.6000,5288.4000,5288.2000,5288.0000,5281.2000,5292.4000,5292.8000,5293.0000,5293.6000,5296.6000,1,1,1,1,1,1,1,1,1,2
SF,IC2002,2020-01-02 09:31:03.100,5292.2000,3281,0,70895400.000,0,-,-,-,-,5288.4000,5288.2000,5288.0000,5281.2000,5281.0000,5292.4000,5292.8000,5293.0000,5293.6000,5296.6000,1,1,1,1,1,1,1,1,1,2
SF,IC2002,2020-01-02 09:31:03.600,5292.2000,3281,0,70895400.000,0,-,-,-,-,5288.2000,5288.0000,5281.2000,5281.0000,5278.0000,5292.4000,5292.8000,5293.0000,5293.6000,5296.6000,1,1,1,1,5,1,1,1,1,2
SF,IC2002,2020-01-02 09:31:04.100,5292.2000,3281,0,70895400.000,0,-,-,-,-,5288.2000,5288.0000,5281.2000,5281.0000,5278.0000,5292.0000,5292.4000,5293.0000,5293.6000,5296.6000,1,1,1,1,5,1,1,1,1,2
SF,IC2002,2020-01-02 09:31:04.600,5292.2000,3281,0,70895400.000,0,-,-,-,-,5288.4000,5288.2000,5288.0000,5281.2000,5281.0000,5291.6000,5292.0000,5292.4000,5293.0000,5293.6000,1,1,2,1,1,1,1,1,1,1
SF,IC2002,2020-01-02 09:31:05.100,5292.2000,3281,0,70895400.000,0,-,-,-,-,5288.4000,5288.2000,5288.0000,5281.2000,5281.0000,5292.0000,5293.0000,5293.6000,5296.6000,5297.2000,1,1,2,1,1,1,1,1,2,2
SF,IC2002,2020-01-02 09:31:05.600,5281.0000,3278,-3,77238360.000,6,1,5,多平,S,5278.0000,5266.6000,5262.0000,5260.0000,5250.0000,5291.8000,5292.0000,5293.0000,5293.6000,5296.6000,5,3,1,1,3,1,1,1,1,2
SF,IC2002,2020-01-02 09:31:06.100,5281.0000,3278,0,77238360.000,0,-,-,-,-,5285.0000,5284.4000,5283.8000,5279.8000,5279.6000,5291.8000,5292.0000,5293.0000,5293.6000,5296.6000,1,1,2,2,1,1,1,1,1,2
SF,IC2002,2020-01-02 09:31:06.600,5281.0000,3278,0,77238360.000,0,-,-,-,-,5288.8000,5285.4000,5285.2000,5285.0000,5283.8000,5291.8000,5292.0000,5293.0000,5293.6000,5296.6000,1,1,4,1,2,1,1,1,1,2
SF,IC2002,2020-01-02 09:31:07.100,5281.0000,3278,0,77238360.000,0,-,-,-,-,5285.4000,5285.2000,5285.0000,5283.8000,5279.6000,5291.6000,5291.8000,5292.0000,5293.0000,5293.6000,1,3,1,3,1,1,1,1,1,1
SF,IC2002,2020-01-02 09:31:07.600,5281.0000,3278,0,77238360.000,0,-,-,-,-,5285.6000,5285.4000,5285.2000,5285.0000,5283.8000,5288.8000,5291.4000,5291.6000,5291.8000,5293.0000,4,1,3,1,3,1,1,1,1,1
SF,IC2002,2020-01-02 09:31:08.100,5288.8000,3278,0,78296120.000,1,0,1,多换,S,5286.0000,5285.8000,5285.6000,5285.2000,5285.0000,5291.4000,5291.8000,5293.0000,5293.6000,5296.6000,1,1,4,3,1,1,1,1,1,2
SF,IC2002,2020-01-02 09:31:08.600,5288.8000,3278,0,78296120.000,0,-,-,-,-,5287.0000,5286.4000,5286.2000,5286.0000,5285.8000,5291.4000,5291.8000,5293.0000,5293.6000,5296.6000,1,1,1,1,1,1,1,1,1,2
SF,IC2002,2020-01-02 09:31:09.100,5288.8000,3278,0,78296120.000,0,-,-,-,-,5287.2000,5287.0000,5286.4000,5286.2000,5285.6000,5291.2000,5291.4000,5291.8000,5293.0000,5293.6000,2,1,1,1,3,1,1,1,1,1
SF,IC2002,2020-01-02 09:31:09.600,5288.8000,3278,0,78296120.000,0,-,-,-,-,5287.2000,5287.0000,5286.2000,5285.6000,5285.2000,5291.2000,5291.4000,5291.8000,5293.0000,5293.6000,2,1,1,3,3,1,1,1,1,1
SF,IC2002,2020-01-02 09:31:10.100,5288.8000,3278,0,78296120.000,0,-,-,-,-,5287.2000,5286.2000,5285.6000,5285.2000,5285.0000,5291.2000,5291.4000,5291.8000,5293.0000,5293.6000,2,1,3,3,1,1,1,1,1,1
SF,IC2002,2020-01-02 09:31:10.600,5287.8000,3277,-1,79353680.000,1,0,1,双平,S,5287.4000,5287.2000,5286.2000,5285.6000,5285.2000,5292.0000,5293.0000,5293.6000,5296.6000,5297.2000,1,1,1,3,3,1,1,1,2,2
SF,IC2002,2020-01-02 09:31:11.100,5287.8000,3277,0,79353680.000,0,-,-,-,-,5287.6000,5287.4000,5286.2000,5285.6000,5285.2000,5291.8000,5292.0000,5293.0000,5293.6000,5296.6000,1,1,1,3,3,1,1,1,1,2
SF,IC2002,2020-01-02 09:31:11.600,5287.8000,3277,0,79353680.000,0,-,-,-,-,5288.8000,5287.8000,5287.6000,5287.4000,5286.2000,5292.0000,5293.0000,5293.6000,5296.6000,5297.2000,1,1,1,1,1,1,1,1,2,2
SF,IC2002,2020-01-02 09:31:12.100,5287.8000,3277,0,79353680.000,0,-,-,-,-,5289.6000,5289.0000,5287.6000,5286.2000,5285.6000,5291.8000,5292.0000,5293.0000,5293.6000,5296.6000,1,1,1,1,3,1,1,1,1,2
SF,IC2002,2020-01-02 09:31:12.600,5287.8000,3277,0,79353680.000,0,-,-,-,-,5289.0000,5287.6000,5286.2000,5285.6000,5285.2000,5291.8000,5292.0000,5293.0000,5293.6000,5296.6000,1,1,1,3,3,1,1,1,1,2
SF,IC2002,2020-01-02 09:31:13.100,5287.8000,3277,0,79353680.000,0,-,-,-,-,5286.2000,5285.6000,5285.2000,5285.0000,5284.4000,5291.6000,5291.8000,5292.0000,5293.0000,5293.6000,1,3,3,1,1,1,1,1,1,1
SF,IC2002,2020-01-02 09:31:13.600,5291.6000,3277,0,80412000.000,1,0,1,多换,S,5285.6000,5285.2000,5283.8000,5283.4000,5282.2000,5291.8000,5292.0000,5293.0000,5293.6000,5296.6000,3,3,1,2,1,1,1,1,1,2
SF,IC2002,2020-01-02 09:31:14.100,5291.6000,3277,0,80412000.000,0,-,-,-,-,5285.8000,5285.6000,5285.2000,5283.8000,5283.4000,5291.4000,5291.8000,5292.0000,5293.0000,5293.6000,1,3,3,1,2,1,1,1,1,1
SF,IC2002,2020-01-02 09:31:14.600,5291.6000,3277,0,80412000.000,0,-,-,-,-,5286.0000,5285.8000,5285.2000,5283.8000,5283.4000,5291.2000,5291.4000,5291.8000,5292.0000,5293.0000,1,1,3,1,2,1,1,1,1,1
SF,IC2002,2020-01-02 09:31:15.100,5291.6000,3277,0,80412000.000,0,-,-,-,-,5286.0000,5285.8000,5283.8000,5283.4000,5282.2000,5291.2000,5291.8000,5292.0000,5293.0000,5293.6000,1,1,1,2,1,1,1,1,1,1
SF,IC2002,2020-01-02 09:31:15.600,5291.6000,3277,0,80412000.000,0,-,-,-,-,5283.8000,5282.2000,5281.8000,5281.6000,5279.6000,5291.2000,5291.8000,5292.0000,5293.0000,5293.6000,1,1,2,2,1,2,1,1,1,1
SF,IC2002,2020-01-02 09:31:16.100,5291.6000,3277,0,80412000.000,0,-,-,-,-,5284.4000,5284.2000,5284.0000,5283.8000,5282.2000,5290.8000,5291.2000,5291.8000,5292.0000,5293.0000,1,1,4,2,1,1,2,1,1,1
SF,IC2002,2020-01-02 09:31:16.600,5291.6000,3277,0,80412000.000,0,-,-,-,-,5284.6000,5284.4000,5284.2000,5284.0000,5283.8000,5290.6000,5290.8000,5291.2000,5291.8000,5292.0000,1,2,1,4,2,1,1,2,1,1
SF,IC2002,2020-01-02 09:31:17.100,5291.6000,3277,0,80412000.000,0,-,-,-,-,5285.0000,5284.4000,5284.2000,5284.0000,5283.8000,5290.2000,5290.6000,5290.8000,5291.2000,5291.8000,1,1,1,3,2,1,1,1,2,1
SF,IC2002,2020-01-02 09:31:17.600,5291.2000,3277,0,85703200.000,5,2,3,多换,S,5285.2000,5285.0000,5284.4000,5284.2000,5284.0000,5291.2000,5292.0000,5293.0000,5293.6000,5296.6000,1,1,1,1,3,1,1,1,1,2
SF,IC2002,2020-01-02 09:31:18.100,5291.2000,3277,0,85703200.000,0,-,-,-,-,5285.6000,5285.4000,5285.2000,5285.0000,5284.4000,5291.2000,5292.0000,5293.0000,5293.6000,5296.6000,1,2,1,1,1,1,1,1,1,2
SF,IC2002,2020-01-02 09:31:18.600,5291.2000,3277,0,85703200.000,0,-,-,-,-,5285.8000,5285.6000,5285.4000,5285.2000,5284.4000,5291.2000,5292.0000,5293.0000,5293.6000,5296.6000,2,1,2,1,1,1,1,1,1,2
SF,IC2002,2020-01-02 09:31:19.100,5291.2000,3277,0,85703200.000,0,-,-,-,-,5285.8000,5285.6000,5285.4000,5284.4000,5284.0000,5291.2000,5292.0000,5293.0000,5293.6000,5296.6000,1,1,2,1,3,1,1,1,1,2
SF,IC2002,2020-01-02 09:31:19.600,5291.2000,3277,0,85703200.000,0,-,-,-,-,5285.8000,5284.4000,5284.0000,5283.8000,5282.2000,5290.8000,5291.2000,5292.0000,5293.0000,5296.6000,1,1,3,2,1,1,1,1,1,2
SF,IC2002,2020-01-02 09:31:20.100,5291.2000,3277,0,85703200.000,0,-,-,-,-,5289.6000,5284.4000,5284.0000,5283.8000,5282.2000,5290.4000,5290.8000,5291.2000,5292.0000,5293.0000,1,1,3,1,1,1,1,1,1,1
SF,IC2002,2020-01-02 09:31:20.600,5289.6000,3276,-1,87819040.000,2,0,2,多平,S,5284.4000,5284.0000,5283.8000,5282.2000,5281.8000,5290.0000,5290.2000,5290.4000,5292.0000,5293.0000,1,3,1,1,2,1,1,1,1,1
SF,IC2002,2020-01-02 09:31:21.100,5289.6000,3276,0,87819040.000,0,-,-,-,-,5284.6000,5284.4000,5284.0000,5283.8000,5282.2000,5289.6000,5289.8000,5290.0000,5290.2000,5292.0000,2,1,3,1,1,1,1,1,1,1
SF,IC2002,2020-01-02 09:31:21.600,5289.6000,3276,0,87819040.000,0,-,-,-,-,5284.6000,5284.4000,5284.0000,5283.8000,5282.2000,5289.6000,5290.0000,5290.2000,5292.0000,5293.0000,2,1,3,1,1,1,1,1,1,1
SF,IC2002,2020-01-02 09:31:22.100,5289.6000,3276,0,87819040.000,0,-,-,-,-,5284.6000,5284.4000,5284.0000,5283.8000,5282.2000,5289.4000,5289.6000,5290.0000,5290.2000,5292.0000,1,1,3,1,1,1,1,1,1,1
SF,IC2002,2020-01-02 09:31:22.600,5289.6000,3276,0,87819040.000,0,-,-,-,-,5284.8000,5284.6000,5284.4000,5284.0000,5283.8000,5289.4000,5289.6000,5290.2000,5292.0000,5293.0000,1,1,1,3,1,1,1,1,1,1
SF,IC2002,2020-01-02 09:31:23.100,5289.6000,3276,0,87819040.000,0,-,-,-,-,5285.0000,5284.8000,5284.4000,5284.0000,5283.8000,5289.4000,5289.6000,5290.2000,5292.0000,5293.0000,1,1,1,3,1,1,1,1,1,1
SF,IC2002,2020-01-02 09:31:23.600,5289.6000,3276,0,87819040.000,0,-,-,-,-,5285.2000,5285.0000,5284.8000,5284.4000,5284.0000,5289.4000,5289.6000,5290.2000,5292.0000,5293.0000,2,1,1,1,3,1,1,1,1,1
SF,IC2002,2020-01-02 09:31:24.100,5289.6000,3276,0,87819040.000,0,-,-,-,-,5285.2000,5285.0000,5284.4000,5283.8000,5282.2000,5289.4000,5289.6000,5290.2000,5292.0000,5293.0000,3,1,1,1,1,1,1,1,1,1
SF,IC2002,2020-01-02 09:31:24.600,5289.6000,3276,0,87819040.000,0,-,-,-,-,5285.2000,5284.4000,5283.8000,5282.2000,5281.8000,5289.4000,5289.6000,5290.2000,5292.0000,5293.0000,2,1,1,1,2,1,1,1,1,1
SF,IC2002,2020-01-02 09:31:25.100,5289.6000,3276,0,87819040.000,0,-,-,-,-,5285.4000,5285.2000,5284.4000,5283.8000,5282.2000,5289.4000,5289.6000,5290.2000,5292.0000,5293.0000,1,2,1,1,1,1,1,1,1,1
SF,IC2002,2020-01-02 09:31:25.600,5289.6000,3276,0,87819040.000,0,-,-,-,-,5285.4000,5285.2000,5284.4000,5283.8000,5282.2000,5289.4000,5289.6000,5290.2000,5292.0000,5293.0000,1,1,1,1,1,1,1,1,1,1
SF,IC2002,2020-01-02 09:31:26.100,5289.6000,3276,0,87819040.000,0,-,-,-,-,5285.6000,5285.2000,5284.4000,5283.8000,5282.2000,5289.4000,5290.2000,5292.0000,5293.0000,5296.6000,1,1,1,1,1,1,1,1,1,2
SF,IC2002,2020-01-02 09:31:26.600,5289.6000,3276,0,87819040.000,0,-,-,-,-,5285.6000,5285.2000,5284.4000,5283.8000,5282.2000,5289.0000,5289.4000,5290.2000,5292.0000,5293.0000,1,1,1,1,1,2,1,1,1,1
SF,IC2002,2020-01-02 09:31:27.100,5289.6000,3276,0,87819040.000,0,-,-,-,-,5285.6000,5285.2000,5284.4000,5283.8000,5282.2000,5289.0000,5290.2000,5292.0000,5293.0000,5296.6000,1,1,1,1,1,2,1,1,1,2
SF,IC2002,2020-01-02 09:31:27.600,5289.6000,3276,0,87819040.000,0,-,-,-,-,5285.6000,5285.2000,5283.8000,5282.2000,5281.8000,5288.8000,5289.0000,5292.0000,5293.0000,5296.6000,1,1,1,1,2,1,2,1,1,2
SF,IC2002,2020-01-02 09:31:28.100,5289.6000,3276,0,87819040.000,0,-,-,-,-,5285.6000,5285.2000,5283.8000,5282.2000,5281.8000,5288.8000,5289.0000,5292.0000,5293.0000,5296.6000,1,1,1,1,2,2,2,1,1,2
SF,IC2002,2020-01-02 09:31:29.100,5289.6000,3276,0,87819040.000,0,-,-,-,-,5285.6000,5285.2000,5283.8000,5282.2000,5281.8000,5288.8000,5289.0000,5292.0000,5293.0000,5296.6000,3,1,1,1,2,2,2,1,1,2
SF,IC2002,2020-01-02 09:31:29.600,5289.6000,3276,0,87819040.000,0,-,-,-,-,5285.6000,5285.2000,5282.2000,5281.8000,5281.6000,5288.8000,5289.0000,5292.0000,5293.0000,5296.6000,3,1,1,2,2,2,2,1,1,2
SF,IC2002,2020-01-02 09:31:30.100,5289.6000,3276,0,87819040.000,0,-,-,-,-,5285.8000,5285.6000,5285.2000,5282.2000,5281.8000,5288.8000,5289.0000,5292.0000,5293.0000,5296.6000,1,3,1,1,2,2,2,1,1,2
SF,IC2002,2020-01-02 09:31:30.600,5289.6000,3276,0,87819040.000,0,-,-,-,-,5285.8000,5285.6000,5285.2000,5282.2000,5281.8000,5288.8000,5289.0000,5292.0000,5293.0000,5296.6000,1,2,1,1,2,2,2,1,1,2
SF,IC2002,2020-01-02 09:31:31.100,5289.6000,3276,0,87819040.000,0,-,-,-,-,5286.0000,5285.8000,5285.6000,5285.2000,5282.2000,5288.4000,5288.8000,5289.0000,5292.0000,5293.0000,1,1,2,1,1,1,2,2,1,1
SF,IC2002,2020-01-02 09:31:31.600,5286.2000,3276,0,88876280.000,1,0,1,多换,S,5286.0000,5285.6000,5285.2000,5282.2000,5281.8000,5288.8000,5289.0000,5292.0000,5293.0000,5296.6000,1,2,1,1,2,1,2,1,1,2
SF,IC2002,2020-01-02 09:31:32.100,5286.2000,3276,0,88876280.000,0,-,-,-,-,5286.0000,5285.6000,5285.2000,5282.2000,5281.8000,5288.6000,5288.8000,5289.0000,5292.0000,5293.0000,1,2,1,1,2,1,1,2,1,1
SF,IC2002,2020-01-02 09:31:32.600,5286.2000,3276,0,88876280.000,0,-,-,-,-,5286.0000,5285.6000,5285.2000,5282.2000,5281.8000,5288.4000,5288.6000,5288.8000,5289.0000,5292.0000,1,2,1,1,2,1,1,1,2,1
SF,IC2002,2020-01-02 09:31:33.100,5286.2000,3276,0,88876280.000,0,-,-,-,-,5286.0000,5285.6000,5285.2000,5282.2000,5281.8000,5288.4000,5288.8000,5289.0000,5292.0000,5293.0000,1,2,1,1,2,1,1,2,1,1
SF,IC2002,2020-01-02 09:31:33.600,5286.2000,3276,0,88876280.000,0,-,-,-,-,5286.0000,5285.6000,5285.2000,5282.2000,5281.8000,5288.2000,5288.4000,5288.8000,5289.0000,5292.0000,1,2,1,1,2,1,1,1,2,1
SF,IC2002,2020-01-02 09:31:34.100,5286.2000,3276,0,88876280.000,0,-,-,-,-,5286.0000,5285.6000,5285.2000,5282.2000,5281.8000,5288.0000,5288.2000,5288.8000,5289.0000,5292.0000,1,2,1,1,2,1,1,1,2,1
SF,IC2002,2020-01-02 09:31:34.600,5286.2000,3276,0,88876280.000,0,-,-,-,-,5286.0000,5285.6000,5285.2000,5282.2000,5281.8000,5288.0000,5288.8000,5289.0000,5292.0000,5293.0000,1,2,1,1,2,1,1,2,1,1
SF,IC2002,2020-01-02 09:31:35.100,5286.0000,3276,0,89933480.000,1,0,1,多换,S,5285.6000,5285.2000,5282.2000,5281.8000,5281.6000,5287.8000,5288.0000,5288.8000,5289.0000,5292.0000,2,1,1,2,2,1,1,1,2,1
SF,IC2002,2020-01-02 09:31:35.600,5285.6000,3277,1,90990600.000,1,1,0,双开,S,5285.6000,5285.2000,5282.2000,5281.8000,5281.6000,5286.0000,5287.6000,5287.8000,5288.0000,5288.8000,1,1,1,2,2,1,1,1,1,1
SF,IC2002,2020-01-02 09:31:36.100,5286.0000,3277,0,92047800.000,1,0,1,多换,S,5286.0000,5285.6000,5285.2000,5282.2000,5281.8000,5287.6000,5287.8000,5288.0000,5288.8000,5289.0000,1,1,1,1,2,1,1,1,1,2
SF,IC2002,2020-01-02 09:31:36.600,5287.4000,3276,-1,93105280.000,1,0,1,双平,S,5286.0000,5285.6000,5285.2000,5282.2000,5281.8000,5287.6000,5288.0000,5288.8000,5289.0000,5289.6000,1,1,1,1,2,1,1,1,2,5
SF,IC2002,2020-01-02 09:31:37.100,5287.4000,3276,0,93105280.000,0,-,-,-,-,5286.0000,5285.6000,5285.2000,5281.8000,5281.6000,5287.4000,5287.6000,5288.0000,5288.8000,5289.0000,1,1,1,2,2,1,1,1,1,2
SF,IC2002,2020-01-02 09:31:37.600,5286.0000,3276,0,94162480.000,1,0,1,多换,S,5285.6000,5285.2000,5281.8000,5281.6000,5278.2000,5286.0000,5287.4000,5287.6000,5288.0000,5289.0000,1,1,2,2,3,1,1,1,1,2
SF,IC2002,2020-01-02 09:31:38.100,5287.4000,3276,0,96277160.000,2,1,1,多换,S,5287.6000,5285.6000,5285.2000,5281.8000,5281.6000,5289.0000,5289.6000,5292.0000,5293.0000,5296.6000,4,1,1,2,2,2,5,1,1,2
SF,IC2002,2020-01-02 09:31:38.600,5287.6000,3276,0,100507240.000,4,2,2,多换,S,5285.6000,5285.2000,5281.8000,5281.6000,5278.2000,5287.6000,5288.6000,5289.0000,5289.6000,5292.0000,1,1,2,2,3,1,1,2,5,1
SF,IC2002,2020-01-02 09:31:39.100,5287.6000,3276,0,100507240.000,0,-,-,-,-,5285.8000,5285.6000,5285.2000,5281.8000,5281.6000,5287.6000,5288.6000,5289.0000,5289.6000,5292.0000,1,1,1,2,2,1,1,2,5,1
SF,IC2002,2020-01-02 09:31:39.600,5285.8000,3276,0,101564400.000,1,0,1,多换,S,5285.6000,5285.2000,5281.8000,5281.6000,5278.2000,5287.6000,5288.6000,5289.0000,5289.6000,5292.0000,1,1,2,2,3,2,1,2,5,1
SF,IC2002,2020-01-02 09:31:40.600,5285.8000,3276,0,101564400.000,0,-,-,-,-,5285.6000,5285.2000,5281.8000,5281.6000,5278.2000,5287.4000,5287.6000,5288.6000,5289.0000,5289.6000,1,1,1,2,3,1,2,1,2,5
SF,IC2002,2020-01-02 09:31:41.100,5285.6000,3276,0,102621520.000,1,0,1,多换,S,5285.2000,5281.8000,5281.6000,5278.2000,5278.0000,5285.6000,5287.0000,5287.4000,5287.6000,5289.0000,1,1,2,3,5,1,1,1,1,2
SF,IC2002,2020-01-02 09:31:41.600,5285.2000,3275,-1,103678560.000,1,0,1,双平,S,5281.8000,5281.6000,5278.2000,5276.0000,5272.2000,5285.6000,5287.0000,5287.4000,5287.6000,5289.0000,1,2,3,1,5,1,1,1,1,2
SF,IC2002,2020-01-02 09:31:42.100,5285.2000,3275,0,103678560.000,0,-,-,-,-,5281.8000,5281.6000,5278.2000,5276.0000,5272.2000,5285.6000,5287.0000,5287.6000,5289.0000,5289.6000,1,2,3,1,5,1,1,1,2,5
SF,IC2002,2020-01-02 09:31:43.100,5285.2000,3275,0,103678560.000,0,-,-,-,-,5281.8000,5281.6000,5278.2000,5276.0000,5272.2000,5285.6000,5287.0000,5289.0000,5289.6000,5292.0000,1,2,3,1,5,1,1,2,5,1
SF,IC2002,2020-01-02 09:31:43.600,5285.2000,3275,0,103678560.000,0,-,-,-,-,5281.8000,5281.6000,5278.2000,5276.0000,5272.2000,5285.6000,5287.0000,5289.0000,5289.6000,5292.0000,1,2,3,1,5,1,1,2,5,1
SF,IC2002,2020-01-02 09:31:44.100,5285.2000,3275,0,103678560.000,0,-,-,-,-,5281.8000,5281.6000,5278.2000,5276.0000,5272.2000,5285.6000,5287.0000,5289.0000,5289.6000,5292.0000,1,2,3,1,5,1,1,2,5,1
SF,IC2002,2020-01-02 09:31:45.600,5285.2000,3275,0,103678560.000,0,-,-,-,-,5281.8000,5281.6000,5278.2000,5276.0000,5272.2000,5287.0000,5289.0000,5289.6000,5292.0000,5293.0000,1,2,3,1,5,1,2,5,1,1
SF,IC2002,2020-01-02 09:31:46.100,5281.8000,3275,0,104734920.000,1,0,1,多换,S,5281.6000,5278.2000,5276.0000,5272.2000,5266.6000,5287.0000,5289.0000,5289.6000,5292.0000,5293.0000,2,3,1,5,3,1,2,5,1,1
SF,IC2002,2020-01-02 09:31:46.600,5281.8000,3275,0,104734920.000,0,-,-,-,-,5281.6000,5278.2000,5276.0000,5272.2000,5266.6000,5286.8000,5287.0000,5289.0000,5289.6000,5292.0000,2,3,1,5,3,1,1,2,5,1
SF,IC2002,2020-01-02 09:31:47.100,5286.4000,3275,0,105792200.000,1,0,1,多换,S,5281.6000,5278.2000,5276.0000,5272.2000,5266.6000,5286.8000,5289.0000,5289.6000,5292.0000,5293.0000,2,3,1,5,3,1,2,5,1,1
SF,IC2002,2020-01-02 09:31:47.600,5286.4000,3275,0,105792200.000,0,-,-,-,-,5281.6000,5278.2000,5276.0000,5272.2000,5266.6000,5289.0000,5289.6000,5292.0000,5293.0000,5296.6000,2,3,1,5,3,2,5,1,1,2
SF,IC2002,2020-01-02 09:31:48.100,5286.4000,3275,0,105792200.000,0,-,-,-,-,5281.6000,5278.2000,5276.0000,5272.2000,5266.6000,5288.8000,5289.0000,5289.6000,5292.0000,5293.0000,2,3,1,5,3,1,2,5,1,1
SF,IC2002,2020-01-02 09:31:49.100,5286.4000,3275,0,105792200.000,0,-,-,-,-,5281.8000,5278.2000,5276.0000,5272.2000,5266.6000,5288.8000,5289.0000,5289.6000,5292.0000,5293.0000,1,3,1,5,3,1,2,5,1,1
SF,IC2002,2020-01-02 09:31:49.600,5286.4000,3275,0,105792200.000,0,-,-,-,-,5281.8000,5278.2000,5276.0000,5272.2000,5266.6000,5289.0000,5289.6000,5292.0000,5293.0000,5296.6000,1,3,1,5,3,2,5,1,1,2
SF,IC2002,2020-01-02 09:31:50.100,5286.4000,3275,0,105792200.000,0,-,-,-,-,5281.8000,5278.2000,5276.0000,5272.2000,5266.6000,5288.8000,5289.0000,5289.6000,5292.0000,5293.0000,1,3,1,5,3,2,2,5,1,1
SF,IC2002,2020-01-02 09:31:50.600,5286.4000,3275,0,105792200.000,0,-,-,-,-,5278.2000,5276.0000,5275.8000,5272.2000,5266.6000,5288.8000,5289.0000,5289.6000,5292.0000,5293.0000,3,1,2,5,3,1,2,5,1,1
SF,IC2002,2020-01-02 09:31:51.100,5286.4000,3275,0,105792200.000,0,-,-,-,-,5280.0000,5278.6000,5278.4000,5278.2000,5276.0000,5288.8000,5289.0000,5289.6000,5292.0000,5293.0000,1,1,2,3,1,1,2,5,1,1
SF,IC2002,2020-01-02 09:31:51.600,5286.4000,3275,0,105792200.000,0,-,-,-,-,5280.4000,5280.2000,5280.0000,5278.4000,5278.2000,5289.0000,5289.6000,5292.0000,5293.0000,5296.6000,1,3,1,1,3,2,5,1,1,2
SF,IC2002,2020-01-02 09:31:52.100,5286.4000,3275,0,105792200.000,0,-,-,-,-,5280.6000,5280.2000,5280.0000,5278.4000,5278.2000,5288.6000,5288.8000,5289.0000,5289.6000,5292.0000,3,4,1,1,3,1,2,2,5,1
SF,IC2002,2020-01-02 09:31:52.600,5286.4000,3275,0,105792200.000,0,-,-,-,-,5280.6000,5280.2000,5280.0000,5278.4000,5278.2000,5288.6000,5288.8000,5289.0000,5289.6000,5292.0000,3,3,1,1,3,1,2,2,5,1
SF,IC2002,2020-01-02 09:31:53.100,5280.6000,3274,-1,106848320.000,1,0,1,双平,S,5280.2000,5280.0000,5278.4000,5278.2000,5276.0000,5288.6000,5288.8000,5289.0000,5289.6000,5292.0000,3,1,1,3,1,1,2,2,5,1
SF,IC2002,2020-01-02 09:31:53.600,5280.6000,3274,0,106848320.000,0,-,-,-,-,5280.0000,5278.4000,5278.2000,5276.0000,5275.8000,5288.4000,5288.6000,5288.8000,5289.0000,5289.6000,1,1,3,1,2,1,1,2,2,5
SF,IC2002,2020-01-02 09:31:54.600,5280.6000,3274,0,106848320.000,0,-,-,-,-,5280.0000,5278.4000,5278.2000,5276.0000,5275.8000,5288.4000,5288.6000,5288.8000,5289.0000,5289.6000,1,1,3,1,2,1,1,1,2,5
SF,IC2002,2020-01-02 09:31:55.100,5280.6000,3274,0,106848320.000,0,-,-,-,-,5280.0000,5278.4000,5278.2000,5276.0000,5275.8000,5288.2000,5288.6000,5288.8000,5289.0000,5289.6000,1,1,3,1,2,1,1,1,2,5
SF,IC2002,2020-01-02 09:31:55.600,5280.6000,3274,0,106848320.000,0,-,-,-,-,5280.0000,5278.4000,5278.2000,5276.0000,5275.8000,5288.0000,5288.2000,5288.8000,5289.0000,5289.6000,1,1,3,1,2,1,1,1,2,5
SF,IC2002,2020-01-02 09:31:56.100,5280.6000,3274,0,106848320.000,0,-,-,-,-,5278.4000,5278.2000,5276.0000,5275.8000,5272.2000,5288.0000,5288.2000,5288.8000,5289.0000,5289.6000,1,3,1,2,5,1,1,1,2,5
SF,IC2002,2020-01-02 09:31:56.600,5280.0000,3274,0,107904320.000,1,0,1,多换,S,5278.8000,5278.6000,5278.2000,5276.0000,5275.8000,5280.0000,5284.4000,5288.0000,5288.2000,5288.8000,1,3,3,1,2,2,1,1,1,1
SF,IC2002,2020-01-02 09:31:57.100,5280.0000,3274,0,110016320.000,2,1,1,多换,S,5279.0000,5278.8000,5278.6000,5278.2000,5276.0000,5284.4000,5289.0000,5289.6000,5292.0000,5293.0000,3,1,3,3,1,1,2,5,1,1
SF,IC2002,2020-01-02 09:31:57.600,5280.0000,3274,0,110016320.000,0,-,-,-,-,5279.4000,5279.0000,5278.6000,5278.2000,5276.0000,5284.4000,5289.0000,5289.6000,5292.0000,5293.0000,1,4,3,3,1,1,2,5,1,1
SF,IC2002,2020-01-02 09:31:58.100,5280.0000,3273,-1,111072320.000,1,0,1,双平,S,5279.4000,5279.0000,5278.6000,5278.2000,5276.0000,5284.4000,5289.0000,5289.6000,5292.0000,5293.0000,1,4,3,3,1,1,2,5,1,1
SF,IC2002,2020-01-02 09:31:58.600,5280.0000,3273,0,111072320.000,0,-,-,-,-,5279.4000,5279.0000,5278.6000,5278.2000,5276.0000,5284.4000,5289.0000,5289.6000,5292.0000,5293.0000,1,4,3,3,1,1,2,5,1,1
SF,IC2002,2020-01-02 09:31:59.100,5284.2000,3272,-1,112129160.000,1,0,1,双平,S,5279.4000,5279.0000,5278.6000,5278.2000,5276.0000,5284.4000,5289.0000,5289.6000,5292.0000,5293.0000,1,4,3,3,1,1,2,5,1,1
SF,IC2002,2020-01-02 09:31:59.600,5284.2000,3272,0,112129160.000,0,-,-,-,-,5280.0000,5279.8000,5279.4000,5279.0000,5278.6000,5284.4000,5289.0000,5289.6000,5292.0000,5293.0000,1,1,1,4,3,1,2,5,1,1
SF,IC2002,2020-01-02 09:32:00.100,5284.4000,3273,1,113186040.000,1,1,0,双开,S,5284.4000,5280.2000,5280.0000,5279.6000,5279.4000,5289.0000,5289.6000,5292.0000,5293.0000,5296.6000,3,1,2,1,1,2,5,1,1,2
SF,IC2002,2020-01-02 09:32:00.600,5284.4000,3274,1,115299800.000,2,1,1,空开,S,5284.4000,5280.2000,5280.0000,5279.4000,5279.0000,5288.8000,5289.0000,5289.6000,5292.0000,5293.0000,1,1,2,1,3,3,2,5,1,1
SF,IC2002,2020-01-02 09:32:01.100,5284.4000,3275,1,116356680.000,1,1,0,双开,S,5280.2000,5280.0000,5279.4000,5279.0000,5278.6000,5288.8000,5289.0000,5289.6000,5292.0000,5293.0000,1,2,1,3,3,2,2,5,1,1
SF,IC2002,2020-01-02 09:32:01.600,5284.4000,3275,0,116356680.000,0,-,-,-,-,5280.4000,5280.2000,5280.0000,5279.4000,5279.0000,5287.2000,5288.8000,5289.0000,5289.6000,5292.0000,1,1,2,1,3,1,1,2,5,1
SF,IC2002,2020-01-02 09:32:02.100,5284.4000,3275,0,116356680.000,0,-,-,-,-,5280.4000,5280.2000,5280.0000,5279.4000,5279.0000,5284.4000,5287.2000,5288.8000,5289.0000,5289.6000,1,1,2,1,3,1,1,1,2,5
SF,IC2002,2020-01-02 09:32:02.600,5284.4000,3275,0,116356680.000,0,-,-,-,-,5281.0000,5280.8000,5280.6000,5280.4000,5280.0000,5284.4000,5287.2000,5289.0000,5289.6000,5292.0000,1,1,1,1,2,1,1,2,5,1
SF,IC2002,2020-01-02 09:32:03.100,5284.4000,3274,-1,117413560.000,1,0,1,双平,S,5281.4000,5281.0000,5280.8000,5280.6000,5280.4000,5287.2000,5289.0000,5289.6000,5292.0000,5293.0000,1,1,1,1,1,1,2,5,1,1
SF,IC2002,2020-01-02 09:32:03.600,5284.4000,3274,0,117413560.000,0,-,-,-,-,5281.4000,5281.0000,5280.8000,5280.6000,5280.4000,5287.2000,5289.0000,5289.6000,5292.0000,5293.0000,1,1,1,1,1,1,2,5,1,1
SF,IC2002,2020-01-02 09:32:04.100,5284.4000,3274,0,117413560.000,0,-,-,-,-,5282.0000,5281.8000,5281.4000,5280.6000,5280.4000,5289.0000,5289.6000,5292.0000,5293.0000,5296.6000,1,1,1,1,1,2,5,1,1,2
SF,IC2002,2020-01-02 09:32:04.600,5284.4000,3274,0,117413560.000,0,-,-,-,-,5282.0000,5281.8000,5281.6000,5281.4000,5280.6000,5289.0000,5289.6000,5292.0000,5293.0000,5296.6000,1,1,1,1,1,2,5,1,1,2
SF,IC2002,2020-01-02 09:32:05.600,5284.4000,3274,0,117413560.000,0,-,-,-,-,5282.0000,5281.8000,5281.6000,5281.4000,5280.6000,5289.0000,5289.6000,5292.0000,5293.0000,5296.6000,1,1,1,1,1,2,5,1,1,2
SF,IC2002,2020-01-02 09:32:06.100,5284.4000,3274,0,117413560.000,0,-,-,-,-,5282.2000,5282.0000,5281.8000,5281.4000,5280.6000,5289.0000,5289.6000,5292.0000,5293.0000,5296.6000,1,1,1,1,1,2,5,1,1,2
SF,IC2002,2020-01-02 09:32:06.600,5284.4000,3274,0,117413560.000,0,-,-,-,-,5282.2000,5282.0000,5281.8000,5281.4000,5280.6000,5289.0000,5289.6000,5292.0000,5293.0000,5296.6000,1,1,1,1,1,2,5,1,1,2
SF,IC2002,2020-01-02 09:32:07.100,5284.4000,3274,0,117413560.000,0,-,-,-,-,5282.2000,5282.0000,5281.8000,5281.4000,5280.6000,5289.0000,5289.6000,5292.0000,5293.0000,5296.6000,1,1,1,1,1,2,5,1,1,2
SF,IC2002,2020-01-02 09:32:07.600,5284.4000,3274,0,117413560.000,0,-,-,-,-,5282.8000,5282.2000,5281.8000,5281.4000,5280.6000,5289.0000,5289.6000,5292.0000,5293.0000,5296.6000,1,1,1,1,1,2,5,1,1,2
SF,IC2002,2020-01-02 09:32:08.600,5284.4000,3274,0,117413560.000,0,-,-,-,-,5282.8000,5282.2000,5281.8000,5281.4000,5280.6000,5289.0000,5292.0000,5293.0000,5295.4000,5296.6000,1,1,1,1,1,2,1,1,5,2
SF,IC2002,2020-01-02 09:32:09.100,5284.4000,3274,0,117413560.000,0,-,-,-,-,5282.8000,5282.2000,5281.8000,5280.6000,5280.4000,5289.0000,5292.0000,5293.0000,5295.4000,5296.6000,1,1,1,1,1,2,1,1,5,2
SF,IC2002,2020-01-02 09:32:09.600,5284.4000,3274,0,117413560.000,0,-,-,-,-,5283.2000,5282.8000,5281.8000,5280.6000,5280.4000,5289.0000,5292.0000,5293.0000,5295.4000,5296.6000,1,1,1,1,1,2,1,1,5,2
SF,IC2002,2020-01-02 09:32:10.100,5284.4000,3274,0,117413560.000,0,-,-,-,-,5283.2000,5282.8000,5281.8000,5280.4000,5280.0000,5289.0000,5292.0000,5293.0000,5295.4000,5296.6000,1,1,1,1,2,2,1,1,5,2
SF,IC2002,2020-01-02 09:32:10.600,5284.4000,3274,0,117413560.000,0,-,-,-,-,5283.8000,5283.2000,5282.8000,5281.8000,5280.4000,5289.0000,5292.0000,5293.0000,5295.4000,5296.6000,1,1,1,1,1,2,1,1,5,2
SF,IC2002,2020-01-02 09:32:11.100,5284.4000,3274,0,117413560.000,0,-,-,-,-,5284.0000,5283.8000,5283.2000,5282.0000,5281.8000,5289.0000,5292.0000,5293.0000,5295.4000,5296.6000,1,1,1,1,1,2,1,1,5,2
SF,IC2002,2020-01-02 09:32:11.600,5284.4000,3274,0,117413560.000,0,-,-,-,-,5284.0000,5283.8000,5283.2000,5282.0000,5281.8000,5289.0000,5292.0000,5293.0000,5295.4000,5296.6000,1,1,1,1,1,2,1,1,5,2
SF,IC2002,2020-01-02 09:32:12.100,5284.4000,3274,0,117413560.000,0,-,-,-,-,5284.0000,5283.8000,5283.2000,5282.0000,5281.8000,5289.0000,5292.0000,5293.0000,5295.4000,5296.6000,1,1,1,1,1,2,1,1,5,2
SF,IC2002,2020-01-02 09:32:12.600,5284.4000,3274,0,117413560.000,0,-,-,-,-,5284.2000,5284.0000,5283.8000,5283.2000,5282.0000,5289.0000,5292.0000,5293.0000,5295.4000,5296.6000,1,1,1,1,1,2,1,1,5,2
SF,IC2002,2020-01-02 09:32:13.100,5284.4000,3274,0,117413560.000,0,-,-,-,-,5284.2000,5284.0000,5283.8000,5283.2000,5282.0000,5288.8000,5289.0000,5292.0000,5293.0000,5295.4000,1,1,1,1,1,1,2,1,1,5
SF,IC2002,2020-01-02 09:32:13.600,5284.4000,3274,0,117413560.000,0,-,-,-,-,5284.4000,5284.2000,5284.0000,5283.8000,5282.0000,5288.8000,5289.0000,5292.0000,5293.0000,5295.4000,1,1,1,1,1,1,2,1,1,5
SF,IC2002,2020-01-02 09:32:14.100,5284.4000,3274,0,117413560.000,0,-,-,-,-,5284.6000,5284.0000,5282.0000,5281.8000,5280.0000,5288.6000,5288.8000,5289.0000,5292.0000,5293.0000,1,1,1,1,2,1,1,2,1,1
SF,IC2002,2020-01-02 09:32:14.600,5284.4000,3274,0,117413560.000,0,-,-,-,-,5284.6000,5284.0000,5282.0000,5280.0000,5279.4000,5288.4000,5288.6000,5289.0000,5292.0000,5293.0000,1,1,1,2,1,1,1,2,1,1
SF,IC2002,2020-01-02 09:32:15.600,5284.4000,3274,0,117413560.000,0,-,-,-,-,5284.8000,5284.6000,5284.0000,5282.0000,5280.0000,5288.4000,5289.0000,5292.0000,5293.0000,5295.4000,1,1,1,1,2,1,2,1,1,5
SF,IC2002,2020-01-02 09:32:16.100,5284.4000,3274,0,117413560.000,0,-,-,-,-,5285.0000,5284.8000,5284.0000,5282.0000,5280.0000,5288.4000,5289.0000,5292.0000,5293.0000,5295.4000,1,1,1,1,2,1,2,1,1,5
SF,IC2002,2020-01-02 09:32:17.600,5284.4000,3274,0,117413560.000,0,-,-,-,-,5285.0000,5282.0000,5280.0000,5279.4000,5279.0000,5288.4000,5289.0000,5292.0000,5293.0000,5295.4000,1,1,2,1,3,1,2,1,1,5
SF,IC2002,2020-01-02 09:32:18.100,5284.4000,3274,0,117413560.000,0,-,-,-,-,5282.0000,5280.0000,5279.4000,5279.0000,5278.6000,5288.4000,5289.0000,5292.0000,5293.0000,5295.4000,1,2,1,3,3,1,2,1,1,5
SF,IC2002,2020-01-02 09:32:18.600,5285.0000,3274,0,118470560.000,1,0,1,多换,S,5282.2000,5282.0000,5280.0000,5279.4000,5279.0000,5288.2000,5288.4000,5289.0000,5292.0000,5293.0000,1,1,2,1,3,1,1,2,1,1
SF,IC2002,2020-01-02 09:32:19.100,5285.0000,3274,0,118470560.000,0,-,-,-,-,5282.2000,5282.0000,5280.0000,5279.4000,5279.0000,5288.0000,5288.2000,5289.0000,5292.0000,5293.0000,1,1,2,1,3,1,1,2,1,1
SF,IC2002,2020-01-02 09:32:19.600,5285.0000,3274,0,118470560.000,0,-,-,-,-,5282.4000,5282.2000,5282.0000,5281.2000,5280.0000,5288.0000,5289.0000,5292.0000,5293.0000,5295.4000,1,1,1,2,2,1,2,1,1,5
SF,IC2002,2020-01-02 09:32:20.100,5288.0000,3275,1,120585520.000,2,1,1,空开,S,5288.4000,5282.6000,5282.4000,5282.0000,5281.2000,5289.0000,5292.0000,5293.0000,5295.4000,5296.6000,2,1,1,1,2,2,1,1,5,2
SF,IC2002,2020-01-02 09:32:20.600,5288.8000,3274,-1,123758640.000,3,1,2,多平,S,5283.2000,5282.6000,5282.0000,5281.2000,5280.0000,5288.6000,5289.0000,5292.0000,5293.0000,5295.4000,1,1,1,2,2,1,2,1,1,5
SF,IC2002,2020-01-02 09:32:21.100,5288.8000,3274,0,123758640.000,0,-,-,-,-,5283.4000,5283.2000,5282.0000,5281.2000,5280.0000,5288.4000,5288.6000,5289.0000,5292.0000,5293.0000,2,1,1,2,2,1,1,2,1,1
SF,IC2002,2020-01-02 09:32:21.600,5288.8000,3274,0,123758640.000,0,-,-,-,-,5284.2000,5283.4000,5283.2000,5282.0000,5281.2000,5288.2000,5288.4000,5288.6000,5289.0000,5292.0000,1,2,1,1,2,1,1,2,2,1
SF,IC2002,2020-01-02 09:32:22.100,5288.8000,3274,0,123758640.000,0,-,-,-,-,5284.4000,5284.2000,5284.0000,5282.0000,5281.2000,5288.2000,5288.4000,5288.6000,5289.0000,5292.0000,1,1,1,1,2,1,1,2,2,1
SF,IC2002,2020-01-02 09:32:22.600,5288.8000,3274,0,123758640.000,0,-,-,-,-,5284.4000,5284.2000,5284.0000,5282.0000,5281.2000,5288.2000,5288.4000,5288.6000,5289.0000,5292.0000,1,1,1,1,2,1,1,2,2,1
SF,IC2002,2020-01-02 09:32:23.100,5288.8000,3274,0,123758640.000,0,-,-,-,-,5284.8000,5284.4000,5284.2000,5281.2000,5280.8000,5288.0000,5288.2000,5288.4000,5288.6000,5289.0000,1,1,1,2,1,1,1,1,2,2
SF,IC2002,2020-01-02 09:32:23.600,5288.0000,3274,0,124816240.000,1,0,1,多换,S,5288.0000,5285.0000,5284.8000,5284.2000,5281.2000,5288.4000,5288.6000,5289.0000,5292.0000,5293.0000,1,1,1,1,2,1,1,2,1,1
SF,IC2002,2020-01-02 09:32:24.100,5288.0000,3274,0,125873840.000,1,0,1,多换,S,5285.0000,5282.2000,5281.2000,5280.0000,5279.4000,5288.0000,5288.4000,5289.0000,5292.0000,5293.0000,1,1,2,2,1,1,1,2,1,1
SF,IC2002,2020-01-02 09:32:24.600,5288.0000,3274,0,127989040.000,2,1,1,多换,S,5288.2000,5285.2000,5285.0000,5282.2000,5281.2000,5288.4000,5289.0000,5292.0000,5293.0000,5295.4000,2,1,1,1,2,1,2,1,1,5
SF,IC2002,2020-01-02 09:32:25.100,5288.2000,3275,1,131162000.000,3,2,1,空开,S,5285.2000,5285.0000,5284.6000,5282.2000,5281.2000,5289.0000,5292.0000,5293.0000,5295.4000,5296.6000,1,1,1,1,2,2,1,1,5,2
SF,IC2002,2020-01-02 09:32:25.600,5288.2000,3275,0,131162000.000,0,-,-,-,-,5285.4000,5285.2000,5284.6000,5282.2000,5281.2000,5289.0000,5292.0000,5293.0000,5295.4000,5296.6000,1,1,1,1,2,2,1,1,5,2
SF,IC2002,2020-01-02 09:32:26.100,5288.2000,3275,0,131162000.000,0,-,-,-,-,5285.6000,5285.4000,5285.2000,5284.6000,5282.2000,5288.8000,5289.0000,5292.0000,5293.0000,5295.4000,1,1,1,1,1,1,2,1,1,5
SF,IC2002,2020-01-02 09:32:26.600,5288.2000,3275,0,131162000.000,0,-,-,-,-,5285.8000,5285.6000,5284.6000,5282.2000,5281.2000,5288.8000,5289.0000,5292.0000,5293.0000,5295.4000,1,1,1,1,2,1,2,1,1,5
SF,IC2002,2020-01-02 09:32:27.100,5285.8000,3275,0,132219160.000,1,0,1,多换,S,5285.6000,5284.6000,5282.2000,5281.2000,5280.0000,5288.8000,5289.0000,5292.0000,5293.0000,5295.4000,1,1,1,2,2,1,2,1,1,5
SF,IC2002,2020-01-02 09:32:27.600,5285.8000,3275,0,132219160.000,0,-,-,-,-,5285.8000,5285.6000,5284.6000,5282.2000,5281.2000,5288.6000,5288.8000,5289.0000,5292.0000,5293.0000,1,1,1,1,2,1,1,2,1,1
SF,IC2002,2020-01-02 09:32:28.100,5285.8000,3275,0,132219160.000,0,-,-,-,-,5286.0000,5285.8000,5284.6000,5282.2000,5281.2000,5288.4000,5288.6000,5289.0000,5292.0000,5293.0000,1,1,1,1,2,1,1,2,1,1
SF,IC2002,2020-01-02 09:32:28.600,5286.0000,3274,-1,134333560.000,2,0,2,多平,S,5284.6000,5282.2000,5281.2000,5280.0000,5279.4000,5288.2000,5288.4000,5288.6000,5289.0000,5292.0000,1,1,2,2,1,1,1,1,2,1
SF,IC2002,2020-01-02 09:32:29.100,5288.6000,3273,-1,136448920.000,2,0,2,多平,S,5284.8000,5284.6000,5282.2000,5281.2000,5280.0000,5289.0000,5292.0000,5293.0000,5295.4000,5296.6000,2,1,1,2,2,2,1,1,5,2
SF,IC2002,2020-01-02 09:32:29.600,5288.6000,3273,0,136448920.000,0,-,-,-,-,5284.8000,5284.6000,5282.2000,5281.2000,5280.0000,5288.8000,5289.0000,5292.0000,5293.0000,5295.4000,2,1,1,2,2,1,2,1,1,5
SF,IC2002,2020-01-02 09:32:30.100,5285.0000,3274,1,137505920.000,1,1,0,双开,S,5285.2000,5284.8000,5284.6000,5282.2000,5281.2000,5288.8000,5289.0000,5292.0000,5293.0000,5295.4000,1,2,1,1,2,1,2,1,1,5
SF,IC2002,2020-01-02 09:32:30.600,5285.0000,3274,0,137505920.000,0,-,-,-,-,5285.4000,5285.2000,5284.6000,5282.2000,5281.2000,5288.6000,5288.8000,5289.0000,5292.0000,5293.0000,1,2,1,1,2,1,1,2,1,1
SF,IC2002,2020-01-02 09:32:31.100,5285.0000,3274,0,137505920.000,0,-,-,-,-,5285.4000,5285.2000,5284.6000,5282.2000,5281.2000,5288.4000,5288.6000,5289.0000,5292.0000,5293.0000,1,1,1,1,2,1,1,2,1,1
SF,IC2002,2020-01-02 09:32:31.600,5285.4000,3274,0,138563000.000,1,0,1,多换,S,5284.6000,5282.2000,5281.2000,5280.0000,5279.4000,5288.2000,5288.4000,5288.6000,5289.0000,5292.0000,1,1,2,2,1,1,1,1,2,1
SF,IC2002,2020-01-02 09:32:32.100,5285.4000,3274,0,138563000.000,0,-,-,-,-,5284.8000,5284.6000,5282.2000,5281.2000,5280.0000,5288.2000,5289.0000,5292.0000,5293.0000,5295.4000,1,1,1,2,2,1,2,1,1,5
SF,IC2002,2020-01-02 09:32:32.600,5285.4000,3274,0,138563000.000,0,-,-,-,-,5285.0000,5284.8000,5284.6000,5282.2000,5281.2000,5288.0000,5289.0000,5292.0000,5293.0000,5295.4000,1,2,1,1,2,1,2,1,1,5
SF,IC2002,2020-01-02 09:32:33.100,5288.0000,3274,0,140677640.000,2,1,1,多换,S,5288.6000,5285.2000,5285.0000,5284.6000,5282.2000,5289.0000,5292.0000,5293.0000,5295.4000,5296.6000,2,1,1,1,1,2,1,1,5,2
SF,IC2002,2020-01-02 09:32:33.600,5288.6000,3274,0,142793040.000,2,1,1,多换,S,5285.2000,5285.0000,5284.6000,5282.2000,5281.2000,5288.8000,5289.0000,5292.0000,5293.0000,5295.4000,1,1,1,1,2,1,2,1,1,5
SF,IC2002,2020-01-02 09:32:34.100,5288.6000,3274,0,142793040.000,0,-,-,-,-,5285.4000,5285.2000,5284.6000,5282.2000,5281.2000,5288.6000,5288.8000,5289.0000,5292.0000,5293.0000,1,2,1,1,2,1,1,2,1,1
SF,IC2002,2020-01-02 09:32:34.600,5285.4000,3274,0,143850120.000,1,0,1,多换,S,5285.2000,5284.6000,5282.2000,5281.2000,5280.0000,5288.4000,5288.6000,5288.8000,5289.0000,5292.0000,2,1,1,2,2,3,1,1,2,1
SF,IC2002,2020-01-02 09:32:35.100,5285.4000,3274,0,144907200.000,1,0,1,多换,S,5285.2000,5284.6000,5282.2000,5281.2000,5280.0000,5288.2000,5288.4000,5288.8000,5289.0000,5292.0000,1,1,1,2,2,1,2,1,2,1
SF,IC2002,2020-01-02 09:32:35.600,5285.4000,3274,0,144907200.000,0,-,-,-,-,5285.4000,5285.2000,5284.6000,5282.2000,5281.2000,5288.2000,5288.4000,5288.8000,5289.0000,5292.0000,1,1,1,1,2,1,1,1,2,1
SF,IC2002,2020-01-02 09:32:36.100,5285.4000,3274,0,144907200.000,0,-,-,-,-,5285.4000,5285.2000,5284.6000,5282.2000,5281.2000,5288.0000,5288.2000,5288.4000,5288.8000,5289.0000,1,1,1,1,2,1,1,1,1,2
SF,IC2002,2020-01-02 09:32:36.600,5285.4000,3274,0,144907200.000,0,-,-,-,-,5285.6000,5285.4000,5284.6000,5282.2000,5281.2000,5287.8000,5288.0000,5288.2000,5288.4000,5289.0000,2,1,1,1,2,2,1,1,1,2
SF,IC2002,2020-01-02 09:32:37.100,5285.4000,3274,0,144907200.000,0,-,-,-,-,5285.6000,5284.6000,5282.2000,5281.2000,5280.0000,5287.6000,5287.8000,5288.2000,5288.4000,5289.0000,3,1,1,2,2,1,2,1,1,2
SF,IC2002,2020-01-02 09:32:37.600,5285.4000,3274,0,144907200.000,0,-,-,-,-,5285.6000,5284.6000,5282.2000,5281.2000,5280.0000,5287.4000,5287.6000,5287.8000,5288.2000,5289.0000,2,1,1,2,2,1,1,2,1,2
SF,IC2002,2020-01-02 09:32:38.100,5285.4000,3274,0,144907200.000,0,-,-,-,-,5285.6000,5284.6000,5282.2000,5281.2000,5280.0000,5287.2000,5287.4000,5287.8000,5288.2000,5289.0000,2,1,1,2,2,1,1,2,1,2
SF,IC2002,2020-01-02 09:32:38.600,5285.4000,3274,0,144907200.000,0,-,-,-,-,5285.6000,5284.6000,5282.2000,5281.2000,5280.0000,5287.2000,5287.4000,5287.8000,5288.2000,5289.0000,1,1,1,2,2,1,1,2,1,2
SF,IC2002,2020-01-02 09:32:39.100,5285.4000,3274,0,144907200.000,0,-,-,-,-,5284.6000,5282.2000,5281.2000,5280.0000,5279.4000,5287.2000,5287.4000,5287.8000,5288.2000,5289.0000,1,1,2,2,1,1,1,2,1,2
SF,IC2002,2020-01-02 09:32:39.600,5285.4000,3274,0,144907200.000,0,-,-,-,-,5284.8000,5284.6000,5282.2000,5281.2000,5280.0000,5287.0000,5287.2000,5287.4000,5287.8000,5288.2000,1,1,1,2,2,2,1,1,1,1
SF,IC2002,2020-01-02 09:32:40.100,5286.8000,3274,0,145964560.000,1,0,1,多换,S,5284.8000,5284.6000,5284.0000,5281.2000,5280.0000,5287.0000,5287.4000,5287.8000,5288.2000,5289.0000,1,1,1,2,2,2,1,1,1,2
SF,IC2002,2020-01-02 09:32:40.600,5286.8000,3274,0,145964560.000,0,-,-,-,-,5285.0000,5284.6000,5284.0000,5281.2000,5280.0000,5287.0000,5287.4000,5287.8000,5288.2000,5289.0000,1,1,1,2,2,2,1,1,1,2
SF,IC2002,2020-01-02 09:32:41.100,5285.2000,3275,1,147021600.000,1,1,0,双开,S,5285.2000,5285.0000,5284.6000,5284.0000,5281.2000,5286.8000,5287.0000,5287.4000,5288.2000,5289.0000,1,2,1,1,2,1,2,1,1,2
SF,IC2002,2020-01-02 09:32:41.600,5286.8000,3274,-1,148078960.000,1,0,1,双平,S,5285.2000,5285.0000,5284.6000,5284.0000,5281.2000,5287.0000,5287.4000,5289.0000,5292.0000,5293.0000,1,1,1,1,2,2,1,2,1,1
SF,IC2002,2020-01-02 09:32:42.100,5286.8000,3274,0,148078960.000,0,-,-,-,-,5285.4000,5285.2000,5284.6000,5284.0000,5281.2000,5287.0000,5289.0000,5292.0000,5293.0000,5295.4000,3,1,1,1,2,1,2,1,1,5
SF,IC2002,2020-01-02 09:32:42.600,5287.0000,3275,1,150193760.000,2,1,1,空开,S,5287.0000,5285.4000,5285.2000,5284.6000,5284.0000,5289.0000,5292.0000,5293.0000,5295.4000,5296.6000,3,3,1,1,1,2,1,1,5,2
SF,IC2002,2020-01-02 09:32:43.100,5287.0000,3275,0,150193760.000,0,-,-,-,-,5287.0000,5285.4000,5285.2000,5284.6000,5284.0000,5288.8000,5289.0000,5292.0000,5293.0000,5295.4000,3,2,1,1,1,1,2,1,1,5
SF,IC2002,2020-01-02 09:32:43.600,5287.0000,3275,0,150193760.000,0,-,-,-,-,5287.0000,5285.4000,5285.2000,5284.6000,5284.0000,5288.8000,5289.0000,5292.0000,5293.0000,5295.4000,3,2,1,1,1,1,2,1,1,5
SF,IC2002,2020-01-02 09:32:44.100,5287.0000,3275,0,150193760.000,0,-,-,-,-,5287.0000,5285.4000,5285.2000,5284.6000,5284.0000,5288.6000,5288.8000,5289.0000,5292.0000,5293.0000,3,2,1,1,1,1,1,2,1,1
SF,IC2002,2020-01-02 09:32:44.600,5287.0000,3275,0,150193760.000,0,-,-,-,-,5287.0000,5285.4000,5284.6000,5284.0000,5281.2000,5288.4000,5288.6000,5289.0000,5292.0000,5293.0000,4,2,1,1,2,1,1,2,1,1
SF,IC2002,2020-01-02 09:32:45.100,5287.0000,3276,1,151251160.000,1,1,0,双开,S,5287.0000,5285.4000,5284.6000,5284.0000,5281.2000,5288.4000,5288.6000,5289.0000,5292.0000,5293.0000,3,1,1,1,2,2,1,2,1,1
SF,IC2002,2020-01-02 09:32:45.600,5287.0000,3276,0,151251160.000,0,-,-,-,-,5287.0000,5285.4000,5284.6000,5284.0000,5281.2000,5288.4000,5288.6000,5289.0000,5292.0000,5293.0000,2,1,1,1,2,2,1,2,1,1
SF,IC2002,2020-01-02 09:32:46.600,5287.0000,3277,1,152308560.000,1,1,0,双开,S,5287.0000,5285.4000,5284.6000,5284.0000,5281.2000,5288.4000,5288.6000,5289.0000,5292.0000,5293.0000,1,1,1,1,2,2,1,2,1,1
SF,IC2002,2020-01-02 09:32:48.100,5287.0000,3278,1,153365960.000,1,1,0,双开,S,5285.4000,5284.6000,5284.0000,5281.2000,5280.4000,5288.4000,5288.6000,5289.0000,5292.0000,5293.0000,1,1,1,2,1,2,1,2,1,1
SF,IC2002,2020-01-02 09:32:49.100,5287.0000,3278,0,153365960.000,0,-,-,-,-,5285.6000,5285.4000,5284.6000,5284.0000,5281.2000,5288.4000,5289.0000,5292.0000,5293.0000,5295.4000,1,1,1,1,2,2,2,1,1,5
SF,IC2002,2020-01-02 09:32:49.600,5287.0000,3278,0,153365960.000,0,-,-,-,-,5285.8000,5284.6000,5284.0000,5281.2000,5280.4000,5288.4000,5289.0000,5292.0000,5293.0000,5295.4000,1,1,1,2,1,2,2,1,1,5
SF,IC2002,2020-01-02 09:32:50.100,5287.0000,3278,0,153365960.000,0,-,-,-,-,5285.8000,5284.6000,5284.0000,5281.2000,5280.4000,5288.4000,5289.0000,5292.0000,5293.0000,5295.4000,2,1,1,2,1,2,2,1,1,5
SF,IC2002,2020-01-02 09:32:50.600,5287.0000,3278,0,153365960.000,0,-,-,-,-,5286.0000,5285.8000,5284.6000,5284.0000,5281.2000,5288.4000,5289.0000,5292.0000,5293.0000,5295.4000,1,2,1,1,2,2,2,1,1,5
SF,IC2002,2020-01-02 09:32:51.100,5287.0000,3278,0,153365960.000,0,-,-,-,-,5286.2000,5286.0000,5285.8000,5284.6000,5284.0000,5288.4000,5289.0000,5292.0000,5293.0000,5295.4000,1,1,1,1,1,1,2,1,1,5
SF,IC2002,2020-01-02 09:32:51.600,5287.0000,3278,0,153365960.000,0,-,-,-,-,5286.2000,5286.0000,5284.6000,5284.0000,5281.2000,5288.2000,5288.4000,5289.0000,5292.0000,5293.0000,2,1,1,1,2,1,1,2,1,1
SF,IC2002,2020-01-02 09:32:52.100,5288.2000,3278,0,154423600.000,1,0,1,多换,S,5286.2000,5286.0000,5284.6000,5284.0000,5281.2000,5288.4000,5289.0000,5292.0000,5293.0000,5295.4000,2,1,1,1,2,1,2,1,1,5
SF,IC2002,2020-01-02 09:32:52.600,5288.2000,3278,0,155481240.000,1,0,1,多换,S,5286.2000,5286.0000,5284.6000,5284.0000,5281.2000,5288.4000,5289.0000,5292.0000,5293.0000,5295.4000,2,1,1,1,2,1,2,1,1,5
SF,IC2002,2020-01-02 09:32:53.100,5288.2000,3278,0,155481240.000,0,-,-,-,-,5286.2000,5286.0000,5284.6000,5284.0000,5281.2000,5288.4000,5289.0000,5292.0000,5293.0000,5295.4000,2,1,1,1,2,1,2,1,1,5
SF,IC2002,2020-01-02 09:32:53.600,5288.4000,3277,-1,156538920.000,1,0,1,双平,S,5286.4000,5286.2000,5284.6000,5284.0000,5281.2000,5289.0000,5292.0000,5293.0000,5295.4000,5296.6000,1,2,1,1,2,2,1,1,5,2
SF,IC2002,2020-01-02 09:32:54.100,5289.0000,3276,-1,157596720.000,1,0,1,双平,S,5286.6000,5286.4000,5284.6000,5284.0000,5281.2000,5289.0000,5292.0000,5293.0000,5295.4000,5296.6000,1,1,1,1,2,1,1,1,5,2
SF,IC2002,2020-01-02 09:32:54.600,5289.0000,3275,-1,158654520.000,1,0,1,双平,S,5286.8000,5286.6000,5286.4000,5284.6000,5284.0000,5289.0000,5292.0000,5293.0000,5295.4000,5296.6000,1,1,1,1,1,1,1,1,5,2
SF,IC2002,2020-01-02 09:32:55.100,5287.0000,3275,0,159711920.000,1,0,1,多换,S,5287.0000,5286.8000,5286.4000,5284.6000,5284.0000,5289.0000,5292.0000,5293.0000,5295.4000,5296.6000,2,1,1,1,1,1,1,1,5,2
SF,IC2002,2020-01-02 09:32:55.600,5287.0000,3275,0,159711920.000,0,-,-,-,-,5287.0000,5286.8000,5286.4000,5284.6000,5284.0000,5289.0000,5292.0000,5293.0000,5295.4000,5296.6000,2,1,1,1,1,1,1,1,5,2
SF,IC2002,2020-01-02 09:32:56.100,5287.0000,3275,0,159711920.000,0,-,-,-,-,5287.2000,5287.0000,5284.6000,5284.0000,5281.2000,5289.0000,5292.0000,5293.0000,5295.4000,5296.6000,1,1,1,1,2,1,1,1,5,2
SF,IC2002,2020-01-02 09:32:56.600,5287.0000,3275,0,159711920.000,0,-,-,-,-,5287.4000,5287.2000,5284.6000,5284.0000,5281.2000,5289.0000,5292.0000,5293.0000,5295.4000,5296.6000,1,1,1,1,2,1,1,1,5,2
SF,IC2002,2020-01-02 09:32:57.100,5287.2000,3275,0,160769360.000,1,0,1,多换,S,5284.6000,5284.0000,5281.2000,5280.4000,5280.0000,5289.0000,5292.0000,5293.0000,5295.4000,5296.6000,1,1,2,1,1,1,1,1,5,2
SF,IC2002,2020-01-02 09:32:57.600,5287.2000,3275,0,160769360.000,0,-,-,-,-,5287.6000,5284.8000,5284.6000,5284.4000,5284.0000,5289.0000,5292.0000,5293.0000,5295.4000,5296.6000,1,1,1,1,1,1,1,1,5,2
SF,IC2002,2020-01-02 09:32:58.100,5287.2000,3275,0,160769360.000,0,-,-,-,-,5287.6000,5284.8000,5284.6000,5284.4000,5284.0000,5288.8000,5289.0000,5292.0000,5293.0000,5295.4000,1,1,1,1,1,1,1,1,1,5
SF,IC2002,2020-01-02 09:32:58.600,5287.2000,3275,0,160769360.000,0,-,-,-,-,5287.8000,5284.8000,5284.6000,5284.0000,5281.2000,5288.8000,5289.0000,5292.0000,5293.0000,5295.4000,1,1,1,1,2,1,1,1,1,5
SF,IC2002,2020-01-02 09:32:59.100,5287.2000,3275,0,160769360.000,0,-,-,-,-,5287.8000,5284.8000,5284.6000,5284.0000,5281.2000,5288.8000,5289.0000,5292.0000,5293.0000,5295.4000,1,1,1,1,2,1,1,1,1,5
SF,IC2002,2020-01-02 09:33:00.100,5287.2000,3275,0,160769360.000,0,-,-,-,-,5284.8000,5284.6000,5284.0000,5281.2000,5280.4000,5288.8000,5289.0000,5292.0000,5293.0000,5295.4000,1,1,1,2,1,1,1,1,1,5
SF,IC2002,2020-01-02 09:33:00.600,5287.2000,3275,0,160769360.000,0,-,-,-,-,5285.0000,5284.8000,5284.6000,5284.0000,5281.2000,5288.8000,5289.0000,5292.0000,5293.0000,5295.4000,2,1,1,1,2,1,1,1,1,5
SF,IC2002,2020-01-02 09:33:01.100,5287.2000,3275,0,160769360.000,0,-,-,-,-,5285.2000,5285.0000,5284.6000,5284.0000,5281.2000,5288.8000,5289.0000,5292.0000,5293.0000,5295.4000,1,2,1,1,2,1,1,1,1,5
SF,IC2002,2020-01-02 09:33:01.600,5287.2000,3275,0,160769360.000,0,-,-,-,-,5286.0000,5285.4000,5285.2000,5285.0000,5284.6000,5288.8000,5289.0000,5292.0000,5293.0000,5295.4000,1,1,1,2,1,1,1,1,1,5
SF,IC2002,2020-01-02 09:33:02.100,5287.2000,3275,0,160769360.000,0,-,-,-,-,5287.0000,5286.2000,5286.0000,5285.4000,5285.0000,5288.8000,5289.0000,5292.0000,5293.0000,5295.4000,1,2,1,1,1,1,1,1,1,5
SF,IC2002,2020-01-02 09:33:02.600,5287.2000,3275,0,160769360.000,0,-,-,-,-,5287.2000,5287.0000,5286.0000,5285.4000,5284.6000,5288.8000,5289.0000,5292.0000,5293.0000,5295.4000,2,1,1,1,1,1,1,1,1,5
SF,IC2002,2020-01-02 09:33:03.100,5288.8000,3275,0,161827120.000,1,0,1,多换,S,5287.2000,5286.0000,5284.6000,5284.0000,5281.2000,5289.0000,5292.0000,5293.0000,5295.4000,5296.6000,3,1,1,1,2,1,1,1,5,2
SF,IC2002,2020-01-02 09:33:03.600,5288.8000,3275,0,161827120.000,0,-,-,-,-,5287.2000,5286.0000,5284.6000,5284.0000,5281.2000,5288.8000,5289.0000,5292.0000,5293.0000,5295.4000,2,1,1,1,2,1,1,1,1,5
SF,IC2002,2020-01-02 09:33:04.100,5288.8000,3275,0,161827120.000,0,-,-,-,-,5287.2000,5284.6000,5284.0000,5281.2000,5280.4000,5288.8000,5289.0000,5292.0000,5293.0000,5295.4000,3,1,1,2,1,1,1,1,1,5
SF,IC2002,2020-01-02 09:33:04.600,5288.8000,3275,0,161827120.000,0,-,-,-,-,5287.4000,5287.2000,5284.6000,5284.0000,5281.2000,5288.8000,5289.0000,5292.0000,5293.0000,5295.4000,1,4,1,1,2,1,1,1,1,5
SF,IC2002,2020-01-02 09:33:05.100,5288.8000,3275,0,161827120.000,0,-,-,-,-,5287.4000,5287.2000,5284.6000,5284.0000,5281.2000,5288.8000,5289.0000,5292.0000,5293.0000,5295.4000,1,3,1,1,2,1,1,1,1,5
SF,IC2002,2020-01-02 09:33:05.600,5288.8000,3275,0,161827120.000,0,-,-,-,-,5287.6000,5287.4000,5287.2000,5284.6000,5284.0000,5288.8000,5289.0000,5292.0000,5293.0000,5295.4000,1,1,3,1,1,1,1,1,1,5
SF,IC2002,2020-01-02 09:33:06.100,5288.8000,3275,0,161827120.000,0,-,-,-,-,5287.8000,5287.2000,5284.6000,5284.0000,5281.2000,5289.0000,5292.0000,5293.0000,5295.4000,5296.6000,1,2,1,1,2,1,1,1,5,2
SF,IC2002,2020-01-02 09:33:06.600,5288.8000,3275,0,161827120.000,0,-,-,-,-,5287.8000,5287.2000,5284.6000,5284.0000,5281.2000,5289.0000,5292.0000,5293.0000,5295.4000,5296.6000,1,2,1,1,2,1,1,1,5,2
SF,IC2002,2020-01-02 09:33:07.100,5288.8000,3275,0,161827120.000,0,-,-,-,-,5287.8000,5287.2000,5284.6000,5284.0000,5281.2000,5288.6000,5289.0000,5292.0000,5293.0000,5295.4000,2,2,1,1,2,1,1,1,1,5
SF,IC2002,2020-01-02 09:33:07.600,5288.0000,3275,0,162884720.000,1,0,1,多换,S,5287.8000,5287.2000,5284.6000,5284.0000,5281.2000,5288.6000,5289.0000,5292.0000,5293.0000,5295.4000,2,2,1,1,2,1,1,1,1,5
SF,IC2002,2020-01-02 09:33:09.100,5287.8000,3273,-2,164999840.000,2,0,2,双平,S,5287.2000,5284.6000,5284.0000,5281.2000,5280.4000,5288.6000,5289.0000,5292.0000,5293.0000,5295.4000,2,1,1,2,1,1,1,1,1,5
SF,IC2002,2020-01-02 09:33:09.600,5287.8000,3273,0,164999840.000,0,-,-,-,-,5287.2000,5284.6000,5284.0000,5281.2000,5280.4000,5288.4000,5288.6000,5289.0000,5292.0000,5293.0000,2,1,1,2,1,1,2,1,1,1
SF,IC2002,2020-01-02 09:33:10.100,5287.2000,3272,-1,166057280.000,1,0,1,双平,S,5287.2000,5284.6000,5284.0000,5281.2000,5280.4000,5288.4000,5288.6000,5289.0000,5292.0000,5293.0000,1,1,1,2,1,1,2,1,1,1
SF,IC2002,2020-01-02 09:33:10.600,5287.2000,3272,0,166057280.000,0,-,-,-,-,5287.2000,5284.6000,5284.0000,5281.2000,5280.4000,5288.4000,5288.6000,5289.0000,5292.0000,5293.0000,1,1,1,2,1,1,2,1,1,1
SF,IC2002,2020-01-02 09:33:12.600,5287.2000,3272,0,166057280.000,0,-,-,-,-,5287.2000,5284.6000,5284.0000,5281.2000,5280.4000,5287.4000,5288.4000,5288.6000,5289.0000,5292.0000,1,1,1,2,1,1,1,2,1,1
SF,IC2002,2020-01-02 09:33:13.100,5287.2000,3272,0,167114720.000,1,0,1,多换,S,5284.6000,5284.0000,5281.2000,5280.4000,5279.4000,5287.4000,5288.4000,5288.6000,5289.0000,5292.0000,1,1,2,1,1,1,1,2,1,1
SF,IC2002,2020-01-02 09:33:13.600,5287.2000,3272,0,167114720.000,0,-,-,-,-,5284.8000,5284.6000,5284.0000,5281.2000,5280.4000,5287.4000,5288.6000,5289.0000,5292.0000,5293.0000,2,1,1,2,1,1,2,1,1,1
SF,IC2002,2020-01-02 09:33:14.100,5287.2000,3272,0,167114720.000,0,-,-,-,-,5284.8000,5284.6000,5284.0000,5281.2000,5280.4000,5287.2000,5287.4000,5288.6000,5289.0000,5292.0000,2,1,1,2,1,1,1,2,1,1
SF,IC2002,2020-01-02 09:33:14.600,5287.2000,3272,0,167114720.000,0,-,-,-,-,5284.8000,5284.6000,5284.0000,5281.2000,5280.4000,5287.2000,5287.4000,5288.6000,5289.0000,5292.0000,1,1,1,2,1,1,1,2,1,1
SF,IC2002,2020-01-02 09:33:15.100,5287.2000,3272,0,167114720.000,0,-,-,-,-,5284.8000,5284.6000,5284.0000,5281.2000,5280.4000,5287.2000,5287.4000,5288.6000,5289.0000,5292.0000,1,1,1,2,1,1,1,2,1,1
SF,IC2002,2020-01-02 09:33:15.600,5287.2000,3272,0,167114720.000,0,-,-,-,-,5285.0000,5284.8000,5284.6000,5284.0000,5281.2000,5287.2000,5287.4000,5288.6000,5289.0000,5292.0000,1,1,1,1,2,1,1,2,1,1
SF,IC2002,2020-01-02 09:33:16.100,5287.2000,3272,0,167114720.000,0,-,-,-,-,5285.2000,5285.0000,5284.6000,5284.0000,5281.2000,5287.2000,5287.4000,5288.6000,5289.0000,5292.0000,2,1,1,1,2,1,1,2,1,1
SF,IC2002,2020-01-02 09:33:17.100,5287.2000,3272,0,167114720.000,0,-,-,-,-,5285.4000,5285.2000,5284.6000,5284.0000,5281.2000,5287.2000,5287.4000,5288.6000,5289.0000,5292.0000,1,2,1,1,2,1,1,2,1,1
SF,IC2002,2020-01-02 09:33:17.600,5287.2000,3272,0,167114720.000,0,-,-,-,-,5285.6000,5285.4000,5285.2000,5284.6000,5284.0000,5287.2000,5287.4000,5288.6000,5289.0000,5292.0000,2,1,1,1,1,1,1,2,1,1
SF,IC2002,2020-01-02 09:33:18.100,5287.2000,3272,0,167114720.000,0,-,-,-,-,5285.6000,5285.2000,5284.6000,5284.0000,5281.2000,5287.2000,5287.4000,5288.6000,5289.0000,5292.0000,2,1,1,1,2,1,1,2,1,1
SF,IC2002,2020-01-02 09:33:18.600,5287.2000,3272,0,167114720.000,0,-,-,-,-,5285.8000,5285.6000,5285.2000,5284.6000,5284.0000,5287.2000,5287.4000,5288.6000,5289.0000,5292.0000,1,2,1,1,1,1,1,2,1,1
SF,IC2002,2020-01-02 09:33:19.100,5287.2000,3272,0,167114720.000,0,-,-,-,-,5286.0000,5285.8000,5285.6000,5285.2000,5284.6000,5287.2000,5287.4000,5288.6000,5289.0000,5292.0000,1,1,2,1,1,1,1,2,1,1
SF,IC2002,2020-01-02 09:33:19.600,5286.0000,3272,0,168171920.000,1,0,1,多换,S,5286.2000,5285.6000,5284.6000,5284.0000,5281.2000,5287.2000,5287.4000,5288.6000,5289.0000,5292.0000,1,2,1,1,2,1,1,2,1,1
SF,IC2002,2020-01-02 09:33:20.100,5286.2000,3271,-1,169229160.000,1,0,1,双平,S,5285.6000,5284.6000,5284.0000,5281.2000,5280.4000,5287.2000,5287.4000,5288.6000,5289.0000,5292.0000,1,1,1,2,1,1,1,2,1,1
SF,IC2002,2020-01-02 09:33:20.600,5286.2000,3271,0,169229160.000,0,-,-,-,-,5285.6000,5284.6000,5284.0000,5281.2000,5280.4000,5287.2000,5287.4000,5288.6000,5289.0000,5292.0000,1,1,1,2,1,1,1,2,1,1
SF,IC2002,2020-01-02 09:33:21.100,5286.2000,3271,0,169229160.000,0,-,-,-,-,5284.6000,5284.0000,5281.2000,5280.4000,5279.4000,5287.2000,5287.4000,5288.6000,5289.0000,5292.0000,1,1,2,1,1,1,1,2,1,1
SF,IC2002,2020-01-02 09:33:21.600,5286.2000,3271,0,169229160.000,0,-,-,-,-,5284.8000,5284.6000,5284.0000,5281.2000,5280.4000,5287.0000,5287.2000,5287.4000,5288.6000,5289.0000,1,1,1,2,1,1,1,1,2,1
SF,IC2002,2020-01-02 09:33:22.100,5286.2000,3271,0,169229160.000,0,-,-,-,-,5284.8000,5284.6000,5284.0000,5281.2000,5280.4000,5286.8000,5287.0000,5287.4000,5288.6000,5289.0000,1,1,1,2,1,1,1,1,2,1
SF,IC2002,2020-01-02 09:33:22.600,5286.2000,3271,0,169229160.000,0,-,-,-,-,5284.8000,5284.6000,5284.0000,5281.2000,5280.4000,5286.6000,5286.8000,5287.0000,5287.4000,5288.6000,1,1,1,2,1,1,1,1,1,2
SF,IC2002,2020-01-02 09:33:23.100,5286.2000,3271,0,169229160.000,0,-,-,-,-,5285.6000,5284.0000,5281.2000,5280.4000,5279.4000,5286.4000,5286.6000,5287.0000,5287.4000,5288.6000,1,1,2,1,1,1,1,1,1,2
SF,IC2002,2020-01-02 09:33:23.600,5286.2000,3271,0,169229160.000,0,-,-,-,-,5285.6000,5284.0000,5281.2000,5280.4000,5279.4000,5286.4000,5286.6000,5287.0000,5287.4000,5288.6000,1,1,2,1,1,1,1,1,1,2
SF,IC2002,2020-01-02 09:33:24.100,5286.2000,3271,0,169229160.000,0,-,-,-,-,5285.6000,5284.0000,5281.2000,5280.4000,5279.4000,5286.4000,5286.6000,5287.0000,5287.4000,5288.6000,1,1,2,1,1,1,1,1,1,2
SF,IC2002,2020-01-02 09:33:25.600,5286.4000,3270,-1,170286440.000,1,0,1,双平,S,5285.6000,5284.0000,5281.2000,5280.4000,5279.4000,5286.6000,5287.0000,5287.4000,5288.6000,5289.0000,1,1,2,1,1,1,1,1,2,1
SF,IC2002,2020-01-02 09:33:26.100,5286.4000,3270,0,170286440.000,0,-,-,-,-,5285.6000,5284.0000,5281.2000,5280.4000,5279.4000,5287.4000,5288.6000,5289.0000,5292.0000,5293.0000,1,1,2,1,1,1,2,1,1,1
SF,IC2002,2020-01-02 09:33:26.600,5286.4000,3270,0,170286440.000,0,-,-,-,-,5285.8000,5285.6000,5284.0000,5281.2000,5280.4000,5287.4000,5288.6000,5289.0000,5292.0000,5293.0000,2,1,1,2,1,1,2,1,1,1
SF,IC2002,2020-01-02 09:33:30.100,5285.8000,3270,0,172400760.000,2,1,1,多换,S,5285.6000,5284.0000,5281.2000,5279.4000,5279.0000,5287.4000,5288.6000,5289.0000,5292.0000,5293.0000,1,1,2,1,3,1,2,1,1,1
SF,IC2002,2020-01-02 09:33:30.600,5285.6000,3271,1,173457880.000,1,1,0,双开,S,5284.0000,5281.2000,5279.4000,5278.2000,5276.0000,5287.2000,5287.4000,5288.6000,5289.0000,5292.0000,1,2,1,3,1,3,1,2,1,1
SF,IC2002,2020-01-02 09:33:31.100,5285.6000,3271,0,173457880.000,0,-,-,-,-,5284.2000,5284.0000,5281.2000,5279.4000,5278.2000,5287.2000,5287.4000,5288.6000,5289.0000,5292.0000,1,1,2,1,3,2,1,2,1,1
SF,IC2002,2020-01-02 09:33:31.600,5285.6000,3271,0,173457880.000,0,-,-,-,-,5284.2000,5284.0000,5281.2000,5279.4000,5278.2000,5287.2000,5287.4000,5288.6000,5289.0000,5292.0000,1,1,2,1,3,1,1,2,1,1
SF,IC2002,2020-01-02 09:33:32.100,5285.6000,3271,0,173457880.000,0,-,-,-,-,5284.2000,5284.0000,5281.2000,5279.4000,5278.2000,5287.0000,5287.2000,5287.4000,5288.6000,5289.0000,1,1,2,1,3,1,1,1,2,1
SF,IC2002,2020-01-02 09:33:32.600,5285.6000,3271,0,173457880.000,0,-,-,-,-,5284.2000,5284.0000,5281.2000,5279.4000,5278.2000,5286.8000,5287.0000,5287.4000,5288.6000,5289.0000,1,1,2,1,3,1,1,1,2,1
SF,IC2002,2020-01-02 09:33:33.100,5285.6000,3271,0,173457880.000,0,-,-,-,-,5284.2000,5284.0000,5281.2000,5278.2000,5276.0000,5286.6000,5286.8000,5287.0000,5287.4000,5288.6000,1,1,2,3,1,1,1,1,1,2
SF,IC2002,2020-01-02 09:33:33.600,5285.6000,3271,0,173457880.000,0,-,-,-,-,5284.2000,5284.0000,5281.2000,5278.2000,5276.0000,5286.4000,5286.6000,5287.0000,5287.4000,5288.6000,1,1,2,3,1,1,1,1,1,2
SF,IC2002,2020-01-02 09:33:34.100,5285.6000,3271,0,173457880.000,0,-,-,-,-,5284.2000,5284.0000,5281.2000,5278.2000,5276.0000,5286.4000,5286.6000,5287.0000,5287.4000,5288.6000,1,1,2,3,1,1,1,1,1,2
SF,IC2002,2020-01-02 09:33:34.600,5285.6000,3271,0,173457880.000,0,-,-,-,-,5284.2000,5284.0000,5281.2000,5278.2000,5276.0000,5286.2000,5286.4000,5286.6000,5287.0000,5287.4000,1,1,2,3,1,1,1,1,1,1
SF,IC2002,2020-01-02 09:33:35.100,5285.6000,3271,0,173457880.000,0,-,-,-,-,5284.0000,5281.2000,5276.0000,5272.2000,5266.6000,5286.0000,5286.2000,5286.6000,5287.0000,5287.4000,1,2,1,5,3,1,1,1,1,1
SF,IC2002,2020-01-02 09:33:35.600,5285.6000,3271,0,173457880.000,0,-,-,-,-,5284.0000,5281.2000,5276.0000,5272.2000,5266.6000,5285.8000,5286.0000,5286.2000,5286.6000,5287.0000,1,2,1,5,3,1,1,1,1,1
SF,IC2002,2020-01-02 09:33:36.100,5285.8000,3271,0,174515040.000,1,0,1,多换,S,5284.2000,5284.0000,5281.2000,5276.0000,5272.2000,5286.0000,5286.2000,5286.6000,5287.0000,5287.4000,1,1,2,1,5,1,1,1,1,1
SF,IC2002,2020-01-02 09:33:36.600,5286.0000,3270,-1,175572240.000,1,0,1,双平,S,5284.4000,5284.2000,5284.0000,5281.2000,5276.0000,5286.2000,5286.6000,5287.4000,5288.6000,5289.0000,1,1,1,2,1,1,1,1,2,1
SF,IC2002,2020-01-02 09:33:37.100,5286.2000,3271,1,176629480.000,1,1,0,双开,S,5287.2000,5284.6000,5284.4000,5284.0000,5281.2000,5287.4000,5288.6000,5289.0000,5292.0000,5293.0000,9,1,1,1,2,1,2,1,1,1
SF,IC2002,2020-01-02 09:33:37.600,5287.2000,3274,3,186146440.000,9,6,3,空开,S,5284.6000,5284.4000,5284.0000,5281.2000,5276.0000,5285.0000,5287.2000,5287.4000,5288.6000,5292.0000,2,1,1,2,1,1,2,2,2,1
SF,IC2002,2020-01-02 09:33:38.100,5285.0000,3274,0,187203440.000,1,0,1,多换,S,5284.6000,5284.0000,5281.2000,5276.0000,5272.2000,5287.2000,5287.4000,5288.6000,5292.0000,5293.0000,2,1,2,1,5,2,2,2,1,1
SF,IC2002,2020-01-02 09:33:38.600,5285.0000,3274,0,187203440.000,0,-,-,-,-,5284.6000,5284.0000,5281.2000,5276.0000,5272.2000,5287.0000,5287.2000,5287.4000,5288.6000,5292.0000,1,1,2,1,5,2,2,2,2,1
SF,IC2002,2020-01-02 09:33:39.100,5285.0000,3274,0,187203440.000,0,-,-,-,-,5284.8000,5284.6000,5284.0000,5281.2000,5276.0000,5287.0000,5287.2000,5287.4000,5288.6000,5292.0000,1,1,1,2,1,1,2,2,2,1
SF,IC2002,2020-01-02 09:33:39.600,5285.0000,3275,1,188260440.000,1,1,0,双开,S,5285.0000,5284.8000,5284.0000,5281.2000,5276.0000,5287.0000,5287.2000,5287.4000,5288.6000,5292.0000,1,1,1,2,1,1,2,2,2,1
SF,IC2002,2020-01-02 09:33:40.100,5285.0000,3275,0,189317440.000,1,0,1,多换,S,5284.8000,5284.0000,5281.2000,5276.0000,5272.2000,5286.8000,5287.0000,5287.2000,5287.4000,5288.6000,1,1,2,1,5,1,1,2,2,2
SF,IC2002,2020-01-02 09:33:40.600,5285.0000,3275,0,189317440.000,0,-,-,-,-,5285.0000,5284.0000,5281.2000,5276.0000,5272.2000,5286.6000,5287.4000,5288.6000,5292.0000,5293.0000,1,1,2,1,5,1,2,2,1,1
SF,IC2002,2020-01-02 09:33:41.100,5285.0000,3275,0,189317440.000,0,-,-,-,-,5285.2000,5285.0000,5284.0000,5281.2000,5276.0000,5286.6000,5287.4000,5288.6000,5292.0000,5293.0000,1,1,1,2,1,1,1,2,1,1
SF,IC2002,2020-01-02 09:33:41.600,5285.0000,3275,0,189317440.000,0,-,-,-,-,5285.4000,5285.2000,5284.0000,5281.2000,5276.0000,5286.6000,5287.4000,5288.6000,5292.0000,5293.0000,1,1,1,2,1,1,1,2,1,1
SF,IC2002,2020-01-02 09:33:43.600,5285.0000,3275,0,189317440.000,0,-,-,-,-,5285.4000,5285.2000,5284.0000,5281.2000,5276.0000,5286.4000,5287.4000,5288.6000,5292.0000,5293.0000,1,1,1,2,1,1,1,2,1,1
SF,IC2002,2020-01-02 09:33:44.100,5286.4000,3276,1,190374720.000,1,1,0,双开,S,5286.6000,5285.2000,5284.0000,5281.2000,5276.0000,5287.4000,5288.6000,5292.0000,5293.0000,5295.4000,1,1,1,2,1,1,2,1,1,5
SF,IC2002,2020-01-02 09:33:44.600,5286.6000,3277,1,191432040.000,1,1,0,双开,S,5284.0000,5281.2000,5276.0000,5272.2000,5266.6000,5286.0000,5287.2000,5287.4000,5288.6000,5292.0000,1,2,1,5,3,1,1,1,2,1
SF,IC2002,2020-01-02 09:33:45.100,5286.6000,3277,0,191432040.000,0,-,-,-,-,5284.2000,5284.0000,5281.2000,5276.0000,5272.2000,5286.0000,5287.4000,5288.6000,5292.0000,5293.0000,2,1,2,1,5,1,1,2,1,1
SF,IC2002,2020-01-02 09:33:46.600,5286.6000,3277,0,191432040.000,0,-,-,-,-,5284.2000,5284.0000,5281.2000,5276.0000,5272.2000,5286.0000,5287.4000,5288.6000,5292.0000,5293.0000,2,1,2,1,5,2,1,2,1,1
SF,IC2002,2020-01-02 09:33:47.100,5286.6000,3277,0,191432040.000,0,-,-,-,-,5284.0000,5281.2000,5276.0000,5272.2000,5266.6000,5285.8000,5286.0000,5287.4000,5288.6000,5292.0000,1,2,1,5,3,2,2,1,2,1
SF,IC2002,2020-01-02 09:33:48.100,5284.0000,3277,0,192488840.000,1,0,1,多换,S,5281.2000,5276.0000,5272.2000,5266.6000,5266.0000,5285.8000,5286.0000,5287.4000,5288.6000,5292.0000,2,1,5,3,2,2,2,1,2,1
SF,IC2002,2020-01-02 09:33:48.600,5284.0000,3277,0,192488840.000,0,-,-,-,-,5281.4000,5281.2000,5276.0000,5272.2000,5266.6000,5285.8000,5286.0000,5287.4000,5288.6000,5292.0000,2,2,1,5,3,2,2,1,2,1
SF,IC2002,2020-01-02 09:33:49.100,5284.0000,3277,0,192488840.000,0,-,-,-,-,5281.4000,5281.2000,5276.0000,5272.2000,5266.6000,5285.0000,5285.6000,5285.8000,5286.0000,5287.4000,2,2,1,5,3,1,1,2,2,1
SF,IC2002,2020-01-02 09:33:49.600,5284.0000,3277,0,192488840.000,0,-,-,-,-,5281.4000,5281.2000,5276.0000,5272.2000,5266.6000,5284.8000,5285.8000,5286.0000,5287.4000,5288.6000,1,2,1,5,3,1,1,2,1,2
SF,IC2002,2020-01-02 09:33:50.100,5284.0000,3277,0,192488840.000,0,-,-,-,-,5281.6000,5281.4000,5281.2000,5276.0000,5272.2000,5284.8000,5285.8000,5286.0000,5287.4000,5288.6000,1,1,2,1,5,1,1,1,1,2
SF,IC2002,2020-01-02 09:33:50.600,5284.8000,3277,0,193545800.000,1,0,1,多换,S,5281.8000,5281.6000,5281.2000,5276.0000,5272.2000,5285.8000,5286.0000,5287.4000,5288.6000,5292.0000,1,1,2,1,5,1,1,1,2,1
SF,IC2002,2020-01-02 09:33:51.100,5284.8000,3277,0,193545800.000,0,-,-,-,-,5281.8000,5281.2000,5276.0000,5272.2000,5266.6000,5285.6000,5285.8000,5286.0000,5287.4000,5288.6000,1,2,1,5,3,2,1,1,1,2
SF,IC2002,2020-01-02 09:33:51.600,5284.8000,3277,0,193545800.000,0,-,-,-,-,5282.0000,5281.8000,5281.2000,5276.0000,5272.2000,5285.4000,5285.6000,5285.8000,5286.0000,5287.4000,1,1,2,1,5,1,2,1,1,1
SF,IC2002,2020-01-02 09:33:52.100,5284.8000,3277,0,193545800.000,0,-,-,-,-,5282.2000,5282.0000,5281.2000,5276.0000,5272.2000,5285.0000,5285.4000,5285.6000,5285.8000,5286.0000,1,1,2,1,5,1,1,1,1,1
SF,IC2002,2020-01-02 09:33:52.600,5284.8000,3277,0,193545800.000,0,-,-,-,-,5282.2000,5282.0000,5281.2000,5276.0000,5272.2000,5284.8000,5285.4000,5285.8000,5286.0000,5287.4000,1,1,2,1,5,1,1,1,1,1
SF,IC2002,2020-01-02 09:33:53.100,5284.8000,3277,0,193545800.000,0,-,-,-,-,5282.2000,5281.2000,5276.0000,5272.2000,5266.6000,5284.8000,5285.4000,5285.8000,5286.0000,5287.4000,1,2,1,5,3,1,1,1,1,1
SF,IC2002,2020-01-02 09:33:53.600,5284.8000,3277,0,193545800.000,0,-,-,-,-,5282.4000,5282.2000,5281.2000,5276.0000,5272.2000,5284.6000,5284.8000,5285.0000,5285.4000,5285.8000,1,1,2,1,5,1,1,1,1,1
SF,IC2002,2020-01-02 09:33:54.100,5284.8000,3277,0,193545800.000,0,-,-,-,-,5282.6000,5282.4000,5281.2000,5276.0000,5272.2000,5285.4000,5285.8000,5286.0000,5287.4000,5288.6000,1,1,2,1,5,1,1,1,1,2
SF,IC2002,2020-01-02 09:33:54.600,5284.8000,3277,0,193545800.000,0,-,-,-,-,5282.8000,5282.6000,5281.2000,5276.0000,5272.2000,5285.0000,5285.2000,5285.4000,5285.8000,5286.0000,1,1,2,1,5,1,2,1,1,1
SF,IC2002,2020-01-02 09:33:55.100,5282.6000,3278,1,195658880.000,2,1,1,空开,S,5281.2000,5276.0000,5272.2000,5266.6000,5266.0000,5284.8000,5285.0000,5285.2000,5285.4000,5285.8000,2,1,5,3,2,1,1,1,1,1
SF,IC2002,2020-01-02 09:33:55.600,5282.6000,3278,0,195658880.000,0,-,-,-,-,5281.4000,5281.2000,5276.0000,5272.2000,5266.6000,5284.6000,5284.8000,5285.0000,5285.2000,5285.4000,1,2,1,5,3,1,1,1,1,1
SF,IC2002,2020-01-02 09:33:56.100,5282.6000,3278,0,195658880.000,0,-,-,-,-,5281.4000,5281.2000,5276.0000,5272.2000,5266.6000,5284.4000,5284.6000,5285.4000,5285.8000,5286.0000,1,2,1,5,3,1,1,1,1,1
SF,IC2002,2020-01-02 09:33:56.600,5282.6000,3278,0,195658880.000,0,-,-,-,-,5281.6000,5281.4000,5281.2000,5276.0000,5272.2000,5284.4000,5285.4000,5285.8000,5286.0000,5287.4000,1,1,2,1,5,1,1,1,1,1
SF,IC2002,2020-01-02 09:33:57.100,5282.6000,3278,0,195658880.000,0,-,-,-,-,5281.8000,5281.6000,5281.2000,5276.0000,5272.2000,5284.4000,5285.4000,5286.0000,5287.4000,5288.6000,1,1,2,1,5,1,1,1,1,2
SF,IC2002,2020-01-02 09:33:57.600,5282.6000,3278,0,195658880.000,0,-,-,-,-,5282.0000,5281.8000,5281.6000,5281.2000,5276.0000,5284.4000,5285.4000,5286.0000,5287.4000,5288.6000,1,1,1,2,1,1,1,1,1,2
SF,IC2002,2020-01-02 09:33:58.100,5282.6000,3278,0,195658880.000,0,-,-,-,-,5282.2000,5282.0000,5281.6000,5281.2000,5276.0000,5284.4000,5285.4000,5286.0000,5287.4000,5288.6000,1,1,1,2,1,1,1,1,1,2
SF,IC2002,2020-01-02 09:33:58.600,5282.6000,3278,0,195658880.000,0,-,-,-,-,5282.4000,5282.2000,5282.0000,5281.6000,5281.2000,5284.4000,5285.4000,5286.0000,5287.4000,5288.6000,1,1,1,1,2,1,1,1,1,2
SF,IC2002,2020-01-02 09:33:59.100,5282.6000,3278,0,195658880.000,0,-,-,-,-,5282.6000,5282.4000,5282.0000,5281.6000,5281.2000,5285.4000,5286.0000,5287.4000,5288.6000,5292.0000,1,1,1,1,2,1,1,1,2,1
SF,IC2002,2020-01-02 09:33:59.600,5282.6000,3278,0,195658880.000,0,-,-,-,-,5282.6000,5282.4000,5282.0000,5281.6000,5281.2000,5285.2000,5285.4000,5286.0000,5287.4000,5288.6000,1,1,1,1,2,1,1,1,1,2
SF,IC2002,2020-01-02 09:34:00.100,5282.6000,3278,0,195658880.000,0,-,-,-,-,5282.8000,5282.6000,5282.4000,5282.0000,5281.2000,5285.0000,5285.2000,5285.4000,5286.0000,5287.4000,1,1,1,1,2,1,1,1,1,1
SF,IC2002,2020-01-02 09:34:00.600,5282.6000,3278,0,195658880.000,0,-,-,-,-,5282.8000,5282.6000,5282.4000,5281.2000,5276.0000,5284.8000,5285.0000,5285.4000,5286.0000,5287.4000,1,1,1,2,1,2,1,1,1,1
SF,IC2002,2020-01-02 09:34:01.100,5282.6000,3278,0,195658880.000,0,-,-,-,-,5283.0000,5282.8000,5281.2000,5276.0000,5272.2000,5284.6000,5284.8000,5285.0000,5285.4000,5286.0000,1,1,2,1,5,1,2,1,1,1
SF,IC2002,2020-01-02 09:34:01.600,5282.6000,3278,0,195658880.000,0,-,-,-,-,5282.8000,5281.2000,5276.0000,5272.2000,5266.6000,5284.4000,5284.6000,5284.8000,5285.0000,5285.4000,1,2,1,5,3,1,1,1,1,1
SF,IC2002,2020-01-02 09:34:02.100,5282.6000,3278,0,195658880.000,0,-,-,-,-,5281.4000,5281.2000,5276.0000,5272.2000,5266.6000,5284.4000,5284.6000,5284.8000,5285.0000,5285.4000,1,2,1,5,3,1,1,1,1,1
SF,IC2002,2020-01-02 09:34:02.600,5282.6000,3278,0,195658880.000,0,-,-,-,-,5281.6000,5281.4000,5281.2000,5276.0000,5272.2000,5284.2000,5284.4000,5284.6000,5284.8000,5285.0000,1,1,2,1,5,1,1,1,1,1
SF,IC2002,2020-01-02 09:34:03.100,5282.6000,3278,0,195658880.000,0,-,-,-,-,5281.6000,5281.4000,5281.2000,5276.0000,5272.2000,5284.0000,5284.2000,5284.6000,5284.8000,5285.0000,1,1,2,1,5,1,1,1,1,1
SF,IC2002,2020-01-02 09:34:03.600,5282.6000,3278,0,195658880.000,0,-,-,-,-,5281.8000,5281.6000,5281.2000,5276.0000,5272.2000,5283.8000,5284.0000,5284.2000,5284.6000,5284.8000,1,1,2,1,5,1,1,1,1,1
SF,IC2002,2020-01-02 09:34:04.100,5282.6000,3278,0,195658880.000,0,-,-,-,-,5281.8000,5281.6000,5281.2000,5276.0000,5272.2000,5283.6000,5283.8000,5284.2000,5284.6000,5284.8000,1,1,2,1,5,1,1,1,1,1
SF,IC2002,2020-01-02 09:34:04.600,5282.6000,3278,0,195658880.000,0,-,-,-,-,5281.8000,5281.2000,5276.0000,5272.2000,5266.6000,5283.4000,5283.6000,5283.8000,5284.2000,5284.6000,1,2,1,5,3,1,1,1,1,1
SF,IC2002,2020-01-02 09:34:05.100,5282.6000,3278,0,195658880.000,0,-,-,-,-,5281.4000,5281.2000,5276.0000,5272.2000,5266.6000,5283.2000,5283.4000,5283.8000,5284.2000,5284.6000,1,2,1,5,3,1,1,1,1,1
SF,IC2002,2020-01-02 09:34:05.600,5281.4000,3278,0,196715160.000,1,0,1,多换,S,5281.2000,5276.0000,5272.2000,5266.6000,5260.0000,5283.2000,5283.4000,5283.8000,5284.2000,5284.6000,2,1,5,3,1,1,1,1,1,1
SF,IC2002,2020-01-02 09:34:06.100,5281.2000,3278,0,198828000.000,2,1,1,多换,S,5281.2000,5276.0000,5272.2000,5266.6000,5260.0000,5283.0000,5283.2000,5283.4000,5283.8000,5284.2000,1,1,5,3,1,1,1,1,1,1
SF,IC2002,2020-01-02 09:34:06.600,5281.2000,3278,0,198828000.000,0,-,-,-,-,5281.2000,5276.0000,5272.2000,5266.6000,5260.0000,5282.8000,5283.0000,5283.4000,5283.8000,5284.2000,1,1,5,3,1,1,1,1,1,1
SF,IC2002,2020-01-02 09:34:07.100,5282.8000,3278,0,199884560.000,1,0,1,多换,S,5281.2000,5276.0000,5272.2000,5266.6000,5260.0000,5283.0000,5283.4000,5283.8000,5284.2000,5284.6000,1,1,5,3,1,1,1,1,1,1
SF,IC2002,2020-01-02 09:34:07.600,5282.8000,3278,0,199884560.000,0,-,-,-,-,5281.2000,5276.0000,5272.2000,5266.6000,5260.0000,5282.8000,5283.0000,5283.4000,5283.8000,5284.2000,1,1,5,3,1,1,1,1,1,1
SF,IC2002,2020-01-02 09:34:08.100,5282.8000,3278,0,199884560.000,0,-,-,-,-,5281.4000,5281.2000,5276.0000,5272.2000,5266.6000,5282.8000,5283.0000,5283.4000,5283.8000,5284.2000,1,1,1,5,3,1,1,1,1,1
SF,IC2002,2020-01-02 09:34:08.600,5282.8000,3278,0,199884560.000,0,-,-,-,-,5281.4000,5281.2000,5276.0000,5272.2000,5266.6000,5282.8000,5283.0000,5283.4000,5283.8000,5284.2000,1,1,1,5,3,1,1,1,1,1
SF,IC2002,2020-01-02 09:34:09.100,5282.8000,3278,0,199884560.000,0,-,-,-,-,5281.2000,5276.0000,5272.2000,5266.6000,5260.0000,5282.8000,5283.0000,5283.4000,5283.8000,5284.2000,1,1,5,3,1,1,1,1,1,1
SF,IC2002,2020-01-02 09:34:12.100,5281.2000,3279,1,200940800.000,1,1,0,双开,S,5276.0000,5272.2000,5266.6000,5260.0000,5250.0000,5281.2000,5282.6000,5282.8000,5283.0000,5283.4000,1,5,3,1,3,1,1,1,1,1
SF,IC2002,2020-01-02 09:34:12.600,5281.2000,3279,0,200940800.000,0,-,-,-,-,5276.2000,5276.0000,5266.6000,5266.4000,5260.0000,5280.2000,5281.0000,5281.2000,5283.0000,5283.4000,2,1,3,5,1,1,1,1,1,1
SF,IC2002,2020-01-02 09:34:13.100,5281.2000,3279,0,200940800.000,0,-,-,-,-,5276.2000,5276.0000,5266.6000,5266.4000,5260.0000,5280.0000,5280.2000,5281.0000,5281.2000,5283.0000,2,1,3,5,1,1,1,1,1,1
SF,IC2002,2020-01-02 09:34:13.600,5281.2000,3279,0,200940800.000,0,-,-,-,-,5276.2000,5276.0000,5266.6000,5266.4000,5260.0000,5279.8000,5280.0000,5280.2000,5281.0000,5281.2000,2,1,3,5,1,1,1,1,1,1
SF,IC2002,2020-01-02 09:34:14.100,5281.2000,3279,0,200940800.000,0,-,-,-,-,5276.2000,5276.0000,5266.6000,5266.4000,5260.0000,5279.6000,5279.8000,5280.2000,5281.0000,5281.2000,2,1,3,5,1,1,1,1,1,1
SF,IC2002,2020-01-02 09:34:14.600,5281.2000,3279,0,200940800.000,0,-,-,-,-,5276.2000,5276.0000,5266.6000,5266.4000,5260.0000,5279.4000,5279.6000,5279.8000,5280.2000,5281.0000,2,1,3,5,1,1,1,1,1,1
SF,IC2002,2020-01-02 09:34:15.100,5281.2000,3279,0,200940800.000,0,-,-,-,-,5276.2000,5276.0000,5266.6000,5266.4000,5260.0000,5279.2000,5279.4000,5279.8000,5280.2000,5281.0000,2,1,3,5,1,1,1,1,1,1
SF,IC2002,2020-01-02 09:34:15.600,5279.4000,3278,-1,203052520.000,2,0,2,多平,S,5276.4000,5276.2000,5276.0000,5266.6000,5266.4000,5279.8000,5280.2000,5281.0000,5283.0000,5283.4000,1,2,1,3,5,1,1,1,1,1
SF,IC2002,2020-01-02 09:34:16.100,5279.8000,3278,0,204108480.000,1,0,1,多换,S,5276.6000,5276.4000,5276.2000,5276.0000,5266.6000,5280.2000,5283.0000,5283.4000,5283.8000,5285.0000,1,1,1,1,3,1,1,1,1,1
SF,IC2002,2020-01-02 09:34:16.600,5279.8000,3278,0,204108480.000,0,-,-,-,-,5276.6000,5276.4000,5276.0000,5266.6000,5266.4000,5280.2000,5283.0000,5283.4000,5285.0000,5287.4000,2,1,1,3,5,1,1,1,1,1
SF,IC2002,2020-01-02 09:34:17.100,5279.8000,3278,0,204108480.000,0,-,-,-,-,5277.0000,5276.8000,5276.6000,5276.4000,5276.0000,5280.2000,5283.0000,5285.0000,5287.4000,5288.6000,1,2,1,1,1,1,1,1,1,2
SF,IC2002,2020-01-02 09:34:17.600,5279.8000,3278,0,204108480.000,0,-,-,-,-,5277.2000,5277.0000,5276.8000,5276.4000,5276.0000,5280.2000,5285.0000,5287.4000,5288.6000,5289.6000,1,1,1,1,1,1,1,1,2,5
SF,IC2002,2020-01-02 09:34:18.100,5279.8000,3278,0,204108480.000,0,-,-,-,-,5277.4000,5277.2000,5277.0000,5276.8000,5276.4000,5280.2000,5285.0000,5287.4000,5288.6000,5289.6000,1,2,1,1,1,1,1,1,2,5
SF,IC2002,2020-01-02 09:34:18.600,5280.2000,3277,-1,205164520.000,1,0,1,双平,S,5277.6000,5277.4000,5277.0000,5276.8000,5276.4000,5285.0000,5287.4000,5288.6000,5289.6000,5292.0000,1,1,1,1,1,1,1,2,5,1
SF,IC2002,2020-01-02 09:34:19.100,5280.2000,3277,0,205164520.000,0,-,-,-,-,5277.8000,5277.6000,5277.4000,5277.0000,5276.8000,5284.8000,5285.0000,5287.4000,5288.6000,5289.6000,1,1,1,1,1,3,2,1,2,5
SF,IC2002,2020-01-02 09:34:19.600,5280.2000,3277,0,205164520.000,0,-,-,-,-,5278.0000,5277.8000,5277.4000,5277.0000,5276.8000,5284.8000,5285.0000,5287.4000,5288.6000,5289.6000,1,2,1,1,1,3,2,1,2,5
SF,IC2002,2020-01-02 09:34:20.100,5280.2000,3277,0,205164520.000,0,-,-,-,-,5278.0000,5277.8000,5277.4000,5276.8000,5276.4000,5284.8000,5285.0000,5287.4000,5288.6000,5289.6000,1,1,1,1,1,3,2,1,2,5
SF,IC2002,2020-01-02 09:34:20.600,5280.2000,3277,0,205164520.000,0,-,-,-,-,5278.2000,5278.0000,5277.8000,5277.4000,5276.8000,5284.8000,5285.0000,5287.4000,5288.6000,5289.6000,2,1,1,1,1,3,2,1,2,5
SF,IC2002,2020-01-02 09:34:21.100,5280.2000,3277,0,205164520.000,0,-,-,-,-,5278.4000,5278.2000,5277.8000,5277.4000,5276.8000,5283.8000,5284.8000,5285.0000,5287.4000,5288.6000,1,2,1,1,1,1,3,2,1,2
SF,IC2002,2020-01-02 09:34:21.600,5280.2000,3277,0,205164520.000,0,-,-,-,-,5278.6000,5278.4000,5278.2000,5277.8000,5277.4000,5283.6000,5284.8000,5285.0000,5287.4000,5288.6000,1,1,2,1,1,2,2,2,1,2
SF,IC2002,2020-01-02 09:34:22.100,5280.2000,3277,0,205164520.000,0,-,-,-,-,5278.8000,5278.6000,5278.2000,5277.8000,5277.4000,5283.6000,5284.8000,5285.0000,5287.4000,5288.6000,1,1,2,1,1,2,2,2,1,2
SF,IC2002,2020-01-02 09:34:22.600,5280.2000,3277,0,205164520.000,0,-,-,-,-,5279.0000,5278.8000,5278.6000,5278.2000,5277.8000,5280.0000,5283.6000,5283.8000,5284.8000,5285.0000,1,1,1,2,1,1,2,1,2,2
SF,IC2002,2020-01-02 09:34:23.100,5279.2000,3276,-1,209388200.000,4,1,3,多平,S,5279.0000,5278.6000,5278.2000,5277.8000,5277.4000,5283.6000,5285.0000,5287.4000,5288.6000,5289.6000,1,1,2,1,1,2,2,1,2,5
SF,IC2002,2020-01-02 09:34:23.600,5279.2000,3276,0,209388200.000,0,-,-,-,-,5279.2000,5279.0000,5278.6000,5278.2000,5277.8000,5283.4000,5283.6000,5285.0000,5287.4000,5288.6000,1,1,1,2,1,1,2,2,1,2
SF,IC2002,2020-01-02 09:34:24.100,5279.2000,3276,0,209388200.000,0,-,-,-,-,5279.2000,5279.0000,5278.6000,5278.2000,5277.8000,5283.2000,5283.4000,5283.6000,5285.0000,5287.4000,1,1,1,2,1,2,1,1,1,1
SF,IC2002,2020-01-02 09:34:24.600,5279.2000,3276,0,209388200.000,0,-,-,-,-,5279.2000,5279.0000,5278.6000,5278.2000,5277.8000,5283.2000,5283.4000,5283.6000,5285.0000,5287.4000,1,1,1,2,1,2,1,1,1,1
SF,IC2002,2020-01-02 09:34:25.100,5279.2000,3276,0,209388200.000,0,-,-,-,-,5279.2000,5279.0000,5278.6000,5278.2000,5276.0000,5283.2000,5283.4000,5283.6000,5285.0000,5287.4000,1,1,1,2,1,2,1,1,1,1
SF,IC2002,2020-01-02 09:34:25.600,5279.0000,3275,-1,211499840.000,2,0,2,多平,S,5278.6000,5276.0000,5266.6000,5266.4000,5260.0000,5283.2000,5283.4000,5283.6000,5285.0000,5287.4000,1,1,3,5,1,2,1,1,1,1
SF,IC2002,2020-01-02 09:34:26.100,5279.0000,3275,0,211499840.000,0,-,-,-,-,5278.8000,5276.0000,5266.6000,5266.4000,5260.0000,5283.0000,5283.2000,5283.4000,5283.6000,5285.0000,1,1,3,5,1,1,2,1,1,1
SF,IC2002,2020-01-02 09:34:26.600,5279.0000,3275,0,211499840.000,0,-,-,-,-,5278.8000,5276.0000,5266.6000,5266.4000,5260.0000,5282.4000,5282.8000,5283.0000,5283.2000,5283.4000,1,1,3,5,1,1,2,1,1,1
SF,IC2002,2020-01-02 09:34:27.100,5279.0000,3275,0,211499840.000,0,-,-,-,-,5278.8000,5276.0000,5266.6000,5266.4000,5260.0000,5282.2000,5282.4000,5282.8000,5283.0000,5283.2000,1,1,3,5,1,1,1,1,1,1
SF,IC2002,2020-01-02 09:34:27.600,5279.0000,3275,0,211499840.000,0,-,-,-,-,5279.0000,5278.8000,5276.0000,5266.6000,5266.4000,5282.2000,5282.4000,5282.8000,5283.0000,5283.2000,1,1,1,3,5,1,1,1,1,1
SF,IC2002,2020-01-02 09:34:28.100,5279.0000,3275,0,211499840.000,0,-,-,-,-,5279.2000,5279.0000,5278.8000,5276.0000,5266.6000,5282.2000,5282.8000,5283.0000,5283.2000,5283.6000,1,1,2,1,3,1,1,1,1,1
SF,IC2002,2020-01-02 09:34:28.600,5279.0000,3275,0,211499840.000,0,-,-,-,-,5279.2000,5278.8000,5276.0000,5266.6000,5266.4000,5282.2000,5282.8000,5283.0000,5283.2000,5283.6000,1,2,1,3,5,1,1,1,1,1
SF,IC2002,2020-01-02 09:34:29.100,5279.0000,3275,0,212555640.000,1,0,1,多换,S,5279.2000,5278.8000,5276.0000,5266.6000,5266.4000,5282.2000,5282.8000,5283.0000,5283.2000,5283.6000,1,2,1,3,5,1,1,1,1,1
SF,IC2002,2020-01-02 09:34:29.600,5279.0000,3275,0,212555640.000,0,-,-,-,-,5279.2000,5278.8000,5276.0000,5266.6000,5266.4000,5281.6000,5282.2000,5282.8000,5283.0000,5283.2000,1,2,1,3,5,1,1,1,1,1
SF,IC2002,2020-01-02 09:34:30.100,5279.0000,3275,0,212555640.000,0,-,-,-,-,5279.2000,5278.8000,5276.0000,5266.6000,5266.4000,5281.4000,5282.8000,5283.2000,5285.0000,5287.4000,1,2,1,3,5,2,1,1,1,1
SF,IC2002,2020-01-02 09:34:30.600,5279.0000,3275,0,212555640.000,0,-,-,-,-,5279.2000,5278.8000,5276.0000,5266.6000,5266.4000,5281.4000,5282.8000,5283.2000,5285.0000,5287.4000,1,2,1,3,5,2,1,1,1,1
SF,IC2002,2020-01-02 09:34:31.100,5279.0000,3275,0,212555640.000,0,-,-,-,-,5279.2000,5278.8000,5276.0000,5266.6000,5266.4000,5281.2000,5281.4000,5282.8000,5283.2000,5285.0000,1,2,1,3,5,1,2,1,1,1
SF,IC2002,2020-01-02 09:34:31.600,5279.0000,3275,0,212555640.000,0,-,-,-,-,5279.2000,5279.0000,5278.8000,5276.0000,5266.6000,5281.0000,5281.2000,5282.8000,5283.2000,5285.0000,1,2,2,1,3,2,1,1,1,1
SF,IC2002,2020-01-02 09:34:32.100,5279.2000,3275,0,213611480.000,1,0,1,多换,S,5279.0000,5278.8000,5276.0000,5266.6000,5266.4000,5279.2000,5281.0000,5282.8000,5283.2000,5285.0000,2,2,1,3,5,1,2,1,1,1
SF,IC2002,2020-01-02 09:34:32.600,5279.0000,3273,-2,215723120.000,2,0,2,双平,S,5279.0000,5278.8000,5276.0000,5266.6000,5266.4000,5281.0000,5282.8000,5285.0000,5287.4000,5288.6000,1,2,1,3,5,2,1,1,1,2
SF,IC2002,2020-01-02 09:34:33.100,5279.0000,3273,0,215723120.000,0,-,-,-,-,5279.0000,5278.8000,5276.0000,5266.6000,5266.4000,5280.8000,5281.0000,5282.8000,5285.0000,5287.4000,1,2,1,3,5,1,2,1,1,1
SF,IC2002,2020-01-02 09:34:33.600,5279.0000,3273,0,215723120.000,0,-,-,-,-,5279.0000,5278.8000,5276.0000,5266.6000,5266.4000,5280.6000,5280.8000,5281.0000,5282.8000,5285.0000,1,2,1,3,5,2,1,1,1,1
SF,IC2002,2020-01-02 09:34:34.100,5279.0000,3273,0,215723120.000,0,-,-,-,-,5279.0000,5278.8000,5276.0000,5266.6000,5266.4000,5280.4000,5280.6000,5280.8000,5281.0000,5282.8000,1,2,1,3,5,1,2,1,1,1
SF,IC2002,2020-01-02 09:34:34.600,5279.0000,3273,0,215723120.000,0,-,-,-,-,5279.0000,5278.8000,5276.0000,5266.6000,5266.4000,5280.2000,5280.4000,5280.6000,5280.8000,5281.0000,1,2,1,3,5,1,1,1,1,1
SF,IC2002,2020-01-02 09:34:35.100,5279.0000,3273,0,215723120.000,0,-,-,-,-,5280.0000,5279.0000,5278.8000,5276.0000,5266.6000,5280.2000,5280.6000,5280.8000,5281.0000,5282.8000,1,1,2,1,3,1,1,1,1,1
SF,IC2002,2020-01-02 09:34:35.600,5280.0000,3273,0,216779120.000,1,0,1,多换,S,5279.0000,5278.8000,5276.0000,5266.6000,5266.4000,5280.0000,5280.2000,5280.8000,5281.0000,5282.8000,1,2,1,3,5,2,1,1,1,1
SF,IC2002,2020-01-02 09:34:36.100,5280.0000,3273,0,216779120.000,0,-,-,-,-,5279.0000,5278.8000,5276.0000,5266.6000,5266.4000,5279.8000,5280.0000,5280.2000,5282.8000,5285.0000,1,2,1,3,5,1,2,1,1,1
SF,IC2002,2020-01-02 09:34:36.600,5280.0000,3273,0,216779120.000,0,-,-,-,-,5279.0000,5278.8000,5276.0000,5275.6000,5266.6000,5279.8000,5280.0000,5280.2000,5282.8000,5285.0000,1,2,1,2,3,1,2,1,1,1
SF,IC2002,2020-01-02 09:34:38.100,5280.0000,3273,0,216779120.000,0,-,-,-,-,5279.0000,5278.8000,5276.0000,5275.6000,5266.6000,5279.8000,5280.0000,5280.2000,5282.8000,5285.0000,1,2,1,2,3,1,1,1,1,1
SF,IC2002,2020-01-02 09:34:38.600,5280.0000,3274,1,218891080.000,2,1,1,空开,S,5279.2000,5279.0000,5278.8000,5276.0000,5275.6000,5282.8000,5285.0000,5287.4000,5288.6000,5289.6000,1,1,2,1,2,1,1,1,2,5
SF,IC2002,2020-01-02 09:34:39.100,5280.0000,3274,0,218891080.000,0,-,-,-,-,5279.4000,5279.2000,5279.0000,5278.8000,5276.0000,5282.6000,5282.8000,5285.0000,5287.4000,5288.6000,1,1,1,2,1,2,1,1,1,2
SF,IC2002,2020-01-02 09:34:39.600,5280.0000,3274,0,218891080.000,0,-,-,-,-,5279.6000,5279.4000,5279.0000,5278.8000,5276.0000,5282.4000,5282.6000,5282.8000,5285.0000,5287.4000,1,1,1,2,1,1,2,1,1,1
SF,IC2002,2020-01-02 09:34:40.100,5280.0000,3274,0,218891080.000,0,-,-,-,-,5279.8000,5279.6000,5279.4000,5279.0000,5278.8000,5282.2000,5282.4000,5282.6000,5282.8000,5285.0000,1,1,1,1,2,1,1,1,1,1
SF,IC2002,2020-01-02 09:34:40.600,5280.0000,3274,0,218891080.000,0,-,-,-,-,5280.0000,5279.8000,5279.4000,5279.0000,5278.8000,5282.0000,5282.2000,5282.4000,5282.6000,5282.8000,1,1,1,1,2,1,1,1,1,1
SF,IC2002,2020-01-02 09:34:41.100,5280.0000,3274,0,218891080.000,0,-,-,-,-,5280.2000,5280.0000,5279.8000,5279.4000,5279.0000,5281.8000,5282.4000,5282.6000,5282.8000,5285.0000,1,1,1,1,1,1,1,1,1,1
