市场代码,合约代码,时间,最新,持仓,增仓,成交额,成交量,开仓,平仓,成交类型,方向,买一价,买二价,买三价,买四价,买五价,卖一价,卖二价,卖三价,卖四价,卖五价,买一量,买二量,买三量,买四量,买五量,卖一量,卖二量,卖三量,卖四量,卖五量
SF,IC2010,2020-08-24 09:29:00.300,6511.0000,0,0,0.000,0.000,-,-,-,-,6463.6000,6460.0000,6453.6000,6450.2000,6443.6000,6481.4000,6488.8000,6497.0000,6498.8000,6509.8000,1,1,1,2,1,1,1,1,1,1
SF,IC2010,2020-08-24 09:30:00.300,6484.0000,1,1,1296800.000,1,1,0,双开,S,6487.6000,6482.4000,6463.6000,6460.0000,6453.6000,6488.8000,6497.0000,6498.8000,6509.8000,6510.8000,1,1,1,1,1,1,1,1,1,1
SF,IC2010,2020-08-24 09:30:00.800,6487.6000,2,1,2594320.000,1,1,0,双开,S,6482.4000,6463.8000,6460.0000,6450.2000,6440.2000,6488.8000,6497.0000,6498.8000,6509.8000,6510.8000,1,1,1,2,4,1,1,1,1,1
SF,IC2010,2020-08-24 09:30:01.300,6487.6000,2,0,2594320.000,0,-,-,-,-,6482.4000,6463.8000,6460.0000,6450.2000,6440.2000,6488.8000,6497.0000,6498.8000,6510.8000,6521.0000,1,1,1,2,4,1,1,1,1,3
SF,IC2010,2020-08-24 09:30:01.800,6482.4000,3,1,3890800.000,1,1,0,双开,S,6460.0000,6450.2000,6440.2000,6401.0000,6400.0000,6487.6000,6488.8000,6497.0000,6498.8000,6510.8000,1,2,4,1,4,1,1,1,1,1
SF,IC2010,2020-08-24 09:30:02.300,6482.4000,3,0,3890800.000,0,-,-,-,-,6460.2000,6460.0000,6450.2000,6440.2000,6401.0000,6487.6000,6488.6000,6488.8000,6497.0000,6498.8000,1,1,2,4,1,1,1,1,1,1
SF,IC2010,2020-08-24 09:30:02.800,6482.4000,3,0,3890800.000,0,-,-,-,-,6460.2000,6460.0000,6450.2000,6440.2000,6401.0000,6487.6000,6488.8000,6497.0000,6498.8000,6510.8000,4,1,2,4,1,1,1,1,1,1
SF,IC2010,2020-08-24 09:30:03.300,6482.4000,3,0,3890800.000,0,-,-,-,-,6460.4000,6460.2000,6460.0000,6450.2000,6440.2000,6487.6000,6488.8000,6497.0000,6498.8000,6510.8000,2,4,1,2,4,1,1,1,1,1
SF,IC2010,2020-08-24 09:30:03.800,6482.4000,3,0,3890800.000,0,-,-,-,-,6460.4000,6460.2000,6460.0000,6450.2000,6440.2000,6487.6000,6488.8000,6497.0000,6498.8000,6510.8000,1,4,1,2,4,1,1,1,1,1
SF,IC2010,2020-08-24 09:30:04.300,6487.4000,4,1,5188280.000,1,1,0,双开,S,6471.2000,6460.4000,6460.2000,6460.0000,6450.2000,6487.6000,6488.8000,6497.0000,6498.8000,6510.8000,1,1,1,1,2,1,1,1,1,1
SF,IC2010,2020-08-24 09:30:04.800,6487.4000,4,0,5188280.000,0,-,-,-,-,6471.2000,6460.6000,6460.0000,6450.2000,6440.2000,6487.6000,6488.8000,6497.0000,6498.8000,6510.8000,1,1,1,2,4,1,1,1,1,1
SF,IC2010,2020-08-24 09:30:05.300,6487.4000,4,0,5188280.000,0,-,-,-,-,6471.2000,6460.0000,6450.2000,6440.2000,6401.0000,6487.6000,6488.8000,6497.0000,6498.8000,6510.8000,1,1,2,4,1,1,1,1,1,1
SF,IC2010,2020-08-24 09:30:05.800,6487.4000,4,0,5188280.000,0,-,-,-,-,6471.2000,6460.0000,6450.2000,6440.2000,6401.0000,6486.0000,6487.6000,6488.8000,6497.0000,6498.8000,1,1,2,4,1,1,1,1,1,1
SF,IC2010,2020-08-24 09:30:06.300,6487.4000,4,0,5188280.000,0,-,-,-,-,6460.0000,6450.2000,6440.2000,6401.0000,6400.0000,6486.0000,6487.6000,6488.8000,6497.0000,6498.8000,1,2,4,1,4,1,1,1,1,1
SF,IC2010,2020-08-24 09:30:06.800,6487.4000,4,0,5188280.000,0,-,-,-,-,6460.2000,6460.0000,6450.2000,6440.2000,6401.0000,6482.8000,6485.4000,6486.0000,6487.6000,6488.8000,1,1,2,4,1,1,1,2,1,1
SF,IC2010,2020-08-24 09:30:07.300,6487.4000,4,0,5188280.000,0,-,-,-,-,6460.2000,6460.0000,6450.2000,6440.2000,6401.0000,6481.8000,6482.8000,6485.4000,6486.0000,6487.0000,2,1,2,4,1,2,1,1,2,1
SF,IC2010,2020-08-24 09:30:07.800,6487.4000,4,0,5188280.000,0,-,-,-,-,6464.0000,6463.8000,6460.4000,6460.2000,6460.0000,6481.8000,6482.8000,6485.8000,6486.0000,6487.0000,1,1,1,2,1,2,1,1,2,1
SF,IC2010,2020-08-24 09:30:08.300,6487.4000,4,0,5188280.000,0,-,-,-,-,6464.0000,6463.8000,6460.2000,6460.0000,6450.2000,6481.8000,6482.8000,6485.8000,6486.0000,6487.0000,1,1,1,1,2,2,1,1,2,1
SF,IC2010,2020-08-24 09:30:08.800,6487.4000,4,0,5188280.000,0,-,-,-,-,6464.0000,6460.2000,6460.0000,6450.2000,6440.2000,6481.8000,6482.8000,6485.8000,6486.0000,6487.0000,1,1,1,2,4,2,1,1,2,1
SF,IC2010,2020-08-24 09:30:09.300,6487.4000,4,0,5188280.000,0,-,-,-,-,6464.0000,6460.2000,6460.0000,6450.2000,6440.2000,6471.2000,6481.8000,6482.8000,6485.8000,6486.0000,1,1,1,2,4,1,2,1,1,2
SF,IC2010,2020-08-24 09:30:09.800,6487.4000,4,0,5188280.000,0,-,-,-,-,6464.8000,6464.2000,6464.0000,6460.2000,6460.0000,6471.2000,6481.8000,6482.8000,6485.8000,6486.0000,1,1,1,1,1,2,2,1,1,2
SF,IC2010,2020-08-24 09:30:10.300,6487.4000,4,0,5188280.000,0,-,-,-,-,6464.8000,6464.0000,6460.2000,6460.0000,6450.2000,6471.2000,6481.8000,6482.8000,6485.8000,6486.0000,1,1,1,1,2,2,2,1,1,2
SF,IC2010,2020-08-24 09:30:10.800,6481.8000,5,1,6484640.000,1,1,0,双开,S,6464.8000,6460.2000,6460.0000,6450.2000,6440.2000,6471.2000,6481.8000,6482.8000,6485.8000,6486.0000,1,1,1,2,4,1,2,1,1,2
SF,IC2010,2020-08-24 09:30:11.300,6482.8000,8,3,10373920.000,3,3,0,双开,S,6465.0000,6460.2000,6460.0000,6450.2000,6440.2000,6485.8000,6486.0000,6487.0000,6487.6000,6497.0000,1,1,1,2,4,1,2,1,1,1
SF,IC2010,2020-08-24 09:30:11.800,6482.8000,8,0,10373920.000,0,-,-,-,-,6460.2000,6460.0000,6450.2000,6440.2000,6401.0000,6485.8000,6486.0000,6487.0000,6487.6000,6497.0000,1,1,2,4,1,1,2,1,1,1
SF,IC2010,2020-08-24 09:30:12.300,6482.8000,8,0,10373920.000,0,-,-,-,-,6469.4000,6466.2000,6460.4000,6460.2000,6460.0000,6479.6000,6485.8000,6486.0000,6487.0000,6487.6000,1,3,1,1,1,1,1,2,1,1
SF,IC2010,2020-08-24 09:30:12.800,6482.8000,8,0,10373920.000,0,-,-,-,-,6469.6000,6469.4000,6466.2000,6462.6000,6460.2000,6474.0000,6479.6000,6484.4000,6486.0000,6487.0000,1,1,3,1,1,2,1,1,1,1
SF,IC2010,2020-08-24 09:30:13.300,6469.6000,9,1,11667840.000,1,1,0,双开,S,6466.2000,6462.6000,6460.2000,6460.0000,6450.2000,6474.0000,6482.0000,6484.4000,6486.0000,6487.0000,3,1,1,1,2,2,1,1,1,1
SF,IC2010,2020-08-24 09:30:13.800,6469.6000,9,0,11667840.000,0,-,-,-,-,6466.2000,6462.6000,6460.2000,6460.0000,6450.2000,6474.0000,6478.6000,6482.0000,6484.4000,6486.0000,3,1,1,1,2,1,1,1,1,1
SF,IC2010,2020-08-24 09:30:14.300,6469.6000,9,0,11667840.000,0,-,-,-,-,6467.4000,6466.2000,6462.6000,6462.0000,6460.2000,6473.8000,6474.0000,6478.6000,6480.0000,6482.0000,1,3,1,1,1,1,1,1,1,1
SF,IC2010,2020-08-24 09:30:14.800,6478.6000,12,3,15553120.000,3,3,0,双开,S,6467.4000,6466.2000,6462.6000,6462.0000,6460.2000,6480.0000,6481.6000,6482.0000,6486.0000,6487.0000,1,3,1,1,1,1,1,1,1,1
SF,IC2010,2020-08-24 09:30:15.300,6478.6000,12,0,15553120.000,0,-,-,-,-,6467.4000,6466.2000,6462.6000,6462.0000,6460.2000,6480.0000,6481.6000,6482.0000,6486.0000,6487.0000,1,3,1,1,1,1,1,1,1,1
SF,IC2010,2020-08-24 09:30:15.800,6478.6000,12,0,15553120.000,0,-,-,-,-,6467.4000,6466.2000,6462.6000,6462.0000,6460.2000,6480.0000,6481.6000,6482.0000,6486.0000,6487.0000,1,3,1,1,1,3,1,1,1,1
SF,IC2010,2020-08-24 09:30:16.300,6478.6000,12,0,15553120.000,0,-,-,-,-,6470.4000,6467.4000,6466.2000,6462.6000,6462.0000,6478.4000,6480.0000,6481.6000,6482.0000,6486.0000,1,1,3,1,1,1,3,1,1,1
SF,IC2010,2020-08-24 09:30:16.800,6478.6000,12,0,15553120.000,0,-,-,-,-,6470.4000,6466.2000,6462.6000,6462.0000,6460.0000,6478.4000,6480.0000,6481.6000,6482.0000,6486.0000,1,3,1,1,1,2,3,1,1,1
SF,IC2010,2020-08-24 09:30:17.300,6478.6000,12,0,15553120.000,0,-,-,-,-,6470.4000,6466.2000,6462.6000,6462.0000,6460.0000,6478.4000,6480.0000,6481.6000,6482.0000,6486.0000,1,3,1,1,1,1,3,1,1,1
SF,IC2010,2020-08-24 09:30:17.800,6478.6000,12,0,15553120.000,0,-,-,-,-,6470.4000,6466.2000,6462.6000,6462.0000,6460.0000,6478.0000,6478.4000,6480.0000,6481.6000,6482.0000,1,3,1,1,1,1,3,3,1,1
SF,IC2010,2020-08-24 09:30:18.300,6478.6000,12,0,15553120.000,0,-,-,-,-,6466.2000,6462.6000,6462.0000,6460.0000,6450.2000,6478.4000,6480.0000,6481.6000,6482.0000,6485.8000,3,1,1,1,2,3,3,1,1,1
SF,IC2010,2020-08-24 09:30:18.800,6478.6000,12,0,15553120.000,0,-,-,-,-,6466.2000,6462.6000,6462.0000,6460.0000,6450.2000,6478.4000,6480.0000,6481.6000,6482.0000,6485.8000,3,1,1,1,2,4,3,1,1,1
SF,IC2010,2020-08-24 09:30:19.300,6466.2000,13,1,16846360.000,1,1,0,双开,S,6468.0000,6466.2000,6462.6000,6462.0000,6460.0000,6477.8000,6478.4000,6480.0000,6481.6000,6482.0000,1,2,1,1,1,2,4,3,1,1
SF,IC2010,2020-08-24 09:30:19.800,6466.2000,13,0,16846360.000,0,-,-,-,-,6471.6000,6468.0000,6466.2000,6462.6000,6462.0000,6477.8000,6478.4000,6480.0000,6481.6000,6482.0000,1,1,2,1,1,2,4,3,1,1
SF,IC2010,2020-08-24 09:30:20.300,6466.2000,13,0,16846360.000,0,-,-,-,-,6471.6000,6468.0000,6466.2000,6462.6000,6462.0000,6477.8000,6478.4000,6480.0000,6481.6000,6482.0000,1,1,2,1,1,2,4,3,1,1
SF,IC2010,2020-08-24 09:30:20.800,6466.2000,13,0,16846360.000,0,-,-,-,-,6471.6000,6468.0000,6466.4000,6466.2000,6462.0000,6477.8000,6478.4000,6480.0000,6481.6000,6482.0000,1,1,2,2,1,2,4,3,1,1
SF,IC2010,2020-08-24 09:30:21.300,6466.2000,13,0,16846360.000,0,-,-,-,-,6471.6000,6468.0000,6466.8000,6466.4000,6466.2000,6477.8000,6478.4000,6480.0000,6481.6000,6482.0000,1,1,1,2,2,2,4,3,1,1
SF,IC2010,2020-08-24 09:30:21.800,6466.2000,13,0,16846360.000,0,-,-,-,-,6471.6000,6468.0000,6466.8000,6466.4000,6466.2000,6477.8000,6478.4000,6480.0000,6481.6000,6482.0000,1,1,1,1,2,2,4,3,1,1
SF,IC2010,2020-08-24 09:30:22.300,6466.2000,13,0,16846360.000,0,-,-,-,-,6471.6000,6468.0000,6467.4000,6466.8000,6466.4000,6478.4000,6480.0000,6481.6000,6481.8000,6485.8000,1,1,1,1,1,4,3,1,2,1
SF,IC2010,2020-08-24 09:30:22.800,6466.2000,13,0,16846360.000,0,-,-,-,-,6471.6000,6468.0000,6467.4000,6466.8000,6466.6000,6477.6000,6478.4000,6480.0000,6481.6000,6481.8000,1,1,1,1,1,1,4,3,1,2
SF,IC2010,2020-08-24 09:30:23.300,6466.2000,13,0,16846360.000,0,-,-,-,-,6471.6000,6466.8000,6466.6000,6466.4000,6466.2000,6477.6000,6478.4000,6480.0000,6481.6000,6481.8000,1,1,1,1,2,1,3,3,1,2
SF,IC2010,2020-08-24 09:30:23.800,6466.2000,13,0,16846360.000,0,-,-,-,-,6471.6000,6466.8000,6466.6000,6466.4000,6466.2000,6477.6000,6478.4000,6480.0000,6481.6000,6481.8000,1,1,2,1,2,1,3,3,1,2
SF,IC2010,2020-08-24 09:30:24.300,6466.2000,13,0,16846360.000,0,-,-,-,-,6466.8000,6466.6000,6466.4000,6466.2000,6462.0000,6477.6000,6478.4000,6480.0000,6481.6000,6481.8000,1,2,1,2,1,1,3,3,1,2
SF,IC2010,2020-08-24 09:30:24.800,6466.2000,13,0,16846360.000,0,-,-,-,-,6472.2000,6466.8000,6466.6000,6466.4000,6466.2000,6477.6000,6478.4000,6480.0000,6481.6000,6481.8000,1,1,1,1,2,1,3,3,1,2
SF,IC2010,2020-08-24 09:30:25.300,6466.2000,13,0,16846360.000,0,-,-,-,-,6472.2000,6467.0000,6466.8000,6466.6000,6466.4000,6477.6000,6478.4000,6480.0000,6481.6000,6481.8000,1,1,1,1,1,1,3,3,1,2
SF,IC2010,2020-08-24 09:30:25.800,6466.2000,13,0,16846360.000,0,-,-,-,-,6472.4000,6472.2000,6466.6000,6466.4000,6466.2000,6478.4000,6480.0000,6481.6000,6481.8000,6486.0000,1,1,1,1,2,3,3,1,2,1
SF,IC2010,2020-08-24 09:30:26.300,6466.2000,13,0,16846360.000,0,-,-,-,-,6472.4000,6469.0000,6466.6000,6466.4000,6466.2000,6478.4000,6480.0000,6481.6000,6481.8000,6486.0000,1,1,1,1,2,3,3,1,2,1
SF,IC2010,2020-08-24 09:30:26.800,6466.2000,13,0,16846360.000,0,-,-,-,-,6469.0000,6466.4000,6466.2000,6462.0000,6461.4000,6478.4000,6480.0000,6481.6000,6481.8000,6486.0000,1,1,2,1,1,4,3,1,2,1
SF,IC2010,2020-08-24 09:30:27.300,6466.2000,13,0,16846360.000,0,-,-,-,-,6472.6000,6469.0000,6468.6000,6468.0000,6466.4000,6478.4000,6480.0000,6481.6000,6481.8000,6486.0000,1,1,1,1,1,4,3,1,2,1
SF,IC2010,2020-08-24 09:30:27.800,6466.2000,13,0,16846360.000,0,-,-,-,-,6473.6000,6469.0000,6468.0000,6466.4000,6466.2000,6478.4000,6480.0000,6481.6000,6481.8000,6486.0000,1,1,1,1,2,4,3,1,2,1
SF,IC2010,2020-08-24 09:30:28.300,6466.2000,13,0,16846360.000,0,-,-,-,-,6473.6000,6472.8000,6469.0000,6468.0000,6467.8000,6478.4000,6480.0000,6481.6000,6481.8000,6486.0000,1,1,1,1,1,4,3,1,2,1
SF,IC2010,2020-08-24 09:30:28.800,6466.2000,13,0,16846360.000,0,-,-,-,-,6473.8000,6473.6000,6468.0000,6467.8000,6466.4000,6478.4000,6480.0000,6481.6000,6481.8000,6486.0000,1,1,1,1,1,5,3,1,2,1
SF,IC2010,2020-08-24 09:30:29.300,6466.2000,13,0,16846360.000,0,-,-,-,-,6473.8000,6473.6000,6468.0000,6467.8000,6466.4000,6478.4000,6480.0000,6486.0000,6487.2000,6497.0000,1,1,1,1,1,5,3,1,2,1
SF,IC2010,2020-08-24 09:30:29.800,6466.2000,13,0,16846360.000,0,-,-,-,-,6473.6000,6468.0000,6467.8000,6466.4000,6466.2000,6478.4000,6480.0000,6486.0000,6487.0000,6487.2000,1,1,1,1,2,7,3,1,1,2
SF,IC2010,2020-08-24 09:30:30.300,6466.2000,13,0,16846360.000,0,-,-,-,-,6474.0000,6473.6000,6467.8000,6466.4000,6466.2000,6478.4000,6480.0000,6486.0000,6487.0000,6487.2000,1,1,1,1,2,7,3,1,1,2
SF,IC2010,2020-08-24 09:30:30.800,6478.4000,14,1,18142040.000,1,1,0,双开,S,6467.8000,6466.4000,6466.2000,6461.4000,6460.0000,6478.4000,6480.0000,6486.0000,6487.0000,6487.2000,1,1,2,1,1,6,3,1,1,2
SF,IC2010,2020-08-24 09:30:31.300,6478.4000,14,0,18142040.000,0,-,-,-,-,6474.2000,6469.2000,6468.0000,6467.8000,6466.4000,6478.4000,6480.0000,6486.0000,6487.0000,6487.2000,1,1,1,1,1,6,3,1,1,2
SF,IC2010,2020-08-24 09:30:31.800,6478.4000,14,0,18142040.000,0,-,-,-,-,6472.0000,6469.2000,6466.4000,6466.2000,6461.4000,6478.4000,6480.0000,6486.0000,6487.0000,6487.2000,1,2,1,2,1,6,3,1,1,2
SF,IC2010,2020-08-24 09:30:32.300,6478.4000,14,0,18142040.000,0,-,-,-,-,6474.4000,6472.0000,6469.2000,6466.4000,6466.2000,6478.4000,6480.0000,6486.0000,6487.0000,6487.2000,1,1,2,1,2,6,3,1,1,2
SF,IC2010,2020-08-24 09:30:32.800,6478.4000,15,1,19437720.000,1,1,0,双开,S,6469.2000,6466.2000,6460.0000,6455.0000,6450.2000,6478.4000,6480.0000,6486.0000,6487.0000,6487.2000,2,2,1,2,2,5,3,1,1,2
SF,IC2010,2020-08-24 09:30:33.300,6478.4000,15,0,19437720.000,0,-,-,-,-,6474.6000,6469.6000,6469.2000,6466.2000,6460.0000,6478.4000,6480.0000,6486.0000,6487.0000,6487.2000,1,1,1,2,1,5,3,1,1,2
SF,IC2010,2020-08-24 09:30:33.800,6478.4000,15,0,19437720.000,0,-,-,-,-,6469.6000,6469.2000,6468.2000,6466.2000,6460.0000,6478.4000,6480.0000,6486.0000,6487.0000,6487.2000,1,1,1,2,1,5,3,1,1,2
SF,IC2010,2020-08-24 09:30:34.300,6478.4000,16,1,20733400.000,1,1,0,双开,S,6474.8000,6469.2000,6468.2000,6466.2000,6460.0000,6478.4000,6480.0000,6486.0000,6487.0000,6487.2000,1,1,1,2,1,4,3,1,1,2
SF,IC2010,2020-08-24 09:30:34.800,6478.4000,16,0,20733400.000,0,-,-,-,-,6472.8000,6469.2000,6468.2000,6466.2000,6460.0000,6478.4000,6480.0000,6486.0000,6487.0000,6487.2000,1,1,1,2,1,4,3,1,1,2
SF,IC2010,2020-08-24 09:30:35.300,6478.4000,16,0,20733400.000,0,-,-,-,-,6475.0000,6472.8000,6469.2000,6468.2000,6466.2000,6478.4000,6480.0000,6486.0000,6487.0000,6487.2000,1,1,1,1,2,4,3,1,1,2
SF,IC2010,2020-08-24 09:30:35.800,6478.4000,16,0,20733400.000,0,-,-,-,-,6472.8000,6469.2000,6468.2000,6466.2000,6460.0000,6478.4000,6480.0000,6486.0000,6487.0000,6487.2000,1,1,1,2,1,4,3,1,1,2
SF,IC2010,2020-08-24 09:30:36.300,6478.4000,16,0,20733400.000,0,-,-,-,-,6475.2000,6472.8000,6469.2000,6468.2000,6466.2000,6478.4000,6480.0000,6486.0000,6487.0000,6487.2000,1,1,1,1,2,4,3,1,1,2
SF,IC2010,2020-08-24 09:30:36.800,6478.4000,17,1,22029080.000,1,1,0,双开,S,6472.8000,6469.2000,6468.2000,6466.2000,6460.0000,6478.4000,6480.0000,6487.0000,6487.2000,6498.8000,1,1,1,2,1,5,3,1,2,1
SF,IC2010,2020-08-24 09:30:37.300,6478.4000,17,0,22029080.000,0,-,-,-,-,6469.2000,6468.2000,6466.2000,6460.0000,6455.0000,6478.4000,6480.0000,6487.0000,6487.2000,6498.8000,1,1,2,1,2,5,3,1,2,1
SF,IC2010,2020-08-24 09:30:37.800,6478.4000,17,0,22029080.000,0,-,-,-,-,6470.2000,6468.2000,6466.2000,6460.0000,6455.0000,6478.4000,6480.0000,6487.0000,6487.2000,6498.8000,1,1,2,1,2,5,3,1,2,1
SF,IC2010,2020-08-24 09:30:38.300,6478.4000,17,0,22029080.000,0,-,-,-,-,6470.2000,6468.2000,6466.2000,6460.0000,6455.0000,6478.4000,6480.0000,6487.0000,6487.2000,6498.8000,1,1,2,1,2,5,3,1,3,1
SF,IC2010,2020-08-24 09:30:38.800,6478.4000,18,1,23324760.000,1,1,0,双开,S,6470.2000,6468.2000,6466.2000,6460.0000,6455.0000,6478.4000,6480.0000,6487.0000,6487.2000,6498.8000,1,1,2,1,2,5,3,1,3,1
SF,IC2010,2020-08-24 09:30:39.300,6478.4000,18,0,23324760.000,0,-,-,-,-,6470.4000,6470.2000,6468.2000,6466.2000,6460.0000,6478.4000,6480.0000,6487.0000,6487.2000,6498.8000,1,1,1,2,1,5,3,1,3,1
SF,IC2010,2020-08-24 09:30:39.800,6478.4000,19,1,24620440.000,1,1,0,双开,S,6470.2000,6468.2000,6466.2000,6460.0000,6455.0000,6478.4000,6480.0000,6487.0000,6487.2000,6498.8000,1,1,2,1,2,4,3,1,3,1
SF,IC2010,2020-08-24 09:30:40.300,6478.4000,19,0,24620440.000,0,-,-,-,-,6470.6000,6470.2000,6468.8000,6468.2000,6466.2000,6478.4000,6480.0000,6487.0000,6487.2000,6498.8000,1,1,1,1,2,4,3,1,3,1
SF,IC2010,2020-08-24 09:30:40.800,6478.4000,19,0,24620440.000,0,-,-,-,-,6470.2000,6468.8000,6468.2000,6466.2000,6460.0000,6478.4000,6480.0000,6487.2000,6498.8000,6510.8000,1,1,1,2,1,5,3,3,1,1
SF,IC2010,2020-08-24 09:30:41.300,6478.4000,19,0,24620440.000,0,-,-,-,-,6475.0000,6470.8000,6470.2000,6468.8000,6468.2000,6478.4000,6480.0000,6487.2000,6498.8000,6510.8000,1,1,1,1,1,5,3,3,1,1
SF,IC2010,2020-08-24 09:30:41.800,6478.4000,19,0,24620440.000,0,-,-,-,-,6475.0000,6470.2000,6468.8000,6468.2000,6466.2000,6478.4000,6480.0000,6487.2000,6498.8000,6510.8000,1,1,1,1,2,6,3,3,1,1
SF,IC2010,2020-08-24 09:30:42.300,6478.4000,19,0,24620440.000,0,-,-,-,-,6475.2000,6475.0000,6470.2000,6468.8000,6468.2000,6478.4000,6480.0000,6487.2000,6498.8000,6510.8000,1,1,1,1,1,6,3,3,1,1
SF,IC2010,2020-08-24 09:30:42.800,6478.4000,20,1,25916120.000,1,1,0,双开,S,6475.0000,6470.2000,6468.8000,6468.2000,6466.2000,6478.4000,6480.0000,6487.2000,6498.8000,6510.8000,1,1,1,1,2,5,3,3,1,1
SF,IC2010,2020-08-24 09:30:43.300,6478.4000,20,0,25916120.000,0,-,-,-,-,6475.4000,6475.0000,6470.2000,6468.8000,6468.2000,6478.4000,6480.0000,6487.2000,6498.8000,6510.8000,1,1,1,1,1,5,3,3,1,1
SF,IC2010,2020-08-24 09:30:43.800,6478.4000,20,0,25916120.000,0,-,-,-,-,6475.4000,6475.0000,6470.2000,6468.8000,6468.2000,6478.4000,6480.0000,6487.2000,6498.8000,6510.8000,1,1,1,1,1,6,3,3,1,1
SF,IC2010,2020-08-24 09:30:45.800,6478.4000,20,0,25916120.000,0,-,-,-,-,6475.4000,6475.0000,6470.2000,6468.8000,6468.4000,6478.4000,6487.2000,6498.8000,6510.8000,6522.6000,1,1,1,1,1,6,3,1,1,1
SF,IC2010,2020-08-24 09:30:46.300,6478.4000,20,0,25916120.000,0,-,-,-,-,6475.4000,6475.0000,6470.2000,6468.8000,6468.4000,6478.4000,6487.2000,6498.8000,6510.8000,6522.6000,1,1,1,1,1,9,3,1,1,1
SF,IC2010,2020-08-24 09:30:46.800,6478.4000,20,0,25916120.000,0,-,-,-,-,6475.4000,6475.0000,6470.2000,6468.8000,6468.4000,6478.4000,6487.2000,6498.8000,6510.8000,6522.6000,1,1,1,1,1,9,3,1,1,1
SF,IC2010,2020-08-24 09:30:47.300,6478.4000,20,0,25916120.000,0,-,-,-,-,6475.4000,6475.0000,6470.2000,6468.8000,6468.4000,6478.4000,6487.2000,6498.8000,6510.8000,6522.6000,1,1,1,1,1,9,3,1,1,1
SF,IC2010,2020-08-24 09:30:47.800,6478.4000,20,0,25916120.000,0,-,-,-,-,6475.6000,6475.4000,6475.0000,6470.2000,6468.8000,6478.4000,6487.2000,6498.8000,6510.8000,6522.6000,1,1,1,1,1,9,3,1,1,1
SF,IC2010,2020-08-24 09:30:48.300,6478.4000,20,0,25916120.000,0,-,-,-,-,6475.4000,6475.0000,6470.2000,6468.8000,6468.4000,6478.4000,6487.2000,6498.8000,6510.8000,6522.6000,1,1,1,1,1,9,3,1,1,1
SF,IC2010,2020-08-24 09:30:48.800,6478.4000,21,1,27211800.000,1,1,0,双开,S,6475.4000,6475.0000,6470.2000,6468.8000,6468.4000,6478.4000,6487.2000,6498.8000,6510.8000,6522.6000,1,1,1,1,1,8,3,1,1,1
SF,IC2010,2020-08-24 09:30:49.300,6478.4000,21,0,27211800.000,0,-,-,-,-,6475.4000,6475.0000,6470.2000,6468.8000,6468.4000,6478.4000,6487.2000,6498.8000,6510.8000,6522.6000,1,1,1,1,1,8,1,1,1,1
SF,IC2010,2020-08-24 09:30:49.800,6475.6000,22,1,28506920.000,1,1,0,双开,S,6475.4000,6475.0000,6470.2000,6468.8000,6468.4000,6478.0000,6478.4000,6487.2000,6498.8000,6510.8000,1,1,1,1,1,2,9,1,1,1
SF,IC2010,2020-08-24 09:30:50.300,6475.6000,22,0,28506920.000,0,-,-,-,-,6475.4000,6475.0000,6468.8000,6468.4000,6468.2000,6478.0000,6478.4000,6487.2000,6498.8000,6510.8000,1,1,1,1,1,2,9,1,1,1
SF,IC2010,2020-08-24 09:30:50.800,6475.6000,22,0,28506920.000,0,-,-,-,-,6475.4000,6468.4000,6468.2000,6466.2000,6460.0000,6478.0000,6478.4000,6487.2000,6498.8000,6510.8000,1,1,1,2,1,2,9,1,1,1
SF,IC2010,2020-08-24 09:30:51.800,6478.0000,23,1,29802520.000,1,1,0,双开,S,6475.4000,6468.2000,6466.2000,6460.0000,6455.0000,6478.0000,6478.4000,6487.2000,6498.8000,6510.8000,1,1,2,1,2,1,9,1,1,1
SF,IC2010,2020-08-24 09:30:52.300,6475.4000,24,1,31097600.000,1,1,0,双开,S,6468.2000,6466.2000,6460.0000,6455.0000,6450.2000,6478.0000,6478.4000,6487.2000,6498.8000,6510.8000,1,2,1,2,2,2,9,1,1,1
SF,IC2010,2020-08-24 09:30:52.800,6475.4000,24,0,31097600.000,0,-,-,-,-,6468.2000,6466.2000,6460.0000,6455.0000,6450.2000,6478.0000,6478.4000,6487.2000,6498.8000,6510.8000,1,2,1,2,2,3,9,1,1,1
SF,IC2010,2020-08-24 09:30:53.300,6475.4000,24,0,31097600.000,0,-,-,-,-,6466.2000,6460.0000,6455.0000,6450.2000,6440.2000,6477.8000,6478.0000,6478.4000,6487.2000,6498.8000,2,1,2,2,4,1,3,9,1,1
SF,IC2010,2020-08-24 09:30:53.800,6475.4000,24,0,31097600.000,0,-,-,-,-,6466.2000,6460.0000,6455.0000,6450.2000,6440.2000,6477.8000,6478.0000,6478.4000,6487.2000,6498.8000,2,1,2,2,4,3,3,9,1,1
SF,IC2010,2020-08-24 09:30:54.800,6466.2000,25,1,32390840.000,1,1,0,双开,S,6466.2000,6460.0000,6455.0000,6450.2000,6440.2000,6477.8000,6478.0000,6478.4000,6487.2000,6498.8000,1,1,2,2,4,3,3,9,1,1
SF,IC2010,2020-08-24 09:30:55.300,6466.2000,25,0,32390840.000,0,-,-,-,-,6466.4000,6466.2000,6460.0000,6455.0000,6450.2000,6477.8000,6478.0000,6478.4000,6487.2000,6498.8000,1,1,1,2,2,3,3,9,1,1
SF,IC2010,2020-08-24 09:30:55.800,6466.2000,25,0,32390840.000,0,-,-,-,-,6466.4000,6466.2000,6460.0000,6455.0000,6450.2000,6476.6000,6477.8000,6478.0000,6478.4000,6487.2000,1,1,1,2,2,1,3,3,9,1
SF,IC2010,2020-08-24 09:30:56.300,6466.2000,25,0,32390840.000,0,-,-,-,-,6467.0000,6466.4000,6466.2000,6460.0000,6455.0000,6476.6000,6477.8000,6478.0000,6478.4000,6487.2000,1,1,1,1,2,1,3,3,9,1
SF,IC2010,2020-08-24 09:30:56.800,6466.2000,25,0,32390840.000,0,-,-,-,-,6466.4000,6466.2000,6460.0000,6455.0000,6450.2000,6476.6000,6477.8000,6478.0000,6478.4000,6487.2000,1,1,1,2,2,1,3,3,9,1
SF,IC2010,2020-08-24 09:30:57.300,6466.2000,25,0,32390840.000,0,-,-,-,-,6466.4000,6466.2000,6460.0000,6455.0000,6450.2000,6475.4000,6476.0000,6476.4000,6477.8000,6478.0000,1,1,1,2,2,1,1,1,2,3
SF,IC2010,2020-08-24 09:30:57.800,6466.2000,25,0,32390840.000,0,-,-,-,-,6466.6000,6466.4000,6466.2000,6460.0000,6455.0000,6475.2000,6475.4000,6476.0000,6477.8000,6478.0000,1,1,1,1,2,1,1,2,2,3
SF,IC2010,2020-08-24 09:30:58.300,6466.2000,25,0,32390840.000,0,-,-,-,-,6466.4000,6466.2000,6460.0000,6455.0000,6450.2000,6475.2000,6475.4000,6476.0000,6477.8000,6478.0000,1,1,1,2,2,1,1,2,2,3
SF,IC2010,2020-08-24 09:30:58.800,6466.2000,25,0,32390840.000,0,-,-,-,-,6466.4000,6466.2000,6460.0000,6455.0000,6450.2000,6475.2000,6475.4000,6476.0000,6477.8000,6478.0000,1,1,1,2,2,1,1,1,2,3
SF,IC2010,2020-08-24 09:30:59.300,6466.2000,25,0,32390840.000,0,-,-,-,-,6466.6000,6466.4000,6466.2000,6460.0000,6455.0000,6474.4000,6475.2000,6476.0000,6477.8000,6478.0000,1,1,1,1,2,2,1,1,2,3
SF,IC2010,2020-08-24 09:30:59.800,6466.2000,25,0,32390840.000,0,-,-,-,-,6466.6000,6466.2000,6460.0000,6455.0000,6450.2000,6474.2000,6474.4000,6476.0000,6477.8000,6478.0000,1,1,1,2,2,1,3,1,2,3
SF,IC2010,2020-08-24 09:31:00.300,6466.6000,26,1,33684160.000,1,1,0,双开,S,6466.2000,6460.0000,6455.0000,6450.2000,6440.2000,6473.0000,6474.4000,6476.0000,6477.8000,6478.0000,1,1,2,2,4,2,1,1,2,3
SF,IC2010,2020-08-24 09:31:00.800,6466.6000,26,0,33684160.000,0,-,-,-,-,6466.2000,6460.0000,6455.0000,6450.2000,6440.2000,6472.8000,6473.0000,6474.4000,6476.0000,6477.8000,1,1,2,2,4,1,3,1,1,2
SF,IC2010,2020-08-24 09:31:01.300,6466.2000,27,1,34977400.000,1,1,0,双开,S,6460.0000,6455.0000,6450.2000,6440.2000,6401.0000,6473.0000,6474.4000,6477.8000,6478.0000,6478.4000,1,2,2,4,1,3,1,2,3,9
SF,IC2010,2020-08-24 09:31:01.800,6460.0000,28,1,36269400.000,1,1,0,双开,S,6455.0000,6450.2000,6440.2000,6401.0000,6400.0000,6472.8000,6473.0000,6474.4000,6477.8000,6478.0000,2,2,4,1,1,1,3,1,2,3
SF,IC2010,2020-08-24 09:31:02.300,6460.0000,28,0,36269400.000,0,-,-,-,-,6455.2000,6455.0000,6450.2000,6440.2000,6401.0000,6469.2000,6470.8000,6472.8000,6473.0000,6474.4000,1,2,2,4,1,1,2,1,1,1
SF,IC2010,2020-08-24 09:31:02.800,6460.0000,28,0,36269400.000,0,-,-,-,-,6455.2000,6455.0000,6450.2000,6440.2000,6401.0000,6469.0000,6469.2000,6470.8000,6473.0000,6474.4000,1,2,2,4,1,1,1,2,1,1
SF,IC2010,2020-08-24 09:31:03.300,6460.0000,28,0,36269400.000,0,-,-,-,-,6455.4000,6455.2000,6455.0000,6450.2000,6440.2000,6469.0000,6469.2000,6470.8000,6473.0000,6474.4000,1,1,2,2,4,1,2,2,1,1
SF,IC2010,2020-08-24 09:31:03.800,6460.0000,28,0,36269400.000,0,-,-,-,-,6455.6000,6455.4000,6455.0000,6450.2000,6440.2000,6469.0000,6469.2000,6470.8000,6473.0000,6474.4000,1,2,2,2,4,1,2,2,1,1
SF,IC2010,2020-08-24 09:31:04.800,6460.0000,28,0,36269400.000,0,-,-,-,-,6456.4000,6455.6000,6455.4000,6455.0000,6450.2000,6469.0000,6469.2000,6470.8000,6473.0000,6474.4000,1,1,2,2,2,1,2,2,1,1
SF,IC2010,2020-08-24 09:31:05.300,6460.0000,28,0,36269400.000,0,-,-,-,-,6467.0000,6455.8000,6455.4000,6455.0000,6450.2000,6469.0000,6469.2000,6470.8000,6473.0000,6474.4000,1,1,2,2,2,1,2,2,1,1
SF,IC2010,2020-08-24 09:31:05.800,6467.0000,29,1,37562800.000,1,1,0,双开,S,6455.8000,6455.4000,6455.0000,6450.2000,6440.2000,6469.2000,6470.8000,6473.0000,6474.4000,6477.8000,1,2,2,2,4,2,2,1,1,2
SF,IC2010,2020-08-24 09:31:06.300,6467.0000,29,0,37562800.000,0,-,-,-,-,6456.0000,6455.4000,6455.0000,6450.2000,6440.2000,6469.0000,6469.2000,6470.8000,6473.0000,6474.4000,1,1,2,2,4,1,1,2,1,1
SF,IC2010,2020-08-24 09:31:06.800,6467.0000,29,0,37562800.000,0,-,-,-,-,6456.0000,6455.4000,6455.0000,6450.2000,6440.2000,6466.8000,6469.0000,6469.2000,6470.8000,6473.0000,1,1,2,2,4,1,2,1,2,1
SF,IC2010,2020-08-24 09:31:07.300,6467.0000,29,0,37562800.000,0,-,-,-,-,6456.0000,6455.0000,6450.2000,6448.8000,6440.2000,6466.6000,6466.8000,6468.0000,6469.0000,6469.2000,1,2,2,1,4,1,1,1,1,1
SF,IC2010,2020-08-24 09:31:07.800,6467.0000,29,0,37562800.000,0,-,-,-,-,6456.0000,6455.0000,6450.2000,6448.8000,6440.2000,6466.6000,6466.8000,6468.0000,6469.0000,6473.0000,1,2,2,1,4,2,1,1,1,1
SF,IC2010,2020-08-24 09:31:08.300,6467.0000,29,0,37562800.000,0,-,-,-,-,6456.0000,6455.0000,6450.2000,6448.8000,6440.2000,6464.4000,6466.6000,6469.0000,6473.0000,6474.4000,1,2,2,1,4,1,2,1,1,1
SF,IC2010,2020-08-24 09:31:08.800,6467.0000,29,0,37562800.000,0,-,-,-,-,6456.0000,6455.0000,6450.2000,6448.8000,6440.2000,6464.2000,6464.4000,6466.6000,6469.0000,6473.0000,1,2,2,1,4,1,2,1,1,1
SF,IC2010,2020-08-24 09:31:09.300,6467.0000,29,0,37562800.000,0,-,-,-,-,6455.0000,6450.2000,6448.8000,6440.2000,6401.0000,6464.2000,6464.4000,6466.6000,6469.0000,6473.0000,2,2,1,4,1,1,2,1,1,1
SF,IC2010,2020-08-24 09:31:09.800,6467.0000,29,0,37562800.000,0,-,-,-,-,6455.0000,6450.2000,6448.8000,6440.2000,6401.0000,6464.2000,6464.4000,6466.6000,6469.0000,6473.0000,2,2,1,4,1,1,2,1,1,1
SF,IC2010,2020-08-24 09:31:10.300,6467.0000,29,0,37562800.000,0,-,-,-,-,6455.0000,6450.2000,6440.2000,6401.0000,6400.0000,6464.2000,6464.4000,6469.0000,6473.0000,6474.4000,2,2,4,1,1,1,1,1,1,1
SF,IC2010,2020-08-24 09:31:10.800,6467.0000,29,0,37562800.000,0,-,-,-,-,6455.0000,6450.2000,6440.2000,6401.0000,6400.0000,6464.2000,6464.4000,6469.0000,6473.0000,6474.4000,2,2,4,1,1,2,1,1,1,1
SF,IC2010,2020-08-24 09:31:11.300,6467.0000,29,0,37562800.000,0,-,-,-,-,6455.0000,6450.2000,6440.2000,6401.0000,6400.0000,6464.2000,6464.4000,6469.0000,6473.0000,6474.4000,2,2,4,1,1,2,1,1,1,1
SF,IC2010,2020-08-24 09:31:11.800,6467.0000,29,0,37562800.000,0,-,-,-,-,6455.0000,6450.2000,6440.2000,6401.0000,6400.0000,6464.2000,6464.4000,6469.0000,6473.0000,6474.4000,2,2,4,1,1,3,1,1,1,1
SF,IC2010,2020-08-24 09:31:12.300,6467.0000,29,0,37562800.000,0,-,-,-,-,6455.0000,6450.2000,6440.2000,6401.0000,6400.0000,6464.0000,6464.2000,6464.4000,6469.0000,6473.0000,2,2,4,1,1,1,3,1,1,1
SF,IC2010,2020-08-24 09:31:12.800,6467.0000,29,0,37562800.000,0,-,-,-,-,6455.2000,6455.0000,6450.2000,6440.2000,6401.0000,6463.8000,6464.0000,6464.2000,6464.4000,6469.0000,1,2,2,4,1,1,1,2,1,1
SF,IC2010,2020-08-24 09:31:13.300,6467.0000,29,0,37562800.000,0,-,-,-,-,6455.0000,6450.2000,6440.2000,6401.0000,6400.0000,6463.8000,6464.0000,6464.2000,6464.4000,6469.0000,2,2,4,1,1,1,1,2,1,1
SF,IC2010,2020-08-24 09:31:13.800,6467.0000,29,0,37562800.000,0,-,-,-,-,6455.0000,6450.2000,6440.2000,6401.0000,6400.0000,6463.8000,6464.0000,6464.2000,6464.4000,6469.0000,2,2,4,1,1,2,1,2,1,1
SF,IC2010,2020-08-24 09:31:14.300,6467.0000,29,0,37562800.000,0,-,-,-,-,6455.0000,6450.2000,6440.2000,6401.0000,6400.0000,6463.6000,6463.8000,6464.0000,6464.2000,6464.4000,2,2,4,1,1,1,2,1,2,1
SF,IC2010,2020-08-24 09:31:14.800,6467.0000,29,0,37562800.000,0,-,-,-,-,6455.0000,6450.2000,6440.2000,6401.0000,6400.0000,6461.8000,6463.4000,6463.6000,6463.8000,6464.0000,2,2,4,1,1,1,1,1,1,1
SF,IC2010,2020-08-24 09:31:15.300,6467.0000,29,0,37562800.000,0,-,-,-,-,6455.0000,6450.2000,6440.2000,6401.0000,6400.0000,6461.6000,6461.8000,6463.6000,6463.8000,6464.0000,2,2,4,1,1,1,1,1,1,1
SF,IC2010,2020-08-24 09:31:15.800,6467.0000,29,0,37562800.000,0,-,-,-,-,6455.0000,6450.2000,6440.2000,6401.0000,6400.0000,6461.6000,6461.8000,6463.6000,6463.8000,6464.0000,2,2,4,1,1,1,1,1,1,1
SF,IC2010,2020-08-24 09:31:16.300,6467.0000,29,0,37562800.000,0,-,-,-,-,6455.2000,6455.0000,6450.2000,6440.2000,6401.0000,6461.6000,6461.8000,6463.6000,6463.8000,6464.0000,1,2,2,4,1,4,1,1,1,1
SF,IC2010,2020-08-24 09:31:16.800,6467.0000,29,0,37562800.000,0,-,-,-,-,6455.0000,6450.2000,6440.2000,6401.0000,6400.0000,6461.2000,6461.6000,6461.8000,6463.8000,6464.0000,2,2,4,1,1,1,3,1,1,1
SF,IC2010,2020-08-24 09:31:17.300,6455.0000,30,1,38853800.000,1,1,0,双开,S,6455.0000,6450.2000,6440.2000,6401.0000,6400.0000,6461.0000,6461.2000,6461.6000,6463.8000,6464.0000,1,2,4,1,1,3,1,3,1,1
SF,IC2010,2020-08-24 09:31:17.800,6455.0000,30,0,38853800.000,0,-,-,-,-,6455.2000,6455.0000,6450.2000,6440.2000,6401.0000,6460.8000,6461.2000,6461.6000,6463.8000,6464.0000,1,1,2,4,1,1,1,3,1,1
SF,IC2010,2020-08-24 09:31:18.300,6455.0000,30,0,38853800.000,0,-,-,-,-,6450.2000,6440.2000,6401.0000,6400.0000,6341.4000,6460.8000,6461.2000,6461.6000,6463.8000,6464.0000,3,4,1,1,1,1,1,3,1,1
SF,IC2010,2020-08-24 09:31:18.800,6455.0000,30,0,38853800.000,0,-,-,-,-,6450.4000,6450.2000,6440.2000,6401.0000,6400.0000,6460.8000,6461.2000,6461.6000,6463.8000,6464.0000,1,3,4,1,1,1,1,3,1,1
SF,IC2010,2020-08-24 09:31:19.300,6455.0000,30,0,38853800.000,0,-,-,-,-,6450.4000,6450.2000,6440.2000,6401.0000,6400.0000,6459.2000,6460.8000,6461.2000,6461.6000,6463.8000,1,3,4,1,1,1,1,1,3,1
SF,IC2010,2020-08-24 09:31:19.800,6455.0000,30,0,38853800.000,0,-,-,-,-,6450.6000,6450.4000,6450.2000,6440.2000,6401.0000,6459.2000,6460.8000,6461.6000,6463.8000,6464.0000,1,1,3,4,1,2,1,3,1,1
SF,IC2010,2020-08-24 09:31:20.300,6455.0000,30,0,38853800.000,0,-,-,-,-,6450.8000,6450.2000,6440.2000,6401.0000,6400.0000,6459.2000,6461.6000,6463.8000,6464.0000,6464.2000,1,3,4,1,1,2,3,1,1,2
SF,IC2010,2020-08-24 09:31:20.800,6455.0000,30,0,38853800.000,0,-,-,-,-,6450.8000,6450.2000,6440.2000,6401.0000,6400.0000,6459.2000,6461.6000,6463.8000,6464.0000,6464.2000,2,3,4,1,1,2,3,1,1,2
SF,IC2010,2020-08-24 09:31:21.300,6455.0000,30,0,38853800.000,0,-,-,-,-,6450.8000,6450.2000,6440.2000,6401.0000,6400.0000,6459.2000,6461.6000,6463.8000,6464.0000,6464.2000,1,3,4,1,1,2,3,1,1,2
SF,IC2010,2020-08-24 09:31:21.800,6455.0000,30,0,38853800.000,0,-,-,-,-,6451.0000,6450.8000,6450.2000,6440.2000,6401.0000,6459.2000,6461.6000,6463.8000,6464.0000,6464.2000,1,1,3,4,1,1,3,1,1,2
SF,IC2010,2020-08-24 09:31:22.300,6455.0000,30,0,38853800.000,0,-,-,-,-,6451.2000,6451.0000,6450.2000,6440.2000,6401.0000,6459.2000,6461.6000,6463.8000,6464.2000,6469.0000,1,1,3,4,1,1,3,1,2,1
SF,IC2010,2020-08-24 09:31:22.800,6455.0000,30,0,38853800.000,0,-,-,-,-,6451.2000,6451.0000,6450.2000,6440.2000,6401.0000,6459.2000,6461.6000,6463.8000,6464.2000,6469.0000,2,1,3,4,1,2,3,1,2,1
SF,IC2010,2020-08-24 09:31:23.300,6455.0000,30,0,38853800.000,0,-,-,-,-,6451.2000,6451.0000,6450.2000,6440.2000,6401.0000,6459.2000,6461.6000,6463.8000,6464.2000,6469.0000,1,1,3,4,1,3,3,1,2,1
SF,IC2010,2020-08-24 09:31:23.800,6455.0000,30,0,38853800.000,0,-,-,-,-,6451.4000,6451.2000,6451.0000,6450.2000,6440.2000,6459.0000,6459.2000,6461.6000,6463.8000,6464.2000,1,1,1,3,4,1,3,3,1,2
SF,IC2010,2020-08-24 09:31:24.300,6455.0000,30,0,38853800.000,0,-,-,-,-,6451.6000,6451.0000,6450.2000,6440.2000,6401.0000,6459.0000,6459.2000,6461.6000,6463.8000,6464.2000,1,1,3,4,1,2,3,3,1,2
SF,IC2010,2020-08-24 09:31:24.800,6455.0000,30,0,38853800.000,0,-,-,-,-,6451.6000,6451.0000,6450.2000,6440.2000,6401.0000,6458.8000,6459.0000,6459.2000,6461.6000,6463.8000,2,1,3,4,1,1,3,3,3,1
SF,IC2010,2020-08-24 09:31:25.300,6455.0000,30,0,38853800.000,0,-,-,-,-,6451.8000,6451.6000,6451.0000,6450.2000,6440.2000,6459.0000,6459.2000,6461.6000,6463.8000,6464.2000,1,1,1,3,4,3,3,3,1,2
SF,IC2010,2020-08-24 09:31:25.800,6455.0000,30,0,38853800.000,0,-,-,-,-,6452.0000,6451.8000,6451.0000,6450.2000,6440.2000,6459.0000,6459.2000,6461.6000,6463.8000,6464.2000,1,1,1,3,4,3,3,3,1,2
SF,IC2010,2020-08-24 09:31:26.300,6455.0000,30,0,38853800.000,0,-,-,-,-,6452.0000,6451.0000,6450.2000,6440.2000,6401.0000,6459.0000,6459.2000,6461.6000,6463.8000,6464.2000,1,1,3,4,1,3,3,3,1,2
SF,IC2010,2020-08-24 09:31:26.800,6455.0000,30,0,38853800.000,0,-,-,-,-,6452.2000,6452.0000,6451.0000,6450.2000,6440.2000,6458.8000,6459.0000,6459.2000,6461.6000,6463.8000,1,1,1,3,4,1,3,3,3,1
SF,IC2010,2020-08-24 09:31:27.300,6455.0000,30,0,38853800.000,0,-,-,-,-,6452.4000,6451.0000,6450.2000,6440.2000,6401.0000,6458.8000,6459.0000,6459.2000,6461.6000,6463.8000,1,1,3,4,1,1,3,3,3,1
SF,IC2010,2020-08-24 09:31:27.800,6455.0000,30,0,38853800.000,0,-,-,-,-,6452.4000,6451.0000,6450.2000,6440.2000,6401.0000,6458.8000,6459.0000,6459.2000,6461.6000,6463.8000,2,1,3,4,1,1,3,3,3,1
SF,IC2010,2020-08-24 09:31:28.300,6455.0000,30,0,38853800.000,0,-,-,-,-,6452.4000,6451.0000,6450.2000,6440.2000,6401.0000,6459.0000,6459.2000,6461.6000,6463.8000,6464.2000,1,1,3,4,1,3,3,3,1,2
SF,IC2010,2020-08-24 09:31:28.800,6455.0000,30,0,38853800.000,0,-,-,-,-,6452.6000,6452.4000,6451.0000,6450.2000,6440.2000,6459.0000,6459.2000,6461.6000,6463.8000,6464.2000,1,1,1,3,4,3,3,3,1,2
SF,IC2010,2020-08-24 09:31:29.300,6455.0000,30,0,38853800.000,0,-,-,-,-,6452.8000,6451.0000,6450.2000,6440.2000,6401.0000,6459.0000,6459.2000,6461.6000,6463.8000,6464.2000,1,1,3,4,1,3,3,3,1,2
SF,IC2010,2020-08-24 09:31:29.800,6455.0000,30,0,38853800.000,0,-,-,-,-,6452.8000,6451.0000,6450.2000,6440.2000,6401.0000,6459.0000,6459.2000,6461.6000,6463.8000,6464.2000,2,1,3,4,1,3,3,3,1,2
SF,IC2010,2020-08-24 09:31:30.300,6455.0000,30,0,38853800.000,0,-,-,-,-,6452.8000,6451.0000,6450.2000,6440.2000,6401.0000,6459.0000,6459.2000,6461.6000,6463.8000,6464.2000,1,1,3,4,1,4,3,3,1,2
SF,IC2010,2020-08-24 09:31:30.800,6455.0000,30,0,38853800.000,0,-,-,-,-,6453.0000,6452.8000,6451.0000,6450.2000,6440.2000,6459.0000,6459.2000,6461.6000,6463.8000,6464.2000,1,1,1,3,4,7,3,3,1,2
SF,IC2010,2020-08-24 09:31:31.300,6455.0000,30,0,38853800.000,0,-,-,-,-,6453.2000,6451.0000,6450.2000,6440.2000,6401.0000,6459.0000,6459.2000,6461.6000,6463.8000,6464.2000,1,1,3,4,1,8,3,3,1,2
SF,IC2010,2020-08-24 09:31:31.800,6458.8000,31,1,40145560.000,1,1,0,双开,S,6453.2000,6451.0000,6450.2000,6440.2000,6401.0000,6459.0000,6459.2000,6461.6000,6463.8000,6464.2000,1,1,3,4,1,8,3,3,1,2
SF,IC2010,2020-08-24 09:31:32.300,6458.8000,31,0,40145560.000,0,-,-,-,-,6453.2000,6451.0000,6450.2000,6440.2000,6401.0000,6459.0000,6459.2000,6461.6000,6463.8000,6464.2000,1,1,3,4,1,8,3,3,1,2
SF,IC2010,2020-08-24 09:31:32.800,6458.8000,31,0,40145560.000,0,-,-,-,-,6453.4000,6453.2000,6451.0000,6450.2000,6440.2000,6459.0000,6459.2000,6461.6000,6463.8000,6464.2000,1,1,1,3,4,10,3,3,1,2
SF,IC2010,2020-08-24 09:31:33.300,6459.0000,32,1,41437360.000,1,1,0,双开,S,6453.6000,6451.0000,6450.2000,6440.2000,6401.0000,6458.6000,6459.0000,6459.2000,6461.6000,6463.8000,1,1,3,4,1,1,9,3,3,1
SF,IC2010,2020-08-24 09:31:33.800,6458.6000,33,1,42729080.000,1,1,0,双开,S,6456.6000,6453.6000,6451.0000,6450.2000,6440.2000,6459.0000,6459.2000,6461.6000,6463.8000,6464.2000,1,1,1,3,4,9,3,3,1,2
SF,IC2010,2020-08-24 09:31:34.300,6458.6000,33,0,42729080.000,0,-,-,-,-,6456.8000,6456.6000,6453.8000,6451.0000,6450.2000,6459.0000,6459.2000,6461.6000,6463.8000,6464.2000,1,1,1,1,3,9,3,3,1,2
SF,IC2010,2020-08-24 09:31:34.800,6458.6000,33,0,42729080.000,0,-,-,-,-,6456.8000,6456.6000,6451.0000,6450.2000,6440.2000,6459.0000,6459.2000,6461.6000,6463.8000,6464.2000,2,1,1,3,4,9,3,3,1,2
SF,IC2010,2020-08-24 09:31:35.300,6459.0000,34,1,44020880.000,1,1,0,双开,S,6456.8000,6456.6000,6451.0000,6450.2000,6440.2000,6459.0000,6459.2000,6461.6000,6463.8000,6464.2000,2,1,1,3,4,8,3,3,1,2
SF,IC2010,2020-08-24 09:31:35.800,6459.0000,34,0,44020880.000,0,-,-,-,-,6456.8000,6456.6000,6451.0000,6450.2000,6440.2000,6459.0000,6459.2000,6461.6000,6463.8000,6464.2000,1,1,1,3,4,8,3,3,1,2
SF,IC2010,2020-08-24 09:31:36.300,6459.0000,35,1,45312680.000,1,1,0,双开,S,6457.0000,6456.6000,6451.0000,6450.2000,6440.2000,6459.0000,6459.2000,6461.6000,6463.8000,6464.2000,1,2,1,3,4,7,3,3,1,2
SF,IC2010,2020-08-24 09:31:36.800,6459.0000,36,1,46604480.000,1,1,0,双开,S,6456.6000,6451.0000,6450.2000,6440.2000,6401.0000,6459.0000,6459.2000,6461.6000,6463.8000,6464.2000,2,1,3,4,1,6,3,3,1,2
SF,IC2010,2020-08-24 09:31:37.300,6459.0000,36,0,46604480.000,0,-,-,-,-,6457.2000,6456.8000,6456.6000,6451.0000,6450.2000,6459.0000,6459.2000,6461.6000,6463.8000,6464.2000,1,1,2,1,3,7,3,3,1,2
SF,IC2010,2020-08-24 09:31:37.800,6459.0000,36,0,46604480.000,0,-,-,-,-,6457.4000,6456.6000,6451.0000,6450.2000,6440.2000,6459.0000,6459.2000,6461.6000,6463.8000,6464.2000,1,2,1,3,4,7,3,3,1,2
SF,IC2010,2020-08-24 09:31:38.300,6459.0000,36,0,46604480.000,0,-,-,-,-,6457.4000,6456.6000,6451.0000,6450.2000,6440.2000,6459.0000,6459.2000,6461.6000,6463.8000,6464.2000,2,2,1,3,4,7,3,3,1,2
SF,IC2010,2020-08-24 09:31:38.800,6459.0000,38,2,49188080.000,2,2,0,双开,S,6457.4000,6456.6000,6451.0000,6450.2000,6440.2000,6459.0000,6459.2000,6461.6000,6463.8000,6464.2000,1,2,1,3,4,5,3,3,1,2
SF,IC2010,2020-08-24 09:31:39.300,6459.0000,39,1,50479880.000,1,1,0,双开,S,6457.6000,6456.6000,6451.0000,6450.2000,6440.2000,6459.0000,6459.2000,6461.6000,6463.8000,6464.2000,1,2,1,3,4,4,3,3,1,2
SF,IC2010,2020-08-24 09:31:39.800,6459.2000,46,7,59522600.000,7,7,0,双开,S,6459.8000,6456.6000,6451.0000,6450.2000,6440.2000,6461.6000,6463.8000,6464.2000,6498.8000,6522.6000,1,2,1,3,4,3,1,2,1,1
SF,IC2010,2020-08-24 09:31:40.300,6459.2000,46,0,59522600.000,0,-,-,-,-,6459.0000,6456.6000,6451.0000,6450.2000,6440.2000,6461.6000,6463.8000,6464.2000,6498.8000,6522.6000,2,2,1,3,4,3,1,2,1,1
SF,IC2010,2020-08-24 09:31:40.800,6459.2000,46,0,59522600.000,0,-,-,-,-,6460.0000,6459.2000,6459.0000,6456.6000,6451.0000,6461.6000,6463.8000,6464.2000,6498.8000,6522.6000,1,1,1,2,1,3,1,1,1,1
SF,IC2010,2020-08-24 09:31:41.300,6459.2000,46,0,59522600.000,0,-,-,-,-,6460.2000,6459.0000,6456.6000,6451.0000,6450.2000,6461.6000,6463.8000,6464.2000,6498.8000,6522.6000,1,1,2,1,3,4,1,1,1,1
SF,IC2010,2020-08-24 09:31:41.800,6461.6000,47,1,60814920.000,1,1,0,双开,S,6460.2000,6459.0000,6456.6000,6451.0000,6450.2000,6461.6000,6463.8000,6498.8000,6522.6000,6528.8000,1,1,2,1,3,3,1,1,1,3
SF,IC2010,2020-08-24 09:31:42.300,6461.6000,47,0,60814920.000,0,-,-,-,-,6460.2000,6459.0000,6456.6000,6451.0000,6450.2000,6461.6000,6463.8000,6498.8000,6522.6000,6528.8000,1,1,2,1,3,4,1,1,1,3
SF,IC2010,2020-08-24 09:31:42.800,6461.6000,49,2,63399560.000,2,2,0,双开,S,6460.4000,6459.0000,6456.6000,6451.0000,6450.2000,6461.6000,6463.8000,6498.8000,6522.6000,6528.8000,1,1,2,1,3,2,1,1,1,3
SF,IC2010,2020-08-24 09:31:43.300,6461.6000,50,1,64691880.000,1,1,0,双开,S,6460.6000,6459.0000,6456.6000,6451.0000,6450.2000,6461.6000,6463.8000,6498.8000,6522.6000,6528.8000,1,1,2,1,3,1,1,1,1,3
SF,IC2010,2020-08-24 09:31:43.800,6461.6000,51,1,65984200.000,1,1,0,双开,S,6460.6000,6459.0000,6456.6000,6451.0000,6450.2000,6461.6000,6498.8000,6522.6000,6528.8000,6529.6000,1,1,2,1,3,2,1,1,3,3
SF,IC2010,2020-08-24 09:31:44.300,6461.6000,54,3,69861160.000,3,3,0,双开,S,6459.0000,6456.6000,6451.0000,6450.2000,6440.2000,6498.8000,6522.6000,6528.8000,6529.6000,6548.8000,1,2,1,3,4,1,1,3,3,6
SF,IC2010,2020-08-24 09:31:44.800,6461.6000,54,0,69861160.000,0,-,-,-,-,6459.2000,6459.0000,6456.6000,6451.0000,6450.2000,6492.2000,6498.6000,6498.8000,6522.6000,6528.8000,1,1,2,1,3,12,4,1,1,3
SF,IC2010,2020-08-24 09:31:45.300,6461.6000,54,0,69861160.000,0,-,-,-,-,6459.2000,6459.0000,6456.6000,6451.0000,6450.2000,6492.0000,6492.2000,6498.8000,6522.6000,6528.8000,1,1,2,1,3,4,12,1,1,3
SF,IC2010,2020-08-24 09:31:45.800,6461.6000,54,0,69861160.000,0,-,-,-,-,6459.4000,6459.2000,6459.0000,6456.6000,6451.0000,6492.0000,6492.2000,6498.8000,6522.6000,6528.8000,1,1,1,2,1,4,12,1,1,3
SF,IC2010,2020-08-24 09:31:46.300,6461.6000,54,0,69861160.000,0,-,-,-,-,6459.6000,6459.0000,6456.6000,6451.0000,6450.2000,6492.0000,6492.2000,6498.8000,6522.6000,6528.8000,1,1,2,1,3,4,12,1,1,3
SF,IC2010,2020-08-24 09:31:46.800,6461.6000,54,0,69861160.000,0,-,-,-,-,6459.6000,6459.0000,6456.6000,6451.0000,6450.2000,6478.0000,6492.0000,6492.2000,6498.8000,6522.6000,1,1,2,1,3,1,4,12,1,1
SF,IC2010,2020-08-24 09:31:47.300,6461.6000,54,0,69861160.000,0,-,-,-,-,6459.6000,6459.0000,6456.6000,6451.0000,6450.2000,6475.2000,6477.0000,6477.8000,6478.0000,6492.0000,1,1,2,1,3,1,1,1,1,1
SF,IC2010,2020-08-24 09:31:47.800,6461.6000,54,0,69861160.000,0,-,-,-,-,6461.0000,6459.6000,6459.0000,6456.6000,6451.0000,6475.0000,6475.2000,6477.0000,6478.0000,6492.0000,1,2,1,2,1,1,1,1,1,1
SF,IC2010,2020-08-24 09:31:48.300,6461.6000,54,0,69861160.000,0,-,-,-,-,6461.2000,6461.0000,6459.6000,6459.0000,6456.6000,6474.4000,6475.0000,6475.2000,6478.0000,6492.2000,1,1,1,1,2,1,1,1,1,12
SF,IC2010,2020-08-24 09:31:48.800,6461.6000,54,0,69861160.000,0,-,-,-,-,6461.0000,6459.6000,6459.0000,6456.6000,6451.0000,6472.8000,6474.2000,6474.4000,6475.2000,6478.0000,1,1,1,2,1,2,1,1,1,1
SF,IC2010,2020-08-24 09:31:49.300,6461.6000,54,0,69861160.000,0,-,-,-,-,6461.0000,6459.6000,6459.0000,6456.6000,6451.0000,6472.6000,6472.8000,6474.4000,6475.2000,6478.0000,1,1,1,2,1,1,2,1,1,1
SF,IC2010,2020-08-24 09:31:49.800,6461.6000,54,0,69861160.000,0,-,-,-,-,6461.0000,6459.6000,6459.0000,6456.6000,6451.0000,6471.4000,6472.6000,6472.8000,6474.4000,6478.0000,1,1,1,2,1,1,1,2,1,1
SF,IC2010,2020-08-24 09:31:50.300,6461.6000,54,0,69861160.000,0,-,-,-,-,6461.0000,6459.6000,6459.0000,6456.6000,6451.0000,6471.2000,6471.4000,6472.8000,6474.4000,6478.0000,1,1,1,2,1,2,1,2,1,1
SF,IC2010,2020-08-24 09:31:50.800,6461.6000,54,0,69861160.000,0,-,-,-,-,6461.0000,6459.6000,6459.0000,6456.6000,6451.0000,6470.0000,6470.8000,6471.2000,6472.8000,6478.0000,1,1,1,2,1,1,1,2,2,1
SF,IC2010,2020-08-24 09:31:51.300,6461.6000,54,0,69861160.000,0,-,-,-,-,6461.0000,6459.6000,6459.0000,6456.6000,6451.0000,6469.8000,6470.0000,6470.8000,6471.2000,6472.8000,1,1,1,2,1,1,1,1,1,2
SF,IC2010,2020-08-24 09:31:51.800,6461.6000,54,0,69861160.000,0,-,-,-,-,6461.0000,6459.6000,6459.0000,6456.6000,6451.0000,6469.8000,6470.0000,6471.2000,6472.8000,6478.0000,1,1,1,2,1,2,1,1,2,1
SF,IC2010,2020-08-24 09:31:52.300,6461.6000,54,0,69861160.000,0,-,-,-,-,6461.0000,6459.6000,6459.0000,6456.6000,6450.2000,6468.4000,6469.8000,6471.2000,6478.0000,6492.2000,1,1,1,2,3,2,2,1,1,12
SF,IC2010,2020-08-24 09:31:52.800,6461.6000,54,0,69861160.000,0,-,-,-,-,6461.0000,6459.6000,6459.0000,6456.6000,6450.2000,6468.2000,6468.4000,6469.8000,6471.2000,6478.0000,2,1,1,2,3,1,2,1,1,1
SF,IC2010,2020-08-24 09:31:53.300,6461.6000,54,0,69861160.000,0,-,-,-,-,6462.0000,6461.2000,6461.0000,6459.6000,6459.0000,6468.2000,6468.4000,6469.8000,6471.2000,6478.0000,1,1,2,1,1,1,2,1,1,1
SF,IC2010,2020-08-24 09:31:53.800,6461.6000,54,0,69861160.000,0,-,-,-,-,6462.2000,6462.0000,6461.0000,6459.6000,6459.0000,6468.2000,6468.4000,6469.8000,6471.2000,6478.0000,1,1,2,1,1,2,2,1,1,1
SF,IC2010,2020-08-24 09:31:54.300,6461.6000,54,0,69861160.000,0,-,-,-,-,6462.2000,6462.0000,6461.0000,6459.6000,6459.0000,6468.2000,6468.4000,6469.8000,6471.2000,6478.0000,1,1,2,1,1,2,2,1,1,1
SF,IC2010,2020-08-24 09:31:54.800,6461.6000,54,0,69861160.000,0,-,-,-,-,6462.2000,6462.0000,6461.0000,6459.6000,6459.0000,6468.2000,6468.4000,6469.8000,6471.2000,6478.0000,1,1,2,1,1,2,2,1,1,1
SF,IC2010,2020-08-24 09:31:55.300,6461.6000,54,0,69861160.000,0,-,-,-,-,6462.4000,6462.2000,6462.0000,6461.0000,6459.6000,6468.2000,6468.4000,6469.8000,6471.2000,6478.0000,1,1,1,2,1,2,2,1,1,1
SF,IC2010,2020-08-24 09:31:55.800,6461.6000,54,0,69861160.000,0,-,-,-,-,6462.6000,6462.0000,6461.0000,6459.6000,6459.0000,6468.2000,6468.4000,6469.8000,6478.0000,6492.2000,1,1,2,1,1,2,2,1,1,12
SF,IC2010,2020-08-24 09:31:56.800,6461.6000,54,0,69861160.000,0,-,-,-,-,6462.8000,6462.6000,6462.0000,6461.0000,6459.6000,6468.2000,6468.4000,6469.8000,6478.0000,6492.2000,1,1,1,2,1,2,2,1,1,12
SF,IC2010,2020-08-24 09:31:57.300,6461.6000,54,0,69861160.000,0,-,-,-,-,6463.0000,6462.8000,6462.0000,6461.0000,6459.6000,6468.2000,6468.4000,6469.8000,6478.0000,6492.2000,1,1,1,2,1,1,2,1,1,12
SF,IC2010,2020-08-24 09:31:57.800,6461.6000,54,0,69861160.000,0,-,-,-,-,6463.0000,6462.0000,6461.0000,6459.6000,6459.0000,6468.2000,6468.4000,6469.8000,6478.0000,6492.2000,1,1,2,1,1,1,2,1,1,12
SF,IC2010,2020-08-24 09:31:58.300,6461.6000,54,0,69861160.000,0,-,-,-,-,6463.2000,6463.0000,6462.0000,6461.0000,6459.6000,6468.2000,6468.4000,6469.8000,6478.0000,6492.2000,1,1,1,2,1,1,2,1,1,12
SF,IC2010,2020-08-24 09:31:58.800,6461.6000,54,0,69861160.000,0,-,-,-,-,6463.4000,6462.0000,6461.0000,6459.6000,6459.0000,6468.2000,6469.8000,6473.4000,6478.0000,6492.2000,1,1,2,1,1,1,1,2,1,12
SF,IC2010,2020-08-24 09:31:59.300,6461.6000,54,0,69861160.000,0,-,-,-,-,6463.4000,6462.0000,6461.0000,6459.6000,6459.0000,6468.0000,6468.2000,6469.8000,6473.4000,6478.0000,2,1,2,1,1,1,1,1,2,1
SF,IC2010,2020-08-24 09:31:59.800,6461.6000,54,0,69861160.000,0,-,-,-,-,6463.4000,6462.0000,6461.0000,6459.6000,6459.0000,6468.0000,6468.2000,6469.8000,6473.4000,6478.0000,1,1,2,1,1,1,1,1,2,1
SF,IC2010,2020-08-24 09:32:00.300,6461.6000,54,0,69861160.000,0,-,-,-,-,6463.6000,6462.0000,6461.0000,6459.6000,6459.0000,6468.0000,6468.2000,6469.8000,6473.4000,6478.0000,1,1,2,1,1,1,1,1,2,1
SF,IC2010,2020-08-24 09:32:00.800,6461.6000,54,0,69861160.000,0,-,-,-,-,6462.0000,6461.0000,6459.6000,6459.0000,6456.6000,6468.0000,6468.2000,6469.8000,6473.4000,6478.0000,1,2,1,1,2,1,1,1,2,1
SF,IC2010,2020-08-24 09:32:01.300,6461.6000,54,0,69861160.000,0,-,-,-,-,6462.0000,6461.0000,6459.6000,6459.0000,6456.6000,6468.0000,6468.2000,6469.8000,6473.4000,6478.0000,1,2,1,1,2,1,1,1,2,1
SF,IC2010,2020-08-24 09:32:01.800,6461.6000,54,0,69861160.000,0,-,-,-,-,6462.0000,6461.0000,6459.6000,6456.6000,6450.2000,6468.0000,6468.2000,6469.8000,6473.4000,6478.0000,1,2,1,1,3,1,1,1,2,1
SF,IC2010,2020-08-24 09:32:02.300,6461.6000,54,0,69861160.000,0,-,-,-,-,6462.0000,6461.0000,6459.6000,6456.6000,6450.2000,6468.0000,6468.2000,6469.8000,6473.4000,6478.0000,1,2,1,1,3,1,1,1,2,1
SF,IC2010,2020-08-24 09:32:02.800,6461.6000,54,0,69861160.000,0,-,-,-,-,6462.2000,6462.0000,6461.0000,6459.6000,6456.6000,6468.0000,6468.2000,6469.8000,6473.4000,6478.0000,1,1,2,1,1,1,1,1,2,1
SF,IC2010,2020-08-24 09:32:03.300,6461.6000,54,0,69861160.000,0,-,-,-,-,6462.0000,6461.0000,6459.6000,6456.6000,6450.2000,6468.0000,6468.2000,6469.8000,6473.4000,6478.0000,1,2,1,1,3,1,1,1,2,1
SF,IC2010,2020-08-24 09:32:03.800,6461.6000,54,0,69861160.000,0,-,-,-,-,6462.0000,6461.0000,6459.6000,6456.6000,6450.2000,6468.0000,6468.2000,6469.8000,6473.4000,6478.0000,1,2,1,1,3,2,1,1,2,1
SF,IC2010,2020-08-24 09:32:04.300,6461.6000,54,0,69861160.000,0,-,-,-,-,6462.2000,6462.0000,6461.0000,6459.6000,6456.6000,6468.0000,6468.2000,6469.8000,6473.4000,6478.0000,1,1,2,1,1,2,1,1,2,1
SF,IC2010,2020-08-24 09:32:04.800,6461.6000,54,0,69861160.000,0,-,-,-,-,6462.0000,6461.0000,6459.6000,6456.6000,6450.2000,6467.6000,6468.0000,6468.2000,6469.8000,6478.0000,1,2,1,1,3,2,2,1,1,1
SF,IC2010,2020-08-24 09:32:05.300,6462.0000,55,1,71153560.000,1,1,0,双开,S,6461.0000,6459.6000,6456.6000,6450.2000,6440.2000,6467.4000,6467.6000,6468.0000,6468.2000,6469.8000,2,1,1,3,4,1,2,1,1,1
SF,IC2010,2020-08-24 09:32:05.800,6461.0000,56,1,72445760.000,1,1,0,双开,S,6461.0000,6459.6000,6456.6000,6450.2000,6440.2000,6467.2000,6467.4000,6467.6000,6468.0000,6468.2000,1,1,1,3,4,1,1,2,1,1
SF,IC2010,2020-08-24 09:32:06.300,6461.0000,57,1,73737960.000,1,1,0,双开,S,6459.6000,6456.6000,6450.2000,6440.2000,6405.0000,6465.8000,6467.2000,6468.0000,6468.2000,6469.8000,1,1,3,4,4,2,1,1,1,1
SF,IC2010,2020-08-24 09:32:06.800,6461.0000,57,0,73737960.000,0,-,-,-,-,6459.6000,6456.6000,6450.2000,6440.2000,6405.0000,6465.6000,6465.8000,6467.2000,6468.0000,6468.2000,1,1,3,4,4,1,3,1,1,1
SF,IC2010,2020-08-24 09:32:07.300,6461.0000,57,0,73737960.000,0,-,-,-,-,6459.6000,6456.6000,6450.2000,6440.2000,6405.0000,6465.6000,6465.8000,6467.2000,6468.0000,6468.2000,1,1,3,4,4,1,3,1,1,1
SF,IC2010,2020-08-24 09:32:07.800,6459.6000,58,1,75029880.000,1,1,0,双开,S,6456.6000,6450.2000,6440.2000,6405.0000,6401.0000,6465.0000,6465.2000,6465.6000,6465.8000,6468.0000,1,3,4,4,1,1,1,2,3,1
SF,IC2010,2020-08-24 09:32:08.300,6456.6000,59,1,76321200.000,1,1,0,双开,S,6450.2000,6440.2000,6405.0000,6401.0000,6341.4000,6464.8000,6465.0000,6465.2000,6465.6000,6465.8000,3,4,4,1,1,1,1,1,2,3
SF,IC2010,2020-08-24 09:32:08.800,6456.6000,59,0,76321200.000,0,-,-,-,-,6450.4000,6450.2000,6440.2000,6405.0000,6401.0000,6461.6000,6464.8000,6465.0000,6465.2000,6465.6000,2,3,4,4,1,2,3,1,1,2
SF,IC2010,2020-08-24 09:32:09.300,6456.6000,59,0,76321200.000,0,-,-,-,-,6450.8000,6450.4000,6450.2000,6440.2000,6405.0000,6461.4000,6461.6000,6464.8000,6465.2000,6465.6000,1,1,3,4,4,1,2,2,1,2
SF,IC2010,2020-08-24 09:32:09.800,6456.6000,59,0,76321200.000,0,-,-,-,-,6451.0000,6450.8000,6450.6000,6450.2000,6440.2000,6461.4000,6461.6000,6464.8000,6465.2000,6465.6000,1,1,1,3,4,1,2,2,1,2
SF,IC2010,2020-08-24 09:32:10.300,6456.6000,59,0,76321200.000,0,-,-,-,-,6451.2000,6451.0000,6450.2000,6440.2000,6405.0000,6461.4000,6461.6000,6464.8000,6465.2000,6465.6000,1,2,3,4,4,1,2,2,1,2
SF,IC2010,2020-08-24 09:32:10.800,6456.6000,59,0,76321200.000,0,-,-,-,-,6451.4000,6450.2000,6440.2000,6405.0000,6401.0000,6461.4000,6461.6000,6464.8000,6465.6000,6465.8000,1,3,4,4,1,1,2,2,2,1
SF,IC2010,2020-08-24 09:32:11.300,6456.6000,59,0,76321200.000,0,-,-,-,-,6451.4000,6450.2000,6440.2000,6405.0000,6401.0000,6461.4000,6461.6000,6464.8000,6465.6000,6465.8000,1,3,4,4,1,1,2,2,2,1
SF,IC2010,2020-08-24 09:32:11.800,6456.6000,59,0,76321200.000,0,-,-,-,-,6451.4000,6450.2000,6440.2000,6405.0000,6401.0000,6461.4000,6461.6000,6464.8000,6465.6000,6465.8000,1,3,4,4,1,1,2,2,2,1
SF,IC2010,2020-08-24 09:32:12.300,6456.6000,59,0,76321200.000,0,-,-,-,-,6451.4000,6450.2000,6440.2000,6405.0000,6401.0000,6461.4000,6461.6000,6464.8000,6465.6000,6465.8000,1,3,4,4,1,1,2,2,2,1
SF,IC2010,2020-08-24 09:32:12.800,6456.6000,59,0,76321200.000,0,-,-,-,-,6451.4000,6450.2000,6440.2000,6405.0000,6401.0000,6460.0000,6461.4000,6461.6000,6464.8000,6465.6000,1,3,4,4,1,1,1,2,2,2
SF,IC2010,2020-08-24 09:32:13.300,6456.6000,59,0,76321200.000,0,-,-,-,-,6451.4000,6450.2000,6440.2000,6405.0000,6401.0000,6459.8000,6460.0000,6461.6000,6464.8000,6465.6000,1,3,4,4,1,1,1,2,2,2
SF,IC2010,2020-08-24 09:32:13.800,6456.6000,59,0,76321200.000,0,-,-,-,-,6451.4000,6450.2000,6440.2000,6405.0000,6401.0000,6459.8000,6460.0000,6461.6000,6464.8000,6465.6000,1,3,4,4,1,1,1,2,2,2
SF,IC2010,2020-08-24 09:32:14.300,6456.6000,59,0,76321200.000,0,-,-,-,-,6450.2000,6440.2000,6405.0000,6401.0000,6341.4000,6459.8000,6460.0000,6461.6000,6464.8000,6465.6000,3,4,4,1,1,1,1,2,2,2
SF,IC2010,2020-08-24 09:32:14.800,6456.6000,59,0,76321200.000,0,-,-,-,-,6450.4000,6450.2000,6440.2000,6405.0000,6401.0000,6459.8000,6460.0000,6461.6000,6464.8000,6465.6000,1,3,4,4,1,1,1,2,2,2
SF,IC2010,2020-08-24 09:32:15.300,6459.6000,60,1,77613120.000,1,1,0,双开,S,6450.2000,6440.2000,6405.0000,6401.0000,6341.4000,6459.8000,6461.6000,6464.8000,6465.6000,6465.8000,3,4,4,1,1,1,2,2,2,1
SF,IC2010,2020-08-24 09:32:15.800,6459.8000,61,1,78905080.000,1,1,0,双开,S,6450.2000,6440.2000,6405.0000,6401.0000,6341.4000,6458.8000,6459.4000,6459.8000,6461.6000,6464.8000,3,4,4,1,1,1,1,1,2,2
SF,IC2010,2020-08-24 09:32:16.300,6459.8000,62,1,80197040.000,1,1,0,双开,S,6450.4000,6450.2000,6440.2000,6405.0000,6401.0000,6458.8000,6459.4000,6459.8000,6461.6000,6464.8000,1,3,4,4,1,1,1,1,2,2
SF,IC2010,2020-08-24 09:32:16.800,6459.8000,62,0,80197040.000,0,-,-,-,-,6450.4000,6450.2000,6440.2000,6405.0000,6401.0000,6458.6000,6458.8000,6459.4000,6459.8000,6461.6000,2,3,4,4,1,1,1,1,1,2
SF,IC2010,2020-08-24 09:32:17.300,6459.8000,63,1,81489000.000,1,1,0,双开,S,6450.4000,6450.2000,6440.2000,6405.0000,6401.0000,6458.0000,6458.6000,6458.8000,6459.4000,6459.8000,1,3,4,4,1,1,1,1,1,1
SF,IC2010,2020-08-24 09:32:17.800,6459.8000,63,0,81489000.000,0,-,-,-,-,6452.0000,6450.6000,6450.4000,6450.2000,6440.2000,6458.0000,6459.4000,6459.8000,6461.6000,6464.8000,1,1,1,3,4,1,1,1,2,2
SF,IC2010,2020-08-24 09:32:18.300,6459.8000,63,0,81489000.000,0,-,-,-,-,6452.2000,6452.0000,6450.2000,6450.0000,6440.2000,6457.4000,6458.0000,6459.0000,6459.2000,6459.8000,1,1,3,1,4,1,1,1,1,1
SF,IC2010,2020-08-24 09:32:18.800,6459.8000,63,0,81489000.000,0,-,-,-,-,6452.2000,6452.0000,6450.2000,6450.0000,6440.2000,6457.4000,6459.0000,6459.8000,6461.6000,6464.8000,1,1,3,1,4,1,1,1,2,2
SF,IC2010,2020-08-24 09:32:19.300,6459.8000,63,0,81489000.000,0,-,-,-,-,6452.4000,6452.2000,6452.0000,6450.2000,6450.0000,6459.8000,6461.6000,6464.8000,6465.6000,6465.8000,1,1,1,3,1,1,2,2,2,1
SF,IC2010,2020-08-24 09:32:19.800,6459.8000,63,0,81489000.000,0,-,-,-,-,6453.8000,6452.6000,6452.0000,6450.2000,6450.0000,6459.4000,6459.6000,6459.8000,6461.6000,6464.8000,5,1,1,3,1,1,1,1,2,2
SF,IC2010,2020-08-24 09:32:20.300,6459.8000,63,0,81489000.000,0,-,-,-,-,6454.0000,6453.8000,6452.0000,6450.2000,6450.0000,6459.4000,6459.8000,6461.6000,6464.8000,6465.6000,1,5,1,3,1,1,1,2,2,2
SF,IC2010,2020-08-24 09:32:21.300,6459.8000,63,0,81489000.000,0,-,-,-,-,6454.0000,6453.8000,6452.0000,6450.2000,6450.0000,6458.8000,6459.4000,6459.8000,6461.6000,6464.8000,1,5,1,3,1,1,1,1,2,2
SF,IC2010,2020-08-24 09:32:21.800,6459.8000,63,0,81489000.000,0,-,-,-,-,6454.0000,6453.8000,6452.0000,6450.2000,6450.0000,6458.4000,6458.6000,6458.8000,6459.4000,6459.8000,1,5,1,3,1,1,1,2,1,1
SF,IC2010,2020-08-24 09:32:22.300,6459.8000,63,0,81489000.000,0,-,-,-,-,6453.8000,6452.0000,6450.2000,6450.0000,6440.2000,6458.0000,6458.2000,6458.4000,6458.8000,6459.8000,5,1,3,1,4,1,1,1,2,1
SF,IC2010,2020-08-24 09:32:22.800,6459.8000,63,0,81489000.000,0,-,-,-,-,6453.8000,6452.0000,6450.2000,6450.0000,6440.2000,6457.8000,6458.0000,6458.4000,6458.8000,6459.8000,5,1,3,1,4,1,1,1,2,1
SF,IC2010,2020-08-24 09:32:23.300,6456.0000,65,2,84072160.000,2,2,0,双开,S,6453.8000,6452.0000,6450.2000,6450.0000,6440.2000,6458.0000,6458.8000,6459.8000,6461.6000,6464.8000,5,1,3,1,4,1,1,1,2,2
SF,IC2010,2020-08-24 09:32:23.800,6456.0000,65,0,84072160.000,0,-,-,-,-,6454.0000,6453.8000,6452.0000,6450.2000,6450.0000,6458.0000,6458.8000,6459.8000,6461.6000,6464.8000,1,5,1,3,1,2,1,1,2,2
SF,IC2010,2020-08-24 09:32:25.300,6456.0000,65,0,84072160.000,0,-,-,-,-,6454.0000,6453.8000,6452.0000,6450.2000,6450.0000,6458.0000,6458.8000,6459.8000,6461.6000,6464.8000,1,5,1,3,2,2,1,1,2,2
SF,IC2010,2020-08-24 09:32:26.800,6454.0000,66,1,85362960.000,1,1,0,双开,S,6453.8000,6452.0000,6450.2000,6450.0000,6440.2000,6458.0000,6458.8000,6459.8000,6461.6000,6464.8000,5,1,3,2,4,2,1,1,2,2
SF,IC2010,2020-08-24 09:32:27.300,6454.0000,66,0,85362960.000,0,-,-,-,-,6454.2000,6454.0000,6453.8000,6452.0000,6450.2000,6458.0000,6458.8000,6459.8000,6461.6000,6464.8000,1,1,5,1,3,3,1,1,2,2
SF,IC2010,2020-08-24 09:32:27.800,6454.0000,66,0,85362960.000,0,-,-,-,-,6454.4000,6453.8000,6452.0000,6450.2000,6450.0000,6457.4000,6458.0000,6458.8000,6459.8000,6461.6000,1,5,1,3,2,1,3,1,1,2
SF,IC2010,2020-08-24 09:32:28.300,6454.0000,66,0,85362960.000,0,-,-,-,-,6454.4000,6453.8000,6452.0000,6450.2000,6450.0000,6457.4000,6458.0000,6458.8000,6459.8000,6461.6000,2,5,1,3,2,1,3,1,1,2
SF,IC2010,2020-08-24 09:32:28.800,6457.4000,67,1,86654440.000,1,1,0,双开,S,6453.8000,6452.0000,6450.2000,6450.0000,6440.2000,6458.0000,6458.8000,6459.8000,6461.6000,6464.8000,5,1,3,2,4,2,1,1,2,2
SF,IC2010,2020-08-24 09:32:29.300,6458.0000,68,1,87946040.000,1,1,0,双开,S,6454.6000,6453.8000,6452.0000,6450.2000,6450.0000,6458.0000,6458.8000,6459.8000,6461.6000,6464.8000,1,5,1,3,2,1,1,1,2,2
SF,IC2010,2020-08-24 09:32:29.800,6458.0000,69,1,89237640.000,1,1,0,双开,S,6453.8000,6452.0000,6450.2000,6450.0000,6440.2000,6458.8000,6459.8000,6461.6000,6464.8000,6465.6000,5,1,3,2,4,1,1,2,2,2
SF,IC2010,2020-08-24 09:32:30.300,6458.0000,69,0,89237640.000,0,-,-,-,-,6454.8000,6454.0000,6453.8000,6452.0000,6450.2000,6458.8000,6459.8000,6461.6000,6464.8000,6465.6000,1,1,5,1,3,1,1,2,2,2
SF,IC2010,2020-08-24 09:32:30.800,6458.0000,69,0,89237640.000,0,-,-,-,-,6455.0000,6453.8000,6452.0000,6450.2000,6450.0000,6458.8000,6459.8000,6461.6000,6464.8000,6465.6000,1,5,1,3,2,1,1,2,2,2
SF,IC2010,2020-08-24 09:32:31.800,6458.0000,69,0,89237640.000,0,-,-,-,-,6455.0000,6453.8000,6452.0000,6450.2000,6450.0000,6458.8000,6459.8000,6461.6000,6464.8000,6465.6000,1,5,1,3,2,1,1,2,2,2
SF,IC2010,2020-08-24 09:32:32.300,6458.0000,69,0,89237640.000,0,-,-,-,-,6453.8000,6452.0000,6450.2000,6450.0000,6440.2000,6458.6000,6458.8000,6459.8000,6461.6000,6464.8000,5,1,3,2,4,1,1,1,2,2
SF,IC2010,2020-08-24 09:32:32.800,6458.0000,69,0,89237640.000,0,-,-,-,-,6453.8000,6452.0000,6450.2000,6450.0000,6440.2000,6458.6000,6458.8000,6459.8000,6461.6000,6464.4000,5,1,3,2,4,1,1,1,2,1
SF,IC2010,2020-08-24 09:32:33.800,6458.0000,69,0,89237640.000,0,-,-,-,-,6454.0000,6453.8000,6452.0000,6450.2000,6450.0000,6458.6000,6458.8000,6459.8000,6461.6000,6464.4000,1,5,1,3,2,2,1,1,2,1
SF,IC2010,2020-08-24 09:32:34.300,6458.0000,69,0,89237640.000,0,-,-,-,-,6454.2000,6454.0000,6453.8000,6452.0000,6450.2000,6458.6000,6458.8000,6459.8000,6461.6000,6464.4000,1,1,5,1,3,1,1,1,2,1
SF,IC2010,2020-08-24 09:32:34.800,6458.0000,69,0,89237640.000,0,-,-,-,-,6454.2000,6453.8000,6452.0000,6450.2000,6450.0000,6458.6000,6458.8000,6459.8000,6461.6000,6464.4000,1,5,1,3,2,1,1,1,2,1
SF,IC2010,2020-08-24 09:32:35.300,6458.0000,69,0,89237640.000,0,-,-,-,-,6454.4000,6454.2000,6453.8000,6452.0000,6450.2000,6458.6000,6458.8000,6459.8000,6461.6000,6464.4000,1,1,5,1,3,1,1,1,2,1
SF,IC2010,2020-08-24 09:32:35.800,6458.6000,70,1,90529360.000,1,1,0,双开,S,6453.8000,6452.0000,6450.2000,6450.0000,6440.2000,6458.8000,6459.8000,6461.6000,6464.4000,6464.8000,5,1,3,2,4,1,1,2,1,2
SF,IC2010,2020-08-24 09:32:36.300,6458.6000,70,0,90529360.000,0,-,-,-,-,6454.6000,6454.0000,6453.8000,6452.0000,6450.2000,6458.8000,6459.8000,6461.6000,6464.8000,6465.6000,1,1,5,1,3,1,1,2,2,2
SF,IC2010,2020-08-24 09:32:36.800,6458.6000,70,0,90529360.000,0,-,-,-,-,6454.8000,6453.8000,6452.0000,6450.2000,6450.0000,6458.8000,6459.8000,6461.6000,6464.8000,6465.6000,1,5,1,3,2,2,1,2,2,2
SF,IC2010,2020-08-24 09:32:37.300,6458.6000,70,0,90529360.000,0,-,-,-,-,6454.8000,6453.8000,6452.0000,6450.2000,6450.0000,6458.8000,6459.8000,6461.6000,6464.8000,6465.6000,2,5,1,3,2,2,1,2,2,2
SF,IC2010,2020-08-24 09:32:37.800,6458.6000,70,0,90529360.000,0,-,-,-,-,6454.8000,6453.8000,6452.0000,6450.2000,6450.0000,6458.8000,6459.8000,6461.6000,6464.8000,6492.2000,1,5,1,3,2,4,1,2,2,12
SF,IC2010,2020-08-24 09:32:38.300,6458.6000,70,0,90529360.000,0,-,-,-,-,6455.0000,6454.8000,6453.8000,6452.0000,6450.2000,6458.8000,6459.8000,6461.6000,6464.8000,6492.2000,1,1,5,1,3,4,1,2,2,12
SF,IC2010,2020-08-24 09:32:38.800,6458.6000,70,0,90529360.000,0,-,-,-,-,6455.2000,6453.8000,6452.0000,6450.2000,6450.0000,6458.8000,6459.8000,6461.6000,6492.2000,6498.8000,1,5,1,3,2,4,1,2,12,1
SF,IC2010,2020-08-24 09:32:39.300,6458.6000,70,0,90529360.000,0,-,-,-,-,6455.2000,6453.8000,6452.0000,6450.2000,6450.0000,6458.8000,6459.8000,6461.6000,6492.2000,6498.8000,2,5,1,3,2,6,1,2,12,1
SF,IC2010,2020-08-24 09:32:39.800,6458.6000,70,0,90529360.000,0,-,-,-,-,6455.2000,6453.8000,6452.0000,6450.2000,6450.0000,6458.8000,6459.8000,6461.6000,6492.2000,6498.8000,1,5,1,3,2,7,1,2,12,1
SF,IC2010,2020-08-24 09:32:40.300,6458.8000,72,2,93112880.000,2,2,0,双开,S,6455.4000,6453.8000,6452.0000,6450.2000,6450.0000,6458.8000,6459.8000,6461.6000,6492.2000,6498.8000,1,5,1,3,2,5,1,2,12,1
SF,IC2010,2020-08-24 09:32:40.800,6458.8000,74,2,95696400.000,2,2,0,双开,S,6453.8000,6452.0000,6450.2000,6450.0000,6440.2000,6458.8000,6459.8000,6461.6000,6492.2000,6498.8000,5,1,3,2,4,3,1,2,12,1
SF,IC2010,2020-08-24 09:32:41.300,6458.8000,76,2,98279920.000,2,2,0,双开,S,6455.6000,6453.8000,6452.0000,6450.2000,6450.0000,6458.8000,6459.8000,6461.6000,6492.2000,6498.8000,2,5,1,3,2,1,1,2,12,1
SF,IC2010,2020-08-24 09:32:41.800,6458.8000,77,1,99571680.000,1,1,0,双开,S,6458.8000,6455.6000,6453.8000,6452.0000,6450.2000,6459.8000,6461.6000,6492.2000,6498.8000,6525.0000,1,1,5,1,3,1,2,12,1,4
SF,IC2010,2020-08-24 09:32:42.300,6459.8000,78,1,100863640.000,1,1,0,双开,S,6456.0000,6455.8000,6455.6000,6453.8000,6452.0000,6461.6000,6492.2000,6498.8000,6525.0000,6528.8000,1,1,1,5,1,2,12,1,4,3
SF,IC2010,2020-08-24 09:32:42.800,6459.8000,78,0,100863640.000,0,-,-,-,-,6456.2000,6455.6000,6453.8000,6452.0000,6450.2000,6461.6000,6492.2000,6498.8000,6525.0000,6528.8000,1,1,5,1,3,2,12,1,4,3
SF,IC2010,2020-08-24 09:32:43.300,6459.8000,78,0,100863640.000,0,-,-,-,-,6456.2000,6456.0000,6455.6000,6452.0000,6450.2000,6461.6000,6492.2000,6498.8000,6525.0000,6528.8000,2,5,1,1,3,2,12,1,4,3
SF,IC2010,2020-08-24 09:32:43.800,6461.6000,79,1,102155960.000,1,1,0,双开,S,6456.6000,6456.0000,6455.6000,6452.0000,6450.2000,6461.6000,6492.2000,6498.8000,6525.0000,6528.8000,1,5,1,1,3,2,12,1,4,3
SF,IC2010,2020-08-24 09:32:44.300,6461.6000,81,2,104740600.000,2,2,0,双开,S,6456.6000,6456.4000,6456.0000,6455.6000,6452.0000,6492.2000,6498.8000,6525.0000,6528.8000,6529.6000,1,1,5,1,1,12,1,4,3,3
SF,IC2010,2020-08-24 09:32:44.800,6461.6000,81,0,104740600.000,0,-,-,-,-,6456.8000,6456.0000,6455.6000,6452.0000,6450.2000,6489.8000,6492.0000,6498.8000,6525.0000,6528.8000,1,5,1,1,3,2,3,1,4,3
SF,IC2010,2020-08-24 09:32:45.300,6461.6000,81,0,104740600.000,0,-,-,-,-,6456.0000,6455.6000,6452.0000,6450.2000,6450.0000,6489.6000,6489.8000,6498.8000,6525.0000,6528.8000,5,1,1,3,2,3,2,1,4,3
SF,IC2010,2020-08-24 09:32:45.800,6461.6000,81,0,104740600.000,0,-,-,-,-,6457.0000,6456.0000,6455.6000,6452.0000,6450.2000,6469.2000,6473.2000,6489.6000,6489.8000,6498.8000,1,5,1,1,3,1,1,6,2,1
SF,IC2010,2020-08-24 09:32:46.300,6461.6000,81,0,104740600.000,0,-,-,-,-,6457.8000,6457.2000,6456.0000,6455.6000,6452.0000,6469.0000,6469.2000,6473.2000,6489.6000,6489.8000,1,1,5,1,1,1,1,1,4,2
SF,IC2010,2020-08-24 09:32:46.800,6461.6000,81,0,104740600.000,0,-,-,-,-,6458.0000,6457.8000,6457.6000,6457.2000,6456.0000,6469.0000,6469.2000,6473.2000,6489.6000,6489.8000,1,1,1,1,5,1,1,1,4,2
SF,IC2010,2020-08-24 09:32:47.300,6461.6000,81,0,104740600.000,0,-,-,-,-,6458.0000,6457.8000,6457.6000,6456.0000,6455.6000,6467.8000,6469.0000,6473.2000,6489.6000,6489.8000,2,1,1,5,1,1,1,1,4,2
SF,IC2010,2020-08-24 09:32:47.800,6461.6000,81,0,104740600.000,0,-,-,-,-,6458.4000,6457.8000,6456.0000,6455.6000,6452.0000,6467.6000,6473.2000,6489.6000,6489.8000,6498.8000,1,1,5,1,1,1,1,4,2,1
SF,IC2010,2020-08-24 09:32:48.300,6461.6000,81,0,104740600.000,0,-,-,-,-,6458.4000,6458.2000,6457.8000,6456.0000,6455.6000,6467.6000,6473.2000,6489.6000,6489.8000,6498.8000,1,1,1,5,1,1,1,4,2,1
SF,IC2010,2020-08-24 09:32:48.800,6461.6000,81,0,104740600.000,0,-,-,-,-,6458.6000,6458.4000,6456.0000,6455.6000,6452.0000,6473.2000,6489.6000,6498.8000,6525.0000,6528.8000,1,1,5,1,1,1,4,1,4,3
SF,IC2010,2020-08-24 09:32:49.300,6461.6000,81,0,104740600.000,0,-,-,-,-,6456.0000,6455.6000,6452.0000,6450.2000,6450.0000,6473.0000,6473.2000,6489.6000,6498.8000,6525.0000,5,1,1,3,2,1,1,4,1,4
SF,IC2010,2020-08-24 09:32:49.800,6461.6000,81,0,104740600.000,0,-,-,-,-,6459.2000,6456.0000,6455.6000,6452.0000,6450.2000,6473.0000,6473.2000,6489.6000,6498.8000,6525.0000,1,5,1,1,3,1,1,4,1,4
SF,IC2010,2020-08-24 09:32:50.300,6461.6000,81,0,104740600.000,0,-,-,-,-,6456.0000,6455.6000,6452.0000,6450.2000,6450.0000,6473.0000,6473.2000,6489.6000,6498.8000,6525.0000,5,1,1,3,2,1,1,4,1,4
SF,IC2010,2020-08-24 09:32:50.800,6473.0000,82,1,106035200.000,1,1,0,双开,S,6456.2000,6456.0000,6455.6000,6452.0000,6450.2000,6473.0000,6473.2000,6489.6000,6498.8000,6525.0000,1,5,1,1,3,1,1,4,1,4
SF,IC2010,2020-08-24 09:32:51.300,6473.0000,82,0,106035200.000,0,-,-,-,-,6456.4000,6456.2000,6456.0000,6455.6000,6452.0000,6468.2000,6472.6000,6472.8000,6473.0000,6473.2000,1,1,5,1,1,1,1,1,1,1
SF,IC2010,2020-08-24 09:32:51.800,6473.0000,82,0,106035200.000,0,-,-,-,-,6458.2000,6456.6000,6456.4000,6456.0000,6455.6000,6468.2000,6472.6000,6472.8000,6473.0000,6473.2000,1,1,1,5,1,2,1,1,1,1
SF,IC2010,2020-08-24 09:32:52.300,6473.0000,82,0,106035200.000,0,-,-,-,-,6458.4000,6458.2000,6457.6000,6456.0000,6455.6000,6468.0000,6468.2000,6472.6000,6473.0000,6473.2000,1,1,1,5,1,1,2,1,1,1
SF,IC2010,2020-08-24 09:32:52.800,6473.0000,82,0,106035200.000,0,-,-,-,-,6458.4000,6457.6000,6456.0000,6455.6000,6452.0000,6468.0000,6468.2000,6471.2000,6472.6000,6473.0000,2,1,5,1,1,2,2,1,1,1
SF,IC2010,2020-08-24 09:32:53.300,6473.0000,82,0,106035200.000,0,-,-,-,-,6458.4000,6458.0000,6457.6000,6456.0000,6455.6000,6468.0000,6468.2000,6471.2000,6473.0000,6473.2000,1,1,1,5,1,1,1,1,1,1
SF,IC2010,2020-08-24 09:32:53.800,6473.0000,82,0,106035200.000,0,-,-,-,-,6458.4000,6457.6000,6456.0000,6455.6000,6452.0000,6468.0000,6468.2000,6471.2000,6473.0000,6473.2000,1,1,5,1,1,1,1,1,1,1
SF,IC2010,2020-08-24 09:32:54.300,6473.0000,82,0,106035200.000,0,-,-,-,-,6458.4000,6457.6000,6456.0000,6455.6000,6452.0000,6468.0000,6468.2000,6470.2000,6471.2000,6473.0000,1,1,5,1,1,1,1,1,1,1
SF,IC2010,2020-08-24 09:32:54.800,6473.0000,82,0,106035200.000,0,-,-,-,-,6459.2000,6458.4000,6457.6000,6456.0000,6455.6000,6467.4000,6468.0000,6468.2000,6470.2000,6473.0000,1,1,1,5,1,2,1,1,1,1
SF,IC2010,2020-08-24 09:32:55.300,6473.0000,82,0,106035200.000,0,-,-,-,-,6459.4000,6459.2000,6456.0000,6455.6000,6452.0000,6466.8000,6467.2000,6468.2000,6470.2000,6473.0000,1,1,5,1,1,2,1,1,1,1
SF,IC2010,2020-08-24 09:32:55.800,6473.0000,82,0,106035200.000,0,-,-,-,-,6459.4000,6459.2000,6456.0000,6455.6000,6452.0000,6466.6000,6466.8000,6468.2000,6470.2000,6473.0000,1,1,5,1,1,1,3,1,1,1
SF,IC2010,2020-08-24 09:32:56.300,6473.0000,82,0,106035200.000,0,-,-,-,-,6459.2000,6459.0000,6456.0000,6455.6000,6452.0000,6466.6000,6466.8000,6468.2000,6470.0000,6470.2000,1,1,5,1,1,1,3,1,1,1
SF,IC2010,2020-08-24 09:32:56.800,6473.0000,82,0,106035200.000,0,-,-,-,-,6459.0000,6456.0000,6455.6000,6452.0000,6450.2000,6465.6000,6466.6000,6466.8000,6468.2000,6470.0000,1,5,1,1,3,2,1,1,1,1
SF,IC2010,2020-08-24 09:32:57.300,6466.8000,84,2,108621920.000,2,2,0,双开,S,6459.0000,6456.0000,6455.6000,6452.0000,6450.2000,6465.6000,6466.8000,6468.2000,6470.0000,6470.2000,1,5,1,1,3,1,1,1,1,1
SF,IC2010,2020-08-24 09:32:57.800,6466.8000,84,0,108621920.000,0,-,-,-,-,6459.0000,6456.0000,6455.6000,6452.0000,6450.2000,6465.4000,6465.6000,6468.2000,6470.0000,6470.2000,1,5,1,1,3,1,1,1,1,1
SF,IC2010,2020-08-24 09:32:58.300,6466.8000,84,0,108621920.000,0,-,-,-,-,6459.0000,6456.0000,6455.6000,6452.0000,6450.2000,6464.2000,6465.2000,6465.4000,6466.2000,6468.2000,1,5,1,1,3,1,1,1,1,1
SF,IC2010,2020-08-24 09:32:58.800,6466.8000,84,0,108621920.000,0,-,-,-,-,6459.0000,6456.0000,6455.6000,6452.0000,6450.2000,6464.0000,6464.2000,6464.8000,6465.2000,6466.2000,1,5,1,1,3,1,2,1,1,1
SF,IC2010,2020-08-24 09:32:59.300,6466.8000,84,0,108621920.000,0,-,-,-,-,6459.0000,6456.0000,6455.6000,6452.0000,6450.2000,6464.0000,6464.2000,6464.8000,6465.2000,6466.2000,1,5,1,1,3,1,1,1,1,1
SF,IC2010,2020-08-24 09:32:59.800,6466.8000,84,0,108621920.000,0,-,-,-,-,6459.0000,6456.0000,6455.6000,6452.0000,6450.2000,6464.0000,6464.2000,6466.4000,6468.2000,6470.0000,1,5,1,1,3,1,1,1,1,1
SF,IC2010,2020-08-24 09:33:00.300,6466.8000,84,0,108621920.000,0,-,-,-,-,6459.0000,6456.0000,6455.6000,6452.0000,6450.2000,6464.0000,6464.2000,6466.4000,6468.2000,6470.0000,1,5,1,1,3,1,1,2,1,1
SF,IC2010,2020-08-24 09:33:00.800,6466.8000,84,0,108621920.000,0,-,-,-,-,6459.0000,6456.0000,6455.6000,6452.0000,6450.2000,6464.0000,6464.2000,6466.4000,6468.2000,6470.0000,1,5,1,1,3,2,1,2,1,1
SF,IC2010,2020-08-24 09:33:01.300,6466.8000,84,0,108621920.000,0,-,-,-,-,6459.0000,6456.0000,6455.6000,6452.0000,6450.2000,6463.6000,6464.0000,6464.2000,6466.4000,6468.2000,1,5,1,1,3,1,3,1,1,1
SF,IC2010,2020-08-24 09:33:01.800,6466.8000,84,0,108621920.000,0,-,-,-,-,6459.0000,6456.0000,6455.6000,6452.0000,6450.2000,6463.4000,6463.6000,6464.0000,6464.2000,6466.4000,1,5,1,1,3,1,1,2,1,2
SF,IC2010,2020-08-24 09:33:02.300,6466.8000,84,0,108621920.000,0,-,-,-,-,6459.0000,6456.0000,6455.6000,6452.0000,6450.2000,6463.4000,6463.6000,6464.0000,6464.2000,6466.4000,1,5,1,1,3,1,1,2,1,2
SF,IC2010,2020-08-24 09:33:02.800,6459.0000,85,1,109913720.000,1,1,0,双开,S,6456.0000,6455.6000,6452.0000,6450.2000,6450.0000,6463.0000,6463.2000,6463.6000,6464.2000,6466.4000,5,1,1,3,2,1,1,1,1,2
SF,IC2010,2020-08-24 09:33:03.300,6459.0000,85,0,109913720.000,0,-,-,-,-,6456.0000,6455.6000,6455.2000,6452.0000,6450.2000,6462.6000,6462.8000,6463.0000,6463.2000,6463.6000,5,1,1,1,3,1,1,1,1,1
SF,IC2010,2020-08-24 09:33:03.800,6459.0000,85,0,109913720.000,0,-,-,-,-,6456.0000,6455.6000,6455.2000,6452.0000,6450.2000,6462.4000,6462.6000,6462.8000,6463.0000,6464.2000,5,1,1,1,3,1,1,1,1,1
SF,IC2010,2020-08-24 09:33:04.300,6459.0000,85,0,109913720.000,0,-,-,-,-,6456.0000,6455.6000,6455.2000,6452.0000,6450.2000,6461.8000,6462.4000,6462.6000,6462.8000,6463.0000,5,1,1,1,3,1,2,1,1,1
SF,IC2010,2020-08-24 09:33:04.800,6459.0000,85,0,109913720.000,0,-,-,-,-,6456.0000,6455.6000,6455.2000,6452.0000,6450.2000,6461.6000,6461.8000,6462.4000,6462.6000,6462.8000,5,1,1,1,3,1,1,1,1,1
SF,IC2010,2020-08-24 09:33:05.300,6459.0000,85,0,109913720.000,0,-,-,-,-,6456.0000,6455.6000,6455.2000,6452.0000,6450.2000,6461.0000,6461.6000,6461.8000,6462.4000,6464.2000,5,1,1,1,3,3,1,1,1,1
SF,IC2010,2020-08-24 09:33:05.800,6459.0000,85,0,109913720.000,0,-,-,-,-,6456.0000,6455.6000,6455.2000,6452.0000,6450.2000,6460.8000,6461.0000,6461.8000,6462.4000,6464.2000,5,1,1,1,3,1,2,1,1,1
SF,IC2010,2020-08-24 09:33:06.300,6459.0000,85,0,109913720.000,0,-,-,-,-,6456.0000,6455.6000,6455.2000,6452.0000,6450.2000,6460.4000,6460.8000,6461.0000,6461.8000,6464.2000,5,1,1,1,3,1,1,1,1,1
SF,IC2010,2020-08-24 09:33:06.800,6459.0000,85,0,109913720.000,0,-,-,-,-,6456.0000,6455.6000,6455.2000,6452.0000,6450.2000,6460.0000,6460.2000,6460.6000,6461.0000,6461.8000,5,1,1,1,3,1,1,1,1,1
SF,IC2010,2020-08-24 09:33:07.300,6459.0000,85,0,109913720.000,0,-,-,-,-,6456.0000,6455.6000,6455.2000,6452.0000,6450.2000,6459.8000,6460.0000,6460.6000,6461.0000,6461.8000,5,1,1,1,3,1,1,1,1,1
SF,IC2010,2020-08-24 09:33:07.800,6459.0000,85,0,109913720.000,0,-,-,-,-,6456.0000,6455.6000,6455.2000,6452.0000,6450.2000,6459.8000,6460.0000,6460.6000,6461.0000,6461.8000,5,1,1,1,3,2,1,1,1,1
SF,IC2010,2020-08-24 09:33:08.300,6459.0000,85,0,109913720.000,0,-,-,-,-,6456.0000,6455.6000,6455.2000,6452.0000,6450.2000,6459.8000,6460.6000,6461.0000,6461.8000,6462.0000,5,1,1,1,3,1,1,1,1,1
SF,IC2010,2020-08-24 09:33:08.800,6459.0000,85,0,109913720.000,0,-,-,-,-,6456.2000,6456.0000,6455.6000,6455.2000,6452.0000,6461.0000,6462.0000,6464.2000,6466.4000,6468.0000,2,5,1,1,1,1,1,1,1,1
SF,IC2010,2020-08-24 09:33:09.300,6459.0000,85,0,109913720.000,0,-,-,-,-,6456.2000,6456.0000,6455.6000,6455.2000,6452.0000,6462.0000,6464.2000,6466.4000,6468.0000,6468.2000,1,5,1,1,1,1,1,1,1,1
SF,IC2010,2020-08-24 09:33:09.800,6459.0000,85,0,109913720.000,0,-,-,-,-,6456.4000,6456.2000,6456.0000,6455.6000,6455.2000,6462.0000,6464.2000,6468.0000,6468.2000,6470.0000,1,1,5,1,1,2,2,1,1,1
SF,IC2010,2020-08-24 09:33:10.300,6459.0000,85,0,109913720.000,0,-,-,-,-,6458.0000,6456.6000,6455.6000,6455.2000,6452.0000,6462.0000,6464.2000,6468.0000,6468.2000,6470.0000,5,1,1,1,1,2,2,1,1,1
SF,IC2010,2020-08-24 09:33:10.800,6459.0000,85,0,109913720.000,0,-,-,-,-,6458.2000,6458.0000,6456.6000,6455.6000,6455.2000,6462.0000,6464.2000,6468.0000,6468.2000,6470.0000,1,5,1,1,1,3,1,1,1,1
SF,IC2010,2020-08-24 09:33:11.300,6459.0000,85,0,109913720.000,0,-,-,-,-,6458.2000,6458.0000,6455.6000,6455.2000,6452.0000,6462.0000,6464.2000,6466.4000,6468.0000,6468.2000,2,5,1,1,1,3,1,1,1,1
SF,IC2010,2020-08-24 09:33:11.800,6459.0000,85,0,109913720.000,0,-,-,-,-,6458.2000,6458.0000,6455.2000,6452.0000,6450.2000,6462.0000,6464.2000,6466.4000,6468.0000,6468.2000,3,5,1,1,3,3,1,1,1,1
SF,IC2010,2020-08-24 09:33:12.300,6459.0000,85,0,109913720.000,0,-,-,-,-,6458.2000,6458.0000,6455.2000,6452.0000,6450.2000,6462.0000,6464.2000,6466.4000,6468.0000,6468.2000,2,5,1,1,3,3,1,1,1,1
SF,IC2010,2020-08-24 09:33:12.800,6459.0000,85,0,109913720.000,0,-,-,-,-,6458.2000,6458.0000,6455.2000,6452.0000,6450.2000,6461.8000,6462.0000,6464.2000,6468.0000,6468.2000,1,5,1,1,3,1,4,1,1,1
SF,IC2010,2020-08-24 09:33:13.300,6459.0000,85,0,109913720.000,0,-,-,-,-,6458.4000,6458.2000,6458.0000,6455.2000,6452.0000,6461.8000,6462.0000,6464.2000,6468.0000,6468.2000,1,1,5,1,1,1,4,1,1,1
SF,IC2010,2020-08-24 09:33:13.800,6459.0000,85,0,109913720.000,0,-,-,-,-,6458.2000,6458.0000,6455.2000,6452.0000,6450.2000,6461.8000,6462.0000,6464.2000,6468.0000,6468.2000,1,5,1,1,3,1,4,1,1,1
SF,IC2010,2020-08-24 09:33:14.300,6459.0000,85,0,109913720.000,0,-,-,-,-,6458.6000,6458.2000,6458.0000,6455.2000,6452.0000,6461.8000,6462.0000,6464.2000,6468.0000,6468.2000,1,1,5,1,1,1,4,1,1,1
SF,IC2010,2020-08-24 09:33:14.800,6459.0000,85,0,109913720.000,0,-,-,-,-,6458.2000,6458.0000,6455.2000,6452.0000,6450.2000,6461.8000,6462.0000,6463.0000,6464.2000,6468.0000,1,5,1,1,3,1,4,1,1,1
SF,IC2010,2020-08-24 09:33:15.300,6459.0000,85,0,109913720.000,0,-,-,-,-,6458.8000,6458.2000,6458.0000,6455.2000,6452.0000,6461.8000,6462.0000,6463.0000,6464.2000,6468.0000,1,1,5,1,1,1,4,1,1,1
SF,IC2010,2020-08-24 09:33:15.800,6459.0000,85,0,109913720.000,0,-,-,-,-,6458.2000,6458.0000,6455.2000,6452.0000,6450.2000,6461.8000,6462.0000,6464.2000,6468.0000,6468.2000,1,5,1,1,3,1,4,1,1,1
SF,IC2010,2020-08-24 09:33:16.300,6459.0000,85,0,109913720.000,0,-,-,-,-,6459.0000,6458.4000,6458.2000,6458.0000,6455.2000,6461.8000,6462.0000,6464.2000,6468.0000,6468.2000,1,1,1,5,1,3,4,1,1,1
SF,IC2010,2020-08-24 09:33:16.800,6459.0000,85,0,109913720.000,0,-,-,-,-,6458.4000,6458.2000,6458.0000,6455.2000,6452.0000,6461.8000,6462.0000,6464.2000,6465.4000,6468.0000,1,1,5,1,1,3,4,1,1,1
SF,IC2010,2020-08-24 09:33:17.300,6459.0000,85,0,109913720.000,0,-,-,-,-,6459.2000,6458.4000,6458.2000,6458.0000,6455.2000,6461.8000,6462.0000,6464.2000,6465.4000,6468.0000,1,1,1,5,1,3,4,1,1,1
SF,IC2010,2020-08-24 09:33:17.800,6459.0000,85,0,109913720.000,0,-,-,-,-,6458.4000,6458.2000,6458.0000,6455.2000,6452.0000,6461.8000,6462.0000,6464.2000,6465.4000,6468.0000,1,1,5,1,1,3,4,1,1,1
SF,IC2010,2020-08-24 09:33:18.300,6459.0000,85,0,109913720.000,0,-,-,-,-,6458.2000,6458.0000,6455.2000,6452.0000,6450.2000,6461.6000,6461.8000,6462.0000,6464.2000,6465.4000,1,5,1,1,3,1,3,4,1,1
SF,IC2010,2020-08-24 09:33:18.800,6459.0000,85,0,109913720.000,0,-,-,-,-,6458.6000,6458.2000,6458.0000,6455.2000,6452.0000,6461.6000,6461.8000,6462.0000,6464.2000,6465.4000,1,1,5,1,1,1,3,4,1,1
SF,IC2010,2020-08-24 09:33:19.300,6459.0000,85,0,109913720.000,0,-,-,-,-,6458.2000,6458.0000,6455.2000,6452.0000,6450.2000,6461.6000,6461.8000,6462.0000,6464.2000,6465.4000,1,5,1,1,3,1,3,4,1,1
SF,IC2010,2020-08-24 09:33:19.800,6459.0000,85,0,109913720.000,0,-,-,-,-,6458.2000,6458.0000,6455.2000,6452.0000,6450.2000,6461.6000,6461.8000,6462.0000,6464.2000,6468.0000,1,5,1,1,3,1,3,4,1,1
SF,IC2010,2020-08-24 09:33:20.800,6459.0000,85,0,109913720.000,0,-,-,-,-,6458.4000,6458.2000,6458.0000,6455.2000,6452.0000,6461.6000,6461.8000,6462.0000,6464.2000,6468.0000,1,1,5,1,1,1,3,4,1,1
SF,IC2010,2020-08-24 09:33:21.300,6459.0000,85,0,109913720.000,0,-,-,-,-,6458.6000,6458.4000,6458.2000,6458.0000,6455.2000,6461.6000,6461.8000,6462.0000,6464.2000,6468.0000,1,1,1,5,1,1,3,4,1,1
SF,IC2010,2020-08-24 09:33:21.800,6459.0000,85,0,109913720.000,0,-,-,-,-,6458.6000,6458.2000,6458.0000,6455.2000,6452.0000,6461.6000,6461.8000,6462.0000,6464.2000,6468.0000,1,1,5,1,1,2,3,4,1,1
SF,IC2010,2020-08-24 09:33:22.300,6459.0000,85,0,109913720.000,0,-,-,-,-,6458.8000,6458.6000,6458.2000,6458.0000,6455.2000,6461.6000,6461.8000,6462.0000,6464.2000,6468.0000,1,1,1,5,1,2,3,4,1,1
SF,IC2010,2020-08-24 09:33:22.800,6459.0000,85,0,109913720.000,0,-,-,-,-,6458.6000,6458.2000,6458.0000,6455.2000,6452.0000,6461.6000,6461.8000,6462.0000,6464.2000,6468.0000,1,1,5,1,1,3,3,4,1,1
SF,IC2010,2020-08-24 09:33:23.300,6459.0000,85,0,109913720.000,0,-,-,-,-,6458.6000,6458.2000,6458.0000,6455.4000,6455.2000,6461.6000,6461.8000,6462.0000,6464.2000,6468.0000,1,1,5,1,1,3,3,4,1,1
SF,IC2010,2020-08-24 09:33:23.800,6459.0000,85,0,109913720.000,0,-,-,-,-,6458.8000,6458.6000,6458.2000,6458.0000,6455.4000,6461.6000,6461.8000,6462.0000,6464.2000,6468.0000,1,1,1,5,1,5,3,4,1,1
SF,IC2010,2020-08-24 09:33:24.300,6459.0000,85,0,109913720.000,0,-,-,-,-,6458.6000,6458.2000,6458.0000,6455.4000,6455.2000,6461.6000,6461.8000,6462.0000,6464.2000,6468.0000,1,1,5,1,1,5,3,4,1,1
SF,IC2010,2020-08-24 09:33:24.800,6459.0000,85,0,109913720.000,0,-,-,-,-,6459.0000,6458.6000,6458.2000,6455.4000,6455.2000,6461.6000,6461.8000,6462.0000,6464.2000,6468.0000,1,1,1,1,1,5,3,4,1,1
SF,IC2010,2020-08-24 09:33:25.300,6459.0000,85,0,109913720.000,0,-,-,-,-,6459.6000,6458.6000,6458.2000,6455.4000,6455.2000,6461.6000,6461.8000,6462.0000,6464.2000,6468.0000,5,1,1,1,1,5,3,4,1,1
SF,IC2010,2020-08-24 09:33:25.800,6459.0000,85,0,109913720.000,0,-,-,-,-,6459.6000,6459.2000,6458.6000,6458.2000,6455.4000,6460.0000,6461.6000,6461.8000,6462.0000,6464.2000,5,1,1,1,1,1,5,3,4,1
SF,IC2010,2020-08-24 09:33:26.300,6459.0000,85,0,109913720.000,0,-,-,-,-,6459.8000,6459.6000,6458.2000,6455.4000,6455.2000,6460.0000,6461.6000,6461.8000,6462.0000,6464.2000,2,5,1,1,1,1,5,3,4,1
SF,IC2010,2020-08-24 09:33:26.800,6460.0000,85,0,111205720.000,1,0,1,多换,S,6459.8000,6459.6000,6458.2000,6455.4000,6455.2000,6461.6000,6461.8000,6462.0000,6464.2000,6468.0000,1,5,1,1,1,5,3,4,1,1
SF,IC2010,2020-08-24 09:33:27.300,6460.0000,85,0,111205720.000,0,-,-,-,-,6460.0000,6459.6000,6458.2000,6455.4000,6455.2000,6461.6000,6461.8000,6462.0000,6464.2000,6468.0000,1,5,1,1,1,5,3,4,1,1
SF,IC2010,2020-08-24 09:33:27.800,6461.6000,86,1,112498040.000,1,1,0,双开,S,6460.0000,6459.6000,6458.2000,6455.4000,6455.2000,6461.6000,6461.8000,6462.0000,6464.2000,6468.0000,2,5,1,1,1,4,3,4,1,1
SF,IC2010,2020-08-24 09:33:28.300,6461.6000,87,1,113790360.000,1,1,0,双开,S,6460.0000,6459.6000,6458.2000,6455.4000,6455.2000,6461.6000,6461.8000,6462.0000,6464.2000,6468.0000,1,5,1,1,1,3,3,4,1,1
SF,IC2010,2020-08-24 09:33:28.800,6461.6000,87,0,113790360.000,0,-,-,-,-,6460.2000,6460.0000,6459.6000,6458.2000,6455.4000,6461.6000,6461.8000,6462.0000,6468.0000,6470.0000,1,1,5,1,1,4,3,4,1,1
SF,IC2010,2020-08-24 09:33:29.300,6461.6000,87,0,113790360.000,0,-,-,-,-,6460.4000,6459.6000,6458.2000,6455.4000,6455.2000,6461.6000,6461.8000,6462.0000,6468.0000,6470.0000,1,5,1,1,1,4,3,4,1,1
SF,IC2010,2020-08-24 09:33:29.800,6461.6000,88,1,115082680.000,1,1,0,双开,S,6460.4000,6459.6000,6458.2000,6455.4000,6455.2000,6461.6000,6461.8000,6462.0000,6468.0000,6470.0000,2,5,1,1,1,3,3,4,1,1
SF,IC2010,2020-08-24 09:33:30.300,6461.6000,89,1,116375000.000,1,1,0,双开,S,6460.4000,6459.6000,6458.2000,6455.4000,6455.2000,6461.6000,6461.8000,6462.0000,6468.0000,6470.0000,1,5,1,1,1,2,3,4,1,1
SF,IC2010,2020-08-24 09:33:30.800,6461.6000,89,0,116375000.000,0,-,-,-,-,6460.6000,6459.6000,6458.2000,6455.4000,6455.2000,6461.6000,6461.8000,6462.0000,6468.0000,6470.0000,1,5,1,1,1,2,3,4,1,1
SF,IC2010,2020-08-24 09:33:31.300,6461.6000,89,0,116375000.000,0,-,-,-,-,6459.6000,6458.2000,6455.4000,6455.2000,6452.0000,6461.6000,6461.8000,6462.0000,6468.0000,6470.0000,5,1,1,1,1,2,3,4,1,1
SF,IC2010,2020-08-24 09:33:31.800,6461.6000,90,1,117667320.000,1,1,0,双开,S,6459.6000,6458.2000,6455.4000,6455.2000,6452.0000,6461.6000,6461.8000,6462.0000,6468.0000,6470.0000,5,1,1,1,1,1,3,4,1,1
SF,IC2010,2020-08-24 09:33:32.300,6461.6000,91,1,118959640.000,1,1,0,双开,S,6459.8000,6459.6000,6458.2000,6455.4000,6455.2000,6461.8000,6462.0000,6468.0000,6470.0000,6489.6000,1,5,1,1,1,3,4,1,1,1
SF,IC2010,2020-08-24 09:33:32.800,6461.6000,91,0,118959640.000,0,-,-,-,-,6459.6000,6458.2000,6455.4000,6455.2000,6452.0000,6461.8000,6462.0000,6468.0000,6470.0000,6489.6000,5,1,1,1,1,4,4,1,1,1
SF,IC2010,2020-08-24 09:33:33.300,6461.6000,91,0,118959640.000,0,-,-,-,-,6460.0000,6459.6000,6458.2000,6455.4000,6455.2000,6461.8000,6462.0000,6468.0000,6470.0000,6489.6000,1,5,1,1,1,4,4,1,1,1
SF,IC2010,2020-08-24 09:33:33.800,6461.6000,91,0,118959640.000,0,-,-,-,-,6459.6000,6458.2000,6455.4000,6455.2000,6452.0000,6461.8000,6462.0000,6468.0000,6470.0000,6489.6000,5,1,1,1,1,5,4,1,1,1
SF,IC2010,2020-08-24 09:33:39.800,6461.6000,91,0,118959640.000,0,-,-,-,-,6459.6000,6458.2000,6455.4000,6455.2000,6452.0000,6461.8000,6462.0000,6468.0000,6470.0000,6489.6000,5,1,1,1,1,5,3,1,1,1
SF,IC2010,2020-08-24 09:33:40.300,6459.6000,94,3,122835400.000,3,3,0,双开,S,6459.6000,6458.2000,6455.4000,6455.2000,6452.0000,6461.4000,6461.8000,6462.0000,6468.0000,6470.0000,2,1,1,1,1,1,6,3,1,1
SF,IC2010,2020-08-24 09:33:40.800,6459.6000,96,2,125419240.000,2,2,0,双开,S,6458.2000,6455.4000,6455.2000,6452.0000,6450.2000,6461.4000,6461.8000,6462.0000,6468.0000,6470.0000,1,1,1,1,3,3,6,2,1,1
SF,IC2010,2020-08-24 09:33:41.300,6459.6000,96,0,125419240.000,0,-,-,-,-,6458.2000,6455.4000,6455.2000,6452.0000,6450.2000,6461.2000,6461.4000,6461.8000,6462.0000,6468.0000,1,1,1,1,3,1,3,6,2,1
SF,IC2010,2020-08-24 09:33:41.800,6459.6000,96,0,125419240.000,0,-,-,-,-,6458.2000,6455.4000,6455.2000,6452.0000,6450.2000,6459.0000,6461.2000,6461.4000,6461.8000,6462.0000,1,1,1,1,3,1,1,3,6,2
SF,IC2010,2020-08-24 09:33:42.800,6459.6000,96,0,125419240.000,0,-,-,-,-,6458.2000,6455.4000,6455.2000,6452.0000,6450.2000,6459.0000,6461.2000,6461.4000,6461.8000,6462.0000,1,1,1,1,3,1,1,3,6,1
SF,IC2010,2020-08-24 09:33:43.300,6459.0000,96,0,126711040.000,1,0,1,多换,S,6458.2000,6455.4000,6455.2000,6452.0000,6450.2000,6459.0000,6461.4000,6461.8000,6462.0000,6468.0000,1,1,1,1,3,1,2,6,1,1
SF,IC2010,2020-08-24 09:33:43.800,6459.0000,97,1,128002840.000,1,1,0,双开,S,6458.2000,6455.4000,6455.2000,6452.0000,6450.2000,6459.0000,6461.4000,6461.8000,6462.0000,6468.0000,1,1,1,2,3,1,2,6,1,1
SF,IC2010,2020-08-24 09:33:44.300,6459.0000,98,1,129294640.000,1,1,0,双开,S,6458.4000,6458.2000,6455.4000,6455.2000,6452.0000,6461.4000,6461.8000,6462.0000,6468.0000,6470.0000,1,1,1,1,2,2,6,1,1,1
SF,IC2010,2020-08-24 09:33:44.800,6459.0000,98,0,129294640.000,0,-,-,-,-,6458.4000,6455.4000,6455.2000,6452.0000,6450.2000,6461.4000,6461.8000,6462.0000,6468.0000,6470.0000,2,1,1,2,3,2,6,1,1,1
SF,IC2010,2020-08-24 09:33:45.300,6459.0000,98,0,129294640.000,0,-,-,-,-,6458.4000,6455.4000,6455.2000,6452.0000,6450.2000,6461.4000,6461.8000,6462.0000,6468.0000,6470.0000,3,1,1,2,3,2,6,1,1,1
SF,IC2010,2020-08-24 09:33:45.800,6459.0000,98,0,129294640.000,0,-,-,-,-,6458.4000,6455.4000,6455.2000,6452.0000,6450.2000,6461.4000,6461.8000,6462.0000,6468.0000,6470.0000,2,1,1,2,3,2,6,1,1,1
SF,IC2010,2020-08-24 09:33:46.300,6459.0000,98,0,129294640.000,0,-,-,-,-,6458.4000,6458.0000,6455.4000,6455.2000,6452.0000,6461.2000,6461.4000,6461.8000,6462.0000,6468.0000,2,1,1,1,2,1,5,3,1,1
SF,IC2010,2020-08-24 09:33:46.800,6459.0000,98,0,129294640.000,0,-,-,-,-,6458.4000,6458.0000,6455.4000,6455.2000,6452.0000,6461.2000,6461.4000,6461.8000,6462.0000,6468.0000,2,1,1,1,2,2,5,3,1,1
SF,IC2010,2020-08-24 09:33:47.300,6458.4000,98,0,130586320.000,1,0,1,多换,S,6458.4000,6458.0000,6455.4000,6455.2000,6452.0000,6461.2000,6461.4000,6461.8000,6462.0000,6468.0000,1,1,1,1,2,2,5,3,1,1
SF,IC2010,2020-08-24 09:33:47.800,6461.0000,99,1,131878520.000,1,1,0,双开,S,6458.4000,6458.0000,6455.4000,6455.2000,6452.0000,6461.2000,6461.4000,6461.8000,6462.0000,6468.0000,1,1,1,1,2,2,5,3,1,1
SF,IC2010,2020-08-24 09:33:48.300,6461.0000,99,0,131878520.000,0,-,-,-,-,6458.4000,6458.0000,6455.4000,6455.2000,6452.0000,6460.4000,6461.2000,6461.4000,6461.8000,6462.0000,1,1,1,1,2,1,2,5,3,1
SF,IC2010,2020-08-24 09:33:48.800,6461.0000,99,0,131878520.000,0,-,-,-,-,6458.6000,6458.4000,6458.0000,6455.4000,6455.2000,6460.4000,6461.2000,6461.4000,6461.8000,6462.0000,1,1,1,1,1,1,1,5,3,1
SF,IC2010,2020-08-24 09:33:49.300,6461.0000,99,0,131878520.000,0,-,-,-,-,6458.8000,6458.4000,6458.0000,6455.4000,6455.2000,6461.2000,6461.4000,6461.8000,6498.8000,6525.0000,1,1,1,1,1,1,5,3,1,4
SF,IC2010,2020-08-24 09:33:49.800,6461.2000,100,1,133170760.000,1,1,0,双开,S,6458.8000,6458.4000,6458.0000,6455.4000,6455.2000,6461.4000,6461.8000,6498.8000,6525.0000,6528.8000,1,1,1,1,1,5,3,1,4,3
SF,IC2010,2020-08-24 09:33:50.300,6461.4000,101,1,134463040.000,1,1,0,双开,S,6458.4000,6458.0000,6455.4000,6455.2000,6452.0000,6461.4000,6461.8000,6498.8000,6525.0000,6528.8000,1,1,1,1,2,4,3,1,4,3
SF,IC2010,2020-08-24 09:33:50.800,6461.4000,102,1,135755320.000,1,1,0,双开,S,6459.0000,6458.4000,6458.0000,6455.4000,6455.2000,6461.4000,6461.8000,6498.8000,6525.0000,6528.8000,1,1,1,1,1,3,3,1,4,3
SF,IC2010,2020-08-24 09:33:51.300,6461.4000,103,1,137047600.000,1,1,0,双开,S,6458.4000,6458.0000,6455.4000,6455.2000,6452.0000,6461.4000,6461.8000,6498.8000,6525.0000,6528.8000,1,1,1,1,2,2,3,1,4,3
SF,IC2010,2020-08-24 09:33:51.800,6461.4000,103,0,137047600.000,0,-,-,-,-,6459.2000,6458.4000,6458.0000,6455.4000,6455.2000,6461.4000,6461.8000,6498.8000,6525.0000,6528.8000,1,2,1,1,1,3,3,1,4,3
SF,IC2010,2020-08-24 09:33:52.300,6461.4000,103,0,137047600.000,0,-,-,-,-,6458.4000,6458.0000,6455.4000,6455.2000,6452.0000,6461.4000,6461.8000,6498.8000,6525.0000,6528.8000,2,1,1,1,2,3,3,1,4,3
SF,IC2010,2020-08-24 09:33:52.800,6461.4000,103,0,137047600.000,0,-,-,-,-,6459.4000,6458.4000,6458.0000,6455.4000,6455.2000,6461.4000,6461.8000,6498.8000,6525.0000,6528.8000,1,2,1,1,1,4,3,1,4,3
SF,IC2010,2020-08-24 09:33:53.300,6461.4000,103,0,137047600.000,0,-,-,-,-,6458.4000,6458.0000,6455.4000,6455.2000,6452.0000,6461.4000,6461.8000,6498.8000,6525.0000,6528.8000,2,1,1,1,2,4,3,1,4,3
SF,IC2010,2020-08-24 09:33:53.800,6461.4000,103,0,137047600.000,0,-,-,-,-,6459.6000,6458.4000,6458.0000,6455.4000,6455.2000,6461.4000,6461.8000,6498.8000,6525.0000,6528.8000,1,2,1,1,1,4,3,1,4,3
SF,IC2010,2020-08-24 09:33:54.300,6461.4000,103,0,137047600.000,0,-,-,-,-,6458.4000,6458.0000,6455.4000,6455.2000,6452.0000,6461.4000,6461.8000,6498.8000,6525.0000,6528.8000,2,1,1,1,2,4,3,1,4,3
SF,IC2010,2020-08-24 09:33:54.800,6461.4000,103,0,137047600.000,0,-,-,-,-,6459.8000,6458.4000,6458.0000,6455.4000,6455.2000,6461.4000,6461.8000,6498.8000,6525.0000,6528.8000,1,2,1,1,1,4,3,1,4,3
SF,IC2010,2020-08-24 09:33:55.300,6461.4000,105,2,139632160.000,2,2,0,双开,S,6458.4000,6458.0000,6455.4000,6455.2000,6452.0000,6461.4000,6461.8000,6498.8000,6525.0000,6528.8000,2,1,1,1,2,2,3,1,4,3
SF,IC2010,2020-08-24 09:33:55.800,6460.0000,106,1,142216440.000,2,1,1,空开,S,6458.4000,6458.0000,6455.4000,6455.2000,6452.0000,6461.4000,6461.8000,6498.8000,6525.0000,6528.8000,2,1,1,1,2,1,3,1,4,3
SF,IC2010,2020-08-24 09:33:56.300,6461.4000,107,1,143508720.000,1,1,0,双开,S,6458.6000,6458.4000,6458.0000,6455.4000,6455.2000,6461.8000,6498.8000,6525.0000,6528.8000,6548.8000,1,2,1,1,1,3,1,4,3,6
SF,IC2010,2020-08-24 09:33:56.800,6461.4000,107,0,143508720.000,0,-,-,-,-,6458.4000,6458.0000,6455.4000,6455.2000,6452.0000,6461.8000,6498.8000,6525.0000,6528.8000,6548.8000,2,1,1,1,2,3,1,4,3,6
SF,IC2010,2020-08-24 09:33:57.300,6461.4000,107,0,143508720.000,0,-,-,-,-,6458.8000,6458.4000,6458.0000,6455.4000,6455.2000,6461.8000,6498.8000,6525.0000,6528.8000,6548.8000,1,2,1,1,1,3,1,4,3,6
SF,IC2010,2020-08-24 09:33:57.800,6461.8000,108,1,144801080.000,1,1,0,双开,S,6458.4000,6458.0000,6455.4000,6455.2000,6452.0000,6461.8000,6498.8000,6525.0000,6528.8000,6548.8000,2,1,1,1,2,2,1,4,3,6
SF,IC2010,2020-08-24 09:33:58.300,6461.8000,108,0,144801080.000,0,-,-,-,-,6459.0000,6458.4000,6458.0000,6455.4000,6455.2000,6461.6000,6461.8000,6498.8000,6525.0000,6528.8000,1,2,1,1,1,1,2,1,4,3
SF,IC2010,2020-08-24 09:33:58.800,6461.8000,108,0,144801080.000,0,-,-,-,-,6458.4000,6458.0000,6455.4000,6455.2000,6452.0000,6461.6000,6461.8000,6498.8000,6525.0000,6528.8000,2,1,1,1,2,1,2,1,4,3
SF,IC2010,2020-08-24 09:33:59.300,6461.8000,108,0,144801080.000,0,-,-,-,-,6459.2000,6458.6000,6458.4000,6458.0000,6455.4000,6461.6000,6461.8000,6498.8000,6525.0000,6528.8000,1,1,2,1,1,1,2,1,4,3
SF,IC2010,2020-08-24 09:33:59.800,6461.8000,108,0,144801080.000,0,-,-,-,-,6458.6000,6458.4000,6458.0000,6455.4000,6455.2000,6461.6000,6461.8000,6498.8000,6525.0000,6528.8000,1,2,1,1,1,1,2,1,4,3
SF,IC2010,2020-08-24 09:34:00.300,6461.8000,108,0,144801080.000,0,-,-,-,-,6459.4000,6458.6000,6458.4000,6458.0000,6455.4000,6461.6000,6461.8000,6498.8000,6525.0000,6528.8000,1,1,2,1,1,1,2,1,4,3
SF,IC2010,2020-08-24 09:34:00.800,6461.8000,108,0,144801080.000,0,-,-,-,-,6458.6000,6458.4000,6458.0000,6455.4000,6455.2000,6461.6000,6461.8000,6498.8000,6525.0000,6528.8000,1,2,1,1,1,3,2,1,4,3
SF,IC2010,2020-08-24 09:34:01.300,6461.6000,109,1,146093400.000,1,1,0,双开,S,6459.6000,6458.6000,6458.4000,6458.0000,6455.4000,6461.6000,6461.8000,6498.8000,6525.0000,6528.8000,1,1,2,1,1,2,2,1,4,3
SF,IC2010,2020-08-24 09:34:01.800,6461.6000,109,0,146093400.000,0,-,-,-,-,6458.6000,6458.4000,6458.0000,6455.4000,6455.2000,6461.6000,6461.8000,6498.8000,6525.0000,6528.8000,1,2,1,1,1,2,2,1,4,3
SF,IC2010,2020-08-24 09:34:02.300,6459.8000,109,0,147385360.000,1,0,1,多换,S,6458.6000,6458.4000,6458.0000,6455.4000,6455.2000,6461.6000,6461.8000,6498.8000,6525.0000,6528.8000,1,2,1,1,1,2,2,1,4,3
SF,IC2010,2020-08-24 09:34:02.800,6461.6000,110,1,148677680.000,1,1,0,双开,S,6458.6000,6458.4000,6458.0000,6455.4000,6455.2000,6461.6000,6461.8000,6498.8000,6525.0000,6528.8000,1,2,1,1,1,1,2,1,4,3
SF,IC2010,2020-08-24 09:34:03.300,6461.6000,110,0,148677680.000,0,-,-,-,-,6458.6000,6458.4000,6458.0000,6455.4000,6455.2000,6461.6000,6461.8000,6498.8000,6525.0000,6528.8000,1,2,1,1,1,1,2,1,4,3
SF,IC2010,2020-08-24 09:34:03.800,6461.6000,111,1,149970000.000,1,1,0,双开,S,6458.6000,6458.4000,6458.0000,6455.4000,6455.2000,6461.4000,6461.6000,6461.8000,6498.8000,6525.0000,1,2,1,1,1,1,2,1,1,4
SF,IC2010,2020-08-24 09:34:04.300,6461.6000,111,0,149970000.000,0,-,-,-,-,6458.6000,6458.4000,6458.0000,6455.4000,6455.2000,6461.4000,6461.6000,6461.8000,6498.8000,6525.0000,1,2,1,1,1,1,2,1,1,4
SF,IC2010,2020-08-24 09:34:04.800,6461.4000,112,1,151262280.000,1,1,0,双开,S,6458.6000,6458.4000,6458.0000,6455.4000,6455.2000,6461.4000,6461.6000,6461.8000,6498.8000,6525.0000,1,2,1,1,1,1,2,1,1,4
SF,IC2010,2020-08-24 09:34:05.300,6461.4000,112,0,151262280.000,0,-,-,-,-,6458.6000,6458.4000,6458.0000,6455.4000,6455.2000,6461.4000,6461.6000,6461.8000,6498.8000,6525.0000,1,2,1,1,1,1,2,1,1,4
SF,IC2010,2020-08-24 09:34:05.800,6458.6000,113,1,152554000.000,1,1,0,双开,S,6458.4000,6458.0000,6455.4000,6455.2000,6452.0000,6461.6000,6461.8000,6498.8000,6525.0000,6528.8000,2,1,1,1,2,2,1,1,4,3
SF,IC2010,2020-08-24 09:34:06.300,6458.6000,113,0,152554000.000,0,-,-,-,-,6458.4000,6458.0000,6455.4000,6455.2000,6452.0000,6461.4000,6461.6000,6461.8000,6498.8000,6525.0000,2,1,1,1,2,1,2,1,1,4
SF,IC2010,2020-08-24 09:34:06.800,6458.6000,114,1,153845720.000,1,1,0,双开,S,6458.4000,6458.0000,6455.4000,6455.2000,6452.0000,6461.6000,6461.8000,6498.8000,6525.0000,6528.8000,2,1,1,1,2,2,1,1,4,3
SF,IC2010,2020-08-24 09:34:07.300,6458.6000,114,0,153845720.000,0,-,-,-,-,6458.6000,6458.4000,6458.0000,6455.4000,6455.2000,6461.4000,6461.6000,6461.8000,6498.8000,6525.0000,1,2,1,1,1,1,2,1,1,4
SF,IC2010,2020-08-24 09:34:07.800,6458.6000,114,0,153845720.000,0,-,-,-,-,6458.4000,6458.0000,6455.4000,6455.2000,6452.0000,6461.4000,6461.6000,6461.8000,6498.8000,6525.0000,2,1,1,1,2,1,2,1,1,4
SF,IC2010,2020-08-24 09:34:08.300,6458.6000,114,0,153845720.000,0,-,-,-,-,6458.4000,6458.0000,6455.4000,6455.2000,6452.0000,6461.6000,6461.8000,6498.8000,6525.0000,6528.8000,2,1,1,1,2,2,1,1,4,3
SF,IC2010,2020-08-24 09:34:08.800,6458.6000,114,0,153845720.000,0,-,-,-,-,6458.6000,6458.4000,6458.0000,6455.4000,6455.2000,6461.4000,6461.6000,6461.8000,6498.8000,6525.0000,1,2,1,1,1,1,2,1,1,4
SF,IC2010,2020-08-24 09:34:09.300,6458.6000,114,0,153845720.000,0,-,-,-,-,6458.4000,6458.0000,6455.4000,6455.2000,6452.0000,6461.4000,6461.6000,6461.8000,6498.8000,6525.0000,2,1,1,1,2,1,2,1,1,4
SF,IC2010,2020-08-24 09:34:09.800,6458.6000,114,0,153845720.000,0,-,-,-,-,6458.4000,6458.0000,6455.4000,6455.2000,6452.0000,6461.4000,6461.6000,6461.8000,6498.8000,6525.0000,2,1,1,1,2,1,2,1,1,4
SF,IC2010,2020-08-24 09:34:10.300,6458.6000,114,0,153845720.000,0,-,-,-,-,6458.4000,6458.0000,6455.4000,6455.2000,6452.0000,6461.4000,6461.6000,6498.8000,6525.0000,6528.8000,2,1,1,1,2,1,2,1,4,3
SF,IC2010,2020-08-24 09:34:10.800,6458.6000,114,0,153845720.000,0,-,-,-,-,6458.4000,6458.0000,6455.4000,6455.2000,6452.0000,6461.4000,6461.6000,6498.8000,6525.0000,6528.8000,2,1,1,1,2,2,2,1,4,3
SF,IC2010,2020-08-24 09:34:11.300,6458.6000,114,0,153845720.000,0,-,-,-,-,6458.4000,6458.0000,6455.4000,6455.2000,6452.0000,6461.4000,6461.6000,6498.8000,6525.0000,6528.8000,2,1,1,1,2,2,2,1,4,3
SF,IC2010,2020-08-24 09:34:11.800,6458.6000,114,0,153845720.000,0,-,-,-,-,6458.4000,6458.0000,6455.4000,6455.2000,6452.0000,6461.4000,6461.6000,6498.8000,6525.0000,6528.8000,2,1,1,1,2,2,2,1,4,3
SF,IC2010,2020-08-24 09:34:12.300,6458.6000,114,0,153845720.000,0,-,-,-,-,6458.4000,6458.0000,6455.4000,6455.2000,6452.0000,6461.4000,6461.6000,6498.8000,6525.0000,6528.8000,2,1,1,1,2,2,2,1,4,3
SF,IC2010,2020-08-24 09:34:12.800,6458.6000,114,0,153845720.000,0,-,-,-,-,6458.4000,6458.0000,6455.4000,6455.2000,6452.0000,6461.4000,6461.6000,6498.8000,6525.0000,6528.8000,2,1,1,1,2,2,2,1,4,3
SF,IC2010,2020-08-24 09:34:13.300,6458.6000,114,0,153845720.000,0,-,-,-,-,6458.4000,6458.0000,6455.4000,6455.2000,6452.0000,6461.4000,6461.6000,6498.8000,6525.0000,6528.8000,2,1,1,1,2,2,2,1,4,3
SF,IC2010,2020-08-24 09:34:13.800,6458.4000,116,2,156429080.000,2,2,0,双开,S,6458.0000,6455.4000,6455.2000,6452.0000,6450.2000,6461.4000,6461.6000,6498.8000,6525.0000,6528.8000,1,1,1,2,3,1,2,1,4,3
SF,IC2010,2020-08-24 09:34:14.300,6458.4000,116,0,156429080.000,0,-,-,-,-,6458.0000,6455.4000,6455.2000,6452.0000,6450.2000,6461.2000,6461.4000,6461.6000,6498.8000,6525.0000,1,1,1,2,3,1,1,2,1,4
SF,IC2010,2020-08-24 09:34:14.800,6458.0000,119,3,160303960.000,3,3,0,双开,S,6455.4000,6455.2000,6452.0000,6450.2000,6450.0000,6460.8000,6461.4000,6461.6000,6498.8000,6525.0000,1,1,2,3,2,1,1,2,1,4
SF,IC2010,2020-08-24 09:34:15.300,6458.0000,119,0,160303960.000,0,-,-,-,-,6455.4000,6455.2000,6452.0000,6450.2000,6450.0000,6460.0000,6460.6000,6460.8000,6461.4000,6461.6000,1,1,2,3,2,1,1,1,1,2
SF,IC2010,2020-08-24 09:34:15.800,6455.4000,120,1,161595040.000,1,1,0,双开,S,6455.2000,6452.0000,6450.2000,6450.0000,6440.2000,6460.0000,6460.8000,6461.4000,6461.6000,6498.8000,1,2,3,2,4,2,1,1,2,1
SF,IC2010,2020-08-24 09:34:16.300,6455.4000,120,0,161595040.000,0,-,-,-,-,6455.2000,6452.0000,6450.2000,6450.0000,6440.2000,6459.8000,6460.0000,6460.8000,6461.4000,6461.6000,1,2,3,2,4,1,2,1,1,2
SF,IC2010,2020-08-24 09:34:16.800,6455.2000,121,1,162886080.000,1,1,0,双开,S,6452.0000,6450.2000,6450.0000,6440.2000,6416.6000,6459.0000,6460.0000,6460.8000,6461.4000,6461.6000,2,3,2,4,1,1,2,1,1,2
SF,IC2010,2020-08-24 09:34:17.300,6455.2000,121,0,162886080.000,0,-,-,-,-,6452.0000,6450.2000,6450.0000,6440.2000,6416.6000,6458.8000,6459.0000,6460.0000,6461.4000,6461.6000,2,3,2,4,1,1,1,1,1,2
SF,IC2010,2020-08-24 09:34:17.800,6455.2000,121,0,162886080.000,0,-,-,-,-,6452.2000,6452.0000,6450.2000,6450.0000,6440.2000,6458.8000,6459.0000,6460.0000,6461.4000,6461.6000,1,2,3,2,4,1,1,1,1,2
SF,IC2010,2020-08-24 09:34:18.800,6455.2000,121,0,162886080.000,0,-,-,-,-,6452.2000,6452.0000,6450.2000,6450.0000,6440.2000,6458.8000,6460.0000,6461.4000,6461.6000,6498.8000,1,2,3,2,4,1,1,1,2,1
SF,IC2010,2020-08-24 09:34:19.300,6455.2000,121,0,162886080.000,0,-,-,-,-,6452.4000,6452.2000,6452.0000,6450.2000,6450.0000,6460.0000,6461.4000,6461.6000,6498.8000,6525.0000,1,1,2,3,2,1,1,2,1,4
SF,IC2010,2020-08-24 09:34:19.800,6455.2000,121,0,162886080.000,0,-,-,-,-,6452.6000,6452.0000,6450.2000,6450.0000,6440.2000,6459.8000,6460.0000,6461.4000,6461.6000,6498.8000,1,2,3,2,4,1,2,1,2,1
SF,IC2010,2020-08-24 09:34:20.800,6455.2000,121,0,162886080.000,0,-,-,-,-,6452.8000,6452.6000,6452.0000,6450.2000,6450.0000,6459.8000,6460.0000,6461.4000,6461.6000,6498.8000,1,1,2,3,2,1,2,1,2,1
SF,IC2010,2020-08-24 09:34:21.300,6455.2000,121,0,162886080.000,0,-,-,-,-,6453.0000,6452.0000,6450.2000,6450.0000,6440.2000,6459.8000,6460.0000,6461.4000,6461.6000,6498.8000,1,2,3,2,4,1,2,1,2,1
SF,IC2010,2020-08-24 09:34:22.300,6455.2000,121,0,162886080.000,0,-,-,-,-,6453.0000,6452.0000,6450.2000,6450.0000,6440.2000,6459.8000,6460.0000,6461.4000,6461.6000,6496.4000,1,2,3,2,4,1,2,1,2,1
SF,IC2010,2020-08-24 09:34:23.800,6455.2000,121,0,162886080.000,0,-,-,-,-,6453.2000,6453.0000,6452.0000,6450.2000,6450.0000,6459.8000,6460.0000,6461.4000,6461.6000,6496.4000,1,1,2,3,2,1,2,1,2,1
SF,IC2010,2020-08-24 09:34:24.300,6455.2000,121,0,162886080.000,0,-,-,-,-,6453.4000,6453.2000,6452.0000,6450.2000,6450.0000,6459.8000,6460.0000,6461.4000,6461.6000,6496.4000,1,1,2,3,2,1,2,1,2,1
SF,IC2010,2020-08-24 09:34:24.800,6455.2000,121,0,162886080.000,0,-,-,-,-,6453.4000,6452.0000,6450.2000,6450.0000,6440.2000,6459.8000,6460.0000,6461.4000,6461.6000,6496.4000,1,2,3,2,4,1,2,1,2,1
SF,IC2010,2020-08-24 09:34:25.300,6455.2000,121,0,162886080.000,0,-,-,-,-,6453.6000,6453.4000,6452.0000,6450.2000,6450.0000,6459.8000,6460.0000,6461.4000,6461.6000,6496.4000,1,1,2,3,2,1,2,1,2,1
SF,IC2010,2020-08-24 09:34:25.800,6455.2000,121,0,162886080.000,0,-,-,-,-,6453.8000,6452.0000,6450.2000,6450.0000,6440.2000,6459.8000,6460.0000,6461.4000,6461.6000,6496.4000,1,2,3,2,4,1,2,1,2,1
SF,IC2010,2020-08-24 09:34:26.300,6455.2000,121,0,162886080.000,0,-,-,-,-,6453.8000,6452.0000,6450.2000,6450.0000,6440.2000,6459.8000,6460.0000,6461.4000,6461.6000,6496.4000,2,2,3,2,4,1,2,1,2,1
SF,IC2010,2020-08-24 09:34:26.800,6455.2000,121,0,162886080.000,0,-,-,-,-,6453.8000,6452.0000,6450.2000,6450.0000,6440.2000,6459.8000,6460.0000,6461.4000,6461.6000,6496.4000,1,2,3,2,4,1,2,1,2,1
SF,IC2010,2020-08-24 09:34:27.300,6455.2000,121,0,162886080.000,0,-,-,-,-,6454.0000,6453.8000,6452.0000,6450.2000,6450.0000,6459.8000,6460.0000,6461.4000,6461.6000,6496.4000,1,1,2,3,2,1,2,1,2,1
SF,IC2010,2020-08-24 09:34:27.800,6455.2000,121,0,162886080.000,0,-,-,-,-,6454.2000,6452.0000,6450.2000,6450.0000,6440.2000,6459.8000,6460.0000,6461.4000,6461.6000,6496.4000,1,2,3,2,4,1,2,1,2,1
SF,IC2010,2020-08-24 09:34:28.300,6455.2000,121,0,162886080.000,0,-,-,-,-,6454.2000,6452.0000,6450.2000,6450.0000,6440.2000,6459.8000,6460.0000,6461.4000,6461.6000,6496.4000,2,2,3,2,4,1,2,1,2,1
SF,IC2010,2020-08-24 09:34:28.800,6455.2000,121,0,162886080.000,0,-,-,-,-,6454.2000,6452.0000,6450.2000,6450.0000,6440.2000,6459.6000,6459.8000,6460.0000,6461.4000,6461.6000,1,2,3,2,4,1,1,2,1,2
SF,IC2010,2020-08-24 09:34:29.300,6455.2000,121,0,162886080.000,0,-,-,-,-,6452.0000,6450.2000,6450.0000,6440.2000,6416.6000,6459.6000,6459.8000,6460.0000,6461.4000,6461.6000,2,3,2,4,1,1,1,2,1,2
SF,IC2010,2020-08-24 09:34:29.800,6455.2000,121,0,162886080.000,0,-,-,-,-,6452.2000,6452.0000,6450.2000,6450.0000,6440.2000,6459.6000,6459.8000,6460.0000,6461.4000,6461.6000,1,2,3,2,4,1,1,2,1,2
SF,IC2010,2020-08-24 09:34:30.300,6455.2000,121,0,162886080.000,0,-,-,-,-,6452.2000,6452.0000,6450.2000,6450.0000,6440.2000,6459.6000,6459.8000,6460.0000,6461.4000,6461.6000,1,2,3,2,4,1,1,2,1,2
SF,IC2010,2020-08-24 09:34:30.800,6455.2000,121,0,162886080.000,0,-,-,-,-,6452.0000,6450.2000,6450.0000,6440.2000,6416.6000,6459.6000,6459.8000,6460.0000,6461.4000,6461.6000,2,3,2,4,1,2,1,2,1,1
SF,IC2010,2020-08-24 09:34:31.300,6455.2000,121,0,162886080.000,0,-,-,-,-,6452.0000,6450.2000,6450.0000,6440.2000,6416.6000,6459.2000,6459.6000,6459.8000,6460.0000,6461.4000,2,3,2,4,1,1,2,1,2,1
SF,IC2010,2020-08-24 09:34:31.800,6455.2000,121,0,162886080.000,0,-,-,-,-,6452.0000,6450.2000,6450.0000,6440.2000,6416.6000,6459.0000,6459.2000,6459.6000,6459.8000,6460.0000,2,3,2,4,1,2,2,1,1,2
SF,IC2010,2020-08-24 09:34:32.300,6455.2000,121,0,162886080.000,0,-,-,-,-,6452.0000,6450.2000,6450.0000,6440.2000,6416.6000,6458.0000,6459.0000,6459.2000,6459.6000,6459.8000,2,3,2,4,1,1,2,2,1,1
SF,IC2010,2020-08-24 09:34:32.800,6455.2000,121,0,162886080.000,0,-,-,-,-,6452.2000,6452.0000,6450.2000,6450.0000,6440.2000,6457.8000,6458.0000,6459.0000,6459.2000,6459.6000,1,2,3,2,4,1,1,1,2,1
