市场代码,合约代码,时间,最新,持仓,增仓,成交额,成交量,开仓,平仓,成交类型,方向,买一价,买二价,买三价,买四价,买五价,卖一价,卖二价,卖三价,卖四价,卖五价,买一量,买二量,买三量,买四量,买五量,卖一量,卖二量,卖三量,卖四量,卖五量
SF,IC2007,2020-05-21 09:29:00.300,5342.0000,2658,0,0.000,0.000,-,-,-,-,5354.6000,5351.8000,5351.2000,5350.0000,5348.6000,5363.0000,5368.8000,5369.8000,5370.0000,5370.4000,1,1,1,2,1,1,2,1,2,1
SF,IC2007,2020-05-21 09:30:00.300,5363.0000,2658,0,1072600.000,1,0,1,多换,S,5363.0000,5354.8000,5354.6000,5351.2000,5350.0000,5368.8000,5369.8000,5370.0000,5370.4000,5372.6000,2,1,2,1,2,2,1,2,1,1
SF,IC2007,2020-05-21 09:30:00.800,5354.8000,2656,-2,4288760.000,3,0,3,多平,S,5354.6000,5351.2000,5350.0000,5348.6000,5334.0000,5363.6000,5365.0000,5368.4000,5368.6000,5368.8000,1,1,2,1,1,1,1,4,1,2
SF,IC2007,2020-05-21 09:30:01.300,5354.8000,2656,0,4288760.000,0,-,-,-,-,5355.0000,5354.8000,5354.6000,5354.4000,5353.4000,5362.8000,5363.0000,5363.4000,5363.6000,5365.0000,3,2,1,1,5,1,1,1,1,1
SF,IC2007,2020-05-21 09:30:01.800,5354.8000,2656,0,4288760.000,0,-,-,-,-,5355.2000,5355.0000,5354.8000,5354.6000,5354.4000,5362.6000,5362.8000,5363.6000,5365.0000,5368.4000,3,3,1,1,1,1,1,1,1,4
SF,IC2007,2020-05-21 09:30:02.300,5354.8000,2656,0,4288760.000,0,-,-,-,-,5355.2000,5355.0000,5354.8000,5354.6000,5354.4000,5362.4000,5362.6000,5362.8000,5363.6000,5365.0000,3,3,1,1,1,1,1,1,1,1
SF,IC2007,2020-05-21 09:30:02.800,5354.8000,2656,0,4288760.000,0,-,-,-,-,5356.4000,5355.4000,5355.2000,5355.0000,5354.8000,5362.2000,5362.4000,5362.8000,5363.6000,5365.0000,1,2,3,3,1,1,1,1,1,1
SF,IC2007,2020-05-21 09:30:03.300,5354.8000,2656,0,4288760.000,0,-,-,-,-,5356.8000,5356.6000,5356.4000,5355.4000,5355.2000,5362.0000,5362.2000,5362.8000,5363.6000,5365.0000,1,1,1,2,2,1,1,1,1,1
SF,IC2007,2020-05-21 09:30:03.800,5354.8000,2656,0,4288760.000,0,-,-,-,-,5357.0000,5356.8000,5356.6000,5356.4000,5355.8000,5361.8000,5362.0000,5362.8000,5363.6000,5365.0000,3,1,1,1,1,1,1,1,1,1
SF,IC2007,2020-05-21 09:30:04.300,5354.8000,2652,-4,8572600.000,4,0,4,双平,S,5356.8000,5356.6000,5356.4000,5355.8000,5355.4000,5361.6000,5361.8000,5363.6000,5365.0000,5368.8000,1,1,1,1,3,1,1,1,1,2
SF,IC2007,2020-05-21 09:30:04.800,5354.8000,2652,0,8572600.000,0,-,-,-,-,5358.0000,5357.0000,5356.6000,5356.4000,5355.8000,5361.4000,5361.6000,5363.6000,5365.0000,5368.8000,1,3,1,1,1,1,1,1,1,2
SF,IC2007,2020-05-21 09:30:05.300,5361.6000,2651,-1,9644920.000,1,0,1,双平,S,5358.2000,5358.0000,5357.6000,5357.0000,5356.6000,5363.6000,5365.0000,5368.8000,5369.8000,5370.0000,4,1,1,3,1,1,1,2,1,3
SF,IC2007,2020-05-21 09:30:05.800,5361.6000,2651,0,9644920.000,0,-,-,-,-,5358.4000,5358.2000,5357.0000,5356.6000,5356.4000,5363.4000,5363.6000,5365.0000,5368.8000,5369.8000,1,4,3,1,1,3,1,1,2,1
SF,IC2007,2020-05-21 09:30:06.300,5358.6000,2650,-1,10716640.000,1,0,1,双平,S,5359.2000,5358.4000,5357.0000,5356.6000,5356.4000,5363.2000,5363.4000,5363.6000,5365.0000,5368.8000,1,1,3,1,1,1,3,1,1,2
SF,IC2007,2020-05-21 09:30:06.800,5359.2000,2649,-1,11788480.000,1,0,1,双平,S,5357.0000,5356.6000,5356.4000,5356.0000,5355.8000,5361.8000,5363.0000,5363.2000,5363.4000,5363.6000,3,1,1,1,1,1,3,1,2,1
SF,IC2007,2020-05-21 09:30:07.300,5359.2000,2649,0,11788480.000,0,-,-,-,-,5357.2000,5357.0000,5356.6000,5356.4000,5356.0000,5361.6000,5361.8000,5363.0000,5363.4000,5363.6000,3,3,1,1,1,4,1,2,2,1
SF,IC2007,2020-05-21 09:30:07.800,5359.2000,2649,0,11788480.000,0,-,-,-,-,5356.6000,5356.4000,5355.8000,5355.6000,5355.4000,5361.6000,5361.8000,5363.0000,5363.4000,5363.6000,1,1,1,1,1,4,1,2,2,1
SF,IC2007,2020-05-21 09:30:08.300,5359.2000,2649,0,11788480.000,0,-,-,-,-,5356.4000,5355.8000,5355.4000,5355.2000,5354.8000,5361.6000,5361.8000,5363.0000,5363.4000,5363.6000,1,1,1,2,1,4,1,2,2,1
SF,IC2007,2020-05-21 09:30:08.800,5359.2000,2649,0,11788480.000,0,-,-,-,-,5355.8000,5355.4000,5355.2000,5354.8000,5354.4000,5361.0000,5361.2000,5361.6000,5363.0000,5363.4000,1,1,2,1,1,2,1,4,2,2
SF,IC2007,2020-05-21 09:30:09.300,5359.2000,2649,0,11788480.000,0,-,-,-,-,5355.4000,5351.2000,5347.6000,5315.2000,5310.2000,5359.6000,5360.6000,5360.8000,5361.0000,5361.2000,1,1,5,1,1,1,1,3,2,1
SF,IC2007,2020-05-21 09:30:09.800,5355.4000,2649,0,12859560.000,1,0,1,多换,S,5351.2000,5347.6000,5315.2000,5310.2000,5303.0000,5359.0000,5359.4000,5359.6000,5360.6000,5360.8000,1,5,1,1,1,1,4,1,1,1
SF,IC2007,2020-05-21 09:30:10.300,5355.4000,2649,0,12859560.000,0,-,-,-,-,5351.2000,5347.6000,5315.2000,5310.2000,5303.0000,5358.8000,5359.0000,5359.2000,5359.4000,5359.6000,1,5,1,1,1,4,1,1,2,1
SF,IC2007,2020-05-21 09:30:10.800,5355.4000,2649,0,12859560.000,0,-,-,-,-,5351.4000,5351.2000,5347.6000,5315.2000,5310.2000,5358.2000,5358.8000,5359.0000,5359.2000,5359.4000,3,1,5,1,1,1,4,1,1,2
SF,IC2007,2020-05-21 09:30:11.300,5355.4000,2649,0,12859560.000,0,-,-,-,-,5352.0000,5351.4000,5351.2000,5347.6000,5315.2000,5358.0000,5358.2000,5358.8000,5359.0000,5359.2000,1,3,1,5,1,4,1,2,1,1
SF,IC2007,2020-05-21 09:30:11.800,5355.4000,2649,0,12859560.000,0,-,-,-,-,5351.8000,5351.4000,5351.2000,5347.6000,5315.2000,5358.0000,5358.2000,5358.8000,5359.0000,5359.2000,1,2,1,5,1,4,1,2,1,1
SF,IC2007,2020-05-21 09:30:12.300,5355.4000,2649,0,12859560.000,0,-,-,-,-,5352.0000,5351.4000,5351.2000,5347.6000,5315.2000,5357.6000,5357.8000,5358.0000,5358.2000,5358.8000,1,2,1,5,1,1,1,4,1,2
SF,IC2007,2020-05-21 09:30:12.800,5355.4000,2649,0,12859560.000,0,-,-,-,-,5351.4000,5351.2000,5347.6000,5315.2000,5310.2000,5357.4000,5357.8000,5358.0000,5358.2000,5358.8000,2,1,5,1,1,5,1,2,1,2
SF,IC2007,2020-05-21 09:30:13.300,5355.4000,2649,0,12859560.000,0,-,-,-,-,5351.4000,5351.2000,5347.6000,5315.2000,5310.2000,5357.0000,5357.4000,5357.8000,5358.0000,5358.2000,2,1,5,1,1,1,5,1,2,1
SF,IC2007,2020-05-21 09:30:13.800,5355.4000,2649,0,12859560.000,0,-,-,-,-,5351.4000,5351.2000,5347.6000,5315.2000,5310.2000,5356.8000,5357.0000,5357.4000,5357.8000,5358.0000,2,1,5,1,1,4,1,3,1,2
SF,IC2007,2020-05-21 09:30:14.300,5355.4000,2649,0,12859560.000,0,-,-,-,-,5351.4000,5351.2000,5347.6000,5315.2000,5310.2000,5356.8000,5357.0000,5357.4000,5357.8000,5358.0000,2,1,5,1,1,4,1,3,1,2
SF,IC2007,2020-05-21 09:30:14.800,5355.4000,2649,0,12859560.000,0,-,-,-,-,5351.4000,5351.2000,5341.8000,5315.2000,5310.2000,5356.4000,5356.6000,5356.8000,5357.0000,5357.4000,2,1,5,1,1,1,1,4,1,2
SF,IC2007,2020-05-21 09:30:15.300,5355.4000,2649,0,12859560.000,0,-,-,-,-,5353.8000,5351.4000,5351.2000,5341.8000,5315.2000,5356.2000,5356.6000,5356.8000,5357.0000,5357.4000,1,2,1,5,1,4,1,2,1,2
SF,IC2007,2020-05-21 09:30:15.800,5355.4000,2649,0,12859560.000,0,-,-,-,-,5353.8000,5351.2000,5341.8000,5315.2000,5310.2000,5356.2000,5356.8000,5357.0000,5357.4000,5358.0000,1,1,5,1,1,2,2,1,2,2
SF,IC2007,2020-05-21 09:30:16.300,5355.4000,2649,0,12859560.000,0,-,-,-,-,5353.8000,5351.2000,5341.8000,5315.2000,5310.2000,5356.0000,5356.2000,5356.8000,5357.0000,5357.4000,1,1,5,1,1,1,2,2,1,2
SF,IC2007,2020-05-21 09:30:16.800,5355.4000,2649,0,12859560.000,0,-,-,-,-,5353.8000,5351.2000,5341.8000,5315.2000,5310.2000,5355.8000,5356.2000,5356.8000,5357.4000,5358.0000,1,1,5,1,1,1,1,2,2,2
SF,IC2007,2020-05-21 09:30:17.300,5355.4000,2649,0,12859560.000,0,-,-,-,-,5353.8000,5351.2000,5341.8000,5315.2000,5310.2000,5355.8000,5356.2000,5356.8000,5357.4000,5358.0000,1,1,5,1,1,1,1,2,2,2
SF,IC2007,2020-05-21 09:30:17.800,5355.4000,2649,0,12859560.000,0,-,-,-,-,5353.8000,5351.2000,5341.8000,5315.2000,5310.2000,5355.8000,5356.2000,5356.8000,5357.4000,5358.0000,1,1,5,1,1,1,1,2,2,2
SF,IC2007,2020-05-21 09:30:18.300,5353.8000,2648,-1,13930320.000,1,0,1,双平,S,5351.2000,5341.8000,5315.2000,5310.2000,5303.0000,5355.8000,5356.0000,5356.2000,5356.8000,5357.4000,1,5,1,1,1,1,1,1,2,2
SF,IC2007,2020-05-21 09:30:18.800,5353.8000,2648,0,13930320.000,0,-,-,-,-,5354.4000,5352.0000,5351.4000,5351.2000,5341.8000,5355.6000,5355.8000,5356.0000,5356.8000,5357.4000,1,1,1,1,5,1,1,1,2,2
SF,IC2007,2020-05-21 09:30:19.300,5354.4000,2647,-1,15001200.000,1,0,1,双平,S,5352.0000,5351.4000,5351.2000,5341.8000,5315.2000,5355.4000,5356.0000,5356.8000,5357.4000,5358.0000,1,1,1,5,1,1,1,2,2,2
SF,IC2007,2020-05-21 09:30:19.800,5354.4000,2647,0,15001200.000,0,-,-,-,-,5352.6000,5352.0000,5351.4000,5351.2000,5341.8000,5355.2000,5355.4000,5356.0000,5356.8000,5357.4000,1,1,1,1,5,1,1,1,2,2
SF,IC2007,2020-05-21 09:30:20.300,5354.4000,2647,0,15001200.000,0,-,-,-,-,5352.0000,5351.4000,5351.2000,5341.8000,5315.2000,5355.0000,5355.2000,5356.0000,5356.8000,5357.4000,1,1,1,5,1,1,1,1,2,2
SF,IC2007,2020-05-21 09:30:20.800,5354.4000,2647,0,15001200.000,0,-,-,-,-,5352.2000,5351.2000,5341.8000,5315.2000,5310.2000,5354.8000,5355.0000,5356.0000,5356.8000,5357.4000,1,1,5,1,1,1,1,1,2,2
SF,IC2007,2020-05-21 09:30:21.300,5354.4000,2647,0,15001200.000,0,-,-,-,-,5352.6000,5351.2000,5341.8000,5315.2000,5310.2000,5354.6000,5354.8000,5356.0000,5356.8000,5357.4000,1,1,5,1,1,1,1,1,2,2
SF,IC2007,2020-05-21 09:30:21.800,5354.4000,2647,0,15001200.000,0,-,-,-,-,5352.6000,5351.2000,5341.8000,5315.2000,5310.2000,5354.6000,5356.0000,5356.8000,5357.4000,5358.0000,1,1,5,1,1,1,1,2,2,2
SF,IC2007,2020-05-21 09:30:22.300,5354.4000,2647,0,15001200.000,0,-,-,-,-,5352.6000,5351.2000,5341.8000,5315.2000,5310.2000,5354.6000,5356.0000,5356.8000,5357.4000,5358.0000,1,1,5,1,1,1,1,2,2,2
SF,IC2007,2020-05-21 09:30:22.800,5354.4000,2647,0,15001200.000,0,-,-,-,-,5351.2000,5341.8000,5315.2000,5310.2000,5303.0000,5354.6000,5356.0000,5356.8000,5357.4000,5358.0000,1,5,1,1,1,1,1,2,2,2
SF,IC2007,2020-05-21 09:30:23.300,5354.4000,2647,0,15001200.000,0,-,-,-,-,5351.2000,5341.8000,5315.2000,5310.2000,5303.0000,5354.2000,5354.4000,5354.6000,5356.0000,5356.8000,1,5,1,1,1,1,3,1,1,2
SF,IC2007,2020-05-21 09:30:23.800,5354.4000,2647,0,15001200.000,0,-,-,-,-,5351.2000,5341.8000,5315.2000,5310.2000,5303.0000,5354.0000,5354.2000,5354.4000,5356.0000,5356.8000,1,5,1,1,1,4,1,3,1,2
SF,IC2007,2020-05-21 09:30:24.300,5354.4000,2647,0,15001200.000,0,-,-,-,-,5351.2000,5341.8000,5315.2000,5310.2000,5303.0000,5354.0000,5354.2000,5354.4000,5356.0000,5356.8000,1,5,1,1,1,2,1,2,1,2
SF,IC2007,2020-05-21 09:30:24.800,5354.4000,2647,0,15001200.000,0,-,-,-,-,5351.2000,5341.8000,5315.2000,5310.2000,5303.0000,5353.8000,5354.0000,5354.2000,5354.4000,5356.0000,1,5,1,1,1,1,2,1,2,1
SF,IC2007,2020-05-21 09:30:25.300,5354.4000,2647,0,15001200.000,0,-,-,-,-,5351.2000,5341.8000,5315.2000,5310.2000,5303.0000,5353.6000,5354.0000,5354.2000,5354.4000,5356.0000,1,5,1,1,1,1,1,1,2,1
SF,IC2007,2020-05-21 09:30:25.800,5354.4000,2647,0,15001200.000,0,-,-,-,-,5351.2000,5341.8000,5315.2000,5310.2000,5303.0000,5353.6000,5354.0000,5354.2000,5354.4000,5356.0000,1,5,1,1,1,2,1,1,2,1
SF,IC2007,2020-05-21 09:30:26.300,5354.4000,2647,0,15001200.000,0,-,-,-,-,5351.2000,5341.8000,5315.2000,5310.2000,5303.0000,5353.4000,5353.6000,5354.2000,5354.4000,5356.0000,1,5,1,1,1,2,1,1,2,1
SF,IC2007,2020-05-21 09:30:26.800,5354.4000,2647,0,15001200.000,0,-,-,-,-,5351.2000,5341.8000,5315.2000,5310.2000,5303.0000,5353.2000,5354.2000,5354.4000,5356.0000,5356.8000,1,5,1,1,1,1,1,2,1,2
SF,IC2007,2020-05-21 09:30:27.300,5353.2000,2646,-1,16071840.000,1,0,1,双平,S,5351.6000,5351.2000,5341.8000,5315.2000,5310.2000,5354.2000,5354.4000,5356.0000,5356.8000,5357.4000,1,1,5,1,1,1,2,1,2,2
SF,IC2007,2020-05-21 09:30:27.800,5353.2000,2646,0,16071840.000,0,-,-,-,-,5351.6000,5351.2000,5341.8000,5315.2000,5310.2000,5354.0000,5354.2000,5354.4000,5356.0000,5356.8000,1,1,5,1,1,1,1,2,1,2
SF,IC2007,2020-05-21 09:30:28.300,5353.2000,2646,0,16071840.000,0,-,-,-,-,5351.6000,5351.2000,5341.8000,5315.2000,5310.2000,5356.0000,5356.8000,5357.4000,5358.0000,5358.8000,1,1,5,1,1,1,2,2,2,2
SF,IC2007,2020-05-21 09:30:28.800,5353.2000,2646,0,16071840.000,0,-,-,-,-,5351.6000,5351.2000,5341.8000,5315.2000,5310.2000,5355.8000,5356.0000,5356.8000,5357.4000,5358.0000,1,1,5,1,1,3,1,2,2,2
SF,IC2007,2020-05-21 09:30:29.300,5353.2000,2646,0,16071840.000,0,-,-,-,-,5351.6000,5351.2000,5341.8000,5315.2000,5310.2000,5355.8000,5356.0000,5356.8000,5357.4000,5358.0000,1,1,5,1,1,3,1,2,2,2
SF,IC2007,2020-05-21 09:30:29.800,5353.2000,2646,0,16071840.000,0,-,-,-,-,5351.8000,5351.6000,5351.2000,5341.8000,5315.2000,5355.8000,5356.0000,5356.8000,5357.4000,5358.0000,1,1,1,5,1,3,1,2,2,2
SF,IC2007,2020-05-21 09:30:30.300,5353.2000,2646,0,16071840.000,0,-,-,-,-,5351.8000,5351.6000,5351.2000,5341.8000,5315.2000,5355.8000,5356.0000,5356.8000,5357.4000,5358.0000,1,1,1,5,1,3,1,2,2,2
SF,IC2007,2020-05-21 09:30:30.800,5353.2000,2646,0,16071840.000,0,-,-,-,-,5352.0000,5351.8000,5351.6000,5351.2000,5350.2000,5355.4000,5355.8000,5356.0000,5356.8000,5357.4000,1,1,1,1,1,1,3,1,2,2
SF,IC2007,2020-05-21 09:30:31.300,5353.2000,2646,0,16071840.000,0,-,-,-,-,5352.2000,5352.0000,5351.8000,5351.2000,5350.2000,5355.2000,5355.8000,5356.0000,5356.8000,5357.4000,1,1,1,1,1,1,2,1,2,2
SF,IC2007,2020-05-21 09:30:32.300,5353.2000,2646,0,16071840.000,0,-,-,-,-,5352.2000,5352.0000,5351.8000,5351.2000,5350.2000,5355.0000,5355.2000,5355.8000,5356.0000,5356.8000,1,1,1,1,1,1,1,2,1,2
SF,IC2007,2020-05-21 09:30:32.800,5353.2000,2646,0,16071840.000,0,-,-,-,-,5352.4000,5352.2000,5351.8000,5351.2000,5350.2000,5355.2000,5355.8000,5356.0000,5356.8000,5357.4000,1,1,1,1,1,1,2,1,2,2
SF,IC2007,2020-05-21 09:30:33.300,5353.2000,2646,0,16071840.000,0,-,-,-,-,5352.4000,5352.2000,5351.8000,5351.2000,5350.2000,5356.0000,5356.8000,5357.4000,5358.0000,5358.8000,1,1,1,1,1,1,2,2,2,2
SF,IC2007,2020-05-21 09:30:33.800,5353.2000,2646,0,16071840.000,0,-,-,-,-,5352.6000,5352.4000,5351.8000,5351.2000,5350.2000,5356.0000,5356.8000,5357.4000,5358.0000,5358.8000,1,1,1,1,1,1,2,2,2,2
SF,IC2007,2020-05-21 09:30:34.300,5353.2000,2646,0,16071840.000,0,-,-,-,-,5352.8000,5352.6000,5351.8000,5351.2000,5350.2000,5356.0000,5357.4000,5358.0000,5358.8000,5359.2000,1,1,1,1,1,1,2,2,2,1
SF,IC2007,2020-05-21 09:30:34.800,5353.2000,2646,0,16071840.000,0,-,-,-,-,5353.4000,5352.8000,5352.6000,5351.8000,5351.2000,5356.0000,5357.4000,5358.0000,5358.8000,5359.2000,1,1,1,1,1,1,2,2,2,1
SF,IC2007,2020-05-21 09:30:35.300,5353.2000,2646,0,16071840.000,0,-,-,-,-,5353.6000,5353.4000,5352.6000,5351.8000,5351.2000,5356.0000,5357.4000,5358.0000,5358.8000,5359.2000,1,1,1,1,1,1,2,2,2,1
SF,IC2007,2020-05-21 09:30:36.300,5353.4000,2645,-1,17142520.000,1,0,1,双平,S,5353.4000,5352.6000,5351.8000,5351.2000,5350.2000,5355.8000,5356.0000,5357.4000,5358.0000,5358.8000,1,1,1,1,1,1,1,2,2,2
SF,IC2007,2020-05-21 09:30:36.800,5353.4000,2645,0,17142520.000,0,-,-,-,-,5353.4000,5351.2000,5350.2000,5341.8000,5315.2000,5355.6000,5355.8000,5356.0000,5357.4000,5358.0000,1,1,1,5,1,1,1,1,2,2
SF,IC2007,2020-05-21 09:30:37.300,5353.4000,2645,0,17142520.000,0,-,-,-,-,5351.2000,5350.2000,5341.8000,5315.2000,5310.2000,5355.4000,5356.0000,5357.4000,5358.0000,5358.8000,1,1,5,1,1,1,1,2,2,2
SF,IC2007,2020-05-21 09:30:37.800,5353.4000,2645,0,17142520.000,0,-,-,-,-,5351.4000,5351.2000,5350.2000,5341.8000,5315.2000,5355.2000,5355.4000,5356.0000,5357.4000,5358.0000,4,1,1,5,1,1,1,1,2,2
SF,IC2007,2020-05-21 09:30:38.300,5353.4000,2645,0,17142520.000,0,-,-,-,-,5351.6000,5351.4000,5351.2000,5350.2000,5341.8000,5355.0000,5355.2000,5356.0000,5357.4000,5358.0000,1,3,1,1,5,1,1,1,2,2
SF,IC2007,2020-05-21 09:30:38.800,5353.4000,2645,0,17142520.000,0,-,-,-,-,5352.0000,5351.6000,5351.4000,5351.2000,5350.2000,5354.8000,5355.0000,5356.0000,5357.4000,5358.0000,20,1,3,1,1,1,1,1,2,2
SF,IC2007,2020-05-21 09:30:39.300,5353.4000,2645,0,17142520.000,0,-,-,-,-,5352.0000,5351.6000,5351.4000,5351.2000,5350.2000,5354.8000,5355.0000,5356.0000,5357.4000,5358.0000,20,1,3,1,1,1,1,1,2,2
SF,IC2007,2020-05-21 09:30:39.800,5353.4000,2645,0,17142520.000,0,-,-,-,-,5352.2000,5352.0000,5351.6000,5351.4000,5351.2000,5354.8000,5355.0000,5356.0000,5357.4000,5358.0000,2,20,1,3,1,1,1,1,2,2
SF,IC2007,2020-05-21 09:30:40.800,5353.4000,2645,0,17142520.000,0,-,-,-,-,5352.2000,5352.0000,5351.6000,5351.4000,5351.2000,5354.8000,5355.0000,5356.0000,5357.4000,5358.0000,2,20,1,3,1,1,1,1,2,2
SF,IC2007,2020-05-21 09:30:44.300,5353.4000,2645,0,17142520.000,0,-,-,-,-,5352.2000,5352.0000,5351.6000,5351.4000,5351.2000,5354.6000,5354.8000,5355.0000,5356.0000,5357.4000,2,20,1,3,1,1,1,1,1,2
SF,IC2007,2020-05-21 09:30:44.800,5353.4000,2645,0,17142520.000,0,-,-,-,-,5352.2000,5352.0000,5351.6000,5351.2000,5350.2000,5354.6000,5354.8000,5355.0000,5356.0000,5357.4000,2,20,1,1,1,1,1,1,1,2
SF,IC2007,2020-05-21 09:30:45.300,5354.6000,2645,0,18213440.000,1,0,1,多换,S,5352.2000,5352.0000,5351.6000,5351.2000,5350.2000,5354.8000,5355.0000,5356.0000,5357.4000,5358.0000,2,20,1,1,1,1,1,1,2,2
SF,IC2007,2020-05-21 09:30:45.800,5354.6000,2645,0,18213440.000,0,-,-,-,-,5352.2000,5352.0000,5351.6000,5351.2000,5350.2000,5354.6000,5354.8000,5356.0000,5357.4000,5358.0000,2,20,1,1,1,1,1,1,2,2
SF,IC2007,2020-05-21 09:30:46.300,5354.6000,2645,0,18213440.000,0,-,-,-,-,5352.2000,5352.0000,5351.2000,5350.2000,5341.8000,5354.8000,5356.0000,5357.4000,5358.0000,5358.8000,2,20,1,1,5,1,1,2,2,3
SF,IC2007,2020-05-21 09:30:47.800,5354.6000,2645,0,18213440.000,0,-,-,-,-,5352.2000,5352.0000,5351.2000,5350.2000,5341.8000,5354.0000,5354.8000,5356.0000,5357.4000,5358.0000,2,20,1,1,5,1,1,1,2,2
SF,IC2007,2020-05-21 09:30:52.300,5354.6000,2645,0,18213440.000,0,-,-,-,-,5352.2000,5352.0000,5351.2000,5350.2000,5341.8000,5353.8000,5354.0000,5354.8000,5356.0000,5357.4000,2,20,1,1,5,1,1,1,1,2
SF,IC2007,2020-05-21 09:30:52.800,5354.6000,2645,0,18213440.000,0,-,-,-,-,5352.0000,5351.2000,5350.2000,5341.8000,5315.2000,5354.0000,5354.8000,5356.0000,5357.4000,5358.0000,20,1,1,5,1,1,1,1,2,2
SF,IC2007,2020-05-21 09:30:54.300,5354.6000,2645,0,18213440.000,0,-,-,-,-,5352.0000,5351.2000,5350.2000,5341.8000,5315.2000,5353.8000,5354.0000,5354.8000,5355.2000,5356.0000,20,1,1,5,1,1,1,1,1,1
SF,IC2007,2020-05-21 09:30:56.300,5352.0000,2645,0,19283840.000,1,0,1,多换,S,5352.0000,5351.2000,5350.2000,5341.8000,5315.2000,5353.8000,5354.0000,5354.8000,5355.2000,5356.0000,19,1,1,5,1,1,1,1,1,1
SF,IC2007,2020-05-21 09:30:56.800,5352.0000,2645,0,19283840.000,0,-,-,-,-,5352.0000,5351.2000,5350.2000,5341.8000,5315.2000,5353.8000,5354.0000,5354.8000,5355.2000,5356.0000,19,1,1,5,1,1,1,1,1,1
SF,IC2007,2020-05-21 09:30:57.300,5352.0000,2645,0,19283840.000,0,-,-,-,-,5352.0000,5351.2000,5350.2000,5341.8000,5315.2000,5353.8000,5354.8000,5355.2000,5356.0000,5357.4000,19,1,1,5,1,1,1,1,1,2
SF,IC2007,2020-05-21 09:31:00.300,5352.0000,2645,0,19283840.000,0,-,-,-,-,5352.0000,5351.2000,5350.2000,5341.8000,5310.2000,5353.8000,5354.8000,5355.2000,5356.0000,5357.4000,19,1,1,5,1,1,1,1,1,2
SF,IC2007,2020-05-21 09:31:03.800,5352.0000,2645,0,19283840.000,0,-,-,-,-,5352.0000,5351.2000,5350.2000,5341.8000,5310.2000,5353.8000,5354.8000,5355.2000,5356.0000,5357.4000,19,1,1,5,1,1,1,1,1,2
SF,IC2007,2020-05-21 09:31:04.300,5352.0000,2645,0,19283840.000,0,-,-,-,-,5352.0000,5351.2000,5350.2000,5341.8000,5310.2000,5353.6000,5353.8000,5354.8000,5355.2000,5356.0000,19,1,1,5,1,1,1,1,1,1
SF,IC2007,2020-05-21 09:31:04.800,5352.0000,2645,0,19283840.000,0,-,-,-,-,5352.0000,5351.2000,5350.2000,5341.8000,5310.2000,5353.4000,5353.6000,5354.8000,5355.2000,5356.0000,19,1,1,5,1,1,1,1,1,1
SF,IC2007,2020-05-21 09:31:11.800,5353.4000,2644,-1,20354520.000,1,0,1,双平,S,5352.0000,5351.2000,5350.2000,5341.8000,5310.2000,5353.6000,5354.8000,5355.2000,5356.0000,5357.4000,19,1,1,5,1,1,1,1,1,2
SF,IC2007,2020-05-21 09:31:12.300,5353.4000,2644,0,20354520.000,0,-,-,-,-,5352.0000,5351.2000,5350.2000,5341.8000,5310.2000,5353.6000,5355.2000,5356.0000,5357.4000,5358.0000,19,1,1,5,1,1,1,1,2,2
SF,IC2007,2020-05-21 09:31:12.800,5353.6000,2643,-1,21425240.000,1,0,1,双平,S,5352.0000,5351.2000,5350.2000,5341.8000,5310.2000,5355.2000,5356.0000,5357.4000,5358.0000,5358.8000,19,1,1,5,1,1,1,2,2,3
SF,IC2007,2020-05-21 09:31:13.300,5353.6000,2643,0,21425240.000,0,-,-,-,-,5352.0000,5351.2000,5350.2000,5341.8000,5310.2000,5355.0000,5355.2000,5356.0000,5357.4000,5358.0000,19,1,1,5,1,4,1,1,2,2
SF,IC2007,2020-05-21 09:31:14.300,5353.6000,2643,0,21425240.000,0,-,-,-,-,5351.2000,5350.2000,5341.8000,5310.2000,5303.0000,5355.0000,5355.2000,5356.0000,5357.4000,5358.0000,1,1,5,1,1,4,1,1,2,2
SF,IC2007,2020-05-21 09:31:14.800,5353.6000,2643,0,21425240.000,0,-,-,-,-,5351.4000,5351.2000,5350.2000,5341.8000,5310.2000,5354.4000,5355.0000,5355.2000,5356.0000,5357.4000,2,1,1,5,1,1,1,1,1,2
SF,IC2007,2020-05-21 09:31:16.300,5353.6000,2643,0,21425240.000,0,-,-,-,-,5351.4000,5351.2000,5350.2000,5341.8000,5310.2000,5354.4000,5355.0000,5355.2000,5356.0000,5357.4000,2,1,1,5,1,1,1,1,2,2
SF,IC2007,2020-05-21 09:31:16.800,5353.6000,2643,0,21425240.000,0,-,-,-,-,5351.6000,5351.4000,5351.2000,5350.2000,5341.8000,5355.0000,5355.2000,5356.0000,5357.4000,5358.0000,2,2,1,1,5,1,1,2,2,2
SF,IC2007,2020-05-21 09:31:17.300,5353.6000,2643,0,21425240.000,0,-,-,-,-,5351.8000,5351.6000,5351.2000,5350.2000,5341.8000,5355.0000,5355.2000,5356.0000,5357.4000,5358.0000,2,2,1,1,5,1,1,2,2,2
SF,IC2007,2020-05-21 09:31:17.800,5353.6000,2643,0,21425240.000,0,-,-,-,-,5351.8000,5351.6000,5351.2000,5350.2000,5341.8000,5355.2000,5356.0000,5357.4000,5358.0000,5358.8000,2,2,1,1,5,1,2,2,2,3
SF,IC2007,2020-05-21 09:31:18.300,5353.6000,2643,0,21425240.000,0,-,-,-,-,5351.8000,5351.6000,5351.2000,5350.2000,5341.8000,5354.8000,5355.2000,5356.0000,5357.4000,5358.0000,2,2,1,1,5,1,1,2,2,2
SF,IC2007,2020-05-21 09:31:19.300,5353.6000,2643,0,21425240.000,0,-,-,-,-,5351.8000,5351.6000,5351.2000,5350.2000,5341.8000,5354.8000,5355.2000,5356.0000,5357.4000,5358.0000,2,2,1,1,5,1,1,2,2,2
SF,IC2007,2020-05-21 09:31:19.800,5353.6000,2643,0,21425240.000,0,-,-,-,-,5351.8000,5351.6000,5351.2000,5350.2000,5341.8000,5355.2000,5356.0000,5357.4000,5358.0000,5358.8000,2,2,1,1,5,1,2,2,2,2
SF,IC2007,2020-05-21 09:31:20.300,5353.6000,2643,0,21425240.000,0,-,-,-,-,5352.0000,5351.8000,5351.6000,5351.2000,5350.2000,5355.2000,5356.0000,5357.4000,5358.0000,5358.8000,2,2,2,1,1,1,2,2,2,2
SF,IC2007,2020-05-21 09:31:20.800,5353.6000,2643,0,21425240.000,0,-,-,-,-,5354.8000,5352.2000,5352.0000,5351.6000,5351.2000,5355.2000,5356.0000,5357.4000,5357.8000,5358.0000,1,3,1,2,1,1,1,2,1,2
SF,IC2007,2020-05-21 09:31:21.300,5354.8000,2643,0,22496200.000,1,0,1,多换,S,5352.2000,5352.0000,5351.2000,5350.2000,5341.8000,5355.2000,5356.0000,5357.4000,5357.8000,5358.0000,3,1,1,1,5,1,1,2,1,2
SF,IC2007,2020-05-21 09:31:21.800,5354.8000,2643,0,22496200.000,0,-,-,-,-,5352.2000,5352.0000,5351.2000,5350.2000,5341.8000,5355.2000,5356.0000,5357.4000,5357.8000,5358.0000,3,1,1,1,5,1,1,2,1,2
SF,IC2007,2020-05-21 09:31:22.300,5354.8000,2643,0,22496200.000,0,-,-,-,-,5352.4000,5352.2000,5352.0000,5351.8000,5351.2000,5355.2000,5356.0000,5357.4000,5357.8000,5358.0000,4,2,1,1,1,1,1,2,1,2
SF,IC2007,2020-05-21 09:31:22.800,5354.8000,2643,0,22496200.000,0,-,-,-,-,5352.6000,5352.4000,5352.0000,5351.8000,5351.2000,5355.2000,5356.0000,5357.4000,5357.8000,5358.0000,3,4,1,1,1,1,1,2,1,2
SF,IC2007,2020-05-21 09:31:23.300,5354.8000,2643,0,22496200.000,0,-,-,-,-,5352.6000,5352.4000,5352.0000,5351.8000,5351.2000,5355.2000,5356.0000,5357.4000,5357.8000,5358.0000,3,3,1,1,1,1,1,2,1,2
SF,IC2007,2020-05-21 09:31:23.800,5354.8000,2643,0,22496200.000,0,-,-,-,-,5352.6000,5352.4000,5351.8000,5351.2000,5350.2000,5355.2000,5356.0000,5357.4000,5357.8000,5358.0000,3,2,1,1,1,1,1,2,1,2
SF,IC2007,2020-05-21 09:31:24.300,5355.2000,2642,-1,23567240.000,1,0,1,双平,S,5352.6000,5352.4000,5351.8000,5351.2000,5350.2000,5356.0000,5357.4000,5357.8000,5358.0000,5358.8000,3,2,1,1,1,1,2,1,2,2
SF,IC2007,2020-05-21 09:31:24.800,5355.2000,2642,0,23567240.000,0,-,-,-,-,5352.6000,5352.4000,5351.8000,5351.2000,5350.2000,5355.8000,5356.0000,5357.4000,5357.8000,5358.0000,3,2,1,1,1,2,1,2,1,2
SF,IC2007,2020-05-21 09:31:25.300,5355.2000,2642,0,23567240.000,0,-,-,-,-,5352.8000,5352.6000,5352.4000,5351.8000,5350.2000,5355.8000,5356.0000,5357.4000,5357.8000,5358.0000,2,2,2,1,1,2,1,2,1,2
SF,IC2007,2020-05-21 09:31:25.800,5355.2000,2642,0,23567240.000,0,-,-,-,-,5353.0000,5352.8000,5352.6000,5352.4000,5351.8000,5355.4000,5355.8000,5356.0000,5357.4000,5357.8000,2,2,1,2,1,1,2,1,2,1
SF,IC2007,2020-05-21 09:31:26.300,5355.2000,2642,0,23567240.000,0,-,-,-,-,5353.0000,5352.6000,5352.4000,5351.8000,5350.2000,5355.4000,5355.8000,5356.0000,5357.4000,5357.8000,2,1,2,1,1,1,2,1,2,1
SF,IC2007,2020-05-21 09:31:27.800,5355.4000,2641,-1,24638320.000,1,0,1,双平,S,5353.0000,5352.6000,5352.4000,5351.8000,5350.2000,5355.8000,5356.0000,5357.4000,5357.8000,5358.0000,2,1,2,1,1,2,1,2,1,2
SF,IC2007,2020-05-21 09:31:28.300,5355.4000,2641,0,24638320.000,0,-,-,-,-,5353.2000,5353.0000,5352.4000,5351.8000,5350.2000,5356.0000,5357.4000,5357.8000,5358.0000,5358.8000,1,2,2,1,1,1,2,1,2,2
SF,IC2007,2020-05-21 09:31:28.800,5355.4000,2641,0,24638320.000,0,-,-,-,-,5353.4000,5353.2000,5353.0000,5352.4000,5351.8000,5356.0000,5357.4000,5357.8000,5358.0000,5358.8000,1,3,1,2,1,1,2,1,2,2
SF,IC2007,2020-05-21 09:31:29.300,5355.4000,2641,0,24638320.000,0,-,-,-,-,5353.4000,5353.2000,5353.0000,5352.4000,5351.8000,5355.8000,5356.0000,5357.4000,5357.8000,5358.0000,1,3,1,2,1,1,1,2,1,2
SF,IC2007,2020-05-21 09:31:29.800,5355.4000,2641,0,24638320.000,0,-,-,-,-,5353.4000,5353.2000,5353.0000,5352.4000,5351.8000,5355.8000,5356.0000,5357.4000,5357.8000,5358.0000,1,3,21,2,1,1,1,2,1,2
SF,IC2007,2020-05-21 09:31:30.300,5355.4000,2641,0,24638320.000,0,-,-,-,-,5353.4000,5353.2000,5353.0000,5352.4000,5351.8000,5356.0000,5357.4000,5357.8000,5358.0000,5358.8000,1,1,21,1,1,1,2,1,2,2
SF,IC2007,2020-05-21 09:31:30.800,5355.4000,2641,0,24638320.000,0,-,-,-,-,5353.4000,5353.2000,5353.0000,5351.8000,5350.2000,5355.8000,5356.0000,5357.4000,5357.8000,5358.0000,1,1,21,1,1,1,1,2,1,2
SF,IC2007,2020-05-21 09:31:31.300,5355.4000,2641,0,24638320.000,0,-,-,-,-,5353.4000,5353.2000,5353.0000,5351.8000,5350.2000,5355.8000,5356.0000,5357.4000,5357.8000,5358.0000,1,1,20,1,1,1,1,2,1,2
SF,IC2007,2020-05-21 09:31:31.800,5355.4000,2641,0,24638320.000,0,-,-,-,-,5353.4000,5353.2000,5353.0000,5351.8000,5350.2000,5355.8000,5356.0000,5357.4000,5357.8000,5358.0000,1,1,20,1,1,1,1,2,1,2
SF,IC2007,2020-05-21 09:31:34.800,5355.4000,2641,0,24638320.000,0,-,-,-,-,5353.2000,5353.0000,5351.8000,5350.2000,5341.8000,5355.6000,5355.8000,5356.0000,5357.4000,5357.8000,1,20,1,1,5,2,1,1,2,1
SF,IC2007,2020-05-21 09:31:35.800,5355.4000,2641,0,24638320.000,0,-,-,-,-,5353.2000,5353.0000,5351.8000,5350.2000,5341.8000,5355.8000,5356.0000,5357.4000,5357.8000,5358.0000,1,20,1,1,5,1,1,2,1,2
SF,IC2007,2020-05-21 09:31:36.300,5355.4000,2641,0,24638320.000,0,-,-,-,-,5353.0000,5351.8000,5350.2000,5341.8000,5310.2000,5355.6000,5355.8000,5356.0000,5357.4000,5357.8000,20,1,1,5,1,3,1,1,2,1
SF,IC2007,2020-05-21 09:31:36.800,5355.4000,2641,0,24638320.000,0,-,-,-,-,5353.0000,5351.8000,5350.2000,5341.8000,5310.2000,5355.4000,5355.6000,5355.8000,5356.0000,5357.4000,20,1,1,5,1,1,3,1,1,2
SF,IC2007,2020-05-21 09:31:37.300,5355.4000,2641,0,24638320.000,0,-,-,-,-,5353.0000,5351.8000,5350.2000,5341.8000,5310.2000,5355.2000,5355.4000,5355.6000,5355.8000,5356.0000,20,1,1,5,1,2,1,2,1,1
SF,IC2007,2020-05-21 09:31:37.800,5355.4000,2641,0,24638320.000,0,-,-,-,-,5353.0000,5351.8000,5350.2000,5341.8000,5310.2000,5355.0000,5355.2000,5355.4000,5355.6000,5355.8000,20,1,1,5,1,2,2,1,2,1
SF,IC2007,2020-05-21 09:31:38.300,5355.4000,2641,0,24638320.000,0,-,-,-,-,5353.0000,5351.8000,5350.2000,5341.8000,5310.2000,5355.0000,5355.2000,5355.4000,5355.6000,5355.8000,20,1,1,5,1,2,1,1,2,1
SF,IC2007,2020-05-21 09:31:38.800,5355.4000,2641,0,24638320.000,0,-,-,-,-,5353.0000,5351.8000,5350.2000,5341.8000,5310.2000,5354.8000,5355.4000,5355.6000,5355.8000,5356.0000,20,1,1,5,1,1,1,2,1,1
SF,IC2007,2020-05-21 09:31:39.300,5355.4000,2641,0,24638320.000,0,-,-,-,-,5353.0000,5351.8000,5350.2000,5341.8000,5310.2000,5354.6000,5354.8000,5355.4000,5355.6000,5355.8000,20,1,1,5,1,1,1,1,2,1
SF,IC2007,2020-05-21 09:31:39.800,5355.4000,2641,0,24638320.000,0,-,-,-,-,5353.0000,5351.8000,5350.2000,5341.8000,5310.2000,5354.8000,5355.4000,5355.6000,5355.8000,5356.0000,20,1,1,5,1,1,1,2,1,1
SF,IC2007,2020-05-21 09:31:40.300,5355.4000,2641,0,24638320.000,0,-,-,-,-,5353.0000,5351.8000,5350.2000,5341.8000,5310.2000,5354.6000,5354.8000,5355.6000,5355.8000,5356.0000,20,1,1,5,1,1,2,2,1,1
SF,IC2007,2020-05-21 09:31:40.800,5355.4000,2641,0,24638320.000,0,-,-,-,-,5351.8000,5350.2000,5341.8000,5310.2000,5303.0000,5354.6000,5354.8000,5355.6000,5355.8000,5356.0000,1,1,5,1,1,1,2,2,1,1
SF,IC2007,2020-05-21 09:31:41.300,5355.4000,2641,0,24638320.000,0,-,-,-,-,5352.0000,5351.8000,5350.2000,5341.8000,5310.2000,5354.4000,5354.6000,5354.8000,5355.6000,5355.8000,1,1,1,5,1,2,1,1,2,1
SF,IC2007,2020-05-21 09:31:41.800,5355.4000,2641,0,24638320.000,0,-,-,-,-,5352.0000,5351.8000,5350.2000,5341.8000,5310.2000,5354.2000,5354.4000,5354.6000,5354.8000,5355.6000,1,1,1,5,1,1,3,1,1,2
SF,IC2007,2020-05-21 09:31:42.300,5355.4000,2641,0,24638320.000,0,-,-,-,-,5351.8000,5350.2000,5341.8000,5310.2000,5303.0000,5354.0000,5354.2000,5354.4000,5354.6000,5354.8000,1,1,5,1,1,2,1,2,1,1
SF,IC2007,2020-05-21 09:31:42.800,5351.8000,2641,0,25708680.000,1,0,1,多换,S,5350.2000,5341.8000,5310.2000,5303.0000,5284.6000,5353.8000,5354.0000,5354.2000,5354.4000,5354.6000,1,5,1,1,8,1,2,1,2,1
SF,IC2007,2020-05-21 09:31:43.300,5351.8000,2641,0,25708680.000,0,-,-,-,-,5350.2000,5341.8000,5310.2000,5303.0000,5284.6000,5353.6000,5353.8000,5354.2000,5354.4000,5354.6000,1,5,1,1,8,4,1,1,1,1
SF,IC2007,2020-05-21 09:31:43.800,5351.8000,2641,0,25708680.000,0,-,-,-,-,5350.2000,5341.8000,5310.2000,5303.0000,5284.6000,5353.4000,5353.6000,5353.8000,5354.2000,5354.4000,1,5,1,1,8,1,4,1,1,1
SF,IC2007,2020-05-21 09:31:44.300,5351.8000,2641,0,25708680.000,0,-,-,-,-,5350.2000,5341.8000,5310.2000,5303.0000,5284.6000,5353.2000,5353.4000,5353.6000,5353.8000,5354.2000,1,5,1,1,8,3,1,1,1,1
SF,IC2007,2020-05-21 09:31:44.800,5351.8000,2641,0,25708680.000,0,-,-,-,-,5350.2000,5341.8000,5310.2000,5303.0000,5284.6000,5353.0000,5353.2000,5353.4000,5353.6000,5353.8000,1,5,1,1,8,1,3,1,1,1
SF,IC2007,2020-05-21 09:31:45.300,5350.2000,2640,-1,26778720.000,1,0,1,双平,S,5341.8000,5310.2000,5303.0000,5284.6000,5209.0000,5352.6000,5352.8000,5353.0000,5353.4000,5353.6000,5,1,1,8,1,1,2,1,1,1
SF,IC2007,2020-05-21 09:31:45.800,5350.2000,2640,0,26778720.000,0,-,-,-,-,5346.2000,5345.2000,5344.8000,5342.0000,5341.8000,5352.4000,5352.6000,5353.0000,5353.4000,5353.6000,1,1,1,6,7,5,1,1,1,1
SF,IC2007,2020-05-21 09:31:46.300,5350.2000,2640,0,26778720.000,0,-,-,-,-,5346.4000,5346.2000,5345.2000,5344.8000,5342.0000,5352.4000,5352.6000,5353.0000,5353.4000,5353.6000,4,1,1,1,3,4,1,1,1,1
SF,IC2007,2020-05-21 09:31:46.800,5350.2000,2640,0,26778720.000,0,-,-,-,-,5346.8000,5346.4000,5345.2000,5344.8000,5342.0000,5352.2000,5352.4000,5352.6000,5353.0000,5353.4000,1,4,1,1,3,2,4,1,1,1
SF,IC2007,2020-05-21 09:31:47.300,5350.2000,2640,0,26778720.000,0,-,-,-,-,5347.0000,5346.4000,5345.2000,5344.8000,5342.0000,5352.0000,5352.2000,5352.4000,5352.6000,5353.0000,4,2,1,1,3,5,2,2,1,1
SF,IC2007,2020-05-21 09:31:47.800,5350.2000,2640,0,26778720.000,0,-,-,-,-,5347.0000,5345.2000,5344.8000,5342.0000,5341.8000,5351.8000,5352.0000,5352.4000,5352.6000,5353.0000,2,1,1,3,7,1,5,2,1,1
SF,IC2007,2020-05-21 09:31:48.300,5350.2000,2640,0,26778720.000,0,-,-,-,-,5347.2000,5347.0000,5345.2000,5344.8000,5342.0000,5351.6000,5352.0000,5352.4000,5353.0000,5353.4000,3,2,1,1,3,4,3,2,1,1
SF,IC2007,2020-05-21 09:31:48.800,5351.6000,2640,0,28919360.000,2,1,1,多换,S,5347.4000,5347.2000,5345.2000,5344.8000,5342.0000,5351.6000,5352.0000,5352.4000,5353.0000,5353.4000,3,1,1,1,3,2,2,2,1,1
SF,IC2007,2020-05-21 09:31:49.300,5351.6000,2640,0,28919360.000,0,-,-,-,-,5347.4000,5347.2000,5345.2000,5344.8000,5342.0000,5351.2000,5351.6000,5352.0000,5352.4000,5353.0000,3,1,1,1,3,1,4,2,2,1
SF,IC2007,2020-05-21 09:31:49.800,5351.6000,2640,0,28919360.000,0,-,-,-,-,5347.4000,5347.2000,5345.2000,5344.8000,5342.0000,5351.2000,5351.6000,5352.0000,5352.4000,5353.0000,3,1,1,1,3,1,2,2,2,1
SF,IC2007,2020-05-21 09:31:50.800,5351.6000,2640,0,28919360.000,0,-,-,-,-,5347.4000,5347.2000,5345.2000,5344.8000,5342.0000,5351.0000,5351.2000,5351.6000,5352.0000,5352.4000,3,1,1,1,3,1,1,2,2,2
SF,IC2007,2020-05-21 09:31:51.300,5351.6000,2640,0,28919360.000,0,-,-,-,-,5347.6000,5347.4000,5347.2000,5345.2000,5344.8000,5351.2000,5351.6000,5352.0000,5352.4000,5353.0000,1,3,1,1,1,1,2,2,2,1
SF,IC2007,2020-05-21 09:31:51.800,5351.6000,2640,0,28919360.000,0,-,-,-,-,5347.8000,5347.6000,5347.2000,5345.2000,5344.8000,5351.0000,5351.2000,5351.6000,5352.0000,5352.4000,3,1,1,1,1,1,1,2,2,2
SF,IC2007,2020-05-21 09:31:52.300,5351.6000,2640,0,28919360.000,0,-,-,-,-,5347.8000,5347.6000,5347.2000,5345.2000,5344.8000,5350.8000,5351.2000,5351.6000,5352.0000,5352.4000,3,1,1,1,1,1,1,2,2,2
SF,IC2007,2020-05-21 09:31:52.800,5351.6000,2640,0,28919360.000,0,-,-,-,-,5347.8000,5347.6000,5347.2000,5345.2000,5344.8000,5350.8000,5351.2000,5351.6000,5352.0000,5352.4000,3,1,1,1,1,1,1,1,2,2
SF,IC2007,2020-05-21 09:31:53.300,5351.6000,2640,0,28919360.000,0,-,-,-,-,5347.8000,5347.6000,5347.2000,5345.2000,5344.8000,5350.6000,5350.8000,5351.6000,5352.0000,5352.4000,3,1,1,1,1,2,1,1,2,2
SF,IC2007,2020-05-21 09:31:53.800,5351.6000,2640,0,28919360.000,0,-,-,-,-,5347.8000,5347.6000,5347.2000,5345.2000,5344.8000,5350.6000,5350.8000,5351.6000,5352.0000,5352.4000,3,1,1,1,1,1,1,1,2,2
SF,IC2007,2020-05-21 09:31:54.300,5351.6000,2640,0,28919360.000,0,-,-,-,-,5347.8000,5347.6000,5347.2000,5345.2000,5344.8000,5350.6000,5350.8000,5352.0000,5352.4000,5353.0000,3,1,1,1,1,3,1,2,2,1
SF,IC2007,2020-05-21 09:31:54.800,5351.6000,2640,0,28919360.000,0,-,-,-,-,5347.8000,5347.6000,5347.2000,5345.2000,5344.8000,5350.6000,5352.0000,5352.4000,5353.0000,5353.4000,3,1,1,1,1,3,2,2,1,1
SF,IC2007,2020-05-21 09:31:56.800,5351.6000,2640,0,28919360.000,0,-,-,-,-,5347.8000,5347.6000,5347.2000,5345.2000,5344.8000,5350.6000,5352.0000,5352.4000,5353.0000,5353.4000,3,1,1,1,1,2,2,2,1,1
SF,IC2007,2020-05-21 09:31:57.300,5358.0000,2658,18,50337200.000,20,19,1,空开,S,5348.0000,5347.8000,5347.6000,5347.2000,5344.8000,5365.0000,5368.8000,5370.0000,5374.8000,5378.8000,1,3,1,1,1,5,2,3,2,5
SF,IC2007,2020-05-21 09:31:57.800,5358.0000,2658,0,50337200.000,0,-,-,-,-,5348.2000,5348.0000,5347.6000,5347.2000,5342.0000,5353.4000,5353.6000,5359.2000,5360.8000,5364.6000,3,1,1,1,3,1,1,1,2,4
SF,IC2007,2020-05-21 09:31:58.300,5358.0000,2658,0,50337200.000,0,-,-,-,-,5349.8000,5348.4000,5348.2000,5348.0000,5347.6000,5359.2000,5364.6000,5364.8000,5365.0000,5368.8000,1,3,3,1,1,1,4,2,5,2
SF,IC2007,2020-05-21 09:31:58.800,5358.0000,2658,0,50337200.000,0,-,-,-,-,5350.0000,5349.8000,5348.4000,5348.0000,5347.6000,5356.0000,5356.2000,5357.6000,5357.8000,5358.0000,4,1,3,1,1,1,1,1,1,1
SF,IC2007,2020-05-21 09:31:59.300,5358.0000,2658,0,50337200.000,0,-,-,-,-,5350.0000,5349.8000,5348.4000,5348.0000,5347.6000,5355.0000,5355.2000,5355.6000,5355.8000,5356.0000,4,1,3,1,1,1,1,1,4,1
SF,IC2007,2020-05-21 09:31:59.800,5358.0000,2658,0,50337200.000,0,-,-,-,-,5350.0000,5349.8000,5348.4000,5348.0000,5347.6000,5355.0000,5355.2000,5355.8000,5356.0000,5356.2000,4,1,3,1,1,1,1,3,1,1
SF,IC2007,2020-05-21 09:32:00.300,5358.0000,2658,0,50337200.000,0,-,-,-,-,5350.0000,5349.8000,5348.4000,5348.0000,5347.6000,5354.8000,5355.0000,5355.2000,5355.8000,5356.0000,4,1,3,1,1,2,1,1,2,1
SF,IC2007,2020-05-21 09:32:00.800,5355.0000,2659,1,52479200.000,2,1,1,空开,S,5350.0000,5349.8000,5348.4000,5348.0000,5347.2000,5354.4000,5354.6000,5354.8000,5355.8000,5356.0000,3,1,3,1,1,1,2,2,2,1
SF,IC2007,2020-05-21 09:32:01.300,5355.0000,2659,0,52479200.000,0,-,-,-,-,5350.0000,5349.8000,5348.4000,5348.0000,5342.0000,5353.6000,5354.0000,5354.2000,5354.4000,5354.6000,2,1,3,1,3,1,1,1,1,1
SF,IC2007,2020-05-21 09:32:01.800,5355.0000,2659,0,52479200.000,0,-,-,-,-,5350.0000,5349.8000,5348.4000,5348.0000,5342.0000,5353.2000,5353.4000,5354.0000,5354.4000,5354.6000,1,1,3,1,3,1,1,2,1,2
SF,IC2007,2020-05-21 09:32:02.300,5355.0000,2659,0,52479200.000,0,-,-,-,-,5350.0000,5348.4000,5348.0000,5342.0000,5341.8000,5352.8000,5353.0000,5353.2000,5354.0000,5354.4000,1,3,1,3,5,1,2,1,2,1
SF,IC2007,2020-05-21 09:32:02.800,5355.0000,2659,0,52479200.000,0,-,-,-,-,5350.0000,5348.0000,5342.0000,5341.8000,5310.2000,5352.4000,5352.6000,5353.0000,5353.8000,5354.0000,1,1,3,5,1,1,2,1,1,2
SF,IC2007,2020-05-21 09:32:03.300,5355.0000,2659,0,52479200.000,0,-,-,-,-,5350.0000,5348.0000,5342.0000,5341.8000,5310.2000,5352.6000,5353.0000,5353.2000,5353.8000,5354.0000,1,1,3,5,1,2,1,1,1,3
SF,IC2007,2020-05-21 09:32:03.800,5355.0000,2659,0,52479200.000,0,-,-,-,-,5350.0000,5348.0000,5342.0000,5341.8000,5310.2000,5352.6000,5353.0000,5353.2000,5353.4000,5353.8000,1,1,3,5,1,2,1,1,1,1
SF,IC2007,2020-05-21 09:32:04.300,5355.0000,2659,0,52479200.000,0,-,-,-,-,5350.0000,5349.8000,5348.0000,5342.0000,5341.8000,5352.2000,5352.6000,5353.0000,5353.2000,5353.4000,1,1,1,3,5,1,2,1,1,1
SF,IC2007,2020-05-21 09:32:04.800,5355.0000,2659,0,52479200.000,0,-,-,-,-,5348.0000,5342.0000,5341.8000,5310.2000,5284.6000,5352.2000,5352.6000,5353.0000,5353.2000,5353.4000,1,3,5,1,8,1,2,1,1,1
SF,IC2007,2020-05-21 09:32:05.300,5355.0000,2659,0,52479200.000,0,-,-,-,-,5348.2000,5348.0000,5342.0000,5341.8000,5310.2000,5352.2000,5353.2000,5353.4000,5354.0000,5354.2000,5,1,3,5,1,1,1,1,1,1
SF,IC2007,2020-05-21 09:32:05.800,5355.0000,2659,0,52479200.000,0,-,-,-,-,5349.8000,5348.2000,5348.0000,5342.0000,5341.8000,5352.2000,5353.2000,5353.4000,5353.8000,5354.0000,1,5,1,3,5,1,1,1,1,1
SF,IC2007,2020-05-21 09:32:06.300,5355.0000,2659,0,52479200.000,0,-,-,-,-,5350.2000,5349.8000,5348.2000,5348.0000,5342.0000,5352.2000,5353.2000,5353.4000,5354.0000,5354.2000,1,1,5,1,3,1,1,1,1,1
SF,IC2007,2020-05-21 09:32:06.800,5355.0000,2659,0,52479200.000,0,-,-,-,-,5350.4000,5349.8000,5348.2000,5348.0000,5342.0000,5352.2000,5353.2000,5353.4000,5354.0000,5354.2000,2,1,4,1,3,1,1,1,1,1
SF,IC2007,2020-05-21 09:32:07.300,5355.0000,2659,0,52479200.000,0,-,-,-,-,5350.4000,5349.8000,5348.2000,5348.0000,5342.0000,5352.2000,5353.2000,5354.0000,5354.2000,5354.4000,2,1,4,1,3,1,1,1,1,3
SF,IC2007,2020-05-21 09:32:07.800,5355.0000,2659,0,52479200.000,0,-,-,-,-,5350.4000,5349.8000,5348.2000,5348.0000,5342.0000,5352.2000,5353.2000,5354.0000,5354.2000,5354.4000,2,1,4,1,3,1,1,1,1,3
SF,IC2007,2020-05-21 09:32:08.300,5355.0000,2659,0,52479200.000,0,-,-,-,-,5350.4000,5349.8000,5348.2000,5348.0000,5342.0000,5352.2000,5353.2000,5354.0000,5354.2000,5354.4000,2,1,4,1,3,1,1,1,1,4
SF,IC2007,2020-05-21 09:32:08.800,5355.0000,2659,0,52479200.000,0,-,-,-,-,5350.4000,5349.8000,5348.2000,5348.0000,5342.0000,5352.2000,5353.2000,5354.0000,5354.2000,5354.4000,1,1,4,1,3,1,1,1,1,4
SF,IC2007,2020-05-21 09:32:09.300,5355.0000,2659,0,52479200.000,0,-,-,-,-,5350.4000,5349.8000,5348.2000,5348.0000,5342.0000,5352.2000,5353.2000,5354.0000,5354.2000,5354.4000,1,1,4,1,3,1,1,1,1,4
SF,IC2007,2020-05-21 09:32:09.800,5355.0000,2659,0,52479200.000,0,-,-,-,-,5350.4000,5348.2000,5348.0000,5342.0000,5341.8000,5352.2000,5353.2000,5354.0000,5354.2000,5354.4000,1,4,1,3,5,1,1,1,1,4
SF,IC2007,2020-05-21 09:32:10.300,5355.0000,2659,0,52479200.000,0,-,-,-,-,5348.2000,5348.0000,5342.0000,5341.8000,5310.2000,5352.2000,5353.2000,5354.0000,5354.2000,5354.4000,4,1,3,5,1,1,1,1,1,4
SF,IC2007,2020-05-21 09:32:10.800,5355.0000,2659,0,52479200.000,0,-,-,-,-,5348.4000,5348.2000,5348.0000,5342.0000,5341.8000,5352.2000,5353.2000,5354.0000,5354.2000,5354.4000,1,4,1,3,5,1,1,1,1,4
SF,IC2007,2020-05-21 09:32:11.300,5355.0000,2659,0,52479200.000,0,-,-,-,-,5348.6000,5348.4000,5348.2000,5348.0000,5342.0000,5352.2000,5353.2000,5354.0000,5354.2000,5354.4000,5,1,2,1,3,1,1,1,1,4
SF,IC2007,2020-05-21 09:32:11.800,5355.0000,2659,0,52479200.000,0,-,-,-,-,5349.8000,5348.8000,5348.6000,5348.2000,5348.0000,5352.2000,5353.2000,5354.0000,5354.2000,5354.4000,1,1,5,2,1,1,1,1,1,4
SF,IC2007,2020-05-21 09:32:12.300,5355.0000,2659,0,52479200.000,0,-,-,-,-,5349.8000,5348.8000,5348.6000,5348.2000,5348.0000,5352.2000,5353.2000,5354.0000,5354.2000,5354.4000,1,1,5,2,1,1,1,1,1,3
SF,IC2007,2020-05-21 09:32:12.800,5355.0000,2659,0,52479200.000,0,-,-,-,-,5349.8000,5348.8000,5348.6000,5348.2000,5348.0000,5352.2000,5353.2000,5354.0000,5354.2000,5354.4000,1,1,5,2,1,1,1,1,1,3
SF,IC2007,2020-05-21 09:32:13.300,5355.0000,2659,0,52479200.000,0,-,-,-,-,5349.8000,5348.8000,5348.6000,5348.2000,5348.0000,5352.2000,5353.2000,5354.0000,5354.4000,5354.6000,1,1,5,2,1,1,1,1,3,3
SF,IC2007,2020-05-21 09:32:13.800,5355.0000,2659,0,52479200.000,0,-,-,-,-,5350.0000,5349.8000,5348.6000,5348.2000,5348.0000,5351.6000,5352.2000,5353.2000,5354.0000,5354.4000,1,1,5,2,1,1,1,1,1,3
SF,IC2007,2020-05-21 09:32:14.300,5355.0000,2659,0,52479200.000,0,-,-,-,-,5350.0000,5349.8000,5348.6000,5348.2000,5348.0000,5351.6000,5352.2000,5353.2000,5354.0000,5354.4000,1,1,5,2,1,1,1,1,2,3
SF,IC2007,2020-05-21 09:32:14.800,5355.0000,2659,0,52479200.000,0,-,-,-,-,5350.0000,5349.8000,5348.6000,5348.2000,5348.0000,5351.6000,5353.2000,5354.0000,5354.4000,5354.6000,1,1,5,2,1,2,1,2,3,3
SF,IC2007,2020-05-21 09:32:15.300,5355.0000,2659,0,52479200.000,0,-,-,-,-,5348.6000,5348.2000,5348.0000,5342.0000,5341.8000,5351.4000,5351.6000,5353.2000,5354.0000,5354.4000,5,2,1,3,5,1,2,1,2,3
SF,IC2007,2020-05-21 09:32:15.800,5355.0000,2659,0,52479200.000,0,-,-,-,-,5349.0000,5348.8000,5348.6000,5348.2000,5348.0000,5350.8000,5351.6000,5353.2000,5354.0000,5354.4000,1,1,5,2,1,1,2,1,2,3
SF,IC2007,2020-05-21 09:32:16.300,5355.0000,2659,0,52479200.000,0,-,-,-,-,5348.8000,5348.6000,5348.2000,5348.0000,5342.0000,5350.8000,5351.6000,5353.2000,5354.0000,5354.4000,1,1,2,1,3,1,2,1,2,3
SF,IC2007,2020-05-21 09:32:16.800,5355.0000,2659,0,52479200.000,0,-,-,-,-,5348.8000,5348.6000,5348.0000,5342.0000,5341.8000,5350.6000,5350.8000,5351.6000,5353.2000,5354.0000,1,1,1,3,5,1,1,2,1,2
SF,IC2007,2020-05-21 09:32:17.300,5355.0000,2659,0,52479200.000,0,-,-,-,-,5348.8000,5348.6000,5348.0000,5342.0000,5341.8000,5350.2000,5350.6000,5350.8000,5351.6000,5353.2000,1,2,1,3,5,1,1,1,2,1
SF,IC2007,2020-05-21 09:32:18.300,5355.0000,2659,0,52479200.000,0,-,-,-,-,5348.8000,5348.6000,5348.0000,5342.0000,5341.8000,5350.2000,5350.6000,5350.8000,5351.6000,5353.2000,1,2,1,3,5,1,1,1,1,1
SF,IC2007,2020-05-21 09:32:18.800,5355.0000,2659,0,52479200.000,0,-,-,-,-,5348.8000,5348.6000,5342.0000,5341.8000,5310.2000,5350.2000,5350.6000,5350.8000,5351.6000,5353.2000,1,2,3,5,1,2,1,1,1,1
SF,IC2007,2020-05-21 09:32:19.300,5355.0000,2659,0,52479200.000,0,-,-,-,-,5348.8000,5348.6000,5342.0000,5341.8000,5310.2000,5350.2000,5350.6000,5350.8000,5351.6000,5353.2000,1,2,3,5,1,2,1,1,1,1
SF,IC2007,2020-05-21 09:32:19.800,5348.6000,2658,-1,53548920.000,1,0,1,双平,S,5348.6000,5342.0000,5341.8000,5310.2000,5284.6000,5350.0000,5350.2000,5350.6000,5350.8000,5351.6000,1,3,5,1,8,1,2,1,1,1
SF,IC2007,2020-05-21 09:32:20.300,5348.6000,2658,0,54618640.000,1,0,1,多换,S,5342.0000,5341.8000,5310.2000,5284.6000,5209.0000,5349.6000,5349.8000,5350.0000,5350.2000,5350.8000,3,5,1,8,1,1,1,1,2,1
SF,IC2007,2020-05-21 09:32:20.800,5348.6000,2658,0,54618640.000,0,-,-,-,-,5345.6000,5345.2000,5344.2000,5342.2000,5342.0000,5349.4000,5349.6000,5350.2000,5350.8000,5351.6000,1,1,1,6,3,1,1,2,1,1
SF,IC2007,2020-05-21 09:32:21.300,5349.4000,2658,0,55688520.000,1,0,1,多换,S,5345.8000,5345.6000,5345.2000,5344.2000,5342.2000,5350.2000,5350.8000,5351.6000,5353.2000,5353.4000,3,1,1,1,1,2,1,1,1,1
SF,IC2007,2020-05-21 09:32:21.800,5349.4000,2658,0,55688520.000,0,-,-,-,-,5346.6000,5346.0000,5345.8000,5345.2000,5344.2000,5350.2000,5350.8000,5351.6000,5353.2000,5353.4000,1,2,3,1,1,2,1,1,1,1
SF,IC2007,2020-05-21 09:32:22.300,5349.4000,2658,0,55688520.000,0,-,-,-,-,5346.8000,5346.6000,5346.0000,5345.8000,5345.2000,5350.2000,5350.8000,5351.6000,5353.4000,5354.0000,5,1,1,1,1,2,1,1,1,2
SF,IC2007,2020-05-21 09:32:22.800,5349.4000,2658,0,55688520.000,0,-,-,-,-,5347.0000,5346.8000,5345.8000,5345.2000,5344.2000,5350.2000,5350.8000,5351.6000,5353.4000,5354.0000,1,5,1,1,1,2,1,1,1,2
SF,IC2007,2020-05-21 09:32:23.300,5349.4000,2658,0,55688520.000,0,-,-,-,-,5347.2000,5346.8000,5345.8000,5345.2000,5344.2000,5349.8000,5350.2000,5350.8000,5351.6000,5353.4000,4,2,1,1,1,1,2,1,1,1
SF,IC2007,2020-05-21 09:32:23.800,5349.4000,2658,0,55688520.000,0,-,-,-,-,5347.2000,5346.8000,5345.8000,5345.2000,5344.2000,5349.2000,5349.8000,5350.2000,5350.8000,5351.6000,4,2,1,1,1,1,1,2,1,1
SF,IC2007,2020-05-21 09:32:24.300,5349.4000,2658,0,55688520.000,0,-,-,-,-,5347.2000,5346.8000,5345.8000,5345.2000,5344.2000,5349.0000,5349.2000,5350.2000,5350.8000,5351.6000,3,2,1,1,1,1,1,1,1,1
SF,IC2007,2020-05-21 09:32:25.300,5349.4000,2658,0,55688520.000,0,-,-,-,-,5347.2000,5346.8000,5345.8000,5345.2000,5344.2000,5348.6000,5349.0000,5349.2000,5350.2000,5350.8000,2,2,1,1,1,1,1,1,1,1
SF,IC2007,2020-05-21 09:32:25.800,5349.4000,2658,0,55688520.000,0,-,-,-,-,5347.4000,5347.2000,5346.8000,5345.8000,5345.2000,5348.6000,5349.0000,5349.2000,5350.2000,5350.8000,1,2,2,1,1,1,1,1,1,1
SF,IC2007,2020-05-21 09:32:26.300,5349.4000,2658,0,55688520.000,0,-,-,-,-,5347.2000,5346.8000,5345.8000,5345.2000,5344.2000,5348.4000,5348.6000,5349.2000,5350.2000,5350.8000,2,2,1,1,1,1,1,1,1,1
SF,IC2007,2020-05-21 09:32:26.800,5349.4000,2658,0,55688520.000,0,-,-,-,-,5347.2000,5346.8000,5345.8000,5345.2000,5344.2000,5348.6000,5349.2000,5350.2000,5350.8000,5351.6000,1,2,1,1,1,1,1,1,1,1
SF,IC2007,2020-05-21 09:32:27.300,5349.4000,2658,0,55688520.000,0,-,-,-,-,5347.4000,5347.2000,5346.8000,5345.8000,5345.2000,5348.6000,5349.2000,5350.2000,5350.8000,5351.6000,2,1,2,1,1,1,1,1,1,1
SF,IC2007,2020-05-21 09:32:27.800,5348.6000,2657,-1,56758240.000,1,0,1,双平,S,5347.4000,5347.2000,5346.8000,5345.8000,5345.2000,5349.2000,5350.2000,5350.8000,5351.6000,5352.0000,2,1,2,1,1,1,1,1,1,1
SF,IC2007,2020-05-21 09:32:28.800,5348.6000,2657,0,56758240.000,0,-,-,-,-,5347.4000,5347.2000,5346.8000,5345.8000,5345.2000,5350.2000,5350.8000,5351.6000,5352.0000,5352.4000,2,1,2,1,1,1,1,1,1,1
SF,IC2007,2020-05-21 09:32:29.300,5348.6000,2657,0,56758240.000,0,-,-,-,-,5347.6000,5347.4000,5347.2000,5346.8000,5345.8000,5349.8000,5350.2000,5350.8000,5351.6000,5352.0000,1,2,1,2,1,1,1,1,1,1
SF,IC2007,2020-05-21 09:32:29.800,5348.6000,2657,0,56758240.000,0,-,-,-,-,5347.8000,5347.4000,5347.2000,5346.8000,5345.8000,5349.8000,5350.2000,5350.8000,5351.6000,5352.4000,2,1,1,2,1,1,1,1,1,1
SF,IC2007,2020-05-21 09:32:30.300,5348.6000,2657,0,56758240.000,0,-,-,-,-,5347.8000,5347.4000,5346.8000,5345.8000,5345.2000,5348.6000,5349.6000,5350.2000,5350.8000,5351.6000,1,1,2,1,1,1,1,1,1,1
SF,IC2007,2020-05-21 09:32:30.800,5348.6000,2657,0,56758240.000,0,-,-,-,-,5347.4000,5346.8000,5345.8000,5345.2000,5342.2000,5348.6000,5350.2000,5350.8000,5351.6000,5352.4000,1,2,1,1,1,1,1,1,1,1
SF,IC2007,2020-05-21 09:32:31.300,5348.6000,2657,0,56758240.000,0,-,-,-,-,5346.8000,5345.8000,5345.2000,5342.2000,5342.0000,5348.6000,5350.2000,5350.8000,5351.6000,5352.4000,2,1,1,1,3,1,1,1,1,1
SF,IC2007,2020-05-21 09:32:31.800,5348.6000,2657,0,56758240.000,0,-,-,-,-,5347.0000,5346.8000,5345.8000,5345.2000,5342.2000,5348.6000,5350.2000,5350.8000,5351.0000,5351.6000,3,2,1,1,1,1,1,1,1,1
SF,IC2007,2020-05-21 09:32:32.300,5348.6000,2657,0,56758240.000,0,-,-,-,-,5347.0000,5346.8000,5345.8000,5345.2000,5342.2000,5348.6000,5350.2000,5350.8000,5351.0000,5351.6000,3,2,1,1,1,1,1,1,1,1
SF,IC2007,2020-05-21 09:32:32.800,5348.6000,2657,0,56758240.000,0,-,-,-,-,5347.0000,5346.8000,5345.8000,5345.2000,5342.2000,5348.6000,5350.2000,5350.8000,5351.0000,5351.6000,3,2,1,1,1,1,1,1,1,1
SF,IC2007,2020-05-21 09:32:33.300,5348.6000,2657,0,56758240.000,0,-,-,-,-,5347.0000,5346.8000,5345.8000,5345.2000,5342.2000,5348.4000,5348.6000,5350.2000,5350.8000,5351.0000,1,2,1,1,1,1,1,1,1,1
SF,IC2007,2020-05-21 09:32:33.800,5348.6000,2657,0,56758240.000,0,-,-,-,-,5347.0000,5346.8000,5345.8000,5345.2000,5342.2000,5348.0000,5348.4000,5348.6000,5350.2000,5350.8000,1,2,1,1,1,1,1,1,1,1
SF,IC2007,2020-05-21 09:32:34.800,5348.6000,2657,0,56758240.000,0,-,-,-,-,5346.8000,5345.8000,5345.2000,5342.2000,5342.0000,5348.0000,5348.4000,5348.6000,5350.2000,5350.8000,2,1,1,1,3,1,1,1,1,1
SF,IC2007,2020-05-21 09:32:35.300,5348.6000,2657,0,56758240.000,0,-,-,-,-,5345.8000,5345.2000,5342.2000,5342.0000,5336.2000,5348.0000,5348.6000,5350.2000,5350.8000,5351.0000,1,1,1,3,2,1,1,1,1,1
SF,IC2007,2020-05-21 09:32:35.800,5348.6000,2657,0,56758240.000,0,-,-,-,-,5346.0000,5345.8000,5345.2000,5342.2000,5342.0000,5348.0000,5348.6000,5350.2000,5350.8000,5351.0000,2,1,1,1,3,1,1,1,1,1
SF,IC2007,2020-05-21 09:32:36.300,5348.6000,2657,0,56758240.000,0,-,-,-,-,5346.0000,5345.8000,5345.2000,5342.2000,5342.0000,5348.0000,5348.6000,5350.2000,5350.8000,5351.0000,2,1,1,1,3,1,1,1,1,2
SF,IC2007,2020-05-21 09:32:37.800,5348.6000,2657,0,56758240.000,0,-,-,-,-,5346.0000,5345.8000,5345.2000,5342.2000,5342.0000,5347.8000,5348.0000,5348.6000,5350.2000,5350.8000,2,1,1,1,3,1,1,1,1,1
SF,IC2007,2020-05-21 09:32:38.300,5348.6000,2657,0,56758240.000,0,-,-,-,-,5346.0000,5345.8000,5345.2000,5342.2000,5342.0000,5347.4000,5347.8000,5348.0000,5348.6000,5350.2000,2,1,1,1,3,1,1,1,1,1
SF,IC2007,2020-05-21 09:32:39.800,5347.4000,2656,-1,57827720.000,1,0,1,双平,S,5346.0000,5345.8000,5345.2000,5342.2000,5342.0000,5348.0000,5348.6000,5350.2000,5350.8000,5351.0000,2,1,1,1,3,1,1,1,1,2
SF,IC2007,2020-05-21 09:32:40.300,5347.4000,2656,0,57827720.000,0,-,-,-,-,5346.2000,5346.0000,5345.8000,5345.2000,5342.2000,5348.0000,5348.6000,5350.2000,5350.8000,5351.0000,3,2,1,1,1,1,1,1,1,2
SF,IC2007,2020-05-21 09:32:40.800,5348.0000,2655,-1,58897320.000,1,0,1,双平,S,5346.4000,5346.2000,5346.0000,5345.8000,5345.2000,5348.6000,5350.2000,5350.8000,5351.0000,5351.2000,2,2,1,1,1,1,1,1,2,1
SF,IC2007,2020-05-21 09:32:41.300,5348.0000,2655,0,58897320.000,0,-,-,-,-,5346.6000,5346.4000,5346.2000,5346.0000,5345.8000,5350.2000,5350.8000,5351.2000,5351.4000,5351.6000,2,2,2,1,1,1,1,1,1,1
SF,IC2007,2020-05-21 09:32:41.800,5348.0000,2655,0,58897320.000,0,-,-,-,-,5346.8000,5346.6000,5346.4000,5346.2000,5346.0000,5350.2000,5350.8000,5351.4000,5351.6000,5351.8000,4,2,1,1,1,1,1,1,1,1
SF,IC2007,2020-05-21 09:32:42.300,5348.0000,2655,0,58897320.000,0,-,-,-,-,5347.0000,5346.8000,5346.4000,5346.2000,5346.0000,5350.2000,5350.8000,5351.4000,5351.6000,5352.4000,1,3,1,1,1,1,1,1,1,1
SF,IC2007,2020-05-21 09:32:42.800,5348.0000,2655,0,58897320.000,0,-,-,-,-,5347.2000,5347.0000,5346.8000,5346.4000,5346.2000,5349.8000,5350.2000,5350.8000,5351.4000,5351.6000,5,2,1,1,1,1,1,1,1,1
SF,IC2007,2020-05-21 09:32:43.300,5348.0000,2655,0,58897320.000,0,-,-,-,-,5347.2000,5347.0000,5346.8000,5346.4000,5346.2000,5349.0000,5349.8000,5350.2000,5350.8000,5351.4000,5,2,1,1,1,1,1,1,1,1
SF,IC2007,2020-05-21 09:32:43.800,5348.0000,2655,0,58897320.000,0,-,-,-,-,5347.2000,5347.0000,5346.8000,5346.4000,5346.2000,5349.0000,5350.2000,5350.8000,5351.4000,5351.6000,4,2,1,1,1,1,1,1,1,1
SF,IC2007,2020-05-21 09:32:44.300,5348.0000,2655,0,58897320.000,0,-,-,-,-,5347.4000,5347.2000,5347.0000,5346.8000,5346.4000,5350.2000,5350.8000,5351.4000,5351.6000,5352.4000,1,4,1,1,1,1,1,1,1,1
SF,IC2007,2020-05-21 09:32:44.800,5348.0000,2655,0,58897320.000,0,-,-,-,-,5349.8000,5347.8000,5347.6000,5347.4000,5347.2000,5350.8000,5351.4000,5351.6000,5352.4000,5353.4000,1,1,7,1,3,1,1,1,1,2
SF,IC2007,2020-05-21 09:32:45.300,5348.0000,2655,0,58897320.000,0,-,-,-,-,5349.8000,5348.0000,5347.6000,5347.4000,5347.2000,5350.8000,5351.6000,5352.4000,5353.4000,5353.6000,1,1,7,1,3,1,1,1,1,1
SF,IC2007,2020-05-21 09:32:45.800,5348.0000,2655,0,58897320.000,0,-,-,-,-,5348.0000,5347.6000,5347.4000,5347.2000,5346.8000,5350.8000,5351.6000,5352.4000,5353.4000,5353.6000,1,6,1,3,1,1,1,1,1,1
SF,IC2007,2020-05-21 09:32:46.300,5348.0000,2655,0,58897320.000,0,-,-,-,-,5349.8000,5348.4000,5348.2000,5348.0000,5347.6000,5350.8000,5351.6000,5352.4000,5353.4000,5353.6000,1,1,5,1,4,1,1,1,1,1
SF,IC2007,2020-05-21 09:32:46.800,5348.0000,2655,0,58897320.000,0,-,-,-,-,5349.8000,5348.2000,5348.0000,5347.6000,5347.2000,5350.8000,5351.6000,5352.4000,5353.4000,5353.6000,1,5,1,4,3,1,1,1,1,1
SF,IC2007,2020-05-21 09:32:47.300,5348.0000,2655,0,58897320.000,0,-,-,-,-,5349.8000,5348.2000,5348.0000,5347.6000,5336.2000,5350.8000,5351.6000,5352.4000,5353.4000,5353.6000,1,5,1,1,2,1,1,1,1,1
SF,IC2007,2020-05-21 09:32:48.300,5348.0000,2655,0,58897320.000,0,-,-,-,-,5349.8000,5348.2000,5348.0000,5347.6000,5336.2000,5350.8000,5351.6000,5353.6000,5354.0000,5354.4000,1,5,1,1,2,1,1,1,1,1
SF,IC2007,2020-05-21 09:32:48.800,5348.0000,2655,0,58897320.000,0,-,-,-,-,5349.8000,5348.2000,5348.0000,5347.6000,5336.2000,5350.8000,5351.6000,5353.6000,5354.0000,5354.4000,1,5,1,1,2,1,1,1,1,2
SF,IC2007,2020-05-21 09:32:49.300,5348.0000,2655,0,58897320.000,0,-,-,-,-,5350.0000,5349.8000,5348.2000,5348.0000,5347.6000,5350.8000,5351.6000,5353.6000,5354.0000,5354.4000,1,1,4,1,1,1,1,1,1,2
SF,IC2007,2020-05-21 09:32:49.800,5348.0000,2655,0,58897320.000,0,-,-,-,-,5350.0000,5349.8000,5348.2000,5348.0000,5347.6000,5350.8000,5351.6000,5354.0000,5354.4000,5354.8000,1,1,4,1,1,1,1,1,2,3
SF,IC2007,2020-05-21 09:32:50.300,5348.0000,2655,0,58897320.000,0,-,-,-,-,5349.8000,5348.2000,5348.0000,5347.6000,5336.2000,5350.8000,5351.6000,5354.0000,5354.4000,5354.8000,1,4,1,1,2,1,1,1,2,3
SF,IC2007,2020-05-21 09:32:50.800,5348.0000,2655,0,58897320.000,0,-,-,-,-,5349.8000,5348.2000,5348.0000,5347.6000,5336.2000,5350.8000,5351.6000,5354.0000,5354.4000,5354.8000,1,4,1,1,2,1,1,1,2,3
SF,IC2007,2020-05-21 09:32:52.300,5348.0000,2655,0,58897320.000,0,-,-,-,-,5350.0000,5349.8000,5348.2000,5348.0000,5347.6000,5350.8000,5351.6000,5354.0000,5354.4000,5354.8000,4,1,4,1,1,1,1,1,2,3
SF,IC2007,2020-05-21 09:32:52.800,5348.0000,2655,0,58897320.000,0,-,-,-,-,5350.0000,5349.8000,5348.2000,5348.0000,5347.6000,5350.8000,5351.6000,5354.0000,5354.4000,5354.8000,4,1,4,1,1,1,1,1,2,3
SF,IC2007,2020-05-21 09:32:53.300,5350.8000,2654,-1,59967480.000,1,0,1,双平,S,5350.0000,5349.8000,5348.2000,5348.0000,5347.6000,5351.6000,5354.0000,5354.4000,5354.8000,5356.2000,4,1,4,1,1,1,1,2,3,1
SF,IC2007,2020-05-21 09:32:53.800,5350.8000,2654,0,59967480.000,0,-,-,-,-,5350.0000,5349.8000,5348.2000,5347.6000,5336.2000,5354.0000,5354.4000,5354.8000,5356.2000,5356.4000,4,1,4,1,2,1,2,3,1,4
SF,IC2007,2020-05-21 09:32:54.300,5350.8000,2654,0,59967480.000,0,-,-,-,-,5350.2000,5350.0000,5349.8000,5348.2000,5347.6000,5353.8000,5354.0000,5354.4000,5354.8000,5356.2000,1,1,1,2,1,3,1,2,3,1
SF,IC2007,2020-05-21 09:32:54.800,5350.8000,2654,0,59967480.000,0,-,-,-,-,5350.2000,5350.0000,5349.8000,5348.2000,5347.6000,5353.6000,5353.8000,5354.0000,5354.4000,5354.8000,1,1,1,2,1,1,3,1,2,3
SF,IC2007,2020-05-21 09:32:55.300,5350.8000,2654,0,59967480.000,0,-,-,-,-,5350.2000,5350.0000,5349.8000,5348.2000,5347.6000,5353.4000,5353.6000,5353.8000,5354.0000,5354.4000,1,1,1,2,1,1,1,2,1,2
SF,IC2007,2020-05-21 09:32:55.800,5350.8000,2654,0,59967480.000,0,-,-,-,-,5350.2000,5350.0000,5349.8000,5348.2000,5347.6000,5353.0000,5353.4000,5353.6000,5353.8000,5354.0000,1,1,1,2,1,1,1,1,2,1
SF,IC2007,2020-05-21 09:32:56.300,5350.8000,2654,0,59967480.000,0,-,-,-,-,5350.2000,5350.0000,5349.8000,5348.2000,5347.6000,5352.6000,5352.8000,5353.6000,5353.8000,5354.0000,1,1,1,2,1,1,1,1,2,1
SF,IC2007,2020-05-21 09:32:56.800,5350.8000,2654,0,59967480.000,0,-,-,-,-,5350.2000,5350.0000,5349.8000,5348.2000,5347.6000,5352.8000,5353.6000,5353.8000,5354.0000,5354.4000,1,1,1,2,1,1,1,2,1,2
SF,IC2007,2020-05-21 09:32:58.300,5350.2000,2653,-1,61037520.000,1,0,1,双平,S,5350.0000,5349.8000,5348.2000,5347.6000,5336.2000,5352.8000,5353.6000,5353.8000,5354.0000,5354.4000,1,1,2,1,2,1,1,2,1,2
SF,IC2007,2020-05-21 09:32:58.800,5350.2000,2653,0,61037520.000,0,-,-,-,-,5349.8000,5348.2000,5347.6000,5336.2000,5336.0000,5352.4000,5352.8000,5353.6000,5353.8000,5354.0000,1,2,1,2,5,1,1,1,2,1
SF,IC2007,2020-05-21 09:32:59.300,5352.2000,2653,0,62107960.000,1,0,1,多换,S,5348.2000,5347.6000,5336.2000,5336.0000,5310.2000,5352.2000,5352.4000,5353.6000,5353.8000,5354.0000,2,1,2,5,1,1,1,1,2,1
SF,IC2007,2020-05-21 09:32:59.800,5352.2000,2653,0,62107960.000,0,-,-,-,-,5348.4000,5348.2000,5347.6000,5336.2000,5336.0000,5351.8000,5352.0000,5352.2000,5353.6000,5353.8000,4,2,1,2,5,1,2,1,1,2
SF,IC2007,2020-05-21 09:33:00.300,5352.2000,2653,0,62107960.000,0,-,-,-,-,5348.4000,5348.2000,5347.6000,5336.2000,5336.0000,5351.6000,5351.8000,5352.0000,5353.6000,5353.8000,4,2,1,2,5,2,1,1,1,2
SF,IC2007,2020-05-21 09:33:00.800,5352.2000,2653,0,62107960.000,0,-,-,-,-,5348.6000,5348.4000,5348.2000,5347.6000,5336.2000,5351.2000,5351.6000,5351.8000,5352.0000,5353.6000,1,4,2,1,2,1,2,1,1,1
SF,IC2007,2020-05-21 09:33:01.300,5352.2000,2653,0,62107960.000,0,-,-,-,-,5348.8000,5348.6000,5348.4000,5348.2000,5347.6000,5351.2000,5351.6000,5351.8000,5352.0000,5353.6000,1,1,3,2,1,1,2,1,1,1
SF,IC2007,2020-05-21 09:33:01.800,5352.2000,2653,0,62107960.000,0,-,-,-,-,5348.8000,5348.6000,5348.4000,5348.2000,5347.6000,5351.2000,5351.6000,5351.8000,5352.0000,5353.6000,1,1,3,2,1,1,1,1,1,1
SF,IC2007,2020-05-21 09:33:02.300,5352.2000,2653,0,62107960.000,0,-,-,-,-,5349.8000,5349.0000,5348.8000,5348.6000,5348.4000,5351.2000,5351.6000,5351.8000,5352.0000,5353.6000,1,1,1,1,3,1,1,1,1,1
SF,IC2007,2020-05-21 09:33:02.800,5352.2000,2653,0,62107960.000,0,-,-,-,-,5348.8000,5348.6000,5348.4000,5348.2000,5336.2000,5349.8000,5350.8000,5351.6000,5352.0000,5353.6000,1,1,3,2,2,1,1,1,1,1
SF,IC2007,2020-05-21 09:33:03.300,5350.0000,2653,0,63177960.000,1,0,1,多换,S,5348.8000,5348.6000,5348.4000,5348.2000,5336.2000,5350.8000,5352.0000,5353.6000,5353.8000,5354.0000,1,1,3,2,2,1,1,1,3,1
SF,IC2007,2020-05-21 09:33:03.800,5350.0000,2653,0,63177960.000,0,-,-,-,-,5348.8000,5348.4000,5348.2000,5336.2000,5336.0000,5350.8000,5352.0000,5353.6000,5353.8000,5354.0000,1,3,2,2,5,1,1,1,3,1
SF,IC2007,2020-05-21 09:33:04.800,5350.0000,2653,0,63177960.000,0,-,-,-,-,5349.0000,5348.8000,5348.4000,5348.2000,5336.2000,5350.8000,5352.0000,5353.6000,5353.8000,5354.0000,1,1,3,2,2,1,1,1,3,1
SF,IC2007,2020-05-21 09:33:05.300,5350.0000,2653,0,63177960.000,0,-,-,-,-,5349.8000,5349.2000,5349.0000,5348.4000,5348.2000,5350.8000,5352.0000,5353.6000,5353.8000,5354.0000,1,3,1,3,2,1,1,1,3,1
SF,IC2007,2020-05-21 09:33:05.800,5350.0000,2653,0,63177960.000,0,-,-,-,-,5349.8000,5349.2000,5348.4000,5348.2000,5336.2000,5350.8000,5353.6000,5353.8000,5354.0000,5354.4000,1,3,3,2,2,1,1,3,1,2
SF,IC2007,2020-05-21 09:33:06.300,5350.0000,2653,0,63177960.000,0,-,-,-,-,5349.8000,5349.2000,5348.4000,5348.2000,5336.2000,5353.6000,5353.8000,5354.0000,5354.4000,5354.8000,1,3,3,2,2,1,3,1,2,3
SF,IC2007,2020-05-21 09:33:06.800,5350.0000,2653,0,63177960.000,0,-,-,-,-,5350.0000,5349.8000,5349.2000,5348.4000,5348.2000,5353.4000,5353.6000,5353.8000,5354.0000,5354.4000,2,1,2,3,2,1,1,2,1,2
SF,IC2007,2020-05-21 09:33:07.300,5350.0000,2653,0,63177960.000,0,-,-,-,-,5350.0000,5349.8000,5349.2000,5348.4000,5348.2000,5353.4000,5353.6000,5353.8000,5354.0000,5354.4000,1,1,2,3,2,1,1,2,1,1
SF,IC2007,2020-05-21 09:33:07.800,5350.0000,2653,0,63177960.000,0,-,-,-,-,5350.2000,5350.0000,5349.8000,5349.2000,5348.4000,5353.4000,5353.6000,5353.8000,5354.0000,5354.4000,1,1,1,2,3,1,1,2,1,1
SF,IC2007,2020-05-21 09:33:08.300,5350.0000,2653,0,63177960.000,0,-,-,-,-,5350.4000,5350.2000,5349.8000,5349.2000,5348.4000,5353.4000,5353.6000,5353.8000,5354.0000,5354.4000,1,1,1,2,3,1,1,1,1,1
SF,IC2007,2020-05-21 09:33:08.800,5350.0000,2653,0,63177960.000,0,-,-,-,-,5350.4000,5349.8000,5349.2000,5348.4000,5348.2000,5353.4000,5353.6000,5353.8000,5354.0000,5354.4000,1,1,2,3,2,1,1,1,1,1
SF,IC2007,2020-05-21 09:33:09.300,5350.0000,2653,0,63177960.000,0,-,-,-,-,5349.8000,5349.2000,5348.4000,5348.2000,5336.2000,5353.2000,5353.4000,5353.6000,5353.8000,5354.4000,1,2,3,2,2,1,1,1,1,1
SF,IC2007,2020-05-21 09:33:09.800,5350.0000,2653,0,63177960.000,0,-,-,-,-,5350.0000,5349.8000,5349.2000,5348.4000,5348.2000,5353.4000,5353.6000,5353.8000,5354.4000,5354.8000,2,1,2,3,2,1,1,1,1,1
SF,IC2007,2020-05-21 09:33:11.300,5350.0000,2653,0,63177960.000,0,-,-,-,-,5350.2000,5350.0000,5349.8000,5349.2000,5348.4000,5353.4000,5353.6000,5353.8000,5354.4000,5354.8000,1,2,1,2,3,1,1,1,1,1
SF,IC2007,2020-05-21 09:33:11.800,5350.0000,2653,0,63177960.000,0,-,-,-,-,5350.4000,5350.0000,5349.8000,5349.2000,5348.4000,5353.4000,5353.6000,5353.8000,5354.4000,5354.8000,1,1,1,2,3,1,1,1,1,1
SF,IC2007,2020-05-21 09:33:12.300,5350.0000,2653,0,63177960.000,0,-,-,-,-,5350.4000,5350.0000,5349.8000,5349.2000,5348.4000,5353.2000,5353.4000,5353.6000,5353.8000,5354.4000,1,1,1,2,3,1,1,1,1,1
SF,IC2007,2020-05-21 09:33:12.800,5350.0000,2653,0,63177960.000,0,-,-,-,-,5350.8000,5350.6000,5350.4000,5349.8000,5349.2000,5353.2000,5353.6000,5353.8000,5354.4000,5354.8000,1,4,1,1,2,1,1,1,1,1
SF,IC2007,2020-05-21 09:33:13.300,5350.0000,2653,0,63177960.000,0,-,-,-,-,5350.6000,5350.4000,5349.8000,5349.2000,5348.4000,5353.8000,5354.4000,5354.8000,5355.6000,5356.0000,1,1,1,2,3,1,1,1,1,1
SF,IC2007,2020-05-21 09:33:13.800,5350.0000,2653,0,63177960.000,0,-,-,-,-,5349.8000,5349.2000,5348.4000,5348.2000,5336.2000,5353.4000,5353.6000,5354.4000,5354.8000,5355.6000,1,2,3,2,2,1,1,1,1,1
SF,IC2007,2020-05-21 09:33:14.300,5350.0000,2653,0,63177960.000,0,-,-,-,-,5350.0000,5349.8000,5349.2000,5348.4000,5348.2000,5353.6000,5354.4000,5354.8000,5355.6000,5356.0000,3,1,2,3,2,1,1,1,1,1
SF,IC2007,2020-05-21 09:33:14.800,5350.0000,2653,0,63177960.000,0,-,-,-,-,5350.0000,5349.8000,5349.2000,5348.4000,5348.2000,5353.6000,5354.4000,5354.8000,5355.6000,5356.0000,2,1,2,3,2,1,1,1,1,1
SF,IC2007,2020-05-21 09:33:15.300,5350.0000,2653,0,63177960.000,0,-,-,-,-,5350.0000,5349.8000,5349.2000,5348.4000,5348.2000,5353.6000,5354.4000,5354.8000,5355.6000,5356.0000,2,1,2,3,2,1,1,1,1,1
SF,IC2007,2020-05-21 09:33:15.800,5350.0000,2653,0,63177960.000,0,-,-,-,-,5350.2000,5350.0000,5349.8000,5349.2000,5348.4000,5354.4000,5354.8000,5355.6000,5356.0000,5356.2000,1,2,1,2,3,1,1,1,1,1
SF,IC2007,2020-05-21 09:33:16.300,5350.0000,2653,0,63177960.000,0,-,-,-,-,5350.4000,5350.2000,5349.8000,5349.2000,5348.4000,5354.2000,5354.4000,5354.8000,5355.6000,5356.0000,2,1,1,2,3,2,1,1,1,1
SF,IC2007,2020-05-21 09:33:16.800,5350.0000,2653,0,63177960.000,0,-,-,-,-,5350.8000,5350.6000,5350.4000,5350.2000,5349.8000,5354.0000,5354.2000,5354.4000,5354.8000,5355.6000,1,2,2,1,1,1,2,1,1,1
SF,IC2007,2020-05-21 09:33:17.300,5350.0000,2653,0,63177960.000,0,-,-,-,-,5351.0000,5349.8000,5349.2000,5348.4000,5348.2000,5353.6000,5354.0000,5354.2000,5354.4000,5354.8000,1,1,2,3,2,1,1,2,1,1
SF,IC2007,2020-05-21 09:33:17.800,5350.0000,2653,0,63177960.000,0,-,-,-,-,5349.8000,5349.2000,5348.4000,5348.2000,5336.2000,5353.4000,5353.6000,5354.2000,5354.4000,5354.8000,1,2,3,2,2,1,1,2,1,1
SF,IC2007,2020-05-21 09:33:18.300,5350.0000,2653,0,64247960.000,1,0,1,多换,S,5350.0000,5349.8000,5349.2000,5348.4000,5348.2000,5353.4000,5354.2000,5354.4000,5354.8000,5355.6000,1,1,2,3,2,1,2,1,1,1
SF,IC2007,2020-05-21 09:33:19.300,5350.0000,2653,0,64247960.000,0,-,-,-,-,5350.2000,5350.0000,5349.8000,5349.2000,5348.4000,5353.4000,5354.2000,5354.4000,5354.8000,5355.6000,1,1,1,2,3,1,2,1,1,1
SF,IC2007,2020-05-21 09:33:19.800,5350.0000,2653,0,64247960.000,0,-,-,-,-,5350.4000,5350.2000,5349.8000,5349.2000,5348.4000,5353.4000,5354.2000,5354.4000,5354.8000,5355.6000,2,1,1,2,3,1,2,1,1,1
SF,IC2007,2020-05-21 09:33:20.300,5350.0000,2653,0,64247960.000,0,-,-,-,-,5350.6000,5350.4000,5349.8000,5349.2000,5348.4000,5353.4000,5354.2000,5354.4000,5354.8000,5355.6000,3,2,1,2,3,1,2,1,1,1
SF,IC2007,2020-05-21 09:33:20.800,5350.0000,2653,0,64247960.000,0,-,-,-,-,5351.0000,5350.8000,5350.6000,5350.4000,5349.8000,5353.4000,5354.2000,5354.4000,5354.8000,5355.6000,1,1,4,1,1,1,2,1,1,1
SF,IC2007,2020-05-21 09:33:21.300,5350.0000,2653,0,64247960.000,0,-,-,-,-,5351.4000,5351.2000,5351.0000,5350.6000,5350.4000,5353.4000,5354.2000,5354.4000,5354.8000,5355.6000,1,1,1,3,1,1,2,1,1,1
SF,IC2007,2020-05-21 09:33:21.800,5350.0000,2653,0,64247960.000,0,-,-,-,-,5351.4000,5351.2000,5351.0000,5350.6000,5350.4000,5354.2000,5354.4000,5354.8000,5355.6000,5356.0000,1,1,1,3,1,1,1,1,1,1
SF,IC2007,2020-05-21 09:33:22.300,5350.0000,2653,0,64247960.000,0,-,-,-,-,5351.6000,5351.4000,5350.6000,5350.4000,5349.8000,5354.0000,5354.4000,5354.8000,5355.6000,5356.0000,1,1,3,1,1,1,1,1,1,1
SF,IC2007,2020-05-21 09:33:23.300,5350.0000,2653,0,64247960.000,0,-,-,-,-,5351.4000,5350.6000,5350.4000,5349.8000,5336.2000,5354.0000,5354.4000,5354.8000,5355.6000,5356.2000,1,3,1,1,2,1,1,1,1,1
SF,IC2007,2020-05-21 09:33:23.800,5350.0000,2653,0,64247960.000,0,-,-,-,-,5351.6000,5351.4000,5350.6000,5350.4000,5349.8000,5354.0000,5354.4000,5354.8000,5355.6000,5356.2000,1,1,3,1,1,1,1,1,1,1
SF,IC2007,2020-05-21 09:33:24.300,5351.4000,2654,1,65318240.000,1,1,0,双开,S,5351.6000,5351.4000,5350.6000,5350.4000,5349.8000,5354.0000,5354.4000,5355.6000,5356.2000,5356.8000,1,1,3,1,1,1,1,1,1,2
SF,IC2007,2020-05-21 09:33:26.800,5351.4000,2654,0,65318240.000,0,-,-,-,-,5351.6000,5351.4000,5350.6000,5350.4000,5349.8000,5353.6000,5354.0000,5354.4000,5355.6000,5356.2000,1,1,3,1,1,1,1,1,1,1
SF,IC2007,2020-05-21 09:33:27.800,5351.4000,2654,0,65318240.000,0,-,-,-,-,5350.6000,5350.4000,5349.8000,5336.2000,5336.0000,5353.4000,5354.0000,5354.4000,5355.6000,5356.2000,3,1,1,2,5,2,1,1,1,1
SF,IC2007,2020-05-21 09:33:28.300,5351.4000,2654,0,65318240.000,0,-,-,-,-,5350.8000,5350.6000,5349.8000,5336.2000,5336.0000,5353.2000,5354.4000,5355.6000,5356.2000,5356.8000,1,3,1,2,5,2,1,1,1,2
SF,IC2007,2020-05-21 09:33:28.800,5351.4000,2654,0,65318240.000,0,-,-,-,-,5350.8000,5349.8000,5336.2000,5336.0000,5310.2000,5353.2000,5354.4000,5355.6000,5356.2000,5356.8000,1,1,2,5,1,2,1,1,1,2
SF,IC2007,2020-05-21 09:33:29.300,5351.4000,2654,0,65318240.000,0,-,-,-,-,5349.8000,5336.2000,5336.0000,5310.2000,5284.6000,5352.8000,5353.2000,5354.4000,5355.6000,5356.2000,1,2,5,1,8,1,2,1,1,1
SF,IC2007,2020-05-21 09:33:29.800,5351.4000,2654,0,65318240.000,0,-,-,-,-,5350.0000,5349.8000,5336.2000,5336.0000,5310.2000,5352.6000,5352.8000,5354.4000,5355.6000,5356.2000,2,1,2,5,1,2,1,1,1,1
SF,IC2007,2020-05-21 09:33:30.800,5351.4000,2654,0,65318240.000,0,-,-,-,-,5350.2000,5350.0000,5349.8000,5336.2000,5336.0000,5352.6000,5352.8000,5354.4000,5355.6000,5356.2000,2,2,1,2,5,2,1,1,1,1
SF,IC2007,2020-05-21 09:33:31.300,5351.4000,2654,0,65318240.000,0,-,-,-,-,5350.4000,5350.2000,5350.0000,5349.8000,5336.2000,5352.6000,5354.4000,5355.6000,5356.2000,5356.8000,1,2,2,1,2,2,1,1,1,2
SF,IC2007,2020-05-21 09:33:31.800,5351.4000,2654,0,65318240.000,0,-,-,-,-,5350.6000,5350.4000,5350.2000,5350.0000,5349.8000,5354.4000,5355.6000,5356.2000,5356.8000,5357.2000,2,1,1,2,1,1,1,1,2,1
SF,IC2007,2020-05-21 09:33:32.300,5351.4000,2654,0,65318240.000,0,-,-,-,-,5350.8000,5350.6000,5350.4000,5350.2000,5350.0000,5354.2000,5354.4000,5355.6000,5356.2000,5356.8000,2,2,1,1,2,2,1,1,1,2
SF,IC2007,2020-05-21 09:33:32.800,5351.4000,2654,0,65318240.000,0,-,-,-,-,5351.0000,5350.8000,5350.6000,5350.4000,5350.0000,5354.2000,5354.4000,5355.6000,5356.2000,5356.8000,1,2,1,1,2,2,1,1,1,2
SF,IC2007,2020-05-21 09:33:33.300,5351.4000,2654,0,65318240.000,0,-,-,-,-,5351.0000,5350.8000,5350.4000,5350.0000,5349.8000,5354.2000,5354.4000,5355.6000,5356.2000,5356.8000,2,2,1,2,1,2,1,1,1,2
SF,IC2007,2020-05-21 09:33:34.800,5351.4000,2654,0,65318240.000,0,-,-,-,-,5351.0000,5350.8000,5350.4000,5350.0000,5349.8000,5353.8000,5354.2000,5354.4000,5355.6000,5356.2000,2,2,1,2,1,1,2,1,1,1
SF,IC2007,2020-05-21 09:33:35.300,5351.4000,2654,0,65318240.000,0,-,-,-,-,5351.0000,5350.8000,5350.4000,5350.0000,5349.8000,5353.6000,5353.8000,5354.2000,5354.4000,5355.6000,2,2,1,2,1,1,1,1,1,1
SF,IC2007,2020-05-21 09:33:36.300,5351.4000,2654,0,65318240.000,0,-,-,-,-,5351.0000,5350.4000,5350.0000,5349.8000,5336.2000,5353.6000,5353.8000,5354.2000,5354.4000,5355.6000,2,1,2,1,2,1,1,1,1,1
SF,IC2007,2020-05-21 09:33:36.800,5351.4000,2654,0,65318240.000,0,-,-,-,-,5351.0000,5350.4000,5350.0000,5349.8000,5336.2000,5353.4000,5353.6000,5353.8000,5354.4000,5355.6000,1,1,2,1,2,1,1,1,1,1
SF,IC2007,2020-05-21 09:33:37.300,5351.4000,2654,0,65318240.000,0,-,-,-,-,5350.4000,5350.0000,5349.8000,5336.2000,5336.0000,5353.4000,5353.6000,5354.4000,5355.6000,5356.2000,1,2,1,2,5,1,1,1,1,1
SF,IC2007,2020-05-21 09:33:37.800,5351.4000,2654,0,65318240.000,0,-,-,-,-,5350.6000,5350.4000,5350.0000,5349.8000,5336.2000,5353.2000,5353.4000,5354.4000,5355.6000,5356.2000,2,1,2,1,2,1,1,1,1,1
SF,IC2007,2020-05-21 09:33:38.300,5351.4000,2654,0,65318240.000,0,-,-,-,-,5350.6000,5350.4000,5350.0000,5349.8000,5336.2000,5353.2000,5353.4000,5354.4000,5355.6000,5356.2000,3,1,2,1,2,1,1,1,1,1
SF,IC2007,2020-05-21 09:33:41.800,5351.4000,2654,0,65318240.000,0,-,-,-,-,5351.0000,5350.6000,5350.4000,5350.0000,5349.8000,5353.2000,5353.4000,5354.4000,5355.6000,5356.2000,1,2,1,2,1,1,1,1,1,1
SF,IC2007,2020-05-21 09:33:42.300,5351.4000,2654,0,65318240.000,0,-,-,-,-,5351.2000,5351.0000,5350.6000,5350.4000,5350.0000,5355.6000,5356.2000,5356.8000,5357.2000,5358.0000,3,1,1,1,2,1,1,2,1,3
SF,IC2007,2020-05-21 09:33:42.800,5351.4000,2654,0,65318240.000,0,-,-,-,-,5351.2000,5351.0000,5350.6000,5350.4000,5350.0000,5355.0000,5355.4000,5355.6000,5356.2000,5356.8000,3,1,1,1,2,1,3,1,2,2
SF,IC2007,2020-05-21 09:33:43.300,5351.4000,2654,0,65318240.000,0,-,-,-,-,5351.4000,5351.2000,5351.0000,5350.6000,5350.4000,5355.0000,5355.4000,5355.6000,5356.2000,5356.8000,1,3,1,1,1,1,2,1,2,2
SF,IC2007,2020-05-21 09:33:43.800,5351.4000,2654,0,65318240.000,0,-,-,-,-,5351.6000,5351.4000,5351.2000,5351.0000,5350.6000,5354.8000,5355.0000,5355.4000,5355.6000,5356.2000,3,1,2,1,1,1,1,2,1,2
SF,IC2007,2020-05-21 09:33:44.300,5351.4000,2654,0,65318240.000,0,-,-,-,-,5351.8000,5351.6000,5351.2000,5351.0000,5350.6000,5355.0000,5355.4000,5355.6000,5356.2000,5357.2000,1,3,2,1,1,1,2,1,2,1
SF,IC2007,2020-05-21 09:33:44.800,5351.4000,2654,0,65318240.000,0,-,-,-,-,5352.0000,5351.8000,5351.6000,5351.2000,5350.6000,5355.4000,5355.6000,5356.2000,5357.2000,5358.0000,3,1,2,2,1,1,1,2,1,3
SF,IC2007,2020-05-21 09:33:45.300,5351.4000,2654,0,65318240.000,0,-,-,-,-,5352.2000,5352.0000,5351.8000,5351.6000,5351.2000,5355.2000,5355.4000,5355.6000,5356.2000,5357.2000,1,1,1,2,2,1,1,1,2,1
SF,IC2007,2020-05-21 09:33:45.800,5351.4000,2654,0,65318240.000,0,-,-,-,-,5352.4000,5352.2000,5351.8000,5351.6000,5351.2000,5355.2000,5355.4000,5356.2000,5358.0000,5358.2000,1,1,1,2,2,1,1,2,3,1
SF,IC2007,2020-05-21 09:33:46.300,5351.4000,2654,0,65318240.000,0,-,-,-,-,5352.4000,5352.2000,5351.8000,5351.6000,5351.2000,5355.2000,5355.4000,5356.2000,5358.0000,5358.2000,1,1,1,2,2,1,1,2,3,1
SF,IC2007,2020-05-21 09:33:46.800,5351.4000,2654,0,65318240.000,0,-,-,-,-,5352.4000,5352.2000,5351.8000,5351.6000,5351.2000,5355.2000,5355.4000,5356.2000,5358.0000,5358.2000,1,1,1,2,2,1,1,2,3,1
SF,IC2007,2020-05-21 09:33:47.300,5351.4000,2654,0,65318240.000,0,-,-,-,-,5352.4000,5352.2000,5351.8000,5351.6000,5351.2000,5355.2000,5355.4000,5356.2000,5357.4000,5358.0000,1,1,1,2,2,1,1,2,1,3
SF,IC2007,2020-05-21 09:33:49.800,5351.4000,2654,0,65318240.000,0,-,-,-,-,5352.4000,5352.2000,5351.8000,5351.6000,5351.2000,5354.8000,5355.2000,5355.4000,5356.2000,5357.4000,1,1,1,2,2,1,1,1,2,1
SF,IC2007,2020-05-21 09:33:50.300,5351.4000,2654,0,65318240.000,0,-,-,-,-,5352.4000,5352.2000,5351.8000,5351.6000,5351.2000,5355.2000,5355.4000,5356.2000,5357.4000,5358.0000,1,1,1,2,2,1,1,2,1,3
SF,IC2007,2020-05-21 09:33:50.800,5351.4000,2654,0,65318240.000,0,-,-,-,-,5352.4000,5352.2000,5351.8000,5351.6000,5351.2000,5354.8000,5355.2000,5355.4000,5356.2000,5357.4000,1,1,1,2,2,1,1,1,2,1
SF,IC2007,2020-05-21 09:33:51.300,5351.4000,2654,0,65318240.000,0,-,-,-,-,5352.4000,5351.6000,5351.2000,5350.6000,5350.4000,5354.6000,5354.8000,5355.4000,5356.2000,5357.4000,1,2,2,1,1,1,1,1,2,1
SF,IC2007,2020-05-21 09:33:51.800,5351.4000,2654,0,65318240.000,0,-,-,-,-,5351.6000,5351.2000,5350.6000,5350.4000,5350.0000,5354.6000,5354.8000,5355.4000,5356.2000,5357.4000,2,2,1,1,2,1,1,1,2,1
SF,IC2007,2020-05-21 09:33:52.300,5351.4000,2654,0,65318240.000,0,-,-,-,-,5351.8000,5351.2000,5350.6000,5350.4000,5350.0000,5354.6000,5354.8000,5355.4000,5356.2000,5357.4000,1,2,1,1,2,1,1,1,2,1
SF,IC2007,2020-05-21 09:33:52.800,5351.4000,2654,0,65318240.000,0,-,-,-,-,5351.8000,5351.2000,5350.6000,5350.4000,5350.0000,5354.6000,5355.4000,5356.2000,5357.4000,5358.0000,1,2,1,1,2,1,1,2,1,3
SF,IC2007,2020-05-21 09:33:53.800,5351.4000,2654,0,65318240.000,0,-,-,-,-,5351.8000,5351.2000,5350.6000,5350.4000,5350.0000,5354.2000,5354.6000,5355.4000,5356.2000,5357.4000,1,2,1,1,2,1,1,1,2,1
SF,IC2007,2020-05-21 09:33:54.300,5351.4000,2654,0,65318240.000,0,-,-,-,-,5351.8000,5351.2000,5350.6000,5350.4000,5350.0000,5354.6000,5355.4000,5356.2000,5357.4000,5358.0000,1,2,1,1,2,1,1,2,1,3
SF,IC2007,2020-05-21 09:33:54.800,5351.4000,2654,0,65318240.000,0,-,-,-,-,5351.8000,5351.2000,5350.6000,5350.4000,5350.0000,5354.6000,5355.4000,5356.2000,5357.4000,5358.0000,1,2,1,1,2,1,1,2,1,2
SF,IC2007,2020-05-21 09:33:55.800,5351.4000,2654,0,65318240.000,0,-,-,-,-,5351.8000,5351.2000,5350.6000,5350.4000,5350.0000,5354.2000,5354.6000,5355.4000,5356.2000,5357.4000,1,2,1,1,2,1,1,1,2,1
SF,IC2007,2020-05-21 09:33:56.300,5351.6000,2654,0,66388560.000,1,0,1,多换,S,5350.4000,5350.0000,5349.8000,5336.2000,5336.0000,5353.8000,5354.0000,5355.4000,5356.2000,5357.4000,1,2,1,2,5,2,1,1,2,1
SF,IC2007,2020-05-21 09:33:56.800,5351.6000,2654,0,66388560.000,0,-,-,-,-,5350.0000,5349.8000,5336.2000,5336.0000,5310.2000,5353.6000,5353.8000,5355.4000,5356.2000,5357.4000,2,1,2,5,1,2,2,1,2,1
SF,IC2007,2020-05-21 09:33:57.300,5351.6000,2654,0,66388560.000,0,-,-,-,-,5349.8000,5336.2000,5336.0000,5310.2000,5284.6000,5353.6000,5355.4000,5356.2000,5357.4000,5358.0000,1,2,5,1,8,2,1,2,1,2
SF,IC2007,2020-05-21 09:33:59.300,5353.4000,2655,1,67459240.000,1,1,0,双开,S,5350.0000,5349.8000,5336.2000,5336.0000,5310.2000,5353.6000,5355.4000,5356.2000,5357.4000,5358.0000,1,1,2,5,1,2,1,2,1,2
SF,IC2007,2020-05-21 09:33:59.800,5353.4000,2655,0,67459240.000,0,-,-,-,-,5349.8000,5336.2000,5336.0000,5310.2000,5284.6000,5353.2000,5353.6000,5355.4000,5356.2000,5357.4000,1,2,5,1,8,3,2,1,2,1
SF,IC2007,2020-05-21 09:34:00.300,5353.4000,2655,0,67459240.000,0,-,-,-,-,5349.8000,5336.2000,5336.0000,5310.2000,5284.6000,5353.0000,5353.2000,5356.2000,5357.4000,5358.0000,1,2,5,1,8,2,3,2,1,2
SF,IC2007,2020-05-21 09:34:00.800,5353.4000,2655,0,67459240.000,0,-,-,-,-,5349.8000,5336.2000,5336.0000,5310.2000,5284.6000,5352.6000,5352.8000,5353.0000,5353.2000,5356.2000,1,2,5,1,8,2,1,2,3,2
SF,IC2007,2020-05-21 09:34:01.300,5353.4000,2655,0,67459240.000,0,-,-,-,-,5336.2000,5336.0000,5310.2000,5284.6000,5209.0000,5352.2000,5352.4000,5352.8000,5353.2000,5356.2000,2,5,1,8,1,2,2,1,3,1
SF,IC2007,2020-05-21 09:34:01.800,5353.4000,2655,0,67459240.000,0,-,-,-,-,5347.0000,5345.6000,5345.2000,5342.4000,5341.8000,5352.0000,5352.8000,5353.2000,5356.2000,5357.4000,1,1,1,1,1,1,1,2,1,1
SF,IC2007,2020-05-21 09:34:02.300,5353.4000,2655,0,67459240.000,0,-,-,-,-,5349.8000,5347.2000,5347.0000,5345.6000,5342.4000,5352.0000,5352.8000,5353.2000,5356.2000,5357.4000,1,6,1,1,1,1,1,2,1,1
SF,IC2007,2020-05-21 09:34:02.800,5353.4000,2655,0,67459240.000,0,-,-,-,-,5349.8000,5347.4000,5347.2000,5347.0000,5345.6000,5351.6000,5352.0000,5352.8000,5353.2000,5356.2000,1,1,6,1,1,1,1,1,2,1
SF,IC2007,2020-05-21 09:34:03.300,5353.4000,2655,0,67459240.000,0,-,-,-,-,5349.8000,5347.4000,5347.2000,5347.0000,5345.6000,5351.6000,5352.0000,5352.8000,5353.2000,5354.2000,1,1,6,1,1,2,1,1,1,1
SF,IC2007,2020-05-21 09:34:03.800,5349.8000,2655,0,68529200.000,1,0,1,多换,S,5347.4000,5347.2000,5347.0000,5345.6000,5342.4000,5351.4000,5351.6000,5352.8000,5354.2000,5356.2000,1,6,1,1,1,2,2,1,1,1
SF,IC2007,2020-05-21 09:34:04.300,5349.8000,2655,0,68529200.000,0,-,-,-,-,5347.6000,5347.4000,5347.2000,5347.0000,5345.6000,5351.4000,5351.6000,5352.8000,5354.2000,5356.2000,4,1,4,1,1,2,1,1,1,1
SF,IC2007,2020-05-21 09:34:04.800,5349.8000,2655,0,68529200.000,0,-,-,-,-,5347.6000,5347.2000,5345.6000,5341.8000,5340.4000,5351.4000,5351.6000,5352.8000,5353.4000,5354.2000,3,3,1,1,1,2,1,1,1,1
SF,IC2007,2020-05-21 09:34:05.300,5349.8000,2655,0,68529200.000,0,-,-,-,-,5341.8000,5340.4000,5336.4000,5336.2000,5336.0000,5351.2000,5351.4000,5351.6000,5352.8000,5353.4000,1,1,4,3,5,1,2,1,1,1
SF,IC2007,2020-05-21 09:34:05.800,5349.8000,2655,0,68529200.000,0,-,-,-,-,5345.4000,5345.2000,5344.0000,5342.0000,5341.8000,5351.0000,5351.2000,5351.6000,5352.8000,5353.4000,1,1,1,8,1,1,1,1,1,1
SF,IC2007,2020-05-21 09:34:06.300,5349.8000,2655,0,68529200.000,0,-,-,-,-,5345.6000,5345.4000,5344.0000,5342.0000,5341.8000,5349.8000,5350.8000,5351.0000,5351.6000,5352.8000,3,1,1,5,1,1,1,1,1,1
SF,IC2007,2020-05-21 09:34:06.800,5349.8000,2655,0,68529200.000,0,-,-,-,-,5346.0000,5345.6000,5342.0000,5341.8000,5340.4000,5349.4000,5349.6000,5349.8000,5352.8000,5353.4000,1,3,5,1,1,1,3,1,1,1
SF,IC2007,2020-05-21 09:34:07.300,5349.8000,2655,0,68529200.000,0,-,-,-,-,5346.2000,5346.0000,5345.6000,5342.0000,5341.8000,5349.2000,5349.4000,5349.6000,5349.8000,5352.8000,3,1,2,5,1,2,1,1,1,1
SF,IC2007,2020-05-21 09:34:07.800,5349.8000,2655,0,68529200.000,0,-,-,-,-,5346.2000,5346.0000,5345.6000,5342.0000,5341.8000,5349.2000,5349.4000,5349.6000,5349.8000,5352.8000,3,1,2,5,1,2,1,1,1,1
SF,IC2007,2020-05-21 09:34:08.300,5349.8000,2655,0,68529200.000,0,-,-,-,-,5346.2000,5346.0000,5345.6000,5342.0000,5341.8000,5349.2000,5349.4000,5349.6000,5352.8000,5353.4000,3,1,2,5,1,2,1,1,1,1
SF,IC2007,2020-05-21 09:34:08.800,5349.8000,2655,0,68529200.000,0,-,-,-,-,5346.4000,5346.2000,5346.0000,5345.6000,5342.0000,5349.2000,5349.4000,5349.6000,5352.8000,5353.4000,1,3,1,1,5,2,1,1,1,1
SF,IC2007,2020-05-21 09:34:09.300,5349.8000,2655,0,68529200.000,0,-,-,-,-,5346.6000,5346.4000,5346.2000,5346.0000,5345.6000,5348.8000,5349.0000,5349.2000,5349.4000,5352.8000,1,1,3,1,1,1,1,2,1,1
SF,IC2007,2020-05-21 09:34:10.300,5349.8000,2655,0,68529200.000,0,-,-,-,-,5346.2000,5346.0000,5345.6000,5342.0000,5341.8000,5348.4000,5348.6000,5348.8000,5349.0000,5349.2000,3,1,1,5,1,1,1,1,1,1
SF,IC2007,2020-05-21 09:34:10.800,5349.8000,2655,0,68529200.000,0,-,-,-,-,5346.4000,5346.2000,5345.6000,5342.0000,5341.8000,5348.4000,5348.6000,5348.8000,5349.0000,5349.2000,1,2,1,5,1,1,1,1,1,1
SF,IC2007,2020-05-21 09:34:11.300,5349.8000,2655,0,68529200.000,0,-,-,-,-,5345.6000,5342.0000,5341.8000,5340.4000,5338.4000,5348.2000,5348.4000,5349.2000,5352.8000,5353.4000,1,5,1,1,2,4,1,1,1,1
SF,IC2007,2020-05-21 09:34:11.800,5349.8000,2655,0,68529200.000,0,-,-,-,-,5342.0000,5341.8000,5340.4000,5338.4000,5336.4000,5348.2000,5348.4000,5349.2000,5352.8000,5353.4000,5,1,1,2,4,4,1,1,1,1
SF,IC2007,2020-05-21 09:34:12.300,5349.8000,2655,0,68529200.000,0,-,-,-,-,5343.4000,5342.2000,5342.0000,5341.8000,5340.4000,5348.0000,5348.2000,5348.4000,5352.8000,5353.4000,1,5,5,1,1,1,2,1,1,1
SF,IC2007,2020-05-21 09:34:12.800,5349.8000,2655,0,68529200.000,0,-,-,-,-,5343.6000,5343.4000,5342.2000,5342.0000,5341.8000,5347.8000,5348.0000,5348.4000,5352.8000,5353.4000,5,1,3,5,1,1,1,1,1,1
SF,IC2007,2020-05-21 09:34:13.300,5349.8000,2655,0,68529200.000,0,-,-,-,-,5343.6000,5343.4000,5342.2000,5342.0000,5341.8000,5347.6000,5347.8000,5348.4000,5352.8000,5353.4000,5,1,3,5,1,1,1,1,1,1
SF,IC2007,2020-05-21 09:34:13.800,5349.8000,2655,0,68529200.000,0,-,-,-,-,5344.0000,5343.8000,5343.6000,5343.4000,5342.2000,5347.2000,5347.4000,5347.6000,5352.8000,5353.4000,1,2,5,1,3,1,1,1,1,1
SF,IC2007,2020-05-21 09:34:14.300,5349.8000,2655,0,68529200.000,0,-,-,-,-,5344.2000,5344.0000,5343.8000,5343.6000,5343.4000,5346.8000,5347.0000,5347.2000,5347.4000,5352.8000,5,2,2,3,1,1,1,1,1,1
SF,IC2007,2020-05-21 09:34:14.800,5349.8000,2655,0,68529200.000,0,-,-,-,-,5344.2000,5344.0000,5343.8000,5343.6000,5343.4000,5346.8000,5347.0000,5347.2000,5347.4000,5352.8000,5,2,2,3,1,1,1,1,1,1
SF,IC2007,2020-05-21 09:34:15.300,5349.8000,2655,0,68529200.000,0,-,-,-,-,5344.2000,5344.0000,5343.8000,5343.6000,5343.4000,5346.8000,5347.0000,5347.2000,5347.4000,5352.8000,5,2,2,3,1,1,1,1,1,1
SF,IC2007,2020-05-21 09:34:16.800,5349.8000,2655,0,68529200.000,0,-,-,-,-,5344.8000,5344.2000,5344.0000,5343.8000,5343.6000,5347.0000,5347.2000,5347.4000,5352.8000,5353.8000,1,5,1,2,3,1,1,1,1,2
SF,IC2007,2020-05-21 09:34:17.300,5349.8000,2655,0,68529200.000,0,-,-,-,-,5345.0000,5344.8000,5344.4000,5344.2000,5343.8000,5347.4000,5352.8000,5353.8000,5354.2000,5356.2000,1,1,1,4,2,1,1,2,1,1
SF,IC2007,2020-05-21 09:34:17.800,5349.8000,2655,0,68529200.000,0,-,-,-,-,5345.2000,5345.0000,5344.8000,5344.4000,5344.2000,5352.8000,5353.8000,5354.2000,5356.2000,5357.2000,1,1,1,1,3,1,2,1,1,1
SF,IC2007,2020-05-21 09:34:18.300,5349.8000,2655,0,68529200.000,0,-,-,-,-,5345.4000,5344.8000,5344.4000,5344.2000,5343.6000,5349.6000,5349.8000,5352.4000,5352.6000,5353.8000,1,1,1,3,3,1,1,2,4,2
SF,IC2007,2020-05-21 09:34:18.800,5349.8000,2655,0,68529200.000,0,-,-,-,-,5345.4000,5344.8000,5344.4000,5344.2000,5343.6000,5349.4000,5349.8000,5352.4000,5352.6000,5353.8000,1,1,1,3,3,4,1,2,1,2
SF,IC2007,2020-05-21 09:34:19.300,5349.8000,2655,0,68529200.000,0,-,-,-,-,5345.4000,5344.8000,5344.4000,5344.2000,5343.6000,5349.4000,5349.8000,5352.4000,5352.6000,5353.8000,1,1,1,3,3,5,1,2,1,2
SF,IC2007,2020-05-21 09:34:20.800,5349.8000,2655,0,68529200.000,0,-,-,-,-,5345.4000,5344.8000,5344.2000,5343.6000,5342.0000,5349.4000,5349.8000,5352.4000,5352.6000,5353.8000,1,1,3,3,2,6,1,2,1,2
SF,IC2007,2020-05-21 09:34:21.300,5349.8000,2655,0,68529200.000,0,-,-,-,-,5344.8000,5344.2000,5343.6000,5342.0000,5341.8000,5349.0000,5349.4000,5349.8000,5352.4000,5352.6000,1,3,3,2,1,1,6,1,1,1
SF,IC2007,2020-05-21 09:34:21.800,5349.8000,2655,0,68529200.000,0,-,-,-,-,5345.0000,5344.8000,5344.2000,5343.6000,5342.0000,5348.8000,5349.0000,5349.4000,5349.8000,5352.6000,3,1,3,3,2,2,2,3,1,1
SF,IC2007,2020-05-21 09:34:22.300,5349.8000,2655,0,68529200.000,0,-,-,-,-,5345.0000,5344.8000,5344.2000,5343.6000,5342.0000,5348.6000,5348.8000,5349.0000,5349.4000,5349.8000,3,1,3,3,2,1,2,2,3,1
SF,IC2007,2020-05-21 09:34:22.800,5349.8000,2655,0,68529200.000,0,-,-,-,-,5345.0000,5344.8000,5344.2000,5343.6000,5342.0000,5348.0000,5348.4000,5348.6000,5349.0000,5349.4000,3,1,3,3,2,1,2,1,2,3
SF,IC2007,2020-05-21 09:34:23.300,5349.8000,2655,0,68529200.000,0,-,-,-,-,5345.0000,5344.8000,5344.2000,5343.6000,5342.0000,5347.8000,5348.0000,5348.6000,5349.0000,5349.4000,3,1,3,3,2,2,1,1,2,3
SF,IC2007,2020-05-21 09:34:24.300,5349.8000,2655,0,68529200.000,0,-,-,-,-,5345.0000,5344.8000,5344.2000,5343.6000,5342.0000,5347.4000,5347.8000,5348.0000,5348.6000,5349.0000,2,1,3,3,2,1,2,1,1,2
SF,IC2007,2020-05-21 09:34:24.800,5349.8000,2655,0,68529200.000,0,-,-,-,-,5345.0000,5344.8000,5344.2000,5343.6000,5342.0000,5347.4000,5347.8000,5348.0000,5348.6000,5349.0000,2,1,3,3,2,1,2,1,1,1
SF,IC2007,2020-05-21 09:34:25.300,5349.8000,2655,0,68529200.000,0,-,-,-,-,5345.0000,5344.2000,5343.6000,5342.0000,5341.8000,5347.4000,5347.8000,5348.0000,5348.6000,5349.0000,2,3,3,2,1,1,2,1,1,1
SF,IC2007,2020-05-21 09:34:25.800,5349.8000,2655,0,68529200.000,0,-,-,-,-,5345.0000,5344.2000,5343.6000,5342.0000,5341.8000,5347.0000,5347.4000,5347.8000,5348.0000,5348.6000,2,3,3,2,1,1,1,2,1,1
SF,IC2007,2020-05-21 09:34:26.300,5349.8000,2655,0,68529200.000,0,-,-,-,-,5345.0000,5344.2000,5343.6000,5342.0000,5341.8000,5347.4000,5347.8000,5348.0000,5348.6000,5349.0000,2,3,3,2,1,1,2,1,1,1
SF,IC2007,2020-05-21 09:34:27.300,5349.8000,2655,0,68529200.000,0,-,-,-,-,5345.0000,5344.2000,5343.6000,5342.0000,5341.8000,5347.0000,5347.2000,5347.4000,5347.8000,5348.0000,1,3,3,2,1,2,1,1,1,1
SF,IC2007,2020-05-21 09:34:28.300,5349.8000,2655,0,68529200.000,0,-,-,-,-,5345.0000,5344.2000,5343.6000,5342.0000,5341.8000,5346.8000,5347.8000,5348.0000,5348.6000,5349.4000,1,3,3,2,1,4,1,1,1,3
SF,IC2007,2020-05-21 09:34:28.800,5349.8000,2655,0,68529200.000,0,-,-,-,-,5344.2000,5343.6000,5342.0000,5341.8000,5340.4000,5346.8000,5347.8000,5348.0000,5348.6000,5349.4000,3,3,2,1,1,4,1,1,1,3
SF,IC2007,2020-05-21 09:34:29.300,5349.8000,2655,0,68529200.000,0,-,-,-,-,5344.4000,5344.2000,5343.6000,5342.0000,5341.8000,5346.6000,5346.8000,5347.8000,5348.0000,5349.4000,1,3,3,2,1,1,4,1,1,3
SF,IC2007,2020-05-21 09:34:29.800,5349.8000,2655,0,68529200.000,0,-,-,-,-,5343.6000,5342.0000,5340.4000,5338.4000,5336.4000,5346.4000,5346.6000,5346.8000,5347.8000,5348.0000,3,2,1,2,1,1,1,3,1,1
SF,IC2007,2020-05-21 09:34:30.300,5349.8000,2655,0,68529200.000,0,-,-,-,-,5343.8000,5343.6000,5342.0000,5340.4000,5338.4000,5346.2000,5346.4000,5346.6000,5346.8000,5348.0000,2,3,2,1,2,1,1,1,1,1
SF,IC2007,2020-05-21 09:34:30.800,5349.8000,2655,0,68529200.000,0,-,-,-,-,5343.8000,5343.6000,5342.0000,5340.4000,5338.4000,5346.0000,5346.2000,5346.6000,5346.8000,5348.0000,2,3,2,1,2,1,1,1,1,1
SF,IC2007,2020-05-21 09:34:31.800,5349.8000,2655,0,68529200.000,0,-,-,-,-,5343.6000,5342.0000,5340.4000,5338.4000,5336.4000,5345.8000,5346.0000,5346.2000,5346.6000,5348.0000,3,2,1,2,1,1,1,1,1,1
SF,IC2007,2020-05-21 09:34:32.300,5349.8000,2655,0,68529200.000,0,-,-,-,-,5343.6000,5342.0000,5340.4000,5338.4000,5336.4000,5345.6000,5345.8000,5346.2000,5346.6000,5348.0000,3,2,1,2,1,1,1,1,1,1
SF,IC2007,2020-05-21 09:34:32.800,5349.8000,2655,0,68529200.000,0,-,-,-,-,5342.0000,5338.4000,5336.4000,5336.0000,5331.4000,5345.4000,5345.6000,5345.8000,5346.2000,5346.6000,2,2,1,5,2,2,1,1,1,1
SF,IC2007,2020-05-21 09:34:33.300,5349.8000,2655,0,68529200.000,0,-,-,-,-,5342.2000,5342.0000,5338.4000,5336.4000,5336.0000,5343.8000,5345.2000,5345.6000,5345.8000,5346.6000,5,2,2,1,5,1,1,1,1,1
SF,IC2007,2020-05-21 09:34:33.800,5344.0000,2655,0,70666800.000,2,1,1,多换,S,5342.2000,5342.0000,5338.4000,5336.4000,5336.0000,5345.2000,5345.6000,5345.8000,5346.6000,5348.0000,5,2,2,1,5,1,1,1,1,1
SF,IC2007,2020-05-21 09:34:34.300,5344.0000,2655,0,70666800.000,0,-,-,-,-,5342.6000,5342.4000,5342.2000,5342.0000,5338.4000,5345.2000,5345.6000,5345.8000,5346.6000,5348.0000,1,2,5,2,2,1,1,1,1,1
SF,IC2007,2020-05-21 09:34:34.800,5344.0000,2655,0,70666800.000,0,-,-,-,-,5342.8000,5342.6000,5342.4000,5342.2000,5342.0000,5345.2000,5345.6000,5345.8000,5346.6000,5348.0000,3,1,2,3,2,1,1,1,1,1
SF,IC2007,2020-05-21 09:34:35.300,5344.0000,2655,0,70666800.000,0,-,-,-,-,5342.8000,5342.6000,5342.4000,5342.2000,5342.0000,5345.2000,5345.6000,5345.8000,5346.6000,5348.0000,3,1,2,3,2,1,1,1,1,1
SF,IC2007,2020-05-21 09:34:35.800,5344.0000,2655,0,70666800.000,0,-,-,-,-,5342.8000,5342.6000,5342.4000,5342.2000,5342.0000,5345.2000,5345.6000,5346.6000,5348.0000,5348.8000,3,1,2,3,2,2,1,1,1,2
SF,IC2007,2020-05-21 09:34:36.300,5344.0000,2655,0,70666800.000,0,-,-,-,-,5343.2000,5342.8000,5342.4000,5342.2000,5342.0000,5345.2000,5345.6000,5346.6000,5348.0000,5348.8000,1,3,2,3,2,2,1,1,1,2
SF,IC2007,2020-05-21 09:34:36.800,5344.0000,2655,0,70666800.000,0,-,-,-,-,5343.4000,5343.2000,5342.8000,5342.4000,5342.2000,5345.2000,5345.6000,5346.6000,5348.0000,5348.8000,1,1,3,2,3,1,1,1,1,2
SF,IC2007,2020-05-21 09:34:39.800,5344.0000,2655,0,70666800.000,0,-,-,-,-,5343.6000,5343.4000,5343.2000,5342.8000,5342.4000,5345.2000,5345.6000,5346.6000,5348.0000,5348.8000,1,1,1,2,2,1,1,1,1,2
SF,IC2007,2020-05-21 09:34:40.300,5344.0000,2655,0,70666800.000,0,-,-,-,-,5343.8000,5343.4000,5342.8000,5342.2000,5342.0000,5345.2000,5345.6000,5346.6000,5348.0000,5348.8000,1,1,2,3,2,1,1,1,1,2
SF,IC2007,2020-05-21 09:34:40.800,5344.0000,2655,0,70666800.000,0,-,-,-,-,5343.4000,5342.8000,5342.2000,5342.0000,5336.4000,5345.2000,5345.6000,5346.6000,5348.0000,5348.8000,1,2,3,2,1,1,1,1,1,2
SF,IC2007,2020-05-21 09:34:41.300,5344.0000,2655,0,70666800.000,0,-,-,-,-,5343.6000,5343.4000,5342.8000,5342.2000,5342.0000,5345.2000,5345.6000,5346.6000,5348.0000,5348.8000,1,1,2,3,2,1,1,1,1,2
SF,IC2007,2020-05-21 09:34:41.800,5343.8000,2655,0,74941840.000,4,2,2,多换,S,5343.6000,5343.4000,5342.8000,5342.2000,5342.0000,5345.2000,5345.6000,5346.6000,5348.0000,5348.8000,1,1,2,3,2,1,1,1,1,2
SF,IC2007,2020-05-21 09:34:42.300,5343.8000,2655,0,74941840.000,0,-,-,-,-,5343.8000,5343.6000,5343.4000,5342.8000,5342.2000,5345.2000,5345.6000,5346.6000,5348.0000,5348.8000,1,1,1,2,3,1,1,1,1,2
SF,IC2007,2020-05-21 09:34:42.800,5343.8000,2655,0,74941840.000,0,-,-,-,-,5343.8000,5343.6000,5343.4000,5342.8000,5342.2000,5345.2000,5345.6000,5346.6000,5348.0000,5348.8000,1,1,1,2,3,1,1,1,1,2
SF,IC2007,2020-05-21 09:34:43.300,5343.8000,2655,0,74941840.000,0,-,-,-,-,5344.0000,5343.8000,5343.6000,5343.4000,5342.8000,5345.2000,5345.6000,5346.6000,5348.0000,5348.8000,2,1,1,1,2,1,1,1,1,2
SF,IC2007,2020-05-21 09:34:43.800,5345.2000,2655,0,76010880.000,1,0,1,多换,S,5345.2000,5344.2000,5344.0000,5343.8000,5343.6000,5345.6000,5348.0000,5348.8000,5349.4000,5349.8000,1,5,2,1,1,1,1,1,4,1
SF,IC2007,2020-05-21 09:34:44.300,5345.6000,2655,0,77080000.000,1,0,1,多换,S,5345.6000,5345.4000,5345.2000,5344.2000,5344.0000,5348.8000,5349.4000,5349.8000,5352.6000,5354.2000,1,2,1,5,2,1,3,1,1,1
SF,IC2007,2020-05-21 09:34:44.800,5345.6000,2655,0,77080000.000,0,-,-,-,-,5345.8000,5345.6000,5345.4000,5345.2000,5344.2000,5348.6000,5349.4000,5349.8000,5352.6000,5354.2000,1,1,1,1,6,1,1,1,1,1
SF,IC2007,2020-05-21 09:34:45.300,5345.6000,2655,0,77080000.000,0,-,-,-,-,5348.6000,5346.0000,5345.8000,5345.6000,5345.4000,5349.8000,5352.6000,5354.2000,5356.2000,5357.2000,1,4,1,1,1,1,1,1,1,1
SF,IC2007,2020-05-21 09:34:45.800,5348.6000,2654,-1,78149720.000,1,0,1,双平,S,5346.0000,5345.8000,5345.6000,5345.4000,5345.2000,5348.6000,5349.6000,5352.6000,5354.2000,5356.2000,4,1,1,1,1,1,1,1,1,1
SF,IC2007,2020-05-21 09:34:46.300,5348.6000,2654,0,78149720.000,0,-,-,-,-,5346.2000,5346.0000,5345.6000,5345.4000,5345.2000,5348.6000,5349.6000,5352.6000,5354.2000,5356.2000,1,4,1,1,1,1,1,1,1,1
SF,IC2007,2020-05-21 09:34:46.800,5348.6000,2654,0,78149720.000,0,-,-,-,-,5346.4000,5346.2000,5346.0000,5345.6000,5345.4000,5349.6000,5352.6000,5354.2000,5356.2000,5357.2000,1,1,4,1,1,1,1,1,1,1
SF,IC2007,2020-05-21 09:34:47.300,5348.6000,2654,0,78149720.000,0,-,-,-,-,5346.6000,5346.4000,5346.0000,5345.6000,5345.4000,5349.6000,5349.8000,5352.6000,5354.2000,5356.2000,1,1,4,1,1,1,1,1,1,1
SF,IC2007,2020-05-21 09:34:47.800,5348.6000,2654,0,78149720.000,0,-,-,-,-,5346.6000,5346.4000,5346.0000,5345.6000,5345.4000,5349.6000,5352.6000,5354.2000,5356.2000,5357.2000,1,1,4,1,1,1,1,1,1,1
SF,IC2007,2020-05-21 09:34:48.300,5348.6000,2654,0,78149720.000,0,-,-,-,-,5346.6000,5346.4000,5346.0000,5345.6000,5345.4000,5349.6000,5349.8000,5352.6000,5354.2000,5356.2000,1,1,4,1,1,1,1,1,1,1
SF,IC2007,2020-05-21 09:34:48.800,5348.6000,2654,0,78149720.000,0,-,-,-,-,5346.6000,5346.4000,5346.0000,5345.6000,5345.4000,5349.6000,5349.8000,5352.6000,5354.2000,5356.2000,1,1,4,1,1,1,1,1,1,1
SF,IC2007,2020-05-21 09:34:49.300,5348.6000,2654,0,78149720.000,0,-,-,-,-,5346.6000,5346.4000,5346.0000,5345.6000,5345.4000,5349.4000,5349.6000,5349.8000,5352.6000,5354.2000,1,1,4,1,1,2,1,1,1,1
SF,IC2007,2020-05-21 09:34:49.800,5348.6000,2654,0,78149720.000,0,-,-,-,-,5346.6000,5346.4000,5346.0000,5345.6000,5345.4000,5349.2000,5349.4000,5349.8000,5352.6000,5354.2000,1,1,4,1,1,1,2,1,1,1
SF,IC2007,2020-05-21 09:34:50.300,5348.6000,2654,0,78149720.000,0,-,-,-,-,5346.6000,5346.4000,5346.0000,5345.6000,5345.4000,5349.2000,5349.4000,5352.6000,5354.2000,5356.2000,1,1,4,1,1,1,2,1,1,1
SF,IC2007,2020-05-21 09:34:50.800,5348.6000,2654,0,78149720.000,0,-,-,-,-,5346.6000,5346.4000,5346.0000,5345.6000,5345.4000,5349.2000,5352.6000,5354.2000,5356.2000,5357.2000,1,1,4,1,1,1,1,1,1,1
SF,IC2007,2020-05-21 09:34:51.300,5348.6000,2654,0,78149720.000,0,-,-,-,-,5346.8000,5346.6000,5346.4000,5346.0000,5345.6000,5352.6000,5354.2000,5356.2000,5357.2000,5357.4000,2,1,1,4,1,1,1,1,1,1
SF,IC2007,2020-05-21 09:34:51.800,5348.6000,2654,0,78149720.000,0,-,-,-,-,5347.0000,5346.4000,5346.0000,5345.6000,5345.4000,5352.4000,5352.6000,5354.2000,5356.2000,5357.2000,1,1,4,1,1,2,1,1,1,1
SF,IC2007,2020-05-21 09:34:52.300,5348.6000,2654,0,78149720.000,0,-,-,-,-,5347.0000,5346.4000,5346.0000,5345.6000,5345.4000,5349.8000,5352.4000,5352.6000,5354.2000,5356.2000,1,1,4,1,1,1,2,1,1,1
SF,IC2007,2020-05-21 09:34:52.800,5348.6000,2654,0,78149720.000,0,-,-,-,-,5347.2000,5347.0000,5346.4000,5346.0000,5345.6000,5352.4000,5354.2000,5356.2000,5357.2000,5357.4000,4,1,1,4,1,2,1,1,1,1
SF,IC2007,2020-05-21 09:34:53.300,5348.6000,2654,0,78149720.000,0,-,-,-,-,5347.4000,5346.4000,5346.0000,5345.6000,5345.4000,5352.4000,5354.2000,5356.2000,5357.2000,5357.4000,1,1,4,1,1,2,1,1,1,1
SF,IC2007,2020-05-21 09:34:53.800,5348.6000,2654,0,78149720.000,0,-,-,-,-,5347.6000,5347.4000,5346.4000,5346.0000,5345.6000,5351.0000,5351.2000,5352.4000,5354.2000,5356.2000,1,1,1,4,1,1,1,2,1,1
SF,IC2007,2020-05-21 09:34:54.300,5348.6000,2654,0,78149720.000,0,-,-,-,-,5347.8000,5347.6000,5346.4000,5346.0000,5345.6000,5350.8000,5351.0000,5351.2000,5352.4000,5354.2000,3,1,1,4,1,1,1,1,1,1
SF,IC2007,2020-05-21 09:34:54.800,5348.6000,2654,0,78149720.000,0,-,-,-,-,5347.8000,5347.6000,5346.4000,5346.0000,5345.6000,5350.8000,5351.0000,5351.2000,5352.4000,5354.2000,1,1,1,4,1,1,1,1,1,1
SF,IC2007,2020-05-21 09:34:55.300,5348.6000,2654,0,78149720.000,0,-,-,-,-,5346.4000,5346.0000,5345.6000,5345.4000,5345.2000,5350.8000,5351.0000,5351.2000,5352.4000,5354.2000,1,4,1,1,1,1,1,1,1,1
SF,IC2007,2020-05-21 09:34:55.800,5348.6000,2654,0,78149720.000,0,-,-,-,-,5346.6000,5346.4000,5346.0000,5345.6000,5345.4000,5350.8000,5351.0000,5351.2000,5352.4000,5354.2000,4,1,4,1,1,1,1,1,1,1
SF,IC2007,2020-05-21 09:34:56.300,5348.6000,2654,0,78149720.000,0,-,-,-,-,5346.6000,5346.4000,5346.0000,5345.6000,5345.4000,5350.8000,5351.2000,5352.4000,5354.2000,5356.2000,4,1,4,1,1,1,1,1,1,1
SF,IC2007,2020-05-21 09:34:56.800,5348.6000,2654,0,78149720.000,0,-,-,-,-,5346.8000,5346.6000,5346.4000,5346.0000,5345.6000,5350.2000,5350.8000,5351.2000,5352.4000,5354.2000,2,4,1,4,1,1,1,1,1,1
SF,IC2007,2020-05-21 09:34:57.300,5348.6000,2654,0,78149720.000,0,-,-,-,-,5347.2000,5347.0000,5346.8000,5346.6000,5346.4000,5350.8000,5351.2000,5352.4000,5354.2000,5356.2000,1,3,1,2,1,1,1,1,1,1
SF,IC2007,2020-05-21 09:34:57.800,5348.6000,2654,0,78149720.000,0,-,-,-,-,5347.4000,5347.2000,5347.0000,5346.8000,5346.6000,5350.8000,5351.2000,5352.4000,5354.2000,5356.2000,3,1,1,1,2,1,1,1,1,1
SF,IC2007,2020-05-21 09:34:58.300,5348.6000,2654,0,78149720.000,0,-,-,-,-,5347.4000,5347.2000,5347.0000,5346.6000,5346.4000,5350.8000,5351.2000,5352.4000,5354.2000,5356.2000,3,1,1,2,1,1,1,1,1,1
SF,IC2007,2020-05-21 09:34:58.800,5348.6000,2654,0,78149720.000,0,-,-,-,-,5347.4000,5347.2000,5347.0000,5346.6000,5346.4000,5350.8000,5351.2000,5352.4000,5354.2000,5356.2000,1,1,1,2,1,1,1,1,1,1
SF,IC2007,2020-05-21 09:34:59.300,5348.6000,2654,0,78149720.000,0,-,-,-,-,5347.4000,5347.2000,5347.0000,5346.6000,5346.4000,5350.2000,5350.6000,5350.8000,5351.2000,5352.4000,1,1,1,2,1,1,1,1,1,1
SF,IC2007,2020-05-21 09:34:59.800,5348.6000,2654,0,78149720.000,0,-,-,-,-,5347.4000,5347.2000,5347.0000,5346.6000,5346.4000,5350.2000,5350.8000,5351.2000,5352.4000,5354.2000,1,1,1,2,1,1,1,1,1,1
SF,IC2007,2020-05-21 09:35:00.300,5348.6000,2654,0,78149720.000,0,-,-,-,-,5347.4000,5347.2000,5347.0000,5346.6000,5346.4000,5350.2000,5350.8000,5351.2000,5352.4000,5354.2000,1,1,1,2,1,1,1,1,1,1
SF,IC2007,2020-05-21 09:35:00.800,5348.6000,2654,0,78149720.000,0,-,-,-,-,5347.4000,5347.2000,5347.0000,5346.6000,5346.4000,5350.8000,5351.2000,5352.4000,5354.2000,5356.2000,1,1,1,2,1,1,1,1,1,1
SF,IC2007,2020-05-21 09:35:02.300,5348.6000,2654,0,78149720.000,0,-,-,-,-,5347.4000,5347.2000,5347.0000,5346.6000,5346.4000,5350.8000,5352.4000,5354.2000,5356.2000,5357.2000,1,1,1,2,1,1,1,1,1,1
SF,IC2007,2020-05-21 09:35:02.800,5348.6000,2654,0,78149720.000,0,-,-,-,-,5347.6000,5347.4000,5347.2000,5347.0000,5346.6000,5350.8000,5352.4000,5354.2000,5356.2000,5357.2000,2,1,1,1,2,1,1,1,1,1
SF,IC2007,2020-05-21 09:35:03.300,5348.6000,2654,0,78149720.000,0,-,-,-,-,5347.8000,5347.6000,5347.2000,5347.0000,5346.6000,5350.8000,5352.4000,5354.2000,5356.2000,5357.2000,1,2,1,1,2,1,1,1,1,1
SF,IC2007,2020-05-21 09:35:03.800,5348.6000,2654,0,78149720.000,0,-,-,-,-,5348.0000,5347.8000,5347.6000,5347.0000,5346.6000,5350.8000,5352.4000,5354.2000,5356.2000,5357.2000,2,1,1,1,2,1,1,1,1,1
SF,IC2007,2020-05-21 09:35:04.300,5348.6000,2654,0,78149720.000,0,-,-,-,-,5348.2000,5348.0000,5347.6000,5347.0000,5346.6000,5352.4000,5354.2000,5356.2000,5357.2000,5357.4000,1,2,1,1,2,1,1,1,1,1
SF,IC2007,2020-05-21 09:35:04.800,5348.6000,2654,0,78149720.000,0,-,-,-,-,5348.4000,5348.2000,5348.0000,5347.6000,5347.0000,5352.4000,5354.2000,5356.2000,5357.2000,5357.4000,1,1,1,1,1,1,1,1,1,1
SF,IC2007,2020-05-21 09:35:05.300,5348.6000,2654,0,78149720.000,0,-,-,-,-,5348.6000,5348.4000,5348.0000,5347.6000,5347.0000,5352.4000,5354.2000,5356.2000,5357.2000,5357.4000,4,1,1,1,1,1,1,1,1,1
SF,IC2007,2020-05-21 09:35:05.800,5348.6000,2654,0,78149720.000,0,-,-,-,-,5348.8000,5348.6000,5348.0000,5347.6000,5347.0000,5356.2000,5357.2000,5357.4000,5358.0000,5358.2000,1,4,1,1,1,1,1,1,2,1
SF,IC2007,2020-05-21 09:35:06.300,5348.6000,2654,0,78149720.000,0,-,-,-,-,5349.0000,5348.8000,5348.6000,5348.0000,5347.6000,5354.4000,5356.0000,5356.2000,5357.2000,5357.4000,4,1,3,1,1,1,3,1,1,1
SF,IC2007,2020-05-21 09:35:06.800,5348.6000,2654,0,78149720.000,0,-,-,-,-,5349.2000,5349.0000,5348.6000,5347.6000,5347.0000,5354.4000,5356.0000,5356.2000,5357.2000,5357.4000,1,4,3,1,1,1,2,1,1,1
SF,IC2007,2020-05-21 09:35:07.300,5348.6000,2654,0,78149720.000,0,-,-,-,-,5349.4000,5349.2000,5349.0000,5348.6000,5347.6000,5353.4000,5354.0000,5354.2000,5354.4000,5356.0000,6,1,3,3,1,1,1,2,1,2
SF,IC2007,2020-05-21 09:35:07.800,5348.6000,2654,0,78149720.000,0,-,-,-,-,5349.6000,5349.4000,5349.0000,5348.6000,5347.6000,5353.4000,5354.0000,5354.4000,5356.0000,5356.2000,1,4,3,3,1,1,1,1,2,1
SF,IC2007,2020-05-21 09:35:08.300,5348.6000,2654,0,78149720.000,0,-,-,-,-,5349.8000,5349.6000,5349.4000,5349.0000,5348.6000,5353.2000,5354.0000,5354.4000,5356.0000,5356.2000,1,1,3,3,3,1,1,1,2,1
SF,IC2007,2020-05-21 09:35:08.800,5348.6000,2654,0,78149720.000,0,-,-,-,-,5350.0000,5349.8000,5349.4000,5349.0000,5348.6000,5353.2000,5354.0000,5354.4000,5356.0000,5356.2000,2,1,3,3,3,1,1,1,2,1
SF,IC2007,2020-05-21 09:35:09.300,5348.6000,2654,0,78149720.000,0,-,-,-,-,5350.2000,5350.0000,5349.4000,5349.0000,5348.6000,5353.0000,5354.0000,5354.4000,5356.0000,5356.2000,4,2,2,3,3,1,1,1,1,1
SF,IC2007,2020-05-21 09:35:09.800,5348.6000,2654,0,78149720.000,0,-,-,-,-,5350.2000,5350.0000,5349.4000,5349.0000,5348.6000,5353.0000,5354.4000,5356.0000,5356.2000,5357.2000,3,1,2,3,3,1,1,1,1,1
SF,IC2007,2020-05-21 09:35:15.300,5348.6000,2654,0,78149720.000,0,-,-,-,-,5350.4000,5350.2000,5350.0000,5349.4000,5349.0000,5353.0000,5354.4000,5356.0000,5356.2000,5357.2000,1,3,1,2,3,1,1,1,1,1
SF,IC2007,2020-05-21 09:35:15.800,5348.6000,2654,0,78149720.000,0,-,-,-,-,5350.6000,5350.4000,5350.2000,5350.0000,5349.4000,5353.0000,5354.4000,5356.0000,5356.2000,5357.2000,1,1,2,1,2,1,1,1,1,1
SF,IC2007,2020-05-21 09:35:16.300,5348.6000,2654,0,78149720.000,0,-,-,-,-,5350.8000,5350.6000,5350.4000,5350.2000,5350.0000,5353.0000,5354.4000,5356.0000,5356.2000,5357.2000,3,1,1,1,1,1,1,1,1,1
SF,IC2007,2020-05-21 09:35:16.800,5348.6000,2654,0,78149720.000,0,-,-,-,-,5351.0000,5350.8000,5350.4000,5350.2000,5350.0000,5354.4000,5356.0000,5356.2000,5357.2000,5357.4000,1,3,1,1,1,1,1,1,1,1
SF,IC2007,2020-05-21 09:35:17.300,5348.6000,2654,0,78149720.000,0,-,-,-,-,5351.0000,5350.8000,5350.4000,5350.2000,5350.0000,5354.2000,5354.4000,5356.0000,5356.2000,5357.2000,1,3,1,1,1,2,1,1,1,1
SF,IC2007,2020-05-21 09:35:17.800,5348.6000,2654,0,78149720.000,0,-,-,-,-,5351.0000,5350.8000,5350.4000,5350.2000,5350.0000,5354.2000,5354.4000,5356.0000,5356.2000,5357.2000,1,3,1,1,1,2,1,1,1,1
SF,IC2007,2020-05-21 09:35:18.300,5348.6000,2654,0,78149720.000,0,-,-,-,-,5351.0000,5350.8000,5350.4000,5350.2000,5350.0000,5354.2000,5354.4000,5356.0000,5356.2000,5357.2000,1,3,1,1,1,1,1,1,1,1
SF,IC2007,2020-05-21 09:35:19.300,5348.6000,2654,0,78149720.000,0,-,-,-,-,5351.0000,5350.8000,5350.2000,5350.0000,5349.4000,5354.0000,5354.2000,5354.4000,5356.0000,5356.2000,1,1,1,1,2,1,1,1,1,1
SF,IC2007,2020-05-21 09:35:19.800,5348.6000,2654,0,78149720.000,0,-,-,-,-,5351.0000,5350.8000,5350.2000,5349.4000,5342.0000,5353.8000,5354.0000,5354.4000,5356.0000,5356.2000,1,1,1,2,1,1,1,1,1,1
SF,IC2007,2020-05-21 09:35:20.300,5348.6000,2654,0,78149720.000,0,-,-,-,-,5350.2000,5349.4000,5342.0000,5336.0000,5335.6000,5353.8000,5354.0000,5354.4000,5356.2000,5357.2000,1,2,1,5,2,1,1,1,1,1
SF,IC2007,2020-05-21 09:35:20.800,5348.6000,2654,0,78149720.000,0,-,-,-,-,5350.4000,5350.2000,5349.4000,5342.0000,5336.0000,5353.8000,5354.0000,5354.4000,5356.2000,5357.2000,1,1,2,1,5,1,1,1,1,1
SF,IC2007,2020-05-21 09:35:21.300,5348.6000,2654,0,78149720.000,0,-,-,-,-,5350.4000,5350.2000,5349.4000,5342.0000,5336.0000,5353.8000,5354.0000,5354.4000,5356.2000,5357.2000,1,1,2,1,5,1,1,1,1,1
