市场代码,合约代码,时间,最新,持仓,增仓,成交额,成交量,开仓,平仓,成交类型,方向,买一价,买二价,买三价,买四价,买五价,卖一价,卖二价,卖三价,卖四价,卖五价,买一量,买二量,买三量,买四量,买五量,卖一量,卖二量,卖三量,卖四量,卖五量
SF,IC2010,2020-09-04 09:29:00.000,6467.8000,5898,0,19403400.000,15.000,-,-,-,-,6460.0000,6450.0000,6440.0000,6430.0000,6423.0000,6468.0000,6474.0000,6474.2000,6478.2000,6480.0000,5,1,5,1,1,1,5,1,2,1
SF,IC2010,2020-09-04 09:30:00.500,6439.4000,5911,13,42606000.000,18,15,3,空开,S,6423.0000,6421.0000,6411.0000,6409.0000,6408.0000,6440.2000,6441.4000,6443.4000,6443.6000,6448.0000,1,1,2,4,1,1,1,1,4,3
SF,IC2010,2020-09-04 09:30:01.000,6426.0000,5910,-1,47752920.000,4,1,3,多平,S,6426.0000,6425.6000,6424.2000,6423.2000,6423.0000,6441.4000,6443.4000,6445.4000,6448.0000,6449.6000,1,1,1,2,1,1,1,1,1,5
SF,IC2010,2020-09-04 09:30:01.500,6426.0000,5910,0,47752920.000,0,-,-,-,-,6426.2000,6423.0000,6421.0000,6409.0000,6408.0000,6428.2000,6429.2000,6429.4000,6431.4000,6432.2000,1,1,1,4,1,1,1,2,2,1
SF,IC2010,2020-09-04 09:30:02.000,6426.0000,5910,0,47752920.000,0,-,-,-,-,6427.8000,6427.0000,6423.0000,6409.0000,6408.0000,6431.4000,6434.6000,6436.0000,6436.8000,6438.0000,1,2,1,4,1,1,4,1,1,1
SF,IC2010,2020-09-04 09:30:02.500,6426.0000,5909,-1,50323320.000,2,0,2,多平,S,6427.0000,6423.0000,6409.0000,6408.0000,6401.0000,6431.4000,6436.0000,6436.8000,6438.0000,6441.2000,2,1,4,1,9,1,1,1,1,1
SF,IC2010,2020-09-04 09:30:03.000,6426.2000,5909,0,52893800.000,2,1,1,多换,S,6423.0000,6409.0000,6408.0000,6401.0000,6400.0000,6426.2000,6428.6000,6431.2000,6431.4000,6436.0000,1,4,1,9,6,1,1,1,1,1
SF,IC2010,2020-09-04 09:30:03.500,6428.0000,5907,-2,58036480.000,4,1,3,多平,S,6423.0000,6409.0000,6408.0000,6401.0000,6400.0000,6427.6000,6431.4000,6436.0000,6436.8000,6438.0000,1,4,1,9,6,1,1,1,1,1
SF,IC2010,2020-09-04 09:30:04.000,6428.0000,5907,0,59322080.000,1,0,1,多换,S,6426.6000,6425.2000,6423.2000,6423.0000,6409.0000,6431.4000,6436.0000,6436.8000,6438.0000,6443.8000,1,1,3,1,4,1,1,1,1,5
SF,IC2010,2020-09-04 09:30:04.500,6401.0000,5916,9,72141440.000,10,9,1,空开,S,6401.0000,6400.0000,6399.0000,6398.0000,6397.0000,6427.8000,6428.4000,6428.6000,6431.2000,6431.4000,6,6,5,5,5,1,1,3,1,1
SF,IC2010,2020-09-04 09:30:05.000,6401.0000,5915,-1,73421640.000,1,0,1,双平,S,6425.4000,6423.2000,6422.6000,6422.4000,6422.2000,6427.6000,6427.8000,6428.4000,6430.6000,6431.4000,1,1,1,4,3,1,1,1,1,1
SF,IC2010,2020-09-04 09:30:05.500,6426.4000,5916,1,74706920.000,1,1,0,双开,S,6423.2000,6422.6000,6422.4000,6421.8000,6420.6000,6427.8000,6428.4000,6430.6000,6431.4000,6438.0000,1,1,4,1,5,2,1,1,1,1
SF,IC2010,2020-09-04 09:30:06.000,6423.4000,5915,-1,75991600.000,1,0,1,双平,S,6422.6000,6422.4000,6421.8000,6420.6000,6403.0000,6423.0000,6425.4000,6427.6000,6427.8000,6430.6000,1,3,1,5,6,6,1,1,2,1
SF,IC2010,2020-09-04 09:30:06.500,6423.0000,5907,-8,86268400.000,8,0,8,双平,S,6423.0000,6422.6000,6422.4000,6421.8000,6420.6000,6425.4000,6427.6000,6427.8000,6430.6000,6431.4000,1,1,1,1,5,1,1,2,1,1
SF,IC2010,2020-09-04 09:30:07.000,6423.0000,5907,0,86268400.000,0,-,-,-,-,6422.6000,6422.4000,6420.6000,6403.0000,6401.8000,6425.4000,6427.6000,6427.8000,6430.6000,6431.4000,1,1,5,6,1,1,1,2,1,1
SF,IC2010,2020-09-04 09:30:07.500,6425.4000,5906,-1,90124080.000,3,1,2,多平,S,6424.2000,6423.0000,6422.6000,6422.4000,6420.6000,6427.8000,6430.6000,6431.4000,6437.8000,6438.0000,1,1,1,1,5,2,1,1,1,1
SF,IC2010,2020-09-04 09:30:08.000,6425.4000,5906,0,90124080.000,0,-,-,-,-,6423.0000,6422.6000,6422.4000,6420.6000,6416.6000,6427.8000,6430.6000,6431.4000,6437.8000,6438.0000,1,1,1,5,1,2,1,1,1,1
SF,IC2010,2020-09-04 09:30:08.500,6423.2000,5906,0,91408720.000,1,0,1,多换,S,6423.2000,6423.0000,6422.6000,6422.4000,6420.6000,6427.8000,6430.6000,6431.4000,6438.0000,6443.8000,1,1,1,1,5,2,1,1,1,5
SF,IC2010,2020-09-04 09:30:09.000,6422.6000,5907,1,96547120.000,4,2,2,空开,S,6422.4000,6420.6000,6417.2000,6416.6000,6416.4000,6424.2000,6427.6000,6427.8000,6430.6000,6431.4000,1,5,1,1,1,1,1,2,1,1
SF,IC2010,2020-09-04 09:30:09.500,6427.8000,5907,0,100403040.000,3,1,2,多换,S,6424.2000,6422.6000,6422.4000,6420.6000,6417.2000,6427.8000,6430.6000,6431.4000,6438.0000,6443.8000,1,1,2,5,1,1,1,1,1,5
SF,IC2010,2020-09-04 09:30:10.000,6423.0000,5905,-2,105543200.000,4,1,3,多平,S,6422.6000,6422.4000,6420.6000,6417.2000,6416.4000,6423.0000,6430.6000,6431.4000,6438.0000,6443.8000,3,3,5,1,1,4,1,1,1,5
SF,IC2010,2020-09-04 09:30:10.500,6424.2000,5903,-2,115820960.000,8,3,5,多平,S,6424.8000,6424.0000,6423.4000,6423.2000,6423.0000,6430.6000,6443.8000,6450.0000,6458.0000,6459.4000,1,2,1,2,3,1,5,3,2,2
SF,IC2010,2020-09-04 09:30:11.000,6430.6000,5903,0,117107080.000,1,0,1,多换,S,6425.2000,6425.0000,6424.8000,6424.2000,6424.0000,6443.8000,6450.0000,6458.0000,6459.4000,6459.8000,1,1,1,1,1,5,3,2,2,7
SF,IC2010,2020-09-04 09:30:11.500,6425.4000,5904,1,118392160.000,1,1,0,双开,S,6427.8000,6425.2000,6424.2000,6424.0000,6423.4000,6431.8000,6432.4000,6433.2000,6433.4000,6433.6000,1,1,1,1,2,1,5,1,1,4
SF,IC2010,2020-09-04 09:30:12.000,6425.4000,5903,-1,119677240.000,1,0,1,双平,S,6427.8000,6424.2000,6424.0000,6423.4000,6423.2000,6431.6000,6433.2000,6436.2000,6436.8000,6440.0000,1,1,1,2,1,1,1,1,1,1
SF,IC2010,2020-09-04 09:30:12.500,6425.4000,5903,0,119677240.000,0,-,-,-,-,6428.0000,6427.8000,6423.4000,6423.2000,6422.4000,6431.6000,6433.2000,6436.2000,6436.8000,6440.0000,2,1,2,1,2,1,1,1,1,1
SF,IC2010,2020-09-04 09:30:13.000,6431.6000,5902,-1,120963560.000,1,0,1,双平,S,6431.6000,6430.4000,6428.8000,6428.4000,6428.0000,6436.2000,6436.8000,6441.6000,6442.8000,6443.6000,1,1,2,1,2,1,1,1,1,1
SF,IC2010,2020-09-04 09:30:13.500,6427.8000,5902,0,123535440.000,2,1,1,多换,S,6426.2000,6425.8000,6424.6000,6424.2000,6423.4000,6433.8000,6435.0000,6436.0000,6436.2000,6436.8000,1,1,1,1,2,1,1,2,1,1
SF,IC2010,2020-09-04 09:30:14.000,6427.8000,5902,0,123535440.000,0,-,-,-,-,6431.2000,6427.4000,6427.2000,6426.2000,6425.8000,6433.6000,6436.0000,6449.6000,6450.0000,6458.0000,1,1,2,1,1,1,1,5,3,2
SF,IC2010,2020-09-04 09:30:14.500,6427.8000,5902,0,123535440.000,0,-,-,-,-,6431.4000,6430.2000,6429.6000,6427.8000,6427.2000,6436.0000,6449.6000,6450.0000,6458.0000,6459.4000,1,1,1,1,1,1,5,3,2,2
SF,IC2010,2020-09-04 09:30:15.000,6427.8000,5902,0,123535440.000,0,-,-,-,-,6431.4000,6430.2000,6428.2000,6427.8000,6427.2000,6435.8000,6436.0000,6449.6000,6450.0000,6458.0000,1,1,1,1,1,1,1,5,3,2
SF,IC2010,2020-09-04 09:30:15.500,6427.8000,5902,0,123535440.000,0,-,-,-,-,6431.6000,6428.2000,6427.8000,6427.2000,6426.2000,6435.8000,6436.0000,6449.6000,6450.0000,6458.0000,1,1,1,1,1,1,1,5,3,2
SF,IC2010,2020-09-04 09:30:16.000,6427.8000,5902,0,123535440.000,0,-,-,-,-,6431.8000,6431.6000,6428.2000,6427.8000,6427.2000,6435.8000,6449.6000,6450.0000,6458.0000,6459.4000,1,1,1,1,1,1,5,3,2,2
SF,IC2010,2020-09-04 09:30:16.500,6427.8000,5902,0,123535440.000,0,-,-,-,-,6432.0000,6431.8000,6431.6000,6428.2000,6428.0000,6435.8000,6449.6000,6450.0000,6458.0000,6459.4000,1,1,1,1,2,1,5,3,2,2
SF,IC2010,2020-09-04 09:30:17.000,6435.8000,5902,0,124822600.000,1,0,1,多换,S,6435.8000,6432.2000,6432.0000,6431.8000,6431.6000,6449.6000,6450.0000,6458.0000,6459.4000,6459.8000,1,1,1,1,1,5,3,2,2,7
SF,IC2010,2020-09-04 09:30:17.500,6435.8000,5902,0,124822600.000,0,-,-,-,-,6436.0000,6435.8000,6432.2000,6432.0000,6431.8000,6437.4000,6438.0000,6438.6000,6439.0000,6439.2000,2,1,6,1,1,1,5,1,1,4
SF,IC2010,2020-09-04 09:30:18.000,6438.0000,5901,-1,128684960.000,3,1,2,多平,S,6435.8000,6432.2000,6432.0000,6428.6000,6428.2000,6439.6000,6442.2000,6443.2000,6444.0000,6445.4000,1,1,1,1,1,1,1,1,1,1
SF,IC2010,2020-09-04 09:30:18.500,6435.8000,5900,-1,129972120.000,1,0,1,双平,S,6432.0000,6428.6000,6428.2000,6428.0000,6427.8000,6436.8000,6439.6000,6443.2000,6445.4000,6449.6000,1,1,1,2,1,1,1,1,1,5
SF,IC2010,2020-09-04 09:30:19.000,6435.8000,5900,0,129972120.000,0,-,-,-,-,6428.6000,6428.2000,6428.0000,6427.8000,6426.4000,6431.6000,6436.2000,6436.6000,6436.8000,6445.4000,1,1,2,1,5,1,1,2,1,1
SF,IC2010,2020-09-04 09:30:19.500,6431.6000,5900,0,131258440.000,1,0,1,多换,S,6431.6000,6430.0000,6428.0000,6427.8000,6426.4000,6436.2000,6436.6000,6436.8000,6445.4000,6449.6000,1,1,1,1,5,1,2,1,1,5
SF,IC2010,2020-09-04 09:30:20.000,6431.6000,5899,-1,132544760.000,1,0,1,双平,S,6428.8000,6427.8000,6426.4000,6426.2000,6424.8000,6436.0000,6436.2000,6436.6000,6436.8000,6445.4000,1,1,5,1,1,1,1,1,1,1
SF,IC2010,2020-09-04 09:30:20.500,6431.6000,5899,0,132544760.000,0,-,-,-,-,6427.8000,6426.4000,6426.2000,6424.8000,6424.2000,6436.0000,6436.2000,6436.6000,6436.8000,6445.4000,1,5,1,1,1,1,1,1,1,1
SF,IC2010,2020-09-04 09:30:21.000,6431.6000,5899,0,132544760.000,0,-,-,-,-,6428.0000,6427.8000,6426.4000,6424.8000,6424.2000,6431.6000,6436.0000,6436.2000,6436.8000,6445.4000,1,2,5,1,1,1,1,1,1,1
SF,IC2010,2020-09-04 09:30:21.500,6431.6000,5899,0,133831080.000,1,0,1,多换,S,6431.6000,6430.6000,6428.8000,6428.0000,6427.8000,6436.0000,6436.2000,6436.8000,6445.4000,6449.6000,1,1,2,1,2,1,1,1,1,5
SF,IC2010,2020-09-04 09:30:22.000,6431.6000,5898,-1,135117400.000,1,0,1,双平,S,6428.8000,6427.8000,6426.4000,6424.8000,6424.2000,6433.2000,6433.6000,6436.0000,6436.2000,6436.8000,1,2,5,1,1,2,1,1,1,1
SF,IC2010,2020-09-04 09:30:22.500,6431.6000,5898,0,135117400.000,0,-,-,-,-,6429.0000,6428.8000,6427.8000,6426.4000,6424.8000,6432.8000,6433.0000,6436.8000,6438.2000,6449.6000,1,1,1,5,1,1,1,1,2,5
SF,IC2010,2020-09-04 09:30:23.000,6432.8000,5898,0,136403960.000,1,0,1,多换,S,6429.0000,6427.8000,6426.4000,6424.2000,6423.6000,6433.0000,6436.8000,6438.2000,6449.6000,6450.0000,1,1,5,1,1,1,1,2,5,3
SF,IC2010,2020-09-04 09:30:23.500,6432.8000,5898,0,136403960.000,0,-,-,-,-,6429.0000,6427.8000,6424.2000,6423.4000,6422.2000,6430.8000,6433.0000,6436.8000,6438.2000,6449.6000,1,1,1,2,1,2,1,1,2,5
SF,IC2010,2020-09-04 09:30:24.000,6430.8000,5896,-2,138976280.000,2,0,2,双平,S,6429.0000,6427.8000,6424.2000,6423.4000,6422.2000,6433.0000,6436.8000,6438.2000,6449.6000,6450.0000,1,1,1,2,1,1,1,2,5,3
SF,IC2010,2020-09-04 09:30:24.500,6430.8000,5896,0,138976280.000,0,-,-,-,-,6429.2000,6429.0000,6427.8000,6424.2000,6423.4000,6433.0000,6436.8000,6438.2000,6449.6000,6450.0000,2,1,1,1,2,1,1,2,5,3
SF,IC2010,2020-09-04 09:30:25.000,6430.8000,5896,0,138976280.000,0,-,-,-,-,6429.2000,6427.8000,6425.6000,6424.2000,6423.4000,6433.0000,6436.8000,6438.2000,6449.6000,6450.0000,2,1,1,1,2,1,1,2,5,3
SF,IC2010,2020-09-04 09:30:25.500,6430.8000,5896,0,138976280.000,0,-,-,-,-,6429.2000,6427.8000,6425.6000,6423.4000,6423.0000,6433.0000,6436.8000,6438.2000,6449.6000,6450.0000,2,1,1,2,1,1,1,2,5,3
SF,IC2010,2020-09-04 09:30:26.000,6430.8000,5896,0,138976280.000,0,-,-,-,-,6429.4000,6427.8000,6425.6000,6423.4000,6423.0000,6433.0000,6436.8000,6438.2000,6449.6000,6450.0000,1,1,1,2,1,1,1,2,5,3
SF,IC2010,2020-09-04 09:30:26.500,6433.0000,5896,0,140262880.000,1,0,1,多换,S,6429.4000,6427.8000,6425.6000,6423.4000,6423.0000,6436.8000,6438.2000,6449.6000,6450.0000,6459.4000,1,1,1,2,1,1,2,5,1,2
SF,IC2010,2020-09-04 09:30:27.000,6433.0000,5896,0,140262880.000,0,-,-,-,-,6429.6000,6429.4000,6427.8000,6425.6000,6423.4000,6432.2000,6432.8000,6433.2000,6436.8000,6438.2000,2,1,1,1,2,1,2,2,1,2
SF,IC2010,2020-09-04 09:30:27.500,6433.0000,5896,0,140262880.000,0,-,-,-,-,6429.6000,6429.4000,6427.8000,6425.6000,6423.4000,6431.0000,6436.8000,6438.2000,6449.6000,6450.0000,1,1,1,1,2,3,1,2,5,1
SF,IC2010,2020-09-04 09:30:28.000,6436.8000,5896,0,145410040.000,4,2,2,多换,S,6436.8000,6429.6000,6429.4000,6427.8000,6423.4000,6438.2000,6449.6000,6450.0000,6459.4000,6459.8000,1,1,1,1,2,2,5,1,2,1
SF,IC2010,2020-09-04 09:30:28.500,6436.8000,5895,-1,146697400.000,1,0,1,双平,S,6427.8000,6423.4000,6423.0000,6422.2000,6421.4000,6432.6000,6433.2000,6433.6000,6434.2000,6434.4000,1,2,1,1,1,1,2,2,1,2
SF,IC2010,2020-09-04 09:30:29.000,6436.8000,5895,0,146697400.000,0,-,-,-,-,6428.0000,6427.8000,6423.0000,6422.2000,6421.4000,6436.8000,6438.0000,6438.2000,6449.6000,6450.0000,1,1,1,1,1,1,1,2,5,1
SF,IC2010,2020-09-04 09:30:29.500,6436.8000,5895,0,146697400.000,0,-,-,-,-,6428.2000,6428.0000,6427.8000,6423.0000,6421.4000,6434.4000,6436.4000,6438.0000,6449.6000,6450.0000,1,1,1,1,1,1,1,1,5,1
SF,IC2010,2020-09-04 09:30:30.000,6436.8000,5895,0,146697400.000,0,-,-,-,-,6429.0000,6428.4000,6428.2000,6427.8000,6423.0000,6434.4000,6436.4000,6437.0000,6438.0000,6449.6000,1,1,1,1,1,1,1,1,1,5
SF,IC2010,2020-09-04 09:30:30.500,6432.4000,5894,-1,147983880.000,1,0,1,双平,S,6432.4000,6429.2000,6429.0000,6428.2000,6427.8000,6434.4000,6436.0000,6436.4000,6438.0000,6449.6000,4,1,1,1,1,1,1,1,1,5
SF,IC2010,2020-09-04 09:30:31.000,6434.4000,5894,0,149270760.000,1,0,1,多换,S,6432.4000,6429.2000,6429.0000,6428.2000,6427.8000,6436.0000,6436.2000,6436.4000,6449.6000,6450.0000,4,1,1,1,1,1,1,1,5,1
SF,IC2010,2020-09-04 09:30:31.500,6434.4000,5894,0,149270760.000,0,-,-,-,-,6432.6000,6432.4000,6429.2000,6429.0000,6428.2000,6434.0000,6449.6000,6450.0000,6459.4000,6459.8000,2,4,1,1,1,2,5,1,2,1
SF,IC2010,2020-09-04 09:30:32.000,6434.4000,5894,0,149270760.000,0,-,-,-,-,6432.6000,6432.4000,6429.2000,6429.0000,6428.2000,6449.6000,6450.0000,6459.4000,6459.8000,6460.0000,2,4,1,1,1,5,1,2,1,6
SF,IC2010,2020-09-04 09:30:32.500,6434.4000,5894,0,149270760.000,0,-,-,-,-,6432.8000,6432.6000,6432.4000,6429.0000,6428.2000,6435.0000,6435.6000,6435.8000,6437.8000,6438.8000,2,2,4,1,1,2,1,2,1,2
SF,IC2010,2020-09-04 09:30:33.000,6434.4000,5894,0,149270760.000,0,-,-,-,-,6433.0000,6432.8000,6432.6000,6432.4000,6429.0000,6440.4000,6441.4000,6441.6000,6442.2000,6442.8000,2,1,2,4,1,1,1,2,2,1
SF,IC2010,2020-09-04 09:30:33.500,6434.4000,5894,0,149270760.000,0,-,-,-,-,6433.2000,6433.0000,6432.8000,6432.4000,6429.0000,6436.2000,6436.6000,6441.2000,6441.4000,6441.6000,1,2,1,4,1,2,2,1,1,2
SF,IC2010,2020-09-04 09:30:34.000,6433.4000,5893,-1,150557440.000,1,0,1,双平,S,6433.0000,6432.8000,6432.4000,6429.0000,6427.8000,6441.4000,6441.6000,6442.2000,6442.8000,6445.4000,2,1,4,1,1,1,2,2,1,1
SF,IC2010,2020-09-04 09:30:34.500,6433.4000,5893,0,150557440.000,0,-,-,-,-,6433.2000,6432.8000,6432.4000,6429.0000,6427.8000,6441.2000,6441.6000,6442.2000,6442.8000,6445.2000,1,1,4,1,1,1,2,2,1,1
SF,IC2010,2020-09-04 09:30:35.000,6433.4000,5893,0,150557440.000,0,-,-,-,-,6433.2000,6432.8000,6432.4000,6429.0000,6427.8000,6441.2000,6442.8000,6445.2000,6445.4000,6449.6000,1,1,4,1,1,1,1,1,1,5
SF,IC2010,2020-09-04 09:30:35.500,6433.4000,5893,0,150557440.000,0,-,-,-,-,6433.6000,6433.4000,6433.2000,6432.8000,6432.4000,6445.2000,6445.4000,6446.8000,6449.6000,6450.0000,2,3,1,1,4,1,1,1,5,1
SF,IC2010,2020-09-04 09:30:36.000,6433.4000,5893,0,150557440.000,0,-,-,-,-,6435.0000,6433.8000,6433.6000,6433.4000,6433.2000,6439.0000,6439.4000,6444.0000,6444.2000,6444.8000,1,1,2,3,1,2,2,2,1,1
SF,IC2010,2020-09-04 09:30:36.500,6433.4000,5893,0,150557440.000,0,-,-,-,-,6440.4000,6435.0000,6433.8000,6433.6000,6433.4000,6445.2000,6445.4000,6446.8000,6449.6000,6450.0000,1,1,1,2,3,1,1,1,5,1
SF,IC2010,2020-09-04 09:30:37.000,6440.4000,5892,-1,153133600.000,2,0,2,多平,S,6435.0000,6434.0000,6433.4000,6432.4000,6432.2000,6441.4000,6441.8000,6442.0000,6445.0000,6445.2000,1,1,1,4,5,1,1,1,3,1
SF,IC2010,2020-09-04 09:30:37.500,6440.4000,5892,0,153133600.000,0,-,-,-,-,6435.4000,6435.2000,6435.0000,6434.0000,6433.4000,6441.2000,6445.4000,6446.8000,6449.6000,6449.8000,1,2,2,1,1,1,1,1,5,1
SF,IC2010,2020-09-04 09:30:38.000,6441.2000,5892,0,154421840.000,1,0,1,多换,S,6436.2000,6435.6000,6435.4000,6435.2000,6435.0000,6446.8000,6449.6000,6449.8000,6450.0000,6459.4000,1,2,1,2,2,1,5,1,1,2
SF,IC2010,2020-09-04 09:30:38.500,6441.2000,5892,0,154421840.000,0,-,-,-,-,6436.8000,6436.6000,6436.4000,6436.2000,6435.6000,6449.6000,6449.8000,6450.0000,6459.4000,6459.8000,1,1,2,1,1,5,1,1,2,1
SF,IC2010,2020-09-04 09:30:39.000,6441.2000,5892,0,154421840.000,0,-,-,-,-,6437.0000,6436.8000,6436.6000,6436.4000,6436.2000,6442.4000,6442.8000,6443.0000,6448.0000,6448.4000,3,1,2,1,1,2,2,1,1,1
SF,IC2010,2020-09-04 09:30:39.500,6441.2000,5892,0,154421840.000,0,-,-,-,-,6437.0000,6436.8000,6436.6000,6436.4000,6436.2000,6449.2000,6449.4000,6449.6000,6450.0000,6455.4000,3,3,1,1,1,1,3,1,1,5
SF,IC2010,2020-09-04 09:30:40.000,6441.2000,5892,0,154421840.000,0,-,-,-,-,6441.2000,6437.0000,6436.8000,6436.6000,6436.4000,6442.6000,6443.0000,6443.2000,6449.0000,6449.2000,1,3,1,1,1,2,2,1,2,1
SF,IC2010,2020-09-04 09:30:40.500,6441.4000,5891,-1,156998360.000,2,0,2,多平,S,6438.6000,6438.0000,6437.2000,6437.0000,6436.8000,6449.0000,6449.4000,6449.6000,6450.0000,6455.4000,1,1,1,3,1,1,1,1,1,5
SF,IC2010,2020-09-04 09:30:41.000,6441.4000,5891,0,156998360.000,0,-,-,-,-,6438.8000,6438.0000,6437.2000,6437.0000,6436.8000,6449.0000,6449.4000,6449.6000,6450.0000,6455.4000,2,1,1,1,1,1,1,1,1,5
SF,IC2010,2020-09-04 09:30:41.500,6441.4000,5891,0,156998360.000,0,-,-,-,-,6438.8000,6437.0000,6436.8000,6436.6000,6436.2000,6443.4000,6443.8000,6444.0000,6448.6000,6448.8000,2,1,1,1,1,2,2,1,1,3
SF,IC2010,2020-09-04 09:30:42.000,6448.6000,5891,0,158288080.000,1,0,1,多换,S,6439.0000,6438.8000,6437.0000,6436.8000,6436.6000,6449.4000,6449.6000,6450.0000,6455.4000,6459.4000,3,2,1,1,1,1,1,1,5,2
SF,IC2010,2020-09-04 09:30:42.500,6448.6000,5891,0,158288080.000,0,-,-,-,-,6441.2000,6439.6000,6439.2000,6439.0000,6437.0000,6449.4000,6449.6000,6450.0000,6455.4000,6459.4000,5,1,3,3,1,1,1,1,5,2
SF,IC2010,2020-09-04 09:30:43.000,6448.6000,5891,0,158288080.000,0,-,-,-,-,6441.4000,6441.2000,6439.2000,6439.0000,6436.8000,6442.8000,6443.2000,6443.4000,6443.8000,6444.0000,2,5,1,2,1,2,2,1,1,1
SF,IC2010,2020-09-04 09:30:43.500,6441.4000,5889,-2,163441160.000,4,1,3,多平,S,6441.2000,6439.2000,6436.8000,6436.6000,6435.4000,6441.4000,6447.6000,6448.4000,6449.0000,6450.0000,4,1,1,1,1,1,1,1,3,1
SF,IC2010,2020-09-04 09:30:44.000,6441.4000,5888,-1,164729440.000,1,0,1,双平,S,6443.2000,6441.4000,6441.2000,6439.2000,6436.8000,6449.0000,6450.0000,6459.4000,6460.0000,6461.2000,2,2,4,1,1,3,1,2,1,5
SF,IC2010,2020-09-04 09:30:44.500,6441.4000,5886,-2,167306000.000,2,0,2,双平,S,6441.4000,6441.2000,6439.2000,6436.8000,6436.6000,6445.2000,6445.6000,6445.8000,6446.2000,6448.8000,2,4,1,1,1,2,2,1,1,1
SF,IC2010,2020-09-04 09:30:45.000,6441.4000,5886,0,167306000.000,0,-,-,-,-,6441.4000,6441.2000,6439.2000,6436.8000,6432.4000,6448.8000,6449.0000,6450.0000,6450.2000,6451.0000,1,4,1,1,4,1,2,1,1,1
SF,IC2010,2020-09-04 09:30:45.500,6444.0000,5886,0,169883520.000,2,1,1,多换,S,6441.6000,6441.4000,6441.2000,6439.2000,6436.8000,6444.2000,6447.6000,6448.0000,6448.2000,6448.4000,1,1,4,1,1,1,2,1,1,1
SF,IC2010,2020-09-04 09:30:46.000,6444.0000,5886,0,169883520.000,0,-,-,-,-,6441.4000,6441.2000,6439.2000,6436.8000,6432.4000,6448.8000,6450.0000,6450.2000,6451.0000,6451.4000,1,4,1,1,4,1,1,1,1,1
SF,IC2010,2020-09-04 09:30:46.500,6444.0000,5886,0,171172320.000,1,0,1,多换,S,6441.4000,6441.2000,6439.2000,6436.8000,6432.4000,6443.2000,6443.6000,6448.4000,6448.6000,6448.8000,1,4,1,1,4,1,2,1,3,1
SF,IC2010,2020-09-04 09:30:47.000,6444.0000,5886,0,171172320.000,0,-,-,-,-,6441.4000,6441.2000,6439.2000,6436.8000,6432.4000,6447.6000,6448.0000,6448.4000,6448.8000,6450.0000,1,4,1,1,4,2,1,1,1,1
SF,IC2010,2020-09-04 09:30:47.500,6444.0000,5886,0,171172320.000,0,-,-,-,-,6441.6000,6441.4000,6441.2000,6439.2000,6436.8000,6444.6000,6447.4000,6448.2000,6449.0000,6449.6000,1,1,4,1,1,1,1,1,1,1
SF,IC2010,2020-09-04 09:30:48.000,6444.0000,5886,0,171172320.000,0,-,-,-,-,6441.4000,6441.2000,6439.2000,6436.8000,6432.4000,6443.0000,6447.4000,6448.2000,6449.0000,6449.6000,1,4,1,1,4,1,1,1,1,1
SF,IC2010,2020-09-04 09:30:48.500,6444.0000,5886,0,171172320.000,0,-,-,-,-,6441.6000,6441.4000,6441.2000,6436.8000,6435.0000,6442.0000,6447.4000,6448.2000,6449.0000,6449.6000,1,1,4,1,1,2,1,1,1,1
SF,IC2010,2020-09-04 09:30:49.000,6442.0000,5884,-2,173749120.000,2,0,2,双平,S,6441.6000,6441.4000,6441.2000,6436.8000,6435.0000,6447.4000,6448.2000,6449.0000,6449.6000,6450.0000,1,1,4,1,1,1,1,1,1,1
SF,IC2010,2020-09-04 09:30:49.500,6442.0000,5884,0,173749120.000,0,-,-,-,-,6443.0000,6441.8000,6441.6000,6441.4000,6441.2000,6443.2000,6444.4000,6447.4000,6448.2000,6449.0000,2,1,1,1,4,1,1,1,1,1
SF,IC2010,2020-09-04 09:30:50.000,6442.0000,5884,0,173749120.000,0,-,-,-,-,6443.2000,6443.0000,6441.6000,6441.4000,6441.2000,6447.4000,6448.2000,6449.6000,6450.0000,6451.2000,1,2,1,1,4,1,1,1,1,1
SF,IC2010,2020-09-04 09:30:50.500,6442.0000,5884,0,173749120.000,0,-,-,-,-,6443.6000,6443.4000,6443.2000,6443.0000,6441.6000,6447.4000,6449.6000,6450.0000,6451.2000,6459.4000,1,1,1,2,1,1,1,1,1,2
SF,IC2010,2020-09-04 09:30:51.000,6442.0000,5884,0,173749120.000,0,-,-,-,-,6443.6000,6443.4000,6443.2000,6443.0000,6441.6000,6447.4000,6450.0000,6451.2000,6459.4000,6460.0000,1,1,1,2,1,1,1,1,2,1
SF,IC2010,2020-09-04 09:30:51.500,6442.0000,5884,0,173749120.000,0,-,-,-,-,6443.8000,6443.6000,6443.4000,6443.2000,6443.0000,6447.4000,6450.0000,6451.2000,6459.4000,6460.0000,1,1,1,1,2,1,1,1,2,1
SF,IC2010,2020-09-04 09:30:52.000,6447.4000,5884,0,175038600.000,1,0,1,多换,S,6446.8000,6443.8000,6443.6000,6443.4000,6443.2000,6450.0000,6459.4000,6460.0000,6461.2000,6474.2000,1,1,1,1,1,1,2,1,5,1
SF,IC2010,2020-09-04 09:30:52.500,6443.4000,5882,-2,177616000.000,2,0,2,双平,S,6443.0000,6441.6000,6441.4000,6441.2000,6435.0000,6443.2000,6445.8000,6448.4000,6450.0000,6458.2000,2,1,1,4,1,4,1,1,1,1
SF,IC2010,2020-09-04 09:30:53.000,6445.8000,5877,-5,184059720.000,5,0,5,双平,S,6447.4000,6443.6000,6443.2000,6443.0000,6441.6000,6450.0000,6458.2000,6459.2000,6459.4000,6460.0000,1,1,1,2,1,1,1,1,2,1
SF,IC2010,2020-09-04 09:30:53.500,6447.4000,5876,-1,185349200.000,1,0,1,双平,S,6443.6000,6443.0000,6441.6000,6441.4000,6441.2000,6450.0000,6458.2000,6459.2000,6459.4000,6460.0000,1,3,1,1,4,1,1,1,2,1
SF,IC2010,2020-09-04 09:30:54.000,6447.4000,5876,0,185349200.000,0,-,-,-,-,6445.8000,6443.6000,6443.0000,6441.6000,6441.2000,6449.8000,6450.0000,6458.2000,6459.2000,6459.4000,1,1,2,1,4,2,1,1,1,2
SF,IC2010,2020-09-04 09:30:54.500,6447.4000,5876,0,185349200.000,0,-,-,-,-,6445.8000,6443.6000,6443.0000,6441.6000,6441.2000,6449.8000,6450.0000,6458.2000,6459.2000,6459.4000,1,1,2,1,4,1,1,1,1,2
SF,IC2010,2020-09-04 09:30:55.000,6447.4000,5876,0,185349200.000,0,-,-,-,-,6445.8000,6443.6000,6443.0000,6441.2000,6435.0000,6449.8000,6450.0000,6458.2000,6459.2000,6459.4000,1,1,2,4,1,1,1,1,1,2
SF,IC2010,2020-09-04 09:30:55.500,6445.8000,5876,0,186638360.000,1,0,1,多换,S,6443.6000,6443.0000,6441.2000,6435.0000,6434.4000,6449.8000,6450.0000,6458.2000,6459.2000,6459.4000,1,2,4,1,1,1,1,1,1,2
SF,IC2010,2020-09-04 09:30:56.000,6445.8000,5876,0,186638360.000,0,-,-,-,-,6443.8000,6443.6000,6443.0000,6441.2000,6435.0000,6449.6000,6449.8000,6450.0000,6458.2000,6459.2000,1,1,2,4,1,1,1,1,1,1
SF,IC2010,2020-09-04 09:30:56.500,6445.8000,5876,0,186638360.000,0,-,-,-,-,6443.8000,6443.6000,6443.0000,6441.2000,6436.4000,6449.4000,6449.6000,6450.0000,6458.2000,6459.2000,1,1,2,4,1,1,1,1,1,1
SF,IC2010,2020-09-04 09:30:57.000,6445.8000,5876,0,186638360.000,0,-,-,-,-,6446.6000,6444.0000,6443.8000,6443.6000,6443.0000,6449.2000,6449.4000,6450.0000,6458.2000,6459.2000,1,2,1,1,2,1,1,1,1,1
SF,IC2010,2020-09-04 09:30:57.500,6445.8000,5876,0,186638360.000,0,-,-,-,-,6444.0000,6443.6000,6443.0000,6441.2000,6436.4000,6446.6000,6446.8000,6450.0000,6458.2000,6459.2000,1,1,2,4,1,1,1,1,1,1
SF,IC2010,2020-09-04 09:30:58.000,6444.0000,5875,-1,187927160.000,1,0,1,双平,S,6443.6000,6443.0000,6441.2000,6436.4000,6435.0000,6450.0000,6458.2000,6459.2000,6459.4000,6460.0000,1,2,4,1,1,1,1,1,2,1
SF,IC2010,2020-09-04 09:30:58.500,6444.0000,5875,0,187927160.000,0,-,-,-,-,6443.8000,6443.6000,6443.0000,6441.2000,6436.4000,6449.8000,6450.0000,6458.2000,6459.2000,6459.4000,1,1,2,4,1,1,1,1,1,2
SF,IC2010,2020-09-04 09:30:59.000,6444.0000,5875,0,187927160.000,0,-,-,-,-,6443.8000,6443.6000,6443.0000,6441.2000,6436.4000,6446.2000,6446.8000,6449.8000,6450.0000,6458.2000,1,1,2,4,1,1,1,1,1,1
SF,IC2010,2020-09-04 09:30:59.500,6444.0000,5875,0,187927160.000,0,-,-,-,-,6443.8000,6443.6000,6443.0000,6441.2000,6436.4000,6449.8000,6450.0000,6458.2000,6459.2000,6459.4000,1,1,2,4,1,1,1,1,1,2
SF,IC2010,2020-09-04 09:31:00.000,6444.0000,5875,0,187927160.000,0,-,-,-,-,6444.0000,6443.8000,6443.6000,6443.0000,6441.2000,6449.6000,6449.8000,6450.0000,6458.2000,6459.2000,1,1,1,2,4,1,1,1,1,1
SF,IC2010,2020-09-04 09:31:00.500,6444.0000,5875,0,187927160.000,0,-,-,-,-,6444.0000,6443.8000,6443.6000,6443.0000,6441.2000,6444.6000,6445.2000,6449.4000,6449.6000,6449.8000,1,1,1,2,4,1,1,3,3,2
SF,IC2010,2020-09-04 09:31:01.000,6444.0000,5875,0,187927160.000,0,-,-,-,-,6443.8000,6443.6000,6443.0000,6441.2000,6438.6000,6449.4000,6450.0000,6458.2000,6459.2000,6459.4000,1,1,2,4,1,1,1,1,1,2
SF,IC2010,2020-09-04 09:31:01.500,6444.0000,5875,0,187927160.000,0,-,-,-,-,6443.8000,6443.6000,6443.0000,6441.2000,6438.6000,6446.6000,6449.2000,6449.4000,6450.0000,6458.2000,1,1,2,4,1,1,1,2,1,1
SF,IC2010,2020-09-04 09:31:02.000,6444.0000,5875,0,187927160.000,0,-,-,-,-,6444.0000,6443.8000,6443.6000,6443.0000,6441.2000,6445.2000,6446.6000,6449.2000,6449.4000,6450.0000,1,1,1,2,4,1,1,1,1,1
SF,IC2010,2020-09-04 09:31:02.500,6444.0000,5875,0,187927160.000,0,-,-,-,-,6444.0000,6443.8000,6443.6000,6443.0000,6441.2000,6446.6000,6449.2000,6449.4000,6450.0000,6458.2000,1,1,1,2,4,1,1,1,1,1
SF,IC2010,2020-09-04 09:31:03.000,6444.0000,5875,0,189215960.000,1,0,1,多换,S,6443.8000,6443.6000,6443.0000,6441.2000,6438.6000,6446.6000,6449.2000,6449.4000,6450.0000,6458.2000,1,1,2,4,1,1,1,1,1,1
SF,IC2010,2020-09-04 09:31:03.500,6444.0000,5875,0,189215960.000,0,-,-,-,-,6443.8000,6443.6000,6443.0000,6441.2000,6438.6000,6446.4000,6449.4000,6450.0000,6458.2000,6459.2000,1,1,2,4,1,1,1,1,1,1
SF,IC2010,2020-09-04 09:31:04.000,6444.0000,5875,0,189215960.000,0,-,-,-,-,6443.8000,6443.6000,6443.0000,6441.2000,6438.6000,6446.4000,6449.4000,6450.0000,6458.2000,6459.2000,1,1,2,4,1,1,1,1,1,1
SF,IC2010,2020-09-04 09:31:04.500,6444.0000,5875,0,189215960.000,0,-,-,-,-,6443.8000,6443.6000,6443.0000,6441.2000,6438.6000,6446.4000,6449.4000,6450.0000,6458.2000,6459.2000,1,1,2,4,1,1,1,1,1,1
SF,IC2010,2020-09-04 09:31:05.000,6444.0000,5875,0,189215960.000,0,-,-,-,-,6444.0000,6443.8000,6443.6000,6443.0000,6441.2000,6444.6000,6445.2000,6446.4000,6449.4000,6450.0000,1,1,1,2,4,1,1,1,1,1
SF,IC2010,2020-09-04 09:31:05.500,6444.0000,5874,-1,190504760.000,1,0,1,双平,S,6443.8000,6443.6000,6443.0000,6441.2000,6438.6000,6446.4000,6449.4000,6450.0000,6458.2000,6459.2000,1,1,2,4,1,1,1,1,1,1
SF,IC2010,2020-09-04 09:31:06.000,6444.0000,5874,0,190504760.000,0,-,-,-,-,6443.8000,6443.0000,6441.2000,6438.6000,6436.4000,6444.2000,6446.4000,6449.4000,6450.0000,6458.2000,1,2,4,1,1,1,1,1,1,1
SF,IC2010,2020-09-04 09:31:06.500,6444.0000,5874,0,190504760.000,0,-,-,-,-,6444.2000,6443.8000,6443.0000,6441.2000,6438.6000,6446.4000,6449.4000,6450.0000,6458.2000,6459.2000,1,1,2,4,1,1,1,1,1,1
SF,IC2010,2020-09-04 09:31:07.000,6443.8000,5872,-2,193082320.000,2,0,2,双平,S,6443.0000,6441.2000,6438.6000,6435.0000,6434.4000,6444.0000,6446.4000,6449.4000,6450.0000,6458.2000,2,4,1,1,1,1,1,1,1,1
SF,IC2010,2020-09-04 09:31:07.500,6444.0000,5872,0,194371120.000,1,0,1,多换,S,6443.0000,6441.2000,6438.6000,6435.0000,6434.4000,6446.4000,6449.4000,6450.0000,6458.2000,6459.2000,2,4,1,1,1,1,1,1,1,1
SF,IC2010,2020-09-04 09:31:08.000,6444.0000,5872,0,194371120.000,0,-,-,-,-,6443.0000,6441.2000,6436.6000,6435.0000,6434.4000,6443.8000,6446.4000,6449.4000,6450.0000,6458.2000,2,4,1,1,1,1,1,1,1,1
SF,IC2010,2020-09-04 09:31:08.500,6444.0000,5872,0,194371120.000,0,-,-,-,-,6443.0000,6441.2000,6436.6000,6435.0000,6434.4000,6446.4000,6449.4000,6450.0000,6458.2000,6459.2000,2,4,1,1,1,1,1,1,1,1
SF,IC2010,2020-09-04 09:31:09.000,6444.0000,5872,0,194371120.000,0,-,-,-,-,6443.0000,6441.2000,6436.6000,6435.0000,6434.4000,6446.4000,6449.4000,6450.0000,6458.2000,6459.2000,2,4,1,1,1,1,1,1,1,1
SF,IC2010,2020-09-04 09:31:09.500,6444.0000,5872,0,194371120.000,0,-,-,-,-,6443.0000,6441.2000,6436.6000,6435.0000,6434.4000,6444.0000,6446.4000,6449.4000,6450.0000,6458.2000,2,4,1,1,1,1,1,1,1,1
SF,IC2010,2020-09-04 09:31:10.000,6444.0000,5872,0,194371120.000,0,-,-,-,-,6443.2000,6443.0000,6441.2000,6436.6000,6435.0000,6446.4000,6449.4000,6450.0000,6458.2000,6459.2000,1,2,4,1,1,1,1,1,1,1
SF,IC2010,2020-09-04 09:31:10.500,6444.0000,5872,0,194371120.000,0,-,-,-,-,6443.2000,6443.0000,6441.2000,6436.6000,6435.0000,6446.4000,6449.4000,6450.0000,6458.2000,6459.2000,1,2,4,1,1,1,1,1,1,1
SF,IC2010,2020-09-04 09:31:11.000,6443.0000,5872,0,196948360.000,2,1,1,多换,S,6443.0000,6441.2000,6435.0000,6434.4000,6432.4000,6446.2000,6446.4000,6449.4000,6449.6000,6450.0000,1,4,1,1,4,1,1,1,5,2
SF,IC2010,2020-09-04 09:31:11.500,6443.0000,5872,0,196948360.000,0,-,-,-,-,6443.0000,6441.2000,6435.0000,6434.4000,6432.4000,6446.0000,6446.2000,6446.4000,6449.4000,6449.6000,1,4,1,1,4,1,1,1,1,5
SF,IC2010,2020-09-04 09:31:12.000,6443.0000,5873,1,198236960.000,1,1,0,双开,S,6441.2000,6435.0000,6432.4000,6432.2000,6429.0000,6446.0000,6446.2000,6449.4000,6450.0000,6455.4000,4,1,4,5,1,1,1,1,2,5
SF,IC2010,2020-09-04 09:31:12.500,6443.0000,5873,0,198236960.000,0,-,-,-,-,6441.4000,6441.2000,6435.0000,6432.4000,6432.2000,6445.8000,6446.0000,6450.0000,6455.4000,6459.2000,3,4,1,4,5,1,1,2,5,1
SF,IC2010,2020-09-04 09:31:13.000,6443.0000,5873,0,198236960.000,0,-,-,-,-,6441.6000,6441.4000,6441.2000,6435.0000,6432.4000,6445.6000,6445.8000,6450.0000,6455.4000,6459.2000,1,3,4,1,4,1,1,2,5,1
SF,IC2010,2020-09-04 09:31:13.500,6443.0000,5873,0,198236960.000,0,-,-,-,-,6441.6000,6441.4000,6441.2000,6440.0000,6435.0000,6443.0000,6445.6000,6445.8000,6450.0000,6455.4000,1,2,4,1,1,5,1,1,2,5
SF,IC2010,2020-09-04 09:31:14.500,6443.0000,5874,1,199525560.000,1,1,0,双开,S,6441.6000,6441.4000,6441.2000,6440.0000,6435.0000,6443.0000,6445.6000,6445.8000,6450.0000,6455.4000,1,2,4,1,1,5,1,1,2,5
SF,IC2010,2020-09-04 09:31:15.000,6443.0000,5874,0,205968560.000,5,2,3,多换,S,6441.6000,6441.4000,6441.2000,6440.0000,6435.0000,6445.6000,6445.8000,6450.0000,6455.4000,6459.2000,1,2,4,1,1,1,1,2,5,1
SF,IC2010,2020-09-04 09:31:15.500,6443.0000,5874,0,205968560.000,0,-,-,-,-,6441.6000,6441.2000,6440.0000,6435.0000,6432.4000,6445.6000,6445.8000,6450.0000,6455.4000,6459.2000,1,4,1,1,4,1,1,2,5,1
SF,IC2010,2020-09-04 09:31:16.000,6443.0000,5874,0,205968560.000,0,-,-,-,-,6441.6000,6441.2000,6440.0000,6435.0000,6432.4000,6445.4000,6445.6000,6445.8000,6450.0000,6455.4000,1,4,1,1,4,1,1,1,2,5
SF,IC2010,2020-09-04 09:31:16.500,6441.6000,5874,0,207256880.000,1,0,1,多换,S,6441.2000,6440.0000,6435.0000,6432.4000,6432.2000,6445.2000,6445.4000,6445.8000,6450.0000,6455.4000,4,1,1,4,5,1,1,1,2,5
SF,IC2010,2020-09-04 09:31:17.000,6441.6000,5874,0,207256880.000,0,-,-,-,-,6441.2000,6440.0000,6435.0000,6432.4000,6432.2000,6441.6000,6445.2000,6445.4000,6445.8000,6450.0000,4,1,1,4,5,1,1,1,1,2
SF,IC2010,2020-09-04 09:31:17.500,6441.6000,5874,0,208545200.000,1,0,1,多换,S,6441.2000,6440.0000,6435.0000,6432.4000,6432.2000,6445.2000,6445.8000,6450.0000,6455.4000,6459.2000,4,1,1,4,5,1,1,2,5,1
SF,IC2010,2020-09-04 09:31:18.000,6441.6000,5874,0,208545200.000,0,-,-,-,-,6441.2000,6440.0000,6435.0000,6432.4000,6432.2000,6445.2000,6445.8000,6450.0000,6455.4000,6459.2000,4,1,1,4,5,1,1,2,5,1
SF,IC2010,2020-09-04 09:31:18.500,6441.6000,5874,0,208545200.000,0,-,-,-,-,6441.2000,6440.0000,6435.0000,6432.4000,6432.2000,6445.2000,6450.0000,6455.4000,6459.2000,6459.4000,4,1,1,4,5,1,2,5,1,2
SF,IC2010,2020-09-04 09:31:19.000,6441.6000,5874,0,208545200.000,0,-,-,-,-,6441.2000,6440.0000,6435.0000,6432.4000,6432.2000,6445.0000,6445.2000,6450.0000,6455.4000,6459.2000,4,1,1,4,5,1,1,2,5,1
SF,IC2010,2020-09-04 09:31:19.500,6441.6000,5874,0,208545200.000,0,-,-,-,-,6441.2000,6440.0000,6435.0000,6432.4000,6432.2000,6444.8000,6445.0000,6450.0000,6455.4000,6459.2000,4,1,1,4,5,1,1,2,5,1
SF,IC2010,2020-09-04 09:31:20.000,6440.0000,5875,1,214986160.000,5,3,2,空开,S,6435.0000,6432.4000,6432.2000,6429.0000,6427.8000,6444.8000,6445.0000,6450.0000,6455.4000,6459.2000,1,4,5,1,1,1,1,2,5,1
SF,IC2010,2020-09-04 09:31:20.500,6440.0000,5875,0,214986160.000,0,-,-,-,-,6441.0000,6437.2000,6436.8000,6435.2000,6435.0000,6444.6000,6444.8000,6450.0000,6455.4000,6459.2000,1,2,5,2,1,2,1,2,5,1
SF,IC2010,2020-09-04 09:31:21.000,6440.0000,5875,0,214986160.000,0,-,-,-,-,6441.2000,6437.2000,6436.8000,6435.2000,6435.0000,6450.0000,6455.4000,6459.2000,6460.0000,6486.6000,1,1,1,1,1,2,5,1,1,6
SF,IC2010,2020-09-04 09:31:21.500,6440.0000,5875,0,214986160.000,0,-,-,-,-,6441.4000,6437.2000,6436.8000,6436.0000,6435.2000,6449.8000,6450.0000,6455.0000,6455.4000,6459.2000,1,1,1,1,1,3,2,1,5,1
SF,IC2010,2020-09-04 09:31:22.000,6440.0000,5875,0,214986160.000,0,-,-,-,-,6441.4000,6437.2000,6436.8000,6436.4000,6436.0000,6447.6000,6448.0000,6448.4000,6449.2000,6449.8000,1,1,1,1,1,4,1,1,1,4
SF,IC2010,2020-09-04 09:31:22.500,6440.0000,5875,0,214986160.000,0,-,-,-,-,6441.4000,6440.6000,6437.2000,6436.8000,6436.4000,6447.0000,6447.4000,6447.6000,6448.0000,6448.4000,1,1,1,1,1,1,2,4,1,1
SF,IC2010,2020-09-04 09:31:23.000,6440.0000,5875,0,214986160.000,0,-,-,-,-,6441.4000,6437.2000,6436.8000,6436.4000,6436.0000,6445.8000,6446.8000,6447.6000,6448.0000,6448.4000,1,1,1,1,1,1,3,2,1,1
SF,IC2010,2020-09-04 09:31:23.500,6440.0000,5875,0,214986160.000,0,-,-,-,-,6437.2000,6436.8000,6436.4000,6436.0000,6435.2000,6445.6000,6446.8000,6450.0000,6455.0000,6455.4000,1,1,1,1,1,2,1,2,1,5
SF,IC2010,2020-09-04 09:31:24.000,6440.0000,5875,0,214986160.000,0,-,-,-,-,6442.0000,6439.8000,6437.4000,6437.2000,6436.8000,6445.4000,6445.6000,6450.0000,6455.0000,6455.4000,1,1,2,1,1,1,2,2,1,5
SF,IC2010,2020-09-04 09:31:24.500,6440.0000,5875,0,214986160.000,0,-,-,-,-,6439.8000,6437.4000,6437.2000,6436.8000,6436.0000,6445.2000,6446.6000,6450.0000,6455.0000,6455.4000,1,2,1,1,1,1,1,2,1,5
SF,IC2010,2020-09-04 09:31:25.000,6440.0000,5875,0,214986160.000,0,-,-,-,-,6439.8000,6437.4000,6437.2000,6436.8000,6436.0000,6445.0000,6445.2000,6446.6000,6450.0000,6455.0000,1,2,1,1,1,2,1,1,2,1
SF,IC2010,2020-09-04 09:31:25.500,6440.0000,5875,0,214986160.000,0,-,-,-,-,6437.4000,6437.2000,6436.8000,6436.0000,6435.0000,6440.0000,6444.8000,6445.0000,6446.6000,6450.0000,2,1,1,1,1,2,1,2,1,2
SF,IC2010,2020-09-04 09:31:26.000,6440.0000,5875,0,217562160.000,2,1,1,多换,S,6440.4000,6437.8000,6437.4000,6437.2000,6436.8000,6445.0000,6446.6000,6450.0000,6455.0000,6455.4000,1,1,1,1,1,2,1,2,1,5
SF,IC2010,2020-09-04 09:31:26.500,6440.0000,5875,0,217562160.000,0,-,-,-,-,6437.8000,6437.4000,6437.2000,6436.8000,6436.0000,6444.8000,6445.0000,6446.6000,6450.0000,6455.0000,1,1,1,1,1,1,2,1,2,1
SF,IC2010,2020-09-04 09:31:27.000,6440.0000,5875,0,217562160.000,0,-,-,-,-,6439.6000,6438.0000,6437.8000,6437.4000,6437.2000,6444.6000,6444.8000,6445.0000,6446.6000,6450.0000,1,3,1,1,1,2,1,1,1,2
SF,IC2010,2020-09-04 09:31:27.500,6440.0000,5875,0,217562160.000,0,-,-,-,-,6442.4000,6439.6000,6438.0000,6437.8000,6437.4000,6444.4000,6444.6000,6445.0000,6446.6000,6450.0000,1,1,3,1,1,1,2,1,1,2
SF,IC2010,2020-09-04 09:31:28.000,6440.0000,5875,0,217562160.000,0,-,-,-,-,6440.0000,6439.6000,6438.0000,6437.8000,6437.4000,6445.0000,6446.6000,6450.0000,6455.0000,6455.4000,1,1,2,1,1,1,1,2,1,5
SF,IC2010,2020-09-04 09:31:28.500,6440.0000,5875,0,217562160.000,0,-,-,-,-,6440.2000,6438.0000,6437.8000,6437.4000,6437.2000,6444.8000,6445.0000,6446.6000,6450.0000,6455.0000,1,2,1,1,1,2,1,1,2,1
SF,IC2010,2020-09-04 09:31:29.000,6440.0000,5875,0,217562160.000,0,-,-,-,-,6440.4000,6438.8000,6438.0000,6437.8000,6437.4000,6444.8000,6445.0000,6446.6000,6450.0000,6455.0000,1,1,2,1,1,1,1,1,2,1
SF,IC2010,2020-09-04 09:31:29.500,6440.0000,5875,0,217562160.000,0,-,-,-,-,6440.4000,6438.8000,6438.0000,6437.8000,6437.4000,6444.8000,6445.0000,6450.0000,6455.0000,6455.4000,2,1,2,1,1,1,1,2,1,5
SF,IC2010,2020-09-04 09:31:30.000,6440.0000,5875,0,217562160.000,0,-,-,-,-,6443.2000,6440.6000,6440.4000,6440.0000,6438.8000,6444.8000,6445.0000,6450.0000,6455.0000,6455.4000,1,2,2,1,1,1,1,2,1,5
SF,IC2010,2020-09-04 09:31:30.500,6440.0000,5875,0,217562160.000,0,-,-,-,-,6440.4000,6440.0000,6438.8000,6438.0000,6437.8000,6444.8000,6445.0000,6450.0000,6455.0000,6455.4000,1,1,1,1,1,1,1,2,1,5
SF,IC2010,2020-09-04 09:31:31.000,6440.0000,5875,0,217562160.000,0,-,-,-,-,6440.6000,6440.0000,6438.8000,6438.0000,6437.8000,6444.6000,6444.8000,6445.0000,6450.0000,6455.0000,3,1,1,1,1,1,1,1,2,1
SF,IC2010,2020-09-04 09:31:31.500,6440.0000,5875,0,217562160.000,0,-,-,-,-,6440.6000,6440.0000,6438.8000,6438.0000,6437.8000,6444.4000,6445.0000,6450.0000,6455.0000,6455.4000,3,1,1,1,1,1,1,2,1,5
SF,IC2010,2020-09-04 09:31:32.000,6440.0000,5875,0,217562160.000,0,-,-,-,-,6442.4000,6440.8000,6440.6000,6440.0000,6438.8000,6444.4000,6445.0000,6450.0000,6455.0000,6455.4000,1,1,3,1,1,1,1,2,1,5
SF,IC2010,2020-09-04 09:31:32.500,6440.0000,5878,3,221426160.000,3,3,0,双开,S,6438.8000,6438.0000,6437.8000,6437.0000,6436.8000,6440.0000,6444.4000,6445.0000,6450.0000,6455.0000,1,1,1,1,1,3,1,1,2,1
SF,IC2010,2020-09-04 09:31:33.000,6439.6000,5878,0,230442080.000,7,3,4,多换,S,6438.8000,6438.6000,6438.0000,6437.8000,6437.0000,6445.0000,6450.0000,6455.0000,6455.4000,6459.2000,1,1,1,1,2,1,2,1,5,1
SF,IC2010,2020-09-04 09:31:33.500,6439.6000,5878,0,230442080.000,0,-,-,-,-,6441.8000,6439.0000,6438.8000,6438.6000,6438.0000,6444.8000,6445.0000,6450.0000,6455.0000,6455.4000,1,4,1,1,1,1,1,1,1,5
SF,IC2010,2020-09-04 09:31:34.000,6439.6000,5878,0,230442080.000,0,-,-,-,-,6439.0000,6438.8000,6438.6000,6438.0000,6437.8000,6444.8000,6445.0000,6450.0000,6455.0000,6455.4000,2,1,1,1,1,1,1,1,1,5
SF,IC2010,2020-09-04 09:31:34.500,6439.6000,5878,0,230442080.000,0,-,-,-,-,6439.8000,6439.2000,6439.0000,6438.8000,6438.6000,6444.6000,6444.8000,6445.0000,6450.0000,6455.0000,1,1,2,1,1,1,1,1,1,1
SF,IC2010,2020-09-04 09:31:35.000,6439.6000,5878,0,230442080.000,0,-,-,-,-,6442.2000,6440.0000,6439.8000,6439.2000,6439.0000,6444.4000,6445.0000,6450.0000,6455.0000,6455.4000,1,1,1,1,1,1,1,1,1,5
SF,IC2010,2020-09-04 09:31:35.500,6439.6000,5878,0,230442080.000,0,-,-,-,-,6440.0000,6439.8000,6439.0000,6438.8000,6438.6000,6444.4000,6445.0000,6450.0000,6455.0000,6455.4000,1,1,1,1,1,1,1,1,1,5
SF,IC2010,2020-09-04 09:31:36.000,6439.6000,5878,0,230442080.000,0,-,-,-,-,6440.0000,6439.0000,6438.8000,6438.6000,6438.0000,6444.4000,6445.0000,6450.0000,6455.0000,6455.4000,1,1,1,2,1,1,1,1,1,5
SF,IC2010,2020-09-04 09:31:36.500,6439.6000,5878,0,230442080.000,0,-,-,-,-,6439.0000,6438.8000,6438.6000,6437.8000,6437.0000,6444.2000,6444.4000,6445.0000,6450.0000,6455.0000,1,1,2,1,1,1,1,1,1,1
SF,IC2010,2020-09-04 09:31:37.000,6439.6000,5878,0,230442080.000,0,-,-,-,-,6438.8000,6438.6000,6437.8000,6437.0000,6436.8000,6444.0000,6444.2000,6445.0000,6450.0000,6455.0000,1,1,1,1,1,2,1,1,1,1
SF,IC2010,2020-09-04 09:31:37.500,6439.6000,5878,0,230442080.000,0,-,-,-,-,6438.8000,6438.6000,6437.8000,6437.0000,6436.8000,6443.0000,6443.8000,6444.0000,6445.0000,6450.0000,1,1,1,1,1,1,1,2,1,1
SF,IC2010,2020-09-04 09:31:38.000,6439.6000,5878,0,230442080.000,0,-,-,-,-,6441.2000,6439.0000,6438.8000,6438.6000,6437.8000,6442.8000,6444.0000,6445.0000,6450.0000,6455.0000,1,3,1,1,1,2,1,1,1,1
SF,IC2010,2020-09-04 09:31:38.500,6439.6000,5878,0,230442080.000,0,-,-,-,-,6439.0000,6438.8000,6438.6000,6437.8000,6437.0000,6442.8000,6445.0000,6450.0000,6455.0000,6455.4000,1,1,1,1,1,1,1,1,1,5
SF,IC2010,2020-09-04 09:31:39.000,6439.6000,5878,0,230442080.000,0,-,-,-,-,6439.0000,6438.8000,6438.6000,6437.8000,6437.0000,6442.8000,6445.0000,6450.0000,6455.0000,6455.4000,1,1,1,1,1,1,1,1,1,5
SF,IC2010,2020-09-04 09:31:39.500,6439.6000,5878,0,230442080.000,0,-,-,-,-,6442.0000,6439.2000,6439.0000,6438.8000,6438.6000,6442.8000,6445.0000,6450.0000,6455.0000,6455.4000,1,2,1,1,1,1,1,1,1,5
SF,IC2010,2020-09-04 09:31:40.000,6442.0000,5877,-1,231730480.000,1,0,1,双平,S,6439.8000,6439.0000,6438.8000,6438.6000,6437.8000,6442.8000,6445.0000,6450.0000,6455.0000,6455.4000,1,1,1,1,1,1,1,1,1,5
SF,IC2010,2020-09-04 09:31:40.500,6442.0000,5877,0,231730480.000,0,-,-,-,-,6440.8000,6439.8000,6439.0000,6438.8000,6438.6000,6442.8000,6445.0000,6450.0000,6455.0000,6455.4000,1,1,1,1,1,1,1,1,1,5
SF,IC2010,2020-09-04 09:31:41.000,6442.0000,5877,0,231730480.000,0,-,-,-,-,6439.8000,6439.0000,6438.8000,6438.6000,6437.8000,6442.8000,6445.0000,6450.0000,6455.0000,6455.4000,1,1,1,1,1,1,1,1,1,5
SF,IC2010,2020-09-04 09:31:41.500,6442.0000,5877,0,231730480.000,0,-,-,-,-,6440.0000,6439.8000,6439.0000,6438.8000,6438.6000,6442.8000,6445.0000,6450.0000,6455.0000,6455.4000,1,1,1,1,1,1,1,1,1,5
SF,IC2010,2020-09-04 09:31:42.000,6442.0000,5877,0,231730480.000,0,-,-,-,-,6440.2000,6440.0000,6439.8000,6439.0000,6438.8000,6442.8000,6445.0000,6450.0000,6455.0000,6455.4000,1,1,1,1,1,1,1,1,1,5
SF,IC2010,2020-09-04 09:31:44.000,6442.0000,5877,0,231730480.000,0,-,-,-,-,6440.2000,6440.0000,6439.8000,6439.0000,6438.8000,6442.8000,6445.0000,6450.0000,6455.0000,6455.4000,1,1,1,1,1,1,1,1,1,5
SF,IC2010,2020-09-04 09:31:44.500,6440.2000,5876,-1,233018520.000,1,0,1,双平,S,6439.8000,6438.8000,6435.0000,6434.2000,6432.8000,6445.0000,6450.0000,6455.0000,6455.4000,6459.2000,1,1,1,3,1,1,1,1,5,1
SF,IC2010,2020-09-04 09:31:45.000,6440.2000,5876,0,233018520.000,0,-,-,-,-,6439.8000,6438.8000,6435.0000,6434.2000,6432.8000,6442.0000,6443.0000,6444.8000,6445.0000,6450.0000,1,1,1,3,1,1,1,3,1,1
SF,IC2010,2020-09-04 09:31:45.500,6439.8000,5875,-1,234306480.000,1,0,1,双平,S,6438.8000,6435.0000,6434.2000,6432.8000,6432.4000,6441.8000,6443.0000,6444.8000,6445.0000,6450.0000,1,1,3,1,4,1,1,2,1,1
SF,IC2010,2020-09-04 09:31:47.000,6439.8000,5875,0,234306480.000,0,-,-,-,-,6439.8000,6438.8000,6435.0000,6434.2000,6432.4000,6441.8000,6443.0000,6444.8000,6445.0000,6450.0000,1,1,1,3,4,1,1,2,1,1
SF,IC2010,2020-09-04 09:31:47.500,6439.8000,5874,-1,235594440.000,1,0,1,双平,S,6438.8000,6435.0000,6434.2000,6432.4000,6432.2000,6441.8000,6443.0000,6445.0000,6450.0000,6455.0000,1,1,3,4,5,1,1,1,1,1
SF,IC2010,2020-09-04 09:31:48.000,6439.8000,5874,0,235594440.000,0,-,-,-,-,6438.8000,6435.0000,6434.2000,6432.4000,6432.2000,6439.6000,6440.8000,6441.8000,6445.0000,6450.0000,1,1,3,4,5,1,2,1,1,1
SF,IC2010,2020-09-04 09:31:48.500,6439.8000,5873,-1,236882400.000,1,0,1,双平,S,6438.8000,6435.0000,6434.2000,6432.4000,6432.2000,6440.8000,6441.8000,6445.0000,6450.0000,6455.0000,1,1,3,4,5,2,1,1,1,1
SF,IC2010,2020-09-04 09:31:49.000,6439.8000,5873,0,236882400.000,0,-,-,-,-,6438.8000,6435.0000,6434.2000,6432.4000,6432.2000,6440.6000,6440.8000,6445.0000,6450.0000,6455.0000,1,1,3,4,5,1,2,1,1,1
SF,IC2010,2020-09-04 09:31:50.000,6439.8000,5873,0,236882400.000,0,-,-,-,-,6439.6000,6438.8000,6435.0000,6434.2000,6432.4000,6440.6000,6440.8000,6445.0000,6450.0000,6455.0000,1,1,1,3,4,1,2,1,1,1
SF,IC2010,2020-09-04 09:31:50.500,6439.8000,5873,0,236882400.000,0,-,-,-,-,6439.6000,6438.8000,6435.0000,6434.2000,6432.4000,6440.6000,6440.8000,6445.0000,6450.0000,6455.0000,1,1,1,3,4,1,2,2,1,1
SF,IC2010,2020-09-04 09:31:51.000,6439.6000,5874,1,238170320.000,1,1,0,双开,S,6438.8000,6435.0000,6434.2000,6432.4000,6432.2000,6440.6000,6440.8000,6445.0000,6450.0000,6455.0000,1,1,3,4,5,1,2,2,1,1
SF,IC2010,2020-09-04 09:31:51.500,6439.6000,5874,0,238170320.000,0,-,-,-,-,6438.8000,6435.0000,6434.2000,6432.4000,6432.2000,6440.6000,6440.8000,6445.0000,6450.0000,6455.0000,1,1,3,4,5,1,2,2,1,1
SF,IC2010,2020-09-04 09:31:52.000,6438.8000,5874,0,240746200.000,2,1,1,多换,S,6435.0000,6434.2000,6432.4000,6432.2000,6430.4000,6440.8000,6445.0000,6450.0000,6455.0000,6455.4000,1,3,4,5,3,2,2,1,1,5
SF,IC2010,2020-09-04 09:31:52.500,6438.8000,5874,0,240746200.000,0,-,-,-,-,6436.2000,6435.6000,6435.2000,6435.0000,6434.2000,6440.8000,6445.0000,6450.0000,6455.0000,6455.4000,1,1,3,2,3,2,2,1,1,5
SF,IC2010,2020-09-04 09:31:53.000,6438.8000,5874,0,240746200.000,0,-,-,-,-,6436.4000,6436.2000,6435.6000,6435.2000,6435.0000,6440.6000,6440.8000,6445.0000,6450.0000,6455.0000,1,1,1,1,2,1,2,2,1,1
SF,IC2010,2020-09-04 09:31:53.500,6438.8000,5874,0,240746200.000,0,-,-,-,-,6436.4000,6435.6000,6435.2000,6435.0000,6434.2000,6440.4000,6440.6000,6440.8000,6445.0000,6450.0000,1,1,1,1,3,1,1,2,2,1
SF,IC2010,2020-09-04 09:31:54.000,6438.8000,5874,0,240746200.000,0,-,-,-,-,6436.6000,6436.4000,6435.6000,6435.2000,6435.0000,6440.4000,6440.6000,6440.8000,6445.0000,6450.0000,1,1,1,1,1,1,1,2,2,1
SF,IC2010,2020-09-04 09:31:56.500,6438.8000,5874,0,240746200.000,0,-,-,-,-,6437.4000,6436.6000,6436.4000,6435.6000,6435.2000,6440.4000,6440.6000,6440.8000,6445.0000,6450.0000,1,1,1,1,2,1,1,2,2,1
SF,IC2010,2020-09-04 09:31:57.000,6438.8000,5874,0,240746200.000,0,-,-,-,-,6437.4000,6436.6000,6436.4000,6435.6000,6435.2000,6440.4000,6440.8000,6445.0000,6450.0000,6451.6000,1,1,1,1,1,1,2,2,1,1
SF,IC2010,2020-09-04 09:31:57.500,6437.4000,5874,0,242033680.000,1,0,1,多换,S,6435.6000,6435.2000,6435.0000,6434.2000,6432.4000,6437.4000,6440.4000,6440.8000,6445.0000,6450.0000,1,1,1,3,4,2,1,2,2,1
SF,IC2010,2020-09-04 09:31:58.000,6437.4000,5874,0,243321160.000,1,0,1,多换,S,6435.8000,6435.2000,6435.0000,6434.2000,6432.4000,6437.4000,6440.4000,6440.8000,6445.0000,6450.0000,1,1,1,3,4,1,1,2,2,1
SF,IC2010,2020-09-04 09:31:58.500,6437.4000,5874,0,244608640.000,1,0,1,多换,S,6435.8000,6435.2000,6435.0000,6434.2000,6432.4000,6440.4000,6440.8000,6445.0000,6450.0000,6451.6000,1,1,1,3,4,1,2,2,1,1
SF,IC2010,2020-09-04 09:31:59.000,6437.4000,5874,0,244608640.000,0,-,-,-,-,6436.0000,6435.8000,6435.2000,6435.0000,6434.2000,6440.4000,6440.8000,6445.0000,6450.0000,6451.6000,3,1,1,1,3,1,2,2,1,1
SF,IC2010,2020-09-04 09:31:59.500,6437.4000,5874,0,244608640.000,0,-,-,-,-,6436.0000,6435.8000,6435.2000,6435.0000,6434.2000,6440.4000,6440.8000,6445.0000,6450.0000,6451.6000,2,1,1,1,3,1,2,2,1,1
SF,IC2010,2020-09-04 09:32:00.000,6437.4000,5874,0,244608640.000,0,-,-,-,-,6436.0000,6435.8000,6435.2000,6435.0000,6434.2000,6440.2000,6440.4000,6440.8000,6445.0000,6450.0000,1,1,1,1,3,1,1,2,2,1
SF,IC2010,2020-09-04 09:32:00.500,6437.4000,5874,0,244608640.000,0,-,-,-,-,6435.8000,6435.2000,6435.0000,6434.2000,6432.4000,6440.0000,6440.2000,6440.8000,6445.0000,6450.0000,1,1,1,3,4,2,1,2,2,1
SF,IC2010,2020-09-04 09:32:01.000,6436.0000,5873,-1,245895840.000,1,0,1,双平,S,6435.8000,6435.2000,6435.0000,6434.2000,6432.4000,6439.6000,6439.8000,6440.0000,6440.8000,6445.0000,1,1,1,3,4,1,1,2,2,2
SF,IC2010,2020-09-04 09:32:01.500,6436.0000,5873,0,245895840.000,0,-,-,-,-,6436.6000,6436.0000,6435.8000,6435.2000,6435.0000,6440.0000,6440.8000,6445.0000,6450.0000,6451.6000,1,2,1,1,1,2,2,2,1,1
SF,IC2010,2020-09-04 09:32:03.500,6436.0000,5873,0,245895840.000,0,-,-,-,-,6436.8000,6436.6000,6436.0000,6435.8000,6435.2000,6440.0000,6440.8000,6445.0000,6450.0000,6451.6000,1,1,2,1,1,2,2,2,1,1
SF,IC2010,2020-09-04 09:32:04.000,6436.0000,5871,-2,249757600.000,3,0,3,多平,S,6435.2000,6435.0000,6434.2000,6432.4000,6432.2000,6436.6000,6439.6000,6439.8000,6440.0000,6440.8000,1,1,3,5,5,1,1,1,1,2
SF,IC2010,2020-09-04 09:32:04.500,6436.0000,5871,0,249757600.000,0,-,-,-,-,6435.2000,6435.0000,6434.2000,6432.4000,6432.2000,6436.4000,6436.6000,6439.8000,6440.8000,6445.0000,1,1,3,5,5,1,1,1,2,2
SF,IC2010,2020-09-04 09:32:05.000,6435.0000,5871,0,252331640.000,2,1,1,多换,S,6434.2000,6432.4000,6430.4000,6429.0000,6427.8000,6436.4000,6436.6000,6439.8000,6440.8000,6445.0000,3,4,3,1,1,1,1,1,2,2
SF,IC2010,2020-09-04 09:32:05.500,6435.0000,5871,0,252331640.000,0,-,-,-,-,6434.2000,6432.4000,6430.4000,6429.0000,6427.8000,6436.4000,6436.6000,6440.8000,6445.0000,6450.0000,3,4,3,1,1,1,1,2,2,1
SF,IC2010,2020-09-04 09:32:06.500,6434.2000,5868,-3,256193080.000,3,0,3,双平,S,6434.2000,6432.4000,6430.4000,6429.0000,6427.8000,6440.8000,6445.0000,6450.0000,6451.6000,6455.0000,2,4,3,1,1,2,2,1,1,1
SF,IC2010,2020-09-04 09:32:07.000,6434.2000,5868,0,256193080.000,0,-,-,-,-,6434.4000,6434.2000,6432.4000,6430.4000,6429.0000,6440.0000,6440.6000,6440.8000,6445.0000,6450.0000,1,2,4,3,1,1,2,2,2,1
SF,IC2010,2020-09-04 09:32:07.500,6434.2000,5866,-2,258766760.000,2,0,2,双平,S,6434.2000,6432.4000,6430.4000,6429.0000,6427.8000,6436.4000,6439.4000,6439.8000,6440.0000,6440.4000,1,4,3,1,1,1,1,3,2,2
SF,IC2010,2020-09-04 09:32:08.000,6434.4000,5866,0,260053640.000,1,0,1,多换,S,6434.2000,6432.4000,6430.4000,6429.0000,6427.8000,6436.2000,6439.4000,6439.8000,6440.0000,6440.4000,1,4,3,1,1,1,1,2,1,2
SF,IC2010,2020-09-04 09:32:08.500,6434.2000,5866,0,261340480.000,1,0,1,多换,S,6432.4000,6430.4000,6429.0000,6427.8000,6427.6000,6436.2000,6439.4000,6439.8000,6440.0000,6440.4000,4,3,1,1,1,1,1,1,1,2
SF,IC2010,2020-09-04 09:32:09.000,6434.2000,5866,0,261340480.000,0,-,-,-,-,6432.6000,6432.4000,6430.4000,6429.0000,6427.8000,6436.0000,6436.2000,6439.4000,6439.8000,6440.8000,1,4,3,1,1,1,1,1,1,2
SF,IC2010,2020-09-04 09:32:09.500,6434.2000,5866,0,261340480.000,0,-,-,-,-,6432.6000,6432.4000,6430.4000,6429.0000,6427.8000,6435.8000,6436.0000,6439.4000,6439.8000,6440.8000,1,4,3,1,1,1,1,1,1,2
SF,IC2010,2020-09-04 09:32:10.000,6432.6000,5865,-1,262627000.000,1,0,1,双平,S,6432.4000,6430.4000,6429.0000,6427.8000,6427.6000,6434.2000,6435.6000,6435.8000,6439.4000,6439.8000,4,3,1,1,1,1,1,1,1,1
SF,IC2010,2020-09-04 09:32:10.500,6432.6000,5865,0,262627000.000,0,-,-,-,-,6432.4000,6430.4000,6429.0000,6427.8000,6427.6000,6434.2000,6435.6000,6435.8000,6439.8000,6440.8000,4,3,1,1,1,1,1,1,1,2
SF,IC2010,2020-09-04 09:32:11.000,6432.4000,5863,-2,266486440.000,3,0,3,多平,S,6432.4000,6430.4000,6429.0000,6427.8000,6427.6000,6434.2000,6435.6000,6435.8000,6439.8000,6440.8000,1,3,1,1,1,1,1,1,1,2
SF,IC2010,2020-09-04 09:32:11.500,6432.4000,5862,-1,267772920.000,1,0,1,双平,S,6430.4000,6429.0000,6427.8000,6427.6000,6426.4000,6434.2000,6435.6000,6435.8000,6439.8000,6440.8000,3,1,1,1,6,1,1,1,1,2
SF,IC2010,2020-09-04 09:32:12.000,6432.4000,5862,0,267772920.000,0,-,-,-,-,6430.4000,6429.0000,6427.8000,6427.6000,6426.4000,6434.0000,6434.2000,6439.8000,6440.8000,6443.8000,3,1,1,1,6,2,1,1,2,5
SF,IC2010,2020-09-04 09:32:12.500,6432.4000,5862,0,267772920.000,0,-,-,-,-,6430.4000,6429.0000,6427.8000,6427.6000,6426.4000,6434.0000,6434.2000,6439.8000,6440.8000,6443.8000,3,1,1,1,6,2,1,1,2,5
SF,IC2010,2020-09-04 09:32:13.000,6432.4000,5862,0,267772920.000,0,-,-,-,-,6430.4000,6429.0000,6427.8000,6427.6000,6426.4000,6433.6000,6434.0000,6434.2000,6439.8000,6440.8000,3,1,1,1,6,1,2,1,1,2
SF,IC2010,2020-09-04 09:32:13.500,6432.4000,5862,0,267772920.000,0,-,-,-,-,6430.4000,6429.0000,6427.8000,6427.6000,6426.4000,6433.4000,6434.2000,6439.8000,6440.8000,6443.8000,3,1,1,1,6,2,1,1,2,5
SF,IC2010,2020-09-04 09:32:15.000,6430.4000,5862,0,269059000.000,1,0,1,多换,S,6430.4000,6429.0000,6427.8000,6427.6000,6426.4000,6433.4000,6434.2000,6439.8000,6440.8000,6443.8000,2,1,1,1,6,2,1,1,2,5
SF,IC2010,2020-09-04 09:32:15.500,6430.4000,5862,0,270345080.000,1,0,1,多换,S,6432.0000,6430.4000,6429.0000,6427.8000,6427.6000,6433.2000,6433.4000,6434.2000,6439.8000,6440.8000,1,1,1,1,1,2,2,1,1,2
SF,IC2010,2020-09-04 09:32:16.000,6430.4000,5862,0,272917240.000,2,1,1,多换,S,6429.0000,6427.8000,6427.6000,6426.4000,6404.6000,6430.4000,6431.8000,6432.0000,6433.0000,6433.2000,1,1,1,6,1,1,2,1,1,2
SF,IC2010,2020-09-04 09:32:16.500,6430.4000,5861,-1,275489400.000,2,0,2,多平,S,6429.0000,6427.8000,6427.6000,6426.4000,6404.6000,6431.6000,6431.8000,6433.0000,6433.2000,6434.2000,1,1,1,6,1,2,2,1,2,1
SF,IC2010,2020-09-04 09:32:17.000,6429.0000,5861,0,276775200.000,1,0,1,多换,S,6427.8000,6427.6000,6426.4000,6404.6000,6402.0000,6431.4000,6431.6000,6431.8000,6433.0000,6434.2000,1,1,6,1,1,1,2,2,1,1
SF,IC2010,2020-09-04 09:32:17.500,6429.0000,5861,0,276775200.000,0,-,-,-,-,6427.8000,6427.6000,6426.4000,6404.6000,6402.0000,6431.4000,6431.6000,6431.8000,6433.0000,6434.2000,1,1,6,1,1,1,2,2,1,1
SF,IC2010,2020-09-04 09:32:18.000,6429.0000,5861,0,276775200.000,0,-,-,-,-,6427.8000,6427.6000,6426.4000,6404.6000,6402.0000,6429.0000,6431.2000,6431.4000,6431.6000,6431.8000,1,1,6,1,1,1,1,1,2,2
SF,IC2010,2020-09-04 09:32:18.500,6429.0000,5859,-2,279346800.000,2,0,2,双平,S,6427.8000,6427.6000,6426.4000,6404.6000,6402.0000,6429.0000,6431.2000,6431.4000,6431.6000,6433.0000,1,1,6,1,1,1,1,1,1,1
SF,IC2010,2020-09-04 09:32:19.000,6429.0000,5858,-1,280632600.000,1,0,1,双平,S,6427.8000,6427.6000,6426.4000,6420.6000,6404.6000,6429.0000,6431.2000,6431.4000,6431.6000,6433.0000,1,1,1,5,1,1,1,1,1,1
SF,IC2010,2020-09-04 09:32:19.500,6429.0000,5858,0,280632600.000,0,-,-,-,-,6427.8000,6427.6000,6426.4000,6420.6000,6404.6000,6429.0000,6431.2000,6431.4000,6431.6000,6433.0000,1,1,1,5,1,1,1,1,1,1
SF,IC2010,2020-09-04 09:32:20.000,6429.0000,5858,0,280632600.000,0,-,-,-,-,6427.8000,6427.6000,6426.4000,6420.6000,6404.6000,6429.0000,6431.2000,6431.4000,6431.6000,6433.0000,1,1,1,5,1,1,1,1,1,1
SF,IC2010,2020-09-04 09:32:20.500,6427.8000,5857,-1,284489760.000,3,1,2,多平,S,6427.6000,6426.4000,6420.6000,6404.6000,6402.0000,6429.0000,6431.2000,6431.4000,6431.6000,6433.0000,1,1,5,1,1,1,1,1,1,1
SF,IC2010,2020-09-04 09:32:21.000,6427.8000,5857,0,284489760.000,0,-,-,-,-,6427.6000,6426.4000,6420.6000,6418.0000,6404.6000,6429.0000,6431.2000,6431.4000,6431.6000,6433.0000,1,1,5,1,1,1,1,1,1,1
SF,IC2010,2020-09-04 09:32:21.500,6428.8000,5856,-1,285775520.000,1,0,1,双平,S,6427.6000,6426.4000,6420.6000,6418.0000,6404.6000,6429.0000,6431.2000,6431.4000,6431.6000,6433.0000,1,1,5,1,1,1,1,1,1,1
SF,IC2010,2020-09-04 09:32:22.000,6428.8000,5856,0,285775520.000,0,-,-,-,-,6427.6000,6426.4000,6420.6000,6418.0000,6404.6000,6429.0000,6431.2000,6431.4000,6431.6000,6434.2000,1,1,5,1,1,1,1,1,1,1
SF,IC2010,2020-09-04 09:32:22.500,6428.8000,5854,-2,288347040.000,2,0,2,双平,S,6427.6000,6426.4000,6420.6000,6418.0000,6404.6000,6429.0000,6431.2000,6431.4000,6431.6000,6434.2000,1,1,5,1,1,1,1,1,1,1
SF,IC2010,2020-09-04 09:32:23.000,6427.6000,5854,0,289632560.000,1,0,1,多换,S,6426.4000,6420.6000,6418.0000,6404.6000,6402.0000,6429.0000,6431.2000,6431.4000,6431.6000,6434.2000,1,5,1,1,1,1,1,1,1,1
SF,IC2010,2020-09-04 09:32:23.500,6427.6000,5854,0,289632560.000,0,-,-,-,-,6426.4000,6420.6000,6418.0000,6404.6000,6402.0000,6428.8000,6429.0000,6431.6000,6434.2000,6436.8000,1,5,1,1,1,2,1,1,1,2
SF,IC2010,2020-09-04 09:32:24.000,6427.6000,5854,0,289632560.000,0,-,-,-,-,6426.4000,6420.6000,6418.0000,6404.6000,6402.0000,6428.4000,6428.8000,6429.0000,6431.6000,6434.2000,1,5,1,1,1,1,2,1,1,1
SF,IC2010,2020-09-04 09:32:24.500,6428.8000,5851,-3,293489760.000,3,0,3,双平,S,6428.4000,6426.4000,6420.6000,6418.0000,6404.6000,6429.0000,6431.6000,6434.2000,6436.8000,6440.8000,1,1,5,1,1,1,1,1,2,2
SF,IC2010,2020-09-04 09:32:25.000,6429.0000,5850,-1,294775560.000,1,0,1,双平,S,6429.0000,6427.2000,6426.8000,6426.4000,6426.0000,6431.6000,6434.2000,6436.8000,6440.8000,6443.8000,2,1,1,1,1,1,1,2,2,5
SF,IC2010,2020-09-04 09:32:25.500,6429.0000,5850,0,294775560.000,0,-,-,-,-,6431.6000,6429.8000,6429.2000,6429.0000,6427.2000,6434.2000,6436.8000,6440.8000,6443.8000,6445.0000,1,1,1,1,1,1,2,2,5,2
SF,IC2010,2020-09-04 09:32:26.000,6429.0000,5850,0,294775560.000,0,-,-,-,-,6431.6000,6429.8000,6429.2000,6429.0000,6427.2000,6434.0000,6434.2000,6436.8000,6440.8000,6443.8000,1,1,1,1,1,1,1,2,2,5
SF,IC2010,2020-09-04 09:32:26.500,6429.0000,5851,1,297347160.000,2,1,1,空开,S,6429.0000,6427.2000,6426.8000,6426.4000,6426.0000,6434.0000,6434.2000,6436.8000,6440.8000,6443.8000,1,1,1,1,1,1,1,2,2,5
SF,IC2010,2020-09-04 09:32:27.000,6434.2000,5849,-2,299920800.000,2,0,2,双平,S,6429.4000,6429.2000,6427.2000,6426.8000,6426.4000,6436.8000,6440.8000,6443.8000,6445.0000,6450.0000,1,3,1,1,1,2,2,5,2,1
SF,IC2010,2020-09-04 09:32:27.500,6434.2000,5849,0,299920800.000,0,-,-,-,-,6429.8000,6429.6000,6429.4000,6429.2000,6427.2000,6436.6000,6436.8000,6440.8000,6443.8000,6445.0000,1,4,1,1,1,2,2,2,5,2
SF,IC2010,2020-09-04 09:32:28.000,6434.2000,5849,0,299920800.000,0,-,-,-,-,6429.6000,6429.2000,6427.2000,6426.4000,6425.8000,6436.4000,6436.6000,6436.8000,6440.8000,6443.8000,1,1,1,1,1,1,2,2,2,5
SF,IC2010,2020-09-04 09:32:28.500,6434.2000,5849,0,299920800.000,0,-,-,-,-,6429.8000,6429.2000,6427.2000,6426.4000,6425.8000,6436.2000,6436.4000,6436.6000,6436.8000,6440.8000,1,1,1,1,1,2,1,1,2,2
SF,IC2010,2020-09-04 09:32:29.000,6434.2000,5849,0,299920800.000,0,-,-,-,-,6430.0000,6429.8000,6429.2000,6427.2000,6426.4000,6436.2000,6436.8000,6440.8000,6443.8000,6445.0000,1,1,1,1,1,2,2,2,5,2
SF,IC2010,2020-09-04 09:32:29.500,6434.2000,5849,0,299920800.000,0,-,-,-,-,6430.2000,6430.0000,6427.2000,6426.4000,6425.8000,6435.6000,6436.2000,6436.8000,6440.8000,6443.8000,2,1,1,1,1,1,2,2,2,5
SF,IC2010,2020-09-04 09:32:30.000,6434.2000,5849,0,299920800.000,0,-,-,-,-,6430.4000,6430.2000,6427.2000,6426.4000,6425.8000,6435.4000,6435.6000,6436.2000,6436.8000,6440.8000,1,2,1,1,1,1,1,1,2,2
SF,IC2010,2020-09-04 09:32:30.500,6434.2000,5849,0,299920800.000,0,-,-,-,-,6430.6000,6430.4000,6430.2000,6429.2000,6427.2000,6436.2000,6436.8000,6440.8000,6443.8000,6445.0000,1,1,1,5,1,1,2,2,5,2
SF,IC2010,2020-09-04 09:32:31.000,6434.2000,5849,0,299920800.000,0,-,-,-,-,6432.2000,6431.0000,6430.8000,6430.6000,6429.2000,6436.0000,6436.8000,6440.8000,6443.8000,6445.0000,1,2,2,1,5,1,2,2,5,2
SF,IC2010,2020-09-04 09:32:31.500,6434.2000,5849,0,299920800.000,0,-,-,-,-,6432.2000,6431.2000,6430.8000,6430.6000,6429.2000,6436.0000,6436.8000,6440.8000,6443.8000,6445.0000,1,1,2,1,5,1,2,2,5,2
SF,IC2010,2020-09-04 09:32:32.000,6434.2000,5849,0,299920800.000,0,-,-,-,-,6430.8000,6430.6000,6429.2000,6427.2000,6426.4000,6436.0000,6436.8000,6440.8000,6443.8000,6445.0000,2,1,5,1,1,1,2,2,5,2
SF,IC2010,2020-09-04 09:32:32.500,6434.2000,5849,0,299920800.000,0,-,-,-,-,6431.0000,6430.8000,6429.2000,6427.2000,6426.4000,6435.8000,6436.0000,6436.8000,6440.8000,6443.8000,1,1,5,1,1,2,1,2,2,5
SF,IC2010,2020-09-04 09:32:33.000,6434.2000,5849,0,299920800.000,0,-,-,-,-,6431.0000,6430.8000,6429.2000,6427.2000,6426.4000,6435.6000,6435.8000,6436.8000,6440.8000,6443.8000,1,1,5,1,1,1,1,2,2,5
SF,IC2010,2020-09-04 09:32:33.500,6434.2000,5849,0,299920800.000,0,-,-,-,-,6431.0000,6429.2000,6427.2000,6426.4000,6425.2000,6435.4000,6435.6000,6436.8000,6440.8000,6443.8000,1,5,1,1,1,1,1,2,2,5
SF,IC2010,2020-09-04 09:32:34.000,6434.2000,5849,0,299920800.000,0,-,-,-,-,6431.0000,6429.2000,6427.2000,6426.4000,6425.2000,6435.2000,6435.4000,6436.8000,6440.8000,6443.8000,1,5,1,1,1,1,1,2,2,5
SF,IC2010,2020-09-04 09:32:34.500,6434.2000,5849,0,299920800.000,0,-,-,-,-,6429.2000,6427.2000,6426.4000,6425.2000,6420.6000,6435.0000,6435.2000,6436.8000,6440.8000,6443.8000,5,1,1,1,5,1,1,2,2,5
SF,IC2010,2020-09-04 09:32:35.000,6434.2000,5849,0,299920800.000,0,-,-,-,-,6429.2000,6427.2000,6426.4000,6425.2000,6420.6000,6431.0000,6433.6000,6434.8000,6435.0000,6436.8000,5,1,1,1,5,1,1,3,1,2
SF,IC2010,2020-09-04 09:32:35.500,6431.0000,5849,0,301207000.000,1,0,1,多换,S,6429.2000,6429.0000,6427.2000,6426.4000,6420.6000,6433.6000,6434.8000,6435.0000,6436.8000,6440.8000,5,1,1,1,5,1,3,1,2,2
SF,IC2010,2020-09-04 09:32:36.000,6433.4000,5848,-1,302493680.000,1,0,1,双平,S,6429.2000,6429.0000,6427.2000,6426.4000,6420.6000,6433.4000,6433.6000,6434.8000,6436.8000,6440.8000,5,1,1,1,5,1,1,2,2,2
SF,IC2010,2020-09-04 09:32:36.500,6433.4000,5848,0,302493680.000,0,-,-,-,-,6429.4000,6429.2000,6429.0000,6427.2000,6426.4000,6433.4000,6433.6000,6434.8000,6436.8000,6440.8000,1,5,1,1,1,1,1,2,2,2
SF,IC2010,2020-09-04 09:32:37.000,6433.4000,5848,0,302493680.000,0,-,-,-,-,6429.4000,6429.2000,6429.0000,6427.2000,6426.4000,6433.4000,6433.6000,6434.8000,6436.8000,6440.8000,1,5,1,1,1,1,1,1,2,2
SF,IC2010,2020-09-04 09:32:37.500,6433.4000,5848,0,302493680.000,0,-,-,-,-,6429.4000,6429.2000,6429.0000,6427.2000,6426.4000,6433.4000,6433.6000,6434.8000,6436.8000,6440.8000,1,5,1,1,1,1,2,1,2,2
SF,IC2010,2020-09-04 09:32:39.000,6433.4000,5848,0,302493680.000,0,-,-,-,-,6429.8000,6429.4000,6429.2000,6429.0000,6427.2000,6433.4000,6433.6000,6434.8000,6436.8000,6438.0000,1,1,5,1,1,1,2,1,2,10
SF,IC2010,2020-09-04 09:32:39.500,6433.4000,5848,0,302493680.000,0,-,-,-,-,6430.2000,6430.0000,6429.2000,6429.0000,6427.2000,6433.6000,6434.8000,6436.8000,6438.0000,6440.8000,1,1,5,1,1,2,1,2,10,2
SF,IC2010,2020-09-04 09:32:40.000,6433.4000,5848,0,302493680.000,0,-,-,-,-,6432.2000,6430.4000,6430.2000,6429.2000,6429.0000,6433.6000,6436.8000,6438.0000,6440.8000,6443.8000,2,1,1,5,1,2,2,10,2,5
SF,IC2010,2020-09-04 09:32:40.500,6433.6000,5846,-2,305067120.000,2,0,2,双平,S,6430.4000,6429.2000,6429.0000,6427.2000,6426.6000,6436.8000,6438.0000,6440.8000,6443.8000,6445.0000,1,5,1,1,1,2,10,2,5,2
SF,IC2010,2020-09-04 09:32:41.000,6433.6000,5846,0,305067120.000,0,-,-,-,-,6430.6000,6430.4000,6429.8000,6429.2000,6429.0000,6436.6000,6436.8000,6438.0000,6440.8000,6443.8000,1,1,1,5,1,1,2,10,2,5
SF,IC2010,2020-09-04 09:32:41.500,6433.6000,5846,0,305067120.000,0,-,-,-,-,6431.0000,6430.8000,6430.6000,6430.4000,6429.8000,6436.8000,6438.0000,6440.8000,6445.0000,6449.6000,2,1,2,1,1,2,10,2,2,5
SF,IC2010,2020-09-04 09:32:42.000,6433.6000,5846,0,305067120.000,0,-,-,-,-,6435.0000,6433.2000,6432.0000,6431.6000,6431.4000,6436.8000,6438.0000,6440.8000,6445.0000,6449.6000,2,1,1,2,2,2,10,2,2,5
SF,IC2010,2020-09-04 09:32:42.500,6436.8000,5845,-1,306354480.000,1,0,1,双平,S,6433.2000,6432.0000,6431.6000,6431.4000,6431.2000,6436.8000,6438.0000,6440.8000,6445.0000,6449.6000,1,1,1,2,3,1,10,2,2,5
SF,IC2010,2020-09-04 09:32:43.000,6436.8000,5844,-1,307641840.000,1,0,1,双平,S,6433.6000,6433.4000,6433.2000,6432.0000,6431.6000,6438.0000,6440.8000,6445.0000,6449.6000,6450.0000,1,1,3,1,1,10,2,2,5,1
SF,IC2010,2020-09-04 09:32:43.500,6436.8000,5844,0,307641840.000,0,-,-,-,-,6433.8000,6433.6000,6433.2000,6432.0000,6431.4000,6436.8000,6437.8000,6440.8000,6444.0000,6445.0000,1,1,2,1,1,10,2,2,1,2
SF,IC2010,2020-09-04 09:32:44.000,6436.8000,5844,0,308929200.000,1,0,1,多换,S,6435.2000,6433.8000,6433.6000,6433.2000,6432.0000,6436.8000,6437.8000,6440.8000,6444.0000,6445.0000,2,1,1,2,1,9,1,2,1,2
SF,IC2010,2020-09-04 09:32:44.500,6436.8000,5844,0,308929200.000,0,-,-,-,-,6433.8000,6433.2000,6432.2000,6432.0000,6431.4000,6436.8000,6440.8000,6444.0000,6445.0000,6449.6000,1,2,5,1,1,9,2,1,2,5
SF,IC2010,2020-09-04 09:32:45.000,6436.8000,5846,2,311503920.000,2,2,0,双开,S,6434.2000,6433.8000,6433.6000,6433.2000,6432.2000,6436.8000,6440.8000,6444.0000,6445.0000,6449.6000,1,1,2,2,5,7,2,1,2,5
SF,IC2010,2020-09-04 09:32:45.500,6436.8000,5846,0,311503920.000,0,-,-,-,-,6436.0000,6434.4000,6434.2000,6433.6000,6433.2000,6436.8000,6440.8000,6444.0000,6445.0000,6449.6000,1,1,1,2,2,7,2,1,2,5
SF,IC2010,2020-09-04 09:32:46.000,6434.4000,5846,0,312790800.000,1,0,1,多换,S,6433.6000,6433.2000,6432.2000,6432.0000,6431.4000,6436.8000,6440.8000,6444.0000,6445.0000,6449.6000,2,2,5,1,1,7,2,1,2,5
SF,IC2010,2020-09-04 09:32:46.500,6436.8000,5847,1,315365520.000,2,1,1,空开,S,6434.0000,6433.8000,6433.6000,6433.4000,6433.2000,6436.8000,6440.8000,6444.0000,6445.0000,6449.6000,1,1,2,1,2,5,2,1,2,5
SF,IC2010,2020-09-04 09:32:47.000,6436.8000,5847,0,315365520.000,0,-,-,-,-,6436.6000,6434.2000,6434.0000,6433.6000,6433.4000,6436.8000,6440.8000,6444.0000,6445.0000,6449.6000,1,1,1,2,1,5,2,1,2,5
SF,IC2010,2020-09-04 09:32:47.500,6436.8000,5847,0,321802320.000,5,2,3,多换,S,6436.6000,6436.0000,6434.2000,6433.6000,6433.4000,6440.8000,6444.0000,6445.0000,6449.6000,6450.0000,1,2,1,2,1,2,1,2,5,1
SF,IC2010,2020-09-04 09:32:48.000,6436.0000,5850,3,326951440.000,4,3,1,空开,S,6434.2000,6433.6000,6433.4000,6433.2000,6432.2000,6440.6000,6440.8000,6444.0000,6445.0000,6449.6000,1,2,1,1,5,2,2,1,2,5
SF,IC2010,2020-09-04 09:32:48.500,6436.0000,5850,0,326951440.000,0,-,-,-,-,6434.4000,6434.2000,6433.6000,6433.4000,6433.2000,6440.4000,6440.6000,6440.8000,6444.0000,6445.0000,2,1,2,1,1,1,2,2,1,2
SF,IC2010,2020-09-04 09:32:49.000,6436.0000,5850,0,326951440.000,0,-,-,-,-,6438.4000,6436.2000,6435.2000,6435.0000,6434.8000,6440.2000,6440.4000,6440.8000,6444.0000,6445.0000,1,1,1,1,2,1,1,2,1,2
SF,IC2010,2020-09-04 09:32:49.500,6436.0000,5850,0,326951440.000,0,-,-,-,-,6436.8000,6436.2000,6435.6000,6435.2000,6435.0000,6440.8000,6444.0000,6445.0000,6449.6000,6450.0000,1,1,1,1,3,2,1,2,5,1
SF,IC2010,2020-09-04 09:32:50.000,6436.0000,5850,0,326951440.000,0,-,-,-,-,6439.4000,6437.0000,6436.8000,6436.2000,6435.6000,6440.8000,6444.0000,6445.0000,6449.6000,6450.0000,1,1,3,1,1,2,1,2,5,1
SF,IC2010,2020-09-04 09:32:50.500,6436.0000,5850,0,326951440.000,0,-,-,-,-,6437.2000,6437.0000,6436.8000,6436.2000,6435.6000,6440.8000,6444.0000,6445.0000,6449.6000,6450.0000,1,1,3,1,1,2,1,2,5,1
SF,IC2010,2020-09-04 09:32:51.000,6436.0000,5850,0,326951440.000,0,-,-,-,-,6437.6000,6437.4000,6437.2000,6436.8000,6436.2000,6440.8000,6444.0000,6445.0000,6450.0000,6451.6000,1,1,1,3,1,2,1,2,1,1
SF,IC2010,2020-09-04 09:32:51.500,6440.8000,5849,-1,329527760.000,2,0,2,多平,S,6441.2000,6440.8000,6439.2000,6438.6000,6438.0000,6444.0000,6445.0000,6450.0000,6451.6000,6455.0000,1,1,1,1,4,1,2,1,1,1
SF,IC2010,2020-09-04 09:32:52.000,6443.8000,5848,-1,330816520.000,1,0,1,双平,S,6439.0000,6438.6000,6438.4000,6438.0000,6437.8000,6443.8000,6444.0000,6445.0000,6450.0000,6451.6000,1,2,1,3,1,1,1,2,1,1
SF,IC2010,2020-09-04 09:32:52.500,6443.8000,5848,0,330816520.000,0,-,-,-,-,6439.6000,6439.2000,6439.0000,6438.6000,6438.4000,6443.6000,6443.8000,6444.0000,6445.0000,6450.0000,1,1,1,1,1,1,2,1,2,1
SF,IC2010,2020-09-04 09:32:53.000,6443.8000,5848,0,330816520.000,0,-,-,-,-,6439.0000,6438.0000,6437.4000,6436.8000,6436.4000,6443.4000,6443.6000,6443.8000,6444.0000,6445.0000,1,1,1,2,1,1,1,1,1,2
SF,IC2010,2020-09-04 09:32:53.500,6443.8000,5848,0,330816520.000,0,-,-,-,-,6441.2000,6439.2000,6439.0000,6438.0000,6437.4000,6443.2000,6443.4000,6443.8000,6444.0000,6445.0000,1,1,1,1,1,1,1,1,1,2
SF,IC2010,2020-09-04 09:32:54.000,6439.2000,5847,-1,332104360.000,1,0,1,双平,S,6439.0000,6438.0000,6437.4000,6436.8000,6436.4000,6443.0000,6444.0000,6445.0000,6450.0000,6451.6000,1,1,1,2,1,1,1,2,1,1
SF,IC2010,2020-09-04 09:32:54.500,6439.2000,5847,0,332104360.000,0,-,-,-,-,6439.2000,6439.0000,6438.0000,6437.4000,6436.8000,6444.0000,6445.0000,6450.0000,6451.6000,6455.0000,1,1,1,1,2,1,2,1,1,1
SF,IC2010,2020-09-04 09:32:55.000,6439.2000,5847,0,332104360.000,0,-,-,-,-,6439.2000,6439.0000,6438.0000,6436.8000,6436.4000,6443.8000,6444.0000,6445.0000,6450.0000,6451.6000,1,1,1,2,1,2,1,2,1,1
SF,IC2010,2020-09-04 09:32:56.500,6439.2000,5847,0,334680040.000,2,1,1,多换,S,6439.0000,6438.0000,6436.8000,6436.4000,6433.6000,6443.8000,6444.0000,6445.0000,6450.0000,6451.6000,1,1,2,1,2,2,1,2,1,1
SF,IC2010,2020-09-04 09:32:57.000,6439.2000,5847,0,334680040.000,0,-,-,-,-,6441.8000,6440.2000,6439.4000,6439.2000,6438.0000,6443.8000,6444.0000,6445.0000,6450.0000,6451.6000,1,1,1,1,1,2,1,2,1,1
SF,IC2010,2020-09-04 09:32:57.500,6443.8000,5846,-1,335968800.000,1,0,1,双平,S,6440.2000,6439.8000,6439.4000,6439.2000,6438.0000,6444.0000,6445.0000,6450.0000,6451.6000,6455.0000,1,1,2,1,1,1,2,1,1,1
SF,IC2010,2020-09-04 09:32:58.000,6443.8000,5846,0,335968800.000,0,-,-,-,-,6440.4000,6440.2000,6439.8000,6438.0000,6436.8000,6444.0000,6445.0000,6450.0000,6451.6000,6455.0000,1,1,1,1,2,1,2,1,1,1
SF,IC2010,2020-09-04 09:32:58.500,6443.8000,5846,0,335968800.000,0,-,-,-,-,6442.4000,6440.4000,6440.2000,6438.0000,6436.8000,6444.0000,6445.0000,6450.0000,6455.0000,6455.4000,1,1,1,1,2,1,2,1,1,5
SF,IC2010,2020-09-04 09:32:59.000,6443.8000,5846,0,335968800.000,0,-,-,-,-,6442.6000,6440.8000,6440.2000,6436.8000,6436.4000,6444.0000,6445.0000,6450.0000,6455.0000,6455.4000,1,1,1,2,1,1,2,1,1,5
SF,IC2010,2020-09-04 09:32:59.500,6444.0000,5846,0,337257600.000,1,0,1,多换,S,6444.0000,6440.2000,6436.8000,6436.4000,6433.6000,6445.0000,6450.0000,6455.0000,6455.4000,6460.0000,1,1,1,1,2,2,1,1,5,1
SF,IC2010,2020-09-04 09:33:00.000,6444.0000,5846,0,338546400.000,1,0,1,多换,S,6436.8000,6436.4000,6433.6000,6433.4000,6432.2000,6445.0000,6450.0000,6455.0000,6455.4000,6460.0000,1,1,2,1,5,2,1,1,5,1
SF,IC2010,2020-09-04 09:33:00.500,6444.0000,5846,0,338546400.000,0,-,-,-,-,6442.8000,6442.6000,6441.6000,6441.4000,6440.4000,6444.8000,6445.0000,6450.0000,6455.0000,6455.4000,1,2,1,2,2,2,2,1,1,5
SF,IC2010,2020-09-04 09:33:01.000,6445.0000,5846,0,342413360.000,3,1,2,多换,S,6442.6000,6441.6000,6441.4000,6440.4000,6440.0000,6450.0000,6455.0000,6455.4000,6460.0000,6464.6000,1,1,2,2,1,1,1,5,1,1
SF,IC2010,2020-09-04 09:33:01.500,6445.0000,5846,0,342413360.000,0,-,-,-,-,6442.8000,6441.6000,6441.4000,6440.4000,6440.0000,6449.8000,6450.0000,6455.0000,6455.4000,6460.0000,1,1,1,1,1,4,1,1,5,1
SF,IC2010,2020-09-04 09:33:02.000,6445.0000,5846,0,342413360.000,0,-,-,-,-,6442.8000,6441.4000,6440.4000,6440.0000,6438.6000,6446.4000,6449.8000,6450.0000,6455.0000,6455.4000,1,1,1,1,1,2,3,1,1,5
SF,IC2010,2020-09-04 09:33:02.500,6445.0000,5846,0,342413360.000,0,-,-,-,-,6442.8000,6438.6000,6438.0000,6437.0000,6436.8000,6446.2000,6446.4000,6448.8000,6449.6000,6449.8000,1,1,1,1,1,2,1,1,1,2
SF,IC2010,2020-09-04 09:33:03.000,6442.8000,5845,-1,343701920.000,1,0,1,双平,S,6437.0000,6436.8000,6436.4000,6433.6000,6433.4000,6444.2000,6446.0000,6446.2000,6446.4000,6449.6000,1,1,1,2,1,1,1,1,1,1
SF,IC2010,2020-09-04 09:33:03.500,6442.8000,5845,0,343701920.000,0,-,-,-,-,6438.0000,6437.8000,6437.4000,6437.2000,6437.0000,6444.0000,6445.0000,6446.2000,6446.4000,6449.6000,1,1,1,1,1,1,1,1,1,1
SF,IC2010,2020-09-04 09:33:04.000,6442.8000,5845,0,343701920.000,0,-,-,-,-,6439.2000,6438.2000,6438.0000,6437.8000,6437.4000,6443.8000,6444.0000,6446.4000,6449.6000,6450.0000,1,1,1,1,1,1,1,1,1,1
SF,IC2010,2020-09-04 09:33:04.500,6440.6000,5844,-1,344990040.000,1,0,1,双平,S,6441.8000,6439.4000,6439.0000,6438.6000,6438.4000,6443.6000,6443.8000,6446.4000,6449.6000,6450.0000,1,1,1,4,1,1,1,1,1,1
SF,IC2010,2020-09-04 09:33:05.000,6441.6000,5844,0,346278360.000,1,0,1,多换,S,6439.4000,6439.0000,6438.6000,6438.4000,6438.0000,6441.8000,6443.8000,6446.4000,6449.4000,6449.6000,1,1,1,1,1,1,1,1,1,1
SF,IC2010,2020-09-04 09:33:05.500,6441.6000,5844,0,346278360.000,0,-,-,-,-,6441.2000,6439.4000,6437.8000,6437.4000,6436.8000,6441.8000,6446.4000,6449.4000,6449.6000,6450.0000,1,1,1,1,1,1,1,1,1,1
SF,IC2010,2020-09-04 09:33:06.000,6441.6000,5844,0,346278360.000,0,-,-,-,-,6441.2000,6439.4000,6437.8000,6437.4000,6436.8000,6441.8000,6446.4000,6449.4000,6449.6000,6450.0000,1,1,1,1,1,1,1,1,1,1
SF,IC2010,2020-09-04 09:33:06.500,6441.6000,5844,0,346278360.000,0,-,-,-,-,6441.8000,6439.4000,6437.8000,6437.4000,6436.8000,6446.4000,6449.4000,6449.6000,6450.0000,6455.0000,3,1,1,1,1,1,1,1,1,1
SF,IC2010,2020-09-04 09:33:07.000,6441.6000,5843,-1,347566680.000,1,0,1,双平,S,6437.8000,6437.4000,6436.8000,6436.4000,6433.6000,6446.2000,6446.4000,6449.4000,6449.6000,6450.0000,1,1,1,1,2,2,1,1,1,1
SF,IC2010,2020-09-04 09:33:07.500,6441.6000,5843,0,347566680.000,0,-,-,-,-,6442.2000,6438.6000,6438.4000,6438.0000,6437.8000,6446.0000,6446.2000,6446.4000,6449.4000,6449.6000,1,4,1,2,1,1,2,1,1,1
SF,IC2010,2020-09-04 09:33:08.000,6441.6000,5843,0,347566680.000,0,-,-,-,-,6438.6000,6438.4000,6438.0000,6437.8000,6437.4000,6445.8000,6446.2000,6446.4000,6449.4000,6449.6000,4,1,1,1,1,1,1,1,1,1
SF,IC2010,2020-09-04 09:33:08.500,6441.6000,5843,0,347566680.000,0,-,-,-,-,6439.0000,6438.8000,6438.6000,6438.4000,6438.0000,6445.6000,6445.8000,6446.4000,6449.4000,6449.6000,1,1,4,1,1,2,1,1,1,1
SF,IC2010,2020-09-04 09:33:09.000,6441.6000,5843,0,347566680.000,0,-,-,-,-,6442.4000,6439.2000,6439.0000,6438.6000,6438.4000,6445.4000,6445.6000,6446.4000,6449.4000,6449.6000,1,1,1,3,1,1,2,1,1,1
SF,IC2010,2020-09-04 09:33:09.500,6441.6000,5843,0,347566680.000,0,-,-,-,-,6442.2000,6439.2000,6439.0000,6438.6000,6438.4000,6445.4000,6446.4000,6449.4000,6450.0000,6455.0000,1,1,1,3,1,1,1,1,1,1
SF,IC2010,2020-09-04 09:33:10.000,6441.6000,5843,0,347566680.000,0,-,-,-,-,6442.4000,6442.2000,6439.0000,6438.6000,6438.0000,6446.4000,6449.4000,6450.0000,6455.0000,6455.4000,1,1,1,1,1,1,1,1,1,5
SF,IC2010,2020-09-04 09:33:10.500,6442.2000,5843,0,348855120.000,1,0,1,多换,S,6444.4000,6442.6000,6442.4000,6439.0000,6438.6000,6446.4000,6449.4000,6450.0000,6455.0000,6455.4000,1,1,1,1,1,1,1,1,1,5
SF,IC2010,2020-09-04 09:33:11.000,6446.4000,5843,0,350144400.000,1,0,1,多换,S,6444.6000,6439.0000,6438.6000,6438.0000,6436.8000,6449.4000,6450.0000,6455.0000,6455.4000,6460.0000,1,1,1,1,1,1,1,1,5,1
SF,IC2010,2020-09-04 09:33:11.500,6446.4000,5843,0,350144400.000,0,-,-,-,-,6444.6000,6439.0000,6438.6000,6438.0000,6433.6000,6449.2000,6449.4000,6450.0000,6455.0000,6460.0000,1,1,1,1,2,3,1,1,1,1
SF,IC2010,2020-09-04 09:33:12.000,6446.4000,5843,0,350144400.000,0,-,-,-,-,6444.6000,6439.0000,6438.0000,6433.6000,6433.4000,6449.2000,6449.4000,6450.0000,6455.0000,6460.0000,1,1,1,2,1,3,1,1,1,1
SF,IC2010,2020-09-04 09:33:12.500,6446.4000,5843,0,350144400.000,0,-,-,-,-,6439.6000,6438.0000,6433.6000,6433.4000,6432.2000,6449.2000,6449.4000,6450.0000,6455.0000,6460.0000,1,1,2,1,5,3,1,1,1,1
SF,IC2010,2020-09-04 09:33:13.000,6446.4000,5843,0,350144400.000,0,-,-,-,-,6446.2000,6443.0000,6442.6000,6442.2000,6441.6000,6449.0000,6449.2000,6449.4000,6450.0000,6455.0000,1,1,1,3,2,1,2,1,1,1
SF,IC2010,2020-09-04 09:33:13.500,6446.4000,5843,0,350144400.000,0,-,-,-,-,6443.0000,6442.8000,6442.6000,6442.2000,6441.6000,6448.8000,6449.4000,6450.0000,6455.0000,6460.0000,1,1,1,3,2,1,1,1,1,1
SF,IC2010,2020-09-04 09:33:14.000,6446.4000,5843,0,350144400.000,0,-,-,-,-,6443.2000,6443.0000,6442.8000,6442.6000,6442.2000,6448.6000,6450.0000,6455.0000,6460.0000,6461.2000,2,1,1,1,3,2,1,1,1,5
SF,IC2010,2020-09-04 09:33:14.500,6446.4000,5843,0,350144400.000,0,-,-,-,-,6446.8000,6443.6000,6443.2000,6443.0000,6442.8000,6448.6000,6450.0000,6455.0000,6460.0000,6461.2000,1,1,3,1,1,2,1,1,1,5
SF,IC2010,2020-09-04 09:33:15.000,6446.4000,5843,0,350144400.000,0,-,-,-,-,6443.8000,6443.6000,6443.2000,6443.0000,6442.8000,6450.0000,6455.0000,6460.0000,6461.2000,6475.6000,5,1,3,1,1,1,1,1,5,1
SF,IC2010,2020-09-04 09:33:15.500,6446.4000,5843,0,350144400.000,0,-,-,-,-,6444.0000,6443.8000,6443.6000,6443.2000,6443.0000,6449.8000,6450.0000,6455.0000,6460.0000,6461.2000,2,5,1,2,1,1,1,1,1,5
SF,IC2010,2020-09-04 09:33:16.000,6446.4000,5843,0,350144400.000,0,-,-,-,-,6447.4000,6444.2000,6444.0000,6443.8000,6443.6000,6449.8000,6450.0000,6455.0000,6460.0000,6461.2000,1,2,2,5,1,1,1,1,1,5
SF,IC2010,2020-09-04 09:33:16.500,6446.4000,5843,0,350144400.000,0,-,-,-,-,6444.0000,6443.8000,6443.6000,6443.2000,6443.0000,6447.8000,6449.6000,6450.0000,6455.0000,6460.0000,2,5,1,1,1,1,1,1,1,1
SF,IC2010,2020-09-04 09:33:17.000,6446.4000,5843,0,350144400.000,0,-,-,-,-,6444.0000,6443.8000,6443.6000,6443.2000,6443.0000,6447.8000,6450.0000,6455.0000,6460.0000,6461.2000,2,5,1,1,1,1,1,1,1,5
SF,IC2010,2020-09-04 09:33:17.500,6446.4000,5843,0,350144400.000,0,-,-,-,-,6447.2000,6444.4000,6444.2000,6444.0000,6443.8000,6447.8000,6450.0000,6455.0000,6460.0000,6461.2000,1,1,2,2,5,1,1,1,1,5
SF,IC2010,2020-09-04 09:33:18.000,6447.8000,5842,-1,351433960.000,1,0,1,双平,S,6447.8000,6444.2000,6444.0000,6443.8000,6443.6000,6450.0000,6455.0000,6460.0000,6461.2000,6475.6000,2,2,2,5,1,1,1,1,5,1
SF,IC2010,2020-09-04 09:33:18.500,6447.8000,5842,0,351433960.000,0,-,-,-,-,6444.2000,6444.0000,6443.8000,6443.6000,6443.0000,6450.0000,6455.0000,6460.0000,6461.2000,6475.6000,2,2,5,1,1,1,1,1,5,1
SF,IC2010,2020-09-04 09:33:19.000,6447.8000,5842,0,351433960.000,0,-,-,-,-,6449.0000,6448.0000,6447.0000,6446.4000,6445.8000,6449.8000,6450.0000,6455.0000,6460.0000,6461.2000,1,1,1,2,1,2,1,1,1,5
SF,IC2010,2020-09-04 09:33:19.500,6448.6000,5840,-2,354013400.000,2,0,2,双平,S,6448.0000,6446.4000,6445.8000,6445.4000,6445.2000,6450.0000,6455.0000,6460.0000,6461.2000,6475.6000,1,2,2,1,1,1,1,1,5,1
SF,IC2010,2020-09-04 09:33:20.000,6448.2000,5839,-1,355303040.000,1,0,1,双平,S,6448.0000,6446.4000,6445.8000,6445.4000,6445.2000,6450.0000,6455.0000,6460.0000,6461.2000,6475.6000,1,2,1,1,1,1,1,1,5,1
SF,IC2010,2020-09-04 09:33:20.500,6448.2000,5839,0,355303040.000,0,-,-,-,-,6448.0000,6445.4000,6445.2000,6444.8000,6444.4000,6450.0000,6455.0000,6460.0000,6461.2000,6475.6000,1,1,1,1,1,1,1,1,5,1
SF,IC2010,2020-09-04 09:33:21.000,6448.2000,5839,0,355303040.000,0,-,-,-,-,6449.2000,6448.0000,6445.4000,6445.2000,6444.8000,6450.0000,6455.0000,6460.0000,6461.2000,6475.6000,1,1,1,1,1,1,1,1,5,1
SF,IC2010,2020-09-04 09:33:21.500,6450.0000,5839,0,356593040.000,1,0,1,多换,S,6448.0000,6445.4000,6445.2000,6444.8000,6444.4000,6455.0000,6460.0000,6461.2000,6475.6000,6486.6000,1,1,1,1,1,1,1,5,1,6
SF,IC2010,2020-09-04 09:33:22.000,6450.0000,5839,0,356593040.000,0,-,-,-,-,6450.0000,6448.0000,6445.4000,6445.2000,6444.8000,6454.8000,6455.0000,6460.0000,6461.2000,6475.6000,1,1,1,1,1,2,1,1,5,1
SF,IC2010,2020-09-04 09:33:22.500,6454.4000,5840,1,357883920.000,1,1,0,双开,S,6450.0000,6448.0000,6445.4000,6445.2000,6444.8000,6454.8000,6455.0000,6460.0000,6461.2000,6475.6000,1,1,1,1,1,2,1,1,5,1
SF,IC2010,2020-09-04 09:33:23.000,6454.4000,5840,0,357883920.000,0,-,-,-,-,6450.0000,6448.0000,6445.4000,6444.4000,6444.2000,6454.8000,6455.0000,6460.0000,6461.2000,6475.6000,1,1,1,1,1,2,1,1,5,1
SF,IC2010,2020-09-04 09:33:23.500,6454.4000,5840,0,357883920.000,0,-,-,-,-,6450.2000,6450.0000,6448.0000,6445.4000,6444.2000,6454.8000,6460.0000,6461.2000,6475.6000,6486.6000,1,1,1,1,1,2,1,5,1,6
SF,IC2010,2020-09-04 09:33:24.000,6454.4000,5840,0,357883920.000,0,-,-,-,-,6450.2000,6450.0000,6448.0000,6445.4000,6444.2000,6454.8000,6460.0000,6461.2000,6475.6000,6486.6000,1,1,1,1,1,2,1,5,1,6
SF,IC2010,2020-09-04 09:33:25.000,6454.4000,5840,0,357883920.000,0,-,-,-,-,6450.2000,6450.0000,6448.0000,6445.4000,6444.2000,6454.8000,6460.0000,6461.2000,6475.6000,6486.6000,1,1,1,1,1,2,1,5,1,6
SF,IC2010,2020-09-04 09:33:26.000,6454.8000,5840,0,359174880.000,1,0,1,多换,S,6450.2000,6450.0000,6448.0000,6445.4000,6444.2000,6454.8000,6460.0000,6461.2000,6475.6000,6486.6000,1,1,1,1,1,1,1,5,1,6
SF,IC2010,2020-09-04 09:33:26.500,6454.8000,5840,0,359174880.000,0,-,-,-,-,6450.8000,6450.2000,6450.0000,6448.0000,6445.4000,6454.8000,6460.0000,6467.0000,6475.6000,6486.6000,1,1,1,1,1,1,1,5,1,6
SF,IC2010,2020-09-04 09:33:27.000,6454.8000,5840,0,359174880.000,0,-,-,-,-,6451.0000,6450.8000,6450.0000,6448.0000,6445.4000,6454.8000,6460.0000,6467.0000,6475.6000,6486.6000,1,1,1,1,1,1,1,5,1,6
SF,IC2010,2020-09-04 09:33:27.500,6454.8000,5840,0,359174880.000,0,-,-,-,-,6451.0000,6450.8000,6450.0000,6448.0000,6445.4000,6454.8000,6460.0000,6467.0000,6475.6000,6486.6000,1,1,1,1,1,1,1,5,1,6
SF,IC2010,2020-09-04 09:33:28.000,6454.8000,5840,0,360465840.000,1,0,1,多换,S,6453.2000,6450.8000,6450.0000,6448.0000,6445.4000,6460.0000,6467.0000,6475.6000,6486.6000,6488.8000,1,1,1,1,1,1,5,1,6,5
SF,IC2010,2020-09-04 09:33:28.500,6459.8000,5840,0,361757800.000,1,0,1,多换,S,6453.4000,6451.2000,6448.0000,6445.4000,6443.8000,6460.0000,6467.0000,6475.6000,6486.6000,6488.8000,1,2,1,1,5,1,5,1,6,5
SF,IC2010,2020-09-04 09:33:29.000,6459.8000,5840,0,361757800.000,0,-,-,-,-,6453.6000,6448.0000,6445.4000,6443.8000,6439.4000,6456.2000,6459.6000,6459.8000,6460.0000,6467.0000,2,1,1,5,5,1,1,4,1,5
SF,IC2010,2020-09-04 09:33:29.500,6459.8000,5840,0,361757800.000,0,-,-,-,-,6456.2000,6453.6000,6448.0000,6445.4000,6443.8000,6459.6000,6459.8000,6460.0000,6467.0000,6475.6000,1,1,1,1,5,1,3,1,5,1
SF,IC2010,2020-09-04 09:33:30.000,6456.2000,5840,0,363049040.000,1,0,1,多换,S,6448.0000,6445.4000,6443.8000,6439.4000,6433.6000,6457.0000,6459.6000,6459.8000,6460.0000,6467.0000,1,1,5,5,2,1,1,1,1,5
SF,IC2010,2020-09-04 09:33:30.500,6456.2000,5840,0,363049040.000,0,-,-,-,-,6453.4000,6451.2000,6449.8000,6449.6000,6449.4000,6456.8000,6459.6000,6460.0000,6467.0000,6475.6000,1,1,3,1,2,1,1,1,5,1
SF,IC2010,2020-09-04 09:33:31.000,6456.2000,5840,0,363049040.000,0,-,-,-,-,6453.6000,6451.2000,6449.8000,6449.6000,6449.4000,6459.6000,6460.0000,6467.0000,6475.6000,6486.6000,1,1,3,1,2,1,1,5,1,6
SF,IC2010,2020-09-04 09:33:31.500,6456.2000,5840,0,363049040.000,0,-,-,-,-,6453.8000,6453.6000,6449.8000,6449.6000,6449.4000,6456.4000,6459.4000,6459.6000,6460.0000,6467.0000,2,1,2,1,2,1,2,1,1,5
SF,IC2010,2020-09-04 09:33:32.000,6456.2000,5840,0,363049040.000,0,-,-,-,-,6454.0000,6449.8000,6449.6000,6449.4000,6448.4000,6459.4000,6459.6000,6460.0000,6467.0000,6475.6000,1,2,1,2,1,1,1,1,5,1
SF,IC2010,2020-09-04 09:33:32.500,6456.2000,5840,0,363049040.000,0,-,-,-,-,6454.2000,6454.0000,6449.8000,6449.6000,6449.4000,6459.4000,6460.0000,6467.0000,6475.6000,6486.6000,2,1,2,1,2,1,1,5,1,6
SF,IC2010,2020-09-04 09:33:33.000,6456.2000,5840,0,363049040.000,0,-,-,-,-,6454.4000,6454.2000,6449.8000,6449.6000,6449.4000,6456.2000,6459.2000,6459.4000,6460.0000,6467.0000,1,1,2,1,2,1,1,1,1,5
SF,IC2010,2020-09-04 09:33:33.500,6456.2000,5840,0,363049040.000,0,-,-,-,-,6454.4000,6449.8000,6449.6000,6449.4000,6448.4000,6459.2000,6459.4000,6460.0000,6467.0000,6486.6000,1,2,1,2,1,1,1,1,5,6
SF,IC2010,2020-09-04 09:33:34.000,6456.2000,5840,0,363049040.000,0,-,-,-,-,6449.8000,6449.6000,6449.4000,6448.4000,6446.6000,6459.0000,6459.2000,6460.0000,6467.0000,6485.8000,2,1,2,1,1,1,1,1,5,1
SF,IC2010,2020-09-04 09:33:34.500,6456.2000,5840,0,363049040.000,0,-,-,-,-,6450.0000,6449.8000,6449.6000,6449.4000,6448.4000,6458.8000,6459.0000,6460.0000,6467.0000,6485.8000,2,3,1,2,1,1,1,1,5,1
SF,IC2010,2020-09-04 09:33:35.000,6456.2000,5840,0,363049040.000,0,-,-,-,-,6451.2000,6450.0000,6449.8000,6449.6000,6449.4000,6458.8000,6460.0000,6467.0000,6485.8000,6486.6000,1,2,3,1,2,1,1,5,1,6
SF,IC2010,2020-09-04 09:33:35.500,6456.2000,5840,0,363049040.000,0,-,-,-,-,6451.4000,6451.2000,6449.8000,6449.6000,6449.4000,6458.8000,6460.0000,6467.0000,6485.8000,6486.6000,2,2,3,1,1,1,1,5,1,6
SF,IC2010,2020-09-04 09:33:36.000,6456.2000,5840,0,363049040.000,0,-,-,-,-,6451.6000,6451.4000,6449.8000,6449.6000,6449.4000,6458.6000,6458.8000,6460.0000,6467.0000,6485.8000,1,2,3,1,1,2,1,1,5,1
SF,IC2010,2020-09-04 09:33:36.500,6456.2000,5840,0,363049040.000,0,-,-,-,-,6451.8000,6451.6000,6449.8000,6449.6000,6449.4000,6458.6000,6458.8000,6460.0000,6467.0000,6485.8000,2,1,3,1,1,2,1,1,5,1
SF,IC2010,2020-09-04 09:33:37.000,6456.2000,5840,0,363049040.000,0,-,-,-,-,6452.0000,6451.8000,6449.8000,6449.6000,6449.4000,6458.4000,6458.6000,6458.8000,6460.0000,6467.0000,1,2,2,1,1,1,2,1,1,5
SF,IC2010,2020-09-04 09:33:37.500,6458.2000,5840,0,369504160.000,5,2,3,多换,S,6449.8000,6448.4000,6445.4000,6443.8000,6439.4000,6456.4000,6458.2000,6458.4000,6458.6000,6458.8000,2,1,1,5,5,1,3,3,1,1
SF,IC2010,2020-09-04 09:33:38.000,6458.2000,5839,-1,370795800.000,1,0,1,双平,S,6450.0000,6445.4000,6443.8000,6439.4000,6433.6000,6456.2000,6456.4000,6457.6000,6458.0000,6458.2000,1,1,5,5,2,2,1,1,1,1
SF,IC2010,2020-09-04 09:33:38.500,6458.2000,5839,0,370795800.000,0,-,-,-,-,6450.0000,6445.4000,6443.8000,6439.4000,6433.6000,6456.0000,6456.2000,6456.4000,6457.6000,6458.0000,1,1,5,5,2,1,2,1,1,1
SF,IC2010,2020-09-04 09:33:39.000,6458.2000,5839,0,370795800.000,0,-,-,-,-,6450.0000,6445.4000,6443.8000,6439.4000,6433.6000,6455.4000,6455.8000,6456.0000,6456.4000,6458.0000,1,1,5,5,2,1,3,2,1,1
SF,IC2010,2020-09-04 09:33:39.500,6458.2000,5839,0,370795800.000,0,-,-,-,-,6450.0000,6445.4000,6443.8000,6439.4000,6433.6000,6455.2000,6455.4000,6455.8000,6456.0000,6456.4000,1,1,5,5,2,2,1,1,1,1
SF,IC2010,2020-09-04 09:33:40.000,6458.2000,5839,0,370795800.000,0,-,-,-,-,6450.6000,6450.0000,6445.4000,6443.8000,6439.4000,6455.2000,6455.4000,6455.8000,6456.4000,6457.2000,1,1,1,5,5,2,1,1,1,1
SF,IC2010,2020-09-04 09:33:40.500,6458.2000,5839,0,370795800.000,0,-,-,-,-,6450.8000,6450.6000,6445.4000,6443.8000,6439.4000,6455.2000,6455.4000,6456.4000,6457.2000,6460.0000,1,1,1,5,5,2,1,1,1,1
SF,IC2010,2020-09-04 09:33:41.000,6458.2000,5839,0,370795800.000,0,-,-,-,-,6452.2000,6450.8000,6450.6000,6445.4000,6443.8000,6455.2000,6455.4000,6456.4000,6460.0000,6467.0000,1,1,1,1,5,2,1,1,1,5
SF,IC2010,2020-09-04 09:33:41.500,6458.2000,5839,0,370795800.000,0,-,-,-,-,6452.4000,6452.2000,6445.4000,6443.8000,6439.4000,6455.2000,6455.4000,6456.4000,6460.0000,6467.0000,1,1,1,5,5,1,1,1,1,5
SF,IC2010,2020-09-04 09:33:42.000,6452.2000,5837,-2,373376720.000,2,0,2,双平,S,6445.4000,6443.8000,6439.4000,6433.6000,6433.4000,6455.0000,6456.4000,6460.0000,6467.0000,6485.8000,1,5,5,2,1,1,1,1,5,1
SF,IC2010,2020-09-04 09:33:42.500,6452.2000,5837,0,373376720.000,0,-,-,-,-,6450.8000,6447.8000,6447.6000,6447.0000,6446.4000,6454.8000,6455.0000,6456.4000,6460.0000,6467.0000,1,1,2,2,2,2,1,1,1,5
SF,IC2010,2020-09-04 09:33:43.000,6452.2000,5837,0,373376720.000,0,-,-,-,-,6447.8000,6447.0000,6446.4000,6445.8000,6445.6000,6450.0000,6454.6000,6454.8000,6455.0000,6460.0000,1,2,2,1,1,1,2,2,1,1
SF,IC2010,2020-09-04 09:33:43.500,6450.0000,5836,-1,374666720.000,1,0,1,双平,S,6447.8000,6446.4000,6445.8000,6445.4000,6443.8000,6453.4000,6454.6000,6454.8000,6460.0000,6467.0000,1,2,1,1,5,1,1,2,2,5
SF,IC2010,2020-09-04 09:33:44.000,6450.0000,5836,0,374666720.000,0,-,-,-,-,6448.0000,6447.8000,6446.4000,6445.8000,6445.4000,6453.2000,6453.4000,6454.6000,6460.0000,6467.0000,1,1,1,1,1,4,1,1,2,5
SF,IC2010,2020-09-04 09:33:44.500,6450.0000,5836,0,374666720.000,0,-,-,-,-,6443.8000,6439.4000,6433.4000,6429.0000,6428.0000,6453.2000,6453.4000,6454.6000,6460.0000,6467.0000,5,5,1,1,2,4,1,1,2,5
SF,IC2010,2020-09-04 09:33:45.000,6450.0000,5836,0,374666720.000,0,-,-,-,-,6444.0000,6443.8000,6439.4000,6433.4000,6429.0000,6453.0000,6453.2000,6453.4000,6456.2000,6460.0000,3,5,5,1,1,1,4,1,1,2
SF,IC2010,2020-09-04 09:33:45.500,6450.0000,5836,0,374666720.000,0,-,-,-,-,6448.4000,6444.8000,6444.4000,6444.2000,6444.0000,6452.8000,6453.4000,6456.2000,6460.0000,6467.0000,1,1,1,1,4,4,1,1,2,5
SF,IC2010,2020-09-04 09:33:46.000,6450.0000,5836,0,374666720.000,0,-,-,-,-,6444.0000,6443.8000,6439.4000,6433.4000,6429.0000,6452.8000,6453.4000,6456.2000,6460.0000,6467.0000,3,5,5,1,1,4,1,1,2,5
SF,IC2010,2020-09-04 09:33:46.500,6450.0000,5836,0,374666720.000,0,-,-,-,-,6446.4000,6445.8000,6445.4000,6444.8000,6444.0000,6452.8000,6453.2000,6453.4000,6456.2000,6460.0000,2,1,1,1,2,3,2,1,1,2
SF,IC2010,2020-09-04 09:33:47.000,6450.0000,5836,0,374666720.000,0,-,-,-,-,6447.0000,6446.8000,6446.6000,6446.4000,6445.8000,6452.8000,6453.2000,6456.2000,6460.0000,6467.0000,1,1,1,2,2,2,2,1,2,5
SF,IC2010,2020-09-04 09:33:47.500,6450.0000,5836,0,374666720.000,0,-,-,-,-,6447.2000,6447.0000,6446.8000,6446.4000,6445.8000,6452.8000,6453.2000,6456.2000,6460.0000,6467.0000,1,1,1,2,2,2,2,1,2,5
SF,IC2010,2020-09-04 09:33:48.500,6450.0000,5836,0,374666720.000,0,-,-,-,-,6447.2000,6447.0000,6446.8000,6446.4000,6445.8000,6452.8000,6453.2000,6456.2000,6460.0000,6467.0000,1,1,1,2,2,2,2,1,2,5
SF,IC2010,2020-09-04 09:33:49.000,6450.0000,5836,0,374666720.000,0,-,-,-,-,6447.2000,6446.8000,6446.4000,6445.8000,6445.4000,6452.6000,6452.8000,6453.2000,6456.2000,6460.0000,1,1,2,2,1,2,2,2,1,2
SF,IC2010,2020-09-04 09:33:49.500,6450.0000,5836,0,374666720.000,0,-,-,-,-,6447.2000,6445.8000,6443.8000,6439.4000,6433.4000,6452.4000,6452.6000,6453.2000,6456.2000,6460.0000,1,1,5,5,1,2,2,2,1,2
SF,IC2010,2020-09-04 09:33:50.000,6450.0000,5836,0,374666720.000,0,-,-,-,-,6447.2000,6445.8000,6443.8000,6439.4000,6433.4000,6452.2000,6452.4000,6452.6000,6453.2000,6460.0000,1,1,5,5,1,1,2,1,2,2
SF,IC2010,2020-09-04 09:33:50.500,6450.0000,5836,0,374666720.000,0,-,-,-,-,6447.2000,6445.8000,6443.8000,6439.4000,6433.4000,6451.0000,6452.0000,6452.2000,6452.6000,6453.2000,1,1,5,5,1,1,3,1,1,2
SF,IC2010,2020-09-04 09:33:51.000,6450.0000,5836,0,374666720.000,0,-,-,-,-,6447.2000,6445.8000,6443.8000,6439.4000,6433.4000,6450.8000,6451.0000,6452.0000,6452.6000,6453.2000,1,1,5,5,1,2,1,2,1,2
SF,IC2010,2020-09-04 09:33:51.500,6450.0000,5836,0,374666720.000,0,-,-,-,-,6447.2000,6443.8000,6439.4000,6433.4000,6429.0000,6450.8000,6451.0000,6452.0000,6452.4000,6452.6000,1,5,5,1,1,2,1,2,2,1
SF,IC2010,2020-09-04 09:33:53.000,6450.0000,5836,0,374666720.000,0,-,-,-,-,6447.2000,6443.8000,6439.4000,6433.4000,6429.0000,6450.8000,6452.0000,6452.4000,6452.6000,6453.2000,1,5,5,1,1,2,2,2,1,2
SF,IC2010,2020-09-04 09:33:53.500,6450.0000,5836,0,374666720.000,0,-,-,-,-,6447.6000,6447.2000,6443.8000,6439.4000,6433.4000,6450.8000,6452.0000,6452.4000,6453.2000,6460.0000,1,1,5,5,1,2,2,2,2,1
SF,IC2010,2020-09-04 09:33:54.000,6450.0000,5836,0,374666720.000,0,-,-,-,-,6447.8000,6443.8000,6439.4000,6433.4000,6429.0000,6450.8000,6452.0000,6452.4000,6453.2000,6460.0000,1,5,5,1,1,4,1,2,2,1
SF,IC2010,2020-09-04 09:33:55.000,6450.0000,5836,0,374666720.000,0,-,-,-,-,6448.2000,6447.8000,6443.8000,6439.4000,6433.4000,6450.8000,6452.0000,6452.4000,6453.2000,6460.0000,1,1,5,5,1,4,1,2,2,1
SF,IC2010,2020-09-04 09:33:55.500,6450.0000,5836,0,374666720.000,0,-,-,-,-,6448.2000,6447.8000,6443.8000,6439.4000,6433.4000,6450.8000,6452.0000,6452.4000,6453.2000,6460.0000,1,1,5,5,1,3,1,2,2,1
SF,IC2010,2020-09-04 09:33:56.000,6450.0000,5836,0,374666720.000,0,-,-,-,-,6448.4000,6448.2000,6443.8000,6439.4000,6433.4000,6450.8000,6452.0000,6452.4000,6453.2000,6460.0000,1,1,5,5,1,3,1,2,2,1
SF,IC2010,2020-09-04 09:33:56.500,6450.0000,5836,0,374666720.000,0,-,-,-,-,6448.4000,6448.2000,6443.8000,6439.4000,6433.4000,6450.6000,6450.8000,6452.4000,6453.2000,6460.0000,1,1,5,5,1,2,3,2,2,1
SF,IC2010,2020-09-04 09:33:57.000,6448.4000,5835,-1,375956400.000,1,0,1,双平,S,6443.8000,6439.4000,6433.4000,6429.0000,6428.0000,6450.6000,6450.8000,6452.4000,6453.2000,6460.0000,5,5,1,1,2,2,3,2,2,1
SF,IC2010,2020-09-04 09:33:57.500,6448.4000,5835,0,375956400.000,0,-,-,-,-,6447.4000,6444.2000,6444.0000,6443.8000,6439.4000,6450.4000,6450.6000,6450.8000,6452.4000,6453.2000,1,1,4,5,5,3,2,2,2,2
SF,IC2010,2020-09-04 09:33:58.000,6448.4000,5835,0,375956400.000,0,-,-,-,-,6444.2000,6444.0000,6443.8000,6439.4000,6433.4000,6450.0000,6450.2000,6450.4000,6450.6000,6450.8000,1,4,5,5,1,1,2,2,2,2
SF,IC2010,2020-09-04 09:33:58.500,6448.4000,5835,0,375956400.000,0,-,-,-,-,6447.8000,6444.8000,6444.4000,6444.2000,6444.0000,6449.8000,6450.2000,6450.8000,6452.4000,6453.2000,1,1,1,1,3,2,2,2,2,2
SF,IC2010,2020-09-04 09:33:59.000,6448.4000,5835,0,375956400.000,0,-,-,-,-,6449.6000,6448.0000,6447.8000,6446.4000,6445.8000,6450.2000,6450.8000,6452.4000,6453.2000,6460.0000,1,1,1,3,2,2,2,2,2,1
SF,IC2010,2020-09-04 09:33:59.500,6448.6000,5835,0,377246120.000,1,0,1,多换,S,6448.0000,6443.8000,6439.4000,6433.4000,6429.0000,6450.2000,6450.8000,6452.4000,6453.2000,6454.6000,1,5,5,1,1,2,2,2,2,1
SF,IC2010,2020-09-04 09:34:00.500,6448.6000,5835,0,377246120.000,0,-,-,-,-,6448.0000,6443.8000,6439.4000,6433.4000,6429.0000,6450.8000,6452.4000,6453.2000,6454.0000,6454.6000,1,5,5,1,1,2,2,2,1,1
SF,IC2010,2020-09-04 09:34:01.000,6448.6000,5835,0,377246120.000,0,-,-,-,-,6448.2000,6448.0000,6443.8000,6439.4000,6433.4000,6449.8000,6450.6000,6450.8000,6452.4000,6453.2000,2,1,5,5,1,2,1,2,2,2
SF,IC2010,2020-09-04 09:34:01.500,6448.6000,5835,0,377246120.000,0,-,-,-,-,6449.4000,6448.0000,6443.8000,6439.4000,6433.4000,6449.8000,6450.6000,6450.8000,6452.4000,6453.2000,1,1,5,5,1,2,1,2,2,2
SF,IC2010,2020-09-04 09:34:02.000,6448.0000,5834,-1,378535720.000,1,0,1,双平,S,6443.8000,6439.4000,6433.4000,6429.0000,6428.0000,6449.8000,6450.8000,6452.4000,6453.2000,6454.0000,5,5,1,1,2,2,2,2,2,1
SF,IC2010,2020-09-04 09:34:02.500,6448.0000,5834,0,379825320.000,1,0,1,多换,S,6445.4000,6444.8000,6444.4000,6444.2000,6444.0000,6449.0000,6449.6000,6449.8000,6450.8000,6452.4000,2,1,2,1,3,1,3,2,2,2
SF,IC2010,2020-09-04 09:34:03.000,6449.0000,5834,0,382404920.000,2,1,1,多换,S,6449.0000,6447.4000,6447.2000,6446.4000,6445.8000,6449.6000,6449.8000,6450.8000,6452.4000,6454.0000,2,1,1,3,5,1,2,2,2,1
SF,IC2010,2020-09-04 09:34:03.500,6449.0000,5832,-2,384984520.000,2,0,2,双平,S,6445.6000,6445.4000,6443.8000,6439.4000,6433.4000,6449.8000,6450.8000,6452.4000,6454.0000,6460.0000,1,1,5,5,1,2,2,2,1,1
SF,IC2010,2020-09-04 09:34:04.000,6449.6000,5832,0,386274440.000,1,0,1,多换,S,6446.2000,6445.8000,6445.6000,6445.4000,6443.8000,6449.8000,6450.8000,6452.4000,6454.0000,6460.0000,1,1,1,1,5,2,2,2,1,1
SF,IC2010,2020-09-04 09:34:04.500,6449.8000,5830,-2,388854360.000,2,0,2,双平,S,6446.4000,6446.2000,6445.8000,6445.4000,6443.8000,6450.8000,6452.4000,6454.0000,6460.0000,6467.0000,1,1,1,1,5,2,2,1,1,5
SF,IC2010,2020-09-04 09:34:05.000,6449.8000,5830,0,388854360.000,0,-,-,-,-,6446.8000,6446.6000,6446.4000,6445.4000,6443.8000,6450.8000,6452.4000,6454.0000,6460.0000,6467.0000,1,1,4,1,5,2,2,1,1,5
SF,IC2010,2020-09-04 09:34:05.500,6450.8000,5828,-2,391434680.000,2,0,2,双平,S,6448.8000,6447.6000,6447.0000,6446.8000,6446.6000,6454.0000,6460.0000,6467.0000,6485.8000,6486.6000,1,3,3,3,1,1,1,5,1,6
SF,IC2010,2020-09-04 09:34:06.000,6450.8000,5828,0,391434680.000,0,-,-,-,-,6449.8000,6449.6000,6449.0000,6448.2000,6447.6000,6454.0000,6460.0000,6467.0000,6485.8000,6486.6000,1,1,2,1,3,1,1,5,1,6
SF,IC2010,2020-09-04 09:34:06.500,6450.8000,5828,0,391434680.000,0,-,-,-,-,6450.0000,6449.8000,6449.6000,6449.4000,6448.2000,6454.0000,6460.0000,6467.0000,6485.8000,6486.6000,2,2,2,1,1,1,1,5,1,6
SF,IC2010,2020-09-04 09:34:07.000,6450.8000,5828,0,391434680.000,0,-,-,-,-,6450.0000,6449.8000,6449.6000,6448.2000,6447.6000,6454.0000,6460.0000,6467.0000,6485.8000,6486.6000,2,1,1,1,1,1,1,5,1,6
SF,IC2010,2020-09-04 09:34:07.500,6450.8000,5828,0,391434680.000,0,-,-,-,-,6450.4000,6450.0000,6449.8000,6449.6000,6448.2000,6454.0000,6460.0000,6467.0000,6485.8000,6486.6000,1,1,1,1,1,1,1,5,1,6
SF,IC2010,2020-09-04 09:34:08.000,6450.8000,5828,0,391434680.000,0,-,-,-,-,6451.2000,6450.6000,6450.4000,6449.8000,6447.6000,6454.0000,6460.0000,6467.0000,6485.8000,6486.6000,1,1,1,1,1,1,1,5,1,6
SF,IC2010,2020-09-04 09:34:08.500,6450.8000,5828,0,391434680.000,0,-,-,-,-,6450.6000,6449.8000,6447.6000,6447.0000,6446.8000,6453.8000,6454.0000,6460.0000,6467.0000,6485.8000,1,2,1,1,1,1,1,1,5,1
SF,IC2010,2020-09-04 09:34:09.000,6450.8000,5828,0,391434680.000,0,-,-,-,-,6451.4000,6450.6000,6449.8000,6447.6000,6447.0000,6453.8000,6454.0000,6460.0000,6467.0000,6485.8000,1,1,2,1,1,1,1,1,5,1
SF,IC2010,2020-09-04 09:34:09.500,6450.8000,5828,0,391434680.000,0,-,-,-,-,6451.4000,6450.6000,6449.8000,6447.6000,6447.0000,6453.8000,6454.0000,6460.0000,6467.0000,6485.8000,1,1,2,1,1,1,1,1,5,1
SF,IC2010,2020-09-04 09:34:10.000,6450.8000,5828,0,391434680.000,0,-,-,-,-,6450.6000,6449.8000,6447.6000,6447.0000,6446.8000,6453.8000,6454.0000,6460.0000,6467.0000,6485.8000,1,2,1,1,1,1,1,1,5,1
SF,IC2010,2020-09-04 09:34:10.500,6450.8000,5828,0,391434680.000,0,-,-,-,-,6451.2000,6451.0000,6450.6000,6449.8000,6447.6000,6451.4000,6454.0000,6460.0000,6467.0000,6485.8000,1,1,1,2,1,1,1,1,5,1
SF,IC2010,2020-09-04 09:34:11.000,6451.4000,5827,-1,392724960.000,1,0,1,双平,S,6451.8000,6451.6000,6451.4000,6449.8000,6447.6000,6454.0000,6460.0000,6467.0000,6485.8000,6486.6000,1,1,4,2,1,1,1,5,1,6
SF,IC2010,2020-09-04 09:34:11.500,6451.6000,5827,0,394015280.000,1,0,1,多换,S,6449.8000,6447.6000,6447.0000,6446.8000,6443.8000,6454.0000,6460.0000,6467.0000,6485.8000,6486.6000,2,1,1,1,5,1,1,5,1,6
SF,IC2010,2020-09-04 09:34:12.000,6451.6000,5827,0,394015280.000,0,-,-,-,-,6450.0000,6449.8000,6447.6000,6447.0000,6446.8000,6453.8000,6454.0000,6460.0000,6467.0000,6485.8000,1,2,1,1,1,2,1,1,5,1
SF,IC2010,2020-09-04 09:34:12.500,6451.6000,5827,0,394015280.000,0,-,-,-,-,6450.0000,6447.6000,6447.0000,6446.8000,6443.8000,6453.8000,6454.0000,6460.0000,6467.0000,6485.8000,1,1,1,1,5,2,1,1,5,1
SF,IC2010,2020-09-04 09:34:13.000,6451.6000,5827,0,394015280.000,0,-,-,-,-,6450.0000,6447.6000,6447.0000,6446.8000,6443.8000,6453.8000,6454.0000,6460.0000,6467.0000,6485.8000,1,1,1,1,5,2,1,1,5,1
SF,IC2010,2020-09-04 09:34:13.500,6451.6000,5827,0,394015280.000,0,-,-,-,-,6452.6000,6450.4000,6450.0000,6447.6000,6447.0000,6453.8000,6454.0000,6460.0000,6467.0000,6485.8000,1,1,1,1,1,1,1,1,5,1
SF,IC2010,2020-09-04 09:34:14.000,6451.6000,5827,0,394015280.000,0,-,-,-,-,6452.6000,6451.2000,6450.0000,6447.6000,6447.0000,6454.0000,6460.0000,6467.0000,6485.8000,6486.6000,1,1,2,1,1,1,1,5,1,6
SF,IC2010,2020-09-04 09:34:14.500,6450.0000,5825,-2,396595800.000,2,0,2,双平,S,6450.0000,6447.6000,6447.0000,6446.8000,6443.8000,6454.0000,6460.0000,6467.0000,6485.8000,6486.6000,1,1,1,1,5,1,1,5,1,6
SF,IC2010,2020-09-04 09:34:15.000,6450.0000,5825,0,396595800.000,0,-,-,-,-,6447.6000,6447.0000,6446.8000,6443.8000,6439.4000,6453.8000,6454.0000,6460.0000,6467.0000,6485.8000,1,1,1,5,5,2,1,1,5,1
SF,IC2010,2020-09-04 09:34:15.500,6450.0000,5825,0,396595800.000,0,-,-,-,-,6451.2000,6451.0000,6450.4000,6449.8000,6449.6000,6453.6000,6453.8000,6454.0000,6460.0000,6467.0000,1,1,1,2,1,1,1,1,1,5
SF,IC2010,2020-09-04 09:34:16.000,6450.0000,5825,0,396595800.000,0,-,-,-,-,6449.8000,6448.8000,6447.6000,6447.0000,6446.8000,6453.4000,6453.8000,6454.0000,6460.0000,6467.0000,1,1,1,1,1,1,1,1,1,5
SF,IC2010,2020-09-04 09:34:16.500,6450.0000,5825,0,396595800.000,0,-,-,-,-,6449.8000,6448.8000,6447.6000,6447.0000,6446.8000,6453.4000,6454.0000,6460.0000,6467.0000,6485.8000,2,1,1,1,1,1,1,1,5,1
SF,IC2010,2020-09-04 09:34:17.000,6450.0000,5825,0,396595800.000,0,-,-,-,-,6449.8000,6448.8000,6447.6000,6447.0000,6446.8000,6453.4000,6454.0000,6460.0000,6467.0000,6485.8000,2,1,1,1,1,1,1,1,5,1
SF,IC2010,2020-09-04 09:34:17.500,6449.8000,5825,0,397885760.000,1,0,1,多换,S,6448.8000,6447.6000,6447.0000,6446.8000,6443.8000,6453.4000,6454.0000,6460.0000,6467.0000,6485.8000,1,1,1,1,5,1,1,1,5,1
SF,IC2010,2020-09-04 09:34:18.000,6449.8000,5825,0,397885760.000,0,-,-,-,-,6447.0000,6446.8000,6443.8000,6439.4000,6433.4000,6453.2000,6453.4000,6454.0000,6460.0000,6467.0000,1,1,5,5,1,1,1,1,1,5
SF,IC2010,2020-09-04 09:34:18.500,6449.8000,5825,0,397885760.000,0,-,-,-,-,6447.2000,6447.0000,6446.8000,6443.8000,6439.4000,6453.0000,6453.2000,6454.0000,6460.0000,6467.0000,2,2,2,5,5,1,1,1,1,5
SF,IC2010,2020-09-04 09:34:19.000,6449.8000,5825,0,397885760.000,0,-,-,-,-,6447.8000,6447.6000,6447.2000,6447.0000,6446.8000,6452.8000,6453.0000,6454.0000,6460.0000,6467.0000,1,2,2,2,2,1,1,1,1,5
SF,IC2010,2020-09-04 09:34:19.500,6449.8000,5825,0,397885760.000,0,-,-,-,-,6448.0000,6447.8000,6447.6000,6447.0000,6446.8000,6452.6000,6452.8000,6454.0000,6460.0000,6467.0000,1,1,2,2,2,1,1,1,1,5
SF,IC2010,2020-09-04 09:34:20.000,6449.8000,5825,0,397885760.000,0,-,-,-,-,6448.0000,6447.8000,6447.6000,6447.0000,6446.8000,6452.4000,6452.6000,6454.0000,6460.0000,6467.0000,1,1,2,2,2,2,1,1,1,5
SF,IC2010,2020-09-04 09:34:20.500,6447.8000,5824,-1,399175320.000,1,0,1,双平,S,6447.0000,6446.8000,6443.8000,6439.4000,6433.4000,6452.2000,6452.4000,6454.0000,6460.0000,6467.0000,2,2,5,5,1,1,2,1,1,5
SF,IC2010,2020-09-04 09:34:21.000,6447.8000,5824,0,399175320.000,0,-,-,-,-,6446.8000,6443.8000,6439.4000,6433.4000,6429.0000,6451.2000,6452.0000,6452.2000,6452.4000,6454.0000,2,5,5,1,1,1,2,1,1,1
SF,IC2010,2020-09-04 09:34:21.500,6447.8000,5824,0,399175320.000,0,-,-,-,-,6446.8000,6443.8000,6439.4000,6433.4000,6429.0000,6451.0000,6451.2000,6452.0000,6452.4000,6454.0000,2,5,5,1,1,2,1,1,1,1
SF,IC2010,2020-09-04 09:34:22.000,6447.8000,5824,0,399175320.000,0,-,-,-,-,6443.8000,6439.4000,6433.4000,6429.0000,6428.0000,6451.0000,6451.2000,6452.0000,6452.4000,6454.0000,5,5,1,1,2,2,1,1,1,1
SF,IC2010,2020-09-04 09:34:22.500,6447.8000,5824,0,399175320.000,0,-,-,-,-,6447.8000,6444.2000,6444.0000,6443.8000,6439.4000,6451.0000,6451.2000,6452.0000,6452.4000,6454.0000,1,2,3,5,5,2,1,1,1,1
SF,IC2010,2020-09-04 09:34:23.000,6447.8000,5824,0,399175320.000,0,-,-,-,-,6447.8000,6444.2000,6444.0000,6443.8000,6439.4000,6450.8000,6451.0000,6451.2000,6452.0000,6452.4000,1,1,1,5,5,1,1,1,1,1
SF,IC2010,2020-09-04 09:34:23.500,6447.8000,5824,0,400464880.000,1,0,1,多换,S,6444.2000,6444.0000,6443.8000,6439.4000,6433.4000,6450.8000,6451.2000,6452.0000,6452.4000,6454.0000,1,1,5,5,1,1,1,1,1,1
SF,IC2010,2020-09-04 09:34:24.000,6447.8000,5824,0,400464880.000,0,-,-,-,-,6444.4000,6444.2000,6444.0000,6443.8000,6439.4000,6450.6000,6450.8000,6451.2000,6454.0000,6460.0000,2,1,1,5,5,2,1,1,1,1
SF,IC2010,2020-09-04 09:34:24.500,6447.8000,5824,0,400464880.000,0,-,-,-,-,6446.4000,6445.8000,6445.4000,6445.0000,6444.8000,6450.6000,6451.2000,6454.0000,6460.0000,6467.0000,2,1,1,1,2,2,1,1,1,5
SF,IC2010,2020-09-04 09:34:25.000,6447.8000,5824,0,400464880.000,0,-,-,-,-,6444.4000,6444.2000,6443.8000,6439.4000,6433.4000,6450.6000,6451.2000,6454.0000,6460.0000,6467.0000,2,1,5,5,1,2,1,1,1,5
SF,IC2010,2020-09-04 09:34:25.500,6447.8000,5824,0,400464880.000,0,-,-,-,-,6444.8000,6444.4000,6444.2000,6443.8000,6439.4000,6450.6000,6451.2000,6454.0000,6460.0000,6467.0000,1,2,1,5,5,2,1,1,1,5
SF,IC2010,2020-09-04 09:34:26.000,6450.4000,5823,-1,401754960.000,1,0,1,双平,S,6444.4000,6444.2000,6443.8000,6439.4000,6433.4000,6446.4000,6450.6000,6451.2000,6454.0000,6460.0000,1,1,5,5,1,1,2,1,1,1
SF,IC2010,2020-09-04 09:34:26.500,6446.6000,5822,-1,403044280.000,1,0,1,双平,S,6444.4000,6439.4000,6438.0000,6433.4000,6429.0000,6449.0000,6450.6000,6454.0000,6460.0000,6467.0000,1,5,5,1,1,1,2,1,1,5
SF,IC2010,2020-09-04 09:34:27.000,6446.6000,5822,0,403044280.000,0,-,-,-,-,6446.8000,6444.4000,6439.4000,6438.0000,6433.4000,6448.8000,6449.0000,6454.0000,6460.0000,6467.0000,1,1,5,5,1,2,1,1,1,5
SF,IC2010,2020-09-04 09:34:27.500,6446.6000,5822,0,403044280.000,0,-,-,-,-,6446.8000,6444.4000,6439.4000,6438.0000,6433.4000,6448.8000,6449.0000,6454.0000,6460.0000,6467.0000,1,1,5,5,1,1,1,1,1,5
