市场代码,合约代码,时间,最新,持仓,增仓,成交额,成交量,开仓,平仓,成交类型,方向,买一价,买二价,买三价,买四价,买五价,卖一价,卖二价,卖三价,卖四价,卖五价,买一量,买二量,买三量,买四量,买五量,卖一量,卖二量,卖三量,卖四量,卖五量
SF,IC2012,2020-05-15 09:29:00.200,5100.4000,12440,0,4080320.000,4.000,-,-,-,-,5100.4000,5100.2000,5100.0000,5098.0000,5096.0000,5102.8000,5107.8000,5110.0000,5115.0000,5116.0000,3,1,1,2,2,1,1,1,1,5
SF,IC2012,2020-05-15 09:30:00.200,5107.8000,12439,-1,8164560.000,4,1,3,多平,S,5107.2000,5106.8000,5106.0000,5105.4000,5105.2000,5110.0000,5114.6000,5115.0000,5116.0000,5119.0000,1,2,1,1,1,1,1,1,5,5
SF,IC2012,2020-05-15 09:30:00.700,5107.4000,12437,-2,10207600.000,2,0,2,双平,S,5107.2000,5106.8000,5106.0000,5105.4000,5105.2000,5110.0000,5112.6000,5114.6000,5115.0000,5116.0000,1,2,2,2,1,2,1,1,1,5
SF,IC2012,2020-05-15 09:30:01.200,5107.6000,12435,-2,13272560.000,3,0,3,多平,S,5107.6000,5107.4000,5106.8000,5106.0000,5105.4000,5109.0000,5110.0000,5112.6000,5114.6000,5115.0000,4,1,1,2,2,1,1,1,1,1
SF,IC2012,2020-05-15 09:30:01.700,5109.0000,12435,0,17360160.000,4,2,2,多换,S,5110.2000,5109.2000,5109.0000,5107.6000,5106.8000,5112.6000,5114.6000,5115.0000,5116.0000,5119.0000,15,7,1,6,1,1,1,1,5,5
SF,IC2012,2020-05-15 09:30:02.200,5109.0000,12434,-1,18381960.000,1,0,1,双平,S,5110.2000,5109.2000,5109.0000,5107.6000,5106.8000,5112.6000,5114.6000,5115.0000,5116.0000,5119.0000,15,8,1,6,1,1,1,1,5,5
SF,IC2012,2020-05-15 09:30:02.700,5112.6000,12434,0,19404480.000,1,0,1,多换,S,5110.4000,5110.2000,5109.2000,5107.6000,5106.8000,5114.6000,5115.0000,5116.0000,5119.0000,5129.8000,1,15,8,6,1,1,1,5,5,1
SF,IC2012,2020-05-15 09:30:03.200,5110.6000,12434,0,20426600.000,1,0,1,多换,S,5110.4000,5110.2000,5109.2000,5107.6000,5106.8000,5114.4000,5114.6000,5115.0000,5116.0000,5119.0000,1,15,8,6,1,1,1,1,5,5
SF,IC2012,2020-05-15 09:30:03.700,5110.6000,12431,-3,23493800.000,3,0,3,双平,S,5110.4000,5110.2000,5109.6000,5109.2000,5108.4000,5114.2000,5114.6000,5115.0000,5116.0000,5119.0000,1,15,1,8,1,2,1,1,5,5
SF,IC2012,2020-05-15 09:30:04.200,5110.6000,12431,0,23493800.000,0,-,-,-,-,5111.6000,5110.2000,5109.6000,5109.2000,5108.4000,5114.2000,5114.6000,5115.0000,5116.0000,5119.0000,2,15,1,8,1,2,1,1,5,5
SF,IC2012,2020-05-15 09:30:04.700,5110.2000,12428,-3,27582120.000,4,0,4,多平,S,5110.2000,5109.2000,5108.4000,5107.6000,5106.8000,5114.2000,5114.6000,5115.0000,5116.0000,5119.0000,13,8,1,6,1,2,1,1,5,5
SF,IC2012,2020-05-15 09:30:05.200,5114.6000,12426,-2,30650720.000,3,0,3,多平,S,5112.0000,5110.8000,5110.2000,5109.2000,5107.6000,5115.0000,5116.0000,5119.0000,5129.8000,5133.0000,1,1,13,8,6,1,5,5,1,1
SF,IC2012,2020-05-15 09:30:05.700,5114.6000,12426,0,30650720.000,0,-,-,-,-,5112.2000,5112.0000,5110.8000,5110.2000,5109.2000,5113.0000,5115.0000,5116.0000,5119.0000,5129.8000,1,1,1,13,8,1,1,5,5,1
SF,IC2012,2020-05-15 09:30:06.200,5113.0000,12425,-1,31673320.000,1,0,1,双平,S,5112.0000,5111.8000,5110.8000,5110.2000,5109.2000,5115.0000,5116.0000,5119.0000,5133.0000,5137.0000,1,1,1,13,8,1,5,5,1,10
SF,IC2012,2020-05-15 09:30:06.700,5113.0000,12425,0,31673320.000,0,-,-,-,-,5112.2000,5112.0000,5110.8000,5110.2000,5109.2000,5115.0000,5116.0000,5119.0000,5133.0000,5137.0000,2,1,1,13,8,1,5,5,1,10
SF,IC2012,2020-05-15 09:30:07.200,5113.0000,12425,0,31673320.000,0,-,-,-,-,5112.2000,5112.0000,5110.8000,5110.2000,5110.0000,5114.8000,5115.0000,5116.0000,5119.0000,5133.0000,1,1,1,13,1,1,1,5,5,1
SF,IC2012,2020-05-15 09:30:07.700,5113.0000,12425,0,31673320.000,0,-,-,-,-,5112.8000,5112.4000,5112.2000,5112.0000,5110.2000,5114.8000,5115.0000,5116.0000,5119.0000,5133.0000,1,1,1,1,13,1,1,5,5,1
SF,IC2012,2020-05-15 09:30:08.200,5112.8000,12425,0,32695880.000,1,0,1,多换,S,5112.4000,5112.2000,5110.2000,5110.0000,5109.2000,5114.4000,5114.8000,5115.0000,5116.0000,5119.0000,1,1,13,1,8,1,1,1,5,5
SF,IC2012,2020-05-15 09:30:08.700,5112.8000,12425,0,32695880.000,0,-,-,-,-,5112.4000,5112.2000,5110.2000,5110.0000,5109.2000,5114.2000,5114.4000,5115.0000,5116.0000,5119.0000,1,1,13,1,8,1,1,2,5,5
SF,IC2012,2020-05-15 09:30:09.200,5114.4000,12423,-2,34741600.000,2,0,2,双平,S,5114.2000,5112.4000,5110.2000,5110.0000,5109.2000,5115.0000,5116.0000,5119.0000,5133.0000,5137.0000,1,1,13,1,8,2,5,5,1,10
SF,IC2012,2020-05-15 09:30:09.700,5115.0000,12420,-3,38833440.000,4,0,4,多平,S,5115.0000,5112.4000,5110.2000,5109.2000,5107.6000,5116.0000,5119.0000,5133.0000,5137.0000,5138.6000,2,1,13,8,6,5,5,1,10,1
SF,IC2012,2020-05-15 09:30:10.200,5115.0000,12418,-2,40879440.000,2,0,2,双平,S,5112.4000,5110.2000,5109.2000,5107.6000,5106.8000,5116.0000,5119.0000,5133.0000,5137.0000,5138.6000,1,13,8,6,1,5,5,1,10,1
SF,IC2012,2020-05-15 09:30:10.700,5115.0000,12418,0,40879440.000,0,-,-,-,-,5112.6000,5112.4000,5110.2000,5109.2000,5107.6000,5116.0000,5119.0000,5133.0000,5137.0000,5138.6000,1,1,13,8,6,5,5,1,10,1
SF,IC2012,2020-05-15 09:30:11.200,5115.0000,12418,0,40879440.000,0,-,-,-,-,5112.6000,5110.2000,5109.2000,5107.6000,5106.0000,5116.0000,5119.0000,5133.0000,5137.0000,5138.6000,1,13,8,6,2,5,5,1,10,1
SF,IC2012,2020-05-15 09:30:11.700,5115.0000,12418,0,40879440.000,0,-,-,-,-,5112.6000,5110.2000,5109.2000,5107.6000,5106.0000,5116.0000,5119.0000,5133.0000,5137.0000,5138.6000,1,13,8,6,1,5,5,1,10,1
SF,IC2012,2020-05-15 09:30:12.200,5115.0000,12418,0,40879440.000,0,-,-,-,-,5112.6000,5110.2000,5109.2000,5107.6000,5106.0000,5114.2000,5115.0000,5116.0000,5119.0000,5133.0000,1,13,8,6,1,1,1,5,5,1
SF,IC2012,2020-05-15 09:30:12.700,5115.0000,12418,0,40879440.000,0,-,-,-,-,5112.6000,5110.2000,5109.2000,5107.6000,5106.0000,5114.2000,5115.0000,5116.0000,5119.0000,5133.0000,1,13,8,6,1,1,1,5,5,1
SF,IC2012,2020-05-15 09:30:13.200,5114.2000,12417,-1,41902280.000,1,0,1,双平,S,5112.6000,5110.2000,5109.2000,5107.6000,5106.0000,5115.0000,5116.0000,5119.0000,5133.0000,5137.0000,1,13,8,6,1,1,5,5,1,10
SF,IC2012,2020-05-15 09:30:13.700,5114.2000,12417,0,41902280.000,0,-,-,-,-,5110.2000,5109.2000,5107.6000,5106.0000,5105.4000,5114.8000,5115.0000,5116.0000,5119.0000,5133.0000,13,8,6,1,2,1,1,5,5,1
SF,IC2012,2020-05-15 09:30:14.200,5114.8000,12417,0,42925240.000,1,0,1,多换,S,5110.4000,5110.2000,5109.2000,5107.6000,5106.0000,5115.0000,5116.0000,5119.0000,5133.0000,5137.0000,1,13,8,6,1,1,5,5,1,10
SF,IC2012,2020-05-15 09:30:14.700,5114.8000,12417,0,42925240.000,0,-,-,-,-,5111.0000,5110.4000,5110.2000,5109.2000,5107.6000,5114.8000,5115.0000,5116.0000,5119.0000,5133.0000,1,1,13,8,6,1,1,5,5,1
SF,IC2012,2020-05-15 09:30:15.200,5115.0000,12416,-1,43948240.000,1,0,1,双平,S,5111.2000,5111.0000,5110.2000,5109.2000,5107.6000,5116.0000,5119.0000,5133.0000,5137.0000,5138.6000,1,1,13,8,6,5,5,1,10,1
SF,IC2012,2020-05-15 09:30:15.700,5115.0000,12416,0,43948240.000,0,-,-,-,-,5111.2000,5111.0000,5110.2000,5109.2000,5107.6000,5116.0000,5119.0000,5133.0000,5137.0000,5138.6000,1,1,13,8,6,5,5,1,10,1
SF,IC2012,2020-05-15 09:30:16.200,5115.0000,12416,0,43948240.000,0,-,-,-,-,5111.6000,5111.2000,5110.2000,5109.2000,5107.6000,5116.0000,5119.0000,5133.0000,5137.0000,5138.6000,1,1,13,8,6,6,5,1,10,1
SF,IC2012,2020-05-15 09:30:16.700,5111.6000,12414,-2,45992920.000,2,0,2,双平,S,5110.2000,5109.2000,5107.6000,5106.0000,5105.4000,5111.2000,5116.0000,5119.0000,5133.0000,5137.0000,13,8,6,2,2,5,6,5,1,10
SF,IC2012,2020-05-15 09:30:17.200,5111.2000,12409,-5,52126360.000,6,0,6,多平,S,5110.2000,5109.2000,5107.6000,5106.0000,5105.4000,5116.0000,5119.0000,5133.0000,5137.0000,5138.6000,13,8,6,2,2,5,5,1,10,1
SF,IC2012,2020-05-15 09:30:17.700,5111.2000,12409,0,52126360.000,0,-,-,-,-,5110.4000,5110.2000,5109.2000,5107.6000,5106.0000,5116.0000,5119.0000,5133.0000,5137.0000,5138.6000,1,13,8,6,2,5,5,1,10,1
SF,IC2012,2020-05-15 09:30:18.200,5111.2000,12409,0,52126360.000,0,-,-,-,-,5111.0000,5110.6000,5110.2000,5109.2000,5106.0000,5115.6000,5115.8000,5116.0000,5119.0000,5133.0000,1,1,13,8,2,1,1,5,5,1
SF,IC2012,2020-05-15 09:30:18.700,5111.2000,12409,0,52126360.000,0,-,-,-,-,5111.2000,5111.0000,5110.6000,5110.2000,5109.2000,5116.0000,5119.0000,5133.0000,5137.0000,5138.6000,1,1,1,13,8,5,5,1,10,1
SF,IC2012,2020-05-15 09:30:19.200,5111.2000,12409,0,52126360.000,0,-,-,-,-,5111.2000,5111.0000,5110.6000,5110.2000,5109.2000,5116.0000,5119.0000,5133.0000,5137.0000,5138.6000,1,1,1,13,8,5,5,1,10,1
SF,IC2012,2020-05-15 09:30:19.700,5111.2000,12409,0,52126360.000,0,-,-,-,-,5111.2000,5111.0000,5110.6000,5110.2000,5109.2000,5116.0000,5119.0000,5133.0000,5137.0000,5138.6000,1,1,1,13,8,5,5,1,10,1
SF,IC2012,2020-05-15 09:30:20.200,5115.8000,12409,0,53149520.000,1,0,1,多换,S,5111.6000,5111.2000,5110.6000,5110.2000,5109.2000,5114.0000,5116.0000,5119.0000,5133.0000,5137.0000,1,1,1,13,8,1,5,5,1,10
SF,IC2012,2020-05-15 09:30:20.700,5111.8000,12406,-3,56217040.000,3,0,3,双平,S,5111.6000,5110.6000,5110.2000,5109.2000,5106.0000,5116.0000,5119.0000,5133.0000,5137.0000,5138.6000,1,1,13,8,2,5,5,1,10,1
SF,IC2012,2020-05-15 09:30:21.200,5111.6000,12403,-3,59284080.000,3,0,3,双平,S,5110.6000,5110.2000,5109.2000,5106.0000,5105.4000,5111.2000,5115.8000,5116.0000,5119.0000,5133.0000,1,13,8,2,2,1,1,5,5,1
SF,IC2012,2020-05-15 09:30:21.700,5111.2000,12402,-1,60306320.000,1,0,1,双平,S,5110.6000,5110.2000,5109.2000,5106.0000,5105.4000,5114.0000,5115.8000,5116.0000,5119.0000,5133.0000,1,13,8,2,2,1,1,5,5,1
SF,IC2012,2020-05-15 09:30:22.200,5111.2000,12402,0,60306320.000,0,-,-,-,-,5110.8000,5110.6000,5110.2000,5109.2000,5106.0000,5113.8000,5114.0000,5116.0000,5116.2000,5119.0000,2,1,13,8,2,1,1,5,1,5
SF,IC2012,2020-05-15 09:30:22.700,5114.0000,12401,-1,62351880.000,2,0,2,多平,S,5110.8000,5110.6000,5110.2000,5109.2000,5106.0000,5115.6000,5116.0000,5116.2000,5119.0000,5133.0000,2,1,13,8,2,1,5,1,5,1
SF,IC2012,2020-05-15 09:30:23.200,5110.8000,12400,-1,63374040.000,1,0,1,双平,S,5111.0000,5110.8000,5110.2000,5109.2000,5106.0000,5115.4000,5115.6000,5116.0000,5116.2000,5119.0000,1,1,13,8,2,1,1,5,1,5
SF,IC2012,2020-05-15 09:30:23.700,5110.8000,12400,0,63374040.000,0,-,-,-,-,5111.0000,5110.8000,5110.2000,5109.2000,5106.0000,5115.4000,5116.0000,5116.2000,5119.0000,5133.0000,1,1,13,8,2,1,5,1,5,1
SF,IC2012,2020-05-15 09:30:24.200,5110.8000,12400,0,63374040.000,0,-,-,-,-,5111.0000,5110.8000,5110.2000,5109.2000,5107.4000,5115.4000,5116.0000,5116.2000,5119.0000,5133.0000,1,1,13,8,2,1,5,1,5,1
SF,IC2012,2020-05-15 09:30:24.700,5110.8000,12400,0,63374040.000,0,-,-,-,-,5111.8000,5111.2000,5111.0000,5110.2000,5109.2000,5115.4000,5116.0000,5116.2000,5119.0000,5133.0000,1,1,1,13,8,1,5,1,5,1
SF,IC2012,2020-05-15 09:30:25.200,5110.8000,12400,0,63374040.000,0,-,-,-,-,5111.8000,5111.2000,5111.0000,5110.2000,5109.8000,5115.0000,5115.4000,5116.0000,5119.0000,5133.0000,1,1,1,13,1,1,1,5,5,1
SF,IC2012,2020-05-15 09:30:25.700,5110.8000,12400,0,63374040.000,0,-,-,-,-,5111.8000,5111.2000,5111.0000,5110.2000,5109.8000,5114.8000,5115.0000,5116.0000,5119.0000,5133.0000,1,1,1,13,1,1,1,5,5,1
SF,IC2012,2020-05-15 09:30:26.200,5114.8000,12399,-1,64397000.000,1,0,1,双平,S,5111.8000,5111.0000,5110.2000,5109.8000,5109.2000,5115.0000,5116.0000,5119.0000,5133.0000,5137.0000,1,1,13,1,8,1,5,5,1,10
SF,IC2012,2020-05-15 09:30:26.700,5114.8000,12399,0,64397000.000,0,-,-,-,-,5112.0000,5111.8000,5111.0000,5110.2000,5109.8000,5115.0000,5116.0000,5119.0000,5133.0000,5137.0000,1,1,1,13,1,1,5,5,1,10
SF,IC2012,2020-05-15 09:30:27.200,5114.8000,12399,0,64397000.000,0,-,-,-,-,5112.0000,5111.8000,5111.0000,5110.2000,5109.8000,5114.8000,5115.0000,5116.0000,5119.0000,5133.0000,1,1,1,14,1,1,1,5,5,1
SF,IC2012,2020-05-15 09:30:27.700,5114.8000,12398,-1,65419960.000,1,0,1,双平,S,5112.2000,5112.0000,5111.0000,5110.6000,5110.2000,5115.0000,5116.0000,5119.0000,5133.0000,5137.0000,1,1,1,1,14,1,5,5,1,10
SF,IC2012,2020-05-15 09:30:28.200,5115.0000,12397,-1,66442960.000,1,0,1,双平,S,5112.4000,5112.2000,5111.0000,5110.6000,5110.2000,5116.0000,5119.0000,5133.0000,5137.0000,5138.6000,1,1,1,1,14,5,5,1,10,1
SF,IC2012,2020-05-15 09:30:28.700,5112.4000,12396,-1,67465440.000,1,0,1,双平,S,5112.2000,5111.0000,5110.6000,5110.2000,5109.2000,5115.8000,5116.0000,5119.0000,5133.0000,5137.0000,1,1,1,14,8,1,5,5,1,10
SF,IC2012,2020-05-15 09:30:29.200,5112.4000,12396,0,67465440.000,0,-,-,-,-,5112.4000,5112.2000,5111.0000,5110.6000,5110.2000,5115.8000,5116.0000,5119.0000,5133.0000,5137.0000,2,1,1,1,14,1,5,5,1,10
SF,IC2012,2020-05-15 09:30:29.700,5112.4000,12396,0,67465440.000,0,-,-,-,-,5112.4000,5112.2000,5111.0000,5110.6000,5110.2000,5115.8000,5116.0000,5119.0000,5133.0000,5138.6000,2,1,1,1,14,1,5,5,1,1
SF,IC2012,2020-05-15 09:30:30.200,5112.4000,12396,0,67465440.000,0,-,-,-,-,5112.8000,5112.4000,5111.0000,5110.6000,5110.2000,5116.0000,5119.0000,5133.0000,5138.6000,5138.8000,1,2,1,1,14,5,5,1,1,2
SF,IC2012,2020-05-15 09:30:30.700,5112.4000,12396,0,67465440.000,0,-,-,-,-,5114.8000,5113.0000,5112.6000,5111.0000,5110.6000,5116.0000,5119.0000,5133.0000,5138.6000,5138.8000,1,2,1,1,1,5,5,1,1,2
SF,IC2012,2020-05-15 09:30:31.200,5112.4000,12396,0,67465440.000,0,-,-,-,-,5114.8000,5113.0000,5112.6000,5111.0000,5110.6000,5116.0000,5119.0000,5133.0000,5138.6000,5138.8000,1,2,1,1,1,5,5,1,1,2
SF,IC2012,2020-05-15 09:30:31.700,5114.2000,12395,-1,68488280.000,1,0,1,双平,S,5114.8000,5113.0000,5112.6000,5111.0000,5110.6000,5116.0000,5119.0000,5133.0000,5138.6000,5138.8000,1,2,1,1,1,5,5,1,1,2
SF,IC2012,2020-05-15 09:30:32.200,5114.8000,12395,0,69511240.000,1,0,1,多换,S,5113.0000,5112.8000,5112.6000,5111.0000,5110.6000,5115.8000,5116.0000,5119.0000,5133.0000,5138.6000,1,1,1,1,1,1,5,5,1,1
SF,IC2012,2020-05-15 09:30:32.700,5113.2000,12392,-3,72579160.000,3,0,3,双平,S,5113.2000,5113.0000,5112.8000,5112.6000,5111.0000,5116.0000,5119.0000,5133.0000,5138.6000,5138.8000,1,1,1,2,1,5,5,1,1,2
SF,IC2012,2020-05-15 09:30:33.200,5113.2000,12392,0,72579160.000,0,-,-,-,-,5113.4000,5112.8000,5112.6000,5111.0000,5110.4000,5115.8000,5116.0000,5119.0000,5133.0000,5138.6000,1,1,2,1,1,1,5,5,1,1
SF,IC2012,2020-05-15 09:30:33.700,5113.2000,12392,0,72579160.000,0,-,-,-,-,5113.4000,5112.6000,5111.0000,5110.4000,5110.2000,5115.8000,5116.0000,5119.0000,5133.0000,5138.6000,1,2,1,1,14,1,5,5,1,1
SF,IC2012,2020-05-15 09:30:34.200,5113.2000,12392,0,72579160.000,0,-,-,-,-,5112.6000,5111.0000,5110.4000,5110.2000,5109.2000,5115.8000,5116.0000,5119.0000,5133.0000,5138.6000,2,1,1,14,8,1,5,5,1,1
SF,IC2012,2020-05-15 09:30:34.700,5113.2000,12392,0,72579160.000,0,-,-,-,-,5113.0000,5112.8000,5112.6000,5110.4000,5110.2000,5115.8000,5116.0000,5119.0000,5133.0000,5138.6000,1,1,2,1,14,2,5,5,1,1
SF,IC2012,2020-05-15 09:30:35.200,5113.2000,12392,0,72579160.000,0,-,-,-,-,5113.2000,5113.0000,5112.6000,5110.4000,5110.2000,5115.8000,5116.0000,5119.0000,5133.0000,5138.6000,2,1,2,1,14,2,5,5,1,1
SF,IC2012,2020-05-15 09:30:35.700,5115.8000,12392,0,73602320.000,1,0,1,多换,S,5113.2000,5113.0000,5112.6000,5110.4000,5110.2000,5115.8000,5116.0000,5119.0000,5133.0000,5138.6000,2,1,2,1,14,1,5,5,1,1
SF,IC2012,2020-05-15 09:30:36.700,5115.8000,12391,-1,74625480.000,1,0,1,双平,S,5113.4000,5113.2000,5113.0000,5112.6000,5110.4000,5116.0000,5119.0000,5133.0000,5138.6000,5138.8000,1,2,1,1,1,5,5,1,1,2
SF,IC2012,2020-05-15 09:30:37.200,5115.8000,12391,0,74625480.000,0,-,-,-,-,5113.6000,5113.4000,5113.0000,5112.6000,5110.4000,5116.0000,5119.0000,5133.0000,5138.6000,5138.8000,2,1,1,1,1,5,5,1,1,2
SF,IC2012,2020-05-15 09:30:37.700,5115.8000,12391,0,74625480.000,0,-,-,-,-,5113.6000,5113.4000,5113.0000,5112.6000,5110.4000,5115.8000,5116.0000,5119.0000,5133.0000,5138.6000,2,1,1,1,1,1,5,5,1,1
SF,IC2012,2020-05-15 09:30:38.200,5115.8000,12391,0,74625480.000,0,-,-,-,-,5113.6000,5113.4000,5113.0000,5112.6000,5110.4000,5116.0000,5119.0000,5133.0000,5138.6000,5138.8000,2,1,1,1,1,5,5,1,1,2
SF,IC2012,2020-05-15 09:30:38.700,5116.0000,12391,0,76671840.000,2,1,1,多换,S,5113.6000,5113.0000,5112.6000,5110.4000,5110.2000,5116.0000,5119.0000,5133.0000,5138.6000,5138.8000,1,1,1,1,14,4,5,1,1,2
SF,IC2012,2020-05-15 09:30:39.200,5116.0000,12391,0,76671840.000,0,-,-,-,-,5113.8000,5113.6000,5113.0000,5110.4000,5110.2000,5116.0000,5119.0000,5133.0000,5138.6000,5138.8000,1,1,1,1,14,4,5,1,1,2
SF,IC2012,2020-05-15 09:30:40.200,5116.0000,12391,0,76671840.000,0,-,-,-,-,5113.8000,5113.6000,5113.0000,5112.4000,5110.4000,5116.0000,5119.0000,5133.0000,5138.6000,5138.8000,1,1,1,1,1,4,5,1,1,2
SF,IC2012,2020-05-15 09:30:41.200,5113.8000,12390,-1,77694600.000,1,0,1,双平,S,5113.6000,5113.0000,5112.4000,5110.4000,5110.2000,5116.0000,5119.0000,5133.0000,5138.6000,5138.8000,1,1,1,1,14,4,5,1,1,2
SF,IC2012,2020-05-15 09:30:41.700,5113.8000,12390,0,77694600.000,0,-,-,-,-,5113.6000,5113.0000,5112.4000,5110.4000,5110.2000,5115.8000,5116.0000,5119.0000,5133.0000,5138.6000,1,1,1,1,14,1,4,5,1,1
SF,IC2012,2020-05-15 09:30:42.200,5113.6000,12389,-1,78717320.000,1,0,1,双平,S,5113.0000,5112.4000,5110.4000,5110.2000,5109.2000,5115.6000,5115.8000,5116.0000,5119.0000,5133.0000,1,1,1,14,8,1,1,4,5,1
SF,IC2012,2020-05-15 09:30:42.700,5113.6000,12389,0,78717320.000,0,-,-,-,-,5113.0000,5112.4000,5110.4000,5110.2000,5109.2000,5115.4000,5115.6000,5116.0000,5119.0000,5133.0000,1,1,1,14,8,2,1,4,5,1
SF,IC2012,2020-05-15 09:30:43.200,5113.6000,12389,0,78717320.000,0,-,-,-,-,5113.0000,5112.4000,5110.4000,5110.2000,5109.2000,5115.4000,5115.6000,5116.0000,5119.0000,5133.0000,1,1,1,14,8,2,1,7,5,1
SF,IC2012,2020-05-15 09:30:43.700,5113.0000,12389,0,79739920.000,1,0,1,多换,S,5112.4000,5110.4000,5110.2000,5109.2000,5107.4000,5115.2000,5115.4000,5116.0000,5119.0000,5133.0000,1,1,14,8,2,1,2,7,5,1
SF,IC2012,2020-05-15 09:30:44.200,5113.0000,12389,0,79739920.000,0,-,-,-,-,5112.4000,5110.8000,5110.4000,5110.2000,5109.2000,5115.0000,5115.2000,5115.8000,5116.0000,5119.0000,1,1,1,14,8,2,1,1,7,5
SF,IC2012,2020-05-15 09:30:44.700,5113.0000,12389,0,79739920.000,0,-,-,-,-,5112.4000,5110.8000,5110.4000,5110.2000,5109.2000,5115.0000,5115.2000,5115.8000,5116.0000,5119.0000,1,1,1,14,8,2,1,1,7,5
SF,IC2012,2020-05-15 09:30:45.200,5113.0000,12389,0,79739920.000,0,-,-,-,-,5113.0000,5112.4000,5110.8000,5110.4000,5110.2000,5115.0000,5115.2000,5115.8000,5116.0000,5119.0000,1,1,1,1,14,2,1,1,7,5
SF,IC2012,2020-05-15 09:30:45.700,5115.0000,12388,-1,80762920.000,1,0,1,双平,S,5115.0000,5113.0000,5112.4000,5110.8000,5110.4000,5115.2000,5115.8000,5116.0000,5119.0000,5133.0000,1,1,1,1,1,1,1,7,5,1
SF,IC2012,2020-05-15 09:30:46.200,5115.0000,12387,-1,81785920.000,1,0,1,双平,S,5113.0000,5112.4000,5110.8000,5110.4000,5110.2000,5115.2000,5115.8000,5116.0000,5119.0000,5133.0000,1,1,1,1,14,1,1,7,5,1
SF,IC2012,2020-05-15 09:30:46.700,5115.0000,12387,0,81785920.000,0,-,-,-,-,5113.0000,5112.4000,5110.8000,5110.4000,5110.2000,5115.0000,5115.8000,5116.0000,5119.0000,5133.0000,1,1,1,1,14,1,1,7,5,1
SF,IC2012,2020-05-15 09:30:47.200,5115.0000,12387,0,81785920.000,0,-,-,-,-,5113.0000,5112.4000,5110.8000,5110.2000,5109.2000,5115.0000,5115.2000,5115.8000,5116.0000,5119.0000,1,1,1,14,8,1,1,1,7,5
SF,IC2012,2020-05-15 09:30:47.700,5115.0000,12387,0,81785920.000,0,-,-,-,-,5113.0000,5112.4000,5110.8000,5110.2000,5109.2000,5114.8000,5115.0000,5115.8000,5116.0000,5119.0000,1,1,1,14,8,1,1,1,7,5
SF,IC2012,2020-05-15 09:30:48.200,5115.0000,12387,0,81785920.000,0,-,-,-,-,5113.0000,5112.4000,5110.8000,5110.2000,5109.2000,5114.6000,5114.8000,5115.8000,5116.0000,5119.0000,1,1,1,14,8,1,1,1,7,5
SF,IC2012,2020-05-15 09:30:48.700,5113.0000,12387,0,82808520.000,1,0,1,多换,S,5112.4000,5110.8000,5110.2000,5109.2000,5107.4000,5114.6000,5114.8000,5115.0000,5115.8000,5116.0000,1,1,14,8,2,1,1,1,1,7
SF,IC2012,2020-05-15 09:30:49.200,5113.0000,12387,0,82808520.000,0,-,-,-,-,5112.4000,5110.8000,5110.2000,5109.2000,5107.4000,5114.6000,5114.8000,5115.0000,5115.8000,5116.0000,1,1,14,8,2,1,1,1,1,7
SF,IC2012,2020-05-15 09:30:49.700,5112.4000,12387,0,83831000.000,1,0,1,多换,S,5110.8000,5110.2000,5109.2000,5107.4000,5106.0000,5114.6000,5114.8000,5115.0000,5115.8000,5116.0000,1,14,8,2,1,1,1,1,1,7
SF,IC2012,2020-05-15 09:30:50.200,5112.4000,12387,0,83831000.000,0,-,-,-,-,5113.2000,5111.0000,5110.8000,5110.2000,5109.2000,5114.4000,5114.6000,5114.8000,5115.0000,5115.8000,1,1,1,14,8,1,1,1,1,1
SF,IC2012,2020-05-15 09:30:50.700,5112.4000,12387,0,83831000.000,0,-,-,-,-,5113.2000,5110.2000,5109.2000,5107.4000,5106.0000,5114.2000,5115.0000,5115.8000,5116.0000,5119.0000,1,14,8,2,1,1,1,1,7,5
SF,IC2012,2020-05-15 09:30:51.200,5113.2000,12386,-1,84853640.000,1,0,1,双平,S,5113.0000,5110.2000,5109.2000,5107.4000,5106.0000,5113.8000,5114.2000,5115.0000,5115.8000,5116.0000,6,14,8,2,1,1,1,1,1,7
SF,IC2012,2020-05-15 09:30:51.700,5113.0000,12386,0,87921440.000,3,1,2,多换,S,5113.0000,5110.2000,5109.2000,5107.4000,5106.0000,5113.6000,5113.8000,5115.0000,5115.8000,5116.0000,3,14,8,2,1,1,1,1,1,7
SF,IC2012,2020-05-15 09:30:52.200,5113.0000,12386,0,90989240.000,3,1,2,多换,S,5110.2000,5109.2000,5107.4000,5106.0000,5105.4000,5113.0000,5113.8000,5115.0000,5115.8000,5116.0000,14,8,2,1,2,1,1,1,1,7
SF,IC2012,2020-05-15 09:30:52.700,5113.0000,12385,-1,92011840.000,1,0,1,双平,S,5110.4000,5110.2000,5109.2000,5107.4000,5106.0000,5112.8000,5113.0000,5113.8000,5115.0000,5115.8000,1,14,8,2,1,1,2,1,1,1
SF,IC2012,2020-05-15 09:30:53.200,5113.0000,12385,0,92011840.000,0,-,-,-,-,5110.4000,5110.2000,5109.2000,5107.4000,5106.0000,5112.8000,5113.0000,5113.8000,5115.0000,5115.8000,1,14,8,2,1,1,2,1,1,1
SF,IC2012,2020-05-15 09:30:54.700,5113.0000,12385,0,92011840.000,0,-,-,-,-,5110.4000,5110.2000,5109.2000,5107.4000,5106.0000,5111.6000,5112.8000,5113.0000,5113.8000,5115.0000,1,14,8,2,1,1,1,2,1,1
SF,IC2012,2020-05-15 09:30:55.200,5111.6000,12383,-2,95078800.000,3,0,3,多平,S,5110.4000,5110.2000,5109.2000,5107.4000,5106.0000,5112.8000,5113.0000,5113.8000,5115.0000,5115.8000,1,14,8,2,1,1,2,1,1,1
SF,IC2012,2020-05-15 09:30:55.700,5111.6000,12383,0,95078800.000,0,-,-,-,-,5110.4000,5110.2000,5109.2000,5107.4000,5106.0000,5112.8000,5113.0000,5113.8000,5115.0000,5115.8000,1,14,8,2,1,1,2,1,1,1
SF,IC2012,2020-05-15 09:30:56.200,5111.6000,12383,0,95078800.000,0,-,-,-,-,5110.2000,5109.2000,5107.4000,5106.0000,5105.4000,5112.6000,5112.8000,5113.0000,5113.8000,5115.0000,14,8,2,1,2,1,1,2,1,1
SF,IC2012,2020-05-15 09:30:56.700,5110.4000,12382,-1,96100880.000,1,0,1,双平,S,5110.2000,5109.2000,5107.4000,5106.0000,5105.4000,5112.8000,5113.0000,5113.8000,5115.0000,5115.8000,14,8,2,1,2,1,2,1,1,1
SF,IC2012,2020-05-15 09:30:57.200,5110.4000,12382,0,96100880.000,0,-,-,-,-,5110.4000,5110.2000,5109.2000,5107.4000,5106.0000,5112.8000,5113.0000,5113.8000,5115.0000,5115.8000,1,14,8,2,1,1,2,1,1,1
SF,IC2012,2020-05-15 09:30:57.700,5110.4000,12382,0,96100880.000,0,-,-,-,-,5110.4000,5110.2000,5109.2000,5107.4000,5106.0000,5112.8000,5113.0000,5113.8000,5115.0000,5115.8000,3,14,8,2,1,1,2,1,1,4
SF,IC2012,2020-05-15 09:30:58.200,5110.4000,12382,0,96100880.000,0,-,-,-,-,5110.4000,5110.2000,5109.2000,5107.4000,5106.0000,5112.6000,5112.8000,5113.0000,5113.8000,5115.0000,2,14,8,2,1,1,1,2,1,1
SF,IC2012,2020-05-15 09:30:59.200,5110.4000,12382,0,96100880.000,0,-,-,-,-,5110.6000,5110.2000,5109.2000,5107.4000,5106.0000,5112.6000,5112.8000,5113.0000,5113.8000,5115.0000,1,14,8,2,1,1,1,2,1,1
SF,IC2012,2020-05-15 09:31:00.700,5110.4000,12382,0,96100880.000,0,-,-,-,-,5110.6000,5110.2000,5109.2000,5107.4000,5106.0000,5112.6000,5112.8000,5113.0000,5115.0000,5115.8000,1,14,8,2,1,1,1,2,1,4
SF,IC2012,2020-05-15 09:31:01.200,5110.4000,12382,0,96100880.000,0,-,-,-,-,5110.6000,5110.2000,5109.2000,5107.4000,5106.0000,5112.6000,5112.8000,5113.0000,5115.0000,5115.8000,1,14,8,2,1,1,1,2,1,4
SF,IC2012,2020-05-15 09:31:02.200,5110.6000,12381,-1,97123000.000,1,0,1,双平,S,5110.2000,5109.2000,5107.4000,5106.0000,5105.4000,5112.6000,5112.8000,5113.0000,5115.0000,5115.8000,14,9,2,1,2,1,1,2,1,4
SF,IC2012,2020-05-15 09:31:02.700,5112.6000,12381,0,98145520.000,1,0,1,多换,S,5110.2000,5109.2000,5107.4000,5106.0000,5105.4000,5112.8000,5113.0000,5115.0000,5115.8000,5116.0000,14,9,2,1,2,1,2,1,4,7
SF,IC2012,2020-05-15 09:31:03.200,5112.6000,12381,0,98145520.000,0,-,-,-,-,5110.4000,5110.2000,5109.2000,5107.4000,5106.0000,5112.8000,5113.0000,5115.0000,5115.8000,5116.0000,1,14,9,2,1,1,2,1,4,7
SF,IC2012,2020-05-15 09:31:06.700,5112.6000,12381,0,98145520.000,0,-,-,-,-,5110.4000,5110.2000,5109.2000,5107.4000,5106.0000,5112.4000,5112.8000,5113.0000,5115.0000,5115.8000,1,14,9,2,1,1,1,2,1,4
SF,IC2012,2020-05-15 09:31:08.200,5112.6000,12381,0,98145520.000,0,-,-,-,-,5110.4000,5110.2000,5109.2000,5107.4000,5106.0000,5112.8000,5113.0000,5115.0000,5115.8000,5116.0000,1,14,9,2,1,1,2,1,4,7
SF,IC2012,2020-05-15 09:31:08.700,5110.4000,12380,-1,99167600.000,1,0,1,双平,S,5110.2000,5109.2000,5107.4000,5106.0000,5105.4000,5112.6000,5112.8000,5113.0000,5115.0000,5115.8000,14,9,2,1,2,1,1,2,1,4
SF,IC2012,2020-05-15 09:31:09.700,5110.4000,12380,0,99167600.000,0,-,-,-,-,5110.2000,5109.2000,5109.0000,5107.4000,5105.4000,5112.6000,5112.8000,5113.0000,5114.0000,5115.0000,14,9,1,2,2,1,1,2,1,1
SF,IC2012,2020-05-15 09:31:10.200,5110.2000,12378,-2,101211680.000,2,0,2,双平,S,5110.2000,5109.2000,5109.0000,5107.4000,5105.4000,5112.4000,5112.6000,5112.8000,5113.0000,5114.0000,12,9,1,2,2,1,1,1,2,1
SF,IC2012,2020-05-15 09:31:10.700,5110.2000,12378,0,101211680.000,0,-,-,-,-,5110.2000,5109.2000,5109.0000,5107.4000,5105.4000,5112.2000,5112.4000,5112.8000,5113.0000,5114.0000,12,9,1,2,2,2,1,1,2,1
SF,IC2012,2020-05-15 09:31:11.200,5110.2000,12377,-1,102233720.000,1,0,1,双平,S,5110.2000,5109.2000,5109.0000,5107.4000,5105.4000,5112.2000,5112.4000,5112.8000,5113.0000,5114.0000,11,9,1,2,2,2,1,1,2,1
SF,IC2012,2020-05-15 09:31:11.700,5110.2000,12377,0,102233720.000,0,-,-,-,-,5110.2000,5109.2000,5109.0000,5107.4000,5105.4000,5112.2000,5112.4000,5112.8000,5113.0000,5114.0000,11,9,1,2,2,1,1,1,2,1
SF,IC2012,2020-05-15 09:31:12.200,5110.2000,12377,0,102233720.000,0,-,-,-,-,5110.2000,5109.2000,5109.0000,5107.4000,5105.4000,5112.2000,5112.4000,5112.8000,5113.0000,5114.0000,11,9,1,2,2,1,1,1,2,1
SF,IC2012,2020-05-15 09:31:12.700,5110.2000,12377,0,102233720.000,0,-,-,-,-,5110.2000,5109.2000,5109.0000,5107.4000,5105.4000,5112.2000,5112.8000,5113.0000,5114.0000,5115.0000,11,9,1,2,2,1,1,1,1,1
SF,IC2012,2020-05-15 09:31:16.200,5110.2000,12377,0,102233720.000,0,-,-,-,-,5110.2000,5109.2000,5109.0000,5107.4000,5105.4000,5112.2000,5112.8000,5113.0000,5114.0000,5115.0000,11,9,2,2,2,1,1,1,1,1
SF,IC2012,2020-05-15 09:31:19.200,5110.2000,12376,-1,103255760.000,1,0,1,双平,S,5110.2000,5109.2000,5109.0000,5107.4000,5105.4000,5112.2000,5112.8000,5113.0000,5114.0000,5115.0000,10,9,2,2,2,1,1,1,1,1
SF,IC2012,2020-05-15 09:31:20.200,5110.2000,12375,-1,104277800.000,1,0,1,双平,S,5110.2000,5109.2000,5109.0000,5107.4000,5105.4000,5112.2000,5112.8000,5113.0000,5114.0000,5115.0000,9,9,2,2,2,1,1,1,1,1
SF,IC2012,2020-05-15 09:31:21.200,5110.2000,12375,0,104277800.000,0,-,-,-,-,5110.2000,5109.2000,5109.0000,5107.4000,5105.4000,5112.2000,5112.8000,5113.0000,5114.0000,5115.0000,9,9,2,2,2,1,1,1,1,1
SF,IC2012,2020-05-15 09:31:23.200,5110.2000,12375,0,104277800.000,0,-,-,-,-,5110.2000,5110.0000,5109.2000,5109.0000,5107.4000,5112.2000,5112.8000,5113.0000,5114.0000,5115.0000,9,1,9,2,2,1,1,1,1,1
SF,IC2012,2020-05-15 09:31:23.700,5110.2000,12375,0,104277800.000,0,-,-,-,-,5110.2000,5110.0000,5109.2000,5109.0000,5107.4000,5111.6000,5112.2000,5112.8000,5113.0000,5114.0000,9,1,9,2,2,1,1,1,1,1
SF,IC2012,2020-05-15 09:31:24.200,5110.2000,12374,-1,105299840.000,1,0,1,双平,S,5110.2000,5110.0000,5109.2000,5109.0000,5107.4000,5111.6000,5112.2000,5112.8000,5113.0000,5114.0000,8,1,9,2,2,1,1,1,1,1
SF,IC2012,2020-05-15 09:31:24.700,5110.2000,12374,0,105299840.000,0,-,-,-,-,5110.2000,5110.0000,5109.2000,5109.0000,5107.4000,5111.6000,5112.2000,5112.8000,5113.0000,5114.0000,8,1,9,2,2,1,1,1,1,1
SF,IC2012,2020-05-15 09:31:26.200,5110.2000,12374,0,105299840.000,0,-,-,-,-,5110.2000,5110.0000,5109.2000,5109.0000,5107.4000,5110.8000,5111.6000,5112.2000,5112.8000,5113.0000,8,1,9,2,2,1,1,1,1,1
SF,IC2012,2020-05-15 09:31:26.700,5110.2000,12373,-1,106321880.000,1,0,1,双平,S,5110.2000,5110.0000,5109.2000,5109.0000,5107.4000,5110.8000,5111.6000,5112.2000,5112.8000,5113.0000,7,1,9,2,2,1,1,1,1,1
SF,IC2012,2020-05-15 09:31:27.700,5110.2000,12373,0,106321880.000,0,-,-,-,-,5110.2000,5110.0000,5109.2000,5109.0000,5107.4000,5110.8000,5112.2000,5112.8000,5113.0000,5114.0000,8,1,9,2,2,1,1,1,1,1
SF,IC2012,2020-05-15 09:31:28.200,5110.2000,12373,0,106321880.000,0,-,-,-,-,5110.2000,5110.0000,5109.2000,5109.0000,5107.4000,5110.8000,5112.2000,5112.8000,5113.0000,5114.0000,8,1,9,2,2,1,1,1,1,1
SF,IC2012,2020-05-15 09:31:28.700,5110.2000,12373,0,107343920.000,1,0,1,多换,S,5110.2000,5110.0000,5109.2000,5109.0000,5107.4000,5110.8000,5112.2000,5112.8000,5113.0000,5115.0000,7,1,9,2,2,1,1,1,1,1
SF,IC2012,2020-05-15 09:31:29.200,5110.8000,12373,0,108366080.000,1,0,1,多换,S,5110.2000,5110.0000,5109.2000,5109.0000,5107.4000,5112.2000,5112.8000,5113.0000,5115.0000,5115.8000,7,1,9,2,2,1,1,1,1,4
SF,IC2012,2020-05-15 09:31:30.700,5112.2000,12372,-1,109388520.000,1,0,1,双平,S,5110.2000,5110.0000,5109.2000,5109.0000,5107.4000,5112.8000,5113.0000,5115.0000,5115.8000,5116.0000,7,1,9,2,2,1,1,1,4,6
SF,IC2012,2020-05-15 09:31:31.200,5112.2000,12372,0,109388520.000,0,-,-,-,-,5110.4000,5110.2000,5110.0000,5109.2000,5109.0000,5112.8000,5113.0000,5115.0000,5115.8000,5116.0000,1,7,1,9,2,1,1,1,4,6
SF,IC2012,2020-05-15 09:31:32.200,5112.2000,12372,0,109388520.000,0,-,-,-,-,5110.4000,5110.2000,5110.0000,5109.2000,5109.0000,5112.8000,5113.0000,5115.0000,5115.8000,5116.0000,1,6,1,9,2,1,1,1,4,6
SF,IC2012,2020-05-15 09:31:33.200,5112.2000,12372,0,109388520.000,0,-,-,-,-,5110.4000,5110.2000,5110.0000,5109.2000,5109.0000,5112.8000,5113.0000,5115.0000,5115.8000,5116.0000,1,6,1,9,2,1,1,1,4,2
SF,IC2012,2020-05-15 09:31:34.700,5110.4000,12371,-1,110410600.000,1,0,1,双平,S,5110.2000,5110.0000,5109.2000,5109.0000,5107.4000,5112.8000,5113.0000,5115.0000,5115.8000,5116.0000,6,1,9,2,2,1,1,1,4,2
SF,IC2012,2020-05-15 09:31:35.200,5110.4000,12371,0,110410600.000,0,-,-,-,-,5110.8000,5110.2000,5110.0000,5109.2000,5109.0000,5112.6000,5112.8000,5113.0000,5115.0000,5115.8000,1,6,1,9,2,1,1,1,1,4
SF,IC2012,2020-05-15 09:31:35.700,5110.4000,12371,0,110410600.000,0,-,-,-,-,5111.4000,5110.8000,5110.2000,5110.0000,5109.2000,5112.6000,5113.0000,5115.0000,5115.8000,5116.0000,1,1,6,1,9,1,1,1,4,2
SF,IC2012,2020-05-15 09:31:37.700,5110.4000,12371,0,110410600.000,0,-,-,-,-,5111.4000,5110.8000,5110.2000,5110.0000,5109.2000,5112.6000,5113.0000,5115.0000,5115.8000,5116.0000,1,1,6,1,9,1,1,1,4,2
SF,IC2012,2020-05-15 09:31:38.200,5110.4000,12371,0,110410600.000,0,-,-,-,-,5111.4000,5110.8000,5110.2000,5110.0000,5109.2000,5113.0000,5115.0000,5115.8000,5116.0000,5119.0000,1,1,6,1,9,1,1,4,2,5
SF,IC2012,2020-05-15 09:31:38.700,5110.4000,12371,0,110410600.000,0,-,-,-,-,5111.4000,5110.8000,5110.2000,5110.0000,5109.2000,5112.8000,5113.0000,5115.0000,5115.8000,5116.0000,1,1,6,1,9,1,1,1,4,2
SF,IC2012,2020-05-15 09:31:39.200,5110.4000,12371,0,110410600.000,0,-,-,-,-,5111.4000,5110.8000,5110.2000,5110.0000,5109.2000,5113.0000,5115.0000,5115.8000,5116.0000,5119.0000,1,1,6,1,9,1,1,4,2,5
SF,IC2012,2020-05-15 09:31:42.200,5111.4000,12372,1,111432880.000,1,1,0,双开,S,5110.8000,5110.2000,5110.0000,5109.2000,5109.0000,5112.0000,5113.0000,5115.0000,5115.8000,5116.0000,1,6,1,9,2,1,1,1,4,2
SF,IC2012,2020-05-15 09:31:42.700,5110.8000,12372,0,112455040.000,1,0,1,多换,S,5110.2000,5110.0000,5109.2000,5109.0000,5107.4000,5111.2000,5111.6000,5111.8000,5112.0000,5113.0000,6,1,9,2,2,6,1,1,1,1
SF,IC2012,2020-05-15 09:31:43.200,5110.8000,12372,0,112455040.000,0,-,-,-,-,5110.2000,5110.0000,5109.2000,5109.0000,5107.4000,5111.8000,5112.0000,5113.0000,5115.0000,5115.8000,6,1,9,2,2,1,1,1,1,4
SF,IC2012,2020-05-15 09:31:43.700,5110.8000,12372,0,112455040.000,0,-,-,-,-,5110.4000,5110.2000,5110.0000,5109.2000,5109.0000,5112.0000,5112.8000,5113.0000,5114.0000,5115.0000,1,6,1,9,2,1,1,1,1,1
SF,IC2012,2020-05-15 09:31:44.200,5110.8000,12372,0,112455040.000,0,-,-,-,-,5110.4000,5110.2000,5110.0000,5109.2000,5109.0000,5112.0000,5112.8000,5113.0000,5114.0000,5115.0000,1,6,1,9,2,1,1,1,1,1
SF,IC2012,2020-05-15 09:31:44.700,5110.8000,12372,0,112455040.000,0,-,-,-,-,5110.4000,5110.2000,5110.0000,5109.2000,5109.0000,5112.0000,5112.8000,5113.0000,5114.0000,5115.0000,1,6,1,9,2,1,1,1,1,1
SF,IC2012,2020-05-15 09:31:45.200,5110.4000,12371,-1,114499240.000,2,0,2,多平,S,5110.2000,5110.0000,5109.2000,5109.0000,5107.4000,5112.0000,5112.8000,5113.0000,5114.0000,5115.0000,6,1,9,2,2,1,1,1,1,1
SF,IC2012,2020-05-15 09:31:45.700,5110.4000,12371,0,114499240.000,0,-,-,-,-,5110.2000,5110.0000,5109.6000,5109.2000,5109.0000,5112.0000,5112.8000,5113.0000,5114.0000,5115.0000,6,1,2,9,2,1,1,1,1,1
SF,IC2012,2020-05-15 09:31:46.200,5110.4000,12371,0,114499240.000,0,-,-,-,-,5110.2000,5110.0000,5109.6000,5109.2000,5109.0000,5112.0000,5112.8000,5113.0000,5114.0000,5115.0000,6,1,2,9,2,1,1,1,1,1
SF,IC2012,2020-05-15 09:31:47.200,5110.4000,12371,0,114499240.000,0,-,-,-,-,5110.2000,5110.0000,5109.6000,5109.2000,5109.0000,5112.8000,5113.0000,5114.0000,5115.0000,5115.8000,6,1,2,9,2,1,1,1,1,4
SF,IC2012,2020-05-15 09:31:47.700,5110.4000,12371,0,114499240.000,0,-,-,-,-,5110.2000,5110.0000,5109.6000,5109.2000,5109.0000,5111.4000,5112.0000,5112.6000,5112.8000,5113.0000,6,1,2,9,2,1,1,2,1,1
SF,IC2012,2020-05-15 09:31:48.700,5110.4000,12371,0,114499240.000,0,-,-,-,-,5110.2000,5110.0000,5109.6000,5109.2000,5109.0000,5111.4000,5111.6000,5112.0000,5112.6000,5112.8000,6,1,2,9,2,1,1,1,2,1
SF,IC2012,2020-05-15 09:31:49.200,5111.4000,12371,0,115521520.000,1,0,1,多换,S,5110.2000,5110.0000,5109.6000,5109.2000,5109.0000,5112.0000,5112.6000,5112.8000,5113.0000,5114.0000,6,1,2,9,2,1,2,1,1,1
SF,IC2012,2020-05-15 09:31:49.700,5111.4000,12371,0,115521520.000,0,-,-,-,-,5110.2000,5110.0000,5109.6000,5109.2000,5109.0000,5111.6000,5111.8000,5112.0000,5112.6000,5112.8000,6,1,2,9,2,1,1,1,1,1
SF,IC2012,2020-05-15 09:31:50.200,5111.4000,12371,0,116543800.000,1,0,1,多换,S,5110.2000,5110.0000,5109.6000,5109.2000,5109.0000,5111.6000,5112.0000,5112.6000,5112.8000,5113.0000,6,1,2,9,2,1,1,1,1,1
SF,IC2012,2020-05-15 09:31:51.700,5111.4000,12371,0,116543800.000,0,-,-,-,-,5110.4000,5110.2000,5110.0000,5109.6000,5109.2000,5111.6000,5112.0000,5112.6000,5113.0000,5114.0000,5,6,1,2,9,1,1,1,1,1
SF,IC2012,2020-05-15 09:31:52.200,5110.4000,12372,1,117565880.000,1,1,0,双开,S,5110.4000,5110.2000,5110.0000,5109.6000,5109.2000,5111.6000,5112.0000,5112.6000,5113.0000,5114.0000,4,6,1,2,9,1,1,1,1,1
SF,IC2012,2020-05-15 09:31:54.200,5110.4000,12374,2,121654200.000,4,3,1,空开,S,5110.2000,5110.0000,5109.6000,5109.2000,5109.0000,5111.6000,5112.0000,5112.6000,5113.0000,5114.0000,6,1,2,9,2,1,1,1,1,1
SF,IC2012,2020-05-15 09:31:54.700,5110.4000,12374,0,121654200.000,0,-,-,-,-,5110.2000,5110.0000,5109.6000,5109.2000,5109.0000,5111.4000,5111.6000,5112.0000,5112.6000,5113.0000,6,1,2,9,2,1,1,1,1,1
SF,IC2012,2020-05-15 09:31:55.200,5110.4000,12374,0,121654200.000,0,-,-,-,-,5110.2000,5110.0000,5109.6000,5109.2000,5109.0000,5111.4000,5111.6000,5112.0000,5112.6000,5113.0000,6,1,2,9,2,1,1,1,1,1
SF,IC2012,2020-05-15 09:31:56.200,5110.4000,12374,0,121654200.000,0,-,-,-,-,5110.2000,5110.0000,5109.6000,5109.2000,5109.0000,5110.4000,5111.4000,5111.6000,5112.0000,5112.6000,6,1,2,9,2,1,1,1,1,1
SF,IC2012,2020-05-15 09:31:56.700,5110.4000,12373,-1,122676280.000,1,0,1,双平,S,5110.2000,5110.0000,5109.6000,5109.2000,5109.0000,5111.6000,5112.0000,5112.6000,5113.0000,5114.0000,6,1,2,9,2,1,1,1,1,1
SF,IC2012,2020-05-15 09:31:57.200,5110.4000,12373,0,122676280.000,0,-,-,-,-,5110.2000,5110.0000,5109.6000,5109.2000,5109.0000,5111.4000,5111.6000,5112.0000,5112.6000,5113.0000,6,1,2,9,2,1,1,1,1,1
SF,IC2012,2020-05-15 09:31:58.700,5110.4000,12373,0,122676280.000,0,-,-,-,-,5110.2000,5110.0000,5109.6000,5109.2000,5109.0000,5111.4000,5111.6000,5112.0000,5112.6000,5113.0000,7,1,2,9,2,1,1,1,1,1
SF,IC2012,2020-05-15 09:31:59.200,5110.2000,12372,-1,123698320.000,1,0,1,双平,S,5110.2000,5110.0000,5109.6000,5109.2000,5109.0000,5111.4000,5111.6000,5112.0000,5112.6000,5113.0000,6,1,2,9,2,1,1,1,1,1
SF,IC2012,2020-05-15 09:32:00.200,5110.2000,12372,0,123698320.000,0,-,-,-,-,5110.2000,5110.0000,5109.6000,5109.2000,5109.0000,5111.2000,5111.4000,5111.6000,5112.0000,5112.6000,6,1,2,9,2,2,1,1,1,1
SF,IC2012,2020-05-15 09:32:00.700,5110.2000,12372,0,123698320.000,0,-,-,-,-,5110.2000,5110.0000,5109.6000,5109.2000,5109.0000,5111.2000,5111.4000,5111.6000,5112.0000,5112.6000,6,1,2,9,2,2,1,1,1,1
SF,IC2012,2020-05-15 09:32:01.200,5110.2000,12372,0,123698320.000,0,-,-,-,-,5110.2000,5110.0000,5109.6000,5109.2000,5109.0000,5111.2000,5111.4000,5111.6000,5112.0000,5112.6000,6,1,2,9,2,2,1,1,1,1
SF,IC2012,2020-05-15 09:32:01.700,5110.2000,12372,0,123698320.000,0,-,-,-,-,5110.2000,5110.0000,5109.6000,5109.2000,5109.0000,5111.2000,5111.6000,5112.0000,5112.6000,5113.0000,6,1,2,9,2,1,1,1,1,1
SF,IC2012,2020-05-15 09:32:02.200,5110.2000,12368,-4,128808520.000,5,0,5,多平,S,5110.2000,5110.0000,5109.6000,5109.2000,5109.0000,5110.8000,5111.2000,5111.6000,5112.0000,5112.6000,1,1,2,9,2,1,1,1,1,1
SF,IC2012,2020-05-15 09:32:02.700,5110.0000,12367,-1,130852560.000,2,0,2,多平,S,5109.6000,5109.2000,5109.0000,5105.4000,5105.0000,5110.8000,5111.2000,5111.6000,5112.0000,5112.6000,2,9,2,2,1,1,1,1,1,1
SF,IC2012,2020-05-15 09:32:03.200,5110.0000,12367,0,130852560.000,0,-,-,-,-,5109.6000,5109.2000,5109.0000,5105.4000,5105.0000,5110.6000,5110.8000,5111.2000,5111.6000,5112.0000,2,9,2,2,1,2,1,1,1,1
SF,IC2012,2020-05-15 09:32:03.700,5109.6000,12367,0,132896400.000,2,1,1,多换,S,5109.2000,5109.0000,5105.4000,5105.0000,5103.2000,5110.2000,5110.6000,5111.2000,5111.6000,5112.0000,9,2,2,1,1,1,2,1,1,1
SF,IC2012,2020-05-15 09:32:04.200,5109.2000,12365,-2,142092960.000,9,3,6,多平,S,5109.0000,5105.4000,5105.0000,5103.2000,5103.0000,5110.2000,5110.6000,5111.2000,5112.0000,5112.6000,2,2,1,1,2,1,2,1,1,1
SF,IC2012,2020-05-15 09:32:05.200,5109.0000,12365,0,143114760.000,1,0,1,多换,S,5109.0000,5105.4000,5105.0000,5103.2000,5103.0000,5110.0000,5110.2000,5110.6000,5111.2000,5112.0000,1,2,1,1,2,1,1,1,1,1
SF,IC2012,2020-05-15 09:32:05.700,5109.0000,12365,0,143114760.000,0,-,-,-,-,5109.0000,5105.4000,5105.0000,5103.2000,5103.0000,5109.6000,5110.0000,5110.6000,5111.2000,5112.0000,1,2,1,1,2,1,1,1,1,1
SF,IC2012,2020-05-15 09:32:06.200,5109.0000,12365,0,144136560.000,1,0,1,多换,S,5105.4000,5105.0000,5103.2000,5103.0000,5102.8000,5110.6000,5111.2000,5112.0000,5112.6000,5113.0000,2,1,1,2,1,1,1,1,1,1
SF,IC2012,2020-05-15 09:32:06.700,5109.0000,12365,0,144136560.000,0,-,-,-,-,5105.6000,5105.4000,5105.0000,5103.2000,5103.0000,5109.2000,5110.4000,5110.6000,5111.2000,5112.0000,1,2,1,1,2,1,1,1,1,1
SF,IC2012,2020-05-15 09:32:07.200,5109.0000,12365,0,145158360.000,1,0,1,多换,S,5105.6000,5105.4000,5105.0000,5103.2000,5103.0000,5111.2000,5112.0000,5113.0000,5115.0000,5115.8000,1,2,1,1,2,1,1,1,6,4
SF,IC2012,2020-05-15 09:32:07.700,5109.0000,12365,0,145158360.000,0,-,-,-,-,5105.8000,5105.6000,5105.4000,5105.0000,5103.2000,5110.8000,5111.0000,5111.2000,5112.0000,5113.0000,1,1,2,1,1,1,1,1,1,1
SF,IC2012,2020-05-15 09:32:08.200,5109.0000,12365,0,145158360.000,0,-,-,-,-,5106.0000,5105.8000,5105.4000,5105.0000,5103.2000,5109.0000,5110.8000,5111.2000,5112.0000,5113.0000,1,1,2,1,1,1,1,1,1,1
SF,IC2012,2020-05-15 09:32:08.700,5109.0000,12365,0,145158360.000,0,-,-,-,-,5106.0000,5105.4000,5105.0000,5103.2000,5103.0000,5109.0000,5110.8000,5111.2000,5112.0000,5113.0000,1,2,1,1,2,1,1,1,1,1
SF,IC2012,2020-05-15 09:32:09.200,5109.0000,12365,0,145158360.000,0,-,-,-,-,5106.6000,5106.0000,5105.4000,5105.0000,5103.2000,5109.0000,5110.8000,5111.2000,5112.0000,5113.0000,1,1,2,1,1,1,1,1,1,1
SF,IC2012,2020-05-15 09:32:09.700,5109.0000,12366,1,146180160.000,1,1,0,双开,S,5107.0000,5106.8000,5105.4000,5105.0000,5103.2000,5110.8000,5111.2000,5112.0000,5113.0000,5115.0000,1,1,2,1,1,1,1,1,1,6
SF,IC2012,2020-05-15 09:32:10.200,5109.0000,12366,0,146180160.000,0,-,-,-,-,5107.2000,5105.4000,5105.0000,5103.2000,5103.0000,5110.8000,5111.2000,5112.0000,5113.0000,5115.0000,2,2,1,1,2,1,1,1,1,6
SF,IC2012,2020-05-15 09:32:10.700,5109.0000,12366,0,146180160.000,0,-,-,-,-,5107.2000,5105.4000,5105.0000,5103.2000,5103.0000,5110.6000,5110.8000,5111.2000,5112.0000,5113.0000,2,2,1,1,2,1,1,1,1,1
SF,IC2012,2020-05-15 09:32:11.200,5109.0000,12366,0,146180160.000,0,-,-,-,-,5107.2000,5105.4000,5105.0000,5103.2000,5103.0000,5110.2000,5110.6000,5111.2000,5112.0000,5113.0000,2,2,1,1,2,1,1,1,1,1
SF,IC2012,2020-05-15 09:32:11.700,5109.0000,12366,0,146180160.000,0,-,-,-,-,5107.2000,5105.4000,5105.0000,5103.2000,5103.0000,5110.0000,5110.2000,5111.2000,5112.0000,5113.0000,2,2,1,1,2,1,1,1,1,1
SF,IC2012,2020-05-15 09:32:12.200,5109.0000,12366,0,146180160.000,0,-,-,-,-,5107.2000,5105.4000,5105.0000,5103.2000,5103.0000,5109.6000,5111.2000,5112.0000,5113.0000,5115.0000,2,2,1,1,2,1,1,1,1,6
SF,IC2012,2020-05-15 09:32:12.700,5109.0000,12366,0,146180160.000,0,-,-,-,-,5107.6000,5107.2000,5105.4000,5105.0000,5103.2000,5111.2000,5112.0000,5113.0000,5115.0000,5115.8000,1,2,2,1,1,1,1,1,6,4
SF,IC2012,2020-05-15 09:32:13.200,5109.0000,12366,0,146180160.000,0,-,-,-,-,5107.8000,5107.2000,5105.4000,5105.0000,5103.2000,5110.8000,5111.0000,5111.2000,5112.0000,5113.0000,1,1,2,1,1,1,1,1,1,1
SF,IC2012,2020-05-15 09:32:13.700,5107.2000,12366,0,147201600.000,1,0,1,多换,S,5105.6000,5105.4000,5105.0000,5103.2000,5103.0000,5110.0000,5110.6000,5110.8000,5112.0000,5113.0000,1,2,1,1,1,1,1,2,1,1
SF,IC2012,2020-05-15 09:32:14.200,5107.2000,12366,0,147201600.000,0,-,-,-,-,5105.8000,5105.6000,5105.4000,5105.0000,5103.2000,5110.0000,5110.8000,5112.0000,5113.0000,5115.0000,1,1,2,1,1,1,2,1,1,6
SF,IC2012,2020-05-15 09:32:14.700,5107.2000,12366,0,147201600.000,0,-,-,-,-,5106.0000,5105.8000,5105.6000,5105.4000,5105.0000,5109.8000,5110.0000,5110.8000,5112.0000,5113.0000,1,1,1,2,1,1,1,2,1,1
SF,IC2012,2020-05-15 09:32:15.200,5107.2000,12366,0,147201600.000,0,-,-,-,-,5106.2000,5105.6000,5105.4000,5105.0000,5103.2000,5110.0000,5110.8000,5112.0000,5113.0000,5115.0000,1,1,2,1,1,1,2,1,1,6
SF,IC2012,2020-05-15 09:32:15.700,5107.2000,12366,0,147201600.000,0,-,-,-,-,5106.2000,5105.6000,5105.4000,5105.0000,5103.2000,5110.0000,5110.8000,5112.0000,5113.0000,5115.0000,1,1,2,1,1,1,2,1,1,6
SF,IC2012,2020-05-15 09:32:16.200,5107.2000,12366,0,147201600.000,0,-,-,-,-,5106.2000,5105.6000,5105.4000,5105.0000,5103.2000,5109.8000,5110.0000,5110.8000,5112.0000,5113.0000,2,1,2,1,1,1,1,2,1,1
SF,IC2012,2020-05-15 09:32:16.700,5107.2000,12366,0,147201600.000,0,-,-,-,-,5106.4000,5106.2000,5105.6000,5105.4000,5105.0000,5109.8000,5110.0000,5110.8000,5112.0000,5113.0000,1,2,1,2,1,1,1,2,1,1
SF,IC2012,2020-05-15 09:32:17.200,5107.2000,12366,0,147201600.000,0,-,-,-,-,5106.6000,5106.4000,5106.2000,5105.6000,5105.4000,5109.8000,5110.0000,5110.8000,5112.0000,5113.0000,2,1,1,1,2,1,1,2,1,1
SF,IC2012,2020-05-15 09:32:17.700,5107.2000,12366,0,147201600.000,0,-,-,-,-,5106.6000,5106.4000,5106.2000,5105.6000,5105.4000,5109.8000,5110.0000,5110.8000,5112.0000,5113.0000,2,1,1,1,2,1,1,2,1,1
SF,IC2012,2020-05-15 09:32:18.200,5109.8000,12366,0,148223560.000,1,0,1,多换,S,5106.6000,5106.4000,5106.2000,5105.6000,5105.4000,5110.0000,5110.8000,5112.0000,5113.0000,5115.0000,2,1,1,1,2,1,2,1,1,6
SF,IC2012,2020-05-15 09:32:18.700,5109.8000,12366,0,148223560.000,0,-,-,-,-,5106.6000,5106.4000,5106.2000,5105.6000,5105.4000,5110.0000,5110.8000,5112.0000,5113.0000,5115.0000,2,1,1,1,2,1,2,1,1,6
SF,IC2012,2020-05-15 09:32:19.200,5109.8000,12366,0,148223560.000,0,-,-,-,-,5106.6000,5106.4000,5106.2000,5105.6000,5105.4000,5109.8000,5110.0000,5110.8000,5112.0000,5113.0000,2,1,1,1,2,1,1,2,1,1
SF,IC2012,2020-05-15 09:32:20.200,5109.8000,12366,0,148223560.000,0,-,-,-,-,5107.0000,5106.6000,5106.4000,5106.2000,5105.6000,5109.8000,5110.0000,5110.8000,5112.0000,5113.0000,1,2,1,1,1,1,1,2,1,1
SF,IC2012,2020-05-15 09:32:20.700,5109.8000,12366,0,148223560.000,0,-,-,-,-,5107.0000,5106.6000,5106.2000,5105.6000,5105.4000,5109.4000,5109.8000,5110.0000,5110.8000,5112.0000,1,1,1,1,2,1,1,1,2,1
SF,IC2012,2020-05-15 09:32:21.200,5109.8000,12366,0,148223560.000,0,-,-,-,-,5107.0000,5106.6000,5106.2000,5105.6000,5105.4000,5109.2000,5109.4000,5110.0000,5110.8000,5112.0000,1,1,1,1,2,1,1,1,2,1
SF,IC2012,2020-05-15 09:32:21.700,5109.8000,12366,0,148223560.000,0,-,-,-,-,5107.0000,5106.6000,5106.2000,5105.6000,5105.4000,5109.2000,5110.0000,5110.8000,5112.0000,5113.0000,1,1,1,1,2,1,1,2,1,1
SF,IC2012,2020-05-15 09:32:22.200,5109.8000,12366,0,148223560.000,0,-,-,-,-,5107.0000,5106.2000,5105.6000,5105.4000,5105.0000,5109.2000,5110.0000,5110.8000,5112.0000,5113.0000,1,1,1,2,1,1,1,2,1,1
SF,IC2012,2020-05-15 09:32:22.700,5109.8000,12366,0,148223560.000,0,-,-,-,-,5107.0000,5106.2000,5105.6000,5105.4000,5105.0000,5109.2000,5110.0000,5110.8000,5112.0000,5113.0000,1,1,1,2,1,1,1,2,1,1
SF,IC2012,2020-05-15 09:32:23.200,5109.8000,12366,0,148223560.000,0,-,-,-,-,5107.0000,5106.2000,5105.6000,5105.4000,5105.0000,5108.8000,5109.2000,5110.0000,5110.8000,5112.0000,1,1,1,2,1,1,1,1,1,1
SF,IC2012,2020-05-15 09:32:23.700,5109.8000,12366,0,148223560.000,0,-,-,-,-,5107.0000,5106.2000,5105.6000,5105.4000,5105.0000,5108.6000,5108.8000,5110.0000,5110.8000,5112.0000,1,1,1,2,1,1,1,1,1,1
SF,IC2012,2020-05-15 09:32:24.700,5108.8000,12366,0,149245320.000,1,0,1,多换,S,5107.0000,5106.2000,5105.6000,5105.4000,5105.0000,5108.8000,5110.0000,5110.8000,5112.0000,5113.0000,1,1,1,2,1,1,1,1,1,1
SF,IC2012,2020-05-15 09:32:25.200,5108.8000,12366,0,149245320.000,0,-,-,-,-,5107.0000,5106.2000,5105.6000,5105.4000,5105.0000,5108.4000,5108.8000,5110.0000,5110.8000,5112.0000,1,1,1,2,1,1,1,1,1,1
SF,IC2012,2020-05-15 09:32:26.200,5108.8000,12366,0,149245320.000,0,-,-,-,-,5107.0000,5106.2000,5105.6000,5105.4000,5105.0000,5108.2000,5110.0000,5110.8000,5112.0000,5113.0000,1,1,1,2,1,1,1,1,1,1
SF,IC2012,2020-05-15 09:32:26.700,5108.8000,12366,0,149245320.000,0,-,-,-,-,5107.2000,5107.0000,5106.2000,5105.6000,5105.4000,5108.2000,5110.0000,5112.0000,5113.0000,5115.0000,1,1,1,1,2,1,1,1,1,6
SF,IC2012,2020-05-15 09:32:27.200,5108.4000,12365,-1,150267000.000,1,0,1,双平,S,5107.2000,5107.0000,5106.2000,5105.6000,5105.4000,5110.0000,5112.0000,5113.0000,5115.0000,5115.8000,2,1,1,1,2,1,1,1,6,4
SF,IC2012,2020-05-15 09:32:27.700,5108.4000,12365,0,150267000.000,0,-,-,-,-,5107.4000,5107.2000,5107.0000,5106.2000,5105.6000,5109.6000,5110.0000,5112.0000,5113.0000,5115.0000,1,1,1,1,1,1,1,1,1,6
SF,IC2012,2020-05-15 09:32:28.200,5108.4000,12365,0,150267000.000,0,-,-,-,-,5107.6000,5107.4000,5107.0000,5106.2000,5105.6000,5109.6000,5110.0000,5112.0000,5113.0000,5115.0000,1,1,1,1,1,2,1,1,1,6
SF,IC2012,2020-05-15 09:32:28.700,5109.4000,12364,-1,151288880.000,1,0,1,双平,S,5107.4000,5107.0000,5106.2000,5105.6000,5105.4000,5109.4000,5109.6000,5110.0000,5112.0000,5113.0000,1,1,1,1,2,1,2,1,1,1
SF,IC2012,2020-05-15 09:32:29.200,5107.6000,12363,-1,152310400.000,1,0,1,双平,S,5107.0000,5106.2000,5105.6000,5105.4000,5105.0000,5108.2000,5109.6000,5110.0000,5112.0000,5113.0000,1,1,1,2,1,1,2,1,1,1
SF,IC2012,2020-05-15 09:32:29.700,5108.2000,12363,0,153332040.000,1,0,1,多换,S,5107.2000,5107.0000,5106.2000,5105.6000,5105.4000,5109.2000,5110.0000,5112.0000,5113.0000,5115.0000,2,1,1,1,2,1,1,1,1,6
SF,IC2012,2020-05-15 09:32:30.200,5108.2000,12363,0,153332040.000,0,-,-,-,-,5107.0000,5106.2000,5105.6000,5105.4000,5105.0000,5109.0000,5109.2000,5110.0000,5112.0000,5113.0000,1,1,1,2,1,1,1,1,1,1
SF,IC2012,2020-05-15 09:32:30.700,5108.2000,12363,0,153332040.000,0,-,-,-,-,5107.4000,5107.0000,5106.2000,5105.6000,5105.4000,5109.0000,5109.2000,5110.0000,5112.0000,5113.0000,1,1,1,1,2,1,1,1,1,1
SF,IC2012,2020-05-15 09:32:31.700,5108.2000,12363,0,153332040.000,0,-,-,-,-,5107.0000,5106.2000,5105.6000,5105.4000,5105.0000,5109.0000,5109.2000,5110.0000,5112.0000,5113.0000,1,1,1,2,1,1,1,1,1,1
SF,IC2012,2020-05-15 09:32:32.200,5108.2000,12363,0,153332040.000,0,-,-,-,-,5107.6000,5107.2000,5107.0000,5106.2000,5105.6000,5109.2000,5110.0000,5112.0000,5113.0000,5115.0000,1,1,1,1,1,1,1,1,1,6
SF,IC2012,2020-05-15 09:32:32.700,5108.2000,12363,0,153332040.000,0,-,-,-,-,5107.0000,5106.2000,5105.6000,5105.4000,5105.0000,5109.0000,5109.2000,5110.0000,5112.0000,5113.0000,1,1,1,2,1,2,1,1,1,1
SF,IC2012,2020-05-15 09:32:33.700,5108.2000,12363,0,153332040.000,0,-,-,-,-,5107.2000,5107.0000,5106.2000,5105.6000,5105.4000,5109.0000,5109.2000,5110.0000,5112.0000,5113.0000,1,1,1,1,2,1,1,1,1,1
SF,IC2012,2020-05-15 09:32:34.200,5108.2000,12363,0,153332040.000,0,-,-,-,-,5107.4000,5107.2000,5107.0000,5106.2000,5105.6000,5109.2000,5110.0000,5112.0000,5113.0000,5115.0000,1,1,1,1,1,1,1,1,1,6
SF,IC2012,2020-05-15 09:32:35.200,5108.2000,12363,0,153332040.000,0,-,-,-,-,5107.4000,5107.2000,5107.0000,5106.2000,5105.6000,5110.0000,5112.0000,5113.0000,5115.0000,5115.8000,1,1,1,1,1,1,1,1,6,4
SF,IC2012,2020-05-15 09:32:35.700,5108.2000,12363,0,153332040.000,0,-,-,-,-,5107.4000,5107.2000,5107.0000,5106.8000,5106.2000,5109.6000,5109.8000,5110.0000,5113.0000,5115.0000,1,1,1,1,1,1,1,1,1,6
SF,IC2012,2020-05-15 09:32:36.200,5108.2000,12363,0,153332040.000,0,-,-,-,-,5107.0000,5106.8000,5106.2000,5105.6000,5105.4000,5109.4000,5109.6000,5110.0000,5113.0000,5115.0000,1,1,1,1,2,1,1,1,1,6
SF,IC2012,2020-05-15 09:32:36.700,5108.2000,12363,0,153332040.000,0,-,-,-,-,5107.0000,5106.8000,5106.2000,5105.6000,5105.4000,5109.0000,5109.4000,5110.0000,5113.0000,5115.0000,1,1,1,1,2,1,1,1,1,6
SF,IC2012,2020-05-15 09:32:37.200,5108.2000,12363,0,153332040.000,0,-,-,-,-,5107.0000,5106.8000,5106.2000,5105.6000,5105.4000,5109.0000,5109.4000,5110.0000,5111.8000,5113.0000,1,1,1,1,2,2,1,1,1,1
SF,IC2012,2020-05-15 09:32:37.700,5108.2000,12363,0,153332040.000,0,-,-,-,-,5107.0000,5106.8000,5106.2000,5105.6000,5105.4000,5108.8000,5109.0000,5109.4000,5110.0000,5111.8000,1,1,1,1,2,1,1,1,1,1
SF,IC2012,2020-05-15 09:32:38.200,5108.2000,12363,0,153332040.000,0,-,-,-,-,5107.0000,5106.8000,5106.2000,5105.6000,5105.4000,5108.6000,5108.8000,5110.0000,5111.8000,5113.0000,1,1,1,1,2,2,1,1,1,1
SF,IC2012,2020-05-15 09:32:38.700,5108.2000,12363,0,153332040.000,0,-,-,-,-,5108.2000,5107.0000,5106.8000,5106.2000,5105.6000,5108.6000,5108.8000,5110.0000,5111.8000,5113.0000,1,1,1,1,1,2,1,1,1,1
SF,IC2012,2020-05-15 09:32:39.200,5108.2000,12363,0,154353680.000,1,0,1,多换,S,5107.0000,5106.8000,5106.2000,5105.6000,5105.4000,5108.6000,5110.0000,5111.8000,5113.0000,5115.0000,1,1,1,1,2,2,1,1,1,6
SF,IC2012,2020-05-15 09:32:39.700,5108.6000,12362,-1,155375400.000,1,0,1,双平,S,5107.2000,5107.0000,5106.8000,5106.2000,5105.6000,5110.0000,5111.8000,5113.0000,5115.0000,5115.8000,2,1,1,1,1,1,1,1,6,4
SF,IC2012,2020-05-15 09:32:40.200,5108.6000,12362,0,155375400.000,0,-,-,-,-,5107.2000,5107.0000,5106.8000,5106.2000,5105.6000,5109.6000,5109.8000,5110.0000,5111.8000,5113.0000,2,1,1,1,1,1,1,1,1,1
SF,IC2012,2020-05-15 09:32:40.700,5108.6000,12362,0,155375400.000,0,-,-,-,-,5107.0000,5106.8000,5106.2000,5105.6000,5105.4000,5109.4000,5109.6000,5110.0000,5111.8000,5113.0000,1,1,1,1,2,1,2,1,1,1
SF,IC2012,2020-05-15 09:32:41.200,5108.6000,12362,0,155375400.000,0,-,-,-,-,5107.0000,5106.8000,5106.2000,5105.6000,5105.4000,5109.0000,5109.2000,5109.4000,5110.0000,5111.8000,1,1,1,1,2,1,1,1,1,1
SF,IC2012,2020-05-15 09:32:41.700,5108.6000,12362,0,155375400.000,0,-,-,-,-,5107.0000,5106.8000,5106.2000,5105.6000,5105.4000,5108.8000,5109.0000,5110.0000,5111.8000,5113.0000,1,1,1,1,2,1,1,1,1,1
SF,IC2012,2020-05-15 09:32:42.200,5108.6000,12362,0,155375400.000,0,-,-,-,-,5107.0000,5106.8000,5106.2000,5105.6000,5105.4000,5108.4000,5108.8000,5110.0000,5111.8000,5113.0000,1,1,1,1,2,1,1,1,1,1
SF,IC2012,2020-05-15 09:32:42.700,5108.6000,12361,-1,156397120.000,1,0,1,双平,S,5107.0000,5106.8000,5106.2000,5105.6000,5105.4000,5108.4000,5110.0000,5111.8000,5113.0000,5115.0000,1,1,1,1,2,1,1,1,1,6
SF,IC2012,2020-05-15 09:32:44.700,5108.4000,12361,0,157418800.000,1,0,1,多换,S,5107.0000,5106.8000,5106.2000,5105.6000,5105.4000,5110.0000,5111.8000,5113.0000,5115.0000,5115.8000,1,1,1,1,2,1,1,1,6,4
SF,IC2012,2020-05-15 09:32:45.200,5108.4000,12361,0,157418800.000,0,-,-,-,-,5107.4000,5107.2000,5107.0000,5106.8000,5106.2000,5107.6000,5110.0000,5111.8000,5113.0000,5115.0000,1,2,1,1,1,1,1,1,1,6
SF,IC2012,2020-05-15 09:32:45.700,5107.6000,12361,0,158440320.000,1,0,1,多换,S,5107.6000,5107.4000,5107.2000,5107.0000,5106.8000,5110.0000,5111.8000,5113.0000,5115.0000,5115.8000,1,1,1,1,1,1,1,1,6,4
SF,IC2012,2020-05-15 09:32:46.200,5107.6000,12361,0,159461840.000,1,0,1,多换,S,5107.6000,5107.4000,5107.0000,5106.8000,5105.4000,5109.2000,5109.6000,5109.8000,5110.0000,5111.8000,1,1,1,1,2,1,1,1,1,1
SF,IC2012,2020-05-15 09:32:46.700,5107.4000,12360,-1,161504840.000,2,0,2,多平,S,5107.0000,5106.8000,5105.4000,5105.0000,5103.2000,5109.0000,5109.2000,5110.0000,5111.8000,5113.0000,1,1,2,1,1,2,1,1,1,1
SF,IC2012,2020-05-15 09:32:47.200,5108.8000,12359,-1,162526600.000,1,0,1,双平,S,5107.0000,5106.8000,5105.4000,5105.0000,5103.2000,5109.0000,5109.2000,5110.0000,5111.8000,5113.0000,1,1,2,1,1,1,1,1,1,1
SF,IC2012,2020-05-15 09:32:49.200,5108.8000,12359,0,162526600.000,0,-,-,-,-,5107.0000,5106.8000,5105.4000,5105.0000,5103.2000,5108.8000,5109.0000,5109.2000,5110.0000,5111.8000,1,1,2,1,1,1,1,1,1,1
SF,IC2012,2020-05-15 09:32:49.700,5108.8000,12359,0,162526600.000,0,-,-,-,-,5107.2000,5107.0000,5106.8000,5105.4000,5105.0000,5108.8000,5109.2000,5110.0000,5111.8000,5113.0000,2,1,1,2,1,1,1,1,1,1
SF,IC2012,2020-05-15 09:32:50.200,5108.8000,12359,0,162526600.000,0,-,-,-,-,5107.4000,5107.2000,5107.0000,5106.8000,5105.4000,5108.8000,5109.2000,5110.0000,5111.8000,5113.0000,1,1,1,1,2,1,1,1,1,1
SF,IC2012,2020-05-15 09:32:50.700,5108.8000,12359,0,162526600.000,0,-,-,-,-,5107.6000,5107.2000,5107.0000,5106.8000,5105.4000,5108.8000,5109.2000,5110.0000,5111.8000,5113.0000,1,1,1,1,2,1,1,1,1,1
SF,IC2012,2020-05-15 09:32:51.700,5108.8000,12359,0,162526600.000,0,-,-,-,-,5107.2000,5107.0000,5106.8000,5105.4000,5105.0000,5108.8000,5109.2000,5110.0000,5111.8000,5113.0000,1,1,1,2,1,1,1,1,1,1
SF,IC2012,2020-05-15 09:32:53.200,5108.8000,12359,0,162526600.000,0,-,-,-,-,5107.4000,5107.2000,5107.0000,5106.8000,5105.4000,5108.8000,5109.2000,5110.0000,5111.8000,5113.0000,1,1,1,1,2,1,1,1,1,1
SF,IC2012,2020-05-15 09:32:53.700,5108.8000,12359,0,162526600.000,0,-,-,-,-,5107.6000,5107.2000,5107.0000,5106.8000,5105.4000,5108.8000,5109.2000,5110.0000,5111.8000,5113.0000,1,1,1,1,2,1,1,1,1,1
SF,IC2012,2020-05-15 09:32:54.700,5108.8000,12358,-1,163548360.000,1,0,1,双平,S,5107.6000,5107.2000,5107.0000,5106.8000,5105.4000,5109.2000,5110.0000,5111.8000,5113.0000,5115.0000,1,1,1,1,2,1,1,1,1,1
SF,IC2012,2020-05-15 09:32:55.200,5108.8000,12358,0,163548360.000,0,-,-,-,-,5107.8000,5107.0000,5106.8000,5105.4000,5105.0000,5109.2000,5110.0000,5111.8000,5113.0000,5115.0000,4,1,1,2,1,1,6,1,1,1
SF,IC2012,2020-05-15 09:32:55.700,5109.2000,12358,0,164570200.000,1,0,1,多换,S,5108.0000,5107.8000,5107.0000,5106.8000,5105.4000,5110.0000,5111.8000,5113.0000,5115.0000,5115.8000,1,3,1,1,2,6,1,1,1,4
SF,IC2012,2020-05-15 09:32:56.200,5109.2000,12358,0,164570200.000,0,-,-,-,-,5108.2000,5107.8000,5107.0000,5106.8000,5105.4000,5110.0000,5111.8000,5113.0000,5115.0000,5115.8000,2,2,1,1,2,6,1,1,1,4
SF,IC2012,2020-05-15 09:32:57.200,5109.2000,12358,0,164570200.000,0,-,-,-,-,5108.4000,5108.2000,5107.8000,5107.0000,5106.8000,5110.0000,5111.8000,5113.0000,5115.0000,5115.8000,1,1,2,1,1,6,1,1,1,4
SF,IC2012,2020-05-15 09:32:57.700,5109.2000,12358,0,164570200.000,0,-,-,-,-,5108.6000,5107.0000,5106.8000,5105.4000,5105.0000,5110.0000,5111.8000,5113.0000,5115.0000,5115.8000,2,1,1,2,1,6,1,1,1,4
SF,IC2012,2020-05-15 09:32:58.200,5110.0000,12358,0,165592200.000,1,0,1,多换,S,5108.6000,5107.0000,5106.8000,5105.4000,5105.0000,5110.0000,5111.8000,5113.0000,5115.0000,5115.8000,2,1,1,2,1,5,1,1,1,4
SF,IC2012,2020-05-15 09:32:59.200,5108.8000,12358,0,166613960.000,1,0,1,多换,S,5108.6000,5107.0000,5106.8000,5105.4000,5105.0000,5110.0000,5111.8000,5113.0000,5115.0000,5115.8000,1,1,1,2,1,5,1,1,1,4
SF,IC2012,2020-05-15 09:33:00.200,5110.0000,12353,-5,171723960.000,5,0,5,双平,S,5109.0000,5108.6000,5107.0000,5106.8000,5105.4000,5111.8000,5113.0000,5115.0000,5115.8000,5116.0000,1,1,1,1,2,1,1,1,4,1
SF,IC2012,2020-05-15 09:33:00.700,5110.0000,12353,0,171723960.000,0,-,-,-,-,5109.2000,5109.0000,5107.0000,5106.8000,5105.4000,5111.8000,5113.0000,5115.0000,5115.8000,5116.0000,2,2,1,1,2,1,1,1,4,1
SF,IC2012,2020-05-15 09:33:01.200,5110.0000,12353,0,171723960.000,0,-,-,-,-,5109.2000,5107.0000,5106.8000,5105.4000,5105.0000,5111.8000,5113.0000,5115.0000,5115.8000,5116.0000,2,1,1,2,1,1,1,1,4,1
SF,IC2012,2020-05-15 09:33:01.700,5110.0000,12353,0,171723960.000,0,-,-,-,-,5109.2000,5107.0000,5106.8000,5105.4000,5105.0000,5111.8000,5113.0000,5115.0000,5115.8000,5116.0000,1,1,1,2,1,1,1,1,4,1
SF,IC2012,2020-05-15 09:33:02.200,5110.0000,12353,0,171723960.000,0,-,-,-,-,5109.6000,5109.2000,5107.0000,5106.8000,5105.4000,5111.8000,5113.0000,5115.0000,5115.8000,5116.0000,1,1,1,1,2,1,1,1,4,1
SF,IC2012,2020-05-15 09:33:02.700,5110.0000,12353,0,171723960.000,0,-,-,-,-,5109.8000,5109.6000,5107.0000,5106.8000,5105.4000,5111.8000,5113.0000,5115.0000,5115.8000,5116.0000,1,1,1,1,2,1,1,1,4,1
SF,IC2012,2020-05-15 09:33:03.200,5111.8000,12352,-1,172746320.000,1,0,1,双平,S,5110.0000,5109.8000,5107.0000,5106.8000,5105.4000,5113.0000,5115.0000,5115.8000,5116.0000,5119.0000,2,1,1,1,2,1,1,4,1,5
SF,IC2012,2020-05-15 09:33:03.700,5111.8000,12352,0,172746320.000,0,-,-,-,-,5111.8000,5107.0000,5106.8000,5105.4000,5105.0000,5112.8000,5113.0000,5115.0000,5115.8000,5116.0000,5,1,1,2,1,1,1,1,4,1
SF,IC2012,2020-05-15 09:33:04.200,5111.8000,12348,-4,177858120.000,5,0,5,多平,S,5107.0000,5106.8000,5105.4000,5105.0000,5103.2000,5113.0000,5115.0000,5115.8000,5116.0000,5119.0000,1,1,2,1,1,1,1,4,1,5
SF,IC2012,2020-05-15 09:33:04.700,5111.8000,12348,0,177858120.000,0,-,-,-,-,5107.2000,5107.0000,5106.8000,5105.4000,5105.0000,5111.6000,5113.0000,5115.0000,5115.8000,5116.0000,1,1,1,2,1,8,1,1,4,1
SF,IC2012,2020-05-15 09:33:05.200,5111.8000,12348,0,177858120.000,0,-,-,-,-,5107.2000,5107.0000,5106.8000,5105.4000,5105.0000,5113.0000,5115.0000,5115.8000,5116.0000,5119.0000,1,1,1,2,1,1,1,4,1,5
SF,IC2012,2020-05-15 09:33:05.700,5111.8000,12348,0,177858120.000,0,-,-,-,-,5107.4000,5107.2000,5107.0000,5106.8000,5105.4000,5112.8000,5113.0000,5115.0000,5115.8000,5116.0000,1,1,1,1,2,1,1,1,4,1
SF,IC2012,2020-05-15 09:33:06.200,5111.8000,12348,0,177858120.000,0,-,-,-,-,5107.6000,5107.4000,5107.0000,5106.8000,5105.4000,5112.8000,5113.0000,5115.0000,5115.8000,5116.0000,1,1,1,1,2,1,1,1,4,1
SF,IC2012,2020-05-15 09:33:06.700,5111.8000,12348,0,177858120.000,0,-,-,-,-,5108.0000,5107.8000,5107.6000,5107.0000,5106.8000,5112.8000,5113.0000,5115.0000,5115.8000,5116.0000,1,1,1,1,1,1,1,1,4,1
SF,IC2012,2020-05-15 09:33:07.200,5111.8000,12348,0,177858120.000,0,-,-,-,-,5108.2000,5108.0000,5107.0000,5106.8000,5105.4000,5112.8000,5113.0000,5115.0000,5115.8000,5116.0000,2,1,1,1,2,1,1,1,4,1
SF,IC2012,2020-05-15 09:33:09.700,5111.8000,12348,0,177858120.000,0,-,-,-,-,5108.2000,5108.0000,5107.0000,5106.8000,5105.4000,5112.8000,5113.0000,5115.0000,5115.8000,5119.0000,2,1,1,1,2,1,1,1,4,5
SF,IC2012,2020-05-15 09:33:10.200,5111.8000,12348,0,177858120.000,0,-,-,-,-,5108.2000,5108.0000,5107.0000,5106.8000,5105.4000,5112.6000,5112.8000,5113.0000,5114.8000,5115.0000,2,1,1,1,2,1,1,1,1,1
SF,IC2012,2020-05-15 09:33:10.700,5111.8000,12348,0,177858120.000,0,-,-,-,-,5108.2000,5108.0000,5107.0000,5106.8000,5105.4000,5112.4000,5112.6000,5113.0000,5114.8000,5115.0000,2,1,1,1,2,1,1,1,1,1
SF,IC2012,2020-05-15 09:33:11.200,5111.8000,12348,0,177858120.000,0,-,-,-,-,5108.2000,5108.0000,5107.0000,5106.8000,5105.4000,5112.2000,5112.4000,5113.0000,5114.8000,5115.0000,2,1,1,1,2,1,1,1,1,1
SF,IC2012,2020-05-15 09:33:11.700,5111.8000,12348,0,177858120.000,0,-,-,-,-,5108.2000,5108.0000,5107.0000,5106.8000,5105.4000,5112.0000,5112.2000,5113.0000,5114.8000,5115.0000,2,1,1,1,2,1,1,1,1,1
SF,IC2012,2020-05-15 09:33:12.200,5111.8000,12348,0,177858120.000,0,-,-,-,-,5108.2000,5108.0000,5107.0000,5106.8000,5105.4000,5112.0000,5112.2000,5113.0000,5114.8000,5115.0000,1,1,1,1,2,1,1,1,1,1
SF,IC2012,2020-05-15 09:33:12.700,5111.8000,12348,0,177858120.000,0,-,-,-,-,5108.2000,5107.0000,5106.8000,5105.4000,5105.0000,5112.0000,5112.2000,5113.0000,5114.8000,5115.0000,1,1,1,2,1,1,1,1,1,1
SF,IC2012,2020-05-15 09:33:13.700,5111.8000,12348,0,177858120.000,0,-,-,-,-,5108.4000,5108.2000,5107.0000,5106.8000,5105.4000,5112.0000,5112.2000,5113.0000,5114.8000,5115.0000,1,1,1,1,2,1,1,1,1,1
SF,IC2012,2020-05-15 09:33:14.200,5111.8000,12348,0,177858120.000,0,-,-,-,-,5108.6000,5108.4000,5107.0000,5106.8000,5105.4000,5112.0000,5113.0000,5114.8000,5115.0000,5115.8000,1,1,1,1,2,1,1,1,1,4
SF,IC2012,2020-05-15 09:33:16.700,5111.8000,12348,0,177858120.000,0,-,-,-,-,5108.6000,5108.4000,5107.0000,5106.8000,5105.4000,5110.2000,5112.0000,5113.0000,5114.8000,5115.0000,1,1,1,1,2,1,1,1,1,1
SF,IC2012,2020-05-15 09:33:17.200,5110.2000,12347,-1,179902240.000,2,0,2,多平,S,5108.8000,5108.4000,5107.0000,5106.8000,5105.4000,5113.0000,5114.8000,5115.0000,5115.8000,5118.0000,2,1,1,1,2,1,1,1,4,1
SF,IC2012,2020-05-15 09:33:17.700,5110.2000,12347,0,179902240.000,0,-,-,-,-,5110.2000,5109.0000,5108.4000,5107.0000,5106.8000,5113.0000,5114.8000,5115.0000,5115.8000,5118.0000,1,2,1,1,1,1,1,1,4,1
SF,IC2012,2020-05-15 09:33:18.200,5110.2000,12347,0,179902240.000,0,-,-,-,-,5110.2000,5109.0000,5108.4000,5107.0000,5106.8000,5112.8000,5113.0000,5114.8000,5115.0000,5115.8000,1,3,1,1,1,1,1,1,1,4
SF,IC2012,2020-05-15 09:33:18.700,5110.2000,12347,0,179902240.000,0,-,-,-,-,5110.4000,5110.2000,5109.0000,5108.4000,5107.0000,5113.0000,5114.8000,5115.0000,5115.8000,5118.0000,1,1,1,1,1,1,1,1,4,1
SF,IC2012,2020-05-15 09:33:19.200,5110.2000,12347,0,179902240.000,0,-,-,-,-,5110.6000,5110.4000,5110.2000,5109.0000,5108.4000,5113.0000,5114.8000,5115.0000,5115.8000,5118.0000,1,1,1,1,1,1,1,1,4,1
SF,IC2012,2020-05-15 09:33:19.700,5110.2000,12347,0,179902240.000,0,-,-,-,-,5110.8000,5110.6000,5110.2000,5109.0000,5108.4000,5113.0000,5114.8000,5115.0000,5115.8000,5118.0000,2,1,1,1,1,1,1,1,4,1
SF,IC2012,2020-05-15 09:33:20.200,5113.0000,12346,-1,180924840.000,1,0,1,双平,S,5110.6000,5110.2000,5109.0000,5108.4000,5107.0000,5114.8000,5115.0000,5115.8000,5118.0000,5119.0000,1,1,1,1,1,1,1,4,1,5
SF,IC2012,2020-05-15 09:33:20.700,5113.0000,12346,0,180924840.000,0,-,-,-,-,5111.2000,5110.8000,5110.6000,5110.4000,5109.0000,5114.8000,5115.0000,5115.8000,5118.0000,5119.0000,1,1,1,1,1,1,1,4,1,5
SF,IC2012,2020-05-15 09:33:21.200,5113.0000,12346,0,180924840.000,0,-,-,-,-,5111.4000,5110.4000,5109.0000,5108.4000,5107.0000,5114.6000,5114.8000,5115.0000,5115.8000,5118.0000,1,1,1,1,1,1,1,1,4,1
SF,IC2012,2020-05-15 09:33:21.700,5113.0000,12346,0,180924840.000,0,-,-,-,-,5110.4000,5109.0000,5108.4000,5107.0000,5106.8000,5114.6000,5114.8000,5115.0000,5115.8000,5118.0000,1,1,1,1,1,1,1,1,4,1
SF,IC2012,2020-05-15 09:33:22.200,5113.0000,12346,0,180924840.000,0,-,-,-,-,5110.6000,5110.4000,5109.0000,5108.4000,5107.0000,5114.4000,5114.6000,5114.8000,5115.0000,5115.8000,1,1,1,1,1,1,1,1,1,4
SF,IC2012,2020-05-15 09:33:22.700,5113.0000,12346,0,180924840.000,0,-,-,-,-,5110.6000,5109.0000,5108.4000,5107.0000,5106.8000,5114.2000,5114.8000,5115.0000,5115.8000,5118.0000,2,1,1,1,1,1,1,1,4,1
SF,IC2012,2020-05-15 09:33:23.200,5113.0000,12346,0,180924840.000,0,-,-,-,-,5110.6000,5109.0000,5108.4000,5107.0000,5106.8000,5114.2000,5114.8000,5115.0000,5115.8000,5118.0000,2,1,1,1,1,1,1,1,4,1
SF,IC2012,2020-05-15 09:33:24.700,5113.0000,12346,0,180924840.000,0,-,-,-,-,5111.8000,5110.6000,5109.0000,5108.4000,5107.0000,5114.0000,5114.2000,5114.8000,5115.0000,5115.8000,1,2,1,1,1,1,1,1,1,4
SF,IC2012,2020-05-15 09:33:25.200,5113.0000,12346,0,180924840.000,0,-,-,-,-,5111.8000,5110.6000,5109.0000,5108.4000,5107.0000,5113.8000,5114.0000,5114.8000,5115.0000,5115.8000,1,1,1,1,1,1,1,1,1,4
SF,IC2012,2020-05-15 09:33:25.700,5113.0000,12346,0,180924840.000,0,-,-,-,-,5113.8000,5111.8000,5109.0000,5108.4000,5107.0000,5114.0000,5114.8000,5115.0000,5115.8000,5118.0000,1,1,1,1,1,1,1,1,4,1
SF,IC2012,2020-05-15 09:33:26.200,5112.0000,12344,-2,182969960.000,2,0,2,双平,S,5112.0000,5111.8000,5110.8000,5109.0000,5108.4000,5114.0000,5114.8000,5115.0000,5115.8000,5118.0000,1,1,1,1,1,1,1,1,4,1
SF,IC2012,2020-05-15 09:33:26.700,5112.0000,12344,0,182969960.000,0,-,-,-,-,5111.8000,5110.8000,5109.0000,5108.4000,5107.0000,5114.0000,5114.8000,5115.0000,5115.8000,5118.0000,1,1,1,1,1,2,1,1,4,1
SF,IC2012,2020-05-15 09:33:27.200,5112.0000,12344,0,182969960.000,0,-,-,-,-,5111.8000,5110.8000,5109.0000,5108.4000,5107.0000,5113.8000,5114.0000,5114.8000,5115.0000,5115.8000,1,1,1,1,1,1,2,1,1,4
SF,IC2012,2020-05-15 09:33:27.700,5112.0000,12344,0,182969960.000,0,-,-,-,-,5111.8000,5110.8000,5109.0000,5108.4000,5107.0000,5113.6000,5113.8000,5114.0000,5114.8000,5115.0000,1,1,1,1,1,1,1,2,1,1
SF,IC2012,2020-05-15 09:33:28.200,5112.0000,12344,0,182969960.000,0,-,-,-,-,5111.8000,5110.8000,5110.0000,5109.0000,5108.4000,5113.6000,5113.8000,5114.0000,5114.8000,5115.0000,1,1,1,1,1,1,1,2,1,1
SF,IC2012,2020-05-15 09:33:28.700,5112.0000,12344,0,182969960.000,0,-,-,-,-,5112.0000,5111.8000,5111.0000,5110.0000,5109.0000,5114.0000,5114.8000,5115.0000,5115.8000,5118.0000,1,1,1,1,1,2,1,1,4,1
SF,IC2012,2020-05-15 09:33:29.200,5112.0000,12344,0,182969960.000,0,-,-,-,-,5112.2000,5112.0000,5111.8000,5111.0000,5110.0000,5114.0000,5114.8000,5115.0000,5115.8000,5118.0000,1,1,1,1,1,1,1,1,4,1
SF,IC2012,2020-05-15 09:33:31.700,5112.0000,12344,0,182969960.000,0,-,-,-,-,5112.2000,5112.0000,5111.8000,5110.0000,5109.0000,5114.0000,5114.8000,5115.0000,5115.8000,5118.0000,1,1,1,1,1,1,1,1,4,1
SF,IC2012,2020-05-15 09:33:32.200,5112.0000,12344,0,182969960.000,0,-,-,-,-,5112.2000,5112.0000,5111.8000,5111.2000,5110.0000,5114.0000,5114.8000,5115.0000,5115.6000,5115.8000,1,1,1,1,1,1,1,1,1,4
SF,IC2012,2020-05-15 09:33:32.700,5112.0000,12344,0,182969960.000,0,-,-,-,-,5112.4000,5112.2000,5111.8000,5111.2000,5110.0000,5114.0000,5114.8000,5115.0000,5115.6000,5115.8000,1,1,1,1,1,1,1,1,1,4
SF,IC2012,2020-05-15 09:33:33.200,5112.0000,12344,0,182969960.000,0,-,-,-,-,5112.6000,5112.4000,5111.8000,5111.2000,5110.0000,5114.0000,5114.8000,5115.0000,5115.6000,5115.8000,1,1,1,1,1,1,1,1,1,4
SF,IC2012,2020-05-15 09:33:34.200,5112.0000,12344,0,182969960.000,0,-,-,-,-,5113.0000,5112.6000,5112.4000,5111.8000,5111.2000,5114.0000,5114.8000,5115.0000,5115.6000,5115.8000,1,1,1,1,1,1,1,1,1,4
SF,IC2012,2020-05-15 09:33:34.700,5112.0000,12344,0,182969960.000,0,-,-,-,-,5113.0000,5112.6000,5112.4000,5111.8000,5111.4000,5114.0000,5114.8000,5115.0000,5115.6000,5115.8000,1,1,1,1,1,1,1,1,1,4
SF,IC2012,2020-05-15 09:33:35.700,5112.0000,12344,0,182969960.000,0,-,-,-,-,5113.0000,5112.6000,5112.4000,5111.8000,5111.4000,5114.0000,5114.8000,5115.0000,5115.6000,5115.8000,1,1,1,1,1,1,1,1,1,4
SF,IC2012,2020-05-15 09:33:36.700,5113.0000,12344,0,183992560.000,1,0,1,多换,S,5112.4000,5111.8000,5111.4000,5110.0000,5109.0000,5114.0000,5114.8000,5115.0000,5115.6000,5115.8000,1,1,1,1,1,1,1,1,1,4
SF,IC2012,2020-05-15 09:33:37.200,5113.0000,12344,0,183992560.000,0,-,-,-,-,5111.8000,5111.4000,5110.0000,5109.0000,5108.4000,5114.0000,5114.8000,5115.0000,5115.6000,5115.8000,1,1,1,1,1,1,1,2,1,4
SF,IC2012,2020-05-15 09:33:37.700,5113.0000,12344,0,183992560.000,0,-,-,-,-,5112.0000,5111.8000,5110.0000,5109.0000,5108.4000,5113.8000,5114.0000,5114.8000,5115.0000,5115.6000,1,1,1,1,1,1,1,1,2,1
SF,IC2012,2020-05-15 09:33:38.200,5113.0000,12344,0,183992560.000,0,-,-,-,-,5112.0000,5111.8000,5111.6000,5110.0000,5109.0000,5113.8000,5114.0000,5114.8000,5115.0000,5115.6000,1,1,1,1,1,1,1,1,2,1
SF,IC2012,2020-05-15 09:33:38.700,5113.0000,12344,0,183992560.000,0,-,-,-,-,5112.0000,5111.8000,5111.6000,5110.0000,5109.0000,5114.0000,5114.8000,5115.0000,5115.6000,5115.8000,1,1,1,1,1,1,1,2,1,4
SF,IC2012,2020-05-15 09:33:39.200,5113.0000,12344,0,183992560.000,0,-,-,-,-,5112.2000,5112.0000,5111.8000,5111.6000,5110.0000,5114.0000,5114.8000,5115.0000,5115.6000,5115.8000,1,1,1,1,1,1,1,2,1,4
SF,IC2012,2020-05-15 09:33:39.700,5113.0000,12344,0,183992560.000,0,-,-,-,-,5113.2000,5112.4000,5112.2000,5112.0000,5111.8000,5114.0000,5114.8000,5115.0000,5115.6000,5115.8000,1,1,1,10,1,1,1,2,1,4
SF,IC2012,2020-05-15 09:33:40.200,5113.2000,12344,0,185015200.000,1,0,1,多换,S,5112.0000,5111.8000,5111.6000,5110.0000,5109.0000,5114.0000,5114.8000,5115.0000,5115.6000,5115.8000,10,1,1,1,1,1,1,2,1,4
SF,IC2012,2020-05-15 09:33:40.700,5113.2000,12344,0,185015200.000,0,-,-,-,-,5112.2000,5112.0000,5111.8000,5110.0000,5109.0000,5114.0000,5114.8000,5115.0000,5115.6000,5115.8000,2,10,2,1,1,1,1,2,1,4
SF,IC2012,2020-05-15 09:33:41.200,5113.8000,12344,0,186037960.000,1,0,1,多换,S,5112.0000,5111.8000,5110.0000,5109.0000,5108.4000,5114.0000,5114.8000,5115.0000,5115.6000,5115.8000,10,2,1,1,1,1,1,2,1,4
SF,IC2012,2020-05-15 09:33:41.700,5113.8000,12344,0,186037960.000,0,-,-,-,-,5112.2000,5112.0000,5111.8000,5110.0000,5109.0000,5114.0000,5114.8000,5115.0000,5115.6000,5115.8000,1,10,2,1,1,2,1,2,1,4
SF,IC2012,2020-05-15 09:33:42.200,5112.2000,12343,-1,187060400.000,1,0,1,双平,S,5112.0000,5111.8000,5110.0000,5109.0000,5108.4000,5114.0000,5114.8000,5115.0000,5115.6000,5115.8000,10,2,1,1,1,2,1,2,1,4
SF,IC2012,2020-05-15 09:33:42.700,5112.2000,12343,0,187060400.000,0,-,-,-,-,5112.0000,5111.8000,5110.0000,5109.0000,5108.4000,5113.8000,5114.0000,5114.8000,5115.0000,5115.6000,10,2,1,1,1,1,2,1,2,1
SF,IC2012,2020-05-15 09:33:43.200,5112.2000,12343,0,187060400.000,0,-,-,-,-,5112.2000,5112.0000,5111.8000,5110.0000,5109.0000,5113.8000,5114.0000,5114.8000,5115.0000,5115.6000,2,10,2,1,1,2,2,1,2,1
SF,IC2012,2020-05-15 09:33:44.200,5112.2000,12343,0,187060400.000,0,-,-,-,-,5112.0000,5111.8000,5110.0000,5106.8000,5105.4000,5113.8000,5114.0000,5114.8000,5115.0000,5115.6000,10,2,1,1,2,2,2,1,2,1
SF,IC2012,2020-05-15 09:33:44.700,5112.2000,12343,0,187060400.000,0,-,-,-,-,5112.4000,5112.0000,5111.8000,5110.0000,5106.8000,5113.8000,5114.0000,5114.8000,5115.0000,5115.6000,2,10,2,1,1,2,2,1,2,1
SF,IC2012,2020-05-15 09:33:45.200,5112.2000,12343,0,187060400.000,0,-,-,-,-,5112.4000,5112.0000,5111.8000,5110.0000,5106.8000,5113.8000,5114.0000,5114.8000,5115.0000,5115.6000,2,10,1,1,1,2,2,1,2,1
SF,IC2012,2020-05-15 09:33:45.700,5112.2000,12343,0,187060400.000,0,-,-,-,-,5112.0000,5111.8000,5110.0000,5106.8000,5105.4000,5113.8000,5114.0000,5114.8000,5115.0000,5115.6000,10,1,1,1,2,2,2,1,2,1
SF,IC2012,2020-05-15 09:33:46.700,5112.2000,12343,0,187060400.000,0,-,-,-,-,5112.0000,5111.8000,5110.0000,5106.8000,5105.4000,5113.8000,5114.0000,5114.8000,5115.0000,5115.6000,11,1,1,1,2,2,2,1,2,1
SF,IC2012,2020-05-15 09:33:47.200,5112.2000,12343,0,187060400.000,0,-,-,-,-,5112.4000,5112.2000,5112.0000,5111.8000,5110.0000,5113.8000,5114.0000,5114.8000,5115.0000,5115.6000,1,1,11,1,1,2,2,1,2,1
SF,IC2012,2020-05-15 09:33:48.700,5112.2000,12343,0,187060400.000,0,-,-,-,-,5112.4000,5112.2000,5112.0000,5111.8000,5110.0000,5113.8000,5114.0000,5114.8000,5115.0000,5115.6000,1,2,10,1,1,1,2,1,2,1
SF,IC2012,2020-05-15 09:33:49.200,5113.8000,12342,-1,188083160.000,1,0,1,双平,S,5112.4000,5112.2000,5112.0000,5111.8000,5110.0000,5114.0000,5114.8000,5115.0000,5115.6000,5115.8000,1,2,10,1,1,2,1,2,1,4
SF,IC2012,2020-05-15 09:33:49.700,5113.8000,12342,0,188083160.000,0,-,-,-,-,5112.6000,5112.2000,5112.0000,5111.8000,5110.0000,5114.0000,5114.8000,5115.0000,5115.6000,5115.8000,3,2,10,1,1,2,1,2,1,4
SF,IC2012,2020-05-15 09:33:50.200,5114.0000,12341,-1,190128760.000,2,0,2,多平,S,5112.6000,5112.2000,5112.0000,5111.8000,5110.0000,5114.8000,5115.0000,5115.6000,5115.8000,5116.6000,3,2,10,1,1,1,2,1,4,1
SF,IC2012,2020-05-15 09:33:50.700,5114.0000,12341,0,190128760.000,0,-,-,-,-,5112.6000,5112.2000,5112.0000,5111.8000,5110.0000,5114.8000,5115.0000,5115.6000,5115.8000,5116.6000,3,2,10,1,1,1,2,1,4,1
SF,IC2012,2020-05-15 09:33:51.200,5114.8000,12340,-1,191151720.000,1,0,1,双平,S,5112.6000,5112.2000,5112.0000,5111.8000,5110.0000,5115.0000,5115.6000,5115.8000,5116.6000,5118.0000,3,2,10,1,1,2,1,4,1,2
SF,IC2012,2020-05-15 09:33:51.700,5114.8000,12340,0,191151720.000,0,-,-,-,-,5113.0000,5112.6000,5112.2000,5112.0000,5111.8000,5115.0000,5115.6000,5115.8000,5116.6000,5118.0000,3,1,1,10,1,2,1,4,1,2
SF,IC2012,2020-05-15 09:33:52.200,5114.8000,12340,0,191151720.000,0,-,-,-,-,5113.0000,5112.2000,5112.0000,5111.8000,5110.0000,5114.8000,5115.0000,5115.6000,5115.8000,5116.6000,1,1,10,1,1,1,2,1,4,1
SF,IC2012,2020-05-15 09:33:52.700,5113.0000,12340,0,192174320.000,1,0,1,多换,S,5112.0000,5111.8000,5110.0000,5106.8000,5105.4000,5114.8000,5115.0000,5115.6000,5115.8000,5116.6000,10,1,1,1,2,1,2,1,4,1
SF,IC2012,2020-05-15 09:33:54.200,5113.0000,12340,0,192174320.000,0,-,-,-,-,5112.4000,5112.0000,5111.8000,5110.0000,5106.8000,5114.8000,5115.0000,5115.6000,5115.8000,5116.6000,2,10,1,1,1,1,2,1,4,1
SF,IC2012,2020-05-15 09:33:54.700,5113.0000,12340,0,192174320.000,0,-,-,-,-,5112.8000,5112.6000,5112.0000,5111.8000,5110.0000,5114.8000,5115.0000,5115.6000,5115.8000,5116.6000,2,1,10,1,1,1,2,1,4,1
SF,IC2012,2020-05-15 09:33:55.700,5113.0000,12340,0,192174320.000,0,-,-,-,-,5112.6000,5112.0000,5111.8000,5110.0000,5105.4000,5114.8000,5115.0000,5115.6000,5115.8000,5116.6000,1,10,1,1,2,1,2,1,4,1
SF,IC2012,2020-05-15 09:33:56.200,5113.0000,12340,0,192174320.000,0,-,-,-,-,5112.0000,5111.8000,5110.0000,5105.4000,5105.0000,5114.6000,5114.8000,5115.0000,5115.6000,5115.8000,10,1,1,2,1,1,1,2,1,4
SF,IC2012,2020-05-15 09:33:56.700,5113.0000,12340,0,192174320.000,0,-,-,-,-,5112.2000,5112.0000,5111.8000,5110.0000,5105.4000,5114.6000,5114.8000,5115.0000,5115.6000,5115.8000,1,10,1,1,2,1,1,2,1,4
SF,IC2012,2020-05-15 09:33:57.700,5113.0000,12340,0,192174320.000,0,-,-,-,-,5112.6000,5112.2000,5112.0000,5111.8000,5110.0000,5114.6000,5114.8000,5115.0000,5115.6000,5115.8000,2,1,10,1,1,1,1,2,1,4
SF,IC2012,2020-05-15 09:33:58.200,5114.6000,12339,-1,193197240.000,1,0,1,双平,S,5112.6000,5112.0000,5111.8000,5110.0000,5105.4000,5114.8000,5115.0000,5115.6000,5115.8000,5118.0000,2,10,1,1,2,1,2,1,4,2
SF,IC2012,2020-05-15 09:33:58.700,5114.6000,12339,0,193197240.000,0,-,-,-,-,5112.0000,5111.8000,5110.0000,5105.4000,5105.0000,5114.6000,5114.8000,5115.0000,5115.6000,5115.8000,10,1,1,2,1,1,1,2,1,4
SF,IC2012,2020-05-15 09:33:59.200,5114.6000,12339,0,193197240.000,0,-,-,-,-,5112.2000,5112.0000,5111.8000,5110.0000,5105.4000,5114.8000,5115.0000,5115.6000,5115.8000,5118.0000,1,10,1,1,2,1,2,1,4,2
SF,IC2012,2020-05-15 09:33:59.700,5114.6000,12339,0,193197240.000,0,-,-,-,-,5112.2000,5112.0000,5111.8000,5110.0000,5105.4000,5114.2000,5114.8000,5115.0000,5115.6000,5115.8000,1,10,1,1,2,1,1,2,1,4
SF,IC2012,2020-05-15 09:34:00.200,5114.6000,12339,0,193197240.000,0,-,-,-,-,5112.4000,5112.2000,5112.0000,5111.8000,5110.0000,5114.2000,5114.8000,5115.0000,5115.6000,5115.8000,1,1,10,1,1,1,1,2,1,4
SF,IC2012,2020-05-15 09:34:00.700,5112.2000,12338,-1,194219680.000,1,0,1,双平,S,5112.0000,5111.8000,5110.0000,5105.4000,5105.0000,5114.2000,5114.8000,5115.0000,5115.6000,5115.8000,10,1,1,2,1,1,1,2,1,4
SF,IC2012,2020-05-15 09:34:01.200,5112.2000,12338,0,194219680.000,0,-,-,-,-,5112.0000,5111.8000,5110.0000,5105.4000,5105.0000,5114.0000,5114.2000,5114.8000,5115.0000,5115.6000,10,1,1,2,1,1,1,1,2,1
SF,IC2012,2020-05-15 09:34:01.700,5112.2000,12338,0,194219680.000,0,-,-,-,-,5112.0000,5111.8000,5110.0000,5105.4000,5105.0000,5114.0000,5114.2000,5114.8000,5115.0000,5115.6000,10,1,1,2,1,1,1,1,2,1
SF,IC2012,2020-05-15 09:34:02.200,5112.0000,12338,0,198309280.000,4,2,2,多换,S,5112.0000,5111.8000,5110.0000,5105.4000,5105.0000,5114.0000,5114.2000,5114.8000,5115.0000,5115.6000,6,1,1,2,1,1,1,1,2,1
SF,IC2012,2020-05-15 09:34:02.700,5112.0000,12338,0,199331680.000,1,0,1,多换,S,5112.0000,5111.8000,5110.0000,5105.4000,5105.0000,5114.0000,5114.2000,5114.8000,5115.0000,5115.6000,5,1,1,2,1,1,1,1,2,1
SF,IC2012,2020-05-15 09:34:03.200,5112.0000,12338,0,202398880.000,3,1,2,多换,S,5112.0000,5111.8000,5110.0000,5105.4000,5105.0000,5113.0000,5114.2000,5114.8000,5115.0000,5115.6000,2,1,1,2,1,1,1,1,2,1
SF,IC2012,2020-05-15 09:34:03.700,5112.0000,12338,0,202398880.000,0,-,-,-,-,5112.0000,5111.8000,5110.0000,5105.4000,5105.0000,5112.8000,5113.0000,5114.2000,5114.8000,5115.0000,2,1,1,2,1,1,2,1,1,2
SF,IC2012,2020-05-15 09:34:04.200,5112.0000,12337,-1,204443680.000,2,0,2,多平,S,5112.0000,5111.8000,5110.0000,5105.4000,5105.0000,5112.8000,5113.0000,5114.8000,5115.0000,5115.6000,1,1,1,2,1,1,2,1,2,1
SF,IC2012,2020-05-15 09:34:04.700,5112.0000,12338,1,205466080.000,1,1,0,双开,S,5111.8000,5110.0000,5105.4000,5105.0000,5103.2000,5112.0000,5112.8000,5113.0000,5114.8000,5115.0000,1,1,2,1,1,1,1,2,1,2
SF,IC2012,2020-05-15 09:34:05.200,5111.8000,12338,0,206488440.000,1,0,1,多换,S,5110.0000,5105.4000,5105.0000,5103.2000,5103.0000,5112.0000,5112.8000,5113.0000,5114.8000,5115.0000,1,2,1,1,1,1,1,2,1,2
SF,IC2012,2020-05-15 09:34:05.700,5111.8000,12338,0,206488440.000,0,-,-,-,-,5110.2000,5110.0000,5105.4000,5105.0000,5103.2000,5111.8000,5112.0000,5113.0000,5114.8000,5115.0000,3,1,2,1,1,1,1,2,1,2
SF,IC2012,2020-05-15 09:34:06.200,5111.8000,12338,0,206488440.000,0,-,-,-,-,5110.4000,5110.2000,5110.0000,5105.4000,5105.0000,5111.8000,5112.0000,5113.0000,5114.8000,5115.0000,2,1,1,2,1,1,1,2,1,2
SF,IC2012,2020-05-15 09:34:06.700,5111.8000,12338,0,206488440.000,0,-,-,-,-,5110.0000,5105.4000,5105.0000,5103.2000,5103.0000,5111.8000,5112.0000,5113.0000,5114.8000,5115.0000,1,2,1,1,1,1,1,2,1,2
SF,IC2012,2020-05-15 09:34:07.200,5111.8000,12338,0,206488440.000,0,-,-,-,-,5110.2000,5110.0000,5105.4000,5105.0000,5103.2000,5111.8000,5112.0000,5113.0000,5114.8000,5115.0000,1,1,2,1,1,1,1,2,1,2
SF,IC2012,2020-05-15 09:34:07.700,5111.8000,12338,0,206488440.000,0,-,-,-,-,5110.4000,5110.2000,5110.0000,5105.4000,5105.0000,5111.8000,5112.0000,5113.0000,5115.0000,5115.6000,2,1,1,2,1,2,1,2,2,1
SF,IC2012,2020-05-15 09:34:08.200,5111.8000,12336,-2,208533160.000,2,0,2,双平,S,5110.6000,5110.4000,5110.0000,5105.4000,5105.0000,5112.0000,5113.0000,5115.0000,5115.6000,5115.8000,1,2,1,2,1,1,2,2,1,4
SF,IC2012,2020-05-15 09:34:08.700,5111.8000,12336,0,208533160.000,0,-,-,-,-,5110.6000,5110.4000,5110.0000,5105.4000,5105.0000,5112.0000,5113.0000,5115.0000,5115.6000,5115.8000,1,2,1,2,1,1,1,2,1,4
SF,IC2012,2020-05-15 09:34:09.200,5111.8000,12336,0,208533160.000,0,-,-,-,-,5110.6000,5110.0000,5105.4000,5105.0000,5103.2000,5111.2000,5112.0000,5113.0000,5115.0000,5115.6000,1,1,2,1,1,1,1,1,2,1
SF,IC2012,2020-05-15 09:34:10.200,5111.2000,12336,0,209555400.000,1,0,1,多换,S,5110.6000,5110.0000,5105.4000,5105.0000,5103.2000,5113.0000,5115.0000,5115.6000,5115.8000,5118.0000,1,1,2,1,1,1,2,1,4,2
SF,IC2012,2020-05-15 09:34:10.700,5111.2000,12336,0,209555400.000,0,-,-,-,-,5110.6000,5110.0000,5105.4000,5105.0000,5103.2000,5112.8000,5113.0000,5115.0000,5115.6000,5115.8000,1,1,2,1,1,1,1,2,1,4
SF,IC2012,2020-05-15 09:34:11.200,5110.6000,12335,-1,210577520.000,1,0,1,双平,S,5110.0000,5105.4000,5105.0000,5103.2000,5103.0000,5112.8000,5113.0000,5115.0000,5115.6000,5115.8000,1,2,1,1,1,1,1,2,1,4
SF,IC2012,2020-05-15 09:34:11.700,5110.6000,12335,0,210577520.000,0,-,-,-,-,5110.0000,5105.4000,5105.0000,5103.2000,5103.0000,5112.8000,5113.0000,5115.0000,5115.6000,5115.8000,1,2,1,1,1,1,1,2,1,4
SF,IC2012,2020-05-15 09:34:12.200,5110.0000,12335,0,211599520.000,1,0,1,多换,S,5105.4000,5105.0000,5103.2000,5103.0000,5102.8000,5112.8000,5113.0000,5115.0000,5115.6000,5115.8000,2,1,1,1,1,1,1,2,1,4
SF,IC2012,2020-05-15 09:34:12.700,5110.0000,12335,0,211599520.000,0,-,-,-,-,5105.6000,5105.4000,5105.0000,5103.2000,5103.0000,5112.6000,5112.8000,5113.0000,5115.0000,5115.6000,1,2,1,1,1,1,1,1,2,1
SF,IC2012,2020-05-15 09:34:13.200,5110.0000,12335,0,211599520.000,0,-,-,-,-,5105.6000,5105.4000,5105.0000,5103.2000,5103.0000,5112.4000,5112.6000,5113.0000,5115.0000,5115.6000,1,2,1,1,1,1,1,1,2,1
SF,IC2012,2020-05-15 09:34:13.700,5110.0000,12335,0,211599520.000,0,-,-,-,-,5105.6000,5105.4000,5105.0000,5103.2000,5103.0000,5112.2000,5112.4000,5113.0000,5115.0000,5115.6000,1,2,1,1,1,1,1,1,2,1
SF,IC2012,2020-05-15 09:34:14.200,5110.0000,12335,0,211599520.000,0,-,-,-,-,5105.8000,5105.6000,5105.4000,5105.0000,5103.2000,5112.0000,5112.2000,5113.0000,5115.0000,5115.6000,1,1,2,1,1,1,1,1,2,1
SF,IC2012,2020-05-15 09:34:14.700,5110.0000,12335,0,211599520.000,0,-,-,-,-,5106.2000,5106.0000,5105.8000,5105.4000,5105.0000,5108.8000,5112.0000,5112.2000,5113.0000,5115.0000,1,1,1,2,1,1,1,1,1,2
SF,IC2012,2020-05-15 09:34:15.200,5108.8000,12335,0,212621280.000,1,0,1,多换,S,5108.8000,5106.6000,5106.4000,5106.2000,5105.4000,5112.2000,5113.0000,5115.0000,5115.6000,5115.8000,1,2,1,1,2,1,1,2,1,4
SF,IC2012,2020-05-15 09:34:15.700,5108.8000,12335,0,212621280.000,0,-,-,-,-,5106.4000,5106.2000,5105.4000,5105.0000,5103.2000,5112.0000,5113.0000,5115.0000,5115.6000,5115.8000,1,1,2,1,1,1,1,2,1,4
SF,IC2012,2020-05-15 09:34:16.200,5108.8000,12335,0,212621280.000,0,-,-,-,-,5106.6000,5106.2000,5105.4000,5105.0000,5103.2000,5111.8000,5112.0000,5113.0000,5115.0000,5115.6000,1,1,2,1,1,1,1,1,2,1
SF,IC2012,2020-05-15 09:34:16.700,5108.8000,12335,0,212621280.000,0,-,-,-,-,5106.6000,5106.2000,5105.4000,5105.0000,5103.2000,5111.6000,5111.8000,5113.0000,5115.0000,5115.6000,1,1,2,1,1,1,1,1,2,1
SF,IC2012,2020-05-15 09:34:17.200,5108.8000,12335,0,212621280.000,0,-,-,-,-,5106.6000,5106.2000,5105.4000,5105.0000,5103.2000,5111.4000,5111.6000,5113.0000,5115.0000,5115.6000,1,1,2,1,1,1,1,1,2,1
SF,IC2012,2020-05-15 09:34:17.700,5108.8000,12335,0,212621280.000,0,-,-,-,-,5106.6000,5106.2000,5105.4000,5105.0000,5103.2000,5111.2000,5111.4000,5113.0000,5115.0000,5115.6000,1,1,2,1,1,1,1,1,2,1
SF,IC2012,2020-05-15 09:34:18.200,5108.8000,12335,0,212621280.000,0,-,-,-,-,5106.6000,5106.2000,5105.4000,5105.0000,5103.2000,5111.0000,5111.2000,5113.0000,5115.0000,5115.6000,1,1,2,1,1,1,1,1,2,1
SF,IC2012,2020-05-15 09:34:18.700,5108.8000,12335,0,212621280.000,0,-,-,-,-,5106.6000,5106.2000,5105.4000,5105.0000,5103.2000,5110.8000,5111.0000,5113.0000,5115.0000,5115.6000,1,1,2,1,1,1,1,1,2,1
SF,IC2012,2020-05-15 09:34:19.200,5108.8000,12335,0,212621280.000,0,-,-,-,-,5106.6000,5106.2000,5105.4000,5105.0000,5103.2000,5110.6000,5110.8000,5113.0000,5115.0000,5115.6000,1,1,2,1,1,1,1,1,2,1
SF,IC2012,2020-05-15 09:34:19.700,5108.8000,12335,0,212621280.000,0,-,-,-,-,5106.6000,5106.2000,5105.4000,5105.0000,5103.2000,5110.4000,5110.6000,5113.0000,5115.0000,5115.6000,1,1,2,1,1,1,1,1,2,1
SF,IC2012,2020-05-15 09:34:20.700,5108.8000,12335,0,212621280.000,0,-,-,-,-,5106.6000,5106.2000,5105.6000,5105.4000,5105.0000,5110.4000,5110.6000,5113.0000,5115.0000,5115.6000,1,1,1,2,1,1,1,1,2,1
SF,IC2012,2020-05-15 09:34:21.200,5108.8000,12335,0,212621280.000,0,-,-,-,-,5106.6000,5106.2000,5105.6000,5105.4000,5105.0000,5110.4000,5110.6000,5113.0000,5115.0000,5115.6000,1,1,1,2,1,1,1,1,2,1
SF,IC2012,2020-05-15 09:34:21.700,5108.8000,12335,0,212621280.000,0,-,-,-,-,5110.0000,5106.6000,5106.2000,5105.6000,5105.4000,5110.4000,5110.6000,5113.0000,5115.0000,5115.6000,1,1,1,1,2,1,1,1,2,1
SF,IC2012,2020-05-15 09:34:22.200,5109.8000,12335,0,214665160.000,2,1,1,多换,S,5106.2000,5105.6000,5105.4000,5105.0000,5103.2000,5109.8000,5113.0000,5115.0000,5115.6000,5115.8000,1,1,2,1,1,7,1,2,1,4
SF,IC2012,2020-05-15 09:34:22.700,5109.8000,12335,0,214665160.000,0,-,-,-,-,5106.4000,5106.2000,5105.6000,5105.4000,5105.0000,5109.8000,5113.0000,5115.0000,5115.6000,5115.8000,1,1,1,2,1,7,1,2,1,4
SF,IC2012,2020-05-15 09:34:23.200,5109.8000,12335,0,214665160.000,0,-,-,-,-,5106.4000,5106.2000,5105.6000,5105.4000,5105.0000,5109.6000,5109.8000,5113.0000,5115.0000,5115.6000,1,1,1,2,1,1,7,1,2,1
SF,IC2012,2020-05-15 09:34:23.700,5109.8000,12335,0,214665160.000,0,-,-,-,-,5106.4000,5106.2000,5105.6000,5105.4000,5105.0000,5109.8000,5113.0000,5115.0000,5115.6000,5115.8000,1,1,1,2,1,7,1,2,1,4
SF,IC2012,2020-05-15 09:34:24.200,5109.8000,12335,0,214665160.000,0,-,-,-,-,5106.6000,5106.4000,5106.2000,5105.6000,5105.4000,5109.6000,5109.8000,5113.0000,5115.0000,5115.6000,1,1,1,1,2,1,7,1,2,1
SF,IC2012,2020-05-15 09:34:24.700,5109.8000,12335,0,214665160.000,0,-,-,-,-,5106.8000,5106.6000,5106.2000,5105.6000,5105.4000,5109.8000,5113.0000,5115.0000,5115.6000,5115.8000,1,1,1,1,2,7,1,2,1,4
SF,IC2012,2020-05-15 09:34:25.200,5109.8000,12335,0,214665160.000,0,-,-,-,-,5107.2000,5107.0000,5106.8000,5106.2000,5105.6000,5109.8000,5113.0000,5115.0000,5115.6000,5115.8000,1,1,1,1,1,7,1,2,1,4
SF,IC2012,2020-05-15 09:34:25.700,5109.8000,12335,0,214665160.000,0,-,-,-,-,5107.4000,5106.8000,5106.2000,5105.6000,5105.4000,5109.6000,5109.8000,5113.0000,5115.0000,5115.6000,1,1,1,1,2,1,7,1,2,1
SF,IC2012,2020-05-15 09:34:26.200,5109.8000,12335,0,214665160.000,0,-,-,-,-,5107.6000,5107.4000,5106.2000,5105.6000,5105.4000,5109.8000,5113.0000,5115.0000,5115.6000,5115.8000,1,1,1,1,2,7,1,2,1,4
SF,IC2012,2020-05-15 09:34:26.700,5109.8000,12335,0,214665160.000,0,-,-,-,-,5107.6000,5107.4000,5106.2000,5105.6000,5105.4000,5109.8000,5112.4000,5113.0000,5115.0000,5115.6000,1,1,1,1,2,7,2,1,2,1
SF,IC2012,2020-05-15 09:34:27.200,5109.8000,12335,0,214665160.000,0,-,-,-,-,5107.6000,5107.4000,5106.2000,5105.6000,5105.4000,5109.8000,5113.0000,5115.0000,5115.6000,5115.8000,1,1,1,1,2,7,1,2,1,4
SF,IC2012,2020-05-15 09:34:27.700,5107.6000,12335,0,215686680.000,1,0,1,多换,S,5107.4000,5106.2000,5105.6000,5105.4000,5105.0000,5109.8000,5113.0000,5115.0000,5115.6000,5115.8000,1,1,1,2,1,7,1,2,1,4
SF,IC2012,2020-05-15 09:34:28.200,5107.6000,12334,-1,216708200.000,1,0,1,双平,S,5107.4000,5106.2000,5105.6000,5105.4000,5105.0000,5109.8000,5113.0000,5115.0000,5115.6000,5115.8000,1,1,1,2,1,7,1,2,1,4
SF,IC2012,2020-05-15 09:34:28.700,5107.6000,12334,0,216708200.000,0,-,-,-,-,5107.4000,5106.2000,5105.6000,5105.4000,5105.0000,5109.6000,5109.8000,5113.0000,5115.0000,5115.6000,1,1,1,2,1,1,7,1,2,1
SF,IC2012,2020-05-15 09:34:29.200,5107.6000,12334,0,216708200.000,0,-,-,-,-,5107.8000,5107.6000,5107.4000,5107.2000,5106.2000,5113.0000,5115.0000,5115.6000,5115.8000,5118.0000,2,1,1,1,1,1,2,1,4,2
SF,IC2012,2020-05-15 09:34:29.700,5107.6000,12334,0,216708200.000,0,-,-,-,-,5108.0000,5107.2000,5106.2000,5105.6000,5105.4000,5112.8000,5113.0000,5115.0000,5115.6000,5115.8000,2,1,1,1,2,1,1,2,1,4
SF,IC2012,2020-05-15 09:34:31.200,5107.6000,12334,0,216708200.000,0,-,-,-,-,5108.0000,5107.2000,5106.2000,5105.6000,5105.4000,5112.6000,5112.8000,5113.0000,5115.0000,5115.6000,2,1,1,1,2,1,1,1,2,1
SF,IC2012,2020-05-15 09:34:31.700,5107.6000,12334,0,216708200.000,0,-,-,-,-,5108.0000,5107.2000,5106.2000,5105.6000,5105.4000,5112.4000,5112.6000,5113.0000,5115.0000,5115.6000,1,1,1,1,2,3,1,1,2,1
SF,IC2012,2020-05-15 09:34:32.200,5107.6000,12334,0,216708200.000,0,-,-,-,-,5108.0000,5107.2000,5106.2000,5105.6000,5105.4000,5111.4000,5112.4000,5112.6000,5113.0000,5115.0000,1,1,1,1,2,1,3,1,1,2
SF,IC2012,2020-05-15 09:34:32.700,5107.6000,12334,0,216708200.000,0,-,-,-,-,5107.2000,5106.2000,5105.6000,5105.4000,5105.0000,5111.2000,5111.4000,5112.0000,5112.4000,5112.6000,1,1,1,2,1,1,2,1,1,1
SF,IC2012,2020-05-15 09:34:34.200,5107.6000,12334,0,216708200.000,0,-,-,-,-,5107.2000,5106.2000,5105.6000,5105.4000,5105.0000,5110.8000,5111.2000,5111.4000,5112.4000,5112.6000,1,1,1,2,1,1,1,1,1,1
SF,IC2012,2020-05-15 09:34:34.700,5107.6000,12334,0,216708200.000,0,-,-,-,-,5107.2000,5106.2000,5105.6000,5105.4000,5105.0000,5110.6000,5110.8000,5111.4000,5112.4000,5112.6000,1,1,1,2,1,1,1,1,1,1
SF,IC2012,2020-05-15 09:34:35.700,5107.6000,12334,0,216708200.000,0,-,-,-,-,5107.2000,5106.2000,5105.6000,5105.4000,5105.0000,5110.2000,5110.6000,5111.4000,5112.4000,5112.6000,1,1,1,2,1,1,1,1,1,1
SF,IC2012,2020-05-15 09:34:36.200,5107.6000,12334,0,216708200.000,0,-,-,-,-,5107.2000,5106.2000,5105.4000,5105.0000,5103.2000,5110.0000,5110.2000,5111.4000,5112.4000,5112.6000,1,1,2,1,1,1,1,1,1,1
SF,IC2012,2020-05-15 09:34:39.700,5107.2000,12335,1,217729640.000,1,1,0,双开,S,5106.2000,5105.4000,5105.0000,5103.2000,5103.0000,5107.0000,5110.0000,5110.2000,5111.4000,5112.4000,1,2,1,1,1,1,1,1,1,1
SF,IC2012,2020-05-15 09:34:40.200,5107.0000,12335,0,218751040.000,1,0,1,多换,S,5107.0000,5106.2000,5105.4000,5105.0000,5103.2000,5110.0000,5110.2000,5111.4000,5112.4000,5112.6000,1,1,2,1,1,1,1,1,1,1
SF,IC2012,2020-05-15 09:34:40.700,5107.0000,12335,0,218751040.000,0,-,-,-,-,5107.0000,5106.2000,5105.4000,5105.0000,5103.2000,5110.0000,5110.2000,5111.4000,5112.6000,5113.0000,1,1,2,1,1,1,1,1,1,1
SF,IC2012,2020-05-15 09:34:41.200,5107.0000,12335,0,219772440.000,1,0,1,多换,S,5106.2000,5105.4000,5105.0000,5103.2000,5103.0000,5107.0000,5110.0000,5110.2000,5111.4000,5112.6000,1,2,1,1,1,2,1,1,1,1
SF,IC2012,2020-05-15 09:34:41.700,5107.0000,12335,0,221815240.000,2,1,1,多换,S,5106.4000,5106.2000,5105.4000,5105.0000,5103.2000,5110.0000,5110.2000,5111.4000,5112.6000,5113.0000,1,1,2,1,1,1,1,1,1,1
SF,IC2012,2020-05-15 09:34:55.200,5107.0000,12335,0,221815240.000,0,-,-,-,-,5106.6000,5106.4000,5106.2000,5105.4000,5105.0000,5109.8000,5110.0000,5110.2000,5111.4000,5112.6000,1,1,1,2,1,1,1,1,1,1
SF,IC2012,2020-05-15 09:34:55.700,5107.0000,12335,0,221815240.000,0,-,-,-,-,5106.6000,5106.2000,5105.4000,5105.0000,5103.2000,5109.6000,5109.8000,5110.2000,5112.6000,5113.0000,1,1,2,1,1,1,2,1,1,1
SF,IC2012,2020-05-15 09:34:56.200,5107.0000,12335,0,221815240.000,0,-,-,-,-,5106.6000,5106.2000,5105.4000,5105.0000,5103.2000,5109.6000,5109.8000,5110.2000,5112.6000,5113.0000,1,1,2,1,1,1,2,1,1,1
SF,IC2012,2020-05-15 09:34:56.700,5107.0000,12335,0,221815240.000,0,-,-,-,-,5106.6000,5106.2000,5105.4000,5105.0000,5103.2000,5108.0000,5109.6000,5109.8000,5110.2000,5112.6000,1,1,2,1,1,1,1,2,1,1
SF,IC2012,2020-05-15 09:34:57.200,5107.8000,12334,-1,222836800.000,1,0,1,双平,S,5106.6000,5106.2000,5105.4000,5105.0000,5103.2000,5108.0000,5109.8000,5110.2000,5112.6000,5113.0000,1,1,2,1,1,1,2,1,1,1
SF,IC2012,2020-05-15 09:34:57.700,5107.8000,12334,0,222836800.000,0,-,-,-,-,5106.6000,5106.2000,5105.4000,5105.0000,5103.2000,5107.8000,5108.0000,5109.8000,5110.2000,5112.6000,1,1,2,1,1,1,1,2,1,1
SF,IC2012,2020-05-15 09:34:58.200,5108.0000,12333,-1,224879960.000,2,0,2,多平,S,5106.6000,5106.2000,5105.4000,5105.0000,5103.2000,5109.8000,5110.2000,5112.6000,5113.0000,5115.0000,1,1,2,1,1,2,1,1,1,2
SF,IC2012,2020-05-15 09:34:58.700,5108.0000,12333,0,224879960.000,0,-,-,-,-,5106.8000,5106.6000,5106.2000,5105.4000,5105.0000,5109.8000,5110.2000,5112.6000,5113.0000,5115.0000,4,1,1,2,1,2,1,1,1,2
SF,IC2012,2020-05-15 09:34:59.200,5108.0000,12333,0,224879960.000,0,-,-,-,-,5106.8000,5106.6000,5106.2000,5105.4000,5105.0000,5109.8000,5110.2000,5112.6000,5113.0000,5115.0000,2,1,1,2,1,2,1,1,1,2
SF,IC2012,2020-05-15 09:34:59.700,5108.0000,12333,0,224879960.000,0,-,-,-,-,5107.4000,5106.8000,5106.6000,5106.2000,5105.4000,5109.8000,5110.2000,5112.6000,5113.0000,5115.0000,1,2,1,1,2,2,1,1,1,2
SF,IC2012,2020-05-15 09:35:00.200,5108.0000,12333,0,224879960.000,0,-,-,-,-,5107.8000,5107.6000,5106.8000,5106.6000,5106.2000,5109.8000,5112.6000,5113.0000,5115.0000,5115.6000,2,1,1,1,1,2,1,1,2,1
SF,IC2012,2020-05-15 09:35:00.700,5108.0000,12333,0,224879960.000,0,-,-,-,-,5107.6000,5106.8000,5106.6000,5106.2000,5105.4000,5109.6000,5109.8000,5112.6000,5113.0000,5115.0000,1,1,1,1,2,1,2,1,1,2
SF,IC2012,2020-05-15 09:35:01.200,5108.0000,12333,0,224879960.000,0,-,-,-,-,5106.8000,5106.6000,5106.2000,5105.4000,5105.0000,5109.6000,5109.8000,5112.6000,5113.0000,5115.0000,1,1,1,2,1,1,2,1,1,2
SF,IC2012,2020-05-15 09:35:01.700,5108.0000,12333,0,224879960.000,0,-,-,-,-,5106.8000,5106.6000,5106.2000,5105.4000,5105.0000,5107.4000,5109.6000,5109.8000,5112.6000,5113.0000,1,1,1,2,1,7,1,2,1,1
SF,IC2012,2020-05-15 09:35:02.200,5108.0000,12333,0,224879960.000,0,-,-,-,-,5107.0000,5106.6000,5106.2000,5105.4000,5105.0000,5107.4000,5109.8000,5112.6000,5113.0000,5115.0000,1,1,1,2,1,7,2,1,1,2
SF,IC2012,2020-05-15 09:35:02.700,5107.0000,12332,-1,225901360.000,1,0,1,双平,S,5106.6000,5106.2000,5105.4000,5105.0000,5103.2000,5107.4000,5109.8000,5112.6000,5113.0000,5115.0000,1,1,2,1,1,7,2,1,1,2
SF,IC2012,2020-05-15 09:35:04.200,5107.0000,12332,0,225901360.000,0,-,-,-,-,5106.6000,5106.2000,5105.4000,5105.0000,5103.2000,5109.8000,5112.6000,5113.0000,5115.0000,5115.6000,1,1,2,1,1,2,1,1,2,1
SF,IC2012,2020-05-15 09:35:04.700,5107.0000,12332,0,225901360.000,0,-,-,-,-,5106.6000,5106.2000,5105.4000,5105.0000,5103.2000,5109.6000,5109.8000,5112.6000,5113.0000,5115.0000,1,1,2,1,1,1,2,1,1,2
SF,IC2012,2020-05-15 09:35:06.200,5106.6000,12331,-1,226922680.000,1,0,1,双平,S,5106.2000,5105.4000,5105.0000,5103.2000,5103.0000,5106.4000,5109.6000,5109.8000,5112.6000,5113.0000,1,2,1,1,1,6,1,2,1,1
SF,IC2012,2020-05-15 09:35:06.700,5106.4000,12328,-3,233050360.000,6,1,5,多平,S,5106.8000,5106.4000,5106.2000,5105.4000,5105.0000,5109.6000,5109.8000,5112.6000,5113.0000,5115.0000,1,2,1,2,1,1,2,1,1,2
SF,IC2012,2020-05-15 09:35:07.200,5106.4000,12328,0,233050360.000,0,-,-,-,-,5106.4000,5106.2000,5105.4000,5105.0000,5103.2000,5109.6000,5109.8000,5112.6000,5113.0000,5115.0000,2,1,2,1,1,1,2,1,1,2
SF,IC2012,2020-05-15 09:35:07.700,5106.4000,12328,0,233050360.000,0,-,-,-,-,5107.2000,5106.6000,5106.4000,5106.2000,5105.4000,5109.4000,5109.6000,5109.8000,5112.6000,5113.0000,2,2,2,1,2,1,1,2,1,1
SF,IC2012,2020-05-15 09:35:08.200,5106.4000,12328,0,233050360.000,0,-,-,-,-,5107.2000,5106.6000,5106.4000,5106.2000,5105.4000,5109.2000,5109.4000,5109.8000,5112.6000,5113.0000,2,2,2,1,2,1,1,2,1,1
SF,IC2012,2020-05-15 09:35:08.700,5106.4000,12328,0,233050360.000,0,-,-,-,-,5107.4000,5106.6000,5106.4000,5106.2000,5105.4000,5109.2000,5109.4000,5109.8000,5112.6000,5113.0000,2,2,2,1,2,2,1,1,1,1
SF,IC2012,2020-05-15 09:35:09.200,5106.4000,12328,0,233050360.000,0,-,-,-,-,5107.4000,5106.6000,5106.4000,5106.2000,5105.4000,5109.2000,5109.4000,5109.8000,5112.6000,5113.0000,2,1,2,1,2,2,1,1,1,1
SF,IC2012,2020-05-15 09:35:10.700,5106.4000,12328,0,233050360.000,0,-,-,-,-,5106.6000,5106.4000,5106.2000,5105.4000,5105.0000,5109.2000,5109.8000,5112.6000,5113.0000,5115.0000,1,2,1,2,1,2,1,1,1,2
SF,IC2012,2020-05-15 09:35:12.200,5106.4000,12328,0,233050360.000,0,-,-,-,-,5106.6000,5106.4000,5106.2000,5105.4000,5105.0000,5106.8000,5109.2000,5109.8000,5112.6000,5113.0000,1,2,1,2,1,1,2,1,1,1
SF,IC2012,2020-05-15 09:35:12.700,5106.8000,12327,-1,234071720.000,1,0,1,双平,S,5107.2000,5106.4000,5106.2000,5105.4000,5105.0000,5109.2000,5109.8000,5112.6000,5113.0000,5115.0000,1,2,1,2,1,1,1,1,1,2
SF,IC2012,2020-05-15 09:35:13.200,5106.8000,12327,0,234071720.000,0,-,-,-,-,5106.4000,5106.2000,5105.4000,5105.0000,5103.2000,5109.0000,5109.2000,5109.8000,5112.6000,5113.0000,2,1,2,1,1,1,1,1,1,1
SF,IC2012,2020-05-15 09:35:13.700,5106.8000,12327,0,234071720.000,0,-,-,-,-,5106.6000,5106.4000,5106.2000,5105.4000,5105.0000,5109.0000,5109.2000,5109.8000,5112.6000,5113.0000,1,2,1,2,1,1,1,1,1,1
SF,IC2012,2020-05-15 09:35:15.700,5106.8000,12327,0,234071720.000,0,-,-,-,-,5107.0000,5106.6000,5106.4000,5106.2000,5105.4000,5109.0000,5109.2000,5109.8000,5112.6000,5113.0000,2,1,2,1,2,1,1,1,1,1
SF,IC2012,2020-05-15 09:35:16.200,5109.0000,12326,-1,235093520.000,1,0,1,双平,S,5107.2000,5106.6000,5106.4000,5106.2000,5105.4000,5109.2000,5109.8000,5112.6000,5113.0000,5115.0000,2,1,2,1,2,1,1,1,1,2
SF,IC2012,2020-05-15 09:35:16.700,5109.0000,12326,0,235093520.000,0,-,-,-,-,5107.4000,5107.2000,5106.6000,5106.4000,5106.2000,5109.2000,5109.8000,5112.6000,5113.0000,5115.0000,1,2,1,2,1,1,1,1,1,2
SF,IC2012,2020-05-15 09:35:17.200,5109.0000,12326,0,235093520.000,0,-,-,-,-,5107.4000,5106.6000,5106.4000,5106.2000,5105.4000,5109.2000,5109.8000,5112.6000,5113.0000,5115.0000,3,1,2,1,2,1,1,1,1,2
SF,IC2012,2020-05-15 09:35:17.700,5107.6000,12325,-1,236115040.000,1,0,1,双平,S,5107.4000,5106.6000,5106.4000,5106.2000,5105.4000,5109.2000,5109.8000,5112.6000,5113.0000,5115.0000,3,1,2,1,2,1,1,1,1,2
SF,IC2012,2020-05-15 09:35:20.200,5107.4000,12324,-1,237136520.000,1,0,1,双平,S,5107.4000,5106.6000,5106.4000,5106.2000,5105.4000,5109.2000,5109.8000,5112.6000,5113.0000,5115.0000,2,1,2,1,2,1,1,1,1,2
SF,IC2012,2020-05-15 09:35:20.700,5107.4000,12324,0,237136520.000,0,-,-,-,-,5107.6000,5107.4000,5106.4000,5106.2000,5105.4000,5109.2000,5109.8000,5112.6000,5113.0000,5115.0000,1,2,2,1,2,1,1,1,1,2
SF,IC2012,2020-05-15 09:35:21.200,5107.4000,12324,0,237136520.000,0,-,-,-,-,5107.8000,5107.6000,5106.4000,5106.2000,5105.4000,5109.2000,5109.8000,5112.6000,5113.0000,5115.0000,2,1,2,1,2,1,1,1,1,2
SF,IC2012,2020-05-15 09:35:21.700,5109.2000,12323,-1,238158360.000,1,0,1,双平,S,5108.0000,5107.8000,5106.4000,5106.2000,5105.4000,5109.8000,5112.6000,5113.0000,5115.0000,5115.6000,1,2,2,1,2,1,1,1,2,1
SF,IC2012,2020-05-15 09:35:22.700,5109.8000,12322,-1,239180320.000,1,0,1,双平,S,5108.4000,5108.0000,5106.4000,5106.2000,5105.4000,5108.8000,5112.6000,5113.0000,5115.0000,5115.6000,2,1,2,1,2,1,1,1,2,1
SF,IC2012,2020-05-15 09:35:23.200,5108.8000,12321,-1,241224040.000,2,0,2,多平,S,5108.8000,5108.4000,5106.2000,5105.4000,5105.0000,5112.6000,5113.0000,5115.0000,5115.6000,5115.8000,1,2,1,2,1,1,1,2,1,3
SF,IC2012,2020-05-15 09:35:23.700,5108.8000,12321,0,241224040.000,0,-,-,-,-,5109.0000,5108.8000,5106.2000,5105.4000,5105.0000,5112.4000,5113.0000,5115.0000,5115.6000,5115.8000,1,1,1,2,1,1,1,2,1,3
SF,IC2012,2020-05-15 09:35:24.200,5108.8000,12321,0,241224040.000,0,-,-,-,-,5109.0000,5108.8000,5106.2000,5105.4000,5105.0000,5112.4000,5113.0000,5115.0000,5115.6000,5115.8000,1,1,1,2,1,1,1,2,1,3
SF,IC2012,2020-05-15 09:35:24.700,5108.8000,12321,0,241224040.000,0,-,-,-,-,5109.0000,5108.8000,5106.2000,5105.4000,5105.0000,5112.4000,5113.0000,5115.0000,5115.6000,5115.8000,1,1,1,2,1,1,1,2,1,3
SF,IC2012,2020-05-15 09:35:26.200,5109.0000,12321,0,242245840.000,1,0,1,多换,S,5108.8000,5106.2000,5105.4000,5105.0000,5103.2000,5111.8000,5112.2000,5112.4000,5113.0000,5115.0000,1,1,2,1,1,1,1,1,1,2
SF,IC2012,2020-05-15 09:35:26.700,5109.0000,12321,0,242245840.000,0,-,-,-,-,5108.8000,5106.2000,5105.4000,5105.0000,5103.2000,5111.6000,5111.8000,5113.0000,5115.0000,5115.6000,1,1,2,1,1,2,1,1,2,1
SF,IC2012,2020-05-15 09:35:27.200,5109.0000,12321,0,242245840.000,0,-,-,-,-,5109.4000,5109.2000,5109.0000,5108.8000,5106.2000,5111.6000,5111.8000,5113.0000,5115.0000,5115.6000,1,1,1,1,1,1,1,1,2,1
SF,IC2012,2020-05-15 09:35:27.700,5109.0000,12321,0,242245840.000,0,-,-,-,-,5109.4000,5109.2000,5108.8000,5106.2000,5105.4000,5111.4000,5111.6000,5111.8000,5113.0000,5115.0000,1,1,1,1,2,1,1,1,1,2
SF,IC2012,2020-05-15 09:35:28.200,5109.0000,12321,0,242245840.000,0,-,-,-,-,5108.8000,5106.2000,5105.4000,5105.0000,5103.2000,5111.4000,5111.6000,5111.8000,5113.0000,5115.0000,1,1,2,1,1,1,1,1,1,2
SF,IC2012,2020-05-15 09:35:28.700,5109.0000,12321,0,243267640.000,1,0,1,多换,S,5109.0000,5108.8000,5106.2000,5105.4000,5105.0000,5111.2000,5111.4000,5111.8000,5113.0000,5115.0000,1,1,1,2,1,1,1,1,1,2
SF,IC2012,2020-05-15 09:35:29.200,5109.0000,12321,0,243267640.000,0,-,-,-,-,5108.8000,5106.2000,5105.4000,5105.0000,5103.2000,5111.0000,5111.2000,5111.6000,5111.8000,5113.0000,1,1,2,1,1,1,1,1,1,1
SF,IC2012,2020-05-15 09:35:29.700,5109.0000,12321,0,243267640.000,0,-,-,-,-,5108.8000,5106.2000,5105.4000,5105.0000,5103.2000,5111.0000,5111.2000,5111.6000,5113.0000,5115.0000,1,1,2,1,1,1,1,1,1,2
SF,IC2012,2020-05-15 09:35:30.700,5111.0000,12321,0,244289840.000,1,0,1,多换,S,5108.8000,5106.2000,5105.4000,5105.0000,5103.2000,5111.2000,5111.6000,5113.0000,5115.0000,5115.8000,1,1,2,1,1,1,1,1,2,3
SF,IC2012,2020-05-15 09:35:31.200,5111.0000,12321,0,244289840.000,0,-,-,-,-,5108.8000,5106.2000,5105.4000,5105.0000,5103.2000,5110.8000,5111.0000,5111.2000,5111.6000,5113.0000,1,1,2,1,1,1,1,1,1,1
SF,IC2012,2020-05-15 09:35:31.700,5110.8000,12321,0,245312000.000,1,0,1,多换,S,5108.8000,5106.2000,5105.4000,5105.0000,5103.2000,5111.0000,5111.2000,5111.6000,5113.0000,5115.0000,1,1,2,1,1,1,1,1,1,2
SF,IC2012,2020-05-15 09:35:33.200,5110.8000,12321,0,245312000.000,0,-,-,-,-,5108.8000,5106.2000,5105.4000,5105.0000,5103.2000,5110.8000,5111.0000,5111.2000,5111.6000,5113.0000,1,1,2,1,1,1,1,1,1,1
SF,IC2012,2020-05-15 09:35:33.700,5110.8000,12321,0,245312000.000,0,-,-,-,-,5108.8000,5106.2000,5105.4000,5105.0000,5103.2000,5111.0000,5111.2000,5111.6000,5113.0000,5115.0000,1,1,2,1,1,1,1,1,1,2
SF,IC2012,2020-05-15 09:35:34.200,5110.8000,12321,0,245312000.000,0,-,-,-,-,5109.0000,5108.8000,5106.2000,5105.4000,5105.0000,5111.0000,5111.2000,5111.6000,5113.0000,5115.0000,2,1,1,2,1,1,1,1,1,2
SF,IC2012,2020-05-15 09:35:35.200,5110.8000,12321,0,245312000.000,0,-,-,-,-,5108.8000,5106.2000,5105.4000,5105.0000,5103.2000,5111.0000,5111.2000,5111.6000,5113.0000,5115.0000,1,1,2,1,1,1,1,1,1,2
SF,IC2012,2020-05-15 09:35:35.700,5110.8000,12321,0,245312000.000,0,-,-,-,-,5109.2000,5109.0000,5108.8000,5108.0000,5106.2000,5111.0000,5111.2000,5111.6000,5113.0000,5115.0000,2,1,1,1,1,1,1,1,1,2
SF,IC2012,2020-05-15 09:35:36.200,5110.8000,12321,0,245312000.000,0,-,-,-,-,5108.8000,5108.0000,5106.2000,5105.4000,5105.0000,5111.0000,5111.6000,5113.0000,5115.0000,5115.8000,1,1,1,2,1,1,1,1,2,3
