市场代码,合约代码,时间,最新,持仓,增仓,成交额,成交量,开仓,平仓,成交类型,方向,买一价,买二价,买三价,买四价,买五价,卖一价,卖二价,卖三价,卖四价,卖五价,买一量,买二量,买三量,买四量,买五量,卖一量,卖二量,卖三量,卖四量,卖五量
SF,IC2005,2020-04-01 09:29:00.000,4912.2000,4351,0,0.000,0.000,-,-,-,-,4913.0000,4906.0000,4901.2000,4900.6000,4894.2000,4924.4000,4938.6000,4939.6000,4957.6000,4990.0000,2,5,1,1,1,1,1,1,2,1
SF,IC2005,2020-04-01 09:30:00.500,4912.2000,4351,0,0.000,0,-,-,-,-,4902.6000,4901.2000,4900.6000,4900.0000,4899.8000,4918.0000,4924.2000,4924.4000,4924.6000,4930.6000,1,1,1,1,3,1,3,2,1,3
SF,IC2005,2020-04-01 09:30:01.000,4912.2000,4351,0,0.000,0,-,-,-,-,4912.0000,4911.4000,4910.4000,4909.6000,4906.8000,4917.8000,4918.0000,4924.2000,4924.4000,4924.6000,1,1,1,2,1,1,1,2,1,1
SF,IC2005,2020-04-01 09:30:01.500,4918.0000,4350,-1,983600.000,1,0,1,双平,S,4912.6000,4912.2000,4912.0000,4911.4000,4910.4000,4924.2000,4924.4000,4924.6000,4930.6000,4938.6000,1,3,1,1,1,2,1,1,3,1
SF,IC2005,2020-04-01 09:30:02.000,4918.0000,4350,0,983600.000,0,-,-,-,-,4913.0000,4912.8000,4912.6000,4912.2000,4911.4000,4917.8000,4919.8000,4921.0000,4921.4000,4921.8000,2,5,1,1,1,2,1,3,1,1
SF,IC2005,2020-04-01 09:30:02.500,4918.0000,4349,-1,1967200.000,1,0,1,双平,S,4914.0000,4913.2000,4913.0000,4912.8000,4912.6000,4921.0000,4921.4000,4921.8000,4923.2000,4924.0000,1,6,2,3,1,2,1,1,1,4
SF,IC2005,2020-04-01 09:30:03.000,4918.0000,4349,0,1967200.000,0,-,-,-,-,4914.2000,4914.0000,4913.2000,4913.0000,4912.8000,4920.8000,4921.0000,4921.4000,4921.8000,4923.2000,3,2,4,2,3,2,3,1,1,1
SF,IC2005,2020-04-01 09:30:03.500,4918.0000,4349,0,1967200.000,0,-,-,-,-,4915.0000,4914.8000,4914.4000,4914.2000,4914.0000,4920.8000,4921.0000,4921.4000,4921.8000,4923.2000,1,1,1,3,2,2,3,1,1,1
SF,IC2005,2020-04-01 09:30:04.000,4918.0000,4349,0,1967200.000,0,-,-,-,-,4915.8000,4915.4000,4915.2000,4914.4000,4914.2000,4920.8000,4921.0000,4921.4000,4921.8000,4923.2000,1,1,4,1,1,2,3,1,1,1
SF,IC2005,2020-04-01 09:30:04.500,4918.0000,4349,0,1967200.000,0,-,-,-,-,4916.0000,4915.8000,4915.4000,4915.2000,4914.4000,4920.8000,4921.0000,4921.4000,4921.8000,4923.2000,3,1,1,2,1,2,2,1,1,1
SF,IC2005,2020-04-01 09:30:05.000,4918.0000,4349,0,1967200.000,0,-,-,-,-,4916.6000,4916.0000,4915.8000,4915.4000,4915.2000,4920.8000,4921.0000,4923.2000,4924.0000,4924.2000,1,3,1,1,2,2,1,1,1,6
SF,IC2005,2020-04-01 09:30:05.500,4918.0000,4349,0,1967200.000,0,-,-,-,-,4917.2000,4916.8000,4916.6000,4916.4000,4916.0000,4920.8000,4921.0000,4923.2000,4924.0000,4924.2000,1,2,1,1,1,1,1,1,1,6
SF,IC2005,2020-04-01 09:30:06.000,4918.0000,4349,0,1967200.000,0,-,-,-,-,4917.4000,4917.2000,4916.8000,4916.4000,4916.0000,4920.8000,4921.0000,4923.2000,4924.0000,4924.2000,1,1,1,1,1,1,1,1,1,6
SF,IC2005,2020-04-01 09:30:06.500,4918.0000,4349,0,1967200.000,0,-,-,-,-,4917.4000,4917.2000,4916.8000,4915.4000,4915.2000,4920.8000,4921.0000,4923.2000,4924.0000,4924.2000,1,1,1,1,2,1,1,1,1,6
SF,IC2005,2020-04-01 09:30:07.000,4918.0000,4349,0,1967200.000,0,-,-,-,-,4918.2000,4917.4000,4916.8000,4915.4000,4915.2000,4920.8000,4921.0000,4923.2000,4924.0000,4924.2000,1,1,1,1,2,1,1,1,1,6
SF,IC2005,2020-04-01 09:30:07.500,4918.0000,4349,0,1967200.000,0,-,-,-,-,4918.2000,4917.4000,4916.8000,4915.4000,4915.2000,4919.6000,4920.8000,4921.0000,4923.2000,4924.0000,1,1,1,1,2,1,1,1,1,1
SF,IC2005,2020-04-01 09:30:08.000,4918.0000,4348,-1,2950800.000,1,0,1,双平,S,4917.4000,4916.8000,4915.2000,4914.4000,4914.2000,4920.8000,4921.0000,4923.2000,4924.0000,4924.2000,1,1,2,1,1,1,1,1,1,6
SF,IC2005,2020-04-01 09:30:08.500,4918.0000,4348,0,2950800.000,0,-,-,-,-,4916.8000,4915.2000,4914.4000,4914.2000,4914.0000,4920.8000,4921.0000,4923.2000,4924.0000,4924.2000,1,2,1,1,1,1,1,1,1,6
SF,IC2005,2020-04-01 09:30:09.000,4918.0000,4348,0,2950800.000,0,-,-,-,-,4914.2000,4914.0000,4913.2000,4913.0000,4912.8000,4918.6000,4919.8000,4920.2000,4920.4000,4920.6000,1,1,3,1,3,1,1,1,1,1
SF,IC2005,2020-04-01 09:30:09.500,4918.0000,4348,0,2950800.000,0,-,-,-,-,4914.4000,4914.2000,4913.2000,4913.0000,4912.8000,4919.8000,4920.2000,4920.4000,4920.6000,4920.8000,2,1,3,1,3,1,1,1,1,2
SF,IC2005,2020-04-01 09:30:10.000,4918.0000,4348,0,2950800.000,0,-,-,-,-,4914.4000,4913.2000,4913.0000,4912.8000,4912.6000,4919.6000,4919.8000,4920.2000,4920.4000,4920.8000,2,3,1,3,1,3,2,1,1,1
SF,IC2005,2020-04-01 09:30:10.500,4918.0000,4348,0,2950800.000,0,-,-,-,-,4914.4000,4913.2000,4912.8000,4912.6000,4912.2000,4917.0000,4918.4000,4919.2000,4919.4000,4919.6000,2,3,3,1,1,1,1,1,1,4
SF,IC2005,2020-04-01 09:30:11.000,4918.0000,4348,0,2950800.000,0,-,-,-,-,4914.4000,4912.2000,4910.6000,4910.4000,4906.8000,4918.4000,4919.2000,4919.4000,4919.6000,4919.8000,1,1,3,1,5,1,1,1,4,2
SF,IC2005,2020-04-01 09:30:11.500,4918.0000,4348,0,2950800.000,0,-,-,-,-,4914.4000,4912.2000,4910.6000,4910.4000,4906.8000,4918.0000,4918.2000,4918.4000,4919.2000,4919.4000,1,1,3,1,5,1,3,1,1,1
SF,IC2005,2020-04-01 09:30:12.000,4918.0000,4348,0,2950800.000,0,-,-,-,-,4914.4000,4912.2000,4910.4000,4907.0000,4906.8000,4916.2000,4917.8000,4918.0000,4918.4000,4919.2000,1,1,1,3,5,1,3,1,1,1
SF,IC2005,2020-04-01 09:30:12.500,4914.4000,4347,-1,3933680.000,1,0,1,双平,S,4912.2000,4910.4000,4907.0000,4906.8000,4903.2000,4917.8000,4919.4000,4919.6000,4919.8000,4924.0000,1,1,3,5,2,3,1,1,2,1
SF,IC2005,2020-04-01 09:30:13.000,4914.4000,4347,0,3933680.000,0,-,-,-,-,4912.6000,4912.4000,4912.2000,4910.4000,4907.0000,4917.8000,4919.4000,4919.6000,4919.8000,4924.0000,1,4,1,1,3,3,1,1,2,1
SF,IC2005,2020-04-01 09:30:13.500,4914.4000,4347,0,3933680.000,0,-,-,-,-,4913.0000,4912.8000,4912.6000,4912.4000,4912.2000,4917.8000,4919.4000,4919.6000,4919.8000,4924.0000,1,5,1,2,1,2,1,1,2,1
SF,IC2005,2020-04-01 09:30:14.000,4914.4000,4347,0,3933680.000,0,-,-,-,-,4913.4000,4913.2000,4913.0000,4912.8000,4912.6000,4917.8000,4919.4000,4919.6000,4919.8000,4924.0000,1,5,1,3,1,2,1,1,2,1
SF,IC2005,2020-04-01 09:30:14.500,4914.4000,4347,0,3933680.000,0,-,-,-,-,4913.6000,4913.4000,4912.6000,4912.4000,4912.2000,4917.8000,4919.4000,4919.6000,4919.8000,4924.0000,3,1,1,2,1,1,1,1,2,1
SF,IC2005,2020-04-01 09:30:15.000,4914.4000,4347,0,3933680.000,0,-,-,-,-,4913.6000,4913.4000,4912.6000,4912.4000,4912.2000,4917.8000,4919.4000,4919.6000,4919.8000,4924.0000,3,1,1,2,1,1,1,1,1,1
SF,IC2005,2020-04-01 09:30:15.500,4914.4000,4347,0,3933680.000,0,-,-,-,-,4913.6000,4913.4000,4912.6000,4912.4000,4912.2000,4917.8000,4919.4000,4919.6000,4919.8000,4924.0000,3,2,1,2,1,1,1,1,1,1
SF,IC2005,2020-04-01 09:30:16.000,4914.4000,4347,0,3933680.000,0,-,-,-,-,4913.6000,4913.4000,4912.6000,4912.4000,4912.2000,4917.8000,4919.4000,4919.6000,4919.8000,4924.0000,3,1,1,2,1,1,1,1,1,1
SF,IC2005,2020-04-01 09:30:16.500,4914.4000,4347,0,3933680.000,0,-,-,-,-,4914.0000,4913.8000,4913.6000,4913.4000,4912.6000,4919.4000,4919.6000,4919.8000,4924.0000,4924.2000,2,1,4,1,1,1,1,1,1,5
SF,IC2005,2020-04-01 09:30:17.000,4914.4000,4347,0,3933680.000,0,-,-,-,-,4914.4000,4914.2000,4914.0000,4913.8000,4912.6000,4919.2000,4919.4000,4919.6000,4919.8000,4924.0000,1,3,1,1,1,1,1,1,1,1
SF,IC2005,2020-04-01 09:30:17.500,4914.4000,4347,0,3933680.000,0,-,-,-,-,4914.6000,4914.4000,4914.0000,4913.8000,4912.6000,4919.2000,4919.4000,4919.6000,4919.8000,4924.0000,3,1,1,1,1,1,1,1,1,1
SF,IC2005,2020-04-01 09:30:18.000,4914.4000,4347,0,3933680.000,0,-,-,-,-,4914.6000,4914.4000,4914.0000,4912.6000,4912.4000,4919.0000,4919.2000,4919.4000,4919.6000,4919.8000,3,1,1,1,1,1,1,1,1,1
SF,IC2005,2020-04-01 09:30:18.500,4914.4000,4347,0,3933680.000,0,-,-,-,-,4914.6000,4914.4000,4914.0000,4912.6000,4912.4000,4918.8000,4919.0000,4919.4000,4919.6000,4919.8000,3,1,1,1,1,1,1,1,1,1
SF,IC2005,2020-04-01 09:30:19.000,4914.4000,4347,0,3933680.000,0,-,-,-,-,4914.6000,4914.4000,4914.0000,4912.6000,4912.4000,4916.8000,4918.4000,4918.6000,4918.8000,4919.4000,2,1,1,1,1,1,1,1,1,1
SF,IC2005,2020-04-01 09:30:19.500,4914.4000,4347,0,3933680.000,0,-,-,-,-,4914.6000,4914.4000,4914.0000,4912.6000,4912.4000,4918.6000,4918.8000,4919.4000,4919.6000,4919.8000,1,1,1,1,1,1,1,1,1,1
SF,IC2005,2020-04-01 09:30:20.000,4914.4000,4347,0,3933680.000,0,-,-,-,-,4914.6000,4914.4000,4914.0000,4912.6000,4912.4000,4918.4000,4918.6000,4919.4000,4919.6000,4919.8000,1,1,1,1,1,2,1,1,1,1
SF,IC2005,2020-04-01 09:30:20.500,4914.4000,4347,0,3933680.000,0,-,-,-,-,4914.6000,4914.4000,4914.0000,4912.6000,4912.4000,4918.4000,4918.6000,4919.4000,4919.6000,4919.8000,1,1,1,1,1,2,1,1,1,1
SF,IC2005,2020-04-01 09:30:21.000,4914.4000,4347,0,3933680.000,0,-,-,-,-,4914.8000,4914.6000,4914.4000,4914.0000,4912.6000,4918.4000,4918.6000,4919.4000,4919.6000,4919.8000,1,1,1,1,1,1,1,1,1,1
SF,IC2005,2020-04-01 09:30:21.500,4914.4000,4347,0,3933680.000,0,-,-,-,-,4915.0000,4914.8000,4914.4000,4914.0000,4912.6000,4918.4000,4918.6000,4919.4000,4919.6000,4919.8000,1,1,1,1,1,1,1,1,1,1
SF,IC2005,2020-04-01 09:30:22.000,4914.4000,4347,0,3933680.000,0,-,-,-,-,4915.2000,4915.0000,4914.0000,4912.6000,4912.4000,4918.4000,4919.4000,4919.6000,4919.8000,4924.0000,2,1,1,1,1,1,1,1,1,1
SF,IC2005,2020-04-01 09:30:22.500,4914.4000,4347,0,3933680.000,0,-,-,-,-,4915.4000,4915.2000,4914.0000,4912.6000,4912.4000,4918.4000,4919.4000,4919.6000,4919.8000,4924.0000,1,2,1,1,1,1,1,1,1,1
SF,IC2005,2020-04-01 09:30:23.000,4914.4000,4347,0,3933680.000,0,-,-,-,-,4915.4000,4915.2000,4912.6000,4912.4000,4912.2000,4918.2000,4919.6000,4924.0000,4924.2000,4924.6000,1,2,1,1,1,1,1,1,5,1
SF,IC2005,2020-04-01 09:30:24.500,4914.4000,4347,0,3933680.000,0,-,-,-,-,4915.4000,4915.2000,4912.6000,4912.4000,4912.2000,4919.6000,4924.0000,4924.2000,4924.6000,4930.6000,1,2,1,1,1,1,1,5,1,3
SF,IC2005,2020-04-01 09:30:25.000,4914.4000,4347,0,3933680.000,0,-,-,-,-,4915.6000,4915.4000,4915.2000,4912.6000,4912.4000,4919.4000,4919.6000,4924.0000,4924.2000,4924.6000,1,1,1,1,1,1,1,1,5,1
SF,IC2005,2020-04-01 09:30:25.500,4914.4000,4347,0,3933680.000,0,-,-,-,-,4916.0000,4915.8000,4915.6000,4912.6000,4912.4000,4919.2000,4919.4000,4919.6000,4924.0000,4924.2000,1,2,1,1,1,1,1,1,1,5
SF,IC2005,2020-04-01 09:30:26.000,4914.4000,4347,0,3933680.000,0,-,-,-,-,4916.2000,4916.0000,4915.8000,4912.6000,4912.4000,4919.2000,4919.4000,4919.6000,4924.0000,4924.2000,2,1,1,1,1,1,1,1,1,5
SF,IC2005,2020-04-01 09:30:26.500,4914.4000,4347,0,3933680.000,0,-,-,-,-,4916.2000,4916.0000,4915.8000,4912.6000,4912.4000,4919.0000,4924.0000,4924.2000,4924.6000,4930.6000,2,1,1,1,1,1,1,5,1,3
SF,IC2005,2020-04-01 09:30:27.000,4914.4000,4347,0,3933680.000,0,-,-,-,-,4916.4000,4916.2000,4916.0000,4912.6000,4912.4000,4919.0000,4924.0000,4924.2000,4924.6000,4930.6000,1,2,1,1,1,1,1,5,1,3
SF,IC2005,2020-04-01 09:30:27.500,4914.4000,4347,0,3933680.000,0,-,-,-,-,4916.6000,4916.2000,4916.0000,4912.6000,4912.4000,4919.0000,4924.0000,4924.2000,4924.6000,4930.6000,1,1,1,1,1,1,1,5,1,3
SF,IC2005,2020-04-01 09:30:28.000,4914.4000,4347,0,3933680.000,0,-,-,-,-,4916.6000,4916.2000,4916.0000,4912.6000,4912.4000,4918.8000,4919.0000,4924.0000,4924.2000,4924.6000,1,1,1,1,1,1,1,1,5,1
SF,IC2005,2020-04-01 09:30:28.500,4914.4000,4347,0,3933680.000,0,-,-,-,-,4916.6000,4916.0000,4912.6000,4912.4000,4912.2000,4918.8000,4919.0000,4924.0000,4924.2000,4924.6000,1,1,1,1,1,1,1,1,5,1
SF,IC2005,2020-04-01 09:30:29.000,4914.4000,4347,0,3933680.000,0,-,-,-,-,4916.8000,4916.6000,4912.6000,4912.4000,4912.2000,4918.8000,4919.0000,4924.0000,4924.2000,4924.6000,1,1,1,1,1,1,1,1,5,1
SF,IC2005,2020-04-01 09:30:29.500,4914.4000,4347,0,3933680.000,0,-,-,-,-,4916.8000,4916.6000,4912.6000,4912.4000,4912.2000,4918.6000,4918.8000,4924.0000,4924.2000,4924.6000,1,1,1,1,1,1,1,1,5,1
SF,IC2005,2020-04-01 09:30:30.000,4916.8000,4346,-1,4917040.000,1,0,1,双平,S,4912.6000,4912.4000,4912.2000,4910.4000,4907.0000,4918.4000,4918.6000,4924.0000,4924.2000,4924.6000,1,1,1,1,3,1,1,1,5,1
SF,IC2005,2020-04-01 09:30:30.500,4916.8000,4346,0,4917040.000,0,-,-,-,-,4913.4000,4913.2000,4913.0000,4912.8000,4912.6000,4918.2000,4918.4000,4924.0000,4924.2000,4924.6000,2,1,2,5,2,2,1,1,5,1
SF,IC2005,2020-04-01 09:30:31.000,4916.8000,4346,0,4917040.000,0,-,-,-,-,4913.8000,4913.6000,4913.4000,4913.2000,4913.0000,4918.2000,4918.4000,4924.0000,4924.2000,4924.6000,1,3,2,1,1,2,1,1,5,1
SF,IC2005,2020-04-01 09:30:31.500,4916.8000,4346,0,4917040.000,0,-,-,-,-,4914.0000,4913.8000,4913.4000,4913.2000,4913.0000,4918.2000,4918.4000,4924.0000,4924.2000,4924.6000,1,1,1,1,1,2,2,1,5,1
SF,IC2005,2020-04-01 09:30:32.000,4916.8000,4346,0,4917040.000,0,-,-,-,-,4914.0000,4912.2000,4910.4000,4907.0000,4906.8000,4917.8000,4918.0000,4918.2000,4918.4000,4924.0000,1,1,1,3,5,1,1,2,1,1
SF,IC2005,2020-04-01 09:30:32.500,4916.8000,4346,0,4917040.000,0,-,-,-,-,4914.0000,4912.2000,4910.4000,4907.0000,4906.8000,4917.6000,4917.8000,4918.0000,4918.4000,4924.0000,1,1,1,3,5,2,1,1,1,1
SF,IC2005,2020-04-01 09:30:33.000,4916.8000,4346,0,4917040.000,0,-,-,-,-,4914.0000,4912.2000,4910.4000,4907.0000,4906.8000,4917.4000,4917.6000,4917.8000,4918.4000,4924.0000,1,1,1,3,5,1,2,1,1,1
SF,IC2005,2020-04-01 09:30:33.500,4916.8000,4346,0,4917040.000,0,-,-,-,-,4914.0000,4912.2000,4910.4000,4907.0000,4906.8000,4917.2000,4917.8000,4918.4000,4924.0000,4924.2000,1,1,1,3,5,3,1,1,1,5
SF,IC2005,2020-04-01 09:30:34.000,4916.8000,4346,0,4917040.000,0,-,-,-,-,4914.0000,4912.2000,4910.4000,4907.0000,4906.8000,4917.2000,4917.8000,4918.4000,4924.0000,4924.2000,1,1,1,3,5,3,1,1,1,5
SF,IC2005,2020-04-01 09:30:34.500,4916.8000,4346,0,4917040.000,0,-,-,-,-,4912.2000,4910.4000,4907.0000,4906.8000,4903.2000,4916.8000,4917.2000,4917.8000,4918.4000,4924.0000,1,1,3,5,2,1,2,1,1,1
SF,IC2005,2020-04-01 09:30:35.000,4916.8000,4346,0,4917040.000,0,-,-,-,-,4912.4000,4910.4000,4907.0000,4906.8000,4903.2000,4916.6000,4916.8000,4917.8000,4918.4000,4923.2000,1,1,3,5,2,2,1,1,1,3
SF,IC2005,2020-04-01 09:30:35.500,4916.8000,4346,0,4917040.000,0,-,-,-,-,4912.6000,4912.4000,4910.4000,4907.0000,4906.8000,4916.4000,4916.6000,4917.8000,4918.4000,4923.2000,1,1,1,3,5,1,2,1,1,3
SF,IC2005,2020-04-01 09:30:36.000,4916.8000,4346,0,4917040.000,0,-,-,-,-,4912.8000,4910.4000,4907.0000,4906.8000,4903.2000,4916.2000,4916.4000,4917.8000,4918.4000,4923.2000,1,1,3,5,2,2,1,1,1,3
SF,IC2005,2020-04-01 09:30:36.500,4916.8000,4346,0,4917040.000,0,-,-,-,-,4912.8000,4910.4000,4907.0000,4906.8000,4903.2000,4916.2000,4916.4000,4917.8000,4918.4000,4923.2000,1,1,3,5,2,2,1,1,1,3
SF,IC2005,2020-04-01 09:30:37.500,4916.8000,4346,0,4917040.000,0,-,-,-,-,4912.8000,4910.4000,4907.0000,4906.8000,4903.2000,4916.0000,4916.2000,4917.8000,4918.4000,4923.2000,1,1,3,5,2,1,2,1,1,3
SF,IC2005,2020-04-01 09:30:38.000,4916.8000,4346,0,4917040.000,0,-,-,-,-,4912.8000,4910.4000,4907.0000,4906.8000,4903.2000,4915.8000,4916.0000,4917.8000,4918.4000,4923.2000,1,1,3,5,2,2,1,1,1,3
SF,IC2005,2020-04-01 09:30:38.500,4916.8000,4346,0,4917040.000,0,-,-,-,-,4912.8000,4907.0000,4906.8000,4903.2000,4902.8000,4915.8000,4916.0000,4917.8000,4918.4000,4923.2000,1,3,5,2,3,2,1,1,1,3
SF,IC2005,2020-04-01 09:30:39.000,4916.8000,4346,0,4917040.000,0,-,-,-,-,4912.8000,4907.0000,4906.8000,4903.2000,4902.8000,4915.8000,4916.0000,4917.8000,4918.4000,4923.2000,1,3,5,2,3,2,1,1,1,3
SF,IC2005,2020-04-01 09:30:39.500,4916.8000,4346,0,4917040.000,0,-,-,-,-,4912.8000,4907.0000,4906.8000,4903.2000,4902.8000,4915.8000,4916.0000,4917.8000,4918.4000,4923.2000,1,3,5,2,3,2,1,1,1,3
SF,IC2005,2020-04-01 09:30:40.000,4916.8000,4346,0,4917040.000,0,-,-,-,-,4912.8000,4907.0000,4906.8000,4903.2000,4902.8000,4915.8000,4916.0000,4917.8000,4918.4000,4923.2000,1,3,5,2,3,2,1,1,1,3
SF,IC2005,2020-04-01 09:30:40.500,4916.8000,4346,0,4917040.000,0,-,-,-,-,4912.8000,4907.0000,4906.8000,4903.2000,4902.8000,4915.8000,4916.0000,4917.8000,4918.4000,4922.0000,1,3,5,2,3,2,1,1,1,1
SF,IC2005,2020-04-01 09:30:41.000,4916.8000,4346,0,4917040.000,0,-,-,-,-,4912.8000,4907.0000,4906.8000,4903.2000,4902.8000,4915.8000,4916.0000,4917.8000,4918.4000,4922.0000,1,3,5,2,3,2,1,1,1,1
SF,IC2005,2020-04-01 09:30:41.500,4916.8000,4346,0,4917040.000,0,-,-,-,-,4912.8000,4907.0000,4906.8000,4903.2000,4902.8000,4915.8000,4916.0000,4917.8000,4918.4000,4922.0000,1,3,5,2,3,2,1,1,1,1
SF,IC2005,2020-04-01 09:30:42.000,4916.8000,4346,0,4917040.000,0,-,-,-,-,4912.8000,4907.0000,4906.8000,4903.2000,4902.8000,4915.8000,4916.0000,4917.8000,4918.4000,4922.0000,1,3,5,2,3,2,1,1,1,1
SF,IC2005,2020-04-01 09:30:42.500,4916.8000,4346,0,4917040.000,0,-,-,-,-,4912.8000,4907.0000,4906.8000,4903.2000,4902.8000,4915.8000,4916.0000,4917.8000,4918.4000,4922.0000,1,3,5,2,3,2,1,1,1,1
SF,IC2005,2020-04-01 09:30:43.000,4912.8000,4345,-1,5899600.000,1,0,1,双平,S,4907.0000,4906.8000,4903.2000,4902.8000,4902.6000,4915.6000,4915.8000,4916.0000,4917.8000,4918.4000,3,5,2,3,1,1,2,1,1,1
SF,IC2005,2020-04-01 09:30:43.500,4912.8000,4345,0,5899600.000,0,-,-,-,-,4910.0000,4909.8000,4909.6000,4908.8000,4907.6000,4915.2000,4915.4000,4915.6000,4916.0000,4917.8000,1,1,2,1,2,1,3,1,1,1
SF,IC2005,2020-04-01 09:30:44.000,4912.8000,4345,0,5899600.000,0,-,-,-,-,4910.2000,4907.6000,4907.2000,4907.0000,4906.8000,4915.0000,4915.2000,4915.4000,4916.0000,4917.8000,1,2,4,3,1,3,2,1,1,1
SF,IC2005,2020-04-01 09:30:44.500,4912.8000,4345,0,5899600.000,0,-,-,-,-,4910.2000,4907.6000,4907.2000,4907.0000,4906.8000,4914.0000,4914.6000,4915.0000,4915.2000,4915.4000,1,2,4,3,1,1,2,3,2,1
SF,IC2005,2020-04-01 09:30:45.000,4912.8000,4345,0,5899600.000,0,-,-,-,-,4907.6000,4907.2000,4907.0000,4906.8000,4902.8000,4913.8000,4914.0000,4914.6000,4915.0000,4915.2000,2,4,3,1,3,2,1,2,1,2
SF,IC2005,2020-04-01 09:30:45.500,4912.8000,4345,0,5899600.000,0,-,-,-,-,4908.4000,4908.2000,4907.8000,4907.6000,4907.2000,4913.8000,4914.0000,4914.6000,4915.0000,4915.2000,1,1,5,2,4,2,1,1,1,2
SF,IC2005,2020-04-01 09:30:46.000,4912.8000,4345,0,5899600.000,0,-,-,-,-,4908.6000,4908.4000,4908.2000,4907.8000,4907.2000,4913.8000,4914.0000,4914.6000,4915.0000,4915.2000,2,1,1,3,4,2,1,1,1,2
SF,IC2005,2020-04-01 09:30:46.500,4912.8000,4345,0,5899600.000,0,-,-,-,-,4908.6000,4908.4000,4908.2000,4907.8000,4907.2000,4913.6000,4913.8000,4914.0000,4914.6000,4915.2000,2,1,1,3,4,1,2,2,1,2
SF,IC2005,2020-04-01 09:30:47.000,4912.8000,4345,0,5899600.000,0,-,-,-,-,4908.6000,4908.4000,4908.2000,4907.8000,4907.2000,4913.4000,4913.6000,4914.0000,4915.2000,4917.8000,2,1,1,3,4,2,1,1,2,1
SF,IC2005,2020-04-01 09:30:47.500,4912.8000,4345,0,5899600.000,0,-,-,-,-,4908.8000,4908.6000,4908.4000,4908.2000,4907.8000,4913.4000,4914.0000,4915.2000,4917.8000,4918.4000,1,2,1,1,3,2,1,2,1,1
SF,IC2005,2020-04-01 09:30:48.000,4912.8000,4345,0,5899600.000,0,-,-,-,-,4909.0000,4908.8000,4908.4000,4908.2000,4907.8000,4913.4000,4914.0000,4915.2000,4917.8000,4918.4000,3,1,1,1,3,1,1,2,1,1
SF,IC2005,2020-04-01 09:30:48.500,4912.8000,4345,0,5899600.000,0,-,-,-,-,4909.2000,4909.0000,4908.8000,4908.4000,4908.2000,4913.4000,4914.0000,4915.2000,4917.8000,4918.4000,1,3,2,1,1,1,1,2,1,1
SF,IC2005,2020-04-01 09:30:49.000,4912.8000,4345,0,5899600.000,0,-,-,-,-,4909.6000,4909.4000,4909.2000,4908.8000,4908.2000,4913.4000,4915.2000,4917.8000,4918.4000,4922.0000,2,3,1,2,1,1,2,1,1,1
SF,IC2005,2020-04-01 09:30:49.500,4912.8000,4345,0,5899600.000,0,-,-,-,-,4909.8000,4909.2000,4908.8000,4908.2000,4907.8000,4913.4000,4915.2000,4917.8000,4918.4000,4922.0000,3,1,2,1,3,1,2,1,1,1
SF,IC2005,2020-04-01 09:30:50.000,4912.8000,4345,0,5899600.000,0,-,-,-,-,4909.8000,4909.6000,4909.2000,4908.8000,4908.2000,4913.4000,4915.2000,4917.8000,4918.4000,4922.0000,3,1,1,2,1,1,2,1,1,1
SF,IC2005,2020-04-01 09:30:50.500,4912.8000,4345,0,5899600.000,0,-,-,-,-,4909.8000,4909.2000,4908.8000,4908.2000,4907.8000,4913.4000,4915.2000,4917.8000,4918.4000,4922.0000,3,1,2,1,3,1,2,1,1,1
SF,IC2005,2020-04-01 09:30:51.000,4912.8000,4345,0,5899600.000,0,-,-,-,-,4909.8000,4909.6000,4909.2000,4908.8000,4908.2000,4913.4000,4915.2000,4917.8000,4918.4000,4922.0000,3,1,1,2,1,1,2,1,1,1
SF,IC2005,2020-04-01 09:30:51.500,4912.8000,4345,0,5899600.000,0,-,-,-,-,4909.8000,4908.8000,4908.2000,4907.8000,4907.2000,4913.4000,4915.2000,4917.8000,4918.4000,4922.0000,3,1,1,3,4,1,2,1,1,1
SF,IC2005,2020-04-01 09:30:52.000,4912.8000,4345,0,5899600.000,0,-,-,-,-,4909.8000,4908.8000,4908.2000,4907.8000,4907.2000,4913.4000,4915.2000,4917.8000,4918.4000,4922.0000,3,1,1,3,4,1,2,1,1,1
SF,IC2005,2020-04-01 09:30:52.500,4912.8000,4345,0,5899600.000,0,-,-,-,-,4909.8000,4909.6000,4908.8000,4908.2000,4907.8000,4913.0000,4913.4000,4915.2000,4917.8000,4918.4000,3,1,1,1,3,1,1,2,1,1
SF,IC2005,2020-04-01 09:30:53.000,4912.8000,4345,0,5899600.000,0,-,-,-,-,4909.8000,4908.8000,4908.2000,4907.8000,4907.2000,4912.8000,4913.0000,4915.2000,4917.8000,4918.4000,3,1,1,3,4,1,1,2,1,1
SF,IC2005,2020-04-01 09:30:53.500,4912.8000,4345,0,5899600.000,0,-,-,-,-,4910.0000,4909.8000,4909.6000,4908.8000,4908.2000,4913.0000,4915.2000,4917.8000,4918.4000,4922.0000,4,3,2,1,1,1,2,1,1,1
SF,IC2005,2020-04-01 09:30:54.000,4910.2000,4344,-1,6881640.000,1,0,1,双平,S,4910.2000,4910.0000,4909.8000,4909.6000,4908.8000,4915.2000,4917.8000,4918.4000,4922.0000,4923.2000,2,4,1,2,1,2,1,1,1,3
SF,IC2005,2020-04-01 09:30:54.500,4910.2000,4344,0,6881640.000,0,-,-,-,-,4910.4000,4910.2000,4910.0000,4909.6000,4908.8000,4915.0000,4915.2000,4917.8000,4918.4000,4922.0000,3,2,4,2,1,1,2,1,1,1
SF,IC2005,2020-04-01 09:30:55.000,4910.2000,4344,0,6881640.000,0,-,-,-,-,4910.6000,4910.4000,4910.0000,4909.6000,4908.8000,4915.0000,4915.2000,4917.8000,4918.4000,4922.0000,2,2,4,2,1,2,2,1,1,1
SF,IC2005,2020-04-01 09:30:55.500,4910.2000,4344,0,6881640.000,0,-,-,-,-,4910.8000,4910.6000,4910.4000,4910.0000,4909.6000,4914.6000,4915.0000,4915.2000,4917.8000,4918.4000,2,2,1,4,2,1,2,1,1,1
SF,IC2005,2020-04-01 09:30:56.000,4910.2000,4344,0,6881640.000,0,-,-,-,-,4911.0000,4910.8000,4910.4000,4910.0000,4909.6000,4914.6000,4915.0000,4917.8000,4918.4000,4922.0000,2,2,1,4,2,1,2,1,1,1
SF,IC2005,2020-04-01 09:30:56.500,4910.2000,4344,0,6881640.000,0,-,-,-,-,4911.2000,4911.0000,4910.8000,4910.4000,4910.0000,4915.0000,4917.8000,4918.4000,4922.0000,4923.2000,3,2,1,1,3,2,1,1,1,3
SF,IC2005,2020-04-01 09:30:57.000,4910.2000,4344,0,6881640.000,0,-,-,-,-,4913.2000,4912.6000,4912.2000,4911.4000,4911.2000,4915.0000,4917.8000,4918.4000,4922.0000,4923.2000,1,1,1,5,3,1,1,1,1,3
SF,IC2005,2020-04-01 09:30:57.500,4910.2000,4344,0,6881640.000,0,-,-,-,-,4913.4000,4912.6000,4912.2000,4911.4000,4911.2000,4915.0000,4917.8000,4918.4000,4922.0000,4923.2000,1,1,1,4,3,1,1,1,1,3
SF,IC2005,2020-04-01 09:30:58.000,4910.2000,4344,0,6881640.000,0,-,-,-,-,4913.4000,4911.4000,4911.2000,4910.8000,4910.0000,4915.0000,4917.8000,4918.4000,4922.0000,4923.2000,1,3,3,1,3,1,1,1,1,3
SF,IC2005,2020-04-01 09:30:58.500,4910.2000,4344,0,6881640.000,0,-,-,-,-,4913.4000,4911.4000,4911.2000,4910.8000,4910.0000,4915.0000,4917.8000,4918.4000,4922.0000,4923.2000,1,3,2,1,3,1,1,1,1,3
SF,IC2005,2020-04-01 09:30:59.000,4910.2000,4344,0,6881640.000,0,-,-,-,-,4913.4000,4911.4000,4911.2000,4910.8000,4910.0000,4915.0000,4917.8000,4918.4000,4922.0000,4923.2000,1,3,1,1,3,1,1,1,1,3
SF,IC2005,2020-04-01 09:31:00.000,4910.2000,4344,0,6881640.000,0,-,-,-,-,4913.4000,4911.4000,4911.2000,4910.8000,4910.0000,4915.0000,4922.0000,4923.2000,4924.0000,4924.2000,1,2,1,1,3,1,1,3,1,5
SF,IC2005,2020-04-01 09:31:00.500,4910.2000,4344,0,6881640.000,0,-,-,-,-,4913.4000,4911.4000,4911.2000,4910.8000,4910.0000,4915.0000,4922.0000,4923.2000,4924.0000,4924.2000,1,1,1,1,3,1,1,3,1,5
SF,IC2005,2020-04-01 09:31:02.000,4910.2000,4344,0,6881640.000,0,-,-,-,-,4913.4000,4911.4000,4911.2000,4910.8000,4910.0000,4915.0000,4922.0000,4923.2000,4924.0000,4924.2000,1,1,1,1,3,2,1,3,1,5
SF,IC2005,2020-04-01 09:31:02.500,4910.2000,4344,0,6881640.000,0,-,-,-,-,4910.8000,4910.0000,4909.6000,4908.8000,4908.2000,4914.8000,4915.0000,4922.0000,4923.2000,4924.0000,1,3,1,1,1,2,1,1,3,1
SF,IC2005,2020-04-01 09:31:03.000,4910.2000,4344,0,6881640.000,0,-,-,-,-,4911.4000,4911.2000,4911.0000,4910.8000,4910.0000,4914.6000,4914.8000,4915.0000,4922.0000,4923.2000,1,1,3,3,3,1,2,1,1,3
SF,IC2005,2020-04-01 09:31:03.500,4910.2000,4344,0,6881640.000,0,-,-,-,-,4911.6000,4911.2000,4911.0000,4910.8000,4910.0000,4914.4000,4914.6000,4914.8000,4915.0000,4922.0000,2,1,1,3,3,1,1,1,1,1
SF,IC2005,2020-04-01 09:31:04.000,4910.2000,4344,0,6881640.000,0,-,-,-,-,4911.6000,4911.2000,4911.0000,4910.8000,4910.0000,4914.4000,4914.6000,4915.0000,4922.0000,4923.2000,2,1,1,3,3,2,1,1,1,3
SF,IC2005,2020-04-01 09:31:04.500,4910.2000,4344,0,6881640.000,0,-,-,-,-,4911.6000,4911.2000,4910.8000,4910.0000,4909.6000,4914.0000,4914.4000,4914.6000,4915.0000,4922.0000,2,1,3,3,1,1,1,1,1,1
SF,IC2005,2020-04-01 09:31:05.000,4914.0000,4343,-1,7864440.000,1,0,1,双平,S,4911.8000,4911.6000,4911.4000,4911.2000,4910.8000,4914.4000,4914.6000,4915.0000,4922.0000,4923.2000,3,2,1,1,3,1,1,1,1,3
SF,IC2005,2020-04-01 09:31:05.500,4914.0000,4343,0,7864440.000,0,-,-,-,-,4912.0000,4911.2000,4910.8000,4910.0000,4909.6000,4914.4000,4914.6000,4915.0000,4922.0000,4923.2000,2,1,3,3,1,1,1,1,1,3
SF,IC2005,2020-04-01 09:31:06.000,4914.0000,4343,0,7864440.000,0,-,-,-,-,4912.0000,4910.8000,4910.0000,4909.6000,4908.8000,4915.0000,4922.0000,4923.2000,4924.0000,4924.2000,2,3,3,1,1,1,1,3,1,5
SF,IC2005,2020-04-01 09:31:06.500,4914.0000,4343,0,7864440.000,0,-,-,-,-,4912.2000,4912.0000,4910.8000,4910.0000,4909.6000,4915.0000,4922.0000,4923.2000,4924.0000,4924.2000,1,2,3,3,1,1,1,3,1,5
SF,IC2005,2020-04-01 09:31:07.000,4914.0000,4343,0,7864440.000,0,-,-,-,-,4912.4000,4912.2000,4910.8000,4910.0000,4909.6000,4915.0000,4922.0000,4923.2000,4924.0000,4924.2000,2,1,1,3,1,1,1,3,1,5
SF,IC2005,2020-04-01 09:31:07.500,4914.0000,4343,0,7864440.000,0,-,-,-,-,4912.6000,4912.4000,4912.2000,4910.8000,4910.0000,4915.0000,4922.0000,4923.2000,4924.0000,4924.2000,1,2,2,1,3,1,1,3,1,5
SF,IC2005,2020-04-01 09:31:08.000,4914.0000,4343,0,7864440.000,0,-,-,-,-,4912.8000,4912.6000,4912.2000,4910.8000,4910.0000,4915.0000,4922.0000,4923.2000,4924.0000,4924.2000,2,1,2,1,3,1,1,3,1,5
SF,IC2005,2020-04-01 09:31:09.000,4915.0000,4343,0,8847440.000,1,0,1,多换,S,4913.0000,4912.8000,4912.6000,4912.2000,4910.8000,4922.0000,4923.2000,4924.0000,4924.2000,4939.6000,2,2,1,2,1,1,3,1,5,1
SF,IC2005,2020-04-01 09:31:09.500,4915.0000,4343,0,8847440.000,0,-,-,-,-,4913.2000,4913.0000,4912.6000,4912.2000,4910.8000,4919.0000,4919.2000,4919.8000,4921.0000,4921.8000,3,2,1,1,1,1,2,2,3,3
SF,IC2005,2020-04-01 09:31:10.000,4915.0000,4343,0,8847440.000,0,-,-,-,-,4913.2000,4913.0000,4912.6000,4912.2000,4910.8000,4918.4000,4918.6000,4918.8000,4919.0000,4919.2000,3,2,1,1,1,1,1,3,1,2
SF,IC2005,2020-04-01 09:31:10.500,4915.0000,4343,0,8847440.000,0,-,-,-,-,4913.6000,4913.4000,4913.2000,4913.0000,4912.6000,4918.0000,4918.2000,4918.6000,4918.8000,4919.0000,1,3,3,3,1,1,1,1,2,1
SF,IC2005,2020-04-01 09:31:11.000,4915.0000,4343,0,8847440.000,0,-,-,-,-,4913.8000,4913.6000,4913.4000,4913.0000,4912.6000,4917.8000,4918.6000,4918.8000,4919.0000,4919.2000,4,1,3,3,1,1,1,2,1,1
SF,IC2005,2020-04-01 09:31:11.500,4915.0000,4343,0,8847440.000,0,-,-,-,-,4913.8000,4913.6000,4913.4000,4913.0000,4912.6000,4917.8000,4918.8000,4919.0000,4919.2000,4919.8000,4,1,3,3,1,1,1,1,1,1
SF,IC2005,2020-04-01 09:31:12.000,4915.0000,4343,0,8847440.000,0,-,-,-,-,4913.8000,4913.6000,4913.4000,4913.0000,4912.6000,4917.8000,4918.8000,4919.0000,4919.8000,4921.0000,4,1,3,3,1,1,1,1,1,3
SF,IC2005,2020-04-01 09:31:12.500,4915.0000,4343,0,8847440.000,0,-,-,-,-,4913.8000,4913.6000,4913.4000,4913.0000,4912.6000,4917.8000,4918.8000,4919.0000,4919.8000,4921.0000,4,1,3,3,1,1,1,1,1,2
SF,IC2005,2020-04-01 09:31:13.000,4915.0000,4343,0,8847440.000,0,-,-,-,-,4914.0000,4913.8000,4913.6000,4913.4000,4913.0000,4917.8000,4918.8000,4919.8000,4921.0000,4921.8000,1,4,1,3,3,1,1,1,2,1
SF,IC2005,2020-04-01 09:31:13.500,4915.0000,4343,0,8847440.000,0,-,-,-,-,4914.2000,4914.0000,4913.8000,4913.6000,4913.4000,4917.8000,4918.8000,4919.8000,4921.0000,4921.8000,6,1,1,1,3,1,1,1,2,1
SF,IC2005,2020-04-01 09:31:15.000,4917.8000,4342,-1,9831000.000,1,0,1,双平,S,4914.6000,4914.2000,4914.0000,4913.8000,4913.4000,4918.8000,4921.8000,4922.0000,4923.2000,4924.2000,1,6,1,1,3,1,1,2,3,5
SF,IC2005,2020-04-01 09:31:15.500,4917.8000,4342,0,9831000.000,0,-,-,-,-,4914.8000,4914.6000,4914.2000,4914.0000,4913.8000,4918.6000,4921.8000,4922.0000,4923.2000,4924.2000,7,1,3,1,1,1,1,2,3,5
SF,IC2005,2020-04-01 09:31:16.000,4917.8000,4342,0,9831000.000,0,-,-,-,-,4914.8000,4914.6000,4914.2000,4914.0000,4913.8000,4918.6000,4922.0000,4923.2000,4924.2000,4939.6000,7,1,3,1,1,1,2,3,5,1
SF,IC2005,2020-04-01 09:31:16.500,4917.8000,4342,0,9831000.000,0,-,-,-,-,4914.8000,4914.6000,4914.2000,4914.0000,4913.8000,4918.6000,4922.0000,4923.2000,4924.2000,4939.6000,7,1,3,1,1,1,2,3,5,1
SF,IC2005,2020-04-01 09:31:17.000,4917.8000,4342,0,9831000.000,0,-,-,-,-,4914.8000,4914.6000,4914.2000,4914.0000,4913.8000,4918.6000,4922.0000,4923.2000,4924.2000,4939.6000,7,1,3,1,1,1,2,3,5,1
SF,IC2005,2020-04-01 09:31:17.500,4917.8000,4342,0,9831000.000,0,-,-,-,-,4914.8000,4914.6000,4914.2000,4914.0000,4913.8000,4918.6000,4922.0000,4923.2000,4924.2000,4939.6000,7,1,3,1,1,1,2,3,5,1
SF,IC2005,2020-04-01 09:31:18.000,4917.8000,4342,0,9831000.000,0,-,-,-,-,4915.2000,4914.8000,4914.2000,4914.0000,4913.8000,4918.6000,4922.0000,4923.2000,4924.2000,4924.8000,1,7,3,1,1,1,2,3,5,3
SF,IC2005,2020-04-01 09:31:18.500,4917.8000,4342,0,9831000.000,0,-,-,-,-,4915.4000,4915.2000,4914.8000,4914.2000,4914.0000,4918.4000,4918.6000,4922.0000,4923.2000,4924.2000,2,1,4,3,1,1,1,2,3,5
SF,IC2005,2020-04-01 09:31:19.500,4917.8000,4342,0,9831000.000,0,-,-,-,-,4915.4000,4915.2000,4914.8000,4914.2000,4914.0000,4918.4000,4918.6000,4922.0000,4923.2000,4924.2000,2,1,4,3,1,1,1,2,3,5
SF,IC2005,2020-04-01 09:31:20.000,4917.8000,4342,0,9831000.000,0,-,-,-,-,4915.4000,4915.2000,4914.8000,4914.2000,4914.0000,4918.2000,4918.4000,4922.0000,4923.2000,4924.2000,2,1,4,3,1,1,1,2,3,5
SF,IC2005,2020-04-01 09:31:21.500,4917.8000,4342,0,9831000.000,0,-,-,-,-,4915.4000,4914.2000,4914.0000,4913.8000,4913.4000,4918.2000,4918.4000,4922.0000,4923.2000,4924.2000,2,3,1,1,3,1,1,2,3,5
SF,IC2005,2020-04-01 09:31:22.000,4917.8000,4342,0,9831000.000,0,-,-,-,-,4913.8000,4913.4000,4913.0000,4912.6000,4912.2000,4918.2000,4918.4000,4922.0000,4923.2000,4924.2000,1,3,3,1,1,1,1,2,3,5
SF,IC2005,2020-04-01 09:31:22.500,4917.8000,4342,0,9831000.000,0,-,-,-,-,4914.0000,4913.8000,4913.4000,4913.0000,4912.6000,4918.0000,4918.2000,4922.0000,4923.2000,4924.2000,2,1,3,3,1,2,1,2,3,5
SF,IC2005,2020-04-01 09:31:23.000,4917.8000,4342,0,9831000.000,0,-,-,-,-,4914.0000,4913.0000,4912.6000,4912.2000,4910.8000,4917.8000,4918.0000,4922.0000,4923.2000,4924.2000,2,2,1,1,1,1,2,2,3,5
SF,IC2005,2020-04-01 09:31:23.500,4917.8000,4342,0,9831000.000,0,-,-,-,-,4914.0000,4913.0000,4912.6000,4912.2000,4910.8000,4917.6000,4917.8000,4918.0000,4922.0000,4923.2000,2,2,1,1,1,1,1,1,2,3
SF,IC2005,2020-04-01 09:31:24.000,4917.8000,4342,0,9831000.000,0,-,-,-,-,4914.0000,4913.0000,4912.6000,4912.2000,4910.8000,4917.4000,4917.6000,4922.0000,4923.2000,4924.2000,2,2,1,1,1,2,1,2,3,5
SF,IC2005,2020-04-01 09:31:24.500,4917.8000,4342,0,9831000.000,0,-,-,-,-,4914.0000,4913.0000,4912.6000,4912.2000,4910.8000,4917.2000,4917.4000,4922.0000,4923.2000,4924.2000,2,2,1,1,1,1,2,2,3,5
SF,IC2005,2020-04-01 09:31:25.000,4917.8000,4342,0,9831000.000,0,-,-,-,-,4914.0000,4913.0000,4912.6000,4912.2000,4910.8000,4917.0000,4917.2000,4917.4000,4922.0000,4923.2000,2,2,1,1,1,1,1,1,2,3
SF,IC2005,2020-04-01 09:31:25.500,4917.8000,4342,0,9831000.000,0,-,-,-,-,4914.2000,4914.0000,4913.0000,4912.6000,4912.2000,4917.0000,4917.2000,4917.4000,4922.0000,4923.2000,2,2,2,1,1,1,1,1,2,3
SF,IC2005,2020-04-01 09:31:26.000,4917.8000,4342,0,9831000.000,0,-,-,-,-,4914.4000,4914.0000,4913.0000,4912.6000,4912.2000,4917.0000,4917.2000,4917.4000,4922.0000,4923.2000,1,1,2,1,1,1,1,1,2,3
SF,IC2005,2020-04-01 09:31:27.000,4917.0000,4341,-1,10814400.000,1,0,1,双平,S,4914.6000,4914.4000,4913.0000,4912.6000,4912.2000,4917.2000,4922.0000,4923.2000,4924.2000,4924.8000,3,1,2,1,1,1,2,3,5,3
SF,IC2005,2020-04-01 09:31:27.500,4917.0000,4341,0,10814400.000,0,-,-,-,-,4915.8000,4914.8000,4914.6000,4913.0000,4912.6000,4922.0000,4923.2000,4924.2000,4924.8000,4939.6000,1,2,3,2,1,2,3,5,3,1
SF,IC2005,2020-04-01 09:31:28.000,4917.0000,4341,0,10814400.000,0,-,-,-,-,4916.0000,4914.8000,4914.6000,4913.0000,4912.6000,4921.8000,4922.0000,4923.2000,4924.2000,4924.8000,2,1,3,2,1,3,2,3,5,3
SF,IC2005,2020-04-01 09:31:28.500,4917.0000,4341,0,10814400.000,0,-,-,-,-,4916.0000,4914.8000,4914.6000,4913.0000,4912.6000,4920.8000,4921.4000,4921.6000,4921.8000,4922.0000,2,1,3,2,1,1,1,1,4,1
SF,IC2005,2020-04-01 09:31:29.000,4917.0000,4341,0,10814400.000,0,-,-,-,-,4916.0000,4914.8000,4914.6000,4913.0000,4912.6000,4920.4000,4920.6000,4920.8000,4921.4000,4921.6000,2,1,3,2,1,1,2,1,1,1
SF,IC2005,2020-04-01 09:31:29.500,4917.0000,4341,0,10814400.000,0,-,-,-,-,4916.0000,4914.8000,4914.6000,4913.0000,4912.6000,4920.2000,4920.4000,4920.6000,4920.8000,4921.4000,2,1,3,2,1,1,1,1,1,1
SF,IC2005,2020-04-01 09:31:30.000,4917.0000,4341,0,10814400.000,0,-,-,-,-,4916.0000,4914.8000,4914.6000,4913.0000,4912.6000,4920.2000,4920.4000,4920.6000,4920.8000,4921.4000,2,1,3,2,1,1,1,1,1,1
SF,IC2005,2020-04-01 09:31:32.500,4917.0000,4341,0,10814400.000,0,-,-,-,-,4916.0000,4914.8000,4914.6000,4913.0000,4912.6000,4920.2000,4920.6000,4920.8000,4921.4000,4921.6000,2,1,3,2,1,1,1,1,1,1
SF,IC2005,2020-04-01 09:31:33.000,4917.0000,4341,0,10814400.000,0,-,-,-,-,4916.2000,4916.0000,4914.8000,4914.6000,4913.0000,4920.2000,4920.6000,4920.8000,4921.4000,4921.6000,1,2,1,2,2,1,1,1,1,1
SF,IC2005,2020-04-01 09:31:33.500,4917.0000,4341,0,10814400.000,0,-,-,-,-,4916.4000,4916.2000,4914.8000,4914.6000,4913.0000,4920.2000,4920.6000,4920.8000,4921.4000,4921.6000,2,1,1,2,2,1,1,1,1,1
SF,IC2005,2020-04-01 09:31:34.000,4917.0000,4341,0,10814400.000,0,-,-,-,-,4916.4000,4916.2000,4914.8000,4914.6000,4913.0000,4920.2000,4920.6000,4920.8000,4921.4000,4921.6000,2,1,1,2,2,1,1,1,1,1
SF,IC2005,2020-04-01 09:31:34.500,4917.0000,4341,0,10814400.000,0,-,-,-,-,4916.4000,4914.8000,4914.6000,4913.0000,4912.6000,4920.0000,4920.2000,4920.6000,4920.8000,4921.4000,2,1,2,2,1,1,1,1,1,1
SF,IC2005,2020-04-01 09:31:35.000,4917.0000,4341,0,10814400.000,0,-,-,-,-,4916.4000,4914.8000,4914.6000,4913.0000,4912.6000,4919.8000,4920.0000,4920.8000,4921.4000,4921.6000,1,1,2,2,1,3,1,1,1,1
SF,IC2005,2020-04-01 09:31:35.500,4917.0000,4341,0,10814400.000,0,-,-,-,-,4916.4000,4914.6000,4913.0000,4912.6000,4912.2000,4919.8000,4920.8000,4921.4000,4921.6000,4921.8000,1,1,2,1,1,4,1,1,1,2
SF,IC2005,2020-04-01 09:31:36.000,4917.0000,4341,0,10814400.000,0,-,-,-,-,4916.4000,4914.6000,4913.0000,4912.6000,4912.2000,4919.6000,4919.8000,4920.8000,4921.4000,4921.8000,1,1,2,1,1,1,2,1,1,2
SF,IC2005,2020-04-01 09:31:36.500,4917.0000,4341,0,10814400.000,0,-,-,-,-,4916.4000,4914.6000,4914.4000,4913.0000,4912.6000,4919.4000,4919.6000,4920.8000,4921.4000,4921.8000,1,1,3,2,1,2,1,1,1,2
SF,IC2005,2020-04-01 09:31:37.000,4917.0000,4341,0,10814400.000,0,-,-,-,-,4916.4000,4914.6000,4914.4000,4913.0000,4912.6000,4919.2000,4919.4000,4920.8000,4921.4000,4921.8000,1,1,3,2,1,1,1,1,1,2
SF,IC2005,2020-04-01 09:31:37.500,4917.0000,4341,0,10814400.000,0,-,-,-,-,4916.4000,4914.6000,4914.4000,4913.0000,4912.6000,4919.0000,4919.2000,4920.8000,4921.4000,4921.8000,1,1,3,2,1,1,1,1,1,2
SF,IC2005,2020-04-01 09:31:40.000,4917.0000,4341,0,10814400.000,0,-,-,-,-,4916.4000,4914.6000,4914.4000,4913.0000,4912.6000,4918.8000,4919.0000,4920.8000,4921.4000,4921.8000,1,1,3,2,1,1,1,1,1,2
SF,IC2005,2020-04-01 09:31:43.500,4916.4000,4340,-1,11797680.000,1,0,1,双平,S,4914.6000,4914.4000,4913.0000,4912.6000,4912.2000,4918.8000,4919.0000,4920.8000,4921.4000,4921.8000,1,3,2,1,1,1,1,1,1,1
SF,IC2005,2020-04-01 09:31:44.000,4916.4000,4340,0,11797680.000,0,-,-,-,-,4914.8000,4914.4000,4913.0000,4912.6000,4912.2000,4918.6000,4918.8000,4920.8000,4921.4000,4921.8000,3,3,2,1,1,2,1,1,1,1
SF,IC2005,2020-04-01 09:31:44.500,4916.4000,4340,0,11797680.000,0,-,-,-,-,4914.8000,4914.4000,4913.0000,4912.6000,4912.2000,4918.6000,4918.8000,4920.8000,4921.4000,4921.8000,3,3,2,1,1,2,1,1,1,1
SF,IC2005,2020-04-01 09:31:45.000,4916.4000,4340,0,11797680.000,0,-,-,-,-,4914.8000,4914.4000,4913.0000,4912.6000,4912.2000,4918.6000,4918.8000,4920.8000,4921.4000,4921.8000,3,3,2,1,1,1,1,1,1,1
SF,IC2005,2020-04-01 09:31:45.500,4916.4000,4340,0,11797680.000,0,-,-,-,-,4914.8000,4914.4000,4913.0000,4912.6000,4912.2000,4918.6000,4918.8000,4920.8000,4921.4000,4921.8000,3,3,2,1,1,1,1,1,1,1
SF,IC2005,2020-04-01 09:31:46.500,4916.4000,4340,0,11797680.000,0,-,-,-,-,4915.4000,4915.0000,4914.8000,4914.4000,4913.0000,4918.6000,4918.8000,4920.8000,4921.4000,4921.8000,1,1,3,3,2,1,1,1,1,1
SF,IC2005,2020-04-01 09:31:47.000,4916.4000,4340,0,11797680.000,0,-,-,-,-,4915.6000,4915.4000,4915.0000,4914.4000,4913.0000,4918.4000,4918.6000,4920.8000,4921.4000,4921.8000,2,1,1,3,2,1,1,1,1,1
SF,IC2005,2020-04-01 09:31:47.500,4916.4000,4340,0,11797680.000,0,-,-,-,-,4915.6000,4914.4000,4913.0000,4912.6000,4912.2000,4918.4000,4918.6000,4920.8000,4921.4000,4921.8000,2,3,2,1,1,1,1,1,1,1
SF,IC2005,2020-04-01 09:31:48.000,4916.4000,4340,0,11797680.000,0,-,-,-,-,4915.6000,4914.4000,4913.0000,4912.6000,4912.2000,4918.2000,4918.4000,4920.8000,4921.4000,4921.8000,2,3,2,1,1,1,1,1,1,1
SF,IC2005,2020-04-01 09:31:48.500,4916.4000,4340,0,11797680.000,0,-,-,-,-,4915.6000,4914.4000,4913.0000,4912.6000,4912.2000,4918.2000,4918.4000,4920.8000,4921.4000,4921.8000,1,3,2,1,1,1,1,1,1,1
SF,IC2005,2020-04-01 09:31:49.000,4916.4000,4340,0,11797680.000,0,-,-,-,-,4915.6000,4914.4000,4913.0000,4912.6000,4912.2000,4918.2000,4918.4000,4920.8000,4921.4000,4921.8000,1,3,2,1,1,1,1,1,1,1
SF,IC2005,2020-04-01 09:31:49.500,4916.4000,4340,0,11797680.000,0,-,-,-,-,4915.8000,4915.6000,4914.4000,4913.0000,4912.6000,4918.2000,4918.4000,4920.8000,4921.4000,4921.8000,1,1,3,2,1,1,1,1,1,1
SF,IC2005,2020-04-01 09:31:50.000,4916.4000,4340,0,11797680.000,0,-,-,-,-,4916.0000,4914.4000,4913.0000,4912.6000,4912.2000,4918.2000,4920.8000,4921.4000,4921.8000,4922.0000,1,3,2,1,1,1,1,1,1,1
SF,IC2005,2020-04-01 09:31:50.500,4916.4000,4340,0,11797680.000,0,-,-,-,-,4916.0000,4914.4000,4913.0000,4912.6000,4912.2000,4918.2000,4919.8000,4920.8000,4921.4000,4921.8000,1,3,2,1,1,1,1,1,1,1
SF,IC2005,2020-04-01 09:31:51.000,4916.4000,4340,0,11797680.000,0,-,-,-,-,4916.0000,4914.4000,4913.0000,4912.6000,4912.2000,4919.8000,4920.8000,4921.4000,4921.8000,4922.0000,1,3,2,1,1,1,1,1,1,1
SF,IC2005,2020-04-01 09:31:51.500,4916.4000,4340,0,11797680.000,0,-,-,-,-,4918.2000,4916.0000,4914.4000,4913.0000,4912.6000,4919.6000,4919.8000,4920.8000,4921.4000,4921.8000,3,1,3,2,1,3,1,1,1,1
SF,IC2005,2020-04-01 09:31:52.000,4916.4000,4340,0,11797680.000,0,-,-,-,-,4918.2000,4916.0000,4914.4000,4913.0000,4912.6000,4919.6000,4919.8000,4921.4000,4921.8000,4922.0000,3,1,3,2,1,2,1,1,1,1
SF,IC2005,2020-04-01 09:31:52.500,4918.2000,4338,-2,13764960.000,2,0,2,双平,S,4918.2000,4916.0000,4914.4000,4913.0000,4912.6000,4919.6000,4919.8000,4921.4000,4921.8000,4922.0000,1,1,3,2,1,2,1,1,1,1
SF,IC2005,2020-04-01 09:31:53.000,4918.2000,4338,0,13764960.000,0,-,-,-,-,4918.2000,4916.0000,4914.4000,4913.0000,4912.6000,4919.6000,4919.8000,4921.4000,4921.8000,4922.0000,1,1,3,2,1,2,1,1,1,1
SF,IC2005,2020-04-01 09:31:53.500,4918.2000,4338,0,13764960.000,0,-,-,-,-,4918.2000,4916.0000,4914.4000,4913.0000,4912.6000,4919.6000,4919.8000,4921.4000,4921.8000,4922.0000,1,1,3,2,1,2,1,1,1,1
SF,IC2005,2020-04-01 09:31:54.000,4918.2000,4338,0,13764960.000,0,-,-,-,-,4918.2000,4916.0000,4914.4000,4913.0000,4912.6000,4919.6000,4919.8000,4921.4000,4921.8000,4922.0000,1,1,3,2,1,2,1,1,1,1
SF,IC2005,2020-04-01 09:31:54.500,4918.2000,4337,-1,14748600.000,1,0,1,双平,S,4916.0000,4914.4000,4913.0000,4912.6000,4912.2000,4919.6000,4919.8000,4921.4000,4921.8000,4922.0000,1,3,2,1,1,2,1,1,1,1
SF,IC2005,2020-04-01 09:31:55.000,4918.2000,4337,0,14748600.000,0,-,-,-,-,4916.0000,4914.4000,4913.0000,4912.6000,4912.2000,4919.4000,4919.6000,4919.8000,4921.4000,4921.8000,1,3,2,1,1,1,2,1,1,1
SF,IC2005,2020-04-01 09:31:55.500,4918.2000,4337,0,14748600.000,0,-,-,-,-,4916.0000,4914.4000,4913.0000,4912.6000,4912.2000,4919.2000,4919.4000,4919.6000,4919.8000,4921.4000,1,3,2,1,1,1,1,1,1,1
SF,IC2005,2020-04-01 09:31:56.000,4918.2000,4337,0,14748600.000,0,-,-,-,-,4916.0000,4914.4000,4913.0000,4912.6000,4912.2000,4919.0000,4919.2000,4919.8000,4921.4000,4921.8000,1,3,2,1,1,2,1,1,1,1
SF,IC2005,2020-04-01 09:31:56.500,4918.2000,4337,0,14748600.000,0,-,-,-,-,4916.0000,4914.4000,4913.0000,4912.6000,4912.2000,4918.8000,4919.0000,4919.8000,4921.4000,4921.8000,1,3,2,1,1,1,2,1,1,1
SF,IC2005,2020-04-01 09:31:58.000,4918.2000,4337,0,14748600.000,0,-,-,-,-,4916.0000,4914.4000,4913.0000,4912.6000,4912.2000,4918.8000,4919.0000,4919.8000,4921.4000,4921.8000,1,3,2,1,1,1,1,1,1,1
SF,IC2005,2020-04-01 09:31:58.500,4918.2000,4337,0,14748600.000,0,-,-,-,-,4916.4000,4916.2000,4916.0000,4914.4000,4913.0000,4918.8000,4919.0000,4919.8000,4921.4000,4921.8000,1,2,1,3,2,1,1,1,1,1
SF,IC2005,2020-04-01 09:31:59.000,4918.2000,4337,0,14748600.000,0,-,-,-,-,4916.6000,4916.4000,4916.2000,4914.4000,4913.0000,4918.8000,4919.8000,4921.4000,4921.8000,4922.0000,1,1,2,3,2,1,1,1,1,1
SF,IC2005,2020-04-01 09:31:59.500,4918.2000,4337,0,14748600.000,0,-,-,-,-,4916.6000,4916.4000,4916.2000,4914.4000,4913.0000,4919.8000,4921.4000,4921.8000,4922.0000,4923.2000,1,1,1,3,2,1,1,1,1,3
SF,IC2005,2020-04-01 09:32:00.000,4918.2000,4337,0,14748600.000,0,-,-,-,-,4916.8000,4916.6000,4916.4000,4916.2000,4914.4000,4919.6000,4919.8000,4921.4000,4921.8000,4922.0000,1,1,1,1,3,2,1,1,1,1
SF,IC2005,2020-04-01 09:32:00.500,4918.2000,4337,0,14748600.000,0,-,-,-,-,4917.0000,4916.8000,4914.4000,4913.0000,4912.6000,4919.6000,4919.8000,4921.4000,4921.8000,4922.0000,1,1,3,2,1,2,1,1,1,1
SF,IC2005,2020-04-01 09:32:01.000,4918.2000,4337,0,14748600.000,0,-,-,-,-,4917.0000,4916.8000,4914.4000,4913.0000,4912.6000,4919.6000,4919.8000,4921.4000,4921.8000,4922.0000,1,1,3,2,1,2,1,1,1,1
SF,IC2005,2020-04-01 09:32:02.000,4918.2000,4337,0,14748600.000,0,-,-,-,-,4917.0000,4916.8000,4914.4000,4913.0000,4912.6000,4919.6000,4919.8000,4921.4000,4921.8000,4922.0000,1,1,3,2,1,1,1,1,1,1
SF,IC2005,2020-04-01 09:32:02.500,4918.2000,4337,0,14748600.000,0,-,-,-,-,4917.0000,4916.8000,4914.4000,4913.0000,4912.6000,4919.8000,4921.4000,4921.8000,4922.0000,4923.2000,1,1,3,2,1,1,1,1,1,3
SF,IC2005,2020-04-01 09:32:03.000,4918.2000,4337,0,14748600.000,0,-,-,-,-,4917.4000,4917.2000,4917.0000,4916.8000,4914.4000,4919.8000,4921.8000,4922.0000,4923.2000,4924.2000,1,3,1,1,3,1,1,1,3,5
SF,IC2005,2020-04-01 09:32:03.500,4919.8000,4336,-1,15732560.000,1,0,1,双平,S,4917.6000,4917.4000,4917.2000,4916.8000,4914.4000,4921.8000,4922.0000,4923.2000,4924.2000,4928.0000,2,1,2,1,3,1,1,3,5,3
SF,IC2005,2020-04-01 09:32:04.000,4919.8000,4336,0,15732560.000,0,-,-,-,-,4918.0000,4917.8000,4917.6000,4917.2000,4914.4000,4921.6000,4921.8000,4922.0000,4923.2000,4924.2000,1,2,2,2,3,1,1,1,3,5
SF,IC2005,2020-04-01 09:32:04.500,4919.8000,4336,0,15732560.000,0,-,-,-,-,4918.2000,4918.0000,4917.2000,4914.4000,4913.0000,4921.6000,4922.0000,4923.2000,4924.2000,4928.0000,4,1,1,3,1,1,1,3,5,3
SF,IC2005,2020-04-01 09:32:05.000,4919.8000,4336,0,15732560.000,0,-,-,-,-,4918.6000,4918.2000,4917.2000,4914.4000,4913.0000,4921.6000,4922.0000,4923.2000,4924.2000,4928.0000,1,5,1,3,1,1,1,3,5,3
SF,IC2005,2020-04-01 09:32:05.500,4919.8000,4336,0,15732560.000,0,-,-,-,-,4918.8000,4918.6000,4918.2000,4917.2000,4914.4000,4921.6000,4922.0000,4925.6000,4928.0000,4930.0000,1,1,4,1,3,1,1,3,3,5
SF,IC2005,2020-04-01 09:32:06.000,4919.8000,4336,0,15732560.000,0,-,-,-,-,4918.2000,4914.4000,4913.0000,4912.6000,4912.2000,4921.6000,4922.0000,4925.6000,4928.0000,4930.0000,3,3,1,6,1,1,1,3,3,5
SF,IC2005,2020-04-01 09:32:06.500,4919.8000,4336,0,15732560.000,0,-,-,-,-,4918.6000,4918.4000,4918.2000,4914.4000,4913.0000,4921.6000,4922.0000,4925.6000,4928.0000,4930.0000,2,2,2,3,1,1,1,3,3,5
SF,IC2005,2020-04-01 09:32:07.000,4919.8000,4336,0,15732560.000,0,-,-,-,-,4918.8000,4918.6000,4918.4000,4918.2000,4914.4000,4921.6000,4922.0000,4925.6000,4928.0000,4930.0000,1,2,1,2,3,1,1,3,3,5
SF,IC2005,2020-04-01 09:32:07.500,4919.8000,4336,0,15732560.000,0,-,-,-,-,4918.8000,4918.6000,4918.2000,4914.4000,4913.0000,4921.6000,4922.0000,4925.6000,4928.0000,4930.0000,1,1,2,3,1,1,1,3,3,5
SF,IC2005,2020-04-01 09:32:08.000,4919.8000,4336,0,15732560.000,0,-,-,-,-,4918.8000,4918.2000,4914.4000,4913.0000,4912.6000,4921.4000,4921.6000,4922.0000,4925.6000,4928.0000,1,1,3,1,6,1,1,1,3,3
SF,IC2005,2020-04-01 09:32:08.500,4919.8000,4336,0,15732560.000,0,-,-,-,-,4918.8000,4918.2000,4914.4000,4913.0000,4912.6000,4921.2000,4921.4000,4922.0000,4925.6000,4928.0000,1,1,3,1,6,1,1,1,3,3
SF,IC2005,2020-04-01 09:32:11.000,4919.8000,4336,0,15732560.000,0,-,-,-,-,4918.8000,4918.2000,4914.4000,4913.0000,4912.6000,4921.0000,4921.2000,4922.0000,4925.6000,4928.0000,1,1,3,1,6,1,1,1,3,3
SF,IC2005,2020-04-01 09:32:11.500,4919.8000,4336,0,15732560.000,0,-,-,-,-,4918.2000,4914.4000,4913.0000,4912.6000,4912.2000,4920.8000,4921.0000,4922.0000,4925.6000,4928.0000,1,3,1,6,1,1,1,1,3,3
SF,IC2005,2020-04-01 09:32:12.000,4919.8000,4336,0,15732560.000,0,-,-,-,-,4914.4000,4913.0000,4912.6000,4912.2000,4910.8000,4920.6000,4920.8000,4922.0000,4925.6000,4928.0000,3,1,6,1,1,1,1,1,3,3
SF,IC2005,2020-04-01 09:32:12.500,4919.8000,4336,0,15732560.000,0,-,-,-,-,4917.6000,4917.4000,4917.0000,4916.4000,4916.2000,4920.4000,4920.6000,4922.0000,4925.6000,4928.0000,1,1,1,1,1,2,1,1,3,3
SF,IC2005,2020-04-01 09:32:13.000,4919.8000,4336,0,15732560.000,0,-,-,-,-,4917.8000,4917.4000,4916.2000,4915.4000,4915.0000,4920.4000,4920.6000,4922.0000,4925.6000,4928.0000,1,1,1,1,1,2,1,1,3,3
SF,IC2005,2020-04-01 09:32:13.500,4919.8000,4336,0,15732560.000,0,-,-,-,-,4917.8000,4917.4000,4916.2000,4915.4000,4915.0000,4920.4000,4922.0000,4925.6000,4928.0000,4930.0000,1,1,1,1,1,1,1,3,3,5
SF,IC2005,2020-04-01 09:32:16.500,4920.4000,4335,-1,16716640.000,1,0,1,双平,S,4920.4000,4917.8000,4917.4000,4916.2000,4915.4000,4922.0000,4925.6000,4928.0000,4930.0000,4939.6000,1,1,1,1,1,1,3,3,5,1
SF,IC2005,2020-04-01 09:32:17.000,4920.4000,4334,-1,17700720.000,1,0,1,双平,S,4917.4000,4916.2000,4915.4000,4915.0000,4914.6000,4921.8000,4922.0000,4925.6000,4928.0000,4930.0000,1,1,1,1,3,2,1,3,3,5
SF,IC2005,2020-04-01 09:32:17.500,4920.4000,4334,0,17700720.000,0,-,-,-,-,4917.6000,4917.4000,4916.2000,4915.4000,4915.0000,4921.6000,4921.8000,4922.0000,4925.6000,4928.0000,2,1,1,1,1,1,1,1,3,3
SF,IC2005,2020-04-01 09:32:18.000,4920.4000,4334,0,17700720.000,0,-,-,-,-,4918.0000,4917.6000,4917.4000,4916.2000,4915.4000,4921.6000,4921.8000,4922.0000,4925.6000,4928.0000,1,2,1,1,1,1,1,1,3,3
SF,IC2005,2020-04-01 09:32:18.500,4920.4000,4334,0,17700720.000,0,-,-,-,-,4918.2000,4918.0000,4917.4000,4916.2000,4915.4000,4921.6000,4921.8000,4922.0000,4925.6000,4928.0000,2,1,1,1,1,1,1,1,3,3
SF,IC2005,2020-04-01 09:32:19.500,4920.4000,4334,0,17700720.000,0,-,-,-,-,4918.2000,4918.0000,4917.4000,4916.2000,4915.4000,4921.4000,4921.6000,4922.0000,4925.6000,4928.0000,2,1,1,1,1,1,1,1,3,3
SF,IC2005,2020-04-01 09:32:20.000,4920.4000,4334,0,17700720.000,0,-,-,-,-,4918.2000,4918.0000,4917.4000,4916.2000,4915.4000,4921.2000,4921.4000,4922.0000,4925.6000,4928.0000,2,1,1,1,1,1,1,1,3,3
SF,IC2005,2020-04-01 09:32:20.500,4920.4000,4334,0,17700720.000,0,-,-,-,-,4918.2000,4918.0000,4917.4000,4916.2000,4915.4000,4921.0000,4921.2000,4921.4000,4922.0000,4925.6000,2,1,1,1,1,1,1,1,1,3
SF,IC2005,2020-04-01 09:32:21.000,4920.8000,4331,-3,20653200.000,3,0,3,双平,S,4918.2000,4918.0000,4917.4000,4916.2000,4915.4000,4921.4000,4922.0000,4925.6000,4928.0000,4930.0000,2,1,1,1,1,1,1,3,3,5
SF,IC2005,2020-04-01 09:32:21.500,4920.8000,4331,0,20653200.000,0,-,-,-,-,4918.2000,4918.0000,4917.4000,4916.2000,4915.4000,4921.0000,4921.2000,4921.4000,4922.0000,4925.6000,2,1,1,1,1,1,1,1,1,3
SF,IC2005,2020-04-01 09:32:22.000,4920.8000,4331,0,20653200.000,0,-,-,-,-,4918.2000,4918.0000,4917.4000,4915.4000,4915.0000,4921.0000,4921.2000,4921.4000,4922.0000,4925.6000,2,1,1,1,1,1,1,1,1,3
SF,IC2005,2020-04-01 09:32:22.500,4921.0000,4331,0,21637400.000,1,0,1,多换,S,4918.2000,4918.0000,4917.4000,4915.4000,4915.0000,4921.4000,4922.0000,4925.6000,4928.0000,4930.0000,2,1,1,1,1,1,1,3,3,5
SF,IC2005,2020-04-01 09:32:23.000,4921.0000,4331,0,21637400.000,0,-,-,-,-,4918.2000,4918.0000,4915.4000,4915.0000,4914.6000,4921.4000,4922.0000,4925.6000,4928.0000,4930.0000,2,1,1,1,3,1,1,3,3,5
SF,IC2005,2020-04-01 09:32:23.500,4921.0000,4331,0,21637400.000,0,-,-,-,-,4918.6000,4918.4000,4918.2000,4918.0000,4915.4000,4922.0000,4925.6000,4928.0000,4930.0000,4939.6000,2,2,2,1,1,1,3,3,5,1
SF,IC2005,2020-04-01 09:32:24.000,4921.0000,4331,0,21637400.000,0,-,-,-,-,4918.8000,4918.6000,4918.4000,4918.0000,4915.4000,4922.0000,4925.6000,4928.0000,4930.0000,4939.6000,4,2,2,1,1,1,3,3,5,1
SF,IC2005,2020-04-01 09:32:24.500,4921.0000,4331,0,21637400.000,0,-,-,-,-,4918.8000,4918.6000,4918.4000,4918.0000,4915.4000,4921.8000,4922.0000,4925.6000,4928.0000,4930.0000,4,1,1,1,1,1,1,3,3,5
SF,IC2005,2020-04-01 09:32:25.000,4921.0000,4331,0,21637400.000,0,-,-,-,-,4919.0000,4918.8000,4918.6000,4918.4000,4918.0000,4921.8000,4922.0000,4925.6000,4928.0000,4930.0000,1,4,1,1,1,1,1,3,3,5
SF,IC2005,2020-04-01 09:32:25.500,4921.0000,4331,0,21637400.000,0,-,-,-,-,4919.2000,4919.0000,4918.8000,4918.6000,4918.0000,4921.8000,4922.0000,4925.6000,4928.0000,4930.0000,1,1,3,1,1,1,1,3,3,5
SF,IC2005,2020-04-01 09:32:26.000,4921.0000,4331,0,21637400.000,0,-,-,-,-,4919.2000,4919.0000,4918.8000,4918.0000,4915.4000,4921.8000,4922.0000,4925.6000,4928.0000,4930.0000,1,1,2,1,1,1,1,3,3,5
SF,IC2005,2020-04-01 09:32:26.500,4921.6000,4330,-1,22621720.000,1,0,1,双平,S,4919.2000,4918.8000,4918.0000,4915.4000,4915.0000,4921.8000,4922.0000,4925.6000,4928.0000,4930.0000,1,2,1,1,1,1,1,3,3,5
SF,IC2005,2020-04-01 09:32:27.000,4921.6000,4330,0,22621720.000,0,-,-,-,-,4919.2000,4918.8000,4918.0000,4915.4000,4915.0000,4921.8000,4922.0000,4925.0000,4925.6000,4928.0000,1,2,1,1,1,1,1,1,3,3
SF,IC2005,2020-04-01 09:32:29.000,4921.6000,4330,0,22621720.000,0,-,-,-,-,4919.4000,4919.2000,4918.8000,4918.0000,4915.4000,4921.8000,4922.0000,4925.0000,4925.6000,4928.0000,1,1,2,1,1,1,1,1,3,3
SF,IC2005,2020-04-01 09:32:29.500,4921.6000,4330,0,22621720.000,0,-,-,-,-,4919.6000,4919.4000,4918.8000,4918.0000,4915.4000,4922.0000,4925.0000,4925.6000,4928.0000,4930.0000,1,1,2,1,1,1,1,3,3,5
SF,IC2005,2020-04-01 09:32:30.000,4921.6000,4330,0,22621720.000,0,-,-,-,-,4919.6000,4919.4000,4918.8000,4918.0000,4915.4000,4922.0000,4925.0000,4925.6000,4928.0000,4930.0000,1,1,2,1,1,1,1,3,3,5
SF,IC2005,2020-04-01 09:32:30.500,4921.6000,4330,0,22621720.000,0,-,-,-,-,4919.6000,4919.4000,4918.8000,4918.0000,4915.4000,4922.0000,4925.0000,4925.6000,4928.0000,4930.0000,1,1,2,1,1,1,1,3,3,5
SF,IC2005,2020-04-01 09:32:31.000,4921.6000,4330,0,22621720.000,0,-,-,-,-,4919.6000,4919.4000,4918.8000,4918.0000,4915.4000,4922.0000,4925.0000,4925.6000,4928.0000,4930.0000,1,1,1,1,1,1,1,3,3,5
SF,IC2005,2020-04-01 09:32:31.500,4921.6000,4330,0,22621720.000,0,-,-,-,-,4919.8000,4919.6000,4919.4000,4918.8000,4918.0000,4922.0000,4925.0000,4925.6000,4928.0000,4930.0000,1,1,1,1,1,1,1,3,3,5
SF,IC2005,2020-04-01 09:32:32.000,4921.6000,4330,0,22621720.000,0,-,-,-,-,4920.0000,4919.8000,4919.4000,4918.8000,4918.0000,4922.0000,4925.0000,4925.6000,4928.0000,4930.0000,1,1,1,1,1,1,1,3,3,5
SF,IC2005,2020-04-01 09:32:32.500,4921.6000,4330,0,22621720.000,0,-,-,-,-,4920.2000,4920.0000,4919.8000,4918.8000,4918.0000,4922.0000,4925.0000,4925.6000,4928.0000,4930.0000,1,1,1,1,1,1,1,3,3,5
SF,IC2005,2020-04-01 09:32:33.000,4921.6000,4330,0,22621720.000,0,-,-,-,-,4920.4000,4919.8000,4918.8000,4918.0000,4915.4000,4922.0000,4925.0000,4925.6000,4928.0000,4930.0000,1,1,1,1,1,1,1,3,3,5
SF,IC2005,2020-04-01 09:32:35.000,4918.8000,4330,0,25573520.000,3,1,2,多换,S,4918.0000,4915.4000,4915.0000,4914.6000,4914.4000,4922.0000,4925.0000,4925.6000,4928.0000,4930.0000,1,1,1,2,3,1,1,3,3,5
SF,IC2005,2020-04-01 09:32:35.500,4918.8000,4330,0,25573520.000,0,-,-,-,-,4918.8000,4918.4000,4918.2000,4918.0000,4915.0000,4921.8000,4922.0000,4925.0000,4925.6000,4928.0000,1,1,4,1,1,2,1,1,3,3
SF,IC2005,2020-04-01 09:32:36.000,4918.8000,4330,0,25573520.000,0,-,-,-,-,4919.0000,4918.8000,4918.2000,4918.0000,4915.0000,4921.8000,4922.0000,4925.0000,4925.6000,4928.0000,1,1,3,1,1,2,1,1,3,3
SF,IC2005,2020-04-01 09:32:36.500,4918.8000,4330,0,25573520.000,0,-,-,-,-,4919.0000,4918.2000,4918.0000,4915.0000,4914.6000,4921.8000,4922.0000,4925.0000,4925.6000,4928.0000,1,1,1,1,2,2,1,1,3,3
SF,IC2005,2020-04-01 09:32:37.000,4918.8000,4329,-1,26557280.000,1,0,1,双平,S,4918.2000,4918.0000,4915.0000,4914.6000,4914.4000,4921.6000,4921.8000,4922.0000,4925.0000,4925.6000,1,1,1,2,3,1,2,1,1,3
SF,IC2005,2020-04-01 09:32:37.500,4918.8000,4329,0,26557280.000,0,-,-,-,-,4918.0000,4915.0000,4914.6000,4914.4000,4913.0000,4921.4000,4921.6000,4922.0000,4925.0000,4925.6000,1,1,2,3,1,3,1,1,1,3
SF,IC2005,2020-04-01 09:32:38.000,4918.8000,4329,0,26557280.000,0,-,-,-,-,4918.2000,4918.0000,4915.0000,4914.6000,4914.4000,4921.2000,4921.4000,4922.0000,4925.0000,4925.6000,1,1,1,2,3,1,3,1,1,3
SF,IC2005,2020-04-01 09:32:38.500,4918.8000,4329,0,26557280.000,0,-,-,-,-,4918.0000,4915.0000,4914.6000,4914.4000,4913.0000,4921.0000,4921.2000,4921.4000,4922.0000,4925.0000,1,1,2,3,1,3,2,1,1,1
SF,IC2005,2020-04-01 09:32:39.000,4918.8000,4329,0,26557280.000,0,-,-,-,-,4918.0000,4915.0000,4914.6000,4914.4000,4913.0000,4921.0000,4921.2000,4921.4000,4922.0000,4925.0000,1,1,2,3,1,3,2,1,1,1
SF,IC2005,2020-04-01 09:32:39.500,4918.0000,4329,0,27540880.000,1,0,1,多换,S,4915.0000,4914.6000,4914.4000,4913.0000,4912.2000,4920.8000,4921.0000,4921.2000,4921.4000,4922.0000,1,2,3,1,1,1,3,2,1,1
SF,IC2005,2020-04-01 09:32:40.000,4920.6000,4329,0,28525000.000,1,0,1,多换,S,4916.0000,4915.2000,4915.0000,4914.6000,4914.4000,4920.6000,4920.8000,4921.2000,4922.0000,4925.0000,1,5,1,2,3,2,1,2,1,1
SF,IC2005,2020-04-01 09:32:40.500,4920.6000,4329,0,28525000.000,0,-,-,-,-,4916.2000,4916.0000,4915.2000,4915.0000,4914.6000,4920.6000,4920.8000,4921.2000,4922.0000,4925.0000,2,1,3,1,2,2,1,2,1,1
SF,IC2005,2020-04-01 09:32:41.000,4920.6000,4329,0,28525000.000,0,-,-,-,-,4916.2000,4916.0000,4915.2000,4915.0000,4914.6000,4920.6000,4921.2000,4922.0000,4925.6000,4928.0000,2,1,3,1,2,2,1,1,3,3
SF,IC2005,2020-04-01 09:32:41.500,4920.6000,4329,0,28525000.000,0,-,-,-,-,4916.2000,4916.0000,4915.2000,4915.0000,4914.6000,4920.6000,4921.2000,4922.0000,4925.6000,4928.0000,2,1,3,1,2,2,1,1,3,3
SF,IC2005,2020-04-01 09:32:42.000,4920.6000,4329,0,28525000.000,0,-,-,-,-,4916.4000,4916.2000,4916.0000,4915.2000,4915.0000,4920.4000,4920.6000,4921.2000,4922.0000,4925.6000,1,2,1,3,1,1,2,1,1,3
SF,IC2005,2020-04-01 09:32:42.500,4920.6000,4329,0,28525000.000,0,-,-,-,-,4916.6000,4916.4000,4916.0000,4915.2000,4915.0000,4920.2000,4920.4000,4920.6000,4921.2000,4922.0000,2,1,1,3,1,1,1,1,1,1
SF,IC2005,2020-04-01 09:32:43.500,4920.6000,4329,0,28525000.000,0,-,-,-,-,4916.6000,4916.0000,4915.2000,4915.0000,4914.6000,4920.0000,4920.2000,4920.4000,4921.2000,4922.0000,2,1,3,1,2,1,1,1,1,1
SF,IC2005,2020-04-01 09:32:44.000,4920.6000,4329,0,28525000.000,0,-,-,-,-,4916.6000,4916.0000,4915.2000,4915.0000,4914.6000,4919.8000,4920.0000,4920.4000,4922.0000,4925.6000,2,1,2,1,2,2,1,1,1,3
SF,IC2005,2020-04-01 09:32:44.500,4920.6000,4329,0,28525000.000,0,-,-,-,-,4916.6000,4915.2000,4915.0000,4914.6000,4914.4000,4919.8000,4920.0000,4920.4000,4922.0000,4925.6000,2,2,1,1,3,2,1,1,1,3
SF,IC2005,2020-04-01 09:32:45.000,4920.6000,4329,0,28525000.000,0,-,-,-,-,4916.6000,4915.0000,4914.6000,4914.4000,4913.0000,4919.2000,4919.6000,4919.8000,4920.4000,4922.0000,2,1,1,3,1,1,1,2,1,1
SF,IC2005,2020-04-01 09:32:45.500,4920.6000,4329,0,28525000.000,0,-,-,-,-,4915.0000,4914.4000,4913.0000,4912.2000,4911.0000,4919.0000,4919.6000,4919.8000,4922.0000,4925.6000,1,3,1,1,3,1,1,1,1,3
SF,IC2005,2020-04-01 09:32:46.000,4920.6000,4329,0,28525000.000,0,-,-,-,-,4915.2000,4915.0000,4914.4000,4913.0000,4912.2000,4919.0000,4919.2000,4919.6000,4919.8000,4922.0000,2,1,3,1,1,1,1,1,1,1
SF,IC2005,2020-04-01 09:32:46.500,4920.6000,4329,0,28525000.000,0,-,-,-,-,4915.2000,4914.4000,4913.0000,4912.2000,4911.0000,4918.8000,4919.0000,4919.2000,4919.8000,4922.0000,2,3,1,1,3,1,1,1,1,1
SF,IC2005,2020-04-01 09:32:47.000,4920.6000,4329,0,28525000.000,0,-,-,-,-,4915.2000,4914.4000,4913.0000,4912.2000,4911.0000,4918.6000,4918.8000,4919.2000,4922.0000,4925.6000,2,3,1,1,3,3,1,1,1,3
SF,IC2005,2020-04-01 09:32:47.500,4920.6000,4329,0,28525000.000,0,-,-,-,-,4915.8000,4915.4000,4915.2000,4914.4000,4913.0000,4918.6000,4919.2000,4922.0000,4925.6000,4928.0000,1,2,2,3,1,2,1,1,3,3
SF,IC2005,2020-04-01 09:32:48.000,4920.6000,4329,0,28525000.000,0,-,-,-,-,4916.0000,4915.2000,4914.4000,4913.0000,4912.2000,4918.6000,4922.0000,4925.6000,4928.0000,4930.0000,1,1,3,1,1,1,1,3,3,5
SF,IC2005,2020-04-01 09:32:48.500,4920.6000,4329,0,28525000.000,0,-,-,-,-,4915.2000,4914.4000,4912.2000,4911.0000,4910.8000,4918.6000,4922.0000,4925.6000,4928.0000,4930.0000,1,3,1,3,1,1,1,3,3,5
SF,IC2005,2020-04-01 09:32:49.000,4920.6000,4329,0,28525000.000,0,-,-,-,-,4915.4000,4915.2000,4914.4000,4912.2000,4911.0000,4918.4000,4918.6000,4922.0000,4925.6000,4928.0000,1,1,3,1,3,2,1,1,3,3
SF,IC2005,2020-04-01 09:32:49.500,4920.6000,4329,0,28525000.000,0,-,-,-,-,4915.4000,4915.2000,4914.4000,4912.2000,4911.0000,4918.2000,4918.4000,4922.0000,4925.6000,4928.0000,1,1,3,1,3,2,2,1,3,3
SF,IC2005,2020-04-01 09:32:50.000,4920.6000,4329,0,28525000.000,0,-,-,-,-,4915.4000,4915.2000,4914.4000,4912.2000,4911.0000,4918.2000,4918.4000,4922.0000,4925.6000,4928.0000,1,1,3,1,3,3,1,1,3,3
SF,IC2005,2020-04-01 09:32:50.500,4920.6000,4329,0,28525000.000,0,-,-,-,-,4915.4000,4915.2000,4914.4000,4912.2000,4910.8000,4918.2000,4922.0000,4925.6000,4928.0000,4930.0000,1,1,3,1,1,1,1,3,3,5
SF,IC2005,2020-04-01 09:32:51.000,4920.6000,4329,0,28525000.000,0,-,-,-,-,4915.4000,4915.2000,4914.4000,4912.2000,4910.8000,4918.2000,4922.0000,4925.6000,4928.0000,4930.0000,1,1,3,1,1,1,1,3,3,5
SF,IC2005,2020-04-01 09:32:51.500,4920.6000,4329,0,28525000.000,0,-,-,-,-,4915.4000,4915.2000,4914.4000,4912.2000,4910.8000,4922.0000,4925.6000,4928.0000,4930.0000,4939.6000,1,1,3,1,1,1,3,3,5,1
SF,IC2005,2020-04-01 09:32:52.000,4920.6000,4329,0,28525000.000,0,-,-,-,-,4915.6000,4915.4000,4914.4000,4912.2000,4910.8000,4920.8000,4921.0000,4921.4000,4921.8000,4922.0000,1,1,3,1,1,1,1,1,3,2
SF,IC2005,2020-04-01 09:32:52.500,4920.6000,4329,0,28525000.000,0,-,-,-,-,4915.8000,4915.6000,4914.4000,4912.2000,4910.8000,4920.2000,4920.6000,4920.8000,4921.0000,4921.4000,1,1,3,1,1,1,2,1,1,1
SF,IC2005,2020-04-01 09:32:53.000,4920.6000,4329,0,28525000.000,0,-,-,-,-,4916.0000,4915.8000,4914.4000,4912.2000,4910.8000,4919.8000,4920.0000,4920.2000,4921.0000,4921.4000,1,1,3,1,1,3,3,2,1,1
SF,IC2005,2020-04-01 09:32:53.500,4920.6000,4329,0,28525000.000,0,-,-,-,-,4916.0000,4915.8000,4914.4000,4912.2000,4910.8000,4919.2000,4919.4000,4919.6000,4919.8000,4920.0000,1,1,3,1,1,1,1,3,2,1
SF,IC2005,2020-04-01 09:32:54.000,4920.6000,4329,0,28525000.000,0,-,-,-,-,4916.0000,4915.8000,4914.4000,4912.2000,4910.8000,4919.0000,4919.2000,4919.4000,4919.6000,4919.8000,1,1,3,1,1,3,2,1,1,2
SF,IC2005,2020-04-01 09:32:54.500,4920.6000,4329,0,28525000.000,0,-,-,-,-,4916.0000,4915.8000,4914.4000,4912.2000,4910.8000,4919.0000,4919.2000,4919.6000,4919.8000,4920.0000,1,1,3,1,1,3,2,1,2,1
SF,IC2005,2020-04-01 09:32:55.000,4920.6000,4329,0,28525000.000,0,-,-,-,-,4916.2000,4916.0000,4914.4000,4912.2000,4910.8000,4919.0000,4919.2000,4919.6000,4920.0000,4920.2000,1,1,3,1,1,2,2,1,1,1
SF,IC2005,2020-04-01 09:32:56.000,4920.6000,4329,0,28525000.000,0,-,-,-,-,4916.2000,4916.0000,4914.4000,4912.2000,4910.8000,4919.0000,4919.2000,4919.6000,4920.0000,4920.2000,1,1,3,1,1,2,1,1,1,1
SF,IC2005,2020-04-01 09:32:56.500,4920.6000,4329,0,28525000.000,0,-,-,-,-,4916.2000,4916.0000,4914.4000,4912.2000,4910.8000,4919.0000,4919.6000,4920.0000,4920.2000,4921.0000,1,1,3,1,1,2,1,1,1,1
SF,IC2005,2020-04-01 09:32:57.000,4920.6000,4329,0,28525000.000,0,-,-,-,-,4916.0000,4915.6000,4914.4000,4910.8000,4910.0000,4917.6000,4919.0000,4920.0000,4920.2000,4921.0000,1,1,3,1,3,1,2,1,1,1
SF,IC2005,2020-04-01 09:32:57.500,4920.6000,4329,0,28525000.000,0,-,-,-,-,4915.6000,4914.4000,4910.8000,4910.0000,4908.8000,4917.4000,4920.0000,4920.2000,4921.0000,4921.4000,1,3,1,3,1,3,1,1,1,1
SF,IC2005,2020-04-01 09:32:58.500,4915.6000,4328,-1,29508120.000,1,0,1,双平,S,4914.4000,4910.8000,4910.0000,4908.8000,4908.0000,4917.2000,4917.4000,4920.0000,4920.2000,4921.0000,3,1,3,1,3,1,3,1,1,1
SF,IC2005,2020-04-01 09:32:59.000,4915.6000,4328,0,29508120.000,0,-,-,-,-,4914.4000,4910.8000,4910.0000,4908.8000,4908.0000,4916.4000,4917.0000,4917.2000,4917.4000,4920.0000,3,1,3,1,3,1,2,1,1,1
SF,IC2005,2020-04-01 09:32:59.500,4915.6000,4328,0,29508120.000,0,-,-,-,-,4914.6000,4914.4000,4910.8000,4910.0000,4908.8000,4916.2000,4917.0000,4917.4000,4920.0000,4920.2000,1,3,1,3,1,1,1,1,1,1
SF,IC2005,2020-04-01 09:33:00.000,4915.6000,4328,0,29508120.000,0,-,-,-,-,4914.6000,4914.4000,4910.8000,4910.0000,4908.8000,4917.0000,4917.4000,4920.0000,4920.2000,4921.0000,1,3,1,3,1,1,1,1,1,1
SF,IC2005,2020-04-01 09:33:01.000,4915.6000,4328,0,29508120.000,0,-,-,-,-,4914.6000,4914.4000,4910.8000,4910.0000,4908.8000,4916.8000,4917.0000,4917.4000,4920.0000,4920.2000,1,3,1,3,1,1,1,1,1,1
SF,IC2005,2020-04-01 09:33:01.500,4915.6000,4328,0,29508120.000,0,-,-,-,-,4914.4000,4910.8000,4910.0000,4908.8000,4908.0000,4916.6000,4916.8000,4917.4000,4920.0000,4920.2000,3,1,3,1,3,1,1,1,1,1
SF,IC2005,2020-04-01 09:33:02.000,4915.6000,4328,0,29508120.000,0,-,-,-,-,4914.4000,4910.8000,4910.0000,4908.8000,4908.0000,4916.4000,4916.6000,4917.4000,4918.4000,4920.0000,3,1,3,1,3,1,2,1,5,1
SF,IC2005,2020-04-01 09:33:02.500,4914.4000,4328,0,30491000.000,1,0,1,多换,S,4914.4000,4910.8000,4910.0000,4908.8000,4908.0000,4916.2000,4916.4000,4918.4000,4920.0000,4920.2000,2,1,3,1,3,2,2,5,1,1
SF,IC2005,2020-04-01 09:33:03.000,4914.4000,4328,0,30491000.000,0,-,-,-,-,4914.4000,4910.0000,4908.8000,4908.0000,4907.8000,4916.2000,4916.4000,4920.0000,4920.2000,4921.4000,2,3,1,3,3,1,1,1,1,1
SF,IC2005,2020-04-01 09:33:03.500,4914.4000,4328,0,30491000.000,0,-,-,-,-,4914.4000,4910.0000,4908.8000,4908.0000,4907.8000,4916.0000,4916.2000,4916.4000,4920.0000,4920.2000,2,3,1,3,3,2,1,1,1,1
SF,IC2005,2020-04-01 09:33:04.000,4914.4000,4328,0,30491000.000,0,-,-,-,-,4914.4000,4910.0000,4908.8000,4908.0000,4907.8000,4916.0000,4916.2000,4920.0000,4920.2000,4921.4000,2,3,1,3,3,1,1,1,1,1
SF,IC2005,2020-04-01 09:33:05.000,4914.4000,4328,0,30491000.000,0,-,-,-,-,4914.4000,4910.0000,4908.8000,4908.0000,4907.8000,4916.0000,4916.2000,4920.0000,4920.2000,4921.4000,2,3,1,3,3,2,1,1,1,1
SF,IC2005,2020-04-01 09:33:05.500,4914.4000,4328,0,30491000.000,0,-,-,-,-,4914.4000,4910.0000,4908.8000,4908.0000,4907.8000,4916.0000,4916.2000,4920.0000,4920.2000,4921.4000,2,3,1,3,3,2,1,1,1,1
SF,IC2005,2020-04-01 09:33:06.000,4914.4000,4328,0,32456760.000,2,1,1,多换,S,4910.0000,4908.8000,4908.0000,4907.8000,4907.2000,4914.4000,4915.2000,4915.8000,4916.0000,4920.0000,3,1,3,3,3,1,1,2,2,1
SF,IC2005,2020-04-01 09:33:06.500,4914.4000,4328,0,32456760.000,0,-,-,-,-,4911.4000,4910.6000,4910.2000,4910.0000,4908.8000,4915.8000,4916.0000,4920.0000,4920.2000,4921.4000,1,1,7,3,1,1,2,1,1,1
SF,IC2005,2020-04-01 09:33:07.000,4914.4000,4328,0,32456760.000,0,-,-,-,-,4911.6000,4910.2000,4910.0000,4908.8000,4908.0000,4915.6000,4915.8000,4920.0000,4920.2000,4921.4000,3,3,3,1,3,2,1,1,1,1
SF,IC2005,2020-04-01 09:33:07.500,4914.4000,4328,0,32456760.000,0,-,-,-,-,4911.6000,4910.2000,4910.0000,4908.8000,4908.0000,4915.6000,4915.8000,4920.0000,4920.2000,4921.4000,3,3,3,1,3,2,1,1,1,1
SF,IC2005,2020-04-01 09:33:08.500,4914.4000,4328,0,32456760.000,0,-,-,-,-,4911.6000,4908.0000,4907.8000,4907.2000,4905.6000,4915.6000,4915.8000,4920.0000,4920.2000,4921.4000,2,3,3,3,3,2,1,1,1,1
SF,IC2005,2020-04-01 09:33:09.000,4914.4000,4328,0,32456760.000,0,-,-,-,-,4911.6000,4908.0000,4907.8000,4907.2000,4905.6000,4914.8000,4915.2000,4915.6000,4920.0000,4920.2000,1,3,3,3,3,1,2,2,1,1
SF,IC2005,2020-04-01 09:33:09.500,4914.4000,4328,0,32456760.000,0,-,-,-,-,4911.8000,4911.6000,4908.0000,4907.8000,4907.2000,4914.6000,4914.8000,4915.2000,4920.0000,4920.2000,1,1,3,3,3,3,1,2,1,1
SF,IC2005,2020-04-01 09:33:10.000,4914.4000,4328,0,32456760.000,0,-,-,-,-,4911.6000,4908.0000,4907.8000,4907.2000,4905.6000,4914.4000,4914.6000,4915.2000,4920.0000,4920.2000,1,3,3,3,3,1,3,2,1,1
SF,IC2005,2020-04-01 09:33:10.500,4914.4000,4328,0,32456760.000,0,-,-,-,-,4911.6000,4908.0000,4907.8000,4907.2000,4905.6000,4914.0000,4914.2000,4914.4000,4914.6000,4915.2000,1,3,3,3,3,1,3,2,1,2
SF,IC2005,2020-04-01 09:33:11.000,4914.4000,4328,0,32456760.000,0,-,-,-,-,4911.8000,4908.0000,4907.8000,4907.2000,4905.6000,4913.8000,4914.2000,4914.4000,4914.6000,4915.2000,1,3,3,3,3,1,2,1,1,2
SF,IC2005,2020-04-01 09:33:11.500,4911.8000,4327,-1,33439120.000,1,0,1,双平,S,4908.0000,4907.8000,4907.2000,4905.6000,4902.8000,4911.6000,4913.4000,4913.6000,4913.8000,4914.0000,3,3,3,3,3,2,1,2,1,1
SF,IC2005,2020-04-01 09:33:12.000,4911.8000,4325,-2,35403840.000,2,0,2,双平,S,4911.8000,4909.2000,4908.2000,4908.0000,4907.8000,4913.8000,4914.4000,4914.6000,4915.2000,4920.2000,1,1,3,3,3,1,1,1,2,1
SF,IC2005,2020-04-01 09:33:12.500,4911.8000,4325,0,35403840.000,0,-,-,-,-,4909.2000,4908.2000,4907.8000,4907.2000,4905.6000,4913.6000,4913.8000,4914.4000,4914.6000,4915.2000,1,2,3,3,3,1,1,1,1,2
SF,IC2005,2020-04-01 09:33:13.000,4911.8000,4325,0,35403840.000,0,-,-,-,-,4909.4000,4909.2000,4908.2000,4907.8000,4907.2000,4913.4000,4913.6000,4914.4000,4914.6000,4915.2000,3,1,1,3,3,1,1,1,1,2
SF,IC2005,2020-04-01 09:33:13.500,4911.8000,4325,0,35403840.000,0,-,-,-,-,4909.4000,4908.2000,4907.8000,4907.2000,4905.6000,4913.2000,4913.4000,4914.4000,4914.6000,4915.2000,2,1,3,3,3,1,2,1,1,2
SF,IC2005,2020-04-01 09:33:14.000,4911.8000,4325,0,35403840.000,0,-,-,-,-,4909.4000,4908.2000,4907.8000,4907.2000,4905.6000,4913.0000,4913.2000,4913.4000,4914.4000,4914.6000,2,1,3,3,3,1,1,1,1,1
SF,IC2005,2020-04-01 09:33:14.500,4911.8000,4325,0,35403840.000,0,-,-,-,-,4909.4000,4909.2000,4908.2000,4907.8000,4907.2000,4912.8000,4913.0000,4913.4000,4914.4000,4914.6000,2,1,1,3,3,1,1,1,1,1
SF,IC2005,2020-04-01 09:33:15.000,4911.8000,4325,0,35403840.000,0,-,-,-,-,4909.4000,4908.2000,4907.8000,4907.2000,4905.4000,4912.8000,4913.0000,4913.4000,4914.4000,4914.6000,2,1,3,3,3,1,1,1,1,1
SF,IC2005,2020-04-01 09:33:15.500,4911.8000,4325,0,35403840.000,0,-,-,-,-,4909.4000,4908.2000,4907.8000,4907.2000,4905.4000,4912.6000,4912.8000,4913.4000,4914.6000,4915.2000,2,1,3,3,3,2,1,1,1,2
SF,IC2005,2020-04-01 09:33:16.000,4911.8000,4325,0,35403840.000,0,-,-,-,-,4909.4000,4908.2000,4907.8000,4907.2000,4905.4000,4912.4000,4912.6000,4913.4000,4914.6000,4915.2000,2,1,3,3,3,1,2,1,1,2
SF,IC2005,2020-04-01 09:33:16.500,4911.8000,4325,0,35403840.000,0,-,-,-,-,4909.4000,4908.2000,4907.8000,4907.2000,4905.4000,4912.4000,4912.6000,4913.4000,4914.6000,4915.2000,2,1,3,3,3,1,1,1,1,2
SF,IC2005,2020-04-01 09:33:17.000,4911.8000,4325,0,35403840.000,0,-,-,-,-,4909.6000,4909.4000,4909.2000,4908.2000,4907.8000,4912.4000,4912.6000,4913.4000,4914.6000,4915.2000,1,2,1,1,3,1,1,1,1,2
SF,IC2005,2020-04-01 09:33:17.500,4911.8000,4325,0,35403840.000,0,-,-,-,-,4909.8000,4909.6000,4909.4000,4909.2000,4908.2000,4913.4000,4914.6000,4915.2000,4917.2000,4920.2000,1,1,1,1,1,1,1,2,3,1
SF,IC2005,2020-04-01 09:33:18.000,4911.8000,4325,0,35403840.000,0,-,-,-,-,4910.0000,4909.8000,4909.6000,4909.2000,4908.2000,4913.2000,4913.4000,4914.6000,4915.2000,4917.2000,2,1,2,1,1,1,1,1,2,3
SF,IC2005,2020-04-01 09:33:18.500,4911.8000,4325,0,35403840.000,0,-,-,-,-,4910.2000,4910.0000,4909.6000,4909.2000,4908.2000,4913.4000,4917.2000,4920.2000,4921.4000,4922.0000,1,2,2,1,1,1,3,1,1,1
SF,IC2005,2020-04-01 09:33:19.000,4911.8000,4325,0,35403840.000,0,-,-,-,-,4910.8000,4910.6000,4910.4000,4910.2000,4910.0000,4913.4000,4917.2000,4920.2000,4921.4000,4922.0000,1,1,2,1,1,1,3,1,1,1
SF,IC2005,2020-04-01 09:33:19.500,4913.4000,4325,0,36386520.000,1,0,1,多换,S,4913.4000,4911.2000,4911.0000,4910.8000,4910.6000,4917.2000,4920.2000,4921.4000,4922.0000,4924.2000,1,1,1,1,1,3,1,1,1,5
SF,IC2005,2020-04-01 09:33:20.000,4913.4000,4325,0,36386520.000,0,-,-,-,-,4913.6000,4911.2000,4911.0000,4910.8000,4910.6000,4917.0000,4917.2000,4920.2000,4921.4000,4922.0000,3,1,1,1,1,2,3,1,1,1
SF,IC2005,2020-04-01 09:33:20.500,4913.4000,4325,0,36386520.000,0,-,-,-,-,4913.6000,4911.2000,4911.0000,4910.8000,4910.6000,4916.6000,4917.0000,4920.2000,4921.4000,4922.0000,1,1,1,1,1,1,2,1,1,1
SF,IC2005,2020-04-01 09:33:21.000,4913.4000,4325,0,36386520.000,0,-,-,-,-,4913.6000,4911.2000,4911.0000,4910.8000,4910.6000,4916.4000,4916.6000,4920.2000,4921.4000,4922.0000,1,1,1,1,1,3,1,1,1,1
SF,IC2005,2020-04-01 09:33:21.500,4913.4000,4325,0,36386520.000,0,-,-,-,-,4913.6000,4911.2000,4911.0000,4910.8000,4910.6000,4916.0000,4916.4000,4916.6000,4920.2000,4921.4000,1,1,1,1,1,1,5,1,1,1
SF,IC2005,2020-04-01 09:33:22.000,4913.4000,4325,0,36386520.000,0,-,-,-,-,4911.2000,4911.0000,4910.8000,4910.4000,4909.6000,4915.4000,4915.6000,4915.8000,4916.0000,4916.4000,1,1,1,1,1,1,1,3,1,2
SF,IC2005,2020-04-01 09:33:22.500,4913.4000,4325,0,36386520.000,0,-,-,-,-,4911.4000,4910.8000,4909.6000,4908.2000,4907.8000,4915.2000,4915.4000,4915.6000,4916.0000,4916.4000,2,1,1,1,3,3,1,1,1,2
SF,IC2005,2020-04-01 09:33:23.000,4911.4000,4325,0,37368800.000,1,0,1,多换,S,4911.4000,4909.6000,4908.2000,4907.8000,4907.2000,4914.8000,4915.0000,4915.2000,4915.6000,4916.0000,1,1,1,3,3,1,1,3,1,1
SF,IC2005,2020-04-01 09:33:23.500,4911.4000,4325,0,37368800.000,0,-,-,-,-,4911.4000,4909.6000,4908.2000,4907.8000,4907.2000,4914.6000,4914.8000,4915.0000,4915.2000,4915.6000,1,1,1,3,3,2,1,1,1,1
SF,IC2005,2020-04-01 09:33:24.000,4911.4000,4325,0,37368800.000,0,-,-,-,-,4911.6000,4911.4000,4909.6000,4908.2000,4907.8000,4914.6000,4914.8000,4915.0000,4915.2000,4915.6000,1,1,1,1,3,2,1,1,1,1
SF,IC2005,2020-04-01 09:33:25.000,4911.4000,4325,0,37368800.000,0,-,-,-,-,4911.6000,4911.4000,4909.6000,4908.2000,4907.8000,4914.4000,4914.6000,4914.8000,4915.0000,4915.6000,1,1,1,1,3,1,2,1,1,1
SF,IC2005,2020-04-01 09:33:25.500,4911.4000,4325,0,37368800.000,0,-,-,-,-,4911.4000,4909.6000,4908.2000,4907.8000,4907.2000,4914.2000,4914.4000,4914.8000,4915.0000,4915.6000,1,1,1,3,3,2,1,1,1,1
SF,IC2005,2020-04-01 09:33:26.000,4911.4000,4325,0,37368800.000,0,-,-,-,-,4911.4000,4908.2000,4907.8000,4907.2000,4902.8000,4914.2000,4914.4000,4914.8000,4915.0000,4915.6000,1,1,3,3,3,2,1,1,1,1
SF,IC2005,2020-04-01 09:33:26.500,4911.4000,4325,0,37368800.000,0,-,-,-,-,4911.4000,4908.2000,4907.8000,4907.2000,4902.8000,4914.0000,4914.2000,4914.4000,4914.8000,4915.0000,1,1,3,3,3,1,2,1,1,1
SF,IC2005,2020-04-01 09:33:27.000,4911.4000,4325,0,37368800.000,0,-,-,-,-,4908.2000,4907.8000,4907.2000,4902.8000,4901.2000,4913.8000,4914.0000,4914.4000,4914.8000,4915.0000,1,3,3,3,1,2,1,1,1,1
SF,IC2005,2020-04-01 09:33:27.500,4911.4000,4325,0,37368800.000,0,-,-,-,-,4912.6000,4910.6000,4909.6000,4908.8000,4908.4000,4913.8000,4914.0000,4914.8000,4915.6000,4916.0000,1,1,2,4,9,1,1,1,1,1
SF,IC2005,2020-04-01 09:33:28.000,4911.4000,4325,0,37368800.000,0,-,-,-,-,4912.6000,4910.6000,4909.6000,4908.8000,4908.4000,4914.0000,4914.8000,4915.6000,4916.0000,4916.4000,1,1,2,4,7,1,1,1,1,2
SF,IC2005,2020-04-01 09:33:28.500,4911.4000,4325,0,37368800.000,0,-,-,-,-,4912.8000,4912.6000,4910.6000,4910.0000,4909.6000,4917.6000,4920.2000,4922.0000,4924.2000,4928.0000,1,1,1,2,2,2,1,1,5,3
SF,IC2005,2020-04-01 09:33:29.000,4912.6000,4325,0,38351320.000,1,0,1,多换,S,4912.8000,4912.6000,4910.6000,4910.0000,4909.6000,4917.0000,4917.2000,4917.4000,4917.6000,4920.2000,1,1,1,2,2,1,1,2,2,1
SF,IC2005,2020-04-01 09:33:29.500,4912.6000,4325,0,38351320.000,0,-,-,-,-,4912.8000,4912.6000,4910.6000,4910.0000,4909.6000,4916.8000,4917.2000,4920.2000,4922.0000,4924.2000,1,1,1,2,2,3,1,1,1,5
SF,IC2005,2020-04-01 09:33:30.000,4912.6000,4325,0,38351320.000,0,-,-,-,-,4912.8000,4912.6000,4910.6000,4910.0000,4909.6000,4916.8000,4917.2000,4919.0000,4920.2000,4922.0000,1,1,1,2,2,3,1,2,1,1
SF,IC2005,2020-04-01 09:33:30.500,4912.6000,4325,0,38351320.000,0,-,-,-,-,4912.6000,4910.6000,4910.0000,4909.6000,4908.8000,4916.4000,4916.6000,4916.8000,4919.0000,4920.2000,1,1,2,2,4,2,1,3,2,1
SF,IC2005,2020-04-01 09:33:31.000,4912.6000,4325,0,38351320.000,0,-,-,-,-,4912.6000,4910.6000,4910.0000,4909.6000,4908.8000,4915.6000,4916.0000,4916.2000,4916.4000,4916.6000,1,1,2,2,4,1,1,3,2,1
SF,IC2005,2020-04-01 09:33:31.500,4912.6000,4325,0,38351320.000,0,-,-,-,-,4912.6000,4910.6000,4910.0000,4909.6000,4908.8000,4915.4000,4916.0000,4916.4000,4916.6000,4919.0000,1,1,2,2,4,3,1,2,1,2
SF,IC2005,2020-04-01 09:33:34.000,4912.6000,4325,0,38351320.000,0,-,-,-,-,4912.6000,4910.6000,4910.0000,4909.6000,4908.8000,4915.4000,4916.0000,4916.4000,4916.6000,4919.0000,1,1,2,2,4,2,1,2,1,2
SF,IC2005,2020-04-01 09:33:34.500,4912.6000,4325,0,38351320.000,0,-,-,-,-,4912.8000,4912.6000,4910.6000,4910.0000,4909.6000,4915.4000,4916.4000,4919.0000,4920.2000,4922.0000,2,1,1,2,2,2,1,2,1,1
SF,IC2005,2020-04-01 09:33:35.000,4912.6000,4325,0,38351320.000,0,-,-,-,-,4912.8000,4912.6000,4910.6000,4910.0000,4909.6000,4915.4000,4916.4000,4919.0000,4920.2000,4922.0000,2,1,1,2,2,1,1,2,1,1
SF,IC2005,2020-04-01 09:33:35.500,4912.6000,4325,0,38351320.000,0,-,-,-,-,4912.8000,4912.6000,4910.6000,4910.0000,4909.6000,4915.4000,4919.0000,4920.2000,4922.0000,4924.2000,3,1,1,2,2,1,2,1,1,5
SF,IC2005,2020-04-01 09:33:36.000,4912.6000,4325,0,38351320.000,0,-,-,-,-,4912.8000,4912.6000,4910.6000,4910.0000,4909.6000,4919.0000,4920.2000,4922.0000,4924.2000,4928.0000,3,1,1,2,2,2,1,1,5,3
SF,IC2005,2020-04-01 09:33:36.500,4912.6000,4325,0,38351320.000,0,-,-,-,-,4912.8000,4912.6000,4910.6000,4910.0000,4909.6000,4917.8000,4918.2000,4918.4000,4918.8000,4919.0000,3,1,1,2,2,1,2,1,2,3
SF,IC2005,2020-04-01 09:33:37.000,4912.6000,4325,0,38351320.000,0,-,-,-,-,4912.8000,4912.6000,4910.6000,4910.0000,4909.6000,4917.6000,4918.2000,4918.4000,4919.0000,4919.2000,3,1,1,2,2,2,1,1,3,1
SF,IC2005,2020-04-01 09:33:39.000,4912.6000,4325,0,38351320.000,0,-,-,-,-,4913.0000,4912.8000,4912.6000,4910.0000,4909.6000,4917.6000,4918.2000,4918.4000,4919.0000,4919.2000,5,3,2,2,1,2,1,1,3,1
SF,IC2005,2020-04-01 09:33:39.500,4912.6000,4325,0,38351320.000,0,-,-,-,-,4913.4000,4913.2000,4913.0000,4912.8000,4912.6000,4917.6000,4918.2000,4918.4000,4919.0000,4919.2000,1,2,4,1,2,2,1,1,3,1
SF,IC2005,2020-04-01 09:33:40.000,4912.6000,4325,0,38351320.000,0,-,-,-,-,4913.6000,4913.4000,4913.2000,4913.0000,4912.8000,4917.6000,4918.2000,4918.4000,4919.0000,4919.2000,2,1,1,3,1,3,1,1,3,1
SF,IC2005,2020-04-01 09:33:40.500,4912.6000,4325,0,38351320.000,0,-,-,-,-,4913.8000,4913.6000,4913.4000,4913.0000,4912.6000,4917.6000,4918.2000,4918.4000,4919.0000,4919.2000,1,1,1,2,2,3,1,1,3,1
SF,IC2005,2020-04-01 09:33:41.000,4912.6000,4325,0,38351320.000,0,-,-,-,-,4914.0000,4913.8000,4913.4000,4913.0000,4912.6000,4917.6000,4918.2000,4918.4000,4919.0000,4919.2000,1,1,1,2,2,3,1,1,3,1
SF,IC2005,2020-04-01 09:33:42.000,4912.6000,4325,0,38351320.000,0,-,-,-,-,4914.2000,4914.0000,4913.4000,4913.0000,4912.6000,4917.6000,4918.2000,4918.4000,4919.0000,4919.2000,1,1,1,2,2,2,1,1,3,1
SF,IC2005,2020-04-01 09:33:42.500,4912.6000,4325,0,38351320.000,0,-,-,-,-,4914.4000,4914.2000,4913.4000,4913.0000,4912.6000,4917.6000,4918.2000,4918.4000,4919.0000,4919.2000,1,1,1,2,2,2,1,1,3,1
SF,IC2005,2020-04-01 09:33:44.000,4912.6000,4325,0,38351320.000,0,-,-,-,-,4914.6000,4914.4000,4913.0000,4912.6000,4910.0000,4917.6000,4918.2000,4919.0000,4919.2000,4922.0000,1,1,2,2,2,2,1,3,1,1
SF,IC2005,2020-04-01 09:33:44.500,4912.6000,4325,0,38351320.000,0,-,-,-,-,4914.8000,4914.6000,4913.0000,4912.6000,4910.0000,4917.6000,4918.2000,4919.0000,4919.2000,4922.0000,1,1,2,2,2,2,1,3,1,1
SF,IC2005,2020-04-01 09:33:45.000,4912.6000,4325,0,38351320.000,0,-,-,-,-,4915.0000,4914.8000,4913.0000,4912.6000,4910.0000,4917.6000,4919.0000,4922.0000,4924.2000,4928.0000,1,1,1,2,2,2,3,1,5,3
SF,IC2005,2020-04-01 09:33:45.500,4912.6000,4325,0,38351320.000,0,-,-,-,-,4915.2000,4912.6000,4910.0000,4909.6000,4908.8000,4917.6000,4919.0000,4919.8000,4922.0000,4924.2000,1,2,2,1,2,1,1,2,1,5
SF,IC2005,2020-04-01 09:33:46.500,4912.6000,4325,0,38351320.000,0,-,-,-,-,4915.2000,4912.6000,4910.0000,4908.8000,4908.4000,4917.6000,4919.0000,4919.8000,4922.0000,4924.2000,1,2,2,2,4,1,1,2,1,5
SF,IC2005,2020-04-01 09:33:48.500,4912.6000,4325,0,38351320.000,0,-,-,-,-,4915.4000,4915.2000,4912.6000,4910.0000,4908.8000,4917.6000,4919.0000,4922.0000,4924.2000,4928.0000,1,2,2,2,2,1,1,1,5,3
SF,IC2005,2020-04-01 09:33:49.000,4912.6000,4325,0,38351320.000,0,-,-,-,-,4915.6000,4915.4000,4915.2000,4912.6000,4910.0000,4919.0000,4922.0000,4924.2000,4928.0000,4939.6000,1,1,1,2,2,1,1,5,3,1
SF,IC2005,2020-04-01 09:33:49.500,4912.6000,4325,0,38351320.000,0,-,-,-,-,4915.8000,4915.6000,4915.2000,4912.6000,4910.0000,4918.8000,4919.0000,4922.0000,4924.2000,4928.0000,1,1,1,2,2,1,1,1,5,3
SF,IC2005,2020-04-01 09:33:50.000,4912.6000,4325,0,38351320.000,0,-,-,-,-,4915.8000,4915.6000,4915.2000,4912.6000,4910.0000,4918.8000,4919.0000,4922.0000,4924.2000,4928.0000,1,1,1,2,2,1,1,1,5,3
SF,IC2005,2020-04-01 09:33:50.500,4912.6000,4325,0,38351320.000,0,-,-,-,-,4916.0000,4915.8000,4915.2000,4912.6000,4910.0000,4918.8000,4919.0000,4922.0000,4924.2000,4928.0000,1,1,1,2,2,1,1,1,5,3
SF,IC2005,2020-04-01 09:33:51.000,4912.6000,4325,0,38351320.000,0,-,-,-,-,4916.2000,4916.0000,4915.2000,4912.6000,4910.0000,4918.8000,4919.0000,4922.0000,4924.2000,4928.0000,1,1,1,2,2,1,1,1,5,3
SF,IC2005,2020-04-01 09:33:51.500,4912.6000,4325,0,38351320.000,0,-,-,-,-,4916.4000,4916.2000,4915.2000,4912.6000,4910.0000,4918.8000,4919.0000,4922.0000,4924.2000,4928.0000,1,1,1,2,2,1,1,1,5,3
SF,IC2005,2020-04-01 09:33:53.500,4912.6000,4325,0,38351320.000,0,-,-,-,-,4916.4000,4915.2000,4912.6000,4910.0000,4908.8000,4918.8000,4919.0000,4922.0000,4924.2000,4928.0000,1,1,2,2,2,1,1,1,5,3
SF,IC2005,2020-04-01 09:33:54.000,4912.6000,4325,0,38351320.000,0,-,-,-,-,4915.2000,4912.6000,4910.0000,4908.8000,4908.4000,4918.8000,4919.0000,4922.0000,4924.2000,4928.0000,1,2,2,2,4,1,1,1,5,3
SF,IC2005,2020-04-01 09:33:54.500,4912.6000,4325,0,38351320.000,0,-,-,-,-,4915.4000,4915.2000,4912.6000,4910.0000,4908.8000,4918.6000,4918.8000,4919.0000,4922.0000,4924.2000,2,1,2,2,2,1,1,1,1,5
SF,IC2005,2020-04-01 09:33:55.000,4912.6000,4325,0,38351320.000,0,-,-,-,-,4915.4000,4915.2000,4912.6000,4910.0000,4908.8000,4918.4000,4918.6000,4919.0000,4922.0000,4924.2000,2,1,2,2,2,1,1,1,1,5
SF,IC2005,2020-04-01 09:33:55.500,4912.6000,4325,0,38351320.000,0,-,-,-,-,4915.4000,4915.2000,4912.6000,4910.0000,4908.8000,4918.4000,4918.6000,4919.0000,4922.0000,4924.2000,2,1,2,2,2,1,1,1,1,5
SF,IC2005,2020-04-01 09:33:56.000,4912.6000,4325,0,38351320.000,0,-,-,-,-,4915.4000,4915.2000,4912.6000,4910.0000,4908.8000,4918.4000,4918.6000,4919.0000,4922.0000,4924.2000,2,1,2,2,2,1,1,1,1,5
SF,IC2005,2020-04-01 09:33:56.500,4912.6000,4325,0,38351320.000,0,-,-,-,-,4915.4000,4915.2000,4912.6000,4910.0000,4908.8000,4918.4000,4918.6000,4919.0000,4922.0000,4924.2000,2,1,2,2,2,1,1,1,1,5
SF,IC2005,2020-04-01 09:33:57.000,4912.6000,4325,0,38351320.000,0,-,-,-,-,4915.4000,4915.2000,4912.6000,4910.0000,4908.8000,4918.4000,4918.6000,4922.0000,4924.2000,4928.0000,2,1,2,2,2,1,1,1,5,3
SF,IC2005,2020-04-01 09:33:57.500,4912.6000,4325,0,38351320.000,0,-,-,-,-,4915.4000,4915.2000,4912.6000,4910.0000,4908.8000,4918.4000,4922.0000,4924.2000,4928.0000,4939.6000,2,1,2,2,2,1,1,5,3,1
SF,IC2005,2020-04-01 09:33:58.000,4912.6000,4325,0,38351320.000,0,-,-,-,-,4915.4000,4915.2000,4912.6000,4910.0000,4908.8000,4918.4000,4922.0000,4924.2000,4928.0000,4939.6000,2,1,2,2,2,1,1,5,3,1
SF,IC2005,2020-04-01 09:33:58.500,4912.6000,4325,0,38351320.000,0,-,-,-,-,4915.4000,4915.2000,4912.6000,4910.0000,4908.8000,4918.4000,4922.0000,4924.2000,4928.0000,4939.6000,2,1,2,2,2,1,1,5,3,1
SF,IC2005,2020-04-01 09:33:59.000,4912.6000,4325,0,38351320.000,0,-,-,-,-,4915.4000,4915.2000,4912.6000,4910.0000,4908.8000,4918.4000,4922.0000,4924.2000,4928.0000,4939.6000,2,1,2,2,2,1,1,5,3,1
SF,IC2005,2020-04-01 09:33:59.500,4912.6000,4325,0,38351320.000,0,-,-,-,-,4915.4000,4915.2000,4912.6000,4910.0000,4908.8000,4918.4000,4922.0000,4924.2000,4928.0000,4939.6000,2,1,2,2,2,1,1,5,3,1
SF,IC2005,2020-04-01 09:34:00.000,4912.6000,4325,0,38351320.000,0,-,-,-,-,4915.6000,4915.4000,4915.2000,4912.6000,4910.0000,4918.4000,4922.0000,4924.2000,4928.0000,4939.6000,1,2,1,2,2,1,1,5,3,1
SF,IC2005,2020-04-01 09:34:00.500,4912.6000,4325,0,38351320.000,0,-,-,-,-,4915.8000,4915.6000,4915.4000,4915.2000,4912.6000,4918.4000,4922.0000,4924.2000,4928.0000,4939.6000,1,1,1,1,2,1,1,5,3,1
SF,IC2005,2020-04-01 09:34:04.000,4912.6000,4325,0,38351320.000,0,-,-,-,-,4916.0000,4915.8000,4915.6000,4912.6000,4910.0000,4918.4000,4922.0000,4924.2000,4928.0000,4939.6000,2,1,1,2,2,1,1,5,3,1
SF,IC2005,2020-04-01 09:34:04.500,4912.6000,4325,0,38351320.000,0,-,-,-,-,4916.2000,4916.0000,4912.6000,4910.0000,4908.8000,4922.0000,4924.2000,4928.0000,4939.6000,4957.6000,2,2,2,2,2,1,5,3,1,2
SF,IC2005,2020-04-01 09:34:05.000,4912.6000,4325,0,38351320.000,0,-,-,-,-,4916.4000,4916.2000,4916.0000,4912.6000,4910.0000,4921.2000,4921.8000,4922.0000,4924.2000,4928.0000,2,2,1,2,2,1,3,2,5,3
SF,IC2005,2020-04-01 09:34:05.500,4912.6000,4325,0,38351320.000,0,-,-,-,-,4916.6000,4916.4000,4916.2000,4916.0000,4912.6000,4920.8000,4921.0000,4921.2000,4921.8000,4922.0000,2,3,1,1,2,1,2,1,1,2
SF,IC2005,2020-04-01 09:34:06.000,4912.6000,4325,0,38351320.000,0,-,-,-,-,4916.8000,4916.6000,4916.4000,4916.2000,4916.0000,4920.6000,4921.2000,4922.0000,4924.2000,4928.0000,1,2,3,1,1,2,1,2,5,3
SF,IC2005,2020-04-01 09:34:06.500,4912.6000,4325,0,38351320.000,0,-,-,-,-,4917.0000,4916.8000,4916.6000,4916.4000,4916.2000,4920.6000,4922.0000,4924.2000,4928.0000,4939.6000,2,3,1,3,1,1,2,5,3,1
SF,IC2005,2020-04-01 09:34:07.000,4912.6000,4325,0,38351320.000,0,-,-,-,-,4917.2000,4917.0000,4916.8000,4916.6000,4916.4000,4920.6000,4922.0000,4928.0000,4930.0000,4939.6000,1,2,3,1,2,1,2,3,5,1
SF,IC2005,2020-04-01 09:34:07.500,4912.6000,4325,0,38351320.000,0,-,-,-,-,4917.6000,4917.4000,4917.2000,4917.0000,4916.8000,4922.0000,4928.0000,4930.0000,4939.6000,4957.6000,2,1,1,1,3,2,3,5,1,2
SF,IC2005,2020-04-01 09:34:08.000,4912.6000,4325,0,38351320.000,0,-,-,-,-,4917.8000,4917.6000,4917.2000,4917.0000,4916.8000,4921.8000,4922.0000,4928.0000,4930.0000,4939.6000,2,2,1,1,3,1,2,3,5,1
SF,IC2005,2020-04-01 09:34:08.500,4912.6000,4325,0,38351320.000,0,-,-,-,-,4917.8000,4917.6000,4917.2000,4917.0000,4916.8000,4921.8000,4922.0000,4928.0000,4930.0000,4939.6000,2,2,1,1,3,1,2,3,5,1
SF,IC2005,2020-04-01 09:34:09.000,4912.6000,4325,0,38351320.000,0,-,-,-,-,4918.0000,4917.8000,4917.6000,4917.2000,4916.8000,4921.6000,4921.8000,4922.0000,4928.0000,4930.0000,1,2,2,1,2,1,1,2,3,5
SF,IC2005,2020-04-01 09:34:09.500,4912.6000,4325,0,38351320.000,0,-,-,-,-,4918.2000,4918.0000,4917.8000,4917.6000,4917.2000,4921.4000,4921.6000,4922.0000,4928.0000,4930.0000,2,1,1,2,1,1,1,1,3,5
SF,IC2005,2020-04-01 09:34:10.000,4912.6000,4325,0,38351320.000,0,-,-,-,-,4918.4000,4918.2000,4917.8000,4917.6000,4917.2000,4921.4000,4922.0000,4928.0000,4930.0000,4939.6000,1,4,1,2,1,1,1,3,5,1
SF,IC2005,2020-04-01 09:34:10.500,4912.6000,4325,0,38351320.000,0,-,-,-,-,4918.8000,4918.6000,4918.4000,4918.2000,4917.8000,4921.4000,4922.0000,4928.0000,4930.0000,4939.6000,1,2,2,3,1,1,1,3,5,1
SF,IC2005,2020-04-01 09:34:11.000,4912.6000,4325,0,38351320.000,0,-,-,-,-,4919.0000,4918.8000,4918.6000,4918.4000,4918.2000,4922.0000,4928.0000,4930.0000,4939.6000,4957.6000,3,1,1,1,2,1,3,5,1,2
SF,IC2005,2020-04-01 09:34:11.500,4912.6000,4325,0,38351320.000,0,-,-,-,-,4919.2000,4919.0000,4918.8000,4918.6000,4918.4000,4921.8000,4922.0000,4928.0000,4930.0000,4939.6000,1,3,1,1,1,1,1,3,5,1
SF,IC2005,2020-04-01 09:34:12.000,4912.6000,4325,0,38351320.000,0,-,-,-,-,4919.4000,4919.2000,4919.0000,4918.8000,4918.6000,4921.8000,4922.0000,4928.0000,4930.0000,4939.6000,1,1,2,1,1,1,1,3,5,1
SF,IC2005,2020-04-01 09:34:12.500,4912.6000,4325,0,38351320.000,0,-,-,-,-,4919.4000,4919.2000,4919.0000,4918.8000,4918.6000,4921.8000,4922.0000,4928.0000,4930.0000,4939.6000,1,1,2,1,1,1,1,3,5,1
SF,IC2005,2020-04-01 09:34:13.000,4912.6000,4325,0,38351320.000,0,-,-,-,-,4919.4000,4919.2000,4919.0000,4918.8000,4918.6000,4922.0000,4928.0000,4930.0000,4939.6000,4957.6000,1,1,2,1,1,1,3,5,1,2
SF,IC2005,2020-04-01 09:34:13.500,4912.6000,4325,0,38351320.000,0,-,-,-,-,4919.6000,4919.4000,4919.2000,4919.0000,4918.8000,4922.0000,4928.0000,4930.0000,4939.6000,4957.6000,2,1,1,1,1,1,3,5,1,2
SF,IC2005,2020-04-01 09:34:14.000,4912.6000,4325,0,38351320.000,0,-,-,-,-,4920.0000,4919.8000,4919.6000,4919.2000,4919.0000,4922.0000,4928.0000,4930.0000,4939.6000,4957.6000,1,1,2,1,1,1,3,5,1,2
SF,IC2005,2020-04-01 09:34:14.500,4912.6000,4325,0,38351320.000,0,-,-,-,-,4920.2000,4920.0000,4919.6000,4919.2000,4919.0000,4922.0000,4928.0000,4930.0000,4939.6000,4957.6000,2,1,1,1,1,1,3,5,1,2
SF,IC2005,2020-04-01 09:34:15.000,4912.6000,4325,0,38351320.000,0,-,-,-,-,4920.2000,4920.0000,4919.6000,4919.0000,4918.6000,4922.0000,4928.0000,4930.0000,4939.6000,4957.6000,2,1,1,1,1,1,3,5,1,2
SF,IC2005,2020-04-01 09:34:15.500,4912.6000,4325,0,38351320.000,0,-,-,-,-,4920.2000,4920.0000,4919.6000,4919.0000,4918.6000,4922.0000,4928.0000,4930.0000,4939.6000,4957.6000,2,1,1,1,1,1,3,5,1,2
SF,IC2005,2020-04-01 09:34:16.000,4912.6000,4325,0,38351320.000,0,-,-,-,-,4920.2000,4920.0000,4919.6000,4919.0000,4918.6000,4922.0000,4928.0000,4930.0000,4939.6000,4957.6000,2,1,1,1,1,1,3,5,1,2
SF,IC2005,2020-04-01 09:34:16.500,4912.6000,4325,0,38351320.000,0,-,-,-,-,4920.2000,4920.0000,4919.6000,4919.0000,4918.6000,4922.0000,4928.0000,4930.0000,4939.6000,4957.6000,2,1,1,1,1,1,3,5,1,2
SF,IC2005,2020-04-01 09:34:17.000,4920.2000,4324,-1,39335360.000,1,0,1,双平,S,4920.0000,4919.6000,4919.0000,4918.6000,4918.4000,4922.0000,4928.0000,4930.0000,4939.6000,4957.6000,1,1,1,1,1,1,3,5,1,2
SF,IC2005,2020-04-01 09:34:17.500,4920.2000,4323,-1,40319400.000,1,0,1,双平,S,4920.0000,4919.6000,4919.0000,4918.6000,4918.4000,4921.8000,4922.0000,4928.0000,4930.0000,4939.6000,1,1,1,1,1,1,1,3,5,1
SF,IC2005,2020-04-01 09:34:18.000,4920.0000,4322,-1,41303400.000,1,0,1,双平,S,4919.0000,4917.8000,4917.2000,4916.4000,4912.6000,4921.8000,4922.0000,4928.0000,4930.0000,4939.6000,1,1,1,1,6,1,1,3,5,1
SF,IC2005,2020-04-01 09:34:18.500,4920.0000,4322,0,41303400.000,0,-,-,-,-,4917.8000,4917.2000,4916.4000,4912.6000,4910.0000,4921.8000,4922.0000,4928.0000,4930.0000,4939.6000,1,1,1,6,2,1,1,3,5,1
SF,IC2005,2020-04-01 09:34:19.000,4920.0000,4322,0,41303400.000,0,-,-,-,-,4918.0000,4917.8000,4917.2000,4916.4000,4912.6000,4921.6000,4921.8000,4922.0000,4928.0000,4930.0000,5,1,1,1,6,2,1,1,3,5
SF,IC2005,2020-04-01 09:34:19.500,4920.0000,4322,0,41303400.000,0,-,-,-,-,4918.0000,4917.8000,4917.2000,4916.4000,4912.6000,4921.4000,4921.6000,4922.0000,4928.0000,4930.0000,5,1,1,1,6,1,2,1,3,5
SF,IC2005,2020-04-01 09:34:20.000,4920.0000,4322,0,41303400.000,0,-,-,-,-,4918.0000,4917.8000,4917.2000,4916.4000,4912.6000,4921.2000,4921.4000,4921.6000,4922.0000,4928.0000,5,1,1,1,6,1,1,1,1,3
SF,IC2005,2020-04-01 09:34:20.500,4920.0000,4322,0,41303400.000,0,-,-,-,-,4918.0000,4917.2000,4916.4000,4912.6000,4910.0000,4921.0000,4921.2000,4921.6000,4922.0000,4928.0000,5,1,1,6,2,1,1,1,1,3
SF,IC2005,2020-04-01 09:34:21.000,4920.0000,4322,0,41303400.000,0,-,-,-,-,4918.0000,4917.2000,4916.4000,4912.6000,4910.0000,4921.0000,4921.2000,4921.6000,4922.0000,4928.0000,5,1,1,6,2,1,1,1,1,3
SF,IC2005,2020-04-01 09:34:21.500,4920.0000,4322,0,41303400.000,0,-,-,-,-,4918.2000,4918.0000,4917.2000,4916.4000,4912.6000,4921.0000,4921.2000,4921.6000,4922.0000,4928.0000,1,5,1,1,6,1,1,1,1,3
SF,IC2005,2020-04-01 09:34:22.000,4920.0000,4322,0,41303400.000,0,-,-,-,-,4918.4000,4918.2000,4918.0000,4917.2000,4916.4000,4921.0000,4922.0000,4928.0000,4930.0000,4939.6000,5,1,3,1,1,1,1,3,5,1
SF,IC2005,2020-04-01 09:34:22.500,4921.0000,4321,-1,42287600.000,1,0,1,双平,S,4918.4000,4918.0000,4917.2000,4916.4000,4912.6000,4922.0000,4928.0000,4930.0000,4939.6000,4957.6000,5,2,1,1,6,1,3,5,1,2
SF,IC2005,2020-04-01 09:34:23.000,4921.0000,4321,0,42287600.000,0,-,-,-,-,4919.2000,4919.0000,4918.4000,4918.0000,4917.2000,4922.0000,4928.0000,4930.0000,4939.6000,4957.6000,1,1,5,2,1,1,3,5,1,2
SF,IC2005,2020-04-01 09:34:23.500,4921.0000,4321,0,42287600.000,0,-,-,-,-,4919.8000,4919.4000,4919.2000,4919.0000,4918.4000,4922.0000,4928.0000,4930.0000,4939.6000,4957.6000,1,3,2,1,4,1,3,5,1,2
SF,IC2005,2020-04-01 09:34:24.000,4922.0000,4320,-1,43272000.000,1,0,1,双平,S,4920.0000,4919.2000,4918.4000,4918.0000,4917.2000,4928.0000,4930.0000,4939.6000,4957.6000,4990.0000,1,1,4,2,1,3,5,1,2,1
SF,IC2005,2020-04-01 09:34:24.500,4920.2000,4321,1,44256040.000,1,1,0,双开,S,4920.2000,4920.0000,4918.4000,4918.0000,4917.2000,4925.0000,4925.8000,4926.0000,4926.2000,4926.6000,2,1,4,1,1,1,1,1,1,2
SF,IC2005,2020-04-01 09:34:25.000,4920.2000,4321,0,44256040.000,0,-,-,-,-,4920.4000,4920.2000,4918.4000,4918.0000,4917.2000,4924.8000,4925.0000,4925.8000,4926.2000,4926.6000,2,2,3,1,1,2,1,1,1,2
SF,IC2005,2020-04-01 09:34:25.500,4920.2000,4321,0,44256040.000,0,-,-,-,-,4920.4000,4920.2000,4918.4000,4918.0000,4917.2000,4924.4000,4924.6000,4924.8000,4925.8000,4926.2000,2,2,3,1,1,1,2,2,1,1
SF,IC2005,2020-04-01 09:34:26.000,4920.2000,4321,0,44256040.000,0,-,-,-,-,4920.4000,4920.2000,4918.4000,4918.0000,4917.2000,4924.2000,4924.8000,4925.8000,4926.2000,4926.6000,2,2,3,1,1,2,1,1,1,2
SF,IC2005,2020-04-01 09:34:27.500,4920.2000,4321,0,44256040.000,0,-,-,-,-,4920.8000,4920.6000,4920.4000,4920.2000,4918.4000,4924.2000,4924.8000,4925.8000,4926.2000,4926.6000,1,1,4,2,3,2,1,1,1,2
SF,IC2005,2020-04-01 09:34:28.000,4920.2000,4321,0,44256040.000,0,-,-,-,-,4921.0000,4920.8000,4920.6000,4920.4000,4920.2000,4924.2000,4924.8000,4925.8000,4926.2000,4926.6000,2,1,1,2,2,1,1,1,1,2
SF,IC2005,2020-04-01 09:34:28.500,4920.2000,4321,0,44256040.000,0,-,-,-,-,4921.0000,4920.8000,4920.6000,4920.4000,4920.2000,4924.2000,4924.8000,4926.2000,4926.6000,4927.0000,2,1,1,2,1,1,1,1,1,1
SF,IC2005,2020-04-01 09:34:29.000,4920.2000,4321,0,44256040.000,0,-,-,-,-,4921.2000,4921.0000,4920.8000,4920.6000,4920.4000,4924.2000,4924.8000,4926.2000,4926.6000,4927.0000,1,2,1,1,2,1,1,1,1,1
SF,IC2005,2020-04-01 09:34:29.500,4920.2000,4321,0,44256040.000,0,-,-,-,-,4921.4000,4921.2000,4920.8000,4920.6000,4920.4000,4924.2000,4924.8000,4926.2000,4926.6000,4927.0000,2,1,1,1,2,1,1,1,1,1
SF,IC2005,2020-04-01 09:34:30.000,4920.2000,4321,0,44256040.000,0,-,-,-,-,4921.4000,4920.8000,4920.6000,4920.4000,4920.2000,4924.2000,4924.8000,4927.6000,4927.8000,4928.0000,2,1,1,2,1,1,1,1,2,2
SF,IC2005,2020-04-01 09:34:30.500,4920.2000,4321,0,44256040.000,0,-,-,-,-,4921.8000,4921.4000,4920.8000,4920.6000,4920.4000,4924.2000,4924.8000,4927.6000,4927.8000,4928.0000,1,2,1,1,1,1,1,1,2,2
SF,IC2005,2020-04-01 09:34:31.000,4920.2000,4321,0,44256040.000,0,-,-,-,-,4922.0000,4921.8000,4921.4000,4920.8000,4920.6000,4924.2000,4924.8000,4927.6000,4927.8000,4928.0000,1,1,1,1,1,1,1,1,1,2
SF,IC2005,2020-04-01 09:34:31.500,4920.2000,4321,0,44256040.000,0,-,-,-,-,4922.0000,4921.8000,4921.4000,4920.8000,4920.2000,4924.2000,4924.8000,4927.6000,4927.8000,4928.0000,1,1,1,1,1,1,1,1,1,2
SF,IC2005,2020-04-01 09:34:32.000,4920.2000,4321,0,44256040.000,0,-,-,-,-,4922.0000,4921.8000,4921.4000,4920.8000,4920.2000,4924.2000,4924.8000,4927.6000,4927.8000,4928.0000,1,1,1,1,1,1,1,1,1,2
SF,IC2005,2020-04-01 09:34:33.000,4924.2000,4320,-1,45240880.000,1,0,1,双平,S,4922.4000,4922.2000,4922.0000,4921.8000,4920.2000,4924.8000,4927.6000,4927.8000,4928.0000,4930.0000,2,4,1,2,1,1,1,1,1,5
SF,IC2005,2020-04-01 09:34:33.500,4924.2000,4320,0,45240880.000,0,-,-,-,-,4923.0000,4922.6000,4922.4000,4922.2000,4921.8000,4927.6000,4927.8000,4928.0000,4930.0000,4931.4000,1,3,2,3,1,1,1,1,5,3
SF,IC2005,2020-04-01 09:34:34.000,4924.2000,4320,0,45240880.000,0,-,-,-,-,4923.2000,4922.6000,4922.4000,4922.2000,4918.4000,4927.2000,4927.4000,4927.6000,4927.8000,4928.0000,1,2,2,1,3,1,2,1,1,1
SF,IC2005,2020-04-01 09:34:34.500,4924.2000,4320,0,45240880.000,0,-,-,-,-,4923.2000,4922.4000,4918.4000,4917.2000,4912.6000,4927.0000,4927.2000,4927.6000,4927.8000,4928.0000,1,2,3,1,5,2,1,1,1,1
SF,IC2005,2020-04-01 09:34:35.000,4924.2000,4320,0,45240880.000,0,-,-,-,-,4923.2000,4922.4000,4918.4000,4917.2000,4912.6000,4926.4000,4926.8000,4927.0000,4927.6000,4927.8000,1,2,3,1,5,1,1,2,1,1
SF,IC2005,2020-04-01 09:34:35.500,4924.2000,4320,0,45240880.000,0,-,-,-,-,4922.4000,4918.4000,4917.2000,4912.6000,4910.0000,4926.2000,4926.4000,4926.6000,4926.8000,4927.6000,2,3,1,5,2,4,1,1,1,1
SF,IC2005,2020-04-01 09:34:36.000,4924.2000,4320,0,45240880.000,0,-,-,-,-,4922.4000,4918.4000,4917.2000,4912.6000,4910.0000,4926.0000,4926.2000,4926.6000,4927.6000,4927.8000,2,3,1,5,2,2,4,1,1,1
SF,IC2005,2020-04-01 09:34:36.500,4924.2000,4320,0,45240880.000,0,-,-,-,-,4918.4000,4917.2000,4912.6000,4910.0000,4908.8000,4925.8000,4926.0000,4926.6000,4927.6000,4927.8000,3,1,5,2,2,4,2,1,1,1
SF,IC2005,2020-04-01 09:34:37.000,4924.2000,4320,0,45240880.000,0,-,-,-,-,4922.0000,4920.2000,4920.0000,4919.8000,4919.2000,4925.6000,4925.8000,4926.6000,4927.6000,4927.8000,1,1,1,2,2,2,4,1,1,1
SF,IC2005,2020-04-01 09:34:37.500,4924.2000,4320,0,45240880.000,0,-,-,-,-,4922.2000,4922.0000,4920.2000,4920.0000,4919.8000,4925.4000,4925.6000,4925.8000,4926.6000,4927.6000,1,1,1,1,2,2,2,2,1,1
SF,IC2005,2020-04-01 09:34:38.000,4924.2000,4320,0,45240880.000,0,-,-,-,-,4922.2000,4922.0000,4920.2000,4920.0000,4919.8000,4925.4000,4925.6000,4925.8000,4926.6000,4927.6000,1,1,1,1,2,2,1,2,1,1
SF,IC2005,2020-04-01 09:34:38.500,4924.2000,4320,0,45240880.000,0,-,-,-,-,4922.2000,4922.0000,4920.2000,4920.0000,4919.8000,4925.4000,4925.6000,4925.8000,4927.6000,4927.8000,1,1,1,1,2,2,1,1,1,1
SF,IC2005,2020-04-01 09:34:39.000,4924.2000,4320,0,45240880.000,0,-,-,-,-,4922.2000,4920.2000,4920.0000,4919.8000,4919.2000,4925.4000,4925.8000,4927.6000,4927.8000,4928.0000,1,1,1,2,2,1,1,1,1,1
SF,IC2005,2020-04-01 09:34:40.000,4924.2000,4320,0,45240880.000,0,-,-,-,-,4923.0000,4922.4000,4922.2000,4920.2000,4920.0000,4925.4000,4925.8000,4927.6000,4927.8000,4928.0000,1,4,1,1,1,1,1,1,1,1
SF,IC2005,2020-04-01 09:34:40.500,4924.2000,4320,0,45240880.000,0,-,-,-,-,4923.2000,4923.0000,4922.4000,4920.2000,4920.0000,4925.8000,4927.6000,4927.8000,4928.0000,4930.0000,2,1,3,1,1,1,1,1,1,5
SF,IC2005,2020-04-01 09:34:41.000,4924.2000,4320,0,45240880.000,0,-,-,-,-,4923.2000,4923.0000,4922.4000,4920.2000,4920.0000,4927.8000,4928.0000,4930.0000,4931.4000,4939.6000,2,1,3,1,1,1,1,5,3,1
SF,IC2005,2020-04-01 09:34:41.500,4924.2000,4320,0,45240880.000,0,-,-,-,-,4923.4000,4923.2000,4923.0000,4922.4000,4920.2000,4927.6000,4927.8000,4928.0000,4930.0000,4931.4000,2,3,1,3,1,2,1,1,5,3
SF,IC2005,2020-04-01 09:34:42.000,4924.2000,4320,0,45240880.000,0,-,-,-,-,4923.6000,4923.4000,4923.2000,4923.0000,4922.4000,4927.6000,4927.8000,4928.0000,4930.0000,4934.6000,1,2,2,1,3,2,1,1,5,3
SF,IC2005,2020-04-01 09:34:42.500,4924.2000,4320,0,45240880.000,0,-,-,-,-,4923.8000,4923.6000,4923.4000,4923.2000,4923.0000,4927.2000,4927.6000,4927.8000,4928.0000,4930.0000,1,1,1,1,1,1,2,1,1,5
SF,IC2005,2020-04-01 09:34:43.000,4923.6000,4319,-1,46225600.000,1,0,1,双平,S,4920.2000,4920.0000,4919.8000,4919.2000,4919.0000,4927.0000,4927.2000,4927.8000,4928.0000,4930.0000,1,1,1,1,2,2,1,1,1,5
SF,IC2005,2020-04-01 09:34:43.500,4923.6000,4319,0,46225600.000,0,-,-,-,-,4921.0000,4920.4000,4920.2000,4920.0000,4919.8000,4926.0000,4926.6000,4926.8000,4927.0000,4927.8000,1,5,1,1,1,1,2,2,3,1
SF,IC2005,2020-04-01 09:34:44.000,4923.6000,4319,0,46225600.000,0,-,-,-,-,4921.2000,4921.0000,4920.4000,4920.0000,4919.8000,4925.8000,4926.0000,4926.6000,4926.8000,4927.0000,2,1,3,1,1,2,2,2,1,1
SF,IC2005,2020-04-01 09:34:44.500,4923.6000,4319,0,46225600.000,0,-,-,-,-,4921.2000,4921.0000,4920.4000,4920.0000,4919.8000,4925.8000,4926.6000,4926.8000,4927.0000,4927.8000,2,1,3,1,1,2,2,1,1,1
SF,IC2005,2020-04-01 09:34:45.000,4923.6000,4319,0,46225600.000,0,-,-,-,-,4921.4000,4921.2000,4921.0000,4920.4000,4920.0000,4925.6000,4925.8000,4926.6000,4927.0000,4927.8000,1,2,1,3,1,2,2,2,1,1
SF,IC2005,2020-04-01 09:34:45.500,4925.4000,4319,0,47210680.000,1,0,1,多换,S,4921.6000,4921.4000,4921.2000,4921.0000,4920.4000,4925.4000,4925.6000,4926.6000,4927.0000,4927.8000,1,1,1,1,3,1,2,2,1,1
SF,IC2005,2020-04-01 09:34:46.000,4925.4000,4319,0,47210680.000,0,-,-,-,-,4921.8000,4921.6000,4921.4000,4921.0000,4920.4000,4925.4000,4925.6000,4926.6000,4927.0000,4927.8000,1,1,1,1,2,1,2,2,1,1
SF,IC2005,2020-04-01 09:34:46.500,4925.4000,4319,0,47210680.000,0,-,-,-,-,4922.0000,4921.4000,4921.0000,4920.4000,4920.0000,4925.4000,4925.6000,4926.6000,4927.0000,4927.8000,1,1,1,2,1,1,2,2,1,1
SF,IC2005,2020-04-01 09:34:47.000,4925.4000,4319,0,47210680.000,0,-,-,-,-,4922.0000,4921.4000,4921.0000,4920.4000,4920.0000,4925.4000,4925.6000,4926.6000,4927.0000,4927.8000,1,1,1,2,1,1,1,2,1,1
SF,IC2005,2020-04-01 09:34:47.500,4925.4000,4319,0,47210680.000,0,-,-,-,-,4921.4000,4921.0000,4920.4000,4920.0000,4919.2000,4925.4000,4925.6000,4926.6000,4927.0000,4927.8000,1,1,1,1,1,2,1,2,1,1
SF,IC2005,2020-04-01 09:34:48.000,4921.4000,4319,0,48194960.000,1,0,1,多换,S,4918.6000,4918.4000,4917.2000,4912.6000,4910.0000,4924.8000,4925.0000,4925.2000,4925.4000,4926.6000,2,3,1,5,2,1,1,4,2,2
SF,IC2005,2020-04-01 09:34:48.500,4921.4000,4319,0,48194960.000,0,-,-,-,-,4920.0000,4918.8000,4918.6000,4918.4000,4917.2000,4924.2000,4924.6000,4924.8000,4925.0000,4926.6000,1,7,2,3,1,1,5,1,1,2
SF,IC2005,2020-04-01 09:34:49.000,4921.4000,4319,0,48194960.000,0,-,-,-,-,4920.2000,4918.8000,4918.6000,4918.4000,4917.2000,4924.0000,4924.2000,4924.6000,4925.0000,4926.6000,1,5,1,3,1,3,2,1,1,2
SF,IC2005,2020-04-01 09:34:49.500,4921.4000,4319,0,48194960.000,0,-,-,-,-,4920.2000,4918.8000,4918.6000,4918.4000,4917.2000,4923.4000,4923.8000,4924.0000,4924.6000,4925.0000,1,5,1,3,1,1,1,3,1,1
SF,IC2005,2020-04-01 09:34:50.000,4921.4000,4319,0,48194960.000,0,-,-,-,-,4920.6000,4920.4000,4920.2000,4918.8000,4918.6000,4923.2000,4924.0000,4924.6000,4925.0000,4926.6000,1,2,1,4,1,3,1,1,1,2
SF,IC2005,2020-04-01 09:34:50.500,4921.4000,4319,0,48194960.000,0,-,-,-,-,4920.8000,4920.6000,4920.4000,4918.8000,4918.6000,4923.2000,4924.0000,4925.0000,4926.6000,4927.0000,1,1,2,4,1,1,1,1,2,1
SF,IC2005,2020-04-01 09:34:51.000,4921.4000,4319,0,48194960.000,0,-,-,-,-,4921.0000,4920.8000,4920.6000,4920.4000,4918.8000,4923.2000,4924.0000,4926.6000,4927.0000,4927.8000,2,1,1,1,4,1,1,2,1,1
SF,IC2005,2020-04-01 09:34:51.500,4923.2000,4318,-1,49179600.000,1,0,1,双平,S,4923.4000,4921.0000,4920.6000,4920.4000,4918.8000,4924.0000,4926.6000,4927.0000,4927.8000,4928.0000,1,2,1,1,4,1,2,1,1,1
SF,IC2005,2020-04-01 09:34:52.000,4924.0000,4317,-1,50164400.000,1,0,1,双平,S,4921.0000,4920.6000,4918.8000,4918.6000,4918.4000,4927.8000,4928.0000,4929.2000,4930.0000,4939.6000,1,1,4,1,3,1,1,3,5,1
SF,IC2005,2020-04-01 09:34:52.500,4924.0000,4317,0,50164400.000,0,-,-,-,-,4921.8000,4921.6000,4921.4000,4921.2000,4921.0000,4926.6000,4927.2000,4927.4000,4927.6000,4927.8000,1,1,1,7,2,1,1,1,1,1
SF,IC2005,2020-04-01 09:34:53.000,4924.0000,4317,0,50164400.000,0,-,-,-,-,4922.8000,4922.0000,4921.8000,4921.6000,4921.2000,4926.4000,4926.6000,4927.4000,4927.8000,4928.0000,1,6,1,1,5,1,1,1,1,1
SF,IC2005,2020-04-01 09:34:53.500,4924.0000,4317,0,50164400.000,0,-,-,-,-,4923.0000,4922.2000,4921.6000,4918.8000,4918.6000,4926.4000,4927.4000,4927.8000,4928.0000,4929.2000,1,1,1,4,1,1,1,1,1,3
SF,IC2005,2020-04-01 09:34:54.000,4924.0000,4317,0,50164400.000,0,-,-,-,-,4922.2000,4921.6000,4918.8000,4918.6000,4918.4000,4926.4000,4926.6000,4927.4000,4927.8000,4928.0000,1,1,4,1,3,2,2,1,1,1
SF,IC2005,2020-04-01 09:34:54.500,4924.0000,4317,0,50164400.000,0,-,-,-,-,4922.2000,4918.8000,4918.6000,4918.4000,4917.2000,4926.0000,4926.2000,4926.4000,4926.6000,4927.4000,1,4,1,3,1,3,3,2,2,1
SF,IC2005,2020-04-01 09:34:55.000,4922.2000,4317,0,51148840.000,1,0,1,多换,S,4918.8000,4918.6000,4918.4000,4917.2000,4912.6000,4922.2000,4925.6000,4925.8000,4926.0000,4926.6000,4,1,3,1,5,1,1,4,2,2
SF,IC2005,2020-04-01 09:34:55.500,4922.2000,4317,0,51148840.000,0,-,-,-,-,4919.4000,4919.2000,4919.0000,4918.8000,4918.6000,4922.0000,4922.2000,4925.6000,4925.8000,4926.0000,1,1,3,4,1,1,1,1,3,2
SF,IC2005,2020-04-01 09:34:56.000,4922.2000,4317,0,51148840.000,0,-,-,-,-,4919.6000,4919.4000,4919.2000,4919.0000,4918.8000,4922.2000,4925.6000,4925.8000,4926.0000,4926.6000,2,1,1,1,4,1,1,3,2,2
