市场代码,合约代码,时间,最新,持仓,增仓,成交额,成交量,开仓,平仓,成交类型,方向,买一价,买二价,买三价,买四价,买五价,卖一价,卖二价,卖三价,卖四价,卖五价,买一量,买二量,买三量,买四量,买五量,卖一量,卖二量,卖三量,卖四量,卖五量
SF,IC2003,2019-12-13 09:29:00.100,4998.2000,46663,0,31988480.000,32.000,-,-,-,-,4998.0000,4995.8000,4993.0000,4990.2000,4990.0000,4999.0000,4999.8000,5000.0000,5000.2000,5001.6000,1,5,1,1,1,1,4,7,1,1
SF,IC2003,2019-12-13 09:30:00.100,4999.8000,46659,-4,49981920.000,18,7,11,多平,S,4999.6000,4999.0000,4996.4000,4995.8000,4993.0000,4999.8000,5000.0000,5000.2000,5001.6000,5002.2000,9,4,1,5,1,3,7,1,1,6
SF,IC2003,2019-12-13 09:30:00.600,5000.0000,46648,-11,67981200.000,18,3,15,多平,S,4999.8000,4999.6000,4999.0000,4998.4000,4998.2000,5000.0000,5000.2000,5001.6000,5002.2000,5003.8000,24,5,13,4,3,1,1,1,6,1
SF,IC2003,2019-12-13 09:30:01.100,5000.0000,46639,-9,78982440.000,11,1,10,多平,S,5000.0000,4999.8000,4999.6000,4999.0000,4998.6000,5002.2000,5003.8000,5004.2000,5005.0000,5008.0000,14,30,5,13,1,2,1,1,13,2
SF,IC2003,2019-12-13 09:30:01.600,5001.4000,46637,-2,86984680.000,8,3,5,多平,S,5003.0000,5002.2000,5001.4000,5000.2000,5000.0000,5003.4000,5003.8000,5004.2000,5005.0000,5008.0000,4,4,3,1,11,2,1,1,13,2
SF,IC2003,2019-12-13 09:30:02.100,5003.0000,46631,-6,118998400.000,32,13,19,多平,S,5000.0000,4999.8000,4999.6000,4999.0000,4998.0000,5003.2000,5003.8000,5004.2000,5005.0000,5008.0000,7,27,5,19,1,3,1,1,13,2
SF,IC2003,2019-12-13 09:30:02.600,5003.0000,46625,-6,131003640.000,12,3,9,多平,S,5002.2000,5001.8000,5000.0000,4999.8000,4999.6000,5003.0000,5003.2000,5003.8000,5004.0000,5004.2000,4,2,5,27,5,4,3,1,2,1
SF,IC2003,2019-12-13 09:30:03.100,5003.0000,46623,-2,141009120.000,10,4,6,多平,S,5002.2000,5001.8000,5000.0000,4999.8000,4999.6000,5002.8000,5003.4000,5003.8000,5004.0000,5004.2000,3,2,5,27,5,1,1,1,2,1
SF,IC2003,2019-12-13 09:30:03.600,5003.4000,46620,-3,145011360.000,4,0,4,多平,S,5003.2000,5002.2000,5001.8000,5000.0000,4999.8000,5003.8000,5004.0000,5004.2000,5005.0000,5008.0000,3,2,2,5,27,1,2,1,13,2
SF,IC2003,2019-12-13 09:30:04.100,5003.8000,46620,0,147012760.000,2,1,1,多换,S,5003.8000,5003.2000,5003.0000,5002.8000,5002.2000,5004.0000,5004.2000,5005.0000,5008.0000,5008.4000,1,3,2,10,2,2,1,13,2,1
SF,IC2003,2019-12-13 09:30:04.600,5004.2000,46618,-2,151016040.000,4,1,3,多平,S,5004.0000,5003.8000,5003.4000,5003.2000,5003.0000,5005.0000,5008.0000,5008.4000,5008.8000,5009.0000,3,3,1,4,2,1,2,1,5,1
SF,IC2003,2019-12-13 09:30:05.100,5005.2000,46617,-1,155019920.000,4,1,3,多平,S,5006.4000,5004.0000,5003.8000,5003.4000,5003.2000,5008.0000,5008.4000,5008.6000,5008.8000,5009.0000,3,5,3,1,4,2,1,3,5,1
SF,IC2003,2019-12-13 09:30:05.600,5008.0000,46613,-4,165033840.000,10,3,7,多平,S,5004.0000,5003.8000,5003.4000,5003.2000,5003.0000,5008.0000,5008.4000,5008.6000,5008.8000,5009.0000,4,3,1,4,2,1,1,3,5,1
SF,IC2003,2019-12-13 09:30:06.100,5004.0000,46605,-8,174041840.000,9,0,9,多平,S,5004.0000,5003.8000,5003.4000,5003.2000,5003.0000,5007.8000,5008.0000,5008.4000,5008.6000,5008.8000,4,4,1,4,4,2,1,1,3,5
SF,IC2003,2019-12-13 09:30:06.600,5008.0000,46601,-4,179049600.000,5,0,5,多平,S,5008.2000,5005.0000,5004.2000,5004.0000,5003.8000,5008.4000,5008.6000,5008.8000,5009.0000,5009.8000,10,2,8,4,7,1,3,5,1,4
SF,IC2003,2019-12-13 09:30:07.100,5008.0000,46600,-1,190067480.000,11,5,6,多平,S,5005.0000,5004.2000,5004.0000,5003.8000,5003.4000,5006.0000,5006.2000,5006.8000,5008.0000,5008.2000,2,2,5,7,1,3,2,2,1,1
SF,IC2003,2019-12-13 09:30:07.600,5008.0000,46599,-1,194072760.000,4,1,3,多平,S,5005.0000,5004.6000,5004.2000,5004.0000,5003.8000,5008.2000,5008.4000,5008.6000,5008.8000,5009.0000,2,1,1,5,7,3,2,3,5,1
SF,IC2003,2019-12-13 09:30:08.100,5005.2000,46595,-4,198077720.000,4,0,4,双平,S,5007.8000,5005.2000,5005.0000,5004.6000,5004.0000,5008.0000,5008.2000,5008.4000,5008.6000,5008.8000,1,1,2,1,5,2,2,2,3,5
SF,IC2003,2019-12-13 09:30:08.600,5007.8000,46594,-1,203085520.000,5,2,3,多平,S,5005.2000,5005.0000,5004.0000,5003.8000,5003.4000,5007.8000,5008.2000,5008.4000,5008.6000,5008.8000,1,3,5,7,1,2,2,2,3,5
SF,IC2003,2019-12-13 09:30:09.100,5005.4000,46593,-1,204086600.000,1,0,1,双平,S,5005.4000,5005.2000,5005.0000,5004.0000,5003.8000,5007.6000,5008.2000,5008.4000,5008.6000,5008.8000,1,1,3,5,7,2,2,2,3,5
SF,IC2003,2019-12-13 09:30:09.600,5005.6000,46591,-2,209094000.000,5,1,4,多平,S,5005.6000,5005.4000,5005.2000,5005.0000,5004.0000,5007.6000,5008.4000,5008.6000,5008.8000,5009.0000,4,1,1,3,5,11,2,3,5,1
SF,IC2003,2019-12-13 09:30:10.100,5007.6000,46592,1,222111480.000,13,7,6,空开,S,5005.0000,5004.0000,5003.8000,5003.2000,5003.0000,5007.6000,5008.4000,5008.6000,5008.8000,5009.0000,2,5,6,4,6,8,2,3,5,1
SF,IC2003,2019-12-13 09:30:10.600,5007.6000,46589,-3,225116040.000,3,0,3,双平,S,5006.8000,5005.2000,5005.0000,5004.0000,5003.8000,5007.2000,5007.6000,5008.4000,5008.6000,5008.8000,1,2,2,5,3,1,6,1,3,5
SF,IC2003,2019-12-13 09:30:11.100,5005.2000,46587,-2,229121080.000,4,1,3,多平,S,5005.2000,5005.0000,5004.8000,5004.0000,5003.8000,5005.6000,5007.6000,5008.4000,5008.6000,5008.8000,1,2,1,6,3,1,5,1,3,5
SF,IC2003,2019-12-13 09:30:11.600,5006.0000,46585,-2,237132680.000,8,3,5,多平,S,5007.8000,5005.8000,5005.6000,5005.4000,5005.2000,5008.6000,5008.8000,5009.0000,5009.8000,5010.0000,1,1,7,1,1,3,5,1,3,7
SF,IC2003,2019-12-13 09:30:12.100,5007.0000,46585,0,238134080.000,1,0,1,多换,S,5005.8000,5005.6000,5005.4000,5005.2000,5005.0000,5008.4000,5008.6000,5008.8000,5009.0000,5009.8000,1,6,1,1,2,2,3,6,2,3
SF,IC2003,2019-12-13 09:30:12.600,5007.6000,46583,-2,242140640.000,4,1,3,多平,S,5006.0000,5005.8000,5005.6000,5005.4000,5005.2000,5008.6000,5008.8000,5009.0000,5009.8000,5010.0000,2,1,6,1,1,2,6,2,3,7
SF,IC2003,2019-12-13 09:30:13.100,5008.6000,46580,-3,245145760.000,3,0,3,双平,S,5006.0000,5005.8000,5005.6000,5005.2000,5005.0000,5008.8000,5009.0000,5009.8000,5010.0000,5010.2000,3,3,6,1,2,5,2,3,7,1
SF,IC2003,2019-12-13 09:30:13.600,5006.6000,46578,-2,248150520.000,3,0,3,多平,S,5008.6000,5006.2000,5006.0000,5005.8000,5005.6000,5008.8000,5009.0000,5009.8000,5010.0000,5010.2000,1,1,3,2,6,6,2,3,7,1
SF,IC2003,2019-12-13 09:30:14.100,5008.6000,46575,-3,253159200.000,5,1,4,多平,S,5007.6000,5006.8000,5006.2000,5006.0000,5005.8000,5008.8000,5009.0000,5009.8000,5010.0000,5010.2000,8,1,1,2,2,3,2,3,7,1
SF,IC2003,2019-12-13 09:30:14.600,5007.8000,46575,0,256164120.000,3,1,2,多换,S,5007.6000,5006.8000,5006.2000,5006.0000,5005.8000,5008.6000,5008.8000,5009.0000,5009.8000,5010.0000,8,1,1,1,2,1,3,2,3,7
SF,IC2003,2019-12-13 09:30:15.100,5008.8000,46573,-2,260170640.000,4,1,3,多平,S,5007.6000,5006.8000,5005.8000,5005.6000,5005.2000,5008.8000,5009.0000,5009.8000,5010.0000,5010.2000,9,1,2,5,1,2,2,3,7,1
SF,IC2003,2019-12-13 09:30:15.600,5008.8000,46572,-1,261172400.000,1,0,1,双平,S,5007.6000,5006.8000,5005.8000,5005.6000,5005.2000,5008.6000,5008.8000,5009.0000,5009.8000,5010.0000,9,1,2,5,1,1,2,2,3,7
SF,IC2003,2019-12-13 09:30:16.100,5008.8000,46573,1,264177640.000,3,2,1,空开,S,5007.8000,5007.6000,5006.8000,5006.0000,5005.8000,5008.8000,5009.0000,5009.8000,5010.0000,5010.2000,1,9,1,1,2,1,2,3,7,1
SF,IC2003,2019-12-13 09:30:16.600,5008.6000,46572,-1,267182680.000,3,1,2,多平,S,5007.6000,5006.8000,5006.0000,5005.8000,5005.6000,5008.8000,5009.0000,5009.8000,5010.0000,5010.2000,9,1,1,2,5,2,2,3,7,1
SF,IC2003,2019-12-13 09:30:17.100,5008.8000,46570,-2,272191560.000,5,1,4,多平,S,5007.6000,5006.8000,5006.0000,5005.8000,5005.6000,5009.8000,5010.0000,5010.2000,5010.8000,5011.0000,9,1,1,2,5,3,7,1,1,5
SF,IC2003,2019-12-13 09:30:17.600,5009.4000,46571,1,273193440.000,1,1,0,双开,S,5009.0000,5008.6000,5007.8000,5007.6000,5006.8000,5009.4000,5009.6000,5009.8000,5010.0000,5010.2000,1,11,1,9,1,4,1,6,7,1
SF,IC2003,2019-12-13 09:30:18.100,5009.2000,46570,-1,282209240.000,9,4,5,多平,S,5008.8000,5008.6000,5007.8000,5007.6000,5006.0000,5009.0000,5009.4000,5009.6000,5009.8000,5010.0000,3,6,1,9,1,1,4,5,6,7
SF,IC2003,2019-12-13 09:30:18.600,5008.8000,46570,0,297236080.000,15,7,8,多换,S,5008.8000,5008.6000,5007.8000,5007.6000,5006.0000,5009.6000,5009.8000,5010.0000,5010.2000,5010.8000,1,5,1,9,1,3,6,7,1,1
SF,IC2003,2019-12-13 09:30:19.100,5009.4000,46569,-1,304248960.000,7,3,4,多平,S,5009.4000,5009.0000,5008.6000,5007.8000,5007.6000,5009.6000,5009.8000,5010.0000,5010.2000,5010.8000,3,1,4,1,8,3,6,7,1,1
SF,IC2003,2019-12-13 09:30:19.600,5009.4000,46562,-7,315269320.000,11,2,9,多平,S,5008.6000,5007.8000,5007.6000,5005.8000,5005.6000,5009.0000,5009.4000,5009.6000,5009.8000,5010.0000,2,1,8,2,5,1,3,1,6,7
SF,IC2003,2019-12-13 09:30:20.100,5007.8000,46560,-2,321279640.000,6,2,4,多平,S,5007.6000,5005.8000,5005.6000,5005.2000,5005.0000,5008.6000,5009.4000,5009.8000,5010.0000,5010.2000,8,2,5,1,2,4,3,6,7,1
SF,IC2003,2019-12-13 09:30:20.600,5007.6000,46553,-7,329292240.000,8,0,8,多平,S,5007.6000,5005.8000,5005.6000,5005.2000,5005.0000,5008.6000,5008.8000,5009.4000,5009.8000,5010.0000,4,2,5,1,2,2,1,3,6,7
SF,IC2003,2019-12-13 09:30:21.100,5007.6000,46551,-2,338306880.000,9,3,6,多平,S,5007.6000,5005.8000,5005.6000,5005.2000,5005.0000,5008.8000,5009.4000,5009.6000,5009.8000,5010.0000,5,2,5,1,2,1,3,1,6,7
SF,IC2003,2019-12-13 09:30:21.600,5007.6000,46548,-3,341311440.000,3,0,3,双平,S,5008.6000,5007.8000,5007.6000,5006.8000,5005.8000,5008.8000,5009.4000,5009.6000,5009.8000,5010.0000,1,1,6,2,2,2,3,1,6,7
SF,IC2003,2019-12-13 09:30:22.100,5008.8000,46547,-1,346319960.000,5,2,3,多平,S,5008.6000,5007.6000,5006.8000,5005.8000,5005.6000,5009.4000,5009.6000,5009.8000,5010.0000,5010.2000,1,6,2,2,5,3,1,6,7,1
SF,IC2003,2019-12-13 09:30:22.600,5008.8000,46547,0,346319960.000,0,-,-,-,-,5008.6000,5007.6000,5006.8000,5005.8000,5005.6000,5009.0000,5009.2000,5009.4000,5009.6000,5009.8000,1,6,2,2,5,1,1,3,1,6
SF,IC2003,2019-12-13 09:30:23.100,5007.6000,46547,0,348323200.000,2,1,1,多换,S,5007.6000,5006.8000,5005.8000,5005.6000,5005.2000,5008.6000,5008.8000,5009.0000,5009.2000,5009.4000,5,2,2,5,1,2,1,2,1,3
SF,IC2003,2019-12-13 09:30:23.600,5007.6000,46548,1,353330920.000,5,3,2,空开,S,5007.6000,5007.2000,5006.8000,5005.8000,5005.6000,5008.2000,5008.4000,5008.6000,5008.8000,5009.0000,1,1,2,2,5,1,1,4,2,1
SF,IC2003,2019-12-13 09:30:24.100,5008.0000,46545,-3,362345160.000,9,3,6,多平,S,5007.2000,5006.8000,5005.8000,5005.6000,5005.2000,5007.6000,5008.0000,5008.2000,5008.4000,5008.6000,1,2,2,5,1,6,1,2,1,5
SF,IC2003,2019-12-13 09:30:24.600,5006.8000,46544,-1,364347960.000,2,0,2,多平,S,5006.8000,5005.8000,5005.6000,5005.2000,5005.0000,5007.2000,5007.6000,5008.0000,5008.2000,5008.4000,1,2,5,1,4,2,10,1,2,1
SF,IC2003,2019-12-13 09:30:25.100,5007.2000,46544,0,370356840.000,6,3,3,多换,S,5007.2000,5005.8000,5005.6000,5005.2000,5005.0000,5007.4000,5007.6000,5008.0000,5008.2000,5008.4000,4,2,5,1,4,2,28,1,2,1
SF,IC2003,2019-12-13 09:30:25.600,5007.4000,46542,-2,372359800.000,2,0,2,双平,S,5007.4000,5007.2000,5005.8000,5005.6000,5005.2000,5007.6000,5008.0000,5008.2000,5008.4000,5008.6000,2,4,2,5,1,28,1,2,1,5
SF,IC2003,2019-12-13 09:30:26.100,5007.2000,46542,0,373361240.000,1,0,1,多换,S,5007.2000,5005.8000,5005.6000,5005.2000,5005.0000,5007.4000,5007.6000,5008.0000,5008.2000,5008.4000,5,2,5,1,4,4,28,1,2,1
SF,IC2003,2019-12-13 09:30:26.600,5007.2000,46542,0,375364120.000,2,1,1,多换,S,5007.2000,5005.8000,5005.6000,5005.2000,5005.0000,5007.4000,5007.6000,5008.2000,5008.4000,5008.6000,3,2,5,1,4,5,28,1,1,5
SF,IC2003,2019-12-13 09:30:27.100,5007.4000,46542,0,377367040.000,2,1,1,多换,S,5007.2000,5005.8000,5005.6000,5005.2000,5005.0000,5007.4000,5007.6000,5008.2000,5008.4000,5008.6000,2,2,5,1,4,3,28,1,1,5
SF,IC2003,2019-12-13 09:30:27.600,5007.4000,46541,-1,380371480.000,3,1,2,多平,S,5007.2000,5005.8000,5005.6000,5005.2000,5005.0000,5007.6000,5008.2000,5008.4000,5008.6000,5008.8000,2,2,5,1,4,28,1,1,5,1
SF,IC2003,2019-12-13 09:30:28.100,5007.6000,46541,0,385378760.000,5,2,3,多换,S,5007.4000,5005.8000,5005.6000,5005.2000,5005.0000,5007.6000,5008.2000,5008.4000,5008.6000,5008.8000,5,2,5,1,4,27,1,1,5,1
SF,IC2003,2019-12-13 09:30:28.600,5007.6000,46539,-2,396393440.000,11,4,7,多平,S,5005.6000,5005.2000,5005.0000,5004.6000,5004.0000,5007.6000,5008.2000,5008.4000,5008.6000,5008.8000,3,1,4,5,2,26,1,1,5,1
SF,IC2003,2019-12-13 09:30:29.100,5007.6000,46539,0,396393440.000,0,-,-,-,-,5005.8000,5005.6000,5005.0000,5004.6000,5004.0000,5007.2000,5007.6000,5008.2000,5008.4000,5008.6000,1,3,4,5,2,5,26,1,1,5
SF,IC2003,2019-12-13 09:30:29.600,5007.2000,46535,-4,403403080.000,7,1,6,多平,S,5005.8000,5005.6000,5005.0000,5004.6000,5004.0000,5007.0000,5007.6000,5008.0000,5008.2000,5008.4000,1,3,4,5,2,1,26,1,1,1
SF,IC2003,2019-12-13 09:30:30.100,5007.4000,46533,-2,408410200.000,5,1,4,多平,S,5006.0000,5005.8000,5005.6000,5005.0000,5004.0000,5007.6000,5008.0000,5008.2000,5008.4000,5008.6000,1,1,3,4,2,24,1,1,1,5
SF,IC2003,2019-12-13 09:30:30.600,5007.6000,46529,-4,414418040.000,6,1,5,多平,S,5006.0000,5005.8000,5005.6000,5005.0000,5004.0000,5007.6000,5008.0000,5008.2000,5008.4000,5008.6000,1,1,3,4,2,22,1,1,1,5
SF,IC2003,2019-12-13 09:30:31.100,5005.8000,46527,-2,416420400.000,2,0,2,双平,S,5005.6000,5005.0000,5004.0000,5003.8000,5003.0000,5007.4000,5007.6000,5008.0000,5008.2000,5008.4000,3,5,2,1,1,1,22,1,1,1
SF,IC2003,2019-12-13 09:30:31.600,5005.8000,46525,-2,418423000.000,2,0,2,双平,S,5005.6000,5005.0000,5004.0000,5003.8000,5003.0000,5007.0000,5007.4000,5007.6000,5008.0000,5008.2000,3,5,2,1,1,1,5,22,1,1
SF,IC2003,2019-12-13 09:30:32.100,5007.4000,46522,-3,423429240.000,5,1,4,多平,S,5005.0000,5004.0000,5003.8000,5003.0000,5001.8000,5006.8000,5007.4000,5007.6000,5008.0000,5008.2000,5,2,1,1,2,1,4,22,1,1
SF,IC2003,2019-12-13 09:30:32.600,5005.0000,46521,-1,428434240.000,5,2,3,多平,S,5004.0000,5003.8000,5003.0000,5001.8000,5001.2000,5005.0000,5005.8000,5006.4000,5006.8000,5007.4000,2,1,1,2,1,1,1,2,1,4
SF,IC2003,2019-12-13 09:30:33.100,5006.8000,46518,-3,437444000.000,9,3,6,多平,S,5004.0000,5003.8000,5003.0000,5001.8000,5001.2000,5007.4000,5007.6000,5008.0000,5008.2000,5008.4000,2,1,1,2,1,4,22,1,1,1
SF,IC2003,2019-12-13 09:30:33.600,5006.8000,46517,-1,438445360.000,1,0,1,双平,S,5004.2000,5004.0000,5003.8000,5003.0000,5001.8000,5007.2000,5007.4000,5007.6000,5008.0000,5008.2000,4,2,1,1,2,4,2,20,1,1
SF,IC2003,2019-12-13 09:30:34.100,5006.8000,46517,0,439446720.000,1,0,1,多换,S,5006.8000,5004.4000,5004.2000,5004.0000,5003.8000,5007.2000,5007.4000,5007.6000,5008.0000,5008.2000,2,1,3,2,1,4,2,20,1,1
SF,IC2003,2019-12-13 09:30:34.600,5006.8000,46517,0,441449440.000,2,1,1,多换,S,5004.8000,5004.4000,5004.2000,5004.0000,5003.8000,5006.8000,5007.2000,5007.4000,5007.6000,5008.0000,1,1,3,2,1,1,3,2,20,1
SF,IC2003,2019-12-13 09:30:35.100,5006.8000,46517,0,441449440.000,0,-,-,-,-,5005.0000,5004.8000,5004.0000,5003.8000,5003.0000,5006.8000,5007.2000,5007.4000,5007.6000,5008.0000,1,1,2,1,1,1,3,2,20,2
SF,IC2003,2019-12-13 09:30:35.600,5007.4000,46510,-7,450461920.000,9,1,8,多平,S,5007.4000,5005.0000,5004.8000,5004.0000,5003.8000,5007.6000,5008.0000,5008.2000,5008.4000,5008.6000,12,1,1,2,1,21,2,1,1,6
SF,IC2003,2019-12-13 09:30:36.100,5007.4000,46503,-7,460476720.000,10,1,9,多平,S,5007.4000,5006.8000,5005.0000,5004.8000,5004.0000,5007.6000,5008.0000,5008.2000,5008.4000,5008.6000,2,1,1,1,2,21,2,1,1,6
SF,IC2003,2019-12-13 09:30:36.600,5006.8000,46501,-2,463481040.000,3,0,3,多平,S,5006.8000,5005.0000,5004.8000,5004.0000,5003.8000,5007.4000,5007.6000,5008.0000,5008.2000,5008.4000,3,1,1,2,1,5,21,2,1,1
SF,IC2003,2019-12-13 09:30:37.100,5007.2000,46501,0,464482480.000,1,0,1,多换,S,5006.8000,5005.0000,5004.8000,5004.0000,5003.8000,5007.0000,5007.4000,5007.6000,5008.0000,5008.2000,3,1,1,2,1,6,5,21,2,1
SF,IC2003,2019-12-13 09:30:37.600,5006.8000,46500,-1,469489280.000,5,2,3,多平,S,5005.0000,5004.8000,5004.0000,5003.8000,5003.0000,5006.8000,5007.0000,5007.4000,5007.6000,5008.0000,1,1,2,1,1,1,6,5,21,2
SF,IC2003,2019-12-13 09:30:38.100,5007.0000,46499,-1,472493040.000,3,1,2,多平,S,5004.0000,5003.8000,5003.0000,5002.2000,5001.8000,5007.0000,5007.4000,5007.6000,5008.0000,5008.2000,2,1,1,2,2,4,1,22,2,1
SF,IC2003,2019-12-13 09:30:38.600,5006.8000,46497,-2,474495800.000,2,0,2,双平,S,5005.0000,5004.2000,5004.0000,5003.8000,5003.0000,5007.0000,5007.4000,5007.6000,5008.0000,5008.2000,2,1,2,1,1,4,1,22,2,1
SF,IC2003,2019-12-13 09:30:39.100,5006.8000,46496,-1,475497160.000,1,0,1,双平,S,5005.2000,5005.0000,5004.0000,5003.8000,5003.0000,5007.0000,5007.4000,5007.6000,5008.0000,5008.2000,1,2,2,1,1,6,1,22,2,1
SF,IC2003,2019-12-13 09:30:39.600,5005.2000,46496,0,476498200.000,1,0,1,多换,S,5005.0000,5004.0000,5003.8000,5003.0000,5002.2000,5007.0000,5007.4000,5007.6000,5008.0000,5008.2000,2,2,1,2,2,6,1,22,2,1
SF,IC2003,2019-12-13 09:30:40.100,5005.2000,46496,0,476498200.000,0,-,-,-,-,5005.2000,5005.0000,5004.0000,5003.8000,5003.0000,5006.6000,5006.8000,5007.0000,5007.4000,5007.6000,1,2,2,1,2,1,2,6,1,22
SF,IC2003,2019-12-13 09:30:40.600,5006.6000,46496,0,478500800.000,2,1,1,多换,S,5005.0000,5004.0000,5003.8000,5003.0000,5002.2000,5005.2000,5006.8000,5007.0000,5007.4000,5007.6000,2,2,1,2,2,1,5,6,1,22
SF,IC2003,2019-12-13 09:30:41.100,5005.0000,46496,0,480502800.000,2,1,1,多换,S,5004.0000,5003.8000,5003.0000,5002.2000,5001.8000,5005.0000,5005.2000,5006.4000,5006.8000,5007.0000,2,1,2,2,2,2,1,4,1,6
SF,IC2003,2019-12-13 09:30:41.600,5005.0000,46495,-1,482504800.000,2,0,2,多平,S,5004.0000,5003.8000,5003.0000,5002.2000,5001.8000,5005.2000,5006.4000,5006.6000,5006.8000,5007.0000,2,1,2,2,2,1,4,1,1,7
SF,IC2003,2019-12-13 09:30:42.100,5005.2000,46495,0,483505840.000,1,0,1,多换,S,5004.2000,5004.0000,5003.8000,5003.2000,5003.0000,5006.4000,5006.6000,5006.8000,5007.0000,5007.4000,1,2,1,1,2,4,1,1,7,1
SF,IC2003,2019-12-13 09:30:42.600,5004.0000,46493,-2,485507440.000,2,0,2,双平,S,5003.8000,5003.2000,5003.0000,5002.2000,5001.8000,5004.0000,5006.2000,5006.4000,5006.6000,5006.8000,1,1,2,2,2,3,1,4,1,1
SF,IC2003,2019-12-13 09:30:43.100,5003.8000,46489,-4,490511360.000,5,0,5,多平,S,5005.0000,5003.2000,5003.0000,5002.2000,5001.8000,5006.2000,5006.4000,5006.6000,5007.0000,5007.4000,2,1,2,2,2,1,4,1,7,1
SF,IC2003,2019-12-13 09:30:43.600,5005.2000,46491,2,493514720.000,3,2,1,空开,S,5005.2000,5005.0000,5004.0000,5003.2000,5003.0000,5005.8000,5006.0000,5006.2000,5006.6000,5007.0000,1,2,1,1,2,1,3,1,1,7
SF,IC2003,2019-12-13 09:30:44.100,5005.2000,46491,0,494515760.000,1,0,1,多换,S,5005.0000,5004.0000,5003.2000,5003.0000,5002.2000,5005.2000,5006.0000,5006.2000,5006.6000,5007.0000,2,1,1,2,2,2,2,1,1,7
SF,IC2003,2019-12-13 09:30:44.600,5005.2000,46489,-2,498519840.000,4,1,3,多平,S,5005.8000,5004.0000,5003.2000,5003.0000,5002.2000,5006.0000,5006.6000,5007.0000,5007.4000,5007.6000,1,1,1,2,2,2,1,7,1,22
SF,IC2003,2019-12-13 09:30:45.100,5005.8000,46488,-1,499521000.000,1,0,1,双平,S,5004.0000,5003.2000,5003.0000,5002.2000,5001.8000,5005.2000,5006.0000,5006.6000,5007.0000,5007.4000,1,1,2,2,2,2,2,1,7,1
SF,IC2003,2019-12-13 09:30:45.600,5005.8000,46488,0,500522160.000,1,0,1,多换,S,5004.0000,5003.2000,5003.0000,5002.2000,5001.8000,5005.2000,5005.8000,5006.0000,5006.6000,5007.0000,1,1,2,2,2,1,2,2,1,7
SF,IC2003,2019-12-13 09:30:46.100,5005.8000,46490,2,502524480.000,2,2,0,双开,S,5004.0000,5003.2000,5003.0000,5002.2000,5001.8000,5005.2000,5006.0000,5006.6000,5007.0000,5007.4000,1,1,2,2,2,1,2,1,7,1
SF,IC2003,2019-12-13 09:30:46.600,5005.2000,46489,-1,503525520.000,1,0,1,双平,S,5004.0000,5003.2000,5003.0000,5002.2000,5001.8000,5006.0000,5006.6000,5007.0000,5007.6000,5007.8000,2,1,2,2,2,2,1,7,22,1
SF,IC2003,2019-12-13 09:30:47.100,5005.2000,46489,0,503525520.000,0,-,-,-,-,5004.2000,5004.0000,5003.2000,5003.0000,5002.2000,5005.2000,5005.8000,5006.0000,5006.6000,5007.0000,2,2,1,2,2,1,1,2,1,7
SF,IC2003,2019-12-13 09:30:47.600,5004.4000,46487,-2,508530240.000,5,1,4,多平,S,5004.0000,5003.2000,5003.0000,5002.2000,5001.8000,5005.8000,5006.0000,5006.6000,5007.0000,5007.6000,2,1,2,2,2,1,2,1,7,22
SF,IC2003,2019-12-13 09:30:48.100,5004.4000,46487,0,508530240.000,0,-,-,-,-,5004.2000,5004.0000,5003.2000,5003.0000,5002.2000,5005.8000,5006.0000,5006.6000,5007.0000,5007.6000,2,8,1,2,2,1,2,1,7,22
SF,IC2003,2019-12-13 09:30:48.600,5005.0000,46486,-1,509531240.000,1,0,1,双平,S,5004.2000,5004.0000,5003.2000,5003.0000,5002.2000,5005.8000,5006.0000,5006.6000,5007.0000,5007.6000,2,8,1,2,2,1,2,1,7,22
SF,IC2003,2019-12-13 09:30:49.100,5005.8000,46486,0,511533560.000,2,1,1,多换,S,5004.4000,5004.2000,5004.0000,5003.2000,5003.0000,5004.8000,5005.0000,5006.0000,5006.6000,5007.0000,1,2,8,1,2,1,1,3,1,7
SF,IC2003,2019-12-13 09:30:49.600,5004.8000,46483,-3,514536520.000,3,0,3,双平,S,5004.4000,5004.0000,5003.2000,5003.0000,5002.2000,5006.0000,5007.0000,5007.6000,5007.8000,5008.0000,1,7,1,2,2,3,7,22,1,5
SF,IC2003,2019-12-13 09:30:50.100,5004.8000,46483,0,514536520.000,0,-,-,-,-,5004.4000,5004.0000,5003.2000,5003.0000,5002.2000,5006.0000,5007.0000,5007.6000,5007.8000,5008.0000,1,7,1,2,2,4,7,22,1,5
SF,IC2003,2019-12-13 09:30:50.600,5004.8000,46483,0,514536520.000,0,-,-,-,-,5005.0000,5004.8000,5004.4000,5004.0000,5003.2000,5006.0000,5007.0000,5007.6000,5007.8000,5008.0000,1,2,1,7,1,4,7,22,1,5
SF,IC2003,2019-12-13 09:30:51.100,5006.0000,46483,0,516538720.000,2,1,1,多换,S,5004.8000,5004.4000,5004.0000,5003.2000,5003.0000,5005.0000,5006.0000,5006.6000,5007.0000,5007.6000,2,1,7,1,2,1,3,1,7,22
SF,IC2003,2019-12-13 09:30:51.600,5005.0000,46482,-1,520543120.000,4,1,3,多平,S,5004.8000,5004.4000,5004.0000,5003.2000,5003.0000,5006.0000,5006.6000,5007.0000,5007.6000,5007.8000,3,1,7,1,2,1,1,7,22,1
SF,IC2003,2019-12-13 09:30:52.100,5005.0000,46481,-1,523546120.000,3,1,2,多平,S,5005.0000,5004.8000,5004.0000,5003.2000,5003.0000,5006.0000,5006.6000,5007.0000,5007.6000,5007.8000,1,3,7,1,2,1,1,7,22,1
SF,IC2003,2019-12-13 09:30:52.600,5006.0000,46481,0,524547320.000,1,0,1,多换,S,5006.0000,5005.0000,5004.8000,5004.0000,5003.2000,5006.6000,5007.0000,5007.6000,5007.8000,5008.0000,1,1,3,7,1,1,7,22,1,4
SF,IC2003,2019-12-13 09:30:53.100,5006.0000,46483,2,526549720.000,2,2,0,双开,S,5006.0000,5005.0000,5004.8000,5004.0000,5003.2000,5006.2000,5006.6000,5007.0000,5007.6000,5007.8000,1,3,2,7,1,1,1,7,22,1
SF,IC2003,2019-12-13 09:30:53.600,5006.6000,46481,-2,528552280.000,2,0,2,双平,S,5006.0000,5005.0000,5004.8000,5004.0000,5003.2000,5007.0000,5007.6000,5007.8000,5008.0000,5008.4000,1,3,2,7,1,7,22,1,4,1
SF,IC2003,2019-12-13 09:30:54.100,5006.0000,46480,-1,530554720.000,2,0,2,多平,S,5006.2000,5005.2000,5005.0000,5004.8000,5004.0000,5007.0000,5007.6000,5007.8000,5008.0000,5008.4000,3,1,2,2,7,7,22,1,4,1
SF,IC2003,2019-12-13 09:30:54.600,5006.0000,46480,0,530554720.000,0,-,-,-,-,5006.2000,5005.2000,5005.0000,5004.8000,5004.0000,5006.8000,5007.0000,5007.6000,5007.8000,5008.0000,6,1,2,2,7,1,7,22,1,4
SF,IC2003,2019-12-13 09:30:55.100,5006.0000,46480,0,536561920.000,6,3,3,多换,S,5005.8000,5005.2000,5005.0000,5004.8000,5004.0000,5006.0000,5006.8000,5007.0000,5007.6000,5007.8000,1,1,2,2,7,1,1,7,22,1
SF,IC2003,2019-12-13 09:30:55.600,5007.0000,46481,1,541568480.000,5,3,2,空开,S,5006.8000,5006.2000,5006.0000,5005.8000,5005.2000,5007.0000,5007.6000,5007.8000,5008.0000,5008.4000,1,2,3,1,1,5,22,1,4,1
SF,IC2003,2019-12-13 09:30:56.100,5006.2000,46480,-1,544572320.000,3,1,2,多平,S,5005.8000,5005.2000,5005.0000,5004.8000,5004.0000,5006.0000,5006.8000,5007.0000,5007.6000,5007.8000,1,1,2,2,7,1,1,6,22,1
SF,IC2003,2019-12-13 09:30:56.600,5005.8000,46478,-2,547575840.000,3,0,3,多平,S,5005.8000,5005.2000,5005.0000,5004.8000,5004.0000,5007.0000,5007.6000,5007.8000,5008.0000,5008.4000,1,1,2,2,7,6,22,1,4,1
SF,IC2003,2019-12-13 09:30:57.100,5006.8000,46478,0,549578560.000,2,1,1,多换,S,5006.0000,5005.2000,5005.0000,5004.8000,5004.0000,5006.8000,5007.0000,5007.6000,5007.8000,5008.0000,2,1,2,2,7,1,6,22,1,4
SF,IC2003,2019-12-13 09:30:57.600,5006.8000,46478,0,549578560.000,0,-,-,-,-,5006.0000,5005.2000,5005.0000,5004.8000,5004.0000,5007.0000,5007.6000,5007.8000,5008.0000,5008.4000,2,1,2,2,7,6,22,1,4,1
SF,IC2003,2019-12-13 09:30:58.100,5006.8000,46478,0,549578560.000,0,-,-,-,-,5006.0000,5005.2000,5005.0000,5004.8000,5004.0000,5007.0000,5007.6000,5007.8000,5008.0000,5008.4000,2,1,2,2,7,6,22,1,5,1
SF,IC2003,2019-12-13 09:30:59.100,5006.0000,46478,0,562594960.000,13,6,7,多换,S,5005.2000,5005.0000,5004.8000,5004.0000,5003.2000,5006.0000,5007.0000,5007.6000,5007.8000,5008.0000,1,2,2,7,1,2,2,22,1,5
SF,IC2003,2019-12-13 09:30:59.600,5007.0000,46476,-2,565598760.000,3,0,3,多平,S,5005.8000,5005.2000,5005.0000,5004.8000,5004.0000,5006.0000,5007.0000,5007.6000,5007.8000,5008.0000,1,1,2,2,7,4,1,22,1,5
SF,IC2003,2019-12-13 09:31:00.100,5005.8000,46471,-5,571605920.000,6,0,6,多平,S,5005.2000,5005.0000,5004.8000,5004.0000,5003.2000,5007.0000,5007.6000,5007.8000,5008.0000,5008.4000,1,2,2,7,1,1,22,1,5,1
SF,IC2003,2019-12-13 09:31:00.600,5005.8000,46471,0,572607080.000,1,0,1,多换,S,5005.4000,5005.2000,5005.0000,5004.8000,5004.0000,5007.0000,5007.6000,5007.8000,5008.0000,5008.4000,1,2,2,2,7,1,22,1,5,1
SF,IC2003,2019-12-13 09:31:01.100,5007.0000,46470,-1,573608480.000,1,0,1,双平,S,5007.0000,5005.8000,5005.6000,5005.4000,5005.2000,5007.6000,5007.8000,5008.0000,5008.4000,5008.6000,3,1,1,1,1,22,1,5,1,1
SF,IC2003,2019-12-13 09:31:01.600,5007.6000,46467,-3,576613040.000,3,0,3,双平,S,5007.0000,5005.4000,5005.2000,5005.0000,5004.8000,5007.6000,5007.8000,5008.0000,5008.4000,5008.6000,3,1,1,2,2,20,1,5,1,1
SF,IC2003,2019-12-13 09:31:02.100,5007.2000,46459,-8,587629200.000,11,1,10,多平,S,5005.4000,5005.2000,5005.0000,5004.8000,5004.0000,5007.6000,5007.8000,5008.0000,5008.2000,5008.4000,1,1,2,2,7,14,1,5,1,1
SF,IC2003,2019-12-13 09:31:02.600,5007.0000,46453,-6,593638200.000,6,0,6,双平,S,5007.0000,5006.0000,5005.8000,5005.6000,5005.4000,5007.4000,5007.6000,5007.8000,5008.0000,5008.2000,1,2,1,3,1,1,9,1,5,1
SF,IC2003,2019-12-13 09:31:03.100,5007.4000,46446,-7,601650240.000,8,0,8,多平,S,5006.0000,5005.6000,5005.4000,5005.2000,5005.0000,5007.6000,5007.8000,5008.0000,5008.2000,5008.4000,3,3,1,1,2,4,1,5,1,1
SF,IC2003,2019-12-13 09:31:03.600,5007.0000,46446,0,602651640.000,1,0,1,多换,S,5006.2000,5006.0000,5005.4000,5005.2000,5005.0000,5007.6000,5007.8000,5008.0000,5008.2000,5008.4000,1,3,2,1,2,4,1,5,1,1
SF,IC2003,2019-12-13 09:31:04.100,5006.4000,46445,-1,603652920.000,1,0,1,双平,S,5006.4000,5006.2000,5006.0000,5005.4000,5005.2000,5007.6000,5007.8000,5008.0000,5008.2000,5008.4000,1,3,3,1,1,4,1,5,1,1
SF,IC2003,2019-12-13 09:31:04.600,5007.6000,46445,0,605655960.000,2,1,1,多换,S,5006.6000,5006.4000,5006.2000,5006.0000,5005.4000,5007.6000,5007.8000,5008.0000,5008.2000,5008.4000,3,1,2,2,1,2,1,5,1,1
SF,IC2003,2019-12-13 09:31:05.100,5006.6000,46444,-1,606657280.000,1,0,1,双平,S,5006.4000,5006.0000,5005.4000,5005.2000,5005.0000,5007.6000,5007.8000,5008.0000,5008.2000,5008.4000,1,2,1,1,2,2,1,5,1,1
SF,IC2003,2019-12-13 09:31:05.600,5007.6000,46443,-1,609661840.000,3,1,2,多平,S,5007.6000,5006.6000,5006.4000,5006.0000,5005.4000,5007.8000,5008.0000,5008.2000,5008.4000,5008.6000,1,1,1,2,1,1,5,1,1,1
SF,IC2003,2019-12-13 09:31:06.100,5007.6000,46438,-5,615671320.000,6,0,6,多平,S,5007.6000,5006.4000,5006.0000,5005.4000,5005.2000,5007.8000,5008.0000,5008.2000,5008.4000,5008.6000,2,2,2,1,1,4,1,1,1,1
SF,IC2003,2019-12-13 09:31:06.600,5007.8000,46436,-2,618675920.000,3,0,3,多平,S,5007.6000,5006.4000,5006.2000,5006.0000,5005.4000,5007.8000,5008.0000,5008.2000,5008.4000,5008.6000,6,1,1,2,1,3,1,1,1,1
SF,IC2003,2019-12-13 09:31:07.100,5007.6000,46434,-2,624685280.000,6,2,4,多平,S,5007.8000,5007.6000,5006.4000,5006.2000,5006.0000,5008.0000,5008.2000,5008.4000,5008.6000,5008.8000,1,5,1,1,2,1,1,1,1,2
SF,IC2003,2019-12-13 09:31:08.100,5008.4000,46434,0,632698040.000,8,4,4,多换,S,5007.6000,5006.4000,5006.2000,5006.0000,5005.4000,5008.6000,5008.8000,5009.0000,5009.4000,5009.6000,5,1,1,2,1,1,2,1,1,1
SF,IC2003,2019-12-13 09:31:08.600,5007.8000,46433,-1,633699600.000,1,0,1,双平,S,5007.6000,5006.0000,5005.4000,5005.2000,5005.0000,5008.0000,5008.6000,5008.8000,5009.0000,5009.4000,5,2,1,1,2,2,1,2,1,1
SF,IC2003,2019-12-13 09:31:09.100,5008.0000,46432,-1,639708800.000,6,2,4,多平,S,5006.0000,5005.4000,5005.2000,5005.0000,5004.8000,5008.0000,5008.6000,5008.8000,5009.0000,5009.4000,2,1,1,2,2,1,1,2,1,1
SF,IC2003,2019-12-13 09:31:09.600,5006.2000,46431,-1,640710040.000,1,0,1,双平,S,5006.2000,5006.0000,5005.4000,5005.2000,5005.0000,5007.8000,5008.0000,5008.6000,5008.8000,5009.0000,4,2,1,1,2,1,1,1,2,1
SF,IC2003,2019-12-13 09:31:10.100,5008.0000,46429,-2,643714800.000,3,0,3,多平,S,5006.4000,5006.2000,5006.0000,5005.4000,5005.2000,5008.6000,5008.8000,5009.0000,5009.4000,5009.6000,1,1,2,1,1,1,2,1,1,1
SF,IC2003,2019-12-13 09:31:10.600,5006.4000,46429,0,644716080.000,1,0,1,多换,S,5006.2000,5006.0000,5005.4000,5005.2000,5005.0000,5006.4000,5008.6000,5008.8000,5009.0000,5009.4000,1,2,1,1,2,1,1,2,1,1
SF,IC2003,2019-12-13 09:31:11.100,5006.4000,46428,-1,645717360.000,1,0,1,双平,S,5006.6000,5006.4000,5006.2000,5006.0000,5005.4000,5008.6000,5008.8000,5009.0000,5009.4000,5009.6000,1,9,2,2,1,1,2,1,1,1
SF,IC2003,2019-12-13 09:31:11.600,5006.4000,46428,0,645717360.000,0,-,-,-,-,5006.6000,5006.4000,5005.4000,5005.2000,5005.0000,5008.2000,5008.4000,5008.6000,5008.8000,5009.0000,1,6,1,1,2,1,1,1,2,1
SF,IC2003,2019-12-13 09:31:12.100,5006.6000,46426,-2,647720280.000,2,0,2,双平,S,5006.4000,5005.4000,5005.0000,5004.8000,5004.0000,5007.6000,5008.2000,5008.6000,5008.8000,5009.0000,6,1,2,2,7,3,1,1,2,1
SF,IC2003,2019-12-13 09:31:12.600,5007.6000,46423,-3,650724840.000,3,0,3,双平,S,5006.6000,5006.4000,5005.4000,5005.0000,5004.8000,5008.2000,5008.6000,5008.8000,5009.0000,5009.4000,1,2,1,2,2,1,1,2,1,1
SF,IC2003,2019-12-13 09:31:13.100,5006.8000,46424,1,652727840.000,2,1,1,空开,S,5006.6000,5006.4000,5005.4000,5005.0000,5004.0000,5007.4000,5008.6000,5008.8000,5009.4000,5009.6000,1,2,1,2,7,1,1,2,1,1
SF,IC2003,2019-12-13 09:31:13.600,5007.4000,46422,-2,654730640.000,2,0,2,双平,S,5006.4000,5005.4000,5005.0000,5004.0000,5003.2000,5008.6000,5008.8000,5009.4000,5009.6000,5009.8000,2,1,2,7,1,1,2,1,1,4
SF,IC2003,2019-12-13 09:31:14.100,5007.4000,46421,-1,655732120.000,1,0,1,双平,S,5008.2000,5006.6000,5006.4000,5005.4000,5005.0000,5008.4000,5008.6000,5008.8000,5009.4000,5009.6000,9,1,2,1,2,2,2,2,1,1
SF,IC2003,2019-12-13 09:31:14.600,5008.2000,46412,-9,664746880.000,9,0,9,双平,S,5007.0000,5006.6000,5006.4000,5005.4000,5005.0000,5007.8000,5008.0000,5008.2000,5008.4000,5008.6000,1,1,1,1,2,1,2,9,1,2
SF,IC2003,2019-12-13 09:31:15.100,5007.0000,46411,-1,665748280.000,1,0,1,双平,S,5006.4000,5005.4000,5005.0000,5004.0000,5003.6000,5007.0000,5008.0000,5008.2000,5008.4000,5008.6000,1,1,2,7,1,1,1,5,1,2
SF,IC2003,2019-12-13 09:31:15.600,5007.0000,46410,-1,666749680.000,1,0,1,双平,S,5007.0000,5006.6000,5005.4000,5005.0000,5004.0000,5008.0000,5008.2000,5008.4000,5008.6000,5008.8000,2,1,1,2,7,1,5,1,2,2
SF,IC2003,2019-12-13 09:31:16.100,5007.0000,46410,0,666749680.000,0,-,-,-,-,5006.8000,5005.4000,5005.0000,5004.0000,5003.6000,5008.0000,5008.2000,5008.4000,5008.6000,5008.8000,1,1,2,7,1,1,5,1,2,2
SF,IC2003,2019-12-13 09:31:16.600,5008.0000,46409,-1,667751280.000,1,0,1,双平,S,5007.8000,5007.0000,5006.8000,5005.4000,5005.0000,5008.0000,5008.2000,5008.4000,5008.6000,5008.8000,1,1,1,1,2,1,5,1,1,2
SF,IC2003,2019-12-13 09:31:17.100,5007.8000,46408,-1,669754400.000,2,0,2,多平,S,5006.8000,5005.4000,5005.0000,5004.0000,5003.6000,5007.8000,5008.0000,5008.2000,5008.4000,5008.6000,1,1,2,7,1,2,2,21,1,1
SF,IC2003,2019-12-13 09:31:17.600,5006.8000,46407,-1,670755760.000,1,0,1,双平,S,5005.4000,5005.0000,5004.0000,5003.6000,5003.2000,5006.8000,5007.6000,5007.8000,5008.0000,5008.2000,1,2,7,1,1,3,1,1,2,21
SF,IC2003,2019-12-13 09:31:18.100,5006.8000,46406,-1,671757120.000,1,0,1,双平,S,5005.4000,5005.0000,5004.0000,5003.6000,5003.2000,5006.8000,5007.6000,5008.0000,5008.2000,5008.4000,1,2,7,1,1,3,1,2,21,1
SF,IC2003,2019-12-13 09:31:18.600,5006.8000,46406,0,674760920.000,3,1,2,多换,S,5005.0000,5004.0000,5003.6000,5003.2000,5003.0000,5006.8000,5007.6000,5008.0000,5008.2000,5008.4000,2,7,1,1,2,1,1,2,21,1
SF,IC2003,2019-12-13 09:31:19.100,5006.8000,46406,0,674760920.000,0,-,-,-,-,5005.2000,5005.0000,5004.0000,5003.6000,5003.2000,5006.8000,5007.6000,5008.0000,5008.2000,5008.4000,2,2,7,1,1,1,1,2,21,1
SF,IC2003,2019-12-13 09:31:19.600,5006.8000,46406,0,674760920.000,0,-,-,-,-,5005.2000,5005.0000,5004.0000,5003.6000,5003.2000,5006.6000,5006.8000,5008.0000,5008.2000,5008.4000,1,2,7,1,1,1,1,2,20,1
SF,IC2003,2019-12-13 09:31:20.100,5006.8000,46406,0,674760920.000,0,-,-,-,-,5005.0000,5004.0000,5003.6000,5003.2000,5003.0000,5006.6000,5006.8000,5008.0000,5008.2000,5008.4000,2,7,1,1,2,1,1,2,20,1
SF,IC2003,2019-12-13 09:31:20.600,5006.6000,46406,0,675762240.000,1,0,1,多换,S,5005.0000,5004.0000,5003.6000,5003.2000,5003.0000,5005.2000,5006.6000,5006.8000,5008.0000,5008.2000,2,7,1,1,2,1,1,1,2,20
SF,IC2003,2019-12-13 09:31:21.100,5005.2000,46405,-1,676763280.000,1,0,1,双平,S,5005.4000,5005.2000,5005.0000,5004.0000,5003.6000,5006.6000,5008.0000,5008.2000,5008.4000,5008.6000,2,5,2,7,1,1,3,20,1,1
SF,IC2003,2019-12-13 09:31:21.600,5006.6000,46404,-1,678765640.000,2,0,2,多平,S,5005.2000,5005.0000,5004.0000,5003.6000,5003.2000,5008.0000,5008.2000,5008.4000,5008.6000,5008.8000,3,2,7,1,1,3,20,1,1,2
SF,IC2003,2019-12-13 09:31:22.100,5006.6000,46404,0,678765640.000,0,-,-,-,-,5005.4000,5005.0000,5004.0000,5003.6000,5003.2000,5006.6000,5007.6000,5007.8000,5008.0000,5008.2000,2,2,7,1,1,1,3,5,3,20
SF,IC2003,2019-12-13 09:31:22.600,5006.6000,46404,0,678765640.000,0,-,-,-,-,5005.0000,5004.0000,5003.6000,5003.2000,5003.0000,5005.4000,5006.6000,5007.0000,5007.6000,5007.8000,2,7,1,1,1,3,1,1,3,5
SF,IC2003,2019-12-13 09:31:23.100,5005.4000,46400,-4,682769960.000,4,0,4,双平,S,5005.4000,5005.2000,5005.0000,5004.0000,5003.6000,5007.0000,5007.6000,5007.8000,5008.0000,5008.2000,5,1,2,7,1,1,1,1,3,20
SF,IC2003,2019-12-13 09:31:23.600,5005.4000,46400,0,682769960.000,0,-,-,-,-,5005.6000,5005.4000,5005.0000,5004.0000,5003.6000,5007.0000,5007.6000,5008.0000,5008.2000,5008.4000,1,4,2,7,1,1,1,4,20,1
SF,IC2003,2019-12-13 09:31:24.100,5005.4000,46400,0,682769960.000,0,-,-,-,-,5005.4000,5005.0000,5004.0000,5003.6000,5003.2000,5007.0000,5007.6000,5007.8000,5008.0000,5008.2000,4,6,7,1,1,2,1,1,4,20
SF,IC2003,2019-12-13 09:31:24.600,5005.4000,46400,0,682769960.000,0,-,-,-,-,5005.6000,5005.4000,5005.0000,5004.0000,5003.6000,5007.0000,5007.6000,5007.8000,5008.0000,5008.2000,2,4,6,7,1,2,1,1,4,20
SF,IC2003,2019-12-13 09:31:25.100,5007.0000,46400,0,683771360.000,1,0,1,多换,S,5005.6000,5005.4000,5005.0000,5004.0000,5003.6000,5007.0000,5007.6000,5007.8000,5008.0000,5008.2000,2,4,6,7,1,1,1,1,3,20
SF,IC2003,2019-12-13 09:31:26.100,5007.0000,46400,0,683771360.000,0,-,-,-,-,5005.6000,5005.4000,5005.0000,5004.0000,5003.6000,5007.0000,5007.6000,5007.8000,5008.0000,5008.2000,2,4,7,7,1,1,1,1,3,20
SF,IC2003,2019-12-13 09:31:26.600,5007.0000,46400,0,689779760.000,6,3,3,多换,S,5007.0000,5005.4000,5005.0000,5004.0000,5003.6000,5007.6000,5007.8000,5008.0000,5008.2000,5008.4000,4,1,7,7,1,1,1,3,20,1
SF,IC2003,2019-12-13 09:31:27.100,5007.0000,46400,0,693785360.000,4,2,2,多换,S,5005.0000,5004.0000,5003.6000,5003.2000,5003.0000,5006.8000,5007.0000,5007.2000,5007.8000,5008.0000,7,7,1,1,1,1,4,2,1,3
SF,IC2003,2019-12-13 09:31:27.600,5007.0000,46400,0,693785360.000,0,-,-,-,-,5005.2000,5005.0000,5004.0000,5003.6000,5003.2000,5007.0000,5007.2000,5007.8000,5008.0000,5008.2000,5,7,7,1,1,4,2,1,3,20
SF,IC2003,2019-12-13 09:31:28.100,5007.0000,46400,0,693785360.000,0,-,-,-,-,5005.2000,5005.0000,5004.0000,5003.6000,5003.2000,5005.6000,5007.0000,5007.2000,5007.8000,5008.0000,4,7,7,1,1,1,5,2,1,3
SF,IC2003,2019-12-13 09:31:28.600,5005.6000,46399,-1,696789000.000,3,1,2,多平,S,5005.6000,5005.2000,5005.0000,5004.0000,5003.6000,5007.0000,5007.2000,5007.8000,5008.0000,5008.2000,2,1,7,7,1,4,2,1,3,20
SF,IC2003,2019-12-13 09:31:29.100,5007.0000,46390,-9,706800760.000,10,0,10,多平,S,5005.0000,5004.0000,5003.6000,5003.2000,5003.0000,5007.2000,5007.8000,5008.0000,5008.2000,5008.4000,3,7,1,1,1,2,1,3,20,1
SF,IC2003,2019-12-13 09:31:29.600,5007.0000,46390,0,706800760.000,0,-,-,-,-,5005.2000,5005.0000,5004.0000,5003.6000,5003.2000,5007.0000,5007.2000,5007.8000,5008.0000,5008.2000,3,3,7,1,1,1,2,1,3,20
SF,IC2003,2019-12-13 09:31:30.100,5005.4000,46389,-1,707801840.000,1,0,1,双平,S,5005.2000,5005.0000,5004.0000,5003.6000,5003.2000,5007.0000,5007.2000,5007.8000,5008.0000,5008.2000,3,3,7,1,1,1,2,1,3,20
SF,IC2003,2019-12-13 09:31:30.600,5005.4000,46389,0,707801840.000,0,-,-,-,-,5005.4000,5005.2000,5005.0000,5004.0000,5003.6000,5007.0000,5007.8000,5008.0000,5008.2000,5008.4000,2,3,3,7,1,1,1,3,20,1
SF,IC2003,2019-12-13 09:31:31.100,5005.4000,46388,-1,708802920.000,1,0,1,双平,S,5005.2000,5005.0000,5004.0000,5003.6000,5003.2000,5005.4000,5006.8000,5007.0000,5007.8000,5008.0000,1,3,7,1,1,1,1,1,1,3
SF,IC2003,2019-12-13 09:31:31.600,5005.4000,46387,-1,709804000.000,1,0,1,双平,S,5005.4000,5005.0000,5004.0000,5003.6000,5003.2000,5007.0000,5007.8000,5008.0000,5008.2000,5008.4000,6,3,7,1,1,1,1,3,20,1
SF,IC2003,2019-12-13 09:31:32.100,5005.4000,46386,-1,710805080.000,1,0,1,双平,S,5005.4000,5005.0000,5004.0000,5003.6000,5003.2000,5007.0000,5007.8000,5008.0000,5008.2000,5008.4000,3,3,7,1,1,1,1,3,20,1
SF,IC2003,2019-12-13 09:31:32.600,5005.4000,46386,0,710805080.000,0,-,-,-,-,5005.4000,5005.0000,5004.0000,5003.6000,5003.2000,5006.8000,5007.0000,5007.4000,5007.8000,5008.0000,2,3,7,1,1,1,1,1,1,2
SF,IC2003,2019-12-13 09:31:33.100,5005.4000,46385,-1,711806160.000,1,0,1,双平,S,5005.4000,5005.0000,5004.0000,5003.6000,5003.2000,5006.6000,5007.0000,5007.4000,5007.8000,5008.0000,1,3,7,1,1,1,1,1,1,2
SF,IC2003,2019-12-13 09:31:33.600,5005.4000,46384,-1,712807240.000,1,0,1,双平,S,5005.0000,5004.0000,5003.6000,5003.2000,5003.0000,5005.4000,5006.0000,5006.4000,5007.0000,5007.4000,3,7,1,1,1,1,2,1,1,1
SF,IC2003,2019-12-13 09:31:34.100,5005.0000,46382,-2,715810240.000,3,0,3,多平,S,5004.0000,5003.6000,5003.2000,5003.0000,5002.2000,5005.4000,5006.0000,5007.0000,5007.4000,5007.8000,7,1,1,1,2,1,2,1,1,1
SF,IC2003,2019-12-13 09:31:35.100,5007.0000,46380,-2,719815120.000,4,1,3,多平,S,5004.2000,5004.0000,5003.6000,5003.2000,5003.0000,5007.4000,5007.8000,5008.0000,5008.2000,5008.4000,1,7,1,1,1,1,1,2,20,1
SF,IC2003,2019-12-13 09:31:35.600,5007.0000,46380,0,719815120.000,0,-,-,-,-,5004.2000,5004.0000,5003.6000,5003.2000,5003.0000,5006.2000,5007.0000,5007.2000,5007.4000,5007.8000,1,7,1,1,1,2,3,1,2,1
SF,IC2003,2019-12-13 09:31:36.100,5004.2000,46380,0,720815960.000,1,0,1,多换,S,5004.0000,5003.6000,5003.2000,5003.0000,5002.2000,5006.0000,5006.2000,5007.0000,5007.2000,5007.4000,7,1,1,1,2,1,2,4,1,2
SF,IC2003,2019-12-13 09:31:36.600,5004.2000,46380,0,721816800.000,1,0,1,多换,S,5004.2000,5004.0000,5003.6000,5003.2000,5003.0000,5005.2000,5005.8000,5006.2000,5007.0000,5007.2000,3,7,1,1,1,1,3,2,4,1
SF,IC2003,2019-12-13 09:31:37.100,5005.2000,46380,0,722817840.000,1,0,1,多换,S,5004.2000,5004.0000,5003.6000,5003.2000,5003.0000,5005.8000,5006.2000,5007.0000,5007.2000,5007.4000,2,7,1,1,1,2,2,4,1,2
SF,IC2003,2019-12-13 09:31:37.600,5004.2000,46380,0,723818680.000,1,0,1,多换,S,5004.2000,5004.0000,5003.6000,5003.2000,5003.0000,5005.6000,5005.8000,5007.0000,5007.2000,5007.4000,1,7,1,1,1,1,2,4,1,2
SF,IC2003,2019-12-13 09:31:38.100,5004.2000,46380,0,723818680.000,0,-,-,-,-,5004.2000,5004.0000,5003.6000,5003.2000,5003.0000,5005.4000,5005.8000,5007.0000,5007.2000,5007.4000,1,7,1,1,1,1,2,4,1,2
SF,IC2003,2019-12-13 09:31:38.600,5004.2000,46380,0,724819520.000,1,0,1,多换,S,5004.0000,5003.6000,5003.2000,5003.0000,5002.2000,5005.8000,5007.0000,5007.2000,5007.4000,5007.8000,7,1,1,1,2,2,4,1,1,1
SF,IC2003,2019-12-13 09:31:39.100,5004.2000,46380,0,724819520.000,0,-,-,-,-,5004.0000,5003.6000,5003.2000,5003.0000,5002.2000,5004.2000,5005.6000,5005.8000,5007.0000,5007.2000,7,1,1,1,2,3,1,2,4,1
SF,IC2003,2019-12-13 09:31:39.600,5004.2000,46380,0,724819520.000,0,-,-,-,-,5004.0000,5003.6000,5003.2000,5003.0000,5002.2000,5004.2000,5005.6000,5005.8000,5007.0000,5007.2000,7,1,1,1,2,3,1,3,4,1
SF,IC2003,2019-12-13 09:31:40.100,5004.2000,46377,-3,728822840.000,4,0,4,多平,S,5004.0000,5003.6000,5003.2000,5003.0000,5002.2000,5005.6000,5005.8000,5007.0000,5007.2000,5007.4000,6,1,1,1,2,1,3,4,1,1
SF,IC2003,2019-12-13 09:31:40.600,5004.0000,46376,-1,729823640.000,1,0,1,双平,S,5004.0000,5003.6000,5003.2000,5003.0000,5002.2000,5005.0000,5005.6000,5005.8000,5007.0000,5007.2000,5,1,1,1,2,1,1,4,4,1
SF,IC2003,2019-12-13 09:31:41.100,5004.0000,46375,-1,731825240.000,2,0,2,多平,S,5004.0000,5003.6000,5003.2000,5003.0000,5002.2000,5005.0000,5005.6000,5005.8000,5007.0000,5007.2000,3,1,1,1,2,1,2,4,4,1
SF,IC2003,2019-12-13 09:31:41.600,5005.8000,46372,-3,741836600.000,10,3,7,多平,S,5005.8000,5004.2000,5004.0000,5003.6000,5003.2000,5007.0000,5007.2000,5007.4000,5007.8000,5008.0000,1,1,3,1,1,3,1,1,1,2
SF,IC2003,2019-12-13 09:31:42.100,5005.8000,46371,-1,742837760.000,1,0,1,双平,S,5004.4000,5004.0000,5003.6000,5003.2000,5003.0000,5005.2000,5005.6000,5005.8000,5006.0000,5006.6000,1,3,1,3,1,1,1,2,1,2
SF,IC2003,2019-12-13 09:31:42.600,5004.6000,46369,-2,744839600.000,2,0,2,双平,S,5004.6000,5004.4000,5004.2000,5004.0000,5003.6000,5005.8000,5006.0000,5006.6000,5006.8000,5007.0000,1,1,1,3,1,1,1,2,1,3
SF,IC2003,2019-12-13 09:31:43.100,5004.6000,46369,0,744839600.000,0,-,-,-,-,5004.8000,5004.2000,5004.0000,5003.6000,5003.2000,5005.8000,5006.0000,5006.6000,5007.0000,5007.4000,2,1,3,1,3,1,1,2,3,1
SF,IC2003,2019-12-13 09:31:43.600,5004.6000,46370,1,745840520.000,1,1,0,双开,S,5004.2000,5004.0000,5003.6000,5003.2000,5003.0000,5005.8000,5006.0000,5006.2000,5007.0000,5007.4000,1,3,1,3,1,2,1,1,3,1
SF,IC2003,2019-12-13 09:31:44.100,5004.6000,46370,0,745840520.000,0,-,-,-,-,5004.2000,5004.0000,5003.6000,5003.2000,5003.0000,5004.4000,5005.6000,5005.8000,5006.0000,5006.2000,2,8,1,3,1,5,1,2,1,1
SF,IC2003,2019-12-13 09:31:44.600,5004.4000,46369,-1,751845800.000,6,2,4,多平,S,5004.6000,5004.4000,5004.2000,5004.0000,5003.6000,5005.8000,5006.0000,5006.2000,5007.0000,5007.4000,3,6,2,8,1,2,2,1,3,1
SF,IC2003,2019-12-13 09:31:45.100,5004.4000,46369,0,751845800.000,0,-,-,-,-,5004.6000,5004.2000,5004.0000,5003.6000,5003.2000,5005.6000,5005.8000,5006.0000,5006.2000,5006.6000,3,2,8,1,3,1,2,2,1,1
SF,IC2003,2019-12-13 09:31:45.600,5004.4000,46369,0,751845800.000,0,-,-,-,-,5004.2000,5004.0000,5003.6000,5003.2000,5003.0000,5005.8000,5006.0000,5006.2000,5006.6000,5007.0000,2,8,1,3,1,2,2,1,1,3
SF,IC2003,2019-12-13 09:31:46.100,5004.2000,46368,-1,754848320.000,3,1,2,多平,S,5004.0000,5003.6000,5003.2000,5003.0000,5002.2000,5005.6000,5005.8000,5006.0000,5006.2000,5006.6000,8,1,3,1,2,2,1,2,1,1
SF,IC2003,2019-12-13 09:31:46.600,5004.2000,46368,0,754848320.000,0,-,-,-,-,5004.0000,5003.6000,5003.2000,5003.0000,5002.2000,5004.2000,5004.6000,5005.4000,5005.6000,5005.8000,8,1,3,1,2,2,1,2,2,1
SF,IC2003,2019-12-13 09:31:47.100,5004.2000,46368,0,754848320.000,0,-,-,-,-,5004.0000,5003.6000,5003.4000,5003.2000,5003.0000,5004.2000,5004.6000,5005.2000,5005.4000,5005.6000,8,1,2,3,1,2,1,1,2,2
SF,IC2003,2019-12-13 09:31:47.600,5004.2000,46368,0,754848320.000,0,-,-,-,-,5004.0000,5003.6000,5003.4000,5003.2000,5003.0000,5004.2000,5004.6000,5005.4000,5005.6000,5005.8000,8,1,2,3,1,3,1,1,2,1
SF,IC2003,2019-12-13 09:31:48.100,5004.2000,46366,-2,757850840.000,3,0,3,多平,S,5004.2000,5004.0000,5003.6000,5003.4000,5003.2000,5004.6000,5005.4000,5005.6000,5005.8000,5006.0000,1,8,1,2,3,1,1,2,1,2
SF,IC2003,2019-12-13 09:31:48.600,5004.2000,46365,-1,758851680.000,1,0,1,双平,S,5004.2000,5004.0000,5003.6000,5003.4000,5003.2000,5004.6000,5005.4000,5005.6000,5005.8000,5006.0000,2,8,1,2,3,1,1,2,1,2
SF,IC2003,2019-12-13 09:31:49.100,5004.2000,46365,0,758851680.000,0,-,-,-,-,5004.2000,5004.0000,5003.6000,5003.4000,5003.2000,5004.6000,5005.4000,5005.6000,5005.8000,5006.0000,3,8,1,2,3,1,1,1,1,2
SF,IC2003,2019-12-13 09:31:49.600,5004.2000,46365,0,759852520.000,1,0,1,多换,S,5004.2000,5004.0000,5003.6000,5003.4000,5003.2000,5004.6000,5005.4000,5005.6000,5005.8000,5006.0000,2,8,1,2,3,1,1,1,1,2
SF,IC2003,2019-12-13 09:31:50.100,5004.0000,46363,-2,763855800.000,4,1,3,多平,S,5004.0000,5003.6000,5003.4000,5003.2000,5003.0000,5004.2000,5004.6000,5005.4000,5005.6000,5005.8000,6,1,2,3,3,8,1,1,1,1
SF,IC2003,2019-12-13 09:31:50.600,5004.0000,46357,-6,769860600.000,6,0,6,双平,S,5003.6000,5003.4000,5003.2000,5003.0000,5002.2000,5004.0000,5004.2000,5004.6000,5005.4000,5005.6000,1,2,3,3,2,6,8,1,1,1
SF,IC2003,2019-12-13 09:31:51.100,5003.4000,46356,-1,771862000.000,2,0,2,多平,S,5003.4000,5003.2000,5003.0000,5002.2000,5001.8000,5004.0000,5004.2000,5004.6000,5005.4000,5005.6000,1,3,3,2,1,3,8,1,1,1
SF,IC2003,2019-12-13 09:31:51.600,5004.0000,46356,0,773863480.000,2,1,1,多换,S,5003.2000,5003.0000,5002.4000,5001.8000,5001.2000,5004.0000,5004.2000,5004.6000,5005.4000,5005.6000,3,3,2,1,1,2,9,1,1,1
SF,IC2003,2019-12-13 09:31:52.100,5003.2000,46356,0,776865400.000,3,1,2,多换,S,5003.0000,5002.4000,5001.8000,5001.2000,5000.2000,5003.8000,5004.0000,5004.2000,5004.6000,5005.4000,3,2,1,1,2,1,2,9,1,1
SF,IC2003,2019-12-13 09:31:52.600,5003.2000,46356,0,776865400.000,0,-,-,-,-,5003.0000,5002.4000,5002.2000,5001.8000,5001.2000,5003.4000,5004.0000,5004.2000,5004.6000,5005.4000,3,2,2,1,1,1,2,9,1,1
SF,IC2003,2019-12-13 09:31:53.100,5003.0000,46356,0,778866600.000,2,1,1,多换,S,5003.0000,5002.4000,5002.2000,5001.8000,5001.2000,5003.4000,5004.0000,5004.2000,5004.6000,5005.4000,1,2,2,1,1,1,2,9,1,1
SF,IC2003,2019-12-13 09:31:53.600,5003.0000,46356,0,779867200.000,1,0,1,多换,S,5002.4000,5002.2000,5001.8000,5001.2000,5000.2000,5003.2000,5003.4000,5004.0000,5004.2000,5004.6000,2,2,1,1,2,1,2,2,9,1
SF,IC2003,2019-12-13 09:31:54.100,5003.0000,46356,0,779867200.000,0,-,-,-,-,5002.4000,5002.2000,5001.8000,5001.2000,5000.2000,5003.0000,5003.4000,5004.0000,5004.2000,5004.6000,2,2,1,1,2,6,2,2,10,1
SF,IC2003,2019-12-13 09:31:55.100,5003.0000,46356,0,780867800.000,1,0,1,多换,S,5002.4000,5002.2000,5001.8000,5001.2000,5000.2000,5003.0000,5003.4000,5004.0000,5004.2000,5004.6000,2,2,1,1,2,5,2,2,10,1
SF,IC2003,2019-12-13 09:31:55.600,5002.6000,46355,-1,781868320.000,1,0,1,双平,S,5002.4000,5002.2000,5001.8000,5001.4000,5001.2000,5003.0000,5003.4000,5004.0000,5004.2000,5004.6000,2,2,1,2,1,5,2,2,10,1
SF,IC2003,2019-12-13 09:31:56.100,5002.6000,46355,0,781868320.000,0,-,-,-,-,5002.4000,5002.2000,5001.8000,5001.4000,5001.2000,5003.0000,5003.4000,5004.0000,5004.2000,5004.6000,2,2,1,2,1,6,2,2,10,1
SF,IC2003,2019-12-13 09:31:56.600,5002.8000,46355,0,782868880.000,1,0,1,多换,S,5002.4000,5002.2000,5001.8000,5001.4000,5001.2000,5003.0000,5003.4000,5004.0000,5004.2000,5004.6000,2,2,1,2,3,6,2,1,10,1
SF,IC2003,2019-12-13 09:31:57.100,5002.4000,46355,0,783869360.000,1,0,1,多换,S,5002.4000,5002.2000,5001.8000,5001.4000,5001.2000,5003.0000,5003.4000,5004.0000,5004.2000,5004.6000,1,2,1,2,3,6,2,1,10,1
SF,IC2003,2019-12-13 09:31:57.600,5002.4000,46355,0,784869840.000,1,0,1,多换,S,5002.2000,5001.8000,5001.4000,5001.2000,5000.2000,5002.4000,5002.8000,5003.0000,5003.4000,5004.0000,2,1,2,3,2,1,1,6,2,1
SF,IC2003,2019-12-13 09:31:58.100,5002.2000,46355,0,786870720.000,2,1,1,多换,S,5001.8000,5001.4000,5001.2000,5000.2000,5000.0000,5003.0000,5003.4000,5004.0000,5004.2000,5004.6000,1,2,3,2,3,6,2,1,10,1
SF,IC2003,2019-12-13 09:31:58.600,5002.8000,46356,1,789872160.000,3,2,1,空开,S,5001.4000,5001.2000,5000.2000,5000.0000,4999.8000,5002.8000,5003.0000,5003.2000,5003.4000,5004.0000,2,3,2,3,24,1,6,5,2,1
SF,IC2003,2019-12-13 09:31:59.100,5001.4000,46356,0,791872720.000,2,1,1,多换,S,5001.2000,5001.0000,5000.2000,5000.0000,4999.8000,5001.4000,5002.4000,5002.6000,5003.0000,5003.2000,3,4,2,3,24,3,1,1,1,5
SF,IC2003,2019-12-13 09:31:59.600,5001.4000,46352,-4,795873840.000,4,0,4,双平,S,5001.2000,5001.0000,5000.2000,5000.0000,4999.8000,5002.4000,5003.0000,5003.2000,5003.4000,5004.0000,3,4,2,3,24,1,1,5,2,1
SF,IC2003,2019-12-13 09:32:00.100,5001.2000,46351,-1,796874080.000,1,0,1,双平,S,5001.2000,5001.0000,5000.2000,5000.0000,4999.8000,5002.0000,5002.2000,5002.4000,5003.0000,5003.2000,2,4,2,3,24,2,1,2,1,5
SF,IC2003,2019-12-13 09:32:00.600,5001.2000,46351,0,796874080.000,0,-,-,-,-,5001.2000,5001.0000,5000.2000,5000.0000,4999.8000,5002.4000,5003.0000,5003.2000,5003.4000,5004.0000,2,4,2,3,24,2,1,5,2,2
SF,IC2003,2019-12-13 09:32:01.100,5003.0000,46348,-3,799875640.000,3,0,3,双平,S,5001.4000,5001.2000,5001.0000,5000.6000,5000.2000,5002.2000,5003.2000,5003.4000,5004.0000,5004.2000,1,2,4,2,2,1,5,2,1,10
SF,IC2003,2019-12-13 09:32:01.600,5002.2000,46347,-1,801876680.000,2,0,2,多平,S,5002.2000,5001.6000,5001.4000,5001.2000,5001.0000,5003.2000,5003.4000,5004.0000,5004.2000,5005.0000,1,1,2,2,4,5,2,1,10,1
SF,IC2003,2019-12-13 09:32:02.100,5002.2000,46347,0,802877120.000,1,0,1,多换,S,5002.4000,5002.2000,5001.4000,5001.2000,5001.0000,5003.2000,5003.4000,5004.0000,5004.2000,5005.0000,1,1,2,2,4,5,2,1,10,1
SF,IC2003,2019-12-13 09:32:02.600,5002.2000,46344,-3,805878440.000,3,0,3,双平,S,5002.2000,5001.4000,5001.2000,5001.0000,5000.6000,5003.2000,5003.4000,5003.6000,5004.0000,5004.2000,1,1,2,4,2,5,2,1,1,10
SF,IC2003,2019-12-13 09:32:03.100,5002.2000,46342,-2,808879600.000,3,0,3,多平,S,5001.2000,5001.0000,5000.6000,5000.2000,5000.0000,5002.4000,5003.2000,5003.4000,5003.6000,5004.0000,2,4,2,2,4,1,5,2,1,1
SF,IC2003,2019-12-13 09:32:03.600,5002.4000,46340,-2,818881880.000,10,4,6,多平,S,5000.2000,5000.0000,4999.8000,4999.0000,4998.2000,5003.2000,5003.4000,5003.6000,5004.0000,5004.2000,2,4,24,6,1,5,2,1,1,2
SF,IC2003,2019-12-13 09:32:04.100,5002.4000,46340,0,818881880.000,0,-,-,-,-,5000.8000,5000.6000,5000.4000,5000.2000,5000.0000,5001.2000,5002.8000,5003.0000,5003.2000,5003.4000,1,3,1,2,4,3,1,1,5,2
SF,IC2003,2019-12-13 09:32:04.600,5001.2000,46337,-3,821882600.000,3,0,3,双平,S,5001.2000,5001.0000,5000.8000,5000.6000,5000.2000,5002.8000,5003.0000,5003.2000,5003.4000,5003.6000,1,1,1,2,2,1,2,5,2,1
SF,IC2003,2019-12-13 09:32:05.100,5001.2000,46334,-3,824883320.000,3,0,3,双平,S,5001.0000,5000.6000,5000.2000,5000.0000,4999.8000,5001.2000,5002.6000,5002.8000,5003.0000,5003.2000,1,2,2,6,24,14,1,1,2,5
SF,IC2003,2019-12-13 09:32:05.600,5001.2000,46320,-14,838886680.000,14,0,14,双平,S,5001.0000,5000.6000,5000.2000,5000.0000,4999.8000,5002.8000,5003.0000,5003.2000,5003.4000,5003.6000,1,2,2,6,24,1,2,5,2,1
SF,IC2003,2019-12-13 09:32:06.100,5001.0000,46319,-1,839886880.000,1,0,1,双平,S,5001.4000,5001.2000,5001.0000,5000.6000,5000.2000,5002.6000,5002.8000,5003.0000,5003.2000,5003.4000,1,2,1,4,2,1,1,2,5,2
SF,IC2003,2019-12-13 09:32:06.600,5001.0000,46319,0,839886880.000,0,-,-,-,-,5001.6000,5001.4000,5001.0000,5000.6000,5000.2000,5002.6000,5003.0000,5003.2000,5003.4000,5003.6000,2,1,1,4,2,1,2,5,2,1
SF,IC2003,2019-12-13 09:32:07.100,5001.6000,46318,-1,840887200.000,1,0,1,双平,S,5001.6000,5001.4000,5001.0000,5000.6000,5000.2000,5002.6000,5003.0000,5003.2000,5003.4000,5003.6000,1,1,1,4,2,1,1,5,2,1
SF,IC2003,2019-12-13 09:32:07.600,5001.4000,46316,-2,842887800.000,2,0,2,双平,S,5001.0000,5000.6000,5000.4000,5000.2000,5000.0000,5002.6000,5003.0000,5003.2000,5003.4000,5003.6000,1,4,2,2,6,1,2,5,2,1
SF,IC2003,2019-12-13 09:32:08.100,5001.4000,46316,0,842887800.000,0,-,-,-,-,5001.2000,5001.0000,5000.6000,5000.4000,5000.2000,5002.6000,5003.0000,5003.2000,5003.4000,5003.6000,2,1,4,2,4,2,2,5,2,1
SF,IC2003,2019-12-13 09:32:08.600,5002.6000,46317,1,843888320.000,1,1,0,双开,S,5001.2000,5001.0000,5000.6000,5000.4000,5000.2000,5002.6000,5003.0000,5003.2000,5003.4000,5003.6000,2,1,4,2,4,1,2,5,2,1
SF,IC2003,2019-12-13 09:32:09.100,5002.6000,46317,0,845889360.000,2,1,1,多换,S,5001.2000,5001.0000,5000.6000,5000.4000,5000.2000,5002.6000,5003.0000,5003.2000,5003.4000,5003.6000,1,1,4,2,4,1,2,5,2,1
SF,IC2003,2019-12-13 09:32:09.600,5002.6000,46317,0,845889360.000,0,-,-,-,-,5001.2000,5001.0000,5000.6000,5000.4000,5000.2000,5002.6000,5003.0000,5003.2000,5003.4000,5003.6000,1,1,4,2,4,1,2,5,2,1
SF,IC2003,2019-12-13 09:32:10.100,5002.6000,46317,0,846889880.000,1,0,1,多换,S,5001.4000,5001.2000,5001.0000,5000.6000,5000.4000,5003.0000,5003.2000,5003.4000,5003.6000,5004.0000,1,1,1,4,2,2,5,2,1,1
SF,IC2003,2019-12-13 09:32:10.600,5003.0000,46316,-1,848891080.000,2,0,2,多平,S,5001.6000,5001.0000,5000.6000,5000.4000,5000.2000,5003.2000,5003.4000,5003.6000,5004.0000,5004.2000,2,1,4,2,4,5,2,1,1,1
SF,IC2003,2019-12-13 09:32:11.100,5003.2000,46316,0,850892360.000,2,1,1,多换,S,5001.6000,5001.0000,5000.6000,5000.4000,5000.2000,5003.2000,5003.4000,5003.6000,5004.0000,5004.2000,2,1,4,2,4,3,2,1,1,1
SF,IC2003,2019-12-13 09:32:11.600,5001.8000,46315,-1,855895000.000,5,2,3,多平,S,5001.6000,5001.0000,5000.6000,5000.4000,5000.2000,5003.4000,5003.6000,5004.0000,5004.2000,5005.0000,4,1,4,2,4,2,1,1,1,3
SF,IC2003,2019-12-13 09:32:12.100,5001.8000,46315,0,855895000.000,0,-,-,-,-,5002.0000,5001.8000,5001.6000,5001.0000,5000.6000,5003.4000,5003.6000,5004.0000,5004.2000,5005.0000,1,2,4,1,4,2,1,1,1,3
SF,IC2003,2019-12-13 09:32:12.600,5001.8000,46315,0,855895000.000,0,-,-,-,-,5002.2000,5002.0000,5001.8000,5001.6000,5001.0000,5002.8000,5003.4000,5003.6000,5004.0000,5004.2000,2,1,2,2,1,1,2,1,1,1
SF,IC2003,2019-12-13 09:32:13.100,5002.8000,46314,-1,856895560.000,1,0,1,双平,S,5003.0000,5002.4000,5002.2000,5002.0000,5001.8000,5003.2000,5003.4000,5003.6000,5004.0000,5004.2000,1,2,2,1,2,1,2,1,1,1
SF,IC2003,2019-12-13 09:32:13.600,5003.0000,46313,-1,857896160.000,1,0,1,双平,S,5002.0000,5001.8000,5001.0000,5000.6000,5000.4000,5003.0000,5003.2000,5003.4000,5003.6000,5004.0000,1,2,1,4,2,1,1,2,1,1
SF,IC2003,2019-12-13 09:32:14.100,5003.0000,46313,0,857896160.000,0,-,-,-,-,5002.2000,5001.8000,5001.0000,5000.6000,5000.4000,5003.0000,5003.2000,5003.4000,5003.6000,5004.0000,2,2,1,4,2,1,1,2,1,1
SF,IC2003,2019-12-13 09:32:14.600,5003.0000,46311,-2,859897360.000,2,0,2,双平,S,5002.2000,5001.8000,5001.0000,5000.6000,5000.4000,5003.2000,5003.4000,5003.6000,5004.0000,5005.0000,2,2,1,4,2,1,2,1,1,3
SF,IC2003,2019-12-13 09:32:15.100,5003.0000,46311,0,859897360.000,0,-,-,-,-,5002.2000,5001.8000,5001.0000,5000.6000,5000.4000,5002.8000,5003.2000,5003.4000,5003.6000,5004.0000,2,2,1,4,2,1,1,2,1,1
SF,IC2003,2019-12-13 09:32:15.600,5003.2000,46311,0,861898560.000,2,1,1,多换,S,5002.8000,5002.6000,5002.2000,5001.8000,5001.0000,5003.4000,5003.6000,5004.0000,5005.0000,5005.6000,1,2,3,2,1,2,1,1,3,2
SF,IC2003,2019-12-13 09:32:16.100,5003.4000,46309,-2,863899920.000,2,0,2,双平,S,5003.0000,5002.2000,5002.0000,5001.8000,5001.0000,5003.2000,5003.6000,5005.0000,5005.6000,5005.8000,1,2,1,2,1,20,1,3,2,1
SF,IC2003,2019-12-13 09:32:16.600,5003.0000,46306,-3,868902920.000,5,1,4,多平,S,5002.2000,5002.0000,5001.0000,5000.6000,5000.4000,5003.2000,5003.6000,5005.0000,5005.6000,5005.8000,2,1,1,4,2,20,1,3,2,1
SF,IC2003,2019-12-13 09:32:17.100,5002.8000,46306,0,869903480.000,1,0,1,多换,S,5002.8000,5002.6000,5002.4000,5002.2000,5002.0000,5003.2000,5003.6000,5005.0000,5005.6000,5005.8000,1,2,4,3,1,20,1,3,2,1
SF,IC2003,2019-12-13 09:32:17.600,5002.8000,46306,0,869903480.000,0,-,-,-,-,5002.4000,5002.2000,5002.0000,5001.0000,5000.6000,5002.8000,5003.2000,5003.6000,5005.0000,5005.6000,4,3,1,1,4,1,21,1,3,2
SF,IC2003,2019-12-13 09:32:18.100,5002.8000,46305,-1,870904040.000,1,0,1,双平,S,5002.8000,5002.4000,5002.2000,5002.0000,5001.0000,5003.2000,5003.6000,5005.0000,5005.6000,5005.8000,6,4,3,1,1,21,1,3,2,1
SF,IC2003,2019-12-13 09:32:18.600,5002.8000,46305,0,870904040.000,0,-,-,-,-,5002.8000,5002.4000,5002.2000,5002.0000,5001.2000,5003.2000,5003.6000,5005.0000,5005.6000,5005.8000,2,4,4,1,1,21,1,3,2,1
SF,IC2003,2019-12-13 09:32:19.100,5002.8000,46305,0,870904040.000,0,-,-,-,-,5002.8000,5002.4000,5002.2000,5002.0000,5001.2000,5003.2000,5003.6000,5005.0000,5005.6000,5005.8000,2,4,2,1,1,21,1,3,2,1
SF,IC2003,2019-12-13 09:32:19.600,5002.8000,46305,0,870904040.000,0,-,-,-,-,5002.4000,5002.2000,5002.0000,5001.2000,5001.0000,5003.2000,5003.6000,5005.0000,5005.6000,5005.8000,4,2,1,1,1,21,1,3,2,1
SF,IC2003,2019-12-13 09:32:20.100,5002.8000,46305,0,870904040.000,0,-,-,-,-,5002.6000,5002.4000,5002.2000,5002.0000,5001.2000,5003.2000,5003.6000,5005.0000,5005.6000,5005.8000,1,7,3,1,1,21,1,3,2,1
SF,IC2003,2019-12-13 09:32:20.600,5002.8000,46305,0,870904040.000,0,-,-,-,-,5002.4000,5002.2000,5002.0000,5001.2000,5001.0000,5003.2000,5003.6000,5005.0000,5005.6000,5005.8000,7,3,1,1,1,21,1,3,2,1
SF,IC2003,2019-12-13 09:32:21.100,5002.8000,46305,0,870904040.000,0,-,-,-,-,5003.0000,5002.8000,5002.4000,5002.2000,5002.0000,5003.2000,5003.6000,5005.0000,5005.6000,5005.8000,1,1,7,3,1,21,1,3,2,1
SF,IC2003,2019-12-13 09:32:21.600,5002.8000,46305,0,871904600.000,1,0,1,多换,S,5002.4000,5002.2000,5002.0000,5001.2000,5001.0000,5002.8000,5003.2000,5005.0000,5005.6000,5005.8000,7,3,1,1,1,1,21,3,2,1
SF,IC2003,2019-12-13 09:32:22.100,5002.8000,46305,0,872905160.000,1,0,1,多换,S,5002.8000,5002.4000,5002.2000,5002.0000,5001.2000,5003.2000,5005.0000,5005.6000,5005.8000,5006.0000,1,7,3,1,1,21,3,2,1,2
SF,IC2003,2019-12-13 09:32:22.600,5002.8000,46302,-3,877907880.000,5,1,4,多平,S,5002.4000,5002.2000,5002.0000,5001.2000,5001.0000,5002.8000,5003.2000,5005.0000,5005.6000,5005.8000,3,2,1,1,1,1,21,3,2,1
SF,IC2003,2019-12-13 09:32:23.100,5002.4000,46299,-3,880909320.000,3,0,3,双平,S,5002.2000,5002.0000,5001.2000,5001.0000,5000.6000,5002.4000,5003.0000,5003.2000,5005.0000,5005.6000,2,1,1,1,6,8,1,21,3,2
SF,IC2003,2019-12-13 09:32:23.600,5002.4000,46295,-4,884911240.000,4,0,4,双平,S,5002.2000,5002.0000,5001.2000,5001.0000,5000.6000,5002.4000,5003.0000,5003.2000,5005.0000,5005.6000,3,1,1,1,5,3,1,21,3,2
SF,IC2003,2019-12-13 09:32:24.100,5002.0000,46292,-3,888912960.000,4,0,4,多平,S,5001.2000,5001.0000,5000.6000,5000.4000,5000.2000,5002.4000,5003.0000,5003.2000,5005.0000,5005.6000,1,1,5,2,4,3,1,21,3,2
SF,IC2003,2019-12-13 09:32:24.600,5002.2000,46290,-2,891914240.000,3,0,3,多平,S,5001.6000,5001.2000,5001.0000,5000.6000,5000.4000,5002.4000,5003.0000,5003.2000,5005.0000,5005.6000,1,1,1,3,2,3,1,21,3,2
SF,IC2003,2019-12-13 09:32:25.100,5002.2000,46290,0,891914240.000,0,-,-,-,-,5001.2000,5000.6000,5000.4000,5000.2000,5000.0000,5002.2000,5002.4000,5003.0000,5003.2000,5005.0000,1,3,2,4,9,2,3,1,21,3
SF,IC2003,2019-12-13 09:32:25.600,5002.2000,46290,0,891914240.000,0,-,-,-,-,5001.2000,5000.6000,5000.4000,5000.2000,5000.0000,5002.2000,5002.4000,5003.0000,5003.2000,5005.0000,2,3,2,4,9,2,3,1,21,3
SF,IC2003,2019-12-13 09:32:26.100,5002.2000,46290,0,891914240.000,0,-,-,-,-,5001.2000,5000.6000,5000.4000,5000.2000,5000.0000,5002.2000,5002.4000,5003.0000,5003.2000,5005.0000,2,3,2,4,9,1,3,1,21,3
SF,IC2003,2019-12-13 09:32:26.600,5002.2000,46290,0,891914240.000,0,-,-,-,-,5001.2000,5000.6000,5000.4000,5000.2000,5000.0000,5002.4000,5003.0000,5003.2000,5005.0000,5005.6000,2,3,2,4,9,3,1,21,3,2
SF,IC2003,2019-12-13 09:32:27.100,5002.2000,46290,0,891914240.000,0,-,-,-,-,5001.2000,5000.6000,5000.4000,5000.2000,5000.0000,5002.4000,5003.0000,5003.2000,5005.0000,5005.6000,2,3,2,4,9,3,1,21,3,2
SF,IC2003,2019-12-13 09:32:27.600,5002.4000,46290,0,893915160.000,2,1,1,多换,S,5002.2000,5001.2000,5000.6000,5000.4000,5000.2000,5002.4000,5003.0000,5003.2000,5005.0000,5005.6000,1,2,3,2,4,2,1,21,3,2
SF,IC2003,2019-12-13 09:32:28.100,5002.4000,46290,0,899917880.000,6,3,3,多换,S,5001.4000,5001.2000,5000.6000,5000.4000,5000.2000,5003.0000,5003.2000,5005.0000,5005.6000,5005.8000,1,2,3,2,4,1,21,3,2,1
SF,IC2003,2019-12-13 09:32:28.600,5002.4000,46290,0,899917880.000,0,-,-,-,-,5001.4000,5001.2000,5000.6000,5000.4000,5000.2000,5002.8000,5003.0000,5003.2000,5005.0000,5005.6000,1,2,3,2,4,1,1,21,3,2
SF,IC2003,2019-12-13 09:32:29.100,5002.4000,46290,0,899917880.000,0,-,-,-,-,5002.2000,5001.4000,5001.2000,5000.6000,5000.4000,5002.8000,5003.0000,5003.2000,5005.0000,5005.6000,1,1,2,3,2,1,1,21,3,2
SF,IC2003,2019-12-13 09:32:29.600,5002.8000,46289,-1,900918440.000,1,0,1,双平,S,5002.2000,5001.4000,5001.2000,5000.6000,5000.4000,5003.0000,5003.2000,5005.0000,5005.6000,5005.8000,1,1,2,3,2,1,21,3,2,1
SF,IC2003,2019-12-13 09:32:30.100,5003.0000,46288,-1,901919040.000,1,0,1,双平,S,5003.0000,5002.4000,5002.2000,5001.4000,5001.2000,5003.2000,5005.0000,5005.6000,5005.8000,5006.0000,1,2,2,1,2,21,3,2,1,2
SF,IC2003,2019-12-13 09:32:30.600,5003.2000,46286,-2,903920320.000,2,0,2,双平,S,5003.0000,5002.4000,5002.2000,5001.4000,5001.2000,5003.2000,5005.0000,5005.6000,5005.8000,5006.0000,3,1,2,1,2,19,3,2,1,2
SF,IC2003,2019-12-13 09:32:31.100,5003.2000,46283,-3,906922160.000,3,0,3,双平,S,5003.0000,5002.2000,5001.4000,5001.2000,5000.6000,5003.2000,5005.0000,5005.6000,5005.8000,5006.0000,1,2,1,2,3,18,3,2,1,2
SF,IC2003,2019-12-13 09:32:31.600,5003.2000,46282,-1,908923400.000,2,0,2,多平,S,5002.2000,5001.2000,5000.6000,5000.4000,5000.2000,5003.2000,5005.0000,5005.6000,5005.8000,5006.0000,2,2,3,2,4,17,3,2,1,2
SF,IC2003,2019-12-13 09:32:32.100,5003.2000,46282,0,908923400.000,0,-,-,-,-,5002.2000,5001.2000,5000.6000,5000.4000,5000.2000,5003.2000,5005.0000,5005.6000,5005.8000,5006.0000,5,2,3,2,4,17,3,2,1,2
SF,IC2003,2019-12-13 09:32:32.600,5003.2000,46279,-3,911925320.000,3,0,3,双平,S,5002.8000,5002.4000,5002.2000,5001.2000,5000.6000,5003.2000,5005.0000,5005.6000,5005.8000,5006.0000,2,2,5,2,3,14,3,2,1,2
SF,IC2003,2019-12-13 09:32:33.100,5003.2000,46266,-13,924933640.000,13,0,13,双平,S,5003.0000,5002.4000,5002.2000,5001.2000,5000.6000,5003.2000,5005.0000,5005.6000,5005.8000,5006.0000,3,2,4,2,3,1,3,2,1,2
SF,IC2003,2019-12-13 09:32:33.600,5003.2000,46266,0,925934280.000,1,0,1,多换,S,5003.2000,5003.0000,5002.2000,5001.2000,5000.6000,5005.0000,5005.6000,5005.8000,5006.0000,5006.2000,5,3,4,2,3,3,2,1,2,1
SF,IC2003,2019-12-13 09:32:34.100,5003.2000,46266,0,925934280.000,0,-,-,-,-,5003.8000,5003.6000,5003.4000,5003.2000,5003.0000,5005.0000,5005.6000,5005.8000,5006.0000,5006.2000,2,1,3,5,2,3,2,1,2,1
SF,IC2003,2019-12-13 09:32:34.600,5003.2000,46265,-1,926934920.000,1,0,1,双平,S,5004.0000,5003.2000,5003.0000,5002.2000,5001.2000,5005.0000,5005.6000,5005.8000,5006.0000,5006.2000,4,5,2,5,2,3,2,1,2,1
SF,IC2003,2019-12-13 09:32:35.100,5005.0000,46264,-1,929937920.000,3,1,2,多平,S,5004.2000,5004.0000,5003.2000,5003.0000,5002.2000,5005.6000,5005.8000,5006.0000,5006.2000,5006.6000,3,2,5,2,5,2,1,2,1,1
SF,IC2003,2019-12-13 09:32:35.600,5004.4000,46263,-1,930938800.000,1,0,1,双平,S,5004.2000,5004.0000,5003.2000,5003.0000,5002.2000,5005.4000,5005.6000,5005.8000,5006.0000,5006.2000,1,1,5,2,2,1,2,1,2,1
SF,IC2003,2019-12-13 09:32:36.100,5005.6000,46261,-2,933942120.000,3,0,3,多平,S,5005.6000,5004.4000,5004.2000,5004.0000,5003.2000,5005.8000,5006.0000,5006.2000,5006.6000,5007.0000,2,1,1,1,5,1,2,1,1,1
SF,IC2003,2019-12-13 09:32:36.600,5005.6000,46259,-2,935944360.000,2,0,2,双平,S,5004.4000,5004.2000,5004.0000,5003.2000,5003.0000,5005.0000,5005.4000,5005.6000,5005.8000,5006.0000,1,1,1,2,2,1,1,2,1,2
SF,IC2003,2019-12-13 09:32:37.100,5004.0000,46256,-3,938946880.000,3,0,3,双平,S,5003.2000,5003.0000,5002.2000,5001.2000,5000.6000,5005.6000,5005.8000,5006.0000,5006.2000,5006.6000,2,2,2,2,3,3,1,2,1,1
SF,IC2003,2019-12-13 09:32:37.600,5004.0000,46256,0,938946880.000,0,-,-,-,-,5004.4000,5003.6000,5003.4000,5003.2000,5003.0000,5005.4000,5005.6000,5005.8000,5006.0000,5006.2000,2,8,8,2,2,1,3,1,2,1
SF,IC2003,2019-12-13 09:32:38.100,5005.6000,46255,-1,940949080.000,2,0,2,多平,S,5004.6000,5004.0000,5003.6000,5003.4000,5003.2000,5005.8000,5006.0000,5006.2000,5006.6000,5007.0000,3,1,7,7,2,1,2,1,1,1
SF,IC2003,2019-12-13 09:32:38.600,5006.0000,46254,-1,943952640.000,3,1,2,多平,S,5006.0000,5004.8000,5004.6000,5004.0000,5003.6000,5006.2000,5006.6000,5007.0000,5007.6000,5007.8000,2,1,6,1,5,1,1,1,2,1
SF,IC2003,2019-12-13 09:32:39.100,5006.2000,46253,-1,944953880.000,1,0,1,双平,S,5005.8000,5004.8000,5004.6000,5004.0000,5003.6000,5006.6000,5007.0000,5007.6000,5007.8000,5008.0000,1,1,6,1,5,1,1,2,1,3
SF,IC2003,2019-12-13 09:32:39.600,5006.2000,46253,0,944953880.000,0,-,-,-,-,5006.2000,5006.0000,5005.8000,5005.6000,5004.8000,5006.6000,5007.0000,5007.6000,5007.8000,5008.0000,1,1,1,10,1,1,1,2,1,3
SF,IC2003,2019-12-13 09:32:40.100,5006.6000,46251,-2,946956520.000,2,0,2,双平,S,5006.4000,5006.2000,5006.0000,5005.8000,5005.6000,5007.0000,5007.6000,5007.8000,5008.0000,5008.2000,3,7,1,1,10,1,2,1,3,20
SF,IC2003,2019-12-13 09:32:40.600,5007.0000,46250,-1,947957920.000,1,0,1,双平,S,5007.0000,5006.8000,5006.6000,5006.4000,5005.8000,5007.6000,5007.8000,5008.0000,5008.2000,5008.6000,1,7,1,3,1,2,1,3,20,1
SF,IC2003,2019-12-13 09:32:41.100,5007.0000,46250,0,947957920.000,0,-,-,-,-,5005.8000,5005.6000,5005.0000,5004.8000,5004.4000,5006.8000,5007.0000,5007.6000,5007.8000,5008.0000,1,10,1,1,2,2,1,2,1,3
SF,IC2003,2019-12-13 09:32:41.600,5006.8000,46249,-1,948959280.000,1,0,1,双平,S,5006.0000,5005.8000,5005.6000,5005.4000,5004.4000,5006.2000,5006.8000,5007.6000,5007.8000,5008.0000,8,2,10,1,2,1,1,2,1,3
SF,IC2003,2019-12-13 09:32:42.100,5006.2000,46248,-1,949960520.000,1,0,1,双平,S,5007.0000,5006.8000,5006.4000,5006.2000,5006.0000,5007.6000,5007.8000,5008.0000,5008.2000,5008.6000,1,2,2,3,7,2,1,3,20,1
SF,IC2003,2019-12-13 09:32:42.600,5006.2000,46248,0,951963160.000,2,1,1,多换,S,5006.2000,5006.0000,5005.8000,5005.6000,5004.4000,5007.0000,5007.4000,5007.6000,5007.8000,5008.0000,1,5,2,10,2,1,1,2,1,3
SF,IC2003,2019-12-13 09:32:43.100,5006.2000,46247,-1,953965640.000,2,0,2,多平,S,5006.6000,5006.4000,5006.2000,5005.8000,5005.6000,5007.0000,5007.6000,5007.8000,5008.0000,5008.2000,5,4,1,1,10,1,2,1,3,20
SF,IC2003,2019-12-13 09:32:43.600,5006.8000,46243,-4,957971040.000,4,0,4,双平,S,5006.6000,5006.4000,5006.2000,5005.8000,5005.6000,5007.0000,5007.6000,5007.8000,5008.0000,5008.2000,2,1,1,1,10,1,2,1,3,20
SF,IC2003,2019-12-13 09:32:44.100,5006.6000,46241,-2,959973680.000,2,0,2,双平,S,5006.2000,5005.8000,5005.6000,5004.4000,5003.6000,5006.6000,5006.8000,5007.0000,5007.4000,5007.6000,1,1,10,2,2,1,1,1,1,2
SF,IC2003,2019-12-13 09:32:44.600,5007.0000,46239,-2,962977760.000,3,0,3,多平,S,5006.6000,5006.4000,5006.2000,5005.8000,5005.6000,5007.4000,5007.6000,5007.8000,5008.0000,5008.2000,1,7,1,1,10,1,2,1,3,20
SF,IC2003,2019-12-13 09:32:45.100,5007.6000,46238,-1,965982280.000,3,1,2,多平,S,5007.6000,5007.4000,5007.0000,5006.8000,5006.6000,5007.8000,5008.0000,5008.2000,5008.6000,5008.8000,2,2,2,5,6,1,3,20,1,3
SF,IC2003,2019-12-13 09:32:45.600,5007.6000,46234,-4,969988360.000,4,0,4,双平,S,5007.0000,5006.8000,5006.6000,5006.4000,5005.8000,5007.8000,5008.0000,5008.2000,5008.6000,5008.8000,2,5,6,2,1,1,3,20,1,3
SF,IC2003,2019-12-13 09:32:46.100,5007.6000,46234,0,969988360.000,0,-,-,-,-,5007.2000,5006.6000,5005.8000,5005.6000,5004.4000,5007.6000,5007.8000,5008.0000,5008.2000,5008.6000,1,1,1,10,2,1,1,3,20,1
SF,IC2003,2019-12-13 09:32:46.600,5007.6000,46234,0,969988360.000,0,-,-,-,-,5007.2000,5006.6000,5005.8000,5005.6000,5004.4000,5007.8000,5008.0000,5008.2000,5008.6000,5008.8000,1,1,1,10,2,1,3,20,1,3
SF,IC2003,2019-12-13 09:32:47.600,5007.6000,46234,0,969988360.000,0,-,-,-,-,5007.2000,5006.6000,5005.8000,5005.6000,5004.4000,5007.4000,5007.8000,5008.0000,5008.2000,5008.6000,1,1,1,10,2,1,1,3,20,1
SF,IC2003,2019-12-13 09:32:48.100,5007.4000,46233,-1,970989840.000,1,0,1,双平,S,5007.6000,5007.2000,5006.6000,5005.8000,5005.6000,5007.8000,5008.0000,5008.2000,5008.6000,5008.8000,1,1,1,1,10,1,3,20,1,3
SF,IC2003,2019-12-13 09:32:48.600,5007.2000,46233,0,972992800.000,2,1,1,多换,S,5006.6000,5005.8000,5005.6000,5004.4000,5003.6000,5007.8000,5008.0000,5008.2000,5008.6000,5008.8000,1,1,10,2,2,1,3,20,1,3
SF,IC2003,2019-12-13 09:32:49.100,5007.2000,46233,0,972992800.000,0,-,-,-,-,5006.6000,5006.4000,5005.8000,5005.6000,5004.4000,5007.2000,5007.6000,5007.8000,5008.0000,5008.2000,1,1,1,10,2,1,1,2,3,20
SF,IC2003,2019-12-13 09:32:49.600,5006.4000,46231,-2,974995400.000,2,0,2,双平,S,5006.6000,5005.8000,5005.6000,5004.4000,5003.6000,5007.2000,5007.6000,5007.8000,5008.0000,5008.2000,1,1,10,2,2,1,1,2,3,20
SF,IC2003,2019-12-13 09:32:50.100,5006.6000,46231,0,975996720.000,1,0,1,多换,S,5005.8000,5005.6000,5004.4000,5003.6000,5003.4000,5006.6000,5007.0000,5007.2000,5007.8000,5008.0000,1,10,2,2,2,2,1,2,2,3
SF,IC2003,2019-12-13 09:32:50.600,5006.6000,46231,0,975996720.000,0,-,-,-,-,5006.2000,5006.0000,5005.8000,5005.6000,5004.4000,5006.6000,5007.0000,5007.2000,5007.8000,5008.0000,1,5,2,10,2,1,1,2,2,3
SF,IC2003,2019-12-13 09:32:51.100,5007.2000,46231,0,977999480.000,2,1,1,多换,S,5006.2000,5005.8000,5005.6000,5004.4000,5003.6000,5007.2000,5007.8000,5008.0000,5008.2000,5008.6000,1,2,10,2,4,1,2,3,20,1
SF,IC2003,2019-12-13 09:32:51.600,5007.2000,46231,0,977999480.000,0,-,-,-,-,5006.6000,5006.2000,5005.8000,5005.6000,5004.4000,5007.2000,5007.8000,5008.0000,5008.2000,5008.6000,1,1,2,10,2,1,2,4,20,1
SF,IC2003,2019-12-13 09:32:52.100,5007.2000,46231,0,977999480.000,0,-,-,-,-,5006.6000,5006.2000,5005.8000,5005.6000,5004.4000,5007.2000,5007.8000,5008.0000,5008.2000,5008.6000,2,1,3,10,2,1,1,4,20,1
SF,IC2003,2019-12-13 09:32:52.600,5006.6000,46230,-1,979000800.000,1,0,1,双平,S,5006.6000,5006.2000,5005.8000,5005.6000,5004.4000,5007.2000,5007.8000,5008.0000,5008.2000,5008.6000,2,1,3,10,2,1,1,5,20,1
SF,IC2003,2019-12-13 09:32:53.100,5006.6000,46228,-2,981003440.000,2,0,2,双平,S,5006.2000,5005.8000,5005.6000,5004.4000,5004.0000,5006.6000,5007.0000,5007.2000,5007.8000,5008.0000,1,3,10,2,2,3,2,1,1,5
SF,IC2003,2019-12-13 09:32:53.600,5006.2000,46228,0,982004680.000,1,0,1,多换,S,5005.8000,5005.6000,5004.4000,5004.0000,5003.8000,5006.2000,5006.4000,5006.6000,5007.2000,5007.8000,3,10,2,2,2,1,1,3,1,1
SF,IC2003,2019-12-13 09:32:54.100,5005.6000,46226,-2,986009280.000,4,1,3,多平,S,5005.6000,5004.4000,5004.2000,5004.0000,5003.8000,5006.6000,5007.2000,5007.8000,5008.0000,5008.2000,9,2,2,2,2,3,1,1,5,20
SF,IC2003,2019-12-13 09:32:54.600,5005.6000,46219,-7,993017120.000,7,0,7,双平,S,5005.6000,5004.2000,5004.0000,5003.8000,5003.6000,5005.8000,5006.4000,5006.6000,5007.0000,5007.2000,2,2,2,2,4,1,1,3,1,1
SF,IC2003,2019-12-13 09:32:55.100,5005.6000,46217,-2,995019360.000,2,0,2,双平,S,5004.4000,5004.2000,5004.0000,5003.8000,5003.6000,5005.6000,5005.8000,5006.4000,5006.6000,5007.0000,2,2,2,2,2,4,1,1,3,1
SF,IC2003,2019-12-13 09:32:55.600,5005.6000,46217,0,995019360.000,0,-,-,-,-,5004.4000,5004.2000,5004.0000,5003.8000,5003.6000,5005.4000,5005.6000,5005.8000,5006.4000,5006.6000,2,2,2,2,2,1,4,1,1,3
SF,IC2003,2019-12-13 09:32:56.100,5005.6000,46217,0,995019360.000,0,-,-,-,-,5004.4000,5004.2000,5004.0000,5003.8000,5003.6000,5005.2000,5005.4000,5005.6000,5005.8000,5006.4000,2,2,2,2,2,1,1,3,1,1
SF,IC2003,2019-12-13 09:32:56.600,5004.4000,46217,0,998022000.000,3,1,2,多换,S,5004.6000,5004.2000,5004.0000,5003.8000,5003.6000,5005.0000,5005.4000,5005.6000,5005.8000,5006.4000,1,2,2,2,2,2,1,1,1,1
SF,IC2003,2019-12-13 09:32:57.100,5005.0000,46217,0,1003026640.000,5,2,3,多换,S,5004.2000,5004.0000,5003.8000,5003.6000,5003.4000,5005.0000,5005.4000,5005.6000,5005.8000,5006.4000,2,2,2,2,2,1,1,1,1,1
SF,IC2003,2019-12-13 09:32:57.600,5005.0000,46217,0,1003026640.000,0,-,-,-,-,5004.2000,5004.0000,5003.8000,5003.6000,5003.4000,5004.8000,5005.4000,5005.6000,5005.8000,5006.4000,2,2,2,2,2,1,1,1,1,1
SF,IC2003,2019-12-13 09:32:58.100,5004.8000,46216,-1,1004027600.000,1,0,1,双平,S,5005.0000,5004.2000,5004.0000,5003.8000,5003.6000,5005.4000,5005.6000,5005.8000,5006.4000,5006.6000,1,2,2,2,2,1,1,1,1,1
SF,IC2003,2019-12-13 09:32:58.600,5005.0000,46215,-1,1007030680.000,3,1,2,多平,S,5004.8000,5004.2000,5004.0000,5003.8000,5003.6000,5005.0000,5005.8000,5006.4000,5006.6000,5007.0000,3,2,2,2,2,5,1,1,1,2
SF,IC2003,2019-12-13 09:32:59.100,5005.0000,46210,-5,1012035680.000,5,0,5,双平,S,5005.2000,5005.0000,5004.2000,5004.0000,5003.8000,5005.8000,5006.4000,5006.6000,5007.0000,5007.2000,2,6,2,2,2,1,1,1,2,1
SF,IC2003,2019-12-13 09:32:59.600,5005.0000,46210,0,1012035680.000,0,-,-,-,-,5005.2000,5005.0000,5004.2000,5004.0000,5003.8000,5005.8000,5006.4000,5006.6000,5007.0000,5007.2000,2,3,2,2,2,1,1,1,2,1
SF,IC2003,2019-12-13 09:33:00.100,5005.8000,46209,-1,1013036840.000,1,0,1,双平,S,5005.2000,5005.0000,5004.2000,5004.0000,5003.8000,5006.4000,5006.6000,5007.0000,5007.2000,5007.8000,2,3,2,2,2,1,1,2,1,1
SF,IC2003,2019-12-13 09:33:00.600,5005.8000,46209,0,1013036840.000,0,-,-,-,-,5005.8000,5005.2000,5005.0000,5004.2000,5004.0000,5006.6000,5007.0000,5007.2000,5007.8000,5008.0000,1,1,3,2,2,1,2,1,1,5
SF,IC2003,2019-12-13 09:33:01.100,5005.8000,46207,-2,1015039160.000,2,0,2,双平,S,5005.0000,5004.2000,5004.0000,5003.8000,5003.6000,5006.6000,5007.0000,5007.2000,5007.8000,5008.0000,4,2,2,2,2,1,2,1,1,5
SF,IC2003,2019-12-13 09:33:01.600,5005.2000,46207,0,1021045680.000,6,3,3,多换,S,5005.2000,5005.0000,5004.8000,5004.2000,5004.0000,5007.0000,5007.2000,5007.8000,5008.0000,5008.2000,4,4,1,2,2,2,1,1,5,20
SF,IC2003,2019-12-13 09:33:02.100,5005.2000,46207,0,1021045680.000,0,-,-,-,-,5005.6000,5005.4000,5005.2000,5005.0000,5004.8000,5005.8000,5007.0000,5007.2000,5007.8000,5008.0000,1,4,5,4,1,2,2,1,1,5
SF,IC2003,2019-12-13 09:33:02.600,5005.8000,46202,-5,1028053800.000,7,1,6,多平,S,5005.8000,5005.4000,5005.2000,5005.0000,5004.8000,5007.0000,5007.2000,5007.8000,5008.0000,5008.2000,4,4,3,4,1,2,1,1,5,20
SF,IC2003,2019-12-13 09:33:03.100,5007.0000,46202,0,1029055200.000,1,0,1,多换,S,5006.0000,5005.8000,5005.4000,5005.2000,5005.0000,5007.0000,5007.2000,5007.8000,5008.0000,5008.2000,2,4,1,3,4,1,1,1,5,20
SF,IC2003,2019-12-13 09:33:03.600,5007.0000,46202,0,1030056600.000,1,0,1,多换,S,5006.0000,5005.8000,5005.4000,5005.2000,5005.0000,5007.2000,5007.8000,5008.0000,5008.2000,5008.6000,2,3,1,3,4,1,1,5,20,1
SF,IC2003,2019-12-13 09:33:04.100,5007.0000,46202,0,1030056600.000,0,-,-,-,-,5006.0000,5005.8000,5005.4000,5005.2000,5005.0000,5007.2000,5007.8000,5008.0000,5008.2000,5008.6000,1,3,1,3,4,1,1,5,20,1
SF,IC2003,2019-12-13 09:33:05.100,5007.0000,46202,0,1030056600.000,0,-,-,-,-,5006.2000,5006.0000,5005.8000,5005.4000,5005.2000,5007.2000,5007.8000,5008.0000,5008.2000,5008.6000,1,1,3,1,3,1,1,5,20,2
SF,IC2003,2019-12-13 09:33:05.600,5007.0000,46202,0,1030056600.000,0,-,-,-,-,5006.0000,5005.8000,5005.4000,5005.2000,5005.0000,5007.2000,5007.8000,5008.0000,5008.2000,5008.6000,1,3,1,3,4,1,1,5,20,2
SF,IC2003,2019-12-13 09:33:06.100,5007.0000,46201,-1,1035063400.000,5,2,3,多平,S,5005.8000,5005.4000,5005.2000,5005.0000,5004.8000,5007.0000,5007.2000,5007.8000,5008.0000,5008.2000,2,1,3,4,1,2,2,1,5,20
SF,IC2003,2019-12-13 09:33:06.600,5005.4000,46201,0,1037065640.000,2,1,1,多换,S,5005.2000,5005.0000,5004.8000,5004.2000,5004.0000,5006.8000,5007.0000,5007.8000,5008.0000,5008.2000,3,4,1,2,2,3,2,1,5,20
SF,IC2003,2019-12-13 09:33:07.100,5005.4000,46201,0,1037065640.000,0,-,-,-,-,5005.2000,5005.0000,5004.8000,5004.2000,5004.0000,5006.6000,5006.8000,5007.0000,5007.8000,5008.0000,2,4,1,2,2,2,4,1,1,5
SF,IC2003,2019-12-13 09:33:07.600,5005.2000,46201,0,1039067720.000,2,1,1,多换,S,5005.0000,5004.2000,5004.0000,5003.8000,5003.6000,5005.2000,5006.4000,5006.6000,5006.8000,5007.0000,4,2,2,2,2,3,5,1,2,1
SF,IC2003,2019-12-13 09:33:08.100,5005.0000,46200,-1,1044072720.000,5,2,3,多平,S,5004.2000,5004.0000,5003.8000,5003.6000,5003.4000,5005.0000,5005.2000,5006.4000,5006.8000,5007.0000,2,2,2,2,2,5,3,5,2,1
SF,IC2003,2019-12-13 09:33:08.600,5005.0000,46200,0,1044072720.000,0,-,-,-,-,5004.2000,5004.0000,5003.8000,5003.6000,5003.4000,5005.0000,5005.2000,5006.4000,5006.8000,5007.0000,2,2,2,2,2,5,3,5,2,1
SF,IC2003,2019-12-13 09:33:09.100,5004.2000,46200,0,1045073560.000,1,0,1,多换,S,5004.2000,5004.0000,5003.8000,5003.6000,5003.4000,5004.8000,5005.0000,5005.2000,5006.4000,5006.8000,1,2,2,2,2,1,5,4,5,2
SF,IC2003,2019-12-13 09:33:09.600,5004.2000,46200,0,1046074400.000,1,0,1,多换,S,5004.0000,5003.8000,5003.6000,5003.4000,5003.2000,5004.6000,5005.0000,5005.2000,5006.4000,5006.8000,2,2,2,2,4,1,5,5,5,2
SF,IC2003,2019-12-13 09:33:10.100,5004.4000,46196,-4,1052079520.000,6,1,5,多平,S,5004.2000,5003.8000,5003.6000,5003.4000,5003.2000,5004.4000,5005.0000,5005.2000,5006.4000,5007.8000,1,2,2,2,4,5,5,5,3,1
SF,IC2003,2019-12-13 09:33:10.600,5004.4000,46195,-1,1056083000.000,4,1,3,多平,S,5003.8000,5003.6000,5003.4000,5003.2000,5003.0000,5005.0000,5005.2000,5006.8000,5007.8000,5008.0000,2,2,2,4,2,4,5,1,1,5
SF,IC2003,2019-12-13 09:33:11.100,5004.4000,46195,0,1057083880.000,1,0,1,多换,S,5004.0000,5003.8000,5003.6000,5003.4000,5003.2000,5004.8000,5005.0000,5005.2000,5006.8000,5007.8000,1,2,2,2,4,1,9,5,1,1
SF,IC2003,2019-12-13 09:33:11.600,5004.4000,46195,0,1057083880.000,0,-,-,-,-,5004.0000,5003.8000,5003.6000,5003.4000,5003.2000,5004.8000,5005.0000,5005.2000,5006.8000,5007.8000,1,2,2,2,4,1,5,5,1,1
SF,IC2003,2019-12-13 09:33:12.100,5004.8000,46194,-1,1058084840.000,1,0,1,双平,S,5004.0000,5003.8000,5003.6000,5003.4000,5003.2000,5005.0000,5005.2000,5006.8000,5007.8000,5008.0000,1,2,2,2,4,5,5,1,1,5
SF,IC2003,2019-12-13 09:33:12.600,5004.0000,46193,-1,1059085640.000,1,0,1,双平,S,5003.8000,5003.6000,5003.4000,5003.2000,5003.0000,5004.0000,5005.0000,5005.2000,5006.8000,5007.8000,2,2,2,4,2,1,5,5,1,1
SF,IC2003,2019-12-13 09:33:13.100,5005.0000,46192,-1,1064089680.000,5,2,3,多平,S,5004.0000,5003.8000,5003.6000,5003.4000,5003.2000,5005.0000,5005.2000,5006.8000,5007.8000,5008.0000,1,1,1,2,4,4,3,1,1,6
SF,IC2003,2019-12-13 09:33:13.600,5004.0000,46189,-3,1067092040.000,3,0,3,双平,S,5003.6000,5003.4000,5003.2000,5003.0000,5002.8000,5004.0000,5004.8000,5005.0000,5005.2000,5006.8000,1,2,4,2,2,1,2,4,3,1
SF,IC2003,2019-12-13 09:33:14.100,5004.0000,46189,0,1067092040.000,0,-,-,-,-,5003.6000,5003.4000,5003.2000,5003.0000,5002.8000,5004.0000,5004.8000,5005.0000,5005.2000,5006.8000,1,2,3,2,2,1,1,4,3,1
SF,IC2003,2019-12-13 09:33:14.600,5003.6000,46190,1,1068092760.000,1,1,0,双开,S,5003.4000,5003.2000,5003.0000,5002.8000,5002.6000,5004.0000,5004.8000,5005.0000,5005.2000,5006.8000,2,3,2,2,2,1,1,4,3,1
SF,IC2003,2019-12-13 09:33:15.100,5004.0000,46189,-1,1069093560.000,1,0,1,双平,S,5004.0000,5003.6000,5003.4000,5003.2000,5003.0000,5005.0000,5005.2000,5006.8000,5007.8000,5008.0000,3,1,2,3,2,4,3,1,1,6
SF,IC2003,2019-12-13 09:33:15.600,5004.0000,46189,0,1069093560.000,0,-,-,-,-,5003.6000,5003.4000,5003.2000,5003.0000,5002.8000,5005.0000,5005.2000,5006.8000,5007.8000,5008.0000,1,2,3,2,2,4,3,1,1,6
SF,IC2003,2019-12-13 09:33:16.100,5004.0000,46189,0,1069093560.000,0,-,-,-,-,5003.6000,5003.4000,5003.2000,5003.0000,5002.8000,5005.0000,5005.2000,5006.6000,5006.8000,5007.8000,3,2,3,2,2,4,3,1,1,1
SF,IC2003,2019-12-13 09:33:16.600,5004.0000,46189,0,1069093560.000,0,-,-,-,-,5004.0000,5003.6000,5003.4000,5003.2000,5003.0000,5005.0000,5005.2000,5006.6000,5006.8000,5007.8000,1,3,2,3,2,4,3,1,1,1
SF,IC2003,2019-12-13 09:33:17.100,5005.0000,46189,0,1071095560.000,2,1,1,多换,S,5004.2000,5004.0000,5003.6000,5003.4000,5003.2000,5005.0000,5005.2000,5006.6000,5006.8000,5007.8000,1,1,2,2,3,2,2,1,1,1
SF,IC2003,2019-12-13 09:33:17.600,5005.0000,46189,0,1071095560.000,0,-,-,-,-,5004.2000,5004.0000,5003.6000,5003.4000,5003.2000,5005.0000,5005.2000,5006.6000,5006.8000,5007.8000,1,1,2,3,3,2,1,1,1,1
SF,IC2003,2019-12-13 09:33:18.100,5005.0000,46189,0,1073097560.000,2,1,1,多换,S,5004.2000,5004.0000,5003.6000,5003.4000,5003.2000,5005.2000,5006.6000,5006.8000,5007.8000,5008.0000,1,1,2,3,3,1,1,1,1,6
SF,IC2003,2019-12-13 09:33:18.600,5005.2000,46188,-1,1074098600.000,1,0,1,双平,S,5004.4000,5004.2000,5004.0000,5003.6000,5003.4000,5005.0000,5006.6000,5006.8000,5007.8000,5008.0000,1,1,1,2,3,1,1,1,1,6
SF,IC2003,2019-12-13 09:33:19.100,5005.0000,46187,-1,1075099600.000,1,0,1,双平,S,5005.0000,5004.0000,5003.6000,5003.4000,5003.2000,5006.6000,5006.8000,5007.8000,5008.0000,5008.2000,1,1,2,3,3,1,1,1,6,20
SF,IC2003,2019-12-13 09:33:19.600,5005.0000,46187,0,1075099600.000,0,-,-,-,-,5004.8000,5004.0000,5003.4000,5003.2000,5003.0000,5006.4000,5006.6000,5006.8000,5007.8000,5008.0000,1,1,3,3,5,2,1,1,1,6
SF,IC2003,2019-12-13 09:33:20.100,5005.0000,46187,0,1075099600.000,0,-,-,-,-,5004.0000,5003.4000,5003.2000,5003.0000,5002.8000,5006.2000,5006.4000,5006.6000,5006.8000,5007.8000,1,3,3,5,2,2,2,1,1,1
SF,IC2003,2019-12-13 09:33:20.600,5005.0000,46187,0,1075099600.000,0,-,-,-,-,5004.4000,5004.2000,5004.0000,5003.4000,5003.2000,5005.0000,5006.0000,5006.6000,5006.8000,5007.8000,1,2,1,3,3,1,2,1,1,1
SF,IC2003,2019-12-13 09:33:21.100,5005.0000,46186,-1,1076100600.000,1,0,1,双平,S,5005.2000,5005.0000,5004.2000,5004.0000,5003.4000,5006.0000,5006.6000,5006.8000,5007.8000,5008.0000,5,5,1,1,3,2,1,1,1,6
SF,IC2003,2019-12-13 09:33:21.600,5005.0000,46186,0,1076100600.000,0,-,-,-,-,5005.2000,5005.0000,5004.8000,5004.2000,5004.0000,5006.6000,5006.8000,5007.8000,5008.0000,5008.2000,6,1,1,1,1,1,1,1,6,20
SF,IC2003,2019-12-13 09:33:22.100,5005.0000,46186,0,1076100600.000,0,-,-,-,-,5005.2000,5005.0000,5004.0000,5003.4000,5003.2000,5006.4000,5006.6000,5006.8000,5007.8000,5008.0000,5,1,1,3,3,4,1,1,1,6
SF,IC2003,2019-12-13 09:33:22.600,5005.0000,46184,-2,1082106600.000,6,2,4,多平,S,5005.4000,5005.2000,5004.0000,5003.4000,5003.2000,5006.2000,5006.4000,5006.6000,5006.8000,5007.8000,1,5,1,3,3,1,1,1,1,1
SF,IC2003,2019-12-13 09:33:23.100,5005.2000,46183,-1,1088112880.000,6,2,4,多平,S,5004.0000,5003.4000,5003.2000,5003.0000,5002.8000,5005.4000,5006.0000,5006.4000,5006.8000,5007.8000,1,3,3,5,2,1,3,1,1,1
SF,IC2003,2019-12-13 09:33:23.600,5005.4000,46182,-1,1089113960.000,1,0,1,双平,S,5004.2000,5004.0000,5003.4000,5003.2000,5003.0000,5006.0000,5006.8000,5007.8000,5008.0000,5008.2000,3,2,3,3,5,2,1,1,6,20
SF,IC2003,2019-12-13 09:33:24.100,5005.4000,46182,0,1089113960.000,0,-,-,-,-,5004.6000,5004.2000,5004.0000,5003.4000,5003.2000,5005.2000,5006.0000,5006.8000,5007.8000,5008.0000,1,3,2,3,3,1,1,1,1,6
SF,IC2003,2019-12-13 09:33:24.600,5005.2000,46181,-1,1090115000.000,1,0,1,双平,S,5005.2000,5004.4000,5004.2000,5004.0000,5003.4000,5006.0000,5006.8000,5007.8000,5008.0000,5008.2000,3,1,1,2,3,1,1,1,6,20
SF,IC2003,2019-12-13 09:33:25.100,5005.2000,46181,0,1090115000.000,0,-,-,-,-,5004.4000,5004.2000,5004.0000,5003.4000,5003.2000,5005.2000,5005.8000,5006.0000,5006.8000,5007.8000,1,1,1,3,3,2,1,1,1,1
SF,IC2003,2019-12-13 09:33:26.100,5005.2000,46181,0,1090115000.000,0,-,-,-,-,5004.4000,5004.2000,5004.0000,5003.4000,5003.2000,5005.2000,5005.8000,5006.0000,5006.6000,5006.8000,1,1,1,3,3,3,1,1,5,1
SF,IC2003,2019-12-13 09:33:27.100,5005.2000,46181,0,1090115000.000,0,-,-,-,-,5004.4000,5004.2000,5004.0000,5003.4000,5003.2000,5005.2000,5005.8000,5006.0000,5006.6000,5006.8000,1,1,1,3,3,3,1,1,5,1
SF,IC2003,2019-12-13 09:33:27.600,5005.2000,46179,-2,1092117080.000,2,0,2,双平,S,5004.2000,5004.0000,5003.4000,5003.2000,5003.0000,5005.2000,5005.8000,5006.0000,5006.6000,5006.8000,1,1,3,3,8,1,1,1,5,1
SF,IC2003,2019-12-13 09:33:28.100,5005.2000,46179,0,1092117080.000,0,-,-,-,-,5004.0000,5003.4000,5003.2000,5003.0000,5002.8000,5004.2000,5004.4000,5005.0000,5005.2000,5005.8000,1,3,3,8,2,1,1,1,1,1
SF,IC2003,2019-12-13 09:33:28.600,5004.0000,46179,0,1093117880.000,1,0,1,多换,S,5003.4000,5003.2000,5003.0000,5002.8000,5002.6000,5004.0000,5004.4000,5005.0000,5005.2000,5005.8000,3,3,8,2,2,7,1,1,1,1
SF,IC2003,2019-12-13 09:33:29.100,5004.0000,46178,-1,1094118680.000,1,0,1,双平,S,5003.4000,5003.2000,5003.0000,5002.8000,5002.6000,5004.0000,5004.4000,5005.0000,5005.2000,5005.8000,3,3,8,2,2,5,1,1,1,1
SF,IC2003,2019-12-13 09:33:30.100,5004.0000,46175,-3,1097121080.000,3,0,3,双平,S,5003.4000,5003.2000,5003.0000,5002.8000,5002.6000,5004.0000,5004.4000,5005.0000,5005.2000,5005.8000,3,3,8,2,2,2,1,1,1,1
SF,IC2003,2019-12-13 09:33:30.600,5004.0000,46173,-2,1099122680.000,2,0,2,双平,S,5004.0000,5003.6000,5003.4000,5003.2000,5003.0000,5004.4000,5005.2000,5005.8000,5006.6000,5006.8000,2,2,3,3,8,1,1,1,5,1
SF,IC2003,2019-12-13 09:33:31.100,5004.0000,46173,0,1099122680.000,0,-,-,-,-,5003.6000,5003.4000,5003.2000,5003.0000,5002.8000,5004.4000,5005.2000,5005.8000,5006.6000,5006.8000,1,3,3,8,2,1,1,1,5,1
SF,IC2003,2019-12-13 09:33:31.600,5004.0000,46173,0,1099122680.000,0,-,-,-,-,5003.4000,5003.2000,5003.0000,5002.8000,5002.6000,5004.4000,5005.2000,5005.8000,5006.6000,5006.8000,3,3,8,2,2,1,1,1,5,1
SF,IC2003,2019-12-13 09:33:32.100,5004.0000,46173,0,1099122680.000,0,-,-,-,-,5003.4000,5003.2000,5003.0000,5002.8000,5002.6000,5004.4000,5005.2000,5005.8000,5006.6000,5006.8000,3,3,8,2,2,1,1,1,5,1
SF,IC2003,2019-12-13 09:33:32.600,5003.4000,46174,1,1100123360.000,1,1,0,双开,S,5003.4000,5003.2000,5003.0000,5002.8000,5002.6000,5004.0000,5004.4000,5005.2000,5005.8000,5006.6000,2,3,8,2,2,1,2,2,1,5
SF,IC2003,2019-12-13 09:33:33.100,5004.0000,46173,-1,1101124160.000,1,0,1,双平,S,5003.4000,5003.2000,5003.0000,5002.8000,5002.6000,5004.4000,5005.2000,5005.8000,5006.6000,5006.8000,2,3,8,2,2,2,2,1,5,1
SF,IC2003,2019-12-13 09:33:33.600,5004.0000,46173,0,1101124160.000,0,-,-,-,-,5003.4000,5003.2000,5003.0000,5002.8000,5002.6000,5004.4000,5005.2000,5005.8000,5006.6000,5006.8000,2,3,8,2,2,2,2,1,5,2
SF,IC2003,2019-12-13 09:33:34.100,5004.0000,46173,0,1101124160.000,0,-,-,-,-,5003.6000,5003.4000,5003.2000,5003.0000,5002.8000,5004.2000,5004.4000,5005.2000,5005.8000,5006.6000,1,2,3,8,2,1,2,2,1,5
SF,IC2003,2019-12-13 09:33:35.100,5004.2000,46172,-1,1102125000.000,1,0,1,双平,S,5003.8000,5003.6000,5003.4000,5003.2000,5003.0000,5004.0000,5004.4000,5005.2000,5005.8000,5006.6000,3,2,2,3,8,1,2,2,1,5
SF,IC2003,2019-12-13 09:33:35.600,5004.0000,46171,-1,1103125800.000,1,0,1,双平,S,5003.6000,5003.4000,5003.2000,5003.0000,5002.8000,5004.4000,5005.2000,5005.8000,5006.6000,5006.8000,2,2,3,8,2,2,2,1,5,2
SF,IC2003,2019-12-13 09:33:36.100,5004.0000,46171,0,1103125800.000,0,-,-,-,-,5003.8000,5003.6000,5003.4000,5003.2000,5003.0000,5004.4000,5005.2000,5005.8000,5006.6000,5006.8000,1,2,2,3,8,2,2,1,6,2
SF,IC2003,2019-12-13 09:33:36.600,5004.0000,46172,1,1104126600.000,1,1,0,双开,S,5003.6000,5003.4000,5003.2000,5003.0000,5002.8000,5004.4000,5005.2000,5005.8000,5006.6000,5006.8000,2,2,3,8,2,2,2,1,6,2
SF,IC2003,2019-12-13 09:33:37.100,5004.0000,46172,0,1104126600.000,0,-,-,-,-,5003.6000,5003.4000,5003.2000,5003.0000,5002.8000,5004.4000,5005.2000,5005.8000,5006.6000,5006.8000,1,2,3,8,2,2,2,1,6,2
SF,IC2003,2019-12-13 09:33:38.100,5004.0000,46172,0,1104126600.000,0,-,-,-,-,5003.6000,5003.4000,5003.2000,5003.0000,5002.8000,5004.4000,5004.6000,5005.2000,5005.8000,5006.6000,1,2,3,8,2,2,4,2,1,6
SF,IC2003,2019-12-13 09:33:38.600,5004.0000,46172,0,1104126600.000,0,-,-,-,-,5003.4000,5003.2000,5003.0000,5002.8000,5002.6000,5004.4000,5004.6000,5005.2000,5005.8000,5006.6000,2,3,8,2,2,2,4,2,1,6
SF,IC2003,2019-12-13 09:33:39.100,5004.4000,46166,-6,1112133400.000,8,1,7,多平,S,5004.4000,5003.4000,5003.2000,5003.0000,5002.8000,5004.6000,5005.2000,5005.8000,5006.6000,5006.8000,3,1,3,8,2,4,2,1,6,2
SF,IC2003,2019-12-13 09:33:39.600,5004.4000,46166,0,1115136040.000,3,1,2,多换,S,5003.4000,5003.2000,5003.0000,5002.8000,5002.6000,5004.2000,5004.4000,5004.6000,5005.2000,5005.8000,1,3,8,2,2,3,12,4,2,1
SF,IC2003,2019-12-13 09:33:40.100,5003.2000,46165,-1,1118138000.000,3,1,2,多平,S,5003.2000,5003.0000,5002.8000,5002.6000,5002.4000,5004.0000,5004.2000,5004.4000,5004.6000,5005.2000,1,8,2,2,4,2,2,7,4,2
SF,IC2003,2019-12-13 09:33:40.600,5003.2000,46165,0,1119138640.000,1,0,1,多换,S,5003.0000,5002.8000,5002.6000,5002.4000,5002.2000,5004.0000,5004.2000,5004.4000,5004.6000,5005.2000,8,2,2,4,6,2,2,7,4,2
SF,IC2003,2019-12-13 09:33:41.100,5003.2000,46165,0,1119138640.000,0,-,-,-,-,5003.2000,5003.0000,5002.8000,5002.6000,5002.4000,5004.4000,5004.6000,5005.2000,5006.6000,5006.8000,1,8,2,2,4,6,4,2,6,2
SF,IC2003,2019-12-13 09:33:41.600,5003.2000,46165,0,1119138640.000,0,-,-,-,-,5003.2000,5003.0000,5002.8000,5002.6000,5002.4000,5004.2000,5004.4000,5004.6000,5005.2000,5006.6000,1,8,2,2,4,3,6,4,2,6
SF,IC2003,2019-12-13 09:33:42.100,5003.2000,46165,0,1119138640.000,0,-,-,-,-,5003.2000,5003.0000,5002.8000,5002.6000,5002.4000,5004.4000,5004.6000,5005.2000,5006.6000,5006.8000,1,8,2,2,4,6,4,2,6,2
SF,IC2003,2019-12-13 09:33:42.600,5003.2000,46165,0,1119138640.000,0,-,-,-,-,5003.2000,5003.0000,5002.8000,5002.6000,5002.4000,5004.4000,5004.6000,5005.2000,5006.6000,5006.8000,2,8,2,2,4,6,4,2,6,2
SF,IC2003,2019-12-13 09:33:43.100,5004.2000,46166,1,1121140320.000,2,1,1,空开,S,5003.2000,5003.0000,5002.8000,5002.6000,5002.4000,5004.4000,5004.6000,5005.2000,5006.6000,5006.8000,2,8,2,2,2,6,4,2,6,2
SF,IC2003,2019-12-13 09:33:43.600,5003.4000,46165,-1,1122141000.000,1,0,1,双平,S,5003.4000,5003.2000,5003.0000,5002.8000,5002.6000,5004.4000,5004.6000,5005.2000,5006.6000,5006.8000,1,2,8,2,2,6,4,2,6,2
SF,IC2003,2019-12-13 09:33:44.100,5003.4000,46165,0,1122141000.000,0,-,-,-,-,5003.6000,5003.2000,5003.0000,5002.8000,5002.6000,5004.4000,5004.6000,5005.2000,5006.6000,5006.8000,1,2,8,2,2,5,4,1,6,2
SF,IC2003,2019-12-13 09:33:44.600,5003.6000,46165,0,1123141720.000,1,0,1,多换,S,5003.2000,5003.0000,5002.8000,5002.6000,5002.4000,5004.2000,5004.4000,5004.6000,5005.2000,5006.6000,2,8,2,2,2,4,3,4,1,6
SF,IC2003,2019-12-13 09:33:45.100,5003.6000,46165,0,1123141720.000,0,-,-,-,-,5003.2000,5003.0000,5002.8000,5002.6000,5002.4000,5004.4000,5004.6000,5005.2000,5006.6000,5006.8000,2,8,2,2,2,3,4,1,6,2
SF,IC2003,2019-12-13 09:33:45.600,5003.2000,46165,0,1124142360.000,1,0,1,多换,S,5003.2000,5003.0000,5002.8000,5002.6000,5002.4000,5004.4000,5004.6000,5005.2000,5006.6000,5006.8000,1,8,2,2,2,3,4,1,6,2
SF,IC2003,2019-12-13 09:33:46.100,5004.2000,46165,0,1125143200.000,1,0,1,多换,S,5003.2000,5003.0000,5002.8000,5002.6000,5002.4000,5004.2000,5004.4000,5004.6000,5005.2000,5006.6000,1,8,2,2,2,2,3,4,1,6
SF,IC2003,2019-12-13 09:33:46.600,5003.2000,46165,0,1126143840.000,1,0,1,多换,S,5003.0000,5002.8000,5002.6000,5002.4000,5002.2000,5004.2000,5004.4000,5004.6000,5005.2000,5006.6000,8,2,2,2,6,3,3,4,1,6
SF,IC2003,2019-12-13 09:33:47.600,5003.2000,46165,0,1126143840.000,0,-,-,-,-,5003.0000,5002.8000,5002.6000,5002.4000,5002.2000,5004.2000,5004.4000,5004.6000,5005.2000,5006.6000,8,2,2,2,6,2,3,4,1,6
SF,IC2003,2019-12-13 09:33:48.600,5003.2000,46165,0,1126143840.000,0,-,-,-,-,5003.2000,5003.0000,5002.8000,5002.6000,5002.4000,5004.0000,5004.2000,5004.4000,5004.6000,5005.2000,1,8,2,2,2,1,2,3,4,1
SF,IC2003,2019-12-13 09:33:49.100,5004.2000,46163,-2,1128145480.000,2,0,2,双平,S,5004.2000,5004.0000,5003.4000,5003.2000,5003.0000,5004.4000,5004.6000,5005.2000,5006.6000,5006.8000,1,2,1,1,8,1,4,1,6,2
SF,IC2003,2019-12-13 09:33:49.600,5004.4000,46161,-2,1130147200.000,2,0,2,双平,S,5003.4000,5003.2000,5003.0000,5002.8000,5002.6000,5004.2000,5004.6000,5005.2000,5006.6000,5006.8000,1,1,8,2,2,3,4,1,6,2
SF,IC2003,2019-12-13 09:33:50.100,5004.4000,46161,0,1130147200.000,0,-,-,-,-,5003.4000,5003.2000,5003.0000,5002.8000,5002.6000,5004.6000,5005.2000,5006.6000,5006.8000,5007.8000,1,1,8,2,2,4,1,6,2,1
SF,IC2003,2019-12-13 09:33:50.600,5004.4000,46161,0,1130147200.000,0,-,-,-,-,5003.4000,5003.0000,5002.8000,5002.6000,5002.4000,5004.4000,5004.6000,5005.2000,5006.6000,5006.8000,1,8,2,2,2,1,4,1,6,2
SF,IC2003,2019-12-13 09:33:51.100,5004.4000,46161,0,1130147200.000,0,-,-,-,-,5003.4000,5003.0000,5002.8000,5002.6000,5002.4000,5004.6000,5005.2000,5006.6000,5006.8000,5007.8000,1,8,2,2,2,4,1,6,2,1
SF,IC2003,2019-12-13 09:33:51.600,5004.6000,46158,-3,1133149960.000,3,0,3,双平,S,5003.6000,5003.4000,5003.0000,5002.8000,5002.6000,5004.6000,5005.2000,5006.6000,5006.8000,5007.8000,2,3,8,2,2,1,1,6,2,1
SF,IC2003,2019-12-13 09:33:52.100,5004.6000,46157,-1,1134150880.000,1,0,1,双平,S,5003.8000,5003.6000,5003.4000,5003.0000,5002.8000,5005.2000,5006.6000,5006.8000,5007.8000,5008.0000,3,2,2,8,2,1,6,2,1,6
SF,IC2003,2019-12-13 09:33:52.600,5004.0000,46158,1,1135151680.000,1,1,0,双开,S,5004.0000,5003.0000,5002.8000,5002.6000,5002.4000,5005.2000,5006.6000,5006.8000,5007.8000,5008.0000,1,8,2,2,2,1,6,2,1,6
SF,IC2003,2019-12-13 09:33:53.100,5004.0000,46158,0,1135151680.000,0,-,-,-,-,5004.0000,5003.0000,5002.8000,5002.6000,5002.4000,5004.6000,5005.2000,5006.6000,5006.8000,5007.8000,2,8,2,2,2,1,1,6,2,1
SF,IC2003,2019-12-13 09:33:53.600,5004.6000,46156,-2,1137153520.000,2,0,2,双平,S,5004.6000,5004.2000,5004.0000,5003.0000,5002.8000,5004.8000,5005.2000,5006.6000,5006.8000,5007.8000,3,1,1,8,2,3,1,6,2,1
SF,IC2003,2019-12-13 09:33:54.100,5004.6000,46155,-1,1138154440.000,1,0,1,双平,S,5004.0000,5003.0000,5002.8000,5002.6000,5002.4000,5004.8000,5005.2000,5006.6000,5006.8000,5007.8000,1,8,2,2,2,3,1,6,2,1
SF,IC2003,2019-12-13 09:33:54.600,5004.8000,46155,0,1139155400.000,1,0,1,多换,S,5004.2000,5004.0000,5003.0000,5002.8000,5002.6000,5004.8000,5005.2000,5006.6000,5006.8000,5007.8000,3,3,8,2,2,2,1,6,2,1
SF,IC2003,2019-12-13 09:33:55.100,5004.8000,46154,-1,1143159080.000,4,1,3,多平,S,5004.0000,5003.0000,5002.8000,5002.6000,5002.4000,5004.8000,5005.2000,5006.6000,5006.8000,5007.8000,3,8,2,2,2,1,1,6,2,1
SF,IC2003,2019-12-13 09:33:55.600,5004.8000,46154,0,1143159080.000,0,-,-,-,-,5004.0000,5003.0000,5002.8000,5002.6000,5002.4000,5004.8000,5005.2000,5005.6000,5006.6000,5006.8000,3,8,2,2,2,1,1,1,6,2
SF,IC2003,2019-12-13 09:33:56.100,5004.8000,46154,0,1145160840.000,2,1,1,多换,S,5004.0000,5003.2000,5003.0000,5002.8000,5002.6000,5004.8000,5005.2000,5005.6000,5006.6000,5006.8000,1,2,8,2,2,1,1,1,6,2
SF,IC2003,2019-12-13 09:33:56.600,5004.8000,46154,0,1145160840.000,0,-,-,-,-,5004.0000,5003.2000,5003.0000,5002.8000,5002.6000,5004.8000,5005.2000,5005.6000,5006.6000,5006.8000,1,2,8,2,2,1,2,1,6,2
SF,IC2003,2019-12-13 09:33:57.100,5004.8000,46152,-2,1147162760.000,2,0,2,双平,S,5004.8000,5004.0000,5003.8000,5003.2000,5003.0000,5005.2000,5005.6000,5006.6000,5006.8000,5007.8000,3,2,2,2,8,2,1,6,2,1
SF,IC2003,2019-12-13 09:33:57.600,5004.0000,46149,-3,1156171280.000,9,3,6,多平,S,5004.0000,5003.8000,5003.6000,5003.2000,5003.0000,5005.2000,5005.6000,5006.6000,5006.8000,5007.8000,1,2,2,2,8,2,1,6,2,1
SF,IC2003,2019-12-13 09:33:58.100,5004.0000,46149,0,1157172080.000,1,0,1,多换,S,5003.8000,5003.6000,5003.2000,5003.0000,5002.8000,5004.6000,5004.8000,5005.0000,5005.2000,5005.6000,2,2,2,8,2,2,4,4,2,1
SF,IC2003,2019-12-13 09:33:58.600,5004.0000,46149,0,1157172080.000,0,-,-,-,-,5004.0000,5003.8000,5003.6000,5003.2000,5003.0000,5004.6000,5005.0000,5005.2000,5005.6000,5006.6000,1,2,2,2,8,2,1,2,1,6
SF,IC2003,2019-12-13 09:33:59.100,5004.0000,46149,0,1157172080.000,0,-,-,-,-,5003.8000,5003.6000,5003.2000,5003.0000,5002.8000,5004.0000,5004.6000,5005.0000,5005.2000,5005.6000,2,2,2,8,3,1,2,1,2,1
SF,IC2003,2019-12-13 09:33:59.600,5003.6000,46149,0,1160174320.000,3,1,2,多换,S,5003.6000,5003.2000,5003.0000,5002.8000,5002.6000,5003.8000,5004.0000,5004.6000,5005.0000,5005.2000,1,2,8,3,2,2,2,2,1,2
SF,IC2003,2019-12-13 09:34:00.100,5003.6000,46149,0,1161175040.000,1,0,1,多换,S,5003.2000,5003.0000,5002.8000,5002.6000,5002.4000,5004.0000,5005.0000,5005.2000,5005.6000,5006.6000,2,8,3,2,2,1,1,2,1,6
SF,IC2003,2019-12-13 09:34:00.600,5003.6000,46149,0,1161175040.000,0,-,-,-,-,5003.4000,5003.2000,5003.0000,5002.8000,5002.6000,5004.0000,5005.0000,5005.2000,5005.6000,5006.6000,2,2,8,3,2,1,1,2,1,6
SF,IC2003,2019-12-13 09:34:01.100,5004.0000,46148,-1,1162175840.000,1,0,1,双平,S,5003.4000,5003.2000,5003.0000,5002.8000,5002.6000,5004.6000,5005.0000,5005.2000,5005.6000,5006.6000,2,2,8,3,2,1,1,2,1,6
SF,IC2003,2019-12-13 09:34:01.600,5004.0000,46148,0,1162175840.000,0,-,-,-,-,5003.6000,5003.4000,5003.2000,5003.0000,5002.8000,5004.4000,5004.6000,5005.2000,5005.6000,5006.6000,1,2,2,8,3,2,1,2,1,6
SF,IC2003,2019-12-13 09:34:02.100,5004.0000,46148,0,1162175840.000,0,-,-,-,-,5003.4000,5003.2000,5003.0000,5002.8000,5002.6000,5004.4000,5004.6000,5005.2000,5005.6000,5006.6000,2,2,8,3,2,2,1,2,1,6
SF,IC2003,2019-12-13 09:34:02.600,5004.0000,46148,0,1162175840.000,0,-,-,-,-,5003.6000,5003.4000,5003.2000,5003.0000,5002.8000,5004.2000,5004.4000,5004.6000,5005.2000,5005.6000,1,2,4,8,3,1,2,1,2,1
SF,IC2003,2019-12-13 09:34:03.100,5003.6000,46148,0,1163176560.000,1,0,1,多换,S,5003.4000,5003.2000,5003.0000,5002.8000,5002.6000,5004.0000,5004.2000,5004.4000,5004.6000,5005.2000,2,4,8,3,2,1,1,2,1,2
SF,IC2003,2019-12-13 09:34:03.600,5003.2000,46149,1,1169180480.000,6,3,3,空开,S,5003.0000,5002.8000,5002.6000,5002.4000,5002.2000,5003.8000,5004.4000,5004.6000,5005.2000,5005.6000,8,3,2,2,6,2,2,1,2,1
SF,IC2003,2019-12-13 09:34:04.100,5003.0000,46149,0,1173182880.000,4,2,2,多换,S,5003.0000,5002.8000,5002.6000,5002.4000,5002.2000,5003.8000,5004.4000,5004.6000,5005.2000,5005.6000,4,3,2,2,6,2,2,1,2,1
SF,IC2003,2019-12-13 09:34:04.600,5003.0000,46149,0,1173182880.000,0,-,-,-,-,5003.0000,5002.8000,5002.6000,5002.4000,5002.2000,5003.6000,5003.8000,5004.0000,5004.4000,5004.6000,4,3,2,2,6,1,2,1,2,1
SF,IC2003,2019-12-13 09:34:05.100,5003.0000,46149,0,1177185280.000,4,2,2,多换,S,5003.0000,5002.8000,5002.6000,5002.4000,5002.2000,5003.4000,5003.6000,5004.0000,5004.4000,5004.6000,2,3,2,2,6,1,1,1,2,1
SF,IC2003,2019-12-13 09:34:05.600,5002.8000,46151,2,1181187600.000,4,3,1,空开,S,5002.8000,5002.6000,5002.4000,5002.2000,5002.0000,5003.0000,5003.2000,5003.4000,5003.6000,5004.0000,1,2,2,6,8,2,1,1,1,1
SF,IC2003,2019-12-13 09:34:06.100,5002.8000,46150,-1,1183188720.000,2,0,2,多平,S,5002.6000,5002.4000,5002.2000,5002.0000,5001.6000,5003.0000,5003.4000,5003.6000,5004.0000,5004.4000,2,2,6,8,1,2,1,1,1,2
SF,IC2003,2019-12-13 09:34:06.600,5003.4000,46152,2,1186190600.000,3,2,1,空开,S,5003.4000,5002.6000,5002.4000,5002.2000,5002.0000,5003.6000,5004.0000,5004.4000,5004.6000,5005.2000,3,2,2,6,8,1,1,2,1,2
SF,IC2003,2019-12-13 09:34:07.100,5003.4000,46152,0,1189192640.000,3,1,2,多换,S,5002.6000,5002.4000,5002.2000,5002.0000,5001.6000,5003.6000,5004.0000,5004.4000,5004.6000,5005.2000,2,2,6,8,1,1,2,2,1,2
SF,IC2003,2019-12-13 09:34:08.100,5002.6000,46153,1,1191193760.000,2,1,1,空开,S,5002.6000,5002.4000,5002.2000,5002.0000,5001.6000,5003.0000,5003.6000,5004.0000,5004.4000,5004.6000,1,2,6,8,1,2,1,2,2,1
SF,IC2003,2019-12-13 09:34:08.600,5002.4000,46153,0,1193194760.000,2,1,1,多换,S,5002.4000,5002.2000,5002.0000,5001.6000,5001.2000,5003.0000,5003.6000,5004.0000,5004.4000,5004.6000,1,6,8,1,5,2,1,2,2,1
SF,IC2003,2019-12-13 09:34:09.100,5002.4000,46153,0,1194195240.000,1,0,1,多换,S,5002.2000,5002.0000,5001.6000,5001.2000,5001.0000,5002.6000,5003.0000,5003.6000,5004.0000,5004.4000,6,8,1,5,1,5,2,21,2,2
SF,IC2003,2019-12-13 09:34:09.600,5002.2000,46154,1,1199197440.000,5,3,2,空开,S,5002.2000,5002.0000,5001.6000,5001.2000,5001.0000,5002.6000,5003.0000,5003.2000,5003.6000,5004.0000,1,8,1,5,1,5,2,1,21,2
SF,IC2003,2019-12-13 09:34:10.100,5002.0000,46153,-1,1204199480.000,5,2,3,多平,S,5002.0000,5001.6000,5001.2000,5001.0000,5000.6000,5002.2000,5002.4000,5002.6000,5003.0000,5003.2000,4,1,5,1,2,1,1,5,2,1
SF,IC2003,2019-12-13 09:34:10.600,5001.2000,46152,-1,1210201640.000,6,2,4,多平,S,5001.2000,5001.0000,5000.6000,5000.4000,5000.2000,5001.4000,5002.0000,5002.2000,5002.6000,5003.0000,4,1,2,2,4,1,1,1,5,2
SF,IC2003,2019-12-13 09:34:11.100,5001.2000,46152,0,1210201640.000,0,-,-,-,-,5001.2000,5001.0000,5000.6000,5000.4000,5000.2000,5001.4000,5002.2000,5002.6000,5003.0000,5003.2000,4,1,2,2,4,1,1,5,2,1
SF,IC2003,2019-12-13 09:34:11.600,5001.2000,46151,-1,1211201880.000,1,0,1,双平,S,5001.2000,5001.0000,5000.6000,5000.4000,5000.2000,5001.4000,5002.2000,5002.6000,5003.0000,5003.2000,3,1,2,2,4,1,1,5,2,1
SF,IC2003,2019-12-13 09:34:12.100,5001.2000,46151,0,1212202120.000,1,0,1,多换,S,5001.2000,5001.0000,5000.6000,5000.4000,5000.2000,5002.2000,5002.6000,5003.0000,5003.2000,5003.6000,2,1,2,2,4,1,5,2,1,21
SF,IC2003,2019-12-13 09:34:12.600,5001.2000,46151,0,1212202120.000,0,-,-,-,-,5001.2000,5001.0000,5000.6000,5000.4000,5000.2000,5002.0000,5002.2000,5002.6000,5003.0000,5003.2000,2,1,2,2,4,2,1,5,2,1
SF,IC2003,2019-12-13 09:34:13.100,5001.2000,46151,0,1212202120.000,0,-,-,-,-,5001.2000,5001.0000,5000.6000,5000.4000,5000.2000,5001.8000,5002.0000,5002.2000,5002.6000,5003.0000,2,1,2,2,4,1,2,1,5,2
SF,IC2003,2019-12-13 09:34:13.600,5002.0000,46149,-2,1214202880.000,2,0,2,双平,S,5002.0000,5001.2000,5001.0000,5000.6000,5000.4000,5002.2000,5002.6000,5003.0000,5003.2000,5003.6000,5,2,1,2,2,1,5,2,1,21
SF,IC2003,2019-12-13 09:34:14.100,5002.0000,46146,-3,1219204880.000,5,1,4,多平,S,5001.2000,5001.0000,5000.6000,5000.4000,5000.2000,5001.4000,5002.0000,5002.2000,5002.6000,5003.0000,2,1,2,2,4,1,2,2,5,2
SF,IC2003,2019-12-13 09:34:14.600,5002.0000,46146,0,1219204880.000,0,-,-,-,-,5001.2000,5001.0000,5000.6000,5000.4000,5000.2000,5002.0000,5002.2000,5002.6000,5003.0000,5003.2000,2,1,2,2,4,1,2,4,2,1
SF,IC2003,2019-12-13 09:34:15.100,5001.2000,46146,0,1221205360.000,2,1,1,多换,S,5001.0000,5000.6000,5000.4000,5000.2000,5000.0000,5001.2000,5002.0000,5002.2000,5003.0000,5003.2000,1,2,2,4,11,2,1,2,2,1
SF,IC2003,2019-12-13 09:34:15.600,5001.2000,46146,0,1221205360.000,0,-,-,-,-,5001.0000,5000.6000,5000.4000,5000.2000,5000.0000,5001.2000,5001.4000,5002.0000,5002.2000,5003.0000,2,2,2,4,11,2,1,1,3,2
SF,IC2003,2019-12-13 09:34:16.100,5000.6000,46148,2,1225206000.000,4,3,1,空开,S,5000.4000,5000.2000,5000.0000,4999.8000,4999.6000,5001.0000,5001.2000,5001.4000,5002.0000,5002.2000,2,4,11,4,2,3,2,1,1,3
SF,IC2003,2019-12-13 09:34:16.600,5000.4000,46148,0,1226206080.000,1,0,1,多换,S,5000.4000,5000.2000,5000.0000,4999.8000,4999.6000,5000.8000,5001.0000,5001.2000,5002.0000,5002.2000,1,4,11,4,2,1,2,2,2,3
SF,IC2003,2019-12-13 09:34:17.100,5000.6000,46149,1,1228206280.000,2,1,1,空开,S,5000.4000,5000.2000,5000.0000,4999.8000,4999.6000,5000.8000,5001.0000,5001.2000,5002.0000,5002.2000,1,4,11,4,2,1,1,2,2,3
