市场代码,合约代码,时间,最新,持仓,增仓,成交额,成交量,开仓,平仓,成交类型,方向,买一价,买二价,买三价,买四价,买五价,卖一价,卖二价,卖三价,卖四价,卖五价,买一量,买二量,买三量,买四量,买五量,卖一量,卖二量,卖三量,卖四量,卖五量
SF,IC2003,2019-12-09 09:29:00.100,4943.6000,40809,0,35593920.000,36.000,-,-,-,-,4935.0000,4930.2000,4925.0000,4920.8000,4920.0000,4943.6000,4945.0000,4945.4000,4946.0000,4946.2000,1,1,1,1,6,1,1,2,1,1
SF,IC2003,2019-12-09 09:30:00.100,4934.0000,40810,1,42502760.000,7,4,3,空开,S,4925.6000,4925.0000,4920.8000,4920.0000,4919.8000,4935.0000,4939.6000,4941.0000,4941.2000,4941.6000,1,1,1,6,2,2,3,1,3,1
SF,IC2003,2019-12-09 09:30:00.600,4934.2000,40814,4,68180520.000,26,15,11,空开,S,4927.0000,4926.4000,4926.0000,4925.8000,4925.6000,4934.6000,4934.8000,4935.0000,4938.8000,4942.4000,1,1,2,7,1,3,1,1,1,1
SF,IC2003,2019-12-09 09:30:01.100,4928.0000,40815,1,71137320.000,3,2,1,空开,S,4928.0000,4927.6000,4927.4000,4927.2000,4927.0000,4929.2000,4930.2000,4930.8000,4931.6000,4933.0000,2,3,1,2,1,1,2,2,1,3
SF,IC2003,2019-12-09 09:30:01.600,4928.8000,40814,-1,72123080.000,1,0,1,双平,S,4928.6000,4928.4000,4928.0000,4927.0000,4926.0000,4928.8000,4931.4000,4931.6000,4933.0000,4934.2000,3,1,2,1,2,1,1,1,3,1
SF,IC2003,2019-12-09 09:30:02.100,4927.0000,40811,-3,80994320.000,9,3,6,多平,S,4926.0000,4925.6000,4925.0000,4924.4000,4923.0000,4928.6000,4931.4000,4931.6000,4933.0000,4934.2000,2,1,1,1,3,1,1,1,3,1
SF,IC2003,2019-12-09 09:30:02.600,4926.2000,40814,3,84936680.000,4,3,1,空开,S,4926.2000,4926.0000,4925.8000,4925.6000,4925.0000,4931.4000,4931.6000,4933.0000,4934.2000,4934.4000,2,2,1,1,1,1,1,3,1,2
SF,IC2003,2019-12-09 09:30:03.100,4926.4000,40813,-1,86907680.000,2,0,2,多平,S,4927.8000,4926.2000,4926.0000,4925.8000,4925.6000,4928.0000,4929.0000,4931.0000,4931.2000,4931.4000,1,2,2,1,1,2,1,2,2,2
SF,IC2003,2019-12-09 09:30:03.600,4928.2000,40810,-3,91835880.000,5,1,4,多平,S,4926.0000,4925.8000,4925.6000,4925.0000,4924.4000,4930.2000,4931.0000,4931.2000,4931.4000,4931.6000,2,1,1,1,1,1,2,1,2,1
SF,IC2003,2019-12-09 09:30:04.100,4926.0000,40805,-5,97747160.000,6,0,6,多平,S,4925.8000,4925.6000,4925.0000,4924.4000,4923.0000,4926.0000,4927.6000,4928.4000,4929.6000,4929.8000,1,1,1,1,3,10,1,1,1,1
SF,IC2003,2019-12-09 09:30:04.600,4928.0000,40795,-10,109570720.000,12,1,11,多平,S,4927.4000,4926.2000,4925.6000,4925.0000,4924.4000,4930.0000,4930.4000,4931.0000,4931.4000,4933.0000,1,1,1,1,1,2,1,1,2,3
SF,IC2003,2019-12-09 09:30:05.100,4928.0000,40795,0,110556320.000,1,0,1,多换,S,4926.0000,4925.6000,4925.0000,4924.4000,4923.0000,4928.8000,4929.6000,4929.8000,4930.0000,4930.4000,1,1,1,1,3,3,4,1,2,1
SF,IC2003,2019-12-09 09:30:05.600,4928.0000,40795,0,110556320.000,0,-,-,-,-,4926.2000,4926.0000,4925.6000,4925.0000,4924.4000,4928.4000,4928.6000,4928.8000,4929.6000,4929.8000,1,1,1,1,1,1,1,1,4,1
SF,IC2003,2019-12-09 09:30:06.100,4926.2000,40794,-1,112527200.000,2,0,2,多平,S,4926.0000,4925.6000,4925.0000,4924.4000,4923.0000,4928.4000,4928.8000,4929.6000,4929.8000,4930.0000,1,1,1,1,3,3,1,4,1,1
SF,IC2003,2019-12-09 09:30:06.600,4926.2000,40793,-1,113512440.000,1,0,1,双平,S,4926.0000,4925.6000,4925.0000,4924.4000,4923.0000,4928.2000,4928.4000,4928.8000,4929.6000,4929.8000,1,1,1,1,3,1,3,1,4,1
SF,IC2003,2019-12-09 09:30:07.100,4929.6000,40793,0,119426600.000,6,3,3,多换,S,4926.0000,4925.6000,4925.0000,4924.4000,4923.0000,4926.2000,4929.6000,4929.8000,4930.0000,4930.4000,1,1,1,1,3,1,1,1,1,1
SF,IC2003,2019-12-09 09:30:07.600,4927.8000,40793,0,121397400.000,2,1,1,多换,S,4926.0000,4925.6000,4925.0000,4924.4000,4923.0000,4928.4000,4929.8000,4930.0000,4931.0000,4931.4000,1,1,1,1,3,1,1,1,1,2
SF,IC2003,2019-12-09 09:30:08.100,4928.2000,40792,-1,123368280.000,2,0,2,多平,S,4926.6000,4926.2000,4926.0000,4925.6000,4925.0000,4929.8000,4931.0000,4931.4000,4933.0000,4934.4000,1,1,1,1,1,1,1,2,3,1
SF,IC2003,2019-12-09 09:30:08.600,4928.2000,40792,0,123368280.000,0,-,-,-,-,4928.4000,4926.8000,4926.6000,4926.2000,4926.0000,4929.6000,4929.8000,4931.0000,4931.4000,4933.0000,3,1,2,2,2,1,2,1,2,3
SF,IC2003,2019-12-09 09:30:09.100,4929.8000,40791,-1,125339920.000,2,0,2,多平,S,4928.4000,4926.6000,4926.4000,4926.2000,4926.0000,4929.2000,4930.0000,4931.0000,4931.4000,4933.0000,2,2,1,1,2,1,1,1,2,3
SF,IC2003,2019-12-09 09:30:09.600,4929.8000,40791,0,125339920.000,0,-,-,-,-,4928.4000,4926.6000,4926.4000,4926.2000,4926.0000,4929.0000,4929.2000,4930.2000,4931.0000,4931.4000,2,2,1,1,2,1,1,1,1,2
SF,IC2003,2019-12-09 09:30:10.100,4928.8000,40790,-1,129282760.000,4,1,3,多平,S,4926.4000,4926.2000,4926.0000,4925.6000,4925.0000,4929.0000,4930.2000,4931.0000,4931.4000,4933.0000,1,1,1,1,1,1,1,1,2,3
SF,IC2003,2019-12-09 09:30:10.600,4926.6000,40789,-1,132239320.000,3,1,2,多平,S,4926.6000,4926.4000,4926.2000,4926.0000,4925.6000,4930.2000,4931.0000,4931.4000,4933.0000,4934.4000,2,1,1,1,1,1,1,2,3,1
SF,IC2003,2019-12-09 09:30:11.100,4926.6000,40789,0,132239320.000,0,-,-,-,-,4926.6000,4926.4000,4926.2000,4926.0000,4925.6000,4930.0000,4930.2000,4931.4000,4933.0000,4934.4000,2,1,1,1,1,3,1,2,3,1
SF,IC2003,2019-12-09 09:30:11.600,4930.0000,40789,0,133225320.000,1,0,1,多换,S,4929.4000,4926.6000,4926.4000,4926.2000,4926.0000,4930.0000,4930.2000,4931.4000,4933.0000,4934.4000,1,2,1,1,1,2,1,2,3,1
SF,IC2003,2019-12-09 09:30:12.100,4930.0000,40790,1,143084560.000,10,5,5,空开,S,4930.0000,4929.4000,4929.0000,4926.6000,4926.4000,4930.2000,4931.4000,4933.0000,4934.4000,4936.0000,11,1,1,1,1,1,2,3,1,1
SF,IC2003,2019-12-09 09:30:12.600,4929.8000,40792,2,155902400.000,13,7,6,空开,S,4929.0000,4927.8000,4926.6000,4926.4000,4926.2000,4930.0000,4930.2000,4931.4000,4933.0000,4934.4000,1,1,1,1,1,2,2,2,3,1
SF,IC2003,2019-12-09 09:30:13.100,4929.8000,40792,0,156888360.000,1,0,1,多换,S,4929.0000,4927.8000,4926.6000,4926.4000,4926.2000,4929.8000,4930.0000,4930.2000,4931.4000,4933.0000,3,1,1,1,1,1,2,2,2,3
SF,IC2003,2019-12-09 09:30:13.600,4929.8000,40792,0,159845920.000,3,1,2,多换,S,4929.0000,4927.8000,4926.6000,4926.4000,4926.2000,4930.0000,4930.2000,4931.4000,4933.0000,4934.4000,1,1,1,1,1,2,2,2,3,1
SF,IC2003,2019-12-09 09:30:14.100,4929.0000,40791,-1,160831720.000,1,0,1,双平,S,4927.8000,4926.6000,4926.4000,4926.2000,4926.0000,4929.8000,4930.0000,4930.2000,4931.4000,4933.0000,1,1,1,1,1,1,2,2,2,3
SF,IC2003,2019-12-09 09:30:14.600,4929.0000,40791,0,164774520.000,4,2,2,多换,S,4928.0000,4927.8000,4926.4000,4926.2000,4926.0000,4930.0000,4930.2000,4931.4000,4933.0000,4934.4000,2,1,1,1,1,3,2,2,3,1
SF,IC2003,2019-12-09 09:30:15.100,4928.0000,40791,0,168717040.000,4,2,2,多换,S,4928.0000,4927.8000,4926.4000,4926.2000,4926.0000,4929.4000,4930.0000,4930.2000,4931.4000,4933.0000,1,1,1,1,1,1,5,1,2,3
SF,IC2003,2019-12-09 09:30:15.600,4928.0000,40790,-1,169702640.000,1,0,1,双平,S,4927.8000,4926.4000,4926.2000,4926.0000,4925.6000,4928.0000,4929.4000,4929.8000,4930.0000,4930.2000,1,1,1,1,1,1,1,1,4,1
SF,IC2003,2019-12-09 09:30:16.100,4928.0000,40789,-1,171673840.000,2,0,2,多平,S,4928.8000,4928.0000,4927.8000,4926.4000,4926.2000,4929.4000,4929.8000,4930.0000,4930.2000,4931.4000,1,1,1,1,1,1,1,4,1,2
SF,IC2003,2019-12-09 09:30:16.600,4928.0000,40791,2,175616440.000,4,3,1,空开,S,4928.0000,4927.8000,4926.4000,4926.2000,4926.0000,4929.4000,4930.0000,4930.2000,4931.4000,4933.0000,3,1,1,1,1,1,4,1,2,3
SF,IC2003,2019-12-09 09:30:17.100,4929.4000,40791,0,176602320.000,1,0,1,多换,S,4928.2000,4928.0000,4927.8000,4926.4000,4926.2000,4930.0000,4930.2000,4931.4000,4933.0000,4934.4000,1,3,1,1,1,4,1,2,3,1
SF,IC2003,2019-12-09 09:30:17.600,4929.8000,40790,-1,177588280.000,1,0,1,双平,S,4928.2000,4928.0000,4927.8000,4926.4000,4926.2000,4930.0000,4930.2000,4931.4000,4932.6000,4933.0000,1,4,1,1,1,4,1,1,1,3
SF,IC2003,2019-12-09 09:30:18.100,4928.0000,40791,1,180545120.000,3,2,1,空开,S,4928.0000,4927.8000,4926.4000,4926.2000,4926.0000,4930.0000,4930.2000,4931.4000,4932.6000,4933.0000,2,1,1,1,1,3,1,1,1,3
SF,IC2003,2019-12-09 09:30:18.600,4930.0000,40790,-1,182517120.000,2,0,2,多平,S,4928.2000,4928.0000,4927.8000,4926.4000,4926.2000,4930.0000,4930.2000,4931.4000,4932.6000,4933.0000,3,2,1,1,1,1,1,1,1,3
SF,IC2003,2019-12-09 09:30:19.100,4930.0000,40789,-1,183503120.000,1,0,1,双平,S,4928.4000,4928.2000,4928.0000,4927.8000,4926.4000,4930.0000,4930.2000,4931.4000,4932.6000,4933.0000,1,2,2,1,1,1,1,1,1,3
SF,IC2003,2019-12-09 09:30:19.600,4930.0000,40789,0,183503120.000,0,-,-,-,-,4929.2000,4928.6000,4928.2000,4928.0000,4927.8000,4930.0000,4930.2000,4931.4000,4932.6000,4933.0000,1,2,1,2,1,1,1,1,1,3
SF,IC2003,2019-12-09 09:30:20.100,4928.6000,40789,0,187446680.000,4,2,2,多换,S,4928.0000,4927.8000,4926.4000,4926.2000,4926.0000,4930.2000,4932.6000,4933.0000,4934.4000,4936.0000,2,1,1,1,1,1,1,3,1,1
SF,IC2003,2019-12-09 09:30:20.600,4929.2000,40789,0,188432520.000,1,0,1,多换,S,4930.0000,4928.2000,4928.0000,4927.8000,4926.4000,4930.2000,4932.6000,4933.0000,4934.4000,4936.0000,2,3,2,1,1,2,1,3,1,1
SF,IC2003,2019-12-09 09:30:21.100,4930.2000,40789,0,190404600.000,2,1,1,多换,S,4930.0000,4929.0000,4928.2000,4928.0000,4927.8000,4932.6000,4933.0000,4934.4000,4936.0000,4936.6000,2,2,3,2,1,1,3,1,1,1
SF,IC2003,2019-12-09 09:30:21.600,4931.6000,40788,-1,192376960.000,2,0,2,多平,S,4930.8000,4930.0000,4929.0000,4928.2000,4928.0000,4932.4000,4932.6000,4933.0000,4934.4000,4936.0000,2,2,1,2,2,1,1,3,1,1
SF,IC2003,2019-12-09 09:30:22.100,4930.0000,40787,-1,196321280.000,4,1,3,多平,S,4929.0000,4928.2000,4928.0000,4927.8000,4926.4000,4932.2000,4932.4000,4933.0000,4933.8000,4934.4000,1,1,2,1,1,1,4,3,1,1
SF,IC2003,2019-12-09 09:30:22.600,4932.0000,40786,-1,197307680.000,1,0,1,双平,S,4932.2000,4930.4000,4930.2000,4929.6000,4929.2000,4932.4000,4933.0000,4933.8000,4934.4000,4936.0000,1,1,1,1,1,3,3,1,1,1
SF,IC2003,2019-12-09 09:30:23.100,4932.2000,40786,0,199280560.000,2,1,1,多换,S,4930.4000,4930.2000,4929.6000,4929.2000,4929.0000,4932.0000,4932.4000,4933.0000,4933.8000,4934.4000,1,1,1,1,1,2,3,3,1,1
SF,IC2003,2019-12-09 09:30:23.600,4930.2000,40786,0,204211360.000,5,2,3,多换,S,4929.6000,4929.0000,4928.0000,4927.8000,4926.4000,4932.4000,4933.0000,4933.8000,4934.4000,4936.0000,1,1,3,1,1,2,3,1,1,1
SF,IC2003,2019-12-09 09:30:24.100,4932.2000,40785,-1,205197800.000,1,0,1,双平,S,4929.8000,4929.6000,4929.0000,4928.0000,4927.8000,4932.2000,4932.4000,4933.0000,4933.8000,4934.4000,1,1,2,3,1,1,2,3,1,1
SF,IC2003,2019-12-09 09:30:24.600,4932.2000,40785,0,206184240.000,1,0,1,多换,S,4929.8000,4929.6000,4929.0000,4928.0000,4927.8000,4932.2000,4932.4000,4933.0000,4933.8000,4934.4000,1,1,2,3,1,1,2,3,1,1
SF,IC2003,2019-12-09 09:30:25.100,4932.2000,40785,0,207170680.000,1,0,1,多换,S,4932.2000,4930.0000,4929.8000,4929.6000,4929.0000,4932.4000,4933.0000,4933.8000,4934.4000,4936.0000,4,1,1,1,2,2,3,1,1,1
SF,IC2003,2019-12-09 09:30:25.600,4930.0000,40786,1,213088920.000,6,3,3,空开,S,4932.2000,4930.0000,4929.6000,4929.0000,4928.0000,4932.4000,4933.0000,4933.8000,4934.4000,4936.0000,1,1,1,1,4,1,3,1,1,1
SF,IC2003,2019-12-09 09:30:26.100,4932.4000,40784,-2,215061880.000,2,0,2,双平,S,4932.2000,4930.4000,4930.0000,4929.6000,4929.0000,4933.0000,4933.8000,4936.0000,4936.6000,4940.0000,1,1,4,1,1,3,1,1,1,1
SF,IC2003,2019-12-09 09:30:26.600,4932.4000,40784,0,215061880.000,0,-,-,-,-,4932.2000,4932.0000,4930.4000,4930.0000,4929.6000,4933.0000,4933.8000,4936.0000,4936.6000,4940.0000,1,1,1,3,1,3,1,1,1,1
SF,IC2003,2019-12-09 09:30:27.100,4932.2000,40784,0,216048320.000,1,0,1,多换,S,4932.0000,4930.4000,4930.0000,4929.8000,4929.6000,4932.4000,4933.0000,4935.0000,4936.0000,4936.6000,1,1,4,1,1,1,3,1,1,1
SF,IC2003,2019-12-09 09:30:27.600,4932.4000,40783,-1,218021280.000,2,0,2,多平,S,4932.0000,4930.4000,4930.0000,4929.8000,4929.6000,4933.0000,4935.0000,4936.0000,4936.6000,4940.0000,1,1,6,1,1,3,1,1,1,1
SF,IC2003,2019-12-09 09:30:28.100,4932.2000,40782,-1,219994320.000,2,0,2,多平,S,4932.2000,4932.0000,4930.4000,4930.0000,4929.8000,4933.0000,4935.0000,4936.0000,4936.6000,4940.0000,2,1,1,6,1,2,1,1,1,1
SF,IC2003,2019-12-09 09:30:28.600,4933.0000,40780,-2,221967520.000,2,0,2,双平,S,4933.0000,4932.2000,4932.0000,4930.4000,4930.0000,4935.0000,4936.0000,4936.6000,4940.0000,4940.4000,2,3,1,1,7,1,1,1,1,2
SF,IC2003,2019-12-09 09:30:29.100,4932.2000,40780,0,224926840.000,3,1,2,多换,S,4932.0000,4930.4000,4930.0000,4929.8000,4929.6000,4933.0000,4934.8000,4935.0000,4936.0000,4936.6000,1,1,7,1,1,1,2,1,1,1
SF,IC2003,2019-12-09 09:30:29.600,4933.0000,40780,0,225913440.000,1,0,1,多换,S,4933.0000,4932.0000,4930.4000,4930.0000,4929.8000,4934.8000,4935.0000,4936.0000,4936.6000,4940.0000,2,2,1,7,1,1,1,1,1,1
SF,IC2003,2019-12-09 09:30:30.100,4934.8000,40780,0,228874240.000,3,1,2,多换,S,4933.6000,4933.2000,4933.0000,4932.0000,4931.6000,4935.0000,4935.4000,4936.0000,4936.6000,4940.0000,1,1,4,1,1,1,1,1,1,1
SF,IC2003,2019-12-09 09:30:30.600,4935.0000,40781,1,230848200.000,2,1,1,空开,S,4935.0000,4933.8000,4933.6000,4933.0000,4932.0000,4935.4000,4936.0000,4936.6000,4940.0000,4940.4000,1,1,1,4,1,1,1,1,1,2
SF,IC2003,2019-12-09 09:30:31.100,4933.0000,40783,2,234795120.000,4,3,1,空开,S,4933.0000,4932.8000,4932.0000,4931.6000,4930.4000,4935.0000,4935.2000,4935.4000,4936.0000,4936.6000,2,1,1,1,1,1,2,1,1,2
SF,IC2003,2019-12-09 09:30:31.600,4933.0000,40783,0,234795120.000,0,-,-,-,-,4933.2000,4933.0000,4932.8000,4932.0000,4931.6000,4935.0000,4935.4000,4936.0000,4936.6000,4940.0000,3,2,1,1,1,1,1,1,2,1
SF,IC2003,2019-12-09 09:30:32.100,4933.0000,40783,0,234795120.000,0,-,-,-,-,4933.2000,4933.0000,4932.8000,4932.0000,4931.6000,4935.0000,4935.4000,4936.0000,4936.6000,4940.0000,3,2,1,1,1,1,1,1,2,1
SF,IC2003,2019-12-09 09:30:32.600,4933.2000,40783,0,235781760.000,1,0,1,多换,S,4933.2000,4933.0000,4932.8000,4932.0000,4931.6000,4935.4000,4936.0000,4936.6000,4940.0000,4940.4000,2,2,1,1,1,1,1,2,1,2
SF,IC2003,2019-12-09 09:30:33.100,4933.2000,40783,0,237755040.000,2,1,1,多换,S,4933.4000,4933.2000,4933.0000,4932.8000,4932.0000,4935.2000,4935.4000,4936.0000,4936.6000,4940.0000,1,1,2,1,1,1,1,1,2,1
SF,IC2003,2019-12-09 09:30:33.600,4933.2000,40783,0,237755040.000,0,-,-,-,-,4933.6000,4933.4000,4933.2000,4933.0000,4932.8000,4935.2000,4935.4000,4936.0000,4936.6000,4940.0000,1,1,1,2,1,1,1,1,2,1
SF,IC2003,2019-12-09 09:30:34.100,4935.0000,40784,1,238742040.000,1,1,0,双开,S,4933.8000,4933.4000,4933.2000,4933.0000,4932.8000,4935.2000,4935.4000,4936.0000,4936.6000,4940.0000,1,1,1,2,1,2,1,1,2,1
SF,IC2003,2019-12-09 09:30:34.600,4934.6000,40783,-1,240715760.000,2,0,2,多平,S,4933.6000,4933.4000,4933.0000,4932.8000,4932.0000,4935.2000,4935.4000,4936.0000,4936.6000,4937.8000,1,1,2,1,1,2,1,1,1,1
SF,IC2003,2019-12-09 09:30:35.100,4933.6000,40784,1,242689240.000,2,1,1,空开,S,4933.0000,4932.8000,4932.0000,4931.6000,4930.4000,4935.2000,4935.4000,4936.0000,4936.6000,4937.8000,2,1,1,1,1,2,1,1,1,1
SF,IC2003,2019-12-09 09:30:35.600,4933.6000,40784,0,242689240.000,0,-,-,-,-,4933.2000,4933.0000,4932.8000,4932.4000,4932.0000,4935.0000,4935.2000,4936.0000,4936.6000,4937.8000,2,2,1,1,1,2,2,1,1,1
SF,IC2003,2019-12-09 09:30:36.100,4934.8000,40784,0,243676200.000,1,0,1,多换,S,4933.2000,4933.0000,4932.8000,4932.4000,4932.0000,4935.0000,4935.2000,4936.0000,4936.6000,4937.8000,2,2,1,1,1,2,1,1,1,1
SF,IC2003,2019-12-09 09:30:36.600,4934.8000,40784,0,243676200.000,0,-,-,-,-,4933.2000,4932.8000,4932.4000,4932.0000,4931.6000,4933.6000,4934.8000,4935.0000,4935.2000,4936.0000,2,1,1,1,1,1,2,2,1,1
SF,IC2003,2019-12-09 09:30:37.100,4934.6000,40783,-1,244663120.000,1,0,1,双平,S,4933.8000,4933.6000,4933.4000,4933.2000,4932.8000,4935.2000,4936.0000,4936.6000,4937.8000,4940.0000,4,3,2,1,1,1,1,1,1,1
SF,IC2003,2019-12-09 09:30:37.600,4934.6000,40783,0,244663120.000,0,-,-,-,-,4934.0000,4933.4000,4933.2000,4933.0000,4932.8000,4935.0000,4935.2000,4936.0000,4936.6000,4937.8000,1,1,1,1,1,1,1,1,1,1
SF,IC2003,2019-12-09 09:30:38.100,4934.8000,40783,0,245650080.000,1,0,1,多换,S,4933.2000,4933.0000,4932.8000,4932.4000,4932.0000,4935.2000,4936.0000,4936.6000,4937.8000,4940.0000,1,1,1,1,1,1,1,1,1,1
SF,IC2003,2019-12-09 09:30:38.600,4934.8000,40783,0,245650080.000,0,-,-,-,-,4933.4000,4933.2000,4933.0000,4932.8000,4932.4000,4935.0000,4935.2000,4936.0000,4936.6000,4937.8000,2,1,1,1,1,2,1,1,1,1
SF,IC2003,2019-12-09 09:30:39.100,4934.8000,40783,0,245650080.000,0,-,-,-,-,4933.4000,4933.2000,4933.0000,4932.0000,4931.6000,4933.6000,4934.8000,4935.0000,4935.2000,4936.0000,2,1,1,1,1,1,1,2,1,1
SF,IC2003,2019-12-09 09:30:39.600,4934.8000,40781,-2,249597200.000,4,1,3,多平,S,4933.8000,4933.6000,4933.4000,4933.2000,4933.0000,4935.2000,4936.0000,4936.4000,4936.6000,4937.8000,3,3,1,1,1,1,1,1,1,1
SF,IC2003,2019-12-09 09:30:40.100,4935.0000,40780,-1,252557720.000,3,1,2,多平,S,4933.2000,4933.0000,4932.0000,4931.6000,4930.4000,4935.0000,4935.2000,4936.0000,4936.4000,4936.6000,1,1,1,1,1,1,1,1,1,1
SF,IC2003,2019-12-09 09:30:40.600,4935.0000,40782,2,254531720.000,2,2,0,双开,S,4933.4000,4933.2000,4933.0000,4932.8000,4932.0000,4935.0000,4935.2000,4936.0000,4936.4000,4936.6000,1,1,1,1,1,1,1,1,1,1
SF,IC2003,2019-12-09 09:30:41.100,4935.0000,40782,0,254531720.000,0,-,-,-,-,4933.2000,4933.0000,4932.8000,4932.0000,4931.6000,4935.0000,4935.2000,4936.0000,4936.4000,4936.6000,1,1,1,1,1,1,1,1,1,1
SF,IC2003,2019-12-09 09:30:41.600,4935.0000,40782,0,254531720.000,0,-,-,-,-,4933.0000,4932.8000,4932.0000,4931.6000,4930.4000,4935.0000,4935.2000,4936.0000,4936.4000,4936.6000,1,1,1,1,1,1,1,1,1,1
SF,IC2003,2019-12-09 09:30:42.100,4933.0000,40783,1,255518320.000,1,1,0,双开,S,4932.8000,4932.0000,4931.6000,4930.4000,4930.0000,4935.0000,4935.2000,4936.0000,4936.4000,4936.6000,1,1,1,1,6,1,1,1,1,1
SF,IC2003,2019-12-09 09:30:42.600,4932.8000,40783,0,257491440.000,2,1,1,多换,S,4932.0000,4930.0000,4929.0000,4928.0000,4927.0000,4932.8000,4934.8000,4935.0000,4935.2000,4935.8000,1,6,1,4,1,1,1,1,1,1
SF,IC2003,2019-12-09 09:30:43.100,4932.0000,40783,0,262425760.000,5,2,3,多换,S,4930.2000,4930.0000,4929.0000,4928.0000,4927.0000,4935.2000,4935.8000,4936.0000,4936.4000,4936.6000,1,6,1,4,1,1,1,1,1,1
SF,IC2003,2019-12-09 09:30:43.600,4934.8000,40783,0,263412720.000,1,0,1,多换,S,4931.0000,4930.4000,4930.2000,4930.0000,4929.0000,4932.8000,4935.0000,4935.2000,4935.8000,4936.0000,1,2,2,6,1,2,1,1,1,1
SF,IC2003,2019-12-09 09:30:44.100,4932.8000,40782,-1,266372080.000,3,1,2,多平,S,4932.8000,4931.2000,4931.0000,4930.4000,4930.2000,4935.0000,4935.2000,4935.8000,4936.0000,4936.4000,2,3,1,2,2,2,2,1,1,1
SF,IC2003,2019-12-09 09:30:44.600,4934.0000,40783,1,271305120.000,5,3,2,空开,S,4931.2000,4931.0000,4930.4000,4930.2000,4930.0000,4934.0000,4934.8000,4935.0000,4935.2000,4935.8000,1,1,2,2,6,2,1,2,2,1
SF,IC2003,2019-12-09 09:30:45.100,4931.6000,40782,-1,272291440.000,1,0,1,双平,S,4931.4000,4931.2000,4931.0000,4930.6000,4930.4000,4933.8000,4934.8000,4935.2000,4935.8000,4936.0000,1,1,1,1,1,1,2,2,1,1
SF,IC2003,2019-12-09 09:30:45.600,4931.6000,40782,0,272291440.000,0,-,-,-,-,4931.4000,4931.2000,4931.0000,4930.6000,4930.4000,4933.8000,4934.8000,4935.2000,4935.8000,4936.0000,1,1,1,1,1,1,2,2,1,1
SF,IC2003,2019-12-09 09:30:46.100,4931.6000,40782,0,272291440.000,0,-,-,-,-,4931.4000,4931.2000,4931.0000,4930.4000,4930.2000,4931.6000,4933.8000,4934.6000,4934.8000,4935.2000,1,1,1,1,2,1,1,1,2,2
SF,IC2003,2019-12-09 09:30:46.600,4931.6000,40782,0,273277760.000,1,0,1,多换,S,4931.8000,4931.6000,4931.4000,4931.2000,4931.0000,4933.8000,4934.6000,4935.2000,4935.8000,4936.0000,2,4,1,1,1,1,1,2,1,1
SF,IC2003,2019-12-09 09:30:47.100,4933.8000,40781,-1,274264520.000,1,0,1,双平,S,4932.0000,4931.8000,4931.6000,4931.0000,4930.2000,4934.6000,4935.2000,4935.8000,4936.0000,4936.4000,3,1,2,1,2,1,2,1,1,1
SF,IC2003,2019-12-09 09:30:47.600,4933.8000,40781,0,274264520.000,0,-,-,-,-,4932.0000,4931.8000,4931.6000,4930.2000,4930.0000,4932.6000,4933.4000,4934.4000,4934.6000,4935.2000,1,1,2,1,6,2,2,1,1,2
SF,IC2003,2019-12-09 09:30:48.100,4932.0000,40780,-1,275250920.000,1,0,1,双平,S,4930.2000,4930.0000,4929.4000,4928.6000,4928.0000,4931.8000,4933.6000,4934.4000,4934.6000,4935.2000,1,7,1,1,3,1,1,3,1,2
SF,IC2003,2019-12-09 09:30:48.600,4931.6000,40781,1,276237240.000,1,1,0,双开,S,4930.4000,4930.2000,4930.0000,4929.4000,4928.6000,4931.8000,4932.0000,4933.6000,4934.4000,4934.6000,2,1,7,1,1,1,1,1,3,1
SF,IC2003,2019-12-09 09:30:49.100,4931.6000,40781,0,276237240.000,0,-,-,-,-,4930.4000,4930.2000,4930.0000,4929.4000,4928.0000,4931.8000,4932.0000,4933.6000,4934.4000,4934.6000,1,3,7,1,3,1,1,1,3,1
SF,IC2003,2019-12-09 09:30:49.600,4931.6000,40781,0,276237240.000,0,-,-,-,-,4930.4000,4930.2000,4930.0000,4929.4000,4928.0000,4931.8000,4932.0000,4933.2000,4933.6000,4934.4000,1,3,7,1,3,1,1,1,1,1
SF,IC2003,2019-12-09 09:30:50.100,4930.4000,40780,-1,277223320.000,1,0,1,双平,S,4930.2000,4930.0000,4929.4000,4928.0000,4927.0000,4931.8000,4932.0000,4933.2000,4934.4000,4934.6000,3,7,1,3,1,1,1,1,1,1
SF,IC2003,2019-12-09 09:30:50.600,4930.4000,40780,0,277223320.000,0,-,-,-,-,4930.2000,4930.0000,4929.4000,4928.0000,4927.0000,4931.6000,4931.8000,4932.0000,4933.2000,4934.6000,3,7,1,4,1,1,1,1,1,1
SF,IC2003,2019-12-09 09:30:51.100,4930.4000,40780,0,277223320.000,0,-,-,-,-,4930.4000,4930.2000,4930.0000,4929.4000,4928.0000,4931.6000,4931.8000,4932.0000,4933.2000,4934.6000,1,4,7,1,4,1,1,1,1,1
SF,IC2003,2019-12-09 09:30:51.600,4930.4000,40780,0,277223320.000,0,-,-,-,-,4930.2000,4930.0000,4929.4000,4928.0000,4927.0000,4931.6000,4931.8000,4932.0000,4933.2000,4934.6000,4,6,1,4,1,1,1,1,1,1
SF,IC2003,2019-12-09 09:30:52.100,4930.4000,40780,0,277223320.000,0,-,-,-,-,4930.4000,4930.2000,4930.0000,4929.4000,4928.0000,4931.8000,4932.0000,4933.2000,4934.6000,4935.2000,2,4,6,1,4,1,1,1,1,5
SF,IC2003,2019-12-09 09:30:52.600,4930.4000,40780,0,277223320.000,0,-,-,-,-,4930.4000,4930.2000,4930.0000,4929.6000,4929.4000,4931.8000,4932.0000,4933.2000,4934.6000,4935.2000,3,4,7,1,1,1,1,1,1,5
SF,IC2003,2019-12-09 09:30:53.100,4931.8000,40779,-1,278209680.000,1,0,1,双平,S,4930.4000,4930.2000,4930.0000,4929.6000,4929.4000,4933.2000,4934.6000,4935.2000,4935.8000,4936.0000,4,4,7,1,1,1,1,5,1,1
SF,IC2003,2019-12-09 09:30:53.600,4930.4000,40778,-1,279195760.000,1,0,1,双平,S,4930.4000,4930.2000,4930.0000,4929.4000,4929.2000,4933.0000,4933.2000,4934.6000,4935.2000,4935.8000,2,4,7,1,1,3,1,1,5,1
SF,IC2003,2019-12-09 09:30:54.100,4930.4000,40778,0,281167920.000,2,1,1,多换,S,4930.4000,4930.2000,4930.0000,4929.4000,4929.2000,4933.0000,4933.2000,4934.6000,4935.2000,4935.8000,1,4,7,1,1,3,1,1,5,1
SF,IC2003,2019-12-09 09:30:54.600,4930.4000,40777,-1,282154000.000,1,0,1,双平,S,4930.2000,4930.0000,4929.4000,4929.2000,4928.0000,4933.0000,4933.2000,4934.6000,4935.2000,4935.8000,4,7,1,1,4,1,1,1,5,1
SF,IC2003,2019-12-09 09:30:55.100,4930.4000,40777,0,282154000.000,0,-,-,-,-,4930.4000,4930.2000,4930.0000,4929.4000,4929.2000,4932.8000,4933.0000,4933.2000,4934.6000,4935.2000,1,4,7,1,1,2,1,1,1,5
SF,IC2003,2019-12-09 09:30:55.600,4930.4000,40777,0,282154000.000,0,-,-,-,-,4930.2000,4930.0000,4929.4000,4929.2000,4928.0000,4932.6000,4932.8000,4933.2000,4934.6000,4935.2000,4,7,1,1,4,1,2,1,1,5
SF,IC2003,2019-12-09 09:30:56.100,4930.2000,40773,-4,286098200.000,4,0,4,双平,S,4930.2000,4930.0000,4929.4000,4929.2000,4928.0000,4932.6000,4933.2000,4934.6000,4935.2000,4935.8000,2,7,1,1,4,1,1,1,5,1
SF,IC2003,2019-12-09 09:30:56.600,4930.2000,40773,0,286098200.000,0,-,-,-,-,4930.4000,4930.2000,4930.0000,4929.6000,4929.4000,4932.6000,4933.2000,4934.6000,4935.2000,4935.8000,2,2,7,1,1,1,1,1,5,1
SF,IC2003,2019-12-09 09:30:57.100,4930.2000,40773,0,286098200.000,0,-,-,-,-,4930.4000,4930.2000,4930.0000,4929.2000,4928.0000,4932.4000,4932.6000,4933.2000,4934.6000,4935.2000,3,2,7,1,4,1,1,1,1,5
SF,IC2003,2019-12-09 09:30:57.600,4930.2000,40773,0,286098200.000,0,-,-,-,-,4930.6000,4930.4000,4930.2000,4930.0000,4929.2000,4932.2000,4932.4000,4933.2000,4934.6000,4935.2000,1,1,2,7,1,1,1,1,1,5
SF,IC2003,2019-12-09 09:30:58.100,4930.2000,40773,0,286098200.000,0,-,-,-,-,4930.4000,4930.2000,4930.0000,4929.2000,4928.0000,4932.2000,4932.4000,4933.2000,4934.6000,4935.2000,1,2,7,1,4,1,1,1,1,5
SF,IC2003,2019-12-09 09:30:58.600,4930.0000,40773,0,289056280.000,3,1,2,多换,S,4930.0000,4928.0000,4927.0000,4926.8000,4926.4000,4932.0000,4932.2000,4932.4000,4933.2000,4934.6000,6,4,1,1,1,1,1,1,1,1
SF,IC2003,2019-12-09 09:30:59.100,4930.0000,40774,1,290042280.000,1,1,0,双开,S,4930.0000,4928.0000,4927.0000,4926.8000,4926.4000,4931.8000,4932.0000,4932.4000,4933.2000,4934.6000,5,4,1,1,1,1,3,1,1,1
SF,IC2003,2019-12-09 09:30:59.600,4930.0000,40776,2,292014280.000,2,2,0,双开,S,4930.0000,4928.0000,4927.4000,4927.0000,4926.8000,4931.8000,4932.0000,4932.4000,4933.2000,4934.6000,3,3,1,1,1,1,3,1,1,1
SF,IC2003,2019-12-09 09:31:00.100,4930.0000,40777,1,293986280.000,2,1,1,空开,S,4930.0000,4928.0000,4927.4000,4927.0000,4926.8000,4931.8000,4932.0000,4932.4000,4933.2000,4934.6000,11,3,1,1,1,3,3,1,1,1
SF,IC2003,2019-12-09 09:31:00.600,4930.0000,40778,1,295958280.000,2,1,1,空开,S,4930.0000,4928.0000,4927.4000,4927.0000,4926.8000,4931.8000,4932.0000,4932.4000,4933.0000,4933.2000,9,3,1,1,1,3,3,1,1,1
SF,IC2003,2019-12-09 09:31:01.600,4930.0000,40778,0,295958280.000,0,-,-,-,-,4930.2000,4930.0000,4928.0000,4927.4000,4927.0000,4931.8000,4932.0000,4932.4000,4933.0000,4933.2000,1,9,3,1,1,3,3,1,1,1
SF,IC2003,2019-12-09 09:31:02.100,4930.0000,40778,0,295958280.000,0,-,-,-,-,4930.4000,4930.0000,4928.0000,4927.4000,4927.0000,4931.8000,4932.0000,4933.0000,4933.2000,4934.6000,1,9,4,1,1,3,3,1,1,1
SF,IC2003,2019-12-09 09:31:02.600,4930.0000,40778,0,295958280.000,0,-,-,-,-,4930.6000,4930.0000,4929.6000,4928.0000,4927.4000,4931.8000,4932.0000,4933.0000,4933.2000,4934.6000,1,9,1,4,1,3,1,1,1,1
SF,IC2003,2019-12-09 09:31:03.100,4930.0000,40778,0,295958280.000,0,-,-,-,-,4930.0000,4929.6000,4928.0000,4927.4000,4927.0000,4931.8000,4932.0000,4933.0000,4933.2000,4934.6000,9,1,4,1,1,1,1,1,1,1
SF,IC2003,2019-12-09 09:31:03.600,4931.8000,40778,0,296944640.000,1,0,1,多换,S,4930.2000,4930.0000,4929.6000,4928.0000,4927.4000,4932.0000,4933.0000,4933.2000,4934.6000,4935.2000,1,9,1,4,1,1,1,1,1,5
SF,IC2003,2019-12-09 09:31:04.100,4931.8000,40778,0,296944640.000,0,-,-,-,-,4930.4000,4930.0000,4929.6000,4928.0000,4927.4000,4931.8000,4932.0000,4933.0000,4933.2000,4934.6000,2,9,1,4,1,1,1,1,1,1
SF,IC2003,2019-12-09 09:31:04.600,4931.8000,40778,0,296944640.000,0,-,-,-,-,4930.4000,4930.0000,4929.6000,4928.0000,4927.4000,4931.8000,4932.0000,4933.0000,4933.2000,4934.6000,1,10,1,4,1,1,1,1,1,1
SF,IC2003,2019-12-09 09:31:05.100,4931.8000,40778,0,296944640.000,0,-,-,-,-,4930.6000,4930.0000,4929.6000,4928.0000,4927.4000,4931.8000,4932.0000,4933.0000,4933.2000,4934.6000,1,10,1,4,1,2,1,1,1,1
SF,IC2003,2019-12-09 09:31:05.600,4931.8000,40778,0,298917360.000,2,1,1,多换,S,4931.8000,4930.0000,4929.6000,4928.0000,4927.4000,4932.0000,4933.0000,4933.2000,4934.6000,4935.2000,5,10,1,4,1,1,1,1,1,5
SF,IC2003,2019-12-09 09:31:06.100,4930.0000,40778,0,304835160.000,6,3,3,多换,S,4930.0000,4929.6000,4928.0000,4927.4000,4927.0000,4932.0000,4933.0000,4933.2000,4934.6000,4935.2000,9,1,4,1,1,1,1,1,1,5
SF,IC2003,2019-12-09 09:31:06.600,4930.0000,40778,0,304835160.000,0,-,-,-,-,4930.2000,4930.0000,4929.6000,4928.0000,4927.4000,4932.0000,4933.0000,4933.2000,4934.6000,4935.2000,4,9,1,4,1,1,1,1,1,5
SF,IC2003,2019-12-09 09:31:07.100,4930.0000,40778,0,304835160.000,0,-,-,-,-,4930.2000,4930.0000,4929.6000,4928.0000,4927.4000,4931.6000,4931.8000,4932.0000,4933.0000,4933.2000,4,9,1,4,1,1,1,1,1,1
SF,IC2003,2019-12-09 09:31:07.600,4931.8000,40778,0,306807840.000,2,1,1,多换,S,4930.2000,4930.0000,4929.6000,4928.0000,4927.4000,4932.0000,4933.0000,4933.2000,4934.6000,4935.2000,4,9,1,4,1,1,1,1,1,6
SF,IC2003,2019-12-09 09:31:08.100,4931.8000,40778,0,306807840.000,0,-,-,-,-,4930.2000,4930.0000,4929.6000,4928.0000,4927.4000,4932.0000,4933.0000,4933.2000,4934.6000,4935.2000,2,9,1,4,1,1,1,1,1,6
SF,IC2003,2019-12-09 09:31:08.600,4931.8000,40778,0,306807840.000,0,-,-,-,-,4930.2000,4930.0000,4929.6000,4928.0000,4927.4000,4931.6000,4931.8000,4932.0000,4933.0000,4933.2000,2,9,1,4,1,1,1,1,1,1
SF,IC2003,2019-12-09 09:31:09.600,4931.8000,40778,0,307794200.000,1,0,1,多换,S,4930.2000,4930.0000,4929.6000,4928.0000,4927.4000,4931.8000,4932.0000,4933.0000,4933.2000,4934.6000,2,9,1,4,1,1,1,1,1,1
SF,IC2003,2019-12-09 09:31:10.100,4931.8000,40777,-1,308780560.000,1,0,1,双平,S,4930.2000,4930.0000,4929.6000,4928.0000,4927.4000,4932.0000,4933.0000,4933.2000,4934.6000,4935.2000,2,9,1,4,1,1,1,1,1,6
SF,IC2003,2019-12-09 09:31:10.600,4930.2000,40776,-1,309766600.000,1,0,1,双平,S,4931.6000,4930.2000,4930.0000,4929.6000,4928.0000,4932.0000,4933.0000,4933.2000,4934.6000,4935.2000,1,1,9,1,4,1,1,1,1,6
SF,IC2003,2019-12-09 09:31:11.100,4931.4000,40776,0,310752880.000,1,0,1,多换,S,4930.0000,4929.6000,4928.0000,4927.4000,4927.0000,4931.4000,4931.6000,4932.0000,4933.0000,4933.2000,9,1,4,1,1,1,2,1,1,1
SF,IC2003,2019-12-09 09:31:11.600,4930.2000,40772,-4,315683080.000,5,0,5,多平,S,4930.0000,4929.6000,4928.0000,4927.4000,4927.0000,4930.2000,4931.4000,4932.0000,4933.0000,4933.2000,9,1,4,1,1,6,1,1,1,1
SF,IC2003,2019-12-09 09:31:12.100,4930.2000,40766,-6,321599320.000,6,0,6,双平,S,4930.6000,4930.4000,4930.2000,4930.0000,4929.6000,4931.4000,4932.0000,4933.0000,4933.2000,4934.6000,1,3,6,10,1,1,1,1,1,1
SF,IC2003,2019-12-09 09:31:12.600,4931.4000,40765,-1,322585600.000,1,0,1,双平,S,4930.4000,4930.2000,4930.0000,4929.6000,4929.2000,4932.0000,4933.0000,4933.2000,4934.6000,4935.2000,2,4,9,1,1,1,1,1,1,6
SF,IC2003,2019-12-09 09:31:13.100,4931.4000,40765,0,322585600.000,0,-,-,-,-,4930.4000,4930.2000,4930.0000,4929.6000,4929.2000,4931.8000,4932.0000,4933.0000,4933.2000,4934.6000,2,5,9,1,1,2,1,1,1,1
SF,IC2003,2019-12-09 09:31:13.600,4931.4000,40765,0,322585600.000,0,-,-,-,-,4930.2000,4930.0000,4929.6000,4929.2000,4928.0000,4931.8000,4932.0000,4933.0000,4933.2000,4934.6000,5,9,1,1,4,2,1,1,1,1
SF,IC2003,2019-12-09 09:31:14.600,4931.4000,40765,0,322585600.000,0,-,-,-,-,4930.2000,4930.0000,4929.6000,4929.2000,4928.0000,4931.6000,4931.8000,4932.0000,4933.0000,4933.2000,5,9,1,1,4,1,2,1,1,1
SF,IC2003,2019-12-09 09:31:15.100,4931.6000,40766,1,323571920.000,1,1,0,双开,S,4930.4000,4930.2000,4930.0000,4929.6000,4929.2000,4931.8000,4932.0000,4933.0000,4933.2000,4934.6000,1,5,9,1,1,1,1,1,1,1
SF,IC2003,2019-12-09 09:31:15.600,4930.2000,40764,-2,325544040.000,2,0,2,双平,S,4930.2000,4930.0000,4929.6000,4929.2000,4928.0000,4931.6000,4931.8000,4932.0000,4933.0000,4933.2000,2,9,1,1,4,1,1,1,1,1
SF,IC2003,2019-12-09 09:31:16.100,4930.2000,40764,0,325544040.000,0,-,-,-,-,4930.2000,4930.0000,4929.6000,4929.2000,4928.0000,4931.4000,4932.0000,4933.0000,4933.2000,4934.6000,2,9,1,1,4,2,1,1,1,1
SF,IC2003,2019-12-09 09:31:16.600,4930.2000,40764,0,327516120.000,2,1,1,多换,S,4930.0000,4929.6000,4929.2000,4928.0000,4927.4000,4930.2000,4931.4000,4931.6000,4932.0000,4933.0000,9,1,1,4,1,4,2,1,1,1
SF,IC2003,2019-12-09 09:31:17.100,4930.2000,40763,-1,329488200.000,2,0,2,多平,S,4930.0000,4929.6000,4929.2000,4929.0000,4928.0000,4930.2000,4931.4000,4931.6000,4932.0000,4933.0000,9,1,1,1,3,2,1,1,2,1
SF,IC2003,2019-12-09 09:31:17.600,4930.2000,40761,-2,331460280.000,2,0,2,双平,S,4930.2000,4930.0000,4929.6000,4929.2000,4929.0000,4931.4000,4931.6000,4932.0000,4933.0000,4933.2000,1,10,1,1,1,1,1,2,1,1
SF,IC2003,2019-12-09 09:31:18.100,4930.2000,40761,0,331460280.000,0,-,-,-,-,4930.2000,4930.0000,4929.6000,4929.2000,4929.0000,4931.2000,4931.4000,4931.6000,4932.0000,4933.0000,5,10,1,1,1,1,1,1,2,1
SF,IC2003,2019-12-09 09:31:18.600,4931.6000,40761,0,333432800.000,2,1,1,多换,S,4930.2000,4930.0000,4929.6000,4929.2000,4929.0000,4932.0000,4933.0000,4933.2000,4934.6000,4935.2000,5,10,1,1,1,2,1,1,1,5
SF,IC2003,2019-12-09 09:31:19.100,4931.6000,40761,0,333432800.000,0,-,-,-,-,4930.2000,4930.0000,4929.6000,4929.2000,4929.0000,4931.8000,4932.0000,4933.0000,4933.2000,4934.6000,5,10,1,1,1,2,2,1,1,1
SF,IC2003,2019-12-09 09:31:19.600,4931.4000,40761,0,334419080.000,1,0,1,多换,S,4930.2000,4930.0000,4929.6000,4929.2000,4929.0000,4931.8000,4932.0000,4933.0000,4933.2000,4934.6000,6,10,1,1,1,2,2,1,1,1
SF,IC2003,2019-12-09 09:31:20.100,4931.4000,40761,0,334419080.000,0,-,-,-,-,4931.0000,4930.8000,4930.2000,4930.0000,4929.6000,4931.8000,4932.0000,4933.0000,4933.2000,4934.6000,1,5,6,10,1,2,2,1,1,1
SF,IC2003,2019-12-09 09:31:20.600,4931.6000,40761,0,335405400.000,1,0,1,多换,S,4931.0000,4930.8000,4930.2000,4930.0000,4929.6000,4931.8000,4932.0000,4933.0000,4933.2000,4934.6000,1,5,6,12,1,6,2,1,1,1
SF,IC2003,2019-12-09 09:31:21.100,4931.6000,40761,0,335405400.000,0,-,-,-,-,4931.0000,4930.8000,4930.2000,4930.0000,4929.6000,4931.8000,4932.0000,4933.0000,4933.2000,4934.6000,1,5,6,12,1,6,2,1,1,1
SF,IC2003,2019-12-09 09:31:22.600,4931.8000,40760,-1,336391760.000,1,0,1,双平,S,4931.0000,4930.8000,4930.2000,4930.0000,4929.6000,4931.8000,4932.0000,4933.0000,4933.2000,4934.6000,1,5,6,12,1,5,2,1,1,1
SF,IC2003,2019-12-09 09:31:23.100,4931.0000,40759,-1,337377960.000,1,0,1,双平,S,4930.8000,4930.2000,4930.0000,4929.6000,4929.0000,4931.0000,4931.8000,4932.0000,4933.0000,4933.2000,5,1,12,1,1,5,5,2,1,1
SF,IC2003,2019-12-09 09:31:23.600,4930.8000,40758,-1,343294920.000,6,2,4,多平,S,4930.2000,4930.0000,4929.6000,4929.0000,4928.0000,4931.0000,4931.8000,4932.0000,4933.0000,4933.2000,1,12,1,1,3,5,4,2,1,1
SF,IC2003,2019-12-09 09:31:24.100,4931.0000,40758,0,344281120.000,1,0,1,多换,S,4930.4000,4930.2000,4930.0000,4929.6000,4929.0000,4931.0000,4931.8000,4932.0000,4933.0000,4933.2000,1,1,12,1,1,4,4,2,1,1
SF,IC2003,2019-12-09 09:31:24.600,4931.0000,40758,0,344281120.000,0,-,-,-,-,4930.4000,4930.2000,4930.0000,4929.6000,4929.0000,4931.0000,4931.8000,4932.0000,4933.0000,4933.2000,1,1,12,1,1,4,4,2,1,1
SF,IC2003,2019-12-09 09:31:25.100,4931.0000,40758,0,344281120.000,0,-,-,-,-,4930.4000,4930.2000,4930.0000,4929.6000,4929.0000,4931.0000,4931.8000,4932.0000,4933.0000,4933.2000,1,1,11,1,1,4,4,2,1,1
SF,IC2003,2019-12-09 09:31:25.600,4931.0000,40758,0,344281120.000,0,-,-,-,-,4930.4000,4930.2000,4930.0000,4929.6000,4929.0000,4931.0000,4931.8000,4932.0000,4933.0000,4933.2000,1,1,11,1,1,4,5,2,1,1
SF,IC2003,2019-12-09 09:31:26.600,4931.0000,40757,-1,345267320.000,1,0,1,双平,S,4930.4000,4930.2000,4930.0000,4929.6000,4929.0000,4931.0000,4931.8000,4932.0000,4933.0000,4933.2000,1,1,11,1,1,3,5,2,1,1
SF,IC2003,2019-12-09 09:31:27.100,4931.0000,40754,-3,348225920.000,3,0,3,双平,S,4930.4000,4930.2000,4930.0000,4929.6000,4929.0000,4931.8000,4932.0000,4933.0000,4933.2000,4934.6000,3,1,11,1,1,5,2,1,1,1
SF,IC2003,2019-12-09 09:31:28.100,4930.4000,40753,-1,349212000.000,1,0,1,双平,S,4930.2000,4930.0000,4929.6000,4929.0000,4928.6000,4930.4000,4931.6000,4931.8000,4932.0000,4933.0000,1,11,1,1,1,1,1,5,2,1
SF,IC2003,2019-12-09 09:31:28.600,4930.4000,40751,-2,351184160.000,2,0,2,双平,S,4930.4000,4930.2000,4930.0000,4929.6000,4929.0000,4931.0000,4931.8000,4932.0000,4933.0000,4933.2000,1,1,11,1,1,1,5,2,1,1
SF,IC2003,2019-12-09 09:31:29.100,4930.4000,40748,-3,354142520.000,3,0,3,双平,S,4930.4000,4930.2000,4930.0000,4929.6000,4929.0000,4931.8000,4932.0000,4933.0000,4933.2000,4934.6000,2,1,11,1,1,5,2,1,1,1
SF,IC2003,2019-12-09 09:31:29.600,4930.4000,40748,0,354142520.000,0,-,-,-,-,4930.2000,4930.0000,4929.6000,4929.0000,4928.6000,4931.6000,4931.8000,4932.0000,4933.0000,4933.2000,1,11,1,1,1,2,5,2,1,1
SF,IC2003,2019-12-09 09:31:30.100,4930.4000,40748,0,354142520.000,0,-,-,-,-,4930.4000,4930.2000,4930.0000,4929.6000,4929.0000,4931.8000,4932.0000,4933.0000,4933.2000,4934.6000,1,1,11,1,1,5,2,1,1,1
SF,IC2003,2019-12-09 09:31:30.600,4930.4000,40745,-3,357100760.000,3,0,3,双平,S,4930.2000,4930.0000,4929.6000,4929.0000,4928.6000,4930.4000,4931.6000,4931.8000,4932.0000,4933.0000,1,11,1,1,1,10,1,5,2,1
SF,IC2003,2019-12-09 09:31:31.100,4930.4000,40740,-5,363017200.000,6,0,6,多平,S,4930.2000,4930.0000,4929.6000,4929.0000,4928.6000,4930.4000,4931.6000,4931.8000,4932.0000,4933.0000,1,11,1,1,1,5,1,5,2,1
SF,IC2003,2019-12-09 09:31:31.600,4930.4000,40740,0,364003280.000,1,0,1,多换,S,4930.0000,4929.6000,4929.0000,4928.6000,4928.0000,4930.4000,4931.6000,4931.8000,4932.0000,4933.0000,11,1,1,1,4,4,1,5,2,1
SF,IC2003,2019-12-09 09:31:32.100,4930.4000,40739,-1,364989360.000,1,0,1,双平,S,4930.0000,4929.6000,4929.0000,4928.6000,4928.0000,4930.4000,4931.6000,4931.8000,4932.0000,4933.0000,11,1,1,1,4,4,1,5,2,1
SF,IC2003,2019-12-09 09:31:32.600,4930.0000,40739,0,366961360.000,2,1,1,多换,S,4930.0000,4929.6000,4929.0000,4928.6000,4928.0000,4930.4000,4931.6000,4931.8000,4932.0000,4933.0000,9,1,1,1,4,4,1,5,2,1
SF,IC2003,2019-12-09 09:31:33.100,4930.0000,40738,-1,375835360.000,9,4,5,多平,S,4929.6000,4929.0000,4928.6000,4928.0000,4927.0000,4930.0000,4930.4000,4931.0000,4931.6000,4931.8000,1,1,1,4,1,2,4,1,1,5
SF,IC2003,2019-12-09 09:31:33.600,4929.6000,40737,-1,376821280.000,1,0,1,双平,S,4929.0000,4928.6000,4928.0000,4927.0000,4926.8000,4929.6000,4930.0000,4930.4000,4931.0000,4931.6000,1,1,4,1,1,3,2,4,1,1
SF,IC2003,2019-12-09 09:31:34.100,4930.0000,40737,0,377807280.000,1,0,1,多换,S,4929.6000,4929.2000,4929.0000,4928.6000,4928.0000,4930.0000,4930.4000,4930.8000,4931.0000,4931.6000,1,1,1,1,4,1,4,1,1,1
SF,IC2003,2019-12-09 09:31:34.600,4929.2000,40736,-1,379779120.000,2,0,2,多平,S,4929.0000,4928.6000,4928.0000,4927.0000,4926.8000,4930.4000,4930.8000,4931.0000,4931.6000,4931.8000,1,1,4,1,1,4,1,1,1,6
SF,IC2003,2019-12-09 09:31:35.100,4930.0000,40734,-2,381750960.000,2,0,2,双平,S,4930.2000,4929.0000,4928.6000,4928.4000,4928.0000,4930.4000,4930.8000,4931.0000,4931.6000,4931.8000,1,1,1,1,4,4,1,1,1,6
SF,IC2003,2019-12-09 09:31:35.600,4930.2000,40733,-1,383723040.000,2,0,2,多平,S,4929.0000,4928.6000,4928.4000,4928.0000,4927.0000,4929.6000,4930.2000,4930.4000,4930.8000,4931.0000,1,1,1,4,1,4,4,4,1,1
SF,IC2003,2019-12-09 09:31:36.100,4929.6000,40734,1,387666720.000,4,2,2,空开,S,4929.6000,4929.4000,4929.2000,4929.0000,4928.6000,4930.2000,4930.4000,4930.8000,4931.0000,4931.6000,1,2,1,1,1,4,4,1,1,1
SF,IC2003,2019-12-09 09:31:36.600,4929.6000,40734,0,388652640.000,1,0,1,多换,S,4929.0000,4928.6000,4928.0000,4927.0000,4926.8000,4929.6000,4930.2000,4930.4000,4930.8000,4931.0000,1,1,5,1,1,1,1,4,1,1
SF,IC2003,2019-12-09 09:31:37.100,4929.0000,40734,0,389638440.000,1,0,1,多换,S,4928.6000,4928.0000,4927.0000,4926.8000,4926.4000,4930.2000,4930.4000,4930.8000,4931.0000,4931.6000,1,5,1,1,1,1,4,1,1,1
SF,IC2003,2019-12-09 09:31:37.600,4929.0000,40734,0,389638440.000,0,-,-,-,-,4929.0000,4928.8000,4928.6000,4928.0000,4927.0000,4930.2000,4930.4000,4930.8000,4931.0000,4931.6000,2,3,1,5,1,1,4,1,1,1
SF,IC2003,2019-12-09 09:31:38.100,4929.0000,40734,0,389638440.000,0,-,-,-,-,4929.2000,4929.0000,4928.8000,4928.6000,4928.0000,4930.2000,4930.4000,4930.8000,4931.0000,4931.6000,1,2,2,1,5,1,4,1,1,1
SF,IC2003,2019-12-09 09:31:38.600,4929.0000,40734,0,389638440.000,0,-,-,-,-,4929.2000,4929.0000,4928.8000,4928.6000,4928.0000,4930.2000,4930.4000,4930.8000,4931.0000,4931.6000,1,2,1,1,5,1,4,1,1,1
SF,IC2003,2019-12-09 09:31:39.100,4929.2000,40733,-1,390624280.000,1,0,1,双平,S,4929.0000,4928.8000,4928.6000,4928.0000,4927.0000,4930.2000,4930.4000,4930.8000,4931.0000,4931.6000,2,1,1,5,1,1,4,1,1,1
SF,IC2003,2019-12-09 09:31:39.600,4928.6000,40730,-3,394567600.000,4,0,4,多平,S,4928.0000,4927.0000,4926.8000,4926.4000,4926.0000,4930.0000,4930.2000,4930.4000,4930.8000,4931.0000,5,1,1,1,1,1,2,1,1,1
SF,IC2003,2019-12-09 09:31:40.100,4928.6000,40730,0,394567600.000,0,-,-,-,-,4928.2000,4928.0000,4927.0000,4926.8000,4926.4000,4930.0000,4930.2000,4930.4000,4930.8000,4931.0000,2,5,1,1,1,1,2,1,1,1
SF,IC2003,2019-12-09 09:31:40.600,4928.6000,40730,0,394567600.000,0,-,-,-,-,4928.2000,4928.0000,4927.6000,4927.0000,4926.8000,4929.8000,4930.0000,4930.2000,4930.4000,4930.8000,1,4,1,1,1,1,3,2,1,1
SF,IC2003,2019-12-09 09:31:41.100,4928.0000,40730,0,397524400.000,3,1,2,多换,S,4927.2000,4927.0000,4926.8000,4926.4000,4926.0000,4928.0000,4929.6000,4930.0000,4930.2000,4930.4000,1,1,1,1,1,1,2,2,2,1
SF,IC2003,2019-12-09 09:31:41.600,4928.0000,40728,-2,399495600.000,2,0,2,双平,S,4929.0000,4928.8000,4928.6000,4928.4000,4928.2000,4930.0000,4930.2000,4930.4000,4930.8000,4931.8000,1,3,2,1,1,2,1,1,1,7
SF,IC2003,2019-12-09 09:31:42.100,4928.4000,40726,-2,401467240.000,2,0,2,双平,S,4928.0000,4927.2000,4927.0000,4926.8000,4926.4000,4929.8000,4930.2000,4930.4000,4930.8000,4931.8000,6,1,1,1,1,1,1,1,1,7
SF,IC2003,2019-12-09 09:31:42.600,4929.8000,40725,-1,404425080.000,3,1,2,多平,S,4928.2000,4928.0000,4927.2000,4927.0000,4926.8000,4929.8000,4930.2000,4930.4000,4930.8000,4931.8000,1,4,1,1,1,1,1,1,1,7
SF,IC2003,2019-12-09 09:31:43.100,4929.8000,40725,0,404425080.000,0,-,-,-,-,4928.0000,4927.2000,4927.0000,4926.8000,4926.4000,4929.6000,4929.8000,4930.2000,4930.4000,4930.8000,4,1,1,1,1,1,1,1,2,1
SF,IC2003,2019-12-09 09:31:43.600,4929.8000,40725,0,404425080.000,0,-,-,-,-,4927.0000,4926.4000,4926.0000,4925.6000,4925.2000,4928.2000,4929.4000,4929.6000,4929.8000,4930.2000,2,1,1,3,1,3,1,1,1,1
SF,IC2003,2019-12-09 09:31:44.100,4929.8000,40725,0,404425080.000,0,-,-,-,-,4927.0000,4926.6000,4926.4000,4926.0000,4925.6000,4928.2000,4929.2000,4929.6000,4930.4000,4931.8000,1,1,1,1,3,3,1,3,2,7
SF,IC2003,2019-12-09 09:31:44.600,4928.2000,40725,0,405410720.000,1,0,1,多换,S,4927.0000,4926.4000,4926.2000,4926.0000,4925.6000,4928.2000,4929.2000,4929.6000,4930.4000,4931.8000,1,1,1,1,3,3,1,3,2,7
SF,IC2003,2019-12-09 09:31:45.100,4927.0000,40725,0,406396120.000,1,0,1,多换,S,4926.4000,4926.0000,4925.6000,4925.2000,4925.0000,4928.2000,4929.2000,4929.6000,4930.4000,4931.8000,1,2,3,1,1,3,1,1,2,7
SF,IC2003,2019-12-09 09:31:45.600,4927.0000,40725,0,406396120.000,0,-,-,-,-,4926.6000,4926.4000,4926.0000,4925.6000,4925.2000,4928.0000,4928.2000,4929.2000,4929.6000,4930.4000,1,1,2,3,1,1,3,1,1,2
SF,IC2003,2019-12-09 09:31:46.100,4926.4000,40725,0,407381400.000,1,0,1,多换,S,4926.0000,4925.6000,4925.2000,4925.0000,4924.2000,4927.8000,4928.0000,4928.2000,4929.2000,4930.0000,1,2,1,1,1,3,1,3,1,1
SF,IC2003,2019-12-09 09:31:46.600,4926.6000,40725,0,409351920.000,2,1,1,多换,S,4925.6000,4925.2000,4925.0000,4923.0000,4922.6000,4927.8000,4928.0000,4928.2000,4929.2000,4930.0000,2,1,1,2,4,3,1,3,1,1
SF,IC2003,2019-12-09 09:31:47.100,4926.6000,40725,0,409351920.000,0,-,-,-,-,4925.8000,4925.6000,4925.2000,4925.0000,4924.4000,4927.8000,4928.2000,4929.2000,4930.0000,4930.4000,2,2,1,2,1,2,3,1,1,2
SF,IC2003,2019-12-09 09:31:47.600,4926.6000,40725,0,409351920.000,0,-,-,-,-,4925.8000,4925.6000,4925.2000,4925.0000,4924.4000,4927.6000,4927.8000,4928.2000,4929.2000,4930.0000,2,2,1,1,1,1,1,3,1,1
SF,IC2003,2019-12-09 09:31:48.100,4927.6000,40723,-2,411322960.000,2,0,2,双平,S,4927.8000,4926.0000,4925.8000,4925.6000,4925.2000,4928.2000,4929.2000,4930.0000,4930.4000,4931.8000,1,1,2,2,1,3,1,1,2,7
SF,IC2003,2019-12-09 09:31:48.600,4927.6000,40723,0,411322960.000,0,-,-,-,-,4925.8000,4925.6000,4925.2000,4925.0000,4924.4000,4927.6000,4927.8000,4928.0000,4928.2000,4929.0000,1,2,1,1,1,1,6,2,3,1
SF,IC2003,2019-12-09 09:31:49.100,4927.8000,40719,-4,415265200.000,4,0,4,双平,S,4926.0000,4925.8000,4925.6000,4925.2000,4925.0000,4928.0000,4928.2000,4929.0000,4930.0000,4930.4000,2,1,2,2,1,1,3,1,1,2
SF,IC2003,2019-12-09 09:31:49.600,4927.8000,40719,0,415265200.000,0,-,-,-,-,4926.2000,4926.0000,4925.6000,4925.2000,4925.0000,4927.8000,4928.0000,4928.2000,4929.0000,4930.0000,1,2,2,2,1,1,1,3,1,1
SF,IC2003,2019-12-09 09:31:50.100,4927.8000,40719,0,415265200.000,0,-,-,-,-,4926.4000,4926.2000,4926.0000,4925.6000,4925.2000,4927.8000,4928.0000,4928.2000,4929.0000,4930.0000,1,1,1,2,2,1,1,4,1,1
SF,IC2003,2019-12-09 09:31:50.600,4927.8000,40718,-1,416250760.000,1,0,1,双平,S,4926.6000,4926.2000,4926.0000,4925.6000,4925.2000,4928.0000,4928.2000,4929.0000,4930.0000,4930.4000,1,1,1,2,2,1,4,1,1,1
SF,IC2003,2019-12-09 09:31:51.100,4926.8000,40717,-1,417236120.000,1,0,1,双平,S,4926.8000,4926.0000,4925.6000,4925.2000,4925.0000,4928.0000,4928.2000,4929.0000,4930.0000,4930.4000,2,1,2,2,1,1,4,1,1,1
SF,IC2003,2019-12-09 09:31:51.600,4926.8000,40717,0,417236120.000,0,-,-,-,-,4926.8000,4925.6000,4925.2000,4925.0000,4924.4000,4928.0000,4928.2000,4929.0000,4930.0000,4930.4000,2,2,2,1,1,1,4,1,1,1
SF,IC2003,2019-12-09 09:31:52.100,4926.8000,40716,-1,418221480.000,1,0,1,双平,S,4925.6000,4925.2000,4925.0000,4924.4000,4923.0000,4927.0000,4928.0000,4928.2000,4929.0000,4930.0000,2,2,1,1,2,1,1,4,1,1
SF,IC2003,2019-12-09 09:31:52.600,4927.0000,40716,0,419206880.000,1,0,1,多换,S,4927.6000,4926.2000,4925.8000,4925.6000,4925.2000,4928.0000,4928.2000,4929.0000,4930.0000,4930.4000,1,1,3,2,2,1,4,1,1,1
SF,IC2003,2019-12-09 09:31:53.100,4927.6000,40715,-1,420192400.000,1,0,1,双平,S,4925.8000,4925.6000,4925.2000,4925.0000,4924.4000,4927.4000,4927.6000,4928.0000,4928.2000,4929.0000,2,2,2,1,1,1,1,1,4,1
SF,IC2003,2019-12-09 09:31:53.600,4926.0000,40715,0,421177600.000,1,0,1,多换,S,4926.0000,4925.8000,4925.6000,4925.2000,4925.0000,4927.4000,4927.6000,4928.0000,4928.2000,4929.0000,1,2,2,2,1,1,2,1,4,1
SF,IC2003,2019-12-09 09:31:54.100,4927.4000,40714,-1,422163080.000,1,0,1,双平,S,4925.8000,4925.6000,4925.2000,4925.0000,4924.4000,4927.6000,4928.0000,4928.2000,4929.0000,4930.0000,2,2,2,1,1,1,1,4,1,1
SF,IC2003,2019-12-09 09:31:54.600,4927.6000,40713,-1,423148600.000,1,0,1,双平,S,4925.8000,4925.6000,4925.2000,4925.0000,4924.4000,4928.0000,4928.2000,4929.0000,4930.0000,4930.4000,2,2,1,2,1,1,4,1,1,1
SF,IC2003,2019-12-09 09:31:55.100,4927.6000,40713,0,423148600.000,0,-,-,-,-,4926.0000,4925.8000,4925.6000,4925.2000,4925.0000,4927.8000,4928.0000,4928.2000,4929.0000,4930.0000,1,2,2,1,2,1,1,4,1,1
SF,IC2003,2019-12-09 09:31:55.600,4927.6000,40713,0,423148600.000,0,-,-,-,-,4926.2000,4926.0000,4925.6000,4925.2000,4925.0000,4926.8000,4927.6000,4927.8000,4928.0000,4928.2000,1,1,2,1,2,1,1,1,1,3
SF,IC2003,2019-12-09 09:31:56.100,4926.8000,40712,-1,424133960.000,1,0,1,双平,S,4926.2000,4926.0000,4925.6000,4925.2000,4925.0000,4926.6000,4927.8000,4928.0000,4928.2000,4929.0000,1,1,2,1,2,1,1,1,3,1
SF,IC2003,2019-12-09 09:31:56.600,4926.6000,40711,-1,425119280.000,1,0,1,双平,S,4926.2000,4926.0000,4925.6000,4925.2000,4925.0000,4927.8000,4928.0000,4928.2000,4929.0000,4929.2000,1,2,2,1,2,1,1,3,1,1
SF,IC2003,2019-12-09 09:31:57.100,4926.6000,40711,0,425119280.000,0,-,-,-,-,4926.0000,4925.6000,4925.2000,4925.0000,4924.4000,4927.6000,4927.8000,4928.0000,4928.2000,4929.0000,1,2,1,2,1,1,1,1,3,1
SF,IC2003,2019-12-09 09:31:57.600,4926.6000,40711,0,425119280.000,0,-,-,-,-,4926.0000,4925.6000,4925.2000,4925.0000,4924.4000,4927.4000,4928.0000,4928.2000,4929.0000,4929.2000,1,2,1,1,1,2,1,3,1,1
SF,IC2003,2019-12-09 09:31:58.100,4926.6000,40711,0,425119280.000,0,-,-,-,-,4926.0000,4925.6000,4925.4000,4925.2000,4925.0000,4927.2000,4927.4000,4928.0000,4928.2000,4929.0000,1,2,1,1,1,1,1,1,3,1
SF,IC2003,2019-12-09 09:31:58.600,4926.6000,40711,0,425119280.000,0,-,-,-,-,4926.0000,4925.6000,4925.2000,4925.0000,4924.4000,4927.2000,4927.4000,4928.0000,4928.2000,4929.0000,1,2,1,1,1,1,1,1,3,1
SF,IC2003,2019-12-09 09:31:59.100,4927.2000,40712,1,426104720.000,1,1,0,双开,S,4926.0000,4925.6000,4925.2000,4925.0000,4924.4000,4927.4000,4928.0000,4928.2000,4929.0000,4929.2000,1,2,1,1,1,1,1,3,1,1
SF,IC2003,2019-12-09 09:31:59.600,4927.2000,40712,0,426104720.000,0,-,-,-,-,4926.0000,4925.6000,4925.2000,4925.0000,4924.4000,4927.4000,4928.0000,4928.2000,4929.0000,4929.2000,1,2,1,1,1,1,1,3,1,1
SF,IC2003,2019-12-09 09:32:00.600,4927.4000,40711,-1,427090200.000,1,0,1,双平,S,4927.4000,4926.2000,4926.0000,4925.6000,4925.4000,4928.0000,4928.2000,4929.0000,4929.2000,4930.0000,1,1,1,2,1,1,3,1,1,1
SF,IC2003,2019-12-09 09:32:01.100,4926.0000,40710,-1,429061000.000,2,0,2,多平,S,4927.0000,4925.6000,4925.4000,4925.2000,4925.0000,4927.8000,4928.2000,4929.0000,4929.2000,4930.0000,1,2,1,1,1,1,3,1,1,1
SF,IC2003,2019-12-09 09:32:01.600,4927.8000,40709,-1,430046560.000,1,0,1,双平,S,4927.0000,4925.6000,4925.4000,4925.2000,4925.0000,4928.2000,4929.0000,4930.0000,4930.4000,4931.8000,1,2,1,1,1,3,1,1,1,7
SF,IC2003,2019-12-09 09:32:02.100,4927.8000,40707,-2,432017680.000,2,0,2,双平,S,4927.2000,4927.0000,4926.0000,4925.6000,4925.4000,4928.2000,4929.0000,4930.0000,4930.4000,4931.8000,2,2,1,2,1,3,1,1,1,7
SF,IC2003,2019-12-09 09:32:02.600,4928.2000,40706,-1,433003320.000,1,0,1,双平,S,4927.6000,4927.2000,4927.0000,4926.6000,4926.0000,4928.2000,4929.0000,4930.0000,4930.4000,4931.8000,1,2,2,1,1,2,1,1,1,7
SF,IC2003,2019-12-09 09:32:03.100,4928.2000,40705,-1,433988960.000,1,0,1,双平,S,4927.6000,4927.2000,4927.0000,4926.6000,4926.0000,4928.2000,4929.0000,4930.0000,4930.4000,4931.8000,1,1,2,1,1,1,1,1,1,7
SF,IC2003,2019-12-09 09:32:03.600,4927.6000,40704,-1,434974480.000,1,0,1,双平,S,4927.0000,4926.6000,4926.4000,4926.0000,4925.6000,4927.4000,4928.0000,4928.2000,4929.0000,4930.0000,1,1,1,1,2,3,2,1,1,1
SF,IC2003,2019-12-09 09:32:04.100,4927.4000,40704,0,437930920.000,3,1,2,多换,S,4927.4000,4927.2000,4927.0000,4926.6000,4926.4000,4928.0000,4928.2000,4929.0000,4930.0000,4930.4000,4,1,1,1,1,1,1,1,1,1
SF,IC2003,2019-12-09 09:32:04.600,4928.0000,40703,-1,440887760.000,3,1,2,多平,S,4928.0000,4927.2000,4927.0000,4926.6000,4926.4000,4930.0000,4930.4000,4931.8000,4932.0000,4933.0000,3,1,1,1,1,1,1,7,1,1
SF,IC2003,2019-12-09 09:32:05.100,4928.0000,40703,0,440887760.000,0,-,-,-,-,4927.4000,4927.2000,4927.0000,4926.6000,4926.4000,4927.6000,4929.6000,4929.8000,4930.0000,4930.4000,1,1,1,1,1,1,1,3,2,1
SF,IC2003,2019-12-09 09:32:05.600,4927.6000,40702,-1,441873280.000,1,0,1,双平,S,4927.8000,4927.6000,4927.4000,4927.2000,4927.0000,4929.6000,4929.8000,4930.0000,4930.4000,4931.8000,1,5,1,1,1,1,1,2,1,7
SF,IC2003,2019-12-09 09:32:06.100,4928.0000,40701,-1,442858880.000,1,0,1,双平,S,4927.8000,4927.6000,4927.4000,4927.2000,4927.0000,4928.0000,4929.4000,4929.6000,4930.0000,4930.4000,1,6,5,1,1,2,1,1,1,1
SF,IC2003,2019-12-09 09:32:06.600,4928.0000,40699,-2,444830080.000,2,0,2,双平,S,4928.2000,4928.0000,4927.8000,4927.6000,4927.4000,4928.8000,4929.4000,4929.6000,4930.0000,4930.4000,1,5,1,3,5,1,1,1,1,1
SF,IC2003,2019-12-09 09:32:07.100,4928.8000,40698,-1,445815840.000,1,0,1,双平,S,4928.2000,4927.6000,4927.4000,4927.2000,4927.0000,4929.4000,4929.6000,4930.0000,4930.4000,4931.8000,2,3,5,1,1,1,1,1,1,7
SF,IC2003,2019-12-09 09:32:07.600,4928.8000,40698,0,445815840.000,0,-,-,-,-,4928.2000,4927.6000,4927.4000,4927.2000,4927.0000,4929.4000,4930.0000,4930.4000,4931.8000,4932.0000,2,3,5,1,1,1,1,1,7,1
SF,IC2003,2019-12-09 09:32:08.100,4928.8000,40698,0,445815840.000,0,-,-,-,-,4928.2000,4927.6000,4927.4000,4927.2000,4927.0000,4929.2000,4929.4000,4930.0000,4930.4000,4931.8000,2,3,5,1,1,1,1,1,1,7
SF,IC2003,2019-12-09 09:32:08.600,4928.8000,40698,0,445815840.000,0,-,-,-,-,4928.2000,4927.6000,4927.4000,4927.2000,4927.0000,4929.4000,4930.0000,4930.4000,4931.8000,4932.0000,1,3,5,1,1,1,1,1,7,1
SF,IC2003,2019-12-09 09:32:09.100,4928.8000,40698,0,445815840.000,0,-,-,-,-,4928.2000,4927.6000,4927.4000,4927.2000,4927.0000,4930.0000,4931.8000,4932.0000,4933.0000,4935.2000,1,3,5,1,1,1,7,1,1,5
SF,IC2003,2019-12-09 09:32:09.600,4928.8000,40698,0,445815840.000,0,-,-,-,-,4928.4000,4928.2000,4927.6000,4927.4000,4927.2000,4929.8000,4930.0000,4931.8000,4932.0000,4933.0000,3,1,3,5,1,2,1,7,1,1
SF,IC2003,2019-12-09 09:32:10.100,4928.8000,40698,0,445815840.000,0,-,-,-,-,4928.4000,4928.2000,4927.6000,4927.4000,4927.2000,4929.6000,4929.8000,4930.0000,4931.8000,4932.0000,1,1,3,5,1,2,2,1,7,1
SF,IC2003,2019-12-09 09:32:10.600,4929.8000,40697,-1,446801800.000,1,0,1,双平,S,4928.4000,4928.2000,4927.6000,4927.4000,4927.2000,4930.0000,4931.8000,4932.0000,4933.0000,4935.2000,1,1,3,5,1,1,7,1,1,5
SF,IC2003,2019-12-09 09:32:11.100,4929.8000,40697,0,446801800.000,0,-,-,-,-,4928.6000,4928.4000,4928.2000,4927.6000,4927.4000,4929.8000,4930.0000,4931.8000,4932.0000,4933.0000,2,1,1,3,5,1,1,7,1,1
SF,IC2003,2019-12-09 09:32:11.600,4929.8000,40697,0,446801800.000,0,-,-,-,-,4928.6000,4928.4000,4928.2000,4927.6000,4927.4000,4930.0000,4931.8000,4932.0000,4933.0000,4935.2000,2,1,1,3,5,1,7,1,1,5
SF,IC2003,2019-12-09 09:32:12.100,4929.8000,40697,0,446801800.000,0,-,-,-,-,4928.6000,4928.4000,4928.2000,4928.0000,4927.6000,4930.0000,4931.8000,4932.0000,4933.0000,4935.2000,2,1,1,2,4,1,7,1,1,5
SF,IC2003,2019-12-09 09:32:12.600,4929.8000,40697,0,447787760.000,1,0,1,多换,S,4929.8000,4928.6000,4928.4000,4928.2000,4928.0000,4930.0000,4931.8000,4932.0000,4933.0000,4935.2000,9,2,1,1,2,1,7,1,1,5
SF,IC2003,2019-12-09 09:32:13.100,4929.8000,40697,0,449759680.000,2,1,1,多换,S,4929.8000,4928.6000,4928.2000,4928.0000,4927.6000,4930.0000,4931.8000,4932.0000,4933.0000,4935.2000,7,1,1,1,5,2,7,1,1,5
SF,IC2003,2019-12-09 09:32:13.600,4930.0000,40696,-1,451731680.000,2,0,2,多平,S,4929.8000,4928.6000,4928.2000,4928.0000,4927.6000,4930.0000,4931.8000,4932.0000,4933.0000,4935.2000,7,1,1,1,5,1,7,1,1,5
SF,IC2003,2019-12-09 09:32:14.100,4930.0000,40695,-1,452717680.000,1,0,1,双平,S,4930.2000,4930.0000,4929.8000,4928.6000,4928.2000,4931.8000,4932.0000,4933.0000,4935.2000,4936.0000,1,2,7,1,1,7,1,1,5,1
SF,IC2003,2019-12-09 09:32:14.600,4930.0000,40695,0,452717680.000,0,-,-,-,-,4930.0000,4929.8000,4928.6000,4928.2000,4928.0000,4931.4000,4931.6000,4931.8000,4932.0000,4933.0000,2,7,1,1,1,2,2,7,1,1
SF,IC2003,2019-12-09 09:32:15.100,4931.2000,40695,0,453703920.000,1,0,1,多换,S,4930.8000,4930.0000,4929.8000,4928.6000,4928.2000,4931.2000,4931.4000,4931.8000,4932.0000,4933.0000,1,2,7,1,1,1,2,7,1,1
SF,IC2003,2019-12-09 09:32:15.600,4930.8000,40694,-1,454690080.000,1,0,1,双平,S,4930.0000,4929.8000,4928.6000,4928.2000,4928.0000,4930.8000,4931.4000,4931.8000,4932.0000,4933.0000,5,7,1,1,1,1,1,7,1,1
SF,IC2003,2019-12-09 09:32:16.100,4930.0000,40695,1,455676080.000,1,1,0,双开,S,4930.0000,4929.8000,4928.6000,4928.2000,4928.0000,4931.4000,4931.8000,4932.0000,4933.0000,4935.2000,6,7,1,1,1,1,7,1,1,5
SF,IC2003,2019-12-09 09:32:16.600,4930.0000,40694,-1,456662080.000,1,0,1,双平,S,4930.2000,4930.0000,4929.8000,4928.2000,4928.0000,4931.4000,4931.8000,4932.0000,4933.0000,4935.2000,1,8,7,1,1,1,7,1,1,5
SF,IC2003,2019-12-09 09:32:17.600,4931.2000,40690,-4,462578320.000,6,1,5,多平,S,4930.0000,4929.8000,4928.2000,4928.0000,4927.6000,4931.4000,4931.8000,4932.0000,4933.0000,4935.2000,4,7,1,1,2,1,7,1,1,5
SF,IC2003,2019-12-09 09:32:18.100,4930.2000,40690,0,463564360.000,1,0,1,多换,S,4930.0000,4929.8000,4928.2000,4928.0000,4927.6000,4931.4000,4931.8000,4932.0000,4933.0000,4935.2000,4,7,1,1,2,1,7,1,1,5
SF,IC2003,2019-12-09 09:32:18.600,4931.4000,40689,-1,464550640.000,1,0,1,双平,S,4930.2000,4930.0000,4929.8000,4928.2000,4928.0000,4931.8000,4932.0000,4933.0000,4935.2000,4936.0000,1,4,7,1,1,7,1,1,5,1
SF,IC2003,2019-12-09 09:32:19.100,4930.0000,40687,-2,467508680.000,3,0,3,多平,S,4930.0000,4929.8000,4928.2000,4928.0000,4927.6000,4931.6000,4931.8000,4932.0000,4933.0000,4935.2000,2,7,1,1,2,3,7,1,1,5
SF,IC2003,2019-12-09 09:32:20.600,4930.0000,40687,0,468494680.000,1,0,1,多换,S,4930.0000,4929.8000,4928.2000,4928.0000,4927.6000,4931.4000,4931.6000,4931.8000,4932.0000,4933.0000,1,7,1,1,2,1,3,7,1,1
SF,IC2003,2019-12-09 09:32:21.100,4931.4000,40688,1,469480960.000,1,1,0,双开,S,4931.4000,4930.2000,4930.0000,4929.8000,4928.2000,4931.6000,4931.8000,4932.0000,4933.0000,4935.2000,4,1,1,7,1,3,7,1,1,5
SF,IC2003,2019-12-09 09:32:21.600,4931.4000,40687,-1,474412400.000,5,2,3,多平,S,4930.2000,4930.0000,4929.8000,4928.2000,4928.0000,4931.0000,4931.4000,4931.6000,4931.8000,4932.0000,1,1,7,1,1,1,2,3,7,1
SF,IC2003,2019-12-09 09:32:22.100,4930.4000,40686,-1,478356520.000,4,1,3,多平,S,4931.0000,4929.8000,4929.0000,4928.2000,4928.0000,4931.6000,4931.8000,4932.0000,4932.8000,4933.0000,3,7,1,1,1,2,6,1,1,2
SF,IC2003,2019-12-09 09:32:22.600,4931.0000,40686,0,481315080.000,3,1,2,多换,S,4929.8000,4929.0000,4928.2000,4928.0000,4927.6000,4931.6000,4931.8000,4932.0000,4932.8000,4933.0000,7,1,1,1,2,2,6,1,1,2
SF,IC2003,2019-12-09 09:32:23.100,4930.0000,40685,-1,482301080.000,1,0,1,双平,S,4930.0000,4929.8000,4929.0000,4928.2000,4928.0000,4931.4000,4931.6000,4931.8000,4932.0000,4932.8000,1,7,1,1,1,1,2,6,1,1
SF,IC2003,2019-12-09 09:32:23.600,4931.6000,40683,-2,485260000.000,3,0,3,多平,S,4931.4000,4930.0000,4929.8000,4929.0000,4928.2000,4931.8000,4932.0000,4932.8000,4933.0000,4935.2000,4,4,7,1,1,6,1,1,2,5
SF,IC2003,2019-12-09 09:32:24.100,4931.6000,40682,-1,491177720.000,6,2,4,多平,S,4930.0000,4929.8000,4929.0000,4928.2000,4928.0000,4931.8000,4932.0000,4932.8000,4933.0000,4935.2000,4,7,1,1,1,6,1,1,2,5
SF,IC2003,2019-12-09 09:32:24.600,4931.8000,40681,-1,497095720.000,6,2,4,多平,S,4930.2000,4930.0000,4929.8000,4929.0000,4928.2000,4931.8000,4932.0000,4932.8000,4933.0000,4935.2000,1,1,7,1,1,4,1,1,2,5
SF,IC2003,2019-12-09 09:32:25.100,4931.8000,40681,0,497095720.000,0,-,-,-,-,4930.2000,4930.0000,4929.8000,4929.0000,4928.2000,4931.8000,4932.0000,4932.8000,4933.0000,4935.2000,4,1,7,1,1,4,1,1,2,5
SF,IC2003,2019-12-09 09:32:25.600,4931.8000,40682,1,502027520.000,5,3,2,空开,S,4930.2000,4930.0000,4929.8000,4929.0000,4928.2000,4932.0000,4932.8000,4933.0000,4934.4000,4935.2000,4,1,7,1,1,1,1,2,1,5
SF,IC2003,2019-12-09 09:32:26.100,4931.8000,40682,0,502027520.000,0,-,-,-,-,4930.4000,4930.2000,4930.0000,4929.8000,4929.0000,4932.0000,4932.8000,4933.0000,4934.4000,4935.2000,1,4,1,7,1,1,1,2,1,5
SF,IC2003,2019-12-09 09:32:26.600,4931.8000,40682,0,502027520.000,0,-,-,-,-,4930.6000,4930.4000,4930.0000,4929.8000,4929.0000,4932.0000,4932.8000,4933.0000,4934.4000,4935.2000,1,1,1,7,1,1,1,2,1,5
SF,IC2003,2019-12-09 09:32:27.100,4930.6000,40681,-1,503013640.000,1,0,1,双平,S,4930.8000,4930.4000,4930.0000,4929.8000,4929.0000,4932.0000,4932.8000,4933.0000,4934.4000,4935.2000,1,1,1,7,1,1,1,2,1,5
SF,IC2003,2019-12-09 09:32:27.600,4930.6000,40681,0,503013640.000,0,-,-,-,-,4930.8000,4930.4000,4930.0000,4929.8000,4929.0000,4931.8000,4932.0000,4932.8000,4933.0000,4934.4000,1,1,1,7,1,2,1,1,2,1
SF,IC2003,2019-12-09 09:32:28.100,4930.6000,40681,0,503013640.000,0,-,-,-,-,4930.8000,4930.4000,4930.0000,4929.8000,4929.0000,4931.8000,4932.0000,4932.8000,4933.0000,4934.4000,1,1,1,7,1,2,2,1,2,1
SF,IC2003,2019-12-09 09:32:28.600,4930.6000,40681,0,503013640.000,0,-,-,-,-,4930.8000,4930.4000,4930.2000,4930.0000,4929.8000,4931.8000,4932.0000,4932.8000,4933.0000,4934.4000,1,1,1,1,7,2,2,1,2,1
SF,IC2003,2019-12-09 09:32:29.100,4931.8000,40681,0,504986160.000,2,1,1,多换,S,4930.4000,4930.2000,4930.0000,4929.8000,4929.0000,4931.8000,4932.0000,4932.8000,4933.0000,4934.4000,1,1,1,7,1,1,2,1,2,1
SF,IC2003,2019-12-09 09:32:29.600,4930.4000,40680,-1,506958320.000,2,0,2,多平,S,4930.2000,4930.0000,4929.8000,4929.0000,4928.0000,4931.6000,4931.8000,4932.0000,4932.8000,4933.0000,1,1,7,1,2,1,1,2,1,2
SF,IC2003,2019-12-09 09:32:30.100,4930.2000,40680,0,507944360.000,1,0,1,多换,S,4930.0000,4929.8000,4929.0000,4928.0000,4927.6000,4931.4000,4931.8000,4932.0000,4932.8000,4933.0000,1,7,1,2,1,2,1,2,1,2
SF,IC2003,2019-12-09 09:32:30.600,4930.0000,40680,0,508930360.000,1,0,1,多换,S,4930.8000,4929.8000,4929.0000,4928.0000,4927.6000,4931.4000,4931.8000,4932.0000,4932.8000,4933.0000,1,7,1,2,1,2,1,2,1,2
SF,IC2003,2019-12-09 09:32:31.100,4931.2000,40680,0,510902760.000,2,1,1,多换,S,4929.8000,4929.0000,4928.0000,4927.6000,4927.4000,4930.8000,4931.4000,4931.8000,4932.0000,4932.8000,7,1,2,1,2,1,1,1,2,1
SF,IC2003,2019-12-09 09:32:31.600,4930.8000,40680,0,512875080.000,2,1,1,多换,S,4930.8000,4930.0000,4929.8000,4929.0000,4928.0000,4931.4000,4931.8000,4932.0000,4932.8000,4933.0000,2,1,7,1,2,1,1,2,1,2
SF,IC2003,2019-12-09 09:32:32.100,4930.8000,40680,0,512875080.000,0,-,-,-,-,4930.8000,4930.0000,4929.8000,4929.0000,4928.0000,4931.4000,4931.8000,4932.0000,4932.8000,4933.0000,2,1,7,1,2,1,1,2,1,2
SF,IC2003,2019-12-09 09:32:32.600,4930.8000,40681,1,514847400.000,2,1,1,空开,S,4930.8000,4929.8000,4929.0000,4928.0000,4927.6000,4931.4000,4931.8000,4932.0000,4932.8000,4933.0000,1,7,1,2,1,1,1,2,1,2
SF,IC2003,2019-12-09 09:32:33.100,4930.8000,40680,-1,515833560.000,1,0,1,双平,S,4929.8000,4929.0000,4928.8000,4928.0000,4927.6000,4931.4000,4931.8000,4932.0000,4932.8000,4933.0000,7,1,1,2,1,1,1,2,1,2
SF,IC2003,2019-12-09 09:32:33.600,4930.8000,40680,0,515833560.000,0,-,-,-,-,4930.6000,4930.0000,4929.8000,4929.0000,4928.8000,4930.8000,4931.4000,4931.8000,4932.0000,4932.8000,1,3,7,1,1,1,1,1,2,1
SF,IC2003,2019-12-09 09:32:34.100,4930.8000,40680,0,516819720.000,1,0,1,多换,S,4930.6000,4930.4000,4930.0000,4929.8000,4929.0000,4931.4000,4931.8000,4932.0000,4933.0000,4934.4000,1,1,3,7,1,1,1,2,2,1
SF,IC2003,2019-12-09 09:32:34.600,4930.8000,40680,0,516819720.000,0,-,-,-,-,4930.6000,4930.4000,4930.0000,4929.8000,4929.0000,4931.4000,4931.8000,4932.0000,4933.0000,4934.4000,1,1,3,7,1,1,1,2,2,1
SF,IC2003,2019-12-09 09:32:35.100,4930.8000,40680,0,516819720.000,0,-,-,-,-,4930.6000,4930.4000,4929.8000,4929.0000,4928.8000,4931.2000,4931.4000,4931.8000,4932.0000,4933.0000,1,1,7,1,1,1,1,1,2,2
SF,IC2003,2019-12-09 09:32:35.600,4931.4000,40679,-1,517806000.000,1,0,1,双平,S,4930.8000,4930.6000,4930.4000,4929.8000,4929.0000,4931.8000,4932.0000,4933.0000,4934.4000,4935.2000,6,1,1,7,1,1,2,2,1,5
SF,IC2003,2019-12-09 09:32:36.100,4930.8000,40679,0,518792160.000,1,0,1,多换,S,4930.8000,4930.6000,4930.4000,4929.8000,4929.0000,4931.8000,4932.0000,4933.0000,4935.2000,4936.0000,5,1,1,7,1,1,2,2,5,1
SF,IC2003,2019-12-09 09:32:36.600,4930.8000,40679,0,518792160.000,0,-,-,-,-,4930.8000,4930.6000,4930.4000,4929.8000,4929.0000,4931.0000,4931.8000,4932.0000,4933.0000,4935.2000,5,1,1,7,1,1,1,2,2,5
SF,IC2003,2019-12-09 09:32:37.100,4931.0000,40676,-3,522737160.000,4,0,4,多平,S,4931.0000,4930.8000,4930.6000,4930.4000,4929.8000,4932.0000,4933.0000,4935.2000,4936.0000,4936.8000,1,5,1,1,7,2,2,5,1,4
SF,IC2003,2019-12-09 09:32:37.600,4931.0000,40676,0,522737160.000,0,-,-,-,-,4931.0000,4930.8000,4930.6000,4930.4000,4929.8000,4932.0000,4933.0000,4935.2000,4936.0000,4936.8000,1,5,1,1,7,2,2,5,1,4
SF,IC2003,2019-12-09 09:32:38.100,4931.0000,40676,0,522737160.000,0,-,-,-,-,4931.8000,4931.0000,4930.8000,4930.6000,4930.4000,4932.0000,4933.0000,4935.2000,4936.0000,4936.8000,7,1,5,1,1,2,2,5,1,4
SF,IC2003,2019-12-09 09:32:38.600,4931.8000,40677,1,529641680.000,7,4,3,空开,S,4930.8000,4930.6000,4930.4000,4929.8000,4929.0000,4931.4000,4931.8000,4932.0000,4933.0000,4935.2000,5,1,1,7,2,1,7,4,2,5
SF,IC2003,2019-12-09 09:32:39.100,4930.8000,40677,0,530627840.000,1,0,1,多换,S,4930.8000,4930.6000,4930.4000,4929.8000,4929.0000,4931.0000,4931.4000,4931.8000,4932.0000,4933.0000,4,1,1,7,2,3,1,5,2,2
SF,IC2003,2019-12-09 09:32:39.600,4930.8000,40678,1,531614000.000,1,1,0,双开,S,4930.8000,4930.6000,4930.4000,4929.8000,4929.0000,4931.0000,4931.4000,4931.8000,4932.0000,4933.0000,3,1,1,7,2,3,1,5,2,2
SF,IC2003,2019-12-09 09:32:40.100,4930.8000,40678,0,531614000.000,0,-,-,-,-,4930.8000,4930.6000,4930.4000,4929.8000,4929.0000,4931.0000,4931.4000,4931.8000,4932.0000,4933.0000,3,1,1,7,2,3,1,5,2,2
SF,IC2003,2019-12-09 09:32:40.600,4931.0000,40678,0,536544880.000,5,2,3,多换,S,4930.6000,4930.4000,4929.8000,4929.0000,4928.8000,4931.0000,4931.4000,4931.8000,4932.0000,4933.0000,1,1,7,2,1,1,1,4,2,2
SF,IC2003,2019-12-09 09:32:41.100,4930.6000,40676,-2,538517200.000,2,0,2,双平,S,4931.0000,4930.4000,4929.8000,4929.0000,4928.8000,4931.4000,4931.8000,4932.0000,4933.0000,4935.2000,1,1,7,2,1,1,4,2,2,5
SF,IC2003,2019-12-09 09:32:41.600,4931.0000,40676,0,539503400.000,1,0,1,多换,S,4930.4000,4929.8000,4929.0000,4928.8000,4928.0000,4931.4000,4931.8000,4932.0000,4933.0000,4935.2000,1,7,2,1,2,1,4,2,2,5
SF,IC2003,2019-12-09 09:32:42.100,4931.0000,40676,0,539503400.000,0,-,-,-,-,4930.4000,4929.8000,4929.0000,4928.0000,4927.6000,4931.4000,4931.8000,4932.0000,4933.0000,4935.2000,1,7,2,2,1,1,4,2,2,5
SF,IC2003,2019-12-09 09:32:42.600,4931.0000,40676,0,539503400.000,0,-,-,-,-,4930.4000,4929.8000,4929.0000,4928.0000,4927.6000,4931.4000,4931.8000,4932.0000,4933.0000,4935.2000,1,7,2,2,1,1,4,2,2,5
SF,IC2003,2019-12-09 09:32:43.100,4931.0000,40676,0,539503400.000,0,-,-,-,-,4930.4000,4929.8000,4929.0000,4928.0000,4927.6000,4931.2000,4931.4000,4931.8000,4932.0000,4933.0000,1,7,2,2,1,1,1,4,2,2
SF,IC2003,2019-12-09 09:32:43.600,4931.0000,40676,0,539503400.000,0,-,-,-,-,4930.6000,4930.4000,4929.8000,4929.0000,4928.0000,4931.2000,4931.4000,4931.8000,4932.0000,4933.0000,1,1,7,2,2,1,1,4,2,2
SF,IC2003,2019-12-09 09:32:44.100,4931.2000,40675,-1,540489640.000,1,0,1,双平,S,4931.2000,4930.6000,4930.4000,4929.8000,4929.0000,4931.4000,4931.8000,4932.0000,4933.0000,4935.2000,4,1,1,7,2,1,4,2,2,5
SF,IC2003,2019-12-09 09:32:44.600,4931.4000,40671,-4,544434680.000,4,0,4,双平,S,4931.4000,4931.2000,4930.6000,4930.4000,4929.8000,4931.8000,4932.0000,4933.0000,4935.2000,4936.0000,3,2,1,1,7,3,2,2,5,1
SF,IC2003,2019-12-09 09:32:45.100,4931.4000,40671,0,544434680.000,0,-,-,-,-,4931.4000,4931.2000,4930.6000,4930.4000,4929.8000,4931.8000,4932.0000,4933.0000,4935.2000,4936.0000,4,3,1,1,7,1,2,2,5,1
SF,IC2003,2019-12-09 09:32:45.600,4931.8000,40663,-8,555283800.000,11,1,10,多平,S,4930.6000,4930.4000,4929.8000,4929.0000,4928.0000,4932.0000,4933.0000,4935.2000,4936.0000,4936.8000,1,1,7,2,2,2,2,5,1,4
SF,IC2003,2019-12-09 09:32:46.100,4930.6000,40662,-1,557256320.000,2,0,2,多平,S,4930.4000,4929.8000,4929.2000,4929.0000,4928.0000,4932.0000,4933.0000,4935.2000,4936.0000,4936.8000,1,7,1,2,2,1,2,5,1,4
SF,IC2003,2019-12-09 09:32:46.600,4932.0000,40661,-1,559229080.000,2,0,2,多平,S,4932.0000,4930.6000,4930.4000,4929.8000,4929.2000,4933.0000,4935.2000,4936.0000,4936.8000,4938.0000,3,1,1,7,1,2,5,1,4,1
SF,IC2003,2019-12-09 09:32:47.100,4932.8000,40658,-3,563174840.000,4,0,4,多平,S,4930.4000,4929.8000,4929.2000,4929.0000,4928.0000,4933.0000,4934.2000,4935.0000,4935.2000,4936.0000,1,7,1,2,2,1,1,1,5,1
SF,IC2003,2019-12-09 09:32:47.600,4933.0000,40653,-5,569093720.000,6,0,6,多平,S,4933.0000,4931.0000,4930.6000,4930.4000,4929.8000,4934.2000,4935.0000,4935.2000,4936.0000,4936.8000,1,1,2,1,7,1,1,5,1,4
SF,IC2003,2019-12-09 09:32:48.100,4933.0000,40652,-1,570080320.000,1,0,1,双平,S,4931.0000,4930.8000,4930.6000,4930.4000,4929.8000,4932.8000,4934.0000,4934.2000,4935.0000,4935.2000,1,2,2,1,7,1,2,1,1,5
SF,IC2003,2019-12-09 09:32:48.600,4931.2000,40651,-1,571066560.000,1,0,1,双平,S,4931.4000,4931.2000,4931.0000,4930.6000,4930.4000,4932.8000,4934.0000,4934.2000,4935.0000,4935.2000,2,2,1,2,2,1,2,1,1,5
SF,IC2003,2019-12-09 09:32:49.100,4932.8000,40649,-2,573039680.000,2,0,2,双平,S,4932.8000,4931.2000,4931.0000,4930.6000,4930.4000,4934.0000,4934.2000,4935.0000,4935.2000,4936.0000,3,1,2,1,2,2,1,1,5,1
SF,IC2003,2019-12-09 09:32:49.600,4934.0000,40643,-6,580932720.000,8,1,7,多平,S,4934.0000,4931.0000,4930.6000,4930.4000,4929.8000,4934.2000,4935.0000,4935.2000,4936.0000,4936.8000,1,3,1,2,7,1,1,5,1,4
SF,IC2003,2019-12-09 09:32:50.100,4934.0000,40642,-1,581919520.000,1,0,1,双平,S,4931.0000,4930.6000,4930.4000,4929.8000,4929.2000,4933.6000,4933.8000,4934.0000,4934.2000,4935.0000,3,1,1,7,1,1,3,2,1,1
SF,IC2003,2019-12-09 09:32:50.600,4934.0000,40642,0,581919520.000,0,-,-,-,-,4931.4000,4931.2000,4931.0000,4930.8000,4930.6000,4932.0000,4933.4000,4933.8000,4934.0000,4934.2000,2,3,2,5,1,1,1,3,2,1
SF,IC2003,2019-12-09 09:32:51.100,4932.0000,40641,-1,582905920.000,1,0,1,双平,S,4933.6000,4932.0000,4931.6000,4931.2000,4931.0000,4933.8000,4934.0000,4934.2000,4935.0000,4935.2000,5,4,1,2,2,1,2,1,1,5
SF,IC2003,2019-12-09 09:32:51.600,4933.8000,40635,-6,588826280.000,6,0,6,双平,S,4933.8000,4932.6000,4932.2000,4932.0000,4931.8000,4934.0000,4934.2000,4935.0000,4935.2000,4936.0000,4,1,1,1,1,2,1,1,5,1
SF,IC2003,2019-12-09 09:32:52.100,4933.8000,40633,-2,592773320.000,4,1,3,多平,S,4932.6000,4932.2000,4932.0000,4931.8000,4931.0000,4934.0000,4934.2000,4935.0000,4935.2000,4936.0000,1,1,1,1,2,2,1,1,5,1
SF,IC2003,2019-12-09 09:32:52.600,4934.0000,40629,-4,596720120.000,4,0,4,双平,S,4934.0000,4932.8000,4932.6000,4932.2000,4932.0000,4935.0000,4935.2000,4935.4000,4936.0000,4936.8000,2,1,1,1,1,1,5,1,1,4
SF,IC2003,2019-12-09 09:32:53.100,4934.0000,40629,0,597706920.000,1,0,1,多换,S,4934.0000,4933.8000,4932.6000,4932.0000,4931.8000,4934.8000,4935.0000,4935.2000,4935.4000,4936.0000,1,1,1,1,1,1,1,5,1,1
SF,IC2003,2019-12-09 09:32:53.600,4933.8000,40629,0,599680480.000,2,1,1,多换,S,4932.6000,4932.0000,4931.8000,4931.0000,4930.8000,4934.6000,4934.8000,4935.0000,4935.2000,4935.4000,1,1,1,2,5,2,1,1,5,1
SF,IC2003,2019-12-09 09:32:54.100,4933.8000,40629,0,599680480.000,0,-,-,-,-,4932.8000,4932.6000,4932.0000,4931.8000,4931.0000,4934.0000,4934.4000,4934.6000,4935.0000,4935.2000,2,1,1,1,2,1,1,2,1,5
SF,IC2003,2019-12-09 09:32:54.600,4933.8000,40629,0,599680480.000,0,-,-,-,-,4932.8000,4932.0000,4931.8000,4931.0000,4930.8000,4933.8000,4934.0000,4934.4000,4934.6000,4935.0000,5,1,1,2,5,1,2,1,2,1
SF,IC2003,2019-12-09 09:32:55.100,4933.8000,40628,-1,600667240.000,1,0,1,双平,S,4933.8000,4932.8000,4931.8000,4931.0000,4930.8000,4934.0000,4934.6000,4935.0000,4935.2000,4935.4000,1,3,1,2,5,2,2,1,5,1
SF,IC2003,2019-12-09 09:32:55.600,4934.0000,40627,-1,602640840.000,2,0,2,多平,S,4932.8000,4931.8000,4931.0000,4930.8000,4930.6000,4935.0000,4935.2000,4935.4000,4936.0000,4936.8000,2,1,2,5,1,1,5,1,1,4
SF,IC2003,2019-12-09 09:32:56.100,4935.0000,40625,-2,604614800.000,2,0,2,双平,S,4935.0000,4932.8000,4931.8000,4931.0000,4930.8000,4935.2000,4935.4000,4936.0000,4936.8000,4938.0000,3,1,1,2,5,5,1,1,4,1
SF,IC2003,2019-12-09 09:32:56.600,4935.0000,40623,-2,607575800.000,3,0,3,多平,S,4932.8000,4931.8000,4931.0000,4930.8000,4930.6000,4935.0000,4935.2000,4936.0000,4936.8000,4938.0000,1,1,2,5,1,3,5,1,4,1
SF,IC2003,2019-12-09 09:32:57.100,4934.8000,40622,-1,609549320.000,2,0,2,多平,S,4931.8000,4931.0000,4930.8000,4930.6000,4930.4000,4935.0000,4935.2000,4936.0000,4936.8000,4937.0000,1,2,5,1,2,1,5,1,4,1
SF,IC2003,2019-12-09 09:32:57.600,4935.0000,40620,-2,613497200.000,4,1,3,多平,S,4935.0000,4933.2000,4932.0000,4931.8000,4931.0000,4935.2000,4936.0000,4936.8000,4937.0000,4938.0000,1,2,4,1,2,5,1,4,1,1
SF,IC2003,2019-12-09 09:32:58.100,4935.0000,40620,0,614484200.000,1,0,1,多换,S,4932.0000,4931.8000,4931.0000,4930.8000,4930.6000,4934.8000,4935.0000,4935.2000,4936.0000,4936.8000,4,1,2,5,1,1,3,5,1,4
SF,IC2003,2019-12-09 09:32:58.600,4934.0000,40618,-2,616457480.000,2,0,2,双平,S,4934.8000,4932.4000,4932.0000,4931.8000,4931.0000,4935.0000,4935.2000,4936.0000,4936.8000,4937.0000,4,1,3,1,2,1,5,1,4,1
SF,IC2003,2019-12-09 09:32:59.100,4934.8000,40613,-5,621392280.000,5,0,5,双平,S,4932.2000,4932.0000,4931.8000,4931.0000,4930.8000,4935.0000,4935.2000,4936.0000,4936.8000,4937.0000,2,3,1,2,5,2,5,1,4,1
SF,IC2003,2019-12-09 09:32:59.600,4934.8000,40609,-4,626327080.000,5,0,5,多平,S,4932.6000,4932.4000,4932.2000,4932.0000,4931.8000,4934.8000,4935.0000,4935.2000,4936.0000,4936.8000,1,2,2,1,1,1,2,5,1,4
SF,IC2003,2019-12-09 09:33:00.100,4934.8000,40609,0,626327080.000,0,-,-,-,-,4933.4000,4932.8000,4932.6000,4932.2000,4932.0000,4934.8000,4935.0000,4935.2000,4936.0000,4936.8000,1,3,1,2,1,1,3,5,1,4
SF,IC2003,2019-12-09 09:33:00.600,4935.0000,40608,-1,629288040.000,3,1,2,多平,S,4934.8000,4933.6000,4933.4000,4932.8000,4932.0000,4935.0000,4935.2000,4936.0000,4936.8000,4937.0000,5,2,1,1,1,1,5,1,4,1
SF,IC2003,2019-12-09 09:33:01.100,4934.8000,40606,-2,632248960.000,3,0,3,多平,S,4935.0000,4934.8000,4933.6000,4933.4000,4933.2000,4935.2000,4936.0000,4936.8000,4937.0000,4938.0000,5,7,1,1,1,5,1,4,1,1
SF,IC2003,2019-12-09 09:33:01.600,4935.2000,40605,-1,633236000.000,1,0,1,双平,S,4935.0000,4934.8000,4933.6000,4933.4000,4933.2000,4935.2000,4936.0000,4936.8000,4937.0000,4938.0000,5,7,1,1,1,4,1,4,1,1
SF,IC2003,2019-12-09 09:33:02.100,4935.2000,40605,0,638171160.000,5,2,3,多换,S,4935.2000,4935.0000,4934.8000,4933.6000,4933.4000,4936.0000,4936.8000,4937.0000,4938.0000,4938.8000,5,14,7,1,1,1,4,1,1,1
SF,IC2003,2019-12-09 09:33:02.600,4936.0000,40602,-3,643106520.000,5,1,4,多平,S,4936.0000,4935.2000,4935.0000,4934.8000,4933.6000,4936.8000,4937.0000,4938.0000,4938.8000,4939.0000,4,1,14,7,1,4,1,1,1,1
SF,IC2003,2019-12-09 09:33:03.100,4936.0000,40601,-1,645080920.000,2,0,2,多平,S,4936.0000,4935.8000,4935.2000,4935.0000,4934.8000,4936.6000,4936.8000,4937.0000,4938.0000,4938.8000,2,1,1,14,7,4,4,1,1,1
SF,IC2003,2019-12-09 09:33:03.600,4936.0000,40601,0,647055320.000,2,1,1,多换,S,4935.8000,4935.2000,4935.0000,4934.8000,4933.6000,4936.6000,4936.8000,4938.0000,4938.2000,4938.8000,1,1,14,7,1,4,4,1,1,1
SF,IC2003,2019-12-09 09:33:04.100,4936.6000,40597,-4,651004440.000,4,0,4,双平,S,4936.6000,4935.2000,4935.0000,4934.8000,4933.6000,4936.8000,4938.0000,4938.2000,4938.8000,4939.0000,2,1,14,7,1,4,1,1,1,1
SF,IC2003,2019-12-09 09:33:04.600,4936.6000,40595,-2,652979080.000,2,0,2,双平,S,4935.4000,4935.2000,4935.0000,4934.8000,4933.6000,4936.6000,4936.8000,4938.0000,4938.2000,4938.8000,1,1,14,7,1,1,4,1,1,1
SF,IC2003,2019-12-09 09:33:05.100,4935.4000,40596,1,654953240.000,2,1,1,空开,S,4935.2000,4935.0000,4934.8000,4933.2000,4932.2000,4936.6000,4936.8000,4938.0000,4938.2000,4938.8000,1,14,7,2,1,4,4,1,1,1
SF,IC2003,2019-12-09 09:33:05.600,4935.0000,40596,0,657914360.000,3,1,2,多换,S,4935.0000,4934.8000,4933.2000,4932.2000,4932.0000,4936.6000,4936.8000,4938.0000,4938.2000,4938.8000,13,7,1,1,2,4,4,1,1,1
SF,IC2003,2019-12-09 09:33:06.100,4935.0000,40595,-1,658901360.000,1,0,1,双平,S,4935.2000,4935.0000,4934.8000,4933.2000,4932.2000,4936.4000,4936.6000,4936.8000,4938.0000,4938.2000,1,13,7,1,1,2,4,4,1,1
SF,IC2003,2019-12-09 09:33:06.600,4935.0000,40595,0,659888360.000,1,0,1,多换,S,4935.0000,4934.8000,4933.2000,4932.2000,4932.0000,4935.2000,4936.4000,4936.6000,4936.8000,4938.0000,12,7,1,1,2,1,2,4,4,1
SF,IC2003,2019-12-09 09:33:07.100,4935.0000,40599,4,665810360.000,6,5,1,空开,S,4935.0000,4934.8000,4932.2000,4932.0000,4931.0000,4935.2000,4936.4000,4936.8000,4938.0000,4938.2000,6,7,1,2,2,1,2,4,1,1
SF,IC2003,2019-12-09 09:33:07.600,4935.0000,40601,2,669758360.000,4,3,1,空开,S,4935.0000,4934.8000,4932.2000,4932.0000,4931.0000,4936.4000,4936.8000,4938.0000,4938.2000,4938.8000,2,7,1,2,2,1,5,1,1,1
SF,IC2003,2019-12-09 09:33:08.100,4935.0000,40601,0,670745360.000,1,0,1,多换,S,4935.0000,4934.8000,4932.2000,4932.0000,4931.0000,4936.4000,4936.8000,4938.0000,4938.2000,4938.8000,1,7,1,2,2,1,5,1,1,1
SF,IC2003,2019-12-09 09:33:08.600,4935.0000,40601,0,672719640.000,2,1,1,多换,S,4934.8000,4933.8000,4932.2000,4932.0000,4931.0000,4936.8000,4938.0000,4938.2000,4938.8000,4939.0000,7,1,1,2,2,5,1,1,1,1
SF,IC2003,2019-12-09 09:33:09.100,4934.8000,40599,-2,674693560.000,2,0,2,双平,S,4934.8000,4933.8000,4932.2000,4932.0000,4931.0000,4936.0000,4936.6000,4936.8000,4938.0000,4938.2000,5,1,1,2,2,1,4,5,1,1
SF,IC2003,2019-12-09 09:33:09.600,4934.8000,40599,0,674693560.000,0,-,-,-,-,4934.8000,4933.8000,4932.2000,4932.0000,4931.0000,4936.0000,4936.6000,4936.8000,4938.0000,4938.2000,5,1,1,2,2,1,2,5,1,1
SF,IC2003,2019-12-09 09:33:10.100,4934.8000,40599,0,674693560.000,0,-,-,-,-,4934.8000,4933.8000,4932.2000,4932.0000,4931.0000,4935.8000,4936.0000,4936.6000,4936.8000,4938.0000,5,1,1,2,2,1,1,2,5,1
SF,IC2003,2019-12-09 09:33:10.600,4934.8000,40598,-1,679628360.000,5,2,3,多平,S,4933.8000,4932.2000,4932.0000,4931.0000,4930.8000,4935.8000,4936.0000,4936.6000,4936.8000,4938.0000,1,1,2,2,5,1,1,2,5,1
SF,IC2003,2019-12-09 09:33:11.100,4934.8000,40598,0,679628360.000,0,-,-,-,-,4934.0000,4933.8000,4932.2000,4932.0000,4931.0000,4935.8000,4936.0000,4936.6000,4936.8000,4938.0000,5,1,1,2,2,1,1,2,5,1
SF,IC2003,2019-12-09 09:33:11.600,4934.8000,40598,0,679628360.000,0,-,-,-,-,4934.0000,4933.8000,4932.2000,4932.0000,4931.0000,4935.8000,4936.0000,4936.6000,4936.8000,4938.0000,3,1,1,2,2,1,1,2,5,1
SF,IC2003,2019-12-09 09:33:12.100,4934.8000,40598,0,679628360.000,0,-,-,-,-,4934.0000,4933.8000,4932.2000,4932.0000,4931.0000,4935.6000,4935.8000,4936.0000,4936.6000,4936.8000,2,1,1,2,2,1,1,1,1,5
SF,IC2003,2019-12-09 09:33:12.600,4934.0000,40599,1,681601960.000,2,1,1,空开,S,4933.8000,4932.2000,4932.0000,4931.0000,4930.8000,4935.4000,4935.6000,4935.8000,4936.6000,4936.8000,1,1,2,1,5,1,2,1,1,5
SF,IC2003,2019-12-09 09:33:13.100,4934.0000,40599,0,681601960.000,0,-,-,-,-,4934.0000,4933.8000,4932.2000,4932.0000,4931.0000,4935.2000,4935.6000,4935.8000,4936.6000,4936.8000,1,1,1,1,1,1,2,1,1,5
SF,IC2003,2019-12-09 09:33:13.600,4934.0000,40599,0,681601960.000,0,-,-,-,-,4933.8000,4932.2000,4932.0000,4931.0000,4930.8000,4935.0000,4935.6000,4935.8000,4936.6000,4936.8000,1,1,1,1,5,1,3,1,1,5
SF,IC2003,2019-12-09 09:33:14.100,4934.0000,40599,0,681601960.000,0,-,-,-,-,4933.8000,4932.2000,4932.0000,4931.0000,4930.8000,4934.8000,4935.0000,4935.6000,4936.6000,4936.8000,1,1,1,1,5,1,1,3,1,5
SF,IC2003,2019-12-09 09:33:14.600,4933.8000,40599,0,682588720.000,1,0,1,多换,S,4932.2000,4932.0000,4931.0000,4930.8000,4930.4000,4934.6000,4935.0000,4935.6000,4936.8000,4937.6000,1,1,1,5,2,3,1,2,5,2
SF,IC2003,2019-12-09 09:33:15.100,4933.8000,40599,0,682588720.000,0,-,-,-,-,4932.4000,4932.2000,4932.0000,4931.0000,4930.8000,4934.6000,4935.0000,4935.6000,4936.2000,4936.8000,1,1,1,1,5,2,1,2,1,5
SF,IC2003,2019-12-09 09:33:15.600,4932.4000,40599,0,683575200.000,1,0,1,多换,S,4932.2000,4932.0000,4931.0000,4930.8000,4930.4000,4932.4000,4934.0000,4934.4000,4934.6000,4935.6000,1,1,1,5,2,1,1,1,2,2
SF,IC2003,2019-12-09 09:33:16.100,4932.4000,40599,0,684561680.000,1,0,1,多换,S,4932.8000,4932.6000,4932.4000,4932.2000,4932.0000,4934.0000,4934.4000,4934.6000,4935.6000,4936.2000,1,1,10,1,1,1,1,2,2,1
SF,IC2003,2019-12-09 09:33:16.600,4932.4000,40599,0,685548160.000,1,0,1,多换,S,4932.4000,4932.2000,4932.0000,4931.0000,4930.8000,4934.0000,4934.4000,4934.6000,4935.6000,4936.2000,8,1,1,1,5,1,1,1,2,1
SF,IC2003,2019-12-09 09:33:17.100,4932.4000,40599,0,685548160.000,0,-,-,-,-,4932.6000,4932.4000,4932.2000,4932.0000,4931.0000,4934.0000,4934.4000,4934.6000,4935.6000,4936.2000,4,8,1,1,1,1,1,1,2,1
SF,IC2003,2019-12-09 09:33:17.600,4932.4000,40599,0,685548160.000,0,-,-,-,-,4932.6000,4932.4000,4932.2000,4932.0000,4931.0000,4933.8000,4934.0000,4935.6000,4936.2000,4936.8000,4,8,1,1,1,2,1,2,1,5
SF,IC2003,2019-12-09 09:33:18.100,4932.4000,40599,0,685548160.000,0,-,-,-,-,4932.6000,4932.4000,4932.2000,4932.0000,4931.0000,4933.6000,4933.8000,4934.0000,4935.6000,4936.2000,1,7,1,1,1,1,3,1,2,1
SF,IC2003,2019-12-09 09:33:18.600,4932.6000,40599,0,686534680.000,1,0,1,多换,S,4932.2000,4932.0000,4931.0000,4930.8000,4930.4000,4933.4000,4933.6000,4933.8000,4934.0000,4935.6000,1,1,1,5,2,2,1,1,1,2
SF,IC2003,2019-12-09 09:33:19.100,4932.2000,40600,1,687521120.000,1,1,0,双开,S,4932.0000,4931.0000,4930.8000,4930.4000,4929.8000,4933.4000,4933.6000,4933.8000,4934.0000,4934.2000,1,1,5,1,7,2,1,1,1,1
SF,IC2003,2019-12-09 09:33:19.600,4932.0000,40601,1,688507520.000,1,1,0,双开,S,4931.0000,4930.8000,4930.4000,4929.8000,4929.2000,4933.4000,4934.0000,4934.2000,4935.6000,4936.2000,1,5,1,7,1,2,1,1,2,1
SF,IC2003,2019-12-09 09:33:20.100,4932.0000,40601,0,688507520.000,0,-,-,-,-,4931.2000,4931.0000,4930.8000,4930.4000,4929.8000,4933.0000,4933.2000,4933.4000,4934.2000,4935.6000,2,1,5,1,7,1,1,1,1,2
SF,IC2003,2019-12-09 09:33:20.600,4932.0000,40601,0,688507520.000,0,-,-,-,-,4931.4000,4931.2000,4931.0000,4930.8000,4930.4000,4932.8000,4933.0000,4933.2000,4933.4000,4934.2000,3,2,1,5,1,1,1,1,1,1
SF,IC2003,2019-12-09 09:33:21.100,4932.0000,40601,0,688507520.000,0,-,-,-,-,4931.6000,4931.4000,4931.2000,4931.0000,4930.8000,4932.8000,4933.0000,4933.2000,4934.2000,4935.6000,1,1,1,1,5,1,1,1,1,2
SF,IC2003,2019-12-09 09:33:21.600,4932.0000,40601,0,688507520.000,0,-,-,-,-,4931.6000,4931.0000,4930.8000,4930.4000,4929.8000,4933.0000,4933.2000,4934.2000,4935.6000,4936.2000,1,1,5,1,7,1,1,1,2,1
SF,IC2003,2019-12-09 09:33:22.600,4932.0000,40601,0,688507520.000,0,-,-,-,-,4931.6000,4931.0000,4930.8000,4930.4000,4930.0000,4932.2000,4932.8000,4933.0000,4933.2000,4934.2000,1,1,5,1,1,1,1,1,1,1
SF,IC2003,2019-12-09 09:33:23.100,4932.2000,40601,0,690480400.000,2,1,1,多换,S,4932.2000,4931.6000,4931.0000,4930.8000,4930.4000,4933.0000,4933.2000,4934.2000,4935.6000,4936.2000,3,1,1,5,1,2,1,1,2,1
SF,IC2003,2019-12-09 09:33:23.600,4932.2000,40601,0,690480400.000,0,-,-,-,-,4932.2000,4931.6000,4931.0000,4930.8000,4930.4000,4932.6000,4933.0000,4933.2000,4934.2000,4935.6000,3,1,1,5,1,1,1,1,1,2
SF,IC2003,2019-12-09 09:33:24.100,4932.6000,40600,-1,691466920.000,1,0,1,双平,S,4932.2000,4931.6000,4931.0000,4930.8000,4930.4000,4933.0000,4933.2000,4934.2000,4935.6000,4936.2000,1,1,1,5,1,1,1,1,2,1
SF,IC2003,2019-12-09 09:33:24.600,4933.0000,40599,-1,692453520.000,1,0,1,双平,S,4932.2000,4931.6000,4931.0000,4930.8000,4930.4000,4933.2000,4934.2000,4935.6000,4936.2000,4936.8000,1,1,1,5,1,1,1,2,1,5
SF,IC2003,2019-12-09 09:33:25.600,4932.2000,40599,0,693439960.000,1,0,1,多换,S,4931.6000,4931.0000,4930.8000,4930.4000,4930.0000,4933.0000,4933.2000,4934.2000,4935.6000,4936.2000,1,1,5,1,1,1,1,1,2,1
SF,IC2003,2019-12-09 09:33:26.100,4932.2000,40599,0,693439960.000,0,-,-,-,-,4931.8000,4931.6000,4931.0000,4930.8000,4930.4000,4932.0000,4933.2000,4934.2000,4935.6000,4936.2000,1,1,1,5,2,1,1,1,2,1
SF,IC2003,2019-12-09 09:33:26.600,4932.0000,40598,-1,694426360.000,1,0,1,双平,S,4932.0000,4931.6000,4931.0000,4930.8000,4930.4000,4933.0000,4933.2000,4934.2000,4935.6000,4936.2000,4,1,1,5,2,1,1,1,2,1
SF,IC2003,2019-12-09 09:33:27.100,4932.2000,40596,-2,696399200.000,2,0,2,双平,S,4932.2000,4932.0000,4931.8000,4931.6000,4931.0000,4933.0000,4933.2000,4934.2000,4935.6000,4936.2000,1,3,1,1,1,1,1,1,2,1
SF,IC2003,2019-12-09 09:33:27.600,4932.2000,40596,0,696399200.000,0,-,-,-,-,4932.2000,4932.0000,4931.8000,4931.6000,4931.0000,4933.0000,4933.2000,4934.2000,4935.6000,4936.2000,1,3,1,1,1,1,1,1,2,1
SF,IC2003,2019-12-09 09:33:28.600,4932.2000,40596,0,696399200.000,0,-,-,-,-,4932.0000,4931.8000,4931.6000,4931.0000,4930.8000,4933.0000,4933.2000,4934.2000,4935.6000,4936.2000,3,1,1,1,5,1,1,1,2,1
SF,IC2003,2019-12-09 09:33:29.100,4932.2000,40596,0,696399200.000,0,-,-,-,-,4932.0000,4931.8000,4931.6000,4931.0000,4930.8000,4933.0000,4933.2000,4934.2000,4935.6000,4936.2000,3,1,1,1,5,1,1,1,2,1
SF,IC2003,2019-12-09 09:33:29.600,4932.2000,40596,0,696399200.000,0,-,-,-,-,4932.0000,4931.8000,4931.6000,4931.0000,4930.8000,4933.0000,4933.2000,4934.2000,4935.6000,4936.2000,3,1,1,1,5,1,1,1,2,1
SF,IC2003,2019-12-09 09:33:30.600,4932.2000,40596,0,696399200.000,0,-,-,-,-,4932.0000,4931.8000,4931.6000,4931.0000,4930.8000,4933.0000,4933.2000,4934.2000,4935.6000,4936.2000,3,1,2,1,5,1,1,1,2,1
SF,IC2003,2019-12-09 09:33:31.600,4933.0000,40596,0,698372400.000,2,1,1,多换,S,4933.0000,4931.8000,4931.6000,4931.0000,4930.8000,4933.2000,4934.2000,4935.6000,4936.2000,4936.8000,6,1,2,1,5,1,1,2,1,5
SF,IC2003,2019-12-09 09:33:32.100,4933.0000,40593,-3,702318920.000,4,0,4,多平,S,4933.0000,4931.8000,4931.6000,4931.0000,4930.8000,4935.6000,4936.2000,4936.8000,4937.6000,4938.0000,4,1,2,1,5,2,1,5,2,2
SF,IC2003,2019-12-09 09:33:32.600,4933.0000,40593,0,704292120.000,2,1,1,多换,S,4933.0000,4931.8000,4931.6000,4931.0000,4930.8000,4935.4000,4935.6000,4936.2000,4936.8000,4937.6000,3,1,2,1,5,3,2,1,5,2
SF,IC2003,2019-12-09 09:33:33.100,4933.0000,40594,1,706265320.000,2,1,1,空开,S,4933.0000,4931.8000,4931.6000,4931.0000,4930.8000,4935.4000,4935.6000,4936.2000,4936.8000,4937.6000,1,1,2,1,5,3,2,1,5,2
SF,IC2003,2019-12-09 09:33:33.600,4933.0000,40595,1,708238520.000,2,1,1,空开,S,4931.8000,4931.6000,4931.0000,4930.8000,4930.4000,4935.4000,4935.6000,4936.2000,4936.8000,4937.6000,1,2,1,5,2,3,2,1,5,2
SF,IC2003,2019-12-09 09:33:34.100,4933.0000,40595,0,708238520.000,0,-,-,-,-,4932.2000,4932.0000,4931.8000,4931.6000,4931.0000,4935.0000,4935.4000,4935.6000,4936.2000,4936.8000,1,1,1,1,1,1,3,2,1,5
SF,IC2003,2019-12-09 09:33:34.600,4933.0000,40595,0,708238520.000,0,-,-,-,-,4932.2000,4931.8000,4931.6000,4931.0000,4930.8000,4934.8000,4935.0000,4935.4000,4935.6000,4936.2000,1,1,1,1,5,1,1,2,2,1
SF,IC2003,2019-12-09 09:33:35.100,4933.0000,40595,0,708238520.000,0,-,-,-,-,4932.6000,4932.2000,4931.8000,4931.6000,4931.0000,4934.8000,4935.0000,4935.4000,4935.6000,4936.2000,1,1,1,1,1,1,1,2,2,1
SF,IC2003,2019-12-09 09:33:35.600,4932.6000,40596,1,709225040.000,1,1,0,双开,S,4932.2000,4931.8000,4931.6000,4931.0000,4930.8000,4934.8000,4935.4000,4935.6000,4936.2000,4936.8000,1,1,1,1,5,2,2,2,1,5
SF,IC2003,2019-12-09 09:33:36.600,4934.8000,40596,0,711198960.000,2,1,1,多换,S,4932.2000,4931.8000,4931.6000,4931.0000,4930.8000,4935.4000,4935.6000,4936.2000,4936.8000,4937.6000,1,1,1,1,5,2,2,1,5,2
SF,IC2003,2019-12-09 09:33:37.100,4934.8000,40596,0,711198960.000,0,-,-,-,-,4932.4000,4932.2000,4931.8000,4931.6000,4931.0000,4935.2000,4935.4000,4935.6000,4936.2000,4936.8000,2,1,1,1,1,1,2,2,1,5
SF,IC2003,2019-12-09 09:33:37.600,4934.8000,40596,0,711198960.000,0,-,-,-,-,4932.4000,4932.2000,4931.8000,4931.6000,4931.0000,4935.0000,4935.2000,4935.4000,4935.6000,4936.0000,2,1,1,1,1,1,1,2,2,1
SF,IC2003,2019-12-09 09:33:38.100,4934.8000,40596,0,711198960.000,0,-,-,-,-,4932.4000,4932.2000,4931.8000,4931.6000,4931.0000,4934.8000,4935.0000,4935.4000,4935.6000,4936.0000,1,1,1,1,1,1,1,2,2,1
SF,IC2003,2019-12-09 09:33:38.600,4932.4000,40596,0,712185440.000,1,0,1,多换,S,4932.2000,4931.8000,4931.6000,4931.0000,4930.8000,4934.8000,4935.0000,4935.4000,4935.6000,4936.0000,1,1,1,1,5,1,1,2,2,1
SF,IC2003,2019-12-09 09:33:39.100,4932.4000,40596,0,712185440.000,0,-,-,-,-,4932.2000,4931.8000,4931.6000,4931.0000,4930.8000,4934.6000,4934.8000,4935.0000,4935.4000,4935.6000,1,1,1,1,5,1,1,1,2,2
SF,IC2003,2019-12-09 09:33:39.600,4932.4000,40596,0,712185440.000,0,-,-,-,-,4932.4000,4931.8000,4931.6000,4931.0000,4930.8000,4934.4000,4935.0000,4935.4000,4935.6000,4936.0000,1,1,1,1,5,1,2,2,2,1
SF,IC2003,2019-12-09 09:33:40.100,4934.2000,40597,1,713172280.000,1,1,0,双开,S,4932.4000,4931.8000,4931.6000,4931.0000,4930.8000,4934.0000,4934.4000,4935.0000,4935.6000,4936.0000,1,1,1,1,5,1,1,1,2,1
SF,IC2003,2019-12-09 09:33:40.600,4934.2000,40597,0,713172280.000,0,-,-,-,-,4932.4000,4931.8000,4931.6000,4931.0000,4930.8000,4933.8000,4934.0000,4935.0000,4935.6000,4936.0000,1,1,1,1,5,1,1,1,2,1
SF,IC2003,2019-12-09 09:33:41.100,4932.6000,40597,0,714158800.000,1,0,1,多换,S,4932.6000,4932.4000,4931.8000,4931.6000,4931.0000,4933.8000,4934.0000,4935.0000,4935.6000,4936.0000,1,1,1,1,1,1,1,1,2,1
SF,IC2003,2019-12-09 09:33:41.600,4933.8000,40596,-1,715145560.000,1,0,1,双平,S,4932.8000,4932.4000,4931.8000,4931.6000,4931.0000,4934.0000,4935.0000,4935.6000,4936.0000,4936.2000,1,1,1,1,1,1,1,2,2,1
SF,IC2003,2019-12-09 09:33:42.100,4933.8000,40596,0,715145560.000,0,-,-,-,-,4933.4000,4933.0000,4931.8000,4931.6000,4931.0000,4934.0000,4935.0000,4935.6000,4936.0000,4936.2000,1,1,1,1,1,1,1,2,2,1
SF,IC2003,2019-12-09 09:33:42.600,4933.4000,40596,0,716132240.000,1,0,1,多换,S,4931.8000,4931.6000,4931.0000,4930.8000,4930.4000,4932.6000,4934.0000,4935.0000,4935.6000,4936.0000,1,1,1,5,2,1,1,1,2,2
SF,IC2003,2019-12-09 09:33:43.100,4932.6000,40594,-2,719091800.000,3,0,3,多平,S,4932.6000,4932.0000,4931.8000,4931.6000,4931.0000,4935.0000,4935.6000,4936.0000,4936.2000,4936.8000,2,1,1,1,1,1,2,2,1,5
SF,IC2003,2019-12-09 09:33:43.600,4932.6000,40594,0,719091800.000,0,-,-,-,-,4932.8000,4931.8000,4931.6000,4931.0000,4930.8000,4934.8000,4935.0000,4935.6000,4936.0000,4936.2000,1,1,1,1,5,1,1,2,2,1
SF,IC2003,2019-12-09 09:33:44.100,4932.6000,40594,0,719091800.000,0,-,-,-,-,4931.8000,4931.6000,4931.0000,4930.8000,4930.4000,4934.8000,4935.0000,4935.6000,4936.0000,4936.2000,1,1,1,5,2,1,1,2,2,1
SF,IC2003,2019-12-09 09:33:44.600,4932.6000,40594,0,719091800.000,0,-,-,-,-,4932.4000,4932.0000,4931.8000,4931.6000,4931.0000,4934.0000,4934.8000,4935.0000,4935.6000,4936.0000,1,2,1,1,1,1,1,1,2,2
SF,IC2003,2019-12-09 09:33:45.100,4932.6000,40594,0,719091800.000,0,-,-,-,-,4932.6000,4932.0000,4931.8000,4931.6000,4931.0000,4933.2000,4934.0000,4934.6000,4934.8000,4935.0000,1,1,1,1,1,2,1,2,1,1
SF,IC2003,2019-12-09 09:33:45.600,4934.0000,40594,0,721065120.000,2,1,1,多换,S,4932.0000,4931.8000,4931.6000,4931.0000,4930.8000,4934.8000,4935.0000,4935.6000,4936.0000,4936.2000,1,1,1,1,5,1,2,2,1,1
SF,IC2003,2019-12-09 09:33:46.100,4934.0000,40594,0,721065120.000,0,-,-,-,-,4932.4000,4932.2000,4932.0000,4931.8000,4931.6000,4934.8000,4935.0000,4935.6000,4936.0000,4936.2000,2,2,1,1,1,1,2,2,1,1
SF,IC2003,2019-12-09 09:33:46.600,4934.0000,40594,0,721065120.000,0,-,-,-,-,4932.2000,4931.8000,4931.6000,4931.0000,4930.8000,4933.8000,4934.6000,4934.8000,4935.0000,4935.6000,2,1,1,1,5,2,2,1,2,2
SF,IC2003,2019-12-09 09:33:47.100,4934.0000,40594,0,721065120.000,0,-,-,-,-,4932.2000,4931.8000,4931.6000,4931.0000,4930.8000,4933.6000,4934.6000,4935.0000,4935.6000,4936.0000,2,1,1,1,5,1,4,2,2,1
SF,IC2003,2019-12-09 09:33:47.600,4934.0000,40594,0,721065120.000,0,-,-,-,-,4932.4000,4932.2000,4931.8000,4931.6000,4931.0000,4933.6000,4934.6000,4935.0000,4935.6000,4936.0000,1,2,1,1,1,3,1,2,2,1
SF,IC2003,2019-12-09 09:33:48.100,4934.0000,40594,0,721065120.000,0,-,-,-,-,4932.6000,4932.2000,4931.8000,4931.6000,4931.4000,4933.6000,4934.0000,4934.6000,4935.0000,4935.6000,1,2,1,1,1,3,1,1,1,2
SF,IC2003,2019-12-09 09:33:48.600,4933.6000,40594,0,722051840.000,1,0,1,多换,S,4932.2000,4931.8000,4931.6000,4931.4000,4931.0000,4933.6000,4934.0000,4934.6000,4935.0000,4935.6000,1,1,1,1,1,2,1,1,1,1
SF,IC2003,2019-12-09 09:33:49.100,4933.6000,40594,0,722051840.000,0,-,-,-,-,4932.4000,4932.2000,4931.8000,4931.6000,4931.4000,4933.6000,4934.0000,4934.6000,4935.0000,4935.6000,2,1,1,1,1,2,1,1,1,1
SF,IC2003,2019-12-09 09:33:49.600,4933.6000,40594,0,722051840.000,0,-,-,-,-,4932.4000,4932.2000,4931.8000,4931.6000,4931.4000,4934.0000,4934.6000,4935.0000,4935.6000,4936.0000,1,1,1,1,2,1,1,1,1,1
SF,IC2003,2019-12-09 09:33:50.100,4933.6000,40594,0,723038560.000,1,0,1,多换,S,4932.2000,4931.8000,4931.6000,4931.4000,4931.0000,4932.8000,4933.8000,4934.0000,4934.4000,4934.6000,1,1,1,2,1,1,1,1,1,1
SF,IC2003,2019-12-09 09:33:50.600,4933.0000,40593,-1,724025160.000,1,0,1,双平,S,4932.8000,4932.4000,4932.2000,4931.8000,4931.6000,4934.0000,4934.4000,4934.6000,4935.0000,4935.6000,4,2,1,1,1,1,1,1,1,1
SF,IC2003,2019-12-09 09:33:51.100,4933.0000,40593,0,724025160.000,0,-,-,-,-,4933.0000,4932.8000,4932.2000,4931.8000,4931.6000,4934.0000,4934.6000,4935.0000,4935.6000,4936.0000,3,2,1,1,1,1,1,1,1,1
SF,IC2003,2019-12-09 09:33:51.600,4933.0000,40593,0,724025160.000,0,-,-,-,-,4933.4000,4932.8000,4932.2000,4931.8000,4931.6000,4934.0000,4934.6000,4935.0000,4935.6000,4936.0000,1,1,1,1,1,1,1,2,1,1
SF,IC2003,2019-12-09 09:33:52.100,4933.0000,40593,0,724025160.000,0,-,-,-,-,4933.4000,4932.8000,4932.2000,4931.8000,4931.6000,4934.0000,4934.6000,4935.0000,4935.2000,4935.6000,1,1,1,1,1,1,1,2,1,1
SF,IC2003,2019-12-09 09:33:52.600,4934.0000,40592,-1,725011960.000,1,0,1,双平,S,4933.4000,4932.8000,4932.2000,4931.8000,4931.6000,4934.6000,4935.0000,4935.2000,4935.6000,4936.0000,1,1,1,1,1,1,2,2,1,1
SF,IC2003,2019-12-09 09:33:53.100,4933.4000,40591,-1,725998640.000,1,0,1,双平,S,4932.8000,4932.2000,4931.8000,4931.6000,4931.4000,4934.6000,4935.0000,4935.2000,4935.6000,4936.0000,1,1,1,1,2,1,2,2,1,1
SF,IC2003,2019-12-09 09:33:53.600,4933.4000,40591,0,725998640.000,0,-,-,-,-,4933.2000,4933.0000,4932.8000,4932.2000,4931.8000,4934.6000,4935.0000,4935.2000,4935.6000,4936.0000,2,4,1,1,1,1,2,2,1,1
SF,IC2003,2019-12-09 09:33:54.100,4934.6000,40591,0,726985560.000,1,0,1,多换,S,4933.4000,4933.0000,4932.8000,4932.2000,4931.8000,4935.0000,4935.2000,4935.6000,4936.0000,4936.2000,3,1,1,1,1,2,2,1,1,1
SF,IC2003,2019-12-09 09:33:54.600,4933.4000,40590,-1,727972240.000,1,0,1,双平,S,4933.4000,4932.8000,4932.2000,4931.8000,4931.6000,4935.0000,4935.2000,4935.6000,4936.0000,4936.2000,2,1,1,1,1,2,2,1,1,1
SF,IC2003,2019-12-09 09:33:55.100,4933.4000,40590,0,727972240.000,0,-,-,-,-,4933.4000,4932.8000,4932.2000,4931.8000,4931.6000,4934.8000,4935.0000,4935.2000,4935.6000,4936.0000,1,1,1,1,1,1,2,2,1,1
SF,IC2003,2019-12-09 09:33:55.600,4933.4000,40590,0,727972240.000,0,-,-,-,-,4932.8000,4932.2000,4931.8000,4931.6000,4931.4000,4934.8000,4935.0000,4935.2000,4935.6000,4936.0000,1,1,1,1,2,1,2,2,1,1
SF,IC2003,2019-12-09 09:33:56.100,4933.4000,40590,0,727972240.000,0,-,-,-,-,4933.0000,4932.8000,4932.2000,4931.8000,4931.6000,4934.8000,4935.0000,4935.2000,4935.6000,4936.0000,2,1,1,1,1,1,2,2,1,1
SF,IC2003,2019-12-09 09:33:56.600,4933.4000,40590,0,727972240.000,0,-,-,-,-,4933.2000,4933.0000,4932.8000,4932.2000,4931.8000,4933.4000,4934.8000,4935.0000,4935.2000,4935.6000,1,3,1,1,1,1,1,2,2,1
SF,IC2003,2019-12-09 09:33:57.100,4933.4000,40589,-1,728958920.000,1,0,1,双平,S,4933.4000,4933.2000,4933.0000,4932.8000,4932.2000,4934.8000,4935.0000,4935.2000,4935.6000,4936.0000,2,1,1,1,1,1,2,2,1,1
SF,IC2003,2019-12-09 09:33:57.600,4933.6000,40588,-1,729945640.000,1,0,1,双平,S,4933.4000,4933.2000,4933.0000,4932.8000,4932.2000,4934.8000,4935.0000,4935.2000,4935.6000,4936.0000,1,1,1,1,1,1,2,2,1,1
SF,IC2003,2019-12-09 09:33:58.100,4933.6000,40588,0,729945640.000,0,-,-,-,-,4932.8000,4932.2000,4931.8000,4931.6000,4931.4000,4934.8000,4935.0000,4935.2000,4935.6000,4936.0000,1,1,1,1,2,1,2,2,1,1
SF,IC2003,2019-12-09 09:33:58.600,4933.6000,40588,0,729945640.000,0,-,-,-,-,4933.0000,4932.8000,4932.2000,4931.8000,4931.6000,4934.8000,4935.0000,4935.2000,4935.6000,4936.0000,1,1,1,1,1,1,2,2,1,1
SF,IC2003,2019-12-09 09:33:59.100,4933.6000,40588,0,729945640.000,0,-,-,-,-,4932.2000,4931.8000,4931.6000,4931.4000,4931.0000,4934.8000,4935.0000,4935.2000,4935.6000,4936.0000,1,1,1,2,1,1,2,2,1,1
SF,IC2003,2019-12-09 09:33:59.600,4932.2000,40588,0,730932080.000,1,0,1,多换,S,4931.8000,4931.6000,4931.4000,4931.0000,4930.8000,4934.6000,4934.8000,4935.0000,4935.2000,4935.6000,1,1,2,1,5,1,1,2,2,1
SF,IC2003,2019-12-09 09:34:00.100,4932.2000,40588,0,730932080.000,0,-,-,-,-,4932.0000,4931.8000,4931.6000,4931.4000,4931.0000,4934.4000,4934.6000,4935.0000,4935.2000,4935.6000,3,1,1,2,1,1,1,2,2,1
SF,IC2003,2019-12-09 09:34:00.600,4932.2000,40588,0,730932080.000,0,-,-,-,-,4932.0000,4931.8000,4931.6000,4931.4000,4931.0000,4934.4000,4934.6000,4935.0000,4935.2000,4935.6000,2,1,1,2,1,1,1,2,2,1
SF,IC2003,2019-12-09 09:34:01.100,4932.2000,40588,0,730932080.000,0,-,-,-,-,4932.4000,4932.2000,4932.0000,4931.8000,4931.6000,4934.4000,4935.0000,4935.2000,4935.6000,4936.0000,2,7,2,1,1,1,2,2,1,1
SF,IC2003,2019-12-09 09:34:01.600,4932.2000,40588,0,730932080.000,0,-,-,-,-,4932.6000,4932.2000,4932.0000,4931.8000,4931.6000,4934.4000,4935.0000,4935.2000,4935.6000,4936.0000,5,6,1,1,1,1,2,2,1,1
SF,IC2003,2019-12-09 09:34:02.100,4932.2000,40588,0,730932080.000,0,-,-,-,-,4933.0000,4932.8000,4932.6000,4932.2000,4931.8000,4934.4000,4935.0000,4935.2000,4935.6000,4936.0000,2,1,4,6,1,1,2,2,1,1
SF,IC2003,2019-12-09 09:34:02.600,4932.2000,40588,0,730932080.000,0,-,-,-,-,4933.2000,4932.8000,4932.6000,4932.2000,4931.8000,4934.4000,4935.0000,4935.2000,4935.6000,4936.0000,2,1,2,6,1,1,2,2,1,1
SF,IC2003,2019-12-09 09:34:03.100,4934.4000,40587,-1,731918960.000,1,0,1,双平,S,4933.2000,4932.8000,4932.6000,4932.2000,4931.8000,4935.0000,4935.2000,4935.6000,4936.0000,4936.2000,2,1,2,6,1,2,2,1,1,1
SF,IC2003,2019-12-09 09:34:03.600,4934.4000,40587,0,731918960.000,0,-,-,-,-,4933.6000,4933.4000,4933.2000,4932.8000,4932.6000,4935.0000,4935.2000,4935.6000,4936.0000,4936.2000,2,2,2,1,1,2,2,1,1,1
SF,IC2003,2019-12-09 09:34:04.100,4934.4000,40587,0,731918960.000,0,-,-,-,-,4933.8000,4933.4000,4933.2000,4932.8000,4932.6000,4935.0000,4935.2000,4935.6000,4936.0000,4936.2000,1,2,1,1,1,2,2,1,1,1
SF,IC2003,2019-12-09 09:34:04.600,4935.0000,40586,-1,732905960.000,1,0,1,双平,S,4933.4000,4932.8000,4932.6000,4932.2000,4931.8000,4935.0000,4935.2000,4935.6000,4936.0000,4936.2000,2,1,1,6,1,1,2,1,1,1
SF,IC2003,2019-12-09 09:34:05.100,4935.0000,40586,0,732905960.000,0,-,-,-,-,4933.6000,4933.4000,4932.6000,4932.2000,4931.8000,4935.0000,4935.2000,4935.6000,4936.0000,4936.2000,1,2,1,6,1,1,2,1,1,1
SF,IC2003,2019-12-09 09:34:05.600,4935.0000,40586,0,732905960.000,0,-,-,-,-,4933.8000,4933.4000,4932.6000,4932.2000,4931.8000,4935.0000,4935.2000,4936.0000,4936.2000,4936.8000,2,1,1,5,2,1,2,1,1,5
SF,IC2003,2019-12-09 09:34:06.100,4935.0000,40586,0,732905960.000,0,-,-,-,-,4933.8000,4933.4000,4933.0000,4932.6000,4932.2000,4935.0000,4935.2000,4936.0000,4936.2000,4936.8000,2,1,1,1,5,1,2,1,1,5
SF,IC2003,2019-12-09 09:34:07.600,4935.0000,40586,0,732905960.000,0,-,-,-,-,4933.8000,4933.4000,4933.0000,4932.6000,4932.2000,4934.4000,4935.0000,4935.2000,4936.0000,4936.2000,2,1,1,1,5,1,1,2,1,1
SF,IC2003,2019-12-09 09:34:08.100,4934.4000,40585,-1,733892840.000,1,0,1,双平,S,4934.6000,4934.4000,4933.8000,4933.4000,4933.0000,4935.0000,4935.2000,4936.0000,4936.2000,4936.8000,1,5,1,1,1,1,2,1,1,5
SF,IC2003,2019-12-09 09:34:08.600,4935.2000,40584,-1,735866880.000,2,0,2,多平,S,4934.6000,4934.4000,4933.4000,4933.0000,4932.6000,4935.2000,4936.0000,4936.2000,4936.8000,4937.6000,1,2,1,1,1,1,1,1,5,2
SF,IC2003,2019-12-09 09:34:09.100,4935.2000,40584,0,735866880.000,0,-,-,-,-,4934.8000,4934.6000,4934.4000,4933.4000,4933.0000,4935.2000,4936.0000,4936.2000,4936.8000,4937.6000,1,1,1,1,1,1,1,1,5,2
SF,IC2003,2019-12-09 09:34:09.600,4935.2000,40584,0,736853920.000,1,0,1,多换,S,4935.2000,4935.0000,4934.6000,4934.4000,4933.4000,4936.0000,4936.2000,4936.8000,4937.6000,4938.0000,1,1,1,1,1,1,1,5,2,2
SF,IC2003,2019-12-09 09:34:10.100,4936.0000,40584,0,737841120.000,1,0,1,多换,S,4935.4000,4935.2000,4934.6000,4934.4000,4933.4000,4936.2000,4936.8000,4937.6000,4938.0000,4938.2000,1,1,1,1,1,1,4,2,2,1
SF,IC2003,2019-12-09 09:34:10.600,4935.6000,40584,0,739815480.000,2,1,1,多换,S,4935.6000,4935.2000,4934.6000,4934.4000,4933.4000,4936.8000,4937.6000,4938.0000,4938.2000,4938.6000,1,3,1,1,1,4,2,2,1,1
SF,IC2003,2019-12-09 09:34:11.100,4935.6000,40584,0,739815480.000,0,-,-,-,-,4935.2000,4934.6000,4934.4000,4933.4000,4933.0000,4936.8000,4937.6000,4938.0000,4938.2000,4938.6000,3,1,1,1,2,4,2,2,1,1
SF,IC2003,2019-12-09 09:34:11.600,4935.6000,40584,0,739815480.000,0,-,-,-,-,4935.4000,4935.2000,4934.6000,4934.4000,4933.4000,4936.6000,4936.8000,4937.6000,4938.0000,4938.2000,1,3,1,1,1,1,4,2,2,1
SF,IC2003,2019-12-09 09:34:12.100,4935.6000,40584,0,739815480.000,0,-,-,-,-,4935.6000,4935.2000,4934.6000,4934.4000,4933.4000,4936.6000,4936.8000,4937.6000,4938.0000,4938.2000,1,3,1,1,1,1,4,2,2,1
SF,IC2003,2019-12-09 09:34:12.600,4936.8000,40585,1,741790160.000,2,1,1,空开,S,4935.2000,4934.6000,4934.4000,4933.0000,4932.2000,4936.8000,4937.6000,4938.0000,4938.2000,4938.6000,3,1,1,2,4,3,2,2,1,1
SF,IC2003,2019-12-09 09:34:13.100,4936.8000,40585,0,742777520.000,1,0,1,多换,S,4935.4000,4935.2000,4935.0000,4934.4000,4933.0000,4936.8000,4937.6000,4938.0000,4938.2000,4938.6000,2,3,1,1,2,2,2,2,1,1
SF,IC2003,2019-12-09 09:34:13.600,4935.4000,40585,0,743764600.000,1,0,1,多换,S,4935.2000,4935.0000,4934.4000,4933.0000,4932.2000,4936.8000,4937.6000,4938.0000,4938.2000,4938.6000,3,1,1,2,5,2,2,2,1,1
SF,IC2003,2019-12-09 09:34:14.100,4936.6000,40584,-1,744751920.000,1,0,1,双平,S,4935.4000,4935.2000,4935.0000,4934.4000,4933.0000,4936.8000,4937.6000,4938.0000,4938.2000,4938.6000,1,3,1,1,2,2,2,2,1,1
SF,IC2003,2019-12-09 09:34:14.600,4935.6000,40584,0,745739040.000,1,0,1,多换,S,4935.6000,4935.2000,4935.0000,4934.4000,4933.0000,4936.8000,4937.6000,4938.0000,4938.2000,4938.6000,1,3,1,1,2,2,2,2,1,1
SF,IC2003,2019-12-09 09:34:15.100,4936.8000,40585,1,747713720.000,2,1,1,空开,S,4935.2000,4935.0000,4934.4000,4933.0000,4932.2000,4936.8000,4937.6000,4938.0000,4938.2000,4938.6000,3,1,1,2,5,1,2,2,1,1
SF,IC2003,2019-12-09 09:34:15.600,4935.4000,40585,0,749687880.000,2,1,1,多换,S,4935.2000,4935.0000,4934.4000,4933.0000,4932.2000,4936.6000,4936.8000,4937.6000,4938.0000,4938.2000,3,1,1,2,5,2,1,2,2,1
SF,IC2003,2019-12-09 09:34:16.100,4935.4000,40585,0,749687880.000,0,-,-,-,-,4935.2000,4935.0000,4934.4000,4933.0000,4932.2000,4936.4000,4936.6000,4936.8000,4937.6000,4938.0000,3,1,1,2,5,1,2,1,2,2
SF,IC2003,2019-12-09 09:34:16.600,4936.8000,40586,1,753636880.000,4,2,2,空开,S,4935.2000,4935.0000,4934.4000,4933.0000,4932.2000,4937.6000,4938.0000,4938.2000,4938.6000,4938.8000,2,1,1,2,5,2,2,1,1,1
SF,IC2003,2019-12-09 09:34:17.100,4935.4000,40586,0,754623960.000,1,0,1,多换,S,4936.6000,4935.4000,4935.2000,4935.0000,4934.4000,4937.4000,4937.6000,4938.0000,4938.2000,4938.6000,1,1,2,1,1,3,2,3,1,1
SF,IC2003,2019-12-09 09:34:17.600,4936.6000,40586,0,755611280.000,1,0,1,多换,S,4935.4000,4935.2000,4935.0000,4934.4000,4933.0000,4936.4000,4936.6000,4937.2000,4937.4000,4937.6000,1,2,1,1,2,2,5,1,2,2
SF,IC2003,2019-12-09 09:34:18.100,4935.4000,40586,0,756598360.000,1,0,1,多换,S,4935.0000,4934.4000,4933.0000,4932.2000,4931.8000,4935.2000,4936.6000,4937.6000,4938.0000,4938.2000,1,1,2,5,2,4,2,2,2,1
SF,IC2003,2019-12-09 09:34:18.600,4935.0000,40587,1,758572360.000,2,1,1,空开,S,4933.0000,4932.2000,4931.8000,4931.6000,4931.4000,4935.0000,4935.2000,4936.6000,4937.6000,4938.0000,2,5,2,1,1,1,4,2,2,2
SF,IC2003,2019-12-09 09:34:19.100,4936.6000,40584,-3,764494840.000,6,1,5,多平,S,4933.4000,4933.2000,4933.0000,4932.2000,4931.8000,4936.6000,4937.0000,4937.6000,4938.0000,4938.2000,1,5,1,4,2,1,1,2,2,1
SF,IC2003,2019-12-09 09:34:19.600,4936.6000,40584,0,764494840.000,0,-,-,-,-,4933.6000,4933.4000,4933.2000,4933.0000,4932.2000,4936.2000,4936.4000,4936.6000,4937.0000,4937.6000,1,1,1,1,4,1,1,1,2,2
SF,IC2003,2019-12-09 09:34:20.100,4936.6000,40584,0,764494840.000,0,-,-,-,-,4933.6000,4933.4000,4933.2000,4933.0000,4932.2000,4936.0000,4936.6000,4937.0000,4937.6000,4938.0000,1,1,1,1,4,1,1,2,2,2
SF,IC2003,2019-12-09 09:34:20.600,4936.6000,40584,0,764494840.000,0,-,-,-,-,4934.0000,4933.8000,4933.6000,4933.4000,4933.2000,4935.2000,4936.0000,4936.6000,4937.0000,4937.6000,2,1,1,1,1,1,2,2,1,2
