市场代码,合约代码,时间,最新,持仓,增仓,成交额,成交量,开仓,平仓,成交类型,方向,买一价,买二价,买三价,买四价,买五价,卖一价,卖二价,卖三价,卖四价,卖五价,买一量,买二量,买三量,买四量,买五量,卖一量,卖二量,卖三量,卖四量,卖五量
SF,IC2009,2020-05-12 09:29:00.300,5209.8000,39923,0,45846240.000,44.000,-,-,-,-,5208.4000,5205.6000,5205.0000,5202.4000,5202.0000,5210.0000,5228.8000,5236.0000,5239.0000,5245.0000,1,2,1,1,1,2,1,10,10,1
SF,IC2009,2020-05-12 09:30:00.300,5210.0000,39923,0,47930240.000,2,1,1,多换,S,5213.8000,5213.0000,5212.2000,5212.0000,5211.8000,5228.8000,5239.0000,5245.0000,5248.0000,5249.8000,1,1,1,1,2,1,10,1,1,1
SF,IC2009,2020-05-12 09:30:00.800,5219.0000,39922,-1,48974040.000,1,0,1,双平,S,5214.2000,5214.0000,5213.8000,5213.6000,5213.0000,5222.4000,5223.4000,5224.8000,5225.0000,5225.6000,7,2,1,1,2,2,1,3,2,3
SF,IC2009,2020-05-12 09:30:01.300,5220.6000,39921,-1,50018160.000,1,0,1,双平,S,5216.0000,5215.4000,5215.2000,5214.4000,5213.8000,5221.0000,5221.4000,5222.0000,5222.2000,5222.4000,4,1,1,3,2,1,1,1,5,2
SF,IC2009,2020-05-12 09:30:01.800,5220.8000,39919,-2,52106480.000,2,0,2,双平,S,5216.2000,5216.0000,5213.8000,5213.6000,5213.0000,5220.6000,5220.8000,5222.0000,5222.2000,5222.4000,5,5,2,1,2,1,3,1,1,2
SF,IC2009,2020-05-12 09:30:02.300,5216.2000,39916,-3,55236240.000,3,0,3,双平,S,5216.2000,5216.0000,5213.8000,5213.6000,5213.0000,5219.8000,5220.4000,5220.6000,5222.0000,5222.2000,3,5,2,1,2,2,4,2,1,1
SF,IC2009,2020-05-12 09:30:02.800,5219.8000,39914,-2,57324160.000,2,0,2,双平,S,5216.8000,5216.4000,5216.2000,5216.0000,5213.8000,5219.2000,5219.6000,5220.6000,5222.0000,5222.2000,1,5,4,6,1,1,3,1,1,1
SF,IC2009,2020-05-12 09:30:03.300,5219.2000,39913,-1,58368000.000,1,0,1,双平,S,5218.2000,5217.2000,5217.0000,5216.8000,5216.4000,5219.0000,5219.6000,5222.0000,5222.2000,5224.8000,2,1,2,2,5,2,1,1,1,1
SF,IC2009,2020-05-12 09:30:03.800,5219.0000,39913,0,60455600.000,2,1,1,多换,S,5219.0000,5218.8000,5218.2000,5217.2000,5217.0000,5222.0000,5222.2000,5224.8000,5225.0000,5228.4000,2,1,1,1,4,1,1,1,1,8
SF,IC2009,2020-05-12 09:30:04.300,5219.0000,39913,0,60455600.000,0,-,-,-,-,5219.8000,5219.2000,5219.0000,5218.2000,5217.2000,5221.8000,5222.0000,5224.8000,5225.0000,5228.4000,2,1,3,3,1,1,1,1,1,8
SF,IC2009,2020-05-12 09:30:04.800,5219.0000,39913,0,60455600.000,0,-,-,-,-,5219.8000,5219.2000,5219.0000,5218.2000,5217.2000,5224.8000,5225.0000,5228.4000,5228.8000,5231.6000,3,1,1,1,1,1,1,8,3,5
SF,IC2009,2020-05-12 09:30:05.300,5219.0000,39913,0,60455600.000,0,-,-,-,-,5220.0000,5219.8000,5219.0000,5218.2000,5217.2000,5223.8000,5224.6000,5224.8000,5225.0000,5228.4000,2,3,1,1,1,1,2,1,1,8
SF,IC2009,2020-05-12 09:30:05.800,5220.0000,39912,-1,61499600.000,1,0,1,双平,S,5220.6000,5220.0000,5219.8000,5219.0000,5218.2000,5223.6000,5224.8000,5225.0000,5228.4000,5228.8000,1,2,2,1,1,1,1,1,8,3
SF,IC2009,2020-05-12 09:30:06.300,5223.4000,39910,-2,63588960.000,2,0,2,双平,S,5220.6000,5220.0000,5219.8000,5219.0000,5217.2000,5223.6000,5224.8000,5225.0000,5228.8000,5231.6000,2,2,2,1,1,1,1,1,3,5
SF,IC2009,2020-05-12 09:30:06.800,5220.8000,39909,-1,64633120.000,1,0,1,双平,S,5220.6000,5220.0000,5219.8000,5219.0000,5217.2000,5223.6000,5224.8000,5225.0000,5228.8000,5231.6000,2,1,2,1,1,1,1,1,3,5
SF,IC2009,2020-05-12 09:30:07.300,5220.6000,39908,-1,66721400.000,2,0,2,多平,S,5220.6000,5220.0000,5219.8000,5219.0000,5216.8000,5223.6000,5228.8000,5231.6000,5238.0000,5239.0000,1,1,2,1,1,1,3,5,1,10
SF,IC2009,2020-05-12 09:30:07.800,5220.6000,39908,0,66721400.000,0,-,-,-,-,5220.0000,5219.8000,5219.0000,5216.8000,5216.4000,5220.6000,5223.0000,5223.6000,5228.8000,5231.6000,1,2,1,1,4,2,1,2,3,5
SF,IC2009,2020-05-12 09:30:08.300,5220.6000,39906,-2,68809640.000,2,0,2,双平,S,5220.6000,5219.8000,5219.0000,5216.8000,5216.4000,5223.6000,5228.8000,5231.6000,5238.0000,5239.0000,2,2,1,1,4,2,3,5,1,10
SF,IC2009,2020-05-12 09:30:08.800,5220.6000,39906,0,68809640.000,0,-,-,-,-,5220.6000,5219.8000,5219.0000,5216.8000,5216.4000,5222.8000,5223.4000,5223.6000,5228.8000,5231.6000,2,1,1,1,4,1,1,2,3,5
SF,IC2009,2020-05-12 09:30:09.300,5220.6000,39906,0,68809640.000,0,-,-,-,-,5220.6000,5219.8000,5219.0000,5216.8000,5216.4000,5223.4000,5223.6000,5228.8000,5231.6000,5238.0000,1,1,1,1,4,1,2,3,5,1
SF,IC2009,2020-05-12 09:30:09.800,5220.6000,39906,0,68809640.000,0,-,-,-,-,5220.6000,5219.8000,5219.0000,5216.8000,5216.4000,5223.2000,5223.4000,5223.6000,5228.8000,5231.6000,1,1,1,1,4,1,1,1,3,5
SF,IC2009,2020-05-12 09:30:10.300,5220.6000,39903,-3,71942000.000,3,0,3,双平,S,5219.8000,5219.0000,5216.8000,5216.4000,5216.2000,5222.8000,5223.2000,5223.4000,5223.6000,5228.8000,1,1,1,4,1,1,2,1,1,3
SF,IC2009,2020-05-12 09:30:10.800,5220.6000,39902,-1,72986120.000,1,0,1,双平,S,5216.8000,5216.4000,5216.2000,5216.0000,5212.2000,5222.6000,5222.8000,5223.2000,5223.4000,5223.6000,1,4,1,1,1,2,1,1,1,1
SF,IC2009,2020-05-12 09:30:11.300,5220.6000,39902,0,72986120.000,0,-,-,-,-,5218.2000,5217.4000,5217.0000,5216.8000,5216.4000,5222.6000,5222.8000,5223.2000,5223.4000,5223.6000,2,1,2,1,4,2,1,1,1,1
SF,IC2009,2020-05-12 09:30:11.800,5220.6000,39902,0,72986120.000,0,-,-,-,-,5218.4000,5218.2000,5217.4000,5217.0000,5216.8000,5222.6000,5222.8000,5223.2000,5223.4000,5223.6000,1,3,1,1,1,2,1,1,1,1
SF,IC2009,2020-05-12 09:30:12.300,5220.6000,39902,0,72986120.000,0,-,-,-,-,5219.2000,5218.4000,5218.2000,5217.4000,5217.0000,5220.6000,5222.6000,5222.8000,5223.2000,5223.4000,1,1,3,1,1,1,2,1,1,1
SF,IC2009,2020-05-12 09:30:12.800,5220.6000,39902,0,72986120.000,0,-,-,-,-,5219.2000,5218.4000,5218.2000,5217.4000,5217.0000,5220.6000,5222.6000,5222.8000,5223.2000,5223.4000,1,1,3,1,1,1,2,1,1,1
SF,IC2009,2020-05-12 09:30:13.800,5220.6000,39902,0,74030240.000,1,0,1,多换,S,5219.2000,5218.4000,5218.2000,5217.4000,5217.0000,5222.6000,5222.8000,5223.2000,5223.4000,5223.6000,1,1,3,1,1,2,1,1,1,1
SF,IC2009,2020-05-12 09:30:14.800,5220.6000,39902,0,74030240.000,0,-,-,-,-,5220.6000,5219.2000,5218.4000,5218.2000,5217.4000,5222.6000,5222.8000,5223.2000,5223.4000,5223.6000,1,1,1,3,1,2,1,1,1,1
SF,IC2009,2020-05-12 09:30:15.300,5220.6000,39901,-1,75074360.000,1,0,1,双平,S,5219.2000,5218.4000,5218.2000,5217.4000,5217.0000,5220.6000,5222.6000,5222.8000,5223.2000,5223.4000,1,1,3,1,1,1,1,1,1,1
SF,IC2009,2020-05-12 09:30:15.800,5220.6000,39900,-1,76118480.000,1,0,1,双平,S,5218.4000,5218.2000,5217.4000,5217.0000,5216.8000,5219.2000,5222.6000,5222.8000,5223.2000,5223.4000,1,3,1,1,1,2,1,1,1,1
SF,IC2009,2020-05-12 09:30:16.300,5219.8000,39898,-2,78206400.000,2,0,2,双平,S,5219.8000,5219.2000,5218.4000,5218.2000,5217.4000,5222.6000,5222.8000,5223.2000,5223.4000,5223.6000,1,2,1,3,1,1,1,1,1,1
SF,IC2009,2020-05-12 09:30:16.800,5219.8000,39897,-1,79250360.000,1,0,1,双平,S,5219.2000,5218.4000,5218.2000,5217.4000,5217.0000,5222.4000,5222.6000,5222.8000,5223.2000,5223.4000,3,1,3,1,1,1,1,1,1,1
SF,IC2009,2020-05-12 09:30:17.300,5219.8000,39897,0,79250360.000,0,-,-,-,-,5219.2000,5218.4000,5218.2000,5217.4000,5217.0000,5222.0000,5222.2000,5222.4000,5222.8000,5223.2000,1,1,1,1,1,1,1,1,1,1
SF,IC2009,2020-05-12 09:30:17.800,5219.8000,39897,0,79250360.000,0,-,-,-,-,5219.2000,5218.4000,5216.8000,5216.4000,5216.2000,5221.8000,5222.2000,5222.8000,5223.2000,5223.4000,1,1,1,4,1,2,1,1,1,1
SF,IC2009,2020-05-12 09:30:18.300,5219.2000,39897,0,80294200.000,1,0,1,多换,S,5218.4000,5216.8000,5216.4000,5216.2000,5216.0000,5219.2000,5221.4000,5221.8000,5222.2000,5222.8000,1,1,4,1,1,1,1,2,1,1
SF,IC2009,2020-05-12 09:30:18.800,5219.2000,39897,0,80294200.000,0,-,-,-,-,5216.8000,5216.4000,5216.2000,5216.0000,5212.2000,5219.2000,5220.4000,5221.8000,5222.8000,5223.2000,1,4,1,1,1,1,1,2,1,1
SF,IC2009,2020-05-12 09:30:19.300,5219.2000,39897,0,80294200.000,0,-,-,-,-,5217.0000,5216.8000,5216.4000,5216.2000,5216.0000,5219.2000,5220.4000,5221.8000,5222.8000,5223.2000,1,1,4,1,1,1,1,2,1,1
SF,IC2009,2020-05-12 09:30:19.800,5219.2000,39897,0,80294200.000,0,-,-,-,-,5217.0000,5216.8000,5216.4000,5216.2000,5216.0000,5219.2000,5220.4000,5221.8000,5222.8000,5223.2000,1,1,3,1,1,1,1,2,1,1
SF,IC2009,2020-05-12 09:30:20.300,5219.2000,39897,0,80294200.000,0,-,-,-,-,5217.0000,5216.8000,5216.2000,5216.0000,5212.2000,5219.2000,5220.4000,5221.8000,5222.8000,5223.2000,1,1,1,1,1,1,1,2,1,1
SF,IC2009,2020-05-12 09:30:20.800,5219.2000,39897,0,80294200.000,0,-,-,-,-,5216.2000,5216.0000,5212.2000,5211.6000,5210.4000,5219.0000,5219.2000,5220.4000,5221.8000,5222.0000,1,1,1,1,14,1,1,1,2,1
SF,IC2009,2020-05-12 09:30:21.300,5219.2000,39898,1,83425720.000,3,2,1,空开,S,5219.2000,5216.4000,5216.2000,5216.0000,5212.2000,5220.4000,5221.8000,5222.0000,5222.8000,5223.2000,3,1,1,2,1,1,1,1,1,1
SF,IC2009,2020-05-12 09:30:21.800,5219.2000,39898,0,86557240.000,3,1,2,多换,S,5216.4000,5216.2000,5216.0000,5212.2000,5210.4000,5218.6000,5220.2000,5220.4000,5221.8000,5222.0000,1,1,1,1,14,1,1,1,1,1
SF,IC2009,2020-05-12 09:30:22.300,5217.8000,39895,-3,89688080.000,3,0,3,双平,S,5217.8000,5216.6000,5216.4000,5216.2000,5216.0000,5219.2000,5220.4000,5221.8000,5222.0000,5222.8000,2,1,2,1,1,1,1,1,1,2
SF,IC2009,2020-05-12 09:30:22.800,5217.8000,39895,0,89688080.000,0,-,-,-,-,5217.8000,5217.0000,5216.6000,5216.4000,5216.2000,5219.2000,5220.4000,5221.8000,5222.0000,5222.8000,2,1,1,5,1,1,1,1,1,2
SF,IC2009,2020-05-12 09:30:23.300,5219.2000,39894,-1,90731920.000,1,0,1,双平,S,5217.8000,5217.0000,5216.6000,5216.4000,5216.2000,5220.4000,5221.8000,5222.0000,5222.8000,5223.2000,2,1,1,5,1,1,1,1,2,1
SF,IC2009,2020-05-12 09:30:23.800,5219.2000,39894,0,90731920.000,0,-,-,-,-,5218.0000,5216.6000,5216.4000,5216.2000,5216.0000,5220.4000,5221.8000,5222.0000,5222.8000,5223.2000,1,1,4,1,1,1,1,1,2,1
SF,IC2009,2020-05-12 09:30:24.800,5219.2000,39894,0,90731920.000,0,-,-,-,-,5218.0000,5216.6000,5216.4000,5216.2000,5216.0000,5220.4000,5221.8000,5222.0000,5222.8000,5223.2000,2,1,4,1,1,1,1,1,2,1
SF,IC2009,2020-05-12 09:30:25.300,5219.2000,39894,0,90731920.000,0,-,-,-,-,5218.2000,5218.0000,5216.6000,5216.4000,5216.2000,5220.4000,5221.8000,5222.0000,5222.8000,5223.2000,1,2,1,4,1,1,1,1,2,1
SF,IC2009,2020-05-12 09:30:25.800,5219.2000,39894,0,90731920.000,0,-,-,-,-,5218.2000,5218.0000,5216.6000,5216.4000,5216.2000,5220.4000,5221.8000,5222.0000,5222.8000,5223.2000,1,2,1,4,1,1,1,1,2,1
SF,IC2009,2020-05-12 09:30:26.300,5219.2000,39894,0,90731920.000,0,-,-,-,-,5218.4000,5218.2000,5218.0000,5216.6000,5216.4000,5220.4000,5221.8000,5222.0000,5222.8000,5223.2000,1,1,1,1,4,1,1,1,2,1
SF,IC2009,2020-05-12 09:30:26.800,5219.2000,39894,0,90731920.000,0,-,-,-,-,5218.4000,5218.2000,5218.0000,5216.6000,5216.4000,5220.2000,5220.4000,5221.8000,5222.0000,5222.8000,1,1,1,1,4,1,1,1,1,2
SF,IC2009,2020-05-12 09:30:27.300,5219.2000,39894,0,90731920.000,0,-,-,-,-,5218.4000,5218.2000,5218.0000,5216.6000,5216.4000,5219.8000,5220.0000,5221.8000,5222.0000,5222.8000,1,1,1,1,4,1,1,1,1,2
SF,IC2009,2020-05-12 09:30:27.800,5218.4000,39893,-1,91775600.000,1,0,1,双平,S,5218.2000,5216.6000,5216.4000,5216.2000,5216.0000,5219.8000,5220.0000,5221.8000,5222.0000,5222.8000,1,1,4,1,1,1,1,1,1,2
SF,IC2009,2020-05-12 09:30:28.300,5218.4000,39893,0,91775600.000,0,-,-,-,-,5218.2000,5216.6000,5216.4000,5216.2000,5216.0000,5219.6000,5219.8000,5220.0000,5221.8000,5222.0000,1,1,4,1,1,1,1,1,1,1
SF,IC2009,2020-05-12 09:30:28.800,5218.2000,39894,1,92819240.000,1,1,0,双开,S,5216.6000,5216.4000,5216.2000,5216.0000,5210.4000,5218.4000,5219.8000,5220.0000,5221.8000,5222.0000,1,4,1,1,14,1,1,1,1,1
SF,IC2009,2020-05-12 09:30:29.300,5218.4000,39894,0,93862920.000,1,0,1,多换,S,5218.4000,5217.4000,5216.8000,5216.6000,5216.4000,5219.8000,5220.0000,5221.8000,5222.0000,5222.8000,1,1,1,1,5,1,1,1,2,2
SF,IC2009,2020-05-12 09:30:29.800,5218.4000,39894,0,93862920.000,0,-,-,-,-,5218.4000,5217.4000,5216.6000,5216.4000,5216.2000,5219.6000,5219.8000,5220.0000,5221.8000,5222.0000,1,1,1,5,1,1,1,1,1,2
SF,IC2009,2020-05-12 09:30:30.300,5218.4000,39893,-1,94906600.000,1,0,1,双平,S,5217.4000,5216.6000,5216.4000,5216.2000,5216.0000,5218.4000,5219.4000,5219.8000,5220.0000,5221.8000,1,1,4,1,1,1,1,1,1,1
SF,IC2009,2020-05-12 09:30:30.800,5218.4000,39893,0,96993960.000,2,1,1,多换,S,5216.6000,5216.4000,5216.2000,5216.0000,5210.4000,5219.8000,5220.0000,5221.8000,5222.0000,5222.8000,1,1,1,1,14,2,1,1,1,2
SF,IC2009,2020-05-12 09:30:31.300,5218.4000,39893,0,96993960.000,0,-,-,-,-,5216.8000,5216.6000,5216.4000,5216.2000,5216.0000,5218.4000,5219.8000,5220.0000,5221.8000,5222.0000,1,1,1,1,1,1,3,1,1,1
SF,IC2009,2020-05-12 09:30:31.800,5218.4000,39892,-1,98037640.000,1,0,1,双平,S,5217.0000,5216.6000,5216.4000,5216.2000,5216.0000,5218.4000,5219.4000,5219.8000,5220.0000,5221.8000,1,1,1,1,1,1,1,3,1,1
SF,IC2009,2020-05-12 09:30:32.300,5218.4000,39891,-1,99081320.000,1,0,1,双平,S,5216.6000,5216.2000,5216.0000,5210.4000,5210.0000,5218.4000,5219.4000,5219.8000,5220.0000,5221.8000,1,1,1,14,2,1,1,2,1,1
SF,IC2009,2020-05-12 09:30:32.800,5218.4000,39891,0,99081320.000,0,-,-,-,-,5216.8000,5216.4000,5216.2000,5216.0000,5210.4000,5218.2000,5218.4000,5219.8000,5220.0000,5221.8000,1,2,1,1,14,1,1,2,1,1
SF,IC2009,2020-05-12 09:30:33.300,5218.4000,39891,0,99081320.000,0,-,-,-,-,5217.0000,5216.2000,5216.0000,5210.4000,5210.0000,5218.2000,5218.4000,5219.8000,5220.0000,5221.8000,1,1,1,14,2,1,2,2,1,1
SF,IC2009,2020-05-12 09:30:33.800,5218.4000,39891,0,99081320.000,0,-,-,-,-,5217.2000,5216.2000,5210.4000,5210.0000,5208.4000,5218.4000,5219.8000,5220.0000,5221.8000,5222.0000,1,1,14,2,6,2,2,1,1,1
SF,IC2009,2020-05-12 09:30:34.300,5218.4000,39890,-1,100125000.000,1,0,1,双平,S,5216.2000,5210.4000,5210.0000,5208.4000,5206.0000,5218.4000,5219.8000,5220.0000,5221.8000,5222.0000,1,14,2,6,2,2,2,1,1,1
SF,IC2009,2020-05-12 09:30:34.800,5218.4000,39890,0,100125000.000,0,-,-,-,-,5216.2000,5210.4000,5210.0000,5208.4000,5206.0000,5218.2000,5218.4000,5219.8000,5221.8000,5222.0000,1,14,2,6,2,1,2,2,1,1
SF,IC2009,2020-05-12 09:30:35.300,5218.4000,39890,0,100125000.000,0,-,-,-,-,5216.4000,5216.2000,5210.4000,5210.0000,5208.4000,5218.2000,5218.4000,5219.8000,5221.8000,5222.0000,1,1,14,2,6,1,2,2,1,1
SF,IC2009,2020-05-12 09:30:35.800,5218.4000,39890,0,100125000.000,0,-,-,-,-,5216.6000,5210.4000,5210.0000,5208.4000,5206.0000,5218.2000,5218.4000,5219.8000,5220.4000,5221.8000,1,14,2,6,2,1,2,2,1,1
SF,IC2009,2020-05-12 09:30:36.300,5216.8000,39889,-1,101168360.000,1,0,1,双平,S,5216.8000,5216.4000,5210.4000,5210.0000,5208.4000,5218.2000,5218.4000,5219.8000,5220.4000,5221.8000,1,1,14,2,6,1,2,2,1,1
SF,IC2009,2020-05-12 09:30:36.800,5216.8000,39889,0,101168360.000,0,-,-,-,-,5217.0000,5216.4000,5210.4000,5210.0000,5208.4000,5218.2000,5218.4000,5219.8000,5220.4000,5221.8000,1,1,14,2,6,1,2,2,1,1
SF,IC2009,2020-05-12 09:30:37.300,5218.2000,39889,0,102212000.000,1,0,1,多换,S,5217.2000,5216.4000,5210.4000,5210.0000,5208.4000,5218.4000,5219.8000,5220.4000,5221.8000,5222.0000,1,1,14,2,6,1,2,1,1,1
SF,IC2009,2020-05-12 09:30:37.800,5218.2000,39889,0,102212000.000,0,-,-,-,-,5218.2000,5217.4000,5216.4000,5210.4000,5210.0000,5218.4000,5219.8000,5220.4000,5221.8000,5222.0000,4,2,1,14,2,1,2,1,1,1
SF,IC2009,2020-05-12 09:30:38.300,5218.2000,39889,0,102212000.000,0,-,-,-,-,5218.2000,5217.4000,5216.4000,5210.4000,5210.0000,5218.4000,5219.8000,5220.4000,5221.8000,5222.0000,4,1,1,14,2,1,2,1,1,1
SF,IC2009,2020-05-12 09:30:38.800,5218.4000,39889,0,103255680.000,1,0,1,多换,S,5218.2000,5217.4000,5216.4000,5210.4000,5210.0000,5219.8000,5220.4000,5221.8000,5222.0000,5222.8000,4,1,1,14,2,2,1,1,1,2
SF,IC2009,2020-05-12 09:30:39.300,5218.4000,39889,0,104299360.000,1,0,1,多换,S,5218.4000,5218.2000,5217.4000,5216.4000,5210.4000,5219.6000,5219.8000,5220.4000,5221.8000,5222.0000,1,4,1,1,14,1,2,1,1,1
SF,IC2009,2020-05-12 09:30:39.800,5218.4000,39889,0,104299360.000,0,-,-,-,-,5218.6000,5218.4000,5218.2000,5217.4000,5216.4000,5219.8000,5220.4000,5221.8000,5222.0000,5222.8000,1,1,4,1,1,2,1,1,1,2
SF,IC2009,2020-05-12 09:30:40.300,5218.2000,39883,-6,110561320.000,6,0,6,双平,S,5217.4000,5216.4000,5210.4000,5210.0000,5208.4000,5218.6000,5219.8000,5220.4000,5221.8000,5222.0000,1,1,14,2,6,4,3,1,1,1
SF,IC2009,2020-05-12 09:30:40.800,5218.6000,39881,-2,113692480.000,3,0,3,多平,S,5217.6000,5217.4000,5216.4000,5210.4000,5210.0000,5218.6000,5219.8000,5220.4000,5221.8000,5222.0000,1,1,1,14,2,2,3,1,1,1
SF,IC2009,2020-05-12 09:30:41.300,5218.6000,39879,-2,115779920.000,2,0,2,双平,S,5217.8000,5217.4000,5216.4000,5210.4000,5210.0000,5219.8000,5220.4000,5221.8000,5222.0000,5222.8000,2,2,1,14,2,3,1,1,1,2
SF,IC2009,2020-05-12 09:30:41.800,5218.6000,39879,0,115779920.000,0,-,-,-,-,5217.8000,5217.4000,5216.4000,5210.4000,5210.0000,5219.6000,5219.8000,5220.4000,5221.8000,5222.0000,1,1,1,14,2,1,3,1,1,1
SF,IC2009,2020-05-12 09:30:42.300,5218.6000,39879,0,115779920.000,0,-,-,-,-,5217.8000,5217.4000,5216.4000,5210.4000,5210.0000,5219.8000,5220.4000,5221.8000,5222.0000,5222.8000,1,1,1,14,2,3,1,1,1,2
SF,IC2009,2020-05-12 09:30:42.800,5218.0000,39879,0,116823520.000,1,0,1,多换,S,5218.0000,5217.8000,5217.4000,5216.4000,5210.4000,5219.8000,5220.4000,5221.8000,5222.0000,5222.8000,1,1,1,1,14,3,1,1,1,2
SF,IC2009,2020-05-12 09:30:43.300,5218.0000,39879,0,117867120.000,1,0,1,多换,S,5218.4000,5218.2000,5218.0000,5217.8000,5217.4000,5219.8000,5220.4000,5221.8000,5222.0000,5222.8000,1,2,1,1,1,4,1,1,1,2
SF,IC2009,2020-05-12 09:30:43.800,5218.0000,39879,0,117867120.000,0,-,-,-,-,5218.4000,5218.2000,5218.0000,5217.8000,5217.4000,5219.2000,5219.8000,5220.4000,5221.8000,5222.0000,1,1,1,1,1,1,4,1,1,1
SF,IC2009,2020-05-12 09:30:44.300,5218.4000,39878,-1,118910800.000,1,0,1,双平,S,5218.2000,5218.0000,5217.8000,5217.4000,5216.4000,5219.2000,5219.8000,5220.4000,5221.8000,5222.0000,1,1,1,1,1,1,4,1,1,1
SF,IC2009,2020-05-12 09:30:44.800,5218.2000,39877,-1,119954440.000,1,0,1,双平,S,5218.0000,5217.8000,5217.4000,5216.4000,5216.0000,5219.0000,5219.2000,5219.8000,5220.4000,5221.8000,1,1,1,1,1,1,1,4,1,1
SF,IC2009,2020-05-12 09:30:45.300,5218.0000,39876,-1,120998040.000,1,0,1,双平,S,5218.6000,5217.8000,5217.4000,5216.4000,5216.0000,5219.0000,5219.2000,5219.8000,5220.4000,5221.8000,1,1,1,1,1,1,1,4,1,1
SF,IC2009,2020-05-12 09:30:45.800,5218.6000,39876,0,122041760.000,1,0,1,多换,S,5217.4000,5216.4000,5216.0000,5210.4000,5210.0000,5218.2000,5219.0000,5219.2000,5219.8000,5220.4000,1,1,1,11,2,1,1,1,4,1
SF,IC2009,2020-05-12 09:30:46.300,5218.6000,39876,0,122041760.000,0,-,-,-,-,5217.4000,5216.4000,5216.0000,5210.4000,5210.0000,5218.2000,5218.4000,5218.6000,5219.0000,5219.2000,1,1,1,11,2,1,2,1,1,1
SF,IC2009,2020-05-12 09:30:46.800,5218.6000,39876,0,122041760.000,0,-,-,-,-,5217.6000,5217.4000,5216.4000,5216.0000,5210.4000,5218.2000,5218.4000,5218.6000,5219.0000,5219.2000,1,1,1,1,10,1,2,1,1,1
SF,IC2009,2020-05-12 09:30:47.300,5218.6000,39876,0,122041760.000,0,-,-,-,-,5217.6000,5217.4000,5216.4000,5216.0000,5210.4000,5218.2000,5218.4000,5218.6000,5219.0000,5219.2000,2,1,1,1,10,1,2,1,1,1
SF,IC2009,2020-05-12 09:30:48.300,5217.6000,39872,-4,127259360.000,5,0,5,多平,S,5216.4000,5216.0000,5210.4000,5210.0000,5208.4000,5218.2000,5218.4000,5218.6000,5219.0000,5219.2000,1,1,7,2,6,1,2,1,1,1
SF,IC2009,2020-05-12 09:30:48.800,5218.0000,39872,0,128302960.000,1,0,1,多换,S,5216.6000,5216.4000,5216.0000,5210.4000,5210.0000,5217.6000,5218.2000,5218.4000,5218.6000,5219.0000,1,2,1,7,2,1,1,2,1,1
SF,IC2009,2020-05-12 09:30:49.300,5217.8000,39873,1,129346520.000,1,1,0,双开,S,5216.8000,5216.4000,5216.0000,5210.4000,5210.0000,5217.8000,5218.0000,5218.2000,5218.4000,5218.6000,1,2,1,7,2,1,1,1,2,1
SF,IC2009,2020-05-12 09:30:49.800,5216.4000,39872,-1,131433360.000,2,0,2,多平,S,5216.4000,5216.0000,5210.4000,5210.0000,5208.4000,5218.0000,5218.2000,5218.4000,5218.6000,5219.2000,1,1,7,2,6,1,1,2,1,1
SF,IC2009,2020-05-12 09:30:50.300,5216.4000,39872,0,131433360.000,0,-,-,-,-,5216.4000,5216.0000,5210.4000,5210.0000,5208.4000,5218.0000,5218.2000,5218.4000,5218.6000,5219.2000,1,1,7,2,6,1,1,2,1,1
SF,IC2009,2020-05-12 09:30:50.800,5216.4000,39872,0,131433360.000,0,-,-,-,-,5216.4000,5216.0000,5210.4000,5210.0000,5208.4000,5218.0000,5218.2000,5218.4000,5218.6000,5219.2000,1,1,7,2,6,1,1,2,1,1
SF,IC2009,2020-05-12 09:30:51.300,5216.8000,39872,0,132476720.000,1,0,1,多换,S,5216.8000,5216.6000,5216.0000,5210.4000,5210.0000,5218.0000,5218.2000,5218.4000,5218.6000,5219.2000,1,1,1,7,2,1,1,2,1,1
SF,IC2009,2020-05-12 09:30:51.800,5216.8000,39871,-1,133520080.000,1,0,1,双平,S,5216.0000,5210.4000,5210.0000,5208.4000,5206.0000,5218.0000,5218.2000,5218.4000,5218.6000,5219.2000,1,7,2,6,2,1,1,2,1,1
SF,IC2009,2020-05-12 09:30:52.300,5216.8000,39871,0,133520080.000,0,-,-,-,-,5216.2000,5216.0000,5210.4000,5210.0000,5208.4000,5218.0000,5218.2000,5218.4000,5218.6000,5219.2000,1,2,7,2,6,1,1,2,1,1
SF,IC2009,2020-05-12 09:30:52.800,5216.8000,39871,0,133520080.000,0,-,-,-,-,5216.4000,5216.0000,5210.4000,5210.0000,5208.4000,5218.0000,5218.2000,5218.4000,5218.6000,5219.2000,1,2,7,2,6,1,1,2,1,1
SF,IC2009,2020-05-12 09:30:53.300,5216.0000,39872,1,134563280.000,1,1,0,双开,S,5216.0000,5210.4000,5210.0000,5208.4000,5206.0000,5218.0000,5218.2000,5218.4000,5218.6000,5219.2000,1,7,2,6,2,1,1,2,1,1
SF,IC2009,2020-05-12 09:30:53.800,5216.0000,39872,0,134563280.000,0,-,-,-,-,5216.2000,5216.0000,5210.4000,5210.0000,5208.4000,5218.0000,5218.2000,5218.4000,5218.6000,5219.2000,1,1,7,2,6,1,1,2,1,1
SF,IC2009,2020-05-12 09:30:54.300,5216.0000,39872,0,134563280.000,0,-,-,-,-,5216.0000,5210.4000,5210.0000,5208.4000,5206.0000,5217.2000,5218.0000,5218.2000,5218.4000,5218.6000,1,7,2,6,2,1,1,1,2,1
SF,IC2009,2020-05-12 09:30:54.800,5217.2000,39871,-1,135606720.000,1,0,1,双平,S,5216.0000,5210.4000,5210.0000,5208.4000,5206.0000,5216.2000,5218.0000,5218.2000,5218.4000,5218.6000,1,7,2,6,2,1,1,1,2,1
SF,IC2009,2020-05-12 09:30:55.300,5216.2000,39870,-1,137693200.000,2,0,2,多平,S,5216.2000,5216.0000,5210.4000,5210.0000,5208.4000,5218.0000,5218.2000,5218.4000,5219.8000,5221.8000,2,1,7,2,6,1,1,2,4,1
SF,IC2009,2020-05-12 09:30:55.800,5217.8000,39870,0,138736760.000,1,0,1,多换,S,5216.4000,5216.2000,5216.0000,5210.4000,5210.0000,5218.0000,5218.2000,5218.4000,5219.8000,5221.8000,1,1,1,7,2,1,1,2,4,1
SF,IC2009,2020-05-12 09:30:56.300,5216.2000,39870,0,139780000.000,1,0,1,多换,S,5212.8000,5210.4000,5210.0000,5208.4000,5206.0000,5218.0000,5218.2000,5218.4000,5219.8000,5221.8000,1,7,2,6,2,1,1,2,4,1
SF,IC2009,2020-05-12 09:30:56.800,5216.2000,39870,0,139780000.000,0,-,-,-,-,5214.2000,5214.0000,5213.6000,5213.0000,5212.8000,5216.2000,5217.6000,5217.8000,5218.0000,5218.2000,3,1,1,2,3,1,1,2,1,1
SF,IC2009,2020-05-12 09:30:57.300,5216.2000,39870,0,140823240.000,1,0,1,多换,S,5216.2000,5214.4000,5214.2000,5214.0000,5213.6000,5217.6000,5217.8000,5218.0000,5218.2000,5218.4000,3,2,4,1,1,1,2,1,1,2
SF,IC2009,2020-05-12 09:30:57.800,5216.2000,39869,-1,141866480.000,1,0,1,双平,S,5217.0000,5216.2000,5214.4000,5214.2000,5214.0000,5218.0000,5218.2000,5218.4000,5219.8000,5222.0000,1,2,1,1,1,1,1,2,4,1
SF,IC2009,2020-05-12 09:30:58.300,5216.2000,39869,0,141866480.000,0,-,-,-,-,5217.0000,5216.2000,5214.4000,5214.2000,5214.0000,5217.4000,5218.0000,5218.2000,5218.4000,5219.8000,1,1,1,1,1,1,1,1,2,4
SF,IC2009,2020-05-12 09:30:58.800,5216.2000,39869,0,141866480.000,0,-,-,-,-,5217.0000,5216.2000,5214.4000,5214.2000,5214.0000,5218.0000,5218.2000,5218.4000,5219.8000,5222.0000,1,1,1,1,1,1,1,2,4,1
SF,IC2009,2020-05-12 09:30:59.300,5216.2000,39869,0,141866480.000,0,-,-,-,-,5217.0000,5216.2000,5214.4000,5214.2000,5214.0000,5217.8000,5218.0000,5218.4000,5219.8000,5222.0000,1,1,1,1,1,1,1,2,4,1
SF,IC2009,2020-05-12 09:30:59.800,5216.6000,39869,0,142909800.000,1,0,1,多换,S,5216.2000,5214.4000,5214.2000,5214.0000,5213.6000,5217.8000,5218.0000,5218.4000,5219.8000,5222.0000,1,1,1,1,1,1,1,2,4,1
SF,IC2009,2020-05-12 09:31:00.300,5216.6000,39869,0,142909800.000,0,-,-,-,-,5216.2000,5214.4000,5214.2000,5214.0000,5213.6000,5217.0000,5217.6000,5217.8000,5218.0000,5218.4000,1,1,1,1,1,1,1,1,1,2
SF,IC2009,2020-05-12 09:31:00.800,5217.0000,39868,-1,144996440.000,2,0,2,多平,S,5217.0000,5214.4000,5214.2000,5214.0000,5213.6000,5217.8000,5218.0000,5218.4000,5219.8000,5222.0000,1,1,1,1,1,1,1,2,3,1
SF,IC2009,2020-05-12 09:31:01.300,5217.0000,39867,-1,146039840.000,1,0,1,双平,S,5214.8000,5214.4000,5214.2000,5214.0000,5213.6000,5217.6000,5217.8000,5218.0000,5218.4000,5219.8000,1,1,1,1,1,1,2,1,2,3
SF,IC2009,2020-05-12 09:31:01.800,5217.0000,39867,0,146039840.000,0,-,-,-,-,5215.6000,5215.0000,5214.8000,5214.2000,5214.0000,5217.8000,5218.0000,5218.4000,5219.8000,5222.0000,2,2,2,1,1,1,1,2,3,1
SF,IC2009,2020-05-12 09:31:02.300,5217.0000,39867,0,146039840.000,0,-,-,-,-,5215.8000,5215.6000,5214.8000,5214.2000,5214.0000,5217.8000,5218.0000,5218.4000,5219.8000,5222.0000,2,2,2,1,1,1,1,2,3,1
SF,IC2009,2020-05-12 09:31:02.800,5214.8000,39860,-7,154383880.000,8,0,8,多平,S,5214.0000,5213.6000,5212.8000,5210.4000,5210.0000,5214.8000,5217.6000,5217.8000,5218.0000,5218.4000,1,1,1,7,2,6,2,1,1,2
SF,IC2009,2020-05-12 09:31:03.300,5214.8000,39855,-5,163770520.000,9,2,7,多平,S,5214.8000,5214.0000,5213.6000,5212.8000,5210.4000,5217.6000,5217.8000,5218.0000,5219.8000,5222.0000,1,1,1,1,7,1,1,1,3,1
SF,IC2009,2020-05-12 09:31:03.800,5214.8000,39854,-1,164813480.000,1,0,1,双平,S,5213.6000,5212.8000,5210.4000,5210.0000,5208.4000,5217.6000,5217.8000,5218.0000,5219.8000,5222.0000,1,1,7,2,6,1,1,1,3,1
SF,IC2009,2020-05-12 09:31:04.300,5214.8000,39854,0,164813480.000,0,-,-,-,-,5214.0000,5213.8000,5213.6000,5212.8000,5210.4000,5217.6000,5217.8000,5218.0000,5219.8000,5222.0000,1,2,2,1,7,1,1,1,3,1
SF,IC2009,2020-05-12 09:31:04.800,5214.8000,39854,0,165856440.000,1,0,1,多换,S,5214.2000,5213.6000,5212.8000,5210.4000,5210.0000,5217.8000,5218.0000,5219.8000,5222.0000,5222.8000,2,2,1,7,2,1,1,3,1,2
SF,IC2009,2020-05-12 09:31:05.300,5214.8000,39854,0,165856440.000,0,-,-,-,-,5215.6000,5214.2000,5213.6000,5212.8000,5210.4000,5217.6000,5217.8000,5218.0000,5219.6000,5219.8000,1,2,2,1,7,1,1,1,1,3
SF,IC2009,2020-05-12 09:31:05.800,5214.2000,39854,0,166899280.000,1,0,1,多换,S,5214.2000,5213.6000,5212.8000,5210.4000,5210.0000,5217.4000,5217.6000,5217.8000,5218.0000,5219.6000,1,2,1,7,2,1,1,1,1,1
SF,IC2009,2020-05-12 09:31:06.300,5214.2000,39854,0,166899280.000,0,-,-,-,-,5214.2000,5213.6000,5212.8000,5210.4000,5210.0000,5217.2000,5217.8000,5218.0000,5219.6000,5219.8000,1,2,1,7,2,1,1,1,1,3
SF,IC2009,2020-05-12 09:31:06.800,5214.2000,39854,0,166899280.000,0,-,-,-,-,5214.2000,5213.6000,5212.8000,5210.4000,5210.0000,5217.2000,5217.8000,5218.0000,5219.6000,5219.8000,1,1,1,7,2,1,1,1,1,3
SF,IC2009,2020-05-12 09:31:07.300,5217.2000,39853,-1,167942720.000,1,0,1,双平,S,5214.4000,5214.2000,5213.6000,5212.8000,5210.4000,5217.8000,5218.0000,5219.6000,5219.8000,5222.0000,3,1,1,1,7,1,1,1,3,1
SF,IC2009,2020-05-12 09:31:07.800,5217.2000,39853,0,167942720.000,0,-,-,-,-,5214.6000,5214.4000,5213.6000,5212.8000,5210.4000,5217.6000,5217.8000,5218.0000,5219.6000,5219.8000,2,3,1,1,7,1,2,1,1,3
SF,IC2009,2020-05-12 09:31:08.300,5215.6000,39854,1,168985840.000,1,1,0,双开,S,5215.0000,5214.6000,5214.4000,5213.6000,5212.8000,5217.8000,5218.0000,5219.6000,5219.8000,5222.0000,1,2,3,1,1,2,1,1,3,1
SF,IC2009,2020-05-12 09:31:08.800,5215.6000,39854,0,168985840.000,0,-,-,-,-,5215.2000,5215.0000,5213.6000,5212.8000,5210.4000,5217.6000,5217.8000,5218.0000,5219.6000,5219.8000,2,1,1,1,7,1,2,1,1,3
SF,IC2009,2020-05-12 09:31:09.300,5217.6000,39852,-2,171072480.000,2,0,2,双平,S,5215.2000,5215.0000,5213.8000,5213.6000,5210.4000,5217.8000,5218.0000,5219.6000,5219.8000,5222.0000,2,1,1,1,7,2,1,1,3,1
SF,IC2009,2020-05-12 09:31:09.800,5217.6000,39852,0,171072480.000,0,-,-,-,-,5215.2000,5215.0000,5213.8000,5213.6000,5210.4000,5217.6000,5217.8000,5218.0000,5219.6000,5219.8000,2,1,1,1,7,1,2,1,1,3
SF,IC2009,2020-05-12 09:31:10.300,5217.6000,39852,0,172116000.000,1,0,1,多换,S,5216.4000,5215.2000,5215.0000,5213.8000,5213.6000,5217.6000,5217.8000,5218.0000,5219.6000,5219.8000,1,2,1,1,1,1,2,1,1,2
SF,IC2009,2020-05-12 09:31:10.800,5217.6000,39852,0,172116000.000,0,-,-,-,-,5216.4000,5215.2000,5215.0000,5213.8000,5213.6000,5217.4000,5217.6000,5217.8000,5218.0000,5219.6000,1,2,1,1,1,1,1,2,1,1
SF,IC2009,2020-05-12 09:31:11.800,5217.6000,39852,0,172116000.000,0,-,-,-,-,5216.4000,5215.2000,5215.0000,5213.8000,5213.6000,5217.4000,5217.6000,5217.8000,5218.0000,5219.6000,1,2,1,1,1,1,2,2,1,1
SF,IC2009,2020-05-12 09:31:12.300,5217.6000,39852,0,172116000.000,0,-,-,-,-,5216.4000,5215.2000,5215.0000,5213.8000,5213.6000,5217.4000,5217.6000,5217.8000,5218.0000,5219.6000,1,2,1,1,1,1,2,2,1,1
SF,IC2009,2020-05-12 09:31:12.800,5217.6000,39852,0,172116000.000,0,-,-,-,-,5216.4000,5215.2000,5215.0000,5213.8000,5213.6000,5217.4000,5217.6000,5217.8000,5218.0000,5219.6000,1,2,1,1,1,1,2,2,1,1
SF,IC2009,2020-05-12 09:31:13.300,5217.4000,39851,-1,173159480.000,1,0,1,双平,S,5216.6000,5216.4000,5215.2000,5215.0000,5213.8000,5217.6000,5217.8000,5218.0000,5219.6000,5219.8000,1,1,2,1,1,2,2,1,1,2
SF,IC2009,2020-05-12 09:31:13.800,5216.6000,39851,0,174202800.000,1,0,1,多换,S,5217.4000,5216.4000,5215.2000,5215.0000,5213.8000,5217.6000,5217.8000,5218.0000,5219.6000,5219.8000,1,1,2,1,1,2,2,1,1,2
SF,IC2009,2020-05-12 09:31:14.300,5217.4000,39850,-1,175246280.000,1,0,1,双平,S,5216.4000,5215.2000,5215.0000,5213.8000,5213.6000,5217.4000,5217.6000,5217.8000,5218.0000,5219.6000,3,2,1,1,1,1,2,2,1,1
SF,IC2009,2020-05-12 09:31:14.800,5217.4000,39850,0,175246280.000,0,-,-,-,-,5216.4000,5215.2000,5215.0000,5213.8000,5213.6000,5217.4000,5217.6000,5217.8000,5218.0000,5219.6000,2,2,1,1,1,2,2,2,1,1
SF,IC2009,2020-05-12 09:31:15.300,5217.4000,39849,-1,176289760.000,1,0,1,双平,S,5216.4000,5215.2000,5215.0000,5213.8000,5213.6000,5217.0000,5217.4000,5217.6000,5217.8000,5218.0000,1,2,1,1,1,1,1,2,2,1
SF,IC2009,2020-05-12 09:31:15.800,5217.0000,39848,-1,177333160.000,1,0,1,双平,S,5216.8000,5216.4000,5215.2000,5215.0000,5213.8000,5217.4000,5217.6000,5217.8000,5218.0000,5219.6000,1,1,1,1,1,1,2,2,1,1
SF,IC2009,2020-05-12 09:31:16.300,5216.8000,39847,-1,178376520.000,1,0,1,双平,S,5215.2000,5215.0000,5213.8000,5213.6000,5210.4000,5216.4000,5216.8000,5217.4000,5217.6000,5217.8000,1,1,1,1,8,1,1,2,2,2
SF,IC2009,2020-05-12 09:31:16.800,5216.8000,39847,0,180463160.000,2,1,1,多换,S,5216.4000,5215.6000,5215.4000,5215.2000,5215.0000,5217.4000,5217.6000,5217.8000,5218.0000,5219.6000,2,1,2,1,1,2,2,2,1,1
SF,IC2009,2020-05-12 09:31:17.300,5216.8000,39847,0,180463160.000,0,-,-,-,-,5216.6000,5216.4000,5215.6000,5215.2000,5215.0000,5216.8000,5217.4000,5217.6000,5217.8000,5218.0000,1,2,1,1,1,6,2,2,2,1
SF,IC2009,2020-05-12 09:31:17.800,5216.8000,39840,-7,189853520.000,9,1,8,多平,S,5216.8000,5216.4000,5215.6000,5215.2000,5215.0000,5217.4000,5217.6000,5217.8000,5218.0000,5219.6000,6,4,1,1,1,1,2,2,1,1
SF,IC2009,2020-05-12 09:31:18.300,5217.6000,39839,-1,192984040.000,3,1,2,多平,S,5217.6000,5217.4000,5216.8000,5216.4000,5215.6000,5217.8000,5218.0000,5219.6000,5219.8000,5222.0000,1,1,6,5,1,2,1,1,2,1
SF,IC2009,2020-05-12 09:31:18.800,5218.0000,39836,-3,196114760.000,3,0,3,双平,S,5218.0000,5217.8000,5217.4000,5216.8000,5216.4000,5219.6000,5219.8000,5222.0000,5222.8000,5223.4000,2,1,1,3,5,1,2,1,2,1
SF,IC2009,2020-05-12 09:31:19.300,5218.0000,39835,-1,197158360.000,1,0,1,双平,S,5217.8000,5217.4000,5216.8000,5216.4000,5215.6000,5218.0000,5219.4000,5219.6000,5219.8000,5222.0000,1,1,1,5,1,1,2,1,2,1
SF,IC2009,2020-05-12 09:31:19.800,5218.0000,39834,-1,198201960.000,1,0,1,双平,S,5217.8000,5217.4000,5216.8000,5216.4000,5215.6000,5219.4000,5219.6000,5219.8000,5222.0000,5222.8000,1,1,1,4,1,1,1,2,1,2
SF,IC2009,2020-05-12 09:31:20.300,5218.0000,39834,0,198201960.000,0,-,-,-,-,5217.4000,5216.8000,5216.4000,5215.6000,5215.2000,5217.8000,5219.0000,5219.2000,5219.4000,5219.6000,1,1,4,1,1,1,1,1,1,1
SF,IC2009,2020-05-12 09:31:20.800,5217.8000,39833,-1,199245520.000,1,0,1,双平,S,5218.0000,5217.4000,5216.8000,5216.4000,5215.6000,5219.0000,5219.4000,5219.6000,5219.8000,5222.0000,1,1,1,3,1,1,1,1,2,1
SF,IC2009,2020-05-12 09:31:21.300,5217.8000,39833,0,199245520.000,0,-,-,-,-,5218.0000,5217.6000,5217.4000,5216.8000,5216.4000,5219.0000,5219.4000,5219.6000,5219.8000,5222.0000,1,1,1,1,3,1,1,1,2,1
SF,IC2009,2020-05-12 09:31:22.300,5218.0000,39832,-1,200289120.000,1,0,1,双平,S,5217.6000,5217.4000,5216.8000,5216.4000,5215.6000,5219.0000,5219.4000,5219.6000,5219.8000,5222.0000,1,1,1,3,1,1,1,1,2,1
SF,IC2009,2020-05-12 09:31:22.800,5217.6000,39832,0,201332640.000,1,0,1,多换,S,5216.8000,5216.4000,5215.6000,5215.2000,5215.0000,5218.8000,5219.0000,5219.6000,5219.8000,5222.0000,1,4,1,1,1,1,1,1,2,1
SF,IC2009,2020-05-12 09:31:23.300,5217.6000,39832,0,201332640.000,0,-,-,-,-,5217.0000,5216.8000,5216.4000,5215.6000,5215.2000,5217.4000,5218.8000,5219.0000,5219.6000,5219.8000,2,1,4,1,1,1,1,1,1,2
SF,IC2009,2020-05-12 09:31:23.800,5216.8000,39828,-4,205506360.000,4,0,4,双平,S,5216.4000,5215.6000,5215.2000,5215.0000,5213.8000,5217.4000,5218.8000,5219.0000,5219.6000,5219.8000,4,1,1,1,1,1,1,1,1,2
SF,IC2009,2020-05-12 09:31:24.300,5217.2000,39827,-1,207593240.000,2,0,2,多平,S,5216.4000,5215.6000,5215.2000,5215.0000,5213.8000,5217.2000,5217.4000,5219.0000,5219.6000,5219.8000,1,1,1,1,1,1,1,1,1,2
SF,IC2009,2020-05-12 09:31:24.800,5216.4000,39825,-2,209679800.000,2,0,2,双平,S,5215.6000,5215.2000,5215.0000,5213.8000,5213.6000,5216.4000,5217.2000,5217.4000,5218.6000,5219.0000,1,1,1,1,1,1,1,1,1,1
SF,IC2009,2020-05-12 09:31:25.300,5216.4000,39824,-1,210723080.000,1,0,1,双平,S,5215.2000,5215.0000,5213.8000,5213.6000,5210.4000,5217.4000,5218.6000,5219.0000,5219.4000,5219.6000,1,1,1,1,8,1,1,1,1,1
SF,IC2009,2020-05-12 09:31:25.800,5217.2000,39824,0,211766520.000,1,0,1,多换,S,5215.4000,5215.2000,5215.0000,5213.6000,5210.4000,5217.4000,5218.6000,5219.0000,5219.4000,5219.6000,1,1,1,1,8,1,1,1,1,1
SF,IC2009,2020-05-12 09:31:26.300,5217.2000,39824,0,211766520.000,0,-,-,-,-,5215.4000,5215.2000,5215.0000,5213.6000,5210.4000,5217.2000,5217.4000,5218.6000,5219.0000,5219.4000,1,1,1,1,8,2,1,1,1,1
SF,IC2009,2020-05-12 09:31:26.800,5217.2000,39824,0,211766520.000,0,-,-,-,-,5215.2000,5215.0000,5213.6000,5210.4000,5210.0000,5217.2000,5217.4000,5218.6000,5219.0000,5219.4000,1,1,1,8,2,1,1,1,1,1
SF,IC2009,2020-05-12 09:31:27.300,5215.2000,39823,-1,212809560.000,1,0,1,双平,S,5215.0000,5213.6000,5210.4000,5210.0000,5209.0000,5217.0000,5217.2000,5217.4000,5218.6000,5219.0000,1,1,8,2,1,1,1,1,1,1
SF,IC2009,2020-05-12 09:31:27.800,5215.0000,39823,0,213852560.000,1,0,1,多换,S,5213.6000,5210.4000,5210.0000,5209.0000,5208.4000,5216.8000,5217.4000,5218.6000,5219.0000,5219.4000,1,8,2,1,6,2,1,1,1,1
SF,IC2009,2020-05-12 09:31:28.300,5215.0000,39823,0,213852560.000,0,-,-,-,-,5213.8000,5213.6000,5210.4000,5210.0000,5209.0000,5216.8000,5217.4000,5218.6000,5219.0000,5219.4000,1,1,8,2,1,1,1,1,1,1
SF,IC2009,2020-05-12 09:31:29.300,5216.8000,39822,-1,214895920.000,1,0,1,双平,S,5213.8000,5213.6000,5210.4000,5210.0000,5209.0000,5217.4000,5218.6000,5219.0000,5219.4000,5219.6000,1,1,8,2,1,1,1,1,1,1
SF,IC2009,2020-05-12 09:31:29.800,5216.8000,39822,0,214895920.000,0,-,-,-,-,5213.8000,5213.6000,5210.4000,5210.0000,5209.0000,5217.2000,5217.4000,5218.6000,5219.0000,5219.4000,1,1,8,2,1,1,1,1,1,1
SF,IC2009,2020-05-12 09:31:30.300,5216.8000,39822,0,214895920.000,0,-,-,-,-,5214.0000,5213.8000,5213.6000,5210.4000,5210.0000,5217.2000,5217.4000,5218.6000,5219.0000,5219.4000,1,1,1,8,2,1,1,1,1,1
SF,IC2009,2020-05-12 09:31:30.800,5216.8000,39822,0,214895920.000,0,-,-,-,-,5214.4000,5214.2000,5214.0000,5213.6000,5210.4000,5217.4000,5218.6000,5219.0000,5219.4000,5219.6000,1,1,1,1,8,1,1,1,1,1
SF,IC2009,2020-05-12 09:31:31.300,5216.8000,39822,0,214895920.000,0,-,-,-,-,5214.6000,5214.4000,5213.6000,5210.4000,5210.0000,5218.6000,5219.0000,5219.4000,5219.6000,5219.8000,2,1,1,8,2,1,1,1,1,2
SF,IC2009,2020-05-12 09:31:31.800,5216.8000,39822,0,214895920.000,0,-,-,-,-,5215.0000,5214.6000,5214.4000,5213.6000,5210.4000,5218.4000,5218.6000,5219.0000,5219.4000,5219.6000,1,2,1,1,8,1,1,1,1,1
SF,IC2009,2020-05-12 09:31:32.300,5216.8000,39822,0,214895920.000,0,-,-,-,-,5215.2000,5215.0000,5214.4000,5213.6000,5210.4000,5218.2000,5218.4000,5218.6000,5219.0000,5219.4000,2,1,1,1,8,2,3,1,1,1
SF,IC2009,2020-05-12 09:31:32.800,5216.8000,39822,0,214895920.000,0,-,-,-,-,5215.2000,5214.4000,5213.6000,5210.4000,5210.0000,5218.0000,5218.4000,5218.6000,5219.0000,5219.4000,2,1,1,8,2,1,1,1,1,1
SF,IC2009,2020-05-12 09:31:33.300,5216.8000,39822,0,214895920.000,0,-,-,-,-,5215.2000,5214.4000,5213.6000,5210.4000,5210.0000,5218.0000,5218.6000,5219.0000,5219.4000,5219.6000,2,1,1,8,2,2,1,1,1,1
SF,IC2009,2020-05-12 09:31:33.800,5216.8000,39822,0,214895920.000,0,-,-,-,-,5215.2000,5214.4000,5213.6000,5210.4000,5210.0000,5218.0000,5218.2000,5218.6000,5219.0000,5219.4000,2,1,1,8,2,2,1,1,1,1
SF,IC2009,2020-05-12 09:31:34.300,5216.8000,39822,0,214895920.000,0,-,-,-,-,5215.2000,5214.4000,5213.6000,5210.4000,5210.0000,5218.0000,5218.6000,5219.0000,5219.4000,5219.6000,2,1,1,8,2,1,1,1,1,1
SF,IC2009,2020-05-12 09:31:34.800,5216.8000,39822,0,214895920.000,0,-,-,-,-,5215.6000,5215.2000,5214.4000,5213.6000,5210.4000,5218.6000,5219.0000,5219.4000,5219.6000,5219.8000,1,2,1,1,8,1,1,1,1,2
SF,IC2009,2020-05-12 09:31:35.300,5216.8000,39822,0,214895920.000,0,-,-,-,-,5215.8000,5215.6000,5214.4000,5213.6000,5210.4000,5218.4000,5218.6000,5219.0000,5219.4000,5219.6000,2,1,1,1,8,1,1,1,1,1
SF,IC2009,2020-05-12 09:31:35.800,5216.8000,39822,0,214895920.000,0,-,-,-,-,5215.8000,5215.6000,5214.4000,5213.6000,5210.4000,5218.4000,5218.6000,5219.0000,5219.4000,5219.6000,2,1,1,1,8,1,1,1,1,1
SF,IC2009,2020-05-12 09:31:36.300,5216.8000,39822,0,214895920.000,0,-,-,-,-,5215.8000,5214.4000,5213.6000,5210.4000,5210.0000,5218.4000,5218.6000,5219.0000,5219.4000,5219.6000,1,1,1,8,2,1,1,1,1,1
SF,IC2009,2020-05-12 09:31:36.800,5218.4000,39822,0,215939600.000,1,0,1,多换,S,5216.0000,5215.8000,5214.4000,5213.6000,5210.4000,5218.6000,5219.0000,5219.4000,5219.6000,5219.8000,1,1,1,1,8,1,1,1,1,2
SF,IC2009,2020-05-12 09:31:37.300,5218.4000,39821,-1,216983280.000,1,0,1,双平,S,5216.2000,5216.0000,5214.4000,5213.6000,5210.4000,5219.0000,5219.4000,5219.6000,5219.8000,5222.0000,1,1,1,1,8,1,1,1,2,1
SF,IC2009,2020-05-12 09:31:37.800,5218.4000,39821,0,216983280.000,0,-,-,-,-,5216.4000,5216.2000,5214.4000,5213.6000,5210.4000,5218.8000,5219.0000,5219.2000,5219.4000,5219.6000,1,1,1,1,8,1,1,1,1,1
SF,IC2009,2020-05-12 09:31:38.300,5218.4000,39821,0,216983280.000,0,-,-,-,-,5216.4000,5216.2000,5214.4000,5213.6000,5210.4000,5219.0000,5219.4000,5219.6000,5219.8000,5222.0000,1,1,1,1,8,1,1,1,2,1
SF,IC2009,2020-05-12 09:31:38.800,5218.4000,39821,0,216983280.000,0,-,-,-,-,5216.6000,5216.4000,5214.4000,5213.6000,5210.4000,5218.8000,5219.0000,5219.4000,5219.6000,5219.8000,1,1,1,1,8,1,1,1,1,2
SF,IC2009,2020-05-12 09:31:39.300,5218.4000,39821,0,216983280.000,0,-,-,-,-,5216.8000,5216.6000,5215.6000,5214.4000,5213.6000,5218.8000,5219.0000,5219.2000,5219.4000,5219.6000,1,1,1,1,1,1,2,1,1,1
SF,IC2009,2020-05-12 09:31:39.800,5218.4000,39821,0,216983280.000,0,-,-,-,-,5217.0000,5216.8000,5216.6000,5216.4000,5215.6000,5218.8000,5219.0000,5219.4000,5219.6000,5219.8000,2,1,1,3,1,1,1,1,1,2
SF,IC2009,2020-05-12 09:31:40.300,5217.2000,39820,-1,218026720.000,1,0,1,双平,S,5217.2000,5217.0000,5216.6000,5215.6000,5214.4000,5218.8000,5219.0000,5219.4000,5219.6000,5219.8000,1,1,1,1,1,1,1,1,1,2
SF,IC2009,2020-05-12 09:31:40.800,5217.2000,39820,0,218026720.000,0,-,-,-,-,5216.6000,5215.6000,5214.4000,5213.6000,5210.4000,5218.8000,5219.0000,5219.4000,5219.6000,5219.8000,1,1,1,1,8,1,1,1,1,2
SF,IC2009,2020-05-12 09:31:41.300,5217.2000,39820,0,218026720.000,0,-,-,-,-,5216.8000,5216.6000,5215.6000,5214.4000,5213.6000,5218.8000,5219.0000,5219.4000,5219.6000,5219.8000,1,1,1,1,1,1,1,1,1,2
SF,IC2009,2020-05-12 09:31:41.800,5218.6000,39820,0,219070440.000,1,0,1,多换,S,5217.0000,5216.8000,5216.6000,5215.6000,5214.4000,5218.8000,5219.0000,5219.4000,5219.6000,5219.8000,1,1,1,1,1,1,1,1,1,2
SF,IC2009,2020-05-12 09:31:42.300,5218.6000,39820,0,219070440.000,0,-,-,-,-,5217.2000,5216.8000,5216.6000,5215.6000,5214.4000,5218.8000,5219.0000,5219.4000,5219.6000,5219.8000,3,1,1,1,1,1,1,1,1,2
SF,IC2009,2020-05-12 09:31:42.800,5218.6000,39820,0,219070440.000,0,-,-,-,-,5217.4000,5217.2000,5216.8000,5216.6000,5215.6000,5218.8000,5219.0000,5219.4000,5219.6000,5219.8000,1,2,1,1,1,1,1,1,1,2
SF,IC2009,2020-05-12 09:31:43.300,5218.8000,39820,0,220114200.000,1,0,1,多换,S,5217.6000,5217.2000,5216.8000,5216.6000,5215.6000,5219.0000,5219.4000,5219.6000,5219.8000,5222.0000,1,2,1,1,1,1,1,1,2,1
SF,IC2009,2020-05-12 09:31:43.800,5218.8000,39820,0,220114200.000,0,-,-,-,-,5218.8000,5217.8000,5217.2000,5216.8000,5216.6000,5219.0000,5219.2000,5219.4000,5219.6000,5219.8000,1,1,2,1,1,1,1,1,1,2
SF,IC2009,2020-05-12 09:31:44.300,5218.8000,39820,0,221157960.000,1,0,1,多换,S,5217.2000,5216.8000,5216.6000,5215.6000,5214.4000,5217.6000,5218.8000,5219.0000,5219.4000,5219.6000,2,1,1,1,1,1,3,1,1,1
SF,IC2009,2020-05-12 09:31:44.800,5218.8000,39820,0,223245240.000,2,1,1,多换,S,5217.6000,5217.4000,5217.2000,5215.6000,5214.4000,5218.8000,5219.0000,5219.4000,5219.6000,5219.8000,2,1,2,1,1,2,1,1,1,2
SF,IC2009,2020-05-12 09:31:45.300,5218.8000,39817,-3,226376560.000,3,0,3,双平,S,5218.8000,5217.8000,5217.6000,5217.2000,5215.6000,5219.4000,5219.6000,5219.8000,5222.0000,5222.8000,1,2,1,2,1,1,1,2,1,2
SF,IC2009,2020-05-12 09:31:45.800,5218.8000,39817,0,226376560.000,0,-,-,-,-,5218.8000,5217.8000,5217.6000,5217.2000,5215.6000,5219.4000,5219.6000,5219.8000,5222.0000,5222.8000,1,1,1,2,1,1,1,2,1,2
SF,IC2009,2020-05-12 09:31:46.300,5218.8000,39817,0,226376560.000,0,-,-,-,-,5218.8000,5217.6000,5217.2000,5215.6000,5214.4000,5219.2000,5219.4000,5219.6000,5219.8000,5222.0000,1,1,2,1,1,1,1,1,2,1
SF,IC2009,2020-05-12 09:31:46.800,5219.4000,39815,-2,228464280.000,2,0,2,双平,S,5219.4000,5219.0000,5218.8000,5217.6000,5217.2000,5219.6000,5219.8000,5222.0000,5222.8000,5223.4000,1,1,1,1,2,1,2,1,2,1
SF,IC2009,2020-05-12 09:31:47.300,5219.4000,39814,-1,229508160.000,1,0,1,双平,S,5219.0000,5218.8000,5217.6000,5217.2000,5214.4000,5219.6000,5219.8000,5222.0000,5222.8000,5223.4000,1,1,1,2,1,1,2,1,2,1
SF,IC2009,2020-05-12 09:31:47.800,5219.8000,39812,-2,232640000.000,3,0,3,多平,S,5219.0000,5218.8000,5217.6000,5217.2000,5214.4000,5222.0000,5222.8000,5223.4000,5223.6000,5223.8000,1,1,1,2,1,1,2,1,1,1
SF,IC2009,2020-05-12 09:31:48.300,5219.8000,39812,0,232640000.000,0,-,-,-,-,5219.2000,5219.0000,5218.8000,5217.6000,5217.2000,5220.8000,5221.8000,5222.0000,5222.8000,5223.4000,2,1,1,1,2,3,3,1,2,1
SF,IC2009,2020-05-12 09:31:48.800,5219.8000,39812,0,232640000.000,0,-,-,-,-,5219.4000,5219.2000,5219.0000,5218.8000,5217.6000,5220.8000,5221.8000,5222.0000,5222.8000,5223.4000,1,1,1,1,1,1,2,1,2,1
SF,IC2009,2020-05-12 09:31:49.300,5219.8000,39812,0,232640000.000,0,-,-,-,-,5219.6000,5219.0000,5218.8000,5217.6000,5217.2000,5220.8000,5221.8000,5222.0000,5222.8000,5223.4000,2,1,1,1,2,2,2,1,2,1
SF,IC2009,2020-05-12 09:31:49.800,5219.8000,39812,0,232640000.000,0,-,-,-,-,5219.8000,5219.6000,5219.0000,5218.8000,5217.6000,5221.8000,5222.0000,5222.8000,5223.4000,5223.6000,1,1,1,1,1,2,1,2,1,1
SF,IC2009,2020-05-12 09:31:50.300,5219.8000,39812,0,232640000.000,0,-,-,-,-,5220.0000,5219.0000,5218.8000,5217.6000,5217.2000,5221.8000,5222.0000,5222.8000,5223.4000,5223.6000,2,1,1,1,2,1,1,2,1,1
SF,IC2009,2020-05-12 09:31:50.800,5220.0000,39811,-1,233684000.000,1,0,1,双平,S,5220.0000,5219.0000,5218.8000,5217.2000,5216.2000,5221.4000,5221.6000,5221.8000,5222.0000,5222.8000,1,1,1,2,1,1,1,1,1,2
SF,IC2009,2020-05-12 09:31:51.300,5220.0000,39811,0,233684000.000,0,-,-,-,-,5219.0000,5218.8000,5217.2000,5216.2000,5214.4000,5221.2000,5221.4000,5222.0000,5222.8000,5223.4000,1,1,2,1,1,2,1,1,2,1
SF,IC2009,2020-05-12 09:31:51.800,5220.0000,39811,0,233684000.000,0,-,-,-,-,5219.2000,5218.8000,5217.2000,5216.2000,5214.4000,5221.2000,5221.4000,5222.0000,5222.8000,5223.4000,1,1,2,1,1,1,1,1,2,1
SF,IC2009,2020-05-12 09:31:52.300,5221.0000,39811,0,234728200.000,1,0,1,多换,S,5220.2000,5219.4000,5219.2000,5218.8000,5217.2000,5221.2000,5221.4000,5222.0000,5222.8000,5223.4000,1,1,1,1,2,1,1,1,2,1
SF,IC2009,2020-05-12 09:31:52.800,5221.0000,39811,0,234728200.000,0,-,-,-,-,5220.2000,5219.2000,5218.8000,5217.2000,5216.2000,5221.2000,5221.4000,5222.0000,5222.8000,5223.4000,1,1,1,2,1,1,1,1,2,1
SF,IC2009,2020-05-12 09:31:53.300,5221.0000,39811,0,234728200.000,0,-,-,-,-,5220.4000,5220.2000,5218.8000,5217.2000,5216.2000,5221.4000,5222.0000,5222.8000,5223.4000,5223.6000,2,1,1,2,1,1,1,2,1,1
SF,IC2009,2020-05-12 09:31:53.800,5221.0000,39811,0,234728200.000,0,-,-,-,-,5220.4000,5220.2000,5218.8000,5217.8000,5217.2000,5221.4000,5222.0000,5222.8000,5223.4000,5223.6000,1,1,1,2,2,1,1,2,1,1
SF,IC2009,2020-05-12 09:31:54.300,5221.4000,39810,-1,235772480.000,1,0,1,双平,S,5220.6000,5220.4000,5220.2000,5218.8000,5217.8000,5222.0000,5222.8000,5223.4000,5223.6000,5223.8000,1,1,1,1,2,1,2,1,1,1
SF,IC2009,2020-05-12 09:31:54.800,5220.8000,39809,-1,236816640.000,1,0,1,双平,S,5220.8000,5220.2000,5218.8000,5217.8000,5217.2000,5222.0000,5222.8000,5223.4000,5223.6000,5223.8000,1,1,1,2,2,1,2,1,1,1
SF,IC2009,2020-05-12 09:31:55.300,5222.0000,39808,-1,237861040.000,1,0,1,双平,S,5221.0000,5220.2000,5218.8000,5217.8000,5217.2000,5222.8000,5223.4000,5223.6000,5223.8000,5225.8000,2,1,1,2,2,2,1,1,1,3
SF,IC2009,2020-05-12 09:31:55.800,5222.0000,39808,0,237861040.000,0,-,-,-,-,5221.2000,5221.0000,5220.2000,5218.8000,5217.8000,5222.4000,5222.6000,5222.8000,5223.4000,5223.6000,1,1,1,1,2,1,1,2,1,1
SF,IC2009,2020-05-12 09:31:56.300,5222.0000,39808,0,237861040.000,0,-,-,-,-,5220.2000,5217.8000,5217.2000,5216.2000,5214.4000,5221.2000,5222.2000,5222.4000,5222.6000,5222.8000,1,2,2,1,1,1,1,1,1,2
SF,IC2009,2020-05-12 09:31:56.800,5222.0000,39807,-1,238905440.000,1,0,1,双平,S,5220.4000,5220.2000,5217.8000,5217.2000,5216.2000,5222.4000,5222.6000,5222.8000,5223.4000,5223.6000,2,1,2,2,1,1,1,2,1,1
SF,IC2009,2020-05-12 09:31:57.300,5222.0000,39807,0,238905440.000,0,-,-,-,-,5220.6000,5220.2000,5217.8000,5217.2000,5216.2000,5222.2000,5222.4000,5222.6000,5222.8000,5223.4000,1,1,2,2,1,1,1,1,2,1
SF,IC2009,2020-05-12 09:31:57.800,5222.0000,39807,0,238905440.000,0,-,-,-,-,5217.8000,5217.2000,5216.2000,5214.4000,5210.4000,5222.2000,5222.4000,5222.8000,5223.4000,5223.6000,2,2,1,1,8,2,1,2,1,1
SF,IC2009,2020-05-12 09:31:58.300,5222.0000,39807,0,238905440.000,0,-,-,-,-,5219.0000,5218.4000,5218.0000,5217.8000,5217.2000,5220.6000,5222.0000,5222.2000,5222.4000,5222.8000,1,1,2,2,2,1,1,2,1,2
SF,IC2009,2020-05-12 09:31:58.800,5220.6000,39806,-1,239949560.000,1,0,1,双平,S,5220.0000,5219.4000,5219.2000,5219.0000,5218.4000,5220.8000,5222.0000,5222.2000,5222.4000,5222.8000,1,1,2,1,1,2,1,2,1,2
SF,IC2009,2020-05-12 09:31:59.300,5220.6000,39806,0,239949560.000,0,-,-,-,-,5220.8000,5220.0000,5219.2000,5218.4000,5218.0000,5222.0000,5222.2000,5222.4000,5222.8000,5223.4000,2,1,1,1,1,1,2,1,2,1
SF,IC2009,2020-05-12 09:31:59.800,5220.8000,39805,-1,240993720.000,1,0,1,双平,S,5221.0000,5220.8000,5220.0000,5218.4000,5218.0000,5222.2000,5222.4000,5222.8000,5223.4000,5223.6000,1,3,1,1,1,1,1,2,1,1
SF,IC2009,2020-05-12 09:32:00.300,5220.8000,39805,0,240993720.000,0,-,-,-,-,5221.2000,5220.8000,5220.0000,5218.4000,5218.0000,5222.4000,5222.8000,5223.4000,5223.6000,5223.8000,2,3,1,1,1,1,2,1,1,1
SF,IC2009,2020-05-12 09:32:00.800,5222.0000,39805,0,242038120.000,1,0,1,多换,S,5220.8000,5220.0000,5218.4000,5218.0000,5217.2000,5222.2000,5222.4000,5222.8000,5223.4000,5223.6000,2,1,1,1,2,1,1,2,1,1
SF,IC2009,2020-05-12 09:32:01.300,5220.8000,39803,-2,244126440.000,2,0,2,双平,S,5220.0000,5218.4000,5218.0000,5217.2000,5216.2000,5220.8000,5222.2000,5222.4000,5222.8000,5223.4000,1,1,1,2,1,3,1,1,2,1
SF,IC2009,2020-05-12 09:32:01.800,5220.8000,39800,-3,247258920.000,3,0,3,双平,S,5220.0000,5218.4000,5218.0000,5217.2000,5216.2000,5220.8000,5222.0000,5222.2000,5222.4000,5222.8000,1,1,1,2,1,3,1,1,1,2
SF,IC2009,2020-05-12 09:32:02.300,5220.8000,39800,0,248303080.000,1,0,1,多换,S,5220.0000,5218.4000,5218.0000,5217.2000,5216.2000,5220.4000,5220.8000,5222.0000,5222.2000,5222.4000,1,1,1,2,1,1,1,1,1,1
SF,IC2009,2020-05-12 09:32:02.800,5220.4000,39798,-2,250391240.000,2,0,2,双平,S,5220.4000,5220.0000,5218.4000,5218.0000,5217.2000,5222.0000,5222.2000,5222.4000,5222.8000,5223.4000,1,1,1,1,2,1,1,1,2,1
SF,IC2009,2020-05-12 09:32:03.300,5220.4000,39798,0,250391240.000,0,-,-,-,-,5220.0000,5218.4000,5218.0000,5217.2000,5216.2000,5220.8000,5221.8000,5222.0000,5222.4000,5222.8000,1,1,1,2,1,2,1,1,1,2
SF,IC2009,2020-05-12 09:32:03.800,5220.4000,39798,0,250391240.000,0,-,-,-,-,5220.8000,5220.6000,5220.2000,5218.4000,5218.0000,5222.0000,5222.4000,5222.8000,5223.4000,5223.6000,5,1,2,1,1,1,1,2,1,1
SF,IC2009,2020-05-12 09:32:04.300,5220.4000,39798,0,250391240.000,0,-,-,-,-,5222.0000,5220.8000,5220.4000,5220.2000,5218.4000,5222.4000,5222.8000,5223.4000,5223.6000,5223.8000,1,3,1,1,1,1,2,1,1,1
SF,IC2009,2020-05-12 09:32:04.800,5220.4000,39798,0,250391240.000,0,-,-,-,-,5222.0000,5221.0000,5220.8000,5220.4000,5220.2000,5222.4000,5222.8000,5223.4000,5223.6000,5223.8000,1,1,3,1,1,1,2,1,1,1
SF,IC2009,2020-05-12 09:32:05.300,5222.0000,39798,0,252480120.000,2,1,1,多换,S,5220.8000,5220.4000,5220.2000,5218.4000,5218.0000,5222.8000,5223.4000,5223.6000,5223.8000,5225.8000,3,1,1,1,1,2,1,2,1,3
SF,IC2009,2020-05-12 09:32:05.800,5222.0000,39798,0,252480120.000,0,-,-,-,-,5221.0000,5220.8000,5220.4000,5218.4000,5218.0000,5222.8000,5223.4000,5223.6000,5223.8000,5225.8000,4,3,1,1,1,2,1,2,1,3
SF,IC2009,2020-05-12 09:32:06.300,5221.2000,39797,-1,253524360.000,1,0,1,双平,S,5221.4000,5221.2000,5221.0000,5220.8000,5220.4000,5222.8000,5223.4000,5223.6000,5223.8000,5225.8000,1,1,3,3,1,2,1,2,1,3
SF,IC2009,2020-05-12 09:32:06.800,5222.0000,39797,0,254568760.000,1,0,1,多换,S,5221.4000,5221.0000,5220.8000,5220.4000,5218.4000,5222.0000,5222.8000,5223.4000,5223.6000,5223.8000,1,3,3,1,1,1,2,1,2,1
SF,IC2009,2020-05-12 09:32:07.300,5221.4000,39795,-2,256657440.000,2,0,2,双平,S,5221.0000,5220.8000,5220.4000,5218.4000,5218.0000,5222.8000,5223.4000,5223.6000,5223.8000,5225.8000,3,3,1,1,1,2,1,1,1,3
SF,IC2009,2020-05-12 09:32:07.800,5221.4000,39795,0,256657440.000,0,-,-,-,-,5221.0000,5220.8000,5220.4000,5218.4000,5218.0000,5222.6000,5222.8000,5223.4000,5223.6000,5223.8000,3,3,1,1,1,2,2,1,1,1
SF,IC2009,2020-05-12 09:32:08.300,5221.4000,39795,0,256657440.000,0,-,-,-,-,5221.2000,5221.0000,5220.8000,5220.4000,5218.4000,5222.4000,5222.6000,5222.8000,5223.4000,5223.6000,1,2,3,1,1,1,1,2,1,1
SF,IC2009,2020-05-12 09:32:08.800,5221.4000,39795,0,256657440.000,0,-,-,-,-,5221.4000,5221.2000,5220.8000,5220.4000,5218.4000,5222.8000,5223.4000,5223.6000,5223.8000,5225.8000,2,1,1,1,1,2,1,1,1,3
SF,IC2009,2020-05-12 09:32:09.300,5221.4000,39795,0,256657440.000,0,-,-,-,-,5221.6000,5221.4000,5221.2000,5218.4000,5218.0000,5222.8000,5223.4000,5223.6000,5223.8000,5225.8000,1,2,1,1,1,2,1,1,1,3
SF,IC2009,2020-05-12 09:32:09.800,5222.8000,39793,-2,259791120.000,3,0,3,多平,S,5222.4000,5222.0000,5221.8000,5221.6000,5218.4000,5223.4000,5223.6000,5223.8000,5225.8000,5227.0000,1,1,3,1,1,1,1,1,3,1
SF,IC2009,2020-05-12 09:32:10.300,5222.8000,39793,0,259791120.000,0,-,-,-,-,5222.6000,5222.4000,5222.0000,5218.4000,5218.0000,5223.4000,5223.6000,5223.8000,5225.8000,5227.0000,1,1,1,1,1,1,1,1,3,1
SF,IC2009,2020-05-12 09:32:10.800,5222.8000,39793,0,259791120.000,0,-,-,-,-,5222.4000,5221.4000,5218.4000,5218.0000,5217.2000,5223.4000,5223.6000,5223.8000,5225.8000,5227.0000,1,1,1,1,2,3,1,1,3,1
SF,IC2009,2020-05-12 09:32:11.300,5222.8000,39793,0,259791120.000,0,-,-,-,-,5222.6000,5222.4000,5221.4000,5218.4000,5218.0000,5223.4000,5223.6000,5223.8000,5225.8000,5227.0000,1,1,1,1,1,1,1,1,3,1
SF,IC2009,2020-05-12 09:32:11.800,5222.4000,39792,-1,260835600.000,1,0,1,双平,S,5222.8000,5221.4000,5218.0000,5217.2000,5216.2000,5223.4000,5223.6000,5223.8000,5224.8000,5225.8000,1,1,1,2,1,1,1,1,1,3
SF,IC2009,2020-05-12 09:32:12.300,5222.8000,39791,-1,261880160.000,1,0,1,双平,S,5221.4000,5218.0000,5217.2000,5216.2000,5216.0000,5223.4000,5223.6000,5223.8000,5224.8000,5225.8000,1,1,2,1,1,1,1,1,1,3
SF,IC2009,2020-05-12 09:32:12.800,5222.8000,39791,0,261880160.000,0,-,-,-,-,5221.6000,5221.4000,5221.2000,5217.2000,5216.2000,5223.4000,5223.6000,5223.8000,5224.8000,5225.8000,4,1,1,2,1,1,1,1,1,3
SF,IC2009,2020-05-12 09:32:13.300,5222.8000,39791,0,261880160.000,0,-,-,-,-,5222.2000,5221.8000,5221.6000,5221.4000,5221.2000,5223.4000,5223.6000,5223.8000,5224.8000,5225.8000,1,1,3,1,1,1,1,1,1,3
SF,IC2009,2020-05-12 09:32:13.800,5222.8000,39791,0,261880160.000,0,-,-,-,-,5222.4000,5222.2000,5221.4000,5221.2000,5217.2000,5223.4000,5223.6000,5223.8000,5224.8000,5225.8000,3,1,1,1,2,1,1,1,1,3
SF,IC2009,2020-05-12 09:32:14.300,5223.6000,39790,-1,263969560.000,2,0,2,多平,S,5223.6000,5223.4000,5222.6000,5222.4000,5221.4000,5223.8000,5224.8000,5225.8000,5228.0000,5228.8000,1,4,1,2,1,1,1,3,1,1
SF,IC2009,2020-05-12 09:32:14.800,5223.8000,39789,-1,265014320.000,1,0,1,双平,S,5224.0000,5223.8000,5223.4000,5221.4000,5221.2000,5224.8000,5225.8000,5228.0000,5228.8000,5231.6000,1,2,2,1,1,1,3,1,1,5
SF,IC2009,2020-05-12 09:32:15.300,5223.8000,39789,0,265014320.000,0,-,-,-,-,5224.0000,5223.8000,5222.4000,5221.4000,5221.2000,5224.8000,5225.8000,5228.0000,5228.8000,5231.6000,1,2,1,1,1,1,3,1,1,5
SF,IC2009,2020-05-12 09:32:15.800,5224.8000,39788,-1,266059280.000,1,0,1,双平,S,5224.2000,5223.8000,5222.4000,5221.2000,5217.8000,5225.8000,5228.0000,5228.8000,5237.4000,5238.0000,2,2,1,1,1,3,1,1,5,7
SF,IC2009,2020-05-12 09:32:16.300,5224.2000,39787,-1,267104120.000,1,0,1,双平,S,5224.2000,5223.8000,5222.4000,5221.2000,5220.0000,5225.6000,5225.8000,5228.0000,5228.8000,5237.4000,1,2,1,1,5,1,3,1,1,5
SF,IC2009,2020-05-12 09:32:16.800,5224.2000,39787,0,267104120.000,0,-,-,-,-,5224.2000,5223.8000,5222.4000,5221.2000,5217.8000,5225.4000,5225.6000,5225.8000,5226.0000,5228.0000,1,2,1,1,1,1,1,3,1,1
SF,IC2009,2020-05-12 09:32:17.300,5225.2000,39787,0,268149160.000,1,0,1,多换,S,5223.8000,5222.4000,5221.2000,5217.8000,5217.2000,5225.6000,5225.8000,5226.0000,5228.0000,5228.8000,2,1,1,1,2,1,3,1,1,1
SF,IC2009,2020-05-12 09:32:17.800,5225.2000,39787,0,268149160.000,0,-,-,-,-,5224.0000,5223.8000,5222.4000,5221.2000,5217.8000,5225.6000,5225.8000,5226.0000,5228.0000,5228.8000,2,2,1,1,1,1,3,1,1,1
SF,IC2009,2020-05-12 09:32:18.300,5225.2000,39787,0,268149160.000,0,-,-,-,-,5224.2000,5224.0000,5223.8000,5222.4000,5221.2000,5225.8000,5228.0000,5228.8000,5237.4000,5238.0000,4,1,2,1,1,3,1,1,5,7
SF,IC2009,2020-05-12 09:32:18.800,5225.2000,39787,0,268149160.000,0,-,-,-,-,5225.6000,5224.4000,5224.2000,5223.8000,5221.2000,5225.8000,5228.0000,5228.8000,5237.4000,5238.0000,1,3,1,2,1,3,1,1,5,7
SF,IC2009,2020-05-12 09:32:19.300,5225.8000,39784,-3,271284640.000,3,0,3,双平,S,5225.6000,5224.2000,5223.8000,5221.2000,5217.8000,5228.0000,5228.8000,5237.4000,5238.0000,5242.0000,1,1,2,1,1,1,1,5,7,3
SF,IC2009,2020-05-12 09:32:19.800,5225.8000,39784,0,271284640.000,0,-,-,-,-,5225.6000,5224.2000,5221.2000,5217.8000,5217.2000,5227.8000,5228.0000,5228.8000,5237.4000,5238.0000,1,1,1,1,2,1,1,1,5,7
SF,IC2009,2020-05-12 09:32:20.300,5225.8000,39784,0,271284640.000,0,-,-,-,-,5226.8000,5225.6000,5224.2000,5221.2000,5217.8000,5227.6000,5227.8000,5228.0000,5228.8000,5237.4000,1,1,1,1,1,1,1,1,1,5
SF,IC2009,2020-05-12 09:32:20.800,5226.8000,39783,-1,272330000.000,1,0,1,双平,S,5225.6000,5224.2000,5221.2000,5217.8000,5217.2000,5226.8000,5227.4000,5227.6000,5228.0000,5228.8000,1,1,1,1,2,3,1,1,1,1
SF,IC2009,2020-05-12 09:32:21.300,5226.8000,39783,0,272330000.000,0,-,-,-,-,5225.8000,5225.6000,5224.2000,5221.2000,5217.8000,5226.6000,5226.8000,5227.4000,5227.6000,5228.0000,1,1,1,1,1,1,1,1,1,1
SF,IC2009,2020-05-12 09:32:21.800,5225.6000,39782,-1,274420480.000,2,0,2,多平,S,5224.2000,5221.2000,5217.8000,5216.2000,5216.0000,5226.8000,5227.4000,5227.6000,5228.0000,5228.8000,1,1,1,1,1,1,1,1,1,1
SF,IC2009,2020-05-12 09:32:22.300,5225.6000,39782,0,274420480.000,0,-,-,-,-,5226.4000,5226.0000,5224.6000,5224.4000,5224.2000,5226.6000,5227.4000,5228.0000,5228.8000,5237.4000,1,2,1,2,1,2,1,1,1,5
SF,IC2009,2020-05-12 09:32:22.800,5226.0000,39779,-3,277556160.000,3,0,3,双平,S,5224.4000,5221.2000,5217.8000,5216.2000,5216.0000,5226.0000,5227.2000,5227.4000,5228.0000,5228.8000,2,1,1,1,1,1,1,1,1,1
SF,IC2009,2020-05-12 09:32:23.300,5226.0000,39778,-1,278601360.000,1,0,1,双平,S,5224.6000,5221.2000,5217.8000,5216.2000,5216.0000,5226.0000,5226.4000,5227.2000,5227.4000,5228.0000,3,1,1,1,1,2,1,1,1,1
SF,IC2009,2020-05-12 09:32:23.800,5226.0000,39778,0,279646560.000,1,0,1,多换,S,5224.8000,5224.6000,5221.2000,5217.8000,5216.2000,5226.0000,5226.4000,5227.2000,5227.4000,5228.0000,2,2,1,1,1,1,1,1,1,1
SF,IC2009,2020-05-12 09:32:24.300,5226.0000,39778,0,279646560.000,0,-,-,-,-,5224.8000,5221.2000,5217.8000,5216.2000,5216.0000,5226.0000,5226.4000,5227.2000,5227.4000,5228.0000,1,1,1,1,1,1,1,1,1,1
SF,IC2009,2020-05-12 09:32:24.800,5226.0000,39778,0,279646560.000,0,-,-,-,-,5221.2000,5217.8000,5216.2000,5216.0000,5214.4000,5224.8000,5225.8000,5226.0000,5227.2000,5227.4000,1,1,1,1,1,1,2,1,1,1
SF,IC2009,2020-05-12 09:32:25.300,5224.8000,39777,-1,280691520.000,1,0,1,双平,S,5222.8000,5222.4000,5221.4000,5221.2000,5221.0000,5225.8000,5226.0000,5227.2000,5227.4000,5228.0000,1,5,9,1,1,1,1,1,1,1
SF,IC2009,2020-05-12 09:32:25.800,5224.8000,39777,0,280691520.000,0,-,-,-,-,5223.4000,5223.0000,5222.8000,5222.4000,5221.4000,5225.6000,5226.0000,5227.2000,5227.4000,5228.0000,1,1,1,5,7,1,1,1,1,1
SF,IC2009,2020-05-12 09:32:26.300,5223.6000,39776,-1,281736240.000,1,0,1,双平,S,5223.4000,5223.0000,5222.8000,5222.4000,5221.2000,5226.0000,5227.2000,5227.4000,5228.0000,5237.4000,1,2,1,2,1,1,1,1,1,5
SF,IC2009,2020-05-12 09:32:26.800,5223.6000,39776,0,281736240.000,0,-,-,-,-,5223.6000,5223.4000,5223.0000,5222.8000,5222.4000,5225.8000,5226.0000,5227.2000,5227.4000,5228.0000,1,1,2,1,2,1,1,1,1,1
SF,IC2009,2020-05-12 09:32:27.300,5223.6000,39775,-1,283826120.000,2,0,2,多平,S,5223.6000,5223.4000,5222.8000,5222.4000,5221.2000,5226.0000,5227.2000,5227.4000,5228.0000,5237.4000,2,1,1,2,1,1,1,1,1,5
SF,IC2009,2020-05-12 09:32:27.800,5226.0000,39774,-1,285916480.000,2,0,2,多平,S,5226.0000,5223.8000,5223.6000,5223.4000,5222.8000,5227.2000,5227.4000,5228.0000,5237.4000,5238.0000,1,2,2,1,1,1,1,1,5,7
SF,IC2009,2020-05-12 09:32:28.300,5226.0000,39774,0,286961680.000,1,0,1,多换,S,5224.0000,5223.8000,5222.8000,5222.4000,5221.2000,5226.0000,5227.2000,5227.4000,5228.0000,5228.6000,1,3,1,2,2,1,1,1,1,1
SF,IC2009,2020-05-12 09:32:28.800,5226.0000,39774,0,286961680.000,0,-,-,-,-,5224.2000,5224.0000,5223.8000,5222.8000,5222.4000,5226.0000,5227.2000,5227.4000,5228.0000,5228.6000,6,1,1,1,2,1,1,1,2,1
SF,IC2009,2020-05-12 09:32:29.300,5226.0000,39774,0,286961680.000,0,-,-,-,-,5224.4000,5224.2000,5224.0000,5223.8000,5222.8000,5227.2000,5227.4000,5228.0000,5228.6000,5237.4000,3,3,1,1,1,1,1,2,1,5
SF,IC2009,2020-05-12 09:32:29.800,5226.0000,39774,0,286961680.000,0,-,-,-,-,5226.0000,5224.6000,5224.2000,5224.0000,5223.8000,5227.0000,5227.2000,5227.4000,5228.0000,5228.6000,1,4,2,1,1,2,1,1,2,1
SF,IC2009,2020-05-12 09:32:30.300,5226.0000,39774,0,286961680.000,0,-,-,-,-,5226.0000,5224.6000,5224.0000,5223.8000,5222.8000,5227.2000,5227.4000,5228.0000,5228.6000,5237.4000,1,4,1,1,1,1,1,2,1,5
SF,IC2009,2020-05-12 09:32:30.800,5226.0000,39774,0,286961680.000,0,-,-,-,-,5226.2000,5226.0000,5224.8000,5224.6000,5224.0000,5227.2000,5227.4000,5228.0000,5228.6000,5237.4000,1,1,1,4,1,1,1,2,1,5
SF,IC2009,2020-05-12 09:32:31.300,5226.0000,39773,-1,288006880.000,1,0,1,双平,S,5226.8000,5224.8000,5224.6000,5224.0000,5223.8000,5227.2000,5227.4000,5228.0000,5228.6000,5237.4000,1,1,4,1,1,1,1,2,1,5
SF,IC2009,2020-05-12 09:32:31.800,5226.6000,39772,-1,289052200.000,1,0,1,双平,S,5224.8000,5224.6000,5224.0000,5223.8000,5222.8000,5226.0000,5226.8000,5227.2000,5227.4000,5228.0000,1,4,1,1,1,1,4,1,1,2
SF,IC2009,2020-05-12 09:32:32.300,5226.0000,39772,0,290097400.000,1,0,1,多换,S,5226.0000,5225.0000,5224.8000,5224.0000,5223.8000,5226.8000,5227.2000,5227.4000,5228.0000,5228.6000,1,6,1,1,1,4,1,1,2,1
SF,IC2009,2020-05-12 09:32:32.800,5226.0000,39772,0,290097400.000,0,-,-,-,-,5226.0000,5225.0000,5224.0000,5223.8000,5222.8000,5226.8000,5227.2000,5227.4000,5228.0000,5228.6000,2,3,1,1,1,4,1,1,2,1
SF,IC2009,2020-05-12 09:32:33.300,5226.0000,39772,0,290097400.000,0,-,-,-,-,5226.0000,5225.0000,5224.0000,5223.8000,5222.8000,5226.8000,5227.2000,5227.4000,5228.0000,5228.6000,1,3,1,1,1,4,1,1,2,1
SF,IC2009,2020-05-12 09:32:33.800,5226.0000,39772,0,291142600.000,1,0,1,多换,S,5225.0000,5224.0000,5223.8000,5222.8000,5222.4000,5226.8000,5227.2000,5227.4000,5228.0000,5228.6000,3,1,1,1,2,1,1,1,2,1
SF,IC2009,2020-05-12 09:32:34.300,5226.0000,39772,0,291142600.000,0,-,-,-,-,5225.4000,5225.2000,5225.0000,5224.0000,5223.8000,5226.8000,5227.2000,5227.4000,5228.0000,5228.6000,1,3,2,1,1,1,1,1,2,1
SF,IC2009,2020-05-12 09:32:34.800,5226.0000,39772,0,291142600.000,0,-,-,-,-,5225.6000,5225.4000,5225.0000,5224.0000,5223.8000,5226.8000,5227.2000,5227.4000,5228.0000,5228.6000,4,1,1,1,1,1,1,1,2,1
SF,IC2009,2020-05-12 09:32:35.300,5226.0000,39772,0,291142600.000,0,-,-,-,-,5226.8000,5225.8000,5225.6000,5225.0000,5224.0000,5227.2000,5227.4000,5228.0000,5228.6000,5228.8000,1,5,1,1,1,1,1,2,1,1
SF,IC2009,2020-05-12 09:32:35.800,5226.8000,39772,0,292187960.000,1,0,1,多换,S,5224.0000,5223.8000,5222.8000,5222.4000,5221.2000,5227.0000,5227.2000,5227.4000,5228.0000,5228.6000,1,1,1,2,1,1,1,1,2,1
SF,IC2009,2020-05-12 09:32:36.300,5226.8000,39772,0,292187960.000,0,-,-,-,-,5225.0000,5224.6000,5224.2000,5224.0000,5223.8000,5226.8000,5227.0000,5227.2000,5227.4000,5228.0000,1,1,3,1,1,1,1,1,1,2
SF,IC2009,2020-05-12 09:32:36.800,5226.8000,39772,0,292187960.000,0,-,-,-,-,5225.4000,5225.2000,5225.0000,5224.6000,5224.2000,5227.2000,5227.4000,5228.0000,5228.6000,5228.8000,2,3,1,1,1,1,1,2,1,1
SF,IC2009,2020-05-12 09:32:37.300,5225.6000,39771,-1,293233080.000,1,0,1,双平,S,5225.6000,5225.4000,5225.2000,5225.0000,5224.2000,5227.2000,5227.4000,5228.0000,5228.6000,5228.8000,1,2,1,1,1,1,1,2,1,1
SF,IC2009,2020-05-12 09:32:37.800,5225.6000,39771,0,293233080.000,0,-,-,-,-,5225.8000,5225.6000,5225.4000,5225.0000,5224.2000,5227.2000,5227.4000,5228.0000,5228.6000,5228.8000,2,1,2,1,1,1,1,2,1,1
SF,IC2009,2020-05-12 09:32:38.300,5225.6000,39771,0,293233080.000,0,-,-,-,-,5226.0000,5225.8000,5225.6000,5225.4000,5225.0000,5227.2000,5227.4000,5228.0000,5228.6000,5228.8000,1,2,1,1,1,1,1,3,1,1
SF,IC2009,2020-05-12 09:32:38.800,5225.6000,39771,0,294278200.000,1,0,1,多换,S,5225.8000,5225.6000,5225.4000,5225.0000,5224.2000,5227.2000,5227.4000,5228.0000,5228.6000,5228.8000,2,1,1,1,1,1,1,3,1,1
SF,IC2009,2020-05-12 09:32:39.300,5225.6000,39771,0,294278200.000,0,-,-,-,-,5226.0000,5225.8000,5225.4000,5225.0000,5224.2000,5227.2000,5227.4000,5228.0000,5228.6000,5228.8000,2,1,1,1,1,1,1,3,1,1
SF,IC2009,2020-05-12 09:32:39.800,5226.0000,39769,-2,297413720.000,3,0,3,多平,S,5225.0000,5224.0000,5223.8000,5222.4000,5221.2000,5227.2000,5227.4000,5228.0000,5228.6000,5228.8000,1,1,1,1,1,1,1,3,1,1
SF,IC2009,2020-05-12 09:32:40.300,5226.0000,39769,0,297413720.000,0,-,-,-,-,5225.2000,5224.0000,5223.8000,5222.4000,5221.2000,5227.0000,5227.2000,5227.4000,5228.0000,5228.6000,1,1,1,1,1,2,1,1,3,1
SF,IC2009,2020-05-12 09:32:40.800,5226.0000,39769,0,297413720.000,0,-,-,-,-,5225.2000,5224.0000,5222.4000,5221.2000,5221.0000,5227.0000,5227.2000,5227.4000,5228.0000,5228.6000,1,1,1,1,1,2,1,1,3,1
SF,IC2009,2020-05-12 09:32:41.300,5226.0000,39769,0,297413720.000,0,-,-,-,-,5224.0000,5222.4000,5221.2000,5221.0000,5217.8000,5226.8000,5227.0000,5227.2000,5227.4000,5228.0000,1,1,1,1,1,1,2,1,1,3
SF,IC2009,2020-05-12 09:32:41.800,5226.6000,39769,0,298459040.000,1,0,1,多换,S,5224.2000,5224.0000,5222.4000,5221.2000,5221.0000,5226.4000,5226.6000,5226.8000,5227.2000,5227.4000,1,1,1,1,1,1,2,1,1,1
SF,IC2009,2020-05-12 09:32:42.300,5226.6000,39769,0,298459040.000,0,-,-,-,-,5224.4000,5224.0000,5221.2000,5221.0000,5217.8000,5226.2000,5226.4000,5227.2000,5227.4000,5228.0000,2,1,1,1,1,3,1,1,1,3
SF,IC2009,2020-05-12 09:32:42.800,5226.6000,39769,0,298459040.000,0,-,-,-,-,5224.6000,5224.0000,5221.2000,5221.0000,5217.8000,5226.0000,5226.2000,5227.2000,5227.4000,5228.0000,1,1,1,1,1,1,2,1,1,3
SF,IC2009,2020-05-12 09:32:43.300,5226.6000,39769,0,298459040.000,0,-,-,-,-,5224.0000,5221.2000,5221.0000,5217.8000,5216.2000,5224.6000,5225.8000,5226.0000,5227.2000,5227.4000,1,1,1,1,1,1,2,2,1,1
SF,IC2009,2020-05-12 09:32:43.800,5224.6000,39767,-2,300548880.000,2,0,2,双平,S,5224.0000,5221.2000,5221.0000,5217.8000,5216.2000,5225.8000,5226.0000,5227.2000,5227.4000,5228.0000,1,1,1,1,1,1,2,1,1,3
SF,IC2009,2020-05-12 09:32:44.300,5224.0000,39766,-1,301593680.000,1,0,1,双平,S,5221.2000,5221.0000,5217.8000,5216.2000,5216.0000,5225.6000,5225.8000,5226.0000,5227.0000,5227.2000,1,1,1,1,1,2,1,1,1,1
SF,IC2009,2020-05-12 09:32:44.800,5224.0000,39766,0,301593680.000,0,-,-,-,-,5222.0000,5221.4000,5221.2000,5221.0000,5217.8000,5224.8000,5225.4000,5225.6000,5226.0000,5227.0000,1,1,2,1,1,1,1,2,1,1
SF,IC2009,2020-05-12 09:32:45.300,5224.0000,39766,0,301593680.000,0,-,-,-,-,5222.4000,5222.2000,5222.0000,5221.2000,5221.0000,5224.6000,5225.2000,5225.6000,5226.0000,5227.0000,2,1,1,2,1,1,1,2,1,1
SF,IC2009,2020-05-12 09:32:45.800,5224.0000,39766,0,301593680.000,0,-,-,-,-,5222.6000,5222.4000,5222.0000,5221.2000,5221.0000,5224.6000,5225.6000,5227.0000,5227.2000,5227.4000,1,2,1,2,1,1,2,1,1,1
SF,IC2009,2020-05-12 09:32:46.300,5224.0000,39766,0,301593680.000,0,-,-,-,-,5222.6000,5222.4000,5221.2000,5221.0000,5217.8000,5224.6000,5225.6000,5227.0000,5227.2000,5227.4000,1,2,2,1,1,1,2,1,1,1
SF,IC2009,2020-05-12 09:32:46.800,5224.0000,39766,0,301593680.000,0,-,-,-,-,5222.6000,5221.2000,5221.0000,5217.8000,5216.2000,5224.6000,5225.6000,5227.0000,5227.2000,5227.4000,1,2,1,1,1,1,2,1,1,1
SF,IC2009,2020-05-12 09:32:47.300,5224.0000,39766,0,301593680.000,0,-,-,-,-,5221.2000,5221.0000,5217.8000,5216.2000,5216.0000,5224.6000,5224.8000,5225.6000,5227.0000,5227.2000,2,1,1,1,1,1,1,2,1,1
SF,IC2009,2020-05-12 09:32:47.800,5224.0000,39766,0,301593680.000,0,-,-,-,-,5221.6000,5221.4000,5221.2000,5221.0000,5217.8000,5224.2000,5224.4000,5224.6000,5224.8000,5227.0000,1,1,2,1,1,1,2,1,1,1
SF,IC2009,2020-05-12 09:32:48.300,5224.0000,39766,0,301593680.000,0,-,-,-,-,5221.8000,5221.6000,5221.2000,5221.0000,5217.8000,5224.0000,5224.2000,5224.4000,5224.8000,5227.0000,1,1,2,1,1,1,1,2,1,1
SF,IC2009,2020-05-12 09:32:48.800,5224.0000,39766,0,301593680.000,0,-,-,-,-,5221.8000,5221.6000,5221.2000,5221.0000,5217.8000,5224.0000,5224.2000,5224.4000,5224.8000,5227.0000,1,1,2,1,1,1,1,2,1,1
SF,IC2009,2020-05-12 09:32:49.300,5221.8000,39765,-1,302638040.000,1,0,1,双平,S,5221.2000,5221.0000,5217.8000,5216.2000,5216.0000,5224.0000,5224.4000,5224.8000,5227.0000,5227.2000,1,1,1,1,1,1,2,1,1,1
SF,IC2009,2020-05-12 09:32:49.800,5221.8000,39765,0,302638040.000,0,-,-,-,-,5221.6000,5221.4000,5221.2000,5221.0000,5217.8000,5224.0000,5224.4000,5224.8000,5227.0000,5227.2000,1,1,1,1,1,1,2,1,1,1
SF,IC2009,2020-05-12 09:32:50.300,5221.8000,39765,0,302638040.000,0,-,-,-,-,5221.4000,5221.2000,5221.0000,5217.8000,5216.2000,5224.0000,5224.4000,5224.8000,5227.0000,5227.2000,1,1,1,1,1,1,1,1,1,1
SF,IC2009,2020-05-12 09:32:50.800,5221.4000,39764,-1,303682320.000,1,0,1,双平,S,5221.2000,5221.0000,5217.8000,5216.2000,5216.0000,5223.6000,5223.8000,5224.0000,5224.4000,5224.8000,1,1,1,1,1,1,1,1,1,1
SF,IC2009,2020-05-12 09:32:51.300,5221.0000,39762,-2,305770760.000,2,0,2,双平,S,5217.8000,5216.2000,5216.0000,5214.2000,5210.6000,5223.4000,5223.6000,5224.8000,5227.0000,5227.2000,1,1,1,5,1,3,1,1,1,1
SF,IC2009,2020-05-12 09:32:51.800,5221.0000,39762,0,305770760.000,0,-,-,-,-,5220.6000,5218.4000,5218.2000,5217.8000,5216.2000,5223.2000,5223.4000,5224.8000,5227.0000,5227.2000,1,1,1,1,1,1,3,1,1,1
SF,IC2009,2020-05-12 09:32:52.300,5220.6000,39761,-1,306814880.000,1,0,1,双平,S,5218.4000,5217.8000,5216.2000,5216.0000,5214.2000,5222.6000,5222.8000,5223.0000,5223.2000,5223.4000,1,1,1,1,5,1,1,2,1,1
SF,IC2009,2020-05-12 09:32:52.800,5220.6000,39761,0,306814880.000,0,-,-,-,-,5217.8000,5216.2000,5216.0000,5214.2000,5210.6000,5222.4000,5222.6000,5224.8000,5227.0000,5227.2000,1,1,1,5,1,3,1,2,1,1
SF,IC2009,2020-05-12 09:32:53.300,5220.6000,39761,0,306814880.000,0,-,-,-,-,5217.8000,5216.2000,5216.0000,5214.2000,5210.6000,5222.2000,5222.4000,5224.8000,5227.0000,5227.2000,1,1,1,5,1,2,3,2,1,1
SF,IC2009,2020-05-12 09:32:53.800,5220.6000,39761,0,306814880.000,0,-,-,-,-,5218.4000,5217.8000,5216.2000,5216.0000,5214.2000,5222.0000,5222.2000,5224.8000,5227.0000,5227.2000,1,1,1,1,5,3,2,2,1,1
SF,IC2009,2020-05-12 09:32:54.300,5218.4000,39761,0,307858560.000,1,0,1,多换,S,5218.2000,5217.8000,5216.2000,5216.0000,5214.2000,5218.4000,5222.0000,5222.2000,5224.8000,5227.0000,1,1,1,1,5,3,2,2,2,1
SF,IC2009,2020-05-12 09:32:54.800,5218.4000,39761,0,310989600.000,3,1,2,多换,S,5218.8000,5218.4000,5218.2000,5217.8000,5216.2000,5222.2000,5224.8000,5227.0000,5227.2000,5227.4000,1,10,2,1,1,1,2,1,1,1
SF,IC2009,2020-05-12 09:32:55.300,5218.4000,39761,0,310989600.000,0,-,-,-,-,5219.0000,5218.4000,5218.2000,5217.8000,5216.2000,5222.0000,5222.2000,5224.8000,5227.0000,5227.2000,1,7,2,1,1,1,1,2,1,1
SF,IC2009,2020-05-12 09:32:55.800,5218.4000,39761,0,310989600.000,0,-,-,-,-,5218.6000,5218.4000,5218.2000,5217.8000,5216.2000,5222.0000,5222.2000,5224.8000,5227.0000,5227.2000,1,4,2,1,1,1,1,2,1,1
SF,IC2009,2020-05-12 09:32:56.300,5218.4000,39761,0,310989600.000,0,-,-,-,-,5218.6000,5218.4000,5217.8000,5216.2000,5216.0000,5222.0000,5222.2000,5224.8000,5227.0000,5227.2000,1,4,1,1,1,1,1,2,1,1
SF,IC2009,2020-05-12 09:32:57.300,5218.4000,39761,0,310989600.000,0,-,-,-,-,5218.6000,5218.4000,5217.8000,5216.2000,5216.0000,5222.0000,5222.2000,5224.8000,5227.0000,5227.2000,1,4,1,1,1,1,1,2,1,1
SF,IC2009,2020-05-12 09:32:57.800,5221.4000,39761,0,312033880.000,1,0,1,多换,S,5218.4000,5217.8000,5216.2000,5216.0000,5214.2000,5221.8000,5222.0000,5222.2000,5224.8000,5227.0000,3,1,1,1,5,1,1,1,2,1
SF,IC2009,2020-05-12 09:32:58.300,5221.4000,39761,0,312033880.000,0,-,-,-,-,5220.4000,5219.0000,5218.4000,5218.2000,5217.8000,5221.6000,5222.2000,5224.8000,5227.0000,5227.2000,1,1,4,1,1,1,1,2,1,1
SF,IC2009,2020-05-12 09:32:58.800,5221.4000,39761,0,312033880.000,0,-,-,-,-,5220.4000,5219.0000,5218.8000,5218.4000,5218.2000,5221.4000,5224.8000,5227.0000,5227.2000,5227.4000,1,1,1,4,1,1,2,1,1,1
SF,IC2009,2020-05-12 09:32:59.300,5221.4000,39761,0,312033880.000,0,-,-,-,-,5220.4000,5219.0000,5218.8000,5218.4000,5218.2000,5224.8000,5227.0000,5227.2000,5227.4000,5228.0000,1,1,1,4,1,2,1,1,1,3
SF,IC2009,2020-05-12 09:32:59.800,5221.4000,39761,0,312033880.000,0,-,-,-,-,5220.6000,5220.4000,5219.0000,5218.8000,5218.4000,5223.8000,5224.6000,5224.8000,5227.0000,5227.2000,1,1,1,1,1,1,4,2,1,1
SF,IC2009,2020-05-12 09:33:00.300,5220.4000,39760,-1,313077960.000,1,0,1,双平,S,5219.0000,5218.8000,5218.4000,5218.2000,5217.8000,5223.6000,5223.8000,5224.6000,5224.8000,5227.0000,1,1,1,1,1,3,1,1,2,1
SF,IC2009,2020-05-12 09:33:00.800,5220.4000,39760,0,313077960.000,0,-,-,-,-,5220.6000,5219.2000,5219.0000,5218.8000,5218.2000,5223.4000,5223.6000,5224.6000,5224.8000,5227.0000,1,1,2,1,1,2,1,1,2,1
SF,IC2009,2020-05-12 09:33:01.300,5220.6000,39760,0,314122080.000,1,0,1,多换,S,5221.0000,5220.8000,5220.6000,5220.0000,5219.2000,5223.2000,5224.6000,5224.8000,5227.0000,5227.2000,1,4,2,1,1,1,1,2,1,1
SF,IC2009,2020-05-12 09:33:01.800,5220.6000,39760,0,314122080.000,0,-,-,-,-,5220.8000,5220.0000,5219.2000,5219.0000,5218.8000,5223.0000,5223.2000,5224.6000,5224.8000,5227.0000,2,1,1,2,1,1,2,1,2,1
SF,IC2009,2020-05-12 09:33:02.300,5220.6000,39760,0,314122080.000,0,-,-,-,-,5220.8000,5220.0000,5219.2000,5219.0000,5218.8000,5222.8000,5224.6000,5224.8000,5227.0000,5227.2000,2,1,1,2,1,2,1,1,1,1
SF,IC2009,2020-05-12 09:33:02.800,5222.8000,39758,-2,316211160.000,2,0,2,双平,S,5222.8000,5221.2000,5221.0000,5220.8000,5220.0000,5224.6000,5224.8000,5227.0000,5227.2000,5227.4000,1,1,1,1,1,1,1,1,1,1
SF,IC2009,2020-05-12 09:33:03.300,5222.8000,39758,0,317255720.000,1,0,1,多换,S,5220.8000,5220.0000,5219.2000,5219.0000,5218.8000,5222.8000,5224.0000,5224.4000,5224.6000,5224.8000,1,1,1,2,1,1,2,1,1,2
SF,IC2009,2020-05-12 09:33:03.800,5222.8000,39757,-1,318300280.000,1,0,1,双平,S,5221.2000,5221.0000,5220.0000,5219.2000,5219.0000,5224.2000,5224.4000,5224.6000,5224.8000,5227.0000,1,2,1,1,2,1,1,1,2,1
SF,IC2009,2020-05-12 09:33:04.300,5222.8000,39757,0,318300280.000,0,-,-,-,-,5220.0000,5219.0000,5218.8000,5217.8000,5216.2000,5223.4000,5223.6000,5224.0000,5224.2000,5224.8000,1,2,1,1,1,1,1,3,1,2
SF,IC2009,2020-05-12 09:33:04.800,5222.8000,39757,0,318300280.000,0,-,-,-,-,5220.2000,5220.0000,5219.0000,5218.8000,5217.8000,5223.2000,5223.6000,5224.0000,5224.8000,5227.0000,1,1,1,1,1,2,1,1,2,1
SF,IC2009,2020-05-12 09:33:05.300,5222.8000,39757,0,318300280.000,0,-,-,-,-,5220.2000,5220.0000,5219.0000,5218.8000,5217.8000,5223.2000,5223.6000,5224.8000,5227.0000,5227.2000,1,1,1,1,1,2,1,2,1,1
SF,IC2009,2020-05-12 09:33:05.800,5223.2000,39757,0,319344920.000,1,0,1,多换,S,5221.2000,5220.6000,5220.2000,5220.0000,5219.0000,5223.6000,5224.8000,5227.0000,5227.2000,5227.4000,1,1,1,1,1,1,2,1,1,1
SF,IC2009,2020-05-12 09:33:06.300,5223.2000,39757,0,319344920.000,0,-,-,-,-,5221.4000,5220.0000,5219.0000,5218.8000,5217.8000,5223.2000,5223.4000,5223.6000,5224.8000,5227.0000,1,1,1,1,1,1,1,1,2,1
SF,IC2009,2020-05-12 09:33:06.800,5223.2000,39756,-1,320389560.000,1,0,1,双平,S,5221.4000,5220.0000,5219.0000,5218.8000,5217.8000,5223.2000,5223.6000,5224.8000,5227.0000,5227.2000,1,1,1,1,1,1,1,2,1,1
SF,IC2009,2020-05-12 09:33:07.800,5223.2000,39756,0,320389560.000,0,-,-,-,-,5221.4000,5220.0000,5219.0000,5218.8000,5217.8000,5223.6000,5224.8000,5227.0000,5227.2000,5227.4000,1,1,1,1,1,1,2,1,1,1
SF,IC2009,2020-05-12 09:33:08.300,5223.2000,39756,0,320389560.000,0,-,-,-,-,5221.4000,5220.0000,5219.0000,5218.8000,5217.8000,5224.8000,5227.0000,5227.2000,5227.4000,5228.0000,1,1,1,1,1,2,1,1,1,3
SF,IC2009,2020-05-12 09:33:08.800,5223.2000,39756,0,320389560.000,0,-,-,-,-,5221.4000,5220.0000,5219.0000,5218.8000,5217.8000,5224.2000,5224.6000,5224.8000,5227.0000,5227.2000,1,1,1,1,1,1,2,2,1,1
SF,IC2009,2020-05-12 09:33:09.300,5223.2000,39756,0,320389560.000,0,-,-,-,-,5221.4000,5220.0000,5219.0000,5218.8000,5217.8000,5224.0000,5224.2000,5224.8000,5227.0000,5227.2000,1,1,1,1,1,2,1,2,1,1
SF,IC2009,2020-05-12 09:33:09.800,5223.2000,39756,0,320389560.000,0,-,-,-,-,5221.4000,5220.0000,5219.0000,5218.8000,5217.8000,5224.0000,5224.2000,5224.8000,5227.0000,5227.2000,1,1,1,1,1,3,1,2,1,1
SF,IC2009,2020-05-12 09:33:10.300,5223.2000,39756,0,320389560.000,0,-,-,-,-,5220.0000,5218.8000,5217.8000,5216.2000,5214.2000,5224.0000,5224.8000,5227.0000,5227.2000,5227.4000,1,1,1,1,5,3,2,1,1,1
SF,IC2009,2020-05-12 09:33:10.800,5223.2000,39756,0,320389560.000,0,-,-,-,-,5220.6000,5220.4000,5220.2000,5220.0000,5217.8000,5224.0000,5224.8000,5227.0000,5227.2000,5227.4000,1,1,1,1,1,3,2,1,1,1
SF,IC2009,2020-05-12 09:33:11.300,5223.2000,39756,0,320389560.000,0,-,-,-,-,5221.2000,5221.0000,5220.8000,5220.6000,5220.4000,5224.0000,5224.8000,5227.0000,5227.2000,5227.4000,1,3,1,2,1,1,2,1,1,1
SF,IC2009,2020-05-12 09:33:11.800,5223.2000,39756,0,320389560.000,0,-,-,-,-,5221.6000,5221.4000,5220.6000,5220.4000,5220.0000,5224.8000,5227.0000,5227.2000,5227.4000,5228.0000,1,1,1,1,1,2,1,1,1,3
SF,IC2009,2020-05-12 09:33:12.300,5223.2000,39756,0,320389560.000,0,-,-,-,-,5221.8000,5221.6000,5220.6000,5220.4000,5220.0000,5224.6000,5224.8000,5227.0000,5227.2000,5227.4000,1,1,1,1,1,1,2,1,1,1
SF,IC2009,2020-05-12 09:33:12.800,5224.6000,39755,-1,321434480.000,1,0,1,双平,S,5222.0000,5221.8000,5221.6000,5220.6000,5220.4000,5224.8000,5227.0000,5227.2000,5227.4000,5228.0000,1,1,1,1,1,2,1,1,1,3
SF,IC2009,2020-05-12 09:33:13.300,5224.6000,39755,0,321434480.000,0,-,-,-,-,5222.2000,5222.0000,5220.6000,5220.4000,5220.0000,5224.6000,5224.8000,5227.0000,5227.2000,5227.4000,1,1,1,1,1,1,2,1,1,1
SF,IC2009,2020-05-12 09:33:13.800,5224.6000,39755,0,321434480.000,0,-,-,-,-,5222.2000,5222.0000,5220.6000,5220.4000,5220.0000,5224.6000,5224.8000,5225.0000,5227.0000,5227.2000,1,1,1,1,1,1,1,1,1,1
SF,IC2009,2020-05-12 09:33:14.800,5224.6000,39755,0,321434480.000,0,-,-,-,-,5222.6000,5222.2000,5222.0000,5221.0000,5220.6000,5224.6000,5224.8000,5225.0000,5227.0000,5227.2000,1,1,1,1,1,1,1,1,1,1
SF,IC2009,2020-05-12 09:33:15.300,5224.6000,39755,0,321434480.000,0,-,-,-,-,5222.8000,5222.0000,5221.0000,5220.6000,5220.4000,5224.8000,5225.0000,5227.0000,5227.2000,5227.4000,2,1,1,1,1,1,1,1,1,1
SF,IC2009,2020-05-12 09:33:15.800,5223.0000,39755,0,322479080.000,1,0,1,多换,S,5223.0000,5222.8000,5222.0000,5221.0000,5220.6000,5224.8000,5225.0000,5225.8000,5227.0000,5227.2000,1,1,1,1,1,1,1,1,1,1
SF,IC2009,2020-05-12 09:33:16.300,5223.0000,39755,0,322479080.000,0,-,-,-,-,5223.2000,5223.0000,5222.0000,5221.0000,5220.6000,5224.8000,5225.0000,5225.8000,5227.0000,5227.2000,1,1,1,1,1,1,1,1,1,1
SF,IC2009,2020-05-12 09:33:16.800,5223.0000,39755,0,322479080.000,0,-,-,-,-,5223.4000,5223.2000,5222.0000,5221.0000,5220.6000,5224.8000,5225.0000,5225.8000,5227.0000,5227.2000,1,1,1,1,1,1,2,1,1,1
SF,IC2009,2020-05-12 09:33:17.300,5223.0000,39755,0,322479080.000,0,-,-,-,-,5223.6000,5223.4000,5222.0000,5221.0000,5220.6000,5224.8000,5225.0000,5225.8000,5227.0000,5227.2000,1,1,1,1,1,1,2,1,1,1
SF,IC2009,2020-05-12 09:33:18.300,5223.0000,39755,0,322479080.000,0,-,-,-,-,5223.6000,5222.0000,5221.0000,5220.6000,5220.4000,5224.8000,5225.0000,5225.8000,5227.0000,5227.2000,1,1,1,1,1,1,2,1,1,1
SF,IC2009,2020-05-12 09:33:18.800,5223.0000,39755,0,322479080.000,0,-,-,-,-,5223.8000,5223.6000,5222.0000,5221.0000,5220.6000,5224.8000,5225.0000,5225.8000,5227.0000,5227.2000,1,1,1,1,1,1,2,1,1,1
SF,IC2009,2020-05-12 09:33:19.300,5223.6000,39755,0,323523800.000,1,0,1,多换,S,5223.6000,5221.0000,5220.6000,5220.4000,5220.0000,5224.8000,5225.0000,5225.8000,5227.0000,5227.2000,1,1,1,1,1,1,2,1,1,1
SF,IC2009,2020-05-12 09:33:20.300,5223.6000,39755,0,323523800.000,0,-,-,-,-,5223.6000,5221.0000,5220.6000,5220.4000,5220.0000,5224.6000,5224.8000,5225.0000,5225.8000,5227.0000,1,1,1,1,1,2,1,2,1,1
SF,IC2009,2020-05-12 09:33:20.800,5223.6000,39754,-1,324568520.000,1,0,1,双平,S,5221.0000,5220.6000,5220.4000,5220.0000,5217.8000,5223.6000,5224.4000,5224.6000,5224.8000,5225.0000,1,1,1,1,1,2,1,2,1,2
SF,IC2009,2020-05-12 09:33:21.300,5223.6000,39754,0,326657960.000,2,1,1,多换,S,5223.6000,5221.2000,5221.0000,5220.8000,5220.6000,5224.8000,5225.0000,5225.6000,5225.8000,5227.0000,2,2,3,1,1,1,2,1,1,1
SF,IC2009,2020-05-12 09:33:21.800,5223.6000,39753,-1,327702680.000,1,0,1,双平,S,5223.6000,5221.2000,5221.0000,5220.8000,5220.6000,5224.6000,5224.8000,5225.0000,5225.6000,5225.8000,1,2,3,1,1,3,2,2,1,1
SF,IC2009,2020-05-12 09:33:22.300,5223.6000,39753,0,327702680.000,0,-,-,-,-,5221.2000,5221.0000,5220.8000,5220.6000,5220.4000,5224.6000,5224.8000,5225.0000,5225.6000,5225.8000,2,3,1,1,1,2,2,2,1,1
SF,IC2009,2020-05-12 09:33:22.800,5223.6000,39753,0,327702680.000,0,-,-,-,-,5221.2000,5221.0000,5220.8000,5220.4000,5220.0000,5223.6000,5224.4000,5224.6000,5224.8000,5225.0000,2,3,1,1,1,1,1,1,2,2
SF,IC2009,2020-05-12 09:33:23.300,5223.6000,39752,-1,328747400.000,1,0,1,双平,S,5222.0000,5221.2000,5221.0000,5220.8000,5220.4000,5224.4000,5224.8000,5225.0000,5225.6000,5225.8000,1,2,4,1,1,1,2,2,1,1
SF,IC2009,2020-05-12 09:33:23.800,5223.6000,39751,-1,329792120.000,1,0,1,双平,S,5222.4000,5222.2000,5222.0000,5221.2000,5221.0000,5224.4000,5224.8000,5225.0000,5225.6000,5225.8000,1,1,1,1,4,1,2,2,1,1
SF,IC2009,2020-05-12 09:33:24.300,5223.6000,39751,0,329792120.000,0,-,-,-,-,5222.6000,5222.4000,5221.2000,5221.0000,5220.8000,5224.4000,5224.8000,5225.0000,5225.6000,5225.8000,1,1,1,4,1,1,2,2,1,1
SF,IC2009,2020-05-12 09:33:24.800,5223.6000,39751,0,329792120.000,0,-,-,-,-,5223.6000,5222.6000,5222.4000,5221.2000,5221.0000,5224.4000,5224.8000,5225.0000,5225.6000,5225.8000,1,1,1,1,4,1,2,2,1,1
SF,IC2009,2020-05-12 09:33:25.300,5223.6000,39751,0,329792120.000,0,-,-,-,-,5223.6000,5222.6000,5222.4000,5221.2000,5221.0000,5224.8000,5225.0000,5225.6000,5225.8000,5227.0000,1,1,1,1,4,2,2,1,1,1
SF,IC2009,2020-05-12 09:33:25.800,5223.6000,39751,0,329792120.000,0,-,-,-,-,5223.6000,5222.6000,5222.4000,5221.2000,5221.0000,5224.6000,5224.8000,5225.0000,5225.6000,5225.8000,1,1,1,1,4,3,2,2,1,1
SF,IC2009,2020-05-12 09:33:26.300,5223.6000,39751,0,329792120.000,0,-,-,-,-,5223.6000,5222.6000,5222.4000,5221.2000,5221.0000,5224.6000,5224.8000,5225.0000,5225.6000,5225.8000,1,1,1,1,4,3,2,2,1,1
SF,IC2009,2020-05-12 09:33:26.800,5223.6000,39751,0,329792120.000,0,-,-,-,-,5223.6000,5222.6000,5222.4000,5221.2000,5221.0000,5224.4000,5224.6000,5224.8000,5225.0000,5225.6000,1,1,1,1,4,1,2,2,2,1
SF,IC2009,2020-05-12 09:33:27.300,5224.4000,39750,-1,331881880.000,2,0,2,多平,S,5223.6000,5222.6000,5222.4000,5221.2000,5221.0000,5224.6000,5224.8000,5225.0000,5225.6000,5225.8000,1,1,1,1,4,2,2,2,1,1
SF,IC2009,2020-05-12 09:33:27.800,5224.6000,39751,1,332926800.000,1,1,0,双开,S,5223.6000,5222.6000,5222.4000,5221.2000,5221.0000,5224.6000,5224.8000,5225.0000,5225.6000,5225.8000,1,1,1,1,4,1,2,2,1,1
SF,IC2009,2020-05-12 09:33:28.300,5224.6000,39751,0,332926800.000,0,-,-,-,-,5223.8000,5223.6000,5222.4000,5221.2000,5221.0000,5224.6000,5224.8000,5225.0000,5225.6000,5225.8000,1,1,1,1,4,1,2,2,1,1
SF,IC2009,2020-05-12 09:33:28.800,5224.6000,39751,0,332926800.000,0,-,-,-,-,5223.6000,5222.4000,5221.2000,5221.0000,5220.8000,5224.6000,5224.8000,5225.0000,5225.6000,5225.8000,1,1,1,4,1,1,2,2,1,1
SF,IC2009,2020-05-12 09:33:29.300,5224.4000,39749,-2,335016400.000,2,0,2,双平,S,5222.4000,5221.2000,5221.0000,5220.8000,5220.4000,5224.4000,5224.8000,5225.0000,5225.6000,5225.8000,1,1,1,1,1,1,2,2,1,1
SF,IC2009,2020-05-12 09:33:29.800,5224.4000,39749,0,335016400.000,0,-,-,-,-,5222.8000,5222.6000,5222.4000,5221.2000,5221.0000,5224.8000,5225.0000,5225.6000,5225.8000,5227.0000,1,2,2,1,1,2,2,1,1,1
SF,IC2009,2020-05-12 09:33:30.300,5224.4000,39749,0,335016400.000,0,-,-,-,-,5223.6000,5223.0000,5222.8000,5222.4000,5221.2000,5224.6000,5224.8000,5225.0000,5225.6000,5225.8000,1,1,1,1,1,2,2,2,1,1
SF,IC2009,2020-05-12 09:33:30.800,5224.6000,39749,0,337106240.000,2,1,1,多换,S,5223.6000,5223.0000,5222.8000,5222.4000,5221.2000,5224.8000,5225.0000,5225.6000,5225.8000,5226.8000,1,1,1,1,1,2,2,1,1,1
SF,IC2009,2020-05-12 09:33:31.300,5223.6000,39748,-1,338150960.000,1,0,1,双平,S,5223.8000,5222.4000,5221.2000,5221.0000,5220.8000,5224.8000,5225.0000,5225.6000,5225.8000,5226.8000,1,1,1,1,1,2,2,1,1,1
SF,IC2009,2020-05-12 09:33:31.800,5223.6000,39748,0,338150960.000,0,-,-,-,-,5222.4000,5221.2000,5221.0000,5220.8000,5220.4000,5224.8000,5225.0000,5225.6000,5225.8000,5226.8000,1,1,1,1,1,2,2,1,1,1
SF,IC2009,2020-05-12 09:33:32.300,5223.6000,39748,0,338150960.000,0,-,-,-,-,5222.8000,5222.6000,5222.4000,5221.2000,5221.0000,5223.8000,5224.6000,5224.8000,5225.0000,5225.6000,2,1,1,1,1,1,1,2,2,1
SF,IC2009,2020-05-12 09:33:32.800,5223.8000,39746,-2,340240480.000,2,0,2,双平,S,5223.0000,5222.8000,5222.4000,5221.2000,5221.0000,5224.8000,5225.0000,5225.6000,5225.8000,5227.0000,1,2,1,1,1,2,2,1,1,1
SF,IC2009,2020-05-12 09:33:33.300,5223.8000,39746,0,340240480.000,0,-,-,-,-,5224.0000,5223.8000,5223.2000,5223.0000,5222.8000,5224.8000,5225.0000,5225.6000,5225.8000,5227.0000,1,2,1,1,2,2,2,1,1,1
SF,IC2009,2020-05-12 09:33:33.800,5225.0000,39743,-3,344420400.000,4,0,4,多平,S,5224.8000,5224.2000,5224.0000,5223.8000,5223.2000,5225.8000,5227.0000,5227.2000,5227.8000,5228.0000,1,1,2,1,1,1,1,1,3,3
SF,IC2009,2020-05-12 09:33:34.300,5225.0000,39743,0,344420400.000,0,-,-,-,-,5225.6000,5225.0000,5224.0000,5223.8000,5223.2000,5225.8000,5227.0000,5227.2000,5227.8000,5228.0000,1,1,2,1,1,1,1,1,3,3
SF,IC2009,2020-05-12 09:33:34.800,5225.8000,39742,-1,345465560.000,1,0,1,双平,S,5225.8000,5225.6000,5225.0000,5224.0000,5223.8000,5227.0000,5227.2000,5227.8000,5228.0000,5228.4000,1,1,1,2,1,1,1,3,3,2
SF,IC2009,2020-05-12 09:33:35.300,5225.8000,39741,-1,346510720.000,1,0,1,双平,S,5225.6000,5225.0000,5224.0000,5223.8000,5223.2000,5226.8000,5227.0000,5227.2000,5227.8000,5228.0000,1,1,2,1,1,1,1,1,3,3
SF,IC2009,2020-05-12 09:33:35.800,5225.8000,39741,0,346510720.000,0,-,-,-,-,5225.6000,5224.0000,5223.8000,5223.2000,5222.4000,5226.8000,5227.0000,5227.2000,5227.8000,5228.0000,1,2,1,1,1,1,1,1,3,3
SF,IC2009,2020-05-12 09:33:36.300,5225.8000,39741,0,346510720.000,0,-,-,-,-,5225.6000,5224.0000,5223.8000,5223.2000,5222.4000,5226.8000,5227.0000,5227.2000,5227.8000,5228.0000,1,2,1,1,1,1,1,1,3,3
SF,IC2009,2020-05-12 09:33:36.800,5225.8000,39741,0,346510720.000,0,-,-,-,-,5225.6000,5224.0000,5223.8000,5223.2000,5222.4000,5227.0000,5227.2000,5227.8000,5228.0000,5228.4000,1,2,1,1,1,1,1,3,3,2
SF,IC2009,2020-05-12 09:33:37.300,5225.8000,39741,0,346510720.000,0,-,-,-,-,5225.6000,5224.0000,5223.8000,5223.2000,5222.4000,5226.8000,5227.0000,5227.2000,5227.8000,5228.0000,1,2,1,1,1,1,1,1,3,3
SF,IC2009,2020-05-12 09:33:37.800,5225.6000,39740,-1,347555840.000,1,0,1,双平,S,5224.0000,5223.8000,5223.2000,5222.6000,5222.4000,5226.8000,5227.0000,5227.2000,5227.8000,5228.0000,2,1,1,1,1,2,1,1,3,3
SF,IC2009,2020-05-12 09:33:38.300,5226.8000,39740,0,349646560.000,2,1,1,多换,S,5224.2000,5224.0000,5223.8000,5223.2000,5222.6000,5227.0000,5227.2000,5227.8000,5228.0000,5228.4000,1,2,1,1,1,1,1,3,3,2
SF,IC2009,2020-05-12 09:33:38.800,5226.8000,39740,0,349646560.000,0,-,-,-,-,5224.4000,5224.2000,5224.0000,5223.8000,5223.2000,5226.8000,5227.0000,5227.2000,5227.8000,5228.0000,1,1,2,1,1,1,1,1,3,3
SF,IC2009,2020-05-12 09:33:39.300,5226.8000,39740,0,349646560.000,0,-,-,-,-,5224.6000,5224.0000,5223.8000,5223.2000,5222.8000,5226.8000,5227.0000,5227.2000,5227.8000,5228.0000,1,2,1,1,1,2,1,1,3,3
SF,IC2009,2020-05-12 09:33:39.800,5226.8000,39740,0,350691920.000,1,0,1,多换,S,5224.6000,5224.4000,5224.0000,5223.8000,5223.2000,5226.8000,5227.0000,5227.2000,5227.8000,5228.0000,1,1,2,1,1,1,1,1,3,3
SF,IC2009,2020-05-12 09:33:40.300,5226.8000,39740,0,351737280.000,1,0,1,多换,S,5224.6000,5224.0000,5223.8000,5223.2000,5222.8000,5226.8000,5227.0000,5227.2000,5227.8000,5228.0000,1,2,1,1,1,1,1,1,3,3
SF,IC2009,2020-05-12 09:33:40.800,5226.8000,39740,0,351737280.000,0,-,-,-,-,5224.6000,5224.0000,5223.8000,5223.2000,5222.8000,5226.6000,5226.8000,5227.0000,5227.2000,5227.8000,1,2,1,1,1,1,1,1,1,3
SF,IC2009,2020-05-12 09:33:44.800,5226.8000,39740,0,351737280.000,0,-,-,-,-,5224.6000,5224.0000,5223.8000,5223.2000,5222.8000,5226.6000,5227.0000,5227.2000,5227.8000,5228.0000,2,2,1,1,1,1,1,1,3,3
SF,IC2009,2020-05-12 09:33:45.800,5226.8000,39739,-1,352782640.000,1,0,1,双平,S,5224.6000,5224.0000,5223.8000,5223.2000,5222.8000,5227.0000,5227.2000,5227.8000,5228.0000,5228.4000,2,2,1,1,1,1,1,3,3,2
SF,IC2009,2020-05-12 09:33:46.300,5226.8000,39739,0,352782640.000,0,-,-,-,-,5224.6000,5224.0000,5223.8000,5222.8000,5222.6000,5227.0000,5227.2000,5227.8000,5228.0000,5228.4000,2,2,1,1,1,1,1,3,3,2
SF,IC2009,2020-05-12 09:33:46.800,5227.2000,39739,0,354873480.000,2,1,1,多换,S,5225.6000,5224.8000,5224.6000,5224.0000,5223.8000,5227.8000,5228.0000,5228.4000,5228.6000,5228.8000,1,1,1,2,1,3,3,2,1,4
SF,IC2009,2020-05-12 09:33:47.300,5227.8000,39736,-3,358010160.000,3,0,3,双平,S,5227.0000,5225.8000,5225.6000,5224.8000,5224.6000,5227.6000,5228.0000,5228.4000,5228.6000,5228.8000,1,1,3,3,1,1,3,2,1,4
SF,IC2009,2020-05-12 09:33:47.800,5228.0000,39733,-3,362192480.000,4,0,4,多平,S,5227.8000,5227.6000,5226.0000,5225.8000,5225.6000,5228.4000,5228.6000,5228.8000,5229.0000,5231.0000,1,1,2,2,3,2,1,4,1,1
SF,IC2009,2020-05-12 09:33:48.300,5228.4000,39731,-2,364283840.000,2,0,2,双平,S,5228.4000,5227.6000,5226.2000,5226.0000,5225.8000,5228.6000,5228.8000,5229.0000,5231.0000,5234.0000,1,1,1,2,2,1,4,1,1,2
SF,IC2009,2020-05-12 09:33:48.800,5228.8000,39728,-3,369512600.000,5,1,4,多平,S,5228.6000,5228.4000,5226.2000,5226.0000,5225.8000,5229.0000,5231.0000,5234.0000,5237.4000,5238.0000,4,1,1,2,2,1,1,2,5,8
SF,IC2009,2020-05-12 09:33:49.300,5229.0000,39726,-2,371604200.000,2,0,2,双平,S,5228.6000,5226.2000,5226.0000,5225.8000,5225.6000,5231.0000,5234.0000,5237.4000,5238.0000,5239.8000,4,1,2,2,3,1,2,5,8,1
SF,IC2009,2020-05-12 09:33:49.800,5230.8000,39726,0,372650360.000,1,0,1,多换,S,5229.4000,5228.8000,5228.6000,5226.0000,5225.8000,5231.0000,5234.0000,5237.4000,5238.0000,5239.8000,1,1,2,2,2,1,2,5,8,1
SF,IC2009,2020-05-12 09:33:50.300,5231.0000,39725,-1,374742760.000,2,0,2,多平,S,5231.0000,5229.6000,5229.4000,5228.6000,5226.0000,5234.0000,5237.4000,5238.0000,5239.8000,5242.0000,2,1,1,2,2,2,5,8,1,3
SF,IC2009,2020-05-12 09:33:50.800,5231.0000,39724,-1,377881360.000,3,1,2,多平,S,5229.4000,5228.6000,5226.0000,5225.8000,5225.6000,5232.4000,5233.2000,5233.4000,5233.8000,5234.0000,1,3,2,2,3,1,1,5,4,3
SF,IC2009,2020-05-12 09:33:51.300,5231.0000,39724,0,377881360.000,0,-,-,-,-,5229.6000,5229.4000,5228.6000,5226.0000,5225.8000,5232.2000,5233.2000,5233.4000,5233.8000,5234.0000,1,1,3,2,2,3,1,3,1,3
SF,IC2009,2020-05-12 09:33:51.800,5231.0000,39724,0,377881360.000,0,-,-,-,-,5229.6000,5229.4000,5228.6000,5226.0000,5225.8000,5232.2000,5233.2000,5234.0000,5234.8000,5237.4000,1,1,3,2,2,2,1,4,1,5
SF,IC2009,2020-05-12 09:33:52.300,5232.2000,39723,-1,378927800.000,1,0,1,双平,S,5229.6000,5229.4000,5228.6000,5226.0000,5225.8000,5232.2000,5233.2000,5234.0000,5234.8000,5237.4000,1,1,3,2,2,1,1,4,1,5
SF,IC2009,2020-05-12 09:33:52.800,5229.4000,39721,-2,381019600.000,2,0,2,双平,S,5231.0000,5228.6000,5226.0000,5225.8000,5225.6000,5231.6000,5231.8000,5232.0000,5232.2000,5233.2000,2,2,2,2,3,1,1,1,1,1
SF,IC2009,2020-05-12 09:33:53.300,5231.8000,39719,-2,387297080.000,6,2,4,多平,S,5228.6000,5226.0000,5225.8000,5225.6000,5224.8000,5232.0000,5233.2000,5234.0000,5234.8000,5237.4000,2,2,2,3,2,1,1,4,1,5
SF,IC2009,2020-05-12 09:33:53.800,5231.8000,39719,0,387297080.000,0,-,-,-,-,5228.8000,5226.0000,5225.8000,5225.6000,5224.8000,5233.2000,5234.0000,5234.8000,5237.4000,5238.0000,1,2,2,3,2,1,4,1,5,8
SF,IC2009,2020-05-12 09:33:54.300,5231.8000,39719,0,387297080.000,0,-,-,-,-,5229.4000,5228.8000,5226.0000,5225.8000,5225.6000,5231.6000,5232.4000,5233.0000,5233.2000,5234.0000,1,1,2,2,3,1,1,4,1,4
SF,IC2009,2020-05-12 09:33:54.800,5231.8000,39719,0,387297080.000,0,-,-,-,-,5229.6000,5229.4000,5226.0000,5225.8000,5225.6000,5231.6000,5233.0000,5233.2000,5234.0000,5234.8000,1,1,2,2,3,1,4,1,4,1
SF,IC2009,2020-05-12 09:33:55.300,5231.8000,39719,0,387297080.000,0,-,-,-,-,5229.6000,5229.4000,5226.0000,5225.8000,5225.6000,5231.6000,5232.0000,5233.0000,5233.2000,5234.0000,1,1,2,2,3,1,1,3,1,4
SF,IC2009,2020-05-12 09:33:55.800,5231.8000,39719,0,387297080.000,0,-,-,-,-,5229.6000,5229.4000,5226.0000,5225.8000,5225.6000,5231.6000,5232.0000,5233.0000,5233.2000,5234.0000,1,1,2,2,3,1,1,3,1,4
SF,IC2009,2020-05-12 09:33:56.300,5231.8000,39719,0,387297080.000,0,-,-,-,-,5229.8000,5229.6000,5226.0000,5225.8000,5225.6000,5231.6000,5232.0000,5233.0000,5233.2000,5234.0000,1,1,2,2,3,1,1,3,1,4
SF,IC2009,2020-05-12 09:33:56.800,5231.8000,39719,0,387297080.000,0,-,-,-,-,5230.0000,5229.8000,5226.0000,5225.8000,5225.6000,5231.6000,5231.8000,5232.0000,5233.0000,5234.0000,1,1,2,2,3,1,1,1,3,4
SF,IC2009,2020-05-12 09:33:57.300,5231.6000,39719,0,388343400.000,1,0,1,多换,S,5230.0000,5229.8000,5226.0000,5225.8000,5225.6000,5231.6000,5231.8000,5232.0000,5233.0000,5234.0000,1,1,2,2,3,1,1,1,3,4
SF,IC2009,2020-05-12 09:33:57.800,5230.0000,39718,-1,389389400.000,1,0,1,双平,S,5229.8000,5226.0000,5225.8000,5225.6000,5224.8000,5231.4000,5231.6000,5231.8000,5232.0000,5233.0000,1,2,2,3,2,1,1,1,1,2
SF,IC2009,2020-05-12 09:33:58.300,5230.0000,39718,0,389389400.000,0,-,-,-,-,5231.0000,5230.0000,5226.0000,5225.8000,5225.6000,5231.4000,5231.6000,5231.8000,5232.0000,5233.0000,1,1,2,2,3,1,1,1,1,2
SF,IC2009,2020-05-12 09:33:58.800,5230.6000,39717,-1,390435520.000,1,0,1,双平,S,5230.0000,5226.0000,5225.8000,5225.6000,5224.8000,5231.0000,5231.6000,5231.8000,5232.0000,5233.0000,1,2,2,3,2,3,1,1,2,2
SF,IC2009,2020-05-12 09:33:59.300,5230.0000,39716,-1,391481520.000,1,0,1,双平,S,5226.0000,5225.8000,5225.6000,5224.8000,5224.6000,5230.0000,5231.6000,5231.8000,5232.0000,5232.2000,2,2,3,2,1,1,1,1,2,1
SF,IC2009,2020-05-12 09:33:59.800,5230.0000,39717,1,392527520.000,1,1,0,双开,S,5227.2000,5226.2000,5226.0000,5225.8000,5225.6000,5231.6000,5231.8000,5232.0000,5232.2000,5233.0000,1,2,2,1,3,1,1,2,1,2
SF,IC2009,2020-05-12 09:34:00.300,5230.0000,39717,0,392527520.000,0,-,-,-,-,5227.4000,5227.2000,5226.0000,5225.8000,5225.6000,5231.4000,5231.6000,5231.8000,5232.0000,5232.2000,3,1,2,1,3,3,1,1,2,1
SF,IC2009,2020-05-12 09:34:00.800,5230.0000,39717,0,392527520.000,0,-,-,-,-,5227.4000,5227.2000,5226.0000,5225.8000,5225.6000,5231.4000,5231.8000,5232.0000,5232.2000,5233.0000,3,1,2,1,3,3,1,2,1,1
SF,IC2009,2020-05-12 09:34:01.300,5230.0000,39717,0,392527520.000,0,-,-,-,-,5229.4000,5227.4000,5227.2000,5226.0000,5225.8000,5230.6000,5231.0000,5231.4000,5231.8000,5232.0000,1,2,1,2,1,1,1,3,1,2
SF,IC2009,2020-05-12 09:34:01.800,5229.4000,39716,-1,393573400.000,1,0,1,双平,S,5227.8000,5227.4000,5227.2000,5226.0000,5225.8000,5230.4000,5231.0000,5231.4000,5231.8000,5232.0000,1,2,1,2,1,1,1,2,1,1
SF,IC2009,2020-05-12 09:34:02.300,5228.0000,39715,-1,394619000.000,1,0,1,双平,S,5227.8000,5227.4000,5227.2000,5224.8000,5224.6000,5231.0000,5231.4000,5231.8000,5232.0000,5232.2000,1,1,1,2,1,1,3,1,2,1
SF,IC2009,2020-05-12 09:34:02.800,5228.0000,39715,0,394619000.000,0,-,-,-,-,5228.0000,5227.8000,5227.4000,5227.2000,5224.8000,5230.8000,5231.0000,5231.4000,5231.8000,5232.0000,1,1,1,1,2,2,1,2,1,3
SF,IC2009,2020-05-12 09:34:03.300,5228.0000,39715,0,394619000.000,0,-,-,-,-,5228.0000,5227.8000,5227.4000,5227.2000,5224.8000,5230.8000,5231.4000,5231.8000,5232.0000,5232.2000,1,1,1,1,2,2,2,1,3,1
SF,IC2009,2020-05-12 09:34:03.800,5228.0000,39715,0,394619000.000,0,-,-,-,-,5228.0000,5227.4000,5227.2000,5224.8000,5224.6000,5230.6000,5230.8000,5231.4000,5231.8000,5232.0000,1,1,1,2,1,1,2,2,1,3
SF,IC2009,2020-05-12 09:34:04.300,5230.4000,39714,-1,395665080.000,1,0,1,双平,S,5228.2000,5228.0000,5227.4000,5227.2000,5224.8000,5230.6000,5230.8000,5231.4000,5231.8000,5232.0000,1,1,1,1,2,1,1,2,1,3
SF,IC2009,2020-05-12 09:34:04.800,5230.4000,39714,0,395665080.000,0,-,-,-,-,5228.8000,5228.4000,5228.2000,5227.4000,5227.2000,5230.8000,5231.4000,5231.6000,5231.8000,5232.0000,1,1,1,1,1,1,2,1,1,3
SF,IC2009,2020-05-12 09:34:05.300,5230.4000,39714,0,395665080.000,0,-,-,-,-,5229.0000,5228.8000,5228.2000,5227.4000,5227.2000,5231.4000,5231.6000,5231.8000,5232.0000,5232.2000,1,1,1,1,1,2,1,1,2,1
SF,IC2009,2020-05-12 09:34:05.800,5230.4000,39714,0,395665080.000,0,-,-,-,-,5229.0000,5228.8000,5228.2000,5227.4000,5227.2000,5231.2000,5231.4000,5231.6000,5231.8000,5232.0000,2,2,1,1,1,1,1,1,1,1
SF,IC2009,2020-05-12 09:34:06.300,5230.4000,39714,0,395665080.000,0,-,-,-,-,5229.0000,5228.8000,5228.2000,5227.4000,5227.2000,5231.2000,5231.4000,5231.6000,5231.8000,5232.0000,2,2,1,1,1,2,1,1,1,1
SF,IC2009,2020-05-12 09:34:06.800,5230.4000,39714,0,395665080.000,0,-,-,-,-,5229.0000,5228.8000,5228.2000,5227.4000,5227.2000,5231.0000,5231.4000,5231.6000,5231.8000,5232.0000,2,2,1,1,1,3,1,1,1,1
SF,IC2009,2020-05-12 09:34:07.300,5231.0000,39713,-1,396711280.000,1,0,1,双平,S,5229.0000,5228.8000,5228.2000,5227.4000,5227.2000,5231.0000,5231.4000,5231.8000,5232.0000,5232.2000,2,2,1,1,1,2,1,1,1,1
SF,IC2009,2020-05-12 09:34:08.300,5231.0000,39713,0,396711280.000,0,-,-,-,-,5229.0000,5228.8000,5228.2000,5227.4000,5227.2000,5231.0000,5231.4000,5231.8000,5232.0000,5232.2000,2,2,1,1,1,2,1,1,1,1
SF,IC2009,2020-05-12 09:34:08.800,5231.0000,39713,0,396711280.000,0,-,-,-,-,5229.0000,5228.8000,5228.2000,5227.4000,5227.2000,5231.0000,5231.4000,5231.8000,5232.0000,5232.2000,2,2,1,1,1,2,1,1,1,1
SF,IC2009,2020-05-12 09:34:09.300,5231.0000,39712,-1,398803680.000,2,0,2,多平,S,5231.0000,5229.0000,5228.8000,5228.2000,5227.4000,5231.4000,5231.8000,5232.0000,5232.2000,5233.0000,5,2,2,1,1,1,1,1,1,1
SF,IC2009,2020-05-12 09:34:09.800,5231.8000,39712,0,400896320.000,2,1,1,多换,S,5231.4000,5231.2000,5231.0000,5229.0000,5228.8000,5232.0000,5232.2000,5233.0000,5234.0000,5234.8000,3,2,5,1,2,1,1,1,3,2
SF,IC2009,2020-05-12 09:34:10.300,5233.0000,39709,-3,404035760.000,3,0,3,双平,S,5231.6000,5231.4000,5231.0000,5230.0000,5229.0000,5234.0000,5234.8000,5235.0000,5235.8000,5238.0000,1,3,4,1,1,3,2,6,3,8
SF,IC2009,2020-05-12 09:34:10.800,5233.0000,39709,0,404035760.000,0,-,-,-,-,5231.6000,5231.4000,5231.0000,5230.0000,5229.0000,5233.8000,5234.0000,5234.8000,5235.0000,5235.8000,1,3,4,1,1,1,3,2,6,3
SF,IC2009,2020-05-12 09:34:11.300,5233.0000,39709,0,404035760.000,0,-,-,-,-,5231.6000,5231.4000,5231.0000,5230.0000,5229.0000,5234.0000,5234.8000,5235.0000,5235.8000,5238.0000,1,3,4,1,1,3,2,6,3,8
SF,IC2009,2020-05-12 09:34:11.800,5232.0000,39709,0,405082160.000,1,0,1,多换,S,5231.8000,5231.6000,5231.4000,5231.0000,5230.0000,5234.0000,5234.8000,5235.0000,5235.8000,5238.0000,1,1,3,4,1,3,2,6,3,8
SF,IC2009,2020-05-12 09:34:12.300,5232.0000,39709,0,405082160.000,0,-,-,-,-,5232.0000,5231.8000,5231.4000,5231.0000,5230.0000,5234.0000,5234.8000,5235.0000,5235.8000,5238.0000,1,1,3,4,1,3,2,6,3,8
SF,IC2009,2020-05-12 09:34:12.800,5232.0000,39709,0,405082160.000,0,-,-,-,-,5232.0000,5231.8000,5231.4000,5231.0000,5230.0000,5233.8000,5234.0000,5234.8000,5235.0000,5235.8000,1,1,3,4,1,1,3,2,6,3
SF,IC2009,2020-05-12 09:34:13.300,5232.0000,39709,0,405082160.000,0,-,-,-,-,5231.4000,5231.0000,5229.0000,5228.8000,5225.8000,5233.8000,5234.0000,5234.8000,5235.0000,5235.8000,3,4,1,2,5,1,3,2,6,3
SF,IC2009,2020-05-12 09:34:13.800,5232.0000,39709,0,405082160.000,0,-,-,-,-,5231.6000,5231.4000,5231.0000,5229.0000,5228.8000,5233.8000,5234.0000,5234.8000,5235.0000,5235.8000,1,3,4,1,2,1,3,2,6,3
SF,IC2009,2020-05-12 09:34:14.300,5232.0000,39709,0,405082160.000,0,-,-,-,-,5231.6000,5231.4000,5231.0000,5229.0000,5228.8000,5233.8000,5234.0000,5234.8000,5235.0000,5235.8000,1,3,4,1,1,1,3,2,6,3
SF,IC2009,2020-05-12 09:34:14.800,5232.0000,39709,0,405082160.000,0,-,-,-,-,5231.6000,5231.4000,5231.0000,5229.0000,5228.8000,5234.0000,5234.8000,5235.0000,5235.8000,5238.0000,1,1,4,1,1,3,2,6,3,8
SF,IC2009,2020-05-12 09:34:15.300,5232.0000,39709,0,405082160.000,0,-,-,-,-,5231.6000,5231.4000,5229.0000,5228.8000,5225.8000,5233.0000,5234.0000,5234.8000,5235.0000,5235.8000,1,1,1,1,5,1,3,2,6,3
SF,IC2009,2020-05-12 09:34:15.800,5232.0000,39709,0,405082160.000,0,-,-,-,-,5231.6000,5231.4000,5229.0000,5228.8000,5225.8000,5233.0000,5234.0000,5234.8000,5235.0000,5235.8000,1,1,1,1,5,1,3,2,6,3
SF,IC2009,2020-05-12 09:34:16.300,5232.0000,39709,0,405082160.000,0,-,-,-,-,5231.6000,5231.4000,5229.0000,5228.8000,5225.8000,5233.0000,5234.0000,5234.8000,5235.0000,5235.8000,1,1,1,1,5,1,3,2,6,3
SF,IC2009,2020-05-12 09:34:16.800,5232.0000,39709,0,405082160.000,0,-,-,-,-,5231.6000,5231.4000,5229.0000,5228.8000,5225.8000,5233.0000,5234.0000,5234.8000,5235.0000,5235.8000,1,1,1,1,5,1,3,2,6,3
SF,IC2009,2020-05-12 09:34:17.300,5233.0000,39709,0,406128760.000,1,0,1,多换,S,5231.8000,5231.6000,5231.4000,5229.0000,5228.8000,5234.0000,5234.8000,5235.0000,5235.8000,5238.0000,1,1,1,1,1,3,2,6,3,8
SF,IC2009,2020-05-12 09:34:17.800,5233.0000,39709,0,406128760.000,0,-,-,-,-,5233.0000,5232.0000,5231.8000,5231.4000,5229.0000,5234.0000,5234.8000,5235.0000,5235.8000,5238.0000,5,2,1,1,1,3,2,6,3,8
SF,IC2009,2020-05-12 09:34:18.300,5233.0000,39709,0,407175360.000,1,0,1,多换,S,5233.0000,5232.0000,5231.8000,5231.4000,5229.0000,5234.0000,5234.8000,5235.0000,5235.8000,5238.0000,6,2,1,1,1,3,2,6,3,8
SF,IC2009,2020-05-12 09:34:18.800,5233.0000,39709,0,407175360.000,0,-,-,-,-,5233.2000,5233.0000,5232.0000,5231.8000,5231.6000,5234.0000,5234.8000,5235.0000,5235.8000,5238.0000,1,6,1,1,1,3,2,6,3,8
SF,IC2009,2020-05-12 09:34:19.300,5234.0000,39710,1,410315760.000,3,2,1,空开,S,5234.0000,5233.2000,5233.0000,5232.0000,5231.8000,5234.8000,5235.0000,5235.8000,5238.0000,5239.8000,1,1,6,1,1,2,6,3,8,2
SF,IC2009,2020-05-12 09:34:19.800,5234.0000,39710,0,410315760.000,0,-,-,-,-,5234.0000,5233.2000,5233.0000,5232.0000,5231.6000,5234.8000,5235.0000,5235.8000,5238.0000,5239.8000,1,1,6,1,1,2,6,3,8,2
SF,IC2009,2020-05-12 09:34:20.300,5234.0000,39710,0,410315760.000,0,-,-,-,-,5234.0000,5233.2000,5233.0000,5232.0000,5231.6000,5234.8000,5235.0000,5235.8000,5238.0000,5239.8000,1,1,6,1,1,2,6,3,8,2
SF,IC2009,2020-05-12 09:34:20.800,5234.0000,39711,1,411362560.000,1,1,0,双开,S,5233.2000,5233.0000,5232.0000,5231.6000,5229.0000,5234.8000,5235.0000,5235.8000,5238.0000,5239.8000,1,6,1,1,1,2,6,3,8,2
SF,IC2009,2020-05-12 09:34:21.300,5234.0000,39711,0,411362560.000,0,-,-,-,-,5233.2000,5233.0000,5232.0000,5231.6000,5229.0000,5234.8000,5235.0000,5235.8000,5238.0000,5239.8000,1,4,1,1,1,2,6,3,8,2
SF,IC2009,2020-05-12 09:34:21.800,5234.8000,39713,2,413456480.000,2,2,0,双开,S,5233.2000,5233.0000,5232.0000,5229.0000,5225.8000,5233.8000,5235.0000,5235.8000,5238.0000,5239.8000,1,4,1,1,5,1,6,3,8,2
SF,IC2009,2020-05-12 09:34:22.300,5234.0000,39712,-1,414503280.000,1,0,1,双平,S,5234.8000,5233.8000,5233.0000,5232.0000,5229.0000,5235.0000,5235.8000,5238.0000,5239.8000,5242.0000,1,1,4,1,1,6,3,8,2,3
