市场代码,合约代码,时间,最新,持仓,增仓,成交额,成交量,开仓,平仓,成交类型,方向,买一价,买二价,买三价,买四价,买五价,卖一价,卖二价,卖三价,卖四价,卖五价,买一量,买二量,买三量,买四量,买五量,卖一量,卖二量,卖三量,卖四量,卖五量
SF,IC2009,2020-04-23 09:29:00.000,5061.0000,39831,0,16195200.000,16.000,-,-,-,-,5060.8000,5060.2000,5060.0000,5053.0000,5051.0000,5063.0000,5063.2000,5064.2000,5065.0000,5070.0000,2,2,2,1,1,1,3,1,2,1
SF,IC2009,2020-04-23 09:30:00.500,5059.8000,39841,10,37435960.000,21,15,6,空开,S,5050.0000,5045.6000,5041.2000,5035.2000,5032.6000,5057.2000,5058.0000,5059.0000,5059.4000,5060.0000,3,1,1,1,2,1,1,3,1,22
SF,IC2009,2020-04-23 09:30:01.000,5052.6000,39838,-3,40466600.000,3,0,3,双平,S,5050.2000,5050.0000,5045.6000,5041.2000,5035.2000,5054.2000,5057.0000,5057.2000,5058.0000,5059.0000,1,3,1,1,1,3,3,3,1,3
SF,IC2009,2020-04-23 09:30:01.500,5054.2000,39838,0,42488280.000,2,1,1,多换,S,5052.6000,5052.4000,5050.8000,5050.4000,5050.0000,5053.6000,5057.0000,5057.2000,5058.0000,5059.0000,1,1,5,1,3,2,2,2,1,1
SF,IC2009,2020-04-23 09:30:02.000,5053.8000,39836,-2,44509800.000,2,0,2,双平,S,5053.2000,5052.6000,5052.4000,5050.8000,5050.4000,5057.0000,5057.2000,5059.0000,5059.4000,5060.0000,3,1,1,2,1,2,2,1,1,22
SF,IC2009,2020-04-23 09:30:02.500,5053.8000,39836,0,44509800.000,0,-,-,-,-,5053.4000,5053.2000,5052.8000,5052.6000,5052.4000,5057.0000,5057.2000,5059.0000,5059.4000,5060.0000,2,3,1,1,1,2,1,1,1,22
SF,IC2009,2020-04-23 09:30:03.000,5057.0000,39835,-1,45521200.000,1,0,1,双平,S,5055.8000,5055.4000,5054.0000,5053.6000,5053.4000,5059.0000,5059.4000,5060.0000,5060.4000,5060.6000,1,2,3,2,2,1,1,22,2,1
SF,IC2009,2020-04-23 09:30:03.500,5057.0000,39835,0,45521200.000,0,-,-,-,-,5056.8000,5056.4000,5056.0000,5055.8000,5055.4000,5058.8000,5059.0000,5059.4000,5060.0000,5060.4000,1,3,6,1,2,2,1,1,21,2
SF,IC2009,2020-04-23 09:30:04.000,5058.8000,39834,-1,46532960.000,1,0,1,双平,S,5057.4000,5057.0000,5056.8000,5056.0000,5055.8000,5059.0000,5059.4000,5060.0000,5060.4000,5060.6000,5,5,1,1,1,1,1,21,2,1
SF,IC2009,2020-04-23 09:30:04.500,5057.6000,39830,-4,52602600.000,6,1,5,多平,S,5057.6000,5057.4000,5057.0000,5056.8000,5056.0000,5059.4000,5060.0000,5060.4000,5060.6000,5060.8000,4,5,5,1,1,1,21,2,1,1
SF,IC2009,2020-04-23 09:30:05.000,5057.6000,39830,0,52602600.000,0,-,-,-,-,5058.2000,5057.8000,5057.6000,5057.4000,5057.0000,5059.4000,5060.0000,5060.4000,5060.6000,5060.8000,3,1,4,2,4,1,21,2,1,1
SF,IC2009,2020-04-23 09:30:05.500,5057.6000,39830,0,52602600.000,0,-,-,-,-,5059.0000,5058.4000,5058.2000,5057.4000,5057.0000,5059.4000,5060.0000,5060.4000,5060.6000,5060.8000,1,5,3,2,4,1,21,2,1,1
SF,IC2009,2020-04-23 09:30:06.000,5059.4000,39829,-1,54626280.000,2,0,2,多平,S,5059.6000,5059.2000,5059.0000,5058.4000,5057.4000,5060.0000,5060.4000,5060.6000,5060.8000,5063.0000,2,4,1,1,2,21,2,1,1,1
SF,IC2009,2020-04-23 09:30:06.500,5060.0000,39830,1,57662120.000,3,2,1,空开,S,5059.8000,5059.0000,5058.4000,5057.4000,5057.0000,5060.0000,5060.4000,5060.6000,5060.8000,5063.0000,4,1,1,2,4,20,2,1,1,1
SF,IC2009,2020-04-23 09:30:07.000,5060.0000,39830,0,60698120.000,3,1,2,多换,S,5059.8000,5059.0000,5058.4000,5057.4000,5057.0000,5060.0000,5060.4000,5060.6000,5060.8000,5063.0000,4,1,1,2,4,18,2,1,1,1
SF,IC2009,2020-04-23 09:30:07.500,5060.0000,39830,0,65758120.000,5,2,3,多换,S,5059.8000,5059.0000,5057.4000,5057.0000,5056.8000,5060.0000,5060.4000,5060.6000,5060.8000,5063.0000,4,1,2,4,1,13,2,1,1,1
SF,IC2009,2020-04-23 09:30:08.000,5059.8000,39830,0,72841960.000,7,3,4,多换,S,5059.0000,5057.4000,5057.0000,5056.8000,5056.0000,5059.4000,5060.0000,5060.4000,5060.6000,5060.8000,1,2,4,1,1,1,10,2,1,1
SF,IC2009,2020-04-23 09:30:08.500,5059.4000,39827,-3,75877440.000,3,0,3,双平,S,5059.4000,5057.4000,5057.0000,5056.8000,5056.0000,5060.0000,5060.4000,5060.6000,5060.8000,5063.0000,2,2,4,1,1,10,2,1,1,1
SF,IC2009,2020-04-23 09:30:09.000,5060.0000,39827,0,79925200.000,4,2,2,多换,S,5060.2000,5057.4000,5057.2000,5057.0000,5056.8000,5060.4000,5060.6000,5060.8000,5063.0000,5063.2000,9,2,1,4,1,2,1,1,1,10
SF,IC2009,2020-04-23 09:30:09.500,5060.2000,39825,-2,83973440.000,4,1,3,多平,S,5060.2000,5057.4000,5057.2000,5057.0000,5056.8000,5060.6000,5060.8000,5063.0000,5063.2000,5063.8000,7,2,1,4,1,1,1,1,10,1
SF,IC2009,2020-04-23 09:30:10.000,5060.2000,39825,0,84985480.000,1,0,1,多换,S,5060.2000,5057.4000,5057.0000,5056.8000,5056.0000,5060.6000,5060.8000,5063.0000,5063.2000,5063.8000,6,2,4,1,1,1,1,1,10,1
SF,IC2009,2020-04-23 09:30:10.500,5060.2000,39825,0,91057720.000,6,3,3,多换,S,5057.4000,5057.0000,5056.8000,5056.0000,5055.4000,5060.6000,5060.8000,5063.0000,5063.2000,5063.8000,2,4,1,1,2,1,1,1,10,1
SF,IC2009,2020-04-23 09:30:11.000,5057.6000,39824,-1,92069240.000,1,0,1,双平,S,5057.6000,5057.4000,5057.0000,5055.4000,5053.6000,5060.2000,5060.4000,5060.6000,5060.8000,5063.0000,1,2,4,2,1,1,2,1,1,1
SF,IC2009,2020-04-23 09:30:11.500,5060.0000,39824,0,93081240.000,1,0,1,多换,S,5057.4000,5057.0000,5055.4000,5053.6000,5053.0000,5060.2000,5060.6000,5060.8000,5063.0000,5063.2000,2,1,2,1,1,2,1,1,1,10
SF,IC2009,2020-04-23 09:30:12.000,5060.0000,39824,0,96116200.000,3,1,2,多换,S,5057.0000,5053.6000,5053.0000,5050.0000,5046.0000,5060.0000,5060.2000,5060.6000,5060.8000,5063.0000,1,1,1,3,5,1,2,1,1,1
SF,IC2009,2020-04-23 09:30:12.500,5057.0000,39824,0,97127600.000,1,0,1,多换,S,5057.2000,5053.6000,5053.0000,5050.0000,5046.0000,5059.6000,5060.0000,5060.2000,5060.6000,5060.8000,1,1,1,3,5,8,1,3,1,1
SF,IC2009,2020-04-23 09:30:13.000,5057.0000,39824,0,98139000.000,1,0,1,多换,S,5053.6000,5053.0000,5050.0000,5041.6000,5041.2000,5057.8000,5059.0000,5059.2000,5059.6000,5060.0000,1,1,3,1,1,1,1,1,8,1
SF,IC2009,2020-04-23 09:30:13.500,5057.4000,39824,0,101172560.000,3,1,2,多换,S,5050.0000,5041.6000,5041.2000,5040.2000,5040.0000,5057.4000,5057.6000,5057.8000,5059.2000,5059.6000,3,1,1,6,1,4,1,1,1,2
SF,IC2009,2020-04-23 09:30:14.000,5057.4000,39824,0,101172560.000,0,-,-,-,-,5050.2000,5050.0000,5041.6000,5041.2000,5040.2000,5057.2000,5057.4000,5057.8000,5059.2000,5059.6000,1,3,1,1,6,2,4,1,1,2
SF,IC2009,2020-04-23 09:30:14.500,5057.4000,39824,0,101172560.000,0,-,-,-,-,5050.8000,5050.2000,5050.0000,5041.6000,5041.2000,5053.6000,5056.2000,5056.8000,5057.2000,5057.8000,2,1,3,1,1,1,1,4,3,1
SF,IC2009,2020-04-23 09:30:15.000,5053.8000,39823,-1,102183320.000,1,0,1,双平,S,5050.8000,5050.0000,5041.6000,5041.2000,5040.2000,5056.2000,5057.2000,5057.8000,5059.2000,5059.6000,2,3,1,1,6,1,3,1,1,2
SF,IC2009,2020-04-23 09:30:15.500,5053.8000,39823,0,102183320.000,0,-,-,-,-,5051.0000,5050.8000,5050.0000,5041.6000,5041.2000,5056.0000,5056.2000,5057.2000,5057.8000,5059.2000,2,2,4,1,1,1,2,2,1,1
SF,IC2009,2020-04-23 09:30:16.000,5052.6000,39822,-1,103193840.000,1,0,1,双平,S,5051.2000,5051.0000,5050.8000,5050.0000,5041.6000,5056.0000,5056.2000,5057.2000,5057.8000,5059.2000,1,3,2,4,1,1,2,2,1,1
SF,IC2009,2020-04-23 09:30:16.500,5052.6000,39822,0,103193840.000,0,-,-,-,-,5051.4000,5051.2000,5050.8000,5050.0000,5041.6000,5056.0000,5056.2000,5057.2000,5057.8000,5059.2000,5,2,2,4,1,1,2,2,1,1
SF,IC2009,2020-04-23 09:30:17.000,5052.6000,39822,0,103193840.000,0,-,-,-,-,5051.6000,5051.4000,5050.8000,5050.0000,5041.6000,5056.2000,5057.2000,5057.8000,5059.2000,5059.6000,1,6,2,4,1,1,2,1,1,1
SF,IC2009,2020-04-23 09:30:17.500,5052.6000,39822,0,103193840.000,0,-,-,-,-,5052.0000,5051.8000,5051.6000,5050.8000,5050.0000,5056.2000,5057.2000,5057.8000,5059.6000,5060.0000,2,3,2,2,4,1,1,1,1,1
SF,IC2009,2020-04-23 09:30:18.000,5052.2000,39821,-1,104204280.000,1,0,1,双平,S,5052.2000,5052.0000,5050.8000,5050.0000,5041.6000,5056.2000,5057.2000,5057.8000,5059.6000,5060.0000,3,3,2,4,1,1,1,1,1,1
SF,IC2009,2020-04-23 09:30:18.500,5056.0000,39820,-1,105215480.000,1,0,1,双平,S,5052.6000,5052.4000,5052.2000,5050.8000,5050.0000,5056.0000,5056.2000,5057.8000,5059.6000,5060.0000,2,1,4,2,14,1,1,1,1,1
SF,IC2009,2020-04-23 09:30:19.000,5056.0000,39820,0,105215480.000,0,-,-,-,-,5052.8000,5052.6000,5052.4000,5052.2000,5050.8000,5056.0000,5056.2000,5057.8000,5059.6000,5060.0000,2,3,1,1,2,1,1,1,1,1
SF,IC2009,2020-04-23 09:30:19.500,5056.0000,39820,0,105215480.000,0,-,-,-,-,5053.0000,5052.8000,5052.4000,5050.8000,5050.0000,5056.0000,5056.2000,5057.8000,5059.6000,5060.0000,1,3,1,2,14,1,1,1,1,1
SF,IC2009,2020-04-23 09:30:20.000,5056.0000,39820,0,105215480.000,0,-,-,-,-,5053.0000,5052.8000,5052.4000,5050.8000,5050.0000,5056.0000,5057.8000,5059.6000,5060.0000,5060.2000,2,1,1,2,14,1,1,1,1,2
SF,IC2009,2020-04-23 09:30:20.500,5055.8000,39819,-1,107237240.000,2,0,2,多平,S,5053.0000,5052.8000,5052.4000,5050.8000,5050.0000,5055.6000,5055.8000,5056.0000,5057.8000,5059.6000,1,1,1,3,14,1,1,2,1,1
SF,IC2009,2020-04-23 09:30:21.000,5053.0000,39819,0,109258440.000,2,1,1,多换,S,5053.0000,5052.8000,5052.4000,5050.8000,5050.0000,5055.4000,5055.6000,5056.0000,5057.8000,5059.6000,9,1,1,1,14,2,1,1,1,1
SF,IC2009,2020-04-23 09:30:21.500,5055.2000,39819,0,113302600.000,4,2,2,多换,S,5053.0000,5052.8000,5052.4000,5050.8000,5050.0000,5055.2000,5055.4000,5055.6000,5056.0000,5057.6000,9,1,1,1,14,1,3,1,1,5
SF,IC2009,2020-04-23 09:30:22.000,5055.2000,39819,0,113302600.000,0,-,-,-,-,5053.0000,5052.8000,5052.4000,5050.8000,5050.0000,5054.8000,5055.0000,5055.2000,5055.4000,5055.6000,9,1,1,1,14,4,2,1,1,1
SF,IC2009,2020-04-23 09:30:22.500,5053.0000,39819,0,115323800.000,2,1,1,多换,S,5053.0000,5052.8000,5052.4000,5050.8000,5050.0000,5054.6000,5054.8000,5055.2000,5055.4000,5055.6000,9,1,1,1,12,2,5,1,1,1
SF,IC2009,2020-04-23 09:30:23.000,5054.2000,39818,-1,118355840.000,3,1,2,多平,S,5053.0000,5052.8000,5052.4000,5050.8000,5050.0000,5054.2000,5054.6000,5054.8000,5055.2000,5055.4000,7,1,1,1,12,3,2,1,1,1
SF,IC2009,2020-04-23 09:30:23.500,5053.0000,39818,0,119366440.000,1,0,1,多换,S,5053.0000,5052.8000,5052.4000,5052.0000,5050.8000,5054.0000,5054.2000,5054.6000,5054.8000,5055.2000,6,1,1,1,1,1,1,1,1,1
SF,IC2009,2020-04-23 09:30:24.000,5053.0000,39818,0,120377040.000,1,0,1,多换,S,5053.0000,5052.8000,5052.4000,5052.0000,5050.8000,5054.0000,5054.2000,5054.6000,5054.8000,5055.2000,5,1,1,1,1,2,1,1,1,1
SF,IC2009,2020-04-23 09:30:24.500,5053.0000,39818,0,121387640.000,1,0,1,多换,S,5053.0000,5052.8000,5052.4000,5052.0000,5050.8000,5054.2000,5054.6000,5054.8000,5055.2000,5055.4000,4,1,1,1,1,1,1,1,1,1
SF,IC2009,2020-04-23 09:30:25.000,5053.0000,39818,0,121387640.000,0,-,-,-,-,5053.0000,5052.8000,5052.4000,5052.0000,5050.8000,5054.0000,5054.2000,5054.6000,5054.8000,5055.2000,4,1,1,1,1,2,1,1,1,1
SF,IC2009,2020-04-23 09:30:25.500,5053.0000,39818,0,121387640.000,0,-,-,-,-,5053.0000,5052.8000,5052.4000,5052.0000,5050.8000,5054.2000,5054.6000,5054.8000,5055.2000,5055.4000,4,1,1,1,1,1,1,1,1,1
SF,IC2009,2020-04-23 09:30:26.500,5054.2000,39817,-1,122398480.000,1,0,1,双平,S,5053.0000,5052.8000,5052.4000,5052.0000,5050.8000,5054.6000,5054.8000,5055.2000,5055.4000,5055.6000,4,1,1,1,1,1,2,1,2,1
SF,IC2009,2020-04-23 09:30:27.000,5054.2000,39817,0,122398480.000,0,-,-,-,-,5053.2000,5053.0000,5052.8000,5052.4000,5052.0000,5054.6000,5054.8000,5055.2000,5055.4000,5055.6000,1,4,1,1,1,1,2,1,2,1
SF,IC2009,2020-04-23 09:30:27.500,5054.6000,39816,-1,123409400.000,1,0,1,双平,S,5054.6000,5053.2000,5053.0000,5052.8000,5052.4000,5054.8000,5055.2000,5055.4000,5055.6000,5060.2000,1,1,4,1,1,2,1,2,1,1
SF,IC2009,2020-04-23 09:30:28.000,5054.6000,39811,-5,130486160.000,7,1,6,多平,S,5053.2000,5053.0000,5052.8000,5052.4000,5052.0000,5054.8000,5055.4000,5055.6000,5060.2000,5063.0000,1,4,1,1,1,1,2,1,1,1
SF,IC2009,2020-04-23 09:30:28.500,5054.8000,39810,-1,131497120.000,1,0,1,双平,S,5054.6000,5053.4000,5053.2000,5053.0000,5052.8000,5055.4000,5055.6000,5060.2000,5063.0000,5063.2000,1,1,1,4,1,2,1,1,1,10
SF,IC2009,2020-04-23 09:30:29.000,5054.8000,39810,0,131497120.000,0,-,-,-,-,5054.6000,5054.2000,5053.2000,5053.0000,5052.8000,5055.4000,5055.6000,5060.2000,5063.0000,5063.2000,1,1,1,4,1,2,1,1,1,10
SF,IC2009,2020-04-23 09:30:29.500,5054.6000,39810,0,132508040.000,1,0,1,多换,S,5054.2000,5053.2000,5053.0000,5052.8000,5052.4000,5054.6000,5055.4000,5055.6000,5060.2000,5063.0000,1,1,4,1,1,1,2,1,1,1
SF,IC2009,2020-04-23 09:30:30.000,5055.4000,39808,-2,135541120.000,3,0,3,多平,S,5055.6000,5055.0000,5054.2000,5053.2000,5053.0000,5060.2000,5063.0000,5063.2000,5063.4000,5063.8000,1,2,1,1,4,1,1,10,5,1
SF,IC2009,2020-04-23 09:30:30.500,5055.4000,39808,0,135541120.000,0,-,-,-,-,5055.6000,5055.0000,5054.2000,5053.2000,5053.0000,5057.8000,5059.2000,5059.6000,5059.8000,5060.0000,1,2,2,1,14,2,1,1,4,3
SF,IC2009,2020-04-23 09:30:31.000,5055.4000,39808,0,135541120.000,0,-,-,-,-,5055.8000,5055.6000,5055.0000,5054.2000,5053.0000,5057.6000,5057.8000,5059.2000,5059.6000,5059.8000,1,1,2,2,14,1,2,1,1,3
SF,IC2009,2020-04-23 09:30:31.500,5057.4000,39807,-1,136552600.000,1,0,1,双平,S,5056.0000,5055.8000,5055.6000,5055.0000,5054.2000,5057.8000,5059.2000,5059.6000,5059.8000,5060.0000,1,1,1,2,2,2,1,1,3,1
SF,IC2009,2020-04-23 09:30:32.000,5057.4000,39807,0,136552600.000,0,-,-,-,-,5056.2000,5055.6000,5055.0000,5054.2000,5053.0000,5057.8000,5059.2000,5059.6000,5059.8000,5060.0000,2,1,2,2,14,2,1,1,3,1
SF,IC2009,2020-04-23 09:30:32.500,5057.8000,39807,0,137564160.000,1,0,1,多换,S,5056.2000,5055.6000,5055.0000,5054.2000,5053.0000,5059.6000,5060.0000,5060.2000,5063.0000,5063.2000,2,1,2,2,14,1,1,2,1,10
SF,IC2009,2020-04-23 09:30:33.000,5057.8000,39807,0,137564160.000,0,-,-,-,-,5057.8000,5056.4000,5056.2000,5055.6000,5055.0000,5059.4000,5060.2000,5063.0000,5063.2000,5063.4000,2,1,1,1,2,1,1,1,10,5
SF,IC2009,2020-04-23 09:30:33.500,5057.8000,39807,0,137564160.000,0,-,-,-,-,5058.0000,5057.8000,5056.4000,5056.2000,5055.6000,5059.4000,5060.2000,5063.0000,5063.2000,5063.4000,1,2,1,1,1,1,1,1,10,5
SF,IC2009,2020-04-23 09:30:34.000,5057.8000,39807,0,137564160.000,0,-,-,-,-,5058.2000,5057.8000,5056.4000,5056.2000,5054.2000,5059.2000,5059.4000,5060.2000,5063.0000,5063.2000,1,2,1,1,2,1,1,1,1,10
SF,IC2009,2020-04-23 09:30:34.500,5057.8000,39807,0,137564160.000,0,-,-,-,-,5058.4000,5057.8000,5056.2000,5054.2000,5053.6000,5059.2000,5059.4000,5060.2000,5063.0000,5063.2000,1,2,1,2,1,1,1,1,1,10
SF,IC2009,2020-04-23 09:30:35.000,5057.8000,39807,0,137564160.000,0,-,-,-,-,5057.8000,5056.2000,5054.2000,5053.6000,5053.0000,5058.4000,5059.0000,5059.2000,5060.2000,5063.0000,2,1,2,1,14,1,1,2,1,1
SF,IC2009,2020-04-23 09:30:35.500,5058.4000,39806,-1,138575840.000,1,0,1,双平,S,5058.0000,5057.8000,5056.2000,5054.2000,5053.6000,5059.2000,5060.2000,5063.0000,5063.2000,5063.4000,1,2,1,2,1,1,1,1,10,5
SF,IC2009,2020-04-23 09:30:36.000,5058.4000,39806,0,138575840.000,0,-,-,-,-,5058.2000,5057.8000,5056.2000,5054.2000,5053.6000,5059.2000,5060.2000,5063.0000,5063.2000,5063.4000,1,2,1,2,1,1,1,1,10,5
SF,IC2009,2020-04-23 09:30:36.500,5058.4000,39806,0,138575840.000,0,-,-,-,-,5058.4000,5057.8000,5056.2000,5054.2000,5053.6000,5059.2000,5060.2000,5063.0000,5063.2000,5063.4000,1,2,1,2,1,2,1,1,10,5
SF,IC2009,2020-04-23 09:30:37.000,5058.4000,39806,0,138575840.000,0,-,-,-,-,5057.8000,5056.2000,5054.2000,5053.6000,5053.0000,5059.2000,5060.2000,5063.0000,5063.2000,5063.4000,2,1,2,1,14,2,1,1,10,5
SF,IC2009,2020-04-23 09:30:37.500,5058.4000,39806,0,138575840.000,0,-,-,-,-,5058.0000,5057.8000,5056.2000,5054.2000,5053.6000,5059.2000,5060.2000,5063.0000,5063.2000,5063.4000,1,2,1,2,1,2,1,1,10,5
SF,IC2009,2020-04-23 09:30:38.000,5058.4000,39806,0,138575840.000,0,-,-,-,-,5058.2000,5057.8000,5056.2000,5054.2000,5053.6000,5059.2000,5060.2000,5063.0000,5063.2000,5063.4000,1,2,1,2,1,2,1,1,10,5
SF,IC2009,2020-04-23 09:30:38.500,5058.4000,39806,0,138575840.000,0,-,-,-,-,5058.4000,5057.8000,5056.2000,5054.2000,5053.6000,5059.2000,5060.2000,5063.0000,5063.2000,5063.4000,1,2,1,2,1,1,1,1,10,5
SF,IC2009,2020-04-23 09:30:39.000,5058.4000,39805,-1,139587520.000,1,0,1,双平,S,5057.8000,5056.2000,5054.2000,5053.6000,5053.2000,5059.2000,5060.2000,5063.0000,5063.2000,5063.4000,2,1,2,1,1,1,1,1,10,5
SF,IC2009,2020-04-23 09:30:39.500,5058.4000,39805,0,139587520.000,0,-,-,-,-,5058.0000,5057.8000,5056.2000,5054.2000,5053.6000,5058.2000,5059.2000,5060.2000,5063.0000,5063.2000,1,2,1,2,1,2,1,1,1,10
SF,IC2009,2020-04-23 09:30:40.000,5058.2000,39804,-1,141610800.000,2,0,2,多平,S,5057.8000,5056.2000,5054.2000,5053.6000,5053.2000,5058.0000,5059.2000,5060.2000,5063.0000,5063.2000,2,1,2,1,1,1,1,1,1,10
SF,IC2009,2020-04-23 09:30:40.500,5057.8000,39803,-1,143633920.000,2,0,2,多平,S,5056.2000,5054.2000,5053.6000,5053.2000,5053.0000,5058.0000,5059.2000,5060.2000,5063.0000,5063.2000,1,2,1,1,14,1,1,1,1,10
SF,IC2009,2020-04-23 09:30:41.000,5057.8000,39803,0,143633920.000,0,-,-,-,-,5056.4000,5056.2000,5054.2000,5053.6000,5053.2000,5058.0000,5059.2000,5060.2000,5063.0000,5063.2000,1,1,2,1,1,1,1,1,1,10
SF,IC2009,2020-04-23 09:30:41.500,5057.8000,39803,0,143633920.000,0,-,-,-,-,5056.2000,5054.2000,5053.6000,5053.2000,5053.0000,5058.0000,5059.0000,5059.2000,5060.2000,5063.0000,1,2,1,1,14,1,1,2,1,1
SF,IC2009,2020-04-23 09:30:42.000,5056.2000,39802,-1,144645160.000,1,0,1,双平,S,5054.2000,5053.6000,5053.0000,5052.8000,5052.4000,5056.2000,5057.8000,5058.0000,5059.0000,5059.2000,2,1,14,1,1,1,2,1,1,2
SF,IC2009,2020-04-23 09:30:42.500,5056.2000,39802,0,144645160.000,0,-,-,-,-,5054.4000,5054.2000,5053.6000,5053.0000,5052.8000,5056.2000,5057.8000,5058.0000,5059.0000,5059.2000,2,2,1,14,1,1,1,1,1,2
SF,IC2009,2020-04-23 09:30:43.000,5056.2000,39802,0,144645160.000,0,-,-,-,-,5054.4000,5054.2000,5053.6000,5053.0000,5052.8000,5056.0000,5056.2000,5058.0000,5059.0000,5059.2000,1,2,1,14,1,2,1,1,1,2
SF,IC2009,2020-04-23 09:30:43.500,5056.2000,39802,0,144645160.000,0,-,-,-,-,5054.4000,5054.2000,5053.6000,5053.0000,5052.8000,5056.0000,5056.2000,5058.0000,5059.0000,5059.2000,1,2,1,14,1,2,1,1,1,2
SF,IC2009,2020-04-23 09:30:44.000,5056.2000,39802,0,144645160.000,0,-,-,-,-,5054.4000,5054.2000,5053.6000,5053.0000,5052.8000,5056.0000,5056.2000,5058.0000,5059.0000,5059.2000,1,2,1,14,1,2,1,1,1,2
SF,IC2009,2020-04-23 09:30:44.500,5056.2000,39802,0,144645160.000,0,-,-,-,-,5054.4000,5054.2000,5053.0000,5052.8000,5052.4000,5056.0000,5056.2000,5058.0000,5059.0000,5059.2000,2,2,14,1,1,2,1,1,1,2
SF,IC2009,2020-04-23 09:30:45.000,5056.2000,39802,0,144645160.000,0,-,-,-,-,5055.0000,5054.4000,5054.2000,5053.0000,5052.8000,5056.0000,5056.2000,5058.0000,5059.0000,5059.2000,2,2,2,14,1,2,1,1,1,2
SF,IC2009,2020-04-23 09:30:45.500,5056.2000,39802,0,144645160.000,0,-,-,-,-,5055.0000,5054.4000,5054.2000,5053.0000,5052.8000,5056.2000,5058.0000,5059.0000,5059.2000,5060.2000,2,2,2,14,2,1,1,1,2,1
SF,IC2009,2020-04-23 09:30:46.000,5055.0000,39800,-2,146667160.000,2,0,2,双平,S,5054.4000,5054.2000,5053.8000,5053.0000,5052.8000,5056.0000,5056.2000,5058.0000,5059.0000,5059.2000,2,2,1,14,2,2,1,1,1,2
SF,IC2009,2020-04-23 09:30:47.000,5055.0000,39800,0,146667160.000,0,-,-,-,-,5054.4000,5054.2000,5053.8000,5053.0000,5052.8000,5056.0000,5056.2000,5058.0000,5059.0000,5059.2000,2,2,1,14,2,2,1,1,1,2
SF,IC2009,2020-04-23 09:30:47.500,5055.8000,39799,-1,148689200.000,2,0,2,多平,S,5054.2000,5053.8000,5053.0000,5052.8000,5052.4000,5056.0000,5056.2000,5058.0000,5059.0000,5059.2000,2,1,14,2,1,2,1,1,1,2
SF,IC2009,2020-04-23 09:30:48.000,5055.8000,39799,0,148689200.000,0,-,-,-,-,5054.2000,5053.8000,5053.0000,5052.8000,5052.4000,5055.8000,5056.0000,5056.2000,5058.0000,5059.0000,2,1,14,2,1,1,2,1,1,1
SF,IC2009,2020-04-23 09:30:48.500,5055.8000,39799,0,148689200.000,0,-,-,-,-,5054.2000,5053.8000,5053.0000,5052.8000,5052.4000,5054.4000,5055.6000,5055.8000,5056.0000,5056.2000,2,1,14,2,1,1,1,1,1,1
SF,IC2009,2020-04-23 09:30:49.000,5054.4000,39796,-3,152732600.000,4,0,4,多平,S,5053.8000,5053.0000,5052.8000,5052.4000,5052.0000,5055.8000,5056.0000,5056.2000,5059.0000,5059.2000,1,14,2,1,1,1,1,1,1,2
SF,IC2009,2020-04-23 09:30:49.500,5054.4000,39796,0,152732600.000,0,-,-,-,-,5054.0000,5053.8000,5053.0000,5052.8000,5052.4000,5055.8000,5056.0000,5056.2000,5059.0000,5059.2000,1,1,14,2,1,1,1,1,1,2
SF,IC2009,2020-04-23 09:30:50.000,5054.4000,39796,0,152732600.000,0,-,-,-,-,5054.0000,5053.8000,5053.0000,5052.8000,5052.4000,5055.6000,5055.8000,5056.0000,5056.2000,5059.0000,1,1,14,2,1,1,1,1,1,1
SF,IC2009,2020-04-23 09:30:50.500,5054.0000,39795,-1,153743400.000,1,0,1,双平,S,5053.8000,5053.0000,5052.8000,5052.4000,5052.0000,5055.4000,5055.8000,5056.0000,5056.2000,5059.0000,1,14,2,1,1,1,1,1,1,1
SF,IC2009,2020-04-23 09:30:51.000,5055.8000,39795,0,154754560.000,1,0,1,多换,S,5054.0000,5053.8000,5053.0000,5052.8000,5052.4000,5056.0000,5056.2000,5059.0000,5059.2000,5060.2000,1,1,14,2,1,1,1,1,2,1
SF,IC2009,2020-04-23 09:30:51.500,5055.8000,39795,0,154754560.000,0,-,-,-,-,5054.2000,5054.0000,5053.8000,5053.0000,5052.8000,5056.0000,5056.2000,5059.0000,5059.2000,5060.2000,1,1,1,14,2,1,1,1,2,1
SF,IC2009,2020-04-23 09:30:52.000,5055.8000,39795,0,154754560.000,0,-,-,-,-,5054.4000,5053.8000,5053.0000,5052.8000,5052.4000,5056.0000,5056.2000,5059.0000,5059.2000,5060.2000,2,1,14,2,1,1,1,1,2,1
SF,IC2009,2020-04-23 09:30:52.500,5055.8000,39790,-5,159809960.000,5,0,5,双平,S,5054.4000,5053.8000,5053.0000,5052.8000,5052.4000,5059.0000,5059.2000,5060.2000,5063.0000,5063.2000,1,1,14,2,1,1,2,1,1,10
SF,IC2009,2020-04-23 09:30:53.000,5055.8000,39790,0,159809960.000,0,-,-,-,-,5054.6000,5053.8000,5053.0000,5052.8000,5052.4000,5057.6000,5057.8000,5058.6000,5058.8000,5059.0000,2,1,14,2,1,1,1,3,2,1
SF,IC2009,2020-04-23 09:30:53.500,5055.8000,39790,0,159809960.000,0,-,-,-,-,5054.6000,5053.8000,5053.0000,5052.8000,5052.4000,5057.4000,5057.8000,5058.8000,5059.0000,5059.2000,2,1,14,2,1,1,1,1,1,3
SF,IC2009,2020-04-23 09:30:54.000,5055.8000,39790,0,159809960.000,0,-,-,-,-,5054.6000,5053.8000,5053.0000,5052.8000,5052.4000,5057.8000,5059.0000,5059.2000,5060.2000,5063.0000,1,1,14,2,1,1,1,3,1,1
SF,IC2009,2020-04-23 09:30:54.500,5057.6000,39790,0,160821480.000,1,0,1,多换,S,5054.8000,5054.6000,5053.8000,5053.0000,5052.8000,5059.0000,5059.2000,5060.2000,5063.0000,5063.2000,1,1,1,14,2,1,3,1,1,10
SF,IC2009,2020-04-23 09:30:55.000,5057.6000,39790,0,160821480.000,0,-,-,-,-,5055.0000,5054.8000,5053.8000,5053.0000,5052.8000,5057.2000,5058.8000,5059.0000,5059.2000,5060.2000,1,1,1,14,2,1,1,1,3,1
SF,IC2009,2020-04-23 09:30:55.500,5057.6000,39790,0,160821480.000,0,-,-,-,-,5055.0000,5053.8000,5053.0000,5052.8000,5052.4000,5057.2000,5058.8000,5059.0000,5059.2000,5060.2000,1,1,14,2,1,1,1,1,3,1
SF,IC2009,2020-04-23 09:30:56.500,5057.6000,39790,0,160821480.000,0,-,-,-,-,5055.0000,5053.8000,5053.0000,5052.8000,5052.4000,5057.2000,5058.8000,5059.0000,5059.2000,5060.2000,1,1,14,2,1,1,1,1,3,1
SF,IC2009,2020-04-23 09:30:57.000,5057.6000,39790,0,160821480.000,0,-,-,-,-,5055.0000,5053.8000,5053.0000,5052.8000,5052.4000,5057.2000,5058.8000,5059.0000,5059.2000,5060.2000,1,1,14,2,1,1,1,1,3,1
SF,IC2009,2020-04-23 09:30:57.500,5057.2000,39788,-2,162843920.000,2,0,2,双平,S,5053.8000,5053.0000,5052.8000,5052.4000,5052.0000,5058.8000,5059.0000,5059.2000,5060.2000,5063.0000,1,14,2,1,1,1,1,3,1,1
SF,IC2009,2020-04-23 09:30:58.000,5057.2000,39788,0,162843920.000,0,-,-,-,-,5054.0000,5053.8000,5053.0000,5052.8000,5052.4000,5058.8000,5059.0000,5059.2000,5060.2000,5063.0000,1,1,14,2,1,1,1,3,1,1
SF,IC2009,2020-04-23 09:30:58.500,5057.2000,39788,0,162843920.000,0,-,-,-,-,5054.2000,5054.0000,5053.8000,5053.0000,5052.8000,5058.8000,5059.0000,5059.2000,5060.2000,5063.0000,1,1,1,14,2,1,1,3,1,1
SF,IC2009,2020-04-23 09:30:59.000,5057.2000,39788,0,162843920.000,0,-,-,-,-,5055.4000,5054.4000,5054.2000,5053.8000,5053.0000,5058.8000,5059.0000,5059.2000,5060.2000,5063.0000,10,1,1,1,14,1,1,3,1,1
SF,IC2009,2020-04-23 09:30:59.500,5058.8000,39788,0,167902720.000,5,2,3,多换,S,5058.8000,5055.6000,5055.4000,5054.2000,5053.8000,5059.0000,5059.2000,5060.2000,5063.0000,5063.2000,5,1,10,1,1,1,3,1,1,4
SF,IC2009,2020-04-23 09:31:00.000,5058.8000,39788,0,172961520.000,5,2,3,多换,S,5055.6000,5055.4000,5054.2000,5053.8000,5053.0000,5058.8000,5059.0000,5059.2000,5060.2000,5063.0000,1,10,1,1,14,2,1,3,1,1
SF,IC2009,2020-04-23 09:31:00.500,5058.8000,39788,0,172961520.000,0,-,-,-,-,5055.6000,5055.4000,5053.8000,5053.0000,5052.8000,5057.8000,5058.6000,5058.8000,5059.0000,5059.2000,1,10,1,14,2,4,2,3,1,2
SF,IC2009,2020-04-23 09:31:01.000,5058.8000,39788,0,172961520.000,0,-,-,-,-,5055.6000,5055.4000,5053.8000,5053.0000,5052.8000,5057.8000,5058.6000,5058.8000,5059.0000,5059.2000,1,10,1,14,2,1,1,1,2,2
SF,IC2009,2020-04-23 09:31:02.000,5058.0000,39787,-1,173973120.000,1,0,1,双平,S,5057.8000,5055.6000,5055.4000,5053.8000,5053.0000,5058.6000,5058.8000,5059.0000,5059.2000,5060.2000,1,1,10,1,14,1,1,2,2,1
SF,IC2009,2020-04-23 09:31:02.500,5057.8000,39785,-2,175996280.000,2,0,2,双平,S,5055.6000,5055.4000,5053.8000,5053.0000,5052.8000,5057.8000,5058.4000,5059.0000,5059.2000,5060.2000,1,10,1,14,2,1,1,2,2,1
SF,IC2009,2020-04-23 09:31:03.500,5057.8000,39785,0,175996280.000,0,-,-,-,-,5055.6000,5055.4000,5053.8000,5053.0000,5052.8000,5058.4000,5059.0000,5059.2000,5060.2000,5060.8000,1,10,1,14,2,1,2,2,1,1
SF,IC2009,2020-04-23 09:31:04.000,5057.8000,39785,0,175996280.000,0,-,-,-,-,5055.6000,5055.4000,5053.8000,5053.0000,5052.8000,5058.2000,5058.4000,5059.0000,5059.2000,5060.2000,1,10,1,14,2,1,1,2,2,1
SF,IC2009,2020-04-23 09:31:04.500,5057.8000,39785,0,175996280.000,0,-,-,-,-,5055.8000,5055.6000,5055.4000,5053.8000,5053.0000,5058.0000,5058.2000,5059.0000,5059.2000,5060.2000,1,1,10,1,14,1,1,2,2,1
SF,IC2009,2020-04-23 09:31:05.000,5057.8000,39785,0,175996280.000,0,-,-,-,-,5056.0000,5055.8000,5055.4000,5053.8000,5053.0000,5058.0000,5059.0000,5059.2000,5060.2000,5060.8000,1,1,10,1,14,1,2,2,1,1
SF,IC2009,2020-04-23 09:31:05.500,5057.8000,39785,0,175996280.000,0,-,-,-,-,5055.8000,5055.4000,5053.8000,5053.0000,5052.8000,5057.8000,5058.0000,5059.0000,5059.2000,5060.2000,1,10,1,14,2,2,1,2,2,1
SF,IC2009,2020-04-23 09:31:06.000,5057.8000,39785,0,175996280.000,0,-,-,-,-,5055.8000,5055.4000,5053.8000,5053.0000,5052.8000,5057.6000,5057.8000,5059.0000,5059.2000,5060.2000,1,10,1,14,2,1,2,2,2,1
SF,IC2009,2020-04-23 09:31:06.500,5057.8000,39785,0,175996280.000,0,-,-,-,-,5055.8000,5055.4000,5053.8000,5053.0000,5052.8000,5057.4000,5057.6000,5059.0000,5059.2000,5060.2000,1,10,1,14,2,1,1,2,2,1
SF,IC2009,2020-04-23 09:31:07.000,5057.8000,39785,0,175996280.000,0,-,-,-,-,5055.8000,5055.4000,5053.8000,5053.0000,5052.8000,5057.2000,5059.0000,5059.2000,5060.2000,5060.8000,1,10,1,14,2,2,2,2,1,1
SF,IC2009,2020-04-23 09:31:07.500,5057.8000,39785,0,175996280.000,0,-,-,-,-,5055.8000,5055.4000,5053.8000,5053.0000,5052.8000,5057.0000,5057.2000,5058.2000,5059.0000,5059.2000,1,10,1,14,2,1,2,3,2,2
SF,IC2009,2020-04-23 09:31:08.000,5055.8000,39785,0,177007440.000,1,0,1,多换,S,5055.4000,5053.8000,5053.0000,5052.8000,5052.4000,5056.8000,5057.0000,5058.2000,5059.0000,5059.2000,10,1,14,2,1,2,1,3,2,2
SF,IC2009,2020-04-23 09:31:08.500,5055.8000,39785,0,177007440.000,0,-,-,-,-,5055.4000,5053.8000,5053.0000,5052.8000,5052.4000,5056.6000,5056.8000,5058.2000,5059.0000,5059.2000,10,1,14,2,1,1,2,3,2,2
SF,IC2009,2020-04-23 09:31:09.000,5055.4000,39785,0,183073920.000,6,3,3,多换,S,5055.4000,5053.8000,5053.0000,5052.8000,5052.4000,5056.4000,5056.6000,5056.8000,5058.2000,5059.0000,4,1,14,2,1,2,1,1,3,2
SF,IC2009,2020-04-23 09:31:09.500,5055.4000,39785,0,187118240.000,4,2,2,多换,S,5056.0000,5053.8000,5053.0000,5052.8000,5052.4000,5056.4000,5056.8000,5058.2000,5059.0000,5059.2000,1,1,14,2,1,2,1,3,2,2
SF,IC2009,2020-04-23 09:31:10.000,5056.0000,39784,-1,188129440.000,1,0,1,双平,S,5053.8000,5053.0000,5052.8000,5052.4000,5052.0000,5055.8000,5056.2000,5056.4000,5056.8000,5058.2000,1,14,2,1,1,1,1,1,1,3
SF,IC2009,2020-04-23 09:31:10.500,5056.0000,39784,0,188129440.000,0,-,-,-,-,5054.2000,5054.0000,5053.8000,5053.0000,5052.8000,5055.6000,5056.8000,5058.2000,5059.0000,5059.2000,1,1,1,14,2,1,1,3,2,2
SF,IC2009,2020-04-23 09:31:11.000,5056.0000,39784,0,188129440.000,0,-,-,-,-,5054.2000,5054.0000,5053.8000,5053.0000,5052.8000,5055.2000,5055.4000,5055.6000,5056.8000,5058.2000,1,1,1,14,2,1,1,1,1,3
SF,IC2009,2020-04-23 09:31:11.500,5055.2000,39783,-1,189140480.000,1,0,1,双平,S,5054.2000,5054.0000,5053.8000,5053.0000,5052.8000,5055.2000,5056.8000,5058.2000,5059.0000,5059.2000,1,1,1,14,2,1,1,3,2,1
SF,IC2009,2020-04-23 09:31:12.000,5055.2000,39783,0,189140480.000,0,-,-,-,-,5054.2000,5054.0000,5053.8000,5053.0000,5052.8000,5055.0000,5055.2000,5056.8000,5058.2000,5059.0000,1,1,1,14,2,1,1,1,3,2
SF,IC2009,2020-04-23 09:31:12.500,5054.2000,39780,-3,192173360.000,3,0,3,双平,S,5054.0000,5053.8000,5053.0000,5052.8000,5052.4000,5056.8000,5058.2000,5059.0000,5059.2000,5060.2000,1,1,14,2,1,1,3,2,1,1
SF,IC2009,2020-04-23 09:31:13.000,5054.2000,39780,0,192173360.000,0,-,-,-,-,5054.0000,5053.8000,5053.0000,5052.8000,5052.4000,5056.6000,5056.8000,5058.2000,5059.0000,5059.2000,1,1,14,2,1,1,1,3,2,1
SF,IC2009,2020-04-23 09:31:13.500,5054.0000,39779,-1,193184160.000,1,0,1,双平,S,5053.8000,5053.0000,5052.8000,5052.4000,5052.0000,5054.0000,5054.2000,5056.6000,5056.8000,5058.2000,1,14,2,1,1,1,20,1,1,3
SF,IC2009,2020-04-23 09:31:14.000,5053.8000,39764,-15,211379120.000,18,1,17,多平,S,5053.0000,5052.8000,5052.4000,5052.0000,5051.6000,5054.2000,5056.6000,5056.8000,5058.2000,5059.0000,14,2,1,1,1,6,1,1,3,2
SF,IC2009,2020-04-23 09:31:14.500,5056.6000,39758,-6,218455480.000,7,0,7,多平,S,5054.2000,5053.2000,5053.0000,5052.8000,5052.4000,5056.8000,5058.2000,5059.0000,5059.2000,5060.2000,1,3,14,2,1,1,3,2,1,1
SF,IC2009,2020-04-23 09:31:15.000,5054.2000,39757,-1,219466320.000,1,0,1,双平,S,5053.2000,5053.0000,5052.8000,5052.4000,5052.0000,5056.4000,5056.6000,5056.8000,5058.2000,5059.0000,1,14,2,1,1,3,1,3,3,2
SF,IC2009,2020-04-23 09:31:15.500,5053.0000,39757,0,220476920.000,1,0,1,多换,S,5053.0000,5052.8000,5052.4000,5052.0000,5051.6000,5055.4000,5055.8000,5056.2000,5056.4000,5056.8000,13,2,1,1,1,1,1,2,3,3
SF,IC2009,2020-04-23 09:31:16.000,5053.0000,39757,0,221487520.000,1,0,1,多换,S,5053.0000,5052.8000,5052.4000,5052.0000,5050.8000,5054.0000,5055.2000,5055.4000,5055.8000,5056.2000,12,2,1,1,1,10,1,1,1,1
SF,IC2009,2020-04-23 09:31:16.500,5053.0000,39757,0,228561720.000,7,3,4,多换,S,5053.0000,5052.8000,5052.4000,5052.0000,5050.8000,5054.0000,5055.2000,5055.8000,5056.2000,5056.4000,5,2,1,1,1,10,1,1,1,3
SF,IC2009,2020-04-23 09:31:17.000,5052.8000,39756,-1,234625280.000,6,2,4,多平,S,5052.8000,5052.4000,5052.0000,5050.8000,5050.0000,5053.8000,5054.0000,5055.2000,5056.2000,5056.4000,1,1,1,1,12,1,10,1,1,3
SF,IC2009,2020-04-23 09:31:17.500,5052.8000,39755,-1,235635840.000,1,0,1,双平,S,5052.4000,5052.0000,5050.8000,5050.0000,5048.0000,5053.6000,5053.8000,5054.0000,5056.2000,5056.4000,1,1,1,12,1,1,1,10,1,3
SF,IC2009,2020-04-23 09:31:18.000,5052.8000,39755,0,235635840.000,0,-,-,-,-,5052.0000,5050.8000,5050.0000,5048.0000,5045.4000,5053.4000,5054.0000,5056.2000,5056.4000,5056.8000,1,1,12,1,1,1,11,1,3,3
SF,IC2009,2020-04-23 09:31:18.500,5052.8000,39755,0,235635840.000,0,-,-,-,-,5052.2000,5052.0000,5050.8000,5050.0000,5048.0000,5053.4000,5054.0000,5055.6000,5056.2000,5056.4000,2,1,1,12,1,1,11,1,1,3
SF,IC2009,2020-04-23 09:31:19.000,5052.8000,39755,0,235635840.000,0,-,-,-,-,5052.2000,5052.0000,5050.8000,5050.0000,5048.0000,5053.4000,5054.0000,5055.6000,5056.2000,5056.4000,1,1,1,12,1,1,11,1,1,3
SF,IC2009,2020-04-23 09:31:19.500,5053.4000,39750,-5,240688720.000,5,0,5,双平,S,5053.8000,5052.4000,5050.8000,5050.0000,5048.0000,5054.0000,5055.6000,5056.2000,5056.4000,5056.8000,14,1,1,12,1,11,1,1,3,3
SF,IC2009,2020-04-23 09:31:20.000,5053.8000,39736,-14,254839200.000,14,0,14,双平,S,5052.4000,5050.8000,5050.0000,5048.0000,5046.4000,5053.4000,5053.6000,5053.8000,5054.0000,5055.6000,1,1,12,1,1,1,2,6,11,1
SF,IC2009,2020-04-23 09:31:20.500,5052.4000,39736,0,255849680.000,1,0,1,多换,S,5050.8000,5050.0000,5048.0000,5046.4000,5045.4000,5052.4000,5053.6000,5053.8000,5054.0000,5055.6000,1,12,1,1,1,1,2,5,11,1
SF,IC2009,2020-04-23 09:31:21.000,5052.4000,39736,0,255849680.000,0,-,-,-,-,5050.8000,5050.0000,5048.0000,5046.4000,5045.4000,5052.2000,5052.4000,5053.8000,5054.0000,5055.6000,1,11,1,1,1,1,1,5,11,1
SF,IC2009,2020-04-23 09:31:21.500,5052.4000,39736,0,255849680.000,0,-,-,-,-,5050.8000,5050.0000,5048.0000,5046.4000,5045.4000,5052.4000,5053.8000,5054.0000,5055.6000,5056.4000,1,11,1,1,1,1,5,11,1,3
SF,IC2009,2020-04-23 09:31:22.000,5052.4000,39736,0,255849680.000,0,-,-,-,-,5051.0000,5050.8000,5050.0000,5048.0000,5046.4000,5052.4000,5053.8000,5054.0000,5055.6000,5056.4000,1,1,11,1,1,1,5,11,1,3
SF,IC2009,2020-04-23 09:31:22.500,5052.4000,39736,0,255849680.000,0,-,-,-,-,5051.0000,5050.8000,5050.0000,5048.0000,5046.4000,5052.2000,5052.4000,5053.4000,5053.8000,5054.0000,1,1,11,1,1,1,1,1,5,11
SF,IC2009,2020-04-23 09:31:23.000,5051.2000,39734,-2,257870240.000,2,0,2,双平,S,5051.2000,5050.8000,5050.0000,5048.0000,5046.4000,5052.2000,5052.4000,5053.4000,5053.8000,5054.0000,1,1,11,1,1,1,1,1,5,11
SF,IC2009,2020-04-23 09:31:23.500,5051.2000,39733,-1,258880480.000,1,0,1,双平,S,5050.8000,5050.6000,5050.0000,5048.0000,5046.4000,5051.2000,5052.2000,5052.4000,5053.4000,5053.8000,1,1,11,1,1,2,1,1,1,5
SF,IC2009,2020-04-23 09:31:24.000,5051.2000,39731,-2,260900960.000,2,0,2,双平,S,5052.2000,5050.8000,5050.6000,5050.0000,5048.0000,5052.4000,5053.4000,5053.8000,5054.0000,5055.6000,1,1,1,11,1,1,1,2,11,1
SF,IC2009,2020-04-23 09:31:24.500,5050.8000,39729,-2,263932000.000,3,0,3,多平,S,5050.6000,5050.0000,5048.0000,5046.4000,5045.4000,5051.0000,5051.8000,5052.0000,5052.2000,5053.4000,1,11,1,1,1,1,2,1,1,1
SF,IC2009,2020-04-23 09:31:25.000,5051.0000,39729,0,264942200.000,1,0,1,多换,S,5050.6000,5050.0000,5048.0000,5046.4000,5045.4000,5052.2000,5053.4000,5054.0000,5055.6000,5056.4000,1,11,1,1,1,1,1,11,1,3
SF,IC2009,2020-04-23 09:31:25.500,5051.0000,39729,0,264942200.000,0,-,-,-,-,5050.8000,5050.6000,5050.0000,5048.0000,5046.4000,5052.2000,5053.4000,5054.0000,5055.6000,5056.4000,1,1,11,1,1,1,1,11,1,3
SF,IC2009,2020-04-23 09:31:26.000,5051.0000,39729,0,264942200.000,0,-,-,-,-,5051.0000,5050.8000,5050.6000,5050.0000,5048.0000,5052.2000,5053.4000,5054.0000,5055.6000,5056.4000,10,1,1,11,1,1,1,11,1,3
SF,IC2009,2020-04-23 09:31:26.500,5052.2000,39729,0,265952640.000,1,0,1,多换,S,5051.0000,5050.8000,5050.6000,5050.0000,5048.0000,5053.4000,5054.0000,5055.6000,5056.4000,5056.8000,10,1,1,11,1,1,11,1,3,2
SF,IC2009,2020-04-23 09:31:27.000,5052.2000,39729,0,265952640.000,0,-,-,-,-,5051.2000,5051.0000,5050.6000,5050.0000,5048.0000,5053.2000,5053.4000,5054.0000,5056.4000,5056.8000,1,10,1,11,1,1,1,11,3,2
SF,IC2009,2020-04-23 09:31:27.500,5052.2000,39729,0,265952640.000,0,-,-,-,-,5051.0000,5050.6000,5050.0000,5048.0000,5046.4000,5053.0000,5053.2000,5053.4000,5054.0000,5056.4000,10,1,11,1,1,1,1,1,11,3
SF,IC2009,2020-04-23 09:31:28.000,5051.0000,39728,-1,266962840.000,1,0,1,双平,S,5051.0000,5050.6000,5050.0000,5048.0000,5046.4000,5052.8000,5053.4000,5054.0000,5056.4000,5056.8000,9,1,11,1,1,2,1,11,3,2
SF,IC2009,2020-04-23 09:31:28.500,5051.0000,39724,-4,271003640.000,4,0,4,双平,S,5051.0000,5050.6000,5050.0000,5048.0000,5046.4000,5052.6000,5052.8000,5053.4000,5054.0000,5056.4000,5,1,11,1,1,1,2,1,11,3
SF,IC2009,2020-04-23 09:31:29.000,5051.0000,39723,-1,272013840.000,1,0,1,双平,S,5051.0000,5050.6000,5050.0000,5048.0000,5046.4000,5052.2000,5052.4000,5052.6000,5053.4000,5054.0000,4,1,11,1,1,3,1,2,1,11
SF,IC2009,2020-04-23 09:31:29.500,5051.0000,39721,-2,274034240.000,2,0,2,双平,S,5051.0000,5050.6000,5050.0000,5048.0000,5046.4000,5052.0000,5052.2000,5052.6000,5053.4000,5054.0000,2,1,11,1,1,2,3,2,1,11
SF,IC2009,2020-04-23 09:31:30.000,5051.0000,39721,0,274034240.000,0,-,-,-,-,5051.0000,5050.6000,5050.0000,5048.0000,5046.4000,5052.0000,5052.6000,5053.4000,5054.0000,5058.2000,2,1,11,1,1,2,2,1,11,3
SF,IC2009,2020-04-23 09:31:30.500,5051.0000,39721,0,274034240.000,0,-,-,-,-,5051.0000,5050.6000,5050.0000,5048.0000,5046.4000,5052.0000,5052.6000,5053.4000,5054.0000,5054.6000,2,1,11,1,1,2,2,1,11,1
SF,IC2009,2020-04-23 09:31:31.000,5051.0000,39719,-2,276054640.000,2,0,2,双平,S,5050.6000,5050.0000,5048.0000,5046.4000,5045.4000,5051.0000,5051.2000,5052.0000,5052.6000,5053.4000,1,11,1,1,1,1,1,2,2,1
SF,IC2009,2020-04-23 09:31:31.500,5052.0000,39716,-3,279085480.000,3,0,3,双平,S,5051.8000,5051.2000,5050.6000,5050.0000,5048.0000,5052.6000,5053.4000,5054.0000,5054.6000,5058.2000,2,1,1,11,1,2,1,11,1,3
SF,IC2009,2020-04-23 09:31:32.000,5052.0000,39716,0,279085480.000,0,-,-,-,-,5051.8000,5051.2000,5050.6000,5050.0000,5048.0000,5052.6000,5054.0000,5054.6000,5058.2000,5059.0000,2,1,2,11,1,1,11,1,3,2
SF,IC2009,2020-04-23 09:31:32.500,5052.6000,39715,-1,280096000.000,1,0,1,双平,S,5052.0000,5051.8000,5051.2000,5050.6000,5050.0000,5052.2000,5054.0000,5054.6000,5058.2000,5059.0000,1,2,1,2,11,1,11,1,3,2
SF,IC2009,2020-04-23 09:31:33.000,5052.2000,39714,-1,281106440.000,1,0,1,双平,S,5052.6000,5052.4000,5052.2000,5051.8000,5050.6000,5054.0000,5054.6000,5058.2000,5059.0000,5059.2000,2,6,1,2,2,11,1,3,2,1
SF,IC2009,2020-04-23 09:31:33.500,5054.0000,39708,-6,287169800.000,6,0,6,双平,S,5052.6000,5052.4000,5052.2000,5051.8000,5050.6000,5053.8000,5054.0000,5054.6000,5058.2000,5059.0000,2,2,1,2,2,1,10,1,3,2
SF,IC2009,2020-04-23 09:31:34.000,5052.8000,39700,-8,295255960.000,8,0,8,双平,S,5052.6000,5052.2000,5051.8000,5051.2000,5050.6000,5054.0000,5054.6000,5058.2000,5059.0000,5059.2000,2,1,2,1,1,4,1,3,2,1
SF,IC2009,2020-04-23 09:31:34.500,5054.0000,39697,-3,298288360.000,3,0,3,双平,S,5052.8000,5051.8000,5051.2000,5050.6000,5050.0000,5054.0000,5054.6000,5058.2000,5059.0000,5059.2000,2,2,1,1,11,1,1,3,2,1
SF,IC2009,2020-04-23 09:31:35.000,5054.0000,39696,-1,299299160.000,1,0,1,双平,S,5052.8000,5051.8000,5051.2000,5050.6000,5050.0000,5054.6000,5058.2000,5059.0000,5059.2000,5060.2000,2,2,1,1,11,1,3,2,1,1
SF,IC2009,2020-04-23 09:31:35.500,5052.8000,39695,-1,300309720.000,1,0,1,双平,S,5052.8000,5051.8000,5051.2000,5050.6000,5050.4000,5054.6000,5058.2000,5059.0000,5059.2000,5060.2000,1,2,2,1,10,1,3,2,1,1
SF,IC2009,2020-04-23 09:31:36.000,5052.8000,39695,0,300309720.000,0,-,-,-,-,5053.0000,5051.8000,5051.2000,5050.6000,5050.4000,5054.6000,5058.2000,5059.0000,5059.2000,5060.2000,3,2,2,1,10,1,3,1,1,1
SF,IC2009,2020-04-23 09:31:36.500,5052.8000,39695,0,300309720.000,0,-,-,-,-,5053.0000,5051.8000,5051.2000,5050.6000,5050.4000,5054.0000,5054.6000,5058.2000,5059.0000,5059.2000,3,2,2,1,10,1,1,3,1,1
SF,IC2009,2020-04-23 09:31:37.000,5053.0000,39694,-1,302331120.000,2,0,2,多平,S,5053.0000,5051.8000,5051.2000,5050.6000,5050.4000,5054.6000,5058.2000,5059.0000,5059.2000,5060.2000,1,2,2,1,10,1,3,1,1,1
SF,IC2009,2020-04-23 09:31:37.500,5053.0000,39694,0,302331120.000,0,-,-,-,-,5051.8000,5051.2000,5050.6000,5050.4000,5050.0000,5054.6000,5058.2000,5059.0000,5059.2000,5060.2000,2,2,1,10,11,1,3,1,1,1
SF,IC2009,2020-04-23 09:31:38.000,5053.0000,39694,0,302331120.000,0,-,-,-,-,5052.8000,5052.0000,5051.2000,5050.6000,5050.4000,5054.6000,5058.2000,5059.0000,5059.2000,5060.2000,1,1,2,1,10,1,3,1,1,1
SF,IC2009,2020-04-23 09:31:38.500,5052.8000,39692,-2,304352280.000,2,0,2,双平,S,5051.2000,5050.6000,5050.4000,5050.0000,5048.0000,5052.8000,5054.4000,5054.6000,5058.2000,5059.0000,2,1,10,11,1,2,1,1,3,1
SF,IC2009,2020-04-23 09:31:39.000,5052.8000,39691,-1,306373400.000,2,0,2,多平,S,5051.4000,5051.2000,5050.6000,5050.4000,5050.0000,5054.6000,5058.2000,5059.0000,5059.2000,5060.2000,2,3,1,10,11,1,3,1,1,1
SF,IC2009,2020-04-23 09:31:39.500,5052.8000,39691,0,306373400.000,0,-,-,-,-,5051.6000,5051.4000,5051.2000,5050.6000,5050.4000,5054.4000,5054.6000,5058.2000,5059.0000,5059.2000,2,1,3,1,10,2,1,3,1,1
SF,IC2009,2020-04-23 09:31:40.000,5052.8000,39691,0,306373400.000,0,-,-,-,-,5051.6000,5051.4000,5051.2000,5050.6000,5050.4000,5054.4000,5054.6000,5058.2000,5059.0000,5059.2000,1,1,3,1,10,2,1,3,1,1
SF,IC2009,2020-04-23 09:31:40.500,5051.6000,39690,-1,307383720.000,1,0,1,双平,S,5051.4000,5051.2000,5050.6000,5050.4000,5050.0000,5051.6000,5054.4000,5054.6000,5058.2000,5059.0000,1,3,1,10,11,2,2,1,3,1
SF,IC2009,2020-04-23 09:31:41.000,5051.6000,39688,-2,309404360.000,2,0,2,双平,S,5052.0000,5051.8000,5051.6000,5051.2000,5050.6000,5054.4000,5054.6000,5058.2000,5059.0000,5059.2000,3,2,2,2,1,1,1,3,1,1
SF,IC2009,2020-04-23 09:31:41.500,5051.6000,39688,0,309404360.000,0,-,-,-,-,5052.2000,5051.6000,5051.2000,5050.6000,5050.4000,5054.2000,5054.4000,5054.6000,5058.2000,5059.0000,1,5,2,1,10,1,1,1,3,1
SF,IC2009,2020-04-23 09:31:42.000,5051.6000,39688,0,309404360.000,0,-,-,-,-,5052.2000,5051.6000,5051.2000,5050.6000,5050.4000,5054.0000,5054.2000,5054.4000,5054.6000,5058.2000,1,5,2,1,10,1,1,1,1,3
SF,IC2009,2020-04-23 09:31:42.500,5051.6000,39688,0,309404360.000,0,-,-,-,-,5052.0000,5051.6000,5051.2000,5050.6000,5050.4000,5053.8000,5054.4000,5054.6000,5058.2000,5059.0000,2,5,2,1,10,2,1,1,3,1
SF,IC2009,2020-04-23 09:31:43.000,5051.6000,39688,0,309404360.000,0,-,-,-,-,5052.2000,5052.0000,5051.6000,5051.2000,5050.6000,5053.8000,5054.4000,5054.6000,5058.2000,5059.0000,1,2,5,2,1,2,1,1,3,1
SF,IC2009,2020-04-23 09:31:44.000,5051.6000,39688,0,309404360.000,0,-,-,-,-,5052.2000,5052.0000,5051.6000,5051.2000,5050.6000,5053.6000,5053.8000,5054.4000,5054.6000,5058.2000,1,2,5,2,1,1,2,1,1,3
SF,IC2009,2020-04-23 09:31:44.500,5051.6000,39688,0,309404360.000,0,-,-,-,-,5052.2000,5052.0000,5051.6000,5051.2000,5050.6000,5053.6000,5053.8000,5054.4000,5054.6000,5058.2000,1,2,5,2,1,1,1,1,1,3
SF,IC2009,2020-04-23 09:31:46.000,5051.6000,39688,0,309404360.000,0,-,-,-,-,5052.2000,5052.0000,5051.6000,5051.2000,5050.6000,5053.6000,5053.8000,5054.4000,5054.6000,5058.2000,1,2,5,2,1,1,1,1,1,3
SF,IC2009,2020-04-23 09:31:46.500,5053.6000,39687,-1,310415080.000,1,0,1,双平,S,5053.6000,5052.2000,5052.0000,5051.6000,5051.2000,5054.4000,5054.6000,5058.2000,5059.0000,5059.2000,1,1,2,5,2,1,1,3,1,1
SF,IC2009,2020-04-23 09:31:47.500,5054.4000,39686,-1,311425960.000,1,0,1,双平,S,5052.2000,5052.0000,5051.6000,5051.2000,5050.6000,5054.6000,5058.2000,5059.0000,5059.2000,5060.2000,1,2,5,2,1,1,3,1,1,1
SF,IC2009,2020-04-23 09:31:48.000,5054.4000,39686,0,311425960.000,0,-,-,-,-,5052.4000,5052.2000,5052.0000,5051.6000,5051.2000,5053.6000,5054.6000,5058.2000,5059.0000,5059.2000,1,1,2,4,2,1,1,3,1,1
SF,IC2009,2020-04-23 09:31:48.500,5053.6000,39686,0,312436680.000,1,0,1,多换,S,5053.8000,5053.0000,5052.6000,5052.4000,5052.2000,5054.6000,5058.2000,5059.0000,5059.2000,5060.2000,1,1,2,1,1,1,3,1,1,1
SF,IC2009,2020-04-23 09:31:49.000,5054.6000,39686,0,313447600.000,1,0,1,多换,S,5053.8000,5053.0000,5052.8000,5052.6000,5052.2000,5058.2000,5059.0000,5059.2000,5060.2000,5061.0000,1,1,3,1,1,3,1,1,1,1
SF,IC2009,2020-04-23 09:31:49.500,5054.6000,39686,0,313447600.000,0,-,-,-,-,5054.0000,5053.0000,5052.8000,5052.6000,5052.2000,5057.8000,5058.0000,5058.2000,5059.0000,5059.2000,2,1,3,1,1,3,1,3,1,1
SF,IC2009,2020-04-23 09:31:50.000,5054.6000,39686,0,313447600.000,0,-,-,-,-,5054.0000,5053.0000,5052.8000,5052.6000,5052.2000,5057.6000,5057.8000,5058.2000,5059.0000,5059.2000,2,1,3,1,1,1,3,3,1,1
SF,IC2009,2020-04-23 09:31:50.500,5054.6000,39686,0,313447600.000,0,-,-,-,-,5054.0000,5053.0000,5052.8000,5052.6000,5052.2000,5056.8000,5057.2000,5057.4000,5057.6000,5058.2000,2,1,3,1,1,1,3,1,1,3
SF,IC2009,2020-04-23 09:31:51.000,5054.6000,39686,0,313447600.000,0,-,-,-,-,5054.0000,5053.0000,5052.8000,5052.6000,5052.2000,5056.6000,5056.8000,5057.2000,5057.4000,5058.2000,1,1,3,1,1,1,1,3,1,3
SF,IC2009,2020-04-23 09:31:51.500,5054.6000,39686,0,313447600.000,0,-,-,-,-,5054.0000,5053.0000,5052.8000,5052.6000,5052.2000,5056.6000,5056.8000,5057.4000,5058.2000,5059.0000,1,1,3,1,1,1,1,1,3,1
SF,IC2009,2020-04-23 09:31:52.000,5054.6000,39686,0,313447600.000,0,-,-,-,-,5054.2000,5054.0000,5053.0000,5052.8000,5052.6000,5056.6000,5056.8000,5057.4000,5058.2000,5059.0000,1,1,1,3,1,1,1,1,3,1
SF,IC2009,2020-04-23 09:31:52.500,5054.6000,39686,0,313447600.000,0,-,-,-,-,5054.4000,5054.2000,5053.0000,5052.8000,5052.0000,5056.8000,5057.4000,5058.2000,5059.0000,5059.2000,1,1,1,3,2,1,1,3,1,1
SF,IC2009,2020-04-23 09:31:53.000,5054.6000,39686,0,313447600.000,0,-,-,-,-,5054.6000,5054.4000,5054.2000,5053.0000,5052.8000,5058.2000,5059.0000,5059.2000,5060.2000,5061.0000,1,1,1,1,3,3,1,1,1,1
SF,IC2009,2020-04-23 09:31:53.500,5054.6000,39686,0,313447600.000,0,-,-,-,-,5056.0000,5054.8000,5054.6000,5053.4000,5053.0000,5057.6000,5058.0000,5058.2000,5059.0000,5059.2000,1,2,1,1,1,5,1,3,1,1
SF,IC2009,2020-04-23 09:31:54.000,5054.6000,39686,0,313447600.000,0,-,-,-,-,5056.0000,5054.8000,5054.6000,5053.4000,5053.0000,5057.4000,5057.6000,5058.2000,5059.0000,5059.2000,1,1,1,1,1,2,5,3,1,1
SF,IC2009,2020-04-23 09:31:54.500,5056.0000,39685,-1,314458800.000,1,0,1,双平,S,5054.8000,5054.6000,5053.4000,5053.0000,5052.8000,5057.4000,5057.6000,5058.2000,5059.0000,5059.2000,1,1,1,1,3,2,5,3,1,1
SF,IC2009,2020-04-23 09:31:55.000,5056.0000,39685,0,314458800.000,0,-,-,-,-,5055.0000,5054.8000,5054.0000,5053.4000,5053.0000,5057.2000,5057.4000,5057.6000,5058.2000,5059.0000,1,1,2,1,1,1,1,5,3,1
SF,IC2009,2020-04-23 09:31:55.500,5056.0000,39685,0,314458800.000,0,-,-,-,-,5055.2000,5055.0000,5054.8000,5054.0000,5053.4000,5057.0000,5057.2000,5057.6000,5058.2000,5059.0000,1,1,1,2,1,1,1,5,3,1
SF,IC2009,2020-04-23 09:31:56.000,5055.2000,39685,0,315469840.000,1,0,1,多换,S,5054.8000,5054.0000,5053.4000,5052.8000,5052.0000,5057.0000,5057.2000,5057.6000,5058.2000,5059.0000,1,2,1,3,2,1,1,5,3,1
SF,IC2009,2020-04-23 09:31:56.500,5055.2000,39685,0,315469840.000,0,-,-,-,-,5055.0000,5054.8000,5054.0000,5053.4000,5052.8000,5057.0000,5057.2000,5057.6000,5058.2000,5059.0000,2,1,2,1,3,1,1,5,3,1
SF,IC2009,2020-04-23 09:31:57.000,5055.2000,39684,-1,316480880.000,1,0,1,双平,S,5055.2000,5055.0000,5054.0000,5053.4000,5052.8000,5057.2000,5057.6000,5058.2000,5059.0000,5059.2000,2,2,2,1,3,1,5,3,1,1
SF,IC2009,2020-04-23 09:31:57.500,5055.2000,39684,0,316480880.000,0,-,-,-,-,5055.4000,5055.2000,5054.0000,5053.4000,5052.8000,5057.0000,5057.6000,5058.2000,5059.0000,5059.2000,2,2,2,1,3,1,5,3,1,1
SF,IC2009,2020-04-23 09:31:58.000,5055.2000,39684,0,316480880.000,0,-,-,-,-,5055.4000,5055.2000,5054.0000,5053.4000,5052.8000,5056.8000,5057.0000,5057.6000,5058.0000,5058.2000,1,1,2,1,3,1,1,5,1,3
SF,IC2009,2020-04-23 09:31:59.000,5055.2000,39684,0,316480880.000,0,-,-,-,-,5055.4000,5055.2000,5054.0000,5053.4000,5052.8000,5056.8000,5057.0000,5057.6000,5058.0000,5058.2000,1,1,2,1,3,1,1,5,2,3
SF,IC2009,2020-04-23 09:31:59.500,5055.2000,39683,-1,317491920.000,1,0,1,双平,S,5054.0000,5053.4000,5052.8000,5052.0000,5051.6000,5055.4000,5056.6000,5056.8000,5057.6000,5058.0000,2,1,3,2,3,1,1,1,5,2
SF,IC2009,2020-04-23 09:32:00.000,5055.4000,39682,-1,318503000.000,1,0,1,双平,S,5054.2000,5054.0000,5053.4000,5052.8000,5052.0000,5056.6000,5056.8000,5057.6000,5058.0000,5058.2000,5,2,1,3,2,1,1,5,2,3
SF,IC2009,2020-04-23 09:32:00.500,5055.4000,39682,0,318503000.000,0,-,-,-,-,5054.2000,5054.0000,5053.4000,5052.8000,5052.0000,5056.6000,5056.8000,5057.6000,5058.0000,5058.2000,3,2,1,3,2,1,1,5,2,3
SF,IC2009,2020-04-23 09:32:01.000,5055.4000,39682,0,318503000.000,0,-,-,-,-,5054.4000,5054.2000,5054.0000,5053.4000,5052.8000,5056.6000,5057.6000,5058.0000,5058.2000,5059.0000,1,3,2,1,3,1,5,2,3,2
SF,IC2009,2020-04-23 09:32:01.500,5055.4000,39682,0,318503000.000,0,-,-,-,-,5054.6000,5054.4000,5054.0000,5053.4000,5052.8000,5055.2000,5056.6000,5057.6000,5058.0000,5058.2000,3,1,2,1,3,1,1,5,2,3
SF,IC2009,2020-04-23 09:32:02.000,5055.2000,39682,0,319514040.000,1,0,1,多换,S,5055.2000,5054.8000,5054.0000,5053.4000,5052.8000,5057.6000,5058.0000,5058.2000,5059.0000,5059.2000,1,1,2,1,3,5,2,3,2,1
SF,IC2009,2020-04-23 09:32:02.500,5057.4000,39681,-1,320525520.000,1,0,1,双平,S,5055.4000,5055.2000,5054.0000,5053.6000,5053.4000,5057.4000,5057.6000,5058.0000,5058.2000,5059.0000,1,1,2,1,1,1,5,2,3,2
SF,IC2009,2020-04-23 09:32:03.000,5057.4000,39681,0,320525520.000,0,-,-,-,-,5055.6000,5055.4000,5055.2000,5054.0000,5053.6000,5057.2000,5057.4000,5057.6000,5058.0000,5058.2000,1,1,1,2,1,1,1,5,2,3
SF,IC2009,2020-04-23 09:32:03.500,5055.4000,39680,-1,321536600.000,1,0,1,双平,S,5055.2000,5054.0000,5053.6000,5053.4000,5052.8000,5057.0000,5057.4000,5057.6000,5058.0000,5058.2000,1,2,1,1,3,1,1,5,2,3
SF,IC2009,2020-04-23 09:32:04.000,5055.4000,39680,0,321536600.000,0,-,-,-,-,5055.4000,5055.2000,5054.0000,5053.6000,5053.4000,5056.8000,5057.0000,5057.6000,5058.0000,5058.2000,2,1,2,1,1,1,1,5,2,3
SF,IC2009,2020-04-23 09:32:04.500,5055.4000,39680,0,321536600.000,0,-,-,-,-,5055.6000,5055.4000,5055.2000,5054.0000,5053.6000,5057.0000,5057.6000,5058.0000,5058.2000,5059.0000,2,2,3,2,1,1,5,2,3,2
SF,IC2009,2020-04-23 09:32:05.000,5055.4000,39680,0,321536600.000,0,-,-,-,-,5055.8000,5055.6000,5055.4000,5055.2000,5054.0000,5057.0000,5057.6000,5058.0000,5058.2000,5059.0000,1,2,1,13,2,1,5,2,3,2
SF,IC2009,2020-04-23 09:32:05.500,5057.0000,39679,-1,322548000.000,1,0,1,双平,S,5055.6000,5055.4000,5055.2000,5054.0000,5053.6000,5057.6000,5058.0000,5058.2000,5059.0000,5059.2000,2,1,13,2,1,5,2,3,2,1
SF,IC2009,2020-04-23 09:32:06.000,5057.0000,39679,0,322548000.000,0,-,-,-,-,5055.8000,5055.6000,5055.4000,5055.2000,5054.0000,5057.6000,5058.0000,5058.2000,5059.0000,5059.2000,3,2,1,13,2,5,2,3,2,1
SF,IC2009,2020-04-23 09:32:06.500,5057.0000,39679,0,322548000.000,0,-,-,-,-,5056.0000,5055.8000,5055.4000,5055.2000,5054.0000,5057.6000,5058.0000,5058.2000,5059.0000,5059.2000,1,1,1,13,2,5,2,3,2,1
SF,IC2009,2020-04-23 09:32:07.000,5057.0000,39679,0,322548000.000,0,-,-,-,-,5056.0000,5055.4000,5055.2000,5054.0000,5052.8000,5057.6000,5058.0000,5058.2000,5059.0000,5059.2000,1,1,13,2,3,5,2,3,2,1
SF,IC2009,2020-04-23 09:32:07.500,5057.6000,39679,0,323559520.000,1,0,1,多换,S,5056.2000,5056.0000,5055.4000,5055.2000,5054.0000,5057.6000,5058.0000,5058.2000,5059.0000,5059.2000,3,1,1,13,2,4,2,3,2,1
SF,IC2009,2020-04-23 09:32:08.000,5057.6000,39675,-4,327605600.000,4,0,4,双平,S,5057.6000,5056.4000,5056.2000,5055.4000,5055.2000,5058.0000,5058.2000,5059.0000,5059.2000,5060.2000,3,2,3,1,13,2,3,2,1,1
SF,IC2009,2020-04-23 09:32:08.500,5058.0000,39673,-2,329628800.000,2,0,2,双平,S,5057.6000,5056.4000,5055.4000,5055.2000,5054.0000,5058.2000,5059.0000,5059.2000,5060.2000,5061.0000,1,1,1,12,2,3,2,1,1,1
SF,IC2009,2020-04-23 09:32:09.000,5058.0000,39673,0,329628800.000,0,-,-,-,-,5057.6000,5056.4000,5055.4000,5055.2000,5054.0000,5058.2000,5059.0000,5059.2000,5060.2000,5061.0000,1,1,1,12,2,3,2,1,1,1
SF,IC2009,2020-04-23 09:32:09.500,5058.0000,39673,0,329628800.000,0,-,-,-,-,5057.6000,5056.4000,5055.4000,5055.2000,5054.0000,5058.2000,5059.0000,5059.2000,5060.2000,5061.0000,1,1,1,10,2,3,2,1,1,1
SF,IC2009,2020-04-23 09:32:10.000,5057.8000,39673,0,330640360.000,1,0,1,多换,S,5057.6000,5056.4000,5055.4000,5055.2000,5054.0000,5058.2000,5059.0000,5059.2000,5060.2000,5061.0000,1,1,1,10,2,3,2,1,1,1
SF,IC2009,2020-04-23 09:32:10.500,5057.6000,39674,1,331651880.000,1,1,0,双开,S,5056.4000,5055.4000,5055.2000,5054.0000,5052.8000,5058.2000,5059.0000,5059.2000,5060.2000,5061.0000,1,1,10,2,3,3,2,1,1,1
SF,IC2009,2020-04-23 09:32:11.000,5058.2000,39674,0,332663520.000,1,0,1,多换,S,5056.6000,5056.4000,5055.4000,5055.2000,5054.0000,5058.2000,5059.0000,5059.2000,5060.2000,5061.0000,3,1,1,10,2,2,2,1,1,1
SF,IC2009,2020-04-23 09:32:11.500,5058.2000,39674,0,332663520.000,0,-,-,-,-,5056.8000,5056.6000,5055.4000,5055.2000,5054.0000,5058.2000,5059.0000,5059.2000,5060.2000,5061.0000,1,3,1,10,2,2,2,1,1,1
SF,IC2009,2020-04-23 09:32:12.000,5058.2000,39674,0,332663520.000,0,-,-,-,-,5058.0000,5057.0000,5056.8000,5056.6000,5055.4000,5058.2000,5059.0000,5059.2000,5060.2000,5061.0000,1,2,1,1,1,2,2,1,1,1
SF,IC2009,2020-04-23 09:32:12.500,5058.0000,39674,0,333675120.000,1,0,1,多换,S,5056.8000,5055.4000,5055.2000,5054.0000,5052.8000,5058.0000,5058.2000,5059.0000,5059.2000,5060.2000,1,1,10,2,3,3,2,2,1,1
SF,IC2009,2020-04-23 09:32:13.000,5058.0000,39674,0,333675120.000,0,-,-,-,-,5056.8000,5055.4000,5055.2000,5054.0000,5052.8000,5057.6000,5058.0000,5058.2000,5059.0000,5059.2000,1,1,10,2,3,1,3,2,2,1
SF,IC2009,2020-04-23 09:32:13.500,5058.0000,39674,0,333675120.000,0,-,-,-,-,5055.4000,5055.2000,5054.0000,5052.8000,5052.2000,5057.6000,5058.0000,5058.2000,5059.0000,5059.2000,1,10,2,3,1,1,3,2,2,1
SF,IC2009,2020-04-23 09:32:14.000,5058.0000,39673,-1,334686720.000,1,0,1,双平,S,5055.6000,5055.4000,5055.2000,5054.0000,5052.8000,5057.6000,5058.0000,5058.2000,5059.0000,5059.2000,4,1,10,2,3,1,3,2,2,1
SF,IC2009,2020-04-23 09:32:14.500,5055.6000,39671,-2,336709000.000,2,0,2,双平,S,5057.0000,5055.6000,5055.4000,5055.2000,5054.0000,5057.4000,5057.6000,5058.0000,5058.2000,5059.0000,5,3,1,10,2,2,1,3,2,2
SF,IC2009,2020-04-23 09:32:15.000,5055.6000,39670,-1,342776880.000,6,2,4,多平,S,5055.4000,5055.2000,5054.0000,5052.8000,5052.2000,5055.8000,5056.6000,5056.8000,5057.0000,5057.4000,1,10,2,3,1,2,3,2,7,1
SF,IC2009,2020-04-23 09:32:15.500,5055.4000,39669,-1,343787960.000,1,0,1,双平,S,5055.2000,5054.0000,5052.8000,5052.2000,5051.6000,5055.4000,5055.8000,5057.0000,5057.6000,5058.2000,10,2,3,1,3,1,2,6,1,2
SF,IC2009,2020-04-23 09:32:16.000,5055.4000,39668,-1,344799040.000,1,0,1,双平,S,5055.2000,5054.0000,5052.8000,5052.2000,5051.6000,5055.8000,5057.0000,5057.6000,5058.2000,5059.0000,11,2,3,1,3,2,6,1,2,2
SF,IC2009,2020-04-23 09:32:16.500,5055.4000,39668,0,344799040.000,0,-,-,-,-,5055.2000,5055.0000,5052.8000,5052.2000,5051.6000,5055.8000,5057.0000,5057.6000,5058.2000,5059.0000,11,2,3,1,3,2,6,1,2,2
SF,IC2009,2020-04-23 09:32:17.000,5055.8000,39666,-2,346821360.000,2,0,2,双平,S,5055.2000,5055.0000,5052.8000,5052.2000,5051.6000,5057.0000,5057.6000,5058.2000,5059.0000,5059.2000,11,2,3,1,3,6,1,2,2,1
SF,IC2009,2020-04-23 09:32:17.500,5055.8000,39666,0,346821360.000,0,-,-,-,-,5055.2000,5055.0000,5052.8000,5052.2000,5051.6000,5056.8000,5057.0000,5057.6000,5058.2000,5059.0000,11,2,3,1,3,4,3,1,2,2
SF,IC2009,2020-04-23 09:32:18.000,5055.2000,39665,-1,348843440.000,2,0,2,多平,S,5055.2000,5055.0000,5052.8000,5052.2000,5051.6000,5056.8000,5057.0000,5057.6000,5058.2000,5059.0000,9,2,3,1,3,4,3,1,2,2
SF,IC2009,2020-04-23 09:32:18.500,5055.2000,39665,0,349854480.000,1,0,1,多换,S,5055.2000,5055.0000,5052.8000,5052.2000,5051.6000,5056.8000,5057.0000,5057.6000,5058.2000,5059.0000,8,2,3,1,3,4,3,1,2,2
SF,IC2009,2020-04-23 09:32:19.000,5055.2000,39660,-5,354909680.000,5,0,5,双平,S,5055.2000,5055.0000,5052.8000,5052.2000,5051.6000,5056.8000,5057.0000,5057.6000,5058.2000,5059.0000,3,2,3,1,3,5,3,1,2,2
SF,IC2009,2020-04-23 09:32:19.500,5055.2000,39657,-3,357942800.000,3,0,3,双平,S,5055.0000,5052.8000,5052.2000,5051.6000,5051.4000,5055.2000,5056.8000,5057.0000,5057.6000,5058.2000,2,3,1,3,1,1,5,3,1,2
SF,IC2009,2020-04-23 09:32:20.000,5055.0000,39657,0,359964800.000,2,1,1,多换,S,5052.8000,5052.2000,5051.6000,5051.4000,5051.0000,5056.8000,5057.0000,5057.6000,5058.2000,5059.0000,3,1,3,1,1,2,1,1,2,2
SF,IC2009,2020-04-23 09:32:20.500,5055.0000,39657,0,359964800.000,0,-,-,-,-,5055.2000,5053.0000,5052.8000,5052.2000,5051.6000,5056.8000,5057.0000,5057.6000,5058.2000,5059.0000,1,2,3,1,3,2,1,1,2,2
SF,IC2009,2020-04-23 09:32:21.000,5055.0000,39657,0,359964800.000,0,-,-,-,-,5055.2000,5053.0000,5052.8000,5052.2000,5051.6000,5056.6000,5056.8000,5057.0000,5057.6000,5058.0000,1,1,3,1,3,1,3,1,1,1
SF,IC2009,2020-04-23 09:32:21.500,5055.2000,39657,0,360975840.000,1,0,1,多换,S,5053.0000,5052.8000,5052.2000,5051.6000,5051.4000,5056.4000,5056.8000,5057.0000,5057.6000,5058.0000,1,3,1,3,1,2,1,1,1,1
SF,IC2009,2020-04-23 09:32:22.000,5055.2000,39657,0,360975840.000,0,-,-,-,-,5055.6000,5053.2000,5053.0000,5052.8000,5052.2000,5056.2000,5056.4000,5056.8000,5057.0000,5057.6000,1,1,1,3,1,1,1,1,1,1
SF,IC2009,2020-04-23 09:32:22.500,5056.4000,39655,-2,362998360.000,2,0,2,双平,S,5055.6000,5053.0000,5052.8000,5052.2000,5051.6000,5056.8000,5057.0000,5057.6000,5058.0000,5058.2000,1,1,3,1,3,1,1,1,1,2
SF,IC2009,2020-04-23 09:32:23.000,5056.4000,39655,0,362998360.000,0,-,-,-,-,5055.6000,5053.0000,5052.8000,5052.2000,5051.6000,5056.6000,5056.8000,5057.0000,5057.6000,5058.0000,1,1,3,1,3,1,1,1,1,1
SF,IC2009,2020-04-23 09:32:23.500,5056.4000,39655,0,362998360.000,0,-,-,-,-,5055.6000,5053.0000,5052.8000,5052.2000,5051.6000,5056.8000,5057.0000,5057.6000,5058.0000,5058.2000,1,1,3,1,3,1,1,1,1,2
SF,IC2009,2020-04-23 09:32:24.000,5056.4000,39655,0,362998360.000,0,-,-,-,-,5055.8000,5055.6000,5052.8000,5052.2000,5051.6000,5056.8000,5057.0000,5057.6000,5058.0000,5058.2000,1,1,3,1,3,1,1,1,1,2
SF,IC2009,2020-04-23 09:32:24.500,5056.4000,39655,0,362998360.000,0,-,-,-,-,5055.8000,5055.6000,5052.8000,5052.2000,5051.6000,5057.0000,5057.6000,5058.0000,5058.2000,5058.4000,1,1,3,1,3,1,1,1,2,1
SF,IC2009,2020-04-23 09:32:25.000,5056.4000,39655,0,362998360.000,0,-,-,-,-,5055.8000,5055.6000,5052.8000,5052.2000,5051.6000,5056.8000,5057.6000,5058.0000,5058.2000,5058.4000,1,1,3,1,3,1,1,1,2,1
SF,IC2009,2020-04-23 09:32:25.500,5056.4000,39655,0,362998360.000,0,-,-,-,-,5056.0000,5055.8000,5055.6000,5052.8000,5052.2000,5056.8000,5057.6000,5058.0000,5058.2000,5058.4000,1,1,1,3,1,1,1,1,2,1
SF,IC2009,2020-04-23 09:32:26.000,5056.4000,39655,0,362998360.000,0,-,-,-,-,5055.6000,5052.8000,5052.2000,5051.6000,5051.4000,5056.8000,5057.6000,5058.0000,5058.2000,5058.4000,1,3,1,3,1,1,1,1,2,1
SF,IC2009,2020-04-23 09:32:26.500,5056.6000,39655,0,364009680.000,1,0,1,多换,S,5055.6000,5052.8000,5052.2000,5051.6000,5051.4000,5057.6000,5058.0000,5058.2000,5058.4000,5059.0000,1,3,1,3,1,1,1,2,1,2
SF,IC2009,2020-04-23 09:32:27.000,5056.6000,39655,0,364009680.000,0,-,-,-,-,5055.8000,5055.6000,5052.8000,5052.2000,5051.6000,5057.4000,5057.6000,5058.0000,5058.2000,5058.4000,1,1,3,1,3,3,2,1,2,1
SF,IC2009,2020-04-23 09:32:27.500,5056.4000,39655,0,365020960.000,1,0,1,多换,S,5055.8000,5055.6000,5052.8000,5052.2000,5051.6000,5057.4000,5057.6000,5058.0000,5058.2000,5058.4000,1,1,3,1,3,2,2,1,2,1
SF,IC2009,2020-04-23 09:32:28.500,5056.4000,39655,0,365020960.000,0,-,-,-,-,5055.8000,5055.6000,5052.8000,5052.2000,5051.6000,5057.2000,5057.4000,5057.6000,5058.0000,5058.2000,1,1,3,1,3,1,2,2,1,2
SF,IC2009,2020-04-23 09:32:29.000,5056.4000,39655,0,365020960.000,0,-,-,-,-,5056.0000,5055.6000,5052.8000,5052.2000,5051.6000,5057.6000,5058.0000,5058.2000,5058.4000,5059.0000,2,1,3,1,3,1,1,2,1,2
SF,IC2009,2020-04-23 09:32:29.500,5056.4000,39655,0,365020960.000,0,-,-,-,-,5056.0000,5055.6000,5052.8000,5052.2000,5051.6000,5057.4000,5057.6000,5058.0000,5058.2000,5058.4000,1,1,3,1,3,3,2,1,2,1
SF,IC2009,2020-04-23 09:32:30.000,5056.4000,39655,0,365020960.000,0,-,-,-,-,5056.0000,5055.6000,5052.8000,5052.2000,5051.6000,5057.4000,5057.6000,5058.0000,5058.2000,5058.4000,1,1,3,1,3,2,1,1,2,1
SF,IC2009,2020-04-23 09:32:30.500,5056.4000,39655,0,365020960.000,0,-,-,-,-,5056.0000,5055.6000,5052.8000,5052.2000,5051.6000,5057.2000,5057.4000,5057.6000,5058.0000,5058.2000,1,1,3,1,3,3,2,1,1,2
SF,IC2009,2020-04-23 09:32:31.000,5056.0000,39654,-1,366032160.000,1,0,1,双平,S,5055.6000,5052.8000,5052.2000,5051.6000,5051.4000,5057.2000,5057.4000,5057.6000,5058.0000,5058.2000,1,3,1,3,1,2,2,1,1,2
SF,IC2009,2020-04-23 09:32:31.500,5056.0000,39654,0,366032160.000,0,-,-,-,-,5055.6000,5052.8000,5052.2000,5051.6000,5051.4000,5057.4000,5057.6000,5058.0000,5058.2000,5058.4000,1,3,1,3,1,2,1,1,2,1
SF,IC2009,2020-04-23 09:32:32.000,5056.0000,39654,0,366032160.000,0,-,-,-,-,5055.8000,5055.6000,5052.8000,5052.2000,5051.6000,5057.4000,5057.6000,5058.0000,5058.2000,5058.4000,2,1,3,1,3,2,1,1,2,1
SF,IC2009,2020-04-23 09:32:33.000,5056.0000,39654,0,366032160.000,0,-,-,-,-,5055.8000,5055.6000,5052.8000,5052.2000,5051.6000,5057.4000,5057.6000,5058.0000,5058.2000,5058.4000,1,1,3,1,3,2,1,1,2,1
SF,IC2009,2020-04-23 09:32:33.500,5056.0000,39654,0,366032160.000,0,-,-,-,-,5055.8000,5055.6000,5054.4000,5052.8000,5052.2000,5057.2000,5057.4000,5057.6000,5058.0000,5058.2000,1,1,3,3,1,1,2,1,1,2
SF,IC2009,2020-04-23 09:32:34.000,5056.0000,39654,0,366032160.000,0,-,-,-,-,5055.6000,5054.4000,5052.8000,5052.2000,5051.6000,5055.8000,5057.4000,5057.6000,5058.0000,5058.2000,1,3,3,1,3,1,2,1,1,2
SF,IC2009,2020-04-23 09:32:34.500,5055.8000,39653,-1,367043320.000,1,0,1,双平,S,5055.8000,5055.6000,5054.4000,5052.8000,5052.2000,5057.4000,5057.6000,5058.0000,5058.2000,5058.4000,1,1,3,3,1,1,1,1,2,1
SF,IC2009,2020-04-23 09:32:35.000,5055.8000,39653,0,367043320.000,0,-,-,-,-,5056.0000,5055.8000,5055.6000,5054.4000,5052.8000,5057.6000,5058.0000,5058.2000,5058.4000,5059.0000,1,1,1,3,3,1,1,2,1,2
SF,IC2009,2020-04-23 09:32:35.500,5055.8000,39653,0,367043320.000,0,-,-,-,-,5056.0000,5055.8000,5055.6000,5054.4000,5054.2000,5057.4000,5057.6000,5058.0000,5058.2000,5058.4000,1,1,1,3,1,1,1,1,2,1
SF,IC2009,2020-04-23 09:32:36.000,5055.8000,39653,0,367043320.000,0,-,-,-,-,5056.0000,5055.8000,5055.6000,5054.4000,5054.2000,5057.4000,5057.6000,5058.0000,5058.2000,5058.4000,1,1,1,3,1,1,1,1,2,1
SF,IC2009,2020-04-23 09:32:36.500,5055.8000,39653,0,367043320.000,0,-,-,-,-,5056.2000,5056.0000,5055.8000,5055.6000,5054.4000,5057.4000,5057.6000,5058.0000,5058.2000,5058.4000,1,1,1,1,3,1,1,1,2,1
SF,IC2009,2020-04-23 09:32:37.000,5055.8000,39653,0,367043320.000,0,-,-,-,-,5056.0000,5055.8000,5055.6000,5054.4000,5054.2000,5057.2000,5057.6000,5058.0000,5058.2000,5058.4000,1,1,1,3,1,1,1,1,2,1
SF,IC2009,2020-04-23 09:32:39.000,5056.0000,39652,-1,368054520.000,1,0,1,双平,S,5055.8000,5055.6000,5054.4000,5054.2000,5052.8000,5057.2000,5057.6000,5058.0000,5058.2000,5058.4000,1,1,3,1,3,1,1,1,2,1
SF,IC2009,2020-04-23 09:32:39.500,5056.0000,39652,0,368054520.000,0,-,-,-,-,5055.8000,5055.6000,5054.4000,5054.2000,5052.8000,5057.0000,5057.2000,5057.6000,5058.0000,5058.2000,1,1,3,1,3,4,1,1,1,2
SF,IC2009,2020-04-23 09:32:40.000,5055.6000,39651,-1,369065640.000,1,0,1,双平,S,5054.4000,5054.2000,5052.8000,5052.2000,5051.6000,5056.8000,5057.0000,5057.2000,5057.6000,5058.0000,3,1,3,1,3,1,4,1,1,1
SF,IC2009,2020-04-23 09:32:40.500,5055.6000,39651,0,369065640.000,0,-,-,-,-,5054.6000,5054.4000,5054.2000,5052.8000,5052.2000,5056.6000,5056.8000,5057.0000,5057.2000,5057.6000,3,3,1,3,1,1,1,2,1,1
SF,IC2009,2020-04-23 09:32:41.000,5055.6000,39651,0,369065640.000,0,-,-,-,-,5054.8000,5054.6000,5054.4000,5054.2000,5052.8000,5056.4000,5056.6000,5056.8000,5057.0000,5057.2000,1,3,3,1,3,1,1,1,2,1
SF,IC2009,2020-04-23 09:32:41.500,5055.6000,39651,0,369065640.000,0,-,-,-,-,5055.0000,5054.6000,5054.4000,5054.2000,5052.8000,5056.6000,5056.8000,5057.2000,5057.6000,5058.0000,1,2,3,1,3,1,1,1,1,1
SF,IC2009,2020-04-23 09:32:42.000,5055.6000,39651,0,369065640.000,0,-,-,-,-,5055.0000,5054.6000,5054.4000,5054.2000,5052.8000,5056.0000,5056.4000,5056.6000,5056.8000,5057.2000,1,2,3,1,3,2,2,1,1,1
SF,IC2009,2020-04-23 09:32:42.500,5055.6000,39651,0,369065640.000,0,-,-,-,-,5054.6000,5054.4000,5054.2000,5052.8000,5052.2000,5056.0000,5056.4000,5056.6000,5056.8000,5057.2000,1,3,1,3,1,2,1,1,1,1
SF,IC2009,2020-04-23 09:32:43.000,5055.6000,39651,0,369065640.000,0,-,-,-,-,5054.6000,5054.4000,5054.2000,5052.8000,5052.2000,5055.8000,5056.0000,5056.6000,5056.8000,5057.2000,1,3,1,3,1,2,2,1,1,1
SF,IC2009,2020-04-23 09:32:43.500,5055.6000,39651,0,369065640.000,0,-,-,-,-,5054.4000,5054.2000,5052.8000,5052.2000,5051.6000,5055.8000,5056.0000,5056.6000,5056.8000,5057.2000,3,1,3,1,3,2,2,1,1,1
SF,IC2009,2020-04-23 09:32:44.500,5055.6000,39651,0,369065640.000,0,-,-,-,-,5054.4000,5054.2000,5052.8000,5052.2000,5051.6000,5056.0000,5056.6000,5056.8000,5057.2000,5057.6000,3,1,3,1,3,2,1,1,1,1
SF,IC2009,2020-04-23 09:32:45.000,5055.6000,39651,0,369065640.000,0,-,-,-,-,5054.6000,5054.4000,5054.2000,5052.8000,5052.2000,5056.0000,5056.6000,5056.8000,5057.2000,5057.6000,1,3,1,3,1,2,1,1,1,1
SF,IC2009,2020-04-23 09:32:45.500,5055.6000,39651,0,369065640.000,0,-,-,-,-,5055.8000,5054.8000,5054.6000,5054.4000,5054.2000,5056.0000,5056.6000,5056.8000,5057.2000,5057.6000,1,1,1,3,1,2,1,1,1,1
SF,IC2009,2020-04-23 09:32:46.000,5055.8000,39651,0,370076800.000,1,0,1,多换,S,5054.8000,5054.4000,5054.2000,5052.8000,5052.2000,5056.0000,5056.6000,5056.8000,5057.2000,5057.6000,1,3,1,3,1,2,1,1,1,1
SF,IC2009,2020-04-23 09:32:46.500,5055.8000,39651,0,370076800.000,0,-,-,-,-,5055.0000,5054.8000,5054.4000,5054.2000,5052.8000,5056.0000,5056.6000,5056.8000,5057.2000,5057.6000,1,1,3,1,3,2,1,1,1,1
SF,IC2009,2020-04-23 09:32:47.000,5055.8000,39651,0,370076800.000,0,-,-,-,-,5055.0000,5054.8000,5054.4000,5054.2000,5052.8000,5056.0000,5056.6000,5056.8000,5057.2000,5057.6000,1,1,3,1,3,2,1,1,1,1
SF,IC2009,2020-04-23 09:32:47.500,5056.0000,39649,-2,372099200.000,2,0,2,双平,S,5056.0000,5055.2000,5055.0000,5054.4000,5054.2000,5056.8000,5057.2000,5057.6000,5058.0000,5058.2000,1,1,1,3,1,1,1,1,2,2
SF,IC2009,2020-04-23 09:32:48.000,5056.0000,39649,0,374121760.000,2,1,1,多换,S,5055.2000,5054.4000,5054.2000,5052.8000,5052.2000,5056.8000,5057.2000,5057.6000,5058.0000,5058.2000,1,3,1,3,1,1,1,1,2,2
SF,IC2009,2020-04-23 09:32:48.500,5056.0000,39649,0,374121760.000,0,-,-,-,-,5055.4000,5055.2000,5054.4000,5054.2000,5052.8000,5055.8000,5057.2000,5057.6000,5058.0000,5058.2000,1,1,3,1,3,1,1,1,2,2
SF,IC2009,2020-04-23 09:32:49.000,5055.8000,39648,-1,375132920.000,1,0,1,双平,S,5056.0000,5055.8000,5055.4000,5055.2000,5054.4000,5057.2000,5057.6000,5058.0000,5058.2000,5058.4000,1,1,1,1,3,1,1,2,2,1
SF,IC2009,2020-04-23 09:32:49.500,5055.8000,39648,0,375132920.000,0,-,-,-,-,5056.0000,5055.8000,5055.2000,5054.6000,5054.4000,5057.2000,5057.6000,5058.0000,5058.2000,5058.4000,1,1,1,1,3,1,1,2,2,1
SF,IC2009,2020-04-23 09:32:50.000,5055.8000,39648,0,375132920.000,0,-,-,-,-,5056.0000,5055.8000,5055.2000,5054.6000,5054.4000,5056.2000,5057.0000,5057.2000,5057.6000,5058.0000,1,1,1,1,3,1,3,2,1,2
SF,IC2009,2020-04-23 09:32:50.500,5055.8000,39648,0,375132920.000,0,-,-,-,-,5055.2000,5054.6000,5054.4000,5054.2000,5052.8000,5056.2000,5057.0000,5057.2000,5057.6000,5058.0000,1,1,3,1,3,1,3,1,1,2
SF,IC2009,2020-04-23 09:32:51.000,5056.2000,39648,0,376144160.000,1,0,1,多换,S,5055.4000,5055.2000,5054.6000,5054.4000,5054.2000,5057.0000,5057.2000,5057.6000,5058.0000,5058.2000,1,1,1,3,1,3,1,1,2,2
SF,IC2009,2020-04-23 09:32:51.500,5056.2000,39648,0,376144160.000,0,-,-,-,-,5055.4000,5055.2000,5054.6000,5054.4000,5054.2000,5056.8000,5057.0000,5057.2000,5057.6000,5058.0000,1,1,1,3,1,1,3,1,1,2
SF,IC2009,2020-04-23 09:32:52.000,5056.2000,39648,0,376144160.000,0,-,-,-,-,5055.4000,5055.2000,5054.6000,5054.4000,5054.2000,5056.6000,5056.8000,5057.0000,5057.6000,5058.0000,1,1,1,3,1,1,1,3,1,2
SF,IC2009,2020-04-23 09:32:53.000,5056.2000,39648,0,376144160.000,0,-,-,-,-,5055.2000,5054.6000,5054.4000,5054.2000,5053.6000,5056.6000,5056.8000,5057.0000,5057.6000,5058.0000,1,1,3,1,1,1,1,3,1,2
SF,IC2009,2020-04-23 09:32:53.500,5056.2000,39648,0,376144160.000,0,-,-,-,-,5055.4000,5055.2000,5054.6000,5054.4000,5054.2000,5056.8000,5057.0000,5057.6000,5058.0000,5058.2000,2,1,1,3,1,1,3,1,2,2
SF,IC2009,2020-04-23 09:32:54.000,5056.2000,39648,0,376144160.000,0,-,-,-,-,5056.2000,5055.4000,5055.2000,5054.6000,5054.4000,5056.8000,5057.0000,5057.6000,5058.0000,5058.2000,1,1,1,1,3,1,3,1,2,2
SF,IC2009,2020-04-23 09:32:54.500,5056.2000,39648,0,376144160.000,0,-,-,-,-,5056.2000,5055.2000,5054.6000,5054.4000,5054.2000,5057.0000,5057.6000,5058.0000,5058.2000,5058.4000,1,2,1,3,1,3,1,2,2,1
SF,IC2009,2020-04-23 09:32:55.000,5057.0000,39648,0,379178360.000,3,1,2,多换,S,5057.0000,5056.4000,5056.2000,5055.2000,5054.6000,5057.6000,5058.0000,5058.2000,5058.4000,5059.0000,1,1,1,2,1,1,2,2,1,2
SF,IC2009,2020-04-23 09:32:55.500,5057.0000,39647,-1,380189760.000,1,0,1,双平,S,5056.2000,5055.2000,5054.4000,5054.2000,5052.8000,5057.6000,5058.0000,5058.2000,5058.4000,5059.0000,1,2,3,1,3,1,2,2,1,2
SF,IC2009,2020-04-23 09:32:56.000,5057.0000,39647,0,380189760.000,0,-,-,-,-,5056.4000,5056.2000,5055.2000,5054.4000,5054.2000,5057.4000,5057.6000,5058.0000,5058.2000,5058.4000,1,1,2,3,1,2,1,2,2,1
SF,IC2009,2020-04-23 09:32:56.500,5056.4000,39647,0,381201040.000,1,0,1,多换,S,5056.2000,5055.2000,5054.4000,5054.2000,5052.8000,5057.4000,5057.6000,5058.0000,5058.2000,5058.4000,1,2,3,1,3,2,1,2,2,1
SF,IC2009,2020-04-23 09:32:57.000,5056.2000,39647,0,382212280.000,1,0,1,多换,S,5055.2000,5054.4000,5054.2000,5052.8000,5052.2000,5057.4000,5057.6000,5058.0000,5058.2000,5058.4000,2,3,1,3,1,2,1,2,2,1
SF,IC2009,2020-04-23 09:32:57.500,5056.2000,39647,0,382212280.000,0,-,-,-,-,5055.4000,5055.2000,5054.4000,5054.2000,5052.8000,5057.2000,5057.4000,5057.6000,5058.0000,5058.2000,1,2,3,1,3,2,1,1,2,2
SF,IC2009,2020-04-23 09:32:58.000,5056.2000,39647,0,382212280.000,0,-,-,-,-,5055.4000,5055.2000,5054.4000,5054.2000,5052.8000,5057.0000,5057.6000,5058.0000,5058.2000,5058.4000,1,2,3,1,3,4,1,2,2,1
SF,IC2009,2020-04-23 09:32:58.500,5056.2000,39647,0,382212280.000,0,-,-,-,-,5056.6000,5055.4000,5055.2000,5054.4000,5054.2000,5057.0000,5057.6000,5058.0000,5058.2000,5058.4000,7,1,2,3,1,5,1,2,2,1
SF,IC2009,2020-04-23 09:32:59.000,5056.6000,39647,0,389291520.000,7,3,4,多换,S,5055.4000,5055.2000,5054.4000,5054.2000,5052.8000,5056.6000,5057.0000,5057.6000,5058.0000,5058.2000,1,2,3,1,3,1,5,1,2,2
SF,IC2009,2020-04-23 09:32:59.500,5056.6000,39647,0,389291520.000,0,-,-,-,-,5055.2000,5054.4000,5054.2000,5052.8000,5052.2000,5057.0000,5057.6000,5058.0000,5058.2000,5058.4000,2,3,1,3,1,4,1,2,2,1
SF,IC2009,2020-04-23 09:33:00.000,5056.6000,39647,0,389291520.000,0,-,-,-,-,5055.4000,5055.2000,5054.4000,5054.2000,5052.8000,5057.0000,5057.6000,5058.0000,5058.2000,5058.4000,1,3,3,1,3,4,1,2,2,1
SF,IC2009,2020-04-23 09:33:00.500,5055.4000,39646,-1,390302600.000,1,0,1,双平,S,5056.6000,5055.2000,5054.4000,5054.2000,5052.8000,5056.8000,5057.0000,5057.6000,5058.0000,5058.2000,1,2,3,1,3,1,4,1,2,2
SF,IC2009,2020-04-23 09:33:01.000,5056.6000,39646,0,391313920.000,1,0,1,多换,S,5055.2000,5054.4000,5054.2000,5052.8000,5052.2000,5056.2000,5056.6000,5057.0000,5057.6000,5058.0000,2,3,1,3,1,3,4,1,1,2
SF,IC2009,2020-04-23 09:33:01.500,5056.6000,39646,0,391313920.000,0,-,-,-,-,5055.2000,5054.4000,5054.2000,5052.8000,5052.2000,5056.6000,5057.0000,5057.6000,5058.0000,5058.2000,2,3,1,3,1,2,1,1,2,2
SF,IC2009,2020-04-23 09:33:02.000,5055.2000,39646,0,392324960.000,1,0,1,多换,S,5055.2000,5054.4000,5054.2000,5052.8000,5052.2000,5056.4000,5056.6000,5057.0000,5057.6000,5058.0000,1,3,1,3,1,3,2,1,1,2
SF,IC2009,2020-04-23 09:33:02.500,5055.2000,39646,0,392324960.000,0,-,-,-,-,5055.2000,5054.4000,5054.2000,5052.8000,5052.2000,5056.2000,5056.4000,5056.6000,5057.0000,5057.6000,1,3,1,3,1,1,3,2,1,1
SF,IC2009,2020-04-23 09:33:03.000,5056.0000,39645,-1,393336160.000,1,0,1,双平,S,5055.2000,5054.4000,5054.2000,5052.8000,5052.2000,5056.4000,5056.6000,5057.0000,5057.6000,5058.0000,1,3,1,3,1,2,2,1,1,2
SF,IC2009,2020-04-23 09:33:03.500,5056.0000,39645,0,393336160.000,0,-,-,-,-,5055.2000,5054.4000,5054.2000,5052.8000,5052.2000,5056.2000,5056.4000,5056.6000,5057.0000,5057.6000,1,3,1,3,1,2,2,2,1,1
SF,IC2009,2020-04-23 09:33:04.000,5056.0000,39645,0,393336160.000,0,-,-,-,-,5055.2000,5054.4000,5054.2000,5052.8000,5052.2000,5056.0000,5056.2000,5056.6000,5057.0000,5057.6000,1,3,1,3,1,2,2,2,1,1
SF,IC2009,2020-04-23 09:33:04.500,5055.8000,39644,-1,395358360.000,2,0,2,多平,S,5054.4000,5054.2000,5052.8000,5052.2000,5051.6000,5055.8000,5056.0000,5056.6000,5057.0000,5057.6000,3,1,3,1,3,1,2,2,1,1
SF,IC2009,2020-04-23 09:33:05.000,5055.8000,39644,0,395358360.000,0,-,-,-,-,5054.4000,5054.2000,5052.8000,5052.2000,5051.6000,5055.6000,5055.8000,5056.6000,5057.0000,5057.6000,3,1,3,1,3,2,1,2,1,1
SF,IC2009,2020-04-23 09:33:05.500,5055.8000,39644,0,395358360.000,0,-,-,-,-,5054.4000,5054.2000,5052.8000,5052.2000,5051.6000,5055.4000,5055.6000,5056.6000,5057.0000,5057.6000,3,1,3,1,3,1,2,2,1,1
SF,IC2009,2020-04-23 09:33:06.000,5055.8000,39644,0,395358360.000,0,-,-,-,-,5054.4000,5054.2000,5052.8000,5052.2000,5051.6000,5055.2000,5055.4000,5057.0000,5057.6000,5058.0000,3,1,3,1,3,2,1,1,1,2
SF,IC2009,2020-04-23 09:33:07.000,5055.8000,39644,0,396369520.000,1,0,1,多换,S,5054.4000,5054.2000,5052.8000,5052.2000,5051.6000,5055.2000,5055.4000,5057.0000,5057.6000,5058.0000,3,1,3,1,3,1,1,1,1,2
SF,IC2009,2020-04-23 09:33:07.500,5054.4000,39644,0,397380400.000,1,0,1,多换,S,5054.4000,5054.2000,5052.8000,5052.2000,5051.6000,5054.6000,5055.2000,5055.4000,5057.0000,5057.6000,2,1,3,1,3,1,1,1,1,1
SF,IC2009,2020-04-23 09:33:08.000,5054.2000,39643,-1,400413000.000,3,1,2,多平,S,5052.8000,5052.2000,5051.6000,5051.4000,5051.0000,5054.6000,5055.4000,5057.0000,5057.6000,5058.0000,3,1,3,1,1,1,1,1,1,2
SF,IC2009,2020-04-23 09:33:08.500,5054.2000,39643,0,400413000.000,0,-,-,-,-,5053.0000,5052.8000,5052.2000,5051.6000,5051.4000,5054.4000,5054.6000,5057.0000,5057.6000,5058.0000,1,3,1,3,1,1,1,1,1,2
SF,IC2009,2020-04-23 09:33:09.000,5054.2000,39643,0,400413000.000,0,-,-,-,-,5052.8000,5052.2000,5051.6000,5051.4000,5051.0000,5054.4000,5054.6000,5057.0000,5057.6000,5058.0000,3,1,3,1,1,1,1,1,1,2
SF,IC2009,2020-04-23 09:33:09.500,5054.2000,39643,0,400413000.000,0,-,-,-,-,5053.0000,5052.8000,5052.2000,5051.6000,5051.4000,5054.4000,5054.6000,5057.0000,5057.6000,5058.0000,1,3,1,3,1,1,1,1,1,2
SF,IC2009,2020-04-23 09:33:10.000,5054.2000,39643,0,400413000.000,0,-,-,-,-,5052.8000,5052.2000,5051.6000,5051.4000,5051.0000,5054.4000,5054.6000,5057.0000,5057.6000,5058.0000,3,1,3,1,1,1,1,1,1,2
SF,IC2009,2020-04-23 09:33:10.500,5054.2000,39643,0,400413000.000,0,-,-,-,-,5053.0000,5052.8000,5052.2000,5051.6000,5051.4000,5054.6000,5057.0000,5057.6000,5058.0000,5058.2000,2,3,1,3,1,1,1,1,2,2
SF,IC2009,2020-04-23 09:33:11.000,5054.6000,39642,-1,401423920.000,1,0,1,双平,S,5053.0000,5052.8000,5052.2000,5051.6000,5051.4000,5054.4000,5057.0000,5057.6000,5058.0000,5058.2000,2,3,1,3,1,2,1,1,2,2
SF,IC2009,2020-04-23 09:33:11.500,5054.4000,39642,0,403445680.000,2,1,1,多换,S,5055.0000,5054.4000,5053.0000,5052.8000,5052.2000,5057.0000,5057.6000,5058.0000,5058.2000,5058.4000,2,1,2,3,1,1,1,2,2,1
SF,IC2009,2020-04-23 09:33:12.000,5054.4000,39642,0,403445680.000,0,-,-,-,-,5055.0000,5054.4000,5053.2000,5053.0000,5052.8000,5055.6000,5056.0000,5056.8000,5057.0000,5057.6000,2,1,1,1,3,1,1,1,1,1
SF,IC2009,2020-04-23 09:33:12.500,5055.6000,39641,-1,404456800.000,1,0,1,双平,S,5055.6000,5055.0000,5054.4000,5053.0000,5052.8000,5056.8000,5057.0000,5057.6000,5058.0000,5058.2000,1,2,1,1,3,1,1,1,2,2
SF,IC2009,2020-04-23 09:33:13.000,5055.6000,39640,-1,405467920.000,1,0,1,双平,S,5055.0000,5054.4000,5053.0000,5052.8000,5052.2000,5055.6000,5056.8000,5057.0000,5057.6000,5058.0000,2,1,1,3,1,1,1,1,1,2
SF,IC2009,2020-04-23 09:33:13.500,5055.6000,39640,0,405467920.000,0,-,-,-,-,5055.0000,5054.4000,5053.4000,5053.0000,5052.8000,5055.6000,5056.8000,5057.0000,5057.6000,5058.0000,2,1,1,1,3,2,1,1,1,2
SF,IC2009,2020-04-23 09:33:14.000,5055.0000,39638,-2,407489920.000,2,0,2,双平,S,5054.4000,5053.4000,5053.0000,5052.8000,5052.2000,5055.6000,5056.8000,5057.0000,5057.6000,5058.0000,1,1,1,3,1,2,1,1,1,2
SF,IC2009,2020-04-23 09:33:14.500,5055.0000,39638,0,407489920.000,0,-,-,-,-,5054.6000,5053.4000,5053.0000,5052.8000,5052.2000,5055.4000,5055.6000,5056.8000,5057.0000,5057.6000,1,1,1,3,1,1,2,1,2,1
SF,IC2009,2020-04-23 09:33:15.000,5054.6000,39637,-1,408500840.000,1,0,1,双平,S,5053.4000,5052.8000,5052.2000,5051.6000,5051.4000,5055.6000,5056.8000,5057.0000,5057.6000,5058.0000,1,3,1,3,1,2,1,2,1,2
SF,IC2009,2020-04-23 09:33:15.500,5054.6000,39637,0,408500840.000,0,-,-,-,-,5053.4000,5052.8000,5052.2000,5051.6000,5051.4000,5055.0000,5055.4000,5055.6000,5056.8000,5057.0000,1,3,2,3,1,1,1,2,1,2
SF,IC2009,2020-04-23 09:33:16.000,5054.6000,39637,0,408500840.000,0,-,-,-,-,5053.4000,5052.8000,5052.2000,5051.6000,5051.4000,5055.0000,5055.4000,5055.6000,5056.8000,5057.0000,1,3,2,3,1,1,2,2,1,2
SF,IC2009,2020-04-23 09:33:16.500,5054.6000,39637,0,408500840.000,0,-,-,-,-,5053.6000,5053.4000,5052.8000,5052.2000,5051.6000,5055.0000,5055.4000,5055.6000,5056.8000,5057.0000,1,1,3,2,3,1,2,2,1,2
SF,IC2009,2020-04-23 09:33:17.000,5054.6000,39637,0,408500840.000,0,-,-,-,-,5053.6000,5053.4000,5052.8000,5052.2000,5051.6000,5055.0000,5055.4000,5055.6000,5056.8000,5057.0000,1,1,3,2,3,1,1,2,1,2
SF,IC2009,2020-04-23 09:33:17.500,5054.6000,39637,0,408500840.000,0,-,-,-,-,5053.4000,5053.0000,5052.8000,5052.2000,5051.6000,5054.8000,5055.0000,5055.4000,5055.6000,5056.8000,1,1,3,2,3,2,1,1,2,1
SF,IC2009,2020-04-23 09:33:18.000,5054.6000,39637,0,408500840.000,0,-,-,-,-,5053.4000,5053.0000,5052.8000,5052.2000,5051.6000,5054.8000,5055.0000,5055.4000,5055.6000,5056.8000,1,1,3,2,3,2,1,1,1,1
SF,IC2009,2020-04-23 09:33:18.500,5053.4000,39636,-1,409511520.000,1,0,1,双平,S,5053.0000,5052.8000,5052.2000,5051.6000,5051.4000,5054.6000,5054.8000,5055.0000,5055.4000,5055.6000,1,3,2,3,1,3,1,1,1,1
SF,IC2009,2020-04-23 09:33:19.000,5053.0000,39636,0,410522120.000,1,0,1,多换,S,5052.8000,5052.2000,5051.6000,5051.4000,5051.0000,5054.4000,5054.6000,5055.0000,5055.4000,5055.6000,3,2,3,1,1,1,3,1,1,1
SF,IC2009,2020-04-23 09:33:19.500,5053.0000,39636,0,410522120.000,0,-,-,-,-,5052.8000,5052.2000,5051.6000,5051.0000,5050.6000,5054.2000,5054.4000,5054.6000,5055.0000,5055.4000,3,2,3,1,1,1,1,1,1,1
SF,IC2009,2020-04-23 09:33:20.000,5052.8000,39636,0,411532680.000,1,0,1,多换,S,5052.8000,5052.2000,5051.6000,5051.0000,5050.6000,5054.0000,5054.6000,5055.0000,5055.4000,5055.6000,2,2,3,1,1,3,1,1,1,1
SF,IC2009,2020-04-23 09:33:20.500,5052.8000,39636,0,412543240.000,1,0,1,多换,S,5052.8000,5052.2000,5051.6000,5051.0000,5050.6000,5053.4000,5054.0000,5055.0000,5055.4000,5055.6000,1,2,3,1,1,1,3,2,1,1
SF,IC2009,2020-04-23 09:33:21.000,5052.8000,39636,0,413553800.000,1,0,1,多换,S,5052.2000,5051.6000,5051.0000,5050.6000,5050.4000,5053.4000,5054.0000,5055.0000,5055.4000,5055.6000,2,3,1,1,11,1,2,2,1,1
SF,IC2009,2020-04-23 09:33:21.500,5052.8000,39636,0,413553800.000,0,-,-,-,-,5052.2000,5051.6000,5051.0000,5050.8000,5050.6000,5053.4000,5054.0000,5055.0000,5055.4000,5055.6000,2,3,1,1,1,1,2,2,1,1
SF,IC2009,2020-04-23 09:33:22.000,5052.8000,39636,0,413553800.000,0,-,-,-,-,5052.2000,5051.6000,5051.0000,5050.8000,5050.6000,5053.4000,5054.0000,5055.0000,5055.4000,5055.6000,2,3,1,1,1,1,2,2,1,1
SF,IC2009,2020-04-23 09:33:23.000,5052.2000,39635,-1,414564240.000,1,0,1,双平,S,5051.6000,5051.0000,5050.8000,5050.6000,5050.4000,5053.2000,5053.4000,5054.0000,5055.0000,5055.4000,3,1,1,1,11,3,1,1,2,1
SF,IC2009,2020-04-23 09:33:23.500,5052.2000,39635,0,414564240.000,0,-,-,-,-,5051.6000,5051.0000,5050.8000,5050.6000,5050.4000,5053.0000,5053.2000,5053.4000,5055.0000,5055.4000,3,1,1,1,11,2,3,1,2,1
SF,IC2009,2020-04-23 09:33:24.000,5051.6000,39635,0,417595200.000,3,1,2,多换,S,5051.0000,5050.8000,5050.6000,5050.4000,5050.0000,5051.2000,5052.2000,5052.6000,5052.8000,5053.0000,1,1,1,11,13,1,2,2,2,3
SF,IC2009,2020-04-23 09:33:24.500,5051.2000,39634,-1,418605440.000,1,0,1,双平,S,5051.0000,5050.8000,5050.6000,5050.4000,5050.0000,5052.6000,5053.0000,5053.4000,5055.0000,5055.4000,1,1,1,11,13,2,3,1,2,1
SF,IC2009,2020-04-23 09:33:25.000,5051.2000,39634,0,418605440.000,0,-,-,-,-,5051.0000,5050.8000,5050.6000,5050.4000,5050.0000,5052.4000,5052.6000,5053.0000,5053.4000,5055.0000,1,1,1,11,13,2,3,1,1,2
SF,IC2009,2020-04-23 09:33:25.500,5051.2000,39634,0,418605440.000,0,-,-,-,-,5051.0000,5050.8000,5050.6000,5050.4000,5050.0000,5052.2000,5052.4000,5052.6000,5053.0000,5053.4000,1,1,1,11,13,4,2,1,1,1
SF,IC2009,2020-04-23 09:33:26.000,5052.0000,39635,1,419615840.000,1,1,0,双开,S,5051.0000,5050.8000,5050.6000,5050.4000,5050.0000,5052.2000,5052.4000,5052.6000,5053.0000,5053.4000,1,1,1,11,13,5,1,1,1,1
SF,IC2009,2020-04-23 09:33:26.500,5052.2000,39634,-1,420626280.000,1,0,1,双平,S,5051.0000,5050.8000,5050.6000,5050.4000,5050.0000,5052.2000,5052.4000,5053.0000,5053.4000,5055.0000,1,1,1,11,13,4,1,1,1,2
SF,IC2009,2020-04-23 09:33:27.000,5052.4000,39630,-4,424668080.000,4,0,4,双平,S,5052.6000,5051.2000,5051.0000,5050.8000,5050.6000,5053.0000,5053.4000,5055.0000,5055.4000,5056.0000,2,2,1,1,1,1,1,2,1,3
SF,IC2009,2020-04-23 09:33:27.500,5053.0000,39626,-4,428710480.000,4,0,4,双平,S,5053.0000,5052.6000,5051.2000,5051.0000,5050.8000,5055.0000,5055.4000,5056.0000,5056.4000,5057.0000,1,2,1,1,1,2,1,3,1,2
SF,IC2009,2020-04-23 09:33:28.000,5053.0000,39626,0,428710480.000,0,-,-,-,-,5053.2000,5053.0000,5052.6000,5051.0000,5050.8000,5054.8000,5055.0000,5055.4000,5056.0000,5056.4000,2,1,2,1,1,1,2,1,3,1
SF,IC2009,2020-04-23 09:33:28.500,5055.4000,39624,-2,432754520.000,4,1,3,多平,S,5053.2000,5053.0000,5052.6000,5051.0000,5050.6000,5056.0000,5056.4000,5057.0000,5057.6000,5058.0000,2,1,2,1,1,3,1,1,1,2
SF,IC2009,2020-04-23 09:33:29.000,5055.4000,39624,0,432754520.000,0,-,-,-,-,5053.2000,5053.0000,5052.6000,5051.0000,5050.6000,5055.8000,5056.0000,5056.4000,5057.0000,5057.6000,1,1,2,1,1,2,3,1,1,1
SF,IC2009,2020-04-23 09:33:29.500,5055.4000,39624,0,432754520.000,0,-,-,-,-,5053.4000,5053.2000,5053.0000,5052.6000,5051.0000,5055.8000,5056.0000,5056.4000,5057.0000,5057.6000,1,1,1,2,1,1,3,1,1,1
SF,IC2009,2020-04-23 09:33:30.000,5055.4000,39624,0,432754520.000,0,-,-,-,-,5053.6000,5053.4000,5053.0000,5052.6000,5051.0000,5055.8000,5056.0000,5056.4000,5057.0000,5057.6000,1,1,1,2,1,1,3,1,1,1
SF,IC2009,2020-04-23 09:33:30.500,5055.4000,39624,0,432754520.000,0,-,-,-,-,5053.0000,5052.6000,5051.0000,5050.6000,5050.4000,5055.0000,5055.6000,5055.8000,5056.0000,5056.4000,1,2,1,1,11,1,1,2,3,1
SF,IC2009,2020-04-23 09:33:31.000,5053.0000,39626,2,434775760.000,2,2,0,双开,S,5052.6000,5051.0000,5050.8000,5050.6000,5050.4000,5054.8000,5055.0000,5055.8000,5056.0000,5056.4000,2,1,1,1,11,1,1,1,3,1
SF,IC2009,2020-04-23 09:33:32.000,5052.6000,39624,-2,436796800.000,2,0,2,双平,S,5051.0000,5050.8000,5050.6000,5050.4000,5050.0000,5053.8000,5054.8000,5055.8000,5056.0000,5056.4000,1,1,1,11,12,1,1,1,3,1
SF,IC2009,2020-04-23 09:33:32.500,5053.8000,39624,0,437807560.000,1,0,1,多换,S,5051.2000,5051.0000,5050.8000,5050.6000,5050.4000,5054.8000,5055.8000,5056.0000,5056.4000,5057.0000,2,1,1,1,11,1,1,3,1,1
SF,IC2009,2020-04-23 09:33:33.000,5053.8000,39624,0,437807560.000,0,-,-,-,-,5051.4000,5051.2000,5051.0000,5050.8000,5050.6000,5054.6000,5054.8000,5055.0000,5056.0000,5056.4000,1,2,1,1,1,1,1,1,3,1
SF,IC2009,2020-04-23 09:33:33.500,5053.8000,39624,0,437807560.000,0,-,-,-,-,5051.6000,5051.4000,5051.2000,5051.0000,5050.8000,5054.4000,5054.6000,5055.0000,5056.0000,5056.4000,1,1,1,1,1,1,1,1,3,1
SF,IC2009,2020-04-23 09:33:36.000,5053.8000,39624,0,437807560.000,0,-,-,-,-,5051.6000,5051.4000,5051.2000,5051.0000,5050.8000,5054.4000,5054.6000,5055.0000,5056.0000,5056.4000,1,1,1,3,1,1,1,1,3,1
SF,IC2009,2020-04-23 09:33:38.000,5053.8000,39624,0,437807560.000,0,-,-,-,-,5051.8000,5051.6000,5051.4000,5051.2000,5051.0000,5054.4000,5054.6000,5055.0000,5056.0000,5056.4000,1,1,1,1,3,1,1,1,3,1
SF,IC2009,2020-04-23 09:33:38.500,5054.6000,39623,-1,438818480.000,1,0,1,双平,S,5052.0000,5051.8000,5051.4000,5051.2000,5051.0000,5055.0000,5056.0000,5056.4000,5057.0000,5057.6000,2,1,1,1,3,1,3,1,1,1
SF,IC2009,2020-04-23 09:33:39.000,5055.0000,39623,0,439829480.000,1,0,1,多换,S,5051.4000,5051.2000,5051.0000,5050.8000,5050.6000,5056.0000,5056.4000,5057.0000,5057.6000,5058.0000,1,1,3,1,1,3,1,1,1,2
SF,IC2009,2020-04-23 09:33:39.500,5055.0000,39623,0,439829480.000,0,-,-,-,-,5054.0000,5052.6000,5051.8000,5051.6000,5051.4000,5055.8000,5056.0000,5056.4000,5057.0000,5057.6000,1,1,5,2,1,1,3,1,1,1
SF,IC2009,2020-04-23 09:33:40.000,5055.0000,39623,0,439829480.000,0,-,-,-,-,5054.2000,5054.0000,5052.6000,5051.6000,5051.4000,5056.0000,5056.4000,5057.0000,5057.6000,5058.0000,2,1,1,2,1,3,1,1,1,2
SF,IC2009,2020-04-23 09:33:40.500,5054.4000,39622,-1,440840360.000,1,0,1,双平,S,5054.4000,5054.2000,5054.0000,5052.6000,5052.0000,5056.0000,5056.4000,5057.0000,5057.6000,5058.0000,2,1,1,1,1,3,1,1,1,2
SF,IC2009,2020-04-23 09:33:41.000,5054.4000,39621,-1,441851240.000,1,0,1,双平,S,5054.4000,5054.2000,5054.0000,5052.0000,5051.6000,5055.8000,5056.0000,5056.4000,5057.0000,5057.6000,1,1,1,1,2,1,3,1,1,1
SF,IC2009,2020-04-23 09:33:41.500,5054.4000,39621,0,441851240.000,0,-,-,-,-,5054.2000,5054.0000,5052.0000,5051.6000,5051.4000,5055.8000,5056.0000,5056.4000,5057.0000,5057.6000,1,1,1,2,3,1,3,1,1,1
SF,IC2009,2020-04-23 09:33:42.000,5054.4000,39621,0,441851240.000,0,-,-,-,-,5054.2000,5054.0000,5052.0000,5051.6000,5051.4000,5055.8000,5056.0000,5056.4000,5057.0000,5057.6000,1,1,1,2,3,1,3,1,1,1
SF,IC2009,2020-04-23 09:33:42.500,5054.2000,39620,-1,442862080.000,1,0,1,双平,S,5052.0000,5051.6000,5051.4000,5051.2000,5051.0000,5055.8000,5056.0000,5056.4000,5057.0000,5057.6000,1,4,3,2,3,1,3,1,1,1
SF,IC2009,2020-04-23 09:33:43.000,5054.2000,39620,0,442862080.000,0,-,-,-,-,5052.8000,5052.6000,5052.2000,5052.0000,5051.6000,5055.6000,5055.8000,5056.0000,5056.4000,5057.0000,1,1,1,1,4,1,1,3,1,1
SF,IC2009,2020-04-23 09:33:43.500,5054.2000,39620,0,442862080.000,0,-,-,-,-,5053.0000,5052.8000,5052.6000,5052.0000,5051.6000,5055.4000,5056.0000,5056.4000,5057.0000,5057.6000,1,1,1,1,4,1,3,1,1,1
SF,IC2009,2020-04-23 09:33:44.000,5054.2000,39620,0,442862080.000,0,-,-,-,-,5053.0000,5052.8000,5052.6000,5052.0000,5051.8000,5055.4000,5056.0000,5056.4000,5057.0000,5057.6000,1,1,1,1,2,1,3,1,1,1
SF,IC2009,2020-04-23 09:33:45.000,5055.4000,39619,-1,443873160.000,1,0,1,双平,S,5053.6000,5053.0000,5052.6000,5052.0000,5051.8000,5056.0000,5056.4000,5057.0000,5057.6000,5058.0000,1,2,1,1,2,4,1,1,1,2
SF,IC2009,2020-04-23 09:33:45.500,5055.4000,39619,0,443873160.000,0,-,-,-,-,5053.8000,5053.6000,5053.0000,5052.6000,5052.0000,5055.8000,5056.0000,5056.4000,5057.0000,5057.6000,1,1,1,1,1,1,4,1,1,1
SF,IC2009,2020-04-23 09:33:46.000,5055.4000,39619,0,443873160.000,0,-,-,-,-,5054.0000,5053.8000,5053.6000,5053.0000,5052.6000,5055.8000,5056.0000,5056.4000,5057.0000,5057.6000,1,1,1,1,1,1,4,1,1,1
SF,IC2009,2020-04-23 09:33:46.500,5055.4000,39619,0,443873160.000,0,-,-,-,-,5054.2000,5053.8000,5053.0000,5052.6000,5052.0000,5055.8000,5056.0000,5056.4000,5057.0000,5057.6000,1,1,1,1,1,1,4,1,1,1
SF,IC2009,2020-04-23 09:33:47.000,5055.4000,39619,0,443873160.000,0,-,-,-,-,5054.4000,5053.0000,5052.6000,5052.0000,5051.8000,5056.0000,5056.4000,5057.0000,5057.6000,5058.0000,2,1,1,1,2,4,1,1,1,2
SF,IC2009,2020-04-23 09:33:47.500,5055.4000,39619,0,443873160.000,0,-,-,-,-,5054.4000,5053.0000,5052.6000,5052.0000,5051.8000,5055.0000,5056.0000,5056.4000,5057.0000,5057.6000,2,1,1,1,2,1,4,1,1,1
SF,IC2009,2020-04-23 09:33:48.000,5055.0000,39618,-1,444884160.000,1,0,1,双平,S,5054.4000,5053.0000,5052.6000,5052.0000,5051.8000,5056.0000,5056.4000,5057.0000,5057.6000,5058.0000,1,1,1,1,2,4,1,1,1,2
SF,IC2009,2020-04-23 09:33:49.500,5055.0000,39618,0,444884160.000,0,-,-,-,-,5054.4000,5053.0000,5052.6000,5052.0000,5051.8000,5055.8000,5056.0000,5056.4000,5057.0000,5057.6000,1,1,1,1,2,1,4,1,1,1
SF,IC2009,2020-04-23 09:33:50.000,5055.0000,39618,0,444884160.000,0,-,-,-,-,5054.4000,5053.0000,5052.6000,5052.0000,5051.8000,5056.0000,5056.4000,5057.0000,5057.6000,5058.0000,1,1,1,1,2,4,1,1,1,2
SF,IC2009,2020-04-23 09:33:50.500,5055.0000,39618,0,444884160.000,0,-,-,-,-,5053.0000,5052.6000,5052.0000,5051.8000,5051.6000,5054.4000,5055.8000,5056.0000,5056.4000,5057.0000,1,1,1,2,5,4,2,4,1,1
SF,IC2009,2020-04-23 09:33:51.000,5053.2000,39617,-1,445894800.000,1,0,1,双平,S,5053.2000,5052.6000,5052.0000,5051.8000,5051.6000,5054.4000,5055.8000,5056.0000,5056.4000,5057.0000,3,1,1,2,5,4,1,4,1,1
SF,IC2009,2020-04-23 09:33:52.000,5053.2000,39617,0,445894800.000,0,-,-,-,-,5053.2000,5052.6000,5052.0000,5051.8000,5051.6000,5054.4000,5055.8000,5056.0000,5056.4000,5057.0000,2,1,1,2,5,4,1,4,1,1
SF,IC2009,2020-04-23 09:33:52.500,5053.2000,39617,0,445894800.000,0,-,-,-,-,5053.2000,5052.0000,5051.8000,5051.6000,5051.4000,5054.4000,5055.8000,5056.0000,5056.4000,5057.0000,2,1,2,5,2,4,1,5,1,1
SF,IC2009,2020-04-23 09:33:53.000,5054.4000,39615,-2,447916560.000,2,0,2,双平,S,5053.2000,5052.0000,5051.8000,5051.6000,5051.4000,5054.4000,5055.8000,5056.0000,5056.4000,5057.0000,2,1,2,5,2,2,2,5,1,1
SF,IC2009,2020-04-23 09:33:53.500,5054.4000,39614,-1,448927440.000,1,0,1,双平,S,5053.4000,5053.2000,5052.0000,5051.8000,5051.6000,5054.4000,5055.8000,5056.0000,5056.4000,5057.0000,1,2,1,2,5,1,2,5,1,1
SF,IC2009,2020-04-23 09:33:54.000,5054.4000,39614,0,448927440.000,0,-,-,-,-,5053.6000,5052.0000,5051.8000,5051.6000,5051.4000,5054.4000,5055.8000,5056.0000,5056.4000,5057.0000,2,1,2,5,2,1,1,5,1,1
SF,IC2009,2020-04-23 09:33:54.500,5054.4000,39613,-1,449938320.000,1,0,1,双平,S,5053.6000,5052.0000,5051.8000,5051.6000,5051.4000,5055.8000,5056.0000,5056.4000,5057.0000,5057.6000,3,1,2,5,2,1,5,1,1,1
SF,IC2009,2020-04-23 09:33:55.000,5053.6000,39612,-1,450949040.000,1,0,1,双平,S,5053.6000,5052.0000,5051.8000,5051.6000,5051.4000,5055.8000,5056.0000,5056.4000,5057.0000,5057.6000,1,1,2,5,2,1,5,1,1,1
SF,IC2009,2020-04-23 09:33:55.500,5053.6000,39612,0,450949040.000,0,-,-,-,-,5053.8000,5053.6000,5052.0000,5051.8000,5051.6000,5055.6000,5055.8000,5056.0000,5056.4000,5057.0000,1,1,1,2,5,1,1,5,1,1
SF,IC2009,2020-04-23 09:33:56.000,5053.6000,39612,0,450949040.000,0,-,-,-,-,5054.4000,5054.0000,5053.8000,5052.0000,5051.8000,5055.6000,5055.8000,5056.0000,5056.4000,5057.0000,1,1,1,1,2,1,1,7,1,1
SF,IC2009,2020-04-23 09:33:56.500,5053.6000,39612,0,451959760.000,1,0,1,多换,S,5053.8000,5052.0000,5051.8000,5051.6000,5051.4000,5055.6000,5055.8000,5056.0000,5056.4000,5057.0000,1,1,2,5,2,1,1,7,1,1
SF,IC2009,2020-04-23 09:33:57.000,5053.6000,39612,0,451959760.000,0,-,-,-,-,5053.8000,5052.0000,5051.8000,5051.6000,5051.4000,5055.4000,5055.6000,5055.8000,5056.0000,5056.4000,2,1,2,5,2,1,1,1,7,1
SF,IC2009,2020-04-23 09:33:57.500,5053.8000,39611,-1,452970520.000,1,0,1,双平,S,5053.8000,5052.0000,5051.8000,5051.6000,5051.4000,5055.4000,5055.6000,5055.8000,5056.0000,5056.4000,1,1,2,4,2,1,1,1,7,1
SF,IC2009,2020-04-23 09:33:58.000,5053.8000,39611,0,452970520.000,0,-,-,-,-,5054.0000,5053.8000,5052.0000,5051.8000,5051.6000,5055.6000,5055.8000,5056.0000,5056.4000,5057.0000,2,1,1,2,4,1,1,7,1,1
SF,IC2009,2020-04-23 09:33:58.500,5053.8000,39611,0,452970520.000,0,-,-,-,-,5054.0000,5052.0000,5051.8000,5051.6000,5051.4000,5055.8000,5056.0000,5056.4000,5057.0000,5057.6000,2,1,2,4,2,1,7,1,1,1
SF,IC2009,2020-04-23 09:33:59.000,5053.8000,39611,0,452970520.000,0,-,-,-,-,5054.4000,5054.0000,5052.0000,5051.8000,5051.6000,5055.8000,5056.0000,5056.4000,5057.0000,5057.6000,1,2,1,2,4,1,7,1,1,1
SF,IC2009,2020-04-23 09:33:59.500,5053.8000,39611,0,452970520.000,0,-,-,-,-,5054.4000,5054.0000,5052.0000,5051.8000,5051.6000,5055.8000,5056.0000,5056.4000,5057.0000,5057.6000,1,1,1,2,4,1,7,2,1,1
SF,IC2009,2020-04-23 09:34:00.000,5053.8000,39611,0,452970520.000,0,-,-,-,-,5054.6000,5054.4000,5054.0000,5052.0000,5051.8000,5055.8000,5056.0000,5056.4000,5057.0000,5057.6000,1,1,1,1,2,1,7,2,1,1
SF,IC2009,2020-04-23 09:34:00.500,5054.0000,39611,0,453981320.000,1,0,1,多换,S,5054.4000,5054.0000,5052.0000,5051.8000,5051.6000,5055.8000,5056.0000,5056.4000,5057.0000,5057.6000,1,1,1,2,4,1,7,2,1,1
SF,IC2009,2020-04-23 09:34:01.000,5054.0000,39611,0,453981320.000,0,-,-,-,-,5054.4000,5054.0000,5052.0000,5051.8000,5051.6000,5055.8000,5056.0000,5056.4000,5057.0000,5057.6000,1,1,1,2,4,1,7,2,1,1
SF,IC2009,2020-04-23 09:34:01.500,5054.0000,39611,0,453981320.000,0,-,-,-,-,5052.0000,5051.8000,5051.6000,5051.4000,5051.2000,5055.6000,5055.8000,5056.0000,5056.4000,5057.0000,1,2,4,2,2,4,1,8,2,1
SF,IC2009,2020-04-23 09:34:02.000,5054.0000,39611,0,453981320.000,0,-,-,-,-,5053.2000,5052.4000,5052.2000,5052.0000,5051.8000,5055.4000,5055.6000,5055.8000,5056.0000,5056.4000,1,1,2,1,2,1,1,1,8,2
SF,IC2009,2020-04-23 09:34:02.500,5053.2000,39610,-1,454991960.000,1,0,1,双平,S,5052.4000,5052.2000,5052.0000,5051.8000,5051.6000,5055.2000,5055.8000,5056.0000,5056.4000,5057.0000,1,2,1,2,4,3,1,8,2,1
SF,IC2009,2020-04-23 09:34:03.000,5053.2000,39610,0,454991960.000,0,-,-,-,-,5052.2000,5052.0000,5051.8000,5051.6000,5051.4000,5055.2000,5055.8000,5056.0000,5056.4000,5057.0000,2,1,2,4,2,3,1,7,2,1
SF,IC2009,2020-04-23 09:34:03.500,5053.2000,39610,0,454991960.000,0,-,-,-,-,5052.2000,5052.0000,5051.8000,5051.6000,5051.4000,5055.2000,5055.8000,5056.0000,5056.4000,5057.0000,2,1,2,4,2,1,1,7,2,1
SF,IC2009,2020-04-23 09:34:05.500,5053.2000,39610,0,454991960.000,0,-,-,-,-,5052.2000,5052.0000,5051.8000,5051.6000,5051.4000,5055.2000,5055.8000,5056.0000,5056.4000,5057.0000,2,1,2,4,2,1,1,7,1,1
SF,IC2009,2020-04-23 09:34:06.000,5053.2000,39610,0,454991960.000,0,-,-,-,-,5052.2000,5052.0000,5051.8000,5051.6000,5051.4000,5055.2000,5055.6000,5055.8000,5056.0000,5056.4000,2,1,2,4,2,1,1,1,7,1
SF,IC2009,2020-04-23 09:34:06.500,5052.4000,39609,-1,456002440.000,1,0,1,双平,S,5052.2000,5052.0000,5051.8000,5051.6000,5051.4000,5055.2000,5055.6000,5055.8000,5056.0000,5056.4000,2,1,2,4,2,1,1,1,7,1
SF,IC2009,2020-04-23 09:34:08.500,5052.2000,39608,-1,457012880.000,1,0,1,双平,S,5052.2000,5052.0000,5051.8000,5051.6000,5051.4000,5055.2000,5055.6000,5055.8000,5056.0000,5056.4000,1,1,2,4,2,1,1,1,7,1
SF,IC2009,2020-04-23 09:34:09.000,5052.2000,39608,0,457012880.000,0,-,-,-,-,5052.4000,5052.2000,5052.0000,5051.8000,5051.6000,5055.2000,5055.6000,5055.8000,5056.0000,5056.4000,1,1,1,2,4,1,1,1,7,1
SF,IC2009,2020-04-23 09:34:10.000,5052.2000,39608,0,457012880.000,0,-,-,-,-,5052.4000,5052.2000,5052.0000,5051.8000,5051.6000,5055.2000,5055.6000,5055.8000,5056.0000,5056.4000,1,1,1,2,4,1,1,1,5,1
SF,IC2009,2020-04-23 09:34:10.500,5055.2000,39607,-1,458023920.000,1,0,1,双平,S,5052.4000,5052.2000,5052.0000,5051.8000,5051.6000,5055.6000,5055.8000,5056.0000,5056.4000,5057.0000,1,1,1,2,4,1,1,5,1,1
SF,IC2009,2020-04-23 09:34:11.000,5052.6000,39607,0,459034440.000,1,0,1,多换,S,5052.4000,5052.2000,5052.0000,5051.8000,5051.6000,5055.0000,5055.4000,5055.6000,5055.8000,5056.0000,1,1,1,2,4,1,1,1,1,5
SF,IC2009,2020-04-23 09:34:11.500,5052.6000,39607,0,459034440.000,0,-,-,-,-,5052.4000,5052.2000,5052.0000,5051.8000,5051.6000,5054.8000,5055.0000,5055.6000,5055.8000,5056.0000,1,1,1,2,4,2,1,1,1,5
SF,IC2009,2020-04-23 09:34:13.500,5052.6000,39607,0,459034440.000,0,-,-,-,-,5052.4000,5052.2000,5052.0000,5051.8000,5051.6000,5054.8000,5055.6000,5055.8000,5056.0000,5056.4000,1,1,1,2,4,2,1,1,5,1
SF,IC2009,2020-04-23 09:34:14.000,5052.6000,39607,0,459034440.000,0,-,-,-,-,5052.4000,5052.2000,5052.0000,5051.8000,5051.6000,5054.8000,5055.6000,5055.8000,5056.0000,5056.4000,1,1,5,2,4,2,1,1,5,1
SF,IC2009,2020-04-23 09:34:14.500,5052.6000,39607,0,459034440.000,0,-,-,-,-,5052.8000,5052.6000,5052.4000,5052.2000,5052.0000,5054.8000,5055.6000,5055.8000,5056.0000,5056.4000,1,1,1,1,5,1,1,1,5,1
SF,IC2009,2020-04-23 09:34:15.000,5052.6000,39607,0,459034440.000,0,-,-,-,-,5053.0000,5052.6000,5052.2000,5052.0000,5051.8000,5054.8000,5055.6000,5055.8000,5056.0000,5056.4000,2,1,1,5,2,1,1,1,5,1
SF,IC2009,2020-04-23 09:34:15.500,5052.6000,39607,0,459034440.000,0,-,-,-,-,5053.0000,5052.8000,5052.6000,5052.2000,5052.0000,5054.8000,5055.6000,5055.8000,5056.0000,5056.4000,2,1,1,1,5,1,1,1,5,1
SF,IC2009,2020-04-23 09:34:17.000,5053.0000,39606,-1,460045040.000,1,0,1,双平,S,5053.0000,5052.8000,5052.6000,5052.2000,5052.0000,5054.6000,5054.8000,5055.6000,5055.8000,5056.0000,1,1,1,1,5,1,1,1,1,5
SF,IC2009,2020-04-23 09:34:17.500,5053.0000,39606,0,460045040.000,0,-,-,-,-,5053.0000,5052.2000,5052.0000,5051.8000,5051.6000,5054.0000,5054.4000,5054.8000,5055.6000,5055.8000,1,1,5,2,4,2,1,1,1,1
SF,IC2009,2020-04-23 09:34:18.000,5054.0000,39604,-2,462066640.000,2,0,2,双平,S,5053.0000,5052.2000,5052.0000,5051.8000,5051.6000,5054.8000,5055.6000,5055.8000,5056.0000,5056.4000,1,1,5,2,4,1,1,1,5,1
SF,IC2009,2020-04-23 09:34:18.500,5054.0000,39604,0,462066640.000,0,-,-,-,-,5053.0000,5052.2000,5052.0000,5051.8000,5051.6000,5054.8000,5055.6000,5055.8000,5056.0000,5056.4000,1,1,5,2,4,1,1,1,5,1
SF,IC2009,2020-04-23 09:34:19.000,5054.0000,39604,0,462066640.000,0,-,-,-,-,5053.0000,5052.2000,5052.0000,5051.8000,5051.6000,5054.8000,5055.6000,5055.8000,5056.0000,5056.4000,2,1,5,2,4,1,1,1,5,1
SF,IC2009,2020-04-23 09:34:19.500,5054.0000,39604,0,462066640.000,0,-,-,-,-,5053.0000,5052.2000,5052.0000,5051.8000,5051.6000,5054.6000,5054.8000,5055.6000,5055.8000,5056.0000,2,1,5,2,4,2,1,1,1,3
SF,IC2009,2020-04-23 09:34:20.000,5054.0000,39604,0,462066640.000,0,-,-,-,-,5053.0000,5052.2000,5052.0000,5051.8000,5051.6000,5054.6000,5054.8000,5055.0000,5055.8000,5056.0000,2,1,5,2,4,2,1,2,1,3
SF,IC2009,2020-04-23 09:34:20.500,5054.0000,39604,0,462066640.000,0,-,-,-,-,5053.0000,5052.2000,5052.0000,5051.8000,5051.6000,5054.6000,5054.8000,5055.0000,5055.8000,5056.0000,1,1,5,2,4,3,1,2,1,3
SF,IC2009,2020-04-23 09:34:21.000,5054.0000,39604,0,462066640.000,0,-,-,-,-,5053.0000,5052.2000,5052.0000,5051.8000,5051.6000,5054.6000,5054.8000,5055.0000,5055.6000,5055.8000,2,1,5,2,4,3,1,2,1,1
SF,IC2009,2020-04-23 09:34:21.500,5054.0000,39604,0,462066640.000,0,-,-,-,-,5053.2000,5053.0000,5052.2000,5052.0000,5051.8000,5054.6000,5054.8000,5055.0000,5055.6000,5055.8000,1,2,1,5,2,3,1,2,1,1
SF,IC2009,2020-04-23 09:34:22.000,5054.0000,39604,0,462066640.000,0,-,-,-,-,5053.0000,5052.2000,5052.0000,5051.8000,5051.6000,5054.6000,5054.8000,5055.0000,5055.6000,5055.8000,2,1,5,2,4,4,1,2,1,1
SF,IC2009,2020-04-23 09:34:24.500,5053.0000,39604,0,463077240.000,1,0,1,多换,S,5053.0000,5052.2000,5052.0000,5051.8000,5051.6000,5054.6000,5054.8000,5055.0000,5055.6000,5055.8000,1,1,5,2,4,4,1,2,1,1
SF,IC2009,2020-04-23 09:34:25.500,5053.0000,39604,0,464087840.000,1,0,1,多换,S,5052.2000,5052.0000,5051.8000,5051.6000,5051.4000,5053.0000,5054.6000,5054.8000,5055.0000,5055.6000,1,5,2,4,2,1,4,1,2,1
SF,IC2009,2020-04-23 09:34:26.000,5053.0000,39604,0,464087840.000,0,-,-,-,-,5053.0000,5052.2000,5052.0000,5051.8000,5051.6000,5054.6000,5054.8000,5055.0000,5055.6000,5055.8000,1,1,5,2,4,2,2,2,1,1
SF,IC2009,2020-04-23 09:34:26.500,5053.0000,39604,0,465098440.000,1,0,1,多换,S,5052.2000,5052.0000,5051.8000,5051.6000,5051.4000,5052.4000,5054.4000,5054.6000,5054.8000,5055.0000,1,5,2,4,2,1,1,3,2,2
SF,IC2009,2020-04-23 09:34:27.000,5052.8000,39603,-1,466109000.000,1,0,1,双平,S,5052.8000,5052.6000,5052.4000,5052.2000,5052.0000,5054.6000,5054.8000,5055.0000,5055.6000,5055.8000,2,1,3,1,5,2,1,2,1,1
SF,IC2009,2020-04-23 09:34:27.500,5054.4000,39603,0,467119880.000,1,0,1,多换,S,5052.4000,5052.2000,5052.0000,5051.8000,5051.6000,5054.4000,5054.6000,5055.0000,5055.6000,5055.8000,2,1,5,2,4,3,2,2,1,1
SF,IC2009,2020-04-23 09:34:28.000,5054.4000,39603,0,467119880.000,0,-,-,-,-,5052.6000,5052.4000,5052.2000,5052.0000,5051.8000,5054.2000,5054.4000,5054.6000,5055.0000,5055.6000,1,2,1,5,2,1,3,1,2,1
SF,IC2009,2020-04-23 09:34:28.500,5054.4000,39603,0,467119880.000,0,-,-,-,-,5052.6000,5052.4000,5052.2000,5052.0000,5051.8000,5054.4000,5054.6000,5055.0000,5055.6000,5055.8000,1,2,1,5,2,1,1,2,1,1
SF,IC2009,2020-04-23 09:34:29.000,5054.4000,39603,0,467119880.000,0,-,-,-,-,5052.6000,5052.4000,5052.2000,5052.0000,5051.8000,5054.4000,5054.6000,5055.0000,5055.6000,5055.8000,1,2,1,5,2,1,1,2,1,1
SF,IC2009,2020-04-23 09:34:29.500,5054.4000,39603,0,467119880.000,0,-,-,-,-,5052.6000,5052.4000,5052.2000,5052.0000,5051.8000,5054.2000,5054.4000,5054.6000,5055.0000,5055.6000,1,2,1,5,2,1,1,1,2,1
SF,IC2009,2020-04-23 09:34:30.000,5052.6000,39603,0,468130400.000,1,0,1,多换,S,5052.4000,5052.2000,5052.0000,5051.8000,5051.6000,5054.4000,5054.6000,5055.0000,5055.6000,5055.8000,2,1,5,2,4,1,1,2,1,1
SF,IC2009,2020-04-23 09:34:30.500,5052.6000,39603,0,468130400.000,0,-,-,-,-,5052.6000,5052.4000,5052.2000,5052.0000,5051.8000,5054.2000,5054.4000,5054.6000,5055.0000,5055.6000,1,2,1,5,2,3,1,1,2,1
SF,IC2009,2020-04-23 09:34:31.500,5052.6000,39603,0,468130400.000,0,-,-,-,-,5052.6000,5052.4000,5052.2000,5052.0000,5051.8000,5054.0000,5054.2000,5054.4000,5054.6000,5055.0000,1,2,1,5,2,1,2,1,1,2
SF,IC2009,2020-04-23 09:34:32.000,5052.6000,39603,0,468130400.000,0,-,-,-,-,5052.6000,5052.4000,5052.2000,5052.0000,5051.8000,5053.8000,5054.0000,5054.2000,5054.4000,5054.6000,1,1,1,5,2,1,1,1,1,1
SF,IC2009,2020-04-23 09:34:32.500,5052.6000,39603,0,468130400.000,0,-,-,-,-,5052.6000,5052.4000,5052.2000,5052.0000,5051.8000,5054.0000,5054.2000,5054.4000,5054.6000,5055.0000,1,1,1,5,2,1,1,1,1,2
SF,IC2009,2020-04-23 09:34:33.000,5052.6000,39603,0,468130400.000,0,-,-,-,-,5052.6000,5052.4000,5052.2000,5052.0000,5051.8000,5053.8000,5054.0000,5054.2000,5054.4000,5054.6000,1,1,1,5,2,1,1,1,1,1
SF,IC2009,2020-04-23 09:34:33.500,5052.6000,39603,0,468130400.000,0,-,-,-,-,5052.6000,5052.4000,5052.2000,5052.0000,5051.8000,5053.6000,5054.0000,5054.2000,5054.4000,5054.6000,1,1,1,5,2,1,1,1,1,1
SF,IC2009,2020-04-23 09:34:34.000,5052.6000,39603,0,468130400.000,0,-,-,-,-,5052.6000,5052.4000,5052.2000,5052.0000,5051.8000,5054.0000,5054.2000,5054.4000,5054.6000,5055.0000,1,1,1,5,2,1,1,1,1,2
SF,IC2009,2020-04-23 09:34:34.500,5052.6000,39603,0,468130400.000,0,-,-,-,-,5052.6000,5052.4000,5052.2000,5052.0000,5051.8000,5053.8000,5054.2000,5054.4000,5054.6000,5055.0000,1,1,1,5,2,2,1,1,1,2
SF,IC2009,2020-04-23 09:34:35.000,5052.6000,39603,0,468130400.000,0,-,-,-,-,5052.6000,5052.4000,5052.2000,5052.0000,5051.8000,5053.8000,5054.4000,5054.6000,5055.0000,5055.8000,2,1,1,5,2,1,1,1,2,1
SF,IC2009,2020-04-23 09:34:35.500,5054.4000,39603,0,469141280.000,1,0,1,多换,S,5054.0000,5053.8000,5053.0000,5052.6000,5052.4000,5054.6000,5055.0000,5055.8000,5056.0000,5056.4000,1,1,1,2,1,1,2,1,2,1
