市场代码,合约代码,时间,最新,持仓,增仓,成交额,成交量,开仓,平仓,成交类型,方向,买一价,买二价,买三价,买四价,买五价,卖一价,卖二价,卖三价,卖四价,卖五价,买一量,买二量,买三量,买四量,买五量,卖一量,卖二量,卖三量,卖四量,卖五量
SF,IC2012,2020-06-24 09:29:00.400,5445.2000,34991,0,1089040.000,1.000,-,-,-,-,5445.0000,5444.0000,5442.4000,5440.4000,5438.8000,5449.0000,5458.0000,5461.6000,5467.0000,5468.0000,1,1,2,5,1,11,2,1,2,3
SF,IC2012,2020-06-24 09:30:00.400,5446.8000,34989,-2,4357320.000,3,0,3,多平,S,5446.6000,5446.4000,5445.0000,5444.0000,5442.4000,5449.0000,5457.6000,5458.0000,5461.6000,5466.0000,1,1,1,1,2,12,1,2,1,1
SF,IC2012,2020-06-24 09:30:00.900,5446.8000,34988,-1,5446680.000,1,0,1,双平,S,5446.6000,5446.4000,5445.0000,5444.0000,5442.4000,5448.8000,5449.0000,5457.6000,5458.0000,5461.6000,1,1,1,1,2,1,12,1,2,1
SF,IC2012,2020-06-24 09:30:01.400,5449.0000,34986,-2,7626240.000,2,0,2,双平,S,5446.8000,5446.6000,5446.4000,5445.0000,5444.0000,5449.0000,5457.6000,5458.0000,5461.6000,5466.0000,1,1,1,1,1,11,1,2,1,1
SF,IC2012,2020-06-24 09:30:01.900,5449.0000,34983,-3,10895640.000,3,0,3,双平,S,5447.8000,5447.2000,5445.0000,5444.0000,5442.4000,5448.0000,5449.0000,5457.6000,5458.0000,5461.6000,2,1,1,1,2,4,8,1,2,1
SF,IC2012,2020-06-24 09:30:02.400,5447.2000,34979,-4,19612040.000,8,2,6,多平,S,5445.0000,5444.0000,5442.4000,5442.0000,5441.8000,5446.8000,5447.8000,5448.8000,5449.0000,5457.6000,1,1,2,1,2,4,2,1,8,1
SF,IC2012,2020-06-24 09:30:02.900,5446.8000,34975,-4,25058880.000,5,0,5,多平,S,5445.0000,5444.0000,5442.4000,5442.0000,5441.8000,5446.8000,5447.0000,5447.8000,5448.8000,5449.0000,1,1,2,1,2,1,1,2,1,8
SF,IC2012,2020-06-24 09:30:03.400,5445.0000,34974,-1,26147880.000,1,0,1,双平,S,5444.0000,5442.4000,5442.0000,5441.8000,5440.4000,5446.8000,5447.0000,5447.8000,5448.8000,5449.0000,1,2,1,2,5,1,1,2,4,8
SF,IC2012,2020-06-24 09:30:03.900,5445.0000,34974,0,26147880.000,0,-,-,-,-,5444.0000,5442.4000,5442.0000,5440.4000,5440.0000,5446.6000,5446.8000,5447.0000,5447.8000,5448.8000,1,2,1,5,2,2,1,1,2,4
SF,IC2012,2020-06-24 09:30:04.400,5444.2000,34975,1,27236720.000,1,1,0,双开,S,5444.0000,5442.4000,5442.0000,5440.4000,5440.0000,5446.6000,5446.8000,5447.0000,5447.8000,5448.8000,1,2,1,5,2,2,1,1,2,4
SF,IC2012,2020-06-24 09:30:04.900,5444.2000,34975,0,27236720.000,0,-,-,-,-,5444.2000,5444.0000,5442.4000,5442.0000,5440.4000,5446.6000,5446.8000,5447.0000,5447.8000,5448.8000,1,1,2,1,5,1,1,1,2,4
SF,IC2012,2020-06-24 09:30:05.400,5444.2000,34975,0,27236720.000,0,-,-,-,-,5444.0000,5442.4000,5442.0000,5440.4000,5440.0000,5446.6000,5446.8000,5447.0000,5447.8000,5448.8000,1,2,1,5,2,1,1,1,2,4
SF,IC2012,2020-06-24 09:30:05.900,5446.8000,34975,0,29415400.000,2,1,1,多换,S,5446.6000,5444.2000,5444.0000,5442.4000,5442.0000,5447.0000,5447.8000,5448.8000,5449.0000,5452.0000,1,1,1,2,1,1,2,4,8,2
SF,IC2012,2020-06-24 09:30:06.400,5446.6000,34975,0,31594040.000,2,1,1,多换,S,5446.6000,5444.2000,5444.0000,5442.4000,5442.0000,5447.0000,5447.8000,5448.8000,5449.0000,5452.0000,1,1,1,2,1,1,2,4,8,2
SF,IC2012,2020-06-24 09:30:06.900,5446.8000,34973,-2,33772800.000,2,0,2,双平,S,5446.6000,5445.2000,5444.2000,5444.0000,5442.4000,5447.8000,5448.8000,5449.0000,5452.0000,5457.6000,1,1,1,1,2,2,4,8,2,1
SF,IC2012,2020-06-24 09:30:07.400,5446.8000,34973,0,33772800.000,0,-,-,-,-,5446.6000,5445.2000,5444.2000,5444.0000,5442.4000,5447.8000,5448.8000,5449.0000,5452.0000,5452.6000,1,2,1,1,2,2,4,8,2,3
SF,IC2012,2020-06-24 09:30:07.900,5446.6000,34974,1,34862120.000,1,1,0,双开,S,5445.2000,5444.2000,5444.0000,5442.4000,5442.0000,5447.8000,5448.8000,5449.0000,5452.0000,5452.6000,2,1,1,2,1,2,4,8,2,3
SF,IC2012,2020-06-24 09:30:08.400,5447.8000,34971,-3,39219640.000,4,0,4,多平,S,5447.8000,5445.4000,5445.2000,5444.0000,5442.4000,5448.8000,5449.0000,5452.0000,5452.6000,5457.6000,10,1,2,1,2,4,8,2,3,1
SF,IC2012,2020-06-24 09:30:08.900,5447.8000,34970,-1,40309200.000,1,0,1,双平,S,5447.8000,5445.4000,5445.2000,5444.0000,5442.4000,5448.8000,5449.0000,5452.0000,5452.6000,5457.6000,9,1,2,1,2,4,8,2,3,1
SF,IC2012,2020-06-24 09:30:09.400,5448.6000,34968,-2,42488480.000,2,0,2,双平,S,5447.8000,5445.8000,5445.4000,5445.2000,5444.0000,5448.8000,5449.0000,5452.0000,5452.6000,5457.6000,8,1,1,2,1,4,8,2,3,1
SF,IC2012,2020-06-24 09:30:09.900,5448.6000,34968,0,42488480.000,0,-,-,-,-,5447.8000,5445.8000,5445.4000,5445.2000,5444.0000,5448.8000,5449.0000,5452.0000,5452.6000,5457.6000,8,1,1,2,1,4,8,2,3,1
SF,IC2012,2020-06-24 09:30:10.400,5447.8000,34968,0,43578040.000,1,0,1,多换,S,5447.8000,5445.8000,5445.4000,5445.2000,5444.0000,5448.8000,5449.0000,5452.0000,5452.6000,5457.6000,7,1,1,2,1,4,8,2,3,1
SF,IC2012,2020-06-24 09:30:10.900,5448.8000,34964,-4,47936880.000,4,0,4,双平,S,5447.8000,5445.8000,5445.4000,5445.2000,5444.0000,5448.8000,5449.0000,5452.0000,5452.6000,5457.6000,6,1,1,2,1,1,8,2,3,1
SF,IC2012,2020-06-24 09:30:11.400,5449.0000,34955,-9,57745040.000,9,0,9,双平,S,5449.0000,5448.0000,5447.8000,5445.8000,5445.4000,5452.0000,5452.6000,5457.6000,5457.8000,5464.2000,1,1,6,1,1,2,3,1,6,1
SF,IC2012,2020-06-24 09:30:11.900,5449.0000,34955,0,57745040.000,0,-,-,-,-,5449.2000,5449.0000,5448.0000,5447.8000,5447.0000,5452.0000,5452.6000,5457.6000,5457.8000,5464.2000,1,1,1,6,2,2,3,1,6,1
SF,IC2012,2020-06-24 09:30:12.400,5451.8000,34955,0,61015640.000,3,1,2,多换,S,5449.2000,5449.0000,5448.0000,5447.8000,5447.0000,5452.0000,5452.6000,5457.6000,5457.8000,5464.2000,1,1,1,6,2,2,3,1,6,1
SF,IC2012,2020-06-24 09:30:12.900,5451.8000,34955,0,61015640.000,0,-,-,-,-,5449.4000,5449.2000,5449.0000,5448.0000,5447.8000,5452.0000,5452.6000,5457.6000,5457.8000,5464.2000,1,1,1,1,6,2,3,1,6,1
SF,IC2012,2020-06-24 09:30:13.400,5452.0000,34955,0,62106040.000,1,0,1,多换,S,5449.6000,5449.0000,5448.0000,5447.8000,5447.0000,5452.0000,5452.6000,5457.6000,5457.8000,5464.2000,1,1,1,6,2,1,3,1,6,1
SF,IC2012,2020-06-24 09:30:13.900,5452.0000,34955,0,62106040.000,0,-,-,-,-,5449.6000,5449.0000,5447.8000,5447.0000,5445.8000,5452.0000,5452.6000,5457.6000,5457.8000,5464.2000,1,1,6,2,1,1,3,1,6,1
SF,IC2012,2020-06-24 09:30:14.400,5452.0000,34955,0,63196440.000,1,0,1,多换,S,5452.0000,5449.6000,5449.0000,5447.8000,5447.0000,5452.6000,5457.6000,5457.8000,5464.2000,5466.0000,1,1,1,6,2,3,1,6,1,1
SF,IC2012,2020-06-24 09:30:14.900,5452.0000,34955,0,64286840.000,1,0,1,多换,S,5449.6000,5448.4000,5447.8000,5447.0000,5445.2000,5452.0000,5452.6000,5457.6000,5457.8000,5464.2000,1,1,6,2,2,2,3,1,6,1
SF,IC2012,2020-06-24 09:30:15.400,5452.0000,34955,0,64286840.000,0,-,-,-,-,5449.8000,5449.6000,5448.4000,5447.8000,5447.0000,5452.0000,5452.6000,5457.6000,5463.6000,5464.2000,1,1,1,6,2,2,3,1,6,1
SF,IC2012,2020-06-24 09:30:15.900,5452.0000,34953,-2,66467640.000,2,0,2,双平,S,5449.8000,5449.6000,5448.4000,5447.8000,5447.0000,5452.6000,5457.6000,5463.6000,5464.2000,5466.0000,1,1,1,6,2,3,1,6,1,1
SF,IC2012,2020-06-24 09:30:16.400,5452.0000,34953,0,66467640.000,0,-,-,-,-,5452.0000,5450.0000,5449.8000,5448.4000,5447.8000,5452.6000,5457.6000,5463.6000,5464.2000,5466.0000,2,1,1,1,6,3,1,6,1,1
SF,IC2012,2020-06-24 09:30:16.900,5452.0000,34950,-3,69738960.000,3,0,3,双平,S,5450.0000,5449.8000,5448.4000,5447.8000,5447.0000,5452.0000,5452.6000,5457.6000,5463.6000,5464.2000,1,1,1,6,2,1,2,1,6,1
SF,IC2012,2020-06-24 09:30:17.400,5452.0000,34950,0,70829360.000,1,0,1,多换,S,5449.8000,5448.4000,5447.8000,5447.0000,5445.2000,5452.6000,5457.6000,5463.6000,5464.2000,5466.0000,1,1,6,2,2,2,1,6,1,1
SF,IC2012,2020-06-24 09:30:17.900,5452.0000,34950,0,70829360.000,0,-,-,-,-,5450.0000,5449.8000,5448.4000,5447.8000,5447.0000,5452.6000,5457.6000,5463.6000,5464.2000,5466.0000,1,1,1,6,2,2,1,6,1,1
SF,IC2012,2020-06-24 09:30:18.400,5452.6000,34950,0,71919880.000,1,0,1,多换,S,5450.0000,5449.8000,5448.4000,5447.8000,5447.0000,5452.0000,5452.6000,5457.6000,5463.6000,5464.2000,2,1,1,6,2,5,1,1,6,1
SF,IC2012,2020-06-24 09:30:18.900,5452.0000,34950,0,75191080.000,3,1,2,多换,S,5449.8000,5448.4000,5447.8000,5447.0000,5445.2000,5452.0000,5452.6000,5457.6000,5463.6000,5464.2000,1,1,6,2,2,2,1,1,6,1
SF,IC2012,2020-06-24 09:30:19.400,5452.0000,34951,1,76281480.000,1,1,0,双开,S,5450.4000,5449.8000,5447.8000,5447.0000,5445.2000,5452.0000,5452.6000,5457.6000,5463.6000,5464.2000,1,1,6,2,2,1,1,1,6,1
SF,IC2012,2020-06-24 09:30:20.400,5452.0000,34952,1,77371880.000,1,1,0,双开,S,5452.0000,5450.4000,5449.8000,5447.8000,5447.0000,5452.6000,5457.6000,5463.6000,5464.2000,5466.0000,2,1,1,6,2,1,1,6,1,1
SF,IC2012,2020-06-24 09:30:20.900,5452.0000,34952,0,79552680.000,2,1,1,多换,S,5450.4000,5447.8000,5447.0000,5445.2000,5444.0000,5452.0000,5452.6000,5457.6000,5463.6000,5464.2000,1,6,2,2,1,1,1,1,6,1
SF,IC2012,2020-06-24 09:30:21.900,5450.4000,34951,-1,80642760.000,1,0,1,双平,S,5445.2000,5444.0000,5442.4000,5442.0000,5440.4000,5452.0000,5452.6000,5457.6000,5463.6000,5464.2000,2,1,2,1,5,1,1,1,6,1
SF,IC2012,2020-06-24 09:30:22.400,5452.0000,34949,-2,82823520.000,2,0,2,双平,S,5448.0000,5446.0000,5445.4000,5445.2000,5444.0000,5452.6000,5455.0000,5457.6000,5463.6000,5464.2000,1,1,2,2,1,1,1,1,6,1
SF,IC2012,2020-06-24 09:30:22.900,5452.0000,34949,0,82823520.000,0,-,-,-,-,5450.4000,5448.2000,5446.0000,5445.4000,5445.2000,5451.8000,5452.6000,5455.0000,5457.6000,5463.6000,2,2,1,1,2,1,1,1,1,6
SF,IC2012,2020-06-24 09:30:23.400,5452.0000,34949,0,82823520.000,0,-,-,-,-,5450.4000,5448.2000,5446.0000,5445.2000,5444.0000,5451.8000,5452.6000,5455.0000,5457.6000,5463.6000,2,3,1,2,1,1,1,1,1,6
SF,IC2012,2020-06-24 09:30:24.400,5450.4000,34948,-1,83913600.000,1,0,1,双平,S,5450.4000,5448.2000,5446.0000,5445.2000,5444.0000,5451.8000,5452.6000,5455.0000,5457.6000,5463.6000,1,3,1,2,1,1,1,1,1,6
SF,IC2012,2020-06-24 09:30:24.900,5450.4000,34947,-1,85003680.000,1,0,1,双平,S,5448.2000,5446.0000,5445.2000,5444.0000,5442.4000,5451.6000,5451.8000,5452.6000,5455.0000,5457.6000,2,1,2,1,2,1,1,1,1,1
SF,IC2012,2020-06-24 09:30:25.400,5450.4000,34947,0,85003680.000,0,-,-,-,-,5448.2000,5446.0000,5445.2000,5444.0000,5442.4000,5451.6000,5451.8000,5452.6000,5455.0000,5457.6000,2,1,2,1,2,1,1,1,1,1
SF,IC2012,2020-06-24 09:30:25.900,5450.4000,34947,0,85003680.000,0,-,-,-,-,5448.2000,5446.0000,5445.2000,5444.0000,5442.4000,5451.8000,5452.6000,5455.0000,5457.6000,5463.6000,2,1,2,1,2,1,1,1,1,6
SF,IC2012,2020-06-24 09:30:26.400,5450.4000,34947,0,85003680.000,0,-,-,-,-,5449.0000,5448.6000,5448.4000,5448.2000,5448.0000,5451.2000,5452.6000,5455.0000,5457.6000,5463.6000,1,1,1,2,1,1,1,1,1,6
SF,IC2012,2020-06-24 09:30:26.900,5451.2000,34947,0,86093920.000,1,0,1,多换,S,5449.2000,5449.0000,5448.4000,5448.2000,5446.0000,5452.6000,5455.0000,5457.6000,5463.6000,5464.2000,1,1,2,1,1,1,1,1,6,1
SF,IC2012,2020-06-24 09:30:27.400,5451.2000,34947,0,86093920.000,0,-,-,-,-,5449.4000,5449.2000,5449.0000,5448.4000,5446.0000,5452.6000,5455.0000,5457.6000,5463.6000,5464.2000,1,1,1,1,1,1,1,1,6,1
SF,IC2012,2020-06-24 09:30:27.900,5451.2000,34947,0,86093920.000,0,-,-,-,-,5449.6000,5449.4000,5449.0000,5446.0000,5445.2000,5452.6000,5455.0000,5457.6000,5463.6000,5464.2000,1,1,1,1,2,1,1,1,6,1
SF,IC2012,2020-06-24 09:30:28.400,5452.6000,34947,0,88274960.000,2,1,1,多换,S,5453.0000,5449.8000,5449.6000,5449.0000,5446.0000,5455.0000,5457.6000,5463.6000,5464.2000,5466.0000,1,1,1,1,1,1,1,6,1,1
SF,IC2012,2020-06-24 09:30:28.900,5453.0000,34946,-1,90456160.000,2,0,2,多平,S,5449.8000,5449.0000,5446.0000,5445.2000,5444.0000,5454.8000,5455.0000,5457.6000,5463.6000,5464.2000,2,1,1,2,1,1,1,1,6,1
SF,IC2012,2020-06-24 09:30:29.400,5453.0000,34946,0,90456160.000,0,-,-,-,-,5449.8000,5449.0000,5446.0000,5445.2000,5444.0000,5454.6000,5454.8000,5455.0000,5457.6000,5463.6000,1,1,1,2,1,1,1,1,1,6
SF,IC2012,2020-06-24 09:30:29.900,5453.0000,34946,0,90456160.000,0,-,-,-,-,5449.8000,5449.0000,5446.0000,5445.2000,5444.0000,5454.6000,5454.8000,5455.0000,5457.6000,5458.6000,1,1,1,1,1,1,1,1,1,3
SF,IC2012,2020-06-24 09:30:30.400,5453.0000,34946,0,90456160.000,0,-,-,-,-,5450.0000,5449.8000,5449.0000,5446.0000,5445.2000,5453.4000,5454.0000,5454.6000,5454.8000,5455.0000,1,1,1,1,1,1,2,1,1,1
SF,IC2012,2020-06-24 09:30:30.900,5454.0000,34943,-3,93728280.000,3,0,3,双平,S,5450.2000,5450.0000,5449.0000,5446.0000,5445.2000,5454.0000,5454.6000,5454.8000,5455.0000,5457.6000,1,1,1,1,1,1,1,1,1,1
SF,IC2012,2020-06-24 09:30:31.400,5454.0000,34943,0,94819080.000,1,0,1,多换,S,5450.4000,5450.2000,5449.0000,5446.0000,5445.2000,5452.0000,5454.0000,5454.8000,5455.0000,5457.6000,1,1,1,1,1,1,1,1,1,1
SF,IC2012,2020-06-24 09:30:31.900,5454.0000,34943,0,94819080.000,0,-,-,-,-,5449.0000,5445.2000,5444.0000,5442.4000,5442.0000,5452.0000,5453.4000,5455.0000,5457.6000,5458.6000,1,1,1,2,1,1,1,1,1,3
SF,IC2012,2020-06-24 09:30:32.400,5454.0000,34943,0,94819080.000,0,-,-,-,-,5449.2000,5449.0000,5445.2000,5444.0000,5442.4000,5452.0000,5453.4000,5455.0000,5457.6000,5458.6000,1,1,1,1,2,1,1,1,1,3
SF,IC2012,2020-06-24 09:30:32.900,5452.0000,34943,0,96999880.000,2,1,1,多换,S,5450.2000,5449.2000,5449.0000,5445.2000,5444.0000,5451.8000,5455.0000,5457.6000,5458.6000,5463.0000,1,1,1,1,1,1,1,1,3,1
SF,IC2012,2020-06-24 09:30:33.400,5450.2000,34942,-1,99179960.000,2,0,2,多平,S,5449.2000,5449.0000,5445.2000,5444.0000,5442.4000,5451.8000,5455.0000,5457.6000,5458.6000,5463.0000,1,1,1,1,2,1,1,1,3,1
SF,IC2012,2020-06-24 09:30:33.900,5451.8000,34941,-1,100270320.000,1,0,1,双平,S,5449.2000,5449.0000,5445.2000,5444.0000,5442.4000,5455.0000,5457.6000,5458.6000,5463.0000,5463.6000,1,1,1,1,2,1,1,3,1,6
SF,IC2012,2020-06-24 09:30:34.400,5451.8000,34941,0,100270320.000,0,-,-,-,-,5449.4000,5449.2000,5449.0000,5445.2000,5444.0000,5454.0000,5454.8000,5455.0000,5457.6000,5458.6000,2,1,1,1,1,1,1,1,1,3
SF,IC2012,2020-06-24 09:30:34.900,5451.8000,34941,0,100270320.000,0,-,-,-,-,5449.6000,5449.4000,5449.0000,5445.2000,5444.0000,5452.0000,5454.0000,5454.8000,5455.0000,5457.6000,1,1,1,1,1,1,1,1,1,1
SF,IC2012,2020-06-24 09:30:35.400,5451.8000,34941,0,100270320.000,0,-,-,-,-,5449.6000,5449.0000,5445.2000,5444.0000,5442.4000,5452.0000,5454.0000,5455.0000,5457.6000,5458.6000,1,1,1,1,2,1,1,1,1,3
SF,IC2012,2020-06-24 09:30:35.900,5451.8000,34941,0,100270320.000,0,-,-,-,-,5449.8000,5449.6000,5449.0000,5445.2000,5444.0000,5452.0000,5454.0000,5455.0000,5457.6000,5458.6000,1,1,1,1,1,1,1,1,1,3
SF,IC2012,2020-06-24 09:30:36.400,5451.8000,34941,0,100270320.000,0,-,-,-,-,5449.6000,5449.0000,5445.2000,5444.0000,5442.4000,5452.0000,5453.8000,5454.0000,5455.0000,5457.6000,1,1,1,1,2,1,1,1,1,1
SF,IC2012,2020-06-24 09:30:36.900,5452.0000,34940,-1,101360720.000,1,0,1,双平,S,5452.0000,5449.6000,5449.0000,5445.2000,5444.0000,5453.8000,5454.0000,5455.0000,5457.6000,5458.6000,5,1,1,1,1,1,1,1,1,3
SF,IC2012,2020-06-24 09:30:37.400,5452.0000,34935,-5,106812720.000,5,0,5,双平,S,5449.6000,5449.0000,5445.2000,5444.0000,5442.4000,5449.8000,5452.0000,5453.8000,5454.0000,5455.0000,1,1,1,1,2,1,1,1,1,1
SF,IC2012,2020-06-24 09:30:37.900,5449.8000,34934,-1,107902680.000,1,0,1,双平,S,5450.2000,5450.0000,5449.0000,5445.2000,5444.0000,5452.0000,5453.8000,5454.0000,5455.0000,5457.6000,2,1,1,1,1,1,1,1,1,1
SF,IC2012,2020-06-24 09:30:38.400,5449.8000,34934,0,107902680.000,0,-,-,-,-,5450.2000,5445.2000,5444.0000,5442.4000,5442.0000,5453.8000,5454.0000,5455.0000,5457.6000,5458.6000,2,1,1,2,1,1,1,1,1,3
SF,IC2012,2020-06-24 09:30:38.900,5449.8000,34932,-2,112262520.000,4,1,3,多平,S,5447.8000,5445.2000,5444.0000,5442.4000,5442.0000,5449.6000,5453.6000,5453.8000,5454.0000,5455.0000,1,1,1,2,1,1,1,1,1,1
SF,IC2012,2020-06-24 09:30:39.400,5449.6000,34931,-1,113352440.000,1,0,1,双平,S,5450.4000,5447.8000,5445.2000,5444.0000,5442.4000,5453.6000,5453.8000,5454.0000,5455.0000,5457.6000,1,1,1,1,2,1,1,1,1,1
SF,IC2012,2020-06-24 09:30:39.900,5453.4000,34931,0,114443120.000,1,0,1,多换,S,5450.4000,5448.0000,5447.8000,5445.2000,5444.0000,5453.4000,5453.6000,5453.8000,5455.0000,5457.6000,1,1,1,1,1,1,1,1,1,1
SF,IC2012,2020-06-24 09:30:40.400,5453.4000,34931,0,114443120.000,0,-,-,-,-,5450.4000,5448.0000,5447.8000,5445.2000,5444.0000,5453.2000,5453.4000,5453.8000,5455.0000,5457.6000,1,1,1,1,1,1,1,1,1,1
SF,IC2012,2020-06-24 09:30:40.900,5450.4000,34930,-1,115533200.000,1,0,1,双平,S,5447.8000,5445.2000,5444.0000,5442.4000,5442.0000,5453.0000,5453.2000,5453.8000,5455.0000,5457.6000,1,1,1,2,1,1,1,1,1,1
SF,IC2012,2020-06-24 09:30:41.400,5450.4000,34930,0,115533200.000,0,-,-,-,-,5447.8000,5445.2000,5444.0000,5442.4000,5442.0000,5452.8000,5453.0000,5455.0000,5457.6000,5458.6000,1,1,1,2,1,2,1,1,1,3
SF,IC2012,2020-06-24 09:30:41.900,5450.4000,34930,0,115533200.000,0,-,-,-,-,5448.0000,5447.8000,5445.2000,5444.0000,5442.4000,5451.8000,5452.6000,5452.8000,5453.0000,5453.2000,1,1,1,1,2,1,1,2,2,1
SF,IC2012,2020-06-24 09:30:42.400,5450.4000,34930,0,115533200.000,0,-,-,-,-,5448.2000,5448.0000,5447.8000,5445.2000,5444.0000,5451.6000,5451.8000,5452.8000,5453.0000,5453.2000,2,1,1,1,1,1,1,1,2,1
SF,IC2012,2020-06-24 09:30:42.900,5450.4000,34930,0,115533200.000,0,-,-,-,-,5448.2000,5445.2000,5444.0000,5442.4000,5442.0000,5451.6000,5452.8000,5453.0000,5453.2000,5453.6000,2,1,1,2,1,1,1,2,1,1
SF,IC2012,2020-06-24 09:30:43.400,5450.4000,34930,0,115533200.000,0,-,-,-,-,5448.4000,5448.2000,5445.2000,5444.0000,5442.4000,5451.6000,5452.8000,5453.0000,5453.2000,5453.6000,2,2,1,1,2,1,1,2,1,1
SF,IC2012,2020-06-24 09:30:43.900,5450.4000,34930,0,115533200.000,0,-,-,-,-,5448.6000,5448.4000,5448.2000,5445.2000,5444.0000,5451.6000,5452.8000,5453.0000,5453.2000,5453.6000,1,2,1,1,1,1,1,2,1,1
SF,IC2012,2020-06-24 09:30:44.400,5451.6000,34930,0,116623520.000,1,0,1,多换,S,5448.6000,5448.4000,5448.2000,5445.2000,5444.0000,5452.8000,5453.0000,5453.2000,5453.6000,5455.0000,1,1,1,1,1,1,2,1,1,1
SF,IC2012,2020-06-24 09:30:44.900,5451.6000,34930,0,116623520.000,0,-,-,-,-,5448.8000,5448.6000,5448.4000,5448.2000,5445.2000,5452.8000,5453.0000,5453.2000,5453.6000,5455.0000,3,1,1,1,1,1,2,1,1,1
SF,IC2012,2020-06-24 09:30:45.400,5451.6000,34930,0,116623520.000,0,-,-,-,-,5449.0000,5448.8000,5448.4000,5448.2000,5445.2000,5451.2000,5451.4000,5452.8000,5453.0000,5453.2000,1,3,1,1,1,1,1,1,2,1
SF,IC2012,2020-06-24 09:30:45.900,5451.6000,34930,0,116623520.000,0,-,-,-,-,5449.0000,5448.4000,5448.2000,5445.2000,5444.0000,5451.2000,5451.4000,5452.8000,5453.0000,5453.2000,1,1,1,1,1,1,1,1,2,1
SF,IC2012,2020-06-24 09:30:46.400,5451.6000,34931,1,117713840.000,1,1,0,双开,S,5449.2000,5449.0000,5448.4000,5448.2000,5445.2000,5452.8000,5453.0000,5453.2000,5453.6000,5455.0000,2,1,1,1,1,1,2,1,1,1
SF,IC2012,2020-06-24 09:30:46.900,5451.6000,34931,0,117713840.000,0,-,-,-,-,5449.8000,5449.4000,5449.2000,5448.4000,5448.2000,5453.0000,5453.2000,5453.6000,5455.0000,5457.6000,1,3,2,1,1,2,1,1,1,1
SF,IC2012,2020-06-24 09:30:47.400,5451.6000,34931,0,117713840.000,0,-,-,-,-,5450.0000,5449.8000,5449.4000,5449.2000,5448.4000,5453.0000,5453.2000,5453.6000,5455.0000,5457.6000,2,1,1,1,1,2,1,1,1,1
SF,IC2012,2020-06-24 09:30:47.900,5451.6000,34931,0,117713840.000,0,-,-,-,-,5450.0000,5449.8000,5449.4000,5449.2000,5448.4000,5453.0000,5453.2000,5453.6000,5455.0000,5457.6000,3,1,1,1,1,2,1,1,1,1
SF,IC2012,2020-06-24 09:30:48.400,5451.6000,34931,0,117713840.000,0,-,-,-,-,5450.0000,5449.4000,5449.2000,5448.4000,5448.2000,5453.0000,5455.0000,5457.6000,5458.6000,5463.0000,3,1,1,1,1,2,1,1,3,1
SF,IC2012,2020-06-24 09:30:48.900,5451.6000,34931,0,117713840.000,0,-,-,-,-,5452.8000,5450.8000,5450.2000,5450.0000,5449.4000,5453.0000,5455.0000,5457.6000,5458.6000,5463.0000,2,1,1,2,1,2,1,1,3,1
SF,IC2012,2020-06-24 09:30:49.400,5452.8000,34929,-2,119894960.000,2,0,2,双平,S,5450.8000,5450.2000,5450.0000,5449.4000,5449.2000,5453.0000,5455.0000,5457.6000,5458.6000,5463.0000,1,1,2,1,1,2,1,1,3,1
SF,IC2012,2020-06-24 09:30:49.900,5453.0000,34927,-2,122076160.000,2,0,2,双平,S,5453.4000,5450.8000,5450.2000,5450.0000,5449.4000,5455.0000,5457.6000,5458.6000,5463.0000,5463.6000,1,1,2,2,1,1,1,3,1,6
SF,IC2012,2020-06-24 09:30:50.400,5453.2000,34927,0,123166800.000,1,0,1,多换,S,5451.0000,5450.8000,5450.2000,5450.0000,5449.4000,5453.6000,5455.0000,5457.6000,5458.6000,5463.0000,1,1,1,2,1,1,1,1,3,1
SF,IC2012,2020-06-24 09:30:50.900,5453.6000,34926,-1,124257520.000,1,0,1,双平,S,5451.2000,5450.8000,5450.2000,5449.2000,5448.2000,5455.0000,5457.6000,5458.6000,5463.0000,5463.6000,1,1,1,1,1,1,1,3,1,6
SF,IC2012,2020-06-24 09:30:51.400,5455.0000,34926,0,125348520.000,1,0,1,多换,S,5451.4000,5451.2000,5450.2000,5449.2000,5448.2000,5457.6000,5458.6000,5463.0000,5463.6000,5464.2000,2,2,1,1,1,1,3,1,6,1
SF,IC2012,2020-06-24 09:30:51.900,5455.0000,34926,0,125348520.000,0,-,-,-,-,5451.6000,5451.4000,5451.2000,5450.2000,5448.2000,5455.0000,5457.4000,5457.6000,5458.6000,5463.0000,1,2,1,1,1,1,1,2,3,1
SF,IC2012,2020-06-24 09:30:52.400,5455.0000,34926,0,125348520.000,0,-,-,-,-,5451.6000,5451.4000,5450.2000,5448.2000,5448.0000,5454.0000,5454.8000,5455.0000,5457.2000,5457.6000,1,2,1,1,2,1,1,1,1,2
SF,IC2012,2020-06-24 09:30:52.900,5455.0000,34926,0,125348520.000,0,-,-,-,-,5451.8000,5451.6000,5450.2000,5448.2000,5448.0000,5455.0000,5457.6000,5458.6000,5463.0000,5463.6000,1,1,1,1,2,1,2,3,1,6
SF,IC2012,2020-06-24 09:30:53.400,5455.0000,34926,0,125348520.000,0,-,-,-,-,5452.0000,5451.8000,5450.2000,5448.2000,5448.0000,5455.0000,5457.6000,5458.6000,5463.0000,5463.6000,2,1,1,1,2,1,2,3,1,6
SF,IC2012,2020-06-24 09:30:53.900,5455.0000,34926,0,125348520.000,0,-,-,-,-,5452.0000,5451.8000,5450.2000,5448.2000,5448.0000,5455.0000,5455.2000,5457.6000,5458.6000,5463.0000,3,1,1,1,2,1,1,2,3,1
SF,IC2012,2020-06-24 09:30:54.400,5455.0000,34926,0,125348520.000,0,-,-,-,-,5452.0000,5451.8000,5450.2000,5448.2000,5448.0000,5455.0000,5455.2000,5457.6000,5458.6000,5463.0000,3,1,1,1,2,2,1,2,3,1
SF,IC2012,2020-06-24 09:30:54.900,5455.0000,34926,0,125348520.000,0,-,-,-,-,5452.0000,5451.8000,5450.2000,5448.2000,5448.0000,5455.0000,5455.2000,5457.6000,5458.6000,5463.0000,2,1,1,1,2,2,1,2,3,1
SF,IC2012,2020-06-24 09:30:55.400,5455.0000,34926,0,125348520.000,0,-,-,-,-,5452.2000,5452.0000,5451.8000,5450.2000,5448.2000,5455.0000,5455.2000,5457.6000,5458.6000,5463.0000,1,2,1,1,1,2,1,2,3,1
SF,IC2012,2020-06-24 09:30:55.900,5452.4000,34925,-1,126439000.000,1,0,1,双平,S,5452.2000,5452.0000,5451.8000,5450.2000,5448.2000,5454.8000,5455.0000,5455.2000,5457.6000,5458.6000,1,1,1,1,1,1,2,1,2,3
SF,IC2012,2020-06-24 09:30:56.400,5452.4000,34925,0,126439000.000,0,-,-,-,-,5452.4000,5452.0000,5451.8000,5450.2000,5448.2000,5454.8000,5455.0000,5455.2000,5457.6000,5458.6000,1,1,1,1,1,1,1,1,2,3
SF,IC2012,2020-06-24 09:30:57.400,5452.4000,34925,0,126439000.000,0,-,-,-,-,5452.6000,5452.4000,5452.0000,5451.8000,5450.2000,5454.8000,5455.0000,5455.2000,5457.6000,5458.6000,1,1,1,1,1,1,1,1,2,3
SF,IC2012,2020-06-24 09:30:57.900,5452.4000,34925,0,126439000.000,0,-,-,-,-,5452.8000,5452.6000,5452.0000,5451.8000,5448.2000,5454.8000,5455.0000,5455.2000,5457.6000,5458.6000,2,1,1,1,1,1,1,1,2,3
SF,IC2012,2020-06-24 09:30:58.400,5452.4000,34925,0,126439000.000,0,-,-,-,-,5452.8000,5452.6000,5452.0000,5448.2000,5448.0000,5455.0000,5455.2000,5457.6000,5458.6000,5463.0000,2,1,1,1,2,1,1,2,3,1
SF,IC2012,2020-06-24 09:30:58.900,5452.4000,34925,0,126439000.000,0,-,-,-,-,5453.0000,5452.8000,5452.0000,5448.2000,5448.0000,5455.0000,5455.2000,5457.6000,5458.6000,5458.8000,1,2,1,1,2,1,1,2,3,1
SF,IC2012,2020-06-24 09:30:59.400,5452.4000,34925,0,126439000.000,0,-,-,-,-,5453.2000,5453.0000,5452.8000,5452.0000,5448.2000,5455.0000,5455.2000,5457.6000,5458.6000,5458.8000,1,1,1,1,1,1,1,2,3,1
SF,IC2012,2020-06-24 09:31:00.400,5452.4000,34925,0,126439000.000,0,-,-,-,-,5453.4000,5453.2000,5452.8000,5452.0000,5448.2000,5455.0000,5455.2000,5457.6000,5458.6000,5458.8000,1,1,1,1,1,1,1,2,3,1
SF,IC2012,2020-06-24 09:31:01.900,5455.0000,34924,-1,127530000.000,1,0,1,双平,S,5455.0000,5453.4000,5453.2000,5452.8000,5452.0000,5455.2000,5457.6000,5458.6000,5458.8000,5463.0000,2,1,1,1,1,1,2,3,1,1
SF,IC2012,2020-06-24 09:31:02.400,5455.2000,34922,-2,130803120.000,3,0,3,多平,S,5455.0000,5453.4000,5452.8000,5452.0000,5448.2000,5457.6000,5458.6000,5458.8000,5463.0000,5463.6000,2,1,1,1,1,2,3,1,1,6
SF,IC2012,2020-06-24 09:31:02.900,5457.4000,34922,0,131894600.000,1,0,1,多换,S,5455.2000,5455.0000,5452.8000,5452.0000,5448.2000,5457.6000,5458.6000,5458.8000,5463.0000,5463.6000,2,2,1,3,1,2,3,1,1,6
SF,IC2012,2020-06-24 09:31:03.400,5457.4000,34922,0,131894600.000,0,-,-,-,-,5455.2000,5455.0000,5452.8000,5452.0000,5448.2000,5457.6000,5458.6000,5458.8000,5463.0000,5463.6000,3,2,1,3,1,2,3,1,1,6
SF,IC2012,2020-06-24 09:31:03.900,5457.6000,34922,0,132986120.000,1,0,1,多换,S,5455.4000,5455.2000,5455.0000,5452.8000,5452.0000,5458.6000,5458.8000,5463.0000,5463.6000,5464.2000,2,3,2,1,3,3,1,1,6,1
SF,IC2012,2020-06-24 09:31:04.400,5457.6000,34922,0,132986120.000,0,-,-,-,-,5455.6000,5455.4000,5455.0000,5452.8000,5452.0000,5458.6000,5458.8000,5463.0000,5463.6000,5464.2000,3,3,2,1,3,3,1,1,6,1
SF,IC2012,2020-06-24 09:31:04.900,5455.6000,34921,-1,135168360.000,2,0,2,多平,S,5455.6000,5455.4000,5455.0000,5452.8000,5452.0000,5458.4000,5458.6000,5458.8000,5463.0000,5463.6000,1,3,2,1,3,2,3,1,1,6
SF,IC2012,2020-06-24 09:31:05.400,5458.6000,34917,-4,140626320.000,5,0,5,多平,S,5455.8000,5455.4000,5455.0000,5452.8000,5452.0000,5458.6000,5458.8000,5463.0000,5463.6000,5464.2000,1,3,2,1,3,1,1,1,6,1
SF,IC2012,2020-06-24 09:31:05.900,5458.6000,34917,0,141718040.000,1,0,1,多换,S,5456.0000,5455.8000,5455.4000,5455.0000,5452.8000,5458.8000,5463.0000,5463.6000,5464.2000,5466.0000,1,2,2,2,1,1,1,6,1,1
SF,IC2012,2020-06-24 09:31:06.400,5458.6000,34917,0,141718040.000,0,-,-,-,-,5456.2000,5456.0000,5455.8000,5455.4000,5455.0000,5458.8000,5463.0000,5464.2000,5466.0000,5468.0000,1,1,1,2,2,1,1,1,1,1
SF,IC2012,2020-06-24 09:31:06.900,5458.6000,34917,0,141718040.000,0,-,-,-,-,5458.6000,5456.4000,5456.2000,5455.4000,5455.0000,5458.8000,5463.0000,5464.2000,5466.0000,5468.0000,1,2,2,2,2,1,1,1,1,1
SF,IC2012,2020-06-24 09:31:07.400,5458.8000,34916,-1,142809800.000,1,0,1,双平,S,5458.6000,5456.4000,5456.2000,5455.4000,5455.0000,5463.0000,5464.2000,5466.0000,5468.0000,5468.2000,1,2,2,2,1,1,1,1,1,1
SF,IC2012,2020-06-24 09:31:07.900,5458.8000,34916,0,142809800.000,0,-,-,-,-,5458.8000,5458.6000,5456.4000,5455.0000,5452.8000,5462.4000,5463.0000,5464.2000,5466.0000,5468.0000,4,2,1,1,1,1,1,1,1,1
SF,IC2012,2020-06-24 09:31:08.400,5462.2000,34915,-1,143902240.000,1,0,1,双平,S,5460.6000,5458.8000,5458.6000,5455.0000,5452.8000,5462.4000,5463.0000,5464.2000,5466.0000,5468.0000,1,4,2,1,1,1,1,1,1,1
SF,IC2012,2020-06-24 09:31:08.900,5460.6000,34914,-1,144994360.000,1,0,1,双平,S,5458.8000,5458.6000,5455.0000,5452.8000,5452.0000,5460.6000,5462.2000,5462.4000,5463.0000,5464.2000,5,2,1,1,3,1,1,1,1,1
SF,IC2012,2020-06-24 09:31:09.400,5460.6000,34914,0,144994360.000,0,-,-,-,-,5458.8000,5458.6000,5457.4000,5455.0000,5452.0000,5459.6000,5460.6000,5462.2000,5462.4000,5463.0000,2,2,1,1,3,2,1,1,1,1
SF,IC2012,2020-06-24 09:31:09.900,5459.6000,34912,-2,147178200.000,2,0,2,双平,S,5458.8000,5458.6000,5457.4000,5455.0000,5452.0000,5460.6000,5462.2000,5462.4000,5463.0000,5464.2000,2,2,1,1,4,1,1,1,1,1
SF,IC2012,2020-06-24 09:31:10.400,5460.6000,34912,0,148270320.000,1,0,1,多换,S,5459.6000,5458.8000,5458.6000,5457.4000,5455.0000,5462.2000,5462.4000,5463.0000,5464.2000,5466.0000,1,2,2,1,1,1,1,1,1,1
SF,IC2012,2020-06-24 09:31:10.900,5459.8000,34911,-1,149362280.000,1,0,1,双平,S,5458.8000,5458.6000,5457.4000,5455.0000,5452.0000,5460.6000,5462.0000,5462.2000,5462.4000,5463.0000,2,2,1,1,4,1,1,1,1,1
SF,IC2012,2020-06-24 09:31:11.400,5460.4000,34911,0,151546320.000,2,1,1,多换,S,5458.8000,5458.6000,5457.4000,5452.0000,5450.0000,5460.6000,5462.0000,5462.4000,5463.0000,5464.2000,2,1,1,4,1,1,2,1,1,1
SF,IC2012,2020-06-24 09:31:11.900,5460.4000,34910,-1,154821920.000,3,1,2,多平,S,5458.6000,5457.4000,5452.0000,5450.0000,5448.2000,5459.6000,5460.4000,5462.0000,5462.4000,5463.0000,1,1,4,1,1,3,1,1,1,1
SF,IC2012,2020-06-24 09:31:12.400,5458.6000,34909,-1,155913640.000,1,0,1,双平,S,5457.4000,5452.0000,5450.0000,5448.2000,5448.0000,5458.4000,5459.4000,5459.6000,5459.8000,5460.4000,1,4,1,1,2,2,1,3,1,1
SF,IC2012,2020-06-24 09:31:12.900,5457.4000,34907,-2,158096600.000,2,0,2,双平,S,5452.0000,5450.0000,5448.2000,5448.0000,5442.4000,5458.4000,5459.4000,5459.6000,5459.8000,5460.4000,4,1,1,2,2,2,1,3,1,2
SF,IC2012,2020-06-24 09:31:13.400,5457.4000,34907,0,159188080.000,1,0,1,多换,S,5455.8000,5452.2000,5452.0000,5450.0000,5448.2000,5458.2000,5458.4000,5458.6000,5459.6000,5460.4000,1,1,4,1,1,3,2,1,3,1
SF,IC2012,2020-06-24 09:31:13.900,5457.4000,34907,0,159188080.000,0,-,-,-,-,5456.0000,5452.0000,5450.0000,5448.2000,5448.0000,5458.2000,5458.4000,5458.6000,5459.6000,5460.4000,1,4,1,1,2,1,2,1,3,1
SF,IC2012,2020-06-24 09:31:14.400,5457.4000,34907,0,159188080.000,0,-,-,-,-,5456.0000,5452.0000,5450.0000,5448.2000,5448.0000,5458.0000,5458.2000,5458.4000,5459.6000,5460.4000,1,4,1,1,2,1,1,2,3,1
SF,IC2012,2020-06-24 09:31:14.900,5457.4000,34907,0,159188080.000,0,-,-,-,-,5456.0000,5452.0000,5450.0000,5448.2000,5448.0000,5458.0000,5458.2000,5458.4000,5459.6000,5462.4000,1,4,1,1,2,1,1,2,3,1
SF,IC2012,2020-06-24 09:31:15.900,5457.4000,34907,0,159188080.000,0,-,-,-,-,5456.0000,5452.0000,5450.0000,5448.2000,5448.0000,5458.0000,5458.2000,5458.4000,5459.6000,5460.6000,1,4,1,1,2,1,1,2,3,2
SF,IC2012,2020-06-24 09:31:16.400,5457.4000,34907,0,159188080.000,0,-,-,-,-,5456.0000,5452.0000,5450.0000,5448.2000,5448.0000,5457.8000,5458.0000,5458.2000,5458.4000,5459.6000,1,4,1,1,2,1,1,1,2,3
SF,IC2012,2020-06-24 09:31:16.900,5457.4000,34907,0,159188080.000,0,-,-,-,-,5456.0000,5452.0000,5450.0000,5448.2000,5448.0000,5457.8000,5458.0000,5458.2000,5458.4000,5459.6000,1,4,2,1,2,1,1,1,2,3
SF,IC2012,2020-06-24 09:31:17.400,5457.4000,34907,0,159188080.000,0,-,-,-,-,5456.0000,5452.0000,5450.0000,5448.2000,5448.0000,5458.0000,5458.2000,5458.4000,5459.6000,5460.6000,1,4,2,1,2,1,1,2,3,2
SF,IC2012,2020-06-24 09:31:17.900,5457.4000,34907,0,159188080.000,0,-,-,-,-,5456.0000,5452.0000,5450.0000,5448.2000,5448.0000,5457.6000,5458.0000,5458.2000,5458.4000,5459.6000,1,4,2,1,2,1,1,1,2,3
SF,IC2012,2020-06-24 09:31:18.400,5456.0000,34906,-1,160279280.000,1,0,1,双平,S,5452.0000,5450.0000,5448.2000,5448.0000,5442.4000,5458.0000,5458.2000,5458.4000,5459.6000,5460.6000,4,2,1,2,2,1,1,2,3,2
SF,IC2012,2020-06-24 09:31:18.900,5456.0000,34906,0,160279280.000,0,-,-,-,-,5456.4000,5452.8000,5452.2000,5452.0000,5450.0000,5457.8000,5458.0000,5458.4000,5459.6000,5460.0000,1,1,4,4,2,1,1,2,3,1
SF,IC2012,2020-06-24 09:31:19.400,5456.0000,34906,0,160279280.000,0,-,-,-,-,5455.4000,5452.8000,5452.2000,5452.0000,5450.0000,5457.6000,5458.4000,5459.6000,5460.0000,5460.6000,2,1,3,4,2,1,2,3,1,2
SF,IC2012,2020-06-24 09:31:19.900,5456.0000,34905,-1,161370480.000,1,0,1,双平,S,5455.6000,5455.4000,5452.8000,5452.2000,5452.0000,5457.6000,5458.4000,5459.6000,5460.0000,5460.6000,1,2,1,2,4,1,2,3,1,2
SF,IC2012,2020-06-24 09:31:20.400,5456.0000,34905,0,161370480.000,0,-,-,-,-,5455.6000,5455.4000,5452.8000,5452.2000,5452.0000,5457.4000,5457.6000,5458.4000,5459.6000,5460.0000,1,2,1,2,4,1,1,2,3,1
SF,IC2012,2020-06-24 09:31:20.900,5456.0000,34905,0,161370480.000,0,-,-,-,-,5456.4000,5455.6000,5455.4000,5452.8000,5452.0000,5457.2000,5457.4000,5458.4000,5459.6000,5460.0000,1,1,2,1,4,1,1,2,3,1
SF,IC2012,2020-06-24 09:31:21.400,5457.2000,34904,-1,165735760.000,4,1,3,多平,S,5455.6000,5455.4000,5452.0000,5450.0000,5448.2000,5457.2000,5458.4000,5459.6000,5460.0000,5460.6000,1,2,4,2,1,1,2,3,1,2
SF,IC2012,2020-06-24 09:31:21.900,5457.2000,34903,-1,167918640.000,2,0,2,多平,S,5457.4000,5455.6000,5455.4000,5452.0000,5450.0000,5458.4000,5459.6000,5460.0000,5460.6000,5462.0000,1,1,2,4,2,2,3,1,2,1
SF,IC2012,2020-06-24 09:31:22.400,5458.2000,34902,-1,170101760.000,2,0,2,多平,S,5455.6000,5455.4000,5452.0000,5450.0000,5448.2000,5457.4000,5458.2000,5459.6000,5460.0000,5460.6000,1,2,4,2,1,1,1,3,1,2
SF,IC2012,2020-06-24 09:31:23.400,5458.2000,34902,0,170101760.000,0,-,-,-,-,5457.4000,5456.0000,5455.6000,5455.4000,5452.0000,5458.2000,5459.6000,5460.0000,5460.6000,5462.0000,5,1,1,2,4,1,3,1,2,1
SF,IC2012,2020-06-24 09:31:23.900,5457.4000,34902,0,175559160.000,5,2,3,多换,S,5456.0000,5455.6000,5455.4000,5452.0000,5450.0000,5458.0000,5458.2000,5459.6000,5460.0000,5460.6000,1,1,2,4,2,1,1,3,1,2
SF,IC2012,2020-06-24 09:31:24.400,5457.8000,34902,0,176650720.000,1,0,1,多换,S,5456.0000,5455.6000,5455.4000,5452.0000,5450.0000,5457.4000,5458.0000,5459.6000,5460.0000,5460.6000,1,1,2,4,2,2,1,3,1,2
SF,IC2012,2020-06-24 09:31:24.900,5457.8000,34902,0,176650720.000,0,-,-,-,-,5456.0000,5455.6000,5455.4000,5452.0000,5450.0000,5457.4000,5457.8000,5458.0000,5459.6000,5460.0000,1,1,2,4,2,2,1,1,3,1
SF,IC2012,2020-06-24 09:31:25.400,5457.8000,34902,0,176650720.000,0,-,-,-,-,5456.0000,5455.6000,5455.4000,5455.0000,5452.0000,5457.4000,5457.8000,5458.0000,5459.6000,5460.0000,1,1,2,1,4,1,1,1,3,1
SF,IC2012,2020-06-24 09:31:25.900,5457.4000,34901,-1,177742200.000,1,0,1,双平,S,5456.2000,5456.0000,5455.4000,5455.0000,5452.0000,5457.8000,5458.2000,5459.6000,5460.0000,5460.6000,1,10,2,1,4,1,1,3,1,2
SF,IC2012,2020-06-24 09:31:26.400,5457.4000,34901,0,178833680.000,1,0,1,多换,S,5456.2000,5456.0000,5455.4000,5455.0000,5452.0000,5457.8000,5458.2000,5459.6000,5460.0000,5460.6000,1,10,2,1,4,1,1,3,1,2
SF,IC2012,2020-06-24 09:31:26.900,5457.4000,34901,0,178833680.000,0,-,-,-,-,5456.4000,5456.2000,5456.0000,5455.4000,5455.0000,5458.2000,5459.6000,5460.0000,5460.6000,5462.0000,1,1,10,2,1,1,3,1,2,1
SF,IC2012,2020-06-24 09:31:27.400,5457.4000,34901,0,178833680.000,0,-,-,-,-,5457.8000,5456.6000,5456.4000,5456.0000,5455.4000,5458.2000,5459.6000,5460.0000,5460.6000,5462.0000,1,1,2,10,2,1,3,1,2,1
SF,IC2012,2020-06-24 09:31:27.900,5458.0000,34899,-2,181016920.000,2,0,2,双平,S,5457.8000,5456.6000,5456.4000,5456.2000,5456.0000,5459.6000,5460.0000,5460.6000,5462.0000,5462.4000,1,1,2,1,10,3,1,2,1,1
SF,IC2012,2020-06-24 09:31:28.400,5458.8000,34899,0,182108680.000,1,0,1,多换,S,5458.2000,5458.0000,5457.8000,5456.6000,5456.2000,5459.4000,5459.6000,5460.0000,5460.6000,5462.0000,2,1,1,1,1,3,3,1,2,1
SF,IC2012,2020-06-24 09:31:28.900,5458.2000,34898,-1,183200320.000,1,0,1,双平,S,5458.0000,5457.8000,5456.6000,5456.2000,5456.0000,5458.2000,5459.4000,5459.6000,5460.0000,5460.6000,1,1,1,1,10,1,2,3,1,2
SF,IC2012,2020-06-24 09:31:29.400,5458.2000,34897,-1,184291960.000,1,0,1,双平,S,5458.2000,5458.0000,5457.8000,5456.2000,5456.0000,5459.4000,5459.6000,5460.0000,5460.6000,5462.0000,1,1,1,1,10,1,3,1,2,1
SF,IC2012,2020-06-24 09:31:29.900,5458.2000,34897,0,184291960.000,0,-,-,-,-,5458.4000,5458.2000,5458.0000,5457.8000,5456.2000,5459.4000,5459.6000,5460.0000,5460.6000,5462.0000,1,1,1,1,1,1,3,1,2,1
SF,IC2012,2020-06-24 09:31:30.400,5458.2000,34897,0,184291960.000,0,-,-,-,-,5458.4000,5458.2000,5458.0000,5457.8000,5456.2000,5459.2000,5459.4000,5459.6000,5460.0000,5460.6000,1,1,1,1,1,1,1,3,1,2
SF,IC2012,2020-06-24 09:31:30.900,5459.2000,34897,0,185383800.000,1,0,1,多换,S,5458.6000,5458.4000,5458.2000,5457.8000,5456.2000,5459.4000,5459.6000,5460.0000,5460.6000,5462.0000,1,1,1,1,1,1,3,1,2,1
SF,IC2012,2020-06-24 09:31:31.400,5458.6000,34897,0,186475520.000,1,0,1,多换,S,5458.4000,5458.2000,5457.8000,5456.0000,5455.4000,5459.4000,5459.6000,5460.0000,5460.6000,5462.0000,1,1,1,10,2,1,3,1,2,1
SF,IC2012,2020-06-24 09:31:31.900,5459.4000,34895,-2,188659080.000,2,0,2,双平,S,5458.2000,5457.8000,5457.0000,5456.0000,5455.4000,5459.6000,5460.0000,5460.6000,5462.0000,5462.4000,1,1,1,10,2,3,1,2,1,1
SF,IC2012,2020-06-24 09:31:32.400,5459.4000,34895,0,188659080.000,0,-,-,-,-,5458.6000,5458.4000,5458.2000,5457.8000,5457.0000,5459.6000,5460.0000,5460.6000,5462.0000,5462.4000,1,1,1,1,1,3,1,2,1,1
SF,IC2012,2020-06-24 09:31:32.900,5458.6000,34894,-1,189750800.000,1,0,1,双平,S,5458.4000,5458.2000,5457.8000,5457.0000,5456.0000,5459.6000,5460.0000,5460.6000,5462.0000,5462.4000,1,1,1,1,10,3,1,2,1,1
SF,IC2012,2020-06-24 09:31:33.400,5459.6000,34894,0,190842720.000,1,0,1,多换,S,5459.2000,5458.4000,5458.2000,5457.8000,5457.0000,5459.6000,5460.0000,5460.6000,5462.0000,5462.4000,4,1,1,1,1,2,1,2,1,1
SF,IC2012,2020-06-24 09:31:33.900,5459.2000,34893,-1,193026480.000,2,0,2,多平,S,5459.2000,5458.4000,5458.2000,5457.8000,5457.0000,5459.6000,5460.0000,5460.6000,5462.0000,5462.4000,3,1,1,1,1,1,1,2,1,1
SF,IC2012,2020-06-24 09:31:34.400,5459.2000,34893,0,193026480.000,0,-,-,-,-,5459.4000,5459.2000,5458.4000,5458.2000,5457.8000,5459.6000,5460.0000,5460.6000,5462.0000,5462.4000,1,3,1,1,1,1,1,2,1,1
SF,IC2012,2020-06-24 09:31:34.900,5459.6000,34892,-1,195210240.000,2,0,2,多平,S,5459.2000,5458.4000,5458.2000,5457.8000,5456.0000,5460.0000,5460.6000,5462.0000,5462.4000,5463.0000,3,1,1,1,10,1,2,1,1,2
SF,IC2012,2020-06-24 09:31:35.400,5460.0000,34891,-1,196302240.000,1,0,1,双平,S,5459.2000,5458.4000,5458.2000,5457.8000,5457.2000,5460.6000,5462.0000,5462.4000,5463.0000,5466.0000,3,1,1,1,1,2,1,1,2,1
SF,IC2012,2020-06-24 09:31:35.900,5460.6000,34892,1,197394360.000,1,1,0,双开,S,5459.2000,5458.4000,5458.2000,5457.8000,5457.2000,5460.6000,5462.0000,5462.4000,5463.0000,5466.0000,3,1,1,1,1,1,1,1,2,1
SF,IC2012,2020-06-24 09:31:37.400,5460.6000,34892,0,197394360.000,0,-,-,-,-,5459.2000,5458.4000,5458.2000,5457.8000,5457.2000,5460.4000,5460.6000,5462.0000,5462.4000,5463.0000,3,1,1,1,1,1,1,1,1,2
SF,IC2012,2020-06-24 09:31:37.900,5460.6000,34892,0,198486480.000,1,0,1,多换,S,5459.2000,5458.4000,5458.2000,5457.8000,5457.2000,5460.6000,5462.0000,5462.4000,5463.0000,5466.0000,3,1,1,1,1,1,1,1,2,1
SF,IC2012,2020-06-24 09:31:38.400,5460.6000,34892,0,198486480.000,0,-,-,-,-,5459.4000,5459.2000,5458.2000,5457.8000,5457.2000,5460.6000,5462.0000,5462.4000,5463.0000,5466.0000,1,3,1,1,1,1,1,1,2,1
SF,IC2012,2020-06-24 09:31:38.900,5460.6000,34892,0,198486480.000,0,-,-,-,-,5459.4000,5459.2000,5458.2000,5457.8000,5457.2000,5460.6000,5462.0000,5462.4000,5463.0000,5466.0000,1,3,1,1,1,1,1,1,2,1
SF,IC2012,2020-06-24 09:31:40.400,5460.6000,34891,-1,200670720.000,2,0,2,多平,S,5459.4000,5459.2000,5458.2000,5457.8000,5457.2000,5462.0000,5462.4000,5463.0000,5466.0000,5466.6000,1,3,1,1,1,1,1,2,1,2
SF,IC2012,2020-06-24 09:31:40.900,5461.8000,34891,0,201763080.000,1,0,1,多换,S,5459.4000,5459.2000,5458.2000,5457.8000,5457.2000,5461.8000,5462.0000,5462.4000,5463.0000,5466.0000,1,3,1,1,1,3,1,1,2,1
SF,IC2012,2020-06-24 09:31:41.400,5459.4000,34891,0,202854960.000,1,0,1,多换,S,5459.2000,5459.0000,5458.2000,5457.8000,5457.2000,5461.6000,5461.8000,5462.0000,5462.4000,5463.0000,3,1,1,1,1,1,2,1,1,2
SF,IC2012,2020-06-24 09:31:41.900,5459.4000,34891,0,202854960.000,0,-,-,-,-,5459.6000,5459.4000,5459.2000,5459.0000,5458.2000,5461.4000,5461.8000,5462.0000,5462.4000,5463.0000,1,1,3,1,1,1,1,1,1,2
SF,IC2012,2020-06-24 09:31:42.400,5459.6000,34891,0,203946880.000,1,0,1,多换,S,5459.6000,5459.2000,5459.0000,5458.2000,5457.8000,5461.2000,5461.8000,5462.0000,5462.4000,5463.0000,1,3,1,1,1,1,1,1,1,2
SF,IC2012,2020-06-24 09:31:42.900,5461.2000,34891,0,205039120.000,1,0,1,多换,S,5459.8000,5459.2000,5459.0000,5458.2000,5457.8000,5461.8000,5462.0000,5462.4000,5463.0000,5466.0000,1,3,1,1,1,1,1,1,2,1
SF,IC2012,2020-06-24 09:31:43.400,5461.2000,34891,0,205039120.000,0,-,-,-,-,5461.2000,5459.8000,5459.2000,5459.0000,5458.2000,5462.0000,5462.4000,5463.0000,5466.0000,5466.6000,1,2,3,1,1,1,1,2,1,2
SF,IC2012,2020-06-24 09:31:43.900,5461.2000,34891,0,205039120.000,0,-,-,-,-,5461.2000,5459.8000,5459.2000,5459.0000,5456.0000,5461.6000,5462.0000,5462.4000,5463.0000,5466.0000,1,2,3,1,10,1,1,1,2,1
SF,IC2012,2020-06-24 09:31:44.400,5461.2000,34890,-1,206131360.000,1,0,1,双平,S,5459.8000,5459.4000,5459.2000,5459.0000,5456.0000,5461.6000,5462.0000,5462.4000,5463.0000,5466.0000,1,1,3,1,10,1,1,1,2,1
SF,IC2012,2020-06-24 09:31:44.900,5461.2000,34890,0,206131360.000,0,-,-,-,-,5459.8000,5459.4000,5459.2000,5459.0000,5457.8000,5461.6000,5461.8000,5462.0000,5462.4000,5463.0000,1,1,3,1,1,1,1,1,1,2
SF,IC2012,2020-06-24 09:31:45.400,5461.2000,34890,0,206131360.000,0,-,-,-,-,5460.0000,5459.8000,5459.4000,5459.2000,5459.0000,5461.6000,5461.8000,5462.0000,5462.4000,5463.0000,1,1,1,3,1,1,1,1,1,2
SF,IC2012,2020-06-24 09:31:45.900,5461.2000,34890,0,206131360.000,0,-,-,-,-,5459.8000,5459.4000,5459.2000,5459.0000,5457.8000,5461.2000,5461.4000,5461.6000,5461.8000,5462.0000,1,1,3,1,1,5,1,1,1,1
SF,IC2012,2020-06-24 09:31:46.400,5461.2000,34890,0,206131360.000,0,-,-,-,-,5460.2000,5459.8000,5459.4000,5459.2000,5459.0000,5461.2000,5461.4000,5461.6000,5461.8000,5462.0000,1,1,1,3,1,5,1,1,1,1
SF,IC2012,2020-06-24 09:31:46.900,5461.2000,34890,0,206131360.000,0,-,-,-,-,5460.2000,5459.8000,5459.4000,5459.2000,5459.0000,5461.2000,5461.4000,5461.6000,5461.8000,5462.0000,1,1,1,3,1,5,1,1,1,1
SF,IC2012,2020-06-24 09:31:47.400,5461.2000,34890,0,208315840.000,2,1,1,多换,S,5459.8000,5459.4000,5459.2000,5459.0000,5456.0000,5461.2000,5461.4000,5461.6000,5461.8000,5462.0000,1,1,3,1,10,3,1,1,1,1
SF,IC2012,2020-06-24 09:31:47.900,5461.2000,34890,0,209408080.000,1,0,1,多换,S,5460.4000,5459.8000,5459.4000,5459.2000,5459.0000,5461.2000,5461.4000,5461.6000,5461.8000,5462.0000,1,1,1,3,1,2,1,1,1,1
SF,IC2012,2020-06-24 09:31:48.400,5461.2000,34890,0,209408080.000,0,-,-,-,-,5460.6000,5460.4000,5460.0000,5459.8000,5459.4000,5461.2000,5461.4000,5461.6000,5461.8000,5462.0000,1,1,2,1,1,2,1,1,1,1
SF,IC2012,2020-06-24 09:31:48.900,5461.2000,34888,-2,211592560.000,2,0,2,双平,S,5461.2000,5460.0000,5459.8000,5459.4000,5459.2000,5461.6000,5461.8000,5462.0000,5462.4000,5463.0000,3,2,1,1,3,1,1,1,1,2
SF,IC2012,2020-06-24 09:31:49.400,5461.4000,34887,-1,214869440.000,3,1,2,多平,S,5461.2000,5460.0000,5459.8000,5459.4000,5459.2000,5461.8000,5462.0000,5462.4000,5463.0000,5466.0000,3,3,1,1,3,1,1,1,2,1
SF,IC2012,2020-06-24 09:31:49.900,5461.8000,34887,0,215961800.000,1,0,1,多换,S,5461.2000,5460.4000,5460.0000,5459.8000,5459.4000,5461.6000,5462.0000,5462.4000,5463.0000,5466.0000,3,1,3,1,1,1,1,1,2,1
SF,IC2012,2020-06-24 09:31:50.400,5461.6000,34885,-2,220330840.000,4,1,3,多平,S,5460.4000,5460.0000,5459.8000,5459.4000,5459.2000,5460.6000,5462.0000,5462.4000,5463.0000,5466.0000,1,3,1,1,3,5,1,1,2,1
SF,IC2012,2020-06-24 09:31:50.900,5460.6000,34881,-4,225791640.000,5,0,5,多平,S,5461.0000,5460.8000,5460.0000,5459.8000,5459.4000,5462.0000,5462.4000,5463.0000,5466.0000,5466.6000,1,1,3,1,1,1,1,2,1,2
SF,IC2012,2020-06-24 09:31:51.400,5462.0000,34880,-1,230160640.000,4,1,3,多平,S,5460.0000,5459.8000,5459.4000,5459.2000,5459.0000,5462.4000,5463.0000,5466.0000,5466.6000,5468.0000,1,1,1,3,1,1,2,1,2,1
SF,IC2012,2020-06-24 09:31:51.900,5462.0000,34880,0,230160640.000,0,-,-,-,-,5460.2000,5460.0000,5459.4000,5459.2000,5459.0000,5461.0000,5462.4000,5463.0000,5466.0000,5466.6000,2,1,1,3,1,1,1,2,1,2
SF,IC2012,2020-06-24 09:31:52.400,5462.0000,34880,0,230160640.000,0,-,-,-,-,5460.2000,5460.0000,5459.4000,5459.2000,5459.0000,5461.0000,5462.0000,5462.4000,5463.0000,5466.0000,2,1,1,3,1,1,1,1,2,1
SF,IC2012,2020-06-24 09:31:52.900,5462.0000,34880,0,230160640.000,0,-,-,-,-,5460.2000,5460.0000,5459.4000,5459.2000,5459.0000,5462.0000,5462.4000,5463.0000,5466.0000,5466.6000,1,1,1,3,1,1,1,3,1,2
SF,IC2012,2020-06-24 09:31:53.400,5462.0000,34880,0,230160640.000,0,-,-,-,-,5460.4000,5460.2000,5460.0000,5459.4000,5459.2000,5461.8000,5462.0000,5462.4000,5463.0000,5463.8000,1,1,1,1,3,1,1,1,3,1
SF,IC2012,2020-06-24 09:31:53.900,5462.0000,34880,0,230160640.000,0,-,-,-,-,5460.4000,5460.2000,5459.4000,5459.2000,5459.0000,5461.8000,5462.0000,5462.4000,5463.0000,5463.8000,1,1,1,3,1,1,1,1,3,1
SF,IC2012,2020-06-24 09:31:54.400,5462.0000,34880,0,230160640.000,0,-,-,-,-,5461.0000,5460.2000,5459.4000,5459.2000,5459.0000,5461.8000,5462.0000,5462.4000,5463.0000,5463.8000,1,1,1,3,1,1,1,1,3,1
SF,IC2012,2020-06-24 09:31:54.900,5462.0000,34880,0,230160640.000,0,-,-,-,-,5461.0000,5460.6000,5460.2000,5459.4000,5459.2000,5461.8000,5462.0000,5462.4000,5463.0000,5463.8000,1,1,1,1,3,1,1,1,3,1
SF,IC2012,2020-06-24 09:31:55.400,5462.0000,34880,0,230160640.000,0,-,-,-,-,5461.2000,5461.0000,5460.2000,5459.4000,5459.2000,5461.8000,5462.0000,5462.4000,5463.0000,5463.8000,1,1,1,1,3,1,1,1,3,1
SF,IC2012,2020-06-24 09:31:55.900,5461.8000,34878,-2,232345360.000,2,0,2,双平,S,5461.8000,5461.4000,5461.2000,5461.0000,5459.4000,5462.0000,5462.4000,5463.0000,5463.8000,5466.0000,1,1,1,1,1,1,1,3,1,1
SF,IC2012,2020-06-24 09:31:56.400,5461.8000,34877,-1,233437720.000,1,0,1,双平,S,5461.4000,5461.2000,5461.0000,5459.2000,5459.0000,5462.0000,5462.4000,5463.0000,5463.8000,5466.0000,1,1,1,3,1,1,1,3,1,1
SF,IC2012,2020-06-24 09:31:56.900,5462.4000,34877,0,234530200.000,1,0,1,多换,S,5462.0000,5461.4000,5461.0000,5459.2000,5459.0000,5463.0000,5463.8000,5466.0000,5466.6000,5467.0000,1,1,1,3,1,3,1,1,2,1
SF,IC2012,2020-06-24 09:31:57.400,5463.0000,34875,-2,236715400.000,2,0,2,双平,S,5461.4000,5461.0000,5459.2000,5459.0000,5456.0000,5463.0000,5463.8000,5464.6000,5466.0000,5466.6000,1,1,3,1,1,1,1,1,1,2
SF,IC2012,2020-06-24 09:31:57.900,5462.0000,34874,-1,239992840.000,3,1,2,多平,S,5462.0000,5461.4000,5461.0000,5459.2000,5459.0000,5463.8000,5464.6000,5466.0000,5466.6000,5467.0000,2,1,1,3,1,1,1,1,2,1
SF,IC2012,2020-06-24 09:31:58.400,5462.0000,34874,0,239992840.000,0,-,-,-,-,5462.2000,5462.0000,5461.4000,5461.0000,5459.2000,5462.8000,5463.6000,5463.8000,5464.6000,5466.0000,1,2,1,1,3,1,4,1,1,1
SF,IC2012,2020-06-24 09:31:58.900,5462.8000,34873,-1,241085400.000,1,0,1,双平,S,5463.0000,5462.2000,5462.0000,5461.4000,5461.0000,5463.6000,5463.8000,5464.6000,5466.0000,5466.6000,1,1,2,1,1,4,1,1,1,2
SF,IC2012,2020-06-24 09:31:59.400,5462.8000,34873,0,241085400.000,0,-,-,-,-,5462.2000,5462.0000,5461.4000,5461.0000,5459.2000,5463.0000,5463.6000,5463.8000,5464.6000,5465.6000,1,2,1,1,3,2,4,1,1,1
SF,IC2012,2020-06-24 09:31:59.900,5463.0000,34871,-2,243270600.000,2,0,2,双平,S,5462.2000,5462.0000,5461.4000,5461.0000,5459.2000,5463.0000,5463.6000,5463.8000,5464.6000,5466.0000,1,2,1,1,3,1,4,1,1,1
SF,IC2012,2020-06-24 09:32:00.400,5462.4000,34870,-1,245455680.000,2,0,2,多平,S,5462.2000,5462.0000,5461.4000,5461.0000,5459.2000,5463.6000,5463.8000,5464.6000,5466.0000,5466.6000,1,2,1,1,3,4,1,1,1,2
SF,IC2012,2020-06-24 09:32:00.900,5463.8000,34870,0,247641160.000,2,1,1,多换,S,5463.0000,5462.4000,5462.2000,5462.0000,5461.0000,5464.6000,5465.8000,5466.0000,5466.6000,5467.0000,1,3,1,2,1,1,1,1,2,1
SF,IC2012,2020-06-24 09:32:01.400,5463.8000,34870,0,247641160.000,0,-,-,-,-,5463.0000,5462.4000,5462.2000,5462.0000,5461.0000,5464.4000,5464.6000,5464.8000,5465.8000,5466.0000,1,4,1,2,1,1,1,1,1,1
SF,IC2012,2020-06-24 09:32:01.900,5463.8000,34870,0,247641160.000,0,-,-,-,-,5463.2000,5463.0000,5462.4000,5462.2000,5462.0000,5464.4000,5464.6000,5465.8000,5466.0000,5466.6000,1,1,3,1,2,1,1,1,1,2
SF,IC2012,2020-06-24 09:32:02.400,5464.4000,34868,-2,250919800.000,3,0,3,多平,S,5464.6000,5464.4000,5463.4000,5463.2000,5463.0000,5465.8000,5466.0000,5466.6000,5467.0000,5468.0000,1,1,3,2,1,1,2,2,1,1
SF,IC2012,2020-06-24 09:32:02.900,5465.6000,34868,0,252012920.000,1,0,1,多换,S,5464.6000,5464.4000,5463.4000,5463.2000,5463.0000,5465.8000,5466.0000,5466.6000,5467.0000,5468.0000,2,1,2,1,1,1,2,2,1,1
SF,IC2012,2020-06-24 09:32:03.400,5464.6000,34867,-1,253105840.000,1,0,1,双平,S,5464.8000,5464.4000,5463.4000,5463.2000,5463.0000,5465.0000,5465.6000,5465.8000,5466.0000,5466.6000,2,1,2,1,1,1,2,1,2,2
SF,IC2012,2020-06-24 09:32:03.900,5464.8000,34865,-2,257477720.000,4,1,3,多平,S,5464.4000,5463.4000,5463.2000,5463.0000,5462.4000,5465.8000,5466.0000,5466.6000,5467.0000,5468.0000,1,2,1,1,9,1,2,2,1,1
SF,IC2012,2020-06-24 09:32:04.400,5465.8000,34861,-4,261849920.000,4,0,4,双平,S,5464.4000,5463.4000,5463.2000,5463.0000,5462.4000,5466.0000,5466.6000,5467.0000,5468.0000,5468.2000,1,2,1,1,9,2,2,1,1,1
SF,IC2012,2020-06-24 09:32:04.900,5465.8000,34861,0,261849920.000,0,-,-,-,-,5464.4000,5463.4000,5463.2000,5463.0000,5462.4000,5465.8000,5466.0000,5466.6000,5467.0000,5468.0000,1,2,1,1,9,1,2,2,1,1
SF,IC2012,2020-06-24 09:32:05.400,5464.4000,34861,0,262942800.000,1,0,1,多换,S,5463.4000,5463.2000,5463.0000,5462.4000,5462.0000,5464.4000,5464.8000,5465.2000,5465.6000,5465.8000,1,1,1,9,2,2,1,1,2,3
SF,IC2012,2020-06-24 09:32:05.900,5464.4000,34859,-2,265128560.000,2,0,2,双平,S,5464.8000,5463.6000,5463.4000,5463.2000,5463.0000,5465.8000,5466.0000,5466.6000,5467.0000,5468.0000,1,1,1,1,1,1,2,2,1,1
SF,IC2012,2020-06-24 09:32:06.400,5465.8000,34859,0,266221720.000,1,0,1,多换,S,5463.6000,5463.4000,5463.2000,5463.0000,5462.4000,5466.0000,5466.6000,5467.0000,5468.0000,5468.2000,1,1,1,1,9,2,2,1,1,1
SF,IC2012,2020-06-24 09:32:06.900,5465.8000,34859,0,266221720.000,0,-,-,-,-,5463.8000,5463.6000,5463.2000,5463.0000,5462.4000,5466.0000,5466.6000,5467.0000,5468.0000,5468.2000,1,1,1,1,9,2,2,1,1,1
SF,IC2012,2020-06-24 09:32:07.400,5465.8000,34859,0,266221720.000,0,-,-,-,-,5464.0000,5463.8000,5463.6000,5463.2000,5463.0000,5466.0000,5466.6000,5467.0000,5468.0000,5468.2000,1,1,1,1,1,2,2,1,1,1
SF,IC2012,2020-06-24 09:32:07.900,5466.0000,34858,-1,267314920.000,1,0,1,双平,S,5464.4000,5464.2000,5464.0000,5463.6000,5463.2000,5466.0000,5466.6000,5467.0000,5468.0000,5468.2000,1,1,3,1,1,1,2,1,1,1
SF,IC2012,2020-06-24 09:32:08.400,5466.0000,34858,0,267314920.000,0,-,-,-,-,5464.6000,5464.4000,5464.0000,5463.6000,5463.2000,5466.0000,5466.6000,5467.0000,5468.0000,5468.2000,1,1,3,1,1,1,2,1,1,1
SF,IC2012,2020-06-24 09:32:08.900,5466.0000,34858,0,267314920.000,0,-,-,-,-,5464.6000,5464.4000,5464.0000,5463.6000,5463.2000,5466.0000,5466.6000,5467.0000,5468.0000,5468.2000,3,1,2,1,1,1,2,1,1,1
SF,IC2012,2020-06-24 09:32:09.400,5466.0000,34858,0,267314920.000,0,-,-,-,-,5464.6000,5464.0000,5463.2000,5463.0000,5462.4000,5466.0000,5466.6000,5467.0000,5468.0000,5468.2000,2,2,1,1,9,1,2,1,1,1
SF,IC2012,2020-06-24 09:32:09.900,5466.0000,34858,0,267314920.000,0,-,-,-,-,5464.6000,5464.0000,5463.2000,5463.0000,5462.4000,5466.0000,5466.6000,5467.0000,5468.0000,5468.2000,2,1,1,1,9,1,2,1,1,1
SF,IC2012,2020-06-24 09:32:10.400,5464.6000,34856,-2,269500760.000,2,0,2,双平,S,5464.0000,5463.2000,5463.0000,5462.4000,5462.0000,5464.6000,5465.6000,5465.8000,5466.0000,5466.6000,1,1,1,9,2,2,1,1,1,2
SF,IC2012,2020-06-24 09:32:10.900,5464.0000,34856,0,270593560.000,1,0,1,多换,S,5463.2000,5463.0000,5462.4000,5462.0000,5461.0000,5464.6000,5465.6000,5465.8000,5466.0000,5466.6000,1,1,9,2,1,2,1,3,2,2
SF,IC2012,2020-06-24 09:32:11.400,5464.6000,34854,-2,272779400.000,2,0,2,双平,S,5463.0000,5462.4000,5462.0000,5461.0000,5459.2000,5465.6000,5466.0000,5466.6000,5467.0000,5468.0000,1,9,2,1,3,1,2,2,1,1
SF,IC2012,2020-06-24 09:32:11.900,5464.6000,34854,0,272779400.000,0,-,-,-,-,5463.4000,5463.2000,5463.0000,5462.4000,5462.0000,5465.4000,5466.0000,5466.6000,5467.0000,5467.6000,1,1,1,9,2,1,2,2,1,1
SF,IC2012,2020-06-24 09:32:12.400,5464.6000,34854,0,272779400.000,0,-,-,-,-,5463.6000,5463.4000,5463.0000,5462.4000,5462.0000,5466.0000,5466.6000,5467.0000,5467.6000,5468.0000,1,1,1,9,2,2,2,1,1,1
SF,IC2012,2020-06-24 09:32:12.900,5466.0000,34853,-1,273872600.000,1,0,1,双平,S,5465.6000,5463.8000,5463.6000,5463.0000,5462.4000,5466.6000,5467.0000,5467.6000,5468.0000,5468.2000,2,1,1,1,9,2,1,1,1,1
SF,IC2012,2020-06-24 09:32:13.400,5466.4000,34849,-4,278245680.000,4,0,4,双平,S,5465.6000,5463.8000,5463.6000,5462.4000,5462.0000,5467.0000,5467.6000,5468.0000,5468.2000,5469.0000,2,1,1,9,2,1,1,1,1,1
SF,IC2012,2020-06-24 09:32:13.900,5467.0000,34848,-1,280432480.000,2,0,2,多平,S,5465.6000,5463.8000,5463.6000,5462.4000,5462.0000,5467.6000,5468.0000,5468.2000,5469.0000,5469.4000,2,1,2,9,2,1,1,1,1,6
SF,IC2012,2020-06-24 09:32:14.400,5467.0000,34848,0,280432480.000,0,-,-,-,-,5465.6000,5463.6000,5462.4000,5462.0000,5461.0000,5466.8000,5467.2000,5467.4000,5467.6000,5468.0000,2,2,9,2,1,2,1,1,1,1
SF,IC2012,2020-06-24 09:32:14.900,5465.6000,34847,-1,281525600.000,1,0,1,双平,S,5465.6000,5463.6000,5462.4000,5462.0000,5461.0000,5466.8000,5467.4000,5467.6000,5468.0000,5468.2000,1,2,9,2,1,2,1,1,1,1
SF,IC2012,2020-06-24 09:32:15.400,5465.6000,34847,0,281525600.000,0,-,-,-,-,5465.8000,5465.6000,5463.6000,5462.4000,5462.0000,5466.8000,5467.4000,5467.6000,5468.0000,5468.2000,1,1,2,9,2,2,1,1,1,1
SF,IC2012,2020-06-24 09:32:16.400,5466.8000,34846,-1,282618960.000,1,0,1,双平,S,5465.6000,5463.6000,5462.4000,5462.0000,5461.0000,5467.4000,5467.6000,5468.0000,5468.2000,5469.0000,1,2,9,2,1,1,1,1,1,1
SF,IC2012,2020-06-24 09:32:16.900,5466.8000,34841,-5,288085760.000,5,0,5,双平,S,5465.6000,5463.6000,5462.4000,5462.0000,5461.0000,5467.2000,5467.4000,5467.6000,5468.0000,5468.2000,1,2,9,2,1,2,1,1,1,1
SF,IC2012,2020-06-24 09:32:17.400,5466.8000,34841,0,288085760.000,0,-,-,-,-,5465.6000,5463.6000,5462.4000,5462.0000,5461.0000,5467.2000,5467.4000,5467.6000,5468.0000,5468.2000,1,2,9,2,1,2,1,1,1,1
SF,IC2012,2020-06-24 09:32:17.900,5466.8000,34841,0,288085760.000,0,-,-,-,-,5465.6000,5463.6000,5462.4000,5462.0000,5461.0000,5467.4000,5467.6000,5468.0000,5468.2000,5469.0000,1,2,9,2,1,1,1,1,1,2
SF,IC2012,2020-06-24 09:32:18.400,5466.8000,34841,0,288085760.000,0,-,-,-,-,5467.2000,5465.8000,5465.6000,5463.6000,5462.4000,5467.4000,5467.6000,5468.0000,5468.2000,5469.0000,5,2,1,1,9,1,1,1,1,2
SF,IC2012,2020-06-24 09:32:18.900,5467.2000,34839,-2,295739880.000,7,2,5,多平,S,5465.8000,5465.6000,5462.4000,5462.0000,5461.0000,5467.2000,5467.6000,5468.0000,5468.2000,5469.0000,2,1,9,2,1,1,1,1,1,2
SF,IC2012,2020-06-24 09:32:19.400,5465.6000,34836,-3,299019360.000,3,0,3,双平,S,5464.6000,5463.6000,5462.4000,5462.0000,5461.0000,5465.6000,5467.2000,5467.6000,5468.0000,5468.2000,1,1,9,2,1,2,1,1,1,1
SF,IC2012,2020-06-24 09:32:19.900,5468.2000,34830,-6,305579800.000,6,0,6,双平,S,5467.2000,5466.8000,5466.0000,5465.6000,5464.8000,5469.0000,5469.6000,5475.2000,5482.0000,5485.0000,1,3,1,3,1,1,3,6,4,6
SF,IC2012,2020-06-24 09:32:20.400,5467.2000,34829,-1,306673240.000,1,0,1,双平,S,5466.8000,5465.8000,5465.6000,5462.4000,5462.0000,5467.2000,5468.8000,5469.0000,5469.6000,5475.2000,3,1,3,9,2,1,1,1,3,6
SF,IC2012,2020-06-24 09:32:20.900,5466.8000,34829,0,307766600.000,1,0,1,多换,S,5466.8000,5465.8000,5465.6000,5462.4000,5462.0000,5467.2000,5468.6000,5468.8000,5469.0000,5469.6000,2,2,3,9,2,2,1,3,1,3
SF,IC2012,2020-06-24 09:32:21.400,5466.8000,34829,0,309953320.000,2,1,1,多换,S,5465.8000,5465.6000,5464.8000,5462.4000,5462.0000,5466.8000,5467.2000,5468.4000,5468.8000,5469.0000,2,3,1,9,2,1,2,1,3,1
SF,IC2012,2020-06-24 09:32:21.900,5466.8000,34829,0,309953320.000,0,-,-,-,-,5465.8000,5465.6000,5464.8000,5464.0000,5462.4000,5466.8000,5467.2000,5468.2000,5468.4000,5468.8000,1,5,1,1,9,2,2,1,1,3
SF,IC2012,2020-06-24 09:32:22.400,5466.8000,34827,-2,312140040.000,2,0,2,双平,S,5465.8000,5465.6000,5464.8000,5464.0000,5462.4000,5467.2000,5468.2000,5468.4000,5468.8000,5469.0000,1,4,1,1,9,2,1,1,3,1
SF,IC2012,2020-06-24 09:32:22.900,5467.2000,34827,0,315420360.000,3,1,2,多换,S,5465.8000,5465.6000,5464.8000,5464.0000,5463.8000,5466.8000,5468.2000,5468.4000,5468.8000,5469.0000,1,4,1,1,1,4,1,1,3,1
SF,IC2012,2020-06-24 09:32:23.400,5465.8000,34826,-1,316513520.000,1,0,1,双平,S,5465.6000,5464.8000,5464.0000,5463.8000,5462.4000,5466.8000,5468.2000,5468.4000,5468.8000,5469.0000,4,1,1,1,9,5,1,1,3,1
SF,IC2012,2020-06-24 09:32:23.900,5466.6000,34825,-1,317606840.000,1,0,1,双平,S,5465.6000,5464.8000,5464.0000,5463.8000,5462.4000,5466.8000,5468.2000,5468.4000,5468.8000,5469.0000,2,1,1,1,9,5,1,1,3,1
SF,IC2012,2020-06-24 09:32:24.400,5465.6000,34823,-2,319793080.000,2,0,2,双平,S,5464.8000,5464.0000,5463.8000,5462.4000,5462.0000,5466.8000,5468.2000,5468.4000,5468.8000,5469.0000,1,1,1,9,2,5,1,1,3,1
SF,IC2012,2020-06-24 09:32:24.900,5465.6000,34823,0,319793080.000,0,-,-,-,-,5464.8000,5464.0000,5463.8000,5462.4000,5462.0000,5465.6000,5466.6000,5466.8000,5468.2000,5468.4000,1,1,1,9,2,1,2,5,1,1
SF,IC2012,2020-06-24 09:32:25.400,5464.8000,34821,-2,321979000.000,2,0,2,双平,S,5464.0000,5463.8000,5462.4000,5462.0000,5461.0000,5465.6000,5466.4000,5466.6000,5466.8000,5468.2000,1,1,10,2,1,1,1,5,4,1
SF,IC2012,2020-06-24 09:32:25.900,5465.4000,34820,-1,324164880.000,2,0,2,多平,S,5462.4000,5462.0000,5461.0000,5460.0000,5459.2000,5465.6000,5466.6000,5466.8000,5467.2000,5468.2000,10,2,1,1,3,6,1,4,1,1
SF,IC2012,2020-06-24 09:32:26.400,5465.4000,34820,0,324164880.000,0,-,-,-,-,5464.0000,5462.6000,5462.4000,5462.0000,5461.8000,5465.4000,5465.6000,5466.8000,5467.2000,5468.2000,1,1,10,2,1,2,6,4,1,1
SF,IC2012,2020-06-24 09:32:26.900,5464.0000,34819,-1,325257680.000,1,0,1,双平,S,5462.6000,5462.4000,5462.0000,5461.8000,5461.0000,5464.8000,5465.2000,5465.6000,5466.8000,5467.2000,1,10,2,1,1,1,2,6,4,1
SF,IC2012,2020-06-24 09:32:27.400,5464.0000,34819,0,325257680.000,0,-,-,-,-,5462.6000,5462.4000,5462.0000,5461.8000,5461.0000,5464.0000,5464.6000,5465.6000,5466.8000,5468.2000,1,10,2,1,1,1,1,6,4,1
SF,IC2012,2020-06-24 09:32:27.900,5464.0000,34819,0,325257680.000,0,-,-,-,-,5462.6000,5462.4000,5462.0000,5461.8000,5461.0000,5464.6000,5465.6000,5466.8000,5468.2000,5468.8000,1,10,2,1,1,2,6,4,1,2
SF,IC2012,2020-06-24 09:32:28.400,5464.0000,34819,0,325257680.000,0,-,-,-,-,5464.0000,5462.6000,5462.4000,5462.0000,5461.8000,5464.6000,5465.6000,5466.8000,5467.2000,5468.2000,1,1,10,2,1,1,6,4,1,1
SF,IC2012,2020-06-24 09:32:28.900,5464.6000,34818,-1,326350600.000,1,0,1,双平,S,5462.6000,5462.4000,5462.0000,5461.8000,5461.0000,5464.0000,5465.6000,5466.8000,5467.2000,5468.2000,1,10,2,1,1,1,6,4,1,1
SF,IC2012,2020-06-24 09:32:29.400,5464.6000,34818,0,326350600.000,0,-,-,-,-,5462.6000,5462.4000,5462.0000,5461.8000,5461.0000,5464.0000,5465.6000,5466.8000,5467.2000,5468.2000,1,10,2,1,1,1,6,4,1,1
SF,IC2012,2020-06-24 09:32:29.900,5464.6000,34817,-1,327443520.000,1,0,1,双平,S,5462.6000,5462.4000,5462.0000,5461.0000,5460.6000,5465.0000,5465.6000,5466.8000,5467.2000,5468.2000,1,10,2,1,1,1,6,4,1,1
SF,IC2012,2020-06-24 09:32:30.400,5464.6000,34817,0,327443520.000,0,-,-,-,-,5462.6000,5462.4000,5462.0000,5461.0000,5460.6000,5464.8000,5465.0000,5465.2000,5465.6000,5466.8000,1,10,2,1,1,1,1,1,6,4
SF,IC2012,2020-06-24 09:32:30.900,5462.6000,34816,-1,328536040.000,1,0,1,双平,S,5462.4000,5462.0000,5461.0000,5460.6000,5460.0000,5465.0000,5465.6000,5466.8000,5467.2000,5468.2000,10,2,1,1,1,1,6,4,1,1
SF,IC2012,2020-06-24 09:32:31.400,5462.6000,34816,0,328536040.000,0,-,-,-,-,5462.6000,5462.4000,5462.0000,5461.0000,5460.6000,5464.8000,5465.0000,5465.6000,5466.8000,5467.2000,1,10,2,1,1,1,1,6,4,1
SF,IC2012,2020-06-24 09:32:31.900,5462.6000,34816,0,328536040.000,0,-,-,-,-,5462.4000,5462.0000,5461.0000,5460.6000,5460.0000,5464.6000,5464.8000,5465.0000,5465.6000,5466.8000,10,2,1,1,1,1,6,1,6,4
SF,IC2012,2020-06-24 09:32:32.400,5462.6000,34816,0,328536040.000,0,-,-,-,-,5462.4000,5462.0000,5461.0000,5460.6000,5460.0000,5464.4000,5464.6000,5464.8000,5465.0000,5465.6000,9,2,1,1,1,3,1,6,1,6
SF,IC2012,2020-06-24 09:32:32.900,5462.6000,34816,0,328536040.000,0,-,-,-,-,5462.4000,5462.0000,5461.0000,5460.6000,5460.0000,5464.2000,5464.4000,5464.8000,5465.0000,5465.6000,9,2,1,1,1,3,4,5,1,6
SF,IC2012,2020-06-24 09:32:33.400,5462.6000,34816,0,328536040.000,0,-,-,-,-,5462.4000,5462.0000,5461.0000,5460.6000,5460.0000,5464.0000,5464.2000,5464.4000,5464.8000,5465.0000,9,2,1,1,1,1,4,3,5,1
SF,IC2012,2020-06-24 09:32:33.900,5462.6000,34816,0,328536040.000,0,-,-,-,-,5462.4000,5462.0000,5461.0000,5460.6000,5460.0000,5464.0000,5464.2000,5464.4000,5464.8000,5465.0000,9,2,1,1,1,2,3,2,5,1
SF,IC2012,2020-06-24 09:32:34.400,5462.6000,34815,-1,329628560.000,1,0,1,双平,S,5462.4000,5462.0000,5461.0000,5460.6000,5460.0000,5463.8000,5464.0000,5464.2000,5464.4000,5464.8000,9,2,1,1,1,1,2,3,2,5
SF,IC2012,2020-06-24 09:32:34.900,5462.4000,34815,0,331813520.000,2,1,1,多换,S,5462.4000,5462.0000,5461.0000,5460.6000,5460.0000,5463.6000,5463.8000,5464.0000,5464.2000,5464.4000,7,2,1,1,1,1,1,2,2,2
SF,IC2012,2020-06-24 09:32:35.400,5462.4000,34815,0,337275920.000,5,2,3,多换,S,5462.4000,5462.0000,5461.0000,5460.6000,5460.0000,5463.6000,5463.8000,5464.0000,5464.2000,5464.4000,2,2,1,1,1,4,1,1,2,2
SF,IC2012,2020-06-24 09:32:35.900,5462.0000,34815,0,341645680.000,4,2,2,多换,S,5461.0000,5460.6000,5460.0000,5459.2000,5459.0000,5462.2000,5463.6000,5463.8000,5464.0000,5464.2000,1,1,1,1,1,1,3,1,1,2
SF,IC2012,2020-06-24 09:32:36.400,5462.0000,34815,0,341645680.000,0,-,-,-,-,5461.0000,5460.6000,5460.0000,5459.2000,5459.0000,5462.2000,5462.4000,5463.2000,5463.4000,5463.6000,1,1,1,1,1,1,1,1,1,2
SF,IC2012,2020-06-24 09:32:36.900,5461.0000,34815,0,342737880.000,1,0,1,多换,S,5460.6000,5460.0000,5459.2000,5459.0000,5456.0000,5462.0000,5462.2000,5462.4000,5463.6000,5463.8000,1,1,1,1,1,3,1,1,2,1
SF,IC2012,2020-06-24 09:32:37.400,5461.0000,34815,0,342737880.000,0,-,-,-,-,5460.6000,5460.0000,5459.0000,5456.0000,5455.2000,5462.0000,5462.2000,5463.6000,5463.8000,5464.0000,1,1,2,1,2,4,1,2,2,1
SF,IC2012,2020-06-24 09:32:37.900,5461.0000,34815,0,342737880.000,0,-,-,-,-,5460.6000,5460.0000,5459.0000,5456.0000,5455.2000,5461.8000,5462.0000,5462.2000,5463.6000,5463.8000,1,1,2,1,2,3,4,1,2,2
SF,IC2012,2020-06-24 09:32:38.400,5461.0000,34815,0,342737880.000,0,-,-,-,-,5460.0000,5459.0000,5456.0000,5455.6000,5455.2000,5461.8000,5462.0000,5462.2000,5463.6000,5463.8000,1,2,1,1,2,3,4,1,2,2
SF,IC2012,2020-06-24 09:32:38.900,5461.0000,34815,0,342737880.000,0,-,-,-,-,5460.0000,5459.0000,5456.0000,5455.6000,5455.2000,5461.6000,5461.8000,5462.0000,5462.2000,5463.6000,1,2,1,1,2,2,3,3,1,2
SF,IC2012,2020-06-24 09:32:39.400,5460.0000,34814,-1,343829880.000,1,0,1,双平,S,5459.0000,5456.0000,5455.6000,5455.2000,5455.0000,5461.4000,5461.6000,5461.8000,5462.0000,5462.2000,2,1,1,2,1,1,5,3,2,1
SF,IC2012,2020-06-24 09:32:39.900,5461.2000,34812,-2,346014120.000,2,0,2,双平,S,5459.0000,5456.0000,5455.6000,5455.2000,5455.0000,5461.2000,5461.4000,5461.6000,5461.8000,5462.0000,2,1,1,2,1,3,1,4,3,2
SF,IC2012,2020-06-24 09:32:40.400,5459.0000,34812,0,347105920.000,1,0,1,多换,S,5456.0000,5455.6000,5455.2000,5455.0000,5452.0000,5459.0000,5460.0000,5460.8000,5461.0000,5461.2000,1,1,2,1,2,2,1,1,2,4
SF,IC2012,2020-06-24 09:32:40.900,5459.0000,34812,0,347105920.000,0,-,-,-,-,5456.2000,5456.0000,5455.6000,5455.2000,5455.0000,5458.8000,5459.0000,5460.8000,5461.0000,5461.2000,1,1,1,2,1,1,2,1,3,3
SF,IC2012,2020-06-24 09:32:41.400,5459.0000,34812,0,347105920.000,0,-,-,-,-,5456.2000,5456.0000,5455.2000,5455.0000,5452.0000,5458.6000,5458.8000,5459.0000,5460.8000,5461.0000,1,1,2,1,2,1,2,1,1,1
SF,IC2012,2020-06-24 09:32:41.900,5458.8000,34811,-1,348197680.000,1,0,1,双平,S,5456.2000,5456.0000,5455.2000,5455.0000,5452.0000,5458.8000,5459.0000,5460.8000,5461.0000,5461.2000,1,1,2,1,2,1,1,1,1,3
SF,IC2012,2020-06-24 09:32:42.400,5458.8000,34811,0,348197680.000,0,-,-,-,-,5456.4000,5456.2000,5456.0000,5455.2000,5455.0000,5458.8000,5459.0000,5460.8000,5461.0000,5461.2000,1,1,1,2,1,1,1,1,1,3
SF,IC2012,2020-06-24 09:32:42.900,5458.8000,34811,0,348197680.000,0,-,-,-,-,5456.6000,5456.4000,5456.0000,5455.2000,5455.0000,5458.8000,5459.0000,5460.8000,5461.0000,5461.2000,1,1,1,2,1,2,1,1,1,3
SF,IC2012,2020-06-24 09:32:43.400,5458.8000,34811,0,348197680.000,0,-,-,-,-,5456.6000,5456.0000,5455.2000,5455.0000,5452.0000,5458.8000,5459.0000,5460.8000,5461.0000,5461.2000,1,1,2,1,2,2,1,1,1,3
SF,IC2012,2020-06-24 09:32:43.900,5456.8000,34810,-1,349289040.000,1,0,1,双平,S,5456.6000,5456.0000,5455.2000,5455.0000,5452.0000,5458.8000,5459.0000,5460.8000,5461.0000,5461.2000,1,1,2,1,2,2,1,1,1,3
SF,IC2012,2020-06-24 09:32:44.400,5459.0000,34808,-2,352564360.000,3,0,3,多平,S,5456.6000,5456.0000,5455.2000,5455.0000,5452.0000,5461.0000,5461.2000,5461.6000,5461.8000,5462.0000,1,1,2,1,2,1,3,3,1,2
SF,IC2012,2020-06-24 09:32:44.900,5459.0000,34808,0,352564360.000,0,-,-,-,-,5456.8000,5456.6000,5456.0000,5455.2000,5455.0000,5460.8000,5461.0000,5461.2000,5461.6000,5461.8000,2,1,1,2,1,2,1,3,3,1
SF,IC2012,2020-06-24 09:32:45.400,5459.0000,34808,0,352564360.000,0,-,-,-,-,5457.2000,5457.0000,5456.8000,5456.0000,5455.2000,5460.8000,5461.0000,5461.8000,5462.0000,5462.4000,1,1,2,1,2,2,1,1,2,1
SF,IC2012,2020-06-24 09:32:45.900,5459.0000,34808,0,352564360.000,0,-,-,-,-,5457.4000,5457.2000,5456.0000,5455.2000,5455.0000,5460.8000,5461.0000,5461.8000,5462.0000,5462.4000,3,2,1,2,1,2,1,1,2,1
SF,IC2012,2020-06-24 09:32:46.400,5459.0000,34808,0,352564360.000,0,-,-,-,-,5457.8000,5457.4000,5457.2000,5456.0000,5455.2000,5460.8000,5461.0000,5461.8000,5462.0000,5462.4000,1,3,1,1,2,2,1,1,2,1
SF,IC2012,2020-06-24 09:32:46.900,5459.0000,34808,0,352564360.000,0,-,-,-,-,5458.0000,5457.8000,5457.4000,5456.0000,5455.2000,5460.8000,5461.0000,5461.8000,5462.0000,5462.4000,1,1,2,1,2,2,1,1,2,1
SF,IC2012,2020-06-24 09:32:47.400,5459.0000,34808,0,352564360.000,0,-,-,-,-,5458.0000,5457.4000,5456.0000,5455.2000,5455.0000,5460.8000,5461.0000,5461.8000,5462.0000,5462.4000,2,2,1,2,1,2,1,1,2,1
SF,IC2012,2020-06-24 09:32:47.900,5459.0000,34808,0,352564360.000,0,-,-,-,-,5458.2000,5458.0000,5457.4000,5456.0000,5455.2000,5460.6000,5460.8000,5461.0000,5461.8000,5462.0000,1,2,2,1,2,2,2,1,1,2
SF,IC2012,2020-06-24 09:32:48.400,5459.0000,34808,0,352564360.000,0,-,-,-,-,5458.0000,5457.4000,5456.0000,5455.2000,5455.0000,5460.0000,5460.4000,5460.6000,5460.8000,5461.0000,1,1,1,2,1,1,1,3,1,1
SF,IC2012,2020-06-24 09:32:48.900,5459.0000,34808,0,352564360.000,0,-,-,-,-,5458.0000,5456.0000,5455.2000,5455.0000,5452.0000,5460.0000,5460.4000,5460.6000,5460.8000,5461.0000,1,1,2,1,2,1,1,1,1,1
SF,IC2012,2020-06-24 09:32:49.400,5459.0000,34808,0,352564360.000,0,-,-,-,-,5458.0000,5456.0000,5455.2000,5455.0000,5452.0000,5460.0000,5460.4000,5460.6000,5460.8000,5461.0000,1,1,2,1,2,1,1,1,1,1
SF,IC2012,2020-06-24 09:32:49.900,5459.0000,34808,0,352564360.000,0,-,-,-,-,5458.0000,5456.0000,5455.2000,5455.0000,5452.0000,5460.0000,5460.4000,5461.0000,5461.8000,5462.0000,1,1,2,1,2,1,1,1,1,2
SF,IC2012,2020-06-24 09:32:51.400,5459.0000,34808,0,352564360.000,0,-,-,-,-,5458.0000,5456.0000,5455.2000,5455.0000,5452.0000,5460.0000,5460.4000,5461.0000,5461.8000,5462.0000,1,1,2,1,2,1,1,1,1,2
SF,IC2012,2020-06-24 09:32:51.900,5460.0000,34808,0,353656360.000,1,0,1,多换,S,5458.0000,5456.0000,5455.2000,5455.0000,5452.0000,5460.0000,5461.0000,5462.0000,5462.4000,5463.0000,1,1,2,1,2,1,1,1,1,1
SF,IC2012,2020-06-24 09:32:52.400,5460.0000,34808,0,353656360.000,0,-,-,-,-,5458.0000,5456.0000,5455.2000,5455.0000,5452.0000,5459.8000,5460.0000,5461.0000,5462.0000,5462.4000,1,1,2,1,2,1,1,1,1,1
SF,IC2012,2020-06-24 09:32:52.900,5460.0000,34808,0,353656360.000,0,-,-,-,-,5458.0000,5456.0000,5455.2000,5455.0000,5452.0000,5460.0000,5461.0000,5462.0000,5462.4000,5463.0000,1,1,2,1,2,1,1,1,1,1
SF,IC2012,2020-06-24 09:32:53.400,5460.0000,34808,0,353656360.000,0,-,-,-,-,5458.0000,5456.0000,5455.2000,5455.0000,5452.0000,5459.6000,5460.0000,5461.0000,5462.0000,5462.4000,1,1,2,1,2,1,1,1,1,1
SF,IC2012,2020-06-24 09:32:54.400,5458.0000,34807,-1,354747960.000,1,0,1,双平,S,5456.0000,5455.2000,5455.0000,5452.0000,5450.0000,5459.6000,5460.0000,5461.0000,5462.0000,5462.4000,1,2,1,2,2,1,1,1,1,1
SF,IC2012,2020-06-24 09:32:54.900,5459.4000,34807,0,355839840.000,1,0,1,多换,S,5456.2000,5456.0000,5455.2000,5455.0000,5452.0000,5459.4000,5460.0000,5461.0000,5462.0000,5462.4000,1,1,2,1,2,3,1,1,1,1
SF,IC2012,2020-06-24 09:32:55.400,5459.4000,34807,0,355839840.000,0,-,-,-,-,5456.2000,5456.0000,5455.2000,5455.0000,5452.0000,5459.2000,5459.4000,5460.0000,5461.0000,5462.0000,1,1,2,1,2,1,3,2,1,1
SF,IC2012,2020-06-24 09:32:55.900,5459.4000,34807,0,355839840.000,0,-,-,-,-,5458.0000,5456.2000,5456.0000,5455.2000,5455.0000,5459.0000,5459.2000,5459.4000,5460.0000,5461.0000,1,1,1,2,1,1,2,1,2,1
SF,IC2012,2020-06-24 09:32:56.400,5458.0000,34806,-1,356931440.000,1,0,1,双平,S,5456.2000,5456.0000,5455.2000,5455.0000,5452.0000,5458.8000,5459.0000,5459.2000,5460.0000,5461.0000,1,1,2,1,2,1,1,1,2,1
SF,IC2012,2020-06-24 09:32:56.900,5458.0000,34806,0,356931440.000,0,-,-,-,-,5456.2000,5456.0000,5455.2000,5455.0000,5452.0000,5458.6000,5458.8000,5460.0000,5461.0000,5462.0000,1,1,2,1,2,1,2,2,1,1
SF,IC2012,2020-06-24 09:32:57.400,5458.0000,34806,0,356931440.000,0,-,-,-,-,5456.2000,5456.0000,5455.2000,5455.0000,5452.0000,5458.6000,5458.8000,5460.0000,5461.0000,5462.0000,1,1,2,1,2,2,2,2,1,1
SF,IC2012,2020-06-24 09:32:57.900,5458.0000,34806,0,356931440.000,0,-,-,-,-,5456.2000,5456.0000,5455.2000,5455.0000,5452.0000,5458.0000,5458.6000,5460.0000,5461.0000,5462.0000,1,1,2,1,2,1,2,2,1,1
SF,IC2012,2020-06-24 09:32:58.400,5458.0000,34806,0,358023040.000,1,0,1,多换,S,5456.2000,5456.0000,5455.2000,5455.0000,5452.0000,5458.4000,5458.6000,5460.0000,5461.0000,5462.0000,1,1,2,1,2,2,2,2,1,1
SF,IC2012,2020-06-24 09:32:58.900,5458.0000,34806,0,358023040.000,0,-,-,-,-,5456.2000,5456.0000,5455.2000,5455.0000,5452.0000,5458.2000,5458.4000,5458.6000,5460.0000,5461.0000,1,1,2,1,2,1,1,2,2,1
SF,IC2012,2020-06-24 09:32:59.400,5458.0000,34806,0,358023040.000,0,-,-,-,-,5456.2000,5456.0000,5455.2000,5455.0000,5452.0000,5458.2000,5458.6000,5460.0000,5462.0000,5462.4000,1,1,2,1,2,2,1,2,1,1
SF,IC2012,2020-06-24 09:33:00.400,5458.2000,34805,-1,359114680.000,1,0,1,双平,S,5456.2000,5456.0000,5455.2000,5455.0000,5452.0000,5458.6000,5460.0000,5462.0000,5462.4000,5463.0000,2,1,2,1,2,1,2,1,1,1
SF,IC2012,2020-06-24 09:33:00.900,5456.2000,34800,-5,364571040.000,5,0,5,双平,S,5456.2000,5456.0000,5455.2000,5455.0000,5452.0000,5458.6000,5460.0000,5462.0000,5462.4000,5463.0000,1,1,2,1,2,1,2,1,1,1
SF,IC2012,2020-06-24 09:33:01.400,5456.2000,34800,0,364571040.000,0,-,-,-,-,5456.4000,5456.2000,5456.0000,5455.2000,5455.0000,5458.4000,5458.6000,5460.0000,5462.0000,5462.4000,1,1,1,2,1,1,1,2,1,1
SF,IC2012,2020-06-24 09:33:01.900,5456.4000,34799,-1,366754000.000,2,0,2,多平,S,5456.2000,5456.0000,5455.2000,5455.0000,5453.6000,5458.6000,5460.0000,5462.0000,5462.4000,5463.0000,1,1,2,1,1,1,2,1,1,1
SF,IC2012,2020-06-24 09:33:02.400,5457.8000,34799,0,367845560.000,1,0,1,多换,S,5458.0000,5456.6000,5456.4000,5456.2000,5456.0000,5458.6000,5460.0000,5462.0000,5462.4000,5463.0000,1,1,1,1,2,1,2,1,1,1
SF,IC2012,2020-06-24 09:33:02.900,5458.4000,34798,-1,370028840.000,2,0,2,多平,S,5456.4000,5456.2000,5456.0000,5455.2000,5455.0000,5460.0000,5462.0000,5462.4000,5463.0000,5463.6000,2,1,2,2,1,2,1,1,1,2
SF,IC2012,2020-06-24 09:33:03.400,5458.4000,34798,0,370028840.000,0,-,-,-,-,5456.4000,5456.2000,5456.0000,5455.2000,5455.0000,5459.8000,5460.0000,5462.0000,5462.4000,5463.0000,1,1,2,2,1,2,3,1,1,1
SF,IC2012,2020-06-24 09:33:03.900,5458.4000,34798,0,370028840.000,0,-,-,-,-,5456.4000,5456.2000,5456.0000,5455.2000,5455.0000,5459.4000,5459.6000,5459.8000,5460.0000,5462.0000,1,1,2,2,1,1,1,3,3,1
SF,IC2012,2020-06-24 09:33:04.400,5458.4000,34798,0,370028840.000,0,-,-,-,-,5456.4000,5456.2000,5456.0000,5455.2000,5455.0000,5459.2000,5459.4000,5459.6000,5459.8000,5460.0000,1,1,2,2,1,2,2,2,1,3
SF,IC2012,2020-06-24 09:33:04.900,5458.4000,34798,0,370028840.000,0,-,-,-,-,5456.4000,5456.2000,5456.0000,5455.2000,5455.0000,5458.0000,5459.0000,5459.2000,5459.4000,5459.6000,1,1,2,2,1,1,1,6,1,2
SF,IC2012,2020-06-24 09:33:05.400,5458.4000,34798,0,370028840.000,0,-,-,-,-,5456.4000,5456.2000,5456.0000,5455.2000,5455.0000,5458.0000,5458.6000,5459.2000,5459.4000,5459.6000,1,1,2,2,1,1,1,4,1,1
SF,IC2012,2020-06-24 09:33:05.900,5456.4000,34797,-1,371120120.000,1,0,1,双平,S,5456.2000,5456.0000,5455.2000,5455.0000,5453.6000,5458.0000,5458.6000,5459.2000,5459.4000,5459.6000,1,2,2,1,1,1,1,4,1,1
SF,IC2012,2020-06-24 09:33:06.400,5456.4000,34797,0,371120120.000,0,-,-,-,-,5456.2000,5456.0000,5455.2000,5455.0000,5453.6000,5457.8000,5458.0000,5458.6000,5459.2000,5459.4000,1,2,2,1,1,2,1,1,3,1
SF,IC2012,2020-06-24 09:33:06.900,5456.4000,34797,0,371120120.000,0,-,-,-,-,5457.4000,5456.2000,5456.0000,5455.2000,5455.0000,5457.8000,5458.0000,5458.6000,5459.2000,5459.4000,1,1,2,2,1,2,1,1,3,1
SF,IC2012,2020-06-24 09:33:07.400,5457.4000,34797,0,372211600.000,1,0,1,多换,S,5456.4000,5456.2000,5456.0000,5455.2000,5455.0000,5457.8000,5458.0000,5458.6000,5459.2000,5459.4000,1,1,2,2,1,2,4,1,2,1
SF,IC2012,2020-06-24 09:33:07.900,5457.4000,34797,0,372211600.000,0,-,-,-,-,5456.4000,5456.2000,5456.0000,5455.2000,5455.0000,5457.8000,5458.0000,5458.6000,5459.2000,5460.0000,1,1,2,2,1,2,4,1,2,2
SF,IC2012,2020-06-24 09:33:08.400,5457.4000,34797,0,372211600.000,0,-,-,-,-,5456.2000,5456.0000,5455.2000,5455.0000,5453.6000,5457.8000,5458.0000,5459.2000,5460.0000,5462.0000,1,2,2,1,1,2,3,2,2,1
SF,IC2012,2020-06-24 09:33:08.900,5457.4000,34797,0,372211600.000,0,-,-,-,-,5456.2000,5456.0000,5455.2000,5455.0000,5452.0000,5457.0000,5457.6000,5457.8000,5458.0000,5459.2000,1,2,2,1,2,1,1,2,3,2
SF,IC2012,2020-06-24 09:33:09.400,5456.0000,34796,-1,375485240.000,3,1,2,多平,S,5455.2000,5455.0000,5452.0000,5450.0000,5449.6000,5456.2000,5457.0000,5457.6000,5457.8000,5458.0000,2,1,2,2,1,1,1,1,1,3
SF,IC2012,2020-06-24 09:33:09.900,5456.0000,34796,0,375485240.000,0,-,-,-,-,5455.2000,5455.0000,5452.0000,5450.0000,5449.6000,5456.2000,5457.0000,5457.8000,5458.0000,5459.0000,2,1,2,2,1,1,1,1,3,1
SF,IC2012,2020-06-24 09:33:10.400,5456.0000,34796,0,375485240.000,0,-,-,-,-,5455.2000,5455.0000,5452.0000,5450.0000,5449.6000,5456.0000,5456.2000,5457.0000,5457.8000,5458.0000,2,1,2,2,1,1,1,1,1,3
SF,IC2012,2020-06-24 09:33:10.900,5456.0000,34796,0,375485240.000,0,-,-,-,-,5455.2000,5455.0000,5452.0000,5450.0000,5449.6000,5456.0000,5457.0000,5457.8000,5458.0000,5459.0000,2,1,2,2,1,1,1,1,3,1
SF,IC2012,2020-06-24 09:33:11.400,5455.2000,34795,-1,377667320.000,2,0,2,多平,S,5455.0000,5452.0000,5450.0000,5449.6000,5448.0000,5456.0000,5457.0000,5457.8000,5458.0000,5459.0000,1,2,2,1,2,1,1,1,3,1
SF,IC2012,2020-06-24 09:33:11.900,5456.0000,34794,-1,378758520.000,1,0,1,双平,S,5455.0000,5452.0000,5450.0000,5449.6000,5448.0000,5457.0000,5457.8000,5458.0000,5459.0000,5459.2000,1,2,2,1,2,1,1,3,1,2
SF,IC2012,2020-06-24 09:33:12.400,5455.0000,34794,0,379849520.000,1,0,1,多换,S,5452.0000,5450.0000,5449.6000,5448.0000,5444.2000,5456.8000,5457.0000,5457.8000,5458.0000,5459.0000,2,2,1,2,3,2,1,1,3,1
SF,IC2012,2020-06-24 09:33:12.900,5455.0000,34794,0,379849520.000,0,-,-,-,-,5455.0000,5452.2000,5452.0000,5450.0000,5449.6000,5456.6000,5456.8000,5457.0000,5457.8000,5458.0000,1,1,2,2,1,3,3,1,1,3
SF,IC2012,2020-06-24 09:33:13.400,5455.0000,34794,0,380940520.000,1,0,1,多换,S,5452.2000,5452.0000,5450.0000,5449.6000,5448.0000,5455.0000,5456.4000,5456.8000,5457.0000,5457.8000,1,2,2,1,2,1,1,2,1,1
SF,IC2012,2020-06-24 09:33:13.900,5455.0000,34794,0,380940520.000,0,-,-,-,-,5452.2000,5452.0000,5450.0000,5449.6000,5448.0000,5454.2000,5454.8000,5456.4000,5456.8000,5457.8000,1,2,2,1,2,1,2,2,1,1
SF,IC2012,2020-06-24 09:33:14.400,5455.0000,34794,0,380940520.000,0,-,-,-,-,5452.0000,5450.0000,5449.6000,5448.0000,5444.2000,5454.0000,5454.2000,5454.8000,5456.4000,5456.8000,2,2,1,2,3,1,1,2,1,1
SF,IC2012,2020-06-24 09:33:14.900,5455.0000,34794,0,380940520.000,0,-,-,-,-,5452.2000,5452.0000,5450.0000,5449.6000,5448.0000,5454.0000,5454.2000,5454.8000,5456.4000,5456.8000,1,2,2,1,2,1,1,2,2,1
SF,IC2012,2020-06-24 09:33:15.400,5455.0000,34794,0,380940520.000,0,-,-,-,-,5452.2000,5452.0000,5450.0000,5449.6000,5448.0000,5453.8000,5454.0000,5454.2000,5454.8000,5456.4000,1,2,2,1,2,2,1,1,2,2
SF,IC2012,2020-06-24 09:33:15.900,5454.2000,34791,-3,385303840.000,4,0,4,多平,S,5454.2000,5454.0000,5452.2000,5452.0000,5450.0000,5454.8000,5455.0000,5456.4000,5456.8000,5457.8000,1,1,1,2,2,2,1,1,1,7
SF,IC2012,2020-06-24 09:33:16.400,5454.0000,34790,-1,387485480.000,2,0,2,多平,S,5452.2000,5452.0000,5450.0000,5449.6000,5448.0000,5454.2000,5454.8000,5455.0000,5456.4000,5456.8000,1,2,2,1,2,1,1,1,1,1
SF,IC2012,2020-06-24 09:33:16.900,5454.2000,34789,-1,388576320.000,1,0,1,双平,S,5452.6000,5452.2000,5452.0000,5450.0000,5449.6000,5454.2000,5454.8000,5455.0000,5456.4000,5456.8000,1,1,3,2,1,1,1,1,1,1
SF,IC2012,2020-06-24 09:33:17.400,5454.2000,34788,-1,389667160.000,1,0,1,双平,S,5452.8000,5452.6000,5452.0000,5450.0000,5449.6000,5454.8000,5455.0000,5456.4000,5456.8000,5457.8000,1,1,3,2,1,1,1,1,1,6
SF,IC2012,2020-06-24 09:33:17.900,5454.2000,34788,0,389667160.000,0,-,-,-,-,5452.8000,5452.6000,5452.0000,5450.0000,5449.6000,5454.8000,5455.0000,5456.4000,5456.8000,5457.8000,1,1,3,2,1,2,1,1,1,6
SF,IC2012,2020-06-24 09:33:18.400,5454.2000,34788,0,389667160.000,0,-,-,-,-,5453.0000,5452.8000,5452.6000,5452.0000,5450.0000,5454.8000,5455.0000,5456.4000,5456.8000,5458.0000,1,1,1,3,2,1,1,1,1,5
SF,IC2012,2020-06-24 09:33:18.900,5454.2000,34788,0,389667160.000,0,-,-,-,-,5452.8000,5452.6000,5452.0000,5450.0000,5449.6000,5454.8000,5455.0000,5456.4000,5456.8000,5458.0000,1,1,3,2,1,1,1,1,1,5
SF,IC2012,2020-06-24 09:33:19.400,5454.2000,34788,0,389667160.000,0,-,-,-,-,5453.2000,5452.8000,5452.6000,5452.0000,5450.0000,5454.8000,5455.0000,5456.4000,5456.8000,5458.0000,1,1,1,3,2,2,1,1,1,5
SF,IC2012,2020-06-24 09:33:19.900,5454.8000,34788,0,391848760.000,2,1,1,多换,S,5452.8000,5452.6000,5452.0000,5450.0000,5449.6000,5455.0000,5456.4000,5456.8000,5458.0000,5459.0000,1,1,3,2,1,1,1,2,5,1
SF,IC2012,2020-06-24 09:33:20.400,5454.8000,34788,0,391848760.000,0,-,-,-,-,5454.0000,5452.8000,5452.6000,5452.0000,5450.0000,5454.8000,5455.0000,5456.4000,5456.8000,5458.0000,1,1,1,3,2,2,1,1,2,5
SF,IC2012,2020-06-24 09:33:20.900,5454.0000,34788,0,392939560.000,1,0,1,多换,S,5453.0000,5452.8000,5452.6000,5452.0000,5450.0000,5454.8000,5455.0000,5456.4000,5456.8000,5458.0000,1,1,1,3,2,2,1,1,2,5
SF,IC2012,2020-06-24 09:33:21.400,5454.8000,34786,-2,395121480.000,2,0,2,双平,S,5453.2000,5453.0000,5452.6000,5452.2000,5452.0000,5455.0000,5456.8000,5458.0000,5459.0000,5460.2000,1,1,1,1,3,1,2,5,1,1
SF,IC2012,2020-06-24 09:33:21.900,5454.8000,34786,0,395121480.000,0,-,-,-,-,5453.2000,5452.6000,5452.2000,5452.0000,5450.0000,5455.0000,5456.8000,5458.0000,5460.2000,5462.4000,1,1,1,3,2,1,2,5,1,1
SF,IC2012,2020-06-24 09:33:22.400,5454.8000,34786,0,395121480.000,0,-,-,-,-,5453.2000,5452.6000,5452.2000,5452.0000,5450.0000,5455.0000,5456.8000,5458.0000,5460.2000,5462.4000,1,1,1,3,2,1,2,2,1,1
SF,IC2012,2020-06-24 09:33:22.900,5454.8000,34786,0,395121480.000,0,-,-,-,-,5453.2000,5452.6000,5452.4000,5452.2000,5452.0000,5455.0000,5456.8000,5458.0000,5460.2000,5462.4000,1,1,1,1,3,1,2,2,1,1
SF,IC2012,2020-06-24 09:33:23.400,5453.2000,34786,0,396212120.000,1,0,1,多换,S,5452.6000,5452.4000,5452.2000,5452.0000,5450.0000,5454.8000,5455.0000,5456.8000,5458.0000,5460.2000,1,1,1,3,2,1,1,2,2,1
SF,IC2012,2020-06-24 09:33:23.900,5453.2000,34786,0,396212120.000,0,-,-,-,-,5452.8000,5452.6000,5452.4000,5452.2000,5452.0000,5454.8000,5455.0000,5456.8000,5458.0000,5460.2000,1,1,1,1,3,1,1,2,2,1
SF,IC2012,2020-06-24 09:33:24.400,5453.2000,34786,0,396212120.000,0,-,-,-,-,5452.8000,5452.6000,5452.4000,5452.2000,5452.0000,5454.8000,5455.0000,5456.8000,5458.0000,5460.2000,1,1,1,1,3,1,1,2,2,1
SF,IC2012,2020-06-24 09:33:24.900,5453.2000,34786,0,396212120.000,0,-,-,-,-,5453.8000,5452.8000,5452.6000,5452.4000,5452.2000,5454.8000,5455.0000,5456.8000,5458.0000,5460.2000,1,1,1,1,1,1,1,1,2,1
SF,IC2012,2020-06-24 09:33:25.400,5453.8000,34786,0,397302880.000,1,0,1,多换,S,5452.8000,5452.6000,5452.4000,5452.2000,5452.0000,5454.8000,5455.0000,5456.8000,5458.0000,5460.2000,1,1,1,1,3,1,1,1,2,1
SF,IC2012,2020-06-24 09:33:25.900,5453.8000,34786,0,397302880.000,0,-,-,-,-,5453.0000,5452.8000,5452.6000,5452.4000,5452.2000,5454.8000,5455.0000,5456.8000,5458.0000,5460.2000,1,1,1,1,1,1,1,1,2,1
SF,IC2012,2020-06-24 09:33:26.900,5453.8000,34786,0,397302880.000,0,-,-,-,-,5453.0000,5452.8000,5452.6000,5452.4000,5452.2000,5454.8000,5455.0000,5456.8000,5458.0000,5460.2000,1,1,1,1,1,2,1,1,2,1
SF,IC2012,2020-06-24 09:33:27.400,5453.8000,34786,0,397302880.000,0,-,-,-,-,5453.2000,5453.0000,5452.8000,5452.6000,5452.4000,5454.8000,5455.0000,5456.8000,5458.0000,5460.2000,1,1,1,1,1,2,1,1,2,1
SF,IC2012,2020-06-24 09:33:28.900,5453.8000,34786,0,397302880.000,0,-,-,-,-,5453.4000,5453.2000,5453.0000,5452.8000,5452.6000,5454.8000,5455.0000,5456.8000,5458.0000,5460.2000,1,1,1,1,2,2,1,1,2,1
SF,IC2012,2020-06-24 09:33:29.400,5454.8000,34785,-1,398393840.000,1,0,1,双平,S,5453.6000,5453.4000,5453.0000,5452.8000,5452.6000,5454.6000,5454.8000,5456.8000,5458.0000,5460.2000,1,1,1,1,2,3,1,1,2,1
SF,IC2012,2020-06-24 09:33:29.900,5454.6000,34782,-3,401666600.000,3,0,3,双平,S,5453.8000,5453.6000,5453.4000,5453.0000,5452.8000,5454.6000,5454.8000,5458.0000,5460.2000,5462.4000,1,1,1,1,1,1,1,2,1,1
SF,IC2012,2020-06-24 09:33:30.400,5454.6000,34782,0,402757520.000,1,0,1,多换,S,5453.8000,5453.0000,5452.8000,5452.6000,5452.4000,5454.8000,5455.0000,5458.0000,5460.2000,5462.4000,1,1,1,2,1,1,1,2,1,1
SF,IC2012,2020-06-24 09:33:30.900,5454.6000,34782,0,402757520.000,0,-,-,-,-,5454.0000,5453.8000,5453.0000,5452.8000,5452.6000,5454.8000,5455.0000,5458.0000,5460.2000,5462.4000,2,1,1,1,2,1,1,2,1,1
SF,IC2012,2020-06-24 09:33:34.900,5454.0000,34780,-2,404939120.000,2,0,2,双平,S,5453.8000,5453.0000,5452.8000,5452.6000,5452.4000,5454.8000,5455.0000,5458.0000,5460.2000,5462.4000,1,1,1,2,1,1,1,2,1,1
SF,IC2012,2020-06-24 09:33:35.400,5453.8000,34779,-1,406029880.000,1,0,1,双平,S,5452.8000,5452.6000,5452.4000,5452.2000,5452.0000,5454.8000,5455.0000,5458.0000,5460.2000,5462.4000,1,2,1,1,2,1,1,2,1,1
SF,IC2012,2020-06-24 09:33:35.900,5453.8000,34779,0,406029880.000,0,-,-,-,-,5453.0000,5452.8000,5452.6000,5452.4000,5452.2000,5454.8000,5455.0000,5458.0000,5460.2000,5462.4000,1,1,2,1,1,1,1,2,1,1
SF,IC2012,2020-06-24 09:33:36.400,5453.8000,34779,0,406029880.000,0,-,-,-,-,5453.0000,5452.8000,5452.6000,5452.4000,5452.2000,5454.0000,5454.8000,5455.0000,5458.0000,5460.2000,1,1,2,1,1,1,1,1,2,1
SF,IC2012,2020-06-24 09:33:37.400,5454.0000,34779,0,407120680.000,1,0,1,多换,S,5453.0000,5452.8000,5452.6000,5452.4000,5452.2000,5454.8000,5455.0000,5458.0000,5460.2000,5462.4000,1,1,2,1,1,1,1,2,1,1
SF,IC2012,2020-06-24 09:33:40.400,5453.0000,34778,-1,408211280.000,1,0,1,双平,S,5452.8000,5452.6000,5452.4000,5452.2000,5452.0000,5454.6000,5454.8000,5455.0000,5458.0000,5460.2000,1,2,1,1,2,1,1,1,2,1
SF,IC2012,2020-06-24 09:33:40.900,5453.0000,34778,0,408211280.000,0,-,-,-,-,5452.8000,5452.6000,5452.4000,5452.2000,5452.0000,5454.4000,5454.6000,5454.8000,5455.0000,5458.0000,1,2,1,1,2,1,1,1,1,2
SF,IC2012,2020-06-24 09:33:41.400,5453.0000,34778,0,408211280.000,0,-,-,-,-,5452.8000,5452.6000,5452.4000,5452.2000,5452.0000,5454.4000,5454.8000,5455.0000,5458.0000,5460.2000,1,2,1,1,2,1,1,1,2,1
SF,IC2012,2020-06-24 09:33:42.400,5453.0000,34778,0,408211280.000,0,-,-,-,-,5452.8000,5452.6000,5452.4000,5452.2000,5452.0000,5453.6000,5454.4000,5454.8000,5455.0000,5458.0000,1,2,1,1,2,1,1,1,1,2
SF,IC2012,2020-06-24 09:33:42.900,5453.6000,34778,0,409302000.000,1,0,1,多换,S,5452.8000,5452.6000,5452.4000,5452.2000,5452.0000,5454.8000,5455.0000,5458.0000,5460.2000,5462.4000,1,2,1,1,2,1,1,2,1,1
SF,IC2012,2020-06-24 09:33:43.400,5453.6000,34778,0,409302000.000,0,-,-,-,-,5453.0000,5452.8000,5452.6000,5452.4000,5452.2000,5454.8000,5455.0000,5458.0000,5460.2000,5462.4000,1,1,2,1,1,1,1,2,1,1
SF,IC2012,2020-06-24 09:33:43.900,5453.6000,34778,0,409302000.000,0,-,-,-,-,5453.0000,5452.8000,5452.6000,5452.4000,5452.2000,5454.6000,5454.8000,5455.0000,5458.0000,5460.2000,1,1,2,1,1,2,1,1,2,1
SF,IC2012,2020-06-24 09:33:44.400,5453.6000,34778,0,409302000.000,0,-,-,-,-,5453.2000,5453.0000,5452.8000,5452.6000,5452.4000,5454.6000,5454.8000,5455.0000,5458.0000,5460.2000,1,1,1,2,1,2,1,1,2,1
SF,IC2012,2020-06-24 09:33:45.900,5453.2000,34778,0,410392640.000,1,0,1,多换,S,5453.0000,5452.8000,5452.6000,5452.4000,5452.2000,5454.6000,5454.8000,5455.0000,5458.0000,5460.2000,1,1,2,1,1,2,1,1,2,1
SF,IC2012,2020-06-24 09:33:46.400,5453.2000,34778,0,410392640.000,0,-,-,-,-,5453.0000,5452.8000,5452.6000,5452.4000,5452.2000,5454.4000,5454.6000,5454.8000,5455.0000,5458.0000,1,1,2,1,1,1,2,1,1,2
SF,IC2012,2020-06-24 09:33:46.900,5453.0000,34777,-1,411483240.000,1,0,1,双平,S,5452.8000,5452.6000,5452.4000,5452.2000,5452.0000,5454.2000,5454.4000,5454.6000,5454.8000,5455.0000,1,2,1,1,2,1,1,2,1,1
SF,IC2012,2020-06-24 09:33:47.400,5453.0000,34777,0,411483240.000,0,-,-,-,-,5452.8000,5452.6000,5452.4000,5452.2000,5452.0000,5454.2000,5454.6000,5454.8000,5455.0000,5456.0000,1,2,1,1,2,2,2,1,1,1
SF,IC2012,2020-06-24 09:33:47.900,5452.8000,34777,0,412573800.000,1,0,1,多换,S,5452.6000,5452.4000,5452.2000,5452.0000,5450.0000,5454.0000,5454.2000,5454.6000,5454.8000,5455.0000,2,1,1,2,2,1,2,2,1,1
SF,IC2012,2020-06-24 09:33:48.400,5454.2000,34777,0,414755440.000,2,1,1,多换,S,5452.6000,5452.4000,5452.2000,5452.0000,5450.0000,5454.2000,5454.6000,5454.8000,5455.0000,5456.0000,2,1,1,2,2,1,2,1,1,1
SF,IC2012,2020-06-24 09:33:48.900,5454.2000,34777,0,414755440.000,0,-,-,-,-,5452.6000,5452.4000,5452.2000,5452.0000,5450.0000,5454.0000,5454.6000,5454.8000,5455.0000,5456.0000,2,1,1,2,2,1,2,1,1,1
SF,IC2012,2020-06-24 09:33:49.400,5454.2000,34776,-1,415846280.000,1,0,1,双平,S,5452.6000,5452.4000,5452.2000,5452.0000,5450.0000,5454.6000,5454.8000,5455.0000,5456.0000,5458.0000,2,1,1,2,2,2,1,1,1,2
SF,IC2012,2020-06-24 09:33:49.900,5454.4000,34775,-1,416937160.000,1,0,1,双平,S,5452.8000,5452.6000,5452.4000,5452.2000,5452.0000,5454.6000,5454.8000,5455.0000,5456.0000,5458.0000,1,2,1,1,2,2,1,1,1,2
SF,IC2012,2020-06-24 09:33:50.400,5454.4000,34775,0,416937160.000,0,-,-,-,-,5453.0000,5452.8000,5452.6000,5452.4000,5452.2000,5453.8000,5454.6000,5454.8000,5455.0000,5456.0000,1,1,2,1,1,1,2,1,1,1
SF,IC2012,2020-06-24 09:33:50.900,5454.4000,34775,0,416937160.000,0,-,-,-,-,5453.0000,5452.8000,5452.6000,5452.4000,5452.2000,5453.8000,5454.6000,5454.8000,5455.0000,5456.0000,1,2,2,1,1,1,2,1,1,1
SF,IC2012,2020-06-24 09:33:51.400,5453.0000,34774,-1,418027760.000,1,0,1,双平,S,5452.8000,5452.6000,5452.4000,5452.2000,5452.0000,5453.6000,5453.8000,5454.6000,5454.8000,5455.0000,2,2,1,1,2,1,1,2,1,1
SF,IC2012,2020-06-24 09:33:52.400,5452.8000,34773,-1,419118320.000,1,0,1,双平,S,5452.8000,5452.6000,5452.4000,5452.2000,5452.0000,5453.6000,5453.8000,5454.6000,5454.8000,5455.0000,1,2,1,1,2,1,1,2,1,1
SF,IC2012,2020-06-24 09:33:52.900,5452.8000,34773,0,420208880.000,1,0,1,多换,S,5452.6000,5452.4000,5452.2000,5452.0000,5450.0000,5453.8000,5454.8000,5455.0000,5456.0000,5457.0000,2,1,1,2,2,1,1,1,1,1
SF,IC2012,2020-06-24 09:33:53.400,5452.8000,34773,0,420208880.000,0,-,-,-,-,5452.6000,5452.4000,5452.2000,5452.0000,5450.0000,5453.4000,5453.8000,5454.8000,5455.0000,5456.0000,2,1,1,2,2,1,1,1,1,1
SF,IC2012,2020-06-24 09:33:53.900,5452.6000,34771,-2,422389920.000,2,0,2,双平,S,5452.4000,5452.2000,5452.0000,5450.0000,5448.2000,5453.2000,5453.4000,5453.8000,5454.8000,5455.0000,1,1,2,2,1,2,1,1,1,1
SF,IC2012,2020-06-24 09:33:54.400,5452.6000,34771,0,422389920.000,0,-,-,-,-,5452.4000,5452.2000,5452.0000,5450.0000,5448.2000,5453.2000,5454.8000,5455.0000,5456.0000,5457.0000,1,1,2,2,1,3,1,1,1,1
SF,IC2012,2020-06-24 09:33:54.900,5452.6000,34771,0,422389920.000,0,-,-,-,-,5452.4000,5452.2000,5452.0000,5450.0000,5448.2000,5453.2000,5454.8000,5455.0000,5456.0000,5457.0000,1,1,2,2,1,4,1,1,1,1
SF,IC2012,2020-06-24 09:33:55.400,5452.4000,34771,0,423480400.000,1,0,1,多换,S,5452.2000,5452.0000,5450.0000,5448.2000,5448.0000,5453.0000,5453.2000,5454.8000,5455.0000,5456.0000,1,2,2,1,2,1,3,1,1,1
SF,IC2012,2020-06-24 09:33:55.900,5452.2000,34770,-1,424570840.000,1,0,1,双平,S,5452.0000,5450.0000,5448.2000,5448.0000,5444.2000,5452.2000,5453.0000,5453.2000,5454.8000,5455.0000,2,2,1,2,3,1,1,3,1,1
SF,IC2012,2020-06-24 09:33:56.400,5452.2000,34769,-1,425661280.000,1,0,1,双平,S,5452.0000,5450.0000,5448.2000,5448.0000,5444.2000,5453.0000,5453.2000,5454.8000,5455.0000,5456.0000,2,2,1,2,3,1,3,1,1,1
SF,IC2012,2020-06-24 09:33:56.900,5453.2000,34769,0,427842560.000,2,1,1,多换,S,5452.0000,5450.0000,5448.2000,5448.0000,5444.2000,5453.2000,5454.8000,5455.0000,5456.0000,5457.0000,2,2,1,2,3,1,1,1,1,1
SF,IC2012,2020-06-24 09:33:57.400,5453.2000,34769,0,427842560.000,0,-,-,-,-,5452.0000,5450.0000,5448.2000,5448.0000,5444.2000,5452.8000,5453.2000,5454.8000,5455.0000,5456.0000,2,2,1,2,3,1,1,1,1,1
SF,IC2012,2020-06-24 09:33:57.900,5452.8000,34769,0,428933120.000,1,0,1,多换,S,5452.0000,5450.0000,5448.2000,5448.0000,5444.2000,5453.2000,5454.8000,5455.0000,5456.0000,5457.0000,2,2,1,2,3,1,1,1,1,1
SF,IC2012,2020-06-24 09:33:59.400,5452.8000,34769,0,428933120.000,0,-,-,-,-,5452.0000,5450.0000,5448.2000,5448.0000,5444.2000,5452.8000,5453.2000,5454.8000,5455.0000,5456.0000,2,2,1,2,3,1,1,1,1,1
SF,IC2012,2020-06-24 09:34:00.900,5453.2000,34769,0,431114320.000,2,1,1,多换,S,5453.2000,5452.0000,5450.0000,5448.2000,5448.0000,5454.8000,5455.0000,5456.0000,5457.0000,5458.0000,3,2,2,1,2,1,1,1,1,3
SF,IC2012,2020-06-24 09:34:01.400,5453.2000,34769,0,434386240.000,3,1,2,多换,S,5452.0000,5450.0000,5448.2000,5448.0000,5444.2000,5454.6000,5454.8000,5455.0000,5456.0000,5457.0000,2,2,1,2,3,1,1,1,1,1
SF,IC2012,2020-06-24 09:34:01.900,5453.2000,34769,0,434386240.000,0,-,-,-,-,5452.2000,5452.0000,5450.0000,5448.2000,5448.0000,5454.4000,5454.6000,5454.8000,5455.0000,5456.0000,1,2,2,1,2,1,1,1,1,1
SF,IC2012,2020-06-24 09:34:02.400,5453.2000,34769,0,434386240.000,0,-,-,-,-,5452.2000,5452.0000,5450.0000,5448.2000,5448.0000,5454.2000,5454.4000,5454.8000,5455.0000,5456.0000,1,2,2,1,2,2,1,1,1,1
SF,IC2012,2020-06-24 09:34:02.900,5453.2000,34769,0,434386240.000,0,-,-,-,-,5452.2000,5452.0000,5450.0000,5448.2000,5448.0000,5454.2000,5454.4000,5454.8000,5455.0000,5456.0000,1,2,2,1,2,3,1,1,1,1
SF,IC2012,2020-06-24 09:34:03.400,5453.2000,34769,0,434386240.000,0,-,-,-,-,5452.2000,5452.0000,5451.8000,5450.0000,5448.2000,5454.0000,5454.2000,5454.4000,5454.8000,5455.0000,1,2,1,2,1,1,2,1,1,1
SF,IC2012,2020-06-24 09:34:03.900,5453.8000,34769,0,435477000.000,1,0,1,多换,S,5452.4000,5452.2000,5452.0000,5451.8000,5450.0000,5453.6000,5454.2000,5454.4000,5454.8000,5455.0000,1,1,2,1,2,1,1,1,1,1
SF,IC2012,2020-06-24 09:34:04.400,5453.8000,34769,0,435477000.000,0,-,-,-,-,5452.2000,5452.0000,5451.8000,5450.0000,5448.2000,5453.6000,5453.8000,5454.2000,5454.8000,5455.0000,1,2,1,2,1,1,1,1,1,2
SF,IC2012,2020-06-24 09:34:04.900,5453.8000,34769,0,435477000.000,0,-,-,-,-,5452.2000,5452.0000,5451.8000,5450.0000,5448.2000,5453.2000,5453.6000,5453.8000,5454.8000,5455.0000,1,2,1,2,1,1,2,1,1,2
SF,IC2012,2020-06-24 09:34:05.400,5453.8000,34769,0,435477000.000,0,-,-,-,-,5452.2000,5452.0000,5451.8000,5450.0000,5448.2000,5453.2000,5453.6000,5453.8000,5454.8000,5455.0000,1,2,1,2,1,1,1,1,1,2
SF,IC2012,2020-06-24 09:34:05.900,5452.2000,34768,-1,436567440.000,1,0,1,双平,S,5452.0000,5451.8000,5450.0000,5448.2000,5448.0000,5452.2000,5453.2000,5453.6000,5454.8000,5455.0000,2,1,2,1,2,1,1,1,1,2
SF,IC2012,2020-06-24 09:34:06.400,5452.2000,34767,-1,437657880.000,1,0,1,双平,S,5452.0000,5451.8000,5450.0000,5448.2000,5448.0000,5453.2000,5453.6000,5454.8000,5455.0000,5456.0000,2,1,2,1,2,1,1,1,2,1
SF,IC2012,2020-06-24 09:34:06.900,5452.2000,34767,0,437657880.000,0,-,-,-,-,5452.0000,5451.8000,5450.0000,5448.2000,5448.0000,5453.2000,5453.6000,5454.8000,5455.0000,5456.0000,2,1,2,1,2,1,1,1,2,1
SF,IC2012,2020-06-24 09:34:07.400,5452.2000,34767,0,437657880.000,0,-,-,-,-,5452.0000,5451.8000,5450.0000,5448.2000,5448.0000,5453.0000,5453.2000,5454.8000,5455.0000,5456.0000,2,1,2,1,2,1,1,1,2,1
SF,IC2012,2020-06-24 09:34:09.400,5452.2000,34767,0,437657880.000,0,-,-,-,-,5452.0000,5451.8000,5450.0000,5448.2000,5448.0000,5452.2000,5453.0000,5453.2000,5454.8000,5455.0000,2,1,2,1,2,1,1,1,1,2
SF,IC2012,2020-06-24 09:34:09.900,5453.2000,34764,-3,440929560.000,3,0,3,双平,S,5452.4000,5452.2000,5452.0000,5451.8000,5450.0000,5454.8000,5455.0000,5456.0000,5457.0000,5457.6000,2,1,2,1,2,1,2,1,1,1
SF,IC2012,2020-06-24 09:34:10.400,5453.2000,34764,0,440929560.000,0,-,-,-,-,5452.6000,5452.4000,5452.2000,5452.0000,5451.8000,5454.8000,5455.0000,5456.0000,5457.0000,5457.6000,1,1,1,2,1,1,2,1,1,1
SF,IC2012,2020-06-24 09:34:10.900,5453.2000,34764,0,440929560.000,0,-,-,-,-,5452.6000,5452.4000,5452.2000,5452.0000,5451.8000,5454.6000,5454.8000,5455.0000,5456.0000,5457.0000,2,1,1,2,1,1,1,2,1,1
SF,IC2012,2020-06-24 09:34:12.400,5452.6000,34762,-2,444201120.000,3,0,3,多平,S,5452.4000,5452.2000,5452.0000,5451.8000,5450.8000,5452.6000,5454.6000,5454.8000,5455.0000,5456.0000,1,1,2,1,1,1,1,1,2,1
SF,IC2012,2020-06-24 09:34:12.900,5454.6000,34760,-2,446382560.000,2,0,2,双平,S,5454.6000,5453.0000,5452.8000,5452.6000,5452.4000,5454.8000,5455.0000,5456.0000,5457.0000,5457.6000,1,1,1,1,1,1,2,1,1,1
SF,IC2012,2020-06-24 09:34:13.400,5454.6000,34759,-1,447473480.000,1,0,1,双平,S,5452.8000,5452.6000,5452.4000,5452.2000,5452.0000,5454.6000,5454.8000,5455.0000,5456.0000,5457.0000,1,1,1,1,2,2,1,2,1,1
SF,IC2012,2020-06-24 09:34:13.900,5454.6000,34759,0,447473480.000,0,-,-,-,-,5452.8000,5452.6000,5452.4000,5452.2000,5452.0000,5454.6000,5454.8000,5455.0000,5456.0000,5457.0000,1,1,1,1,2,1,1,2,1,1
SF,IC2012,2020-06-24 09:34:14.400,5454.6000,34759,0,447473480.000,0,-,-,-,-,5452.8000,5452.6000,5452.4000,5452.2000,5452.0000,5454.8000,5455.0000,5456.0000,5457.0000,5457.6000,1,1,1,1,2,1,2,1,1,1
SF,IC2012,2020-06-24 09:34:14.900,5454.6000,34759,0,447473480.000,0,-,-,-,-,5452.8000,5452.6000,5452.4000,5452.2000,5452.0000,5454.8000,5455.0000,5455.4000,5456.0000,5457.0000,1,1,1,1,2,1,2,1,1,1
SF,IC2012,2020-06-24 09:34:16.400,5454.6000,34759,0,447473480.000,0,-,-,-,-,5452.8000,5452.6000,5452.4000,5452.2000,5452.0000,5454.8000,5455.0000,5455.4000,5456.0000,5457.0000,1,1,1,1,1,1,2,1,1,1
SF,IC2012,2020-06-24 09:34:16.900,5454.6000,34759,0,447473480.000,0,-,-,-,-,5452.8000,5452.6000,5452.4000,5452.2000,5452.0000,5454.8000,5455.0000,5455.4000,5456.0000,5457.0000,1,1,1,1,1,2,2,1,1,1
SF,IC2012,2020-06-24 09:34:17.900,5454.8000,34758,-1,449655400.000,2,0,2,多平,S,5452.8000,5452.6000,5452.4000,5452.2000,5452.0000,5455.0000,5455.4000,5456.0000,5457.0000,5457.6000,1,1,1,1,1,2,1,1,1,1
SF,IC2012,2020-06-24 09:34:18.400,5454.8000,34758,0,449655400.000,0,-,-,-,-,5453.0000,5452.8000,5452.6000,5452.4000,5452.2000,5455.0000,5456.0000,5457.0000,5457.6000,5458.0000,1,1,1,1,1,2,1,1,1,3
SF,IC2012,2020-06-24 09:34:18.900,5454.8000,34758,0,449655400.000,0,-,-,-,-,5453.2000,5453.0000,5452.8000,5452.6000,5452.4000,5455.0000,5456.0000,5457.0000,5457.6000,5458.0000,2,1,2,1,1,2,1,1,1,3
SF,IC2012,2020-06-24 09:34:19.400,5454.8000,34758,0,449655400.000,0,-,-,-,-,5453.2000,5453.0000,5452.8000,5452.6000,5452.4000,5455.0000,5456.0000,5457.0000,5457.6000,5458.0000,3,1,1,1,1,2,1,1,1,3
SF,IC2012,2020-06-24 09:34:19.900,5454.8000,34758,0,449655400.000,0,-,-,-,-,5453.2000,5453.0000,5452.8000,5452.6000,5452.4000,5455.0000,5456.0000,5457.0000,5457.6000,5458.0000,1,1,1,1,1,2,1,1,1,3
SF,IC2012,2020-06-24 09:34:20.400,5455.0000,34759,1,450746400.000,1,1,0,双开,S,5453.4000,5453.2000,5453.0000,5452.8000,5452.6000,5455.0000,5456.0000,5457.0000,5457.6000,5458.0000,2,1,1,1,1,1,1,1,1,3
SF,IC2012,2020-06-24 09:34:20.900,5455.0000,34759,0,450746400.000,0,-,-,-,-,5453.4000,5453.2000,5453.0000,5452.8000,5452.6000,5454.8000,5455.0000,5456.0000,5457.0000,5458.0000,2,1,1,1,1,1,1,1,1,3
SF,IC2012,2020-06-24 09:34:22.900,5454.8000,34760,1,451837360.000,1,1,0,双开,S,5453.4000,5453.2000,5453.0000,5452.8000,5452.6000,5455.0000,5456.0000,5457.0000,5458.0000,5460.2000,2,1,1,1,1,1,1,1,3,1
SF,IC2012,2020-06-24 09:34:23.400,5453.4000,34758,-2,454019040.000,2,0,2,双平,S,5453.4000,5453.2000,5453.0000,5452.8000,5452.6000,5456.0000,5457.0000,5458.0000,5460.2000,5462.4000,1,1,1,1,1,1,1,3,1,1
SF,IC2012,2020-06-24 09:34:23.900,5453.4000,34758,0,454019040.000,0,-,-,-,-,5453.6000,5453.4000,5453.2000,5453.0000,5452.8000,5456.0000,5457.0000,5458.0000,5460.2000,5462.4000,1,1,1,1,1,1,1,3,1,1
SF,IC2012,2020-06-24 09:34:24.400,5453.4000,34758,0,454019040.000,0,-,-,-,-,5455.0000,5453.8000,5453.6000,5453.4000,5453.0000,5455.8000,5456.0000,5457.0000,5458.0000,5460.2000,1,2,1,1,1,1,1,1,3,1
SF,IC2012,2020-06-24 09:34:24.900,5453.4000,34758,0,454019040.000,0,-,-,-,-,5455.0000,5453.8000,5453.6000,5453.4000,5453.0000,5456.0000,5457.0000,5458.0000,5460.2000,5462.4000,1,2,2,1,1,1,1,3,1,1
SF,IC2012,2020-06-24 09:34:26.900,5455.0000,34757,-1,455110040.000,1,0,1,双平,S,5453.8000,5453.6000,5453.4000,5453.0000,5452.8000,5456.0000,5457.0000,5458.0000,5460.2000,5462.4000,2,2,1,1,1,1,1,3,1,1
SF,IC2012,2020-06-24 09:34:27.400,5455.0000,34757,0,455110040.000,0,-,-,-,-,5454.0000,5453.8000,5453.6000,5453.4000,5453.0000,5456.0000,5457.0000,5458.0000,5460.2000,5461.6000,1,2,2,1,1,1,1,3,1,1
SF,IC2012,2020-06-24 09:34:27.900,5455.0000,34757,0,455110040.000,0,-,-,-,-,5454.0000,5453.6000,5453.4000,5453.0000,5452.8000,5455.8000,5456.0000,5457.0000,5458.0000,5460.2000,1,2,1,1,1,1,1,1,3,1
SF,IC2012,2020-06-24 09:34:28.400,5455.0000,34757,0,455110040.000,0,-,-,-,-,5454.0000,5453.8000,5453.6000,5453.4000,5453.0000,5455.8000,5456.0000,5457.0000,5458.0000,5460.2000,1,1,2,1,1,1,1,1,3,1
SF,IC2012,2020-06-24 09:34:28.900,5455.0000,34757,0,455110040.000,0,-,-,-,-,5454.0000,5453.8000,5453.6000,5453.4000,5453.0000,5456.0000,5457.0000,5458.0000,5460.2000,5461.6000,1,1,2,1,1,1,1,3,1,1
SF,IC2012,2020-06-24 09:34:29.400,5455.0000,34757,0,455110040.000,0,-,-,-,-,5454.0000,5453.8000,5453.6000,5453.4000,5453.0000,5455.6000,5456.0000,5457.0000,5458.0000,5460.2000,1,1,2,1,1,1,1,1,3,1
SF,IC2012,2020-06-24 09:34:29.900,5455.0000,34757,0,455110040.000,0,-,-,-,-,5454.0000,5453.8000,5453.6000,5453.4000,5453.0000,5455.6000,5456.0000,5457.0000,5458.0000,5460.2000,1,1,1,1,1,1,2,1,3,1
SF,IC2012,2020-06-24 09:34:30.400,5455.0000,34757,0,455110040.000,0,-,-,-,-,5454.8000,5454.0000,5453.8000,5453.6000,5453.4000,5456.0000,5457.0000,5458.0000,5460.2000,5461.6000,1,1,1,1,1,2,1,3,1,1
SF,IC2012,2020-06-24 09:34:31.900,5455.0000,34757,0,455110040.000,0,-,-,-,-,5454.8000,5454.0000,5453.8000,5453.6000,5453.4000,5456.0000,5457.0000,5458.0000,5460.2000,5461.6000,1,1,1,1,1,3,1,3,1,1
SF,IC2012,2020-06-24 09:34:32.400,5456.0000,34758,1,456201240.000,1,1,0,双开,S,5454.8000,5454.0000,5453.8000,5453.6000,5453.4000,5456.0000,5457.0000,5458.0000,5460.2000,5461.6000,1,1,1,1,1,2,1,3,1,1
SF,IC2012,2020-06-24 09:34:32.900,5456.0000,34759,1,457292440.000,1,1,0,双开,S,5454.8000,5454.0000,5453.8000,5453.6000,5453.4000,5456.0000,5457.0000,5458.0000,5460.2000,5461.6000,1,1,1,1,1,2,1,3,1,1
SF,IC2012,2020-06-24 09:34:33.400,5456.0000,34759,0,458383640.000,1,0,1,多换,S,5455.0000,5454.8000,5454.0000,5453.8000,5453.6000,5456.0000,5457.0000,5458.0000,5460.2000,5461.6000,1,1,1,1,1,1,1,3,1,1
SF,IC2012,2020-06-24 09:34:33.900,5456.0000,34759,0,458383640.000,0,-,-,-,-,5455.2000,5455.0000,5454.8000,5454.0000,5453.8000,5456.0000,5457.0000,5458.0000,5460.2000,5461.6000,1,1,1,1,1,1,1,3,1,1
SF,IC2012,2020-06-24 09:34:34.400,5456.0000,34758,-1,459474840.000,1,0,1,双平,S,5455.2000,5455.0000,5454.8000,5454.0000,5453.8000,5457.0000,5458.0000,5460.2000,5461.6000,5462.4000,1,1,1,2,1,1,3,1,1,1
SF,IC2012,2020-06-24 09:34:35.400,5456.0000,34758,0,459474840.000,0,-,-,-,-,5455.2000,5455.0000,5454.0000,5453.8000,5453.6000,5457.0000,5458.0000,5460.2000,5461.6000,5462.4000,1,1,2,1,1,1,3,1,1,1
SF,IC2012,2020-06-24 09:34:35.900,5456.0000,34758,0,459474840.000,0,-,-,-,-,5456.2000,5455.2000,5455.0000,5454.0000,5453.8000,5457.0000,5458.0000,5460.2000,5461.6000,5462.4000,1,2,1,2,1,1,3,1,1,1
SF,IC2012,2020-06-24 09:34:36.400,5456.0000,34758,0,459474840.000,0,-,-,-,-,5456.2000,5455.4000,5455.2000,5455.0000,5454.0000,5457.0000,5458.0000,5460.2000,5461.6000,5462.4000,1,2,2,1,2,1,3,1,1,1
SF,IC2012,2020-06-24 09:34:39.400,5457.0000,34758,0,460566240.000,1,0,1,多换,S,5456.2000,5455.2000,5455.0000,5454.0000,5453.8000,5458.0000,5460.2000,5461.6000,5462.4000,5463.6000,1,2,1,2,1,3,1,1,1,8
SF,IC2012,2020-06-24 09:34:39.900,5457.0000,34758,0,460566240.000,0,-,-,-,-,5456.2000,5455.2000,5455.0000,5454.0000,5453.8000,5458.0000,5460.2000,5461.6000,5462.4000,5463.6000,1,2,1,2,1,3,1,1,1,8
SF,IC2012,2020-06-24 09:34:40.400,5456.2000,34757,-1,461657480.000,1,0,1,双平,S,5455.2000,5455.0000,5454.0000,5453.8000,5452.8000,5457.8000,5458.0000,5460.2000,5461.6000,5462.4000,2,1,1,1,1,1,3,1,1,1
SF,IC2012,2020-06-24 09:34:40.900,5456.2000,34757,0,461657480.000,0,-,-,-,-,5456.4000,5455.2000,5455.0000,5454.0000,5453.8000,5457.6000,5458.0000,5460.2000,5461.6000,5462.4000,2,1,1,1,1,1,3,1,1,1
SF,IC2012,2020-06-24 09:34:41.400,5456.2000,34757,0,461657480.000,0,-,-,-,-,5457.6000,5455.0000,5454.0000,5453.8000,5452.8000,5458.0000,5460.2000,5461.6000,5462.4000,5463.6000,1,1,1,1,1,3,1,1,1,8
SF,IC2012,2020-06-24 09:34:41.900,5457.6000,34757,0,462749000.000,1,0,1,多换,S,5455.0000,5454.2000,5454.0000,5453.8000,5452.8000,5457.8000,5458.0000,5460.2000,5461.6000,5462.4000,1,2,1,1,1,1,3,1,1,1
SF,IC2012,2020-06-24 09:34:42.400,5457.6000,34757,0,463840520.000,1,0,1,多换,S,5455.2000,5455.0000,5454.2000,5454.0000,5453.8000,5457.8000,5458.0000,5460.2000,5461.6000,5462.4000,2,1,2,1,1,1,3,1,1,1
SF,IC2012,2020-06-24 09:34:42.900,5457.6000,34757,0,463840520.000,0,-,-,-,-,5455.2000,5455.0000,5454.2000,5454.0000,5453.8000,5457.8000,5458.0000,5460.2000,5461.6000,5462.4000,2,1,2,1,1,1,3,1,1,1
SF,IC2012,2020-06-24 09:34:43.400,5457.6000,34757,0,463840520.000,0,-,-,-,-,5455.4000,5455.2000,5455.0000,5454.0000,5453.8000,5457.8000,5458.0000,5460.2000,5461.6000,5462.4000,1,2,1,1,1,1,3,1,1,1
SF,IC2012,2020-06-24 09:34:43.900,5457.6000,34757,0,463840520.000,0,-,-,-,-,5455.8000,5455.6000,5455.4000,5455.2000,5455.0000,5457.8000,5458.0000,5460.2000,5461.6000,5462.4000,1,2,1,2,1,1,3,1,1,1
