市场代码,合约代码,时间,最新,持仓,增仓,成交额,成交量,开仓,平仓,成交类型,方向,买一价,买二价,买三价,买四价,买五价,卖一价,卖二价,卖三价,卖四价,卖五价,买一量,买二量,买三量,买四量,买五量,卖一量,卖二量,卖三量,卖四量,卖五量
SF,IC2012,2020-05-11 09:29:00.100,5172.0000,10459,0,10344000.000,10.000,-,-,-,-,5160.0000,5145.0000,5144.2000,5134.6000,5132.4000,5172.0000,5179.8000,5184.0000,5185.0000,5194.4000,1,1,2,1,1,6,1,5,1,2
SF,IC2012,2020-05-11 09:30:00.100,5145.0000,10461,2,12405000.000,2,2,0,双开,S,5144.2000,5144.0000,5134.6000,5132.4000,5132.0000,5150.0000,5150.6000,5151.8000,5155.0000,5159.6000,2,4,1,1,1,2,1,1,1,13
SF,IC2012,2020-05-11 09:30:00.600,5150.0000,10462,1,15495000.000,3,2,1,空开,S,5144.4000,5144.2000,5144.0000,5134.6000,5132.4000,5149.8000,5150.6000,5151.8000,5155.0000,5159.6000,2,3,4,1,1,2,1,1,1,1
SF,IC2012,2020-05-11 09:30:01.100,5150.0000,10462,0,15495000.000,0,-,-,-,-,5144.6000,5144.4000,5144.2000,5144.0000,5134.6000,5149.8000,5150.6000,5151.8000,5155.0000,5159.6000,7,2,3,4,1,1,1,1,1,1
SF,IC2012,2020-05-11 09:30:01.600,5150.0000,10462,0,15495000.000,0,-,-,-,-,5144.8000,5144.6000,5144.4000,5144.2000,5144.0000,5149.8000,5150.6000,5151.8000,5155.0000,5159.6000,5,7,1,3,4,1,1,1,1,1
SF,IC2012,2020-05-11 09:30:02.100,5150.0000,10462,0,15495000.000,0,-,-,-,-,5145.2000,5145.0000,5144.8000,5144.4000,5144.2000,5149.8000,5150.6000,5155.0000,5159.6000,5159.8000,6,1,5,1,3,1,1,1,1,3
SF,IC2012,2020-05-11 09:30:02.600,5150.0000,10462,0,15495000.000,0,-,-,-,-,5145.4000,5144.8000,5144.4000,5144.2000,5134.6000,5149.8000,5150.6000,5155.0000,5159.6000,5159.8000,3,4,1,3,1,1,1,1,1,3
SF,IC2012,2020-05-11 09:30:03.100,5150.0000,10462,0,15495000.000,0,-,-,-,-,5145.6000,5145.4000,5144.8000,5144.4000,5144.2000,5149.8000,5150.6000,5155.0000,5159.6000,5159.8000,6,3,4,1,3,1,1,1,1,3
SF,IC2012,2020-05-11 09:30:03.600,5150.0000,10462,0,15495000.000,0,-,-,-,-,5145.8000,5145.6000,5145.4000,5144.8000,5144.4000,5149.8000,5150.6000,5155.0000,5159.6000,5159.8000,6,6,1,4,1,1,1,1,1,3
SF,IC2012,2020-05-11 09:30:04.100,5150.0000,10462,0,15495000.000,0,-,-,-,-,5146.0000,5145.8000,5145.4000,5144.8000,5144.4000,5149.8000,5150.6000,5155.0000,5159.6000,5159.8000,6,6,1,4,1,1,1,1,1,3
SF,IC2012,2020-05-11 09:30:04.600,5150.6000,10460,-2,17555080.000,2,0,2,双平,S,5149.8000,5146.2000,5146.0000,5145.8000,5145.4000,5155.0000,5159.6000,5159.8000,5160.0000,5169.4000,1,6,6,4,1,1,1,3,3,1
SF,IC2012,2020-05-11 09:30:05.100,5150.0000,10460,0,19615080.000,2,1,1,多换,S,5150.0000,5149.8000,5146.2000,5146.0000,5145.8000,5153.0000,5155.0000,5159.6000,5159.8000,5160.0000,1,1,5,6,4,1,1,1,3,3
SF,IC2012,2020-05-11 09:30:05.600,5150.0000,10460,0,19615080.000,0,-,-,-,-,5150.0000,5149.8000,5146.2000,5146.0000,5145.8000,5153.0000,5155.0000,5159.6000,5159.8000,5160.0000,1,1,5,6,4,1,1,1,3,3
SF,IC2012,2020-05-11 09:30:06.100,5149.8000,10464,4,23735040.000,4,4,0,双开,S,5146.2000,5146.0000,5145.8000,5145.4000,5144.8000,5149.6000,5149.8000,5150.0000,5153.0000,5155.0000,5,6,4,1,4,4,1,1,1,1
SF,IC2012,2020-05-11 09:30:06.600,5149.8000,10464,0,28884680.000,5,2,3,多换,S,5146.6000,5146.2000,5145.8000,5145.4000,5144.8000,5150.0000,5153.0000,5155.0000,5159.6000,5159.8000,6,4,4,1,4,2,1,1,1,3
SF,IC2012,2020-05-11 09:30:07.100,5149.8000,10464,0,28884680.000,0,-,-,-,-,5146.8000,5146.6000,5146.2000,5145.8000,5145.4000,5150.0000,5153.0000,5153.6000,5155.0000,5159.8000,2,6,4,4,1,4,1,1,1,3
SF,IC2012,2020-05-11 09:30:07.600,5149.8000,10464,0,28884680.000,0,-,-,-,-,5147.2000,5146.8000,5146.2000,5145.8000,5145.4000,5150.0000,5153.0000,5153.2000,5153.6000,5155.0000,6,2,4,4,1,5,1,1,1,1
SF,IC2012,2020-05-11 09:30:08.100,5149.8000,10464,0,28884680.000,0,-,-,-,-,5147.4000,5147.2000,5146.8000,5146.2000,5145.8000,5150.0000,5153.2000,5153.6000,5155.0000,5159.8000,4,6,2,4,4,6,1,1,1,3
SF,IC2012,2020-05-11 09:30:08.600,5150.0000,10465,1,31974680.000,3,2,1,空开,S,5147.8000,5146.8000,5146.2000,5145.8000,5145.4000,5150.0000,5153.2000,5153.6000,5155.0000,5159.8000,6,2,4,4,1,5,1,1,1,3
SF,IC2012,2020-05-11 09:30:09.100,5150.0000,10466,1,33004680.000,1,1,0,双开,S,5147.8000,5147.6000,5146.8000,5146.2000,5145.8000,5150.0000,5153.2000,5153.6000,5155.0000,5159.8000,6,1,2,4,4,5,1,1,1,3
SF,IC2012,2020-05-11 09:30:09.600,5150.0000,10468,2,36094680.000,3,2,1,空开,S,5148.2000,5147.8000,5147.6000,5146.8000,5146.2000,5150.0000,5153.2000,5155.0000,5159.8000,5160.0000,1,6,1,2,4,2,1,1,3,1
SF,IC2012,2020-05-11 09:30:10.100,5150.0000,10468,0,36094680.000,0,-,-,-,-,5148.6000,5148.4000,5148.2000,5148.0000,5147.6000,5150.0000,5153.2000,5155.0000,5159.8000,5160.0000,6,5,1,4,1,3,1,1,3,1
SF,IC2012,2020-05-11 09:30:10.600,5150.0000,10468,0,36094680.000,0,-,-,-,-,5148.8000,5148.6000,5148.4000,5148.2000,5148.0000,5150.0000,5153.2000,5155.0000,5159.8000,5160.0000,4,6,5,1,4,3,1,1,3,1
SF,IC2012,2020-05-11 09:30:11.100,5150.0000,10468,0,37124680.000,1,0,1,多换,S,5149.0000,5148.8000,5148.4000,5148.2000,5148.0000,5150.0000,5153.2000,5155.0000,5159.8000,5160.0000,6,4,5,1,4,3,1,1,3,1
SF,IC2012,2020-05-11 09:30:11.600,5150.0000,10469,1,38154680.000,1,1,0,双开,S,5149.2000,5149.0000,5148.8000,5148.4000,5148.2000,5150.0000,5153.2000,5155.0000,5159.8000,5160.0000,2,7,4,5,1,2,1,1,3,1
SF,IC2012,2020-05-11 09:30:12.100,5149.6000,10468,-1,40214600.000,2,0,2,多平,S,5149.6000,5149.2000,5149.0000,5148.8000,5148.4000,5150.0000,5153.2000,5155.0000,5159.8000,5160.0000,5,2,1,4,5,2,1,1,3,1
SF,IC2012,2020-05-11 09:30:12.600,5150.0000,10470,2,42274440.000,2,2,0,双开,S,5149.2000,5149.0000,5148.8000,5148.4000,5148.0000,5150.0000,5153.2000,5155.0000,5159.8000,5160.0000,1,1,4,5,4,1,1,1,3,1
SF,IC2012,2020-05-11 09:30:13.100,5149.2000,10470,0,43304280.000,1,0,1,多换,S,5149.0000,5148.8000,5148.4000,5148.0000,5147.6000,5149.2000,5150.0000,5153.2000,5155.0000,5159.8000,1,4,5,4,1,1,1,1,1,3
SF,IC2012,2020-05-11 09:30:13.600,5148.8000,10472,2,49482960.000,6,4,2,空开,S,5148.4000,5144.2000,5130.0000,5126.0000,5120.0000,5148.8000,5150.0000,5153.2000,5155.0000,5159.8000,1,3,1,5,2,1,1,1,1,3
SF,IC2012,2020-05-11 09:30:14.100,5148.4000,10471,-1,50512640.000,1,0,1,双平,S,5144.2000,5130.0000,5126.0000,5120.0000,5119.8000,5148.2000,5148.4000,5148.8000,5150.0000,5155.0000,3,1,5,2,3,2,1,1,1,1
SF,IC2012,2020-05-11 09:30:14.600,5148.4000,10471,0,51542320.000,1,0,1,多换,S,5144.6000,5144.2000,5130.0000,5126.0000,5120.0000,5148.2000,5148.4000,5148.8000,5150.0000,5155.0000,5,3,1,5,2,1,1,1,1,1
SF,IC2012,2020-05-11 09:30:15.100,5148.4000,10470,-1,52572000.000,1,0,1,双平,S,5145.4000,5144.6000,5144.2000,5130.0000,5126.0000,5148.0000,5148.8000,5150.0000,5155.0000,5159.8000,1,5,3,1,5,1,1,1,1,3
SF,IC2012,2020-05-11 09:30:15.600,5148.0000,10469,-1,53601600.000,1,0,1,双平,S,5148.2000,5145.8000,5145.6000,5145.4000,5145.0000,5148.8000,5150.0000,5151.6000,5155.0000,5159.8000,1,5,1,1,1,1,1,1,1,3
SF,IC2012,2020-05-11 09:30:16.100,5148.2000,10468,-1,54631240.000,1,0,1,双平,S,5146.2000,5145.8000,5145.6000,5145.4000,5145.0000,5148.8000,5150.0000,5151.6000,5155.0000,5159.8000,1,5,1,1,1,1,1,1,1,3
SF,IC2012,2020-05-11 09:30:16.600,5148.2000,10468,0,54631240.000,0,-,-,-,-,5146.4000,5146.2000,5145.4000,5145.0000,5144.2000,5148.6000,5148.8000,5150.0000,5151.6000,5155.0000,5,1,1,1,3,1,1,1,1,1
SF,IC2012,2020-05-11 09:30:17.100,5148.2000,10468,0,54631240.000,0,-,-,-,-,5146.4000,5146.2000,5145.4000,5145.0000,5144.2000,5148.6000,5148.8000,5150.0000,5151.6000,5155.0000,5,1,1,1,3,1,1,1,1,1
SF,IC2012,2020-05-11 09:30:17.600,5146.2000,10468,0,55660480.000,1,0,1,多换,S,5145.4000,5144.2000,5130.0000,5126.0000,5120.0000,5148.6000,5148.8000,5150.0000,5151.6000,5155.0000,1,3,1,5,2,1,1,2,1,1
SF,IC2012,2020-05-11 09:30:18.100,5146.2000,10468,0,55660480.000,0,-,-,-,-,5147.2000,5146.8000,5145.4000,5144.2000,5130.0000,5148.8000,5150.0000,5151.6000,5155.0000,5159.8000,1,5,1,3,1,1,2,1,1,3
SF,IC2012,2020-05-11 09:30:18.600,5146.2000,10468,0,55660480.000,0,-,-,-,-,5147.2000,5146.8000,5145.4000,5144.2000,5130.0000,5148.8000,5150.0000,5151.6000,5155.0000,5159.8000,1,5,1,3,1,1,2,1,1,3
SF,IC2012,2020-05-11 09:30:19.100,5146.2000,10468,0,55660480.000,0,-,-,-,-,5147.4000,5147.2000,5145.4000,5144.2000,5130.0000,5148.8000,5150.0000,5151.6000,5155.0000,5159.8000,6,1,1,3,1,1,2,1,1,3
SF,IC2012,2020-05-11 09:30:19.600,5146.4000,10469,1,60806880.000,5,3,2,空开,S,5147.4000,5147.2000,5145.4000,5144.2000,5130.0000,5148.8000,5150.0000,5151.6000,5155.0000,5159.8000,1,1,1,3,1,1,2,1,1,3
SF,IC2012,2020-05-11 09:30:20.100,5146.4000,10469,0,60806880.000,0,-,-,-,-,5147.4000,5147.2000,5145.6000,5145.4000,5145.2000,5148.8000,5150.0000,5151.6000,5155.0000,5159.8000,1,1,1,1,1,1,2,1,1,3
SF,IC2012,2020-05-11 09:30:20.600,5148.8000,10469,0,61836640.000,1,0,1,多换,S,5147.4000,5147.2000,5146.6000,5145.4000,5145.2000,5150.0000,5151.6000,5155.0000,5159.8000,5169.4000,1,1,1,1,1,2,1,1,3,1
SF,IC2012,2020-05-11 09:30:21.100,5148.8000,10469,0,61836640.000,0,-,-,-,-,5148.8000,5147.6000,5147.4000,5147.2000,5146.6000,5150.0000,5151.6000,5155.0000,5159.6000,5159.8000,1,1,1,1,1,2,1,1,2,3
SF,IC2012,2020-05-11 09:30:21.600,5148.8000,10469,0,61836640.000,0,-,-,-,-,5149.2000,5148.8000,5147.6000,5147.2000,5146.6000,5150.0000,5151.6000,5155.0000,5159.6000,5159.8000,1,1,1,1,1,2,1,1,2,3
SF,IC2012,2020-05-11 09:30:22.100,5147.6000,10469,0,63895920.000,2,1,1,多换,S,5147.2000,5146.6000,5145.8000,5145.2000,5144.2000,5147.4000,5150.0000,5151.6000,5155.0000,5159.6000,1,1,1,1,3,1,2,1,1,2
SF,IC2012,2020-05-11 09:30:22.600,5147.4000,10468,-1,64925400.000,1,0,1,双平,S,5149.2000,5147.6000,5147.2000,5146.6000,5145.8000,5150.0000,5151.6000,5155.0000,5159.6000,5159.8000,1,12,1,1,1,2,1,1,2,3
SF,IC2012,2020-05-11 09:30:23.100,5149.2000,10467,-1,65955240.000,1,0,1,双平,S,5147.6000,5147.4000,5147.2000,5145.8000,5144.2000,5150.0000,5151.6000,5155.0000,5159.6000,5159.8000,12,1,1,1,3,2,1,1,2,3
SF,IC2012,2020-05-11 09:30:23.600,5149.2000,10467,0,65955240.000,0,-,-,-,-,5147.8000,5147.6000,5147.4000,5147.2000,5145.8000,5149.8000,5150.0000,5151.6000,5155.0000,5159.6000,1,13,1,1,1,3,2,1,1,2
SF,IC2012,2020-05-11 09:30:24.600,5149.2000,10467,0,65955240.000,0,-,-,-,-,5147.8000,5147.6000,5147.2000,5145.8000,5144.2000,5148.8000,5149.8000,5150.0000,5151.6000,5155.0000,1,12,1,1,3,1,3,2,1,1
SF,IC2012,2020-05-11 09:30:25.100,5149.2000,10466,-1,66985080.000,1,0,1,双平,S,5147.8000,5147.6000,5147.2000,5146.4000,5145.8000,5150.0000,5151.6000,5155.0000,5159.6000,5159.8000,1,12,1,1,1,2,1,1,2,3
SF,IC2012,2020-05-11 09:30:25.600,5149.2000,10466,0,66985080.000,0,-,-,-,-,5148.0000,5147.8000,5147.6000,5147.2000,5146.4000,5150.0000,5151.6000,5155.0000,5159.6000,5159.8000,1,1,12,1,1,2,1,1,2,3
SF,IC2012,2020-05-11 09:30:26.100,5148.0000,10466,0,69044680.000,2,1,1,多换,S,5147.8000,5147.6000,5147.2000,5146.4000,5145.8000,5149.8000,5150.0000,5151.6000,5155.0000,5159.6000,1,12,1,1,1,1,1,1,1,2
SF,IC2012,2020-05-11 09:30:26.600,5149.8000,10465,-1,70074640.000,1,0,1,双平,S,5147.8000,5147.6000,5147.2000,5146.4000,5145.8000,5150.0000,5151.6000,5155.0000,5159.6000,5159.8000,1,12,1,1,1,1,1,1,2,3
SF,IC2012,2020-05-11 09:30:27.100,5150.0000,10465,0,71104640.000,1,0,1,多换,S,5147.8000,5147.6000,5147.2000,5146.4000,5145.8000,5151.6000,5155.0000,5159.6000,5159.8000,5165.8000,1,12,1,1,1,1,1,2,3,1
SF,IC2012,2020-05-11 09:30:27.600,5150.0000,10465,0,71104640.000,0,-,-,-,-,5150.0000,5147.8000,5147.6000,5147.2000,5146.4000,5151.6000,5155.0000,5159.6000,5159.8000,5165.8000,1,1,12,1,1,1,1,2,3,1
SF,IC2012,2020-05-11 09:30:28.100,5150.0000,10465,0,72134640.000,1,0,1,多换,S,5147.8000,5147.6000,5147.2000,5146.4000,5145.8000,5151.6000,5155.0000,5159.6000,5159.8000,5165.8000,1,12,1,1,1,1,1,2,3,1
SF,IC2012,2020-05-11 09:30:28.600,5150.0000,10465,0,72134640.000,0,-,-,-,-,5147.8000,5147.6000,5147.2000,5145.8000,5144.2000,5151.4000,5151.6000,5155.0000,5159.6000,5165.8000,1,12,1,1,3,1,1,1,2,1
SF,IC2012,2020-05-11 09:30:30.100,5150.0000,10465,0,72134640.000,0,-,-,-,-,5147.8000,5147.6000,5147.2000,5144.2000,5142.0000,5151.6000,5155.0000,5159.6000,5165.8000,5166.0000,1,12,1,3,1,1,1,2,1,1
SF,IC2012,2020-05-11 09:30:30.600,5150.0000,10465,0,72134640.000,0,-,-,-,-,5147.8000,5147.6000,5147.2000,5144.2000,5142.0000,5151.4000,5151.6000,5155.0000,5159.6000,5165.8000,1,12,1,2,1,1,1,1,2,1
SF,IC2012,2020-05-11 09:30:31.100,5150.0000,10465,0,72134640.000,0,-,-,-,-,5147.8000,5147.6000,5147.2000,5144.2000,5142.0000,5151.4000,5151.6000,5155.0000,5159.6000,5165.8000,2,12,1,2,1,1,1,1,2,1
SF,IC2012,2020-05-11 09:30:31.600,5151.4000,10465,0,73164920.000,1,0,1,多换,S,5147.8000,5147.6000,5147.2000,5144.2000,5142.0000,5151.4000,5151.6000,5155.0000,5159.6000,5165.8000,2,12,1,2,1,6,1,1,2,1
SF,IC2012,2020-05-11 09:30:32.100,5151.4000,10465,0,73164920.000,0,-,-,-,-,5148.0000,5147.8000,5147.6000,5147.2000,5144.2000,5151.4000,5151.6000,5155.0000,5159.6000,5165.8000,1,2,12,1,2,6,1,1,2,1
SF,IC2012,2020-05-11 09:30:33.100,5151.4000,10465,0,74195200.000,1,0,1,多换,S,5148.0000,5147.8000,5147.6000,5147.2000,5144.2000,5151.4000,5151.6000,5155.0000,5159.6000,5165.8000,1,2,12,1,2,5,1,1,2,1
SF,IC2012,2020-05-11 09:30:33.600,5151.4000,10465,0,74195200.000,0,-,-,-,-,5148.0000,5147.8000,5147.6000,5147.2000,5142.0000,5150.0000,5151.4000,5151.6000,5159.6000,5165.8000,2,2,12,1,1,1,5,1,2,1
SF,IC2012,2020-05-11 09:30:34.100,5150.2000,10464,-1,75225240.000,1,0,1,双平,S,5148.0000,5147.8000,5147.6000,5147.2000,5142.0000,5150.0000,5151.4000,5151.6000,5159.6000,5165.8000,2,1,12,1,1,1,5,1,2,1
SF,IC2012,2020-05-11 09:30:34.600,5150.2000,10464,0,75225240.000,0,-,-,-,-,5148.0000,5147.8000,5147.6000,5147.2000,5142.0000,5150.0000,5151.4000,5151.6000,5159.6000,5165.8000,2,1,12,1,1,1,5,1,2,1
SF,IC2012,2020-05-11 09:30:35.100,5150.2000,10464,0,76255280.000,1,0,1,多换,S,5148.0000,5147.8000,5147.6000,5147.2000,5142.0000,5151.4000,5151.6000,5159.6000,5165.8000,5166.0000,2,1,12,1,1,5,1,2,1,1
SF,IC2012,2020-05-11 09:30:35.600,5151.4000,10465,1,77285560.000,1,1,0,双开,S,5150.0000,5148.0000,5147.8000,5147.6000,5142.0000,5151.4000,5151.6000,5159.6000,5165.8000,5166.0000,1,2,1,12,1,4,1,2,1,1
SF,IC2012,2020-05-11 09:30:36.600,5150.0000,10466,1,78315560.000,1,1,0,双开,S,5148.0000,5147.8000,5147.6000,5142.0000,5130.0000,5151.4000,5151.6000,5152.0000,5159.6000,5165.8000,2,1,12,1,1,4,1,1,2,1
SF,IC2012,2020-05-11 09:30:37.100,5150.0000,10466,0,79345560.000,1,0,1,多换,S,5148.0000,5147.8000,5147.6000,5142.0000,5130.0000,5151.4000,5151.6000,5152.0000,5159.6000,5165.8000,2,1,12,1,1,5,1,1,2,1
SF,IC2012,2020-05-11 09:30:37.600,5150.0000,10466,0,79345560.000,0,-,-,-,-,5148.0000,5147.8000,5147.6000,5142.0000,5130.0000,5150.0000,5151.4000,5151.6000,5152.0000,5159.6000,2,1,12,1,1,1,5,1,1,2
SF,IC2012,2020-05-11 09:30:38.600,5151.4000,10467,1,81405840.000,2,1,1,空开,S,5148.0000,5147.8000,5147.6000,5142.0000,5130.0000,5150.0000,5151.4000,5151.6000,5152.0000,5159.6000,2,1,12,1,1,1,4,1,1,2
SF,IC2012,2020-05-11 09:30:39.100,5151.4000,10467,0,81405840.000,0,-,-,-,-,5148.0000,5147.8000,5147.6000,5142.0000,5130.0000,5150.0000,5151.4000,5151.6000,5152.0000,5159.6000,2,1,12,1,1,2,4,1,1,2
SF,IC2012,2020-05-11 09:30:39.600,5151.4000,10467,0,81405840.000,0,-,-,-,-,5148.0000,5147.8000,5147.6000,5142.0000,5130.0000,5150.0000,5151.4000,5151.6000,5152.0000,5159.6000,2,1,12,1,1,4,4,1,1,2
SF,IC2012,2020-05-11 09:30:40.100,5150.4000,10467,0,82435920.000,1,0,1,多换,S,5148.2000,5148.0000,5147.8000,5147.6000,5142.0000,5150.0000,5151.4000,5151.6000,5152.0000,5159.6000,2,2,1,12,1,3,4,1,1,2
SF,IC2012,2020-05-11 09:30:40.600,5150.4000,10467,0,82435920.000,0,-,-,-,-,5148.2000,5148.0000,5147.8000,5147.6000,5142.0000,5150.0000,5151.4000,5151.6000,5152.0000,5159.6000,2,2,1,12,1,4,4,1,1,2
SF,IC2012,2020-05-11 09:30:41.100,5150.4000,10467,0,82435920.000,0,-,-,-,-,5148.2000,5148.0000,5147.8000,5147.6000,5142.0000,5150.0000,5151.4000,5151.6000,5152.0000,5159.6000,2,4,1,12,1,4,4,1,1,2
SF,IC2012,2020-05-11 09:30:41.600,5150.4000,10467,0,83466000.000,1,0,1,多换,S,5148.2000,5148.0000,5147.8000,5147.6000,5146.2000,5150.0000,5151.4000,5151.6000,5152.0000,5159.6000,2,3,1,12,1,4,4,1,1,2
SF,IC2012,2020-05-11 09:30:42.100,5150.0000,10467,0,86556000.000,3,1,2,多换,S,5148.2000,5148.0000,5147.8000,5147.6000,5146.2000,5150.0000,5151.4000,5151.6000,5152.0000,5159.6000,2,3,1,12,1,1,4,1,1,2
SF,IC2012,2020-05-11 09:30:42.600,5150.0000,10467,0,87586000.000,1,0,1,多换,S,5148.4000,5148.2000,5148.0000,5147.8000,5147.6000,5151.4000,5151.6000,5152.0000,5159.6000,5165.8000,1,2,3,1,12,4,1,1,2,1
SF,IC2012,2020-05-11 09:30:43.100,5150.0000,10467,0,87586000.000,0,-,-,-,-,5150.0000,5148.4000,5148.2000,5148.0000,5147.8000,5151.4000,5151.6000,5152.0000,5159.6000,5165.8000,1,1,2,3,1,4,1,1,2,1
SF,IC2012,2020-05-11 09:30:43.600,5150.0000,10466,-1,89646000.000,2,0,2,多平,S,5148.2000,5148.0000,5147.8000,5147.6000,5146.2000,5151.4000,5151.6000,5152.0000,5159.6000,5165.8000,2,3,1,12,1,4,1,1,2,1
SF,IC2012,2020-05-11 09:30:44.100,5149.0000,10466,0,90675800.000,1,0,1,多换,S,5148.2000,5148.0000,5147.8000,5147.6000,5146.2000,5151.4000,5151.6000,5152.0000,5159.6000,5165.8000,3,3,1,12,1,5,1,1,2,1
SF,IC2012,2020-05-11 09:30:44.600,5149.0000,10466,0,90675800.000,0,-,-,-,-,5148.4000,5148.2000,5148.0000,5147.8000,5147.6000,5151.0000,5151.4000,5151.6000,5152.0000,5159.6000,1,3,3,1,12,1,5,1,1,2
SF,IC2012,2020-05-11 09:30:45.100,5151.0000,10465,-1,91706000.000,1,0,1,双平,S,5148.4000,5148.2000,5148.0000,5147.8000,5147.6000,5151.4000,5151.6000,5152.0000,5159.6000,5165.8000,1,3,4,1,12,5,1,1,2,1
SF,IC2012,2020-05-11 09:30:45.600,5151.0000,10465,0,91706000.000,0,-,-,-,-,5151.0000,5148.4000,5148.2000,5148.0000,5147.8000,5151.4000,5151.6000,5152.0000,5159.6000,5165.8000,1,1,3,4,1,5,1,1,2,1
SF,IC2012,2020-05-11 09:30:46.100,5151.0000,10465,0,92736200.000,1,0,1,多换,S,5148.4000,5148.2000,5148.0000,5147.8000,5147.6000,5150.8000,5151.4000,5151.6000,5152.0000,5159.6000,2,3,4,1,12,2,5,1,1,2
SF,IC2012,2020-05-11 09:30:46.600,5151.0000,10465,0,92736200.000,0,-,-,-,-,5149.0000,5148.4000,5148.2000,5148.0000,5147.8000,5151.4000,5151.6000,5152.0000,5159.6000,5165.8000,1,2,3,4,1,5,1,1,2,1
SF,IC2012,2020-05-11 09:30:47.100,5151.0000,10465,0,92736200.000,0,-,-,-,-,5151.2000,5149.0000,5148.4000,5148.2000,5148.0000,5151.4000,5151.6000,5152.0000,5159.6000,5165.8000,1,1,2,3,2,5,1,1,2,1
SF,IC2012,2020-05-11 09:30:47.600,5151.2000,10464,-1,93766440.000,1,0,1,双平,S,5149.0000,5148.4000,5148.2000,5148.0000,5147.8000,5151.4000,5151.6000,5152.0000,5159.6000,5165.8000,1,3,3,2,1,5,1,1,2,1
SF,IC2012,2020-05-11 09:30:48.600,5151.4000,10464,0,94796720.000,1,0,1,多换,S,5149.0000,5148.4000,5148.2000,5148.0000,5147.8000,5151.4000,5151.6000,5152.0000,5159.6000,5165.8000,1,2,3,2,1,4,1,1,2,1
SF,IC2012,2020-05-11 09:30:49.100,5151.4000,10464,0,96857280.000,2,1,1,多换,S,5149.2000,5149.0000,5148.4000,5148.2000,5148.0000,5151.4000,5151.6000,5152.0000,5159.6000,5165.8000,1,1,2,3,2,2,1,1,2,1
SF,IC2012,2020-05-11 09:30:49.600,5151.4000,10464,0,96857280.000,0,-,-,-,-,5149.6000,5149.2000,5149.0000,5148.4000,5148.2000,5151.4000,5151.6000,5152.0000,5159.6000,5165.8000,1,1,1,2,3,2,1,1,2,1
SF,IC2012,2020-05-11 09:30:50.100,5149.6000,10463,-1,97887200.000,1,0,1,双平,S,5149.2000,5149.0000,5148.4000,5148.2000,5148.0000,5151.4000,5151.6000,5152.0000,5159.6000,5165.8000,1,1,2,3,2,2,1,1,2,1
SF,IC2012,2020-05-11 09:30:50.600,5151.6000,10463,0,100978080.000,3,1,2,多换,S,5151.4000,5149.2000,5148.2000,5148.0000,5147.8000,5152.0000,5159.6000,5165.8000,5166.0000,5169.4000,4,3,3,2,1,1,2,1,1,1
SF,IC2012,2020-05-11 09:30:51.100,5151.4000,10462,-1,105099200.000,4,1,3,多平,S,5149.2000,5148.2000,5148.0000,5147.8000,5147.6000,5152.0000,5159.6000,5165.8000,5166.0000,5169.4000,2,3,2,1,12,1,2,1,1,1
SF,IC2012,2020-05-11 09:30:51.600,5152.0000,10461,-1,106129600.000,1,0,1,双平,S,5149.6000,5149.4000,5149.2000,5148.2000,5148.0000,5159.6000,5165.8000,5166.0000,5169.4000,5169.6000,1,1,3,3,2,2,1,1,1,1
SF,IC2012,2020-05-11 09:30:52.100,5149.8000,10460,-1,107159560.000,1,0,1,双平,S,5149.2000,5148.2000,5148.0000,5147.8000,5147.6000,5152.0000,5158.4000,5159.2000,5159.4000,5159.6000,3,3,2,1,12,1,1,2,3,2
SF,IC2012,2020-05-11 09:30:52.600,5152.0000,10460,0,108189960.000,1,0,1,多换,S,5152.4000,5150.2000,5150.0000,5149.2000,5148.2000,5158.4000,5159.2000,5159.4000,5159.6000,5165.8000,1,1,1,3,3,1,2,3,2,1
SF,IC2012,2020-05-11 09:30:53.100,5152.4000,10459,-1,109220440.000,1,0,1,双平,S,5152.0000,5150.2000,5150.0000,5149.8000,5149.2000,5157.0000,5158.0000,5158.2000,5158.4000,5159.2000,1,2,1,1,3,1,1,4,1,1
SF,IC2012,2020-05-11 09:30:53.600,5152.0000,10459,0,110250840.000,1,0,1,多换,S,5150.2000,5150.0000,5149.8000,5149.2000,5148.2000,5156.8000,5157.0000,5158.0000,5158.2000,5158.4000,2,1,1,3,3,2,1,1,5,1
SF,IC2012,2020-05-11 09:30:54.100,5152.0000,10458,-1,111281240.000,1,0,1,双平,S,5150.2000,5150.0000,5149.2000,5148.8000,5148.2000,5156.8000,5157.0000,5158.0000,5158.2000,5159.2000,2,1,3,1,3,2,1,1,5,1
SF,IC2012,2020-05-11 09:30:54.600,5152.0000,10458,0,111281240.000,0,-,-,-,-,5150.2000,5150.0000,5149.2000,5148.8000,5148.2000,5155.8000,5156.6000,5156.8000,5158.0000,5158.2000,1,1,3,1,3,1,2,3,1,5
SF,IC2012,2020-05-11 09:30:55.100,5152.0000,10458,0,111281240.000,0,-,-,-,-,5150.2000,5149.2000,5148.8000,5148.2000,5148.0000,5155.4000,5155.6000,5155.8000,5156.6000,5156.8000,1,3,1,3,2,1,1,1,2,3
SF,IC2012,2020-05-11 09:30:55.600,5152.0000,10458,0,111281240.000,0,-,-,-,-,5150.2000,5149.2000,5148.8000,5148.2000,5148.0000,5155.2000,5155.4000,5155.6000,5155.8000,5156.6000,1,3,1,3,2,1,1,1,1,2
SF,IC2012,2020-05-11 09:30:56.100,5152.0000,10458,0,111281240.000,0,-,-,-,-,5150.6000,5150.2000,5149.2000,5148.8000,5148.2000,5154.8000,5155.2000,5155.6000,5156.6000,5156.8000,2,1,1,1,3,1,2,1,2,3
SF,IC2012,2020-05-11 09:30:56.600,5152.0000,10458,0,111281240.000,0,-,-,-,-,5150.6000,5150.2000,5149.2000,5148.8000,5148.2000,5154.4000,5154.6000,5154.8000,5155.2000,5155.6000,2,1,1,1,3,1,1,1,2,1
SF,IC2012,2020-05-11 09:30:57.100,5152.0000,10458,0,111281240.000,0,-,-,-,-,5150.6000,5150.2000,5149.2000,5148.2000,5148.0000,5154.4000,5154.6000,5154.8000,5155.2000,5155.6000,2,1,1,3,2,1,2,1,2,1
SF,IC2012,2020-05-11 09:30:57.600,5152.0000,10458,0,111281240.000,0,-,-,-,-,5150.6000,5150.2000,5149.2000,5148.2000,5148.0000,5154.2000,5154.4000,5154.6000,5154.8000,5155.2000,2,1,1,3,2,1,1,2,1,2
SF,IC2012,2020-05-11 09:30:58.100,5152.0000,10458,0,111281240.000,0,-,-,-,-,5150.6000,5150.2000,5149.2000,5148.2000,5148.0000,5154.2000,5154.4000,5154.6000,5154.8000,5155.2000,2,1,1,3,2,2,1,2,1,2
SF,IC2012,2020-05-11 09:30:58.600,5150.6000,10458,0,112311360.000,1,0,1,多换,S,5150.6000,5150.2000,5149.2000,5148.2000,5148.0000,5154.2000,5154.6000,5154.8000,5155.2000,5155.6000,1,1,1,3,2,2,2,1,2,1
SF,IC2012,2020-05-11 09:30:59.100,5150.6000,10458,0,112311360.000,0,-,-,-,-,5150.6000,5150.2000,5149.2000,5148.2000,5148.0000,5154.2000,5154.6000,5154.8000,5155.2000,5155.6000,1,1,1,3,2,2,2,1,2,1
SF,IC2012,2020-05-11 09:30:59.600,5150.6000,10458,0,112311360.000,0,-,-,-,-,5150.6000,5150.2000,5149.2000,5148.2000,5148.0000,5154.2000,5154.6000,5154.8000,5155.2000,5155.6000,1,1,1,3,1,2,2,1,2,1
SF,IC2012,2020-05-11 09:31:00.100,5150.6000,10458,0,112311360.000,0,-,-,-,-,5150.8000,5150.6000,5150.2000,5149.2000,5148.2000,5153.8000,5154.2000,5154.6000,5155.2000,5155.6000,1,1,1,1,3,2,2,2,2,1
SF,IC2012,2020-05-11 09:31:00.600,5150.6000,10458,0,112311360.000,0,-,-,-,-,5150.8000,5150.6000,5149.2000,5148.2000,5147.8000,5153.8000,5154.2000,5154.6000,5155.2000,5155.6000,1,1,1,3,1,3,2,2,2,1
SF,IC2012,2020-05-11 09:31:01.100,5150.6000,10458,0,112311360.000,0,-,-,-,-,5150.8000,5150.6000,5150.2000,5149.2000,5148.2000,5153.6000,5153.8000,5154.2000,5154.6000,5155.2000,2,1,1,1,3,2,2,2,2,2
SF,IC2012,2020-05-11 09:31:02.100,5150.6000,10458,0,112311360.000,0,-,-,-,-,5150.8000,5150.6000,5150.2000,5149.2000,5148.2000,5152.6000,5153.6000,5153.8000,5154.2000,5154.6000,2,1,1,1,3,2,2,2,1,2
SF,IC2012,2020-05-11 09:31:02.600,5150.8000,10458,0,113341520.000,1,0,1,多换,S,5150.8000,5150.6000,5150.2000,5149.2000,5148.2000,5152.6000,5153.6000,5153.8000,5154.2000,5154.6000,1,1,1,1,3,2,2,2,1,1
SF,IC2012,2020-05-11 09:31:03.100,5150.6000,10457,-1,115401800.000,2,0,2,多平,S,5150.2000,5149.2000,5148.2000,5147.6000,5146.2000,5152.4000,5152.6000,5153.6000,5153.8000,5154.2000,1,1,3,12,1,3,2,1,2,1
SF,IC2012,2020-05-11 09:31:03.600,5150.6000,10457,0,115401800.000,0,-,-,-,-,5150.2000,5149.2000,5148.2000,5147.6000,5146.2000,5152.4000,5152.6000,5153.6000,5153.8000,5154.2000,1,1,3,12,1,3,2,1,1,1
SF,IC2012,2020-05-11 09:31:04.100,5150.6000,10457,0,115401800.000,0,-,-,-,-,5152.0000,5150.2000,5149.2000,5148.2000,5147.6000,5152.4000,5152.6000,5153.6000,5153.8000,5154.2000,1,1,1,3,12,3,2,1,1,1
SF,IC2012,2020-05-11 09:31:04.600,5152.0000,10457,0,116432200.000,1,0,1,多换,S,5150.2000,5149.2000,5148.2000,5147.6000,5146.2000,5152.0000,5152.4000,5152.6000,5153.6000,5153.8000,1,1,3,12,1,2,2,2,1,1
SF,IC2012,2020-05-11 09:31:05.100,5150.2000,10458,1,117462240.000,1,1,0,双开,S,5149.2000,5148.2000,5147.6000,5146.2000,5142.0000,5151.8000,5152.0000,5152.4000,5152.6000,5153.6000,1,3,12,1,1,1,2,2,2,1
SF,IC2012,2020-05-11 09:31:05.600,5150.2000,10458,0,117462240.000,0,-,-,-,-,5149.2000,5148.2000,5147.6000,5146.2000,5142.0000,5150.2000,5151.8000,5152.0000,5152.4000,5152.6000,1,3,12,1,1,1,1,2,2,2
SF,IC2012,2020-05-11 09:31:06.100,5149.2000,10458,0,118492080.000,1,0,1,多换,S,5148.2000,5147.6000,5146.2000,5142.0000,5130.0000,5150.2000,5151.8000,5152.0000,5152.4000,5152.6000,3,12,1,1,1,1,1,2,2,2
SF,IC2012,2020-05-11 09:31:06.600,5149.2000,10458,0,118492080.000,0,-,-,-,-,5148.2000,5147.6000,5146.2000,5142.0000,5130.0000,5150.0000,5150.2000,5152.0000,5152.4000,5152.6000,3,12,1,1,1,1,1,2,2,2
SF,IC2012,2020-05-11 09:31:07.100,5149.2000,10458,0,118492080.000,0,-,-,-,-,5148.2000,5147.6000,5142.0000,5130.0000,5128.0000,5150.0000,5150.2000,5152.0000,5152.4000,5152.6000,3,12,1,1,1,1,1,3,3,2
SF,IC2012,2020-05-11 09:31:07.600,5148.2000,10457,-1,120551360.000,2,0,2,多平,S,5148.2000,5147.6000,5142.0000,5130.0000,5128.0000,5150.0000,5150.2000,5152.0000,5152.4000,5152.6000,1,12,1,1,1,2,1,4,3,2
SF,IC2012,2020-05-11 09:31:08.100,5148.2000,10457,0,121581000.000,1,0,1,多换,S,5147.6000,5142.0000,5130.0000,5128.0000,5126.0000,5149.8000,5150.0000,5150.2000,5152.0000,5152.4000,12,1,1,1,5,2,1,1,4,3
SF,IC2012,2020-05-11 09:31:08.600,5148.2000,10457,0,121581000.000,0,-,-,-,-,5147.6000,5142.0000,5130.0000,5128.0000,5126.0000,5149.6000,5149.8000,5150.0000,5150.2000,5152.0000,12,1,1,1,5,1,2,1,1,4
SF,IC2012,2020-05-11 09:31:09.100,5148.2000,10457,0,121581000.000,0,-,-,-,-,5147.6000,5142.0000,5130.0000,5128.0000,5126.0000,5149.6000,5149.8000,5150.0000,5150.2000,5152.0000,12,1,1,1,5,1,2,1,1,3
SF,IC2012,2020-05-11 09:31:09.600,5148.2000,10457,0,121581000.000,0,-,-,-,-,5147.6000,5142.0000,5130.0000,5128.0000,5126.0000,5148.2000,5149.4000,5149.6000,5149.8000,5150.0000,12,1,1,1,5,4,3,1,2,1
SF,IC2012,2020-05-11 09:31:10.100,5148.2000,10459,2,124669920.000,3,2,1,空开,S,5147.6000,5142.0000,5130.0000,5128.0000,5126.0000,5148.2000,5149.4000,5149.6000,5149.8000,5150.0000,12,1,1,1,5,4,3,1,2,1
SF,IC2012,2020-05-11 09:31:10.600,5148.0000,10458,-1,127758560.000,3,1,2,多平,S,5147.6000,5142.0000,5130.0000,5128.0000,5126.0000,5148.2000,5149.4000,5149.6000,5149.8000,5150.0000,9,1,1,1,5,4,3,1,2,1
SF,IC2012,2020-05-11 09:31:11.100,5147.6000,10457,-1,134965200.000,7,3,4,多平,S,5147.6000,5142.0000,5130.0000,5128.0000,5126.0000,5148.0000,5148.2000,5149.4000,5149.8000,5150.0000,2,1,1,1,5,2,4,3,2,1
SF,IC2012,2020-05-11 09:31:11.600,5147.6000,10457,0,137024240.000,2,1,1,多换,S,5142.0000,5130.0000,5128.0000,5126.0000,5120.0000,5147.2000,5147.6000,5148.0000,5148.2000,5149.4000,1,1,1,5,3,1,1,2,4,3
SF,IC2012,2020-05-11 09:31:12.100,5147.6000,10457,0,137024240.000,0,-,-,-,-,5142.2000,5142.0000,5130.0000,5128.0000,5126.0000,5147.2000,5147.6000,5148.0000,5148.2000,5149.4000,1,1,1,1,5,1,1,2,4,3
SF,IC2012,2020-05-11 09:31:12.600,5147.2000,10457,0,138053680.000,1,0,1,多换,S,5142.2000,5142.0000,5130.0000,5128.0000,5126.0000,5147.6000,5148.0000,5148.2000,5149.4000,5149.8000,1,1,1,1,5,6,2,4,3,2
SF,IC2012,2020-05-11 09:31:13.100,5147.2000,10457,0,138053680.000,0,-,-,-,-,5142.2000,5142.0000,5130.0000,5128.0000,5126.0000,5147.0000,5147.4000,5147.6000,5148.0000,5148.2000,1,1,1,1,5,1,1,6,2,4
SF,IC2012,2020-05-11 09:31:13.600,5147.2000,10457,0,138053680.000,0,-,-,-,-,5143.0000,5142.6000,5142.2000,5142.0000,5130.0000,5146.8000,5147.0000,5147.6000,5148.0000,5148.2000,1,3,1,1,1,1,1,6,2,4
SF,IC2012,2020-05-11 09:31:14.100,5147.2000,10457,0,138053680.000,0,-,-,-,-,5143.2000,5143.0000,5142.6000,5142.0000,5130.0000,5147.0000,5147.6000,5148.0000,5148.2000,5149.4000,1,1,3,1,1,1,6,2,4,3
SF,IC2012,2020-05-11 09:31:14.600,5147.2000,10457,0,139083120.000,1,0,1,多换,S,5143.2000,5143.0000,5142.6000,5142.0000,5130.0000,5147.0000,5147.6000,5148.0000,5148.2000,5148.4000,1,1,2,1,1,1,6,2,4,2
SF,IC2012,2020-05-11 09:31:15.100,5147.2000,10457,0,139083120.000,0,-,-,-,-,5143.2000,5143.0000,5142.6000,5142.0000,5130.0000,5147.0000,5147.6000,5148.0000,5148.2000,5148.4000,1,1,1,1,1,1,6,2,4,2
SF,IC2012,2020-05-11 09:31:15.600,5147.2000,10457,0,139083120.000,0,-,-,-,-,5143.8000,5143.6000,5143.2000,5143.0000,5142.6000,5146.8000,5147.0000,5147.6000,5148.0000,5148.2000,1,1,1,1,1,1,1,6,2,4
SF,IC2012,2020-05-11 09:31:16.100,5147.0000,10457,0,140112520.000,1,0,1,多换,S,5144.0000,5143.8000,5143.6000,5143.0000,5142.6000,5147.6000,5148.2000,5148.4000,5149.0000,5149.4000,1,1,1,1,1,6,4,2,2,3
SF,IC2012,2020-05-11 09:31:16.600,5147.0000,10457,0,140112520.000,0,-,-,-,-,5144.0000,5143.8000,5143.6000,5143.0000,5142.0000,5147.4000,5147.6000,5148.2000,5148.4000,5149.0000,1,1,1,1,1,2,6,4,2,2
SF,IC2012,2020-05-11 09:31:17.100,5147.0000,10457,0,140112520.000,0,-,-,-,-,5144.2000,5144.0000,5143.8000,5143.6000,5142.0000,5147.4000,5147.6000,5148.2000,5148.4000,5149.0000,1,1,1,1,1,2,6,4,2,2
SF,IC2012,2020-05-11 09:31:17.600,5147.0000,10457,0,140112520.000,0,-,-,-,-,5144.2000,5142.0000,5130.0000,5128.0000,5126.0000,5147.4000,5147.6000,5148.2000,5148.4000,5149.0000,1,1,1,1,5,2,6,4,2,2
SF,IC2012,2020-05-11 09:31:18.100,5147.0000,10457,0,140112520.000,0,-,-,-,-,5144.2000,5142.0000,5130.0000,5128.0000,5126.0000,5147.4000,5147.6000,5148.2000,5148.4000,5149.0000,1,1,1,1,5,2,6,4,2,2
SF,IC2012,2020-05-11 09:31:18.600,5147.0000,10457,0,140112520.000,0,-,-,-,-,5142.0000,5130.0000,5128.0000,5126.0000,5120.0000,5147.4000,5147.6000,5148.2000,5148.4000,5149.0000,1,1,1,5,3,2,6,4,2,2
SF,IC2012,2020-05-11 09:31:19.100,5147.0000,10457,0,140112520.000,0,-,-,-,-,5142.2000,5142.0000,5130.0000,5128.0000,5126.0000,5147.4000,5147.6000,5148.2000,5148.4000,5149.0000,1,1,1,1,5,1,6,4,2,2
SF,IC2012,2020-05-11 09:31:19.600,5147.0000,10457,0,140112520.000,0,-,-,-,-,5142.2000,5142.0000,5130.0000,5128.0000,5126.0000,5147.2000,5147.4000,5147.6000,5148.2000,5148.4000,1,1,1,1,5,1,1,6,4,2
SF,IC2012,2020-05-11 09:31:20.100,5147.0000,10457,0,140112520.000,0,-,-,-,-,5142.6000,5142.2000,5142.0000,5130.0000,5128.0000,5147.0000,5147.2000,5147.6000,5148.2000,5148.4000,1,1,1,1,1,1,1,6,4,2
SF,IC2012,2020-05-11 09:31:20.600,5147.0000,10457,0,140112520.000,0,-,-,-,-,5142.8000,5142.6000,5142.0000,5130.0000,5128.0000,5147.0000,5147.2000,5147.6000,5148.2000,5148.4000,1,1,1,1,1,2,1,6,4,2
SF,IC2012,2020-05-11 09:31:21.100,5147.0000,10457,0,140112520.000,0,-,-,-,-,5142.8000,5142.6000,5142.0000,5130.0000,5128.0000,5146.8000,5147.0000,5147.2000,5147.6000,5148.2000,1,1,1,1,1,1,2,1,6,4
SF,IC2012,2020-05-11 09:31:21.600,5147.0000,10457,0,140112520.000,0,-,-,-,-,5143.2000,5142.8000,5142.6000,5142.0000,5130.0000,5146.6000,5146.8000,5147.2000,5147.6000,5148.2000,2,1,1,1,1,2,1,1,6,4
SF,IC2012,2020-05-11 09:31:22.100,5147.0000,10457,0,140112520.000,0,-,-,-,-,5143.4000,5143.2000,5143.0000,5142.6000,5142.0000,5146.4000,5146.6000,5146.8000,5147.2000,5147.6000,1,2,1,1,1,1,2,1,1,6
SF,IC2012,2020-05-11 09:31:22.600,5147.0000,10457,0,140112520.000,0,-,-,-,-,5143.4000,5143.2000,5143.0000,5142.0000,5130.0000,5146.2000,5146.4000,5146.8000,5147.2000,5147.6000,1,2,1,1,1,1,1,1,1,6
SF,IC2012,2020-05-11 09:31:23.100,5147.0000,10457,0,140112520.000,0,-,-,-,-,5143.4000,5143.2000,5143.0000,5142.0000,5130.0000,5146.2000,5146.4000,5146.8000,5147.2000,5147.6000,1,2,1,1,1,1,1,1,1,6
SF,IC2012,2020-05-11 09:31:23.600,5147.0000,10457,0,140112520.000,0,-,-,-,-,5143.4000,5143.2000,5143.0000,5142.0000,5130.0000,5146.0000,5146.2000,5146.4000,5146.8000,5147.2000,1,2,1,1,1,1,1,1,1,1
SF,IC2012,2020-05-11 09:31:24.100,5147.0000,10457,0,140112520.000,0,-,-,-,-,5143.4000,5143.2000,5143.0000,5142.0000,5130.0000,5146.0000,5146.4000,5146.8000,5147.6000,5148.2000,1,2,1,1,1,1,1,1,6,4
SF,IC2012,2020-05-11 09:31:24.600,5146.4000,10457,0,141141800.000,1,0,1,多换,S,5144.2000,5143.4000,5143.2000,5143.0000,5142.0000,5146.4000,5146.8000,5147.0000,5147.6000,5148.2000,1,1,2,1,1,1,1,1,6,4
SF,IC2012,2020-05-11 09:31:25.100,5146.4000,10457,0,141141800.000,0,-,-,-,-,5144.2000,5143.4000,5143.2000,5143.0000,5142.0000,5146.4000,5146.8000,5147.0000,5147.6000,5148.2000,1,1,2,1,1,1,1,1,5,4
SF,IC2012,2020-05-11 09:31:25.600,5146.4000,10457,0,141141800.000,0,-,-,-,-,5144.2000,5143.4000,5143.2000,5143.0000,5142.8000,5146.4000,5146.8000,5147.0000,5147.6000,5148.2000,1,1,2,1,1,1,1,1,5,4
SF,IC2012,2020-05-11 09:31:26.100,5146.4000,10457,0,141141800.000,0,-,-,-,-,5144.4000,5144.2000,5143.2000,5143.0000,5142.8000,5146.4000,5147.0000,5147.6000,5148.2000,5148.4000,1,1,2,1,1,1,1,5,4,2
SF,IC2012,2020-05-11 09:31:27.100,5146.4000,10457,0,141141800.000,0,-,-,-,-,5144.4000,5144.2000,5143.2000,5143.0000,5142.8000,5147.0000,5147.6000,5148.2000,5148.4000,5149.0000,1,1,2,1,1,1,5,4,2,2
SF,IC2012,2020-05-11 09:31:27.600,5146.4000,10457,0,141141800.000,0,-,-,-,-,5144.4000,5144.2000,5143.2000,5143.0000,5142.8000,5146.8000,5147.0000,5147.6000,5148.2000,5148.4000,1,1,2,1,1,1,1,5,4,2
SF,IC2012,2020-05-11 09:31:28.100,5146.4000,10457,0,141141800.000,0,-,-,-,-,5144.4000,5144.2000,5143.2000,5143.0000,5142.8000,5146.0000,5146.8000,5147.0000,5147.6000,5148.4000,1,1,2,1,1,4,1,1,5,2
SF,IC2012,2020-05-11 09:31:28.600,5146.4000,10457,0,141141800.000,0,-,-,-,-,5144.4000,5144.2000,5143.2000,5143.0000,5142.8000,5146.0000,5146.8000,5147.0000,5147.6000,5148.4000,1,1,2,1,1,4,1,1,5,2
SF,IC2012,2020-05-11 09:31:29.100,5146.0000,10458,1,142171000.000,1,1,0,双开,S,5144.4000,5144.2000,5143.2000,5143.0000,5142.8000,5146.0000,5146.8000,5147.0000,5147.6000,5148.4000,1,1,2,1,1,3,1,1,5,2
SF,IC2012,2020-05-11 09:31:30.100,5146.0000,10459,1,143200200.000,1,1,0,双开,S,5144.4000,5144.2000,5143.2000,5143.0000,5142.8000,5146.0000,5146.8000,5147.6000,5148.4000,5149.0000,1,1,2,1,1,2,1,5,2,2
SF,IC2012,2020-05-11 09:31:30.600,5146.0000,10459,0,143200200.000,0,-,-,-,-,5144.4000,5144.2000,5143.2000,5143.0000,5142.8000,5146.0000,5146.8000,5147.6000,5148.4000,5149.0000,1,1,2,1,1,2,1,5,2,2
SF,IC2012,2020-05-11 09:31:31.100,5146.0000,10459,0,145258600.000,2,1,1,多换,S,5144.4000,5144.2000,5143.2000,5143.0000,5142.8000,5146.8000,5147.6000,5148.4000,5149.0000,5149.6000,1,1,2,1,1,1,5,2,2,2
SF,IC2012,2020-05-11 09:31:31.600,5146.0000,10459,0,145258600.000,0,-,-,-,-,5146.4000,5144.4000,5144.2000,5143.2000,5143.0000,5146.8000,5147.6000,5148.4000,5149.0000,5149.6000,1,1,1,2,1,1,5,2,2,2
SF,IC2012,2020-05-11 09:31:32.600,5146.0000,10459,0,145258600.000,0,-,-,-,-,5146.4000,5144.4000,5144.2000,5143.2000,5143.0000,5146.8000,5147.6000,5148.4000,5149.0000,5149.6000,1,1,1,2,1,1,5,2,2,2
SF,IC2012,2020-05-11 09:31:33.100,5146.0000,10459,0,145258600.000,0,-,-,-,-,5146.4000,5144.4000,5144.2000,5143.2000,5143.0000,5147.6000,5148.4000,5149.0000,5149.6000,5150.0000,1,1,1,2,1,5,2,2,2,1
SF,IC2012,2020-05-11 09:31:33.600,5146.4000,10459,0,146287880.000,1,0,1,多换,S,5144.4000,5144.2000,5143.2000,5143.0000,5142.8000,5147.4000,5147.6000,5148.4000,5149.0000,5149.6000,1,1,2,1,1,2,5,2,2,2
SF,IC2012,2020-05-11 09:31:34.100,5146.4000,10459,0,146287880.000,0,-,-,-,-,5144.4000,5144.2000,5143.2000,5143.0000,5142.8000,5146.4000,5147.4000,5147.6000,5148.4000,5149.0000,1,1,2,1,1,1,2,5,2,2
SF,IC2012,2020-05-11 09:31:34.600,5146.4000,10459,0,146287880.000,0,-,-,-,-,5144.4000,5144.2000,5143.2000,5143.0000,5142.8000,5146.4000,5147.6000,5148.4000,5149.0000,5149.6000,1,1,3,1,1,1,5,2,2,2
SF,IC2012,2020-05-11 09:31:35.100,5146.4000,10459,0,146287880.000,0,-,-,-,-,5144.4000,5144.2000,5143.2000,5143.0000,5142.8000,5146.4000,5147.6000,5148.4000,5149.0000,5149.6000,1,1,3,1,1,1,5,2,2,2
SF,IC2012,2020-05-11 09:31:35.600,5146.4000,10459,0,147317160.000,1,0,1,多换,S,5144.6000,5144.4000,5144.2000,5143.2000,5143.0000,5147.6000,5148.4000,5149.0000,5149.6000,5150.0000,1,1,1,3,1,5,2,2,2,1
SF,IC2012,2020-05-11 09:31:36.100,5146.4000,10459,0,147317160.000,0,-,-,-,-,5144.8000,5144.6000,5144.2000,5143.2000,5143.0000,5147.6000,5148.4000,5149.0000,5149.6000,5150.0000,1,1,1,3,1,5,2,2,2,1
SF,IC2012,2020-05-11 09:31:36.600,5147.6000,10459,0,148346680.000,1,0,1,多换,S,5145.0000,5144.8000,5144.6000,5144.2000,5143.2000,5147.6000,5148.4000,5149.0000,5149.6000,5150.0000,1,1,1,1,3,4,2,2,2,1
SF,IC2012,2020-05-11 09:31:37.100,5147.6000,10459,0,148346680.000,0,-,-,-,-,5145.2000,5145.0000,5144.6000,5144.2000,5143.2000,5147.6000,5148.4000,5149.0000,5149.6000,5150.0000,1,1,1,1,3,4,2,2,2,1
SF,IC2012,2020-05-11 09:31:38.600,5145.2000,10458,-1,149375720.000,1,0,1,双平,S,5144.6000,5144.2000,5143.2000,5143.0000,5142.8000,5145.2000,5147.6000,5148.4000,5149.0000,5149.6000,1,1,3,1,1,1,4,2,2,2
SF,IC2012,2020-05-11 09:31:39.100,5145.2000,10457,-1,150404760.000,1,0,1,双平,S,5146.2000,5144.6000,5144.2000,5143.2000,5143.0000,5147.6000,5148.4000,5149.0000,5149.6000,5150.0000,2,1,1,3,1,4,2,2,2,1
SF,IC2012,2020-05-11 09:31:40.100,5145.2000,10457,0,150404760.000,0,-,-,-,-,5146.2000,5145.0000,5144.2000,5143.2000,5143.0000,5147.6000,5148.4000,5149.0000,5149.6000,5150.0000,2,1,1,3,1,4,2,2,2,1
SF,IC2012,2020-05-11 09:31:40.600,5146.2000,10456,-1,151434000.000,1,0,1,双平,S,5146.2000,5145.0000,5144.2000,5143.2000,5143.0000,5147.6000,5148.4000,5149.0000,5149.6000,5150.0000,1,1,2,3,1,4,2,2,2,1
SF,IC2012,2020-05-11 09:31:41.100,5146.2000,10456,0,151434000.000,0,-,-,-,-,5146.2000,5145.0000,5144.2000,5143.2000,5143.0000,5147.6000,5148.4000,5149.0000,5149.6000,5150.0000,1,1,2,3,1,4,2,2,2,1
SF,IC2012,2020-05-11 09:31:41.600,5146.2000,10456,0,151434000.000,0,-,-,-,-,5146.4000,5146.2000,5145.0000,5144.2000,5143.2000,5147.6000,5148.4000,5149.0000,5149.6000,5150.0000,2,1,1,2,3,4,2,2,2,1
SF,IC2012,2020-05-11 09:31:43.100,5147.6000,10455,-1,152463520.000,1,0,1,双平,S,5146.4000,5146.2000,5144.2000,5143.2000,5143.0000,5147.6000,5148.4000,5149.0000,5149.6000,5150.0000,2,1,2,3,1,3,2,2,2,1
SF,IC2012,2020-05-11 09:31:43.600,5147.6000,10453,-2,154522560.000,2,0,2,双平,S,5146.4000,5146.2000,5144.2000,5143.2000,5143.0000,5147.6000,5148.4000,5149.0000,5149.6000,5150.0000,2,1,2,3,1,1,2,2,2,1
SF,IC2012,2020-05-11 09:31:44.100,5147.6000,10453,0,154522560.000,0,-,-,-,-,5146.4000,5146.2000,5144.2000,5143.2000,5143.0000,5147.6000,5148.4000,5149.0000,5149.6000,5150.0000,2,1,2,3,1,1,2,2,2,1
SF,IC2012,2020-05-11 09:31:44.600,5147.6000,10453,0,154522560.000,0,-,-,-,-,5146.4000,5146.2000,5144.2000,5143.2000,5143.0000,5147.6000,5148.4000,5149.0000,5149.6000,5150.0000,2,1,2,3,1,1,2,2,2,1
SF,IC2012,2020-05-11 09:31:45.100,5146.4000,10452,-1,156581360.000,2,0,2,多平,S,5146.4000,5146.2000,5144.2000,5143.2000,5143.0000,5148.4000,5149.0000,5149.6000,5150.0000,5150.2000,1,1,2,3,1,2,2,2,1,2
SF,IC2012,2020-05-11 09:31:46.100,5146.4000,10452,0,156581360.000,0,-,-,-,-,5146.6000,5146.4000,5146.2000,5144.2000,5143.2000,5148.4000,5149.0000,5149.6000,5150.0000,5150.2000,1,1,1,2,3,2,2,2,1,2
SF,IC2012,2020-05-11 09:31:46.600,5148.4000,10452,0,158640720.000,2,1,1,多换,S,5146.8000,5146.6000,5146.4000,5146.2000,5144.2000,5149.0000,5149.6000,5150.0000,5150.2000,5150.8000,1,1,1,1,1,2,2,1,2,2
SF,IC2012,2020-05-11 09:31:47.100,5149.0000,10452,0,159670520.000,1,0,1,多换,S,5146.8000,5146.6000,5146.4000,5146.2000,5144.2000,5149.0000,5149.6000,5150.0000,5150.2000,5150.8000,1,1,1,1,1,1,2,1,2,2
SF,IC2012,2020-05-11 09:31:47.600,5149.0000,10452,0,160700320.000,1,0,1,多换,S,5147.2000,5147.0000,5146.8000,5146.6000,5146.4000,5149.6000,5150.0000,5150.2000,5150.8000,5151.4000,1,1,1,1,1,2,1,2,2,2
SF,IC2012,2020-05-11 09:31:48.100,5149.4000,10452,0,161730200.000,1,0,1,多换,S,5147.4000,5147.2000,5147.0000,5146.6000,5146.4000,5149.6000,5150.0000,5150.2000,5150.8000,5151.4000,1,1,1,1,1,2,1,2,2,2
SF,IC2012,2020-05-11 09:31:48.600,5149.4000,10452,0,161730200.000,0,-,-,-,-,5147.4000,5147.2000,5147.0000,5146.4000,5146.2000,5149.6000,5150.0000,5150.2000,5150.8000,5151.4000,1,1,1,1,1,2,1,2,2,2
SF,IC2012,2020-05-11 09:31:49.100,5149.4000,10452,0,161730200.000,0,-,-,-,-,5147.2000,5147.0000,5146.4000,5146.2000,5144.2000,5149.4000,5149.6000,5150.0000,5150.2000,5150.8000,1,1,1,1,1,1,2,1,2,2
SF,IC2012,2020-05-11 09:31:49.600,5149.4000,10452,0,161730200.000,0,-,-,-,-,5147.2000,5146.4000,5146.2000,5144.2000,5143.2000,5149.4000,5149.6000,5150.0000,5150.2000,5150.8000,1,1,1,1,3,1,2,1,2,2
SF,IC2012,2020-05-11 09:31:50.600,5149.4000,10452,0,161730200.000,0,-,-,-,-,5147.4000,5146.4000,5146.2000,5144.2000,5143.2000,5149.4000,5149.6000,5150.0000,5150.2000,5150.8000,1,1,1,1,3,1,2,1,2,2
SF,IC2012,2020-05-11 09:31:51.100,5149.4000,10452,0,161730200.000,0,-,-,-,-,5146.4000,5146.2000,5144.2000,5143.2000,5143.0000,5149.4000,5149.6000,5150.0000,5150.2000,5150.8000,1,1,1,3,1,1,2,1,2,2
SF,IC2012,2020-05-11 09:31:51.600,5149.4000,10452,0,161730200.000,0,-,-,-,-,5146.6000,5146.4000,5146.2000,5144.2000,5143.2000,5149.4000,5149.6000,5150.0000,5150.2000,5150.8000,1,1,1,1,3,1,2,1,2,2
SF,IC2012,2020-05-11 09:31:52.100,5149.4000,10452,0,162760080.000,1,0,1,多换,S,5146.6000,5146.4000,5146.2000,5144.2000,5143.2000,5149.6000,5150.0000,5150.2000,5150.8000,5151.4000,1,1,1,1,3,2,1,2,2,2
SF,IC2012,2020-05-11 09:31:52.600,5149.4000,10452,0,162760080.000,0,-,-,-,-,5149.4000,5146.6000,5146.4000,5146.2000,5144.2000,5149.6000,5150.0000,5150.2000,5150.8000,5151.4000,1,1,1,1,1,2,1,2,2,2
SF,IC2012,2020-05-11 09:31:53.100,5149.4000,10452,0,163789960.000,1,0,1,多换,S,5146.6000,5146.4000,5144.2000,5143.2000,5143.0000,5149.2000,5149.6000,5150.0000,5150.2000,5150.8000,1,1,1,3,1,2,2,1,2,2
SF,IC2012,2020-05-11 09:31:53.600,5149.4000,10450,-2,165849720.000,2,0,2,双平,S,5146.6000,5146.4000,5144.2000,5143.2000,5143.0000,5149.6000,5150.0000,5150.2000,5150.8000,5151.4000,1,1,1,3,1,2,1,2,2,2
SF,IC2012,2020-05-11 09:31:54.100,5149.6000,10450,0,167909560.000,2,1,1,多换,S,5146.6000,5146.4000,5144.2000,5143.2000,5143.0000,5150.0000,5150.2000,5150.8000,5151.4000,5152.0000,1,1,1,3,1,1,2,2,2,3
SF,IC2012,2020-05-11 09:31:54.600,5149.6000,10450,0,167909560.000,0,-,-,-,-,5147.4000,5147.2000,5146.6000,5146.4000,5144.2000,5149.8000,5150.0000,5150.2000,5150.8000,5151.4000,1,1,1,1,1,1,1,2,2,2
SF,IC2012,2020-05-11 09:31:55.600,5149.6000,10450,0,167909560.000,0,-,-,-,-,5147.2000,5146.6000,5146.4000,5144.2000,5143.2000,5149.8000,5150.0000,5150.2000,5150.8000,5151.4000,1,1,1,1,3,1,1,2,2,2
SF,IC2012,2020-05-11 09:31:56.100,5149.6000,10450,0,167909560.000,0,-,-,-,-,5147.4000,5147.2000,5146.4000,5144.2000,5143.2000,5149.8000,5150.0000,5150.2000,5150.8000,5151.4000,1,1,1,1,3,1,1,2,2,2
SF,IC2012,2020-05-11 09:31:56.600,5149.6000,10450,0,167909560.000,0,-,-,-,-,5147.4000,5147.2000,5146.4000,5144.2000,5143.2000,5150.0000,5150.2000,5150.8000,5151.4000,5152.0000,1,1,1,1,3,1,2,2,2,3
SF,IC2012,2020-05-11 09:31:57.100,5149.6000,10450,0,167909560.000,0,-,-,-,-,5147.4000,5147.2000,5146.4000,5144.2000,5143.2000,5149.8000,5150.0000,5150.2000,5150.8000,5151.4000,1,1,1,1,3,1,1,2,2,2
SF,IC2012,2020-05-11 09:31:58.100,5149.6000,10450,0,167909560.000,0,-,-,-,-,5147.4000,5146.4000,5144.2000,5143.2000,5143.0000,5149.8000,5150.0000,5150.2000,5150.8000,5151.4000,1,1,1,3,1,1,1,2,2,2
SF,IC2012,2020-05-11 09:31:58.600,5149.6000,10450,0,167909560.000,0,-,-,-,-,5147.4000,5146.4000,5144.2000,5143.2000,5143.0000,5149.8000,5150.0000,5150.2000,5150.8000,5151.4000,1,1,1,3,1,1,1,2,2,2
SF,IC2012,2020-05-11 09:31:59.100,5149.6000,10450,0,167909560.000,0,-,-,-,-,5147.4000,5146.4000,5144.2000,5143.2000,5143.0000,5149.8000,5150.0000,5150.2000,5150.8000,5151.4000,1,1,1,3,1,2,1,2,2,2
SF,IC2012,2020-05-11 09:31:59.600,5149.6000,10450,0,167909560.000,0,-,-,-,-,5146.4000,5144.2000,5143.2000,5143.0000,5142.8000,5149.8000,5150.0000,5150.2000,5150.8000,5151.4000,1,1,3,1,1,2,1,5,2,2
SF,IC2012,2020-05-11 09:32:00.100,5149.6000,10450,0,167909560.000,0,-,-,-,-,5147.8000,5146.6000,5146.4000,5144.2000,5143.2000,5149.8000,5150.0000,5150.2000,5150.8000,5151.4000,1,1,1,1,3,2,1,5,2,2
SF,IC2012,2020-05-11 09:32:00.600,5147.8000,10449,-1,168939120.000,1,0,1,双平,S,5146.6000,5146.4000,5144.2000,5143.2000,5143.0000,5147.8000,5149.6000,5149.8000,5150.0000,5150.2000,1,1,1,3,1,1,2,3,1,5
SF,IC2012,2020-05-11 09:32:01.100,5147.8000,10449,0,168939120.000,0,-,-,-,-,5148.0000,5146.6000,5146.4000,5144.2000,5143.2000,5149.8000,5150.0000,5150.2000,5150.8000,5151.4000,2,1,1,1,3,3,1,5,2,2
SF,IC2012,2020-05-11 09:32:01.600,5147.8000,10449,0,169968680.000,1,0,1,多换,S,5148.0000,5147.8000,5146.6000,5146.4000,5145.8000,5149.4000,5149.8000,5150.0000,5150.2000,5150.8000,1,1,1,1,1,1,3,1,5,2
SF,IC2012,2020-05-11 09:32:02.100,5147.8000,10449,0,169968680.000,0,-,-,-,-,5147.8000,5146.6000,5146.4000,5145.8000,5144.2000,5148.0000,5149.4000,5149.8000,5150.0000,5150.2000,1,1,1,1,1,1,1,3,1,5
SF,IC2012,2020-05-11 09:32:02.600,5148.0000,10449,0,170998280.000,1,0,1,多换,S,5148.2000,5148.0000,5146.6000,5145.8000,5144.2000,5149.8000,5150.0000,5150.2000,5150.8000,5151.4000,1,1,1,1,1,3,1,5,2,2
SF,IC2012,2020-05-11 09:32:03.100,5148.0000,10449,0,170998280.000,0,-,-,-,-,5148.2000,5148.0000,5146.6000,5144.2000,5143.2000,5149.6000,5149.8000,5150.0000,5150.2000,5150.8000,1,1,1,1,3,1,3,1,5,2
SF,IC2012,2020-05-11 09:32:03.600,5148.2000,10449,0,172027920.000,1,0,1,多换,S,5146.6000,5146.4000,5144.2000,5143.2000,5143.0000,5148.2000,5149.6000,5149.8000,5150.0000,5150.2000,1,1,1,3,1,1,3,3,1,5
SF,IC2012,2020-05-11 09:32:04.100,5148.2000,10449,0,172027920.000,0,-,-,-,-,5146.6000,5146.4000,5146.0000,5144.8000,5144.2000,5148.2000,5149.6000,5149.8000,5150.0000,5150.2000,1,1,1,1,1,1,1,3,1,5
SF,IC2012,2020-05-11 09:32:04.600,5148.2000,10449,0,172027920.000,0,-,-,-,-,5146.6000,5146.4000,5146.0000,5144.8000,5144.2000,5148.2000,5149.8000,5150.0000,5150.2000,5150.8000,1,1,1,1,1,1,2,1,5,2
SF,IC2012,2020-05-11 09:32:05.600,5148.2000,10449,0,172027920.000,0,-,-,-,-,5146.8000,5146.6000,5146.4000,5146.0000,5144.8000,5148.2000,5149.8000,5150.0000,5150.2000,5150.8000,1,1,1,1,1,1,5,1,5,2
SF,IC2012,2020-05-11 09:32:06.100,5148.2000,10449,0,172027920.000,0,-,-,-,-,5147.0000,5146.8000,5146.4000,5146.0000,5144.8000,5148.2000,5149.8000,5150.0000,5150.2000,5150.8000,1,1,1,1,1,1,5,1,5,2
SF,IC2012,2020-05-11 09:32:07.600,5148.2000,10450,1,173057560.000,1,1,0,双开,S,5147.0000,5146.8000,5146.4000,5146.0000,5144.8000,5149.8000,5150.0000,5150.2000,5150.8000,5151.4000,1,1,1,1,1,5,1,5,2,2
SF,IC2012,2020-05-11 09:32:08.100,5147.0000,10450,0,174086960.000,1,0,1,多换,S,5146.4000,5146.0000,5144.8000,5144.2000,5143.2000,5147.0000,5149.4000,5149.6000,5149.8000,5150.0000,1,1,1,1,3,1,1,1,5,1
SF,IC2012,2020-05-11 09:32:08.600,5147.0000,10450,0,175116360.000,1,0,1,多换,S,5147.2000,5147.0000,5146.6000,5146.4000,5146.0000,5149.8000,5150.0000,5150.2000,5150.8000,5151.4000,2,1,1,1,1,5,1,5,2,2
SF,IC2012,2020-05-11 09:32:09.100,5147.0000,10450,0,176145760.000,1,0,1,多换,S,5147.4000,5147.2000,5147.0000,5146.6000,5146.4000,5149.6000,5149.8000,5150.0000,5150.2000,5150.8000,1,1,1,1,1,1,5,1,5,2
SF,IC2012,2020-05-11 09:32:10.600,5147.0000,10450,0,176145760.000,0,-,-,-,-,5147.4000,5147.2000,5147.0000,5146.6000,5146.4000,5149.6000,5149.8000,5150.0000,5150.2000,5150.8000,1,1,1,2,1,1,5,1,5,2
SF,IC2012,2020-05-11 09:32:11.100,5147.0000,10450,0,176145760.000,0,-,-,-,-,5147.4000,5147.2000,5147.0000,5146.6000,5146.4000,5149.6000,5149.8000,5150.0000,5150.2000,5150.8000,1,1,1,2,1,1,5,1,5,2
SF,IC2012,2020-05-11 09:32:11.600,5147.4000,10450,0,177175240.000,1,0,1,多换,S,5147.2000,5147.0000,5146.6000,5146.4000,5146.0000,5149.6000,5149.8000,5150.0000,5150.2000,5150.8000,1,1,2,1,1,1,5,1,5,2
SF,IC2012,2020-05-11 09:32:12.100,5147.4000,10450,0,177175240.000,0,-,-,-,-,5147.2000,5147.0000,5146.6000,5146.4000,5146.0000,5149.6000,5149.8000,5150.0000,5150.2000,5150.8000,1,1,2,1,1,1,5,1,5,2
SF,IC2012,2020-05-11 09:32:13.600,5147.2000,10450,0,178204680.000,1,0,1,多换,S,5147.0000,5146.6000,5146.4000,5146.0000,5144.2000,5149.6000,5149.8000,5150.0000,5150.2000,5150.8000,1,2,1,1,1,1,5,1,5,2
SF,IC2012,2020-05-11 09:32:14.100,5147.2000,10450,0,178204680.000,0,-,-,-,-,5147.0000,5146.6000,5146.4000,5146.0000,5144.2000,5149.6000,5149.8000,5150.0000,5150.2000,5150.8000,1,2,1,1,1,2,4,1,5,2
SF,IC2012,2020-05-11 09:32:15.100,5147.2000,10450,0,178204680.000,0,-,-,-,-,5147.2000,5147.0000,5146.6000,5146.4000,5146.0000,5149.6000,5149.8000,5150.0000,5150.2000,5150.8000,1,1,2,1,1,2,4,1,5,2
SF,IC2012,2020-05-11 09:32:15.600,5147.4000,10451,1,179234160.000,1,1,0,双开,S,5147.2000,5147.0000,5146.6000,5146.4000,5146.0000,5149.6000,5149.8000,5150.0000,5150.2000,5150.8000,2,1,2,1,1,2,4,1,5,2
SF,IC2012,2020-05-11 09:32:16.100,5147.4000,10451,0,180263640.000,1,0,1,多换,S,5147.2000,5147.0000,5146.6000,5146.4000,5146.0000,5149.6000,5149.8000,5150.0000,5150.2000,5150.8000,2,1,2,1,1,2,4,1,5,2
SF,IC2012,2020-05-11 09:32:16.600,5147.4000,10451,0,180263640.000,0,-,-,-,-,5147.4000,5147.2000,5147.0000,5146.6000,5146.4000,5149.6000,5149.8000,5150.0000,5150.2000,5150.8000,1,2,1,2,1,2,4,1,5,2
SF,IC2012,2020-05-11 09:32:17.100,5147.4000,10451,0,180263640.000,0,-,-,-,-,5147.4000,5147.2000,5147.0000,5146.6000,5146.4000,5149.6000,5149.8000,5150.0000,5150.2000,5150.8000,1,2,1,2,1,2,4,1,5,2
SF,IC2012,2020-05-11 09:32:17.600,5149.6000,10451,0,181293560.000,1,0,1,多换,S,5148.0000,5147.8000,5147.6000,5147.4000,5147.2000,5149.6000,5149.8000,5150.0000,5150.2000,5150.8000,1,1,1,1,1,2,4,1,5,2
SF,IC2012,2020-05-11 09:32:18.100,5148.0000,10451,0,182323160.000,1,0,1,多换,S,5147.8000,5147.6000,5147.4000,5147.2000,5147.0000,5149.6000,5149.8000,5150.0000,5150.2000,5150.8000,1,1,2,1,1,2,4,1,5,2
SF,IC2012,2020-05-11 09:32:19.100,5148.0000,10451,0,182323160.000,0,-,-,-,-,5147.8000,5147.6000,5147.4000,5147.2000,5147.0000,5149.6000,5149.8000,5150.0000,5150.2000,5150.8000,1,1,1,1,1,2,4,1,5,2
SF,IC2012,2020-05-11 09:32:19.600,5148.2000,10451,0,183352800.000,1,0,1,多换,S,5148.2000,5148.0000,5147.6000,5147.2000,5147.0000,5149.6000,5149.8000,5150.0000,5150.2000,5150.8000,1,1,1,1,1,2,4,1,5,2
SF,IC2012,2020-05-11 09:32:20.100,5148.2000,10451,0,183352800.000,0,-,-,-,-,5148.4000,5148.2000,5147.6000,5147.2000,5147.0000,5149.6000,5149.8000,5150.0000,5150.2000,5150.8000,1,1,1,1,1,2,4,1,5,2
SF,IC2012,2020-05-11 09:32:20.600,5148.2000,10451,0,183352800.000,0,-,-,-,-,5148.4000,5148.2000,5147.2000,5147.0000,5146.6000,5149.6000,5149.8000,5150.0000,5150.2000,5150.8000,1,1,1,1,2,2,4,1,5,2
SF,IC2012,2020-05-11 09:32:21.100,5148.2000,10451,0,183352800.000,0,-,-,-,-,5149.0000,5148.4000,5147.2000,5147.0000,5146.6000,5149.6000,5149.8000,5150.0000,5150.2000,5150.8000,1,1,1,1,2,2,4,1,5,2
SF,IC2012,2020-05-11 09:32:21.600,5149.6000,10451,0,185412640.000,2,1,1,多换,S,5149.6000,5149.0000,5148.8000,5148.4000,5147.2000,5149.8000,5150.0000,5150.2000,5150.8000,5151.4000,3,1,1,1,1,4,1,5,2,2
SF,IC2012,2020-05-11 09:32:22.100,5149.6000,10449,-2,187472480.000,2,0,2,双平,S,5149.0000,5148.8000,5148.4000,5147.2000,5147.0000,5149.8000,5150.0000,5150.2000,5150.8000,5151.4000,1,1,1,1,1,4,1,5,2,2
SF,IC2012,2020-05-11 09:32:22.600,5149.6000,10448,-1,190562240.000,3,1,2,多平,S,5149.6000,5147.2000,5147.0000,5146.6000,5146.0000,5149.8000,5150.0000,5150.2000,5150.8000,5151.4000,4,1,1,1,1,4,1,5,2,2
SF,IC2012,2020-05-11 09:32:23.100,5149.6000,10446,-2,195711840.000,5,1,4,多平,S,5147.0000,5146.6000,5146.0000,5144.2000,5143.2000,5149.6000,5149.8000,5150.0000,5150.2000,5150.8000,1,1,1,1,3,1,5,1,5,2
SF,IC2012,2020-05-11 09:32:23.600,5149.6000,10446,0,195711840.000,0,-,-,-,-,5147.0000,5146.6000,5146.0000,5144.2000,5143.2000,5149.4000,5149.6000,5149.8000,5150.0000,5150.2000,1,1,1,1,3,1,1,5,1,5
SF,IC2012,2020-05-11 09:32:24.100,5149.6000,10446,0,195711840.000,0,-,-,-,-,5147.0000,5146.6000,5146.0000,5144.2000,5143.2000,5149.4000,5149.6000,5149.8000,5150.0000,5150.2000,1,1,1,1,3,1,2,5,1,5
SF,IC2012,2020-05-11 09:32:24.600,5149.6000,10446,0,195711840.000,0,-,-,-,-,5147.4000,5147.2000,5147.0000,5146.6000,5146.0000,5149.6000,5149.8000,5150.0000,5150.2000,5150.8000,2,1,1,1,1,3,5,1,5,2
SF,IC2012,2020-05-11 09:32:25.100,5149.6000,10446,0,195711840.000,0,-,-,-,-,5147.6000,5147.4000,5147.0000,5146.6000,5146.0000,5149.6000,5149.8000,5150.0000,5150.2000,5150.8000,1,2,1,1,1,2,5,1,5,2
SF,IC2012,2020-05-11 09:32:25.600,5149.6000,10446,0,195711840.000,0,-,-,-,-,5147.6000,5147.0000,5146.6000,5146.0000,5144.2000,5149.6000,5149.8000,5150.0000,5150.2000,5150.8000,3,1,1,1,1,3,5,1,5,2
SF,IC2012,2020-05-11 09:32:26.100,5149.6000,10446,0,198801600.000,3,1,2,多换,S,5148.4000,5148.0000,5147.8000,5147.6000,5147.0000,5149.8000,5150.0000,5150.2000,5150.8000,5151.4000,1,1,1,3,1,5,1,5,2,2
SF,IC2012,2020-05-11 09:32:26.600,5149.8000,10444,-2,201891480.000,3,0,3,多平,S,5148.6000,5148.4000,5148.0000,5147.8000,5147.6000,5149.8000,5150.0000,5150.2000,5150.8000,5151.4000,2,1,1,1,3,2,1,5,2,2
SF,IC2012,2020-05-11 09:32:27.100,5149.8000,10444,0,203951400.000,2,1,1,多换,S,5148.6000,5148.4000,5148.0000,5147.8000,5147.6000,5150.0000,5150.2000,5150.8000,5151.4000,5152.0000,2,1,1,1,3,1,5,2,2,3
SF,IC2012,2020-05-11 09:32:27.600,5150.0000,10444,0,204981400.000,1,0,1,多换,S,5148.6000,5148.4000,5148.0000,5147.8000,5147.6000,5150.2000,5150.8000,5151.4000,5152.0000,5152.6000,2,1,1,1,3,5,2,2,3,4
SF,IC2012,2020-05-11 09:32:28.100,5150.0000,10444,0,206011400.000,1,0,1,多换,S,5148.6000,5148.4000,5148.0000,5147.8000,5147.6000,5150.2000,5150.8000,5151.4000,5152.0000,5152.6000,2,1,1,1,3,5,2,2,3,4
SF,IC2012,2020-05-11 09:32:28.600,5150.0000,10444,0,206011400.000,0,-,-,-,-,5148.6000,5148.4000,5148.0000,5147.8000,5147.6000,5150.0000,5150.2000,5150.8000,5151.4000,5152.0000,2,1,1,1,3,1,5,2,2,3
SF,IC2012,2020-05-11 09:32:29.600,5150.0000,10444,0,206011400.000,0,-,-,-,-,5148.6000,5148.4000,5148.0000,5147.6000,5147.0000,5150.0000,5150.2000,5150.8000,5151.4000,5152.0000,2,1,1,3,1,1,5,2,2,3
SF,IC2012,2020-05-11 09:32:30.100,5148.6000,10443,-1,207041120.000,1,0,1,双平,S,5148.6000,5148.4000,5147.6000,5147.0000,5146.8000,5149.8000,5150.0000,5150.2000,5150.8000,5151.4000,1,1,1,1,1,1,1,5,2,2
SF,IC2012,2020-05-11 09:32:30.600,5149.6000,10442,-1,209100720.000,2,0,2,多平,S,5147.0000,5146.8000,5146.6000,5146.0000,5144.2000,5149.6000,5149.8000,5150.2000,5150.8000,5151.4000,1,1,1,1,1,1,1,5,2,2
SF,IC2012,2020-05-11 09:32:31.100,5149.6000,10442,0,209100720.000,0,-,-,-,-,5147.2000,5147.0000,5146.8000,5146.6000,5146.0000,5149.6000,5149.8000,5150.2000,5150.8000,5151.4000,2,1,1,1,1,1,1,5,2,2
SF,IC2012,2020-05-11 09:32:31.600,5149.6000,10442,0,209100720.000,0,-,-,-,-,5147.6000,5147.4000,5147.2000,5147.0000,5146.8000,5149.6000,5150.2000,5150.8000,5151.4000,5152.0000,1,1,2,1,1,1,5,2,2,3
SF,IC2012,2020-05-11 09:32:32.100,5149.6000,10442,0,210130640.000,1,0,1,多换,S,5147.8000,5147.4000,5147.2000,5147.0000,5146.8000,5150.2000,5150.8000,5151.4000,5152.0000,5152.6000,3,1,1,1,1,5,2,2,3,4
SF,IC2012,2020-05-11 09:32:32.600,5149.6000,10442,0,210130640.000,0,-,-,-,-,5148.2000,5147.8000,5147.4000,5147.2000,5147.0000,5150.2000,5150.8000,5151.4000,5152.0000,5152.6000,1,2,1,1,1,5,2,2,3,4
SF,IC2012,2020-05-11 09:32:33.100,5150.2000,10443,1,211160680.000,1,1,0,双开,S,5148.4000,5147.8000,5147.2000,5147.0000,5146.8000,5150.2000,5150.8000,5151.4000,5152.0000,5152.6000,2,1,1,1,1,4,2,2,3,4
SF,IC2012,2020-05-11 09:32:33.600,5150.2000,10443,0,211160680.000,0,-,-,-,-,5148.4000,5147.8000,5147.2000,5147.0000,5146.8000,5150.2000,5150.8000,5151.4000,5152.0000,5152.6000,2,2,1,1,1,4,2,2,3,4
SF,IC2012,2020-05-11 09:32:35.100,5150.2000,10443,0,211160680.000,0,-,-,-,-,5148.4000,5147.8000,5147.2000,5147.0000,5146.8000,5150.2000,5150.8000,5151.4000,5152.0000,5152.6000,2,2,1,1,1,5,2,2,3,4
SF,IC2012,2020-05-11 09:32:35.600,5150.2000,10443,0,211160680.000,0,-,-,-,-,5148.4000,5147.8000,5147.2000,5147.0000,5146.8000,5150.2000,5150.8000,5151.4000,5152.0000,5152.6000,2,2,1,1,1,5,2,2,3,4
SF,IC2012,2020-05-11 09:32:36.600,5150.2000,10442,-1,213220760.000,2,0,2,多平,S,5148.4000,5147.8000,5147.2000,5147.0000,5146.8000,5150.2000,5150.8000,5151.4000,5152.0000,5152.6000,2,2,1,1,1,3,2,2,3,4
SF,IC2012,2020-05-11 09:32:37.600,5150.2000,10441,-1,214250800.000,1,0,1,双平,S,5148.6000,5148.4000,5147.8000,5147.2000,5147.0000,5149.6000,5150.2000,5150.8000,5151.4000,5152.0000,1,2,2,1,1,1,2,2,2,3
SF,IC2012,2020-05-11 09:32:38.100,5150.2000,10440,-1,216310760.000,2,0,2,多平,S,5148.6000,5148.4000,5147.8000,5147.2000,5147.0000,5149.6000,5150.2000,5150.8000,5151.4000,5152.0000,1,1,2,1,1,1,1,2,2,3
SF,IC2012,2020-05-11 09:32:38.600,5149.6000,10440,0,218370600.000,2,1,1,多换,S,5148.8000,5148.6000,5148.4000,5147.8000,5147.2000,5150.2000,5150.8000,5151.4000,5152.0000,5152.6000,1,1,1,2,1,1,2,2,3,4
SF,IC2012,2020-05-11 09:32:39.100,5149.6000,10440,0,218370600.000,0,-,-,-,-,5148.8000,5148.6000,5148.4000,5147.8000,5147.0000,5150.2000,5150.8000,5151.4000,5152.0000,5152.6000,1,1,1,2,1,1,2,2,3,4
SF,IC2012,2020-05-11 09:32:39.600,5149.6000,10440,0,218370600.000,0,-,-,-,-,5148.8000,5148.6000,5148.4000,5147.8000,5147.0000,5150.2000,5150.8000,5151.4000,5152.0000,5152.4000,1,1,1,2,1,1,2,2,3,1
SF,IC2012,2020-05-11 09:32:40.100,5149.6000,10440,0,218370600.000,0,-,-,-,-,5149.0000,5148.8000,5148.6000,5148.4000,5147.8000,5150.2000,5150.8000,5151.4000,5152.0000,5152.4000,1,1,1,1,2,1,2,2,3,1
SF,IC2012,2020-05-11 09:32:40.600,5150.2000,10441,1,219400640.000,1,1,0,双开,S,5149.2000,5149.0000,5148.8000,5148.6000,5147.8000,5150.8000,5151.4000,5152.0000,5152.4000,5152.6000,1,1,1,1,2,2,2,3,1,4
SF,IC2012,2020-05-11 09:32:41.100,5150.2000,10441,0,219400640.000,0,-,-,-,-,5149.2000,5149.0000,5148.8000,5147.8000,5147.0000,5150.8000,5151.4000,5152.0000,5152.4000,5152.6000,1,1,1,2,1,2,2,3,1,4
SF,IC2012,2020-05-11 09:32:41.600,5150.2000,10441,0,219400640.000,0,-,-,-,-,5149.6000,5149.4000,5149.0000,5147.8000,5147.0000,5150.8000,5151.4000,5152.0000,5152.4000,5152.6000,1,1,1,2,1,2,2,3,1,4
SF,IC2012,2020-05-11 09:32:42.100,5150.2000,10441,0,219400640.000,0,-,-,-,-,5149.6000,5149.4000,5149.0000,5147.8000,5147.0000,5150.6000,5150.8000,5151.4000,5152.0000,5152.4000,1,1,1,2,1,1,2,2,3,1
SF,IC2012,2020-05-11 09:32:42.600,5150.2000,10441,0,219400640.000,0,-,-,-,-,5149.6000,5149.4000,5147.8000,5147.0000,5146.8000,5150.6000,5150.8000,5151.4000,5152.0000,5152.4000,1,1,2,1,1,1,2,2,3,1
SF,IC2012,2020-05-11 09:32:43.100,5149.6000,10441,0,220430560.000,1,0,1,多换,S,5150.2000,5149.4000,5147.8000,5147.0000,5146.8000,5150.6000,5150.8000,5151.4000,5152.0000,5152.4000,1,1,1,1,1,1,2,2,3,1
SF,IC2012,2020-05-11 09:32:43.600,5150.0000,10441,0,221460560.000,1,0,1,多换,S,5147.8000,5147.0000,5146.8000,5146.6000,5146.0000,5150.6000,5150.8000,5151.4000,5152.0000,5152.4000,1,1,1,1,1,1,2,2,3,1
SF,IC2012,2020-05-11 09:32:44.100,5150.6000,10441,0,222490680.000,1,0,1,多换,S,5148.6000,5148.2000,5148.0000,5147.8000,5147.0000,5150.2000,5150.8000,5151.4000,5152.0000,5152.4000,1,1,2,1,1,1,2,2,3,1
SF,IC2012,2020-05-11 09:32:44.600,5150.2000,10441,0,223520720.000,1,0,1,多换,S,5148.8000,5148.6000,5148.0000,5147.8000,5147.0000,5150.8000,5151.4000,5152.0000,5152.4000,5152.6000,2,1,1,1,1,2,2,3,1,4
SF,IC2012,2020-05-11 09:32:45.100,5150.2000,10441,0,223520720.000,0,-,-,-,-,5150.6000,5150.2000,5149.0000,5148.8000,5148.6000,5150.8000,5151.4000,5152.0000,5152.4000,5152.6000,1,1,2,1,1,2,2,3,1,4
SF,IC2012,2020-05-11 09:32:45.600,5150.4000,10440,-1,224550800.000,1,0,1,双平,S,5149.0000,5148.8000,5148.6000,5147.8000,5147.0000,5150.8000,5151.4000,5152.0000,5152.4000,5152.6000,1,1,1,1,1,2,2,3,1,4
SF,IC2012,2020-05-11 09:32:46.100,5150.8000,10440,0,226611120.000,2,1,1,多换,S,5149.0000,5148.8000,5148.6000,5147.8000,5147.0000,5151.4000,5152.0000,5152.4000,5152.6000,5153.2000,1,1,1,1,1,2,3,1,4,2
SF,IC2012,2020-05-11 09:32:46.600,5150.8000,10440,0,226611120.000,0,-,-,-,-,5150.4000,5148.8000,5148.6000,5147.8000,5147.0000,5150.6000,5151.2000,5151.4000,5152.0000,5152.4000,1,1,1,1,1,1,1,2,3,1
SF,IC2012,2020-05-11 09:32:47.100,5150.6000,10440,0,227641240.000,1,0,1,多换,S,5150.4000,5148.8000,5148.6000,5147.8000,5147.0000,5151.2000,5151.4000,5152.0000,5152.4000,5152.6000,1,1,1,1,1,1,2,3,1,4
SF,IC2012,2020-05-11 09:32:47.600,5150.6000,10440,0,227641240.000,0,-,-,-,-,5150.6000,5150.4000,5148.8000,5148.6000,5147.8000,5151.2000,5151.4000,5152.0000,5152.4000,5152.6000,1,1,1,1,1,1,2,3,1,4
SF,IC2012,2020-05-11 09:32:48.100,5151.0000,10439,-1,228671440.000,1,0,1,双平,S,5150.6000,5149.8000,5148.8000,5148.6000,5147.8000,5151.2000,5151.4000,5152.0000,5152.4000,5152.6000,1,1,1,1,1,1,2,3,1,4
SF,IC2012,2020-05-11 09:32:48.600,5151.2000,10439,0,231762200.000,3,1,2,多换,S,5151.2000,5150.6000,5149.8000,5149.0000,5148.8000,5151.4000,5152.0000,5152.4000,5152.6000,5153.2000,1,1,1,1,1,1,3,1,4,2
SF,IC2012,2020-05-11 09:32:49.100,5151.4000,10440,1,232792480.000,1,1,0,双开,S,5151.2000,5150.6000,5149.8000,5149.0000,5148.8000,5152.0000,5152.4000,5152.6000,5153.2000,5153.8000,2,1,1,1,1,3,1,4,2,3
SF,IC2012,2020-05-11 09:32:49.600,5151.4000,10440,0,232792480.000,0,-,-,-,-,5151.2000,5150.6000,5149.8000,5149.0000,5148.8000,5152.0000,5152.4000,5152.6000,5153.2000,5153.8000,2,1,1,1,1,3,1,4,2,3
SF,IC2012,2020-05-11 09:32:50.100,5152.4000,10440,0,236914160.000,4,2,2,多换,S,5151.6000,5151.2000,5150.6000,5149.8000,5149.0000,5152.6000,5153.2000,5153.8000,5154.4000,5156.8000,1,1,1,1,1,4,2,3,2,1
SF,IC2012,2020-05-11 09:32:50.600,5152.6000,10438,-2,241035680.000,4,1,3,多平,S,5152.0000,5151.2000,5150.6000,5149.8000,5149.0000,5152.6000,5153.2000,5153.8000,5154.4000,5156.8000,3,1,1,1,1,3,2,3,2,1
SF,IC2012,2020-05-11 09:32:51.100,5152.6000,10438,0,241035680.000,0,-,-,-,-,5152.0000,5151.2000,5150.6000,5149.8000,5147.8000,5152.6000,5153.2000,5153.8000,5154.4000,5156.8000,3,1,1,1,1,3,2,3,2,1
SF,IC2012,2020-05-11 09:32:51.600,5151.2000,10435,-3,245157120.000,4,0,4,多平,S,5149.8000,5147.8000,5147.0000,5146.8000,5146.6000,5151.6000,5152.6000,5153.2000,5153.8000,5154.4000,1,1,1,1,1,1,3,2,3,2
SF,IC2012,2020-05-11 09:32:52.100,5151.2000,10435,0,245157120.000,0,-,-,-,-,5149.8000,5148.6000,5147.8000,5147.0000,5146.8000,5151.4000,5151.6000,5152.6000,5152.8000,5153.2000,1,1,1,1,1,1,1,3,1,2
SF,IC2012,2020-05-11 09:32:52.600,5151.2000,10435,0,245157120.000,0,-,-,-,-,5149.8000,5148.6000,5147.8000,5147.0000,5146.8000,5151.4000,5151.6000,5152.0000,5152.6000,5152.8000,1,4,1,1,1,1,1,1,3,1
SF,IC2012,2020-05-11 09:32:53.100,5151.2000,10435,0,245157120.000,0,-,-,-,-,5150.0000,5149.8000,5148.6000,5147.8000,5147.0000,5151.4000,5151.6000,5152.0000,5152.6000,5152.8000,1,1,4,1,1,1,1,1,3,1
SF,IC2012,2020-05-11 09:32:53.600,5151.2000,10435,0,245157120.000,0,-,-,-,-,5149.8000,5148.6000,5147.8000,5147.0000,5146.6000,5151.2000,5151.4000,5151.6000,5152.0000,5152.6000,1,4,1,1,1,1,1,1,1,3
SF,IC2012,2020-05-11 09:32:54.100,5151.2000,10435,0,246187360.000,1,0,1,多换,S,5149.8000,5148.6000,5147.8000,5147.0000,5146.6000,5151.4000,5151.6000,5152.0000,5152.6000,5152.8000,1,4,1,1,1,1,1,1,3,1
SF,IC2012,2020-05-11 09:32:55.600,5151.4000,10434,-1,247217640.000,1,0,1,双平,S,5150.0000,5149.8000,5148.6000,5147.8000,5147.0000,5152.0000,5152.6000,5152.8000,5153.2000,5153.8000,2,2,4,1,1,1,3,1,2,3
SF,IC2012,2020-05-11 09:32:56.100,5151.4000,10434,0,247217640.000,0,-,-,-,-,5151.6000,5150.2000,5150.0000,5149.8000,5148.6000,5152.0000,5152.6000,5152.8000,5153.2000,5153.8000,1,1,2,2,4,1,3,1,2,3
SF,IC2012,2020-05-11 09:32:56.600,5151.4000,10434,0,247217640.000,0,-,-,-,-,5150.2000,5150.0000,5149.8000,5148.6000,5147.8000,5152.0000,5152.6000,5152.8000,5153.2000,5153.8000,1,1,2,3,1,3,3,1,2,3
SF,IC2012,2020-05-11 09:32:57.100,5151.4000,10434,0,247217640.000,0,-,-,-,-,5150.2000,5149.8000,5148.8000,5148.6000,5147.8000,5152.0000,5152.6000,5152.8000,5153.2000,5153.8000,1,2,1,3,1,3,3,1,2,4
SF,IC2012,2020-05-11 09:32:57.600,5151.4000,10434,0,247217640.000,0,-,-,-,-,5150.8000,5150.2000,5149.8000,5148.8000,5148.6000,5152.0000,5152.6000,5152.8000,5153.2000,5153.8000,1,2,2,1,3,3,3,1,2,4
SF,IC2012,2020-05-11 09:32:58.100,5151.4000,10434,0,247217640.000,0,-,-,-,-,5151.0000,5150.8000,5150.6000,5150.2000,5149.8000,5152.0000,5152.6000,5152.8000,5153.2000,5153.8000,1,1,1,1,2,3,3,1,2,4
SF,IC2012,2020-05-11 09:32:58.600,5151.4000,10434,0,247217640.000,0,-,-,-,-,5150.8000,5150.6000,5150.2000,5149.8000,5148.8000,5151.0000,5152.0000,5152.6000,5152.8000,5153.2000,1,1,1,2,1,1,3,3,1,2
SF,IC2012,2020-05-11 09:32:59.100,5152.0000,10433,-1,249278240.000,2,0,2,多平,S,5150.8000,5150.6000,5149.8000,5148.8000,5148.6000,5151.0000,5152.6000,5152.8000,5153.2000,5153.8000,1,1,2,1,3,2,3,1,2,3
SF,IC2012,2020-05-11 09:32:59.600,5151.0000,10433,0,251338640.000,2,1,1,多换,S,5150.8000,5149.8000,5148.8000,5148.6000,5147.8000,5152.6000,5152.8000,5153.2000,5153.8000,5154.4000,1,2,1,3,1,3,1,2,3,2
SF,IC2012,2020-05-11 09:33:00.100,5151.0000,10433,0,251338640.000,0,-,-,-,-,5151.0000,5150.8000,5149.8000,5148.8000,5148.6000,5152.6000,5152.8000,5153.2000,5153.8000,5154.0000,4,1,2,1,3,3,1,2,3,1
SF,IC2012,2020-05-11 09:33:00.600,5151.0000,10433,0,251338640.000,0,-,-,-,-,5151.2000,5151.0000,5150.8000,5149.8000,5148.8000,5152.6000,5152.8000,5153.2000,5153.8000,5154.0000,1,3,2,2,1,3,1,2,3,1
SF,IC2012,2020-05-11 09:33:01.100,5151.0000,10433,0,251338640.000,0,-,-,-,-,5151.2000,5151.0000,5150.8000,5149.8000,5148.6000,5152.6000,5152.8000,5153.2000,5153.8000,5154.0000,1,2,2,2,3,3,1,2,3,1
SF,IC2012,2020-05-11 09:33:01.600,5151.0000,10433,0,251338640.000,0,-,-,-,-,5151.4000,5151.2000,5151.0000,5150.8000,5149.8000,5152.6000,5152.8000,5153.2000,5153.8000,5154.0000,1,1,2,1,2,3,1,2,3,1
SF,IC2012,2020-05-11 09:33:02.100,5151.0000,10433,0,251338640.000,0,-,-,-,-,5151.4000,5151.2000,5151.0000,5150.8000,5150.0000,5152.6000,5152.8000,5153.2000,5153.8000,5154.0000,1,1,2,1,1,3,1,2,3,1
SF,IC2012,2020-05-11 09:33:02.600,5152.6000,10433,0,252369160.000,1,0,1,多换,S,5151.6000,5151.4000,5151.0000,5150.8000,5150.0000,5152.6000,5152.8000,5153.2000,5153.8000,5154.0000,2,1,2,1,1,3,1,2,3,1
SF,IC2012,2020-05-11 09:33:03.100,5152.6000,10433,0,253399680.000,1,0,1,多换,S,5151.6000,5151.4000,5151.0000,5150.8000,5150.0000,5152.6000,5153.2000,5153.8000,5154.0000,5154.4000,2,1,2,1,1,2,2,3,1,2
SF,IC2012,2020-05-11 09:33:03.600,5152.6000,10434,1,254430200.000,1,1,0,双开,S,5151.6000,5151.4000,5151.0000,5150.8000,5150.0000,5152.6000,5153.2000,5153.8000,5154.0000,5154.4000,2,1,2,1,1,1,2,3,1,2
SF,IC2012,2020-05-11 09:33:04.600,5152.6000,10433,-1,255460720.000,1,0,1,双平,S,5152.6000,5151.6000,5151.0000,5150.8000,5150.0000,5153.2000,5153.8000,5154.0000,5154.4000,5156.8000,1,2,2,1,1,2,3,1,2,1
SF,IC2012,2020-05-11 09:33:05.100,5153.2000,10433,0,257522000.000,2,1,1,多换,S,5152.6000,5151.0000,5150.8000,5150.0000,5149.8000,5153.8000,5154.0000,5154.4000,5156.8000,5159.6000,1,2,1,1,1,3,1,2,1,2
SF,IC2012,2020-05-11 09:33:05.600,5153.2000,10433,0,257522000.000,0,-,-,-,-,5153.0000,5152.8000,5151.0000,5150.8000,5150.0000,5153.8000,5154.0000,5154.4000,5155.2000,5156.8000,1,1,2,1,1,3,1,2,1,1
SF,IC2012,2020-05-11 09:33:06.600,5153.2000,10433,0,257522000.000,0,-,-,-,-,5151.0000,5150.8000,5150.0000,5149.8000,5148.6000,5153.8000,5154.0000,5154.4000,5155.2000,5156.8000,2,1,1,1,3,3,1,2,1,1
SF,IC2012,2020-05-11 09:33:07.100,5154.0000,10433,0,261645080.000,4,2,2,多换,S,5153.4000,5151.4000,5151.2000,5151.0000,5150.0000,5154.4000,5155.2000,5156.2000,5156.8000,5159.6000,1,2,3,2,1,2,1,1,1,2
SF,IC2012,2020-05-11 09:33:07.600,5154.4000,10433,0,262675960.000,1,0,1,多换,S,5153.6000,5153.4000,5152.4000,5151.2000,5151.0000,5154.4000,5156.2000,5156.8000,5159.6000,5165.8000,1,1,1,3,1,1,1,1,2,1
SF,IC2012,2020-05-11 09:33:08.100,5154.4000,10433,0,263706840.000,1,0,1,多换,S,5152.4000,5151.2000,5151.0000,5150.0000,5149.8000,5156.2000,5156.8000,5159.6000,5165.8000,5166.0000,1,3,1,1,1,1,1,2,1,1
SF,IC2012,2020-05-11 09:33:08.600,5154.4000,10433,0,263706840.000,0,-,-,-,-,5153.8000,5152.6000,5152.4000,5151.4000,5151.2000,5156.2000,5156.8000,5157.2000,5159.6000,5165.8000,1,1,1,1,3,1,1,1,2,1
SF,IC2012,2020-05-11 09:33:09.100,5154.2000,10433,0,264737680.000,1,0,1,多换,S,5154.2000,5154.0000,5153.8000,5151.4000,5151.2000,5156.2000,5156.8000,5157.2000,5159.6000,5165.8000,1,1,2,1,1,1,1,1,2,1
SF,IC2012,2020-05-11 09:33:09.600,5154.2000,10433,0,264737680.000,0,-,-,-,-,5154.6000,5154.4000,5154.2000,5153.8000,5151.4000,5156.8000,5157.2000,5159.6000,5165.8000,5166.0000,1,2,1,1,1,1,1,2,1,1
SF,IC2012,2020-05-11 09:33:10.100,5156.8000,10433,0,265769040.000,1,0,1,多换,S,5154.6000,5154.4000,5154.2000,5151.4000,5150.0000,5157.2000,5159.6000,5165.8000,5166.0000,5168.6000,2,1,1,1,1,1,2,1,1,1
SF,IC2012,2020-05-11 09:33:10.600,5156.8000,10433,0,265769040.000,0,-,-,-,-,5154.8000,5154.6000,5154.4000,5151.4000,5150.0000,5157.0000,5157.2000,5159.6000,5165.8000,5166.0000,1,1,1,1,1,2,1,2,1,1
SF,IC2012,2020-05-11 09:33:11.100,5154.8000,10434,1,267831360.000,2,1,1,空开,S,5154.6000,5154.4000,5150.0000,5148.6000,5147.8000,5157.0000,5157.2000,5159.6000,5165.8000,5166.0000,1,1,1,3,1,2,1,2,1,1
SF,IC2012,2020-05-11 09:33:11.600,5154.8000,10434,0,267831360.000,0,-,-,-,-,5155.2000,5154.6000,5151.4000,5150.0000,5148.6000,5157.0000,5157.2000,5159.6000,5165.8000,5166.0000,1,1,1,1,3,2,1,2,1,1
SF,IC2012,2020-05-11 09:33:12.100,5154.8000,10434,0,267831360.000,0,-,-,-,-,5151.4000,5150.0000,5148.6000,5147.8000,5147.0000,5157.0000,5157.2000,5159.6000,5165.8000,5166.0000,1,1,3,1,1,2,1,2,1,1
SF,IC2012,2020-05-11 09:33:12.600,5154.8000,10434,0,267831360.000,0,-,-,-,-,5155.0000,5153.8000,5151.6000,5151.4000,5150.0000,5156.8000,5157.0000,5157.2000,5159.6000,5165.8000,1,1,2,1,1,1,2,1,2,1
SF,IC2012,2020-05-11 09:33:13.100,5154.8000,10434,0,267831360.000,0,-,-,-,-,5155.0000,5153.8000,5151.6000,5151.4000,5148.6000,5155.2000,5156.6000,5157.0000,5157.2000,5159.6000,1,1,1,1,3,1,1,1,1,2
SF,IC2012,2020-05-11 09:33:13.600,5155.2000,10435,1,268862400.000,1,1,0,双开,S,5153.8000,5151.6000,5151.4000,5148.6000,5147.8000,5156.6000,5157.0000,5157.2000,5159.6000,5165.8000,1,1,1,3,1,1,1,1,2,1
SF,IC2012,2020-05-11 09:33:14.100,5155.2000,10435,0,268862400.000,0,-,-,-,-,5153.8000,5151.6000,5151.4000,5150.8000,5148.6000,5155.0000,5156.6000,5157.0000,5157.2000,5159.6000,1,1,1,1,3,1,1,1,1,2
SF,IC2012,2020-05-11 09:33:14.600,5155.2000,10435,0,269893440.000,1,0,1,多换,S,5154.0000,5153.8000,5151.6000,5151.4000,5150.8000,5156.6000,5157.0000,5157.2000,5159.6000,5165.8000,1,1,1,1,1,1,1,1,2,1
SF,IC2012,2020-05-11 09:33:15.100,5155.2000,10435,0,269893440.000,0,-,-,-,-,5154.0000,5153.8000,5151.6000,5151.4000,5150.8000,5156.6000,5157.0000,5157.2000,5159.6000,5165.8000,2,1,1,1,1,1,1,1,2,1
SF,IC2012,2020-05-11 09:33:15.600,5155.2000,10435,0,269893440.000,0,-,-,-,-,5154.0000,5151.6000,5151.4000,5150.8000,5148.6000,5156.6000,5157.0000,5157.2000,5159.6000,5165.8000,2,1,1,1,3,1,1,1,2,1
SF,IC2012,2020-05-11 09:33:16.600,5155.2000,10435,0,269893440.000,0,-,-,-,-,5154.2000,5154.0000,5151.6000,5151.4000,5150.8000,5156.6000,5157.0000,5157.2000,5159.6000,5165.8000,1,1,1,1,1,1,1,1,2,1
SF,IC2012,2020-05-11 09:33:17.100,5155.2000,10435,0,269893440.000,0,-,-,-,-,5154.2000,5151.6000,5151.4000,5150.8000,5148.6000,5156.6000,5157.0000,5157.2000,5159.6000,5165.8000,1,1,1,1,3,2,1,1,2,1
SF,IC2012,2020-05-11 09:33:17.600,5154.2000,10434,-1,270924280.000,1,0,1,双平,S,5153.6000,5152.0000,5151.6000,5151.4000,5150.8000,5156.2000,5156.6000,5157.0000,5157.2000,5159.6000,1,1,1,1,1,1,3,1,1,2
SF,IC2012,2020-05-11 09:33:18.100,5153.6000,10433,-1,271955000.000,1,0,1,双平,S,5152.0000,5151.4000,5150.8000,5148.6000,5147.8000,5156.2000,5156.6000,5157.0000,5157.2000,5159.6000,1,1,1,3,1,1,3,1,1,2
SF,IC2012,2020-05-11 09:33:18.600,5153.6000,10433,0,271955000.000,0,-,-,-,-,5152.0000,5151.4000,5150.8000,5148.6000,5147.8000,5156.0000,5156.2000,5156.6000,5157.0000,5157.2000,1,1,1,3,1,1,1,3,1,1
SF,IC2012,2020-05-11 09:33:19.100,5153.6000,10433,0,271955000.000,0,-,-,-,-,5152.0000,5151.4000,5148.6000,5147.8000,5147.0000,5155.8000,5156.0000,5156.6000,5157.0000,5157.2000,1,1,3,1,5,1,1,3,1,1
SF,IC2012,2020-05-11 09:33:19.600,5153.6000,10433,0,271955000.000,0,-,-,-,-,5152.0000,5151.4000,5148.6000,5147.8000,5147.0000,5155.6000,5155.8000,5156.6000,5157.0000,5157.2000,1,1,3,1,5,1,1,3,1,1
SF,IC2012,2020-05-11 09:33:20.100,5153.6000,10433,0,271955000.000,0,-,-,-,-,5152.0000,5151.4000,5148.6000,5147.8000,5147.0000,5155.6000,5156.6000,5157.0000,5157.2000,5165.8000,1,1,3,1,5,1,3,1,1,1
SF,IC2012,2020-05-11 09:33:20.600,5153.6000,10433,0,271955000.000,0,-,-,-,-,5152.2000,5152.0000,5151.4000,5148.6000,5147.8000,5155.6000,5156.6000,5157.0000,5157.2000,5165.8000,1,1,1,3,1,1,3,1,1,1
SF,IC2012,2020-05-11 09:33:21.100,5153.6000,10433,0,271955000.000,0,-,-,-,-,5152.2000,5152.0000,5151.4000,5148.6000,5147.8000,5155.4000,5155.6000,5156.6000,5157.0000,5157.2000,1,1,1,3,1,1,1,3,1,1
SF,IC2012,2020-05-11 09:33:21.600,5153.6000,10433,0,271955000.000,0,-,-,-,-,5152.2000,5152.0000,5151.4000,5148.6000,5147.8000,5155.2000,5155.4000,5156.6000,5157.0000,5157.2000,1,1,1,3,1,1,1,3,1,1
SF,IC2012,2020-05-11 09:33:22.600,5155.2000,10433,0,272986040.000,1,0,1,多换,S,5152.2000,5152.0000,5151.4000,5148.6000,5147.8000,5155.4000,5156.6000,5157.0000,5157.2000,5165.8000,1,1,1,3,1,1,3,1,1,1
SF,IC2012,2020-05-11 09:33:23.100,5155.2000,10433,0,272986040.000,0,-,-,-,-,5152.2000,5152.0000,5151.4000,5148.6000,5147.8000,5155.2000,5155.4000,5156.6000,5157.0000,5157.2000,1,1,1,3,1,1,1,3,1,1
SF,IC2012,2020-05-11 09:33:24.100,5155.2000,10433,0,272986040.000,0,-,-,-,-,5152.4000,5152.2000,5152.0000,5151.4000,5148.6000,5155.0000,5155.2000,5156.6000,5157.0000,5157.2000,1,1,1,1,3,1,1,3,1,1
SF,IC2012,2020-05-11 09:33:24.600,5155.2000,10433,0,272986040.000,0,-,-,-,-,5152.4000,5152.2000,5152.0000,5151.4000,5148.6000,5154.8000,5155.0000,5155.2000,5156.6000,5157.0000,1,1,1,1,3,1,1,1,3,1
SF,IC2012,2020-05-11 09:33:25.100,5155.2000,10433,0,272986040.000,0,-,-,-,-,5152.6000,5152.4000,5152.0000,5151.4000,5148.6000,5155.0000,5156.6000,5157.0000,5165.8000,5166.0000,1,1,1,1,3,1,3,1,1,1
SF,IC2012,2020-05-11 09:33:25.600,5155.2000,10433,0,272986040.000,0,-,-,-,-,5152.8000,5152.6000,5152.4000,5152.0000,5151.4000,5155.0000,5156.6000,5157.0000,5165.8000,5166.0000,1,1,1,1,1,1,3,1,1,1
SF,IC2012,2020-05-11 09:33:26.100,5153.0000,10433,0,274016640.000,1,0,1,多换,S,5152.4000,5152.0000,5151.4000,5148.6000,5147.8000,5155.0000,5155.2000,5156.6000,5157.0000,5165.8000,1,1,1,3,1,1,1,3,1,1
SF,IC2012,2020-05-11 09:33:26.600,5153.0000,10433,0,274016640.000,0,-,-,-,-,5152.4000,5152.0000,5151.4000,5148.6000,5147.8000,5154.8000,5155.0000,5155.2000,5156.6000,5157.0000,1,1,1,3,1,1,1,1,3,1
SF,IC2012,2020-05-11 09:33:27.100,5153.0000,10433,0,274016640.000,0,-,-,-,-,5152.4000,5152.0000,5151.4000,5148.6000,5147.8000,5154.8000,5155.0000,5155.2000,5155.6000,5156.6000,1,1,1,3,1,1,1,1,2,3
SF,IC2012,2020-05-11 09:33:27.600,5153.0000,10433,0,274016640.000,0,-,-,-,-,5152.8000,5152.6000,5152.4000,5152.0000,5151.4000,5154.8000,5155.0000,5155.2000,5155.6000,5156.6000,1,1,1,1,1,1,1,1,2,3
SF,IC2012,2020-05-11 09:33:28.100,5152.8000,10432,-1,275047200.000,1,0,1,双平,S,5152.6000,5152.4000,5152.0000,5151.4000,5148.6000,5154.4000,5154.8000,5155.0000,5155.2000,5155.6000,1,1,1,1,3,1,1,1,1,2
SF,IC2012,2020-05-11 09:33:28.600,5152.8000,10432,0,275047200.000,0,-,-,-,-,5152.6000,5152.0000,5151.4000,5148.6000,5147.8000,5154.2000,5154.4000,5155.0000,5155.2000,5155.6000,1,1,1,3,1,1,1,1,1,2
SF,IC2012,2020-05-11 09:33:29.600,5154.2000,10432,0,276078040.000,1,0,1,多换,S,5152.6000,5152.0000,5151.4000,5148.6000,5147.8000,5154.4000,5155.0000,5155.2000,5155.6000,5156.2000,1,1,1,3,1,1,1,1,2,2
SF,IC2012,2020-05-11 09:33:30.100,5154.2000,10432,0,276078040.000,0,-,-,-,-,5152.6000,5152.0000,5151.4000,5148.6000,5147.8000,5154.4000,5155.0000,5155.2000,5155.6000,5156.2000,1,1,1,3,1,2,1,1,2,2
SF,IC2012,2020-05-11 09:33:31.100,5152.6000,10432,0,277108560.000,1,0,1,多换,S,5152.0000,5151.4000,5148.6000,5147.8000,5147.0000,5154.4000,5155.0000,5155.2000,5155.6000,5156.2000,1,1,3,1,1,2,1,1,2,2
SF,IC2012,2020-05-11 09:33:31.600,5152.6000,10432,0,277108560.000,0,-,-,-,-,5152.0000,5151.4000,5148.6000,5147.8000,5147.0000,5154.2000,5154.4000,5155.0000,5155.2000,5155.6000,1,1,3,1,1,1,2,1,1,2
SF,IC2012,2020-05-11 09:33:32.100,5152.6000,10432,0,277108560.000,0,-,-,-,-,5152.0000,5151.4000,5148.6000,5147.8000,5147.0000,5154.0000,5154.2000,5154.4000,5155.0000,5155.2000,1,1,3,1,1,1,1,1,1,1
SF,IC2012,2020-05-11 09:33:33.600,5152.6000,10432,0,277108560.000,0,-,-,-,-,5152.2000,5152.0000,5151.6000,5151.4000,5148.6000,5154.0000,5154.2000,5154.4000,5155.0000,5155.2000,1,1,1,1,3,1,1,1,1,1
SF,IC2012,2020-05-11 09:33:34.100,5152.6000,10432,0,277108560.000,0,-,-,-,-,5152.4000,5152.2000,5152.0000,5151.6000,5151.4000,5152.8000,5154.0000,5154.4000,5155.0000,5155.2000,1,1,1,1,1,1,1,1,1,1
SF,IC2012,2020-05-11 09:33:34.600,5152.8000,10431,-1,278139120.000,1,0,1,双平,S,5152.8000,5152.0000,5151.6000,5151.4000,5148.6000,5154.0000,5154.4000,5155.0000,5155.2000,5155.6000,1,1,1,1,3,1,1,1,1,2
SF,IC2012,2020-05-11 09:33:35.100,5152.8000,10431,0,278139120.000,0,-,-,-,-,5152.8000,5152.0000,5151.6000,5151.4000,5148.6000,5153.8000,5154.0000,5154.4000,5155.0000,5155.2000,1,1,1,1,3,1,1,1,1,1
SF,IC2012,2020-05-11 09:33:35.600,5152.8000,10431,0,279169680.000,1,0,1,多换,S,5152.0000,5151.6000,5151.4000,5148.6000,5147.8000,5153.8000,5154.0000,5154.4000,5155.0000,5155.2000,1,1,1,3,1,2,1,1,1,1
SF,IC2012,2020-05-11 09:33:36.100,5152.8000,10431,0,279169680.000,0,-,-,-,-,5152.0000,5151.6000,5151.4000,5148.6000,5147.8000,5152.4000,5153.6000,5153.8000,5154.0000,5154.4000,1,1,1,3,1,1,1,2,1,1
SF,IC2012,2020-05-11 09:33:36.600,5152.0000,10430,-1,281230480.000,2,0,2,多平,S,5151.6000,5151.4000,5148.6000,5147.8000,5147.0000,5152.4000,5153.6000,5153.8000,5154.0000,5154.4000,1,1,3,1,1,1,1,1,1,1
SF,IC2012,2020-05-11 09:33:37.100,5152.4000,10429,-1,282260960.000,1,0,1,双平,S,5151.6000,5151.4000,5148.6000,5147.8000,5147.0000,5153.6000,5153.8000,5154.0000,5154.4000,5155.0000,1,1,3,1,1,1,1,1,1,1
SF,IC2012,2020-05-11 09:33:38.100,5151.6000,10429,0,283291280.000,1,0,1,多换,S,5151.4000,5148.6000,5147.8000,5147.0000,5146.6000,5153.4000,5153.6000,5153.8000,5154.0000,5154.4000,1,3,1,1,1,2,1,1,1,1
SF,IC2012,2020-05-11 09:33:38.600,5151.4000,10429,0,284321560.000,1,0,1,多换,S,5148.6000,5147.8000,5147.0000,5146.6000,5146.0000,5153.2000,5153.4000,5153.8000,5154.0000,5154.4000,3,1,1,1,1,2,1,1,1,1
SF,IC2012,2020-05-11 09:33:39.100,5151.4000,10429,0,285351840.000,1,0,1,多换,S,5148.8000,5148.6000,5147.8000,5147.0000,5146.6000,5153.0000,5153.2000,5153.4000,5153.8000,5154.0000,1,4,1,1,1,1,2,1,1,1
SF,IC2012,2020-05-11 09:33:39.600,5151.4000,10429,0,285351840.000,0,-,-,-,-,5148.8000,5148.6000,5147.8000,5147.0000,5146.6000,5152.8000,5153.0000,5153.2000,5153.4000,5153.8000,1,4,1,1,1,1,1,1,1,1
SF,IC2012,2020-05-11 09:33:40.100,5151.4000,10429,0,285351840.000,0,-,-,-,-,5148.8000,5148.6000,5147.8000,5147.0000,5146.6000,5152.8000,5153.0000,5153.4000,5153.8000,5154.0000,1,4,1,1,1,1,1,1,1,1
SF,IC2012,2020-05-11 09:33:40.600,5151.4000,10429,0,285351840.000,0,-,-,-,-,5148.8000,5148.6000,5147.8000,5147.0000,5146.6000,5152.8000,5153.4000,5153.8000,5154.0000,5154.4000,1,4,1,1,1,1,1,1,1,1
SF,IC2012,2020-05-11 09:33:41.100,5151.4000,10429,0,285351840.000,0,-,-,-,-,5149.0000,5148.8000,5148.6000,5147.8000,5147.0000,5152.8000,5154.0000,5154.4000,5155.0000,5155.2000,1,1,4,1,1,1,1,1,1,1
SF,IC2012,2020-05-11 09:33:41.600,5151.4000,10429,0,285351840.000,0,-,-,-,-,5149.2000,5149.0000,5148.6000,5147.8000,5147.0000,5152.8000,5154.0000,5154.4000,5155.0000,5155.2000,2,1,4,1,1,1,1,1,2,1
SF,IC2012,2020-05-11 09:33:42.600,5149.2000,10427,-2,287411560.000,2,0,2,双平,S,5150.6000,5149.6000,5148.6000,5147.8000,5147.0000,5152.8000,5154.0000,5154.4000,5155.0000,5155.2000,1,1,4,1,1,1,1,1,2,1
SF,IC2012,2020-05-11 09:33:43.100,5152.8000,10429,2,291533720.000,4,3,1,空开,S,5152.8000,5150.6000,5149.6000,5148.6000,5147.8000,5154.0000,5155.0000,5155.2000,5155.6000,5156.2000,16,1,1,3,1,1,2,1,2,2
SF,IC2012,2020-05-11 09:33:43.600,5152.8000,10429,0,296686520.000,5,2,3,多换,S,5152.8000,5150.6000,5148.6000,5147.8000,5147.0000,5153.4000,5153.8000,5154.0000,5155.0000,5155.2000,11,1,3,1,1,1,1,1,2,1
SF,IC2012,2020-05-11 09:33:44.100,5152.8000,10430,1,306992120.000,10,5,5,空开,S,5152.8000,5150.6000,5148.6000,5147.8000,5147.0000,5153.4000,5153.8000,5154.0000,5155.0000,5155.2000,1,1,3,1,1,1,1,1,2,1
SF,IC2012,2020-05-11 09:33:44.600,5152.8000,10430,0,308022680.000,1,0,1,多换,S,5150.6000,5148.6000,5147.8000,5147.0000,5146.6000,5152.8000,5153.4000,5153.8000,5154.0000,5155.0000,1,3,1,1,1,1,1,1,1,2
SF,IC2012,2020-05-11 09:33:45.100,5150.8000,10429,-1,309052840.000,1,0,1,双平,S,5150.6000,5148.6000,5147.8000,5147.0000,5146.6000,5152.8000,5154.0000,5155.0000,5155.2000,5155.6000,1,3,1,1,1,1,1,2,1,2
SF,IC2012,2020-05-11 09:33:45.600,5150.8000,10429,0,309052840.000,0,-,-,-,-,5150.6000,5148.6000,5148.2000,5147.8000,5147.0000,5152.4000,5152.6000,5152.8000,5154.0000,5155.0000,1,3,1,1,1,1,2,1,1,2
SF,IC2012,2020-05-11 09:33:46.100,5150.8000,10429,0,309052840.000,0,-,-,-,-,5150.6000,5148.6000,5148.2000,5147.8000,5147.4000,5152.2000,5152.4000,5152.6000,5152.8000,5154.0000,1,3,1,1,1,1,1,1,1,1
SF,IC2012,2020-05-11 09:33:46.600,5150.8000,10429,0,309052840.000,0,-,-,-,-,5150.6000,5148.6000,5147.8000,5147.4000,5147.0000,5152.2000,5152.6000,5152.8000,5154.0000,5155.0000,1,3,1,1,1,1,1,1,1,2
SF,IC2012,2020-05-11 09:33:47.100,5150.8000,10429,0,309052840.000,0,-,-,-,-,5150.6000,5148.6000,5147.8000,5147.4000,5147.0000,5152.0000,5152.6000,5152.8000,5154.0000,5155.0000,1,3,1,1,1,2,1,1,1,2
SF,IC2012,2020-05-11 09:33:47.600,5150.8000,10429,0,309052840.000,0,-,-,-,-,5150.6000,5148.6000,5147.4000,5147.0000,5146.6000,5152.0000,5152.6000,5152.8000,5154.0000,5155.0000,1,3,1,1,1,2,1,1,1,2
SF,IC2012,2020-05-11 09:33:48.100,5150.8000,10429,0,309052840.000,0,-,-,-,-,5150.8000,5150.6000,5148.6000,5147.4000,5147.0000,5152.0000,5152.8000,5154.0000,5155.0000,5155.2000,1,1,3,1,1,2,1,1,2,1
SF,IC2012,2020-05-11 09:33:48.600,5150.8000,10429,0,309052840.000,0,-,-,-,-,5150.8000,5150.6000,5148.6000,5147.4000,5147.0000,5152.0000,5152.8000,5154.0000,5155.0000,5155.2000,1,1,3,1,1,2,1,1,2,1
SF,IC2012,2020-05-11 09:33:49.100,5150.8000,10429,0,309052840.000,0,-,-,-,-,5150.8000,5150.6000,5148.6000,5147.4000,5147.0000,5151.8000,5152.0000,5152.8000,5154.0000,5155.0000,1,1,3,1,1,2,1,1,1,2
SF,IC2012,2020-05-11 09:33:49.600,5150.8000,10429,0,309052840.000,0,-,-,-,-,5150.8000,5150.6000,5148.6000,5147.4000,5147.0000,5151.8000,5152.8000,5154.0000,5155.0000,5155.2000,1,1,3,1,1,2,1,1,2,1
SF,IC2012,2020-05-11 09:33:50.100,5150.8000,10429,0,309052840.000,0,-,-,-,-,5150.8000,5150.6000,5148.6000,5147.0000,5146.6000,5151.6000,5151.8000,5152.8000,5154.0000,5155.0000,1,1,3,1,1,1,2,1,1,2
SF,IC2012,2020-05-11 09:33:51.100,5151.6000,10429,0,310083160.000,1,0,1,多换,S,5150.8000,5150.6000,5148.6000,5147.0000,5146.6000,5151.8000,5152.8000,5154.0000,5155.0000,5155.2000,1,1,3,1,1,1,1,1,2,1
SF,IC2012,2020-05-11 09:33:51.600,5150.8000,10430,1,311113320.000,1,1,0,双开,S,5150.6000,5150.0000,5148.6000,5147.0000,5146.6000,5151.8000,5152.8000,5154.0000,5155.0000,5155.2000,1,1,3,1,1,1,1,1,2,1
SF,IC2012,2020-05-11 09:33:52.600,5150.6000,10430,0,312143440.000,1,0,1,多换,S,5150.0000,5148.6000,5147.0000,5146.6000,5146.0000,5151.8000,5152.8000,5154.0000,5155.0000,5155.2000,1,3,1,1,1,1,1,1,2,1
SF,IC2012,2020-05-11 09:33:53.100,5151.8000,10429,-1,313173800.000,1,0,1,双平,S,5150.8000,5150.2000,5150.0000,5148.6000,5147.0000,5152.8000,5154.0000,5155.0000,5155.2000,5155.6000,1,1,1,3,1,1,1,2,1,2
SF,IC2012,2020-05-11 09:33:53.600,5151.8000,10429,0,313173800.000,0,-,-,-,-,5151.0000,5150.0000,5148.6000,5147.0000,5146.6000,5154.0000,5155.0000,5155.2000,5155.6000,5156.2000,2,1,3,1,1,1,2,1,2,2
SF,IC2012,2020-05-11 09:33:54.100,5151.8000,10429,0,313173800.000,0,-,-,-,-,5151.8000,5151.0000,5150.0000,5148.6000,5147.0000,5154.0000,5155.0000,5155.2000,5155.6000,5156.2000,1,3,1,3,1,1,2,1,2,2
SF,IC2012,2020-05-11 09:33:54.600,5151.8000,10429,0,313173800.000,0,-,-,-,-,5151.8000,5151.4000,5151.0000,5150.0000,5148.6000,5154.0000,5155.0000,5155.2000,5155.6000,5156.2000,1,2,1,1,3,2,2,1,2,2
SF,IC2012,2020-05-11 09:33:55.100,5151.8000,10429,0,313173800.000,0,-,-,-,-,5152.2000,5151.8000,5151.4000,5151.0000,5150.0000,5154.0000,5155.0000,5155.2000,5155.6000,5156.2000,1,1,1,1,1,2,2,1,2,2
SF,IC2012,2020-05-11 09:33:55.600,5151.8000,10429,0,313173800.000,0,-,-,-,-,5152.2000,5151.8000,5151.0000,5150.0000,5148.6000,5153.8000,5154.0000,5155.0000,5155.2000,5155.6000,1,1,1,1,3,1,2,2,1,2
SF,IC2012,2020-05-11 09:33:56.100,5151.8000,10429,0,313173800.000,0,-,-,-,-,5151.8000,5150.0000,5149.6000,5148.6000,5147.0000,5153.6000,5153.8000,5154.0000,5155.0000,5155.2000,1,1,1,3,1,1,2,2,2,1
SF,IC2012,2020-05-11 09:33:56.600,5151.8000,10429,0,313173800.000,0,-,-,-,-,5151.8000,5150.0000,5149.6000,5148.6000,5147.0000,5153.4000,5153.6000,5153.8000,5154.0000,5155.0000,1,1,1,3,1,1,1,1,2,2
SF,IC2012,2020-05-11 09:33:57.100,5151.8000,10428,-1,314204160.000,1,0,1,双平,S,5150.0000,5149.6000,5148.6000,5147.0000,5146.0000,5153.2000,5153.8000,5154.0000,5155.0000,5155.2000,1,1,3,1,1,2,1,2,2,1
SF,IC2012,2020-05-11 09:33:57.600,5151.8000,10428,0,314204160.000,0,-,-,-,-,5150.2000,5150.0000,5149.6000,5148.6000,5147.0000,5153.2000,5154.0000,5155.0000,5155.2000,5155.6000,1,1,1,3,1,2,2,2,1,2
SF,IC2012,2020-05-11 09:33:58.600,5153.2000,10428,0,315234800.000,1,0,1,多换,S,5150.6000,5150.2000,5150.0000,5149.6000,5148.6000,5153.0000,5154.0000,5155.0000,5155.2000,5155.6000,1,1,1,1,3,1,2,2,1,2
SF,IC2012,2020-05-11 09:33:59.100,5153.2000,10428,0,315234800.000,0,-,-,-,-,5150.8000,5150.6000,5150.0000,5149.6000,5148.6000,5153.0000,5154.0000,5155.0000,5155.2000,5155.6000,1,1,1,1,3,1,2,2,1,2
SF,IC2012,2020-05-11 09:33:59.600,5153.2000,10428,0,315234800.000,0,-,-,-,-,5150.8000,5150.6000,5150.0000,5149.6000,5148.6000,5153.0000,5154.0000,5155.0000,5155.2000,5155.6000,1,1,1,1,3,1,2,2,1,2
SF,IC2012,2020-05-11 09:34:00.100,5153.2000,10428,0,315234800.000,0,-,-,-,-,5150.8000,5150.0000,5149.6000,5148.6000,5147.0000,5151.0000,5153.0000,5154.0000,5155.0000,5155.2000,1,1,1,3,1,1,1,2,2,1
SF,IC2012,2020-05-11 09:34:00.600,5151.0000,10428,0,316265000.000,1,0,1,多换,S,5152.0000,5151.6000,5150.0000,5149.6000,5148.6000,5153.0000,5154.0000,5155.0000,5155.2000,5155.6000,2,1,1,1,3,1,2,2,1,2
SF,IC2012,2020-05-11 09:34:01.100,5151.0000,10428,0,316265000.000,0,-,-,-,-,5152.0000,5151.6000,5151.2000,5150.0000,5149.8000,5153.0000,5154.0000,5155.0000,5155.2000,5155.6000,2,1,1,1,1,1,2,2,1,2
SF,IC2012,2020-05-11 09:34:01.600,5151.0000,10428,0,316265000.000,0,-,-,-,-,5151.6000,5151.2000,5150.0000,5149.8000,5149.6000,5153.0000,5154.0000,5155.0000,5155.2000,5155.6000,1,1,1,1,1,1,2,2,1,2
SF,IC2012,2020-05-11 09:34:03.600,5151.0000,10428,0,316265000.000,0,-,-,-,-,5151.6000,5150.0000,5149.8000,5149.6000,5148.6000,5153.0000,5154.0000,5155.0000,5155.2000,5155.6000,1,1,1,1,3,1,2,2,1,2
SF,IC2012,2020-05-11 09:34:04.100,5151.6000,10426,-2,318325640.000,2,0,2,双平,S,5150.0000,5149.8000,5149.6000,5148.6000,5147.0000,5152.8000,5153.0000,5154.0000,5155.0000,5155.2000,1,1,1,3,1,1,1,2,2,1
SF,IC2012,2020-05-11 09:34:04.600,5151.6000,10426,0,318325640.000,0,-,-,-,-,5150.0000,5149.8000,5149.6000,5148.6000,5147.0000,5152.4000,5152.8000,5153.0000,5154.0000,5155.0000,1,1,1,3,1,1,1,1,2,2
SF,IC2012,2020-05-11 09:34:05.100,5151.6000,10426,0,318325640.000,0,-,-,-,-,5150.0000,5149.8000,5149.6000,5148.6000,5147.0000,5152.0000,5152.2000,5153.0000,5154.0000,5155.0000,2,1,1,3,1,1,1,1,2,2
SF,IC2012,2020-05-11 09:34:05.600,5151.6000,10426,0,318325640.000,0,-,-,-,-,5150.2000,5150.0000,5149.8000,5149.6000,5148.6000,5151.8000,5152.2000,5153.0000,5154.0000,5155.0000,1,2,1,1,3,1,1,1,2,2
SF,IC2012,2020-05-11 09:34:06.100,5150.2000,10425,-1,319355680.000,1,0,1,双平,S,5150.0000,5149.8000,5149.6000,5148.6000,5147.0000,5151.6000,5152.2000,5154.0000,5155.0000,5155.2000,2,1,1,3,1,1,1,2,2,1
SF,IC2012,2020-05-11 09:34:06.600,5150.2000,10425,0,319355680.000,0,-,-,-,-,5150.2000,5150.0000,5149.8000,5149.6000,5148.6000,5151.6000,5154.0000,5155.0000,5155.2000,5155.6000,1,2,1,1,3,1,2,2,1,2
SF,IC2012,2020-05-11 09:34:07.100,5151.6000,10424,-1,320386000.000,1,0,1,双平,S,5150.2000,5150.0000,5149.8000,5149.6000,5148.6000,5154.0000,5155.0000,5155.2000,5155.6000,5156.2000,1,2,1,1,3,2,2,1,2,2
SF,IC2012,2020-05-11 09:34:07.600,5151.6000,10424,0,320386000.000,0,-,-,-,-,5150.6000,5150.0000,5149.8000,5149.6000,5148.6000,5153.8000,5154.0000,5155.0000,5155.2000,5155.6000,1,2,1,1,3,1,2,2,1,2
SF,IC2012,2020-05-11 09:34:08.100,5151.6000,10424,0,320386000.000,0,-,-,-,-,5150.6000,5150.0000,5149.8000,5149.6000,5148.6000,5153.8000,5154.0000,5155.0000,5155.2000,5155.6000,1,2,1,1,3,1,2,2,1,2
SF,IC2012,2020-05-11 09:34:08.600,5151.6000,10424,0,320386000.000,0,-,-,-,-,5150.6000,5150.0000,5149.8000,5149.6000,5148.6000,5153.8000,5154.0000,5155.0000,5155.2000,5155.6000,1,2,1,1,3,1,1,2,1,2
SF,IC2012,2020-05-11 09:34:09.100,5151.6000,10424,0,320386000.000,0,-,-,-,-,5150.6000,5150.0000,5149.8000,5149.6000,5147.0000,5153.0000,5153.8000,5154.0000,5155.0000,5155.2000,1,2,1,1,1,1,1,1,2,1
SF,IC2012,2020-05-11 09:34:09.600,5151.6000,10424,0,320386000.000,0,-,-,-,-,5150.6000,5150.0000,5149.8000,5149.6000,5147.0000,5152.8000,5153.0000,5154.0000,5155.0000,5155.2000,1,2,1,1,1,1,1,1,2,1
SF,IC2012,2020-05-11 09:34:10.100,5151.6000,10424,0,320386000.000,0,-,-,-,-,5150.8000,5150.6000,5150.0000,5149.8000,5149.6000,5152.8000,5153.0000,5154.0000,5155.0000,5155.2000,1,1,2,1,1,1,1,1,2,1
SF,IC2012,2020-05-11 09:34:11.100,5151.6000,10424,0,320386000.000,0,-,-,-,-,5150.8000,5150.0000,5149.8000,5149.6000,5147.0000,5152.8000,5153.0000,5154.0000,5155.0000,5155.2000,1,2,1,1,1,1,1,1,2,1
SF,IC2012,2020-05-11 09:34:11.600,5151.6000,10424,0,320386000.000,0,-,-,-,-,5150.0000,5149.8000,5149.6000,5147.0000,5144.2000,5152.8000,5153.0000,5154.0000,5155.0000,5155.2000,2,1,1,1,1,1,1,1,2,1
SF,IC2012,2020-05-11 09:34:12.100,5151.6000,10424,0,320386000.000,0,-,-,-,-,5150.2000,5150.0000,5149.8000,5149.6000,5147.0000,5152.8000,5153.0000,5154.0000,5155.0000,5155.2000,1,2,1,1,1,1,1,1,2,1
SF,IC2012,2020-05-11 09:34:12.600,5151.6000,10424,0,320386000.000,0,-,-,-,-,5150.4000,5150.2000,5150.0000,5149.8000,5149.6000,5152.8000,5153.0000,5154.0000,5155.0000,5155.2000,1,1,2,1,1,1,1,1,2,1
SF,IC2012,2020-05-11 09:34:13.100,5150.6000,10424,0,321416120.000,1,0,1,多换,S,5150.6000,5150.4000,5150.0000,5149.8000,5149.6000,5152.8000,5153.0000,5154.0000,5155.0000,5155.2000,1,1,2,1,1,1,1,1,2,1
SF,IC2012,2020-05-11 09:34:13.600,5150.6000,10424,0,321416120.000,0,-,-,-,-,5150.6000,5150.4000,5150.0000,5149.8000,5149.6000,5152.8000,5153.0000,5154.0000,5155.0000,5155.2000,1,1,2,1,1,1,1,1,2,1
SF,IC2012,2020-05-11 09:34:14.100,5150.6000,10424,0,321416120.000,0,-,-,-,-,5150.6000,5150.4000,5150.0000,5149.8000,5149.6000,5152.8000,5153.0000,5154.0000,5155.0000,5155.2000,1,1,2,1,1,1,1,1,2,1
SF,IC2012,2020-05-11 09:34:19.600,5150.6000,10424,0,321416120.000,0,-,-,-,-,5150.6000,5150.4000,5150.0000,5149.8000,5149.6000,5152.4000,5152.8000,5153.0000,5154.0000,5155.0000,1,1,2,1,1,1,1,1,1,2
SF,IC2012,2020-05-11 09:34:20.100,5150.6000,10424,0,321416120.000,0,-,-,-,-,5150.4000,5150.0000,5149.8000,5149.6000,5148.6000,5152.2000,5152.4000,5153.0000,5154.0000,5155.0000,1,2,1,1,1,1,1,1,1,2
SF,IC2012,2020-05-11 09:34:20.600,5150.6000,10424,0,321416120.000,0,-,-,-,-,5150.4000,5150.0000,5149.8000,5149.6000,5148.6000,5152.2000,5152.4000,5153.0000,5155.0000,5155.2000,1,2,1,1,1,2,1,1,2,1
SF,IC2012,2020-05-11 09:34:21.100,5150.6000,10424,0,321416120.000,0,-,-,-,-,5150.4000,5150.0000,5149.8000,5149.6000,5148.6000,5152.2000,5152.4000,5153.0000,5155.0000,5155.2000,1,2,1,1,1,2,1,1,2,1
SF,IC2012,2020-05-11 09:34:21.600,5150.6000,10424,0,321416120.000,0,-,-,-,-,5151.6000,5150.4000,5150.0000,5149.8000,5149.6000,5152.2000,5152.4000,5153.0000,5155.0000,5155.2000,1,1,2,1,1,2,1,1,2,1
SF,IC2012,2020-05-11 09:34:22.100,5151.6000,10424,0,322446440.000,1,0,1,多换,S,5150.4000,5150.0000,5149.8000,5149.6000,5148.6000,5152.2000,5152.4000,5153.0000,5155.0000,5155.2000,1,2,1,1,1,1,1,1,2,1
SF,IC2012,2020-05-11 09:34:22.600,5150.4000,10423,-1,323476520.000,1,0,1,双平,S,5150.0000,5149.8000,5149.6000,5148.6000,5147.6000,5151.4000,5152.0000,5152.2000,5153.0000,5155.0000,2,1,1,1,1,11,1,1,1,2
SF,IC2012,2020-05-11 09:34:23.100,5150.4000,10423,0,323476520.000,0,-,-,-,-,5150.0000,5149.8000,5149.6000,5148.6000,5147.6000,5151.4000,5152.0000,5152.2000,5153.0000,5155.0000,2,1,1,1,1,11,2,1,1,2
SF,IC2012,2020-05-11 09:34:23.600,5150.0000,10424,1,324506520.000,1,1,0,双开,S,5150.0000,5149.8000,5149.6000,5148.6000,5147.6000,5152.0000,5152.2000,5153.0000,5155.0000,5155.2000,1,1,1,1,1,1,1,1,2,1
SF,IC2012,2020-05-11 09:34:24.600,5150.0000,10424,0,324506520.000,0,-,-,-,-,5150.0000,5149.8000,5149.6000,5148.6000,5147.6000,5151.6000,5152.0000,5152.2000,5153.0000,5155.0000,1,1,1,1,1,1,1,1,1,2
SF,IC2012,2020-05-11 09:34:25.600,5150.0000,10424,0,324506520.000,0,-,-,-,-,5150.2000,5150.0000,5149.8000,5149.6000,5148.6000,5151.6000,5152.0000,5152.2000,5153.0000,5155.0000,1,1,1,1,1,1,1,1,1,2
SF,IC2012,2020-05-11 09:34:26.100,5150.0000,10424,0,324506520.000,0,-,-,-,-,5150.2000,5150.0000,5149.8000,5149.6000,5148.6000,5151.6000,5152.0000,5152.2000,5153.0000,5155.0000,1,1,1,1,1,1,1,1,1,2
SF,IC2012,2020-05-11 09:34:29.100,5150.0000,10424,0,324506520.000,0,-,-,-,-,5150.2000,5150.0000,5149.8000,5149.6000,5148.6000,5151.6000,5152.0000,5152.2000,5153.0000,5155.0000,1,1,1,1,1,1,1,1,1,2
SF,IC2012,2020-05-11 09:34:30.100,5150.0000,10424,0,324506520.000,0,-,-,-,-,5150.2000,5150.0000,5149.8000,5149.6000,5148.6000,5152.0000,5152.2000,5153.0000,5155.0000,5155.2000,1,1,1,1,1,1,1,1,2,1
SF,IC2012,2020-05-11 09:34:35.100,5150.0000,10424,0,324506520.000,0,-,-,-,-,5150.2000,5150.0000,5149.8000,5149.6000,5148.6000,5152.0000,5152.2000,5153.0000,5155.0000,5155.2000,1,1,1,1,1,1,2,1,2,1
SF,IC2012,2020-05-11 09:34:35.600,5150.0000,10424,0,324506520.000,0,-,-,-,-,5150.2000,5150.0000,5149.8000,5149.6000,5148.6000,5152.0000,5152.2000,5153.0000,5155.0000,5155.2000,1,1,1,1,1,1,1,1,2,1
SF,IC2012,2020-05-11 09:34:36.100,5150.2000,10423,-1,325536560.000,1,0,1,双平,S,5150.0000,5149.8000,5149.6000,5148.6000,5147.6000,5152.0000,5152.2000,5153.0000,5155.0000,5155.2000,1,1,1,1,1,1,1,1,1,1
SF,IC2012,2020-05-11 09:34:36.600,5150.2000,10423,0,325536560.000,0,-,-,-,-,5150.0000,5149.8000,5149.6000,5148.6000,5147.6000,5151.8000,5152.0000,5152.2000,5153.0000,5155.0000,1,1,1,1,1,1,1,1,1,1
SF,IC2012,2020-05-11 09:34:37.100,5151.8000,10422,-1,326566920.000,1,0,1,双平,S,5150.0000,5149.8000,5149.6000,5148.6000,5147.6000,5152.0000,5152.2000,5153.0000,5155.0000,5155.2000,1,1,1,1,1,1,1,1,1,1
SF,IC2012,2020-05-11 09:34:37.600,5152.0000,10421,-1,327597320.000,1,0,1,双平,S,5150.2000,5150.0000,5149.8000,5149.6000,5148.6000,5152.2000,5153.0000,5155.0000,5155.2000,5155.6000,2,1,1,1,1,1,1,1,1,2
SF,IC2012,2020-05-11 09:34:38.100,5152.2000,10420,-1,328627760.000,1,0,1,双平,S,5152.4000,5150.4000,5150.2000,5150.0000,5149.8000,5153.0000,5155.0000,5155.2000,5155.6000,5156.2000,1,1,2,1,1,1,1,1,2,2
SF,IC2012,2020-05-11 09:34:38.600,5152.2000,10420,0,329658200.000,1,0,1,多换,S,5152.4000,5150.4000,5150.2000,5150.0000,5149.8000,5153.0000,5155.0000,5155.2000,5155.6000,5156.2000,1,1,1,1,1,1,1,1,2,2
SF,IC2012,2020-05-11 09:34:39.100,5152.2000,10420,0,329658200.000,0,-,-,-,-,5150.2000,5150.0000,5149.8000,5149.6000,5148.6000,5153.0000,5155.0000,5155.2000,5155.6000,5156.2000,1,1,1,1,1,1,1,1,2,2
SF,IC2012,2020-05-11 09:34:39.600,5152.2000,10420,0,329658200.000,0,-,-,-,-,5150.6000,5150.2000,5150.0000,5149.8000,5149.6000,5153.0000,5155.0000,5155.2000,5155.6000,5156.2000,2,1,1,1,1,1,1,1,2,2
SF,IC2012,2020-05-11 09:34:40.100,5152.2000,10420,0,329658200.000,0,-,-,-,-,5150.2000,5150.0000,5149.8000,5149.6000,5148.6000,5152.4000,5152.8000,5153.0000,5155.0000,5155.2000,1,1,1,1,1,1,1,1,1,1
SF,IC2012,2020-05-11 09:34:40.600,5152.2000,10420,0,329658200.000,0,-,-,-,-,5150.2000,5150.0000,5149.8000,5149.6000,5148.6000,5153.0000,5155.0000,5155.2000,5155.6000,5156.2000,1,1,1,1,1,1,1,1,2,2
SF,IC2012,2020-05-11 09:34:41.100,5152.2000,10420,0,329658200.000,0,-,-,-,-,5150.2000,5150.0000,5149.8000,5149.6000,5148.6000,5152.8000,5153.0000,5155.0000,5155.2000,5155.6000,1,1,1,1,1,1,1,1,1,2
SF,IC2012,2020-05-11 09:34:41.600,5152.2000,10420,0,329658200.000,0,-,-,-,-,5150.6000,5150.2000,5150.0000,5149.8000,5149.6000,5153.0000,5155.0000,5155.2000,5155.6000,5156.2000,1,1,2,1,1,1,1,1,2,2
SF,IC2012,2020-05-11 09:34:42.100,5152.2000,10420,0,329658200.000,0,-,-,-,-,5151.0000,5150.8000,5150.6000,5150.0000,5149.8000,5153.0000,5155.0000,5155.2000,5155.6000,5156.2000,1,1,1,2,1,1,1,1,2,2
SF,IC2012,2020-05-11 09:34:42.600,5152.2000,10420,0,329658200.000,0,-,-,-,-,5151.2000,5151.0000,5150.0000,5149.8000,5149.6000,5153.0000,5155.0000,5155.2000,5155.6000,5156.2000,1,1,2,1,1,1,1,1,2,2
SF,IC2012,2020-05-11 09:34:43.100,5152.2000,10420,0,329658200.000,0,-,-,-,-,5151.2000,5151.0000,5150.0000,5149.8000,5149.6000,5152.8000,5153.0000,5155.0000,5155.2000,5155.6000,1,1,2,1,1,1,1,1,1,2
SF,IC2012,2020-05-11 09:34:43.600,5152.2000,10420,0,329658200.000,0,-,-,-,-,5151.4000,5151.2000,5151.0000,5150.0000,5149.8000,5152.8000,5153.0000,5155.0000,5155.2000,5155.6000,1,1,1,2,1,1,1,1,1,2
SF,IC2012,2020-05-11 09:34:44.100,5152.2000,10420,0,329658200.000,0,-,-,-,-,5151.6000,5151.4000,5150.0000,5149.8000,5149.6000,5152.8000,5153.0000,5155.0000,5155.2000,5155.6000,2,1,2,1,1,1,1,1,1,2
SF,IC2012,2020-05-11 09:34:45.100,5152.2000,10420,0,329658200.000,0,-,-,-,-,5151.6000,5150.0000,5149.8000,5149.6000,5148.6000,5153.0000,5155.0000,5155.2000,5155.6000,5156.2000,2,2,1,1,1,1,1,1,2,2
SF,IC2012,2020-05-11 09:34:45.600,5152.2000,10420,0,329658200.000,0,-,-,-,-,5151.8000,5151.6000,5150.0000,5149.8000,5149.6000,5153.0000,5155.0000,5155.2000,5155.6000,5156.2000,1,2,2,1,1,2,1,1,2,2
SF,IC2012,2020-05-11 09:34:46.100,5152.2000,10420,0,329658200.000,0,-,-,-,-,5151.6000,5150.0000,5149.8000,5149.6000,5148.6000,5153.0000,5155.0000,5155.2000,5155.6000,5156.2000,2,2,1,1,1,2,1,1,2,2
SF,IC2012,2020-05-11 09:34:46.600,5152.2000,10420,0,329658200.000,0,-,-,-,-,5150.0000,5149.8000,5149.6000,5148.6000,5147.6000,5153.0000,5155.0000,5155.2000,5155.6000,5156.2000,2,1,1,1,1,2,1,1,2,2
SF,IC2012,2020-05-11 09:34:47.100,5152.2000,10420,0,329658200.000,0,-,-,-,-,5150.2000,5150.0000,5149.8000,5149.6000,5148.6000,5153.0000,5155.0000,5155.2000,5155.6000,5156.2000,2,2,1,1,1,2,1,1,2,2
SF,IC2012,2020-05-11 09:34:49.100,5152.2000,10420,0,329658200.000,0,-,-,-,-,5150.6000,5150.2000,5150.0000,5149.8000,5149.6000,5153.0000,5155.0000,5155.2000,5155.6000,5156.2000,1,2,2,1,1,2,1,1,2,2
SF,IC2012,2020-05-11 09:34:49.600,5152.2000,10420,0,329658200.000,0,-,-,-,-,5150.8000,5150.0000,5149.8000,5149.6000,5148.6000,5152.8000,5153.0000,5155.0000,5155.2000,5155.6000,1,2,1,1,1,1,2,1,1,2
SF,IC2012,2020-05-11 09:34:50.100,5152.2000,10420,0,329658200.000,0,-,-,-,-,5150.0000,5149.8000,5149.6000,5148.6000,5147.6000,5152.6000,5152.8000,5153.0000,5155.0000,5155.2000,2,1,1,1,1,1,1,2,1,1
SF,IC2012,2020-05-11 09:34:50.600,5152.2000,10420,0,329658200.000,0,-,-,-,-,5150.2000,5150.0000,5149.8000,5149.6000,5148.6000,5152.6000,5152.8000,5153.0000,5155.0000,5155.2000,1,2,1,1,1,1,1,2,1,1
SF,IC2012,2020-05-11 09:34:51.600,5152.2000,10420,0,329658200.000,0,-,-,-,-,5150.2000,5150.0000,5149.8000,5149.6000,5148.6000,5152.4000,5152.6000,5153.0000,5155.0000,5155.2000,1,2,1,1,1,1,1,2,1,1
SF,IC2012,2020-05-11 09:34:52.100,5152.2000,10420,0,329658200.000,0,-,-,-,-,5150.6000,5150.2000,5150.0000,5149.8000,5149.6000,5152.4000,5152.6000,5153.0000,5155.0000,5155.2000,1,1,2,1,1,1,1,2,1,1
SF,IC2012,2020-05-11 09:34:55.600,5150.6000,10419,-1,330688320.000,1,0,1,双平,S,5150.2000,5150.0000,5149.8000,5149.6000,5148.6000,5152.4000,5152.6000,5153.0000,5155.0000,5155.2000,1,2,1,1,1,1,1,2,1,1
SF,IC2012,2020-05-11 09:34:56.100,5150.6000,10419,0,330688320.000,0,-,-,-,-,5150.0000,5149.8000,5149.6000,5148.6000,5147.6000,5152.2000,5152.4000,5153.0000,5155.0000,5155.2000,2,1,1,1,1,2,1,2,1,1
SF,IC2012,2020-05-11 09:34:56.600,5150.6000,10419,0,330688320.000,0,-,-,-,-,5150.0000,5149.8000,5149.6000,5148.6000,5147.6000,5152.2000,5152.4000,5153.0000,5155.0000,5155.2000,2,1,1,1,1,2,1,2,1,1
SF,IC2012,2020-05-11 09:34:57.100,5150.6000,10419,0,330688320.000,0,-,-,-,-,5150.0000,5149.8000,5149.6000,5148.6000,5147.6000,5152.0000,5152.2000,5153.0000,5155.0000,5155.2000,2,1,1,1,1,1,2,2,1,1
SF,IC2012,2020-05-11 09:34:57.600,5150.6000,10419,0,330688320.000,0,-,-,-,-,5150.0000,5149.8000,5149.6000,5148.6000,5147.6000,5151.8000,5152.0000,5152.2000,5153.0000,5155.0000,2,1,1,1,1,2,1,1,2,1
