市场代码,合约代码,时间,最新,持仓,增仓,成交额,成交量,开仓,平仓,成交类型,方向,买一价,买二价,买三价,买四价,买五价,卖一价,卖二价,卖三价,卖四价,卖五价,买一量,买二量,买三量,买四量,买五量,卖一量,卖二量,卖三量,卖四量,卖五量
SF,IC2003,2019-11-06 09:29:00.100,4853.0000,27483,0,0.000,0.000,-,-,-,-,4848.0000,4844.6000,4844.2000,4842.0000,4840.2000,4862.0000,4863.0000,4863.2000,4864.4000,4865.0000,1,1,1,1,1,1,1,1,1,1
SF,IC2003,2019-11-06 09:30:00.100,4853.0000,27483,0,0.000,0,-,-,-,-,4848.0000,4844.6000,4844.2000,4842.0000,4840.2000,4850.6000,4851.6000,4852.8000,4854.4000,4854.6000,1,1,1,1,1,2,2,1,1,1
SF,IC2003,2019-11-06 09:30:00.600,4848.0000,27480,-3,2908880.000,3,0,3,双平,S,4848.2000,4844.6000,4843.8000,4842.0000,4840.2000,4850.4000,4850.6000,4852.8000,4854.0000,4854.4000,1,1,1,2,1,1,1,1,1,1
SF,IC2003,2019-11-06 09:30:01.100,4842.0000,27478,-2,6785400.000,4,1,3,多平,S,4842.0000,4840.2000,4840.0000,4836.0000,4834.0000,4848.0000,4849.0000,4850.2000,4850.4000,4850.6000,1,1,1,1,1,1,2,2,3,1
SF,IC2003,2019-11-06 09:30:01.600,4842.0000,27478,0,6785400.000,0,-,-,-,-,4847.0000,4846.2000,4845.4000,4843.8000,4843.2000,4847.6000,4847.8000,4848.2000,4850.2000,4850.4000,1,1,1,1,2,1,1,1,1,1
SF,IC2003,2019-11-06 09:30:02.100,4847.6000,27477,-1,7754920.000,1,0,1,双平,S,4847.0000,4845.4000,4843.8000,4843.2000,4843.0000,4847.8000,4848.2000,4850.2000,4850.4000,4850.6000,1,1,1,2,2,1,1,1,1,1
SF,IC2003,2019-11-06 09:30:02.600,4847.0000,27476,-1,8724320.000,1,0,1,双平,S,4845.4000,4843.8000,4843.2000,4843.0000,4842.6000,4847.8000,4848.2000,4850.2000,4850.4000,4850.6000,1,1,2,2,1,1,1,1,1,1
SF,IC2003,2019-11-06 09:30:03.100,4845.4000,27475,-1,9693400.000,1,0,1,双平,S,4842.4000,4842.0000,4841.0000,4840.2000,4840.0000,4847.0000,4847.6000,4848.2000,4850.2000,4850.4000,16,1,1,1,1,1,2,1,1,1
SF,IC2003,2019-11-06 09:30:03.600,4845.4000,27475,0,9693400.000,0,-,-,-,-,4842.4000,4842.0000,4841.0000,4840.2000,4840.0000,4845.4000,4846.8000,4847.0000,4847.4000,4848.2000,16,1,1,1,1,1,1,2,1,1
SF,IC2003,2019-11-06 09:30:04.100,4845.4000,27474,-1,10662480.000,1,0,1,双平,S,4842.8000,4842.6000,4842.4000,4842.0000,4841.0000,4847.0000,4848.2000,4850.2000,4850.4000,4850.6000,1,2,16,1,1,1,1,1,1,1
SF,IC2003,2019-11-06 09:30:04.600,4845.4000,27474,0,10662480.000,0,-,-,-,-,4843.8000,4843.2000,4843.0000,4842.8000,4842.6000,4847.0000,4848.2000,4850.2000,4850.4000,4850.6000,1,18,3,1,3,1,1,1,1,1
SF,IC2003,2019-11-06 09:30:05.100,4847.0000,27473,-1,11631880.000,1,0,1,双平,S,4844.0000,4843.8000,4843.2000,4843.0000,4842.8000,4847.0000,4848.2000,4850.2000,4850.4000,4850.6000,15,1,4,2,1,1,1,1,1,1
SF,IC2003,2019-11-06 09:30:05.600,4847.0000,27473,0,11631880.000,0,-,-,-,-,4844.0000,4843.2000,4842.8000,4842.4000,4842.0000,4846.6000,4848.2000,4850.2000,4850.4000,4850.6000,1,2,1,1,1,1,1,1,1,1
SF,IC2003,2019-11-06 09:30:06.100,4847.0000,27472,-1,12601280.000,1,0,1,双平,S,4844.2000,4844.0000,4843.8000,4843.2000,4842.8000,4848.2000,4850.2000,4850.4000,4850.6000,4854.4000,14,1,1,2,1,1,1,1,1,1
SF,IC2003,2019-11-06 09:30:06.600,4847.0000,27472,0,12601280.000,0,-,-,-,-,4844.4000,4843.8000,4843.2000,4842.8000,4842.4000,4848.0000,4848.2000,4850.2000,4850.6000,4854.4000,1,1,2,1,1,2,1,1,1,1
SF,IC2003,2019-11-06 09:30:07.100,4847.0000,27471,-1,13570680.000,1,0,1,双平,S,4843.2000,4842.8000,4842.4000,4842.0000,4841.0000,4847.6000,4847.8000,4848.0000,4850.2000,4850.6000,2,1,1,1,1,1,4,2,1,1
SF,IC2003,2019-11-06 09:30:07.600,4847.0000,27471,0,13570680.000,0,-,-,-,-,4843.8000,4843.4000,4843.2000,4842.8000,4842.4000,4847.4000,4847.6000,4848.0000,4850.2000,4850.6000,1,15,4,1,1,1,1,1,1,1
SF,IC2003,2019-11-06 09:30:08.100,4847.0000,27471,0,13570680.000,0,-,-,-,-,4843.4000,4843.2000,4842.8000,4842.4000,4842.0000,4847.0000,4847.4000,4848.0000,4850.2000,4850.6000,14,1,1,1,1,1,1,1,1,1
SF,IC2003,2019-11-06 09:30:08.600,4847.0000,27471,0,13570680.000,0,-,-,-,-,4845.0000,4842.8000,4842.4000,4842.0000,4841.0000,4846.8000,4847.0000,4848.0000,4850.2000,4850.6000,1,1,1,1,1,1,1,1,1,1
SF,IC2003,2019-11-06 09:30:09.100,4847.0000,27471,0,13570680.000,0,-,-,-,-,4845.0000,4843.8000,4843.2000,4842.8000,4842.4000,4846.8000,4847.0000,4848.0000,4850.2000,4850.6000,1,14,1,1,1,1,1,1,1,1
SF,IC2003,2019-11-06 09:30:09.600,4847.0000,27471,0,13570680.000,0,-,-,-,-,4845.0000,4843.2000,4842.8000,4842.4000,4842.0000,4847.0000,4848.0000,4850.2000,4850.6000,4854.4000,1,1,1,1,1,1,1,1,1,1
SF,IC2003,2019-11-06 09:30:10.100,4847.0000,27471,0,13570680.000,0,-,-,-,-,4846.8000,4845.2000,4845.0000,4842.4000,4842.0000,4847.0000,4848.0000,4850.2000,4850.6000,4854.4000,1,1,1,1,1,1,1,1,1,1
SF,IC2003,2019-11-06 09:30:10.600,4847.0000,27469,-2,15509440.000,2,0,2,双平,S,4845.0000,4842.4000,4842.0000,4841.0000,4840.2000,4848.0000,4850.2000,4850.6000,4854.4000,4854.6000,1,1,1,1,1,1,1,1,1,1
SF,IC2003,2019-11-06 09:30:11.100,4847.0000,27469,0,15509440.000,0,-,-,-,-,4845.0000,4842.4000,4842.0000,4841.0000,4840.2000,4847.8000,4848.0000,4850.2000,4850.6000,4854.4000,1,1,1,1,1,2,1,1,1,1
SF,IC2003,2019-11-06 09:30:11.600,4847.0000,27469,0,15509440.000,0,-,-,-,-,4845.0000,4842.4000,4842.0000,4841.0000,4840.2000,4847.2000,4847.4000,4847.6000,4847.8000,4850.2000,1,1,1,1,1,2,1,1,2,1
SF,IC2003,2019-11-06 09:30:12.100,4847.0000,27469,0,15509440.000,0,-,-,-,-,4845.0000,4842.4000,4842.0000,4841.0000,4840.2000,4847.0000,4847.6000,4850.2000,4850.6000,4854.4000,1,1,1,1,1,3,1,1,1,1
SF,IC2003,2019-11-06 09:30:12.600,4847.0000,27468,-1,16478840.000,1,0,1,双平,S,4845.0000,4842.4000,4842.0000,4841.0000,4840.2000,4847.0000,4847.6000,4849.2000,4850.6000,4854.4000,1,2,1,1,1,5,1,1,1,1
SF,IC2003,2019-11-06 09:30:13.100,4845.0000,27467,-1,17447840.000,1,0,1,双平,S,4842.4000,4842.0000,4841.0000,4840.2000,4840.0000,4847.0000,4847.6000,4850.6000,4854.4000,4857.6000,1,1,1,1,1,5,1,1,1,5
SF,IC2003,2019-11-06 09:30:13.600,4845.0000,27467,0,17447840.000,0,-,-,-,-,4842.6000,4842.4000,4842.0000,4841.0000,4840.2000,4847.0000,4847.6000,4850.6000,4854.4000,4857.6000,15,1,1,1,1,3,1,1,1,5
SF,IC2003,2019-11-06 09:30:14.100,4847.0000,27465,-2,19386640.000,2,0,2,双平,S,4843.0000,4842.8000,4842.6000,4842.4000,4842.0000,4847.0000,4850.6000,4854.4000,4857.6000,4858.0000,1,2,15,1,1,2,1,1,5,1
SF,IC2003,2019-11-06 09:30:14.600,4847.0000,27465,0,19386640.000,0,-,-,-,-,4846.4000,4843.2000,4843.0000,4842.8000,4842.6000,4846.8000,4850.6000,4854.4000,4857.6000,4858.0000,1,1,1,1,14,1,1,1,5,1
SF,IC2003,2019-11-06 09:30:15.100,4843.2000,27463,-2,21324560.000,2,0,2,双平,S,4843.0000,4842.8000,4842.6000,4842.4000,4842.0000,4846.2000,4846.4000,4846.8000,4850.6000,4854.4000,1,1,14,1,1,4,1,1,1,1
SF,IC2003,2019-11-06 09:30:15.600,4843.2000,27463,0,21324560.000,0,-,-,-,-,4843.4000,4843.2000,4843.0000,4842.8000,4842.6000,4846.0000,4846.2000,4846.4000,4850.6000,4854.4000,2,1,1,1,14,1,2,2,1,1
SF,IC2003,2019-11-06 09:30:16.100,4843.2000,27463,0,21324560.000,0,-,-,-,-,4843.8000,4843.4000,4843.0000,4842.8000,4842.6000,4846.0000,4846.2000,4846.4000,4850.6000,4854.4000,1,2,1,1,14,1,2,1,1,1
SF,IC2003,2019-11-06 09:30:16.600,4843.2000,27463,0,21324560.000,0,-,-,-,-,4844.0000,4843.8000,4843.4000,4843.0000,4842.8000,4846.0000,4846.2000,4850.6000,4854.4000,4857.6000,1,1,2,1,1,1,2,1,1,5
SF,IC2003,2019-11-06 09:30:17.100,4846.0000,27463,0,22293760.000,1,0,1,多换,S,4844.2000,4843.8000,4843.4000,4843.0000,4842.8000,4846.2000,4850.6000,4854.4000,4857.6000,4858.0000,1,1,2,1,1,2,1,1,5,1
SF,IC2003,2019-11-06 09:30:17.600,4846.0000,27463,0,22293760.000,0,-,-,-,-,4844.2000,4843.8000,4843.4000,4842.8000,4842.6000,4846.0000,4846.2000,4850.6000,4854.4000,4857.6000,2,1,2,1,14,1,2,1,1,5
SF,IC2003,2019-11-06 09:30:18.100,4846.0000,27463,0,22293760.000,0,-,-,-,-,4844.2000,4843.8000,4843.4000,4842.8000,4842.4000,4846.0000,4846.2000,4850.6000,4854.4000,4857.6000,1,1,2,1,1,3,2,1,1,5
SF,IC2003,2019-11-06 09:30:18.600,4846.0000,27463,0,22293760.000,0,-,-,-,-,4844.2000,4843.8000,4843.4000,4842.8000,4842.4000,4845.8000,4846.0000,4846.2000,4850.6000,4854.4000,1,1,2,1,1,1,3,2,1,1
SF,IC2003,2019-11-06 09:30:19.100,4846.0000,27463,0,22293760.000,0,-,-,-,-,4844.2000,4843.8000,4842.8000,4842.4000,4842.0000,4846.0000,4846.2000,4850.6000,4854.4000,4857.6000,1,1,1,1,1,1,2,1,1,5
SF,IC2003,2019-11-06 09:30:20.100,4844.2000,27462,-1,23262600.000,1,0,1,双平,S,4842.8000,4842.4000,4842.0000,4841.0000,4840.2000,4845.2000,4845.8000,4846.0000,4846.2000,4850.6000,1,1,1,1,1,2,1,1,2,1
SF,IC2003,2019-11-06 09:30:20.600,4844.2000,27462,0,23262600.000,0,-,-,-,-,4843.6000,4843.2000,4843.0000,4842.8000,4842.4000,4845.8000,4846.0000,4846.2000,4850.6000,4857.6000,1,1,2,1,1,1,1,2,1,5
SF,IC2003,2019-11-06 09:30:21.100,4843.8000,27461,-1,24231360.000,1,0,1,双平,S,4843.6000,4843.2000,4842.8000,4842.4000,4842.0000,4845.6000,4845.8000,4846.0000,4846.2000,4850.6000,1,1,1,1,1,2,1,1,2,1
SF,IC2003,2019-11-06 09:30:21.600,4843.6000,27461,0,25200080.000,1,0,1,多换,S,4843.2000,4842.8000,4842.4000,4842.0000,4841.0000,4845.2000,4845.6000,4845.8000,4846.0000,4846.2000,1,1,1,1,1,2,2,1,1,2
SF,IC2003,2019-11-06 09:30:22.100,4843.2000,27460,-1,26168720.000,1,0,1,双平,S,4842.8000,4842.4000,4842.0000,4841.0000,4840.2000,4845.0000,4845.2000,4846.0000,4846.2000,4850.6000,1,1,1,1,1,2,2,1,2,1
SF,IC2003,2019-11-06 09:30:22.600,4843.2000,27460,0,26168720.000,0,-,-,-,-,4843.2000,4842.8000,4842.4000,4842.0000,4841.0000,4844.8000,4845.0000,4846.0000,4846.2000,4850.6000,2,1,1,1,1,1,2,1,2,1
SF,IC2003,2019-11-06 09:30:23.100,4843.2000,27460,0,26168720.000,0,-,-,-,-,4843.2000,4842.8000,4842.4000,4842.0000,4841.0000,4844.6000,4844.8000,4845.0000,4846.0000,4846.2000,2,1,1,1,1,1,3,1,1,2
SF,IC2003,2019-11-06 09:30:23.600,4843.2000,27460,0,26168720.000,0,-,-,-,-,4843.2000,4842.8000,4842.4000,4842.0000,4841.0000,4844.6000,4844.8000,4845.0000,4846.0000,4846.2000,2,1,1,1,1,1,1,1,1,2
SF,IC2003,2019-11-06 09:30:24.100,4843.2000,27460,0,26168720.000,0,-,-,-,-,4843.2000,4842.8000,4842.4000,4842.0000,4841.0000,4844.4000,4844.6000,4844.8000,4845.0000,4846.0000,2,1,1,1,1,2,1,1,1,1
SF,IC2003,2019-11-06 09:30:24.600,4843.2000,27460,0,26168720.000,0,-,-,-,-,4843.2000,4842.8000,4842.4000,4842.0000,4841.0000,4844.8000,4845.0000,4846.0000,4846.2000,4850.6000,2,1,1,1,1,1,1,1,2,1
SF,IC2003,2019-11-06 09:30:25.100,4843.2000,27460,0,26168720.000,0,-,-,-,-,4843.2000,4842.8000,4842.4000,4842.0000,4841.0000,4844.6000,4845.0000,4846.0000,4846.2000,4850.6000,2,1,1,1,1,1,1,1,2,1
SF,IC2003,2019-11-06 09:30:25.600,4843.2000,27459,-1,27137360.000,1,0,1,双平,S,4843.2000,4842.8000,4842.4000,4842.0000,4841.0000,4844.4000,4844.6000,4845.0000,4846.0000,4846.2000,1,1,1,1,1,1,1,1,1,2
SF,IC2003,2019-11-06 09:30:26.100,4844.2000,27458,-1,28106200.000,1,0,1,双平,S,4843.2000,4842.8000,4842.4000,4842.0000,4841.0000,4844.4000,4845.0000,4845.8000,4846.0000,4846.2000,1,1,1,2,1,1,1,1,1,2
SF,IC2003,2019-11-06 09:30:26.600,4844.2000,27458,0,28106200.000,0,-,-,-,-,4843.2000,4842.8000,4842.4000,4842.0000,4841.0000,4844.4000,4845.0000,4846.0000,4846.2000,4850.6000,1,1,1,1,1,1,1,1,2,1
SF,IC2003,2019-11-06 09:30:27.100,4844.2000,27458,0,28106200.000,0,-,-,-,-,4842.8000,4842.4000,4842.0000,4841.0000,4840.2000,4844.4000,4845.0000,4846.0000,4846.2000,4850.6000,1,1,1,1,1,3,1,1,2,1
SF,IC2003,2019-11-06 09:30:27.600,4844.2000,27458,0,28106200.000,0,-,-,-,-,4842.8000,4842.4000,4842.0000,4841.0000,4840.2000,4844.4000,4845.0000,4846.0000,4846.2000,4850.6000,1,1,1,1,1,3,1,1,2,1
SF,IC2003,2019-11-06 09:30:28.100,4844.2000,27458,0,28106200.000,0,-,-,-,-,4842.8000,4842.4000,4842.0000,4841.0000,4840.2000,4844.4000,4845.0000,4846.0000,4846.2000,4850.6000,1,1,1,1,1,3,1,1,2,1
SF,IC2003,2019-11-06 09:30:28.600,4844.2000,27458,0,28106200.000,0,-,-,-,-,4842.8000,4842.4000,4842.0000,4841.0000,4840.2000,4844.4000,4845.0000,4846.0000,4846.2000,4850.6000,1,1,1,1,1,1,1,1,2,1
SF,IC2003,2019-11-06 09:30:29.100,4842.8000,27457,-1,29074760.000,1,0,1,双平,S,4843.2000,4842.4000,4842.0000,4841.0000,4840.2000,4843.6000,4844.0000,4844.2000,4844.4000,4845.0000,1,1,1,1,1,2,2,1,1,1
SF,IC2003,2019-11-06 09:30:29.600,4842.4000,27455,-2,31011880.000,2,0,2,双平,S,4842.6000,4842.0000,4841.0000,4840.2000,4840.0000,4843.2000,4843.6000,4844.0000,4844.4000,4845.0000,1,1,1,1,1,1,2,1,1,1
SF,IC2003,2019-11-06 09:30:30.100,4843.2000,27454,-1,31980520.000,1,0,1,双平,S,4842.6000,4842.0000,4841.0000,4840.2000,4840.0000,4844.4000,4845.0000,4846.0000,4850.6000,4857.6000,1,1,1,1,1,1,1,1,1,5
SF,IC2003,2019-11-06 09:30:30.600,4843.2000,27454,0,31980520.000,0,-,-,-,-,4842.6000,4842.0000,4841.0000,4840.2000,4840.0000,4844.2000,4844.4000,4845.0000,4846.0000,4857.6000,1,1,1,1,1,1,1,1,1,5
SF,IC2003,2019-11-06 09:30:31.100,4843.2000,27454,0,31980520.000,0,-,-,-,-,4842.8000,4842.6000,4842.0000,4841.0000,4840.2000,4844.2000,4844.4000,4845.0000,4846.0000,4857.6000,1,1,1,1,1,4,1,1,1,5
SF,IC2003,2019-11-06 09:30:31.600,4844.2000,27453,-1,32949360.000,1,0,1,双平,S,4842.8000,4842.6000,4842.0000,4841.0000,4840.2000,4844.2000,4844.4000,4845.0000,4846.0000,4848.0000,1,1,1,1,1,1,1,1,1,5
SF,IC2003,2019-11-06 09:30:32.100,4844.2000,27453,0,32949360.000,0,-,-,-,-,4842.8000,4842.6000,4842.0000,4841.0000,4840.2000,4843.8000,4844.0000,4844.2000,4844.4000,4845.0000,1,1,1,1,1,2,1,1,1,1
SF,IC2003,2019-11-06 09:30:32.600,4842.6000,27452,-1,34886440.000,2,0,2,多平,S,4842.0000,4841.0000,4840.2000,4840.0000,4836.0000,4843.8000,4844.0000,4844.2000,4844.8000,4845.0000,1,2,1,1,1,2,1,1,1,1
SF,IC2003,2019-11-06 09:30:33.100,4842.6000,27452,0,34886440.000,0,-,-,-,-,4842.0000,4841.0000,4840.2000,4840.0000,4836.0000,4843.6000,4844.0000,4844.2000,4845.0000,4848.0000,1,1,1,1,1,3,1,1,1,5
SF,IC2003,2019-11-06 09:30:33.600,4842.6000,27452,0,34886440.000,0,-,-,-,-,4842.0000,4841.0000,4840.2000,4840.0000,4836.0000,4843.4000,4843.6000,4844.0000,4844.2000,4845.0000,1,1,1,1,1,2,4,1,1,1
SF,IC2003,2019-11-06 09:30:34.100,4842.6000,27452,0,34886440.000,0,-,-,-,-,4842.0000,4841.0000,4840.2000,4840.0000,4836.0000,4843.4000,4843.6000,4844.0000,4844.2000,4845.0000,1,1,1,1,1,2,3,1,1,1
SF,IC2003,2019-11-06 09:30:34.600,4842.6000,27452,0,34886440.000,0,-,-,-,-,4842.0000,4841.0000,4840.2000,4840.0000,4836.0000,4843.6000,4844.0000,4844.2000,4845.0000,4848.0000,1,1,1,1,1,3,1,1,1,5
SF,IC2003,2019-11-06 09:30:35.100,4842.6000,27452,0,34886440.000,0,-,-,-,-,4842.0000,4841.0000,4840.2000,4840.0000,4836.0000,4843.4000,4843.6000,4844.0000,4844.2000,4845.0000,1,1,1,1,1,2,3,1,1,1
SF,IC2003,2019-11-06 09:30:35.600,4842.6000,27452,0,34886440.000,0,-,-,-,-,4842.0000,4841.0000,4840.2000,4840.0000,4836.0000,4843.6000,4844.0000,4844.2000,4845.0000,4848.0000,1,1,1,1,1,3,1,1,1,5
SF,IC2003,2019-11-06 09:30:36.100,4842.6000,27452,0,34886440.000,0,-,-,-,-,4842.0000,4841.0000,4840.2000,4840.0000,4836.0000,4843.2000,4843.6000,4844.0000,4844.2000,4845.0000,1,1,1,1,1,2,3,1,1,1
SF,IC2003,2019-11-06 09:30:36.600,4842.6000,27452,0,34886440.000,0,-,-,-,-,4842.0000,4841.0000,4840.2000,4840.0000,4836.0000,4843.6000,4844.0000,4844.2000,4845.0000,4848.0000,1,1,1,1,1,3,1,1,1,5
SF,IC2003,2019-11-06 09:30:37.100,4842.0000,27452,0,35854840.000,1,0,1,多换,S,4841.0000,4840.2000,4840.0000,4836.0000,4835.0000,4843.6000,4844.0000,4844.2000,4845.0000,4848.0000,1,1,1,1,1,3,1,1,1,5
SF,IC2003,2019-11-06 09:30:37.600,4843.0000,27452,0,36823440.000,1,0,1,多换,S,4841.2000,4841.0000,4840.2000,4840.0000,4836.0000,4843.0000,4843.4000,4843.6000,4844.0000,4844.2000,1,1,1,1,1,1,2,3,1,1
SF,IC2003,2019-11-06 09:30:38.100,4843.0000,27452,0,36823440.000,0,-,-,-,-,4841.2000,4841.0000,4840.2000,4840.0000,4836.0000,4843.0000,4843.4000,4843.6000,4844.0000,4844.2000,1,1,1,1,1,1,1,3,1,1
SF,IC2003,2019-11-06 09:30:38.600,4843.0000,27452,0,37792040.000,1,0,1,多换,S,4841.0000,4840.2000,4840.0000,4836.0000,4835.0000,4842.8000,4843.0000,4843.4000,4843.6000,4844.0000,1,1,1,1,1,1,1,1,3,1
SF,IC2003,2019-11-06 09:30:39.100,4843.0000,27452,0,37792040.000,0,-,-,-,-,4841.0000,4840.2000,4840.0000,4836.0000,4835.0000,4843.0000,4843.4000,4843.6000,4844.0000,4844.2000,1,1,1,1,1,1,1,3,1,1
SF,IC2003,2019-11-06 09:30:39.600,4843.0000,27452,0,37792040.000,0,-,-,-,-,4841.2000,4841.0000,4840.2000,4840.0000,4836.0000,4842.8000,4843.0000,4843.6000,4844.0000,4844.2000,1,1,1,1,1,1,1,3,1,1
SF,IC2003,2019-11-06 09:30:40.100,4843.0000,27452,0,37792040.000,0,-,-,-,-,4841.2000,4841.0000,4840.2000,4840.0000,4836.0000,4842.8000,4843.0000,4843.6000,4844.2000,4848.0000,1,1,1,1,1,2,2,3,1,5
SF,IC2003,2019-11-06 09:30:40.600,4843.0000,27452,0,37792040.000,0,-,-,-,-,4841.2000,4841.0000,4840.2000,4840.0000,4836.0000,4842.6000,4842.8000,4843.0000,4843.6000,4844.2000,1,1,1,1,1,1,2,2,2,1
SF,IC2003,2019-11-06 09:30:41.100,4843.0000,27452,0,37792040.000,0,-,-,-,-,4841.2000,4841.0000,4840.2000,4840.0000,4836.0000,4842.6000,4842.8000,4843.0000,4843.6000,4844.2000,1,1,1,1,1,1,2,1,2,1
SF,IC2003,2019-11-06 09:30:41.600,4842.8000,27450,-2,39729120.000,2,0,2,双平,S,4841.2000,4841.0000,4840.2000,4840.0000,4836.0000,4843.0000,4843.6000,4844.2000,4848.0000,4858.0000,1,1,1,1,1,1,2,1,5,1
SF,IC2003,2019-11-06 09:30:42.100,4843.0000,27450,0,40697720.000,1,0,1,多换,S,4843.0000,4841.2000,4841.0000,4840.2000,4840.0000,4843.6000,4844.2000,4848.0000,4858.0000,4862.0000,2,1,1,1,1,2,1,5,1,1
SF,IC2003,2019-11-06 09:30:42.600,4843.0000,27449,-1,41666320.000,1,0,1,双平,S,4841.0000,4840.2000,4840.0000,4836.0000,4835.0000,4843.6000,4844.2000,4848.0000,4858.0000,4862.0000,1,1,1,1,1,2,1,5,1,1
SF,IC2003,2019-11-06 09:30:43.100,4843.0000,27449,0,41666320.000,0,-,-,-,-,4841.2000,4841.0000,4840.2000,4840.0000,4836.0000,4843.0000,4843.2000,4843.4000,4843.6000,4844.2000,1,1,1,1,1,1,1,2,2,1
SF,IC2003,2019-11-06 09:30:43.600,4843.0000,27449,0,41666320.000,0,-,-,-,-,4841.2000,4841.0000,4840.2000,4840.0000,4836.0000,4843.0000,4843.2000,4843.4000,4843.6000,4844.2000,1,1,1,1,1,1,1,1,2,1
SF,IC2003,2019-11-06 09:30:44.100,4843.0000,27449,0,41666320.000,0,-,-,-,-,4841.2000,4841.0000,4840.2000,4840.0000,4836.0000,4843.0000,4843.4000,4843.6000,4844.2000,4848.0000,2,1,1,1,1,1,1,2,1,5
SF,IC2003,2019-11-06 09:30:44.600,4843.0000,27449,0,41666320.000,0,-,-,-,-,4841.2000,4841.0000,4840.2000,4840.0000,4836.0000,4843.4000,4843.6000,4844.2000,4848.0000,4858.0000,2,1,1,1,1,1,2,1,5,1
SF,IC2003,2019-11-06 09:30:45.100,4843.0000,27449,0,41666320.000,0,-,-,-,-,4841.2000,4841.0000,4840.2000,4840.0000,4836.0000,4843.0000,4843.2000,4843.4000,4843.6000,4844.2000,2,1,1,1,1,1,1,1,2,1
SF,IC2003,2019-11-06 09:30:45.600,4843.0000,27449,0,41666320.000,0,-,-,-,-,4841.2000,4841.0000,4840.2000,4840.0000,4836.0000,4843.0000,4843.4000,4843.6000,4844.2000,4848.0000,2,1,1,1,1,1,1,2,1,5
SF,IC2003,2019-11-06 09:30:46.100,4843.0000,27449,0,41666320.000,0,-,-,-,-,4841.2000,4841.0000,4840.2000,4840.0000,4836.0000,4843.4000,4843.6000,4844.2000,4848.0000,4858.0000,1,3,1,1,1,1,2,1,5,1
SF,IC2003,2019-11-06 09:30:46.600,4843.0000,27449,0,41666320.000,0,-,-,-,-,4841.2000,4841.0000,4840.2000,4840.0000,4836.0000,4842.6000,4843.0000,4843.2000,4843.4000,4843.6000,1,3,1,1,1,1,1,1,1,2
SF,IC2003,2019-11-06 09:30:47.100,4843.0000,27449,0,41666320.000,0,-,-,-,-,4841.2000,4841.0000,4840.2000,4840.0000,4836.0000,4843.0000,4843.4000,4843.6000,4844.2000,4848.0000,1,3,1,1,1,1,1,1,1,5
SF,IC2003,2019-11-06 09:30:47.600,4841.2000,27449,0,42634560.000,1,0,1,多换,S,4841.0000,4840.4000,4840.2000,4840.0000,4836.0000,4842.2000,4842.8000,4843.0000,4843.4000,4843.6000,3,1,1,1,1,1,1,1,1,1
SF,IC2003,2019-11-06 09:30:48.100,4841.0000,27449,0,45539160.000,3,1,2,多换,S,4840.4000,4840.2000,4840.0000,4836.0000,4835.0000,4840.8000,4841.0000,4841.2000,4841.8000,4842.0000,1,1,1,1,1,2,2,1,1,3
SF,IC2003,2019-11-06 09:30:48.600,4841.0000,27448,-1,46507360.000,1,0,1,双平,S,4840.8000,4840.4000,4840.2000,4840.0000,4836.0000,4841.0000,4841.8000,4842.0000,4843.0000,4843.4000,1,1,1,1,1,3,1,1,1,1
SF,IC2003,2019-11-06 09:30:49.100,4841.0000,27445,-3,49411960.000,3,0,3,双平,S,4841.0000,4840.4000,4840.2000,4840.0000,4836.0000,4841.8000,4842.0000,4843.0000,4844.2000,4848.0000,1,1,1,1,1,1,1,1,1,5
SF,IC2003,2019-11-06 09:30:49.600,4841.8000,27444,-1,50380320.000,1,0,1,双平,S,4841.2000,4840.4000,4840.2000,4840.0000,4836.0000,4842.0000,4844.2000,4848.0000,4858.0000,4862.0000,2,1,1,1,1,1,1,5,1,1
SF,IC2003,2019-11-06 09:30:51.100,4841.2000,27442,-2,52316800.000,2,0,2,双平,S,4840.4000,4840.2000,4840.0000,4836.0000,4835.0000,4842.0000,4844.2000,4848.0000,4858.0000,4862.0000,1,1,1,1,1,1,1,5,1,1
SF,IC2003,2019-11-06 09:30:52.100,4840.4000,27441,-1,53284880.000,1,0,1,双平,S,4840.2000,4840.0000,4836.0000,4835.0000,4834.0000,4842.0000,4844.2000,4848.0000,4858.0000,4862.0000,1,1,1,1,2,1,1,5,1,1
SF,IC2003,2019-11-06 09:30:53.100,4840.2000,27441,0,54252920.000,1,0,1,多换,S,4840.0000,4836.0000,4835.0000,4834.0000,4832.8000,4841.6000,4842.0000,4844.2000,4848.0000,4858.0000,1,1,1,2,1,1,1,1,5,1
SF,IC2003,2019-11-06 09:30:53.600,4840.0000,27441,0,55220920.000,1,0,1,多换,S,4836.0000,4835.0000,4834.0000,4832.8000,4831.6000,4839.8000,4840.0000,4840.6000,4840.8000,4841.2000,1,1,2,1,1,2,1,2,1,1
SF,IC2003,2019-11-06 09:30:54.100,4836.6000,27440,-1,56188240.000,1,0,1,双平,S,4836.6000,4836.0000,4835.0000,4834.0000,4832.8000,4839.4000,4839.6000,4840.0000,4840.8000,4841.2000,2,1,1,2,1,2,2,2,1,1
SF,IC2003,2019-11-06 09:30:54.600,4839.4000,27437,-3,59091880.000,3,0,3,双平,S,4837.0000,4836.8000,4836.6000,4836.4000,4836.0000,4840.0000,4842.0000,4844.2000,4848.0000,4858.0000,2,1,2,14,1,1,1,1,5,1
SF,IC2003,2019-11-06 09:30:55.100,4840.0000,27436,-1,60059880.000,1,0,1,双平,S,4838.4000,4837.2000,4837.0000,4836.4000,4836.0000,4842.0000,4844.2000,4848.0000,4858.0000,4862.0000,3,1,2,14,1,1,1,5,1,1
SF,IC2003,2019-11-06 09:30:55.600,4840.0000,27436,0,60059880.000,0,-,-,-,-,4838.8000,4838.6000,4838.4000,4837.0000,4836.4000,4842.0000,4844.2000,4848.0000,4858.0000,4862.0000,1,1,3,2,14,1,1,5,1,1
SF,IC2003,2019-11-06 09:30:56.100,4840.0000,27436,0,60059880.000,0,-,-,-,-,4839.4000,4839.0000,4838.8000,4837.0000,4836.4000,4841.8000,4842.0000,4844.2000,4848.0000,4858.0000,3,1,1,2,14,1,1,1,5,1
SF,IC2003,2019-11-06 09:30:56.600,4840.0000,27436,0,60059880.000,0,-,-,-,-,4839.8000,4839.6000,4839.4000,4838.8000,4837.0000,4841.8000,4842.0000,4844.2000,4848.0000,4858.0000,1,1,3,1,1,1,1,1,5,1
SF,IC2003,2019-11-06 09:30:57.100,4840.0000,27436,0,60059880.000,0,-,-,-,-,4840.0000,4839.8000,4838.8000,4837.0000,4836.4000,4841.8000,4842.0000,4844.2000,4848.0000,4858.0000,3,1,1,1,14,1,1,1,5,1
SF,IC2003,2019-11-06 09:30:57.600,4840.0000,27436,0,60059880.000,0,-,-,-,-,4840.4000,4840.2000,4840.0000,4839.8000,4836.4000,4841.8000,4842.0000,4844.2000,4848.0000,4858.0000,1,1,3,1,14,1,1,1,5,1
SF,IC2003,2019-11-06 09:30:58.100,4840.0000,27436,0,60059880.000,0,-,-,-,-,4840.6000,4840.4000,4840.2000,4840.0000,4839.8000,4841.8000,4842.0000,4844.2000,4848.0000,4858.0000,1,1,1,1,1,1,1,1,5,1
SF,IC2003,2019-11-06 09:30:59.100,4840.0000,27436,0,60059880.000,0,-,-,-,-,4840.6000,4840.4000,4840.2000,4840.0000,4839.8000,4841.8000,4842.0000,4844.2000,4848.0000,4858.0000,1,1,1,1,1,1,1,1,5,1
SF,IC2003,2019-11-06 09:30:59.600,4842.0000,27435,-1,61996640.000,2,0,2,多平,S,4841.8000,4840.8000,4840.6000,4840.4000,4840.2000,4844.2000,4848.0000,4858.0000,4862.0000,4862.4000,1,1,1,1,1,1,5,1,1,2
SF,IC2003,2019-11-06 09:31:00.100,4842.0000,27435,0,61996640.000,0,-,-,-,-,4842.0000,4841.8000,4840.8000,4840.4000,4840.2000,4844.0000,4844.2000,4848.0000,4858.0000,4862.0000,1,1,1,1,1,1,1,5,1,1
SF,IC2003,2019-11-06 09:31:00.600,4842.0000,27435,0,61996640.000,0,-,-,-,-,4842.2000,4842.0000,4841.8000,4840.8000,4840.4000,4848.0000,4858.0000,4862.0000,4862.4000,4863.0000,1,1,1,1,1,5,1,1,2,1
SF,IC2003,2019-11-06 09:31:01.100,4842.0000,27435,0,61996640.000,0,-,-,-,-,4842.4000,4841.8000,4840.8000,4840.4000,4837.2000,4843.6000,4844.6000,4845.0000,4845.4000,4845.6000,1,1,1,1,1,1,2,1,3,1
SF,IC2003,2019-11-06 09:31:01.600,4843.6000,27434,-1,62965360.000,1,0,1,双平,S,4841.8000,4840.8000,4840.4000,4837.2000,4836.4000,4845.0000,4845.6000,4846.8000,4847.0000,4847.6000,1,1,1,1,14,1,1,1,2,16
SF,IC2003,2019-11-06 09:31:02.100,4843.6000,27434,0,62965360.000,0,-,-,-,-,4842.0000,4841.8000,4840.8000,4840.4000,4837.2000,4844.6000,4844.8000,4845.0000,4845.6000,4846.8000,2,1,1,1,1,1,1,1,1,1
SF,IC2003,2019-11-06 09:31:02.600,4843.6000,27434,0,62965360.000,0,-,-,-,-,4842.0000,4841.8000,4840.8000,4840.4000,4837.2000,4844.6000,4845.6000,4846.8000,4847.0000,4847.6000,2,1,1,1,1,1,1,1,2,16
SF,IC2003,2019-11-06 09:31:03.100,4843.6000,27434,0,62965360.000,0,-,-,-,-,4842.0000,4841.8000,4840.8000,4840.4000,4837.2000,4844.4000,4844.6000,4845.6000,4846.8000,4847.0000,2,1,1,1,1,1,1,1,1,2
SF,IC2003,2019-11-06 09:31:04.100,4843.6000,27434,0,62965360.000,0,-,-,-,-,4842.0000,4841.8000,4840.8000,4840.4000,4837.2000,4842.4000,4844.4000,4844.6000,4845.6000,4846.8000,2,1,1,1,1,2,1,1,1,1
SF,IC2003,2019-11-06 09:31:04.600,4842.4000,27432,-2,64902320.000,2,0,2,双平,S,4842.6000,4842.2000,4842.0000,4841.8000,4840.8000,4844.6000,4845.6000,4846.8000,4847.0000,4847.6000,2,1,1,1,1,1,1,1,2,16
SF,IC2003,2019-11-06 09:31:05.100,4842.4000,27432,0,64902320.000,0,-,-,-,-,4844.6000,4842.8000,4842.6000,4842.2000,4841.8000,4845.6000,4846.8000,4847.0000,4847.6000,4848.0000,1,2,1,1,1,1,1,2,16,2
SF,IC2003,2019-11-06 09:31:05.600,4844.6000,27431,-1,65871240.000,1,0,1,双平,S,4843.6000,4842.8000,4842.6000,4842.2000,4840.8000,4844.0000,4845.4000,4845.6000,4846.8000,4847.0000,1,1,1,1,1,2,1,1,1,2
SF,IC2003,2019-11-06 09:31:06.100,4843.6000,27430,-1,66839960.000,1,0,1,双平,S,4844.0000,4843.6000,4842.2000,4840.8000,4838.0000,4845.6000,4846.8000,4847.0000,4847.6000,4848.0000,1,1,1,1,1,1,1,2,16,2
SF,IC2003,2019-11-06 09:31:06.600,4843.6000,27430,0,66839960.000,0,-,-,-,-,4843.6000,4842.2000,4840.8000,4838.0000,4837.2000,4845.4000,4845.6000,4846.8000,4847.0000,4847.6000,1,1,1,1,6,1,1,1,2,16
SF,IC2003,2019-11-06 09:31:07.600,4843.6000,27430,0,66839960.000,0,-,-,-,-,4843.6000,4842.2000,4840.8000,4838.0000,4837.2000,4845.4000,4845.6000,4846.8000,4847.0000,4847.6000,1,1,1,1,6,1,1,1,2,14
SF,IC2003,2019-11-06 09:31:08.100,4843.6000,27430,0,66839960.000,0,-,-,-,-,4843.8000,4843.6000,4842.2000,4840.8000,4838.0000,4847.0000,4847.6000,4848.0000,4852.8000,4858.0000,1,1,1,1,1,2,14,2,5,1
SF,IC2003,2019-11-06 09:31:08.600,4843.6000,27430,0,66839960.000,0,-,-,-,-,4845.4000,4844.0000,4843.8000,4843.6000,4842.2000,4846.6000,4846.8000,4847.0000,4848.0000,4852.8000,1,1,2,1,1,1,1,1,1,5
SF,IC2003,2019-11-06 09:31:09.100,4845.4000,27430,0,67809040.000,1,0,1,多换,S,4844.0000,4843.8000,4843.6000,4842.2000,4838.0000,4846.4000,4847.0000,4848.0000,4852.8000,4858.0000,1,1,1,1,1,1,1,1,5,1
SF,IC2003,2019-11-06 09:31:09.600,4844.0000,27429,-1,68777840.000,1,0,1,双平,S,4844.2000,4843.8000,4843.6000,4842.2000,4838.0000,4846.4000,4847.0000,4848.0000,4852.8000,4858.0000,1,1,1,1,1,1,1,1,5,1
SF,IC2003,2019-11-06 09:31:10.100,4844.0000,27429,0,68777840.000,0,-,-,-,-,4843.8000,4843.6000,4842.2000,4838.0000,4837.2000,4846.2000,4846.4000,4848.0000,4852.8000,4858.0000,1,1,1,1,6,1,1,1,5,1
SF,IC2003,2019-11-06 09:31:10.600,4844.0000,27429,0,68777840.000,0,-,-,-,-,4844.0000,4843.8000,4843.6000,4842.2000,4838.0000,4846.2000,4848.0000,4852.8000,4858.0000,4862.0000,2,1,1,1,1,1,1,5,1,1
SF,IC2003,2019-11-06 09:31:11.100,4844.0000,27429,0,68777840.000,0,-,-,-,-,4844.0000,4843.8000,4843.6000,4842.2000,4842.0000,4846.2000,4848.0000,4852.8000,4858.0000,4862.0000,2,1,1,1,1,1,1,5,1,1
SF,IC2003,2019-11-06 09:31:11.600,4844.0000,27429,0,68777840.000,0,-,-,-,-,4844.0000,4843.8000,4843.6000,4842.2000,4842.0000,4846.2000,4848.0000,4852.8000,4858.0000,4862.0000,2,1,1,1,1,1,1,5,1,1
SF,IC2003,2019-11-06 09:31:12.100,4844.0000,27429,0,68777840.000,0,-,-,-,-,4844.0000,4843.8000,4843.6000,4842.2000,4842.0000,4846.2000,4848.0000,4852.8000,4858.0000,4862.0000,2,1,1,1,1,1,1,5,1,1
SF,IC2003,2019-11-06 09:31:12.600,4846.2000,27428,-1,69747080.000,1,0,1,双平,S,4844.4000,4844.2000,4844.0000,4843.8000,4843.6000,4848.0000,4852.8000,4858.0000,4862.0000,4862.4000,1,1,2,1,1,1,5,1,1,2
SF,IC2003,2019-11-06 09:31:13.100,4846.2000,27428,0,69747080.000,0,-,-,-,-,4844.6000,4844.4000,4844.0000,4843.8000,4843.6000,4847.0000,4847.8000,4848.0000,4852.8000,4858.0000,2,1,1,1,1,1,3,2,5,1
SF,IC2003,2019-11-06 09:31:13.600,4846.2000,27428,0,69747080.000,0,-,-,-,-,4845.0000,4844.6000,4844.4000,4844.0000,4843.6000,4847.8000,4848.0000,4852.8000,4858.0000,4862.0000,1,2,1,1,1,1,1,5,1,1
SF,IC2003,2019-11-06 09:31:14.100,4846.2000,27428,0,69747080.000,0,-,-,-,-,4845.2000,4845.0000,4844.8000,4844.4000,4843.6000,4847.8000,4848.0000,4852.8000,4858.0000,4862.0000,2,1,1,1,1,1,1,5,1,1
SF,IC2003,2019-11-06 09:31:14.600,4846.2000,27428,0,69747080.000,0,-,-,-,-,4845.4000,4845.2000,4845.0000,4844.8000,4843.6000,4847.8000,4848.0000,4852.8000,4858.0000,4862.0000,1,2,1,1,1,1,1,5,1,1
SF,IC2003,2019-11-06 09:31:15.100,4846.2000,27428,0,69747080.000,0,-,-,-,-,4845.6000,4845.4000,4845.0000,4844.8000,4843.6000,4847.8000,4848.0000,4852.8000,4858.0000,4862.0000,2,1,1,1,1,1,2,5,1,1
SF,IC2003,2019-11-06 09:31:15.600,4847.8000,27428,0,70716640.000,1,0,1,多换,S,4846.0000,4845.6000,4845.4000,4844.8000,4843.6000,4848.0000,4852.8000,4858.0000,4862.0000,4862.4000,1,2,1,1,1,1,5,1,1,2
SF,IC2003,2019-11-06 09:31:16.100,4847.8000,27428,0,70716640.000,0,-,-,-,-,4846.2000,4846.0000,4845.4000,4843.6000,4842.0000,4848.0000,4852.8000,4858.0000,4862.0000,4862.4000,1,1,1,1,2,1,5,1,1,2
SF,IC2003,2019-11-06 09:31:16.600,4848.0000,27427,-1,71686240.000,1,0,1,双平,S,4846.2000,4846.0000,4845.4000,4843.6000,4842.0000,4852.8000,4858.0000,4862.0000,4862.4000,4863.0000,1,1,1,1,2,5,1,1,2,1
SF,IC2003,2019-11-06 09:31:17.100,4848.0000,27427,0,71686240.000,0,-,-,-,-,4846.2000,4846.0000,4845.4000,4843.6000,4842.0000,4849.0000,4849.2000,4849.4000,4850.4000,4851.0000,1,1,1,1,2,1,1,3,1,1
SF,IC2003,2019-11-06 09:31:17.600,4848.0000,27427,0,71686240.000,0,-,-,-,-,4846.2000,4846.0000,4845.4000,4843.6000,4842.0000,4848.6000,4848.8000,4849.2000,4850.4000,4851.0000,1,1,1,1,2,1,1,1,1,1
SF,IC2003,2019-11-06 09:31:18.100,4848.0000,27427,0,71686240.000,0,-,-,-,-,4846.2000,4846.0000,4845.4000,4843.6000,4842.0000,4848.4000,4848.6000,4849.2000,4850.4000,4851.0000,1,1,1,1,2,1,1,1,1,1
SF,IC2003,2019-11-06 09:31:18.600,4848.0000,27427,0,71686240.000,0,-,-,-,-,4846.2000,4846.0000,4845.4000,4843.6000,4842.0000,4848.4000,4848.6000,4849.2000,4850.4000,4851.0000,1,1,1,1,2,1,1,1,1,1
SF,IC2003,2019-11-06 09:31:19.100,4848.4000,27426,-1,72655920.000,1,0,1,双平,S,4846.2000,4846.0000,4845.4000,4843.6000,4842.0000,4848.6000,4849.2000,4850.0000,4850.4000,4851.0000,2,1,1,1,2,1,1,1,1,1
SF,IC2003,2019-11-06 09:31:19.600,4848.4000,27426,0,72655920.000,0,-,-,-,-,4846.4000,4846.2000,4846.0000,4843.6000,4842.0000,4848.6000,4850.4000,4851.0000,4852.4000,4852.6000,1,2,1,1,2,1,1,1,16,2
SF,IC2003,2019-11-06 09:31:20.100,4848.4000,27426,0,72655920.000,0,-,-,-,-,4846.6000,4846.4000,4846.0000,4843.6000,4842.0000,4848.6000,4850.4000,4851.0000,4852.4000,4852.6000,3,1,1,1,2,1,1,1,16,2
SF,IC2003,2019-11-06 09:31:20.600,4848.4000,27426,0,72655920.000,0,-,-,-,-,4846.6000,4846.4000,4846.0000,4843.6000,4842.0000,4848.6000,4850.2000,4850.4000,4851.0000,4852.4000,3,1,1,1,2,1,1,1,1,16
SF,IC2003,2019-11-06 09:31:21.600,4848.4000,27426,0,72655920.000,0,-,-,-,-,4846.6000,4846.4000,4846.0000,4843.6000,4842.0000,4848.6000,4850.2000,4850.4000,4851.0000,4852.4000,3,1,1,1,2,1,1,1,1,16
SF,IC2003,2019-11-06 09:31:22.100,4848.6000,27425,-1,73625640.000,1,0,1,双平,S,4846.6000,4846.4000,4846.0000,4843.6000,4842.0000,4850.2000,4850.4000,4851.0000,4852.4000,4852.6000,3,1,1,1,2,1,1,1,16,2
SF,IC2003,2019-11-06 09:31:22.600,4848.6000,27425,0,73625640.000,0,-,-,-,-,4846.6000,4846.4000,4846.0000,4843.6000,4842.0000,4850.0000,4850.2000,4850.4000,4851.0000,4852.4000,3,1,1,1,2,1,1,1,1,16
SF,IC2003,2019-11-06 09:31:23.100,4848.6000,27425,0,73625640.000,0,-,-,-,-,4848.6000,4846.8000,4846.6000,4846.4000,4843.6000,4850.0000,4850.2000,4850.4000,4851.0000,4852.4000,2,1,3,1,1,1,1,1,1,16
SF,IC2003,2019-11-06 09:31:23.600,4848.6000,27423,-2,75565080.000,2,0,2,双平,S,4846.8000,4846.6000,4846.4000,4843.6000,4842.0000,4850.0000,4850.2000,4850.4000,4851.0000,4852.4000,1,1,1,1,2,1,1,1,1,16
SF,IC2003,2019-11-06 09:31:24.100,4848.6000,27423,0,75565080.000,0,-,-,-,-,4847.0000,4846.8000,4846.4000,4843.6000,4842.0000,4848.6000,4850.0000,4850.2000,4850.4000,4851.0000,2,1,1,1,2,1,1,1,1,1
SF,IC2003,2019-11-06 09:31:24.600,4848.6000,27423,0,75565080.000,0,-,-,-,-,4847.0000,4846.8000,4846.4000,4843.6000,4842.0000,4848.6000,4849.8000,4850.2000,4850.4000,4851.0000,2,1,1,1,2,1,1,1,1,1
SF,IC2003,2019-11-06 09:31:25.100,4848.6000,27423,0,75565080.000,0,-,-,-,-,4847.0000,4846.8000,4846.4000,4843.6000,4842.0000,4849.8000,4850.2000,4850.4000,4851.0000,4852.4000,2,1,1,1,2,1,1,1,1,16
SF,IC2003,2019-11-06 09:31:25.600,4848.6000,27423,0,75565080.000,0,-,-,-,-,4847.0000,4846.8000,4846.4000,4843.6000,4842.0000,4849.8000,4850.2000,4850.4000,4851.0000,4852.4000,2,1,1,1,2,1,1,1,1,16
SF,IC2003,2019-11-06 09:31:26.100,4848.6000,27423,0,75565080.000,0,-,-,-,-,4847.0000,4846.4000,4843.6000,4842.0000,4838.0000,4849.6000,4849.8000,4850.2000,4850.4000,4851.0000,2,1,1,2,1,1,1,1,1,1
SF,IC2003,2019-11-06 09:31:26.600,4848.6000,27423,0,75565080.000,0,-,-,-,-,4847.0000,4846.4000,4843.6000,4842.0000,4838.0000,4849.4000,4849.6000,4849.8000,4850.2000,4850.4000,2,1,1,2,1,1,1,1,1,1
SF,IC2003,2019-11-06 09:31:27.100,4848.6000,27423,0,75565080.000,0,-,-,-,-,4847.0000,4846.4000,4843.6000,4842.0000,4838.0000,4849.4000,4849.8000,4850.2000,4850.4000,4851.0000,2,1,1,2,1,1,1,1,1,1
SF,IC2003,2019-11-06 09:31:27.600,4848.6000,27423,0,75565080.000,0,-,-,-,-,4848.0000,4847.0000,4846.4000,4843.6000,4842.0000,4849.4000,4849.8000,4850.2000,4850.4000,4851.0000,1,2,1,1,2,1,1,1,1,1
SF,IC2003,2019-11-06 09:31:28.100,4848.6000,27423,0,75565080.000,0,-,-,-,-,4848.0000,4847.0000,4846.4000,4843.6000,4842.0000,4849.4000,4849.8000,4850.2000,4850.4000,4851.0000,1,1,1,1,2,1,1,1,1,1
SF,IC2003,2019-11-06 09:31:30.600,4849.4000,27422,-1,76534960.000,1,0,1,双平,S,4848.0000,4847.0000,4846.4000,4843.6000,4842.0000,4849.8000,4850.2000,4850.4000,4851.0000,4852.4000,1,1,1,1,2,1,1,1,1,16
SF,IC2003,2019-11-06 09:31:31.100,4849.4000,27422,0,76534960.000,0,-,-,-,-,4849.4000,4848.2000,4848.0000,4847.0000,4846.4000,4849.8000,4850.2000,4850.4000,4851.0000,4852.4000,1,1,1,1,1,1,1,1,1,16
SF,IC2003,2019-11-06 09:31:31.600,4849.8000,27421,-1,77504920.000,1,0,1,双平,S,4849.4000,4848.0000,4847.0000,4846.4000,4843.6000,4852.4000,4852.6000,4852.8000,4857.6000,4858.0000,1,1,1,1,1,14,2,1,5,1
SF,IC2003,2019-11-06 09:31:32.100,4849.4000,27420,-1,79444720.000,2,0,2,多平,S,4850.2000,4848.0000,4846.4000,4843.6000,4842.0000,4850.4000,4850.8000,4852.2000,4852.4000,4852.6000,2,1,1,1,2,1,1,6,14,2
SF,IC2003,2019-11-06 09:31:32.600,4850.2000,27417,-3,82354840.000,3,0,3,双平,S,4848.0000,4846.4000,4843.6000,4842.0000,4838.0000,4852.4000,4857.6000,4858.0000,4862.0000,4862.4000,1,1,1,2,1,14,5,1,1,2
SF,IC2003,2019-11-06 09:31:33.100,4850.2000,27417,0,82354840.000,0,-,-,-,-,4848.4000,4848.2000,4848.0000,4846.4000,4843.6000,4850.2000,4851.4000,4852.0000,4852.2000,4857.6000,4,1,1,1,1,1,1,1,2,5
SF,IC2003,2019-11-06 09:31:33.600,4850.2000,27416,-1,83324880.000,1,0,1,双平,S,4848.4000,4848.0000,4846.4000,4843.6000,4842.0000,4851.4000,4852.2000,4857.6000,4858.0000,4862.0000,4,1,1,1,2,1,1,5,1,1
SF,IC2003,2019-11-06 09:31:34.100,4850.2000,27416,0,83324880.000,0,-,-,-,-,4850.2000,4848.4000,4848.0000,4846.4000,4843.6000,4851.2000,4852.2000,4857.6000,4858.0000,4862.0000,1,4,1,1,1,1,1,5,1,1
SF,IC2003,2019-11-06 09:31:34.600,4850.2000,27416,0,83324880.000,0,-,-,-,-,4850.2000,4848.4000,4848.0000,4846.4000,4843.6000,4852.2000,4857.6000,4858.0000,4862.0000,4862.4000,1,1,1,1,1,1,5,1,1,2
SF,IC2003,2019-11-06 09:31:35.100,4850.2000,27416,0,83324880.000,0,-,-,-,-,4850.4000,4850.2000,4848.4000,4848.0000,4846.4000,4852.0000,4852.2000,4857.6000,4858.0000,4862.0000,1,1,1,1,1,1,1,5,1,1
SF,IC2003,2019-11-06 09:31:35.600,4852.0000,27415,-1,84295280.000,1,0,1,双平,S,4850.4000,4850.2000,4848.4000,4848.0000,4846.4000,4852.2000,4857.6000,4858.0000,4862.0000,4862.4000,1,1,1,1,1,1,5,1,1,2
SF,IC2003,2019-11-06 09:31:38.100,4852.2000,27414,-1,85265720.000,1,0,1,双平,S,4850.4000,4850.2000,4848.4000,4848.0000,4846.4000,4852.2000,4857.6000,4858.0000,4862.0000,4862.4000,1,1,1,1,1,1,5,1,1,2
SF,IC2003,2019-11-06 09:31:38.600,4852.2000,27414,0,85265720.000,0,-,-,-,-,4850.4000,4850.2000,4848.4000,4848.0000,4846.4000,4852.2000,4857.6000,4858.0000,4862.0000,4862.4000,1,1,1,1,1,1,5,1,1,2
SF,IC2003,2019-11-06 09:31:41.600,4852.2000,27415,1,86236160.000,1,1,0,双开,S,4850.4000,4850.2000,4848.4000,4848.0000,4846.4000,4857.6000,4858.0000,4862.0000,4862.4000,4863.0000,1,1,1,1,1,5,1,1,2,1
SF,IC2003,2019-11-06 09:31:42.100,4852.2000,27415,0,86236160.000,0,-,-,-,-,4850.6000,4850.4000,4850.2000,4848.4000,4848.0000,4853.4000,4854.4000,4854.6000,4855.2000,4855.4000,1,1,1,1,1,1,2,1,2,3
SF,IC2003,2019-11-06 09:31:42.600,4852.2000,27415,0,86236160.000,0,-,-,-,-,4852.2000,4850.8000,4850.6000,4850.2000,4848.4000,4854.4000,4854.6000,4855.2000,4856.4000,4857.0000,1,2,2,1,1,2,1,2,2,2
SF,IC2003,2019-11-06 09:31:43.100,4852.2000,27415,0,87206600.000,1,0,1,多换,S,4852.4000,4850.6000,4850.2000,4848.4000,4848.0000,4853.6000,4854.0000,4854.2000,4854.4000,4854.6000,1,1,1,1,1,1,1,1,2,1
SF,IC2003,2019-11-06 09:31:43.600,4852.2000,27415,0,87206600.000,0,-,-,-,-,4850.6000,4850.2000,4848.4000,4848.0000,4842.0000,4853.6000,4854.2000,4854.4000,4854.6000,4855.2000,1,1,1,1,2,1,14,2,1,2
SF,IC2003,2019-11-06 09:31:44.100,4852.2000,27415,0,87206600.000,0,-,-,-,-,4850.8000,4850.2000,4848.4000,4848.0000,4842.0000,4852.8000,4853.4000,4853.6000,4854.2000,4854.4000,2,1,1,1,2,1,1,1,14,2
SF,IC2003,2019-11-06 09:31:44.600,4852.2000,27415,0,87206600.000,0,-,-,-,-,4850.8000,4850.2000,4848.4000,4848.0000,4842.0000,4853.6000,4854.2000,4854.4000,4854.6000,4855.2000,2,1,1,1,2,1,14,2,1,1
SF,IC2003,2019-11-06 09:31:47.600,4852.2000,27415,0,87206600.000,0,-,-,-,-,4850.8000,4850.2000,4848.4000,4848.0000,4842.0000,4852.8000,4853.6000,4854.2000,4854.4000,4854.6000,2,1,1,1,2,1,1,14,2,1
SF,IC2003,2019-11-06 09:31:49.100,4852.2000,27415,0,87206600.000,0,-,-,-,-,4850.8000,4850.2000,4848.4000,4848.0000,4842.0000,4852.8000,4853.6000,4854.2000,4854.4000,4854.6000,2,1,1,1,2,1,1,14,2,1
SF,IC2003,2019-11-06 09:31:49.600,4850.8000,27414,-1,88176760.000,1,0,1,双平,S,4851.0000,4850.8000,4850.2000,4849.2000,4848.4000,4852.6000,4852.8000,4853.0000,4853.6000,4854.2000,1,1,1,1,1,1,1,1,1,14
SF,IC2003,2019-11-06 09:31:50.100,4850.8000,27413,-1,90117120.000,2,0,2,多平,S,4848.4000,4848.0000,4842.0000,4840.0000,4838.0000,4850.6000,4850.8000,4852.4000,4852.6000,4852.8000,1,1,2,3,1,1,1,1,2,1
SF,IC2003,2019-11-06 09:31:50.600,4850.6000,27412,-1,91087240.000,1,0,1,双平,S,4848.6000,4848.4000,4848.0000,4842.0000,4840.0000,4850.8000,4852.6000,4852.8000,4854.2000,4854.4000,3,1,1,2,3,1,2,1,14,2
SF,IC2003,2019-11-06 09:31:51.100,4850.6000,27412,0,91087240.000,0,-,-,-,-,4848.6000,4848.4000,4848.0000,4842.0000,4840.0000,4850.8000,4852.6000,4852.8000,4854.2000,4854.4000,3,1,1,2,3,1,2,1,14,2
SF,IC2003,2019-11-06 09:31:51.600,4850.6000,27412,0,91087240.000,0,-,-,-,-,4848.6000,4848.4000,4848.0000,4842.0000,4840.0000,4850.8000,4852.6000,4852.8000,4854.2000,4854.4000,3,1,1,2,3,1,2,1,14,2
SF,IC2003,2019-11-06 09:31:52.100,4850.6000,27412,0,91087240.000,0,-,-,-,-,4848.6000,4848.4000,4848.0000,4842.0000,4840.0000,4850.8000,4852.6000,4852.8000,4854.2000,4854.4000,3,1,1,2,3,1,1,1,14,2
SF,IC2003,2019-11-06 09:31:52.600,4850.6000,27412,0,91087240.000,0,-,-,-,-,4848.8000,4848.6000,4848.4000,4848.0000,4842.0000,4852.6000,4852.8000,4854.2000,4854.4000,4854.6000,1,3,1,1,2,1,1,14,2,1
SF,IC2003,2019-11-06 09:31:53.100,4850.6000,27412,0,91087240.000,0,-,-,-,-,4849.0000,4848.8000,4848.4000,4848.0000,4842.0000,4852.2000,4852.4000,4852.6000,4852.8000,4854.2000,2,1,1,1,2,1,3,2,2,14
SF,IC2003,2019-11-06 09:31:53.600,4850.6000,27412,0,91087240.000,0,-,-,-,-,4849.0000,4848.8000,4848.4000,4848.0000,4842.0000,4852.0000,4852.2000,4852.4000,4852.6000,4852.8000,2,1,1,1,2,1,1,1,1,1
SF,IC2003,2019-11-06 09:31:54.100,4850.6000,27412,0,91087240.000,0,-,-,-,-,4849.0000,4848.8000,4848.4000,4848.0000,4842.0000,4852.0000,4852.2000,4852.6000,4852.8000,4854.2000,2,1,1,1,2,1,1,1,1,14
SF,IC2003,2019-11-06 09:31:54.600,4850.6000,27412,0,91087240.000,0,-,-,-,-,4849.0000,4848.8000,4848.4000,4848.0000,4842.0000,4851.8000,4852.0000,4852.2000,4852.6000,4852.8000,2,1,1,1,2,2,1,1,1,1
SF,IC2003,2019-11-06 09:31:55.100,4849.0000,27411,-1,92057040.000,1,0,1,双平,S,4848.4000,4848.0000,4847.6000,4842.0000,4840.0000,4851.6000,4851.8000,4852.2000,4852.6000,4852.8000,1,1,1,2,3,4,2,1,1,1
SF,IC2003,2019-11-06 09:31:55.600,4851.6000,27411,0,93027360.000,1,0,1,多换,S,4848.6000,4848.4000,4848.0000,4842.0000,4840.0000,4851.6000,4851.8000,4852.2000,4852.4000,4852.6000,1,1,1,2,3,3,1,1,1,1
SF,IC2003,2019-11-06 09:31:56.100,4851.6000,27411,0,93027360.000,0,-,-,-,-,4848.6000,4848.4000,4848.0000,4842.0000,4840.0000,4851.4000,4851.6000,4851.8000,4852.2000,4852.6000,1,1,1,2,3,2,3,1,1,1
SF,IC2003,2019-11-06 09:31:56.600,4851.6000,27411,0,93027360.000,0,-,-,-,-,4848.6000,4848.4000,4848.0000,4842.0000,4840.0000,4851.2000,4851.4000,4851.6000,4851.8000,4852.2000,1,1,1,2,3,1,2,2,1,1
SF,IC2003,2019-11-06 09:31:57.100,4851.6000,27411,0,93027360.000,0,-,-,-,-,4848.6000,4848.4000,4848.0000,4842.0000,4840.0000,4851.2000,4851.4000,4851.6000,4851.8000,4852.2000,1,1,1,2,3,2,1,2,1,1
SF,IC2003,2019-11-06 09:31:57.600,4851.6000,27411,0,93027360.000,0,-,-,-,-,4848.6000,4848.4000,4848.0000,4842.0000,4840.0000,4851.0000,4851.2000,4851.8000,4852.2000,4852.6000,1,1,1,2,3,2,2,1,1,1
SF,IC2003,2019-11-06 09:31:58.100,4851.6000,27411,0,93027360.000,0,-,-,-,-,4848.6000,4848.4000,4848.0000,4842.0000,4840.0000,4850.8000,4851.0000,4851.2000,4851.8000,4852.2000,1,1,1,2,3,2,2,1,1,1
SF,IC2003,2019-11-06 09:31:58.600,4851.6000,27411,0,93027360.000,0,-,-,-,-,4848.6000,4848.4000,4848.0000,4842.0000,4840.0000,4850.6000,4850.8000,4851.0000,4851.2000,4852.2000,1,1,1,2,3,2,2,1,1,1
SF,IC2003,2019-11-06 09:31:59.100,4851.6000,27411,0,93027360.000,0,-,-,-,-,4848.6000,4848.4000,4848.0000,4842.0000,4840.0000,4850.4000,4850.6000,4850.8000,4851.0000,4852.2000,1,1,1,2,3,1,2,1,1,1
SF,IC2003,2019-11-06 09:32:00.100,4851.6000,27411,0,93027360.000,0,-,-,-,-,4848.6000,4848.0000,4842.0000,4840.0000,4838.0000,4850.4000,4850.6000,4850.8000,4851.0000,4852.2000,1,1,2,3,1,1,2,1,1,1
SF,IC2003,2019-11-06 09:32:00.600,4851.6000,27411,0,93027360.000,0,-,-,-,-,4848.6000,4848.0000,4842.0000,4840.0000,4838.0000,4850.0000,4850.2000,4850.4000,4850.8000,4851.0000,1,1,2,3,1,5,2,1,1,1
SF,IC2003,2019-11-06 09:32:01.100,4851.6000,27411,0,93027360.000,0,-,-,-,-,4848.6000,4848.0000,4842.0000,4840.0000,4838.0000,4850.0000,4850.2000,4850.4000,4850.8000,4851.0000,1,1,2,3,1,5,2,1,1,1
SF,IC2003,2019-11-06 09:32:01.600,4851.6000,27411,0,93027360.000,0,-,-,-,-,4848.0000,4842.0000,4840.0000,4838.0000,4837.2000,4850.0000,4850.2000,4850.4000,4850.8000,4851.0000,1,2,3,1,6,5,2,1,1,1
SF,IC2003,2019-11-06 09:32:02.100,4851.6000,27411,0,93027360.000,0,-,-,-,-,4848.2000,4848.0000,4842.0000,4840.0000,4838.0000,4850.0000,4850.2000,4850.8000,4852.2000,4852.6000,2,1,2,3,1,5,2,1,1,1
SF,IC2003,2019-11-06 09:32:02.600,4851.6000,27411,0,93027360.000,0,-,-,-,-,4848.2000,4848.0000,4842.0000,4840.0000,4838.0000,4849.8000,4850.0000,4850.2000,4850.8000,4852.2000,2,1,2,3,1,1,5,2,1,1
SF,IC2003,2019-11-06 09:32:03.100,4851.6000,27411,0,93027360.000,0,-,-,-,-,4848.2000,4848.0000,4842.0000,4840.0000,4838.0000,4849.8000,4850.0000,4850.2000,4850.8000,4852.2000,2,1,2,3,1,1,5,2,1,1
SF,IC2003,2019-11-06 09:32:03.600,4851.6000,27411,0,93027360.000,0,-,-,-,-,4848.2000,4848.0000,4842.0000,4840.0000,4838.0000,4849.8000,4850.0000,4850.2000,4850.8000,4852.2000,1,1,2,3,1,1,5,2,1,1
SF,IC2003,2019-11-06 09:32:04.100,4851.6000,27411,0,93027360.000,0,-,-,-,-,4848.2000,4848.0000,4842.0000,4840.0000,4838.0000,4849.8000,4850.0000,4850.2000,4850.8000,4852.2000,1,1,2,3,1,1,5,2,1,1
SF,IC2003,2019-11-06 09:32:05.100,4851.6000,27411,0,93027360.000,0,-,-,-,-,4848.4000,4848.2000,4848.0000,4842.0000,4840.0000,4849.8000,4850.0000,4850.8000,4852.2000,4852.6000,2,1,1,2,3,1,5,1,1,1
SF,IC2003,2019-11-06 09:32:05.600,4851.6000,27411,0,93027360.000,0,-,-,-,-,4848.0000,4842.0000,4840.0000,4838.0000,4837.2000,4849.8000,4850.0000,4850.8000,4852.2000,4852.6000,1,2,3,1,6,1,5,1,1,1
SF,IC2003,2019-11-06 09:32:06.100,4851.6000,27411,0,93027360.000,0,-,-,-,-,4848.2000,4848.0000,4842.0000,4840.0000,4838.0000,4849.8000,4850.0000,4850.8000,4852.2000,4852.6000,1,1,2,3,1,1,5,1,1,1
SF,IC2003,2019-11-06 09:32:06.600,4851.6000,27411,0,93027360.000,0,-,-,-,-,4848.6000,4848.2000,4848.0000,4842.0000,4840.0000,4849.8000,4850.0000,4850.8000,4852.2000,4852.6000,13,3,1,2,3,1,5,1,1,1
SF,IC2003,2019-11-06 09:32:07.100,4851.6000,27411,0,93027360.000,0,-,-,-,-,4848.6000,4848.2000,4848.0000,4842.0000,4840.0000,4849.8000,4850.0000,4850.8000,4852.2000,4852.6000,13,2,1,2,3,1,5,1,1,1
SF,IC2003,2019-11-06 09:32:07.600,4851.6000,27411,0,93027360.000,0,-,-,-,-,4848.6000,4848.2000,4848.0000,4842.0000,4840.0000,4849.8000,4850.0000,4850.8000,4852.2000,4852.6000,13,2,1,2,3,1,5,1,1,1
SF,IC2003,2019-11-06 09:32:08.100,4849.8000,27410,-1,93997320.000,1,0,1,双平,S,4848.6000,4848.2000,4848.0000,4842.0000,4840.0000,4849.8000,4850.0000,4850.8000,4852.2000,4852.6000,13,2,1,2,3,1,5,1,1,1
SF,IC2003,2019-11-06 09:32:08.600,4849.8000,27410,0,94967280.000,1,0,1,多换,S,4848.6000,4848.2000,4848.0000,4842.0000,4840.0000,4850.0000,4850.8000,4852.2000,4852.6000,4852.8000,13,2,1,2,3,5,1,1,1,1
SF,IC2003,2019-11-06 09:32:10.100,4850.0000,27409,-1,95937280.000,1,0,1,双平,S,4848.6000,4848.2000,4848.0000,4842.0000,4840.0000,4850.0000,4850.8000,4852.2000,4852.6000,4852.8000,13,2,1,2,3,4,1,1,1,1
SF,IC2003,2019-11-06 09:32:11.100,4850.0000,27409,0,95937280.000,0,-,-,-,-,4848.6000,4848.0000,4842.0000,4840.0000,4838.0000,4849.8000,4850.0000,4850.8000,4852.2000,4852.6000,13,1,2,3,1,2,4,1,1,1
SF,IC2003,2019-11-06 09:32:11.600,4850.0000,27409,0,95937280.000,0,-,-,-,-,4848.6000,4848.0000,4842.0000,4840.0000,4838.0000,4849.8000,4850.0000,4850.8000,4852.2000,4852.6000,13,1,2,3,1,2,4,1,1,1
SF,IC2003,2019-11-06 09:32:12.100,4850.0000,27409,0,95937280.000,0,-,-,-,-,4849.8000,4848.6000,4848.0000,4842.0000,4840.0000,4850.0000,4850.8000,4852.2000,4852.6000,4854.2000,1,13,1,2,3,4,1,1,1,14
SF,IC2003,2019-11-06 09:32:12.600,4850.0000,27406,-3,98847240.000,3,0,3,双平,S,4849.8000,4848.6000,4848.0000,4842.0000,4840.0000,4850.0000,4850.8000,4852.2000,4852.6000,4854.2000,1,13,1,2,3,2,1,1,1,14
SF,IC2003,2019-11-06 09:32:13.100,4850.0000,27404,-2,100787240.000,2,0,2,双平,S,4850.2000,4850.0000,4849.8000,4848.6000,4848.0000,4850.8000,4852.2000,4852.6000,4854.2000,4854.4000,1,2,1,13,1,1,1,1,14,2
SF,IC2003,2019-11-06 09:32:13.600,4850.0000,27404,0,100787240.000,0,-,-,-,-,4850.8000,4850.2000,4850.0000,4849.8000,4848.6000,4852.2000,4852.6000,4854.2000,4854.4000,4854.6000,2,2,1,1,13,1,1,14,2,1
SF,IC2003,2019-11-06 09:32:14.100,4850.8000,27403,-1,102727560.000,2,0,2,多平,S,4850.2000,4850.0000,4849.8000,4848.6000,4848.0000,4852.0000,4852.2000,4854.2000,4854.4000,4854.6000,2,1,1,13,1,4,1,14,2,1
SF,IC2003,2019-11-06 09:32:14.600,4850.8000,27403,0,102727560.000,0,-,-,-,-,4850.2000,4850.0000,4849.8000,4848.6000,4848.0000,4852.0000,4854.2000,4854.4000,4854.6000,4855.2000,2,1,1,13,1,3,14,2,1,1
SF,IC2003,2019-11-06 09:32:15.100,4850.8000,27403,0,102727560.000,0,-,-,-,-,4850.2000,4850.0000,4849.8000,4848.6000,4848.0000,4851.8000,4852.0000,4854.2000,4854.4000,4854.6000,2,1,1,13,1,1,3,14,2,1
SF,IC2003,2019-11-06 09:32:15.600,4850.8000,27403,0,102727560.000,0,-,-,-,-,4850.4000,4850.2000,4850.0000,4849.8000,4848.6000,4851.8000,4852.0000,4854.2000,4854.4000,4854.6000,1,2,1,1,13,1,2,14,2,1
SF,IC2003,2019-11-06 09:32:16.100,4850.8000,27403,0,102727560.000,0,-,-,-,-,4850.4000,4850.2000,4850.0000,4849.8000,4848.6000,4851.8000,4852.0000,4854.2000,4854.4000,4854.6000,1,1,1,1,13,1,2,14,2,1
SF,IC2003,2019-11-06 09:32:16.600,4850.8000,27403,0,102727560.000,0,-,-,-,-,4850.4000,4850.2000,4850.0000,4849.8000,4848.6000,4851.6000,4851.8000,4852.0000,4854.2000,4854.4000,1,1,1,1,13,2,1,2,14,2
SF,IC2003,2019-11-06 09:32:18.100,4850.8000,27403,0,102727560.000,0,-,-,-,-,4850.6000,4850.4000,4850.2000,4850.0000,4849.8000,4851.6000,4851.8000,4854.2000,4854.4000,4854.6000,2,1,1,1,1,2,1,14,2,1
SF,IC2003,2019-11-06 09:32:19.600,4851.6000,27402,-1,103697880.000,1,0,1,双平,S,4850.6000,4850.4000,4850.2000,4850.0000,4849.8000,4851.8000,4854.2000,4854.4000,4854.6000,4855.2000,2,1,1,1,1,1,14,2,1,1
SF,IC2003,2019-11-06 09:32:20.100,4851.6000,27402,0,103697880.000,0,-,-,-,-,4850.8000,4850.6000,4850.4000,4850.2000,4850.0000,4851.8000,4854.2000,4854.4000,4854.6000,4855.2000,1,2,1,1,1,1,14,2,1,1
SF,IC2003,2019-11-06 09:32:20.600,4851.6000,27402,0,103697880.000,0,-,-,-,-,4851.0000,4850.8000,4850.4000,4850.2000,4850.0000,4851.8000,4854.4000,4854.6000,4855.2000,4857.2000,2,1,1,1,1,1,2,1,1,2
SF,IC2003,2019-11-06 09:32:21.100,4851.6000,27402,0,103697880.000,0,-,-,-,-,4851.0000,4850.4000,4850.2000,4850.0000,4849.8000,4851.8000,4854.4000,4854.6000,4855.2000,4857.2000,2,1,1,1,1,1,2,1,1,2
SF,IC2003,2019-11-06 09:32:21.600,4851.6000,27402,0,103697880.000,0,-,-,-,-,4850.4000,4850.2000,4850.0000,4849.8000,4848.6000,4851.8000,4854.4000,4854.6000,4855.2000,4857.2000,1,1,1,1,13,1,2,1,1,2
SF,IC2003,2019-11-06 09:32:22.100,4851.6000,27402,0,103697880.000,0,-,-,-,-,4850.6000,4850.4000,4850.2000,4850.0000,4849.8000,4851.8000,4854.4000,4854.6000,4855.2000,4857.2000,1,1,1,1,1,1,2,1,1,2
SF,IC2003,2019-11-06 09:32:24.600,4851.6000,27402,0,103697880.000,0,-,-,-,-,4850.6000,4850.4000,4850.2000,4850.0000,4849.8000,4851.6000,4851.8000,4854.4000,4854.6000,4855.2000,1,1,1,1,1,2,1,2,1,1
SF,IC2003,2019-11-06 09:32:25.100,4851.6000,27402,0,103697880.000,0,-,-,-,-,4850.4000,4850.2000,4850.0000,4849.8000,4848.6000,4851.6000,4851.8000,4854.4000,4854.6000,4855.2000,1,1,1,1,13,2,1,2,1,1
SF,IC2003,2019-11-06 09:32:26.600,4850.4000,27401,-1,104667960.000,1,0,1,双平,S,4849.8000,4848.6000,4845.0000,4842.0000,4840.0000,4851.4000,4851.6000,4851.8000,4854.4000,4854.6000,1,13,13,2,3,1,2,1,2,1
SF,IC2003,2019-11-06 09:32:27.100,4850.4000,27401,0,104667960.000,0,-,-,-,-,4848.6000,4845.0000,4842.0000,4840.0000,4838.0000,4849.8000,4851.2000,4851.4000,4851.8000,4854.4000,13,13,2,3,1,1,2,2,1,2
SF,IC2003,2019-11-06 09:32:27.600,4850.4000,27401,0,104667960.000,0,-,-,-,-,4848.8000,4848.6000,4845.0000,4842.0000,4840.0000,4849.8000,4851.4000,4851.8000,4854.4000,4854.6000,3,13,13,2,3,1,2,1,2,1
SF,IC2003,2019-11-06 09:32:28.100,4850.4000,27401,0,104667960.000,0,-,-,-,-,4848.8000,4848.6000,4845.0000,4842.0000,4840.0000,4849.8000,4851.4000,4851.8000,4854.4000,4854.6000,2,13,13,2,3,1,2,1,2,1
SF,IC2003,2019-11-06 09:32:28.600,4849.8000,27400,-1,105637920.000,1,0,1,双平,S,4848.8000,4848.6000,4845.0000,4842.0000,4840.0000,4851.4000,4851.8000,4854.4000,4854.6000,4855.2000,2,13,13,2,3,2,1,2,1,1
SF,IC2003,2019-11-06 09:32:29.100,4849.8000,27400,0,105637920.000,0,-,-,-,-,4850.6000,4848.6000,4845.0000,4842.0000,4840.0000,4851.2000,4851.4000,4854.4000,4854.6000,4855.2000,13,13,13,2,3,6,2,2,1,1
SF,IC2003,2019-11-06 09:32:29.600,4850.6000,27388,-12,117279360.000,12,0,12,双平,S,4850.6000,4848.6000,4845.0000,4842.0000,4840.0000,4851.0000,4851.2000,4851.4000,4854.4000,4854.6000,1,13,13,2,3,1,5,1,2,1
SF,IC2003,2019-11-06 09:32:30.100,4850.6000,27387,-1,118249480.000,1,0,1,双平,S,4848.6000,4845.0000,4842.0000,4840.0000,4838.0000,4850.6000,4851.0000,4851.2000,4851.4000,4854.4000,13,13,2,3,1,1,2,3,1,2
SF,IC2003,2019-11-06 09:32:30.600,4850.6000,27387,0,118249480.000,0,-,-,-,-,4849.0000,4848.8000,4848.6000,4845.0000,4842.0000,4850.6000,4851.0000,4851.2000,4851.4000,4854.4000,1,4,13,13,2,1,2,1,1,2
SF,IC2003,2019-11-06 09:32:31.100,4850.6000,27387,0,118249480.000,0,-,-,-,-,4849.2000,4849.0000,4848.8000,4848.6000,4845.0000,4851.0000,4851.2000,4851.4000,4854.4000,4854.6000,3,1,1,13,13,1,1,1,2,1
SF,IC2003,2019-11-06 09:32:31.600,4850.6000,27387,0,118249480.000,0,-,-,-,-,4849.2000,4849.0000,4848.8000,4848.6000,4845.0000,4851.0000,4851.2000,4851.4000,4854.4000,4854.6000,3,1,1,13,13,1,1,1,2,1
SF,IC2003,2019-11-06 09:32:32.100,4850.6000,27387,0,118249480.000,0,-,-,-,-,4849.4000,4849.2000,4849.0000,4848.8000,4848.6000,4851.0000,4851.2000,4851.4000,4854.4000,4854.6000,1,3,1,1,13,1,1,1,2,1
SF,IC2003,2019-11-06 09:32:32.600,4850.6000,27387,0,118249480.000,0,-,-,-,-,4849.8000,4849.4000,4849.2000,4849.0000,4848.8000,4851.0000,4851.2000,4851.4000,4854.4000,4854.6000,1,1,2,1,1,1,1,1,2,1
SF,IC2003,2019-11-06 09:32:33.100,4850.6000,27387,0,118249480.000,0,-,-,-,-,4849.8000,4849.4000,4849.0000,4848.8000,4848.6000,4851.0000,4851.2000,4851.4000,4854.4000,4854.6000,1,1,1,1,13,1,1,1,2,1
SF,IC2003,2019-11-06 09:32:33.600,4850.6000,27387,0,118249480.000,0,-,-,-,-,4849.8000,4849.0000,4848.8000,4848.6000,4845.0000,4851.0000,4851.2000,4851.4000,4854.4000,4854.6000,1,1,1,13,13,1,1,1,2,1
SF,IC2003,2019-11-06 09:32:35.100,4851.0000,27387,0,119219680.000,1,0,1,多换,S,4849.8000,4849.0000,4848.8000,4848.6000,4845.0000,4851.4000,4854.4000,4854.6000,4855.2000,4857.2000,1,1,1,13,13,1,2,1,1,2
SF,IC2003,2019-11-06 09:32:35.600,4851.0000,27387,0,119219680.000,0,-,-,-,-,4849.8000,4849.0000,4848.8000,4848.6000,4845.0000,4851.2000,4851.4000,4854.4000,4854.6000,4855.2000,1,1,1,13,13,2,1,2,1,1
SF,IC2003,2019-11-06 09:32:36.100,4851.0000,27387,0,119219680.000,0,-,-,-,-,4849.8000,4849.0000,4848.8000,4848.6000,4845.0000,4851.2000,4851.4000,4854.4000,4854.6000,4855.2000,1,1,1,13,13,2,1,2,1,1
SF,IC2003,2019-11-06 09:32:36.600,4851.0000,27387,0,119219680.000,0,-,-,-,-,4849.8000,4849.0000,4848.8000,4848.6000,4845.0000,4851.2000,4851.4000,4854.4000,4854.6000,4855.2000,1,1,1,13,13,2,1,2,1,1
SF,IC2003,2019-11-06 09:32:37.600,4851.0000,27387,0,119219680.000,0,-,-,-,-,4849.8000,4849.0000,4848.8000,4848.6000,4845.0000,4851.0000,4851.2000,4851.4000,4854.4000,4854.6000,1,1,1,13,13,3,2,1,2,1
SF,IC2003,2019-11-06 09:32:38.100,4851.0000,27387,0,119219680.000,0,-,-,-,-,4849.8000,4849.0000,4848.8000,4848.6000,4845.0000,4851.0000,4851.2000,4851.4000,4854.4000,4854.6000,1,1,1,13,13,3,1,1,2,1
SF,IC2003,2019-11-06 09:32:39.100,4851.0000,27387,0,120189880.000,1,0,1,多换,S,4849.8000,4849.0000,4848.8000,4848.6000,4845.0000,4851.0000,4851.2000,4851.4000,4854.4000,4854.6000,1,1,1,13,13,2,1,1,2,1
SF,IC2003,2019-11-06 09:32:39.600,4851.0000,27387,0,120189880.000,0,-,-,-,-,4850.0000,4849.8000,4849.0000,4848.8000,4848.6000,4850.8000,4851.0000,4851.2000,4851.4000,4854.4000,2,1,1,1,13,1,2,1,1,2
SF,IC2003,2019-11-06 09:32:40.100,4851.0000,27387,0,120189880.000,0,-,-,-,-,4850.0000,4849.8000,4849.0000,4848.8000,4848.6000,4850.6000,4850.8000,4851.0000,4851.4000,4854.4000,2,1,1,1,13,1,1,2,1,2
SF,IC2003,2019-11-06 09:32:40.600,4850.0000,27387,0,122129880.000,2,1,1,多换,S,4849.8000,4849.0000,4848.8000,4848.6000,4845.0000,4850.0000,4850.6000,4851.0000,4851.4000,4854.4000,2,1,1,13,13,3,1,2,1,2
SF,IC2003,2019-11-06 09:32:41.100,4851.0000,27382,-5,126980200.000,5,0,5,双平,S,4850.2000,4849.8000,4849.0000,4848.6000,4845.0000,4851.4000,4854.4000,4854.6000,4855.2000,4857.2000,2,2,1,13,13,1,2,1,1,2
SF,IC2003,2019-11-06 09:32:41.600,4851.0000,27382,0,126980200.000,0,-,-,-,-,4850.2000,4850.0000,4849.8000,4849.0000,4848.6000,4854.4000,4854.6000,4855.2000,4857.2000,4857.6000,3,3,2,1,13,2,1,1,2,6
SF,IC2003,2019-11-06 09:32:42.100,4851.0000,27382,0,126980200.000,0,-,-,-,-,4850.4000,4850.2000,4849.8000,4849.0000,4848.6000,4852.8000,4853.6000,4854.0000,4854.2000,4854.4000,1,3,2,1,13,1,3,16,3,2
SF,IC2003,2019-11-06 09:32:42.600,4851.0000,27382,0,126980200.000,0,-,-,-,-,4850.4000,4850.2000,4849.8000,4849.0000,4848.6000,4852.4000,4852.6000,4852.8000,4854.0000,4854.2000,1,2,2,1,13,2,4,1,16,2
SF,IC2003,2019-11-06 09:32:43.100,4851.0000,27382,0,126980200.000,0,-,-,-,-,4850.4000,4850.2000,4849.8000,4849.0000,4848.6000,4852.2000,4852.4000,4852.8000,4854.0000,4854.2000,1,2,2,1,13,2,2,1,16,2
SF,IC2003,2019-11-06 09:32:44.100,4850.4000,27381,-1,127950280.000,1,0,1,双平,S,4849.8000,4849.0000,4848.6000,4845.0000,4842.0000,4852.2000,4852.4000,4852.8000,4854.0000,4854.2000,2,1,13,13,2,2,2,1,16,2
SF,IC2003,2019-11-06 09:32:44.600,4850.4000,27381,0,127950280.000,0,-,-,-,-,4850.0000,4849.8000,4849.0000,4848.6000,4845.0000,4852.0000,4852.2000,4852.4000,4852.8000,4854.0000,1,2,1,13,13,1,2,2,1,16
SF,IC2003,2019-11-06 09:32:45.100,4850.4000,27381,0,127950280.000,0,-,-,-,-,4850.0000,4849.8000,4849.0000,4848.6000,4845.0000,4852.0000,4852.2000,4852.4000,4852.8000,4854.0000,1,2,1,13,13,1,1,2,1,16
SF,IC2003,2019-11-06 09:32:47.100,4850.4000,27381,0,127950280.000,0,-,-,-,-,4850.0000,4849.8000,4849.0000,4848.6000,4845.0000,4851.8000,4852.0000,4852.4000,4852.8000,4854.0000,1,2,1,13,13,1,1,2,1,16
SF,IC2003,2019-11-06 09:32:47.600,4850.0000,27381,0,128920280.000,1,0,1,多换,S,4849.8000,4849.0000,4848.6000,4845.0000,4842.0000,4851.8000,4852.0000,4852.4000,4852.8000,4854.0000,2,1,13,13,2,1,1,2,1,16
SF,IC2003,2019-11-06 09:32:48.100,4850.0000,27381,0,128920280.000,0,-,-,-,-,4849.8000,4849.0000,4848.6000,4845.0000,4842.0000,4851.6000,4851.8000,4852.4000,4852.8000,4854.0000,2,1,13,13,2,2,1,2,1,16
SF,IC2003,2019-11-06 09:32:48.600,4850.0000,27381,0,128920280.000,0,-,-,-,-,4849.8000,4849.0000,4848.6000,4845.0000,4842.0000,4851.4000,4851.6000,4852.4000,4852.8000,4854.0000,2,1,13,13,2,1,2,2,1,16
SF,IC2003,2019-11-06 09:32:49.600,4850.0000,27381,0,128920280.000,0,-,-,-,-,4849.8000,4849.0000,4848.6000,4845.0000,4842.0000,4851.4000,4851.6000,4852.4000,4852.8000,4854.0000,2,1,13,13,2,1,2,2,1,16
SF,IC2003,2019-11-06 09:32:50.100,4850.0000,27381,0,128920280.000,0,-,-,-,-,4849.8000,4849.0000,4848.6000,4845.0000,4842.0000,4851.4000,4851.6000,4852.4000,4852.8000,4854.0000,2,1,13,13,2,1,1,2,1,16
SF,IC2003,2019-11-06 09:32:51.600,4849.8000,27380,-1,129890240.000,1,0,1,双平,S,4849.8000,4849.0000,4848.6000,4845.0000,4842.0000,4851.4000,4851.6000,4852.4000,4852.8000,4854.0000,1,1,13,13,2,1,1,2,1,16
SF,IC2003,2019-11-06 09:32:52.600,4849.8000,27380,0,130860200.000,1,0,1,多换,S,4849.0000,4848.6000,4845.0000,4842.0000,4840.0000,4851.4000,4851.6000,4852.4000,4852.8000,4854.0000,1,13,13,2,3,1,1,2,1,16
SF,IC2003,2019-11-06 09:32:53.100,4849.8000,27380,0,130860200.000,0,-,-,-,-,4849.2000,4849.0000,4848.6000,4845.0000,4842.0000,4851.2000,4852.4000,4852.8000,4854.0000,4854.2000,5,1,13,13,2,1,2,1,16,2
SF,IC2003,2019-11-06 09:32:53.600,4849.8000,27380,0,130860200.000,0,-,-,-,-,4849.4000,4849.2000,4849.0000,4848.6000,4845.0000,4851.2000,4852.4000,4852.8000,4854.0000,4854.2000,1,5,1,13,13,1,2,1,16,2
SF,IC2003,2019-11-06 09:32:54.100,4849.8000,27380,0,130860200.000,0,-,-,-,-,4849.6000,4849.4000,4849.0000,4848.6000,4845.0000,4851.2000,4852.4000,4852.8000,4854.0000,4854.2000,4,1,1,13,13,1,1,1,16,2
SF,IC2003,2019-11-06 09:32:55.100,4849.8000,27380,0,130860200.000,0,-,-,-,-,4849.6000,4849.4000,4849.0000,4848.6000,4845.0000,4851.2000,4852.4000,4852.8000,4854.0000,4854.2000,4,1,1,13,13,1,1,1,16,2
SF,IC2003,2019-11-06 09:32:55.600,4849.4000,27375,-5,135709760.000,5,0,5,双平,S,4848.6000,4848.2000,4845.0000,4842.0000,4840.0000,4851.2000,4852.0000,4852.4000,4852.8000,4854.0000,13,1,13,2,4,1,1,1,1,16
SF,IC2003,2019-11-06 09:32:56.100,4849.4000,27375,0,135709760.000,0,-,-,-,-,4848.8000,4848.6000,4845.0000,4842.0000,4840.0000,4851.0000,4851.2000,4852.4000,4852.8000,4854.0000,2,13,13,2,4,1,1,1,1,16
SF,IC2003,2019-11-06 09:32:56.600,4850.8000,27375,0,136679920.000,1,0,1,多换,S,4848.8000,4848.6000,4845.0000,4842.0000,4840.0000,4850.8000,4851.0000,4852.4000,4852.8000,4854.0000,1,13,13,2,4,1,1,1,1,16
SF,IC2003,2019-11-06 09:32:57.100,4850.8000,27375,0,136679920.000,0,-,-,-,-,4848.8000,4848.6000,4845.0000,4842.0000,4840.0000,4850.8000,4852.4000,4852.8000,4854.0000,4854.2000,1,13,13,2,4,1,1,1,16,2
SF,IC2003,2019-11-06 09:32:57.600,4849.0000,27374,-1,137649720.000,1,0,1,双平,S,4848.8000,4848.6000,4845.0000,4842.0000,4840.0000,4849.0000,4850.8000,4852.4000,4852.8000,4854.0000,1,13,13,2,4,4,1,1,1,16
SF,IC2003,2019-11-06 09:32:58.100,4849.0000,27370,-4,141528920.000,4,0,4,双平,S,4849.4000,4849.0000,4848.8000,4848.6000,4845.0000,4850.8000,4852.4000,4852.8000,4854.0000,4854.4000,1,1,1,13,13,1,1,1,16,2
SF,IC2003,2019-11-06 09:32:58.600,4849.0000,27370,0,141528920.000,0,-,-,-,-,4850.8000,4849.4000,4848.6000,4845.0000,4842.0000,4852.4000,4852.8000,4854.0000,4854.4000,4854.6000,1,1,13,13,2,1,1,16,2,1
SF,IC2003,2019-11-06 09:32:59.100,4850.8000,27369,-1,142499080.000,1,0,1,双平,S,4849.4000,4848.6000,4845.0000,4842.0000,4840.0000,4850.4000,4850.8000,4851.6000,4852.0000,4852.2000,1,13,13,2,4,2,1,1,2,8
SF,IC2003,2019-11-06 09:32:59.600,4849.4000,27368,-1,143468960.000,1,0,1,双平,S,4848.6000,4845.0000,4842.0000,4840.0000,4838.0000,4850.2000,4850.4000,4850.8000,4852.0000,4852.2000,13,13,2,4,1,1,2,1,2,6
SF,IC2003,2019-11-06 09:33:00.100,4849.4000,27368,0,143468960.000,0,-,-,-,-,4848.6000,4845.0000,4842.0000,4840.0000,4838.0000,4850.2000,4850.4000,4850.8000,4852.0000,4852.2000,13,13,2,4,1,1,2,1,2,2
SF,IC2003,2019-11-06 09:33:00.600,4849.4000,27368,0,143468960.000,0,-,-,-,-,4848.6000,4845.0000,4842.0000,4840.0000,4838.0000,4849.0000,4850.2000,4850.4000,4850.8000,4852.0000,13,13,2,4,1,5,1,2,1,2
SF,IC2003,2019-11-06 09:33:01.100,4849.0000,27363,-5,148317960.000,5,0,5,双平,S,4848.6000,4845.0000,4842.0000,4840.0000,4838.0000,4850.4000,4850.8000,4852.0000,4852.4000,4852.6000,13,13,2,4,1,2,1,2,1,1
SF,IC2003,2019-11-06 09:33:03.100,4848.6000,27363,0,151227120.000,3,1,2,多换,S,4848.6000,4845.0000,4842.0000,4840.0000,4838.0000,4850.4000,4850.8000,4852.0000,4852.4000,4852.6000,10,13,2,4,1,3,1,2,1,1
SF,IC2003,2019-11-06 09:33:03.600,4848.6000,27363,0,151227120.000,0,-,-,-,-,4848.6000,4845.0000,4842.0000,4840.0000,4838.0000,4850.2000,4850.4000,4850.8000,4852.0000,4852.4000,10,13,2,4,1,1,3,1,2,1
SF,IC2003,2019-11-06 09:33:04.100,4848.6000,27363,0,151227120.000,0,-,-,-,-,4848.6000,4845.0000,4842.0000,4840.0000,4838.0000,4850.0000,4850.2000,4850.4000,4850.8000,4852.0000,10,13,2,4,1,1,6,4,1,2
SF,IC2003,2019-11-06 09:33:04.600,4848.6000,27355,-8,158984880.000,8,0,8,双平,S,4848.6000,4845.0000,4842.0000,4840.0000,4838.0000,4849.8000,4850.0000,4850.4000,4852.0000,4852.4000,2,13,2,4,1,6,2,4,2,1
SF,IC2003,2019-11-06 09:33:05.100,4848.6000,27353,-2,160924320.000,2,0,2,双平,S,4845.0000,4842.0000,4840.0000,4838.0000,4837.2000,4848.6000,4849.8000,4850.0000,4850.4000,4852.0000,13,2,4,1,5,1,6,2,4,2
SF,IC2003,2019-11-06 09:33:05.600,4848.6000,27353,0,160924320.000,0,-,-,-,-,4845.4000,4845.2000,4845.0000,4842.0000,4840.0000,4848.4000,4848.6000,4849.6000,4850.0000,4850.4000,1,2,13,2,4,1,1,1,2,4
SF,IC2003,2019-11-06 09:33:06.100,4848.6000,27353,0,160924320.000,0,-,-,-,-,4845.6000,4845.4000,4845.0000,4842.0000,4840.0000,4848.4000,4848.6000,4849.6000,4850.0000,4850.4000,1,1,13,3,4,1,1,1,2,4
SF,IC2003,2019-11-06 09:33:06.600,4848.6000,27353,0,160924320.000,0,-,-,-,-,4845.6000,4845.4000,4845.0000,4842.0000,4840.0000,4848.2000,4848.4000,4848.6000,4849.6000,4850.0000,1,1,13,3,4,1,1,1,1,2
SF,IC2003,2019-11-06 09:33:07.100,4848.6000,27353,0,160924320.000,0,-,-,-,-,4845.0000,4842.0000,4840.0000,4838.0000,4837.2000,4848.0000,4848.2000,4848.6000,4849.6000,4850.0000,13,3,4,1,5,1,1,1,1,2
SF,IC2003,2019-11-06 09:33:07.600,4848.6000,27353,0,160924320.000,0,-,-,-,-,4845.2000,4845.0000,4842.0000,4840.0000,4838.0000,4847.8000,4848.0000,4848.6000,4849.6000,4850.0000,2,13,3,4,1,1,1,1,1,2
SF,IC2003,2019-11-06 09:33:08.100,4848.6000,27353,0,160924320.000,0,-,-,-,-,4845.2000,4845.0000,4842.0000,4840.0000,4838.0000,4847.6000,4847.8000,4848.6000,4849.6000,4850.0000,2,13,3,4,1,1,1,1,1,2
SF,IC2003,2019-11-06 09:33:08.600,4848.2000,27353,0,161893960.000,1,0,1,多换,S,4845.2000,4845.0000,4842.0000,4840.0000,4838.0000,4847.4000,4848.6000,4849.6000,4850.0000,4850.4000,2,13,3,4,1,1,1,1,2,2
SF,IC2003,2019-11-06 09:33:09.100,4848.2000,27353,0,161893960.000,0,-,-,-,-,4845.4000,4845.2000,4845.0000,4842.0000,4840.0000,4848.6000,4849.6000,4850.0000,4850.4000,4852.0000,1,2,13,3,4,1,1,2,2,1
SF,IC2003,2019-11-06 09:33:09.600,4848.2000,27353,0,161893960.000,0,-,-,-,-,4845.6000,4845.4000,4845.2000,4845.0000,4842.0000,4848.4000,4848.6000,4849.6000,4850.0000,4850.4000,1,1,1,13,3,1,1,1,2,2
SF,IC2003,2019-11-06 09:33:10.100,4848.2000,27353,0,161893960.000,0,-,-,-,-,4845.8000,4845.6000,4845.2000,4845.0000,4842.0000,4848.4000,4848.6000,4849.6000,4850.0000,4850.4000,1,1,1,13,3,1,1,1,2,2
SF,IC2003,2019-11-06 09:33:10.600,4848.2000,27353,0,161893960.000,0,-,-,-,-,4845.8000,4845.2000,4845.0000,4842.0000,4840.0000,4848.4000,4848.6000,4849.6000,4850.0000,4850.4000,1,1,13,3,4,1,1,1,2,2
SF,IC2003,2019-11-06 09:33:11.100,4848.2000,27353,0,161893960.000,0,-,-,-,-,4846.0000,4845.8000,4845.2000,4845.0000,4842.0000,4848.4000,4848.6000,4849.6000,4850.0000,4850.4000,1,1,1,13,3,1,1,1,2,2
SF,IC2003,2019-11-06 09:33:11.600,4848.2000,27353,0,161893960.000,0,-,-,-,-,4846.2000,4846.0000,4845.2000,4845.0000,4842.0000,4849.6000,4850.0000,4850.4000,4852.0000,4852.4000,1,1,1,13,3,1,2,2,1,1
SF,IC2003,2019-11-06 09:33:12.100,4848.2000,27353,0,161893960.000,0,-,-,-,-,4846.4000,4846.2000,4845.2000,4845.0000,4842.0000,4849.4000,4849.6000,4850.0000,4850.4000,4852.0000,1,2,1,13,3,1,1,2,2,1
SF,IC2003,2019-11-06 09:33:12.600,4848.2000,27353,0,161893960.000,0,-,-,-,-,4846.8000,4846.6000,4846.4000,4846.2000,4845.0000,4849.4000,4850.0000,4850.4000,4852.0000,4852.4000,1,1,1,1,13,1,1,1,1,1
SF,IC2003,2019-11-06 09:33:13.100,4848.2000,27353,0,161893960.000,0,-,-,-,-,4847.0000,4846.8000,4846.2000,4845.0000,4842.0000,4849.4000,4850.4000,4852.0000,4852.4000,4852.6000,2,1,1,13,3,1,1,1,1,1
SF,IC2003,2019-11-06 09:33:14.100,4848.2000,27353,0,161893960.000,0,-,-,-,-,4847.0000,4846.8000,4846.2000,4845.0000,4842.0000,4849.4000,4850.4000,4852.0000,4852.4000,4852.6000,2,1,1,13,3,1,1,1,1,1
SF,IC2003,2019-11-06 09:33:14.600,4848.2000,27353,0,161893960.000,0,-,-,-,-,4847.0000,4846.8000,4846.2000,4845.0000,4842.0000,4849.4000,4850.4000,4852.0000,4852.4000,4852.6000,2,1,1,13,3,1,1,1,1,1
SF,IC2003,2019-11-06 09:33:15.100,4848.2000,27353,0,161893960.000,0,-,-,-,-,4846.2000,4845.0000,4842.0000,4840.0000,4838.0000,4849.2000,4849.4000,4850.4000,4852.0000,4852.4000,1,13,3,4,1,1,1,1,1,1
SF,IC2003,2019-11-06 09:33:15.600,4848.2000,27353,0,161893960.000,0,-,-,-,-,4846.4000,4846.2000,4845.0000,4842.0000,4840.0000,4849.0000,4849.2000,4850.4000,4852.0000,4852.4000,1,1,13,3,4,1,1,1,1,1
SF,IC2003,2019-11-06 09:33:16.100,4848.2000,27353,0,161893960.000,0,-,-,-,-,4846.4000,4846.2000,4845.0000,4842.0000,4840.0000,4848.8000,4849.0000,4850.4000,4852.0000,4852.4000,1,1,13,3,4,1,1,1,1,1
SF,IC2003,2019-11-06 09:33:16.600,4848.8000,27352,-1,162863720.000,1,0,1,双平,S,4849.4000,4846.8000,4846.6000,4846.4000,4846.2000,4850.4000,4852.0000,4852.4000,4852.6000,4854.0000,1,1,1,1,1,1,1,1,1,16
SF,IC2003,2019-11-06 09:33:17.100,4849.4000,27352,0,163833600.000,1,0,1,多换,S,4849.0000,4846.8000,4846.6000,4846.2000,4845.0000,4850.2000,4850.4000,4852.0000,4852.4000,4852.6000,1,1,1,1,13,7,1,1,1,1
SF,IC2003,2019-11-06 09:33:17.600,4849.4000,27352,0,163833600.000,0,-,-,-,-,4849.0000,4846.8000,4846.6000,4846.2000,4845.0000,4850.2000,4852.0000,4852.4000,4852.6000,4854.0000,1,1,1,1,13,7,1,1,1,16
SF,IC2003,2019-11-06 09:33:18.100,4849.4000,27352,0,163833600.000,0,-,-,-,-,4846.8000,4846.6000,4846.2000,4845.0000,4842.0000,4850.0000,4852.0000,4852.4000,4852.6000,4854.0000,1,1,1,13,3,2,1,1,1,16
SF,IC2003,2019-11-06 09:33:18.600,4849.4000,27352,0,163833600.000,0,-,-,-,-,4847.0000,4846.8000,4846.2000,4845.0000,4842.0000,4850.0000,4852.0000,4852.4000,4852.6000,4854.0000,3,1,1,13,3,2,1,1,1,16
SF,IC2003,2019-11-06 09:33:19.100,4849.4000,27352,0,163833600.000,0,-,-,-,-,4847.4000,4847.0000,4846.8000,4845.0000,4842.0000,4850.0000,4852.0000,4852.4000,4852.6000,4854.0000,1,3,1,13,3,2,1,1,1,16
SF,IC2003,2019-11-06 09:33:19.600,4849.4000,27352,0,163833600.000,0,-,-,-,-,4847.6000,4847.4000,4846.8000,4845.0000,4842.0000,4850.0000,4852.0000,4852.4000,4854.0000,4854.4000,2,1,2,13,3,2,1,1,16,2
SF,IC2003,2019-11-06 09:33:22.100,4849.4000,27352,0,163833600.000,0,-,-,-,-,4847.6000,4846.8000,4845.0000,4842.0000,4840.0000,4849.8000,4850.0000,4852.0000,4852.4000,4854.0000,2,2,13,3,4,1,2,1,1,16
SF,IC2003,2019-11-06 09:33:22.600,4849.4000,27352,0,163833600.000,0,-,-,-,-,4847.6000,4846.8000,4845.0000,4842.0000,4840.0000,4849.6000,4849.8000,4850.0000,4852.0000,4852.4000,2,2,13,3,4,1,1,1,1,1
SF,IC2003,2019-11-06 09:33:23.100,4849.4000,27352,0,163833600.000,0,-,-,-,-,4847.6000,4846.8000,4845.0000,4842.0000,4840.0000,4849.6000,4850.0000,4852.0000,4852.4000,4854.0000,2,2,13,3,4,1,1,1,1,16
SF,IC2003,2019-11-06 09:33:23.600,4849.6000,27351,-1,164803520.000,1,0,1,双平,S,4847.6000,4846.8000,4845.0000,4842.0000,4840.0000,4850.0000,4850.6000,4852.0000,4852.4000,4854.0000,2,2,13,3,4,1,1,1,1,16
SF,IC2003,2019-11-06 09:33:24.100,4849.6000,27351,0,164803520.000,0,-,-,-,-,4849.6000,4847.8000,4847.6000,4846.8000,4845.0000,4849.8000,4850.0000,4852.0000,4852.4000,4854.0000,1,1,2,2,13,1,1,1,1,16
SF,IC2003,2019-11-06 09:33:24.600,4849.6000,27351,0,165773440.000,1,0,1,多换,S,4847.8000,4847.6000,4847.0000,4846.8000,4845.0000,4849.6000,4849.8000,4850.0000,4852.0000,4852.4000,1,1,2,2,13,2,1,1,1,1
SF,IC2003,2019-11-06 09:33:25.100,4849.6000,27351,0,167713280.000,2,1,1,多换,S,4848.0000,4847.8000,4847.6000,4847.0000,4846.8000,4849.8000,4850.0000,4852.0000,4852.4000,4854.0000,1,1,1,2,2,1,1,1,1,16
SF,IC2003,2019-11-06 09:33:26.100,4849.6000,27351,0,167713280.000,0,-,-,-,-,4848.0000,4847.8000,4847.6000,4847.0000,4846.8000,4849.8000,4850.0000,4852.0000,4852.4000,4854.0000,1,1,1,2,2,1,1,1,1,16
SF,IC2003,2019-11-06 09:33:26.600,4849.6000,27351,0,167713280.000,0,-,-,-,-,4849.6000,4848.0000,4847.8000,4847.6000,4847.0000,4849.8000,4850.0000,4852.0000,4852.4000,4854.0000,1,1,1,1,2,1,1,1,1,16
SF,IC2003,2019-11-06 09:33:27.100,4849.6000,27351,0,168683200.000,1,0,1,多换,S,4847.8000,4847.6000,4847.0000,4846.8000,4845.0000,4849.4000,4849.8000,4850.0000,4852.0000,4852.4000,1,1,2,2,13,1,1,1,1,1
SF,IC2003,2019-11-06 09:33:27.600,4849.6000,27351,0,168683200.000,0,-,-,-,-,4848.0000,4847.8000,4847.6000,4847.0000,4846.8000,4849.8000,4850.0000,4852.0000,4852.4000,4854.0000,1,1,1,2,2,1,1,1,1,16
SF,IC2003,2019-11-06 09:33:29.600,4849.6000,27351,0,168683200.000,0,-,-,-,-,4848.0000,4847.6000,4847.0000,4846.8000,4845.0000,4849.8000,4850.0000,4852.0000,4852.4000,4854.0000,1,1,2,2,13,1,1,1,1,16
SF,IC2003,2019-11-06 09:33:30.600,4849.8000,27351,0,169653160.000,1,0,1,多换,S,4848.0000,4847.6000,4847.0000,4846.8000,4845.0000,4850.0000,4852.0000,4852.4000,4854.0000,4854.4000,1,1,2,2,13,1,1,1,16,2
SF,IC2003,2019-11-06 09:33:31.100,4849.8000,27351,0,169653160.000,0,-,-,-,-,4848.2000,4848.0000,4847.0000,4846.8000,4845.0000,4850.0000,4852.0000,4852.4000,4854.0000,4854.4000,1,1,2,2,13,1,1,1,16,2
SF,IC2003,2019-11-06 09:33:31.600,4849.8000,27351,0,169653160.000,0,-,-,-,-,4848.4000,4848.2000,4847.0000,4846.8000,4845.0000,4850.0000,4852.0000,4852.4000,4854.0000,4854.4000,1,1,2,2,13,1,1,1,16,2
SF,IC2003,2019-11-06 09:33:32.100,4849.8000,27351,0,169653160.000,0,-,-,-,-,4848.4000,4848.2000,4847.0000,4846.8000,4845.0000,4852.0000,4852.4000,4854.0000,4854.4000,4857.6000,1,1,2,2,13,1,1,16,2,5
SF,IC2003,2019-11-06 09:33:32.600,4849.8000,27351,0,169653160.000,0,-,-,-,-,4848.6000,4848.4000,4847.0000,4846.8000,4845.0000,4851.2000,4851.6000,4851.8000,4852.0000,4852.4000,1,1,2,2,13,3,1,5,1,1
SF,IC2003,2019-11-06 09:33:33.100,4849.8000,27351,0,169653160.000,0,-,-,-,-,4848.8000,4848.6000,4847.0000,4846.8000,4845.0000,4850.8000,4851.0000,4851.6000,4851.8000,4852.0000,1,1,2,2,13,1,1,1,5,1
SF,IC2003,2019-11-06 09:33:33.600,4849.8000,27351,0,169653160.000,0,-,-,-,-,4850.0000,4849.0000,4848.8000,4847.0000,4846.8000,4850.6000,4850.8000,4851.0000,4851.6000,4851.8000,1,1,1,2,2,1,1,4,1,1
SF,IC2003,2019-11-06 09:33:34.100,4850.0000,27351,0,170623160.000,1,0,1,多换,S,4849.6000,4849.0000,4847.0000,4846.8000,4845.0000,4850.6000,4850.8000,4851.6000,4851.8000,4852.0000,1,1,2,2,13,5,1,1,1,1
SF,IC2003,2019-11-06 09:33:34.600,4850.6000,27350,-1,175473760.000,5,2,3,多平,S,4849.6000,4849.2000,4849.0000,4847.0000,4846.8000,4850.8000,4851.6000,4851.8000,4852.2000,4852.4000,1,1,1,2,2,1,1,1,1,1
SF,IC2003,2019-11-06 09:33:35.100,4850.6000,27350,0,175473760.000,0,-,-,-,-,4849.8000,4849.6000,4849.0000,4847.0000,4846.8000,4850.8000,4851.8000,4852.4000,4854.0000,4854.4000,2,1,1,2,2,1,1,1,16,2
SF,IC2003,2019-11-06 09:33:35.600,4850.6000,27350,0,175473760.000,0,-,-,-,-,4849.8000,4849.6000,4849.0000,4847.0000,4846.8000,4850.8000,4851.8000,4852.4000,4854.0000,4854.4000,6,1,1,2,2,1,1,1,16,2
SF,IC2003,2019-11-06 09:33:36.100,4850.8000,27350,0,176443920.000,1,0,1,多换,S,4850.8000,4849.8000,4849.6000,4849.0000,4847.0000,4851.8000,4852.4000,4854.0000,4854.4000,4857.6000,1,6,1,1,2,1,1,16,2,5
SF,IC2003,2019-11-06 09:33:36.600,4850.8000,27349,-1,177414080.000,1,0,1,双平,S,4849.6000,4849.0000,4847.0000,4846.8000,4845.0000,4851.6000,4851.8000,4852.4000,4854.0000,4854.4000,1,2,2,2,13,1,1,1,16,2
SF,IC2003,2019-11-06 09:33:37.100,4850.8000,27349,0,177414080.000,0,-,-,-,-,4849.8000,4849.6000,4849.0000,4848.2000,4847.0000,4851.8000,4852.4000,4854.0000,4854.4000,4857.6000,2,1,1,1,2,1,1,16,2,5
SF,IC2003,2019-11-06 09:33:39.100,4850.8000,27349,0,177414080.000,0,-,-,-,-,4850.6000,4849.8000,4849.6000,4849.0000,4848.2000,4851.8000,4852.4000,4854.0000,4854.4000,4857.6000,1,2,1,1,1,1,1,16,2,5
SF,IC2003,2019-11-06 09:33:39.600,4850.8000,27349,0,177414080.000,0,-,-,-,-,4850.6000,4849.8000,4849.6000,4849.0000,4848.2000,4851.8000,4852.4000,4854.0000,4854.4000,4857.6000,1,1,1,1,1,1,1,16,2,5
SF,IC2003,2019-11-06 09:33:41.600,4850.6000,27348,-1,178384200.000,1,0,1,双平,S,4849.8000,4849.6000,4849.0000,4848.2000,4847.0000,4851.8000,4852.4000,4854.0000,4854.4000,4857.6000,1,1,1,1,2,1,1,16,2,5
SF,IC2003,2019-11-06 09:33:42.100,4850.6000,27348,0,178384200.000,0,-,-,-,-,4849.8000,4849.6000,4849.0000,4848.2000,4847.0000,4851.6000,4851.8000,4852.4000,4854.0000,4854.4000,1,1,1,1,2,2,1,1,16,2
SF,IC2003,2019-11-06 09:33:42.600,4850.6000,27348,0,178384200.000,0,-,-,-,-,4849.8000,4849.6000,4849.0000,4848.2000,4847.0000,4851.4000,4851.6000,4851.8000,4852.4000,4854.0000,1,1,1,1,2,1,2,1,1,16
SF,IC2003,2019-11-06 09:33:43.100,4850.6000,27348,0,178384200.000,0,-,-,-,-,4849.8000,4849.6000,4849.0000,4848.2000,4847.0000,4851.4000,4851.6000,4851.8000,4852.4000,4854.0000,1,1,1,1,2,1,1,1,1,16
SF,IC2003,2019-11-06 09:33:43.600,4850.6000,27348,0,178384200.000,0,-,-,-,-,4849.8000,4849.6000,4849.0000,4848.2000,4847.0000,4851.4000,4851.6000,4851.8000,4852.4000,4854.0000,1,1,1,1,2,1,1,1,1,16
SF,IC2003,2019-11-06 09:33:44.100,4850.6000,27348,0,178384200.000,0,-,-,-,-,4850.0000,4849.8000,4849.6000,4849.0000,4848.2000,4851.4000,4851.6000,4851.8000,4852.4000,4854.0000,1,1,1,1,1,1,1,1,1,16
SF,IC2003,2019-11-06 09:33:44.600,4850.6000,27348,0,178384200.000,0,-,-,-,-,4850.0000,4849.8000,4849.6000,4849.0000,4848.2000,4851.4000,4851.8000,4852.4000,4854.0000,4854.4000,1,1,1,1,1,1,1,1,16,2
SF,IC2003,2019-11-06 09:33:45.600,4850.6000,27348,0,178384200.000,0,-,-,-,-,4850.0000,4849.8000,4849.6000,4849.0000,4847.0000,4851.4000,4851.8000,4852.4000,4854.0000,4854.4000,1,1,1,1,2,1,1,1,16,2
SF,IC2003,2019-11-06 09:33:46.100,4850.0000,27348,0,179354200.000,1,0,1,多换,S,4849.8000,4849.6000,4849.2000,4849.0000,4847.0000,4851.4000,4851.8000,4852.2000,4852.4000,4854.0000,1,1,1,1,2,1,1,1,1,16
SF,IC2003,2019-11-06 09:33:46.600,4850.0000,27348,0,179354200.000,0,-,-,-,-,4849.8000,4849.6000,4849.0000,4847.0000,4846.8000,4851.4000,4851.8000,4852.4000,4854.0000,4854.4000,1,1,1,2,1,1,1,1,16,2
SF,IC2003,2019-11-06 09:33:47.100,4850.0000,27348,0,179354200.000,0,-,-,-,-,4849.8000,4849.6000,4849.0000,4847.0000,4846.8000,4851.4000,4851.8000,4852.4000,4854.0000,4854.4000,1,1,1,2,1,1,1,1,16,2
SF,IC2003,2019-11-06 09:33:47.600,4849.6000,27349,1,181294080.000,2,1,1,空开,S,4849.0000,4847.0000,4846.8000,4845.0000,4842.0000,4851.2000,4851.4000,4851.8000,4852.4000,4854.0000,1,2,1,13,3,1,1,1,1,16
SF,IC2003,2019-11-06 09:33:48.100,4849.6000,27349,0,181294080.000,0,-,-,-,-,4849.0000,4847.0000,4846.8000,4845.0000,4842.0000,4851.0000,4851.2000,4851.4000,4851.8000,4852.4000,1,2,1,13,3,1,2,1,1,1
SF,IC2003,2019-11-06 09:33:48.600,4849.0000,27350,1,182263880.000,1,1,0,双开,S,4847.0000,4846.8000,4845.0000,4842.0000,4840.0000,4850.8000,4851.0000,4851.2000,4851.4000,4851.8000,2,1,13,3,4,2,1,1,1,1
SF,IC2003,2019-11-06 09:33:49.100,4849.0000,27350,0,182263880.000,0,-,-,-,-,4847.2000,4847.0000,4846.8000,4845.0000,4842.0000,4850.4000,4850.6000,4850.8000,4851.2000,4851.4000,3,2,1,13,3,1,2,2,1,1
SF,IC2003,2019-11-06 09:33:49.600,4849.0000,27350,0,182263880.000,0,-,-,-,-,4847.4000,4847.0000,4846.8000,4845.0000,4842.0000,4850.2000,4850.4000,4850.6000,4851.4000,4851.8000,1,2,1,13,3,4,1,1,1,1
SF,IC2003,2019-11-06 09:33:50.100,4849.0000,27350,0,182263880.000,0,-,-,-,-,4847.4000,4847.0000,4845.0000,4842.0000,4840.0000,4850.0000,4850.2000,4850.4000,4850.6000,4851.4000,1,2,13,3,4,1,5,1,1,1
SF,IC2003,2019-11-06 09:33:50.600,4849.0000,27350,0,182263880.000,0,-,-,-,-,4847.4000,4847.0000,4845.0000,4842.0000,4840.0000,4849.8000,4850.0000,4850.2000,4850.4000,4850.6000,1,2,13,3,4,2,1,1,1,1
SF,IC2003,2019-11-06 09:33:51.100,4849.0000,27350,0,182263880.000,0,-,-,-,-,4849.0000,4847.6000,4847.4000,4847.0000,4845.0000,4849.8000,4850.0000,4850.6000,4851.8000,4852.4000,2,5,1,2,13,1,1,1,1,1
SF,IC2003,2019-11-06 09:33:51.600,4849.8000,27349,-1,183233840.000,1,0,1,双平,S,4850.0000,4849.0000,4847.6000,4847.0000,4845.0000,4851.8000,4852.4000,4854.0000,4854.4000,4857.6000,1,2,5,2,13,1,1,16,2,5
SF,IC2003,2019-11-06 09:33:52.100,4849.8000,27349,0,183233840.000,0,-,-,-,-,4849.0000,4847.6000,4847.0000,4845.0000,4842.0000,4851.6000,4851.8000,4852.4000,4854.0000,4854.4000,2,1,2,13,3,2,1,1,16,2
SF,IC2003,2019-11-06 09:33:52.600,4849.8000,27349,0,183233840.000,0,-,-,-,-,4849.2000,4849.0000,4847.0000,4845.0000,4842.0000,4851.4000,4851.6000,4851.8000,4852.4000,4854.0000,1,2,2,13,3,1,2,1,1,16
SF,IC2003,2019-11-06 09:33:53.100,4849.8000,27349,0,183233840.000,0,-,-,-,-,4849.4000,4849.2000,4849.0000,4847.0000,4845.0000,4851.2000,4851.4000,4851.6000,4851.8000,4852.4000,1,1,2,2,13,1,1,1,1,1
SF,IC2003,2019-11-06 09:33:53.600,4849.8000,27349,0,183233840.000,0,-,-,-,-,4849.4000,4849.2000,4849.0000,4847.0000,4845.0000,4851.0000,4851.2000,4851.4000,4851.6000,4851.8000,1,1,2,2,13,1,1,1,1,1
SF,IC2003,2019-11-06 09:33:54.100,4851.0000,27349,0,184204040.000,1,0,1,多换,S,4851.0000,4849.4000,4849.2000,4849.0000,4847.0000,4851.4000,4851.6000,4851.8000,4852.4000,4854.0000,1,1,1,2,2,1,1,1,1,16
SF,IC2003,2019-11-06 09:33:54.600,4851.0000,27349,0,185174240.000,1,0,1,多换,S,4849.2000,4849.0000,4847.0000,4845.0000,4842.0000,4850.4000,4850.8000,4851.0000,4851.2000,4851.4000,1,2,2,13,3,1,2,1,1,1
SF,IC2003,2019-11-06 09:33:55.100,4851.0000,27349,0,185174240.000,0,-,-,-,-,4849.4000,4849.0000,4847.0000,4845.0000,4842.0000,4851.0000,4851.4000,4851.6000,4851.8000,4852.4000,1,2,2,13,3,1,1,1,1,1
SF,IC2003,2019-11-06 09:33:56.600,4851.0000,27349,0,185174240.000,0,-,-,-,-,4849.4000,4849.0000,4847.0000,4845.0000,4842.0000,4851.0000,4851.4000,4851.6000,4851.8000,4852.4000,1,2,2,13,3,1,1,1,1,1
SF,IC2003,2019-11-06 09:33:58.100,4851.0000,27349,0,185174240.000,0,-,-,-,-,4849.4000,4849.0000,4847.0000,4845.0000,4842.0000,4851.0000,4851.4000,4851.6000,4851.8000,4852.4000,1,2,2,13,3,2,1,1,1,1
SF,IC2003,2019-11-06 09:34:02.600,4851.0000,27349,0,185174240.000,0,-,-,-,-,4849.6000,4849.4000,4849.0000,4847.0000,4845.0000,4851.0000,4851.6000,4851.8000,4852.4000,4854.0000,4,1,2,2,13,2,1,1,1,16
SF,IC2003,2019-11-06 09:34:03.100,4851.0000,27349,0,185174240.000,0,-,-,-,-,4849.8000,4849.6000,4849.0000,4847.0000,4845.0000,4851.0000,4851.8000,4852.4000,4854.0000,4854.4000,1,4,2,2,13,2,1,1,16,2
SF,IC2003,2019-11-06 09:34:04.600,4851.0000,27349,0,185174240.000,0,-,-,-,-,4849.8000,4849.0000,4847.0000,4845.0000,4842.0000,4851.0000,4851.8000,4852.4000,4854.0000,4854.4000,1,2,2,13,3,1,1,1,16,2
SF,IC2003,2019-11-06 09:34:05.100,4851.0000,27349,0,185174240.000,0,-,-,-,-,4849.0000,4847.0000,4845.0000,4842.0000,4840.0000,4851.0000,4851.8000,4852.4000,4854.0000,4854.4000,2,2,13,3,4,1,1,1,16,2
SF,IC2003,2019-11-06 09:34:05.600,4851.0000,27349,0,185174240.000,0,-,-,-,-,4849.2000,4849.0000,4847.0000,4845.0000,4842.0000,4850.8000,4851.0000,4851.8000,4852.4000,4854.0000,1,2,2,13,3,2,1,1,1,16
SF,IC2003,2019-11-06 09:34:06.100,4851.0000,27349,0,185174240.000,0,-,-,-,-,4849.2000,4849.0000,4848.0000,4847.0000,4845.0000,4850.8000,4851.0000,4851.8000,4852.4000,4854.0000,1,2,1,2,13,2,1,1,1,16
SF,IC2003,2019-11-06 09:34:06.600,4851.0000,27349,0,185174240.000,0,-,-,-,-,4849.2000,4849.0000,4848.0000,4847.0000,4845.0000,4850.8000,4851.0000,4851.8000,4852.4000,4854.0000,1,2,1,2,13,2,1,1,1,16
SF,IC2003,2019-11-06 09:34:08.600,4849.2000,27348,-1,186144080.000,1,0,1,双平,S,4849.0000,4848.4000,4848.0000,4847.0000,4845.0000,4849.2000,4850.8000,4851.0000,4851.4000,4851.8000,2,1,1,2,13,4,2,1,1,1
SF,IC2003,2019-11-06 09:34:09.100,4849.2000,27344,-4,190023440.000,4,0,4,双平,S,4849.4000,4849.2000,4849.0000,4848.0000,4847.0000,4850.8000,4851.0000,4852.4000,4854.0000,4854.4000,1,6,2,1,2,2,1,1,16,2
SF,IC2003,2019-11-06 09:34:09.600,4850.8000,27343,-1,190993600.000,1,0,1,双平,S,4849.4000,4849.2000,4849.0000,4848.0000,4847.0000,4851.0000,4852.4000,4854.0000,4854.4000,4857.6000,1,4,2,1,2,1,1,16,2,5
SF,IC2003,2019-11-06 09:34:11.100,4850.8000,27343,0,190993600.000,0,-,-,-,-,4849.2000,4849.0000,4848.0000,4847.0000,4845.0000,4851.0000,4852.4000,4854.0000,4854.4000,4857.6000,4,2,1,2,13,1,1,16,2,5
SF,IC2003,2019-11-06 09:34:11.600,4849.2000,27339,-4,194872960.000,4,0,4,双平,S,4849.0000,4848.0000,4847.0000,4845.0000,4842.0000,4849.2000,4850.8000,4851.0000,4852.4000,4854.0000,2,1,2,13,3,1,1,1,1,16
SF,IC2003,2019-11-06 09:34:12.100,4849.0000,27338,-1,197782400.000,3,1,2,多平,S,4848.0000,4847.0000,4845.0000,4842.0000,4840.0000,4852.4000,4854.0000,4854.4000,4857.6000,4858.0000,1,2,13,3,4,1,16,2,5,3
SF,IC2003,2019-11-06 09:34:12.600,4849.0000,27338,0,197782400.000,0,-,-,-,-,4848.2000,4848.0000,4847.0000,4845.0000,4842.0000,4851.6000,4852.0000,4852.2000,4852.4000,4852.6000,1,1,2,13,3,3,1,7,1,1
SF,IC2003,2019-11-06 09:34:13.100,4849.0000,27338,0,197782400.000,0,-,-,-,-,4848.2000,4848.0000,4847.0000,4845.0000,4842.0000,4851.2000,4851.4000,4851.6000,4852.0000,4852.2000,1,1,2,13,3,2,6,3,1,16
SF,IC2003,2019-11-06 09:34:13.600,4849.0000,27338,0,197782400.000,0,-,-,-,-,4848.2000,4848.0000,4847.0000,4845.0000,4842.0000,4851.0000,4851.2000,4852.0000,4852.2000,4852.4000,1,1,2,13,3,8,2,1,2,1
SF,IC2003,2019-11-06 09:34:14.100,4849.0000,27338,0,197782400.000,0,-,-,-,-,4848.2000,4848.0000,4847.0000,4845.0000,4842.0000,4850.8000,4851.0000,4851.2000,4852.0000,4852.2000,1,1,2,13,3,1,8,2,1,2
SF,IC2003,2019-11-06 09:34:14.600,4849.0000,27338,0,197782400.000,0,-,-,-,-,4848.2000,4848.0000,4847.0000,4845.0000,4842.0000,4849.2000,4850.6000,4850.8000,4851.0000,4851.2000,1,2,2,13,3,5,7,2,1,2
SF,IC2003,2019-11-06 09:34:15.100,4849.0000,27338,0,197782400.000,0,-,-,-,-,4848.2000,4848.0000,4847.0000,4845.0000,4842.0000,4849.2000,4850.6000,4850.8000,4851.0000,4851.2000,1,2,2,13,3,5,1,2,1,2
SF,IC2003,2019-11-06 09:34:15.600,4849.2000,27334,-4,201661760.000,4,0,4,双平,S,4848.0000,4847.0000,4845.0000,4842.0000,4840.0000,4849.2000,4850.6000,4850.8000,4851.0000,4851.2000,2,2,13,3,4,1,1,2,1,2
SF,IC2003,2019-11-06 09:34:16.100,4849.2000,27334,0,201661760.000,0,-,-,-,-,4848.0000,4847.0000,4845.0000,4842.0000,4840.0000,4849.2000,4850.6000,4850.8000,4851.2000,4852.2000,2,2,13,3,4,1,1,2,2,2
SF,IC2003,2019-11-06 09:34:19.100,4848.0000,27335,1,202631360.000,1,1,0,双开,S,4848.0000,4847.0000,4845.0000,4842.0000,4840.0000,4849.2000,4850.6000,4850.8000,4851.2000,4852.2000,1,2,13,3,4,1,1,2,2,2
SF,IC2003,2019-11-06 09:34:19.600,4848.0000,27335,0,203600960.000,1,0,1,多换,S,4847.0000,4845.0000,4842.0000,4840.0000,4838.0000,4848.0000,4849.0000,4849.2000,4850.6000,4850.8000,2,13,3,4,1,1,1,1,1,2
SF,IC2003,2019-11-06 09:34:20.100,4848.0000,27335,0,203600960.000,0,-,-,-,-,4848.2000,4847.2000,4847.0000,4845.0000,4842.0000,4849.2000,4850.6000,4850.8000,4851.2000,4852.4000,1,1,2,13,3,1,1,3,2,1
SF,IC2003,2019-11-06 09:34:20.600,4848.2000,27334,-1,204570600.000,1,0,1,双平,S,4847.0000,4845.0000,4842.0000,4840.0000,4838.0000,4849.0000,4849.2000,4850.6000,4850.8000,4851.2000,2,13,3,4,1,1,1,1,3,2
SF,IC2003,2019-11-06 09:34:21.100,4848.2000,27334,0,204570600.000,0,-,-,-,-,4847.0000,4845.0000,4842.0000,4840.0000,4838.0000,4848.8000,4849.0000,4849.2000,4850.8000,4851.2000,2,13,3,4,1,1,1,1,3,2
SF,IC2003,2019-11-06 09:34:21.600,4848.2000,27334,0,204570600.000,0,-,-,-,-,4847.0000,4845.0000,4842.0000,4840.0000,4838.0000,4848.6000,4848.8000,4849.2000,4850.8000,4851.2000,2,13,3,4,1,1,1,1,3,2
SF,IC2003,2019-11-06 09:34:22.100,4848.2000,27334,0,204570600.000,0,-,-,-,-,4847.2000,4847.0000,4845.0000,4842.0000,4840.0000,4848.6000,4848.8000,4849.2000,4850.8000,4851.2000,1,2,13,3,4,1,1,1,3,2
SF,IC2003,2019-11-06 09:34:22.600,4848.2000,27334,0,204570600.000,0,-,-,-,-,4847.2000,4847.0000,4845.0000,4842.0000,4840.0000,4848.4000,4848.6000,4848.8000,4849.2000,4850.8000,1,2,13,3,4,4,1,1,1,3
SF,IC2003,2019-11-06 09:34:23.100,4848.2000,27334,0,204570600.000,0,-,-,-,-,4847.2000,4847.0000,4845.0000,4842.0000,4840.0000,4848.2000,4848.8000,4849.2000,4850.8000,4851.2000,1,2,13,3,4,1,1,1,3,2
SF,IC2003,2019-11-06 09:34:24.100,4848.2000,27334,0,204570600.000,0,-,-,-,-,4847.2000,4847.0000,4845.0000,4842.0000,4840.0000,4848.2000,4848.8000,4849.2000,4850.8000,4851.2000,1,2,13,3,4,1,1,1,3,2
SF,IC2003,2019-11-06 09:34:25.600,4848.2000,27334,0,204570600.000,0,-,-,-,-,4847.2000,4847.0000,4845.0000,4842.0000,4840.0000,4848.0000,4848.2000,4848.8000,4849.2000,4850.8000,1,2,13,3,4,5,1,1,1,3
SF,IC2003,2019-11-06 09:34:26.100,4848.0000,27334,0,209418400.000,5,2,3,多换,S,4847.0000,4845.6000,4845.0000,4842.0000,4840.0000,4847.2000,4848.0000,4848.6000,4848.8000,4849.2000,2,1,13,3,4,1,2,1,1,1
SF,IC2003,2019-11-06 09:34:26.600,4847.2000,27333,-1,210387840.000,1,0,1,双平,S,4848.0000,4847.8000,4847.2000,4847.0000,4845.0000,4848.8000,4849.2000,4850.8000,4851.2000,4852.4000,1,2,1,2,13,1,1,3,2,1
SF,IC2003,2019-11-06 09:34:27.100,4848.0000,27333,0,211357440.000,1,0,1,多换,S,4847.8000,4847.2000,4847.0000,4845.0000,4842.0000,4848.6000,4849.2000,4850.8000,4851.2000,4852.4000,2,1,2,13,3,2,1,3,1,1
SF,IC2003,2019-11-06 09:34:27.600,4848.0000,27333,0,211357440.000,0,-,-,-,-,4847.8000,4847.2000,4847.0000,4845.0000,4842.0000,4848.6000,4849.2000,4850.8000,4851.2000,4852.4000,2,1,2,13,3,4,1,3,1,1
SF,IC2003,2019-11-06 09:34:28.100,4848.0000,27333,0,211357440.000,0,-,-,-,-,4847.0000,4845.0000,4842.0000,4840.0000,4838.0000,4848.4000,4848.6000,4849.2000,4850.8000,4851.2000,2,13,3,4,1,1,4,1,3,1
SF,IC2003,2019-11-06 09:34:28.600,4848.0000,27333,0,211357440.000,0,-,-,-,-,4847.0000,4845.0000,4842.0000,4840.0000,4838.0000,4847.8000,4848.2000,4848.4000,4848.6000,4849.2000,2,13,3,4,1,1,3,1,1,1
SF,IC2003,2019-11-06 09:34:29.100,4848.0000,27333,0,211357440.000,0,-,-,-,-,4847.0000,4845.0000,4842.0000,4840.0000,4838.0000,4847.6000,4847.8000,4848.4000,4848.6000,4849.2000,2,13,3,4,1,2,1,1,1,1
SF,IC2003,2019-11-06 09:34:29.600,4847.0000,27333,0,213296240.000,2,1,1,多换,S,4845.0000,4842.0000,4840.0000,4838.0000,4837.8000,4847.6000,4847.8000,4848.4000,4848.6000,4849.2000,13,3,4,1,1,2,1,1,1,1
SF,IC2003,2019-11-06 09:34:30.100,4847.0000,27333,0,213296240.000,0,-,-,-,-,4845.2000,4845.0000,4842.0000,4840.0000,4838.0000,4847.4000,4847.6000,4847.8000,4848.4000,4849.2000,1,13,3,4,1,3,2,1,1,1
SF,IC2003,2019-11-06 09:34:32.600,4847.0000,27333,0,213296240.000,0,-,-,-,-,4845.4000,4845.2000,4845.0000,4842.0000,4840.0000,4847.4000,4847.8000,4848.4000,4849.2000,4850.8000,2,1,13,3,4,3,1,1,1,3
SF,IC2003,2019-11-06 09:34:33.100,4847.0000,27333,0,213296240.000,0,-,-,-,-,4845.6000,4845.4000,4845.0000,4842.0000,4840.0000,4847.4000,4847.8000,4848.4000,4849.2000,4850.8000,1,2,13,3,4,3,1,1,1,3
SF,IC2003,2019-11-06 09:34:33.600,4847.0000,27333,0,213296240.000,0,-,-,-,-,4845.8000,4845.6000,4845.0000,4842.0000,4840.0000,4847.4000,4847.8000,4848.4000,4849.2000,4850.8000,2,1,13,3,4,2,1,1,1,3
SF,IC2003,2019-11-06 09:34:34.100,4845.8000,27332,-1,214265400.000,1,0,1,双平,S,4846.0000,4845.8000,4845.0000,4842.0000,4840.0000,4847.4000,4847.8000,4848.4000,4849.2000,4850.8000,1,1,13,3,4,2,1,1,1,3
SF,IC2003,2019-11-06 09:34:34.600,4845.8000,27332,0,214265400.000,0,-,-,-,-,4846.0000,4845.8000,4845.0000,4842.0000,4840.0000,4847.0000,4847.4000,4848.4000,4849.2000,4850.8000,1,1,13,3,4,2,1,1,1,3
SF,IC2003,2019-11-06 09:34:35.100,4847.0000,27331,-1,215234800.000,1,0,1,双平,S,4846.2000,4846.0000,4845.0000,4842.0000,4840.0000,4847.0000,4847.4000,4848.4000,4849.2000,4850.8000,1,1,13,3,4,1,1,1,1,3
SF,IC2003,2019-11-06 09:34:35.600,4847.0000,27331,0,215234800.000,0,-,-,-,-,4846.2000,4845.0000,4842.0000,4840.0000,4838.0000,4847.0000,4847.4000,4848.4000,4849.2000,4850.8000,1,13,3,4,1,1,1,1,1,3
SF,IC2003,2019-11-06 09:34:36.100,4847.0000,27330,-1,216204200.000,1,0,1,双平,S,4847.0000,4846.4000,4846.2000,4845.0000,4842.0000,4847.4000,4848.4000,4849.2000,4850.8000,4851.2000,1,1,1,13,3,1,1,1,3,1
SF,IC2003,2019-11-06 09:34:36.600,4847.0000,27330,0,217173600.000,1,0,1,多换,S,4846.4000,4846.2000,4845.0000,4842.0000,4840.0000,4847.0000,4848.4000,4849.2000,4850.8000,4851.2000,1,1,13,3,4,1,1,1,3,1
SF,IC2003,2019-11-06 09:34:37.100,4847.0000,27330,0,218143000.000,1,0,1,多换,S,4846.6000,4846.4000,4845.0000,4842.0000,4840.0000,4848.4000,4849.2000,4850.8000,4851.2000,4852.4000,1,1,13,3,4,1,1,3,1,1
SF,IC2003,2019-11-06 09:34:37.600,4847.0000,27330,0,218143000.000,0,-,-,-,-,4845.0000,4842.0000,4840.0000,4838.0000,4837.8000,4848.2000,4848.4000,4849.2000,4850.8000,4851.2000,13,3,4,1,1,4,1,1,3,1
SF,IC2003,2019-11-06 09:34:38.100,4847.0000,27330,0,218143000.000,0,-,-,-,-,4845.4000,4845.2000,4845.0000,4842.0000,4840.0000,4848.0000,4848.2000,4848.4000,4849.2000,4850.8000,1,5,13,3,4,1,1,1,1,3
SF,IC2003,2019-11-06 09:34:38.600,4847.0000,27330,0,218143000.000,0,-,-,-,-,4845.6000,4845.4000,4845.0000,4842.0000,4840.0000,4848.0000,4848.4000,4849.2000,4850.8000,4851.2000,4,1,13,3,4,1,1,1,3,1
SF,IC2003,2019-11-06 09:34:42.100,4847.0000,27330,0,218143000.000,0,-,-,-,-,4845.6000,4845.4000,4845.0000,4842.0000,4840.0000,4848.0000,4849.2000,4850.8000,4851.2000,4852.4000,4,1,13,3,4,1,1,3,1,1
SF,IC2003,2019-11-06 09:34:42.600,4847.0000,27330,0,218143000.000,0,-,-,-,-,4845.6000,4845.4000,4845.0000,4842.0000,4840.0000,4847.8000,4848.0000,4849.2000,4850.8000,4851.2000,3,1,13,3,4,1,1,1,3,1
SF,IC2003,2019-11-06 09:34:43.100,4847.0000,27330,0,218143000.000,0,-,-,-,-,4845.6000,4845.4000,4845.0000,4842.0000,4840.0000,4847.4000,4847.8000,4848.0000,4849.2000,4850.8000,3,1,13,3,4,1,1,1,1,3
SF,IC2003,2019-11-06 09:34:43.600,4847.4000,27330,0,219112480.000,1,0,1,多换,S,4845.8000,4845.6000,4845.4000,4845.0000,4842.0000,4847.8000,4848.0000,4849.2000,4850.8000,4851.2000,1,3,1,13,3,1,1,1,3,1
SF,IC2003,2019-11-06 09:34:44.100,4847.4000,27330,0,219112480.000,0,-,-,-,-,4846.0000,4845.8000,4845.4000,4845.0000,4842.0000,4847.8000,4848.0000,4849.2000,4850.8000,4851.2000,3,1,1,13,3,1,1,1,3,1
SF,IC2003,2019-11-06 09:34:44.600,4847.4000,27330,0,219112480.000,0,-,-,-,-,4846.0000,4845.8000,4845.4000,4845.0000,4842.0000,4847.6000,4847.8000,4849.2000,4850.8000,4851.2000,3,1,1,13,3,1,1,1,3,1
SF,IC2003,2019-11-06 09:34:46.600,4847.4000,27330,0,219112480.000,0,-,-,-,-,4846.2000,4846.0000,4845.8000,4845.4000,4845.0000,4847.6000,4847.8000,4849.2000,4850.8000,4851.2000,1,3,1,1,13,1,1,1,3,1
SF,IC2003,2019-11-06 09:34:47.100,4847.6000,27329,-1,220082000.000,1,0,1,双平,S,4846.4000,4846.2000,4845.8000,4845.0000,4842.0000,4847.8000,4849.2000,4850.8000,4851.2000,4852.4000,4,1,1,13,3,1,1,3,1,1
SF,IC2003,2019-11-06 09:34:47.600,4847.6000,27329,0,220082000.000,0,-,-,-,-,4847.8000,4846.8000,4846.4000,4846.2000,4845.8000,4849.2000,4850.8000,4851.2000,4852.4000,4852.6000,1,1,4,1,1,1,3,1,1,1
SF,IC2003,2019-11-06 09:34:48.100,4847.6000,27329,0,220082000.000,0,-,-,-,-,4846.8000,4846.4000,4846.2000,4845.8000,4845.0000,4849.2000,4850.8000,4851.2000,4852.4000,4852.6000,1,2,1,1,13,1,3,1,1,1
SF,IC2003,2019-11-06 09:34:48.600,4847.6000,27329,0,220082000.000,0,-,-,-,-,4847.0000,4846.8000,4846.4000,4846.2000,4845.8000,4849.0000,4849.2000,4850.8000,4851.2000,4852.4000,2,1,1,1,1,2,1,3,1,1
SF,IC2003,2019-11-06 09:34:49.600,4847.6000,27329,0,220082000.000,0,-,-,-,-,4847.0000,4846.8000,4846.2000,4845.8000,4845.0000,4848.8000,4849.0000,4849.2000,4850.8000,4851.2000,1,1,1,1,13,3,2,1,3,1
SF,IC2003,2019-11-06 09:34:50.100,4847.6000,27329,0,220082000.000,0,-,-,-,-,4846.8000,4846.2000,4845.8000,4845.0000,4842.0000,4848.6000,4848.8000,4849.0000,4849.2000,4850.8000,1,1,1,13,3,1,3,1,1,3
SF,IC2003,2019-11-06 09:34:52.100,4847.6000,27329,0,220082000.000,0,-,-,-,-,4847.0000,4846.8000,4846.2000,4845.8000,4845.0000,4848.6000,4849.0000,4849.2000,4850.8000,4851.2000,1,1,1,1,13,1,1,1,3,1
SF,IC2003,2019-11-06 09:34:52.600,4847.6000,27329,0,220082000.000,0,-,-,-,-,4847.0000,4846.8000,4846.2000,4845.8000,4845.0000,4848.4000,4848.6000,4849.0000,4849.2000,4850.8000,1,1,1,1,13,1,1,1,1,3
SF,IC2003,2019-11-06 09:34:53.100,4847.6000,27329,0,220082000.000,0,-,-,-,-,4847.0000,4846.8000,4846.2000,4845.8000,4845.0000,4848.2000,4848.4000,4849.0000,4849.2000,4850.8000,1,1,1,1,13,1,2,1,1,3
SF,IC2003,2019-11-06 09:34:53.600,4847.6000,27329,0,220082000.000,0,-,-,-,-,4847.0000,4846.8000,4846.2000,4845.8000,4845.0000,4848.2000,4848.4000,4849.0000,4849.2000,4850.8000,1,1,1,1,13,1,2,1,1,3
SF,IC2003,2019-11-06 09:34:54.100,4847.6000,27329,0,220082000.000,0,-,-,-,-,4846.8000,4846.2000,4845.8000,4845.0000,4842.0000,4847.0000,4848.0000,4848.2000,4848.4000,4849.0000,1,1,1,13,3,1,3,1,2,1
SF,IC2003,2019-11-06 09:34:54.600,4846.8000,27328,-1,221051360.000,1,0,1,双平,S,4847.0000,4846.2000,4845.0000,4842.0000,4840.0000,4848.0000,4848.4000,4849.0000,4849.2000,4850.8000,1,1,13,3,4,3,2,1,1,3
SF,IC2003,2019-11-06 09:34:55.100,4847.0000,27327,-1,222020760.000,1,0,1,双平,S,4846.2000,4845.0000,4842.0000,4840.0000,4838.0000,4848.0000,4848.4000,4849.0000,4849.2000,4850.8000,1,13,3,4,1,3,2,1,1,3
SF,IC2003,2019-11-06 09:34:56.600,4846.2000,27326,-1,222990000.000,1,0,1,双平,S,4845.0000,4842.0000,4840.0000,4838.0000,4837.8000,4848.0000,4848.4000,4849.0000,4849.2000,4850.8000,13,3,4,1,1,3,2,1,1,3
SF,IC2003,2019-11-06 09:34:57.100,4846.2000,27326,0,222990000.000,0,-,-,-,-,4845.2000,4845.0000,4842.0000,4840.0000,4838.0000,4847.8000,4848.0000,4848.4000,4849.2000,4850.8000,1,13,3,4,1,2,3,2,1,3
SF,IC2003,2019-11-06 09:34:57.600,4846.2000,27326,0,222990000.000,0,-,-,-,-,4845.2000,4845.0000,4842.0000,4840.0000,4838.0000,4847.8000,4848.0000,4848.4000,4849.2000,4850.8000,1,13,4,4,1,2,3,1,1,3
SF,IC2003,2019-11-06 09:34:58.100,4846.2000,27326,0,222990000.000,0,-,-,-,-,4845.4000,4845.2000,4845.0000,4842.0000,4840.0000,4847.6000,4847.8000,4848.4000,4849.2000,4850.8000,1,1,13,4,4,1,2,1,1,3
SF,IC2003,2019-11-06 09:34:58.600,4846.2000,27326,0,222990000.000,0,-,-,-,-,4845.6000,4845.4000,4845.0000,4842.0000,4840.0000,4847.4000,4847.6000,4848.4000,4849.2000,4850.8000,1,2,13,4,4,1,1,1,1,3
SF,IC2003,2019-11-06 09:34:59.100,4846.2000,27326,0,222990000.000,0,-,-,-,-,4845.8000,4845.6000,4845.4000,4845.0000,4842.0000,4847.4000,4847.6000,4848.4000,4849.2000,4850.8000,1,1,1,13,4,1,1,1,1,3
SF,IC2003,2019-11-06 09:34:59.600,4846.2000,27326,0,222990000.000,0,-,-,-,-,4845.8000,4845.4000,4845.2000,4845.0000,4842.0000,4847.2000,4847.4000,4847.6000,4848.4000,4849.2000,1,1,1,13,4,1,1,1,1,1
SF,IC2003,2019-11-06 09:35:00.600,4847.2000,27326,0,223959440.000,1,0,1,多换,S,4845.8000,4845.6000,4845.4000,4845.2000,4845.0000,4847.4000,4847.6000,4848.4000,4848.6000,4849.2000,1,1,1,1,13,1,1,1,1,1
SF,IC2003,2019-11-06 09:35:01.100,4847.2000,27326,0,223959440.000,0,-,-,-,-,4846.0000,4845.4000,4845.2000,4845.0000,4842.0000,4847.4000,4847.6000,4848.4000,4849.2000,4850.8000,1,1,1,13,4,1,1,1,1,3
SF,IC2003,2019-11-06 09:35:01.600,4847.2000,27326,0,223959440.000,0,-,-,-,-,4847.0000,4845.4000,4845.2000,4845.0000,4842.0000,4847.2000,4847.6000,4848.4000,4849.2000,4850.8000,4,1,1,13,4,3,1,1,1,3
SF,IC2003,2019-11-06 09:35:02.100,4847.2000,27323,-3,230745360.000,7,2,5,多平,S,4847.2000,4845.4000,4845.2000,4845.0000,4842.0000,4847.6000,4848.4000,4849.2000,4850.8000,4851.2000,1,1,1,13,4,1,1,1,3,1
SF,IC2003,2019-11-06 09:35:02.600,4847.2000,27322,-1,231714800.000,1,0,1,双平,S,4845.2000,4845.0000,4842.0000,4840.0000,4838.0000,4846.8000,4847.4000,4848.4000,4849.2000,4850.8000,1,13,4,4,1,1,1,1,1,3
SF,IC2003,2019-11-06 09:35:03.100,4847.4000,27321,-1,233653640.000,2,0,2,多平,S,4847.0000,4846.8000,4845.6000,4845.4000,4845.2000,4848.4000,4849.2000,4850.8000,4851.2000,4852.4000,1,1,3,5,1,1,1,3,1,1
SF,IC2003,2019-11-06 09:35:03.600,4847.0000,27321,0,234623040.000,1,0,1,多换,S,4845.4000,4845.2000,4845.0000,4842.0000,4840.0000,4848.0000,4848.4000,4849.2000,4850.8000,4851.2000,1,1,13,4,4,1,1,1,3,1
SF,IC2003,2019-11-06 09:35:04.100,4847.0000,27321,0,234623040.000,0,-,-,-,-,4845.6000,4845.4000,4845.2000,4845.0000,4842.0000,4848.4000,4849.2000,4850.8000,4851.2000,4852.4000,8,1,1,13,4,1,1,3,1,1
SF,IC2003,2019-11-06 09:35:04.600,4847.0000,27321,0,234623040.000,0,-,-,-,-,4845.8000,4845.6000,4845.4000,4845.2000,4845.0000,4848.4000,4849.2000,4850.8000,4851.2000,4852.4000,1,8,1,1,13,1,1,3,1,1
SF,IC2003,2019-11-06 09:35:05.100,4847.0000,27321,0,234623040.000,0,-,-,-,-,4846.0000,4845.8000,4845.6000,4845.4000,4845.2000,4848.4000,4849.2000,4850.8000,4851.2000,4852.4000,3,1,4,1,1,1,1,3,1,1
SF,IC2003,2019-11-06 09:35:05.600,4847.0000,27321,0,234623040.000,0,-,-,-,-,4846.2000,4846.0000,4845.2000,4845.0000,4842.0000,4848.2000,4848.4000,4849.2000,4850.8000,4851.2000,1,1,1,13,4,1,1,1,3,1
SF,IC2003,2019-11-06 09:35:06.100,4847.0000,27321,0,234623040.000,0,-,-,-,-,4846.4000,4846.2000,4845.2000,4845.0000,4842.0000,4848.4000,4849.2000,4850.8000,4851.2000,4852.4000,1,1,1,13,4,1,1,3,1,1
SF,IC2003,2019-11-06 09:35:06.600,4847.0000,27321,0,234623040.000,0,-,-,-,-,4846.4000,4845.2000,4845.0000,4842.0000,4840.0000,4848.2000,4848.4000,4849.2000,4850.8000,4851.2000,1,1,13,4,4,1,1,1,3,1
SF,IC2003,2019-11-06 09:35:07.100,4847.0000,27321,0,234623040.000,0,-,-,-,-,4846.6000,4846.4000,4845.2000,4845.0000,4842.0000,4849.2000,4850.8000,4851.2000,4852.4000,4852.6000,1,1,1,13,4,1,3,1,1,1
SF,IC2003,2019-11-06 09:35:07.600,4847.0000,27321,0,234623040.000,0,-,-,-,-,4846.8000,4846.6000,4845.2000,4845.0000,4842.0000,4847.0000,4848.8000,4849.2000,4850.8000,4851.2000,1,5,1,13,4,1,1,1,3,1
SF,IC2003,2019-11-06 09:35:08.100,4847.0000,27319,-2,239470040.000,5,1,4,多平,S,4847.0000,4846.0000,4845.2000,4845.0000,4842.0000,4848.8000,4849.2000,4850.8000,4851.2000,4852.4000,4,1,1,13,4,1,1,3,1,1
SF,IC2003,2019-11-06 09:35:08.600,4847.0000,27319,0,239470040.000,0,-,-,-,-,4846.0000,4845.2000,4845.0000,4842.0000,4840.0000,4848.6000,4848.8000,4849.2000,4850.8000,4851.2000,1,1,13,4,4,2,1,1,3,1
SF,IC2003,2019-11-06 09:35:09.100,4847.0000,27319,0,239470040.000,0,-,-,-,-,4846.2000,4846.0000,4845.2000,4845.0000,4842.0000,4848.6000,4848.8000,4849.2000,4850.8000,4851.2000,7,1,1,13,4,1,1,1,3,1
SF,IC2003,2019-11-06 09:35:09.600,4847.0000,27319,0,239470040.000,0,-,-,-,-,4846.2000,4846.0000,4845.2000,4845.0000,4842.0000,4848.8000,4849.2000,4850.8000,4851.2000,4852.4000,7,1,1,13,4,1,1,3,1,1
SF,IC2003,2019-11-06 09:35:10.100,4847.0000,27319,0,239470040.000,0,-,-,-,-,4846.6000,4846.2000,4846.0000,4845.2000,4845.0000,4849.2000,4850.8000,4851.2000,4852.4000,4852.6000,1,7,1,1,13,1,3,1,1,1
SF,IC2003,2019-11-06 09:35:10.600,4847.0000,27319,0,239470040.000,0,-,-,-,-,4847.0000,4846.8000,4846.6000,4846.2000,4846.0000,4849.2000,4850.8000,4851.2000,4852.4000,4852.6000,1,6,1,1,1,1,2,1,1,1
SF,IC2003,2019-11-06 09:35:11.100,4847.0000,27319,0,239470040.000,0,-,-,-,-,4847.4000,4847.2000,4847.0000,4846.6000,4846.2000,4849.2000,4850.8000,4851.2000,4852.4000,4852.6000,1,6,1,1,2,1,2,1,1,1
SF,IC2003,2019-11-06 09:35:11.600,4847.0000,27319,0,239470040.000,0,-,-,-,-,4847.4000,4847.2000,4847.0000,4846.6000,4846.2000,4849.2000,4850.8000,4851.2000,4852.4000,4852.6000,1,4,1,1,2,1,2,1,1,1
SF,IC2003,2019-11-06 09:35:12.100,4847.0000,27319,0,239470040.000,0,-,-,-,-,4847.6000,4847.4000,4847.2000,4847.0000,4846.6000,4849.2000,4850.8000,4851.2000,4852.4000,4852.6000,4,1,1,1,1,1,2,1,1,1
SF,IC2003,2019-11-06 09:35:12.600,4847.0000,27319,0,239470040.000,0,-,-,-,-,4847.6000,4847.2000,4847.0000,4846.6000,4846.2000,4849.0000,4849.2000,4850.8000,4851.2000,4852.4000,4,1,1,1,2,1,1,2,1,1
SF,IC2003,2019-11-06 09:35:13.100,4847.0000,27319,0,239470040.000,0,-,-,-,-,4847.8000,4847.6000,4847.2000,4847.0000,4846.6000,4849.0000,4849.2000,4850.0000,4850.8000,4851.2000,1,4,1,1,1,1,1,2,2,1
