市场代码,合约代码,时间,最新,持仓,增仓,成交额,成交量,开仓,平仓,成交类型,方向,买一价,买二价,买三价,买四价,买五价,卖一价,卖二价,卖三价,卖四价,卖五价,买一量,买二量,买三量,买四量,买五量,卖一量,卖二量,卖三量,卖四量,卖五量
SF,IC2006,2020-01-20 09:29:00.300,5430.0000,41838,0,14118000.000,13.000,-,-,-,-,5428.6000,5426.6000,5426.0000,5420.2000,5420.0000,5430.0000,5435.0000,5435.4000,5436.0000,5439.0000,1,1,1,1,1,1,2,1,1,1
SF,IC2006,2020-01-20 09:30:00.300,5435.4000,41838,0,20638800.000,6,3,3,多换,S,5433.8000,5433.2000,5433.0000,5432.6000,5432.0000,5436.0000,5439.0000,5440.0000,5443.0000,5445.0000,1,1,1,1,1,1,1,9,1,7
SF,IC2006,2020-01-20 09:30:00.800,5433.8000,41834,-4,26072720.000,5,0,5,多平,S,5433.2000,5433.0000,5432.0000,5431.2000,5430.6000,5433.8000,5435.0000,5435.8000,5436.0000,5439.0000,1,1,1,1,1,2,1,1,1,1
SF,IC2006,2020-01-20 09:30:01.300,5435.0000,41837,3,42368200.000,15,9,6,空开,S,5429.0000,5428.8000,5428.0000,5426.6000,5426.0000,5436.0000,5439.0000,5440.0000,5443.0000,5445.0000,1,5,3,1,1,1,1,9,1,7
SF,IC2006,2020-01-20 09:30:01.800,5432.6000,41838,1,46714720.000,4,2,2,空开,S,5432.6000,5432.4000,5432.0000,5431.4000,5430.0000,5433.8000,5435.8000,5436.0000,5439.0000,5440.0000,1,1,1,1,2,1,1,1,1,9
SF,IC2006,2020-01-20 09:30:02.300,5432.6000,41837,-1,49974520.000,3,1,2,多平,S,5431.4000,5429.6000,5429.2000,5429.0000,5428.8000,5432.6000,5435.8000,5436.0000,5439.0000,5440.0000,1,1,1,2,6,1,1,1,1,9
SF,IC2006,2020-01-20 09:30:02.800,5436.0000,41833,-4,54321920.000,4,0,4,双平,S,5436.0000,5432.6000,5432.2000,5431.8000,5431.4000,5438.8000,5439.0000,5440.0000,5443.0000,5445.0000,6,1,2,2,1,1,1,9,1,7
SF,IC2006,2020-01-20 09:30:03.300,5436.0000,41831,-2,56496320.000,2,0,2,双平,S,5436.0000,5432.6000,5431.8000,5431.4000,5430.0000,5437.2000,5437.8000,5438.6000,5438.8000,5439.0000,4,2,2,1,6,1,2,2,2,2
SF,IC2006,2020-01-20 09:30:03.800,5436.0000,41829,-2,60845120.000,4,1,3,多平,S,5433.8000,5432.6000,5431.8000,5431.4000,5430.0000,5437.0000,5437.2000,5437.8000,5438.6000,5438.8000,1,1,2,1,6,1,1,2,2,2
SF,IC2006,2020-01-20 09:30:04.300,5436.8000,41829,0,63019680.000,2,1,1,多换,S,5434.0000,5433.8000,5432.6000,5431.8000,5431.4000,5436.8000,5437.0000,5437.2000,5437.8000,5438.6000,2,1,1,1,1,1,1,1,2,1
SF,IC2006,2020-01-20 09:30:04.800,5436.8000,41829,0,63019680.000,0,-,-,-,-,5434.0000,5433.8000,5431.8000,5431.4000,5430.0000,5436.8000,5437.0000,5437.2000,5437.8000,5438.6000,1,1,1,1,6,1,1,1,2,1
SF,IC2006,2020-01-20 09:30:05.300,5434.0000,41828,-1,64106480.000,1,0,1,双平,S,5434.4000,5433.8000,5431.8000,5430.0000,5429.6000,5436.6000,5436.8000,5437.0000,5437.2000,5437.8000,1,1,1,6,1,2,1,1,1,2
SF,IC2006,2020-01-20 09:30:05.800,5430.0000,41827,-1,69538480.000,5,2,3,多平,S,5430.0000,5428.8000,5428.0000,5426.6000,5426.0000,5434.0000,5434.2000,5434.4000,5434.8000,5436.4000,4,6,3,1,1,2,1,1,1,1
SF,IC2006,2020-01-20 09:30:06.300,5434.2000,41827,0,74972440.000,5,2,3,多换,S,5430.4000,5430.2000,5430.0000,5428.8000,5428.0000,5434.2000,5434.4000,5436.6000,5437.0000,5437.2000,2,2,4,6,3,1,1,2,1,1
SF,IC2006,2020-01-20 09:30:06.800,5434.2000,41827,0,76059280.000,1,0,1,多换,S,5430.6000,5430.0000,5428.8000,5428.0000,5426.6000,5434.2000,5434.4000,5436.6000,5437.0000,5437.2000,2,4,6,3,1,1,4,2,1,1
SF,IC2006,2020-01-20 09:30:07.300,5434.2000,41827,0,76059280.000,0,-,-,-,-,5430.6000,5430.0000,5428.8000,5428.0000,5426.6000,5434.0000,5434.2000,5434.4000,5436.4000,5436.6000,2,4,1,3,1,9,1,4,1,2
SF,IC2006,2020-01-20 09:30:07.800,5434.2000,41827,0,76059280.000,0,-,-,-,-,5430.6000,5430.0000,5428.0000,5426.6000,5426.0000,5434.0000,5434.2000,5434.4000,5435.0000,5436.4000,2,4,3,1,1,9,2,4,1,1
SF,IC2006,2020-01-20 09:30:08.300,5434.2000,41827,0,77146120.000,1,0,1,多换,S,5430.6000,5430.0000,5429.2000,5428.0000,5426.6000,5433.8000,5434.0000,5434.2000,5434.4000,5435.0000,2,4,1,3,1,1,8,2,4,1
SF,IC2006,2020-01-20 09:30:08.800,5433.8000,41827,0,78232880.000,1,0,1,多换,S,5430.6000,5430.0000,5429.2000,5428.0000,5426.6000,5434.0000,5434.2000,5434.4000,5435.0000,5436.0000,2,4,1,3,1,8,2,4,1,1
SF,IC2006,2020-01-20 09:30:09.300,5433.8000,41827,0,78232880.000,0,-,-,-,-,5430.6000,5430.0000,5429.2000,5428.0000,5426.6000,5434.0000,5434.2000,5434.4000,5435.0000,5436.0000,2,4,1,3,1,9,2,4,1,1
SF,IC2006,2020-01-20 09:30:09.800,5433.8000,41827,0,78232880.000,0,-,-,-,-,5430.6000,5430.0000,5429.2000,5428.0000,5426.6000,5433.8000,5434.0000,5434.2000,5434.4000,5435.0000,2,4,1,3,1,1,9,2,4,1
SF,IC2006,2020-01-20 09:30:10.300,5433.8000,41827,0,79319640.000,1,0,1,多换,S,5430.6000,5430.0000,5429.2000,5428.0000,5426.6000,5433.6000,5433.8000,5434.0000,5434.2000,5434.4000,2,4,1,3,1,1,1,9,2,4
SF,IC2006,2020-01-20 09:30:10.800,5433.8000,41827,0,79319640.000,0,-,-,-,-,5430.6000,5430.0000,5428.0000,5426.6000,5426.0000,5433.6000,5433.8000,5434.0000,5434.2000,5434.4000,2,4,3,1,1,1,1,9,2,4
SF,IC2006,2020-01-20 09:30:11.300,5433.8000,41827,0,79319640.000,0,-,-,-,-,5433.6000,5430.8000,5430.6000,5430.0000,5429.0000,5433.8000,5434.0000,5434.2000,5434.4000,5435.0000,1,1,2,4,1,1,9,2,4,1
SF,IC2006,2020-01-20 09:30:11.800,5430.8000,41826,-1,81492520.000,2,0,2,多平,S,5430.6000,5430.0000,5429.0000,5428.0000,5426.6000,5433.8000,5434.0000,5434.2000,5434.4000,5435.0000,2,4,1,3,1,1,1,2,4,1
SF,IC2006,2020-01-20 09:30:12.300,5430.8000,41825,-1,83665440.000,2,0,2,多平,S,5430.8000,5430.6000,5430.0000,5429.0000,5428.0000,5434.0000,5434.2000,5434.4000,5435.0000,5436.0000,1,1,4,1,3,1,2,4,1,1
SF,IC2006,2020-01-20 09:30:12.800,5430.8000,41825,0,83665440.000,0,-,-,-,-,5431.2000,5431.0000,5430.8000,5430.0000,5429.0000,5434.0000,5434.2000,5434.4000,5435.0000,5435.2000,1,2,2,4,1,2,2,4,1,1
SF,IC2006,2020-01-20 09:30:13.300,5430.8000,41825,0,83665440.000,0,-,-,-,-,5431.6000,5431.4000,5430.8000,5430.0000,5428.0000,5434.0000,5434.2000,5434.4000,5435.0000,5435.2000,1,4,2,4,3,3,1,4,1,1
SF,IC2006,2020-01-20 09:30:13.800,5430.8000,41825,0,83665440.000,0,-,-,-,-,5431.8000,5431.6000,5431.4000,5430.0000,5428.0000,5433.8000,5434.0000,5434.2000,5434.4000,5435.0000,1,2,1,1,3,1,3,1,4,1
SF,IC2006,2020-01-20 09:30:14.300,5430.8000,41825,0,83665440.000,0,-,-,-,-,5431.8000,5431.6000,5431.4000,5430.0000,5428.0000,5433.8000,5434.0000,5434.2000,5434.4000,5435.0000,1,2,1,1,3,1,4,1,4,1
SF,IC2006,2020-01-20 09:30:14.800,5433.6000,41825,0,84752160.000,1,0,1,多换,S,5431.8000,5431.6000,5431.4000,5431.0000,5430.0000,5433.8000,5434.0000,5434.2000,5434.4000,5435.0000,1,2,1,1,1,1,4,1,4,1
SF,IC2006,2020-01-20 09:30:15.300,5431.8000,41824,-1,85838520.000,1,0,1,双平,S,5431.6000,5431.4000,5431.0000,5430.0000,5428.0000,5433.0000,5433.8000,5434.0000,5434.2000,5434.4000,2,1,2,1,3,3,1,4,2,4
SF,IC2006,2020-01-20 09:30:15.800,5433.0000,41822,-2,88011720.000,2,0,2,双平,S,5431.8000,5431.0000,5430.0000,5428.0000,5426.6000,5433.0000,5433.8000,5434.0000,5434.2000,5434.4000,1,2,1,3,1,1,1,4,2,4
SF,IC2006,2020-01-20 09:30:16.300,5433.8000,41821,-1,90185080.000,2,0,2,多平,S,5431.8000,5431.0000,5430.0000,5428.0000,5426.6000,5434.0000,5434.2000,5434.4000,5435.0000,5436.0000,1,2,1,3,1,4,2,4,1,1
SF,IC2006,2020-01-20 09:30:16.800,5433.8000,41821,0,90185080.000,0,-,-,-,-,5431.8000,5431.0000,5430.6000,5430.0000,5428.0000,5433.8000,5434.0000,5434.2000,5434.4000,5435.0000,1,2,2,1,3,3,4,2,4,1
SF,IC2006,2020-01-20 09:30:17.300,5433.8000,41803,-18,110832800.000,19,0,19,多平,S,5431.0000,5430.6000,5430.0000,5428.0000,5426.6000,5433.8000,5434.0000,5434.2000,5434.4000,5435.0000,2,2,1,3,1,11,4,2,4,1
SF,IC2006,2020-01-20 09:30:17.800,5433.8000,41800,-3,115179840.000,4,0,4,多平,S,5431.2000,5431.0000,5430.6000,5430.0000,5428.0000,5433.8000,5434.0000,5434.2000,5434.4000,5435.0000,2,2,2,1,3,10,4,2,4,1
SF,IC2006,2020-01-20 09:30:18.300,5433.8000,41800,0,115179840.000,0,-,-,-,-,5431.2000,5431.0000,5430.6000,5430.0000,5428.0000,5433.6000,5433.8000,5434.0000,5434.2000,5434.4000,2,2,2,1,3,1,10,4,2,4
SF,IC2006,2020-01-20 09:30:18.800,5433.8000,41800,0,115179840.000,0,-,-,-,-,5431.2000,5431.0000,5430.6000,5430.0000,5428.0000,5433.6000,5433.8000,5434.0000,5434.2000,5434.4000,2,2,2,1,3,1,10,4,2,4
SF,IC2006,2020-01-20 09:30:19.300,5433.8000,41800,0,115179840.000,0,-,-,-,-,5431.2000,5431.0000,5430.6000,5430.0000,5428.6000,5433.6000,5433.8000,5434.0000,5434.2000,5434.4000,2,2,2,1,1,1,10,4,2,4
SF,IC2006,2020-01-20 09:30:19.800,5433.8000,41799,-1,117353360.000,2,0,2,多平,S,5431.2000,5431.0000,5430.6000,5430.0000,5428.6000,5433.6000,5433.8000,5434.0000,5434.2000,5434.4000,2,2,2,1,1,1,10,4,2,4
SF,IC2006,2020-01-20 09:30:20.300,5431.2000,41797,-2,119525840.000,2,0,2,双平,S,5431.0000,5430.6000,5430.0000,5428.6000,5428.0000,5432.6000,5433.6000,5433.8000,5434.0000,5434.2000,2,2,1,1,3,1,2,10,4,2
SF,IC2006,2020-01-20 09:30:20.800,5431.2000,41797,0,119525840.000,0,-,-,-,-,5432.6000,5432.0000,5431.2000,5431.0000,5430.6000,5433.4000,5433.6000,5433.8000,5434.0000,5434.2000,1,1,1,2,2,1,2,10,4,2
SF,IC2006,2020-01-20 09:30:21.300,5432.6000,41796,-1,120612360.000,1,0,1,双平,S,5432.0000,5431.2000,5431.0000,5430.6000,5428.6000,5432.2000,5432.6000,5433.2000,5433.4000,5433.6000,1,1,2,2,1,2,1,1,2,1
SF,IC2006,2020-01-20 09:30:21.800,5432.2000,41794,-2,122785240.000,2,0,2,双平,S,5432.2000,5432.0000,5431.6000,5431.0000,5430.6000,5433.2000,5433.4000,5433.6000,5433.8000,5434.0000,1,1,2,2,2,2,1,1,10,4
SF,IC2006,2020-01-20 09:30:22.300,5432.2000,41794,0,122785240.000,0,-,-,-,-,5432.4000,5432.0000,5431.6000,5431.0000,5430.6000,5433.2000,5433.6000,5433.8000,5434.0000,5434.2000,1,1,2,2,2,3,1,10,4,2
SF,IC2006,2020-01-20 09:30:22.800,5432.4000,41793,-1,123871720.000,1,0,1,双平,S,5432.0000,5431.6000,5431.0000,5430.6000,5428.6000,5432.6000,5433.0000,5433.2000,5433.6000,5433.8000,1,3,1,2,1,1,1,3,1,10
SF,IC2006,2020-01-20 09:30:23.300,5432.4000,41793,0,123871720.000,0,-,-,-,-,5432.2000,5432.0000,5431.6000,5431.0000,5430.6000,5432.6000,5433.0000,5433.2000,5433.6000,5433.8000,1,1,3,1,2,1,1,3,1,10
SF,IC2006,2020-01-20 09:30:23.800,5432.4000,41793,0,129304120.000,5,2,3,多换,S,5432.6000,5432.0000,5431.6000,5431.2000,5431.0000,5433.2000,5433.6000,5433.8000,5434.0000,5434.2000,1,1,3,1,1,2,1,10,4,2
SF,IC2006,2020-01-20 09:30:24.300,5433.2000,41793,0,131477280.000,2,1,1,多换,S,5432.0000,5431.6000,5431.2000,5431.0000,5430.6000,5432.2000,5433.2000,5433.6000,5433.8000,5434.0000,1,3,1,1,2,2,2,1,10,4
SF,IC2006,2020-01-20 09:30:24.800,5432.0000,41793,0,132563680.000,1,0,1,多换,S,5431.6000,5431.2000,5431.0000,5430.6000,5428.6000,5432.0000,5433.2000,5433.6000,5433.8000,5434.0000,3,1,1,2,1,1,2,1,10,4
SF,IC2006,2020-01-20 09:30:25.300,5432.0000,41793,0,132563680.000,0,-,-,-,-,5431.6000,5431.2000,5431.0000,5430.6000,5428.6000,5432.0000,5432.6000,5433.2000,5433.6000,5433.8000,3,1,1,2,1,1,2,10,1,10
SF,IC2006,2020-01-20 09:30:25.800,5431.2000,41790,-3,136908880.000,4,0,4,多平,S,5431.0000,5430.6000,5428.6000,5428.0000,5426.6000,5432.0000,5432.6000,5433.2000,5433.6000,5433.8000,1,2,1,3,1,1,2,10,1,10
SF,IC2006,2020-01-20 09:30:26.300,5431.8000,41790,0,137995240.000,1,0,1,多换,S,5431.0000,5430.6000,5428.6000,5428.0000,5426.6000,5431.8000,5432.0000,5432.6000,5433.0000,5433.2000,1,2,1,3,1,1,1,2,1,10
SF,IC2006,2020-01-20 09:30:26.800,5431.8000,41790,0,137995240.000,0,-,-,-,-,5431.0000,5430.6000,5428.6000,5428.0000,5426.6000,5431.8000,5432.0000,5432.6000,5433.0000,5433.2000,1,2,1,3,1,1,1,2,1,10
SF,IC2006,2020-01-20 09:30:27.300,5431.8000,41790,0,137995240.000,0,-,-,-,-,5431.0000,5430.6000,5428.0000,5426.6000,5426.0000,5431.6000,5431.8000,5432.0000,5432.6000,5433.0000,1,2,3,1,1,1,1,2,2,2
SF,IC2006,2020-01-20 09:30:27.800,5431.8000,41790,0,137995240.000,0,-,-,-,-,5431.0000,5430.6000,5428.0000,5426.6000,5426.0000,5431.8000,5432.0000,5432.6000,5433.0000,5433.2000,1,2,3,1,1,1,2,2,2,9
SF,IC2006,2020-01-20 09:30:28.300,5431.0000,41790,0,139081440.000,1,0,1,多换,S,5430.6000,5428.0000,5426.6000,5426.0000,5424.8000,5431.0000,5431.8000,5432.0000,5432.6000,5433.0000,2,3,1,1,2,2,1,1,2,3
SF,IC2006,2020-01-20 09:30:28.800,5431.0000,41790,0,142340040.000,3,1,2,多换,S,5431.2000,5430.6000,5428.0000,5426.6000,5426.0000,5431.6000,5432.0000,5432.6000,5433.0000,5433.2000,1,3,3,1,1,1,1,2,2,9
SF,IC2006,2020-01-20 09:30:29.300,5431.2000,41789,-1,144512600.000,2,0,2,多平,S,5430.6000,5428.0000,5426.6000,5426.0000,5424.8000,5431.2000,5432.0000,5432.6000,5433.0000,5433.2000,3,3,1,1,2,1,1,2,2,9
SF,IC2006,2020-01-20 09:30:29.800,5432.6000,41786,-3,147771760.000,3,0,3,双平,S,5431.2000,5430.6000,5428.0000,5426.6000,5426.0000,5432.6000,5433.0000,5433.2000,5433.6000,5433.8000,1,3,3,1,1,1,1,9,1,10
SF,IC2006,2020-01-20 09:30:30.300,5432.6000,41786,0,147771760.000,0,-,-,-,-,5431.4000,5431.2000,5430.6000,5428.0000,5426.6000,5432.6000,5433.0000,5433.2000,5433.6000,5433.8000,1,1,2,3,1,1,1,9,1,10
SF,IC2006,2020-01-20 09:30:31.300,5430.6000,41783,-3,151030280.000,3,0,3,双平,S,5428.0000,5426.6000,5426.0000,5424.8000,5423.0000,5432.0000,5432.6000,5433.0000,5433.2000,5433.6000,3,1,1,2,5,1,1,1,9,1
SF,IC2006,2020-01-20 09:30:31.800,5430.6000,41783,0,151030280.000,0,-,-,-,-,5428.4000,5428.2000,5428.0000,5426.6000,5426.0000,5431.8000,5432.0000,5432.2000,5432.6000,5433.0000,1,3,4,1,1,1,1,1,1,1
SF,IC2006,2020-01-20 09:30:32.300,5430.6000,41783,0,151030280.000,0,-,-,-,-,5428.6000,5428.2000,5428.0000,5426.6000,5426.0000,5430.6000,5431.0000,5431.8000,5432.0000,5432.2000,1,2,4,1,1,1,1,2,1,1
SF,IC2006,2020-01-20 09:30:32.800,5430.6000,41783,0,151030280.000,0,-,-,-,-,5428.8000,5428.6000,5428.2000,5428.0000,5426.6000,5430.6000,5431.0000,5431.8000,5432.0000,5432.2000,1,1,2,4,1,1,1,2,1,1
SF,IC2006,2020-01-20 09:30:33.300,5430.6000,41783,0,151030280.000,0,-,-,-,-,5429.0000,5428.8000,5428.2000,5428.0000,5426.6000,5430.6000,5431.0000,5431.8000,5432.0000,5432.2000,1,1,2,4,1,3,1,2,2,1
SF,IC2006,2020-01-20 09:30:33.800,5429.0000,41782,-1,152116080.000,1,0,1,双平,S,5428.8000,5428.2000,5428.0000,5426.6000,5426.0000,5430.6000,5431.0000,5431.8000,5432.0000,5432.2000,1,2,4,1,1,3,1,2,2,1
SF,IC2006,2020-01-20 09:30:34.300,5429.0000,41782,0,152116080.000,0,-,-,-,-,5429.0000,5428.8000,5428.2000,5428.0000,5426.6000,5430.6000,5431.0000,5431.8000,5432.0000,5432.2000,1,1,2,4,1,3,1,2,2,1
SF,IC2006,2020-01-20 09:30:34.800,5429.0000,41782,0,152116080.000,0,-,-,-,-,5429.0000,5428.8000,5428.2000,5428.0000,5426.6000,5430.4000,5430.6000,5431.0000,5431.8000,5432.0000,1,1,2,4,1,1,3,1,1,1
SF,IC2006,2020-01-20 09:30:35.300,5429.0000,41782,0,152116080.000,0,-,-,-,-,5429.0000,5428.8000,5428.0000,5426.6000,5426.0000,5430.0000,5430.4000,5430.6000,5431.0000,5431.8000,1,1,4,1,1,2,1,3,1,1
SF,IC2006,2020-01-20 09:30:35.800,5429.0000,41782,0,152116080.000,0,-,-,-,-,5428.0000,5426.6000,5426.0000,5424.8000,5423.0000,5429.8000,5430.0000,5430.6000,5431.0000,5431.8000,3,1,1,2,5,1,2,3,1,1
SF,IC2006,2020-01-20 09:30:36.300,5429.8000,41782,0,153202040.000,1,0,1,多换,S,5428.2000,5428.0000,5426.6000,5426.0000,5424.8000,5430.0000,5430.6000,5431.0000,5431.8000,5432.0000,3,3,1,1,2,2,3,1,1,1
SF,IC2006,2020-01-20 09:30:36.800,5429.8000,41782,0,154288000.000,1,0,1,多换,S,5428.2000,5428.0000,5426.6000,5426.0000,5424.8000,5430.0000,5430.6000,5431.0000,5431.8000,5432.0000,3,3,1,1,2,2,3,1,1,1
SF,IC2006,2020-01-20 09:30:37.300,5429.8000,41782,0,154288000.000,0,-,-,-,-,5428.2000,5428.0000,5426.6000,5426.0000,5424.8000,5430.0000,5430.6000,5431.0000,5431.8000,5432.0000,3,3,1,1,2,3,3,1,1,1
SF,IC2006,2020-01-20 09:30:38.300,5430.0000,41782,0,156460000.000,2,1,1,多换,S,5428.2000,5428.0000,5426.6000,5426.0000,5424.8000,5430.0000,5430.6000,5431.0000,5431.8000,5432.0000,3,3,1,1,2,1,3,1,1,1
SF,IC2006,2020-01-20 09:30:38.800,5430.0000,41781,-1,157546000.000,1,0,1,双平,S,5428.2000,5428.0000,5426.6000,5426.0000,5424.8000,5430.6000,5431.0000,5431.8000,5432.0000,5432.2000,1,3,1,1,2,3,1,1,1,1
SF,IC2006,2020-01-20 09:30:39.300,5430.0000,41781,0,157546000.000,0,-,-,-,-,5428.4000,5428.2000,5428.0000,5426.6000,5426.0000,5430.4000,5430.6000,5431.0000,5431.8000,5432.0000,2,1,3,1,1,1,4,1,1,1
SF,IC2006,2020-01-20 09:30:39.800,5430.0000,41781,0,157546000.000,0,-,-,-,-,5428.8000,5428.6000,5428.4000,5428.0000,5426.6000,5430.0000,5430.2000,5430.4000,5430.6000,5431.0000,2,1,2,3,1,1,2,3,4,1
SF,IC2006,2020-01-20 09:30:40.300,5430.0000,41781,0,157546000.000,0,-,-,-,-,5429.0000,5428.8000,5428.4000,5428.0000,5426.6000,5430.2000,5430.6000,5431.0000,5431.8000,5432.0000,1,2,2,3,1,1,4,1,1,1
SF,IC2006,2020-01-20 09:30:40.800,5430.0000,41781,0,158632000.000,1,0,1,多换,S,5429.0000,5428.8000,5428.4000,5428.0000,5426.6000,5430.2000,5430.6000,5431.0000,5431.8000,5432.0000,1,2,2,3,1,1,4,1,1,1
SF,IC2006,2020-01-20 09:30:41.300,5430.0000,41781,0,158632000.000,0,-,-,-,-,5429.0000,5428.8000,5428.0000,5426.6000,5426.0000,5430.2000,5430.6000,5431.0000,5431.8000,5432.0000,1,2,3,1,1,1,4,1,1,1
SF,IC2006,2020-01-20 09:30:41.800,5429.0000,41781,0,159717800.000,1,0,1,多换,S,5428.8000,5428.0000,5426.6000,5426.0000,5424.8000,5429.0000,5430.2000,5430.6000,5431.0000,5431.8000,2,3,1,1,2,4,2,4,1,1
SF,IC2006,2020-01-20 09:30:42.300,5429.0000,41780,-1,167318400.000,7,3,4,多平,S,5428.8000,5428.0000,5426.6000,5426.0000,5424.8000,5430.2000,5430.6000,5431.0000,5431.8000,5432.0000,2,3,1,1,2,1,4,1,1,1
SF,IC2006,2020-01-20 09:30:42.800,5429.0000,41780,0,168404200.000,1,0,1,多换,S,5428.8000,5428.0000,5426.6000,5426.0000,5424.8000,5430.2000,5430.6000,5431.0000,5431.8000,5432.0000,2,3,1,1,2,1,4,1,1,1
SF,IC2006,2020-01-20 09:30:43.300,5429.0000,41780,0,168404200.000,0,-,-,-,-,5429.0000,5428.8000,5428.0000,5426.6000,5426.0000,5429.2000,5429.8000,5430.2000,5430.6000,5431.0000,1,2,3,1,1,1,1,2,4,1
SF,IC2006,2020-01-20 09:30:43.800,5429.2000,41779,-1,169490040.000,1,0,1,双平,S,5429.4000,5429.2000,5429.0000,5428.8000,5428.0000,5430.2000,5430.6000,5431.0000,5431.8000,5433.0000,3,1,1,2,3,2,4,1,1,1
SF,IC2006,2020-01-20 09:30:44.300,5429.0000,41777,-2,172747520.000,3,0,3,多平,S,5428.8000,5428.0000,5426.6000,5426.0000,5424.8000,5429.0000,5430.0000,5430.2000,5430.6000,5431.0000,2,3,1,1,2,7,1,3,4,1
SF,IC2006,2020-01-20 09:30:44.800,5429.0000,41775,-2,177090600.000,4,1,3,多平,S,5428.0000,5426.6000,5426.0000,5424.8000,5423.0000,5429.0000,5430.0000,5430.2000,5430.6000,5431.0000,3,1,1,2,5,6,2,2,4,1
SF,IC2006,2020-01-20 09:30:45.300,5429.0000,41775,0,177090600.000,0,-,-,-,-,5428.2000,5428.0000,5426.6000,5426.0000,5424.8000,5429.0000,5430.0000,5430.2000,5430.6000,5431.0000,1,3,1,1,2,6,2,2,4,1
SF,IC2006,2020-01-20 09:30:45.800,5429.0000,41775,0,177090600.000,0,-,-,-,-,5428.2000,5428.0000,5426.6000,5426.0000,5424.8000,5429.0000,5430.0000,5430.2000,5430.6000,5431.0000,1,3,1,1,2,7,2,2,4,1
SF,IC2006,2020-01-20 09:30:46.300,5429.0000,41775,0,181433800.000,4,2,2,多换,S,5428.4000,5428.2000,5428.0000,5426.6000,5426.0000,5429.0000,5430.0000,5430.2000,5430.6000,5431.0000,1,1,3,1,1,4,1,2,4,1
SF,IC2006,2020-01-20 09:30:46.800,5429.0000,41775,0,181433800.000,0,-,-,-,-,5428.4000,5428.2000,5428.0000,5426.6000,5426.0000,5429.0000,5430.0000,5430.2000,5430.6000,5431.0000,1,1,3,1,1,4,1,2,4,1
SF,IC2006,2020-01-20 09:30:47.300,5429.0000,41774,-1,182519600.000,1,0,1,双平,S,5428.4000,5428.2000,5428.0000,5426.6000,5426.0000,5429.0000,5429.6000,5430.0000,5430.2000,5430.6000,1,1,3,1,1,3,2,1,2,4
SF,IC2006,2020-01-20 09:30:47.800,5428.4000,41774,0,184691000.000,2,1,1,多换,S,5428.0000,5426.6000,5426.0000,5424.8000,5423.0000,5429.0000,5429.6000,5430.0000,5430.2000,5430.6000,3,1,1,2,5,3,2,1,2,4
SF,IC2006,2020-01-20 09:30:48.300,5429.0000,41774,0,185776800.000,1,0,1,多换,S,5428.0000,5426.6000,5426.0000,5424.8000,5423.0000,5429.0000,5429.6000,5430.0000,5430.2000,5430.6000,3,1,1,2,5,3,2,1,2,4
SF,IC2006,2020-01-20 09:30:48.800,5429.0000,41774,0,185776800.000,0,-,-,-,-,5428.0000,5426.6000,5426.0000,5424.8000,5423.0000,5429.0000,5429.6000,5430.0000,5430.2000,5430.6000,4,1,1,2,5,3,2,1,2,4
SF,IC2006,2020-01-20 09:30:49.300,5429.0000,41772,-2,190120000.000,4,1,3,多平,S,5428.4000,5428.2000,5428.0000,5426.6000,5426.0000,5429.6000,5430.0000,5430.2000,5430.6000,5431.0000,1,1,4,1,1,2,1,2,4,1
SF,IC2006,2020-01-20 09:30:49.800,5429.0000,41772,0,190120000.000,0,-,-,-,-,5428.6000,5428.4000,5428.2000,5428.0000,5426.6000,5429.6000,5430.0000,5430.2000,5430.6000,5431.0000,1,1,1,4,1,2,1,2,4,1
SF,IC2006,2020-01-20 09:30:50.300,5429.6000,41771,-1,191205920.000,1,0,1,双平,S,5428.6000,5428.4000,5428.2000,5428.0000,5426.6000,5429.6000,5430.0000,5430.2000,5430.6000,5431.0000,1,1,1,4,1,2,1,2,4,1
SF,IC2006,2020-01-20 09:30:50.800,5429.6000,41770,-1,193377760.000,2,0,2,多平,S,5428.8000,5428.4000,5428.2000,5428.0000,5426.6000,5430.0000,5430.2000,5430.6000,5431.0000,5431.8000,1,1,1,4,1,1,2,4,1,1
SF,IC2006,2020-01-20 09:30:51.300,5429.6000,41770,0,193377760.000,0,-,-,-,-,5429.6000,5428.8000,5428.4000,5428.2000,5428.0000,5429.8000,5430.0000,5430.2000,5430.6000,5431.0000,1,1,1,1,4,2,2,2,4,1
SF,IC2006,2020-01-20 09:30:51.800,5428.8000,41768,-2,195549440.000,2,0,2,双平,S,5428.4000,5428.2000,5428.0000,5426.6000,5426.0000,5429.8000,5430.0000,5430.2000,5430.6000,5431.0000,1,1,4,1,1,2,2,2,4,1
SF,IC2006,2020-01-20 09:30:52.300,5428.8000,41768,0,195549440.000,0,-,-,-,-,5428.4000,5428.0000,5426.6000,5426.0000,5424.8000,5429.8000,5430.0000,5430.2000,5430.6000,5431.0000,1,4,1,1,2,2,2,2,4,1
SF,IC2006,2020-01-20 09:30:52.800,5428.8000,41768,0,195549440.000,0,-,-,-,-,5428.4000,5428.0000,5426.6000,5426.0000,5424.8000,5429.6000,5429.8000,5430.0000,5430.2000,5430.6000,1,4,1,1,2,1,2,2,2,4
SF,IC2006,2020-01-20 09:30:53.300,5428.8000,41768,0,195549440.000,0,-,-,-,-,5428.4000,5428.0000,5426.6000,5426.0000,5424.8000,5429.6000,5429.8000,5430.0000,5430.2000,5430.6000,1,4,1,1,2,2,2,2,2,4
SF,IC2006,2020-01-20 09:30:53.800,5429.4000,41768,0,196635320.000,1,0,1,多换,S,5428.4000,5428.0000,5426.6000,5426.0000,5424.8000,5429.6000,5429.8000,5430.0000,5430.2000,5430.6000,1,3,1,1,2,2,1,2,2,4
SF,IC2006,2020-01-20 09:30:54.300,5429.4000,41768,0,196635320.000,0,-,-,-,-,5428.4000,5428.0000,5426.6000,5426.0000,5424.8000,5429.6000,5429.8000,5430.0000,5430.2000,5430.6000,2,3,1,1,2,2,1,2,2,4
SF,IC2006,2020-01-20 09:30:54.800,5428.4000,41768,0,197721000.000,1,0,1,多换,S,5428.4000,5428.0000,5426.6000,5426.0000,5424.8000,5429.6000,5429.8000,5430.0000,5430.2000,5430.6000,2,3,1,1,2,2,1,2,2,4
SF,IC2006,2020-01-20 09:30:55.300,5428.4000,41768,0,197721000.000,0,-,-,-,-,5428.4000,5428.0000,5426.6000,5426.0000,5424.8000,5429.4000,5429.6000,5429.8000,5430.0000,5430.2000,1,3,1,1,2,1,3,1,2,2
SF,IC2006,2020-01-20 09:30:56.800,5428.4000,41768,0,199892360.000,2,1,1,多换,S,5428.0000,5426.6000,5426.0000,5424.8000,5423.0000,5429.4000,5429.6000,5429.8000,5430.0000,5430.2000,3,1,1,2,5,1,3,1,2,2
SF,IC2006,2020-01-20 09:30:57.800,5428.0000,41769,1,200977960.000,1,1,0,双开,S,5428.0000,5426.6000,5426.0000,5424.8000,5423.0000,5429.4000,5429.6000,5429.8000,5430.0000,5430.2000,2,1,1,2,5,1,3,1,2,2
SF,IC2006,2020-01-20 09:30:58.300,5428.0000,41768,-1,204234760.000,3,1,2,多平,S,5426.6000,5426.0000,5424.8000,5423.0000,5422.8000,5427.8000,5428.2000,5429.4000,5429.6000,5429.8000,1,1,2,5,1,1,1,2,3,1
SF,IC2006,2020-01-20 09:30:58.800,5428.0000,41767,-1,205320360.000,1,0,1,双平,S,5427.8000,5427.0000,5426.8000,5426.6000,5426.0000,5428.2000,5429.4000,5429.6000,5429.8000,5430.0000,1,1,2,1,1,1,2,3,1,2
SF,IC2006,2020-01-20 09:30:59.300,5427.8000,41766,-1,206405920.000,1,0,1,双平,S,5426.8000,5426.6000,5426.0000,5424.8000,5423.0000,5427.6000,5427.8000,5428.2000,5429.4000,5429.6000,1,1,1,2,5,2,2,1,2,3
SF,IC2006,2020-01-20 09:30:59.800,5427.8000,41765,-1,207491480.000,1,0,1,双平,S,5427.0000,5426.8000,5426.6000,5426.0000,5424.8000,5427.8000,5428.2000,5429.4000,5429.6000,5429.8000,1,1,1,1,2,1,1,1,3,1
SF,IC2006,2020-01-20 09:31:00.300,5428.2000,41764,-1,208577120.000,1,0,1,双平,S,5428.2000,5427.8000,5427.6000,5427.2000,5427.0000,5429.4000,5429.6000,5429.8000,5430.0000,5430.2000,1,2,1,1,1,1,3,1,2,2
SF,IC2006,2020-01-20 09:31:00.800,5428.2000,41764,0,208577120.000,0,-,-,-,-,5428.2000,5427.8000,5427.6000,5427.2000,5426.6000,5429.4000,5429.6000,5429.8000,5430.0000,5430.2000,1,2,1,1,1,1,3,1,2,2
SF,IC2006,2020-01-20 09:31:01.300,5428.2000,41764,0,208577120.000,0,-,-,-,-,5428.2000,5427.8000,5427.2000,5426.6000,5426.0000,5429.4000,5429.6000,5429.8000,5430.0000,5430.2000,1,2,1,1,1,1,2,1,2,2
SF,IC2006,2020-01-20 09:31:01.800,5428.2000,41764,0,208577120.000,0,-,-,-,-,5428.2000,5427.8000,5427.2000,5426.6000,5426.0000,5429.4000,5429.6000,5429.8000,5430.0000,5430.2000,1,2,1,1,1,1,2,1,2,2
SF,IC2006,2020-01-20 09:31:02.300,5428.2000,41763,-1,209662760.000,1,0,1,双平,S,5428.2000,5427.8000,5426.6000,5426.0000,5424.8000,5429.4000,5429.6000,5429.8000,5430.0000,5430.2000,1,2,1,1,2,1,2,1,2,2
SF,IC2006,2020-01-20 09:31:02.800,5429.4000,41763,0,211834520.000,2,1,1,多换,S,5428.2000,5428.0000,5427.8000,5426.6000,5426.0000,5429.6000,5429.8000,5430.0000,5430.2000,5430.6000,1,1,2,1,1,2,1,2,2,2
SF,IC2006,2020-01-20 09:31:03.300,5429.4000,41763,0,211834520.000,0,-,-,-,-,5429.4000,5428.4000,5428.2000,5428.0000,5427.8000,5429.6000,5429.8000,5430.0000,5430.2000,5430.6000,4,1,1,1,2,5,1,2,2,2
SF,IC2006,2020-01-20 09:31:03.800,5429.4000,41761,-2,215092160.000,3,0,3,多平,S,5429.4000,5428.4000,5428.2000,5428.0000,5426.6000,5429.6000,5429.8000,5430.0000,5430.2000,5430.6000,1,1,1,1,1,5,1,2,2,2
SF,IC2006,2020-01-20 09:31:04.300,5429.4000,41759,-2,217263920.000,2,0,2,双平,S,5428.4000,5428.2000,5428.0000,5426.6000,5426.0000,5429.6000,5429.8000,5430.0000,5430.2000,5430.6000,1,1,1,1,1,5,1,2,2,2
SF,IC2006,2020-01-20 09:31:04.800,5429.6000,41757,-2,219435760.000,2,0,2,双平,S,5429.2000,5428.4000,5428.2000,5428.0000,5426.6000,5429.6000,5429.8000,5430.0000,5430.2000,5430.6000,1,1,1,1,1,4,1,2,2,2
SF,IC2006,2020-01-20 09:31:05.300,5429.6000,41754,-3,224865320.000,5,1,4,多平,S,5429.6000,5428.4000,5428.2000,5428.0000,5426.6000,5429.8000,5430.0000,5430.2000,5430.6000,5431.0000,1,1,1,1,1,1,2,2,2,1
SF,IC2006,2020-01-20 09:31:05.800,5430.0000,41753,-1,228123200.000,3,1,2,多平,S,5429.8000,5428.4000,5428.2000,5428.0000,5426.6000,5430.0000,5430.2000,5430.6000,5431.0000,5433.0000,2,1,1,2,1,1,2,2,1,1
SF,IC2006,2020-01-20 09:31:06.300,5430.2000,41752,-1,231381280.000,3,1,2,多平,S,5430.4000,5430.2000,5430.0000,5429.8000,5428.4000,5430.6000,5431.0000,5433.0000,5433.2000,5433.4000,1,2,1,1,1,2,1,1,9,1
SF,IC2006,2020-01-20 09:31:06.800,5430.6000,41751,-1,233553520.000,2,0,2,多平,S,5430.8000,5430.6000,5430.4000,5430.2000,5430.0000,5431.0000,5433.0000,5433.2000,5433.4000,5433.8000,2,1,1,2,1,1,1,9,1,10
SF,IC2006,2020-01-20 09:31:07.300,5431.0000,41750,-1,235725920.000,2,0,2,多平,S,5431.2000,5431.0000,5430.8000,5430.6000,5430.4000,5433.0000,5433.2000,5433.4000,5433.8000,5434.4000,1,1,2,1,1,1,9,1,10,1
SF,IC2006,2020-01-20 09:31:07.800,5431.0000,41750,0,235725920.000,0,-,-,-,-,5430.8000,5430.6000,5430.4000,5428.4000,5428.2000,5432.8000,5433.0000,5433.2000,5433.4000,5433.8000,2,1,1,1,1,2,1,9,1,10
SF,IC2006,2020-01-20 09:31:08.300,5431.0000,41750,0,235725920.000,0,-,-,-,-,5431.0000,5430.8000,5430.6000,5430.4000,5428.4000,5432.8000,5433.0000,5433.2000,5433.4000,5433.8000,1,2,1,1,1,2,1,9,1,10
SF,IC2006,2020-01-20 09:31:08.800,5432.8000,41750,0,236812480.000,1,0,1,多换,S,5430.8000,5430.6000,5430.4000,5428.4000,5428.2000,5433.0000,5433.2000,5433.4000,5433.8000,5434.4000,2,1,1,1,1,1,9,1,10,1
SF,IC2006,2020-01-20 09:31:09.300,5432.8000,41750,0,236812480.000,0,-,-,-,-,5431.0000,5430.8000,5430.6000,5430.4000,5428.4000,5432.8000,5433.0000,5433.2000,5433.4000,5433.8000,1,2,2,1,1,3,1,9,1,10
SF,IC2006,2020-01-20 09:31:09.800,5432.8000,41750,0,236812480.000,0,-,-,-,-,5430.8000,5430.6000,5430.4000,5428.4000,5428.2000,5432.6000,5432.8000,5433.0000,5433.2000,5433.4000,2,2,1,1,1,1,3,1,9,1
SF,IC2006,2020-01-20 09:31:10.300,5431.0000,41750,0,237898680.000,1,0,1,多换,S,5430.6000,5430.4000,5428.2000,5428.0000,5426.6000,5430.8000,5432.4000,5432.6000,5432.8000,5433.0000,2,1,1,1,1,1,2,2,1,1
SF,IC2006,2020-01-20 09:31:10.800,5430.8000,41750,0,238984840.000,1,0,1,多换,S,5431.0000,5430.8000,5430.6000,5430.4000,5428.2000,5432.4000,5432.6000,5433.0000,5433.2000,5433.4000,2,3,2,1,1,2,1,1,9,1
SF,IC2006,2020-01-20 09:31:11.300,5431.0000,41749,-1,240071040.000,1,0,1,双平,S,5430.8000,5430.6000,5430.4000,5428.2000,5428.0000,5432.4000,5432.6000,5433.0000,5433.2000,5433.4000,2,2,1,1,1,2,1,1,9,1
SF,IC2006,2020-01-20 09:31:11.800,5430.8000,41749,0,241157200.000,1,0,1,多换,S,5430.8000,5430.6000,5430.4000,5428.2000,5428.0000,5432.4000,5432.6000,5433.0000,5433.2000,5433.4000,1,2,1,1,1,2,1,1,9,1
SF,IC2006,2020-01-20 09:31:12.300,5430.8000,41749,0,241157200.000,0,-,-,-,-,5430.8000,5430.6000,5430.4000,5428.2000,5428.0000,5432.4000,5432.6000,5433.0000,5433.2000,5433.4000,1,2,1,1,1,2,1,1,9,1
SF,IC2006,2020-01-20 09:31:12.800,5432.4000,41749,0,242243680.000,1,0,1,多换,S,5430.8000,5430.6000,5430.4000,5428.2000,5428.0000,5432.2000,5432.4000,5433.0000,5433.2000,5433.4000,1,2,1,1,1,1,1,1,9,1
SF,IC2006,2020-01-20 09:31:13.300,5430.8000,41749,0,244416280.000,2,1,1,多换,S,5430.6000,5430.4000,5428.2000,5428.0000,5426.6000,5432.2000,5433.0000,5433.2000,5433.4000,5433.8000,2,1,1,1,1,2,1,9,1,10
SF,IC2006,2020-01-20 09:31:13.800,5430.8000,41749,0,244416280.000,0,-,-,-,-,5430.8000,5430.6000,5430.4000,5428.2000,5428.0000,5432.0000,5432.2000,5433.0000,5433.2000,5433.4000,2,2,1,1,1,1,3,1,9,1
SF,IC2006,2020-01-20 09:31:14.300,5432.0000,41748,-1,247675000.000,3,1,2,多平,S,5430.6000,5430.4000,5428.2000,5428.0000,5426.6000,5432.0000,5432.2000,5433.0000,5433.2000,5433.4000,2,1,1,1,1,1,2,1,9,1
SF,IC2006,2020-01-20 09:31:14.800,5432.0000,41748,0,247675000.000,0,-,-,-,-,5430.6000,5430.4000,5428.0000,5426.6000,5426.0000,5431.0000,5431.8000,5432.0000,5432.2000,5433.0000,2,1,1,1,1,1,1,3,1,1
SF,IC2006,2020-01-20 09:31:15.300,5432.0000,41748,0,247675000.000,0,-,-,-,-,5430.6000,5430.4000,5428.0000,5426.6000,5426.0000,5430.8000,5431.0000,5431.8000,5432.0000,5432.2000,2,1,1,1,1,1,1,1,3,1
SF,IC2006,2020-01-20 09:31:15.800,5432.0000,41750,2,258537400.000,10,6,4,空开,S,5428.0000,5426.6000,5426.0000,5424.8000,5423.0000,5432.2000,5432.4000,5433.0000,5433.2000,5433.4000,1,1,1,2,5,1,1,1,9,1
SF,IC2006,2020-01-20 09:31:16.300,5432.0000,41750,0,258537400.000,0,-,-,-,-,5428.8000,5428.2000,5428.0000,5426.6000,5426.0000,5432.0000,5432.2000,5432.4000,5433.0000,5433.2000,2,2,1,1,1,3,1,1,1,9
SF,IC2006,2020-01-20 09:31:16.800,5429.0000,41750,0,259623200.000,1,0,1,多换,S,5429.0000,5428.0000,5426.6000,5426.0000,5424.8000,5432.0000,5432.2000,5432.4000,5433.0000,5433.2000,1,1,1,1,2,4,1,1,1,9
SF,IC2006,2020-01-20 09:31:17.300,5429.0000,41750,0,259623200.000,0,-,-,-,-,5429.2000,5429.0000,5428.0000,5426.6000,5426.0000,5431.8000,5432.0000,5432.2000,5432.4000,5433.0000,1,1,1,1,1,1,2,1,1,1
SF,IC2006,2020-01-20 09:31:17.800,5431.6000,41750,0,260709520.000,1,0,1,多换,S,5429.4000,5429.2000,5428.0000,5426.6000,5426.0000,5431.6000,5431.8000,5432.2000,5432.4000,5433.0000,2,1,1,1,1,1,1,1,1,1
SF,IC2006,2020-01-20 09:31:18.300,5431.6000,41750,0,260709520.000,0,-,-,-,-,5429.6000,5429.4000,5429.2000,5428.0000,5426.6000,5431.6000,5431.8000,5432.2000,5432.4000,5433.0000,1,2,2,1,1,4,1,1,1,1
SF,IC2006,2020-01-20 09:31:18.800,5431.6000,41750,0,260709520.000,0,-,-,-,-,5429.8000,5429.6000,5429.4000,5429.2000,5428.0000,5431.4000,5431.6000,5432.2000,5432.4000,5433.0000,1,1,1,2,1,1,3,1,1,1
SF,IC2006,2020-01-20 09:31:19.300,5431.4000,41747,-3,263968360.000,3,0,3,双平,S,5431.4000,5429.8000,5429.2000,5428.0000,5426.6000,5431.6000,5432.2000,5432.4000,5433.0000,5433.2000,2,1,2,1,1,2,1,1,1,9
SF,IC2006,2020-01-20 09:31:19.800,5429.8000,41744,-3,268313160.000,4,0,4,多平,S,5429.2000,5426.6000,5426.0000,5424.8000,5423.0000,5431.2000,5431.4000,5431.6000,5432.2000,5432.4000,1,1,1,2,5,1,6,2,1,1
SF,IC2006,2020-01-20 09:31:20.300,5429.8000,41744,0,268313160.000,0,-,-,-,-,5430.4000,5429.6000,5429.4000,5429.2000,5426.6000,5431.0000,5431.2000,5431.4000,5431.6000,5432.2000,1,1,1,1,1,4,1,5,2,1
SF,IC2006,2020-01-20 09:31:20.800,5429.8000,41744,0,268313160.000,0,-,-,-,-,5430.4000,5429.6000,5429.4000,5429.2000,5426.6000,5431.2000,5431.4000,5431.6000,5432.2000,5432.4000,1,1,1,1,1,1,4,2,1,1
SF,IC2006,2020-01-20 09:31:21.300,5431.4000,41744,0,269399440.000,1,0,1,多换,S,5430.6000,5429.6000,5429.2000,5426.6000,5426.0000,5431.6000,5432.2000,5432.4000,5433.0000,5433.2000,1,1,1,1,1,2,1,1,1,9
SF,IC2006,2020-01-20 09:31:21.800,5431.6000,41744,0,272658400.000,3,1,2,多换,S,5431.6000,5431.2000,5430.6000,5429.6000,5429.2000,5432.2000,5432.4000,5433.0000,5433.2000,5433.4000,2,1,1,1,1,1,1,1,9,1
SF,IC2006,2020-01-20 09:31:22.300,5432.2000,41741,-3,277004200.000,4,0,4,多平,S,5431.8000,5431.2000,5429.6000,5429.2000,5426.6000,5433.0000,5433.2000,5433.4000,5433.6000,5433.8000,1,1,1,1,1,1,9,1,1,10
SF,IC2006,2020-01-20 09:31:22.800,5432.2000,41741,0,277004200.000,0,-,-,-,-,5431.8000,5431.6000,5431.2000,5429.2000,5426.6000,5433.0000,5433.2000,5433.4000,5433.6000,5433.8000,1,1,1,1,1,1,9,1,1,10
SF,IC2006,2020-01-20 09:31:23.300,5432.2000,41741,0,277004200.000,0,-,-,-,-,5431.6000,5431.2000,5429.2000,5426.6000,5426.0000,5432.8000,5433.0000,5433.2000,5433.4000,5433.6000,1,1,1,1,1,1,1,9,1,1
SF,IC2006,2020-01-20 09:31:23.800,5431.6000,41742,1,278090520.000,1,1,0,双开,S,5429.2000,5426.6000,5426.0000,5424.8000,5423.0000,5432.8000,5433.0000,5433.2000,5433.4000,5433.6000,1,1,1,2,5,1,1,9,1,1
SF,IC2006,2020-01-20 09:31:24.300,5431.6000,41742,0,278090520.000,0,-,-,-,-,5429.4000,5429.2000,5426.6000,5426.0000,5424.8000,5432.6000,5432.8000,5433.0000,5433.2000,5433.4000,4,1,1,1,2,1,1,1,9,1
SF,IC2006,2020-01-20 09:31:24.800,5431.6000,41743,1,279176840.000,1,1,0,双开,S,5429.4000,5429.2000,5426.6000,5426.0000,5424.8000,5432.2000,5432.4000,5432.6000,5433.0000,5433.2000,4,1,1,1,2,1,1,1,1,9
SF,IC2006,2020-01-20 09:31:25.300,5431.6000,41743,0,279176840.000,0,-,-,-,-,5429.6000,5429.4000,5429.2000,5426.6000,5426.0000,5431.0000,5432.0000,5432.2000,5433.0000,5433.2000,3,3,1,1,1,2,1,1,1,9
SF,IC2006,2020-01-20 09:31:25.800,5431.0000,41741,-2,281349240.000,2,0,2,双平,S,5432.4000,5431.0000,5429.8000,5429.6000,5429.2000,5433.0000,5433.2000,5433.4000,5433.6000,5433.8000,4,1,3,3,1,1,9,1,1,10
SF,IC2006,2020-01-20 09:31:26.300,5432.4000,41737,-4,285695160.000,4,0,4,双平,S,5429.8000,5429.6000,5429.2000,5426.6000,5426.0000,5431.8000,5432.0000,5432.4000,5433.0000,5433.2000,2,1,1,1,1,2,2,1,1,9
SF,IC2006,2020-01-20 09:31:26.800,5431.8000,41736,-1,286781520.000,1,0,1,双平,S,5430.0000,5429.8000,5429.6000,5429.2000,5426.6000,5431.8000,5432.0000,5432.4000,5433.0000,5433.2000,1,2,1,1,1,1,2,1,1,9
SF,IC2006,2020-01-20 09:31:27.300,5431.8000,41735,-1,288954240.000,2,0,2,多平,S,5430.2000,5430.0000,5429.6000,5429.2000,5428.8000,5432.0000,5432.4000,5433.0000,5433.2000,5433.4000,6,1,1,1,2,2,1,1,9,1
SF,IC2006,2020-01-20 09:31:27.800,5432.0000,41735,0,291126760.000,2,1,1,多换,S,5430.2000,5430.0000,5429.6000,5429.2000,5428.8000,5432.0000,5432.4000,5433.0000,5433.2000,5433.4000,4,1,1,1,2,1,1,1,9,1
SF,IC2006,2020-01-20 09:31:28.300,5432.0000,41735,0,291126760.000,0,-,-,-,-,5431.4000,5430.2000,5429.6000,5429.2000,5428.8000,5431.8000,5432.0000,5432.4000,5433.0000,5433.2000,1,4,1,1,2,1,3,1,1,9
SF,IC2006,2020-01-20 09:31:28.800,5431.4000,41734,-1,292213040.000,1,0,1,双平,S,5430.2000,5429.6000,5429.2000,5428.8000,5426.6000,5431.4000,5432.0000,5432.4000,5433.0000,5433.2000,3,1,1,2,1,1,3,1,1,9
SF,IC2006,2020-01-20 09:31:29.300,5431.4000,41734,0,292213040.000,0,-,-,-,-,5430.2000,5429.2000,5428.8000,5426.6000,5426.0000,5431.4000,5432.0000,5432.4000,5433.0000,5433.2000,1,1,2,1,1,1,3,1,1,9
SF,IC2006,2020-01-20 09:31:30.300,5430.2000,41733,-1,294385360.000,2,0,2,多平,S,5429.2000,5428.8000,5426.6000,5426.0000,5424.8000,5432.0000,5432.4000,5433.0000,5433.2000,5433.4000,1,2,1,1,2,3,1,1,9,1
SF,IC2006,2020-01-20 09:31:30.800,5433.2000,41722,-11,308510200.000,13,1,12,多平,S,5429.4000,5429.2000,5428.8000,5426.6000,5426.0000,5433.2000,5433.4000,5433.6000,5433.8000,5434.4000,5,1,2,1,1,3,1,1,10,1
SF,IC2006,2020-01-20 09:31:31.300,5433.2000,41722,0,308510200.000,0,-,-,-,-,5429.4000,5429.2000,5428.8000,5426.6000,5426.0000,5432.6000,5432.8000,5433.0000,5433.2000,5433.4000,5,1,2,1,1,2,2,2,3,1
SF,IC2006,2020-01-20 09:31:31.800,5433.2000,41722,0,308510200.000,0,-,-,-,-,5429.4000,5429.2000,5428.8000,5426.6000,5426.0000,5432.0000,5432.4000,5432.6000,5432.8000,5433.0000,3,1,2,1,1,1,2,2,1,1
SF,IC2006,2020-01-20 09:31:32.300,5433.2000,41722,0,308510200.000,0,-,-,-,-,5429.4000,5429.2000,5428.8000,5426.6000,5426.0000,5431.8000,5432.4000,5432.6000,5432.8000,5433.0000,3,1,2,1,1,1,1,2,1,2
SF,IC2006,2020-01-20 09:31:32.800,5431.8000,41722,0,310682480.000,2,1,1,多换,S,5432.0000,5431.8000,5429.6000,5429.4000,5429.2000,5432.4000,5432.6000,5432.8000,5433.0000,5433.2000,2,11,2,3,1,1,2,2,3,3
SF,IC2006,2020-01-20 09:31:33.300,5431.8000,41715,-7,318287000.000,7,0,7,双平,S,5431.8000,5429.6000,5429.4000,5429.2000,5428.8000,5432.4000,5432.6000,5432.8000,5433.0000,5433.2000,6,2,3,1,2,2,2,1,3,3
SF,IC2006,2020-01-20 09:31:33.800,5431.8000,41712,-3,321546080.000,3,0,3,双平,S,5431.8000,5429.6000,5429.4000,5429.2000,5428.8000,5432.0000,5432.4000,5432.8000,5433.0000,5433.2000,3,2,3,1,2,1,2,1,3,3
SF,IC2006,2020-01-20 09:31:34.300,5431.8000,41709,-3,324805160.000,3,0,3,双平,S,5429.6000,5429.4000,5429.2000,5428.8000,5426.6000,5431.8000,5432.0000,5432.4000,5432.8000,5433.0000,2,3,1,2,1,2,1,2,1,2
SF,IC2006,2020-01-20 09:31:34.800,5431.8000,41709,0,324805160.000,0,-,-,-,-,5429.8000,5429.6000,5429.4000,5429.2000,5428.8000,5431.8000,5432.0000,5432.4000,5432.8000,5433.0000,3,2,2,2,2,2,1,2,1,2
SF,IC2006,2020-01-20 09:31:35.300,5431.8000,41707,-2,326977880.000,2,0,2,双平,S,5430.0000,5429.8000,5429.6000,5429.4000,5429.2000,5431.8000,5432.0000,5432.4000,5432.8000,5433.0000,2,1,2,1,2,2,1,2,1,2
SF,IC2006,2020-01-20 09:31:35.800,5431.8000,41707,0,328064240.000,1,0,1,多换,S,5430.2000,5430.0000,5429.6000,5429.4000,5429.2000,5431.8000,5432.0000,5432.4000,5432.8000,5433.0000,3,2,1,1,2,1,1,2,1,2
SF,IC2006,2020-01-20 09:31:36.300,5431.8000,41707,0,328064240.000,0,-,-,-,-,5430.2000,5430.0000,5429.6000,5429.4000,5429.2000,5431.6000,5431.8000,5432.0000,5432.4000,5432.8000,3,2,1,1,2,1,2,1,1,1
SF,IC2006,2020-01-20 09:31:36.800,5431.8000,41707,0,328064240.000,0,-,-,-,-,5430.2000,5430.0000,5429.6000,5429.4000,5429.2000,5431.6000,5431.8000,5432.0000,5432.4000,5432.8000,3,2,1,1,2,1,2,1,1,1
SF,IC2006,2020-01-20 09:31:37.300,5431.8000,41707,0,328064240.000,0,-,-,-,-,5430.4000,5430.2000,5429.6000,5429.4000,5429.2000,5431.6000,5431.8000,5432.0000,5432.4000,5432.8000,2,1,1,1,2,1,2,1,1,1
SF,IC2006,2020-01-20 09:31:37.800,5431.6000,41706,-1,329150560.000,1,0,1,双平,S,5430.6000,5429.6000,5429.4000,5429.2000,5428.8000,5431.8000,5432.0000,5432.4000,5432.8000,5433.0000,3,1,1,2,2,2,1,1,1,1
SF,IC2006,2020-01-20 09:31:38.300,5431.6000,41704,-2,331323200.000,2,0,2,双平,S,5431.6000,5430.8000,5430.6000,5429.6000,5429.4000,5431.8000,5432.0000,5432.4000,5432.8000,5433.0000,2,1,1,1,1,2,1,1,1,1
SF,IC2006,2020-01-20 09:31:38.800,5431.6000,41701,-3,334582160.000,3,0,3,双平,S,5430.8000,5430.6000,5429.6000,5429.4000,5429.2000,5431.8000,5432.0000,5432.4000,5432.8000,5433.0000,1,1,1,1,2,2,1,1,1,1
SF,IC2006,2020-01-20 09:31:39.300,5431.6000,41701,0,334582160.000,0,-,-,-,-,5431.0000,5429.4000,5429.2000,5428.8000,5426.6000,5431.8000,5432.0000,5432.4000,5432.8000,5433.0000,1,1,2,2,1,2,1,1,1,1
SF,IC2006,2020-01-20 09:31:39.800,5431.8000,41700,-1,336754720.000,2,0,2,多平,S,5430.4000,5429.4000,5429.2000,5428.8000,5426.6000,5431.8000,5432.0000,5432.4000,5432.8000,5433.0000,5,1,2,2,1,1,1,1,1,1
SF,IC2006,2020-01-20 09:31:40.300,5431.8000,41700,0,337841080.000,1,0,1,多换,S,5430.6000,5430.4000,5429.4000,5429.2000,5428.8000,5432.0000,5432.4000,5432.8000,5433.0000,5433.2000,1,5,1,2,2,1,1,1,1,3
SF,IC2006,2020-01-20 09:31:40.800,5431.8000,41700,0,337841080.000,0,-,-,-,-,5430.6000,5430.4000,5429.4000,5429.2000,5428.8000,5431.2000,5432.0000,5432.4000,5432.8000,5433.0000,1,5,1,2,2,1,1,1,1,1
SF,IC2006,2020-01-20 09:31:41.300,5431.8000,41700,0,337841080.000,0,-,-,-,-,5430.6000,5430.4000,5429.2000,5428.8000,5426.6000,5431.2000,5431.6000,5431.8000,5432.0000,5432.4000,1,5,2,2,1,1,1,1,1,1
SF,IC2006,2020-01-20 09:31:41.800,5431.2000,41698,-2,340013560.000,2,0,2,双平,S,5431.0000,5430.6000,5430.4000,5429.2000,5428.8000,5431.6000,5431.8000,5432.0000,5432.4000,5432.8000,4,1,5,1,2,1,1,1,1,1
SF,IC2006,2020-01-20 09:31:42.300,5431.6000,41697,-1,344358840.000,4,1,3,多平,S,5431.0000,5430.6000,5430.4000,5429.2000,5428.8000,5431.4000,5432.0000,5432.4000,5432.8000,5433.0000,4,1,5,1,2,1,5,1,1,1
SF,IC2006,2020-01-20 09:31:42.800,5431.4000,41697,0,345445120.000,1,0,1,多换,S,5431.6000,5431.4000,5431.0000,5430.4000,5429.2000,5432.0000,5432.4000,5432.8000,5433.0000,5433.2000,2,1,4,5,1,5,1,1,1,3
SF,IC2006,2020-01-20 09:31:43.300,5431.4000,41697,0,345445120.000,0,-,-,-,-,5431.4000,5431.0000,5430.4000,5429.2000,5428.8000,5431.6000,5432.0000,5432.4000,5432.8000,5433.0000,1,4,5,1,2,2,5,1,1,1
SF,IC2006,2020-01-20 09:31:43.800,5431.6000,41693,-4,349790480.000,4,0,4,双平,S,5431.0000,5430.4000,5429.2000,5428.8000,5426.6000,5432.0000,5432.4000,5432.8000,5433.0000,5433.2000,4,5,1,2,1,4,1,1,1,3
SF,IC2006,2020-01-20 09:31:44.300,5431.6000,41693,0,349790480.000,0,-,-,-,-,5431.2000,5431.0000,5430.4000,5429.2000,5428.8000,5432.0000,5432.4000,5432.8000,5433.0000,5433.2000,1,4,5,1,2,5,1,1,1,3
SF,IC2006,2020-01-20 09:31:44.800,5431.8000,41693,0,350876840.000,1,0,1,多换,S,5431.2000,5431.0000,5430.4000,5429.2000,5428.8000,5432.0000,5432.4000,5432.8000,5433.0000,5433.2000,1,4,5,1,2,4,1,1,1,3
SF,IC2006,2020-01-20 09:31:45.300,5431.2000,41692,-1,351963080.000,1,0,1,双平,S,5431.0000,5430.4000,5429.2000,5428.8000,5426.6000,5432.0000,5432.4000,5432.8000,5433.0000,5433.2000,4,5,1,2,1,5,1,1,1,3
SF,IC2006,2020-01-20 09:31:45.800,5431.2000,41692,0,351963080.000,0,-,-,-,-,5431.0000,5430.4000,5429.2000,5428.8000,5426.6000,5432.0000,5432.4000,5432.6000,5432.8000,5433.0000,4,5,1,2,1,5,1,1,1,1
SF,IC2006,2020-01-20 09:31:46.300,5431.2000,41692,0,351963080.000,0,-,-,-,-,5431.0000,5430.4000,5429.2000,5428.8000,5426.6000,5431.8000,5432.0000,5432.4000,5432.6000,5432.8000,4,5,1,2,1,1,5,1,1,1
SF,IC2006,2020-01-20 09:31:46.800,5431.2000,41692,0,351963080.000,0,-,-,-,-,5431.2000,5431.0000,5430.4000,5429.2000,5428.8000,5431.8000,5432.0000,5432.4000,5432.6000,5432.8000,1,4,5,1,2,1,4,1,1,1
SF,IC2006,2020-01-20 09:31:47.300,5431.2000,41692,0,353049320.000,1,0,1,多换,S,5431.0000,5430.4000,5429.2000,5428.8000,5426.6000,5432.0000,5432.4000,5432.6000,5432.8000,5433.0000,4,5,1,2,1,4,1,1,1,1
SF,IC2006,2020-01-20 09:31:47.800,5432.0000,41692,0,354135720.000,1,0,1,多换,S,5431.2000,5431.0000,5430.4000,5429.2000,5428.8000,5431.6000,5432.0000,5432.4000,5432.6000,5432.8000,3,4,5,1,2,1,3,1,1,1
SF,IC2006,2020-01-20 09:31:48.300,5431.4000,41689,-3,358480880.000,4,0,4,多平,S,5431.2000,5431.0000,5430.4000,5429.2000,5428.8000,5432.0000,5432.4000,5432.6000,5432.8000,5433.0000,1,4,5,1,2,3,1,1,1,1
SF,IC2006,2020-01-20 09:31:49.300,5432.0000,41689,0,359567280.000,1,0,1,多换,S,5431.2000,5431.0000,5430.4000,5429.2000,5428.8000,5432.0000,5432.4000,5432.6000,5432.8000,5433.0000,1,4,5,1,2,3,1,1,1,1
SF,IC2006,2020-01-20 09:31:49.800,5432.0000,41689,0,359567280.000,0,-,-,-,-,5431.2000,5431.0000,5430.4000,5429.2000,5428.8000,5432.0000,5432.4000,5432.6000,5432.8000,5433.2000,1,4,5,1,2,3,1,1,1,3
SF,IC2006,2020-01-20 09:31:50.300,5432.0000,41689,0,359567280.000,0,-,-,-,-,5431.2000,5431.0000,5430.4000,5429.2000,5428.8000,5431.6000,5432.0000,5432.4000,5432.6000,5432.8000,1,4,5,1,2,1,2,1,1,1
SF,IC2006,2020-01-20 09:31:51.300,5431.2000,41689,0,360653520.000,1,0,1,多换,S,5431.0000,5430.4000,5429.2000,5428.8000,5426.6000,5431.2000,5431.6000,5432.0000,5432.4000,5432.6000,4,5,1,2,1,1,1,2,1,1
SF,IC2006,2020-01-20 09:31:51.800,5431.0000,41688,-1,361739720.000,1,0,1,双平,S,5431.0000,5430.4000,5429.2000,5428.8000,5426.6000,5431.2000,5431.6000,5432.0000,5432.4000,5432.6000,3,5,1,2,1,1,1,2,1,1
SF,IC2006,2020-01-20 09:31:52.300,5431.0000,41688,0,361739720.000,0,-,-,-,-,5431.2000,5431.0000,5430.4000,5429.2000,5428.8000,5431.6000,5432.0000,5432.4000,5432.6000,5432.8000,1,3,5,1,2,1,2,1,1,1
SF,IC2006,2020-01-20 09:31:52.800,5431.0000,41688,0,361739720.000,0,-,-,-,-,5431.2000,5431.0000,5430.4000,5429.2000,5428.8000,5432.0000,5432.4000,5432.6000,5432.8000,5433.2000,1,3,5,1,2,2,1,1,1,3
SF,IC2006,2020-01-20 09:31:53.300,5431.0000,41688,0,361739720.000,0,-,-,-,-,5431.0000,5430.4000,5429.2000,5428.8000,5426.6000,5431.2000,5431.8000,5432.0000,5432.4000,5432.6000,3,5,1,2,1,1,1,3,1,1
SF,IC2006,2020-01-20 09:31:53.800,5431.0000,41689,1,366084520.000,4,2,2,空开,S,5430.4000,5429.2000,5428.8000,5426.6000,5426.0000,5430.8000,5431.0000,5431.8000,5432.0000,5432.4000,5,1,2,1,1,1,1,1,3,1
SF,IC2006,2020-01-20 09:31:54.300,5430.4000,41689,0,373687200.000,7,3,4,多换,S,5431.2000,5430.8000,5430.4000,5429.2000,5428.8000,5431.8000,5432.0000,5432.4000,5432.6000,5432.8000,1,2,1,1,2,1,4,1,1,1
SF,IC2006,2020-01-20 09:31:54.800,5431.2000,41689,0,374773440.000,1,0,1,多换,S,5430.8000,5430.4000,5429.2000,5428.8000,5426.6000,5431.0000,5431.2000,5431.6000,5432.0000,5432.4000,2,1,1,2,1,1,1,2,4,1
SF,IC2006,2020-01-20 09:31:55.300,5430.8000,41688,-1,376945760.000,2,0,2,多平,S,5430.4000,5429.2000,5428.8000,5426.6000,5426.0000,5431.0000,5431.6000,5432.0000,5432.4000,5432.6000,1,1,2,1,1,1,2,4,1,1
SF,IC2006,2020-01-20 09:31:55.800,5430.4000,41688,0,378031840.000,1,0,1,多换,S,5429.2000,5428.8000,5426.6000,5426.0000,5424.8000,5430.4000,5431.6000,5432.0000,5432.4000,5432.6000,1,2,1,1,2,1,2,4,1,1
SF,IC2006,2020-01-20 09:31:56.300,5430.4000,41687,-1,379117920.000,1,0,1,双平,S,5429.2000,5428.8000,5426.6000,5426.0000,5424.8000,5430.4000,5431.6000,5432.0000,5432.4000,5432.6000,2,2,1,1,2,1,2,3,1,1
SF,IC2006,2020-01-20 09:31:56.800,5430.4000,41685,-2,382376160.000,3,0,3,多平,S,5429.2000,5428.8000,5426.6000,5426.0000,5424.8000,5430.4000,5431.6000,5432.0000,5432.4000,5432.6000,2,2,1,1,2,1,2,3,1,1
SF,IC2006,2020-01-20 09:31:57.300,5430.4000,41684,-1,384548320.000,2,0,2,多平,S,5429.2000,5428.8000,5426.6000,5426.0000,5424.8000,5431.6000,5432.0000,5432.4000,5432.6000,5433.2000,2,2,1,1,2,1,3,1,1,3
SF,IC2006,2020-01-20 09:31:57.800,5430.4000,41684,0,384548320.000,0,-,-,-,-,5430.4000,5429.4000,5429.2000,5428.8000,5426.6000,5431.4000,5432.0000,5432.4000,5432.6000,5433.2000,1,1,2,2,1,2,3,1,1,3
SF,IC2006,2020-01-20 09:31:58.800,5431.4000,41682,-2,386720840.000,2,0,2,双平,S,5430.4000,5429.2000,5428.8000,5426.6000,5426.0000,5432.0000,5432.4000,5432.6000,5433.2000,5433.4000,1,2,2,1,1,3,1,1,3,1
SF,IC2006,2020-01-20 09:31:59.300,5431.4000,41682,0,386720840.000,0,-,-,-,-,5431.4000,5430.4000,5429.2000,5428.8000,5426.6000,5431.8000,5432.0000,5432.4000,5432.6000,5433.2000,1,1,2,2,1,2,4,1,1,3
SF,IC2006,2020-01-20 09:31:59.800,5431.4000,41681,-1,387807120.000,1,0,1,双平,S,5430.4000,5429.2000,5428.8000,5426.6000,5426.0000,5431.2000,5431.6000,5431.8000,5432.0000,5432.4000,1,2,2,1,1,1,1,1,3,6
SF,IC2006,2020-01-20 09:32:00.300,5431.2000,41681,0,388893360.000,1,0,1,多换,S,5430.4000,5429.2000,5428.8000,5426.6000,5426.0000,5431.2000,5431.6000,5431.8000,5432.0000,5432.4000,1,2,2,1,1,1,1,1,3,6
SF,IC2006,2020-01-20 09:32:00.800,5431.2000,41681,0,388893360.000,0,-,-,-,-,5430.6000,5430.4000,5429.4000,5429.2000,5428.8000,5431.2000,5431.8000,5432.0000,5432.4000,5432.6000,1,1,1,2,2,1,1,3,6,1
SF,IC2006,2020-01-20 09:32:01.800,5430.6000,41680,-1,389979480.000,1,0,1,双平,S,5430.4000,5429.4000,5429.2000,5428.8000,5426.6000,5430.6000,5431.0000,5431.2000,5431.8000,5432.0000,1,1,2,2,1,1,1,1,1,3
SF,IC2006,2020-01-20 09:32:02.300,5430.4000,41680,0,391065560.000,1,0,1,多换,S,5430.6000,5429.4000,5429.2000,5428.8000,5426.6000,5431.0000,5431.2000,5431.8000,5432.0000,5432.4000,2,1,2,2,1,1,1,1,3,6
SF,IC2006,2020-01-20 09:32:02.800,5430.4000,41680,0,391065560.000,0,-,-,-,-,5430.6000,5429.4000,5429.2000,5428.8000,5426.6000,5431.0000,5431.2000,5431.8000,5432.0000,5432.4000,2,1,2,2,1,1,1,1,3,6
SF,IC2006,2020-01-20 09:32:03.300,5430.4000,41680,0,391065560.000,0,-,-,-,-,5430.6000,5429.4000,5429.2000,5428.8000,5426.6000,5431.0000,5431.2000,5431.8000,5432.0000,5432.4000,2,1,1,2,1,1,1,1,3,5
SF,IC2006,2020-01-20 09:32:03.800,5430.6000,41680,0,393237880.000,2,1,1,多换,S,5429.4000,5429.2000,5428.8000,5426.6000,5426.0000,5431.0000,5431.2000,5431.8000,5432.0000,5432.4000,1,1,2,1,1,1,1,1,3,5
SF,IC2006,2020-01-20 09:32:04.300,5430.6000,41680,0,393237880.000,0,-,-,-,-,5429.6000,5429.4000,5428.8000,5426.6000,5426.0000,5431.0000,5431.2000,5431.8000,5432.0000,5432.4000,2,1,2,1,1,2,1,1,3,5
SF,IC2006,2020-01-20 09:32:04.800,5429.6000,41679,-1,394323800.000,1,0,1,双平,S,5429.6000,5429.4000,5428.8000,5426.6000,5426.0000,5430.4000,5431.0000,5431.2000,5431.8000,5432.0000,1,1,2,1,1,1,2,1,1,3
SF,IC2006,2020-01-20 09:32:05.800,5430.4000,41678,-1,395409880.000,1,0,1,双平,S,5429.4000,5428.8000,5426.6000,5426.0000,5424.8000,5431.0000,5431.2000,5431.8000,5432.0000,5432.4000,1,2,1,1,2,2,1,1,3,5
SF,IC2006,2020-01-20 09:32:06.300,5430.4000,41678,0,395409880.000,0,-,-,-,-,5429.6000,5429.4000,5428.8000,5426.6000,5426.0000,5430.8000,5431.0000,5431.2000,5432.0000,5432.4000,1,1,2,1,1,1,2,1,3,5
SF,IC2006,2020-01-20 09:32:06.800,5430.4000,41678,0,395409880.000,0,-,-,-,-,5430.4000,5429.6000,5429.4000,5428.8000,5426.6000,5430.8000,5431.0000,5431.2000,5432.0000,5432.4000,1,1,1,2,1,1,2,1,3,5
SF,IC2006,2020-01-20 09:32:07.300,5430.4000,41677,-1,396495960.000,1,0,1,双平,S,5429.6000,5429.4000,5428.8000,5426.6000,5426.0000,5430.8000,5431.0000,5431.2000,5432.0000,5432.4000,1,1,2,1,1,1,2,1,3,5
SF,IC2006,2020-01-20 09:32:08.800,5430.4000,41677,0,396495960.000,0,-,-,-,-,5429.6000,5429.4000,5426.6000,5426.0000,5424.8000,5430.8000,5431.0000,5431.2000,5432.0000,5432.4000,1,1,1,1,2,1,2,1,3,5
SF,IC2006,2020-01-20 09:32:09.300,5430.0000,41676,-1,397581960.000,1,0,1,双平,S,5429.6000,5429.4000,5426.6000,5426.0000,5424.8000,5430.8000,5431.0000,5431.2000,5432.0000,5432.4000,1,1,1,1,2,1,2,1,3,5
SF,IC2006,2020-01-20 09:32:09.800,5430.8000,41675,-1,398668120.000,1,0,1,双平,S,5430.8000,5429.4000,5426.6000,5426.0000,5424.8000,5431.0000,5431.2000,5432.0000,5432.4000,5432.6000,26,1,1,1,2,2,1,3,5,1
SF,IC2006,2020-01-20 09:32:10.300,5431.2000,41673,-2,401926760.000,3,0,3,多平,S,5431.0000,5430.8000,5429.4000,5426.6000,5426.0000,5432.0000,5432.4000,5432.6000,5433.2000,5433.6000,3,26,1,1,1,3,5,1,3,1
SF,IC2006,2020-01-20 09:32:10.800,5431.8000,41671,-2,406271720.000,4,1,3,多平,S,5430.8000,5429.4000,5426.6000,5426.0000,5424.8000,5432.0000,5432.4000,5432.6000,5433.2000,5433.4000,26,1,1,1,2,4,5,1,3,5
SF,IC2006,2020-01-20 09:32:11.300,5432.0000,41668,-3,409530920.000,3,0,3,双平,S,5430.8000,5429.4000,5426.6000,5426.0000,5424.8000,5432.0000,5432.4000,5432.6000,5433.2000,5433.4000,26,1,1,1,2,1,5,1,3,5
SF,IC2006,2020-01-20 09:32:11.800,5432.4000,41667,-1,413876760.000,4,1,3,多平,S,5431.0000,5430.8000,5429.4000,5426.6000,5426.0000,5432.4000,5432.6000,5433.2000,5433.4000,5433.6000,1,26,1,1,1,2,1,3,5,1
SF,IC2006,2020-01-20 09:32:12.300,5432.4000,41667,0,413876760.000,0,-,-,-,-,5431.0000,5430.8000,5429.4000,5426.6000,5426.0000,5432.4000,5432.6000,5433.2000,5433.4000,5433.6000,1,26,1,1,1,2,1,3,5,1
SF,IC2006,2020-01-20 09:32:12.800,5432.4000,41667,0,413876760.000,0,-,-,-,-,5431.0000,5430.8000,5426.6000,5426.0000,5424.8000,5432.4000,5432.6000,5433.2000,5433.4000,5433.6000,1,26,1,1,2,2,1,3,5,1
SF,IC2006,2020-01-20 09:32:13.300,5432.4000,41667,0,413876760.000,0,-,-,-,-,5431.0000,5430.8000,5426.6000,5426.0000,5424.8000,5432.4000,5432.6000,5433.2000,5433.4000,5433.6000,1,26,1,1,2,3,2,3,5,1
SF,IC2006,2020-01-20 09:32:13.800,5431.0000,41666,-1,414962960.000,1,0,1,双平,S,5430.8000,5426.6000,5426.0000,5424.8000,5423.0000,5432.4000,5432.6000,5433.2000,5433.4000,5433.6000,26,1,1,2,5,3,2,3,5,1
SF,IC2006,2020-01-20 09:32:14.300,5431.0000,41663,-3,418221560.000,3,0,3,双平,S,5430.8000,5426.6000,5426.0000,5424.8000,5423.0000,5431.0000,5432.2000,5432.4000,5432.6000,5433.2000,26,1,1,2,5,3,1,3,1,3
SF,IC2006,2020-01-20 09:32:14.800,5431.0000,41660,-3,421480160.000,3,0,3,双平,S,5431.0000,5430.8000,5426.6000,5426.0000,5424.8000,5432.2000,5432.4000,5432.6000,5433.2000,5433.4000,7,26,1,1,2,1,3,1,3,5
SF,IC2006,2020-01-20 09:32:15.300,5432.2000,41659,-1,422566600.000,1,0,1,双平,S,5431.0000,5430.8000,5426.6000,5426.0000,5424.8000,5432.4000,5432.6000,5433.2000,5433.4000,5433.6000,7,26,1,1,2,3,1,3,5,1
SF,IC2006,2020-01-20 09:32:15.800,5432.2000,41659,0,422566600.000,0,-,-,-,-,5431.2000,5431.0000,5430.8000,5426.6000,5426.0000,5432.4000,5432.6000,5433.2000,5433.4000,5433.6000,2,8,26,1,1,3,1,3,5,1
SF,IC2006,2020-01-20 09:32:16.300,5432.4000,41659,0,423653080.000,1,0,1,多换,S,5431.2000,5431.0000,5430.8000,5426.6000,5426.0000,5432.4000,5432.6000,5433.2000,5433.4000,5433.6000,1,6,26,1,1,3,1,3,5,1
SF,IC2006,2020-01-20 09:32:16.800,5431.2000,41660,1,425825560.000,2,1,1,空开,S,5431.0000,5430.8000,5426.6000,5426.0000,5424.8000,5432.4000,5432.6000,5433.2000,5433.4000,5433.6000,5,26,1,1,2,3,1,3,5,1
SF,IC2006,2020-01-20 09:32:17.300,5431.2000,41660,0,425825560.000,0,-,-,-,-,5431.0000,5430.8000,5426.6000,5426.0000,5424.8000,5432.2000,5432.4000,5432.6000,5433.2000,5433.4000,4,26,1,1,2,1,3,1,3,5
SF,IC2006,2020-01-20 09:32:17.800,5431.2000,41660,0,425825560.000,0,-,-,-,-,5431.0000,5430.8000,5426.6000,5426.0000,5424.8000,5432.0000,5432.2000,5432.4000,5432.6000,5433.2000,2,26,1,1,2,1,1,2,1,3
SF,IC2006,2020-01-20 09:32:18.300,5431.2000,41660,0,425825560.000,0,-,-,-,-,5431.0000,5430.8000,5426.6000,5426.0000,5424.8000,5432.0000,5432.2000,5432.4000,5432.6000,5433.2000,2,26,1,1,2,2,1,2,1,3
SF,IC2006,2020-01-20 09:32:19.300,5431.2000,41660,0,425825560.000,0,-,-,-,-,5431.2000,5431.0000,5430.8000,5426.6000,5426.0000,5432.0000,5432.2000,5432.4000,5432.6000,5433.2000,1,2,26,1,1,2,1,2,1,3
SF,IC2006,2020-01-20 09:32:19.800,5432.0000,41658,-2,427998360.000,2,0,2,双平,S,5431.4000,5431.2000,5430.8000,5426.6000,5426.0000,5432.2000,5432.4000,5432.6000,5433.2000,5433.4000,1,1,26,1,1,1,2,1,3,5
SF,IC2006,2020-01-20 09:32:20.300,5432.2000,41657,-1,430171240.000,2,0,2,多平,S,5432.0000,5431.4000,5430.8000,5426.6000,5426.0000,5432.4000,5432.6000,5433.2000,5433.4000,5433.6000,2,1,26,1,1,2,1,3,5,1
SF,IC2006,2020-01-20 09:32:20.800,5432.0000,41655,-2,437776560.000,7,2,5,多平,S,5432.0000,5431.4000,5430.8000,5426.6000,5426.0000,5433.2000,5433.4000,5433.6000,5433.8000,5434.4000,1,1,26,1,1,3,5,1,10,5
SF,IC2006,2020-01-20 09:32:21.300,5433.2000,41654,-1,438863200.000,1,0,1,双平,S,5432.0000,5431.4000,5430.8000,5426.6000,5426.0000,5433.2000,5433.4000,5433.6000,5433.8000,5434.4000,1,1,26,1,1,3,5,1,10,5
SF,IC2006,2020-01-20 09:32:21.800,5433.2000,41654,0,438863200.000,0,-,-,-,-,5432.0000,5431.4000,5430.8000,5426.6000,5426.0000,5433.2000,5433.4000,5433.6000,5433.8000,5434.4000,1,1,26,1,1,4,5,1,10,5
SF,IC2006,2020-01-20 09:32:22.300,5431.4000,41652,-2,442122280.000,3,0,3,多平,S,5431.4000,5430.8000,5426.6000,5426.0000,5424.8000,5433.2000,5433.4000,5433.6000,5433.8000,5434.4000,1,26,1,1,2,4,5,1,10,5
SF,IC2006,2020-01-20 09:32:22.800,5431.4000,41652,0,442122280.000,0,-,-,-,-,5431.6000,5431.4000,5430.8000,5426.6000,5426.0000,5432.0000,5433.0000,5433.2000,5433.4000,5433.6000,1,1,26,1,1,1,2,4,5,1
SF,IC2006,2020-01-20 09:32:23.300,5432.0000,41652,0,444295000.000,2,1,1,多换,S,5431.4000,5430.8000,5426.6000,5426.0000,5424.8000,5432.0000,5433.0000,5433.2000,5433.4000,5433.6000,1,26,1,1,2,1,2,3,5,1
SF,IC2006,2020-01-20 09:32:23.800,5431.4000,41652,0,445381280.000,1,0,1,多换,S,5430.8000,5426.6000,5426.0000,5424.8000,5423.0000,5432.6000,5433.0000,5433.2000,5433.4000,5433.6000,26,1,1,2,5,1,2,3,5,1
SF,IC2006,2020-01-20 09:32:24.300,5431.4000,41652,0,445381280.000,0,-,-,-,-,5430.8000,5426.6000,5426.0000,5424.8000,5423.0000,5432.4000,5432.6000,5433.0000,5433.2000,5433.4000,26,1,1,2,5,3,3,2,2,5
SF,IC2006,2020-01-20 09:32:24.800,5431.4000,41652,0,445381280.000,0,-,-,-,-,5430.8000,5426.6000,5426.0000,5424.8000,5423.0000,5432.4000,5432.6000,5433.0000,5433.2000,5433.4000,26,1,1,2,5,4,2,2,2,5
SF,IC2006,2020-01-20 09:32:25.300,5431.4000,41652,0,445381280.000,0,-,-,-,-,5430.8000,5426.6000,5426.0000,5424.8000,5423.0000,5432.4000,5432.6000,5433.0000,5433.2000,5433.4000,26,1,1,2,5,4,2,2,2,5
SF,IC2006,2020-01-20 09:32:25.800,5431.4000,41652,0,445381280.000,0,-,-,-,-,5430.8000,5426.6000,5426.0000,5424.8000,5423.0000,5432.4000,5432.6000,5433.0000,5433.2000,5433.4000,26,1,1,2,5,4,3,2,2,5
SF,IC2006,2020-01-20 09:32:26.300,5431.4000,41652,0,445381280.000,0,-,-,-,-,5430.8000,5426.6000,5426.0000,5424.8000,5423.0000,5432.0000,5432.2000,5432.4000,5432.6000,5433.0000,26,1,1,2,5,1,1,4,3,2
SF,IC2006,2020-01-20 09:32:26.800,5430.8000,41641,-11,458415400.000,12,0,12,多平,S,5430.8000,5426.6000,5426.0000,5424.8000,5423.0000,5431.8000,5432.0000,5432.2000,5432.4000,5432.6000,15,1,1,2,5,1,4,1,2,3
SF,IC2006,2020-01-20 09:32:27.300,5430.8000,41637,-4,462760040.000,4,0,4,双平,S,5430.8000,5426.6000,5426.0000,5424.8000,5423.0000,5431.6000,5431.8000,5432.0000,5432.2000,5432.4000,11,1,1,2,5,1,2,4,1,2
SF,IC2006,2020-01-20 09:32:27.800,5430.8000,41636,-1,463846200.000,1,0,1,双平,S,5430.8000,5426.6000,5426.0000,5424.8000,5423.0000,5431.4000,5431.6000,5431.8000,5432.0000,5432.2000,10,1,1,2,5,1,1,1,3,1
SF,IC2006,2020-01-20 09:32:28.300,5430.8000,41636,0,466018520.000,2,1,1,多换,S,5430.8000,5426.6000,5426.0000,5424.8000,5423.0000,5431.2000,5431.4000,5431.8000,5432.0000,5432.2000,8,1,1,2,5,1,1,1,2,1
SF,IC2006,2020-01-20 09:32:28.800,5430.8000,41628,-8,474707800.000,8,0,8,双平,S,5426.6000,5426.0000,5424.8000,5423.0000,5421.6000,5430.8000,5431.2000,5431.8000,5432.0000,5432.4000,1,1,2,5,5,1,1,1,3,2
SF,IC2006,2020-01-20 09:32:29.300,5430.8000,41628,0,476880120.000,2,1,1,多换,S,5427.8000,5426.8000,5426.6000,5426.0000,5424.8000,5430.6000,5431.8000,5432.0000,5432.4000,5432.6000,1,4,1,1,2,1,1,2,2,2
SF,IC2006,2020-01-20 09:32:29.800,5428.0000,41627,-1,479051840.000,2,0,2,多平,S,5428.0000,5427.8000,5426.8000,5426.6000,5426.0000,5430.4000,5431.8000,5432.0000,5432.4000,5432.6000,2,1,2,1,1,1,1,2,2,2
SF,IC2006,2020-01-20 09:32:30.300,5428.0000,41627,0,479051840.000,0,-,-,-,-,5428.0000,5426.8000,5426.6000,5426.0000,5424.8000,5430.2000,5430.4000,5431.8000,5432.0000,5432.4000,2,1,1,1,2,2,1,1,2,2
SF,IC2006,2020-01-20 09:32:30.800,5430.2000,41625,-2,482309520.000,3,0,3,多平,S,5426.8000,5426.6000,5426.0000,5424.8000,5423.0000,5430.4000,5431.8000,5432.0000,5432.4000,5432.6000,1,1,1,2,5,1,1,2,2,2
SF,IC2006,2020-01-20 09:32:31.300,5430.2000,41625,0,482309520.000,0,-,-,-,-,5427.4000,5427.0000,5426.8000,5426.6000,5426.0000,5430.2000,5430.4000,5431.8000,5432.0000,5432.6000,1,1,1,1,1,1,1,1,2,2
SF,IC2006,2020-01-20 09:32:31.800,5430.2000,41625,0,482309520.000,0,-,-,-,-,5427.6000,5427.4000,5426.8000,5426.6000,5426.0000,5428.0000,5430.0000,5430.2000,5431.8000,5432.0000,2,1,2,1,1,1,2,1,1,2
SF,IC2006,2020-01-20 09:32:32.300,5428.4000,41623,-2,485566800.000,3,0,3,多平,S,5428.4000,5428.2000,5428.0000,5427.6000,5427.4000,5429.8000,5430.0000,5430.2000,5431.4000,5431.8000,1,2,3,1,1,1,1,1,1,1
SF,IC2006,2020-01-20 09:32:32.800,5428.4000,41623,0,485566800.000,0,-,-,-,-,5428.6000,5428.4000,5428.2000,5428.0000,5427.6000,5429.8000,5430.2000,5431.4000,5431.8000,5432.6000,1,1,2,2,1,1,1,1,1,2
SF,IC2006,2020-01-20 09:32:33.300,5428.4000,41623,0,485566800.000,0,-,-,-,-,5428.6000,5428.4000,5428.2000,5428.0000,5427.6000,5429.6000,5429.8000,5431.4000,5431.8000,5432.6000,1,1,2,2,1,1,2,1,1,3
SF,IC2006,2020-01-20 09:32:33.800,5428.4000,41623,0,485566800.000,0,-,-,-,-,5429.6000,5428.6000,5428.4000,5428.2000,5428.0000,5429.8000,5431.4000,5431.8000,5432.6000,5433.2000,1,1,1,2,2,2,1,1,3,2
SF,IC2006,2020-01-20 09:32:34.300,5428.6000,41622,-1,487738440.000,2,0,2,多平,S,5428.4000,5428.2000,5428.0000,5426.8000,5426.6000,5429.6000,5429.8000,5431.4000,5431.8000,5432.6000,1,2,2,1,1,4,2,1,1,3
SF,IC2006,2020-01-20 09:32:34.800,5428.6000,41622,0,488824160.000,1,0,1,多换,S,5428.0000,5426.8000,5426.6000,5426.4000,5426.0000,5429.4000,5429.6000,5429.8000,5431.4000,5431.8000,3,1,1,1,1,1,4,2,1,1
SF,IC2006,2020-01-20 09:32:35.300,5428.6000,41622,0,488824160.000,0,-,-,-,-,5428.0000,5426.8000,5426.6000,5426.4000,5426.0000,5428.4000,5429.4000,5429.6000,5429.8000,5431.4000,3,1,1,1,1,1,1,5,2,1
SF,IC2006,2020-01-20 09:32:35.800,5428.4000,41622,0,490995520.000,2,1,1,多换,S,5429.0000,5428.0000,5426.8000,5426.6000,5426.4000,5429.4000,5429.6000,5429.8000,5431.4000,5431.8000,1,1,1,1,1,1,4,2,1,1
SF,IC2006,2020-01-20 09:32:36.300,5429.0000,41622,0,492081320.000,1,0,1,多换,S,5428.0000,5426.8000,5426.6000,5426.4000,5426.0000,5429.0000,5429.4000,5429.6000,5429.8000,5431.4000,1,1,1,1,1,3,1,1,2,1
SF,IC2006,2020-01-20 09:32:36.800,5429.0000,41622,0,494252920.000,2,1,1,多换,S,5428.2000,5428.0000,5426.8000,5426.6000,5426.0000,5429.0000,5429.4000,5429.6000,5429.8000,5431.4000,1,1,1,1,1,2,1,1,2,1
SF,IC2006,2020-01-20 09:32:37.300,5429.0000,41623,1,495338720.000,1,1,0,双开,S,5428.2000,5428.0000,5426.6000,5426.0000,5424.8000,5429.2000,5429.4000,5429.6000,5429.8000,5431.4000,1,1,1,1,2,1,1,1,2,1
SF,IC2006,2020-01-20 09:32:37.800,5429.0000,41623,0,495338720.000,0,-,-,-,-,5428.0000,5426.6000,5426.0000,5424.8000,5421.6000,5429.0000,5429.2000,5429.6000,5429.8000,5430.0000,1,1,1,2,5,1,1,2,2,1
SF,IC2006,2020-01-20 09:32:38.300,5429.0000,41623,0,495338720.000,0,-,-,-,-,5428.0000,5426.6000,5426.0000,5424.8000,5421.6000,5429.0000,5429.2000,5429.6000,5429.8000,5430.0000,1,1,1,2,5,1,1,2,2,1
SF,IC2006,2020-01-20 09:32:38.800,5429.0000,41623,0,495338720.000,0,-,-,-,-,5428.0000,5426.6000,5426.0000,5424.8000,5421.6000,5429.0000,5429.6000,5429.8000,5430.0000,5431.4000,1,1,1,2,5,1,2,2,1,1
SF,IC2006,2020-01-20 09:32:39.300,5428.0000,41623,0,496424320.000,1,0,1,多换,S,5426.6000,5426.0000,5424.8000,5421.6000,5421.0000,5428.2000,5428.6000,5429.0000,5429.6000,5429.8000,1,1,2,5,1,3,1,1,2,2
SF,IC2006,2020-01-20 09:32:39.800,5428.2000,41624,1,497509960.000,1,1,0,双开,S,5426.8000,5426.6000,5426.0000,5424.8000,5421.6000,5428.2000,5428.6000,5428.8000,5429.0000,5429.6000,1,1,1,2,5,2,1,1,1,1
SF,IC2006,2020-01-20 09:32:40.300,5428.2000,41625,1,499681240.000,2,1,1,空开,S,5428.2000,5426.8000,5426.6000,5426.0000,5424.8000,5428.8000,5429.0000,5429.6000,5429.8000,5430.0000,1,1,1,1,2,1,1,1,2,1
SF,IC2006,2020-01-20 09:32:40.800,5428.2000,41625,0,500766880.000,1,0,1,多换,S,5426.8000,5426.6000,5426.0000,5424.8000,5421.6000,5428.0000,5428.8000,5429.0000,5429.6000,5429.8000,1,1,1,2,5,1,1,1,1,2
SF,IC2006,2020-01-20 09:32:41.300,5428.0000,41625,0,501852480.000,1,0,1,多换,S,5426.8000,5426.6000,5426.0000,5424.8000,5421.6000,5428.0000,5428.8000,5429.0000,5429.6000,5429.8000,1,1,1,2,5,2,1,1,1,2
SF,IC2006,2020-01-20 09:32:41.800,5428.0000,41626,1,504023680.000,2,1,1,空开,S,5428.2000,5426.8000,5426.6000,5426.0000,5424.8000,5428.6000,5428.8000,5429.0000,5429.6000,5429.8000,4,1,1,1,2,2,1,1,1,2
SF,IC2006,2020-01-20 09:32:42.300,5428.2000,41628,2,508366240.000,4,3,1,空开,S,5426.8000,5426.6000,5426.0000,5424.8000,5421.6000,5428.6000,5428.8000,5429.0000,5429.8000,5430.0000,1,1,1,2,5,2,1,1,2,1
SF,IC2006,2020-01-20 09:32:42.800,5428.2000,41628,0,508366240.000,0,-,-,-,-,5427.0000,5426.8000,5426.6000,5426.0000,5424.8000,5428.2000,5428.4000,5428.6000,5429.8000,5430.0000,1,1,1,1,2,1,1,2,2,1
SF,IC2006,2020-01-20 09:32:43.300,5428.2000,41628,0,508366240.000,0,-,-,-,-,5427.2000,5427.0000,5426.6000,5426.0000,5424.8000,5428.2000,5428.4000,5428.6000,5429.8000,5430.0000,1,1,1,1,2,1,1,2,2,1
SF,IC2006,2020-01-20 09:32:43.800,5428.2000,41628,0,509451880.000,1,0,1,多换,S,5428.4000,5427.2000,5426.6000,5426.0000,5424.8000,5428.6000,5429.8000,5430.0000,5430.2000,5431.4000,1,1,1,1,2,2,2,1,1,1
SF,IC2006,2020-01-20 09:32:44.300,5428.6000,41626,-2,511623320.000,2,0,2,双平,S,5427.8000,5427.2000,5426.6000,5426.0000,5424.8000,5429.8000,5430.0000,5430.2000,5431.4000,5431.8000,1,1,1,1,2,2,1,1,1,1
SF,IC2006,2020-01-20 09:32:44.800,5427.8000,41625,-1,513794480.000,2,0,2,多平,S,5426.6000,5426.0000,5424.8000,5421.6000,5421.0000,5429.6000,5429.8000,5430.0000,5430.2000,5431.4000,1,1,2,5,1,2,3,1,1,1
SF,IC2006,2020-01-20 09:32:45.300,5427.8000,41625,0,513794480.000,0,-,-,-,-,5426.8000,5426.6000,5426.0000,5424.8000,5421.6000,5428.0000,5429.4000,5429.6000,5429.8000,5430.0000,2,1,1,2,5,1,1,2,3,1
SF,IC2006,2020-01-20 09:32:45.800,5428.0000,41622,-3,517051280.000,3,0,3,双平,S,5426.8000,5426.6000,5426.0000,5424.8000,5421.6000,5427.8000,5429.2000,5429.4000,5429.6000,5429.8000,2,1,1,2,5,2,1,1,2,3
SF,IC2006,2020-01-20 09:32:46.300,5427.8000,41621,-1,519222400.000,2,0,2,多平,S,5427.0000,5426.8000,5426.6000,5426.0000,5424.8000,5429.0000,5429.2000,5429.4000,5429.6000,5429.8000,1,1,1,1,2,1,1,1,2,3
SF,IC2006,2020-01-20 09:32:46.800,5427.8000,41621,0,519222400.000,0,-,-,-,-,5427.2000,5427.0000,5426.6000,5426.0000,5424.8000,5428.8000,5429.0000,5429.2000,5429.4000,5429.6000,1,1,1,1,2,1,2,1,1,1
SF,IC2006,2020-01-20 09:32:47.300,5427.8000,41621,0,519222400.000,0,-,-,-,-,5427.8000,5427.4000,5427.2000,5427.0000,5426.6000,5428.4000,5428.8000,5429.0000,5429.2000,5429.4000,1,1,1,1,1,1,1,1,1,1
SF,IC2006,2020-01-20 09:32:47.800,5428.4000,41619,-2,522479120.000,3,0,3,多平,S,5427.0000,5426.6000,5426.0000,5424.8000,5421.6000,5428.0000,5428.8000,5429.0000,5429.2000,5429.6000,1,1,1,2,5,1,1,1,1,1
SF,IC2006,2020-01-20 09:32:48.300,5428.4000,41619,0,522479120.000,0,-,-,-,-,5426.6000,5426.0000,5424.8000,5421.6000,5421.0000,5428.8000,5429.0000,5429.2000,5429.6000,5429.8000,1,1,2,5,1,1,1,1,1,3
SF,IC2006,2020-01-20 09:32:48.800,5428.4000,41619,0,522479120.000,0,-,-,-,-,5426.6000,5426.0000,5424.8000,5421.6000,5421.0000,5428.4000,5428.6000,5428.8000,5429.2000,5429.6000,1,1,2,5,1,4,1,3,1,1
SF,IC2006,2020-01-20 09:32:49.300,5428.4000,41619,0,522479120.000,0,-,-,-,-,5426.8000,5426.6000,5426.0000,5424.8000,5421.6000,5428.2000,5428.4000,5428.6000,5428.8000,5429.2000,1,1,1,2,5,2,1,1,2,2
SF,IC2006,2020-01-20 09:32:49.800,5428.4000,41619,0,522479120.000,0,-,-,-,-,5426.8000,5426.6000,5426.0000,5424.8000,5421.6000,5428.0000,5428.2000,5428.8000,5429.2000,5429.6000,1,1,1,2,5,1,2,2,1,1
SF,IC2006,2020-01-20 09:32:50.300,5428.4000,41619,0,522479120.000,0,-,-,-,-,5426.8000,5426.6000,5426.0000,5424.8000,5421.6000,5428.0000,5428.8000,5429.2000,5429.6000,5429.8000,1,1,1,2,5,1,1,1,1,3
SF,IC2006,2020-01-20 09:32:50.800,5428.4000,41619,0,522479120.000,0,-,-,-,-,5426.8000,5426.6000,5426.0000,5424.8000,5421.6000,5428.0000,5428.4000,5429.2000,5429.6000,5429.8000,1,1,1,2,5,1,2,1,1,3
SF,IC2006,2020-01-20 09:32:51.300,5428.4000,41619,0,522479120.000,0,-,-,-,-,5426.8000,5426.6000,5426.4000,5426.0000,5424.8000,5428.0000,5428.4000,5429.2000,5429.6000,5429.8000,1,1,1,1,2,1,2,1,1,3
SF,IC2006,2020-01-20 09:32:51.800,5428.4000,41619,0,522479120.000,0,-,-,-,-,5426.8000,5426.6000,5426.4000,5426.0000,5424.8000,5428.0000,5428.4000,5429.2000,5429.6000,5429.8000,1,1,1,1,2,2,2,1,1,3
SF,IC2006,2020-01-20 09:32:52.300,5426.8000,41618,-1,523564480.000,1,0,1,双平,S,5426.6000,5426.4000,5426.0000,5424.8000,5421.6000,5427.8000,5428.0000,5428.4000,5429.2000,5429.6000,1,1,1,2,5,1,2,2,1,1
SF,IC2006,2020-01-20 09:32:54.300,5426.8000,41618,0,523564480.000,0,-,-,-,-,5426.6000,5426.4000,5426.0000,5421.6000,5421.0000,5427.8000,5428.0000,5428.4000,5429.2000,5429.6000,1,1,1,5,1,1,2,2,1,1
SF,IC2006,2020-01-20 09:32:54.800,5426.8000,41618,0,523564480.000,0,-,-,-,-,5426.6000,5426.4000,5426.0000,5421.6000,5421.0000,5427.8000,5428.0000,5428.4000,5429.2000,5429.6000,1,1,1,5,1,2,2,2,1,1
SF,IC2006,2020-01-20 09:32:55.300,5426.8000,41618,0,523564480.000,0,-,-,-,-,5426.6000,5426.4000,5426.0000,5421.6000,5421.0000,5426.8000,5427.8000,5428.0000,5428.4000,5429.2000,1,1,1,5,1,1,2,2,2,1
SF,IC2006,2020-01-20 09:32:55.800,5426.8000,41619,1,524649840.000,1,1,0,双开,S,5426.8000,5426.6000,5426.4000,5426.0000,5421.6000,5427.8000,5428.0000,5428.4000,5429.2000,5429.6000,1,1,1,1,5,2,2,2,1,1
SF,IC2006,2020-01-20 09:32:56.300,5426.8000,41619,0,525735200.000,1,0,1,多换,S,5426.6000,5426.4000,5426.0000,5421.6000,5421.0000,5427.8000,5428.0000,5428.4000,5429.2000,5429.6000,1,1,1,5,1,2,2,2,1,1
SF,IC2006,2020-01-20 09:32:56.800,5426.8000,41619,0,525735200.000,0,-,-,-,-,5426.6000,5426.4000,5426.0000,5421.6000,5421.0000,5427.8000,5428.0000,5428.4000,5429.2000,5429.6000,1,1,1,5,1,3,2,2,1,1
SF,IC2006,2020-01-20 09:32:57.300,5426.8000,41619,0,525735200.000,0,-,-,-,-,5426.6000,5426.4000,5426.0000,5421.6000,5421.0000,5427.8000,5428.0000,5428.4000,5429.2000,5429.6000,1,1,1,5,1,3,2,2,1,1
SF,IC2006,2020-01-20 09:32:57.800,5426.8000,41619,0,525735200.000,0,-,-,-,-,5426.6000,5426.4000,5426.0000,5421.6000,5421.0000,5427.8000,5428.0000,5428.4000,5429.2000,5429.6000,2,1,1,5,1,3,2,2,1,1
SF,IC2006,2020-01-20 09:32:59.300,5426.8000,41619,0,525735200.000,0,-,-,-,-,5426.6000,5426.4000,5426.0000,5421.6000,5421.0000,5427.8000,5428.0000,5428.4000,5429.2000,5429.6000,2,1,1,5,1,3,2,2,1,1
SF,IC2006,2020-01-20 09:32:59.800,5426.8000,41619,0,525735200.000,0,-,-,-,-,5426.6000,5426.4000,5426.0000,5421.6000,5421.0000,5427.8000,5428.0000,5428.4000,5429.2000,5429.6000,2,1,1,5,1,3,2,2,1,1
SF,IC2006,2020-01-20 09:33:00.300,5426.8000,41619,0,525735200.000,0,-,-,-,-,5426.6000,5426.4000,5426.0000,5421.6000,5421.0000,5427.8000,5428.0000,5428.4000,5429.2000,5429.6000,2,1,1,5,1,3,2,2,1,1
SF,IC2006,2020-01-20 09:33:01.300,5426.6000,41618,-1,527905840.000,2,0,2,多平,S,5426.4000,5426.0000,5421.6000,5421.0000,5420.6000,5427.8000,5428.0000,5428.4000,5429.2000,5429.6000,1,1,5,1,1,3,2,2,1,1
SF,IC2006,2020-01-20 09:33:01.800,5426.6000,41617,-1,528991160.000,1,0,1,双平,S,5426.4000,5426.0000,5421.6000,5421.0000,5420.6000,5427.8000,5428.0000,5428.2000,5428.4000,5429.2000,1,1,5,1,1,3,2,2,2,1
SF,IC2006,2020-01-20 09:33:02.300,5426.4000,41616,-1,530076440.000,1,0,1,双平,S,5426.0000,5421.6000,5421.0000,5420.6000,5420.0000,5427.8000,5428.0000,5428.2000,5428.4000,5429.6000,1,5,1,1,2,3,2,2,2,1
SF,IC2006,2020-01-20 09:33:02.800,5426.4000,41616,0,530076440.000,0,-,-,-,-,5427.0000,5426.0000,5421.6000,5421.0000,5420.6000,5427.6000,5427.8000,5428.0000,5428.2000,5428.4000,2,1,5,1,1,1,3,2,2,2
SF,IC2006,2020-01-20 09:33:03.300,5426.4000,41616,0,530076440.000,0,-,-,-,-,5427.0000,5426.0000,5421.6000,5421.0000,5420.6000,5427.6000,5427.8000,5428.0000,5428.2000,5428.4000,2,1,5,1,1,3,3,2,2,2
SF,IC2006,2020-01-20 09:33:03.800,5427.6000,41616,0,531161960.000,1,0,1,多换,S,5427.0000,5426.0000,5421.6000,5421.0000,5420.6000,5427.6000,5427.8000,5428.0000,5428.2000,5428.4000,2,1,5,1,1,2,3,2,2,2
SF,IC2006,2020-01-20 09:33:04.800,5427.6000,41617,1,532247480.000,1,1,0,双开,S,5427.0000,5426.0000,5421.6000,5421.0000,5420.6000,5427.6000,5427.8000,5428.0000,5428.2000,5428.4000,2,1,5,1,1,1,3,2,2,2
SF,IC2006,2020-01-20 09:33:05.300,5427.8000,41614,-3,536589680.000,4,0,4,多平,S,5427.6000,5427.0000,5426.0000,5421.6000,5421.0000,5428.0000,5428.2000,5428.4000,5430.0000,5430.2000,2,2,1,5,1,2,2,2,1,1
SF,IC2006,2020-01-20 09:33:05.800,5428.2000,41610,-4,540932160.000,4,0,4,双平,S,5428.0000,5427.0000,5426.0000,5421.6000,5421.0000,5428.4000,5430.0000,5430.2000,5431.4000,5431.6000,4,2,1,5,1,2,1,1,1,5
SF,IC2006,2020-01-20 09:33:06.300,5428.2000,41607,-3,544189160.000,3,0,3,双平,S,5428.4000,5428.0000,5427.0000,5426.0000,5421.6000,5430.0000,5430.2000,5431.4000,5431.6000,5433.0000,2,2,2,1,5,1,1,1,5,1
SF,IC2006,2020-01-20 09:33:06.800,5428.2000,41607,0,544189160.000,0,-,-,-,-,5428.4000,5428.0000,5427.0000,5426.0000,5421.6000,5429.6000,5429.8000,5430.0000,5430.2000,5431.4000,1,2,2,1,5,1,1,1,1,1
SF,IC2006,2020-01-20 09:33:07.300,5430.0000,41605,-2,546361080.000,2,0,2,双平,S,5429.8000,5428.6000,5428.0000,5427.0000,5426.0000,5430.2000,5431.4000,5431.6000,5433.0000,5433.2000,2,1,2,2,1,1,1,5,1,2
SF,IC2006,2020-01-20 09:33:07.800,5430.2000,41604,-1,547447120.000,1,0,1,双平,S,5430.2000,5428.6000,5428.0000,5427.0000,5426.8000,5431.4000,5431.6000,5433.0000,5433.2000,5433.4000,2,1,2,2,1,1,5,1,2,5
SF,IC2006,2020-01-20 09:33:08.300,5428.6000,41604,0,548532840.000,1,0,1,多换,S,5428.0000,5427.0000,5426.8000,5426.0000,5421.6000,5431.2000,5431.4000,5431.6000,5433.0000,5433.2000,2,2,1,1,5,1,1,5,1,2
SF,IC2006,2020-01-20 09:33:08.800,5428.6000,41604,0,548532840.000,0,-,-,-,-,5428.4000,5428.2000,5428.0000,5427.0000,5426.8000,5430.2000,5431.2000,5431.4000,5431.6000,5433.0000,1,1,2,2,1,1,1,1,5,1
SF,IC2006,2020-01-20 09:33:09.300,5430.0000,41604,0,549618840.000,1,0,1,多换,S,5428.6000,5428.4000,5428.0000,5427.0000,5426.8000,5430.0000,5430.8000,5431.4000,5431.6000,5433.0000,2,1,2,2,1,1,1,1,5,1
SF,IC2006,2020-01-20 09:33:09.800,5430.0000,41605,1,550704840.000,1,1,0,双开,S,5428.6000,5428.4000,5428.0000,5427.0000,5426.8000,5431.4000,5431.6000,5433.0000,5433.2000,5433.4000,2,1,2,2,1,1,5,1,2,5
SF,IC2006,2020-01-20 09:33:10.300,5430.0000,41605,0,550704840.000,0,-,-,-,-,5428.6000,5428.4000,5428.0000,5427.0000,5426.0000,5431.2000,5431.4000,5431.6000,5433.0000,5433.2000,1,1,2,2,1,1,2,5,1,2
SF,IC2006,2020-01-20 09:33:10.800,5430.0000,41605,0,550704840.000,0,-,-,-,-,5428.6000,5428.4000,5428.0000,5427.0000,5426.0000,5431.2000,5431.4000,5431.6000,5433.0000,5433.2000,1,1,2,2,1,1,1,5,1,2
SF,IC2006,2020-01-20 09:33:11.300,5430.0000,41605,0,550704840.000,0,-,-,-,-,5428.6000,5428.4000,5428.0000,5427.0000,5426.0000,5431.2000,5431.4000,5431.6000,5433.0000,5433.2000,1,1,2,2,1,1,1,5,1,2
SF,IC2006,2020-01-20 09:33:12.300,5431.2000,41605,0,551791080.000,1,0,1,多换,S,5428.8000,5428.6000,5428.4000,5428.0000,5427.0000,5431.4000,5431.6000,5433.0000,5433.2000,5433.4000,1,1,1,2,2,1,5,1,2,5
SF,IC2006,2020-01-20 09:33:12.800,5431.2000,41605,0,551791080.000,0,-,-,-,-,5429.0000,5428.8000,5428.4000,5428.2000,5428.0000,5431.2000,5431.4000,5431.6000,5433.0000,5433.2000,2,1,1,2,2,1,1,5,1,2
SF,IC2006,2020-01-20 09:33:13.300,5431.2000,41605,0,551791080.000,0,-,-,-,-,5429.2000,5429.0000,5428.8000,5428.4000,5428.2000,5431.2000,5431.4000,5431.6000,5433.0000,5433.2000,1,2,1,1,2,2,1,5,1,2
SF,IC2006,2020-01-20 09:33:13.800,5431.2000,41605,0,551791080.000,0,-,-,-,-,5429.4000,5429.2000,5429.0000,5428.8000,5428.4000,5431.2000,5431.4000,5431.6000,5433.0000,5433.2000,2,1,1,1,1,1,1,5,1,2
SF,IC2006,2020-01-20 09:33:14.300,5431.2000,41605,0,551791080.000,0,-,-,-,-,5429.4000,5429.2000,5429.0000,5428.8000,5428.4000,5431.0000,5431.2000,5431.4000,5431.6000,5433.0000,2,1,1,1,1,1,2,1,5,1
SF,IC2006,2020-01-20 09:33:14.800,5431.2000,41605,0,551791080.000,0,-,-,-,-,5429.4000,5429.2000,5429.0000,5428.8000,5428.4000,5431.0000,5431.2000,5431.4000,5431.6000,5433.0000,1,1,1,1,1,1,2,1,5,1
SF,IC2006,2020-01-20 09:33:15.300,5431.2000,41605,0,551791080.000,0,-,-,-,-,5429.4000,5428.8000,5428.4000,5428.2000,5428.0000,5431.0000,5431.2000,5431.4000,5431.6000,5433.0000,1,1,1,2,2,1,2,1,5,1
SF,IC2006,2020-01-20 09:33:15.800,5431.2000,41605,0,551791080.000,0,-,-,-,-,5429.6000,5428.2000,5428.0000,5426.0000,5421.6000,5430.8000,5431.0000,5431.2000,5431.4000,5431.6000,1,2,2,1,5,1,1,2,1,5
SF,IC2006,2020-01-20 09:33:16.300,5429.6000,41604,-1,552877000.000,1,0,1,双平,S,5428.2000,5428.0000,5426.0000,5421.6000,5421.0000,5429.4000,5430.6000,5430.8000,5431.0000,5431.2000,2,2,1,5,1,1,2,1,1,2
SF,IC2006,2020-01-20 09:33:16.800,5429.4000,41604,0,553962880.000,1,0,1,多换,S,5428.4000,5428.2000,5428.0000,5426.0000,5421.6000,5430.6000,5430.8000,5431.0000,5431.2000,5431.4000,1,2,2,1,5,1,1,1,2,1
SF,IC2006,2020-01-20 09:33:17.300,5429.4000,41604,0,553962880.000,0,-,-,-,-,5429.8000,5428.6000,5428.4000,5428.0000,5426.0000,5430.4000,5430.6000,5430.8000,5431.0000,5431.2000,2,2,1,2,1,1,1,1,1,2
SF,IC2006,2020-01-20 09:33:17.800,5429.8000,41602,-2,556134800.000,2,0,2,双平,S,5428.6000,5428.4000,5428.0000,5426.0000,5421.6000,5429.6000,5430.4000,5431.2000,5431.4000,5431.6000,1,1,2,1,5,2,2,2,1,5
SF,IC2006,2020-01-20 09:33:18.300,5429.8000,41602,0,556134800.000,0,-,-,-,-,5428.8000,5428.6000,5428.0000,5426.0000,5421.6000,5430.4000,5431.2000,5431.4000,5431.6000,5433.0000,1,1,2,1,5,2,2,1,5,1
SF,IC2006,2020-01-20 09:33:18.800,5430.4000,41602,0,557220880.000,1,0,1,多换,S,5428.8000,5428.0000,5426.0000,5421.6000,5421.0000,5430.4000,5431.0000,5431.2000,5431.4000,5431.6000,1,2,1,5,1,1,1,2,1,5
SF,IC2006,2020-01-20 09:33:19.800,5430.4000,41602,0,557220880.000,0,-,-,-,-,5429.0000,5428.8000,5428.0000,5426.0000,5421.6000,5430.2000,5430.4000,5431.0000,5431.2000,5431.4000,2,1,2,1,5,1,1,1,2,1
SF,IC2006,2020-01-20 09:33:20.300,5430.4000,41602,0,557220880.000,0,-,-,-,-,5429.2000,5429.0000,5428.0000,5426.0000,5421.6000,5430.2000,5430.4000,5431.0000,5431.2000,5431.4000,1,2,2,1,5,1,1,1,2,1
SF,IC2006,2020-01-20 09:33:20.800,5430.4000,41602,0,557220880.000,0,-,-,-,-,5429.2000,5429.0000,5428.0000,5426.0000,5421.6000,5430.2000,5431.0000,5431.2000,5431.4000,5431.6000,1,2,2,1,5,1,1,2,1,5
SF,IC2006,2020-01-20 09:33:21.300,5430.4000,41602,0,557220880.000,0,-,-,-,-,5429.2000,5429.0000,5428.0000,5426.0000,5421.6000,5431.0000,5431.2000,5431.4000,5431.6000,5433.0000,1,2,2,1,5,1,2,1,5,1
SF,IC2006,2020-01-20 09:33:21.800,5430.4000,41602,0,557220880.000,0,-,-,-,-,5429.2000,5429.0000,5428.0000,5426.0000,5421.6000,5431.0000,5431.2000,5431.4000,5431.6000,5433.0000,1,1,2,1,5,2,2,1,5,1
SF,IC2006,2020-01-20 09:33:22.300,5429.2000,41602,0,558306720.000,1,0,1,多换,S,5429.0000,5428.0000,5426.0000,5421.6000,5421.0000,5431.0000,5431.2000,5431.4000,5431.6000,5433.0000,1,2,1,5,1,2,2,1,5,1
SF,IC2006,2020-01-20 09:33:22.800,5429.2000,41602,0,558306720.000,0,-,-,-,-,5429.2000,5429.0000,5428.0000,5426.0000,5421.6000,5431.0000,5431.2000,5431.4000,5431.6000,5433.0000,1,1,2,1,5,2,2,1,5,1
SF,IC2006,2020-01-20 09:33:23.300,5429.2000,41602,0,558306720.000,0,-,-,-,-,5429.4000,5429.2000,5429.0000,5428.0000,5426.0000,5431.0000,5431.2000,5431.4000,5431.6000,5433.0000,1,1,1,2,1,2,2,1,5,1
SF,IC2006,2020-01-20 09:33:23.800,5429.2000,41602,0,558306720.000,0,-,-,-,-,5429.6000,5429.4000,5429.0000,5428.0000,5426.0000,5431.0000,5431.2000,5431.4000,5431.6000,5433.0000,1,1,1,2,1,2,2,1,5,1
SF,IC2006,2020-01-20 09:33:24.300,5429.2000,41602,0,558306720.000,0,-,-,-,-,5429.6000,5429.4000,5429.0000,5428.0000,5426.0000,5431.0000,5431.2000,5431.4000,5431.6000,5433.0000,1,1,1,2,1,1,2,1,5,1
SF,IC2006,2020-01-20 09:33:24.800,5429.2000,41602,0,558306720.000,0,-,-,-,-,5429.6000,5429.4000,5429.0000,5428.0000,5426.0000,5431.0000,5431.2000,5431.4000,5431.6000,5433.0000,1,1,1,2,1,1,2,1,5,1
SF,IC2006,2020-01-20 09:33:25.300,5431.0000,41602,0,559392920.000,1,0,1,多换,S,5429.8000,5429.6000,5429.4000,5428.0000,5426.0000,5431.0000,5431.2000,5431.4000,5431.6000,5433.0000,1,1,1,2,1,1,2,1,5,1
SF,IC2006,2020-01-20 09:33:25.800,5431.2000,41602,0,561565360.000,2,1,1,多换,S,5430.0000,5429.8000,5429.4000,5428.0000,5426.0000,5431.2000,5431.4000,5431.6000,5433.0000,5433.2000,1,1,1,2,1,1,1,5,1,2
SF,IC2006,2020-01-20 09:33:26.300,5431.2000,41602,0,561565360.000,0,-,-,-,-,5430.0000,5429.8000,5428.0000,5426.0000,5421.6000,5431.2000,5431.4000,5431.6000,5433.0000,5433.2000,1,1,2,1,5,1,1,5,1,2
SF,IC2006,2020-01-20 09:33:27.300,5431.2000,41602,0,561565360.000,0,-,-,-,-,5430.2000,5430.0000,5429.8000,5428.0000,5426.0000,5431.2000,5431.4000,5431.6000,5433.0000,5433.2000,1,1,1,2,1,1,1,5,1,2
SF,IC2006,2020-01-20 09:33:27.800,5431.2000,41602,0,561565360.000,0,-,-,-,-,5430.4000,5430.2000,5429.8000,5428.0000,5426.0000,5431.2000,5431.4000,5431.6000,5433.0000,5433.2000,1,1,1,2,1,1,1,5,1,2
SF,IC2006,2020-01-20 09:33:28.300,5431.2000,41602,0,561565360.000,0,-,-,-,-,5430.4000,5430.2000,5426.0000,5421.6000,5421.0000,5431.2000,5431.4000,5431.6000,5433.0000,5433.2000,1,1,1,5,1,1,1,5,1,2
SF,IC2006,2020-01-20 09:33:29.300,5431.2000,41602,0,561565360.000,0,-,-,-,-,5430.4000,5426.0000,5421.6000,5421.0000,5420.6000,5431.2000,5431.4000,5431.6000,5433.0000,5433.2000,1,1,5,1,1,1,1,5,1,2
SF,IC2006,2020-01-20 09:33:29.800,5430.6000,41602,0,562651480.000,1,0,1,多换,S,5426.0000,5421.6000,5421.0000,5420.6000,5420.0000,5430.4000,5431.2000,5431.4000,5431.6000,5433.0000,1,5,1,1,2,1,1,1,5,1
SF,IC2006,2020-01-20 09:33:30.300,5430.4000,41602,0,563737560.000,1,0,1,多换,S,5428.8000,5428.6000,5428.0000,5427.0000,5426.4000,5430.2000,5431.2000,5431.4000,5431.6000,5433.0000,1,1,2,2,2,1,1,1,5,1
SF,IC2006,2020-01-20 09:33:30.800,5430.2000,41601,-1,564823600.000,1,0,1,双平,S,5429.0000,5428.6000,5428.0000,5427.0000,5426.4000,5431.2000,5431.4000,5431.6000,5433.0000,5433.2000,2,1,1,2,1,1,1,5,1,2
SF,IC2006,2020-01-20 09:33:31.300,5430.2000,41601,0,564823600.000,0,-,-,-,-,5429.0000,5428.0000,5426.6000,5426.2000,5426.0000,5429.8000,5431.2000,5431.4000,5431.6000,5433.0000,2,1,1,1,1,1,2,1,5,1
SF,IC2006,2020-01-20 09:33:31.800,5429.8000,41601,0,565909560.000,1,0,1,多换,S,5429.8000,5429.4000,5429.0000,5428.0000,5426.6000,5431.2000,5431.4000,5431.6000,5433.0000,5433.2000,2,1,2,1,1,2,1,5,1,2
SF,IC2006,2020-01-20 09:33:32.300,5429.8000,41601,0,565909560.000,0,-,-,-,-,5430.0000,5429.8000,5429.4000,5429.0000,5428.0000,5431.2000,5431.4000,5431.6000,5433.0000,5433.2000,1,2,1,1,1,2,1,5,1,2
SF,IC2006,2020-01-20 09:33:32.800,5429.8000,41601,0,565909560.000,0,-,-,-,-,5430.0000,5429.8000,5429.4000,5429.0000,5428.0000,5431.2000,5431.4000,5431.6000,5433.0000,5433.2000,1,2,1,1,1,1,1,5,1,2
SF,IC2006,2020-01-20 09:33:33.300,5429.8000,41601,0,565909560.000,0,-,-,-,-,5430.0000,5429.8000,5429.4000,5429.0000,5428.0000,5431.2000,5431.4000,5431.6000,5433.0000,5433.2000,1,2,1,1,1,3,1,5,1,2
SF,IC2006,2020-01-20 09:33:34.800,5429.8000,41601,0,565909560.000,0,-,-,-,-,5430.2000,5430.0000,5429.8000,5429.4000,5429.0000,5431.2000,5431.4000,5431.6000,5433.0000,5433.2000,1,1,2,1,1,3,1,5,1,2
SF,IC2006,2020-01-20 09:33:35.300,5429.8000,41601,0,565909560.000,0,-,-,-,-,5430.4000,5430.2000,5429.8000,5429.4000,5429.0000,5431.2000,5431.4000,5431.6000,5433.0000,5433.2000,1,1,2,1,1,3,1,5,1,2
SF,IC2006,2020-01-20 09:33:36.300,5430.4000,41600,-1,568081880.000,2,0,2,多平,S,5430.2000,5429.8000,5429.4000,5429.0000,5428.0000,5431.2000,5431.4000,5431.6000,5433.0000,5433.2000,1,2,1,1,1,2,1,5,1,2
SF,IC2006,2020-01-20 09:33:36.800,5431.2000,41600,0,570254360.000,2,1,1,多换,S,5431.2000,5430.2000,5429.4000,5429.0000,5428.0000,5431.4000,5431.6000,5433.0000,5433.2000,5433.4000,3,1,1,1,1,1,5,1,2,5
SF,IC2006,2020-01-20 09:33:37.300,5431.2000,41600,0,573513080.000,3,1,2,多换,S,5430.2000,5429.4000,5429.0000,5428.0000,5427.2000,5431.0000,5431.2000,5431.4000,5431.6000,5433.0000,1,1,1,1,1,1,2,2,5,1
SF,IC2006,2020-01-20 09:33:37.800,5431.2000,41600,0,573513080.000,0,-,-,-,-,5430.2000,5429.4000,5429.0000,5428.0000,5427.2000,5431.0000,5431.2000,5431.4000,5431.6000,5433.0000,1,1,1,1,1,1,2,2,5,1
SF,IC2006,2020-01-20 09:33:38.300,5431.2000,41600,0,573513080.000,0,-,-,-,-,5430.2000,5429.4000,5429.0000,5428.0000,5427.2000,5431.0000,5431.2000,5431.4000,5431.6000,5433.0000,1,1,1,1,1,2,2,2,5,1
SF,IC2006,2020-01-20 09:33:38.800,5431.2000,41600,0,573513080.000,0,-,-,-,-,5429.4000,5429.0000,5428.0000,5427.2000,5426.0000,5431.0000,5431.2000,5431.4000,5431.6000,5433.0000,1,1,1,1,1,2,2,2,5,1
SF,IC2006,2020-01-20 09:33:39.300,5431.2000,41600,0,573513080.000,0,-,-,-,-,5429.6000,5429.4000,5429.0000,5428.0000,5427.2000,5431.0000,5431.2000,5431.4000,5431.6000,5433.0000,2,1,1,1,1,2,2,2,5,1
SF,IC2006,2020-01-20 09:33:39.800,5431.2000,41600,0,573513080.000,0,-,-,-,-,5430.2000,5429.6000,5429.0000,5428.0000,5427.2000,5431.0000,5431.2000,5431.4000,5431.6000,5433.0000,1,2,1,1,1,3,2,2,5,1
SF,IC2006,2020-01-20 09:33:40.300,5431.6000,41602,2,587634680.000,13,7,6,空开,S,5431.8000,5430.4000,5430.2000,5429.6000,5429.0000,5433.0000,5433.2000,5433.4000,5433.8000,5434.4000,7,1,1,2,1,1,2,5,10,5
SF,IC2006,2020-01-20 09:33:40.800,5431.8000,41603,1,595239200.000,7,4,3,空开,S,5430.4000,5430.2000,5429.6000,5429.0000,5428.0000,5432.0000,5432.8000,5433.0000,5433.2000,5433.4000,1,1,1,1,1,1,1,1,2,5
SF,IC2006,2020-01-20 09:33:41.300,5431.8000,41603,0,595239200.000,0,-,-,-,-,5430.6000,5430.4000,5430.2000,5429.6000,5429.0000,5431.2000,5431.8000,5433.0000,5433.2000,5433.4000,1,1,1,1,1,1,1,1,2,5
SF,IC2006,2020-01-20 09:33:41.800,5430.4000,41600,-3,600669800.000,5,1,4,多平,S,5430.2000,5429.6000,5429.0000,5428.0000,5427.2000,5430.4000,5431.8000,5433.0000,5433.2000,5433.4000,1,1,1,1,1,4,1,1,2,5
SF,IC2006,2020-01-20 09:33:42.300,5430.4000,41595,-5,606100160.000,5,0,5,双平,S,5430.6000,5430.4000,5429.0000,5428.0000,5427.2000,5431.8000,5433.0000,5433.2000,5433.4000,5433.8000,1,2,1,1,1,1,1,2,5,10
SF,IC2006,2020-01-20 09:33:43.800,5430.4000,41595,0,606100160.000,0,-,-,-,-,5430.6000,5430.4000,5429.0000,5428.0000,5427.2000,5431.8000,5433.0000,5433.2000,5433.4000,5433.8000,1,2,1,1,1,2,1,2,5,10
SF,IC2006,2020-01-20 09:33:44.300,5431.8000,41595,0,607186520.000,1,0,1,多换,S,5430.6000,5430.4000,5429.0000,5428.0000,5427.2000,5433.0000,5433.2000,5433.4000,5433.8000,5434.4000,1,2,1,1,1,1,2,5,10,5
SF,IC2006,2020-01-20 09:33:44.800,5431.8000,41595,0,607186520.000,0,-,-,-,-,5430.8000,5430.6000,5430.4000,5429.0000,5428.0000,5432.0000,5432.8000,5433.0000,5433.2000,5433.4000,1,1,2,1,1,1,4,1,3,5
SF,IC2006,2020-01-20 09:33:45.300,5431.8000,41595,0,607186520.000,0,-,-,-,-,5430.8000,5430.6000,5430.4000,5429.0000,5428.0000,5431.8000,5432.0000,5432.8000,5433.0000,5433.2000,1,1,2,1,1,2,1,2,1,3
SF,IC2006,2020-01-20 09:33:45.800,5431.8000,41595,0,607186520.000,0,-,-,-,-,5430.8000,5430.6000,5430.4000,5429.0000,5428.0000,5431.6000,5431.8000,5432.8000,5433.0000,5433.2000,1,1,2,1,1,2,1,1,1,3
SF,IC2006,2020-01-20 09:33:46.300,5431.8000,41595,0,608272880.000,1,0,1,多换,S,5430.8000,5430.6000,5430.4000,5429.0000,5428.0000,5431.6000,5432.8000,5433.0000,5433.2000,5433.4000,3,1,2,1,1,1,1,1,3,5
SF,IC2006,2020-01-20 09:33:47.800,5431.8000,41595,0,608272880.000,0,-,-,-,-,5430.8000,5430.6000,5430.4000,5429.0000,5428.0000,5432.8000,5433.0000,5433.2000,5433.4000,5433.8000,3,1,2,1,1,1,1,3,5,10
SF,IC2006,2020-01-20 09:33:48.300,5431.8000,41595,0,608272880.000,0,-,-,-,-,5431.6000,5430.8000,5430.6000,5430.4000,5429.0000,5432.6000,5432.8000,5433.0000,5433.2000,5433.4000,1,3,1,2,1,2,3,1,3,5
SF,IC2006,2020-01-20 09:33:48.800,5431.8000,41595,0,608272880.000,0,-,-,-,-,5431.6000,5430.8000,5430.6000,5430.4000,5429.0000,5432.4000,5432.6000,5432.8000,5433.0000,5433.2000,1,3,1,2,1,1,1,2,1,2
SF,IC2006,2020-01-20 09:33:49.300,5432.4000,41595,0,609359360.000,1,0,1,多换,S,5432.4000,5431.8000,5431.6000,5430.8000,5430.6000,5432.8000,5433.0000,5433.2000,5433.4000,5433.8000,1,1,1,2,1,1,1,2,5,10
SF,IC2006,2020-01-20 09:33:49.800,5432.4000,41596,1,610445840.000,1,1,0,双开,S,5431.8000,5431.6000,5430.8000,5430.6000,5430.4000,5432.4000,5432.8000,5433.0000,5433.2000,5433.4000,1,1,2,1,2,1,2,1,2,5
SF,IC2006,2020-01-20 09:33:50.300,5431.8000,41595,-1,611532200.000,1,0,1,双平,S,5432.4000,5431.6000,5430.8000,5430.6000,5430.4000,5432.8000,5433.0000,5433.2000,5433.4000,5433.8000,1,1,2,1,2,1,1,2,5,10
SF,IC2006,2020-01-20 09:33:50.800,5432.4000,41595,0,612618680.000,1,0,1,多换,S,5431.6000,5430.8000,5430.6000,5430.4000,5429.0000,5432.4000,5432.8000,5433.0000,5433.2000,5433.4000,1,2,1,2,1,1,1,1,2,5
SF,IC2006,2020-01-20 09:33:51.300,5432.4000,41595,0,613705160.000,1,0,1,多换,S,5431.6000,5430.8000,5430.6000,5430.4000,5429.0000,5432.8000,5433.0000,5433.2000,5433.4000,5433.8000,1,2,1,2,1,1,1,2,5,10
SF,IC2006,2020-01-20 09:33:51.800,5432.8000,41595,0,614791720.000,1,0,1,多换,S,5432.8000,5431.8000,5431.6000,5430.8000,5430.6000,5433.0000,5433.2000,5433.4000,5433.8000,5434.4000,4,1,1,2,1,1,2,5,10,5
SF,IC2006,2020-01-20 09:33:52.300,5432.8000,41592,-3,618051400.000,3,0,3,双平,S,5432.8000,5431.8000,5431.6000,5430.8000,5430.6000,5433.0000,5433.2000,5433.4000,5433.8000,5434.4000,1,1,1,2,1,2,2,5,10,5
SF,IC2006,2020-01-20 09:33:52.800,5432.8000,41591,-1,619137960.000,1,0,1,双平,S,5431.8000,5431.6000,5430.8000,5430.6000,5429.0000,5432.8000,5433.0000,5433.2000,5433.4000,5433.8000,1,1,2,1,1,2,2,2,5,10
SF,IC2006,2020-01-20 09:33:53.300,5431.8000,41590,-1,620224320.000,1,0,1,双平,S,5431.6000,5430.8000,5430.6000,5429.0000,5428.0000,5431.8000,5432.8000,5433.0000,5433.2000,5433.4000,1,2,1,1,1,1,1,2,2,5
SF,IC2006,2020-01-20 09:33:53.800,5431.8000,41589,-1,621310680.000,1,0,1,双平,S,5432.0000,5431.8000,5431.6000,5430.8000,5430.6000,5432.8000,5433.0000,5433.2000,5433.4000,5433.8000,3,1,1,2,1,1,2,2,5,10
SF,IC2006,2020-01-20 09:33:54.300,5431.8000,41589,0,621310680.000,0,-,-,-,-,5432.0000,5431.8000,5431.6000,5430.8000,5430.6000,5432.6000,5432.8000,5433.0000,5433.2000,5433.4000,3,1,1,2,1,1,1,2,2,5
SF,IC2006,2020-01-20 09:33:54.800,5432.0000,41589,0,622397080.000,1,0,1,多换,S,5431.6000,5430.8000,5430.6000,5429.0000,5428.0000,5432.6000,5432.8000,5433.0000,5433.2000,5433.4000,1,2,1,1,1,1,1,2,2,5
SF,IC2006,2020-01-20 09:33:55.300,5432.0000,41589,0,622397080.000,0,-,-,-,-,5432.0000,5431.6000,5430.6000,5429.0000,5428.0000,5432.6000,5432.8000,5433.0000,5433.2000,5433.4000,2,1,1,1,1,2,1,2,2,5
SF,IC2006,2020-01-20 09:33:55.800,5432.0000,41588,-1,623483480.000,1,0,1,双平,S,5432.0000,5431.6000,5430.6000,5429.0000,5428.0000,5432.6000,5432.8000,5433.0000,5433.2000,5433.4000,1,1,1,1,1,2,1,2,2,5
SF,IC2006,2020-01-20 09:33:56.300,5432.0000,41588,0,624569880.000,1,0,1,多换,S,5431.6000,5430.6000,5429.0000,5428.0000,5426.0000,5432.6000,5432.8000,5433.0000,5433.2000,5433.4000,1,1,1,1,1,2,1,2,2,5
SF,IC2006,2020-01-20 09:33:57.800,5432.0000,41588,0,624569880.000,0,-,-,-,-,5431.6000,5430.6000,5429.0000,5428.0000,5426.0000,5432.4000,5432.6000,5432.8000,5433.0000,5433.2000,1,1,1,1,1,1,2,1,2,2
SF,IC2006,2020-01-20 09:33:58.300,5432.0000,41588,0,624569880.000,0,-,-,-,-,5431.6000,5430.6000,5429.0000,5428.0000,5426.0000,5432.2000,5432.4000,5432.8000,5433.0000,5433.2000,1,1,1,1,1,2,1,1,2,2
SF,IC2006,2020-01-20 09:33:59.300,5432.2000,41587,-1,625656320.000,1,0,1,双平,S,5431.6000,5430.6000,5429.0000,5428.0000,5426.0000,5432.2000,5432.4000,5432.8000,5433.0000,5433.2000,1,1,1,1,1,1,1,1,2,2
SF,IC2006,2020-01-20 09:34:00.800,5432.2000,41587,0,626742760.000,1,0,1,多换,S,5431.6000,5430.6000,5429.0000,5428.0000,5426.0000,5432.4000,5432.8000,5433.0000,5433.2000,5433.4000,1,1,1,1,1,1,1,2,2,5
SF,IC2006,2020-01-20 09:34:01.300,5432.2000,41587,0,626742760.000,0,-,-,-,-,5431.8000,5431.6000,5430.6000,5429.0000,5428.0000,5432.2000,5432.4000,5432.8000,5433.0000,5433.2000,1,1,1,1,1,1,2,1,2,2
SF,IC2006,2020-01-20 09:34:01.800,5432.2000,41587,0,626742760.000,0,-,-,-,-,5431.8000,5431.6000,5430.6000,5429.0000,5428.0000,5432.2000,5432.4000,5432.8000,5433.0000,5433.2000,1,1,1,1,1,1,1,1,2,2
SF,IC2006,2020-01-20 09:34:02.300,5432.2000,41586,-1,627829200.000,1,0,1,双平,S,5431.8000,5431.6000,5430.6000,5429.0000,5428.0000,5432.4000,5432.8000,5433.0000,5433.2000,5433.4000,1,1,1,1,1,1,1,2,2,5
SF,IC2006,2020-01-20 09:34:02.800,5432.2000,41586,0,627829200.000,0,-,-,-,-,5431.8000,5431.6000,5430.6000,5429.0000,5428.0000,5432.2000,5432.4000,5432.8000,5433.0000,5433.2000,1,1,1,1,1,1,1,1,2,2
SF,IC2006,2020-01-20 09:34:03.300,5432.2000,41587,1,628915640.000,1,1,0,双开,S,5431.8000,5431.6000,5430.6000,5429.0000,5428.0000,5432.4000,5432.8000,5433.0000,5433.2000,5433.4000,1,1,1,1,1,1,1,2,2,5
SF,IC2006,2020-01-20 09:34:04.300,5432.4000,41587,0,630002120.000,1,0,1,多换,S,5432.4000,5431.8000,5431.6000,5430.6000,5429.0000,5432.8000,5433.0000,5433.2000,5433.4000,5433.8000,2,1,1,1,1,1,2,2,5,10
SF,IC2006,2020-01-20 09:34:04.800,5433.2000,41586,-1,634348520.000,4,1,3,多平,S,5432.8000,5432.4000,5431.8000,5431.6000,5430.6000,5433.2000,5433.4000,5433.8000,5434.4000,5435.0000,1,2,1,1,1,1,5,10,5,5
SF,IC2006,2020-01-20 09:34:05.300,5433.2000,41585,-1,635435160.000,1,0,1,双平,S,5432.8000,5432.4000,5431.8000,5431.6000,5430.6000,5433.4000,5433.8000,5434.4000,5435.0000,5437.8000,1,2,1,1,1,5,10,5,5,2
SF,IC2006,2020-01-20 09:34:05.800,5433.4000,41582,-3,638695200.000,3,0,3,双平,S,5432.8000,5432.4000,5431.8000,5431.6000,5430.6000,5433.4000,5433.8000,5434.4000,5435.0000,5437.8000,1,2,1,1,1,2,10,5,5,2
SF,IC2006,2020-01-20 09:34:06.300,5433.4000,41580,-2,640868560.000,2,0,2,双平,S,5433.0000,5432.8000,5432.4000,5431.8000,5431.6000,5433.8000,5434.4000,5435.0000,5437.8000,5438.0000,1,1,2,1,1,10,5,5,2,2
SF,IC2006,2020-01-20 09:34:06.800,5432.8000,41578,-2,643041720.000,2,0,2,双平,S,5432.4000,5431.8000,5431.6000,5430.6000,5428.0000,5433.8000,5434.4000,5435.0000,5437.8000,5438.0000,2,1,1,1,1,10,5,5,2,2
SF,IC2006,2020-01-20 09:34:07.300,5432.8000,41578,0,643041720.000,0,-,-,-,-,5431.8000,5431.6000,5430.6000,5428.0000,5426.0000,5433.6000,5433.8000,5434.4000,5435.0000,5437.8000,1,1,1,1,1,2,10,5,5,2
SF,IC2006,2020-01-20 09:34:07.800,5432.8000,41578,0,643041720.000,0,-,-,-,-,5432.0000,5431.6000,5430.6000,5428.0000,5426.0000,5433.4000,5433.6000,5433.8000,5434.4000,5435.0000,1,1,1,1,1,1,2,10,5,5
SF,IC2006,2020-01-20 09:34:08.300,5432.8000,41578,0,643041720.000,0,-,-,-,-,5431.6000,5430.6000,5428.0000,5426.0000,5421.6000,5433.2000,5433.4000,5433.6000,5433.8000,5434.4000,1,1,1,1,5,1,1,1,10,5
SF,IC2006,2020-01-20 09:34:08.800,5432.8000,41578,0,643041720.000,0,-,-,-,-,5431.8000,5431.6000,5430.6000,5428.0000,5426.0000,5433.0000,5433.2000,5433.4000,5433.6000,5433.8000,1,1,1,1,1,1,1,1,1,10
SF,IC2006,2020-01-20 09:34:09.300,5432.8000,41578,0,643041720.000,0,-,-,-,-,5431.8000,5431.6000,5430.6000,5428.0000,5426.0000,5433.0000,5433.2000,5433.4000,5433.8000,5434.4000,1,1,1,1,1,1,1,1,10,5
SF,IC2006,2020-01-20 09:34:09.800,5432.8000,41578,0,643041720.000,0,-,-,-,-,5432.0000,5431.8000,5431.6000,5430.6000,5428.0000,5433.0000,5433.2000,5433.4000,5433.8000,5434.4000,1,1,1,1,1,1,1,1,10,5
SF,IC2006,2020-01-20 09:34:10.300,5432.8000,41578,0,644128280.000,1,0,1,多换,S,5432.0000,5431.8000,5431.6000,5430.6000,5428.0000,5433.2000,5433.4000,5433.8000,5434.4000,5435.0000,1,1,1,1,1,1,1,10,5,5
SF,IC2006,2020-01-20 09:34:10.800,5432.8000,41578,0,644128280.000,0,-,-,-,-,5432.2000,5432.0000,5431.6000,5430.6000,5428.0000,5433.2000,5433.8000,5434.4000,5435.0000,5437.8000,1,1,1,1,1,1,10,5,5,2
SF,IC2006,2020-01-20 09:34:11.800,5432.2000,41577,-1,645214720.000,1,0,1,双平,S,5431.6000,5430.6000,5428.0000,5426.0000,5421.6000,5433.2000,5433.8000,5434.4000,5435.0000,5437.8000,1,1,1,1,5,1,10,5,5,2
SF,IC2006,2020-01-20 09:34:12.300,5432.2000,41577,0,645214720.000,0,-,-,-,-,5431.6000,5430.6000,5428.0000,5426.0000,5421.6000,5433.0000,5433.2000,5433.8000,5434.4000,5435.0000,1,1,1,1,5,2,1,10,5,5
SF,IC2006,2020-01-20 09:34:12.800,5432.8000,41577,0,646301280.000,1,0,1,多换,S,5431.6000,5430.6000,5428.0000,5426.0000,5421.6000,5433.0000,5433.8000,5434.4000,5435.0000,5437.8000,1,1,1,1,5,1,10,5,5,2
SF,IC2006,2020-01-20 09:34:13.300,5432.8000,41577,0,646301280.000,0,-,-,-,-,5431.6000,5430.6000,5428.0000,5426.0000,5421.6000,5432.8000,5433.0000,5433.8000,5434.4000,5435.0000,2,1,1,1,5,1,3,10,5,5
SF,IC2006,2020-01-20 09:34:13.800,5432.8000,41577,0,646301280.000,0,-,-,-,-,5431.8000,5431.6000,5430.6000,5428.0000,5426.0000,5432.8000,5433.0000,5433.8000,5434.4000,5435.0000,1,2,1,1,1,2,3,10,5,5
SF,IC2006,2020-01-20 09:34:14.300,5432.8000,41577,0,647387840.000,1,0,1,多换,S,5431.8000,5431.6000,5430.6000,5428.0000,5426.0000,5432.8000,5433.0000,5433.8000,5434.4000,5435.0000,2,2,1,1,1,1,1,10,5,5
SF,IC2006,2020-01-20 09:34:14.800,5432.8000,41577,0,647387840.000,0,-,-,-,-,5432.0000,5431.8000,5431.6000,5430.6000,5428.0000,5432.8000,5433.0000,5433.8000,5434.4000,5435.0000,2,1,1,1,1,1,1,10,5,5
SF,IC2006,2020-01-20 09:34:15.300,5432.8000,41577,0,648474400.000,1,0,1,多换,S,5432.8000,5432.0000,5431.6000,5430.6000,5428.0000,5433.0000,5433.8000,5434.4000,5435.0000,5437.8000,3,2,1,1,1,1,10,5,5,2
SF,IC2006,2020-01-20 09:34:15.800,5433.0000,41576,-1,649561000.000,1,0,1,双平,S,5433.0000,5432.8000,5432.0000,5431.6000,5430.6000,5433.8000,5434.4000,5435.0000,5437.8000,5438.0000,1,2,2,1,1,10,5,5,2,2
SF,IC2006,2020-01-20 09:34:16.300,5433.0000,41576,0,649561000.000,0,-,-,-,-,5432.8000,5432.0000,5431.6000,5430.6000,5428.0000,5433.8000,5434.4000,5435.0000,5437.8000,5438.0000,3,2,1,1,1,11,5,5,2,2
SF,IC2006,2020-01-20 09:34:16.800,5433.0000,41576,0,649561000.000,0,-,-,-,-,5432.8000,5432.0000,5431.6000,5430.6000,5428.0000,5433.8000,5434.4000,5435.0000,5437.8000,5438.0000,2,1,1,1,1,11,5,5,2,2
SF,IC2006,2020-01-20 09:34:17.300,5432.8000,41576,0,651734120.000,2,1,1,多换,S,5432.0000,5431.6000,5430.6000,5428.0000,5426.0000,5432.8000,5433.8000,5434.4000,5435.0000,5437.8000,1,1,1,1,1,1,11,5,5,2
SF,IC2006,2020-01-20 09:34:17.800,5433.8000,41576,0,652820880.000,1,0,1,多换,S,5432.0000,5431.6000,5430.6000,5428.0000,5426.0000,5433.8000,5434.4000,5435.0000,5437.8000,5438.0000,1,1,1,1,1,10,5,5,2,2
SF,IC2006,2020-01-20 09:34:18.300,5433.8000,41576,0,652820880.000,0,-,-,-,-,5432.2000,5432.0000,5431.6000,5430.6000,5428.0000,5433.6000,5433.8000,5434.4000,5435.0000,5437.8000,2,1,1,1,1,1,10,5,5,2
SF,IC2006,2020-01-20 09:34:18.800,5433.8000,41575,-1,653907640.000,1,0,1,双平,S,5432.4000,5432.2000,5431.6000,5430.6000,5428.0000,5433.6000,5433.8000,5434.4000,5435.0000,5437.8000,1,2,1,1,1,1,9,5,5,2
SF,IC2006,2020-01-20 09:34:19.300,5433.8000,41575,0,653907640.000,0,-,-,-,-,5432.8000,5432.4000,5432.2000,5431.6000,5430.6000,5433.6000,5433.8000,5434.4000,5435.0000,5437.8000,3,1,1,1,1,1,9,5,5,2
SF,IC2006,2020-01-20 09:34:19.800,5433.8000,41575,0,654994400.000,1,0,1,多换,S,5432.8000,5432.6000,5432.4000,5431.6000,5431.4000,5433.8000,5434.4000,5435.0000,5437.8000,5438.0000,3,1,1,1,1,9,5,5,2,2
SF,IC2006,2020-01-20 09:34:20.300,5433.0000,41575,0,656081000.000,1,0,1,多换,S,5432.8000,5431.6000,5431.4000,5430.6000,5428.0000,5433.8000,5434.4000,5435.0000,5437.8000,5438.0000,3,1,1,1,1,9,5,5,2,2
SF,IC2006,2020-01-20 09:34:21.300,5433.0000,41575,0,656081000.000,0,-,-,-,-,5432.8000,5431.6000,5430.6000,5428.0000,5426.0000,5433.8000,5434.4000,5435.0000,5437.8000,5438.0000,3,1,1,1,1,10,5,5,2,2
SF,IC2006,2020-01-20 09:34:21.800,5432.8000,41575,0,657167560.000,1,0,1,多换,S,5432.8000,5431.6000,5430.6000,5428.0000,5426.0000,5433.8000,5434.4000,5435.0000,5437.8000,5438.0000,2,1,1,1,1,10,5,5,2,2
SF,IC2006,2020-01-20 09:34:22.300,5432.8000,41573,-2,659340680.000,2,0,2,双平,S,5431.6000,5430.6000,5428.0000,5426.0000,5421.6000,5433.8000,5434.4000,5435.0000,5437.8000,5438.0000,1,1,1,1,5,10,5,5,2,2
SF,IC2006,2020-01-20 09:34:22.800,5432.8000,41573,0,659340680.000,0,-,-,-,-,5431.8000,5431.6000,5430.6000,5428.0000,5426.0000,5433.6000,5433.8000,5434.4000,5435.0000,5437.8000,1,1,1,1,1,2,10,5,5,2
SF,IC2006,2020-01-20 09:34:23.300,5432.8000,41573,0,659340680.000,0,-,-,-,-,5431.6000,5430.6000,5428.0000,5426.0000,5421.6000,5433.6000,5433.8000,5434.4000,5435.0000,5437.8000,1,1,1,1,5,3,10,5,5,2
SF,IC2006,2020-01-20 09:34:23.800,5433.4000,41573,0,660427360.000,1,0,1,多换,S,5431.8000,5431.6000,5430.6000,5430.0000,5428.0000,5433.4000,5433.6000,5433.8000,5434.4000,5435.0000,1,1,1,1,1,1,3,10,5,5
SF,IC2006,2020-01-20 09:34:24.300,5433.4000,41573,0,660427360.000,0,-,-,-,-,5431.8000,5431.6000,5430.6000,5430.0000,5428.0000,5433.2000,5433.6000,5433.8000,5434.4000,5435.0000,1,1,1,1,1,2,2,10,5,5
SF,IC2006,2020-01-20 09:34:24.800,5433.4000,41573,0,660427360.000,0,-,-,-,-,5432.0000,5431.8000,5431.6000,5430.6000,5430.0000,5433.2000,5433.6000,5433.8000,5434.4000,5435.0000,1,1,1,1,1,2,2,10,5,5
SF,IC2006,2020-01-20 09:34:25.300,5433.4000,41573,0,661514040.000,1,0,1,多换,S,5432.2000,5431.6000,5430.6000,5430.0000,5428.0000,5433.6000,5433.8000,5434.4000,5435.0000,5437.8000,1,1,1,1,1,2,10,5,5,2
SF,IC2006,2020-01-20 09:34:25.800,5433.4000,41573,0,661514040.000,0,-,-,-,-,5432.2000,5431.6000,5430.6000,5430.0000,5428.0000,5433.4000,5433.6000,5433.8000,5434.4000,5435.0000,1,1,1,1,1,1,2,10,5,5
SF,IC2006,2020-01-20 09:34:26.300,5433.4000,41572,-1,662600720.000,1,0,1,双平,S,5433.4000,5431.6000,5430.6000,5430.0000,5428.0000,5433.6000,5433.8000,5434.4000,5435.0000,5437.8000,2,1,1,1,1,2,10,5,5,2
SF,IC2006,2020-01-20 09:34:26.800,5433.4000,41571,-1,665860760.000,3,1,2,多平,S,5431.6000,5430.6000,5430.0000,5428.0000,5426.0000,5433.4000,5433.6000,5433.8000,5434.4000,5435.0000,1,1,1,1,1,5,2,9,5,5
SF,IC2006,2020-01-20 09:34:27.300,5433.4000,41571,0,665860760.000,0,-,-,-,-,5431.8000,5431.6000,5430.6000,5430.0000,5428.0000,5433.2000,5433.4000,5433.6000,5433.8000,5434.4000,1,1,1,1,1,1,5,1,9,5
SF,IC2006,2020-01-20 09:34:27.800,5433.4000,41571,0,665860760.000,0,-,-,-,-,5431.8000,5431.6000,5430.6000,5430.0000,5428.0000,5433.2000,5433.4000,5433.6000,5433.8000,5434.4000,1,1,1,1,1,1,5,1,9,5
SF,IC2006,2020-01-20 09:34:28.300,5433.4000,41571,0,666947440.000,1,0,1,多换,S,5431.8000,5431.6000,5430.6000,5430.0000,5428.0000,5433.4000,5433.6000,5433.8000,5435.0000,5437.8000,1,1,1,1,1,10,1,9,5,2
SF,IC2006,2020-01-20 09:34:28.800,5433.4000,41570,-1,668034120.000,1,0,1,双平,S,5433.2000,5431.8000,5431.6000,5430.6000,5430.0000,5433.4000,5433.6000,5433.8000,5435.0000,5437.8000,1,1,1,1,1,9,1,9,5,2
SF,IC2006,2020-01-20 09:34:29.300,5433.2000,41569,-1,669120760.000,1,0,1,双平,S,5431.8000,5431.6000,5430.6000,5430.0000,5428.0000,5433.4000,5433.6000,5433.8000,5435.0000,5437.8000,1,1,1,1,1,9,1,9,5,2
SF,IC2006,2020-01-20 09:34:29.800,5433.4000,41569,0,670207440.000,1,0,1,多换,S,5432.0000,5431.8000,5431.6000,5430.6000,5430.0000,5433.4000,5433.6000,5433.8000,5435.0000,5437.8000,1,1,1,1,1,8,1,9,5,2
SF,IC2006,2020-01-20 09:34:30.300,5433.4000,41569,0,670207440.000,0,-,-,-,-,5432.2000,5432.0000,5431.6000,5430.6000,5430.0000,5433.4000,5433.6000,5433.8000,5435.0000,5437.8000,1,1,1,1,1,8,1,9,5,2
SF,IC2006,2020-01-20 09:34:30.800,5433.4000,41564,-5,678900880.000,8,1,7,多平,S,5432.2000,5432.0000,5431.6000,5430.6000,5430.0000,5433.6000,5433.8000,5435.0000,5437.8000,5438.0000,1,1,1,1,1,1,9,5,2,2
SF,IC2006,2020-01-20 09:34:31.300,5432.0000,41564,0,681073720.000,2,1,1,多换,S,5431.6000,5430.6000,5430.0000,5428.0000,5426.0000,5433.6000,5433.8000,5435.0000,5437.8000,5438.0000,1,1,1,1,1,1,9,5,2,2
