市场代码,合约代码,时间,最新,持仓,增仓,成交额,成交量,开仓,平仓,成交类型,方向,买一价,买二价,买三价,买四价,买五价,卖一价,卖二价,卖三价,卖四价,卖五价,买一量,买二量,买三量,买四量,买五量,卖一量,卖二量,卖三量,卖四量,卖五量
SF,IC2009,2020-02-14 09:29:00.100,5150.0000,10509,0,3090000.000,3.000,-,-,-,-,5150.0000,5145.0000,5140.2000,5140.0000,5136.0000,5153.0000,5155.0000,5158.6000,5160.0000,5162.8000,2,4,1,4,1,1,1,5,2,5
SF,IC2009,2020-02-14 09:30:00.100,5155.0000,10507,-2,5151600.000,2,0,2,双平,S,5156.6000,5156.2000,5155.8000,5154.6000,5150.0000,5158.6000,5160.0000,5162.8000,5163.0000,5164.0000,1,1,1,1,2,5,2,5,1,6
SF,IC2009,2020-02-14 09:30:00.600,5150.4000,10505,-2,8243680.000,3,0,3,多平,S,5150.0000,5147.8000,5145.0000,5140.2000,5140.0000,5158.4000,5160.0000,5163.0000,5164.0000,5168.0000,2,1,4,1,5,1,2,1,6,1
SF,IC2009,2020-02-14 09:30:01.100,5150.4000,10505,0,8243680.000,0,-,-,-,-,5152.0000,5150.4000,5150.2000,5150.0000,5147.8000,5157.2000,5158.2000,5158.4000,5160.0000,5163.0000,1,2,3,2,1,1,1,2,2,1
SF,IC2009,2020-02-14 09:30:01.600,5150.4000,10505,0,8243680.000,0,-,-,-,-,5152.2000,5152.0000,5150.4000,5150.2000,5150.0000,5157.0000,5157.2000,5158.4000,5160.0000,5163.0000,3,2,6,2,2,1,1,1,2,1
SF,IC2009,2020-02-14 09:30:02.100,5150.4000,10505,0,8243680.000,0,-,-,-,-,5152.2000,5152.0000,5150.4000,5150.0000,5147.8000,5157.0000,5158.4000,5160.0000,5163.0000,5164.0000,3,1,6,2,1,1,1,2,1,6
SF,IC2009,2020-02-14 09:30:02.600,5150.4000,10505,0,8243680.000,0,-,-,-,-,5153.2000,5153.0000,5152.2000,5150.4000,5150.0000,5156.6000,5157.0000,5158.4000,5160.0000,5163.0000,1,1,3,1,2,2,1,1,2,1
SF,IC2009,2020-02-14 09:30:03.100,5150.4000,10505,0,8243680.000,0,-,-,-,-,5153.4000,5153.2000,5153.0000,5152.2000,5152.0000,5156.4000,5156.6000,5158.4000,5160.0000,5163.0000,3,1,1,3,1,1,2,1,2,1
SF,IC2009,2020-02-14 09:30:03.600,5156.6000,10504,-1,9275000.000,1,0,1,双平,S,5153.6000,5153.4000,5153.2000,5153.0000,5152.2000,5156.6000,5158.4000,5160.0000,5163.0000,5164.0000,1,3,1,1,3,1,1,2,1,6
SF,IC2009,2020-02-14 09:30:04.100,5153.8000,10503,-1,10305760.000,1,0,1,双平,S,5153.6000,5153.4000,5153.2000,5153.0000,5152.2000,5156.6000,5158.4000,5160.0000,5163.0000,5164.0000,1,3,1,1,3,1,1,2,1,6
SF,IC2009,2020-02-14 09:30:04.600,5153.8000,10503,0,10305760.000,0,-,-,-,-,5153.6000,5153.4000,5153.2000,5153.0000,5152.2000,5156.6000,5158.4000,5160.0000,5163.0000,5164.0000,1,3,1,1,3,1,1,2,1,6
SF,IC2009,2020-02-14 09:30:05.100,5153.8000,10503,0,10305760.000,0,-,-,-,-,5153.8000,5153.6000,5153.4000,5153.2000,5153.0000,5156.6000,5158.4000,5160.0000,5163.0000,5164.0000,1,1,3,1,1,1,1,2,1,6
SF,IC2009,2020-02-14 09:30:05.600,5153.8000,10503,0,10305760.000,0,-,-,-,-,5154.0000,5153.8000,5153.4000,5153.2000,5153.0000,5156.6000,5158.4000,5160.0000,5163.0000,5164.0000,1,1,3,1,1,1,1,2,1,6
SF,IC2009,2020-02-14 09:30:06.100,5153.8000,10503,0,10305760.000,0,-,-,-,-,5154.0000,5153.4000,5153.2000,5153.0000,5152.2000,5156.6000,5158.4000,5160.0000,5163.0000,5164.0000,1,3,1,1,3,1,1,2,1,6
SF,IC2009,2020-02-14 09:30:06.600,5156.6000,10502,-1,11337080.000,1,0,1,双平,S,5154.2000,5154.0000,5153.4000,5153.0000,5152.2000,5158.4000,5160.0000,5163.0000,5164.0000,5167.8000,2,1,3,1,3,1,2,1,6,5
SF,IC2009,2020-02-14 09:30:07.100,5156.6000,10502,0,11337080.000,0,-,-,-,-,5154.4000,5154.2000,5153.4000,5153.0000,5151.4000,5157.6000,5158.4000,5160.0000,5163.0000,5164.0000,1,1,3,1,1,1,1,2,1,6
SF,IC2009,2020-02-14 09:30:07.600,5154.4000,10502,0,13398880.000,2,1,1,多换,S,5154.2000,5153.4000,5153.0000,5151.4000,5150.4000,5157.4000,5157.6000,5158.4000,5160.0000,5163.0000,1,3,1,1,1,1,1,1,2,1
SF,IC2009,2020-02-14 09:30:08.100,5154.4000,10502,0,14429760.000,1,0,1,多换,S,5153.4000,5153.0000,5151.4000,5150.4000,5150.0000,5157.4000,5157.6000,5158.4000,5160.0000,5163.0000,3,1,1,1,6,1,1,1,2,1
SF,IC2009,2020-02-14 09:30:08.600,5154.4000,10502,0,14429760.000,0,-,-,-,-,5154.4000,5153.6000,5153.4000,5153.0000,5151.4000,5157.4000,5157.6000,5158.4000,5160.0000,5163.0000,1,1,3,1,1,1,1,1,2,1
SF,IC2009,2020-02-14 09:30:09.100,5157.4000,10501,-1,15461240.000,1,0,1,双平,S,5154.6000,5154.4000,5153.6000,5153.4000,5153.0000,5157.6000,5158.4000,5160.0000,5163.0000,5164.0000,1,1,1,3,1,1,1,2,1,6
SF,IC2009,2020-02-14 09:30:09.600,5157.4000,10501,0,15461240.000,0,-,-,-,-,5154.8000,5154.6000,5154.4000,5153.6000,5153.4000,5157.6000,5158.4000,5160.0000,5163.0000,5164.0000,3,1,1,1,3,1,1,2,1,6
SF,IC2009,2020-02-14 09:30:10.100,5155.0000,10500,-1,16492240.000,1,0,1,双平,S,5155.0000,5154.8000,5154.4000,5153.6000,5153.4000,5157.6000,5158.4000,5160.0000,5163.0000,5164.0000,2,3,1,1,3,1,1,2,1,6
SF,IC2009,2020-02-14 09:30:10.600,5155.0000,10500,0,16492240.000,0,-,-,-,-,5155.2000,5155.0000,5154.8000,5154.4000,5153.6000,5157.6000,5158.4000,5160.0000,5163.0000,5164.0000,3,2,3,1,1,1,1,2,1,6
SF,IC2009,2020-02-14 09:30:11.100,5157.6000,10499,-1,17523760.000,1,0,1,双平,S,5155.4000,5155.2000,5155.0000,5154.8000,5154.4000,5158.4000,5160.0000,5163.0000,5164.0000,5167.8000,1,3,1,3,1,1,2,1,6,5
SF,IC2009,2020-02-14 09:30:11.600,5157.6000,10499,0,17523760.000,0,-,-,-,-,5155.6000,5155.4000,5155.2000,5154.8000,5154.4000,5160.0000,5163.0000,5164.0000,5167.8000,5168.0000,2,1,4,3,1,2,1,6,5,1
SF,IC2009,2020-02-14 09:30:12.100,5157.6000,10499,0,17523760.000,0,-,-,-,-,5155.6000,5155.2000,5154.8000,5154.4000,5153.6000,5157.6000,5158.4000,5160.0000,5163.0000,5164.0000,1,3,3,1,1,2,1,2,1,6
SF,IC2009,2020-02-14 09:30:12.600,5157.6000,10499,0,17523760.000,0,-,-,-,-,5155.8000,5155.2000,5154.8000,5154.4000,5153.6000,5157.6000,5158.4000,5160.0000,5163.0000,5164.0000,1,3,3,1,1,2,1,2,1,6
SF,IC2009,2020-02-14 09:30:13.100,5157.6000,10499,0,17523760.000,0,-,-,-,-,5155.8000,5155.2000,5154.8000,5154.4000,5153.6000,5157.6000,5158.4000,5160.0000,5163.0000,5164.0000,1,3,3,1,1,2,1,2,1,6
SF,IC2009,2020-02-14 09:30:13.600,5157.6000,10499,0,17523760.000,0,-,-,-,-,5155.8000,5155.2000,5154.8000,5154.4000,5153.6000,5157.6000,5160.0000,5163.0000,5164.0000,5167.8000,1,3,3,1,1,2,2,1,6,5
SF,IC2009,2020-02-14 09:30:14.100,5157.6000,10499,0,17523760.000,0,-,-,-,-,5155.8000,5155.2000,5154.8000,5154.6000,5154.4000,5157.6000,5160.0000,5163.0000,5164.0000,5167.8000,1,3,3,1,1,2,2,1,6,5
SF,IC2009,2020-02-14 09:30:14.600,5157.6000,10499,0,17523760.000,0,-,-,-,-,5155.8000,5155.2000,5154.8000,5154.6000,5154.4000,5157.6000,5160.0000,5163.0000,5164.0000,5167.8000,1,3,3,1,1,2,2,1,6,5
SF,IC2009,2020-02-14 09:30:15.100,5157.6000,10501,2,19586800.000,2,2,0,双开,S,5157.6000,5155.8000,5155.2000,5154.8000,5154.6000,5160.0000,5163.0000,5164.0000,5167.8000,5168.0000,1,1,3,3,1,2,1,6,5,1
SF,IC2009,2020-02-14 09:30:15.600,5157.6000,10501,0,19586800.000,0,-,-,-,-,5157.6000,5156.0000,5155.8000,5155.2000,5154.8000,5159.8000,5160.0000,5163.0000,5164.0000,5167.8000,1,1,1,3,3,6,2,1,6,5
SF,IC2009,2020-02-14 09:30:16.100,5157.6000,10501,0,19586800.000,0,-,-,-,-,5157.6000,5156.0000,5155.8000,5155.2000,5154.8000,5160.0000,5163.0000,5164.0000,5167.8000,5168.0000,1,1,1,3,3,2,1,6,5,1
SF,IC2009,2020-02-14 09:30:19.100,5157.6000,10501,0,20618320.000,1,0,1,多换,S,5157.6000,5156.0000,5155.8000,5155.2000,5154.8000,5160.0000,5163.0000,5164.0000,5167.8000,5168.0000,1,1,1,3,3,2,1,6,5,1
SF,IC2009,2020-02-14 09:30:19.600,5157.6000,10501,0,20618320.000,0,-,-,-,-,5157.6000,5156.0000,5155.8000,5155.2000,5154.8000,5160.0000,5163.0000,5164.0000,5167.8000,5168.0000,1,1,1,3,3,2,1,6,5,1
SF,IC2009,2020-02-14 09:30:20.100,5157.6000,10501,0,20618320.000,0,-,-,-,-,5157.6000,5156.0000,5155.8000,5155.2000,5154.8000,5160.0000,5163.0000,5164.0000,5167.8000,5168.0000,1,1,1,3,3,2,1,6,5,1
SF,IC2009,2020-02-14 09:30:20.600,5157.6000,10501,0,20618320.000,0,-,-,-,-,5157.6000,5155.8000,5155.2000,5154.8000,5154.6000,5160.0000,5163.0000,5164.0000,5167.8000,5168.0000,1,1,3,3,1,2,1,6,5,1
SF,IC2009,2020-02-14 09:30:21.100,5157.6000,10501,0,20618320.000,0,-,-,-,-,5157.8000,5157.6000,5155.8000,5155.2000,5154.8000,5160.0000,5163.0000,5164.0000,5167.8000,5168.0000,2,1,1,3,3,2,1,6,5,1
SF,IC2009,2020-02-14 09:30:21.600,5160.0000,10499,-2,23714320.000,3,0,3,多平,S,5157.8000,5157.6000,5155.8000,5155.2000,5154.8000,5160.0000,5163.0000,5164.0000,5167.8000,5168.0000,2,1,1,3,3,1,1,6,5,1
SF,IC2009,2020-02-14 09:30:22.100,5160.0000,10499,0,23714320.000,0,-,-,-,-,5157.8000,5157.6000,5154.6000,5151.8000,5151.6000,5160.0000,5163.0000,5164.0000,5167.8000,5168.0000,2,1,1,1,1,1,1,6,5,1
SF,IC2009,2020-02-14 09:30:22.600,5160.0000,10499,0,23714320.000,0,-,-,-,-,5157.8000,5157.6000,5154.6000,5151.8000,5151.6000,5160.0000,5163.0000,5164.0000,5167.8000,5168.0000,2,1,1,1,1,1,1,6,5,1
SF,IC2009,2020-02-14 09:30:23.100,5160.0000,10499,0,23714320.000,0,-,-,-,-,5157.8000,5157.6000,5154.6000,5151.8000,5151.6000,5160.0000,5163.0000,5164.0000,5167.8000,5168.0000,2,1,1,1,1,1,1,6,5,1
SF,IC2009,2020-02-14 09:30:23.600,5160.0000,10499,0,23714320.000,0,-,-,-,-,5157.8000,5157.6000,5154.6000,5151.8000,5151.6000,5160.0000,5163.0000,5164.0000,5167.8000,5168.0000,2,1,1,1,1,1,1,6,5,1
SF,IC2009,2020-02-14 09:30:24.100,5160.0000,10499,0,23714320.000,0,-,-,-,-,5158.0000,5157.8000,5157.6000,5154.6000,5151.8000,5160.0000,5163.0000,5164.0000,5167.8000,5168.0000,1,2,1,1,1,1,1,6,5,1
SF,IC2009,2020-02-14 09:30:24.600,5160.0000,10499,0,24746320.000,1,0,1,多换,S,5158.2000,5158.0000,5157.8000,5157.6000,5154.6000,5163.0000,5164.0000,5167.8000,5168.0000,5168.2000,1,1,2,1,1,1,6,5,1,3
SF,IC2009,2020-02-14 09:30:25.100,5160.0000,10499,0,24746320.000,0,-,-,-,-,5158.4000,5158.2000,5158.0000,5157.8000,5157.6000,5162.8000,5163.0000,5164.0000,5167.8000,5168.0000,1,1,1,2,1,1,1,6,5,1
SF,IC2009,2020-02-14 09:30:25.600,5160.0000,10499,0,24746320.000,0,-,-,-,-,5158.2000,5158.0000,5157.8000,5157.6000,5154.6000,5162.8000,5163.0000,5164.0000,5167.8000,5168.0000,1,1,2,1,1,1,1,6,5,1
SF,IC2009,2020-02-14 09:30:26.100,5160.0000,10499,0,24746320.000,0,-,-,-,-,5158.6000,5158.4000,5158.2000,5158.0000,5157.8000,5163.0000,5164.0000,5167.8000,5168.0000,5168.2000,2,2,1,1,2,2,6,5,1,3
SF,IC2009,2020-02-14 09:30:26.600,5160.0000,10499,0,24746320.000,0,-,-,-,-,5160.0000,5158.6000,5158.4000,5158.2000,5158.0000,5163.0000,5164.0000,5167.8000,5168.0000,5168.2000,1,2,2,1,1,2,6,5,1,3
SF,IC2009,2020-02-14 09:30:27.100,5160.0000,10499,0,24746320.000,0,-,-,-,-,5160.0000,5159.0000,5158.6000,5158.4000,5158.2000,5163.0000,5164.0000,5167.8000,5168.0000,5168.2000,1,1,2,2,1,2,6,5,1,3
SF,IC2009,2020-02-14 09:30:27.600,5160.0000,10499,0,24746320.000,0,-,-,-,-,5160.2000,5160.0000,5159.0000,5158.6000,5158.4000,5163.0000,5164.0000,5167.8000,5168.0000,5168.2000,1,1,1,2,2,2,6,5,1,3
SF,IC2009,2020-02-14 09:30:28.100,5160.0000,10499,0,24746320.000,0,-,-,-,-,5160.2000,5160.0000,5159.0000,5158.6000,5158.4000,5163.0000,5164.0000,5167.8000,5168.0000,5168.2000,1,1,1,2,2,2,6,5,1,3
SF,IC2009,2020-02-14 09:30:28.600,5160.0000,10499,0,24746320.000,0,-,-,-,-,5162.8000,5160.2000,5160.0000,5158.6000,5158.4000,5163.0000,5164.0000,5168.0000,5168.2000,5168.4000,1,1,1,2,2,2,6,1,3,1
SF,IC2009,2020-02-14 09:30:29.100,5160.2000,10499,0,26810920.000,2,1,1,多换,S,5160.0000,5158.6000,5158.4000,5158.2000,5158.0000,5162.8000,5163.0000,5164.0000,5168.0000,5168.2000,1,2,2,1,1,1,2,6,1,3
SF,IC2009,2020-02-14 09:30:29.600,5160.2000,10499,0,26810920.000,0,-,-,-,-,5160.0000,5158.6000,5158.4000,5158.2000,5158.0000,5162.6000,5162.8000,5163.0000,5164.0000,5168.0000,2,2,2,1,1,1,1,2,6,1
SF,IC2009,2020-02-14 09:30:30.100,5160.2000,10499,0,26810920.000,0,-,-,-,-,5160.0000,5158.6000,5158.4000,5158.2000,5158.0000,5162.6000,5162.8000,5163.0000,5164.0000,5168.0000,2,2,2,1,1,1,1,2,6,1
SF,IC2009,2020-02-14 09:30:30.600,5160.2000,10499,0,26810920.000,0,-,-,-,-,5160.0000,5158.6000,5158.4000,5158.2000,5157.6000,5162.6000,5162.8000,5163.0000,5164.0000,5168.0000,2,2,2,1,2,1,1,2,6,1
SF,IC2009,2020-02-14 09:30:31.100,5160.2000,10499,0,26810920.000,0,-,-,-,-,5160.0000,5158.6000,5158.4000,5158.2000,5157.6000,5162.6000,5162.8000,5163.0000,5164.0000,5168.0000,2,2,2,1,2,1,1,2,6,1
SF,IC2009,2020-02-14 09:30:31.600,5160.2000,10499,0,26810920.000,0,-,-,-,-,5160.0000,5158.6000,5158.4000,5158.2000,5157.6000,5161.8000,5162.6000,5162.8000,5163.0000,5164.0000,2,2,2,1,2,1,1,1,2,6
SF,IC2009,2020-02-14 09:30:32.100,5160.2000,10499,0,26810920.000,0,-,-,-,-,5160.0000,5158.6000,5158.4000,5158.2000,5157.6000,5161.8000,5162.6000,5162.8000,5163.0000,5164.0000,2,2,2,1,2,1,1,1,2,6
SF,IC2009,2020-02-14 09:30:32.600,5160.2000,10499,0,26810920.000,0,-,-,-,-,5160.2000,5160.0000,5158.6000,5158.4000,5158.2000,5161.8000,5162.6000,5162.8000,5163.0000,5164.0000,1,2,2,2,1,1,1,1,2,6
SF,IC2009,2020-02-14 09:30:33.100,5160.2000,10499,0,26810920.000,0,-,-,-,-,5160.2000,5160.0000,5158.6000,5158.4000,5158.2000,5161.8000,5162.6000,5162.8000,5163.0000,5164.0000,1,2,2,2,1,1,1,1,2,6
SF,IC2009,2020-02-14 09:30:33.600,5161.8000,10499,0,27843280.000,1,0,1,多换,S,5160.4000,5160.2000,5160.0000,5158.6000,5158.4000,5162.6000,5162.8000,5163.0000,5164.0000,5165.0000,1,1,2,2,2,1,1,2,6,2
SF,IC2009,2020-02-14 09:30:34.100,5161.8000,10499,0,27843280.000,0,-,-,-,-,5160.2000,5160.0000,5158.6000,5158.4000,5158.2000,5162.6000,5162.8000,5163.0000,5164.0000,5165.0000,1,2,2,2,1,1,1,2,6,2
SF,IC2009,2020-02-14 09:30:34.600,5161.8000,10499,0,27843280.000,0,-,-,-,-,5160.2000,5160.0000,5158.6000,5158.4000,5158.2000,5162.6000,5162.8000,5163.0000,5164.0000,5165.0000,1,2,2,2,1,1,1,2,6,2
SF,IC2009,2020-02-14 09:30:35.100,5162.6000,10498,-1,28875800.000,1,0,1,双平,S,5160.2000,5160.0000,5158.6000,5158.4000,5158.2000,5162.6000,5162.8000,5163.0000,5164.0000,5165.0000,1,2,2,2,1,1,1,2,6,2
SF,IC2009,2020-02-14 09:30:36.100,5162.6000,10498,0,28875800.000,0,-,-,-,-,5160.2000,5160.0000,5158.6000,5158.4000,5158.2000,5162.6000,5162.8000,5163.0000,5164.0000,5165.0000,1,3,2,2,1,1,1,2,6,2
SF,IC2009,2020-02-14 09:30:36.600,5162.6000,10498,0,28875800.000,0,-,-,-,-,5160.2000,5160.0000,5158.6000,5158.4000,5158.2000,5162.6000,5162.8000,5163.0000,5164.0000,5165.0000,1,2,2,2,1,1,1,2,6,2
SF,IC2009,2020-02-14 09:30:37.100,5162.6000,10498,0,28875800.000,0,-,-,-,-,5160.2000,5160.0000,5158.6000,5158.4000,5158.2000,5162.6000,5162.8000,5163.0000,5164.0000,5165.0000,1,2,2,2,1,1,1,4,6,2
SF,IC2009,2020-02-14 09:30:37.600,5162.6000,10498,0,29908320.000,1,0,1,多换,S,5160.2000,5160.0000,5158.6000,5158.4000,5158.2000,5162.8000,5163.0000,5164.0000,5165.0000,5168.0000,1,2,2,2,1,1,4,6,2,1
SF,IC2009,2020-02-14 09:30:38.600,5160.2000,10497,-1,30940360.000,1,0,1,双平,S,5160.0000,5158.6000,5158.4000,5158.2000,5157.6000,5160.2000,5162.8000,5163.0000,5164.0000,5165.0000,2,2,2,1,2,1,1,4,6,2
SF,IC2009,2020-02-14 09:30:39.100,5160.2000,10496,-1,31972400.000,1,0,1,双平,S,5160.2000,5160.0000,5158.6000,5158.4000,5158.2000,5162.8000,5163.0000,5164.0000,5165.0000,5166.6000,1,2,2,2,1,1,4,6,2,1
SF,IC2009,2020-02-14 09:30:39.600,5160.2000,10496,0,31972400.000,0,-,-,-,-,5160.6000,5160.0000,5158.6000,5158.4000,5158.2000,5162.8000,5163.0000,5164.0000,5165.0000,5166.6000,1,2,2,2,1,1,4,6,2,1
SF,IC2009,2020-02-14 09:30:40.100,5160.2000,10496,0,31972400.000,0,-,-,-,-,5160.6000,5160.4000,5160.0000,5158.6000,5158.4000,5162.8000,5163.0000,5164.0000,5165.0000,5166.6000,1,2,2,2,2,1,4,6,2,1
SF,IC2009,2020-02-14 09:30:40.600,5160.6000,10494,-2,34037040.000,2,0,2,双平,S,5160.0000,5158.2000,5157.6000,5151.8000,5151.6000,5163.0000,5164.0000,5165.0000,5166.6000,5168.0000,2,1,2,1,1,4,6,2,1,1
SF,IC2009,2020-02-14 09:30:41.100,5160.2000,10493,-1,35069080.000,1,0,1,双平,S,5160.0000,5158.2000,5157.6000,5151.8000,5151.6000,5162.8000,5163.0000,5164.0000,5165.0000,5166.6000,2,1,2,1,1,1,4,6,2,1
SF,IC2009,2020-02-14 09:30:41.600,5160.2000,10493,0,35069080.000,0,-,-,-,-,5160.0000,5158.2000,5157.6000,5151.8000,5151.6000,5162.8000,5163.0000,5164.0000,5165.0000,5166.6000,2,1,2,1,1,1,4,6,2,1
SF,IC2009,2020-02-14 09:30:42.100,5160.2000,10493,0,35069080.000,0,-,-,-,-,5160.0000,5158.2000,5157.6000,5151.8000,5151.6000,5162.8000,5163.0000,5164.0000,5165.0000,5166.6000,2,1,2,1,1,1,4,6,2,1
SF,IC2009,2020-02-14 09:30:42.600,5160.2000,10493,0,35069080.000,0,-,-,-,-,5160.2000,5160.0000,5158.2000,5157.6000,5151.8000,5162.4000,5162.8000,5163.0000,5164.0000,5165.0000,1,2,1,2,1,1,1,4,6,2
SF,IC2009,2020-02-14 09:30:44.100,5160.2000,10493,0,35069080.000,0,-,-,-,-,5160.2000,5160.0000,5158.2000,5157.6000,5151.8000,5162.8000,5163.0000,5164.0000,5165.0000,5166.6000,1,2,1,2,1,1,4,6,2,1
SF,IC2009,2020-02-14 09:30:44.600,5160.2000,10494,1,36101120.000,1,1,0,双开,S,5160.0000,5158.2000,5157.6000,5151.8000,5151.6000,5162.8000,5163.0000,5164.0000,5165.0000,5166.6000,2,1,2,1,1,1,4,6,2,1
SF,IC2009,2020-02-14 09:30:46.100,5160.2000,10494,0,36101120.000,0,-,-,-,-,5160.0000,5158.2000,5157.6000,5151.8000,5151.6000,5162.8000,5163.0000,5164.0000,5165.0000,5166.6000,2,1,2,1,1,1,4,1,2,1
SF,IC2009,2020-02-14 09:30:46.600,5160.2000,10494,0,36101120.000,0,-,-,-,-,5160.0000,5158.2000,5157.6000,5151.8000,5151.6000,5162.8000,5163.0000,5164.0000,5165.0000,5166.6000,2,1,1,1,1,1,4,1,2,1
SF,IC2009,2020-02-14 09:30:50.100,5162.8000,10494,0,37133680.000,1,0,1,多换,S,5160.2000,5160.0000,5158.2000,5157.6000,5151.8000,5163.0000,5164.0000,5165.0000,5166.6000,5168.0000,1,2,1,1,1,4,1,2,1,1
SF,IC2009,2020-02-14 09:30:50.600,5162.8000,10494,0,37133680.000,0,-,-,-,-,5160.2000,5160.0000,5157.6000,5151.8000,5151.6000,5163.0000,5164.0000,5165.0000,5166.6000,5168.0000,1,2,1,1,1,4,1,2,1,1
SF,IC2009,2020-02-14 09:30:51.100,5162.8000,10494,0,37133680.000,0,-,-,-,-,5160.0000,5157.6000,5151.8000,5151.6000,5150.4000,5163.0000,5164.0000,5165.0000,5166.6000,5168.0000,2,1,1,1,5,4,1,2,1,1
SF,IC2009,2020-02-14 09:30:53.100,5162.8000,10494,0,37133680.000,0,-,-,-,-,5160.4000,5160.2000,5160.0000,5157.6000,5151.8000,5163.0000,5164.0000,5165.0000,5166.6000,5168.0000,1,2,2,1,1,4,1,2,1,1
SF,IC2009,2020-02-14 09:30:53.600,5162.8000,10494,0,37133680.000,0,-,-,-,-,5160.4000,5160.2000,5160.0000,5157.6000,5151.8000,5163.0000,5164.0000,5165.0000,5166.6000,5168.0000,1,1,3,1,1,4,1,2,1,1
SF,IC2009,2020-02-14 09:30:54.100,5162.8000,10494,0,37133680.000,0,-,-,-,-,5160.2000,5160.0000,5157.6000,5151.8000,5151.6000,5163.0000,5164.0000,5165.0000,5166.6000,5168.0000,1,3,1,1,1,4,1,2,1,1
SF,IC2009,2020-02-14 09:30:54.600,5162.8000,10494,0,37133680.000,0,-,-,-,-,5160.2000,5160.0000,5157.6000,5151.8000,5151.6000,5163.0000,5164.0000,5165.0000,5166.6000,5168.0000,1,3,1,1,1,4,1,2,1,1
SF,IC2009,2020-02-14 09:30:55.100,5162.8000,10494,0,37133680.000,0,-,-,-,-,5160.0000,5157.6000,5151.8000,5151.6000,5150.4000,5163.0000,5164.0000,5165.0000,5166.6000,5168.0000,3,1,1,1,5,4,1,2,1,1
SF,IC2009,2020-02-14 09:30:57.100,5162.8000,10494,0,37133680.000,0,-,-,-,-,5161.2000,5160.0000,5157.6000,5151.8000,5151.6000,5163.0000,5164.0000,5165.0000,5166.6000,5168.0000,3,3,1,1,1,4,1,2,1,1
SF,IC2009,2020-02-14 09:30:57.600,5162.8000,10494,0,37133680.000,0,-,-,-,-,5160.0000,5157.6000,5151.8000,5151.6000,5150.4000,5163.0000,5164.0000,5165.0000,5166.6000,5168.0000,3,1,1,1,5,4,1,2,1,1
SF,IC2009,2020-02-14 09:30:58.600,5162.8000,10494,0,37133680.000,0,-,-,-,-,5160.2000,5160.0000,5157.6000,5151.8000,5151.6000,5163.0000,5164.0000,5165.0000,5166.6000,5168.0000,1,3,1,1,1,4,1,2,1,1
SF,IC2009,2020-02-14 09:30:59.100,5162.8000,10494,0,37133680.000,0,-,-,-,-,5160.2000,5160.0000,5151.8000,5151.6000,5150.4000,5163.0000,5164.0000,5165.0000,5166.6000,5168.0000,1,3,1,1,5,4,1,2,1,1
SF,IC2009,2020-02-14 09:30:59.600,5162.8000,10494,0,37133680.000,0,-,-,-,-,5160.4000,5160.2000,5160.0000,5151.8000,5151.6000,5163.0000,5164.0000,5165.0000,5166.6000,5168.0000,2,1,3,1,1,4,1,2,1,1
SF,IC2009,2020-02-14 09:31:00.100,5162.8000,10494,0,37133680.000,0,-,-,-,-,5161.2000,5160.4000,5160.2000,5160.0000,5151.8000,5163.0000,5164.0000,5165.0000,5166.6000,5168.0000,2,2,1,3,1,4,1,2,1,1
SF,IC2009,2020-02-14 09:31:00.600,5163.0000,10493,-1,38166280.000,1,0,1,双平,S,5161.2000,5160.4000,5160.2000,5160.0000,5151.8000,5162.8000,5163.0000,5164.0000,5165.0000,5166.6000,2,2,1,3,1,1,3,1,2,1
SF,IC2009,2020-02-14 09:31:01.100,5163.0000,10493,0,38166280.000,0,-,-,-,-,5161.2000,5160.4000,5160.2000,5160.0000,5151.8000,5162.8000,5163.0000,5164.0000,5165.0000,5166.6000,2,2,1,3,1,1,3,1,2,1
SF,IC2009,2020-02-14 09:31:01.600,5163.0000,10492,-1,39198880.000,1,0,1,双平,S,5161.4000,5161.2000,5160.4000,5160.0000,5151.8000,5163.0000,5164.0000,5165.0000,5168.0000,5170.0000,2,3,2,3,1,3,1,2,1,2
SF,IC2009,2020-02-14 09:31:02.100,5163.0000,10491,-1,42296680.000,3,1,2,多平,S,5161.4000,5161.2000,5160.4000,5160.0000,5151.8000,5164.0000,5165.0000,5168.0000,5170.0000,5172.6000,2,3,2,3,1,1,2,1,2,4
SF,IC2009,2020-02-14 09:31:02.600,5163.0000,10491,0,42296680.000,0,-,-,-,-,5161.6000,5161.4000,5161.2000,5160.4000,5160.0000,5164.0000,5165.0000,5168.0000,5170.0000,5172.6000,1,2,4,1,3,1,2,1,2,4
SF,IC2009,2020-02-14 09:31:03.100,5163.0000,10491,0,42296680.000,0,-,-,-,-,5161.8000,5161.6000,5161.4000,5161.2000,5160.4000,5164.0000,5165.0000,5168.0000,5170.0000,5172.6000,2,1,2,4,1,1,2,1,2,4
SF,IC2009,2020-02-14 09:31:03.600,5162.0000,10490,-1,43329080.000,1,0,1,双平,S,5162.0000,5161.8000,5161.6000,5161.4000,5161.2000,5164.0000,5165.0000,5168.0000,5170.0000,5172.6000,1,2,2,2,4,1,2,1,2,4
SF,IC2009,2020-02-14 09:31:04.100,5164.0000,10489,-1,44361880.000,1,0,1,双平,S,5162.2000,5162.0000,5161.8000,5161.6000,5161.4000,5165.0000,5168.0000,5170.0000,5172.6000,5173.6000,2,2,2,2,2,2,1,2,4,5
SF,IC2009,2020-02-14 09:31:04.600,5164.0000,10489,0,44361880.000,0,-,-,-,-,5164.4000,5162.4000,5162.2000,5162.0000,5161.8000,5165.0000,5168.0000,5170.0000,5172.6000,5173.6000,1,1,2,2,2,2,1,2,4,5
SF,IC2009,2020-02-14 09:31:05.100,5164.0000,10489,0,44361880.000,0,-,-,-,-,5164.4000,5162.4000,5162.2000,5162.0000,5161.8000,5164.8000,5165.0000,5168.0000,5170.0000,5172.6000,1,1,2,1,2,1,2,1,2,4
SF,IC2009,2020-02-14 09:31:05.600,5164.6000,10488,-1,46427760.000,2,0,2,多平,S,5164.4000,5162.4000,5162.2000,5162.0000,5161.8000,5165.0000,5168.0000,5170.0000,5172.6000,5173.6000,1,1,2,1,2,2,1,2,4,5
SF,IC2009,2020-02-14 09:31:06.100,5165.0000,10488,0,47460760.000,1,0,1,多换,S,5164.4000,5162.4000,5162.2000,5162.0000,5161.8000,5165.0000,5168.0000,5170.0000,5172.6000,5173.6000,1,1,2,1,2,1,1,2,4,5
SF,IC2009,2020-02-14 09:31:06.600,5165.0000,10488,0,47460760.000,0,-,-,-,-,5164.4000,5162.4000,5162.2000,5162.0000,5161.8000,5165.0000,5168.0000,5170.0000,5172.6000,5173.6000,1,1,2,1,2,1,1,2,4,5
SF,IC2009,2020-02-14 09:31:07.100,5165.0000,10488,0,47460760.000,0,-,-,-,-,5164.4000,5162.2000,5162.0000,5161.8000,5161.6000,5165.0000,5168.0000,5170.0000,5172.6000,5173.6000,1,2,1,1,1,1,1,2,4,5
SF,IC2009,2020-02-14 09:31:07.600,5164.4000,10487,-1,48493640.000,1,0,1,双平,S,5162.2000,5162.0000,5161.8000,5161.6000,5161.4000,5164.2000,5164.4000,5164.8000,5165.0000,5168.0000,2,1,1,1,2,1,2,1,1,1
SF,IC2009,2020-02-14 09:31:08.100,5165.0000,10490,3,53658240.000,5,4,1,空开,S,5162.2000,5161.8000,5161.4000,5161.2000,5160.4000,5168.0000,5170.0000,5172.6000,5173.6000,5174.0000,2,1,2,4,1,1,2,4,5,1
SF,IC2009,2020-02-14 09:31:08.600,5165.0000,10490,0,53658240.000,0,-,-,-,-,5162.2000,5161.8000,5161.4000,5161.2000,5160.4000,5167.8000,5168.0000,5170.0000,5172.6000,5173.6000,2,1,2,4,1,4,1,2,4,5
SF,IC2009,2020-02-14 09:31:09.600,5167.8000,10490,0,54691800.000,1,0,1,多换,S,5162.2000,5161.8000,5161.4000,5161.2000,5160.4000,5167.8000,5168.0000,5170.0000,5172.6000,5173.6000,2,1,2,4,1,1,1,2,4,5
SF,IC2009,2020-02-14 09:31:10.100,5167.8000,10490,0,54691800.000,0,-,-,-,-,5164.0000,5162.2000,5161.8000,5161.4000,5161.2000,5167.0000,5167.6000,5167.8000,5168.0000,5170.0000,5,2,1,2,4,1,3,1,1,2
SF,IC2009,2020-02-14 09:31:10.600,5167.8000,10490,0,54691800.000,0,-,-,-,-,5164.0000,5162.0000,5161.8000,5161.4000,5161.2000,5166.8000,5167.6000,5167.8000,5168.0000,5170.0000,5,1,1,2,4,1,3,1,1,2
SF,IC2009,2020-02-14 09:31:11.100,5167.8000,10490,0,54691800.000,0,-,-,-,-,5164.0000,5162.0000,5161.8000,5161.4000,5161.2000,5166.8000,5167.6000,5168.0000,5170.0000,5172.6000,5,1,1,2,4,2,3,1,2,4
SF,IC2009,2020-02-14 09:31:11.600,5167.8000,10490,0,54691800.000,0,-,-,-,-,5164.0000,5162.0000,5161.2000,5160.0000,5151.8000,5166.8000,5167.6000,5168.0000,5170.0000,5172.6000,5,1,4,3,1,1,3,1,2,4
SF,IC2009,2020-02-14 09:31:12.600,5164.0000,10489,-1,55724600.000,1,0,1,双平,S,5164.0000,5162.0000,5161.2000,5160.0000,5151.8000,5166.8000,5168.0000,5170.0000,5172.6000,5173.6000,4,1,4,3,1,1,1,2,4,5
SF,IC2009,2020-02-14 09:31:13.100,5164.0000,10489,0,55724600.000,0,-,-,-,-,5164.2000,5164.0000,5162.0000,5161.2000,5160.0000,5166.8000,5168.0000,5170.0000,5172.6000,5173.6000,2,5,1,4,3,1,1,2,4,5
SF,IC2009,2020-02-14 09:31:13.600,5164.0000,10489,0,55724600.000,0,-,-,-,-,5164.2000,5164.0000,5162.0000,5161.2000,5160.0000,5166.8000,5168.0000,5170.0000,5172.6000,5173.6000,3,5,1,4,3,1,1,2,4,5
SF,IC2009,2020-02-14 09:31:14.100,5164.0000,10489,0,55724600.000,0,-,-,-,-,5165.8000,5164.2000,5164.0000,5162.0000,5161.2000,5166.8000,5168.0000,5170.0000,5172.6000,5173.6000,1,3,5,1,3,1,1,2,4,5
SF,IC2009,2020-02-14 09:31:14.600,5166.8000,10488,-1,56757960.000,1,0,1,双平,S,5164.2000,5164.0000,5162.0000,5161.2000,5160.0000,5168.0000,5170.0000,5172.6000,5174.0000,5175.0000,2,4,5,3,3,1,2,4,1,1
SF,IC2009,2020-02-14 09:31:15.100,5168.0000,10488,0,57791560.000,1,0,1,多换,S,5166.8000,5164.2000,5164.0000,5162.0000,5161.2000,5170.0000,5172.6000,5174.0000,5175.0000,5179.4000,1,2,4,5,3,2,4,1,1,5
SF,IC2009,2020-02-14 09:31:15.600,5168.0000,10488,0,57791560.000,0,-,-,-,-,5167.0000,5166.8000,5164.2000,5164.0000,5162.0000,5169.4000,5170.0000,5172.6000,5174.0000,5175.0000,1,1,1,4,5,1,2,4,1,1
SF,IC2009,2020-02-14 09:31:16.100,5168.0000,10488,0,57791560.000,0,-,-,-,-,5167.0000,5166.8000,5164.2000,5164.0000,5162.0000,5168.8000,5169.4000,5170.0000,5172.6000,5174.0000,4,1,1,4,5,1,1,2,4,1
SF,IC2009,2020-02-14 09:31:16.600,5168.0000,10488,0,57791560.000,0,-,-,-,-,5167.0000,5166.8000,5164.2000,5164.0000,5162.0000,5168.8000,5169.4000,5170.0000,5172.6000,5174.0000,3,1,1,4,5,1,1,2,4,1
SF,IC2009,2020-02-14 09:31:17.100,5168.0000,10488,0,57791560.000,0,-,-,-,-,5167.0000,5166.8000,5164.2000,5164.0000,5162.0000,5168.8000,5169.4000,5170.0000,5172.6000,5174.0000,3,1,1,4,5,1,1,2,4,1
SF,IC2009,2020-02-14 09:31:17.600,5167.0000,10488,0,60891760.000,3,1,2,多换,S,5166.8000,5164.2000,5164.0000,5162.0000,5161.2000,5168.8000,5169.4000,5170.0000,5172.6000,5174.0000,1,1,4,5,2,1,1,2,4,1
SF,IC2009,2020-02-14 09:31:18.100,5166.8000,10487,-1,61925120.000,1,0,1,双平,S,5164.2000,5164.0000,5161.2000,5160.0000,5156.2000,5168.0000,5168.8000,5169.4000,5170.0000,5172.6000,1,4,2,3,5,1,1,1,2,4
SF,IC2009,2020-02-14 09:31:18.600,5166.8000,10487,0,61925120.000,0,-,-,-,-,5164.8000,5164.2000,5164.0000,5161.2000,5160.0000,5168.0000,5168.8000,5169.4000,5170.0000,5172.6000,1,1,4,2,2,1,1,1,2,4
SF,IC2009,2020-02-14 09:31:19.100,5166.8000,10487,0,62958480.000,1,0,1,多换,S,5164.8000,5164.2000,5164.0000,5161.2000,5160.0000,5168.0000,5168.8000,5169.4000,5170.0000,5172.6000,1,1,4,2,2,1,1,1,2,4
SF,IC2009,2020-02-14 09:31:20.100,5166.8000,10487,0,62958480.000,0,-,-,-,-,5164.8000,5164.0000,5161.2000,5160.0000,5156.2000,5168.0000,5168.8000,5169.4000,5170.0000,5172.6000,1,4,2,2,5,1,1,1,2,4
SF,IC2009,2020-02-14 09:31:20.600,5166.8000,10487,0,62958480.000,0,-,-,-,-,5164.8000,5164.0000,5161.2000,5160.0000,5156.2000,5168.0000,5168.8000,5169.4000,5170.0000,5172.6000,1,4,2,2,5,1,1,1,2,4
SF,IC2009,2020-02-14 09:31:21.100,5166.8000,10487,0,62958480.000,0,-,-,-,-,5164.8000,5164.0000,5161.2000,5160.0000,5156.2000,5167.8000,5168.0000,5168.8000,5169.4000,5170.0000,1,4,2,2,5,1,1,1,1,2
SF,IC2009,2020-02-14 09:31:22.100,5166.8000,10487,0,62958480.000,0,-,-,-,-,5164.8000,5164.0000,5161.2000,5160.0000,5156.2000,5168.0000,5168.8000,5169.4000,5170.0000,5172.6000,1,4,2,2,5,1,1,1,2,4
SF,IC2009,2020-02-14 09:31:22.600,5164.8000,10486,-1,63991440.000,1,0,1,双平,S,5164.0000,5161.2000,5160.0000,5156.2000,5151.8000,5168.0000,5168.8000,5169.4000,5170.0000,5172.6000,4,1,2,5,1,1,1,1,2,4
SF,IC2009,2020-02-14 09:31:23.100,5164.8000,10486,0,63991440.000,0,-,-,-,-,5164.2000,5164.0000,5161.2000,5160.0000,5156.2000,5167.8000,5168.0000,5168.8000,5169.4000,5170.0000,1,4,1,2,5,2,1,1,1,2
SF,IC2009,2020-02-14 09:31:24.100,5164.8000,10486,0,63991440.000,0,-,-,-,-,5164.4000,5164.2000,5164.0000,5161.2000,5160.0000,5167.8000,5168.0000,5168.8000,5169.4000,5170.0000,1,1,4,1,2,2,1,1,1,2
SF,IC2009,2020-02-14 09:31:24.600,5164.8000,10486,0,63991440.000,0,-,-,-,-,5164.6000,5164.4000,5164.0000,5161.2000,5160.0000,5167.4000,5167.8000,5168.0000,5168.8000,5169.4000,1,1,4,1,2,1,1,1,1,1
SF,IC2009,2020-02-14 09:31:25.100,5164.8000,10486,0,63991440.000,0,-,-,-,-,5164.6000,5164.4000,5164.0000,5161.2000,5160.0000,5168.0000,5168.8000,5169.4000,5170.0000,5172.6000,1,1,4,1,2,1,1,1,2,4
SF,IC2009,2020-02-14 09:31:25.600,5164.8000,10486,0,63991440.000,0,-,-,-,-,5164.6000,5164.4000,5164.0000,5161.2000,5160.0000,5167.8000,5168.0000,5168.8000,5169.4000,5170.0000,1,1,4,1,2,1,1,1,1,2
SF,IC2009,2020-02-14 09:31:26.100,5164.8000,10486,0,63991440.000,0,-,-,-,-,5164.6000,5164.4000,5164.0000,5161.2000,5160.0000,5167.8000,5168.0000,5168.8000,5169.4000,5170.0000,2,1,4,1,2,1,1,1,1,2
SF,IC2009,2020-02-14 09:31:26.600,5164.8000,10486,0,63991440.000,0,-,-,-,-,5164.6000,5164.4000,5164.0000,5161.2000,5160.0000,5167.8000,5168.0000,5168.8000,5169.4000,5170.0000,2,1,4,1,2,1,1,1,1,2
SF,IC2009,2020-02-14 09:31:29.100,5164.8000,10486,0,63991440.000,0,-,-,-,-,5164.6000,5164.4000,5164.0000,5161.2000,5160.0000,5167.6000,5167.8000,5168.0000,5168.8000,5169.4000,2,1,4,1,2,1,1,1,1,1
SF,IC2009,2020-02-14 09:31:29.600,5164.8000,10486,0,63991440.000,0,-,-,-,-,5164.6000,5164.4000,5164.0000,5161.2000,5160.0000,5167.4000,5167.6000,5168.0000,5168.8000,5170.0000,1,1,4,1,2,1,1,2,1,2
SF,IC2009,2020-02-14 09:31:30.100,5164.6000,10485,-1,65024360.000,1,0,1,双平,S,5164.4000,5164.0000,5161.2000,5160.0000,5156.2000,5167.4000,5167.6000,5168.0000,5168.8000,5170.0000,1,4,1,2,5,1,1,2,1,2
SF,IC2009,2020-02-14 09:31:30.600,5164.6000,10485,0,65024360.000,0,-,-,-,-,5164.0000,5161.2000,5160.0000,5156.2000,5151.8000,5167.2000,5167.4000,5168.0000,5168.8000,5170.0000,4,1,2,5,1,1,1,2,1,2
SF,IC2009,2020-02-14 09:31:31.100,5167.0000,10484,-1,66057760.000,1,0,1,双平,S,5164.0000,5161.2000,5160.0000,5156.2000,5151.8000,5167.0000,5167.2000,5168.0000,5168.8000,5170.0000,4,1,1,5,1,1,2,2,1,2
SF,IC2009,2020-02-14 09:31:31.600,5167.0000,10484,0,66057760.000,0,-,-,-,-,5164.0000,5161.2000,5160.0000,5156.2000,5151.8000,5166.8000,5167.0000,5167.2000,5168.0000,5168.8000,4,1,1,5,1,3,1,1,2,1
SF,IC2009,2020-02-14 09:31:32.100,5164.0000,10483,-1,67090560.000,1,0,1,双平,S,5164.0000,5161.2000,5160.0000,5156.2000,5151.8000,5166.8000,5167.2000,5168.0000,5168.8000,5170.0000,3,1,1,5,1,5,1,2,1,2
SF,IC2009,2020-02-14 09:31:32.600,5164.0000,10482,-1,68123360.000,1,0,1,双平,S,5164.0000,5160.0000,5156.2000,5151.8000,5151.6000,5166.6000,5166.8000,5167.2000,5168.0000,5168.8000,2,1,5,1,1,2,4,1,2,1
SF,IC2009,2020-02-14 09:31:33.100,5164.0000,10480,-2,70188960.000,2,0,2,双平,S,5160.0000,5156.2000,5151.8000,5151.6000,5150.8000,5166.4000,5166.6000,5166.8000,5167.2000,5168.0000,1,5,1,1,1,3,2,2,1,2
SF,IC2009,2020-02-14 09:31:33.600,5164.0000,10480,0,70188960.000,0,-,-,-,-,5160.2000,5160.0000,5156.2000,5151.8000,5150.8000,5166.0000,5166.2000,5166.4000,5166.6000,5166.8000,2,1,5,1,1,1,1,4,2,2
SF,IC2009,2020-02-14 09:31:34.100,5164.0000,10480,0,70188960.000,0,-,-,-,-,5160.2000,5160.0000,5156.2000,5151.8000,5150.8000,5165.6000,5165.8000,5166.0000,5166.4000,5166.6000,2,1,5,1,1,1,2,2,3,1
SF,IC2009,2020-02-14 09:31:34.600,5164.0000,10480,0,70188960.000,0,-,-,-,-,5160.4000,5160.2000,5160.0000,5156.2000,5151.8000,5165.4000,5165.6000,5165.8000,5166.0000,5166.4000,1,2,1,5,1,2,1,1,1,3
SF,IC2009,2020-02-14 09:31:35.100,5164.0000,10480,0,70188960.000,0,-,-,-,-,5160.6000,5160.4000,5160.2000,5160.0000,5156.2000,5165.2000,5165.4000,5165.6000,5165.8000,5166.0000,2,1,1,1,5,1,3,1,1,1
SF,IC2009,2020-02-14 09:31:35.600,5164.0000,10480,0,70188960.000,0,-,-,-,-,5160.6000,5160.4000,5160.2000,5160.0000,5156.2000,5165.0000,5165.2000,5165.4000,5165.8000,5166.0000,2,1,1,1,5,1,2,1,1,1
SF,IC2009,2020-02-14 09:31:36.100,5164.0000,10480,0,70188960.000,0,-,-,-,-,5160.6000,5160.4000,5160.2000,5160.0000,5156.2000,5164.8000,5165.0000,5165.2000,5165.4000,5165.8000,2,1,1,1,5,1,2,2,1,1
SF,IC2009,2020-02-14 09:31:36.600,5164.0000,10480,0,70188960.000,0,-,-,-,-,5160.6000,5160.4000,5160.0000,5156.2000,5151.8000,5164.6000,5164.8000,5165.0000,5165.2000,5165.4000,1,1,1,5,1,1,1,1,1,1
SF,IC2009,2020-02-14 09:31:37.100,5164.0000,10480,0,70188960.000,0,-,-,-,-,5160.6000,5160.4000,5160.0000,5156.2000,5151.8000,5164.4000,5164.6000,5165.0000,5165.2000,5165.4000,1,1,1,5,1,2,2,1,1,1
SF,IC2009,2020-02-14 09:31:37.600,5164.0000,10480,0,70188960.000,0,-,-,-,-,5160.6000,5160.4000,5160.0000,5156.2000,5151.8000,5164.4000,5164.6000,5165.0000,5165.4000,5165.8000,1,1,1,5,1,2,1,1,1,1
SF,IC2009,2020-02-14 09:31:38.100,5164.0000,10480,0,70188960.000,0,-,-,-,-,5160.6000,5160.4000,5160.0000,5156.2000,5151.8000,5164.2000,5164.4000,5164.6000,5165.0000,5165.4000,1,1,1,5,1,2,2,1,1,1
SF,IC2009,2020-02-14 09:31:38.600,5164.0000,10480,0,70188960.000,0,-,-,-,-,5160.6000,5160.4000,5160.0000,5156.2000,5151.8000,5164.2000,5164.6000,5165.0000,5165.4000,5165.8000,1,1,1,5,1,1,1,1,1,1
SF,IC2009,2020-02-14 09:31:39.100,5164.0000,10480,0,70188960.000,0,-,-,-,-,5160.6000,5160.4000,5160.0000,5156.2000,5151.8000,5164.0000,5165.0000,5165.4000,5165.8000,5166.0000,1,1,4,5,1,1,1,1,1,1
SF,IC2009,2020-02-14 09:31:39.600,5164.0000,10480,0,70188960.000,0,-,-,-,-,5160.6000,5160.0000,5156.2000,5151.8000,5150.8000,5164.0000,5165.0000,5165.4000,5165.8000,5166.0000,1,4,5,1,1,1,1,1,1,1
SF,IC2009,2020-02-14 09:31:40.100,5164.0000,10480,0,70188960.000,0,-,-,-,-,5160.8000,5160.6000,5160.0000,5156.2000,5151.8000,5165.0000,5165.4000,5165.8000,5166.0000,5166.6000,1,1,4,5,1,1,1,1,1,1
SF,IC2009,2020-02-14 09:31:40.600,5164.0000,10480,0,70188960.000,0,-,-,-,-,5161.0000,5160.8000,5160.0000,5156.2000,5151.8000,5166.0000,5166.6000,5168.0000,5170.0000,5172.6000,1,1,4,5,1,1,1,1,2,4
SF,IC2009,2020-02-14 09:31:41.100,5164.0000,10480,0,70188960.000,0,-,-,-,-,5161.2000,5161.0000,5160.8000,5160.0000,5156.2000,5165.4000,5165.8000,5166.0000,5166.6000,5168.0000,4,1,1,4,5,1,2,1,1,1
SF,IC2009,2020-02-14 09:31:41.600,5164.0000,10480,0,70188960.000,0,-,-,-,-,5161.6000,5161.4000,5161.2000,5160.8000,5160.0000,5166.0000,5166.6000,5168.0000,5170.0000,5172.6000,1,1,4,1,4,1,1,1,2,4
SF,IC2009,2020-02-14 09:31:42.100,5164.0000,10480,0,70188960.000,0,-,-,-,-,5161.8000,5161.6000,5161.4000,5161.2000,5160.8000,5166.0000,5166.6000,5168.0000,5170.0000,5172.6000,6,2,1,4,1,1,1,1,2,4
SF,IC2009,2020-02-14 09:31:42.600,5164.0000,10480,0,70188960.000,0,-,-,-,-,5161.8000,5161.6000,5161.4000,5161.2000,5160.8000,5166.0000,5166.6000,5168.0000,5170.0000,5172.6000,6,3,1,4,1,1,1,1,2,4
SF,IC2009,2020-02-14 09:31:43.100,5164.0000,10480,0,70188960.000,0,-,-,-,-,5162.2000,5161.8000,5161.6000,5161.4000,5161.2000,5166.0000,5166.6000,5168.0000,5170.0000,5172.6000,1,6,2,1,1,1,1,1,2,4
SF,IC2009,2020-02-14 09:31:43.600,5164.0000,10480,0,70188960.000,0,-,-,-,-,5162.4000,5162.2000,5161.8000,5161.6000,5161.4000,5166.0000,5166.6000,5168.0000,5170.0000,5172.6000,5,1,4,2,1,1,1,1,2,4
SF,IC2009,2020-02-14 09:31:44.100,5164.0000,10480,0,70188960.000,0,-,-,-,-,5162.8000,5162.4000,5162.2000,5161.8000,5161.6000,5166.0000,5166.6000,5168.0000,5170.0000,5172.6000,1,5,1,3,1,1,1,1,2,4
SF,IC2009,2020-02-14 09:31:44.600,5164.0000,10480,0,70188960.000,0,-,-,-,-,5163.0000,5162.4000,5162.2000,5161.8000,5161.6000,5166.0000,5166.6000,5168.0000,5170.0000,5172.6000,4,3,1,3,1,1,1,1,2,4
SF,IC2009,2020-02-14 09:31:45.100,5164.0000,10480,0,70188960.000,0,-,-,-,-,5163.0000,5162.4000,5161.8000,5161.4000,5161.2000,5165.8000,5166.0000,5166.6000,5168.0000,5170.0000,2,3,3,1,1,1,1,1,1,2
SF,IC2009,2020-02-14 09:31:45.600,5164.0000,10480,0,70188960.000,0,-,-,-,-,5163.0000,5161.4000,5161.2000,5160.0000,5156.2000,5165.8000,5166.0000,5166.6000,5168.0000,5170.0000,1,1,1,4,5,1,1,1,1,2
SF,IC2009,2020-02-14 09:31:46.100,5164.0000,10479,-1,71221760.000,1,0,1,双平,S,5163.0000,5161.4000,5161.2000,5160.0000,5156.2000,5165.8000,5166.0000,5166.6000,5168.0000,5170.0000,1,1,1,4,5,1,2,1,1,2
SF,IC2009,2020-02-14 09:31:46.600,5164.0000,10479,0,71221760.000,0,-,-,-,-,5161.4000,5160.0000,5156.2000,5151.8000,5150.8000,5165.6000,5165.8000,5166.0000,5166.6000,5168.0000,1,4,5,1,1,3,1,2,1,1
SF,IC2009,2020-02-14 09:31:47.100,5164.0000,10479,0,71221760.000,0,-,-,-,-,5161.6000,5161.4000,5160.0000,5156.2000,5151.8000,5165.4000,5165.6000,5166.0000,5166.6000,5168.0000,1,1,4,5,1,1,1,2,1,1
SF,IC2009,2020-02-14 09:31:48.100,5164.0000,10479,0,71221760.000,0,-,-,-,-,5161.6000,5161.4000,5160.0000,5156.2000,5151.8000,5165.4000,5165.6000,5166.0000,5166.6000,5168.0000,1,1,4,5,1,1,1,2,1,2
SF,IC2009,2020-02-14 09:31:49.100,5164.0000,10479,0,71221760.000,0,-,-,-,-,5161.6000,5160.0000,5156.2000,5151.8000,5150.8000,5165.4000,5165.6000,5166.0000,5166.6000,5168.0000,1,4,5,1,1,1,1,2,1,2
SF,IC2009,2020-02-14 09:31:50.100,5164.0000,10479,0,71221760.000,0,-,-,-,-,5161.6000,5160.2000,5160.0000,5156.2000,5151.8000,5165.4000,5165.6000,5166.0000,5166.6000,5168.0000,1,1,4,5,1,1,1,2,1,2
SF,IC2009,2020-02-14 09:31:51.100,5164.0000,10479,0,71221760.000,0,-,-,-,-,5161.8000,5161.6000,5160.2000,5160.0000,5156.2000,5164.6000,5165.4000,5165.6000,5166.0000,5166.6000,1,1,1,4,5,1,1,1,2,1
SF,IC2009,2020-02-14 09:31:51.600,5164.0000,10479,0,71221760.000,0,-,-,-,-,5162.0000,5161.8000,5160.2000,5160.0000,5156.2000,5164.6000,5165.6000,5166.0000,5166.6000,5168.0000,2,1,1,4,5,1,1,2,1,2
SF,IC2009,2020-02-14 09:31:52.100,5164.6000,10479,0,72254680.000,1,0,1,多换,S,5162.0000,5161.8000,5160.2000,5160.0000,5156.2000,5166.0000,5166.6000,5168.0000,5170.0000,5172.6000,1,1,1,4,5,2,1,2,2,4
SF,IC2009,2020-02-14 09:31:52.600,5164.6000,10479,0,72254680.000,0,-,-,-,-,5162.2000,5162.0000,5161.8000,5160.2000,5160.0000,5165.8000,5166.0000,5166.6000,5168.0000,5170.0000,1,1,1,1,4,1,2,1,2,2
SF,IC2009,2020-02-14 09:31:53.100,5164.6000,10479,0,72254680.000,0,-,-,-,-,5162.4000,5162.2000,5161.8000,5160.2000,5160.0000,5165.8000,5166.0000,5166.6000,5168.0000,5170.0000,1,1,1,1,4,2,2,1,2,2
SF,IC2009,2020-02-14 09:31:53.600,5164.6000,10479,0,72254680.000,0,-,-,-,-,5162.6000,5162.4000,5161.8000,5160.2000,5160.0000,5166.0000,5166.6000,5168.0000,5170.0000,5172.6000,1,2,1,1,4,2,1,2,2,4
SF,IC2009,2020-02-14 09:31:54.100,5164.6000,10479,0,72254680.000,0,-,-,-,-,5162.8000,5162.6000,5162.4000,5161.8000,5160.2000,5166.0000,5166.6000,5168.0000,5170.0000,5172.6000,3,1,1,1,1,2,1,2,2,4
SF,IC2009,2020-02-14 09:31:54.600,5164.6000,10479,0,72254680.000,0,-,-,-,-,5163.0000,5162.8000,5162.4000,5161.8000,5160.2000,5166.0000,5166.6000,5168.0000,5170.0000,5172.6000,1,3,1,1,1,2,1,2,2,4
SF,IC2009,2020-02-14 09:31:55.100,5164.6000,10479,0,72254680.000,0,-,-,-,-,5163.2000,5163.0000,5162.8000,5162.4000,5161.8000,5166.0000,5166.6000,5168.0000,5170.0000,5172.6000,2,1,2,1,1,2,1,1,2,4
SF,IC2009,2020-02-14 09:31:55.600,5164.6000,10479,0,72254680.000,0,-,-,-,-,5163.4000,5163.2000,5162.8000,5162.4000,5161.8000,5166.0000,5166.6000,5168.0000,5170.0000,5172.6000,1,2,2,1,1,2,1,1,2,4
SF,IC2009,2020-02-14 09:31:56.100,5164.6000,10479,0,72254680.000,0,-,-,-,-,5163.6000,5163.4000,5163.2000,5162.8000,5162.4000,5166.0000,5166.6000,5168.0000,5170.0000,5172.6000,1,1,1,2,1,2,1,1,2,4
SF,IC2009,2020-02-14 09:31:56.600,5164.6000,10479,0,72254680.000,0,-,-,-,-,5163.8000,5163.6000,5163.2000,5162.4000,5161.8000,5166.0000,5166.6000,5168.0000,5170.0000,5172.6000,1,1,1,1,1,2,1,1,2,4
SF,IC2009,2020-02-14 09:31:57.600,5164.6000,10479,0,72254680.000,0,-,-,-,-,5163.8000,5163.6000,5162.4000,5160.2000,5160.0000,5166.0000,5166.6000,5168.0000,5170.0000,5172.6000,1,1,1,1,4,2,1,1,2,4
SF,IC2009,2020-02-14 09:31:58.600,5164.6000,10479,0,72254680.000,0,-,-,-,-,5163.8000,5163.6000,5162.4000,5160.2000,5160.0000,5166.0000,5166.6000,5168.0000,5170.0000,5172.6000,1,1,1,1,4,2,1,1,2,4
SF,IC2009,2020-02-14 09:31:59.100,5166.0000,10478,-1,73287880.000,1,0,1,双平,S,5163.8000,5163.6000,5162.4000,5160.2000,5160.0000,5166.0000,5166.6000,5168.0000,5170.0000,5172.6000,1,1,1,1,4,1,1,1,2,4
SF,IC2009,2020-02-14 09:31:59.600,5166.0000,10478,0,73287880.000,0,-,-,-,-,5163.8000,5163.6000,5162.4000,5160.2000,5160.0000,5165.6000,5166.0000,5166.6000,5168.0000,5170.0000,1,1,1,1,4,1,1,1,1,2
SF,IC2009,2020-02-14 09:32:00.100,5166.0000,10478,0,73287880.000,0,-,-,-,-,5163.8000,5162.4000,5160.2000,5160.0000,5156.2000,5165.6000,5166.0000,5166.6000,5168.0000,5170.0000,1,1,1,4,5,1,1,1,1,2
SF,IC2009,2020-02-14 09:32:01.100,5166.0000,10478,0,73287880.000,0,-,-,-,-,5164.0000,5163.8000,5162.4000,5160.2000,5160.0000,5165.6000,5166.0000,5166.6000,5168.0000,5170.0000,1,1,1,1,4,1,1,1,1,2
SF,IC2009,2020-02-14 09:32:01.600,5166.0000,10478,0,73287880.000,0,-,-,-,-,5164.2000,5164.0000,5162.4000,5160.2000,5160.0000,5165.6000,5166.0000,5166.6000,5168.0000,5170.0000,1,1,1,1,4,1,1,1,1,2
SF,IC2009,2020-02-14 09:32:02.100,5166.0000,10478,0,73287880.000,0,-,-,-,-,5164.0000,5162.4000,5160.2000,5160.0000,5156.2000,5165.6000,5166.0000,5166.6000,5168.0000,5170.0000,1,1,1,5,5,1,1,1,1,2
SF,IC2009,2020-02-14 09:32:02.600,5166.0000,10478,0,73287880.000,0,-,-,-,-,5164.0000,5160.2000,5160.0000,5156.2000,5153.0000,5165.4000,5165.6000,5166.0000,5166.6000,5168.0000,1,1,5,5,1,1,1,1,1,1
SF,IC2009,2020-02-14 09:32:03.100,5164.0000,10477,-1,74320680.000,1,0,1,双平,S,5160.2000,5160.0000,5156.2000,5153.0000,5151.8000,5165.4000,5165.6000,5166.0000,5166.6000,5168.0000,1,5,5,1,1,1,1,1,1,1
SF,IC2009,2020-02-14 09:32:03.600,5164.0000,10477,0,74320680.000,0,-,-,-,-,5160.4000,5160.2000,5160.0000,5156.2000,5153.0000,5165.4000,5165.6000,5166.0000,5166.6000,5168.0000,3,1,5,5,1,1,1,1,1,1
SF,IC2009,2020-02-14 09:32:04.100,5164.0000,10477,0,74320680.000,0,-,-,-,-,5160.4000,5160.2000,5160.0000,5156.2000,5153.0000,5165.0000,5165.2000,5165.4000,5165.6000,5166.0000,2,1,5,5,1,1,4,2,1,1
SF,IC2009,2020-02-14 09:32:04.600,5164.0000,10477,0,74320680.000,0,-,-,-,-,5160.4000,5160.2000,5160.0000,5156.2000,5153.0000,5164.8000,5165.0000,5165.2000,5165.4000,5165.6000,2,1,5,5,1,2,1,3,1,1
SF,IC2009,2020-02-14 09:32:05.100,5164.0000,10477,0,74320680.000,0,-,-,-,-,5160.4000,5160.2000,5160.0000,5156.2000,5153.0000,5164.8000,5165.2000,5165.4000,5165.6000,5166.0000,2,1,5,5,1,3,2,1,1,1
SF,IC2009,2020-02-14 09:32:05.600,5164.0000,10477,0,74320680.000,0,-,-,-,-,5160.4000,5160.2000,5160.0000,5156.2000,5153.0000,5164.6000,5164.8000,5165.2000,5165.4000,5165.6000,2,1,5,5,1,1,4,2,1,1
SF,IC2009,2020-02-14 09:32:06.100,5164.0000,10477,0,74320680.000,0,-,-,-,-,5160.4000,5160.2000,5160.0000,5156.2000,5153.0000,5164.0000,5164.4000,5164.6000,5164.8000,5165.2000,1,1,5,5,1,1,2,1,2,2
SF,IC2009,2020-02-14 09:32:06.600,5164.0000,10477,0,74320680.000,0,-,-,-,-,5160.4000,5160.2000,5160.0000,5156.2000,5153.0000,5163.8000,5164.0000,5164.4000,5164.8000,5165.2000,1,1,5,5,1,2,2,1,2,2
SF,IC2009,2020-02-14 09:32:07.100,5164.0000,10477,0,74320680.000,0,-,-,-,-,5160.4000,5160.2000,5160.0000,5156.2000,5153.0000,5163.6000,5163.8000,5164.0000,5164.4000,5164.8000,1,1,5,5,1,1,3,2,1,1
SF,IC2009,2020-02-14 09:32:07.600,5164.0000,10477,0,74320680.000,0,-,-,-,-,5160.4000,5160.2000,5160.0000,5156.2000,5153.0000,5163.4000,5163.6000,5163.8000,5164.0000,5164.4000,1,1,5,5,1,1,1,1,2,1
SF,IC2009,2020-02-14 09:32:08.100,5164.0000,10477,0,74320680.000,0,-,-,-,-,5160.4000,5160.2000,5160.0000,5156.2000,5153.0000,5163.4000,5163.6000,5163.8000,5164.0000,5164.4000,1,1,5,5,1,2,2,1,2,1
SF,IC2009,2020-02-14 09:32:08.600,5164.0000,10477,0,74320680.000,0,-,-,-,-,5160.2000,5160.0000,5153.0000,5151.8000,5150.8000,5163.4000,5163.6000,5163.8000,5164.0000,5164.4000,1,5,1,1,1,2,1,1,1,1
SF,IC2009,2020-02-14 09:32:09.100,5164.0000,10477,0,74320680.000,0,-,-,-,-,5160.2000,5160.0000,5153.0000,5151.8000,5150.8000,5162.4000,5163.2000,5163.4000,5163.8000,5164.0000,1,5,1,1,1,1,2,2,1,1
SF,IC2009,2020-02-14 09:32:09.600,5164.0000,10477,0,74320680.000,0,-,-,-,-,5160.2000,5160.0000,5153.0000,5151.8000,5150.8000,5162.2000,5162.4000,5163.0000,5163.2000,5163.8000,1,5,1,1,1,2,1,1,2,1
SF,IC2009,2020-02-14 09:32:10.100,5164.0000,10477,0,74320680.000,0,-,-,-,-,5160.2000,5160.0000,5153.0000,5151.8000,5150.8000,5162.2000,5162.4000,5163.0000,5163.2000,5163.8000,1,5,1,1,1,3,1,1,1,1
SF,IC2009,2020-02-14 09:32:10.600,5160.2000,10477,0,75352720.000,1,0,1,多换,S,5160.0000,5153.0000,5151.8000,5150.8000,5150.4000,5162.0000,5162.2000,5163.2000,5163.8000,5165.6000,5,1,1,1,5,1,4,1,1,1
SF,IC2009,2020-02-14 09:32:11.100,5160.0000,10477,0,76384720.000,1,0,1,多换,S,5160.0000,5153.0000,5151.8000,5150.8000,5150.4000,5161.8000,5162.0000,5162.2000,5163.2000,5163.8000,4,1,1,1,5,1,1,2,1,1
SF,IC2009,2020-02-14 09:32:11.600,5160.0000,10477,0,78448720.000,2,1,1,多换,S,5160.0000,5153.0000,5151.8000,5150.8000,5150.4000,5161.6000,5161.8000,5162.0000,5162.2000,5163.2000,2,1,1,1,5,1,3,1,1,1
SF,IC2009,2020-02-14 09:32:12.100,5160.0000,10477,0,79480720.000,1,0,1,多换,S,5160.0000,5153.0000,5151.8000,5150.8000,5150.4000,5161.6000,5161.8000,5162.2000,5163.2000,5165.6000,1,1,1,1,5,2,1,1,1,1
SF,IC2009,2020-02-14 09:32:12.600,5160.0000,10477,0,80512720.000,1,0,1,多换,S,5153.0000,5151.8000,5150.8000,5150.4000,5150.0000,5161.4000,5161.6000,5161.8000,5162.2000,5163.2000,1,1,1,5,46,3,1,1,1,1
SF,IC2009,2020-02-14 09:32:13.100,5161.2000,10477,0,81544960.000,1,0,1,多换,S,5154.6000,5153.2000,5153.0000,5151.8000,5150.8000,5160.8000,5161.4000,5161.8000,5162.2000,5163.2000,1,3,1,1,1,1,3,1,1,1
SF,IC2009,2020-02-14 09:32:13.600,5161.2000,10477,0,81544960.000,0,-,-,-,-,5154.8000,5154.6000,5153.2000,5153.0000,5151.8000,5159.8000,5161.4000,5161.8000,5162.2000,5165.6000,3,1,2,2,1,1,3,1,1,1
SF,IC2009,2020-02-14 09:32:14.100,5159.8000,10476,-1,82576920.000,1,0,1,双平,S,5154.8000,5154.6000,5153.2000,5153.0000,5151.8000,5160.4000,5160.8000,5161.4000,5165.6000,5166.0000,2,1,2,2,1,1,1,1,1,1
SF,IC2009,2020-02-14 09:32:14.600,5159.8000,10476,0,82576920.000,0,-,-,-,-,5155.6000,5155.0000,5154.8000,5154.6000,5153.2000,5160.4000,5161.4000,5165.6000,5166.0000,5166.6000,1,1,2,1,2,1,1,1,1,1
SF,IC2009,2020-02-14 09:32:15.100,5160.4000,10475,-1,83609000.000,1,0,1,双平,S,5155.8000,5155.6000,5155.2000,5154.8000,5154.6000,5161.4000,5165.6000,5166.0000,5166.6000,5167.8000,2,1,1,1,1,1,1,1,1,5
SF,IC2009,2020-02-14 09:32:15.600,5160.4000,10475,0,83609000.000,0,-,-,-,-,5156.6000,5156.2000,5155.8000,5155.2000,5154.8000,5165.6000,5166.0000,5166.6000,5167.8000,5168.0000,2,1,2,1,1,1,1,1,5,1
SF,IC2009,2020-02-14 09:32:16.100,5160.4000,10475,0,83609000.000,0,-,-,-,-,5157.4000,5156.8000,5156.6000,5156.2000,5155.8000,5162.8000,5163.6000,5164.2000,5165.4000,5165.6000,1,5,4,2,1,1,1,1,5,1
SF,IC2009,2020-02-14 09:32:16.600,5160.4000,10475,0,83609000.000,0,-,-,-,-,5157.6000,5157.4000,5156.8000,5156.6000,5156.2000,5160.8000,5164.2000,5165.6000,5166.0000,5166.6000,5,1,3,4,2,1,1,1,1,1
SF,IC2009,2020-02-14 09:32:17.100,5160.8000,10474,-1,84641160.000,1,0,1,双平,S,5158.6000,5157.6000,5156.8000,5156.6000,5156.2000,5165.6000,5166.0000,5166.6000,5168.0000,5170.0000,1,4,3,4,1,1,1,1,1,2
SF,IC2009,2020-02-14 09:32:17.600,5160.8000,10474,0,84641160.000,0,-,-,-,-,5158.8000,5158.6000,5157.6000,5156.8000,5156.6000,5164.0000,5165.4000,5165.6000,5166.0000,5166.6000,3,1,3,3,3,2,5,1,1,1
SF,IC2009,2020-02-14 09:32:18.100,5160.8000,10474,0,84641160.000,0,-,-,-,-,5158.8000,5158.6000,5157.6000,5156.6000,5155.2000,5163.8000,5164.0000,5165.4000,5165.6000,5166.0000,3,1,3,1,1,2,2,3,1,1
SF,IC2009,2020-02-14 09:32:18.600,5160.8000,10474,0,84641160.000,0,-,-,-,-,5158.8000,5158.6000,5157.6000,5156.6000,5155.2000,5163.8000,5164.0000,5165.4000,5165.6000,5166.0000,3,1,3,1,1,3,1,3,1,1
SF,IC2009,2020-02-14 09:32:19.100,5160.8000,10474,0,84641160.000,0,-,-,-,-,5158.8000,5157.6000,5156.6000,5155.2000,5154.6000,5163.0000,5163.2000,5163.8000,5165.4000,5165.6000,2,3,1,1,1,1,1,3,2,1
SF,IC2009,2020-02-14 09:32:19.600,5160.8000,10474,0,84641160.000,0,-,-,-,-,5158.8000,5157.6000,5156.6000,5155.2000,5154.6000,5162.8000,5163.0000,5163.2000,5163.6000,5163.8000,1,3,1,1,1,2,2,1,1,1
SF,IC2009,2020-02-14 09:32:20.100,5160.8000,10474,0,84641160.000,0,-,-,-,-,5157.6000,5156.6000,5155.2000,5154.6000,5153.2000,5162.8000,5163.0000,5163.6000,5163.8000,5165.6000,3,1,1,1,1,3,2,1,1,1
SF,IC2009,2020-02-14 09:32:20.600,5160.8000,10474,0,84641160.000,0,-,-,-,-,5157.8000,5157.6000,5155.2000,5154.6000,5153.2000,5161.8000,5162.2000,5162.8000,5163.6000,5163.8000,2,3,1,1,1,1,1,4,1,1
SF,IC2009,2020-02-14 09:32:21.100,5160.8000,10474,0,84641160.000,0,-,-,-,-,5157.8000,5157.6000,5155.2000,5154.6000,5153.2000,5161.6000,5161.8000,5162.2000,5162.8000,5163.6000,1,3,1,1,1,1,1,1,2,1
SF,IC2009,2020-02-14 09:32:21.600,5160.8000,10474,0,84641160.000,0,-,-,-,-,5157.8000,5154.6000,5153.2000,5153.0000,5151.8000,5161.6000,5161.8000,5162.8000,5163.6000,5165.6000,1,1,1,1,1,2,1,2,1,1
SF,IC2009,2020-02-14 09:32:22.100,5160.8000,10474,0,84641160.000,0,-,-,-,-,5158.0000,5157.8000,5154.6000,5153.2000,5153.0000,5161.6000,5161.8000,5162.8000,5163.6000,5165.6000,1,1,1,1,1,2,1,2,1,1
SF,IC2009,2020-02-14 09:32:22.600,5161.4000,10473,-1,85673440.000,1,0,1,双平,S,5158.2000,5158.0000,5154.6000,5153.2000,5153.0000,5161.6000,5162.8000,5163.6000,5165.6000,5166.0000,1,2,1,1,1,2,2,1,1,1
SF,IC2009,2020-02-14 09:32:23.100,5161.4000,10473,0,85673440.000,0,-,-,-,-,5158.4000,5158.2000,5154.6000,5153.2000,5153.0000,5161.6000,5162.8000,5163.6000,5165.0000,5165.6000,1,1,1,1,1,2,2,1,2,1
SF,IC2009,2020-02-14 09:32:23.600,5161.4000,10473,0,85673440.000,0,-,-,-,-,5158.6000,5158.4000,5154.6000,5153.2000,5153.0000,5160.8000,5161.6000,5162.8000,5163.6000,5165.0000,1,1,1,1,1,1,1,1,1,2
SF,IC2009,2020-02-14 09:32:24.100,5161.4000,10473,0,85673440.000,0,-,-,-,-,5158.6000,5158.4000,5154.6000,5153.2000,5153.0000,5161.4000,5162.8000,5163.6000,5165.0000,5165.6000,1,1,1,1,1,1,1,1,2,1
SF,IC2009,2020-02-14 09:32:24.600,5161.4000,10473,0,85673440.000,0,-,-,-,-,5158.8000,5158.6000,5154.6000,5153.2000,5153.0000,5162.8000,5163.6000,5165.0000,5165.6000,5166.0000,1,1,1,1,1,1,1,2,1,1
SF,IC2009,2020-02-14 09:32:25.100,5161.4000,10473,0,85673440.000,0,-,-,-,-,5159.0000,5158.8000,5158.4000,5154.6000,5153.2000,5162.6000,5162.8000,5163.6000,5165.0000,5165.6000,1,1,1,1,1,5,1,1,2,1
SF,IC2009,2020-02-14 09:32:25.600,5161.4000,10473,0,85673440.000,0,-,-,-,-,5159.2000,5159.0000,5158.4000,5154.6000,5153.2000,5162.6000,5162.8000,5163.6000,5165.0000,5165.6000,1,1,1,1,1,2,1,1,2,1
SF,IC2009,2020-02-14 09:32:26.100,5161.4000,10473,0,85673440.000,0,-,-,-,-,5159.4000,5159.2000,5158.4000,5154.6000,5153.2000,5162.6000,5162.8000,5163.6000,5165.0000,5165.6000,1,1,1,1,1,2,1,1,2,1
SF,IC2009,2020-02-14 09:32:26.600,5161.4000,10473,0,85673440.000,0,-,-,-,-,5159.6000,5159.4000,5158.4000,5154.6000,5153.2000,5162.0000,5162.6000,5162.8000,5163.6000,5165.0000,1,1,1,1,1,1,2,1,1,2
SF,IC2009,2020-02-14 09:32:27.100,5161.4000,10473,0,85673440.000,0,-,-,-,-,5159.8000,5159.6000,5158.4000,5154.6000,5153.2000,5161.8000,5162.4000,5162.8000,5165.0000,5165.6000,1,1,1,1,1,1,1,1,2,1
SF,IC2009,2020-02-14 09:32:27.600,5161.4000,10473,0,85673440.000,0,-,-,-,-,5159.8000,5159.6000,5158.4000,5154.6000,5153.2000,5161.8000,5162.4000,5162.8000,5165.0000,5165.6000,1,1,1,1,1,2,1,1,2,1
SF,IC2009,2020-02-14 09:32:28.100,5161.4000,10473,0,85673440.000,0,-,-,-,-,5159.8000,5158.4000,5154.6000,5153.2000,5153.0000,5160.0000,5162.8000,5165.0000,5165.6000,5166.0000,1,1,1,1,1,1,1,2,1,1
SF,IC2009,2020-02-14 09:32:28.600,5160.0000,10473,0,86705440.000,1,0,1,多换,S,5159.8000,5158.4000,5154.6000,5153.2000,5153.0000,5162.8000,5165.0000,5165.6000,5166.0000,5166.6000,1,1,1,1,1,1,2,1,1,1
SF,IC2009,2020-02-14 09:32:29.100,5160.0000,10473,0,86705440.000,0,-,-,-,-,5160.0000,5159.8000,5158.4000,5154.6000,5153.2000,5162.6000,5162.8000,5165.0000,5165.6000,5166.0000,1,1,1,1,1,3,1,2,1,1
SF,IC2009,2020-02-14 09:32:29.600,5160.0000,10473,0,86705440.000,0,-,-,-,-,5160.0000,5158.4000,5154.6000,5153.2000,5153.0000,5162.6000,5162.8000,5165.0000,5165.6000,5166.0000,1,1,1,1,1,3,1,2,1,1
SF,IC2009,2020-02-14 09:32:30.100,5160.0000,10473,0,86705440.000,0,-,-,-,-,5160.0000,5158.4000,5154.6000,5153.2000,5153.0000,5162.2000,5162.6000,5162.8000,5165.0000,5165.6000,1,1,1,1,1,1,3,1,2,1
SF,IC2009,2020-02-14 09:32:30.600,5160.0000,10473,0,86705440.000,0,-,-,-,-,5160.0000,5158.4000,5154.6000,5153.2000,5153.0000,5162.0000,5162.2000,5162.6000,5162.8000,5165.0000,1,1,1,1,1,4,1,1,1,2
SF,IC2009,2020-02-14 09:32:31.100,5160.0000,10473,0,86705440.000,0,-,-,-,-,5160.0000,5158.4000,5154.6000,5153.2000,5153.0000,5162.0000,5162.2000,5162.6000,5162.8000,5165.0000,1,1,1,1,1,5,1,1,1,2
SF,IC2009,2020-02-14 09:32:31.600,5160.0000,10473,0,86705440.000,0,-,-,-,-,5160.0000,5158.4000,5154.6000,5153.2000,5153.0000,5161.0000,5162.0000,5162.6000,5162.8000,5165.0000,1,1,1,1,1,1,5,1,1,2
SF,IC2009,2020-02-14 09:32:32.100,5160.0000,10473,0,86705440.000,0,-,-,-,-,5160.2000,5160.0000,5158.4000,5154.6000,5153.2000,5162.6000,5162.8000,5165.0000,5165.6000,5166.0000,1,1,1,1,1,1,1,2,1,1
SF,IC2009,2020-02-14 09:32:32.600,5160.0000,10473,0,86705440.000,0,-,-,-,-,5160.2000,5160.0000,5158.4000,5154.6000,5153.2000,5162.4000,5162.6000,5162.8000,5165.0000,5165.6000,1,1,1,1,1,3,1,1,2,1
SF,IC2009,2020-02-14 09:32:33.100,5160.0000,10473,0,86705440.000,0,-,-,-,-,5160.2000,5160.0000,5158.4000,5154.6000,5153.2000,5162.4000,5162.8000,5165.0000,5165.6000,5166.0000,1,1,1,1,1,1,1,2,1,1
SF,IC2009,2020-02-14 09:32:34.600,5160.0000,10473,0,86705440.000,0,-,-,-,-,5160.2000,5160.0000,5158.4000,5154.6000,5153.2000,5165.0000,5165.6000,5166.0000,5166.6000,5168.0000,1,1,1,1,1,2,1,1,1,1
SF,IC2009,2020-02-14 09:32:35.100,5160.0000,10473,0,86705440.000,0,-,-,-,-,5160.4000,5160.2000,5160.0000,5158.4000,5154.6000,5163.8000,5164.8000,5165.0000,5165.6000,5166.0000,2,1,1,1,1,1,5,2,1,1
SF,IC2009,2020-02-14 09:32:35.600,5160.0000,10473,0,86705440.000,0,-,-,-,-,5160.6000,5160.4000,5160.0000,5158.4000,5154.6000,5163.8000,5164.8000,5165.0000,5165.6000,5166.0000,1,2,1,1,1,1,3,2,1,1
SF,IC2009,2020-02-14 09:32:36.100,5160.0000,10473,0,86705440.000,0,-,-,-,-,5160.8000,5160.6000,5160.4000,5160.0000,5158.4000,5164.8000,5165.0000,5165.6000,5166.0000,5166.6000,1,1,1,1,1,3,2,1,1,1
SF,IC2009,2020-02-14 09:32:36.600,5160.0000,10473,0,86705440.000,0,-,-,-,-,5161.0000,5160.8000,5160.0000,5158.4000,5154.6000,5165.0000,5165.6000,5166.0000,5166.6000,5168.0000,1,1,1,1,1,2,1,1,1,1
SF,IC2009,2020-02-14 09:32:37.100,5160.0000,10473,0,86705440.000,0,-,-,-,-,5161.8000,5161.2000,5161.0000,5160.0000,5158.4000,5164.8000,5165.0000,5165.6000,5166.0000,5166.6000,1,1,1,1,1,2,2,1,1,1
SF,IC2009,2020-02-14 09:32:37.600,5160.0000,10473,0,86705440.000,0,-,-,-,-,5162.0000,5160.0000,5158.4000,5154.6000,5153.0000,5164.8000,5165.0000,5165.6000,5166.0000,5166.6000,2,1,1,1,1,3,2,1,1,1
SF,IC2009,2020-02-14 09:32:38.100,5160.0000,10473,0,86705440.000,0,-,-,-,-,5162.0000,5160.0000,5158.4000,5154.6000,5153.0000,5164.8000,5165.0000,5165.6000,5166.0000,5166.6000,2,1,1,1,1,2,2,1,1,1
SF,IC2009,2020-02-14 09:32:38.600,5160.0000,10473,0,86705440.000,0,-,-,-,-,5162.4000,5162.0000,5160.0000,5158.4000,5154.6000,5164.8000,5165.0000,5165.6000,5166.0000,5166.6000,1,2,1,1,1,1,2,1,1,1
SF,IC2009,2020-02-14 09:32:39.100,5160.0000,10473,0,86705440.000,0,-,-,-,-,5162.6000,5162.4000,5162.0000,5160.0000,5158.4000,5165.0000,5165.6000,5166.0000,5166.6000,5168.0000,1,1,1,1,1,2,1,1,1,1
SF,IC2009,2020-02-14 09:32:39.600,5160.0000,10473,0,86705440.000,0,-,-,-,-,5162.6000,5162.4000,5162.0000,5160.0000,5158.4000,5164.0000,5165.0000,5165.6000,5166.0000,5166.6000,1,1,1,1,1,1,2,1,1,1
SF,IC2009,2020-02-14 09:32:40.100,5165.0000,10473,0,87738440.000,1,0,1,多换,S,5162.6000,5162.4000,5160.0000,5158.4000,5154.6000,5165.0000,5165.6000,5166.0000,5166.6000,5168.0000,1,1,1,1,1,1,1,1,1,1
SF,IC2009,2020-02-14 09:32:40.600,5165.0000,10473,0,87738440.000,0,-,-,-,-,5160.0000,5158.4000,5154.6000,5153.0000,5151.8000,5164.8000,5165.0000,5165.6000,5166.0000,5166.6000,1,1,1,1,1,1,1,1,1,1
SF,IC2009,2020-02-14 09:32:41.100,5165.0000,10473,0,87738440.000,0,-,-,-,-,5161.6000,5160.2000,5160.0000,5158.4000,5154.6000,5164.8000,5165.0000,5165.6000,5166.0000,5166.6000,1,2,2,1,1,2,2,1,1,1
SF,IC2009,2020-02-14 09:32:41.600,5165.0000,10473,0,87738440.000,0,-,-,-,-,5161.8000,5161.6000,5160.0000,5158.4000,5154.6000,5164.8000,5165.0000,5165.6000,5166.0000,5166.6000,2,1,2,1,1,2,2,1,1,1
SF,IC2009,2020-02-14 09:32:42.600,5165.0000,10473,0,87738440.000,0,-,-,-,-,5161.8000,5161.6000,5160.0000,5158.4000,5154.6000,5164.8000,5165.0000,5165.6000,5166.0000,5166.6000,2,1,2,1,1,2,1,1,1,1
SF,IC2009,2020-02-14 09:32:43.100,5165.0000,10473,0,87738440.000,0,-,-,-,-,5161.8000,5160.0000,5158.4000,5154.6000,5153.0000,5164.8000,5165.0000,5165.6000,5166.0000,5166.6000,2,1,1,1,1,2,1,1,1,1
SF,IC2009,2020-02-14 09:32:43.600,5165.0000,10473,0,87738440.000,0,-,-,-,-,5161.8000,5160.0000,5158.4000,5154.6000,5153.0000,5164.6000,5164.8000,5165.0000,5165.6000,5166.0000,2,1,1,1,1,1,2,1,1,1
SF,IC2009,2020-02-14 09:32:44.100,5165.0000,10473,0,87738440.000,0,-,-,-,-,5161.8000,5160.0000,5158.4000,5154.6000,5153.0000,5164.4000,5164.6000,5164.8000,5165.0000,5165.6000,2,1,1,1,1,1,1,1,1,1
SF,IC2009,2020-02-14 09:32:44.600,5165.0000,10473,0,87738440.000,0,-,-,-,-,5161.8000,5160.0000,5158.4000,5154.6000,5153.0000,5164.4000,5164.6000,5165.0000,5165.6000,5166.0000,2,1,1,1,1,1,1,1,1,1
SF,IC2009,2020-02-14 09:32:45.100,5161.8000,10472,-1,88770800.000,1,0,1,双平,S,5160.0000,5158.4000,5154.6000,5153.0000,5151.8000,5164.2000,5164.4000,5164.6000,5165.0000,5165.6000,1,1,1,1,1,3,1,1,1,1
SF,IC2009,2020-02-14 09:32:45.600,5161.8000,10472,0,88770800.000,0,-,-,-,-,5160.2000,5160.0000,5158.4000,5154.6000,5153.0000,5164.0000,5164.2000,5165.0000,5165.6000,5166.0000,3,1,1,1,1,2,3,1,1,1
SF,IC2009,2020-02-14 09:32:46.100,5161.8000,10472,0,88770800.000,0,-,-,-,-,5160.2000,5160.0000,5158.4000,5154.6000,5153.0000,5163.8000,5164.0000,5165.0000,5165.6000,5166.0000,2,1,1,1,1,1,1,1,1,1
SF,IC2009,2020-02-14 09:32:46.600,5161.8000,10472,0,88770800.000,0,-,-,-,-,5160.6000,5160.2000,5160.0000,5158.4000,5154.6000,5163.6000,5163.8000,5165.0000,5165.6000,5166.0000,1,2,1,1,1,1,1,1,1,1
SF,IC2009,2020-02-14 09:32:47.100,5161.8000,10472,0,88770800.000,0,-,-,-,-,5160.8000,5160.6000,5160.2000,5160.0000,5158.4000,5163.4000,5163.6000,5165.0000,5165.6000,5166.0000,1,1,1,1,1,1,1,1,1,1
SF,IC2009,2020-02-14 09:32:47.600,5161.8000,10472,0,88770800.000,0,-,-,-,-,5160.8000,5160.2000,5160.0000,5158.4000,5154.6000,5163.2000,5163.4000,5163.6000,5165.0000,5165.6000,1,1,1,1,1,1,1,1,1,1
SF,IC2009,2020-02-14 09:32:48.100,5161.8000,10472,0,88770800.000,0,-,-,-,-,5160.8000,5160.2000,5160.0000,5158.4000,5154.6000,5163.4000,5163.6000,5165.0000,5165.6000,5166.0000,1,1,1,1,1,2,1,1,1,1
SF,IC2009,2020-02-14 09:32:50.100,5161.8000,10472,0,88770800.000,0,-,-,-,-,5160.8000,5160.2000,5160.0000,5158.4000,5154.6000,5163.4000,5163.6000,5165.0000,5165.6000,5166.0000,1,1,1,1,1,2,1,1,1,1
SF,IC2009,2020-02-14 09:32:50.600,5161.8000,10472,0,88770800.000,0,-,-,-,-,5160.8000,5160.2000,5160.0000,5158.4000,5154.6000,5163.2000,5163.4000,5163.6000,5165.0000,5165.6000,1,1,1,1,1,2,2,1,1,1
SF,IC2009,2020-02-14 09:32:51.100,5161.8000,10472,0,88770800.000,0,-,-,-,-,5160.8000,5160.0000,5158.4000,5154.6000,5153.0000,5163.2000,5163.4000,5165.0000,5165.6000,5166.0000,1,1,1,1,1,2,2,1,1,1
SF,IC2009,2020-02-14 09:32:52.100,5161.8000,10472,0,88770800.000,0,-,-,-,-,5160.8000,5160.0000,5158.4000,5154.6000,5153.0000,5163.2000,5163.4000,5165.0000,5165.6000,5166.0000,1,1,1,1,1,2,2,1,1,1
SF,IC2009,2020-02-14 09:32:52.600,5161.8000,10472,0,88770800.000,0,-,-,-,-,5160.0000,5158.4000,5154.6000,5153.0000,5151.8000,5163.2000,5163.4000,5165.0000,5165.6000,5166.0000,1,1,1,1,1,2,2,1,1,1
SF,IC2009,2020-02-14 09:32:53.100,5161.8000,10472,0,88770800.000,0,-,-,-,-,5160.2000,5160.0000,5158.4000,5154.6000,5153.0000,5163.0000,5163.2000,5163.4000,5165.0000,5165.6000,1,1,1,1,1,1,2,1,1,1
SF,IC2009,2020-02-14 09:32:53.600,5161.8000,10472,0,88770800.000,0,-,-,-,-,5160.2000,5160.0000,5158.4000,5154.6000,5153.0000,5162.8000,5163.0000,5163.2000,5163.4000,5165.0000,1,1,1,1,1,1,5,1,1,1
SF,IC2009,2020-02-14 09:32:54.100,5161.8000,10472,0,88770800.000,0,-,-,-,-,5160.2000,5160.0000,5158.4000,5154.6000,5153.0000,5162.6000,5163.2000,5163.4000,5165.0000,5165.6000,1,1,1,1,1,1,1,1,1,1
SF,IC2009,2020-02-14 09:32:54.600,5161.8000,10472,0,88770800.000,0,-,-,-,-,5160.2000,5160.0000,5158.4000,5154.6000,5153.0000,5162.6000,5163.4000,5165.0000,5165.6000,5166.0000,1,1,1,1,1,1,1,1,1,1
SF,IC2009,2020-02-14 09:32:55.100,5161.8000,10472,0,88770800.000,0,-,-,-,-,5160.2000,5160.0000,5158.4000,5154.6000,5153.0000,5162.6000,5163.4000,5165.0000,5165.6000,5166.0000,2,1,1,1,1,1,1,1,1,1
SF,IC2009,2020-02-14 09:32:55.600,5161.8000,10472,0,88770800.000,0,-,-,-,-,5160.2000,5160.0000,5158.4000,5154.6000,5153.0000,5162.6000,5163.4000,5165.0000,5165.6000,5166.0000,1,1,1,1,1,1,1,1,1,1
SF,IC2009,2020-02-14 09:32:56.100,5161.8000,10472,0,88770800.000,0,-,-,-,-,5161.0000,5160.2000,5160.0000,5158.4000,5154.6000,5162.6000,5165.0000,5165.6000,5166.0000,5166.6000,1,1,1,1,1,1,1,1,1,1
SF,IC2009,2020-02-14 09:32:56.600,5161.8000,10472,0,88770800.000,0,-,-,-,-,5161.2000,5160.4000,5160.0000,5158.4000,5154.6000,5165.0000,5165.6000,5166.0000,5166.6000,5168.0000,1,1,1,1,1,1,1,1,1,1
SF,IC2009,2020-02-14 09:32:57.100,5161.8000,10472,0,88770800.000,0,-,-,-,-,5161.2000,5160.4000,5160.0000,5158.4000,5154.6000,5164.2000,5164.8000,5165.0000,5165.6000,5166.0000,1,1,1,1,1,1,4,1,1,1
SF,IC2009,2020-02-14 09:32:57.600,5161.8000,10472,0,88770800.000,0,-,-,-,-,5160.0000,5158.4000,5154.6000,5153.0000,5150.8000,5164.0000,5164.8000,5165.0000,5165.6000,5166.0000,1,1,1,1,1,6,2,1,1,1
SF,IC2009,2020-02-14 09:32:58.100,5161.8000,10472,0,88770800.000,0,-,-,-,-,5160.2000,5160.0000,5158.4000,5154.6000,5153.0000,5164.0000,5164.8000,5165.0000,5165.6000,5166.0000,1,1,1,1,1,6,2,1,1,1
SF,IC2009,2020-02-14 09:32:58.600,5161.8000,10472,0,88770800.000,0,-,-,-,-,5160.2000,5160.0000,5158.4000,5154.6000,5153.0000,5164.0000,5164.8000,5165.0000,5165.6000,5166.0000,1,1,1,1,1,6,2,1,1,1
SF,IC2009,2020-02-14 09:32:59.600,5161.8000,10472,0,88770800.000,0,-,-,-,-,5160.2000,5160.0000,5154.6000,5153.0000,5150.8000,5164.0000,5164.8000,5165.0000,5165.6000,5166.0000,1,1,1,1,1,6,2,1,1,1
SF,IC2009,2020-02-14 09:33:00.600,5161.8000,10472,0,88770800.000,0,-,-,-,-,5160.2000,5160.0000,5154.6000,5153.0000,5150.8000,5163.8000,5164.0000,5164.8000,5165.0000,5165.6000,1,1,1,1,1,1,3,2,1,1
SF,IC2009,2020-02-14 09:33:01.100,5161.8000,10472,0,88770800.000,0,-,-,-,-,5160.2000,5160.0000,5154.6000,5153.0000,5150.8000,5163.6000,5163.8000,5164.8000,5165.0000,5165.6000,2,1,1,1,1,1,1,2,1,1
SF,IC2009,2020-02-14 09:33:01.600,5161.8000,10472,0,88770800.000,0,-,-,-,-,5160.6000,5160.2000,5160.0000,5154.6000,5153.0000,5163.6000,5165.0000,5165.6000,5166.0000,5166.6000,1,1,1,1,1,1,1,1,1,1
SF,IC2009,2020-02-14 09:33:02.100,5161.8000,10472,0,88770800.000,0,-,-,-,-,5160.8000,5160.6000,5160.4000,5160.0000,5154.6000,5163.6000,5165.0000,5165.6000,5166.0000,5166.6000,1,1,2,1,1,1,1,1,1,1
SF,IC2009,2020-02-14 09:33:02.600,5161.8000,10472,0,88770800.000,0,-,-,-,-,5160.8000,5160.6000,5160.4000,5160.0000,5154.6000,5163.6000,5165.0000,5165.6000,5166.0000,5166.6000,1,1,1,1,1,1,1,1,1,1
SF,IC2009,2020-02-14 09:33:03.100,5161.8000,10472,0,88770800.000,0,-,-,-,-,5161.0000,5160.8000,5160.6000,5160.4000,5160.0000,5163.0000,5163.6000,5165.0000,5165.6000,5166.0000,1,1,1,1,1,1,1,1,1,1
SF,IC2009,2020-02-14 09:33:03.600,5161.8000,10472,0,88770800.000,0,-,-,-,-,5161.2000,5160.0000,5157.4000,5154.6000,5153.0000,5163.0000,5163.6000,5165.0000,5165.6000,5166.0000,1,1,1,1,1,1,1,1,1,1
SF,IC2009,2020-02-14 09:33:04.100,5161.8000,10472,0,88770800.000,0,-,-,-,-,5161.8000,5161.2000,5160.0000,5157.4000,5154.6000,5163.0000,5163.6000,5165.0000,5165.6000,5166.0000,1,1,1,1,1,1,1,1,1,1
SF,IC2009,2020-02-14 09:33:04.600,5161.8000,10472,0,88770800.000,0,-,-,-,-,5162.2000,5161.8000,5161.2000,5160.0000,5157.4000,5163.0000,5165.0000,5165.6000,5166.0000,5166.6000,1,1,1,1,1,1,1,1,1,1
SF,IC2009,2020-02-14 09:33:05.100,5161.8000,10472,0,88770800.000,0,-,-,-,-,5161.4000,5161.2000,5160.0000,5157.4000,5154.6000,5163.0000,5165.0000,5165.6000,5166.0000,5166.6000,1,1,1,1,1,1,1,1,1,1
SF,IC2009,2020-02-14 09:33:05.600,5163.0000,10471,-1,89803400.000,1,0,1,双平,S,5161.6000,5161.4000,5160.0000,5157.4000,5154.6000,5165.0000,5165.6000,5166.0000,5166.6000,5168.0000,1,1,1,1,1,1,1,1,1,1
SF,IC2009,2020-02-14 09:33:06.100,5163.0000,10471,0,89803400.000,0,-,-,-,-,5161.6000,5161.4000,5160.0000,5157.4000,5154.6000,5164.8000,5165.0000,5165.6000,5166.0000,5166.6000,1,1,1,1,1,3,1,1,1,1
SF,IC2009,2020-02-14 09:33:06.600,5163.0000,10471,0,89803400.000,0,-,-,-,-,5161.6000,5161.4000,5160.0000,5157.4000,5154.6000,5164.8000,5165.0000,5165.6000,5166.0000,5166.6000,1,1,1,1,1,3,1,1,1,1
SF,IC2009,2020-02-14 09:33:07.100,5163.0000,10471,0,89803400.000,0,-,-,-,-,5161.8000,5161.6000,5161.4000,5160.0000,5157.4000,5164.8000,5165.0000,5165.6000,5166.0000,5166.6000,1,1,1,1,1,3,1,1,1,1
SF,IC2009,2020-02-14 09:33:07.600,5163.0000,10471,0,89803400.000,0,-,-,-,-,5162.0000,5161.8000,5161.4000,5160.0000,5157.4000,5164.8000,5165.0000,5165.6000,5166.0000,5166.6000,1,1,1,1,1,3,1,1,1,1
SF,IC2009,2020-02-14 09:33:10.100,5162.0000,10470,-1,90835800.000,1,0,1,双平,S,5161.8000,5161.4000,5160.0000,5157.4000,5154.6000,5164.8000,5165.0000,5165.6000,5166.0000,5166.6000,1,1,1,1,1,3,1,1,1,1
SF,IC2009,2020-02-14 09:33:10.600,5162.0000,10470,0,90835800.000,0,-,-,-,-,5162.0000,5161.8000,5161.4000,5160.0000,5157.4000,5164.8000,5165.0000,5165.6000,5166.0000,5166.6000,1,1,1,1,1,2,1,1,1,1
SF,IC2009,2020-02-14 09:33:11.100,5162.0000,10470,0,90835800.000,0,-,-,-,-,5162.0000,5161.8000,5161.4000,5160.0000,5157.4000,5164.8000,5165.0000,5165.6000,5166.0000,5166.6000,1,1,1,1,1,1,1,1,1,1
SF,IC2009,2020-02-14 09:33:11.600,5164.8000,10470,0,91868760.000,1,0,1,多换,S,5164.8000,5162.2000,5162.0000,5161.8000,5161.4000,5165.0000,5165.6000,5166.0000,5166.6000,5168.0000,2,1,1,1,1,1,1,1,1,1
SF,IC2009,2020-02-14 09:33:12.100,5164.8000,10471,1,92901720.000,1,1,0,双开,S,5164.8000,5163.0000,5162.2000,5162.0000,5161.8000,5165.0000,5165.6000,5166.0000,5166.6000,5168.0000,1,1,1,1,1,1,1,1,1,1
SF,IC2009,2020-02-14 09:33:12.600,5165.0000,10470,-1,93934720.000,1,0,1,双平,S,5164.8000,5163.0000,5162.2000,5162.0000,5161.8000,5165.6000,5166.0000,5166.6000,5168.0000,5170.0000,1,1,1,1,1,1,1,1,1,3
SF,IC2009,2020-02-14 09:33:13.600,5165.6000,10469,-1,94967840.000,1,0,1,双平,S,5164.8000,5163.0000,5162.2000,5162.0000,5161.8000,5166.0000,5166.6000,5168.0000,5170.0000,5172.6000,1,1,1,1,1,1,1,1,3,3
SF,IC2009,2020-02-14 09:33:15.100,5164.8000,10469,0,96000800.000,1,0,1,多换,S,5162.2000,5162.0000,5161.8000,5161.4000,5160.0000,5165.8000,5166.0000,5166.6000,5168.0000,5170.0000,1,1,1,1,1,2,1,1,1,3
SF,IC2009,2020-02-14 09:33:15.600,5164.8000,10469,0,96000800.000,0,-,-,-,-,5162.4000,5161.4000,5160.0000,5157.4000,5153.0000,5165.6000,5166.0000,5166.6000,5168.0000,5170.0000,1,1,1,1,1,1,1,1,1,3
SF,IC2009,2020-02-14 09:33:17.100,5164.8000,10469,0,96000800.000,0,-,-,-,-,5162.4000,5161.4000,5160.0000,5157.4000,5153.0000,5165.4000,5165.6000,5166.0000,5166.6000,5168.0000,1,1,1,1,1,1,1,1,1,1
SF,IC2009,2020-02-14 09:33:17.600,5164.8000,10469,0,96000800.000,0,-,-,-,-,5162.4000,5161.4000,5160.0000,5157.4000,5153.0000,5165.2000,5165.4000,5166.0000,5166.6000,5168.0000,1,1,1,1,1,1,2,1,1,1
SF,IC2009,2020-02-14 09:33:18.100,5164.8000,10469,0,96000800.000,0,-,-,-,-,5161.4000,5160.0000,5157.4000,5153.0000,5150.8000,5165.2000,5165.4000,5166.0000,5166.6000,5168.0000,1,1,1,1,1,1,1,1,1,1
SF,IC2009,2020-02-14 09:33:18.600,5164.8000,10469,0,96000800.000,0,-,-,-,-,5161.8000,5161.6000,5161.4000,5161.2000,5160.0000,5164.0000,5165.2000,5166.0000,5166.6000,5168.0000,1,1,2,1,1,1,1,1,1,1
SF,IC2009,2020-02-14 09:33:19.100,5164.0000,10468,-1,97033600.000,1,0,1,双平,S,5162.0000,5161.8000,5161.4000,5161.2000,5160.0000,5166.0000,5166.6000,5168.0000,5170.0000,5172.6000,2,1,1,1,1,1,1,1,3,3
SF,IC2009,2020-02-14 09:33:19.600,5164.0000,10468,0,97033600.000,0,-,-,-,-,5162.2000,5162.0000,5161.4000,5161.2000,5160.0000,5166.0000,5166.6000,5168.0000,5170.0000,5172.6000,2,1,1,1,1,1,1,1,3,3
SF,IC2009,2020-02-14 09:33:20.100,5164.0000,10468,0,97033600.000,0,-,-,-,-,5163.8000,5162.8000,5162.4000,5162.2000,5161.4000,5166.0000,5166.6000,5168.0000,5170.0000,5172.6000,1,1,1,3,1,1,1,1,3,3
SF,IC2009,2020-02-14 09:33:20.600,5164.0000,10468,0,97033600.000,0,-,-,-,-,5164.0000,5163.8000,5162.2000,5162.0000,5161.4000,5166.0000,5166.6000,5168.0000,5170.0000,5172.6000,1,1,3,1,1,1,1,1,3,3
SF,IC2009,2020-02-14 09:33:21.100,5166.0000,10468,0,98066800.000,1,0,1,多换,S,5164.8000,5164.2000,5164.0000,5162.2000,5162.0000,5166.6000,5168.0000,5170.0000,5172.6000,5173.6000,1,1,1,3,1,1,1,3,3,5
SF,IC2009,2020-02-14 09:33:21.600,5166.0000,10468,0,98066800.000,0,-,-,-,-,5164.8000,5164.2000,5162.2000,5162.0000,5161.4000,5166.4000,5166.6000,5168.0000,5170.0000,5172.6000,1,1,3,1,1,1,1,1,3,3
SF,IC2009,2020-02-14 09:33:22.100,5166.0000,10468,0,98066800.000,0,-,-,-,-,5162.2000,5161.4000,5161.2000,5160.0000,5157.4000,5166.4000,5166.6000,5168.0000,5170.0000,5172.6000,3,1,1,1,1,1,1,1,3,3
SF,IC2009,2020-02-14 09:33:22.600,5166.0000,10468,0,98066800.000,0,-,-,-,-,5164.0000,5162.4000,5162.2000,5161.4000,5161.2000,5165.8000,5168.0000,5170.0000,5172.6000,5173.6000,1,1,3,1,1,1,1,3,3,5
SF,IC2009,2020-02-14 09:33:23.100,5166.0000,10468,0,98066800.000,0,-,-,-,-,5164.2000,5164.0000,5162.2000,5161.4000,5161.2000,5165.8000,5168.0000,5170.0000,5172.6000,5173.6000,1,1,3,1,1,1,1,3,3,5
SF,IC2009,2020-02-14 09:33:25.100,5165.8000,10467,-1,99099960.000,1,0,1,双平,S,5164.2000,5164.0000,5162.2000,5161.4000,5161.2000,5168.0000,5170.0000,5172.6000,5173.6000,5174.0000,1,1,3,1,1,1,3,3,5,1
SF,IC2009,2020-02-14 09:33:25.600,5165.8000,10467,0,99099960.000,0,-,-,-,-,5164.4000,5164.2000,5164.0000,5162.2000,5161.4000,5167.8000,5168.0000,5170.0000,5172.6000,5173.6000,1,1,1,2,1,2,1,3,3,5
SF,IC2009,2020-02-14 09:33:26.100,5165.8000,10467,0,99099960.000,0,-,-,-,-,5164.6000,5164.4000,5162.2000,5161.4000,5161.2000,5167.8000,5168.0000,5170.0000,5172.6000,5173.6000,1,1,2,1,1,1,1,3,3,5
SF,IC2009,2020-02-14 09:33:26.600,5165.8000,10467,0,99099960.000,0,-,-,-,-,5165.4000,5164.8000,5164.6000,5162.2000,5161.4000,5167.8000,5168.0000,5170.0000,5172.6000,5173.6000,1,1,1,2,1,1,1,3,3,5
SF,IC2009,2020-02-14 09:33:27.100,5165.8000,10467,0,99099960.000,0,-,-,-,-,5165.4000,5164.8000,5164.6000,5162.2000,5161.4000,5167.8000,5168.0000,5170.0000,5172.6000,5173.6000,1,1,1,2,1,1,1,3,3,5
SF,IC2009,2020-02-14 09:33:27.600,5165.8000,10467,0,99099960.000,0,-,-,-,-,5165.4000,5164.8000,5162.2000,5161.4000,5161.2000,5167.6000,5167.8000,5168.0000,5170.0000,5172.6000,1,1,2,1,1,1,1,1,3,3
SF,IC2009,2020-02-14 09:33:28.100,5165.8000,10467,0,99099960.000,0,-,-,-,-,5164.8000,5162.2000,5161.4000,5161.2000,5160.0000,5167.4000,5167.6000,5168.0000,5170.0000,5172.6000,1,2,1,1,1,1,2,1,3,3
SF,IC2009,2020-02-14 09:33:28.600,5165.8000,10467,0,99099960.000,0,-,-,-,-,5164.8000,5162.2000,5161.4000,5161.2000,5160.0000,5167.4000,5168.0000,5170.0000,5172.6000,5173.6000,1,2,1,1,1,1,1,3,3,5
SF,IC2009,2020-02-14 09:33:29.100,5165.8000,10467,0,99099960.000,0,-,-,-,-,5164.8000,5162.2000,5161.4000,5161.2000,5160.0000,5167.4000,5168.0000,5170.0000,5172.6000,5173.6000,1,2,1,1,1,1,1,3,3,5
SF,IC2009,2020-02-14 09:33:30.100,5165.8000,10467,0,99099960.000,0,-,-,-,-,5164.8000,5162.2000,5161.4000,5161.2000,5160.0000,5167.4000,5168.0000,5170.0000,5172.6000,5173.6000,1,2,1,1,1,1,1,3,3,5
SF,IC2009,2020-02-14 09:33:30.600,5165.8000,10467,0,99099960.000,0,-,-,-,-,5164.8000,5162.2000,5161.4000,5161.2000,5160.0000,5167.4000,5168.0000,5170.0000,5172.6000,5173.6000,1,2,1,1,1,1,1,3,3,5
SF,IC2009,2020-02-14 09:33:31.100,5165.8000,10467,0,99099960.000,0,-,-,-,-,5165.0000,5164.8000,5162.2000,5161.4000,5161.2000,5167.2000,5167.4000,5168.0000,5170.0000,5172.6000,1,1,2,1,1,1,1,1,3,3
SF,IC2009,2020-02-14 09:33:31.600,5165.8000,10467,0,99099960.000,0,-,-,-,-,5164.8000,5162.2000,5161.4000,5161.2000,5160.0000,5167.0000,5167.2000,5168.0000,5170.0000,5172.6000,1,2,1,1,1,1,1,1,3,3
SF,IC2009,2020-02-14 09:33:32.100,5165.8000,10467,0,99099960.000,0,-,-,-,-,5164.8000,5162.2000,5161.4000,5161.2000,5160.0000,5167.0000,5168.0000,5170.0000,5172.6000,5173.6000,1,2,1,1,1,1,1,3,3,5
SF,IC2009,2020-02-14 09:33:33.600,5165.8000,10467,0,99099960.000,0,-,-,-,-,5164.8000,5162.2000,5161.4000,5161.2000,5160.0000,5167.0000,5168.0000,5170.0000,5172.6000,5173.6000,1,2,1,1,1,1,1,3,3,5
SF,IC2009,2020-02-14 09:33:35.100,5165.8000,10467,0,99099960.000,0,-,-,-,-,5164.8000,5162.2000,5161.4000,5161.2000,5160.0000,5166.8000,5167.0000,5168.0000,5170.0000,5172.6000,1,2,1,1,1,3,1,1,3,3
SF,IC2009,2020-02-14 09:33:35.600,5165.8000,10467,0,99099960.000,0,-,-,-,-,5162.2000,5161.4000,5161.2000,5160.0000,5157.4000,5166.6000,5168.0000,5170.0000,5172.6000,5173.6000,2,1,1,1,1,1,1,3,3,5
SF,IC2009,2020-02-14 09:33:36.100,5165.8000,10467,0,99099960.000,0,-,-,-,-,5163.6000,5162.4000,5162.2000,5162.0000,5161.4000,5166.6000,5168.0000,5170.0000,5172.6000,5173.6000,1,2,2,1,1,3,1,3,3,5
SF,IC2009,2020-02-14 09:33:36.600,5165.8000,10467,0,99099960.000,0,-,-,-,-,5163.6000,5162.4000,5161.4000,5161.2000,5160.0000,5166.6000,5168.0000,5170.0000,5172.6000,5173.6000,1,2,1,1,1,3,1,3,3,5
SF,IC2009,2020-02-14 09:33:37.100,5165.8000,10467,0,99099960.000,0,-,-,-,-,5162.4000,5161.4000,5161.2000,5160.0000,5157.4000,5166.6000,5168.0000,5170.0000,5172.6000,5173.6000,2,1,1,1,1,3,1,3,3,5
SF,IC2009,2020-02-14 09:33:37.600,5165.8000,10467,0,99099960.000,0,-,-,-,-,5162.4000,5161.4000,5161.2000,5160.0000,5157.4000,5166.6000,5168.0000,5170.0000,5172.6000,5173.6000,1,1,1,1,1,3,1,3,3,5
SF,IC2009,2020-02-14 09:33:38.100,5165.8000,10467,0,99099960.000,0,-,-,-,-,5162.4000,5161.4000,5161.2000,5160.0000,5157.4000,5166.6000,5168.0000,5170.0000,5172.6000,5173.6000,1,1,1,1,1,3,1,3,3,5
SF,IC2009,2020-02-14 09:33:38.600,5165.8000,10467,0,99099960.000,0,-,-,-,-,5163.4000,5162.4000,5161.4000,5161.2000,5160.0000,5166.6000,5168.0000,5170.0000,5172.6000,5173.6000,1,1,1,1,1,3,1,3,3,5
SF,IC2009,2020-02-14 09:33:39.100,5165.8000,10467,0,99099960.000,0,-,-,-,-,5162.4000,5161.4000,5161.2000,5160.0000,5157.4000,5166.6000,5168.0000,5170.0000,5172.6000,5173.6000,1,1,1,1,1,3,1,3,3,5
SF,IC2009,2020-02-14 09:33:39.600,5165.8000,10467,0,99099960.000,0,-,-,-,-,5162.4000,5161.4000,5161.2000,5160.0000,5157.4000,5166.6000,5168.0000,5170.0000,5172.6000,5173.6000,1,1,1,1,1,3,1,3,3,5
SF,IC2009,2020-02-14 09:33:41.100,5165.8000,10467,0,99099960.000,0,-,-,-,-,5162.8000,5162.4000,5161.4000,5161.2000,5160.0000,5166.6000,5168.0000,5170.0000,5172.6000,5173.6000,1,1,1,1,1,3,1,3,3,5
SF,IC2009,2020-02-14 09:33:41.600,5165.8000,10467,0,99099960.000,0,-,-,-,-,5163.0000,5162.8000,5161.4000,5161.2000,5160.0000,5166.6000,5168.0000,5170.0000,5172.6000,5173.6000,2,1,1,1,1,3,1,3,3,5
SF,IC2009,2020-02-14 09:33:42.100,5165.8000,10467,0,99099960.000,0,-,-,-,-,5163.4000,5163.0000,5161.4000,5161.2000,5160.0000,5166.6000,5168.0000,5170.0000,5172.6000,5173.6000,1,2,1,1,1,3,1,3,3,5
SF,IC2009,2020-02-14 09:33:42.600,5165.8000,10467,0,99099960.000,0,-,-,-,-,5163.6000,5163.4000,5163.2000,5161.4000,5161.2000,5168.0000,5170.0000,5172.6000,5173.6000,5174.0000,2,1,3,1,1,1,3,3,5,1
SF,IC2009,2020-02-14 09:33:43.100,5165.8000,10467,0,99099960.000,0,-,-,-,-,5164.2000,5163.6000,5161.4000,5161.2000,5160.0000,5167.8000,5168.0000,5170.0000,5172.6000,5173.6000,1,2,1,1,1,5,1,3,3,5
SF,IC2009,2020-02-14 09:33:43.600,5165.8000,10467,0,99099960.000,0,-,-,-,-,5164.4000,5164.0000,5161.4000,5161.2000,5160.0000,5167.8000,5168.0000,5170.0000,5172.6000,5173.6000,1,1,1,1,1,5,1,3,3,5
SF,IC2009,2020-02-14 09:33:44.100,5165.8000,10467,0,99099960.000,0,-,-,-,-,5164.6000,5164.4000,5164.0000,5161.4000,5161.2000,5166.0000,5167.8000,5168.0000,5170.0000,5172.6000,2,1,1,1,1,1,5,1,3,3
SF,IC2009,2020-02-14 09:33:44.600,5165.8000,10467,0,99099960.000,0,-,-,-,-,5164.6000,5164.0000,5161.4000,5161.2000,5157.4000,5166.0000,5167.8000,5168.0000,5170.0000,5172.6000,1,1,1,1,1,1,3,1,3,3
SF,IC2009,2020-02-14 09:33:45.100,5165.8000,10467,0,99099960.000,0,-,-,-,-,5164.6000,5164.0000,5161.4000,5161.2000,5160.0000,5166.0000,5167.8000,5168.0000,5170.0000,5172.6000,1,1,1,1,1,1,3,1,3,3
SF,IC2009,2020-02-14 09:33:46.600,5165.8000,10467,0,99099960.000,0,-,-,-,-,5164.6000,5161.4000,5161.2000,5160.0000,5157.4000,5165.2000,5166.0000,5167.8000,5168.0000,5170.0000,1,1,1,1,1,5,1,3,1,3
SF,IC2009,2020-02-14 09:33:47.100,5165.8000,10467,0,99099960.000,0,-,-,-,-,5161.4000,5161.2000,5160.0000,5157.4000,5153.0000,5165.2000,5166.0000,5167.8000,5168.0000,5170.0000,1,1,1,1,1,5,1,1,1,3
SF,IC2009,2020-02-14 09:33:47.600,5165.8000,10467,0,99099960.000,0,-,-,-,-,5162.4000,5161.6000,5161.4000,5161.2000,5160.0000,5165.2000,5166.0000,5167.8000,5168.0000,5170.0000,1,2,1,1,1,5,1,1,1,3
SF,IC2009,2020-02-14 09:33:48.100,5165.8000,10467,0,99099960.000,0,-,-,-,-,5162.6000,5162.4000,5161.6000,5161.4000,5161.2000,5165.2000,5166.0000,5167.8000,5168.0000,5170.0000,1,2,1,1,1,5,1,1,1,3
SF,IC2009,2020-02-14 09:33:48.600,5165.8000,10467,0,99099960.000,0,-,-,-,-,5163.2000,5162.8000,5162.6000,5162.4000,5161.6000,5165.2000,5166.0000,5167.8000,5168.0000,5170.0000,1,1,1,1,1,5,1,1,1,3
SF,IC2009,2020-02-14 09:33:49.100,5165.8000,10467,0,99099960.000,0,-,-,-,-,5163.4000,5163.0000,5162.8000,5161.6000,5161.4000,5165.2000,5166.0000,5167.0000,5167.8000,5168.0000,2,1,1,1,1,5,1,1,1,1
SF,IC2009,2020-02-14 09:33:49.600,5165.8000,10467,0,99099960.000,0,-,-,-,-,5163.6000,5163.4000,5163.0000,5162.8000,5161.6000,5165.2000,5166.0000,5167.0000,5167.8000,5168.0000,1,2,1,1,1,5,1,1,1,1
SF,IC2009,2020-02-14 09:33:50.100,5165.8000,10467,0,99099960.000,0,-,-,-,-,5163.8000,5163.6000,5163.4000,5163.0000,5162.8000,5165.2000,5166.0000,5167.0000,5167.8000,5168.0000,1,1,1,1,1,5,1,1,1,1
SF,IC2009,2020-02-14 09:33:51.100,5165.8000,10467,0,99099960.000,0,-,-,-,-,5163.8000,5163.6000,5163.0000,5162.8000,5161.4000,5165.2000,5166.0000,5167.0000,5167.8000,5168.0000,2,1,1,1,1,5,1,1,1,1
SF,IC2009,2020-02-14 09:33:51.600,5165.8000,10467,0,99099960.000,0,-,-,-,-,5163.8000,5163.6000,5163.0000,5162.8000,5161.4000,5165.2000,5166.0000,5167.0000,5167.8000,5168.0000,1,1,1,1,1,5,1,1,1,1
SF,IC2009,2020-02-14 09:33:52.600,5165.8000,10467,0,99099960.000,0,-,-,-,-,5163.8000,5163.6000,5163.0000,5162.8000,5161.4000,5165.2000,5166.0000,5167.0000,5167.8000,5168.0000,2,1,1,1,1,5,1,1,1,1
SF,IC2009,2020-02-14 09:33:53.100,5165.8000,10467,0,99099960.000,0,-,-,-,-,5163.8000,5163.0000,5162.8000,5161.4000,5161.2000,5165.2000,5166.0000,5167.0000,5167.8000,5168.0000,2,1,1,1,1,5,1,1,1,1
SF,IC2009,2020-02-14 09:33:53.600,5165.8000,10467,0,99099960.000,0,-,-,-,-,5164.0000,5163.8000,5163.2000,5163.0000,5162.8000,5165.2000,5166.0000,5167.0000,5167.8000,5168.0000,1,2,5,1,1,7,1,1,1,1
SF,IC2009,2020-02-14 09:33:55.100,5165.2000,10467,0,100133000.000,1,0,1,多换,S,5164.0000,5163.8000,5163.2000,5163.0000,5162.8000,5165.2000,5166.0000,5167.0000,5167.8000,5168.0000,1,2,5,1,1,6,1,1,1,1
SF,IC2009,2020-02-14 09:33:55.600,5165.2000,10467,0,100133000.000,0,-,-,-,-,5164.0000,5163.8000,5163.2000,5163.0000,5162.8000,5165.2000,5166.0000,5167.0000,5167.8000,5168.0000,2,1,5,1,1,6,1,1,1,1
SF,IC2009,2020-02-14 09:33:56.100,5165.2000,10467,0,101166040.000,1,0,1,多换,S,5164.0000,5163.8000,5163.2000,5163.0000,5162.8000,5165.2000,5166.0000,5167.0000,5167.8000,5168.0000,1,1,5,1,1,5,1,1,1,1
SF,IC2009,2020-02-14 09:33:56.600,5165.2000,10467,0,101166040.000,0,-,-,-,-,5164.0000,5163.8000,5163.2000,5163.0000,5162.8000,5165.2000,5166.0000,5167.0000,5167.8000,5168.0000,1,1,5,1,1,5,1,1,1,1
SF,IC2009,2020-02-14 09:33:57.100,5165.2000,10467,0,101166040.000,0,-,-,-,-,5164.0000,5163.8000,5163.2000,5163.0000,5162.8000,5165.2000,5167.0000,5167.8000,5168.0000,5170.0000,1,1,5,1,1,5,1,1,1,3
SF,IC2009,2020-02-14 09:33:57.600,5165.2000,10467,0,101166040.000,0,-,-,-,-,5164.2000,5164.0000,5163.2000,5163.0000,5162.8000,5165.2000,5165.4000,5167.0000,5167.8000,5168.0000,1,1,5,1,1,5,2,1,1,1
SF,IC2009,2020-02-14 09:34:00.600,5165.2000,10467,0,102199080.000,1,0,1,多换,S,5164.2000,5164.0000,5163.2000,5163.0000,5162.8000,5165.2000,5165.4000,5167.0000,5167.8000,5168.0000,1,1,5,1,1,4,2,1,1,1
SF,IC2009,2020-02-14 09:34:01.100,5165.2000,10467,0,102199080.000,0,-,-,-,-,5163.2000,5163.0000,5162.8000,5161.4000,5161.2000,5165.2000,5165.4000,5167.0000,5167.8000,5168.0000,5,1,1,1,1,4,2,1,1,1
SF,IC2009,2020-02-14 09:34:01.600,5165.2000,10467,0,102199080.000,0,-,-,-,-,5163.4000,5163.2000,5162.8000,5161.4000,5161.2000,5165.2000,5165.4000,5167.0000,5167.8000,5168.0000,3,5,1,1,1,4,2,1,1,1
SF,IC2009,2020-02-14 09:34:02.100,5165.2000,10467,0,102199080.000,0,-,-,-,-,5163.4000,5163.2000,5162.8000,5161.4000,5161.2000,5165.2000,5165.4000,5167.0000,5167.8000,5168.0000,3,5,1,1,1,4,2,1,1,1
SF,IC2009,2020-02-14 09:34:02.600,5165.2000,10467,0,102199080.000,0,-,-,-,-,5163.6000,5163.4000,5163.2000,5161.4000,5161.2000,5165.2000,5165.4000,5167.0000,5167.8000,5168.0000,1,3,5,1,1,4,2,1,1,1
SF,IC2009,2020-02-14 09:34:03.100,5165.2000,10467,0,102199080.000,0,-,-,-,-,5163.4000,5163.2000,5161.4000,5161.2000,5160.0000,5165.0000,5165.2000,5165.4000,5167.0000,5168.0000,1,5,1,1,1,1,4,2,1,1
SF,IC2009,2020-02-14 09:34:03.600,5165.2000,10467,0,102199080.000,0,-,-,-,-,5163.2000,5161.4000,5161.2000,5160.0000,5157.4000,5165.0000,5165.2000,5165.4000,5167.0000,5168.0000,5,1,1,1,1,1,4,2,1,1
SF,IC2009,2020-02-14 09:34:04.100,5165.2000,10467,0,102199080.000,0,-,-,-,-,5163.2000,5161.4000,5161.2000,5160.0000,5157.4000,5165.0000,5165.2000,5165.4000,5167.0000,5168.0000,6,1,1,1,1,1,4,2,1,1
SF,IC2009,2020-02-14 09:34:04.600,5165.2000,10467,0,102199080.000,0,-,-,-,-,5163.2000,5161.4000,5160.0000,5157.4000,5153.0000,5165.0000,5165.2000,5165.4000,5167.0000,5168.0000,6,1,1,1,1,1,4,2,1,1
SF,IC2009,2020-02-14 09:34:05.100,5165.2000,10467,0,102199080.000,0,-,-,-,-,5163.2000,5161.4000,5160.0000,5157.4000,5153.0000,5165.0000,5165.2000,5165.4000,5167.0000,5168.0000,6,1,1,1,1,1,4,2,1,1
SF,IC2009,2020-02-14 09:34:05.600,5165.2000,10467,0,102199080.000,0,-,-,-,-,5163.2000,5161.4000,5160.0000,5157.4000,5153.0000,5165.0000,5165.2000,5165.4000,5167.0000,5168.0000,6,1,1,1,1,1,4,2,1,1
SF,IC2009,2020-02-14 09:34:06.100,5165.2000,10467,0,102199080.000,0,-,-,-,-,5163.2000,5161.4000,5160.0000,5157.4000,5153.0000,5165.0000,5165.2000,5165.4000,5167.0000,5168.0000,5,1,1,1,1,3,4,2,1,1
SF,IC2009,2020-02-14 09:34:06.600,5165.2000,10467,0,102199080.000,0,-,-,-,-,5163.2000,5161.4000,5160.0000,5157.4000,5153.0000,5165.0000,5165.2000,5165.4000,5167.0000,5168.0000,5,1,1,1,1,3,4,2,1,1
SF,IC2009,2020-02-14 09:34:07.100,5165.2000,10467,0,102199080.000,0,-,-,-,-,5163.2000,5161.4000,5160.0000,5157.4000,5153.0000,5165.0000,5165.2000,5165.4000,5167.0000,5168.0000,5,1,1,1,1,3,4,2,1,1
SF,IC2009,2020-02-14 09:34:07.600,5163.2000,10467,0,103231720.000,1,0,1,多换,S,5163.2000,5161.4000,5157.4000,5153.0000,5150.4000,5165.0000,5165.2000,5165.4000,5167.0000,5168.0000,4,1,1,1,5,3,4,2,1,1
SF,IC2009,2020-02-14 09:34:08.100,5164.8000,10468,1,108395240.000,5,3,2,空开,S,5161.4000,5157.4000,5153.0000,5150.4000,5150.2000,5164.8000,5165.0000,5165.2000,5165.4000,5167.0000,1,1,1,5,1,2,3,4,2,1
SF,IC2009,2020-02-14 09:34:08.600,5164.8000,10468,0,108395240.000,0,-,-,-,-,5161.6000,5161.4000,5157.4000,5153.0000,5150.4000,5164.6000,5165.0000,5165.2000,5165.4000,5167.0000,1,2,1,1,5,1,2,4,2,1
SF,IC2009,2020-02-14 09:34:09.100,5164.8000,10468,0,108395240.000,0,-,-,-,-,5161.4000,5157.4000,5153.0000,5150.4000,5150.2000,5164.6000,5165.0000,5165.2000,5165.4000,5167.0000,1,1,1,5,1,1,2,4,2,1
SF,IC2009,2020-02-14 09:34:09.600,5164.8000,10468,0,108395240.000,0,-,-,-,-,5163.0000,5161.6000,5161.4000,5157.4000,5153.0000,5164.6000,5165.0000,5165.2000,5165.4000,5167.0000,1,1,1,1,1,1,2,4,2,1
SF,IC2009,2020-02-14 09:34:10.100,5164.8000,10468,0,108395240.000,0,-,-,-,-,5161.4000,5157.4000,5153.0000,5150.4000,5150.2000,5164.6000,5165.0000,5165.2000,5165.4000,5167.0000,1,1,1,5,1,1,2,4,2,1
SF,IC2009,2020-02-14 09:34:10.600,5164.8000,10468,0,108395240.000,0,-,-,-,-,5161.4000,5157.4000,5153.0000,5150.4000,5150.2000,5164.6000,5165.0000,5165.2000,5165.4000,5167.0000,1,1,1,5,1,1,2,4,2,1
SF,IC2009,2020-02-14 09:34:11.100,5164.8000,10468,0,108395240.000,0,-,-,-,-,5161.6000,5161.4000,5157.4000,5153.0000,5150.4000,5164.6000,5165.0000,5165.2000,5165.4000,5167.0000,1,1,1,1,5,1,2,4,2,1
SF,IC2009,2020-02-14 09:34:11.600,5164.8000,10468,0,108395240.000,0,-,-,-,-,5161.6000,5161.4000,5157.4000,5153.0000,5150.4000,5164.6000,5165.0000,5165.2000,5165.4000,5167.0000,1,1,1,1,5,1,2,4,2,1
SF,IC2009,2020-02-14 09:34:12.100,5164.8000,10468,0,108395240.000,0,-,-,-,-,5161.6000,5161.4000,5157.4000,5153.0000,5150.4000,5164.6000,5165.0000,5165.2000,5165.4000,5167.0000,1,1,1,1,5,1,2,4,2,1
SF,IC2009,2020-02-14 09:34:12.600,5164.8000,10468,0,108395240.000,0,-,-,-,-,5161.6000,5161.4000,5157.4000,5153.0000,5150.4000,5164.6000,5165.0000,5165.2000,5165.4000,5167.0000,1,1,1,1,5,1,2,4,2,1
SF,IC2009,2020-02-14 09:34:13.100,5164.8000,10468,0,108395240.000,0,-,-,-,-,5161.6000,5161.4000,5157.4000,5153.0000,5150.4000,5164.6000,5165.0000,5165.2000,5165.4000,5167.0000,1,1,1,1,5,1,2,4,2,1
SF,IC2009,2020-02-14 09:34:13.600,5164.8000,10468,0,108395240.000,0,-,-,-,-,5161.6000,5161.4000,5157.4000,5153.0000,5150.4000,5164.6000,5165.0000,5165.2000,5165.4000,5167.0000,1,1,1,1,5,1,2,4,2,1
SF,IC2009,2020-02-14 09:34:14.100,5164.8000,10468,0,108395240.000,0,-,-,-,-,5161.6000,5161.4000,5157.4000,5153.0000,5150.4000,5164.6000,5165.0000,5165.2000,5165.4000,5167.0000,1,1,1,1,5,1,2,4,2,1
SF,IC2009,2020-02-14 09:34:14.600,5164.8000,10468,0,108395240.000,0,-,-,-,-,5161.4000,5157.4000,5153.0000,5150.4000,5150.2000,5164.4000,5164.6000,5165.0000,5165.2000,5165.4000,1,1,1,5,1,2,1,2,4,2
SF,IC2009,2020-02-14 09:34:15.100,5164.8000,10468,0,108395240.000,0,-,-,-,-,5161.4000,5157.4000,5153.0000,5150.4000,5150.2000,5164.2000,5164.4000,5165.0000,5165.2000,5165.4000,2,1,1,5,1,1,4,2,4,2
SF,IC2009,2020-02-14 09:34:15.600,5164.8000,10468,0,108395240.000,0,-,-,-,-,5161.4000,5157.4000,5153.0000,5150.4000,5150.2000,5164.2000,5164.4000,5165.0000,5165.2000,5165.4000,1,1,1,5,1,1,2,2,4,2
SF,IC2009,2020-02-14 09:34:16.100,5164.8000,10468,0,108395240.000,0,-,-,-,-,5161.4000,5157.4000,5153.0000,5150.4000,5150.2000,5164.0000,5164.2000,5164.4000,5165.0000,5165.2000,1,1,1,5,1,2,1,2,2,4
SF,IC2009,2020-02-14 09:34:16.600,5164.8000,10468,0,108395240.000,0,-,-,-,-,5161.4000,5157.4000,5153.0000,5150.4000,5150.2000,5163.8000,5164.0000,5164.4000,5165.0000,5165.2000,1,1,1,5,1,1,3,2,2,4
SF,IC2009,2020-02-14 09:34:17.100,5164.8000,10468,0,108395240.000,0,-,-,-,-,5161.4000,5157.4000,5153.0000,5150.4000,5150.2000,5163.8000,5164.0000,5164.4000,5165.0000,5165.2000,1,1,1,5,1,1,1,2,2,4
SF,IC2009,2020-02-14 09:34:17.600,5164.8000,10468,0,108395240.000,0,-,-,-,-,5161.4000,5157.4000,5153.0000,5150.4000,5150.2000,5163.8000,5165.0000,5165.2000,5165.4000,5167.0000,1,1,1,5,1,1,2,4,2,1
SF,IC2009,2020-02-14 09:34:18.100,5164.8000,10468,0,108395240.000,0,-,-,-,-,5161.4000,5157.4000,5153.0000,5150.4000,5150.2000,5163.8000,5165.0000,5165.2000,5165.4000,5167.0000,1,1,1,5,1,1,2,4,2,1
SF,IC2009,2020-02-14 09:34:18.600,5164.8000,10468,0,108395240.000,0,-,-,-,-,5161.4000,5157.4000,5153.0000,5150.4000,5150.2000,5163.8000,5165.0000,5165.2000,5165.4000,5167.0000,1,1,1,5,1,1,2,4,2,1
SF,IC2009,2020-02-14 09:34:19.100,5164.8000,10468,0,108395240.000,0,-,-,-,-,5161.4000,5157.4000,5153.0000,5150.4000,5150.2000,5163.8000,5164.4000,5165.0000,5165.2000,5165.4000,1,1,1,5,1,1,1,2,4,2
SF,IC2009,2020-02-14 09:34:19.600,5164.8000,10468,0,108395240.000,0,-,-,-,-,5161.4000,5157.4000,5153.0000,5150.4000,5150.2000,5163.8000,5164.4000,5165.0000,5165.2000,5165.4000,1,1,1,5,1,1,1,2,4,2
SF,IC2009,2020-02-14 09:34:20.100,5164.8000,10468,0,108395240.000,0,-,-,-,-,5161.4000,5157.4000,5153.0000,5150.4000,5150.2000,5163.8000,5164.4000,5165.0000,5165.2000,5165.4000,1,1,1,5,1,1,1,2,4,2
SF,IC2009,2020-02-14 09:34:20.600,5164.8000,10468,0,108395240.000,0,-,-,-,-,5161.4000,5157.4000,5153.0000,5150.4000,5150.2000,5163.8000,5164.4000,5165.0000,5165.2000,5165.4000,1,1,1,5,1,1,1,2,4,2
SF,IC2009,2020-02-14 09:34:21.100,5164.8000,10468,0,108395240.000,0,-,-,-,-,5161.4000,5160.0000,5157.4000,5153.0000,5150.4000,5163.6000,5163.8000,5164.4000,5165.0000,5165.2000,1,2,1,1,5,2,1,1,2,4
SF,IC2009,2020-02-14 09:34:21.600,5164.8000,10468,0,108395240.000,0,-,-,-,-,5161.4000,5160.0000,5157.4000,5153.0000,5150.4000,5163.4000,5163.6000,5164.4000,5165.0000,5165.2000,1,2,1,1,5,1,2,1,2,4
SF,IC2009,2020-02-14 09:34:22.100,5164.8000,10468,0,108395240.000,0,-,-,-,-,5161.4000,5160.0000,5157.4000,5153.0000,5150.4000,5163.4000,5163.6000,5164.4000,5165.0000,5165.2000,1,2,1,1,5,1,2,1,2,4
SF,IC2009,2020-02-14 09:34:22.600,5164.8000,10468,0,108395240.000,0,-,-,-,-,5161.4000,5160.0000,5157.4000,5153.0000,5150.4000,5163.4000,5164.4000,5165.0000,5165.2000,5165.4000,1,2,1,1,5,1,1,2,4,2
SF,IC2009,2020-02-14 09:34:23.100,5164.8000,10468,0,108395240.000,0,-,-,-,-,5161.4000,5160.0000,5157.4000,5153.0000,5150.4000,5163.2000,5163.4000,5164.4000,5165.0000,5165.2000,1,2,1,1,5,4,1,1,2,4
SF,IC2009,2020-02-14 09:34:23.600,5164.8000,10468,0,108395240.000,0,-,-,-,-,5161.4000,5160.0000,5157.4000,5153.0000,5150.4000,5163.0000,5164.4000,5165.0000,5165.2000,5165.4000,1,2,1,1,5,2,1,2,4,2
SF,IC2009,2020-02-14 09:34:24.100,5161.4000,10468,0,109427520.000,1,0,1,多换,S,5160.0000,5157.4000,5153.0000,5150.4000,5150.2000,5163.0000,5164.4000,5165.0000,5165.2000,5165.4000,2,1,1,5,1,4,1,2,4,2
SF,IC2009,2020-02-14 09:34:24.600,5161.4000,10468,0,109427520.000,0,-,-,-,-,5161.6000,5160.0000,5157.4000,5153.0000,5150.4000,5162.8000,5163.0000,5165.0000,5165.2000,5165.4000,1,3,1,1,5,1,4,2,4,2
SF,IC2009,2020-02-14 09:34:25.100,5161.6000,10468,0,110459840.000,1,0,1,多换,S,5160.0000,5157.4000,5153.0000,5150.4000,5150.2000,5162.6000,5163.0000,5165.0000,5165.2000,5165.4000,2,1,1,5,1,2,2,2,4,2
SF,IC2009,2020-02-14 09:34:25.600,5161.6000,10468,0,110459840.000,0,-,-,-,-,5160.0000,5157.4000,5153.0000,5150.4000,5150.2000,5162.4000,5162.6000,5163.0000,5165.0000,5165.2000,2,1,1,5,1,1,4,2,2,4
SF,IC2009,2020-02-14 09:34:26.100,5161.6000,10468,0,110459840.000,0,-,-,-,-,5160.0000,5157.4000,5153.0000,5150.4000,5150.2000,5162.2000,5162.4000,5162.6000,5163.0000,5165.0000,2,1,1,5,1,1,1,2,2,2
SF,IC2009,2020-02-14 09:34:26.600,5161.6000,10468,0,110459840.000,0,-,-,-,-,5160.0000,5157.4000,5153.0000,5150.4000,5150.2000,5162.0000,5162.2000,5162.6000,5163.0000,5165.0000,2,1,1,5,1,1,3,2,2,2
SF,IC2009,2020-02-14 09:34:27.100,5161.6000,10468,0,110459840.000,0,-,-,-,-,5160.0000,5157.4000,5153.0000,5150.4000,5150.2000,5162.0000,5162.2000,5162.6000,5163.0000,5165.0000,2,1,1,5,1,1,1,2,2,2
SF,IC2009,2020-02-14 09:34:27.600,5161.6000,10468,0,110459840.000,0,-,-,-,-,5160.0000,5157.4000,5153.0000,5150.4000,5150.2000,5161.8000,5162.0000,5162.2000,5162.6000,5163.0000,2,1,1,5,1,2,1,1,2,2
SF,IC2009,2020-02-14 09:34:28.600,5161.6000,10468,0,110459840.000,0,-,-,-,-,5160.0000,5157.4000,5153.0000,5150.4000,5150.2000,5162.0000,5162.6000,5163.0000,5165.0000,5165.2000,2,1,1,5,1,1,2,2,2,4
SF,IC2009,2020-02-14 09:34:29.100,5161.6000,10468,0,110459840.000,0,-,-,-,-,5160.2000,5160.0000,5157.4000,5153.0000,5150.4000,5165.0000,5165.2000,5165.4000,5167.0000,5168.0000,1,2,1,1,5,2,4,2,1,1
SF,IC2009,2020-02-14 09:34:29.600,5161.6000,10468,0,110459840.000,0,-,-,-,-,5160.4000,5160.2000,5160.0000,5157.4000,5153.0000,5163.8000,5164.8000,5165.0000,5165.2000,5165.4000,1,1,3,1,1,1,5,2,4,2
SF,IC2009,2020-02-14 09:34:30.100,5161.6000,10468,0,110459840.000,0,-,-,-,-,5161.0000,5160.6000,5160.4000,5160.0000,5157.4000,5163.6000,5164.8000,5165.0000,5165.2000,5165.4000,1,1,1,2,1,2,2,2,4,2
SF,IC2009,2020-02-14 09:34:30.600,5161.6000,10468,0,110459840.000,0,-,-,-,-,5161.2000,5161.0000,5160.0000,5157.4000,5153.0000,5163.6000,5164.8000,5165.0000,5165.2000,5165.4000,2,1,2,1,1,3,2,2,4,2
SF,IC2009,2020-02-14 09:34:32.100,5161.6000,10468,0,110459840.000,0,-,-,-,-,5161.2000,5160.0000,5157.4000,5153.0000,5150.4000,5163.6000,5164.8000,5165.0000,5165.2000,5165.4000,2,2,1,1,5,3,2,2,4,2
SF,IC2009,2020-02-14 09:34:32.600,5161.6000,10468,0,110459840.000,0,-,-,-,-,5161.2000,5160.0000,5157.4000,5153.0000,5150.4000,5162.8000,5163.6000,5164.8000,5165.0000,5165.2000,3,2,1,1,5,1,3,2,2,4
SF,IC2009,2020-02-14 09:34:33.100,5161.6000,10468,0,110459840.000,0,-,-,-,-,5160.0000,5157.4000,5153.0000,5150.4000,5150.2000,5162.8000,5163.6000,5165.0000,5165.2000,5165.4000,2,1,1,5,1,1,1,2,4,2
SF,IC2009,2020-02-14 09:34:33.600,5161.6000,10468,0,110459840.000,0,-,-,-,-,5161.0000,5160.8000,5160.2000,5160.0000,5157.4000,5162.8000,5165.0000,5165.2000,5165.4000,5167.0000,1,1,2,2,1,1,2,4,2,1
SF,IC2009,2020-02-14 09:34:34.100,5161.6000,10468,0,110459840.000,0,-,-,-,-,5161.2000,5161.0000,5160.4000,5160.2000,5160.0000,5162.8000,5165.0000,5165.2000,5165.4000,5167.0000,1,1,1,1,2,1,2,4,2,1
SF,IC2009,2020-02-14 09:34:34.600,5161.6000,10468,0,110459840.000,0,-,-,-,-,5161.2000,5160.4000,5160.2000,5160.0000,5157.4000,5162.8000,5165.0000,5165.2000,5165.4000,5167.0000,1,1,1,2,1,1,2,4,2,1
SF,IC2009,2020-02-14 09:34:35.100,5162.8000,10468,0,111492400.000,1,0,1,多换,S,5162.2000,5161.4000,5161.2000,5160.2000,5160.0000,5165.0000,5165.2000,5165.4000,5167.0000,5168.0000,1,1,1,2,2,2,4,2,1,1
SF,IC2009,2020-02-14 09:34:35.600,5162.8000,10468,0,111492400.000,0,-,-,-,-,5162.4000,5161.4000,5161.2000,5160.2000,5160.0000,5163.8000,5164.8000,5165.0000,5165.2000,5165.4000,1,1,1,1,2,1,4,2,4,2
SF,IC2009,2020-02-14 09:34:36.100,5162.8000,10468,0,111492400.000,0,-,-,-,-,5161.4000,5161.2000,5160.2000,5160.0000,5157.4000,5163.6000,5163.8000,5164.8000,5165.0000,5165.2000,1,1,1,2,1,1,1,2,2,4
SF,IC2009,2020-02-14 09:34:36.600,5162.8000,10468,0,111492400.000,0,-,-,-,-,5161.6000,5161.4000,5160.2000,5160.0000,5157.4000,5163.8000,5164.8000,5165.0000,5165.2000,5165.4000,1,1,1,2,1,1,2,2,4,2
SF,IC2009,2020-02-14 09:34:37.100,5162.8000,10468,0,111492400.000,0,-,-,-,-,5161.6000,5161.4000,5160.2000,5160.0000,5157.4000,5163.8000,5165.0000,5165.2000,5165.4000,5167.0000,1,1,1,2,1,1,2,4,2,1
SF,IC2009,2020-02-14 09:34:37.600,5162.8000,10468,0,111492400.000,0,-,-,-,-,5162.2000,5161.6000,5161.4000,5160.2000,5160.0000,5163.8000,5165.0000,5165.2000,5165.4000,5167.0000,1,1,1,1,2,1,2,4,2,1
SF,IC2009,2020-02-14 09:34:38.100,5163.8000,10468,0,112525160.000,1,0,1,多换,S,5162.4000,5162.2000,5160.2000,5160.0000,5157.4000,5165.0000,5165.2000,5165.4000,5167.0000,5168.0000,1,1,1,2,1,2,4,2,1,1
SF,IC2009,2020-02-14 09:34:38.600,5163.8000,10468,0,112525160.000,0,-,-,-,-,5163.0000,5162.8000,5162.6000,5160.2000,5160.0000,5164.8000,5165.0000,5165.2000,5165.4000,5167.0000,1,1,1,1,2,3,2,4,2,1
SF,IC2009,2020-02-14 09:34:39.100,5163.8000,10468,0,112525160.000,0,-,-,-,-,5162.6000,5160.2000,5160.0000,5157.4000,5153.0000,5164.8000,5165.0000,5165.2000,5165.4000,5167.0000,2,1,2,1,1,1,2,4,2,1
SF,IC2009,2020-02-14 09:34:39.600,5163.8000,10468,0,112525160.000,0,-,-,-,-,5160.2000,5160.0000,5157.4000,5153.0000,5150.4000,5164.6000,5164.8000,5165.0000,5165.2000,5165.4000,1,2,1,1,5,2,1,2,4,2
SF,IC2009,2020-02-14 09:34:40.100,5163.8000,10468,0,112525160.000,0,-,-,-,-,5161.2000,5161.0000,5160.4000,5160.2000,5160.0000,5164.4000,5165.0000,5165.2000,5165.4000,5167.0000,1,1,1,1,2,1,2,4,2,1
SF,IC2009,2020-02-14 09:34:40.600,5163.8000,10468,0,112525160.000,0,-,-,-,-,5161.4000,5161.0000,5160.4000,5160.2000,5160.0000,5165.0000,5165.2000,5165.4000,5167.0000,5168.0000,1,1,1,1,2,2,4,2,1,1
SF,IC2009,2020-02-14 09:34:41.100,5163.8000,10468,0,112525160.000,0,-,-,-,-,5161.4000,5161.2000,5161.0000,5160.4000,5160.2000,5164.8000,5165.0000,5165.2000,5165.4000,5167.0000,2,2,1,1,1,1,2,4,2,1
SF,IC2009,2020-02-14 09:34:41.600,5163.8000,10468,0,112525160.000,0,-,-,-,-,5162.6000,5161.4000,5161.2000,5160.2000,5160.0000,5164.8000,5165.0000,5165.2000,5165.4000,5167.0000,1,1,2,1,2,3,2,4,2,1
SF,IC2009,2020-02-14 09:34:42.100,5163.8000,10468,0,112525160.000,0,-,-,-,-,5160.2000,5160.0000,5157.4000,5153.0000,5150.4000,5164.8000,5165.0000,5165.2000,5165.4000,5167.0000,1,2,1,1,5,1,2,4,2,1
SF,IC2009,2020-02-14 09:34:42.600,5163.8000,10468,0,112525160.000,0,-,-,-,-,5161.2000,5160.6000,5160.4000,5160.2000,5160.0000,5164.8000,5165.0000,5165.2000,5165.4000,5167.0000,2,1,2,1,2,1,2,4,2,1
SF,IC2009,2020-02-14 09:34:43.100,5163.8000,10468,0,112525160.000,0,-,-,-,-,5161.4000,5160.6000,5160.4000,5160.2000,5160.0000,5164.8000,5165.0000,5165.2000,5165.4000,5167.0000,1,1,1,1,2,1,2,4,2,1
SF,IC2009,2020-02-14 09:34:43.600,5163.8000,10468,0,112525160.000,0,-,-,-,-,5161.6000,5161.4000,5161.2000,5160.6000,5160.2000,5164.8000,5165.0000,5165.2000,5165.4000,5167.0000,1,1,2,1,1,1,2,4,2,1
SF,IC2009,2020-02-14 09:34:44.100,5163.8000,10468,0,112525160.000,0,-,-,-,-,5162.0000,5161.8000,5161.6000,5161.2000,5160.6000,5164.8000,5165.0000,5165.2000,5165.4000,5167.0000,1,2,1,3,1,1,2,4,2,1
SF,IC2009,2020-02-14 09:34:44.600,5163.8000,10468,0,112525160.000,0,-,-,-,-,5162.2000,5161.6000,5161.2000,5160.6000,5160.2000,5165.0000,5165.2000,5165.4000,5167.0000,5168.0000,2,1,2,1,1,2,4,2,1,1
SF,IC2009,2020-02-14 09:34:45.100,5163.8000,10468,0,112525160.000,0,-,-,-,-,5162.2000,5161.6000,5161.2000,5160.6000,5160.2000,5165.0000,5165.2000,5165.4000,5167.0000,5168.0000,2,1,2,1,1,2,4,2,1,1
SF,IC2009,2020-02-14 09:34:45.600,5163.8000,10468,0,112525160.000,0,-,-,-,-,5162.6000,5162.4000,5162.2000,5161.2000,5160.2000,5164.8000,5165.0000,5165.2000,5165.4000,5167.0000,1,1,3,2,1,4,2,4,2,1
SF,IC2009,2020-02-14 09:34:46.100,5163.8000,10468,0,112525160.000,0,-,-,-,-,5162.8000,5162.6000,5162.4000,5162.2000,5161.2000,5165.0000,5165.2000,5165.4000,5167.0000,5168.0000,1,1,1,2,2,2,4,2,1,1
SF,IC2009,2020-02-14 09:34:46.600,5165.0000,10468,0,114591160.000,2,1,1,多换,S,5162.8000,5162.4000,5162.2000,5161.2000,5160.2000,5165.2000,5165.4000,5167.0000,5168.0000,5170.0000,1,1,1,2,1,4,2,1,1,3
SF,IC2009,2020-02-14 09:34:47.100,5165.0000,10468,0,114591160.000,0,-,-,-,-,5163.2000,5162.8000,5162.4000,5162.2000,5161.2000,5165.2000,5165.4000,5167.0000,5168.0000,5170.0000,1,2,1,1,2,4,2,1,1,3
SF,IC2009,2020-02-14 09:34:47.600,5165.2000,10468,0,115624200.000,1,0,1,多换,S,5163.4000,5163.2000,5162.8000,5162.2000,5161.2000,5164.4000,5165.2000,5167.0000,5168.0000,5170.0000,1,1,1,1,2,2,3,1,1,3
SF,IC2009,2020-02-14 09:34:48.100,5165.2000,10468,0,115624200.000,0,-,-,-,-,5164.0000,5163.8000,5163.4000,5162.8000,5162.2000,5164.4000,5165.2000,5167.0000,5168.0000,5170.0000,1,1,1,1,1,2,3,1,1,3
SF,IC2009,2020-02-14 09:34:48.600,5165.2000,10468,0,115624200.000,0,-,-,-,-,5163.4000,5162.8000,5162.2000,5161.2000,5160.2000,5164.4000,5165.2000,5167.0000,5168.0000,5170.0000,1,1,1,2,1,2,3,1,1,3
SF,IC2009,2020-02-14 09:34:49.100,5164.4000,10468,0,117689960.000,2,1,1,多换,S,5164.6000,5163.8000,5162.8000,5162.2000,5161.2000,5165.2000,5167.0000,5168.0000,5170.0000,5172.6000,1,1,1,1,2,3,1,1,3,3
SF,IC2009,2020-02-14 09:34:49.600,5164.6000,10467,-1,118722880.000,1,0,1,双平,S,5162.8000,5162.2000,5161.2000,5160.2000,5160.0000,5165.0000,5165.2000,5167.0000,5168.0000,5170.0000,1,1,2,1,2,1,3,1,1,3
SF,IC2009,2020-02-14 09:34:50.100,5164.6000,10467,0,118722880.000,0,-,-,-,-,5163.4000,5163.0000,5162.8000,5162.2000,5161.2000,5165.2000,5167.0000,5168.0000,5170.0000,5172.6000,1,1,1,1,2,3,1,1,3,3
SF,IC2009,2020-02-14 09:34:52.600,5164.6000,10467,0,118722880.000,0,-,-,-,-,5163.4000,5163.0000,5162.2000,5161.2000,5160.2000,5165.2000,5167.0000,5168.0000,5170.0000,5172.6000,1,1,1,2,1,3,1,1,3,3
SF,IC2009,2020-02-14 09:34:53.100,5164.6000,10467,0,118722880.000,0,-,-,-,-,5161.2000,5160.2000,5160.0000,5157.4000,5153.0000,5165.0000,5165.2000,5167.0000,5168.0000,5170.0000,2,1,2,1,1,1,3,1,1,3
SF,IC2009,2020-02-14 09:34:53.600,5164.6000,10467,0,118722880.000,0,-,-,-,-,5162.2000,5162.0000,5161.4000,5161.2000,5160.2000,5165.0000,5165.2000,5167.0000,5168.0000,5170.0000,1,1,1,3,1,1,3,1,1,3
SF,IC2009,2020-02-14 09:34:54.100,5164.6000,10467,0,118722880.000,0,-,-,-,-,5163.2000,5162.4000,5162.0000,5160.2000,5160.0000,5165.0000,5165.2000,5167.0000,5168.0000,5170.0000,1,1,1,1,2,1,3,1,1,3
SF,IC2009,2020-02-14 09:34:54.600,5164.6000,10467,0,118722880.000,0,-,-,-,-,5162.4000,5162.2000,5162.0000,5160.2000,5160.0000,5165.0000,5165.2000,5167.0000,5168.0000,5170.0000,1,1,1,1,2,1,3,1,1,3
SF,IC2009,2020-02-14 09:34:55.100,5164.6000,10467,0,118722880.000,0,-,-,-,-,5162.4000,5162.0000,5160.2000,5160.0000,5157.4000,5165.0000,5165.2000,5167.0000,5168.0000,5170.0000,1,1,1,2,1,1,3,1,1,3
SF,IC2009,2020-02-14 09:34:56.600,5164.6000,10467,0,118722880.000,0,-,-,-,-,5162.4000,5162.0000,5160.2000,5160.0000,5157.4000,5164.8000,5165.0000,5165.2000,5167.0000,5168.0000,1,1,1,2,1,4,1,3,1,1
SF,IC2009,2020-02-14 09:34:57.100,5164.6000,10467,0,118722880.000,0,-,-,-,-,5160.2000,5160.0000,5157.4000,5153.0000,5150.4000,5164.6000,5165.2000,5167.0000,5168.0000,5170.0000,1,2,1,1,5,1,3,1,1,3
