市场代码,合约代码,时间,最新,持仓,增仓,成交额,成交量,开仓,平仓,成交类型,方向,买一价,买二价,买三价,买四价,买五价,卖一价,卖二价,卖三价,卖四价,卖五价,买一量,买二量,买三量,买四量,买五量,卖一量,卖二量,卖三量,卖四量,卖五量
SF,IC2002,2020-01-03 09:29:00.400,5371.8000,3898,0,3223080.000,3.000,-,-,-,-,5360.0000,5351.0000,5350.0000,5345.2000,5340.2000,5375.2000,5390.4000,5391.4000,5395.6000,5400.8000,3,1,1,1,1,1,1,1,1,1
SF,IC2002,2020-01-03 09:30:00.400,5371.8000,3898,0,3223080.000,0,-,-,-,-,5361.0000,5360.4000,5360.2000,5360.0000,5354.2000,5366.6000,5367.6000,5368.0000,5370.0000,5371.0000,1,1,1,4,1,1,1,2,1,1
SF,IC2002,2020-01-03 09:30:00.900,5361.0000,3897,-1,4295280.000,1,0,1,双平,S,5361.2000,5360.0000,5354.2000,5351.0000,5350.0000,5365.0000,5366.2000,5367.6000,5368.0000,5371.0000,1,2,1,1,1,1,5,1,2,1
SF,IC2002,2020-01-03 09:30:01.400,5361.2000,3897,0,5367520.000,1,0,1,多换,S,5360.0000,5354.6000,5353.4000,5351.0000,5350.0000,5363.6000,5364.8000,5365.0000,5366.2000,5367.6000,2,1,5,1,1,2,1,1,5,1
SF,IC2002,2020-01-03 09:30:01.900,5360.0000,3897,0,6439520.000,1,0,1,多换,S,5360.0000,5354.6000,5353.4000,5351.0000,5350.0000,5363.4000,5363.6000,5365.0000,5366.2000,5367.6000,1,1,5,1,1,3,2,1,5,1
SF,IC2002,2020-01-03 09:30:02.400,5360.0000,3897,0,7511520.000,1,0,1,多换,S,5354.6000,5353.4000,5351.0000,5350.0000,5348.4000,5363.2000,5363.4000,5363.6000,5365.0000,5365.6000,1,5,1,1,1,1,1,2,1,1
SF,IC2002,2020-01-03 09:30:02.900,5360.0000,3897,0,7511520.000,0,-,-,-,-,5355.0000,5354.8000,5354.6000,5353.4000,5351.0000,5362.8000,5363.0000,5363.2000,5363.4000,5363.6000,3,6,1,5,1,1,1,1,1,2
SF,IC2002,2020-01-03 09:30:03.400,5360.0000,3897,0,7511520.000,0,-,-,-,-,5360.0000,5356.4000,5355.4000,5355.2000,5355.0000,5362.6000,5363.0000,5363.6000,5365.0000,5365.6000,1,1,2,2,3,1,1,1,1,1
SF,IC2002,2020-01-03 09:30:03.900,5360.0000,3897,0,7511520.000,0,-,-,-,-,5360.0000,5356.4000,5355.4000,5355.2000,5355.0000,5362.4000,5362.6000,5363.0000,5363.6000,5365.0000,1,1,2,2,2,1,1,1,1,1
SF,IC2002,2020-01-03 09:30:04.400,5360.0000,3897,0,7511520.000,0,-,-,-,-,5360.4000,5360.2000,5360.0000,5356.4000,5355.4000,5362.2000,5362.6000,5363.0000,5365.0000,5368.4000,1,1,2,1,2,2,1,1,1,1
SF,IC2002,2020-01-03 09:30:04.900,5360.0000,3897,0,7511520.000,0,-,-,-,-,5360.4000,5360.0000,5356.4000,5355.4000,5355.2000,5362.2000,5362.6000,5363.0000,5365.0000,5368.4000,1,2,1,2,1,2,1,1,1,1
SF,IC2002,2020-01-03 09:30:05.900,5360.4000,3896,-1,8583600.000,1,0,1,双平,S,5360.0000,5356.4000,5355.4000,5355.2000,5355.0000,5362.6000,5363.0000,5365.0000,5368.4000,5370.8000,2,1,2,1,2,1,1,1,1,6
SF,IC2002,2020-01-03 09:30:06.400,5360.4000,3896,0,8583600.000,0,-,-,-,-,5360.2000,5360.0000,5356.4000,5355.4000,5355.2000,5360.4000,5362.4000,5362.6000,5363.0000,5365.0000,1,2,1,2,1,1,1,1,1,1
SF,IC2002,2020-01-03 09:30:06.900,5360.4000,3895,-1,9655680.000,1,0,1,双平,S,5360.4000,5360.0000,5356.4000,5355.4000,5355.2000,5362.4000,5362.6000,5363.0000,5365.0000,5368.4000,1,2,1,2,1,1,1,1,1,1
SF,IC2002,2020-01-03 09:30:07.900,5362.6000,3895,0,11800680.000,2,1,1,多换,S,5360.4000,5360.0000,5356.4000,5355.4000,5355.2000,5365.0000,5368.4000,5370.8000,5371.0000,5372.8000,1,2,1,2,1,1,1,6,1,1
SF,IC2002,2020-01-03 09:30:08.400,5362.6000,3895,0,11800680.000,0,-,-,-,-,5360.6000,5360.4000,5360.0000,5356.4000,5355.4000,5364.6000,5364.8000,5365.0000,5368.4000,5370.8000,1,1,2,1,2,1,1,1,1,6
SF,IC2002,2020-01-03 09:30:08.900,5362.6000,3895,0,11800680.000,0,-,-,-,-,5360.4000,5360.0000,5356.4000,5355.4000,5355.2000,5364.4000,5364.6000,5365.0000,5368.4000,5370.8000,1,2,1,2,1,1,1,1,1,6
SF,IC2002,2020-01-03 09:30:09.400,5362.6000,3895,0,11800680.000,0,-,-,-,-,5362.6000,5360.6000,5360.4000,5360.0000,5356.4000,5364.6000,5365.0000,5368.4000,5370.8000,5371.0000,2,1,1,2,1,1,1,1,6,1
SF,IC2002,2020-01-03 09:30:09.900,5362.6000,3895,0,13945720.000,2,1,1,多换,S,5360.6000,5360.4000,5360.0000,5356.4000,5355.4000,5362.2000,5364.6000,5365.0000,5368.4000,5370.8000,1,1,2,1,2,1,1,1,1,6
SF,IC2002,2020-01-03 09:30:10.400,5362.2000,3894,-1,15018160.000,1,0,1,双平,S,5360.4000,5360.0000,5356.4000,5355.4000,5355.2000,5364.6000,5365.0000,5368.4000,5370.8000,5371.0000,1,2,1,2,1,1,1,1,6,1
SF,IC2002,2020-01-03 09:30:10.900,5362.2000,3894,0,15018160.000,0,-,-,-,-,5360.6000,5360.4000,5360.0000,5356.4000,5355.4000,5364.4000,5364.6000,5365.0000,5368.4000,5370.8000,2,1,2,1,2,1,1,1,1,6
SF,IC2002,2020-01-03 09:30:12.400,5362.2000,3894,0,15018160.000,0,-,-,-,-,5362.2000,5360.6000,5360.4000,5360.0000,5356.4000,5364.2000,5364.4000,5364.6000,5365.0000,5368.4000,1,1,1,2,1,1,1,1,1,1
SF,IC2002,2020-01-03 09:30:12.900,5362.2000,3894,0,15018160.000,0,-,-,-,-,5362.4000,5362.2000,5360.4000,5360.0000,5356.4000,5364.2000,5364.6000,5365.0000,5368.4000,5370.8000,1,1,1,2,1,1,1,1,1,6
SF,IC2002,2020-01-03 09:30:13.400,5362.2000,3894,0,15018160.000,0,-,-,-,-,5362.6000,5362.4000,5362.2000,5360.4000,5360.0000,5364.6000,5365.0000,5370.8000,5371.0000,5372.8000,1,1,1,1,2,1,1,6,1,1
SF,IC2002,2020-01-03 09:30:13.900,5362.2000,3894,0,15018160.000,0,-,-,-,-,5362.8000,5362.6000,5362.2000,5360.4000,5360.0000,5364.6000,5365.0000,5370.8000,5371.0000,5372.8000,1,1,1,1,2,1,1,6,1,1
SF,IC2002,2020-01-03 09:30:14.400,5362.2000,3894,0,15018160.000,0,-,-,-,-,5363.0000,5362.8000,5362.6000,5362.2000,5360.4000,5364.6000,5365.0000,5370.8000,5371.0000,5372.8000,1,1,1,2,1,1,1,6,1,1
SF,IC2002,2020-01-03 09:30:14.900,5362.2000,3894,0,15018160.000,0,-,-,-,-,5363.2000,5363.0000,5362.6000,5362.2000,5360.4000,5370.0000,5370.8000,5371.0000,5372.8000,5391.4000,1,1,1,2,1,1,6,1,1,1
SF,IC2002,2020-01-03 09:30:15.400,5362.2000,3894,0,15018160.000,0,-,-,-,-,5363.0000,5362.2000,5360.4000,5360.0000,5356.4000,5364.2000,5365.0000,5366.4000,5367.6000,5368.0000,1,2,1,2,1,1,1,1,1,2
SF,IC2002,2020-01-03 09:30:15.900,5364.2000,3894,0,16091000.000,1,0,1,多换,S,5363.0000,5362.2000,5360.4000,5360.0000,5355.4000,5365.0000,5366.4000,5367.6000,5368.0000,5369.6000,1,2,1,2,2,1,1,1,2,4
SF,IC2002,2020-01-03 09:30:16.400,5364.2000,3894,0,16091000.000,0,-,-,-,-,5363.2000,5363.0000,5362.2000,5360.4000,5360.0000,5366.4000,5367.6000,5368.0000,5369.6000,5369.8000,1,1,2,1,2,1,1,2,4,1
SF,IC2002,2020-01-03 09:30:16.900,5364.2000,3894,0,16091000.000,0,-,-,-,-,5363.4000,5363.2000,5363.0000,5362.2000,5360.4000,5366.4000,5367.6000,5368.0000,5369.6000,5369.8000,1,1,1,2,1,1,1,2,4,1
SF,IC2002,2020-01-03 09:30:17.400,5364.2000,3894,0,16091000.000,0,-,-,-,-,5364.2000,5363.6000,5363.4000,5363.0000,5362.2000,5366.2000,5366.4000,5367.6000,5368.0000,5369.6000,1,1,1,1,2,1,1,1,2,4
SF,IC2002,2020-01-03 09:30:17.900,5364.2000,3894,0,16091000.000,0,-,-,-,-,5364.4000,5364.2000,5363.6000,5363.4000,5363.0000,5366.2000,5366.4000,5367.6000,5368.0000,5369.6000,1,1,1,1,1,1,1,1,2,4
SF,IC2002,2020-01-03 09:30:18.400,5364.2000,3894,0,16091000.000,0,-,-,-,-,5364.4000,5364.2000,5363.6000,5363.4000,5363.0000,5366.2000,5366.4000,5367.6000,5368.0000,5369.6000,1,2,1,1,1,1,1,1,2,4
SF,IC2002,2020-01-03 09:30:18.900,5364.2000,3894,0,16091000.000,0,-,-,-,-,5364.6000,5364.4000,5364.2000,5363.4000,5363.0000,5366.2000,5366.4000,5367.6000,5368.0000,5369.6000,1,1,2,1,1,1,1,1,2,4
SF,IC2002,2020-01-03 09:30:19.400,5364.2000,3894,0,16091000.000,0,-,-,-,-,5364.6000,5364.4000,5364.2000,5363.4000,5363.0000,5366.2000,5366.4000,5367.6000,5368.0000,5369.6000,1,1,2,1,1,1,1,1,2,4
SF,IC2002,2020-01-03 09:30:19.900,5364.2000,3894,0,16091000.000,0,-,-,-,-,5364.6000,5364.4000,5364.2000,5363.4000,5363.0000,5366.2000,5366.4000,5367.6000,5368.0000,5369.6000,1,1,2,1,1,1,1,1,2,4
SF,IC2002,2020-01-03 09:30:20.400,5364.2000,3894,0,16091000.000,0,-,-,-,-,5364.6000,5364.4000,5364.2000,5363.4000,5363.0000,5366.2000,5366.4000,5367.6000,5368.0000,5369.6000,1,1,3,1,1,1,1,1,2,4
SF,IC2002,2020-01-03 09:30:21.400,5364.2000,3894,0,16091000.000,0,-,-,-,-,5364.6000,5364.4000,5364.2000,5363.4000,5363.0000,5366.2000,5366.4000,5367.6000,5368.0000,5369.4000,1,1,3,1,1,1,1,1,2,1
SF,IC2002,2020-01-03 09:30:22.400,5364.2000,3894,0,16091000.000,0,-,-,-,-,5364.6000,5364.4000,5364.2000,5363.4000,5363.0000,5366.2000,5366.4000,5367.6000,5368.0000,5369.4000,1,1,4,1,1,1,1,1,2,1
SF,IC2002,2020-01-03 09:30:22.900,5364.2000,3894,0,16091000.000,0,-,-,-,-,5364.6000,5364.4000,5364.2000,5363.0000,5362.2000,5366.2000,5366.4000,5367.6000,5368.0000,5369.4000,1,1,4,1,2,1,1,1,2,1
SF,IC2002,2020-01-03 09:30:24.400,5364.2000,3894,0,16091000.000,0,-,-,-,-,5364.6000,5364.4000,5364.2000,5362.2000,5360.4000,5366.2000,5366.4000,5367.6000,5368.0000,5369.4000,1,1,5,2,1,1,1,1,2,1
SF,IC2002,2020-01-03 09:30:26.400,5364.2000,3894,0,16091000.000,0,-,-,-,-,5364.6000,5364.4000,5364.2000,5362.2000,5360.4000,5366.2000,5366.4000,5367.6000,5368.0000,5369.4000,1,1,6,2,1,1,1,1,2,1
SF,IC2002,2020-01-03 09:30:27.400,5364.2000,3894,0,16091000.000,0,-,-,-,-,5364.6000,5364.4000,5364.2000,5362.2000,5360.4000,5366.4000,5368.0000,5369.4000,5369.6000,5370.0000,1,1,6,2,1,1,1,1,3,1
SF,IC2002,2020-01-03 09:30:27.900,5364.2000,3894,0,16091000.000,0,-,-,-,-,5364.8000,5364.6000,5364.4000,5364.2000,5362.2000,5366.4000,5368.0000,5369.4000,5369.6000,5370.0000,1,1,1,6,2,1,1,1,3,1
SF,IC2002,2020-01-03 09:30:28.400,5364.2000,3894,0,16091000.000,0,-,-,-,-,5365.0000,5364.8000,5364.4000,5364.2000,5362.2000,5366.4000,5368.0000,5369.4000,5369.6000,5370.0000,1,1,1,6,2,1,1,1,3,1
SF,IC2002,2020-01-03 09:30:28.900,5364.2000,3894,0,16091000.000,0,-,-,-,-,5365.0000,5364.8000,5364.4000,5364.2000,5362.2000,5366.4000,5368.0000,5369.4000,5369.6000,5370.0000,1,1,1,7,2,1,1,1,3,1
SF,IC2002,2020-01-03 09:30:29.400,5366.4000,3894,0,17164280.000,1,0,1,多换,S,5366.4000,5365.0000,5364.8000,5364.4000,5364.2000,5368.0000,5369.4000,5369.6000,5370.0000,5370.8000,2,1,1,1,7,1,1,3,1,6
SF,IC2002,2020-01-03 09:30:29.900,5366.4000,3893,-1,19310840.000,2,0,2,多平,S,5365.0000,5364.4000,5364.2000,5362.2000,5360.4000,5366.0000,5367.6000,5367.8000,5368.0000,5369.4000,1,1,7,2,1,1,1,3,2,1
SF,IC2002,2020-01-03 09:30:30.400,5366.0000,3892,-1,20384040.000,1,0,1,双平,S,5364.4000,5364.2000,5362.2000,5360.4000,5360.0000,5367.6000,5367.8000,5368.0000,5369.4000,5369.6000,1,7,2,1,2,1,2,2,1,3
SF,IC2002,2020-01-03 09:30:30.900,5366.0000,3892,0,20384040.000,0,-,-,-,-,5364.6000,5364.2000,5362.2000,5360.4000,5360.0000,5367.4000,5367.6000,5367.8000,5368.0000,5369.4000,1,7,2,1,2,2,1,2,2,1
SF,IC2002,2020-01-03 09:30:31.400,5366.0000,3892,0,20384040.000,0,-,-,-,-,5364.6000,5364.2000,5362.2000,5360.4000,5360.0000,5367.2000,5367.4000,5367.6000,5367.8000,5368.0000,1,7,2,1,2,1,2,1,2,2
SF,IC2002,2020-01-03 09:30:31.900,5366.0000,3892,0,20384040.000,0,-,-,-,-,5366.0000,5364.6000,5364.2000,5362.2000,5360.4000,5367.0000,5367.2000,5367.6000,5367.8000,5368.0000,1,1,7,2,1,1,1,1,1,2
SF,IC2002,2020-01-03 09:30:32.900,5366.0000,3893,1,21457240.000,1,1,0,双开,S,5364.6000,5364.2000,5362.2000,5360.4000,5360.0000,5366.8000,5367.0000,5367.2000,5367.6000,5368.0000,1,7,2,1,2,1,1,1,1,2
SF,IC2002,2020-01-03 09:30:33.400,5366.0000,3893,0,21457240.000,0,-,-,-,-,5364.6000,5364.2000,5362.2000,5360.4000,5360.0000,5366.6000,5366.8000,5367.2000,5367.6000,5368.0000,1,7,2,1,2,1,1,1,1,2
SF,IC2002,2020-01-03 09:30:34.900,5366.0000,3893,0,21457240.000,0,-,-,-,-,5364.8000,5364.6000,5364.2000,5362.2000,5360.4000,5366.8000,5367.2000,5367.6000,5368.0000,5369.4000,1,1,7,2,1,1,1,1,2,1
SF,IC2002,2020-01-03 09:30:35.400,5366.0000,3893,0,21457240.000,0,-,-,-,-,5366.0000,5364.8000,5364.6000,5364.2000,5362.2000,5366.8000,5367.2000,5367.6000,5368.0000,5369.4000,1,1,1,7,2,1,1,1,2,1
SF,IC2002,2020-01-03 09:30:35.900,5366.0000,3893,0,21457240.000,0,-,-,-,-,5366.0000,5364.8000,5364.6000,5364.2000,5362.2000,5366.6000,5367.2000,5368.0000,5369.4000,5369.6000,1,1,1,7,2,1,1,2,1,3
SF,IC2002,2020-01-03 09:30:36.400,5366.0000,3893,0,21457240.000,0,-,-,-,-,5366.0000,5364.6000,5364.2000,5362.2000,5360.4000,5366.6000,5367.2000,5368.0000,5369.4000,5369.6000,1,1,7,2,1,1,1,2,1,3
SF,IC2002,2020-01-03 09:30:38.400,5366.0000,3893,0,21457240.000,0,-,-,-,-,5366.0000,5364.6000,5364.2000,5362.2000,5360.4000,5366.6000,5368.0000,5369.4000,5369.6000,5370.0000,2,1,7,2,1,1,1,1,3,1
SF,IC2002,2020-01-03 09:30:38.900,5366.0000,3893,0,22530440.000,1,0,1,多换,S,5366.0000,5364.6000,5364.2000,5362.2000,5360.4000,5366.4000,5368.0000,5369.4000,5369.6000,5370.0000,1,1,7,2,1,1,1,1,3,1
SF,IC2002,2020-01-03 09:30:39.400,5366.0000,3893,0,23603640.000,1,0,1,多换,S,5364.6000,5364.2000,5362.2000,5360.4000,5360.0000,5366.4000,5368.0000,5369.4000,5369.6000,5370.0000,1,7,2,1,2,1,1,1,3,1
SF,IC2002,2020-01-03 09:30:39.900,5366.0000,3893,0,23603640.000,0,-,-,-,-,5364.8000,5364.6000,5364.2000,5362.2000,5360.4000,5366.4000,5368.0000,5369.4000,5369.6000,5370.0000,1,1,7,2,1,1,1,1,3,1
SF,IC2002,2020-01-03 09:30:40.400,5366.0000,3893,0,23603640.000,0,-,-,-,-,5365.0000,5364.8000,5364.2000,5362.2000,5360.4000,5366.4000,5368.0000,5369.4000,5369.6000,5370.0000,1,1,7,2,1,1,1,1,3,1
SF,IC2002,2020-01-03 09:30:40.900,5366.0000,3893,0,23603640.000,0,-,-,-,-,5365.0000,5364.8000,5364.2000,5362.2000,5360.4000,5366.4000,5368.0000,5369.4000,5369.6000,5370.0000,1,1,7,2,1,1,1,1,3,1
SF,IC2002,2020-01-03 09:30:41.400,5366.0000,3893,0,23603640.000,0,-,-,-,-,5365.0000,5364.8000,5364.2000,5362.2000,5360.4000,5366.0000,5366.4000,5368.0000,5369.4000,5369.6000,1,1,7,2,1,1,1,1,1,3
SF,IC2002,2020-01-03 09:30:41.900,5366.0000,3894,1,24676840.000,1,1,0,双开,S,5365.0000,5364.2000,5362.2000,5360.4000,5360.0000,5366.0000,5368.0000,5369.4000,5369.6000,5370.0000,1,7,2,1,2,1,1,1,3,1
SF,IC2002,2020-01-03 09:30:44.900,5365.0000,3893,-1,26822840.000,2,0,2,多平,S,5364.2000,5362.2000,5360.4000,5360.0000,5355.2000,5366.0000,5368.0000,5369.4000,5369.6000,5370.0000,7,2,1,2,1,1,1,1,3,1
SF,IC2002,2020-01-03 09:30:45.400,5365.0000,3893,0,26822840.000,0,-,-,-,-,5364.4000,5364.2000,5362.2000,5360.4000,5360.0000,5366.0000,5368.0000,5369.4000,5369.6000,5370.0000,1,7,2,1,2,1,1,1,3,1
SF,IC2002,2020-01-03 09:30:45.900,5365.0000,3893,0,26822840.000,0,-,-,-,-,5364.4000,5364.2000,5362.2000,5360.4000,5360.0000,5366.0000,5368.0000,5369.4000,5369.6000,5370.0000,1,7,2,1,2,1,1,1,3,2
SF,IC2002,2020-01-03 09:30:46.400,5365.0000,3893,0,26822840.000,0,-,-,-,-,5364.4000,5364.2000,5362.2000,5360.4000,5360.0000,5366.0000,5368.0000,5369.4000,5369.6000,5370.0000,1,7,2,1,2,1,1,1,3,2
SF,IC2002,2020-01-03 09:30:46.900,5365.0000,3893,0,26822840.000,0,-,-,-,-,5364.4000,5364.2000,5362.2000,5360.4000,5360.0000,5366.0000,5368.0000,5369.4000,5369.6000,5370.0000,1,7,2,1,2,1,1,1,3,2
SF,IC2002,2020-01-03 09:30:48.400,5365.0000,3893,0,26822840.000,0,-,-,-,-,5364.2000,5362.2000,5360.4000,5360.0000,5355.2000,5366.0000,5368.0000,5369.4000,5369.6000,5370.0000,7,2,1,2,1,1,1,1,3,2
SF,IC2002,2020-01-03 09:30:48.900,5365.0000,3893,0,26822840.000,0,-,-,-,-,5364.4000,5364.2000,5362.2000,5360.4000,5360.0000,5366.0000,5368.0000,5369.4000,5369.6000,5370.0000,1,7,2,1,2,1,1,1,3,2
SF,IC2002,2020-01-03 09:30:49.400,5365.0000,3893,0,26822840.000,0,-,-,-,-,5364.4000,5364.2000,5362.2000,5360.4000,5360.0000,5366.0000,5368.0000,5369.4000,5369.6000,5370.0000,1,7,2,1,2,1,1,1,3,2
SF,IC2002,2020-01-03 09:30:49.900,5365.0000,3893,0,26822840.000,0,-,-,-,-,5364.2000,5362.2000,5360.4000,5360.0000,5355.2000,5366.0000,5368.0000,5369.4000,5369.6000,5370.0000,7,2,1,2,1,1,1,1,3,2
SF,IC2002,2020-01-03 09:30:50.400,5365.0000,3893,0,26822840.000,0,-,-,-,-,5365.0000,5364.4000,5364.2000,5362.2000,5360.4000,5366.0000,5368.0000,5369.4000,5369.6000,5370.0000,1,2,7,2,1,1,1,1,3,2
SF,IC2002,2020-01-03 09:30:50.900,5365.0000,3893,0,26822840.000,0,-,-,-,-,5365.0000,5364.4000,5364.2000,5362.2000,5360.4000,5366.0000,5368.0000,5369.4000,5370.0000,5370.8000,1,2,7,2,1,1,1,1,2,6
SF,IC2002,2020-01-03 09:30:51.400,5366.0000,3893,0,27896040.000,1,0,1,多换,S,5365.0000,5364.4000,5364.2000,5362.2000,5360.4000,5368.0000,5369.4000,5370.0000,5370.8000,5371.0000,1,2,7,2,1,1,1,2,6,1
SF,IC2002,2020-01-03 09:30:51.900,5366.0000,3893,0,27896040.000,0,-,-,-,-,5365.0000,5364.4000,5364.2000,5362.2000,5360.4000,5367.8000,5368.0000,5369.4000,5370.0000,5370.8000,1,1,7,2,1,3,1,1,2,6
SF,IC2002,2020-01-03 09:30:52.900,5366.0000,3893,0,27896040.000,0,-,-,-,-,5365.0000,5364.4000,5364.2000,5362.2000,5360.4000,5367.8000,5368.0000,5369.4000,5370.0000,5370.8000,1,1,7,2,1,2,1,1,2,6
SF,IC2002,2020-01-03 09:30:53.400,5366.0000,3893,0,27896040.000,0,-,-,-,-,5365.0000,5364.4000,5364.2000,5362.2000,5360.4000,5367.6000,5367.8000,5368.0000,5369.4000,5370.0000,1,1,7,2,1,1,2,1,1,2
SF,IC2002,2020-01-03 09:30:53.900,5366.0000,3893,0,27896040.000,0,-,-,-,-,5365.0000,5364.2000,5362.2000,5360.4000,5360.0000,5367.4000,5367.6000,5367.8000,5368.0000,5369.4000,1,7,2,1,2,1,1,1,1,1
SF,IC2002,2020-01-03 09:30:54.400,5366.0000,3893,0,27896040.000,0,-,-,-,-,5366.0000,5365.0000,5364.2000,5362.2000,5360.4000,5367.2000,5367.4000,5367.8000,5368.0000,5369.4000,1,1,7,2,1,1,1,1,1,1
SF,IC2002,2020-01-03 09:30:55.400,5367.2000,3892,-1,28969480.000,1,0,1,双平,S,5366.0000,5365.0000,5364.2000,5362.2000,5360.4000,5367.4000,5367.8000,5368.0000,5369.4000,5370.0000,1,1,7,2,1,1,1,1,1,2
SF,IC2002,2020-01-03 09:30:56.400,5366.0000,3892,0,30042680.000,1,0,1,多换,S,5367.2000,5365.0000,5364.2000,5362.2000,5360.4000,5367.4000,5367.6000,5367.8000,5368.0000,5369.4000,3,1,7,2,1,1,1,1,1,1
SF,IC2002,2020-01-03 09:30:56.900,5367.2000,3892,0,33263000.000,3,1,2,多换,S,5365.0000,5364.2000,5362.2000,5360.4000,5360.0000,5367.6000,5367.8000,5368.0000,5369.4000,5370.0000,1,7,2,1,2,1,1,1,1,2
SF,IC2002,2020-01-03 09:30:57.400,5367.2000,3892,0,33263000.000,0,-,-,-,-,5365.2000,5365.0000,5364.2000,5362.2000,5360.4000,5367.8000,5368.0000,5369.4000,5370.0000,5370.8000,1,1,7,2,1,1,1,1,2,6
SF,IC2002,2020-01-03 09:30:57.900,5367.2000,3892,0,33263000.000,0,-,-,-,-,5365.2000,5365.0000,5364.2000,5362.2000,5360.4000,5367.8000,5368.0000,5369.4000,5370.0000,5370.8000,1,1,7,2,1,1,2,1,2,6
SF,IC2002,2020-01-03 09:30:58.400,5367.2000,3892,0,33263000.000,0,-,-,-,-,5365.2000,5365.0000,5364.2000,5362.2000,5360.4000,5367.8000,5368.0000,5369.4000,5370.0000,5370.8000,1,1,7,2,1,1,2,1,2,6
SF,IC2002,2020-01-03 09:30:58.900,5367.2000,3892,0,33263000.000,0,-,-,-,-,5367.2000,5365.2000,5365.0000,5364.2000,5362.2000,5367.6000,5367.8000,5368.0000,5369.4000,5370.0000,1,1,1,7,2,1,1,2,1,2
SF,IC2002,2020-01-03 09:30:59.400,5367.2000,3892,0,34336440.000,1,0,1,多换,S,5365.0000,5364.2000,5362.2000,5360.4000,5360.0000,5367.6000,5367.8000,5368.0000,5369.4000,5370.0000,1,7,2,1,2,1,1,2,1,2
SF,IC2002,2020-01-03 09:30:59.900,5367.2000,3892,0,34336440.000,0,-,-,-,-,5365.2000,5365.0000,5364.2000,5362.2000,5360.4000,5367.6000,5367.8000,5368.0000,5369.4000,5370.0000,1,1,7,2,1,1,1,2,1,2
SF,IC2002,2020-01-03 09:31:00.400,5367.2000,3892,0,34336440.000,0,-,-,-,-,5365.2000,5365.0000,5364.2000,5362.2000,5360.4000,5367.8000,5368.0000,5369.4000,5370.0000,5370.8000,1,1,7,2,1,1,2,1,2,6
SF,IC2002,2020-01-03 09:31:01.400,5368.0000,3893,1,40777840.000,6,3,3,空开,S,5367.2000,5365.0000,5364.2000,5362.2000,5360.4000,5369.4000,5370.0000,5370.8000,5371.0000,5373.0000,1,1,7,2,1,1,2,6,1,1
SF,IC2002,2020-01-03 09:31:01.900,5369.0000,3893,0,42925080.000,2,1,1,多换,S,5365.0000,5364.2000,5362.2000,5360.4000,5360.0000,5369.0000,5369.4000,5370.0000,5370.8000,5371.0000,1,7,2,1,2,5,1,2,6,1
SF,IC2002,2020-01-03 09:31:02.400,5369.0000,3893,0,42925080.000,0,-,-,-,-,5365.0000,5364.2000,5362.2000,5360.4000,5360.0000,5368.8000,5369.0000,5369.4000,5370.0000,5370.8000,1,7,2,1,2,1,5,1,2,6
SF,IC2002,2020-01-03 09:31:02.900,5369.0000,3893,0,42925080.000,0,-,-,-,-,5365.2000,5365.0000,5364.2000,5362.2000,5360.4000,5368.4000,5368.8000,5369.0000,5369.2000,5369.4000,1,1,7,2,1,2,1,3,1,1
SF,IC2002,2020-01-03 09:31:03.400,5369.0000,3893,0,42925080.000,0,-,-,-,-,5365.4000,5365.0000,5364.2000,5362.2000,5360.4000,5368.2000,5369.0000,5369.2000,5369.4000,5370.0000,1,1,7,2,1,1,3,1,1,2
SF,IC2002,2020-01-03 09:31:03.900,5369.0000,3893,0,43998880.000,1,0,1,多换,S,5365.4000,5365.0000,5364.2000,5362.2000,5360.4000,5368.2000,5369.0000,5369.2000,5369.4000,5370.0000,1,1,7,2,1,1,3,1,1,2
SF,IC2002,2020-01-03 09:31:04.400,5369.0000,3893,0,43998880.000,0,-,-,-,-,5365.0000,5364.2000,5362.2000,5360.4000,5360.0000,5368.0000,5368.2000,5369.0000,5369.2000,5369.4000,1,7,2,1,2,1,1,3,1,1
SF,IC2002,2020-01-03 09:31:04.900,5368.0000,3892,-1,45072480.000,1,0,1,双平,S,5365.2000,5365.0000,5364.2000,5362.2000,5360.4000,5368.2000,5368.6000,5369.0000,5369.4000,5370.0000,2,1,7,2,1,1,1,3,1,1
SF,IC2002,2020-01-03 09:31:05.400,5368.0000,3892,0,45072480.000,0,-,-,-,-,5365.2000,5365.0000,5364.2000,5362.2000,5360.4000,5367.6000,5367.8000,5368.6000,5369.0000,5369.4000,2,1,7,2,1,1,3,1,1,1
SF,IC2002,2020-01-03 09:31:05.900,5368.0000,3892,0,45072480.000,0,-,-,-,-,5365.2000,5365.0000,5364.2000,5362.2000,5360.4000,5367.8000,5369.4000,5370.0000,5370.8000,5371.0000,1,1,7,2,1,2,1,1,6,1
SF,IC2002,2020-01-03 09:31:06.400,5368.0000,3892,0,46146080.000,1,0,1,多换,S,5365.4000,5365.2000,5365.0000,5364.2000,5362.2000,5367.6000,5367.8000,5369.4000,5370.0000,5370.8000,1,1,1,7,2,1,2,1,1,6
SF,IC2002,2020-01-03 09:31:06.900,5368.0000,3892,0,46146080.000,0,-,-,-,-,5365.6000,5365.4000,5365.0000,5364.2000,5362.2000,5367.6000,5367.8000,5369.4000,5370.0000,5370.8000,1,1,1,7,2,1,2,1,1,6
SF,IC2002,2020-01-03 09:31:07.400,5368.0000,3892,0,46146080.000,0,-,-,-,-,5365.8000,5365.6000,5365.0000,5364.2000,5362.2000,5367.2000,5367.6000,5367.8000,5369.4000,5370.0000,1,1,1,7,2,2,1,2,1,1
SF,IC2002,2020-01-03 09:31:07.900,5368.0000,3892,0,46146080.000,0,-,-,-,-,5365.8000,5365.6000,5365.0000,5364.2000,5362.2000,5367.2000,5367.6000,5367.8000,5369.4000,5370.0000,1,1,1,7,2,2,1,2,1,1
SF,IC2002,2020-01-03 09:31:08.900,5368.0000,3893,1,47219680.000,1,1,0,双开,S,5365.8000,5365.6000,5365.0000,5364.2000,5362.2000,5367.2000,5367.6000,5367.8000,5369.4000,5370.0000,1,1,1,7,2,1,1,2,1,1
SF,IC2002,2020-01-03 09:31:09.400,5367.2000,3893,0,48293120.000,1,0,1,多换,S,5366.0000,5365.8000,5365.0000,5364.2000,5362.2000,5367.6000,5367.8000,5369.4000,5370.0000,5370.2000,1,1,1,7,2,1,2,1,1,1
SF,IC2002,2020-01-03 09:31:09.900,5367.2000,3893,0,48293120.000,0,-,-,-,-,5366.2000,5366.0000,5365.8000,5365.0000,5364.2000,5367.6000,5367.8000,5369.4000,5370.0000,5370.2000,1,1,1,1,7,1,2,1,1,1
SF,IC2002,2020-01-03 09:31:10.900,5367.2000,3893,0,48293120.000,0,-,-,-,-,5366.2000,5366.0000,5365.8000,5365.0000,5364.2000,5367.8000,5369.4000,5370.0000,5370.2000,5370.8000,1,1,1,1,7,2,1,1,1,6
SF,IC2002,2020-01-03 09:31:11.900,5367.2000,3893,0,48293120.000,0,-,-,-,-,5367.2000,5366.0000,5365.8000,5365.0000,5364.2000,5367.8000,5369.4000,5370.0000,5370.2000,5370.8000,1,1,1,1,7,2,1,1,1,6
SF,IC2002,2020-01-03 09:31:12.400,5367.2000,3893,0,49366560.000,1,0,1,多换,S,5365.0000,5364.2000,5362.2000,5360.4000,5360.0000,5367.8000,5369.4000,5370.0000,5370.2000,5370.8000,1,7,2,1,2,2,1,1,1,6
SF,IC2002,2020-01-03 09:31:12.900,5367.2000,3893,0,49366560.000,0,-,-,-,-,5365.2000,5365.0000,5364.2000,5362.2000,5360.4000,5367.8000,5369.4000,5370.0000,5370.2000,5370.8000,2,1,7,2,1,2,1,1,1,6
SF,IC2002,2020-01-03 09:31:13.400,5367.2000,3893,0,49366560.000,0,-,-,-,-,5365.2000,5365.0000,5364.2000,5362.2000,5360.4000,5367.8000,5369.4000,5370.0000,5370.2000,5370.8000,2,1,7,2,1,2,1,1,1,6
SF,IC2002,2020-01-03 09:31:13.900,5367.2000,3893,0,49366560.000,0,-,-,-,-,5367.2000,5365.2000,5365.0000,5364.2000,5362.2000,5367.8000,5369.4000,5370.0000,5370.2000,5370.8000,1,2,1,7,2,1,1,1,1,6
SF,IC2002,2020-01-03 09:31:14.400,5367.8000,3891,-2,51513680.000,2,0,2,双平,S,5367.2000,5365.2000,5365.0000,5364.2000,5362.2000,5369.4000,5370.0000,5371.0000,5371.4000,5373.0000,1,1,1,7,2,1,1,1,1,1
SF,IC2002,2020-01-03 09:31:14.900,5367.8000,3891,0,51513680.000,0,-,-,-,-,5367.6000,5367.4000,5367.2000,5365.2000,5365.0000,5369.4000,5370.0000,5371.0000,5371.4000,5373.0000,1,1,1,1,1,1,1,1,1,1
SF,IC2002,2020-01-03 09:31:15.400,5367.8000,3891,0,51513680.000,0,-,-,-,-,5367.8000,5367.6000,5367.4000,5367.2000,5365.2000,5369.4000,5370.0000,5371.0000,5373.0000,5376.6000,1,1,1,1,1,1,1,1,1,6
SF,IC2002,2020-01-03 09:31:15.900,5367.8000,3891,0,51513680.000,0,-,-,-,-,5368.0000,5367.8000,5367.6000,5367.2000,5365.2000,5369.4000,5370.0000,5371.0000,5373.0000,5376.6000,1,1,1,1,1,1,1,1,1,6
SF,IC2002,2020-01-03 09:31:16.400,5369.4000,3891,0,52587560.000,1,0,1,多换,S,5368.0000,5367.8000,5367.6000,5367.2000,5365.2000,5370.0000,5371.0000,5373.0000,5376.6000,5380.0000,2,2,1,1,1,1,1,1,6,1
SF,IC2002,2020-01-03 09:31:16.900,5369.4000,3891,0,52587560.000,0,-,-,-,-,5368.2000,5368.0000,5367.8000,5367.6000,5367.2000,5370.0000,5371.0000,5373.0000,5376.6000,5380.0000,2,2,2,1,1,1,1,1,6,1
SF,IC2002,2020-01-03 09:31:17.400,5369.4000,3891,0,52587560.000,0,-,-,-,-,5368.2000,5367.8000,5367.6000,5367.2000,5365.2000,5370.0000,5371.0000,5373.0000,5376.6000,5380.0000,2,2,1,1,1,1,1,1,6,1
SF,IC2002,2020-01-03 09:31:17.900,5370.0000,3890,-1,53661560.000,1,0,1,双平,S,5368.2000,5368.0000,5367.8000,5367.6000,5367.2000,5371.0000,5373.0000,5376.6000,5380.0000,5388.0000,2,2,2,1,1,1,1,6,1,10
SF,IC2002,2020-01-03 09:31:18.400,5370.0000,3890,0,53661560.000,0,-,-,-,-,5368.2000,5368.0000,5367.8000,5367.6000,5367.2000,5371.0000,5373.0000,5376.6000,5380.0000,5388.0000,2,2,2,1,1,1,1,6,1,10
SF,IC2002,2020-01-03 09:31:18.900,5370.0000,3890,0,53661560.000,0,-,-,-,-,5370.0000,5368.2000,5368.0000,5367.8000,5367.6000,5371.0000,5373.0000,5376.6000,5380.0000,5388.0000,1,2,2,2,1,1,1,6,1,10
SF,IC2002,2020-01-03 09:31:20.400,5371.0000,3889,-1,54735760.000,1,0,1,双平,S,5370.0000,5368.2000,5368.0000,5367.8000,5367.6000,5373.0000,5376.6000,5380.0000,5388.0000,5391.4000,1,2,2,2,1,1,6,1,10,1
SF,IC2002,2020-01-03 09:31:20.900,5371.0000,3889,0,54735760.000,0,-,-,-,-,5371.0000,5370.2000,5370.0000,5368.2000,5368.0000,5372.8000,5373.0000,5376.6000,5380.0000,5388.0000,1,3,1,1,2,1,1,6,1,10
SF,IC2002,2020-01-03 09:31:21.400,5371.0000,3889,0,54735760.000,0,-,-,-,-,5371.2000,5371.0000,5370.2000,5370.0000,5368.2000,5372.8000,5373.0000,5376.6000,5380.0000,5388.0000,1,1,1,1,1,1,1,6,1,10
SF,IC2002,2020-01-03 09:31:21.900,5371.0000,3889,0,54735760.000,0,-,-,-,-,5371.2000,5371.0000,5370.2000,5370.0000,5368.2000,5373.0000,5376.6000,5380.0000,5388.0000,5391.4000,1,1,1,1,1,1,6,1,10,1
SF,IC2002,2020-01-03 09:31:22.400,5371.0000,3889,0,54735760.000,0,-,-,-,-,5371.4000,5371.2000,5371.0000,5370.2000,5370.0000,5373.0000,5376.6000,5380.0000,5388.0000,5391.4000,2,1,1,1,1,1,6,1,10,1
SF,IC2002,2020-01-03 09:31:22.900,5371.0000,3889,0,54735760.000,0,-,-,-,-,5371.6000,5371.4000,5371.0000,5370.2000,5370.0000,5373.0000,5376.6000,5380.0000,5388.0000,5391.4000,1,2,1,1,1,1,6,1,10,1
SF,IC2002,2020-01-03 09:31:23.400,5371.0000,3889,0,54735760.000,0,-,-,-,-,5371.8000,5371.6000,5371.4000,5371.0000,5370.2000,5373.0000,5376.6000,5380.0000,5388.0000,5391.4000,1,1,1,1,1,1,6,1,10,1
SF,IC2002,2020-01-03 09:31:23.900,5373.0000,3888,-1,55810360.000,1,0,1,双平,S,5372.0000,5371.4000,5371.0000,5370.2000,5370.0000,5376.6000,5380.0000,5388.0000,5391.4000,5451.2000,1,1,1,1,1,6,1,10,1,1
SF,IC2002,2020-01-03 09:31:24.400,5373.0000,3888,0,55810360.000,0,-,-,-,-,5372.2000,5372.0000,5371.4000,5371.0000,5370.2000,5375.0000,5376.2000,5376.4000,5376.6000,5380.0000,1,1,1,1,1,1,3,1,6,1
SF,IC2002,2020-01-03 09:31:24.900,5373.0000,3888,0,55810360.000,0,-,-,-,-,5372.2000,5371.4000,5371.0000,5370.2000,5370.0000,5374.6000,5374.8000,5375.0000,5376.2000,5376.6000,1,1,1,1,1,1,1,1,3,6
SF,IC2002,2020-01-03 09:31:25.400,5373.0000,3888,0,55810360.000,0,-,-,-,-,5372.2000,5371.4000,5371.0000,5370.2000,5370.0000,5374.4000,5374.6000,5375.0000,5376.2000,5376.6000,1,1,1,1,1,1,1,1,3,6
SF,IC2002,2020-01-03 09:31:25.900,5373.0000,3888,0,55810360.000,0,-,-,-,-,5372.2000,5371.4000,5371.0000,5370.2000,5370.0000,5374.0000,5374.2000,5374.4000,5374.6000,5375.0000,1,1,1,1,1,1,1,1,1,1
SF,IC2002,2020-01-03 09:31:26.400,5372.2000,3887,-1,56884800.000,1,0,1,双平,S,5371.4000,5371.0000,5370.0000,5368.0000,5367.8000,5373.8000,5374.0000,5374.2000,5374.6000,5375.0000,1,1,1,2,1,1,1,1,1,1
SF,IC2002,2020-01-03 09:31:26.900,5372.2000,3887,0,56884800.000,0,-,-,-,-,5371.6000,5371.0000,5370.0000,5368.0000,5367.8000,5373.4000,5373.6000,5373.8000,5374.0000,5374.2000,1,1,1,2,1,1,1,1,1,1
SF,IC2002,2020-01-03 09:31:27.400,5372.2000,3887,0,56884800.000,0,-,-,-,-,5371.0000,5370.0000,5368.0000,5367.8000,5367.6000,5373.2000,5373.4000,5373.6000,5374.0000,5374.2000,1,1,2,1,1,1,1,1,1,1
SF,IC2002,2020-01-03 09:31:27.900,5372.2000,3887,0,56884800.000,0,-,-,-,-,5371.2000,5371.0000,5370.0000,5368.0000,5367.8000,5373.0000,5373.2000,5373.4000,5373.6000,5374.0000,1,1,1,2,1,1,1,1,1,1
SF,IC2002,2020-01-03 09:31:28.400,5372.2000,3887,0,56884800.000,0,-,-,-,-,5371.0000,5370.0000,5368.0000,5367.8000,5367.6000,5372.8000,5373.0000,5373.4000,5374.0000,5374.6000,1,1,2,1,1,1,1,1,1,1
SF,IC2002,2020-01-03 09:31:28.900,5372.2000,3887,0,56884800.000,0,-,-,-,-,5372.2000,5371.2000,5371.0000,5370.0000,5368.0000,5373.4000,5374.0000,5374.6000,5375.0000,5375.8000,1,2,1,1,2,1,1,1,1,1
SF,IC2002,2020-01-03 09:31:29.400,5372.2000,3887,0,56884800.000,0,-,-,-,-,5372.2000,5371.2000,5371.0000,5370.0000,5368.0000,5373.4000,5374.0000,5374.6000,5375.0000,5375.8000,1,1,1,1,2,1,1,1,1,1
SF,IC2002,2020-01-03 09:31:31.400,5372.2000,3887,0,56884800.000,0,-,-,-,-,5372.2000,5371.2000,5371.0000,5370.0000,5368.0000,5373.4000,5374.0000,5374.6000,5375.0000,5375.8000,2,1,1,1,2,1,1,1,1,1
SF,IC2002,2020-01-03 09:31:31.900,5372.2000,3887,0,56884800.000,0,-,-,-,-,5372.2000,5371.2000,5371.0000,5370.0000,5368.0000,5373.2000,5373.4000,5374.0000,5374.6000,5375.0000,2,1,1,1,2,1,1,1,1,1
SF,IC2002,2020-01-03 09:31:32.900,5372.8000,3886,-1,57959360.000,1,0,1,双平,S,5372.2000,5371.2000,5371.0000,5370.0000,5368.0000,5373.2000,5373.4000,5374.0000,5375.0000,5375.8000,2,1,1,1,2,1,1,1,1,1
SF,IC2002,2020-01-03 09:31:33.400,5372.8000,3886,0,57959360.000,0,-,-,-,-,5372.2000,5371.2000,5371.0000,5370.0000,5368.0000,5372.8000,5373.2000,5373.4000,5374.0000,5375.0000,2,1,1,1,2,1,1,1,1,1
SF,IC2002,2020-01-03 09:31:33.900,5372.8000,3887,1,60108360.000,2,1,1,空开,S,5372.2000,5371.2000,5371.0000,5370.0000,5368.0000,5373.2000,5373.4000,5374.0000,5375.0000,5375.8000,1,1,1,1,2,1,1,1,1,1
SF,IC2002,2020-01-03 09:31:34.400,5372.8000,3887,0,60108360.000,0,-,-,-,-,5372.2000,5371.2000,5371.0000,5370.0000,5368.0000,5373.0000,5373.2000,5373.4000,5374.0000,5375.0000,1,1,1,1,2,1,1,1,1,1
SF,IC2002,2020-01-03 09:31:34.900,5372.2000,3887,0,61182800.000,1,0,1,多换,S,5371.2000,5371.0000,5370.0000,5368.0000,5367.8000,5372.8000,5373.4000,5374.0000,5375.0000,5375.8000,1,1,1,2,1,1,1,1,1,1
SF,IC2002,2020-01-03 09:31:35.400,5372.2000,3887,0,61182800.000,0,-,-,-,-,5371.2000,5371.0000,5370.0000,5368.0000,5367.8000,5372.6000,5372.8000,5373.4000,5374.0000,5375.0000,1,1,1,2,1,1,1,1,1,1
SF,IC2002,2020-01-03 09:31:36.400,5372.6000,3887,0,62257320.000,1,0,1,多换,S,5372.6000,5372.2000,5371.2000,5371.0000,5370.0000,5372.8000,5373.4000,5374.0000,5375.0000,5375.8000,2,1,1,1,1,1,1,1,1,1
SF,IC2002,2020-01-03 09:31:36.900,5372.6000,3887,0,64406360.000,2,1,1,多换,S,5372.2000,5371.2000,5371.0000,5370.0000,5368.2000,5372.6000,5372.8000,5373.0000,5373.4000,5374.0000,1,1,1,1,1,1,1,1,1,1
SF,IC2002,2020-01-03 09:31:37.400,5372.6000,3886,-1,65480880.000,1,0,1,双平,S,5372.2000,5371.2000,5371.0000,5370.0000,5368.2000,5372.8000,5373.0000,5373.4000,5374.0000,5375.0000,1,1,1,1,1,1,1,1,1,1
SF,IC2002,2020-01-03 09:31:37.900,5372.6000,3886,0,65480880.000,0,-,-,-,-,5372.2000,5371.4000,5371.2000,5371.0000,5370.0000,5373.4000,5374.0000,5375.0000,5375.8000,5376.2000,1,1,1,1,1,1,1,1,1,2
SF,IC2002,2020-01-03 09:31:38.400,5372.6000,3886,0,65480880.000,0,-,-,-,-,5372.6000,5372.2000,5371.4000,5371.2000,5371.0000,5373.4000,5374.0000,5375.0000,5375.8000,5376.2000,1,1,1,1,1,1,1,1,1,2
SF,IC2002,2020-01-03 09:31:40.900,5372.6000,3886,0,65480880.000,0,-,-,-,-,5372.6000,5372.2000,5371.4000,5371.2000,5371.0000,5373.4000,5374.0000,5375.0000,5375.8000,5376.2000,2,1,1,1,1,1,1,1,1,2
SF,IC2002,2020-01-03 09:31:41.400,5373.4000,3885,-1,66555560.000,1,0,1,双平,S,5372.6000,5372.2000,5371.4000,5371.2000,5371.0000,5374.0000,5375.0000,5375.8000,5376.2000,5376.6000,2,1,1,1,1,1,1,1,2,6
SF,IC2002,2020-01-03 09:31:42.900,5373.4000,3885,0,66555560.000,0,-,-,-,-,5373.0000,5372.6000,5372.2000,5371.4000,5371.2000,5374.0000,5375.0000,5375.8000,5376.2000,5376.6000,1,2,1,1,1,1,1,1,2,6
SF,IC2002,2020-01-03 09:31:43.400,5373.0000,3885,0,67630160.000,1,0,1,多换,S,5372.6000,5372.2000,5371.4000,5371.2000,5371.0000,5374.0000,5375.0000,5375.8000,5376.2000,5376.6000,2,1,1,1,1,1,1,1,2,6
SF,IC2002,2020-01-03 09:31:43.900,5373.0000,3885,0,67630160.000,0,-,-,-,-,5373.4000,5372.8000,5372.6000,5372.2000,5371.4000,5374.0000,5375.0000,5375.8000,5376.2000,5376.6000,1,1,2,1,1,1,1,1,2,6
SF,IC2002,2020-01-03 09:31:44.400,5373.4000,3885,0,68704840.000,1,0,1,多换,S,5372.8000,5372.6000,5372.2000,5371.4000,5371.0000,5374.0000,5375.0000,5375.8000,5376.2000,5376.6000,1,2,1,1,1,1,1,1,2,6
SF,IC2002,2020-01-03 09:31:44.900,5373.4000,3885,0,68704840.000,0,-,-,-,-,5372.6000,5372.2000,5371.4000,5371.0000,5370.0000,5372.8000,5374.0000,5375.0000,5375.8000,5376.2000,2,1,1,1,1,2,1,1,1,2
SF,IC2002,2020-01-03 09:31:45.400,5372.8000,3883,-2,70853960.000,2,0,2,双平,S,5372.6000,5372.2000,5371.4000,5371.0000,5370.0000,5374.0000,5375.0000,5375.8000,5376.2000,5376.6000,2,1,1,1,1,1,1,1,2,6
SF,IC2002,2020-01-03 09:31:45.900,5372.8000,3883,0,70853960.000,0,-,-,-,-,5372.8000,5372.6000,5372.2000,5371.4000,5371.0000,5373.8000,5374.0000,5375.0000,5375.8000,5376.2000,1,2,1,1,1,1,1,1,1,2
SF,IC2002,2020-01-03 09:31:46.400,5372.8000,3884,1,71928520.000,1,1,0,双开,S,5372.6000,5372.2000,5371.4000,5371.0000,5370.0000,5373.8000,5374.0000,5375.0000,5375.8000,5376.2000,2,1,1,1,1,1,1,1,1,2
SF,IC2002,2020-01-03 09:31:46.900,5372.6000,3884,0,74077560.000,2,1,1,多换,S,5372.2000,5371.4000,5371.0000,5370.0000,5368.2000,5373.4000,5373.8000,5374.0000,5375.0000,5375.8000,1,1,1,1,1,3,1,1,1,1
SF,IC2002,2020-01-03 09:31:47.400,5372.2000,3885,1,75152000.000,1,1,0,双开,S,5371.4000,5371.0000,5370.0000,5368.2000,5368.0000,5372.6000,5373.2000,5373.4000,5374.0000,5375.0000,1,1,1,1,2,1,1,3,1,1
SF,IC2002,2020-01-03 09:31:47.900,5372.2000,3885,0,75152000.000,0,-,-,-,-,5371.4000,5371.0000,5370.0000,5368.2000,5368.0000,5372.4000,5372.6000,5373.4000,5374.0000,5375.0000,1,1,1,1,2,1,1,3,1,1
SF,IC2002,2020-01-03 09:31:48.400,5372.2000,3885,0,75152000.000,0,-,-,-,-,5371.4000,5371.0000,5370.0000,5368.2000,5368.0000,5372.0000,5372.2000,5372.4000,5372.6000,5373.4000,1,1,1,1,2,2,1,1,1,1
SF,IC2002,2020-01-03 09:31:48.900,5371.8000,3885,0,77300640.000,2,1,1,多换,S,5371.0000,5370.0000,5368.2000,5367.8000,5367.6000,5371.8000,5372.0000,5372.2000,5372.6000,5373.4000,1,1,1,1,1,1,2,1,1,1
SF,IC2002,2020-01-03 09:31:49.400,5371.0000,3885,0,78374840.000,1,0,1,多换,S,5370.0000,5368.2000,5367.8000,5367.6000,5367.2000,5371.4000,5371.6000,5371.8000,5372.2000,5372.6000,1,1,1,1,2,2,2,1,1,1
SF,IC2002,2020-01-03 09:31:49.900,5368.2000,3886,1,80522480.000,2,1,1,空开,S,5367.8000,5367.6000,5367.2000,5365.0000,5364.2000,5371.2000,5371.4000,5371.6000,5371.8000,5372.2000,1,1,2,1,7,1,2,1,1,1
SF,IC2002,2020-01-03 09:31:50.400,5368.2000,3886,0,80522480.000,0,-,-,-,-,5368.0000,5367.8000,5367.6000,5367.2000,5365.0000,5370.8000,5371.0000,5371.2000,5371.8000,5372.2000,1,1,1,2,1,2,1,1,1,1
SF,IC2002,2020-01-03 09:31:50.900,5368.2000,3886,0,80522480.000,0,-,-,-,-,5368.2000,5368.0000,5367.8000,5367.6000,5367.2000,5370.4000,5371.0000,5371.2000,5371.8000,5372.2000,1,1,1,1,1,1,1,1,1,1
SF,IC2002,2020-01-03 09:31:51.400,5368.2000,3886,0,80522480.000,0,-,-,-,-,5368.4000,5368.2000,5367.8000,5367.6000,5367.2000,5370.2000,5371.0000,5371.2000,5371.8000,5372.2000,1,1,1,1,1,1,1,1,1,1
SF,IC2002,2020-01-03 09:31:51.900,5368.2000,3886,0,80522480.000,0,-,-,-,-,5368.4000,5368.2000,5367.8000,5367.6000,5367.2000,5370.2000,5371.0000,5371.2000,5372.2000,5372.6000,1,1,1,1,1,1,1,1,1,1
SF,IC2002,2020-01-03 09:31:52.400,5368.2000,3886,0,80522480.000,0,-,-,-,-,5368.4000,5368.2000,5367.8000,5367.6000,5367.2000,5370.2000,5371.0000,5371.2000,5372.2000,5372.6000,1,1,1,1,1,1,1,2,1,1
SF,IC2002,2020-01-03 09:31:52.900,5368.2000,3886,0,80522480.000,0,-,-,-,-,5368.4000,5368.2000,5367.8000,5367.6000,5367.2000,5370.0000,5370.2000,5371.0000,5371.2000,5372.2000,1,1,1,1,1,1,1,1,1,1
SF,IC2002,2020-01-03 09:31:53.400,5368.2000,3886,0,80522480.000,0,-,-,-,-,5368.4000,5368.2000,5367.8000,5367.6000,5367.2000,5370.2000,5371.2000,5372.2000,5374.0000,5376.6000,1,1,1,1,1,1,1,1,1,6
SF,IC2002,2020-01-03 09:31:53.900,5368.2000,3886,0,80522480.000,0,-,-,-,-,5368.6000,5368.4000,5368.2000,5367.8000,5367.6000,5371.2000,5372.2000,5374.0000,5376.6000,5380.0000,1,1,1,1,1,1,1,1,6,2
SF,IC2002,2020-01-03 09:31:54.400,5368.2000,3886,0,80522480.000,0,-,-,-,-,5368.8000,5368.6000,5368.2000,5367.8000,5367.6000,5371.0000,5371.2000,5372.2000,5374.0000,5376.6000,1,1,1,1,1,1,1,1,1,6
SF,IC2002,2020-01-03 09:31:54.900,5368.2000,3886,0,80522480.000,0,-,-,-,-,5368.2000,5367.8000,5367.6000,5367.2000,5365.0000,5370.8000,5371.0000,5371.2000,5372.2000,5374.0000,1,1,1,1,1,1,1,1,1,1
SF,IC2002,2020-01-03 09:31:55.400,5368.2000,3886,0,80522480.000,0,-,-,-,-,5368.4000,5368.2000,5367.8000,5367.6000,5367.2000,5370.6000,5370.8000,5371.2000,5372.2000,5374.0000,1,2,1,1,1,1,1,1,1,1
SF,IC2002,2020-01-03 09:31:56.400,5368.2000,3886,0,80522480.000,0,-,-,-,-,5368.4000,5368.2000,5367.8000,5367.6000,5367.2000,5370.4000,5370.6000,5370.8000,5371.2000,5372.2000,1,2,1,1,1,1,1,1,1,1
SF,IC2002,2020-01-03 09:31:56.900,5368.4000,3885,-1,81596160.000,1,0,1,双平,S,5368.2000,5367.8000,5367.6000,5367.2000,5365.0000,5370.2000,5370.4000,5371.2000,5372.2000,5374.0000,2,1,1,1,1,1,1,1,1,1
SF,IC2002,2020-01-03 09:31:57.400,5368.4000,3885,0,81596160.000,0,-,-,-,-,5368.4000,5368.2000,5367.8000,5367.6000,5367.2000,5370.2000,5370.4000,5371.2000,5372.2000,5374.0000,1,2,1,1,1,1,1,1,1,1
SF,IC2002,2020-01-03 09:31:57.900,5368.4000,3885,0,81596160.000,0,-,-,-,-,5368.6000,5368.4000,5368.2000,5367.8000,5367.6000,5371.2000,5372.2000,5374.0000,5376.6000,5380.0000,1,2,2,1,1,1,1,1,6,2
SF,IC2002,2020-01-03 09:31:58.400,5368.4000,3885,0,81596160.000,0,-,-,-,-,5368.8000,5368.6000,5368.4000,5368.2000,5367.8000,5370.8000,5371.0000,5371.2000,5372.2000,5374.0000,1,1,1,2,1,2,2,1,1,1
SF,IC2002,2020-01-03 09:31:58.900,5368.4000,3885,0,81596160.000,0,-,-,-,-,5368.6000,5368.4000,5368.2000,5367.8000,5367.6000,5370.6000,5371.2000,5372.2000,5374.0000,5376.6000,1,1,2,1,1,2,1,1,1,6
SF,IC2002,2020-01-03 09:31:59.400,5368.4000,3885,0,81596160.000,0,-,-,-,-,5368.8000,5368.6000,5368.4000,5368.2000,5367.8000,5370.4000,5370.6000,5371.2000,5372.2000,5374.0000,1,1,1,2,1,1,2,1,1,1
SF,IC2002,2020-01-03 09:31:59.900,5368.4000,3885,0,81596160.000,0,-,-,-,-,5368.8000,5368.6000,5368.4000,5368.2000,5367.8000,5370.6000,5371.2000,5372.2000,5374.0000,5376.6000,1,1,1,2,1,1,1,1,1,6
SF,IC2002,2020-01-03 09:32:00.400,5368.4000,3885,0,81596160.000,0,-,-,-,-,5368.4000,5368.2000,5367.8000,5367.6000,5367.2000,5370.4000,5370.6000,5371.2000,5372.2000,5374.0000,1,2,1,1,1,1,1,1,1,1
SF,IC2002,2020-01-03 09:32:00.900,5368.4000,3886,1,82669840.000,1,1,0,双开,S,5368.2000,5367.8000,5367.6000,5367.2000,5365.0000,5370.2000,5370.4000,5371.2000,5372.2000,5374.0000,2,1,1,1,1,3,1,1,1,1
SF,IC2002,2020-01-03 09:32:01.400,5368.2000,3887,1,84817120.000,2,1,1,空开,S,5368.4000,5367.8000,5367.6000,5367.2000,5365.0000,5370.0000,5370.2000,5370.4000,5371.2000,5372.2000,1,1,1,1,1,1,3,1,1,1
SF,IC2002,2020-01-03 09:32:01.900,5367.8000,3887,0,86964360.000,2,1,1,多换,S,5367.6000,5367.2000,5365.0000,5364.6000,5364.2000,5368.4000,5369.6000,5369.8000,5370.0000,5370.4000,1,1,1,1,7,1,2,1,1,1
SF,IC2002,2020-01-03 09:32:02.400,5367.6000,3887,0,88037880.000,1,0,1,多换,S,5367.2000,5365.0000,5364.6000,5364.2000,5362.2000,5368.2000,5368.4000,5369.6000,5369.8000,5370.0000,1,1,1,7,2,1,1,2,1,1
SF,IC2002,2020-01-03 09:32:02.900,5367.6000,3887,0,88037880.000,0,-,-,-,-,5367.2000,5365.0000,5364.2000,5362.2000,5360.4000,5368.2000,5368.4000,5369.6000,5370.0000,5370.4000,1,1,7,2,1,1,1,2,1,1
SF,IC2002,2020-01-03 09:32:03.400,5367.6000,3887,0,88037880.000,0,-,-,-,-,5367.2000,5365.0000,5364.2000,5362.2000,5360.4000,5368.4000,5369.6000,5370.0000,5370.4000,5371.2000,1,1,7,2,1,1,2,1,1,1
SF,IC2002,2020-01-03 09:32:04.900,5367.6000,3887,0,88037880.000,0,-,-,-,-,5367.2000,5365.0000,5364.2000,5362.2000,5360.4000,5368.2000,5368.4000,5369.6000,5370.0000,5370.4000,1,1,7,2,1,1,1,2,1,1
SF,IC2002,2020-01-03 09:32:05.400,5367.2000,3887,0,89111320.000,1,0,1,多换,S,5367.6000,5365.0000,5364.2000,5362.2000,5360.4000,5368.2000,5368.4000,5369.6000,5370.0000,5370.4000,1,1,7,2,1,1,1,2,1,1
SF,IC2002,2020-01-03 09:32:05.900,5367.4000,3887,0,90184800.000,1,0,1,多换,S,5365.0000,5364.2000,5362.2000,5360.4000,5360.0000,5367.4000,5368.0000,5368.4000,5369.6000,5370.0000,1,7,2,1,2,1,1,1,2,1
SF,IC2002,2020-01-03 09:32:06.400,5367.4000,3887,0,90184800.000,0,-,-,-,-,5365.2000,5365.0000,5364.2000,5362.2000,5360.4000,5367.4000,5368.0000,5368.4000,5369.6000,5370.0000,1,1,7,2,1,1,1,1,2,1
SF,IC2002,2020-01-03 09:32:06.900,5367.4000,3887,0,90184800.000,0,-,-,-,-,5365.2000,5365.0000,5364.2000,5362.2000,5360.4000,5367.4000,5368.4000,5369.6000,5370.0000,5370.4000,1,1,7,2,1,1,1,2,1,1
SF,IC2002,2020-01-03 09:32:07.400,5367.4000,3887,0,90184800.000,0,-,-,-,-,5365.2000,5365.0000,5364.2000,5362.2000,5360.4000,5369.6000,5370.0000,5370.4000,5371.2000,5372.2000,1,1,7,2,1,2,1,1,1,1
SF,IC2002,2020-01-03 09:32:07.900,5367.4000,3887,0,90184800.000,0,-,-,-,-,5367.4000,5365.2000,5365.0000,5364.2000,5362.2000,5369.4000,5369.6000,5370.0000,5370.4000,5371.2000,1,1,1,7,2,1,2,1,1,1
SF,IC2002,2020-01-03 09:32:08.400,5367.4000,3887,0,90184800.000,0,-,-,-,-,5367.4000,5365.2000,5365.0000,5364.2000,5362.2000,5369.0000,5369.2000,5369.4000,5370.0000,5370.4000,1,1,1,7,2,2,1,1,1,1
SF,IC2002,2020-01-03 09:32:08.900,5367.4000,3887,0,90184800.000,0,-,-,-,-,5367.4000,5365.2000,5365.0000,5364.2000,5362.2000,5368.8000,5370.0000,5370.4000,5371.2000,5372.2000,1,1,1,7,2,1,1,1,1,1
SF,IC2002,2020-01-03 09:32:09.400,5367.4000,3887,0,91258280.000,1,0,1,多换,S,5365.2000,5365.0000,5364.2000,5362.2000,5360.4000,5368.6000,5368.8000,5370.0000,5370.4000,5371.2000,1,1,7,2,1,1,1,1,1,1
SF,IC2002,2020-01-03 09:32:09.900,5367.4000,3887,0,91258280.000,0,-,-,-,-,5365.4000,5365.2000,5365.0000,5364.2000,5362.2000,5368.4000,5370.0000,5371.2000,5372.2000,5374.0000,1,1,1,7,2,1,1,1,1,1
SF,IC2002,2020-01-03 09:32:10.400,5367.4000,3887,0,91258280.000,0,-,-,-,-,5365.6000,5365.4000,5365.0000,5364.2000,5362.2000,5368.4000,5370.0000,5371.2000,5372.2000,5374.0000,1,1,1,7,2,1,1,1,1,1
SF,IC2002,2020-01-03 09:32:10.900,5367.4000,3887,0,91258280.000,0,-,-,-,-,5367.4000,5365.6000,5365.0000,5364.2000,5362.2000,5368.4000,5370.0000,5371.2000,5372.2000,5374.0000,1,1,1,7,2,1,1,1,1,1
SF,IC2002,2020-01-03 09:32:11.400,5367.4000,3887,0,92331760.000,1,0,1,多换,S,5365.6000,5365.0000,5364.2000,5362.2000,5360.4000,5367.0000,5368.0000,5368.2000,5368.4000,5370.0000,1,1,7,2,1,1,1,1,1,1
SF,IC2002,2020-01-03 09:32:11.900,5367.4000,3887,0,92331760.000,0,-,-,-,-,5365.6000,5365.0000,5364.2000,5362.2000,5360.4000,5367.4000,5368.0000,5368.4000,5371.2000,5372.2000,1,1,7,2,1,3,1,1,1,1
SF,IC2002,2020-01-03 09:32:12.400,5367.4000,3887,0,92331760.000,0,-,-,-,-,5365.6000,5365.0000,5364.2000,5362.8000,5362.2000,5367.2000,5367.4000,5368.0000,5371.2000,5372.2000,1,1,7,1,2,1,3,1,1,1
SF,IC2002,2020-01-03 09:32:12.900,5367.4000,3887,0,92331760.000,0,-,-,-,-,5365.6000,5365.0000,5364.2000,5362.8000,5362.2000,5367.4000,5368.0000,5371.2000,5372.2000,5374.0000,1,1,7,1,2,3,1,1,1,1
SF,IC2002,2020-01-03 09:32:13.400,5367.4000,3888,1,94478720.000,2,1,1,空开,S,5365.6000,5365.0000,5364.2000,5362.8000,5362.2000,5367.4000,5368.0000,5371.2000,5372.2000,5374.0000,1,1,7,1,2,1,1,1,1,1
SF,IC2002,2020-01-03 09:32:13.900,5367.4000,3888,0,94478720.000,0,-,-,-,-,5365.8000,5365.6000,5365.0000,5364.2000,5362.8000,5367.4000,5368.0000,5371.2000,5372.2000,5374.0000,1,1,1,7,1,1,1,1,1,1
SF,IC2002,2020-01-03 09:32:14.400,5367.4000,3888,0,94478720.000,0,-,-,-,-,5366.0000,5365.8000,5365.0000,5364.2000,5362.8000,5367.4000,5368.0000,5371.2000,5372.2000,5374.0000,1,1,1,7,1,1,1,1,1,1
SF,IC2002,2020-01-03 09:32:14.900,5367.4000,3888,0,95552200.000,1,0,1,多换,S,5366.0000,5365.0000,5364.2000,5362.8000,5362.2000,5367.4000,5368.0000,5371.2000,5372.2000,5374.0000,1,1,7,1,2,1,1,1,1,1
SF,IC2002,2020-01-03 09:32:16.900,5367.4000,3888,0,96625680.000,1,0,1,多换,S,5366.0000,5365.0000,5364.2000,5362.8000,5362.2000,5368.0000,5371.2000,5372.2000,5374.0000,5376.6000,1,1,7,1,2,1,1,1,1,6
SF,IC2002,2020-01-03 09:32:17.400,5367.4000,3888,0,96625680.000,0,-,-,-,-,5366.2000,5366.0000,5365.0000,5364.2000,5362.8000,5368.0000,5371.2000,5372.2000,5374.0000,5376.6000,1,1,1,7,1,1,1,1,1,6
SF,IC2002,2020-01-03 09:32:17.900,5366.2000,3886,-2,98772200.000,2,0,2,双平,S,5365.0000,5364.2000,5362.8000,5362.2000,5360.4000,5366.0000,5368.0000,5371.2000,5372.2000,5374.0000,1,7,1,2,1,7,1,1,1,1
SF,IC2002,2020-01-03 09:32:18.400,5366.0000,3879,-7,106284600.000,7,0,7,双平,S,5365.0000,5364.2000,5362.8000,5362.2000,5360.4000,5368.0000,5371.2000,5372.2000,5374.0000,5376.6000,1,7,1,2,1,1,1,1,1,6
SF,IC2002,2020-01-03 09:32:18.900,5366.0000,3879,0,106284600.000,0,-,-,-,-,5366.0000,5365.2000,5365.0000,5364.2000,5362.8000,5367.8000,5368.0000,5371.2000,5372.2000,5374.0000,1,1,1,7,1,2,1,1,1,1
SF,IC2002,2020-01-03 09:32:19.400,5366.0000,3879,0,106284600.000,0,-,-,-,-,5366.0000,5365.2000,5365.0000,5364.2000,5362.8000,5367.8000,5368.0000,5371.2000,5372.2000,5374.0000,1,1,1,7,1,2,1,1,1,1
SF,IC2002,2020-01-03 09:32:21.900,5366.0000,3879,0,106284600.000,0,-,-,-,-,5366.0000,5365.2000,5365.0000,5364.2000,5362.8000,5367.8000,5368.0000,5371.2000,5372.2000,5374.0000,2,1,1,7,1,2,1,1,1,1
SF,IC2002,2020-01-03 09:32:22.400,5366.0000,3879,0,106284600.000,0,-,-,-,-,5366.2000,5366.0000,5365.2000,5365.0000,5364.2000,5367.8000,5368.0000,5371.2000,5372.2000,5374.0000,1,2,1,1,7,1,1,1,1,1
SF,IC2002,2020-01-03 09:32:22.900,5366.0000,3879,0,106284600.000,0,-,-,-,-,5366.2000,5366.0000,5365.2000,5365.0000,5364.2000,5367.4000,5367.8000,5371.2000,5372.2000,5374.0000,1,2,1,1,7,1,1,1,1,1
SF,IC2002,2020-01-03 09:32:23.400,5366.0000,3879,0,106284600.000,0,-,-,-,-,5366.2000,5366.0000,5365.2000,5365.0000,5364.2000,5367.2000,5367.4000,5367.6000,5371.2000,5372.2000,1,2,1,1,7,1,1,1,1,1
SF,IC2002,2020-01-03 09:32:23.900,5366.0000,3879,0,106284600.000,0,-,-,-,-,5366.2000,5366.0000,5365.2000,5365.0000,5364.2000,5367.2000,5367.6000,5371.2000,5372.2000,5374.0000,1,3,1,1,7,1,1,1,1,1
SF,IC2002,2020-01-03 09:32:24.400,5366.0000,3879,0,106284600.000,0,-,-,-,-,5366.0000,5365.0000,5364.2000,5362.8000,5362.2000,5367.2000,5367.6000,5368.2000,5371.2000,5372.2000,3,1,7,1,2,1,1,1,1,1
SF,IC2002,2020-01-03 09:32:24.900,5366.0000,3879,0,107357800.000,1,0,1,多换,S,5366.0000,5365.0000,5364.2000,5362.8000,5362.2000,5366.4000,5367.2000,5367.6000,5368.2000,5371.2000,2,1,7,1,2,1,1,1,1,1
SF,IC2002,2020-01-03 09:32:25.400,5366.0000,3879,0,109504200.000,2,1,1,多换,S,5365.0000,5364.2000,5362.8000,5362.2000,5360.4000,5365.6000,5366.0000,5366.2000,5366.4000,5367.2000,1,7,1,2,1,1,10,1,1,1
SF,IC2002,2020-01-03 09:32:25.900,5366.0000,3877,-2,112723720.000,3,0,3,多平,S,5365.0000,5364.2000,5362.8000,5362.2000,5360.4000,5366.0000,5366.2000,5366.4000,5367.2000,5367.6000,1,7,1,2,1,8,1,1,1,1
SF,IC2002,2020-01-03 09:32:26.400,5366.0000,3877,0,112723720.000,0,-,-,-,-,5365.0000,5364.2000,5362.2000,5360.4000,5360.0000,5366.0000,5366.2000,5367.2000,5367.6000,5371.2000,1,7,2,1,2,8,1,1,1,1
SF,IC2002,2020-01-03 09:32:26.900,5366.0000,3877,0,112723720.000,0,-,-,-,-,5365.0000,5364.2000,5362.2000,5360.4000,5360.0000,5366.2000,5367.2000,5367.6000,5371.2000,5372.2000,1,7,2,1,2,1,1,1,1,1
SF,IC2002,2020-01-03 09:32:27.400,5366.0000,3877,0,112723720.000,0,-,-,-,-,5365.0000,5364.2000,5362.2000,5360.4000,5360.0000,5366.0000,5366.2000,5366.4000,5367.6000,5371.2000,1,7,2,1,2,1,1,1,1,1
SF,IC2002,2020-01-03 09:32:28.400,5366.0000,3877,0,112723720.000,0,-,-,-,-,5365.0000,5364.2000,5362.2000,5360.4000,5360.0000,5366.0000,5366.2000,5367.6000,5371.2000,5372.2000,1,7,2,1,2,1,1,1,1,1
SF,IC2002,2020-01-03 09:32:29.400,5366.0000,3877,0,112723720.000,0,-,-,-,-,5365.0000,5364.2000,5362.2000,5361.8000,5360.4000,5366.0000,5366.2000,5367.6000,5371.2000,5372.2000,1,7,2,1,1,1,1,1,1,1
SF,IC2002,2020-01-03 09:32:29.900,5366.0000,3877,0,112723720.000,0,-,-,-,-,5365.0000,5364.2000,5362.2000,5361.8000,5360.4000,5366.0000,5367.6000,5371.2000,5372.2000,5374.0000,1,7,2,1,1,1,1,1,1,1
SF,IC2002,2020-01-03 09:32:30.400,5366.0000,3876,-1,113796920.000,1,0,1,双平,S,5365.2000,5365.0000,5364.2000,5362.2000,5361.8000,5371.2000,5372.2000,5374.0000,5376.6000,5380.0000,1,1,7,2,1,1,1,1,6,2
SF,IC2002,2020-01-03 09:32:30.900,5366.0000,3876,0,113796920.000,0,-,-,-,-,5365.4000,5365.2000,5365.0000,5364.2000,5362.2000,5369.8000,5370.8000,5371.0000,5371.2000,5372.2000,1,1,1,7,2,2,3,1,1,1
SF,IC2002,2020-01-03 09:32:31.400,5365.4000,3874,-2,115943120.000,2,0,2,双平,S,5365.0000,5364.2000,5362.2000,5361.8000,5360.4000,5369.4000,5369.8000,5370.8000,5371.2000,5372.2000,1,7,2,1,1,2,2,1,1,1
SF,IC2002,2020-01-03 09:32:31.900,5365.2000,3874,0,117016160.000,1,0,1,多换,S,5365.0000,5364.2000,5362.2000,5361.8000,5360.4000,5366.4000,5369.4000,5369.8000,5370.8000,5371.2000,1,7,2,1,1,1,2,2,1,1
SF,IC2002,2020-01-03 09:32:32.400,5366.4000,3874,0,118089440.000,1,0,1,多换,S,5365.2000,5365.0000,5364.2000,5362.2000,5361.8000,5368.8000,5369.4000,5370.8000,5371.2000,5372.2000,1,2,7,2,1,1,2,1,1,1
SF,IC2002,2020-01-03 09:32:32.900,5366.4000,3874,0,118089440.000,0,-,-,-,-,5365.0000,5364.2000,5362.2000,5361.8000,5360.4000,5368.6000,5369.4000,5370.8000,5371.2000,5372.2000,1,7,2,1,1,2,2,1,1,1
SF,IC2002,2020-01-03 09:32:33.400,5365.2000,3874,0,119162480.000,1,0,1,多换,S,5365.0000,5364.2000,5362.2000,5361.8000,5360.4000,5368.6000,5369.4000,5370.8000,5371.2000,5372.2000,1,7,2,1,1,2,2,1,1,1
SF,IC2002,2020-01-03 09:32:34.900,5365.2000,3874,0,119162480.000,0,-,-,-,-,5365.0000,5364.2000,5362.2000,5361.8000,5360.4000,5368.6000,5369.4000,5370.8000,5371.2000,5372.2000,1,7,2,1,1,1,2,1,1,1
SF,IC2002,2020-01-03 09:32:35.400,5365.2000,3874,0,119162480.000,0,-,-,-,-,5365.4000,5365.0000,5364.2000,5362.2000,5361.8000,5368.6000,5371.2000,5372.2000,5374.0000,5376.6000,1,2,7,2,1,1,1,1,1,6
SF,IC2002,2020-01-03 09:32:35.900,5365.2000,3874,0,119162480.000,0,-,-,-,-,5365.4000,5365.0000,5364.2000,5362.2000,5361.8000,5368.6000,5371.2000,5372.2000,5374.0000,5376.6000,1,2,7,2,1,1,1,1,1,6
SF,IC2002,2020-01-03 09:32:36.400,5365.2000,3874,0,119162480.000,0,-,-,-,-,5365.4000,5365.0000,5364.2000,5362.2000,5361.8000,5368.6000,5371.2000,5372.2000,5374.0000,5376.6000,1,2,7,2,1,1,1,1,1,6
SF,IC2002,2020-01-03 09:32:36.900,5365.2000,3874,0,119162480.000,0,-,-,-,-,5365.4000,5365.0000,5364.2000,5362.2000,5361.8000,5368.6000,5371.2000,5372.2000,5374.0000,5376.6000,1,2,7,2,1,1,1,1,1,6
SF,IC2002,2020-01-03 09:32:37.400,5365.2000,3874,0,119162480.000,0,-,-,-,-,5366.4000,5365.4000,5365.0000,5364.2000,5362.2000,5368.6000,5371.2000,5372.2000,5374.0000,5376.6000,1,1,2,7,2,1,1,1,1,6
SF,IC2002,2020-01-03 09:32:37.900,5365.2000,3874,0,119162480.000,0,-,-,-,-,5365.4000,5365.0000,5364.2000,5362.2000,5361.8000,5368.4000,5368.6000,5371.2000,5372.2000,5374.0000,1,2,7,2,1,1,1,1,1,1
SF,IC2002,2020-01-03 09:32:38.400,5365.2000,3874,0,119162480.000,0,-,-,-,-,5365.4000,5365.0000,5364.2000,5362.2000,5361.8000,5368.2000,5368.4000,5371.2000,5372.2000,5374.0000,1,2,7,2,1,1,1,1,1,1
SF,IC2002,2020-01-03 09:32:38.900,5365.2000,3874,0,120235520.000,1,0,1,多换,S,5365.4000,5365.0000,5364.2000,5362.2000,5361.8000,5368.0000,5368.2000,5371.2000,5372.2000,5374.0000,1,2,7,2,1,1,1,1,1,1
SF,IC2002,2020-01-03 09:32:39.400,5365.2000,3874,0,120235520.000,0,-,-,-,-,5365.4000,5365.0000,5364.2000,5362.2000,5361.8000,5367.8000,5368.0000,5371.2000,5372.2000,5374.0000,1,2,7,2,1,1,1,1,1,1
SF,IC2002,2020-01-03 09:32:39.900,5365.2000,3874,0,120235520.000,0,-,-,-,-,5365.4000,5365.0000,5364.2000,5362.2000,5361.8000,5367.6000,5367.8000,5368.0000,5371.2000,5372.2000,1,2,7,2,1,1,1,1,1,1
SF,IC2002,2020-01-03 09:32:40.400,5367.6000,3873,-1,121309040.000,1,0,1,双平,S,5365.4000,5365.0000,5364.2000,5362.2000,5361.8000,5367.4000,5371.2000,5372.2000,5374.0000,5376.6000,1,2,7,2,1,1,1,1,1,6
SF,IC2002,2020-01-03 09:32:40.900,5367.4000,3872,-1,122382520.000,1,0,1,双平,S,5365.4000,5365.0000,5364.2000,5362.2000,5361.8000,5371.2000,5372.2000,5374.0000,5376.6000,5380.0000,1,2,7,2,1,1,1,1,6,2
SF,IC2002,2020-01-03 09:32:41.400,5367.4000,3872,0,122382520.000,0,-,-,-,-,5365.8000,5365.4000,5365.0000,5364.2000,5362.2000,5370.8000,5371.0000,5371.2000,5372.2000,5374.0000,1,1,2,7,2,2,1,1,1,1
SF,IC2002,2020-01-03 09:32:41.900,5367.4000,3872,0,122382520.000,0,-,-,-,-,5365.8000,5365.6000,5365.4000,5365.0000,5364.2000,5370.6000,5371.2000,5372.2000,5374.0000,5376.6000,1,1,1,2,7,2,1,1,1,6
SF,IC2002,2020-01-03 09:32:42.400,5367.4000,3872,0,122382520.000,0,-,-,-,-,5366.0000,5365.8000,5365.4000,5365.0000,5364.2000,5370.6000,5371.2000,5372.2000,5374.0000,5376.6000,1,1,1,2,7,2,1,1,1,6
SF,IC2002,2020-01-03 09:32:42.900,5367.4000,3872,0,122382520.000,0,-,-,-,-,5366.0000,5365.0000,5364.2000,5362.2000,5360.4000,5370.6000,5371.2000,5372.2000,5374.0000,5376.6000,1,2,7,2,1,1,1,1,1,6
SF,IC2002,2020-01-03 09:32:43.400,5367.4000,3872,0,122382520.000,0,-,-,-,-,5367.6000,5367.4000,5366.4000,5366.2000,5366.0000,5370.6000,5371.2000,5372.2000,5374.0000,5376.6000,1,1,1,2,1,1,1,1,1,6
SF,IC2002,2020-01-03 09:32:43.900,5367.4000,3872,0,122382520.000,0,-,-,-,-,5367.4000,5366.4000,5366.2000,5366.0000,5365.0000,5370.6000,5371.2000,5372.2000,5374.0000,5376.6000,1,1,2,1,2,1,1,1,1,6
SF,IC2002,2020-01-03 09:32:44.900,5367.4000,3872,0,122382520.000,0,-,-,-,-,5367.4000,5366.4000,5366.2000,5366.0000,5365.0000,5370.4000,5370.6000,5371.2000,5372.2000,5374.0000,1,1,2,1,2,1,1,1,1,1
SF,IC2002,2020-01-03 09:32:45.400,5367.4000,3872,0,122382520.000,0,-,-,-,-,5367.6000,5367.4000,5366.4000,5366.2000,5366.0000,5370.2000,5370.4000,5370.8000,5371.2000,5372.2000,1,1,1,2,1,1,1,1,1,1
SF,IC2002,2020-01-03 09:32:45.900,5367.4000,3872,0,122382520.000,0,-,-,-,-,5367.4000,5366.4000,5366.2000,5366.0000,5365.0000,5370.2000,5370.8000,5371.2000,5372.2000,5374.0000,1,1,1,1,2,1,1,1,1,1
SF,IC2002,2020-01-03 09:32:46.400,5367.4000,3872,0,122382520.000,0,-,-,-,-,5367.4000,5366.4000,5366.0000,5365.0000,5364.2000,5370.0000,5370.2000,5370.8000,5371.2000,5372.2000,2,1,1,2,7,1,1,1,1,1
SF,IC2002,2020-01-03 09:32:46.900,5367.4000,3872,0,122382520.000,0,-,-,-,-,5367.6000,5367.4000,5366.4000,5366.0000,5365.0000,5369.8000,5370.0000,5371.2000,5372.2000,5374.0000,1,2,1,1,2,1,1,1,1,1
SF,IC2002,2020-01-03 09:32:47.400,5367.4000,3872,0,122382520.000,0,-,-,-,-,5367.6000,5367.4000,5366.4000,5366.0000,5365.0000,5369.8000,5371.2000,5371.4000,5372.2000,5374.0000,2,2,1,1,2,1,1,1,1,1
SF,IC2002,2020-01-03 09:32:48.400,5367.4000,3872,0,122382520.000,0,-,-,-,-,5367.8000,5367.6000,5367.4000,5366.4000,5365.0000,5369.8000,5371.2000,5371.4000,5372.2000,5374.0000,1,2,3,1,2,1,1,1,1,1
SF,IC2002,2020-01-03 09:32:48.900,5367.4000,3872,0,122382520.000,0,-,-,-,-,5367.8000,5367.4000,5366.4000,5365.0000,5364.2000,5369.6000,5369.8000,5371.2000,5371.4000,5372.2000,1,3,1,2,7,1,1,1,1,1
SF,IC2002,2020-01-03 09:32:49.400,5367.4000,3872,0,122382520.000,0,-,-,-,-,5367.4000,5366.4000,5365.0000,5364.2000,5362.2000,5369.4000,5369.6000,5371.2000,5371.4000,5372.2000,3,1,2,7,2,1,1,1,1,1
SF,IC2002,2020-01-03 09:32:49.900,5367.4000,3872,0,122382520.000,0,-,-,-,-,5367.6000,5367.4000,5366.4000,5365.0000,5364.2000,5369.4000,5371.2000,5371.4000,5372.2000,5374.0000,1,3,1,2,7,1,1,1,1,1
SF,IC2002,2020-01-03 09:32:50.400,5367.4000,3872,0,122382520.000,0,-,-,-,-,5367.8000,5367.6000,5367.4000,5366.4000,5365.0000,5369.4000,5371.2000,5371.4000,5372.2000,5374.0000,1,1,3,1,2,1,1,1,1,1
SF,IC2002,2020-01-03 09:32:50.900,5367.4000,3872,0,122382520.000,0,-,-,-,-,5367.8000,5367.6000,5367.4000,5366.4000,5365.0000,5369.4000,5371.2000,5371.4000,5372.2000,5374.0000,1,1,4,1,2,1,1,1,1,1
SF,IC2002,2020-01-03 09:32:51.900,5367.4000,3872,0,122382520.000,0,-,-,-,-,5367.8000,5367.4000,5366.4000,5365.0000,5364.2000,5369.2000,5369.4000,5371.2000,5371.4000,5372.2000,1,4,1,2,7,1,1,1,1,1
SF,IC2002,2020-01-03 09:32:52.400,5367.4000,3872,0,122382520.000,0,-,-,-,-,5367.8000,5367.6000,5367.4000,5366.4000,5365.0000,5369.2000,5369.4000,5371.2000,5371.4000,5372.2000,1,1,4,1,2,1,1,1,1,1
SF,IC2002,2020-01-03 09:32:52.900,5369.2000,3871,-1,123456360.000,1,0,1,双平,S,5367.4000,5366.4000,5365.0000,5364.2000,5362.2000,5369.0000,5371.2000,5371.4000,5372.2000,5374.0000,5,1,2,7,2,1,1,1,1,1
SF,IC2002,2020-01-03 09:32:53.400,5369.0000,3870,-1,124530160.000,1,0,1,双平,S,5367.6000,5367.4000,5366.4000,5365.0000,5364.2000,5371.2000,5371.4000,5372.2000,5374.0000,5376.6000,1,5,1,2,7,1,1,1,1,6
SF,IC2002,2020-01-03 09:32:53.900,5369.0000,3870,0,124530160.000,0,-,-,-,-,5367.6000,5367.4000,5366.4000,5365.0000,5364.2000,5371.0000,5371.2000,5371.4000,5372.2000,5374.0000,2,5,1,2,7,1,1,1,1,1
SF,IC2002,2020-01-03 09:32:54.400,5369.0000,3870,0,124530160.000,0,-,-,-,-,5367.8000,5367.6000,5367.4000,5366.4000,5365.0000,5370.8000,5371.0000,5371.2000,5371.4000,5372.2000,1,1,5,1,2,1,1,1,1,1
SF,IC2002,2020-01-03 09:32:54.900,5369.0000,3870,0,124530160.000,0,-,-,-,-,5367.8000,5367.6000,5367.4000,5366.4000,5365.0000,5370.8000,5371.2000,5371.4000,5372.2000,5374.0000,1,1,5,1,2,1,1,1,1,1
SF,IC2002,2020-01-03 09:32:55.400,5369.0000,3870,0,124530160.000,0,-,-,-,-,5368.0000,5367.8000,5367.6000,5367.4000,5366.4000,5370.6000,5371.2000,5372.2000,5374.0000,5376.6000,1,1,1,5,1,1,1,1,1,6
SF,IC2002,2020-01-03 09:32:55.900,5369.0000,3870,0,124530160.000,0,-,-,-,-,5368.0000,5367.8000,5367.6000,5367.4000,5366.4000,5370.6000,5371.2000,5372.2000,5374.0000,5376.6000,3,1,1,5,1,1,1,1,1,6
SF,IC2002,2020-01-03 09:32:56.400,5369.0000,3870,0,124530160.000,0,-,-,-,-,5368.0000,5367.8000,5367.6000,5367.4000,5366.4000,5371.2000,5372.2000,5374.0000,5376.6000,5380.0000,3,1,1,5,1,1,1,1,6,2
SF,IC2002,2020-01-03 09:32:56.900,5369.0000,3870,0,124530160.000,0,-,-,-,-,5369.0000,5368.2000,5368.0000,5367.6000,5367.4000,5371.0000,5371.2000,5372.2000,5374.0000,5376.6000,1,2,3,1,5,1,1,1,1,6
SF,IC2002,2020-01-03 09:32:57.400,5369.0000,3870,0,124530160.000,0,-,-,-,-,5369.2000,5369.0000,5368.2000,5368.0000,5367.6000,5371.0000,5371.2000,5372.2000,5374.0000,5376.6000,1,1,2,3,1,1,1,1,1,6
SF,IC2002,2020-01-03 09:32:57.900,5369.0000,3870,0,124530160.000,0,-,-,-,-,5369.2000,5369.0000,5368.2000,5368.0000,5367.6000,5371.0000,5371.2000,5372.2000,5374.0000,5376.6000,1,1,1,3,1,1,1,1,1,6
SF,IC2002,2020-01-03 09:32:58.400,5369.0000,3870,0,124530160.000,0,-,-,-,-,5369.2000,5369.0000,5368.2000,5368.0000,5367.6000,5370.8000,5371.0000,5371.2000,5372.2000,5374.0000,1,1,1,2,1,1,1,1,1,1
SF,IC2002,2020-01-03 09:32:58.900,5369.0000,3870,0,124530160.000,0,-,-,-,-,5369.0000,5368.2000,5368.0000,5367.6000,5367.4000,5370.8000,5371.2000,5372.2000,5374.0000,5376.6000,1,1,2,1,5,1,1,1,1,6
SF,IC2002,2020-01-03 09:32:59.400,5369.0000,3870,0,124530160.000,0,-,-,-,-,5369.2000,5369.0000,5368.2000,5368.0000,5367.6000,5370.6000,5371.2000,5372.2000,5374.0000,5376.6000,1,1,1,2,1,1,1,1,1,6
SF,IC2002,2020-01-03 09:32:59.900,5369.0000,3870,0,124530160.000,0,-,-,-,-,5369.2000,5369.0000,5368.2000,5368.0000,5367.6000,5370.6000,5371.2000,5372.2000,5374.0000,5376.6000,1,2,1,2,1,1,1,1,1,6
SF,IC2002,2020-01-03 09:33:00.400,5369.0000,3870,0,124530160.000,0,-,-,-,-,5369.2000,5369.0000,5368.2000,5368.0000,5367.6000,5370.6000,5371.2000,5372.2000,5374.0000,5376.6000,1,2,1,2,1,1,1,1,1,6
SF,IC2002,2020-01-03 09:33:00.900,5369.0000,3870,0,124530160.000,0,-,-,-,-,5369.2000,5369.0000,5368.2000,5368.0000,5367.6000,5370.6000,5371.2000,5372.2000,5374.0000,5376.6000,1,2,1,2,1,1,1,1,1,6
SF,IC2002,2020-01-03 09:33:01.400,5369.0000,3870,0,124530160.000,0,-,-,-,-,5369.2000,5369.0000,5368.2000,5368.0000,5367.6000,5370.6000,5371.2000,5372.2000,5374.0000,5376.6000,1,2,1,2,1,1,1,1,1,6
SF,IC2002,2020-01-03 09:33:01.900,5369.0000,3870,0,124530160.000,0,-,-,-,-,5369.0000,5368.2000,5368.0000,5367.6000,5367.4000,5370.6000,5371.2000,5372.2000,5374.0000,5376.6000,2,1,2,1,5,1,1,1,1,6
SF,IC2002,2020-01-03 09:33:02.400,5369.0000,3870,0,124530160.000,0,-,-,-,-,5369.0000,5368.2000,5367.6000,5367.4000,5365.0000,5370.6000,5371.2000,5372.2000,5374.0000,5376.6000,2,1,1,5,2,1,1,1,1,6
SF,IC2002,2020-01-03 09:33:02.900,5369.0000,3870,0,124530160.000,0,-,-,-,-,5369.0000,5367.6000,5367.4000,5365.0000,5364.2000,5370.6000,5371.2000,5372.2000,5374.0000,5376.6000,2,1,5,2,7,1,1,1,1,6
SF,IC2002,2020-01-03 09:33:03.400,5369.0000,3870,0,124530160.000,0,-,-,-,-,5369.0000,5367.6000,5367.4000,5365.0000,5364.2000,5370.6000,5371.2000,5372.2000,5374.0000,5376.6000,2,1,5,2,7,1,1,1,1,6
SF,IC2002,2020-01-03 09:33:04.400,5369.0000,3870,0,124530160.000,0,-,-,-,-,5369.0000,5367.6000,5367.4000,5365.0000,5364.2000,5370.6000,5371.2000,5372.2000,5374.0000,5376.6000,3,1,5,2,7,1,1,1,1,6
SF,IC2002,2020-01-03 09:33:04.900,5369.0000,3870,0,127751560.000,3,1,2,多换,S,5367.6000,5367.4000,5365.0000,5364.2000,5362.2000,5370.6000,5371.2000,5372.2000,5374.0000,5376.6000,1,5,2,7,2,1,1,1,1,6
SF,IC2002,2020-01-03 09:33:05.400,5369.0000,3870,0,127751560.000,0,-,-,-,-,5367.8000,5367.6000,5367.4000,5365.0000,5364.2000,5369.0000,5370.6000,5371.2000,5372.2000,5374.0000,1,1,5,2,7,1,1,1,1,1
SF,IC2002,2020-01-03 09:33:05.900,5369.0000,3870,0,127751560.000,0,-,-,-,-,5367.8000,5367.6000,5367.4000,5365.0000,5364.2000,5369.0000,5370.6000,5371.2000,5372.2000,5374.0000,1,1,5,2,7,1,1,1,1,1
SF,IC2002,2020-01-03 09:33:06.400,5369.0000,3870,0,127751560.000,0,-,-,-,-,5367.8000,5367.6000,5367.4000,5365.0000,5364.2000,5369.0000,5370.6000,5371.2000,5372.2000,5374.0000,1,1,5,2,7,1,1,1,1,1
SF,IC2002,2020-01-03 09:33:07.400,5369.0000,3870,0,127751560.000,0,-,-,-,-,5367.6000,5367.4000,5365.0000,5364.2000,5362.2000,5368.0000,5370.6000,5371.2000,5372.2000,5374.0000,1,5,2,7,2,1,1,1,1,1
SF,IC2002,2020-01-03 09:33:07.900,5367.8000,3870,0,129898720.000,2,1,1,多换,S,5367.6000,5367.4000,5365.0000,5364.2000,5362.2000,5370.6000,5371.2000,5372.2000,5374.0000,5376.6000,1,5,2,7,2,1,1,1,1,6
SF,IC2002,2020-01-03 09:33:08.400,5367.8000,3870,0,129898720.000,0,-,-,-,-,5367.8000,5367.6000,5367.4000,5365.0000,5364.2000,5370.6000,5371.2000,5372.2000,5374.0000,5376.6000,2,1,5,2,7,1,1,1,1,6
SF,IC2002,2020-01-03 09:33:09.400,5367.8000,3870,0,129898720.000,0,-,-,-,-,5367.8000,5367.4000,5365.0000,5364.2000,5362.2000,5370.4000,5370.6000,5371.2000,5372.2000,5374.0000,1,5,2,7,2,1,1,1,1,1
SF,IC2002,2020-01-03 09:33:09.900,5367.8000,3870,0,129898720.000,0,-,-,-,-,5367.8000,5367.6000,5367.4000,5365.0000,5364.2000,5370.4000,5371.2000,5372.2000,5374.0000,5376.6000,2,1,5,2,7,1,1,1,1,6
SF,IC2002,2020-01-03 09:33:10.400,5367.8000,3870,0,129898720.000,0,-,-,-,-,5368.0000,5367.8000,5367.6000,5367.4000,5365.0000,5370.2000,5370.4000,5371.2000,5372.2000,5374.0000,1,2,1,5,2,1,1,1,1,1
SF,IC2002,2020-01-03 09:33:10.900,5367.8000,3870,0,129898720.000,0,-,-,-,-,5368.0000,5367.8000,5367.6000,5367.4000,5365.0000,5370.2000,5371.2000,5372.2000,5374.0000,5376.6000,1,1,1,5,2,1,1,1,1,6
SF,IC2002,2020-01-03 09:33:11.400,5367.8000,3870,0,129898720.000,0,-,-,-,-,5368.0000,5367.8000,5367.6000,5367.4000,5365.0000,5370.2000,5371.2000,5372.2000,5374.0000,5376.6000,3,1,1,5,2,1,1,1,1,6
SF,IC2002,2020-01-03 09:33:11.900,5367.8000,3870,0,129898720.000,0,-,-,-,-,5368.0000,5367.8000,5367.4000,5365.0000,5364.2000,5370.2000,5371.2000,5372.2000,5374.0000,5376.6000,1,1,5,2,7,1,1,1,1,6
SF,IC2002,2020-01-03 09:33:12.400,5367.8000,3870,0,129898720.000,0,-,-,-,-,5368.0000,5367.8000,5367.4000,5366.6000,5365.0000,5370.2000,5371.2000,5372.2000,5374.0000,5376.6000,1,1,5,1,2,1,1,1,1,6
SF,IC2002,2020-01-03 09:33:12.900,5367.8000,3870,0,129898720.000,0,-,-,-,-,5367.8000,5367.4000,5366.6000,5365.0000,5364.2000,5370.0000,5370.2000,5371.2000,5372.2000,5374.0000,1,5,1,2,7,1,1,1,1,1
SF,IC2002,2020-01-03 09:33:13.400,5367.8000,3870,0,129898720.000,0,-,-,-,-,5367.8000,5367.4000,5366.6000,5365.0000,5364.2000,5370.0000,5371.2000,5372.2000,5374.0000,5376.6000,1,5,1,2,7,1,1,1,1,6
SF,IC2002,2020-01-03 09:33:13.900,5367.8000,3870,0,129898720.000,0,-,-,-,-,5368.0000,5367.8000,5367.4000,5366.6000,5365.0000,5369.8000,5371.2000,5372.2000,5374.0000,5376.6000,1,1,5,1,2,1,1,1,1,6
SF,IC2002,2020-01-03 09:33:14.900,5367.8000,3870,0,129898720.000,0,-,-,-,-,5367.8000,5367.4000,5366.6000,5365.0000,5364.2000,5369.6000,5369.8000,5371.2000,5372.2000,5374.0000,2,5,1,2,7,1,1,1,1,1
SF,IC2002,2020-01-03 09:33:15.400,5367.8000,3870,0,129898720.000,0,-,-,-,-,5367.8000,5367.4000,5365.0000,5364.2000,5362.2000,5369.6000,5371.2000,5372.2000,5374.0000,5376.6000,2,5,2,7,2,1,1,1,1,6
SF,IC2002,2020-01-03 09:33:15.900,5367.8000,3870,0,129898720.000,0,-,-,-,-,5368.0000,5367.8000,5367.4000,5365.0000,5364.2000,5369.4000,5370.0000,5371.2000,5372.2000,5374.0000,1,2,5,2,7,1,1,1,1,1
SF,IC2002,2020-01-03 09:33:16.400,5367.8000,3870,0,129898720.000,0,-,-,-,-,5368.0000,5367.8000,5367.4000,5365.0000,5364.2000,5369.4000,5370.0000,5371.2000,5372.2000,5374.0000,1,2,5,2,7,1,1,1,1,1
SF,IC2002,2020-01-03 09:33:16.900,5367.8000,3870,0,129898720.000,0,-,-,-,-,5368.0000,5367.8000,5367.4000,5365.0000,5364.2000,5369.4000,5370.0000,5371.2000,5372.2000,5374.0000,1,3,5,2,7,1,1,1,1,1
SF,IC2002,2020-01-03 09:33:18.900,5369.4000,3869,-1,130972600.000,1,0,1,双平,S,5368.0000,5367.8000,5367.4000,5365.0000,5364.2000,5370.0000,5371.2000,5372.2000,5374.0000,5376.6000,1,3,5,2,7,1,1,1,1,6
SF,IC2002,2020-01-03 09:33:19.400,5369.4000,3869,0,130972600.000,0,-,-,-,-,5368.0000,5367.8000,5367.4000,5365.0000,5364.2000,5370.0000,5371.2000,5372.2000,5374.0000,5376.6000,1,3,5,2,7,1,1,1,1,6
SF,IC2002,2020-01-03 09:33:19.900,5370.0000,3868,-1,132046600.000,1,0,1,双平,S,5368.0000,5367.8000,5367.4000,5365.0000,5364.2000,5371.2000,5372.2000,5374.0000,5376.6000,5380.0000,1,3,5,2,7,1,1,1,6,2
SF,IC2002,2020-01-03 09:33:20.400,5370.0000,3868,0,132046600.000,0,-,-,-,-,5368.0000,5367.8000,5367.4000,5365.0000,5364.2000,5371.2000,5372.2000,5374.0000,5376.6000,5380.0000,3,3,5,2,7,1,1,1,6,2
SF,IC2002,2020-01-03 09:33:20.900,5370.0000,3868,0,132046600.000,0,-,-,-,-,5370.0000,5368.2000,5368.0000,5367.8000,5367.4000,5371.2000,5372.2000,5374.0000,5376.6000,5380.0000,1,1,3,3,5,1,1,1,6,2
SF,IC2002,2020-01-03 09:33:21.400,5370.0000,3868,0,132046600.000,0,-,-,-,-,5370.0000,5368.2000,5368.0000,5367.8000,5367.4000,5371.2000,5372.2000,5374.0000,5376.6000,5380.0000,1,1,3,3,5,1,1,1,6,2
SF,IC2002,2020-01-03 09:33:23.400,5370.0000,3868,0,132046600.000,0,-,-,-,-,5370.0000,5368.2000,5368.0000,5367.8000,5367.4000,5371.2000,5372.2000,5374.0000,5376.6000,5380.0000,2,1,3,3,5,1,1,1,6,2
SF,IC2002,2020-01-03 09:33:24.900,5370.0000,3870,2,134194600.000,2,2,0,双开,S,5368.2000,5368.0000,5367.8000,5367.4000,5365.0000,5371.2000,5372.2000,5374.0000,5376.6000,5380.0000,1,3,3,5,2,1,1,1,6,2
SF,IC2002,2020-01-03 09:33:25.400,5370.0000,3870,0,134194600.000,0,-,-,-,-,5368.4000,5368.2000,5368.0000,5367.8000,5367.4000,5371.2000,5372.2000,5374.0000,5376.6000,5380.0000,1,1,3,3,5,1,1,1,6,2
SF,IC2002,2020-01-03 09:33:25.900,5370.0000,3870,0,134194600.000,0,-,-,-,-,5368.4000,5368.2000,5368.0000,5367.8000,5367.4000,5371.2000,5372.2000,5374.0000,5376.6000,5380.0000,1,1,3,3,5,1,1,1,6,2
SF,IC2002,2020-01-03 09:33:26.400,5370.0000,3870,0,134194600.000,0,-,-,-,-,5370.0000,5368.4000,5368.2000,5368.0000,5367.8000,5371.2000,5372.2000,5374.0000,5376.6000,5380.0000,1,1,1,3,3,1,1,1,6,2
SF,IC2002,2020-01-03 09:33:26.900,5370.0000,3871,1,135268600.000,1,1,0,双开,S,5368.4000,5368.2000,5368.0000,5367.8000,5367.4000,5371.2000,5372.2000,5374.0000,5376.6000,5380.0000,1,1,3,3,5,1,1,1,6,2
SF,IC2002,2020-01-03 09:33:27.400,5370.0000,3871,0,135268600.000,0,-,-,-,-,5368.4000,5368.0000,5367.8000,5367.4000,5365.2000,5371.2000,5372.2000,5374.0000,5376.6000,5380.0000,1,3,3,5,1,1,1,1,6,2
SF,IC2002,2020-01-03 09:33:27.900,5370.0000,3871,0,135268600.000,0,-,-,-,-,5368.4000,5368.0000,5367.8000,5367.4000,5365.2000,5371.2000,5372.2000,5374.0000,5376.6000,5380.0000,1,3,3,5,1,1,1,1,6,2
SF,IC2002,2020-01-03 09:33:28.400,5370.0000,3871,0,135268600.000,0,-,-,-,-,5370.0000,5368.6000,5368.4000,5368.0000,5367.8000,5371.0000,5371.2000,5372.2000,5374.0000,5376.6000,1,1,1,3,3,1,1,1,1,6
SF,IC2002,2020-01-03 09:33:28.900,5370.0000,3871,0,136342600.000,1,0,1,多换,S,5370.0000,5368.6000,5368.4000,5368.0000,5367.8000,5371.2000,5372.2000,5374.0000,5376.6000,5380.0000,1,1,1,3,3,1,1,1,6,2
SF,IC2002,2020-01-03 09:33:29.400,5370.0000,3871,0,136342600.000,0,-,-,-,-,5370.2000,5370.0000,5368.4000,5368.0000,5367.8000,5371.2000,5372.2000,5374.0000,5376.6000,5380.0000,1,1,1,3,3,1,1,1,6,2
SF,IC2002,2020-01-03 09:33:29.900,5370.0000,3871,0,136342600.000,0,-,-,-,-,5370.2000,5370.0000,5368.4000,5368.0000,5367.8000,5371.2000,5372.2000,5374.0000,5376.6000,5380.0000,1,2,1,3,3,1,1,1,6,2
SF,IC2002,2020-01-03 09:33:30.400,5370.0000,3871,0,136342600.000,0,-,-,-,-,5370.2000,5370.0000,5368.4000,5368.0000,5367.8000,5371.2000,5372.2000,5374.0000,5376.6000,5380.0000,1,1,1,3,3,1,1,1,6,2
SF,IC2002,2020-01-03 09:33:31.400,5370.0000,3871,0,136342600.000,0,-,-,-,-,5370.2000,5370.0000,5368.4000,5368.0000,5367.8000,5371.2000,5372.2000,5374.0000,5376.6000,5380.0000,1,2,1,3,3,1,1,1,6,2
SF,IC2002,2020-01-03 09:33:31.900,5370.0000,3871,0,136342600.000,0,-,-,-,-,5370.2000,5370.0000,5368.4000,5368.0000,5367.8000,5371.2000,5372.2000,5374.0000,5376.6000,5380.0000,1,3,1,3,3,1,1,1,6,2
SF,IC2002,2020-01-03 09:33:32.400,5370.2000,3869,-2,138490680.000,2,0,2,双平,S,5370.0000,5368.4000,5368.0000,5367.8000,5367.4000,5370.2000,5370.8000,5371.2000,5372.2000,5374.0000,3,1,3,3,5,15,1,1,1,1
SF,IC2002,2020-01-03 09:33:32.900,5370.2000,3863,-6,144934920.000,6,0,6,双平,S,5370.0000,5368.4000,5368.0000,5367.8000,5367.4000,5370.2000,5370.8000,5371.2000,5372.2000,5374.0000,3,1,3,3,5,9,1,1,1,1
SF,IC2002,2020-01-03 09:33:33.400,5370.0000,3862,-1,147082920.000,2,0,2,多平,S,5370.0000,5368.4000,5368.0000,5367.8000,5367.4000,5370.2000,5370.8000,5371.2000,5372.2000,5374.0000,1,1,2,3,5,9,1,1,1,1
SF,IC2002,2020-01-03 09:33:33.900,5370.2000,3862,0,149230960.000,2,1,1,多换,S,5368.0000,5367.8000,5367.4000,5365.2000,5365.0000,5370.0000,5370.2000,5370.8000,5371.2000,5372.2000,2,3,5,1,1,1,8,1,1,1
SF,IC2002,2020-01-03 09:33:34.400,5370.2000,3862,0,149230960.000,0,-,-,-,-,5368.2000,5368.0000,5367.8000,5367.4000,5365.2000,5369.8000,5370.0000,5370.2000,5370.8000,5371.2000,2,2,3,5,1,1,1,8,1,1
SF,IC2002,2020-01-03 09:33:35.900,5370.2000,3862,0,149230960.000,0,-,-,-,-,5368.2000,5368.0000,5367.8000,5367.4000,5365.2000,5369.8000,5370.0000,5370.2000,5370.8000,5371.2000,2,2,2,5,1,1,1,8,1,1
SF,IC2002,2020-01-03 09:33:36.400,5370.2000,3862,0,149230960.000,0,-,-,-,-,5368.2000,5368.0000,5367.4000,5365.2000,5365.0000,5369.8000,5370.0000,5370.2000,5370.8000,5371.2000,2,2,5,1,1,1,1,8,1,1
SF,IC2002,2020-01-03 09:33:36.900,5370.2000,3862,0,149230960.000,0,-,-,-,-,5368.2000,5368.0000,5367.4000,5365.2000,5365.0000,5369.8000,5370.0000,5370.2000,5370.8000,5371.2000,1,2,4,1,1,1,1,8,1,1
SF,IC2002,2020-01-03 09:33:37.400,5370.2000,3862,0,149230960.000,0,-,-,-,-,5368.2000,5368.0000,5367.4000,5365.2000,5365.0000,5369.8000,5370.0000,5370.2000,5370.8000,5371.2000,1,2,3,1,1,1,1,8,1,1
SF,IC2002,2020-01-03 09:33:37.900,5370.2000,3862,0,149230960.000,0,-,-,-,-,5368.2000,5368.0000,5367.4000,5365.2000,5365.0000,5369.8000,5370.0000,5370.2000,5370.8000,5371.2000,1,2,2,1,1,1,1,8,1,1
SF,IC2002,2020-01-03 09:33:38.400,5370.2000,3862,0,149230960.000,0,-,-,-,-,5368.2000,5368.0000,5367.4000,5365.2000,5365.0000,5369.8000,5370.0000,5370.2000,5370.8000,5371.2000,1,2,1,1,1,1,1,8,1,1
SF,IC2002,2020-01-03 09:33:38.900,5370.2000,3862,0,149230960.000,0,-,-,-,-,5368.4000,5368.2000,5368.0000,5364.2000,5362.2000,5369.8000,5370.0000,5370.2000,5370.8000,5371.2000,1,1,2,7,2,1,1,8,1,1
SF,IC2002,2020-01-03 09:33:39.400,5370.2000,3862,0,149230960.000,0,-,-,-,-,5368.4000,5368.2000,5368.0000,5364.2000,5362.2000,5369.8000,5370.0000,5370.2000,5370.8000,5371.2000,1,1,2,6,2,1,1,8,1,1
SF,IC2002,2020-01-03 09:33:39.900,5370.2000,3862,0,149230960.000,0,-,-,-,-,5368.4000,5368.2000,5368.0000,5364.2000,5362.2000,5369.8000,5370.0000,5370.2000,5370.8000,5371.2000,1,1,2,4,2,1,1,8,1,1
SF,IC2002,2020-01-03 09:33:40.400,5370.2000,3862,0,149230960.000,0,-,-,-,-,5368.4000,5368.2000,5368.0000,5364.2000,5362.2000,5369.8000,5370.0000,5370.2000,5370.8000,5371.2000,1,1,2,3,2,1,1,8,1,1
SF,IC2002,2020-01-03 09:33:40.900,5370.2000,3862,0,149230960.000,0,-,-,-,-,5368.4000,5368.2000,5368.0000,5364.2000,5362.2000,5369.8000,5370.0000,5370.2000,5370.8000,5371.2000,1,1,2,2,2,1,1,8,1,1
SF,IC2002,2020-01-03 09:33:41.400,5370.2000,3862,0,149230960.000,0,-,-,-,-,5368.4000,5368.2000,5368.0000,5364.2000,5362.2000,5369.8000,5370.0000,5370.2000,5370.8000,5371.2000,1,1,2,1,2,1,1,8,1,1
SF,IC2002,2020-01-03 09:33:41.900,5370.2000,3862,0,149230960.000,0,-,-,-,-,5368.4000,5368.2000,5368.0000,5364.2000,5362.2000,5369.8000,5370.0000,5370.2000,5370.8000,5371.2000,1,1,2,1,3,1,2,8,1,1
SF,IC2002,2020-01-03 09:33:42.400,5370.2000,3862,0,149230960.000,0,-,-,-,-,5368.4000,5368.2000,5368.0000,5364.2000,5362.2000,5369.8000,5370.0000,5370.2000,5370.8000,5371.2000,1,1,2,1,3,1,2,9,1,1
SF,IC2002,2020-01-03 09:33:42.900,5370.2000,3862,0,149230960.000,0,-,-,-,-,5368.4000,5368.2000,5368.0000,5362.2000,5360.4000,5369.8000,5370.0000,5370.2000,5370.8000,5371.2000,1,1,2,3,1,1,2,9,1,1
SF,IC2002,2020-01-03 09:33:43.400,5370.2000,3862,0,149230960.000,0,-,-,-,-,5368.4000,5368.0000,5362.2000,5360.4000,5360.0000,5369.8000,5370.0000,5370.2000,5370.8000,5371.2000,1,2,1,1,2,1,2,9,1,1
SF,IC2002,2020-01-03 09:33:43.900,5370.2000,3862,0,149230960.000,0,-,-,-,-,5368.4000,5368.0000,5362.2000,5360.0000,5359.2000,5369.8000,5370.0000,5370.2000,5370.8000,5371.2000,1,2,1,2,5,1,2,9,1,1
SF,IC2002,2020-01-03 09:33:44.400,5370.2000,3862,0,149230960.000,0,-,-,-,-,5368.4000,5368.0000,5362.2000,5360.0000,5359.2000,5369.8000,5370.0000,5370.2000,5370.8000,5371.2000,1,2,1,1,5,1,2,9,1,1
SF,IC2002,2020-01-03 09:33:44.900,5370.2000,3862,0,149230960.000,0,-,-,-,-,5368.4000,5368.0000,5362.2000,5359.2000,5355.2000,5369.8000,5370.0000,5370.2000,5370.8000,5371.2000,1,2,1,5,1,1,2,9,1,1
SF,IC2002,2020-01-03 09:33:45.400,5370.2000,3862,0,149230960.000,0,-,-,-,-,5368.4000,5368.0000,5362.2000,5359.2000,5355.2000,5369.8000,5370.0000,5370.2000,5371.2000,5372.2000,1,2,1,5,1,1,2,9,1,1
SF,IC2002,2020-01-03 09:33:50.400,5370.2000,3862,0,149230960.000,0,-,-,-,-,5368.6000,5368.4000,5368.0000,5362.2000,5359.2000,5369.8000,5370.0000,5370.2000,5371.2000,5372.2000,1,1,2,1,5,1,2,9,1,1
SF,IC2002,2020-01-03 09:33:54.400,5370.2000,3862,0,149230960.000,0,-,-,-,-,5368.8000,5368.6000,5368.4000,5368.0000,5362.2000,5369.8000,5370.0000,5370.2000,5371.2000,5372.2000,1,1,1,2,1,1,2,9,1,1
SF,IC2002,2020-01-03 09:33:54.900,5370.2000,3862,0,149230960.000,0,-,-,-,-,5368.8000,5368.6000,5368.4000,5368.0000,5362.2000,5369.8000,5370.0000,5370.2000,5371.2000,5372.2000,1,1,1,2,1,2,2,9,1,1
SF,IC2002,2020-01-03 09:33:56.400,5369.8000,3862,0,150304920.000,1,0,1,多换,S,5368.8000,5368.6000,5368.4000,5368.0000,5362.2000,5369.8000,5370.0000,5370.2000,5371.2000,5372.2000,1,1,1,2,1,1,2,9,1,1
SF,IC2002,2020-01-03 09:33:56.900,5369.8000,3862,0,150304920.000,0,-,-,-,-,5368.4000,5368.0000,5362.2000,5359.2000,5355.2000,5369.8000,5370.0000,5370.2000,5371.2000,5372.2000,1,2,1,5,1,1,2,9,1,1
SF,IC2002,2020-01-03 09:33:57.400,5369.8000,3862,0,150304920.000,0,-,-,-,-,5368.6000,5368.4000,5368.0000,5362.2000,5359.2000,5369.8000,5370.0000,5370.2000,5371.2000,5372.2000,1,1,2,1,5,1,2,9,1,1
SF,IC2002,2020-01-03 09:33:57.900,5369.8000,3861,-1,151378880.000,1,0,1,双平,S,5368.6000,5368.4000,5368.0000,5362.2000,5359.2000,5370.0000,5370.2000,5371.2000,5372.2000,5374.0000,1,1,2,1,5,2,9,1,1,1
SF,IC2002,2020-01-03 09:33:58.400,5369.8000,3861,0,151378880.000,0,-,-,-,-,5368.8000,5368.6000,5368.4000,5368.0000,5362.2000,5370.0000,5370.2000,5371.2000,5372.2000,5374.0000,1,1,1,2,1,2,9,1,1,1
SF,IC2002,2020-01-03 09:34:01.900,5368.8000,3860,-1,152452640.000,1,0,1,双平,S,5368.6000,5368.4000,5368.0000,5362.2000,5359.2000,5370.0000,5370.2000,5371.2000,5372.2000,5374.0000,1,1,2,1,5,2,9,1,1,1
SF,IC2002,2020-01-03 09:34:02.400,5368.8000,3860,0,152452640.000,0,-,-,-,-,5368.6000,5368.4000,5368.0000,5362.2000,5359.2000,5370.0000,5370.2000,5371.2000,5372.2000,5374.0000,1,1,2,1,5,2,9,1,1,1
SF,IC2002,2020-01-03 09:34:02.900,5368.8000,3860,0,152452640.000,0,-,-,-,-,5368.8000,5368.6000,5368.0000,5362.2000,5359.2000,5369.8000,5370.0000,5370.2000,5371.2000,5372.2000,1,1,2,1,5,1,2,9,1,1
SF,IC2002,2020-01-03 09:34:03.400,5368.8000,3860,0,152452640.000,0,-,-,-,-,5368.0000,5362.2000,5359.2000,5355.2000,5354.8000,5369.8000,5370.0000,5370.2000,5371.2000,5372.2000,2,1,5,1,3,1,2,9,1,1
SF,IC2002,2020-01-03 09:34:03.900,5368.0000,3858,-2,154599840.000,2,0,2,双平,S,5362.2000,5359.2000,5355.2000,5354.8000,5350.0000,5369.6000,5369.8000,5370.0000,5370.2000,5371.2000,1,5,1,3,2,2,1,2,9,1
SF,IC2002,2020-01-03 09:34:04.400,5368.0000,3858,0,154599840.000,0,-,-,-,-,5367.6000,5366.4000,5364.8000,5364.2000,5363.6000,5369.6000,5369.8000,5370.0000,5370.2000,5371.2000,1,1,1,1,1,2,1,2,9,1
SF,IC2002,2020-01-03 09:34:04.900,5367.6000,3858,0,155673360.000,1,0,1,多换,S,5366.4000,5364.8000,5364.2000,5363.6000,5362.6000,5369.6000,5369.8000,5370.0000,5370.2000,5371.2000,1,1,1,1,3,2,1,2,9,1
SF,IC2002,2020-01-03 09:34:05.400,5367.6000,3858,0,155673360.000,0,-,-,-,-,5366.8000,5366.6000,5364.8000,5364.2000,5363.6000,5369.6000,5369.8000,5370.0000,5370.2000,5371.2000,1,1,1,1,1,1,1,2,9,1
SF,IC2002,2020-01-03 09:34:05.900,5367.6000,3858,0,155673360.000,0,-,-,-,-,5367.0000,5364.8000,5364.2000,5363.6000,5362.6000,5369.6000,5369.8000,5370.0000,5370.2000,5371.2000,2,1,1,1,2,1,1,2,9,1
SF,IC2002,2020-01-03 09:34:06.400,5369.6000,3858,0,156747280.000,1,0,1,多换,S,5367.0000,5364.8000,5364.2000,5363.6000,5362.6000,5369.8000,5370.0000,5370.2000,5371.2000,5372.2000,2,1,1,1,2,1,2,9,1,1
SF,IC2002,2020-01-03 09:34:06.900,5369.6000,3858,0,156747280.000,0,-,-,-,-,5367.0000,5364.8000,5364.2000,5363.6000,5362.6000,5369.6000,5369.8000,5370.0000,5370.2000,5371.2000,1,1,1,1,2,2,1,2,9,1
SF,IC2002,2020-01-03 09:34:08.400,5369.6000,3858,0,156747280.000,0,-,-,-,-,5367.4000,5367.2000,5367.0000,5364.8000,5364.2000,5369.6000,5369.8000,5370.0000,5370.2000,5371.2000,1,1,1,1,1,2,1,2,9,1
SF,IC2002,2020-01-03 09:34:08.900,5369.6000,3858,0,156747280.000,0,-,-,-,-,5367.6000,5367.4000,5364.8000,5364.2000,5363.6000,5369.6000,5369.8000,5370.0000,5370.2000,5371.2000,2,1,1,1,1,1,1,2,9,1
SF,IC2002,2020-01-03 09:34:10.400,5369.6000,3858,0,156747280.000,0,-,-,-,-,5367.6000,5367.4000,5364.8000,5364.2000,5363.6000,5369.4000,5369.6000,5369.8000,5370.0000,5370.2000,1,1,1,1,1,1,1,1,2,9
SF,IC2002,2020-01-03 09:34:10.900,5369.6000,3858,0,156747280.000,0,-,-,-,-,5367.6000,5364.8000,5364.2000,5363.6000,5362.6000,5369.2000,5369.4000,5369.8000,5370.0000,5370.2000,1,1,1,1,2,1,1,1,2,9
SF,IC2002,2020-01-03 09:34:15.900,5369.2000,3858,0,157821120.000,1,0,1,多换,S,5367.8000,5367.6000,5364.8000,5364.2000,5363.6000,5369.4000,5369.8000,5370.0000,5370.2000,5371.2000,1,1,1,1,1,1,1,2,9,1
SF,IC2002,2020-01-03 09:34:16.400,5369.2000,3858,0,157821120.000,0,-,-,-,-,5368.0000,5367.8000,5364.8000,5364.2000,5363.6000,5369.8000,5370.0000,5370.2000,5371.2000,5372.2000,1,1,1,1,1,1,2,9,1,1
SF,IC2002,2020-01-03 09:34:16.900,5369.2000,3858,0,157821120.000,0,-,-,-,-,5368.2000,5368.0000,5367.8000,5364.8000,5364.2000,5369.8000,5370.0000,5370.2000,5371.2000,5372.2000,1,1,1,1,1,1,2,9,1,1
SF,IC2002,2020-01-03 09:34:17.400,5369.2000,3858,0,157821120.000,0,-,-,-,-,5368.4000,5368.2000,5367.8000,5364.8000,5364.2000,5369.8000,5370.0000,5370.2000,5371.2000,5372.2000,1,1,1,1,1,1,2,9,1,1
SF,IC2002,2020-01-03 09:34:17.900,5369.2000,3858,0,157821120.000,0,-,-,-,-,5368.4000,5368.2000,5367.8000,5364.8000,5364.2000,5369.8000,5370.0000,5370.2000,5371.2000,5372.2000,1,1,1,1,1,1,2,9,1,1
SF,IC2002,2020-01-03 09:34:18.400,5369.2000,3858,0,157821120.000,0,-,-,-,-,5368.4000,5367.8000,5364.8000,5364.2000,5363.6000,5369.8000,5370.0000,5370.2000,5371.2000,5372.2000,1,1,1,1,1,1,2,9,1,1
SF,IC2002,2020-01-03 09:34:20.400,5369.2000,3858,0,157821120.000,0,-,-,-,-,5368.4000,5367.8000,5364.8000,5364.2000,5363.6000,5368.6000,5369.8000,5370.0000,5370.2000,5371.2000,1,1,1,1,1,1,1,2,9,1
SF,IC2002,2020-01-03 09:34:20.900,5368.6000,3858,0,158894840.000,1,0,1,多换,S,5364.8000,5363.6000,5362.6000,5362.4000,5362.2000,5369.8000,5370.0000,5370.2000,5371.2000,5372.2000,1,1,2,3,1,1,2,9,1,1
SF,IC2002,2020-01-03 09:34:21.400,5368.6000,3858,0,158894840.000,0,-,-,-,-,5366.4000,5365.2000,5365.0000,5364.8000,5363.6000,5368.4000,5369.6000,5369.8000,5370.0000,5370.2000,1,1,2,1,1,1,1,1,2,9
SF,IC2002,2020-01-03 09:34:21.900,5368.4000,3857,-1,159968520.000,1,0,1,双平,S,5366.8000,5366.4000,5365.0000,5364.8000,5363.6000,5369.8000,5370.0000,5370.2000,5371.2000,5372.2000,1,1,1,1,1,1,2,9,1,1
SF,IC2002,2020-01-03 09:34:22.400,5368.4000,3857,0,159968520.000,0,-,-,-,-,5367.0000,5366.8000,5366.4000,5365.0000,5364.8000,5369.8000,5370.0000,5370.2000,5371.2000,5372.2000,2,1,1,1,1,1,2,9,1,1
SF,IC2002,2020-01-03 09:34:22.900,5368.4000,3857,0,159968520.000,0,-,-,-,-,5367.4000,5367.2000,5367.0000,5366.4000,5365.0000,5369.8000,5370.0000,5370.2000,5371.2000,5372.2000,2,1,2,1,1,1,2,9,1,1
SF,IC2002,2020-01-03 09:34:23.400,5368.4000,3857,0,159968520.000,0,-,-,-,-,5367.6000,5367.4000,5367.2000,5367.0000,5366.4000,5369.8000,5370.0000,5370.2000,5371.2000,5372.2000,1,2,1,1,1,1,2,9,1,1
SF,IC2002,2020-01-03 09:34:23.900,5368.4000,3857,0,159968520.000,0,-,-,-,-,5368.0000,5367.8000,5367.6000,5367.4000,5367.2000,5369.8000,5370.0000,5370.2000,5371.2000,5372.2000,2,2,1,1,1,1,2,9,1,1
SF,IC2002,2020-01-03 09:34:24.400,5368.4000,3857,0,159968520.000,0,-,-,-,-,5368.2000,5368.0000,5367.8000,5367.4000,5367.2000,5369.8000,5370.0000,5370.2000,5371.2000,5372.2000,1,2,2,1,1,1,2,9,1,1
SF,IC2002,2020-01-03 09:34:24.900,5368.4000,3857,0,159968520.000,0,-,-,-,-,5368.4000,5368.2000,5367.8000,5367.4000,5367.2000,5369.8000,5370.0000,5370.2000,5371.2000,5372.2000,1,1,1,1,1,1,2,9,1,1
SF,IC2002,2020-01-03 09:34:25.400,5368.4000,3857,0,159968520.000,0,-,-,-,-,5368.6000,5368.4000,5367.8000,5367.4000,5367.2000,5369.8000,5370.0000,5370.2000,5371.2000,5372.2000,1,1,1,1,1,1,2,9,1,1
SF,IC2002,2020-01-03 09:34:25.900,5368.4000,3857,0,159968520.000,0,-,-,-,-,5368.6000,5367.8000,5367.2000,5367.0000,5366.4000,5369.8000,5370.0000,5370.2000,5371.2000,5372.2000,1,1,1,1,1,1,2,9,1,1
SF,IC2002,2020-01-03 09:34:27.400,5368.4000,3857,0,159968520.000,0,-,-,-,-,5368.6000,5367.8000,5367.2000,5367.0000,5366.4000,5369.8000,5370.0000,5370.2000,5371.2000,5372.2000,1,1,1,1,1,1,3,9,1,1
SF,IC2002,2020-01-03 09:34:27.900,5368.4000,3857,0,159968520.000,0,-,-,-,-,5368.6000,5367.8000,5367.0000,5366.4000,5364.8000,5369.8000,5370.0000,5370.2000,5371.2000,5372.2000,1,1,1,1,1,1,3,9,1,1
SF,IC2002,2020-01-03 09:34:30.400,5368.4000,3856,-1,161042200.000,1,0,1,双平,S,5367.8000,5367.0000,5366.4000,5364.8000,5363.6000,5369.8000,5370.0000,5370.2000,5371.2000,5372.2000,1,1,1,1,1,1,3,9,1,1
SF,IC2002,2020-01-03 09:34:30.900,5368.4000,3856,0,161042200.000,0,-,-,-,-,5367.8000,5366.4000,5364.8000,5363.6000,5362.6000,5369.6000,5369.8000,5370.0000,5370.2000,5371.2000,1,1,1,1,2,2,1,3,9,1
SF,IC2002,2020-01-03 09:34:31.400,5368.4000,3856,0,161042200.000,0,-,-,-,-,5366.4000,5364.8000,5363.6000,5362.6000,5362.4000,5369.6000,5369.8000,5370.0000,5370.2000,5371.2000,1,1,1,2,3,2,1,3,9,1
SF,IC2002,2020-01-03 09:34:31.900,5368.4000,3856,0,161042200.000,0,-,-,-,-,5366.8000,5366.6000,5366.4000,5364.8000,5363.6000,5369.6000,5369.8000,5370.0000,5370.2000,5371.2000,1,1,1,1,1,2,1,3,9,1
SF,IC2002,2020-01-03 09:34:32.400,5368.4000,3856,0,161042200.000,0,-,-,-,-,5367.0000,5366.8000,5366.4000,5364.8000,5363.6000,5369.6000,5369.8000,5370.0000,5370.2000,5371.2000,2,1,1,1,1,1,1,3,9,1
SF,IC2002,2020-01-03 09:34:32.900,5368.4000,3856,0,161042200.000,0,-,-,-,-,5367.2000,5367.0000,5366.4000,5364.8000,5363.6000,5369.6000,5369.8000,5370.0000,5370.2000,5371.2000,1,2,1,1,1,1,1,3,9,1
SF,IC2002,2020-01-03 09:34:33.400,5368.4000,3856,0,161042200.000,0,-,-,-,-,5367.4000,5367.2000,5367.0000,5366.4000,5364.8000,5369.6000,5369.8000,5370.0000,5370.2000,5371.2000,3,1,1,1,1,1,1,3,9,1
SF,IC2002,2020-01-03 09:34:34.900,5368.4000,3856,0,161042200.000,0,-,-,-,-,5367.6000,5367.4000,5367.0000,5366.4000,5364.8000,5369.6000,5369.8000,5370.0000,5370.2000,5371.2000,1,3,1,1,1,1,1,3,9,1
SF,IC2002,2020-01-03 09:34:35.400,5368.4000,3856,0,161042200.000,0,-,-,-,-,5367.8000,5367.6000,5367.4000,5367.0000,5366.4000,5369.8000,5370.0000,5370.2000,5371.2000,5372.2000,2,1,2,1,1,1,3,9,1,1
SF,IC2002,2020-01-03 09:34:35.900,5368.4000,3856,0,161042200.000,0,-,-,-,-,5367.8000,5367.6000,5367.4000,5367.0000,5366.4000,5369.8000,5370.0000,5370.2000,5371.2000,5372.2000,2,1,2,1,1,1,3,9,1,1
SF,IC2002,2020-01-03 09:34:36.400,5368.4000,3856,0,161042200.000,0,-,-,-,-,5367.8000,5367.6000,5367.4000,5367.0000,5366.4000,5369.8000,5370.0000,5370.2000,5371.2000,5372.2000,2,1,2,1,1,1,3,9,1,1
SF,IC2002,2020-01-03 09:34:40.400,5368.4000,3856,0,161042200.000,0,-,-,-,-,5367.8000,5367.6000,5367.4000,5367.0000,5366.4000,5369.8000,5370.0000,5370.2000,5371.2000,5372.2000,2,1,1,1,1,1,3,9,1,1
SF,IC2002,2020-01-03 09:34:40.900,5368.4000,3856,0,161042200.000,0,-,-,-,-,5367.8000,5367.6000,5367.4000,5366.4000,5364.8000,5369.6000,5369.8000,5370.0000,5370.2000,5371.2000,2,1,1,1,1,2,1,3,9,1
SF,IC2002,2020-01-03 09:34:41.400,5368.4000,3856,0,161042200.000,0,-,-,-,-,5367.8000,5367.6000,5367.4000,5366.4000,5364.8000,5369.6000,5369.8000,5370.0000,5370.2000,5371.2000,2,1,1,1,1,1,1,3,9,1
SF,IC2002,2020-01-03 09:34:41.900,5368.4000,3856,0,161042200.000,0,-,-,-,-,5367.8000,5367.6000,5366.4000,5364.8000,5363.6000,5369.6000,5369.8000,5370.0000,5370.2000,5371.2000,2,1,1,1,1,1,1,3,9,1
SF,IC2002,2020-01-03 09:34:42.400,5368.4000,3856,0,161042200.000,0,-,-,-,-,5367.8000,5367.6000,5366.4000,5364.8000,5363.6000,5369.0000,5369.6000,5369.8000,5370.0000,5370.2000,1,1,1,1,1,1,1,1,3,8
SF,IC2002,2020-01-03 09:34:42.900,5368.4000,3856,0,161042200.000,0,-,-,-,-,5367.8000,5367.6000,5366.4000,5364.8000,5363.6000,5369.0000,5369.8000,5370.0000,5370.2000,5371.2000,1,1,1,1,1,1,1,3,8,1
SF,IC2002,2020-01-03 09:34:45.900,5368.4000,3856,0,161042200.000,0,-,-,-,-,5367.8000,5366.4000,5364.8000,5363.6000,5362.6000,5369.0000,5369.8000,5370.0000,5370.2000,5371.2000,1,1,1,1,2,1,1,3,8,1
SF,IC2002,2020-01-03 09:34:48.900,5367.8000,3855,-1,162115760.000,1,0,1,双平,S,5366.4000,5364.8000,5363.6000,5362.6000,5362.4000,5369.0000,5369.8000,5370.0000,5370.2000,5371.2000,1,1,1,2,3,1,1,3,8,1
SF,IC2002,2020-01-03 09:34:49.400,5367.8000,3855,0,162115760.000,0,-,-,-,-,5366.8000,5366.6000,5366.4000,5364.8000,5363.6000,5368.8000,5369.0000,5369.8000,5370.0000,5370.2000,1,1,1,1,1,2,1,1,3,8
SF,IC2002,2020-01-03 09:34:49.900,5367.8000,3855,0,162115760.000,0,-,-,-,-,5367.0000,5366.8000,5366.4000,5364.8000,5363.6000,5368.8000,5369.0000,5369.8000,5370.0000,5370.2000,1,1,1,1,1,2,1,1,3,8
SF,IC2002,2020-01-03 09:34:50.400,5367.8000,3855,0,162115760.000,0,-,-,-,-,5367.4000,5367.2000,5367.0000,5366.4000,5364.8000,5369.0000,5369.8000,5370.0000,5370.2000,5371.2000,1,1,1,1,1,1,1,3,8,1
SF,IC2002,2020-01-03 09:34:50.900,5367.8000,3855,0,162115760.000,0,-,-,-,-,5367.6000,5367.4000,5367.2000,5366.4000,5364.8000,5369.0000,5369.8000,5370.0000,5370.2000,5371.2000,1,1,1,1,1,1,1,3,8,1
SF,IC2002,2020-01-03 09:34:51.400,5367.8000,3855,0,162115760.000,0,-,-,-,-,5367.6000,5367.4000,5366.4000,5364.8000,5363.6000,5369.0000,5369.8000,5370.0000,5370.2000,5371.2000,1,1,1,1,1,1,1,3,8,1
SF,IC2002,2020-01-03 09:34:51.900,5367.8000,3855,0,162115760.000,0,-,-,-,-,5367.6000,5367.4000,5366.4000,5364.8000,5363.6000,5369.0000,5369.8000,5370.0000,5370.2000,5371.2000,1,1,1,1,1,1,1,4,8,1
SF,IC2002,2020-01-03 09:34:53.400,5369.0000,3856,1,163189560.000,1,1,0,双开,S,5367.6000,5367.4000,5366.4000,5364.8000,5363.6000,5369.8000,5370.0000,5370.2000,5371.2000,5372.2000,1,1,1,1,1,1,4,8,1,1
SF,IC2002,2020-01-03 09:34:53.900,5369.0000,3856,0,163189560.000,0,-,-,-,-,5367.6000,5367.4000,5366.4000,5364.8000,5363.6000,5369.6000,5369.8000,5370.0000,5370.2000,5371.2000,1,1,1,1,1,2,1,4,8,1
SF,IC2002,2020-01-03 09:34:54.900,5369.0000,3856,0,163189560.000,0,-,-,-,-,5367.6000,5367.4000,5366.4000,5364.8000,5363.6000,5369.6000,5369.8000,5370.0000,5370.2000,5371.2000,1,1,1,1,1,1,1,4,8,1
SF,IC2002,2020-01-03 09:34:55.400,5369.0000,3856,0,163189560.000,0,-,-,-,-,5366.4000,5364.8000,5363.6000,5362.6000,5362.4000,5369.4000,5369.6000,5369.8000,5370.0000,5370.2000,1,1,1,2,3,1,1,1,4,8
SF,IC2002,2020-01-03 09:34:55.900,5369.2000,3856,0,164263400.000,1,0,1,多换,S,5366.8000,5366.6000,5366.4000,5364.8000,5363.6000,5369.4000,5369.8000,5370.0000,5370.2000,5371.2000,1,1,1,1,1,1,1,4,8,1
SF,IC2002,2020-01-03 09:34:56.400,5369.2000,3856,0,164263400.000,0,-,-,-,-,5367.0000,5366.8000,5366.4000,5364.8000,5363.6000,5369.2000,5369.4000,5369.8000,5370.0000,5370.2000,1,1,1,1,1,1,1,1,4,8
SF,IC2002,2020-01-03 09:34:56.900,5369.2000,3856,0,164263400.000,0,-,-,-,-,5367.0000,5366.8000,5366.4000,5364.8000,5363.6000,5369.0000,5369.2000,5369.8000,5370.0000,5370.2000,1,1,1,1,1,1,1,1,4,8
SF,IC2002,2020-01-03 09:34:57.400,5369.2000,3856,0,164263400.000,0,-,-,-,-,5367.0000,5366.8000,5366.4000,5364.8000,5363.6000,5368.8000,5369.0000,5369.8000,5370.0000,5370.2000,1,1,1,1,1,1,1,1,4,8
SF,IC2002,2020-01-03 09:34:57.900,5369.2000,3856,0,164263400.000,0,-,-,-,-,5367.2000,5367.0000,5366.8000,5366.4000,5364.8000,5369.8000,5370.0000,5370.2000,5371.2000,5372.2000,1,1,1,1,1,1,4,8,1,1
SF,IC2002,2020-01-03 09:34:58.400,5369.2000,3856,0,164263400.000,0,-,-,-,-,5367.4000,5367.2000,5366.8000,5366.4000,5364.8000,5369.6000,5369.8000,5370.0000,5370.2000,5371.2000,1,1,1,1,1,1,1,4,8,1
SF,IC2002,2020-01-03 09:34:58.900,5369.2000,3856,0,164263400.000,0,-,-,-,-,5367.4000,5366.8000,5366.4000,5364.8000,5363.6000,5369.4000,5369.6000,5369.8000,5370.0000,5370.2000,1,1,1,1,1,1,1,1,4,8
SF,IC2002,2020-01-03 09:34:59.400,5369.2000,3856,0,164263400.000,0,-,-,-,-,5367.4000,5366.8000,5366.4000,5364.8000,5363.6000,5369.2000,5369.4000,5369.8000,5370.0000,5370.2000,1,1,1,1,1,1,1,1,4,8
SF,IC2002,2020-01-03 09:34:59.900,5369.2000,3856,0,164263400.000,0,-,-,-,-,5367.4000,5366.8000,5366.4000,5364.8000,5363.6000,5369.0000,5369.2000,5369.4000,5369.8000,5370.0000,1,1,1,1,1,1,1,1,1,4
SF,IC2002,2020-01-03 09:35:00.400,5369.2000,3856,0,164263400.000,0,-,-,-,-,5367.4000,5366.8000,5366.4000,5364.8000,5363.6000,5368.8000,5369.0000,5369.4000,5369.8000,5370.0000,1,1,1,1,1,1,1,1,1,4
SF,IC2002,2020-01-03 09:35:00.900,5369.2000,3856,0,164263400.000,0,-,-,-,-,5367.4000,5366.8000,5366.4000,5364.8000,5363.6000,5368.8000,5369.0000,5369.8000,5370.0000,5370.2000,1,1,1,1,1,1,1,1,4,8
SF,IC2002,2020-01-03 09:35:01.400,5369.2000,3856,0,164263400.000,0,-,-,-,-,5366.4000,5364.8000,5363.6000,5362.6000,5362.4000,5368.8000,5369.0000,5369.8000,5370.0000,5370.2000,1,1,1,2,3,1,1,1,4,8
SF,IC2002,2020-01-03 09:35:01.900,5369.2000,3856,0,164263400.000,0,-,-,-,-,5366.4000,5364.8000,5363.6000,5362.4000,5362.2000,5368.6000,5368.8000,5369.0000,5369.8000,5370.0000,1,1,1,3,1,1,1,1,1,4
SF,IC2002,2020-01-03 09:35:02.400,5369.2000,3856,0,164263400.000,0,-,-,-,-,5366.4000,5363.6000,5362.2000,5359.2000,5355.2000,5368.4000,5368.6000,5369.0000,5369.8000,5370.0000,1,1,1,5,1,1,1,1,1,4
SF,IC2002,2020-01-03 09:35:02.900,5369.2000,3856,0,164263400.000,0,-,-,-,-,5363.6000,5362.2000,5359.2000,5355.2000,5354.8000,5368.4000,5368.6000,5369.0000,5369.8000,5370.0000,1,1,5,1,3,1,1,1,1,4
SF,IC2002,2020-01-03 09:35:03.400,5369.2000,3856,0,164263400.000,0,-,-,-,-,5364.0000,5363.8000,5363.6000,5363.4000,5362.2000,5368.2000,5368.4000,5368.6000,5369.0000,5369.8000,1,1,1,1,1,1,1,1,1,1
SF,IC2002,2020-01-03 09:35:03.900,5369.2000,3856,0,164263400.000,0,-,-,-,-,5366.4000,5364.2000,5364.0000,5363.6000,5363.4000,5368.0000,5368.2000,5369.0000,5369.8000,5370.0000,1,1,1,1,1,1,1,1,1,4
SF,IC2002,2020-01-03 09:35:04.400,5369.2000,3856,0,164263400.000,0,-,-,-,-,5366.6000,5366.4000,5364.0000,5363.6000,5363.4000,5368.2000,5369.8000,5370.0000,5370.2000,5371.2000,1,1,1,1,1,1,1,4,8,1
SF,IC2002,2020-01-03 09:35:04.900,5369.2000,3856,0,164263400.000,0,-,-,-,-,5366.6000,5366.4000,5364.0000,5363.6000,5363.4000,5369.8000,5370.0000,5370.2000,5371.2000,5372.2000,1,1,1,1,1,1,4,8,1,1
SF,IC2002,2020-01-03 09:35:05.400,5369.2000,3856,0,164263400.000,0,-,-,-,-,5367.0000,5366.8000,5366.6000,5366.4000,5363.6000,5369.6000,5369.8000,5370.0000,5370.2000,5371.2000,1,1,1,1,1,2,1,4,8,1
SF,IC2002,2020-01-03 09:35:05.900,5369.2000,3856,0,164263400.000,0,-,-,-,-,5367.2000,5367.0000,5366.8000,5366.4000,5363.6000,5369.6000,5369.8000,5370.0000,5370.2000,5371.2000,1,1,1,1,1,2,1,4,8,1
SF,IC2002,2020-01-03 09:35:06.400,5369.2000,3856,0,164263400.000,0,-,-,-,-,5367.4000,5367.2000,5367.0000,5366.8000,5366.4000,5369.6000,5369.8000,5370.0000,5370.2000,5371.2000,1,1,1,1,1,2,1,4,8,1
SF,IC2002,2020-01-03 09:35:06.900,5369.2000,3856,0,164263400.000,0,-,-,-,-,5367.6000,5367.4000,5366.8000,5366.4000,5363.6000,5369.8000,5370.0000,5370.2000,5371.2000,5372.2000,2,1,1,1,1,1,4,8,1,1
SF,IC2002,2020-01-03 09:35:07.400,5369.2000,3856,0,164263400.000,0,-,-,-,-,5367.8000,5367.6000,5367.4000,5366.8000,5366.4000,5369.6000,5369.8000,5370.0000,5370.2000,5371.2000,1,2,1,1,1,1,1,4,8,1
SF,IC2002,2020-01-03 09:35:07.900,5369.2000,3856,0,164263400.000,0,-,-,-,-,5368.0000,5367.8000,5367.6000,5367.4000,5366.8000,5370.0000,5370.2000,5371.2000,5372.2000,5374.0000,1,1,1,1,1,4,8,1,1,1
SF,IC2002,2020-01-03 09:35:08.400,5369.2000,3856,0,164263400.000,0,-,-,-,-,5369.6000,5368.0000,5367.8000,5367.4000,5366.8000,5369.8000,5370.0000,5370.2000,5371.2000,5372.2000,1,1,1,1,1,2,4,8,1,1
SF,IC2002,2020-01-03 09:35:08.900,5369.6000,3856,0,165337320.000,1,0,1,多换,S,5368.0000,5367.8000,5367.4000,5366.4000,5363.6000,5369.8000,5370.0000,5370.2000,5371.2000,5372.2000,1,1,1,1,1,2,4,8,1,1
SF,IC2002,2020-01-03 09:35:09.400,5369.6000,3856,0,165337320.000,0,-,-,-,-,5368.2000,5368.0000,5367.8000,5367.4000,5366.4000,5369.8000,5370.0000,5370.2000,5371.2000,5372.2000,1,1,1,1,1,1,4,8,1,1
SF,IC2002,2020-01-03 09:35:10.400,5369.6000,3856,0,165337320.000,0,-,-,-,-,5368.0000,5367.8000,5367.4000,5366.4000,5363.6000,5369.8000,5370.0000,5370.2000,5371.2000,5372.2000,1,1,1,1,1,1,4,8,1,1
SF,IC2002,2020-01-03 09:35:10.900,5369.6000,3856,0,165337320.000,0,-,-,-,-,5368.2000,5368.0000,5367.8000,5367.4000,5366.4000,5370.0000,5370.2000,5371.2000,5372.2000,5374.0000,1,1,1,1,1,4,8,1,1,1
SF,IC2002,2020-01-03 09:35:11.400,5369.6000,3856,0,165337320.000,0,-,-,-,-,5368.4000,5368.2000,5367.8000,5367.4000,5366.4000,5370.0000,5370.2000,5371.2000,5372.2000,5374.0000,1,1,1,1,1,4,8,1,1,1
SF,IC2002,2020-01-03 09:35:11.900,5370.0000,3856,0,166411320.000,1,0,1,多换,S,5368.4000,5368.2000,5367.8000,5367.4000,5366.4000,5370.0000,5370.2000,5371.2000,5372.2000,5374.0000,1,1,1,1,1,3,8,1,1,1
SF,IC2002,2020-01-03 09:35:12.400,5370.0000,3856,0,166411320.000,0,-,-,-,-,5368.4000,5368.2000,5367.8000,5367.4000,5366.4000,5370.0000,5370.2000,5371.2000,5372.2000,5374.0000,1,1,1,1,1,3,8,1,1,1
SF,IC2002,2020-01-03 09:35:12.900,5370.0000,3856,0,166411320.000,0,-,-,-,-,5368.4000,5368.2000,5367.8000,5367.4000,5366.4000,5370.0000,5370.2000,5371.2000,5372.2000,5374.0000,1,1,1,1,1,3,8,1,1,1
SF,IC2002,2020-01-03 09:35:13.400,5370.0000,3856,0,166411320.000,0,-,-,-,-,5368.6000,5368.4000,5368.2000,5367.8000,5367.4000,5370.0000,5370.2000,5371.2000,5372.2000,5374.0000,1,1,1,1,1,3,8,1,1,1
SF,IC2002,2020-01-03 09:35:13.900,5370.0000,3856,0,166411320.000,0,-,-,-,-,5368.8000,5368.6000,5368.2000,5367.8000,5367.4000,5370.0000,5370.2000,5371.2000,5372.2000,5374.0000,1,1,1,1,1,3,8,1,1,1
SF,IC2002,2020-01-03 09:35:14.900,5370.0000,3856,0,166411320.000,0,-,-,-,-,5368.8000,5368.2000,5367.8000,5367.4000,5366.4000,5370.0000,5370.2000,5371.2000,5372.2000,5374.0000,1,1,1,1,1,3,8,1,1,1
SF,IC2002,2020-01-03 09:35:15.400,5370.0000,3856,0,166411320.000,0,-,-,-,-,5368.8000,5367.8000,5367.4000,5366.4000,5365.8000,5370.0000,5370.2000,5371.2000,5372.2000,5374.0000,1,1,1,1,1,3,8,1,1,1
SF,IC2002,2020-01-03 09:35:15.900,5370.0000,3856,0,166411320.000,0,-,-,-,-,5368.8000,5367.8000,5366.4000,5365.8000,5363.6000,5370.0000,5370.2000,5371.2000,5372.2000,5374.0000,1,1,1,1,1,3,8,1,1,1
SF,IC2002,2020-01-03 09:35:16.400,5370.0000,3856,0,166411320.000,0,-,-,-,-,5368.8000,5366.4000,5365.8000,5363.6000,5363.4000,5370.0000,5370.2000,5371.2000,5372.2000,5374.0000,1,1,1,1,1,3,8,1,1,1
SF,IC2002,2020-01-03 09:35:17.400,5368.8000,3855,-1,167485080.000,1,0,1,双平,S,5366.4000,5365.8000,5363.6000,5363.4000,5362.2000,5370.0000,5370.2000,5371.2000,5372.2000,5374.0000,1,1,1,1,1,3,8,1,1,1
SF,IC2002,2020-01-03 09:35:17.900,5368.8000,3855,0,167485080.000,0,-,-,-,-,5366.8000,5366.6000,5366.4000,5365.8000,5363.6000,5369.8000,5370.0000,5370.2000,5371.2000,5372.2000,1,1,1,1,1,2,3,8,1,1
SF,IC2002,2020-01-03 09:35:18.400,5368.8000,3855,0,167485080.000,0,-,-,-,-,5367.0000,5366.4000,5365.8000,5363.6000,5363.4000,5369.8000,5370.0000,5370.2000,5371.2000,5372.2000,1,1,1,1,1,2,3,8,1,1
SF,IC2002,2020-01-03 09:35:19.400,5368.8000,3855,0,167485080.000,0,-,-,-,-,5367.0000,5366.4000,5363.6000,5363.4000,5362.2000,5369.8000,5370.0000,5370.2000,5371.2000,5372.2000,1,1,1,1,1,2,3,8,1,1
SF,IC2002,2020-01-03 09:35:19.900,5368.8000,3855,0,167485080.000,0,-,-,-,-,5369.2000,5366.4000,5363.6000,5363.4000,5362.2000,5369.8000,5370.0000,5370.2000,5371.2000,5372.2000,1,1,1,1,1,2,3,8,1,1
SF,IC2002,2020-01-03 09:35:20.400,5369.2000,3855,0,168558920.000,1,0,1,多换,S,5366.4000,5363.6000,5363.4000,5362.2000,5359.2000,5369.8000,5370.0000,5370.2000,5371.2000,5372.2000,1,1,1,1,5,1,3,8,1,1
SF,IC2002,2020-01-03 09:35:20.900,5369.2000,3855,0,168558920.000,0,-,-,-,-,5366.6000,5366.4000,5363.6000,5363.4000,5362.2000,5369.6000,5370.0000,5370.2000,5371.2000,5372.2000,2,1,1,1,1,1,3,8,1,1
SF,IC2002,2020-01-03 09:35:21.900,5369.2000,3855,0,168558920.000,0,-,-,-,-,5366.8000,5366.6000,5366.4000,5363.6000,5363.4000,5369.6000,5370.0000,5370.2000,5371.2000,5372.2000,2,1,1,1,1,1,3,8,1,1
SF,IC2002,2020-01-03 09:35:22.400,5369.2000,3855,0,168558920.000,0,-,-,-,-,5367.0000,5366.8000,5366.4000,5363.6000,5363.4000,5369.6000,5370.0000,5370.2000,5371.2000,5372.2000,2,1,1,1,1,1,3,8,1,1
SF,IC2002,2020-01-03 09:35:22.900,5369.2000,3855,0,168558920.000,0,-,-,-,-,5367.0000,5366.4000,5363.6000,5363.4000,5362.2000,5369.6000,5370.0000,5370.2000,5371.2000,5372.2000,2,1,1,1,1,1,3,8,1,1
SF,IC2002,2020-01-03 09:35:23.400,5369.2000,3855,0,168558920.000,0,-,-,-,-,5367.0000,5366.4000,5363.6000,5363.4000,5362.2000,5369.4000,5369.6000,5370.0000,5370.2000,5371.2000,1,1,1,1,1,1,1,3,8,1
SF,IC2002,2020-01-03 09:35:23.900,5369.2000,3855,0,168558920.000,0,-,-,-,-,5367.0000,5366.4000,5363.6000,5363.4000,5362.2000,5369.2000,5369.4000,5370.0000,5370.2000,5371.2000,1,1,1,1,1,1,1,3,8,1
SF,IC2002,2020-01-03 09:35:24.400,5369.2000,3855,0,168558920.000,0,-,-,-,-,5367.2000,5367.0000,5366.4000,5363.6000,5363.4000,5369.2000,5370.0000,5370.2000,5371.2000,5372.2000,2,1,1,1,1,1,3,8,1,1
SF,IC2002,2020-01-03 09:35:24.900,5369.2000,3855,0,168558920.000,0,-,-,-,-,5367.4000,5367.2000,5366.4000,5363.6000,5363.4000,5369.2000,5370.0000,5370.2000,5371.2000,5372.2000,1,2,1,1,1,1,3,8,1,1
SF,IC2002,2020-01-03 09:35:25.400,5369.2000,3855,0,168558920.000,0,-,-,-,-,5367.6000,5367.4000,5367.2000,5366.4000,5363.6000,5369.2000,5370.0000,5370.2000,5371.2000,5372.2000,1,1,2,1,1,1,3,8,1,1
SF,IC2002,2020-01-03 09:35:25.900,5369.2000,3855,0,168558920.000,0,-,-,-,-,5367.6000,5367.4000,5367.2000,5366.4000,5363.6000,5369.2000,5370.0000,5370.2000,5371.2000,5372.2000,1,1,1,1,1,1,3,8,1,1
SF,IC2002,2020-01-03 09:35:26.400,5369.2000,3855,0,168558920.000,0,-,-,-,-,5367.4000,5366.4000,5363.6000,5363.4000,5362.2000,5367.8000,5369.2000,5370.0000,5370.2000,5371.2000,1,1,1,1,1,1,1,3,8,1
SF,IC2002,2020-01-03 09:35:26.900,5367.4000,3854,-1,169632400.000,1,0,1,双平,S,5366.4000,5363.6000,5363.4000,5362.2000,5359.2000,5367.8000,5369.2000,5370.0000,5370.2000,5371.2000,1,1,1,1,5,1,1,3,8,1
SF,IC2002,2020-01-03 09:35:27.400,5367.4000,3854,0,169632400.000,0,-,-,-,-,5366.4000,5363.6000,5363.4000,5362.2000,5359.2000,5366.6000,5367.6000,5370.0000,5370.2000,5371.2000,1,1,1,1,5,1,1,3,8,1
SF,IC2002,2020-01-03 09:35:28.900,5366.4000,3854,0,170705680.000,1,0,1,多换,S,5363.6000,5363.4000,5362.2000,5359.2000,5355.2000,5366.6000,5367.6000,5370.0000,5370.2000,5371.2000,1,1,1,5,1,1,1,3,8,1
SF,IC2002,2020-01-03 09:35:29.400,5366.4000,3854,0,170705680.000,0,-,-,-,-,5364.0000,5363.8000,5363.6000,5363.4000,5362.2000,5366.6000,5367.6000,5370.0000,5370.2000,5371.2000,2,2,2,1,1,1,1,3,8,1
SF,IC2002,2020-01-03 09:35:29.900,5364.2000,3854,0,171778520.000,1,0,1,多换,S,5364.2000,5364.0000,5363.8000,5363.6000,5363.4000,5366.4000,5370.0000,5370.2000,5371.2000,5372.2000,1,2,1,2,1,1,3,8,1,1
