市场代码,合约代码,时间,最新,持仓,增仓,成交额,成交量,开仓,平仓,成交类型,方向,买一价,买二价,买三价,买四价,买五价,卖一价,卖二价,卖三价,卖四价,卖五价,买一量,买二量,买三量,买四量,买五量,卖一量,卖二量,卖三量,卖四量,卖五量
SF,IC2006,2019-11-22 09:29:00.400,4692.6000,15817,0,0.000,0.000,-,-,-,-,4700.0000,4696.0000,4686.2000,4685.2000,4685.0000,4708.0000,4709.0000,4712.0000,4712.4000,4713.8000,1,3,3,1,1,2,2,1,2,1
SF,IC2006,2019-11-22 09:30:00.400,4692.6000,15817,0,0.000,0,-,-,-,-,4700.8000,4700.2000,4700.0000,4696.0000,4685.2000,4705.0000,4706.0000,4706.4000,4707.2000,4707.4000,1,1,1,3,1,2,1,1,3,2
SF,IC2006,2019-11-22 09:30:00.900,4700.8000,15817,0,940160.000,1,0,1,多换,S,4701.0000,4700.2000,4700.0000,4696.0000,4685.0000,4704.0000,4704.8000,4705.0000,4706.0000,4706.4000,1,1,1,3,1,3,7,3,1,1
SF,IC2006,2019-11-22 09:30:01.400,4704.0000,15816,-1,1880960.000,1,0,1,双平,S,4701.2000,4701.0000,4700.2000,4700.0000,4696.0000,4703.8000,4704.8000,4705.0000,4706.0000,4706.4000,1,1,1,1,3,1,1,3,1,1
SF,IC2006,2019-11-22 09:30:01.900,4700.2000,15816,0,4701440.000,3,1,2,多换,S,4701.2000,4700.0000,4696.0000,4693.0000,4690.0000,4704.8000,4705.0000,4706.0000,4707.2000,4707.4000,1,4,2,2,1,1,3,2,3,2
SF,IC2006,2019-11-22 09:30:02.400,4700.2000,15816,0,4701440.000,0,-,-,-,-,4701.4000,4700.0000,4696.0000,4693.0000,4690.0000,4705.0000,4706.0000,4707.2000,4707.4000,4708.0000,2,4,2,2,1,1,1,3,2,3
SF,IC2006,2019-11-22 09:30:02.900,4705.0000,15817,1,5642440.000,1,1,0,双开,S,4701.4000,4700.0000,4696.0000,4693.0000,4690.0000,4706.0000,4707.2000,4707.4000,4708.0000,4708.2000,3,4,2,2,1,1,3,2,3,1
SF,IC2006,2019-11-22 09:30:03.400,4705.8000,15816,-1,6583600.000,1,0,1,双平,S,4701.4000,4700.0000,4696.0000,4693.0000,4690.0000,4705.8000,4706.0000,4707.2000,4707.4000,4708.0000,3,4,2,2,1,1,1,3,2,3
SF,IC2006,2019-11-22 09:30:03.900,4705.8000,15816,0,6583600.000,0,-,-,-,-,4701.6000,4701.4000,4700.0000,4696.0000,4693.0000,4705.8000,4706.0000,4707.2000,4707.4000,4708.0000,1,1,4,2,2,3,1,3,2,3
SF,IC2006,2019-11-22 09:30:04.400,4705.8000,15816,0,6583600.000,0,-,-,-,-,4701.6000,4701.4000,4700.0000,4696.0000,4693.0000,4705.0000,4705.8000,4706.0000,4707.2000,4707.4000,1,1,4,2,2,2,3,1,3,2
SF,IC2006,2019-11-22 09:30:04.900,4705.8000,15816,0,6583600.000,0,-,-,-,-,4701.6000,4701.4000,4700.0000,4696.0000,4693.0000,4705.8000,4706.0000,4707.2000,4707.4000,4708.0000,1,1,5,2,2,2,1,3,2,3
SF,IC2006,2019-11-22 09:30:05.400,4705.8000,15816,0,6583600.000,0,-,-,-,-,4701.6000,4701.4000,4700.0000,4696.0000,4693.0000,4705.8000,4706.0000,4707.2000,4707.4000,4708.0000,1,1,7,2,2,1,1,3,2,3
SF,IC2006,2019-11-22 09:30:05.900,4705.8000,15816,0,6583600.000,0,-,-,-,-,4701.6000,4701.4000,4700.0000,4696.0000,4693.0000,4705.8000,4707.2000,4707.4000,4708.0000,4708.2000,1,1,7,2,2,1,3,2,3,1
SF,IC2006,2019-11-22 09:30:06.900,4705.8000,15816,0,6583600.000,0,-,-,-,-,4701.6000,4701.4000,4700.0000,4696.0000,4693.0000,4705.8000,4707.2000,4707.4000,4708.0000,4708.2000,4,1,7,2,2,1,3,2,3,1
SF,IC2006,2019-11-22 09:30:07.900,4705.8000,15816,0,6583600.000,0,-,-,-,-,4701.6000,4701.4000,4700.0000,4696.0000,4693.0000,4705.8000,4707.2000,4707.4000,4708.0000,4708.2000,4,1,7,2,2,1,3,2,3,1
SF,IC2006,2019-11-22 09:30:08.400,4705.8000,15816,0,6583600.000,0,-,-,-,-,4702.0000,4701.6000,4701.4000,4700.0000,4696.0000,4705.8000,4707.2000,4707.4000,4708.0000,4708.2000,1,4,1,7,2,1,3,2,3,1
SF,IC2006,2019-11-22 09:30:08.900,4705.8000,15816,0,6583600.000,0,-,-,-,-,4702.4000,4702.0000,4701.6000,4701.4000,4700.0000,4705.6000,4705.8000,4707.2000,4707.4000,4708.0000,3,1,3,1,7,1,1,3,2,3
SF,IC2006,2019-11-22 09:30:09.900,4705.8000,15816,0,6583600.000,0,-,-,-,-,4702.4000,4702.0000,4701.6000,4701.4000,4700.0000,4705.8000,4707.2000,4707.4000,4708.0000,4708.2000,3,1,3,1,7,1,3,2,3,1
SF,IC2006,2019-11-22 09:30:10.400,4705.6000,15816,0,7524720.000,1,0,1,多换,S,4705.6000,4702.4000,4701.6000,4701.4000,4701.0000,4705.8000,4707.2000,4707.4000,4708.0000,4708.2000,3,3,3,1,5,1,3,2,3,1
SF,IC2006,2019-11-22 09:30:10.900,4705.6000,15813,-3,10348080.000,3,0,3,双平,S,4701.6000,4701.4000,4701.0000,4700.0000,4696.0000,4705.8000,4707.2000,4707.4000,4708.0000,4708.2000,3,1,5,7,2,1,3,2,3,1
SF,IC2006,2019-11-22 09:30:11.400,4705.6000,15813,0,10348080.000,0,-,-,-,-,4702.4000,4701.6000,4701.4000,4701.0000,4700.0000,4705.8000,4707.2000,4707.4000,4708.0000,4708.2000,3,3,1,5,7,1,3,2,3,1
SF,IC2006,2019-11-22 09:30:11.900,4705.6000,15813,0,10348080.000,0,-,-,-,-,4702.4000,4701.6000,4701.4000,4701.0000,4700.0000,4705.8000,4707.2000,4707.4000,4708.0000,4708.2000,3,3,1,5,7,1,3,2,3,1
SF,IC2006,2019-11-22 09:30:12.400,4705.6000,15813,0,10348080.000,0,-,-,-,-,4703.0000,4702.4000,4701.6000,4701.4000,4701.0000,4705.8000,4707.2000,4707.4000,4708.0000,4708.2000,1,3,3,1,5,1,3,2,3,1
SF,IC2006,2019-11-22 09:30:12.900,4705.6000,15813,0,10348080.000,0,-,-,-,-,4703.2000,4703.0000,4702.4000,4701.6000,4701.4000,4705.8000,4707.2000,4707.4000,4708.0000,4708.2000,2,1,1,3,1,1,3,2,3,1
SF,IC2006,2019-11-22 09:30:13.400,4705.6000,15813,0,10348080.000,0,-,-,-,-,4703.2000,4703.0000,4702.4000,4701.6000,4701.4000,4705.8000,4707.2000,4707.4000,4708.0000,4708.2000,2,1,1,3,1,1,3,2,3,1
SF,IC2006,2019-11-22 09:30:13.900,4707.2000,15814,1,12230680.000,2,1,1,空开,S,4703.2000,4702.4000,4701.6000,4701.4000,4701.0000,4704.4000,4707.2000,4707.4000,4708.0000,4708.2000,2,1,3,1,5,1,2,2,3,1
SF,IC2006,2019-11-22 09:30:14.400,4704.6000,15814,0,13171600.000,1,0,1,多换,S,4702.4000,4701.6000,4701.4000,4701.0000,4700.0000,4703.2000,4707.2000,4707.4000,4708.0000,4708.2000,1,3,1,5,7,2,2,2,3,1
SF,IC2006,2019-11-22 09:30:14.900,4703.2000,15812,-2,15052880.000,2,0,2,双平,S,4702.6000,4702.4000,4701.6000,4701.4000,4701.0000,4707.2000,4707.4000,4708.0000,4708.2000,4709.0000,1,1,3,1,5,2,2,3,1,1
SF,IC2006,2019-11-22 09:30:15.400,4703.2000,15812,0,15052880.000,0,-,-,-,-,4702.6000,4702.4000,4701.6000,4701.4000,4701.0000,4706.4000,4707.0000,4707.2000,4707.4000,4708.0000,1,1,3,1,5,1,4,2,2,3
SF,IC2006,2019-11-22 09:30:15.900,4703.2000,15812,0,15052880.000,0,-,-,-,-,4704.4000,4702.6000,4702.4000,4701.6000,4701.4000,4706.0000,4706.2000,4706.4000,4707.0000,4707.2000,1,1,1,3,1,1,1,1,2,2
SF,IC2006,2019-11-22 09:30:16.400,4702.4000,15812,0,16934200.000,2,1,1,多换,S,4701.6000,4701.4000,4701.0000,4700.0000,4696.0000,4705.8000,4706.0000,4706.4000,4707.0000,4707.2000,3,1,5,5,2,1,1,1,2,2
SF,IC2006,2019-11-22 09:30:16.900,4702.4000,15812,0,16934200.000,0,-,-,-,-,4701.8000,4701.6000,4701.4000,4701.0000,4700.0000,4704.4000,4705.6000,4705.8000,4706.0000,4706.4000,2,3,1,5,5,1,1,1,1,1
SF,IC2006,2019-11-22 09:30:17.400,4704.4000,15812,0,17875080.000,1,0,1,多换,S,4702.2000,4702.0000,4701.8000,4701.6000,4701.4000,4705.6000,4706.0000,4706.4000,4707.0000,4707.2000,1,1,2,3,1,1,1,1,1,2
SF,IC2006,2019-11-22 09:30:17.900,4704.4000,15812,0,17875080.000,0,-,-,-,-,4702.4000,4702.2000,4702.0000,4701.6000,4701.4000,4705.6000,4706.0000,4707.0000,4707.2000,4707.4000,1,1,1,3,1,1,1,1,3,2
SF,IC2006,2019-11-22 09:30:18.900,4704.4000,15812,0,17875080.000,0,-,-,-,-,4702.8000,4702.4000,4702.0000,4701.6000,4701.4000,4705.6000,4706.0000,4707.0000,4707.2000,4707.4000,1,1,1,3,1,1,1,1,3,2
SF,IC2006,2019-11-22 09:30:19.400,4704.4000,15812,0,17875080.000,0,-,-,-,-,4702.8000,4702.0000,4701.6000,4701.4000,4701.0000,4705.6000,4706.0000,4707.0000,4707.2000,4707.4000,1,1,3,1,5,1,1,1,3,2
SF,IC2006,2019-11-22 09:30:19.900,4704.4000,15812,0,17875080.000,0,-,-,-,-,4703.0000,4702.8000,4702.0000,4701.6000,4701.4000,4704.4000,4706.0000,4707.0000,4707.2000,4707.4000,1,1,1,3,1,1,1,1,3,2
SF,IC2006,2019-11-22 09:30:20.400,4704.4000,15812,0,18815960.000,1,0,1,多换,S,4704.6000,4703.0000,4702.0000,4701.6000,4701.4000,4706.0000,4707.0000,4707.2000,4707.4000,4708.0000,1,1,1,3,1,1,1,3,2,3
SF,IC2006,2019-11-22 09:30:20.900,4704.6000,15811,-1,19756880.000,1,0,1,双平,S,4702.0000,4701.6000,4701.4000,4701.0000,4700.0000,4704.6000,4705.8000,4706.0000,4707.0000,4707.2000,1,3,1,5,5,1,3,1,1,3
SF,IC2006,2019-11-22 09:30:21.400,4704.6000,15811,0,19756880.000,0,-,-,-,-,4702.2000,4702.0000,4701.6000,4701.4000,4701.0000,4705.8000,4706.0000,4707.0000,4707.2000,4707.4000,1,1,3,1,5,1,1,1,3,2
SF,IC2006,2019-11-22 09:30:21.900,4704.6000,15811,0,19756880.000,0,-,-,-,-,4702.2000,4702.0000,4701.6000,4701.4000,4701.0000,4705.6000,4706.0000,4707.0000,4707.2000,4707.4000,1,1,3,1,5,1,1,1,3,2
SF,IC2006,2019-11-22 09:30:22.400,4704.6000,15811,0,19756880.000,0,-,-,-,-,4702.4000,4702.2000,4702.0000,4701.6000,4701.4000,4705.4000,4705.6000,4706.0000,4707.0000,4707.2000,1,1,1,3,1,1,1,1,1,3
SF,IC2006,2019-11-22 09:30:22.900,4705.4000,15811,0,20697960.000,1,0,1,多换,S,4702.4000,4702.0000,4701.6000,4701.4000,4701.0000,4706.0000,4707.0000,4707.2000,4707.4000,4708.0000,1,1,3,1,5,1,1,3,2,3
SF,IC2006,2019-11-22 09:30:23.400,4705.4000,15811,0,20697960.000,0,-,-,-,-,4702.6000,4702.4000,4702.0000,4701.6000,4701.4000,4704.6000,4705.2000,4705.8000,4706.0000,4707.0000,1,1,1,3,1,5,1,1,1,1
SF,IC2006,2019-11-22 09:30:23.900,4705.4000,15811,0,20697960.000,0,-,-,-,-,4702.6000,4702.4000,4702.0000,4701.6000,4701.4000,4704.4000,4704.6000,4706.0000,4707.0000,4707.2000,1,1,1,3,1,1,5,1,1,3
SF,IC2006,2019-11-22 09:30:24.400,4705.4000,15811,0,20697960.000,0,-,-,-,-,4702.8000,4702.6000,4702.0000,4701.6000,4701.4000,4704.4000,4704.6000,4706.0000,4707.0000,4707.2000,1,1,1,3,1,1,5,1,1,3
SF,IC2006,2019-11-22 09:30:24.900,4704.6000,15812,1,22579800.000,2,1,1,空开,S,4702.8000,4702.0000,4701.6000,4701.4000,4701.0000,4704.6000,4706.0000,4707.0000,4707.2000,4707.4000,1,1,3,1,5,4,1,1,3,2
SF,IC2006,2019-11-22 09:30:25.900,4704.6000,15812,0,22579800.000,0,-,-,-,-,4702.0000,4701.6000,4701.4000,4701.0000,4700.0000,4704.4000,4704.6000,4706.0000,4707.0000,4707.2000,1,3,1,5,5,1,4,1,1,3
SF,IC2006,2019-11-22 09:30:26.400,4704.6000,15812,0,26343480.000,4,2,2,多换,S,4702.0000,4701.6000,4701.4000,4701.0000,4700.0000,4702.8000,4704.6000,4706.0000,4707.0000,4707.2000,1,3,1,5,5,2,1,1,1,2
SF,IC2006,2019-11-22 09:30:26.900,4702.8000,15810,-2,28224600.000,2,0,2,双平,S,4702.8000,4701.6000,4701.4000,4701.0000,4700.0000,4704.6000,4705.4000,4706.0000,4707.0000,4707.2000,1,3,1,5,5,1,1,1,1,2
SF,IC2006,2019-11-22 09:30:27.400,4702.8000,15810,0,28224600.000,0,-,-,-,-,4701.6000,4701.4000,4701.0000,4700.0000,4696.0000,4704.6000,4705.4000,4706.0000,4707.0000,4707.2000,3,1,5,5,2,1,1,1,1,2
SF,IC2006,2019-11-22 09:30:27.900,4702.8000,15810,0,28224600.000,0,-,-,-,-,4701.6000,4701.4000,4701.0000,4700.0000,4696.0000,4702.0000,4704.4000,4704.6000,4705.4000,4706.0000,3,1,5,5,2,2,1,1,1,1
SF,IC2006,2019-11-22 09:30:28.400,4702.0000,15810,0,30105400.000,2,1,1,多换,S,4702.2000,4701.8000,4701.6000,4701.4000,4701.0000,4704.6000,4705.4000,4706.0000,4706.4000,4707.0000,1,3,3,1,5,1,1,1,1,1
SF,IC2006,2019-11-22 09:30:28.900,4702.0000,15810,0,30105400.000,0,-,-,-,-,4702.2000,4701.8000,4701.6000,4701.4000,4701.0000,4704.4000,4704.6000,4705.4000,4706.0000,4706.4000,1,2,3,1,5,1,1,1,1,1
SF,IC2006,2019-11-22 09:30:29.400,4702.0000,15810,0,30105400.000,0,-,-,-,-,4702.2000,4701.8000,4701.6000,4701.4000,4701.0000,4704.4000,4704.6000,4705.4000,4706.0000,4706.4000,1,2,3,1,5,1,1,1,1,1
SF,IC2006,2019-11-22 09:30:29.900,4702.0000,15810,0,30105400.000,0,-,-,-,-,4702.4000,4702.2000,4701.8000,4701.6000,4701.4000,4704.4000,4704.6000,4705.4000,4706.0000,4706.4000,1,1,1,3,1,1,1,1,1,1
SF,IC2006,2019-11-22 09:30:30.400,4702.0000,15810,0,30105400.000,0,-,-,-,-,4704.0000,4702.4000,4702.2000,4701.6000,4701.4000,4704.4000,4704.6000,4705.4000,4706.0000,4706.4000,6,2,1,3,1,1,1,1,1,1
SF,IC2006,2019-11-22 09:30:30.900,4704.0000,15810,0,34809400.000,5,2,3,多换,S,4704.0000,4702.4000,4702.2000,4701.6000,4701.4000,4704.4000,4704.6000,4705.4000,4706.0000,4706.4000,1,2,1,3,1,1,1,1,1,1
SF,IC2006,2019-11-22 09:30:31.400,4704.0000,15809,-1,36691000.000,2,0,2,多平,S,4702.4000,4701.6000,4701.4000,4701.0000,4700.0000,4704.6000,4705.4000,4706.0000,4706.4000,4707.0000,3,3,1,5,5,1,1,1,1,1
SF,IC2006,2019-11-22 09:30:31.900,4704.0000,15809,0,36691000.000,0,-,-,-,-,4702.4000,4701.6000,4701.4000,4701.0000,4700.0000,4704.6000,4705.4000,4706.0000,4707.0000,4707.2000,3,3,1,5,5,1,1,1,1,2
SF,IC2006,2019-11-22 09:30:32.400,4704.0000,15809,0,36691000.000,0,-,-,-,-,4702.6000,4702.4000,4701.6000,4701.4000,4701.0000,4704.6000,4705.4000,4706.0000,4707.0000,4707.2000,1,2,3,1,5,1,1,1,1,2
SF,IC2006,2019-11-22 09:30:32.900,4704.0000,15809,0,36691000.000,0,-,-,-,-,4702.6000,4702.4000,4701.6000,4701.4000,4701.0000,4704.6000,4705.2000,4705.4000,4706.0000,4706.8000,1,1,3,1,5,1,1,1,1,1
SF,IC2006,2019-11-22 09:30:33.400,4704.0000,15809,0,36691000.000,0,-,-,-,-,4702.6000,4702.4000,4701.6000,4701.4000,4701.0000,4704.0000,4704.6000,4705.2000,4705.4000,4706.0000,1,1,3,1,5,1,1,1,1,1
SF,IC2006,2019-11-22 09:30:33.900,4704.0000,15809,0,37631800.000,1,0,1,多换,S,4702.6000,4702.4000,4701.6000,4701.4000,4701.0000,4704.6000,4705.2000,4705.4000,4706.0000,4706.8000,1,1,3,1,5,1,1,1,1,1
SF,IC2006,2019-11-22 09:30:34.400,4704.0000,15809,0,37631800.000,0,-,-,-,-,4702.8000,4702.6000,4702.4000,4701.6000,4701.4000,4704.6000,4705.2000,4705.4000,4706.0000,4706.8000,1,1,1,3,1,1,1,1,1,1
SF,IC2006,2019-11-22 09:30:35.400,4704.0000,15809,0,37631800.000,0,-,-,-,-,4703.0000,4702.8000,4702.4000,4701.6000,4701.4000,4704.6000,4705.2000,4705.4000,4706.0000,4707.0000,1,1,1,3,1,1,1,1,1,1
SF,IC2006,2019-11-22 09:30:35.900,4704.6000,15808,-1,38572720.000,1,0,1,双平,S,4703.2000,4703.0000,4702.4000,4701.6000,4701.4000,4704.0000,4705.2000,4705.4000,4707.0000,4707.2000,1,1,1,3,1,1,1,1,1,2
SF,IC2006,2019-11-22 09:30:36.400,4704.0000,15808,0,39513520.000,1,0,1,多换,S,4703.2000,4703.0000,4702.4000,4701.6000,4701.4000,4705.2000,4705.4000,4707.2000,4708.0000,4708.2000,1,1,1,3,1,1,1,2,2,1
SF,IC2006,2019-11-22 09:30:36.900,4704.0000,15808,0,40454320.000,1,0,1,多换,S,4703.4000,4703.2000,4702.4000,4701.6000,4701.4000,4704.0000,4705.2000,4705.4000,4708.0000,4708.2000,1,1,1,3,1,1,1,1,2,1
SF,IC2006,2019-11-22 09:30:37.400,4704.0000,15808,0,41395120.000,1,0,1,多换,S,4703.6000,4703.4000,4701.6000,4701.4000,4701.0000,4705.2000,4705.4000,4708.0000,4708.2000,4708.4000,1,2,3,1,5,1,1,2,1,5
SF,IC2006,2019-11-22 09:30:38.900,4704.0000,15808,0,41395120.000,0,-,-,-,-,4703.8000,4703.6000,4703.4000,4701.6000,4701.4000,4704.0000,4705.2000,4705.4000,4708.0000,4708.2000,1,1,1,3,1,1,1,1,2,1
SF,IC2006,2019-11-22 09:30:39.400,4703.6000,15806,-2,43276600.000,2,0,2,双平,S,4701.6000,4701.4000,4701.0000,4700.8000,4700.0000,4703.8000,4704.0000,4705.2000,4705.4000,4705.6000,3,1,5,1,5,1,1,1,1,1
SF,IC2006,2019-11-22 09:30:39.900,4703.6000,15806,0,43276600.000,0,-,-,-,-,4701.6000,4701.4000,4701.0000,4700.0000,4696.0000,4703.8000,4704.0000,4705.2000,4705.4000,4708.0000,3,1,5,5,2,1,1,1,1,2
SF,IC2006,2019-11-22 09:30:40.400,4703.6000,15806,0,43276600.000,0,-,-,-,-,4701.8000,4701.6000,4701.4000,4701.0000,4700.0000,4703.8000,4704.0000,4705.2000,4705.4000,4708.0000,1,3,1,5,5,1,1,1,1,2
SF,IC2006,2019-11-22 09:30:40.900,4703.6000,15806,0,43276600.000,0,-,-,-,-,4702.0000,4701.8000,4701.6000,4701.4000,4701.0000,4703.8000,4704.0000,4705.2000,4705.4000,4708.0000,1,1,3,1,5,1,1,1,1,2
SF,IC2006,2019-11-22 09:30:41.400,4703.6000,15806,0,43276600.000,0,-,-,-,-,4703.4000,4702.2000,4702.0000,4701.6000,4701.4000,4703.8000,4704.0000,4705.2000,4705.4000,4708.0000,3,1,1,3,1,1,1,1,1,2
SF,IC2006,2019-11-22 09:30:41.900,4704.0000,15805,-1,45158160.000,2,0,2,多平,S,4704.0000,4703.8000,4703.4000,4702.2000,4702.0000,4705.2000,4705.4000,4708.0000,4708.2000,4708.4000,1,1,3,1,1,1,1,2,1,5
SF,IC2006,2019-11-22 09:30:42.400,4704.0000,15804,-1,46098960.000,1,0,1,双平,S,4703.8000,4703.4000,4702.2000,4702.0000,4701.6000,4705.0000,4705.2000,4705.4000,4708.0000,4708.2000,1,3,1,2,3,1,1,1,2,1
SF,IC2006,2019-11-22 09:30:42.900,4704.0000,15804,0,46098960.000,0,-,-,-,-,4703.4000,4702.2000,4702.0000,4701.6000,4701.4000,4705.0000,4705.2000,4705.4000,4708.0000,4708.2000,3,1,2,3,1,1,1,1,2,1
SF,IC2006,2019-11-22 09:30:43.400,4704.0000,15804,0,46098960.000,0,-,-,-,-,4703.4000,4702.2000,4702.0000,4701.6000,4701.4000,4705.0000,4705.2000,4705.4000,4707.2000,4708.0000,3,1,2,3,1,1,1,1,1,2
SF,IC2006,2019-11-22 09:30:43.900,4703.4000,15804,0,48921000.000,3,1,2,多换,S,4702.2000,4702.0000,4701.6000,4701.4000,4701.0000,4703.4000,4705.0000,4705.2000,4705.4000,4707.2000,1,2,3,1,5,2,1,1,1,1
SF,IC2006,2019-11-22 09:30:44.400,4703.4000,15802,-2,50802360.000,2,0,2,双平,S,4702.2000,4702.0000,4701.6000,4701.4000,4701.0000,4705.2000,4705.4000,4707.2000,4708.0000,4708.2000,1,2,3,1,5,1,1,1,2,1
SF,IC2006,2019-11-22 09:30:44.900,4703.4000,15802,0,50802360.000,0,-,-,-,-,4702.2000,4702.0000,4701.6000,4701.4000,4701.0000,4704.0000,4705.0000,4705.2000,4705.4000,4707.2000,1,2,3,1,5,1,1,1,1,1
SF,IC2006,2019-11-22 09:30:45.400,4703.4000,15802,0,50802360.000,0,-,-,-,-,4702.0000,4701.6000,4701.4000,4701.0000,4700.0000,4703.8000,4704.0000,4705.2000,4705.4000,4707.2000,2,3,1,5,5,1,1,1,1,1
SF,IC2006,2019-11-22 09:30:46.400,4703.4000,15802,0,50802360.000,0,-,-,-,-,4702.0000,4701.6000,4701.4000,4701.0000,4700.0000,4703.8000,4704.0000,4705.2000,4705.4000,4707.2000,1,3,1,5,5,1,1,1,1,1
SF,IC2006,2019-11-22 09:30:47.400,4703.4000,15802,0,50802360.000,0,-,-,-,-,4702.0000,4701.6000,4701.4000,4701.0000,4700.0000,4703.8000,4704.0000,4705.2000,4705.4000,4707.2000,1,3,1,5,5,1,1,1,1,1
SF,IC2006,2019-11-22 09:30:47.900,4703.8000,15801,-1,51743120.000,1,0,1,双平,S,4702.0000,4701.6000,4701.4000,4701.0000,4700.0000,4704.0000,4705.2000,4705.4000,4705.8000,4707.2000,1,4,1,5,5,1,1,1,1,1
SF,IC2006,2019-11-22 09:30:48.400,4703.8000,15801,0,51743120.000,0,-,-,-,-,4702.2000,4702.0000,4701.6000,4701.4000,4701.0000,4704.0000,4705.2000,4705.4000,4707.2000,4708.0000,1,1,3,1,5,1,1,1,1,2
SF,IC2006,2019-11-22 09:30:48.900,4703.8000,15801,0,51743120.000,0,-,-,-,-,4702.2000,4702.0000,4701.6000,4701.4000,4701.0000,4704.0000,4705.2000,4705.4000,4707.2000,4708.0000,1,1,3,1,5,1,1,1,1,2
SF,IC2006,2019-11-22 09:30:49.400,4704.0000,15801,0,52683920.000,1,0,1,多换,S,4702.2000,4702.0000,4701.6000,4701.4000,4701.0000,4705.2000,4705.4000,4707.2000,4708.0000,4708.2000,1,1,3,1,5,1,1,1,2,1
SF,IC2006,2019-11-22 09:30:49.900,4704.0000,15801,0,52683920.000,0,-,-,-,-,4702.4000,4702.2000,4702.0000,4701.6000,4701.4000,4705.2000,4705.4000,4707.2000,4708.0000,4708.2000,1,1,1,3,1,1,1,1,2,1
SF,IC2006,2019-11-22 09:30:50.400,4704.0000,15801,0,52683920.000,0,-,-,-,-,4702.6000,4702.4000,4702.0000,4701.6000,4701.4000,4705.2000,4705.4000,4707.2000,4708.0000,4708.2000,1,1,1,3,1,1,1,1,2,1
SF,IC2006,2019-11-22 09:30:50.900,4702.6000,15801,0,53624440.000,1,0,1,多换,S,4702.4000,4702.0000,4701.6000,4701.4000,4701.0000,4705.2000,4705.4000,4705.6000,4707.2000,4708.0000,1,1,3,2,5,1,1,1,1,2
SF,IC2006,2019-11-22 09:30:51.400,4702.4000,15800,-1,54564920.000,1,0,1,双平,S,4702.0000,4701.6000,4701.4000,4701.0000,4700.0000,4705.0000,4705.2000,4705.4000,4707.2000,4708.0000,1,3,1,5,5,1,1,1,1,2
SF,IC2006,2019-11-22 09:30:51.900,4702.4000,15800,0,54564920.000,0,-,-,-,-,4702.4000,4702.2000,4702.0000,4701.6000,4701.4000,4705.0000,4705.2000,4705.4000,4707.2000,4708.0000,1,1,1,3,1,1,1,1,1,2
SF,IC2006,2019-11-22 09:30:52.400,4702.4000,15800,0,54564920.000,0,-,-,-,-,4702.6000,4702.4000,4702.0000,4701.6000,4701.4000,4705.0000,4705.2000,4705.4000,4707.2000,4708.0000,1,1,1,3,1,1,1,1,1,2
SF,IC2006,2019-11-22 09:30:52.900,4702.4000,15800,0,54564920.000,0,-,-,-,-,4702.6000,4702.4000,4702.0000,4701.6000,4701.4000,4705.2000,4705.4000,4707.2000,4708.0000,4708.2000,1,1,1,3,1,1,1,1,2,1
SF,IC2006,2019-11-22 09:30:53.400,4702.4000,15800,0,54564920.000,0,-,-,-,-,4702.8000,4702.6000,4702.4000,4702.0000,4701.6000,4705.2000,4705.4000,4707.2000,4708.0000,4708.2000,1,1,1,1,3,1,1,1,2,1
SF,IC2006,2019-11-22 09:30:53.900,4702.4000,15800,0,54564920.000,0,-,-,-,-,4703.0000,4702.8000,4702.4000,4702.0000,4701.6000,4705.0000,4705.2000,4705.4000,4707.2000,4708.0000,1,2,1,1,3,1,1,1,1,2
SF,IC2006,2019-11-22 09:30:54.400,4702.4000,15800,0,54564920.000,0,-,-,-,-,4703.2000,4702.8000,4702.4000,4702.0000,4701.6000,4705.0000,4705.2000,4705.4000,4708.0000,4708.2000,1,2,1,1,3,1,1,1,2,1
SF,IC2006,2019-11-22 09:30:54.900,4702.4000,15800,0,54564920.000,0,-,-,-,-,4703.2000,4702.8000,4702.4000,4702.0000,4701.6000,4705.0000,4705.2000,4705.4000,4708.0000,4708.2000,1,1,1,1,3,1,1,1,2,1
SF,IC2006,2019-11-22 09:30:55.400,4702.4000,15800,0,54564920.000,0,-,-,-,-,4702.8000,4702.4000,4702.0000,4701.6000,4701.4000,4705.0000,4705.2000,4705.4000,4708.0000,4708.2000,1,1,1,3,1,1,1,1,2,1
SF,IC2006,2019-11-22 09:30:55.900,4702.4000,15800,0,54564920.000,0,-,-,-,-,4702.8000,4702.4000,4702.0000,4701.6000,4701.4000,4704.0000,4705.0000,4705.2000,4705.4000,4708.0000,1,1,1,3,1,1,1,1,1,2
SF,IC2006,2019-11-22 09:30:56.400,4702.8000,15799,-1,55505480.000,1,0,1,双平,S,4702.4000,4702.0000,4701.6000,4701.4000,4701.0000,4704.0000,4705.2000,4705.4000,4708.0000,4708.2000,1,1,3,1,5,1,1,1,2,1
SF,IC2006,2019-11-22 09:30:56.900,4702.8000,15799,0,55505480.000,0,-,-,-,-,4702.0000,4701.6000,4701.4000,4701.0000,4700.0000,4703.8000,4704.0000,4705.2000,4705.4000,4708.0000,1,3,1,5,5,1,1,1,1,2
SF,IC2006,2019-11-22 09:30:58.900,4702.8000,15799,0,55505480.000,0,-,-,-,-,4702.0000,4701.6000,4701.4000,4701.0000,4700.0000,4703.8000,4704.0000,4705.2000,4705.4000,4708.0000,1,3,1,5,5,1,1,1,1,2
SF,IC2006,2019-11-22 09:31:00.900,4702.0000,15798,-1,56445880.000,1,0,1,双平,S,4701.6000,4701.4000,4701.0000,4700.0000,4696.0000,4703.8000,4704.0000,4705.2000,4705.4000,4708.0000,3,1,5,5,2,1,1,1,1,2
SF,IC2006,2019-11-22 09:31:01.400,4702.0000,15798,0,56445880.000,0,-,-,-,-,4701.6000,4701.4000,4701.0000,4700.0000,4696.0000,4703.8000,4704.0000,4705.2000,4705.4000,4708.0000,3,1,5,5,2,1,1,1,1,2
SF,IC2006,2019-11-22 09:31:03.400,4702.0000,15798,0,56445880.000,0,-,-,-,-,4701.6000,4701.0000,4700.0000,4696.0000,4693.0000,4703.8000,4704.0000,4705.2000,4705.4000,4708.0000,3,5,5,2,2,1,1,1,1,2
SF,IC2006,2019-11-22 09:31:03.900,4702.0000,15798,0,56445880.000,0,-,-,-,-,4701.8000,4701.6000,4701.0000,4700.0000,4696.0000,4703.8000,4704.0000,4705.2000,4705.4000,4708.0000,1,4,5,5,2,1,1,1,1,2
SF,IC2006,2019-11-22 09:31:04.400,4702.0000,15798,0,56445880.000,0,-,-,-,-,4701.8000,4701.6000,4701.0000,4700.0000,4696.0000,4703.8000,4704.0000,4705.2000,4705.4000,4708.0000,1,4,5,5,2,1,1,1,1,2
SF,IC2006,2019-11-22 09:31:04.900,4702.0000,15798,0,56445880.000,0,-,-,-,-,4701.8000,4701.6000,4701.0000,4700.0000,4696.0000,4703.8000,4704.0000,4705.2000,4705.4000,4708.0000,1,4,5,5,2,1,1,1,1,2
SF,IC2006,2019-11-22 09:31:07.400,4702.0000,15798,0,56445880.000,0,-,-,-,-,4702.0000,4701.8000,4701.6000,4701.0000,4700.0000,4703.8000,4704.0000,4705.2000,4705.4000,4708.0000,1,1,4,5,5,1,1,1,1,2
SF,IC2006,2019-11-22 09:31:07.900,4702.0000,15798,0,56445880.000,0,-,-,-,-,4701.8000,4701.6000,4701.0000,4700.0000,4696.0000,4703.8000,4704.0000,4705.2000,4705.4000,4708.0000,1,4,5,5,2,1,1,1,1,2
SF,IC2006,2019-11-22 09:31:08.400,4702.0000,15798,0,56445880.000,0,-,-,-,-,4701.8000,4701.6000,4701.0000,4700.0000,4696.0000,4703.8000,4704.0000,4705.2000,4705.4000,4708.0000,1,4,5,5,2,1,1,1,1,2
SF,IC2006,2019-11-22 09:31:08.900,4702.0000,15798,0,56445880.000,0,-,-,-,-,4701.8000,4701.6000,4701.0000,4700.0000,4696.0000,4703.8000,4704.0000,4705.2000,4705.4000,4708.0000,1,4,5,5,2,1,1,1,1,2
SF,IC2006,2019-11-22 09:31:09.400,4702.0000,15798,0,56445880.000,0,-,-,-,-,4701.8000,4701.6000,4701.0000,4700.0000,4696.0000,4703.8000,4704.0000,4705.2000,4705.4000,4708.0000,1,4,5,5,2,1,1,1,1,2
SF,IC2006,2019-11-22 09:31:09.900,4702.0000,15798,0,56445880.000,0,-,-,-,-,4701.8000,4701.6000,4701.0000,4700.0000,4696.0000,4703.8000,4704.0000,4705.2000,4705.4000,4708.0000,1,4,5,5,2,1,1,1,1,2
SF,IC2006,2019-11-22 09:31:10.400,4702.0000,15798,0,56445880.000,0,-,-,-,-,4701.8000,4701.6000,4701.0000,4700.0000,4696.0000,4703.8000,4704.0000,4705.2000,4705.4000,4708.0000,1,4,5,5,2,1,1,1,1,2
SF,IC2006,2019-11-22 09:31:15.400,4702.0000,15798,0,56445880.000,0,-,-,-,-,4701.8000,4701.6000,4701.0000,4700.0000,4696.0000,4703.8000,4704.0000,4705.2000,4705.4000,4708.0000,1,4,5,5,2,1,1,1,1,2
SF,IC2006,2019-11-22 09:31:17.400,4702.0000,15798,0,56445880.000,0,-,-,-,-,4701.8000,4701.6000,4701.0000,4700.0000,4696.0000,4703.6000,4703.8000,4704.0000,4705.2000,4705.4000,1,4,5,5,2,1,1,1,1,1
SF,IC2006,2019-11-22 09:31:17.900,4702.0000,15798,0,56445880.000,0,-,-,-,-,4701.8000,4701.6000,4701.0000,4700.0000,4696.0000,4703.4000,4704.0000,4705.2000,4705.4000,4705.8000,1,4,5,5,2,2,1,1,1,1
SF,IC2006,2019-11-22 09:31:18.400,4702.0000,15798,0,56445880.000,0,-,-,-,-,4701.8000,4701.6000,4701.0000,4700.0000,4696.0000,4703.4000,4704.0000,4705.2000,4705.4000,4705.8000,1,4,5,5,2,2,1,1,1,1
SF,IC2006,2019-11-22 09:31:21.900,4702.0000,15798,0,56445880.000,0,-,-,-,-,4701.8000,4701.6000,4701.0000,4700.0000,4696.0000,4703.4000,4704.0000,4705.2000,4705.4000,4705.8000,1,4,5,5,2,2,1,1,1,1
SF,IC2006,2019-11-22 09:31:22.400,4702.0000,15798,0,56445880.000,0,-,-,-,-,4701.8000,4701.6000,4701.0000,4700.0000,4696.0000,4704.0000,4705.2000,4705.4000,4705.8000,4708.0000,1,4,5,5,2,1,1,1,1,2
SF,IC2006,2019-11-22 09:31:22.900,4702.0000,15798,0,56445880.000,0,-,-,-,-,4703.4000,4702.0000,4701.8000,4701.6000,4701.0000,4703.8000,4704.0000,4705.2000,4705.4000,4705.8000,2,3,1,4,5,1,1,1,1,1
SF,IC2006,2019-11-22 09:31:23.400,4703.8000,15797,-1,57386640.000,1,0,1,双平,S,4703.8000,4703.4000,4702.0000,4701.8000,4701.6000,4704.0000,4705.2000,4705.4000,4705.6000,4708.0000,1,2,3,1,4,1,1,1,1,2
SF,IC2006,2019-11-22 09:31:23.900,4704.0000,15797,0,58327440.000,1,0,1,多换,S,4703.8000,4703.4000,4702.0000,4701.8000,4701.6000,4705.2000,4705.4000,4708.0000,4708.2000,4708.4000,1,2,3,1,4,1,1,2,1,5
SF,IC2006,2019-11-22 09:31:24.400,4704.0000,15797,0,58327440.000,0,-,-,-,-,4703.4000,4702.0000,4701.8000,4701.6000,4701.0000,4705.0000,4705.2000,4705.4000,4708.0000,4708.2000,2,3,1,4,5,1,1,1,2,1
SF,IC2006,2019-11-22 09:31:24.900,4704.0000,15797,0,58327440.000,0,-,-,-,-,4703.4000,4702.0000,4701.8000,4701.6000,4701.0000,4705.0000,4705.2000,4705.4000,4708.0000,4708.2000,2,3,1,4,5,1,1,1,2,1
SF,IC2006,2019-11-22 09:31:26.900,4705.0000,15797,0,59268440.000,1,0,1,多换,S,4705.0000,4703.4000,4702.6000,4702.0000,4701.8000,4705.2000,4705.4000,4706.8000,4708.0000,4708.2000,1,2,1,3,1,1,1,1,2,1
SF,IC2006,2019-11-22 09:31:27.400,4705.0000,15797,0,61150440.000,2,1,1,多换,S,4703.4000,4702.0000,4701.8000,4701.6000,4701.0000,4705.2000,4705.4000,4708.0000,4708.2000,4708.4000,2,3,1,4,5,1,1,2,1,5
SF,IC2006,2019-11-22 09:31:27.900,4703.4000,15795,-2,63031800.000,2,0,2,双平,S,4702.0000,4701.8000,4701.6000,4701.0000,4700.0000,4705.2000,4705.4000,4708.0000,4708.2000,4708.4000,3,1,4,5,5,1,1,2,1,5
SF,IC2006,2019-11-22 09:31:28.400,4703.4000,15795,0,63031800.000,0,-,-,-,-,4702.2000,4702.0000,4701.8000,4701.6000,4701.0000,4705.2000,4705.4000,4708.0000,4708.2000,4708.4000,3,3,1,4,5,1,1,2,1,5
SF,IC2006,2019-11-22 09:31:28.900,4703.4000,15795,0,63031800.000,0,-,-,-,-,4705.0000,4703.6000,4702.2000,4702.0000,4701.8000,4705.2000,4705.4000,4708.0000,4708.2000,4708.4000,1,1,3,3,1,1,1,2,1,5
SF,IC2006,2019-11-22 09:31:29.400,4705.0000,15794,-1,64913840.000,2,0,2,多平,S,4705.2000,4703.6000,4702.0000,4701.8000,4701.6000,4705.4000,4708.0000,4708.2000,4708.4000,4709.0000,2,1,3,1,4,1,2,1,5,2
SF,IC2006,2019-11-22 09:31:29.900,4705.4000,15794,0,65854920.000,1,0,1,多换,S,4705.2000,4703.6000,4702.0000,4701.8000,4701.6000,4708.0000,4708.2000,4708.4000,4709.0000,4711.0000,1,1,3,1,4,2,1,5,2,2
SF,IC2006,2019-11-22 09:31:30.400,4705.4000,15794,0,65854920.000,0,-,-,-,-,4705.2000,4703.6000,4702.0000,4701.8000,4701.6000,4707.8000,4708.0000,4708.2000,4708.4000,4709.0000,1,1,3,1,4,3,2,1,5,2
SF,IC2006,2019-11-22 09:31:30.900,4705.4000,15794,0,65854920.000,0,-,-,-,-,4705.2000,4701.8000,4701.6000,4701.0000,4700.0000,4707.8000,4708.0000,4708.2000,4708.4000,4709.0000,1,1,1,5,1,3,2,1,5,2
SF,IC2006,2019-11-22 09:31:31.400,4707.8000,15794,0,68679600.000,3,1,2,多换,S,4707.8000,4705.2000,4701.8000,4701.6000,4701.0000,4708.0000,4708.2000,4708.4000,4709.0000,4709.4000,6,2,1,1,5,2,1,5,2,1
SF,IC2006,2019-11-22 09:31:31.900,4707.8000,15795,1,74328960.000,6,3,3,空开,S,4705.2000,4701.8000,4701.6000,4701.0000,4700.0000,4707.0000,4707.6000,4707.8000,4708.0000,4708.2000,1,1,1,5,1,1,1,3,2,1
SF,IC2006,2019-11-22 09:31:32.400,4707.8000,15795,0,74328960.000,0,-,-,-,-,4705.4000,4705.2000,4701.8000,4701.6000,4701.0000,4707.6000,4707.8000,4708.0000,4708.2000,4708.4000,2,1,1,1,5,1,4,2,1,5
SF,IC2006,2019-11-22 09:31:32.900,4707.8000,15795,0,74328960.000,0,-,-,-,-,4705.6000,4705.4000,4705.2000,4701.8000,4701.6000,4707.6000,4707.8000,4708.0000,4708.2000,4708.4000,1,2,1,1,1,2,3,2,1,5
SF,IC2006,2019-11-22 09:31:33.400,4707.8000,15795,0,74328960.000,0,-,-,-,-,4706.0000,4705.8000,4705.2000,4701.8000,4701.0000,4707.8000,4708.0000,4708.2000,4708.4000,4709.0000,3,1,1,1,5,2,3,1,5,2
SF,IC2006,2019-11-22 09:31:33.900,4707.8000,15795,0,74328960.000,0,-,-,-,-,4706.2000,4706.0000,4705.2000,4701.8000,4701.0000,4708.0000,4708.2000,4708.4000,4709.0000,4711.0000,1,4,1,1,5,3,1,5,2,2
SF,IC2006,2019-11-22 09:31:34.400,4707.8000,15795,0,74328960.000,0,-,-,-,-,4706.4000,4706.0000,4705.2000,4701.8000,4701.0000,4708.0000,4708.2000,4708.4000,4709.0000,4711.0000,3,1,1,1,5,2,1,5,2,2
SF,IC2006,2019-11-22 09:31:34.900,4707.8000,15795,0,74328960.000,0,-,-,-,-,4706.6000,4706.4000,4706.0000,4705.2000,4701.8000,4708.0000,4708.2000,4708.4000,4709.0000,4710.0000,1,2,1,1,1,2,1,5,2,1
SF,IC2006,2019-11-22 09:31:35.400,4707.8000,15795,0,74328960.000,0,-,-,-,-,4706.8000,4706.6000,4706.0000,4705.2000,4701.8000,4708.0000,4708.2000,4708.4000,4709.0000,4710.0000,2,1,1,1,1,2,1,5,2,1
SF,IC2006,2019-11-22 09:31:35.900,4708.0000,15794,-1,75270560.000,1,0,1,双平,S,4707.0000,4706.8000,4706.0000,4705.2000,4701.8000,4708.0000,4708.2000,4708.4000,4709.0000,4710.0000,1,2,1,1,1,1,1,5,2,1
SF,IC2006,2019-11-22 09:31:36.400,4708.0000,15793,-1,76212160.000,1,0,1,双平,S,4708.0000,4707.4000,4707.2000,4706.0000,4705.2000,4708.4000,4709.0000,4710.0000,4711.0000,4712.0000,1,3,1,1,1,5,2,1,2,1
SF,IC2006,2019-11-22 09:31:36.900,4708.2000,15788,-5,80920480.000,5,0,5,双平,S,4708.2000,4708.0000,4707.2000,4706.0000,4705.2000,4708.4000,4709.0000,4711.0000,4712.0000,4713.0000,2,2,1,1,1,2,2,2,1,1
SF,IC2006,2019-11-22 09:31:37.400,4709.0000,15784,-4,84687320.000,4,0,4,双平,S,4708.4000,4708.2000,4707.2000,4706.0000,4705.2000,4709.0000,4711.0000,4712.0000,4713.0000,4713.6000,3,2,1,1,1,1,2,1,1,5
SF,IC2006,2019-11-22 09:31:37.900,4709.0000,15783,-1,85629120.000,1,0,1,双平,S,4708.6000,4708.4000,4707.2000,4706.0000,4705.2000,4711.0000,4712.0000,4713.0000,4713.6000,4713.8000,2,3,1,1,1,2,1,1,5,1
SF,IC2006,2019-11-22 09:31:38.400,4709.0000,15783,0,85629120.000,0,-,-,-,-,4708.6000,4708.4000,4707.2000,4706.0000,4705.2000,4711.0000,4711.2000,4712.0000,4712.8000,4713.0000,2,2,1,1,1,2,1,1,1,1
SF,IC2006,2019-11-22 09:31:38.900,4709.0000,15783,0,85629120.000,0,-,-,-,-,4708.6000,4708.4000,4707.2000,4706.0000,4705.2000,4710.8000,4711.0000,4711.2000,4712.0000,4712.8000,2,2,1,1,1,1,2,1,1,1
SF,IC2006,2019-11-22 09:31:39.400,4709.0000,15783,0,85629120.000,0,-,-,-,-,4708.6000,4708.4000,4707.2000,4706.0000,4705.2000,4710.6000,4710.8000,4711.0000,4711.2000,4712.0000,2,2,1,1,1,1,1,2,1,1
SF,IC2006,2019-11-22 09:31:39.900,4709.0000,15783,0,85629120.000,0,-,-,-,-,4708.6000,4708.4000,4707.2000,4706.0000,4705.2000,4710.6000,4711.0000,4711.2000,4712.0000,4712.8000,2,2,1,1,1,1,2,1,1,1
SF,IC2006,2019-11-22 09:31:40.400,4709.0000,15783,0,85629120.000,0,-,-,-,-,4708.6000,4708.4000,4708.0000,4707.2000,4706.0000,4710.6000,4711.0000,4711.2000,4712.0000,4712.8000,2,2,1,1,1,1,2,1,1,1
SF,IC2006,2019-11-22 09:31:40.900,4709.0000,15783,0,85629120.000,0,-,-,-,-,4708.8000,4708.6000,4708.4000,4708.0000,4706.0000,4710.6000,4711.0000,4711.2000,4712.0000,4712.8000,1,2,2,1,1,1,2,1,1,1
SF,IC2006,2019-11-22 09:31:41.400,4709.0000,15783,0,85629120.000,0,-,-,-,-,4708.4000,4708.0000,4706.0000,4705.2000,4701.8000,4710.6000,4711.0000,4711.2000,4712.0000,4712.8000,2,1,1,1,1,1,2,1,1,1
SF,IC2006,2019-11-22 09:31:41.900,4709.0000,15783,0,85629120.000,0,-,-,-,-,4708.6000,4708.4000,4708.0000,4706.0000,4705.2000,4710.2000,4710.6000,4711.0000,4711.2000,4712.0000,3,1,1,1,1,1,1,2,1,1
SF,IC2006,2019-11-22 09:31:42.400,4710.2000,15783,0,86571160.000,1,0,1,多换,S,4708.6000,4708.4000,4708.0000,4706.0000,4705.2000,4710.4000,4710.6000,4711.0000,4711.2000,4712.0000,2,1,1,1,1,1,1,2,1,1
SF,IC2006,2019-11-22 09:31:42.900,4710.0000,15778,-5,91279960.000,5,0,5,双平,S,4708.0000,4706.6000,4706.0000,4705.2000,4701.8000,4708.4000,4710.0000,4710.4000,4710.6000,4710.8000,1,1,1,1,1,1,2,1,1,1
SF,IC2006,2019-11-22 09:31:43.400,4708.0000,15778,0,92221560.000,1,0,1,多换,S,4706.0000,4705.2000,4701.8000,4701.0000,4700.0000,4708.0000,4708.4000,4710.0000,4710.2000,4710.6000,1,1,1,5,1,1,1,2,2,1
SF,IC2006,2019-11-22 09:31:43.900,4708.0000,15778,0,92221560.000,0,-,-,-,-,4706.2000,4706.0000,4705.2000,4701.8000,4701.0000,4708.2000,4708.4000,4709.6000,4710.0000,4710.2000,2,1,1,1,5,1,1,1,2,2
SF,IC2006,2019-11-22 09:31:44.400,4708.0000,15778,0,92221560.000,0,-,-,-,-,4706.4000,4706.2000,4706.0000,4705.2000,4701.8000,4708.2000,4708.4000,4709.6000,4710.0000,4710.2000,2,1,1,1,1,1,1,2,2,2
SF,IC2006,2019-11-22 09:31:44.900,4708.0000,15778,0,92221560.000,0,-,-,-,-,4706.6000,4706.4000,4706.0000,4705.2000,4701.8000,4708.2000,4708.4000,4709.6000,4710.0000,4710.2000,1,1,1,1,1,1,1,3,2,2
SF,IC2006,2019-11-22 09:31:45.400,4708.0000,15778,0,92221560.000,0,-,-,-,-,4706.4000,4706.0000,4705.2000,4701.8000,4701.0000,4706.6000,4708.2000,4708.4000,4709.6000,4710.0000,1,1,1,1,5,1,1,1,4,2
SF,IC2006,2019-11-22 09:31:45.900,4706.6000,15777,-1,93162880.000,1,0,1,双平,S,4706.6000,4706.4000,4706.0000,4705.2000,4701.8000,4708.2000,4708.4000,4709.6000,4710.0000,4710.2000,4,1,1,1,1,1,1,4,2,2
SF,IC2006,2019-11-22 09:31:46.400,4706.6000,15777,0,93162880.000,0,-,-,-,-,4706.6000,4706.4000,4706.0000,4705.2000,4701.8000,4708.2000,4708.4000,4709.6000,4710.0000,4710.2000,3,1,1,1,1,1,1,4,2,2
SF,IC2006,2019-11-22 09:31:47.400,4706.6000,15777,0,93162880.000,0,-,-,-,-,4706.6000,4706.4000,4706.0000,4705.2000,4701.8000,4708.2000,4708.4000,4709.6000,4710.0000,4710.2000,3,1,1,1,1,1,1,3,2,2
SF,IC2006,2019-11-22 09:31:48.900,4706.6000,15776,-1,94104200.000,1,0,1,双平,S,4706.6000,4706.4000,4706.0000,4705.2000,4704.0000,4708.2000,4708.4000,4709.6000,4710.0000,4710.2000,2,1,1,1,1,2,2,3,2,2
SF,IC2006,2019-11-22 09:31:49.400,4706.6000,15776,0,94104200.000,0,-,-,-,-,4706.6000,4706.4000,4706.0000,4705.2000,4701.8000,4708.2000,4708.4000,4709.6000,4710.0000,4710.2000,2,1,1,1,1,2,2,3,2,2
SF,IC2006,2019-11-22 09:31:49.900,4706.6000,15776,0,94104200.000,0,-,-,-,-,4706.6000,4706.0000,4705.2000,4701.8000,4701.0000,4708.2000,4708.4000,4709.6000,4710.0000,4710.2000,2,1,1,1,5,2,2,3,2,2
SF,IC2006,2019-11-22 09:31:50.400,4706.6000,15776,0,94104200.000,0,-,-,-,-,4706.8000,4706.6000,4706.0000,4705.2000,4701.8000,4708.2000,4708.4000,4709.6000,4710.0000,4710.2000,1,2,1,1,1,1,2,3,2,2
SF,IC2006,2019-11-22 09:31:50.900,4706.6000,15776,0,94104200.000,0,-,-,-,-,4707.0000,4706.6000,4706.0000,4705.2000,4701.8000,4708.2000,4708.4000,4709.6000,4710.0000,4710.2000,1,2,1,1,1,1,2,3,2,2
SF,IC2006,2019-11-22 09:31:51.400,4706.6000,15776,0,94104200.000,0,-,-,-,-,4707.2000,4706.6000,4706.0000,4705.2000,4701.8000,4708.4000,4709.6000,4710.0000,4710.2000,4711.0000,1,2,1,1,1,1,1,2,2,2
SF,IC2006,2019-11-22 09:31:51.900,4706.6000,15776,0,94104200.000,0,-,-,-,-,4707.2000,4706.6000,4706.0000,4705.2000,4701.8000,4708.4000,4709.6000,4710.0000,4710.2000,4711.0000,1,1,1,1,1,1,1,2,2,2
SF,IC2006,2019-11-22 09:31:52.400,4706.6000,15776,0,94104200.000,0,-,-,-,-,4706.6000,4706.0000,4705.2000,4701.8000,4701.0000,4708.2000,4708.4000,4709.6000,4710.0000,4710.2000,1,1,1,1,5,1,1,1,2,2
SF,IC2006,2019-11-22 09:31:52.900,4706.6000,15776,0,94104200.000,0,-,-,-,-,4706.8000,4706.6000,4706.0000,4705.2000,4701.8000,4708.4000,4709.6000,4710.0000,4710.2000,4711.0000,1,1,1,1,1,1,1,2,2,2
SF,IC2006,2019-11-22 09:31:53.400,4706.6000,15776,0,94104200.000,0,-,-,-,-,4707.0000,4706.6000,4706.0000,4705.2000,4701.8000,4708.4000,4709.6000,4710.0000,4711.0000,4711.2000,1,1,1,1,1,1,1,2,2,1
SF,IC2006,2019-11-22 09:31:53.900,4706.6000,15776,0,94104200.000,0,-,-,-,-,4707.2000,4706.6000,4706.0000,4705.2000,4701.8000,4708.4000,4709.6000,4710.0000,4711.0000,4711.2000,1,1,1,1,1,1,1,2,2,1
SF,IC2006,2019-11-22 09:31:54.400,4706.6000,15776,0,94104200.000,0,-,-,-,-,4706.6000,4706.0000,4705.2000,4701.8000,4701.0000,4708.4000,4710.0000,4711.0000,4711.2000,4712.0000,1,1,1,1,5,1,2,2,1,1
SF,IC2006,2019-11-22 09:31:54.900,4706.6000,15776,0,95045520.000,1,0,1,多换,S,4706.8000,4706.6000,4706.0000,4705.2000,4701.8000,4708.4000,4710.0000,4711.0000,4711.2000,4712.0000,1,1,1,1,1,1,2,2,1,1
SF,IC2006,2019-11-22 09:31:55.400,4706.6000,15776,0,95045520.000,0,-,-,-,-,4707.0000,4706.8000,4706.6000,4706.0000,4701.8000,4708.2000,4708.4000,4710.0000,4711.0000,4711.2000,1,1,1,1,1,1,1,2,2,1
SF,IC2006,2019-11-22 09:31:55.900,4706.6000,15776,0,95045520.000,0,-,-,-,-,4706.6000,4706.0000,4701.8000,4701.0000,4700.0000,4708.4000,4710.0000,4711.0000,4711.2000,4712.0000,1,1,1,5,1,1,2,2,1,1
SF,IC2006,2019-11-22 09:31:57.400,4706.6000,15776,0,95045520.000,0,-,-,-,-,4706.6000,4706.0000,4701.8000,4701.0000,4700.0000,4708.2000,4708.4000,4710.0000,4711.0000,4711.2000,1,1,1,5,1,1,1,2,2,1
SF,IC2006,2019-11-22 09:31:57.900,4706.6000,15776,0,95045520.000,0,-,-,-,-,4706.6000,4706.0000,4701.8000,4701.0000,4700.0000,4708.4000,4710.0000,4711.0000,4711.2000,4712.0000,1,1,1,5,1,1,2,2,1,1
SF,IC2006,2019-11-22 09:31:58.400,4706.6000,15776,0,95045520.000,0,-,-,-,-,4706.8000,4706.6000,4706.0000,4701.8000,4701.0000,4708.4000,4710.0000,4711.0000,4711.2000,4712.0000,1,1,1,1,5,1,2,2,1,1
SF,IC2006,2019-11-22 09:31:58.900,4706.6000,15776,0,95045520.000,0,-,-,-,-,4706.8000,4706.6000,4706.0000,4701.8000,4701.0000,4708.4000,4710.0000,4711.0000,4711.2000,4712.0000,1,1,1,1,5,1,2,2,1,1
SF,IC2006,2019-11-22 09:31:59.400,4706.6000,15776,0,95045520.000,0,-,-,-,-,4706.6000,4706.0000,4701.8000,4701.0000,4700.0000,4708.4000,4710.0000,4711.0000,4711.2000,4712.0000,1,1,1,5,1,1,2,2,1,1
SF,IC2006,2019-11-22 09:32:00.400,4706.6000,15776,0,95045520.000,0,-,-,-,-,4706.6000,4706.0000,4701.8000,4701.0000,4700.0000,4708.2000,4708.4000,4710.0000,4711.0000,4711.2000,1,1,1,5,1,1,1,2,2,1
SF,IC2006,2019-11-22 09:32:00.900,4706.6000,15776,0,95045520.000,0,-,-,-,-,4706.0000,4701.8000,4701.0000,4700.0000,4696.0000,4708.4000,4710.0000,4711.0000,4711.2000,4712.0000,1,1,5,1,2,1,2,2,1,1
SF,IC2006,2019-11-22 09:32:01.400,4706.6000,15776,0,95045520.000,0,-,-,-,-,4706.0000,4701.8000,4701.0000,4700.0000,4696.0000,4708.4000,4710.0000,4711.0000,4711.2000,4712.0000,1,1,5,1,2,1,2,2,1,1
SF,IC2006,2019-11-22 09:32:01.900,4706.6000,15776,0,95045520.000,0,-,-,-,-,4706.2000,4706.0000,4701.8000,4701.0000,4700.0000,4708.4000,4710.0000,4711.0000,4711.2000,4712.0000,1,1,1,5,1,1,2,2,1,1
SF,IC2006,2019-11-22 09:32:02.400,4706.6000,15776,0,95045520.000,0,-,-,-,-,4706.2000,4706.0000,4701.8000,4701.0000,4700.0000,4708.2000,4708.4000,4710.0000,4711.0000,4711.2000,1,1,1,5,1,1,1,2,2,1
SF,IC2006,2019-11-22 09:32:02.900,4706.6000,15776,0,95045520.000,0,-,-,-,-,4706.0000,4701.8000,4701.0000,4700.0000,4696.0000,4708.2000,4708.4000,4710.0000,4711.0000,4711.2000,1,1,5,1,2,1,1,2,2,1
SF,IC2006,2019-11-22 09:32:03.400,4706.6000,15776,0,95045520.000,0,-,-,-,-,4706.0000,4701.8000,4701.0000,4700.0000,4696.0000,4708.2000,4708.4000,4709.4000,4710.0000,4711.0000,1,1,5,1,2,1,1,5,2,2
SF,IC2006,2019-11-22 09:32:03.900,4706.6000,15776,0,95045520.000,0,-,-,-,-,4706.0000,4701.0000,4700.0000,4696.0000,4693.0000,4708.0000,4708.2000,4708.4000,4709.4000,4710.0000,1,5,1,2,2,1,1,1,5,2
SF,IC2006,2019-11-22 09:32:04.400,4706.2000,15776,0,95986760.000,1,0,1,多换,S,4706.0000,4701.0000,4700.0000,4696.0000,4693.0000,4708.0000,4708.2000,4708.4000,4709.4000,4710.0000,1,5,1,2,2,1,1,1,5,2
SF,IC2006,2019-11-22 09:32:04.900,4706.2000,15776,0,95986760.000,0,-,-,-,-,4706.2000,4706.0000,4701.0000,4700.0000,4696.0000,4708.0000,4708.4000,4709.4000,4710.0000,4711.0000,1,1,5,1,2,1,1,5,2,2
SF,IC2006,2019-11-22 09:32:05.400,4706.2000,15776,0,95986760.000,0,-,-,-,-,4706.2000,4701.0000,4700.0000,4696.0000,4693.0000,4708.0000,4708.4000,4709.4000,4710.0000,4711.0000,2,5,1,2,2,1,1,5,2,2
SF,IC2006,2019-11-22 09:32:05.900,4706.2000,15776,0,95986760.000,0,-,-,-,-,4706.2000,4701.0000,4700.0000,4696.0000,4693.0000,4708.0000,4708.4000,4709.4000,4710.0000,4711.0000,3,5,1,2,2,1,1,5,2,2
SF,IC2006,2019-11-22 09:32:06.400,4706.2000,15776,0,95986760.000,0,-,-,-,-,4706.4000,4706.2000,4701.0000,4700.0000,4696.0000,4708.0000,4708.4000,4709.4000,4710.0000,4711.0000,1,3,5,1,2,1,1,5,2,2
SF,IC2006,2019-11-22 09:32:06.900,4708.0000,15775,-1,96928360.000,1,0,1,双平,S,4706.6000,4706.4000,4706.2000,4701.0000,4700.0000,4708.4000,4709.4000,4710.0000,4711.0000,4711.2000,1,1,2,5,1,1,5,2,2,1
SF,IC2006,2019-11-22 09:32:07.400,4708.4000,15776,1,97870040.000,1,1,0,双开,S,4708.0000,4706.6000,4706.4000,4706.2000,4701.0000,4709.4000,4710.0000,4711.0000,4711.2000,4712.0000,2,1,1,2,5,5,2,2,1,1
SF,IC2006,2019-11-22 09:32:07.900,4708.4000,15776,0,97870040.000,0,-,-,-,-,4708.8000,4708.2000,4708.0000,4706.4000,4706.2000,4709.4000,4711.0000,4711.2000,4712.0000,4712.8000,1,1,2,1,2,5,2,1,1,1
SF,IC2006,2019-11-22 09:32:08.400,4709.4000,15772,-4,101637560.000,4,0,4,双平,S,4708.8000,4708.0000,4706.4000,4706.2000,4701.0000,4709.4000,4711.0000,4711.2000,4712.0000,4712.8000,1,2,1,2,5,1,2,1,1,1
SF,IC2006,2019-11-22 09:32:08.900,4709.4000,15771,-1,102579440.000,1,0,1,双平,S,4709.4000,4708.8000,4708.0000,4706.4000,4706.2000,4711.0000,4711.2000,4712.0000,4712.8000,4713.0000,1,1,2,1,2,2,1,1,1,1
SF,IC2006,2019-11-22 09:32:09.400,4709.4000,15771,0,102579440.000,0,-,-,-,-,4708.8000,4708.0000,4706.4000,4706.2000,4701.0000,4710.8000,4711.0000,4711.2000,4712.0000,4712.8000,1,2,1,2,5,1,2,1,1,1
SF,IC2006,2019-11-22 09:32:09.900,4709.4000,15771,0,102579440.000,0,-,-,-,-,4708.8000,4708.0000,4706.2000,4701.0000,4700.0000,4710.8000,4711.0000,4711.2000,4712.0000,4712.8000,1,2,2,6,1,1,2,1,1,1
SF,IC2006,2019-11-22 09:32:10.400,4709.4000,15771,0,102579440.000,0,-,-,-,-,4709.0000,4708.8000,4708.0000,4706.2000,4701.0000,4710.8000,4711.0000,4711.2000,4712.0000,4712.8000,1,1,2,2,6,1,2,1,1,1
SF,IC2006,2019-11-22 09:32:10.900,4709.0000,15770,-1,103521240.000,1,0,1,双平,S,4708.0000,4706.2000,4701.0000,4700.0000,4696.0000,4710.8000,4711.0000,4711.2000,4712.0000,4712.8000,2,2,6,1,2,1,2,1,1,1
SF,IC2006,2019-11-22 09:32:11.400,4709.0000,15770,0,103521240.000,0,-,-,-,-,4708.2000,4708.0000,4706.2000,4701.0000,4700.0000,4710.8000,4711.0000,4711.2000,4712.0000,4712.8000,1,2,2,6,1,1,2,1,1,1
SF,IC2006,2019-11-22 09:32:12.900,4708.2000,15769,-1,104462880.000,1,0,1,双平,S,4708.0000,4706.8000,4706.2000,4701.0000,4700.0000,4710.8000,4711.0000,4711.2000,4712.0000,4712.8000,2,1,2,6,1,1,2,1,1,1
SF,IC2006,2019-11-22 09:32:13.400,4708.2000,15769,0,104462880.000,0,-,-,-,-,4708.0000,4706.2000,4701.0000,4700.0000,4696.0000,4710.8000,4711.0000,4711.2000,4712.0000,4712.8000,2,2,6,1,2,1,2,1,1,1
SF,IC2006,2019-11-22 09:32:14.900,4708.2000,15769,0,104462880.000,0,-,-,-,-,4708.0000,4706.2000,4701.0000,4700.0000,4696.0000,4710.8000,4711.0000,4712.0000,4712.8000,4713.0000,2,2,6,1,2,1,2,1,1,1
SF,IC2006,2019-11-22 09:32:15.900,4708.0000,15768,-1,105404480.000,1,0,1,双平,S,4708.0000,4706.2000,4701.0000,4700.0000,4696.0000,4710.8000,4711.0000,4712.0000,4712.8000,4713.0000,1,2,6,1,2,1,2,1,1,1
SF,IC2006,2019-11-22 09:32:16.400,4708.0000,15768,0,106346080.000,1,0,1,多换,S,4706.2000,4701.0000,4700.0000,4696.0000,4693.0000,4710.8000,4711.0000,4712.0000,4712.8000,4713.0000,2,6,1,2,2,1,2,1,1,1
SF,IC2006,2019-11-22 09:32:16.900,4708.0000,15768,0,106346080.000,0,-,-,-,-,4707.0000,4706.4000,4706.2000,4701.0000,4700.0000,4710.8000,4711.0000,4712.0000,4712.8000,4713.0000,1,2,2,6,1,1,2,1,1,1
SF,IC2006,2019-11-22 09:32:17.400,4708.0000,15768,0,106346080.000,0,-,-,-,-,4707.2000,4707.0000,4706.2000,4701.0000,4700.0000,4708.0000,4710.8000,4711.0000,4712.0000,4712.8000,1,1,2,6,1,1,1,2,1,1
SF,IC2006,2019-11-22 09:32:17.900,4708.0000,15767,-1,107287680.000,1,0,1,双平,S,4707.8000,4707.2000,4707.0000,4706.2000,4701.0000,4711.0000,4712.0000,4712.8000,4713.0000,4713.8000,1,2,1,2,6,2,1,1,1,1
SF,IC2006,2019-11-22 09:32:18.400,4708.0000,15767,0,107287680.000,0,-,-,-,-,4708.0000,4707.8000,4707.2000,4707.0000,4706.2000,4710.8000,4711.0000,4711.2000,4712.0000,4712.8000,1,1,1,1,2,2,2,1,1,1
SF,IC2006,2019-11-22 09:32:18.900,4708.0000,15767,0,107287680.000,0,-,-,-,-,4708.0000,4707.8000,4707.2000,4707.0000,4706.2000,4710.8000,4711.0000,4711.2000,4712.0000,4712.8000,1,1,1,1,2,2,2,1,1,1
SF,IC2006,2019-11-22 09:32:19.400,4708.0000,15767,0,107287680.000,0,-,-,-,-,4708.6000,4708.0000,4707.0000,4706.8000,4706.2000,4710.8000,4711.0000,4711.2000,4712.0000,4712.8000,1,1,1,1,2,2,2,1,1,1
SF,IC2006,2019-11-22 09:32:19.900,4708.0000,15767,0,107287680.000,0,-,-,-,-,4708.0000,4707.0000,4706.2000,4701.0000,4700.0000,4709.6000,4710.6000,4710.8000,4711.0000,4711.2000,1,1,2,6,1,1,1,2,2,1
SF,IC2006,2019-11-22 09:32:20.400,4708.0000,15767,0,107287680.000,0,-,-,-,-,4708.0000,4706.2000,4701.0000,4700.0000,4699.2000,4709.6000,4710.6000,4711.0000,4711.2000,4712.0000,1,2,6,1,5,1,1,2,1,1
SF,IC2006,2019-11-22 09:32:21.400,4708.0000,15767,0,107287680.000,0,-,-,-,-,4706.2000,4701.0000,4700.0000,4699.2000,4696.0000,4709.6000,4710.6000,4711.0000,4711.2000,4712.0000,2,6,1,5,2,1,1,2,1,1
SF,IC2006,2019-11-22 09:32:21.900,4708.0000,15767,0,107287680.000,0,-,-,-,-,4706.4000,4706.2000,4701.0000,4700.0000,4699.2000,4709.6000,4710.6000,4711.0000,4711.2000,4712.0000,2,2,6,1,5,1,1,2,1,1
SF,IC2006,2019-11-22 09:32:22.400,4708.0000,15767,0,107287680.000,0,-,-,-,-,4706.4000,4706.2000,4701.0000,4700.0000,4699.2000,4709.4000,4709.6000,4710.2000,4710.6000,4711.0000,2,2,6,1,5,1,1,1,1,2
SF,IC2006,2019-11-22 09:32:22.900,4708.0000,15767,0,107287680.000,0,-,-,-,-,4706.6000,4706.4000,4706.2000,4701.0000,4700.0000,4709.4000,4709.6000,4710.2000,4710.6000,4711.0000,1,2,2,6,1,1,1,1,1,2
SF,IC2006,2019-11-22 09:32:23.400,4708.0000,15767,0,107287680.000,0,-,-,-,-,4706.8000,4706.4000,4706.2000,4701.0000,4700.0000,4709.4000,4709.6000,4710.2000,4711.0000,4711.2000,1,1,2,6,1,1,1,1,2,1
SF,IC2006,2019-11-22 09:32:23.900,4708.0000,15767,0,107287680.000,0,-,-,-,-,4706.8000,4706.4000,4706.2000,4701.0000,4700.0000,4709.6000,4710.2000,4711.0000,4711.2000,4712.0000,1,1,2,6,1,1,1,2,1,1
SF,IC2006,2019-11-22 09:32:24.400,4708.0000,15767,0,107287680.000,0,-,-,-,-,4707.2000,4707.0000,4706.8000,4706.4000,4706.2000,4709.6000,4710.2000,4711.0000,4711.2000,4712.0000,1,1,1,1,2,1,1,2,1,1
SF,IC2006,2019-11-22 09:32:24.900,4709.6000,15767,0,108229600.000,1,0,1,多换,S,4708.0000,4707.4000,4707.2000,4707.0000,4706.2000,4710.2000,4711.0000,4711.2000,4712.0000,4712.8000,1,1,1,2,2,1,2,1,1,1
SF,IC2006,2019-11-22 09:32:25.400,4709.6000,15767,0,108229600.000,0,-,-,-,-,4708.0000,4707.2000,4707.0000,4706.2000,4701.0000,4710.2000,4711.0000,4711.2000,4712.0000,4712.8000,2,1,2,2,6,1,2,1,1,1
SF,IC2006,2019-11-22 09:32:26.400,4708.0000,15768,1,109171200.000,1,1,0,双开,S,4708.0000,4707.2000,4707.0000,4706.2000,4701.0000,4710.2000,4711.0000,4711.2000,4712.0000,4712.8000,1,1,2,2,6,1,2,1,1,1
SF,IC2006,2019-11-22 09:32:26.900,4708.0000,15768,0,109171200.000,0,-,-,-,-,4707.2000,4707.0000,4706.2000,4701.0000,4700.0000,4710.0000,4710.2000,4711.0000,4711.2000,4712.0000,1,2,2,6,1,1,1,2,1,1
SF,IC2006,2019-11-22 09:32:27.400,4708.0000,15768,0,109171200.000,0,-,-,-,-,4707.4000,4707.2000,4707.0000,4706.2000,4701.0000,4710.0000,4710.2000,4711.0000,4711.2000,4712.0000,1,1,2,2,6,1,1,2,1,1
SF,IC2006,2019-11-22 09:32:28.400,4708.0000,15768,0,109171200.000,0,-,-,-,-,4707.4000,4707.2000,4707.0000,4706.2000,4701.0000,4709.4000,4710.0000,4710.2000,4711.0000,4711.2000,1,1,2,2,6,1,1,1,2,1
SF,IC2006,2019-11-22 09:32:28.900,4708.0000,15768,0,109171200.000,0,-,-,-,-,4707.4000,4707.2000,4707.0000,4706.2000,4701.0000,4709.4000,4710.2000,4711.0000,4711.2000,4712.0000,1,1,1,2,6,1,1,2,1,1
SF,IC2006,2019-11-22 09:32:29.400,4708.0000,15768,0,109171200.000,0,-,-,-,-,4707.4000,4707.0000,4706.2000,4701.0000,4700.0000,4709.4000,4710.2000,4711.0000,4711.2000,4712.0000,1,1,2,6,1,1,1,2,1,1
SF,IC2006,2019-11-22 09:32:29.900,4708.0000,15768,0,109171200.000,0,-,-,-,-,4707.4000,4706.2000,4701.0000,4700.0000,4699.2000,4709.4000,4710.2000,4711.0000,4711.2000,4712.0000,1,2,6,1,5,1,1,2,1,1
SF,IC2006,2019-11-22 09:32:30.400,4708.0000,15768,0,109171200.000,0,-,-,-,-,4707.4000,4706.2000,4701.0000,4700.0000,4699.2000,4709.4000,4710.2000,4711.0000,4711.2000,4712.0000,1,2,6,1,5,1,1,2,1,1
SF,IC2006,2019-11-22 09:32:30.900,4708.0000,15768,0,109171200.000,0,-,-,-,-,4707.4000,4706.2000,4701.0000,4700.0000,4699.2000,4709.4000,4710.2000,4711.0000,4711.2000,4712.0000,1,2,6,1,5,1,1,2,1,1
SF,IC2006,2019-11-22 09:32:31.400,4708.0000,15768,0,109171200.000,0,-,-,-,-,4706.2000,4701.0000,4700.0000,4699.2000,4696.0000,4709.2000,4709.4000,4710.2000,4711.0000,4711.2000,2,6,1,5,2,1,1,1,2,1
SF,IC2006,2019-11-22 09:32:31.900,4708.0000,15768,0,109171200.000,0,-,-,-,-,4706.6000,4706.2000,4701.0000,4700.0000,4699.2000,4709.2000,4709.4000,4710.2000,4711.0000,4711.2000,1,2,6,1,5,1,1,1,2,1
SF,IC2006,2019-11-22 09:32:35.900,4708.0000,15768,0,109171200.000,0,-,-,-,-,4706.6000,4706.2000,4701.0000,4700.0000,4699.2000,4709.2000,4709.4000,4710.2000,4711.0000,4711.2000,1,1,6,1,5,1,1,1,2,1
SF,IC2006,2019-11-22 09:32:36.400,4708.0000,15768,0,109171200.000,0,-,-,-,-,4706.6000,4706.2000,4701.0000,4700.0000,4699.2000,4709.2000,4709.4000,4710.2000,4711.0000,4711.2000,1,1,6,1,5,1,1,1,2,1
SF,IC2006,2019-11-22 09:32:41.900,4706.6000,15768,0,110112520.000,1,0,1,多换,S,4708.0000,4706.2000,4701.0000,4700.0000,4699.2000,4709.2000,4709.4000,4710.2000,4711.0000,4711.2000,1,1,6,1,5,1,1,1,2,1
SF,IC2006,2019-11-22 09:32:42.400,4707.8000,15767,-1,111054080.000,1,0,1,双平,S,4706.2000,4701.0000,4700.0000,4699.2000,4696.0000,4709.2000,4709.4000,4710.2000,4711.0000,4711.2000,1,6,1,5,2,1,1,1,2,1
SF,IC2006,2019-11-22 09:32:42.900,4707.8000,15767,0,111054080.000,0,-,-,-,-,4706.4000,4706.2000,4701.0000,4700.0000,4699.2000,4708.0000,4709.2000,4709.4000,4710.2000,4711.0000,1,1,6,1,5,1,1,1,1,2
SF,IC2006,2019-11-22 09:32:43.400,4708.0000,15767,0,111995680.000,1,0,1,多换,S,4706.4000,4706.2000,4701.0000,4700.0000,4699.2000,4709.4000,4710.2000,4711.0000,4711.2000,4712.0000,1,1,6,1,5,1,1,2,1,1
SF,IC2006,2019-11-22 09:32:43.900,4708.0000,15767,0,111995680.000,0,-,-,-,-,4706.4000,4706.2000,4701.0000,4700.0000,4699.2000,4709.2000,4709.4000,4710.2000,4711.0000,4711.2000,1,1,6,1,5,1,1,1,2,1
SF,IC2006,2019-11-22 09:32:44.400,4708.0000,15767,0,111995680.000,0,-,-,-,-,4706.4000,4706.2000,4701.0000,4700.0000,4699.2000,4709.2000,4709.4000,4710.2000,4711.0000,4711.2000,1,1,6,1,5,1,1,1,2,1
SF,IC2006,2019-11-22 09:32:44.900,4708.0000,15767,0,111995680.000,0,-,-,-,-,4706.6000,4706.2000,4701.0000,4700.0000,4699.2000,4709.2000,4709.4000,4710.2000,4711.0000,4711.2000,1,1,6,1,5,1,1,1,2,1
SF,IC2006,2019-11-22 09:32:45.400,4708.0000,15767,0,111995680.000,0,-,-,-,-,4706.6000,4706.2000,4701.0000,4700.0000,4699.2000,4709.2000,4709.4000,4710.2000,4711.0000,4711.2000,1,1,6,1,5,1,1,1,2,1
SF,IC2006,2019-11-22 09:32:48.400,4708.0000,15767,0,111995680.000,0,-,-,-,-,4706.6000,4706.2000,4701.0000,4700.0000,4699.2000,4709.2000,4709.4000,4709.8000,4710.2000,4711.0000,1,1,6,2,5,1,1,1,1,2
SF,IC2006,2019-11-22 09:32:48.900,4708.0000,15767,0,111995680.000,0,-,-,-,-,4707.0000,4706.8000,4706.6000,4706.2000,4701.0000,4709.2000,4709.4000,4709.8000,4710.2000,4711.0000,1,1,1,1,6,1,1,1,1,2
SF,IC2006,2019-11-22 09:32:49.400,4708.0000,15767,0,111995680.000,0,-,-,-,-,4707.0000,4706.6000,4706.2000,4701.0000,4700.0000,4709.2000,4709.4000,4709.8000,4710.2000,4711.0000,2,1,1,6,2,1,1,1,1,2
SF,IC2006,2019-11-22 09:32:49.900,4707.0000,15767,0,112937080.000,1,0,1,多换,S,4707.0000,4706.6000,4706.2000,4701.0000,4700.0000,4709.2000,4709.4000,4709.8000,4710.2000,4711.0000,1,1,1,6,2,1,1,1,1,2
SF,IC2006,2019-11-22 09:32:50.400,4707.0000,15767,0,112937080.000,0,-,-,-,-,4707.4000,4707.0000,4706.6000,4706.2000,4701.0000,4709.2000,4709.4000,4709.8000,4710.2000,4711.0000,1,1,1,1,6,1,1,1,1,2
SF,IC2006,2019-11-22 09:32:50.900,4707.0000,15767,0,112937080.000,0,-,-,-,-,4707.4000,4707.0000,4706.2000,4701.0000,4700.0000,4709.2000,4709.4000,4709.8000,4710.2000,4711.0000,1,1,1,6,2,1,1,1,1,2
SF,IC2006,2019-11-22 09:32:51.400,4707.0000,15767,0,112937080.000,0,-,-,-,-,4707.4000,4707.0000,4706.2000,4701.0000,4700.0000,4709.2000,4709.4000,4709.8000,4710.2000,4711.0000,1,1,1,6,2,1,1,1,1,2
SF,IC2006,2019-11-22 09:32:52.900,4707.0000,15767,0,112937080.000,0,-,-,-,-,4707.4000,4706.2000,4701.0000,4700.0000,4699.2000,4709.2000,4709.4000,4709.8000,4710.2000,4711.0000,1,1,6,2,5,1,1,1,1,2
SF,IC2006,2019-11-22 09:32:53.400,4709.4000,15765,-2,114820800.000,2,0,2,双平,S,4707.8000,4707.6000,4707.4000,4706.2000,4701.0000,4709.8000,4710.2000,4711.0000,4711.8000,4712.0000,1,2,1,1,6,1,1,2,1,1
SF,IC2006,2019-11-22 09:32:53.900,4709.4000,15765,0,114820800.000,0,-,-,-,-,4708.0000,4707.8000,4707.6000,4706.2000,4701.0000,4709.8000,4710.2000,4711.0000,4712.0000,4712.8000,1,1,1,1,6,1,1,2,1,1
SF,IC2006,2019-11-22 09:32:54.400,4709.4000,15765,0,114820800.000,0,-,-,-,-,4708.0000,4707.8000,4706.2000,4701.0000,4700.0000,4709.8000,4710.2000,4711.0000,4712.0000,4712.8000,1,1,1,6,2,1,1,2,1,1
SF,IC2006,2019-11-22 09:32:54.900,4709.4000,15765,0,114820800.000,0,-,-,-,-,4708.0000,4707.8000,4706.2000,4701.0000,4700.0000,4709.8000,4710.0000,4710.2000,4711.0000,4712.0000,1,1,1,6,2,1,1,1,2,1
SF,IC2006,2019-11-22 09:32:55.400,4709.4000,15765,0,114820800.000,0,-,-,-,-,4708.6000,4708.0000,4706.2000,4701.0000,4700.0000,4709.8000,4710.0000,4710.2000,4711.0000,4712.0000,1,1,1,6,2,1,1,1,2,1
SF,IC2006,2019-11-22 09:32:55.900,4710.0000,15763,-2,116704760.000,2,0,2,双平,S,4709.8000,4708.8000,4708.6000,4706.2000,4701.0000,4710.2000,4711.0000,4712.0000,4712.8000,4713.0000,1,2,1,1,6,1,2,1,1,1
SF,IC2006,2019-11-22 09:32:56.400,4711.0000,15762,-1,118589000.000,2,0,2,多平,S,4710.2000,4710.0000,4709.8000,4708.8000,4708.6000,4711.0000,4712.0000,4712.8000,4713.0000,4713.8000,3,3,1,1,1,1,1,1,1,1
SF,IC2006,2019-11-22 09:32:56.900,4711.0000,15762,0,118589000.000,0,-,-,-,-,4710.4000,4710.2000,4710.0000,4709.8000,4706.2000,4711.0000,4712.0000,4713.0000,4713.8000,4715.0000,1,2,2,1,1,1,1,1,1,1
SF,IC2006,2019-11-22 09:32:57.400,4711.0000,15761,-1,119531200.000,1,0,1,双平,S,4710.4000,4710.2000,4710.0000,4709.8000,4706.2000,4712.0000,4713.0000,4713.8000,4715.0000,4717.0000,1,2,2,1,1,1,1,1,1,1
SF,IC2006,2019-11-22 09:32:57.900,4711.0000,15761,0,119531200.000,0,-,-,-,-,4711.0000,4710.4000,4710.2000,4710.0000,4709.8000,4712.0000,4713.0000,4713.8000,4715.0000,4717.0000,1,1,2,2,1,1,1,1,1,1
SF,IC2006,2019-11-22 09:32:58.400,4711.0000,15761,0,119531200.000,0,-,-,-,-,4711.0000,4710.2000,4710.0000,4709.8000,4706.2000,4712.0000,4713.0000,4713.8000,4715.0000,4717.0000,1,2,2,1,1,1,1,1,1,1
SF,IC2006,2019-11-22 09:32:58.900,4711.0000,15761,0,119531200.000,0,-,-,-,-,4711.0000,4710.2000,4710.0000,4709.8000,4706.2000,4712.0000,4713.0000,4713.8000,4715.0000,4717.0000,1,2,2,1,1,1,1,1,1,1
SF,IC2006,2019-11-22 09:32:59.400,4711.0000,15761,0,119531200.000,0,-,-,-,-,4711.2000,4711.0000,4710.2000,4710.0000,4709.8000,4712.0000,4713.0000,4713.8000,4715.0000,4717.0000,1,1,1,2,1,1,1,1,1,1
SF,IC2006,2019-11-22 09:32:59.900,4712.0000,15761,0,120473600.000,1,0,1,多换,S,4711.2000,4710.2000,4710.0000,4709.8000,4706.2000,4713.0000,4713.8000,4715.0000,4717.0000,4718.0000,1,1,2,1,1,1,1,1,1,3
SF,IC2006,2019-11-22 09:33:00.900,4712.0000,15761,0,120473600.000,0,-,-,-,-,4712.2000,4711.2000,4710.2000,4710.0000,4709.8000,4713.0000,4713.8000,4715.0000,4717.0000,4718.0000,1,1,1,2,1,1,1,1,1,3
SF,IC2006,2019-11-22 09:33:01.400,4712.4000,15759,-2,122358680.000,2,0,2,双平,S,4712.4000,4712.2000,4711.2000,4710.2000,4710.0000,4713.8000,4715.0000,4717.0000,4718.0000,4718.4000,1,1,1,1,2,1,1,1,3,5
SF,IC2006,2019-11-22 09:33:01.900,4712.4000,15759,0,122358680.000,0,-,-,-,-,4712.4000,4711.2000,4710.2000,4709.8000,4706.2000,4713.8000,4715.0000,4717.0000,4718.0000,4718.4000,1,1,1,1,1,1,1,1,3,5
SF,IC2006,2019-11-22 09:33:02.900,4712.8000,15758,-1,124244000.000,2,0,2,多平,S,4712.4000,4710.2000,4709.8000,4706.2000,4701.0000,4715.0000,4717.0000,4718.0000,4721.0000,4723.2000,1,1,1,1,6,1,1,3,1,5
SF,IC2006,2019-11-22 09:33:03.400,4712.8000,15758,0,124244000.000,0,-,-,-,-,4712.4000,4710.2000,4709.8000,4706.2000,4701.0000,4715.0000,4717.0000,4718.0000,4721.0000,4723.2000,1,1,1,1,6,1,1,3,1,5
SF,IC2006,2019-11-22 09:33:06.400,4712.8000,15758,0,124244000.000,0,-,-,-,-,4712.6000,4712.4000,4710.2000,4709.8000,4701.0000,4715.0000,4717.0000,4718.0000,4721.0000,4723.2000,1,1,1,1,6,1,1,3,1,5
SF,IC2006,2019-11-22 09:33:06.900,4712.8000,15758,0,124244000.000,0,-,-,-,-,4712.6000,4710.2000,4709.8000,4701.0000,4700.0000,4715.0000,4717.0000,4718.0000,4721.0000,4723.2000,1,1,1,6,2,1,1,3,1,5
SF,IC2006,2019-11-22 09:33:13.400,4712.6000,15757,-1,125186520.000,1,0,1,双平,S,4710.2000,4709.8000,4701.0000,4700.0000,4699.2000,4715.0000,4717.0000,4718.0000,4721.0000,4723.2000,1,1,6,2,5,1,1,3,1,5
SF,IC2006,2019-11-22 09:33:13.900,4712.6000,15757,0,125186520.000,0,-,-,-,-,4712.8000,4710.4000,4701.0000,4700.0000,4699.2000,4714.8000,4715.0000,4717.0000,4718.0000,4718.8000,1,3,6,2,5,2,1,1,3,1
SF,IC2006,2019-11-22 09:33:14.400,4712.8000,15756,-1,126129080.000,1,0,1,双平,S,4701.0000,4700.0000,4699.2000,4696.0000,4693.0000,4712.8000,4714.8000,4715.0000,4717.0000,4718.0000,6,2,5,2,2,1,2,1,1,3
SF,IC2006,2019-11-22 09:33:14.900,4712.8000,15756,0,126129080.000,0,-,-,-,-,4709.8000,4708.2000,4707.6000,4706.0000,4705.0000,4714.8000,4715.0000,4717.0000,4718.0000,4718.8000,3,1,1,1,2,1,1,1,3,1
SF,IC2006,2019-11-22 09:33:15.400,4712.8000,15756,0,126129080.000,0,-,-,-,-,4709.8000,4708.2000,4706.0000,4705.0000,4701.0000,4714.6000,4714.8000,4715.0000,4717.0000,4718.0000,3,1,1,2,6,3,1,1,1,3
SF,IC2006,2019-11-22 09:33:15.900,4712.8000,15756,0,126129080.000,0,-,-,-,-,4710.2000,4710.0000,4709.8000,4706.0000,4705.0000,4714.6000,4715.0000,4717.0000,4718.0000,4718.8000,1,1,3,1,2,3,1,1,3,1
SF,IC2006,2019-11-22 09:33:16.400,4712.8000,15756,0,126129080.000,0,-,-,-,-,4710.4000,4710.2000,4710.0000,4706.0000,4705.0000,4713.6000,4714.6000,4715.0000,4717.0000,4718.0000,2,1,1,1,2,1,3,1,1,3
SF,IC2006,2019-11-22 09:33:16.900,4712.8000,15756,0,126129080.000,0,-,-,-,-,4710.4000,4710.2000,4710.0000,4706.0000,4705.0000,4713.6000,4714.6000,4715.0000,4717.0000,4718.0000,2,1,1,1,2,1,1,1,1,3
SF,IC2006,2019-11-22 09:33:17.900,4712.8000,15756,0,126129080.000,0,-,-,-,-,4710.4000,4710.0000,4706.0000,4705.0000,4701.0000,4713.6000,4714.6000,4715.0000,4717.0000,4718.0000,2,1,1,2,6,1,1,1,1,3
SF,IC2006,2019-11-22 09:33:18.400,4712.8000,15756,0,126129080.000,0,-,-,-,-,4710.4000,4710.0000,4706.0000,4705.0000,4701.0000,4713.4000,4713.6000,4714.6000,4715.0000,4717.0000,2,1,1,2,6,1,1,1,1,1
SF,IC2006,2019-11-22 09:33:19.400,4712.8000,15756,0,126129080.000,0,-,-,-,-,4710.6000,4710.4000,4706.0000,4705.0000,4701.0000,4713.4000,4713.6000,4714.6000,4715.0000,4715.6000,1,2,1,2,6,1,1,1,1,1
SF,IC2006,2019-11-22 09:33:19.900,4712.8000,15756,0,126129080.000,0,-,-,-,-,4710.8000,4710.6000,4706.0000,4705.0000,4701.0000,4713.6000,4714.6000,4715.0000,4715.6000,4717.0000,2,1,1,2,6,1,1,1,1,1
SF,IC2006,2019-11-22 09:33:20.900,4710.8000,15755,-1,127071240.000,1,0,1,双平,S,4710.8000,4710.6000,4706.0000,4705.0000,4701.0000,4713.6000,4714.6000,4715.0000,4715.6000,4717.0000,1,1,1,2,6,1,1,1,1,1
SF,IC2006,2019-11-22 09:33:21.400,4710.8000,15755,0,127071240.000,0,-,-,-,-,4710.6000,4706.0000,4705.0000,4701.0000,4700.0000,4713.4000,4714.6000,4715.0000,4715.6000,4717.0000,1,1,2,1,2,2,1,1,1,1
SF,IC2006,2019-11-22 09:33:21.900,4710.8000,15755,0,127071240.000,0,-,-,-,-,4710.6000,4706.0000,4705.0000,4701.0000,4700.0000,4713.2000,4714.6000,4715.0000,4715.6000,4717.0000,1,1,2,1,2,1,1,1,1,1
SF,IC2006,2019-11-22 09:33:22.400,4710.8000,15755,0,127071240.000,0,-,-,-,-,4711.0000,4710.6000,4706.0000,4705.0000,4701.0000,4713.2000,4714.6000,4715.0000,4715.6000,4717.0000,1,1,1,2,1,1,1,1,1,1
SF,IC2006,2019-11-22 09:33:23.400,4710.8000,15755,0,127071240.000,0,-,-,-,-,4711.2000,4711.0000,4710.6000,4706.0000,4705.0000,4713.2000,4714.6000,4715.0000,4715.6000,4717.0000,1,1,1,1,2,1,1,1,1,1
SF,IC2006,2019-11-22 09:33:23.900,4710.8000,15755,0,127071240.000,0,-,-,-,-,4711.6000,4711.4000,4711.2000,4710.6000,4706.0000,4714.6000,4715.0000,4715.6000,4717.0000,4718.0000,1,1,1,1,1,1,1,1,1,3
SF,IC2006,2019-11-22 09:33:24.400,4711.0000,15754,-1,128013440.000,1,0,1,双平,S,4711.8000,4711.6000,4710.6000,4706.0000,4705.0000,4714.4000,4714.6000,4715.0000,4715.6000,4717.0000,1,1,1,1,2,1,1,1,1,1
SF,IC2006,2019-11-22 09:33:25.400,4711.0000,15754,0,128013440.000,0,-,-,-,-,4712.4000,4711.8000,4710.6000,4706.0000,4705.0000,4714.4000,4714.6000,4715.0000,4715.6000,4717.0000,1,1,1,1,2,1,1,1,1,1
SF,IC2006,2019-11-22 09:33:25.900,4711.0000,15754,0,128013440.000,0,-,-,-,-,4712.4000,4711.8000,4710.6000,4706.0000,4705.0000,4714.4000,4714.6000,4715.0000,4715.6000,4717.0000,1,1,1,1,2,1,1,1,1,1
SF,IC2006,2019-11-22 09:33:26.400,4711.0000,15754,0,128013440.000,0,-,-,-,-,4712.8000,4712.4000,4710.6000,4706.0000,4705.0000,4714.4000,4714.6000,4715.0000,4715.6000,4717.0000,1,1,1,1,2,1,1,1,1,1
SF,IC2006,2019-11-22 09:33:26.900,4712.8000,15754,0,128956000.000,1,0,1,多换,S,4710.6000,4709.2000,4706.0000,4705.0000,4701.0000,4714.4000,4714.6000,4715.0000,4715.6000,4717.0000,1,1,1,2,1,1,1,1,1,1
SF,IC2006,2019-11-22 09:33:27.400,4712.8000,15754,0,128956000.000,0,-,-,-,-,4710.8000,4710.6000,4709.2000,4706.0000,4705.0000,4714.4000,4714.6000,4715.0000,4715.6000,4717.0000,2,1,1,1,2,1,1,1,1,1
SF,IC2006,2019-11-22 09:33:27.900,4712.8000,15754,0,128956000.000,0,-,-,-,-,4710.8000,4710.6000,4709.2000,4706.0000,4705.0000,4714.4000,4715.0000,4715.6000,4717.0000,4718.0000,2,1,1,1,2,1,1,1,1,3
SF,IC2006,2019-11-22 09:33:28.400,4712.8000,15754,0,128956000.000,0,-,-,-,-,4711.4000,4710.8000,4710.6000,4709.2000,4706.0000,4712.8000,4714.4000,4715.0000,4715.6000,4717.0000,1,2,1,1,1,1,1,1,1,1
SF,IC2006,2019-11-22 09:33:28.900,4712.8000,15754,0,129898560.000,1,0,1,多换,S,4711.6000,4711.4000,4710.6000,4709.2000,4706.0000,4715.0000,4715.6000,4717.0000,4718.0000,4718.8000,1,1,1,1,1,1,1,1,3,1
SF,IC2006,2019-11-22 09:33:29.400,4712.8000,15754,0,129898560.000,0,-,-,-,-,4711.6000,4711.4000,4710.6000,4709.2000,4706.0000,4714.8000,4715.0000,4715.6000,4717.0000,4718.0000,1,1,1,1,1,1,1,1,1,3
SF,IC2006,2019-11-22 09:33:29.900,4712.8000,15754,0,129898560.000,0,-,-,-,-,4712.4000,4711.6000,4710.6000,4709.2000,4706.0000,4714.8000,4715.0000,4715.6000,4717.0000,4718.0000,1,1,1,1,1,1,1,1,1,3
SF,IC2006,2019-11-22 09:33:30.400,4712.8000,15754,0,129898560.000,0,-,-,-,-,4710.6000,4709.2000,4706.0000,4705.0000,4701.0000,4714.8000,4715.0000,4715.6000,4717.0000,4718.0000,1,1,1,2,1,1,1,1,1,3
SF,IC2006,2019-11-22 09:33:30.900,4712.8000,15754,0,129898560.000,0,-,-,-,-,4710.8000,4710.6000,4709.2000,4706.0000,4705.0000,4714.8000,4715.0000,4715.6000,4717.0000,4718.0000,2,1,1,1,2,1,1,1,1,3
SF,IC2006,2019-11-22 09:33:31.400,4712.8000,15754,0,129898560.000,0,-,-,-,-,4711.2000,4710.8000,4710.6000,4709.2000,4706.0000,4714.8000,4715.0000,4715.6000,4717.0000,4718.0000,2,2,1,1,1,1,1,1,1,3
SF,IC2006,2019-11-22 09:33:31.900,4712.8000,15754,0,129898560.000,0,-,-,-,-,4711.4000,4711.2000,4711.0000,4710.6000,4709.2000,4714.8000,4715.0000,4715.6000,4717.0000,4718.0000,1,2,1,1,1,1,1,1,1,3
SF,IC2006,2019-11-22 09:33:32.400,4712.8000,15754,0,129898560.000,0,-,-,-,-,4712.0000,4711.4000,4711.2000,4711.0000,4710.6000,4714.8000,4715.0000,4715.6000,4717.0000,4718.0000,1,2,1,1,1,1,1,1,1,3
SF,IC2006,2019-11-22 09:33:32.900,4712.8000,15754,0,129898560.000,0,-,-,-,-,4712.0000,4711.4000,4711.2000,4711.0000,4710.6000,4714.8000,4715.0000,4715.6000,4717.0000,4718.0000,1,1,1,1,1,1,1,1,1,3
SF,IC2006,2019-11-22 09:33:33.400,4712.8000,15754,0,129898560.000,0,-,-,-,-,4712.0000,4711.4000,4711.2000,4710.6000,4709.2000,4714.8000,4715.0000,4715.6000,4717.0000,4718.0000,1,1,1,1,1,1,1,1,1,3
SF,IC2006,2019-11-22 09:33:33.900,4712.8000,15754,0,129898560.000,0,-,-,-,-,4712.0000,4711.4000,4710.8000,4710.6000,4709.2000,4714.8000,4715.0000,4715.6000,4717.0000,4718.0000,1,1,1,1,1,1,1,1,1,3
SF,IC2006,2019-11-22 09:33:34.400,4712.8000,15754,0,129898560.000,0,-,-,-,-,4711.4000,4710.8000,4710.6000,4709.2000,4706.0000,4714.8000,4715.0000,4715.6000,4717.0000,4718.0000,1,1,1,1,1,1,1,1,1,3
SF,IC2006,2019-11-22 09:33:34.900,4712.8000,15754,0,129898560.000,0,-,-,-,-,4711.6000,4711.4000,4710.8000,4710.6000,4709.2000,4714.8000,4715.0000,4715.6000,4717.0000,4718.0000,1,1,1,1,1,1,1,1,1,3
SF,IC2006,2019-11-22 09:33:35.400,4712.8000,15754,0,129898560.000,0,-,-,-,-,4711.6000,4711.4000,4710.8000,4710.6000,4709.2000,4714.8000,4715.0000,4715.6000,4717.0000,4718.0000,1,1,1,1,1,1,1,1,1,3
SF,IC2006,2019-11-22 09:33:36.900,4712.8000,15754,0,129898560.000,0,-,-,-,-,4711.6000,4711.4000,4710.8000,4710.6000,4709.2000,4714.8000,4715.0000,4715.6000,4717.0000,4718.0000,1,1,1,1,1,1,1,1,1,3
SF,IC2006,2019-11-22 09:33:37.400,4712.8000,15754,0,129898560.000,0,-,-,-,-,4711.4000,4710.8000,4710.6000,4709.2000,4706.0000,4714.8000,4715.0000,4715.6000,4717.0000,4718.0000,1,1,1,1,1,2,1,1,1,3
SF,IC2006,2019-11-22 09:33:38.400,4712.8000,15754,0,129898560.000,0,-,-,-,-,4711.4000,4710.8000,4710.6000,4709.2000,4706.0000,4714.8000,4715.0000,4715.6000,4717.0000,4718.0000,1,1,1,1,1,2,1,1,1,3
SF,IC2006,2019-11-22 09:33:38.900,4712.8000,15754,0,129898560.000,0,-,-,-,-,4711.4000,4710.8000,4710.6000,4709.2000,4706.0000,4714.8000,4715.0000,4715.6000,4717.0000,4718.0000,1,1,1,1,1,3,1,1,1,3
SF,IC2006,2019-11-22 09:33:39.400,4712.8000,15754,0,129898560.000,0,-,-,-,-,4711.6000,4711.4000,4710.8000,4710.6000,4709.2000,4714.8000,4715.0000,4715.6000,4717.0000,4718.0000,1,1,1,1,1,3,1,1,1,3
SF,IC2006,2019-11-22 09:33:39.900,4712.8000,15754,0,129898560.000,0,-,-,-,-,4711.6000,4711.4000,4710.8000,4710.6000,4709.2000,4714.2000,4714.8000,4715.0000,4715.6000,4717.0000,1,1,1,1,1,1,3,1,1,1
SF,IC2006,2019-11-22 09:33:40.400,4712.8000,15754,0,129898560.000,0,-,-,-,-,4711.6000,4711.4000,4710.8000,4710.6000,4709.2000,4714.2000,4714.8000,4715.0000,4715.6000,4717.0000,1,1,1,1,1,1,2,1,1,1
SF,IC2006,2019-11-22 09:33:41.400,4712.8000,15754,0,129898560.000,0,-,-,-,-,4712.6000,4711.6000,4711.4000,4710.8000,4710.6000,4714.2000,4714.8000,4715.0000,4715.6000,4717.0000,1,1,1,1,1,1,2,1,1,1
SF,IC2006,2019-11-22 09:33:41.900,4712.8000,15754,0,129898560.000,0,-,-,-,-,4713.0000,4712.6000,4711.4000,4710.8000,4710.6000,4714.2000,4714.8000,4715.0000,4715.6000,4717.0000,1,1,1,1,1,1,2,1,1,1
SF,IC2006,2019-11-22 09:33:42.400,4712.8000,15754,0,129898560.000,0,-,-,-,-,4713.0000,4712.6000,4711.4000,4710.8000,4710.6000,4714.2000,4714.8000,4715.0000,4715.6000,4717.0000,1,1,1,1,1,1,2,1,1,1
SF,IC2006,2019-11-22 09:33:42.900,4712.8000,15754,0,129898560.000,0,-,-,-,-,4713.0000,4711.4000,4710.8000,4710.6000,4709.2000,4714.2000,4714.8000,4715.0000,4715.6000,4717.0000,1,1,1,1,1,1,2,1,1,1
SF,IC2006,2019-11-22 09:33:43.400,4712.8000,15754,0,129898560.000,0,-,-,-,-,4713.0000,4711.4000,4710.8000,4710.6000,4709.2000,4714.2000,4714.8000,4715.0000,4715.6000,4717.0000,1,1,1,1,1,1,2,1,1,1
SF,IC2006,2019-11-22 09:33:43.900,4712.8000,15754,0,129898560.000,0,-,-,-,-,4713.4000,4713.0000,4711.4000,4710.8000,4710.6000,4714.2000,4714.8000,4715.0000,4715.6000,4717.0000,1,1,1,1,1,1,2,1,1,1
SF,IC2006,2019-11-22 09:33:44.400,4713.4000,15753,-1,130841240.000,1,0,1,双平,S,4713.0000,4711.4000,4710.8000,4710.6000,4708.8000,4714.2000,4714.8000,4715.0000,4715.6000,4717.0000,1,1,1,1,5,1,2,1,1,1
SF,IC2006,2019-11-22 09:33:44.900,4714.2000,15752,-1,131784080.000,1,0,1,双平,S,4713.0000,4711.4000,4710.8000,4710.6000,4708.8000,4714.8000,4715.0000,4715.6000,4717.0000,4718.0000,1,1,1,1,5,2,1,1,1,3
SF,IC2006,2019-11-22 09:33:45.400,4714.2000,15752,0,131784080.000,0,-,-,-,-,4713.2000,4713.0000,4711.4000,4710.8000,4710.6000,4714.8000,4715.0000,4715.6000,4717.0000,4718.0000,1,1,1,1,1,2,1,1,1,3
SF,IC2006,2019-11-22 09:33:45.900,4714.2000,15752,0,131784080.000,0,-,-,-,-,4711.4000,4710.8000,4708.8000,4701.0000,4700.0000,4714.8000,4715.0000,4715.6000,4717.0000,4718.0000,1,1,5,1,2,2,1,1,1,3
SF,IC2006,2019-11-22 09:33:46.400,4714.2000,15752,0,131784080.000,0,-,-,-,-,4712.2000,4711.6000,4711.4000,4710.8000,4708.8000,4714.8000,4715.0000,4715.6000,4717.0000,4718.0000,1,2,1,1,5,2,1,1,1,3
SF,IC2006,2019-11-22 09:33:46.900,4714.2000,15752,0,131784080.000,0,-,-,-,-,4712.6000,4712.4000,4711.4000,4710.8000,4708.8000,4714.8000,4715.0000,4715.6000,4717.0000,4718.0000,1,2,1,1,5,2,1,1,1,3
SF,IC2006,2019-11-22 09:33:47.400,4714.2000,15752,0,131784080.000,0,-,-,-,-,4712.4000,4711.4000,4710.8000,4708.8000,4701.0000,4714.6000,4714.8000,4715.0000,4715.6000,4717.0000,1,1,1,5,1,1,2,1,1,1
SF,IC2006,2019-11-22 09:33:47.900,4714.2000,15752,0,131784080.000,0,-,-,-,-,4712.6000,4712.4000,4711.4000,4710.8000,4708.8000,4714.6000,4714.8000,4715.0000,4715.6000,4717.0000,1,1,1,1,5,1,2,1,1,1
SF,IC2006,2019-11-22 09:33:51.900,4714.2000,15752,0,131784080.000,0,-,-,-,-,4712.6000,4712.4000,4711.4000,4710.8000,4708.8000,4714.6000,4714.8000,4715.0000,4715.6000,4717.0000,1,1,1,1,5,1,2,1,1,1
SF,IC2006,2019-11-22 09:33:52.400,4714.2000,15752,0,131784080.000,0,-,-,-,-,4712.6000,4712.4000,4711.4000,4710.8000,4704.0000,4714.6000,4714.8000,4715.0000,4715.6000,4717.0000,1,1,1,1,5,1,2,1,1,1
SF,IC2006,2019-11-22 09:33:52.900,4714.2000,15752,0,131784080.000,0,-,-,-,-,4712.6000,4712.4000,4711.4000,4710.8000,4704.0000,4714.6000,4714.8000,4715.0000,4715.6000,4717.0000,1,1,1,1,5,1,2,1,1,1
SF,IC2006,2019-11-22 09:33:53.400,4714.2000,15752,0,131784080.000,0,-,-,-,-,4712.4000,4711.4000,4710.8000,4704.0000,4701.0000,4714.6000,4714.8000,4715.0000,4715.6000,4717.0000,1,1,1,5,1,1,2,1,1,1
SF,IC2006,2019-11-22 09:33:53.900,4714.2000,15752,0,131784080.000,0,-,-,-,-,4712.4000,4711.4000,4710.8000,4704.0000,4701.0000,4714.6000,4714.8000,4715.0000,4715.6000,4717.0000,1,1,1,5,1,1,2,1,1,1
SF,IC2006,2019-11-22 09:33:54.400,4714.2000,15752,0,131784080.000,0,-,-,-,-,4712.4000,4711.4000,4710.8000,4704.0000,4701.0000,4714.6000,4714.8000,4715.0000,4715.6000,4717.0000,1,1,1,5,1,1,2,1,1,1
SF,IC2006,2019-11-22 09:33:54.900,4714.2000,15752,0,131784080.000,0,-,-,-,-,4712.4000,4711.4000,4710.8000,4704.0000,4701.0000,4714.6000,4714.8000,4715.0000,4715.6000,4717.0000,1,1,1,5,1,1,2,1,1,1
SF,IC2006,2019-11-22 09:33:55.400,4714.2000,15752,0,131784080.000,0,-,-,-,-,4712.6000,4712.4000,4711.4000,4710.8000,4704.0000,4714.6000,4714.8000,4715.0000,4715.6000,4717.0000,1,1,1,1,5,1,2,1,1,1
SF,IC2006,2019-11-22 09:33:55.900,4714.2000,15752,0,131784080.000,0,-,-,-,-,4712.6000,4712.4000,4711.4000,4710.8000,4704.0000,4714.6000,4714.8000,4715.0000,4715.6000,4717.0000,1,1,1,1,5,1,2,1,1,1
SF,IC2006,2019-11-22 09:33:56.400,4714.2000,15752,0,131784080.000,0,-,-,-,-,4712.6000,4712.4000,4711.4000,4710.8000,4704.0000,4714.6000,4714.8000,4715.0000,4715.6000,4717.0000,1,1,1,1,5,1,2,1,1,1
SF,IC2006,2019-11-22 09:33:56.900,4714.2000,15752,0,131784080.000,0,-,-,-,-,4712.6000,4712.4000,4711.4000,4710.8000,4704.0000,4714.6000,4714.8000,4715.0000,4715.6000,4717.0000,1,1,1,1,5,1,2,1,1,1
SF,IC2006,2019-11-22 09:34:01.400,4714.2000,15752,0,131784080.000,0,-,-,-,-,4712.6000,4712.4000,4711.4000,4710.8000,4704.0000,4714.6000,4714.8000,4715.0000,4715.6000,4717.0000,2,1,1,1,5,1,2,1,1,1
SF,IC2006,2019-11-22 09:34:01.900,4714.2000,15752,0,131784080.000,0,-,-,-,-,4712.6000,4712.4000,4710.8000,4704.0000,4701.0000,4714.6000,4714.8000,4715.0000,4715.6000,4717.0000,2,1,1,5,1,1,2,1,1,1
SF,IC2006,2019-11-22 09:34:02.400,4714.2000,15752,0,131784080.000,0,-,-,-,-,4712.8000,4712.6000,4712.4000,4710.8000,4704.0000,4714.6000,4714.8000,4715.0000,4715.6000,4717.0000,1,3,1,1,5,1,2,1,1,1
SF,IC2006,2019-11-22 09:34:02.900,4714.2000,15752,0,131784080.000,0,-,-,-,-,4712.8000,4712.6000,4712.4000,4710.8000,4704.0000,4714.6000,4714.8000,4715.0000,4715.6000,4717.0000,1,3,1,1,5,1,2,2,1,1
SF,IC2006,2019-11-22 09:34:03.400,4714.2000,15752,0,131784080.000,0,-,-,-,-,4712.8000,4712.6000,4712.4000,4710.8000,4704.0000,4714.6000,4714.8000,4715.0000,4715.6000,4717.0000,1,3,1,1,5,1,2,1,1,1
SF,IC2006,2019-11-22 09:34:03.900,4714.2000,15752,0,131784080.000,0,-,-,-,-,4712.8000,4712.6000,4712.4000,4710.8000,4704.0000,4714.6000,4714.8000,4715.0000,4715.6000,4717.0000,1,3,1,1,5,1,2,1,1,1
SF,IC2006,2019-11-22 09:34:04.400,4714.2000,15752,0,131784080.000,0,-,-,-,-,4712.8000,4712.6000,4712.4000,4710.8000,4704.0000,4714.6000,4714.8000,4715.0000,4715.6000,4717.0000,1,3,1,1,5,1,2,1,1,1
SF,IC2006,2019-11-22 09:34:05.400,4712.6000,15752,0,133669160.000,2,1,1,多换,S,4712.6000,4712.4000,4710.8000,4704.0000,4701.0000,4714.6000,4714.8000,4715.0000,4715.6000,4717.0000,2,1,1,5,1,1,2,1,1,1
SF,IC2006,2019-11-22 09:34:05.900,4712.4000,15749,-3,136496680.000,3,0,3,双平,S,4710.8000,4704.0000,4701.0000,4700.0000,4696.0000,4714.0000,4714.6000,4714.8000,4715.0000,4715.6000,1,5,1,2,2,1,1,2,1,1
SF,IC2006,2019-11-22 09:34:06.400,4712.4000,15749,0,136496680.000,0,-,-,-,-,4710.8000,4704.0000,4701.0000,4700.0000,4696.0000,4712.8000,4714.0000,4714.2000,4714.8000,4715.0000,1,5,1,2,2,3,1,1,2,1
SF,IC2006,2019-11-22 09:34:07.400,4712.4000,15749,0,136496680.000,0,-,-,-,-,4710.8000,4704.0000,4701.0000,4700.0000,4696.0000,4712.8000,4714.0000,4714.2000,4714.8000,4715.0000,1,5,1,2,2,3,1,1,2,1
SF,IC2006,2019-11-22 09:34:07.900,4712.4000,15749,0,136496680.000,0,-,-,-,-,4710.8000,4704.0000,4701.0000,4700.0000,4696.0000,4712.8000,4714.2000,4714.8000,4715.0000,4715.6000,1,5,1,2,2,3,1,2,1,1
SF,IC2006,2019-11-22 09:34:08.400,4712.4000,15749,0,136496680.000,0,-,-,-,-,4710.8000,4704.0000,4701.0000,4700.0000,4696.0000,4712.6000,4712.8000,4714.8000,4715.0000,4715.6000,1,5,1,2,2,1,3,2,1,1
SF,IC2006,2019-11-22 09:34:08.900,4712.4000,15749,0,136496680.000,0,-,-,-,-,4710.8000,4704.0000,4701.0000,4700.0000,4696.0000,4712.4000,4712.6000,4714.8000,4715.0000,4715.6000,1,5,1,2,2,1,1,2,1,1
SF,IC2006,2019-11-22 09:34:09.400,4712.4000,15749,0,136496680.000,0,-,-,-,-,4710.8000,4704.0000,4701.0000,4700.0000,4696.0000,4712.4000,4714.8000,4715.0000,4715.6000,4717.0000,1,5,1,2,2,1,2,1,1,1
SF,IC2006,2019-11-22 09:34:09.900,4712.4000,15749,0,136496680.000,0,-,-,-,-,4710.8000,4704.0000,4701.0000,4700.0000,4696.0000,4712.4000,4714.8000,4715.0000,4715.6000,4717.0000,1,5,1,2,2,1,2,1,1,1
SF,IC2006,2019-11-22 09:34:10.400,4712.4000,15749,0,136496680.000,0,-,-,-,-,4710.8000,4704.0000,4701.0000,4700.0000,4696.0000,4712.4000,4714.8000,4715.0000,4715.6000,4717.0000,1,5,1,2,2,1,2,1,1,1
SF,IC2006,2019-11-22 09:34:10.900,4710.8000,15748,-1,137438840.000,1,0,1,双平,S,4704.0000,4701.0000,4700.0000,4696.0000,4693.0000,4712.2000,4712.4000,4714.8000,4715.0000,4715.6000,5,1,2,2,2,1,1,2,1,1
SF,IC2006,2019-11-22 09:34:11.400,4710.8000,15748,0,137438840.000,0,-,-,-,-,4708.0000,4706.8000,4706.0000,4705.0000,4704.2000,4710.8000,4711.4000,4712.2000,4714.8000,4715.0000,3,1,1,4,1,1,3,1,2,1
SF,IC2006,2019-11-22 09:34:11.900,4710.8000,15748,0,137438840.000,0,-,-,-,-,4708.0000,4706.8000,4706.0000,4705.0000,4704.2000,4710.6000,4710.8000,4712.2000,4714.8000,4715.0000,3,1,1,4,1,2,1,1,2,1
SF,IC2006,2019-11-22 09:34:12.400,4710.8000,15748,0,137438840.000,0,-,-,-,-,4708.0000,4706.0000,4705.0000,4704.2000,4704.0000,4710.6000,4710.8000,4712.2000,4714.8000,4715.0000,3,1,4,1,5,2,1,1,2,1
SF,IC2006,2019-11-22 09:34:12.900,4710.8000,15748,0,137438840.000,0,-,-,-,-,4708.0000,4705.0000,4704.2000,4701.0000,4700.0000,4710.6000,4710.8000,4712.2000,4714.8000,4715.0000,3,2,1,1,2,2,1,1,2,1
SF,IC2006,2019-11-22 09:34:14.900,4710.6000,15748,0,138380960.000,1,0,1,多换,S,4708.2000,4708.0000,4705.0000,4704.2000,4701.0000,4710.6000,4710.8000,4712.2000,4714.8000,4715.0000,1,3,2,1,1,1,1,1,2,1
SF,IC2006,2019-11-22 09:34:15.400,4710.6000,15748,0,138380960.000,0,-,-,-,-,4708.4000,4708.2000,4705.0000,4704.2000,4701.0000,4710.6000,4710.8000,4712.2000,4714.8000,4715.0000,2,1,2,1,1,1,1,1,2,1
SF,IC2006,2019-11-22 09:34:15.900,4710.6000,15748,0,138380960.000,0,-,-,-,-,4708.4000,4705.0000,4704.2000,4703.2000,4701.0000,4710.8000,4712.2000,4714.8000,4715.0000,4715.6000,2,2,1,1,1,1,1,2,1,1
SF,IC2006,2019-11-22 09:34:16.400,4710.6000,15748,0,138380960.000,0,-,-,-,-,4708.4000,4705.0000,4704.2000,4703.2000,4701.0000,4710.6000,4710.8000,4712.2000,4714.8000,4715.0000,2,2,1,1,1,1,1,1,2,1
SF,IC2006,2019-11-22 09:34:16.900,4710.6000,15748,0,138380960.000,0,-,-,-,-,4708.4000,4705.0000,4704.2000,4703.2000,4701.0000,4710.6000,4710.8000,4712.2000,4714.8000,4715.0000,2,2,1,1,1,1,1,1,2,1
SF,IC2006,2019-11-22 09:34:17.400,4710.6000,15748,0,138380960.000,0,-,-,-,-,4708.4000,4705.0000,4704.2000,4703.2000,4701.0000,4710.6000,4710.8000,4712.2000,4714.8000,4715.0000,3,2,1,1,1,1,1,1,1,1
SF,IC2006,2019-11-22 09:34:17.900,4710.6000,15748,0,138380960.000,0,-,-,-,-,4708.4000,4705.0000,4704.2000,4703.2000,4701.0000,4710.8000,4712.2000,4714.8000,4715.0000,4715.6000,3,2,1,1,1,1,1,1,1,1
SF,IC2006,2019-11-22 09:34:18.400,4710.6000,15748,0,138380960.000,0,-,-,-,-,4708.4000,4705.0000,4704.2000,4703.2000,4701.0000,4710.8000,4714.8000,4715.0000,4715.6000,4717.0000,3,2,1,1,1,1,1,1,1,1
SF,IC2006,2019-11-22 09:34:18.900,4708.6000,15747,-1,139322680.000,1,0,1,双平,S,4708.4000,4705.0000,4704.2000,4703.2000,4701.0000,4710.8000,4714.8000,4715.0000,4715.6000,4717.0000,3,2,1,1,1,1,1,1,1,1
SF,IC2006,2019-11-22 09:34:19.400,4710.8000,15746,-1,140264840.000,1,0,1,双平,S,4708.8000,4708.6000,4708.4000,4705.0000,4704.2000,4714.8000,4715.0000,4715.6000,4717.0000,4718.0000,1,1,3,2,1,1,1,1,1,3
SF,IC2006,2019-11-22 09:34:19.900,4710.8000,15746,0,140264840.000,0,-,-,-,-,4710.8000,4710.0000,4709.0000,4708.8000,4708.6000,4713.4000,4713.8000,4714.8000,4715.0000,4715.6000,1,3,1,1,1,3,1,1,1,1
SF,IC2006,2019-11-22 09:34:20.400,4710.8000,15746,0,140264840.000,0,-,-,-,-,4710.8000,4709.0000,4708.8000,4708.6000,4708.4000,4713.4000,4713.8000,4714.8000,4715.0000,4715.6000,1,1,1,1,1,3,1,1,1,1
SF,IC2006,2019-11-22 09:34:20.900,4710.8000,15746,0,140264840.000,0,-,-,-,-,4710.8000,4709.0000,4708.8000,4708.6000,4708.4000,4713.4000,4713.8000,4714.8000,4715.0000,4715.6000,1,1,1,1,1,3,1,1,1,1
SF,IC2006,2019-11-22 09:34:21.400,4710.8000,15746,0,140264840.000,0,-,-,-,-,4709.0000,4708.8000,4708.6000,4708.4000,4705.0000,4713.4000,4713.8000,4714.8000,4715.0000,4715.6000,1,1,1,1,2,3,1,1,1,1
SF,IC2006,2019-11-22 09:34:21.900,4710.8000,15746,0,140264840.000,0,-,-,-,-,4709.4000,4709.0000,4708.8000,4708.6000,4708.4000,4713.4000,4714.8000,4715.0000,4715.6000,4717.0000,3,1,1,1,1,3,1,1,1,1
SF,IC2006,2019-11-22 09:34:22.400,4710.8000,15746,0,140264840.000,0,-,-,-,-,4709.4000,4709.0000,4708.8000,4708.6000,4708.4000,4713.0000,4713.4000,4714.8000,4715.0000,4715.6000,3,1,1,1,1,1,3,1,1,1
SF,IC2006,2019-11-22 09:34:22.900,4710.8000,15746,0,140264840.000,0,-,-,-,-,4709.4000,4709.0000,4708.6000,4708.4000,4705.0000,4712.6000,4713.0000,4713.2000,4714.8000,4715.0000,3,1,1,1,2,3,1,1,1,1
SF,IC2006,2019-11-22 09:34:23.400,4710.8000,15746,0,140264840.000,0,-,-,-,-,4709.4000,4708.6000,4708.4000,4705.0000,4703.2000,4712.6000,4713.0000,4713.2000,4714.8000,4715.0000,3,1,1,2,1,3,1,1,1,1
SF,IC2006,2019-11-22 09:34:23.900,4710.8000,15746,0,140264840.000,0,-,-,-,-,4709.6000,4708.6000,4708.4000,4705.0000,4703.2000,4712.6000,4713.0000,4713.2000,4714.8000,4715.0000,1,1,1,2,1,4,1,1,1,1
SF,IC2006,2019-11-22 09:34:24.400,4710.8000,15746,0,140264840.000,0,-,-,-,-,4709.6000,4708.6000,4708.4000,4705.0000,4703.2000,4712.6000,4714.8000,4715.0000,4715.6000,4717.0000,1,1,1,2,1,4,1,1,1,1
SF,IC2006,2019-11-22 09:34:24.900,4710.8000,15746,0,140264840.000,0,-,-,-,-,4709.6000,4708.6000,4708.4000,4705.0000,4703.2000,4712.0000,4712.4000,4712.6000,4714.8000,4715.0000,1,1,1,2,1,1,1,4,1,1
SF,IC2006,2019-11-22 09:34:25.400,4710.8000,15746,0,140264840.000,0,-,-,-,-,4708.4000,4705.0000,4703.2000,4701.0000,4700.0000,4711.6000,4712.0000,4712.4000,4712.6000,4714.8000,1,2,1,1,2,3,1,1,1,1
SF,IC2006,2019-11-22 09:34:25.900,4710.8000,15746,0,140264840.000,0,-,-,-,-,4708.6000,4708.4000,4705.0000,4703.2000,4701.0000,4711.6000,4712.0000,4712.6000,4714.8000,4715.0000,2,1,2,1,1,3,1,1,1,1
SF,IC2006,2019-11-22 09:34:26.400,4710.8000,15746,0,140264840.000,0,-,-,-,-,4708.6000,4708.4000,4705.0000,4703.2000,4701.0000,4711.2000,4711.6000,4712.0000,4712.6000,4714.8000,2,1,2,1,1,1,3,1,1,1
SF,IC2006,2019-11-22 09:34:26.900,4710.8000,15746,0,140264840.000,0,-,-,-,-,4708.6000,4708.4000,4705.0000,4703.2000,4701.0000,4711.0000,4711.2000,4712.0000,4712.6000,4714.8000,2,1,2,1,1,2,1,1,1,1
SF,IC2006,2019-11-22 09:34:27.400,4710.8000,15746,0,140264840.000,0,-,-,-,-,4708.6000,4708.4000,4705.0000,4703.2000,4701.0000,4711.0000,4712.0000,4712.6000,4714.8000,4715.0000,2,1,2,1,1,2,1,1,1,1
SF,IC2006,2019-11-22 09:34:27.900,4710.8000,15746,0,140264840.000,0,-,-,-,-,4708.6000,4708.4000,4705.0000,4703.2000,4701.0000,4710.6000,4711.0000,4711.6000,4712.0000,4712.6000,2,1,2,1,1,1,2,1,1,1
SF,IC2006,2019-11-22 09:34:28.400,4710.8000,15746,0,140264840.000,0,-,-,-,-,4708.6000,4708.4000,4705.0000,4703.2000,4701.0000,4710.4000,4710.6000,4711.6000,4712.0000,4712.6000,2,1,2,1,1,1,1,1,1,1
SF,IC2006,2019-11-22 09:34:30.400,4710.8000,15746,0,140264840.000,0,-,-,-,-,4708.8000,4708.6000,4708.4000,4705.0000,4703.2000,4710.4000,4710.6000,4711.6000,4712.0000,4712.6000,1,2,1,2,1,1,1,1,1,1
SF,IC2006,2019-11-22 09:34:30.900,4710.8000,15746,0,140264840.000,0,-,-,-,-,4708.8000,4708.4000,4705.0000,4703.2000,4701.0000,4710.4000,4710.6000,4711.6000,4712.0000,4712.6000,1,1,2,1,1,1,1,1,1,1
SF,IC2006,2019-11-22 09:34:31.400,4710.8000,15746,0,140264840.000,0,-,-,-,-,4708.8000,4708.4000,4705.0000,4703.2000,4701.0000,4710.4000,4710.6000,4711.6000,4712.6000,4714.8000,1,1,2,1,1,1,1,1,1,1
SF,IC2006,2019-11-22 09:34:32.900,4710.8000,15746,0,140264840.000,0,-,-,-,-,4708.8000,4708.4000,4703.2000,4701.0000,4700.0000,4710.4000,4710.6000,4711.6000,4712.6000,4714.8000,1,1,1,1,2,1,1,1,1,1
SF,IC2006,2019-11-22 09:34:33.400,4710.8000,15746,0,140264840.000,0,-,-,-,-,4708.8000,4708.4000,4703.2000,4701.0000,4700.0000,4710.4000,4710.6000,4711.6000,4712.6000,4714.8000,1,1,1,1,2,1,1,1,1,1
SF,IC2006,2019-11-22 09:34:33.900,4710.8000,15746,0,140264840.000,0,-,-,-,-,4708.8000,4708.4000,4703.2000,4701.0000,4700.0000,4710.4000,4710.6000,4711.6000,4712.6000,4714.8000,1,1,1,1,2,1,1,1,1,1
SF,IC2006,2019-11-22 09:34:34.400,4710.8000,15746,0,140264840.000,0,-,-,-,-,4708.8000,4708.4000,4703.2000,4701.0000,4700.0000,4710.4000,4711.6000,4712.0000,4712.6000,4714.8000,1,1,1,1,2,1,1,1,1,1
SF,IC2006,2019-11-22 09:34:36.400,4710.8000,15746,0,140264840.000,0,-,-,-,-,4708.8000,4708.4000,4703.2000,4701.0000,4700.0000,4709.6000,4710.4000,4711.6000,4712.0000,4712.6000,1,1,1,1,2,1,1,1,1,1
SF,IC2006,2019-11-22 09:34:36.900,4708.8000,15745,-1,141206600.000,1,0,1,双平,S,4708.4000,4703.2000,4701.0000,4700.0000,4699.2000,4709.6000,4711.6000,4712.0000,4712.6000,4714.8000,1,1,1,2,5,1,1,1,1,1
SF,IC2006,2019-11-22 09:34:37.400,4709.6000,15745,0,142148520.000,1,0,1,多换,S,4709.8000,4709.6000,4708.6000,4708.4000,4703.2000,4711.6000,4712.0000,4712.6000,4714.8000,4715.0000,2,1,2,1,1,1,1,1,1,1
SF,IC2006,2019-11-22 09:34:37.900,4709.6000,15745,0,142148520.000,0,-,-,-,-,4709.8000,4708.4000,4703.2000,4701.0000,4700.0000,4711.2000,4711.4000,4711.6000,4712.0000,4712.6000,2,1,1,1,2,1,1,1,1,1
SF,IC2006,2019-11-22 09:34:38.400,4709.6000,15745,0,142148520.000,0,-,-,-,-,4709.8000,4708.4000,4703.2000,4701.0000,4700.0000,4711.6000,4712.0000,4712.6000,4714.8000,4715.0000,2,1,1,1,2,1,1,1,1,1
SF,IC2006,2019-11-22 09:34:38.900,4709.6000,15745,0,142148520.000,0,-,-,-,-,4709.8000,4708.4000,4703.2000,4701.0000,4700.0000,4711.2000,4711.6000,4712.0000,4712.6000,4714.8000,2,1,1,1,2,3,1,1,1,1
SF,IC2006,2019-11-22 09:34:39.400,4709.6000,15745,0,142148520.000,0,-,-,-,-,4708.4000,4703.2000,4701.0000,4700.0000,4699.2000,4711.2000,4711.6000,4712.0000,4712.6000,4714.8000,1,1,1,2,5,3,1,1,1,1
SF,IC2006,2019-11-22 09:34:39.900,4709.6000,15745,0,142148520.000,0,-,-,-,-,4708.4000,4703.2000,4701.0000,4700.0000,4699.2000,4711.0000,4711.2000,4711.6000,4712.0000,4712.6000,1,1,1,2,5,1,3,1,1,1
SF,IC2006,2019-11-22 09:34:40.400,4709.6000,15745,0,142148520.000,0,-,-,-,-,4708.6000,4708.4000,4703.2000,4701.0000,4700.0000,4710.0000,4710.8000,4711.6000,4712.0000,4712.6000,1,1,1,1,2,2,1,1,1,1
SF,IC2006,2019-11-22 09:34:40.900,4709.6000,15745,0,142148520.000,0,-,-,-,-,4708.6000,4708.4000,4703.2000,4701.0000,4700.0000,4710.0000,4711.6000,4712.0000,4712.6000,4714.8000,1,1,1,1,2,2,1,1,1,1
SF,IC2006,2019-11-22 09:34:42.400,4709.6000,15745,0,142148520.000,0,-,-,-,-,4708.6000,4708.4000,4703.2000,4701.0000,4700.0000,4710.0000,4711.6000,4712.0000,4714.8000,4715.0000,1,1,1,1,2,2,1,1,1,1
SF,IC2006,2019-11-22 09:34:44.900,4709.6000,15745,0,142148520.000,0,-,-,-,-,4708.6000,4708.4000,4703.2000,4701.0000,4700.0000,4710.0000,4711.6000,4712.0000,4714.8000,4715.0000,1,1,1,1,2,3,1,1,1,1
SF,IC2006,2019-11-22 09:34:45.400,4709.6000,15745,0,142148520.000,0,-,-,-,-,4708.6000,4708.4000,4703.2000,4701.0000,4700.0000,4710.0000,4711.6000,4712.0000,4714.8000,4715.0000,1,1,1,1,2,3,1,1,1,1
SF,IC2006,2019-11-22 09:34:47.900,4708.6000,15744,-1,143090240.000,1,0,1,双平,S,4708.4000,4707.2000,4703.2000,4701.0000,4700.0000,4709.6000,4710.0000,4711.6000,4712.0000,4714.8000,1,1,1,1,2,1,3,1,1,1
SF,IC2006,2019-11-22 09:34:48.400,4708.6000,15744,0,143090240.000,0,-,-,-,-,4708.4000,4703.2000,4701.0000,4700.0000,4699.2000,4709.6000,4710.0000,4711.6000,4712.0000,4714.8000,1,1,1,2,5,1,3,1,1,1
SF,IC2006,2019-11-22 09:34:48.900,4708.6000,15744,0,143090240.000,0,-,-,-,-,4708.4000,4703.2000,4701.0000,4700.0000,4699.2000,4709.4000,4709.6000,4710.0000,4711.6000,4712.0000,1,1,1,2,5,1,1,3,1,1
SF,IC2006,2019-11-22 09:34:49.400,4708.6000,15744,0,143090240.000,0,-,-,-,-,4708.4000,4703.2000,4701.0000,4700.0000,4699.2000,4709.4000,4710.0000,4711.6000,4712.0000,4714.8000,1,1,1,2,5,1,3,1,1,1
SF,IC2006,2019-11-22 09:34:49.900,4708.6000,15744,0,143090240.000,0,-,-,-,-,4708.4000,4703.2000,4701.0000,4700.0000,4699.2000,4710.0000,4711.6000,4712.0000,4714.8000,4715.0000,1,1,1,2,5,3,1,1,1,1
SF,IC2006,2019-11-22 09:34:50.400,4708.4000,15744,0,144031920.000,1,0,1,多换,S,4703.2000,4701.0000,4700.0000,4699.2000,4696.0000,4709.6000,4709.8000,4710.0000,4711.6000,4712.0000,1,1,2,5,2,1,2,3,1,1
SF,IC2006,2019-11-22 09:34:50.900,4708.4000,15744,0,144031920.000,0,-,-,-,-,4706.6000,4704.8000,4703.4000,4703.2000,4701.0000,4709.4000,4709.6000,4710.0000,4711.6000,4712.0000,3,1,3,1,1,1,1,4,1,1
SF,IC2006,2019-11-22 09:34:51.400,4708.4000,15744,0,144031920.000,0,-,-,-,-,4706.6000,4704.8000,4703.4000,4703.2000,4701.0000,4709.4000,4710.0000,4711.6000,4712.0000,4714.8000,3,1,1,1,1,1,4,1,1,1
SF,IC2006,2019-11-22 09:34:54.400,4708.4000,15744,0,144031920.000,0,-,-,-,-,4706.8000,4706.6000,4704.8000,4703.4000,4703.2000,4709.4000,4710.0000,4711.6000,4712.0000,4714.8000,1,3,1,1,1,1,4,1,1,1
SF,IC2006,2019-11-22 09:34:54.900,4708.4000,15744,0,144031920.000,0,-,-,-,-,4706.8000,4704.8000,4703.4000,4703.2000,4701.0000,4709.0000,4709.4000,4710.0000,4711.6000,4712.0000,1,1,1,1,1,1,1,4,1,1
SF,IC2006,2019-11-22 09:34:55.400,4708.4000,15744,0,144031920.000,0,-,-,-,-,4703.4000,4703.2000,4701.0000,4700.0000,4699.2000,4708.8000,4709.0000,4710.0000,4711.6000,4712.0000,1,1,1,2,5,3,1,4,1,1
SF,IC2006,2019-11-22 09:34:55.900,4708.4000,15744,0,144031920.000,0,-,-,-,-,4705.2000,4704.8000,4703.4000,4703.2000,4701.0000,4708.8000,4710.0000,4711.6000,4712.0000,4714.8000,3,1,1,1,1,3,4,1,1,1
SF,IC2006,2019-11-22 09:34:56.400,4708.4000,15744,0,144031920.000,0,-,-,-,-,4705.2000,4703.6000,4703.4000,4703.2000,4701.0000,4708.6000,4708.8000,4710.0000,4711.6000,4712.0000,3,1,1,1,1,1,3,4,1,1
SF,IC2006,2019-11-22 09:34:56.900,4708.4000,15744,0,144031920.000,0,-,-,-,-,4705.2000,4703.6000,4703.4000,4703.2000,4701.0000,4708.4000,4708.6000,4708.8000,4710.0000,4711.6000,3,1,1,1,1,2,1,1,4,1
SF,IC2006,2019-11-22 09:34:57.400,4708.4000,15744,0,144031920.000,0,-,-,-,-,4705.2000,4703.6000,4703.4000,4703.2000,4701.0000,4708.4000,4708.8000,4710.0000,4711.6000,4712.0000,3,1,1,1,1,2,1,4,1,1
SF,IC2006,2019-11-22 09:34:57.900,4708.4000,15744,0,144031920.000,0,-,-,-,-,4705.6000,4705.2000,4703.6000,4703.4000,4703.2000,4708.2000,4708.4000,4708.8000,4710.0000,4711.6000,1,3,1,1,1,1,2,1,4,1
SF,IC2006,2019-11-22 09:34:58.400,4708.4000,15744,0,144031920.000,0,-,-,-,-,4705.8000,4705.6000,4705.4000,4703.6000,4703.4000,4708.0000,4708.2000,4708.8000,4710.0000,4711.6000,1,1,1,1,1,1,1,1,4,1
SF,IC2006,2019-11-22 09:34:58.900,4708.4000,15744,0,144031920.000,0,-,-,-,-,4705.8000,4705.6000,4703.6000,4703.4000,4703.2000,4708.0000,4708.2000,4708.8000,4710.0000,4711.6000,1,1,1,1,1,1,1,1,4,1
SF,IC2006,2019-11-22 09:34:59.400,4708.4000,15744,0,144031920.000,0,-,-,-,-,4705.8000,4703.6000,4703.4000,4703.2000,4701.0000,4708.0000,4708.2000,4708.8000,4710.0000,4711.6000,1,1,1,1,1,1,1,1,4,1
SF,IC2006,2019-11-22 09:34:59.900,4708.4000,15744,0,144031920.000,0,-,-,-,-,4706.0000,4705.8000,4703.6000,4703.4000,4703.2000,4708.0000,4708.2000,4708.8000,4710.0000,4711.6000,1,1,1,1,1,1,1,1,4,1
SF,IC2006,2019-11-22 09:35:00.400,4708.4000,15744,0,144031920.000,0,-,-,-,-,4706.0000,4703.4000,4703.2000,4701.0000,4700.0000,4708.0000,4708.2000,4708.8000,4709.0000,4710.0000,1,1,1,1,2,1,1,1,1,4
SF,IC2006,2019-11-22 09:35:01.400,4708.4000,15744,0,144031920.000,0,-,-,-,-,4706.0000,4703.4000,4703.2000,4701.0000,4700.0000,4708.0000,4708.2000,4709.0000,4710.0000,4711.6000,1,1,1,1,2,1,1,1,4,1
SF,IC2006,2019-11-22 09:35:01.900,4708.4000,15744,0,144031920.000,0,-,-,-,-,4706.2000,4706.0000,4703.4000,4703.2000,4701.0000,4709.0000,4710.0000,4711.6000,4714.8000,4715.0000,2,1,1,1,1,1,4,1,1,1
SF,IC2006,2019-11-22 09:35:02.400,4708.4000,15744,0,144031920.000,0,-,-,-,-,4706.4000,4706.2000,4706.0000,4703.4000,4703.2000,4708.8000,4709.0000,4710.0000,4711.6000,4714.8000,1,2,1,1,1,2,1,4,1,1
SF,IC2006,2019-11-22 09:35:02.900,4708.4000,15744,0,144031920.000,0,-,-,-,-,4706.6000,4706.4000,4706.0000,4703.4000,4703.2000,4708.8000,4709.0000,4710.0000,4711.6000,4714.8000,1,1,1,1,1,2,1,4,1,1
SF,IC2006,2019-11-22 09:35:03.400,4708.4000,15744,0,144031920.000,0,-,-,-,-,4706.6000,4706.4000,4706.0000,4703.4000,4703.2000,4709.0000,4710.0000,4711.6000,4714.8000,4715.0000,1,1,1,1,1,1,4,1,1,1
SF,IC2006,2019-11-22 09:35:05.900,4708.4000,15744,0,144031920.000,0,-,-,-,-,4707.2000,4707.0000,4706.8000,4706.6000,4706.4000,4709.0000,4710.0000,4711.6000,4714.8000,4715.0000,1,1,1,1,1,1,4,1,1,1
SF,IC2006,2019-11-22 09:35:06.400,4708.4000,15744,0,144031920.000,0,-,-,-,-,4707.2000,4707.0000,4706.4000,4706.0000,4703.2000,4708.8000,4709.0000,4710.0000,4711.6000,4714.8000,1,1,1,1,1,1,1,4,1,1
SF,IC2006,2019-11-22 09:35:06.900,4707.2000,15744,0,144973360.000,1,0,1,多换,S,4707.0000,4706.4000,4706.0000,4703.2000,4701.0000,4708.8000,4709.0000,4710.0000,4711.6000,4714.8000,1,1,1,1,1,1,1,4,1,1
SF,IC2006,2019-11-22 09:35:07.400,4707.0000,15743,-1,145914760.000,1,0,1,双平,S,4706.4000,4706.0000,4703.2000,4701.0000,4700.0000,4708.8000,4709.0000,4710.0000,4711.6000,4714.8000,1,1,1,1,2,1,1,4,1,1
SF,IC2006,2019-11-22 09:35:07.900,4707.0000,15743,0,145914760.000,0,-,-,-,-,4706.6000,4706.4000,4706.0000,4703.2000,4701.0000,4708.8000,4709.0000,4710.0000,4711.6000,4714.8000,1,1,1,1,1,1,1,4,1,1
SF,IC2006,2019-11-22 09:35:09.400,4707.0000,15743,0,145914760.000,0,-,-,-,-,4706.6000,4706.0000,4703.2000,4701.0000,4700.0000,4708.8000,4709.0000,4710.0000,4711.6000,4714.8000,1,1,1,1,2,1,1,4,1,1
SF,IC2006,2019-11-22 09:35:11.400,4707.0000,15743,0,145914760.000,0,-,-,-,-,4706.8000,4706.6000,4706.0000,4703.2000,4701.0000,4708.8000,4709.0000,4710.0000,4711.6000,4714.8000,1,1,1,1,1,1,1,4,1,1
SF,IC2006,2019-11-22 09:35:11.900,4707.0000,15743,0,145914760.000,0,-,-,-,-,4707.0000,4706.8000,4706.0000,4703.2000,4701.0000,4708.8000,4709.0000,4710.0000,4711.6000,4714.8000,1,1,1,1,1,1,1,4,1,1
SF,IC2006,2019-11-22 09:35:12.400,4709.0000,15742,-1,147798320.000,2,0,2,多平,S,4709.0000,4708.8000,4707.0000,4706.8000,4706.0000,4710.0000,4710.6000,4711.6000,4714.8000,4715.0000,1,1,1,1,1,4,1,1,1,1
SF,IC2006,2019-11-22 09:35:12.900,4709.0000,15742,0,147798320.000,0,-,-,-,-,4709.0000,4708.8000,4707.2000,4706.8000,4706.0000,4710.0000,4711.6000,4714.8000,4715.0000,4715.6000,1,1,1,1,1,4,1,1,1,1
SF,IC2006,2019-11-22 09:35:13.400,4709.0000,15742,0,147798320.000,0,-,-,-,-,4709.0000,4708.8000,4707.2000,4706.8000,4706.0000,4709.8000,4710.0000,4711.6000,4714.8000,4715.0000,1,1,1,1,1,1,4,1,1,1
SF,IC2006,2019-11-22 09:35:13.900,4709.0000,15741,-1,148740120.000,1,0,1,双平,S,4708.8000,4707.2000,4706.8000,4706.0000,4703.2000,4709.8000,4710.0000,4711.6000,4714.8000,4715.0000,1,1,1,1,1,1,4,1,1,1
SF,IC2006,2019-11-22 09:35:15.400,4708.8000,15741,0,149681880.000,1,0,1,多换,S,4707.2000,4706.8000,4706.0000,4703.2000,4701.0000,4709.8000,4710.0000,4711.6000,4714.8000,4715.0000,1,1,1,1,1,1,4,1,1,1
SF,IC2006,2019-11-22 09:35:15.900,4708.8000,15741,0,149681880.000,0,-,-,-,-,4707.4000,4707.2000,4706.8000,4706.0000,4703.2000,4709.8000,4710.0000,4711.6000,4714.8000,4715.0000,3,1,1,1,1,1,4,1,1,1
SF,IC2006,2019-11-22 09:35:16.400,4708.8000,15741,0,149681880.000,0,-,-,-,-,4707.4000,4707.2000,4706.8000,4706.0000,4703.2000,4710.0000,4711.6000,4714.8000,4715.0000,4715.6000,3,1,1,1,1,4,1,1,1,1
SF,IC2006,2019-11-22 09:35:18.400,4708.8000,15741,0,149681880.000,0,-,-,-,-,4707.6000,4707.4000,4707.2000,4706.8000,4706.0000,4710.0000,4711.6000,4714.8000,4715.0000,4715.6000,2,3,1,1,1,4,1,1,1,1
SF,IC2006,2019-11-22 09:35:18.900,4708.8000,15741,0,149681880.000,0,-,-,-,-,4709.6000,4708.2000,4707.6000,4707.2000,4706.8000,4710.0000,4711.6000,4714.8000,4715.0000,4715.6000,3,3,2,1,1,4,1,1,1,1
SF,IC2006,2019-11-22 09:35:19.400,4708.8000,15741,0,149681880.000,0,-,-,-,-,4709.6000,4707.6000,4707.2000,4706.8000,4706.6000,4710.0000,4711.6000,4714.8000,4715.0000,4715.6000,3,2,1,1,1,4,1,1,1,1
SF,IC2006,2019-11-22 09:35:19.900,4710.0000,15738,-3,153449880.000,4,0,4,多平,S,4709.6000,4707.6000,4707.2000,4706.8000,4706.6000,4711.6000,4714.8000,4715.0000,4715.6000,4718.0000,3,2,1,1,1,1,1,1,1,3
SF,IC2006,2019-11-22 09:35:20.400,4710.0000,15738,0,153449880.000,0,-,-,-,-,4710.0000,4709.6000,4707.6000,4707.2000,4706.8000,4711.4000,4711.6000,4714.8000,4715.0000,4715.6000,1,3,2,1,1,2,1,1,1,1
SF,IC2006,2019-11-22 09:35:20.900,4710.0000,15738,0,153449880.000,0,-,-,-,-,4710.0000,4709.6000,4707.6000,4707.2000,4706.8000,4711.4000,4711.6000,4714.8000,4715.0000,4715.6000,1,3,3,1,1,2,1,1,1,1
SF,IC2006,2019-11-22 09:35:21.400,4710.0000,15738,0,153449880.000,0,-,-,-,-,4710.0000,4709.6000,4707.6000,4707.2000,4706.8000,4711.6000,4714.8000,4715.0000,4715.6000,4718.0000,1,3,3,1,1,1,1,1,1,3
SF,IC2006,2019-11-22 09:35:21.900,4710.2000,15736,-2,156276280.000,3,0,3,多平,S,4710.2000,4709.6000,4707.6000,4707.2000,4706.8000,4714.8000,4715.0000,4715.6000,4718.0000,4718.4000,2,3,3,1,1,1,1,1,3,5
SF,IC2006,2019-11-22 09:35:22.400,4710.2000,15736,0,156276280.000,0,-,-,-,-,4711.4000,4710.2000,4709.6000,4707.6000,4707.2000,4713.0000,4713.8000,4714.8000,4715.0000,4715.6000,3,2,3,3,1,3,1,1,1,1
SF,IC2006,2019-11-22 09:35:22.900,4710.2000,15736,0,156276280.000,0,-,-,-,-,4711.4000,4709.6000,4707.6000,4707.2000,4706.8000,4713.0000,4713.8000,4714.8000,4715.0000,4715.6000,3,3,3,1,1,3,1,1,1,1
SF,IC2006,2019-11-22 09:35:23.400,4710.2000,15736,0,156276280.000,0,-,-,-,-,4711.4000,4709.6000,4707.6000,4707.2000,4706.8000,4713.0000,4713.4000,4713.8000,4714.8000,4715.0000,3,3,3,1,1,3,1,1,1,1
SF,IC2006,2019-11-22 09:35:24.400,4710.2000,15736,0,156276280.000,0,-,-,-,-,4711.4000,4709.6000,4707.6000,4707.2000,4706.8000,4713.0000,4713.4000,4713.8000,4714.8000,4715.0000,3,3,3,1,1,3,1,1,1,1
SF,IC2006,2019-11-22 09:35:24.900,4711.4000,15736,0,159103120.000,3,1,2,多换,S,4709.6000,4707.6000,4707.2000,4706.8000,4706.6000,4713.0000,4713.8000,4714.8000,4715.0000,4715.6000,3,3,1,1,1,3,1,1,1,1
SF,IC2006,2019-11-22 09:35:25.400,4711.4000,15736,0,159103120.000,0,-,-,-,-,4709.8000,4709.6000,4707.6000,4707.2000,4706.8000,4711.4000,4712.6000,4713.0000,4714.8000,4715.0000,1,3,3,1,1,1,1,3,1,1
SF,IC2006,2019-11-22 09:35:25.900,4711.4000,15736,0,159103120.000,0,-,-,-,-,4709.8000,4709.6000,4707.6000,4707.2000,4706.8000,4714.8000,4715.0000,4715.6000,4718.0000,4718.4000,1,3,3,1,1,1,1,1,3,5
SF,IC2006,2019-11-22 09:35:26.400,4711.4000,15736,0,159103120.000,0,-,-,-,-,4709.8000,4709.6000,4707.6000,4707.2000,4706.8000,4713.0000,4713.6000,4714.8000,4715.0000,4715.6000,1,3,3,1,1,3,1,1,1,1
SF,IC2006,2019-11-22 09:35:28.400,4711.4000,15736,0,159103120.000,0,-,-,-,-,4710.0000,4709.8000,4709.6000,4707.6000,4707.2000,4713.0000,4713.6000,4714.8000,4715.0000,4715.6000,1,1,3,3,1,3,1,1,1,1
SF,IC2006,2019-11-22 09:35:28.900,4711.4000,15736,0,159103120.000,0,-,-,-,-,4710.2000,4710.0000,4709.6000,4707.6000,4707.2000,4713.0000,4713.6000,4714.8000,4715.0000,4715.6000,2,1,3,3,1,3,1,1,1,1
SF,IC2006,2019-11-22 09:35:29.400,4711.4000,15736,0,159103120.000,0,-,-,-,-,4710.2000,4710.0000,4709.6000,4707.6000,4707.2000,4712.8000,4713.6000,4714.8000,4715.0000,4715.6000,3,1,3,3,1,1,1,1,1,1
SF,IC2006,2019-11-22 09:35:29.900,4711.4000,15736,0,159103120.000,0,-,-,-,-,4710.4000,4710.2000,4710.0000,4709.6000,4707.6000,4712.8000,4713.6000,4714.8000,4715.0000,4715.6000,1,2,1,3,3,1,1,1,1,1
SF,IC2006,2019-11-22 09:35:30.400,4711.4000,15736,0,159103120.000,0,-,-,-,-,4710.6000,4710.0000,4709.6000,4707.6000,4707.2000,4712.8000,4713.6000,4714.8000,4715.0000,4715.6000,1,1,3,3,1,1,1,1,1,1
SF,IC2006,2019-11-22 09:35:32.400,4711.4000,15736,0,159103120.000,0,-,-,-,-,4710.6000,4709.6000,4707.6000,4707.2000,4706.6000,4712.8000,4713.6000,4714.8000,4715.0000,4715.6000,1,3,3,1,1,1,1,1,1,1
SF,IC2006,2019-11-22 09:35:33.900,4711.4000,15736,0,159103120.000,0,-,-,-,-,4710.6000,4709.6000,4707.6000,4707.2000,4706.6000,4712.8000,4713.6000,4714.8000,4715.0000,4715.6000,1,3,3,1,1,1,1,1,1,1
SF,IC2006,2019-11-22 09:35:34.400,4711.4000,15736,0,159103120.000,0,-,-,-,-,4710.6000,4709.6000,4707.6000,4707.2000,4706.6000,4712.8000,4714.8000,4715.0000,4715.6000,4718.0000,1,3,3,1,1,1,1,1,1,3
SF,IC2006,2019-11-22 09:35:34.900,4712.8000,15735,-1,160045680.000,1,0,1,双平,S,4710.8000,4710.6000,4709.6000,4707.6000,4707.2000,4714.0000,4714.8000,4715.0000,4715.6000,4718.0000,2,1,3,3,1,1,1,1,1,3
SF,IC2006,2019-11-22 09:35:35.400,4712.8000,15735,0,160045680.000,0,-,-,-,-,4711.6000,4710.8000,4709.6000,4707.6000,4707.2000,4714.8000,4715.0000,4715.6000,4718.0000,4718.8000,3,2,3,3,1,1,1,1,3,1
SF,IC2006,2019-11-22 09:35:35.900,4712.8000,15735,0,160045680.000,0,-,-,-,-,4711.6000,4710.8000,4709.6000,4707.6000,4707.2000,4714.6000,4714.8000,4715.0000,4715.6000,4718.0000,3,2,3,3,1,1,1,1,1,3
SF,IC2006,2019-11-22 09:35:36.900,4712.8000,15735,0,160045680.000,0,-,-,-,-,4711.8000,4711.6000,4710.8000,4709.6000,4707.6000,4714.6000,4714.8000,4715.0000,4715.6000,4718.0000,1,3,2,3,3,1,1,1,1,3
SF,IC2006,2019-11-22 09:35:37.400,4712.8000,15735,0,160045680.000,0,-,-,-,-,4712.8000,4712.0000,4711.8000,4710.8000,4709.6000,4714.8000,4715.0000,4715.6000,4718.0000,4718.8000,3,1,2,2,3,1,1,1,3,1
SF,IC2006,2019-11-22 09:35:37.900,4712.8000,15735,0,160045680.000,0,-,-,-,-,4712.8000,4712.0000,4711.8000,4710.8000,4709.6000,4714.8000,4715.0000,4715.6000,4718.0000,4718.8000,3,1,2,2,3,1,1,1,3,1
SF,IC2006,2019-11-22 09:35:38.400,4712.8000,15735,0,160045680.000,0,-,-,-,-,4713.0000,4712.8000,4712.0000,4711.8000,4710.8000,4714.8000,4715.0000,4715.6000,4718.0000,4718.8000,1,3,1,1,2,1,1,1,3,1
SF,IC2006,2019-11-22 09:35:38.900,4714.8000,15735,0,160988640.000,1,0,1,多换,S,4713.4000,4713.2000,4713.0000,4712.0000,4711.8000,4715.0000,4715.6000,4718.0000,4718.8000,4721.0000,3,1,1,1,1,1,1,3,1,1
SF,IC2006,2019-11-22 09:35:39.400,4713.4000,15735,0,161931320.000,1,0,1,多换,S,4713.4000,4713.2000,4713.0000,4712.0000,4711.8000,4715.0000,4715.6000,4718.0000,4718.8000,4721.0000,2,1,1,1,1,1,1,3,1,1
SF,IC2006,2019-11-22 09:35:39.900,4713.4000,15735,0,161931320.000,0,-,-,-,-,4713.4000,4713.2000,4713.0000,4711.8000,4710.8000,4715.0000,4715.6000,4718.0000,4718.8000,4721.0000,3,1,1,1,1,1,1,3,1,1
SF,IC2006,2019-11-22 09:35:40.400,4713.4000,15735,0,161931320.000,0,-,-,-,-,4713.6000,4713.4000,4713.2000,4713.0000,4711.8000,4715.0000,4715.6000,4718.0000,4718.8000,4721.0000,1,3,1,1,1,1,1,3,1,1
SF,IC2006,2019-11-22 09:35:40.900,4713.4000,15735,0,161931320.000,0,-,-,-,-,4713.8000,4713.6000,4713.4000,4713.2000,4713.0000,4715.0000,4715.6000,4718.0000,4718.8000,4721.0000,2,1,1,1,1,1,1,3,1,1
SF,IC2006,2019-11-22 09:35:41.400,4713.4000,15735,0,161931320.000,0,-,-,-,-,4713.8000,4713.6000,4713.4000,4713.2000,4713.0000,4715.0000,4715.6000,4718.0000,4718.8000,4721.0000,2,1,1,1,1,1,1,3,1,1
SF,IC2006,2019-11-22 09:35:41.900,4713.4000,15735,0,161931320.000,0,-,-,-,-,4713.8000,4713.4000,4713.2000,4713.0000,4711.8000,4715.0000,4715.6000,4718.0000,4718.8000,4721.0000,2,1,1,1,1,1,1,3,1,1
