市场代码,合约代码,时间,最新,持仓,增仓,成交额,成交量,开仓,平仓,成交类型,方向,买一价,买二价,买三价,买四价,买五价,卖一价,卖二价,卖三价,卖四价,卖五价,买一量,买二量,买三量,买四量,买五量,卖一量,卖二量,卖三量,卖四量,卖五量
SF,IC2009,2020-05-27 09:29:00.200,5165.0000,45357,0,7231000.000,7.000,-,-,-,-,5161.2000,5159.4000,5158.0000,5157.4000,5156.6000,5165.0000,5168.2000,5169.4000,5169.6000,5170.0000,1,5,5,5,1,8,1,1,1,5
SF,IC2009,2020-05-27 09:30:00.200,5161.2000,45353,-4,12394480.000,5,0,5,多平,S,5160.8000,5160.0000,5159.4000,5158.0000,5157.4000,5165.0000,5166.6000,5167.0000,5168.2000,5169.4000,1,1,5,3,5,8,1,1,1,1
SF,IC2009,2020-05-27 09:30:00.700,5164.8000,45351,-2,14460400.000,2,0,2,双平,S,5163.2000,5162.0000,5161.0000,5160.8000,5160.4000,5164.8000,5165.0000,5165.2000,5166.6000,5167.0000,1,1,1,4,2,4,8,1,1,1
SF,IC2009,2020-05-27 09:30:01.200,5163.4000,45348,-3,18591400.000,4,0,4,多平,S,5163.2000,5162.0000,5161.0000,5160.8000,5160.4000,5164.6000,5164.8000,5165.0000,5166.6000,5167.0000,2,1,2,4,2,1,1,8,1,1
SF,IC2009,2020-05-27 09:30:01.700,5164.8000,45346,-2,21689960.000,3,0,3,多平,S,5163.4000,5163.2000,5162.0000,5161.0000,5160.8000,5165.0000,5166.6000,5167.0000,5168.2000,5169.4000,2,2,1,1,4,8,1,1,1,1
SF,IC2009,2020-05-27 09:30:02.200,5163.6000,45345,-1,23755400.000,2,0,2,多平,S,5163.4000,5163.2000,5163.0000,5162.0000,5161.0000,5164.8000,5165.0000,5166.6000,5167.0000,5168.2000,3,1,1,1,1,1,8,1,1,1
SF,IC2009,2020-05-27 09:30:02.700,5164.8000,45345,0,26854000.000,3,1,2,多换,S,5163.6000,5163.4000,5163.2000,5163.0000,5162.6000,5165.0000,5166.6000,5167.0000,5168.2000,5169.4000,1,2,1,1,1,8,1,1,1,1
SF,IC2009,2020-05-27 09:30:03.200,5163.6000,45341,-4,32017880.000,5,0,5,多平,S,5163.4000,5163.2000,5163.0000,5162.6000,5162.2000,5164.8000,5165.0000,5166.6000,5167.0000,5168.2000,1,1,1,1,1,1,8,1,1,1
SF,IC2009,2020-05-27 09:30:03.700,5163.6000,45341,0,32017880.000,0,-,-,-,-,5163.6000,5163.4000,5163.2000,5163.0000,5162.6000,5165.0000,5166.6000,5167.0000,5168.2000,5169.4000,1,2,1,1,1,8,1,1,1,1
SF,IC2009,2020-05-27 09:30:04.200,5164.8000,45337,-4,36148920.000,4,0,4,双平,S,5163.4000,5163.2000,5163.0000,5162.6000,5162.2000,5164.8000,5165.0000,5166.6000,5167.0000,5168.2000,1,1,2,2,1,2,8,1,1,1
SF,IC2009,2020-05-27 09:30:04.700,5163.0000,45335,-2,40279560.000,4,1,3,多平,S,5163.0000,5162.6000,5162.2000,5162.0000,5161.0000,5164.8000,5165.0000,5166.6000,5167.0000,5168.2000,1,2,1,1,5,2,8,1,1,1
SF,IC2009,2020-05-27 09:30:05.200,5163.0000,45335,0,40279560.000,0,-,-,-,-,5163.2000,5163.0000,5162.6000,5162.2000,5162.0000,5164.8000,5165.0000,5166.6000,5167.0000,5168.2000,1,2,2,2,1,1,8,1,1,1
SF,IC2009,2020-05-27 09:30:05.700,5163.0000,45335,0,41312160.000,1,0,1,多换,S,5163.4000,5163.0000,5162.6000,5162.2000,5162.0000,5164.6000,5164.8000,5165.0000,5166.0000,5166.6000,1,2,2,2,1,1,1,8,1,1
SF,IC2009,2020-05-27 09:30:06.200,5163.4000,45334,-1,42344840.000,1,0,1,双平,S,5163.0000,5162.6000,5162.2000,5162.0000,5161.0000,5164.6000,5164.8000,5165.0000,5166.0000,5166.6000,2,2,2,1,6,3,1,8,1,1
SF,IC2009,2020-05-27 09:30:06.700,5164.6000,45333,-1,43377760.000,1,0,1,双平,S,5163.0000,5162.6000,5162.2000,5162.0000,5161.0000,5164.8000,5165.0000,5166.0000,5166.6000,5167.0000,2,2,2,1,6,1,8,1,1,1
SF,IC2009,2020-05-27 09:30:07.200,5164.6000,45333,0,43377760.000,0,-,-,-,-,5163.0000,5162.6000,5162.2000,5162.0000,5161.0000,5164.6000,5164.8000,5165.0000,5166.0000,5166.6000,2,2,2,1,6,1,2,8,1,1
SF,IC2009,2020-05-27 09:30:07.700,5164.6000,45333,0,43377760.000,0,-,-,-,-,5163.0000,5162.6000,5162.2000,5162.0000,5161.0000,5164.6000,5164.8000,5165.0000,5166.0000,5166.6000,2,2,2,1,6,3,1,8,1,1
SF,IC2009,2020-05-27 09:30:08.200,5164.6000,45333,0,43377760.000,0,-,-,-,-,5163.0000,5162.6000,5162.2000,5162.0000,5161.0000,5164.4000,5164.6000,5164.8000,5165.0000,5166.0000,2,2,2,1,6,1,2,1,8,1
SF,IC2009,2020-05-27 09:30:08.700,5163.0000,45332,-1,45442960.000,2,0,2,多平,S,5162.6000,5162.2000,5162.0000,5161.0000,5160.8000,5164.2000,5164.4000,5165.0000,5166.0000,5166.6000,2,2,1,6,2,1,3,9,1,1
SF,IC2009,2020-05-27 09:30:09.200,5163.0000,45332,0,45442960.000,0,-,-,-,-,5162.6000,5162.2000,5162.0000,5161.0000,5160.8000,5164.0000,5164.2000,5164.4000,5165.0000,5166.0000,2,2,1,6,2,1,2,2,9,1
SF,IC2009,2020-05-27 09:30:09.700,5162.6000,45331,-1,46475480.000,1,0,1,双平,S,5162.6000,5162.2000,5162.0000,5161.0000,5160.8000,5163.8000,5164.0000,5164.2000,5164.4000,5165.0000,1,2,1,6,2,1,1,1,2,9
SF,IC2009,2020-05-27 09:30:10.200,5162.6000,45330,-1,50605480.000,4,1,3,多平,S,5162.2000,5162.0000,5161.0000,5160.8000,5160.0000,5162.6000,5163.6000,5163.8000,5164.2000,5165.0000,1,1,6,2,1,2,1,4,1,9
SF,IC2009,2020-05-27 09:30:10.700,5162.6000,45330,0,50605480.000,0,-,-,-,-,5162.2000,5162.0000,5161.0000,5160.8000,5160.0000,5163.6000,5163.8000,5165.0000,5166.0000,5166.6000,2,1,6,2,1,1,3,9,1,1
SF,IC2009,2020-05-27 09:30:11.200,5162.2000,45329,-1,51637920.000,1,0,1,双平,S,5162.2000,5162.0000,5161.0000,5160.8000,5160.0000,5163.4000,5163.6000,5163.8000,5165.0000,5166.0000,1,1,6,2,1,1,2,1,9,1
SF,IC2009,2020-05-27 09:30:11.700,5162.2000,45326,-3,54735240.000,3,0,3,双平,S,5162.0000,5161.0000,5160.8000,5160.0000,5159.4000,5163.2000,5163.4000,5165.0000,5166.0000,5166.6000,1,6,2,1,5,1,4,10,1,1
SF,IC2009,2020-05-27 09:30:12.200,5162.0000,45325,-1,56800040.000,2,0,2,多平,S,5161.0000,5160.8000,5160.0000,5159.4000,5158.0000,5162.2000,5163.0000,5163.2000,5163.4000,5163.6000,6,2,1,5,3,1,1,4,1,1
SF,IC2009,2020-05-27 09:30:12.700,5162.0000,45325,0,56800040.000,0,-,-,-,-,5161.0000,5160.8000,5160.0000,5159.4000,5158.0000,5162.0000,5162.2000,5163.0000,5163.2000,5163.4000,7,2,1,5,3,2,4,1,2,1
SF,IC2009,2020-05-27 09:30:13.200,5162.0000,45325,0,56800040.000,0,-,-,-,-,5161.0000,5160.8000,5160.0000,5159.4000,5158.0000,5161.8000,5162.0000,5162.2000,5163.0000,5163.4000,7,2,1,5,3,4,2,2,1,1
SF,IC2009,2020-05-27 09:30:13.700,5162.0000,45325,0,56800040.000,0,-,-,-,-,5161.0000,5160.8000,5160.0000,5159.4000,5158.0000,5161.6000,5161.8000,5162.0000,5162.2000,5163.0000,7,2,1,5,3,4,2,1,2,2
SF,IC2009,2020-05-27 09:30:14.200,5161.6000,45324,-1,57832360.000,1,0,1,双平,S,5161.0000,5160.8000,5160.0000,5159.4000,5158.0000,5161.6000,5161.8000,5162.0000,5162.2000,5163.0000,7,2,1,5,3,3,1,1,2,2
SF,IC2009,2020-05-27 09:30:14.700,5161.6000,45322,-2,59897000.000,2,0,2,双平,S,5161.0000,5160.8000,5160.0000,5159.4000,5158.0000,5161.6000,5161.8000,5162.0000,5162.2000,5163.0000,7,2,1,5,3,1,1,1,2,2
SF,IC2009,2020-05-27 09:30:15.200,5161.6000,45322,0,59897000.000,0,-,-,-,-,5161.0000,5160.8000,5160.0000,5159.4000,5158.0000,5161.6000,5161.8000,5162.0000,5162.2000,5163.0000,7,2,1,5,3,1,1,1,2,2
SF,IC2009,2020-05-27 09:30:15.700,5161.0000,45316,-6,67122400.000,7,0,7,多平,S,5160.8000,5160.0000,5159.4000,5158.0000,5157.4000,5161.0000,5161.4000,5161.6000,5161.8000,5162.0000,2,1,5,3,5,2,1,1,1,1
SF,IC2009,2020-05-27 09:30:16.200,5160.8000,45316,0,69186720.000,2,1,1,多换,S,5160.0000,5159.4000,5158.0000,5157.4000,5156.6000,5160.8000,5161.0000,5161.6000,5162.0000,5162.2000,1,5,3,5,1,1,2,1,1,2
SF,IC2009,2020-05-27 09:30:16.700,5160.8000,45315,-1,70218880.000,1,0,1,双平,S,5160.0000,5159.4000,5158.0000,5157.4000,5156.6000,5160.8000,5161.0000,5161.6000,5162.0000,5162.2000,1,5,3,5,1,1,3,1,1,2
SF,IC2009,2020-05-27 09:30:17.200,5160.6000,45312,-3,74347240.000,4,0,4,多平,S,5159.4000,5158.0000,5157.4000,5156.6000,5156.0000,5160.4000,5160.6000,5160.8000,5161.0000,5161.6000,5,3,5,1,4,1,1,1,3,1
SF,IC2009,2020-05-27 09:30:17.700,5159.4000,45312,0,78474760.000,4,2,2,多换,S,5159.4000,5158.0000,5157.4000,5156.6000,5156.0000,5160.2000,5160.4000,5161.0000,5161.6000,5162.0000,1,3,5,1,4,2,2,3,1,1
SF,IC2009,2020-05-27 09:30:18.200,5159.4000,45312,0,79506640.000,1,0,1,多换,S,5158.0000,5157.4000,5156.6000,5156.0000,5155.4000,5160.2000,5160.4000,5161.0000,5161.6000,5162.0000,3,5,1,4,5,1,2,3,1,1
SF,IC2009,2020-05-27 09:30:18.700,5160.4000,45312,0,82602800.000,3,1,2,多换,S,5158.2000,5158.0000,5157.4000,5156.6000,5156.0000,5160.0000,5161.0000,5161.6000,5162.0000,5162.2000,1,3,5,1,4,1,3,1,1,1
SF,IC2009,2020-05-27 09:30:19.200,5158.2000,45311,-1,83634440.000,1,0,1,双平,S,5158.0000,5157.4000,5156.6000,5156.0000,5155.4000,5159.8000,5160.0000,5161.0000,5161.6000,5162.0000,3,5,1,4,5,1,1,3,1,1
SF,IC2009,2020-05-27 09:30:19.700,5158.2000,45311,0,83634440.000,0,-,-,-,-,5158.0000,5157.4000,5156.6000,5156.0000,5155.4000,5159.6000,5159.8000,5160.0000,5161.0000,5161.6000,3,5,1,4,5,1,2,1,3,1
SF,IC2009,2020-05-27 09:30:20.200,5158.2000,45311,0,83634440.000,0,-,-,-,-,5158.0000,5157.4000,5156.6000,5156.0000,5155.4000,5159.4000,5159.6000,5160.0000,5161.0000,5161.6000,3,5,1,4,5,2,1,1,3,1
SF,IC2009,2020-05-27 09:30:20.700,5158.2000,45311,0,83634440.000,0,-,-,-,-,5158.0000,5157.4000,5156.6000,5156.0000,5155.4000,5158.2000,5159.2000,5159.4000,5160.0000,5161.0000,3,5,1,4,5,1,5,2,1,2
SF,IC2009,2020-05-27 09:30:21.200,5158.0000,45308,-3,86729240.000,3,0,3,双平,S,5157.4000,5156.6000,5156.0000,5155.4000,5153.6000,5158.0000,5158.4000,5159.2000,5159.4000,5160.0000,5,1,4,5,1,1,1,4,1,1
SF,IC2009,2020-05-27 09:30:21.700,5158.0000,45308,0,86729240.000,0,-,-,-,-,5157.4000,5156.6000,5156.0000,5155.4000,5153.6000,5158.0000,5158.4000,5159.2000,5159.4000,5160.0000,5,1,4,5,1,1,1,4,1,1
SF,IC2009,2020-05-27 09:30:22.200,5157.4000,45309,1,90855160.000,4,2,2,空开,S,5157.4000,5156.6000,5156.0000,5155.4000,5153.6000,5157.6000,5157.8000,5158.0000,5158.4000,5159.2000,1,1,4,5,1,1,1,1,1,4
SF,IC2009,2020-05-27 09:30:22.700,5157.4000,45310,1,91886640.000,1,1,0,双开,S,5156.6000,5156.0000,5155.4000,5153.6000,5153.4000,5157.4000,5158.0000,5159.2000,5159.4000,5160.0000,1,4,5,1,5,1,1,3,1,1
SF,IC2009,2020-05-27 09:30:23.200,5157.4000,45309,-1,92918120.000,1,0,1,双平,S,5156.6000,5156.0000,5155.4000,5153.6000,5153.4000,5158.0000,5159.2000,5159.4000,5160.0000,5161.0000,3,4,5,1,5,1,3,1,1,2
SF,IC2009,2020-05-27 09:30:23.700,5157.4000,45309,0,92918120.000,0,-,-,-,-,5156.8000,5156.6000,5156.0000,5155.4000,5153.6000,5157.8000,5158.0000,5159.2000,5159.4000,5160.0000,1,1,4,5,1,1,1,3,1,1
SF,IC2009,2020-05-27 09:30:24.200,5156.6000,45308,-1,93949440.000,1,0,1,双平,S,5156.0000,5155.4000,5153.6000,5153.4000,5151.0000,5157.4000,5157.8000,5158.0000,5159.2000,5159.4000,4,5,1,5,1,1,1,2,3,1
SF,IC2009,2020-05-27 09:30:24.700,5156.6000,45308,0,93949440.000,0,-,-,-,-,5156.6000,5156.2000,5156.0000,5155.4000,5153.6000,5157.4000,5158.0000,5159.2000,5159.4000,5161.0000,1,5,4,5,1,1,2,3,1,2
SF,IC2009,2020-05-27 09:30:25.200,5156.8000,45307,-1,94980800.000,1,0,1,双平,S,5156.6000,5156.2000,5156.0000,5155.4000,5153.6000,5157.4000,5158.0000,5159.2000,5159.4000,5161.0000,3,2,4,5,1,1,2,3,1,2
SF,IC2009,2020-05-27 09:30:25.700,5156.8000,45307,0,94980800.000,0,-,-,-,-,5156.8000,5156.6000,5156.2000,5156.0000,5155.4000,5157.4000,5158.0000,5159.2000,5159.4000,5161.0000,1,2,2,4,5,1,2,3,1,2
SF,IC2009,2020-05-27 09:30:26.200,5157.0000,45307,0,97043680.000,2,1,1,多换,S,5156.8000,5156.6000,5156.2000,5156.0000,5155.4000,5158.0000,5159.2000,5159.4000,5161.0000,5161.6000,2,1,2,4,5,2,3,1,2,1
SF,IC2009,2020-05-27 09:30:26.700,5157.0000,45307,0,97043680.000,0,-,-,-,-,5156.6000,5156.2000,5156.0000,5155.4000,5153.6000,5158.0000,5159.2000,5159.4000,5161.0000,5161.6000,1,1,4,5,1,2,3,1,2,1
SF,IC2009,2020-05-27 09:30:27.200,5157.0000,45307,0,98075080.000,1,0,1,多换,S,5156.6000,5156.0000,5155.4000,5153.6000,5153.4000,5157.8000,5158.0000,5159.2000,5159.4000,5161.0000,2,4,5,1,5,2,2,3,1,2
SF,IC2009,2020-05-27 09:30:27.700,5157.0000,45307,0,98075080.000,0,-,-,-,-,5156.6000,5156.0000,5155.4000,5153.6000,5153.4000,5157.8000,5158.0000,5159.2000,5159.4000,5161.0000,2,4,5,1,5,3,2,3,1,2
SF,IC2009,2020-05-27 09:30:28.200,5156.8000,45308,1,101169640.000,3,2,1,空开,S,5156.8000,5156.6000,5156.0000,5155.4000,5153.6000,5161.0000,5161.6000,5162.0000,5162.2000,5163.0000,4,2,4,5,1,2,1,1,1,1
SF,IC2009,2020-05-27 09:30:28.700,5156.8000,45308,0,101169640.000,0,-,-,-,-,5157.0000,5156.8000,5156.6000,5156.0000,5155.4000,5158.8000,5159.8000,5160.4000,5160.6000,5160.8000,4,1,2,4,5,1,1,2,2,7
SF,IC2009,2020-05-27 09:30:29.200,5156.8000,45308,0,102201000.000,1,0,1,多换,S,5157.2000,5157.0000,5156.6000,5156.0000,5155.4000,5160.4000,5160.6000,5160.8000,5161.0000,5161.2000,1,3,2,4,5,1,1,7,4,5
SF,IC2009,2020-05-27 09:30:29.700,5156.8000,45307,-1,103232360.000,1,0,1,双平,S,5157.4000,5157.2000,5157.0000,5156.6000,5156.0000,5160.2000,5160.4000,5160.6000,5160.8000,5161.0000,2,2,1,2,4,4,1,1,5,4
SF,IC2009,2020-05-27 09:30:30.200,5156.8000,45307,0,103232360.000,0,-,-,-,-,5157.6000,5157.4000,5157.2000,5156.6000,5156.0000,5160.0000,5160.2000,5160.4000,5160.8000,5161.0000,4,2,1,1,4,2,5,1,2,4
SF,IC2009,2020-05-27 09:30:30.700,5157.4000,45305,-2,105295320.000,2,0,2,双平,S,5157.6000,5156.6000,5156.0000,5155.4000,5153.6000,5159.8000,5160.0000,5160.2000,5160.4000,5160.8000,5,1,4,5,1,1,2,4,1,2
SF,IC2009,2020-05-27 09:30:31.200,5157.4000,45305,0,105295320.000,0,-,-,-,-,5157.8000,5157.6000,5156.6000,5156.0000,5155.4000,5159.6000,5159.8000,5160.0000,5160.2000,5160.4000,1,3,1,4,5,1,1,1,4,1
SF,IC2009,2020-05-27 09:30:31.700,5157.4000,45305,0,105295320.000,0,-,-,-,-,5157.8000,5157.6000,5156.6000,5156.0000,5155.4000,5159.4000,5159.6000,5160.0000,5160.2000,5160.4000,2,1,1,4,5,1,1,1,4,1
SF,IC2009,2020-05-27 09:30:32.200,5157.4000,45305,0,105295320.000,0,-,-,-,-,5158.0000,5156.6000,5156.0000,5155.4000,5153.6000,5159.2000,5160.0000,5160.2000,5160.4000,5160.8000,1,1,4,5,1,2,1,4,1,2
SF,IC2009,2020-05-27 09:30:32.700,5158.6000,45304,-1,107358640.000,2,0,2,多平,S,5156.6000,5156.0000,5155.4000,5153.6000,5153.4000,5159.0000,5159.2000,5160.2000,5160.4000,5160.8000,1,4,5,1,5,2,1,4,1,2
SF,IC2009,2020-05-27 09:30:33.200,5158.6000,45304,0,107358640.000,0,-,-,-,-,5156.8000,5156.6000,5156.0000,5155.4000,5153.6000,5158.8000,5159.0000,5159.2000,5160.2000,5160.4000,1,3,4,5,1,2,1,1,4,1
SF,IC2009,2020-05-27 09:30:33.700,5158.6000,45304,0,107358640.000,0,-,-,-,-,5156.6000,5156.0000,5155.4000,5153.6000,5153.4000,5158.6000,5158.8000,5159.0000,5159.2000,5160.2000,2,4,5,1,5,3,3,1,1,4
SF,IC2009,2020-05-27 09:30:34.200,5158.6000,45304,0,107358640.000,0,-,-,-,-,5156.6000,5156.0000,5155.4000,5153.6000,5153.4000,5158.4000,5158.6000,5158.8000,5159.2000,5160.2000,1,4,5,1,5,5,2,2,1,4
SF,IC2009,2020-05-27 09:30:34.700,5158.6000,45304,0,107358640.000,0,-,-,-,-,5156.6000,5156.0000,5155.4000,5153.6000,5153.4000,5158.2000,5158.4000,5158.6000,5158.8000,5159.2000,1,3,5,1,5,3,3,1,2,1
SF,IC2009,2020-05-27 09:30:35.200,5158.6000,45304,0,107358640.000,0,-,-,-,-,5156.8000,5156.6000,5156.0000,5155.4000,5153.6000,5158.2000,5158.8000,5159.2000,5160.2000,5160.4000,1,3,3,5,1,1,1,1,4,1
SF,IC2009,2020-05-27 09:30:35.700,5158.6000,45304,0,108390360.000,1,0,1,多换,S,5156.6000,5156.0000,5155.4000,5153.6000,5153.4000,5158.0000,5158.2000,5158.4000,5158.8000,5159.2000,1,3,5,1,5,1,2,1,1,1
SF,IC2009,2020-05-27 09:30:36.200,5158.6000,45304,0,108390360.000,0,-,-,-,-,5156.6000,5156.0000,5155.4000,5153.6000,5153.4000,5157.8000,5158.2000,5158.4000,5158.8000,5159.2000,1,3,5,1,5,1,1,1,1,1
SF,IC2009,2020-05-27 09:30:36.700,5158.6000,45304,0,108390360.000,0,-,-,-,-,5156.8000,5156.6000,5156.2000,5156.0000,5155.4000,5157.8000,5158.2000,5158.8000,5159.0000,5159.2000,1,1,1,3,5,1,1,1,1,1
SF,IC2009,2020-05-27 09:30:37.200,5158.6000,45304,0,108390360.000,0,-,-,-,-,5156.8000,5156.6000,5156.2000,5156.0000,5155.4000,5157.4000,5157.6000,5157.8000,5158.2000,5158.8000,2,1,1,3,5,1,3,3,1,1
SF,IC2009,2020-05-27 09:30:37.700,5158.6000,45304,0,108390360.000,0,-,-,-,-,5157.0000,5156.8000,5156.6000,5156.2000,5156.0000,5157.8000,5158.8000,5159.0000,5159.2000,5160.2000,1,2,1,1,3,1,1,1,1,3
SF,IC2009,2020-05-27 09:30:38.200,5157.8000,45304,0,109421920.000,1,0,1,多换,S,5157.2000,5157.0000,5156.6000,5156.2000,5156.0000,5158.8000,5159.0000,5159.2000,5160.2000,5160.4000,2,2,1,1,3,1,1,1,3,1
SF,IC2009,2020-05-27 09:30:38.700,5157.8000,45304,0,109421920.000,0,-,-,-,-,5157.4000,5157.2000,5157.0000,5156.6000,5156.2000,5158.6000,5159.0000,5159.2000,5160.2000,5160.4000,3,1,2,1,1,1,1,1,3,1
SF,IC2009,2020-05-27 09:30:39.200,5158.4000,45304,0,110453600.000,1,0,1,多换,S,5157.4000,5157.2000,5156.6000,5156.2000,5156.0000,5158.4000,5158.6000,5158.8000,5159.0000,5159.2000,1,1,1,1,3,1,2,1,1,1
SF,IC2009,2020-05-27 09:30:39.700,5158.4000,45304,0,110453600.000,0,-,-,-,-,5157.6000,5157.4000,5157.2000,5156.6000,5156.2000,5159.0000,5160.2000,5160.4000,5160.8000,5161.0000,1,3,1,2,1,1,3,1,1,1
SF,IC2009,2020-05-27 09:30:40.200,5158.4000,45304,0,110453600.000,0,-,-,-,-,5157.8000,5157.4000,5157.2000,5156.6000,5156.2000,5158.8000,5159.0000,5160.2000,5160.4000,5160.8000,1,2,1,2,1,2,2,3,1,1
SF,IC2009,2020-05-27 09:30:40.700,5158.8000,45302,-2,112517120.000,2,0,2,双平,S,5157.8000,5157.4000,5157.2000,5156.6000,5156.2000,5159.0000,5160.2000,5160.4000,5160.8000,5161.0000,1,1,1,2,1,2,3,1,1,1
SF,IC2009,2020-05-27 09:30:41.200,5157.8000,45301,-1,113548680.000,1,0,1,双平,S,5157.4000,5156.6000,5156.2000,5156.0000,5155.4000,5157.8000,5158.2000,5158.4000,5158.6000,5158.8000,1,2,1,3,5,2,1,2,1,3
SF,IC2009,2020-05-27 09:30:41.700,5157.8000,45301,0,113548680.000,0,-,-,-,-,5157.4000,5156.6000,5156.2000,5156.0000,5155.4000,5158.6000,5158.8000,5159.0000,5160.2000,5160.4000,1,2,1,3,5,1,4,2,3,1
SF,IC2009,2020-05-27 09:30:42.200,5156.6000,45299,-2,115611480.000,2,0,2,双平,S,5156.6000,5156.2000,5156.0000,5155.4000,5153.6000,5157.8000,5158.2000,5158.4000,5158.6000,5158.8000,1,1,3,5,1,1,1,3,3,2
SF,IC2009,2020-05-27 09:30:42.700,5156.6000,45299,0,115611480.000,0,-,-,-,-,5156.6000,5156.2000,5156.0000,5155.4000,5153.6000,5157.2000,5157.4000,5157.6000,5157.8000,5158.2000,1,1,3,5,1,1,1,2,2,1
SF,IC2009,2020-05-27 09:30:43.200,5156.6000,45299,0,115611480.000,0,-,-,-,-,5156.6000,5156.2000,5156.0000,5155.4000,5153.6000,5157.2000,5157.4000,5157.6000,5157.8000,5158.4000,1,1,3,5,1,1,1,2,2,3
SF,IC2009,2020-05-27 09:30:44.200,5156.6000,45299,0,115611480.000,0,-,-,-,-,5156.8000,5156.6000,5156.2000,5156.0000,5155.4000,5157.2000,5157.4000,5157.6000,5157.8000,5158.4000,1,1,1,3,5,1,1,1,2,2
SF,IC2009,2020-05-27 09:30:44.700,5157.2000,45298,-1,116642920.000,1,0,1,双平,S,5156.6000,5156.2000,5156.0000,5155.4000,5153.6000,5157.4000,5157.6000,5157.8000,5158.4000,5158.6000,1,1,3,5,1,1,1,2,2,3
SF,IC2009,2020-05-27 09:30:45.200,5157.4000,45298,0,117674400.000,1,0,1,多换,S,5157.2000,5156.8000,5156.6000,5156.2000,5156.0000,5157.8000,5158.4000,5158.6000,5158.8000,5159.0000,1,1,1,1,3,1,1,3,1,1
SF,IC2009,2020-05-27 09:30:45.700,5157.8000,45297,-1,118705960.000,1,0,1,双平,S,5157.4000,5157.2000,5156.6000,5156.2000,5156.0000,5158.6000,5158.8000,5159.0000,5160.0000,5160.2000,2,2,1,1,3,3,1,1,1,3
SF,IC2009,2020-05-27 09:30:46.200,5157.8000,45297,0,118705960.000,0,-,-,-,-,5157.6000,5157.4000,5157.2000,5156.6000,5156.2000,5158.6000,5159.0000,5160.0000,5160.2000,5160.4000,3,2,1,1,1,1,1,1,3,1
SF,IC2009,2020-05-27 09:30:46.700,5157.8000,45297,0,118705960.000,0,-,-,-,-,5157.8000,5157.4000,5157.2000,5156.6000,5156.2000,5158.6000,5159.0000,5160.0000,5160.2000,5160.4000,4,2,1,1,1,1,1,1,3,1
SF,IC2009,2020-05-27 09:30:47.200,5158.6000,45296,-1,119737680.000,1,0,1,双平,S,5158.0000,5157.8000,5157.4000,5157.2000,5156.6000,5159.0000,5160.0000,5160.2000,5160.4000,5161.2000,3,3,2,1,1,1,1,3,1,4
SF,IC2009,2020-05-27 09:30:47.700,5158.6000,45296,0,119737680.000,0,-,-,-,-,5158.2000,5158.0000,5157.8000,5157.4000,5157.2000,5159.0000,5160.0000,5160.2000,5160.4000,5161.2000,1,2,2,2,1,1,1,3,1,4
SF,IC2009,2020-05-27 09:30:48.200,5158.6000,45296,0,119737680.000,0,-,-,-,-,5158.2000,5158.0000,5157.8000,5157.4000,5157.2000,5159.0000,5160.0000,5160.2000,5161.2000,5161.6000,1,1,2,2,1,1,1,2,2,1
SF,IC2009,2020-05-27 09:30:48.700,5158.6000,45296,0,119737680.000,0,-,-,-,-,5158.0000,5157.8000,5157.4000,5157.2000,5156.6000,5159.0000,5160.0000,5160.2000,5161.2000,5161.6000,1,2,2,1,1,2,1,2,2,1
SF,IC2009,2020-05-27 09:30:49.200,5158.6000,45296,0,119737680.000,0,-,-,-,-,5158.2000,5158.0000,5157.8000,5157.4000,5157.2000,5159.0000,5160.0000,5160.2000,5161.2000,5161.6000,1,2,2,2,1,2,1,2,2,1
SF,IC2009,2020-05-27 09:30:49.700,5158.6000,45296,0,119737680.000,0,-,-,-,-,5157.8000,5157.4000,5157.2000,5156.6000,5156.2000,5158.4000,5158.8000,5159.0000,5160.0000,5160.2000,1,2,1,1,1,1,4,2,1,2
SF,IC2009,2020-05-27 09:30:50.200,5158.8000,45296,0,120769440.000,1,0,1,多换,S,5158.0000,5157.8000,5157.4000,5157.2000,5156.6000,5159.0000,5160.0000,5160.2000,5161.2000,5161.6000,3,1,2,1,1,2,1,2,2,1
SF,IC2009,2020-05-27 09:30:50.700,5158.8000,45296,0,120769440.000,0,-,-,-,-,5158.6000,5158.2000,5158.0000,5157.8000,5157.4000,5159.0000,5160.0000,5160.2000,5161.2000,5161.6000,2,4,2,1,2,1,1,2,2,1
SF,IC2009,2020-05-27 09:30:51.200,5159.0000,45295,-1,121801240.000,1,0,1,双平,S,5158.6000,5158.2000,5158.0000,5157.8000,5157.4000,5160.0000,5160.2000,5161.2000,5161.6000,5162.0000,3,3,2,1,2,1,2,2,1,1
SF,IC2009,2020-05-27 09:30:51.700,5159.0000,45295,0,121801240.000,0,-,-,-,-,5158.8000,5158.6000,5158.2000,5158.0000,5157.8000,5159.2000,5159.8000,5160.0000,5160.2000,5161.2000,3,3,2,2,1,1,1,1,1,2
SF,IC2009,2020-05-27 09:30:52.200,5159.0000,45295,0,121801240.000,0,-,-,-,-,5158.8000,5158.6000,5158.2000,5158.0000,5157.8000,5159.8000,5160.0000,5160.2000,5161.2000,5161.6000,1,3,1,2,1,2,1,1,2,1
SF,IC2009,2020-05-27 09:30:52.700,5158.6000,45294,-1,123864720.000,2,0,2,多平,S,5158.6000,5158.2000,5158.0000,5157.8000,5157.4000,5159.6000,5159.8000,5160.0000,5160.2000,5161.2000,2,1,2,1,2,1,2,1,1,2
SF,IC2009,2020-05-27 09:30:53.200,5158.6000,45293,-1,125928160.000,2,0,2,多平,S,5158.0000,5157.8000,5157.4000,5157.2000,5156.2000,5158.6000,5159.0000,5159.4000,5159.6000,5159.8000,2,1,2,11,1,1,1,2,3,1
SF,IC2009,2020-05-27 09:30:53.700,5158.6000,45293,0,125928160.000,0,-,-,-,-,5158.2000,5158.0000,5157.8000,5157.4000,5157.2000,5159.4000,5159.6000,5159.8000,5160.0000,5160.2000,2,2,1,2,11,3,3,1,1,1
SF,IC2009,2020-05-27 09:30:54.200,5158.6000,45293,0,125928160.000,0,-,-,-,-,5158.4000,5158.2000,5158.0000,5157.8000,5157.4000,5159.2000,5159.4000,5159.6000,5159.8000,5160.0000,1,1,2,1,2,1,1,2,1,1
SF,IC2009,2020-05-27 09:30:54.700,5158.6000,45292,-1,126959880.000,1,0,1,双平,S,5158.2000,5158.0000,5157.8000,5157.4000,5157.2000,5159.4000,5159.6000,5159.8000,5160.0000,5160.2000,1,2,1,1,11,1,2,1,1,1
SF,IC2009,2020-05-27 09:30:55.200,5158.6000,45292,0,126959880.000,0,-,-,-,-,5158.6000,5157.8000,5157.4000,5157.2000,5156.2000,5159.6000,5159.8000,5160.0000,5160.2000,5161.2000,2,1,1,11,1,1,1,1,1,2
SF,IC2009,2020-05-27 09:30:55.700,5158.6000,45292,0,126959880.000,0,-,-,-,-,5158.8000,5158.6000,5157.8000,5157.4000,5157.2000,5159.6000,5159.8000,5160.0000,5160.2000,5161.2000,1,2,1,1,11,1,1,1,1,2
SF,IC2009,2020-05-27 09:30:57.200,5158.8000,45291,-1,127991640.000,1,0,1,双平,S,5158.6000,5157.4000,5157.2000,5156.2000,5156.0000,5158.8000,5159.2000,5159.4000,5159.6000,5159.8000,2,1,11,1,3,1,1,2,1,1
SF,IC2009,2020-05-27 09:30:57.700,5158.6000,45288,-3,131086840.000,3,0,3,双平,S,5157.4000,5157.2000,5156.2000,5156.0000,5155.4000,5158.6000,5159.2000,5159.4000,5159.6000,5159.8000,1,11,1,3,5,1,1,1,1,1
SF,IC2009,2020-05-27 09:30:58.200,5158.6000,45287,-1,132118560.000,1,0,1,双平,S,5157.6000,5157.4000,5157.2000,5156.2000,5156.0000,5160.0000,5160.2000,5161.2000,5161.6000,5162.0000,3,3,11,1,3,1,1,2,1,1
SF,IC2009,2020-05-27 09:30:58.700,5158.6000,45287,0,132118560.000,0,-,-,-,-,5157.6000,5157.4000,5157.2000,5156.2000,5156.0000,5159.2000,5159.8000,5160.0000,5160.2000,5161.2000,2,1,11,1,3,1,3,2,1,2
SF,IC2009,2020-05-27 09:30:59.200,5159.0000,45286,-1,133150360.000,1,0,1,双平,S,5157.8000,5157.6000,5157.4000,5157.2000,5156.2000,5159.2000,5159.8000,5160.0000,5160.2000,5161.2000,1,2,1,11,1,1,2,2,1,2
SF,IC2009,2020-05-27 09:30:59.700,5159.8000,45285,-1,134182320.000,1,0,1,双平,S,5158.0000,5157.8000,5157.6000,5157.4000,5157.2000,5160.0000,5160.2000,5161.2000,5161.6000,5162.0000,3,2,1,1,11,1,1,2,1,1
SF,IC2009,2020-05-27 09:31:00.200,5158.2000,45285,0,135213960.000,1,0,1,多换,S,5158.2000,5158.0000,5157.6000,5157.4000,5157.2000,5159.8000,5160.0000,5160.2000,5161.2000,5161.6000,1,1,1,1,11,2,2,1,2,1
SF,IC2009,2020-05-27 09:31:00.700,5158.2000,45285,0,135213960.000,0,-,-,-,-,5158.2000,5157.6000,5157.4000,5157.2000,5156.2000,5159.6000,5159.8000,5160.0000,5160.2000,5161.2000,1,2,1,11,1,5,3,1,1,2
SF,IC2009,2020-05-27 09:31:01.200,5158.2000,45285,0,135213960.000,0,-,-,-,-,5158.2000,5157.6000,5157.4000,5157.2000,5156.2000,5159.4000,5159.6000,5159.8000,5160.0000,5160.2000,1,1,1,11,1,7,2,2,1,1
SF,IC2009,2020-05-27 09:31:01.700,5158.2000,45285,0,135213960.000,0,-,-,-,-,5157.6000,5157.4000,5157.2000,5156.2000,5156.0000,5159.2000,5159.4000,5159.6000,5159.8000,5160.0000,1,1,11,1,3,3,2,2,1,1
SF,IC2009,2020-05-27 09:31:02.200,5158.2000,45285,0,135213960.000,0,-,-,-,-,5157.8000,5157.6000,5157.4000,5157.2000,5156.2000,5159.0000,5159.2000,5159.4000,5159.6000,5159.8000,1,1,1,11,1,1,2,3,1,1
SF,IC2009,2020-05-27 09:31:02.700,5158.2000,45285,0,135213960.000,0,-,-,-,-,5157.8000,5157.6000,5157.4000,5157.2000,5156.2000,5159.2000,5159.4000,5159.8000,5160.0000,5160.2000,1,1,1,11,1,2,2,1,1,1
SF,IC2009,2020-05-27 09:31:03.200,5158.2000,45285,0,135213960.000,0,-,-,-,-,5157.8000,5157.6000,5157.4000,5157.2000,5156.2000,5159.0000,5159.2000,5159.4000,5159.6000,5159.8000,3,1,1,12,1,1,2,2,1,1
SF,IC2009,2020-05-27 09:31:03.700,5158.2000,45285,0,135213960.000,0,-,-,-,-,5157.8000,5157.6000,5157.4000,5157.2000,5156.2000,5159.2000,5159.4000,5159.8000,5160.0000,5160.2000,2,1,1,12,1,1,2,1,1,1
SF,IC2009,2020-05-27 09:31:04.200,5159.0000,45284,-1,140372800.000,5,2,3,多平,S,5157.8000,5157.6000,5157.4000,5157.2000,5156.2000,5159.0000,5159.4000,5159.8000,5160.0000,5160.2000,2,1,1,12,1,1,2,1,1,1
SF,IC2009,2020-05-27 09:31:04.700,5159.0000,45284,0,140372800.000,0,-,-,-,-,5157.8000,5157.6000,5157.4000,5157.2000,5156.2000,5159.0000,5159.4000,5159.8000,5160.0000,5160.2000,1,1,1,12,1,1,2,1,1,1
SF,IC2009,2020-05-27 09:31:05.200,5159.0000,45284,0,140372800.000,0,-,-,-,-,5157.8000,5157.6000,5157.4000,5157.2000,5156.2000,5158.8000,5159.0000,5159.4000,5159.8000,5160.0000,1,1,1,12,1,1,1,2,1,1
SF,IC2009,2020-05-27 09:31:05.700,5159.0000,45284,0,140372800.000,0,-,-,-,-,5157.8000,5157.6000,5157.4000,5157.2000,5156.2000,5158.8000,5159.0000,5159.4000,5159.8000,5160.0000,1,1,1,12,1,3,2,1,1,1
SF,IC2009,2020-05-27 09:31:06.200,5159.0000,45283,-1,141404600.000,1,0,1,双平,S,5157.8000,5157.6000,5157.4000,5157.2000,5156.2000,5158.8000,5159.0000,5159.4000,5159.8000,5160.0000,1,1,1,12,1,3,1,1,1,1
SF,IC2009,2020-05-27 09:31:06.700,5158.8000,45283,0,144499880.000,3,1,2,多换,S,5157.8000,5157.6000,5157.4000,5157.2000,5156.2000,5159.0000,5159.4000,5159.8000,5160.0000,5160.2000,1,1,1,12,1,1,1,1,1,1
SF,IC2009,2020-05-27 09:31:07.200,5158.8000,45283,0,144499880.000,0,-,-,-,-,5157.8000,5157.6000,5157.4000,5157.2000,5156.2000,5159.0000,5159.4000,5159.8000,5160.0000,5160.2000,1,1,1,12,1,2,1,1,1,1
SF,IC2009,2020-05-27 09:31:08.200,5157.8000,45283,0,145531440.000,1,0,1,多换,S,5157.6000,5157.4000,5157.2000,5156.2000,5156.0000,5159.0000,5159.4000,5159.8000,5160.0000,5160.2000,1,1,12,1,3,2,1,1,1,1
SF,IC2009,2020-05-27 09:31:08.700,5157.8000,45283,0,145531440.000,0,-,-,-,-,5157.8000,5157.6000,5157.4000,5157.2000,5156.2000,5159.0000,5159.4000,5159.8000,5160.0000,5160.2000,1,1,1,12,1,2,1,1,1,1
SF,IC2009,2020-05-27 09:31:10.700,5159.0000,45283,0,148626800.000,3,1,2,多换,S,5157.8000,5157.6000,5157.4000,5157.2000,5156.2000,5159.4000,5159.8000,5160.0000,5160.2000,5161.2000,1,1,1,12,1,1,1,1,1,2
SF,IC2009,2020-05-27 09:31:11.200,5159.0000,45283,0,148626800.000,0,-,-,-,-,5158.0000,5157.8000,5157.6000,5157.4000,5157.2000,5159.4000,5159.8000,5160.0000,5160.2000,5161.2000,1,1,1,1,12,1,1,1,1,2
SF,IC2009,2020-05-27 09:31:11.700,5159.0000,45283,0,148626800.000,0,-,-,-,-,5158.2000,5157.6000,5157.4000,5157.2000,5156.2000,5159.4000,5159.8000,5160.0000,5160.2000,5161.2000,2,1,1,12,1,2,1,1,1,2
SF,IC2009,2020-05-27 09:31:12.700,5158.2000,45282,-1,149658440.000,1,0,1,双平,S,5157.6000,5157.4000,5157.2000,5156.2000,5156.0000,5159.2000,5159.4000,5159.8000,5160.0000,5160.2000,1,1,12,1,3,1,2,1,1,1
SF,IC2009,2020-05-27 09:31:13.200,5158.2000,45282,0,149658440.000,0,-,-,-,-,5157.8000,5157.6000,5157.4000,5157.2000,5156.2000,5159.4000,5159.8000,5160.0000,5160.2000,5161.2000,2,1,1,12,1,1,1,1,1,2
SF,IC2009,2020-05-27 09:31:13.700,5158.2000,45282,0,149658440.000,0,-,-,-,-,5158.0000,5157.8000,5157.6000,5157.4000,5157.2000,5159.2000,5159.4000,5159.8000,5160.0000,5160.2000,1,1,1,1,12,2,3,1,1,1
SF,IC2009,2020-05-27 09:31:14.200,5158.2000,45282,0,149658440.000,0,-,-,-,-,5157.8000,5157.6000,5157.4000,5157.2000,5156.2000,5159.2000,5159.4000,5159.8000,5160.0000,5160.2000,1,1,1,12,1,2,3,1,1,1
SF,IC2009,2020-05-27 09:31:14.700,5158.2000,45282,0,149658440.000,0,-,-,-,-,5158.0000,5157.8000,5157.6000,5157.4000,5157.2000,5159.2000,5159.4000,5159.8000,5160.0000,5160.2000,1,1,1,1,12,2,2,1,1,1
SF,IC2009,2020-05-27 09:31:15.200,5159.2000,45282,0,150690280.000,1,0,1,多换,S,5157.8000,5157.6000,5157.4000,5157.2000,5156.2000,5159.4000,5159.8000,5160.0000,5160.2000,5161.2000,1,1,1,12,1,1,1,1,1,2
SF,IC2009,2020-05-27 09:31:15.700,5159.2000,45282,0,150690280.000,0,-,-,-,-,5158.0000,5157.8000,5157.6000,5157.4000,5157.2000,5159.4000,5159.8000,5160.0000,5160.2000,5161.2000,1,1,1,1,12,1,1,1,1,2
SF,IC2009,2020-05-27 09:31:16.200,5159.2000,45282,0,150690280.000,0,-,-,-,-,5158.2000,5157.6000,5157.4000,5157.2000,5156.2000,5159.4000,5159.8000,5160.0000,5160.2000,5161.2000,2,1,1,12,1,1,1,1,1,2
SF,IC2009,2020-05-27 09:31:16.700,5159.2000,45282,0,150690280.000,0,-,-,-,-,5158.4000,5158.2000,5157.6000,5157.4000,5157.2000,5159.2000,5159.4000,5159.8000,5160.0000,5160.2000,1,1,1,1,12,2,1,1,1,1
SF,IC2009,2020-05-27 09:31:17.200,5159.2000,45282,0,150690280.000,0,-,-,-,-,5158.6000,5158.2000,5157.6000,5157.4000,5157.2000,5159.2000,5159.4000,5159.8000,5160.0000,5160.2000,1,1,1,1,12,1,1,1,1,1
SF,IC2009,2020-05-27 09:31:17.700,5159.2000,45282,0,150690280.000,0,-,-,-,-,5158.2000,5157.6000,5157.4000,5157.2000,5156.2000,5159.4000,5159.8000,5160.0000,5160.2000,5161.2000,1,1,1,12,1,1,1,1,1,2
SF,IC2009,2020-05-27 09:31:18.200,5159.2000,45281,-1,151722120.000,1,0,1,双平,S,5158.4000,5158.2000,5157.6000,5157.4000,5157.2000,5159.4000,5159.8000,5160.0000,5160.2000,5161.2000,1,4,1,1,12,1,1,1,1,2
SF,IC2009,2020-05-27 09:31:18.700,5159.2000,45281,0,151722120.000,0,-,-,-,-,5158.6000,5158.2000,5157.6000,5157.4000,5157.2000,5159.4000,5159.8000,5160.0000,5160.2000,5161.2000,1,2,1,1,12,1,1,1,1,2
SF,IC2009,2020-05-27 09:31:19.200,5159.4000,45281,0,152754000.000,1,0,1,多换,S,5159.4000,5158.6000,5158.2000,5157.6000,5157.4000,5159.8000,5160.0000,5160.2000,5161.2000,5161.6000,4,1,1,1,1,1,1,1,2,1
SF,IC2009,2020-05-27 09:31:19.700,5159.4000,45283,2,156881520.000,4,3,1,空开,S,5158.6000,5158.2000,5157.6000,5157.4000,5157.2000,5160.0000,5160.2000,5161.2000,5161.6000,5162.0000,1,1,1,1,12,1,1,2,1,1
SF,IC2009,2020-05-27 09:31:20.200,5159.4000,45283,0,156881520.000,0,-,-,-,-,5158.8000,5158.6000,5157.6000,5157.4000,5157.2000,5160.0000,5160.2000,5161.2000,5161.6000,5162.0000,1,2,1,1,12,1,1,2,1,1
SF,IC2009,2020-05-27 09:31:20.700,5159.0000,45282,-1,157913320.000,1,0,1,双平,S,5159.0000,5158.6000,5157.6000,5157.4000,5157.2000,5159.8000,5160.0000,5160.2000,5161.2000,5161.6000,1,1,1,1,12,1,1,1,2,1
SF,IC2009,2020-05-27 09:31:21.200,5159.0000,45282,0,157913320.000,0,-,-,-,-,5157.6000,5157.4000,5157.2000,5157.0000,5156.2000,5159.8000,5160.0000,5160.2000,5161.2000,5161.6000,1,1,12,1,1,1,1,1,2,1
SF,IC2009,2020-05-27 09:31:21.700,5157.8000,45281,-1,158944880.000,1,0,1,双平,S,5157.6000,5157.4000,5157.2000,5157.0000,5156.2000,5159.8000,5160.0000,5160.2000,5161.2000,5161.6000,1,1,12,1,1,1,1,1,2,1
SF,IC2009,2020-05-27 09:31:22.200,5159.0000,45281,0,159976680.000,1,0,1,多换,S,5157.8000,5157.6000,5157.4000,5157.2000,5157.0000,5159.6000,5159.8000,5160.0000,5160.2000,5161.2000,1,1,1,12,1,3,1,1,1,2
SF,IC2009,2020-05-27 09:31:22.700,5159.0000,45281,0,159976680.000,0,-,-,-,-,5158.0000,5157.8000,5157.6000,5157.4000,5157.2000,5159.4000,5159.6000,5159.8000,5160.0000,5160.2000,1,1,1,1,12,1,3,2,1,1
SF,IC2009,2020-05-27 09:31:23.200,5159.0000,45281,0,159976680.000,0,-,-,-,-,5157.6000,5157.4000,5157.2000,5157.0000,5156.2000,5159.4000,5159.6000,5159.8000,5160.0000,5160.2000,1,1,12,1,1,3,3,1,1,1
SF,IC2009,2020-05-27 09:31:23.700,5159.0000,45281,0,159976680.000,0,-,-,-,-,5157.8000,5157.6000,5157.4000,5157.2000,5157.0000,5159.2000,5159.4000,5159.6000,5159.8000,5160.0000,1,1,1,12,1,1,1,3,1,1
SF,IC2009,2020-05-27 09:31:24.200,5159.2000,45281,0,162040320.000,2,1,1,多换,S,5159.4000,5158.0000,5157.6000,5157.4000,5157.2000,5159.6000,5159.8000,5160.0000,5160.2000,5161.2000,3,1,1,1,12,3,1,1,1,2
SF,IC2009,2020-05-27 09:31:24.700,5159.4000,45281,0,165135960.000,3,1,2,多换,S,5157.6000,5157.4000,5157.2000,5157.0000,5156.2000,5159.2000,5159.4000,5159.6000,5159.8000,5160.0000,1,1,12,1,1,2,5,4,1,1
SF,IC2009,2020-05-27 09:31:25.200,5159.4000,45281,0,165135960.000,0,-,-,-,-,5157.8000,5157.6000,5157.4000,5157.2000,5157.0000,5159.4000,5159.6000,5159.8000,5160.0000,5160.2000,2,1,1,12,1,3,4,1,1,1
SF,IC2009,2020-05-27 09:31:25.700,5158.0000,45280,-1,166167560.000,1,0,1,双平,S,5158.0000,5157.8000,5157.6000,5157.4000,5157.2000,5159.4000,5159.6000,5159.8000,5160.0000,5160.2000,2,1,1,1,12,1,4,1,1,1
SF,IC2009,2020-05-27 09:31:26.200,5158.0000,45280,0,166167560.000,0,-,-,-,-,5158.2000,5158.0000,5157.6000,5157.4000,5157.2000,5159.4000,5159.6000,5159.8000,5160.0000,5160.2000,2,1,1,1,12,2,3,1,1,1
SF,IC2009,2020-05-27 09:31:26.700,5158.0000,45280,0,167199160.000,1,0,1,多换,S,5158.2000,5157.6000,5157.4000,5157.2000,5157.0000,5159.2000,5159.4000,5159.6000,5159.8000,5160.0000,2,1,1,12,1,1,2,3,1,1
SF,IC2009,2020-05-27 09:31:27.200,5158.0000,45280,0,167199160.000,0,-,-,-,-,5158.4000,5158.2000,5157.6000,5157.4000,5157.2000,5159.2000,5159.4000,5159.6000,5159.8000,5160.0000,1,1,1,1,12,1,2,3,1,1
SF,IC2009,2020-05-27 09:31:27.700,5158.0000,45280,0,167199160.000,0,-,-,-,-,5158.2000,5157.6000,5157.4000,5157.2000,5157.0000,5159.2000,5159.4000,5159.6000,5159.8000,5160.0000,1,1,1,12,1,1,1,3,1,1
SF,IC2009,2020-05-27 09:31:28.200,5158.2000,45279,-1,168230800.000,1,0,1,双平,S,5158.2000,5158.0000,5157.6000,5157.4000,5157.2000,5159.4000,5159.6000,5159.8000,5160.0000,5160.2000,1,1,1,1,12,1,3,1,1,1
SF,IC2009,2020-05-27 09:31:28.700,5159.4000,45278,-1,169262680.000,1,0,1,双平,S,5158.2000,5158.0000,5157.6000,5157.4000,5157.2000,5159.6000,5159.8000,5160.0000,5160.2000,5161.2000,1,1,1,1,12,1,1,1,1,2
SF,IC2009,2020-05-27 09:31:29.200,5159.4000,45278,0,169262680.000,0,-,-,-,-,5158.6000,5158.2000,5157.6000,5157.4000,5157.2000,5159.6000,5159.8000,5160.0000,5160.2000,5161.2000,1,1,1,1,11,1,1,1,1,2
SF,IC2009,2020-05-27 09:31:29.700,5159.4000,45278,0,169262680.000,0,-,-,-,-,5158.6000,5158.2000,5157.6000,5157.4000,5157.2000,5159.4000,5159.6000,5159.8000,5160.0000,5160.2000,1,1,1,1,11,1,1,1,1,1
SF,IC2009,2020-05-27 09:31:30.200,5159.4000,45278,0,169262680.000,0,-,-,-,-,5158.2000,5157.6000,5157.4000,5157.2000,5157.0000,5159.4000,5159.6000,5159.8000,5160.0000,5160.2000,1,1,1,11,1,1,1,1,1,1
SF,IC2009,2020-05-27 09:31:30.700,5159.4000,45278,0,169262680.000,0,-,-,-,-,5158.2000,5157.6000,5157.4000,5157.2000,5157.0000,5158.6000,5159.2000,5159.4000,5159.6000,5159.8000,1,1,1,11,1,1,3,2,1,1
SF,IC2009,2020-05-27 09:31:31.200,5158.2000,45277,-1,170294320.000,1,0,1,双平,S,5157.6000,5157.4000,5157.2000,5157.0000,5156.2000,5158.6000,5159.2000,5159.4000,5159.6000,5159.8000,1,1,11,1,1,1,3,2,1,1
SF,IC2009,2020-05-27 09:31:31.700,5158.2000,45277,0,170294320.000,0,-,-,-,-,5158.2000,5157.6000,5157.4000,5157.2000,5157.0000,5158.6000,5159.2000,5159.4000,5159.6000,5159.8000,1,1,1,11,1,1,3,2,1,1
SF,IC2009,2020-05-27 09:31:32.200,5158.2000,45276,-1,171325960.000,1,0,1,双平,S,5157.6000,5157.4000,5157.2000,5157.0000,5156.2000,5158.4000,5158.6000,5159.2000,5159.4000,5159.6000,1,1,11,1,1,1,1,3,2,1
SF,IC2009,2020-05-27 09:31:32.700,5158.2000,45276,0,171325960.000,0,-,-,-,-,5157.6000,5157.4000,5157.2000,5157.0000,5156.2000,5158.6000,5159.2000,5159.4000,5159.6000,5159.8000,1,1,11,1,1,1,1,1,1,1
SF,IC2009,2020-05-27 09:31:33.200,5158.2000,45276,0,171325960.000,0,-,-,-,-,5157.6000,5157.4000,5157.2000,5157.0000,5156.2000,5158.4000,5158.6000,5159.2000,5159.4000,5159.6000,1,1,11,1,1,1,1,1,1,1
SF,IC2009,2020-05-27 09:31:33.700,5158.2000,45276,0,171325960.000,0,-,-,-,-,5157.6000,5157.4000,5157.2000,5157.0000,5156.2000,5158.4000,5158.6000,5159.2000,5159.4000,5159.6000,1,1,11,1,1,2,1,1,1,1
SF,IC2009,2020-05-27 09:31:35.700,5157.6000,45274,-2,173389160.000,2,0,2,双平,S,5157.4000,5157.2000,5157.0000,5156.2000,5156.0000,5158.6000,5159.2000,5159.4000,5159.6000,5159.8000,1,11,1,1,3,1,1,1,1,1
SF,IC2009,2020-05-27 09:31:36.200,5157.6000,45274,0,173389160.000,0,-,-,-,-,5157.6000,5157.4000,5157.2000,5157.0000,5156.2000,5158.6000,5159.2000,5159.4000,5159.6000,5159.8000,1,2,11,1,1,1,1,1,1,1
SF,IC2009,2020-05-27 09:31:36.700,5157.6000,45273,-1,174420680.000,1,0,1,双平,S,5157.4000,5157.2000,5157.0000,5156.2000,5156.0000,5158.6000,5159.2000,5159.4000,5159.6000,5159.8000,2,11,1,1,3,1,1,1,1,1
SF,IC2009,2020-05-27 09:31:37.200,5157.6000,45273,0,174420680.000,0,-,-,-,-,5157.4000,5157.2000,5157.0000,5156.2000,5156.0000,5158.4000,5158.6000,5159.4000,5159.6000,5159.8000,1,11,1,1,3,1,1,1,1,1
SF,IC2009,2020-05-27 09:31:37.700,5157.6000,45273,0,174420680.000,0,-,-,-,-,5157.4000,5157.2000,5157.0000,5156.2000,5156.0000,5158.4000,5158.6000,5159.4000,5159.6000,5159.8000,1,11,1,1,3,2,1,1,1,1
SF,IC2009,2020-05-27 09:31:38.200,5157.4000,45273,0,175452160.000,1,0,1,多换,S,5157.2000,5157.0000,5156.2000,5156.0000,5153.6000,5158.4000,5158.6000,5159.4000,5159.6000,5159.8000,11,1,1,3,1,1,1,1,1,1
SF,IC2009,2020-05-27 09:31:38.700,5157.4000,45273,0,175452160.000,0,-,-,-,-,5157.2000,5157.0000,5156.2000,5156.0000,5153.6000,5158.4000,5158.6000,5159.4000,5159.6000,5159.8000,11,1,1,3,1,3,1,1,1,1
SF,IC2009,2020-05-27 09:31:39.200,5157.4000,45273,0,175452160.000,0,-,-,-,-,5157.2000,5157.0000,5156.2000,5156.0000,5153.6000,5157.4000,5158.4000,5158.6000,5159.0000,5159.4000,11,1,1,3,1,2,3,1,1,1
SF,IC2009,2020-05-27 09:31:39.700,5157.4000,45272,-1,179578080.000,4,1,3,多平,S,5157.2000,5157.0000,5156.2000,5156.0000,5153.6000,5158.4000,5158.6000,5159.0000,5159.4000,5159.6000,11,1,1,3,1,2,1,1,1,1
SF,IC2009,2020-05-27 09:31:40.200,5157.4000,45272,0,179578080.000,0,-,-,-,-,5157.2000,5157.0000,5156.2000,5156.0000,5153.6000,5158.4000,5159.0000,5159.4000,5159.6000,5160.0000,11,1,1,3,1,1,1,1,1,1
SF,IC2009,2020-05-27 09:31:40.700,5157.4000,45272,0,179578080.000,0,-,-,-,-,5157.8000,5157.2000,5157.0000,5156.2000,5156.0000,5158.4000,5159.0000,5159.4000,5159.6000,5160.0000,1,11,1,1,3,1,1,1,1,1
SF,IC2009,2020-05-27 09:31:41.200,5157.4000,45272,0,179578080.000,0,-,-,-,-,5157.8000,5157.2000,5157.0000,5156.2000,5156.0000,5158.4000,5159.0000,5159.4000,5159.6000,5160.0000,1,11,1,1,3,2,1,1,1,1
SF,IC2009,2020-05-27 09:31:41.700,5157.2000,45272,0,181641000.000,2,1,1,多换,S,5157.2000,5157.0000,5156.2000,5156.0000,5153.6000,5158.4000,5159.0000,5159.4000,5159.6000,5160.0000,10,1,1,3,1,2,1,1,1,1
SF,IC2009,2020-05-27 09:31:42.700,5157.2000,45272,0,181641000.000,0,-,-,-,-,5157.2000,5157.0000,5156.2000,5156.0000,5153.6000,5158.4000,5159.0000,5159.4000,5160.0000,5160.2000,10,1,1,3,1,2,1,1,1,1
SF,IC2009,2020-05-27 09:31:43.200,5157.2000,45272,0,181641000.000,0,-,-,-,-,5157.2000,5157.0000,5156.2000,5156.0000,5153.6000,5158.2000,5158.4000,5159.4000,5160.0000,5160.2000,10,1,1,3,1,1,2,1,1,1
SF,IC2009,2020-05-27 09:31:43.700,5157.2000,45272,0,181641000.000,0,-,-,-,-,5157.2000,5156.2000,5156.0000,5153.6000,5152.0000,5158.0000,5158.2000,5158.4000,5159.4000,5160.0000,10,1,3,1,1,1,2,1,1,1
SF,IC2009,2020-05-27 09:31:44.200,5157.2000,45272,0,182672440.000,1,0,1,多换,S,5157.2000,5156.2000,5156.0000,5153.6000,5152.0000,5157.6000,5158.0000,5158.2000,5158.4000,5159.4000,9,1,3,1,1,3,2,2,1,1
SF,IC2009,2020-05-27 09:31:44.700,5158.2000,45272,0,184735680.000,2,1,1,多换,S,5157.2000,5156.2000,5156.0000,5153.6000,5152.0000,5158.2000,5158.4000,5159.4000,5160.0000,5160.2000,9,1,3,1,1,1,1,1,1,1
SF,IC2009,2020-05-27 09:31:45.200,5158.2000,45272,0,184735680.000,0,-,-,-,-,5157.2000,5156.2000,5156.0000,5153.6000,5152.0000,5157.6000,5158.2000,5158.4000,5159.4000,5160.0000,9,1,3,1,1,1,1,1,1,1
SF,IC2009,2020-05-27 09:31:45.700,5158.2000,45272,0,184735680.000,0,-,-,-,-,5157.2000,5156.2000,5156.0000,5153.6000,5152.0000,5157.6000,5158.0000,5158.2000,5158.4000,5159.4000,9,1,3,1,1,1,1,1,1,1
SF,IC2009,2020-05-27 09:31:46.200,5157.2000,45272,0,186798560.000,2,1,1,多换,S,5157.2000,5156.2000,5156.0000,5153.6000,5152.0000,5157.6000,5158.0000,5158.2000,5158.4000,5159.4000,7,1,3,1,1,1,1,1,1,1
SF,IC2009,2020-05-27 09:31:46.700,5157.2000,45272,0,187830000.000,1,0,1,多换,S,5157.2000,5156.2000,5156.0000,5153.6000,5152.0000,5157.6000,5158.0000,5158.2000,5158.4000,5159.4000,6,1,3,1,1,1,1,1,1,1
SF,IC2009,2020-05-27 09:31:47.200,5157.2000,45273,1,188861440.000,1,1,0,双开,S,5157.2000,5156.2000,5156.0000,5153.6000,5152.0000,5157.6000,5158.0000,5158.2000,5158.4000,5159.4000,5,1,3,1,1,1,1,1,1,1
SF,IC2009,2020-05-27 09:31:47.700,5157.6000,45274,1,189892960.000,1,1,0,双开,S,5157.2000,5156.2000,5156.0000,5153.6000,5152.0000,5158.0000,5158.2000,5158.4000,5159.4000,5160.0000,5,1,3,1,1,1,1,1,1,1
SF,IC2009,2020-05-27 09:31:48.200,5157.6000,45274,0,189892960.000,0,-,-,-,-,5157.2000,5156.2000,5156.0000,5153.6000,5152.0000,5157.6000,5158.0000,5158.2000,5158.4000,5159.4000,5,1,3,1,1,5,1,1,1,1
SF,IC2009,2020-05-27 09:31:48.700,5157.2000,45275,1,190924400.000,1,1,0,双开,S,5157.2000,5156.2000,5156.0000,5153.6000,5152.0000,5157.6000,5158.0000,5158.2000,5158.4000,5159.4000,4,1,3,1,1,5,1,1,1,1
SF,IC2009,2020-05-27 09:31:49.200,5157.2000,45275,0,194018720.000,3,1,2,多换,S,5157.2000,5156.2000,5156.0000,5153.6000,5152.0000,5157.6000,5158.0000,5158.2000,5158.4000,5159.2000,1,1,3,1,1,5,1,1,1,2
SF,IC2009,2020-05-27 09:31:49.700,5157.2000,45275,0,195050160.000,1,0,1,多换,S,5156.2000,5156.0000,5153.6000,5152.0000,5151.0000,5157.0000,5157.6000,5158.0000,5158.2000,5158.4000,1,3,1,1,2,1,5,1,1,1
SF,IC2009,2020-05-27 09:31:50.200,5157.2000,45275,0,195050160.000,0,-,-,-,-,5156.4000,5156.2000,5156.0000,5153.6000,5152.0000,5157.6000,5158.0000,5158.2000,5158.4000,5159.2000,1,1,3,1,1,5,1,1,1,2
SF,IC2009,2020-05-27 09:31:50.700,5157.2000,45275,0,195050160.000,0,-,-,-,-,5156.4000,5156.2000,5156.0000,5153.6000,5152.0000,5157.4000,5158.0000,5158.2000,5158.4000,5159.2000,2,1,3,1,1,1,1,1,1,2
SF,IC2009,2020-05-27 09:31:51.200,5156.4000,45274,-1,196081440.000,1,0,1,双平,S,5156.2000,5156.0000,5153.6000,5152.0000,5151.0000,5157.2000,5157.4000,5158.0000,5158.2000,5158.4000,1,3,1,1,2,2,2,1,1,1
SF,IC2009,2020-05-27 09:31:51.700,5157.2000,45274,0,199175520.000,3,1,2,多换,S,5156.0000,5153.6000,5152.0000,5151.0000,5150.0000,5157.2000,5157.4000,5158.0000,5158.4000,5160.0000,3,1,1,2,10,2,1,1,1,1
SF,IC2009,2020-05-27 09:31:52.200,5156.0000,45273,-1,200206720.000,1,0,1,双平,S,5156.0000,5153.6000,5152.0000,5151.0000,5150.0000,5157.2000,5157.4000,5158.0000,5158.4000,5160.0000,2,1,1,2,10,1,1,1,1,1
SF,IC2009,2020-05-27 09:31:52.700,5156.0000,45273,0,201237920.000,1,0,1,多换,S,5156.0000,5153.6000,5152.0000,5151.0000,5150.0000,5158.0000,5158.4000,5160.0000,5160.2000,5161.2000,1,1,1,2,10,1,1,1,1,2
SF,IC2009,2020-05-27 09:31:53.200,5156.0000,45273,0,201237920.000,0,-,-,-,-,5156.2000,5156.0000,5153.6000,5152.0000,5151.0000,5156.8000,5157.4000,5157.8000,5158.0000,5158.4000,1,1,1,1,2,1,3,1,1,1
SF,IC2009,2020-05-27 09:31:53.700,5156.0000,45273,0,201237920.000,0,-,-,-,-,5156.0000,5153.6000,5152.0000,5151.0000,5150.0000,5156.8000,5157.0000,5157.4000,5157.6000,5157.8000,1,1,1,2,10,2,5,3,1,1
SF,IC2009,2020-05-27 09:31:54.200,5156.0000,45273,0,201237920.000,0,-,-,-,-,5156.0000,5153.6000,5152.0000,5151.0000,5150.0000,5156.8000,5157.4000,5157.8000,5158.0000,5158.4000,1,1,1,2,10,2,3,1,1,1
SF,IC2009,2020-05-27 09:31:54.700,5156.0000,45272,-1,202269120.000,1,0,1,双平,S,5153.6000,5152.0000,5151.0000,5150.0000,5146.2000,5156.8000,5157.4000,5157.8000,5158.0000,5158.4000,1,1,2,10,3,2,3,1,2,1
SF,IC2009,2020-05-27 09:31:55.200,5156.0000,45272,0,202269120.000,0,-,-,-,-,5154.6000,5153.8000,5153.6000,5152.0000,5151.0000,5156.6000,5156.8000,5157.2000,5157.4000,5157.8000,1,1,2,1,2,1,1,1,3,1
SF,IC2009,2020-05-27 09:31:55.700,5156.6000,45271,-1,203300440.000,1,0,1,双平,S,5154.8000,5154.6000,5153.8000,5153.6000,5152.0000,5156.8000,5157.2000,5157.4000,5157.8000,5158.0000,2,3,2,2,1,1,1,3,1,2
SF,IC2009,2020-05-27 09:31:56.200,5156.8000,45270,-1,204331800.000,1,0,1,双平,S,5155.0000,5154.8000,5154.6000,5153.8000,5153.6000,5157.2000,5157.4000,5158.0000,5158.4000,5160.2000,1,1,2,2,1,1,3,2,1,1
SF,IC2009,2020-05-27 09:31:56.700,5156.8000,45270,0,204331800.000,0,-,-,-,-,5155.2000,5155.0000,5154.6000,5153.8000,5153.6000,5157.2000,5157.4000,5158.0000,5158.4000,5160.2000,1,1,2,2,1,1,3,2,1,1
SF,IC2009,2020-05-27 09:31:57.200,5156.8000,45270,0,204331800.000,0,-,-,-,-,5155.4000,5155.2000,5154.6000,5153.8000,5153.6000,5156.8000,5157.2000,5158.0000,5158.4000,5160.2000,1,2,1,2,1,1,1,2,1,1
SF,IC2009,2020-05-27 09:31:57.700,5157.2000,45270,0,206394600.000,2,1,1,多换,S,5156.8000,5155.8000,5155.6000,5155.4000,5155.2000,5158.0000,5158.4000,5160.2000,5161.2000,5161.6000,1,1,2,1,2,2,1,1,2,1
SF,IC2009,2020-05-27 09:31:58.200,5157.2000,45270,0,206394600.000,0,-,-,-,-,5156.8000,5155.8000,5155.6000,5155.4000,5155.2000,5158.0000,5158.4000,5160.2000,5161.2000,5161.6000,2,1,1,1,1,2,1,1,2,1
SF,IC2009,2020-05-27 09:31:58.700,5157.2000,45270,0,206394600.000,0,-,-,-,-,5156.8000,5155.8000,5155.6000,5153.8000,5153.6000,5157.8000,5158.0000,5158.4000,5160.2000,5161.2000,1,1,1,2,1,1,2,1,1,2
SF,IC2009,2020-05-27 09:31:59.200,5157.8000,45269,-1,207426160.000,1,0,1,双平,S,5156.8000,5155.8000,5155.6000,5153.8000,5153.6000,5157.8000,5158.0000,5160.2000,5161.2000,5161.6000,1,1,1,2,1,1,2,1,2,1
SF,IC2009,2020-05-27 09:31:59.700,5157.8000,45269,0,207426160.000,0,-,-,-,-,5157.0000,5156.8000,5155.8000,5153.8000,5153.6000,5157.8000,5158.0000,5160.2000,5161.2000,5161.6000,1,1,1,2,1,1,2,1,2,1
SF,IC2009,2020-05-27 09:32:00.200,5157.8000,45269,0,207426160.000,0,-,-,-,-,5157.0000,5156.8000,5155.8000,5153.8000,5153.6000,5157.8000,5158.0000,5160.2000,5161.2000,5161.6000,1,2,1,2,1,1,2,1,2,1
SF,IC2009,2020-05-27 09:32:00.700,5157.8000,45269,0,207426160.000,0,-,-,-,-,5157.0000,5156.8000,5155.8000,5153.8000,5153.6000,5157.4000,5158.0000,5160.2000,5161.2000,5161.6000,1,2,1,2,1,2,2,1,2,1
SF,IC2009,2020-05-27 09:32:01.200,5156.8000,45267,-2,210520280.000,3,0,3,多平,S,5155.8000,5153.8000,5153.6000,5152.0000,5151.0000,5157.0000,5157.2000,5157.4000,5157.8000,5158.0000,1,2,1,1,2,1,6,1,1,2
SF,IC2009,2020-05-27 09:32:01.700,5155.8000,45266,-1,211551440.000,1,0,1,双平,S,5153.8000,5153.6000,5152.0000,5151.0000,5150.0000,5155.2000,5156.8000,5157.0000,5157.2000,5157.4000,2,1,1,2,10,1,1,8,5,1
SF,IC2009,2020-05-27 09:32:02.200,5154.6000,45264,-2,213613400.000,2,0,2,双平,S,5154.6000,5154.2000,5154.0000,5153.8000,5153.6000,5155.2000,5155.8000,5156.8000,5157.6000,5157.8000,1,1,2,2,1,1,1,1,1,1
SF,IC2009,2020-05-27 09:32:02.700,5154.6000,45264,0,213613400.000,0,-,-,-,-,5154.0000,5153.8000,5153.6000,5152.0000,5151.0000,5154.6000,5155.2000,5155.8000,5156.8000,5157.6000,2,2,1,1,2,1,1,1,1,1
SF,IC2009,2020-05-27 09:32:03.200,5154.6000,45263,-1,214644320.000,1,0,1,双平,S,5154.0000,5153.6000,5152.0000,5151.0000,5150.0000,5154.6000,5155.2000,5155.8000,5156.8000,5157.6000,1,1,1,2,10,1,1,1,3,1
SF,IC2009,2020-05-27 09:32:03.700,5155.2000,45262,-1,216706280.000,2,0,2,多平,S,5154.0000,5153.8000,5153.6000,5152.0000,5151.0000,5156.8000,5157.6000,5157.8000,5158.0000,5160.0000,1,1,1,1,2,3,1,1,2,1
SF,IC2009,2020-05-27 09:32:04.200,5154.0000,45262,0,217737080.000,1,0,1,多换,S,5153.8000,5153.6000,5153.4000,5152.0000,5151.0000,5155.4000,5155.6000,5156.4000,5156.6000,5156.8000,1,1,1,1,2,1,5,1,4,4
SF,IC2009,2020-05-27 09:32:04.700,5155.4000,45262,0,218768160.000,1,0,1,多换,S,5154.2000,5154.0000,5153.8000,5153.6000,5153.4000,5155.4000,5155.6000,5156.6000,5156.8000,5157.6000,1,1,1,1,1,2,5,4,3,1
SF,IC2009,2020-05-27 09:32:05.200,5155.4000,45262,0,218768160.000,0,-,-,-,-,5154.2000,5154.0000,5153.8000,5153.6000,5153.4000,5156.6000,5156.8000,5157.6000,5157.8000,5158.0000,2,2,1,1,1,3,3,1,1,2
SF,IC2009,2020-05-27 09:32:05.700,5155.4000,45262,0,218768160.000,0,-,-,-,-,5154.4000,5154.2000,5153.8000,5153.6000,5153.4000,5155.0000,5156.0000,5156.2000,5156.6000,5156.8000,1,3,1,1,1,1,3,1,3,3
SF,IC2009,2020-05-27 09:32:06.200,5155.0000,45261,-1,219799160.000,1,0,1,双平,S,5155.0000,5154.4000,5154.2000,5153.8000,5153.6000,5156.6000,5156.8000,5157.6000,5157.8000,5158.0000,3,1,2,1,1,1,3,1,1,2
SF,IC2009,2020-05-27 09:32:06.700,5155.0000,45261,0,219799160.000,0,-,-,-,-,5155.2000,5155.0000,5154.2000,5153.8000,5153.6000,5156.4000,5156.6000,5156.8000,5157.6000,5157.8000,1,3,2,1,1,1,1,1,1,1
SF,IC2009,2020-05-27 09:32:07.200,5155.0000,45261,0,219799160.000,0,-,-,-,-,5155.2000,5155.0000,5154.2000,5153.8000,5153.6000,5155.8000,5156.2000,5156.6000,5156.8000,5157.6000,1,3,2,1,1,1,3,1,1,1
SF,IC2009,2020-05-27 09:32:07.700,5155.2000,45260,-1,220830200.000,1,0,1,双平,S,5155.0000,5154.2000,5153.8000,5153.6000,5153.4000,5155.4000,5155.8000,5156.2000,5156.6000,5156.8000,1,2,1,1,1,1,5,2,2,1
SF,IC2009,2020-05-27 09:32:08.200,5155.0000,45259,-1,221861200.000,1,0,1,双平,S,5154.2000,5153.8000,5153.6000,5153.4000,5151.0000,5155.8000,5156.2000,5156.6000,5156.8000,5157.6000,2,1,1,1,2,5,2,1,1,1
SF,IC2009,2020-05-27 09:32:08.700,5155.0000,45259,0,221861200.000,0,-,-,-,-,5154.2000,5153.8000,5153.6000,5153.4000,5151.0000,5155.4000,5155.6000,5155.8000,5156.2000,5156.6000,2,1,1,1,2,3,2,5,1,1
SF,IC2009,2020-05-27 09:32:09.200,5155.2000,45259,0,222892240.000,1,0,1,多换,S,5155.4000,5154.2000,5153.8000,5153.6000,5153.4000,5155.6000,5156.2000,5156.6000,5156.8000,5157.6000,1,2,1,1,1,2,1,1,1,1
SF,IC2009,2020-05-27 09:32:09.700,5155.4000,45259,0,223923320.000,1,0,1,多换,S,5154.2000,5153.8000,5153.6000,5153.4000,5151.0000,5155.4000,5155.6000,5156.2000,5156.6000,5156.8000,4,1,1,1,2,3,1,1,1,1
SF,IC2009,2020-05-27 09:32:10.200,5155.4000,45259,0,223923320.000,0,-,-,-,-,5154.2000,5153.8000,5153.6000,5153.4000,5151.0000,5155.4000,5156.2000,5156.8000,5157.6000,5157.8000,4,1,1,1,2,1,1,1,1,1
SF,IC2009,2020-05-27 09:32:10.700,5155.4000,45259,0,224954400.000,1,0,1,多换,S,5154.2000,5154.0000,5153.8000,5153.6000,5153.4000,5156.0000,5156.2000,5156.8000,5157.6000,5157.8000,4,1,1,1,1,2,1,1,1,1
SF,IC2009,2020-05-27 09:32:11.200,5155.4000,45259,0,224954400.000,0,-,-,-,-,5154.2000,5154.0000,5153.8000,5153.6000,5153.4000,5155.2000,5155.6000,5155.8000,5156.0000,5156.2000,4,1,1,1,1,6,1,3,2,1
SF,IC2009,2020-05-27 09:32:11.700,5154.2000,45259,0,227016080.000,2,1,1,多换,S,5154.2000,5154.0000,5153.8000,5153.6000,5153.4000,5154.8000,5155.0000,5155.2000,5156.0000,5156.2000,2,1,1,1,1,3,2,5,2,1
SF,IC2009,2020-05-27 09:32:12.200,5154.2000,45260,1,230108600.000,3,2,1,空开,S,5154.2000,5154.0000,5153.8000,5153.6000,5153.4000,5154.8000,5155.0000,5155.2000,5156.8000,5157.6000,1,1,1,1,1,3,2,7,1,1
SF,IC2009,2020-05-27 09:32:12.700,5154.2000,45260,0,231139440.000,1,0,1,多换,S,5154.0000,5153.8000,5153.6000,5153.4000,5151.8000,5154.2000,5154.6000,5154.8000,5155.2000,5156.8000,1,1,1,1,3,2,2,3,2,1
SF,IC2009,2020-05-27 09:32:13.200,5153.8000,45259,-1,233201000.000,2,0,2,多平,S,5153.6000,5153.4000,5151.8000,5151.0000,5150.0000,5153.8000,5154.0000,5154.2000,5154.6000,5154.8000,1,1,3,2,10,1,1,2,1,3
SF,IC2009,2020-05-27 09:32:13.700,5153.8000,45259,0,233201000.000,0,-,-,-,-,5153.6000,5153.4000,5151.8000,5151.0000,5150.0000,5153.8000,5154.0000,5154.2000,5154.6000,5154.8000,1,1,3,2,10,1,2,2,1,3
SF,IC2009,2020-05-27 09:32:14.200,5153.4000,45258,-1,235262400.000,2,0,2,多平,S,5151.8000,5151.0000,5150.0000,5146.2000,5146.0000,5153.6000,5153.8000,5154.2000,5154.6000,5154.8000,3,2,10,3,2,1,1,2,1,3
SF,IC2009,2020-05-27 09:32:14.700,5153.4000,45258,0,235262400.000,0,-,-,-,-,5152.0000,5151.8000,5151.0000,5150.0000,5146.2000,5153.8000,5154.2000,5155.0000,5156.8000,5157.6000,2,3,2,10,3,1,2,1,1,1
SF,IC2009,2020-05-27 09:32:15.200,5153.4000,45258,0,236293080.000,1,0,1,多换,S,5152.0000,5151.8000,5151.0000,5150.0000,5146.2000,5153.4000,5153.6000,5154.2000,5155.0000,5156.8000,1,3,2,10,3,5,2,1,1,1
SF,IC2009,2020-05-27 09:32:15.700,5152.0000,45257,-1,237323480.000,1,0,1,双平,S,5151.8000,5151.0000,5150.0000,5146.2000,5146.0000,5153.4000,5153.6000,5154.2000,5155.0000,5156.8000,3,2,10,3,2,5,1,1,1,1
SF,IC2009,2020-05-27 09:32:16.200,5152.0000,45257,0,237323480.000,0,-,-,-,-,5151.8000,5151.0000,5150.0000,5146.2000,5146.0000,5153.2000,5153.4000,5154.2000,5155.0000,5156.2000,3,2,10,3,2,2,5,1,1,5
SF,IC2009,2020-05-27 09:32:16.700,5151.8000,45256,-1,238353840.000,1,0,1,双平,S,5152.6000,5151.8000,5151.0000,5150.0000,5146.2000,5153.2000,5153.4000,5154.2000,5155.0000,5156.2000,1,2,2,10,3,2,5,1,1,5
SF,IC2009,2020-05-27 09:32:17.200,5152.6000,45255,-1,239384360.000,1,0,1,双平,S,5151.8000,5151.0000,5150.0000,5146.2000,5146.0000,5152.6000,5153.4000,5154.2000,5155.0000,5156.2000,2,2,13,3,2,1,5,1,1,5
SF,IC2009,2020-05-27 09:32:17.700,5153.4000,45256,1,240415040.000,1,1,0,双开,S,5152.0000,5151.8000,5151.0000,5150.0000,5146.2000,5153.4000,5155.0000,5156.2000,5156.8000,5157.6000,1,2,2,13,3,4,1,5,1,1
SF,IC2009,2020-05-27 09:32:18.200,5151.8000,45254,-2,242475800.000,2,0,2,双平,S,5151.8000,5151.0000,5150.0000,5146.2000,5146.0000,5153.0000,5153.2000,5153.4000,5155.0000,5156.2000,1,2,13,3,2,3,2,4,1,5
SF,IC2009,2020-05-27 09:32:18.700,5152.8000,45253,-1,243506360.000,1,0,1,双平,S,5151.8000,5151.0000,5150.0000,5146.2000,5146.0000,5152.8000,5153.2000,5153.4000,5155.0000,5156.2000,2,2,13,3,2,1,1,4,1,5
SF,IC2009,2020-05-27 09:32:19.200,5152.8000,45253,0,243506360.000,0,-,-,-,-,5151.8000,5151.0000,5150.0000,5146.2000,5146.0000,5152.8000,5153.2000,5153.4000,5155.0000,5156.2000,2,2,13,3,2,1,1,4,1,5
SF,IC2009,2020-05-27 09:32:20.200,5152.8000,45253,0,243506360.000,0,-,-,-,-,5151.8000,5151.0000,5150.0000,5146.2000,5146.0000,5152.8000,5153.2000,5153.4000,5155.0000,5156.2000,2,2,13,3,2,1,1,4,2,5
SF,IC2009,2020-05-27 09:32:20.700,5152.8000,45253,0,244536920.000,1,0,1,多换,S,5151.8000,5151.0000,5150.0000,5146.2000,5146.0000,5152.2000,5153.4000,5155.0000,5156.2000,5156.8000,2,2,13,3,2,2,4,2,5,1
SF,IC2009,2020-05-27 09:32:21.200,5152.2000,45251,-2,246597800.000,2,0,2,双平,S,5152.4000,5152.2000,5152.0000,5151.8000,5151.0000,5155.0000,5156.2000,5156.8000,5158.0000,5160.0000,1,3,1,2,2,2,5,1,4,1
SF,IC2009,2020-05-27 09:32:21.700,5152.4000,45250,-1,248658760.000,2,0,2,多平,S,5152.0000,5151.8000,5151.0000,5150.0000,5146.2000,5153.2000,5153.4000,5153.6000,5153.8000,5154.0000,1,2,2,13,3,1,3,1,2,1
SF,IC2009,2020-05-27 09:32:22.200,5152.0000,45248,-2,250719560.000,2,0,2,双平,S,5151.8000,5151.0000,5150.0000,5146.2000,5146.0000,5152.2000,5152.4000,5152.8000,5153.0000,5153.4000,2,2,13,3,2,3,1,1,2,2
SF,IC2009,2020-05-27 09:32:22.700,5152.4000,45247,-1,254841360.000,4,1,3,多平,S,5151.8000,5151.0000,5150.0000,5146.2000,5146.0000,5153.0000,5154.0000,5154.4000,5154.8000,5155.0000,2,2,13,3,2,1,1,2,7,2
SF,IC2009,2020-05-27 09:32:23.200,5153.0000,45246,-1,255871960.000,1,0,1,双平,S,5152.2000,5152.0000,5151.8000,5151.0000,5150.0000,5154.0000,5154.4000,5154.8000,5155.0000,5156.2000,2,3,2,2,13,1,1,4,2,5
SF,IC2009,2020-05-27 09:32:23.700,5153.0000,45246,0,255871960.000,0,-,-,-,-,5152.6000,5152.4000,5152.2000,5151.8000,5151.0000,5154.0000,5154.8000,5155.0000,5156.8000,5158.0000,1,5,2,3,2,1,3,2,1,4
SF,IC2009,2020-05-27 09:32:24.200,5153.0000,45246,0,255871960.000,0,-,-,-,-,5152.8000,5152.6000,5152.4000,5152.2000,5151.8000,5154.8000,5155.0000,5156.8000,5158.0000,5160.0000,2,4,1,2,2,3,2,1,4,1
SF,IC2009,2020-05-27 09:32:24.700,5153.0000,45246,0,255871960.000,0,-,-,-,-,5152.8000,5152.6000,5152.4000,5152.2000,5151.8000,5153.8000,5154.4000,5154.6000,5154.8000,5155.0000,1,2,1,2,2,1,1,2,1,2
SF,IC2009,2020-05-27 09:32:25.200,5153.0000,45246,0,255871960.000,0,-,-,-,-,5153.0000,5152.8000,5152.6000,5152.4000,5152.2000,5154.6000,5155.0000,5156.8000,5158.0000,5160.0000,3,3,1,1,2,1,2,1,4,1
SF,IC2009,2020-05-27 09:32:25.700,5153.0000,45246,0,255871960.000,0,-,-,-,-,5153.2000,5152.8000,5152.6000,5152.4000,5152.2000,5154.6000,5155.0000,5156.8000,5158.0000,5160.0000,3,2,1,1,2,1,2,1,4,1
SF,IC2009,2020-05-27 09:32:26.200,5153.0000,45246,0,255871960.000,0,-,-,-,-,5153.8000,5153.4000,5153.2000,5152.4000,5152.2000,5154.4000,5155.0000,5156.8000,5158.0000,5160.0000,1,3,1,1,2,1,2,1,4,1
SF,IC2009,2020-05-27 09:32:26.700,5153.8000,45246,0,256902720.000,1,0,1,多换,S,5153.4000,5153.2000,5152.4000,5152.2000,5151.8000,5154.0000,5154.4000,5155.0000,5156.8000,5158.0000,1,1,1,2,2,1,1,2,1,4
SF,IC2009,2020-05-27 09:32:27.200,5153.8000,45246,0,256902720.000,0,-,-,-,-,5153.2000,5152.4000,5152.2000,5151.8000,5151.0000,5154.0000,5155.0000,5156.8000,5158.0000,5160.0000,1,1,2,2,2,1,2,1,4,1
SF,IC2009,2020-05-27 09:32:28.200,5153.2000,45245,-1,257933360.000,1,0,1,双平,S,5151.8000,5151.0000,5150.0000,5147.8000,5146.2000,5153.2000,5153.8000,5155.0000,5156.8000,5158.0000,2,2,10,3,3,1,1,2,1,4
SF,IC2009,2020-05-27 09:32:28.700,5153.2000,45245,0,257933360.000,0,-,-,-,-,5152.0000,5151.8000,5151.0000,5150.0000,5147.8000,5153.2000,5153.8000,5155.0000,5156.8000,5158.0000,2,2,2,10,3,1,1,2,1,4
SF,IC2009,2020-05-27 09:32:29.200,5153.2000,45245,0,257933360.000,0,-,-,-,-,5152.2000,5152.0000,5151.8000,5151.0000,5150.0000,5153.2000,5155.0000,5156.2000,5156.8000,5158.0000,1,1,2,2,10,1,2,1,1,4
SF,IC2009,2020-05-27 09:32:29.700,5153.0000,45244,-1,258963960.000,1,0,1,双平,S,5152.0000,5151.8000,5151.0000,5150.0000,5147.8000,5153.2000,5155.0000,5156.2000,5156.8000,5158.0000,1,2,2,10,3,1,2,1,1,4
SF,IC2009,2020-05-27 09:32:30.200,5153.2000,45243,-1,261025200.000,2,0,2,多平,S,5152.2000,5152.0000,5151.8000,5151.0000,5150.0000,5153.0000,5155.0000,5156.2000,5156.8000,5158.0000,1,2,2,2,10,1,2,1,1,4
SF,IC2009,2020-05-27 09:32:30.700,5153.0000,45242,-1,263086440.000,2,0,2,多平,S,5152.2000,5152.0000,5151.8000,5151.0000,5150.0000,5155.0000,5156.2000,5156.8000,5158.0000,5160.0000,1,2,2,2,10,2,1,1,4,1
SF,IC2009,2020-05-27 09:32:31.200,5153.0000,45242,0,263086440.000,0,-,-,-,-,5152.4000,5152.2000,5151.8000,5151.0000,5150.0000,5153.8000,5154.8000,5155.0000,5156.2000,5156.8000,1,3,2,2,10,4,1,2,1,1
SF,IC2009,2020-05-27 09:32:31.700,5153.0000,45242,0,263086440.000,0,-,-,-,-,5152.4000,5152.2000,5151.8000,5151.0000,5150.0000,5153.6000,5153.8000,5154.8000,5155.0000,5156.2000,1,2,2,2,10,1,4,1,2,1
SF,IC2009,2020-05-27 09:32:32.200,5152.4000,45241,-1,264116920.000,1,0,1,双平,S,5152.2000,5151.8000,5151.0000,5150.4000,5150.0000,5153.6000,5153.8000,5154.8000,5155.0000,5156.2000,2,2,2,1,10,1,4,1,2,1
SF,IC2009,2020-05-27 09:32:32.700,5152.4000,45241,0,264116920.000,0,-,-,-,-,5152.2000,5151.8000,5151.0000,5150.4000,5150.0000,5153.4000,5153.6000,5153.8000,5154.8000,5155.0000,1,1,2,1,10,2,1,4,1,2
SF,IC2009,2020-05-27 09:32:33.200,5153.4000,45238,-3,267208880.000,3,0,3,双平,S,5152.2000,5151.8000,5151.0000,5150.4000,5150.0000,5153.4000,5153.8000,5154.8000,5155.0000,5156.2000,1,1,2,1,10,1,4,1,2,1
SF,IC2009,2020-05-27 09:32:33.700,5153.4000,45238,0,267208880.000,0,-,-,-,-,5152.4000,5152.2000,5151.8000,5151.0000,5150.4000,5153.8000,5154.8000,5155.0000,5156.2000,5156.8000,2,2,1,2,1,4,1,2,1,1
SF,IC2009,2020-05-27 09:32:34.200,5153.4000,45238,0,267208880.000,0,-,-,-,-,5152.2000,5152.0000,5151.8000,5151.0000,5150.4000,5153.2000,5153.4000,5153.6000,5154.8000,5155.0000,1,1,1,2,1,1,1,2,1,3
SF,IC2009,2020-05-27 09:32:34.700,5153.2000,45238,0,269270000.000,2,1,1,多换,S,5152.4000,5152.2000,5152.0000,5151.8000,5151.0000,5153.2000,5153.6000,5154.8000,5155.0000,5156.2000,1,1,1,1,2,3,1,1,2,1
SF,IC2009,2020-05-27 09:32:35.200,5153.2000,45238,0,269270000.000,0,-,-,-,-,5152.6000,5152.4000,5152.2000,5152.0000,5151.8000,5153.2000,5153.6000,5154.8000,5155.0000,5156.2000,1,1,1,1,1,3,1,1,2,1
SF,IC2009,2020-05-27 09:32:35.700,5152.4000,45236,-2,271331000.000,2,0,2,双平,S,5152.2000,5152.0000,5151.8000,5151.0000,5150.4000,5153.2000,5153.6000,5154.8000,5155.0000,5156.2000,1,1,1,2,1,3,1,1,2,1
SF,IC2009,2020-05-27 09:32:36.200,5153.2000,45237,1,273392080.000,2,1,1,空开,S,5152.0000,5151.8000,5151.0000,5150.4000,5150.0000,5153.2000,5153.6000,5154.8000,5155.0000,5156.2000,1,1,2,1,11,2,1,1,2,1
SF,IC2009,2020-05-27 09:32:36.700,5153.2000,45237,0,273392080.000,0,-,-,-,-,5152.0000,5151.8000,5151.0000,5150.4000,5150.0000,5153.2000,5153.6000,5154.8000,5155.0000,5156.2000,2,1,2,1,11,2,1,1,2,1
SF,IC2009,2020-05-27 09:32:37.200,5153.2000,45238,1,276484000.000,3,2,1,空开,S,5152.2000,5152.0000,5151.8000,5151.0000,5150.4000,5153.6000,5154.8000,5155.0000,5156.2000,5156.8000,2,3,1,2,1,1,1,2,1,1
SF,IC2009,2020-05-27 09:32:37.700,5153.2000,45238,0,276484000.000,0,-,-,-,-,5153.6000,5152.4000,5152.2000,5152.0000,5151.8000,5154.8000,5155.0000,5156.2000,5156.8000,5158.0000,1,2,1,4,1,1,2,1,1,4
SF,IC2009,2020-05-27 09:32:38.200,5154.0000,45238,0,278545520.000,2,1,1,多换,S,5152.2000,5152.0000,5151.8000,5151.0000,5150.4000,5154.2000,5154.4000,5154.6000,5154.8000,5155.0000,1,3,1,2,1,3,2,3,1,2
SF,IC2009,2020-05-27 09:32:38.700,5154.0000,45238,0,278545520.000,0,-,-,-,-,5152.4000,5152.2000,5152.0000,5151.8000,5151.0000,5154.0000,5155.0000,5156.2000,5156.8000,5158.0000,4,3,3,1,2,1,2,1,1,4
SF,IC2009,2020-05-27 09:32:39.200,5154.0000,45238,0,278545520.000,0,-,-,-,-,5152.6000,5152.4000,5152.2000,5152.0000,5151.8000,5154.0000,5155.0000,5156.2000,5156.8000,5158.0000,4,1,2,3,1,1,2,1,1,4
SF,IC2009,2020-05-27 09:32:39.700,5154.0000,45238,0,278545520.000,0,-,-,-,-,5152.8000,5152.6000,5152.4000,5152.2000,5152.0000,5154.0000,5155.0000,5156.2000,5156.8000,5158.0000,1,1,1,1,3,1,2,1,1,4
SF,IC2009,2020-05-27 09:32:40.200,5154.0000,45238,0,278545520.000,0,-,-,-,-,5152.6000,5152.4000,5152.0000,5151.8000,5151.0000,5154.0000,5155.0000,5156.2000,5156.8000,5158.0000,1,1,3,1,2,1,2,1,1,4
SF,IC2009,2020-05-27 09:32:40.700,5154.0000,45238,0,279576320.000,1,0,1,多换,S,5152.8000,5152.6000,5152.4000,5152.0000,5151.8000,5155.0000,5156.2000,5156.8000,5158.0000,5160.0000,1,1,1,3,1,2,1,1,4,1
SF,IC2009,2020-05-27 09:32:41.200,5153.0000,45237,-1,280606920.000,1,0,1,双平,S,5152.4000,5152.0000,5151.8000,5151.0000,5150.4000,5155.0000,5156.2000,5156.8000,5158.0000,5160.0000,1,3,1,2,1,2,1,1,4,1
SF,IC2009,2020-05-27 09:32:41.700,5153.0000,45237,0,280606920.000,0,-,-,-,-,5152.6000,5152.4000,5152.0000,5151.8000,5151.0000,5154.8000,5155.0000,5156.2000,5156.8000,5158.0000,1,1,3,1,2,3,2,1,1,4
SF,IC2009,2020-05-27 09:32:42.200,5153.0000,45237,0,280606920.000,0,-,-,-,-,5152.6000,5152.4000,5152.0000,5151.8000,5151.0000,5154.6000,5154.8000,5155.0000,5156.2000,5156.8000,1,1,3,1,2,1,3,2,1,1
SF,IC2009,2020-05-27 09:32:42.700,5153.0000,45237,0,280606920.000,0,-,-,-,-,5152.6000,5152.4000,5152.0000,5151.8000,5151.0000,5153.6000,5154.2000,5154.4000,5154.6000,5154.8000,1,1,3,1,2,1,1,3,2,6
SF,IC2009,2020-05-27 09:32:43.200,5153.6000,45236,-1,281637640.000,1,0,1,双平,S,5152.8000,5152.6000,5152.0000,5151.8000,5151.0000,5154.6000,5154.8000,5155.0000,5156.2000,5156.8000,3,3,3,1,2,2,1,2,1,1
SF,IC2009,2020-05-27 09:32:43.700,5153.6000,45236,0,281637640.000,0,-,-,-,-,5153.0000,5152.6000,5152.0000,5151.8000,5151.0000,5154.2000,5154.4000,5154.6000,5155.0000,5156.2000,2,1,3,1,2,1,5,2,2,1
SF,IC2009,2020-05-27 09:32:44.200,5153.6000,45236,0,281637640.000,0,-,-,-,-,5153.2000,5153.0000,5152.6000,5152.0000,5151.8000,5154.4000,5154.6000,5155.0000,5156.2000,5156.8000,1,2,1,3,1,1,2,2,1,1
SF,IC2009,2020-05-27 09:32:44.700,5153.6000,45236,0,281637640.000,0,-,-,-,-,5153.4000,5153.2000,5152.0000,5151.8000,5151.0000,5154.6000,5155.0000,5156.2000,5156.8000,5158.0000,1,3,3,1,2,1,2,1,1,4
SF,IC2009,2020-05-27 09:32:45.200,5153.6000,45236,0,281637640.000,0,-,-,-,-,5153.4000,5153.2000,5152.0000,5151.8000,5151.0000,5155.0000,5156.2000,5156.8000,5158.0000,5160.0000,3,1,3,1,2,2,1,1,4,1
SF,IC2009,2020-05-27 09:32:45.700,5155.0000,45235,-1,283699640.000,2,0,2,多平,S,5153.6000,5153.4000,5152.0000,5151.8000,5151.0000,5156.2000,5156.8000,5158.0000,5160.0000,5161.6000,4,2,3,1,2,1,1,4,1,1
SF,IC2009,2020-05-27 09:32:46.200,5155.0000,45235,0,283699640.000,0,-,-,-,-,5154.4000,5154.2000,5153.8000,5153.6000,5153.4000,5155.2000,5155.8000,5156.0000,5156.2000,5156.8000,1,1,1,1,1,1,2,1,1,1
SF,IC2009,2020-05-27 09:32:46.700,5154.4000,45234,-1,284730520.000,1,0,1,双平,S,5154.2000,5153.8000,5153.6000,5153.4000,5152.0000,5156.2000,5156.8000,5158.0000,5160.0000,5161.6000,1,1,1,1,3,1,1,4,1,1
SF,IC2009,2020-05-27 09:32:47.200,5154.4000,45234,0,284730520.000,0,-,-,-,-,5154.4000,5154.2000,5152.0000,5151.8000,5151.0000,5156.0000,5156.2000,5156.8000,5158.0000,5160.0000,1,1,3,1,2,3,1,1,4,1
SF,IC2009,2020-05-27 09:32:47.700,5154.4000,45234,0,284730520.000,0,-,-,-,-,5154.4000,5154.2000,5152.0000,5151.8000,5151.0000,5155.8000,5156.0000,5156.2000,5156.8000,5158.0000,2,1,3,1,2,1,3,1,1,4
SF,IC2009,2020-05-27 09:32:48.200,5154.4000,45234,0,284730520.000,0,-,-,-,-,5154.2000,5152.0000,5151.8000,5151.0000,5150.4000,5155.2000,5155.6000,5155.8000,5156.0000,5156.2000,1,3,1,2,1,1,1,4,2,1
SF,IC2009,2020-05-27 09:32:48.700,5154.4000,45234,0,284730520.000,0,-,-,-,-,5154.2000,5152.0000,5151.8000,5151.0000,5150.4000,5154.6000,5155.2000,5155.8000,5156.0000,5156.2000,1,3,1,2,1,1,1,3,2,1
SF,IC2009,2020-05-27 09:32:49.200,5154.4000,45234,0,284730520.000,0,-,-,-,-,5154.2000,5152.0000,5151.8000,5151.0000,5150.4000,5154.6000,5155.2000,5155.8000,5156.2000,5156.8000,1,3,1,2,1,1,1,2,1,1
SF,IC2009,2020-05-27 09:32:49.700,5154.6000,45233,-1,285761440.000,1,0,1,双平,S,5154.6000,5154.2000,5152.0000,5151.8000,5151.0000,5155.2000,5155.8000,5156.2000,5156.8000,5158.0000,2,2,3,1,2,1,2,1,1,4
SF,IC2009,2020-05-27 09:32:50.200,5154.6000,45233,0,285761440.000,0,-,-,-,-,5154.2000,5152.0000,5151.8000,5151.0000,5150.4000,5155.2000,5155.8000,5156.2000,5156.8000,5158.0000,2,3,1,2,1,1,2,1,1,4
SF,IC2009,2020-05-27 09:32:50.700,5154.6000,45233,0,285761440.000,0,-,-,-,-,5154.2000,5152.0000,5151.8000,5151.0000,5150.4000,5155.2000,5155.8000,5156.2000,5156.8000,5158.0000,2,3,1,2,1,1,2,1,1,4
SF,IC2009,2020-05-27 09:32:51.200,5154.6000,45233,0,285761440.000,0,-,-,-,-,5154.4000,5154.2000,5152.0000,5151.8000,5151.0000,5155.8000,5156.2000,5156.8000,5158.0000,5160.0000,2,2,3,1,2,1,1,1,4,1
SF,IC2009,2020-05-27 09:32:51.700,5154.6000,45232,-1,286792360.000,1,0,1,双平,S,5154.4000,5154.2000,5152.0000,5151.8000,5151.0000,5155.8000,5156.2000,5156.8000,5158.0000,5160.0000,1,2,3,1,2,1,1,1,4,1
SF,IC2009,2020-05-27 09:32:52.200,5154.6000,45232,0,286792360.000,0,-,-,-,-,5154.4000,5154.2000,5152.0000,5151.8000,5151.0000,5155.2000,5155.6000,5155.8000,5156.2000,5156.8000,1,2,3,1,2,1,4,2,1,1
SF,IC2009,2020-05-27 09:32:52.700,5154.6000,45232,0,286792360.000,0,-,-,-,-,5154.2000,5152.0000,5151.8000,5151.0000,5150.4000,5155.0000,5155.2000,5155.6000,5155.8000,5156.2000,2,3,1,2,1,1,1,4,2,1
SF,IC2009,2020-05-27 09:32:53.200,5155.0000,45232,0,288854360.000,2,1,1,多换,S,5155.0000,5154.2000,5152.0000,5151.8000,5151.0000,5155.6000,5156.2000,5156.8000,5158.0000,5160.0000,1,2,3,1,2,1,1,1,4,1
SF,IC2009,2020-05-27 09:32:53.700,5155.0000,45232,0,288854360.000,0,-,-,-,-,5155.0000,5154.2000,5152.0000,5151.8000,5151.0000,5155.6000,5156.2000,5156.8000,5158.0000,5160.0000,2,2,3,1,2,1,1,1,4,1
SF,IC2009,2020-05-27 09:32:54.200,5155.6000,45231,-1,289885480.000,1,0,1,双平,S,5155.2000,5155.0000,5154.2000,5153.0000,5152.0000,5156.2000,5156.8000,5158.0000,5160.0000,5161.6000,1,2,2,1,3,1,1,4,1,1
SF,IC2009,2020-05-27 09:32:54.700,5155.2000,45231,0,290916520.000,1,0,1,多换,S,5155.0000,5154.2000,5153.0000,5152.0000,5151.8000,5156.2000,5156.8000,5158.0000,5160.0000,5161.6000,2,2,1,3,1,1,1,4,1,1
SF,IC2009,2020-05-27 09:32:55.200,5155.0000,45231,0,291947520.000,1,0,1,多换,S,5154.2000,5153.0000,5152.0000,5151.8000,5151.0000,5154.4000,5156.0000,5156.2000,5156.8000,5158.0000,2,1,3,1,2,1,4,2,1,4
SF,IC2009,2020-05-27 09:32:55.700,5154.4000,45230,-1,294009280.000,2,0,2,多平,S,5154.4000,5154.2000,5153.0000,5152.0000,5151.8000,5156.0000,5156.2000,5156.8000,5158.0000,5160.0000,1,2,1,3,1,1,2,1,4,1
SF,IC2009,2020-05-27 09:32:56.200,5154.4000,45229,-1,295040160.000,1,0,1,双平,S,5154.4000,5154.2000,5153.0000,5152.0000,5151.8000,5155.2000,5156.0000,5156.2000,5156.8000,5158.0000,3,2,1,3,1,1,1,1,1,4
SF,IC2009,2020-05-27 09:32:56.700,5155.2000,45228,-1,296071200.000,1,0,1,双平,S,5155.2000,5154.6000,5154.4000,5154.2000,5153.0000,5156.0000,5156.2000,5156.8000,5158.0000,5160.0000,1,2,1,2,1,1,1,1,4,1
SF,IC2009,2020-05-27 09:32:59.200,5155.2000,45227,-1,298133280.000,2,0,2,多平,S,5154.6000,5154.4000,5154.2000,5153.0000,5152.0000,5155.8000,5156.0000,5156.2000,5156.8000,5158.0000,2,1,2,1,3,2,1,1,1,4
SF,IC2009,2020-05-27 09:32:59.700,5154.6000,45226,-1,299164200.000,1,0,1,双平,S,5154.6000,5154.4000,5154.2000,5153.0000,5152.0000,5155.6000,5155.8000,5156.2000,5156.8000,5158.0000,1,1,2,1,3,1,2,1,1,4
SF,IC2009,2020-05-27 09:33:00.200,5154.6000,45226,0,299164200.000,0,-,-,-,-,5154.6000,5154.2000,5153.0000,5152.0000,5151.8000,5155.6000,5156.2000,5156.8000,5158.0000,5160.0000,1,2,1,3,1,1,1,1,4,1
SF,IC2009,2020-05-27 09:33:00.700,5154.6000,45226,0,300195120.000,1,0,1,多换,S,5154.6000,5154.2000,5153.0000,5152.0000,5151.8000,5155.6000,5156.2000,5156.8000,5158.0000,5160.0000,1,2,1,3,1,1,1,1,4,1
SF,IC2009,2020-05-27 09:33:01.200,5154.6000,45226,0,300195120.000,0,-,-,-,-,5154.6000,5154.2000,5153.0000,5152.0000,5151.8000,5155.2000,5155.4000,5155.6000,5155.8000,5156.2000,1,2,1,3,1,1,2,4,1,1
SF,IC2009,2020-05-27 09:33:01.700,5154.6000,45225,-1,301226040.000,1,0,1,双平,S,5154.2000,5153.0000,5152.0000,5151.8000,5151.4000,5155.6000,5156.2000,5156.8000,5158.0000,5160.0000,2,1,3,1,1,3,1,1,4,1
SF,IC2009,2020-05-27 09:33:02.200,5154.6000,45225,0,301226040.000,0,-,-,-,-,5154.2000,5153.0000,5152.0000,5151.8000,5151.4000,5155.2000,5155.4000,5155.6000,5155.8000,5156.2000,2,1,3,1,1,2,5,2,1,1
SF,IC2009,2020-05-27 09:33:02.700,5154.2000,45225,0,302256880.000,1,0,1,多换,S,5154.2000,5153.0000,5152.0000,5151.8000,5151.4000,5155.2000,5155.4000,5155.6000,5155.8000,5156.2000,1,1,3,1,1,2,2,1,1,1
SF,IC2009,2020-05-27 09:33:03.200,5154.2000,45225,0,302256880.000,0,-,-,-,-,5154.2000,5153.8000,5153.0000,5152.0000,5151.8000,5155.4000,5155.6000,5156.2000,5156.8000,5157.0000,1,1,1,3,1,1,1,1,1,1
SF,IC2009,2020-05-27 09:33:03.700,5154.2000,45225,0,304318560.000,2,1,1,多换,S,5153.8000,5153.0000,5152.0000,5151.8000,5151.4000,5155.2000,5155.4000,5156.2000,5156.8000,5157.0000,1,1,3,1,1,4,3,1,1,1
SF,IC2009,2020-05-27 09:33:04.200,5154.2000,45225,0,304318560.000,0,-,-,-,-,5153.8000,5153.0000,5152.0000,5151.8000,5151.4000,5155.2000,5155.4000,5156.2000,5156.8000,5157.0000,1,1,3,1,1,4,3,1,1,1
SF,IC2009,2020-05-27 09:33:04.700,5154.2000,45225,0,304318560.000,0,-,-,-,-,5154.6000,5153.8000,5153.0000,5152.0000,5151.8000,5155.2000,5155.4000,5156.2000,5156.8000,5157.0000,4,1,1,3,1,4,3,1,1,1
SF,IC2009,2020-05-27 09:33:05.200,5154.6000,45224,-1,305349480.000,1,0,1,双平,S,5154.6000,5153.8000,5153.0000,5152.0000,5151.8000,5155.0000,5155.2000,5155.4000,5156.2000,5156.8000,3,1,1,3,1,2,4,2,1,1
SF,IC2009,2020-05-27 09:33:05.700,5154.6000,45222,-2,307411320.000,2,0,2,双平,S,5154.6000,5153.8000,5153.0000,5152.0000,5151.8000,5155.0000,5155.2000,5155.4000,5156.2000,5156.8000,1,1,1,3,1,1,2,1,1,1
SF,IC2009,2020-05-27 09:33:06.200,5153.8000,45220,-2,309473000.000,2,0,2,双平,S,5153.0000,5152.0000,5151.8000,5151.4000,5151.0000,5154.6000,5155.0000,5155.2000,5155.4000,5156.2000,1,3,1,1,2,3,1,1,1,1
SF,IC2009,2020-05-27 09:33:06.700,5153.8000,45220,0,309473000.000,0,-,-,-,-,5153.2000,5153.0000,5152.0000,5151.8000,5151.4000,5155.0000,5155.2000,5155.4000,5156.2000,5156.8000,3,3,3,1,1,1,1,1,1,1
SF,IC2009,2020-05-27 09:33:07.200,5153.8000,45220,0,309473000.000,0,-,-,-,-,5153.6000,5153.4000,5153.2000,5153.0000,5152.0000,5154.8000,5155.0000,5155.2000,5155.4000,5156.2000,2,1,2,1,3,1,1,1,1,1
SF,IC2009,2020-05-27 09:33:07.700,5153.8000,45220,0,309473000.000,0,-,-,-,-,5153.2000,5153.0000,5152.0000,5151.8000,5151.4000,5154.8000,5155.0000,5155.2000,5155.4000,5156.2000,1,1,3,1,1,3,1,1,1,1
SF,IC2009,2020-05-27 09:33:08.200,5153.8000,45220,0,309473000.000,0,-,-,-,-,5153.4000,5153.2000,5153.0000,5152.0000,5151.8000,5154.8000,5155.0000,5155.2000,5155.4000,5156.2000,2,1,1,3,1,1,1,1,1,1
SF,IC2009,2020-05-27 09:33:08.700,5153.8000,45220,0,309473000.000,0,-,-,-,-,5153.6000,5153.4000,5153.0000,5152.0000,5151.8000,5154.8000,5155.0000,5155.2000,5155.4000,5155.8000,1,2,1,3,1,1,1,1,1,1
SF,IC2009,2020-05-27 09:33:09.200,5153.4000,45220,0,310503680.000,1,0,1,多换,S,5153.4000,5153.0000,5152.0000,5151.8000,5151.4000,5154.8000,5155.0000,5155.2000,5155.4000,5155.8000,1,1,3,1,1,1,1,1,1,1
SF,IC2009,2020-05-27 09:33:09.700,5153.4000,45220,0,310503680.000,0,-,-,-,-,5153.6000,5153.0000,5152.0000,5151.8000,5151.4000,5154.8000,5155.0000,5155.2000,5155.8000,5156.2000,2,1,3,1,1,1,1,1,1,1
SF,IC2009,2020-05-27 09:33:10.200,5153.4000,45220,0,310503680.000,0,-,-,-,-,5153.0000,5152.0000,5151.8000,5151.4000,5151.0000,5154.8000,5155.0000,5155.2000,5155.8000,5156.2000,1,3,1,1,2,1,1,1,1,1
SF,IC2009,2020-05-27 09:33:10.700,5153.4000,45220,0,310503680.000,0,-,-,-,-,5153.2000,5153.0000,5152.0000,5151.8000,5151.4000,5154.8000,5155.0000,5155.2000,5155.8000,5156.2000,1,1,3,1,1,1,1,1,1,1
SF,IC2009,2020-05-27 09:33:11.200,5153.4000,45220,0,310503680.000,0,-,-,-,-,5153.4000,5153.2000,5153.0000,5152.0000,5151.8000,5154.8000,5155.0000,5155.2000,5155.8000,5156.2000,4,2,1,3,1,1,1,1,1,1
SF,IC2009,2020-05-27 09:33:11.700,5153.4000,45220,0,310503680.000,0,-,-,-,-,5153.6000,5153.4000,5153.2000,5153.0000,5152.0000,5154.8000,5155.0000,5155.2000,5155.8000,5156.2000,2,3,1,1,3,1,1,1,1,1
SF,IC2009,2020-05-27 09:33:12.200,5153.4000,45219,-1,311534360.000,1,0,1,双平,S,5153.6000,5153.4000,5153.0000,5152.0000,5151.8000,5154.8000,5155.0000,5155.2000,5155.8000,5156.2000,1,2,1,3,1,1,1,1,1,1
SF,IC2009,2020-05-27 09:33:12.700,5153.4000,45219,0,311534360.000,0,-,-,-,-,5153.4000,5153.0000,5152.0000,5151.8000,5151.4000,5154.8000,5155.0000,5155.2000,5155.8000,5156.2000,2,1,4,1,1,1,1,1,1,1
SF,IC2009,2020-05-27 09:33:13.200,5153.4000,45219,0,311534360.000,0,-,-,-,-,5153.4000,5153.0000,5152.0000,5151.8000,5151.4000,5154.8000,5155.0000,5155.2000,5155.8000,5156.2000,1,1,4,1,1,2,1,1,1,1
SF,IC2009,2020-05-27 09:33:13.700,5153.4000,45219,0,311534360.000,0,-,-,-,-,5153.6000,5153.4000,5153.0000,5152.0000,5151.8000,5154.8000,5155.0000,5155.8000,5156.2000,5156.8000,3,2,1,5,1,1,1,1,1,1
SF,IC2009,2020-05-27 09:33:14.200,5154.8000,45218,-1,312565320.000,1,0,1,双平,S,5153.8000,5153.6000,5153.4000,5153.0000,5152.0000,5155.0000,5155.8000,5156.2000,5156.8000,5157.0000,1,2,2,1,5,1,1,1,1,1
SF,IC2009,2020-05-27 09:33:14.700,5154.8000,45218,0,312565320.000,0,-,-,-,-,5154.0000,5153.4000,5153.0000,5152.0000,5151.8000,5155.8000,5156.2000,5156.8000,5157.0000,5158.0000,3,1,1,5,1,1,1,1,1,4
SF,IC2009,2020-05-27 09:33:15.200,5154.8000,45218,0,312565320.000,0,-,-,-,-,5154.2000,5154.0000,5153.4000,5153.0000,5152.0000,5155.4000,5155.6000,5155.8000,5156.2000,5156.8000,1,1,1,1,5,1,3,3,1,1
SF,IC2009,2020-05-27 09:33:15.700,5154.8000,45218,0,312565320.000,0,-,-,-,-,5153.4000,5153.0000,5152.0000,5151.8000,5151.4000,5154.8000,5155.2000,5155.4000,5155.6000,5155.8000,1,1,5,1,1,1,2,3,1,2
SF,IC2009,2020-05-27 09:33:16.200,5154.8000,45217,-1,313596280.000,1,0,1,双平,S,5154.8000,5153.6000,5153.4000,5153.0000,5152.0000,5155.2000,5155.4000,5155.8000,5156.2000,5156.8000,1,3,1,1,5,2,1,2,1,1
SF,IC2009,2020-05-27 09:33:16.700,5154.8000,45217,0,313596280.000,0,-,-,-,-,5154.8000,5153.6000,5153.4000,5153.0000,5152.0000,5155.8000,5156.2000,5156.8000,5157.0000,5158.0000,1,1,1,1,5,1,1,1,1,4
SF,IC2009,2020-05-27 09:33:18.700,5154.8000,45217,0,313596280.000,0,-,-,-,-,5153.6000,5153.4000,5153.0000,5152.0000,5151.8000,5155.6000,5155.8000,5156.2000,5156.8000,5157.0000,1,1,1,5,1,2,1,1,1,1
SF,IC2009,2020-05-27 09:33:19.200,5154.8000,45217,0,313596280.000,0,-,-,-,-,5153.8000,5153.6000,5153.4000,5153.0000,5152.0000,5155.8000,5156.2000,5156.8000,5157.0000,5158.0000,3,2,1,1,5,1,1,1,1,4
SF,IC2009,2020-05-27 09:33:19.700,5154.8000,45217,0,313596280.000,0,-,-,-,-,5154.0000,5153.8000,5153.4000,5153.0000,5152.0000,5154.8000,5155.8000,5156.2000,5156.8000,5157.0000,3,1,1,1,5,1,1,1,1,1
SF,IC2009,2020-05-27 09:33:20.200,5154.8000,45216,-1,314627240.000,1,0,1,双平,S,5155.0000,5154.0000,5153.4000,5153.0000,5152.0000,5155.6000,5155.8000,5156.2000,5156.8000,5157.0000,1,1,1,1,5,1,1,1,1,1
SF,IC2009,2020-05-27 09:33:20.700,5154.8000,45216,0,314627240.000,0,-,-,-,-,5154.0000,5153.0000,5152.0000,5151.8000,5151.4000,5155.8000,5156.2000,5156.8000,5157.0000,5158.0000,1,1,5,1,1,1,1,1,1,4
SF,IC2009,2020-05-27 09:33:21.200,5154.8000,45216,0,314627240.000,0,-,-,-,-,5154.8000,5154.4000,5154.2000,5154.0000,5153.0000,5155.8000,5156.2000,5156.8000,5157.0000,5158.0000,1,2,2,1,1,1,1,1,1,4
SF,IC2009,2020-05-27 09:33:21.700,5154.8000,45216,0,314627240.000,0,-,-,-,-,5154.8000,5154.4000,5154.0000,5153.0000,5152.0000,5155.8000,5156.2000,5156.8000,5157.0000,5158.0000,1,2,1,1,5,1,1,1,1,4
SF,IC2009,2020-05-27 09:33:22.200,5154.8000,45216,0,314627240.000,0,-,-,-,-,5154.8000,5154.4000,5154.0000,5153.0000,5152.0000,5155.8000,5156.2000,5156.8000,5157.0000,5158.0000,1,1,1,1,5,1,1,1,1,4
SF,IC2009,2020-05-27 09:33:22.700,5156.2000,45214,-2,316689640.000,2,0,2,双平,S,5155.0000,5154.8000,5154.4000,5153.0000,5152.0000,5156.8000,5157.0000,5158.0000,5160.0000,5161.6000,1,2,1,1,5,1,1,4,1,1
SF,IC2009,2020-05-27 09:33:23.200,5155.2000,45209,-5,321845360.000,5,0,5,双平,S,5155.2000,5155.0000,5154.8000,5154.4000,5153.0000,5156.8000,5157.0000,5158.0000,5160.0000,5161.6000,2,3,1,1,1,1,1,2,1,1
SF,IC2009,2020-05-27 09:33:23.700,5155.2000,45209,0,321845360.000,0,-,-,-,-,5155.4000,5155.2000,5154.8000,5154.4000,5153.0000,5157.0000,5158.0000,5160.0000,5161.6000,5162.0000,4,1,1,1,1,1,2,1,1,6
SF,IC2009,2020-05-27 09:33:24.200,5155.2000,45209,0,321845360.000,0,-,-,-,-,5155.6000,5155.4000,5154.8000,5154.4000,5153.0000,5156.8000,5157.0000,5158.0000,5160.0000,5161.6000,3,2,1,1,1,1,1,2,1,1
SF,IC2009,2020-05-27 09:33:24.700,5155.2000,45209,0,321845360.000,0,-,-,-,-,5155.8000,5155.6000,5154.8000,5154.6000,5154.4000,5156.8000,5157.0000,5158.0000,5160.0000,5161.6000,3,1,1,1,1,1,1,2,1,1
SF,IC2009,2020-05-27 09:33:25.200,5155.2000,45209,0,321845360.000,0,-,-,-,-,5156.0000,5155.8000,5154.8000,5154.6000,5154.4000,5156.8000,5157.0000,5158.0000,5160.0000,5161.6000,3,2,1,1,1,1,1,2,1,1
SF,IC2009,2020-05-27 09:33:25.700,5155.2000,45209,0,321845360.000,0,-,-,-,-,5156.0000,5155.8000,5154.8000,5154.6000,5154.4000,5156.8000,5157.0000,5158.0000,5160.0000,5161.6000,1,2,1,1,1,1,1,2,1,1
SF,IC2009,2020-05-27 09:33:26.200,5157.0000,45207,-2,323908120.000,2,0,2,双平,S,5156.2000,5155.8000,5154.8000,5154.6000,5154.4000,5158.0000,5160.0000,5161.6000,5162.0000,5162.2000,1,1,1,1,1,2,1,1,6,2
SF,IC2009,2020-05-27 09:33:26.700,5157.0000,45207,0,323908120.000,0,-,-,-,-,5156.4000,5156.2000,5155.8000,5154.8000,5154.6000,5157.8000,5158.0000,5160.0000,5161.6000,5162.0000,2,1,1,1,1,1,2,1,1,6
SF,IC2009,2020-05-27 09:33:27.200,5157.0000,45207,0,323908120.000,0,-,-,-,-,5156.6000,5156.4000,5154.8000,5154.6000,5154.4000,5158.0000,5160.0000,5161.6000,5162.0000,5162.2000,2,1,1,1,1,2,1,1,6,2
SF,IC2009,2020-05-27 09:33:27.700,5157.0000,45207,0,323908120.000,0,-,-,-,-,5154.8000,5154.6000,5154.4000,5153.0000,5152.0000,5157.2000,5157.6000,5157.8000,5158.0000,5160.0000,1,1,1,1,5,1,1,6,2,1
SF,IC2009,2020-05-27 09:33:28.200,5157.0000,45207,0,323908120.000,0,-,-,-,-,5155.2000,5155.0000,5154.8000,5154.6000,5154.4000,5157.8000,5158.0000,5160.0000,5161.6000,5162.0000,1,1,1,1,1,1,2,1,1,6
SF,IC2009,2020-05-27 09:33:28.700,5157.0000,45207,0,323908120.000,0,-,-,-,-,5155.4000,5155.2000,5155.0000,5154.8000,5154.6000,5157.6000,5157.8000,5158.0000,5160.0000,5161.6000,1,2,3,1,1,1,1,2,1,1
SF,IC2009,2020-05-27 09:33:29.200,5157.0000,45207,0,323908120.000,0,-,-,-,-,5155.4000,5155.2000,5155.0000,5154.8000,5154.6000,5157.6000,5158.0000,5160.0000,5161.6000,5162.0000,2,1,2,1,1,1,2,1,1,6
SF,IC2009,2020-05-27 09:33:29.700,5157.0000,45207,0,323908120.000,0,-,-,-,-,5155.6000,5155.4000,5154.8000,5154.6000,5154.4000,5157.2000,5157.4000,5157.6000,5158.0000,5160.0000,1,1,1,1,1,1,1,3,2,1
SF,IC2009,2020-05-27 09:33:30.200,5157.0000,45207,0,323908120.000,0,-,-,-,-,5155.8000,5155.6000,5154.8000,5154.6000,5154.4000,5157.2000,5157.4000,5158.0000,5160.0000,5161.6000,3,1,1,1,1,1,1,2,1,1
SF,IC2009,2020-05-27 09:33:30.700,5157.0000,45207,0,323908120.000,0,-,-,-,-,5156.0000,5155.8000,5155.6000,5154.8000,5154.6000,5158.0000,5160.0000,5161.6000,5162.0000,5162.2000,2,2,1,1,1,2,1,1,6,2
SF,IC2009,2020-05-27 09:33:31.200,5157.0000,45207,0,323908120.000,0,-,-,-,-,5156.2000,5156.0000,5155.6000,5154.8000,5154.6000,5157.8000,5158.0000,5160.0000,5161.6000,5162.0000,1,2,1,1,1,2,2,1,1,6
SF,IC2009,2020-05-27 09:33:31.700,5157.0000,45207,0,323908120.000,0,-,-,-,-,5156.2000,5155.6000,5154.8000,5154.6000,5154.4000,5157.6000,5157.8000,5158.0000,5160.0000,5161.6000,1,1,1,1,1,1,2,2,1,1
SF,IC2009,2020-05-27 09:33:32.200,5157.0000,45207,0,323908120.000,0,-,-,-,-,5156.4000,5156.2000,5155.6000,5154.8000,5154.6000,5157.6000,5158.0000,5160.0000,5161.6000,5162.0000,2,1,1,1,1,1,3,1,1,6
SF,IC2009,2020-05-27 09:33:32.700,5157.4000,45207,0,324939600.000,1,0,1,多换,S,5157.0000,5155.6000,5154.8000,5154.6000,5154.4000,5157.6000,5157.8000,5158.0000,5160.0000,5161.6000,1,1,1,1,1,5,1,3,1,1
SF,IC2009,2020-05-27 09:33:33.200,5157.0000,45207,0,325971000.000,1,0,1,多换,S,5154.8000,5154.6000,5154.4000,5153.0000,5152.0000,5157.0000,5157.4000,5157.6000,5157.8000,5158.0000,1,1,1,1,5,2,1,4,1,3
SF,IC2009,2020-05-27 09:33:33.700,5155.0000,45206,-1,327002000.000,1,0,1,双平,S,5155.0000,5154.8000,5154.6000,5154.4000,5153.0000,5156.8000,5157.0000,5157.6000,5158.0000,5160.0000,1,1,1,1,1,1,2,2,3,1
SF,IC2009,2020-05-27 09:33:34.200,5157.0000,45205,-1,328033400.000,1,0,1,双平,S,5155.2000,5155.0000,5154.8000,5154.6000,5154.4000,5157.0000,5157.6000,5158.0000,5160.0000,5161.6000,4,2,2,1,1,1,1,3,1,1
SF,IC2009,2020-05-27 09:33:34.700,5157.0000,45205,0,328033400.000,0,-,-,-,-,5157.2000,5156.4000,5155.4000,5155.2000,5155.0000,5157.6000,5158.0000,5160.0000,5161.6000,5162.0000,1,1,3,3,1,1,3,1,1,6
SF,IC2009,2020-05-27 09:33:35.200,5157.2000,45204,-1,329064840.000,1,0,1,双平,S,5156.4000,5155.4000,5155.2000,5155.0000,5154.8000,5157.2000,5158.0000,5160.0000,5161.6000,5162.0000,1,2,2,1,1,1,3,1,1,6
SF,IC2009,2020-05-27 09:33:35.700,5157.2000,45204,0,329064840.000,0,-,-,-,-,5157.4000,5157.2000,5156.4000,5155.4000,5155.2000,5158.0000,5160.0000,5161.6000,5162.0000,5162.2000,1,1,1,1,2,3,1,1,6,2
SF,IC2009,2020-05-27 09:33:36.200,5157.2000,45204,0,329064840.000,0,-,-,-,-,5155.4000,5155.2000,5155.0000,5154.8000,5154.6000,5158.0000,5160.0000,5161.6000,5162.0000,5162.2000,1,2,1,1,1,3,1,1,6,2
SF,IC2009,2020-05-27 09:33:36.700,5157.2000,45204,0,329064840.000,0,-,-,-,-,5156.8000,5155.6000,5155.4000,5155.2000,5154.8000,5157.8000,5158.0000,5160.0000,5161.6000,5162.0000,1,1,2,1,1,1,3,1,1,6
SF,IC2009,2020-05-27 09:33:37.200,5157.2000,45204,0,329064840.000,0,-,-,-,-,5156.8000,5155.6000,5155.2000,5154.8000,5154.6000,5157.6000,5157.8000,5158.0000,5160.0000,5161.6000,1,2,1,1,1,1,1,3,1,1
SF,IC2009,2020-05-27 09:33:38.200,5157.2000,45204,0,329064840.000,0,-,-,-,-,5156.8000,5155.6000,5155.2000,5154.8000,5154.6000,5157.6000,5157.8000,5158.0000,5160.0000,5161.6000,1,1,1,1,1,1,1,3,1,1
SF,IC2009,2020-05-27 09:33:38.700,5156.8000,45203,-1,330096200.000,1,0,1,双平,S,5155.6000,5155.2000,5154.8000,5154.6000,5153.0000,5157.6000,5158.0000,5160.0000,5161.6000,5162.0000,1,1,1,1,1,2,3,1,1,6
SF,IC2009,2020-05-27 09:33:39.200,5156.8000,45203,0,330096200.000,0,-,-,-,-,5155.8000,5155.6000,5155.2000,5154.8000,5154.6000,5157.6000,5158.0000,5160.0000,5161.6000,5162.0000,3,2,1,1,1,1,3,1,1,6
SF,IC2009,2020-05-27 09:33:39.700,5156.8000,45203,0,330096200.000,0,-,-,-,-,5156.0000,5155.8000,5155.6000,5155.2000,5154.8000,5157.6000,5158.0000,5160.0000,5161.6000,5162.0000,2,2,1,1,1,1,3,1,1,6
SF,IC2009,2020-05-27 09:33:40.200,5156.8000,45203,0,330096200.000,0,-,-,-,-,5156.2000,5156.0000,5155.6000,5154.8000,5154.6000,5157.6000,5157.8000,5158.0000,5160.0000,5161.6000,2,1,1,1,1,1,1,3,1,1
SF,IC2009,2020-05-27 09:33:40.700,5156.8000,45203,0,330096200.000,0,-,-,-,-,5156.4000,5156.2000,5155.6000,5155.0000,5154.8000,5157.6000,5157.8000,5158.0000,5160.0000,5161.6000,3,1,1,1,1,1,1,3,1,1
SF,IC2009,2020-05-27 09:33:41.200,5156.8000,45203,0,330096200.000,0,-,-,-,-,5156.4000,5155.6000,5155.0000,5154.8000,5154.6000,5157.6000,5157.8000,5158.0000,5160.0000,5161.6000,1,1,1,1,1,1,1,3,1,1
SF,IC2009,2020-05-27 09:33:41.700,5156.8000,45203,0,330096200.000,0,-,-,-,-,5156.4000,5155.0000,5154.6000,5153.0000,5152.2000,5157.6000,5157.8000,5158.0000,5160.0000,5161.6000,1,1,1,1,1,1,1,3,1,1
SF,IC2009,2020-05-27 09:33:42.200,5156.8000,45203,0,330096200.000,0,-,-,-,-,5156.4000,5155.0000,5154.6000,5153.0000,5152.2000,5157.6000,5157.8000,5158.0000,5160.0000,5161.6000,1,1,1,1,1,1,1,3,1,1
SF,IC2009,2020-05-27 09:33:43.200,5157.6000,45202,-1,331127720.000,1,0,1,双平,S,5156.6000,5156.4000,5155.0000,5154.6000,5153.0000,5157.8000,5158.0000,5160.0000,5161.6000,5162.0000,2,1,1,1,1,1,3,1,1,6
SF,IC2009,2020-05-27 09:33:43.700,5157.8000,45202,0,332159280.000,1,0,1,多换,S,5156.8000,5156.6000,5156.4000,5155.0000,5154.6000,5158.0000,5160.0000,5161.6000,5162.0000,5162.2000,3,1,11,1,1,3,1,1,6,2
SF,IC2009,2020-05-27 09:33:44.200,5158.0000,45201,-1,333190880.000,1,0,1,双平,S,5157.0000,5156.8000,5156.4000,5155.0000,5154.6000,5158.0000,5160.0000,5161.6000,5162.0000,5162.2000,3,1,11,1,1,2,1,1,6,2
SF,IC2009,2020-05-27 09:33:44.700,5158.0000,45201,0,333190880.000,0,-,-,-,-,5157.2000,5157.0000,5156.8000,5156.4000,5155.0000,5158.0000,5160.0000,5161.6000,5162.0000,5162.2000,2,2,1,11,1,2,1,1,6,2
SF,IC2009,2020-05-27 09:33:45.200,5158.0000,45200,-1,335254080.000,2,0,2,多平,S,5157.4000,5157.2000,5156.8000,5156.4000,5155.0000,5160.0000,5161.6000,5162.0000,5162.2000,5162.8000,2,1,1,11,1,1,1,6,2,1
SF,IC2009,2020-05-27 09:33:45.700,5158.0000,45200,0,335254080.000,0,-,-,-,-,5157.6000,5157.0000,5156.8000,5156.4000,5155.0000,5159.6000,5159.8000,5160.0000,5161.6000,5162.0000,1,1,1,11,1,2,1,3,1,6
SF,IC2009,2020-05-27 09:33:46.200,5158.0000,45200,0,335254080.000,0,-,-,-,-,5157.6000,5157.0000,5156.8000,5156.4000,5155.0000,5158.0000,5159.4000,5159.8000,5160.0000,5161.6000,1,1,1,11,1,1,5,1,1,1
SF,IC2009,2020-05-27 09:33:46.700,5158.0000,45199,-1,336285680.000,1,0,1,双平,S,5157.6000,5157.2000,5157.0000,5156.4000,5155.0000,5159.4000,5159.8000,5160.0000,5161.6000,5162.0000,1,10,1,11,1,1,1,1,1,6
SF,IC2009,2020-05-27 09:33:47.200,5159.4000,45199,0,337317560.000,1,0,1,多换,S,5157.6000,5157.2000,5157.0000,5156.4000,5155.0000,5159.8000,5160.0000,5161.6000,5162.0000,5162.2000,2,10,1,11,1,1,1,1,6,2
SF,IC2009,2020-05-27 09:33:47.700,5159.4000,45199,0,337317560.000,0,-,-,-,-,5157.8000,5157.6000,5157.2000,5157.0000,5156.4000,5159.0000,5159.6000,5159.8000,5160.0000,5161.6000,1,1,10,1,11,1,1,2,1,1
SF,IC2009,2020-05-27 09:33:48.200,5159.0000,45198,-1,338349360.000,1,0,1,双平,S,5158.0000,5157.8000,5157.2000,5157.0000,5156.4000,5159.8000,5160.0000,5161.6000,5162.0000,5162.2000,1,1,10,1,11,1,1,1,6,2
SF,IC2009,2020-05-27 09:33:48.700,5159.0000,45198,0,338349360.000,0,-,-,-,-,5158.0000,5157.8000,5157.2000,5157.0000,5156.4000,5159.6000,5160.0000,5161.6000,5162.0000,5162.2000,1,1,10,1,11,2,1,1,6,2
SF,IC2009,2020-05-27 09:33:49.700,5159.0000,45198,0,338349360.000,0,-,-,-,-,5158.2000,5158.0000,5157.8000,5157.2000,5157.0000,5159.6000,5160.0000,5161.6000,5162.0000,5162.2000,1,1,1,10,1,2,1,1,1,2
SF,IC2009,2020-05-27 09:33:50.200,5159.0000,45198,0,338349360.000,0,-,-,-,-,5158.4000,5158.2000,5157.2000,5157.0000,5156.4000,5159.6000,5160.0000,5161.6000,5162.0000,5162.2000,1,1,10,1,10,2,1,1,1,2
SF,IC2009,2020-05-27 09:33:50.700,5159.0000,45198,0,338349360.000,0,-,-,-,-,5158.4000,5157.8000,5157.2000,5157.0000,5156.4000,5159.4000,5160.0000,5161.6000,5162.0000,5162.2000,1,1,10,1,10,1,1,1,1,2
SF,IC2009,2020-05-27 09:33:51.700,5158.4000,45198,0,339381040.000,1,0,1,多换,S,5157.8000,5157.2000,5157.0000,5156.4000,5155.0000,5158.4000,5159.4000,5160.0000,5161.6000,5162.0000,1,10,1,10,1,2,1,1,1,1
SF,IC2009,2020-05-27 09:33:52.200,5158.4000,45198,0,341444400.000,2,1,1,多换,S,5158.0000,5157.8000,5157.2000,5157.0000,5156.4000,5159.4000,5160.0000,5161.6000,5162.0000,5162.2000,2,1,10,1,10,1,1,1,1,2
SF,IC2009,2020-05-27 09:33:52.700,5158.4000,45198,0,341444400.000,0,-,-,-,-,5158.0000,5157.8000,5157.2000,5157.0000,5156.4000,5160.0000,5161.6000,5162.0000,5162.2000,5162.8000,1,1,10,1,10,1,1,1,2,1
SF,IC2009,2020-05-27 09:33:53.200,5158.4000,45198,0,341444400.000,0,-,-,-,-,5158.2000,5158.0000,5157.8000,5157.4000,5157.2000,5159.8000,5160.0000,5161.6000,5162.0000,5162.2000,2,3,1,1,10,1,1,1,1,2
SF,IC2009,2020-05-27 09:33:53.700,5158.4000,45198,0,341444400.000,0,-,-,-,-,5158.4000,5158.2000,5158.0000,5157.8000,5157.4000,5160.0000,5161.6000,5162.0000,5162.2000,5162.8000,3,2,2,1,1,1,1,1,2,1
SF,IC2009,2020-05-27 09:33:54.200,5158.4000,45198,0,341444400.000,0,-,-,-,-,5159.4000,5158.6000,5158.4000,5157.8000,5157.4000,5160.0000,5161.6000,5162.0000,5162.2000,5162.8000,2,3,2,1,1,1,1,1,2,1
SF,IC2009,2020-05-27 09:33:54.700,5158.4000,45198,0,341444400.000,0,-,-,-,-,5159.4000,5158.4000,5157.8000,5157.4000,5157.2000,5160.0000,5161.6000,5162.0000,5162.2000,5162.8000,2,2,1,1,10,1,1,1,2,1
SF,IC2009,2020-05-27 09:33:55.200,5158.4000,45198,0,341444400.000,0,-,-,-,-,5159.4000,5158.4000,5157.8000,5157.4000,5157.2000,5160.0000,5161.6000,5162.0000,5162.2000,5162.8000,2,1,1,1,10,1,1,1,2,1
SF,IC2009,2020-05-27 09:33:56.700,5159.4000,45198,0,343508160.000,2,1,1,多换,S,5158.4000,5157.8000,5157.4000,5157.2000,5157.0000,5159.4000,5160.0000,5161.6000,5162.0000,5162.2000,1,1,1,10,1,2,1,1,1,2
SF,IC2009,2020-05-27 09:33:57.200,5158.4000,45197,-1,344539840.000,1,0,1,双平,S,5157.8000,5157.2000,5157.0000,5156.4000,5155.0000,5160.0000,5161.6000,5162.0000,5162.2000,5162.8000,1,10,1,10,1,2,1,1,2,1
SF,IC2009,2020-05-27 09:33:57.700,5158.4000,45197,0,344539840.000,0,-,-,-,-,5158.8000,5158.0000,5157.8000,5157.2000,5157.0000,5159.4000,5160.0000,5161.6000,5162.0000,5162.2000,1,2,2,10,1,1,2,1,1,2
SF,IC2009,2020-05-27 09:33:58.200,5158.4000,45197,0,344539840.000,0,-,-,-,-,5158.0000,5157.8000,5157.2000,5157.0000,5156.4000,5158.4000,5159.4000,5159.6000,5160.0000,5161.6000,1,2,10,1,10,1,2,1,2,1
SF,IC2009,2020-05-27 09:33:58.700,5159.4000,45197,0,346603400.000,2,1,1,多换,S,5158.4000,5158.2000,5158.0000,5157.8000,5157.2000,5159.4000,5160.0000,5161.6000,5162.0000,5162.2000,2,1,1,1,10,1,2,1,1,2
SF,IC2009,2020-05-27 09:33:59.200,5159.4000,45196,-1,347635280.000,1,0,1,双平,S,5158.4000,5158.0000,5157.8000,5157.2000,5157.0000,5160.0000,5161.6000,5162.0000,5162.2000,5162.8000,1,1,1,10,1,2,1,1,2,1
SF,IC2009,2020-05-27 09:33:59.700,5159.4000,45196,0,347635280.000,0,-,-,-,-,5158.4000,5158.0000,5157.8000,5157.4000,5157.2000,5159.8000,5160.0000,5161.6000,5162.0000,5162.2000,1,1,1,1,10,4,2,1,1,2
SF,IC2009,2020-05-27 09:34:00.200,5159.4000,45196,0,347635280.000,0,-,-,-,-,5159.4000,5158.4000,5158.0000,5157.8000,5157.4000,5159.6000,5159.8000,5160.0000,5161.6000,5162.0000,1,1,1,1,1,1,3,2,1,1
SF,IC2009,2020-05-27 09:34:00.700,5159.4000,45196,0,348667160.000,1,0,1,多换,S,5158.4000,5158.0000,5157.8000,5157.4000,5157.2000,5159.2000,5159.4000,5159.6000,5160.0000,5161.6000,1,1,1,1,10,1,3,1,2,1
SF,IC2009,2020-05-27 09:34:01.200,5159.4000,45196,0,348667160.000,0,-,-,-,-,5158.4000,5157.8000,5157.4000,5157.2000,5157.0000,5159.4000,5160.0000,5161.6000,5162.0000,5162.2000,1,1,1,10,1,2,2,1,1,2
SF,IC2009,2020-05-27 09:34:01.700,5160.0000,45196,0,349699160.000,1,0,1,多换,S,5158.4000,5157.8000,5157.4000,5157.2000,5157.0000,5160.0000,5161.6000,5162.0000,5162.2000,5162.8000,3,1,1,10,1,1,1,1,2,1
SF,IC2009,2020-05-27 09:34:02.200,5160.0000,45196,0,349699160.000,0,-,-,-,-,5158.6000,5158.4000,5157.8000,5157.4000,5157.2000,5160.0000,5161.6000,5162.0000,5162.2000,5162.8000,5,3,1,1,10,1,1,1,2,1
SF,IC2009,2020-05-27 09:34:02.700,5159.8000,45194,-2,351763080.000,2,0,2,双平,S,5158.6000,5158.4000,5157.8000,5157.4000,5157.2000,5159.8000,5160.0000,5161.6000,5162.0000,5162.2000,1,2,1,1,10,1,1,1,1,2
SF,IC2009,2020-05-27 09:34:03.200,5159.8000,45194,0,351763080.000,0,-,-,-,-,5158.4000,5157.8000,5157.4000,5157.2000,5157.0000,5159.8000,5160.0000,5161.6000,5162.0000,5162.2000,1,1,1,10,1,2,1,1,1,2
SF,IC2009,2020-05-27 09:34:03.700,5159.8000,45194,0,351763080.000,0,-,-,-,-,5158.4000,5157.8000,5157.4000,5157.2000,5157.0000,5159.6000,5159.8000,5160.0000,5161.6000,5162.0000,1,1,1,10,1,4,2,1,1,1
SF,IC2009,2020-05-27 09:34:04.200,5158.4000,45193,-1,352794760.000,1,0,1,双平,S,5157.8000,5157.4000,5157.2000,5157.0000,5156.4000,5159.4000,5159.6000,5159.8000,5160.0000,5161.6000,1,1,10,1,10,4,2,1,1,1
SF,IC2009,2020-05-27 09:34:04.700,5158.4000,45193,0,352794760.000,0,-,-,-,-,5158.4000,5157.8000,5157.4000,5157.2000,5157.0000,5159.2000,5159.4000,5160.0000,5160.6000,5161.6000,1,1,1,10,1,3,4,1,1,1
SF,IC2009,2020-05-27 09:34:05.200,5158.4000,45193,0,353826440.000,1,0,1,多换,S,5157.8000,5157.4000,5157.2000,5157.0000,5156.4000,5159.4000,5160.0000,5160.6000,5161.6000,5162.0000,1,1,10,1,10,3,1,1,1,1
SF,IC2009,2020-05-27 09:34:05.700,5158.4000,45193,0,353826440.000,0,-,-,-,-,5159.4000,5158.0000,5157.8000,5157.4000,5157.2000,5160.0000,5160.6000,5161.6000,5162.0000,5162.2000,7,3,2,1,10,1,1,1,1,2
SF,IC2009,2020-05-27 09:34:06.200,5159.4000,45191,-2,355890200.000,2,0,2,双平,S,5159.4000,5158.0000,5157.8000,5157.4000,5157.2000,5159.8000,5160.0000,5160.6000,5161.6000,5162.0000,5,1,2,1,10,1,1,1,1,1
SF,IC2009,2020-05-27 09:34:06.700,5159.4000,45186,-5,361049600.000,5,0,5,双平,S,5157.8000,5157.2000,5157.0000,5156.4000,5155.0000,5159.2000,5159.4000,5159.6000,5159.8000,5160.0000,1,10,1,10,1,3,2,1,1,1
SF,IC2009,2020-05-27 09:34:07.200,5157.8000,45187,1,362081160.000,1,1,0,双开,S,5157.2000,5157.0000,5156.4000,5155.0000,5154.6000,5158.2000,5159.0000,5159.2000,5159.4000,5159.6000,10,1,10,1,2,1,2,2,2,1
SF,IC2009,2020-05-27 09:34:07.700,5158.2000,45186,-1,364144440.000,2,0,2,多平,S,5157.4000,5157.2000,5157.0000,5156.4000,5155.0000,5158.2000,5159.0000,5159.4000,5159.6000,5159.8000,1,10,1,10,1,1,2,2,1,1
SF,IC2009,2020-05-27 09:34:08.200,5159.0000,45185,-1,366207880.000,2,0,2,多平,S,5157.4000,5157.2000,5157.0000,5156.4000,5155.0000,5159.0000,5159.4000,5159.6000,5159.8000,5160.0000,3,10,1,10,1,1,2,1,1,1
SF,IC2009,2020-05-27 09:34:08.700,5159.0000,45185,0,366207880.000,0,-,-,-,-,5157.6000,5157.4000,5157.2000,5157.0000,5156.4000,5159.0000,5159.4000,5159.6000,5159.8000,5160.0000,1,1,10,1,10,1,2,1,1,1
SF,IC2009,2020-05-27 09:34:09.200,5159.0000,45185,0,366207880.000,0,-,-,-,-,5157.8000,5157.2000,5157.0000,5156.4000,5155.0000,5159.0000,5159.4000,5159.6000,5159.8000,5160.0000,1,10,1,10,1,1,2,1,1,1
SF,IC2009,2020-05-27 09:34:11.200,5157.8000,45184,-1,367239440.000,1,0,1,双平,S,5157.2000,5157.0000,5156.4000,5155.0000,5154.6000,5157.8000,5158.8000,5159.0000,5159.6000,5160.0000,10,1,10,1,2,1,2,1,1,1
SF,IC2009,2020-05-27 09:34:11.700,5157.2000,45184,0,371365200.000,4,2,2,多换,S,5157.2000,5157.0000,5156.4000,5155.0000,5154.6000,5157.6000,5158.8000,5159.6000,5160.0000,5160.6000,6,1,10,1,2,1,1,1,1,1
SF,IC2009,2020-05-27 09:34:12.200,5157.6000,45184,0,372396720.000,1,0,1,多换,S,5157.4000,5157.2000,5157.0000,5156.4000,5155.0000,5158.8000,5159.6000,5160.0000,5160.6000,5161.6000,1,6,1,10,1,1,1,1,1,1
SF,IC2009,2020-05-27 09:34:12.700,5157.6000,45184,0,372396720.000,0,-,-,-,-,5157.6000,5157.2000,5157.0000,5156.4000,5155.0000,5158.8000,5159.6000,5160.0000,5160.6000,5161.6000,2,6,1,10,1,1,1,1,1,1
SF,IC2009,2020-05-27 09:34:13.200,5157.6000,45184,0,372396720.000,0,-,-,-,-,5157.6000,5157.2000,5157.0000,5156.4000,5155.0000,5159.6000,5160.0000,5160.6000,5161.6000,5162.0000,2,6,1,10,1,1,1,1,1,1
SF,IC2009,2020-05-27 09:34:13.700,5157.6000,45184,0,372396720.000,0,-,-,-,-,5157.6000,5157.2000,5157.0000,5156.4000,5155.0000,5159.4000,5159.6000,5160.0000,5160.6000,5161.6000,1,6,1,10,1,4,1,1,1,1
SF,IC2009,2020-05-27 09:34:14.200,5157.6000,45184,0,373428240.000,1,0,1,多换,S,5157.6000,5157.2000,5157.0000,5156.4000,5155.0000,5159.2000,5159.4000,5159.6000,5160.0000,5160.6000,3,6,1,10,1,1,3,2,1,1
SF,IC2009,2020-05-27 09:34:14.700,5157.6000,45184,0,373428240.000,0,-,-,-,-,5157.2000,5157.0000,5156.4000,5155.0000,5154.6000,5159.0000,5159.4000,5159.6000,5160.0000,5160.6000,6,1,10,1,1,3,1,2,1,1
SF,IC2009,2020-05-27 09:34:15.200,5157.2000,45184,0,374459680.000,1,0,1,多换,S,5157.2000,5157.0000,5156.4000,5155.0000,5154.6000,5158.4000,5158.8000,5159.0000,5159.2000,5159.6000,5,1,10,1,1,1,2,2,2,2
SF,IC2009,2020-05-27 09:34:15.700,5157.2000,45184,0,374459680.000,0,-,-,-,-,5157.4000,5157.2000,5157.0000,5156.4000,5155.0000,5158.2000,5158.8000,5159.6000,5160.0000,5161.6000,1,5,1,10,1,1,2,1,1,1
SF,IC2009,2020-05-27 09:34:16.200,5158.2000,45184,0,375491320.000,1,0,1,多换,S,5157.4000,5157.2000,5157.0000,5156.4000,5155.0000,5158.8000,5159.6000,5160.0000,5161.6000,5162.0000,1,5,1,10,1,2,1,1,1,1
SF,IC2009,2020-05-27 09:34:16.700,5158.2000,45184,0,375491320.000,0,-,-,-,-,5157.6000,5157.4000,5157.2000,5157.0000,5156.4000,5158.6000,5158.8000,5159.6000,5160.0000,5161.6000,1,1,5,1,10,2,2,1,1,1
SF,IC2009,2020-05-27 09:34:17.200,5158.2000,45184,0,375491320.000,0,-,-,-,-,5157.6000,5157.2000,5157.0000,5156.4000,5155.0000,5158.6000,5158.8000,5160.0000,5161.6000,5162.0000,2,5,1,10,1,2,1,1,1,1
SF,IC2009,2020-05-27 09:34:17.700,5158.2000,45184,0,375491320.000,0,-,-,-,-,5157.8000,5157.6000,5157.2000,5157.0000,5156.4000,5158.4000,5158.6000,5158.8000,5160.0000,5161.6000,1,2,5,1,10,1,2,1,1,1
SF,IC2009,2020-05-27 09:34:18.200,5157.6000,45182,-2,380648960.000,5,1,4,多平,S,5157.2000,5157.0000,5156.4000,5155.0000,5154.6000,5157.6000,5157.8000,5158.2000,5158.4000,5158.8000,5,1,10,1,1,1,1,2,4,1
SF,IC2009,2020-05-27 09:34:18.700,5157.2000,45182,0,381680400.000,1,0,1,多换,S,5157.2000,5157.0000,5156.4000,5155.0000,5154.6000,5157.6000,5158.4000,5158.8000,5160.0000,5161.6000,4,1,10,1,1,1,3,1,1,1
SF,IC2009,2020-05-27 09:34:19.200,5157.6000,45180,-2,383743440.000,2,0,2,双平,S,5157.2000,5157.0000,5156.4000,5155.0000,5154.6000,5158.2000,5158.4000,5158.8000,5160.0000,5161.6000,4,1,10,1,1,1,2,1,1,1
SF,IC2009,2020-05-27 09:34:19.700,5158.2000,45180,0,384775080.000,1,0,1,多换,S,5157.6000,5157.4000,5157.2000,5157.0000,5156.4000,5158.0000,5158.4000,5158.8000,5160.0000,5161.6000,2,3,4,1,10,1,1,1,1,1
SF,IC2009,2020-05-27 09:34:20.200,5158.2000,45180,0,385806720.000,1,0,1,多换,S,5158.2000,5158.0000,5157.4000,5157.2000,5157.0000,5158.4000,5160.0000,5161.6000,5162.0000,5162.2000,2,2,3,4,1,1,1,1,1,2
SF,IC2009,2020-05-27 09:34:20.700,5158.4000,45179,-1,386838400.000,1,0,1,双平,S,5158.6000,5158.4000,5158.2000,5157.4000,5157.2000,5160.0000,5161.6000,5162.0000,5162.2000,5162.8000,1,2,1,2,4,1,1,1,2,1
SF,IC2009,2020-05-27 09:34:21.200,5158.4000,45179,0,386838400.000,0,-,-,-,-,5158.4000,5157.4000,5157.2000,5157.0000,5156.4000,5159.2000,5159.8000,5160.0000,5161.6000,5162.0000,1,1,4,1,10,1,4,2,1,1
SF,IC2009,2020-05-27 09:34:21.700,5158.4000,45179,0,386838400.000,0,-,-,-,-,5158.4000,5157.4000,5157.2000,5157.0000,5156.4000,5159.2000,5159.8000,5160.0000,5161.6000,5162.0000,1,1,4,1,10,1,2,2,1,1
SF,IC2009,2020-05-27 09:34:22.200,5158.4000,45179,0,386838400.000,0,-,-,-,-,5158.4000,5157.4000,5157.2000,5157.0000,5156.4000,5159.2000,5159.8000,5160.0000,5161.6000,5162.0000,2,1,4,1,10,1,1,1,1,2
SF,IC2009,2020-05-27 09:34:23.700,5158.4000,45178,-1,388901760.000,2,0,2,多平,S,5157.4000,5157.2000,5157.0000,5156.4000,5155.0000,5159.0000,5159.2000,5159.8000,5160.0000,5161.6000,1,4,1,10,1,2,1,1,1,1
SF,IC2009,2020-05-27 09:34:24.200,5158.4000,45178,0,388901760.000,0,-,-,-,-,5157.4000,5157.2000,5157.0000,5156.4000,5155.0000,5158.8000,5159.0000,5160.0000,5161.6000,5162.0000,1,4,1,10,1,2,1,1,1,2
SF,IC2009,2020-05-27 09:34:24.700,5158.4000,45178,0,388901760.000,0,-,-,-,-,5157.6000,5157.4000,5157.2000,5157.0000,5156.4000,5158.6000,5158.8000,5160.0000,5161.6000,5162.0000,2,2,4,1,10,1,1,1,1,2
SF,IC2009,2020-05-27 09:34:25.200,5158.6000,45178,0,389933480.000,1,0,1,多换,S,5157.4000,5157.2000,5157.0000,5156.4000,5155.0000,5158.8000,5160.0000,5161.6000,5162.0000,5162.8000,2,4,1,10,1,1,1,1,2,1
SF,IC2009,2020-05-27 09:34:26.200,5158.6000,45178,0,389933480.000,0,-,-,-,-,5157.4000,5157.2000,5157.0000,5156.4000,5155.0000,5158.0000,5158.6000,5158.8000,5160.0000,5161.6000,2,4,1,10,1,1,1,1,1,1
SF,IC2009,2020-05-27 09:34:26.700,5158.6000,45178,0,389933480.000,0,-,-,-,-,5157.4000,5157.2000,5157.0000,5156.4000,5155.0000,5158.0000,5158.6000,5158.8000,5160.0000,5161.6000,1,4,1,10,1,1,1,1,1,1
SF,IC2009,2020-05-27 09:34:27.200,5158.6000,45178,0,389933480.000,0,-,-,-,-,5157.2000,5157.0000,5156.4000,5155.0000,5154.6000,5158.0000,5158.6000,5158.8000,5160.0000,5161.6000,4,1,10,1,1,1,1,1,1,1
SF,IC2009,2020-05-27 09:34:28.700,5158.0000,45177,-1,390965080.000,1,0,1,双平,S,5157.4000,5157.2000,5157.0000,5156.4000,5155.0000,5157.8000,5158.8000,5160.0000,5161.6000,5162.0000,2,4,1,10,1,1,1,1,1,2
