市场代码,合约代码,时间,最新,持仓,增仓,成交额,成交量,开仓,平仓,成交类型,方向,买一价,买二价,买三价,买四价,买五价,卖一价,卖二价,卖三价,卖四价,卖五价,买一量,买二量,买三量,买四量,买五量,卖一量,卖二量,卖三量,卖四量,卖五量
SF,IC2003,2019-12-05 09:29:00.000,4813.0000,39030,0,6738200.000,7.000,-,-,-,-,4812.0000,4811.2000,4811.0000,4810.8000,4810.6000,4814.8000,4815.2000,4816.6000,4817.0000,4819.8000,1,1,4,3,3,1,1,1,2,6
SF,IC2003,2019-12-05 09:30:00.500,4815.6000,39024,-6,18299360.000,12,3,9,多平,S,4814.8000,4814.4000,4813.8000,4813.4000,4813.2000,4819.8000,4820.2000,4820.6000,4822.0000,4826.0000,14,4,3,2,1,2,2,5,1,1
SF,IC2003,2019-12-05 09:30:01.000,4819.6000,39022,-2,26009160.000,8,3,5,多平,S,4815.2000,4815.0000,4814.8000,4814.6000,4814.4000,4819.6000,4819.8000,4820.2000,4820.6000,4822.0000,2,8,15,1,1,1,2,2,5,1
SF,IC2003,2019-12-05 09:30:01.500,4819.4000,39022,0,27936400.000,2,1,1,多换,S,4815.8000,4815.6000,4815.4000,4815.2000,4814.8000,4819.4000,4819.6000,4819.8000,4820.2000,4820.6000,2,2,5,2,14,1,2,2,2,5
SF,IC2003,2019-12-05 09:30:02.000,4819.4000,39016,-6,36610400.000,9,1,8,多平,S,4815.2000,4814.8000,4814.0000,4813.8000,4813.2000,4819.4000,4819.6000,4819.8000,4820.2000,4820.6000,1,13,5,2,1,3,1,2,2,5
SF,IC2003,2019-12-05 09:30:02.500,4819.4000,39016,0,37574280.000,1,0,1,多换,S,4816.2000,4815.4000,4815.2000,4814.8000,4814.0000,4818.4000,4818.8000,4819.0000,4819.2000,4819.4000,1,1,1,13,5,1,1,5,9,5
SF,IC2003,2019-12-05 09:30:03.000,4818.2000,39012,-4,49136760.000,12,4,8,多平,S,4814.8000,4814.0000,4813.8000,4813.0000,4812.8000,4818.2000,4818.4000,4819.0000,4819.2000,4819.6000,12,5,2,1,1,2,3,5,11,1
SF,IC2003,2019-12-05 09:30:03.500,4818.2000,39011,-1,64556120.000,16,7,9,多平,S,4815.0000,4814.8000,4814.0000,4813.8000,4813.0000,4819.2000,4819.6000,4819.8000,4820.2000,4820.6000,1,11,5,2,1,10,3,2,2,5
SF,IC2003,2019-12-05 09:30:04.000,4818.8000,39007,-4,70338160.000,6,1,5,多平,S,4818.4000,4815.0000,4814.8000,4814.0000,4813.8000,4818.8000,4819.0000,4819.2000,4819.6000,4819.8000,1,1,11,5,2,1,7,7,3,2
SF,IC2003,2019-12-05 09:30:04.500,4818.4000,39001,-6,77083920.000,7,0,7,多平,S,4815.0000,4814.8000,4814.0000,4813.8000,4813.0000,4816.8000,4818.2000,4818.6000,4818.8000,4819.0000,4,11,5,2,1,1,2,3,2,1
SF,IC2003,2019-12-05 09:30:05.000,4816.2000,38999,-2,79010520.000,2,0,2,双平,S,4816.8000,4815.8000,4815.6000,4815.0000,4814.8000,4817.8000,4818.6000,4818.8000,4819.0000,4819.2000,5,1,3,3,11,1,4,2,1,1
SF,IC2003,2019-12-05 09:30:05.500,4817.6000,38999,0,79974040.000,1,0,1,多换,S,4817.0000,4816.8000,4815.6000,4815.4000,4815.0000,4817.2000,4818.6000,4818.8000,4819.0000,4819.2000,1,5,3,1,3,1,9,2,1,1
SF,IC2003,2019-12-05 09:30:06.000,4817.2000,38998,-1,81900920.000,2,0,2,多平,S,4817.8000,4816.8000,4815.6000,4815.4000,4815.0000,4818.6000,4818.8000,4819.6000,4819.8000,4820.2000,4,5,1,1,3,9,2,1,2,2
SF,IC2003,2019-12-05 09:30:06.500,4818.6000,38992,-6,88646640.000,7,0,7,多平,S,4817.8000,4817.2000,4816.8000,4815.6000,4815.4000,4818.6000,4818.8000,4819.6000,4819.8000,4820.2000,2,6,5,1,1,5,1,1,2,2
SF,IC2003,2019-12-05 09:30:07.000,4818.6000,38987,-5,93465240.000,5,0,5,双平,S,4817.8000,4817.2000,4816.8000,4816.6000,4815.6000,4818.8000,4819.6000,4819.8000,4820.2000,4820.6000,2,6,7,5,1,6,1,2,2,5
SF,IC2003,2019-12-05 09:30:07.500,4817.8000,38987,0,97319720.000,4,2,2,多换,S,4817.8000,4817.2000,4816.8000,4816.6000,4815.6000,4818.8000,4819.6000,4819.8000,4820.6000,4822.0000,1,6,7,5,1,5,1,2,5,2
SF,IC2003,2019-12-05 09:30:08.000,4818.8000,38978,-9,105993200.000,9,0,9,双平,S,4818.8000,4817.2000,4816.8000,4816.6000,4815.6000,4819.6000,4819.8000,4820.6000,4822.0000,4825.6000,4,6,7,5,1,1,2,5,2,5
SF,IC2003,2019-12-05 09:30:08.500,4818.8000,38978,0,105993200.000,0,-,-,-,-,4819.0000,4818.8000,4818.4000,4817.2000,4816.8000,4819.6000,4819.8000,4820.6000,4822.0000,4826.6000,1,5,1,7,7,1,2,5,2,1
SF,IC2003,2019-12-05 09:30:09.000,4818.8000,38978,0,105993200.000,0,-,-,-,-,4819.0000,4818.8000,4817.2000,4816.8000,4816.6000,4819.6000,4819.8000,4820.6000,4822.0000,4826.6000,1,5,7,7,5,1,3,5,2,1
SF,IC2003,2019-12-05 09:30:09.500,4818.8000,38977,-1,106956960.000,1,0,1,双平,S,4818.8000,4817.2000,4816.8000,4816.6000,4815.6000,4819.6000,4819.8000,4820.6000,4822.0000,4826.6000,4,7,7,5,1,1,3,5,2,1
SF,IC2003,2019-12-05 09:30:10.000,4818.8000,38974,-3,109848240.000,3,0,3,双平,S,4818.8000,4817.2000,4816.8000,4816.6000,4815.6000,4819.4000,4819.6000,4819.8000,4820.6000,4822.0000,1,7,7,5,1,1,1,3,5,2
SF,IC2003,2019-12-05 09:30:10.500,4819.2000,38973,-1,110812080.000,1,0,1,双平,S,4818.8000,4818.6000,4817.2000,4816.8000,4816.6000,4819.0000,4819.6000,4819.8000,4820.6000,4822.0000,1,1,7,7,5,2,1,3,5,2
SF,IC2003,2019-12-05 09:30:11.000,4819.0000,38972,-1,112739640.000,2,0,2,多平,S,4818.6000,4817.2000,4816.8000,4816.6000,4815.6000,4819.0000,4819.6000,4819.8000,4820.6000,4822.0000,1,7,7,5,1,1,1,3,5,2
SF,IC2003,2019-12-05 09:30:11.500,4819.0000,38971,-1,115631160.000,3,1,2,多平,S,4818.6000,4817.2000,4816.8000,4816.6000,4815.6000,4819.8000,4820.6000,4822.0000,4826.6000,4827.0000,1,7,7,5,1,3,5,2,1,8
SF,IC2003,2019-12-05 09:30:12.000,4817.2000,38967,-4,120449000.000,5,0,5,多平,S,4817.2000,4816.8000,4816.6000,4815.6000,4815.4000,4819.6000,4819.8000,4820.6000,4822.0000,4826.6000,4,7,5,1,1,1,3,5,2,1
SF,IC2003,2019-12-05 09:30:12.500,4818.8000,38966,-1,122376480.000,2,0,2,多平,S,4817.4000,4817.2000,4816.8000,4816.6000,4815.6000,4817.8000,4819.8000,4820.6000,4822.0000,4826.6000,1,3,7,6,1,1,3,5,2,1
SF,IC2003,2019-12-05 09:30:13.000,4817.8000,38966,0,123340040.000,1,0,1,多换,S,4818.4000,4818.0000,4817.8000,4817.6000,4817.4000,4819.8000,4820.6000,4822.0000,4826.6000,4827.0000,1,3,1,3,5,3,5,2,1,8
SF,IC2003,2019-12-05 09:30:13.500,4819.8000,38963,-3,126231920.000,3,0,3,双平,S,4819.8000,4818.6000,4818.4000,4818.0000,4817.8000,4820.6000,4822.0000,4826.6000,4827.0000,4828.0000,2,1,1,1,1,5,2,1,8,1
SF,IC2003,2019-12-05 09:30:14.000,4819.6000,38960,-3,130087480.000,4,0,4,多平,S,4819.8000,4818.4000,4817.8000,4817.4000,4817.2000,4820.4000,4820.6000,4820.8000,4822.0000,4826.6000,1,1,1,1,3,1,5,2,2,1
SF,IC2003,2019-12-05 09:30:14.500,4819.6000,38960,0,130087480.000,0,-,-,-,-,4819.8000,4818.4000,4817.8000,4817.4000,4817.2000,4820.4000,4820.6000,4822.0000,4826.6000,4827.0000,2,1,1,2,3,1,5,2,1,8
SF,IC2003,2019-12-05 09:30:15.000,4819.8000,38961,1,131051440.000,1,1,0,双开,S,4819.8000,4818.4000,4817.8000,4817.4000,4817.2000,4820.4000,4820.6000,4822.0000,4826.6000,4827.0000,1,1,2,1,3,1,5,1,1,7
SF,IC2003,2019-12-05 09:30:15.500,4819.8000,38961,0,132015400.000,1,0,1,多换,S,4819.8000,4818.4000,4817.8000,4817.4000,4817.2000,4820.2000,4820.4000,4820.6000,4822.0000,4826.6000,1,1,2,1,3,1,1,5,1,1
SF,IC2003,2019-12-05 09:30:16.000,4820.2000,38961,0,135871400.000,4,2,2,多换,S,4818.4000,4817.8000,4817.4000,4817.2000,4817.0000,4819.8000,4820.4000,4820.6000,4822.0000,4826.6000,1,2,1,3,1,1,1,5,1,1
SF,IC2003,2019-12-05 09:30:16.500,4819.8000,38960,-1,136835360.000,1,0,1,双平,S,4818.6000,4818.4000,4818.2000,4817.8000,4817.4000,4819.6000,4820.6000,4822.0000,4826.6000,4827.0000,1,2,1,2,1,2,5,1,1,7
SF,IC2003,2019-12-05 09:30:17.000,4820.6000,38960,0,141655640.000,5,2,3,多换,S,4818.6000,4818.4000,4817.8000,4817.4000,4817.2000,4819.4000,4819.8000,4820.6000,4822.0000,4826.6000,1,1,2,1,3,1,2,2,1,1
SF,IC2003,2019-12-05 09:30:17.500,4819.8000,38959,-1,142619600.000,1,0,1,双平,S,4818.6000,4818.4000,4817.8000,4817.4000,4817.2000,4819.8000,4820.6000,4822.0000,4826.6000,4827.0000,1,1,2,1,3,2,2,1,1,7
SF,IC2003,2019-12-05 09:30:18.000,4819.8000,38959,0,142619600.000,0,-,-,-,-,4818.6000,4818.4000,4817.8000,4817.4000,4817.2000,4819.8000,4820.6000,4821.8000,4822.0000,4826.6000,1,1,2,1,3,2,2,1,1,1
SF,IC2003,2019-12-05 09:30:18.500,4819.8000,38959,0,142619600.000,0,-,-,-,-,4819.2000,4819.0000,4818.6000,4818.4000,4817.8000,4819.8000,4820.6000,4821.8000,4822.0000,4826.6000,1,1,1,2,2,2,2,1,1,1
SF,IC2003,2019-12-05 09:30:19.000,4819.8000,38959,0,142619600.000,0,-,-,-,-,4819.2000,4819.0000,4818.6000,4818.4000,4817.8000,4819.8000,4820.6000,4821.8000,4822.0000,4826.6000,2,1,1,1,2,2,2,1,1,1
SF,IC2003,2019-12-05 09:30:19.500,4820.6000,38957,-2,145511640.000,3,0,3,多平,S,4819.2000,4819.0000,4818.6000,4818.4000,4817.8000,4820.6000,4821.8000,4822.0000,4826.6000,4827.0000,2,1,1,1,2,1,1,1,1,7
SF,IC2003,2019-12-05 09:30:20.000,4820.6000,38957,0,145511640.000,0,-,-,-,-,4819.8000,4819.6000,4819.2000,4819.0000,4818.6000,4820.6000,4821.8000,4822.0000,4826.6000,4827.0000,10,1,2,1,1,1,1,1,1,7
SF,IC2003,2019-12-05 09:30:20.500,4820.6000,38956,-1,146475760.000,1,0,1,双平,S,4820.6000,4819.8000,4819.6000,4819.2000,4819.0000,4821.8000,4822.0000,4826.6000,4827.0000,4828.0000,9,10,1,2,1,1,1,1,7,1
SF,IC2003,2019-12-05 09:30:21.000,4821.4000,38950,-6,152261040.000,6,0,6,双平,S,4820.6000,4819.8000,4819.6000,4819.2000,4819.0000,4821.8000,4822.0000,4826.6000,4827.0000,4828.0000,8,10,1,1,1,1,1,1,7,1
SF,IC2003,2019-12-05 09:30:21.500,4821.6000,38944,-6,159010560.000,7,0,7,多平,S,4820.6000,4819.8000,4819.6000,4819.2000,4819.0000,4821.6000,4821.8000,4822.0000,4826.6000,4827.0000,6,10,1,1,1,6,1,1,1,7
SF,IC2003,2019-12-05 09:30:22.000,4821.4000,38936,-8,168652200.000,10,1,9,多平,S,4820.6000,4819.8000,4819.6000,4819.2000,4819.0000,4821.4000,4821.6000,4821.8000,4822.0000,4826.6000,1,10,1,1,1,1,7,3,1,1
SF,IC2003,2019-12-05 09:30:22.500,4821.4000,38930,-6,176365080.000,8,1,7,多平,S,4821.4000,4819.8000,4819.2000,4819.0000,4817.8000,4821.6000,4821.8000,4822.0000,4826.6000,4827.0000,2,8,1,1,2,7,1,1,1,7
SF,IC2003,2019-12-05 09:30:23.000,4821.4000,38928,-2,178293640.000,2,0,2,双平,S,4819.8000,4819.2000,4819.0000,4817.8000,4817.2000,4821.0000,4821.2000,4821.4000,4821.6000,4821.8000,8,1,1,2,1,2,2,2,6,1
SF,IC2003,2019-12-05 09:30:23.500,4821.0000,38923,-5,183114640.000,5,0,5,双平,S,4820.0000,4819.8000,4819.2000,4819.0000,4817.8000,4821.0000,4821.2000,4821.4000,4821.6000,4821.8000,1,8,1,1,2,1,2,2,6,1
SF,IC2003,2019-12-05 09:30:24.000,4819.8000,38919,-4,189862400.000,7,1,6,多平,S,4819.8000,4819.2000,4819.0000,4817.8000,4817.2000,4820.0000,4820.8000,4821.0000,4821.2000,4821.4000,2,1,1,1,1,2,4,3,3,2
SF,IC2003,2019-12-05 09:30:24.500,4820.0000,38916,-3,192754400.000,3,0,3,双平,S,4820.0000,4819.8000,4819.2000,4819.0000,4817.8000,4820.8000,4821.0000,4821.4000,4821.6000,4821.8000,6,2,1,1,1,2,4,2,5,1
SF,IC2003,2019-12-05 09:30:25.000,4820.6000,38912,-4,197574520.000,5,0,5,多平,S,4820.0000,4819.8000,4819.2000,4819.0000,4817.8000,4820.8000,4821.0000,4821.4000,4821.6000,4821.8000,2,2,1,1,1,2,4,2,5,1
SF,IC2003,2019-12-05 09:30:25.500,4820.0000,38911,-1,198538520.000,1,0,1,双平,S,4820.0000,4819.8000,4819.2000,4819.0000,4817.8000,4820.6000,4820.8000,4821.0000,4821.4000,4821.6000,1,3,1,1,1,1,2,3,2,5
SF,IC2003,2019-12-05 09:30:26.000,4820.8000,38904,-7,207214960.000,9,1,8,多平,S,4819.2000,4817.8000,4817.2000,4816.8000,4816.6000,4820.0000,4820.4000,4820.8000,4821.0000,4821.4000,1,1,1,5,6,1,1,2,3,2
SF,IC2003,2019-12-05 09:30:26.500,4820.8000,38904,0,207214960.000,0,-,-,-,-,4819.4000,4819.2000,4817.2000,4816.8000,4816.6000,4820.0000,4820.4000,4820.8000,4821.0000,4821.4000,1,1,1,5,6,1,1,2,3,2
SF,IC2003,2019-12-05 09:30:27.000,4820.6000,38904,0,212035560.000,5,2,3,多换,S,4819.4000,4819.2000,4817.2000,4816.8000,4816.6000,4820.6000,4820.8000,4821.0000,4821.4000,4821.6000,1,1,1,5,6,1,2,3,2,5
SF,IC2003,2019-12-05 09:30:27.500,4820.4000,38902,-2,214927360.000,3,0,3,多平,S,4817.2000,4816.8000,4816.6000,4815.0000,4814.8000,4821.0000,4821.4000,4821.6000,4821.8000,4822.0000,1,5,6,2,4,3,2,5,1,3
SF,IC2003,2019-12-05 09:30:28.000,4820.4000,38901,-1,215891440.000,1,0,1,双平,S,4817.4000,4817.2000,4816.8000,4816.6000,4815.0000,4819.2000,4820.0000,4820.4000,4820.8000,4821.0000,1,1,5,6,2,1,1,2,1,3
SF,IC2003,2019-12-05 09:30:28.500,4820.4000,38901,0,215891440.000,0,-,-,-,-,4817.8000,4817.6000,4817.4000,4817.2000,4816.8000,4819.2000,4820.0000,4820.8000,4821.0000,4821.4000,1,2,1,1,5,1,1,2,3,3
SF,IC2003,2019-12-05 09:30:29.000,4820.4000,38901,0,215891440.000,0,-,-,-,-,4818.0000,4817.8000,4817.6000,4817.2000,4816.8000,4819.0000,4819.2000,4820.0000,4820.8000,4821.0000,1,1,1,1,5,2,1,1,2,3
SF,IC2003,2019-12-05 09:30:29.500,4819.2000,38900,-1,217818880.000,2,0,2,多平,S,4817.8000,4817.6000,4817.2000,4816.8000,4816.6000,4819.2000,4820.0000,4820.2000,4820.8000,4821.0000,1,1,1,5,6,1,1,1,2,3
SF,IC2003,2019-12-05 09:30:30.000,4820.0000,38901,1,222638240.000,5,3,2,空开,S,4819.2000,4818.0000,4817.8000,4817.2000,4816.8000,4820.2000,4820.8000,4821.0000,4821.4000,4821.6000,1,1,1,1,5,1,3,3,2,5
SF,IC2003,2019-12-05 09:30:30.500,4819.2000,38899,-2,224565920.000,2,0,2,双平,S,4820.0000,4818.0000,4817.8000,4817.2000,4816.8000,4820.2000,4820.8000,4821.0000,4821.4000,4821.6000,1,1,1,1,5,1,3,3,2,5
SF,IC2003,2019-12-05 09:30:31.000,4820.0000,38899,0,225529920.000,1,0,1,多换,S,4819.2000,4818.0000,4817.8000,4817.2000,4816.8000,4820.2000,4821.0000,4821.4000,4821.6000,4821.8000,2,1,1,1,5,1,1,2,5,1
SF,IC2003,2019-12-05 09:30:31.500,4820.2000,38898,-1,226493960.000,1,0,1,双平,S,4819.4000,4819.2000,4818.2000,4817.8000,4817.2000,4821.0000,4821.4000,4821.6000,4821.8000,4822.0000,2,2,1,1,1,1,2,4,1,1
SF,IC2003,2019-12-05 09:30:32.500,4821.0000,38897,-1,227458160.000,1,0,1,双平,S,4821.2000,4819.6000,4819.4000,4819.2000,4818.2000,4821.4000,4821.6000,4821.8000,4822.0000,4823.4000,1,1,2,3,1,2,4,1,1,1
SF,IC2003,2019-12-05 09:30:33.000,4821.2000,38896,-1,228422400.000,1,0,1,双平,S,4819.4000,4819.2000,4818.2000,4817.8000,4817.2000,4821.0000,4821.2000,4821.4000,4821.8000,4822.0000,1,2,1,1,1,1,5,2,1,1
SF,IC2003,2019-12-05 09:30:33.500,4819.6000,38894,-2,230350240.000,2,0,2,双平,S,4819.4000,4819.2000,4818.2000,4817.8000,4817.2000,4820.4000,4820.8000,4821.2000,4821.4000,4821.6000,1,2,1,1,1,1,1,3,2,1
SF,IC2003,2019-12-05 09:30:34.000,4820.4000,38893,-1,231314320.000,1,0,1,双平,S,4819.2000,4818.4000,4818.2000,4817.8000,4817.2000,4821.2000,4821.4000,4821.6000,4821.8000,4822.0000,2,1,1,1,1,3,2,1,1,1
SF,IC2003,2019-12-05 09:30:34.500,4821.0000,38892,-1,232278520.000,1,0,1,双平,S,4820.6000,4820.4000,4819.4000,4819.2000,4818.4000,4821.0000,4821.2000,4821.4000,4821.8000,4822.0000,1,5,1,3,2,1,1,1,1,1
SF,IC2003,2019-12-05 09:30:35.000,4821.2000,38889,-3,235171160.000,3,0,3,双平,S,4821.2000,4820.6000,4819.2000,4818.4000,4818.2000,4821.4000,4821.8000,4822.0000,4823.4000,4826.6000,1,1,3,1,1,1,1,1,1,1
SF,IC2003,2019-12-05 09:30:35.500,4821.2000,38889,0,236135400.000,1,0,1,多换,S,4821.2000,4819.4000,4819.2000,4818.4000,4818.2000,4821.4000,4821.8000,4822.0000,4823.4000,4826.6000,1,1,3,1,1,1,1,1,1,1
SF,IC2003,2019-12-05 09:30:36.000,4821.4000,38887,-2,238063920.000,2,0,2,双平,S,4819.4000,4819.2000,4818.4000,4818.2000,4817.8000,4821.8000,4822.0000,4823.4000,4826.6000,4827.0000,1,3,1,1,1,1,1,1,1,9
SF,IC2003,2019-12-05 09:30:36.500,4821.4000,38887,0,238063920.000,0,-,-,-,-,4819.6000,4819.4000,4819.2000,4818.4000,4818.2000,4821.8000,4822.0000,4823.4000,4826.6000,4827.0000,1,1,3,1,1,1,1,1,1,9
SF,IC2003,2019-12-05 09:30:37.000,4821.4000,38887,0,238063920.000,0,-,-,-,-,4821.0000,4819.6000,4819.2000,4818.4000,4818.2000,4821.6000,4821.8000,4822.0000,4823.4000,4826.6000,1,1,3,1,1,5,1,1,1,1
SF,IC2003,2019-12-05 09:30:37.500,4821.0000,38887,0,239028120.000,1,0,1,多换,S,4819.6000,4819.2000,4818.4000,4818.2000,4817.8000,4821.0000,4821.8000,4822.0000,4823.4000,4825.0000,1,3,1,1,1,2,1,1,1,1
SF,IC2003,2019-12-05 09:30:38.000,4821.0000,38886,-1,239992320.000,1,0,1,双平,S,4819.2000,4818.4000,4818.2000,4817.8000,4817.2000,4820.8000,4821.6000,4821.8000,4822.0000,4823.4000,3,2,1,1,1,1,1,1,1,1
SF,IC2003,2019-12-05 09:30:38.500,4820.8000,38885,-1,240956480.000,1,0,1,双平,S,4820.0000,4819.4000,4819.2000,4818.4000,4818.2000,4821.4000,4821.8000,4822.0000,4823.4000,4825.0000,1,1,3,2,1,1,1,1,1,1
SF,IC2003,2019-12-05 09:30:39.000,4821.4000,38885,0,241920760.000,1,0,1,多换,S,4820.2000,4819.2000,4818.4000,4818.2000,4817.8000,4821.6000,4821.8000,4822.0000,4823.4000,4825.0000,1,3,2,1,1,1,1,1,1,1
SF,IC2003,2019-12-05 09:30:39.500,4821.4000,38885,0,241920760.000,0,-,-,-,-,4820.8000,4820.2000,4819.2000,4818.4000,4818.2000,4821.8000,4822.0000,4823.4000,4825.0000,4826.6000,2,1,3,2,1,1,1,1,1,1
SF,IC2003,2019-12-05 09:30:40.000,4821.4000,38885,0,241920760.000,0,-,-,-,-,4820.8000,4820.2000,4819.2000,4818.4000,4818.2000,4821.6000,4821.8000,4822.0000,4823.4000,4825.0000,2,1,3,2,1,4,1,1,1,1
SF,IC2003,2019-12-05 09:30:40.500,4821.4000,38885,0,241920760.000,0,-,-,-,-,4820.8000,4820.2000,4819.2000,4818.4000,4818.2000,4821.4000,4821.6000,4821.8000,4822.0000,4823.4000,2,1,3,2,1,1,5,1,1,1
SF,IC2003,2019-12-05 09:30:41.000,4821.4000,38885,0,241920760.000,0,-,-,-,-,4820.8000,4820.2000,4819.2000,4818.4000,4818.2000,4821.6000,4821.8000,4822.0000,4823.4000,4825.0000,2,1,3,2,1,5,1,1,1,1
SF,IC2003,2019-12-05 09:30:41.500,4821.6000,38884,-1,244813560.000,3,1,2,多平,S,4820.8000,4820.2000,4819.2000,4818.4000,4818.2000,4821.6000,4821.8000,4822.0000,4823.4000,4825.0000,1,1,3,2,1,3,1,1,1,1
SF,IC2003,2019-12-05 09:30:42.000,4821.6000,38882,-2,246742200.000,2,0,2,双平,S,4820.8000,4820.2000,4819.2000,4818.4000,4818.2000,4821.6000,4821.8000,4822.0000,4823.4000,4825.0000,1,1,3,2,1,2,1,1,1,1
SF,IC2003,2019-12-05 09:30:42.500,4821.6000,38882,0,246742200.000,0,-,-,-,-,4820.8000,4820.2000,4819.2000,4818.4000,4818.2000,4821.6000,4821.8000,4822.0000,4823.4000,4825.0000,1,1,3,2,1,1,1,1,1,1
SF,IC2003,2019-12-05 09:30:43.000,4821.6000,38882,0,246742200.000,0,-,-,-,-,4820.8000,4820.2000,4819.2000,4818.4000,4818.2000,4821.8000,4822.0000,4823.4000,4825.0000,4826.6000,1,1,3,2,1,1,1,1,1,1
SF,IC2003,2019-12-05 09:30:43.500,4821.6000,38882,0,246742200.000,0,-,-,-,-,4820.8000,4820.2000,4819.2000,4818.4000,4818.2000,4821.6000,4821.8000,4822.0000,4823.4000,4825.0000,1,1,3,2,1,1,1,1,1,1
SF,IC2003,2019-12-05 09:30:44.000,4820.8000,38881,-1,248670520.000,2,0,2,多平,S,4820.8000,4820.2000,4819.2000,4818.4000,4818.2000,4821.4000,4821.6000,4821.8000,4822.0000,4823.4000,1,1,3,2,1,1,2,1,1,1
SF,IC2003,2019-12-05 09:30:44.500,4820.8000,38881,0,249634680.000,1,0,1,多换,S,4820.2000,4819.2000,4818.4000,4818.2000,4817.8000,4821.2000,4821.6000,4821.8000,4822.0000,4823.4000,1,3,2,1,1,2,2,2,1,1
SF,IC2003,2019-12-05 09:30:45.000,4820.8000,38880,-1,250598840.000,1,0,1,双平,S,4820.2000,4819.2000,4818.4000,4818.2000,4817.8000,4821.2000,4821.6000,4821.8000,4822.0000,4823.4000,1,3,2,1,1,2,2,2,1,1
SF,IC2003,2019-12-05 09:30:45.500,4820.8000,38880,0,250598840.000,0,-,-,-,-,4820.2000,4819.2000,4818.4000,4818.2000,4817.8000,4821.0000,4821.2000,4821.6000,4821.8000,4822.0000,1,3,2,1,1,2,2,2,2,1
SF,IC2003,2019-12-05 09:30:46.000,4821.2000,38876,-4,254455720.000,4,0,4,双平,S,4819.2000,4818.4000,4818.2000,4817.8000,4817.2000,4821.0000,4821.6000,4821.8000,4822.0000,4823.4000,3,2,1,1,1,1,1,2,1,1
SF,IC2003,2019-12-05 09:30:46.500,4821.2000,38876,0,255419960.000,1,0,1,多换,S,4820.4000,4820.0000,4819.4000,4819.2000,4818.4000,4821.6000,4821.8000,4822.0000,4823.4000,4825.0000,1,2,2,3,2,1,2,1,1,1
SF,IC2003,2019-12-05 09:30:47.000,4821.2000,38876,0,255419960.000,0,-,-,-,-,4819.4000,4819.2000,4818.4000,4818.2000,4817.8000,4821.6000,4821.8000,4822.0000,4823.4000,4825.0000,1,3,2,1,1,1,2,1,1,1
SF,IC2003,2019-12-05 09:30:47.500,4821.2000,38876,0,255419960.000,0,-,-,-,-,4820.6000,4819.4000,4819.2000,4818.4000,4818.2000,4821.4000,4821.6000,4821.8000,4822.0000,4823.4000,1,1,3,2,1,1,2,2,1,1
SF,IC2003,2019-12-05 09:30:48.000,4821.2000,38876,0,255419960.000,0,-,-,-,-,4819.4000,4819.2000,4818.4000,4818.2000,4817.8000,4821.4000,4821.6000,4821.8000,4822.0000,4823.4000,1,3,2,1,1,1,1,2,1,1
SF,IC2003,2019-12-05 09:30:48.500,4821.2000,38876,0,256384200.000,1,0,1,多换,S,4819.6000,4819.4000,4819.2000,4818.4000,4818.2000,4821.6000,4821.8000,4822.0000,4823.4000,4825.0000,1,1,3,2,1,2,2,1,1,1
SF,IC2003,2019-12-05 09:30:49.000,4821.2000,38876,0,256384200.000,0,-,-,-,-,4819.8000,4819.2000,4818.4000,4818.2000,4817.8000,4821.4000,4821.6000,4821.8000,4822.0000,4823.4000,2,3,2,1,1,4,2,2,1,1
SF,IC2003,2019-12-05 09:30:49.500,4821.2000,38876,0,256384200.000,0,-,-,-,-,4819.8000,4819.2000,4818.4000,4818.2000,4817.8000,4821.6000,4821.8000,4822.0000,4823.4000,4825.0000,2,3,2,1,1,1,2,1,1,1
SF,IC2003,2019-12-05 09:30:50.000,4821.2000,38876,0,256384200.000,0,-,-,-,-,4820.8000,4819.8000,4819.2000,4818.4000,4818.2000,4821.6000,4821.8000,4822.0000,4823.4000,4825.0000,20,2,3,2,1,1,2,1,1,1
SF,IC2003,2019-12-05 09:30:50.500,4820.8000,38875,-1,257348360.000,1,0,1,双平,S,4820.8000,4819.8000,4819.2000,4818.4000,4818.2000,4821.8000,4822.0000,4823.4000,4825.0000,4826.6000,19,1,3,2,1,2,1,1,1,1
SF,IC2003,2019-12-05 09:30:51.000,4820.8000,38874,-1,258312520.000,1,0,1,双平,S,4820.8000,4819.8000,4819.2000,4818.4000,4818.2000,4821.6000,4821.8000,4822.0000,4823.4000,4825.0000,18,1,3,2,1,1,2,1,1,1
SF,IC2003,2019-12-05 09:30:51.500,4820.8000,38871,-3,261205000.000,3,0,3,双平,S,4821.0000,4820.8000,4819.8000,4819.2000,4818.4000,4821.6000,4821.8000,4822.0000,4822.2000,4823.4000,1,15,1,3,2,2,2,1,1,1
SF,IC2003,2019-12-05 09:30:52.000,4820.8000,38868,-3,265061680.000,4,0,4,多平,S,4820.8000,4819.8000,4819.2000,4818.4000,4818.2000,4821.4000,4821.6000,4821.8000,4822.0000,4822.2000,12,1,3,2,1,5,2,2,1,1
SF,IC2003,2019-12-05 09:30:52.500,4820.8000,38867,-1,266025840.000,1,0,1,双平,S,4820.8000,4819.8000,4819.2000,4818.4000,4818.2000,4821.2000,4821.4000,4821.6000,4821.8000,4822.0000,11,1,3,2,1,1,5,3,2,1
SF,IC2003,2019-12-05 09:30:53.000,4820.8000,38856,-11,276631600.000,11,0,11,双平,S,4819.2000,4818.4000,4818.2000,4817.8000,4817.2000,4821.0000,4821.2000,4821.4000,4821.6000,4821.8000,3,2,1,1,1,3,1,5,2,2
SF,IC2003,2019-12-05 09:30:53.500,4820.8000,38856,0,276631600.000,0,-,-,-,-,4819.4000,4819.2000,4818.4000,4818.2000,4817.8000,4821.0000,4821.2000,4821.4000,4821.6000,4821.8000,2,3,2,1,1,2,1,5,2,2
SF,IC2003,2019-12-05 09:30:54.000,4820.8000,38856,0,276631600.000,0,-,-,-,-,4819.4000,4819.2000,4818.8000,4818.4000,4818.2000,4820.6000,4820.8000,4821.0000,4821.2000,4821.4000,2,3,2,2,1,1,1,2,1,5
SF,IC2003,2019-12-05 09:30:54.500,4820.8000,38856,0,276631600.000,0,-,-,-,-,4819.6000,4819.4000,4819.2000,4818.8000,4818.4000,4820.8000,4821.0000,4821.2000,4821.4000,4821.6000,2,2,3,2,2,1,2,1,5,2
SF,IC2003,2019-12-05 09:30:55.000,4819.8000,38855,-1,277595560.000,1,0,1,双平,S,4819.8000,4819.6000,4819.2000,4818.8000,4818.4000,4820.8000,4821.0000,4821.2000,4821.4000,4821.6000,1,2,3,2,2,1,2,1,5,2
SF,IC2003,2019-12-05 09:30:55.500,4819.8000,38854,-1,278559520.000,1,0,1,双平,S,4820.0000,4819.6000,4819.2000,4818.8000,4818.4000,4820.8000,4821.0000,4821.2000,4821.4000,4821.6000,1,2,3,2,2,1,2,1,5,2
SF,IC2003,2019-12-05 09:30:56.000,4820.2000,38852,-2,280487720.000,2,0,2,双平,S,4819.6000,4819.2000,4819.0000,4818.8000,4818.4000,4821.0000,4821.2000,4821.4000,4821.6000,4821.8000,2,3,5,2,2,2,1,5,2,2
SF,IC2003,2019-12-05 09:30:56.500,4820.2000,38852,0,280487720.000,0,-,-,-,-,4820.0000,4819.6000,4819.2000,4819.0000,4818.8000,4821.0000,4821.2000,4821.4000,4821.6000,4821.8000,1,2,3,5,2,2,1,5,2,2
SF,IC2003,2019-12-05 09:30:57.000,4820.0000,38852,0,281451720.000,1,0,1,多换,S,4819.6000,4819.2000,4819.0000,4818.8000,4818.4000,4820.8000,4821.0000,4821.2000,4821.4000,4821.6000,2,3,5,2,2,1,2,1,5,2
SF,IC2003,2019-12-05 09:30:57.500,4820.0000,38851,-1,282415720.000,1,0,1,双平,S,4819.6000,4819.2000,4819.0000,4818.8000,4818.4000,4820.8000,4821.0000,4821.2000,4821.4000,4821.6000,2,3,5,2,2,1,2,1,5,2
SF,IC2003,2019-12-05 09:30:58.000,4820.0000,38851,0,282415720.000,0,-,-,-,-,4819.6000,4819.2000,4819.0000,4818.8000,4818.4000,4820.8000,4821.0000,4821.2000,4821.4000,4821.6000,2,3,5,2,2,1,2,1,5,2
SF,IC2003,2019-12-05 09:30:58.500,4819.8000,38850,-1,283379680.000,1,0,1,双平,S,4819.6000,4819.2000,4819.0000,4818.8000,4818.4000,4820.6000,4820.8000,4821.0000,4821.2000,4821.4000,2,3,5,2,2,1,1,2,1,5
SF,IC2003,2019-12-05 09:30:59.000,4819.6000,38850,0,285307520.000,2,1,1,多换,S,4819.2000,4819.0000,4818.8000,4818.4000,4818.2000,4820.0000,4820.8000,4821.0000,4821.2000,4821.4000,3,5,2,2,1,1,1,2,1,5
SF,IC2003,2019-12-05 09:30:59.500,4819.6000,38850,0,285307520.000,0,-,-,-,-,4819.2000,4819.0000,4818.4000,4818.2000,4817.8000,4820.0000,4820.8000,4821.0000,4821.2000,4821.4000,3,5,2,1,1,2,1,2,1,5
SF,IC2003,2019-12-05 09:31:00.500,4819.6000,38850,0,285307520.000,0,-,-,-,-,4819.2000,4819.0000,4818.4000,4818.2000,4817.8000,4820.0000,4820.8000,4821.0000,4821.2000,4821.4000,3,5,2,1,1,1,1,2,1,5
SF,IC2003,2019-12-05 09:31:01.000,4820.0000,38850,0,286271520.000,1,0,1,多换,S,4820.0000,4819.4000,4819.2000,4819.0000,4818.4000,4820.8000,4821.0000,4821.2000,4821.4000,4821.6000,3,2,3,5,2,1,2,1,5,3
SF,IC2003,2019-12-05 09:31:01.500,4820.0000,38850,0,286271520.000,0,-,-,-,-,4820.0000,4819.4000,4819.2000,4819.0000,4818.4000,4820.2000,4820.8000,4821.0000,4821.4000,4821.6000,3,1,3,5,2,1,1,2,5,3
SF,IC2003,2019-12-05 09:31:02.000,4820.8000,38848,-2,288199720.000,2,0,2,双平,S,4820.8000,4820.2000,4819.4000,4819.2000,4819.0000,4821.0000,4821.4000,4821.6000,4821.8000,4822.0000,2,1,1,3,5,2,5,3,2,1
SF,IC2003,2019-12-05 09:31:02.500,4821.0000,38847,-1,290128120.000,2,0,2,多平,S,4820.2000,4819.4000,4819.2000,4819.0000,4818.4000,4820.8000,4821.0000,4821.4000,4821.6000,4821.8000,1,1,3,5,2,1,1,5,3,2
SF,IC2003,2019-12-05 09:31:03.000,4821.0000,38847,0,290128120.000,0,-,-,-,-,4820.2000,4819.6000,4819.4000,4819.2000,4819.0000,4820.8000,4821.0000,4821.4000,4821.6000,4821.8000,1,1,1,3,5,1,1,5,3,2
SF,IC2003,2019-12-05 09:31:03.500,4821.0000,38847,0,290128120.000,0,-,-,-,-,4820.2000,4819.6000,4819.4000,4819.2000,4819.0000,4820.8000,4821.0000,4821.4000,4821.6000,4821.8000,1,1,1,3,5,1,1,5,2,2
SF,IC2003,2019-12-05 09:31:04.000,4820.8000,38846,-1,291092280.000,1,0,1,双平,S,4819.4000,4819.2000,4819.0000,4818.4000,4818.2000,4821.0000,4821.4000,4821.6000,4821.8000,4822.0000,1,3,5,2,1,1,5,2,2,1
SF,IC2003,2019-12-05 09:31:04.500,4820.8000,38846,0,291092280.000,0,-,-,-,-,4819.6000,4819.4000,4819.2000,4819.0000,4818.4000,4821.0000,4821.4000,4821.6000,4821.8000,4822.0000,1,1,3,5,2,1,5,2,2,1
SF,IC2003,2019-12-05 09:31:05.000,4820.8000,38846,0,291092280.000,0,-,-,-,-,4819.4000,4819.2000,4819.0000,4818.4000,4818.2000,4820.8000,4821.0000,4821.2000,4821.4000,4821.6000,1,3,5,2,1,1,1,1,5,2
SF,IC2003,2019-12-05 09:31:05.500,4820.8000,38846,0,291092280.000,0,-,-,-,-,4819.4000,4819.2000,4819.0000,4818.4000,4818.2000,4820.8000,4821.0000,4821.2000,4821.4000,4821.6000,1,3,5,2,1,1,1,1,4,2
SF,IC2003,2019-12-05 09:31:06.000,4820.8000,38846,0,291092280.000,0,-,-,-,-,4820.8000,4819.4000,4819.2000,4819.0000,4818.4000,4821.0000,4821.2000,4821.4000,4821.6000,4821.8000,1,1,3,5,2,1,1,4,2,2
SF,IC2003,2019-12-05 09:31:06.500,4819.4000,38845,-1,293020320.000,2,0,2,多平,S,4819.2000,4819.0000,4818.4000,4817.2000,4816.8000,4820.6000,4820.8000,4821.0000,4821.2000,4821.4000,3,5,2,1,5,2,3,1,1,4
SF,IC2003,2019-12-05 09:31:07.000,4819.4000,38845,0,293020320.000,0,-,-,-,-,4819.2000,4819.0000,4818.4000,4817.2000,4816.8000,4820.4000,4820.8000,4821.0000,4821.2000,4821.4000,3,6,2,1,5,2,2,2,1,4
SF,IC2003,2019-12-05 09:31:07.500,4819.4000,38845,0,293020320.000,0,-,-,-,-,4819.4000,4819.2000,4819.0000,4818.4000,4817.2000,4820.2000,4820.4000,4820.8000,4821.0000,4821.2000,1,3,6,2,1,1,2,2,2,1
SF,IC2003,2019-12-05 09:31:08.000,4819.4000,38845,0,293020320.000,0,-,-,-,-,4819.4000,4819.2000,4819.0000,4818.4000,4817.2000,4820.2000,4820.4000,4820.8000,4821.0000,4821.2000,1,3,6,2,1,1,1,2,2,1
SF,IC2003,2019-12-05 09:31:08.500,4819.4000,38845,0,293020320.000,0,-,-,-,-,4819.4000,4819.2000,4819.0000,4818.4000,4817.2000,4820.2000,4820.4000,4820.8000,4821.0000,4821.2000,1,3,6,2,1,1,1,2,2,1
SF,IC2003,2019-12-05 09:31:09.500,4819.2000,38846,1,294948040.000,2,1,1,空开,S,4819.6000,4819.2000,4819.0000,4818.4000,4817.2000,4820.0000,4820.2000,4820.4000,4820.8000,4821.0000,1,2,6,2,1,1,1,1,2,2
SF,IC2003,2019-12-05 09:31:10.500,4819.2000,38846,0,294948040.000,0,-,-,-,-,4819.6000,4819.2000,4819.0000,4818.4000,4817.2000,4820.0000,4820.2000,4820.8000,4821.0000,4821.2000,1,2,6,2,1,1,1,2,2,1
SF,IC2003,2019-12-05 09:31:11.000,4820.0000,38845,-1,295912040.000,1,0,1,双平,S,4819.8000,4819.6000,4819.2000,4819.0000,4818.4000,4820.2000,4820.8000,4821.0000,4821.2000,4821.4000,1,1,2,6,2,1,2,2,1,4
SF,IC2003,2019-12-05 09:31:11.500,4820.2000,38843,-2,297840120.000,2,0,2,双平,S,4820.2000,4820.0000,4819.8000,4819.6000,4819.2000,4821.0000,4821.2000,4821.4000,4821.6000,4821.8000,2,1,1,1,2,2,1,4,2,2
SF,IC2003,2019-12-05 09:31:12.000,4821.0000,38842,-1,299768520.000,2,0,2,多平,S,4820.2000,4819.8000,4819.6000,4819.2000,4819.0000,4821.2000,4821.4000,4821.6000,4821.8000,4822.0000,4,1,1,2,6,1,4,2,2,1
SF,IC2003,2019-12-05 09:31:12.500,4821.2000,38841,-1,300732760.000,1,0,1,双平,S,4821.0000,4820.4000,4820.2000,4819.8000,4819.6000,4821.4000,4821.6000,4821.8000,4822.0000,4823.2000,1,2,2,1,1,2,2,2,1,1
SF,IC2003,2019-12-05 09:31:13.000,4821.8000,38835,-6,306518680.000,6,0,6,双平,S,4821.4000,4820.4000,4820.2000,4819.8000,4819.6000,4822.0000,4823.2000,4823.4000,4824.2000,4824.4000,1,1,2,1,1,1,1,1,1,1
SF,IC2003,2019-12-05 09:31:13.500,4821.8000,38835,0,306518680.000,0,-,-,-,-,4820.4000,4820.2000,4819.8000,4819.6000,4819.2000,4822.0000,4823.2000,4823.4000,4824.2000,4825.0000,1,2,1,1,2,1,1,1,1,1
SF,IC2003,2019-12-05 09:31:14.000,4821.8000,38835,0,306518680.000,0,-,-,-,-,4820.2000,4819.8000,4819.6000,4819.2000,4819.0000,4821.2000,4821.4000,4821.6000,4821.8000,4822.0000,2,1,1,2,6,1,4,1,4,1
SF,IC2003,2019-12-05 09:31:14.500,4821.2000,38834,-1,307482920.000,1,0,1,双平,S,4820.6000,4820.4000,4820.2000,4819.8000,4819.6000,4821.4000,4821.8000,4822.0000,4823.2000,4823.4000,1,5,2,1,1,3,1,1,1,1
SF,IC2003,2019-12-05 09:31:15.000,4821.2000,38834,0,307482920.000,0,-,-,-,-,4820.4000,4820.2000,4819.8000,4819.6000,4819.4000,4820.8000,4821.8000,4822.0000,4823.2000,4823.4000,1,1,1,1,1,1,1,1,1,1
SF,IC2003,2019-12-05 09:31:15.500,4820.8000,38833,-1,308447080.000,1,0,1,双平,S,4820.4000,4820.2000,4819.6000,4819.4000,4819.2000,4821.8000,4822.0000,4823.2000,4823.4000,4824.2000,1,1,1,1,2,1,1,1,1,1
SF,IC2003,2019-12-05 09:31:16.000,4820.8000,38833,0,308447080.000,0,-,-,-,-,4820.4000,4820.2000,4819.6000,4819.4000,4819.2000,4821.6000,4821.8000,4822.0000,4823.2000,4823.4000,1,1,1,1,2,2,1,1,1,1
SF,IC2003,2019-12-05 09:31:16.500,4820.8000,38833,0,308447080.000,0,-,-,-,-,4820.4000,4820.2000,4819.6000,4819.4000,4819.2000,4821.4000,4822.0000,4823.2000,4823.4000,4824.2000,1,1,1,1,2,1,1,1,1,1
SF,IC2003,2019-12-05 09:31:17.000,4820.8000,38833,0,308447080.000,0,-,-,-,-,4820.8000,4820.4000,4820.2000,4819.6000,4819.4000,4821.4000,4822.0000,4823.2000,4823.4000,4824.2000,1,1,1,1,1,1,1,1,1,1
SF,IC2003,2019-12-05 09:31:17.500,4820.8000,38833,0,308447080.000,0,-,-,-,-,4820.4000,4820.2000,4819.6000,4819.4000,4819.2000,4821.4000,4822.0000,4823.2000,4823.4000,4824.2000,1,1,1,1,2,1,1,1,1,1
SF,IC2003,2019-12-05 09:31:18.000,4820.8000,38833,0,308447080.000,0,-,-,-,-,4820.4000,4820.2000,4819.6000,4819.4000,4819.2000,4822.0000,4823.2000,4823.4000,4824.2000,4825.0000,1,1,1,1,2,1,1,1,1,1
SF,IC2003,2019-12-05 09:31:18.500,4820.8000,38833,0,308447080.000,0,-,-,-,-,4820.6000,4820.4000,4820.2000,4819.6000,4819.4000,4822.0000,4823.2000,4823.4000,4824.2000,4825.0000,1,1,1,1,1,1,1,1,1,1
SF,IC2003,2019-12-05 09:31:19.000,4820.8000,38833,0,308447080.000,0,-,-,-,-,4820.6000,4820.4000,4820.2000,4819.6000,4819.4000,4822.0000,4822.2000,4823.2000,4823.4000,4824.2000,2,1,1,1,1,1,1,1,1,1
SF,IC2003,2019-12-05 09:31:19.500,4820.8000,38833,0,308447080.000,0,-,-,-,-,4820.6000,4820.4000,4820.2000,4819.6000,4819.4000,4821.8000,4822.0000,4822.2000,4823.2000,4823.4000,1,1,1,1,1,1,1,1,1,1
SF,IC2003,2019-12-05 09:31:21.000,4820.8000,38833,0,308447080.000,0,-,-,-,-,4820.8000,4820.6000,4820.4000,4820.2000,4819.6000,4821.8000,4822.0000,4823.2000,4823.4000,4824.2000,3,1,1,1,1,1,1,1,1,1
SF,IC2003,2019-12-05 09:31:21.500,4820.8000,38833,0,308447080.000,0,-,-,-,-,4821.8000,4821.4000,4820.8000,4820.6000,4820.2000,4822.0000,4823.2000,4823.4000,4824.2000,4825.0000,1,1,3,1,1,1,1,1,1,1
SF,IC2003,2019-12-05 09:31:22.000,4820.8000,38833,0,308447080.000,0,-,-,-,-,4821.4000,4820.8000,4820.6000,4820.2000,4819.6000,4822.0000,4823.2000,4823.4000,4824.2000,4825.0000,1,2,1,1,1,1,1,1,1,1
SF,IC2003,2019-12-05 09:31:22.500,4820.8000,38833,0,309411240.000,1,0,1,多换,S,4820.8000,4820.6000,4819.6000,4819.4000,4819.2000,4822.0000,4823.2000,4823.4000,4824.2000,4825.0000,2,1,1,1,2,1,1,1,1,1
SF,IC2003,2019-12-05 09:31:23.000,4820.8000,38833,0,309411240.000,0,-,-,-,-,4820.8000,4820.6000,4819.6000,4819.4000,4819.2000,4822.0000,4822.2000,4823.2000,4823.4000,4824.2000,2,1,1,1,2,1,1,1,1,1
SF,IC2003,2019-12-05 09:31:23.500,4820.8000,38833,0,309411240.000,0,-,-,-,-,4821.0000,4820.8000,4820.6000,4819.6000,4819.4000,4821.6000,4822.0000,4823.2000,4823.4000,4824.2000,1,2,1,1,1,1,1,1,1,1
SF,IC2003,2019-12-05 09:31:24.000,4821.6000,38833,0,310375560.000,1,0,1,多换,S,4821.0000,4820.8000,4820.6000,4819.6000,4819.4000,4822.0000,4823.2000,4823.4000,4824.2000,4825.0000,1,2,1,1,1,1,1,1,1,1
SF,IC2003,2019-12-05 09:31:25.000,4821.6000,38833,0,310375560.000,0,-,-,-,-,4820.8000,4820.6000,4819.6000,4819.4000,4819.2000,4822.0000,4823.2000,4823.4000,4824.2000,4825.0000,2,1,1,1,2,1,1,1,1,1
SF,IC2003,2019-12-05 09:31:25.500,4821.6000,38833,0,310375560.000,0,-,-,-,-,4820.8000,4820.6000,4819.6000,4819.4000,4819.2000,4821.6000,4821.8000,4822.0000,4822.2000,4823.4000,2,1,1,1,2,1,5,1,1,1
SF,IC2003,2019-12-05 09:31:26.000,4821.6000,38833,0,311339880.000,1,0,1,多换,S,4820.8000,4820.6000,4819.6000,4819.4000,4819.2000,4821.0000,4821.6000,4821.8000,4822.0000,4822.2000,2,1,1,1,2,1,1,4,1,1
SF,IC2003,2019-12-05 09:31:26.500,4821.0000,38832,-1,312304080.000,1,0,1,双平,S,4821.2000,4821.0000,4820.8000,4820.6000,4819.6000,4821.8000,4822.0000,4822.2000,4823.4000,4824.2000,1,4,2,1,1,4,1,1,1,1
SF,IC2003,2019-12-05 09:31:27.000,4821.0000,38832,0,312304080.000,0,-,-,-,-,4821.6000,4821.4000,4821.2000,4821.0000,4820.8000,4821.8000,4822.0000,4823.4000,4824.2000,4825.0000,1,1,1,3,2,2,1,1,1,1
SF,IC2003,2019-12-05 09:31:27.500,4821.2000,38831,-1,315196920.000,3,1,2,多平,S,4821.0000,4820.8000,4820.6000,4819.6000,4819.4000,4821.4000,4821.6000,4821.8000,4822.0000,4823.4000,2,2,1,1,1,1,1,1,1,1
SF,IC2003,2019-12-05 09:31:28.000,4821.4000,38830,-1,316161200.000,1,0,1,双平,S,4821.6000,4821.0000,4820.8000,4820.6000,4819.6000,4821.8000,4822.0000,4823.4000,4824.2000,4825.0000,1,1,2,1,1,1,1,1,1,1
SF,IC2003,2019-12-05 09:31:28.500,4821.6000,38829,-1,318089840.000,2,0,2,多平,S,4821.0000,4820.8000,4820.6000,4819.6000,4819.4000,4821.6000,4821.8000,4822.0000,4823.4000,4824.2000,1,2,1,1,1,3,1,1,1,1
SF,IC2003,2019-12-05 09:31:29.000,4820.8000,38829,0,320018200.000,2,1,1,多换,S,4820.6000,4819.6000,4819.4000,4819.2000,4819.0000,4821.4000,4821.6000,4821.8000,4822.0000,4823.4000,1,1,1,2,6,2,1,1,1,1
SF,IC2003,2019-12-05 09:31:29.500,4821.4000,38829,0,320982480.000,1,0,1,多换,S,4821.2000,4820.6000,4819.6000,4819.4000,4819.2000,4821.4000,4821.6000,4822.0000,4823.4000,4824.2000,1,1,1,1,2,1,1,1,1,1
SF,IC2003,2019-12-05 09:31:30.000,4821.4000,38829,0,321946760.000,1,0,1,多换,S,4821.8000,4821.2000,4820.6000,4819.6000,4819.4000,4822.0000,4823.4000,4824.2000,4825.0000,4826.6000,2,1,1,1,1,1,1,1,1,1
SF,IC2003,2019-12-05 09:31:30.500,4821.2000,38829,0,324839720.000,3,1,2,多换,S,4820.6000,4819.6000,4819.4000,4819.2000,4819.0000,4822.0000,4822.2000,4823.4000,4824.2000,4825.0000,1,1,1,2,6,1,1,1,1,1
SF,IC2003,2019-12-05 09:31:31.000,4821.2000,38829,0,324839720.000,0,-,-,-,-,4820.6000,4819.6000,4819.4000,4819.2000,4819.0000,4821.6000,4821.8000,4822.0000,4822.2000,4823.4000,1,1,1,2,6,3,4,1,1,1
SF,IC2003,2019-12-05 09:31:31.500,4821.6000,38828,-1,325804040.000,1,0,1,双平,S,4820.8000,4820.6000,4819.6000,4819.4000,4819.2000,4821.6000,4822.0000,4823.4000,4824.2000,4825.0000,2,2,1,1,2,1,1,1,1,1
SF,IC2003,2019-12-05 09:31:32.000,4822.0000,38827,-1,326768440.000,1,0,1,双平,S,4822.0000,4820.8000,4820.6000,4820.0000,4819.6000,4823.4000,4824.2000,4825.0000,4826.6000,4827.0000,6,2,2,1,1,1,1,1,1,3
SF,IC2003,2019-12-05 09:31:32.500,4822.0000,38827,0,326768440.000,0,-,-,-,-,4822.0000,4820.8000,4820.6000,4820.0000,4819.6000,4822.8000,4823.2000,4823.4000,4824.2000,4825.0000,6,1,2,1,1,2,2,1,1,1
SF,IC2003,2019-12-05 09:31:33.000,4822.0000,38825,-2,331590440.000,5,1,4,多平,S,4822.0000,4820.6000,4820.0000,4819.6000,4819.4000,4822.2000,4822.4000,4822.6000,4822.8000,4823.0000,1,2,1,1,1,1,1,6,1,1
SF,IC2003,2019-12-05 09:31:33.500,4822.0000,38824,-1,332554840.000,1,0,1,双平,S,4820.6000,4820.0000,4819.6000,4819.4000,4819.2000,4822.0000,4822.2000,4822.4000,4822.6000,4822.8000,2,1,1,1,2,1,1,1,5,1
SF,IC2003,2019-12-05 09:31:34.000,4822.0000,38824,0,332554840.000,0,-,-,-,-,4820.8000,4820.6000,4820.0000,4819.6000,4819.4000,4822.0000,4822.2000,4822.4000,4822.6000,4823.0000,1,2,1,1,1,1,1,1,5,1
SF,IC2003,2019-12-05 09:31:35.000,4822.0000,38824,0,332554840.000,0,-,-,-,-,4820.8000,4820.6000,4820.0000,4819.6000,4819.4000,4822.0000,4822.2000,4822.4000,4822.6000,4823.0000,1,2,1,1,1,1,1,1,5,1
SF,IC2003,2019-12-05 09:31:35.500,4822.0000,38824,0,332554840.000,0,-,-,-,-,4820.6000,4820.0000,4819.6000,4819.4000,4819.2000,4821.6000,4821.8000,4822.0000,4822.2000,4822.4000,2,1,1,1,2,1,3,2,1,1
SF,IC2003,2019-12-05 09:31:36.000,4822.0000,38824,0,332554840.000,0,-,-,-,-,4820.6000,4820.0000,4819.6000,4819.4000,4819.2000,4821.6000,4821.8000,4822.0000,4822.2000,4822.4000,2,1,1,1,2,1,2,2,1,1
SF,IC2003,2019-12-05 09:31:37.000,4822.0000,38824,0,332554840.000,0,-,-,-,-,4820.6000,4820.0000,4819.6000,4819.4000,4819.2000,4821.4000,4821.6000,4821.8000,4822.0000,4822.2000,2,1,1,1,2,2,1,2,2,1
SF,IC2003,2019-12-05 09:31:37.500,4820.6000,38823,-1,334483080.000,2,0,2,多平,S,4820.0000,4819.6000,4819.4000,4819.2000,4819.0000,4820.6000,4821.2000,4821.4000,4821.6000,4821.8000,1,1,1,2,6,1,2,2,1,1
SF,IC2003,2019-12-05 09:31:38.000,4820.0000,38823,0,335447080.000,1,0,1,多换,S,4820.4000,4820.0000,4819.6000,4819.2000,4819.0000,4820.6000,4821.0000,4821.2000,4821.4000,4821.6000,1,1,1,2,6,1,1,2,1,1
SF,IC2003,2019-12-05 09:31:38.500,4820.4000,38823,0,336411160.000,1,0,1,多换,S,4820.0000,4819.6000,4819.2000,4819.0000,4818.4000,4820.2000,4820.4000,4820.6000,4821.0000,4821.2000,1,1,2,6,1,1,1,2,1,2
SF,IC2003,2019-12-05 09:31:39.000,4820.0000,38822,-1,337375160.000,1,0,1,双平,S,4819.6000,4819.2000,4819.0000,4818.4000,4817.4000,4820.0000,4820.4000,4820.6000,4821.0000,4821.2000,1,2,6,1,1,1,1,2,1,1
SF,IC2003,2019-12-05 09:31:39.500,4819.6000,38822,0,338339080.000,1,0,1,多换,S,4819.2000,4819.0000,4818.4000,4817.2000,4816.8000,4820.0000,4820.4000,4820.6000,4821.0000,4821.2000,2,6,1,1,5,1,1,2,1,1
SF,IC2003,2019-12-05 09:31:40.000,4819.6000,38822,0,338339080.000,0,-,-,-,-,4819.2000,4819.0000,4818.4000,4817.2000,4816.8000,4820.0000,4820.4000,4820.6000,4821.0000,4821.2000,2,6,1,1,5,1,1,1,2,1
SF,IC2003,2019-12-05 09:31:40.500,4819.6000,38822,0,339303000.000,1,0,1,多换,S,4819.2000,4819.0000,4818.4000,4817.2000,4816.8000,4820.0000,4820.6000,4821.0000,4821.2000,4821.6000,2,6,1,1,5,1,1,2,1,1
SF,IC2003,2019-12-05 09:31:41.500,4819.6000,38822,0,339303000.000,0,-,-,-,-,4819.2000,4819.0000,4818.4000,4817.2000,4816.8000,4820.0000,4820.6000,4821.0000,4821.2000,4821.6000,3,6,1,1,5,1,1,2,1,1
SF,IC2003,2019-12-05 09:31:43.000,4819.2000,38821,-1,340266840.000,1,0,1,双平,S,4819.2000,4819.0000,4818.4000,4817.2000,4816.8000,4819.8000,4820.0000,4820.6000,4821.0000,4821.2000,3,6,1,1,5,1,1,1,2,1
SF,IC2003,2019-12-05 09:31:43.500,4819.2000,38821,0,343158360.000,3,1,2,多换,S,4819.0000,4818.4000,4817.2000,4816.8000,4816.6000,4819.6000,4819.8000,4820.0000,4820.6000,4821.0000,6,1,1,5,6,3,1,1,1,2
SF,IC2003,2019-12-05 09:31:44.000,4819.0000,38820,-1,344122160.000,1,0,1,双平,S,4819.0000,4818.4000,4817.2000,4816.8000,4816.6000,4819.2000,4819.4000,4819.6000,4819.8000,4820.0000,5,1,1,5,6,1,1,3,1,1
SF,IC2003,2019-12-05 09:31:44.500,4819.0000,38816,-4,348941160.000,5,0,5,多平,S,4818.4000,4817.2000,4816.8000,4816.6000,4816.4000,4819.0000,4819.2000,4819.4000,4819.6000,4820.0000,1,1,5,6,1,1,2,1,1,1
SF,IC2003,2019-12-05 09:31:45.000,4819.0000,38816,0,348941160.000,0,-,-,-,-,4818.4000,4817.2000,4816.8000,4816.6000,4816.4000,4818.8000,4819.0000,4819.2000,4819.4000,4819.6000,1,1,5,6,1,3,1,2,1,1
SF,IC2003,2019-12-05 09:31:45.500,4818.6000,38815,-1,349904880.000,1,0,1,双平,S,4818.4000,4817.2000,4816.8000,4816.6000,4816.4000,4818.6000,4818.8000,4819.0000,4819.2000,4819.4000,1,1,5,6,1,1,3,1,2,1
SF,IC2003,2019-12-05 09:31:46.000,4818.4000,38812,-3,352796000.000,3,0,3,双平,S,4817.2000,4816.8000,4816.6000,4816.4000,4816.2000,4818.4000,4818.8000,4819.0000,4819.2000,4819.4000,1,5,6,1,2,1,2,1,2,1
SF,IC2003,2019-12-05 09:31:46.500,4818.4000,38812,0,352796000.000,0,-,-,-,-,4817.4000,4817.2000,4816.8000,4816.6000,4816.4000,4818.4000,4818.8000,4819.2000,4819.4000,4819.6000,1,1,5,6,1,2,2,2,1,1
SF,IC2003,2019-12-05 09:31:47.000,4818.4000,38812,0,352796000.000,0,-,-,-,-,4817.4000,4817.2000,4816.8000,4816.6000,4816.4000,4818.2000,4818.4000,4818.8000,4819.2000,4819.4000,1,1,5,6,1,1,2,2,2,1
SF,IC2003,2019-12-05 09:31:47.500,4818.4000,38812,0,352796000.000,0,-,-,-,-,4817.4000,4817.2000,4816.8000,4816.6000,4816.4000,4818.2000,4818.4000,4818.8000,4819.2000,4819.4000,1,1,5,6,1,1,2,2,2,1
SF,IC2003,2019-12-05 09:31:48.000,4818.4000,38812,0,352796000.000,0,-,-,-,-,4817.4000,4817.2000,4816.8000,4816.6000,4816.4000,4818.2000,4818.4000,4818.8000,4819.2000,4819.4000,1,1,5,6,1,1,2,2,2,1
SF,IC2003,2019-12-05 09:31:48.500,4818.4000,38812,0,352796000.000,0,-,-,-,-,4817.4000,4817.2000,4816.8000,4816.6000,4816.4000,4818.2000,4818.4000,4818.8000,4819.2000,4819.4000,1,1,5,6,1,1,2,2,2,1
SF,IC2003,2019-12-05 09:31:49.000,4818.4000,38812,0,352796000.000,0,-,-,-,-,4817.4000,4817.2000,4816.8000,4816.6000,4816.4000,4818.4000,4818.8000,4819.2000,4819.4000,4819.6000,1,1,5,6,1,2,2,2,1,1
SF,IC2003,2019-12-05 09:31:49.500,4818.4000,38812,0,352796000.000,0,-,-,-,-,4817.4000,4817.2000,4816.8000,4816.6000,4816.4000,4818.4000,4818.8000,4819.2000,4819.4000,4819.6000,1,1,5,6,1,2,2,2,1,1
SF,IC2003,2019-12-05 09:31:50.000,4818.4000,38812,0,352796000.000,0,-,-,-,-,4817.4000,4817.2000,4816.8000,4816.6000,4816.4000,4818.0000,4818.4000,4818.8000,4819.2000,4819.4000,1,1,5,6,1,1,2,2,2,1
SF,IC2003,2019-12-05 09:31:50.500,4818.4000,38812,0,352796000.000,0,-,-,-,-,4817.4000,4817.2000,4816.8000,4816.6000,4816.4000,4818.0000,4818.4000,4818.8000,4819.2000,4819.4000,1,1,5,6,1,1,2,2,2,1
SF,IC2003,2019-12-05 09:31:51.000,4818.0000,38811,-1,353759600.000,1,0,1,双平,S,4818.0000,4817.4000,4817.2000,4816.8000,4816.6000,4818.4000,4818.8000,4819.2000,4819.4000,4819.6000,3,1,1,5,6,2,2,2,1,1
SF,IC2003,2019-12-05 09:31:51.500,4818.0000,38811,0,353759600.000,0,-,-,-,-,4817.4000,4817.2000,4816.8000,4816.6000,4816.4000,4818.0000,4818.4000,4818.8000,4819.2000,4819.4000,1,1,5,6,1,1,1,2,2,1
SF,IC2003,2019-12-05 09:31:52.500,4818.0000,38811,0,353759600.000,0,-,-,-,-,4817.4000,4817.2000,4816.8000,4816.6000,4816.4000,4818.0000,4818.4000,4818.8000,4819.2000,4819.4000,1,1,5,6,1,1,1,2,2,1
SF,IC2003,2019-12-05 09:31:53.500,4818.0000,38810,-1,354723200.000,1,0,1,双平,S,4817.4000,4817.2000,4816.8000,4816.6000,4816.4000,4818.4000,4818.8000,4819.2000,4819.4000,4819.6000,1,1,5,6,1,1,2,2,1,1
SF,IC2003,2019-12-05 09:31:54.000,4818.0000,38810,0,354723200.000,0,-,-,-,-,4818.0000,4817.4000,4817.2000,4816.8000,4816.6000,4818.2000,4818.4000,4818.8000,4819.2000,4819.4000,3,1,1,5,6,1,1,2,2,1
SF,IC2003,2019-12-05 09:31:54.500,4818.0000,38810,0,357614000.000,3,1,2,多换,S,4817.2000,4816.8000,4816.6000,4816.4000,4816.2000,4818.0000,4818.2000,4818.4000,4818.8000,4819.2000,1,5,6,1,2,1,1,1,2,2
SF,IC2003,2019-12-05 09:31:55.000,4818.0000,38810,0,357614000.000,0,-,-,-,-,4817.2000,4816.8000,4816.6000,4816.4000,4816.2000,4818.0000,4818.2000,4818.4000,4818.8000,4819.2000,1,5,6,1,2,3,1,1,2,2
SF,IC2003,2019-12-05 09:31:55.500,4818.0000,38810,0,358577600.000,1,0,1,多换,S,4817.2000,4816.8000,4816.6000,4816.4000,4816.2000,4818.0000,4818.2000,4818.4000,4818.8000,4819.2000,1,5,6,1,2,1,1,1,2,2
SF,IC2003,2019-12-05 09:31:56.000,4817.8000,38808,-2,361468160.000,3,0,3,多平,S,4817.4000,4816.8000,4816.6000,4816.4000,4816.2000,4818.0000,4818.4000,4818.8000,4819.2000,4819.4000,1,5,6,1,1,1,1,2,2,1
SF,IC2003,2019-12-05 09:31:56.500,4817.4000,38809,1,362431640.000,1,1,0,双开,S,4816.8000,4816.6000,4816.4000,4816.2000,4815.0000,4817.2000,4817.4000,4818.4000,4818.8000,4819.2000,5,6,1,1,3,1,1,1,2,2
SF,IC2003,2019-12-05 09:31:57.000,4817.4000,38807,-2,364358560.000,2,0,2,双平,S,4817.4000,4817.2000,4817.0000,4816.8000,4816.6000,4818.0000,4818.4000,4818.8000,4819.2000,4819.4000,5,1,1,5,6,1,1,2,2,1
SF,IC2003,2019-12-05 09:31:57.500,4818.0000,38806,-1,365322160.000,1,0,1,双平,S,4818.0000,4817.4000,4817.2000,4817.0000,4816.8000,4818.4000,4818.8000,4819.2000,4819.4000,4819.6000,3,2,1,1,5,1,2,2,1,2
SF,IC2003,2019-12-05 09:31:58.000,4818.4000,38805,-1,366285840.000,1,0,1,双平,S,4818.0000,4817.4000,4817.0000,4816.8000,4816.6000,4818.8000,4819.2000,4819.4000,4819.6000,4819.8000,3,2,1,5,6,2,2,1,2,2
SF,IC2003,2019-12-05 09:31:58.500,4817.4000,38804,-1,367249320.000,1,0,1,双平,S,4817.0000,4816.8000,4816.6000,4816.4000,4816.2000,4818.6000,4818.8000,4819.2000,4819.4000,4819.6000,1,5,6,1,1,1,2,2,1,1
SF,IC2003,2019-12-05 09:31:59.000,4817.4000,38804,0,367249320.000,0,-,-,-,-,4817.2000,4817.0000,4816.8000,4816.6000,4816.4000,4818.4000,4818.6000,4818.8000,4819.2000,4819.6000,1,1,5,6,1,1,1,2,2,1
SF,IC2003,2019-12-05 09:31:59.500,4817.4000,38804,0,367249320.000,0,-,-,-,-,4817.2000,4817.0000,4816.8000,4816.6000,4816.4000,4817.4000,4818.2000,4818.4000,4818.8000,4819.2000,1,1,5,6,1,1,1,1,2,2
SF,IC2003,2019-12-05 09:32:00.000,4817.4000,38803,-1,368212800.000,1,0,1,双平,S,4817.4000,4817.0000,4816.8000,4816.6000,4816.4000,4818.2000,4818.4000,4818.8000,4819.2000,4819.6000,3,1,5,6,1,1,1,2,2,1
SF,IC2003,2019-12-05 09:32:00.500,4817.4000,38802,-1,369176280.000,1,0,1,双平,S,4817.4000,4817.0000,4816.8000,4816.6000,4816.4000,4818.2000,4818.8000,4819.2000,4819.6000,4819.8000,4,1,5,6,1,1,2,2,1,2
SF,IC2003,2019-12-05 09:32:01.000,4818.2000,38801,-1,370139920.000,1,0,1,双平,S,4818.2000,4817.6000,4817.4000,4817.0000,4816.8000,4818.8000,4819.2000,4819.8000,4820.0000,4821.0000,2,1,2,1,5,2,2,2,1,1
SF,IC2003,2019-12-05 09:32:01.500,4818.2000,38801,0,370139920.000,0,-,-,-,-,4818.2000,4817.6000,4817.4000,4817.0000,4816.8000,4819.2000,4819.8000,4820.0000,4821.0000,4822.0000,2,1,1,1,5,2,2,1,1,2
SF,IC2003,2019-12-05 09:32:02.000,4818.2000,38800,-1,371103560.000,1,0,1,双平,S,4818.2000,4817.6000,4817.4000,4817.0000,4816.8000,4819.2000,4819.8000,4820.0000,4821.0000,4822.0000,1,1,1,1,5,2,2,1,1,2
SF,IC2003,2019-12-05 09:32:02.500,4818.2000,38800,0,371103560.000,0,-,-,-,-,4818.4000,4818.2000,4817.4000,4817.0000,4816.8000,4819.0000,4819.2000,4819.8000,4820.0000,4821.0000,2,1,1,1,5,2,2,2,1,1
SF,IC2003,2019-12-05 09:32:03.000,4819.0000,38798,-2,373031160.000,2,0,2,双平,S,4818.4000,4818.2000,4817.4000,4817.0000,4816.8000,4819.2000,4819.8000,4820.0000,4821.0000,4822.0000,2,1,1,1,5,1,2,1,1,2
SF,IC2003,2019-12-05 09:32:03.500,4819.0000,38798,0,373031160.000,0,-,-,-,-,4818.4000,4818.2000,4817.4000,4817.0000,4816.8000,4819.8000,4820.0000,4821.0000,4822.0000,4822.2000,2,1,1,1,5,2,1,1,2,2
SF,IC2003,2019-12-05 09:32:04.000,4819.0000,38798,0,373031160.000,0,-,-,-,-,4818.4000,4817.4000,4817.0000,4816.8000,4816.6000,4819.8000,4820.0000,4821.0000,4822.0000,4822.2000,2,2,1,5,6,2,1,1,2,2
SF,IC2003,2019-12-05 09:32:04.500,4819.0000,38798,0,373031160.000,0,-,-,-,-,4818.4000,4817.4000,4817.0000,4816.8000,4816.6000,4819.8000,4820.0000,4821.0000,4822.0000,4822.2000,2,2,1,5,6,2,1,1,2,2
SF,IC2003,2019-12-05 09:32:05.500,4819.0000,38798,0,373031160.000,0,-,-,-,-,4818.4000,4817.4000,4817.0000,4816.8000,4816.6000,4819.8000,4820.0000,4821.0000,4822.0000,4822.2000,2,2,1,5,6,2,1,1,4,2
SF,IC2003,2019-12-05 09:32:06.500,4819.8000,38796,-2,374959080.000,2,0,2,双平,S,4818.4000,4817.4000,4817.0000,4816.8000,4816.6000,4820.0000,4821.0000,4822.0000,4822.2000,4823.4000,2,2,1,5,6,1,1,4,2,1
SF,IC2003,2019-12-05 09:32:07.000,4819.8000,38796,0,374959080.000,0,-,-,-,-,4818.4000,4817.4000,4816.8000,4816.6000,4816.4000,4819.8000,4820.0000,4821.0000,4822.0000,4822.2000,2,2,5,6,1,3,1,1,4,2
SF,IC2003,2019-12-05 09:32:07.500,4819.8000,38796,0,374959080.000,0,-,-,-,-,4818.4000,4817.4000,4816.8000,4816.6000,4816.4000,4819.6000,4819.8000,4820.0000,4821.0000,4822.0000,2,2,5,6,1,1,4,1,1,4
SF,IC2003,2019-12-05 09:32:08.000,4819.4000,38793,-3,378814160.000,4,0,4,多平,S,4817.4000,4816.8000,4816.6000,4816.4000,4816.2000,4819.4000,4819.6000,4819.8000,4820.0000,4821.0000,2,5,6,1,2,2,1,3,1,1
SF,IC2003,2019-12-05 09:32:08.500,4819.4000,38793,0,378814160.000,0,-,-,-,-,4817.4000,4816.8000,4816.6000,4816.4000,4816.2000,4819.0000,4819.2000,4819.4000,4819.8000,4820.0000,1,5,6,1,2,1,3,3,2,1
SF,IC2003,2019-12-05 09:32:09.000,4819.4000,38793,0,378814160.000,0,-,-,-,-,4817.4000,4816.8000,4816.6000,4816.4000,4816.2000,4818.8000,4819.0000,4819.2000,4819.4000,4819.8000,1,5,6,1,2,2,1,1,1,2
SF,IC2003,2019-12-05 09:32:09.500,4819.4000,38793,0,378814160.000,0,-,-,-,-,4817.4000,4816.8000,4816.6000,4816.4000,4816.2000,4818.4000,4818.6000,4818.8000,4819.4000,4819.6000,1,5,6,1,2,1,5,2,1,1
SF,IC2003,2019-12-05 09:32:10.000,4819.4000,38793,0,378814160.000,0,-,-,-,-,4817.4000,4816.8000,4816.6000,4816.4000,4816.2000,4818.4000,4818.6000,4818.8000,4819.6000,4819.8000,1,5,6,1,2,1,5,1,1,3
SF,IC2003,2019-12-05 09:32:10.500,4819.4000,38793,0,378814160.000,0,-,-,-,-,4817.6000,4817.4000,4816.8000,4816.6000,4816.4000,4818.4000,4818.6000,4819.6000,4819.8000,4820.0000,1,1,5,6,1,1,1,1,3,1
SF,IC2003,2019-12-05 09:32:11.000,4819.4000,38793,0,378814160.000,0,-,-,-,-,4818.4000,4817.6000,4817.4000,4816.8000,4816.6000,4819.6000,4819.8000,4820.0000,4821.0000,4822.0000,1,1,1,5,6,1,3,1,1,4
SF,IC2003,2019-12-05 09:32:11.500,4818.4000,38792,-1,379777840.000,1,0,1,双平,S,4816.8000,4816.6000,4816.4000,4816.2000,4815.0000,4819.4000,4819.6000,4819.8000,4820.0000,4821.0000,5,6,1,2,4,3,1,3,1,1
SF,IC2003,2019-12-05 09:32:12.000,4818.4000,38792,0,379777840.000,0,-,-,-,-,4817.2000,4817.0000,4816.8000,4816.6000,4816.4000,4817.6000,4819.4000,4819.6000,4819.8000,4820.0000,1,2,5,6,1,1,2,1,3,1
SF,IC2003,2019-12-05 09:32:12.500,4819.0000,38791,-1,381705160.000,2,0,2,多平,S,4817.8000,4817.6000,4817.0000,4816.8000,4816.6000,4819.4000,4819.6000,4819.8000,4820.0000,4821.0000,1,3,2,5,6,2,1,3,1,1
SF,IC2003,2019-12-05 09:32:13.000,4819.0000,38791,0,381705160.000,0,-,-,-,-,4817.8000,4817.0000,4816.8000,4816.6000,4816.4000,4819.2000,4819.4000,4819.6000,4819.8000,4820.0000,1,2,5,6,1,1,2,1,3,1
SF,IC2003,2019-12-05 09:32:13.500,4819.0000,38791,0,381705160.000,0,-,-,-,-,4817.0000,4816.8000,4816.6000,4816.4000,4816.2000,4819.0000,4819.4000,4819.6000,4819.8000,4820.0000,2,5,6,1,2,1,1,1,3,2
SF,IC2003,2019-12-05 09:32:14.000,4819.0000,38791,0,381705160.000,0,-,-,-,-,4817.0000,4816.8000,4816.6000,4816.4000,4816.2000,4818.6000,4818.8000,4819.0000,4819.4000,4819.6000,2,5,6,1,2,1,3,3,1,1
SF,IC2003,2019-12-05 09:32:14.500,4819.0000,38791,0,381705160.000,0,-,-,-,-,4817.0000,4816.8000,4816.6000,4816.4000,4816.2000,4818.6000,4818.8000,4819.0000,4819.4000,4819.6000,1,5,6,1,2,1,1,2,1,1
SF,IC2003,2019-12-05 09:32:15.000,4819.0000,38791,0,381705160.000,0,-,-,-,-,4817.2000,4817.0000,4816.8000,4816.6000,4816.4000,4818.6000,4818.8000,4819.0000,4819.4000,4819.6000,1,1,5,6,1,1,1,2,1,1
SF,IC2003,2019-12-05 09:32:15.500,4819.0000,38791,0,381705160.000,0,-,-,-,-,4817.4000,4816.8000,4816.6000,4816.4000,4816.2000,4818.6000,4818.8000,4819.0000,4819.4000,4819.6000,1,5,6,1,2,1,1,2,1,1
SF,IC2003,2019-12-05 09:32:16.000,4819.0000,38788,-3,384596560.000,3,0,3,双平,S,4817.4000,4816.8000,4816.6000,4816.4000,4816.2000,4818.6000,4819.0000,4819.4000,4819.6000,4819.8000,1,5,6,1,2,1,1,1,1,3
SF,IC2003,2019-12-05 09:32:16.500,4819.0000,38788,0,384596560.000,0,-,-,-,-,4817.4000,4816.8000,4816.6000,4816.4000,4816.2000,4818.6000,4819.0000,4819.4000,4819.6000,4819.8000,1,5,6,1,2,1,1,1,3,3
SF,IC2003,2019-12-05 09:32:17.000,4819.0000,38788,0,384596560.000,0,-,-,-,-,4817.4000,4816.8000,4816.6000,4816.4000,4816.2000,4818.4000,4818.6000,4819.4000,4819.6000,4819.8000,1,5,6,1,2,1,1,1,3,3
SF,IC2003,2019-12-05 09:32:17.500,4817.4000,38788,0,385560040.000,1,0,1,多换,S,4816.8000,4816.6000,4816.4000,4816.2000,4815.0000,4818.4000,4818.6000,4819.6000,4819.8000,4820.0000,5,6,1,2,4,1,1,3,3,3
SF,IC2003,2019-12-05 09:32:18.000,4817.4000,38788,0,385560040.000,0,-,-,-,-,4817.0000,4816.8000,4816.6000,4816.4000,4816.2000,4818.4000,4818.6000,4819.6000,4819.8000,4820.0000,3,5,6,1,2,1,1,3,3,3
SF,IC2003,2019-12-05 09:32:18.500,4817.4000,38788,0,385560040.000,0,-,-,-,-,4817.0000,4816.8000,4816.6000,4816.4000,4816.2000,4818.4000,4818.6000,4819.6000,4819.8000,4820.0000,2,5,6,1,2,1,1,3,3,3
SF,IC2003,2019-12-05 09:32:19.000,4817.4000,38788,0,385560040.000,0,-,-,-,-,4817.0000,4816.8000,4816.6000,4816.4000,4816.2000,4818.2000,4818.4000,4818.6000,4819.6000,4819.8000,3,5,6,1,2,1,1,1,3,3
SF,IC2003,2019-12-05 09:32:19.500,4817.4000,38788,0,385560040.000,0,-,-,-,-,4817.0000,4816.8000,4816.6000,4816.4000,4816.2000,4818.4000,4818.6000,4819.6000,4819.8000,4820.0000,3,5,6,1,2,1,1,3,3,3
SF,IC2003,2019-12-05 09:32:20.500,4817.0000,38787,-1,386523440.000,1,0,1,双平,S,4817.0000,4816.8000,4816.6000,4816.4000,4816.2000,4818.2000,4818.4000,4818.6000,4819.6000,4819.8000,2,5,6,1,2,1,1,1,3,3
SF,IC2003,2019-12-05 09:32:21.500,4817.0000,38787,0,386523440.000,0,-,-,-,-,4817.0000,4816.8000,4816.6000,4816.4000,4816.2000,4818.4000,4818.6000,4819.6000,4819.8000,4820.0000,2,5,6,1,2,1,1,3,3,3
SF,IC2003,2019-12-05 09:32:22.000,4817.0000,38787,0,387486840.000,1,0,1,多换,S,4817.0000,4816.8000,4816.6000,4816.4000,4816.2000,4818.0000,4818.4000,4818.6000,4819.6000,4819.8000,1,5,6,1,2,1,1,1,3,3
SF,IC2003,2019-12-05 09:32:22.500,4817.0000,38787,0,387486840.000,0,-,-,-,-,4817.0000,4816.8000,4816.6000,4816.4000,4816.2000,4818.0000,4818.4000,4818.6000,4819.6000,4819.8000,1,5,6,1,2,1,1,1,3,3
SF,IC2003,2019-12-05 09:32:23.000,4818.0000,38786,-1,388450440.000,1,0,1,双平,S,4817.0000,4816.8000,4816.6000,4816.4000,4816.2000,4818.0000,4818.4000,4818.6000,4819.6000,4819.8000,1,5,6,1,2,1,1,1,3,3
SF,IC2003,2019-12-05 09:32:23.500,4817.0000,38785,-1,389413840.000,1,0,1,双平,S,4816.8000,4816.6000,4816.4000,4816.2000,4815.0000,4818.4000,4818.6000,4819.6000,4819.8000,4820.0000,5,6,1,2,4,1,1,3,3,3
SF,IC2003,2019-12-05 09:32:24.000,4817.0000,38785,0,389413840.000,0,-,-,-,-,4817.0000,4816.8000,4816.6000,4816.4000,4816.2000,4817.6000,4818.2000,4818.4000,4818.6000,4819.6000,1,5,6,1,2,1,1,1,1,3
SF,IC2003,2019-12-05 09:32:24.500,4817.6000,38784,-1,390377360.000,1,0,1,双平,S,4817.0000,4816.8000,4816.6000,4816.4000,4816.2000,4818.6000,4819.6000,4819.8000,4820.0000,4821.0000,1,5,6,1,2,1,2,3,3,1
SF,IC2003,2019-12-05 09:32:25.000,4817.6000,38784,0,390377360.000,0,-,-,-,-,4817.6000,4817.2000,4817.0000,4816.8000,4816.6000,4818.6000,4819.6000,4819.8000,4820.0000,4821.0000,2,1,1,5,6,1,2,3,3,1
SF,IC2003,2019-12-05 09:32:25.500,4817.6000,38784,0,390377360.000,0,-,-,-,-,4817.6000,4817.2000,4817.0000,4816.8000,4816.6000,4818.6000,4819.6000,4819.8000,4820.0000,4821.0000,2,1,1,5,6,1,2,3,3,1
SF,IC2003,2019-12-05 09:32:26.000,4817.6000,38783,-1,391340880.000,1,0,1,双平,S,4817.6000,4817.2000,4817.0000,4816.8000,4816.6000,4818.6000,4819.6000,4819.8000,4820.0000,4821.0000,1,1,1,5,6,1,2,3,4,1
SF,IC2003,2019-12-05 09:32:26.500,4817.6000,38783,0,391340880.000,0,-,-,-,-,4817.2000,4817.0000,4816.8000,4816.6000,4816.4000,4818.4000,4818.6000,4819.6000,4819.8000,4820.0000,1,1,5,6,1,2,1,2,3,4
SF,IC2003,2019-12-05 09:32:27.000,4817.6000,38783,0,391340880.000,0,-,-,-,-,4817.2000,4817.0000,4816.8000,4816.6000,4816.4000,4817.6000,4818.2000,4818.4000,4818.6000,4819.6000,1,1,5,6,1,1,1,1,1,2
SF,IC2003,2019-12-05 09:32:27.500,4817.6000,38782,-1,392304400.000,1,0,1,双平,S,4817.2000,4817.0000,4816.8000,4816.6000,4816.4000,4818.0000,4818.2000,4818.4000,4818.6000,4819.6000,1,1,5,6,1,1,1,1,1,2
SF,IC2003,2019-12-05 09:32:28.000,4817.6000,38782,0,392304400.000,0,-,-,-,-,4817.6000,4817.2000,4817.0000,4816.8000,4816.6000,4818.0000,4818.2000,4818.6000,4819.6000,4819.8000,1,1,1,5,6,1,1,1,2,3
SF,IC2003,2019-12-05 09:32:28.500,4817.6000,38782,0,392304400.000,0,-,-,-,-,4817.6000,4817.0000,4816.8000,4816.6000,4816.4000,4818.0000,4818.6000,4819.6000,4819.8000,4820.0000,1,1,5,6,1,1,1,2,3,4
SF,IC2003,2019-12-05 09:32:29.000,4817.6000,38782,0,392304400.000,0,-,-,-,-,4817.8000,4817.0000,4816.8000,4816.6000,4816.4000,4818.0000,4818.6000,4819.6000,4819.8000,4820.0000,1,1,5,6,1,1,1,2,3,4
SF,IC2003,2019-12-05 09:32:29.500,4818.0000,38781,-1,393268000.000,1,0,1,双平,S,4818.0000,4817.8000,4817.0000,4816.8000,4816.6000,4818.6000,4819.6000,4819.8000,4820.0000,4821.0000,1,1,1,5,6,1,2,3,4,1
SF,IC2003,2019-12-05 09:32:30.000,4818.0000,38781,0,393268000.000,0,-,-,-,-,4818.0000,4817.8000,4817.0000,4816.8000,4816.6000,4819.6000,4819.8000,4820.0000,4821.0000,4822.0000,2,1,1,5,6,2,3,4,1,3
SF,IC2003,2019-12-05 09:32:30.500,4818.0000,38781,0,393268000.000,0,-,-,-,-,4818.6000,4818.0000,4817.8000,4817.0000,4816.8000,4819.4000,4819.6000,4819.8000,4820.0000,4821.0000,3,2,1,1,5,1,3,2,4,1
SF,IC2003,2019-12-05 09:32:31.000,4818.0000,38781,0,393268000.000,0,-,-,-,-,4818.0000,4817.8000,4817.0000,4816.8000,4816.6000,4819.4000,4819.6000,4819.8000,4820.0000,4821.0000,2,1,1,5,6,1,3,2,4,1
SF,IC2003,2019-12-05 09:32:32.500,4818.0000,38781,0,393268000.000,0,-,-,-,-,4818.0000,4817.8000,4817.0000,4816.8000,4816.6000,4819.0000,4819.4000,4819.6000,4819.8000,4820.0000,2,1,1,5,6,1,1,3,2,4
SF,IC2003,2019-12-05 09:32:33.000,4819.4000,38781,0,396159560.000,3,1,2,多换,S,4819.4000,4817.8000,4817.0000,4816.8000,4816.6000,4819.6000,4819.8000,4820.0000,4821.0000,4822.0000,1,1,1,5,6,3,2,4,1,3
SF,IC2003,2019-12-05 09:32:33.500,4819.4000,38781,0,397123440.000,1,0,1,多换,S,4817.8000,4817.0000,4816.8000,4816.6000,4816.4000,4819.2000,4819.4000,4819.6000,4819.8000,4820.0000,1,1,5,6,1,2,16,3,2,4
SF,IC2003,2019-12-05 09:32:34.000,4819.0000,38780,-1,398087240.000,1,0,1,双平,S,4819.0000,4818.0000,4817.8000,4816.8000,4816.6000,4819.2000,4819.4000,4819.6000,4819.8000,4820.0000,1,1,1,5,6,1,11,3,2,4
SF,IC2003,2019-12-05 09:32:34.500,4819.0000,38779,-1,399051040.000,1,0,1,双平,S,4817.8000,4816.8000,4816.6000,4816.4000,4816.2000,4818.8000,4819.0000,4819.2000,4819.4000,4819.6000,1,5,6,1,2,2,4,1,4,3
SF,IC2003,2019-12-05 09:32:35.000,4817.8000,38777,-2,400978200.000,2,0,2,双平,S,4816.8000,4816.6000,4816.4000,4816.2000,4815.0000,4818.8000,4819.0000,4819.2000,4819.4000,4819.6000,5,6,1,2,4,2,4,1,4,3
SF,IC2003,2019-12-05 09:32:35.500,4817.8000,38777,0,400978200.000,0,-,-,-,-,4817.4000,4817.0000,4816.8000,4816.6000,4816.4000,4818.8000,4819.0000,4819.4000,4819.6000,4819.8000,1,5,5,6,1,2,4,4,3,2
SF,IC2003,2019-12-05 09:32:36.000,4817.8000,38777,0,400978200.000,0,-,-,-,-,4817.6000,4817.4000,4817.0000,4816.8000,4816.6000,4818.4000,4818.6000,4818.8000,4819.0000,4819.4000,1,1,1,5,6,1,1,2,5,4
SF,IC2003,2019-12-05 09:32:36.500,4817.6000,38776,-1,401941720.000,1,0,1,双平,S,4817.4000,4817.0000,4816.8000,4816.6000,4816.4000,4818.4000,4818.6000,4818.8000,4819.0000,4819.4000,2,1,5,6,1,1,1,2,5,4
SF,IC2003,2019-12-05 09:32:37.000,4817.4000,38776,0,402905200.000,1,0,1,多换,S,4817.4000,4817.0000,4816.8000,4816.6000,4816.4000,4818.4000,4818.8000,4819.0000,4819.4000,4819.6000,1,2,5,6,1,1,2,5,3,3
SF,IC2003,2019-12-05 09:32:37.500,4817.4000,38775,-1,403868680.000,1,0,1,双平,S,4817.0000,4816.8000,4816.6000,4816.4000,4816.2000,4818.4000,4818.8000,4819.0000,4819.4000,4819.6000,2,5,6,1,2,1,2,4,3,3
SF,IC2003,2019-12-05 09:32:38.000,4817.4000,38775,0,403868680.000,0,-,-,-,-,4817.2000,4817.0000,4816.8000,4816.6000,4816.4000,4818.4000,4818.8000,4819.0000,4819.4000,4819.6000,2,2,5,6,1,1,2,4,3,3
SF,IC2003,2019-12-05 09:32:38.500,4817.4000,38775,0,403868680.000,0,-,-,-,-,4817.2000,4817.0000,4816.8000,4816.6000,4816.4000,4818.2000,4818.4000,4818.8000,4819.0000,4819.4000,1,2,5,6,1,1,1,1,4,3
SF,IC2003,2019-12-05 09:32:39.000,4817.4000,38775,0,403868680.000,0,-,-,-,-,4817.2000,4817.0000,4816.8000,4816.6000,4816.4000,4818.2000,4818.4000,4819.0000,4819.4000,4819.6000,1,1,5,6,1,1,1,4,3,3
SF,IC2003,2019-12-05 09:32:39.500,4817.4000,38775,0,403868680.000,0,-,-,-,-,4817.4000,4817.2000,4817.0000,4816.8000,4816.6000,4818.2000,4818.4000,4819.0000,4819.4000,4819.6000,1,1,1,5,6,1,1,4,3,3
SF,IC2003,2019-12-05 09:32:40.000,4818.2000,38774,-1,404832320.000,1,0,1,双平,S,4818.2000,4817.6000,4817.4000,4817.2000,4817.0000,4818.4000,4819.0000,4819.4000,4819.6000,4819.8000,1,1,1,1,1,1,4,3,3,2
SF,IC2003,2019-12-05 09:32:40.500,4818.4000,38771,-3,407723280.000,3,0,3,双平,S,4817.4000,4817.2000,4817.0000,4816.8000,4816.6000,4818.2000,4819.0000,4819.4000,4819.6000,4819.8000,1,1,1,5,6,1,4,2,3,2
SF,IC2003,2019-12-05 09:32:41.000,4818.4000,38771,0,407723280.000,0,-,-,-,-,4817.4000,4817.2000,4817.0000,4816.8000,4816.6000,4818.2000,4819.0000,4819.4000,4819.6000,4819.8000,1,2,1,5,6,1,4,2,3,2
SF,IC2003,2019-12-05 09:32:41.500,4818.4000,38770,-1,408686960.000,1,0,1,双平,S,4818.4000,4817.4000,4817.2000,4817.0000,4816.8000,4819.0000,4819.4000,4819.6000,4819.8000,4820.0000,1,1,2,1,5,4,2,3,2,5
SF,IC2003,2019-12-05 09:32:42.000,4818.4000,38769,-1,409650640.000,1,0,1,双平,S,4817.4000,4817.2000,4817.0000,4816.8000,4816.6000,4818.4000,4819.4000,4819.6000,4819.8000,4820.0000,1,2,1,5,6,5,2,3,2,5
SF,IC2003,2019-12-05 09:32:42.500,4818.4000,38769,0,409650640.000,0,-,-,-,-,4817.4000,4817.2000,4817.0000,4816.8000,4816.6000,4818.2000,4818.4000,4819.4000,4819.6000,4819.8000,1,2,1,5,6,1,5,2,3,2
SF,IC2003,2019-12-05 09:32:44.000,4817.4000,38768,-1,410614120.000,1,0,1,双平,S,4817.2000,4817.0000,4816.8000,4816.6000,4816.4000,4818.2000,4818.4000,4819.4000,4819.6000,4819.8000,2,1,5,6,1,1,5,2,3,2
SF,IC2003,2019-12-05 09:32:44.500,4817.4000,38768,0,410614120.000,0,-,-,-,-,4817.2000,4817.0000,4816.8000,4816.6000,4816.4000,4818.2000,4818.4000,4819.4000,4819.6000,4819.8000,1,1,5,6,1,1,5,2,3,2
SF,IC2003,2019-12-05 09:32:45.000,4817.4000,38768,0,410614120.000,0,-,-,-,-,4817.2000,4817.0000,4816.8000,4816.6000,4816.4000,4818.2000,4818.4000,4819.4000,4819.6000,4819.8000,1,1,5,6,1,2,4,2,3,2
SF,IC2003,2019-12-05 09:32:45.500,4817.4000,38768,0,410614120.000,0,-,-,-,-,4817.2000,4817.0000,4816.8000,4816.6000,4816.4000,4818.2000,4818.4000,4819.4000,4819.6000,4819.8000,1,1,5,6,1,2,4,2,3,2
SF,IC2003,2019-12-05 09:32:46.000,4817.4000,38768,0,410614120.000,0,-,-,-,-,4817.2000,4817.0000,4816.8000,4816.6000,4816.4000,4818.0000,4818.2000,4818.4000,4819.4000,4819.6000,1,1,5,6,1,1,2,4,2,3
SF,IC2003,2019-12-05 09:32:47.000,4818.2000,38768,0,412541360.000,2,1,1,多换,S,4817.4000,4817.2000,4817.0000,4816.8000,4816.6000,4818.2000,4818.4000,4819.4000,4819.6000,4819.8000,1,1,1,5,6,1,4,2,3,2
SF,IC2003,2019-12-05 09:32:47.500,4818.2000,38768,0,412541360.000,0,-,-,-,-,4817.4000,4817.2000,4817.0000,4816.8000,4816.6000,4818.2000,4819.4000,4819.6000,4819.8000,4820.0000,1,1,1,5,6,1,2,3,2,5
SF,IC2003,2019-12-05 09:32:48.000,4817.4000,38767,-1,413504840.000,1,0,1,双平,S,4817.2000,4817.0000,4816.8000,4816.6000,4816.4000,4817.8000,4818.0000,4819.4000,4819.6000,4819.8000,1,1,5,6,1,1,2,2,4,2
SF,IC2003,2019-12-05 09:32:48.500,4817.4000,38767,0,413504840.000,0,-,-,-,-,4817.4000,4817.2000,4817.0000,4816.8000,4816.6000,4817.8000,4818.0000,4819.4000,4819.6000,4819.8000,1,1,1,5,6,1,2,2,4,2
SF,IC2003,2019-12-05 09:32:49.000,4817.8000,38766,-1,414468400.000,1,0,1,双平,S,4817.8000,4817.4000,4817.2000,4817.0000,4816.8000,4818.0000,4819.4000,4819.6000,4819.8000,4820.0000,1,1,1,1,5,2,2,4,2,5
SF,IC2003,2019-12-05 09:32:49.500,4817.8000,38765,-1,415431960.000,1,0,1,双平,S,4817.4000,4817.2000,4817.0000,4816.8000,4816.6000,4817.8000,4818.0000,4819.4000,4819.6000,4819.8000,1,1,1,5,6,1,3,2,4,2
SF,IC2003,2019-12-05 09:32:50.000,4817.8000,38765,0,415431960.000,0,-,-,-,-,4817.4000,4817.2000,4817.0000,4816.8000,4816.6000,4818.0000,4819.4000,4819.6000,4819.8000,4820.0000,1,1,1,5,6,3,2,4,2,5
SF,IC2003,2019-12-05 09:32:51.000,4817.8000,38765,0,415431960.000,0,-,-,-,-,4817.4000,4817.2000,4817.0000,4816.8000,4816.6000,4817.8000,4818.0000,4819.4000,4819.6000,4819.8000,1,1,1,5,6,1,2,2,4,2
SF,IC2003,2019-12-05 09:32:52.500,4817.4000,38765,0,416395440.000,1,0,1,多换,S,4817.2000,4817.0000,4816.8000,4816.6000,4816.4000,4817.4000,4817.8000,4818.0000,4819.4000,4819.6000,1,1,5,6,1,1,1,2,2,4
SF,IC2003,2019-12-05 09:32:53.000,4817.8000,38764,-1,418322480.000,2,0,2,多平,S,4817.2000,4817.0000,4816.8000,4816.6000,4816.4000,4818.0000,4819.4000,4819.6000,4819.8000,4820.0000,1,1,5,6,1,2,2,4,2,5
SF,IC2003,2019-12-05 09:32:53.500,4817.2000,38763,-1,419285920.000,1,0,1,双平,S,4817.0000,4816.8000,4816.6000,4816.4000,4816.2000,4818.0000,4819.4000,4819.6000,4819.8000,4820.0000,1,5,6,1,1,2,2,4,2,5
SF,IC2003,2019-12-05 09:32:55.000,4817.0000,38763,0,420249320.000,1,0,1,多换,S,4816.8000,4816.6000,4816.4000,4816.2000,4815.0000,4818.0000,4819.4000,4819.6000,4819.8000,4820.0000,5,6,1,1,4,2,2,4,2,5
SF,IC2003,2019-12-05 09:32:55.500,4817.0000,38763,0,420249320.000,0,-,-,-,-,4816.8000,4816.6000,4816.4000,4816.2000,4815.0000,4817.0000,4817.8000,4818.0000,4819.4000,4819.6000,5,6,1,1,4,5,1,2,2,4
SF,IC2003,2019-12-05 09:32:56.000,4817.0000,38753,-10,429883120.000,10,0,10,双平,S,4816.6000,4816.4000,4816.2000,4815.0000,4814.8000,4816.8000,4817.8000,4818.0000,4819.4000,4819.6000,6,1,1,4,2,5,1,1,2,4
SF,IC2003,2019-12-05 09:32:56.500,4817.0000,38753,0,429883120.000,0,-,-,-,-,4816.6000,4816.4000,4816.2000,4815.0000,4814.8000,4816.8000,4817.8000,4818.0000,4819.4000,4819.6000,6,1,1,4,2,6,1,1,2,4
SF,IC2003,2019-12-05 09:32:57.000,4816.6000,38749,-4,433736400.000,4,0,4,双平,S,4816.6000,4816.4000,4816.2000,4815.0000,4814.8000,4816.8000,4817.8000,4818.0000,4819.4000,4819.6000,2,1,1,4,2,6,1,1,2,4
SF,IC2003,2019-12-05 09:32:57.500,4816.4000,38748,-1,436626320.000,3,1,2,多平,S,4816.2000,4815.0000,4814.8000,4814.4000,4814.2000,4816.6000,4816.8000,4818.0000,4819.4000,4819.6000,1,4,2,1,4,2,5,1,2,4
SF,IC2003,2019-12-05 09:32:58.000,4816.4000,38748,0,436626320.000,0,-,-,-,-,4816.2000,4815.0000,4814.8000,4814.4000,4814.2000,4816.4000,4816.6000,4816.8000,4818.0000,4819.4000,1,3,2,1,4,1,5,5,1,2
SF,IC2003,2019-12-05 09:32:58.500,4816.6000,38747,-1,439516160.000,3,1,2,多平,S,4815.0000,4814.8000,4814.4000,4814.2000,4814.0000,4816.6000,4816.8000,4818.0000,4819.4000,4819.6000,3,2,1,4,5,2,5,1,2,4
SF,IC2003,2019-12-05 09:32:59.000,4816.6000,38744,-3,443369440.000,4,0,4,多平,S,4816.6000,4815.2000,4815.0000,4814.8000,4814.4000,4816.8000,4818.0000,4819.4000,4819.6000,4820.0000,1,2,3,2,1,6,1,2,4,5
SF,IC2003,2019-12-05 09:32:59.500,4816.6000,38744,0,443369440.000,0,-,-,-,-,4816.6000,4815.2000,4815.0000,4814.8000,4814.4000,4816.8000,4818.0000,4819.4000,4819.6000,4820.0000,1,1,3,2,1,6,1,2,4,5
SF,IC2003,2019-12-05 09:33:00.000,4816.6000,38743,-1,444332760.000,1,0,1,双平,S,4815.2000,4815.0000,4814.8000,4814.4000,4814.2000,4816.6000,4816.8000,4818.0000,4819.4000,4819.6000,1,3,2,1,4,1,6,1,2,4
SF,IC2003,2019-12-05 09:33:00.500,4816.8000,38741,-2,447222800.000,3,0,3,多平,S,4816.2000,4815.4000,4815.2000,4815.0000,4814.8000,4816.8000,4818.0000,4819.4000,4819.6000,4820.0000,1,2,1,3,2,4,1,2,4,5
SF,IC2003,2019-12-05 09:33:01.000,4816.2000,38740,-1,448186040.000,1,0,1,双平,S,4815.4000,4815.2000,4815.0000,4814.8000,4814.4000,4816.2000,4816.8000,4818.0000,4819.4000,4819.6000,1,1,3,2,1,1,4,1,2,4
SF,IC2003,2019-12-05 09:33:01.500,4816.2000,38740,0,449149280.000,1,0,1,多换,S,4816.2000,4815.6000,4815.2000,4815.0000,4814.8000,4816.8000,4818.0000,4819.4000,4819.6000,4820.0000,4,1,1,3,2,4,1,2,4,5
SF,IC2003,2019-12-05 09:33:02.000,4816.2000,38740,0,449149280.000,0,-,-,-,-,4816.4000,4816.2000,4815.2000,4815.0000,4814.8000,4816.8000,4818.0000,4819.4000,4819.6000,4820.0000,1,2,1,3,2,4,1,2,4,5
SF,IC2003,2019-12-05 09:33:02.500,4816.8000,38740,0,453002720.000,4,2,2,多换,S,4816.4000,4816.2000,4815.2000,4815.0000,4814.8000,4818.0000,4819.4000,4819.6000,4820.0000,4821.0000,2,1,1,3,2,1,2,4,5,1
SF,IC2003,2019-12-05 09:33:03.000,4816.8000,38740,0,453002720.000,0,-,-,-,-,4816.8000,4816.6000,4816.4000,4816.2000,4815.0000,4817.8000,4818.0000,4819.4000,4819.6000,4820.0000,2,3,2,1,3,2,1,2,4,5
SF,IC2003,2019-12-05 09:33:03.500,4816.8000,38740,0,453002720.000,0,-,-,-,-,4816.8000,4816.6000,4816.2000,4815.0000,4814.8000,4817.8000,4818.0000,4819.4000,4819.6000,4820.0000,3,2,1,3,2,2,1,2,4,5
SF,IC2003,2019-12-05 09:33:04.000,4816.8000,38740,0,453002720.000,0,-,-,-,-,4816.8000,4816.6000,4816.2000,4815.6000,4815.0000,4817.8000,4819.4000,4819.6000,4820.0000,4821.0000,3,2,1,1,4,2,2,4,6,1
SF,IC2003,2019-12-05 09:33:05.000,4816.8000,38740,0,453002720.000,0,-,-,-,-,4817.0000,4816.8000,4816.6000,4816.2000,4815.6000,4817.6000,4817.8000,4819.4000,4819.6000,4820.0000,1,3,2,1,1,1,2,2,4,6
SF,IC2003,2019-12-05 09:33:05.500,4817.6000,38739,-1,453966240.000,1,0,1,双平,S,4817.6000,4817.0000,4816.8000,4816.6000,4816.2000,4817.8000,4819.4000,4819.6000,4820.0000,4821.0000,4,1,2,2,1,3,2,4,6,1
SF,IC2003,2019-12-05 09:33:06.000,4817.6000,38736,-3,457820440.000,4,0,4,多平,S,4817.6000,4816.8000,4816.6000,4816.2000,4815.6000,4819.4000,4819.6000,4820.0000,4821.0000,4822.0000,4,2,2,1,1,2,4,6,1,5
SF,IC2003,2019-12-05 09:33:06.500,4817.6000,38736,0,457820440.000,0,-,-,-,-,4817.6000,4816.6000,4816.2000,4815.6000,4815.0000,4819.2000,4819.4000,4819.6000,4820.0000,4821.0000,4,3,1,1,4,2,2,4,6,1
SF,IC2003,2019-12-05 09:33:07.000,4819.2000,38735,-1,458784280.000,1,0,1,双平,S,4819.2000,4818.0000,4817.8000,4817.6000,4816.6000,4819.4000,4819.6000,4820.0000,4821.0000,4822.0000,3,2,3,4,2,2,3,6,1,5
SF,IC2003,2019-12-05 09:33:07.500,4819.4000,38730,-5,465531280.000,7,1,6,多平,S,4817.8000,4817.6000,4816.6000,4816.2000,4815.6000,4819.0000,4819.6000,4820.0000,4821.0000,4822.0000,2,3,2,1,1,1,3,6,1,5
SF,IC2003,2019-12-05 09:33:08.000,4819.2000,38729,-1,467458960.000,2,0,2,多平,S,4819.0000,4818.0000,4817.8000,4817.6000,4816.6000,4819.6000,4820.0000,4821.0000,4822.0000,4822.2000,1,1,2,3,2,3,6,1,5,1
SF,IC2003,2019-12-05 09:33:08.500,4819.6000,38728,-1,468422880.000,1,0,1,双平,S,4819.0000,4817.8000,4817.6000,4816.6000,4816.2000,4819.6000,4820.0000,4822.0000,4822.2000,4823.0000,1,2,3,2,2,2,6,5,1,3
SF,IC2003,2019-12-05 09:33:09.000,4819.6000,38728,0,468422880.000,0,-,-,-,-,4817.8000,4817.6000,4816.6000,4816.2000,4815.6000,4819.6000,4820.0000,4822.0000,4822.2000,4823.0000,2,3,2,2,1,2,6,5,1,3
SF,IC2003,2019-12-05 09:33:09.500,4819.6000,38728,0,468422880.000,0,-,-,-,-,4818.2000,4818.0000,4817.8000,4817.6000,4816.6000,4819.6000,4820.0000,4822.0000,4822.2000,4823.0000,2,2,2,3,2,3,6,5,1,3
SF,IC2003,2019-12-05 09:33:10.000,4819.6000,38728,0,468422880.000,0,-,-,-,-,4818.4000,4818.0000,4817.8000,4817.6000,4816.6000,4819.6000,4820.0000,4822.0000,4822.2000,4823.0000,1,1,1,3,2,3,6,5,1,3
SF,IC2003,2019-12-05 09:33:11.000,4819.6000,38728,0,468422880.000,0,-,-,-,-,4818.4000,4817.8000,4817.6000,4816.6000,4816.2000,4819.2000,4819.4000,4819.6000,4820.0000,4821.0000,1,1,3,2,2,1,1,3,6,1
SF,IC2003,2019-12-05 09:33:11.500,4819.6000,38728,0,468422880.000,0,-,-,-,-,4818.4000,4817.8000,4817.6000,4816.6000,4816.2000,4819.2000,4819.6000,4820.0000,4821.0000,4822.0000,1,1,3,2,2,1,3,6,1,5
SF,IC2003,2019-12-05 09:33:12.500,4819.2000,38727,-1,469386720.000,1,0,1,双平,S,4818.4000,4817.8000,4816.6000,4816.2000,4815.6000,4819.6000,4820.0000,4821.0000,4822.0000,4822.2000,1,1,2,2,1,3,6,1,5,1
SF,IC2003,2019-12-05 09:33:13.000,4819.2000,38727,0,469386720.000,0,-,-,-,-,4819.2000,4818.4000,4817.8000,4816.6000,4816.2000,4819.6000,4820.0000,4821.0000,4822.0000,4822.2000,1,1,1,1,2,3,6,1,5,1
SF,IC2003,2019-12-05 09:33:13.500,4819.2000,38727,0,470350560.000,1,0,1,多换,S,4819.0000,4817.8000,4816.6000,4816.2000,4815.0000,4819.2000,4819.6000,4820.0000,4821.0000,4822.0000,5,1,1,2,4,1,3,6,1,5
SF,IC2003,2019-12-05 09:33:14.000,4819.0000,38727,0,475169560.000,5,2,3,多换,S,4817.8000,4816.6000,4816.2000,4815.0000,4814.8000,4819.0000,4819.2000,4819.4000,4819.6000,4820.0000,1,1,2,4,1,4,3,1,3,6
SF,IC2003,2019-12-05 09:33:14.500,4819.0000,38727,0,475169560.000,0,-,-,-,-,4817.8000,4816.6000,4816.2000,4815.0000,4814.8000,4819.0000,4819.2000,4819.4000,4819.6000,4820.0000,1,1,2,4,1,3,1,2,3,6
SF,IC2003,2019-12-05 09:33:15.000,4819.0000,38727,0,475169560.000,0,-,-,-,-,4817.8000,4816.6000,4816.2000,4815.0000,4814.8000,4819.0000,4819.2000,4819.4000,4819.6000,4820.0000,1,1,2,4,1,4,1,2,3,6
SF,IC2003,2019-12-05 09:33:15.500,4819.0000,38727,0,475169560.000,0,-,-,-,-,4817.8000,4816.6000,4816.2000,4815.0000,4814.8000,4818.8000,4819.0000,4819.2000,4819.4000,4819.6000,1,1,2,4,1,1,4,1,2,3
SF,IC2003,2019-12-05 09:33:16.000,4818.8000,38725,-2,478060840.000,3,0,3,多平,S,4817.8000,4816.6000,4816.2000,4815.0000,4814.8000,4819.0000,4819.2000,4819.4000,4819.6000,4820.0000,1,1,2,4,1,4,1,2,3,6
SF,IC2003,2019-12-05 09:33:16.500,4818.8000,38725,0,478060840.000,0,-,-,-,-,4817.8000,4817.2000,4816.6000,4816.2000,4815.0000,4819.0000,4819.2000,4819.4000,4819.6000,4820.0000,1,1,1,2,4,3,2,2,3,6
SF,IC2003,2019-12-05 09:33:17.000,4818.8000,38725,0,478060840.000,0,-,-,-,-,4818.2000,4817.8000,4817.2000,4816.6000,4816.2000,4819.0000,4819.2000,4819.4000,4819.6000,4820.0000,1,1,1,1,2,3,2,2,3,6
SF,IC2003,2019-12-05 09:33:17.500,4818.2000,38725,0,479024480.000,1,0,1,多换,S,4817.8000,4817.2000,4816.6000,4816.2000,4815.0000,4818.8000,4819.0000,4819.4000,4819.6000,4820.0000,1,1,1,2,4,1,3,2,3,6
SF,IC2003,2019-12-05 09:33:18.000,4818.2000,38725,0,479024480.000,0,-,-,-,-,4817.8000,4817.6000,4817.2000,4816.6000,4816.2000,4818.8000,4819.0000,4819.4000,4819.6000,4820.0000,1,1,1,1,2,1,4,2,3,6
SF,IC2003,2019-12-05 09:33:18.500,4818.2000,38725,0,479024480.000,0,-,-,-,-,4818.0000,4817.8000,4817.6000,4817.2000,4816.6000,4818.8000,4819.0000,4819.4000,4819.6000,4820.0000,2,1,1,1,1,1,3,1,3,6
SF,IC2003,2019-12-05 09:33:19.000,4818.2000,38725,0,479024480.000,0,-,-,-,-,4818.0000,4817.8000,4817.6000,4817.2000,4816.6000,4819.0000,4819.4000,4819.6000,4820.0000,4820.8000,2,1,1,1,1,4,1,3,6,1
SF,IC2003,2019-12-05 09:33:19.500,4819.0000,38721,-4,483843280.000,5,0,5,多平,S,4817.8000,4817.6000,4817.2000,4816.6000,4816.2000,4819.4000,4819.6000,4820.0000,4820.8000,4821.0000,1,1,1,1,2,1,3,6,1,1
SF,IC2003,2019-12-05 09:33:20.000,4819.0000,38721,0,483843280.000,0,-,-,-,-,4817.8000,4817.6000,4817.2000,4816.6000,4816.2000,4819.2000,4819.4000,4819.6000,4820.0000,4820.8000,1,1,1,1,2,4,1,3,8,1
SF,IC2003,2019-12-05 09:33:20.500,4819.0000,38721,0,483843280.000,0,-,-,-,-,4819.0000,4818.8000,4817.8000,4817.6000,4817.2000,4819.2000,4819.4000,4819.6000,4820.0000,4820.8000,1,5,1,1,1,1,1,3,8,1
SF,IC2003,2019-12-05 09:33:21.000,4818.8000,38718,-3,486734600.000,3,0,3,双平,S,4818.8000,4817.8000,4817.6000,4817.2000,4816.6000,4819.0000,4819.4000,4819.6000,4820.0000,4820.8000,3,1,1,1,1,6,1,3,8,1
SF,IC2003,2019-12-05 09:33:21.500,4819.0000,38714,-4,490589680.000,4,0,4,双平,S,4819.0000,4817.8000,4817.6000,4817.2000,4816.6000,4819.4000,4819.6000,4820.0000,4820.8000,4821.0000,2,1,1,1,1,6,3,8,1,1
SF,IC2003,2019-12-05 09:33:22.000,4819.0000,38711,-3,493481080.000,3,0,3,双平,S,4817.8000,4817.6000,4817.2000,4816.6000,4816.2000,4819.0000,4819.2000,4819.4000,4819.6000,4820.0000,1,1,1,1,2,1,2,6,3,8
SF,IC2003,2019-12-05 09:33:22.500,4818.0000,38709,-2,495408280.000,2,0,2,双平,S,4817.8000,4817.6000,4817.2000,4816.6000,4816.2000,4819.4000,4819.6000,4820.0000,4820.8000,4821.0000,1,1,1,1,2,6,3,8,1,1
SF,IC2003,2019-12-05 09:33:23.000,4819.4000,38705,-4,499263480.000,4,0,4,双平,S,4818.0000,4817.8000,4817.6000,4817.2000,4816.6000,4819.4000,4819.6000,4820.0000,4820.8000,4821.0000,1,1,1,1,1,5,2,8,1,1
SF,IC2003,2019-12-05 09:33:23.500,4819.4000,38705,0,499263480.000,0,-,-,-,-,4817.8000,4817.6000,4817.2000,4816.6000,4816.2000,4819.2000,4819.4000,4819.6000,4820.0000,4820.8000,1,1,1,1,2,1,5,2,8,1
SF,IC2003,2019-12-05 09:33:24.000,4819.2000,38704,-1,500227320.000,1,0,1,双平,S,4819.2000,4818.0000,4817.8000,4817.6000,4817.2000,4819.4000,4819.6000,4820.0000,4820.4000,4820.8000,2,1,1,1,1,5,2,8,1,1
SF,IC2003,2019-12-05 09:33:24.500,4819.2000,38701,-3,503118840.000,3,0,3,双平,S,4817.8000,4817.6000,4817.2000,4816.6000,4816.2000,4819.2000,4819.4000,4819.6000,4820.0000,4820.4000,1,1,1,1,2,1,5,2,8,1
SF,IC2003,2019-12-05 09:33:25.000,4818.0000,38700,-1,505046040.000,2,0,2,多平,S,4818.0000,4817.8000,4817.6000,4817.2000,4816.6000,4819.4000,4819.6000,4820.0000,4820.4000,4820.8000,1,1,1,1,1,5,2,8,1,1
SF,IC2003,2019-12-05 09:33:25.500,4819.4000,38696,-4,508901560.000,4,0,4,双平,S,4818.2000,4817.8000,4817.6000,4817.2000,4816.6000,4819.4000,4819.6000,4820.0000,4820.4000,4820.8000,2,1,1,1,1,1,2,8,1,1
SF,IC2003,2019-12-05 09:33:26.000,4819.4000,38695,-1,509865440.000,1,0,1,双平,S,4819.4000,4818.4000,4818.2000,4817.8000,4817.6000,4819.6000,4820.0000,4820.4000,4820.8000,4821.0000,2,1,1,1,1,2,8,1,1,1
SF,IC2003,2019-12-05 09:33:26.500,4819.4000,38695,0,510829320.000,1,0,1,多换,S,4819.4000,4818.2000,4817.8000,4817.6000,4816.6000,4819.6000,4820.0000,4820.4000,4820.8000,4821.0000,1,2,1,1,1,2,8,1,1,1
SF,IC2003,2019-12-05 09:33:27.000,4819.6000,38693,-2,512757160.000,2,0,2,双平,S,4819.4000,4818.2000,4817.8000,4817.6000,4816.6000,4820.0000,4820.4000,4820.8000,4821.0000,4822.0000,1,2,1,1,1,8,1,1,1,5
SF,IC2003,2019-12-05 09:33:27.500,4819.6000,38693,0,512757160.000,0,-,-,-,-,4819.4000,4818.2000,4817.8000,4817.6000,4816.6000,4820.0000,4820.8000,4821.0000,4822.0000,4822.2000,1,2,1,1,1,8,1,1,5,1
SF,IC2003,2019-12-05 09:33:28.000,4819.6000,38693,0,512757160.000,0,-,-,-,-,4819.4000,4818.2000,4817.8000,4817.6000,4816.6000,4820.0000,4820.8000,4821.0000,4821.6000,4822.0000,1,2,1,3,1,8,1,1,1,5
SF,IC2003,2019-12-05 09:33:30.000,4819.6000,38693,0,512757160.000,0,-,-,-,-,4819.4000,4818.2000,4817.8000,4817.6000,4816.6000,4820.0000,4820.8000,4821.0000,4821.6000,4822.0000,1,2,1,3,1,8,1,1,1,5
SF,IC2003,2019-12-05 09:33:30.500,4820.0000,38692,-1,516613160.000,4,1,3,多平,S,4819.4000,4818.2000,4817.8000,4817.6000,4816.6000,4820.0000,4820.8000,4821.0000,4821.6000,4822.0000,1,2,1,3,1,4,1,1,1,5
SF,IC2003,2019-12-05 09:33:31.000,4820.0000,38692,0,516613160.000,0,-,-,-,-,4819.4000,4818.2000,4817.8000,4817.6000,4816.6000,4820.0000,4820.8000,4821.0000,4821.6000,4822.0000,1,2,1,3,1,5,1,1,1,5
SF,IC2003,2019-12-05 09:33:31.500,4820.0000,38692,0,517577160.000,1,0,1,多换,S,4819.4000,4818.2000,4817.8000,4817.6000,4816.6000,4820.0000,4820.8000,4821.0000,4821.6000,4822.0000,1,2,1,3,1,4,1,1,1,5
SF,IC2003,2019-12-05 09:33:32.500,4819.4000,38692,0,518541040.000,1,0,1,多换,S,4818.2000,4817.8000,4817.6000,4816.6000,4816.2000,4820.0000,4820.8000,4821.0000,4821.6000,4822.0000,2,1,3,1,2,4,1,1,1,5
SF,IC2003,2019-12-05 09:33:33.000,4819.4000,38692,0,518541040.000,0,-,-,-,-,4818.6000,4818.4000,4818.2000,4817.8000,4817.6000,4820.0000,4820.8000,4821.0000,4821.6000,4822.0000,2,1,2,1,3,4,1,1,1,5
SF,IC2003,2019-12-05 09:33:33.500,4820.0000,38691,-1,520469040.000,2,0,2,多平,S,4818.8000,4818.2000,4817.8000,4817.6000,4816.6000,4820.0000,4820.8000,4821.0000,4821.6000,4822.0000,1,1,1,3,1,2,1,1,1,5
SF,IC2003,2019-12-05 09:33:34.000,4820.0000,38690,-1,521433040.000,1,0,1,双平,S,4819.0000,4818.8000,4818.2000,4817.8000,4817.6000,4820.0000,4820.8000,4822.0000,4822.2000,4823.0000,1,1,1,1,3,2,1,5,1,8
SF,IC2003,2019-12-05 09:33:35.000,4820.0000,38690,0,521433040.000,0,-,-,-,-,4819.0000,4818.8000,4818.2000,4818.0000,4817.8000,4820.0000,4820.8000,4822.0000,4822.2000,4823.0000,1,1,1,1,1,2,1,5,1,8
SF,IC2003,2019-12-05 09:33:35.500,4820.0000,38690,0,521433040.000,0,-,-,-,-,4819.0000,4818.8000,4818.2000,4818.0000,4817.8000,4820.0000,4820.8000,4821.0000,4822.0000,4822.2000,1,1,1,1,1,2,1,5,5,1
SF,IC2003,2019-12-05 09:33:36.000,4820.0000,38689,-1,523361040.000,2,0,2,多平,S,4820.0000,4819.2000,4819.0000,4818.8000,4818.2000,4820.8000,4821.0000,4822.0000,4822.2000,4823.0000,2,1,1,1,1,1,5,5,1,8
SF,IC2003,2019-12-05 09:33:36.500,4820.0000,38689,0,523361040.000,0,-,-,-,-,4820.0000,4819.2000,4819.0000,4818.8000,4818.2000,4820.8000,4821.0000,4822.0000,4822.2000,4823.0000,2,1,1,1,1,1,5,5,1,8
SF,IC2003,2019-12-05 09:33:37.000,4820.0000,38689,0,523361040.000,0,-,-,-,-,4820.0000,4819.0000,4818.8000,4818.2000,4817.8000,4820.8000,4821.0000,4822.0000,4822.2000,4823.0000,2,1,1,1,1,1,5,5,1,8
SF,IC2003,2019-12-05 09:33:38.500,4820.0000,38689,0,523361040.000,0,-,-,-,-,4820.0000,4819.0000,4818.8000,4818.2000,4817.8000,4820.8000,4821.0000,4822.0000,4822.2000,4823.0000,2,1,1,1,1,1,5,5,1,8
SF,IC2003,2019-12-05 09:33:39.000,4820.0000,38689,0,523361040.000,0,-,-,-,-,4820.2000,4820.0000,4819.0000,4818.8000,4818.2000,4820.8000,4821.0000,4822.0000,4822.2000,4823.0000,1,2,1,1,1,1,5,5,1,8
SF,IC2003,2019-12-05 09:33:39.500,4820.8000,38688,-1,524325200.000,1,0,1,双平,S,4820.8000,4820.2000,4820.0000,4819.0000,4818.8000,4821.0000,4822.0000,4822.2000,4823.0000,4823.4000,4,1,2,1,1,5,5,1,8,1
SF,IC2003,2019-12-05 09:33:40.000,4821.0000,38686,-2,526253600.000,2,0,2,双平,S,4820.8000,4820.2000,4820.0000,4819.0000,4818.8000,4821.0000,4822.0000,4822.2000,4823.0000,4823.4000,4,1,2,1,1,3,5,1,8,1
SF,IC2003,2019-12-05 09:33:40.500,4820.8000,38682,-4,530110360.000,4,0,4,双平,S,4820.8000,4820.2000,4820.0000,4819.0000,4818.8000,4822.0000,4822.2000,4823.0000,4823.4000,4823.6000,3,1,2,1,1,5,1,8,1,1
SF,IC2003,2019-12-05 09:33:41.000,4820.8000,38682,0,530110360.000,0,-,-,-,-,4821.0000,4820.8000,4820.0000,4819.0000,4818.8000,4821.8000,4822.0000,4822.2000,4823.0000,4823.4000,3,3,2,1,1,1,5,2,8,1
SF,IC2003,2019-12-05 09:33:41.500,4821.2000,38680,-2,532038960.000,2,0,2,双平,S,4821.0000,4820.8000,4820.0000,4818.8000,4818.2000,4822.0000,4822.2000,4823.0000,4823.4000,4823.6000,3,3,2,1,1,5,2,8,1,1
SF,IC2003,2019-12-05 09:33:42.000,4821.0000,38680,0,533967360.000,2,1,1,多换,S,4820.8000,4820.0000,4818.8000,4818.2000,4817.8000,4821.0000,4821.2000,4821.4000,4821.6000,4821.8000,3,2,1,1,1,1,2,1,2,5
SF,IC2003,2019-12-05 09:33:42.500,4821.0000,38680,0,533967360.000,0,-,-,-,-,4820.8000,4820.0000,4818.8000,4818.2000,4817.8000,4821.0000,4821.4000,4821.6000,4821.8000,4822.0000,3,2,1,1,1,1,1,1,3,4
SF,IC2003,2019-12-05 09:33:43.000,4821.0000,38676,-4,537824040.000,4,0,4,双平,S,4820.0000,4818.8000,4818.2000,4817.8000,4817.6000,4821.4000,4821.6000,4821.8000,4822.0000,4822.2000,2,1,1,1,3,1,1,3,4,2
SF,IC2003,2019-12-05 09:33:44.500,4821.0000,38676,0,537824040.000,0,-,-,-,-,4820.0000,4818.8000,4818.2000,4817.8000,4817.6000,4820.8000,4821.4000,4821.6000,4821.8000,4822.0000,2,1,1,1,3,1,1,1,3,4
SF,IC2003,2019-12-05 09:33:45.000,4820.8000,38675,-1,538788200.000,1,0,1,双平,S,4821.4000,4821.0000,4820.2000,4820.0000,4818.6000,4821.6000,4821.8000,4822.0000,4822.2000,4823.0000,2,1,2,2,1,1,2,4,1,8
SF,IC2003,2019-12-05 09:33:45.500,4820.8000,38675,0,538788200.000,0,-,-,-,-,4820.2000,4820.0000,4818.6000,4818.2000,4817.8000,4821.4000,4821.6000,4822.0000,4822.2000,4823.0000,1,2,1,1,1,2,1,4,1,8
SF,IC2003,2019-12-05 09:33:46.500,4820.8000,38675,0,538788200.000,0,-,-,-,-,4820.2000,4820.0000,4818.6000,4818.2000,4817.8000,4821.2000,4821.4000,4822.0000,4822.2000,4823.0000,1,2,1,1,1,1,2,4,1,8
SF,IC2003,2019-12-05 09:33:47.000,4820.8000,38675,0,538788200.000,0,-,-,-,-,4820.2000,4820.0000,4818.6000,4818.2000,4817.8000,4820.8000,4821.2000,4821.4000,4822.0000,4822.2000,1,2,1,1,1,1,1,2,4,1
SF,IC2003,2019-12-05 09:33:47.500,4820.2000,38675,0,540716400.000,2,1,1,多换,S,4820.0000,4818.6000,4818.2000,4817.8000,4817.6000,4821.0000,4821.4000,4822.0000,4822.2000,4823.0000,2,1,1,1,3,1,2,4,1,8
SF,IC2003,2019-12-05 09:33:49.000,4820.0000,38675,0,541680400.000,1,0,1,多换,S,4820.0000,4818.6000,4818.2000,4817.8000,4817.6000,4821.0000,4821.4000,4822.0000,4822.2000,4823.0000,1,1,1,1,3,1,2,4,1,8
SF,IC2003,2019-12-05 09:33:49.500,4820.0000,38675,0,541680400.000,0,-,-,-,-,4820.0000,4817.8000,4817.6000,4817.4000,4816.6000,4820.6000,4820.8000,4821.0000,4821.4000,4822.0000,1,1,3,1,1,2,3,1,2,4
SF,IC2003,2019-12-05 09:33:50.000,4820.0000,38675,0,541680400.000,0,-,-,-,-,4820.0000,4817.8000,4817.6000,4817.4000,4816.6000,4820.8000,4821.0000,4821.4000,4822.0000,4822.2000,1,1,3,1,1,2,1,2,4,2
SF,IC2003,2019-12-05 09:33:50.500,4820.0000,38675,0,542644400.000,1,0,1,多换,S,4817.8000,4817.6000,4817.4000,4816.6000,4816.2000,4820.6000,4820.8000,4821.0000,4821.4000,4822.0000,1,3,1,1,2,3,1,1,2,4
SF,IC2003,2019-12-05 09:33:51.000,4820.0000,38675,0,542644400.000,0,-,-,-,-,4818.2000,4818.0000,4817.8000,4817.6000,4817.4000,4820.4000,4821.0000,4821.4000,4822.0000,4822.2000,4,1,1,3,1,1,1,2,4,2
SF,IC2003,2019-12-05 09:33:51.500,4820.0000,38675,0,542644400.000,0,-,-,-,-,4818.6000,4818.4000,4818.2000,4818.0000,4817.8000,4821.0000,4821.4000,4822.0000,4822.2000,4823.0000,4,2,2,1,1,1,2,4,2,8
SF,IC2003,2019-12-05 09:33:52.000,4820.0000,38675,0,542644400.000,0,-,-,-,-,4819.0000,4818.8000,4818.6000,4818.4000,4818.2000,4820.8000,4821.0000,4821.4000,4822.0000,4822.2000,2,1,2,1,2,1,1,2,4,2
SF,IC2003,2019-12-05 09:33:52.500,4820.0000,38675,0,542644400.000,0,-,-,-,-,4820.6000,4819.4000,4819.2000,4818.6000,4818.4000,4820.8000,4821.0000,4821.4000,4822.0000,4822.2000,1,2,2,2,1,1,1,2,4,2
SF,IC2003,2019-12-05 09:33:53.000,4820.0000,38675,0,542644400.000,0,-,-,-,-,4820.6000,4819.2000,4818.4000,4818.2000,4818.0000,4821.0000,4821.4000,4822.0000,4822.2000,4823.0000,1,1,1,2,1,1,2,4,2,8
SF,IC2003,2019-12-05 09:33:55.000,4820.6000,38674,-1,543608520.000,1,0,1,双平,S,4819.2000,4818.4000,4818.2000,4818.0000,4817.8000,4821.0000,4821.4000,4822.0000,4822.2000,4823.0000,1,1,2,1,1,1,2,4,2,8
SF,IC2003,2019-12-05 09:33:55.500,4820.6000,38674,0,543608520.000,0,-,-,-,-,4819.6000,4819.4000,4819.2000,4818.4000,4818.2000,4821.0000,4821.4000,4822.0000,4822.2000,4823.0000,2,2,1,1,2,1,2,4,2,8
SF,IC2003,2019-12-05 09:33:56.000,4820.6000,38674,0,543608520.000,0,-,-,-,-,4819.4000,4818.4000,4818.2000,4818.0000,4817.8000,4820.8000,4821.0000,4821.4000,4822.0000,4822.2000,1,1,2,1,1,2,1,2,4,2
SF,IC2003,2019-12-05 09:33:56.500,4820.6000,38674,0,543608520.000,0,-,-,-,-,4819.4000,4818.2000,4818.0000,4817.8000,4817.6000,4820.8000,4821.0000,4821.4000,4822.0000,4822.2000,1,2,1,1,3,3,1,2,4,2
SF,IC2003,2019-12-05 09:33:57.000,4820.6000,38674,0,543608520.000,0,-,-,-,-,4819.4000,4818.2000,4818.0000,4817.8000,4817.6000,4820.6000,4820.8000,4821.0000,4821.4000,4822.0000,1,2,1,1,3,2,3,1,2,4
SF,IC2003,2019-12-05 09:33:58.000,4820.6000,38674,0,543608520.000,0,-,-,-,-,4819.4000,4818.2000,4818.0000,4817.8000,4817.6000,4820.6000,4820.8000,4821.0000,4821.4000,4822.0000,1,2,1,1,3,2,2,1,2,4
SF,IC2003,2019-12-05 09:33:58.500,4820.6000,38674,0,543608520.000,0,-,-,-,-,4819.4000,4818.2000,4818.0000,4817.8000,4817.6000,4820.4000,4820.6000,4820.8000,4821.0000,4821.4000,1,2,1,1,3,1,2,2,1,2
SF,IC2003,2019-12-05 09:33:59.000,4820.6000,38674,0,543608520.000,0,-,-,-,-,4819.4000,4818.2000,4818.0000,4817.8000,4817.6000,4820.6000,4820.8000,4821.0000,4821.4000,4822.0000,2,2,1,1,3,2,2,1,2,4
SF,IC2003,2019-12-05 09:33:59.500,4820.6000,38674,0,543608520.000,0,-,-,-,-,4819.4000,4818.2000,4818.0000,4817.8000,4817.6000,4820.6000,4820.8000,4821.0000,4821.4000,4822.0000,2,2,1,1,3,2,2,1,2,4
SF,IC2003,2019-12-05 09:34:00.000,4820.6000,38674,0,543608520.000,0,-,-,-,-,4819.6000,4819.4000,4818.2000,4818.0000,4817.8000,4820.6000,4820.8000,4821.0000,4821.4000,4822.0000,1,2,2,1,1,2,2,1,2,4
SF,IC2003,2019-12-05 09:34:00.500,4820.6000,38674,0,543608520.000,0,-,-,-,-,4819.6000,4819.4000,4818.2000,4818.0000,4817.8000,4820.8000,4821.0000,4821.4000,4822.0000,4822.2000,1,2,2,1,1,2,1,2,4,2
SF,IC2003,2019-12-05 09:34:01.000,4820.6000,38674,0,543608520.000,0,-,-,-,-,4819.8000,4819.6000,4819.4000,4818.2000,4818.0000,4820.8000,4821.0000,4821.4000,4822.0000,4822.2000,1,1,2,2,1,1,1,2,4,2
SF,IC2003,2019-12-05 09:34:01.500,4821.0000,38673,-1,545536880.000,2,0,2,多平,S,4821.0000,4820.8000,4820.0000,4819.6000,4819.4000,4821.4000,4822.0000,4822.2000,4823.0000,4823.4000,4,2,2,1,2,2,4,2,8,1
SF,IC2003,2019-12-05 09:34:02.000,4821.4000,38671,-2,547465440.000,2,0,2,双平,S,4821.2000,4820.8000,4820.0000,4819.4000,4818.8000,4822.0000,4822.2000,4823.0000,4823.4000,4823.6000,1,1,1,3,1,4,1,8,1,1
SF,IC2003,2019-12-05 09:34:02.500,4821.4000,38671,0,547465440.000,0,-,-,-,-,4821.0000,4820.8000,4820.0000,4819.4000,4818.8000,4821.8000,4822.0000,4822.2000,4823.0000,4823.4000,1,1,1,3,1,1,4,1,8,1
SF,IC2003,2019-12-05 09:34:03.000,4822.0000,38668,-3,552287400.000,5,1,4,多平,S,4822.0000,4821.2000,4821.0000,4820.8000,4820.0000,4823.0000,4823.4000,4823.6000,4824.0000,4824.2000,1,1,1,1,1,8,1,1,1,1
SF,IC2003,2019-12-05 09:34:03.500,4822.0000,38668,0,552287400.000,0,-,-,-,-,4821.0000,4820.8000,4820.0000,4819.4000,4818.8000,4823.0000,4823.6000,4824.0000,4824.2000,4824.6000,1,1,1,2,1,8,1,1,1,1
SF,IC2003,2019-12-05 09:34:04.000,4822.0000,38668,0,552287400.000,0,-,-,-,-,4821.8000,4821.2000,4821.0000,4820.8000,4820.0000,4822.6000,4822.8000,4823.0000,4823.6000,4824.0000,1,6,1,1,1,1,1,8,1,1
SF,IC2003,2019-12-05 09:34:04.500,4822.0000,38668,0,552287400.000,0,-,-,-,-,4821.8000,4821.2000,4821.0000,4820.8000,4820.0000,4822.6000,4822.8000,4823.0000,4823.6000,4824.0000,1,3,1,1,1,1,1,8,1,1
SF,IC2003,2019-12-05 09:34:05.000,4822.0000,38668,0,552287400.000,0,-,-,-,-,4821.8000,4821.2000,4821.0000,4820.8000,4820.0000,4822.4000,4822.6000,4823.0000,4823.6000,4824.0000,1,2,1,1,1,1,1,8,1,1
SF,IC2003,2019-12-05 09:34:05.500,4822.4000,38668,0,553251880.000,1,0,1,多换,S,4821.8000,4821.2000,4821.0000,4820.8000,4820.0000,4822.6000,4823.0000,4823.6000,4824.0000,4824.2000,1,2,1,1,1,1,8,1,1,1
SF,IC2003,2019-12-05 09:34:06.000,4822.4000,38668,0,553251880.000,0,-,-,-,-,4821.8000,4821.2000,4821.0000,4820.8000,4820.0000,4823.0000,4823.6000,4824.0000,4824.2000,4824.6000,1,2,1,1,1,8,1,1,1,1
SF,IC2003,2019-12-05 09:34:06.500,4822.4000,38668,0,553251880.000,0,-,-,-,-,4822.0000,4821.8000,4821.2000,4821.0000,4820.8000,4822.2000,4823.0000,4823.6000,4824.0000,4824.2000,1,1,2,1,1,1,8,1,1,1
SF,IC2003,2019-12-05 09:34:07.000,4822.2000,38666,-2,555180720.000,2,0,2,双平,S,4821.8000,4821.2000,4820.8000,4819.4000,4818.8000,4823.0000,4823.6000,4824.0000,4824.2000,4824.6000,1,1,1,1,1,8,1,1,1,1
SF,IC2003,2019-12-05 09:34:07.500,4822.2000,38666,0,555180720.000,0,-,-,-,-,4821.8000,4821.2000,4820.8000,4819.4000,4818.8000,4822.8000,4823.0000,4823.6000,4824.0000,4824.2000,1,1,1,1,1,1,8,1,1,1
SF,IC2003,2019-12-05 09:34:08.000,4822.2000,38666,0,555180720.000,0,-,-,-,-,4821.8000,4821.4000,4821.2000,4820.8000,4819.4000,4822.4000,4822.6000,4822.8000,4823.0000,4823.6000,1,1,1,1,1,3,3,2,8,1
SF,IC2003,2019-12-05 09:34:08.500,4822.0000,38665,-1,556145120.000,1,0,1,双平,S,4821.8000,4821.4000,4821.0000,4820.8000,4820.6000,4822.4000,4822.8000,4823.0000,4823.6000,4824.0000,1,1,5,1,3,1,1,8,1,1
SF,IC2003,2019-12-05 09:34:09.000,4822.0000,38665,0,556145120.000,0,-,-,-,-,4822.0000,4821.8000,4821.4000,4821.0000,4820.8000,4822.4000,4822.8000,4823.0000,4823.6000,4824.0000,1,1,1,5,1,1,1,8,1,1
SF,IC2003,2019-12-05 09:34:09.500,4822.0000,38665,0,556145120.000,0,-,-,-,-,4822.0000,4821.8000,4821.4000,4821.0000,4820.8000,4822.4000,4822.8000,4823.0000,4823.6000,4824.0000,1,1,1,5,1,1,1,8,1,1
SF,IC2003,2019-12-05 09:34:10.000,4822.0000,38664,-1,557109520.000,1,0,1,双平,S,4821.8000,4821.4000,4821.0000,4820.8000,4820.6000,4822.4000,4822.8000,4823.0000,4823.6000,4824.0000,1,1,5,1,3,1,1,8,1,1
SF,IC2003,2019-12-05 09:34:10.500,4821.8000,38664,0,558073880.000,1,0,1,多换,S,4822.0000,4821.4000,4821.0000,4820.8000,4820.6000,4822.2000,4822.4000,4822.8000,4823.0000,4823.6000,1,1,5,1,3,3,1,1,8,1
SF,IC2003,2019-12-05 09:34:11.000,4822.0000,38663,-1,559038280.000,1,0,1,双平,S,4821.4000,4821.0000,4820.8000,4820.6000,4820.0000,4821.6000,4822.8000,4823.0000,4823.6000,4824.0000,1,5,1,3,2,1,1,8,1,1
SF,IC2003,2019-12-05 09:34:11.500,4821.6000,38661,-2,560966920.000,2,0,2,双平,S,4821.6000,4821.4000,4821.0000,4820.8000,4820.6000,4822.8000,4823.0000,4823.6000,4824.0000,4824.2000,1,1,5,1,3,1,8,1,1,1
SF,IC2003,2019-12-05 09:34:12.000,4821.6000,38661,0,560966920.000,0,-,-,-,-,4821.8000,4821.4000,4821.0000,4820.8000,4820.6000,4822.2000,4822.6000,4822.8000,4823.0000,4823.6000,1,1,5,1,3,3,1,1,8,1
SF,IC2003,2019-12-05 09:34:12.500,4821.6000,38661,0,560966920.000,0,-,-,-,-,4821.8000,4821.4000,4821.0000,4820.8000,4820.6000,4822.8000,4823.0000,4823.6000,4824.0000,4824.2000,1,1,5,1,3,1,8,1,1,1
SF,IC2003,2019-12-05 09:34:13.500,4821.6000,38661,0,560966920.000,0,-,-,-,-,4821.4000,4821.0000,4820.8000,4820.6000,4820.0000,4822.8000,4823.0000,4823.6000,4824.0000,4824.2000,1,5,1,3,2,1,8,1,1,1
SF,IC2003,2019-12-05 09:34:14.000,4821.6000,38661,0,560966920.000,0,-,-,-,-,4821.4000,4821.0000,4820.8000,4820.6000,4820.0000,4822.2000,4822.6000,4822.8000,4823.0000,4823.6000,1,5,1,3,2,1,4,1,8,1
SF,IC2003,2019-12-05 09:34:14.500,4821.6000,38660,-1,561931240.000,1,0,1,双平,S,4821.4000,4821.0000,4820.8000,4820.6000,4820.0000,4822.6000,4822.8000,4823.0000,4823.6000,4824.0000,1,5,1,3,2,2,1,8,1,1
SF,IC2003,2019-12-05 09:34:15.000,4821.6000,38660,0,561931240.000,0,-,-,-,-,4821.4000,4821.0000,4820.8000,4820.6000,4820.0000,4822.6000,4822.8000,4823.0000,4823.6000,4824.0000,1,5,1,3,2,2,1,8,1,1
SF,IC2003,2019-12-05 09:34:18.000,4821.6000,38660,0,561931240.000,0,-,-,-,-,4821.4000,4821.0000,4820.8000,4820.6000,4820.0000,4822.0000,4822.4000,4822.6000,4822.8000,4823.0000,1,5,1,3,2,1,1,2,1,8
SF,IC2003,2019-12-05 09:34:18.500,4822.0000,38660,0,562895640.000,1,0,1,多换,S,4822.0000,4821.4000,4821.0000,4820.8000,4820.6000,4822.4000,4822.6000,4823.0000,4823.6000,4824.0000,1,1,5,1,3,1,2,8,1,1
SF,IC2003,2019-12-05 09:34:19.000,4822.0000,38658,-2,564824440.000,2,0,2,双平,S,4821.4000,4821.0000,4820.8000,4820.6000,4820.0000,4822.6000,4823.0000,4823.6000,4824.0000,4824.2000,1,5,1,3,2,2,8,1,1,1
SF,IC2003,2019-12-05 09:34:19.500,4822.0000,38658,0,564824440.000,0,-,-,-,-,4821.4000,4821.0000,4820.8000,4820.6000,4820.0000,4822.2000,4822.4000,4822.6000,4823.0000,4823.6000,1,5,1,3,2,1,4,2,8,1
SF,IC2003,2019-12-05 09:34:20.000,4821.4000,38658,0,565788720.000,1,0,1,多换,S,4821.0000,4820.8000,4820.6000,4820.0000,4819.4000,4821.2000,4821.4000,4822.0000,4822.2000,4822.4000,5,1,3,2,1,1,3,2,3,4
SF,IC2003,2019-12-05 09:34:20.500,4820.6000,38649,-9,574466240.000,9,0,9,双平,S,4820.0000,4819.4000,4817.8000,4817.6000,4817.4000,4820.6000,4821.0000,4821.2000,4821.4000,4821.6000,2,1,1,3,1,1,17,1,2,2
SF,IC2003,2019-12-05 09:34:21.000,4820.0000,38646,-3,579286680.000,5,1,4,多平,S,4819.4000,4817.8000,4817.6000,4817.4000,4816.2000,4820.0000,4821.0000,4821.4000,4822.0000,4822.2000,1,1,3,1,1,4,5,2,2,2
SF,IC2003,2019-12-05 09:34:21.500,4820.0000,38642,-4,584106680.000,5,0,5,多平,S,4820.2000,4820.0000,4819.6000,4819.4000,4817.8000,4821.0000,4821.4000,4822.0000,4822.2000,4822.4000,1,1,2,1,1,2,1,2,2,2
SF,IC2003,2019-12-05 09:34:22.000,4820.0000,38642,0,584106680.000,0,-,-,-,-,4820.4000,4819.6000,4819.4000,4817.8000,4817.6000,4821.0000,4821.4000,4822.0000,4822.2000,4822.4000,1,1,1,1,3,2,1,2,2,2
SF,IC2003,2019-12-05 09:34:22.500,4820.4000,38641,-1,586034800.000,2,0,2,多平,S,4819.8000,4819.6000,4819.4000,4817.8000,4817.6000,4820.4000,4821.0000,4821.4000,4822.0000,4822.2000,1,1,1,1,3,1,2,1,2,2
SF,IC2003,2019-12-05 09:34:23.000,4821.0000,38641,0,588927160.000,3,1,2,多换,S,4819.8000,4819.6000,4819.4000,4817.8000,4817.6000,4821.0000,4821.4000,4822.0000,4822.2000,4822.4000,1,1,1,1,3,1,1,2,2,2
SF,IC2003,2019-12-05 09:34:23.500,4821.0000,38641,0,588927160.000,0,-,-,-,-,4819.8000,4819.6000,4819.4000,4817.8000,4817.6000,4820.4000,4820.8000,4821.0000,4821.4000,4822.0000,1,1,1,1,3,1,1,1,1,2
SF,IC2003,2019-12-05 09:34:24.000,4821.0000,38641,0,588927160.000,0,-,-,-,-,4819.8000,4819.6000,4819.4000,4817.8000,4817.6000,4820.4000,4820.6000,4821.0000,4822.0000,4822.2000,2,1,1,1,3,1,1,1,2,2
SF,IC2003,2019-12-05 09:34:24.500,4819.8000,38640,-1,590855080.000,2,0,2,多平,S,4819.6000,4819.4000,4817.8000,4817.6000,4817.4000,4819.8000,4820.6000,4821.0000,4822.0000,4822.2000,1,1,1,3,1,1,1,1,2,2
SF,IC2003,2019-12-05 09:34:25.000,4819.8000,38640,0,590855080.000,0,-,-,-,-,4819.4000,4817.8000,4817.6000,4817.4000,4816.2000,4819.6000,4820.6000,4821.0000,4822.0000,4822.2000,1,1,3,1,1,1,1,1,2,2
SF,IC2003,2019-12-05 09:34:25.500,4819.4000,38639,-1,591818960.000,1,0,1,双平,S,4817.8000,4817.6000,4817.4000,4816.2000,4815.0000,4819.4000,4820.4000,4822.0000,4822.2000,4822.4000,1,3,1,1,3,1,1,1,2,7
SF,IC2003,2019-12-05 09:34:26.000,4818.0000,38638,-1,593746440.000,2,0,2,多平,S,4819.6000,4818.0000,4817.8000,4817.6000,4817.4000,4819.8000,4820.4000,4822.0000,4822.2000,4822.4000,1,5,1,3,1,1,1,1,2,7
SF,IC2003,2019-12-05 09:34:26.500,4818.0000,38638,0,593746440.000,0,-,-,-,-,4819.8000,4819.6000,4818.0000,4817.8000,4817.6000,4820.4000,4822.0000,4822.2000,4822.4000,4823.0000,1,1,4,1,3,1,1,2,7,8
SF,IC2003,2019-12-05 09:34:27.000,4819.8000,38639,1,594710400.000,1,1,0,双开,S,4819.6000,4818.0000,4817.8000,4817.6000,4817.4000,4820.2000,4820.4000,4822.0000,4822.2000,4822.4000,1,4,1,3,1,3,1,1,2,7
SF,IC2003,2019-12-05 09:34:27.500,4819.6000,38639,0,595674320.000,1,0,1,多换,S,4818.0000,4817.8000,4817.6000,4816.2000,4815.0000,4819.4000,4819.6000,4819.8000,4820.0000,4820.2000,3,1,3,1,3,1,6,1,4,3
SF,IC2003,2019-12-05 09:34:28.000,4819.6000,38639,0,595674320.000,0,-,-,-,-,4818.2000,4818.0000,4817.8000,4817.6000,4816.2000,4819.6000,4820.0000,4820.2000,4820.4000,4822.0000,1,2,1,3,1,3,4,2,1,1
SF,IC2003,2019-12-05 09:34:28.500,4819.6000,38639,0,595674320.000,0,-,-,-,-,4818.4000,4817.8000,4817.6000,4816.2000,4815.0000,4819.6000,4820.0000,4820.2000,4820.4000,4822.0000,4,1,3,1,3,1,2,1,1,1
SF,IC2003,2019-12-05 09:34:29.000,4818.6000,38639,0,596638040.000,1,0,1,多换,S,4818.4000,4817.8000,4817.6000,4816.2000,4815.0000,4819.4000,4819.6000,4820.0000,4820.4000,4822.0000,3,1,3,1,3,1,1,2,1,1
SF,IC2003,2019-12-05 09:34:30.000,4818.6000,38639,0,596638040.000,0,-,-,-,-,4818.4000,4817.8000,4817.6000,4816.2000,4815.0000,4818.6000,4819.4000,4819.6000,4820.0000,4820.4000,3,1,3,1,3,1,1,1,2,1
SF,IC2003,2019-12-05 09:34:30.500,4818.6000,38639,0,597601760.000,1,0,1,多换,S,4818.6000,4818.4000,4817.8000,4817.6000,4816.2000,4819.4000,4819.6000,4820.0000,4820.4000,4822.0000,2,3,1,3,1,1,1,2,1,1
SF,IC2003,2019-12-05 09:34:31.000,4818.6000,38639,0,597601760.000,0,-,-,-,-,4818.6000,4818.4000,4817.8000,4817.6000,4816.2000,4819.4000,4819.6000,4820.0000,4820.4000,4822.0000,1,1,1,3,1,1,1,2,1,1
SF,IC2003,2019-12-05 09:34:31.500,4818.6000,38639,0,597601760.000,0,-,-,-,-,4818.6000,4818.4000,4817.8000,4817.6000,4816.4000,4819.4000,4819.6000,4820.0000,4820.4000,4822.0000,1,1,1,3,1,1,1,2,1,1
SF,IC2003,2019-12-05 09:34:32.000,4818.6000,38639,0,597601760.000,0,-,-,-,-,4818.6000,4818.4000,4817.8000,4817.6000,4816.4000,4819.4000,4819.6000,4820.0000,4820.4000,4822.0000,1,1,1,3,1,1,2,2,1,1
SF,IC2003,2019-12-05 09:34:32.500,4818.6000,38639,0,597601760.000,0,-,-,-,-,4818.6000,4818.4000,4817.8000,4817.6000,4816.4000,4819.4000,4819.6000,4820.0000,4820.4000,4821.6000,1,1,1,3,1,1,1,2,1,1
SF,IC2003,2019-12-05 09:34:33.500,4818.6000,38639,0,597601760.000,0,-,-,-,-,4818.4000,4817.8000,4817.6000,4816.4000,4816.2000,4818.6000,4819.4000,4819.6000,4820.0000,4820.4000,1,1,3,1,1,1,1,1,2,1
SF,IC2003,2019-12-05 09:34:35.000,4818.4000,38639,0,598565440.000,1,0,1,多换,S,4817.8000,4817.6000,4816.4000,4816.2000,4815.0000,4818.6000,4819.4000,4819.6000,4820.0000,4820.4000,1,3,1,1,3,1,1,1,2,1
SF,IC2003,2019-12-05 09:34:35.500,4817.8000,38638,-1,599529000.000,1,0,1,双平,S,4817.6000,4816.4000,4816.2000,4815.0000,4814.8000,4818.4000,4818.6000,4818.8000,4819.4000,4819.6000,3,1,1,3,1,3,1,1,1,1
SF,IC2003,2019-12-05 09:34:36.500,4817.8000,38638,0,599529000.000,0,-,-,-,-,4817.6000,4816.4000,4816.2000,4815.0000,4814.8000,4818.4000,4818.6000,4819.4000,4819.6000,4820.0000,3,1,1,3,1,3,1,1,1,2
SF,IC2003,2019-12-05 09:34:37.000,4818.4000,38639,1,602420040.000,3,2,1,空开,S,4818.4000,4817.6000,4816.4000,4815.0000,4814.8000,4818.6000,4819.4000,4819.6000,4820.0000,4820.4000,3,3,1,3,1,1,1,1,2,1
SF,IC2003,2019-12-05 09:34:37.500,4818.4000,38639,0,606274760.000,4,2,2,多换,S,4817.6000,4816.4000,4815.0000,4814.8000,4814.6000,4818.2000,4818.4000,4818.6000,4819.4000,4819.6000,3,1,3,1,1,1,6,1,1,1
SF,IC2003,2019-12-05 09:34:38.000,4818.2000,38639,0,607238400.000,1,0,1,多换,S,4817.6000,4816.4000,4815.0000,4814.8000,4814.6000,4818.4000,4818.6000,4819.4000,4819.6000,4820.0000,3,1,3,1,1,1,1,1,1,2
SF,IC2003,2019-12-05 09:34:40.000,4818.2000,38639,0,607238400.000,0,-,-,-,-,4817.6000,4816.4000,4815.0000,4814.8000,4814.6000,4818.4000,4818.6000,4819.4000,4819.6000,4820.0000,3,1,3,1,1,1,1,1,2,2
SF,IC2003,2019-12-05 09:34:40.500,4817.6000,38638,-1,608201920.000,1,0,1,双平,S,4817.6000,4816.4000,4815.0000,4814.8000,4814.6000,4818.0000,4818.2000,4818.4000,4818.6000,4819.4000,2,1,3,1,1,2,4,1,1,1
SF,IC2003,2019-12-05 09:34:41.000,4817.6000,38639,1,610128960.000,2,1,1,空开,S,4816.4000,4815.0000,4814.8000,4814.6000,4814.4000,4818.2000,4818.6000,4819.4000,4819.6000,4820.0000,1,3,1,1,1,2,1,1,2,2
SF,IC2003,2019-12-05 09:34:41.500,4817.6000,38639,0,610128960.000,0,-,-,-,-,4816.8000,4816.6000,4816.4000,4815.0000,4814.8000,4817.6000,4818.6000,4819.4000,4819.6000,4820.0000,2,4,1,3,1,1,1,1,2,2
SF,IC2003,2019-12-05 09:34:42.000,4817.6000,38639,0,611092480.000,1,0,1,多换,S,4817.6000,4817.0000,4816.6000,4816.4000,4815.0000,4818.6000,4819.4000,4819.6000,4820.0000,4820.4000,2,3,1,1,3,1,1,2,2,1
