市场代码,合约代码,时间,最新,持仓,增仓,成交额,成交量,开仓,平仓,成交类型,方向,买一价,买二价,买三价,买四价,买五价,卖一价,卖二价,卖三价,卖四价,卖五价,买一量,买二量,买三量,买四量,买五量,卖一量,卖二量,卖三量,卖四量,卖五量
SF,IC2009,2020-05-14 09:29:00.400,5229.6000,41144,0,6275520.000,6.000,-,-,-,-,5221.0000,5219.8000,5218.0000,5215.2000,5215.0000,5229.8000,5231.8000,5234.0000,5235.0000,5236.0000,1,1,1,8,1,1,1,10,6,15
SF,IC2009,2020-05-14 09:30:00.400,5221.2000,41144,0,7319760.000,1,0,1,多换,S,5221.8000,5221.2000,5221.0000,5220.0000,5219.8000,5225.8000,5228.0000,5229.0000,5229.2000,5229.4000,1,1,1,1,1,1,1,3,1,1
SF,IC2009,2020-05-14 09:30:00.900,5225.6000,41139,-5,13588600.000,6,0,6,多平,S,5222.0000,5221.8000,5221.2000,5221.0000,5220.0000,5225.8000,5228.0000,5229.0000,5229.2000,5229.4000,1,2,1,1,1,1,2,3,1,1
SF,IC2009,2020-05-14 09:30:01.400,5225.6000,41139,0,13588600.000,0,-,-,-,-,5222.2000,5222.0000,5221.8000,5221.2000,5221.0000,5225.6000,5225.8000,5228.0000,5229.0000,5229.4000,1,2,1,1,1,1,1,2,3,1
SF,IC2009,2020-05-14 09:30:01.900,5225.6000,41139,0,13588600.000,0,-,-,-,-,5225.2000,5222.4000,5222.2000,5222.0000,5221.8000,5225.4000,5225.6000,5225.8000,5228.0000,5229.0000,1,1,3,2,1,1,1,1,2,3
SF,IC2009,2020-05-14 09:30:02.400,5225.2000,41139,0,14633640.000,1,0,1,多换,S,5222.4000,5222.2000,5222.0000,5221.8000,5221.2000,5225.8000,5228.0000,5229.0000,5229.4000,5229.6000,1,1,1,1,1,1,2,3,1,3
SF,IC2009,2020-05-14 09:30:02.900,5222.2000,41138,-1,16722520.000,2,0,2,多平,S,5222.0000,5221.8000,5221.0000,5220.0000,5219.8000,5222.2000,5225.6000,5225.8000,5228.0000,5229.0000,1,1,1,2,1,4,2,3,2,3
SF,IC2009,2020-05-14 09:30:03.400,5222.2000,41136,-2,20899920.000,4,1,3,多平,S,5220.0000,5219.8000,5218.0000,5216.0000,5215.2000,5222.2000,5224.8000,5225.0000,5225.6000,5225.8000,2,1,1,1,8,3,2,1,2,4
SF,IC2009,2020-05-14 09:30:03.900,5222.2000,41136,0,20899920.000,0,-,-,-,-,5220.2000,5220.0000,5219.8000,5218.0000,5216.0000,5222.0000,5222.2000,5224.8000,5225.0000,5225.6000,1,2,1,1,1,2,3,2,1,1
SF,IC2009,2020-05-14 09:30:04.400,5222.2000,41135,-1,21944360.000,1,0,1,双平,S,5220.0000,5219.8000,5218.0000,5216.0000,5215.2000,5222.0000,5222.2000,5225.6000,5225.8000,5228.0000,2,1,1,1,8,2,3,1,4,2
SF,IC2009,2020-05-14 09:30:04.900,5221.8000,41132,-3,30297720.000,8,2,6,多平,S,5218.0000,5216.0000,5215.2000,5215.0000,5213.0000,5221.8000,5222.0000,5222.2000,5225.6000,5225.8000,1,1,8,2,3,1,3,3,1,3
SF,IC2009,2020-05-14 09:30:05.400,5221.8000,41132,0,30297720.000,0,-,-,-,-,5218.2000,5218.0000,5216.0000,5215.2000,5215.0000,5220.0000,5221.0000,5221.6000,5221.8000,5222.0000,1,1,1,8,2,1,1,2,2,2
SF,IC2009,2020-05-14 09:30:05.900,5221.8000,41132,0,30297720.000,0,-,-,-,-,5218.2000,5218.0000,5216.0000,5215.2000,5215.0000,5219.8000,5220.0000,5221.0000,5221.6000,5221.8000,1,1,1,8,2,1,2,1,1,1
SF,IC2009,2020-05-14 09:30:06.400,5221.6000,41131,-1,31342040.000,1,0,1,双平,S,5218.2000,5218.0000,5216.0000,5215.2000,5215.0000,5220.0000,5221.0000,5221.6000,5221.8000,5222.0000,2,1,1,8,2,1,1,1,1,2
SF,IC2009,2020-05-14 09:30:06.900,5221.8000,41126,-5,38651200.000,7,1,6,多平,S,5221.8000,5218.2000,5218.0000,5216.0000,5215.2000,5222.0000,5222.2000,5225.8000,5227.0000,5228.0000,4,2,1,1,8,2,3,2,1,2
SF,IC2009,2020-05-14 09:30:07.400,5221.8000,41122,-4,42828640.000,4,0,4,双平,S,5220.0000,5218.4000,5218.2000,5218.0000,5216.0000,5221.8000,5222.0000,5222.2000,5225.8000,5227.0000,3,1,2,1,1,1,2,3,2,1
SF,IC2009,2020-05-14 09:30:07.900,5221.8000,41122,0,42828640.000,0,-,-,-,-,5220.0000,5218.2000,5218.0000,5216.0000,5215.2000,5221.6000,5221.8000,5222.0000,5225.8000,5228.0000,3,2,1,1,8,1,1,2,2,2
SF,IC2009,2020-05-14 09:30:08.400,5221.8000,41122,0,42828640.000,0,-,-,-,-,5220.2000,5220.0000,5218.0000,5216.0000,5215.2000,5221.4000,5221.6000,5221.8000,5222.0000,5225.8000,1,3,1,1,8,1,1,1,2,2
SF,IC2009,2020-05-14 09:30:08.900,5221.8000,41122,0,42828640.000,0,-,-,-,-,5220.2000,5220.0000,5218.2000,5218.0000,5216.0000,5221.4000,5221.6000,5221.8000,5222.0000,5225.8000,1,3,5,1,1,1,1,1,2,2
SF,IC2009,2020-05-14 09:30:09.400,5221.4000,41121,-1,43872920.000,1,0,1,双平,S,5221.4000,5220.2000,5220.0000,5218.2000,5218.0000,5221.6000,5221.8000,5222.0000,5225.8000,5228.0000,1,1,3,5,1,1,6,2,2,2
SF,IC2009,2020-05-14 09:30:09.900,5221.4000,41111,-10,56405280.000,12,1,11,多平,S,5220.2000,5220.0000,5218.2000,5218.0000,5216.0000,5225.8000,5228.0000,5228.6000,5229.0000,5229.6000,2,3,5,1,1,2,2,5,4,3
SF,IC2009,2020-05-14 09:30:10.400,5220.4000,41111,0,57449360.000,1,0,1,多换,S,5220.4000,5220.2000,5220.0000,5218.2000,5218.0000,5224.4000,5224.8000,5225.0000,5225.6000,5225.8000,1,1,3,5,1,1,3,2,7,4
SF,IC2009,2020-05-14 09:30:10.900,5220.4000,41110,-1,58493440.000,1,0,1,双平,S,5220.4000,5220.2000,5220.0000,5218.2000,5218.0000,5224.2000,5224.4000,5224.8000,5225.0000,5225.6000,1,1,3,5,1,3,1,2,2,3
SF,IC2009,2020-05-14 09:30:11.400,5220.4000,41110,0,58493440.000,0,-,-,-,-,5220.6000,5220.4000,5220.0000,5218.2000,5218.0000,5224.2000,5224.4000,5225.0000,5225.6000,5225.8000,1,2,3,5,1,3,2,1,3,4
SF,IC2009,2020-05-14 09:30:11.900,5220.4000,41108,-2,61625680.000,3,0,3,多平,S,5221.4000,5220.0000,5218.2000,5218.0000,5216.0000,5224.2000,5225.6000,5225.8000,5226.0000,5228.0000,1,3,5,1,1,3,2,4,2,2
SF,IC2009,2020-05-14 09:30:12.400,5220.4000,41108,0,61625680.000,0,-,-,-,-,5221.6000,5221.4000,5220.0000,5218.2000,5218.0000,5224.0000,5224.2000,5225.6000,5225.8000,5226.0000,1,1,3,5,1,1,3,2,4,2
SF,IC2009,2020-05-14 09:30:12.900,5220.4000,41108,0,62669760.000,1,0,1,多换,S,5221.4000,5220.0000,5218.2000,5218.0000,5216.0000,5223.8000,5224.0000,5224.2000,5225.6000,5225.8000,2,3,5,1,1,2,1,1,2,4
SF,IC2009,2020-05-14 09:30:13.400,5220.4000,41108,0,62669760.000,0,-,-,-,-,5221.4000,5220.0000,5218.2000,5218.0000,5216.0000,5221.6000,5223.6000,5223.8000,5224.0000,5225.6000,1,3,5,1,1,1,2,2,1,2
SF,IC2009,2020-05-14 09:30:13.900,5221.6000,41106,-2,65803120.000,3,0,3,多平,S,5221.4000,5220.0000,5218.2000,5218.0000,5216.0000,5223.8000,5224.0000,5225.6000,5225.8000,5226.0000,1,8,5,1,1,2,1,2,4,2
SF,IC2009,2020-05-14 09:30:14.400,5221.6000,41106,0,65803120.000,0,-,-,-,-,5221.4000,5220.0000,5218.2000,5218.0000,5216.0000,5223.8000,5224.0000,5225.6000,5225.8000,5226.0000,1,7,5,1,1,2,1,2,4,2
SF,IC2009,2020-05-14 09:30:14.900,5221.6000,41106,0,65803120.000,0,-,-,-,-,5221.6000,5221.4000,5220.0000,5218.2000,5218.0000,5223.8000,5225.6000,5225.8000,5226.0000,5228.0000,1,1,7,5,1,3,2,4,2,2
SF,IC2009,2020-05-14 09:30:15.400,5221.4000,41106,0,67891720.000,2,1,1,多换,S,5220.0000,5218.2000,5218.0000,5216.0000,5215.2000,5221.4000,5223.6000,5223.8000,5225.6000,5225.8000,7,5,1,1,8,1,2,2,2,4
SF,IC2009,2020-05-14 09:30:15.900,5221.4000,41105,-1,68936000.000,1,0,1,双平,S,5220.2000,5220.0000,5218.2000,5218.0000,5216.0000,5223.6000,5223.8000,5225.6000,5225.8000,5226.0000,5,6,5,1,1,2,2,2,4,2
SF,IC2009,2020-05-14 09:30:16.400,5221.4000,41105,0,68936000.000,0,-,-,-,-,5221.6000,5220.4000,5220.2000,5220.0000,5218.2000,5223.4000,5223.6000,5225.6000,5225.8000,5226.0000,5,1,5,6,5,1,1,2,4,2
SF,IC2009,2020-05-14 09:30:16.900,5221.4000,41104,-1,69980280.000,1,0,1,双平,S,5221.8000,5221.6000,5220.6000,5220.4000,5220.0000,5223.4000,5225.6000,5225.8000,5226.0000,5228.0000,1,5,1,1,6,1,2,4,2,2
SF,IC2009,2020-05-14 09:30:17.400,5221.4000,41104,0,69980280.000,0,-,-,-,-,5223.4000,5221.8000,5221.6000,5220.6000,5220.4000,5225.6000,5225.8000,5226.0000,5228.0000,5228.6000,1,1,5,1,1,1,4,2,2,5
SF,IC2009,2020-05-14 09:30:17.900,5221.4000,41104,0,69980280.000,0,-,-,-,-,5223.6000,5223.4000,5221.8000,5221.6000,5220.6000,5225.4000,5225.6000,5225.8000,5226.0000,5228.0000,1,1,1,5,1,2,2,4,2,2
SF,IC2009,2020-05-14 09:30:18.400,5221.4000,41104,0,69980280.000,0,-,-,-,-,5223.6000,5223.4000,5221.8000,5221.6000,5220.6000,5225.2000,5225.4000,5225.6000,5225.8000,5226.0000,1,1,1,5,1,1,2,1,4,2
SF,IC2009,2020-05-14 09:30:18.900,5221.4000,41104,0,69980280.000,0,-,-,-,-,5223.6000,5223.4000,5221.8000,5221.6000,5220.6000,5225.0000,5225.6000,5225.8000,5226.0000,5228.0000,1,1,1,5,1,3,1,4,2,2
SF,IC2009,2020-05-14 09:30:19.400,5223.4000,41104,0,72069680.000,2,1,1,多换,S,5221.8000,5221.6000,5220.6000,5220.4000,5220.0000,5223.6000,5224.8000,5225.0000,5225.2000,5225.6000,1,5,1,1,6,1,1,3,1,1
SF,IC2009,2020-05-14 09:30:19.900,5223.4000,41104,0,72069680.000,0,-,-,-,-,5221.8000,5221.6000,5220.6000,5220.4000,5220.0000,5223.4000,5223.6000,5224.8000,5225.0000,5225.6000,1,5,1,1,6,3,2,1,1,1
SF,IC2009,2020-05-14 09:30:20.400,5223.4000,41104,0,72069680.000,0,-,-,-,-,5221.8000,5221.6000,5220.6000,5220.4000,5220.0000,5223.2000,5223.4000,5223.6000,5225.0000,5225.6000,1,5,1,1,7,2,4,3,1,1
SF,IC2009,2020-05-14 09:30:20.900,5223.4000,41105,1,73114360.000,1,1,0,双开,S,5221.8000,5221.6000,5220.6000,5220.4000,5220.0000,5222.6000,5223.2000,5223.4000,5223.6000,5225.0000,1,5,1,1,7,1,1,3,3,1
SF,IC2009,2020-05-14 09:30:21.400,5222.6000,41104,-1,74158880.000,1,0,1,双平,S,5221.8000,5221.6000,5220.6000,5220.4000,5220.0000,5223.4000,5223.6000,5225.0000,5225.6000,5225.8000,2,5,1,1,7,3,3,1,1,4
SF,IC2009,2020-05-14 09:30:21.900,5222.6000,41104,0,74158880.000,0,-,-,-,-,5221.8000,5221.6000,5220.6000,5220.4000,5220.0000,5223.4000,5223.6000,5225.0000,5225.6000,5225.8000,2,5,1,1,8,3,3,1,1,4
SF,IC2009,2020-05-14 09:30:22.400,5222.6000,41104,0,74158880.000,0,-,-,-,-,5221.8000,5221.6000,5220.6000,5220.4000,5220.0000,5223.4000,5223.6000,5225.0000,5225.6000,5225.8000,2,5,1,1,8,3,3,1,1,4
SF,IC2009,2020-05-14 09:30:22.900,5222.6000,41104,0,74158880.000,0,-,-,-,-,5223.2000,5221.8000,5221.6000,5220.6000,5220.4000,5223.4000,5223.6000,5225.0000,5225.6000,5225.8000,5,1,5,1,1,3,3,1,1,4
SF,IC2009,2020-05-14 09:30:23.400,5221.8000,41104,0,80426440.000,6,3,3,多换,S,5221.6000,5220.6000,5220.4000,5220.0000,5219.0000,5223.4000,5223.6000,5225.0000,5225.6000,5225.8000,5,1,1,8,1,3,3,1,1,4
SF,IC2009,2020-05-14 09:30:23.900,5221.8000,41104,0,80426440.000,0,-,-,-,-,5222.0000,5221.8000,5221.6000,5220.4000,5220.0000,5223.4000,5223.6000,5225.0000,5225.6000,5225.8000,2,1,5,1,8,3,3,1,1,4
SF,IC2009,2020-05-14 09:30:24.400,5221.8000,41104,0,80426440.000,0,-,-,-,-,5222.6000,5222.2000,5222.0000,5221.6000,5220.4000,5223.4000,5223.6000,5225.0000,5225.6000,5225.8000,1,2,2,5,1,3,3,1,1,4
SF,IC2009,2020-05-14 09:30:24.900,5222.6000,41102,-2,83560000.000,3,0,3,多平,S,5222.2000,5222.0000,5221.6000,5221.0000,5220.4000,5223.4000,5223.6000,5225.0000,5225.6000,5225.8000,2,2,5,1,1,3,3,1,1,4
SF,IC2009,2020-05-14 09:30:25.400,5222.6000,41102,0,83560000.000,0,-,-,-,-,5222.0000,5221.6000,5221.0000,5220.4000,5220.0000,5222.2000,5223.2000,5223.4000,5223.6000,5225.0000,2,5,1,1,8,1,1,3,3,1
SF,IC2009,2020-05-14 09:30:25.900,5222.2000,41101,-1,84604440.000,1,0,1,双平,S,5222.0000,5221.6000,5221.0000,5220.4000,5220.0000,5223.2000,5223.4000,5223.6000,5225.0000,5225.6000,2,5,1,1,8,1,3,3,1,1
SF,IC2009,2020-05-14 09:30:26.400,5223.2000,41101,0,85649080.000,1,0,1,多换,S,5222.0000,5221.6000,5221.0000,5220.4000,5220.0000,5223.4000,5223.6000,5225.0000,5225.6000,5225.8000,2,5,1,1,8,3,3,1,1,4
SF,IC2009,2020-05-14 09:30:26.900,5223.2000,41101,0,85649080.000,0,-,-,-,-,5222.2000,5222.0000,5221.6000,5221.0000,5220.4000,5223.4000,5223.6000,5225.0000,5225.6000,5225.8000,1,2,5,1,1,3,3,1,1,4
SF,IC2009,2020-05-14 09:30:27.400,5223.2000,41101,0,85649080.000,0,-,-,-,-,5223.2000,5222.2000,5222.0000,5221.6000,5221.0000,5223.4000,5223.6000,5225.0000,5225.6000,5225.8000,1,1,2,5,1,3,3,1,1,4
SF,IC2009,2020-05-14 09:30:27.900,5223.2000,41100,-1,86693720.000,1,0,1,双平,S,5222.2000,5222.0000,5221.6000,5221.0000,5220.4000,5223.4000,5223.6000,5225.0000,5225.6000,5225.8000,2,2,5,1,1,3,3,1,1,4
SF,IC2009,2020-05-14 09:30:28.400,5222.2000,41100,0,88782600.000,2,1,1,多换,S,5222.0000,5221.6000,5221.0000,5220.4000,5220.0000,5223.2000,5223.4000,5223.6000,5225.0000,5225.6000,2,5,1,1,8,1,3,3,1,1
SF,IC2009,2020-05-14 09:30:28.900,5222.2000,41100,0,88782600.000,0,-,-,-,-,5222.4000,5222.0000,5221.6000,5221.0000,5220.4000,5223.0000,5223.2000,5223.4000,5223.6000,5225.0000,2,2,5,1,1,2,1,2,3,1
SF,IC2009,2020-05-14 09:30:29.400,5222.4000,41099,-1,90871560.000,2,0,2,多平,S,5222.0000,5221.6000,5221.0000,5220.4000,5220.0000,5222.8000,5223.2000,5223.4000,5223.6000,5225.0000,2,5,1,1,8,1,1,2,3,1
SF,IC2009,2020-05-14 09:30:29.900,5222.4000,41099,0,90871560.000,0,-,-,-,-,5222.0000,5221.6000,5221.0000,5220.4000,5220.0000,5222.6000,5222.8000,5223.2000,5223.4000,5223.6000,2,5,1,1,8,2,3,1,2,3
SF,IC2009,2020-05-14 09:30:30.400,5222.6000,41098,-1,92960560.000,2,0,2,多平,S,5222.0000,5221.6000,5221.0000,5220.4000,5220.0000,5222.8000,5223.2000,5223.4000,5223.6000,5225.0000,2,5,1,1,8,1,1,2,3,1
SF,IC2009,2020-05-14 09:30:30.900,5222.6000,41098,0,94005080.000,1,0,1,多换,S,5222.0000,5221.6000,5221.0000,5220.4000,5220.0000,5222.6000,5222.8000,5223.2000,5223.4000,5223.6000,2,5,1,1,8,1,1,1,2,3
SF,IC2009,2020-05-14 09:30:31.400,5222.6000,41098,0,94005080.000,0,-,-,-,-,5222.0000,5221.6000,5221.0000,5220.4000,5220.0000,5222.6000,5223.2000,5223.4000,5223.6000,5225.0000,2,5,1,1,8,1,1,2,3,1
SF,IC2009,2020-05-14 09:30:32.400,5222.6000,41097,-1,95049600.000,1,0,1,双平,S,5222.0000,5221.6000,5221.0000,5220.4000,5220.0000,5223.2000,5223.4000,5223.6000,5225.0000,5225.6000,2,5,1,1,8,1,2,3,1,1
SF,IC2009,2020-05-14 09:30:32.900,5222.2000,41096,-1,96094040.000,1,0,1,双平,S,5222.0000,5221.6000,5221.0000,5220.4000,5220.0000,5223.2000,5223.4000,5223.6000,5225.0000,5225.6000,2,5,1,1,8,1,2,3,1,1
SF,IC2009,2020-05-14 09:30:33.400,5222.2000,41096,0,96094040.000,0,-,-,-,-,5222.2000,5222.0000,5221.6000,5221.0000,5220.4000,5223.2000,5223.4000,5223.6000,5225.0000,5225.6000,1,2,5,1,1,1,2,3,1,1
SF,IC2009,2020-05-14 09:30:33.900,5222.2000,41096,0,96094040.000,0,-,-,-,-,5222.0000,5221.6000,5221.0000,5220.4000,5220.0000,5222.2000,5223.2000,5223.4000,5223.6000,5225.0000,2,5,1,1,8,1,2,2,3,1
SF,IC2009,2020-05-14 09:30:34.400,5222.2000,41095,-1,97138480.000,1,0,1,双平,S,5222.2000,5222.0000,5221.6000,5221.0000,5220.4000,5223.2000,5223.4000,5223.6000,5225.0000,5225.6000,1,2,5,1,1,2,2,2,1,1
SF,IC2009,2020-05-14 09:30:34.900,5222.2000,41095,0,97138480.000,0,-,-,-,-,5222.0000,5221.6000,5221.0000,5220.4000,5220.0000,5223.2000,5223.4000,5223.6000,5225.0000,5225.6000,2,5,1,1,8,2,2,2,1,1
SF,IC2009,2020-05-14 09:30:35.400,5222.0000,41094,-1,99227280.000,2,0,2,多平,S,5221.6000,5221.0000,5220.4000,5220.0000,5219.0000,5222.8000,5223.0000,5223.2000,5223.4000,5223.6000,5,1,1,8,1,1,1,2,2,2
SF,IC2009,2020-05-14 09:30:36.400,5221.6000,41094,0,102360240.000,3,1,2,多换,S,5221.6000,5221.0000,5220.4000,5220.0000,5219.0000,5222.8000,5223.2000,5223.4000,5223.6000,5225.0000,2,1,1,8,1,3,1,2,2,1
SF,IC2009,2020-05-14 09:30:36.900,5221.6000,41094,0,104448880.000,2,1,1,多换,S,5221.0000,5220.4000,5220.0000,5219.0000,5218.8000,5221.4000,5222.6000,5222.8000,5223.2000,5223.4000,1,1,8,1,3,1,2,2,1,2
SF,IC2009,2020-05-14 09:30:37.400,5221.6000,41093,-1,105493200.000,1,0,1,双平,S,5221.0000,5220.4000,5220.0000,5219.0000,5218.8000,5221.4000,5222.6000,5222.8000,5223.2000,5223.4000,1,1,8,1,3,1,2,2,1,2
SF,IC2009,2020-05-14 09:30:37.900,5221.0000,41092,-1,106537400.000,1,0,1,双平,S,5220.4000,5220.0000,5219.0000,5218.8000,5218.2000,5221.0000,5221.4000,5222.6000,5222.8000,5223.2000,1,8,1,3,5,1,1,2,2,1
SF,IC2009,2020-05-14 09:30:38.400,5221.0000,41092,0,108625800.000,2,1,1,多换,S,5220.0000,5219.0000,5218.8000,5218.2000,5218.0000,5222.6000,5222.8000,5223.2000,5223.4000,5223.6000,8,1,3,5,2,2,2,1,1,1
SF,IC2009,2020-05-14 09:30:38.900,5221.0000,41092,0,108625800.000,0,-,-,-,-,5220.0000,5219.0000,5218.8000,5218.2000,5218.0000,5222.4000,5222.6000,5222.8000,5223.2000,5223.4000,8,1,3,5,2,5,2,2,1,1
SF,IC2009,2020-05-14 09:30:39.400,5221.0000,41092,0,108625800.000,0,-,-,-,-,5221.0000,5220.0000,5219.0000,5218.8000,5218.2000,5221.2000,5222.2000,5222.4000,5222.6000,5222.8000,5,8,1,3,5,1,2,4,1,1
SF,IC2009,2020-05-14 09:30:39.900,5221.0000,41092,0,113846800.000,5,2,3,多换,S,5220.0000,5219.0000,5218.8000,5218.2000,5218.0000,5221.0000,5221.2000,5222.2000,5222.4000,5222.6000,8,1,3,5,2,2,1,1,3,1
SF,IC2009,2020-05-14 09:30:40.400,5220.0000,41090,-2,115935000.000,2,0,2,双平,S,5220.0000,5219.0000,5218.8000,5218.2000,5218.0000,5220.8000,5222.2000,5222.4000,5222.6000,5222.8000,7,1,3,5,2,1,1,3,1,1
SF,IC2009,2020-05-14 09:30:40.900,5220.0000,41090,0,116979000.000,1,0,1,多换,S,5220.0000,5219.0000,5218.8000,5218.2000,5218.0000,5220.6000,5220.8000,5221.0000,5222.2000,5222.4000,7,1,3,5,2,1,2,1,1,3
SF,IC2009,2020-05-14 09:30:41.400,5220.0000,41090,0,118023000.000,1,0,1,多换,S,5220.0000,5219.0000,5218.8000,5218.2000,5218.0000,5220.4000,5220.8000,5221.0000,5222.4000,5222.6000,6,1,3,5,2,1,2,1,3,1
SF,IC2009,2020-05-14 09:30:41.900,5220.2000,41090,0,119067040.000,1,0,1,多换,S,5220.0000,5219.0000,5218.8000,5218.2000,5218.0000,5220.6000,5220.8000,5221.0000,5222.4000,5222.6000,6,1,3,5,2,1,2,1,3,1
SF,IC2009,2020-05-14 09:30:42.400,5220.4000,41089,-1,124287120.000,5,2,3,多平,S,5220.0000,5219.0000,5218.8000,5218.2000,5218.0000,5220.4000,5220.6000,5220.8000,5221.0000,5222.4000,2,1,3,5,2,1,2,4,1,3
SF,IC2009,2020-05-14 09:30:42.900,5220.0000,41087,-2,126375120.000,2,0,2,双平,S,5219.0000,5218.8000,5218.2000,5218.0000,5216.0000,5220.0000,5220.6000,5220.8000,5221.0000,5222.4000,1,3,5,2,1,3,2,4,1,3
SF,IC2009,2020-05-14 09:30:43.400,5220.0000,41087,0,126375120.000,0,-,-,-,-,5219.2000,5219.0000,5218.8000,5218.2000,5218.0000,5219.8000,5220.0000,5220.6000,5220.8000,5221.0000,1,1,3,5,2,1,7,3,4,1
SF,IC2009,2020-05-14 09:30:43.900,5220.0000,41087,0,126375120.000,0,-,-,-,-,5219.0000,5218.8000,5218.2000,5218.0000,5216.0000,5219.2000,5219.8000,5220.0000,5220.6000,5220.8000,1,3,5,2,1,1,1,7,3,4
SF,IC2009,2020-05-14 09:30:44.400,5219.2000,41086,-1,127418960.000,1,0,1,双平,S,5219.6000,5219.4000,5219.2000,5219.0000,5218.8000,5219.8000,5220.0000,5220.6000,5220.8000,5221.0000,1,1,3,1,3,1,3,3,4,1
SF,IC2009,2020-05-14 09:30:44.900,5219.6000,41083,-3,131594640.000,4,0,4,多平,S,5219.2000,5219.0000,5218.8000,5218.2000,5218.0000,5220.0000,5220.6000,5220.8000,5221.0000,5222.4000,2,1,3,5,2,3,2,4,1,3
SF,IC2009,2020-05-14 09:30:45.400,5219.2000,41079,-4,138902200.000,7,1,6,多平,S,5219.2000,5219.0000,5218.8000,5218.2000,5218.0000,5220.8000,5222.4000,5222.6000,5222.8000,5223.4000,1,1,3,5,2,2,3,1,1,1
SF,IC2009,2020-05-14 09:30:45.900,5219.2000,41079,0,138902200.000,0,-,-,-,-,5219.4000,5219.2000,5219.0000,5218.8000,5218.2000,5220.6000,5220.8000,5221.0000,5222.4000,5222.6000,1,2,1,3,5,1,2,1,3,1
SF,IC2009,2020-05-14 09:30:46.400,5219.2000,41079,0,138902200.000,0,-,-,-,-,5219.2000,5219.0000,5218.8000,5218.2000,5218.0000,5219.6000,5220.6000,5220.8000,5221.0000,5222.4000,2,6,3,5,2,1,1,2,1,3
SF,IC2009,2020-05-14 09:30:46.900,5219.6000,41079,0,139946120.000,1,0,1,多换,S,5219.6000,5219.2000,5219.0000,5218.8000,5218.2000,5220.6000,5220.8000,5221.0000,5222.4000,5222.6000,1,1,6,3,5,1,2,1,3,1
SF,IC2009,2020-05-14 09:30:47.400,5219.6000,41079,0,139946120.000,0,-,-,-,-,5219.2000,5219.0000,5218.8000,5218.2000,5218.0000,5219.6000,5220.6000,5220.8000,5221.0000,5222.4000,1,6,3,5,2,5,4,4,1,3
SF,IC2009,2020-05-14 09:30:47.900,5219.6000,41079,0,140990040.000,1,0,1,多换,S,5219.2000,5219.0000,5218.8000,5218.2000,5218.0000,5219.6000,5220.6000,5220.8000,5222.4000,5222.6000,1,6,3,5,2,4,1,2,3,1
SF,IC2009,2020-05-14 09:30:48.400,5219.6000,41079,0,145165720.000,4,2,2,多换,S,5219.2000,5219.0000,5218.8000,5218.2000,5218.0000,5220.6000,5220.8000,5222.4000,5222.6000,5222.8000,1,6,3,5,2,1,2,3,1,1
SF,IC2009,2020-05-14 09:30:48.900,5219.6000,41079,0,145165720.000,0,-,-,-,-,5219.4000,5219.2000,5219.0000,5218.8000,5218.2000,5220.6000,5220.8000,5222.4000,5222.6000,5222.8000,2,1,6,3,5,1,2,3,1,1
SF,IC2009,2020-05-14 09:30:49.400,5219.6000,41078,-1,146209640.000,1,0,1,双平,S,5219.4000,5219.2000,5219.0000,5218.8000,5218.2000,5220.0000,5220.6000,5220.8000,5222.4000,5222.6000,2,6,6,3,5,1,2,1,1,1
SF,IC2009,2020-05-14 09:30:49.900,5220.6000,41077,-1,148297760.000,2,0,2,多平,S,5219.6000,5219.4000,5219.2000,5219.0000,5218.8000,5220.8000,5222.4000,5222.6000,5222.8000,5223.6000,2,2,6,6,3,1,1,1,1,1
SF,IC2009,2020-05-14 09:30:50.400,5220.8000,41076,-1,149341920.000,1,0,1,双平,S,5220.8000,5219.8000,5219.6000,5219.2000,5219.0000,5222.4000,5222.6000,5222.8000,5223.6000,5223.8000,1,3,1,6,6,1,1,1,1,1
SF,IC2009,2020-05-14 09:30:50.900,5220.8000,41076,0,149341920.000,0,-,-,-,-,5220.8000,5219.8000,5219.6000,5219.2000,5219.0000,5222.2000,5222.4000,5222.6000,5222.8000,5223.6000,1,2,1,6,6,2,3,1,1,1
SF,IC2009,2020-05-14 09:30:51.400,5219.4000,41072,-4,156649360.000,7,1,6,多平,S,5219.2000,5219.0000,5218.8000,5218.2000,5218.0000,5222.0000,5222.2000,5222.6000,5222.8000,5223.6000,3,6,3,5,2,1,2,1,1,1
SF,IC2009,2020-05-14 09:30:51.900,5219.4000,41072,0,156649360.000,0,-,-,-,-,5220.8000,5219.2000,5219.0000,5218.8000,5218.2000,5221.8000,5222.0000,5222.6000,5222.8000,5223.6000,1,3,6,3,5,3,1,1,1,1
SF,IC2009,2020-05-14 09:30:52.400,5220.8000,41070,-2,158737680.000,2,0,2,双平,S,5220.8000,5219.2000,5219.0000,5218.8000,5218.2000,5221.6000,5221.8000,5222.6000,5222.8000,5223.6000,4,3,6,3,5,2,3,1,1,1
SF,IC2009,2020-05-14 09:30:52.900,5220.8000,41069,-1,159781840.000,1,0,1,双平,S,5220.8000,5219.2000,5219.0000,5218.8000,5218.2000,5221.6000,5221.8000,5222.6000,5222.8000,5223.6000,3,3,6,3,5,2,3,1,1,1
SF,IC2009,2020-05-14 09:30:53.400,5221.6000,41068,-1,161870320.000,2,0,2,多平,S,5220.8000,5219.6000,5219.2000,5219.0000,5218.8000,5221.6000,5221.8000,5222.6000,5222.8000,5223.6000,2,1,3,6,3,1,3,1,1,1
SF,IC2009,2020-05-14 09:30:53.900,5221.6000,41068,0,161870320.000,0,-,-,-,-,5220.8000,5219.6000,5219.2000,5219.0000,5218.8000,5221.6000,5221.8000,5222.0000,5222.6000,5222.8000,2,1,3,6,3,1,2,3,1,1
SF,IC2009,2020-05-14 09:30:54.400,5221.6000,41068,0,161870320.000,0,-,-,-,-,5220.8000,5219.6000,5219.2000,5219.0000,5218.8000,5221.8000,5222.0000,5222.6000,5222.8000,5223.6000,2,1,3,6,3,2,3,1,1,1
SF,IC2009,2020-05-14 09:30:54.900,5221.8000,41067,-1,162914680.000,1,0,1,双平,S,5220.8000,5219.6000,5219.2000,5219.0000,5218.8000,5222.0000,5222.8000,5223.6000,5223.8000,5225.0000,2,1,3,6,3,3,1,1,1,1
SF,IC2009,2020-05-14 09:30:55.400,5221.0000,41063,-4,167092080.000,4,0,4,双平,S,5220.8000,5219.6000,5219.2000,5219.0000,5218.8000,5222.8000,5223.6000,5223.8000,5225.0000,5225.8000,2,1,3,6,3,1,1,1,1,1
SF,IC2009,2020-05-14 09:30:55.900,5221.0000,41063,0,167092080.000,0,-,-,-,-,5221.0000,5220.8000,5219.6000,5219.2000,5219.0000,5222.0000,5222.6000,5222.8000,5223.6000,5223.8000,1,2,1,3,6,2,2,1,1,1
SF,IC2009,2020-05-14 09:30:56.400,5222.0000,41059,-4,173357880.000,6,1,5,多平,S,5220.8000,5219.6000,5219.2000,5219.0000,5218.8000,5222.6000,5222.8000,5223.6000,5223.8000,5225.0000,1,1,3,6,3,1,1,1,1,1
SF,IC2009,2020-05-14 09:30:56.900,5222.0000,41059,0,173357880.000,0,-,-,-,-,5220.8000,5219.6000,5219.2000,5219.0000,5218.8000,5222.4000,5222.6000,5222.8000,5223.6000,5223.8000,1,1,3,6,3,1,1,1,1,1
SF,IC2009,2020-05-14 09:30:57.400,5222.0000,41059,0,173357880.000,0,-,-,-,-,5220.8000,5219.6000,5219.2000,5219.0000,5218.8000,5222.4000,5222.6000,5222.8000,5223.6000,5223.8000,1,1,3,6,3,1,2,1,1,1
SF,IC2009,2020-05-14 09:30:57.900,5222.0000,41059,0,173357880.000,0,-,-,-,-,5220.8000,5219.6000,5219.2000,5219.0000,5218.8000,5222.8000,5223.6000,5223.8000,5225.0000,5225.8000,1,1,3,6,3,1,1,1,1,1
SF,IC2009,2020-05-14 09:30:58.400,5222.0000,41059,0,173357880.000,0,-,-,-,-,5220.8000,5219.6000,5219.2000,5219.0000,5218.8000,5222.6000,5222.8000,5223.6000,5223.8000,5225.0000,2,1,3,6,3,2,1,1,1,1
SF,IC2009,2020-05-14 09:30:58.900,5222.6000,41058,-1,174402400.000,1,0,1,双平,S,5220.8000,5219.6000,5219.2000,5219.0000,5218.8000,5222.6000,5222.8000,5223.6000,5223.8000,5225.0000,2,1,3,6,3,1,1,1,1,1
SF,IC2009,2020-05-14 09:30:59.400,5222.6000,41058,0,174402400.000,0,-,-,-,-,5221.0000,5220.8000,5219.6000,5219.2000,5219.0000,5222.4000,5222.8000,5223.6000,5223.8000,5225.0000,2,2,1,3,6,2,1,1,1,1
SF,IC2009,2020-05-14 09:30:59.900,5222.6000,41056,-2,176491440.000,2,0,2,双平,S,5221.2000,5221.0000,5220.8000,5219.6000,5219.2000,5222.2000,5222.8000,5223.6000,5223.8000,5225.0000,2,3,1,1,3,1,1,1,1,1
SF,IC2009,2020-05-14 09:31:00.400,5222.6000,41056,0,176491440.000,0,-,-,-,-,5221.0000,5220.8000,5219.6000,5219.2000,5219.0000,5222.8000,5223.6000,5223.8000,5225.0000,5225.8000,2,1,1,3,6,1,1,1,1,1
SF,IC2009,2020-05-14 09:31:00.900,5222.4000,41055,-1,177535920.000,1,0,1,双平,S,5221.0000,5220.8000,5219.6000,5219.2000,5219.0000,5222.6000,5222.8000,5223.6000,5223.8000,5225.0000,2,1,1,3,6,1,2,1,1,1
SF,IC2009,2020-05-14 09:31:01.400,5222.4000,41055,0,177535920.000,0,-,-,-,-,5221.0000,5220.8000,5219.6000,5219.2000,5219.0000,5222.6000,5222.8000,5223.6000,5223.8000,5225.0000,2,1,1,3,6,2,1,1,1,1
SF,IC2009,2020-05-14 09:31:01.900,5222.4000,41055,0,177535920.000,0,-,-,-,-,5221.2000,5221.0000,5220.8000,5219.6000,5219.2000,5222.6000,5222.8000,5223.8000,5225.0000,5225.8000,1,2,1,1,3,1,1,1,1,1
SF,IC2009,2020-05-14 09:31:02.400,5222.4000,41055,0,177535920.000,0,-,-,-,-,5221.2000,5221.0000,5220.8000,5219.6000,5219.2000,5222.6000,5222.8000,5223.8000,5225.0000,5225.8000,1,2,1,1,3,1,1,1,1,1
SF,IC2009,2020-05-14 09:31:03.400,5222.4000,41055,0,177535920.000,0,-,-,-,-,5221.2000,5221.0000,5220.8000,5220.0000,5219.6000,5222.6000,5222.8000,5223.8000,5225.0000,5225.8000,1,2,1,1,1,1,1,1,1,1
SF,IC2009,2020-05-14 09:31:03.900,5222.4000,41055,0,177535920.000,0,-,-,-,-,5222.6000,5221.4000,5221.2000,5221.0000,5220.8000,5222.8000,5223.8000,5225.0000,5225.8000,5228.0000,1,1,2,1,1,1,1,1,1,1
SF,IC2009,2020-05-14 09:31:04.400,5221.4000,41052,-3,180669280.000,3,0,3,双平,S,5221.0000,5220.8000,5220.0000,5219.6000,5219.2000,5222.0000,5222.4000,5222.6000,5223.8000,5225.0000,1,1,1,1,3,1,1,1,1,1
SF,IC2009,2020-05-14 09:31:04.900,5221.2000,41051,-1,181713520.000,1,0,1,双平,S,5221.0000,5220.8000,5220.0000,5219.6000,5219.2000,5222.6000,5223.8000,5225.0000,5225.8000,5228.0000,1,1,1,1,3,1,1,1,1,1
SF,IC2009,2020-05-14 09:31:05.400,5222.6000,41051,0,182758040.000,1,0,1,多换,S,5222.8000,5221.2000,5221.0000,5220.8000,5220.0000,5223.8000,5225.0000,5225.8000,5228.0000,5228.6000,1,1,1,1,1,1,1,1,1,5
SF,IC2009,2020-05-14 09:31:05.900,5222.8000,41050,-1,183802600.000,1,0,1,双平,S,5221.0000,5220.8000,5220.0000,5219.6000,5219.2000,5222.6000,5222.8000,5223.6000,5223.8000,5225.0000,1,1,1,1,3,2,1,2,1,1
SF,IC2009,2020-05-14 09:31:06.400,5222.8000,41049,-1,185891720.000,2,0,2,多平,S,5221.2000,5221.0000,5220.8000,5220.0000,5219.6000,5222.0000,5222.8000,5223.6000,5223.8000,5225.0000,1,1,1,1,1,1,1,1,1,1
SF,IC2009,2020-05-14 09:31:06.900,5223.6000,41048,-1,187980840.000,2,0,2,多平,S,5222.0000,5221.0000,5220.8000,5220.0000,5219.6000,5223.8000,5225.0000,5225.8000,5228.0000,5228.6000,1,1,1,1,1,1,1,1,1,5
SF,IC2009,2020-05-14 09:31:07.400,5223.6000,41048,0,187980840.000,0,-,-,-,-,5222.0000,5221.6000,5221.0000,5220.8000,5220.0000,5223.6000,5223.8000,5225.0000,5225.8000,5228.0000,1,1,1,1,1,5,1,1,1,1
SF,IC2009,2020-05-14 09:31:07.900,5223.6000,41048,0,187980840.000,0,-,-,-,-,5222.0000,5221.6000,5221.0000,5220.8000,5220.0000,5223.4000,5223.6000,5223.8000,5225.0000,5225.8000,1,1,1,1,1,4,2,1,1,1
SF,IC2009,2020-05-14 09:31:08.400,5223.6000,41048,0,187980840.000,0,-,-,-,-,5222.0000,5221.6000,5221.0000,5220.8000,5220.0000,5223.2000,5223.4000,5223.6000,5223.8000,5225.0000,3,1,1,1,1,2,2,1,1,1
SF,IC2009,2020-05-14 09:31:08.900,5222.2000,41046,-2,190069920.000,2,0,2,双平,S,5222.0000,5221.6000,5221.0000,5220.8000,5220.0000,5223.4000,5223.6000,5223.8000,5225.0000,5225.8000,2,1,1,1,1,2,1,1,1,1
SF,IC2009,2020-05-14 09:31:09.400,5223.4000,41044,-2,192159280.000,2,0,2,双平,S,5222.2000,5222.0000,5221.6000,5221.0000,5220.8000,5223.8000,5225.0000,5225.8000,5228.0000,5228.6000,2,1,1,1,1,1,1,1,1,5
SF,IC2009,2020-05-14 09:31:09.900,5223.4000,41044,0,192159280.000,0,-,-,-,-,5222.2000,5222.0000,5221.6000,5221.0000,5220.8000,5223.8000,5225.0000,5225.8000,5228.0000,5228.6000,2,1,1,1,1,1,1,1,1,5
SF,IC2009,2020-05-14 09:31:10.900,5223.4000,41044,0,192159280.000,0,-,-,-,-,5222.2000,5222.0000,5221.6000,5221.0000,5220.8000,5223.8000,5225.0000,5225.8000,5228.0000,5228.6000,2,1,1,1,1,1,1,1,1,5
SF,IC2009,2020-05-14 09:31:11.400,5223.4000,41044,0,192159280.000,0,-,-,-,-,5223.0000,5222.2000,5221.6000,5221.0000,5220.8000,5223.8000,5225.0000,5225.8000,5228.0000,5228.6000,1,1,1,1,1,1,1,1,1,5
SF,IC2009,2020-05-14 09:31:11.900,5223.4000,41044,0,192159280.000,0,-,-,-,-,5222.8000,5221.6000,5221.0000,5220.8000,5220.0000,5223.0000,5223.8000,5225.0000,5225.8000,5228.0000,1,1,1,1,3,1,1,1,1,1
SF,IC2009,2020-05-14 09:31:12.400,5223.2000,41042,-2,194248600.000,2,0,2,双平,S,5222.8000,5221.6000,5221.0000,5220.8000,5220.0000,5223.8000,5225.0000,5225.8000,5228.0000,5228.6000,1,1,1,1,3,1,1,1,1,5
SF,IC2009,2020-05-14 09:31:13.900,5222.8000,41042,0,195293160.000,1,0,1,多换,S,5221.6000,5221.0000,5220.8000,5220.0000,5219.6000,5223.8000,5225.0000,5225.8000,5228.0000,5228.6000,1,1,1,3,1,1,1,1,1,5
SF,IC2009,2020-05-14 09:31:14.400,5223.8000,41042,0,196337920.000,1,0,1,多换,S,5223.2000,5222.0000,5221.8000,5221.6000,5221.0000,5225.0000,5225.8000,5228.0000,5228.6000,5229.0000,1,1,1,1,3,1,1,1,5,3
SF,IC2009,2020-05-14 09:31:14.900,5223.8000,41042,0,196337920.000,0,-,-,-,-,5222.0000,5221.8000,5221.6000,5221.0000,5220.8000,5223.8000,5224.8000,5225.0000,5225.8000,5228.0000,1,1,1,3,1,1,2,2,1,1
SF,IC2009,2020-05-14 09:31:15.400,5223.8000,41042,0,196337920.000,0,-,-,-,-,5222.2000,5222.0000,5221.8000,5221.6000,5221.0000,5225.0000,5225.8000,5228.0000,5228.6000,5229.0000,1,1,1,1,3,1,1,1,5,3
SF,IC2009,2020-05-14 09:31:15.900,5223.8000,41042,0,196337920.000,0,-,-,-,-,5222.4000,5222.0000,5221.6000,5221.0000,5220.8000,5224.8000,5225.0000,5225.8000,5228.0000,5228.6000,1,1,1,3,1,1,1,1,1,5
SF,IC2009,2020-05-14 09:31:16.400,5223.8000,41042,0,196337920.000,0,-,-,-,-,5224.0000,5222.4000,5222.0000,5221.6000,5221.0000,5224.8000,5225.0000,5225.8000,5228.0000,5228.6000,1,1,1,1,3,1,1,1,1,5
SF,IC2009,2020-05-14 09:31:16.900,5224.0000,41041,-1,197382720.000,1,0,1,双平,S,5222.4000,5222.0000,5221.6000,5221.0000,5220.8000,5224.4000,5224.8000,5225.0000,5225.8000,5228.0000,3,1,1,3,1,1,1,1,1,1
SF,IC2009,2020-05-14 09:31:17.400,5224.0000,41041,0,197382720.000,0,-,-,-,-,5222.6000,5222.4000,5222.0000,5221.6000,5221.0000,5224.8000,5225.0000,5225.8000,5228.0000,5228.6000,1,3,1,1,3,1,1,1,1,5
SF,IC2009,2020-05-14 09:31:17.900,5224.0000,41041,0,197382720.000,0,-,-,-,-,5222.4000,5222.0000,5221.6000,5221.0000,5220.8000,5224.8000,5225.0000,5225.8000,5228.0000,5228.6000,3,1,1,4,1,1,1,1,1,5
SF,IC2009,2020-05-14 09:31:18.400,5224.0000,41041,0,197382720.000,0,-,-,-,-,5224.0000,5222.4000,5222.0000,5221.6000,5221.0000,5224.8000,5225.0000,5225.8000,5228.0000,5228.6000,1,2,1,1,4,1,1,1,1,5
SF,IC2009,2020-05-14 09:31:18.900,5224.0000,41041,0,197382720.000,0,-,-,-,-,5222.6000,5222.4000,5222.0000,5221.6000,5221.0000,5225.0000,5225.8000,5228.0000,5228.6000,5229.0000,2,1,1,1,4,1,1,1,5,3
SF,IC2009,2020-05-14 09:31:19.400,5224.0000,41041,0,197382720.000,0,-,-,-,-,5222.8000,5222.6000,5222.0000,5221.6000,5221.0000,5225.0000,5225.8000,5228.0000,5228.6000,5229.0000,2,2,1,1,4,1,1,1,5,3
SF,IC2009,2020-05-14 09:31:19.900,5224.0000,41041,0,197382720.000,0,-,-,-,-,5224.6000,5222.8000,5222.6000,5222.0000,5221.6000,5224.8000,5225.0000,5225.8000,5228.0000,5228.6000,1,2,2,1,1,1,1,1,1,5
SF,IC2009,2020-05-14 09:31:20.400,5224.0000,41041,0,197382720.000,0,-,-,-,-,5223.0000,5222.8000,5222.6000,5222.0000,5221.6000,5225.0000,5225.8000,5228.0000,5228.6000,5229.0000,1,2,1,1,1,1,1,1,5,3
SF,IC2009,2020-05-14 09:31:20.900,5224.0000,41041,0,197382720.000,0,-,-,-,-,5223.2000,5223.0000,5222.8000,5222.6000,5222.0000,5225.0000,5225.8000,5228.0000,5228.6000,5229.0000,2,1,1,1,1,1,1,1,5,3
SF,IC2009,2020-05-14 09:31:21.400,5225.0000,41042,1,198427720.000,1,1,0,双开,S,5223.2000,5223.0000,5222.8000,5222.6000,5222.0000,5225.8000,5228.0000,5228.6000,5229.0000,5229.6000,2,1,1,1,1,1,1,5,3,1
SF,IC2009,2020-05-14 09:31:21.900,5225.0000,41042,0,198427720.000,0,-,-,-,-,5223.2000,5223.0000,5222.8000,5222.0000,5221.6000,5225.6000,5225.8000,5228.0000,5228.6000,5229.0000,1,1,1,1,1,1,1,1,5,3
SF,IC2009,2020-05-14 09:31:22.400,5225.0000,41042,0,198427720.000,0,-,-,-,-,5223.2000,5222.8000,5222.0000,5221.6000,5221.0000,5225.6000,5225.8000,5228.0000,5228.6000,5229.0000,1,1,1,1,4,1,1,1,5,3
SF,IC2009,2020-05-14 09:31:22.900,5225.0000,41042,0,198427720.000,0,-,-,-,-,5223.2000,5222.8000,5222.0000,5221.6000,5221.0000,5225.2000,5225.6000,5225.8000,5228.0000,5228.6000,1,1,1,1,4,3,1,1,1,5
SF,IC2009,2020-05-14 09:31:23.400,5225.0000,41042,0,198427720.000,0,-,-,-,-,5222.8000,5222.0000,5221.6000,5221.0000,5220.8000,5225.0000,5225.2000,5225.8000,5228.0000,5228.6000,1,1,1,4,1,2,3,1,1,5
SF,IC2009,2020-05-14 09:31:23.900,5225.0000,41042,0,198427720.000,0,-,-,-,-,5222.0000,5221.6000,5221.0000,5220.8000,5220.2000,5224.4000,5225.0000,5225.2000,5225.8000,5228.0000,1,1,4,1,1,1,2,3,1,1
SF,IC2009,2020-05-14 09:31:24.400,5225.0000,41042,0,198427720.000,0,-,-,-,-,5222.2000,5222.0000,5221.6000,5221.0000,5220.8000,5224.4000,5225.0000,5225.2000,5225.8000,5228.0000,1,1,1,4,1,2,1,4,1,1
SF,IC2009,2020-05-14 09:31:24.900,5225.0000,41042,0,198427720.000,0,-,-,-,-,5222.2000,5222.0000,5221.6000,5221.0000,5220.8000,5224.4000,5225.0000,5225.2000,5225.8000,5228.0000,1,1,1,4,1,1,1,4,1,1
SF,IC2009,2020-05-14 09:31:25.400,5225.0000,41042,0,198427720.000,0,-,-,-,-,5223.4000,5222.2000,5222.0000,5221.6000,5221.0000,5224.2000,5224.4000,5225.2000,5225.8000,5228.0000,1,1,1,1,4,1,1,4,1,1
SF,IC2009,2020-05-14 09:31:25.900,5223.4000,41041,-1,199472400.000,1,0,1,双平,S,5222.2000,5222.0000,5221.6000,5221.0000,5220.8000,5223.4000,5224.2000,5224.4000,5225.2000,5225.8000,1,1,1,4,1,1,1,1,4,1
SF,IC2009,2020-05-14 09:31:26.400,5223.4000,41041,0,200517080.000,1,0,1,多换,S,5222.4000,5222.2000,5222.0000,5221.6000,5221.0000,5225.2000,5225.4000,5225.8000,5228.0000,5228.6000,1,1,1,1,4,4,1,1,1,5
SF,IC2009,2020-05-14 09:31:26.900,5223.4000,41042,1,201561760.000,1,1,0,双开,S,5224.4000,5222.6000,5222.0000,5221.6000,5221.0000,5225.0000,5225.2000,5225.4000,5225.8000,5227.2000,1,1,1,1,4,1,4,1,1,1
SF,IC2009,2020-05-14 09:31:27.400,5222.0000,41040,-2,206784680.000,5,1,4,多平,S,5221.6000,5221.0000,5220.8000,5220.2000,5220.0000,5223.6000,5224.4000,5224.8000,5225.0000,5225.2000,1,4,1,1,2,1,1,1,1,4
SF,IC2009,2020-05-14 09:31:27.900,5223.6000,41039,-1,207829400.000,1,0,1,双平,S,5221.8000,5221.6000,5221.0000,5220.8000,5220.2000,5224.4000,5225.0000,5225.2000,5225.4000,5225.8000,2,1,4,1,1,1,1,4,1,1
SF,IC2009,2020-05-14 09:31:28.400,5223.6000,41039,0,208874120.000,1,0,1,多换,S,5222.4000,5221.8000,5221.6000,5221.0000,5220.8000,5223.6000,5224.2000,5224.4000,5225.0000,5225.2000,1,1,1,4,1,1,1,1,1,4
SF,IC2009,2020-05-14 09:31:28.900,5223.6000,41039,0,208874120.000,0,-,-,-,-,5222.4000,5222.2000,5221.8000,5221.6000,5221.0000,5223.6000,5224.2000,5224.4000,5225.0000,5225.2000,2,2,1,1,4,1,1,1,1,4
SF,IC2009,2020-05-14 09:31:29.400,5223.6000,41039,0,208874120.000,0,-,-,-,-,5222.4000,5221.8000,5221.6000,5221.0000,5220.8000,5223.6000,5224.2000,5225.0000,5225.2000,5225.4000,2,1,1,4,1,1,1,1,4,1
SF,IC2009,2020-05-14 09:31:29.900,5223.6000,41039,0,208874120.000,0,-,-,-,-,5222.4000,5221.8000,5221.6000,5221.0000,5220.8000,5223.4000,5223.6000,5224.2000,5225.0000,5225.2000,1,1,1,4,1,1,1,1,1,4
SF,IC2009,2020-05-14 09:31:30.400,5223.6000,41039,0,209918840.000,1,0,1,多换,S,5222.4000,5221.8000,5221.6000,5221.2000,5221.0000,5223.2000,5223.6000,5224.2000,5225.0000,5225.2000,1,1,1,2,4,3,1,1,1,4
SF,IC2009,2020-05-14 09:31:30.900,5223.0000,41038,-1,212007920.000,2,0,2,多平,S,5221.8000,5221.6000,5221.2000,5221.0000,5220.8000,5223.2000,5223.4000,5224.2000,5225.0000,5225.2000,1,1,2,4,1,4,1,1,1,4
SF,IC2009,2020-05-14 09:31:31.400,5223.0000,41038,0,212007920.000,0,-,-,-,-,5222.8000,5222.4000,5221.6000,5221.0000,5220.8000,5223.0000,5223.2000,5223.4000,5225.0000,5225.2000,1,1,1,4,1,1,4,1,1,4
SF,IC2009,2020-05-14 09:31:31.900,5222.8000,41037,-1,213052480.000,1,0,1,双平,S,5222.4000,5221.6000,5221.0000,5220.8000,5220.2000,5222.6000,5223.0000,5223.2000,5223.4000,5225.0000,1,1,4,1,1,1,2,3,1,1
SF,IC2009,2020-05-14 09:31:32.400,5223.0000,41036,-1,215141560.000,2,0,2,多平,S,5221.6000,5221.0000,5220.8000,5220.2000,5220.0000,5223.0000,5223.2000,5223.4000,5225.0000,5225.2000,1,4,1,1,2,1,3,1,1,4
SF,IC2009,2020-05-14 09:31:32.900,5223.0000,41036,0,215141560.000,0,-,-,-,-,5221.8000,5221.6000,5221.0000,5220.8000,5220.2000,5223.0000,5223.2000,5223.4000,5225.0000,5225.2000,1,1,4,1,3,1,3,1,1,4
SF,IC2009,2020-05-14 09:31:33.400,5223.0000,41035,-1,216186160.000,1,0,1,双平,S,5221.8000,5221.6000,5221.0000,5220.8000,5220.2000,5223.2000,5223.4000,5225.0000,5225.2000,5225.8000,1,1,4,1,3,3,1,1,4,1
SF,IC2009,2020-05-14 09:31:33.900,5222.0000,41033,-2,218274960.000,2,0,2,双平,S,5221.8000,5221.6000,5221.0000,5220.8000,5220.2000,5223.0000,5223.2000,5225.0000,5225.2000,5225.8000,1,1,4,1,3,2,3,1,4,1
SF,IC2009,2020-05-14 09:31:34.400,5222.0000,41033,0,218274960.000,0,-,-,-,-,5221.8000,5221.6000,5221.0000,5220.8000,5220.2000,5223.2000,5225.0000,5225.2000,5225.8000,5228.0000,1,1,4,1,3,3,1,4,1,1
SF,IC2009,2020-05-14 09:31:34.900,5223.2000,41029,-4,224542600.000,6,1,5,多平,S,5223.2000,5222.2000,5221.8000,5221.6000,5221.0000,5225.0000,5225.2000,5225.8000,5228.0000,5228.6000,4,1,1,1,3,1,4,1,1,5
SF,IC2009,2020-05-14 09:31:35.400,5223.2000,41029,0,225587240.000,1,0,1,多换,S,5223.2000,5222.2000,5221.8000,5221.6000,5221.0000,5224.8000,5225.0000,5225.2000,5225.8000,5228.0000,4,1,1,1,3,3,2,4,1,1
SF,IC2009,2020-05-14 09:31:35.900,5223.2000,41029,0,225587240.000,0,-,-,-,-,5223.4000,5223.2000,5222.2000,5221.6000,5221.0000,5224.8000,5225.0000,5225.2000,5225.8000,5228.0000,3,4,1,1,3,2,1,4,1,1
SF,IC2009,2020-05-14 09:31:36.400,5224.8000,41029,0,226632200.000,1,0,1,多换,S,5223.4000,5223.2000,5222.2000,5221.6000,5221.0000,5225.0000,5225.2000,5225.8000,5228.0000,5228.6000,3,4,1,1,3,1,4,1,1,5
SF,IC2009,2020-05-14 09:31:36.900,5224.8000,41029,0,226632200.000,0,-,-,-,-,5223.6000,5223.4000,5223.2000,5222.2000,5221.6000,5224.8000,5225.0000,5225.2000,5225.8000,5228.0000,1,1,4,1,2,1,1,4,1,1
SF,IC2009,2020-05-14 09:31:37.400,5224.8000,41029,0,226632200.000,0,-,-,-,-,5223.6000,5223.4000,5223.2000,5222.2000,5221.6000,5224.8000,5225.0000,5225.2000,5228.0000,5228.6000,1,1,4,1,2,1,1,4,1,5
SF,IC2009,2020-05-14 09:31:38.400,5224.8000,41029,0,226632200.000,0,-,-,-,-,5223.6000,5223.4000,5223.2000,5223.0000,5222.2000,5224.8000,5225.0000,5225.2000,5228.0000,5228.6000,1,1,4,1,1,1,1,4,1,5
SF,IC2009,2020-05-14 09:31:38.900,5224.8000,41029,0,226632200.000,0,-,-,-,-,5223.4000,5223.2000,5223.0000,5222.2000,5222.0000,5224.8000,5225.0000,5225.2000,5228.0000,5228.6000,1,4,1,1,1,1,1,4,1,5
SF,IC2009,2020-05-14 09:31:39.400,5224.8000,41029,0,226632200.000,0,-,-,-,-,5223.4000,5223.2000,5223.0000,5222.2000,5222.0000,5224.6000,5224.8000,5225.0000,5225.2000,5228.0000,1,4,1,1,1,1,1,1,3,1
SF,IC2009,2020-05-14 09:31:39.900,5224.8000,41029,0,226632200.000,0,-,-,-,-,5223.4000,5223.2000,5223.0000,5222.0000,5221.6000,5223.6000,5224.6000,5224.8000,5225.0000,5225.2000,1,4,1,1,2,3,2,2,1,3
SF,IC2009,2020-05-14 09:31:40.400,5223.4000,41028,-1,227676880.000,1,0,1,双平,S,5223.2000,5223.0000,5222.0000,5221.6000,5221.0000,5223.6000,5224.6000,5224.8000,5225.0000,5225.2000,4,1,1,2,3,3,2,2,1,3
SF,IC2009,2020-05-14 09:31:40.900,5223.4000,41028,0,227676880.000,0,-,-,-,-,5223.4000,5223.2000,5223.0000,5222.0000,5221.6000,5223.6000,5224.6000,5224.8000,5225.0000,5225.2000,1,4,1,1,2,3,1,2,1,3
SF,IC2009,2020-05-14 09:31:41.400,5223.6000,41027,-1,228721600.000,1,0,1,双平,S,5223.4000,5223.2000,5223.0000,5222.0000,5221.6000,5223.6000,5224.6000,5224.8000,5225.0000,5225.2000,1,4,1,1,2,2,1,2,1,3
SF,IC2009,2020-05-14 09:31:41.900,5223.6000,41025,-2,230811040.000,2,0,2,双平,S,5223.6000,5223.4000,5223.2000,5223.0000,5222.0000,5224.6000,5224.8000,5225.0000,5225.2000,5228.0000,2,1,4,1,1,1,2,1,3,1
SF,IC2009,2020-05-14 09:31:42.400,5223.6000,41023,-2,232900480.000,2,0,2,双平,S,5223.4000,5223.2000,5223.0000,5222.0000,5221.6000,5223.6000,5224.6000,5224.8000,5225.0000,5225.2000,1,4,1,1,2,1,1,1,1,3
SF,IC2009,2020-05-14 09:31:42.900,5223.6000,41022,-1,233945200.000,1,0,1,双平,S,5223.6000,5223.2000,5223.0000,5222.0000,5221.6000,5224.6000,5224.8000,5225.0000,5225.2000,5228.0000,1,4,1,1,2,1,1,1,3,1
SF,IC2009,2020-05-14 09:31:43.400,5223.6000,41022,0,233945200.000,0,-,-,-,-,5223.2000,5223.0000,5222.0000,5221.6000,5221.0000,5224.6000,5224.8000,5225.0000,5225.2000,5228.0000,4,1,1,2,3,1,1,1,3,1
SF,IC2009,2020-05-14 09:31:43.900,5223.6000,41022,0,233945200.000,0,-,-,-,-,5223.4000,5223.2000,5223.0000,5222.0000,5221.6000,5224.6000,5224.8000,5225.0000,5225.2000,5228.0000,1,4,1,1,2,1,1,1,3,1
SF,IC2009,2020-05-14 09:31:44.400,5223.6000,41022,0,233945200.000,0,-,-,-,-,5223.6000,5223.2000,5223.0000,5222.0000,5221.6000,5224.0000,5224.6000,5224.8000,5225.0000,5225.2000,2,4,1,1,2,1,3,1,1,3
SF,IC2009,2020-05-14 09:31:44.900,5224.0000,41021,-1,234990000.000,1,0,1,双平,S,5223.6000,5223.2000,5223.0000,5222.0000,5221.6000,5224.6000,5224.8000,5225.0000,5225.2000,5228.0000,2,4,1,1,2,1,1,1,3,1
SF,IC2009,2020-05-14 09:31:45.400,5224.0000,41021,0,234990000.000,0,-,-,-,-,5223.2000,5223.0000,5222.0000,5221.6000,5221.0000,5224.6000,5224.8000,5225.0000,5225.2000,5228.0000,4,1,1,2,3,1,1,1,3,1
SF,IC2009,2020-05-14 09:31:45.900,5223.2000,41021,0,236034640.000,1,0,1,多换,S,5223.2000,5223.0000,5222.0000,5221.6000,5221.0000,5224.4000,5224.6000,5225.0000,5225.2000,5228.0000,3,1,1,2,3,1,2,1,3,1
SF,IC2009,2020-05-14 09:31:46.400,5223.2000,41021,0,236034640.000,0,-,-,-,-,5223.2000,5223.0000,5222.0000,5221.6000,5221.0000,5224.4000,5224.6000,5225.0000,5225.2000,5228.0000,3,1,1,2,3,1,1,1,3,1
SF,IC2009,2020-05-14 09:31:47.400,5223.2000,41021,0,239168560.000,3,1,2,多换,S,5223.0000,5222.0000,5221.6000,5221.0000,5220.8000,5223.2000,5223.6000,5224.4000,5224.6000,5225.0000,1,1,2,3,1,2,4,1,1,1
SF,IC2009,2020-05-14 09:31:47.900,5223.6000,41019,-2,242302560.000,3,0,3,多平,S,5223.4000,5223.2000,5223.0000,5222.0000,5221.6000,5223.6000,5224.4000,5224.6000,5225.0000,5225.2000,1,2,1,1,2,3,1,1,1,3
SF,IC2009,2020-05-14 09:31:48.400,5223.6000,41020,1,243347280.000,1,1,0,双开,S,5223.2000,5223.0000,5222.0000,5221.6000,5221.0000,5223.4000,5223.6000,5224.4000,5224.6000,5225.0000,2,1,1,2,3,5,2,1,1,1
SF,IC2009,2020-05-14 09:31:48.900,5223.4000,41016,-4,247526120.000,4,0,4,双平,S,5223.2000,5223.0000,5222.0000,5221.6000,5221.0000,5223.4000,5223.6000,5224.6000,5225.0000,5225.2000,2,1,2,2,3,1,2,1,1,3
SF,IC2009,2020-05-14 09:31:49.400,5223.6000,41015,-1,249615520.000,2,0,2,多平,S,5223.2000,5223.0000,5222.0000,5221.6000,5221.0000,5223.6000,5224.6000,5225.0000,5225.2000,5228.0000,2,1,2,2,3,1,1,1,3,1
SF,IC2009,2020-05-14 09:31:49.900,5223.2000,41013,-2,251704800.000,2,0,2,双平,S,5223.0000,5222.0000,5221.6000,5221.0000,5220.8000,5223.2000,5223.6000,5224.6000,5225.0000,5225.2000,1,2,2,3,1,3,1,1,1,3
SF,IC2009,2020-05-14 09:31:50.400,5223.2000,41013,0,253794040.000,2,1,1,多换,S,5222.0000,5221.6000,5221.0000,5220.8000,5220.2000,5223.2000,5223.6000,5224.6000,5225.0000,5225.2000,2,2,3,1,1,8,1,1,1,3
SF,IC2009,2020-05-14 09:31:50.900,5223.2000,41013,0,253794040.000,0,-,-,-,-,5222.0000,5221.6000,5221.0000,5220.8000,5220.2000,5223.0000,5223.2000,5223.6000,5224.6000,5225.0000,2,2,3,1,1,1,8,1,1,1
SF,IC2009,2020-05-14 09:31:51.400,5223.2000,41013,0,253794040.000,0,-,-,-,-,5222.8000,5222.2000,5222.0000,5221.6000,5221.0000,5223.0000,5223.2000,5223.6000,5224.6000,5225.0000,1,2,2,2,3,1,8,1,1,1
SF,IC2009,2020-05-14 09:31:51.900,5223.2000,41013,0,253794040.000,0,-,-,-,-,5222.8000,5222.2000,5222.0000,5221.6000,5221.0000,5223.2000,5223.6000,5224.6000,5225.0000,5225.2000,1,1,2,2,3,8,1,1,1,3
SF,IC2009,2020-05-14 09:31:52.400,5223.2000,41013,0,254838680.000,1,0,1,多换,S,5222.2000,5222.0000,5221.6000,5221.0000,5220.8000,5223.2000,5223.6000,5224.6000,5225.0000,5225.2000,1,2,2,3,1,7,1,1,1,3
SF,IC2009,2020-05-14 09:31:52.900,5223.2000,41013,0,254838680.000,0,-,-,-,-,5223.0000,5222.2000,5222.0000,5221.6000,5221.0000,5223.2000,5223.6000,5224.6000,5225.0000,5225.2000,1,1,2,2,3,7,1,1,1,3
SF,IC2009,2020-05-14 09:31:53.400,5223.0000,41012,-1,255883280.000,1,0,1,双平,S,5222.2000,5222.0000,5221.6000,5221.0000,5220.8000,5223.2000,5223.6000,5224.6000,5225.0000,5225.2000,1,2,2,5,1,7,1,1,1,3
SF,IC2009,2020-05-14 09:31:53.900,5222.2000,41011,-1,256927720.000,1,0,1,双平,S,5222.0000,5221.6000,5221.0000,5220.8000,5220.2000,5222.2000,5223.2000,5223.6000,5224.6000,5225.0000,2,2,5,1,1,4,7,1,1,1
SF,IC2009,2020-05-14 09:31:54.400,5223.2000,41007,-4,262150120.000,5,0,5,多平,S,5222.6000,5222.2000,5222.0000,5221.6000,5221.0000,5223.2000,5223.6000,5224.6000,5225.0000,5225.2000,1,4,2,2,5,6,1,1,1,3
SF,IC2009,2020-05-14 09:31:54.900,5222.6000,41006,-1,263194640.000,1,0,1,双平,S,5222.2000,5222.0000,5221.6000,5221.0000,5220.8000,5222.6000,5223.0000,5223.2000,5223.6000,5224.6000,2,2,2,5,1,1,3,6,1,1
SF,IC2009,2020-05-14 09:31:55.400,5222.2000,41004,-2,265283520.000,2,0,2,双平,S,5222.0000,5221.6000,5221.0000,5220.8000,5220.2000,5222.2000,5223.0000,5223.2000,5223.6000,5224.6000,2,2,5,1,1,6,3,6,1,1
SF,IC2009,2020-05-14 09:31:55.900,5222.2000,41003,-1,269461160.000,4,1,3,多平,S,5221.6000,5221.0000,5220.8000,5220.2000,5220.0000,5222.0000,5222.2000,5223.0000,5223.2000,5223.6000,2,3,1,1,3,1,4,3,6,1
SF,IC2009,2020-05-14 09:31:56.400,5222.0000,41003,0,271550000.000,2,1,1,多换,S,5221.6000,5221.0000,5220.8000,5220.2000,5220.0000,5222.0000,5222.2000,5222.8000,5223.0000,5223.2000,2,3,1,1,3,2,4,1,3,6
SF,IC2009,2020-05-14 09:31:56.900,5221.6000,41002,-1,273638640.000,2,0,2,多平,S,5221.0000,5220.8000,5220.2000,5220.0000,5219.8000,5221.4000,5221.6000,5222.0000,5222.2000,5222.8000,3,1,1,3,1,1,6,2,4,1
SF,IC2009,2020-05-14 09:31:57.400,5221.6000,40995,-7,284081600.000,10,1,9,多平,S,5221.6000,5221.2000,5221.0000,5220.8000,5220.2000,5222.0000,5222.2000,5222.8000,5223.0000,5223.2000,8,1,2,1,1,2,5,1,3,6
SF,IC2009,2020-05-14 09:31:57.900,5221.6000,40994,-1,286170240.000,2,0,2,多平,S,5221.6000,5221.0000,5220.8000,5220.2000,5220.0000,5222.0000,5222.2000,5222.6000,5222.8000,5223.0000,6,1,1,1,3,2,5,1,1,3
SF,IC2009,2020-05-14 09:31:58.400,5222.0000,40993,-1,291391920.000,5,2,3,多平,S,5221.6000,5221.0000,5220.8000,5220.2000,5220.0000,5222.0000,5222.2000,5222.6000,5222.8000,5223.0000,7,1,1,1,3,1,5,1,1,4
SF,IC2009,2020-05-14 09:31:58.900,5221.6000,40992,-1,296613520.000,5,2,3,多平,S,5221.6000,5221.0000,5220.8000,5220.2000,5220.0000,5222.0000,5222.2000,5222.6000,5222.8000,5223.0000,2,1,1,1,3,1,5,1,1,4
SF,IC2009,2020-05-14 09:31:59.400,5221.6000,40991,-1,300790680.000,4,1,3,多平,S,5220.8000,5220.2000,5220.0000,5219.8000,5219.6000,5221.6000,5222.0000,5222.2000,5222.6000,5222.8000,1,1,3,3,1,4,2,5,1,1
SF,IC2009,2020-05-14 09:31:59.900,5221.6000,40991,0,300790680.000,0,-,-,-,-,5220.8000,5220.2000,5220.0000,5219.8000,5219.6000,5221.6000,5222.0000,5222.2000,5222.6000,5222.8000,1,1,3,3,1,4,2,5,1,1
SF,IC2009,2020-05-14 09:32:00.400,5222.0000,40990,-1,302879240.000,2,0,2,多平,S,5220.2000,5220.0000,5219.8000,5219.6000,5219.2000,5222.0000,5222.2000,5222.6000,5222.8000,5223.0000,1,3,1,1,3,1,5,1,1,4
SF,IC2009,2020-05-14 09:32:00.900,5222.0000,40990,0,302879240.000,0,-,-,-,-,5220.6000,5220.4000,5220.2000,5220.0000,5219.8000,5222.0000,5222.2000,5222.6000,5222.8000,5223.0000,1,4,1,3,1,1,5,1,1,4
SF,IC2009,2020-05-14 09:32:01.400,5222.0000,40990,0,302879240.000,0,-,-,-,-,5220.8000,5220.6000,5220.4000,5220.2000,5220.0000,5221.6000,5222.0000,5222.2000,5222.6000,5222.8000,4,1,2,1,3,3,1,5,1,1
SF,IC2009,2020-05-14 09:32:01.900,5222.0000,40987,-3,307056600.000,4,0,4,多平,S,5221.0000,5220.8000,5220.6000,5220.4000,5220.2000,5222.2000,5222.6000,5222.8000,5223.0000,5223.2000,4,4,2,2,1,5,1,1,4,6
SF,IC2009,2020-05-14 09:32:02.400,5222.2000,40987,0,309145480.000,2,1,1,多换,S,5221.2000,5221.0000,5220.8000,5220.6000,5220.2000,5222.2000,5222.6000,5222.8000,5223.0000,5223.2000,6,5,4,1,6,2,1,1,4,6
SF,IC2009,2020-05-14 09:32:02.900,5222.2000,40983,-4,313323240.000,4,0,4,双平,S,5222.2000,5221.2000,5221.0000,5220.8000,5220.2000,5222.6000,5222.8000,5223.0000,5223.2000,5223.6000,1,3,4,2,6,1,1,2,6,1
SF,IC2009,2020-05-14 09:32:03.400,5222.2000,40982,-1,314367680.000,1,0,1,双平,S,5221.2000,5221.0000,5220.8000,5220.2000,5220.0000,5222.6000,5222.8000,5223.0000,5223.2000,5223.6000,2,4,2,6,3,2,1,2,6,1
SF,IC2009,2020-05-14 09:32:03.900,5222.2000,40982,0,314367680.000,0,-,-,-,-,5221.4000,5221.2000,5221.0000,5220.8000,5220.2000,5222.6000,5222.8000,5223.0000,5223.2000,5223.6000,1,2,4,2,6,2,1,2,6,1
SF,IC2009,2020-05-14 09:32:04.400,5222.6000,40982,0,315412200.000,1,0,1,多换,S,5221.6000,5221.4000,5221.0000,5220.8000,5220.2000,5222.8000,5223.0000,5223.2000,5223.6000,5224.2000,3,1,5,2,6,1,2,6,1,1
SF,IC2009,2020-05-14 09:32:04.900,5222.6000,40982,0,315412200.000,0,-,-,-,-,5221.6000,5221.0000,5220.2000,5220.0000,5219.8000,5222.6000,5222.8000,5223.0000,5223.2000,5223.6000,1,4,6,3,1,2,1,2,6,1
SF,IC2009,2020-05-14 09:32:05.400,5222.6000,40982,0,315412200.000,0,-,-,-,-,5221.8000,5221.6000,5221.0000,5220.2000,5220.0000,5223.0000,5223.2000,5223.6000,5224.2000,5224.6000,1,1,4,6,3,2,6,1,1,1
SF,IC2009,2020-05-14 09:32:05.900,5222.6000,40982,0,315412200.000,0,-,-,-,-,5222.0000,5221.6000,5221.4000,5220.2000,5220.0000,5223.0000,5223.2000,5223.6000,5224.2000,5224.6000,1,1,1,6,3,1,6,1,1,1
SF,IC2009,2020-05-14 09:32:06.400,5223.0000,40982,0,316456800.000,1,0,1,多换,S,5222.6000,5222.0000,5221.6000,5221.4000,5220.2000,5223.2000,5223.6000,5224.2000,5224.6000,5225.0000,1,1,1,1,6,6,1,1,1,1
SF,IC2009,2020-05-14 09:32:06.900,5223.0000,40982,0,316456800.000,0,-,-,-,-,5222.6000,5221.6000,5221.4000,5220.2000,5220.0000,5223.0000,5223.2000,5223.6000,5224.2000,5224.6000,1,1,1,5,3,1,6,1,1,1
SF,IC2009,2020-05-14 09:32:07.400,5222.8000,40980,-2,318545880.000,2,0,2,双平,S,5223.0000,5221.6000,5221.4000,5221.2000,5220.2000,5223.2000,5223.6000,5224.2000,5224.6000,5225.0000,1,1,1,1,5,6,1,1,1,1
SF,IC2009,2020-05-14 09:32:07.900,5223.0000,40979,-1,319590480.000,1,0,1,双平,S,5221.8000,5221.6000,5221.4000,5221.2000,5220.2000,5223.0000,5223.2000,5223.6000,5224.2000,5224.6000,5,1,1,1,5,2,6,1,1,1
SF,IC2009,2020-05-14 09:32:08.400,5223.0000,40979,0,321679680.000,2,1,1,多换,S,5221.8000,5221.6000,5221.4000,5221.2000,5220.2000,5223.2000,5223.6000,5224.2000,5224.6000,5225.0000,5,1,1,1,5,6,1,1,1,1
SF,IC2009,2020-05-14 09:32:08.900,5223.0000,40979,0,321679680.000,0,-,-,-,-,5221.8000,5221.6000,5221.4000,5221.2000,5220.2000,5222.8000,5223.0000,5223.2000,5223.6000,5224.2000,5,1,1,1,5,1,1,6,1,1
SF,IC2009,2020-05-14 09:32:09.400,5223.0000,40979,0,321679680.000,0,-,-,-,-,5221.8000,5221.6000,5221.4000,5221.2000,5220.2000,5222.8000,5223.0000,5223.2000,5223.6000,5224.2000,5,1,1,1,5,1,1,6,1,1
SF,IC2009,2020-05-14 09:32:09.900,5223.0000,40979,0,321679680.000,0,-,-,-,-,5221.8000,5221.6000,5221.4000,5221.2000,5220.2000,5222.8000,5223.0000,5223.2000,5224.2000,5224.6000,5,1,1,1,7,1,2,6,1,1
SF,IC2009,2020-05-14 09:32:10.400,5221.8000,40979,0,323768640.000,2,1,1,多换,S,5221.8000,5221.6000,5221.4000,5221.2000,5220.2000,5223.0000,5223.2000,5224.2000,5224.6000,5225.0000,4,1,1,1,7,1,6,1,1,1
SF,IC2009,2020-05-14 09:32:10.900,5221.8000,40979,0,323768640.000,0,-,-,-,-,5222.0000,5221.8000,5221.6000,5221.4000,5221.2000,5223.0000,5223.2000,5224.2000,5224.6000,5225.0000,2,4,1,1,1,1,6,1,1,1
SF,IC2009,2020-05-14 09:32:11.400,5221.8000,40979,0,323768640.000,0,-,-,-,-,5221.8000,5221.6000,5221.4000,5221.2000,5220.2000,5222.8000,5223.0000,5223.2000,5224.2000,5224.6000,4,1,1,1,7,1,1,6,1,1
SF,IC2009,2020-05-14 09:32:11.900,5221.8000,40979,0,323768640.000,0,-,-,-,-,5221.8000,5221.6000,5221.4000,5221.2000,5220.2000,5222.6000,5222.8000,5223.0000,5223.2000,5224.2000,4,1,1,1,7,1,1,1,6,1
SF,IC2009,2020-05-14 09:32:12.400,5223.0000,40979,0,324813240.000,1,0,1,多换,S,5221.8000,5221.6000,5221.4000,5221.2000,5220.2000,5223.2000,5224.2000,5224.6000,5225.0000,5225.2000,4,1,1,1,7,6,1,1,1,3
SF,IC2009,2020-05-14 09:32:12.900,5223.0000,40979,0,324813240.000,0,-,-,-,-,5221.8000,5221.6000,5221.4000,5221.2000,5220.2000,5223.0000,5223.2000,5224.2000,5224.6000,5225.0000,4,1,1,1,5,4,6,1,1,1
SF,IC2009,2020-05-14 09:32:13.400,5221.8000,40979,0,326901960.000,2,1,1,多换,S,5222.6000,5221.8000,5221.6000,5221.4000,5221.2000,5222.8000,5223.0000,5223.2000,5224.2000,5224.6000,1,2,1,1,1,1,6,6,1,1
SF,IC2009,2020-05-14 09:32:13.900,5221.8000,40980,1,328990840.000,2,1,1,空开,S,5221.8000,5221.6000,5221.4000,5221.2000,5220.2000,5222.2000,5222.6000,5223.0000,5223.2000,5224.2000,1,1,1,1,5,3,5,4,6,1
SF,IC2009,2020-05-14 09:32:14.400,5221.8000,40980,0,336302400.000,7,3,4,多换,S,5221.6000,5221.4000,5221.2000,5220.2000,5220.0000,5221.8000,5223.0000,5223.2000,5224.2000,5225.0000,1,1,1,5,3,3,3,6,1,1
SF,IC2009,2020-05-14 09:32:14.900,5221.8000,40977,-3,339435480.000,3,0,3,双平,S,5221.8000,5221.4000,5221.2000,5220.2000,5220.0000,5223.0000,5223.2000,5225.0000,5225.2000,5228.0000,1,1,1,5,3,3,6,1,3,1
SF,IC2009,2020-05-14 09:32:15.400,5221.8000,40977,0,339435480.000,0,-,-,-,-,5221.6000,5221.4000,5221.2000,5220.2000,5220.0000,5221.8000,5222.8000,5223.0000,5223.2000,5225.0000,1,2,1,5,1,5,3,3,6,1
SF,IC2009,2020-05-14 09:32:15.900,5221.6000,40977,0,340479800.000,1,0,1,多换,S,5221.4000,5221.2000,5220.8000,5220.2000,5220.0000,5221.8000,5222.8000,5223.0000,5223.2000,5225.0000,2,1,1,5,1,5,1,3,6,1
SF,IC2009,2020-05-14 09:32:16.400,5221.4000,40975,-2,342568360.000,2,0,2,双平,S,5221.2000,5220.8000,5220.4000,5220.2000,5220.0000,5221.8000,5222.8000,5223.0000,5223.2000,5225.0000,1,1,1,5,1,5,1,3,6,1
SF,IC2009,2020-05-14 09:32:16.900,5221.2000,40974,-1,343612600.000,1,0,1,双平,S,5220.8000,5220.4000,5220.2000,5220.0000,5219.8000,5221.8000,5222.8000,5223.0000,5223.2000,5225.0000,1,1,5,1,2,6,2,3,6,1
SF,IC2009,2020-05-14 09:32:17.400,5221.2000,40974,0,343612600.000,0,-,-,-,-,5220.4000,5220.2000,5220.0000,5219.8000,5219.6000,5221.8000,5222.8000,5223.0000,5223.2000,5225.0000,1,5,1,2,1,6,2,3,6,1
SF,IC2009,2020-05-14 09:32:17.900,5221.2000,40974,0,343612600.000,0,-,-,-,-,5220.4000,5220.2000,5220.0000,5219.8000,5219.6000,5221.6000,5221.8000,5222.8000,5223.0000,5223.2000,1,5,1,2,1,2,6,1,3,6
SF,IC2009,2020-05-14 09:32:18.400,5221.2000,40974,0,343612600.000,0,-,-,-,-,5220.4000,5220.2000,5220.0000,5219.8000,5219.6000,5221.4000,5221.6000,5221.8000,5222.8000,5223.0000,1,5,1,2,1,1,2,6,1,3
SF,IC2009,2020-05-14 09:32:19.400,5221.2000,40974,0,343612600.000,0,-,-,-,-,5220.4000,5220.2000,5220.0000,5219.8000,5219.6000,5221.0000,5221.4000,5221.6000,5221.8000,5223.0000,6,5,1,2,1,1,1,2,6,3
SF,IC2009,2020-05-14 09:32:19.900,5221.0000,40974,0,344656800.000,1,0,1,多换,S,5220.4000,5220.2000,5220.0000,5219.8000,5219.6000,5221.4000,5221.6000,5221.8000,5223.0000,5223.2000,6,5,1,2,1,1,2,6,3,6
SF,IC2009,2020-05-14 09:32:20.400,5221.0000,40974,0,344656800.000,0,-,-,-,-,5220.4000,5220.2000,5220.0000,5219.8000,5219.6000,5221.4000,5221.6000,5221.8000,5223.0000,5223.2000,6,5,1,2,1,1,1,6,3,6
SF,IC2009,2020-05-14 09:32:20.900,5221.0000,40974,0,344656800.000,0,-,-,-,-,5220.4000,5220.2000,5220.0000,5219.8000,5219.6000,5221.4000,5221.6000,5221.8000,5223.0000,5223.2000,5,5,1,2,1,1,1,6,3,6
SF,IC2009,2020-05-14 09:32:21.400,5221.0000,40974,0,344656800.000,0,-,-,-,-,5220.4000,5220.2000,5220.0000,5219.8000,5219.6000,5221.4000,5221.6000,5221.8000,5223.0000,5225.0000,5,5,1,2,1,1,1,6,3,1
SF,IC2009,2020-05-14 09:32:21.900,5221.4000,40974,0,346745360.000,2,1,1,多换,S,5220.4000,5220.2000,5220.0000,5219.8000,5219.6000,5221.6000,5221.8000,5223.0000,5225.0000,5225.2000,5,5,1,2,1,1,6,3,1,3
SF,IC2009,2020-05-14 09:32:22.400,5221.4000,40974,0,346745360.000,0,-,-,-,-,5220.6000,5220.4000,5220.2000,5220.0000,5219.8000,5221.6000,5221.8000,5223.0000,5225.0000,5225.2000,1,5,5,1,2,1,6,3,1,3
SF,IC2009,2020-05-14 09:32:22.900,5221.4000,40974,0,346745360.000,0,-,-,-,-,5220.6000,5220.4000,5220.2000,5220.0000,5219.8000,5221.4000,5221.6000,5221.8000,5223.0000,5225.0000,1,5,5,1,2,2,1,6,3,1
SF,IC2009,2020-05-14 09:32:24.400,5221.4000,40973,-1,347789640.000,1,0,1,双平,S,5220.6000,5220.4000,5220.2000,5220.0000,5219.8000,5221.4000,5221.6000,5221.8000,5223.0000,5225.0000,1,5,5,1,2,1,1,6,3,1
SF,IC2009,2020-05-14 09:32:24.900,5221.4000,40972,-1,348833920.000,1,0,1,双平,S,5220.6000,5220.4000,5220.2000,5220.0000,5219.8000,5221.6000,5221.8000,5223.0000,5225.0000,5225.2000,1,5,5,1,2,1,6,3,1,3
SF,IC2009,2020-05-14 09:32:25.400,5221.8000,40971,-1,350922600.000,2,0,2,多平,S,5221.6000,5220.4000,5220.2000,5220.0000,5219.8000,5221.8000,5223.0000,5225.0000,5225.2000,5228.0000,2,5,5,1,2,5,3,1,3,1
SF,IC2009,2020-05-14 09:32:25.900,5221.8000,40966,-5,357188760.000,6,0,6,多平,S,5222.0000,5221.8000,5221.6000,5220.4000,5220.2000,5223.0000,5225.0000,5225.2000,5228.0000,5228.6000,4,1,2,5,5,3,1,3,1,5
SF,IC2009,2020-05-14 09:32:26.400,5223.0000,40963,-3,360322560.000,3,0,3,双平,S,5222.2000,5222.0000,5221.8000,5221.6000,5220.4000,5225.0000,5225.2000,5228.0000,5228.6000,5229.0000,3,4,1,2,5,1,3,1,5,3
SF,IC2009,2020-05-14 09:32:26.900,5223.0000,40963,0,360322560.000,0,-,-,-,-,5222.4000,5222.2000,5222.0000,5221.6000,5220.4000,5224.4000,5224.8000,5225.0000,5225.2000,5228.0000,3,3,2,2,5,1,2,2,3,1
SF,IC2009,2020-05-14 09:32:27.400,5223.0000,40963,0,360322560.000,0,-,-,-,-,5222.4000,5222.2000,5222.0000,5221.6000,5220.4000,5222.8000,5224.2000,5224.4000,5224.8000,5225.0000,2,3,2,2,5,1,3,1,1,2
SF,IC2009,2020-05-14 09:32:27.900,5222.8000,40963,0,362411680.000,2,1,1,多换,S,5222.8000,5222.4000,5222.2000,5222.0000,5221.6000,5224.2000,5224.4000,5224.8000,5225.0000,5225.2000,1,1,3,2,2,1,1,1,2,3
SF,IC2009,2020-05-14 09:32:28.400,5222.8000,40963,0,363456240.000,1,0,1,多换,S,5222.4000,5222.2000,5222.0000,5221.6000,5220.4000,5222.6000,5224.0000,5224.2000,5224.4000,5225.0000,1,3,2,2,5,7,2,1,1,1
SF,IC2009,2020-05-14 09:32:28.900,5222.6000,40960,-3,369723400.000,6,1,5,多平,S,5222.8000,5222.6000,5222.2000,5222.0000,5220.4000,5224.2000,5224.4000,5225.0000,5225.2000,5228.0000,2,1,3,2,5,1,1,1,3,1
SF,IC2009,2020-05-14 09:32:29.400,5222.6000,40960,0,369723400.000,0,-,-,-,-,5222.8000,5222.6000,5222.2000,5222.0000,5220.4000,5224.2000,5224.4000,5225.0000,5225.2000,5228.0000,2,1,2,2,5,1,1,1,3,1
SF,IC2009,2020-05-14 09:32:29.900,5222.6000,40960,0,369723400.000,0,-,-,-,-,5222.8000,5222.6000,5222.2000,5222.0000,5220.4000,5224.0000,5224.2000,5224.4000,5225.0000,5225.2000,2,1,2,2,5,1,1,1,1,3
SF,IC2009,2020-05-14 09:32:30.400,5223.0000,40960,0,370768000.000,1,0,1,多换,S,5223.0000,5222.8000,5222.6000,5222.2000,5222.0000,5224.2000,5225.0000,5225.2000,5228.0000,5228.6000,1,2,1,2,2,1,1,3,1,5
SF,IC2009,2020-05-14 09:32:30.900,5223.0000,40960,0,370768000.000,0,-,-,-,-,5222.8000,5222.6000,5222.2000,5222.0000,5220.4000,5224.0000,5224.2000,5225.0000,5225.2000,5228.0000,2,1,2,2,5,1,1,1,3,1
SF,IC2009,2020-05-14 09:32:31.400,5223.0000,40960,0,370768000.000,0,-,-,-,-,5222.6000,5222.2000,5222.0000,5220.4000,5220.2000,5223.8000,5225.0000,5225.2000,5228.0000,5228.6000,1,2,2,5,5,2,1,3,1,5
SF,IC2009,2020-05-14 09:32:31.900,5222.0000,40958,-2,374945760.000,4,1,3,多平,S,5220.8000,5220.4000,5220.2000,5220.0000,5219.8000,5222.2000,5222.4000,5222.6000,5223.6000,5223.8000,1,5,5,1,1,1,9,1,4,1
SF,IC2009,2020-05-14 09:32:32.400,5222.0000,40958,0,374945760.000,0,-,-,-,-,5221.0000,5220.4000,5220.2000,5220.0000,5219.8000,5221.8000,5222.0000,5222.2000,5223.6000,5223.8000,2,5,5,1,1,1,1,2,2,1
SF,IC2009,2020-05-14 09:32:32.900,5220.4000,40958,0,380166160.000,5,2,3,多换,S,5220.6000,5220.2000,5220.0000,5219.8000,5219.6000,5220.8000,5221.8000,5222.0000,5222.2000,5223.6000,1,5,1,1,1,2,1,1,3,1
SF,IC2009,2020-05-14 09:32:33.400,5221.8000,40957,-1,382254640.000,2,0,2,多平,S,5220.8000,5220.2000,5220.0000,5219.8000,5219.6000,5222.0000,5222.2000,5222.6000,5223.6000,5223.8000,1,5,1,1,1,1,3,6,1,1
SF,IC2009,2020-05-14 09:32:33.900,5220.8000,40957,0,383298800.000,1,0,1,多换,S,5220.2000,5220.0000,5219.8000,5219.6000,5219.2000,5221.6000,5221.8000,5222.0000,5222.2000,5222.6000,5,1,1,1,3,1,2,1,3,6
SF,IC2009,2020-05-14 09:32:34.400,5220.8000,40957,0,383298800.000,0,-,-,-,-,5220.2000,5220.0000,5219.8000,5219.6000,5219.2000,5221.4000,5221.6000,5222.0000,5222.2000,5222.6000,5,1,1,1,3,1,1,1,2,6
SF,IC2009,2020-05-14 09:32:34.900,5220.2000,40957,0,384342840.000,1,0,1,多换,S,5220.2000,5220.0000,5219.8000,5219.6000,5219.2000,5221.2000,5221.4000,5221.6000,5222.0000,5222.2000,4,1,1,1,3,1,1,1,1,2
SF,IC2009,2020-05-14 09:32:35.400,5221.6000,40957,0,385387160.000,1,0,1,多换,S,5220.2000,5220.0000,5219.8000,5219.6000,5219.2000,5221.8000,5222.0000,5222.2000,5222.6000,5223.6000,4,1,1,1,3,1,1,2,6,1
SF,IC2009,2020-05-14 09:32:35.900,5221.6000,40957,0,385387160.000,0,-,-,-,-,5220.2000,5220.0000,5219.8000,5219.6000,5219.2000,5221.6000,5221.8000,5222.0000,5222.2000,5222.6000,4,1,1,1,3,2,1,1,1,6
SF,IC2009,2020-05-14 09:32:36.400,5220.2000,40959,2,390607360.000,5,3,2,空开,S,5220.0000,5219.8000,5219.6000,5219.2000,5219.0000,5221.6000,5221.8000,5222.0000,5222.2000,5222.6000,1,1,1,3,7,2,1,1,1,6
SF,IC2009,2020-05-14 09:32:36.900,5220.2000,40959,0,390607360.000,0,-,-,-,-,5220.0000,5219.8000,5219.6000,5219.2000,5219.0000,5221.4000,5221.6000,5221.8000,5222.0000,5222.2000,1,1,1,3,7,2,1,1,1,1
SF,IC2009,2020-05-14 09:32:37.400,5220.0000,40959,0,391651360.000,1,0,1,多换,S,5219.8000,5219.6000,5219.2000,5219.0000,5218.8000,5221.2000,5221.4000,5222.0000,5222.2000,5222.6000,1,1,3,7,3,3,4,1,1,6
SF,IC2009,2020-05-14 09:32:37.900,5220.0000,40959,0,391651360.000,0,-,-,-,-,5219.8000,5219.6000,5219.2000,5219.0000,5218.8000,5221.2000,5221.4000,5222.0000,5222.2000,5222.6000,1,1,3,7,3,2,1,1,1,6
SF,IC2009,2020-05-14 09:32:38.400,5221.2000,40957,-2,393739840.000,2,0,2,双平,S,5219.8000,5219.6000,5219.2000,5219.0000,5218.8000,5221.4000,5222.0000,5222.2000,5222.6000,5223.6000,1,1,3,7,3,1,1,1,6,1
SF,IC2009,2020-05-14 09:32:38.900,5221.2000,40957,0,393739840.000,0,-,-,-,-,5220.4000,5220.0000,5219.8000,5219.6000,5219.2000,5221.4000,5222.0000,5222.2000,5222.6000,5223.6000,1,2,3,1,3,1,1,1,6,1
SF,IC2009,2020-05-14 09:32:39.400,5221.2000,40957,0,393739840.000,0,-,-,-,-,5220.4000,5220.0000,5219.8000,5219.6000,5219.2000,5221.4000,5222.0000,5222.2000,5222.6000,5223.6000,1,1,3,1,3,1,2,1,6,1
SF,IC2009,2020-05-14 09:32:39.900,5221.2000,40957,0,393739840.000,0,-,-,-,-,5220.4000,5220.0000,5219.8000,5219.6000,5219.2000,5221.4000,5222.0000,5222.2000,5222.6000,5223.6000,1,1,1,1,3,1,2,1,6,1
SF,IC2009,2020-05-14 09:32:40.400,5220.0000,40955,-2,395827920.000,2,0,2,双平,S,5219.8000,5219.6000,5219.2000,5219.0000,5218.8000,5221.4000,5222.0000,5222.2000,5222.6000,5223.6000,1,1,3,7,3,1,2,1,6,1
SF,IC2009,2020-05-14 09:32:40.900,5220.0000,40955,0,395827920.000,0,-,-,-,-,5219.8000,5219.6000,5219.2000,5219.0000,5218.8000,5221.2000,5221.4000,5222.0000,5222.2000,5222.6000,1,1,3,7,3,2,1,2,1,6
SF,IC2009,2020-05-14 09:32:41.400,5220.0000,40955,0,395827920.000,0,-,-,-,-,5219.8000,5219.6000,5219.2000,5219.0000,5218.8000,5221.2000,5221.4000,5222.0000,5222.2000,5223.6000,1,1,3,7,3,2,1,2,1,1
SF,IC2009,2020-05-14 09:32:42.400,5221.0000,40955,0,396872120.000,1,0,1,多换,S,5220.0000,5219.8000,5219.6000,5219.2000,5219.0000,5221.2000,5222.0000,5222.2000,5223.6000,5223.8000,1,1,3,3,7,2,2,1,1,1
SF,IC2009,2020-05-14 09:32:42.900,5221.0000,40955,0,396872120.000,0,-,-,-,-,5219.8000,5219.6000,5219.2000,5219.0000,5218.8000,5221.0000,5221.2000,5222.0000,5222.2000,5223.6000,1,3,3,7,3,1,2,2,1,1
SF,IC2009,2020-05-14 09:32:43.900,5221.0000,40955,0,396872120.000,0,-,-,-,-,5219.8000,5219.6000,5219.2000,5219.0000,5218.8000,5221.2000,5222.0000,5222.2000,5223.6000,5223.8000,1,3,3,7,3,2,2,1,1,1
SF,IC2009,2020-05-14 09:32:44.400,5221.0000,40955,0,396872120.000,0,-,-,-,-,5219.8000,5219.6000,5219.2000,5219.0000,5218.8000,5221.2000,5222.0000,5222.2000,5223.6000,5223.8000,2,3,3,7,3,2,2,1,1,1
SF,IC2009,2020-05-14 09:32:44.900,5221.2000,40954,-1,397916360.000,1,0,1,双平,S,5220.0000,5219.8000,5219.6000,5219.2000,5219.0000,5221.2000,5222.0000,5222.2000,5223.6000,5223.8000,1,2,3,3,7,1,2,1,1,1
SF,IC2009,2020-05-14 09:32:45.400,5221.2000,40954,0,397916360.000,0,-,-,-,-,5219.8000,5219.6000,5219.2000,5219.0000,5218.8000,5221.0000,5222.0000,5222.2000,5223.6000,5223.8000,2,3,3,7,3,1,2,1,1,1
SF,IC2009,2020-05-14 09:32:45.900,5221.2000,40954,0,397916360.000,0,-,-,-,-,5221.0000,5219.8000,5219.6000,5219.2000,5219.0000,5222.0000,5222.2000,5223.6000,5223.8000,5224.0000,1,1,3,3,7,2,1,1,1,2
SF,IC2009,2020-05-14 09:32:46.400,5221.0000,40954,0,398960560.000,1,0,1,多换,S,5219.8000,5219.6000,5219.2000,5219.0000,5218.8000,5221.8000,5222.0000,5222.2000,5223.6000,5223.8000,1,3,3,7,3,1,2,1,1,1
SF,IC2009,2020-05-14 09:32:46.900,5221.0000,40954,0,398960560.000,0,-,-,-,-,5219.8000,5219.6000,5219.2000,5219.0000,5218.8000,5221.6000,5222.0000,5222.2000,5223.6000,5223.8000,1,3,3,7,3,4,2,1,1,1
SF,IC2009,2020-05-14 09:32:47.400,5221.0000,40954,0,398960560.000,0,-,-,-,-,5219.8000,5219.6000,5219.2000,5219.0000,5218.8000,5221.6000,5222.0000,5222.2000,5223.6000,5223.8000,1,3,3,7,3,3,2,1,1,1
SF,IC2009,2020-05-14 09:32:47.900,5221.0000,40954,0,398960560.000,0,-,-,-,-,5219.8000,5219.6000,5219.2000,5219.0000,5218.8000,5221.4000,5221.6000,5222.0000,5222.2000,5223.6000,1,3,3,7,3,1,3,2,1,1
SF,IC2009,2020-05-14 09:32:48.400,5221.0000,40954,0,398960560.000,0,-,-,-,-,5219.8000,5219.6000,5219.2000,5219.0000,5218.8000,5221.2000,5221.4000,5221.6000,5222.0000,5222.2000,1,3,3,7,3,1,1,2,2,1
SF,IC2009,2020-05-14 09:32:48.900,5221.0000,40954,0,398960560.000,0,-,-,-,-,5219.8000,5219.6000,5219.2000,5219.0000,5218.8000,5221.4000,5221.6000,5222.0000,5222.2000,5223.6000,1,3,3,7,3,1,2,2,1,1
SF,IC2009,2020-05-14 09:32:49.400,5221.0000,40954,0,398960560.000,0,-,-,-,-,5220.6000,5219.8000,5219.6000,5219.2000,5219.0000,5221.4000,5221.6000,5222.0000,5222.2000,5223.6000,1,2,3,3,7,1,2,2,1,1
SF,IC2009,2020-05-14 09:32:49.900,5220.6000,40953,-1,400004680.000,1,0,1,双平,S,5219.8000,5219.6000,5219.2000,5219.0000,5218.8000,5221.4000,5222.0000,5222.2000,5223.6000,5223.8000,2,3,3,7,3,1,2,1,1,1
SF,IC2009,2020-05-14 09:32:50.400,5220.6000,40953,0,400004680.000,0,-,-,-,-,5219.8000,5219.6000,5219.2000,5219.0000,5218.8000,5221.4000,5222.0000,5222.2000,5223.6000,5223.8000,2,3,3,7,3,1,2,1,1,1
SF,IC2009,2020-05-14 09:32:50.900,5220.6000,40953,0,400004680.000,0,-,-,-,-,5220.0000,5219.8000,5219.6000,5219.2000,5219.0000,5221.4000,5222.0000,5222.2000,5223.6000,5223.8000,2,3,3,3,7,1,2,1,1,1
SF,IC2009,2020-05-14 09:32:51.400,5220.6000,40953,0,400004680.000,0,-,-,-,-,5220.0000,5219.8000,5219.6000,5219.2000,5219.0000,5221.2000,5221.4000,5222.0000,5222.2000,5223.6000,1,3,3,3,7,1,1,2,1,1
SF,IC2009,2020-05-14 09:32:51.900,5220.6000,40953,0,400004680.000,0,-,-,-,-,5220.0000,5219.8000,5219.6000,5219.2000,5219.0000,5221.2000,5221.4000,5222.0000,5222.2000,5223.6000,1,3,3,3,7,3,1,2,1,1
SF,IC2009,2020-05-14 09:32:52.400,5220.6000,40953,0,400004680.000,0,-,-,-,-,5219.8000,5219.6000,5219.2000,5219.0000,5218.8000,5221.2000,5221.4000,5222.0000,5222.2000,5223.6000,3,3,3,7,3,3,1,2,1,1
SF,IC2009,2020-05-14 09:32:52.900,5220.0000,40953,0,401048680.000,1,0,1,多换,S,5219.8000,5219.6000,5219.2000,5219.0000,5218.8000,5221.2000,5221.4000,5222.0000,5222.2000,5223.6000,3,3,3,7,3,3,1,2,1,1
SF,IC2009,2020-05-14 09:32:53.400,5220.0000,40953,0,402092680.000,1,0,1,多换,S,5219.8000,5219.6000,5219.2000,5219.0000,5218.8000,5220.0000,5221.2000,5221.4000,5222.0000,5222.2000,3,3,3,7,3,5,3,1,2,1
SF,IC2009,2020-05-14 09:32:53.900,5220.0000,40953,0,407312680.000,5,2,3,多换,S,5220.0000,5219.8000,5219.6000,5219.2000,5219.0000,5221.2000,5221.4000,5222.0000,5222.2000,5223.6000,1,3,3,3,7,3,1,2,1,1
SF,IC2009,2020-05-14 09:32:54.400,5220.0000,40953,0,407312680.000,0,-,-,-,-,5220.0000,5219.8000,5219.6000,5219.2000,5219.0000,5221.0000,5221.2000,5222.0000,5222.2000,5223.6000,1,3,3,3,8,1,3,2,1,1
SF,IC2009,2020-05-14 09:32:54.900,5220.0000,40953,0,407312680.000,0,-,-,-,-,5220.0000,5219.8000,5219.6000,5219.2000,5219.0000,5221.2000,5222.0000,5222.2000,5223.6000,5223.8000,2,3,3,3,8,2,2,1,1,1
SF,IC2009,2020-05-14 09:32:55.400,5219.8000,40952,-1,409400640.000,2,0,2,多平,S,5219.8000,5219.6000,5219.2000,5219.0000,5218.8000,5221.0000,5221.2000,5222.0000,5222.2000,5223.6000,2,3,3,8,3,3,2,2,1,1
SF,IC2009,2020-05-14 09:32:55.900,5219.8000,40952,0,411488560.000,2,1,1,多换,S,5219.8000,5219.6000,5219.2000,5219.0000,5218.8000,5220.8000,5221.0000,5221.2000,5222.0000,5222.2000,1,3,3,8,3,2,1,2,2,1
SF,IC2009,2020-05-14 09:32:56.400,5219.8000,40952,0,411488560.000,0,-,-,-,-,5219.8000,5219.6000,5219.2000,5219.0000,5218.8000,5220.8000,5221.2000,5222.0000,5222.2000,5223.6000,1,3,3,8,3,4,2,2,1,1
SF,IC2009,2020-05-14 09:32:56.900,5219.8000,40952,0,411488560.000,0,-,-,-,-,5219.8000,5219.6000,5219.2000,5219.0000,5218.8000,5220.0000,5220.8000,5221.2000,5222.0000,5222.2000,1,3,3,8,3,6,4,2,2,1
SF,IC2009,2020-05-14 09:32:57.400,5219.8000,40952,0,412532520.000,1,0,1,多换,S,5219.6000,5219.2000,5219.0000,5218.8000,5218.4000,5220.0000,5220.8000,5221.2000,5222.0000,5222.2000,3,3,8,3,1,6,2,2,2,1
SF,IC2009,2020-05-14 09:32:57.900,5220.0000,40948,-4,416708520.000,4,0,4,双平,S,5219.6000,5219.2000,5219.0000,5218.8000,5218.4000,5220.0000,5220.8000,5221.2000,5222.0000,5222.2000,3,3,8,3,1,2,1,2,2,1
SF,IC2009,2020-05-14 09:32:58.400,5220.8000,40945,-3,421928520.000,5,1,4,多平,S,5219.6000,5219.2000,5219.0000,5218.8000,5218.4000,5221.2000,5222.0000,5222.2000,5223.6000,5223.8000,1,3,8,3,1,2,2,1,1,1
SF,IC2009,2020-05-14 09:32:58.900,5220.8000,40945,0,421928520.000,0,-,-,-,-,5219.6000,5219.2000,5219.0000,5218.8000,5218.4000,5220.0000,5221.0000,5221.2000,5222.0000,5222.2000,1,3,8,3,1,1,4,2,2,1
SF,IC2009,2020-05-14 09:32:59.400,5220.0000,40944,-1,422972520.000,1,0,1,双平,S,5219.6000,5219.2000,5219.0000,5218.8000,5218.4000,5221.2000,5222.0000,5222.2000,5223.6000,5223.8000,1,3,8,3,1,2,2,1,1,1
SF,IC2009,2020-05-14 09:32:59.900,5219.6000,40944,0,424016440.000,1,0,1,多换,S,5219.2000,5219.0000,5218.8000,5218.4000,5218.2000,5221.0000,5221.2000,5222.0000,5222.2000,5223.6000,3,8,3,1,5,3,2,2,1,1
SF,IC2009,2020-05-14 09:33:00.400,5219.6000,40944,0,424016440.000,0,-,-,-,-,5219.6000,5219.2000,5219.0000,5218.8000,5218.4000,5221.0000,5221.2000,5222.0000,5222.2000,5223.6000,2,3,8,3,1,3,2,2,1,1
SF,IC2009,2020-05-14 09:33:00.900,5219.6000,40943,-1,426104280.000,2,0,2,多平,S,5219.2000,5219.0000,5218.8000,5218.4000,5218.2000,5221.0000,5221.2000,5222.0000,5222.2000,5223.6000,3,8,3,1,5,3,2,2,1,1
SF,IC2009,2020-05-14 09:33:01.400,5219.6000,40943,0,426104280.000,0,-,-,-,-,5219.2000,5219.0000,5218.8000,5218.4000,5218.2000,5220.8000,5221.0000,5221.2000,5222.0000,5222.2000,3,8,3,1,5,1,3,2,2,1
SF,IC2009,2020-05-14 09:33:01.900,5219.6000,40943,0,426104280.000,0,-,-,-,-,5219.2000,5219.0000,5218.8000,5218.4000,5218.2000,5220.6000,5220.8000,5221.0000,5221.2000,5222.0000,3,8,3,1,5,1,1,2,2,2
SF,IC2009,2020-05-14 09:33:02.400,5219.6000,40943,0,426104280.000,0,-,-,-,-,5219.2000,5219.0000,5218.8000,5218.4000,5218.2000,5220.4000,5220.8000,5221.0000,5221.2000,5222.0000,3,8,3,1,5,1,1,2,2,2
SF,IC2009,2020-05-14 09:33:02.900,5219.6000,40943,0,426104280.000,0,-,-,-,-,5220.4000,5219.2000,5219.0000,5218.8000,5218.4000,5220.8000,5221.2000,5222.0000,5222.2000,5223.6000,1,3,8,3,1,1,2,2,1,1
SF,IC2009,2020-05-14 09:33:03.400,5220.4000,40943,0,427148360.000,1,0,1,多换,S,5219.2000,5219.0000,5218.8000,5218.4000,5218.2000,5220.8000,5221.2000,5222.0000,5222.2000,5223.6000,3,8,3,1,5,1,2,2,1,1
SF,IC2009,2020-05-14 09:33:03.900,5219.2000,40943,0,429236040.000,2,1,1,多换,S,5219.2000,5219.0000,5218.8000,5218.4000,5218.2000,5220.6000,5220.8000,5221.2000,5222.0000,5222.2000,1,8,3,1,5,1,1,2,2,1
SF,IC2009,2020-05-14 09:33:04.400,5219.2000,40943,0,429236040.000,0,-,-,-,-,5219.2000,5219.0000,5218.8000,5218.4000,5218.2000,5220.4000,5220.8000,5221.2000,5222.0000,5222.2000,1,8,3,1,5,1,1,2,2,1
SF,IC2009,2020-05-14 09:33:04.900,5220.4000,40942,-1,430280120.000,1,0,1,双平,S,5220.4000,5219.4000,5219.2000,5219.0000,5218.8000,5220.8000,5221.2000,5222.0000,5222.2000,5223.6000,2,1,1,8,3,1,2,2,1,1
SF,IC2009,2020-05-14 09:33:05.400,5220.4000,40942,0,430280120.000,0,-,-,-,-,5220.8000,5220.4000,5219.2000,5219.0000,5218.8000,5221.2000,5222.0000,5222.2000,5223.6000,5223.8000,1,2,1,8,3,2,2,1,1,1
SF,IC2009,2020-05-14 09:33:05.900,5220.8000,40941,-1,431324280.000,1,0,1,双平,S,5220.4000,5220.0000,5219.2000,5219.0000,5218.8000,5220.8000,5221.2000,5222.0000,5222.2000,5223.6000,1,5,1,8,3,2,2,4,1,1
SF,IC2009,2020-05-14 09:33:06.400,5220.4000,40939,-2,434456680.000,3,0,3,多平,S,5220.0000,5219.2000,5219.0000,5218.8000,5218.4000,5221.2000,5222.0000,5222.2000,5223.6000,5223.8000,5,1,8,3,1,2,4,1,1,1
SF,IC2009,2020-05-14 09:33:06.900,5220.4000,40939,0,434456680.000,0,-,-,-,-,5220.0000,5219.8000,5219.2000,5219.0000,5218.8000,5221.0000,5221.2000,5222.0000,5222.2000,5223.6000,5,1,1,8,8,2,2,4,1,1
SF,IC2009,2020-05-14 09:33:07.900,5220.0000,40940,1,435500680.000,1,1,0,双开,S,5220.0000,5219.8000,5219.2000,5219.0000,5218.8000,5221.0000,5221.2000,5222.0000,5222.2000,5223.6000,4,1,1,8,8,2,2,4,1,1
SF,IC2009,2020-05-14 09:33:08.400,5220.0000,40940,0,435500680.000,0,-,-,-,-,5220.0000,5219.8000,5219.2000,5219.0000,5218.8000,5221.0000,5221.2000,5222.0000,5222.2000,5223.6000,6,1,1,8,8,2,2,4,1,1
SF,IC2009,2020-05-14 09:33:09.400,5220.0000,40940,0,435500680.000,0,-,-,-,-,5220.0000,5219.8000,5219.2000,5219.0000,5218.8000,5220.8000,5221.0000,5221.2000,5222.0000,5222.2000,6,1,1,8,8,2,2,2,4,1
SF,IC2009,2020-05-14 09:33:09.900,5220.0000,40940,0,435500680.000,0,-,-,-,-,5220.0000,5219.8000,5219.2000,5219.0000,5218.8000,5220.8000,5221.2000,5222.0000,5222.2000,5223.6000,6,1,1,8,8,2,2,4,1,1
SF,IC2009,2020-05-14 09:33:11.400,5220.8000,40940,0,437588840.000,2,1,1,多换,S,5220.0000,5219.8000,5219.2000,5219.0000,5218.8000,5220.8000,5221.2000,5222.0000,5222.2000,5223.6000,5,1,1,8,8,1,2,4,1,1
SF,IC2009,2020-05-14 09:33:11.900,5220.0000,40940,0,439676840.000,2,1,1,多换,S,5220.0000,5219.8000,5219.2000,5219.0000,5218.8000,5220.8000,5221.2000,5222.0000,5222.2000,5223.6000,3,1,1,8,8,1,2,4,1,1
SF,IC2009,2020-05-14 09:33:12.400,5220.0000,40940,0,441764840.000,2,1,1,多换,S,5220.0000,5219.8000,5219.2000,5219.0000,5218.8000,5220.6000,5220.8000,5221.2000,5222.0000,5222.2000,1,1,1,8,8,1,1,2,4,1
SF,IC2009,2020-05-14 09:33:12.900,5219.8000,40938,-2,443852800.000,2,0,2,双平,S,5219.2000,5219.0000,5218.8000,5218.4000,5218.2000,5219.8000,5220.0000,5220.6000,5220.8000,5221.2000,1,8,8,1,6,2,2,1,1,2
SF,IC2009,2020-05-14 09:33:13.400,5219.8000,40938,0,443852800.000,0,-,-,-,-,5219.2000,5219.0000,5218.8000,5218.4000,5218.2000,5219.8000,5220.6000,5220.8000,5221.2000,5222.0000,1,8,8,1,6,2,2,1,2,4
SF,IC2009,2020-05-14 09:33:13.900,5219.2000,40938,0,444896640.000,1,0,1,多换,S,5219.0000,5218.8000,5218.4000,5218.2000,5218.0000,5219.8000,5220.6000,5220.8000,5221.2000,5222.0000,8,8,1,6,1,2,1,1,2,4
SF,IC2009,2020-05-14 09:33:14.400,5219.0000,40937,-1,445940440.000,1,0,1,双平,S,5219.0000,5218.8000,5218.4000,5218.2000,5218.0000,5219.6000,5219.8000,5220.8000,5221.2000,5222.0000,7,8,1,6,1,1,2,1,2,4
SF,IC2009,2020-05-14 09:33:14.900,5219.4000,40936,-1,449071920.000,3,1,2,多平,S,5219.0000,5218.8000,5218.4000,5218.2000,5218.0000,5219.6000,5219.8000,5220.8000,5221.2000,5222.0000,4,8,1,6,1,1,2,1,2,5
SF,IC2009,2020-05-14 09:33:15.400,5218.8000,40936,0,459509680.000,10,5,5,多换,S,5218.8000,5218.4000,5218.2000,5218.0000,5217.2000,5219.4000,5219.6000,5219.8000,5220.0000,5220.8000,2,1,6,1,1,1,1,2,1,1
SF,IC2009,2020-05-14 09:33:15.900,5218.8000,40936,0,461597200.000,2,1,1,多换,S,5218.4000,5218.2000,5218.0000,5217.2000,5217.0000,5219.4000,5219.6000,5219.8000,5220.0000,5220.8000,1,6,1,1,3,1,1,2,1,1
SF,IC2009,2020-05-14 09:33:16.400,5218.8000,40936,0,461597200.000,0,-,-,-,-,5218.4000,5218.2000,5218.0000,5217.2000,5217.0000,5219.4000,5219.6000,5219.8000,5220.0000,5220.8000,1,6,1,1,3,1,1,2,1,1
SF,IC2009,2020-05-14 09:33:16.900,5218.8000,40936,0,461597200.000,0,-,-,-,-,5218.4000,5218.2000,5218.0000,5217.2000,5217.0000,5218.8000,5219.4000,5219.6000,5219.8000,5220.0000,1,6,1,1,3,1,1,1,2,1
SF,IC2009,2020-05-14 09:33:17.400,5218.4000,40935,-1,462640880.000,1,0,1,双平,S,5218.2000,5218.0000,5217.2000,5217.0000,5216.6000,5218.4000,5218.8000,5219.4000,5219.8000,5220.0000,6,1,1,3,1,5,1,2,2,1
SF,IC2009,2020-05-14 09:33:17.900,5218.4000,40935,0,468902760.000,6,3,3,多换,S,5218.0000,5217.2000,5217.0000,5216.6000,5215.2000,5218.2000,5218.4000,5218.8000,5219.4000,5219.8000,1,1,3,1,9,5,4,1,2,2
SF,IC2009,2020-05-14 09:33:18.400,5218.0000,40935,0,469946360.000,1,0,1,多换,S,5217.0000,5216.6000,5216.0000,5215.2000,5215.0000,5218.0000,5218.2000,5218.4000,5218.8000,5219.4000,3,1,1,9,4,2,5,4,1,1
SF,IC2009,2020-05-14 09:33:18.900,5217.0000,40931,-4,474120000.000,4,0,4,双平,S,5216.6000,5216.0000,5215.2000,5215.0000,5213.0000,5217.0000,5218.0000,5218.2000,5218.4000,5218.8000,1,1,10,4,3,2,2,5,4,1
SF,IC2009,2020-05-14 09:33:19.400,5217.0000,40930,-1,476206800.000,2,0,2,多平,S,5216.6000,5216.0000,5215.2000,5215.0000,5213.0000,5218.0000,5218.2000,5218.4000,5218.8000,5219.4000,1,1,10,4,3,3,5,4,1,1
SF,IC2009,2020-05-14 09:33:19.900,5216.6000,40928,-2,478293480.000,2,0,2,双平,S,5216.0000,5215.2000,5215.0000,5213.0000,5212.0000,5216.6000,5217.8000,5218.0000,5218.2000,5218.4000,1,10,4,3,1,3,1,3,5,4
SF,IC2009,2020-05-14 09:33:20.400,5216.6000,40927,-1,480380120.000,2,0,2,多平,S,5216.0000,5215.2000,5215.0000,5214.2000,5213.0000,5216.6000,5217.0000,5217.8000,5218.0000,5218.2000,1,10,4,1,3,1,12,1,3,5
SF,IC2009,2020-05-14 09:33:20.900,5216.0000,40926,-1,481423320.000,1,0,1,双平,S,5215.2000,5215.0000,5214.2000,5213.2000,5213.0000,5216.0000,5216.4000,5216.6000,5217.0000,5218.0000,10,4,1,1,3,5,2,1,13,3
SF,IC2009,2020-05-14 09:33:21.400,5216.0000,40926,0,481423320.000,0,-,-,-,-,5215.2000,5215.0000,5214.2000,5213.2000,5213.0000,5216.0000,5216.4000,5216.6000,5217.0000,5218.0000,9,4,1,1,3,7,1,1,13,3
SF,IC2009,2020-05-14 09:33:21.900,5215.2000,40925,-1,491853880.000,10,4,6,多平,S,5215.0000,5214.2000,5213.2000,5213.0000,5212.0000,5216.0000,5216.4000,5216.6000,5217.0000,5218.0000,4,1,1,3,1,11,1,1,13,3
SF,IC2009,2020-05-14 09:33:22.400,5215.2000,40925,0,491853880.000,0,-,-,-,-,5215.0000,5214.2000,5213.2000,5213.0000,5212.0000,5215.8000,5216.0000,5216.4000,5216.6000,5217.0000,4,1,1,3,1,2,11,1,1,13
SF,IC2009,2020-05-14 09:33:22.900,5215.0000,40924,-1,494982880.000,3,1,2,多平,S,5215.0000,5214.2000,5213.2000,5213.0000,5212.0000,5215.2000,5215.6000,5216.0000,5216.4000,5216.6000,1,1,1,3,1,1,1,11,1,1
SF,IC2009,2020-05-14 09:33:23.400,5215.0000,40923,-1,497068880.000,2,0,2,多平,S,5214.2000,5213.2000,5213.0000,5212.0000,5211.0000,5215.0000,5215.2000,5215.6000,5216.0000,5216.6000,1,1,3,1,1,2,1,1,11,1
SF,IC2009,2020-05-14 09:33:23.900,5214.2000,40922,-1,498111720.000,1,0,1,双平,S,5213.2000,5213.0000,5212.6000,5212.0000,5211.0000,5214.2000,5215.0000,5215.2000,5215.6000,5216.0000,1,3,1,2,1,4,2,1,1,11
SF,IC2009,2020-05-14 09:33:24.400,5214.2000,40919,-3,502283080.000,4,0,4,多平,S,5213.6000,5213.2000,5213.0000,5212.6000,5212.0000,5215.0000,5215.2000,5215.6000,5216.0000,5216.6000,4,1,3,1,2,2,1,1,11,1
SF,IC2009,2020-05-14 09:33:24.900,5214.2000,40918,-1,503325920.000,1,0,1,双平,S,5213.2000,5213.0000,5212.6000,5212.0000,5211.0000,5213.6000,5214.8000,5215.0000,5215.2000,5216.0000,1,3,1,2,1,5,3,2,1,11
SF,IC2009,2020-05-14 09:33:25.400,5213.0000,40917,-1,504368520.000,1,0,1,双平,S,5213.0000,5212.6000,5212.0000,5211.0000,5210.2000,5213.6000,5214.8000,5215.0000,5215.2000,5216.0000,2,1,2,1,1,5,2,2,1,11
SF,IC2009,2020-05-14 09:33:25.900,5213.6000,40913,-4,511667320.000,7,1,6,多平,S,5214.2000,5213.6000,5212.6000,5212.0000,5211.2000,5214.8000,5215.0000,5215.2000,5216.0000,5216.6000,2,1,1,2,1,2,2,1,11,1
SF,IC2009,2020-05-14 09:33:26.400,5214.2000,40913,0,513753000.000,2,1,1,多换,S,5213.6000,5212.6000,5212.0000,5211.0000,5210.2000,5214.2000,5214.8000,5215.0000,5215.2000,5216.0000,1,1,2,1,1,3,2,2,1,11
SF,IC2009,2020-05-14 09:33:26.900,5214.2000,40913,0,513753000.000,0,-,-,-,-,5213.6000,5212.6000,5212.0000,5211.0000,5210.2000,5214.2000,5214.8000,5215.0000,5215.2000,5216.0000,1,1,2,1,1,2,1,2,1,11
SF,IC2009,2020-05-14 09:33:27.400,5213.6000,40911,-2,517924120.000,4,1,3,多平,S,5212.6000,5212.0000,5211.0000,5210.2000,5210.0000,5213.6000,5215.0000,5215.2000,5216.0000,5216.6000,1,2,1,1,2,3,2,1,11,1
SF,IC2009,2020-05-14 09:33:27.900,5213.6000,40904,-7,525222520.000,7,0,7,双平,S,5212.6000,5212.0000,5211.0000,5210.2000,5210.0000,5213.6000,5215.0000,5215.2000,5216.0000,5216.6000,1,2,1,1,2,1,2,1,11,1
SF,IC2009,2020-05-14 09:33:28.400,5213.6000,40904,0,526265240.000,1,0,1,多换,S,5212.6000,5212.0000,5211.0000,5210.2000,5210.0000,5215.0000,5215.2000,5216.0000,5216.6000,5217.0000,1,2,1,1,2,2,1,11,1,13
SF,IC2009,2020-05-14 09:33:28.900,5213.6000,40904,0,526265240.000,0,-,-,-,-,5212.6000,5212.0000,5211.0000,5210.2000,5210.0000,5214.6000,5214.8000,5215.0000,5215.2000,5216.0000,1,2,1,1,2,2,1,2,1,11
SF,IC2009,2020-05-14 09:33:29.400,5213.6000,40904,0,526265240.000,0,-,-,-,-,5212.6000,5212.0000,5211.0000,5210.2000,5210.0000,5213.6000,5214.4000,5215.0000,5215.2000,5216.0000,1,2,1,1,2,1,4,1,1,11
SF,IC2009,2020-05-14 09:33:29.900,5213.6000,40904,0,527307960.000,1,0,1,多换,S,5213.6000,5212.6000,5212.0000,5211.0000,5210.2000,5214.4000,5215.0000,5215.2000,5216.0000,5216.6000,4,2,2,1,1,1,1,1,11,1
SF,IC2009,2020-05-14 09:33:30.400,5213.6000,40904,0,527307960.000,0,-,-,-,-,5213.6000,5212.6000,5212.0000,5211.0000,5210.2000,5214.4000,5215.0000,5215.2000,5216.0000,5216.6000,4,2,2,1,1,1,1,1,11,1
SF,IC2009,2020-05-14 09:33:30.900,5213.8000,40903,-1,528350720.000,1,0,1,双平,S,5213.6000,5212.6000,5212.0000,5211.0000,5210.2000,5214.4000,5215.0000,5215.2000,5216.0000,5216.6000,4,2,2,1,1,1,1,1,11,1
SF,IC2009,2020-05-14 09:33:31.400,5213.6000,40903,0,532521760.000,4,2,2,多换,S,5213.6000,5212.6000,5212.0000,5211.0000,5210.2000,5215.0000,5215.2000,5216.0000,5216.6000,5217.0000,1,2,2,1,1,1,1,11,1,13
SF,IC2009,2020-05-14 09:33:31.900,5213.6000,40903,0,533564480.000,1,0,1,多换,S,5212.6000,5212.0000,5211.0000,5210.2000,5210.0000,5214.6000,5214.8000,5215.0000,5215.2000,5216.0000,2,2,1,1,2,1,2,2,1,11
SF,IC2009,2020-05-14 09:33:32.400,5213.6000,40903,0,533564480.000,0,-,-,-,-,5212.8000,5212.6000,5212.0000,5211.0000,5210.2000,5214.4000,5215.0000,5215.2000,5216.0000,5216.6000,1,2,2,2,1,2,3,1,11,1
SF,IC2009,2020-05-14 09:33:32.900,5213.6000,40903,0,533564480.000,0,-,-,-,-,5213.6000,5212.8000,5212.6000,5212.0000,5211.0000,5214.2000,5214.4000,5215.0000,5215.2000,5216.0000,5,1,2,2,2,1,2,3,1,11
SF,IC2009,2020-05-14 09:33:33.400,5215.0000,40904,1,535650320.000,2,1,1,空开,S,5213.6000,5212.8000,5212.6000,5212.0000,5211.0000,5215.0000,5215.2000,5216.0000,5216.6000,5217.0000,5,1,2,2,1,2,1,11,1,13
SF,IC2009,2020-05-14 09:33:33.900,5215.0000,40904,0,535650320.000,0,-,-,-,-,5214.2000,5213.8000,5213.6000,5212.6000,5212.0000,5215.0000,5215.2000,5216.0000,5216.6000,5217.0000,2,1,5,2,2,1,1,11,1,13
SF,IC2009,2020-05-14 09:33:34.400,5215.0000,40905,1,536693320.000,1,1,0,双开,S,5214.2000,5213.8000,5213.6000,5213.2000,5212.6000,5215.2000,5216.0000,5216.6000,5217.0000,5218.2000,2,1,5,1,2,1,11,1,13,5
SF,IC2009,2020-05-14 09:33:34.900,5215.0000,40905,0,536693320.000,0,-,-,-,-,5213.8000,5213.6000,5213.2000,5212.6000,5212.0000,5215.0000,5215.2000,5216.0000,5216.6000,5217.0000,1,5,1,2,2,1,1,11,1,13
SF,IC2009,2020-05-14 09:33:35.400,5215.0000,40905,0,536693320.000,0,-,-,-,-,5213.8000,5213.6000,5213.2000,5212.6000,5212.0000,5214.8000,5215.2000,5216.0000,5216.6000,5217.0000,1,5,1,2,2,2,1,11,1,13
SF,IC2009,2020-05-14 09:33:35.900,5215.0000,40905,0,536693320.000,0,-,-,-,-,5213.6000,5213.2000,5212.6000,5212.0000,5211.0000,5214.8000,5215.0000,5215.2000,5216.0000,5216.6000,5,1,2,2,1,2,1,1,11,1
SF,IC2009,2020-05-14 09:33:36.400,5215.0000,40905,0,536693320.000,0,-,-,-,-,5213.6000,5213.2000,5212.6000,5212.0000,5211.0000,5214.6000,5214.8000,5215.2000,5216.0000,5216.6000,5,1,2,2,1,2,1,1,11,1
SF,IC2009,2020-05-14 09:33:36.900,5215.0000,40905,0,536693320.000,0,-,-,-,-,5213.8000,5213.6000,5213.2000,5212.6000,5212.0000,5214.6000,5215.2000,5216.0000,5216.6000,5217.0000,1,5,1,2,2,2,1,11,1,13
SF,IC2009,2020-05-14 09:33:37.400,5215.2000,40904,-1,538779280.000,2,0,2,多平,S,5214.6000,5213.8000,5213.6000,5213.2000,5212.6000,5216.0000,5216.6000,5217.0000,5218.0000,5218.2000,1,1,5,1,2,11,1,13,1,5
SF,IC2009,2020-05-14 09:33:37.900,5214.6000,40902,-2,540865120.000,2,0,2,双平,S,5213.8000,5213.6000,5213.2000,5212.6000,5212.0000,5215.8000,5216.0000,5216.6000,5217.0000,5218.0000,1,5,1,1,1,2,11,1,13,1
SF,IC2009,2020-05-14 09:33:38.400,5214.6000,40902,0,540865120.000,0,-,-,-,-,5214.0000,5213.8000,5213.6000,5213.2000,5212.6000,5215.8000,5216.0000,5216.6000,5217.0000,5218.0000,1,1,5,1,1,2,11,1,13,1
SF,IC2009,2020-05-14 09:33:38.900,5214.6000,40902,0,540865120.000,0,-,-,-,-,5214.8000,5214.2000,5214.0000,5213.6000,5213.2000,5215.8000,5216.0000,5216.6000,5217.0000,5218.0000,1,1,1,5,1,2,11,1,13,1
SF,IC2009,2020-05-14 09:33:39.400,5214.6000,40901,-1,541908040.000,1,0,1,双平,S,5214.2000,5213.6000,5213.2000,5212.6000,5212.0000,5215.6000,5215.8000,5216.0000,5216.6000,5217.0000,1,5,1,1,1,1,1,11,1,13
SF,IC2009,2020-05-14 09:33:39.900,5214.6000,40901,0,541908040.000,0,-,-,-,-,5214.2000,5213.8000,5213.6000,5213.2000,5212.6000,5215.0000,5215.4000,5216.0000,5216.6000,5217.0000,1,1,5,1,1,12,2,11,1,1
SF,IC2009,2020-05-14 09:33:40.400,5214.8000,40901,0,542951000.000,1,0,1,多换,S,5214.2000,5213.8000,5213.6000,5213.2000,5212.6000,5214.8000,5215.0000,5215.4000,5216.0000,5216.6000,1,1,5,1,1,1,12,1,11,1
SF,IC2009,2020-05-14 09:33:40.900,5214.8000,40901,0,542951000.000,0,-,-,-,-,5214.8000,5214.2000,5213.8000,5213.6000,5213.2000,5215.0000,5215.4000,5216.0000,5216.6000,5217.0000,5,1,1,5,1,12,1,11,1,1
SF,IC2009,2020-05-14 09:33:41.400,5215.0000,40901,0,553380960.000,10,5,5,多换,S,5214.8000,5214.2000,5213.8000,5213.6000,5213.2000,5215.0000,5215.4000,5216.0000,5216.6000,5217.0000,4,1,1,5,1,3,1,11,1,1
SF,IC2009,2020-05-14 09:33:41.900,5215.0000,40899,-2,558595960.000,5,1,4,多平,S,5215.0000,5214.8000,5213.8000,5213.6000,5213.2000,5216.0000,5216.6000,5217.0000,5218.0000,5218.2000,6,4,1,5,1,11,1,1,1,5
SF,IC2009,2020-05-14 09:33:42.400,5216.0000,40899,0,559639160.000,1,0,1,多换,S,5214.8000,5213.8000,5213.6000,5213.2000,5212.0000,5216.0000,5216.6000,5217.0000,5218.0000,5218.2000,4,1,5,1,1,10,1,1,1,5
SF,IC2009,2020-05-14 09:33:42.900,5216.0000,40899,0,559639160.000,0,-,-,-,-,5215.0000,5214.8000,5213.8000,5213.6000,5213.2000,5216.0000,5216.6000,5217.0000,5218.0000,5218.2000,1,4,1,5,1,10,1,1,1,5
SF,IC2009,2020-05-14 09:33:43.400,5216.0000,40899,0,559639160.000,0,-,-,-,-,5215.0000,5214.8000,5213.8000,5213.6000,5213.2000,5216.0000,5216.6000,5217.0000,5218.0000,5218.2000,2,4,1,5,1,10,1,1,1,5
SF,IC2009,2020-05-14 09:33:43.900,5216.0000,40899,0,559639160.000,0,-,-,-,-,5215.0000,5214.8000,5213.8000,5213.6000,5213.2000,5215.8000,5216.0000,5216.6000,5217.0000,5218.0000,1,4,1,5,1,1,10,1,1,1
SF,IC2009,2020-05-14 09:33:44.400,5216.0000,40898,-1,560682360.000,1,0,1,双平,S,5215.0000,5214.8000,5213.8000,5213.6000,5213.2000,5216.0000,5216.6000,5217.0000,5218.0000,5218.2000,1,4,1,5,1,10,1,1,1,5
SF,IC2009,2020-05-14 09:33:44.900,5216.0000,40898,0,560682360.000,0,-,-,-,-,5214.8000,5213.8000,5213.6000,5213.2000,5212.0000,5215.0000,5216.0000,5216.6000,5217.0000,5218.0000,4,1,5,1,1,1,10,1,1,1
SF,IC2009,2020-05-14 09:33:45.400,5216.0000,40897,-1,562768560.000,2,0,2,多平,S,5215.0000,5214.8000,5213.8000,5213.6000,5213.2000,5216.0000,5216.6000,5217.0000,5218.0000,5218.2000,2,4,1,5,1,9,1,1,1,5
SF,IC2009,2020-05-14 09:33:45.900,5216.0000,40897,0,562768560.000,0,-,-,-,-,5214.8000,5213.8000,5213.6000,5213.2000,5212.0000,5216.0000,5216.6000,5217.0000,5218.0000,5218.2000,4,1,5,1,1,9,1,1,1,5
SF,IC2009,2020-05-14 09:33:46.900,5216.0000,40896,-1,563811760.000,1,0,1,双平,S,5214.8000,5213.8000,5213.6000,5213.2000,5212.0000,5215.8000,5216.0000,5216.6000,5217.0000,5218.2000,4,1,5,1,1,1,8,1,1,5
SF,IC2009,2020-05-14 09:33:47.400,5216.0000,40896,0,564854960.000,1,0,1,多换,S,5215.0000,5214.8000,5213.8000,5213.6000,5213.2000,5216.0000,5216.6000,5218.2000,5218.4000,5222.0000,1,4,1,5,1,8,1,5,4,3
SF,IC2009,2020-05-14 09:33:47.900,5216.0000,40896,0,564854960.000,0,-,-,-,-,5214.8000,5213.8000,5213.6000,5213.2000,5212.0000,5216.0000,5216.6000,5218.2000,5218.4000,5222.0000,4,1,5,1,1,8,1,5,4,3
SF,IC2009,2020-05-14 09:33:48.900,5216.0000,40896,0,564854960.000,0,-,-,-,-,5215.0000,5214.8000,5213.8000,5213.6000,5213.2000,5216.0000,5216.6000,5218.2000,5218.4000,5222.0000,2,4,1,5,1,8,1,5,4,3
SF,IC2009,2020-05-14 09:33:49.400,5216.0000,40896,0,564854960.000,0,-,-,-,-,5214.8000,5213.8000,5213.6000,5213.2000,5212.0000,5215.8000,5216.0000,5216.6000,5218.2000,5218.4000,4,1,5,1,1,2,3,1,5,4
SF,IC2009,2020-05-14 09:33:49.900,5216.0000,40896,0,564854960.000,0,-,-,-,-,5214.8000,5213.8000,5213.6000,5213.2000,5212.0000,5215.8000,5216.0000,5216.6000,5218.2000,5218.4000,4,1,5,1,1,2,3,1,5,4
SF,IC2009,2020-05-14 09:33:51.400,5214.8000,40896,0,569026800.000,4,2,2,多换,S,5213.8000,5213.6000,5213.2000,5212.0000,5211.0000,5215.8000,5216.0000,5216.6000,5218.2000,5218.4000,1,5,1,1,3,2,3,1,5,4
SF,IC2009,2020-05-14 09:33:51.900,5214.8000,40896,0,569026800.000,0,-,-,-,-,5214.0000,5213.8000,5213.6000,5213.2000,5212.0000,5215.6000,5215.8000,5216.0000,5216.6000,5218.2000,2,1,5,1,1,1,2,3,1,5
SF,IC2009,2020-05-14 09:33:52.900,5214.8000,40896,0,569026800.000,0,-,-,-,-,5214.0000,5213.8000,5213.6000,5213.2000,5212.0000,5215.6000,5215.8000,5216.0000,5216.6000,5218.2000,2,1,5,1,1,2,2,3,1,5
SF,IC2009,2020-05-14 09:33:53.400,5214.8000,40896,0,569026800.000,0,-,-,-,-,5214.2000,5214.0000,5213.8000,5213.6000,5213.2000,5215.6000,5215.8000,5216.0000,5216.6000,5218.2000,1,2,1,5,1,2,2,3,1,5
SF,IC2009,2020-05-14 09:33:53.900,5214.4000,40895,-1,570069680.000,1,0,1,双平,S,5214.4000,5214.2000,5213.8000,5213.6000,5213.2000,5215.6000,5215.8000,5216.0000,5216.6000,5218.2000,1,1,1,5,1,2,2,3,1,5
SF,IC2009,2020-05-14 09:33:54.400,5214.4000,40895,0,570069680.000,0,-,-,-,-,5213.8000,5213.6000,5213.2000,5212.0000,5211.0000,5215.6000,5215.8000,5216.0000,5216.6000,5218.2000,1,5,1,1,3,2,2,3,1,5
SF,IC2009,2020-05-14 09:33:54.900,5214.4000,40895,0,570069680.000,0,-,-,-,-,5214.0000,5213.8000,5213.6000,5213.2000,5212.0000,5215.6000,5215.8000,5216.0000,5216.6000,5218.2000,2,1,5,1,1,1,2,3,1,5
SF,IC2009,2020-05-14 09:33:55.400,5214.4000,40895,0,570069680.000,0,-,-,-,-,5214.0000,5213.8000,5213.6000,5213.2000,5212.0000,5215.6000,5215.8000,5216.0000,5216.6000,5218.2000,1,1,5,1,1,1,2,3,1,5
SF,IC2009,2020-05-14 09:33:55.900,5214.4000,40894,-1,571112560.000,1,0,1,双平,S,5214.0000,5213.8000,5213.6000,5213.2000,5212.0000,5215.6000,5215.8000,5216.0000,5216.6000,5218.2000,1,1,5,1,1,1,2,3,1,5
SF,IC2009,2020-05-14 09:33:56.900,5214.4000,40894,0,571112560.000,0,-,-,-,-,5214.0000,5213.8000,5213.6000,5213.2000,5212.0000,5215.6000,5215.8000,5216.0000,5216.6000,5218.2000,1,1,5,1,1,1,2,4,1,5
SF,IC2009,2020-05-14 09:33:57.400,5215.6000,40894,0,572155680.000,1,0,1,多换,S,5214.2000,5214.0000,5213.8000,5213.6000,5213.2000,5216.0000,5216.6000,5218.2000,5218.4000,5222.0000,2,1,1,5,1,4,1,5,4,3
SF,IC2009,2020-05-14 09:33:57.900,5215.6000,40894,0,572155680.000,0,-,-,-,-,5214.4000,5213.8000,5213.6000,5213.2000,5212.0000,5215.8000,5216.0000,5216.6000,5218.2000,5218.4000,1,1,5,1,1,4,4,1,5,4
SF,IC2009,2020-05-14 09:33:58.400,5215.6000,40894,0,572155680.000,0,-,-,-,-,5213.8000,5213.6000,5213.2000,5212.0000,5211.0000,5214.0000,5215.0000,5215.8000,5216.0000,5216.6000,1,5,1,1,3,4,1,3,4,1
SF,IC2009,2020-05-14 09:33:58.900,5214.4000,40888,-6,578412640.000,6,0,6,双平,S,5214.4000,5214.0000,5213.8000,5213.6000,5213.2000,5215.8000,5216.0000,5216.6000,5218.2000,5218.4000,1,2,1,5,1,3,4,1,5,4
SF,IC2009,2020-05-14 09:33:59.400,5214.4000,40888,0,578412640.000,0,-,-,-,-,5213.8000,5213.6000,5213.2000,5212.0000,5211.0000,5214.4000,5215.0000,5215.6000,5215.8000,5216.0000,1,5,1,1,3,4,1,1,1,4
SF,IC2009,2020-05-14 09:33:59.900,5213.6000,40888,0,581541000.000,3,1,2,多换,S,5213.6000,5213.2000,5212.0000,5211.0000,5210.2000,5215.8000,5216.0000,5216.6000,5218.2000,5218.4000,4,1,1,3,1,1,4,1,5,4
SF,IC2009,2020-05-14 09:34:00.400,5213.6000,40888,0,581541000.000,0,-,-,-,-,5213.8000,5213.6000,5213.2000,5212.0000,5211.0000,5215.6000,5215.8000,5216.0000,5216.6000,5218.2000,1,4,1,1,3,4,2,4,1,5
SF,IC2009,2020-05-14 09:34:00.900,5213.8000,40887,-1,582583760.000,1,0,1,双平,S,5213.6000,5213.2000,5212.0000,5211.0000,5210.2000,5215.4000,5215.6000,5216.0000,5216.6000,5218.2000,4,1,1,3,1,6,1,4,1,5
SF,IC2009,2020-05-14 09:34:01.400,5213.6000,40887,0,585711920.000,3,1,2,多换,S,5213.6000,5213.2000,5212.0000,5211.0000,5210.2000,5215.2000,5215.4000,5216.0000,5216.6000,5218.2000,1,1,1,3,1,4,4,4,1,5
SF,IC2009,2020-05-14 09:34:01.900,5213.6000,40887,0,585711920.000,0,-,-,-,-,5213.6000,5213.2000,5212.0000,5211.0000,5210.2000,5215.0000,5215.2000,5215.4000,5216.0000,5216.6000,1,1,1,3,1,4,2,2,4,1
SF,IC2009,2020-05-14 09:34:02.400,5213.6000,40887,0,586754640.000,1,0,1,多换,S,5213.2000,5212.0000,5211.0000,5210.2000,5210.0000,5215.0000,5215.2000,5215.4000,5216.0000,5216.6000,1,1,3,1,4,6,2,2,4,1
SF,IC2009,2020-05-14 09:34:02.900,5213.8000,40886,-1,587797400.000,1,0,1,双平,S,5213.2000,5212.0000,5211.0000,5210.2000,5210.0000,5214.8000,5215.0000,5215.2000,5215.4000,5216.0000,1,1,3,1,4,1,6,1,2,4
SF,IC2009,2020-05-14 09:34:03.400,5213.2000,40886,0,588840040.000,1,0,1,多换,S,5213.4000,5212.0000,5211.0000,5210.2000,5210.0000,5213.8000,5214.6000,5214.8000,5215.0000,5215.4000,1,1,3,1,4,6,1,3,4,1
SF,IC2009,2020-05-14 09:34:03.900,5213.2000,40886,0,588840040.000,0,-,-,-,-,5212.0000,5211.0000,5210.2000,5210.0000,5209.8000,5212.4000,5213.4000,5213.8000,5214.6000,5214.8000,1,3,1,4,1,1,1,6,1,3
SF,IC2009,2020-05-14 09:34:04.400,5212.4000,40885,-1,589882520.000,1,0,1,双平,S,5213.4000,5212.8000,5212.4000,5212.2000,5212.0000,5213.8000,5214.0000,5214.6000,5214.8000,5215.0000,1,3,2,1,1,6,1,1,3,4
SF,IC2009,2020-05-14 09:34:04.900,5213.4000,40885,0,590925200.000,1,0,1,多换,S,5212.0000,5211.0000,5210.2000,5210.0000,5209.8000,5213.4000,5213.8000,5214.0000,5214.6000,5214.8000,1,3,1,4,1,3,6,1,1,3
SF,IC2009,2020-05-14 09:34:05.400,5213.4000,40885,0,590925200.000,0,-,-,-,-,5212.4000,5212.2000,5212.0000,5211.0000,5210.2000,5213.4000,5213.8000,5214.0000,5214.6000,5214.8000,1,3,1,3,1,2,6,1,1,2
SF,IC2009,2020-05-14 09:34:05.900,5213.4000,40885,0,590925200.000,0,-,-,-,-,5212.4000,5212.2000,5212.0000,5211.0000,5210.2000,5213.4000,5213.8000,5214.0000,5214.6000,5214.8000,1,2,1,3,1,1,6,1,1,1
SF,IC2009,2020-05-14 09:34:06.400,5213.4000,40885,0,590925200.000,0,-,-,-,-,5212.2000,5212.0000,5211.0000,5210.2000,5210.0000,5213.2000,5213.4000,5213.8000,5214.0000,5214.6000,2,1,2,1,4,2,1,6,1,1
SF,IC2009,2020-05-14 09:34:06.900,5212.8000,40883,-2,593010400.000,2,0,2,双平,S,5212.0000,5211.0000,5210.2000,5210.0000,5209.8000,5212.2000,5213.0000,5213.4000,5213.8000,5214.0000,1,2,1,4,1,1,3,1,6,1
SF,IC2009,2020-05-14 09:34:07.400,5213.0000,40883,0,595095400.000,2,1,1,多换,S,5211.0000,5210.2000,5210.0000,5209.8000,5206.0000,5212.2000,5213.0000,5213.8000,5214.0000,5215.0000,2,1,4,1,2,1,2,6,1,2
SF,IC2009,2020-05-14 09:34:07.900,5213.0000,40883,0,595095400.000,0,-,-,-,-,5211.2000,5211.0000,5210.2000,5210.0000,5209.8000,5212.2000,5213.0000,5213.8000,5214.0000,5215.0000,3,2,1,4,1,2,2,6,1,2
SF,IC2009,2020-05-14 09:34:08.400,5212.2000,40884,1,596137840.000,1,1,0,双开,S,5211.4000,5211.2000,5211.0000,5210.2000,5210.0000,5213.0000,5213.8000,5214.0000,5215.0000,5216.0000,1,3,2,1,4,2,6,1,2,4
SF,IC2009,2020-05-14 09:34:08.900,5212.2000,40884,0,597180280.000,1,0,1,多换,S,5211.6000,5211.0000,5210.2000,5210.0000,5209.8000,5212.8000,5213.0000,5213.8000,5214.0000,5215.0000,3,2,1,4,1,1,1,6,1,2
SF,IC2009,2020-05-14 09:34:09.400,5212.8000,40884,0,598222840.000,1,0,1,多换,S,5211.6000,5211.0000,5210.2000,5210.0000,5209.8000,5213.8000,5214.0000,5215.0000,5216.0000,5216.6000,3,2,1,4,1,6,1,2,4,1
SF,IC2009,2020-05-14 09:34:09.900,5212.8000,40884,0,598222840.000,0,-,-,-,-,5211.8000,5211.6000,5211.0000,5210.2000,5210.0000,5213.8000,5214.0000,5215.0000,5216.0000,5216.6000,2,1,2,1,4,6,1,2,4,1
SF,IC2009,2020-05-14 09:34:10.400,5212.8000,40884,0,598222840.000,0,-,-,-,-,5212.0000,5211.8000,5211.0000,5210.2000,5210.0000,5213.6000,5213.8000,5214.0000,5215.0000,5216.0000,3,2,2,1,4,1,6,1,2,4
SF,IC2009,2020-05-14 09:34:10.900,5212.8000,40884,0,598222840.000,0,-,-,-,-,5212.2000,5212.0000,5211.8000,5211.6000,5211.0000,5213.6000,5213.8000,5214.0000,5215.0000,5216.0000,4,2,2,5,2,1,6,1,2,4
SF,IC2009,2020-05-14 09:34:11.400,5213.6000,40884,0,599265560.000,1,0,1,多换,S,5212.2000,5212.0000,5211.6000,5211.0000,5210.2000,5213.8000,5214.0000,5215.0000,5216.0000,5216.6000,3,1,5,2,1,6,1,2,4,1
SF,IC2009,2020-05-14 09:34:11.900,5213.6000,40884,0,599265560.000,0,-,-,-,-,5212.0000,5211.6000,5211.0000,5210.2000,5210.0000,5213.6000,5213.8000,5214.0000,5215.0000,5216.0000,1,5,2,1,4,2,6,1,2,4
SF,IC2009,2020-05-14 09:34:12.400,5213.6000,40884,0,599265560.000,0,-,-,-,-,5212.0000,5211.6000,5211.0000,5210.2000,5210.0000,5213.6000,5213.8000,5214.0000,5215.0000,5216.0000,1,5,2,1,4,1,6,1,2,4
SF,IC2009,2020-05-14 09:34:12.900,5213.6000,40884,0,599265560.000,0,-,-,-,-,5212.2000,5212.0000,5211.6000,5211.0000,5210.2000,5213.6000,5213.8000,5215.0000,5216.0000,5216.6000,1,1,5,2,1,1,6,2,4,1
SF,IC2009,2020-05-14 09:34:13.400,5213.6000,40884,0,599265560.000,0,-,-,-,-,5212.0000,5211.6000,5211.0000,5210.2000,5210.0000,5212.2000,5213.6000,5213.8000,5215.0000,5216.0000,1,5,2,1,4,1,1,6,2,4
SF,IC2009,2020-05-14 09:34:13.900,5212.2000,40883,-1,600308000.000,1,0,1,双平,S,5212.2000,5212.0000,5211.6000,5211.0000,5210.2000,5213.6000,5213.8000,5215.0000,5216.0000,5216.6000,1,1,5,2,1,1,6,2,4,1
SF,IC2009,2020-05-14 09:34:14.400,5212.4000,40883,0,602393200.000,2,1,1,多换,S,5211.6000,5211.0000,5210.2000,5210.0000,5209.8000,5213.8000,5215.0000,5216.0000,5216.6000,5218.2000,5,2,1,4,1,6,2,4,1,5
SF,IC2009,2020-05-14 09:34:14.900,5212.4000,40883,0,602393200.000,0,-,-,-,-,5213.6000,5211.8000,5211.6000,5211.0000,5210.2000,5213.8000,5215.0000,5216.0000,5216.6000,5218.2000,2,2,5,2,1,6,2,4,1,5
SF,IC2009,2020-05-14 09:34:15.400,5213.6000,40881,-2,604478640.000,2,0,2,双平,S,5211.8000,5211.6000,5211.0000,5210.2000,5210.0000,5213.6000,5213.8000,5215.0000,5216.0000,5216.6000,2,5,2,1,4,3,6,2,4,1
SF,IC2009,2020-05-14 09:34:15.900,5213.6000,40881,0,604478640.000,0,-,-,-,-,5212.0000,5211.8000,5211.6000,5211.0000,5210.2000,5213.6000,5213.8000,5215.0000,5216.0000,5216.6000,1,2,5,2,1,1,6,2,4,1
SF,IC2009,2020-05-14 09:34:16.400,5213.6000,40881,0,604478640.000,0,-,-,-,-,5212.2000,5211.8000,5211.6000,5211.0000,5210.2000,5213.6000,5213.8000,5215.0000,5216.0000,5216.6000,2,1,5,2,1,1,6,2,4,1
SF,IC2009,2020-05-14 09:34:17.900,5213.6000,40881,0,604478640.000,0,-,-,-,-,5212.2000,5211.8000,5211.6000,5211.0000,5210.2000,5213.8000,5215.0000,5216.0000,5216.6000,5218.2000,2,1,5,2,1,6,2,4,1,5
SF,IC2009,2020-05-14 09:34:18.400,5213.8000,40881,0,605521400.000,1,0,1,多换,S,5212.4000,5212.2000,5211.6000,5211.0000,5210.2000,5213.8000,5215.0000,5216.0000,5216.6000,5218.2000,3,2,5,2,1,5,2,4,1,5
SF,IC2009,2020-05-14 09:34:18.900,5213.8000,40876,-5,610735200.000,5,0,5,双平,S,5212.6000,5212.4000,5211.6000,5211.0000,5210.2000,5215.0000,5216.0000,5216.6000,5218.2000,5218.4000,2,3,5,2,1,2,4,1,5,4
SF,IC2009,2020-05-14 09:34:19.400,5213.8000,40876,0,610735200.000,0,-,-,-,-,5212.8000,5212.6000,5211.6000,5211.0000,5210.2000,5214.8000,5215.0000,5216.0000,5216.6000,5218.2000,1,1,5,2,1,1,3,4,1,5
SF,IC2009,2020-05-14 09:34:19.900,5213.8000,40876,0,610735200.000,0,-,-,-,-,5213.0000,5211.6000,5211.0000,5210.2000,5210.0000,5214.8000,5215.0000,5216.0000,5216.6000,5218.2000,2,5,2,1,5,1,3,4,1,5
SF,IC2009,2020-05-14 09:34:20.400,5213.8000,40876,0,610735200.000,0,-,-,-,-,5213.4000,5213.0000,5211.6000,5211.0000,5210.2000,5215.0000,5216.0000,5216.6000,5218.2000,5218.4000,1,2,5,2,1,2,4,1,5,4
SF,IC2009,2020-05-14 09:34:20.900,5213.0000,40875,-1,611777800.000,1,0,1,双平,S,5211.6000,5211.0000,5210.2000,5210.0000,5209.8000,5213.4000,5214.8000,5215.0000,5216.0000,5216.6000,5,2,1,5,1,1,2,2,4,1
SF,IC2009,2020-05-14 09:34:21.400,5213.4000,40874,-1,612820480.000,1,0,1,双平,S,5214.4000,5212.0000,5211.8000,5211.6000,5211.0000,5214.8000,5215.0000,5216.0000,5216.6000,5218.2000,1,2,3,5,2,1,2,4,1,5
SF,IC2009,2020-05-14 09:34:21.900,5214.0000,40874,0,613863280.000,1,0,1,多换,S,5212.0000,5211.8000,5211.6000,5211.0000,5210.2000,5214.0000,5214.4000,5215.0000,5216.0000,5216.6000,1,2,5,2,1,2,4,2,4,1
SF,IC2009,2020-05-14 09:34:22.400,5212.2000,40872,-2,615948400.000,2,0,2,双平,S,5212.2000,5212.0000,5211.6000,5211.0000,5210.2000,5213.8000,5214.4000,5215.0000,5216.0000,5216.6000,4,1,5,2,1,1,4,2,4,1
SF,IC2009,2020-05-14 09:34:22.900,5212.2000,40872,0,615948400.000,0,-,-,-,-,5212.4000,5212.2000,5211.6000,5211.0000,5210.2000,5214.4000,5215.0000,5216.0000,5216.6000,5218.2000,2,2,5,2,1,4,2,4,1,5
SF,IC2009,2020-05-14 09:34:23.400,5214.2000,40872,0,616991240.000,1,0,1,多换,S,5212.6000,5211.6000,5211.0000,5210.2000,5210.0000,5214.4000,5215.0000,5216.0000,5216.6000,5218.2000,5,5,2,1,5,3,2,4,1,5
SF,IC2009,2020-05-14 09:34:23.900,5212.8000,40871,-1,618033800.000,1,0,1,双平,S,5213.8000,5212.6000,5212.0000,5211.6000,5211.0000,5214.0000,5214.4000,5215.0000,5216.0000,5216.6000,1,5,1,5,2,1,1,2,4,1
