市场代码,合约代码,时间,最新,持仓,增仓,成交额,成交量,开仓,平仓,成交类型,方向,买一价,买二价,买三价,买四价,买五价,卖一价,卖二价,卖三价,卖四价,卖五价,买一量,买二量,买三量,买四量,买五量,卖一量,卖二量,卖三量,卖四量,卖五量
SF,IC2006,2019-12-25 09:29:00.200,5024.4000,33928,0,38185440.000,38.000,-,-,-,-,5024.4000,5022.4000,5021.4000,5020.4000,5020.0000,5025.2000,5026.0000,5028.0000,5029.0000,5032.0000,3,5,5,5,3,1,1,2,3,2
SF,IC2006,2019-12-25 09:30:00.200,5022.4000,33932,4,42204560.000,4,4,0,双开,S,5022.4000,5021.4000,5020.4000,5020.0000,5018.4000,5022.8000,5024.0000,5024.2000,5024.4000,5025.0000,4,5,5,3,5,1,1,2,2,1
SF,IC2006,2019-12-25 09:30:00.700,5022.4000,33934,2,52251040.000,10,6,4,空开,S,5021.4000,5020.4000,5020.0000,5018.4000,5017.0000,5024.4000,5025.0000,5025.2000,5026.0000,5028.0000,5,5,3,5,3,12,1,1,1,2
SF,IC2006,2019-12-25 09:30:01.200,5022.4000,33934,0,52251040.000,0,-,-,-,-,5021.6000,5021.4000,5020.4000,5020.0000,5018.4000,5023.8000,5024.4000,5025.0000,5025.2000,5025.6000,1,5,5,3,5,1,14,1,1,5
SF,IC2006,2019-12-25 09:30:01.700,5021.6000,33934,0,54259640.000,2,1,1,多换,S,5021.4000,5020.4000,5020.0000,5018.4000,5017.0000,5021.6000,5021.8000,5022.6000,5023.2000,5023.6000,4,5,3,5,3,5,1,1,1,1
SF,IC2006,2019-12-25 09:30:02.200,5021.4000,33930,-4,59281200.000,5,0,5,多平,S,5021.4000,5020.4000,5020.0000,5018.4000,5017.0000,5021.6000,5021.8000,5022.6000,5023.2000,5023.6000,3,5,3,5,3,1,1,1,1,2
SF,IC2006,2019-12-25 09:30:02.700,5021.6000,33929,-1,60285520.000,1,0,1,双平,S,5021.4000,5020.4000,5020.0000,5018.4000,5017.0000,5021.8000,5022.6000,5023.2000,5023.6000,5023.8000,3,5,3,5,3,1,1,1,2,1
SF,IC2006,2019-12-25 09:30:03.200,5021.8000,33928,-1,61289880.000,1,0,1,双平,S,5021.4000,5020.4000,5020.0000,5018.4000,5017.0000,5022.6000,5023.6000,5023.8000,5024.4000,5025.0000,3,5,3,5,3,1,2,1,18,3
SF,IC2006,2019-12-25 09:30:03.700,5021.4000,33928,0,64302720.000,3,1,2,多换,S,5020.4000,5020.0000,5018.4000,5017.0000,5016.4000,5021.4000,5022.4000,5022.6000,5023.6000,5023.8000,5,3,5,3,5,2,1,1,1,1
SF,IC2006,2019-12-25 09:30:04.200,5021.4000,33927,-1,65307000.000,1,0,1,双平,S,5020.4000,5020.0000,5018.4000,5017.0000,5016.4000,5021.4000,5023.6000,5024.4000,5025.0000,5025.2000,5,3,5,3,5,1,1,18,4,1
SF,IC2006,2019-12-25 09:30:04.700,5021.4000,33925,-2,67315560.000,2,0,2,双平,S,5020.6000,5020.4000,5020.0000,5018.4000,5017.0000,5021.4000,5023.6000,5024.4000,5025.0000,5025.2000,1,5,3,5,3,3,1,18,4,1
SF,IC2006,2019-12-25 09:30:05.200,5020.4000,33922,-3,71332480.000,4,0,4,多平,S,5020.4000,5020.0000,5018.4000,5017.0000,5016.4000,5023.6000,5024.4000,5025.0000,5025.2000,5026.0000,4,3,5,3,5,1,18,3,1,1
SF,IC2006,2019-12-25 09:30:05.700,5020.6000,33921,-1,72336600.000,1,0,1,双平,S,5020.4000,5020.0000,5018.4000,5017.0000,5016.4000,5020.6000,5023.6000,5024.4000,5025.0000,5025.2000,4,4,5,3,5,1,1,18,3,1
SF,IC2006,2019-12-25 09:30:06.200,5020.6000,33920,-1,73340720.000,1,0,1,双平,S,5020.4000,5020.0000,5018.4000,5017.0000,5016.4000,5024.4000,5025.0000,5025.2000,5026.0000,5028.0000,4,4,5,3,5,18,3,1,1,2
SF,IC2006,2019-12-25 09:30:06.700,5020.6000,33920,0,73340720.000,0,-,-,-,-,5020.6000,5020.4000,5020.0000,5018.4000,5017.0000,5024.4000,5025.0000,5025.2000,5026.0000,5028.0000,1,4,4,5,3,18,3,1,1,2
SF,IC2006,2019-12-25 09:30:07.200,5020.6000,33920,0,73340720.000,0,-,-,-,-,5020.6000,5020.4000,5020.0000,5018.4000,5017.0000,5024.2000,5024.4000,5025.0000,5025.2000,5026.0000,1,4,4,5,3,1,18,3,1,1
SF,IC2006,2019-12-25 09:30:07.700,5020.6000,33919,-1,74344840.000,1,0,1,双平,S,5020.4000,5020.0000,5018.4000,5017.0000,5016.4000,5024.0000,5024.2000,5024.4000,5025.0000,5025.2000,4,4,5,3,5,1,1,16,3,1
SF,IC2006,2019-12-25 09:30:08.200,5020.6000,33919,0,74344840.000,0,-,-,-,-,5020.6000,5020.4000,5020.0000,5018.4000,5017.0000,5024.0000,5024.4000,5025.0000,5025.2000,5026.0000,2,4,4,5,3,1,16,3,1,1
SF,IC2006,2019-12-25 09:30:08.700,5020.6000,33918,-1,76353080.000,2,0,2,多平,S,5020.4000,5020.0000,5018.4000,5016.4000,5015.2000,5023.8000,5024.0000,5024.4000,5025.0000,5025.2000,4,4,5,5,1,1,1,9,3,1
SF,IC2006,2019-12-25 09:30:09.200,5020.6000,33917,-1,77357200.000,1,0,1,双平,S,5020.4000,5020.0000,5018.4000,5016.4000,5015.2000,5020.6000,5023.8000,5024.0000,5024.4000,5025.0000,4,4,5,5,1,6,1,1,9,3
SF,IC2006,2019-12-25 09:30:09.700,5020.6000,33912,-5,83381880.000,6,0,6,多平,S,5020.4000,5020.0000,5018.4000,5016.4000,5015.2000,5020.6000,5024.2000,5024.4000,5025.0000,5025.2000,3,4,5,5,1,1,2,9,3,1
SF,IC2006,2019-12-25 09:30:10.200,5020.6000,33912,0,83381880.000,0,-,-,-,-,5020.4000,5020.0000,5018.4000,5016.4000,5015.2000,5020.6000,5024.2000,5024.4000,5025.0000,5025.2000,4,4,5,5,1,1,2,9,3,1
SF,IC2006,2019-12-25 09:30:10.700,5020.4000,33912,0,85390040.000,2,1,1,多换,S,5020.4000,5020.0000,5018.4000,5016.4000,5015.2000,5020.6000,5024.2000,5024.4000,5025.0000,5025.2000,2,4,5,5,1,1,2,9,3,1
SF,IC2006,2019-12-25 09:30:11.200,5020.4000,33911,-1,87398240.000,2,0,2,多平,S,5020.6000,5020.4000,5020.0000,5018.4000,5016.4000,5024.2000,5024.4000,5025.0000,5025.2000,5026.0000,3,1,4,5,5,2,9,3,1,1
SF,IC2006,2019-12-25 09:30:11.700,5020.6000,33911,0,90410600.000,3,1,2,多换,S,5020.4000,5020.0000,5018.4000,5016.4000,5015.2000,5020.6000,5024.0000,5024.2000,5024.4000,5025.0000,1,4,5,5,1,6,1,2,9,3
SF,IC2006,2019-12-25 09:30:12.200,5020.4000,33910,-1,91414680.000,1,0,1,双平,S,5020.0000,5018.4000,5016.4000,5015.2000,5014.4000,5020.6000,5024.0000,5024.2000,5024.4000,5024.8000,4,5,5,1,5,6,1,2,9,2
SF,IC2006,2019-12-25 09:30:12.700,5020.6000,33909,-1,101455640.000,10,4,6,多平,S,5020.6000,5020.0000,5018.4000,5016.4000,5015.2000,5021.0000,5024.2000,5024.4000,5024.8000,5025.0000,4,5,5,5,1,1,2,9,2,3
SF,IC2006,2019-12-25 09:30:13.200,5020.6000,33909,0,105472120.000,4,2,2,多换,S,5020.0000,5018.4000,5016.4000,5015.2000,5014.4000,5021.0000,5024.2000,5024.4000,5024.8000,5025.0000,5,5,5,1,5,1,2,9,2,3
SF,IC2006,2019-12-25 09:30:13.700,5021.0000,33909,0,111497120.000,6,3,3,多换,S,5021.0000,5020.6000,5020.0000,5018.4000,5016.4000,5024.2000,5024.4000,5024.8000,5025.0000,5025.2000,2,4,5,5,5,2,9,2,3,1
SF,IC2006,2019-12-25 09:30:14.200,5024.0000,33909,0,116521120.000,5,2,3,多换,S,5021.0000,5020.6000,5020.2000,5020.0000,5018.4000,5024.2000,5024.4000,5024.8000,5025.0000,5025.2000,2,4,1,5,5,2,9,2,3,1
SF,IC2006,2019-12-25 09:30:14.700,5024.2000,33911,2,120540440.000,4,3,1,空开,S,5024.2000,5021.2000,5021.0000,5020.6000,5020.2000,5024.4000,5024.8000,5025.0000,5025.2000,5026.0000,1,3,2,4,1,9,2,4,1,1
SF,IC2006,2019-12-25 09:30:15.200,5024.2000,33911,0,128579160.000,8,4,4,多换,S,5024.2000,5021.0000,5020.6000,5020.2000,5020.0000,5024.4000,5024.8000,5025.0000,5025.2000,5026.0000,1,2,4,1,6,10,2,4,1,1
SF,IC2006,2019-12-25 09:30:15.700,5024.4000,33912,1,137622960.000,9,5,4,空开,S,5021.0000,5020.6000,5020.2000,5020.0000,5018.4000,5024.4000,5024.8000,5025.0000,5025.2000,5026.0000,2,4,1,6,5,4,2,4,1,1
SF,IC2006,2019-12-25 09:30:16.200,5024.4000,33914,2,146663760.000,9,5,4,空开,S,5020.6000,5020.4000,5020.2000,5020.0000,5018.4000,5024.4000,5024.8000,5025.0000,5025.2000,5026.0000,2,1,1,6,5,3,2,4,1,1
SF,IC2006,2019-12-25 09:30:16.700,5024.4000,33915,1,151688160.000,5,3,2,空开,S,5024.4000,5020.6000,5020.4000,5020.2000,5020.0000,5024.8000,5025.0000,5025.2000,5026.0000,5028.0000,2,2,1,1,6,2,4,1,1,2
SF,IC2006,2019-12-25 09:30:17.200,5024.8000,33917,2,158722600.000,7,4,3,空开,S,5024.8000,5020.6000,5020.2000,5020.0000,5018.4000,5025.0000,5025.2000,5026.0000,5028.0000,5029.0000,3,2,1,5,5,5,1,1,2,3
SF,IC2006,2019-12-25 09:30:17.700,5025.0000,33919,2,166762480.000,8,5,3,空开,S,5021.0000,5020.6000,5020.2000,5020.0000,5018.4000,5025.2000,5026.0000,5028.0000,5029.0000,5029.6000,1,2,2,5,5,1,1,2,3,1
SF,IC2006,2019-12-25 09:30:18.200,5025.0000,33923,4,171787480.000,5,4,1,空开,S,5021.8000,5021.2000,5021.0000,5020.8000,5020.6000,5025.2000,5026.0000,5028.0000,5029.0000,5029.6000,1,1,1,1,2,1,1,2,3,1
SF,IC2006,2019-12-25 09:30:18.700,5025.2000,33923,0,176812640.000,5,2,3,多换,S,5021.8000,5021.2000,5021.0000,5020.8000,5020.6000,5024.0000,5024.8000,5025.4000,5025.6000,5026.0000,1,1,1,1,2,2,1,1,2,1
SF,IC2006,2019-12-25 09:30:19.200,5024.0000,33923,0,178822240.000,2,1,1,多换,S,5024.0000,5021.8000,5021.2000,5020.8000,5020.6000,5024.8000,5025.6000,5026.0000,5026.2000,5027.0000,3,2,1,1,2,1,2,1,1,1
SF,IC2006,2019-12-25 09:30:19.700,5024.8000,33923,0,181836920.000,3,1,2,多换,S,5024.8000,5024.0000,5021.8000,5021.2000,5020.8000,5025.6000,5026.0000,5026.2000,5027.0000,5028.0000,3,2,2,1,1,2,1,1,1,2
SF,IC2006,2019-12-25 09:30:20.200,5025.6000,33925,2,187867160.000,6,4,2,空开,S,5025.6000,5024.8000,5024.0000,5021.8000,5020.8000,5026.0000,5027.0000,5028.0000,5029.0000,5029.6000,2,1,2,2,1,1,1,2,3,1
SF,IC2006,2019-12-25 09:30:20.700,5025.8000,33920,-5,193898280.000,6,0,6,多平,S,5025.6000,5024.8000,5024.0000,5021.8000,5020.8000,5027.0000,5028.0000,5029.0000,5029.6000,5030.0000,1,1,2,2,1,1,2,3,1,1
SF,IC2006,2019-12-25 09:30:21.200,5025.8000,33919,-1,194903440.000,1,0,1,双平,S,5027.0000,5025.6000,5024.8000,5024.0000,5021.8000,5028.0000,5029.0000,5029.6000,5030.0000,5030.4000,1,1,1,2,2,3,3,1,1,5
SF,IC2006,2019-12-25 09:30:21.700,5025.8000,33918,-1,195908600.000,1,0,1,双平,S,5025.6000,5024.8000,5024.0000,5021.8000,5020.8000,5026.2000,5027.6000,5027.8000,5028.0000,5029.0000,1,1,2,1,1,2,1,1,2,3
SF,IC2006,2019-12-25 09:30:22.200,5026.2000,33920,2,197919080.000,2,2,0,双开,S,5026.2000,5025.6000,5024.8000,5024.0000,5021.8000,5027.6000,5027.8000,5028.0000,5029.0000,5029.6000,3,1,1,2,1,2,2,2,3,2
SF,IC2006,2019-12-25 09:30:22.700,5027.6000,33922,2,201940600.000,4,3,1,空开,S,5027.6000,5026.2000,5025.6000,5024.8000,5024.0000,5028.0000,5028.4000,5029.0000,5029.6000,5030.0000,3,1,1,1,2,2,1,3,2,1
SF,IC2006,2019-12-25 09:30:23.200,5027.6000,33922,0,204957160.000,3,1,2,多换,S,5026.2000,5025.6000,5024.0000,5021.8000,5020.8000,5028.0000,5028.4000,5029.0000,5029.6000,5030.0000,1,1,2,1,1,2,1,3,2,1
SF,IC2006,2019-12-25 09:30:23.700,5026.4000,33922,0,210990440.000,6,3,3,多换,S,5026.2000,5025.6000,5024.0000,5021.8000,5020.8000,5028.4000,5029.0000,5029.6000,5030.0000,5030.4000,1,1,2,1,1,1,3,2,1,5
SF,IC2006,2019-12-25 09:30:24.200,5026.4000,33922,0,210990440.000,0,-,-,-,-,5026.4000,5026.2000,5025.6000,5024.0000,5021.8000,5027.6000,5028.2000,5029.0000,5029.6000,5030.0000,1,1,1,2,1,1,1,3,2,1
SF,IC2006,2019-12-25 09:30:24.700,5026.4000,33921,-1,211995720.000,1,0,1,双平,S,5028.0000,5026.2000,5025.6000,5024.0000,5021.8000,5028.2000,5029.0000,5029.6000,5030.0000,5030.4000,1,1,1,2,1,1,3,2,1,5
SF,IC2006,2019-12-25 09:30:25.200,5028.0000,33920,-1,213001320.000,1,0,1,双平,S,5026.2000,5025.6000,5024.0000,5021.8000,5020.8000,5028.0000,5029.0000,5029.6000,5030.0000,5030.4000,1,1,2,1,1,5,3,2,1,5
SF,IC2006,2019-12-25 09:30:25.700,5028.0000,33920,0,213001320.000,0,-,-,-,-,5026.4000,5026.2000,5025.6000,5024.0000,5021.8000,5027.8000,5028.0000,5029.0000,5029.6000,5030.0000,1,1,1,2,1,2,5,3,2,1
SF,IC2006,2019-12-25 09:30:26.200,5028.0000,33920,0,213001320.000,0,-,-,-,-,5026.4000,5026.2000,5025.6000,5024.0000,5020.8000,5027.0000,5027.8000,5028.0000,5029.0000,5029.6000,1,1,1,2,1,1,2,5,3,2
SF,IC2006,2019-12-25 09:30:26.700,5026.4000,33920,0,214006600.000,1,0,1,多换,S,5026.2000,5025.6000,5024.0000,5020.8000,5020.4000,5026.8000,5027.0000,5027.6000,5027.8000,5028.0000,1,1,2,1,1,2,1,1,2,5
SF,IC2006,2019-12-25 09:30:27.200,5026.2000,33920,0,215011840.000,1,0,1,多换,S,5025.6000,5024.0000,5020.8000,5020.4000,5020.2000,5026.8000,5027.0000,5027.4000,5027.6000,5027.8000,1,2,1,1,2,2,1,1,2,1
SF,IC2006,2019-12-25 09:30:27.700,5026.8000,33922,2,217022560.000,2,2,0,双开,S,5026.8000,5025.6000,5024.0000,5020.4000,5020.2000,5027.0000,5027.4000,5027.6000,5027.8000,5028.0000,3,1,2,1,2,1,1,2,1,5
SF,IC2006,2019-12-25 09:30:28.200,5026.8000,33923,1,221044000.000,4,2,2,空开,S,5027.0000,5025.6000,5024.0000,5020.4000,5020.2000,5027.4000,5027.6000,5027.8000,5028.0000,5029.0000,3,1,2,1,2,2,2,1,5,3
SF,IC2006,2019-12-25 09:30:28.700,5027.0000,33923,0,224060200.000,3,1,2,多换,S,5025.6000,5024.0000,5020.4000,5020.2000,5020.0000,5027.0000,5027.2000,5027.6000,5027.8000,5028.0000,1,2,1,2,1,7,2,1,1,5
SF,IC2006,2019-12-25 09:30:29.200,5027.0000,33923,0,224060200.000,0,-,-,-,-,5025.8000,5025.6000,5024.4000,5024.0000,5020.4000,5027.0000,5027.2000,5027.6000,5028.0000,5029.0000,1,1,1,2,1,7,1,1,5,3
SF,IC2006,2019-12-25 09:30:29.700,5025.6000,33922,-1,226070480.000,2,0,2,多平,S,5024.4000,5024.0000,5020.4000,5020.2000,5020.0000,5026.6000,5026.8000,5027.4000,5027.6000,5028.0000,1,2,1,2,1,1,1,2,1,5
SF,IC2006,2019-12-25 09:30:30.200,5026.4000,33923,1,227075760.000,1,1,0,双开,S,5026.0000,5024.6000,5024.0000,5020.4000,5020.2000,5026.6000,5026.8000,5027.4000,5027.6000,5028.0000,1,1,2,1,2,1,1,2,1,5
SF,IC2006,2019-12-25 09:30:30.700,5026.0000,33922,-1,228080960.000,1,0,1,双平,S,5024.6000,5024.0000,5020.4000,5020.2000,5020.0000,5026.0000,5026.6000,5026.8000,5027.4000,5027.6000,1,2,1,2,1,2,1,2,2,2
SF,IC2006,2019-12-25 09:30:31.200,5025.6000,33922,0,229086080.000,1,0,1,多换,S,5025.6000,5024.6000,5024.0000,5020.4000,5020.2000,5026.0000,5026.4000,5026.6000,5026.8000,5027.4000,1,1,2,1,2,3,1,1,1,2
SF,IC2006,2019-12-25 09:30:31.700,5025.6000,33922,0,230091200.000,1,0,1,多换,S,5024.6000,5024.0000,5020.4000,5020.2000,5020.0000,5026.0000,5026.4000,5026.6000,5026.8000,5027.4000,1,2,1,2,1,4,1,1,1,2
SF,IC2006,2019-12-25 09:30:32.200,5026.0000,33922,0,232101520.000,2,1,1,多换,S,5024.6000,5024.0000,5020.4000,5020.2000,5020.0000,5026.0000,5026.4000,5026.6000,5026.8000,5027.0000,1,2,1,2,1,3,1,1,1,1
SF,IC2006,2019-12-25 09:30:32.700,5026.0000,33922,0,232101520.000,0,-,-,-,-,5024.6000,5024.0000,5020.4000,5020.2000,5020.0000,5025.8000,5026.0000,5026.4000,5026.8000,5027.0000,1,2,1,2,1,1,3,1,1,1
SF,IC2006,2019-12-25 09:30:33.200,5026.0000,33924,2,236122320.000,4,3,1,空开,S,5024.6000,5024.0000,5020.4000,5020.2000,5020.0000,5025.4000,5026.8000,5027.0000,5027.4000,5027.6000,1,2,1,2,1,1,1,1,2,2
SF,IC2006,2019-12-25 09:30:33.700,5025.8000,33923,-1,238132640.000,2,0,2,多平,S,5025.8000,5025.4000,5024.0000,5020.4000,5020.2000,5026.8000,5027.0000,5027.4000,5027.6000,5028.0000,3,2,2,1,2,1,1,2,2,7
SF,IC2006,2019-12-25 09:30:34.200,5025.4000,33921,-2,243158280.000,5,1,4,多平,S,5024.0000,5020.4000,5020.2000,5020.0000,5018.4000,5024.2000,5026.8000,5027.4000,5027.6000,5028.0000,2,1,2,1,5,30,1,2,1,7
SF,IC2006,2019-12-25 09:30:34.700,5024.2000,33891,-30,273303480.000,30,0,30,双平,S,5026.4000,5024.0000,5020.4000,5020.2000,5020.0000,5026.8000,5027.4000,5027.6000,5028.0000,5028.6000,1,2,1,2,1,1,2,1,7,2
SF,IC2006,2019-12-25 09:30:35.200,5026.4000,33889,-2,276318440.000,3,0,3,多平,S,5024.0000,5020.4000,5020.2000,5020.0000,5018.4000,5026.4000,5026.8000,5027.4000,5027.6000,5028.0000,2,1,2,1,5,1,1,2,1,7
SF,IC2006,2019-12-25 09:30:35.700,5026.8000,33889,0,281345000.000,5,2,3,多换,S,5024.2000,5024.0000,5020.4000,5020.2000,5020.0000,5026.4000,5027.4000,5027.6000,5028.0000,5028.6000,1,2,1,2,1,1,3,1,7,2
SF,IC2006,2019-12-25 09:30:36.200,5026.4000,33888,-1,291396200.000,10,4,6,多平,S,5026.4000,5024.0000,5020.4000,5020.2000,5020.0000,5027.4000,5027.6000,5028.0000,5028.6000,5029.0000,2,1,1,2,1,3,1,7,2,3
SF,IC2006,2019-12-25 09:30:36.700,5027.2000,33888,0,298433320.000,7,3,4,多换,S,5024.4000,5024.0000,5020.4000,5020.2000,5020.0000,5027.4000,5027.6000,5028.0000,5028.6000,5029.0000,1,1,1,2,1,4,1,7,2,3
SF,IC2006,2019-12-25 09:30:37.200,5027.2000,33888,0,298433320.000,0,-,-,-,-,5024.6000,5024.4000,5024.0000,5020.4000,5020.2000,5026.4000,5027.2000,5027.4000,5027.6000,5027.8000,1,1,1,1,2,2,2,4,1,1
SF,IC2006,2019-12-25 09:30:37.700,5024.8000,33888,0,299438280.000,1,0,1,多换,S,5024.6000,5024.4000,5024.0000,5020.4000,5020.2000,5026.4000,5027.0000,5027.2000,5027.4000,5027.6000,1,1,1,1,2,2,1,1,4,1
SF,IC2006,2019-12-25 09:30:38.200,5024.8000,33888,0,299438280.000,0,-,-,-,-,5024.6000,5024.0000,5020.4000,5020.2000,5018.4000,5026.2000,5026.4000,5027.0000,5027.2000,5027.4000,1,1,1,2,5,1,2,1,1,4
SF,IC2006,2019-12-25 09:30:38.700,5024.6000,33887,-1,300443200.000,1,0,1,双平,S,5024.0000,5020.4000,5020.2000,5018.4000,5016.4000,5026.0000,5026.2000,5026.4000,5027.0000,5027.2000,1,1,2,5,5,1,1,2,1,1
SF,IC2006,2019-12-25 09:30:39.200,5024.6000,33887,0,300443200.000,0,-,-,-,-,5024.0000,5020.4000,5020.2000,5018.4000,5016.4000,5025.8000,5026.4000,5027.0000,5027.2000,5027.4000,1,1,2,5,5,2,2,1,1,5
SF,IC2006,2019-12-25 09:30:39.700,5024.6000,33887,0,300443200.000,0,-,-,-,-,5024.0000,5020.2000,5018.4000,5016.4000,5015.2000,5025.8000,5026.4000,5027.0000,5027.2000,5027.4000,1,2,5,5,1,3,2,1,1,5
SF,IC2006,2019-12-25 09:30:40.200,5024.6000,33887,0,300443200.000,0,-,-,-,-,5024.0000,5020.2000,5018.4000,5016.4000,5015.2000,5025.6000,5025.8000,5026.4000,5027.0000,5027.2000,1,2,5,5,1,1,3,2,1,2
SF,IC2006,2019-12-25 09:30:40.700,5024.6000,33887,0,300443200.000,0,-,-,-,-,5024.0000,5020.2000,5018.4000,5016.4000,5015.2000,5025.4000,5025.8000,5026.4000,5027.0000,5027.2000,1,2,5,5,1,1,2,2,1,2
SF,IC2006,2019-12-25 09:30:41.200,5024.2000,33886,-1,301448040.000,1,0,1,双平,S,5025.4000,5024.0000,5020.2000,5018.4000,5016.4000,5025.6000,5025.8000,5026.4000,5027.0000,5027.2000,1,1,2,5,5,1,1,2,1,2
SF,IC2006,2019-12-25 09:30:41.700,5025.4000,33886,0,302453120.000,1,0,1,多换,S,5024.0000,5020.2000,5018.4000,5016.4000,5015.2000,5025.2000,5025.4000,5025.6000,5025.8000,5027.0000,1,2,5,5,1,1,4,1,1,1
SF,IC2006,2019-12-25 09:30:42.200,5025.4000,33886,0,302453120.000,0,-,-,-,-,5024.0000,5021.4000,5020.2000,5018.4000,5016.4000,5024.2000,5025.0000,5025.2000,5025.4000,5025.8000,1,1,2,5,5,1,1,1,3,1
SF,IC2006,2019-12-25 09:30:42.700,5024.2000,33886,0,304462800.000,2,1,1,多换,S,5024.6000,5024.0000,5021.4000,5020.2000,5018.4000,5025.4000,5026.4000,5027.0000,5027.2000,5027.4000,1,1,1,2,5,2,1,1,1,5
SF,IC2006,2019-12-25 09:30:43.200,5024.2000,33886,0,304462800.000,0,-,-,-,-,5024.0000,5021.4000,5020.2000,5018.4000,5016.4000,5025.2000,5025.4000,5026.4000,5027.0000,5027.2000,1,1,2,5,5,1,2,1,1,1
SF,IC2006,2019-12-25 09:30:43.700,5024.2000,33886,0,304462800.000,0,-,-,-,-,5025.2000,5024.0000,5021.4000,5020.2000,5018.4000,5025.4000,5026.0000,5026.4000,5027.0000,5027.2000,2,1,1,1,5,2,1,1,1,1
SF,IC2006,2019-12-25 09:30:44.200,5025.2000,33884,-2,306472880.000,2,0,2,双平,S,5024.0000,5021.4000,5020.2000,5018.4000,5016.4000,5025.0000,5025.2000,5026.0000,5026.4000,5027.0000,1,1,1,5,5,1,2,1,1,1
SF,IC2006,2019-12-25 09:30:44.700,5025.2000,33884,0,306472880.000,0,-,-,-,-,5024.0000,5021.4000,5020.2000,5018.4000,5016.4000,5025.0000,5026.0000,5026.4000,5027.0000,5027.2000,1,1,1,5,5,1,1,1,1,1
SF,IC2006,2019-12-25 09:30:45.200,5025.2000,33884,0,306472880.000,0,-,-,-,-,5024.0000,5021.4000,5020.6000,5020.2000,5018.4000,5024.8000,5025.2000,5026.0000,5026.4000,5027.0000,2,1,1,1,5,1,1,1,1,1
SF,IC2006,2019-12-25 09:30:45.700,5025.2000,33882,-2,308482920.000,2,0,2,双平,S,5025.4000,5025.0000,5024.0000,5021.4000,5020.6000,5026.0000,5026.4000,5027.0000,5027.2000,5027.4000,1,1,2,1,1,1,1,1,1,5
SF,IC2006,2019-12-25 09:30:46.200,5025.2000,33882,0,308482920.000,0,-,-,-,-,5025.0000,5024.0000,5021.4000,5020.6000,5020.2000,5025.4000,5025.8000,5026.0000,5026.4000,5027.0000,1,2,1,1,1,1,2,1,1,1
SF,IC2006,2019-12-25 09:30:46.700,5025.2000,33882,0,308482920.000,0,-,-,-,-,5024.0000,5021.4000,5020.6000,5020.2000,5018.4000,5025.8000,5026.0000,5026.4000,5027.0000,5027.2000,2,1,1,1,5,1,1,1,1,2
SF,IC2006,2019-12-25 09:30:47.200,5025.2000,33882,0,308482920.000,0,-,-,-,-,5024.2000,5024.0000,5021.4000,5020.6000,5020.2000,5025.8000,5026.0000,5026.4000,5027.0000,5027.2000,1,2,1,1,1,1,1,1,1,2
SF,IC2006,2019-12-25 09:30:47.700,5025.2000,33882,0,308482920.000,0,-,-,-,-,5024.2000,5024.0000,5021.4000,5020.6000,5020.2000,5025.8000,5026.0000,5026.4000,5027.0000,5027.2000,2,2,1,1,1,1,1,1,1,2
SF,IC2006,2019-12-25 09:30:48.200,5025.8000,33881,-1,309488080.000,1,0,1,双平,S,5024.6000,5024.2000,5024.0000,5021.4000,5020.6000,5026.0000,5026.4000,5027.0000,5027.2000,5027.4000,1,2,1,1,1,1,1,1,2,3
SF,IC2006,2019-12-25 09:30:48.700,5025.8000,33881,0,309488080.000,0,-,-,-,-,5024.8000,5024.6000,5024.0000,5021.4000,5020.6000,5026.0000,5026.4000,5027.0000,5027.2000,5027.4000,1,1,1,1,1,1,1,1,2,3
SF,IC2006,2019-12-25 09:30:49.200,5025.8000,33881,0,309488080.000,0,-,-,-,-,5024.8000,5024.6000,5024.0000,5021.4000,5020.6000,5026.0000,5026.4000,5027.0000,5027.2000,5027.4000,1,1,1,1,1,1,1,1,2,3
SF,IC2006,2019-12-25 09:30:50.200,5025.8000,33881,0,309488080.000,0,-,-,-,-,5024.8000,5024.6000,5024.0000,5021.4000,5020.6000,5026.0000,5026.4000,5027.0000,5027.2000,5027.4000,1,1,3,1,1,1,1,1,2,3
SF,IC2006,2019-12-25 09:30:50.700,5025.8000,33881,0,309488080.000,0,-,-,-,-,5024.8000,5024.6000,5024.0000,5021.4000,5020.6000,5026.0000,5026.4000,5027.0000,5027.2000,5027.4000,1,1,3,1,1,1,1,1,2,3
SF,IC2006,2019-12-25 09:30:51.200,5025.8000,33881,0,309488080.000,0,-,-,-,-,5024.8000,5024.6000,5024.0000,5021.4000,5020.6000,5026.0000,5026.4000,5027.0000,5027.2000,5027.4000,1,1,3,1,1,1,1,1,2,3
SF,IC2006,2019-12-25 09:30:51.700,5026.0000,33880,-1,310493280.000,1,0,1,双平,S,5025.2000,5024.8000,5024.6000,5024.0000,5021.4000,5025.8000,5026.4000,5027.0000,5027.2000,5027.4000,1,1,2,3,1,1,1,1,2,3
SF,IC2006,2019-12-25 09:30:52.200,5026.0000,33879,-1,313508920.000,3,1,2,多平,S,5025.8000,5025.6000,5025.2000,5024.8000,5024.6000,5027.0000,5027.2000,5027.4000,5028.0000,5028.6000,2,1,1,1,1,1,2,3,7,2
SF,IC2006,2019-12-25 09:30:52.700,5025.2000,33878,-1,314513960.000,1,0,1,双平,S,5024.6000,5024.0000,5021.4000,5020.6000,5020.2000,5027.0000,5027.2000,5027.4000,5028.0000,5028.6000,1,3,1,1,1,1,2,3,7,2
SF,IC2006,2019-12-25 09:30:53.200,5025.2000,33878,0,314513960.000,0,-,-,-,-,5024.8000,5024.0000,5021.4000,5020.6000,5020.2000,5026.8000,5027.0000,5027.2000,5027.4000,5028.0000,1,3,1,1,1,2,1,2,3,7
SF,IC2006,2019-12-25 09:30:53.700,5025.2000,33878,0,314513960.000,0,-,-,-,-,5025.0000,5024.8000,5024.0000,5021.4000,5020.6000,5026.6000,5026.8000,5027.0000,5027.2000,5027.4000,2,1,3,1,1,1,2,1,2,3
SF,IC2006,2019-12-25 09:30:54.200,5025.2000,33878,0,314513960.000,0,-,-,-,-,5025.2000,5025.0000,5024.0000,5021.4000,5020.6000,5026.6000,5026.8000,5027.0000,5027.2000,5027.4000,1,2,3,1,1,1,1,1,2,3
SF,IC2006,2019-12-25 09:30:54.700,5027.0000,33876,-2,317530040.000,3,0,3,多平,S,5026.6000,5025.4000,5025.2000,5025.0000,5024.0000,5027.2000,5027.4000,5028.0000,5028.6000,5029.0000,7,1,1,2,3,2,3,7,2,3
SF,IC2006,2019-12-25 09:30:55.200,5026.6000,33873,-3,320546000.000,3,0,3,双平,S,5026.6000,5025.4000,5025.2000,5025.0000,5024.0000,5027.0000,5027.2000,5027.4000,5028.0000,5028.6000,4,2,1,1,3,1,2,3,7,2
SF,IC2006,2019-12-25 09:30:55.700,5026.6000,33872,-1,322556640.000,2,0,2,多平,S,5026.6000,5025.4000,5025.2000,5024.0000,5021.4000,5027.2000,5027.4000,5028.0000,5028.6000,5029.0000,2,2,1,3,1,2,3,7,2,3
SF,IC2006,2019-12-25 09:30:56.200,5027.4000,33870,-2,326578480.000,4,1,3,多平,S,5027.0000,5026.6000,5025.4000,5024.0000,5022.8000,5027.4000,5028.0000,5028.6000,5029.0000,5029.2000,2,2,2,3,5,1,7,2,3,2
SF,IC2006,2019-12-25 09:30:56.700,5027.0000,33869,-1,328589360.000,2,0,2,多平,S,5026.6000,5025.4000,5024.0000,5021.4000,5020.6000,5028.0000,5028.6000,5029.0000,5029.2000,5029.8000,2,2,3,1,1,7,2,3,2,2
SF,IC2006,2019-12-25 09:30:57.200,5027.0000,33869,0,328589360.000,0,-,-,-,-,5026.8000,5026.6000,5025.4000,5024.0000,5021.4000,5028.0000,5028.6000,5029.0000,5029.2000,5029.8000,1,2,2,3,1,7,2,3,2,2
SF,IC2006,2019-12-25 09:30:57.700,5026.8000,33868,-1,330600320.000,2,0,2,多平,S,5026.6000,5025.4000,5024.0000,5021.4000,5020.6000,5028.0000,5028.6000,5029.0000,5029.2000,5029.8000,2,2,3,1,1,6,2,3,2,2
SF,IC2006,2019-12-25 09:30:58.200,5028.0000,33865,-3,337639520.000,7,2,5,多平,S,5028.0000,5026.8000,5026.6000,5025.4000,5024.0000,5028.6000,5029.0000,5029.2000,5029.8000,5030.0000,2,2,2,2,3,2,3,2,2,1
SF,IC2006,2019-12-25 09:30:59.200,5028.0000,33865,0,337639520.000,0,-,-,-,-,5028.0000,5026.8000,5026.6000,5025.4000,5024.0000,5028.6000,5029.0000,5029.2000,5029.8000,5030.0000,2,1,2,2,3,2,3,2,2,1
SF,IC2006,2019-12-25 09:31:00.200,5028.0000,33863,-2,339650720.000,2,0,2,双平,S,5027.0000,5026.8000,5026.6000,5025.4000,5024.0000,5028.0000,5028.6000,5028.8000,5029.0000,5029.2000,1,1,2,2,3,2,2,1,3,2
SF,IC2006,2019-12-25 09:31:00.700,5028.0000,33863,0,339650720.000,0,-,-,-,-,5027.0000,5026.6000,5025.4000,5024.0000,5021.4000,5028.6000,5028.8000,5029.0000,5029.2000,5029.8000,1,2,2,3,1,3,1,3,2,2
SF,IC2006,2019-12-25 09:31:01.200,5026.6000,33861,-2,342666760.000,3,0,3,多平,S,5024.0000,5021.4000,5020.6000,5020.2000,5018.4000,5024.2000,5028.0000,5028.4000,5028.6000,5028.8000,3,1,1,1,5,1,1,1,3,1
SF,IC2006,2019-12-25 09:31:01.700,5024.6000,33860,-1,344676600.000,2,0,2,多平,S,5024.8000,5024.2000,5024.0000,5021.4000,5020.6000,5028.0000,5028.4000,5028.6000,5028.8000,5029.0000,1,1,3,1,1,1,1,3,1,3
SF,IC2006,2019-12-25 09:31:02.200,5024.6000,33860,0,344676600.000,0,-,-,-,-,5026.4000,5025.0000,5024.2000,5024.0000,5021.4000,5027.8000,5028.0000,5028.6000,5028.8000,5029.0000,1,2,1,3,1,1,1,3,1,3
SF,IC2006,2019-12-25 09:31:02.700,5026.4000,33859,-1,346687160.000,2,0,2,多平,S,5025.0000,5024.8000,5024.0000,5021.4000,5020.6000,5027.8000,5028.0000,5028.6000,5028.8000,5029.0000,2,1,3,1,1,1,1,3,1,3
SF,IC2006,2019-12-25 09:31:03.200,5026.4000,33859,0,346687160.000,0,-,-,-,-,5025.0000,5024.8000,5024.0000,5021.4000,5020.6000,5027.8000,5028.0000,5028.6000,5028.8000,5029.0000,2,2,3,1,1,1,1,3,1,3
SF,IC2006,2019-12-25 09:31:03.700,5026.4000,33859,0,346687160.000,0,-,-,-,-,5025.0000,5024.8000,5024.2000,5024.0000,5023.4000,5027.8000,5028.0000,5028.6000,5028.8000,5029.0000,2,2,1,3,1,1,2,3,2,3
SF,IC2006,2019-12-25 09:31:04.200,5026.4000,33859,0,346687160.000,0,-,-,-,-,5025.2000,5025.0000,5024.8000,5024.2000,5024.0000,5027.8000,5028.0000,5028.6000,5028.8000,5029.0000,1,2,1,1,3,1,2,3,2,3
SF,IC2006,2019-12-25 09:31:05.200,5026.4000,33859,0,346687160.000,0,-,-,-,-,5025.0000,5024.2000,5024.0000,5023.4000,5021.4000,5027.8000,5028.0000,5028.6000,5028.8000,5029.0000,2,1,3,1,1,1,2,3,2,3
SF,IC2006,2019-12-25 09:31:05.700,5026.4000,33859,0,346687160.000,0,-,-,-,-,5025.4000,5025.0000,5024.2000,5024.0000,5023.4000,5027.8000,5028.0000,5028.6000,5028.8000,5029.0000,1,3,1,3,1,1,2,3,2,3
SF,IC2006,2019-12-25 09:31:06.200,5026.4000,33859,0,346687160.000,0,-,-,-,-,5025.6000,5025.4000,5025.0000,5024.2000,5024.0000,5027.8000,5028.0000,5028.6000,5028.8000,5029.0000,1,1,2,1,3,2,2,3,2,3
SF,IC2006,2019-12-25 09:31:06.700,5025.6000,33858,-1,347692280.000,1,0,1,双平,S,5025.8000,5025.0000,5024.2000,5024.0000,5023.4000,5027.8000,5028.0000,5028.6000,5028.8000,5029.0000,1,2,1,3,1,2,1,3,2,3
SF,IC2006,2019-12-25 09:31:07.200,5027.8000,33857,-1,348697840.000,1,0,1,双平,S,5025.8000,5025.0000,5024.0000,5023.4000,5021.4000,5027.8000,5028.0000,5028.6000,5028.8000,5029.0000,2,1,3,1,1,1,1,3,2,3
SF,IC2006,2019-12-25 09:31:07.700,5027.8000,33857,0,348697840.000,0,-,-,-,-,5026.0000,5025.8000,5024.0000,5023.4000,5021.4000,5027.6000,5027.8000,5028.0000,5028.6000,5028.8000,4,2,3,1,1,1,1,1,3,2
SF,IC2006,2019-12-25 09:31:08.200,5027.8000,33857,0,348697840.000,0,-,-,-,-,5026.0000,5025.8000,5024.0000,5023.4000,5021.4000,5027.8000,5028.0000,5028.6000,5028.8000,5029.0000,4,2,3,1,1,1,1,3,2,3
SF,IC2006,2019-12-25 09:31:08.700,5027.8000,33857,0,349703400.000,1,0,1,多换,S,5026.0000,5025.8000,5024.0000,5021.4000,5020.6000,5028.0000,5028.4000,5028.6000,5028.8000,5029.0000,3,2,3,1,1,1,1,3,2,3
SF,IC2006,2019-12-25 09:31:09.200,5027.8000,33857,0,349703400.000,0,-,-,-,-,5026.2000,5026.0000,5025.8000,5024.0000,5021.4000,5027.6000,5027.8000,5028.0000,5028.4000,5028.6000,3,2,2,3,1,1,1,1,1,3
SF,IC2006,2019-12-25 09:31:09.700,5027.8000,33857,0,349703400.000,0,-,-,-,-,5026.4000,5026.2000,5026.0000,5025.8000,5024.0000,5027.4000,5027.6000,5028.0000,5028.4000,5028.6000,1,3,2,1,3,1,1,1,1,3
SF,IC2006,2019-12-25 09:31:10.200,5027.8000,33857,0,349703400.000,0,-,-,-,-,5026.2000,5026.0000,5025.8000,5024.0000,5021.4000,5027.4000,5027.6000,5028.0000,5028.4000,5028.6000,3,1,1,3,1,1,1,1,1,3
SF,IC2006,2019-12-25 09:31:10.700,5027.8000,33857,0,349703400.000,0,-,-,-,-,5026.2000,5026.0000,5025.8000,5024.0000,5021.4000,5027.4000,5027.6000,5028.0000,5028.4000,5028.6000,3,1,1,3,1,1,2,1,1,3
SF,IC2006,2019-12-25 09:31:11.200,5026.4000,33855,-2,351713960.000,2,0,2,双平,S,5026.2000,5026.0000,5025.8000,5024.0000,5021.4000,5027.4000,5027.6000,5028.0000,5028.4000,5028.6000,3,1,1,3,1,1,2,1,1,3
SF,IC2006,2019-12-25 09:31:11.700,5027.4000,33854,-1,352719440.000,1,0,1,双平,S,5027.0000,5026.2000,5026.0000,5025.8000,5024.0000,5027.6000,5028.0000,5028.4000,5028.6000,5028.8000,1,3,1,1,3,2,1,1,3,2
SF,IC2006,2019-12-25 09:31:12.200,5027.4000,33854,0,352719440.000,0,-,-,-,-,5026.2000,5026.0000,5025.8000,5024.0000,5021.4000,5027.6000,5028.0000,5028.4000,5028.6000,5028.8000,1,1,1,3,1,2,1,1,3,2
SF,IC2006,2019-12-25 09:31:12.700,5027.6000,33855,1,354730480.000,2,1,1,空开,S,5027.0000,5026.4000,5026.2000,5024.0000,5021.4000,5028.0000,5028.4000,5028.6000,5028.8000,5029.0000,1,1,1,3,1,1,1,3,2,3
SF,IC2006,2019-12-25 09:31:13.200,5027.6000,33856,1,355736000.000,1,1,0,双开,S,5027.2000,5026.4000,5026.2000,5024.0000,5021.4000,5028.0000,5028.4000,5028.6000,5028.8000,5029.0000,1,1,1,3,1,1,1,3,2,3
SF,IC2006,2019-12-25 09:31:13.700,5027.0000,33853,-3,358752120.000,3,0,3,双平,S,5026.2000,5024.2000,5024.0000,5021.4000,5020.6000,5026.8000,5028.0000,5028.4000,5028.6000,5028.8000,2,1,3,1,1,2,1,1,3,2
SF,IC2006,2019-12-25 09:31:14.200,5026.2000,33851,-2,361768080.000,3,0,3,多平,S,5024.0000,5021.4000,5020.6000,5020.2000,5018.4000,5028.0000,5028.4000,5028.6000,5028.8000,5029.0000,3,1,1,1,5,2,1,3,2,3
SF,IC2006,2019-12-25 09:31:14.700,5026.2000,33851,0,361768080.000,0,-,-,-,-,5024.2000,5024.0000,5021.4000,5020.6000,5020.2000,5027.8000,5028.0000,5028.4000,5028.6000,5028.8000,1,3,1,1,1,1,2,1,3,2
SF,IC2006,2019-12-25 09:31:15.200,5026.2000,33851,0,361768080.000,0,-,-,-,-,5024.6000,5024.2000,5024.0000,5021.4000,5020.6000,5027.6000,5027.8000,5028.0000,5028.4000,5028.6000,1,3,3,1,1,1,1,2,1,3
SF,IC2006,2019-12-25 09:31:15.700,5026.2000,33851,0,361768080.000,0,-,-,-,-,5024.8000,5024.6000,5024.2000,5024.0000,5021.4000,5027.4000,5027.6000,5028.0000,5028.2000,5028.4000,2,1,2,3,1,1,1,2,2,1
SF,IC2006,2019-12-25 09:31:16.200,5026.2000,33851,0,361768080.000,0,-,-,-,-,5024.8000,5024.6000,5024.2000,5024.0000,5021.4000,5027.0000,5027.4000,5027.6000,5027.8000,5028.0000,3,1,2,3,1,1,1,1,1,2
SF,IC2006,2019-12-25 09:31:16.700,5026.2000,33851,0,361768080.000,0,-,-,-,-,5024.8000,5024.6000,5024.0000,5021.4000,5020.6000,5026.8000,5027.0000,5027.6000,5027.8000,5028.0000,3,1,3,1,1,1,1,1,1,2
SF,IC2006,2019-12-25 09:31:17.200,5026.8000,33851,0,362773440.000,1,0,1,多换,S,5026.2000,5024.8000,5024.6000,5024.0000,5021.4000,5027.0000,5027.8000,5028.0000,5028.2000,5028.4000,1,3,1,3,1,1,1,2,2,1
SF,IC2006,2019-12-25 09:31:17.700,5026.8000,33851,0,363778800.000,1,0,1,多换,S,5026.2000,5024.8000,5024.6000,5024.0000,5021.4000,5027.0000,5027.8000,5028.0000,5028.2000,5028.4000,1,2,1,3,1,2,1,2,2,1
SF,IC2006,2019-12-25 09:31:18.200,5026.2000,33851,0,364784040.000,1,0,1,多换,S,5024.8000,5024.6000,5024.0000,5021.4000,5020.6000,5027.0000,5027.8000,5028.0000,5028.2000,5028.4000,2,1,3,1,1,2,1,2,2,1
SF,IC2006,2019-12-25 09:31:18.700,5026.2000,33851,0,364784040.000,0,-,-,-,-,5025.0000,5024.8000,5024.6000,5024.0000,5021.4000,5027.0000,5027.8000,5028.0000,5028.2000,5028.4000,2,2,1,3,1,2,1,2,2,1
SF,IC2006,2019-12-25 09:31:19.200,5027.0000,33851,0,365789440.000,1,0,1,多换,S,5025.2000,5025.0000,5024.8000,5024.0000,5021.4000,5027.0000,5027.8000,5028.0000,5028.2000,5028.4000,2,3,1,3,1,1,1,2,2,1
SF,IC2006,2019-12-25 09:31:19.700,5027.0000,33851,0,366794840.000,1,0,1,多换,S,5025.6000,5025.2000,5025.0000,5024.0000,5021.4000,5027.8000,5028.0000,5028.2000,5028.4000,5028.6000,1,2,3,3,1,1,2,2,1,3
SF,IC2006,2019-12-25 09:31:20.200,5025.8000,33850,-1,367800000.000,1,0,1,双平,S,5025.6000,5025.4000,5025.2000,5025.0000,5024.0000,5027.0000,5027.6000,5027.8000,5028.0000,5028.2000,1,1,1,1,3,1,1,1,2,2
SF,IC2006,2019-12-25 09:31:20.700,5026.8000,33850,0,368805360.000,1,0,1,多换,S,5025.4000,5025.2000,5025.0000,5024.0000,5021.4000,5027.0000,5027.8000,5028.0000,5028.2000,5028.4000,1,1,1,3,1,1,1,2,2,1
SF,IC2006,2019-12-25 09:31:21.200,5026.8000,33850,0,368805360.000,0,-,-,-,-,5025.6000,5025.4000,5025.2000,5025.0000,5024.0000,5027.0000,5027.8000,5028.0000,5028.2000,5028.4000,1,1,1,1,3,1,1,2,2,1
SF,IC2006,2019-12-25 09:31:21.700,5026.8000,33850,0,368805360.000,0,-,-,-,-,5025.6000,5025.4000,5025.2000,5025.0000,5024.0000,5027.0000,5027.8000,5028.0000,5028.2000,5028.4000,1,1,1,1,3,2,1,2,2,1
SF,IC2006,2019-12-25 09:31:22.200,5025.6000,33850,0,369810480.000,1,0,1,多换,S,5025.4000,5025.2000,5025.0000,5024.0000,5021.4000,5027.0000,5027.8000,5028.0000,5028.2000,5028.4000,1,1,1,3,1,2,1,3,2,1
SF,IC2006,2019-12-25 09:31:22.700,5025.6000,33850,0,370815600.000,1,0,1,多换,S,5025.4000,5025.2000,5025.0000,5024.0000,5021.4000,5026.8000,5027.0000,5027.8000,5028.0000,5028.2000,1,1,1,3,1,1,2,1,3,2
SF,IC2006,2019-12-25 09:31:23.200,5025.6000,33850,0,370815600.000,0,-,-,-,-,5025.6000,5025.4000,5025.2000,5025.0000,5024.0000,5026.6000,5026.8000,5027.0000,5027.8000,5028.0000,1,1,1,1,3,1,1,3,1,3
SF,IC2006,2019-12-25 09:31:23.700,5025.6000,33850,0,370815600.000,0,-,-,-,-,5025.6000,5025.0000,5024.0000,5021.4000,5020.6000,5026.4000,5026.6000,5027.0000,5027.8000,5028.0000,1,1,3,1,1,1,1,3,1,3
SF,IC2006,2019-12-25 09:31:24.200,5025.6000,33850,0,370815600.000,0,-,-,-,-,5025.0000,5024.0000,5021.4000,5020.6000,5020.2000,5026.4000,5026.6000,5027.0000,5027.8000,5028.0000,1,3,1,1,1,1,1,3,1,3
SF,IC2006,2019-12-25 09:31:25.200,5025.6000,33850,0,370815600.000,0,-,-,-,-,5025.2000,5025.0000,5024.0000,5021.4000,5020.6000,5026.4000,5026.6000,5027.0000,5027.8000,5028.0000,1,1,3,1,1,2,1,4,1,3
SF,IC2006,2019-12-25 09:31:25.700,5025.6000,33850,0,370815600.000,0,-,-,-,-,5025.4000,5025.2000,5025.0000,5024.0000,5021.4000,5026.4000,5026.6000,5027.0000,5027.8000,5028.0000,1,1,1,3,1,2,1,4,1,3
SF,IC2006,2019-12-25 09:31:26.200,5025.6000,33850,0,370815600.000,0,-,-,-,-,5025.4000,5025.0000,5024.0000,5021.4000,5020.6000,5026.4000,5026.6000,5027.0000,5027.8000,5028.0000,1,1,3,1,1,2,1,4,1,3
SF,IC2006,2019-12-25 09:31:26.700,5025.6000,33850,0,370815600.000,0,-,-,-,-,5025.4000,5025.0000,5024.0000,5021.4000,5020.6000,5026.4000,5026.6000,5027.0000,5027.8000,5028.0000,4,1,3,1,1,2,1,4,1,3
SF,IC2006,2019-12-25 09:31:27.200,5025.6000,33850,0,370815600.000,0,-,-,-,-,5025.4000,5025.0000,5024.0000,5021.4000,5020.6000,5026.4000,5026.6000,5027.0000,5027.8000,5028.0000,4,1,3,1,1,2,1,4,1,3
SF,IC2006,2019-12-25 09:31:27.700,5025.4000,33850,0,371820680.000,1,0,1,多换,S,5025.4000,5025.0000,5024.0000,5021.4000,5020.6000,5026.4000,5026.6000,5027.0000,5027.8000,5028.0000,3,1,3,1,1,3,1,4,1,3
SF,IC2006,2019-12-25 09:31:28.200,5027.0000,33849,-1,379863440.000,8,3,5,多平,S,5027.4000,5025.4000,5025.0000,5024.0000,5021.4000,5027.8000,5028.0000,5028.2000,5028.4000,5028.6000,1,3,1,3,1,1,3,2,1,3
SF,IC2006,2019-12-25 09:31:28.700,5027.4000,33848,-1,380868920.000,1,0,1,双平,S,5025.4000,5025.0000,5024.0000,5021.4000,5020.6000,5027.4000,5027.8000,5028.0000,5028.2000,5028.4000,3,1,3,1,1,6,1,3,2,1
SF,IC2006,2019-12-25 09:31:29.200,5027.4000,33848,0,380868920.000,0,-,-,-,-,5025.8000,5025.6000,5025.4000,5025.0000,5024.0000,5027.2000,5027.4000,5027.8000,5028.0000,5028.2000,1,2,3,1,3,1,6,2,4,2
SF,IC2006,2019-12-25 09:31:31.200,5027.4000,33848,0,380868920.000,0,-,-,-,-,5025.8000,5025.6000,5025.4000,5025.0000,5024.0000,5027.2000,5027.4000,5027.8000,5028.0000,5028.2000,1,2,3,1,3,1,6,2,4,2
SF,IC2006,2019-12-25 09:31:31.700,5027.4000,33848,0,380868920.000,0,-,-,-,-,5025.8000,5025.6000,5025.4000,5025.0000,5024.0000,5027.2000,5027.4000,5027.8000,5028.0000,5028.2000,1,1,3,1,3,2,6,2,4,2
SF,IC2006,2019-12-25 09:31:32.200,5027.4000,33848,0,380868920.000,0,-,-,-,-,5025.8000,5025.4000,5025.0000,5024.0000,5021.4000,5027.2000,5027.4000,5027.8000,5028.0000,5028.2000,1,3,1,3,1,2,6,2,4,2
SF,IC2006,2019-12-25 09:31:32.700,5027.4000,33848,0,380868920.000,0,-,-,-,-,5025.4000,5025.0000,5024.0000,5021.4000,5020.6000,5027.2000,5027.4000,5027.8000,5028.0000,5028.2000,3,1,3,1,1,2,6,2,4,2
SF,IC2006,2019-12-25 09:31:33.200,5027.4000,33848,0,380868920.000,0,-,-,-,-,5025.4000,5025.0000,5024.0000,5021.4000,5020.6000,5027.2000,5027.4000,5027.8000,5028.0000,5028.2000,3,1,3,1,1,3,6,2,4,2
SF,IC2006,2019-12-25 09:31:33.700,5027.4000,33848,0,380868920.000,0,-,-,-,-,5025.6000,5025.4000,5025.0000,5024.0000,5021.4000,5027.2000,5027.4000,5027.8000,5028.0000,5028.2000,1,3,1,3,1,3,6,2,4,2
SF,IC2006,2019-12-25 09:31:34.200,5027.4000,33848,0,380868920.000,0,-,-,-,-,5025.8000,5025.6000,5025.4000,5025.0000,5024.0000,5027.2000,5027.4000,5027.8000,5028.0000,5028.2000,2,1,3,1,3,3,6,2,4,2
SF,IC2006,2019-12-25 09:31:34.700,5027.4000,33848,0,380868920.000,0,-,-,-,-,5025.8000,5025.6000,5025.4000,5025.0000,5024.0000,5027.2000,5027.4000,5027.8000,5028.0000,5028.2000,2,1,3,1,3,4,6,2,4,2
SF,IC2006,2019-12-25 09:31:35.200,5027.2000,33848,0,381874360.000,1,0,1,多换,S,5025.8000,5025.6000,5025.4000,5025.0000,5024.0000,5027.2000,5027.4000,5027.8000,5028.0000,5028.2000,2,1,3,1,3,3,6,2,4,2
SF,IC2006,2019-12-25 09:31:35.700,5027.2000,33848,0,381874360.000,0,-,-,-,-,5026.0000,5025.8000,5025.4000,5025.0000,5024.0000,5027.2000,5027.4000,5027.8000,5028.0000,5028.2000,1,2,3,1,3,3,6,2,4,2
SF,IC2006,2019-12-25 09:31:36.200,5027.2000,33848,0,381874360.000,0,-,-,-,-,5026.0000,5025.8000,5025.4000,5025.0000,5024.0000,5026.8000,5027.2000,5027.4000,5027.8000,5028.0000,1,2,3,1,3,1,4,6,2,4
SF,IC2006,2019-12-25 09:31:37.200,5027.2000,33848,0,381874360.000,0,-,-,-,-,5026.0000,5025.4000,5025.0000,5024.0000,5021.4000,5026.8000,5027.2000,5027.4000,5027.8000,5028.0000,1,3,1,3,1,1,4,5,2,4
SF,IC2006,2019-12-25 09:31:37.700,5027.2000,33848,0,381874360.000,0,-,-,-,-,5026.0000,5025.4000,5025.0000,5024.0000,5021.4000,5026.8000,5027.2000,5027.4000,5027.8000,5028.0000,1,3,1,3,1,2,4,5,2,4
SF,IC2006,2019-12-25 09:31:38.200,5027.2000,33848,0,381874360.000,0,-,-,-,-,5026.0000,5025.4000,5025.0000,5024.0000,5021.4000,5026.8000,5027.2000,5027.4000,5027.8000,5028.0000,1,3,1,3,1,2,4,5,2,4
SF,IC2006,2019-12-25 09:31:38.700,5027.2000,33848,0,381874360.000,0,-,-,-,-,5026.0000,5025.4000,5025.0000,5024.0000,5021.4000,5026.8000,5027.2000,5027.4000,5027.8000,5028.0000,1,3,1,3,1,2,4,5,2,4
SF,IC2006,2019-12-25 09:31:39.200,5026.0000,33847,-1,382879560.000,1,0,1,双平,S,5025.4000,5025.0000,5024.0000,5021.4000,5020.6000,5026.8000,5027.2000,5027.4000,5027.8000,5028.0000,3,1,3,1,1,3,4,5,2,4
SF,IC2006,2019-12-25 09:31:40.700,5026.0000,33847,0,382879560.000,0,-,-,-,-,5025.6000,5025.4000,5025.0000,5024.0000,5021.4000,5026.6000,5026.8000,5027.2000,5027.4000,5027.8000,1,3,1,3,1,1,3,4,5,2
SF,IC2006,2019-12-25 09:31:41.200,5026.6000,33847,0,383884880.000,1,0,1,多换,S,5025.6000,5025.4000,5025.0000,5024.0000,5021.4000,5026.8000,5027.2000,5027.4000,5027.8000,5028.0000,1,3,1,3,1,4,4,5,2,4
SF,IC2006,2019-12-25 09:31:42.700,5026.6000,33847,0,383884880.000,0,-,-,-,-,5026.0000,5025.8000,5025.6000,5025.4000,5025.0000,5026.8000,5027.2000,5027.4000,5027.8000,5028.0000,1,1,1,3,1,4,4,5,2,4
SF,IC2006,2019-12-25 09:31:43.700,5026.8000,33846,-1,386900960.000,3,1,2,多平,S,5026.0000,5025.8000,5025.6000,5025.4000,5025.0000,5026.6000,5026.8000,5027.2000,5027.4000,5027.8000,1,1,1,3,1,1,2,4,5,2
SF,IC2006,2019-12-25 09:31:44.200,5026.8000,33845,-1,387906320.000,1,0,1,双平,S,5026.6000,5026.2000,5025.8000,5025.6000,5025.4000,5026.8000,5027.2000,5027.4000,5027.8000,5028.0000,1,1,1,1,3,2,4,5,2,4
SF,IC2006,2019-12-25 09:31:44.700,5026.8000,33845,0,387906320.000,0,-,-,-,-,5026.2000,5025.8000,5025.4000,5025.0000,5024.0000,5026.8000,5027.2000,5027.4000,5027.8000,5028.0000,1,1,3,1,3,2,4,5,2,4
SF,IC2006,2019-12-25 09:31:45.200,5027.2000,33846,1,390922480.000,3,2,1,空开,S,5027.0000,5026.8000,5026.4000,5026.2000,5025.4000,5027.2000,5027.8000,5028.0000,5028.2000,5028.4000,3,1,1,1,3,3,2,4,2,1
SF,IC2006,2019-12-25 09:31:45.700,5027.0000,33846,0,392933280.000,2,1,1,多换,S,5027.0000,5026.8000,5026.4000,5026.2000,5025.4000,5027.2000,5027.8000,5028.0000,5028.2000,5028.4000,1,2,1,1,3,3,2,4,2,1
SF,IC2006,2019-12-25 09:31:46.200,5027.0000,33846,0,393938680.000,1,0,1,多换,S,5026.4000,5026.2000,5025.4000,5025.0000,5024.2000,5027.0000,5027.2000,5027.8000,5028.0000,5028.2000,1,1,3,1,1,1,3,2,4,2
SF,IC2006,2019-12-25 09:31:46.700,5027.2000,33843,-3,399971200.000,6,1,5,多平,S,5027.2000,5026.2000,5025.4000,5025.0000,5024.2000,5027.8000,5028.0000,5028.2000,5028.4000,5028.6000,1,1,3,1,1,2,4,2,1,3
SF,IC2006,2019-12-25 09:31:47.200,5027.2000,33842,-1,400976640.000,1,0,1,双平,S,5026.2000,5025.8000,5025.4000,5025.0000,5024.2000,5026.8000,5027.0000,5027.2000,5027.8000,5028.0000,1,6,3,1,1,2,4,3,2,4
SF,IC2006,2019-12-25 09:31:47.700,5026.2000,33841,-1,401981880.000,1,0,1,双平,S,5025.8000,5025.4000,5025.0000,5024.2000,5024.0000,5026.8000,5027.0000,5027.2000,5027.8000,5028.0000,6,3,1,1,3,2,4,3,2,4
SF,IC2006,2019-12-25 09:31:48.200,5025.8000,33841,0,402987040.000,1,0,1,多换,S,5025.8000,5025.4000,5025.0000,5024.2000,5024.0000,5026.8000,5027.0000,5027.2000,5027.8000,5028.0000,5,3,1,1,3,2,4,2,2,4
SF,IC2006,2019-12-25 09:31:50.200,5025.8000,33841,0,402987040.000,0,-,-,-,-,5025.8000,5025.4000,5025.0000,5024.2000,5024.0000,5026.8000,5027.0000,5027.2000,5027.8000,5028.0000,5,3,1,1,3,2,4,2,2,5
SF,IC2006,2019-12-25 09:31:50.700,5025.8000,33841,0,402987040.000,0,-,-,-,-,5025.8000,5025.4000,5025.0000,5024.2000,5024.0000,5027.0000,5027.2000,5027.8000,5028.0000,5028.2000,5,3,1,1,3,4,2,2,5,2
SF,IC2006,2019-12-25 09:31:51.200,5025.8000,33841,0,402987040.000,0,-,-,-,-,5025.8000,5025.4000,5025.0000,5024.2000,5024.0000,5027.0000,5027.2000,5027.8000,5028.0000,5028.2000,5,3,1,1,3,4,2,2,5,2
SF,IC2006,2019-12-25 09:31:52.700,5025.8000,33841,0,402987040.000,0,-,-,-,-,5025.8000,5025.4000,5025.0000,5024.2000,5024.0000,5026.8000,5027.0000,5027.2000,5027.8000,5028.0000,5,3,1,1,3,1,4,2,2,5
SF,IC2006,2019-12-25 09:31:53.700,5025.8000,33841,0,402987040.000,0,-,-,-,-,5026.0000,5025.8000,5025.4000,5025.0000,5024.2000,5026.8000,5027.0000,5027.2000,5027.8000,5028.0000,1,5,3,1,1,1,4,2,2,5
SF,IC2006,2019-12-25 09:31:54.700,5026.0000,33840,-1,403992240.000,1,0,1,双平,S,5025.8000,5025.4000,5025.0000,5024.2000,5024.0000,5026.8000,5027.0000,5027.2000,5027.8000,5028.0000,5,3,1,1,3,1,4,2,2,5
SF,IC2006,2019-12-25 09:31:55.200,5026.8000,33839,-1,404997600.000,1,0,1,双平,S,5025.8000,5025.4000,5025.0000,5024.2000,5024.0000,5027.0000,5027.2000,5027.8000,5028.0000,5028.2000,5,3,1,1,3,4,2,2,5,2
SF,IC2006,2019-12-25 09:31:57.200,5027.0000,33837,-2,408013800.000,3,0,3,多平,S,5025.8000,5025.4000,5025.0000,5024.2000,5024.0000,5027.0000,5027.2000,5027.8000,5028.0000,5028.2000,5,3,1,1,1,1,2,2,5,2
SF,IC2006,2019-12-25 09:31:57.700,5027.0000,33836,-1,409019200.000,1,0,1,双平,S,5026.0000,5025.8000,5025.4000,5025.0000,5024.2000,5027.2000,5027.8000,5028.0000,5028.2000,5028.4000,2,5,3,1,1,1,2,5,2,1
SF,IC2006,2019-12-25 09:31:58.700,5027.2000,33835,-1,410024640.000,1,0,1,双平,S,5026.0000,5025.8000,5025.4000,5025.0000,5024.2000,5027.8000,5028.0000,5028.2000,5028.4000,5028.6000,2,5,3,1,1,2,5,2,1,3
SF,IC2006,2019-12-25 09:31:59.200,5027.2000,33835,0,410024640.000,0,-,-,-,-,5026.0000,5025.8000,5025.4000,5025.0000,5024.2000,5027.6000,5027.8000,5028.0000,5028.2000,5028.4000,2,5,3,1,1,1,2,5,2,1
SF,IC2006,2019-12-25 09:32:01.700,5026.0000,33834,-1,411029840.000,1,0,1,双平,S,5026.0000,5025.8000,5025.4000,5025.0000,5024.2000,5027.6000,5027.8000,5028.0000,5028.2000,5028.4000,1,5,3,1,1,1,2,5,2,1
SF,IC2006,2019-12-25 09:32:04.200,5026.0000,33834,0,411029840.000,0,-,-,-,-,5026.0000,5025.8000,5025.4000,5025.0000,5024.2000,5027.4000,5027.6000,5027.8000,5028.0000,5028.2000,1,5,3,1,1,1,1,2,5,2
SF,IC2006,2019-12-25 09:32:04.700,5026.0000,33833,-1,413040480.000,2,0,2,多平,S,5025.8000,5025.4000,5025.0000,5024.2000,5024.0000,5026.0000,5027.4000,5027.8000,5028.0000,5028.2000,5,3,1,1,1,1,1,2,5,2
SF,IC2006,2019-12-25 09:32:05.200,5026.0000,33832,-1,414045680.000,1,0,1,双平,S,5026.8000,5026.2000,5026.0000,5025.8000,5025.4000,5027.2000,5027.4000,5027.8000,5028.0000,5028.2000,2,2,2,5,3,1,1,2,5,2
SF,IC2006,2019-12-25 09:32:05.700,5027.2000,33831,-1,415051120.000,1,0,1,双平,S,5027.2000,5027.0000,5026.8000,5026.2000,5025.8000,5027.4000,5027.8000,5028.0000,5028.2000,5028.4000,1,2,2,2,5,1,2,5,2,1
SF,IC2006,2019-12-25 09:32:06.200,5027.4000,33830,-1,416056600.000,1,0,1,双平,S,5027.4000,5027.0000,5026.8000,5026.2000,5025.8000,5027.8000,5028.0000,5028.2000,5028.4000,5028.6000,1,2,2,2,5,2,5,2,1,3
SF,IC2006,2019-12-25 09:32:06.700,5027.4000,33830,0,416056600.000,0,-,-,-,-,5027.0000,5026.8000,5026.2000,5025.8000,5025.4000,5027.8000,5028.0000,5028.2000,5028.4000,5028.6000,2,2,1,5,3,2,5,2,1,3
SF,IC2006,2019-12-25 09:32:07.200,5027.4000,33830,0,416056600.000,0,-,-,-,-,5027.0000,5026.8000,5026.2000,5025.8000,5025.4000,5027.8000,5028.0000,5028.2000,5028.4000,5028.6000,2,2,1,6,3,2,5,2,1,3
SF,IC2006,2019-12-25 09:32:07.700,5027.8000,33830,0,417062160.000,1,0,1,多换,S,5027.0000,5026.8000,5026.2000,5025.8000,5025.4000,5027.6000,5027.8000,5028.0000,5028.2000,5028.4000,2,2,1,6,3,1,1,5,2,1
SF,IC2006,2019-12-25 09:32:08.200,5027.6000,33829,-1,418067680.000,1,0,1,双平,S,5027.6000,5027.0000,5026.8000,5026.2000,5025.8000,5027.8000,5028.0000,5028.2000,5028.4000,5028.6000,1,2,2,1,6,1,5,2,1,3
SF,IC2006,2019-12-25 09:32:08.700,5027.6000,33829,0,418067680.000,0,-,-,-,-,5027.0000,5026.8000,5026.2000,5025.8000,5025.4000,5027.8000,5028.0000,5028.2000,5028.4000,5028.6000,2,2,1,6,3,1,5,2,1,3
SF,IC2006,2019-12-25 09:32:09.200,5027.6000,33829,0,418067680.000,0,-,-,-,-,5027.0000,5026.8000,5026.2000,5025.8000,5025.4000,5027.8000,5028.0000,5028.2000,5028.4000,5028.6000,2,2,1,6,3,1,5,2,1,3
SF,IC2006,2019-12-25 09:32:10.200,5027.8000,33830,1,419073240.000,1,1,0,双开,S,5027.8000,5027.0000,5026.8000,5026.2000,5025.8000,5028.0000,5028.2000,5028.4000,5028.6000,5028.8000,1,2,2,1,6,5,2,1,3,2
SF,IC2006,2019-12-25 09:32:10.700,5027.8000,33830,0,421084360.000,2,1,1,多换,S,5027.8000,5027.0000,5026.8000,5026.2000,5025.8000,5028.0000,5028.2000,5028.4000,5028.6000,5028.8000,4,2,2,1,6,5,2,1,3,2
SF,IC2006,2019-12-25 09:32:11.200,5027.8000,33830,0,423095480.000,2,1,1,多换,S,5027.8000,5027.0000,5026.8000,5026.2000,5025.8000,5028.0000,5028.2000,5028.4000,5028.6000,5028.8000,4,2,2,1,6,5,2,1,3,2
SF,IC2006,2019-12-25 09:32:11.700,5027.8000,33830,0,423095480.000,0,-,-,-,-,5027.8000,5027.0000,5026.8000,5026.2000,5025.8000,5028.0000,5028.2000,5028.4000,5028.6000,5028.8000,6,2,2,1,6,5,2,1,3,2
SF,IC2006,2019-12-25 09:32:13.200,5028.0000,33831,1,425106640.000,2,1,1,空开,S,5027.8000,5027.0000,5026.8000,5025.8000,5025.4000,5028.0000,5028.2000,5028.4000,5028.6000,5028.8000,5,2,2,6,3,4,2,1,3,2
SF,IC2006,2019-12-25 09:32:13.700,5027.8000,33831,0,432145560.000,7,3,4,多换,S,5027.0000,5026.8000,5025.8000,5025.4000,5025.0000,5028.0000,5028.2000,5028.4000,5028.6000,5028.8000,2,2,6,3,1,4,2,1,3,2
SF,IC2006,2019-12-25 09:32:14.200,5027.0000,33829,-2,434156360.000,2,0,2,双平,S,5026.8000,5025.8000,5025.4000,5025.0000,5024.6000,5027.8000,5028.0000,5028.2000,5028.4000,5028.6000,2,6,3,1,1,1,4,2,1,3
SF,IC2006,2019-12-25 09:32:14.700,5027.0000,33829,0,434156360.000,0,-,-,-,-,5026.8000,5025.8000,5025.4000,5025.0000,5024.2000,5027.6000,5027.8000,5028.0000,5028.2000,5028.4000,2,5,3,1,1,1,1,4,2,1
SF,IC2006,2019-12-25 09:32:15.200,5027.8000,33830,1,436167440.000,2,1,1,空开,S,5025.8000,5025.4000,5025.0000,5024.2000,5024.0000,5028.0000,5028.2000,5028.4000,5028.6000,5028.8000,5,3,1,1,1,4,2,1,3,2
SF,IC2006,2019-12-25 09:32:15.700,5027.8000,33830,0,436167440.000,0,-,-,-,-,5026.0000,5025.8000,5025.4000,5025.0000,5024.2000,5027.8000,5028.0000,5028.2000,5028.4000,5028.6000,1,5,3,1,1,2,4,2,1,3
SF,IC2006,2019-12-25 09:32:16.200,5027.8000,33830,0,437173000.000,1,0,1,多换,S,5026.0000,5025.8000,5025.4000,5025.0000,5024.2000,5027.8000,5028.0000,5028.2000,5028.4000,5028.6000,1,5,3,1,1,2,4,2,1,3
SF,IC2006,2019-12-25 09:32:16.700,5027.8000,33830,0,437173000.000,0,-,-,-,-,5026.0000,5025.8000,5025.4000,5025.0000,5024.2000,5027.8000,5028.0000,5028.2000,5028.4000,5028.6000,1,5,3,1,1,2,4,2,1,3
SF,IC2006,2019-12-25 09:32:17.200,5027.8000,33830,0,437173000.000,0,-,-,-,-,5025.8000,5025.4000,5025.0000,5024.2000,5024.0000,5027.8000,5028.0000,5028.2000,5028.4000,5028.6000,5,3,1,1,1,2,4,2,1,3
SF,IC2006,2019-12-25 09:32:17.700,5026.0000,33829,-1,438178200.000,1,0,1,双平,S,5025.8000,5025.4000,5025.0000,5024.2000,5024.0000,5026.0000,5027.8000,5028.0000,5028.2000,5028.4000,5,3,1,1,1,1,2,4,2,1
SF,IC2006,2019-12-25 09:32:18.200,5026.0000,33828,-1,439183400.000,1,0,1,双平,S,5026.0000,5025.8000,5025.4000,5025.0000,5024.2000,5027.8000,5028.0000,5028.2000,5028.4000,5028.6000,3,5,3,1,1,1,4,2,1,3
SF,IC2006,2019-12-25 09:32:18.700,5027.8000,33828,0,441194520.000,2,1,1,多换,S,5026.0000,5025.8000,5025.4000,5025.0000,5024.2000,5028.0000,5028.2000,5028.4000,5028.6000,5028.8000,3,5,3,1,1,4,2,1,3,2
SF,IC2006,2019-12-25 09:32:19.200,5027.8000,33829,1,443205640.000,2,1,1,空开,S,5026.2000,5026.0000,5025.8000,5025.4000,5025.0000,5027.8000,5028.0000,5028.2000,5028.4000,5028.6000,1,3,5,3,1,1,4,2,1,3
SF,IC2006,2019-12-25 09:32:19.700,5027.8000,33827,-2,445216440.000,2,0,2,双平,S,5026.0000,5025.8000,5025.4000,5025.0000,5024.2000,5028.0000,5028.2000,5028.4000,5028.6000,5028.8000,3,5,3,1,1,4,2,1,3,2
SF,IC2006,2019-12-25 09:32:20.200,5027.8000,33827,0,445216440.000,0,-,-,-,-,5026.2000,5026.0000,5025.8000,5025.4000,5025.0000,5028.0000,5028.2000,5028.4000,5028.6000,5028.8000,1,3,5,3,1,4,2,1,3,2
SF,IC2006,2019-12-25 09:32:20.700,5027.8000,33827,0,445216440.000,0,-,-,-,-,5026.4000,5026.2000,5026.0000,5025.8000,5025.4000,5027.8000,5028.0000,5028.2000,5028.4000,5028.6000,1,1,3,5,3,1,5,2,1,3
SF,IC2006,2019-12-25 09:32:21.200,5026.6000,33826,-1,446221760.000,1,0,1,双平,S,5026.6000,5026.4000,5026.0000,5025.8000,5025.4000,5027.8000,5028.0000,5028.2000,5028.4000,5028.6000,1,1,3,5,3,1,5,2,1,3
SF,IC2006,2019-12-25 09:32:22.200,5026.6000,33826,0,446221760.000,0,-,-,-,-,5026.6000,5026.4000,5026.2000,5026.0000,5025.8000,5027.8000,5028.0000,5028.2000,5028.4000,5028.6000,1,1,1,3,5,1,5,2,1,3
SF,IC2006,2019-12-25 09:32:23.200,5026.6000,33826,0,446221760.000,0,-,-,-,-,5026.6000,5026.2000,5026.0000,5025.8000,5025.4000,5027.8000,5028.0000,5028.2000,5028.4000,5028.6000,1,1,3,5,3,1,5,2,1,3
SF,IC2006,2019-12-25 09:32:23.700,5027.8000,33827,1,447227320.000,1,1,0,双开,S,5026.6000,5026.2000,5026.0000,5025.8000,5025.4000,5028.0000,5028.2000,5028.4000,5028.6000,5028.8000,1,1,3,5,3,5,2,1,3,2
SF,IC2006,2019-12-25 09:32:25.200,5027.8000,33827,0,447227320.000,0,-,-,-,-,5026.6000,5026.2000,5026.0000,5025.8000,5025.4000,5027.8000,5028.0000,5028.2000,5028.4000,5028.6000,1,1,3,5,3,1,5,2,1,3
SF,IC2006,2019-12-25 09:32:27.200,5027.8000,33827,0,447227320.000,0,-,-,-,-,5026.6000,5026.2000,5026.0000,5025.8000,5025.4000,5027.8000,5028.0000,5028.2000,5028.4000,5028.6000,1,1,1,5,3,1,5,2,1,3
SF,IC2006,2019-12-25 09:32:27.700,5027.8000,33827,0,447227320.000,0,-,-,-,-,5026.6000,5026.2000,5026.0000,5025.8000,5025.4000,5027.8000,5028.0000,5028.2000,5028.4000,5028.6000,1,1,1,5,3,2,5,2,1,3
SF,IC2006,2019-12-25 09:32:28.200,5027.8000,33829,2,451249280.000,4,3,1,空开,S,5026.2000,5026.0000,5025.8000,5025.4000,5025.0000,5028.0000,5028.2000,5028.4000,5028.6000,5028.8000,1,1,5,3,1,5,2,1,3,3
SF,IC2006,2019-12-25 09:32:28.700,5027.8000,33829,0,451249280.000,0,-,-,-,-,5026.4000,5026.2000,5026.0000,5025.8000,5025.4000,5027.8000,5028.0000,5028.2000,5028.4000,5028.6000,1,1,1,5,3,1,5,2,1,3
SF,IC2006,2019-12-25 09:32:29.200,5027.8000,33829,0,451249280.000,0,-,-,-,-,5026.4000,5026.2000,5026.0000,5025.8000,5025.4000,5028.0000,5028.2000,5028.6000,5028.8000,5029.0000,3,1,1,5,3,5,2,3,3,3
SF,IC2006,2019-12-25 09:32:29.700,5027.8000,33829,0,451249280.000,0,-,-,-,-,5026.4000,5026.2000,5026.0000,5025.8000,5025.4000,5027.8000,5028.0000,5028.2000,5028.6000,5028.8000,3,1,1,5,3,1,5,2,3,3
SF,IC2006,2019-12-25 09:32:30.200,5027.8000,33829,0,451249280.000,0,-,-,-,-,5026.6000,5026.4000,5026.2000,5026.0000,5025.8000,5027.8000,5028.0000,5028.2000,5028.6000,5028.8000,1,1,1,1,5,1,5,2,3,3
SF,IC2006,2019-12-25 09:32:31.200,5027.8000,33830,1,452254840.000,1,1,0,双开,S,5026.4000,5026.2000,5026.0000,5025.8000,5025.4000,5028.0000,5028.2000,5028.6000,5028.8000,5029.0000,1,1,1,5,3,5,2,3,3,3
SF,IC2006,2019-12-25 09:32:31.700,5028.0000,33831,1,455271600.000,3,2,1,空开,S,5026.4000,5026.2000,5026.0000,5025.8000,5025.4000,5028.0000,5028.2000,5028.6000,5028.8000,5029.0000,1,1,1,5,3,3,2,3,3,3
SF,IC2006,2019-12-25 09:32:32.200,5028.0000,33831,0,455271600.000,0,-,-,-,-,5026.4000,5026.2000,5026.0000,5025.8000,5025.4000,5027.8000,5028.0000,5028.2000,5028.6000,5028.8000,1,1,1,5,3,1,3,2,3,3
SF,IC2006,2019-12-25 09:32:33.700,5028.0000,33831,0,455271600.000,0,-,-,-,-,5026.4000,5026.2000,5026.0000,5025.8000,5025.4000,5027.6000,5027.8000,5028.0000,5028.2000,5028.6000,1,1,1,5,3,1,2,3,2,3
SF,IC2006,2019-12-25 09:32:34.200,5028.0000,33831,0,455271600.000,0,-,-,-,-,5026.4000,5026.2000,5026.0000,5025.8000,5025.4000,5027.6000,5027.8000,5028.0000,5028.2000,5028.6000,1,1,1,5,3,1,2,3,2,3
SF,IC2006,2019-12-25 09:32:34.700,5026.4000,33830,-1,456276880.000,1,0,1,双平,S,5026.2000,5026.0000,5025.8000,5025.4000,5025.0000,5026.4000,5027.6000,5027.8000,5028.0000,5028.2000,1,1,5,3,1,19,2,2,3,2
SF,IC2006,2019-12-25 09:32:35.200,5026.2000,33830,0,457282120.000,1,0,1,多换,S,5026.0000,5025.8000,5025.4000,5025.0000,5024.2000,5026.4000,5027.6000,5027.8000,5028.0000,5028.2000,1,5,3,1,1,19,2,2,3,2
SF,IC2006,2019-12-25 09:32:35.700,5026.2000,33830,0,457282120.000,0,-,-,-,-,5025.8000,5025.4000,5025.0000,5024.2000,5021.4000,5026.2000,5026.4000,5027.6000,5027.8000,5028.0000,5,3,1,1,1,1,19,2,2,3
SF,IC2006,2019-12-25 09:32:36.200,5026.2000,33830,0,457282120.000,0,-,-,-,-,5025.8000,5025.4000,5025.0000,5024.2000,5021.4000,5026.4000,5027.6000,5027.8000,5028.0000,5028.2000,5,3,1,1,1,19,1,1,3,2
SF,IC2006,2019-12-25 09:32:37.200,5026.2000,33830,0,457282120.000,0,-,-,-,-,5026.2000,5025.8000,5025.4000,5025.0000,5024.2000,5026.4000,5027.6000,5027.8000,5028.0000,5028.2000,1,5,3,1,1,19,1,2,3,2
SF,IC2006,2019-12-25 09:32:37.700,5026.4000,33829,-1,460297920.000,3,1,2,多平,S,5025.8000,5025.4000,5025.0000,5024.2000,5021.4000,5026.4000,5027.6000,5027.8000,5028.0000,5028.2000,5,3,1,1,1,17,1,2,3,2
SF,IC2006,2019-12-25 09:32:38.700,5026.4000,33827,-2,462308480.000,2,0,2,双平,S,5025.8000,5025.4000,5025.0000,5024.2000,5021.4000,5026.4000,5027.6000,5027.8000,5028.0000,5028.2000,5,3,1,1,1,15,1,2,3,2
SF,IC2006,2019-12-25 09:32:40.700,5026.4000,33827,0,462308480.000,0,-,-,-,-,5025.8000,5025.4000,5025.0000,5024.2000,5021.4000,5026.4000,5027.6000,5027.8000,5028.0000,5028.2000,5,3,1,2,1,15,1,2,3,2
SF,IC2006,2019-12-25 09:32:41.700,5026.4000,33827,0,462308480.000,0,-,-,-,-,5025.8000,5025.4000,5025.0000,5024.2000,5022.2000,5026.4000,5027.6000,5027.8000,5028.0000,5028.2000,5,3,1,2,1,15,1,2,4,2
SF,IC2006,2019-12-25 09:32:43.200,5026.4000,33827,0,462308480.000,0,-,-,-,-,5025.8000,5025.4000,5025.0000,5024.2000,5021.4000,5026.4000,5027.6000,5027.8000,5028.0000,5028.2000,5,3,1,2,1,15,1,2,4,2
SF,IC2006,2019-12-25 09:32:45.200,5026.4000,33827,0,462308480.000,0,-,-,-,-,5025.8000,5025.4000,5025.0000,5024.2000,5021.4000,5026.4000,5027.6000,5027.8000,5028.0000,5028.2000,5,3,1,2,1,15,1,2,4,2
SF,IC2006,2019-12-25 09:32:46.200,5025.8000,33827,0,467334280.000,5,2,3,多换,S,5025.4000,5025.0000,5024.2000,5021.4000,5020.6000,5025.8000,5026.4000,5027.6000,5027.8000,5028.0000,3,1,2,1,1,15,15,1,2,4
SF,IC2006,2019-12-25 09:32:46.700,5025.4000,33827,0,469344440.000,2,1,1,多换,S,5025.4000,5025.0000,5024.2000,5021.4000,5020.6000,5025.8000,5026.4000,5027.6000,5027.8000,5028.0000,1,1,2,1,1,15,15,1,2,4
SF,IC2006,2019-12-25 09:32:47.200,5025.4000,33827,0,469344440.000,0,-,-,-,-,5025.4000,5025.0000,5024.2000,5021.4000,5020.6000,5025.8000,5026.4000,5027.6000,5027.8000,5028.0000,1,1,1,1,1,15,15,1,2,3
SF,IC2006,2019-12-25 09:32:47.700,5025.4000,33827,0,469344440.000,0,-,-,-,-,5025.4000,5025.0000,5024.8000,5024.2000,5021.4000,5025.8000,5026.0000,5026.4000,5027.6000,5027.8000,1,1,1,1,1,15,1,15,1,2
SF,IC2006,2019-12-25 09:32:48.200,5025.4000,33827,0,469344440.000,0,-,-,-,-,5025.4000,5025.0000,5024.8000,5024.2000,5021.4000,5025.8000,5026.0000,5026.4000,5027.6000,5027.8000,1,1,1,1,1,15,1,15,1,2
SF,IC2006,2019-12-25 09:32:48.700,5025.4000,33827,0,469344440.000,0,-,-,-,-,5025.4000,5025.0000,5024.8000,5024.2000,5021.4000,5025.8000,5026.0000,5026.4000,5027.6000,5027.8000,1,1,1,1,1,15,1,15,1,2
SF,IC2006,2019-12-25 09:32:49.700,5025.4000,33827,0,469344440.000,0,-,-,-,-,5025.4000,5025.0000,5024.8000,5024.2000,5021.4000,5025.8000,5026.0000,5026.4000,5027.6000,5027.8000,1,1,1,1,1,15,1,15,1,2
SF,IC2006,2019-12-25 09:32:50.200,5025.4000,33827,0,470349520.000,1,0,1,多换,S,5025.0000,5024.8000,5024.2000,5021.4000,5021.0000,5025.8000,5026.0000,5026.4000,5027.6000,5027.8000,1,1,1,1,1,16,1,15,1,2
SF,IC2006,2019-12-25 09:32:50.700,5025.4000,33827,0,470349520.000,0,-,-,-,-,5025.0000,5024.8000,5024.2000,5021.4000,5021.0000,5025.6000,5025.8000,5026.0000,5026.4000,5027.6000,1,1,1,1,1,1,16,1,15,1
SF,IC2006,2019-12-25 09:32:51.200,5025.4000,33827,0,470349520.000,0,-,-,-,-,5025.0000,5024.2000,5021.4000,5021.0000,5020.6000,5025.6000,5025.8000,5026.0000,5026.4000,5027.6000,1,1,1,1,1,1,16,1,15,1
SF,IC2006,2019-12-25 09:32:51.700,5025.4000,33827,0,470349520.000,0,-,-,-,-,5025.0000,5024.2000,5021.4000,5021.0000,5020.6000,5025.6000,5025.8000,5026.0000,5026.4000,5027.6000,1,1,1,1,1,1,1,1,15,1
SF,IC2006,2019-12-25 09:32:52.200,5025.0000,33826,-1,471354520.000,1,0,1,双平,S,5024.2000,5023.6000,5021.4000,5021.0000,5020.6000,5025.0000,5025.6000,5025.8000,5026.0000,5026.4000,1,1,1,1,1,14,1,1,1,15
SF,IC2006,2019-12-25 09:32:53.200,5025.0000,33826,0,471354520.000,0,-,-,-,-,5024.2000,5023.6000,5021.4000,5021.0000,5020.6000,5025.0000,5025.6000,5025.8000,5026.0000,5026.4000,1,1,1,1,1,14,1,1,3,15
SF,IC2006,2019-12-25 09:32:54.700,5025.0000,33826,0,471354520.000,0,-,-,-,-,5024.2000,5023.6000,5021.4000,5021.0000,5020.8000,5024.8000,5025.0000,5025.6000,5025.8000,5026.0000,1,1,1,1,1,1,14,1,1,3
SF,IC2006,2019-12-25 09:32:55.200,5025.0000,33826,0,471354520.000,0,-,-,-,-,5024.2000,5023.6000,5021.4000,5021.0000,5020.8000,5024.8000,5025.0000,5025.6000,5025.8000,5026.0000,1,1,1,1,1,1,14,1,1,3
SF,IC2006,2019-12-25 09:32:55.700,5025.0000,33826,0,471354520.000,0,-,-,-,-,5024.2000,5023.6000,5021.4000,5021.0000,5020.8000,5024.8000,5025.0000,5025.8000,5026.0000,5026.4000,1,1,1,1,1,1,14,1,3,15
SF,IC2006,2019-12-25 09:32:56.700,5024.2000,33826,0,472359360.000,1,0,1,多换,S,5023.6000,5021.4000,5021.0000,5020.6000,5020.4000,5024.0000,5024.8000,5025.0000,5025.8000,5026.0000,1,1,1,2,2,4,1,14,1,3
SF,IC2006,2019-12-25 09:32:57.200,5024.2000,33826,0,472359360.000,0,-,-,-,-,5023.6000,5021.4000,5021.0000,5020.6000,5020.4000,5024.0000,5024.8000,5025.0000,5025.8000,5026.0000,1,1,1,2,2,4,1,14,1,3
SF,IC2006,2019-12-25 09:32:57.700,5024.0000,33825,-1,473364160.000,1,0,1,双平,S,5023.6000,5021.4000,5021.0000,5020.6000,5020.4000,5024.0000,5024.8000,5025.0000,5025.8000,5026.0000,1,1,1,2,2,18,1,14,1,3
SF,IC2006,2019-12-25 09:32:58.700,5024.0000,33825,0,473364160.000,0,-,-,-,-,5021.4000,5020.6000,5020.4000,5020.2000,5020.0000,5024.0000,5025.0000,5025.8000,5026.0000,5027.6000,1,2,2,1,1,18,14,1,3,1
SF,IC2006,2019-12-25 09:32:59.200,5024.0000,33825,0,473364160.000,0,-,-,-,-,5023.2000,5021.6000,5021.4000,5020.6000,5020.4000,5023.8000,5024.0000,5025.0000,5025.8000,5026.0000,2,1,1,2,2,2,18,14,1,3
SF,IC2006,2019-12-25 09:32:59.700,5024.0000,33825,0,474368960.000,1,0,1,多换,S,5023.2000,5022.0000,5021.6000,5021.4000,5020.6000,5023.8000,5024.0000,5025.0000,5025.8000,5026.0000,2,1,1,1,2,3,18,14,1,3
SF,IC2006,2019-12-25 09:33:00.200,5024.0000,33825,0,474368960.000,0,-,-,-,-,5023.2000,5022.0000,5021.6000,5021.4000,5020.6000,5023.8000,5024.0000,5025.0000,5025.8000,5026.0000,2,1,1,1,2,2,3,14,1,3
SF,IC2006,2019-12-25 09:33:00.700,5024.0000,33825,0,474368960.000,0,-,-,-,-,5023.2000,5022.0000,5021.6000,5021.4000,5020.6000,5023.8000,5024.0000,5025.0000,5025.8000,5026.0000,2,1,1,1,3,1,3,14,1,3
SF,IC2006,2019-12-25 09:33:01.200,5024.0000,33825,0,474368960.000,0,-,-,-,-,5022.0000,5021.6000,5021.4000,5020.6000,5020.4000,5023.8000,5024.0000,5025.0000,5025.8000,5026.0000,1,1,1,3,2,1,3,14,1,3
SF,IC2006,2019-12-25 09:33:01.700,5024.0000,33825,0,474368960.000,0,-,-,-,-,5023.2000,5022.2000,5022.0000,5021.4000,5020.6000,5023.8000,5024.0000,5025.0000,5025.8000,5026.0000,1,2,1,1,3,1,3,14,1,3
SF,IC2006,2019-12-25 09:33:02.200,5024.0000,33825,0,474368960.000,0,-,-,-,-,5023.2000,5022.2000,5022.0000,5021.4000,5020.6000,5023.8000,5024.0000,5025.0000,5025.8000,5026.0000,1,2,1,1,3,1,3,14,1,3
SF,IC2006,2019-12-25 09:33:02.700,5024.0000,33825,0,474368960.000,0,-,-,-,-,5023.2000,5022.2000,5022.0000,5021.4000,5020.6000,5023.8000,5024.0000,5025.0000,5025.8000,5026.0000,1,1,1,1,3,1,3,14,1,3
SF,IC2006,2019-12-25 09:33:03.200,5024.0000,33825,0,474368960.000,0,-,-,-,-,5023.2000,5022.2000,5022.0000,5021.4000,5020.6000,5023.8000,5024.0000,5025.0000,5025.8000,5026.0000,1,1,1,1,3,1,3,14,1,3
SF,IC2006,2019-12-25 09:33:03.700,5023.2000,33824,-1,475373600.000,1,0,1,双平,S,5023.2000,5022.2000,5022.0000,5021.4000,5020.6000,5023.8000,5024.0000,5025.0000,5025.8000,5026.0000,1,1,1,1,3,1,3,14,1,3
SF,IC2006,2019-12-25 09:33:04.200,5023.2000,33824,0,475373600.000,0,-,-,-,-,5023.2000,5022.2000,5022.0000,5021.4000,5020.6000,5023.8000,5024.0000,5025.8000,5026.0000,5027.6000,1,1,1,1,3,1,3,1,3,1
SF,IC2006,2019-12-25 09:33:04.700,5023.2000,33824,0,476378240.000,1,0,1,多换,S,5022.2000,5022.0000,5021.4000,5020.6000,5020.4000,5023.0000,5023.8000,5024.0000,5025.8000,5026.0000,1,1,1,3,2,13,1,3,1,3
SF,IC2006,2019-12-25 09:33:05.200,5023.2000,33824,0,476378240.000,0,-,-,-,-,5022.2000,5022.0000,5021.4000,5020.6000,5020.4000,5023.0000,5023.8000,5024.0000,5025.8000,5026.0000,1,1,1,3,2,13,1,3,1,3
SF,IC2006,2019-12-25 09:33:05.700,5023.0000,33812,-12,489438040.000,13,0,13,多平,S,5022.2000,5021.4000,5020.6000,5020.4000,5020.2000,5023.8000,5024.0000,5025.8000,5026.0000,5027.6000,1,1,3,2,1,1,3,1,3,1
SF,IC2006,2019-12-25 09:33:06.200,5023.0000,33812,0,489438040.000,0,-,-,-,-,5022.4000,5022.2000,5021.4000,5020.6000,5020.4000,5023.6000,5023.8000,5024.0000,5025.8000,5026.0000,1,1,1,3,2,1,1,3,1,3
SF,IC2006,2019-12-25 09:33:06.700,5023.0000,33812,0,489438040.000,0,-,-,-,-,5022.4000,5022.2000,5021.4000,5020.6000,5020.4000,5023.6000,5023.8000,5024.0000,5025.8000,5026.0000,2,1,1,3,2,1,1,3,1,3
SF,IC2006,2019-12-25 09:33:07.200,5023.0000,33812,0,489438040.000,0,-,-,-,-,5022.6000,5022.4000,5021.4000,5020.6000,5020.4000,5023.6000,5023.8000,5024.0000,5025.8000,5026.0000,1,2,1,3,2,1,1,3,1,3
SF,IC2006,2019-12-25 09:33:07.700,5023.6000,33811,-1,490442760.000,1,0,1,双平,S,5022.6000,5022.4000,5021.4000,5020.6000,5020.4000,5023.8000,5024.0000,5025.8000,5026.0000,5027.6000,1,2,1,3,2,1,3,1,3,1
SF,IC2006,2019-12-25 09:33:08.200,5023.6000,33811,0,490442760.000,0,-,-,-,-,5022.6000,5022.4000,5021.4000,5020.6000,5020.4000,5023.8000,5024.0000,5025.8000,5026.0000,5027.6000,1,1,1,3,2,1,3,1,3,1
SF,IC2006,2019-12-25 09:33:08.700,5023.6000,33811,0,490442760.000,0,-,-,-,-,5023.2000,5022.6000,5022.4000,5021.4000,5020.6000,5023.8000,5024.0000,5025.8000,5026.0000,5027.6000,1,1,1,1,3,1,3,1,3,1
SF,IC2006,2019-12-25 09:33:09.200,5024.0000,33811,0,492452320.000,2,1,1,多换,S,5023.2000,5022.6000,5021.4000,5020.6000,5020.4000,5024.0000,5025.8000,5026.0000,5027.6000,5027.8000,1,1,1,3,2,2,1,3,1,2
SF,IC2006,2019-12-25 09:33:09.700,5024.0000,33811,0,492452320.000,0,-,-,-,-,5022.6000,5021.4000,5020.6000,5020.4000,5020.2000,5024.0000,5025.8000,5026.0000,5027.6000,5027.8000,1,1,3,2,1,2,1,3,1,2
SF,IC2006,2019-12-25 09:33:10.200,5024.0000,33811,0,492452320.000,0,-,-,-,-,5022.6000,5021.4000,5020.6000,5020.4000,5020.2000,5024.0000,5025.8000,5026.0000,5027.6000,5027.8000,1,1,3,2,1,2,1,3,1,2
SF,IC2006,2019-12-25 09:33:11.200,5022.6000,33808,-3,495465920.000,3,0,3,双平,S,5021.4000,5020.6000,5020.4000,5020.2000,5020.0000,5022.6000,5024.0000,5025.8000,5026.0000,5027.6000,1,2,2,1,1,12,2,1,3,1
SF,IC2006,2019-12-25 09:33:11.700,5022.6000,33805,-3,499484000.000,4,0,4,多平,S,5022.2000,5021.6000,5021.4000,5020.6000,5020.2000,5022.6000,5024.0000,5025.8000,5026.0000,5027.6000,1,1,1,2,1,8,2,1,4,1
SF,IC2006,2019-12-25 09:33:12.200,5022.6000,33804,-1,500488520.000,1,0,1,双平,S,5022.2000,5021.4000,5020.6000,5020.2000,5020.0000,5022.6000,5024.0000,5025.8000,5026.0000,5027.6000,1,1,2,1,1,7,2,1,4,1
SF,IC2006,2019-12-25 09:33:12.700,5022.2000,33803,-1,501492960.000,1,0,1,双平,S,5021.4000,5020.6000,5020.2000,5020.0000,5018.4000,5022.6000,5024.0000,5025.8000,5026.0000,5027.6000,1,2,1,1,5,7,2,1,4,1
SF,IC2006,2019-12-25 09:33:13.200,5022.2000,33803,0,501492960.000,0,-,-,-,-,5021.4000,5020.6000,5020.2000,5020.0000,5018.4000,5022.6000,5024.0000,5025.8000,5026.0000,5027.6000,1,2,1,1,5,7,2,1,4,1
SF,IC2006,2019-12-25 09:33:13.700,5022.4000,33803,0,502497440.000,1,0,1,多换,S,5022.0000,5021.4000,5020.6000,5020.2000,5020.0000,5022.6000,5024.0000,5025.8000,5026.0000,5027.6000,1,1,2,1,1,7,2,1,4,1
SF,IC2006,2019-12-25 09:33:14.200,5022.4000,33803,0,502497440.000,0,-,-,-,-,5022.0000,5021.4000,5020.6000,5020.2000,5020.0000,5022.6000,5024.0000,5025.8000,5026.0000,5027.6000,1,2,1,1,1,7,2,1,4,1
SF,IC2006,2019-12-25 09:33:15.700,5022.0000,33802,-1,504506240.000,2,0,2,多平,S,5021.4000,5020.6000,5020.2000,5020.0000,5018.4000,5022.0000,5022.4000,5022.6000,5024.0000,5025.8000,2,1,1,1,5,9,1,7,2,1
SF,IC2006,2019-12-25 09:33:16.200,5021.4000,33801,-1,505510520.000,1,0,1,双平,S,5021.4000,5020.6000,5020.2000,5020.0000,5018.4000,5022.0000,5022.4000,5022.6000,5024.0000,5025.8000,1,1,1,1,5,9,1,7,2,1
SF,IC2006,2019-12-25 09:33:16.700,5022.0000,33798,-3,508523720.000,3,0,3,双平,S,5020.6000,5020.2000,5020.0000,5018.4000,5017.0000,5022.0000,5022.4000,5022.6000,5024.0000,5025.8000,1,1,1,5,5,6,1,7,2,1
SF,IC2006,2019-12-25 09:33:17.200,5022.0000,33796,-2,510532520.000,2,0,2,双平,S,5020.8000,5020.6000,5020.4000,5020.2000,5020.0000,5022.0000,5022.4000,5022.6000,5024.0000,5025.8000,1,1,1,1,1,4,1,7,2,1
SF,IC2006,2019-12-25 09:33:17.700,5022.0000,33796,0,511536920.000,1,0,1,多换,S,5020.8000,5020.6000,5020.4000,5020.2000,5020.0000,5022.0000,5022.6000,5024.0000,5025.8000,5026.0000,1,1,1,1,1,4,7,2,1,4
SF,IC2006,2019-12-25 09:33:18.200,5022.0000,33795,-1,512541320.000,1,0,1,双平,S,5020.8000,5020.6000,5020.4000,5020.2000,5020.0000,5022.0000,5022.6000,5024.0000,5025.8000,5026.0000,1,1,1,1,1,3,7,2,1,4
SF,IC2006,2019-12-25 09:33:18.700,5022.0000,33795,0,513545720.000,1,0,1,多换,S,5021.2000,5020.8000,5020.6000,5020.4000,5020.2000,5022.0000,5022.6000,5024.0000,5025.8000,5026.0000,1,1,1,1,1,2,7,2,1,4
SF,IC2006,2019-12-25 09:33:19.200,5020.8000,33792,-3,516558520.000,3,0,3,双平,S,5020.6000,5020.4000,5020.2000,5020.0000,5018.4000,5022.0000,5022.6000,5024.0000,5025.8000,5026.0000,1,1,1,1,5,1,7,2,1,4
SF,IC2006,2019-12-25 09:33:19.700,5022.0000,33792,0,517562920.000,1,0,1,多换,S,5020.6000,5020.4000,5020.2000,5020.0000,5018.4000,5022.6000,5024.0000,5025.8000,5026.0000,5027.6000,1,1,1,1,5,7,2,1,4,1
SF,IC2006,2019-12-25 09:33:20.200,5020.0000,33787,-5,522583160.000,5,0,5,双平,S,5018.4000,5017.0000,5016.4000,5016.2000,5015.2000,5020.0000,5022.4000,5024.0000,5025.8000,5026.0000,5,5,5,1,1,2,1,2,1,4
SF,IC2006,2019-12-25 09:33:20.700,5020.0000,33786,-1,525595160.000,3,1,2,多平,S,5020.2000,5020.0000,5018.8000,5018.6000,5018.4000,5022.4000,5024.0000,5025.8000,5026.0000,5027.6000,1,3,2,2,5,1,2,1,4,1
SF,IC2006,2019-12-25 09:33:21.200,5020.0000,33786,0,525595160.000,0,-,-,-,-,5020.2000,5020.0000,5018.8000,5018.6000,5018.4000,5022.4000,5024.0000,5025.8000,5026.0000,5027.6000,1,3,1,1,5,1,2,1,4,1
SF,IC2006,2019-12-25 09:33:21.700,5020.0000,33786,0,525595160.000,0,-,-,-,-,5020.6000,5020.4000,5020.2000,5020.0000,5018.8000,5022.4000,5024.0000,5025.8000,5026.0000,5027.6000,1,1,1,3,1,1,2,1,4,1
SF,IC2006,2019-12-25 09:33:22.700,5020.6000,33785,-1,526599280.000,1,0,1,双平,S,5020.4000,5020.2000,5020.0000,5018.8000,5018.6000,5022.4000,5024.0000,5025.8000,5026.0000,5027.6000,1,1,3,2,2,1,2,1,4,1
SF,IC2006,2019-12-25 09:33:23.200,5020.6000,33785,0,526599280.000,0,-,-,-,-,5020.6000,5020.4000,5020.2000,5020.0000,5018.8000,5022.4000,5024.0000,5025.8000,5026.0000,5027.6000,2,1,1,3,2,1,2,1,4,1
SF,IC2006,2019-12-25 09:33:23.700,5020.6000,33785,0,526599280.000,0,-,-,-,-,5020.8000,5020.6000,5020.4000,5020.2000,5020.0000,5022.4000,5024.0000,5025.8000,5026.0000,5027.6000,1,1,1,1,3,1,2,1,4,1
SF,IC2006,2019-12-25 09:33:24.200,5020.6000,33785,0,526599280.000,0,-,-,-,-,5020.8000,5020.6000,5020.4000,5020.2000,5020.0000,5022.4000,5024.0000,5025.8000,5026.0000,5027.6000,1,1,1,2,3,1,2,1,4,1
SF,IC2006,2019-12-25 09:33:25.200,5020.6000,33785,0,526599280.000,0,-,-,-,-,5020.8000,5020.6000,5020.4000,5020.2000,5020.0000,5022.4000,5024.0000,5025.8000,5026.0000,5027.6000,1,1,1,2,4,1,2,1,4,1
SF,IC2006,2019-12-25 09:33:25.700,5020.6000,33785,0,526599280.000,0,-,-,-,-,5020.8000,5020.6000,5020.4000,5020.2000,5020.0000,5022.4000,5024.0000,5025.8000,5026.0000,5027.6000,1,1,1,2,4,1,2,1,4,1
SF,IC2006,2019-12-25 09:33:26.200,5020.8000,33784,-1,528607920.000,2,0,2,多平,S,5020.6000,5020.4000,5020.2000,5020.0000,5018.8000,5020.8000,5024.0000,5025.8000,5026.0000,5027.6000,1,1,2,4,2,20,2,1,4,1
SF,IC2006,2019-12-25 09:33:26.700,5020.6000,33779,-5,533628640.000,5,0,5,双平,S,5020.2000,5020.0000,5018.8000,5018.6000,5018.4000,5020.4000,5020.8000,5022.2000,5024.0000,5025.8000,2,4,2,1,5,1,17,1,2,1
SF,IC2006,2019-12-25 09:33:27.200,5020.4000,33778,-1,535636760.000,2,0,2,多平,S,5020.2000,5020.0000,5018.8000,5018.6000,5018.4000,5020.8000,5022.2000,5024.0000,5025.8000,5026.0000,1,2,2,1,5,17,1,2,1,4
SF,IC2006,2019-12-25 09:33:27.700,5020.8000,33776,-2,537644960.000,2,0,2,双平,S,5020.0000,5018.8000,5018.4000,5017.0000,5016.4000,5020.8000,5024.0000,5025.8000,5026.0000,5027.6000,2,2,5,6,5,16,2,1,4,1
SF,IC2006,2019-12-25 09:33:28.200,5020.8000,33775,-1,538649120.000,1,0,1,双平,S,5020.0000,5018.8000,5018.4000,5017.0000,5016.6000,5020.8000,5024.0000,5025.8000,5026.0000,5027.6000,2,1,5,6,1,15,2,1,4,1
SF,IC2006,2019-12-25 09:33:28.700,5020.8000,33775,0,538649120.000,0,-,-,-,-,5020.0000,5018.4000,5017.2000,5017.0000,5016.6000,5020.8000,5024.0000,5025.8000,5026.0000,5027.6000,2,5,1,6,1,15,2,1,4,1
SF,IC2006,2019-12-25 09:33:29.700,5020.8000,33775,0,538649120.000,0,-,-,-,-,5020.0000,5018.4000,5018.0000,5017.2000,5017.0000,5020.8000,5024.0000,5025.8000,5026.0000,5027.6000,2,5,1,1,6,15,2,1,4,1
SF,IC2006,2019-12-25 09:33:30.700,5020.0000,33775,0,539653120.000,1,0,1,多换,S,5020.0000,5018.8000,5018.4000,5018.0000,5017.0000,5020.8000,5024.0000,5025.8000,5026.0000,5027.6000,1,1,5,1,6,15,2,1,4,1
SF,IC2006,2019-12-25 09:33:31.200,5020.0000,33774,-1,540657120.000,1,0,1,双平,S,5018.8000,5018.4000,5018.0000,5017.0000,5016.6000,5020.8000,5024.0000,5025.8000,5026.0000,5027.6000,1,5,1,6,1,15,2,1,4,1
SF,IC2006,2019-12-25 09:33:31.700,5020.0000,33774,0,540657120.000,0,-,-,-,-,5019.0000,5018.8000,5018.4000,5018.0000,5017.0000,5020.6000,5020.8000,5024.0000,5025.8000,5026.0000,2,1,5,1,6,2,15,2,1,4
SF,IC2006,2019-12-25 09:33:33.200,5020.0000,33774,0,540657120.000,0,-,-,-,-,5019.0000,5018.8000,5018.4000,5018.0000,5017.0000,5020.6000,5020.8000,5024.0000,5025.8000,5026.0000,2,1,5,1,6,1,15,2,1,4
SF,IC2006,2019-12-25 09:33:33.700,5020.0000,33774,0,540657120.000,0,-,-,-,-,5019.0000,5018.8000,5018.4000,5018.0000,5017.0000,5020.6000,5020.8000,5024.0000,5025.8000,5026.0000,1,1,5,1,6,1,15,2,1,4
SF,IC2006,2019-12-25 09:33:34.200,5020.0000,33774,0,540657120.000,0,-,-,-,-,5020.0000,5019.2000,5019.0000,5018.8000,5018.4000,5020.6000,5020.8000,5024.0000,5025.8000,5026.0000,1,1,1,1,5,1,15,2,1,4
SF,IC2006,2019-12-25 09:33:34.700,5020.0000,33774,0,540657120.000,0,-,-,-,-,5020.0000,5019.2000,5019.0000,5018.8000,5018.4000,5020.4000,5020.8000,5024.0000,5025.8000,5026.0000,1,1,1,1,5,1,15,2,1,4
SF,IC2006,2019-12-25 09:33:35.200,5020.4000,33774,0,541661200.000,1,0,1,多换,S,5020.0000,5019.0000,5018.8000,5018.4000,5018.0000,5020.8000,5024.0000,5025.8000,5026.0000,5027.6000,1,1,1,5,1,15,2,1,4,1
SF,IC2006,2019-12-25 09:33:36.700,5020.4000,33774,0,541661200.000,0,-,-,-,-,5020.2000,5020.0000,5019.0000,5018.8000,5018.4000,5020.8000,5024.0000,5025.8000,5026.0000,5027.6000,1,1,1,1,5,15,2,1,4,1
SF,IC2006,2019-12-25 09:33:37.200,5020.2000,33773,-1,542665240.000,1,0,1,双平,S,5020.0000,5019.0000,5018.8000,5018.4000,5018.0000,5020.8000,5024.0000,5025.8000,5026.0000,5027.6000,1,1,1,5,1,15,2,1,4,1
SF,IC2006,2019-12-25 09:33:38.200,5020.2000,33773,0,542665240.000,0,-,-,-,-,5020.0000,5019.0000,5018.8000,5018.4000,5018.0000,5020.2000,5020.8000,5024.0000,5025.8000,5026.0000,1,1,1,5,1,1,15,2,1,4
SF,IC2006,2019-12-25 09:33:38.700,5020.8000,33773,0,545677600.000,3,1,2,多换,S,5020.0000,5019.0000,5018.8000,5018.4000,5018.0000,5020.8000,5024.0000,5025.8000,5026.0000,5027.6000,1,1,1,5,1,13,2,1,4,1
SF,IC2006,2019-12-25 09:33:39.700,5020.8000,33773,0,545677600.000,0,-,-,-,-,5020.0000,5019.0000,5018.8000,5018.4000,5018.0000,5020.8000,5021.0000,5024.0000,5025.8000,5026.0000,1,1,1,5,1,13,1,2,1,4
SF,IC2006,2019-12-25 09:33:40.200,5020.0000,33773,0,546681600.000,1,0,1,多换,S,5019.0000,5018.8000,5018.4000,5017.0000,5016.6000,5020.8000,5021.0000,5024.0000,5025.8000,5026.0000,1,1,5,6,2,13,1,2,1,4
SF,IC2006,2019-12-25 09:33:42.200,5020.0000,33773,0,546681600.000,0,-,-,-,-,5019.2000,5019.0000,5018.4000,5018.0000,5017.0000,5020.8000,5021.0000,5024.0000,5025.8000,5026.0000,1,1,5,1,6,13,1,2,1,4
SF,IC2006,2019-12-25 09:33:42.700,5020.0000,33773,0,546681600.000,0,-,-,-,-,5019.0000,5018.4000,5018.0000,5017.0000,5016.6000,5020.6000,5020.8000,5021.0000,5024.0000,5025.8000,1,5,1,6,2,1,13,1,2,1
SF,IC2006,2019-12-25 09:33:43.700,5020.0000,33773,0,546681600.000,0,-,-,-,-,5019.2000,5019.0000,5018.4000,5018.0000,5017.0000,5020.6000,5020.8000,5021.0000,5024.0000,5025.8000,1,1,5,1,6,1,13,1,2,1
SF,IC2006,2019-12-25 09:33:44.700,5020.0000,33773,0,546681600.000,0,-,-,-,-,5019.2000,5019.0000,5018.4000,5018.0000,5017.0000,5020.6000,5020.8000,5021.0000,5024.0000,5025.8000,1,1,5,1,6,1,13,1,2,1
SF,IC2006,2019-12-25 09:33:45.200,5020.0000,33773,0,546681600.000,0,-,-,-,-,5019.4000,5019.0000,5018.4000,5018.0000,5017.0000,5020.6000,5020.8000,5021.0000,5024.0000,5025.8000,4,1,5,1,6,1,13,1,2,1
SF,IC2006,2019-12-25 09:33:45.700,5019.4000,33773,0,547685480.000,1,0,1,多换,S,5019.4000,5019.0000,5018.4000,5018.0000,5017.0000,5020.6000,5020.8000,5021.0000,5024.0000,5025.8000,3,1,5,1,6,1,13,1,2,1
SF,IC2006,2019-12-25 09:33:46.200,5019.4000,33773,0,549693240.000,2,1,1,多换,S,5019.4000,5019.0000,5018.4000,5018.0000,5017.0000,5020.6000,5020.8000,5021.0000,5024.0000,5025.8000,1,1,5,1,6,1,13,1,2,1
SF,IC2006,2019-12-25 09:33:46.700,5019.4000,33773,0,549693240.000,0,-,-,-,-,5019.6000,5019.4000,5019.0000,5018.4000,5018.0000,5020.6000,5020.8000,5021.0000,5024.0000,5025.8000,1,1,1,5,1,1,13,1,2,1
SF,IC2006,2019-12-25 09:33:47.200,5019.4000,33773,0,549693240.000,0,-,-,-,-,5019.6000,5019.4000,5019.0000,5018.4000,5018.0000,5020.6000,5020.8000,5021.0000,5024.0000,5025.8000,1,1,2,5,1,1,13,1,2,1
SF,IC2006,2019-12-25 09:33:47.700,5019.4000,33771,-2,551701000.000,2,0,2,双平,S,5019.0000,5018.4000,5018.0000,5017.0000,5016.6000,5020.6000,5020.8000,5021.0000,5024.0000,5025.8000,2,5,1,6,1,1,13,1,2,1
SF,IC2006,2019-12-25 09:33:48.200,5019.4000,33771,0,551701000.000,0,-,-,-,-,5019.0000,5018.4000,5018.0000,5017.0000,5016.6000,5019.6000,5020.6000,5020.8000,5021.0000,5024.0000,2,5,1,6,1,1,1,13,1,2
SF,IC2006,2019-12-25 09:33:48.700,5019.6000,33770,-1,552704920.000,1,0,1,双平,S,5019.6000,5019.2000,5019.0000,5018.4000,5018.0000,5020.6000,5020.8000,5021.0000,5024.0000,5025.8000,1,1,2,5,1,1,13,1,2,1
SF,IC2006,2019-12-25 09:33:49.200,5019.6000,33769,-1,553708840.000,1,0,1,双平,S,5019.2000,5019.0000,5018.4000,5018.0000,5017.0000,5020.6000,5020.8000,5021.0000,5024.0000,5025.8000,1,2,5,1,6,1,13,1,2,1
SF,IC2006,2019-12-25 09:33:50.200,5019.0000,33767,-2,556720280.000,3,0,3,多平,S,5018.4000,5018.0000,5017.0000,5016.6000,5016.4000,5019.0000,5020.6000,5020.8000,5021.0000,5024.0000,5,1,6,1,6,2,1,13,1,2
SF,IC2006,2019-12-25 09:33:50.700,5019.0000,33765,-2,558727880.000,2,0,2,双平,S,5019.0000,5018.6000,5018.4000,5018.0000,5017.0000,5020.6000,5020.8000,5021.0000,5024.0000,5025.8000,1,1,5,1,6,1,13,1,2,1
SF,IC2006,2019-12-25 09:33:51.200,5019.0000,33765,0,558727880.000,0,-,-,-,-,5019.4000,5019.2000,5019.0000,5018.4000,5018.0000,5020.6000,5020.8000,5021.0000,5024.0000,5025.8000,2,1,1,5,1,2,13,1,2,1
SF,IC2006,2019-12-25 09:33:52.700,5019.0000,33765,0,558727880.000,0,-,-,-,-,5019.4000,5019.2000,5019.0000,5018.4000,5018.0000,5020.6000,5020.8000,5021.0000,5024.0000,5025.8000,2,2,2,5,2,2,13,1,2,1
SF,IC2006,2019-12-25 09:33:53.200,5020.6000,33764,-1,559732000.000,1,0,1,双平,S,5019.4000,5019.2000,5019.0000,5018.4000,5018.0000,5020.6000,5020.8000,5021.0000,5024.0000,5025.8000,2,2,3,5,1,1,13,1,2,1
SF,IC2006,2019-12-25 09:33:53.700,5020.6000,33764,0,559732000.000,0,-,-,-,-,5019.4000,5019.2000,5019.0000,5018.4000,5018.0000,5020.6000,5020.8000,5021.0000,5024.0000,5025.8000,2,3,3,5,1,1,13,1,2,1
SF,IC2006,2019-12-25 09:33:55.200,5020.6000,33764,0,559732000.000,0,-,-,-,-,5019.4000,5019.2000,5019.0000,5018.4000,5018.0000,5020.4000,5020.6000,5020.8000,5021.0000,5023.8000,2,3,3,5,1,1,1,13,1,1
SF,IC2006,2019-12-25 09:33:55.700,5020.6000,33764,0,559732000.000,0,-,-,-,-,5019.4000,5019.2000,5019.0000,5018.4000,5018.0000,5020.4000,5020.6000,5020.8000,5021.0000,5023.8000,2,3,3,5,1,1,1,13,1,1
SF,IC2006,2019-12-25 09:33:56.200,5020.6000,33764,0,559732000.000,0,-,-,-,-,5019.4000,5019.2000,5019.0000,5018.4000,5018.0000,5020.4000,5020.6000,5020.8000,5021.0000,5023.8000,2,2,3,5,1,1,1,13,1,1
SF,IC2006,2019-12-25 09:33:56.700,5020.6000,33764,0,559732000.000,0,-,-,-,-,5019.4000,5019.2000,5019.0000,5018.4000,5018.0000,5020.4000,5020.6000,5020.8000,5021.0000,5023.8000,3,2,3,5,1,1,1,13,1,1
SF,IC2006,2019-12-25 09:33:57.700,5020.6000,33764,0,559732000.000,0,-,-,-,-,5019.4000,5019.2000,5019.0000,5018.4000,5018.0000,5020.4000,5020.6000,5020.8000,5021.0000,5023.8000,3,2,3,5,1,1,1,13,1,1
SF,IC2006,2019-12-25 09:33:58.200,5020.4000,33763,-1,560736080.000,1,0,1,双平,S,5019.6000,5019.4000,5019.2000,5019.0000,5018.4000,5020.6000,5020.8000,5021.0000,5023.8000,5025.8000,1,3,2,3,5,1,13,1,1,1
SF,IC2006,2019-12-25 09:33:58.700,5020.6000,33762,-1,561740200.000,1,0,1,双平,S,5019.6000,5019.4000,5019.2000,5019.0000,5018.4000,5020.8000,5021.0000,5023.8000,5025.8000,5026.0000,1,3,2,3,5,13,1,1,1,4
SF,IC2006,2019-12-25 09:33:59.700,5020.6000,33762,0,561740200.000,0,-,-,-,-,5019.8000,5019.6000,5019.4000,5019.2000,5019.0000,5020.8000,5021.0000,5023.8000,5025.8000,5026.0000,1,1,3,1,3,13,1,1,1,4
SF,IC2006,2019-12-25 09:34:00.200,5020.6000,33762,0,561740200.000,0,-,-,-,-,5020.0000,5019.8000,5019.6000,5019.4000,5019.2000,5020.8000,5021.0000,5023.8000,5025.8000,5026.0000,1,1,1,3,1,13,1,1,1,4
SF,IC2006,2019-12-25 09:34:00.700,5020.8000,33760,-2,563748520.000,2,0,2,双平,S,5020.0000,5019.8000,5019.4000,5019.2000,5019.0000,5020.8000,5021.0000,5023.8000,5025.8000,5026.0000,1,1,3,1,4,11,1,1,1,4
SF,IC2006,2019-12-25 09:34:01.200,5020.8000,33760,0,563748520.000,0,-,-,-,-,5020.0000,5019.8000,5019.4000,5019.2000,5019.0000,5020.8000,5021.0000,5023.8000,5025.8000,5026.0000,1,1,3,2,4,11,1,1,1,4
SF,IC2006,2019-12-25 09:34:01.700,5020.8000,33759,-1,564752680.000,1,0,1,双平,S,5020.0000,5019.4000,5019.2000,5019.0000,5018.4000,5020.8000,5021.0000,5023.8000,5025.8000,5026.0000,1,3,2,4,5,10,1,1,1,4
SF,IC2006,2019-12-25 09:34:02.200,5020.8000,33759,0,564752680.000,0,-,-,-,-,5019.6000,5019.4000,5019.2000,5019.0000,5018.4000,5020.8000,5021.0000,5023.8000,5025.8000,5026.0000,1,3,2,4,5,10,1,1,1,4
SF,IC2006,2019-12-25 09:34:02.700,5020.8000,33759,0,564752680.000,0,-,-,-,-,5019.6000,5019.4000,5019.2000,5019.0000,5018.4000,5020.8000,5021.0000,5023.8000,5025.8000,5026.0000,1,3,2,3,5,10,1,1,1,4
SF,IC2006,2019-12-25 09:34:03.200,5020.8000,33759,0,564752680.000,0,-,-,-,-,5019.6000,5019.4000,5019.2000,5019.0000,5018.4000,5020.8000,5021.0000,5023.8000,5025.8000,5026.0000,1,3,1,2,5,10,1,1,1,4
SF,IC2006,2019-12-25 09:34:03.700,5020.8000,33759,0,564752680.000,0,-,-,-,-,5019.6000,5019.4000,5019.2000,5019.0000,5018.4000,5020.8000,5021.0000,5023.8000,5025.8000,5026.0000,1,3,1,2,5,10,1,1,1,4
SF,IC2006,2019-12-25 09:34:04.200,5020.8000,33759,0,564752680.000,0,-,-,-,-,5020.0000,5019.6000,5019.4000,5019.2000,5019.0000,5020.8000,5021.0000,5023.8000,5025.8000,5026.0000,1,1,3,1,2,10,1,1,1,4
SF,IC2006,2019-12-25 09:34:04.700,5020.8000,33759,0,564752680.000,0,-,-,-,-,5020.0000,5019.6000,5019.4000,5019.2000,5019.0000,5020.8000,5021.0000,5023.8000,5025.8000,5026.0000,1,2,3,1,2,10,1,1,1,4
SF,IC2006,2019-12-25 09:34:05.200,5020.8000,33759,0,564752680.000,0,-,-,-,-,5020.0000,5019.6000,5019.4000,5019.2000,5019.0000,5020.8000,5021.0000,5023.8000,5025.8000,5026.0000,1,2,3,1,2,10,1,1,1,4
SF,IC2006,2019-12-25 09:34:05.700,5020.8000,33759,0,565756840.000,1,0,1,多换,S,5020.0000,5019.6000,5019.4000,5019.2000,5019.0000,5020.8000,5021.0000,5023.8000,5025.8000,5026.0000,1,2,3,1,2,9,1,1,1,4
SF,IC2006,2019-12-25 09:34:06.200,5020.8000,33759,0,565756840.000,0,-,-,-,-,5020.0000,5019.6000,5019.4000,5019.2000,5019.0000,5020.8000,5021.0000,5023.8000,5025.8000,5026.0000,1,2,3,1,2,9,1,1,1,4
SF,IC2006,2019-12-25 09:34:06.700,5020.8000,33759,0,566761000.000,1,0,1,多换,S,5020.0000,5019.6000,5019.4000,5019.2000,5019.0000,5020.8000,5021.0000,5023.8000,5025.8000,5026.0000,1,2,3,1,2,8,1,1,1,4
SF,IC2006,2019-12-25 09:34:07.200,5020.8000,33758,-1,567765160.000,1,0,1,双平,S,5020.0000,5019.6000,5019.4000,5019.2000,5019.0000,5020.8000,5021.0000,5023.8000,5025.8000,5026.0000,1,2,3,1,2,7,1,1,1,4
SF,IC2006,2019-12-25 09:34:07.700,5020.0000,33758,0,568769160.000,1,0,1,多换,S,5019.6000,5019.4000,5019.2000,5019.0000,5018.4000,5020.8000,5021.0000,5023.8000,5025.8000,5026.0000,2,3,1,2,5,7,1,1,1,3
SF,IC2006,2019-12-25 09:34:08.200,5020.0000,33758,0,568769160.000,0,-,-,-,-,5019.8000,5019.6000,5019.4000,5019.2000,5019.0000,5020.8000,5021.0000,5023.8000,5025.8000,5026.0000,1,2,3,1,2,7,1,1,1,3
SF,IC2006,2019-12-25 09:34:08.700,5020.0000,33758,0,568769160.000,0,-,-,-,-,5019.8000,5019.6000,5019.4000,5019.2000,5019.0000,5020.8000,5021.0000,5023.8000,5025.8000,5026.0000,4,2,3,1,2,7,1,1,1,3
SF,IC2006,2019-12-25 09:34:09.200,5020.8000,33758,0,569773320.000,1,0,1,多换,S,5020.0000,5019.8000,5019.6000,5019.4000,5019.2000,5020.8000,5021.0000,5023.8000,5025.8000,5026.0000,1,4,1,3,1,6,1,1,1,3
SF,IC2006,2019-12-25 09:34:09.700,5020.8000,33753,-5,575798280.000,6,0,6,多平,S,5020.0000,5019.8000,5019.6000,5019.4000,5019.2000,5021.0000,5025.8000,5026.0000,5027.6000,5027.8000,2,4,1,3,1,1,1,3,1,1
SF,IC2006,2019-12-25 09:34:10.200,5021.0000,33752,-1,576802480.000,1,0,1,双平,S,5021.2000,5020.0000,5019.8000,5019.6000,5019.4000,5025.8000,5026.0000,5027.6000,5027.8000,5028.0000,1,1,4,1,3,1,3,1,1,2
SF,IC2006,2019-12-25 09:34:10.700,5021.0000,33752,0,576802480.000,0,-,-,-,-,5021.4000,5021.2000,5020.2000,5020.0000,5019.8000,5023.8000,5024.8000,5025.4000,5025.6000,5025.8000,1,1,1,1,3,1,1,1,2,1
SF,IC2006,2019-12-25 09:34:11.200,5021.0000,33752,0,576802480.000,0,-,-,-,-,5021.4000,5021.2000,5020.2000,5020.0000,5019.8000,5023.6000,5023.8000,5024.8000,5025.6000,5025.8000,1,1,1,1,3,1,1,1,1,1
SF,IC2006,2019-12-25 09:34:11.700,5021.0000,33752,0,576802480.000,0,-,-,-,-,5021.4000,5021.2000,5020.2000,5020.0000,5019.8000,5022.4000,5023.6000,5023.8000,5024.8000,5025.6000,1,1,1,1,3,1,1,1,1,1
SF,IC2006,2019-12-25 09:34:12.200,5022.4000,33752,0,578811240.000,2,1,1,多换,S,5021.2000,5020.8000,5020.2000,5020.0000,5019.8000,5023.6000,5023.8000,5024.8000,5025.6000,5025.8000,1,1,1,1,3,1,1,1,1,1
SF,IC2006,2019-12-25 09:34:12.700,5022.4000,33752,0,578811240.000,0,-,-,-,-,5021.2000,5020.8000,5020.2000,5020.0000,5019.8000,5023.4000,5023.6000,5024.8000,5025.6000,5025.8000,1,1,1,1,3,1,1,1,1,1
SF,IC2006,2019-12-25 09:34:13.200,5022.4000,33752,0,578811240.000,0,-,-,-,-,5021.4000,5021.2000,5020.8000,5020.4000,5020.2000,5023.2000,5023.4000,5023.8000,5024.8000,5025.6000,1,1,1,1,1,1,1,1,1,1
SF,IC2006,2019-12-25 09:34:13.700,5022.4000,33752,0,578811240.000,0,-,-,-,-,5021.2000,5021.0000,5020.8000,5020.4000,5020.2000,5023.2000,5023.8000,5024.8000,5025.6000,5025.8000,1,1,1,1,1,1,1,1,1,1
SF,IC2006,2019-12-25 09:34:14.200,5022.4000,33752,0,578811240.000,0,-,-,-,-,5021.4000,5021.2000,5021.0000,5020.8000,5020.4000,5022.6000,5023.2000,5023.8000,5025.6000,5025.8000,2,1,1,1,1,1,1,1,1,1
SF,IC2006,2019-12-25 09:34:14.700,5022.4000,33752,0,578811240.000,0,-,-,-,-,5021.4000,5021.2000,5021.0000,5020.8000,5020.4000,5023.2000,5023.8000,5025.6000,5025.8000,5026.0000,2,1,1,1,1,1,1,1,1,3
SF,IC2006,2019-12-25 09:34:15.700,5022.4000,33752,0,578811240.000,0,-,-,-,-,5021.6000,5021.4000,5021.2000,5021.0000,5020.8000,5023.2000,5023.8000,5025.6000,5025.8000,5026.0000,1,2,1,1,1,1,1,1,1,3
SF,IC2006,2019-12-25 09:34:16.200,5022.4000,33752,0,578811240.000,0,-,-,-,-,5021.6000,5021.4000,5021.2000,5021.0000,5020.8000,5023.2000,5023.8000,5025.6000,5025.8000,5026.0000,2,1,1,1,1,1,1,1,1,3
SF,IC2006,2019-12-25 09:34:16.700,5022.4000,33752,0,578811240.000,0,-,-,-,-,5021.8000,5021.6000,5021.4000,5021.2000,5021.0000,5023.2000,5023.8000,5025.6000,5025.8000,5026.0000,2,2,1,1,1,1,2,1,1,3
SF,IC2006,2019-12-25 09:34:17.200,5021.8000,33752,0,579815600.000,1,0,1,多换,S,5021.8000,5021.6000,5021.4000,5021.2000,5021.0000,5023.2000,5023.8000,5025.6000,5025.8000,5026.0000,1,2,1,1,1,1,2,1,1,1
SF,IC2006,2019-12-25 09:34:17.700,5021.8000,33752,0,579815600.000,0,-,-,-,-,5021.8000,5021.6000,5021.4000,5021.2000,5021.0000,5023.2000,5023.8000,5025.6000,5025.8000,5026.0000,1,1,1,1,1,1,2,1,1,1
SF,IC2006,2019-12-25 09:34:18.200,5021.8000,33752,0,579815600.000,0,-,-,-,-,5021.8000,5021.6000,5021.4000,5021.2000,5021.0000,5023.2000,5023.8000,5025.6000,5025.8000,5026.0000,1,1,1,1,1,1,2,1,1,1
SF,IC2006,2019-12-25 09:34:19.700,5021.8000,33752,0,579815600.000,0,-,-,-,-,5021.8000,5021.6000,5021.4000,5021.2000,5021.0000,5023.2000,5023.8000,5025.6000,5025.8000,5026.0000,1,1,1,1,1,1,2,1,1,1
SF,IC2006,2019-12-25 09:34:20.200,5023.2000,33752,0,580820240.000,1,0,1,多换,S,5023.2000,5021.8000,5021.6000,5021.4000,5021.2000,5023.8000,5025.6000,5025.8000,5026.0000,5027.6000,1,1,1,1,1,2,1,1,1,1
SF,IC2006,2019-12-25 09:34:20.700,5023.2000,33752,0,581824880.000,1,0,1,多换,S,5021.8000,5021.6000,5021.4000,5021.2000,5021.0000,5023.8000,5025.6000,5025.8000,5026.0000,5027.6000,1,1,1,1,1,1,1,1,1,1
SF,IC2006,2019-12-25 09:34:21.200,5023.2000,33752,0,581824880.000,0,-,-,-,-,5022.0000,5021.8000,5021.6000,5021.2000,5021.0000,5023.8000,5025.6000,5025.8000,5026.0000,5027.6000,2,1,1,1,1,2,1,1,1,1
SF,IC2006,2019-12-25 09:34:21.700,5023.2000,33752,0,581824880.000,0,-,-,-,-,5022.0000,5021.8000,5021.6000,5021.2000,5021.0000,5023.8000,5025.6000,5025.8000,5026.0000,5027.6000,2,1,1,1,1,1,1,1,1,1
SF,IC2006,2019-12-25 09:34:22.200,5023.2000,33752,0,581824880.000,0,-,-,-,-,5022.2000,5022.0000,5021.8000,5021.6000,5021.2000,5023.8000,5025.6000,5025.8000,5026.0000,5027.6000,1,2,1,1,1,1,1,1,1,1
SF,IC2006,2019-12-25 09:34:22.700,5023.2000,33752,0,581824880.000,0,-,-,-,-,5022.4000,5022.2000,5022.0000,5021.8000,5021.6000,5023.8000,5025.6000,5025.8000,5026.0000,5027.6000,1,1,1,1,1,1,1,1,1,1
SF,IC2006,2019-12-25 09:34:23.200,5023.2000,33752,0,581824880.000,0,-,-,-,-,5022.4000,5022.2000,5022.0000,5021.8000,5021.6000,5023.8000,5025.6000,5025.8000,5026.0000,5027.6000,1,1,1,1,1,2,1,1,1,1
SF,IC2006,2019-12-25 09:34:24.200,5023.2000,33752,0,581824880.000,0,-,-,-,-,5022.6000,5022.4000,5021.8000,5021.6000,5021.2000,5023.8000,5025.6000,5025.8000,5026.0000,5027.6000,1,1,1,1,1,1,1,1,1,1
SF,IC2006,2019-12-25 09:34:24.700,5023.2000,33752,0,581824880.000,0,-,-,-,-,5022.8000,5022.6000,5021.8000,5021.6000,5021.2000,5023.8000,5025.6000,5025.8000,5026.0000,5027.6000,1,1,1,1,1,1,1,1,1,1
SF,IC2006,2019-12-25 09:34:25.700,5023.2000,33752,0,581824880.000,0,-,-,-,-,5022.8000,5021.8000,5021.6000,5021.2000,5021.0000,5023.8000,5025.6000,5025.8000,5026.0000,5027.6000,1,1,1,1,1,1,1,1,1,1
SF,IC2006,2019-12-25 09:34:26.200,5023.2000,33752,0,581824880.000,0,-,-,-,-,5022.8000,5021.8000,5021.6000,5021.2000,5021.0000,5023.8000,5025.6000,5025.8000,5026.0000,5027.6000,1,1,1,1,1,1,1,1,1,1
SF,IC2006,2019-12-25 09:34:26.700,5023.2000,33752,0,581824880.000,0,-,-,-,-,5023.0000,5022.8000,5021.8000,5021.6000,5021.2000,5023.8000,5025.6000,5025.8000,5026.0000,5027.6000,1,1,1,1,1,1,1,1,1,1
SF,IC2006,2019-12-25 09:34:27.200,5023.8000,33752,0,582829640.000,1,0,1,多换,S,5023.8000,5023.2000,5023.0000,5022.8000,5021.8000,5025.8000,5026.0000,5027.6000,5027.8000,5028.0000,1,1,1,1,1,1,1,1,1,2
SF,IC2006,2019-12-25 09:34:27.700,5023.8000,33752,0,582829640.000,0,-,-,-,-,5024.0000,5023.8000,5023.0000,5022.8000,5021.8000,5025.6000,5025.8000,5026.0000,5027.6000,5027.8000,2,1,1,1,1,2,1,1,1,1
SF,IC2006,2019-12-25 09:34:29.700,5023.8000,33752,0,582829640.000,0,-,-,-,-,5024.0000,5023.8000,5023.0000,5022.8000,5021.8000,5025.6000,5025.8000,5026.0000,5027.6000,5027.8000,2,1,1,1,1,2,1,1,1,1
SF,IC2006,2019-12-25 09:34:30.200,5023.8000,33752,0,582829640.000,0,-,-,-,-,5024.0000,5023.8000,5023.0000,5022.8000,5021.8000,5025.6000,5025.8000,5026.0000,5027.6000,5027.8000,2,1,1,1,1,1,1,1,1,1
SF,IC2006,2019-12-25 09:34:31.200,5023.8000,33752,0,582829640.000,0,-,-,-,-,5024.0000,5023.8000,5023.0000,5022.8000,5021.8000,5025.6000,5025.8000,5026.0000,5027.6000,5027.8000,1,1,1,1,1,1,1,1,1,1
SF,IC2006,2019-12-25 09:34:31.700,5023.8000,33752,0,582829640.000,0,-,-,-,-,5024.0000,5023.8000,5023.0000,5022.8000,5021.8000,5025.4000,5025.6000,5025.8000,5026.0000,5027.6000,1,2,1,1,1,1,1,1,1,1
SF,IC2006,2019-12-25 09:34:32.200,5023.8000,33752,0,582829640.000,0,-,-,-,-,5024.2000,5024.0000,5023.8000,5023.0000,5022.8000,5025.4000,5025.6000,5025.8000,5026.0000,5027.6000,1,1,2,1,1,1,1,1,1,1
SF,IC2006,2019-12-25 09:34:32.700,5023.8000,33752,0,582829640.000,0,-,-,-,-,5024.4000,5024.2000,5023.8000,5023.0000,5022.8000,5024.8000,5025.6000,5025.8000,5026.0000,5027.6000,1,1,2,1,1,1,1,1,1,1
SF,IC2006,2019-12-25 09:34:33.200,5023.8000,33752,0,582829640.000,0,-,-,-,-,5024.4000,5024.2000,5023.8000,5023.0000,5022.8000,5025.6000,5025.8000,5026.0000,5027.6000,5027.8000,1,2,2,1,1,1,1,1,1,1
SF,IC2006,2019-12-25 09:34:33.700,5023.8000,33752,0,582829640.000,0,-,-,-,-,5024.4000,5024.2000,5023.8000,5023.6000,5023.0000,5025.6000,5025.8000,5026.0000,5027.6000,5027.8000,1,2,2,1,1,1,1,1,1,1
SF,IC2006,2019-12-25 09:34:35.700,5024.2000,33751,-1,584839360.000,2,0,2,多平,S,5024.2000,5023.8000,5023.6000,5023.0000,5022.8000,5025.6000,5025.8000,5026.0000,5027.6000,5027.8000,1,2,1,1,1,1,1,1,1,1
SF,IC2006,2019-12-25 09:34:36.200,5024.2000,33751,0,584839360.000,0,-,-,-,-,5024.4000,5024.2000,5023.8000,5023.6000,5023.0000,5024.8000,5025.4000,5025.6000,5025.8000,5026.0000,1,1,2,1,1,1,2,1,1,1
SF,IC2006,2019-12-25 09:34:36.700,5024.2000,33751,0,584839360.000,0,-,-,-,-,5024.4000,5024.2000,5023.8000,5023.6000,5023.0000,5024.8000,5025.4000,5025.6000,5025.8000,5026.0000,1,1,2,1,1,1,2,1,1,1
SF,IC2006,2019-12-25 09:34:37.200,5024.2000,33751,0,584839360.000,0,-,-,-,-,5024.4000,5024.2000,5023.8000,5023.6000,5023.0000,5024.8000,5025.4000,5025.6000,5025.8000,5026.0000,1,1,2,1,1,1,2,1,1,1
SF,IC2006,2019-12-25 09:34:37.700,5024.4000,33751,0,585844240.000,1,0,1,多换,S,5024.2000,5023.8000,5023.6000,5023.0000,5022.8000,5024.4000,5025.4000,5025.6000,5025.8000,5026.0000,1,2,1,1,1,9,2,1,1,1
SF,IC2006,2019-12-25 09:34:38.200,5024.4000,33751,0,590868640.000,5,2,3,多换,S,5024.2000,5023.8000,5023.6000,5023.0000,5022.8000,5024.4000,5025.4000,5025.6000,5025.8000,5026.0000,1,2,1,1,1,4,1,1,1,1
SF,IC2006,2019-12-25 09:34:38.700,5024.4000,33751,0,592878400.000,2,1,1,多换,S,5024.2000,5023.8000,5023.6000,5023.0000,5022.8000,5024.4000,5025.4000,5025.6000,5025.8000,5026.0000,1,2,1,1,1,2,1,1,1,1
SF,IC2006,2019-12-25 09:34:39.200,5024.4000,33751,0,592878400.000,0,-,-,-,-,5024.2000,5023.8000,5023.6000,5023.0000,5022.8000,5024.4000,5025.6000,5025.8000,5026.0000,5027.6000,1,2,1,1,1,2,1,1,1,1
SF,IC2006,2019-12-25 09:34:39.700,5024.2000,33750,-1,593883240.000,1,0,1,双平,S,5023.8000,5023.6000,5023.0000,5022.8000,5022.6000,5024.4000,5025.6000,5025.8000,5026.0000,5027.6000,1,1,1,1,3,2,1,1,1,1
SF,IC2006,2019-12-25 09:34:42.200,5024.4000,33750,0,595893000.000,2,1,1,多换,S,5024.4000,5023.8000,5023.6000,5023.0000,5022.8000,5025.6000,5025.8000,5026.0000,5027.6000,5027.8000,2,1,1,1,1,1,1,1,1,1
SF,IC2006,2019-12-25 09:34:42.700,5024.4000,33750,0,595893000.000,0,-,-,-,-,5024.4000,5023.8000,5023.6000,5023.0000,5022.8000,5024.6000,5025.6000,5025.8000,5026.0000,5027.6000,3,1,1,1,1,1,1,1,1,1
SF,IC2006,2019-12-25 09:34:44.700,5024.4000,33751,1,596897880.000,1,1,0,双开,S,5024.4000,5023.8000,5023.6000,5023.0000,5022.8000,5024.6000,5025.6000,5025.8000,5026.0000,5027.6000,2,1,1,1,1,1,1,1,1,1
SF,IC2006,2019-12-25 09:34:45.200,5024.4000,33751,0,596897880.000,0,-,-,-,-,5024.4000,5023.8000,5023.6000,5023.0000,5022.8000,5025.6000,5025.8000,5026.0000,5027.6000,5027.8000,2,1,1,1,1,1,1,1,1,1
SF,IC2006,2019-12-25 09:34:45.700,5024.4000,33751,0,596897880.000,0,-,-,-,-,5024.6000,5024.4000,5023.8000,5023.6000,5023.0000,5025.0000,5025.6000,5025.8000,5026.0000,5027.6000,1,2,1,1,1,1,1,1,1,1
SF,IC2006,2019-12-25 09:34:46.200,5024.4000,33751,0,596897880.000,0,-,-,-,-,5025.0000,5024.4000,5023.8000,5023.6000,5023.0000,5025.8000,5026.0000,5027.6000,5027.8000,5028.0000,2,2,1,1,1,1,1,1,1,3
SF,IC2006,2019-12-25 09:34:46.700,5025.0000,33751,0,598907880.000,2,1,1,多换,S,5024.4000,5023.8000,5023.6000,5023.0000,5022.8000,5025.0000,5025.6000,5025.8000,5026.0000,5027.6000,2,1,1,1,1,1,1,1,1,1
SF,IC2006,2019-12-25 09:34:47.200,5025.6000,33752,1,601923120.000,3,2,1,空开,S,5024.4000,5023.8000,5023.6000,5023.0000,5022.8000,5024.6000,5025.8000,5026.0000,5027.6000,5027.8000,2,1,1,1,1,1,1,1,1,1
SF,IC2006,2019-12-25 09:34:47.700,5024.6000,33752,0,602928040.000,1,0,1,多换,S,5024.6000,5024.4000,5023.8000,5023.6000,5023.0000,5025.8000,5026.0000,5027.6000,5027.8000,5028.0000,1,2,1,1,1,1,2,1,1,3
SF,IC2006,2019-12-25 09:34:48.200,5024.6000,33752,0,602928040.000,0,-,-,-,-,5024.6000,5024.4000,5023.8000,5023.6000,5023.0000,5025.8000,5026.0000,5027.6000,5027.8000,5028.0000,1,1,1,1,1,1,2,1,1,3
SF,IC2006,2019-12-25 09:34:48.700,5024.6000,33752,0,602928040.000,0,-,-,-,-,5024.4000,5023.8000,5023.6000,5023.0000,5022.8000,5025.8000,5026.0000,5027.6000,5027.8000,5028.0000,1,1,1,1,1,2,2,1,1,3
SF,IC2006,2019-12-25 09:34:49.200,5025.6000,33751,-1,603933160.000,1,0,1,双平,S,5024.6000,5024.4000,5023.8000,5023.6000,5023.0000,5025.8000,5026.0000,5027.6000,5027.8000,5028.0000,1,1,1,1,1,2,2,1,1,3
SF,IC2006,2019-12-25 09:34:49.700,5025.6000,33751,0,603933160.000,0,-,-,-,-,5024.8000,5024.4000,5023.8000,5023.6000,5023.0000,5025.8000,5026.0000,5027.6000,5027.8000,5028.0000,1,1,1,1,1,2,2,1,1,3
SF,IC2006,2019-12-25 09:34:50.200,5024.8000,33750,-1,604938120.000,1,0,1,双平,S,5024.4000,5023.8000,5023.6000,5023.0000,5022.8000,5025.8000,5026.0000,5027.6000,5027.8000,5028.0000,1,1,1,1,1,2,2,1,1,3
SF,IC2006,2019-12-25 09:34:50.700,5025.6000,33750,0,608958440.000,4,2,2,多换,S,5025.0000,5024.4000,5023.8000,5023.6000,5023.0000,5025.6000,5025.8000,5026.0000,5027.6000,5027.8000,1,1,3,1,1,1,2,2,1,1
SF,IC2006,2019-12-25 09:34:51.200,5024.4000,33749,-1,610968320.000,2,0,2,多平,S,5023.8000,5023.6000,5023.0000,5022.8000,5022.6000,5024.8000,5025.0000,5025.6000,5025.8000,5026.0000,3,1,1,1,3,1,2,1,2,2
SF,IC2006,2019-12-25 09:34:51.700,5024.4000,33749,0,610968320.000,0,-,-,-,-,5024.0000,5023.8000,5023.6000,5023.0000,5022.8000,5024.8000,5025.0000,5025.6000,5025.8000,5026.0000,1,3,1,1,1,1,2,1,2,2
SF,IC2006,2019-12-25 09:34:52.200,5024.0000,33748,-1,611973120.000,1,0,1,双平,S,5023.8000,5023.6000,5023.0000,5022.8000,5022.6000,5024.6000,5024.8000,5025.0000,5025.8000,5026.0000,3,1,1,1,3,1,1,2,2,2
SF,IC2006,2019-12-25 09:34:52.700,5023.8000,33747,-1,614987400.000,3,1,2,多平,S,5023.6000,5023.0000,5022.8000,5022.6000,5021.6000,5024.6000,5024.8000,5025.0000,5025.8000,5026.0000,1,1,1,3,1,1,1,2,2,2
SF,IC2006,2019-12-25 09:34:53.200,5023.8000,33747,0,614987400.000,0,-,-,-,-,5023.6000,5023.0000,5022.8000,5022.6000,5021.6000,5024.6000,5025.0000,5025.8000,5026.0000,5027.6000,1,1,1,3,1,2,2,2,2,1
SF,IC2006,2019-12-25 09:34:53.700,5024.6000,33747,0,615992320.000,1,0,1,多换,S,5023.6000,5023.0000,5022.6000,5021.6000,5020.8000,5024.8000,5025.0000,5025.8000,5026.0000,5027.6000,1,1,3,1,1,1,2,2,2,1
SF,IC2006,2019-12-25 09:34:54.200,5024.6000,33747,0,615992320.000,0,-,-,-,-,5023.6000,5023.0000,5022.6000,5021.6000,5020.8000,5024.8000,5025.0000,5025.8000,5026.0000,5027.6000,1,1,3,1,1,1,2,2,2,1
SF,IC2006,2019-12-25 09:34:54.700,5024.6000,33747,0,615992320.000,0,-,-,-,-,5024.6000,5023.6000,5023.0000,5022.6000,5021.6000,5025.0000,5025.8000,5026.0000,5027.6000,5027.8000,1,1,1,3,1,2,2,2,1,1
SF,IC2006,2019-12-25 09:34:55.200,5024.6000,33747,0,616997240.000,1,0,1,多换,S,5023.6000,5023.0000,5022.6000,5021.6000,5020.8000,5024.6000,5025.0000,5025.8000,5026.0000,5027.6000,1,1,3,1,1,2,1,2,2,1
SF,IC2006,2019-12-25 09:34:56.200,5024.6000,33747,0,616997240.000,0,-,-,-,-,5024.0000,5023.6000,5023.0000,5022.6000,5021.6000,5024.6000,5024.8000,5025.0000,5025.8000,5026.0000,1,1,1,3,1,2,1,1,2,2
SF,IC2006,2019-12-25 09:34:56.700,5024.6000,33747,0,616997240.000,0,-,-,-,-,5024.0000,5023.6000,5023.0000,5022.6000,5021.6000,5024.6000,5024.8000,5025.0000,5025.8000,5026.0000,1,1,1,3,1,3,1,1,2,2
SF,IC2006,2019-12-25 09:34:57.200,5024.6000,33747,0,616997240.000,0,-,-,-,-,5024.0000,5023.6000,5023.0000,5022.6000,5021.6000,5024.6000,5024.8000,5025.0000,5025.8000,5026.0000,1,1,1,3,1,3,1,1,2,2
SF,IC2006,2019-12-25 09:34:57.700,5024.0000,33747,0,618002040.000,1,0,1,多换,S,5023.6000,5023.0000,5022.6000,5021.6000,5020.8000,5024.0000,5024.6000,5024.8000,5025.0000,5025.8000,1,1,3,1,1,1,1,1,1,2
SF,IC2006,2019-12-25 09:34:58.200,5024.0000,33747,0,618002040.000,0,-,-,-,-,5023.6000,5023.0000,5022.6000,5021.6000,5020.8000,5024.6000,5024.8000,5025.0000,5025.8000,5026.0000,1,1,3,1,1,1,1,1,2,2
SF,IC2006,2019-12-25 09:34:58.700,5024.6000,33748,1,619006960.000,1,1,0,双开,S,5023.6000,5023.0000,5022.6000,5021.6000,5020.8000,5024.8000,5025.0000,5025.8000,5026.0000,5027.6000,1,1,3,1,1,1,1,2,2,1
SF,IC2006,2019-12-25 09:35:00.200,5024.6000,33748,0,619006960.000,0,-,-,-,-,5023.6000,5023.0000,5022.6000,5021.6000,5020.8000,5024.4000,5025.0000,5025.8000,5026.0000,5027.6000,1,1,3,1,1,1,1,2,2,1
SF,IC2006,2019-12-25 09:35:00.700,5024.6000,33748,0,619006960.000,0,-,-,-,-,5023.6000,5023.0000,5022.6000,5021.6000,5020.8000,5024.4000,5024.8000,5025.0000,5025.8000,5026.0000,1,1,3,1,1,1,1,1,2,2
SF,IC2006,2019-12-25 09:35:01.200,5024.6000,33748,0,619006960.000,0,-,-,-,-,5023.6000,5023.0000,5022.6000,5021.6000,5020.8000,5024.4000,5024.8000,5025.0000,5025.8000,5026.0000,1,1,3,1,1,2,1,1,2,2
SF,IC2006,2019-12-25 09:35:01.700,5024.6000,33748,0,619006960.000,0,-,-,-,-,5023.6000,5023.0000,5022.6000,5021.6000,5020.8000,5024.4000,5024.8000,5025.0000,5025.8000,5026.0000,1,1,3,1,1,2,1,1,2,2
SF,IC2006,2019-12-25 09:35:02.200,5024.6000,33748,0,619006960.000,0,-,-,-,-,5023.6000,5023.0000,5022.6000,5022.0000,5021.6000,5024.4000,5024.8000,5025.0000,5025.8000,5026.0000,1,1,3,1,1,2,1,1,2,2
SF,IC2006,2019-12-25 09:35:02.700,5024.6000,33748,0,619006960.000,0,-,-,-,-,5023.6000,5023.0000,5022.6000,5022.0000,5021.6000,5024.4000,5024.8000,5025.0000,5025.8000,5026.0000,1,1,3,1,1,2,1,1,2,2
SF,IC2006,2019-12-25 09:35:03.700,5024.4000,33748,0,621016560.000,2,1,1,多换,S,5023.0000,5022.6000,5022.0000,5021.6000,5020.8000,5024.4000,5024.8000,5025.0000,5025.8000,5026.0000,1,3,1,1,1,1,1,1,2,2
SF,IC2006,2019-12-25 09:35:04.200,5024.4000,33749,1,623026320.000,2,1,1,空开,S,5024.4000,5023.8000,5023.0000,5022.6000,5022.0000,5024.8000,5025.0000,5025.8000,5026.0000,5027.6000,3,2,1,3,1,1,1,2,2,1
SF,IC2006,2019-12-25 09:35:04.700,5024.4000,33749,0,626040960.000,3,1,2,多换,S,5023.8000,5023.0000,5022.6000,5022.0000,5021.6000,5024.8000,5025.0000,5025.8000,5026.0000,5027.6000,2,2,3,1,1,1,1,2,2,1
SF,IC2006,2019-12-25 09:35:05.200,5024.8000,33748,-1,628050880.000,2,0,2,多平,S,5023.8000,5023.0000,5022.6000,5022.0000,5021.6000,5025.0000,5025.8000,5026.0000,5027.6000,5027.8000,2,2,3,1,1,1,2,2,1,1
SF,IC2006,2019-12-25 09:35:05.700,5025.0000,33748,0,629055880.000,1,0,1,多换,S,5025.0000,5024.0000,5023.8000,5023.0000,5022.6000,5025.8000,5026.0000,5027.6000,5027.8000,5028.0000,2,1,2,2,3,2,2,1,1,3
SF,IC2006,2019-12-25 09:35:06.200,5025.0000,33748,0,629055880.000,0,-,-,-,-,5025.0000,5024.8000,5024.4000,5024.0000,5023.8000,5025.8000,5026.0000,5027.6000,5027.8000,5028.0000,2,1,3,1,2,2,2,1,1,3
SF,IC2006,2019-12-25 09:35:07.200,5025.0000,33748,0,629055880.000,0,-,-,-,-,5025.0000,5024.8000,5024.4000,5024.0000,5023.8000,5025.6000,5025.8000,5026.0000,5027.6000,5027.8000,2,1,3,1,2,1,2,2,1,1
SF,IC2006,2019-12-25 09:35:08.700,5025.0000,33748,0,629055880.000,0,-,-,-,-,5025.0000,5024.8000,5024.4000,5024.0000,5023.8000,5025.6000,5025.8000,5026.0000,5027.6000,5027.8000,2,2,3,1,2,1,2,2,1,1
