市场代码,合约代码,时间,最新,持仓,增仓,成交额,成交量,开仓,平仓,成交类型,方向,买一价,买二价,买三价,买四价,买五价,卖一价,卖二价,卖三价,卖四价,卖五价,买一量,买二量,买三量,买四量,买五量,卖一量,卖二量,卖三量,卖四量,卖五量
SF,IC2005,2020-04-10 09:29:00.100,5207.8000,9063,0,9374040.000,9.000,-,-,-,-,5205.2000,5201.0000,5200.0000,5195.0000,5191.0000,5208.0000,5216.0000,5220.0000,5237.0000,5238.6000,1,1,1,1,1,1,1,1,1,1
SF,IC2005,2020-04-10 09:30:00.100,5208.0000,9063,0,10415640.000,1,0,1,多换,S,5208.8000,5208.6000,5208.2000,5208.0000,5205.6000,5216.0000,5220.0000,5237.0000,5238.6000,5244.4000,1,1,17,1,2,1,1,1,1,1
SF,IC2005,2020-04-10 09:30:00.600,5214.2000,9062,-1,11458480.000,1,0,1,双平,S,5211.4000,5211.0000,5210.8000,5210.4000,5209.8000,5214.2000,5215.0000,5215.2000,5215.6000,5215.8000,2,1,2,1,1,1,1,1,2,3
SF,IC2005,2020-04-10 09:30:01.100,5214.2000,9062,0,11458480.000,0,-,-,-,-,5211.6000,5211.4000,5210.8000,5209.8000,5209.0000,5212.4000,5215.0000,5215.2000,5215.8000,5216.0000,1,3,2,1,1,1,1,1,2,1
SF,IC2005,2020-04-10 09:30:01.600,5211.6000,9060,-2,13543280.000,2,0,2,双平,S,5211.4000,5210.8000,5209.0000,5208.8000,5208.6000,5215.0000,5215.2000,5215.8000,5216.0000,5220.0000,2,2,1,2,1,1,1,1,1,6
SF,IC2005,2020-04-10 09:30:02.100,5211.4000,9059,-1,14585560.000,1,0,1,双平,S,5211.6000,5209.0000,5208.8000,5208.6000,5208.2000,5213.6000,5214.2000,5214.4000,5214.6000,5214.8000,1,1,1,1,17,1,1,1,1,3
SF,IC2005,2020-04-10 09:30:02.600,5211.4000,9059,0,14585560.000,0,-,-,-,-,5209.0000,5208.2000,5208.0000,5205.6000,5205.2000,5213.0000,5213.4000,5213.6000,5214.2000,5214.6000,1,17,1,2,1,1,2,2,1,1
SF,IC2005,2020-04-10 09:30:03.100,5211.4000,9059,0,14585560.000,0,-,-,-,-,5209.2000,5208.2000,5208.0000,5205.6000,5205.2000,5212.8000,5213.0000,5213.6000,5214.2000,5214.6000,1,17,1,2,1,5,2,1,1,1
SF,IC2005,2020-04-10 09:30:03.600,5211.4000,9059,0,14585560.000,0,-,-,-,-,5209.2000,5208.2000,5208.0000,5205.6000,5205.2000,5211.8000,5212.2000,5212.6000,5212.8000,5213.0000,1,17,1,2,1,1,2,1,5,1
SF,IC2005,2020-04-10 09:30:04.100,5211.4000,9059,0,14585560.000,0,-,-,-,-,5208.2000,5208.0000,5205.6000,5205.2000,5202.6000,5211.0000,5211.4000,5211.6000,5211.8000,5212.2000,17,1,2,1,5,1,1,3,2,2
SF,IC2005,2020-04-10 09:30:04.600,5211.4000,9059,0,14585560.000,0,-,-,-,-,5209.0000,5208.4000,5208.2000,5208.0000,5205.6000,5210.8000,5211.0000,5211.4000,5211.6000,5211.8000,1,1,17,1,2,1,1,1,2,2
SF,IC2005,2020-04-10 09:30:05.100,5211.4000,9059,0,14585560.000,0,-,-,-,-,5209.2000,5209.0000,5208.2000,5208.0000,5205.6000,5210.2000,5211.4000,5211.6000,5211.8000,5212.2000,1,1,17,1,2,1,1,2,2,2
SF,IC2005,2020-04-10 09:30:05.600,5211.2000,9059,0,15627800.000,1,0,1,多换,S,5209.2000,5209.0000,5208.2000,5208.0000,5205.6000,5211.4000,5211.6000,5211.8000,5212.2000,5212.6000,1,1,17,1,2,1,2,2,2,1
SF,IC2005,2020-04-10 09:30:06.100,5211.2000,9059,0,15627800.000,0,-,-,-,-,5209.2000,5209.0000,5208.2000,5208.0000,5205.6000,5211.2000,5211.4000,5211.8000,5212.2000,5212.6000,1,1,17,1,2,1,1,2,2,1
SF,IC2005,2020-04-10 09:30:06.600,5211.2000,9059,0,15627800.000,0,-,-,-,-,5209.2000,5209.0000,5208.2000,5208.0000,5205.6000,5211.4000,5211.8000,5212.2000,5212.6000,5212.8000,1,1,17,1,2,1,2,1,1,1
SF,IC2005,2020-04-10 09:30:07.100,5211.4000,9058,-1,16670080.000,1,0,1,双平,S,5209.6000,5209.2000,5209.0000,5208.2000,5208.0000,5211.8000,5212.2000,5212.6000,5213.0000,5213.6000,1,1,1,17,1,1,1,1,1,1
SF,IC2005,2020-04-10 09:30:07.600,5211.8000,9057,-1,17712440.000,1,0,1,双平,S,5209.8000,5209.6000,5209.0000,5208.2000,5208.0000,5211.6000,5213.0000,5213.6000,5214.2000,5214.6000,1,1,1,17,1,1,1,1,1,1
SF,IC2005,2020-04-10 09:30:08.100,5211.8000,9057,0,17712440.000,0,-,-,-,-,5211.4000,5211.0000,5209.8000,5209.6000,5209.0000,5211.6000,5213.0000,5213.6000,5214.2000,5214.6000,1,3,1,1,1,1,1,1,1,1
SF,IC2005,2020-04-10 09:30:08.600,5211.4000,9056,-1,18754720.000,1,0,1,双平,S,5211.0000,5209.8000,5209.6000,5209.0000,5208.2000,5213.0000,5213.6000,5214.2000,5214.6000,5215.2000,3,1,1,1,17,1,1,1,1,1
SF,IC2005,2020-04-10 09:30:09.100,5211.4000,9056,0,18754720.000,0,-,-,-,-,5211.0000,5209.8000,5209.0000,5208.2000,5208.0000,5212.2000,5212.4000,5212.6000,5212.8000,5213.0000,3,1,1,17,1,1,1,1,2,1
SF,IC2005,2020-04-10 09:30:09.600,5211.0000,9054,-2,20839120.000,2,0,2,双平,S,5211.0000,5209.8000,5209.0000,5208.2000,5208.0000,5212.2000,5212.6000,5212.8000,5213.0000,5213.6000,1,1,1,17,1,2,1,2,1,1
SF,IC2005,2020-04-10 09:30:10.100,5211.0000,9054,0,20839120.000,0,-,-,-,-,5211.0000,5209.8000,5208.2000,5208.0000,5205.6000,5212.2000,5212.6000,5212.8000,5213.0000,5213.6000,1,1,17,1,2,1,1,2,1,1
SF,IC2005,2020-04-10 09:30:10.600,5212.8000,9052,-2,22924120.000,2,0,2,双平,S,5211.2000,5211.0000,5208.2000,5208.0000,5205.6000,5214.2000,5214.6000,5215.2000,5216.0000,5220.0000,2,1,17,1,2,1,1,1,1,6
SF,IC2005,2020-04-10 09:30:11.100,5212.8000,9052,0,22924120.000,0,-,-,-,-,5211.4000,5211.2000,5211.0000,5208.2000,5208.0000,5213.6000,5214.0000,5214.2000,5214.6000,5215.2000,1,2,1,17,1,1,2,1,1,1
SF,IC2005,2020-04-10 09:30:11.600,5213.0000,9051,-1,23966720.000,1,0,1,双平,S,5211.6000,5211.4000,5211.0000,5208.2000,5208.0000,5213.4000,5213.6000,5214.0000,5214.2000,5214.6000,1,1,1,17,1,1,1,1,1,1
SF,IC2005,2020-04-10 09:30:12.100,5213.6000,9047,-4,28137400.000,4,0,4,双平,S,5211.6000,5211.0000,5208.2000,5208.0000,5205.6000,5214.0000,5214.2000,5214.6000,5215.2000,5216.0000,1,1,17,1,2,1,1,1,1,1
SF,IC2005,2020-04-10 09:30:12.600,5214.0000,9046,-1,29180200.000,1,0,1,双平,S,5211.6000,5211.0000,5208.2000,5208.0000,5205.6000,5213.8000,5215.2000,5216.0000,5220.0000,5237.0000,1,1,17,1,2,1,1,1,6,1
SF,IC2005,2020-04-10 09:30:13.100,5213.6000,9045,-1,30222920.000,1,0,1,双平,S,5211.6000,5211.0000,5208.2000,5208.0000,5205.6000,5213.8000,5215.2000,5216.0000,5220.0000,5237.0000,1,1,17,1,2,1,1,1,6,1
SF,IC2005,2020-04-10 09:30:14.100,5213.6000,9045,0,30222920.000,0,-,-,-,-,5211.6000,5211.0000,5208.2000,5208.0000,5205.6000,5215.2000,5216.0000,5220.0000,5237.0000,5238.6000,1,1,17,1,2,1,1,6,1,1
SF,IC2005,2020-04-10 09:30:14.600,5213.6000,9045,0,30222920.000,0,-,-,-,-,5211.8000,5211.6000,5211.0000,5208.2000,5208.0000,5214.8000,5215.0000,5215.2000,5216.0000,5220.0000,2,1,1,17,1,1,2,1,1,6
SF,IC2005,2020-04-10 09:30:15.100,5213.6000,9045,0,30222920.000,0,-,-,-,-,5212.0000,5211.8000,5211.0000,5208.2000,5208.0000,5214.6000,5214.8000,5215.0000,5215.2000,5216.0000,1,2,1,17,1,1,1,1,1,1
SF,IC2005,2020-04-10 09:30:15.600,5213.6000,9045,0,30222920.000,0,-,-,-,-,5212.2000,5212.0000,5211.4000,5211.0000,5208.2000,5216.0000,5220.0000,5237.0000,5238.6000,5244.4000,1,1,2,1,17,1,6,1,1,1
SF,IC2005,2020-04-10 09:30:16.100,5213.6000,9045,0,30222920.000,0,-,-,-,-,5212.4000,5212.2000,5211.4000,5211.0000,5208.2000,5215.8000,5216.0000,5220.0000,5237.0000,5238.6000,1,1,2,1,17,2,1,6,1,1
SF,IC2005,2020-04-10 09:30:16.600,5213.6000,9045,0,30222920.000,0,-,-,-,-,5212.6000,5212.4000,5211.4000,5211.0000,5208.2000,5214.4000,5215.0000,5215.2000,5215.6000,5215.8000,1,1,2,1,17,1,1,3,2,2
SF,IC2005,2020-04-10 09:30:17.100,5214.2000,9044,-1,31265760.000,1,0,1,双平,S,5212.8000,5211.4000,5211.0000,5208.2000,5208.0000,5215.2000,5215.8000,5216.0000,5220.0000,5237.0000,1,2,1,17,1,2,2,1,6,1
SF,IC2005,2020-04-10 09:30:17.600,5214.2000,9044,0,31265760.000,0,-,-,-,-,5212.8000,5211.4000,5211.0000,5208.6000,5208.2000,5214.6000,5214.8000,5215.0000,5215.2000,5215.8000,1,2,1,1,17,1,1,2,2,1
SF,IC2005,2020-04-10 09:30:18.100,5212.8000,9043,-1,32308320.000,1,0,1,双平,S,5211.4000,5211.0000,5208.6000,5208.2000,5208.0000,5214.4000,5214.6000,5214.8000,5215.0000,5215.2000,2,1,1,17,1,1,1,1,1,2
SF,IC2005,2020-04-10 09:30:18.600,5212.8000,9043,0,32308320.000,0,-,-,-,-,5211.6000,5211.4000,5211.0000,5208.6000,5208.2000,5214.4000,5214.6000,5214.8000,5215.0000,5215.2000,2,2,1,1,17,1,1,1,1,2
SF,IC2005,2020-04-10 09:30:19.100,5214.4000,9043,0,33351200.000,1,0,1,多换,S,5212.2000,5211.8000,5211.6000,5211.4000,5211.0000,5215.2000,5216.0000,5220.0000,5237.0000,5238.6000,1,1,3,2,1,2,1,6,1,1
SF,IC2005,2020-04-10 09:30:19.600,5214.4000,9043,0,33351200.000,0,-,-,-,-,5212.4000,5212.2000,5211.8000,5211.4000,5211.0000,5215.0000,5216.0000,5220.0000,5237.0000,5238.6000,2,2,1,2,1,1,1,5,1,1
SF,IC2005,2020-04-10 09:30:20.100,5214.4000,9043,0,33351200.000,0,-,-,-,-,5212.4000,5212.2000,5211.8000,5211.4000,5211.0000,5215.0000,5216.0000,5220.0000,5237.0000,5238.6000,2,3,1,2,1,1,1,5,1,1
SF,IC2005,2020-04-10 09:30:20.600,5215.0000,9042,-1,34394200.000,1,0,1,双平,S,5212.6000,5212.4000,5212.2000,5211.8000,5211.4000,5216.0000,5220.0000,5237.0000,5238.6000,5244.4000,1,2,3,1,2,1,5,1,1,1
SF,IC2005,2020-04-10 09:30:21.100,5215.0000,9042,0,34394200.000,0,-,-,-,-,5212.8000,5212.6000,5212.2000,5211.8000,5211.4000,5216.0000,5220.0000,5237.0000,5238.6000,5244.4000,2,1,2,1,2,1,5,1,1,1
SF,IC2005,2020-04-10 09:30:21.600,5215.0000,9042,0,34394200.000,0,-,-,-,-,5212.8000,5212.6000,5212.2000,5211.8000,5211.4000,5216.0000,5220.0000,5237.0000,5238.6000,5244.4000,3,1,1,1,2,1,5,1,1,1
SF,IC2005,2020-04-10 09:30:22.100,5216.0000,9042,0,35437400.000,1,0,1,多换,S,5213.0000,5212.8000,5212.6000,5212.2000,5211.8000,5215.8000,5220.0000,5237.0000,5238.6000,5244.4000,1,3,1,1,1,1,5,1,1,1
SF,IC2005,2020-04-10 09:30:22.600,5216.0000,9042,0,35437400.000,0,-,-,-,-,5213.2000,5213.0000,5212.8000,5212.6000,5212.2000,5220.0000,5237.0000,5238.6000,5244.4000,5246.0000,2,1,1,1,1,5,1,1,1,3
SF,IC2005,2020-04-10 09:30:23.100,5216.0000,9042,0,35437400.000,0,-,-,-,-,5213.2000,5213.0000,5212.8000,5212.6000,5212.2000,5216.6000,5216.8000,5217.2000,5217.4000,5218.8000,2,1,1,1,1,1,1,2,3,1
SF,IC2005,2020-04-10 09:30:23.600,5216.0000,9042,0,35437400.000,0,-,-,-,-,5213.4000,5213.2000,5213.0000,5212.6000,5212.2000,5216.4000,5216.6000,5216.8000,5217.2000,5217.4000,2,2,1,1,1,1,1,1,2,3
SF,IC2005,2020-04-10 09:30:24.100,5216.0000,9042,0,35437400.000,0,-,-,-,-,5214.0000,5213.8000,5213.6000,5213.4000,5213.0000,5217.2000,5217.4000,5218.8000,5219.0000,5219.4000,1,3,4,1,1,2,3,1,1,1
SF,IC2005,2020-04-10 09:30:24.600,5217.0000,9041,-1,36480800.000,1,0,1,双平,S,5214.2000,5214.0000,5213.8000,5213.6000,5213.0000,5219.0000,5219.8000,5220.0000,5237.0000,5238.6000,3,1,3,2,1,1,1,6,1,1
SF,IC2005,2020-04-10 09:30:25.100,5217.0000,9041,0,36480800.000,0,-,-,-,-,5214.2000,5214.0000,5213.8000,5213.6000,5213.0000,5217.8000,5218.0000,5218.4000,5218.6000,5218.8000,3,1,2,1,1,1,1,2,3,2
SF,IC2005,2020-04-10 09:30:25.600,5217.0000,9041,0,36480800.000,0,-,-,-,-,5214.2000,5214.0000,5213.8000,5213.6000,5212.2000,5217.2000,5217.6000,5217.8000,5218.0000,5218.4000,3,1,2,1,1,1,1,1,1,2
SF,IC2005,2020-04-10 09:30:26.100,5217.0000,9040,-1,37524200.000,1,0,1,双平,S,5214.6000,5214.4000,5214.2000,5214.0000,5213.8000,5217.8000,5218.0000,5218.4000,5218.6000,5218.8000,1,1,2,1,2,1,1,2,3,1
SF,IC2005,2020-04-10 09:30:26.600,5217.8000,9039,-1,38567760.000,1,0,1,双平,S,5214.8000,5214.6000,5214.4000,5214.0000,5213.8000,5217.6000,5218.0000,5218.4000,5218.6000,5220.0000,2,1,1,1,2,1,1,2,3,1
SF,IC2005,2020-04-10 09:30:27.100,5217.8000,9038,-1,39611320.000,1,0,1,双平,S,5214.8000,5214.6000,5214.4000,5214.0000,5213.8000,5218.0000,5218.4000,5218.6000,5220.0000,5225.8000,2,1,1,1,2,1,2,3,1,5
SF,IC2005,2020-04-10 09:30:27.600,5217.8000,9038,0,39611320.000,0,-,-,-,-,5215.2000,5215.0000,5214.8000,5214.0000,5213.8000,5218.4000,5218.6000,5220.0000,5225.8000,5237.0000,1,1,2,1,2,1,1,1,5,1
SF,IC2005,2020-04-10 09:30:28.100,5217.8000,9038,0,39611320.000,0,-,-,-,-,5215.4000,5215.2000,5215.0000,5214.0000,5213.8000,5220.0000,5225.8000,5237.0000,5238.6000,5244.4000,2,1,1,1,2,1,5,1,1,1
SF,IC2005,2020-04-10 09:30:28.600,5217.8000,9038,0,39611320.000,0,-,-,-,-,5215.4000,5215.2000,5215.0000,5214.0000,5213.8000,5219.2000,5219.4000,5219.6000,5219.8000,5220.0000,2,1,1,1,2,1,1,2,5,1
SF,IC2005,2020-04-10 09:30:29.100,5217.8000,9038,0,39611320.000,0,-,-,-,-,5215.4000,5215.2000,5215.0000,5214.0000,5213.8000,5218.6000,5219.2000,5219.6000,5219.8000,5220.0000,2,1,1,1,2,1,1,2,5,1
SF,IC2005,2020-04-10 09:30:29.600,5219.2000,9038,0,44830280.000,5,2,3,多换,S,5215.6000,5215.4000,5215.2000,5215.0000,5214.0000,5219.6000,5219.8000,5220.0000,5225.8000,5237.0000,1,2,1,1,1,2,4,1,5,1
SF,IC2005,2020-04-10 09:30:30.100,5219.2000,9038,0,44830280.000,0,-,-,-,-,5215.8000,5215.6000,5215.2000,5215.0000,5214.0000,5218.4000,5218.8000,5219.0000,5219.4000,5219.6000,2,1,1,1,1,1,1,1,1,1
SF,IC2005,2020-04-10 09:30:30.600,5219.2000,9038,0,44830280.000,0,-,-,-,-,5216.0000,5215.8000,5215.6000,5215.2000,5215.0000,5218.4000,5218.8000,5219.0000,5219.4000,5219.6000,1,2,1,1,1,1,1,1,1,1
SF,IC2005,2020-04-10 09:30:31.100,5219.2000,9038,0,44830280.000,0,-,-,-,-,5216.2000,5216.0000,5215.8000,5215.6000,5215.2000,5218.4000,5218.8000,5219.0000,5219.6000,5219.8000,1,1,1,1,1,1,1,1,1,3
SF,IC2005,2020-04-10 09:30:31.600,5219.2000,9038,0,44830280.000,0,-,-,-,-,5216.2000,5216.0000,5215.8000,5215.2000,5215.0000,5218.4000,5218.8000,5219.0000,5219.6000,5219.8000,1,1,1,1,1,1,1,2,1,3
SF,IC2005,2020-04-10 09:30:32.100,5219.2000,9038,0,44830280.000,0,-,-,-,-,5216.2000,5215.8000,5215.2000,5215.0000,5214.0000,5218.4000,5218.8000,5219.0000,5219.6000,5219.8000,1,1,1,1,1,1,1,2,1,3
SF,IC2005,2020-04-10 09:30:32.600,5216.2000,9037,-1,45873520.000,1,0,1,双平,S,5215.8000,5215.2000,5215.0000,5214.0000,5213.8000,5218.2000,5218.4000,5218.8000,5219.0000,5219.6000,1,1,1,1,2,1,1,1,2,1
SF,IC2005,2020-04-10 09:30:33.100,5215.8000,9036,-1,46916680.000,1,0,1,双平,S,5215.0000,5213.8000,5212.2000,5211.4000,5211.0000,5218.0000,5218.2000,5218.4000,5218.8000,5219.0000,1,2,1,2,1,1,1,1,1,2
SF,IC2005,2020-04-10 09:30:33.600,5215.8000,9036,0,46916680.000,0,-,-,-,-,5215.2000,5213.8000,5212.2000,5211.4000,5211.0000,5217.4000,5217.8000,5218.0000,5218.2000,5219.0000,1,2,1,2,1,1,3,1,1,2
SF,IC2005,2020-04-10 09:30:34.100,5215.2000,9035,-1,47959720.000,1,0,1,双平,S,5212.2000,5211.4000,5211.0000,5209.0000,5208.6000,5217.2000,5217.4000,5217.8000,5218.2000,5219.0000,1,2,1,1,1,1,1,3,1,1
SF,IC2005,2020-04-10 09:30:34.600,5215.2000,9035,0,47959720.000,0,-,-,-,-,5212.6000,5212.4000,5212.2000,5211.4000,5211.0000,5216.4000,5216.8000,5217.0000,5217.2000,5217.8000,1,1,1,2,1,1,2,2,1,1
SF,IC2005,2020-04-10 09:30:35.100,5215.2000,9035,0,47959720.000,0,-,-,-,-,5212.8000,5212.6000,5212.2000,5211.4000,5211.0000,5216.2000,5216.8000,5217.0000,5217.8000,5218.2000,2,1,1,2,1,2,2,1,1,1
SF,IC2005,2020-04-10 09:30:35.600,5215.2000,9035,0,47959720.000,0,-,-,-,-,5212.8000,5212.2000,5211.4000,5211.0000,5209.0000,5216.2000,5216.8000,5217.0000,5217.8000,5218.2000,1,1,2,1,1,2,1,1,1,1
SF,IC2005,2020-04-10 09:30:36.100,5215.2000,9035,0,47959720.000,0,-,-,-,-,5212.8000,5212.2000,5211.4000,5211.0000,5209.0000,5215.0000,5215.4000,5215.6000,5216.0000,5216.2000,1,1,2,1,1,1,2,4,2,2
SF,IC2005,2020-04-10 09:30:36.600,5215.2000,9035,0,47959720.000,0,-,-,-,-,5212.8000,5212.2000,5211.4000,5211.0000,5209.0000,5216.2000,5217.8000,5220.0000,5225.8000,5237.0000,2,1,2,1,1,2,1,1,5,1
SF,IC2005,2020-04-10 09:30:37.100,5215.2000,9035,0,47959720.000,0,-,-,-,-,5212.8000,5212.2000,5211.4000,5211.0000,5209.0000,5216.2000,5220.0000,5225.8000,5237.0000,5238.6000,2,1,2,1,1,2,1,5,1,1
SF,IC2005,2020-04-10 09:30:37.600,5215.2000,9035,0,47959720.000,0,-,-,-,-,5213.0000,5212.8000,5212.2000,5211.4000,5211.0000,5216.2000,5220.0000,5225.8000,5237.0000,5238.6000,1,2,1,2,1,2,1,5,1,1
SF,IC2005,2020-04-10 09:30:38.100,5215.2000,9035,0,47959720.000,0,-,-,-,-,5213.2000,5213.0000,5212.8000,5212.2000,5211.4000,5216.2000,5220.0000,5225.8000,5237.0000,5238.6000,1,1,1,1,2,2,1,5,1,1
SF,IC2005,2020-04-10 09:30:39.100,5215.2000,9035,0,47959720.000,0,-,-,-,-,5213.4000,5213.2000,5213.0000,5212.8000,5212.2000,5216.2000,5220.0000,5225.8000,5237.0000,5238.6000,2,1,1,1,1,2,1,5,1,1
SF,IC2005,2020-04-10 09:30:39.600,5215.2000,9035,0,47959720.000,0,-,-,-,-,5213.6000,5213.4000,5212.8000,5212.2000,5211.4000,5216.2000,5220.0000,5225.8000,5237.0000,5238.6000,1,2,1,1,2,2,1,5,1,1
SF,IC2005,2020-04-10 09:30:40.100,5215.2000,9035,0,47959720.000,0,-,-,-,-,5213.6000,5213.4000,5212.8000,5212.2000,5211.4000,5216.0000,5216.2000,5220.0000,5225.8000,5237.0000,1,1,1,1,2,2,2,1,5,1
SF,IC2005,2020-04-10 09:30:40.600,5215.6000,9035,0,50045920.000,2,1,1,多换,S,5213.6000,5213.4000,5212.2000,5211.4000,5211.0000,5215.6000,5215.8000,5216.0000,5216.2000,5220.0000,1,1,1,2,1,2,1,2,1,1
SF,IC2005,2020-04-10 09:30:41.100,5215.6000,9035,0,50045920.000,0,-,-,-,-,5212.2000,5211.4000,5211.0000,5209.0000,5208.6000,5215.4000,5216.0000,5216.2000,5220.0000,5225.8000,1,2,1,1,1,1,2,1,1,5
SF,IC2005,2020-04-10 09:30:41.600,5215.6000,9035,0,50045920.000,0,-,-,-,-,5212.4000,5212.2000,5211.4000,5211.0000,5209.0000,5215.2000,5215.4000,5216.0000,5220.0000,5225.8000,1,1,2,1,1,1,1,2,1,5
SF,IC2005,2020-04-10 09:30:42.100,5215.6000,9035,0,50045920.000,0,-,-,-,-,5212.6000,5212.4000,5212.2000,5211.4000,5211.0000,5215.0000,5215.2000,5216.0000,5220.0000,5225.8000,1,1,1,2,1,1,1,2,1,5
SF,IC2005,2020-04-10 09:30:42.600,5215.6000,9035,0,50045920.000,0,-,-,-,-,5212.8000,5212.6000,5212.2000,5211.4000,5211.0000,5214.8000,5215.0000,5215.2000,5216.0000,5220.0000,1,1,1,2,1,1,1,1,2,1
SF,IC2005,2020-04-10 09:30:43.100,5214.8000,9034,-1,52131840.000,2,0,2,多平,S,5212.8000,5212.6000,5212.2000,5211.4000,5211.0000,5215.2000,5216.0000,5220.0000,5225.8000,5237.0000,1,1,1,2,1,1,2,1,5,1
SF,IC2005,2020-04-10 09:30:43.600,5214.8000,9034,0,52131840.000,0,-,-,-,-,5212.8000,5212.6000,5212.2000,5211.4000,5211.0000,5214.8000,5215.0000,5215.2000,5216.0000,5220.0000,1,1,1,2,1,1,1,1,1,1
SF,IC2005,2020-04-10 09:30:44.100,5214.8000,9034,0,52131840.000,0,-,-,-,-,5212.8000,5211.4000,5211.0000,5209.0000,5208.8000,5214.6000,5214.8000,5215.2000,5216.0000,5220.0000,1,2,1,1,1,1,1,1,1,1
SF,IC2005,2020-04-10 09:30:44.600,5214.8000,9033,-1,53174800.000,1,0,1,双平,S,5212.8000,5211.4000,5211.0000,5209.0000,5208.8000,5214.6000,5215.2000,5216.0000,5220.0000,5225.8000,1,2,1,1,1,1,1,1,1,5
SF,IC2005,2020-04-10 09:30:45.100,5214.8000,9032,-1,54217760.000,1,0,1,双平,S,5213.0000,5212.8000,5211.4000,5211.0000,5209.0000,5215.2000,5220.0000,5225.8000,5237.0000,5238.6000,1,1,2,1,1,1,1,5,1,1
SF,IC2005,2020-04-10 09:30:45.600,5214.8000,9032,0,54217760.000,0,-,-,-,-,5213.2000,5213.0000,5211.4000,5211.0000,5209.0000,5215.0000,5215.2000,5220.0000,5225.8000,5237.0000,1,1,2,1,1,1,1,1,5,1
SF,IC2005,2020-04-10 09:30:46.100,5215.0000,9031,-1,55260760.000,1,0,1,双平,S,5213.2000,5211.4000,5211.0000,5209.0000,5208.8000,5220.0000,5225.8000,5237.0000,5238.6000,5244.4000,1,2,1,1,1,1,5,1,1,1
SF,IC2005,2020-04-10 09:30:46.600,5215.0000,9031,0,55260760.000,0,-,-,-,-,5213.2000,5211.4000,5211.0000,5209.0000,5208.8000,5215.6000,5215.8000,5216.0000,5216.4000,5217.0000,1,2,1,1,1,2,2,1,2,1
SF,IC2005,2020-04-10 09:30:47.100,5215.0000,9031,0,55260760.000,0,-,-,-,-,5213.2000,5211.4000,5211.0000,5209.0000,5208.8000,5215.4000,5215.6000,5215.8000,5216.4000,5217.0000,1,2,1,1,1,1,1,2,1,1
SF,IC2005,2020-04-10 09:30:48.600,5215.0000,9031,0,55260760.000,0,-,-,-,-,5213.2000,5211.4000,5211.0000,5209.0000,5208.8000,5215.0000,5215.4000,5215.6000,5215.8000,5216.4000,1,2,1,1,1,2,1,1,2,1
SF,IC2005,2020-04-10 09:30:49.100,5215.0000,9031,0,55260760.000,0,-,-,-,-,5213.2000,5211.4000,5211.0000,5209.0000,5208.8000,5215.0000,5215.4000,5215.6000,5215.8000,5216.4000,1,2,1,1,1,2,1,1,2,1
SF,IC2005,2020-04-10 09:30:49.600,5215.0000,9031,0,55260760.000,0,-,-,-,-,5213.2000,5211.4000,5211.0000,5209.0000,5208.8000,5215.4000,5215.6000,5215.8000,5216.4000,5217.2000,1,2,1,1,1,1,1,2,1,1
SF,IC2005,2020-04-10 09:30:50.100,5215.0000,9031,0,55260760.000,0,-,-,-,-,5213.2000,5211.4000,5211.0000,5209.0000,5208.6000,5215.4000,5215.6000,5215.8000,5216.4000,5217.2000,1,2,1,1,1,1,1,2,1,1
SF,IC2005,2020-04-10 09:30:51.600,5215.0000,9031,0,55260760.000,0,-,-,-,-,5213.4000,5213.2000,5211.4000,5211.0000,5209.0000,5215.2000,5215.4000,5215.6000,5215.8000,5216.4000,1,1,2,1,1,1,1,1,2,1
SF,IC2005,2020-04-10 09:30:52.100,5215.2000,9031,0,56303800.000,1,0,1,多换,S,5213.4000,5213.2000,5211.4000,5211.0000,5209.0000,5215.4000,5215.6000,5215.8000,5216.4000,5217.2000,1,1,2,1,1,1,1,2,1,1
SF,IC2005,2020-04-10 09:30:52.600,5215.2000,9031,0,56303800.000,0,-,-,-,-,5213.4000,5213.2000,5211.4000,5211.0000,5209.0000,5215.2000,5215.4000,5215.6000,5215.8000,5216.4000,1,1,2,1,1,1,1,1,2,1
SF,IC2005,2020-04-10 09:30:53.100,5215.2000,9031,0,56303800.000,0,-,-,-,-,5213.2000,5211.4000,5211.0000,5209.0000,5208.6000,5215.2000,5215.4000,5215.6000,5215.8000,5216.4000,1,2,1,1,1,1,1,1,2,1
SF,IC2005,2020-04-10 09:30:54.600,5215.2000,9031,0,56303800.000,0,-,-,-,-,5213.2000,5211.4000,5211.0000,5209.0000,5208.6000,5213.4000,5215.2000,5215.4000,5215.6000,5215.8000,1,2,1,1,1,1,1,1,1,2
SF,IC2005,2020-04-10 09:30:55.100,5213.4000,9030,-1,57346480.000,1,0,1,双平,S,5213.2000,5211.4000,5211.0000,5209.0000,5208.6000,5215.4000,5215.6000,5215.8000,5216.4000,5217.2000,1,2,1,1,1,1,1,2,1,1
SF,IC2005,2020-04-10 09:30:55.600,5213.4000,9030,0,57346480.000,0,-,-,-,-,5213.2000,5211.4000,5211.0000,5209.0000,5208.6000,5215.2000,5215.4000,5215.6000,5215.8000,5216.4000,1,2,1,1,1,1,1,1,2,1
SF,IC2005,2020-04-10 09:30:56.100,5213.4000,9030,0,57346480.000,0,-,-,-,-,5213.2000,5211.4000,5211.0000,5209.0000,5208.6000,5215.2000,5215.4000,5215.6000,5215.8000,5216.4000,1,2,1,1,1,2,1,1,2,1
SF,IC2005,2020-04-10 09:30:56.600,5213.4000,9030,0,57346480.000,0,-,-,-,-,5211.4000,5211.0000,5209.0000,5208.6000,5208.2000,5215.0000,5215.2000,5215.6000,5215.8000,5216.4000,2,1,1,1,17,2,2,1,2,1
SF,IC2005,2020-04-10 09:30:57.100,5213.4000,9030,0,57346480.000,0,-,-,-,-,5211.8000,5211.6000,5211.4000,5211.0000,5209.0000,5214.8000,5215.2000,5215.6000,5215.8000,5216.4000,1,3,2,1,1,1,1,1,2,1
SF,IC2005,2020-04-10 09:30:57.600,5213.4000,9030,0,57346480.000,0,-,-,-,-,5212.4000,5212.0000,5211.8000,5211.6000,5211.4000,5214.8000,5215.2000,5215.6000,5215.8000,5216.4000,1,1,3,2,2,1,1,1,2,1
SF,IC2005,2020-04-10 09:30:58.100,5213.4000,9030,0,57346480.000,0,-,-,-,-,5212.6000,5212.4000,5211.8000,5211.4000,5211.0000,5214.6000,5214.8000,5215.2000,5215.6000,5215.8000,2,1,1,2,1,1,1,1,1,2
SF,IC2005,2020-04-10 09:30:58.600,5214.6000,9029,-1,58389400.000,1,0,1,双平,S,5212.6000,5212.4000,5211.4000,5211.0000,5209.0000,5214.2000,5214.8000,5215.2000,5215.6000,5215.8000,2,1,2,1,1,1,1,1,1,2
SF,IC2005,2020-04-10 09:30:59.100,5214.6000,9029,0,58389400.000,0,-,-,-,-,5212.8000,5212.6000,5211.4000,5211.0000,5209.0000,5214.8000,5215.2000,5215.6000,5215.8000,5216.4000,1,2,2,1,1,1,1,1,2,1
SF,IC2005,2020-04-10 09:30:59.600,5214.6000,9029,0,58389400.000,0,-,-,-,-,5213.0000,5212.8000,5212.6000,5211.4000,5211.0000,5215.2000,5215.6000,5215.8000,5216.4000,5219.8000,1,1,1,2,1,1,1,2,1,3
SF,IC2005,2020-04-10 09:31:00.100,5214.6000,9029,0,58389400.000,0,-,-,-,-,5213.0000,5212.8000,5211.4000,5211.0000,5210.0000,5215.2000,5215.6000,5215.8000,5216.4000,5219.8000,1,1,2,1,1,1,1,2,1,3
SF,IC2005,2020-04-10 09:31:00.600,5214.6000,9029,0,58389400.000,0,-,-,-,-,5213.0000,5211.4000,5211.0000,5210.0000,5209.0000,5215.2000,5215.6000,5215.8000,5216.4000,5219.8000,1,2,1,1,1,1,1,2,1,3
SF,IC2005,2020-04-10 09:31:01.100,5214.6000,9029,0,58389400.000,0,-,-,-,-,5213.2000,5213.0000,5211.4000,5211.0000,5210.0000,5215.0000,5215.2000,5215.6000,5215.8000,5216.4000,1,2,2,1,1,1,1,1,2,1
SF,IC2005,2020-04-10 09:31:01.600,5213.0000,9028,-1,60474640.000,2,0,2,多平,S,5211.4000,5211.0000,5210.0000,5209.0000,5208.6000,5214.8000,5215.0000,5215.2000,5215.6000,5215.8000,2,1,1,1,1,1,1,1,1,2
SF,IC2005,2020-04-10 09:31:02.100,5213.0000,9028,0,60474640.000,0,-,-,-,-,5211.6000,5211.4000,5211.0000,5210.0000,5209.0000,5214.6000,5215.0000,5215.2000,5215.6000,5215.8000,1,2,1,1,1,2,1,1,1,2
SF,IC2005,2020-04-10 09:31:02.600,5213.0000,9028,0,60474640.000,0,-,-,-,-,5211.6000,5211.4000,5211.0000,5210.0000,5209.0000,5214.2000,5214.6000,5215.0000,5215.2000,5215.8000,1,2,1,1,1,1,2,1,1,1
SF,IC2005,2020-04-10 09:31:03.100,5213.0000,9028,0,60474640.000,0,-,-,-,-,5211.6000,5211.4000,5211.0000,5210.0000,5209.0000,5214.0000,5214.2000,5215.0000,5215.2000,5215.8000,1,2,1,1,1,2,1,1,1,1
SF,IC2005,2020-04-10 09:31:05.100,5213.4000,9024,-4,64644200.000,4,0,4,双平,S,5212.6000,5211.0000,5210.0000,5209.0000,5208.6000,5213.6000,5214.0000,5214.2000,5215.0000,5215.2000,1,1,1,1,1,1,3,1,1,1
SF,IC2005,2020-04-10 09:31:05.600,5212.6000,9024,0,65686720.000,1,0,1,多换,S,5211.0000,5210.0000,5209.0000,5208.6000,5208.2000,5213.6000,5214.0000,5214.2000,5215.0000,5215.2000,1,1,1,1,17,1,1,1,1,1
SF,IC2005,2020-04-10 09:31:06.100,5212.6000,9024,0,65686720.000,0,-,-,-,-,5211.2000,5211.0000,5210.0000,5209.0000,5208.6000,5213.4000,5213.6000,5214.0000,5214.2000,5215.0000,1,1,1,1,1,2,1,1,1,1
SF,IC2005,2020-04-10 09:31:07.600,5212.6000,9024,0,65686720.000,0,-,-,-,-,5211.4000,5211.2000,5211.0000,5210.0000,5209.0000,5213.4000,5214.2000,5215.0000,5215.2000,5216.4000,1,1,1,1,1,2,1,1,1,1
SF,IC2005,2020-04-10 09:31:08.100,5212.6000,9024,0,65686720.000,0,-,-,-,-,5211.6000,5211.4000,5211.0000,5210.0000,5209.0000,5213.4000,5214.2000,5215.0000,5215.2000,5216.4000,1,1,1,1,1,1,1,1,1,1
SF,IC2005,2020-04-10 09:31:09.600,5212.6000,9024,0,65686720.000,0,-,-,-,-,5211.8000,5211.6000,5211.4000,5211.0000,5210.0000,5213.0000,5213.4000,5214.2000,5215.0000,5215.2000,1,1,1,1,1,2,1,1,1,1
SF,IC2005,2020-04-10 09:31:10.100,5213.0000,9022,-2,67771920.000,2,0,2,双平,S,5212.0000,5211.8000,5211.4000,5211.0000,5210.0000,5213.4000,5214.2000,5215.0000,5215.2000,5216.4000,1,1,1,1,1,1,1,1,1,1
SF,IC2005,2020-04-10 09:31:10.600,5213.0000,9022,0,67771920.000,0,-,-,-,-,5212.0000,5211.8000,5211.4000,5211.0000,5210.0000,5215.0000,5215.2000,5216.4000,5219.8000,5225.8000,1,1,1,1,1,1,1,1,3,5
SF,IC2005,2020-04-10 09:31:11.100,5213.0000,9022,0,67771920.000,0,-,-,-,-,5212.0000,5211.8000,5211.4000,5211.0000,5210.0000,5214.0000,5214.2000,5214.4000,5214.8000,5215.0000,1,1,1,1,1,1,1,2,2,1
SF,IC2005,2020-04-10 09:31:11.600,5213.0000,9022,0,67771920.000,0,-,-,-,-,5212.0000,5211.8000,5211.4000,5211.0000,5209.0000,5213.8000,5214.8000,5215.0000,5215.2000,5216.4000,1,1,1,1,1,1,1,1,1,1
SF,IC2005,2020-04-10 09:31:12.600,5213.8000,9021,-1,68814680.000,1,0,1,双平,S,5212.0000,5211.8000,5211.4000,5211.0000,5209.0000,5214.8000,5215.0000,5215.2000,5216.4000,5219.8000,1,2,1,1,1,1,1,1,1,3
SF,IC2005,2020-04-10 09:31:13.100,5213.8000,9021,0,68814680.000,0,-,-,-,-,5212.0000,5211.4000,5211.0000,5209.0000,5208.6000,5214.4000,5214.6000,5214.8000,5215.0000,5215.2000,1,1,1,1,1,1,1,1,1,1
SF,IC2005,2020-04-10 09:31:13.600,5213.8000,9021,0,68814680.000,0,-,-,-,-,5212.0000,5211.4000,5211.0000,5209.0000,5208.6000,5214.2000,5214.4000,5214.8000,5215.0000,5215.2000,1,1,1,1,1,1,1,1,1,1
SF,IC2005,2020-04-10 09:31:14.100,5213.8000,9021,0,68814680.000,0,-,-,-,-,5212.0000,5211.4000,5211.0000,5209.0000,5208.6000,5214.2000,5214.4000,5214.8000,5215.0000,5215.2000,1,1,1,1,1,1,1,1,1,1
SF,IC2005,2020-04-10 09:31:14.600,5213.8000,9021,0,68814680.000,0,-,-,-,-,5212.0000,5211.4000,5211.0000,5209.0000,5208.6000,5214.0000,5214.4000,5214.8000,5215.0000,5215.2000,1,1,1,1,1,1,1,1,1,1
SF,IC2005,2020-04-10 09:31:15.100,5213.8000,9021,0,68814680.000,0,-,-,-,-,5212.2000,5212.0000,5211.4000,5211.0000,5209.0000,5214.8000,5215.2000,5216.4000,5219.8000,5225.8000,1,1,1,1,1,1,1,1,3,5
SF,IC2005,2020-04-10 09:31:15.600,5214.8000,9020,-1,69857640.000,1,0,1,双平,S,5212.4000,5212.2000,5211.4000,5211.0000,5209.0000,5215.2000,5216.4000,5219.8000,5225.8000,5237.0000,2,1,1,1,1,1,1,3,5,1
SF,IC2005,2020-04-10 09:31:16.100,5214.8000,9020,0,69857640.000,0,-,-,-,-,5212.4000,5212.2000,5211.4000,5211.0000,5209.0000,5215.2000,5216.4000,5219.8000,5225.8000,5237.0000,2,1,1,1,1,1,1,3,5,1
SF,IC2005,2020-04-10 09:31:16.600,5212.8000,9019,-1,70900200.000,1,0,1,双平,S,5212.4000,5211.4000,5211.0000,5209.0000,5208.6000,5215.2000,5216.4000,5219.8000,5225.8000,5237.0000,2,1,1,1,1,1,1,3,5,1
SF,IC2005,2020-04-10 09:31:17.100,5212.8000,9019,0,70900200.000,0,-,-,-,-,5212.8000,5212.4000,5211.4000,5211.0000,5210.6000,5215.2000,5216.4000,5219.8000,5225.8000,5237.0000,1,2,1,1,1,1,1,3,5,1
SF,IC2005,2020-04-10 09:31:17.600,5212.8000,9019,0,70900200.000,0,-,-,-,-,5213.0000,5212.8000,5212.6000,5212.4000,5211.4000,5215.0000,5215.2000,5216.4000,5219.8000,5225.8000,1,1,1,1,1,1,1,1,3,5
SF,IC2005,2020-04-10 09:31:18.100,5212.8000,9018,-1,71942760.000,1,0,1,双平,S,5212.8000,5212.6000,5212.4000,5211.4000,5211.0000,5215.0000,5215.2000,5216.4000,5219.8000,5225.8000,1,1,1,1,1,1,1,1,3,5
SF,IC2005,2020-04-10 09:31:18.600,5212.8000,9018,0,71942760.000,0,-,-,-,-,5213.0000,5212.8000,5212.6000,5212.4000,5211.4000,5214.8000,5215.0000,5215.2000,5216.4000,5219.8000,1,1,1,1,1,2,1,1,1,3
SF,IC2005,2020-04-10 09:31:19.100,5212.8000,9018,0,71942760.000,0,-,-,-,-,5213.2000,5213.0000,5212.8000,5212.4000,5211.0000,5214.8000,5215.2000,5216.4000,5219.8000,5225.8000,1,1,1,1,1,2,1,1,3,5
SF,IC2005,2020-04-10 09:31:19.600,5212.8000,9018,0,71942760.000,0,-,-,-,-,5213.4000,5213.2000,5212.8000,5212.4000,5211.0000,5214.8000,5215.2000,5216.4000,5219.8000,5225.8000,1,1,1,1,1,1,1,1,3,5
SF,IC2005,2020-04-10 09:31:20.100,5212.8000,9018,0,71942760.000,0,-,-,-,-,5213.4000,5212.8000,5212.4000,5211.0000,5210.6000,5215.2000,5216.4000,5219.8000,5225.8000,5237.0000,1,1,1,1,1,1,1,3,5,1
SF,IC2005,2020-04-10 09:31:20.600,5213.4000,9018,0,72985440.000,1,0,1,多换,S,5212.8000,5212.4000,5211.0000,5210.6000,5209.0000,5215.0000,5215.2000,5216.4000,5219.8000,5225.8000,1,1,1,1,1,1,1,1,3,5
SF,IC2005,2020-04-10 09:31:21.100,5213.4000,9018,0,72985440.000,0,-,-,-,-,5213.0000,5212.8000,5212.4000,5211.0000,5210.6000,5215.0000,5215.2000,5216.4000,5219.8000,5225.8000,2,1,1,1,1,1,1,1,3,5
SF,IC2005,2020-04-10 09:31:22.100,5213.4000,9018,0,72985440.000,0,-,-,-,-,5213.2000,5213.0000,5212.4000,5211.0000,5210.6000,5214.8000,5215.0000,5215.2000,5216.4000,5219.8000,1,2,1,1,1,1,1,1,1,3
SF,IC2005,2020-04-10 09:31:22.600,5213.2000,9017,-1,74028080.000,1,0,1,双平,S,5211.0000,5210.6000,5209.2000,5209.0000,5208.2000,5214.6000,5214.8000,5215.2000,5216.4000,5219.8000,1,1,1,1,17,1,1,1,1,3
SF,IC2005,2020-04-10 09:31:23.100,5213.2000,9017,0,74028080.000,0,-,-,-,-,5211.2000,5211.0000,5210.6000,5209.2000,5209.0000,5214.2000,5214.4000,5214.6000,5214.8000,5215.2000,3,2,1,1,1,1,1,1,1,1
SF,IC2005,2020-04-10 09:31:23.600,5213.2000,9017,0,74028080.000,0,-,-,-,-,5211.2000,5211.0000,5210.6000,5209.2000,5209.0000,5214.0000,5214.2000,5214.4000,5214.8000,5215.2000,3,2,1,1,1,1,1,1,1,1
SF,IC2005,2020-04-10 09:31:24.100,5213.2000,9017,0,74028080.000,0,-,-,-,-,5211.2000,5211.0000,5210.6000,5209.2000,5209.0000,5214.0000,5214.2000,5214.4000,5214.8000,5215.2000,2,1,1,1,1,1,1,1,1,1
SF,IC2005,2020-04-10 09:31:24.600,5213.2000,9017,0,74028080.000,0,-,-,-,-,5211.2000,5211.0000,5210.6000,5209.2000,5209.0000,5213.8000,5214.0000,5214.2000,5215.2000,5216.4000,2,1,1,1,1,1,1,1,1,1
SF,IC2005,2020-04-10 09:31:25.100,5213.2000,9017,0,74028080.000,0,-,-,-,-,5211.2000,5211.0000,5210.6000,5209.2000,5209.0000,5213.6000,5213.8000,5214.2000,5215.2000,5216.4000,2,1,1,1,1,1,1,1,1,1
SF,IC2005,2020-04-10 09:31:25.600,5213.2000,9017,0,74028080.000,0,-,-,-,-,5211.2000,5211.0000,5210.6000,5209.2000,5209.0000,5213.6000,5213.8000,5214.2000,5215.2000,5216.4000,2,1,1,1,1,1,1,1,1,1
SF,IC2005,2020-04-10 09:31:26.100,5213.2000,9017,0,74028080.000,0,-,-,-,-,5211.2000,5211.0000,5210.6000,5209.2000,5209.0000,5213.6000,5213.8000,5214.2000,5215.2000,5216.4000,2,1,1,1,1,1,1,1,1,1
SF,IC2005,2020-04-10 09:31:26.600,5213.2000,9017,0,74028080.000,0,-,-,-,-,5211.2000,5211.0000,5210.6000,5209.2000,5209.0000,5213.4000,5213.6000,5213.8000,5214.2000,5215.2000,1,1,1,1,1,1,1,1,1,1
SF,IC2005,2020-04-10 09:31:27.100,5213.2000,9017,0,74028080.000,0,-,-,-,-,5211.2000,5211.0000,5210.6000,5209.2000,5209.0000,5213.2000,5213.4000,5213.8000,5214.2000,5215.2000,1,1,1,1,1,1,1,1,1,1
SF,IC2005,2020-04-10 09:31:27.600,5213.4000,9016,-1,76113400.000,2,0,2,多平,S,5211.2000,5211.0000,5210.6000,5209.2000,5209.0000,5213.8000,5214.2000,5215.2000,5216.4000,5219.8000,1,1,1,1,1,1,1,1,1,3
SF,IC2005,2020-04-10 09:31:28.100,5213.4000,9016,0,76113400.000,0,-,-,-,-,5211.2000,5211.0000,5210.6000,5209.2000,5209.0000,5213.4000,5213.6000,5214.2000,5215.2000,5216.4000,1,1,1,1,1,1,2,1,1,1
SF,IC2005,2020-04-10 09:31:28.600,5213.4000,9016,0,77156080.000,1,0,1,多换,S,5211.2000,5211.0000,5210.6000,5209.2000,5209.0000,5213.4000,5213.6000,5214.2000,5215.2000,5216.4000,1,1,1,1,1,1,1,1,1,1
SF,IC2005,2020-04-10 09:31:29.100,5211.2000,9015,-1,78198320.000,1,0,1,双平,S,5211.0000,5210.6000,5209.2000,5209.0000,5208.2000,5213.2000,5213.4000,5214.2000,5215.2000,5216.4000,1,1,1,1,17,1,1,1,1,1
SF,IC2005,2020-04-10 09:31:29.600,5211.2000,9015,0,78198320.000,0,-,-,-,-,5211.2000,5211.0000,5210.6000,5209.2000,5209.0000,5213.0000,5213.2000,5213.4000,5214.2000,5215.2000,2,1,1,1,1,1,1,1,1,1
SF,IC2005,2020-04-10 09:31:30.100,5213.2000,9013,-2,80283560.000,2,0,2,双平,S,5211.2000,5211.0000,5210.6000,5209.2000,5209.0000,5213.4000,5214.2000,5215.2000,5216.4000,5219.8000,2,1,1,1,1,1,1,1,1,3
SF,IC2005,2020-04-10 09:31:30.600,5213.2000,9013,0,80283560.000,0,-,-,-,-,5211.4000,5211.2000,5211.0000,5210.6000,5209.2000,5213.4000,5214.2000,5215.2000,5216.4000,5219.8000,5,2,1,1,1,1,1,1,1,3
SF,IC2005,2020-04-10 09:31:31.100,5211.6000,9012,-1,83410880.000,3,1,2,多平,S,5211.6000,5211.2000,5211.0000,5210.6000,5209.2000,5214.2000,5215.2000,5216.4000,5219.8000,5225.8000,1,1,1,1,1,1,1,1,3,5
SF,IC2005,2020-04-10 09:31:31.600,5211.6000,9012,0,83410880.000,0,-,-,-,-,5211.6000,5211.0000,5210.6000,5209.2000,5209.0000,5213.4000,5213.6000,5214.0000,5214.2000,5215.2000,1,1,1,1,1,1,2,1,1,1
SF,IC2005,2020-04-10 09:31:32.100,5211.6000,9012,0,83410880.000,0,-,-,-,-,5212.0000,5211.6000,5210.6000,5209.2000,5209.0000,5213.4000,5213.6000,5214.0000,5214.2000,5215.2000,1,1,1,1,1,1,2,1,1,1
SF,IC2005,2020-04-10 09:31:32.600,5211.6000,9012,0,83410880.000,0,-,-,-,-,5212.0000,5211.6000,5210.6000,5209.2000,5209.0000,5213.4000,5213.6000,5214.2000,5215.2000,5216.4000,1,1,1,1,1,1,2,1,1,1
SF,IC2005,2020-04-10 09:31:33.100,5212.0000,9012,0,84453280.000,1,0,1,多换,S,5211.6000,5210.6000,5209.2000,5209.0000,5208.2000,5213.4000,5213.6000,5214.2000,5215.2000,5216.4000,1,1,1,1,17,1,2,1,1,1
SF,IC2005,2020-04-10 09:31:35.100,5213.4000,9011,-1,85495960.000,1,0,1,双平,S,5211.6000,5210.6000,5209.2000,5209.0000,5208.2000,5213.6000,5214.2000,5215.2000,5216.4000,5219.8000,1,1,1,1,17,2,1,1,1,3
SF,IC2005,2020-04-10 09:31:35.600,5213.4000,9011,0,85495960.000,0,-,-,-,-,5211.6000,5210.6000,5209.2000,5209.0000,5208.2000,5213.0000,5213.6000,5214.2000,5215.2000,5216.4000,1,1,1,1,17,1,2,1,1,1
SF,IC2005,2020-04-10 09:31:36.100,5213.4000,9011,0,85495960.000,0,-,-,-,-,5211.6000,5210.6000,5209.2000,5209.0000,5208.2000,5213.0000,5213.4000,5213.6000,5214.2000,5215.2000,1,1,1,1,17,1,2,2,1,1
SF,IC2005,2020-04-10 09:31:38.100,5213.4000,9011,0,85495960.000,0,-,-,-,-,5211.6000,5210.6000,5210.4000,5209.2000,5209.0000,5213.0000,5213.4000,5213.6000,5214.2000,5215.2000,1,1,2,1,1,1,2,2,1,1
SF,IC2005,2020-04-10 09:31:38.600,5213.4000,9011,0,85495960.000,0,-,-,-,-,5211.6000,5210.6000,5210.4000,5209.2000,5209.0000,5215.2000,5216.4000,5219.8000,5225.8000,5237.0000,1,1,2,1,1,1,1,3,5,1
SF,IC2005,2020-04-10 09:31:39.100,5213.4000,9011,0,85495960.000,0,-,-,-,-,5211.8000,5211.6000,5210.6000,5210.4000,5209.2000,5214.6000,5214.8000,5215.2000,5216.4000,5219.8000,1,1,1,2,1,1,2,1,1,3
SF,IC2005,2020-04-10 09:31:39.600,5214.6000,9010,-1,86538880.000,1,0,1,双平,S,5212.0000,5211.8000,5210.6000,5210.4000,5209.2000,5214.8000,5215.2000,5216.4000,5219.8000,5225.8000,1,1,1,2,1,2,1,1,3,5
SF,IC2005,2020-04-10 09:31:40.100,5214.6000,9010,0,86538880.000,0,-,-,-,-,5212.2000,5212.0000,5210.6000,5210.4000,5209.2000,5214.4000,5214.8000,5215.2000,5216.4000,5219.8000,1,1,1,2,1,1,2,1,1,3
SF,IC2005,2020-04-10 09:31:40.600,5214.6000,9010,0,86538880.000,0,-,-,-,-,5212.4000,5212.2000,5210.6000,5210.4000,5209.2000,5214.2000,5214.8000,5215.2000,5216.4000,5219.8000,1,1,1,2,1,2,2,1,1,3
SF,IC2005,2020-04-10 09:31:41.100,5212.4000,9009,-1,87581360.000,1,0,1,双平,S,5210.6000,5210.4000,5209.2000,5209.0000,5208.2000,5213.8000,5214.0000,5214.2000,5214.8000,5215.2000,1,2,1,1,17,1,1,1,2,1
SF,IC2005,2020-04-10 09:31:41.600,5212.4000,9009,0,87581360.000,0,-,-,-,-,5210.8000,5210.6000,5210.4000,5209.2000,5209.0000,5213.6000,5213.8000,5214.0000,5214.2000,5214.8000,2,2,2,1,1,1,1,1,1,2
SF,IC2005,2020-04-10 09:31:42.100,5212.4000,9009,0,87581360.000,0,-,-,-,-,5211.4000,5211.2000,5210.8000,5210.6000,5210.4000,5213.6000,5213.8000,5214.0000,5214.8000,5215.2000,3,1,2,1,2,1,1,1,2,1
SF,IC2005,2020-04-10 09:31:42.600,5213.6000,9008,-1,88624080.000,1,0,1,双平,S,5211.6000,5211.4000,5211.2000,5210.8000,5210.6000,5213.8000,5214.8000,5215.2000,5216.4000,5219.8000,1,3,2,1,1,1,2,1,1,3
SF,IC2005,2020-04-10 09:31:43.100,5213.6000,9008,0,88624080.000,0,-,-,-,-,5211.6000,5211.4000,5211.2000,5210.8000,5210.6000,5213.8000,5214.8000,5215.2000,5216.4000,5219.8000,1,3,2,1,1,1,2,1,1,3
SF,IC2005,2020-04-10 09:31:43.600,5213.6000,9008,0,88624080.000,0,-,-,-,-,5211.8000,5211.6000,5211.4000,5211.2000,5210.8000,5213.8000,5214.8000,5215.2000,5216.4000,5219.8000,1,1,3,1,1,1,2,1,1,3
SF,IC2005,2020-04-10 09:31:44.100,5213.8000,9007,-1,89666840.000,1,0,1,双平,S,5212.0000,5211.8000,5211.4000,5211.2000,5210.8000,5214.8000,5215.2000,5216.4000,5219.8000,5225.8000,1,3,3,1,1,2,1,1,3,5
SF,IC2005,2020-04-10 09:31:44.600,5213.8000,9007,0,89666840.000,0,-,-,-,-,5212.2000,5212.0000,5211.8000,5211.4000,5210.6000,5214.8000,5215.2000,5216.4000,5219.8000,5225.8000,1,1,1,3,1,2,1,1,3,5
SF,IC2005,2020-04-10 09:31:45.100,5213.8000,9007,0,89666840.000,0,-,-,-,-,5212.4000,5212.2000,5211.8000,5211.4000,5210.6000,5214.8000,5215.2000,5216.4000,5218.8000,5219.8000,1,1,1,3,1,2,1,1,1,3
SF,IC2005,2020-04-10 09:31:45.600,5213.8000,9007,0,89666840.000,0,-,-,-,-,5212.4000,5212.2000,5211.4000,5210.6000,5210.4000,5214.8000,5215.2000,5216.4000,5218.8000,5219.8000,2,1,3,1,2,2,1,1,1,3
SF,IC2005,2020-04-10 09:31:47.600,5214.8000,9007,0,90709800.000,1,0,1,多换,S,5212.4000,5212.2000,5211.4000,5210.6000,5210.4000,5214.8000,5215.2000,5216.4000,5218.8000,5219.8000,2,1,3,1,2,1,1,1,1,3
SF,IC2005,2020-04-10 09:31:48.100,5214.8000,9007,0,90709800.000,0,-,-,-,-,5212.4000,5212.2000,5211.4000,5210.6000,5210.4000,5214.8000,5215.2000,5216.4000,5218.8000,5219.8000,1,1,3,1,2,1,1,1,1,3
SF,IC2005,2020-04-10 09:31:48.600,5212.6000,9005,-2,92795280.000,2,0,2,双平,S,5212.6000,5212.4000,5212.2000,5211.4000,5210.6000,5215.2000,5216.4000,5218.8000,5219.8000,5225.8000,1,1,1,3,1,1,1,1,3,5
SF,IC2005,2020-04-10 09:31:49.100,5212.6000,9005,0,92795280.000,0,-,-,-,-,5212.8000,5212.6000,5211.4000,5210.6000,5210.4000,5215.0000,5215.2000,5216.4000,5218.8000,5219.8000,2,1,3,1,2,1,1,1,1,3
SF,IC2005,2020-04-10 09:31:51.100,5212.6000,9005,0,92795280.000,0,-,-,-,-,5212.8000,5211.4000,5210.6000,5210.4000,5209.2000,5215.2000,5216.4000,5218.8000,5219.8000,5225.8000,3,3,1,2,1,1,1,1,3,5
SF,IC2005,2020-04-10 09:31:51.600,5212.6000,9005,0,92795280.000,0,-,-,-,-,5212.8000,5211.4000,5210.6000,5210.4000,5209.2000,5215.2000,5216.4000,5218.8000,5219.8000,5225.8000,4,2,1,2,1,1,1,1,3,5
SF,IC2005,2020-04-10 09:31:52.100,5212.6000,9005,0,92795280.000,0,-,-,-,-,5213.0000,5212.8000,5211.4000,5210.6000,5210.4000,5215.2000,5216.4000,5218.8000,5219.8000,5225.8000,1,4,2,1,2,1,1,1,3,5
SF,IC2005,2020-04-10 09:31:52.600,5212.6000,9005,0,92795280.000,0,-,-,-,-,5213.2000,5213.0000,5212.8000,5211.4000,5210.6000,5215.2000,5216.4000,5218.8000,5219.8000,5225.8000,1,1,3,2,1,1,1,1,3,5
SF,IC2005,2020-04-10 09:31:53.100,5213.2000,9004,-1,93837920.000,1,0,1,双平,S,5213.2000,5213.0000,5212.8000,5211.4000,5210.6000,5215.2000,5216.4000,5218.8000,5219.8000,5225.8000,1,1,2,2,1,1,1,1,3,5
SF,IC2005,2020-04-10 09:31:53.600,5213.2000,9004,0,93837920.000,0,-,-,-,-,5213.4000,5213.2000,5213.0000,5212.8000,5211.4000,5215.2000,5216.4000,5218.8000,5219.8000,5225.8000,1,1,1,2,2,1,1,1,3,5
SF,IC2005,2020-04-10 09:31:54.100,5213.2000,9004,0,93837920.000,0,-,-,-,-,5213.6000,5213.4000,5213.0000,5212.8000,5211.4000,5215.2000,5216.4000,5218.8000,5219.8000,5225.8000,1,1,1,2,2,1,1,1,3,5
SF,IC2005,2020-04-10 09:31:55.100,5213.2000,9004,0,93837920.000,0,-,-,-,-,5213.6000,5213.4000,5213.0000,5212.8000,5211.4000,5215.2000,5216.4000,5218.8000,5219.8000,5225.8000,1,1,1,1,2,1,1,1,3,5
SF,IC2005,2020-04-10 09:31:57.100,5213.6000,9003,-1,94880640.000,1,0,1,双平,S,5213.4000,5213.0000,5211.4000,5210.6000,5210.4000,5215.2000,5216.4000,5218.8000,5219.8000,5225.8000,1,1,2,1,2,1,1,1,3,5
SF,IC2005,2020-04-10 09:31:57.600,5213.6000,9003,0,94880640.000,0,-,-,-,-,5213.0000,5211.4000,5210.6000,5210.4000,5209.2000,5214.8000,5215.0000,5215.2000,5216.4000,5218.8000,1,2,1,2,1,1,1,1,1,1
SF,IC2005,2020-04-10 09:31:58.100,5213.6000,9003,0,94880640.000,0,-,-,-,-,5211.4000,5210.6000,5210.4000,5209.2000,5209.0000,5214.6000,5214.8000,5215.2000,5216.4000,5218.8000,2,1,2,1,1,1,1,1,1,1
SF,IC2005,2020-04-10 09:31:58.600,5213.6000,9003,0,94880640.000,0,-,-,-,-,5211.6000,5211.4000,5210.6000,5210.4000,5209.2000,5214.4000,5214.6000,5215.2000,5216.4000,5218.8000,2,2,1,2,1,1,1,1,1,1
SF,IC2005,2020-04-10 09:31:59.100,5213.6000,9003,0,94880640.000,0,-,-,-,-,5212.0000,5211.6000,5211.4000,5210.6000,5210.4000,5213.6000,5214.2000,5214.4000,5215.2000,5216.4000,1,2,2,1,2,1,1,1,1,1
SF,IC2005,2020-04-10 09:31:59.600,5213.6000,9003,0,94880640.000,0,-,-,-,-,5212.0000,5211.6000,5210.6000,5210.4000,5209.2000,5213.6000,5214.2000,5214.4000,5215.2000,5216.4000,1,2,1,2,1,1,1,1,1,1
SF,IC2005,2020-04-10 09:32:00.100,5213.6000,9003,0,94880640.000,0,-,-,-,-,5212.0000,5211.6000,5210.6000,5210.4000,5209.2000,5213.6000,5214.2000,5214.4000,5215.2000,5216.4000,1,1,1,2,1,1,1,1,1,1
SF,IC2005,2020-04-10 09:32:00.600,5213.6000,9003,0,94880640.000,0,-,-,-,-,5212.0000,5211.6000,5210.6000,5210.4000,5209.2000,5213.4000,5213.6000,5215.2000,5216.4000,5218.8000,1,1,1,2,1,3,1,1,1,1
SF,IC2005,2020-04-10 09:32:01.100,5213.6000,9003,0,94880640.000,0,-,-,-,-,5211.6000,5210.6000,5210.4000,5209.2000,5209.0000,5213.4000,5215.2000,5216.4000,5218.8000,5219.8000,1,1,2,1,1,3,1,1,1,3
SF,IC2005,2020-04-10 09:32:01.600,5213.6000,9003,0,94880640.000,0,-,-,-,-,5211.6000,5210.6000,5210.4000,5209.2000,5209.0000,5213.2000,5213.4000,5215.2000,5216.4000,5218.8000,1,1,2,1,1,1,3,1,1,1
SF,IC2005,2020-04-10 09:32:02.100,5211.6000,9002,-1,95922960.000,1,0,1,双平,S,5210.6000,5210.4000,5209.2000,5209.0000,5208.2000,5213.0000,5213.2000,5213.4000,5215.2000,5216.4000,1,2,1,1,17,2,1,1,1,1
SF,IC2005,2020-04-10 09:32:02.600,5211.6000,9002,0,95922960.000,0,-,-,-,-,5210.8000,5210.6000,5210.4000,5209.2000,5209.0000,5212.8000,5213.0000,5213.4000,5215.2000,5216.4000,1,1,2,1,1,1,2,1,1,1
SF,IC2005,2020-04-10 09:32:03.100,5211.6000,9002,0,95922960.000,0,-,-,-,-,5210.8000,5210.6000,5210.4000,5209.2000,5209.0000,5212.6000,5212.8000,5213.0000,5213.4000,5215.2000,1,1,2,1,1,1,1,1,1,1
SF,IC2005,2020-04-10 09:32:03.600,5211.6000,9002,0,95922960.000,0,-,-,-,-,5210.8000,5210.6000,5210.4000,5209.2000,5209.0000,5212.6000,5213.0000,5213.4000,5215.2000,5216.4000,1,1,2,1,1,1,1,1,1,1
SF,IC2005,2020-04-10 09:32:04.100,5212.4000,9002,0,96965440.000,1,0,1,多换,S,5210.8000,5210.6000,5210.4000,5209.2000,5209.0000,5212.4000,5212.6000,5213.4000,5215.2000,5216.4000,1,1,2,1,1,1,1,1,1,1
SF,IC2005,2020-04-10 09:32:04.600,5212.4000,9002,0,96965440.000,0,-,-,-,-,5210.8000,5210.6000,5210.4000,5209.2000,5209.0000,5212.2000,5212.4000,5212.6000,5213.4000,5215.2000,1,1,2,1,1,1,2,1,1,1
SF,IC2005,2020-04-10 09:32:07.100,5210.8000,9001,-1,98007600.000,1,0,1,双平,S,5210.6000,5210.4000,5209.2000,5209.0000,5208.2000,5211.8000,5212.2000,5212.4000,5212.6000,5213.4000,1,2,1,1,17,1,1,2,1,1
SF,IC2005,2020-04-10 09:32:07.600,5210.4000,8998,-3,101133880.000,3,0,3,双平,S,5209.2000,5209.0000,5208.2000,5205.0000,5202.6000,5211.6000,5211.8000,5212.4000,5213.4000,5215.2000,1,1,17,1,5,1,1,2,1,1
SF,IC2005,2020-04-10 09:32:08.100,5211.4000,8997,-1,102176160.000,1,0,1,双平,S,5209.2000,5209.0000,5208.2000,5205.0000,5200.0000,5211.2000,5211.6000,5211.8000,5212.4000,5213.4000,1,1,17,1,4,1,1,1,2,1
SF,IC2005,2020-04-10 09:32:08.600,5211.4000,8997,0,102176160.000,0,-,-,-,-,5209.4000,5209.2000,5209.0000,5208.2000,5205.0000,5211.0000,5211.8000,5212.4000,5213.4000,5214.2000,1,1,1,17,1,2,1,2,1,5
SF,IC2005,2020-04-10 09:32:11.100,5211.4000,8997,0,102176160.000,0,-,-,-,-,5209.4000,5209.2000,5209.0000,5208.2000,5205.0000,5211.0000,5212.4000,5213.4000,5214.2000,5215.2000,1,1,1,17,1,2,2,1,5,1
SF,IC2005,2020-04-10 09:32:11.600,5209.4000,8996,-1,103218040.000,1,0,1,双平,S,5209.2000,5209.0000,5208.2000,5205.0000,5200.0000,5210.4000,5211.0000,5212.4000,5213.4000,5214.2000,1,1,17,1,4,1,1,2,1,5
SF,IC2005,2020-04-10 09:32:12.100,5209.2000,8996,0,104259880.000,1,0,1,多换,S,5210.0000,5209.0000,5208.2000,5205.0000,5200.0000,5210.2000,5210.4000,5212.4000,5213.4000,5214.2000,1,1,17,1,4,1,1,2,1,5
SF,IC2005,2020-04-10 09:32:12.600,5209.0000,8994,-2,106343640.000,2,0,2,双平,S,5208.2000,5205.0000,5200.0000,5196.8000,5195.0000,5209.8000,5210.0000,5210.4000,5212.4000,5213.4000,17,1,4,5,1,2,4,1,2,1
SF,IC2005,2020-04-10 09:32:13.100,5208.2000,8992,-2,109468560.000,3,0,3,多平,S,5208.2000,5205.0000,5200.0000,5196.8000,5195.0000,5209.6000,5209.8000,5210.0000,5210.4000,5212.4000,14,1,4,5,1,1,1,4,1,2
SF,IC2005,2020-04-10 09:32:13.600,5208.2000,8992,0,109468560.000,0,-,-,-,-,5208.2000,5205.0000,5200.0000,5196.8000,5195.0000,5209.6000,5209.8000,5210.0000,5210.4000,5212.4000,14,1,4,5,1,1,1,2,1,2
SF,IC2005,2020-04-10 09:32:14.100,5208.2000,8992,0,109468560.000,0,-,-,-,-,5208.2000,5205.0000,5200.0000,5196.8000,5195.0000,5209.4000,5209.6000,5209.8000,5210.0000,5210.4000,14,1,4,5,1,1,1,1,2,1
SF,IC2005,2020-04-10 09:32:14.600,5208.2000,8990,-2,123009880.000,13,5,8,多平,S,5208.2000,5205.0000,5200.0000,5196.8000,5195.0000,5208.8000,5209.4000,5209.6000,5209.8000,5210.0000,1,1,4,5,1,1,1,1,1,2
SF,IC2005,2020-04-10 09:32:15.100,5208.2000,8990,0,123009880.000,0,-,-,-,-,5208.4000,5208.2000,5205.0000,5200.0000,5196.8000,5209.0000,5209.4000,5209.6000,5210.0000,5213.4000,1,1,1,4,5,2,1,1,2,1
SF,IC2005,2020-04-10 09:32:15.600,5208.2000,8990,0,123009880.000,0,-,-,-,-,5208.2000,5205.0000,5200.0000,5196.8000,5195.0000,5209.0000,5209.4000,5209.6000,5210.0000,5213.4000,1,1,4,5,1,2,1,1,2,1
SF,IC2005,2020-04-10 09:32:16.100,5208.2000,8990,0,124051520.000,1,0,1,多换,S,5205.0000,5200.0000,5196.8000,5195.0000,5191.0000,5207.8000,5208.0000,5208.2000,5208.4000,5208.6000,1,4,5,1,1,1,9,1,2,1
SF,IC2005,2020-04-10 09:32:16.600,5208.2000,8989,-1,126134720.000,2,0,2,多平,S,5205.6000,5205.4000,5205.2000,5205.0000,5200.0000,5208.2000,5208.4000,5208.8000,5209.0000,5209.4000,2,1,6,1,4,1,2,2,2,1
SF,IC2005,2020-04-10 09:32:17.100,5208.2000,8989,0,126134720.000,0,-,-,-,-,5205.8000,5205.6000,5205.4000,5205.2000,5205.0000,5208.4000,5208.8000,5209.0000,5209.4000,5214.2000,2,1,1,1,1,2,1,2,1,5
SF,IC2005,2020-04-10 09:32:17.600,5205.8000,8989,0,128217040.000,2,1,1,多换,S,5205.6000,5205.0000,5200.0000,5196.8000,5195.0000,5208.2000,5208.4000,5209.0000,5214.2000,5215.2000,1,1,4,5,1,2,2,2,5,1
SF,IC2005,2020-04-10 09:32:18.100,5205.8000,8989,0,128217040.000,0,-,-,-,-,5205.8000,5205.6000,5205.0000,5200.0000,5196.8000,5207.6000,5208.2000,5208.4000,5209.0000,5214.2000,1,1,1,4,5,1,2,2,2,5
SF,IC2005,2020-04-10 09:32:18.600,5205.8000,8989,0,128217040.000,0,-,-,-,-,5206.0000,5205.8000,5205.6000,5205.0000,5200.0000,5207.6000,5208.2000,5208.4000,5209.0000,5214.2000,1,1,1,1,4,1,2,2,2,5
SF,IC2005,2020-04-10 09:32:19.100,5205.8000,8989,0,128217040.000,0,-,-,-,-,5206.0000,5205.8000,5205.6000,5205.0000,5200.0000,5207.4000,5207.6000,5208.2000,5208.4000,5209.0000,1,1,1,1,4,1,1,2,2,2
SF,IC2005,2020-04-10 09:32:19.600,5205.8000,8989,0,128217040.000,0,-,-,-,-,5206.2000,5205.6000,5205.0000,5200.0000,5196.8000,5207.4000,5207.6000,5208.2000,5208.4000,5209.0000,2,1,1,4,5,1,1,2,2,2
SF,IC2005,2020-04-10 09:32:20.100,5206.0000,8988,-1,129258240.000,1,0,1,双平,S,5206.2000,5205.6000,5205.0000,5200.0000,5196.8000,5207.4000,5207.6000,5208.2000,5208.4000,5209.0000,1,1,1,4,5,1,1,2,2,2
SF,IC2005,2020-04-10 09:32:20.600,5206.0000,8988,0,129258240.000,0,-,-,-,-,5206.2000,5205.6000,5205.0000,5200.0000,5196.8000,5207.4000,5207.6000,5208.2000,5208.4000,5214.2000,1,1,1,4,5,1,1,2,2,5
SF,IC2005,2020-04-10 09:32:21.600,5206.0000,8988,0,129258240.000,0,-,-,-,-,5206.2000,5205.6000,5201.0000,5200.0000,5196.8000,5207.4000,5207.6000,5208.2000,5208.4000,5214.2000,1,1,1,4,5,1,1,2,2,5
SF,IC2005,2020-04-10 09:32:22.100,5206.0000,8988,0,129258240.000,0,-,-,-,-,5206.2000,5205.6000,5201.0000,5200.0000,5196.8000,5208.2000,5208.4000,5214.2000,5215.2000,5216.4000,1,1,1,4,5,2,1,5,1,1
SF,IC2005,2020-04-10 09:32:22.600,5206.0000,8988,0,129258240.000,0,-,-,-,-,5206.2000,5205.6000,5201.0000,5200.0000,5196.8000,5207.8000,5208.0000,5208.2000,5214.2000,5215.2000,1,1,1,4,5,2,2,3,5,1
SF,IC2005,2020-04-10 09:32:23.100,5206.0000,8988,0,129258240.000,0,-,-,-,-,5205.6000,5201.0000,5200.0000,5196.8000,5195.0000,5207.0000,5207.4000,5207.6000,5207.8000,5208.0000,1,1,4,5,1,2,1,1,2,2
SF,IC2005,2020-04-10 09:32:23.600,5206.0000,8988,0,129258240.000,0,-,-,-,-,5205.6000,5201.0000,5200.0000,5196.8000,5195.0000,5207.0000,5207.6000,5207.8000,5208.0000,5208.2000,1,1,4,5,1,1,1,2,2,2
SF,IC2005,2020-04-10 09:32:24.100,5206.0000,8988,0,129258240.000,0,-,-,-,-,5205.6000,5201.0000,5200.0000,5196.8000,5195.0000,5206.8000,5207.6000,5207.8000,5208.0000,5208.2000,1,1,4,5,1,2,1,2,1,1
SF,IC2005,2020-04-10 09:32:24.600,5206.8000,8987,-1,130299600.000,1,0,1,双平,S,5205.6000,5201.0000,5200.0000,5196.8000,5195.0000,5206.8000,5207.6000,5207.8000,5208.2000,5214.2000,1,1,4,5,1,1,1,2,1,5
SF,IC2005,2020-04-10 09:32:25.100,5206.8000,8986,-1,131340960.000,1,0,1,双平,S,5205.6000,5201.0000,5200.0000,5196.8000,5195.0000,5207.6000,5207.8000,5208.2000,5214.2000,5215.2000,1,1,4,5,1,1,2,1,5,1
SF,IC2005,2020-04-10 09:32:25.600,5206.8000,8986,0,131340960.000,0,-,-,-,-,5205.8000,5205.6000,5201.0000,5200.0000,5196.8000,5207.6000,5208.2000,5214.2000,5215.2000,5218.8000,1,1,1,4,5,1,1,5,1,1
SF,IC2005,2020-04-10 09:32:26.100,5206.8000,8986,0,131340960.000,0,-,-,-,-,5205.8000,5205.6000,5201.0000,5200.0000,5196.8000,5208.2000,5214.2000,5215.2000,5218.8000,5219.8000,1,1,1,4,5,1,5,1,1,3
SF,IC2005,2020-04-10 09:32:26.600,5206.8000,8986,0,131340960.000,0,-,-,-,-,5205.8000,5205.6000,5201.0000,5200.0000,5196.8000,5207.6000,5208.0000,5208.2000,5214.2000,5215.2000,1,1,1,4,5,1,2,1,5,1
SF,IC2005,2020-04-10 09:32:27.100,5206.8000,8986,0,131340960.000,0,-,-,-,-,5205.8000,5205.6000,5201.0000,5200.0000,5196.8000,5206.8000,5207.4000,5207.6000,5208.0000,5208.2000,1,1,1,4,5,2,2,1,1,1
SF,IC2005,2020-04-10 09:32:28.100,5206.8000,8986,0,131340960.000,0,-,-,-,-,5205.8000,5205.6000,5201.0000,5200.0000,5196.8000,5206.8000,5207.4000,5207.6000,5208.2000,5214.2000,1,1,1,4,5,2,2,1,1,5
SF,IC2005,2020-04-10 09:32:28.600,5206.8000,8985,-1,132382320.000,1,0,1,双平,S,5205.8000,5205.6000,5201.0000,5200.0000,5196.8000,5207.4000,5207.6000,5208.2000,5214.2000,5215.2000,1,1,1,4,5,2,1,1,5,1
SF,IC2005,2020-04-10 09:32:29.100,5207.4000,8984,-1,133423800.000,1,0,1,双平,S,5205.8000,5205.6000,5201.0000,5200.0000,5196.8000,5207.4000,5207.6000,5208.2000,5214.2000,5215.2000,1,1,1,4,5,1,1,1,5,1
SF,IC2005,2020-04-10 09:32:29.600,5207.4000,8984,0,133423800.000,0,-,-,-,-,5205.8000,5205.6000,5201.0000,5200.0000,5196.8000,5207.2000,5207.4000,5208.2000,5214.2000,5215.2000,1,1,1,4,5,1,1,1,5,1
SF,IC2005,2020-04-10 09:32:30.100,5207.4000,8984,0,133423800.000,0,-,-,-,-,5205.8000,5205.6000,5201.0000,5200.0000,5196.8000,5207.2000,5207.4000,5208.2000,5214.2000,5215.2000,1,1,1,4,5,1,1,1,5,1
SF,IC2005,2020-04-10 09:32:30.600,5207.4000,8984,0,133423800.000,0,-,-,-,-,5205.8000,5205.6000,5201.0000,5200.0000,5196.8000,5207.2000,5207.4000,5208.2000,5214.2000,5215.2000,1,1,1,4,5,1,1,1,5,1
SF,IC2005,2020-04-10 09:32:31.100,5207.4000,8984,0,133423800.000,0,-,-,-,-,5205.8000,5205.6000,5201.0000,5200.0000,5196.8000,5207.0000,5207.2000,5207.4000,5208.2000,5214.2000,1,1,1,4,5,1,1,1,1,5
SF,IC2005,2020-04-10 09:32:31.600,5207.4000,8984,0,133423800.000,0,-,-,-,-,5205.6000,5201.0000,5200.0000,5196.8000,5195.0000,5206.8000,5207.0000,5207.2000,5207.4000,5208.2000,1,1,4,5,1,1,1,1,1,1
SF,IC2005,2020-04-10 09:32:32.100,5207.4000,8984,0,133423800.000,0,-,-,-,-,5205.6000,5201.0000,5200.0000,5196.8000,5195.0000,5206.8000,5207.0000,5207.2000,5207.4000,5208.2000,1,1,4,5,1,1,1,1,1,1
SF,IC2005,2020-04-10 09:32:33.100,5207.4000,8984,0,133423800.000,0,-,-,-,-,5205.6000,5201.0000,5200.0000,5196.8000,5195.0000,5206.6000,5206.8000,5207.0000,5207.2000,5207.4000,1,1,4,5,1,1,1,1,1,1
SF,IC2005,2020-04-10 09:32:33.600,5207.4000,8984,0,133423800.000,0,-,-,-,-,5205.6000,5201.0000,5200.0000,5196.8000,5195.0000,5206.4000,5206.6000,5207.0000,5207.2000,5207.4000,1,1,4,5,1,1,1,1,1,3
SF,IC2005,2020-04-10 09:32:34.100,5207.0000,8983,-1,134465200.000,1,0,1,双平,S,5205.6000,5201.0000,5200.0000,5196.8000,5195.0000,5206.6000,5207.0000,5207.2000,5207.4000,5208.2000,1,1,4,5,1,1,1,1,3,1
SF,IC2005,2020-04-10 09:32:35.600,5205.6000,8983,0,136547440.000,2,1,1,多换,S,5201.0000,5200.0000,5196.8000,5195.0000,5192.8000,5205.4000,5205.6000,5205.8000,5206.4000,5206.6000,1,4,5,1,1,7,1,1,2,1
SF,IC2005,2020-04-10 09:32:36.100,5205.6000,8983,0,136547440.000,0,-,-,-,-,5203.6000,5203.4000,5202.6000,5202.4000,5201.8000,5205.2000,5205.6000,5205.8000,5206.4000,5207.4000,1,1,3,1,1,1,2,1,1,3
SF,IC2005,2020-04-10 09:32:36.600,5205.6000,8983,0,136547440.000,0,-,-,-,-,5203.8000,5203.6000,5203.4000,5202.6000,5201.8000,5206.4000,5207.4000,5208.2000,5214.2000,5215.2000,1,1,1,3,1,1,3,1,5,1
SF,IC2005,2020-04-10 09:32:37.100,5205.6000,8983,0,136547440.000,0,-,-,-,-,5203.8000,5203.6000,5203.4000,5202.6000,5201.8000,5206.2000,5206.4000,5207.4000,5208.2000,5214.2000,1,1,1,3,1,1,1,3,1,5
SF,IC2005,2020-04-10 09:32:37.600,5205.6000,8983,0,136547440.000,0,-,-,-,-,5203.8000,5203.6000,5203.4000,5202.6000,5201.8000,5206.2000,5206.4000,5207.4000,5208.2000,5214.2000,1,1,1,3,1,1,1,1,1,5
SF,IC2005,2020-04-10 09:32:38.100,5205.6000,8983,0,136547440.000,0,-,-,-,-,5203.8000,5203.4000,5202.6000,5201.8000,5201.2000,5206.2000,5206.4000,5207.4000,5208.2000,5214.2000,1,1,3,1,2,1,1,1,1,5
SF,IC2005,2020-04-10 09:32:38.600,5205.6000,8983,0,136547440.000,0,-,-,-,-,5203.8000,5203.4000,5202.6000,5201.8000,5201.2000,5206.2000,5206.4000,5207.4000,5208.2000,5214.2000,2,1,3,1,2,1,1,1,1,5
SF,IC2005,2020-04-10 09:32:39.100,5205.6000,8983,0,136547440.000,0,-,-,-,-,5205.6000,5204.0000,5203.8000,5203.4000,5202.6000,5206.2000,5206.4000,5207.4000,5208.2000,5214.2000,1,1,2,1,3,1,1,1,1,5
SF,IC2005,2020-04-10 09:32:39.600,5205.6000,8983,0,136547440.000,0,-,-,-,-,5205.6000,5204.0000,5203.8000,5203.4000,5202.6000,5206.2000,5206.4000,5208.2000,5214.2000,5215.2000,1,1,2,1,3,1,1,1,5,1
SF,IC2005,2020-04-10 09:32:40.100,5206.2000,8982,-1,137588680.000,1,0,1,双平,S,5205.6000,5204.0000,5203.8000,5203.4000,5202.6000,5206.4000,5208.2000,5214.2000,5215.2000,5218.8000,1,1,2,1,3,1,1,5,1,1
SF,IC2005,2020-04-10 09:32:40.600,5206.4000,8981,-1,138629960.000,1,0,1,双平,S,5205.6000,5203.8000,5203.4000,5202.6000,5201.8000,5208.2000,5214.2000,5215.2000,5218.8000,5219.8000,1,2,1,3,1,1,5,1,1,2
SF,IC2005,2020-04-10 09:32:41.100,5206.4000,8981,0,138629960.000,0,-,-,-,-,5205.8000,5205.6000,5203.8000,5203.4000,5202.6000,5207.4000,5207.6000,5208.0000,5208.2000,5214.2000,1,1,1,1,3,1,1,4,1,5
SF,IC2005,2020-04-10 09:32:41.600,5206.4000,8981,0,138629960.000,0,-,-,-,-,5205.8000,5205.6000,5203.8000,5203.4000,5202.6000,5207.2000,5207.6000,5208.0000,5208.2000,5214.2000,1,1,1,1,3,2,1,3,1,5
SF,IC2005,2020-04-10 09:32:42.100,5206.4000,8981,0,138629960.000,0,-,-,-,-,5205.8000,5205.6000,5203.8000,5203.4000,5202.6000,5207.2000,5207.6000,5208.0000,5208.2000,5214.2000,1,1,1,1,3,2,1,1,1,5
SF,IC2005,2020-04-10 09:32:42.600,5206.4000,8981,0,138629960.000,0,-,-,-,-,5205.8000,5205.6000,5203.8000,5203.4000,5202.6000,5207.2000,5207.6000,5208.2000,5214.2000,5215.2000,1,1,1,1,3,2,1,1,5,1
SF,IC2005,2020-04-10 09:32:45.600,5206.4000,8981,0,138629960.000,0,-,-,-,-,5205.8000,5205.6000,5203.8000,5203.4000,5202.6000,5207.2000,5208.2000,5214.2000,5215.2000,5217.6000,1,1,1,1,3,2,1,5,1,1
SF,IC2005,2020-04-10 09:32:46.100,5206.4000,8981,0,138629960.000,0,-,-,-,-,5205.8000,5205.6000,5203.8000,5203.4000,5202.6000,5207.2000,5208.2000,5214.2000,5215.2000,5217.6000,1,1,1,1,3,1,1,5,1,1
SF,IC2005,2020-04-10 09:32:47.600,5206.4000,8981,0,138629960.000,0,-,-,-,-,5205.8000,5205.6000,5203.8000,5203.4000,5202.6000,5207.2000,5208.2000,5214.2000,5215.2000,5217.6000,1,1,1,1,3,1,1,5,1,1
SF,IC2005,2020-04-10 09:32:49.100,5207.2000,8980,-1,139671400.000,1,0,1,双平,S,5205.8000,5205.6000,5203.8000,5203.4000,5202.6000,5208.2000,5214.2000,5215.2000,5217.6000,5218.8000,1,1,1,1,3,1,5,1,1,1
SF,IC2005,2020-04-10 09:32:49.600,5207.2000,8980,0,139671400.000,0,-,-,-,-,5206.0000,5205.8000,5205.6000,5203.8000,5203.4000,5208.2000,5214.2000,5215.2000,5217.6000,5218.8000,1,1,1,1,1,1,5,1,1,1
SF,IC2005,2020-04-10 09:32:50.100,5207.2000,8980,0,139671400.000,0,-,-,-,-,5206.4000,5206.2000,5206.0000,5205.8000,5205.6000,5208.2000,5214.2000,5215.2000,5217.6000,5218.8000,1,1,1,1,1,1,5,1,1,1
SF,IC2005,2020-04-10 09:32:50.600,5207.2000,8980,0,139671400.000,0,-,-,-,-,5206.6000,5206.4000,5206.0000,5205.8000,5205.6000,5208.2000,5214.2000,5215.2000,5217.6000,5218.8000,2,1,1,1,1,1,5,1,1,1
SF,IC2005,2020-04-10 09:32:51.100,5208.2000,8980,0,140713040.000,1,0,1,多换,S,5206.6000,5206.4000,5206.0000,5205.8000,5205.6000,5214.2000,5215.2000,5217.6000,5218.8000,5219.8000,2,1,1,1,1,5,1,1,1,2
SF,IC2005,2020-04-10 09:32:51.600,5208.2000,8980,0,140713040.000,0,-,-,-,-,5206.8000,5206.6000,5206.4000,5206.0000,5205.8000,5208.8000,5209.0000,5209.6000,5210.2000,5210.4000,1,2,1,1,1,1,1,3,1,1
SF,IC2005,2020-04-10 09:32:52.100,5208.2000,8980,0,140713040.000,0,-,-,-,-,5207.0000,5206.8000,5206.6000,5206.4000,5206.0000,5209.0000,5209.6000,5210.2000,5210.4000,5210.6000,1,1,1,1,1,1,2,1,1,1
SF,IC2005,2020-04-10 09:32:52.600,5208.2000,8980,0,140713040.000,0,-,-,-,-,5207.0000,5206.8000,5206.6000,5206.4000,5206.0000,5208.4000,5209.0000,5209.6000,5210.2000,5210.4000,1,1,1,1,1,2,1,2,1,1
SF,IC2005,2020-04-10 09:32:53.100,5208.2000,8980,0,140713040.000,0,-,-,-,-,5207.0000,5206.8000,5206.6000,5206.4000,5206.0000,5208.4000,5209.0000,5209.6000,5210.2000,5210.4000,1,1,2,1,1,2,1,2,1,1
SF,IC2005,2020-04-10 09:32:53.600,5208.4000,8978,-2,142796400.000,2,0,2,双平,S,5207.0000,5206.8000,5206.6000,5206.4000,5206.0000,5209.6000,5211.4000,5212.2000,5214.0000,5214.2000,1,1,2,1,1,2,1,1,4,6
SF,IC2005,2020-04-10 09:32:54.100,5208.4000,8978,0,142796400.000,0,-,-,-,-,5207.2000,5207.0000,5206.8000,5206.6000,5206.4000,5209.4000,5211.4000,5212.2000,5214.0000,5214.2000,1,1,1,2,1,1,1,1,3,6
SF,IC2005,2020-04-10 09:32:54.600,5209.4000,8977,-1,143838280.000,1,0,1,双平,S,5207.6000,5207.4000,5207.2000,5206.8000,5206.6000,5211.4000,5212.2000,5214.0000,5214.2000,5215.2000,1,1,1,1,2,1,1,3,6,1
SF,IC2005,2020-04-10 09:32:55.100,5209.4000,8977,0,143838280.000,0,-,-,-,-,5207.8000,5207.6000,5207.4000,5206.8000,5206.6000,5209.8000,5210.6000,5211.2000,5212.2000,5214.0000,2,1,1,1,2,1,1,2,1,3
SF,IC2005,2020-04-10 09:32:55.600,5209.8000,8976,-1,144880240.000,1,0,1,双平,S,5208.2000,5208.0000,5207.8000,5207.4000,5206.8000,5210.6000,5211.2000,5212.2000,5214.0000,5214.2000,1,2,1,1,1,1,1,1,2,6
SF,IC2005,2020-04-10 09:32:56.100,5209.8000,8976,0,144880240.000,0,-,-,-,-,5208.8000,5208.6000,5208.4000,5208.0000,5206.8000,5211.2000,5214.0000,5214.2000,5215.2000,5217.6000,1,1,1,2,1,1,2,1,1,1
SF,IC2005,2020-04-10 09:32:56.600,5209.8000,8976,0,144880240.000,0,-,-,-,-,5209.0000,5208.8000,5208.6000,5208.0000,5206.8000,5211.2000,5214.0000,5214.2000,5215.2000,5217.6000,1,1,1,2,1,1,2,1,1,1
SF,IC2005,2020-04-10 09:32:57.100,5209.8000,8976,0,144880240.000,0,-,-,-,-,5209.0000,5208.6000,5208.0000,5206.8000,5206.6000,5214.0000,5214.2000,5215.2000,5217.6000,5218.8000,2,1,1,1,2,1,1,1,1,1
SF,IC2005,2020-04-10 09:32:57.600,5209.8000,8976,0,144880240.000,0,-,-,-,-,5209.4000,5209.2000,5209.0000,5208.0000,5206.8000,5212.4000,5213.0000,5213.2000,5213.4000,5213.6000,1,2,2,1,1,1,2,5,5,1
SF,IC2005,2020-04-10 09:32:58.100,5209.8000,8976,0,144880240.000,0,-,-,-,-,5209.6000,5209.4000,5209.0000,5208.0000,5206.8000,5212.2000,5212.4000,5213.0000,5213.2000,5213.4000,2,1,1,1,1,1,1,2,5,5
SF,IC2005,2020-04-10 09:32:58.600,5209.8000,8976,0,144880240.000,0,-,-,-,-,5209.6000,5209.4000,5209.0000,5208.0000,5206.8000,5212.2000,5212.4000,5213.0000,5213.2000,5213.6000,2,1,1,1,1,1,1,2,5,1
SF,IC2005,2020-04-10 09:32:59.100,5209.8000,8976,0,144880240.000,0,-,-,-,-,5209.6000,5209.4000,5209.0000,5208.0000,5206.8000,5212.0000,5212.2000,5212.4000,5213.0000,5213.2000,1,1,1,1,1,2,2,1,2,5
SF,IC2005,2020-04-10 09:32:59.600,5209.8000,8976,0,144880240.000,0,-,-,-,-,5209.6000,5208.0000,5206.8000,5206.6000,5206.4000,5211.8000,5212.0000,5212.2000,5212.4000,5213.0000,1,1,1,1,1,1,2,1,1,2
SF,IC2005,2020-04-10 09:33:00.100,5209.8000,8976,0,144880240.000,0,-,-,-,-,5209.8000,5208.0000,5206.8000,5206.6000,5206.4000,5211.8000,5212.0000,5212.2000,5213.0000,5213.6000,1,1,1,1,1,1,2,1,2,1
SF,IC2005,2020-04-10 09:33:00.600,5209.8000,8976,0,144880240.000,0,-,-,-,-,5209.8000,5208.0000,5206.8000,5206.6000,5206.4000,5210.6000,5210.8000,5211.4000,5211.6000,5211.8000,1,1,1,1,1,1,1,2,1,1
SF,IC2005,2020-04-10 09:33:01.100,5210.6000,8975,-1,145922360.000,1,0,1,双平,S,5209.8000,5208.0000,5206.8000,5206.6000,5206.4000,5211.8000,5213.6000,5213.8000,5214.0000,5214.2000,1,1,1,1,1,1,1,1,1,1
SF,IC2005,2020-04-10 09:33:02.600,5210.6000,8975,0,145922360.000,0,-,-,-,-,5209.8000,5208.0000,5206.8000,5206.6000,5206.4000,5211.8000,5213.6000,5213.8000,5214.0000,5214.2000,1,1,1,1,1,1,1,1,1,1
SF,IC2005,2020-04-10 09:33:03.100,5210.6000,8975,0,145922360.000,0,-,-,-,-,5210.0000,5209.8000,5208.0000,5206.8000,5206.6000,5213.6000,5213.8000,5214.0000,5214.2000,5215.2000,1,1,1,1,1,1,1,1,1,1
SF,IC2005,2020-04-10 09:33:03.600,5210.6000,8975,0,145922360.000,0,-,-,-,-,5210.2000,5210.0000,5209.8000,5208.0000,5206.8000,5213.0000,5213.4000,5213.8000,5214.0000,5214.2000,2,1,1,1,1,3,2,1,1,1
SF,IC2005,2020-04-10 09:33:04.100,5210.6000,8975,0,145922360.000,0,-,-,-,-,5210.4000,5210.2000,5209.8000,5208.0000,5206.8000,5213.4000,5214.2000,5215.2000,5217.6000,5218.8000,1,3,1,1,1,1,1,1,1,1
SF,IC2005,2020-04-10 09:33:04.600,5210.6000,8975,0,145922360.000,0,-,-,-,-,5210.8000,5210.6000,5210.4000,5210.2000,5209.8000,5213.4000,5214.2000,5215.2000,5217.6000,5218.8000,1,2,1,2,1,1,1,1,1,1
SF,IC2005,2020-04-10 09:33:05.100,5210.6000,8975,0,145922360.000,0,-,-,-,-,5211.2000,5211.0000,5210.8000,5210.6000,5210.2000,5214.2000,5215.2000,5217.6000,5218.8000,5219.8000,1,4,1,1,1,1,1,1,1,2
SF,IC2005,2020-04-10 09:33:05.600,5210.6000,8975,0,145922360.000,0,-,-,-,-,5211.4000,5211.0000,5210.6000,5210.2000,5209.8000,5214.0000,5214.2000,5215.2000,5217.6000,5218.8000,2,2,1,1,1,1,1,1,1,1
SF,IC2005,2020-04-10 09:33:06.100,5210.6000,8975,0,145922360.000,0,-,-,-,-,5211.4000,5211.0000,5210.6000,5210.2000,5209.8000,5213.8000,5214.0000,5214.2000,5215.2000,5217.6000,2,1,1,1,1,2,2,1,1,1
SF,IC2005,2020-04-10 09:33:06.600,5210.6000,8975,0,145922360.000,0,-,-,-,-,5211.4000,5211.0000,5210.6000,5210.2000,5208.0000,5213.6000,5213.8000,5214.0000,5214.2000,5215.2000,2,1,1,1,1,1,2,1,1,1
SF,IC2005,2020-04-10 09:33:07.100,5210.6000,8975,0,145922360.000,0,-,-,-,-,5211.4000,5211.0000,5210.6000,5210.2000,5208.0000,5213.6000,5213.8000,5214.0000,5214.2000,5215.2000,1,1,1,1,1,1,2,1,1,1
SF,IC2005,2020-04-10 09:33:07.600,5210.6000,8975,0,145922360.000,0,-,-,-,-,5211.0000,5210.6000,5210.2000,5208.0000,5206.8000,5212.6000,5213.4000,5213.6000,5213.8000,5214.0000,1,1,1,1,1,1,2,1,2,1
SF,IC2005,2020-04-10 09:33:08.100,5210.6000,8975,0,145922360.000,0,-,-,-,-,5211.2000,5211.0000,5210.6000,5210.2000,5208.0000,5212.4000,5213.4000,5213.8000,5214.0000,5214.2000,1,1,1,1,1,1,2,2,1,1
SF,IC2005,2020-04-10 09:33:08.600,5210.6000,8975,0,145922360.000,0,-,-,-,-,5211.2000,5210.6000,5210.2000,5208.0000,5206.8000,5212.4000,5213.8000,5214.0000,5214.2000,5215.2000,1,1,1,1,1,1,2,1,1,1
SF,IC2005,2020-04-10 09:33:09.600,5210.6000,8975,0,145922360.000,0,-,-,-,-,5211.4000,5211.2000,5210.6000,5210.2000,5208.0000,5212.4000,5213.8000,5214.0000,5214.2000,5215.2000,1,1,1,1,1,1,2,1,1,1
SF,IC2005,2020-04-10 09:33:10.600,5210.6000,8975,0,145922360.000,0,-,-,-,-,5211.2000,5210.6000,5210.2000,5208.0000,5206.8000,5212.4000,5213.8000,5214.0000,5214.2000,5215.2000,1,1,1,1,1,1,2,1,1,1
SF,IC2005,2020-04-10 09:33:11.100,5210.6000,8975,0,145922360.000,0,-,-,-,-,5211.2000,5210.6000,5210.2000,5208.0000,5206.8000,5212.4000,5213.8000,5214.0000,5214.2000,5215.2000,1,1,1,1,1,1,2,1,1,1
SF,IC2005,2020-04-10 09:33:11.600,5210.6000,8975,0,145922360.000,0,-,-,-,-,5211.4000,5211.2000,5210.6000,5210.2000,5208.0000,5213.8000,5214.0000,5214.2000,5215.2000,5217.6000,1,1,1,1,1,2,1,1,1,1
SF,IC2005,2020-04-10 09:33:12.100,5210.6000,8975,0,145922360.000,0,-,-,-,-,5211.4000,5211.2000,5210.6000,5210.2000,5208.0000,5213.6000,5213.8000,5214.0000,5214.2000,5215.2000,1,1,1,1,1,1,2,1,1,1
SF,IC2005,2020-04-10 09:33:12.600,5210.6000,8975,0,145922360.000,0,-,-,-,-,5211.4000,5211.2000,5210.2000,5208.0000,5206.8000,5212.6000,5213.4000,5213.6000,5213.8000,5214.0000,1,1,1,1,1,1,1,1,2,1
SF,IC2005,2020-04-10 09:33:13.100,5211.4000,8974,-1,146964640.000,1,0,1,双平,S,5211.2000,5210.2000,5208.0000,5206.8000,5206.6000,5212.4000,5213.4000,5213.8000,5214.0000,5214.2000,1,1,1,1,1,1,1,2,1,1
SF,IC2005,2020-04-10 09:33:13.600,5211.2000,8973,-1,148006880.000,1,0,1,双平,S,5208.0000,5206.8000,5206.6000,5206.4000,5205.8000,5212.4000,5213.8000,5214.0000,5214.2000,5215.2000,1,1,1,1,1,1,2,1,1,1
SF,IC2005,2020-04-10 09:33:14.100,5211.2000,8973,0,148006880.000,0,-,-,-,-,5209.4000,5209.2000,5208.4000,5208.2000,5208.0000,5212.4000,5213.8000,5214.0000,5214.2000,5215.2000,1,1,1,3,1,1,2,1,1,1
SF,IC2005,2020-04-10 09:33:14.600,5211.2000,8973,0,148006880.000,0,-,-,-,-,5209.6000,5209.4000,5209.2000,5208.2000,5208.0000,5212.4000,5213.8000,5214.0000,5214.2000,5215.2000,1,1,1,1,1,1,2,1,1,1
SF,IC2005,2020-04-10 09:33:15.600,5211.2000,8973,0,148006880.000,0,-,-,-,-,5209.6000,5208.2000,5208.0000,5206.8000,5206.6000,5212.4000,5213.8000,5214.0000,5214.2000,5215.2000,1,1,1,1,1,1,2,1,1,1
SF,IC2005,2020-04-10 09:33:16.600,5211.2000,8973,0,148006880.000,0,-,-,-,-,5209.6000,5208.0000,5206.8000,5206.6000,5206.4000,5212.2000,5212.4000,5213.8000,5214.0000,5214.2000,1,1,1,1,1,1,1,2,1,1
SF,IC2005,2020-04-10 09:33:17.100,5211.2000,8973,0,148006880.000,0,-,-,-,-,5209.6000,5208.0000,5206.8000,5206.6000,5206.4000,5212.0000,5212.2000,5213.8000,5214.0000,5214.2000,1,1,1,1,1,1,2,2,1,1
SF,IC2005,2020-04-10 09:33:17.600,5211.2000,8973,0,148006880.000,0,-,-,-,-,5209.6000,5208.0000,5206.8000,5206.6000,5206.4000,5212.0000,5212.2000,5214.0000,5214.2000,5215.2000,1,1,1,1,1,1,2,1,1,1
SF,IC2005,2020-04-10 09:33:18.100,5211.2000,8973,0,148006880.000,0,-,-,-,-,5209.6000,5208.0000,5206.8000,5206.6000,5206.4000,5210.8000,5211.4000,5211.6000,5211.8000,5212.0000,1,1,1,1,1,1,2,2,4,1
SF,IC2005,2020-04-10 09:33:18.600,5211.2000,8973,0,148006880.000,0,-,-,-,-,5208.0000,5206.8000,5206.6000,5206.4000,5205.8000,5211.4000,5211.8000,5212.0000,5212.2000,5214.0000,1,1,1,1,1,2,1,1,1,1
SF,IC2005,2020-04-10 09:33:19.100,5211.2000,8973,0,148006880.000,0,-,-,-,-,5208.2000,5208.0000,5206.8000,5206.6000,5206.4000,5211.2000,5211.4000,5211.8000,5212.2000,5214.0000,2,3,1,1,1,1,2,1,1,1
SF,IC2005,2020-04-10 09:33:19.600,5211.2000,8973,0,148006880.000,0,-,-,-,-,5208.4000,5208.2000,5208.0000,5206.8000,5206.6000,5211.2000,5212.2000,5214.0000,5214.2000,5215.2000,1,2,3,1,1,1,1,1,1,1
SF,IC2005,2020-04-10 09:33:20.100,5211.2000,8973,0,148006880.000,0,-,-,-,-,5208.6000,5208.4000,5208.2000,5208.0000,5206.8000,5211.0000,5214.0000,5214.2000,5215.2000,5218.8000,1,1,1,3,1,1,1,1,1,1
SF,IC2005,2020-04-10 09:33:20.600,5211.2000,8973,0,148006880.000,0,-,-,-,-,5208.6000,5208.2000,5208.0000,5206.8000,5206.6000,5214.0000,5214.2000,5215.2000,5218.8000,5219.8000,2,1,2,1,1,1,1,1,1,2
SF,IC2005,2020-04-10 09:33:21.100,5211.2000,8973,0,148006880.000,0,-,-,-,-,5208.8000,5208.6000,5208.2000,5208.0000,5206.8000,5211.2000,5211.8000,5212.0000,5212.2000,5212.6000,1,2,1,2,1,1,2,5,2,1
SF,IC2005,2020-04-10 09:33:21.600,5211.2000,8973,0,148006880.000,0,-,-,-,-,5209.0000,5208.8000,5208.6000,5208.2000,5208.0000,5211.0000,5211.8000,5212.0000,5212.2000,5213.2000,1,1,1,1,2,1,2,5,2,2
SF,IC2005,2020-04-10 09:33:23.100,5211.2000,8973,0,148006880.000,0,-,-,-,-,5209.0000,5208.8000,5208.6000,5208.2000,5208.0000,5211.0000,5211.8000,5212.2000,5213.2000,5213.4000,1,1,1,1,2,1,2,2,2,1
SF,IC2005,2020-04-10 09:33:23.600,5211.0000,8972,-1,149049080.000,1,0,1,双平,S,5211.0000,5209.0000,5208.8000,5208.6000,5208.2000,5211.8000,5212.2000,5213.2000,5213.4000,5213.8000,1,1,1,1,1,2,2,2,1,3
SF,IC2005,2020-04-10 09:33:24.100,5211.0000,8971,-1,150091280.000,1,0,1,双平,S,5209.0000,5208.8000,5208.6000,5208.2000,5208.0000,5213.2000,5213.8000,5214.0000,5214.2000,5215.2000,1,1,1,1,2,1,2,1,1,1
SF,IC2005,2020-04-10 09:33:24.600,5211.0000,8971,0,150091280.000,0,-,-,-,-,5209.2000,5209.0000,5208.6000,5208.2000,5208.0000,5212.6000,5213.0000,5213.2000,5213.8000,5214.0000,1,1,1,1,2,7,1,1,1,1
SF,IC2005,2020-04-10 09:33:25.100,5211.0000,8971,0,150091280.000,0,-,-,-,-,5209.4000,5209.2000,5208.6000,5208.2000,5208.0000,5212.4000,5212.6000,5213.0000,5213.2000,5213.8000,1,1,1,1,2,1,2,1,1,1
SF,IC2005,2020-04-10 09:33:25.600,5211.0000,8971,0,150091280.000,0,-,-,-,-,5210.0000,5209.6000,5209.4000,5208.2000,5208.0000,5212.4000,5213.8000,5214.0000,5214.2000,5215.2000,1,1,2,1,2,1,1,1,1,1
SF,IC2005,2020-04-10 09:33:26.100,5211.0000,8971,0,150091280.000,0,-,-,-,-,5210.2000,5210.0000,5209.6000,5209.4000,5208.2000,5212.4000,5213.8000,5214.0000,5214.2000,5215.2000,1,1,1,1,1,1,1,1,1,1
SF,IC2005,2020-04-10 09:33:26.600,5211.0000,8971,0,150091280.000,0,-,-,-,-,5210.2000,5210.0000,5209.6000,5209.4000,5208.2000,5213.8000,5214.0000,5214.2000,5215.2000,5218.8000,1,1,1,1,1,1,1,1,1,1
SF,IC2005,2020-04-10 09:33:27.100,5211.0000,8971,0,150091280.000,0,-,-,-,-,5210.4000,5210.2000,5210.0000,5209.4000,5208.0000,5213.2000,5213.4000,5213.8000,5214.0000,5214.2000,1,1,1,1,2,2,1,1,1,1
SF,IC2005,2020-04-10 09:33:27.600,5211.0000,8971,0,150091280.000,0,-,-,-,-,5210.6000,5210.4000,5210.0000,5209.4000,5208.0000,5213.2000,5213.8000,5214.0000,5214.2000,5215.2000,1,1,1,1,2,2,1,1,1,1
SF,IC2005,2020-04-10 09:33:28.100,5211.0000,8971,0,150091280.000,0,-,-,-,-,5210.8000,5210.6000,5210.0000,5209.4000,5208.0000,5213.0000,5213.2000,5213.8000,5214.0000,5214.2000,1,1,1,1,2,2,2,1,1,1
SF,IC2005,2020-04-10 09:33:28.600,5211.0000,8971,0,150091280.000,0,-,-,-,-,5210.8000,5210.6000,5209.4000,5208.0000,5206.8000,5213.0000,5213.2000,5213.8000,5214.0000,5214.2000,1,1,1,2,1,2,2,1,1,1
SF,IC2005,2020-04-10 09:33:30.100,5211.0000,8971,0,150091280.000,0,-,-,-,-,5210.8000,5210.6000,5209.4000,5208.0000,5206.8000,5212.6000,5212.8000,5213.0000,5213.2000,5213.8000,1,1,1,2,1,2,2,2,2,1
SF,IC2005,2020-04-10 09:33:30.600,5210.6000,8970,-1,152175560.000,2,0,2,多平,S,5209.4000,5208.0000,5206.8000,5206.4000,5205.8000,5213.0000,5213.2000,5213.8000,5214.0000,5214.2000,1,2,1,1,1,2,2,1,1,1
SF,IC2005,2020-04-10 09:33:31.100,5210.6000,8970,0,152175560.000,0,-,-,-,-,5209.6000,5209.4000,5208.0000,5206.8000,5206.4000,5212.8000,5213.0000,5213.2000,5213.8000,5214.0000,1,1,2,1,1,3,2,2,1,1
SF,IC2005,2020-04-10 09:33:31.600,5210.6000,8970,0,152175560.000,0,-,-,-,-,5209.6000,5208.0000,5206.8000,5206.4000,5205.8000,5212.0000,5212.2000,5212.4000,5212.6000,5212.8000,1,4,1,1,1,5,2,1,2,3
SF,IC2005,2020-04-10 09:33:32.100,5210.6000,8970,0,152175560.000,0,-,-,-,-,5209.6000,5208.0000,5206.8000,5206.4000,5205.8000,5211.8000,5212.0000,5212.2000,5212.4000,5212.6000,1,4,1,1,1,3,5,2,1,2
SF,IC2005,2020-04-10 09:33:32.600,5210.6000,8970,0,152175560.000,0,-,-,-,-,5209.6000,5208.0000,5206.8000,5206.4000,5205.8000,5211.8000,5212.0000,5212.2000,5212.6000,5212.8000,1,4,1,1,1,3,5,2,2,2
SF,IC2005,2020-04-10 09:33:33.100,5210.6000,8970,0,152175560.000,0,-,-,-,-,5209.6000,5208.0000,5206.8000,5206.4000,5205.8000,5211.8000,5212.2000,5212.6000,5212.8000,5213.0000,1,4,1,1,1,3,2,2,2,2
SF,IC2005,2020-04-10 09:33:33.600,5210.6000,8970,0,152175560.000,0,-,-,-,-,5209.6000,5208.0000,5206.8000,5206.4000,5205.8000,5211.8000,5212.6000,5212.8000,5213.0000,5213.8000,1,4,1,1,1,1,1,1,1,1
SF,IC2005,2020-04-10 09:33:35.100,5210.6000,8970,0,152175560.000,0,-,-,-,-,5209.6000,5208.6000,5208.0000,5206.8000,5206.4000,5211.8000,5212.6000,5212.8000,5213.0000,5213.8000,1,1,4,1,1,1,1,1,1,1
SF,IC2005,2020-04-10 09:33:38.600,5210.6000,8970,0,152175560.000,0,-,-,-,-,5209.8000,5209.6000,5208.6000,5208.0000,5206.8000,5211.8000,5212.6000,5212.8000,5213.0000,5213.8000,1,1,1,4,1,1,1,1,1,1
SF,IC2005,2020-04-10 09:33:39.100,5210.6000,8970,0,152175560.000,0,-,-,-,-,5210.0000,5209.8000,5208.6000,5208.0000,5206.8000,5211.8000,5212.8000,5213.0000,5213.8000,5214.0000,1,1,1,4,1,1,1,1,1,1
SF,IC2005,2020-04-10 09:33:39.600,5210.6000,8970,0,152175560.000,0,-,-,-,-,5210.0000,5209.8000,5208.6000,5208.0000,5206.8000,5212.8000,5213.0000,5213.8000,5214.0000,5214.2000,1,1,1,4,1,1,1,1,1,1
SF,IC2005,2020-04-10 09:33:40.100,5210.6000,8970,0,152175560.000,0,-,-,-,-,5210.0000,5209.8000,5208.6000,5208.0000,5206.8000,5212.2000,5212.6000,5212.8000,5213.0000,5213.8000,1,1,1,4,1,1,1,1,1,1
SF,IC2005,2020-04-10 09:33:40.600,5210.6000,8970,0,152175560.000,0,-,-,-,-,5210.0000,5209.8000,5208.6000,5208.0000,5206.8000,5212.0000,5212.8000,5213.0000,5213.8000,5214.0000,1,1,1,4,1,2,1,1,1,1
SF,IC2005,2020-04-10 09:33:43.100,5210.6000,8970,0,152175560.000,0,-,-,-,-,5210.0000,5209.8000,5208.6000,5208.0000,5206.8000,5211.8000,5212.0000,5212.8000,5213.0000,5213.8000,1,1,1,4,1,1,2,1,1,1
SF,IC2005,2020-04-10 09:33:43.600,5210.6000,8970,0,152175560.000,0,-,-,-,-,5210.0000,5209.8000,5208.6000,5208.0000,5206.8000,5211.4000,5211.6000,5211.8000,5212.8000,5213.0000,1,1,1,4,1,1,1,1,1,1
SF,IC2005,2020-04-10 09:33:45.600,5210.6000,8970,0,152175560.000,0,-,-,-,-,5210.0000,5209.8000,5208.6000,5208.0000,5206.8000,5211.4000,5211.6000,5212.8000,5213.0000,5213.8000,1,1,1,4,1,1,1,1,1,1
SF,IC2005,2020-04-10 09:33:46.100,5211.4000,8969,-1,153217840.000,1,0,1,双平,S,5210.0000,5209.8000,5208.6000,5208.0000,5206.8000,5211.6000,5212.8000,5213.0000,5213.8000,5214.0000,1,1,1,4,1,1,1,1,1,1
SF,IC2005,2020-04-10 09:33:46.600,5211.4000,8969,0,153217840.000,0,-,-,-,-,5210.2000,5210.0000,5209.8000,5208.6000,5208.0000,5211.6000,5212.8000,5213.0000,5213.8000,5214.0000,1,1,1,1,4,1,1,1,1,1
SF,IC2005,2020-04-10 09:33:47.100,5211.6000,8968,-1,154260160.000,1,0,1,双平,S,5210.2000,5210.0000,5209.8000,5208.6000,5208.0000,5212.8000,5213.0000,5213.8000,5214.0000,5214.2000,1,1,1,1,4,1,1,1,1,1
SF,IC2005,2020-04-10 09:33:47.600,5211.6000,8968,0,154260160.000,0,-,-,-,-,5210.4000,5210.2000,5209.8000,5208.6000,5208.0000,5211.6000,5212.2000,5212.4000,5212.6000,5212.8000,1,1,1,1,4,1,2,6,2,1
SF,IC2005,2020-04-10 09:33:48.100,5211.6000,8968,0,154260160.000,0,-,-,-,-,5210.4000,5210.2000,5209.8000,5208.6000,5208.0000,5211.6000,5212.2000,5212.4000,5212.6000,5212.8000,1,1,1,1,4,1,2,5,2,1
SF,IC2005,2020-04-10 09:33:48.600,5211.6000,8968,0,154260160.000,0,-,-,-,-,5210.4000,5209.8000,5208.6000,5208.0000,5206.8000,5211.4000,5212.2000,5212.4000,5212.6000,5212.8000,1,1,1,4,1,1,2,5,2,1
SF,IC2005,2020-04-10 09:33:49.100,5210.4000,8967,-1,155302240.000,1,0,1,双平,S,5209.8000,5208.6000,5208.0000,5206.8000,5206.4000,5211.4000,5212.2000,5212.4000,5212.6000,5212.8000,1,1,4,1,1,1,2,5,2,1
SF,IC2005,2020-04-10 09:33:49.600,5209.8000,8966,-1,156344200.000,1,0,1,双平,S,5208.6000,5208.0000,5206.8000,5206.4000,5205.8000,5211.2000,5211.4000,5212.2000,5212.4000,5212.6000,1,4,1,1,1,2,1,2,5,2
SF,IC2005,2020-04-10 09:33:50.100,5209.8000,8966,0,156344200.000,0,-,-,-,-,5208.8000,5208.6000,5208.0000,5206.8000,5206.4000,5210.4000,5211.0000,5211.2000,5212.2000,5212.6000,1,1,3,1,1,1,1,2,2,2
SF,IC2005,2020-04-10 09:33:50.600,5209.8000,8966,0,156344200.000,0,-,-,-,-,5208.8000,5208.6000,5208.0000,5206.8000,5206.4000,5210.2000,5211.0000,5211.2000,5212.2000,5212.6000,1,1,3,1,1,1,1,1,2,2
SF,IC2005,2020-04-10 09:33:51.100,5209.8000,8966,0,156344200.000,0,-,-,-,-,5208.8000,5208.6000,5208.0000,5206.8000,5206.4000,5210.2000,5211.0000,5211.2000,5212.2000,5212.6000,1,1,3,1,1,1,1,1,2,1
SF,IC2005,2020-04-10 09:33:51.600,5210.2000,8966,0,157386240.000,1,0,1,多换,S,5209.0000,5208.8000,5208.6000,5208.0000,5206.8000,5211.0000,5211.2000,5212.2000,5212.6000,5213.0000,1,1,1,3,1,1,1,2,1,1
SF,IC2005,2020-04-10 09:33:52.100,5210.2000,8966,0,157386240.000,0,-,-,-,-,5209.2000,5209.0000,5208.6000,5208.0000,5206.8000,5210.8000,5212.2000,5212.6000,5213.0000,5214.0000,1,1,1,3,1,1,2,1,1,1
SF,IC2005,2020-04-10 09:33:52.600,5210.2000,8966,0,157386240.000,0,-,-,-,-,5209.4000,5209.2000,5209.0000,5208.6000,5208.0000,5210.8000,5212.2000,5212.6000,5213.0000,5214.0000,1,1,1,1,3,1,2,1,1,1
SF,IC2005,2020-04-10 09:33:53.600,5210.2000,8966,0,157386240.000,0,-,-,-,-,5209.4000,5209.2000,5209.0000,5208.6000,5208.0000,5210.6000,5210.8000,5212.2000,5212.6000,5213.0000,1,1,1,1,3,1,1,2,1,1
SF,IC2005,2020-04-10 09:33:54.600,5210.2000,8966,0,157386240.000,0,-,-,-,-,5209.4000,5209.2000,5208.6000,5208.0000,5206.8000,5210.6000,5210.8000,5212.2000,5212.6000,5213.0000,1,1,1,3,1,1,1,2,1,1
SF,IC2005,2020-04-10 09:33:55.100,5209.2000,8965,-1,158428080.000,1,0,1,双平,S,5208.6000,5208.0000,5206.8000,5206.4000,5205.8000,5209.2000,5209.4000,5209.8000,5210.0000,5210.4000,1,3,1,1,1,5,1,1,2,2
SF,IC2005,2020-04-10 09:33:55.600,5209.2000,8965,0,158428080.000,0,-,-,-,-,5208.6000,5208.0000,5206.8000,5206.4000,5205.8000,5209.4000,5210.0000,5210.4000,5210.6000,5210.8000,1,3,1,1,1,1,2,1,1,1
SF,IC2005,2020-04-10 09:33:56.100,5209.2000,8965,0,158428080.000,0,-,-,-,-,5208.8000,5208.6000,5208.0000,5206.8000,5206.4000,5210.0000,5210.6000,5210.8000,5213.0000,5214.0000,1,1,3,1,1,2,1,1,1,1
SF,IC2005,2020-04-10 09:33:56.600,5210.0000,8966,1,160512080.000,2,1,1,空开,S,5208.8000,5208.6000,5208.0000,5206.8000,5206.4000,5210.6000,5210.8000,5213.0000,5214.0000,5214.2000,1,1,3,1,1,1,1,1,1,1
SF,IC2005,2020-04-10 09:33:57.100,5208.6000,8966,0,161553800.000,1,0,1,多换,S,5208.0000,5206.8000,5206.4000,5205.8000,5205.6000,5209.6000,5210.2000,5210.4000,5210.6000,5213.0000,3,1,1,1,1,1,2,3,1,1
SF,IC2005,2020-04-10 09:33:57.600,5209.6000,8965,-1,162595720.000,1,0,1,双平,S,5208.2000,5208.0000,5206.8000,5206.4000,5205.8000,5209.4000,5210.2000,5210.4000,5210.6000,5214.0000,1,4,1,1,1,1,2,2,1,1
SF,IC2005,2020-04-10 09:33:58.100,5209.4000,8964,-1,163637600.000,1,0,1,双平,S,5208.2000,5208.0000,5206.8000,5206.4000,5205.8000,5210.2000,5210.4000,5210.6000,5214.0000,5214.2000,1,4,1,1,1,2,2,1,1,1
SF,IC2005,2020-04-10 09:33:58.600,5209.4000,8964,0,163637600.000,0,-,-,-,-,5208.2000,5208.0000,5206.8000,5206.4000,5205.8000,5210.0000,5210.2000,5210.4000,5210.6000,5214.0000,1,3,1,1,1,3,2,2,1,1
SF,IC2005,2020-04-10 09:33:59.100,5209.4000,8964,0,163637600.000,0,-,-,-,-,5208.2000,5208.0000,5206.8000,5206.4000,5205.8000,5210.0000,5210.2000,5210.4000,5210.6000,5214.0000,2,3,1,1,1,1,2,2,1,1
SF,IC2005,2020-04-10 09:33:59.600,5209.4000,8964,0,163637600.000,0,-,-,-,-,5208.2000,5208.0000,5206.8000,5206.4000,5205.8000,5209.8000,5210.0000,5210.2000,5210.4000,5210.6000,1,3,1,1,1,1,1,2,2,1
SF,IC2005,2020-04-10 09:34:00.100,5209.4000,8964,0,163637600.000,0,-,-,-,-,5208.2000,5208.0000,5206.8000,5206.4000,5205.8000,5209.6000,5209.8000,5210.2000,5210.4000,5210.6000,1,3,1,1,1,1,1,2,1,1
SF,IC2005,2020-04-10 09:34:00.600,5208.2000,8963,-1,164679240.000,1,0,1,双平,S,5208.0000,5206.8000,5206.4000,5205.8000,5205.6000,5209.6000,5209.8000,5210.2000,5210.4000,5210.6000,3,1,1,1,1,1,1,2,1,1
SF,IC2005,2020-04-10 09:34:01.100,5208.0000,8963,0,167804040.000,3,1,2,多换,S,5206.8000,5206.4000,5205.8000,5205.6000,5203.4000,5209.6000,5209.8000,5210.2000,5210.4000,5210.6000,1,1,1,1,1,1,1,2,1,1
SF,IC2005,2020-04-10 09:34:01.600,5208.0000,8963,0,167804040.000,0,-,-,-,-,5207.0000,5206.8000,5206.4000,5205.8000,5205.6000,5209.4000,5209.6000,5209.8000,5210.2000,5210.4000,1,1,1,1,1,1,1,1,2,1
SF,IC2005,2020-04-10 09:34:02.100,5208.0000,8963,0,167804040.000,0,-,-,-,-,5207.0000,5206.8000,5206.4000,5205.8000,5205.6000,5209.0000,5209.2000,5209.4000,5209.6000,5209.8000,1,1,1,1,1,3,2,1,1,1
SF,IC2005,2020-04-10 09:34:02.600,5208.0000,8963,0,167804040.000,0,-,-,-,-,5206.8000,5206.4000,5205.8000,5205.6000,5203.4000,5208.4000,5208.6000,5208.8000,5209.0000,5209.4000,1,1,1,1,1,1,2,3,3,1
SF,IC2005,2020-04-10 09:34:03.100,5208.0000,8963,0,167804040.000,0,-,-,-,-,5206.8000,5206.4000,5205.8000,5205.6000,5203.4000,5208.2000,5208.4000,5208.6000,5208.8000,5209.0000,1,1,1,1,1,1,1,2,2,3
SF,IC2005,2020-04-10 09:34:03.600,5206.8000,8963,0,168845400.000,1,0,1,多换,S,5206.4000,5205.8000,5205.6000,5203.4000,5202.6000,5208.2000,5208.4000,5208.6000,5208.8000,5209.0000,1,1,1,1,2,1,1,2,2,3
SF,IC2005,2020-04-10 09:34:04.100,5206.8000,8963,0,168845400.000,0,-,-,-,-,5206.6000,5206.4000,5205.8000,5205.6000,5203.4000,5208.2000,5208.4000,5208.6000,5208.8000,5209.0000,1,1,1,1,1,1,1,2,2,3
SF,IC2005,2020-04-10 09:34:04.600,5206.8000,8963,0,168845400.000,0,-,-,-,-,5206.6000,5206.4000,5205.8000,5205.6000,5203.4000,5208.0000,5208.2000,5208.4000,5208.6000,5208.8000,1,1,1,1,1,1,1,1,2,2
SF,IC2005,2020-04-10 09:34:05.600,5206.8000,8963,0,168845400.000,0,-,-,-,-,5207.2000,5206.6000,5206.4000,5205.8000,5205.6000,5208.0000,5208.2000,5208.4000,5208.6000,5208.8000,1,1,1,1,1,1,1,1,2,2
SF,IC2005,2020-04-10 09:34:06.100,5207.2000,8962,-1,169886840.000,1,0,1,双平,S,5206.6000,5206.4000,5205.8000,5205.6000,5205.0000,5207.0000,5207.2000,5208.0000,5208.2000,5208.4000,1,1,1,1,1,6,3,1,1,1
SF,IC2005,2020-04-10 09:34:06.600,5206.6000,8961,-1,170928160.000,1,0,1,双平,S,5207.0000,5206.4000,5205.8000,5205.6000,5205.0000,5207.2000,5208.2000,5208.4000,5208.6000,5208.8000,1,1,1,1,1,4,1,1,2,2
SF,IC2005,2020-04-10 09:34:07.100,5207.0000,8961,0,171969560.000,1,0,1,多换,S,5206.4000,5205.8000,5205.6000,5205.0000,5203.4000,5207.0000,5207.2000,5208.2000,5208.4000,5208.6000,1,1,1,1,1,1,2,1,1,2
SF,IC2005,2020-04-10 09:34:07.600,5207.0000,8961,0,171969560.000,0,-,-,-,-,5206.4000,5205.8000,5205.6000,5205.0000,5203.4000,5207.0000,5207.2000,5208.2000,5208.4000,5208.6000,1,1,1,1,1,2,2,1,1,2
SF,IC2005,2020-04-10 09:34:08.100,5207.2000,8960,-1,176135240.000,4,1,3,多平,S,5207.0000,5206.4000,5205.8000,5205.6000,5205.0000,5208.2000,5208.6000,5208.8000,5209.4000,5209.6000,3,1,1,1,1,1,2,1,1,1
SF,IC2005,2020-04-10 09:34:08.600,5207.2000,8960,0,176135240.000,0,-,-,-,-,5206.4000,5205.8000,5205.6000,5205.0000,5203.4000,5208.2000,5208.6000,5208.8000,5209.4000,5209.6000,1,1,1,1,1,1,2,1,1,1
SF,IC2005,2020-04-10 09:34:09.100,5207.2000,8960,0,176135240.000,0,-,-,-,-,5206.6000,5206.4000,5205.8000,5205.6000,5205.0000,5208.2000,5208.6000,5208.8000,5209.4000,5214.0000,1,1,1,1,1,1,2,1,1,1
SF,IC2005,2020-04-10 09:34:10.600,5207.2000,8960,0,176135240.000,0,-,-,-,-,5206.6000,5206.4000,5205.8000,5205.6000,5205.0000,5208.0000,5208.2000,5208.6000,5208.8000,5209.4000,1,1,1,1,1,2,1,2,1,1
SF,IC2005,2020-04-10 09:34:11.100,5207.2000,8960,0,176135240.000,0,-,-,-,-,5206.4000,5205.8000,5205.6000,5205.0000,5203.4000,5207.8000,5208.0000,5208.6000,5208.8000,5209.4000,1,1,1,1,1,2,1,2,1,1
SF,IC2005,2020-04-10 09:34:11.600,5206.4000,8959,-1,177176520.000,1,0,1,双平,S,5207.0000,5205.8000,5205.6000,5205.0000,5203.4000,5207.8000,5208.0000,5208.8000,5209.4000,5214.0000,1,1,1,1,1,2,1,1,1,1
SF,IC2005,2020-04-10 09:34:12.100,5207.0000,8959,0,178217920.000,1,0,1,多换,S,5205.8000,5205.6000,5205.0000,5203.4000,5202.6000,5206.8000,5207.0000,5207.4000,5207.6000,5207.8000,1,1,1,1,2,7,3,2,2,2
SF,IC2005,2020-04-10 09:34:12.600,5205.8000,8959,0,179259080.000,1,0,1,多换,S,5205.6000,5205.0000,5203.4000,5202.6000,5201.8000,5206.6000,5206.8000,5207.0000,5207.4000,5207.6000,1,1,1,2,1,2,6,3,2,2
SF,IC2005,2020-04-10 09:34:13.100,5205.6000,8958,-1,180300200.000,1,0,1,双平,S,5205.0000,5203.4000,5202.6000,5201.8000,5201.2000,5206.4000,5206.6000,5206.8000,5207.0000,5207.4000,1,1,2,1,3,1,2,6,2,2
SF,IC2005,2020-04-10 09:34:13.600,5205.6000,8958,0,180300200.000,0,-,-,-,-,5205.0000,5203.4000,5202.6000,5201.8000,5201.2000,5206.2000,5206.4000,5206.6000,5206.8000,5207.0000,1,1,2,1,3,1,1,2,6,2
SF,IC2005,2020-04-10 09:34:14.100,5205.0000,8957,-1,181341200.000,1,0,1,双平,S,5203.4000,5202.6000,5201.8000,5201.2000,5201.0000,5206.0000,5206.2000,5206.6000,5206.8000,5207.0000,1,2,1,3,1,1,1,2,6,2
SF,IC2005,2020-04-10 09:34:14.600,5205.0000,8957,0,181341200.000,0,-,-,-,-,5203.8000,5203.6000,5203.4000,5202.6000,5201.8000,5205.8000,5206.0000,5206.2000,5206.6000,5206.8000,1,1,1,2,1,2,1,1,2,6
SF,IC2005,2020-04-10 09:34:15.100,5205.0000,8957,0,181341200.000,0,-,-,-,-,5203.6000,5203.4000,5202.6000,5201.8000,5201.2000,5205.6000,5205.8000,5206.2000,5206.6000,5206.8000,1,1,2,1,3,1,1,1,2,6
SF,IC2005,2020-04-10 09:34:15.600,5205.6000,8957,0,182382320.000,1,0,1,多换,S,5203.6000,5202.6000,5201.8000,5201.2000,5201.0000,5205.8000,5206.2000,5206.6000,5207.0000,5207.4000,1,2,1,3,1,1,1,2,2,2
SF,IC2005,2020-04-10 09:34:16.100,5205.6000,8957,0,182382320.000,0,-,-,-,-,5203.6000,5202.6000,5201.8000,5201.2000,5201.0000,5205.6000,5205.8000,5206.2000,5206.6000,5207.0000,1,2,1,3,1,1,1,1,2,2
SF,IC2005,2020-04-10 09:34:16.600,5205.6000,8957,0,182382320.000,0,-,-,-,-,5203.6000,5202.6000,5201.8000,5201.2000,5201.0000,5205.4000,5205.6000,5205.8000,5206.2000,5206.6000,1,2,1,3,1,1,1,1,1,2
SF,IC2005,2020-04-10 09:34:17.100,5203.6000,8958,1,184464040.000,2,1,1,空开,S,5202.6000,5201.8000,5201.2000,5201.0000,5200.2000,5205.2000,5205.4000,5205.8000,5206.2000,5206.6000,2,1,3,1,1,1,2,1,1,2
SF,IC2005,2020-04-10 09:34:17.600,5203.6000,8958,0,184464040.000,0,-,-,-,-,5202.8000,5202.6000,5201.2000,5201.0000,5200.2000,5205.0000,5205.2000,5205.4000,5205.8000,5206.2000,1,2,3,1,1,1,1,1,1,1
SF,IC2005,2020-04-10 09:34:18.600,5203.6000,8958,0,184464040.000,0,-,-,-,-,5202.8000,5202.6000,5201.2000,5201.0000,5200.2000,5205.0000,5205.2000,5205.4000,5205.8000,5206.2000,2,2,3,1,1,1,1,1,1,1
SF,IC2005,2020-04-10 09:34:19.100,5203.6000,8958,0,184464040.000,0,-,-,-,-,5202.8000,5202.6000,5201.2000,5201.0000,5200.2000,5205.0000,5205.4000,5205.8000,5207.4000,5208.0000,2,2,3,1,1,1,1,1,1,1
SF,IC2005,2020-04-10 09:34:19.600,5203.6000,8958,0,184464040.000,0,-,-,-,-,5202.8000,5202.6000,5201.2000,5201.0000,5200.2000,5205.0000,5205.4000,5207.4000,5208.0000,5208.4000,2,2,3,1,1,1,1,1,1,5
SF,IC2005,2020-04-10 09:34:20.100,5203.6000,8958,0,184464040.000,0,-,-,-,-,5203.0000,5202.8000,5202.6000,5201.2000,5201.0000,5204.8000,5205.0000,5205.4000,5207.4000,5208.0000,2,2,2,3,1,1,1,1,1,1
SF,IC2005,2020-04-10 09:34:20.600,5204.8000,8957,-1,185505000.000,1,0,1,双平,S,5202.8000,5201.2000,5201.0000,5200.2000,5200.0000,5204.6000,5207.4000,5208.0000,5208.4000,5208.8000,2,3,1,1,7,2,1,1,5,1
SF,IC2005,2020-04-10 09:34:21.100,5204.8000,8957,0,185505000.000,0,-,-,-,-,5202.8000,5201.2000,5201.0000,5200.2000,5200.0000,5204.6000,5207.4000,5208.0000,5208.4000,5208.8000,1,3,1,1,7,2,1,1,5,1
SF,IC2005,2020-04-10 09:34:22.100,5204.8000,8957,0,185505000.000,0,-,-,-,-,5202.8000,5201.2000,5201.0000,5200.2000,5200.0000,5204.4000,5204.6000,5207.4000,5208.0000,5208.4000,1,3,1,1,7,1,2,1,1,5
SF,IC2005,2020-04-10 09:34:22.600,5204.8000,8957,0,185505000.000,0,-,-,-,-,5201.2000,5201.0000,5200.2000,5200.0000,5199.0000,5204.2000,5204.4000,5204.6000,5207.4000,5208.0000,2,1,1,7,1,3,1,1,1,1
SF,IC2005,2020-04-10 09:34:23.100,5204.8000,8957,0,185505000.000,0,-,-,-,-,5201.6000,5201.4000,5201.2000,5201.0000,5200.2000,5204.0000,5204.2000,5204.4000,5204.6000,5207.4000,1,1,3,1,1,1,3,1,1,1
SF,IC2005,2020-04-10 09:34:23.600,5201.8000,8957,0,186545360.000,1,0,1,多换,S,5201.2000,5201.0000,5200.0000,5199.0000,5195.0000,5203.8000,5204.0000,5204.2000,5204.4000,5204.6000,2,1,7,1,1,1,1,2,1,1
SF,IC2005,2020-04-10 09:34:24.100,5201.8000,8957,0,186545360.000,0,-,-,-,-,5201.4000,5201.2000,5201.0000,5200.0000,5199.0000,5203.6000,5203.8000,5204.2000,5204.4000,5204.6000,1,2,1,7,1,2,1,1,1,1
SF,IC2005,2020-04-10 09:34:24.600,5201.8000,8957,0,186545360.000,0,-,-,-,-,5201.4000,5201.2000,5201.0000,5200.0000,5199.0000,5203.4000,5203.6000,5204.2000,5204.4000,5204.6000,1,1,1,7,1,2,2,1,1,1
SF,IC2005,2020-04-10 09:34:25.100,5203.4000,8957,0,187586040.000,1,0,1,多换,S,5201.4000,5201.2000,5201.0000,5200.0000,5199.0000,5203.4000,5203.6000,5204.2000,5204.4000,5204.6000,1,1,1,7,1,1,2,1,1,1
SF,IC2005,2020-04-10 09:34:25.600,5201.6000,8957,0,188626360.000,1,0,1,多换,S,5201.4000,5201.2000,5201.0000,5200.0000,5199.0000,5203.4000,5203.6000,5204.2000,5204.4000,5204.6000,1,1,1,7,1,1,2,1,1,1
SF,IC2005,2020-04-10 09:34:26.600,5201.6000,8957,0,188626360.000,0,-,-,-,-,5201.4000,5201.2000,5201.0000,5200.0000,5199.0000,5203.2000,5203.4000,5203.6000,5204.2000,5204.4000,1,1,1,7,1,1,1,2,1,1
SF,IC2005,2020-04-10 09:34:28.100,5203.2000,8956,-1,189667000.000,1,0,1,双平,S,5201.4000,5201.2000,5201.0000,5200.0000,5199.0000,5203.4000,5203.6000,5204.2000,5204.4000,5204.6000,1,1,1,7,1,1,2,1,1,1
SF,IC2005,2020-04-10 09:34:28.600,5203.4000,8955,-1,190707680.000,1,0,1,双平,S,5201.4000,5201.2000,5201.0000,5200.0000,5199.0000,5203.6000,5204.2000,5204.4000,5204.6000,5207.4000,1,1,1,7,1,2,1,1,1,1
SF,IC2005,2020-04-10 09:34:29.100,5203.4000,8955,0,190707680.000,0,-,-,-,-,5201.4000,5201.2000,5201.0000,5200.0000,5199.0000,5203.6000,5204.2000,5204.4000,5207.4000,5208.0000,1,1,1,7,1,2,1,1,1,1
SF,IC2005,2020-04-10 09:34:29.600,5203.4000,8955,0,190707680.000,0,-,-,-,-,5201.6000,5201.4000,5201.2000,5201.0000,5200.0000,5203.6000,5204.4000,5207.4000,5208.0000,5208.4000,1,1,1,1,7,2,1,1,1,5
SF,IC2005,2020-04-10 09:34:30.100,5203.6000,8955,0,191748400.000,1,0,1,多换,S,5201.8000,5201.6000,5201.2000,5201.0000,5200.0000,5207.4000,5208.0000,5208.4000,5208.8000,5215.2000,1,1,1,1,7,1,1,5,1,1
SF,IC2005,2020-04-10 09:34:30.600,5203.6000,8955,0,191748400.000,0,-,-,-,-,5203.2000,5202.4000,5202.0000,5201.8000,5201.2000,5205.4000,5205.8000,5206.2000,5206.4000,5206.8000,1,2,3,1,1,2,1,1,1,1
SF,IC2005,2020-04-10 09:34:31.100,5203.6000,8955,0,191748400.000,0,-,-,-,-,5203.4000,5203.2000,5202.4000,5202.0000,5201.0000,5205.4000,5205.8000,5207.2000,5207.4000,5208.4000,1,1,3,3,1,2,1,2,1,5
SF,IC2005,2020-04-10 09:34:31.600,5205.4000,8954,-1,193830560.000,2,0,2,多平,S,5203.6000,5203.4000,5202.4000,5202.0000,5201.0000,5207.2000,5208.8000,5214.2000,5215.2000,5217.8000,1,1,2,2,1,2,1,5,1,1
SF,IC2005,2020-04-10 09:34:32.100,5205.4000,8954,0,193830560.000,0,-,-,-,-,5204.0000,5203.8000,5203.6000,5202.6000,5202.4000,5207.2000,5208.8000,5214.2000,5215.2000,5217.8000,1,1,1,1,2,2,1,5,1,1
SF,IC2005,2020-04-10 09:34:32.600,5205.4000,8954,0,193830560.000,0,-,-,-,-,5204.2000,5204.0000,5203.6000,5202.6000,5202.4000,5207.0000,5207.2000,5208.8000,5214.2000,5215.2000,1,1,1,1,2,2,2,1,5,1
SF,IC2005,2020-04-10 09:34:33.100,5205.4000,8954,0,193830560.000,0,-,-,-,-,5204.2000,5203.6000,5202.6000,5202.4000,5202.0000,5206.6000,5206.8000,5207.0000,5208.8000,5214.2000,1,1,1,2,1,3,4,2,1,5
SF,IC2005,2020-04-10 09:34:33.600,5205.4000,8954,0,193830560.000,0,-,-,-,-,5202.6000,5202.4000,5202.0000,5201.0000,5200.0000,5206.2000,5206.4000,5206.6000,5206.8000,5207.0000,1,2,1,1,7,1,1,3,3,2
SF,IC2005,2020-04-10 09:34:34.100,5205.4000,8954,0,193830560.000,0,-,-,-,-,5203.2000,5202.8000,5202.6000,5202.4000,5201.0000,5206.0000,5206.8000,5207.0000,5208.8000,5214.2000,1,1,2,2,1,2,1,2,1,5
SF,IC2005,2020-04-10 09:34:34.600,5205.4000,8954,0,193830560.000,0,-,-,-,-,5203.4000,5203.2000,5202.6000,5202.4000,5201.2000,5206.0000,5206.8000,5207.0000,5208.8000,5214.2000,1,1,2,2,1,2,1,2,1,5
SF,IC2005,2020-04-10 09:34:35.100,5205.4000,8954,0,193830560.000,0,-,-,-,-,5203.4000,5203.2000,5202.6000,5202.4000,5201.2000,5205.8000,5206.0000,5206.8000,5207.0000,5208.8000,1,1,2,2,1,1,2,1,2,1
SF,IC2005,2020-04-10 09:34:35.600,5203.2000,8954,0,195911880.000,2,1,1,多换,S,5202.6000,5202.4000,5201.2000,5201.0000,5200.0000,5205.6000,5205.8000,5206.0000,5206.8000,5207.0000,1,2,1,1,7,1,1,1,1,2
SF,IC2005,2020-04-10 09:34:36.100,5203.2000,8954,0,195911880.000,0,-,-,-,-,5203.4000,5203.2000,5203.0000,5202.8000,5202.4000,5205.4000,5205.6000,5206.8000,5207.0000,5208.8000,1,3,2,2,2,1,1,1,2,1
SF,IC2005,2020-04-10 09:34:36.600,5203.2000,8954,0,195911880.000,0,-,-,-,-,5204.0000,5203.6000,5203.4000,5203.2000,5203.0000,5205.6000,5206.8000,5208.8000,5214.2000,5215.2000,1,2,1,2,2,1,1,1,5,1
SF,IC2005,2020-04-10 09:34:37.100,5203.2000,8954,0,195911880.000,0,-,-,-,-,5204.2000,5204.0000,5203.2000,5203.0000,5202.8000,5206.8000,5208.8000,5214.2000,5215.2000,5217.8000,1,1,2,2,1,1,1,5,1,1
SF,IC2005,2020-04-10 09:34:37.600,5203.2000,8954,0,195911880.000,0,-,-,-,-,5204.4000,5204.2000,5204.0000,5203.8000,5203.2000,5206.6000,5208.8000,5214.2000,5215.2000,5217.8000,2,3,1,1,1,1,1,5,1,1
SF,IC2005,2020-04-10 09:34:38.100,5206.6000,8954,0,196953200.000,1,0,1,多换,S,5204.8000,5204.6000,5204.4000,5204.0000,5203.8000,5208.8000,5214.2000,5215.2000,5217.8000,5218.8000,2,2,2,1,1,1,5,1,1,1
SF,IC2005,2020-04-10 09:34:38.600,5205.0000,8954,0,197994200.000,1,0,1,多换,S,5205.0000,5204.4000,5204.0000,5203.8000,5203.0000,5207.4000,5207.6000,5207.8000,5208.2000,5208.4000,2,2,1,1,2,6,1,1,1,2
SF,IC2005,2020-04-10 09:34:39.100,5205.0000,8954,0,197994200.000,0,-,-,-,-,5205.0000,5204.4000,5204.0000,5203.8000,5203.0000,5207.2000,5207.4000,5207.6000,5207.8000,5208.4000,1,1,1,1,2,2,6,1,1,2
SF,IC2005,2020-04-10 09:34:39.600,5205.0000,8954,0,197994200.000,0,-,-,-,-,5205.0000,5204.4000,5204.0000,5203.8000,5203.0000,5206.6000,5207.2000,5207.4000,5207.6000,5207.8000,1,1,1,1,2,1,2,6,1,1
SF,IC2005,2020-04-10 09:34:40.100,5205.0000,8954,0,197994200.000,0,-,-,-,-,5204.4000,5204.0000,5203.0000,5202.8000,5202.4000,5206.4000,5206.6000,5207.2000,5207.4000,5207.6000,1,1,2,1,2,2,1,1,6,1
SF,IC2005,2020-04-10 09:34:40.600,5205.0000,8954,0,197994200.000,0,-,-,-,-,5204.4000,5204.0000,5203.0000,5202.8000,5202.4000,5206.0000,5206.4000,5207.2000,5207.4000,5207.6000,1,1,2,1,2,6,2,1,6,1
SF,IC2005,2020-04-10 09:34:41.100,5204.4000,8953,-1,199035080.000,1,0,1,双平,S,5204.0000,5203.0000,5202.8000,5202.4000,5201.2000,5205.4000,5205.8000,5206.0000,5206.4000,5207.2000,1,2,1,2,1,1,1,6,1,1
SF,IC2005,2020-04-10 09:34:41.600,5204.4000,8953,0,199035080.000,0,-,-,-,-,5204.0000,5201.2000,5201.0000,5200.0000,5199.0000,5205.4000,5205.8000,5206.0000,5206.4000,5207.2000,1,1,1,7,1,1,1,6,1,1
SF,IC2005,2020-04-10 09:34:42.100,5205.4000,8952,-1,200076160.000,1,0,1,双平,S,5205.4000,5204.2000,5204.0000,5201.2000,5201.0000,5205.8000,5206.4000,5207.2000,5207.4000,5207.6000,1,1,1,1,1,1,1,1,1,1
SF,IC2005,2020-04-10 09:34:42.600,5205.4000,8950,-2,202158320.000,2,0,2,双平,S,5204.2000,5204.0000,5201.2000,5201.0000,5200.0000,5205.2000,5205.4000,5205.8000,5206.4000,5207.2000,1,1,1,1,7,5,1,1,1,1
SF,IC2005,2020-04-10 09:34:43.100,5204.2000,8949,-1,203199160.000,1,0,1,双平,S,5204.0000,5202.0000,5201.2000,5201.0000,5200.0000,5205.4000,5205.8000,5206.4000,5207.4000,5207.6000,1,1,1,1,7,1,1,1,1,1
SF,IC2005,2020-04-10 09:34:43.600,5205.4000,8948,-1,204240240.000,1,0,1,双平,S,5204.2000,5204.0000,5202.0000,5201.2000,5201.0000,5205.6000,5205.8000,5207.4000,5207.6000,5207.8000,1,1,1,1,1,2,1,1,1,1
SF,IC2005,2020-04-10 09:34:44.100,5205.4000,8948,0,204240240.000,0,-,-,-,-,5204.2000,5204.0000,5202.0000,5201.2000,5201.0000,5207.4000,5207.6000,5207.8000,5208.4000,5208.8000,1,1,1,1,1,1,1,1,1,2
SF,IC2005,2020-04-10 09:34:44.600,5205.4000,8948,0,204240240.000,0,-,-,-,-,5204.4000,5204.2000,5204.0000,5202.0000,5201.2000,5206.4000,5206.8000,5207.0000,5207.2000,5207.4000,1,1,1,1,1,2,1,2,3,1
SF,IC2005,2020-04-10 09:34:45.100,5205.4000,8948,0,204240240.000,0,-,-,-,-,5204.2000,5204.0000,5202.0000,5201.2000,5201.0000,5206.0000,5206.2000,5206.4000,5206.8000,5207.0000,1,1,1,1,1,6,1,2,1,1
SF,IC2005,2020-04-10 09:34:45.600,5204.0000,8948,0,205281040.000,1,0,1,多换,S,5202.0000,5201.2000,5201.0000,5200.0000,5199.0000,5205.8000,5206.0000,5206.4000,5206.8000,5207.0000,1,1,1,7,1,1,6,2,1,1
SF,IC2005,2020-04-10 09:34:46.100,5204.0000,8948,0,205281040.000,0,-,-,-,-,5202.2000,5202.0000,5201.2000,5201.0000,5200.0000,5205.8000,5206.0000,5206.4000,5206.8000,5207.0000,3,1,1,1,7,1,5,2,1,1
SF,IC2005,2020-04-10 09:34:46.600,5204.0000,8948,0,205281040.000,0,-,-,-,-,5202.2000,5202.0000,5201.2000,5201.0000,5200.0000,5205.6000,5205.8000,5206.0000,5206.4000,5206.8000,3,1,1,2,7,3,1,5,2,1
SF,IC2005,2020-04-10 09:34:47.100,5204.0000,8948,0,205281040.000,0,-,-,-,-,5202.4000,5202.2000,5202.0000,5201.2000,5201.0000,5205.4000,5205.6000,5206.0000,5206.4000,5207.0000,2,2,1,1,2,1,3,5,2,1
SF,IC2005,2020-04-10 09:34:47.600,5204.0000,8948,0,205281040.000,0,-,-,-,-,5202.8000,5202.6000,5202.4000,5201.2000,5201.0000,5205.4000,5205.6000,5206.0000,5206.4000,5207.0000,3,3,2,1,2,1,2,5,2,1
SF,IC2005,2020-04-10 09:34:48.100,5204.0000,8948,0,205281040.000,0,-,-,-,-,5203.2000,5203.0000,5202.8000,5202.6000,5202.4000,5205.4000,5205.6000,5206.0000,5206.4000,5207.0000,1,2,2,2,1,1,2,5,2,1
SF,IC2005,2020-04-10 09:34:48.600,5204.0000,8948,0,205281040.000,0,-,-,-,-,5203.0000,5202.8000,5202.6000,5202.4000,5201.2000,5205.2000,5205.4000,5205.6000,5206.0000,5206.4000,2,2,1,1,1,1,1,2,5,2
SF,IC2005,2020-04-10 09:34:49.100,5204.0000,8948,0,205281040.000,0,-,-,-,-,5203.4000,5203.0000,5202.8000,5202.6000,5202.4000,5205.2000,5205.4000,5205.6000,5206.0000,5207.0000,1,2,2,1,1,1,1,2,5,1
SF,IC2005,2020-04-10 09:34:49.600,5204.0000,8948,0,205281040.000,0,-,-,-,-,5203.6000,5203.4000,5203.0000,5202.8000,5202.6000,5205.4000,5205.6000,5206.0000,5207.0000,5207.2000,1,1,1,2,1,1,2,5,1,2
SF,IC2005,2020-04-10 09:34:51.100,5204.0000,8948,0,205281040.000,0,-,-,-,-,5203.6000,5203.0000,5202.8000,5202.6000,5202.4000,5205.2000,5205.4000,5205.6000,5206.0000,5207.0000,1,1,2,1,1,1,1,2,5,1
SF,IC2005,2020-04-10 09:34:52.600,5203.6000,8947,-1,206321760.000,1,0,1,双平,S,5203.0000,5202.8000,5202.6000,5202.4000,5201.2000,5205.2000,5205.4000,5205.6000,5207.0000,5207.2000,1,2,1,1,1,1,1,2,1,1
SF,IC2005,2020-04-10 09:34:53.100,5203.6000,8947,0,206321760.000,0,-,-,-,-,5203.4000,5203.2000,5203.0000,5202.8000,5202.6000,5205.2000,5205.4000,5207.0000,5207.2000,5207.4000,1,1,1,2,1,1,1,1,1,1
SF,IC2005,2020-04-10 09:34:53.600,5203.6000,8947,0,206321760.000,0,-,-,-,-,5203.6000,5203.4000,5203.0000,5202.8000,5202.6000,5205.2000,5205.4000,5207.0000,5207.2000,5207.4000,1,1,1,2,1,1,1,1,1,1
SF,IC2005,2020-04-10 09:34:54.100,5203.6000,8947,0,206321760.000,0,-,-,-,-,5203.6000,5203.4000,5203.0000,5202.8000,5202.6000,5205.4000,5207.0000,5207.2000,5207.4000,5207.6000,1,1,1,2,1,1,1,1,1,1
SF,IC2005,2020-04-10 09:34:54.600,5203.6000,8947,0,206321760.000,0,-,-,-,-,5203.6000,5203.0000,5202.6000,5202.4000,5201.2000,5205.4000,5207.0000,5207.2000,5207.4000,5207.6000,1,1,1,1,1,1,1,1,1,1
SF,IC2005,2020-04-10 09:34:57.100,5203.6000,8947,0,206321760.000,0,-,-,-,-,5203.6000,5203.0000,5202.6000,5202.4000,5201.2000,5205.4000,5207.0000,5207.2000,5207.4000,5207.6000,2,1,1,1,1,1,1,1,1,1
SF,IC2005,2020-04-10 09:34:57.600,5203.6000,8947,0,206321760.000,0,-,-,-,-,5203.6000,5202.6000,5202.4000,5201.2000,5201.0000,5205.4000,5207.0000,5207.2000,5207.4000,5207.6000,2,1,1,1,2,1,1,1,1,1
SF,IC2005,2020-04-10 09:34:58.100,5203.6000,8947,0,206321760.000,0,-,-,-,-,5203.6000,5202.6000,5202.4000,5201.2000,5201.0000,5205.2000,5205.4000,5207.0000,5207.2000,5207.4000,1,1,1,1,2,3,1,1,1,1
SF,IC2005,2020-04-10 09:34:58.600,5203.6000,8947,0,206321760.000,0,-,-,-,-,5203.6000,5202.6000,5202.4000,5201.2000,5201.0000,5205.0000,5205.2000,5207.0000,5207.2000,5207.4000,1,1,1,1,2,1,3,1,1,1
SF,IC2005,2020-04-10 09:34:59.100,5203.6000,8947,0,206321760.000,0,-,-,-,-,5203.6000,5202.6000,5202.4000,5201.2000,5201.0000,5205.0000,5205.2000,5207.0000,5207.2000,5207.4000,1,1,1,1,2,1,2,1,1,1
SF,IC2005,2020-04-10 09:34:59.600,5205.0000,8946,-1,207362760.000,1,0,1,双平,S,5203.8000,5203.6000,5202.4000,5201.2000,5201.0000,5207.0000,5207.4000,5207.6000,5207.8000,5208.4000,1,2,1,1,2,1,1,1,1,1
SF,IC2005,2020-04-10 09:35:00.100,5205.0000,8946,0,207362760.000,0,-,-,-,-,5205.2000,5204.4000,5204.2000,5204.0000,5203.8000,5206.8000,5208.4000,5214.2000,5215.2000,5217.8000,1,2,1,2,1,1,1,5,1,1
SF,IC2005,2020-04-10 09:35:00.600,5205.0000,8946,0,207362760.000,0,-,-,-,-,5204.4000,5204.2000,5204.0000,5203.8000,5202.4000,5206.8000,5208.4000,5214.2000,5215.2000,5217.8000,2,1,2,1,1,1,1,5,1,1
SF,IC2005,2020-04-10 09:35:01.100,5205.0000,8946,0,207362760.000,0,-,-,-,-,5204.6000,5204.0000,5202.4000,5201.2000,5201.0000,5206.6000,5206.8000,5208.4000,5214.2000,5215.2000,1,1,1,1,3,1,1,1,5,1
SF,IC2005,2020-04-10 09:35:01.600,5204.6000,8945,-1,208403680.000,1,0,1,双平,S,5204.0000,5202.4000,5201.2000,5201.0000,5200.2000,5204.4000,5205.4000,5205.6000,5205.8000,5206.2000,1,1,1,3,1,5,5,1,1,1
SF,IC2005,2020-04-10 09:35:02.100,5204.0000,8944,-1,209444480.000,1,0,1,双平,S,5202.4000,5201.2000,5201.0000,5200.2000,5200.0000,5203.8000,5204.6000,5205.4000,5205.6000,5205.8000,1,1,3,1,7,1,2,5,1,1
SF,IC2005,2020-04-10 09:35:02.600,5204.0000,8944,0,209444480.000,0,-,-,-,-,5202.4000,5201.2000,5201.0000,5200.2000,5200.0000,5204.6000,5205.6000,5205.8000,5206.2000,5206.4000,1,1,3,1,7,2,1,1,1,2
