市场代码,合约代码,时间,最新,持仓,增仓,成交额,成交量,开仓,平仓,成交类型,方向,买一价,买二价,买三价,买四价,买五价,卖一价,卖二价,卖三价,卖四价,卖五价,买一量,买二量,买三量,买四量,买五量,卖一量,卖二量,卖三量,卖四量,卖五量
SF,IC2012,2020-04-22 09:29:00.300,4883.6000,3818,0,976720.000,1.000,-,-,-,-,4883.6000,4863.6000,4856.0000,4855.8000,4853.6000,4888.0000,4890.0000,4893.8000,4897.6000,4898.8000,6,5,1,1,5,1,2,1,3,5
SF,IC2012,2020-04-22 09:30:00.300,4883.6000,3824,6,6837040.000,6,6,0,双开,S,4863.6000,4855.8000,4853.6000,4852.2000,4850.0000,4869.8000,4872.6000,4875.0000,4875.4000,4876.2000,5,1,5,1,1,1,1,1,2,1
SF,IC2012,2020-04-22 09:30:00.800,4870.2000,3824,0,7811080.000,1,0,1,多换,S,4863.8000,4863.6000,4855.8000,4853.6000,4852.2000,4869.6000,4869.8000,4871.4000,4872.6000,4875.0000,1,5,1,5,1,2,2,1,1,1
SF,IC2012,2020-04-22 09:30:01.300,4870.2000,3824,0,7811080.000,0,-,-,-,-,4863.6000,4855.8000,4853.6000,4852.2000,4850.0000,4867.0000,4869.4000,4869.6000,4869.8000,4871.4000,5,1,5,1,1,1,4,2,1,1
SF,IC2012,2020-04-22 09:30:01.800,4870.2000,3824,0,7811080.000,0,-,-,-,-,4863.8000,4863.6000,4855.8000,4853.6000,4852.2000,4866.8000,4867.0000,4868.8000,4869.4000,4869.8000,1,5,1,5,1,3,1,3,3,1
SF,IC2012,2020-04-22 09:30:02.300,4863.8000,3823,-1,9756600.000,2,0,2,多平,S,4863.6000,4855.8000,4853.6000,4852.2000,4850.0000,4866.6000,4866.8000,4867.0000,4868.8000,4869.4000,5,1,5,1,1,1,1,1,3,3
SF,IC2012,2020-04-22 09:30:02.800,4863.8000,3823,0,9756600.000,0,-,-,-,-,4863.6000,4855.8000,4853.6000,4852.2000,4850.0000,4866.4000,4866.6000,4867.0000,4868.8000,4869.4000,5,1,5,1,1,2,1,1,3,3
SF,IC2012,2020-04-22 09:30:03.300,4863.8000,3823,0,9756600.000,0,-,-,-,-,4863.8000,4863.6000,4855.8000,4853.6000,4852.2000,4866.2000,4866.4000,4869.4000,4869.8000,4870.2000,1,5,1,5,1,1,2,1,1,1
SF,IC2012,2020-04-22 09:30:03.800,4863.8000,3822,-1,10729360.000,1,0,1,双平,S,4863.6000,4855.8000,4853.6000,4852.2000,4850.0000,4865.4000,4866.2000,4866.4000,4869.4000,4869.8000,5,1,5,1,1,3,1,1,1,1
SF,IC2012,2020-04-22 09:30:04.300,4863.8000,3822,0,10729360.000,0,-,-,-,-,4863.6000,4855.8000,4853.6000,4852.2000,4850.0000,4866.2000,4866.4000,4869.8000,4871.4000,4874.8000,5,1,5,1,1,1,1,1,1,3
SF,IC2012,2020-04-22 09:30:04.800,4863.6000,3822,0,11702080.000,1,0,1,多换,S,4863.6000,4855.8000,4853.6000,4852.2000,4850.0000,4866.0000,4866.2000,4869.8000,4871.4000,4874.8000,4,1,5,1,1,1,1,1,1,3
SF,IC2012,2020-04-22 09:30:05.300,4863.6000,3822,0,12674800.000,1,0,1,多换,S,4863.8000,4863.6000,4855.8000,4853.6000,4852.2000,4865.8000,4866.2000,4869.8000,4871.4000,4874.8000,1,3,1,5,1,1,1,1,1,4
SF,IC2012,2020-04-22 09:30:05.800,4863.8000,3821,-1,13647560.000,1,0,1,双平,S,4863.6000,4855.8000,4853.6000,4852.2000,4850.0000,4865.8000,4866.2000,4869.8000,4871.4000,4874.8000,3,1,5,1,1,1,1,1,1,4
SF,IC2012,2020-04-22 09:30:06.300,4863.8000,3821,0,13647560.000,0,-,-,-,-,4863.6000,4855.8000,4853.6000,4852.2000,4850.0000,4865.2000,4865.6000,4866.2000,4869.8000,4871.4000,3,1,5,1,1,1,2,1,1,1
SF,IC2012,2020-04-22 09:30:06.800,4863.8000,3821,0,13647560.000,0,-,-,-,-,4863.8000,4863.6000,4855.8000,4853.6000,4852.2000,4865.2000,4866.2000,4869.8000,4871.4000,4874.8000,1,3,1,5,1,1,1,1,1,3
SF,IC2012,2020-04-22 09:30:07.300,4863.8000,3821,0,13647560.000,0,-,-,-,-,4863.8000,4863.6000,4855.8000,4853.6000,4852.2000,4865.2000,4866.2000,4869.8000,4871.4000,4873.0000,1,3,1,5,1,1,1,1,1,1
SF,IC2012,2020-04-22 09:30:07.800,4865.2000,3821,0,14620600.000,1,0,1,多换,S,4863.8000,4863.6000,4855.8000,4853.6000,4852.2000,4866.2000,4869.8000,4871.4000,4874.8000,4876.0000,1,3,1,5,1,1,1,1,3,1
SF,IC2012,2020-04-22 09:30:08.300,4865.2000,3821,0,14620600.000,0,-,-,-,-,4864.0000,4863.8000,4863.6000,4863.2000,4855.8000,4866.2000,4869.8000,4871.4000,4874.8000,4876.0000,5,1,3,6,1,1,1,1,3,1
SF,IC2012,2020-04-22 09:30:08.800,4865.2000,3821,0,14620600.000,0,-,-,-,-,4864.2000,4864.0000,4863.6000,4863.2000,4853.6000,4869.8000,4871.4000,4874.8000,4876.0000,4880.0000,3,5,3,6,5,1,1,3,1,3
SF,IC2012,2020-04-22 09:30:09.300,4865.2000,3821,0,14620600.000,0,-,-,-,-,4864.4000,4864.2000,4863.6000,4863.2000,4853.6000,4869.6000,4869.8000,4871.4000,4874.8000,4876.0000,5,3,3,6,5,3,1,1,3,1
SF,IC2012,2020-04-22 09:30:09.800,4865.2000,3821,0,14620600.000,0,-,-,-,-,4864.6000,4864.4000,4863.6000,4863.2000,4853.6000,4869.6000,4869.8000,4871.4000,4874.8000,4876.0000,3,5,3,6,5,3,1,1,3,1
SF,IC2012,2020-04-22 09:30:10.300,4865.2000,3821,0,14620600.000,0,-,-,-,-,4864.8000,4864.6000,4863.6000,4863.2000,4860.4000,4869.6000,4869.8000,4871.4000,4876.0000,4879.4000,5,3,3,6,1,3,1,1,1,3
SF,IC2012,2020-04-22 09:30:10.800,4865.2000,3821,0,14620600.000,0,-,-,-,-,4865.0000,4864.8000,4863.6000,4863.2000,4860.4000,4869.6000,4869.8000,4876.0000,4879.4000,4880.0000,1,5,3,6,1,3,1,1,3,1
SF,IC2012,2020-04-22 09:30:11.300,4865.2000,3821,0,14620600.000,0,-,-,-,-,4865.2000,4865.0000,4863.6000,4863.2000,4860.4000,4869.0000,4869.6000,4869.8000,4876.0000,4879.4000,5,1,3,6,1,1,3,1,1,3
SF,IC2012,2020-04-22 09:30:11.800,4865.2000,3821,0,14620600.000,0,-,-,-,-,4865.4000,4865.2000,4863.6000,4863.2000,4860.4000,4868.8000,4869.0000,4869.4000,4869.8000,4876.0000,1,5,3,6,1,2,1,2,1,1
SF,IC2012,2020-04-22 09:30:12.300,4865.2000,3821,0,14620600.000,0,-,-,-,-,4865.6000,4863.6000,4863.2000,4860.4000,4853.6000,4868.6000,4868.8000,4869.0000,4869.4000,4869.8000,5,3,6,1,5,1,2,1,2,1
SF,IC2012,2020-04-22 09:30:12.800,4865.2000,3821,0,14620600.000,0,-,-,-,-,4865.6000,4863.6000,4863.2000,4860.4000,4853.6000,4868.2000,4868.4000,4868.6000,4869.4000,4869.8000,5,3,6,1,5,2,2,1,2,1
SF,IC2012,2020-04-22 09:30:13.300,4865.6000,3820,-1,15593720.000,1,0,1,双平,S,4865.8000,4863.6000,4863.2000,4860.4000,4853.6000,4868.0000,4868.2000,4868.4000,4869.4000,4869.8000,4,3,6,1,5,3,2,1,1,1
SF,IC2012,2020-04-22 09:30:13.800,4865.8000,3819,-1,19486320.000,4,1,3,多平,S,4863.8000,4863.6000,4863.2000,4860.4000,4853.6000,4865.8000,4867.0000,4868.0000,4868.4000,4869.4000,1,3,6,1,5,1,1,2,1,1
SF,IC2012,2020-04-22 09:30:14.300,4865.8000,3818,-1,23378960.000,4,1,3,多平,S,4864.0000,4863.8000,4863.6000,4863.2000,4860.4000,4865.6000,4865.8000,4867.0000,4868.0000,4868.4000,1,1,3,6,1,1,1,1,2,1
SF,IC2012,2020-04-22 09:30:14.800,4865.8000,3818,0,25325280.000,2,1,1,多换,S,4866.0000,4864.0000,4863.8000,4863.6000,4863.2000,4867.8000,4868.0000,4868.4000,4869.8000,4876.0000,1,1,1,3,6,1,2,1,1,1
SF,IC2012,2020-04-22 09:30:15.300,4865.8000,3818,0,26298440.000,1,0,1,多换,S,4864.0000,4863.8000,4863.6000,4863.2000,4860.4000,4867.6000,4867.8000,4868.4000,4869.8000,4876.0000,1,1,3,6,1,1,1,1,1,1
SF,IC2012,2020-04-22 09:30:15.800,4865.8000,3818,0,26298440.000,0,-,-,-,-,4864.0000,4863.8000,4863.6000,4863.2000,4860.4000,4867.4000,4867.6000,4867.8000,4869.8000,4876.0000,1,1,3,6,1,1,1,1,1,1
SF,IC2012,2020-04-22 09:30:16.300,4865.8000,3818,0,26298440.000,0,-,-,-,-,4864.0000,4863.8000,4863.6000,4863.2000,4860.4000,4867.2000,4867.4000,4869.8000,4876.0000,4879.4000,1,1,3,6,1,1,1,1,1,3
SF,IC2012,2020-04-22 09:30:16.800,4865.8000,3818,0,26298440.000,0,-,-,-,-,4864.0000,4863.8000,4863.6000,4863.2000,4860.4000,4867.0000,4869.8000,4876.0000,4879.4000,4880.0000,1,1,3,6,1,1,1,1,3,1
SF,IC2012,2020-04-22 09:30:17.300,4867.0000,3817,-1,27271840.000,1,0,1,双平,S,4864.2000,4864.0000,4863.8000,4863.6000,4863.2000,4869.8000,4876.0000,4879.4000,4880.0000,4886.0000,1,1,1,3,6,1,1,3,1,1
SF,IC2012,2020-04-22 09:30:17.800,4867.0000,3817,0,27271840.000,0,-,-,-,-,4864.4000,4864.2000,4863.8000,4863.6000,4863.2000,4869.0000,4869.4000,4869.6000,4869.8000,4876.0000,1,1,1,3,6,3,2,2,1,1
SF,IC2012,2020-04-22 09:30:18.300,4867.0000,3817,0,27271840.000,0,-,-,-,-,4864.4000,4863.8000,4863.6000,4863.2000,4860.4000,4868.8000,4869.0000,4869.4000,4869.6000,4869.8000,1,1,3,6,1,1,3,2,1,1
SF,IC2012,2020-04-22 09:30:18.800,4867.0000,3817,0,27271840.000,0,-,-,-,-,4864.4000,4863.8000,4863.6000,4863.2000,4860.4000,4868.4000,4868.8000,4869.0000,4869.4000,4869.6000,1,1,3,6,1,1,1,3,2,1
SF,IC2012,2020-04-22 09:30:19.300,4867.0000,3817,0,27271840.000,0,-,-,-,-,4864.4000,4863.8000,4863.6000,4863.2000,4860.4000,4868.2000,4868.4000,4869.4000,4869.6000,4869.8000,1,1,3,6,1,1,4,2,1,1
SF,IC2012,2020-04-22 09:30:19.800,4867.0000,3817,0,27271840.000,0,-,-,-,-,4865.0000,4864.4000,4863.8000,4863.6000,4863.2000,4868.2000,4868.4000,4869.4000,4869.6000,4869.8000,1,1,1,3,6,1,4,2,1,1
SF,IC2012,2020-04-22 09:30:20.300,4867.0000,3817,0,27271840.000,0,-,-,-,-,4865.2000,4865.0000,4863.8000,4863.6000,4863.2000,4868.0000,4868.2000,4868.4000,4869.4000,4869.6000,1,1,1,3,6,1,1,1,2,1
SF,IC2012,2020-04-22 09:30:20.800,4867.0000,3817,0,27271840.000,0,-,-,-,-,4865.2000,4865.0000,4863.8000,4863.6000,4863.2000,4867.8000,4868.0000,4868.4000,4869.4000,4869.6000,1,1,1,3,6,1,2,1,2,1
SF,IC2012,2020-04-22 09:30:21.300,4867.0000,3817,0,27271840.000,0,-,-,-,-,4865.2000,4865.0000,4863.8000,4863.6000,4863.2000,4867.8000,4868.0000,4868.4000,4869.6000,4869.8000,1,1,1,3,6,1,2,1,1,1
SF,IC2012,2020-04-22 09:30:22.300,4867.0000,3817,0,27271840.000,0,-,-,-,-,4865.2000,4865.0000,4863.8000,4863.6000,4863.2000,4867.8000,4868.0000,4868.4000,4869.6000,4869.8000,1,2,1,3,6,1,1,1,1,1
SF,IC2012,2020-04-22 09:30:22.800,4867.0000,3817,0,27271840.000,0,-,-,-,-,4865.2000,4865.0000,4863.8000,4863.6000,4863.2000,4867.8000,4868.4000,4869.6000,4869.8000,4876.0000,1,2,1,3,6,1,1,1,1,1
SF,IC2012,2020-04-22 09:30:23.300,4867.0000,3817,0,27271840.000,0,-,-,-,-,4865.2000,4865.0000,4863.8000,4863.6000,4863.2000,4867.6000,4867.8000,4869.6000,4869.8000,4876.0000,1,2,1,3,6,1,1,1,1,1
SF,IC2012,2020-04-22 09:30:23.800,4867.6000,3818,1,29218840.000,2,1,1,空开,S,4867.8000,4865.2000,4865.0000,4863.8000,4863.6000,4869.6000,4869.8000,4876.0000,4878.2000,4879.4000,2,1,2,1,3,1,1,1,3,3
SF,IC2012,2020-04-22 09:30:24.300,4867.6000,3820,2,31165880.000,2,2,0,双开,S,4865.0000,4863.8000,4863.6000,4863.2000,4860.4000,4867.8000,4869.6000,4869.8000,4876.0000,4878.2000,2,1,3,6,1,2,1,1,1,3
SF,IC2012,2020-04-22 09:30:24.800,4867.6000,3820,0,31165880.000,0,-,-,-,-,4865.2000,4865.0000,4863.8000,4863.6000,4863.2000,4867.6000,4867.8000,4869.6000,4869.8000,4876.0000,1,1,1,3,6,2,2,1,1,1
SF,IC2012,2020-04-22 09:30:25.300,4867.6000,3820,0,31165880.000,0,-,-,-,-,4865.2000,4865.0000,4863.8000,4863.6000,4863.2000,4867.4000,4867.6000,4869.6000,4869.8000,4876.0000,1,1,1,3,6,2,2,1,1,1
SF,IC2012,2020-04-22 09:30:25.800,4867.6000,3820,0,31165880.000,0,-,-,-,-,4865.2000,4865.0000,4863.8000,4863.6000,4863.2000,4867.2000,4867.4000,4867.6000,4869.6000,4869.8000,1,1,1,3,6,1,2,2,1,1
SF,IC2012,2020-04-22 09:30:26.800,4867.6000,3820,0,32139400.000,1,0,1,多换,S,4865.2000,4865.0000,4863.8000,4863.6000,4863.2000,4867.4000,4867.6000,4869.6000,4869.8000,4876.0000,1,1,1,3,6,1,2,1,1,1
SF,IC2012,2020-04-22 09:30:27.300,4867.6000,3820,0,32139400.000,0,-,-,-,-,4865.2000,4865.0000,4863.8000,4863.6000,4863.2000,4867.6000,4869.6000,4869.8000,4876.0000,4879.4000,1,1,1,3,6,2,1,1,1,3
SF,IC2012,2020-04-22 09:30:28.300,4867.6000,3820,0,32139400.000,0,-,-,-,-,4867.2000,4865.2000,4865.0000,4863.8000,4863.6000,4867.6000,4869.6000,4869.8000,4876.0000,4879.4000,5,1,1,1,3,2,1,1,1,3
SF,IC2012,2020-04-22 09:30:28.800,4867.2000,3820,0,37006600.000,5,2,3,多换,S,4865.2000,4865.0000,4863.8000,4863.6000,4863.2000,4866.4000,4867.2000,4867.6000,4869.6000,4869.8000,1,1,1,3,6,1,1,2,1,1
SF,IC2012,2020-04-22 09:30:29.300,4866.4000,3820,0,37979880.000,1,0,1,多换,S,4865.0000,4863.8000,4863.6000,4863.2000,4860.4000,4867.6000,4869.8000,4871.8000,4876.0000,4879.4000,1,1,3,6,1,2,1,1,1,3
SF,IC2012,2020-04-22 09:30:29.800,4866.4000,3820,0,37979880.000,0,-,-,-,-,4865.2000,4865.0000,4863.8000,4863.6000,4863.2000,4867.4000,4867.6000,4869.8000,4871.8000,4876.0000,1,1,1,3,6,1,2,1,1,1
SF,IC2012,2020-04-22 09:30:30.300,4866.4000,3820,0,37979880.000,0,-,-,-,-,4865.2000,4865.0000,4863.8000,4863.6000,4863.2000,4867.4000,4867.6000,4869.8000,4871.8000,4876.0000,1,1,1,3,6,2,2,1,1,1
SF,IC2012,2020-04-22 09:30:30.800,4866.4000,3820,0,37979880.000,0,-,-,-,-,4865.2000,4865.0000,4863.8000,4863.6000,4863.2000,4867.4000,4867.6000,4871.8000,4876.0000,4879.4000,1,1,1,3,6,1,2,1,1,3
SF,IC2012,2020-04-22 09:30:31.300,4867.4000,3820,0,38953360.000,1,0,1,多换,S,4865.2000,4865.0000,4863.8000,4863.6000,4863.2000,4867.4000,4867.6000,4871.8000,4876.0000,4879.4000,1,1,1,3,6,1,2,1,1,3
SF,IC2012,2020-04-22 09:30:31.800,4867.4000,3820,0,38953360.000,0,-,-,-,-,4865.2000,4865.0000,4864.8000,4863.8000,4863.6000,4867.4000,4867.6000,4871.8000,4876.0000,4879.4000,1,1,1,1,3,1,2,1,1,3
SF,IC2012,2020-04-22 09:30:32.300,4867.4000,3820,0,38953360.000,0,-,-,-,-,4865.6000,4865.2000,4865.0000,4864.8000,4863.8000,4867.4000,4867.6000,4876.0000,4879.4000,4880.0000,1,1,1,1,1,1,2,1,3,1
SF,IC2012,2020-04-22 09:30:32.800,4867.4000,3820,0,38953360.000,0,-,-,-,-,4865.6000,4865.2000,4865.0000,4864.8000,4863.8000,4867.2000,4867.4000,4867.6000,4876.0000,4879.4000,1,1,1,1,1,2,1,2,1,3
SF,IC2012,2020-04-22 09:30:33.300,4865.6000,3820,0,39926480.000,1,0,1,多换,S,4865.2000,4865.0000,4864.8000,4863.8000,4863.6000,4866.8000,4867.0000,4867.2000,4867.4000,4867.6000,1,1,1,1,3,1,1,3,1,2
SF,IC2012,2020-04-22 09:30:33.800,4865.6000,3820,0,39926480.000,0,-,-,-,-,4865.0000,4864.8000,4863.8000,4863.6000,4863.2000,4866.8000,4867.0000,4867.2000,4867.4000,4867.6000,1,1,1,3,6,1,2,2,1,2
SF,IC2012,2020-04-22 09:30:34.300,4865.0000,3821,1,40899480.000,1,1,0,双开,S,4864.8000,4863.8000,4863.6000,4863.2000,4860.4000,4866.8000,4867.0000,4867.2000,4867.4000,4867.6000,1,1,3,6,1,1,3,3,1,2
SF,IC2012,2020-04-22 09:30:34.800,4865.0000,3821,0,40899480.000,0,-,-,-,-,4864.8000,4863.8000,4863.6000,4863.2000,4860.4000,4866.6000,4866.8000,4867.0000,4867.2000,4867.4000,1,1,3,6,1,1,1,2,3,1
SF,IC2012,2020-04-22 09:30:35.300,4864.8000,3820,-1,41872440.000,1,0,1,双平,S,4863.8000,4863.6000,4863.2000,4860.4000,4853.6000,4866.6000,4866.8000,4867.0000,4867.2000,4867.4000,1,3,6,1,5,3,1,2,3,1
SF,IC2012,2020-04-22 09:30:35.800,4864.8000,3820,0,41872440.000,0,-,-,-,-,4864.0000,4863.8000,4863.6000,4863.2000,4860.4000,4866.4000,4866.6000,4866.8000,4867.0000,4867.2000,1,1,3,6,1,2,3,1,2,3
SF,IC2012,2020-04-22 09:30:36.800,4864.8000,3820,0,41872440.000,0,-,-,-,-,4864.0000,4863.8000,4863.6000,4863.2000,4860.4000,4866.2000,4866.4000,4866.6000,4867.0000,4867.2000,1,1,3,6,1,1,2,1,2,3
SF,IC2012,2020-04-22 09:30:37.300,4864.0000,3819,-1,42845240.000,1,0,1,双平,S,4863.8000,4863.6000,4863.2000,4860.4000,4853.6000,4864.0000,4866.2000,4866.6000,4867.0000,4867.2000,1,3,6,1,5,1,1,1,2,3
SF,IC2012,2020-04-22 09:30:37.800,4864.0000,3821,2,45763640.000,3,2,1,空开,S,4863.8000,4863.6000,4863.2000,4860.4000,4853.6000,4864.0000,4865.6000,4866.0000,4866.2000,4867.0000,1,3,6,1,5,1,1,1,1,1
SF,IC2012,2020-04-22 09:30:38.300,4864.0000,3821,0,46736440.000,1,0,1,多换,S,4863.6000,4863.2000,4860.4000,4853.6000,4852.2000,4864.0000,4865.6000,4866.0000,4866.2000,4867.0000,3,6,1,5,1,1,1,1,1,1
SF,IC2012,2020-04-22 09:30:38.800,4864.0000,3821,0,47709240.000,1,0,1,多换,S,4863.6000,4863.2000,4860.4000,4853.6000,4852.2000,4866.0000,4866.2000,4867.0000,4867.2000,4867.4000,3,6,1,5,1,1,1,1,1,1
SF,IC2012,2020-04-22 09:30:39.800,4864.0000,3821,0,47709240.000,0,-,-,-,-,4863.6000,4863.2000,4860.4000,4853.6000,4852.2000,4866.2000,4867.2000,4867.4000,4872.8000,4875.6000,3,6,1,5,1,1,1,1,3,1
SF,IC2012,2020-04-22 09:30:40.300,4863.8000,3820,-1,48682000.000,1,0,1,双平,S,4863.6000,4863.2000,4860.4000,4853.6000,4852.2000,4865.6000,4867.2000,4867.4000,4872.8000,4875.6000,3,6,1,5,1,1,1,1,3,1
SF,IC2012,2020-04-22 09:30:40.800,4863.8000,3820,0,48682000.000,0,-,-,-,-,4863.8000,4863.6000,4863.2000,4860.4000,4853.6000,4865.6000,4867.2000,4867.4000,4872.8000,4875.6000,1,3,6,1,5,1,1,1,3,1
SF,IC2012,2020-04-22 09:30:41.300,4863.8000,3820,0,48682000.000,0,-,-,-,-,4863.8000,4863.6000,4863.2000,4860.4000,4853.6000,4867.2000,4867.4000,4872.8000,4873.4000,4875.6000,1,3,6,1,5,1,1,3,1,1
SF,IC2012,2020-04-22 09:30:41.800,4863.8000,3820,0,48682000.000,0,-,-,-,-,4864.0000,4863.8000,4863.6000,4863.2000,4860.4000,4867.0000,4867.2000,4867.4000,4872.8000,4873.4000,2,1,3,6,1,2,1,1,3,1
SF,IC2012,2020-04-22 09:30:42.300,4863.8000,3820,0,48682000.000,0,-,-,-,-,4864.0000,4863.8000,4863.6000,4863.2000,4860.4000,4866.2000,4867.0000,4867.2000,4867.4000,4872.8000,2,1,3,6,1,1,2,1,1,3
SF,IC2012,2020-04-22 09:30:42.800,4863.8000,3820,0,48682000.000,0,-,-,-,-,4863.6000,4863.2000,4860.4000,4853.6000,4852.2000,4866.2000,4866.6000,4867.0000,4867.2000,4867.4000,3,6,1,5,1,1,1,2,1,1
SF,IC2012,2020-04-22 09:30:43.300,4863.8000,3820,0,48682000.000,0,-,-,-,-,4863.6000,4863.2000,4860.4000,4853.6000,4852.2000,4866.0000,4866.2000,4867.0000,4867.2000,4867.4000,3,6,1,5,1,1,1,2,1,1
SF,IC2012,2020-04-22 09:30:43.800,4863.8000,3820,0,48682000.000,0,-,-,-,-,4863.6000,4863.2000,4860.4000,4853.6000,4852.2000,4866.0000,4866.2000,4867.0000,4867.2000,4867.4000,3,6,1,5,1,1,1,2,1,1
SF,IC2012,2020-04-22 09:30:45.300,4863.8000,3820,0,48682000.000,0,-,-,-,-,4863.8000,4863.6000,4863.2000,4860.4000,4853.6000,4865.8000,4866.0000,4867.0000,4867.2000,4867.4000,1,3,6,1,5,1,1,2,1,1
SF,IC2012,2020-04-22 09:30:45.800,4863.8000,3819,-1,49654760.000,1,0,1,双平,S,4863.6000,4863.2000,4860.4000,4853.6000,4852.2000,4865.4000,4865.8000,4866.0000,4867.0000,4867.2000,3,6,1,5,1,1,1,1,2,1
SF,IC2012,2020-04-22 09:30:46.300,4863.6000,3819,0,50627480.000,1,0,1,多换,S,4863.6000,4863.2000,4860.4000,4853.6000,4852.2000,4865.2000,4865.4000,4865.6000,4867.0000,4867.4000,2,6,1,5,1,1,1,1,2,1
SF,IC2012,2020-04-22 09:30:46.800,4863.6000,3819,0,50627480.000,0,-,-,-,-,4863.6000,4863.2000,4860.4000,4853.6000,4852.2000,4865.2000,4865.4000,4865.6000,4867.0000,4867.4000,2,6,1,5,1,1,2,1,2,1
SF,IC2012,2020-04-22 09:30:47.300,4863.6000,3819,0,50627480.000,0,-,-,-,-,4863.6000,4863.2000,4860.4000,4853.6000,4852.2000,4865.0000,4865.2000,4865.4000,4867.0000,4867.4000,2,6,1,5,1,1,1,1,2,1
SF,IC2012,2020-04-22 09:30:47.800,4863.6000,3819,0,50627480.000,0,-,-,-,-,4863.6000,4863.2000,4860.4000,4853.6000,4852.2000,4865.0000,4865.2000,4867.0000,4867.4000,4870.8000,2,6,1,5,1,1,1,2,1,1
SF,IC2012,2020-04-22 09:30:48.800,4865.0000,3819,0,51600480.000,1,0,1,多换,S,4863.6000,4863.2000,4860.4000,4853.6000,4852.2000,4865.2000,4867.0000,4867.4000,4870.8000,4872.8000,2,6,1,5,1,1,2,1,1,3
SF,IC2012,2020-04-22 09:30:49.300,4863.6000,3819,0,52573200.000,1,0,1,多换,S,4863.6000,4863.2000,4860.4000,4853.6000,4852.2000,4865.2000,4867.0000,4867.4000,4870.8000,4872.8000,1,6,1,5,1,1,2,1,1,3
SF,IC2012,2020-04-22 09:30:49.800,4863.6000,3819,0,52573200.000,0,-,-,-,-,4863.8000,4863.6000,4863.2000,4860.4000,4853.6000,4864.8000,4865.2000,4867.0000,4867.4000,4870.8000,1,1,6,1,5,1,1,2,1,1
SF,IC2012,2020-04-22 09:30:50.300,4863.6000,3819,0,52573200.000,0,-,-,-,-,4863.8000,4863.6000,4863.2000,4860.4000,4853.6000,4864.8000,4865.2000,4867.0000,4867.4000,4870.8000,1,1,6,1,5,2,1,2,1,1
SF,IC2012,2020-04-22 09:30:50.800,4863.6000,3819,0,52573200.000,0,-,-,-,-,4863.8000,4863.6000,4863.2000,4862.0000,4860.4000,4864.8000,4865.2000,4867.0000,4867.4000,4869.4000,1,1,6,1,1,2,1,2,1,3
SF,IC2012,2020-04-22 09:30:51.300,4863.6000,3819,0,52573200.000,0,-,-,-,-,4863.8000,4863.6000,4863.2000,4862.0000,4860.4000,4865.2000,4867.0000,4867.4000,4869.4000,4870.8000,1,1,6,1,1,1,2,1,3,1
SF,IC2012,2020-04-22 09:30:51.800,4863.8000,3818,-1,53545960.000,1,0,1,双平,S,4863.6000,4863.2000,4862.0000,4860.4000,4853.6000,4863.8000,4865.2000,4867.0000,4867.4000,4869.4000,1,6,1,1,5,1,1,2,1,3
SF,IC2012,2020-04-22 09:30:52.300,4863.6000,3818,0,55491440.000,2,1,1,多换,S,4863.2000,4862.0000,4860.4000,4853.6000,4852.2000,4863.8000,4865.2000,4867.0000,4867.4000,4869.4000,6,1,1,5,1,1,1,1,1,3
SF,IC2012,2020-04-22 09:30:52.800,4863.2000,3819,1,57436840.000,2,1,1,空开,S,4863.2000,4862.0000,4860.4000,4853.6000,4852.2000,4867.0000,4867.4000,4869.4000,4870.8000,4875.6000,5,1,1,5,1,1,1,3,1,1
SF,IC2012,2020-04-22 09:30:53.300,4863.2000,3819,0,57436840.000,0,-,-,-,-,4863.2000,4862.0000,4860.4000,4853.6000,4852.2000,4866.8000,4867.0000,4867.4000,4869.4000,4870.8000,5,1,1,5,1,1,1,1,3,1
SF,IC2012,2020-04-22 09:30:53.800,4863.2000,3819,0,57436840.000,0,-,-,-,-,4863.4000,4863.2000,4862.0000,4860.4000,4853.6000,4866.8000,4867.0000,4867.4000,4869.4000,4875.6000,1,5,1,1,5,1,1,1,3,1
SF,IC2012,2020-04-22 09:30:54.300,4863.2000,3819,0,57436840.000,0,-,-,-,-,4863.8000,4863.4000,4863.2000,4862.0000,4860.4000,4865.8000,4866.8000,4867.0000,4867.4000,4869.4000,4,1,5,1,1,1,1,1,1,3
SF,IC2012,2020-04-22 09:30:54.800,4863.8000,3819,0,61327800.000,4,2,2,多换,S,4863.2000,4862.0000,4860.4000,4853.6000,4852.2000,4865.8000,4866.2000,4866.6000,4866.8000,4867.0000,5,1,1,5,1,1,1,1,1,1
SF,IC2012,2020-04-22 09:30:55.300,4863.8000,3819,0,61327800.000,0,-,-,-,-,4863.2000,4862.0000,4860.4000,4853.6000,4852.2000,4865.4000,4865.8000,4866.2000,4866.6000,4866.8000,5,1,1,5,1,1,1,1,1,1
SF,IC2012,2020-04-22 09:30:55.800,4863.2000,3819,0,63273080.000,2,1,1,多换,S,4863.2000,4862.0000,4860.4000,4853.6000,4852.2000,4865.2000,4865.4000,4865.8000,4866.2000,4866.8000,3,1,1,5,1,1,1,1,1,1
SF,IC2012,2020-04-22 09:30:56.300,4863.2000,3820,1,66191000.000,3,2,1,空开,S,4862.0000,4860.4000,4853.6000,4852.2000,4843.2000,4862.6000,4863.2000,4865.2000,4865.4000,4866.2000,1,1,5,1,1,2,4,2,1,1
SF,IC2012,2020-04-22 09:30:56.800,4862.6000,3821,1,67163520.000,1,1,0,双开,S,4862.0000,4860.4000,4853.6000,4852.2000,4843.2000,4862.6000,4863.0000,4863.2000,4864.8000,4865.2000,1,1,5,1,1,1,1,4,1,2
SF,IC2012,2020-04-22 09:30:57.300,4862.6000,3821,0,68136040.000,1,0,1,多换,S,4862.0000,4860.4000,4853.6000,4852.2000,4843.2000,4864.8000,4865.2000,4867.0000,4867.4000,4869.4000,1,1,5,1,1,1,2,1,1,3
SF,IC2012,2020-04-22 09:30:57.800,4862.6000,3821,0,68136040.000,0,-,-,-,-,4863.4000,4863.2000,4863.0000,4862.0000,4860.4000,4864.8000,4865.2000,4866.6000,4867.0000,4867.4000,1,2,2,1,1,1,1,1,1,1
SF,IC2012,2020-04-22 09:30:58.300,4863.4000,3821,0,71054040.000,3,1,2,多换,S,4863.2000,4863.0000,4862.0000,4860.4000,4853.6000,4864.8000,4865.2000,4866.6000,4867.0000,4867.4000,1,2,1,1,5,1,1,1,1,1
SF,IC2012,2020-04-22 09:30:58.800,4864.8000,3821,0,72999960.000,2,1,1,多换,S,4863.2000,4863.0000,4862.0000,4860.4000,4853.6000,4866.6000,4867.0000,4867.4000,4869.4000,4875.6000,1,2,1,1,5,1,1,1,3,1
SF,IC2012,2020-04-22 09:30:59.300,4863.2000,3820,-1,74945240.000,2,0,2,多平,S,4862.0000,4860.4000,4853.6000,4852.2000,4843.2000,4866.4000,4867.0000,4867.4000,4868.2000,4869.4000,1,1,5,1,1,1,1,1,1,3
SF,IC2012,2020-04-22 09:30:59.800,4863.2000,3820,0,74945240.000,0,-,-,-,-,4863.4000,4862.0000,4860.4000,4853.6000,4852.2000,4866.0000,4866.2000,4866.4000,4867.0000,4867.4000,1,1,1,5,1,1,1,1,1,1
SF,IC2012,2020-04-22 09:31:00.300,4863.4000,3819,-1,75917920.000,1,0,1,双平,S,4862.0000,4860.4000,4853.6000,4852.2000,4843.2000,4865.8000,4866.0000,4866.2000,4866.4000,4867.0000,1,1,5,1,1,1,1,2,1,2
SF,IC2012,2020-04-22 09:31:00.800,4862.2000,3818,-1,76890360.000,1,0,1,双平,S,4862.2000,4862.0000,4860.4000,4853.6000,4852.2000,4865.4000,4865.6000,4865.8000,4866.2000,4866.4000,1,1,1,5,1,1,1,1,1,1
SF,IC2012,2020-04-22 09:31:01.300,4862.2000,3818,0,76890360.000,0,-,-,-,-,4862.6000,4862.2000,4862.0000,4860.4000,4853.6000,4865.2000,4865.4000,4866.4000,4867.0000,4868.0000,1,1,1,1,5,1,2,1,1,1
SF,IC2012,2020-04-22 09:31:01.800,4865.2000,3818,0,77863400.000,1,0,1,多换,S,4862.6000,4862.0000,4860.4000,4853.6000,4852.2000,4865.4000,4866.4000,4867.0000,4868.0000,4869.4000,1,1,1,5,1,2,1,1,1,3
SF,IC2012,2020-04-22 09:31:02.300,4865.2000,3818,0,77863400.000,0,-,-,-,-,4862.8000,4862.6000,4862.0000,4860.4000,4853.6000,4865.4000,4868.0000,4869.4000,4870.2000,4875.6000,2,1,1,1,5,1,1,3,1,1
SF,IC2012,2020-04-22 09:31:02.800,4865.4000,3818,0,78836480.000,1,0,1,多换,S,4865.4000,4863.0000,4862.8000,4862.6000,4862.0000,4868.0000,4869.4000,4870.2000,4875.6000,4880.0000,3,1,3,1,1,1,3,1,1,1
SF,IC2012,2020-04-22 09:31:03.300,4865.4000,3818,0,78836480.000,0,-,-,-,-,4865.4000,4863.0000,4862.8000,4862.0000,4860.4000,4868.0000,4869.4000,4870.2000,4875.6000,4880.0000,3,5,3,1,1,1,3,1,1,1
SF,IC2012,2020-04-22 09:31:03.800,4865.4000,3818,0,78836480.000,0,-,-,-,-,4865.4000,4863.0000,4862.8000,4862.0000,4860.4000,4867.6000,4868.0000,4869.4000,4870.2000,4875.6000,4,5,3,1,1,1,1,3,1,1
SF,IC2012,2020-04-22 09:31:04.300,4865.4000,3818,0,78836480.000,0,-,-,-,-,4865.4000,4863.0000,4862.8000,4862.0000,4860.4000,4867.6000,4868.0000,4870.2000,4873.8000,4875.6000,4,5,3,1,1,1,1,1,3,1
SF,IC2012,2020-04-22 09:31:06.800,4865.4000,3818,0,78836480.000,0,-,-,-,-,4865.4000,4863.0000,4862.8000,4862.0000,4860.4000,4867.6000,4868.0000,4871.4000,4873.8000,4875.6000,4,5,3,1,1,1,1,1,3,1
SF,IC2012,2020-04-22 09:31:07.300,4865.4000,3818,0,78836480.000,0,-,-,-,-,4865.4000,4863.0000,4862.8000,4862.0000,4860.4000,4867.6000,4868.0000,4871.4000,4875.6000,4880.0000,4,5,3,1,1,1,1,1,1,1
SF,IC2012,2020-04-22 09:31:08.800,4865.4000,3818,0,78836480.000,0,-,-,-,-,4865.6000,4865.4000,4863.0000,4862.8000,4862.0000,4867.6000,4868.0000,4871.4000,4875.6000,4880.0000,1,4,1,3,1,1,1,1,1,1
SF,IC2012,2020-04-22 09:31:09.300,4865.4000,3818,0,78836480.000,0,-,-,-,-,4865.6000,4865.4000,4863.0000,4862.8000,4862.0000,4867.6000,4868.0000,4868.6000,4871.4000,4875.6000,1,4,1,2,1,1,1,1,1,1
SF,IC2012,2020-04-22 09:31:09.800,4865.4000,3818,0,78836480.000,0,-,-,-,-,4865.6000,4865.4000,4863.0000,4862.8000,4862.0000,4867.6000,4868.0000,4868.6000,4871.4000,4875.6000,1,3,1,2,1,1,1,1,1,1
SF,IC2012,2020-04-22 09:31:10.300,4865.6000,3817,-1,80782720.000,2,0,2,多平,S,4865.4000,4863.0000,4862.8000,4862.0000,4860.4000,4867.6000,4868.0000,4868.6000,4871.4000,4875.6000,3,1,2,1,1,1,1,1,1,1
SF,IC2012,2020-04-22 09:31:11.300,4865.6000,3817,0,80782720.000,0,-,-,-,-,4865.4000,4863.0000,4862.8000,4862.0000,4860.4000,4867.4000,4867.6000,4868.0000,4868.6000,4871.4000,3,1,2,1,1,1,1,1,1,1
SF,IC2012,2020-04-22 09:31:11.800,4865.6000,3817,0,80782720.000,0,-,-,-,-,4865.4000,4863.0000,4862.8000,4862.0000,4853.6000,4867.4000,4867.6000,4868.0000,4868.6000,4871.4000,3,1,2,1,5,1,1,1,1,1
SF,IC2012,2020-04-22 09:31:12.300,4865.6000,3817,0,80782720.000,0,-,-,-,-,4865.4000,4863.0000,4862.8000,4862.0000,4853.6000,4867.4000,4868.0000,4868.6000,4871.4000,4875.6000,3,1,2,1,5,1,1,1,1,1
SF,IC2012,2020-04-22 09:31:12.800,4867.4000,3816,-1,81756200.000,1,0,1,双平,S,4865.4000,4863.0000,4862.8000,4862.0000,4853.6000,4867.2000,4868.0000,4868.6000,4871.4000,4875.6000,3,1,2,1,5,1,1,1,1,1
SF,IC2012,2020-04-22 09:31:13.300,4867.4000,3816,0,81756200.000,0,-,-,-,-,4865.4000,4863.0000,4862.8000,4862.0000,4853.6000,4867.2000,4868.0000,4868.6000,4871.4000,4875.6000,3,1,2,1,5,1,1,1,1,1
SF,IC2012,2020-04-22 09:31:13.800,4867.4000,3816,0,83703160.000,2,1,1,多换,S,4867.6000,4865.4000,4863.0000,4862.8000,4862.0000,4868.0000,4868.6000,4871.4000,4875.6000,4880.0000,3,3,1,2,1,1,1,1,1,1
SF,IC2012,2020-04-22 09:31:14.300,4867.6000,3815,-1,87597320.000,4,1,3,多平,S,4863.0000,4862.8000,4862.0000,4853.6000,4852.2000,4868.6000,4871.4000,4875.6000,4880.0000,4886.0000,1,2,1,5,1,1,1,1,1,1
SF,IC2012,2020-04-22 09:31:14.800,4867.6000,3815,0,87597320.000,0,-,-,-,-,4865.6000,4863.6000,4863.2000,4863.0000,4862.0000,4867.6000,4868.6000,4871.4000,4875.6000,4880.0000,1,1,1,1,1,1,1,1,1,1
SF,IC2012,2020-04-22 09:31:15.300,4867.6000,3815,0,87597320.000,0,-,-,-,-,4867.4000,4865.6000,4864.6000,4863.6000,4863.2000,4867.6000,4868.6000,4871.4000,4875.6000,4880.0000,1,1,4,1,1,1,1,1,1,1
SF,IC2012,2020-04-22 09:31:15.800,4867.4000,3815,0,88570800.000,1,0,1,多换,S,4865.6000,4864.6000,4863.6000,4863.2000,4863.0000,4867.6000,4868.6000,4871.4000,4875.6000,4880.0000,1,4,1,1,1,2,1,1,1,1
SF,IC2012,2020-04-22 09:31:16.300,4867.4000,3815,0,88570800.000,0,-,-,-,-,4865.6000,4864.6000,4863.6000,4863.2000,4863.0000,4867.4000,4867.6000,4868.6000,4871.4000,4875.6000,1,4,1,1,1,1,2,1,1,1
SF,IC2012,2020-04-22 09:31:16.800,4867.4000,3815,0,88570800.000,0,-,-,-,-,4864.6000,4863.6000,4863.0000,4862.0000,4853.6000,4867.4000,4867.6000,4868.6000,4869.0000,4871.4000,4,1,1,1,5,1,1,1,1,1
SF,IC2012,2020-04-22 09:31:17.300,4867.4000,3815,0,88570800.000,0,-,-,-,-,4864.6000,4863.6000,4863.0000,4862.0000,4853.6000,4867.2000,4867.4000,4867.6000,4868.6000,4869.0000,4,1,1,1,5,1,1,1,1,1
SF,IC2012,2020-04-22 09:31:17.800,4867.4000,3815,0,88570800.000,0,-,-,-,-,4864.6000,4863.6000,4863.0000,4862.0000,4853.6000,4867.2000,4867.4000,4867.6000,4868.6000,4869.0000,4,1,1,1,5,1,1,1,1,1
SF,IC2012,2020-04-22 09:31:18.300,4867.4000,3815,0,88570800.000,0,-,-,-,-,4864.8000,4864.6000,4863.6000,4863.0000,4862.0000,4867.2000,4867.4000,4867.6000,4868.6000,4869.0000,1,4,2,1,1,1,1,1,1,1
SF,IC2012,2020-04-22 09:31:19.300,4867.4000,3815,0,88570800.000,0,-,-,-,-,4865.0000,4864.8000,4863.6000,4863.0000,4862.0000,4867.2000,4867.4000,4867.6000,4868.6000,4869.0000,1,1,2,1,1,1,1,1,1,1
SF,IC2012,2020-04-22 09:31:19.800,4867.4000,3815,0,88570800.000,0,-,-,-,-,4865.0000,4864.8000,4863.6000,4863.0000,4862.0000,4867.2000,4867.4000,4868.6000,4869.0000,4871.0000,1,1,2,1,1,1,1,1,1,1
SF,IC2012,2020-04-22 09:31:20.800,4867.4000,3815,0,88570800.000,0,-,-,-,-,4865.0000,4864.8000,4863.6000,4863.0000,4862.0000,4867.4000,4868.6000,4869.0000,4871.0000,4875.6000,1,1,2,1,1,1,1,1,1,1
SF,IC2012,2020-04-22 09:31:21.300,4867.4000,3815,0,88570800.000,0,-,-,-,-,4865.0000,4864.8000,4863.6000,4863.0000,4862.0000,4868.6000,4869.0000,4871.0000,4875.6000,4880.0000,1,1,2,1,1,1,1,1,1,1
SF,IC2012,2020-04-22 09:31:21.800,4867.4000,3815,0,88570800.000,0,-,-,-,-,4865.2000,4865.0000,4864.8000,4863.6000,4862.0000,4868.6000,4869.0000,4871.0000,4875.6000,4880.0000,2,1,1,1,1,1,1,1,1,1
SF,IC2012,2020-04-22 09:31:22.300,4867.4000,3815,0,88570800.000,0,-,-,-,-,4865.6000,4865.4000,4865.2000,4863.6000,4862.0000,4868.6000,4869.0000,4871.0000,4875.6000,4880.0000,1,1,3,1,1,1,1,1,1,1
SF,IC2012,2020-04-22 09:31:22.800,4867.4000,3815,0,88570800.000,0,-,-,-,-,4865.8000,4865.6000,4865.4000,4865.2000,4863.6000,4868.6000,4869.0000,4871.0000,4875.6000,4880.0000,2,1,1,1,1,1,1,1,1,1
SF,IC2012,2020-04-22 09:31:23.300,4867.4000,3815,0,88570800.000,0,-,-,-,-,4866.0000,4865.8000,4863.6000,4862.0000,4853.6000,4868.6000,4869.0000,4875.0000,4875.6000,4880.0000,2,2,1,1,5,1,1,1,1,1
SF,IC2012,2020-04-22 09:31:23.800,4867.4000,3815,0,88570800.000,0,-,-,-,-,4866.6000,4866.2000,4866.0000,4865.8000,4863.6000,4868.6000,4869.0000,4875.0000,4875.6000,4880.0000,1,1,2,1,1,1,1,1,1,1
SF,IC2012,2020-04-22 09:31:24.300,4867.4000,3815,0,88570800.000,0,-,-,-,-,4866.0000,4865.8000,4863.6000,4862.0000,4853.6000,4868.6000,4869.0000,4875.0000,4875.6000,4880.0000,2,1,1,1,5,1,1,1,1,1
SF,IC2012,2020-04-22 09:31:24.800,4867.4000,3815,0,88570800.000,0,-,-,-,-,4866.2000,4866.0000,4865.8000,4863.6000,4862.0000,4868.6000,4869.0000,4875.0000,4875.6000,4880.0000,1,2,1,1,1,1,1,1,1,1
SF,IC2012,2020-04-22 09:31:25.300,4867.4000,3815,0,88570800.000,0,-,-,-,-,4866.4000,4866.0000,4865.8000,4863.6000,4862.0000,4868.4000,4868.6000,4869.0000,4875.0000,4875.6000,1,1,1,1,1,1,1,1,1,1
SF,IC2012,2020-04-22 09:31:25.800,4867.4000,3815,0,88570800.000,0,-,-,-,-,4866.4000,4865.8000,4863.6000,4862.0000,4853.6000,4868.4000,4868.6000,4869.0000,4875.0000,4875.6000,1,1,1,1,5,1,1,1,1,1
SF,IC2012,2020-04-22 09:31:26.800,4867.4000,3815,0,88570800.000,0,-,-,-,-,4866.8000,4866.4000,4865.8000,4863.6000,4862.0000,4868.4000,4868.6000,4869.0000,4875.0000,4875.6000,1,1,1,1,1,1,1,1,1,1
SF,IC2012,2020-04-22 09:31:27.800,4868.4000,3814,-1,89544480.000,1,0,1,双平,S,4867.0000,4866.8000,4866.4000,4865.8000,4863.6000,4868.6000,4869.0000,4875.0000,4875.6000,4880.0000,1,1,1,1,1,1,1,1,1,1
SF,IC2012,2020-04-22 09:31:28.300,4868.4000,3814,0,89544480.000,0,-,-,-,-,4867.2000,4867.0000,4866.4000,4865.8000,4863.6000,4868.6000,4869.0000,4875.0000,4875.6000,4880.0000,1,1,1,1,1,1,1,1,1,1
SF,IC2012,2020-04-22 09:31:28.800,4868.4000,3814,0,89544480.000,0,-,-,-,-,4867.4000,4867.2000,4867.0000,4866.4000,4865.8000,4868.6000,4869.0000,4875.0000,4875.6000,4880.0000,1,1,1,1,1,1,1,1,1,1
SF,IC2012,2020-04-22 09:31:29.300,4868.6000,3814,0,90518200.000,1,0,1,多换,S,4867.6000,4867.4000,4867.0000,4866.4000,4865.8000,4875.0000,4875.6000,4879.6000,4880.0000,4886.0000,1,1,1,1,1,1,1,3,1,1
SF,IC2012,2020-04-22 09:31:29.800,4868.6000,3814,0,90518200.000,0,-,-,-,-,4867.8000,4867.6000,4867.4000,4867.0000,4866.4000,4872.8000,4874.8000,4875.0000,4875.6000,4879.6000,1,1,1,1,1,1,1,1,1,3
SF,IC2012,2020-04-22 09:31:30.300,4868.6000,3814,0,90518200.000,0,-,-,-,-,4868.0000,4867.8000,4867.4000,4867.0000,4866.4000,4872.8000,4874.8000,4875.0000,4875.6000,4879.6000,1,1,1,1,1,1,1,1,1,3
SF,IC2012,2020-04-22 09:31:30.800,4868.6000,3814,0,90518200.000,0,-,-,-,-,4868.2000,4868.0000,4867.4000,4867.0000,4866.4000,4872.8000,4874.8000,4875.6000,4879.6000,4880.0000,1,1,1,1,1,1,1,1,3,1
SF,IC2012,2020-04-22 09:31:31.300,4868.6000,3814,0,90518200.000,0,-,-,-,-,4868.4000,4868.2000,4867.4000,4867.0000,4866.4000,4872.0000,4872.8000,4874.8000,4875.6000,4879.6000,1,1,1,1,1,3,1,1,1,3
SF,IC2012,2020-04-22 09:31:31.800,4868.6000,3814,0,90518200.000,0,-,-,-,-,4868.6000,4867.4000,4867.0000,4866.4000,4863.6000,4872.0000,4872.8000,4874.8000,4875.6000,4879.6000,1,1,1,1,1,3,1,1,1,3
SF,IC2012,2020-04-22 09:31:32.300,4868.6000,3814,0,90518200.000,0,-,-,-,-,4868.6000,4867.4000,4867.0000,4866.4000,4863.6000,4872.0000,4872.8000,4874.8000,4875.6000,4879.6000,1,1,1,1,1,3,1,1,1,3
SF,IC2012,2020-04-22 09:31:32.800,4868.6000,3814,0,90518200.000,0,-,-,-,-,4868.6000,4867.4000,4867.0000,4866.4000,4863.6000,4871.8000,4872.0000,4874.8000,4875.6000,4879.6000,1,1,1,1,1,1,3,1,1,3
SF,IC2012,2020-04-22 09:31:33.300,4868.6000,3814,0,90518200.000,0,-,-,-,-,4868.8000,4868.6000,4867.4000,4867.0000,4866.4000,4871.8000,4872.0000,4873.6000,4875.6000,4879.6000,1,1,1,1,1,1,2,1,1,3
SF,IC2012,2020-04-22 09:31:33.800,4868.6000,3814,0,90518200.000,0,-,-,-,-,4869.0000,4868.8000,4867.4000,4863.6000,4862.0000,4871.8000,4873.6000,4875.6000,4879.6000,4886.0000,1,3,1,1,1,1,1,1,3,1
SF,IC2012,2020-04-22 09:31:34.300,4871.8000,3814,0,91492560.000,1,0,1,多换,S,4869.2000,4869.0000,4868.8000,4868.6000,4863.6000,4875.6000,4878.4000,4879.6000,4886.0000,4893.8000,1,1,2,1,1,1,1,3,1,1
SF,IC2012,2020-04-22 09:31:34.800,4871.8000,3814,0,91492560.000,0,-,-,-,-,4869.4000,4868.8000,4868.6000,4863.6000,4862.0000,4873.8000,4875.4000,4875.6000,4877.6000,4878.4000,1,1,1,1,1,1,1,1,1,1
SF,IC2012,2020-04-22 09:31:35.300,4871.8000,3814,0,91492560.000,0,-,-,-,-,4869.8000,4869.4000,4868.8000,4868.6000,4863.6000,4873.8000,4875.4000,4875.6000,4877.6000,4878.4000,1,1,1,1,1,1,1,1,1,1
SF,IC2012,2020-04-22 09:31:35.800,4871.8000,3814,0,91492560.000,0,-,-,-,-,4869.8000,4869.4000,4868.8000,4868.6000,4863.6000,4873.2000,4873.8000,4875.4000,4875.6000,4877.6000,1,1,1,1,1,2,1,1,1,1
SF,IC2012,2020-04-22 09:31:36.300,4871.8000,3814,0,91492560.000,0,-,-,-,-,4869.8000,4868.8000,4868.6000,4863.6000,4862.0000,4873.2000,4873.8000,4875.4000,4875.6000,4877.6000,1,1,2,1,1,2,1,1,1,1
SF,IC2012,2020-04-22 09:31:36.800,4869.8000,3813,-1,92466520.000,1,0,1,双平,S,4868.8000,4868.6000,4863.6000,4862.0000,4853.6000,4869.8000,4873.2000,4873.8000,4875.4000,4875.6000,1,2,1,1,5,1,2,1,1,1
SF,IC2012,2020-04-22 09:31:37.300,4873.8000,3815,2,97339080.000,5,3,2,空开,S,4868.8000,4868.6000,4864.8000,4863.6000,4862.0000,4875.6000,4878.4000,4879.6000,4886.0000,4893.8000,1,2,1,1,1,1,1,3,1,1
SF,IC2012,2020-04-22 09:31:37.800,4873.8000,3815,0,97339080.000,0,-,-,-,-,4869.2000,4869.0000,4868.6000,4864.8000,4863.6000,4875.4000,4875.6000,4878.4000,4879.6000,4886.0000,1,2,2,1,1,1,1,1,3,1
SF,IC2012,2020-04-22 09:31:38.300,4873.8000,3815,0,97339080.000,0,-,-,-,-,4869.4000,4869.2000,4868.6000,4864.8000,4863.6000,4874.2000,4874.8000,4875.4000,4875.6000,4878.4000,1,1,2,1,1,1,2,1,1,1
SF,IC2012,2020-04-22 09:31:38.800,4873.8000,3815,0,97339080.000,0,-,-,-,-,4869.4000,4868.6000,4864.8000,4863.6000,4862.0000,4874.0000,4874.2000,4874.4000,4874.8000,4875.2000,1,2,1,1,1,1,1,1,2,1
SF,IC2012,2020-04-22 09:31:39.300,4873.8000,3815,0,97339080.000,0,-,-,-,-,4869.6000,4869.4000,4868.6000,4864.8000,4863.6000,4873.8000,4874.0000,4874.4000,4874.8000,4875.4000,1,1,1,1,1,1,1,1,2,1
SF,IC2012,2020-04-22 09:31:39.800,4873.8000,3815,0,98313840.000,1,0,1,多换,S,4869.8000,4868.6000,4864.8000,4863.6000,4862.0000,4873.2000,4873.6000,4873.8000,4874.0000,4875.4000,1,1,1,1,1,1,1,1,1,1
SF,IC2012,2020-04-22 09:31:40.300,4869.8000,3815,0,99287800.000,1,0,1,多换,S,4868.6000,4864.8000,4863.6000,4862.0000,4853.6000,4869.6000,4869.8000,4873.2000,4873.6000,4873.8000,1,1,1,1,5,1,1,1,2,1
SF,IC2012,2020-04-22 09:31:40.800,4869.4000,3815,0,101235560.000,2,1,1,多换,S,4868.6000,4864.8000,4863.6000,4862.0000,4853.6000,4869.4000,4869.8000,4872.8000,4873.6000,4873.8000,1,1,1,1,5,1,1,2,1,1
SF,IC2012,2020-04-22 09:31:41.300,4869.4000,3815,0,101235560.000,0,-,-,-,-,4868.6000,4864.8000,4863.6000,4862.0000,4853.6000,4869.4000,4871.6000,4872.8000,4873.2000,4873.6000,1,1,1,1,5,1,1,2,1,1
SF,IC2012,2020-04-22 09:31:41.800,4869.4000,3816,1,102209440.000,1,1,0,双开,S,4869.4000,4868.6000,4864.8000,4863.6000,4862.0000,4871.6000,4872.0000,4872.8000,4873.2000,4873.4000,1,1,1,1,1,1,1,2,1,1
SF,IC2012,2020-04-22 09:31:42.300,4869.4000,3816,0,103183320.000,1,0,1,多换,S,4868.6000,4864.8000,4863.6000,4862.0000,4853.6000,4869.4000,4871.6000,4872.0000,4872.8000,4873.2000,1,1,1,1,5,1,1,1,2,1
SF,IC2012,2020-04-22 09:31:42.800,4871.6000,3816,0,104157640.000,1,0,1,多换,S,4868.6000,4864.8000,4863.6000,4862.0000,4853.6000,4872.8000,4873.2000,4873.4000,4874.0000,4874.8000,1,1,1,1,5,2,1,1,2,1
SF,IC2012,2020-04-22 09:31:43.300,4868.6000,3815,-1,106105080.000,2,0,2,多平,S,4864.8000,4863.6000,4862.0000,4853.6000,4852.2000,4872.8000,4873.2000,4873.4000,4874.0000,4874.8000,1,1,1,5,1,2,1,1,1,1
SF,IC2012,2020-04-22 09:31:43.800,4873.2000,3815,0,110977840.000,5,2,3,多换,S,4867.0000,4865.0000,4864.8000,4863.6000,4862.0000,4871.8000,4872.4000,4874.0000,4874.8000,4875.6000,1,1,1,1,1,1,1,1,1,1
SF,IC2012,2020-04-22 09:31:44.300,4873.2000,3815,0,110977840.000,0,-,-,-,-,4867.2000,4867.0000,4866.4000,4864.8000,4863.6000,4871.8000,4872.4000,4874.0000,4874.2000,4874.8000,1,1,1,1,1,1,1,1,1,1
SF,IC2012,2020-04-22 09:31:44.800,4873.2000,3815,0,110977840.000,0,-,-,-,-,4868.2000,4867.8000,4867.6000,4867.2000,4864.8000,4871.8000,4872.4000,4873.0000,4874.8000,4875.6000,2,1,1,1,1,1,1,2,1,1
SF,IC2012,2020-04-22 09:31:45.300,4873.2000,3815,0,110977840.000,0,-,-,-,-,4868.4000,4868.2000,4867.8000,4867.6000,4867.2000,4871.8000,4872.6000,4872.8000,4873.0000,4873.2000,1,2,1,1,1,1,2,1,5,1
SF,IC2012,2020-04-22 09:31:45.800,4873.2000,3815,0,110977840.000,0,-,-,-,-,4868.6000,4868.4000,4868.2000,4867.6000,4867.2000,4871.8000,4872.4000,4872.6000,4872.8000,4873.0000,1,1,2,1,1,1,1,2,1,5
SF,IC2012,2020-04-22 09:31:46.300,4873.2000,3815,0,110977840.000,0,-,-,-,-,4868.6000,4868.2000,4867.6000,4867.2000,4866.0000,4871.8000,4872.4000,4872.6000,4872.8000,4873.0000,1,1,1,1,1,1,1,2,1,4
SF,IC2012,2020-04-22 09:31:46.800,4873.2000,3815,0,110977840.000,0,-,-,-,-,4868.8000,4868.6000,4867.6000,4867.2000,4866.0000,4871.8000,4872.4000,4872.6000,4872.8000,4873.0000,2,1,1,1,1,1,1,2,1,4
SF,IC2012,2020-04-22 09:31:47.300,4873.2000,3815,0,110977840.000,0,-,-,-,-,4868.8000,4868.6000,4868.4000,4867.6000,4867.2000,4871.8000,4872.4000,4872.6000,4872.8000,4873.0000,2,1,1,1,1,1,1,2,1,4
SF,IC2012,2020-04-22 09:31:47.800,4873.2000,3815,0,110977840.000,0,-,-,-,-,4869.2000,4868.8000,4868.4000,4867.6000,4867.2000,4871.4000,4871.6000,4871.8000,4872.4000,4872.6000,1,2,1,1,1,1,1,1,1,1
SF,IC2012,2020-04-22 09:31:48.300,4873.2000,3815,0,110977840.000,0,-,-,-,-,4869.2000,4868.8000,4868.4000,4867.6000,4867.2000,4871.4000,4871.6000,4871.8000,4872.4000,4872.6000,1,2,1,1,1,1,1,1,1,1
SF,IC2012,2020-04-22 09:31:48.800,4873.2000,3815,0,110977840.000,0,-,-,-,-,4869.2000,4868.8000,4868.4000,4867.6000,4867.2000,4871.6000,4872.4000,4872.6000,4872.8000,4873.0000,1,1,1,1,1,1,1,1,1,4
SF,IC2012,2020-04-22 09:31:49.300,4873.2000,3815,0,110977840.000,0,-,-,-,-,4869.6000,4869.4000,4869.2000,4868.4000,4867.6000,4871.6000,4872.6000,4872.8000,4873.0000,4873.2000,1,2,1,1,1,1,1,1,3,2
SF,IC2012,2020-04-22 09:31:49.800,4873.2000,3815,0,110977840.000,0,-,-,-,-,4869.6000,4869.4000,4869.2000,4868.4000,4867.6000,4871.6000,4873.0000,4873.2000,4873.6000,4874.0000,1,2,1,1,1,1,2,1,1,1
SF,IC2012,2020-04-22 09:31:50.800,4873.2000,3815,0,110977840.000,0,-,-,-,-,4869.8000,4869.6000,4869.4000,4868.4000,4867.6000,4871.6000,4873.0000,4873.6000,4874.0000,4874.6000,1,1,2,1,1,1,2,1,1,1
SF,IC2012,2020-04-22 09:31:51.300,4873.2000,3815,0,110977840.000,0,-,-,-,-,4869.8000,4869.6000,4869.4000,4868.4000,4867.6000,4871.6000,4873.0000,4873.2000,4873.6000,4874.0000,1,1,2,1,1,1,2,1,1,1
SF,IC2012,2020-04-22 09:31:51.800,4871.6000,3816,1,111952160.000,1,1,0,双开,S,4869.8000,4869.6000,4869.4000,4868.4000,4867.6000,4873.0000,4873.2000,4873.6000,4874.0000,4874.6000,1,1,2,1,1,2,1,1,1,1
SF,IC2012,2020-04-22 09:31:52.300,4871.6000,3816,0,111952160.000,0,-,-,-,-,4869.8000,4869.6000,4869.4000,4868.4000,4867.6000,4872.6000,4873.0000,4873.2000,4873.6000,4874.0000,1,1,1,1,1,1,2,1,1,1
SF,IC2012,2020-04-22 09:31:52.800,4871.6000,3816,0,111952160.000,0,-,-,-,-,4871.6000,4869.8000,4869.4000,4868.4000,4867.6000,4873.0000,4873.2000,4873.6000,4874.0000,4874.6000,1,1,1,1,1,2,1,1,1,1
SF,IC2012,2020-04-22 09:31:53.300,4871.6000,3815,-1,112926480.000,1,0,1,双平,S,4869.8000,4869.4000,4868.4000,4867.6000,4867.2000,4871.6000,4873.0000,4873.2000,4873.6000,4874.0000,1,1,1,1,1,1,2,1,1,1
SF,IC2012,2020-04-22 09:31:53.800,4871.6000,3815,0,112926480.000,0,-,-,-,-,4869.8000,4868.4000,4867.6000,4867.2000,4865.8000,4871.6000,4873.0000,4873.2000,4873.6000,4874.0000,1,1,1,1,1,2,2,1,1,1
SF,IC2012,2020-04-22 09:31:54.300,4871.6000,3816,1,113900800.000,1,1,0,双开,S,4869.8000,4868.4000,4867.6000,4867.2000,4865.8000,4871.4000,4873.0000,4873.2000,4873.6000,4874.0000,1,1,1,1,1,1,2,1,1,1
SF,IC2012,2020-04-22 09:31:54.800,4871.6000,3816,0,113900800.000,0,-,-,-,-,4869.8000,4868.4000,4867.6000,4867.2000,4865.8000,4871.4000,4873.0000,4873.2000,4873.6000,4874.0000,1,1,1,1,1,2,2,1,1,1
SF,IC2012,2020-04-22 09:31:55.300,4871.6000,3816,0,113900800.000,0,-,-,-,-,4868.4000,4867.6000,4867.2000,4865.8000,4864.8000,4871.4000,4873.0000,4873.2000,4873.6000,4874.0000,1,1,1,1,1,2,2,1,1,1
SF,IC2012,2020-04-22 09:31:55.800,4871.6000,3816,0,113900800.000,0,-,-,-,-,4869.0000,4868.4000,4867.6000,4867.2000,4867.0000,4871.2000,4871.4000,4873.0000,4873.2000,4873.6000,1,1,1,1,1,1,1,2,1,1
SF,IC2012,2020-04-22 09:31:56.300,4871.6000,3816,0,113900800.000,0,-,-,-,-,4869.0000,4868.4000,4867.6000,4867.2000,4867.0000,4871.2000,4871.4000,4873.0000,4873.2000,4873.6000,1,1,1,1,1,1,1,2,1,1
SF,IC2012,2020-04-22 09:31:56.800,4871.6000,3816,0,113900800.000,0,-,-,-,-,4869.0000,4868.4000,4867.6000,4867.2000,4867.0000,4871.2000,4873.0000,4873.2000,4873.6000,4874.0000,1,1,1,1,1,1,2,1,1,1
SF,IC2012,2020-04-22 09:31:57.800,4871.2000,3817,1,114875040.000,1,1,0,双开,S,4869.2000,4869.0000,4868.4000,4867.6000,4867.2000,4873.0000,4873.2000,4873.6000,4874.0000,4874.2000,1,1,1,1,1,2,1,1,1,1
SF,IC2012,2020-04-22 09:31:58.300,4871.2000,3817,0,114875040.000,0,-,-,-,-,4869.2000,4869.0000,4868.4000,4867.6000,4867.2000,4871.8000,4872.4000,4873.0000,4873.6000,4874.0000,1,1,1,1,1,1,1,2,1,1
SF,IC2012,2020-04-22 09:31:59.300,4871.2000,3817,0,114875040.000,0,-,-,-,-,4869.2000,4869.0000,4868.4000,4867.6000,4867.2000,4871.4000,4872.4000,4873.0000,4873.6000,4874.0000,1,1,1,1,1,2,1,2,1,1
SF,IC2012,2020-04-22 09:32:00.300,4871.2000,3817,0,114875040.000,0,-,-,-,-,4869.2000,4869.0000,4868.4000,4867.6000,4867.2000,4871.4000,4873.0000,4873.6000,4874.0000,4874.2000,1,1,1,1,1,2,2,1,1,1
SF,IC2012,2020-04-22 09:32:00.800,4871.2000,3817,0,114875040.000,0,-,-,-,-,4871.2000,4869.2000,4869.0000,4868.4000,4867.6000,4871.4000,4873.0000,4873.6000,4874.0000,4874.2000,1,1,1,1,1,3,2,1,1,1
SF,IC2012,2020-04-22 09:32:01.300,4869.2000,3817,0,116823120.000,2,1,1,多换,S,4868.4000,4867.2000,4867.0000,4865.8000,4864.8000,4869.2000,4871.0000,4871.2000,4871.4000,4873.0000,1,1,1,1,1,1,3,2,1,2
SF,IC2012,2020-04-22 09:32:01.800,4868.4000,3817,0,117796800.000,1,0,1,多换,S,4867.2000,4867.0000,4865.8000,4864.8000,4863.6000,4867.8000,4868.0000,4868.4000,4869.2000,4871.0000,1,1,1,1,1,2,2,1,1,3
SF,IC2012,2020-04-22 09:32:02.300,4868.4000,3817,0,117796800.000,0,-,-,-,-,4867.0000,4865.8000,4864.8000,4863.6000,4862.0000,4867.2000,4867.8000,4868.0000,4868.4000,4869.2000,1,1,1,1,1,1,2,2,2,1
SF,IC2012,2020-04-22 09:32:02.800,4867.0000,3818,1,118770200.000,1,1,0,双开,S,4864.8000,4863.6000,4862.0000,4853.6000,4850.0000,4867.2000,4867.8000,4868.0000,4868.4000,4869.2000,1,1,1,5,1,1,2,2,2,1
SF,IC2012,2020-04-22 09:32:03.300,4867.0000,3818,0,118770200.000,0,-,-,-,-,4866.6000,4865.2000,4864.8000,4863.6000,4862.0000,4867.2000,4867.8000,4868.0000,4868.4000,4869.2000,1,1,1,1,1,1,2,2,1,1
SF,IC2012,2020-04-22 09:32:03.800,4867.2000,3818,0,119743640.000,1,0,1,多换,S,4866.6000,4864.8000,4863.6000,4862.0000,4853.6000,4867.8000,4868.0000,4868.4000,4869.2000,4869.6000,1,1,1,1,5,2,2,1,1,1
SF,IC2012,2020-04-22 09:32:04.300,4867.2000,3818,0,119743640.000,0,-,-,-,-,4866.6000,4865.2000,4864.8000,4863.6000,4862.0000,4867.8000,4868.0000,4868.4000,4869.2000,4869.6000,1,1,1,1,1,2,2,1,1,1
SF,IC2012,2020-04-22 09:32:04.800,4867.2000,3818,0,119743640.000,0,-,-,-,-,4865.2000,4864.8000,4863.6000,4862.0000,4853.6000,4867.8000,4868.0000,4868.4000,4869.2000,4869.6000,1,1,1,1,5,2,2,1,1,1
SF,IC2012,2020-04-22 09:32:05.300,4867.2000,3818,0,119743640.000,0,-,-,-,-,4865.6000,4865.2000,4864.8000,4863.6000,4862.0000,4866.6000,4867.6000,4867.8000,4868.0000,4868.4000,1,1,1,1,1,1,1,2,2,1
SF,IC2012,2020-04-22 09:32:05.800,4867.2000,3818,0,119743640.000,0,-,-,-,-,4865.6000,4865.2000,4864.8000,4863.6000,4862.0000,4866.6000,4867.8000,4868.0000,4868.4000,4869.6000,1,1,1,1,1,1,2,2,1,1
SF,IC2012,2020-04-22 09:32:06.300,4867.2000,3818,0,119743640.000,0,-,-,-,-,4865.2000,4864.8000,4863.6000,4862.0000,4853.6000,4866.6000,4867.8000,4868.0000,4868.4000,4869.6000,1,1,1,1,5,1,2,2,1,1
SF,IC2012,2020-04-22 09:32:06.800,4867.2000,3818,0,119743640.000,0,-,-,-,-,4865.2000,4864.8000,4863.6000,4862.0000,4853.6000,4867.8000,4868.0000,4868.4000,4869.6000,4870.8000,1,1,1,1,5,2,2,1,1,2
SF,IC2012,2020-04-22 09:32:07.300,4867.2000,3818,0,119743640.000,0,-,-,-,-,4865.2000,4864.8000,4863.6000,4862.0000,4853.6000,4867.8000,4868.0000,4868.4000,4869.6000,4869.8000,1,1,1,1,5,2,2,1,1,1
SF,IC2012,2020-04-22 09:32:07.800,4867.2000,3818,0,119743640.000,0,-,-,-,-,4865.2000,4864.8000,4863.6000,4862.0000,4853.6000,4867.2000,4867.8000,4868.0000,4868.4000,4869.6000,1,1,1,1,5,2,2,2,1,1
SF,IC2012,2020-04-22 09:32:08.300,4867.2000,3818,0,119743640.000,0,-,-,-,-,4865.2000,4864.8000,4863.6000,4862.0000,4853.6000,4867.2000,4867.6000,4867.8000,4868.0000,4868.4000,1,1,1,1,5,2,1,2,2,1
SF,IC2012,2020-04-22 09:32:08.800,4867.2000,3818,0,119743640.000,0,-,-,-,-,4864.8000,4863.6000,4862.0000,4853.6000,4850.0000,4867.2000,4867.6000,4867.8000,4868.0000,4868.4000,1,1,1,5,1,2,1,2,2,1
SF,IC2012,2020-04-22 09:32:09.300,4867.2000,3818,0,119743640.000,0,-,-,-,-,4864.8000,4863.6000,4862.0000,4853.6000,4850.0000,4866.8000,4867.0000,4867.2000,4867.8000,4868.0000,2,1,1,5,1,1,2,3,2,2
SF,IC2012,2020-04-22 09:32:09.800,4867.2000,3818,0,119743640.000,0,-,-,-,-,4864.8000,4863.6000,4862.0000,4853.6000,4850.0000,4867.0000,4867.2000,4867.8000,4868.0000,4868.4000,2,1,1,5,1,2,3,2,2,1
SF,IC2012,2020-04-22 09:32:10.300,4864.8000,3817,-1,120716600.000,1,0,1,双平,S,4864.8000,4863.6000,4862.0000,4853.6000,4850.0000,4867.0000,4867.2000,4867.8000,4868.0000,4868.4000,1,1,1,5,1,1,3,2,2,1
SF,IC2012,2020-04-22 09:32:10.800,4864.8000,3817,0,120716600.000,0,-,-,-,-,4863.6000,4862.0000,4853.6000,4850.0000,4843.2000,4864.8000,4866.6000,4867.0000,4867.2000,4867.8000,1,1,5,1,1,1,2,1,1,2
SF,IC2012,2020-04-22 09:32:11.300,4863.6000,3816,-1,121689320.000,1,0,1,双平,S,4863.8000,4863.6000,4862.0000,4853.6000,4850.0000,4864.8000,4866.6000,4867.0000,4867.2000,4870.8000,1,1,1,5,1,1,2,1,1,1
SF,IC2012,2020-04-22 09:32:11.800,4863.6000,3816,0,121689320.000,0,-,-,-,-,4863.8000,4863.6000,4862.0000,4853.6000,4850.0000,4864.8000,4866.6000,4866.8000,4867.0000,4867.2000,1,1,1,5,1,1,2,1,1,1
SF,IC2012,2020-04-22 09:32:12.300,4864.8000,3816,0,122662280.000,1,0,1,多换,S,4863.8000,4863.6000,4862.0000,4853.6000,4850.0000,4866.6000,4866.8000,4867.0000,4867.2000,4868.4000,1,1,1,5,1,2,1,1,1,1
SF,IC2012,2020-04-22 09:32:12.800,4864.8000,3816,0,122662280.000,0,-,-,-,-,4863.6000,4862.0000,4853.6000,4850.0000,4843.2000,4866.4000,4866.8000,4867.0000,4868.4000,4868.8000,1,1,5,1,1,1,1,1,1,1
SF,IC2012,2020-04-22 09:32:13.300,4864.8000,3816,0,122662280.000,0,-,-,-,-,4863.6000,4862.0000,4853.6000,4850.0000,4843.2000,4866.2000,4866.4000,4866.8000,4867.0000,4868.4000,1,1,5,1,1,1,1,1,1,1
SF,IC2012,2020-04-22 09:32:13.800,4864.8000,3816,0,122662280.000,0,-,-,-,-,4863.6000,4862.0000,4853.6000,4850.0000,4843.2000,4866.2000,4866.4000,4866.8000,4867.0000,4868.4000,1,1,5,1,1,1,1,1,1,1
SF,IC2012,2020-04-22 09:32:14.300,4864.8000,3816,0,122662280.000,0,-,-,-,-,4862.0000,4853.6000,4850.0000,4843.2000,4841.8000,4866.0000,4866.2000,4866.4000,4866.8000,4868.4000,1,5,1,1,1,1,1,1,1,1
SF,IC2012,2020-04-22 09:32:14.800,4864.8000,3816,0,122662280.000,0,-,-,-,-,4863.0000,4862.0000,4853.6000,4850.0000,4843.2000,4866.0000,4866.2000,4866.4000,4866.8000,4868.8000,1,1,5,1,1,1,1,1,1,1
SF,IC2012,2020-04-22 09:32:15.800,4864.8000,3816,0,122662280.000,0,-,-,-,-,4863.0000,4862.0000,4853.6000,4850.0000,4843.2000,4865.8000,4866.0000,4866.2000,4866.8000,4868.8000,1,1,5,1,1,1,1,1,1,1
SF,IC2012,2020-04-22 09:32:16.800,4864.8000,3816,0,122662280.000,0,-,-,-,-,4863.4000,4863.0000,4862.0000,4853.6000,4850.0000,4866.0000,4866.2000,4866.8000,4868.8000,4870.8000,1,1,1,5,1,1,1,1,1,1
SF,IC2012,2020-04-22 09:32:17.300,4866.0000,3816,0,123635480.000,1,0,1,多换,S,4863.4000,4863.2000,4863.0000,4862.0000,4853.6000,4866.2000,4866.8000,4868.8000,4870.8000,4872.0000,1,1,1,1,5,1,1,1,1,1
SF,IC2012,2020-04-22 09:32:17.800,4866.0000,3816,0,123635480.000,0,-,-,-,-,4863.2000,4863.0000,4862.0000,4853.6000,4850.0000,4866.2000,4866.8000,4868.8000,4870.8000,4872.0000,1,1,1,5,1,1,1,1,1,1
SF,IC2012,2020-04-22 09:32:18.800,4866.0000,3816,0,123635480.000,0,-,-,-,-,4863.2000,4862.0000,4853.6000,4850.0000,4843.2000,4866.0000,4866.2000,4866.8000,4868.8000,4870.8000,1,1,5,1,1,1,1,1,1,1
SF,IC2012,2020-04-22 09:32:19.300,4866.0000,3816,0,123635480.000,0,-,-,-,-,4863.2000,4862.0000,4853.6000,4850.0000,4843.2000,4865.6000,4866.0000,4866.2000,4866.8000,4868.8000,1,1,5,1,1,1,1,1,1,1
SF,IC2012,2020-04-22 09:32:19.800,4866.0000,3816,0,123635480.000,0,-,-,-,-,4863.2000,4862.0000,4853.6000,4850.0000,4843.2000,4866.0000,4866.2000,4866.8000,4868.8000,4870.0000,1,1,5,1,1,1,1,1,1,2
SF,IC2012,2020-04-22 09:32:20.300,4866.0000,3816,0,123635480.000,0,-,-,-,-,4863.2000,4862.0000,4853.6000,4850.0000,4843.2000,4866.0000,4866.2000,4866.8000,4870.0000,4870.8000,1,1,5,1,1,1,1,1,2,1
SF,IC2012,2020-04-22 09:32:21.300,4866.0000,3816,0,123635480.000,0,-,-,-,-,4863.2000,4862.0000,4853.6000,4850.0000,4843.2000,4865.6000,4866.0000,4866.2000,4866.8000,4870.0000,1,1,5,1,1,2,1,1,1,2
SF,IC2012,2020-04-22 09:32:22.300,4866.0000,3816,0,123635480.000,0,-,-,-,-,4862.0000,4853.6000,4850.0000,4843.2000,4841.8000,4866.0000,4866.2000,4866.8000,4870.0000,4870.8000,1,5,1,1,1,1,1,1,2,1
SF,IC2012,2020-04-22 09:32:22.800,4866.0000,3816,0,123635480.000,0,-,-,-,-,4863.0000,4862.2000,4862.0000,4853.6000,4850.0000,4866.0000,4866.2000,4866.8000,4870.0000,4870.8000,1,1,1,5,1,1,1,1,2,1
SF,IC2012,2020-04-22 09:32:23.300,4866.0000,3816,0,123635480.000,0,-,-,-,-,4863.2000,4863.0000,4862.0000,4853.6000,4850.0000,4866.0000,4866.2000,4866.8000,4870.0000,4870.8000,1,1,1,5,1,1,1,1,2,1
SF,IC2012,2020-04-22 09:32:23.800,4866.0000,3816,0,123635480.000,0,-,-,-,-,4863.4000,4863.2000,4863.0000,4862.0000,4853.6000,4865.6000,4866.0000,4866.2000,4866.8000,4870.0000,1,1,1,1,5,1,1,1,1,2
SF,IC2012,2020-04-22 09:32:27.800,4866.0000,3816,0,123635480.000,0,-,-,-,-,4863.2000,4863.0000,4862.0000,4853.6000,4850.0000,4865.6000,4866.0000,4866.2000,4866.8000,4870.0000,1,1,1,5,1,1,1,1,1,2
SF,IC2012,2020-04-22 09:32:28.300,4866.0000,3816,0,123635480.000,0,-,-,-,-,4863.2000,4863.0000,4862.0000,4853.6000,4850.0000,4865.6000,4866.0000,4866.8000,4870.0000,4870.8000,1,1,1,5,1,1,1,1,2,1
SF,IC2012,2020-04-22 09:32:29.300,4866.0000,3816,0,123635480.000,0,-,-,-,-,4863.2000,4863.0000,4862.0000,4853.6000,4850.0000,4865.2000,4865.6000,4866.0000,4866.8000,4870.0000,1,1,1,5,1,1,1,1,1,2
SF,IC2012,2020-04-22 09:32:29.800,4866.0000,3816,0,123635480.000,0,-,-,-,-,4863.0000,4862.0000,4853.6000,4850.0000,4843.2000,4865.0000,4865.6000,4866.0000,4866.8000,4870.0000,1,1,5,1,1,2,1,1,1,2
SF,IC2012,2020-04-22 09:32:30.300,4866.0000,3816,0,123635480.000,0,-,-,-,-,4863.0000,4862.0000,4853.6000,4850.0000,4843.2000,4865.0000,4865.6000,4866.0000,4866.8000,4870.0000,1,1,5,1,1,2,1,1,1,2
SF,IC2012,2020-04-22 09:32:30.800,4866.0000,3816,0,123635480.000,0,-,-,-,-,4862.0000,4853.6000,4850.0000,4843.2000,4841.8000,4865.0000,4865.6000,4866.0000,4866.8000,4870.0000,1,5,1,1,1,2,1,1,1,2
SF,IC2012,2020-04-22 09:32:31.300,4866.0000,3816,0,123635480.000,0,-,-,-,-,4862.0000,4853.6000,4850.0000,4843.2000,4841.8000,4864.8000,4865.0000,4865.6000,4866.0000,4866.8000,1,5,1,1,1,1,2,1,1,1
SF,IC2012,2020-04-22 09:32:32.300,4866.0000,3816,0,123635480.000,0,-,-,-,-,4862.0000,4853.6000,4853.0000,4850.0000,4843.2000,4864.2000,4865.0000,4865.6000,4866.0000,4866.8000,1,5,1,1,1,2,2,1,1,1
SF,IC2012,2020-04-22 09:32:32.800,4866.0000,3816,0,123635480.000,0,-,-,-,-,4862.2000,4862.0000,4853.6000,4853.0000,4850.0000,4864.2000,4865.0000,4865.6000,4866.0000,4870.0000,1,1,5,1,1,2,2,1,1,2
SF,IC2012,2020-04-22 09:32:33.300,4866.0000,3816,0,123635480.000,0,-,-,-,-,4862.4000,4862.2000,4862.0000,4853.6000,4853.0000,4865.0000,4865.6000,4866.0000,4870.0000,4870.8000,1,1,1,5,1,2,1,1,2,1
SF,IC2012,2020-04-22 09:32:33.800,4866.0000,3816,0,123635480.000,0,-,-,-,-,4862.6000,4862.4000,4862.0000,4853.6000,4853.0000,4865.0000,4865.6000,4866.0000,4870.0000,4870.8000,1,1,1,5,1,2,1,1,2,1
SF,IC2012,2020-04-22 09:32:34.300,4866.0000,3816,0,123635480.000,0,-,-,-,-,4863.0000,4862.6000,4862.0000,4853.6000,4853.0000,4865.0000,4865.6000,4866.0000,4870.0000,4870.8000,1,2,1,5,1,2,1,1,2,1
SF,IC2012,2020-04-22 09:32:34.800,4866.0000,3816,0,123635480.000,0,-,-,-,-,4863.2000,4862.6000,4862.0000,4853.6000,4853.0000,4865.0000,4865.6000,4866.0000,4870.0000,4870.8000,2,1,1,5,1,2,1,1,2,1
SF,IC2012,2020-04-22 09:32:35.300,4866.0000,3816,0,123635480.000,0,-,-,-,-,4863.2000,4862.6000,4862.0000,4853.6000,4853.0000,4865.0000,4865.6000,4870.0000,4870.8000,4872.0000,2,1,1,5,1,2,1,2,1,1
SF,IC2012,2020-04-22 09:32:36.300,4865.2000,3818,2,125581560.000,2,2,0,双开,S,4863.2000,4862.0000,4853.6000,4853.0000,4850.0000,4865.6000,4870.0000,4870.8000,4872.0000,4872.2000,2,1,5,1,1,1,2,1,1,3
SF,IC2012,2020-04-22 09:32:36.800,4865.6000,3818,0,126554680.000,1,0,1,多换,S,4863.6000,4863.4000,4863.2000,4862.0000,4853.6000,4870.0000,4870.8000,4872.0000,4872.2000,4872.6000,2,1,1,1,5,2,1,1,3,1
SF,IC2012,2020-04-22 09:32:37.300,4865.6000,3818,0,126554680.000,0,-,-,-,-,4863.8000,4863.6000,4862.0000,4853.6000,4853.0000,4870.0000,4870.8000,4872.0000,4872.2000,4872.6000,3,1,1,5,1,2,1,1,3,1
SF,IC2012,2020-04-22 09:32:37.800,4865.6000,3818,0,126554680.000,0,-,-,-,-,4863.8000,4862.0000,4853.6000,4853.0000,4850.0000,4868.4000,4870.0000,4870.8000,4872.0000,4872.2000,3,1,5,1,1,2,2,1,1,3
SF,IC2012,2020-04-22 09:32:38.300,4865.6000,3818,0,126554680.000,0,-,-,-,-,4864.2000,4863.8000,4862.0000,4853.6000,4853.0000,4868.4000,4869.0000,4870.0000,4870.8000,4872.0000,1,2,1,5,1,2,1,2,1,1
SF,IC2012,2020-04-22 09:32:38.800,4865.6000,3818,0,126554680.000,0,-,-,-,-,4864.4000,4862.0000,4853.6000,4853.0000,4850.0000,4868.4000,4869.0000,4870.0000,4870.8000,4872.0000,1,1,5,1,1,3,1,2,1,1
SF,IC2012,2020-04-22 09:32:39.300,4865.6000,3818,0,126554680.000,0,-,-,-,-,4864.4000,4862.0000,4853.6000,4853.0000,4850.0000,4868.4000,4869.0000,4870.0000,4870.8000,4872.0000,1,1,5,1,1,3,1,2,1,1
SF,IC2012,2020-04-22 09:32:39.800,4865.6000,3818,0,126554680.000,0,-,-,-,-,4864.6000,4864.4000,4862.0000,4853.6000,4853.0000,4867.8000,4868.4000,4870.0000,4870.8000,4872.0000,2,1,1,5,1,1,3,2,1,1
SF,IC2012,2020-04-22 09:32:40.300,4865.6000,3818,0,126554680.000,0,-,-,-,-,4865.0000,4864.8000,4864.6000,4864.4000,4862.0000,4867.8000,4868.4000,4870.0000,4870.8000,4872.0000,1,1,2,1,1,1,3,2,1,1
SF,IC2012,2020-04-22 09:32:40.800,4865.6000,3818,0,126554680.000,0,-,-,-,-,4865.2000,4864.6000,4864.4000,4862.0000,4853.6000,4867.4000,4867.8000,4868.4000,4870.0000,4870.8000,2,1,1,1,5,1,1,3,2,1
SF,IC2012,2020-04-22 09:32:41.300,4865.6000,3818,0,126554680.000,0,-,-,-,-,4865.2000,4864.6000,4862.0000,4853.6000,4853.0000,4867.4000,4867.8000,4868.4000,4870.0000,4870.8000,2,1,1,5,1,1,1,3,2,1
SF,IC2012,2020-04-22 09:32:41.800,4865.6000,3818,0,126554680.000,0,-,-,-,-,4865.2000,4864.6000,4862.0000,4853.6000,4853.0000,4867.4000,4868.4000,4870.0000,4870.8000,4872.0000,2,1,1,5,1,1,3,2,1,1
SF,IC2012,2020-04-22 09:32:42.800,4865.6000,3818,0,126554680.000,0,-,-,-,-,4865.2000,4864.6000,4862.0000,4853.6000,4853.0000,4867.4000,4868.4000,4870.0000,4870.8000,4872.0000,2,1,1,5,1,1,1,2,1,1
SF,IC2012,2020-04-22 09:32:43.800,4865.2000,3818,0,128500760.000,2,1,1,多换,S,4864.6000,4862.0000,4853.6000,4853.0000,4850.0000,4866.8000,4867.4000,4868.4000,4870.8000,4872.0000,1,1,5,1,1,2,1,1,1,1
SF,IC2012,2020-04-22 09:32:44.300,4865.2000,3818,0,128500760.000,0,-,-,-,-,4862.0000,4853.6000,4853.0000,4850.0000,4843.2000,4865.2000,4866.8000,4867.0000,4868.4000,4870.8000,1,5,1,1,1,3,2,1,1,1
SF,IC2012,2020-04-22 09:32:44.800,4865.2000,3818,0,128500760.000,0,-,-,-,-,4862.4000,4862.0000,4853.6000,4853.0000,4850.0000,4865.2000,4866.8000,4867.0000,4868.4000,4870.8000,2,1,5,1,1,2,2,1,1,1
SF,IC2012,2020-04-22 09:32:45.300,4865.2000,3818,0,128500760.000,0,-,-,-,-,4862.8000,4862.4000,4862.0000,4853.6000,4853.0000,4864.8000,4865.0000,4866.8000,4868.4000,4870.8000,1,1,1,5,1,2,1,2,1,1
SF,IC2012,2020-04-22 09:32:45.800,4864.8000,3818,0,129473720.000,1,0,1,多换,S,4863.0000,4862.6000,4862.0000,4853.6000,4853.0000,4864.8000,4865.0000,4866.8000,4868.4000,4870.8000,1,1,1,5,1,1,1,2,1,1
SF,IC2012,2020-04-22 09:32:46.800,4864.8000,3818,0,129473720.000,0,-,-,-,-,4863.2000,4863.0000,4862.0000,4853.6000,4853.0000,4864.8000,4865.0000,4866.8000,4868.4000,4870.8000,1,1,1,5,1,1,1,2,1,1
SF,IC2012,2020-04-22 09:32:47.300,4864.8000,3818,0,129473720.000,0,-,-,-,-,4862.0000,4853.6000,4853.0000,4850.0000,4843.2000,4864.8000,4865.0000,4866.8000,4868.4000,4870.8000,1,5,1,1,1,1,1,2,1,1
SF,IC2012,2020-04-22 09:32:47.800,4864.8000,3818,0,129473720.000,0,-,-,-,-,4862.0000,4853.6000,4853.0000,4850.0000,4843.2000,4864.4000,4864.6000,4865.0000,4866.8000,4868.4000,2,5,1,1,1,1,1,1,2,1
SF,IC2012,2020-04-22 09:32:48.300,4864.8000,3818,0,129473720.000,0,-,-,-,-,4862.0000,4853.6000,4853.0000,4850.0000,4843.2000,4864.4000,4865.0000,4866.8000,4868.4000,4870.8000,1,5,1,1,1,1,1,2,1,1
SF,IC2012,2020-04-22 09:32:48.800,4864.8000,3818,0,129473720.000,0,-,-,-,-,4862.0000,4853.6000,4853.0000,4850.0000,4843.2000,4863.8000,4865.0000,4866.8000,4868.4000,4870.8000,1,5,1,1,1,1,1,2,1,1
SF,IC2012,2020-04-22 09:32:49.300,4864.8000,3818,0,129473720.000,0,-,-,-,-,4862.0000,4853.6000,4853.0000,4850.0000,4843.2000,4863.8000,4864.0000,4864.4000,4865.0000,4866.8000,1,5,1,1,1,1,1,1,1,2
SF,IC2012,2020-04-22 09:32:49.800,4862.0000,3818,0,130446120.000,1,0,1,多换,S,4853.6000,4853.0000,4850.0000,4843.2000,4841.8000,4862.0000,4863.8000,4864.0000,4866.8000,4868.4000,5,1,1,1,1,1,2,1,2,1
SF,IC2012,2020-04-22 09:32:50.300,4862.0000,3818,0,130446120.000,0,-,-,-,-,4860.0000,4854.6000,4853.8000,4853.6000,4853.0000,4862.0000,4863.6000,4863.8000,4866.8000,4868.4000,1,1,2,5,1,1,2,1,2,1
SF,IC2012,2020-04-22 09:32:50.800,4862.0000,3818,0,130446120.000,0,-,-,-,-,4853.8000,4853.6000,4853.0000,4850.0000,4843.2000,4861.6000,4861.8000,4862.0000,4863.6000,4866.8000,1,5,1,1,1,1,1,1,1,2
SF,IC2012,2020-04-22 09:32:51.300,4862.0000,3818,0,130446120.000,0,-,-,-,-,4859.0000,4854.0000,4853.8000,4853.6000,4853.0000,4861.6000,4862.0000,4863.6000,4866.8000,4868.4000,1,1,1,5,1,1,1,1,2,1
SF,IC2012,2020-04-22 09:32:51.800,4862.0000,3818,0,130446120.000,0,-,-,-,-,4859.0000,4853.8000,4853.6000,4853.0000,4850.0000,4861.6000,4862.0000,4863.6000,4866.8000,4870.8000,1,1,5,1,1,2,1,1,2,1
SF,IC2012,2020-04-22 09:32:52.300,4862.0000,3818,0,130446120.000,0,-,-,-,-,4859.0000,4856.8000,4853.8000,4853.6000,4853.0000,4861.6000,4862.0000,4863.6000,4866.8000,4870.8000,1,1,1,5,1,2,1,1,2,1
SF,IC2012,2020-04-22 09:32:54.300,4862.0000,3818,0,130446120.000,0,-,-,-,-,4859.0000,4856.8000,4853.8000,4853.6000,4853.0000,4861.2000,4861.6000,4862.0000,4863.6000,4866.8000,1,1,1,5,1,1,2,1,1,2
SF,IC2012,2020-04-22 09:32:54.800,4862.0000,3818,0,130446120.000,0,-,-,-,-,4859.0000,4856.8000,4853.8000,4853.6000,4853.0000,4861.6000,4862.0000,4863.6000,4866.8000,4870.8000,1,1,1,5,1,2,1,1,2,1
SF,IC2012,2020-04-22 09:32:55.300,4861.6000,3818,0,131418440.000,1,0,1,多换,S,4861.2000,4859.2000,4859.0000,4856.8000,4853.6000,4861.6000,4863.6000,4866.8000,4870.8000,4872.0000,1,1,1,1,5,1,1,2,1,1
SF,IC2012,2020-04-22 09:32:55.800,4861.6000,3817,-1,132390760.000,1,0,1,双平,S,4861.8000,4861.6000,4861.2000,4859.0000,4856.8000,4863.6000,4866.8000,4870.8000,4872.0000,4872.2000,1,1,1,1,1,1,2,1,1,3
SF,IC2012,2020-04-22 09:32:56.800,4861.8000,3817,0,133363120.000,1,0,1,多换,S,4861.6000,4861.2000,4859.0000,4856.8000,4853.6000,4866.8000,4870.8000,4872.0000,4872.2000,4872.6000,1,1,1,1,5,2,1,1,3,1
SF,IC2012,2020-04-22 09:32:57.300,4861.8000,3817,0,133363120.000,0,-,-,-,-,4861.6000,4861.2000,4859.0000,4856.8000,4853.6000,4864.2000,4866.8000,4870.8000,4872.0000,4872.2000,1,1,1,1,5,1,2,1,1,3
SF,IC2012,2020-04-22 09:32:57.800,4861.8000,3817,0,133363120.000,0,-,-,-,-,4861.8000,4861.6000,4861.2000,4859.0000,4856.8000,4864.2000,4866.8000,4870.8000,4872.0000,4872.2000,1,1,1,1,1,1,2,1,1,3
SF,IC2012,2020-04-22 09:32:58.300,4861.8000,3817,0,133363120.000,0,-,-,-,-,4861.8000,4861.6000,4861.2000,4860.0000,4859.0000,4863.6000,4863.8000,4864.2000,4865.6000,4866.8000,1,1,1,1,1,1,1,1,1,2
SF,IC2012,2020-04-22 09:32:58.800,4861.8000,3816,-1,134335480.000,1,0,1,双平,S,4861.6000,4861.2000,4860.0000,4859.0000,4856.8000,4861.8000,4863.8000,4864.2000,4865.6000,4866.8000,1,1,1,1,1,1,1,1,1,2
SF,IC2012,2020-04-22 09:32:59.300,4861.8000,3817,1,136280200.000,2,1,1,空开,S,4861.2000,4860.0000,4859.0000,4856.8000,4853.6000,4864.2000,4865.6000,4866.8000,4870.8000,4872.0000,1,1,1,1,5,1,1,2,1,1
SF,IC2012,2020-04-22 09:32:59.800,4861.8000,3817,0,136280200.000,0,-,-,-,-,4861.4000,4860.0000,4859.0000,4856.8000,4853.6000,4864.2000,4865.6000,4866.8000,4870.8000,4872.0000,1,1,1,1,5,1,1,2,1,1
SF,IC2012,2020-04-22 09:33:00.300,4861.8000,3817,0,136280200.000,0,-,-,-,-,4861.4000,4860.0000,4859.0000,4856.8000,4853.6000,4864.0000,4864.2000,4865.6000,4866.8000,4870.8000,1,1,1,1,5,2,1,1,2,1
SF,IC2012,2020-04-22 09:33:00.800,4861.8000,3817,0,136280200.000,0,-,-,-,-,4861.8000,4861.6000,4861.4000,4860.0000,4859.0000,4863.4000,4863.8000,4864.0000,4864.2000,4865.6000,1,1,1,1,1,1,2,1,1,1
SF,IC2012,2020-04-22 09:33:01.300,4861.8000,3817,0,136280200.000,0,-,-,-,-,4862.0000,4860.0000,4859.0000,4856.8000,4853.6000,4863.8000,4864.0000,4866.8000,4870.8000,4872.0000,2,1,1,1,5,2,1,2,1,1
SF,IC2012,2020-04-22 09:33:01.800,4861.8000,3817,0,136280200.000,0,-,-,-,-,4862.0000,4860.0000,4859.0000,4856.8000,4853.6000,4863.8000,4866.8000,4870.8000,4872.0000,4872.2000,2,1,1,1,5,2,2,1,1,3
SF,IC2012,2020-04-22 09:33:02.300,4862.0000,3815,-2,139197400.000,3,0,3,多平,S,4860.0000,4859.0000,4856.8000,4853.6000,4853.0000,4862.0000,4863.8000,4866.8000,4870.8000,4872.0000,1,1,1,5,1,1,1,2,1,1
SF,IC2012,2020-04-22 09:33:02.800,4862.0000,3815,0,140169800.000,1,0,1,多换,S,4860.2000,4860.0000,4856.8000,4853.6000,4853.0000,4863.8000,4866.8000,4870.8000,4872.0000,4872.2000,1,1,1,5,1,1,2,1,1,3
SF,IC2012,2020-04-22 09:33:03.300,4862.0000,3815,0,140169800.000,0,-,-,-,-,4862.4000,4860.4000,4860.2000,4860.0000,4856.8000,4863.8000,4866.8000,4867.8000,4870.8000,4872.0000,1,2,1,1,1,1,2,1,1,1
SF,IC2012,2020-04-22 09:33:03.800,4862.0000,3815,0,140169800.000,0,-,-,-,-,4862.4000,4860.6000,4860.4000,4860.2000,4860.0000,4863.6000,4866.8000,4867.8000,4870.8000,4872.0000,1,1,2,1,1,1,2,1,1,1
SF,IC2012,2020-04-22 09:33:04.300,4862.0000,3815,0,140169800.000,0,-,-,-,-,4862.6000,4862.4000,4860.6000,4860.4000,4860.2000,4863.6000,4865.6000,4866.8000,4867.8000,4870.8000,1,1,1,1,1,1,1,2,1,1
SF,IC2012,2020-04-22 09:33:04.800,4862.0000,3815,0,140169800.000,0,-,-,-,-,4862.6000,4860.6000,4860.4000,4860.0000,4856.8000,4863.6000,4865.6000,4866.8000,4867.8000,4870.8000,2,1,1,1,1,1,1,2,1,1
SF,IC2012,2020-04-22 09:33:05.300,4863.6000,3814,-1,141142520.000,1,0,1,双平,S,4863.2000,4860.6000,4860.4000,4860.0000,4856.8000,4865.6000,4866.8000,4867.8000,4870.8000,4872.0000,1,1,1,1,1,1,2,1,1,1
SF,IC2012,2020-04-22 09:33:05.800,4863.2000,3813,-1,142115160.000,1,0,1,双平,S,4862.8000,4860.6000,4860.4000,4860.0000,4856.8000,4865.2000,4865.4000,4865.6000,4866.8000,4867.8000,2,1,1,1,1,1,1,1,2,1
SF,IC2012,2020-04-22 09:33:06.300,4863.2000,3813,0,142115160.000,0,-,-,-,-,4862.8000,4862.2000,4860.6000,4860.4000,4860.0000,4865.0000,4865.6000,4866.8000,4867.8000,4870.8000,1,1,1,1,1,1,1,2,1,1
SF,IC2012,2020-04-22 09:33:06.800,4864.8000,3813,0,143088120.000,1,0,1,多换,S,4862.8000,4860.6000,4860.4000,4860.0000,4856.8000,4865.0000,4865.6000,4866.8000,4869.4000,4870.8000,1,1,1,1,1,1,1,2,1,1
SF,IC2012,2020-04-22 09:33:08.300,4864.8000,3813,0,143088120.000,0,-,-,-,-,4862.8000,4860.6000,4860.4000,4860.0000,4856.8000,4863.8000,4864.8000,4865.0000,4865.6000,4869.4000,1,1,1,1,1,2,1,1,1,1
SF,IC2012,2020-04-22 09:33:08.800,4864.8000,3813,0,143088120.000,0,-,-,-,-,4863.0000,4862.8000,4860.6000,4860.4000,4860.0000,4863.8000,4864.8000,4865.6000,4869.4000,4870.8000,1,1,1,1,1,2,1,1,1,1
SF,IC2012,2020-04-22 09:33:09.300,4864.0000,3812,-1,144060920.000,1,0,1,双平,S,4863.0000,4862.8000,4860.6000,4860.4000,4860.0000,4863.8000,4864.8000,4865.6000,4869.4000,4870.8000,1,1,1,1,1,1,1,1,1,1
SF,IC2012,2020-04-22 09:33:09.800,4864.0000,3812,0,144060920.000,0,-,-,-,-,4862.8000,4860.6000,4860.4000,4860.0000,4856.8000,4863.8000,4864.8000,4865.6000,4869.4000,4870.8000,1,1,1,1,1,1,1,1,1,1
SF,IC2012,2020-04-22 09:33:10.800,4864.0000,3812,0,144060920.000,0,-,-,-,-,4860.6000,4860.4000,4860.0000,4856.8000,4853.6000,4863.8000,4864.8000,4865.6000,4869.4000,4870.8000,1,1,1,1,5,1,1,1,1,1
SF,IC2012,2020-04-22 09:33:11.300,4864.0000,3812,0,144060920.000,0,-,-,-,-,4861.0000,4860.8000,4860.6000,4860.0000,4856.8000,4863.6000,4863.8000,4864.8000,4865.6000,4869.4000,1,4,1,1,1,1,1,1,1,1
SF,IC2012,2020-04-22 09:33:11.800,4864.0000,3812,0,144060920.000,0,-,-,-,-,4861.2000,4861.0000,4860.8000,4860.6000,4860.0000,4863.6000,4863.8000,4864.8000,4865.6000,4869.4000,2,1,3,1,1,1,1,1,1,1
SF,IC2012,2020-04-22 09:33:12.300,4864.0000,3812,0,144060920.000,0,-,-,-,-,4861.6000,4861.4000,4861.2000,4860.8000,4860.6000,4863.4000,4863.8000,4864.8000,4865.6000,4869.4000,1,1,2,1,1,1,1,1,1,1
SF,IC2012,2020-04-22 09:33:12.800,4864.0000,3812,0,144060920.000,0,-,-,-,-,4861.8000,4861.6000,4861.4000,4861.2000,4860.8000,4863.8000,4864.8000,4865.6000,4869.4000,4870.8000,1,1,2,1,1,1,1,1,1,1
SF,IC2012,2020-04-22 09:33:13.300,4864.0000,3812,0,144060920.000,0,-,-,-,-,4861.8000,4861.4000,4860.8000,4860.0000,4856.8000,4863.6000,4863.8000,4864.8000,4865.6000,4869.4000,3,1,1,1,1,1,1,1,1,1
SF,IC2012,2020-04-22 09:33:13.800,4864.0000,3812,0,144060920.000,0,-,-,-,-,4862.0000,4861.8000,4860.8000,4860.0000,4856.8000,4863.6000,4863.8000,4864.8000,4865.6000,4869.4000,1,1,1,1,1,1,1,1,1,1
SF,IC2012,2020-04-22 09:33:15.300,4864.0000,3812,0,144060920.000,0,-,-,-,-,4862.2000,4862.0000,4860.8000,4860.0000,4856.8000,4863.6000,4863.8000,4864.8000,4865.6000,4869.4000,2,1,1,1,1,1,1,1,1,1
SF,IC2012,2020-04-22 09:33:17.300,4864.0000,3812,0,144060920.000,0,-,-,-,-,4862.2000,4862.0000,4860.8000,4860.0000,4856.8000,4863.6000,4863.8000,4864.8000,4865.6000,4868.6000,2,1,1,1,1,1,1,1,1,1
SF,IC2012,2020-04-22 09:33:17.800,4864.0000,3812,0,144060920.000,0,-,-,-,-,4862.4000,4862.2000,4862.0000,4860.8000,4860.0000,4863.6000,4863.8000,4864.8000,4865.6000,4868.6000,1,3,1,1,1,1,1,1,1,1
SF,IC2012,2020-04-22 09:33:18.300,4864.0000,3812,0,144060920.000,0,-,-,-,-,4862.6000,4862.4000,4862.2000,4862.0000,4860.8000,4863.6000,4863.8000,4864.8000,4865.6000,4868.6000,2,1,1,1,1,1,1,1,1,1
SF,IC2012,2020-04-22 09:33:18.800,4864.0000,3812,0,144060920.000,0,-,-,-,-,4862.6000,4862.4000,4862.2000,4862.0000,4860.8000,4863.6000,4863.8000,4864.8000,4865.6000,4868.6000,3,1,1,1,1,1,1,1,1,1
SF,IC2012,2020-04-22 09:33:19.300,4864.0000,3812,0,144060920.000,0,-,-,-,-,4862.8000,4862.6000,4862.4000,4862.2000,4860.8000,4863.6000,4863.8000,4864.8000,4865.6000,4868.6000,2,3,1,1,1,1,1,1,1,1
SF,IC2012,2020-04-22 09:33:19.800,4864.0000,3812,0,144060920.000,0,-,-,-,-,4863.0000,4862.8000,4862.4000,4862.2000,4860.8000,4863.6000,4863.8000,4864.8000,4865.6000,4868.6000,1,3,1,1,1,1,1,1,1,1
SF,IC2012,2020-04-22 09:33:20.800,4864.0000,3812,0,144060920.000,0,-,-,-,-,4863.0000,4862.8000,4862.4000,4862.2000,4860.8000,4863.6000,4863.8000,4864.8000,4865.6000,4868.6000,1,3,1,1,1,1,1,1,1,1
SF,IC2012,2020-04-22 09:33:21.300,4864.0000,3812,0,144060920.000,0,-,-,-,-,4863.0000,4862.8000,4862.2000,4860.8000,4860.0000,4863.6000,4863.8000,4864.8000,4865.6000,4868.6000,1,2,1,1,1,1,1,1,1,1
SF,IC2012,2020-04-22 09:33:21.800,4864.0000,3812,0,144060920.000,0,-,-,-,-,4863.0000,4862.8000,4862.2000,4860.8000,4860.0000,4863.6000,4863.8000,4864.8000,4865.6000,4868.6000,1,1,1,1,1,1,1,1,1,1
SF,IC2012,2020-04-22 09:33:22.300,4863.0000,3812,0,146006080.000,2,1,1,多换,S,4860.8000,4860.0000,4856.8000,4853.6000,4853.0000,4863.0000,4863.6000,4863.8000,4864.8000,4865.6000,1,1,1,5,1,1,1,1,1,1
SF,IC2012,2020-04-22 09:33:22.800,4863.0000,3812,0,146006080.000,0,-,-,-,-,4862.6000,4861.2000,4861.0000,4860.0000,4856.8000,4863.0000,4863.6000,4863.8000,4864.8000,4865.6000,1,1,1,1,1,1,1,2,1,1
SF,IC2012,2020-04-22 09:33:23.300,4862.6000,3813,1,146978600.000,1,1,0,双开,S,4861.0000,4860.0000,4856.8000,4853.6000,4853.0000,4862.4000,4862.8000,4863.0000,4863.6000,4863.8000,1,1,1,5,1,1,1,1,1,2
SF,IC2012,2020-04-22 09:33:23.800,4862.6000,3813,0,146978600.000,0,-,-,-,-,4860.0000,4856.8000,4853.6000,4853.0000,4850.0000,4862.4000,4862.8000,4863.0000,4863.6000,4863.8000,1,1,5,1,1,1,1,1,1,2
SF,IC2012,2020-04-22 09:33:24.300,4862.6000,3813,0,146978600.000,0,-,-,-,-,4860.4000,4860.2000,4860.0000,4856.8000,4853.6000,4862.4000,4862.8000,4863.0000,4863.6000,4863.8000,2,2,1,1,5,1,1,1,1,2
SF,IC2012,2020-04-22 09:33:24.800,4862.6000,3813,0,146978600.000,0,-,-,-,-,4860.6000,4860.4000,4860.2000,4860.0000,4856.8000,4862.4000,4862.8000,4863.0000,4863.6000,4863.8000,2,1,1,1,1,1,1,1,1,2
SF,IC2012,2020-04-22 09:33:25.300,4862.6000,3813,0,146978600.000,0,-,-,-,-,4860.6000,4860.4000,4860.2000,4860.0000,4856.8000,4862.4000,4862.8000,4863.0000,4863.6000,4863.8000,2,1,1,1,1,1,1,1,1,2
SF,IC2012,2020-04-22 09:33:25.800,4863.0000,3814,1,148923760.000,2,1,1,空开,S,4863.0000,4862.4000,4860.6000,4860.2000,4860.0000,4863.6000,4863.8000,4865.6000,4868.6000,4872.0000,3,1,2,1,1,1,2,2,1,1
SF,IC2012,2020-04-22 09:33:26.300,4863.0000,3814,0,149896360.000,1,0,1,多换,S,4863.0000,4862.4000,4860.6000,4860.2000,4860.0000,4863.6000,4863.8000,4865.6000,4868.6000,4872.0000,2,1,2,1,1,1,2,2,1,1
SF,IC2012,2020-04-22 09:33:27.300,4863.0000,3816,2,151841560.000,2,2,0,双开,S,4862.4000,4860.6000,4860.2000,4860.0000,4853.6000,4863.0000,4863.6000,4863.8000,4865.6000,4868.6000,1,2,1,1,5,1,1,2,2,1
SF,IC2012,2020-04-22 09:33:27.800,4863.0000,3816,0,151841560.000,0,-,-,-,-,4860.6000,4860.2000,4860.0000,4853.6000,4853.0000,4862.6000,4862.8000,4863.0000,4863.6000,4863.8000,2,1,1,5,1,1,2,1,1,2
SF,IC2012,2020-04-22 09:33:28.300,4863.0000,3816,0,151841560.000,0,-,-,-,-,4860.8000,4860.6000,4860.2000,4860.0000,4853.6000,4862.6000,4862.8000,4863.0000,4863.6000,4863.8000,1,2,1,1,5,1,2,1,1,2
SF,IC2012,2020-04-22 09:33:28.800,4863.0000,3816,0,151841560.000,0,-,-,-,-,4861.0000,4860.8000,4860.6000,4860.2000,4860.0000,4862.6000,4862.8000,4863.0000,4863.6000,4863.8000,2,1,1,1,1,1,2,1,1,2
SF,IC2012,2020-04-22 09:33:29.300,4863.0000,3816,0,151841560.000,0,-,-,-,-,4861.2000,4861.0000,4860.6000,4860.0000,4853.6000,4862.8000,4863.0000,4863.6000,4863.8000,4865.6000,2,2,1,1,5,2,1,1,2,1
SF,IC2012,2020-04-22 09:33:29.800,4863.6000,3819,3,155732080.000,4,3,1,空开,S,4863.6000,4861.4000,4861.2000,4860.6000,4860.0000,4863.8000,4865.2000,4865.6000,4868.6000,4872.0000,1,3,1,1,1,2,1,1,1,1
SF,IC2012,2020-04-22 09:33:30.300,4863.6000,3819,0,156704800.000,1,0,1,多换,S,4861.4000,4861.2000,4860.6000,4860.0000,4853.6000,4863.6000,4863.8000,4865.2000,4865.6000,4868.6000,2,1,1,1,5,1,3,1,1,1
SF,IC2012,2020-04-22 09:33:30.800,4863.6000,3819,0,156704800.000,0,-,-,-,-,4861.6000,4861.4000,4860.6000,4860.0000,4853.6000,4863.6000,4863.8000,4865.2000,4865.6000,4868.6000,2,2,1,1,5,1,3,1,1,1
SF,IC2012,2020-04-22 09:33:31.300,4863.6000,3819,0,156704800.000,0,-,-,-,-,4861.8000,4861.6000,4860.6000,4860.0000,4853.6000,4863.6000,4863.8000,4865.2000,4865.6000,4868.6000,2,2,1,1,5,1,3,1,1,1
SF,IC2012,2020-04-22 09:33:31.800,4863.6000,3819,0,156704800.000,0,-,-,-,-,4862.0000,4861.8000,4861.6000,4860.6000,4860.0000,4863.6000,4863.8000,4865.2000,4865.6000,4868.6000,1,2,1,1,1,1,3,1,1,1
SF,IC2012,2020-04-22 09:33:32.300,4863.6000,3819,0,156704800.000,0,-,-,-,-,4862.2000,4861.6000,4860.6000,4860.0000,4853.6000,4863.6000,4863.8000,4865.2000,4865.6000,4868.6000,1,1,1,1,5,1,3,1,1,1
SF,IC2012,2020-04-22 09:33:32.800,4863.6000,3819,0,156704800.000,0,-,-,-,-,4861.6000,4860.6000,4860.0000,4853.6000,4853.0000,4863.6000,4863.8000,4865.2000,4868.6000,4872.0000,1,1,1,5,1,1,3,1,1,1
SF,IC2012,2020-04-22 09:33:33.300,4863.6000,3819,0,156704800.000,0,-,-,-,-,4861.8000,4861.6000,4860.6000,4860.0000,4853.6000,4863.4000,4863.6000,4863.8000,4865.2000,4868.6000,2,1,1,1,5,1,1,3,1,1
SF,IC2012,2020-04-22 09:33:33.800,4863.6000,3819,0,156704800.000,0,-,-,-,-,4861.8000,4861.6000,4860.6000,4860.0000,4853.6000,4863.4000,4863.6000,4863.8000,4865.2000,4868.6000,3,1,1,1,5,1,1,3,1,1
SF,IC2012,2020-04-22 09:33:34.300,4863.6000,3819,0,156704800.000,0,-,-,-,-,4862.0000,4861.8000,4861.6000,4860.6000,4860.0000,4863.4000,4863.6000,4863.8000,4865.2000,4868.6000,1,3,1,1,1,1,1,3,1,1
SF,IC2012,2020-04-22 09:33:34.800,4863.6000,3819,0,156704800.000,0,-,-,-,-,4862.2000,4862.0000,4861.8000,4861.6000,4860.6000,4863.4000,4863.6000,4863.8000,4865.2000,4868.6000,1,1,2,1,1,1,1,2,1,1
SF,IC2012,2020-04-22 09:33:35.800,4863.6000,3819,0,156704800.000,0,-,-,-,-,4862.2000,4862.0000,4861.8000,4861.6000,4860.6000,4863.4000,4863.6000,4863.8000,4865.2000,4868.6000,1,1,1,1,1,1,1,2,1,1
SF,IC2012,2020-04-22 09:33:36.300,4863.4000,3819,0,157677480.000,1,0,1,多换,S,4863.4000,4862.2000,4862.0000,4861.8000,4861.6000,4863.6000,4863.8000,4865.2000,4868.6000,4872.0000,4,1,1,1,1,1,2,1,1,1
SF,IC2012,2020-04-22 09:33:36.800,4863.4000,3820,1,161568200.000,4,2,2,空开,S,4862.2000,4862.0000,4861.8000,4861.6000,4860.6000,4863.6000,4863.8000,4865.2000,4868.6000,4872.0000,1,1,1,1,1,2,2,1,1,1
SF,IC2012,2020-04-22 09:33:37.300,4863.4000,3820,0,161568200.000,0,-,-,-,-,4862.2000,4861.8000,4861.6000,4860.6000,4860.0000,4863.6000,4863.8000,4865.2000,4868.6000,4872.0000,1,1,1,1,1,2,2,1,1,1
SF,IC2012,2020-04-22 09:33:37.800,4863.4000,3820,0,161568200.000,0,-,-,-,-,4862.4000,4862.2000,4861.8000,4861.6000,4860.6000,4863.6000,4863.8000,4865.2000,4868.6000,4872.0000,2,1,1,1,1,2,2,1,1,1
SF,IC2012,2020-04-22 09:33:38.300,4863.4000,3820,0,161568200.000,0,-,-,-,-,4862.6000,4862.4000,4861.8000,4861.6000,4860.6000,4863.6000,4863.8000,4865.2000,4868.6000,4872.0000,1,2,1,1,1,2,2,1,1,1
SF,IC2012,2020-04-22 09:33:39.300,4863.4000,3820,0,161568200.000,0,-,-,-,-,4862.6000,4862.4000,4861.8000,4861.6000,4860.6000,4863.6000,4863.8000,4865.2000,4868.6000,4872.0000,1,1,1,1,1,2,2,1,1,1
SF,IC2012,2020-04-22 09:33:41.300,4863.4000,3820,0,161568200.000,0,-,-,-,-,4862.6000,4862.4000,4861.8000,4861.6000,4860.6000,4863.6000,4863.8000,4865.2000,4868.6000,4872.0000,1,1,1,1,1,1,2,1,1,1
SF,IC2012,2020-04-22 09:33:41.800,4863.8000,3821,1,163513680.000,2,1,1,空开,S,4862.6000,4862.4000,4861.8000,4861.6000,4860.6000,4865.2000,4868.6000,4872.0000,4872.6000,4874.8000,1,1,1,1,1,1,1,1,1,2
SF,IC2012,2020-04-22 09:33:42.300,4863.8000,3821,0,163513680.000,0,-,-,-,-,4862.6000,4862.4000,4861.8000,4860.6000,4860.0000,4865.0000,4865.2000,4866.8000,4868.6000,4872.0000,2,1,1,1,1,1,1,1,1,1
SF,IC2012,2020-04-22 09:33:42.800,4863.8000,3821,0,163513680.000,0,-,-,-,-,4862.8000,4862.6000,4861.8000,4860.6000,4860.0000,4865.0000,4865.2000,4866.8000,4868.6000,4872.0000,1,2,1,1,1,1,1,1,1,1
SF,IC2012,2020-04-22 09:33:43.300,4863.8000,3821,0,163513680.000,0,-,-,-,-,4863.0000,4862.8000,4862.6000,4861.8000,4860.6000,4865.0000,4865.2000,4866.8000,4868.6000,4872.0000,1,1,1,1,1,1,1,1,1,1
SF,IC2012,2020-04-22 09:33:45.300,4865.2000,3822,1,165459720.000,2,1,1,空开,S,4865.2000,4863.2000,4863.0000,4862.8000,4862.6000,4866.8000,4868.6000,4868.8000,4872.0000,4872.6000,3,1,1,1,1,1,1,1,1,1
SF,IC2012,2020-04-22 09:33:45.800,4865.2000,3824,2,168378840.000,3,2,1,空开,S,4863.0000,4862.8000,4862.6000,4861.8000,4860.6000,4865.2000,4866.0000,4866.8000,4868.6000,4868.8000,1,1,1,1,1,1,1,1,1,1
SF,IC2012,2020-04-22 09:33:46.300,4865.2000,3824,0,168378840.000,0,-,-,-,-,4863.2000,4863.0000,4862.8000,4862.6000,4860.6000,4865.2000,4866.0000,4866.8000,4868.6000,4872.0000,1,1,1,1,1,1,1,1,1,1
SF,IC2012,2020-04-22 09:33:46.800,4865.2000,3824,0,168378840.000,0,-,-,-,-,4863.4000,4863.2000,4862.8000,4862.6000,4860.6000,4866.0000,4866.8000,4868.6000,4872.0000,4872.6000,2,1,1,1,1,1,1,1,1,1
SF,IC2012,2020-04-22 09:33:47.300,4865.2000,3824,0,168378840.000,0,-,-,-,-,4863.6000,4863.4000,4863.2000,4860.6000,4860.0000,4866.8000,4868.6000,4872.0000,4872.6000,4874.8000,2,3,1,1,1,1,1,1,1,2
SF,IC2012,2020-04-22 09:33:47.800,4865.2000,3824,0,168378840.000,0,-,-,-,-,4863.8000,4863.6000,4863.2000,4860.6000,4860.0000,4866.4000,4866.6000,4866.8000,4868.6000,4872.0000,2,3,1,1,1,1,1,1,1,1
SF,IC2012,2020-04-22 09:33:48.300,4865.2000,3824,0,168378840.000,0,-,-,-,-,4864.0000,4863.8000,4863.6000,4860.6000,4860.0000,4866.4000,4866.8000,4868.6000,4872.0000,4872.6000,2,2,1,1,1,1,1,1,1,1
SF,IC2012,2020-04-22 09:33:48.800,4865.2000,3824,0,168378840.000,0,-,-,-,-,4864.2000,4864.0000,4863.8000,4863.6000,4860.6000,4866.8000,4868.6000,4872.0000,4872.6000,4874.8000,1,2,1,1,1,1,1,1,1,2
SF,IC2012,2020-04-22 09:33:49.300,4865.2000,3824,0,168378840.000,0,-,-,-,-,4864.6000,4864.4000,4864.2000,4864.0000,4863.8000,4866.6000,4866.8000,4868.6000,4872.0000,4872.6000,1,1,1,1,1,1,1,1,1,1
SF,IC2012,2020-04-22 09:33:49.800,4865.2000,3824,0,168378840.000,0,-,-,-,-,4864.8000,4864.6000,4864.0000,4863.8000,4860.6000,4866.6000,4866.8000,4868.6000,4872.0000,4872.6000,2,1,1,1,1,1,1,1,1,1
SF,IC2012,2020-04-22 09:33:50.300,4865.2000,3824,0,168378840.000,0,-,-,-,-,4864.8000,4864.6000,4863.8000,4860.6000,4860.0000,4866.6000,4866.8000,4868.6000,4872.0000,4872.6000,1,1,1,1,1,1,1,1,1,1
SF,IC2012,2020-04-22 09:33:50.800,4865.2000,3824,0,168378840.000,0,-,-,-,-,4864.8000,4864.6000,4863.8000,4860.6000,4860.0000,4866.6000,4866.8000,4868.6000,4872.0000,4872.6000,1,1,1,1,1,1,1,1,1,1
SF,IC2012,2020-04-22 09:33:53.300,4865.2000,3824,0,168378840.000,0,-,-,-,-,4864.8000,4863.8000,4860.6000,4860.0000,4853.6000,4866.8000,4868.6000,4872.0000,4872.6000,4874.8000,1,1,1,1,5,1,1,1,1,2
SF,IC2012,2020-04-22 09:33:53.800,4865.2000,3824,0,168378840.000,0,-,-,-,-,4865.0000,4864.8000,4863.8000,4860.6000,4860.0000,4866.8000,4868.6000,4868.8000,4872.0000,4872.6000,1,1,1,1,1,1,1,1,1,1
SF,IC2012,2020-04-22 09:33:54.300,4865.2000,3824,0,168378840.000,0,-,-,-,-,4865.2000,4865.0000,4863.8000,4860.6000,4860.0000,4866.8000,4868.6000,4868.8000,4872.0000,4872.6000,1,1,1,1,1,1,1,1,1,1
SF,IC2012,2020-04-22 09:33:54.800,4865.2000,3824,0,168378840.000,0,-,-,-,-,4865.2000,4865.0000,4863.8000,4860.6000,4860.0000,4866.8000,4868.6000,4868.8000,4872.0000,4872.6000,1,1,1,1,1,2,1,1,1,1
SF,IC2012,2020-04-22 09:33:55.300,4865.2000,3824,0,168378840.000,0,-,-,-,-,4865.2000,4860.6000,4860.0000,4853.6000,4853.0000,4866.8000,4868.6000,4868.8000,4872.0000,4872.6000,1,1,1,5,1,2,1,1,1,1
SF,IC2012,2020-04-22 09:33:56.800,4865.2000,3823,-1,169351880.000,1,0,1,双平,S,4860.6000,4860.0000,4853.6000,4853.0000,4850.0000,4865.2000,4866.8000,4868.6000,4868.8000,4872.0000,1,1,5,1,3,1,2,1,1,1
SF,IC2012,2020-04-22 09:33:57.300,4865.2000,3823,0,169351880.000,0,-,-,-,-,4860.8000,4860.6000,4860.0000,4853.6000,4853.0000,4865.2000,4866.8000,4868.6000,4872.0000,4872.6000,2,1,1,5,1,1,2,1,1,1
SF,IC2012,2020-04-22 09:33:57.800,4865.2000,3823,0,169351880.000,0,-,-,-,-,4860.8000,4860.0000,4853.6000,4853.0000,4850.0000,4865.2000,4866.8000,4868.6000,4872.0000,4872.6000,3,1,5,1,3,1,2,1,1,1
SF,IC2012,2020-04-22 09:33:58.300,4865.2000,3823,0,169351880.000,0,-,-,-,-,4862.8000,4862.0000,4861.2000,4861.0000,4860.8000,4865.2000,4866.8000,4868.6000,4872.0000,4872.6000,1,1,1,1,3,1,2,1,1,1
SF,IC2012,2020-04-22 09:33:58.800,4865.2000,3824,1,170324920.000,1,1,0,双开,S,4863.2000,4863.0000,4862.8000,4862.0000,4861.2000,4866.8000,4868.6000,4872.0000,4872.6000,4874.8000,2,2,1,1,2,2,1,1,1,2
SF,IC2012,2020-04-22 09:33:59.300,4865.2000,3824,0,170324920.000,0,-,-,-,-,4863.4000,4863.2000,4862.8000,4861.2000,4861.0000,4866.6000,4866.8000,4868.6000,4872.0000,4872.6000,3,3,1,2,1,1,2,1,1,1
SF,IC2012,2020-04-22 09:33:59.800,4865.2000,3824,0,170324920.000,0,-,-,-,-,4865.2000,4863.4000,4862.8000,4861.2000,4861.0000,4866.6000,4866.8000,4868.6000,4872.0000,4872.6000,3,4,1,2,1,2,2,1,1,1
SF,IC2012,2020-04-22 09:34:00.300,4865.2000,3824,0,170324920.000,0,-,-,-,-,4865.4000,4865.2000,4863.6000,4863.4000,4862.8000,4866.6000,4866.8000,4868.6000,4872.0000,4872.6000,1,3,1,4,1,2,2,1,1,1
SF,IC2012,2020-04-22 09:34:01.300,4865.2000,3824,0,170324920.000,0,-,-,-,-,4865.4000,4865.2000,4863.6000,4863.4000,4862.8000,4866.6000,4866.8000,4868.6000,4872.0000,4872.6000,1,3,1,3,1,1,2,1,1,1
SF,IC2012,2020-04-22 09:34:04.800,4866.6000,3824,0,171298240.000,1,0,1,多换,S,4865.6000,4865.4000,4865.2000,4863.6000,4863.4000,4866.8000,4868.6000,4872.0000,4872.6000,4874.8000,2,1,3,1,3,1,1,1,1,2
SF,IC2012,2020-04-22 09:34:05.300,4866.8000,3824,0,172271600.000,1,0,1,多换,S,4867.4000,4865.8000,4865.4000,4865.2000,4863.4000,4868.6000,4872.0000,4872.6000,4874.8000,4875.6000,2,4,1,3,1,1,1,1,2,1
SF,IC2012,2020-04-22 09:34:05.800,4866.8000,3824,0,172271600.000,0,-,-,-,-,4867.6000,4867.4000,4865.8000,4865.6000,4865.2000,4868.2000,4868.6000,4872.0000,4872.6000,4874.8000,1,2,2,2,3,1,1,1,1,2
SF,IC2012,2020-04-22 09:34:06.300,4866.8000,3824,0,172271600.000,0,-,-,-,-,4867.6000,4867.4000,4865.8000,4865.6000,4865.2000,4868.2000,4868.6000,4872.0000,4872.6000,4874.8000,1,2,2,2,3,1,1,1,1,2
SF,IC2012,2020-04-22 09:34:08.300,4868.6000,3824,0,173245320.000,1,0,1,多换,S,4868.4000,4867.6000,4867.4000,4865.8000,4865.6000,4872.0000,4872.6000,4874.8000,4875.6000,4886.0000,2,1,2,2,2,1,1,2,1,1
SF,IC2012,2020-04-22 09:34:08.800,4868.6000,3824,0,173245320.000,0,-,-,-,-,4868.6000,4868.4000,4867.6000,4867.4000,4865.8000,4869.0000,4871.8000,4872.0000,4872.6000,4874.8000,1,2,1,2,2,1,1,1,1,2
SF,IC2012,2020-04-22 09:34:09.300,4869.0000,3823,-1,174219120.000,1,0,1,双平,S,4868.4000,4867.6000,4867.4000,4865.8000,4865.6000,4870.2000,4871.8000,4872.0000,4872.6000,4874.8000,2,1,2,1,1,1,1,1,1,2
SF,IC2012,2020-04-22 09:34:09.800,4869.0000,3823,0,174219120.000,0,-,-,-,-,4868.4000,4867.6000,4867.4000,4865.8000,4865.6000,4869.6000,4870.0000,4871.8000,4872.0000,4872.6000,2,1,2,1,1,1,2,1,1,1
SF,IC2012,2020-04-22 09:34:10.300,4869.0000,3823,0,174219120.000,0,-,-,-,-,4868.8000,4868.6000,4868.4000,4867.6000,4867.4000,4870.0000,4871.8000,4872.0000,4872.6000,4874.8000,1,2,2,1,2,2,1,1,1,2
SF,IC2012,2020-04-22 09:34:10.800,4870.0000,3824,1,176167120.000,2,1,1,空开,S,4869.8000,4869.6000,4868.8000,4868.6000,4867.6000,4872.0000,4872.6000,4874.8000,4875.6000,4886.0000,2,1,1,1,1,1,1,2,1,1
SF,IC2012,2020-04-22 09:34:11.300,4870.0000,3824,0,176167120.000,0,-,-,-,-,4869.8000,4869.6000,4868.8000,4865.8000,4865.2000,4870.8000,4871.8000,4872.0000,4872.6000,4874.8000,2,1,1,1,3,1,1,1,2,2
SF,IC2012,2020-04-22 09:34:11.800,4870.0000,3824,0,176167120.000,0,-,-,-,-,4869.6000,4868.8000,4865.8000,4865.2000,4862.8000,4870.8000,4871.8000,4872.0000,4872.6000,4874.8000,1,1,1,3,1,1,1,1,2,2
SF,IC2012,2020-04-22 09:34:12.300,4870.0000,3824,0,176167120.000,0,-,-,-,-,4870.0000,4869.6000,4867.8000,4865.8000,4865.2000,4870.8000,4871.8000,4872.0000,4872.6000,4874.8000,1,1,1,1,3,1,1,1,2,2
SF,IC2012,2020-04-22 09:34:12.800,4870.0000,3823,-1,177141120.000,1,0,1,双平,S,4869.6000,4867.8000,4865.8000,4865.2000,4862.8000,4870.8000,4871.8000,4872.0000,4872.6000,4874.8000,1,1,1,3,1,1,1,1,2,2
SF,IC2012,2020-04-22 09:34:13.300,4870.0000,3823,0,177141120.000,0,-,-,-,-,4869.6000,4867.8000,4865.8000,4865.2000,4862.8000,4870.8000,4871.8000,4872.0000,4872.6000,4874.8000,1,1,1,3,1,1,1,1,1,2
SF,IC2012,2020-04-22 09:34:13.800,4870.0000,3823,0,177141120.000,0,-,-,-,-,4869.8000,4869.6000,4867.8000,4865.8000,4865.2000,4870.8000,4871.8000,4872.0000,4872.6000,4874.8000,2,1,1,1,3,1,1,1,1,2
SF,IC2012,2020-04-22 09:34:14.300,4870.0000,3823,0,177141120.000,0,-,-,-,-,4869.8000,4869.6000,4867.8000,4865.8000,4865.2000,4871.8000,4872.0000,4872.6000,4874.8000,4875.6000,2,1,1,1,3,1,1,1,2,1
SF,IC2012,2020-04-22 09:34:14.800,4870.0000,3823,0,177141120.000,0,-,-,-,-,4869.6000,4867.8000,4865.8000,4865.2000,4862.8000,4871.8000,4872.0000,4872.6000,4874.8000,4875.6000,1,1,1,3,1,2,1,1,2,1
SF,IC2012,2020-04-22 09:34:16.800,4870.0000,3823,0,177141120.000,0,-,-,-,-,4870.8000,4869.6000,4867.8000,4865.8000,4865.2000,4871.8000,4872.0000,4872.6000,4874.8000,4875.6000,1,1,1,1,3,1,1,1,2,1
SF,IC2012,2020-04-22 09:34:17.300,4870.0000,3823,0,177141120.000,0,-,-,-,-,4870.8000,4869.6000,4865.8000,4865.2000,4862.8000,4871.8000,4872.0000,4872.6000,4874.8000,4875.6000,1,1,1,3,1,1,1,1,2,1
SF,IC2012,2020-04-22 09:34:20.300,4870.0000,3823,0,177141120.000,0,-,-,-,-,4870.8000,4869.6000,4865.8000,4865.2000,4862.8000,4871.8000,4872.0000,4872.6000,4874.8000,4886.0000,1,1,1,3,1,1,1,1,2,1
SF,IC2012,2020-04-22 09:34:20.800,4870.0000,3823,0,177141120.000,0,-,-,-,-,4870.8000,4869.6000,4865.8000,4865.2000,4862.8000,4871.8000,4872.0000,4872.6000,4874.8000,4886.0000,1,1,1,3,1,1,1,1,1,1
SF,IC2012,2020-04-22 09:34:21.300,4870.8000,3822,-1,178115280.000,1,0,1,双平,S,4869.6000,4865.8000,4865.2000,4862.8000,4861.2000,4871.8000,4872.0000,4872.6000,4874.8000,4886.0000,1,1,3,1,2,1,1,1,1,1
SF,IC2012,2020-04-22 09:34:21.800,4870.8000,3822,0,178115280.000,0,-,-,-,-,4869.8000,4869.6000,4868.6000,4865.8000,4865.2000,4870.8000,4872.0000,4872.6000,4874.8000,4886.0000,1,1,1,1,3,1,1,1,1,1
SF,IC2012,2020-04-22 09:34:22.800,4870.8000,3822,0,178115280.000,0,-,-,-,-,4869.8000,4869.6000,4868.6000,4865.8000,4865.2000,4872.0000,4872.6000,4874.8000,4886.0000,4888.0000,1,1,1,1,3,1,2,1,1,1
SF,IC2012,2020-04-22 09:34:23.300,4870.8000,3822,0,178115280.000,0,-,-,-,-,4870.0000,4869.8000,4869.6000,4868.6000,4865.2000,4872.0000,4872.6000,4874.8000,4886.0000,4888.0000,1,1,1,1,3,1,1,1,1,1
SF,IC2012,2020-04-22 09:34:23.800,4870.2000,3821,-1,179089320.000,1,0,1,双平,S,4870.0000,4869.6000,4868.6000,4865.2000,4862.8000,4872.0000,4872.6000,4874.8000,4886.0000,4888.0000,1,1,1,3,1,1,1,1,1,1
SF,IC2012,2020-04-22 09:34:24.300,4870.2000,3821,0,179089320.000,0,-,-,-,-,4870.0000,4869.6000,4868.6000,4865.2000,4862.8000,4872.0000,4872.6000,4874.8000,4886.0000,4888.0000,1,1,1,3,1,1,1,1,1,1
SF,IC2012,2020-04-22 09:34:24.800,4870.2000,3821,0,179089320.000,0,-,-,-,-,4870.0000,4869.6000,4868.6000,4865.2000,4862.8000,4871.8000,4872.0000,4872.6000,4874.8000,4886.0000,1,1,1,3,1,1,1,1,1,1
SF,IC2012,2020-04-22 09:34:25.300,4870.2000,3821,0,179089320.000,0,-,-,-,-,4869.6000,4868.6000,4865.2000,4862.8000,4861.2000,4871.6000,4871.8000,4872.0000,4872.6000,4874.8000,1,1,3,1,2,1,1,1,1,1
SF,IC2012,2020-04-22 09:34:26.300,4870.2000,3821,0,179089320.000,0,-,-,-,-,4868.6000,4865.2000,4862.8000,4861.2000,4860.0000,4871.4000,4871.6000,4871.8000,4872.0000,4872.6000,1,3,1,2,1,1,1,1,1,1
SF,IC2012,2020-04-22 09:34:26.800,4868.6000,3821,0,180063040.000,1,0,1,多换,S,4865.2000,4862.8000,4861.2000,4860.0000,4853.6000,4869.4000,4869.6000,4870.2000,4871.2000,4871.4000,3,1,2,1,5,2,1,1,1,1
SF,IC2012,2020-04-22 09:34:27.300,4868.6000,3821,0,180063040.000,0,-,-,-,-,4865.4000,4865.2000,4862.8000,4861.2000,4860.0000,4869.4000,4869.6000,4870.2000,4871.0000,4871.2000,2,3,1,2,1,2,1,1,1,1
SF,IC2012,2020-04-22 09:34:27.800,4868.6000,3821,0,180063040.000,0,-,-,-,-,4865.4000,4865.2000,4862.8000,4861.2000,4860.0000,4869.4000,4870.2000,4871.0000,4872.0000,4872.6000,2,3,1,1,1,2,1,1,1,1
SF,IC2012,2020-04-22 09:34:28.300,4868.6000,3821,0,180063040.000,0,-,-,-,-,4866.4000,4865.6000,4865.4000,4865.2000,4862.8000,4869.4000,4870.2000,4871.0000,4872.0000,4872.6000,1,1,2,3,1,2,1,1,1,1
SF,IC2012,2020-04-22 09:34:28.800,4868.6000,3821,0,180063040.000,0,-,-,-,-,4866.6000,4865.2000,4862.8000,4861.2000,4860.0000,4869.4000,4870.2000,4872.0000,4872.6000,4874.8000,3,3,1,1,1,2,1,1,1,1
SF,IC2012,2020-04-22 09:34:29.300,4868.6000,3821,0,180063040.000,0,-,-,-,-,4867.0000,4866.6000,4865.2000,4862.8000,4861.2000,4869.4000,4870.2000,4872.0000,4872.6000,4874.8000,1,3,3,1,1,2,1,1,1,1
SF,IC2012,2020-04-22 09:34:29.800,4869.2000,3820,-1,181036880.000,1,0,1,双平,S,4867.2000,4867.0000,4866.6000,4865.2000,4862.8000,4869.4000,4870.2000,4872.0000,4872.6000,4874.8000,1,2,2,3,1,2,1,1,1,1
SF,IC2012,2020-04-22 09:34:30.300,4869.2000,3820,0,181036880.000,0,-,-,-,-,4867.4000,4867.2000,4866.6000,4865.2000,4862.8000,4869.4000,4870.2000,4872.0000,4872.6000,4874.8000,1,1,1,3,1,2,1,1,1,1
SF,IC2012,2020-04-22 09:34:30.800,4867.6000,3821,1,182010400.000,1,1,0,双开,S,4867.6000,4867.4000,4866.6000,4865.2000,4862.8000,4869.4000,4872.0000,4872.6000,4874.8000,4886.0000,1,1,1,3,1,2,1,1,1,1
SF,IC2012,2020-04-22 09:34:31.300,4867.6000,3821,0,182010400.000,0,-,-,-,-,4867.8000,4867.6000,4866.6000,4865.2000,4862.8000,4869.4000,4872.0000,4872.6000,4874.8000,4886.0000,1,2,1,3,1,2,1,1,1,1
SF,IC2012,2020-04-22 09:34:31.800,4867.6000,3821,0,182010400.000,0,-,-,-,-,4868.0000,4867.8000,4865.2000,4862.8000,4861.2000,4869.4000,4872.0000,4872.6000,4874.8000,4886.0000,2,1,3,1,1,2,1,1,1,1
SF,IC2012,2020-04-22 09:34:34.300,4867.6000,3821,0,182010400.000,0,-,-,-,-,4868.0000,4867.8000,4865.2000,4862.8000,4861.2000,4872.0000,4872.6000,4874.8000,4878.8000,4886.0000,2,1,3,1,1,1,1,1,3,1
SF,IC2012,2020-04-22 09:34:34.800,4867.6000,3821,0,182010400.000,0,-,-,-,-,4869.4000,4868.2000,4868.0000,4865.2000,4862.8000,4871.4000,4872.0000,4872.6000,4874.8000,4878.8000,1,2,1,3,1,1,2,1,1,3
SF,IC2012,2020-04-22 09:34:35.300,4867.6000,3821,0,182010400.000,0,-,-,-,-,4869.6000,4869.4000,4868.4000,4868.2000,4868.0000,4872.0000,4872.6000,4874.8000,4878.8000,4886.0000,1,1,1,1,1,2,1,1,3,1
SF,IC2012,2020-04-22 09:34:35.800,4867.6000,3821,0,182010400.000,0,-,-,-,-,4869.6000,4869.4000,4868.4000,4868.2000,4865.2000,4872.0000,4872.6000,4874.8000,4878.8000,4886.0000,3,1,1,1,3,2,1,1,3,1
SF,IC2012,2020-04-22 09:34:36.300,4867.6000,3821,0,182010400.000,0,-,-,-,-,4870.0000,4869.6000,4869.4000,4868.8000,4868.4000,4872.0000,4872.6000,4874.8000,4878.8000,4886.0000,1,2,1,1,1,2,1,1,3,1
SF,IC2012,2020-04-22 09:34:36.800,4867.6000,3821,0,182010400.000,0,-,-,-,-,4870.2000,4870.0000,4869.4000,4868.8000,4868.4000,4872.0000,4872.6000,4874.8000,4878.8000,4886.0000,2,1,1,1,1,2,1,1,3,1
SF,IC2012,2020-04-22 09:34:37.300,4867.6000,3821,0,182010400.000,0,-,-,-,-,4870.2000,4869.4000,4868.8000,4868.4000,4868.2000,4872.0000,4872.6000,4874.8000,4878.8000,4886.0000,2,1,1,1,1,3,1,1,3,1
SF,IC2012,2020-04-22 09:34:37.800,4867.6000,3821,0,182010400.000,0,-,-,-,-,4870.2000,4869.4000,4868.8000,4868.4000,4868.2000,4872.0000,4872.6000,4874.8000,4878.8000,4886.0000,2,1,1,2,1,3,1,1,3,1
SF,IC2012,2020-04-22 09:34:39.300,4867.6000,3821,0,182010400.000,0,-,-,-,-,4870.2000,4869.4000,4868.8000,4868.4000,4868.2000,4872.0000,4872.6000,4874.8000,4878.8000,4886.0000,2,1,1,2,1,3,1,1,3,1
SF,IC2012,2020-04-22 09:34:40.800,4867.6000,3821,0,182010400.000,0,-,-,-,-,4870.4000,4870.2000,4869.4000,4868.8000,4868.4000,4872.0000,4872.6000,4874.8000,4878.8000,4886.0000,1,2,1,1,2,3,1,1,3,1
SF,IC2012,2020-04-22 09:34:41.300,4867.6000,3821,0,182010400.000,0,-,-,-,-,4870.6000,4870.4000,4869.4000,4868.8000,4868.4000,4872.0000,4872.6000,4874.8000,4878.8000,4886.0000,3,1,1,1,2,3,1,1,3,1
SF,IC2012,2020-04-22 09:34:41.800,4872.0000,3822,1,184933600.000,3,2,1,空开,S,4870.6000,4870.4000,4869.4000,4868.8000,4868.4000,4872.6000,4874.8000,4878.8000,4886.0000,4888.0000,3,1,1,1,2,1,1,3,1,1
SF,IC2012,2020-04-22 09:34:42.800,4872.0000,3822,0,184933600.000,0,-,-,-,-,4870.8000,4870.6000,4870.4000,4869.4000,4868.8000,4872.6000,4874.8000,4878.8000,4886.0000,4888.0000,1,2,1,1,1,1,1,3,1,1
SF,IC2012,2020-04-22 09:34:43.300,4872.0000,3822,0,184933600.000,0,-,-,-,-,4871.2000,4871.0000,4870.8000,4870.4000,4869.4000,4872.6000,4874.8000,4878.8000,4886.0000,4888.0000,1,2,1,1,1,1,1,3,1,1
SF,IC2012,2020-04-22 09:34:43.800,4872.0000,3822,0,184933600.000,0,-,-,-,-,4871.4000,4870.8000,4870.4000,4869.4000,4868.8000,4872.6000,4874.8000,4878.8000,4886.0000,4888.0000,2,1,1,1,1,1,1,3,1,1
SF,IC2012,2020-04-22 09:34:44.300,4872.0000,3822,0,184933600.000,0,-,-,-,-,4871.6000,4871.4000,4870.4000,4869.4000,4868.8000,4872.6000,4874.8000,4878.8000,4886.0000,4888.0000,1,2,1,1,1,1,1,3,1,1
SF,IC2012,2020-04-22 09:34:46.300,4871.4000,3822,0,187856480.000,3,1,2,多换,S,4869.4000,4868.8000,4868.4000,4868.2000,4866.0000,4871.2000,4872.6000,4874.8000,4878.8000,4886.0000,1,1,1,1,1,1,1,1,3,1
SF,IC2012,2020-04-22 09:34:46.800,4871.4000,3822,0,187856480.000,0,-,-,-,-,4869.6000,4869.4000,4868.4000,4868.2000,4867.8000,4871.2000,4872.6000,4872.8000,4873.2000,4874.8000,1,1,1,1,1,1,1,1,1,1
SF,IC2012,2020-04-22 09:34:47.300,4871.4000,3822,0,187856480.000,0,-,-,-,-,4869.8000,4869.6000,4869.4000,4868.4000,4868.2000,4872.6000,4872.8000,4873.2000,4874.8000,4878.8000,1,1,1,1,1,2,1,1,1,3
SF,IC2012,2020-04-22 09:34:47.800,4871.4000,3822,0,187856480.000,0,-,-,-,-,4870.0000,4869.8000,4869.4000,4868.4000,4867.8000,4872.6000,4872.8000,4873.2000,4874.4000,4874.8000,3,1,1,1,1,2,1,1,1,1
SF,IC2012,2020-04-22 09:34:48.300,4871.4000,3822,0,187856480.000,0,-,-,-,-,4870.0000,4869.4000,4868.4000,4867.8000,4866.0000,4872.4000,4872.6000,4872.8000,4873.2000,4874.4000,3,1,1,1,1,1,2,1,1,1
SF,IC2012,2020-04-22 09:34:48.800,4871.4000,3822,0,187856480.000,0,-,-,-,-,4870.4000,4870.2000,4870.0000,4869.4000,4868.4000,4872.4000,4872.6000,4872.8000,4873.2000,4874.4000,1,1,2,1,1,1,2,1,1,1
SF,IC2012,2020-04-22 09:34:49.300,4870.6000,3823,1,188830600.000,1,1,0,双开,S,4870.2000,4870.0000,4869.4000,4868.4000,4866.0000,4870.4000,4872.4000,4872.6000,4872.8000,4874.4000,1,2,1,1,1,1,1,2,1,1
SF,IC2012,2020-04-22 09:34:49.800,4870.4000,3822,-1,189804680.000,1,0,1,双平,S,4870.2000,4869.4000,4868.4000,4866.0000,4865.2000,4870.4000,4872.6000,4874.8000,4878.8000,4886.0000,1,1,1,1,3,1,2,1,3,1
SF,IC2012,2020-04-22 09:34:50.300,4870.4000,3822,0,190778760.000,1,0,1,多换,S,4870.2000,4869.4000,4868.4000,4866.0000,4865.2000,4872.6000,4874.8000,4878.8000,4886.0000,4888.0000,2,1,1,1,3,2,1,3,1,1
SF,IC2012,2020-04-22 09:34:50.800,4870.4000,3822,0,190778760.000,0,-,-,-,-,4870.4000,4870.2000,4869.4000,4868.4000,4866.0000,4872.6000,4874.8000,4878.8000,4886.0000,4888.0000,1,2,1,1,1,2,1,3,1,1
SF,IC2012,2020-04-22 09:34:51.300,4870.4000,3822,0,190778760.000,0,-,-,-,-,4870.6000,4870.4000,4870.2000,4869.4000,4868.4000,4872.6000,4874.8000,4878.8000,4886.0000,4888.0000,1,2,1,1,1,2,1,3,1,1
SF,IC2012,2020-04-22 09:34:51.800,4872.6000,3822,0,192727800.000,2,1,1,多换,S,4870.8000,4870.6000,4870.2000,4869.4000,4868.4000,4874.8000,4878.8000,4886.0000,4888.0000,4889.0000,1,1,1,1,1,1,3,1,1,1
SF,IC2012,2020-04-22 09:34:52.300,4872.6000,3822,0,192727800.000,0,-,-,-,-,4871.0000,4870.8000,4870.6000,4870.2000,4869.4000,4874.6000,4874.8000,4878.8000,4886.0000,4888.0000,2,1,1,1,1,1,1,3,1,1
SF,IC2012,2020-04-22 09:34:52.800,4872.6000,3822,0,192727800.000,0,-,-,-,-,4871.2000,4871.0000,4870.6000,4870.2000,4869.4000,4874.4000,4874.8000,4878.8000,4886.0000,4888.0000,1,3,1,1,1,1,1,3,1,1
SF,IC2012,2020-04-22 09:34:53.300,4872.6000,3822,0,192727800.000,0,-,-,-,-,4871.8000,4871.4000,4871.2000,4871.0000,4870.6000,4874.8000,4878.8000,4886.0000,4888.0000,4889.0000,1,2,1,1,1,1,3,1,1,1
SF,IC2012,2020-04-22 09:34:53.800,4872.6000,3822,0,192727800.000,0,-,-,-,-,4872.0000,4871.8000,4871.0000,4870.6000,4866.0000,4874.8000,4878.8000,4886.0000,4888.0000,4889.0000,3,1,1,1,1,1,3,1,1,1
SF,IC2012,2020-04-22 09:34:54.300,4872.6000,3822,0,192727800.000,0,-,-,-,-,4872.0000,4871.0000,4870.6000,4866.0000,4865.2000,4874.8000,4878.8000,4886.0000,4888.0000,4889.0000,3,1,1,1,3,1,3,1,1,1
SF,IC2012,2020-04-22 09:34:54.800,4872.6000,3822,0,192727800.000,0,-,-,-,-,4872.4000,4872.0000,4871.0000,4870.6000,4866.0000,4874.8000,4878.8000,4886.0000,4888.0000,4889.0000,1,3,1,1,1,1,3,1,1,1
SF,IC2012,2020-04-22 09:34:55.300,4872.6000,3822,0,192727800.000,0,-,-,-,-,4872.6000,4872.4000,4872.0000,4871.0000,4870.6000,4874.8000,4878.8000,4886.0000,4888.0000,4889.0000,2,1,1,1,1,1,3,1,1,1
SF,IC2012,2020-04-22 09:34:55.800,4872.6000,3822,0,192727800.000,0,-,-,-,-,4872.6000,4872.4000,4872.0000,4870.6000,4866.0000,4874.8000,4878.8000,4886.0000,4888.0000,4889.0000,2,1,1,1,1,1,3,1,1,1
SF,IC2012,2020-04-22 09:34:56.300,4872.6000,3822,0,192727800.000,0,-,-,-,-,4872.6000,4872.4000,4872.0000,4870.6000,4866.0000,4874.6000,4874.8000,4878.8000,4886.0000,4888.0000,2,1,1,1,1,1,1,3,1,1
SF,IC2012,2020-04-22 09:34:56.800,4872.6000,3822,0,192727800.000,0,-,-,-,-,4872.6000,4872.4000,4872.0000,4870.6000,4866.0000,4874.6000,4874.8000,4878.8000,4886.0000,4888.0000,1,1,1,1,1,1,1,3,1,1
SF,IC2012,2020-04-22 09:34:57.300,4872.6000,3822,0,192727800.000,0,-,-,-,-,4872.6000,4872.4000,4872.0000,4870.6000,4866.0000,4874.4000,4874.6000,4874.8000,4878.8000,4886.0000,1,1,1,1,1,1,1,1,3,1
SF,IC2012,2020-04-22 09:34:57.800,4872.6000,3822,0,192727800.000,0,-,-,-,-,4872.4000,4872.0000,4870.6000,4866.0000,4865.2000,4874.2000,4874.4000,4874.6000,4874.8000,4878.8000,1,1,1,1,3,1,1,1,1,3
SF,IC2012,2020-04-22 09:34:58.300,4872.6000,3822,0,192727800.000,0,-,-,-,-,4866.0000,4865.2000,4862.8000,4861.2000,4860.0000,4874.2000,4874.4000,4874.6000,4874.8000,4878.8000,1,3,1,1,1,1,1,1,1,3
SF,IC2012,2020-04-22 09:34:58.800,4872.6000,3822,0,192727800.000,0,-,-,-,-,4871.6000,4867.0000,4866.4000,4866.2000,4866.0000,4874.2000,4874.6000,4874.8000,4878.8000,4886.0000,1,1,2,3,1,2,1,1,3,1
SF,IC2012,2020-04-22 09:34:59.300,4872.6000,3822,0,192727800.000,0,-,-,-,-,4871.6000,4867.0000,4866.4000,4866.2000,4866.0000,4874.2000,4874.6000,4874.8000,4878.8000,4886.0000,1,1,2,2,1,2,1,1,3,1
SF,IC2012,2020-04-22 09:34:59.800,4872.6000,3822,0,192727800.000,0,-,-,-,-,4871.8000,4871.6000,4867.0000,4866.4000,4866.2000,4874.2000,4874.6000,4874.8000,4878.8000,4886.0000,1,1,1,2,2,2,1,1,3,1
SF,IC2012,2020-04-22 09:35:00.300,4872.6000,3822,0,192727800.000,0,-,-,-,-,4872.0000,4871.8000,4867.0000,4866.4000,4866.2000,4874.2000,4874.6000,4874.8000,4878.8000,4886.0000,1,1,1,2,1,2,1,1,3,1
SF,IC2012,2020-04-22 09:35:00.800,4872.6000,3822,0,192727800.000,0,-,-,-,-,4872.4000,4867.0000,4866.4000,4866.2000,4866.0000,4874.2000,4874.6000,4874.8000,4878.8000,4886.0000,1,1,2,1,1,2,1,1,3,1
SF,IC2012,2020-04-22 09:35:01.300,4872.6000,3822,0,192727800.000,0,-,-,-,-,4872.4000,4872.2000,4867.0000,4866.4000,4866.2000,4874.2000,4874.6000,4874.8000,4878.8000,4886.0000,1,1,1,2,1,1,1,1,3,1
SF,IC2012,2020-04-22 09:35:01.800,4872.6000,3822,0,192727800.000,0,-,-,-,-,4872.6000,4872.4000,4867.0000,4866.4000,4866.2000,4874.2000,4874.8000,4878.8000,4886.0000,4888.0000,1,1,1,2,1,1,1,3,1,1
SF,IC2012,2020-04-22 09:35:02.300,4872.6000,3822,0,192727800.000,0,-,-,-,-,4872.6000,4867.0000,4866.4000,4866.2000,4866.0000,4874.8000,4876.6000,4878.8000,4886.0000,4888.0000,2,1,2,1,1,1,1,3,1,1
SF,IC2012,2020-04-22 09:35:02.800,4872.6000,3822,0,192727800.000,0,-,-,-,-,4873.2000,4872.6000,4867.0000,4866.4000,4866.2000,4874.6000,4874.8000,4876.6000,4878.8000,4886.0000,1,3,1,2,1,1,1,1,3,1
SF,IC2012,2020-04-22 09:35:03.300,4872.6000,3822,0,192727800.000,0,-,-,-,-,4873.2000,4872.6000,4867.0000,4866.4000,4866.2000,4874.6000,4874.8000,4876.6000,4878.8000,4886.0000,1,2,1,2,1,1,1,1,3,1
SF,IC2012,2020-04-22 09:35:03.800,4872.6000,3822,0,192727800.000,0,-,-,-,-,4872.6000,4867.0000,4866.4000,4866.2000,4866.0000,4874.6000,4874.8000,4878.8000,4886.0000,4888.0000,2,1,2,1,1,2,1,3,1,1
SF,IC2012,2020-04-22 09:35:04.300,4874.4000,3823,1,193702680.000,1,1,0,双开,S,4867.0000,4866.4000,4866.2000,4866.0000,4865.2000,4874.6000,4874.8000,4878.8000,4886.0000,4888.0000,1,2,1,1,3,2,1,3,1,1
