市场代码,合约代码,时间,最新,持仓,增仓,成交额,成交量,开仓,平仓,成交类型,方向,买一价,买二价,买三价,买四价,买五价,卖一价,卖二价,卖三价,卖四价,卖五价,买一量,买二量,买三量,买四量,买五量,卖一量,卖二量,卖三量,卖四量,卖五量
SF,IC2006,2019-12-10 09:29:00.400,4839.0000,22831,0,3871200.000,4.000,-,-,-,-,4836.2000,4833.2000,4830.2000,4829.0000,4826.0000,4839.0000,4846.6000,4850.6000,4854.4000,4858.0000,1,1,1,1,1,1,5,1,5,5
SF,IC2006,2019-12-10 09:30:00.400,4836.2000,22831,0,4838440.000,1,0,1,多换,S,4838.0000,4835.4000,4835.0000,4834.8000,4833.2000,4839.0000,4846.6000,4850.6000,4854.4000,4858.0000,1,2,1,2,1,1,5,1,5,5
SF,IC2006,2019-12-10 09:30:00.900,4839.0000,22832,1,6773840.000,2,1,1,空开,S,4838.0000,4835.4000,4835.0000,4834.8000,4833.2000,4845.4000,4846.6000,4850.6000,4854.4000,4858.0000,2,2,1,2,1,1,5,1,5,5
SF,IC2006,2019-12-10 09:30:01.400,4839.0000,22832,0,6773840.000,0,-,-,-,-,4838.2000,4838.0000,4835.4000,4835.0000,4834.8000,4842.2000,4843.8000,4844.8000,4845.0000,4845.2000,1,2,2,1,2,1,1,1,3,1
SF,IC2006,2019-12-10 09:30:01.900,4839.0000,22832,0,6773840.000,0,-,-,-,-,4838.0000,4835.4000,4835.0000,4834.8000,4833.2000,4841.6000,4842.0000,4842.2000,4843.8000,4845.0000,2,2,1,2,1,1,1,1,1,3
SF,IC2006,2019-12-10 09:30:02.400,4841.4000,22830,-2,9677320.000,3,0,3,多平,S,4836.8000,4835.4000,4835.0000,4834.8000,4833.2000,4842.2000,4843.2000,4843.8000,4845.0000,4845.4000,1,2,1,2,1,1,5,1,3,1
SF,IC2006,2019-12-10 09:30:02.900,4841.6000,22829,-1,10645640.000,1,0,1,双平,S,4837.0000,4836.8000,4835.4000,4835.0000,4834.8000,4842.0000,4842.2000,4843.2000,4843.8000,4845.0000,2,2,2,1,2,1,1,5,1,3
SF,IC2006,2019-12-10 09:30:03.400,4842.0000,22829,0,11614040.000,1,0,1,多换,S,4837.0000,4836.8000,4835.4000,4835.0000,4834.8000,4842.2000,4843.2000,4843.8000,4845.0000,4845.4000,2,3,2,1,2,1,5,1,3,1
SF,IC2006,2019-12-10 09:30:03.900,4842.0000,22829,0,11614040.000,0,-,-,-,-,4839.0000,4837.0000,4836.8000,4835.4000,4835.0000,4842.0000,4842.2000,4843.2000,4843.8000,4845.0000,2,2,3,2,1,1,1,5,1,3
SF,IC2006,2019-12-10 09:30:04.400,4839.0000,22830,1,12581840.000,1,1,0,双开,S,4839.0000,4837.0000,4836.8000,4835.4000,4835.0000,4842.0000,4842.2000,4843.2000,4843.8000,4845.0000,1,1,3,2,1,2,1,5,1,3
SF,IC2006,2019-12-10 09:30:04.900,4842.0000,22829,-1,13550240.000,1,0,1,双平,S,4839.0000,4837.0000,4836.8000,4835.4000,4835.0000,4842.0000,4842.2000,4843.2000,4843.8000,4845.0000,1,1,3,2,1,1,1,5,1,3
SF,IC2006,2019-12-10 09:30:05.400,4842.0000,22829,0,13550240.000,0,-,-,-,-,4839.0000,4837.0000,4836.8000,4835.6000,4835.4000,4841.8000,4842.2000,4843.2000,4843.8000,4845.0000,1,1,3,1,2,1,1,5,1,3
SF,IC2006,2019-12-10 09:30:05.900,4842.0000,22829,0,13550240.000,0,-,-,-,-,4839.0000,4837.0000,4836.8000,4835.6000,4835.4000,4841.8000,4842.2000,4843.2000,4843.8000,4845.0000,1,1,3,1,2,1,1,5,1,3
SF,IC2006,2019-12-10 09:30:06.400,4842.0000,22829,0,13550240.000,0,-,-,-,-,4839.0000,4837.0000,4836.8000,4835.6000,4835.4000,4841.8000,4842.2000,4843.2000,4843.8000,4845.0000,1,1,3,1,2,1,2,5,1,3
SF,IC2006,2019-12-10 09:30:06.900,4839.0000,22830,1,14518040.000,1,1,0,双开,S,4837.0000,4836.8000,4835.6000,4835.4000,4835.0000,4841.8000,4842.2000,4843.2000,4843.8000,4845.0000,1,3,1,2,1,1,2,5,1,3
SF,IC2006,2019-12-10 09:30:07.400,4841.8000,22830,0,15486400.000,1,0,1,多换,S,4837.2000,4837.0000,4836.8000,4835.6000,4835.4000,4842.2000,4843.2000,4843.8000,4845.0000,4845.4000,1,1,3,1,2,2,5,1,3,1
SF,IC2006,2019-12-10 09:30:07.900,4841.8000,22829,-1,16454760.000,1,0,1,双平,S,4837.2000,4837.0000,4836.8000,4835.6000,4835.4000,4842.0000,4842.2000,4845.0000,4845.4000,4846.6000,1,1,3,1,2,1,2,3,1,5
SF,IC2006,2019-12-10 09:30:08.400,4841.8000,22829,0,16454760.000,0,-,-,-,-,4837.2000,4837.0000,4836.8000,4835.6000,4835.4000,4842.0000,4842.2000,4845.0000,4845.4000,4846.6000,1,1,3,1,2,1,1,3,1,5
SF,IC2006,2019-12-10 09:30:08.900,4841.8000,22829,0,16454760.000,0,-,-,-,-,4837.8000,4837.2000,4837.0000,4836.8000,4835.6000,4842.0000,4845.0000,4845.4000,4846.6000,4848.0000,1,1,1,3,1,1,3,1,5,5
SF,IC2006,2019-12-10 09:30:09.400,4841.8000,22829,0,16454760.000,0,-,-,-,-,4838.4000,4838.0000,4837.8000,4837.4000,4837.0000,4845.0000,4845.4000,4846.6000,4848.0000,4849.6000,1,1,1,2,1,3,1,5,5,3
SF,IC2006,2019-12-10 09:30:09.900,4841.8000,22829,0,16454760.000,0,-,-,-,-,4838.6000,4838.4000,4838.2000,4837.4000,4837.0000,4844.8000,4845.0000,4845.4000,4846.6000,4848.0000,2,1,1,2,1,1,3,1,5,5
SF,IC2006,2019-12-10 09:30:10.400,4841.8000,22829,0,16454760.000,0,-,-,-,-,4838.6000,4838.4000,4838.2000,4837.4000,4837.0000,4844.8000,4845.0000,4845.4000,4846.6000,4848.0000,2,1,1,2,1,2,3,1,5,5
SF,IC2006,2019-12-10 09:30:10.900,4841.8000,22829,0,16454760.000,0,-,-,-,-,4839.4000,4838.6000,4838.4000,4837.4000,4837.0000,4841.0000,4844.2000,4844.6000,4844.8000,4845.0000,1,2,1,2,1,1,1,1,2,3
SF,IC2006,2019-12-10 09:30:11.400,4841.0000,22828,-1,17422960.000,1,0,1,双平,S,4839.4000,4838.6000,4838.4000,4837.4000,4837.0000,4844.2000,4844.6000,4844.8000,4845.0000,4845.4000,1,1,1,2,1,1,1,1,1,1
SF,IC2006,2019-12-10 09:30:11.900,4841.0000,22828,0,17422960.000,0,-,-,-,-,4839.6000,4839.4000,4838.6000,4838.4000,4837.4000,4844.0000,4844.2000,4844.6000,4845.0000,4845.4000,1,2,1,1,2,1,1,1,1,1
SF,IC2006,2019-12-10 09:30:12.400,4841.0000,22828,0,17422960.000,0,-,-,-,-,4839.8000,4839.6000,4839.4000,4838.4000,4837.4000,4844.0000,4844.6000,4845.0000,4845.4000,4846.6000,1,1,2,1,2,1,1,1,1,5
SF,IC2006,2019-12-10 09:30:12.900,4841.0000,22828,0,17422960.000,0,-,-,-,-,4840.4000,4840.0000,4839.8000,4839.4000,4838.4000,4844.0000,4844.6000,4845.0000,4845.4000,4846.6000,1,1,2,2,1,1,1,1,1,5
SF,IC2006,2019-12-10 09:30:13.400,4843.8000,22826,-2,19360480.000,2,0,2,双平,S,4840.6000,4840.4000,4839.8000,4839.4000,4838.4000,4842.0000,4844.0000,4844.6000,4845.0000,4845.4000,1,1,1,1,1,1,1,1,1,1
SF,IC2006,2019-12-10 09:30:13.900,4843.8000,22826,0,19360480.000,0,-,-,-,-,4840.6000,4840.4000,4838.4000,4837.4000,4837.0000,4842.0000,4843.8000,4844.0000,4844.6000,4845.0000,1,1,1,2,1,1,1,1,1,1
SF,IC2006,2019-12-10 09:30:14.400,4843.8000,22826,0,19360480.000,0,-,-,-,-,4840.6000,4838.4000,4837.4000,4837.0000,4836.8000,4842.0000,4843.8000,4844.0000,4844.6000,4845.0000,1,1,2,1,3,1,1,1,1,1
SF,IC2006,2019-12-10 09:30:14.900,4843.8000,22826,0,19360480.000,0,-,-,-,-,4840.6000,4838.4000,4837.4000,4837.0000,4836.8000,4841.0000,4842.0000,4844.0000,4844.6000,4845.0000,1,1,2,1,3,1,1,1,1,1
SF,IC2006,2019-12-10 09:30:15.400,4841.0000,22825,-1,21296800.000,2,0,2,多平,S,4838.4000,4837.4000,4837.0000,4836.8000,4835.6000,4842.0000,4844.0000,4844.6000,4845.0000,4845.4000,1,2,1,3,1,1,1,1,1,1
SF,IC2006,2019-12-10 09:30:15.900,4841.0000,22825,0,21296800.000,0,-,-,-,-,4838.6000,4838.4000,4837.4000,4837.0000,4836.8000,4841.8000,4842.0000,4842.2000,4843.4000,4843.8000,1,1,2,1,3,2,1,1,1,1
SF,IC2006,2019-12-10 09:30:16.400,4841.0000,22825,0,21296800.000,0,-,-,-,-,4838.6000,4837.4000,4837.0000,4836.8000,4835.6000,4841.8000,4842.0000,4843.4000,4843.8000,4844.6000,1,2,1,3,1,2,1,1,1,1
SF,IC2006,2019-12-10 09:30:16.900,4838.6000,22825,0,22264520.000,1,0,1,多换,S,4837.4000,4837.0000,4836.8000,4835.6000,4835.4000,4841.8000,4842.0000,4843.4000,4843.8000,4844.6000,2,1,3,1,2,2,1,1,1,1
SF,IC2006,2019-12-10 09:30:17.400,4838.6000,22825,0,22264520.000,0,-,-,-,-,4838.8000,4837.6000,4837.4000,4837.0000,4836.8000,4841.8000,4842.0000,4843.4000,4843.8000,4844.6000,1,1,2,1,3,1,1,1,1,1
SF,IC2006,2019-12-10 09:30:17.900,4838.6000,22825,0,23232240.000,1,0,1,多换,S,4838.8000,4837.4000,4837.0000,4836.8000,4835.6000,4841.8000,4842.0000,4843.4000,4843.8000,4844.6000,1,2,1,3,1,1,1,1,1,1
SF,IC2006,2019-12-10 09:30:18.400,4838.6000,22825,0,23232240.000,0,-,-,-,-,4837.4000,4837.0000,4836.8000,4835.6000,4835.4000,4838.8000,4841.6000,4841.8000,4842.0000,4843.4000,2,1,1,1,2,1,1,1,1,1
SF,IC2006,2019-12-10 09:30:18.900,4838.6000,22825,0,23232240.000,0,-,-,-,-,4837.4000,4837.0000,4836.8000,4835.6000,4835.4000,4838.6000,4838.8000,4841.6000,4842.0000,4842.2000,2,1,1,1,2,1,1,2,1,1
SF,IC2006,2019-12-10 09:30:19.400,4838.6000,22825,0,23232240.000,0,-,-,-,-,4837.4000,4837.0000,4836.8000,4835.6000,4835.4000,4838.6000,4838.8000,4841.0000,4841.6000,4842.0000,2,1,1,1,2,1,1,1,1,1
SF,IC2006,2019-12-10 09:30:19.900,4838.6000,22824,-1,24199960.000,1,0,1,双平,S,4837.4000,4837.0000,4836.8000,4835.6000,4835.4000,4838.8000,4841.0000,4842.0000,4842.2000,4842.4000,2,1,1,1,2,1,1,1,1,1
SF,IC2006,2019-12-10 09:30:20.400,4838.6000,22824,0,24199960.000,0,-,-,-,-,4837.6000,4837.4000,4837.0000,4836.8000,4835.6000,4838.8000,4841.0000,4842.0000,4842.2000,4842.4000,1,2,1,1,1,1,1,1,1,1
SF,IC2006,2019-12-10 09:30:20.900,4837.4000,22823,-1,25167440.000,1,0,1,双平,S,4837.4000,4837.0000,4836.8000,4835.6000,4835.4000,4838.8000,4841.0000,4842.0000,4842.2000,4842.4000,1,1,1,1,2,2,1,1,1,1
SF,IC2006,2019-12-10 09:30:21.900,4838.8000,22823,0,26135200.000,1,0,1,多换,S,4837.4000,4837.0000,4836.8000,4835.6000,4835.4000,4838.8000,4841.0000,4842.0000,4842.2000,4843.8000,1,1,1,1,2,1,1,1,1,1
SF,IC2006,2019-12-10 09:30:22.400,4837.4000,22824,1,29037960.000,3,2,1,空开,S,4837.0000,4836.8000,4835.6000,4835.4000,4835.0000,4837.4000,4841.0000,4842.0000,4842.2000,4844.6000,1,1,1,2,1,2,1,1,1,1
SF,IC2006,2019-12-10 09:30:22.900,4837.4000,22825,1,30972920.000,2,1,1,空开,S,4837.0000,4836.8000,4835.6000,4835.4000,4835.0000,4841.0000,4842.0000,4842.2000,4844.6000,4845.0000,1,1,1,2,1,1,1,1,1,4
SF,IC2006,2019-12-10 09:30:23.400,4837.4000,22825,0,30972920.000,0,-,-,-,-,4837.2000,4837.0000,4836.8000,4835.6000,4835.4000,4840.8000,4841.0000,4842.0000,4842.2000,4844.6000,1,1,1,1,2,2,1,1,1,1
SF,IC2006,2019-12-10 09:30:23.900,4837.4000,22825,0,30972920.000,0,-,-,-,-,4838.8000,4837.2000,4837.0000,4836.8000,4835.6000,4840.8000,4841.0000,4842.0000,4842.2000,4844.6000,2,1,1,1,1,2,1,1,1,1
SF,IC2006,2019-12-10 09:30:24.400,4837.4000,22827,2,32907880.000,2,2,0,双开,S,4837.2000,4837.0000,4836.8000,4835.6000,4835.4000,4840.8000,4841.0000,4842.0000,4842.2000,4844.6000,1,1,1,1,2,2,1,1,1,1
SF,IC2006,2019-12-10 09:30:24.900,4837.4000,22827,0,32907880.000,0,-,-,-,-,4837.4000,4837.2000,4837.0000,4836.8000,4835.6000,4840.6000,4840.8000,4841.0000,4842.0000,4842.2000,2,1,1,1,1,1,1,1,1,1
SF,IC2006,2019-12-10 09:30:25.400,4840.4000,22827,0,33875960.000,1,0,1,多换,S,4837.6000,4837.4000,4837.0000,4836.8000,4835.6000,4840.6000,4841.0000,4842.0000,4842.2000,4844.6000,1,2,1,1,1,1,1,1,1,1
SF,IC2006,2019-12-10 09:30:25.900,4840.4000,22827,0,33875960.000,0,-,-,-,-,4838.4000,4837.8000,4837.6000,4837.4000,4837.0000,4840.4000,4840.6000,4841.0000,4842.0000,4842.2000,3,1,1,2,1,1,1,1,1,1
SF,IC2006,2019-12-10 09:30:26.400,4838.4000,22828,1,34843640.000,1,1,0,双开,S,4838.4000,4837.8000,4837.6000,4837.4000,4836.8000,4840.4000,4840.6000,4841.0000,4842.0000,4842.2000,2,1,1,1,1,1,1,1,1,1
SF,IC2006,2019-12-10 09:30:26.900,4838.4000,22828,0,34843640.000,0,-,-,-,-,4838.6000,4838.4000,4837.8000,4836.8000,4835.6000,4840.4000,4841.0000,4842.0000,4842.2000,4844.6000,1,2,2,1,1,1,1,1,1,1
SF,IC2006,2019-12-10 09:30:27.400,4838.4000,22828,0,36779000.000,2,1,1,多换,S,4838.4000,4837.8000,4836.8000,4835.6000,4835.4000,4840.2000,4840.4000,4841.0000,4842.0000,4842.2000,1,1,1,1,2,1,1,1,1,1
SF,IC2006,2019-12-10 09:30:27.900,4838.4000,22828,0,36779000.000,0,-,-,-,-,4838.4000,4836.8000,4835.6000,4835.4000,4835.0000,4840.0000,4840.2000,4841.0000,4842.0000,4842.2000,1,1,1,2,1,1,1,1,1,1
SF,IC2006,2019-12-10 09:30:28.400,4838.4000,22828,0,36779000.000,0,-,-,-,-,4838.6000,4838.4000,4836.8000,4835.6000,4835.4000,4841.0000,4842.0000,4842.2000,4844.6000,4845.0000,1,1,1,1,2,1,1,1,1,4
SF,IC2006,2019-12-10 09:30:28.900,4838.4000,22828,0,36779000.000,0,-,-,-,-,4838.8000,4838.6000,4838.4000,4838.2000,4836.8000,4840.8000,4841.0000,4842.0000,4842.2000,4844.6000,1,1,2,1,1,1,1,1,1,1
SF,IC2006,2019-12-10 09:30:29.400,4838.4000,22828,0,36779000.000,0,-,-,-,-,4839.0000,4838.8000,4838.4000,4838.2000,4836.8000,4840.8000,4841.0000,4842.0000,4844.6000,4845.0000,1,1,1,1,1,1,1,1,1,4
SF,IC2006,2019-12-10 09:30:29.900,4838.4000,22828,0,36779000.000,0,-,-,-,-,4839.0000,4838.8000,4838.4000,4838.2000,4836.8000,4840.8000,4841.0000,4842.0000,4844.6000,4845.0000,1,1,1,1,1,1,1,1,1,4
SF,IC2006,2019-12-10 09:30:30.400,4838.4000,22828,0,36779000.000,0,-,-,-,-,4839.2000,4839.0000,4838.8000,4838.4000,4838.2000,4840.8000,4841.0000,4842.0000,4844.6000,4845.0000,1,2,1,1,1,1,1,1,1,4
SF,IC2006,2019-12-10 09:30:30.900,4838.4000,22828,0,36779000.000,0,-,-,-,-,4840.8000,4839.4000,4839.2000,4839.0000,4838.4000,4841.0000,4842.0000,4844.6000,4845.0000,4845.4000,2,1,1,1,1,1,1,1,4,1
SF,IC2006,2019-12-10 09:30:31.400,4839.4000,22828,0,39683200.000,3,1,2,多换,S,4839.0000,4838.4000,4838.2000,4837.2000,4836.8000,4841.0000,4842.0000,4844.6000,4845.0000,4845.4000,1,1,1,1,1,1,1,1,4,1
SF,IC2006,2019-12-10 09:30:31.900,4839.4000,22828,0,39683200.000,0,-,-,-,-,4839.0000,4838.4000,4838.2000,4837.2000,4836.8000,4840.8000,4841.0000,4842.0000,4844.6000,4845.0000,1,1,1,1,1,2,1,1,1,4
SF,IC2006,2019-12-10 09:30:32.400,4839.4000,22828,0,39683200.000,0,-,-,-,-,4839.2000,4839.0000,4838.4000,4838.2000,4837.2000,4840.8000,4841.0000,4842.0000,4844.6000,4845.0000,1,1,1,1,1,2,1,1,1,4
SF,IC2006,2019-12-10 09:30:33.400,4839.4000,22828,0,39683200.000,0,-,-,-,-,4839.2000,4839.0000,4838.4000,4838.2000,4837.2000,4840.8000,4841.0000,4842.0000,4844.6000,4845.0000,1,1,1,1,1,2,1,1,1,4
SF,IC2006,2019-12-10 09:30:33.900,4839.4000,22828,0,39683200.000,0,-,-,-,-,4839.4000,4839.2000,4839.0000,4838.4000,4838.2000,4840.8000,4841.0000,4842.0000,4844.6000,4845.0000,1,1,1,1,1,1,1,1,1,4
SF,IC2006,2019-12-10 09:30:34.400,4839.4000,22828,0,39683200.000,0,-,-,-,-,4839.2000,4839.0000,4838.4000,4838.2000,4837.2000,4840.6000,4840.8000,4841.0000,4842.0000,4844.6000,1,1,1,1,1,1,1,1,1,1
SF,IC2006,2019-12-10 09:30:34.900,4839.4000,22828,0,39683200.000,0,-,-,-,-,4839.2000,4839.0000,4838.4000,4838.2000,4837.2000,4840.4000,4840.6000,4841.0000,4842.0000,4844.6000,1,1,1,1,1,1,1,1,1,1
SF,IC2006,2019-12-10 09:30:35.400,4839.4000,22828,0,39683200.000,0,-,-,-,-,4839.2000,4839.0000,4838.4000,4838.2000,4837.2000,4840.4000,4841.0000,4842.0000,4844.6000,4845.0000,1,1,1,1,1,1,1,1,1,4
SF,IC2006,2019-12-10 09:30:35.900,4839.4000,22828,0,39683200.000,0,-,-,-,-,4839.4000,4839.2000,4839.0000,4838.4000,4838.2000,4841.0000,4842.0000,4844.6000,4845.0000,4845.4000,1,2,1,1,1,1,1,1,4,1
SF,IC2006,2019-12-10 09:30:36.400,4839.4000,22828,0,39683200.000,0,-,-,-,-,4840.4000,4839.6000,4839.4000,4839.2000,4839.0000,4840.6000,4840.8000,4841.0000,4842.0000,4844.6000,1,1,1,2,2,1,1,1,1,1
SF,IC2006,2019-12-10 09:30:36.900,4840.6000,22827,-1,40651320.000,1,0,1,双平,S,4839.6000,4839.2000,4839.0000,4838.4000,4838.2000,4840.8000,4841.0000,4842.0000,4844.6000,4845.0000,1,1,2,1,1,1,1,1,1,4
SF,IC2006,2019-12-10 09:30:37.400,4840.6000,22827,0,40651320.000,0,-,-,-,-,4839.2000,4839.0000,4838.4000,4838.2000,4837.2000,4840.8000,4841.0000,4842.0000,4844.6000,4845.0000,2,2,1,1,1,1,1,1,1,4
SF,IC2006,2019-12-10 09:30:37.900,4840.8000,22826,-1,41619480.000,1,0,1,双平,S,4840.6000,4840.0000,4839.4000,4839.2000,4839.0000,4841.0000,4842.0000,4844.6000,4845.0000,4845.4000,1,1,2,2,2,1,1,1,4,1
SF,IC2006,2019-12-10 09:30:38.400,4840.8000,22826,0,41619480.000,0,-,-,-,-,4840.8000,4840.6000,4840.0000,4839.4000,4839.2000,4841.0000,4842.0000,4844.6000,4845.0000,4845.4000,1,1,1,2,2,1,1,1,4,1
SF,IC2006,2019-12-10 09:30:38.900,4841.0000,22825,-1,42587680.000,1,0,1,双平,S,4841.0000,4840.8000,4840.6000,4840.0000,4839.4000,4842.0000,4844.6000,4845.0000,4845.4000,4846.6000,1,1,1,1,2,1,1,4,1,5
SF,IC2006,2019-12-10 09:30:39.400,4841.0000,22825,0,42587680.000,0,-,-,-,-,4840.8000,4840.6000,4839.4000,4839.2000,4839.0000,4841.8000,4842.0000,4844.6000,4845.0000,4845.4000,1,1,1,2,2,1,1,1,4,1
SF,IC2006,2019-12-10 09:30:39.900,4841.8000,22824,-1,45492520.000,3,1,2,多平,S,4840.6000,4839.2000,4839.0000,4838.4000,4838.2000,4842.0000,4844.6000,4845.0000,4845.4000,4846.6000,1,2,2,1,1,1,1,4,1,5
SF,IC2006,2019-12-10 09:30:40.400,4841.8000,22824,0,45492520.000,0,-,-,-,-,4840.6000,4839.2000,4839.0000,4838.4000,4838.2000,4841.8000,4842.0000,4844.6000,4845.0000,4845.4000,1,3,2,1,1,1,1,1,4,1
SF,IC2006,2019-12-10 09:30:40.900,4841.8000,22824,0,45492520.000,0,-,-,-,-,4841.0000,4840.6000,4839.2000,4839.0000,4838.4000,4841.8000,4842.0000,4844.6000,4845.0000,4845.4000,1,1,3,2,1,1,1,1,4,1
SF,IC2006,2019-12-10 09:30:41.400,4841.0000,22823,-1,46460720.000,1,0,1,双平,S,4841.0000,4840.6000,4839.2000,4839.0000,4838.4000,4841.8000,4842.0000,4844.6000,4845.0000,4845.4000,1,1,3,2,1,1,1,1,4,1
SF,IC2006,2019-12-10 09:30:41.900,4841.6000,22824,1,49365440.000,3,2,1,空开,S,4840.6000,4839.2000,4839.0000,4838.4000,4838.2000,4841.8000,4842.0000,4844.6000,4845.0000,4845.4000,1,3,2,1,1,1,1,1,4,1
SF,IC2006,2019-12-10 09:30:42.400,4840.6000,22825,1,50333560.000,1,1,0,双开,S,4839.2000,4839.0000,4838.4000,4838.2000,4835.6000,4841.4000,4841.8000,4842.0000,4844.6000,4845.0000,3,2,1,1,1,1,1,1,1,4
SF,IC2006,2019-12-10 09:30:42.900,4841.4000,22825,0,52270080.000,2,1,1,多换,S,4841.8000,4839.4000,4839.2000,4839.0000,4838.4000,4842.0000,4844.6000,4845.0000,4845.4000,4848.0000,1,2,3,2,1,1,1,4,1,5
SF,IC2006,2019-12-10 09:30:43.400,4839.4000,22824,-1,54206320.000,2,0,2,多平,S,4839.4000,4839.2000,4839.0000,4838.4000,4838.2000,4841.8000,4842.0000,4844.6000,4845.0000,4845.4000,1,3,2,1,1,2,1,1,4,1
SF,IC2006,2019-12-10 09:30:43.900,4839.4000,22824,0,54206320.000,0,-,-,-,-,4840.4000,4839.6000,4839.2000,4839.0000,4838.4000,4841.6000,4841.8000,4842.0000,4844.6000,4845.0000,1,1,3,2,1,2,2,1,1,4
SF,IC2006,2019-12-10 09:30:44.400,4841.6000,22824,0,56142960.000,2,1,1,多换,S,4840.4000,4839.6000,4839.2000,4839.0000,4838.4000,4841.8000,4842.0000,4844.6000,4845.0000,4845.4000,1,1,3,2,1,2,1,1,4,1
SF,IC2006,2019-12-10 09:30:44.900,4841.6000,22824,0,56142960.000,0,-,-,-,-,4840.4000,4839.6000,4839.2000,4839.0000,4838.4000,4841.6000,4841.8000,4842.0000,4844.6000,4845.0000,1,1,3,2,1,1,2,1,1,4
SF,IC2006,2019-12-10 09:30:45.400,4841.6000,22824,0,56142960.000,0,-,-,-,-,4840.4000,4839.6000,4839.2000,4839.0000,4838.8000,4841.6000,4841.8000,4842.0000,4844.6000,4845.0000,1,1,3,2,1,1,2,1,1,4
SF,IC2006,2019-12-10 09:30:45.900,4841.6000,22824,0,57111280.000,1,0,1,多换,S,4841.6000,4840.4000,4839.6000,4839.2000,4839.0000,4841.8000,4842.0000,4844.6000,4845.0000,4845.4000,1,1,1,4,2,2,1,1,4,1
SF,IC2006,2019-12-10 09:30:46.400,4840.4000,22825,1,59047680.000,2,1,1,空开,S,4839.6000,4839.2000,4839.0000,4838.8000,4838.4000,4842.0000,4844.6000,4845.0000,4845.4000,4848.0000,1,4,2,1,1,1,1,4,1,5
SF,IC2006,2019-12-10 09:30:46.900,4840.4000,22825,0,59047680.000,0,-,-,-,-,4839.8000,4839.6000,4839.2000,4839.0000,4838.8000,4841.8000,4842.0000,4842.2000,4844.6000,4845.0000,1,1,4,2,1,1,1,1,1,4
SF,IC2006,2019-12-10 09:30:47.400,4841.8000,22825,0,60016040.000,1,0,1,多换,S,4839.8000,4839.6000,4839.2000,4839.0000,4838.8000,4841.6000,4842.0000,4842.2000,4844.6000,4845.0000,1,1,4,2,1,1,1,1,1,4
SF,IC2006,2019-12-10 09:30:47.900,4841.8000,22825,0,60016040.000,0,-,-,-,-,4840.0000,4839.6000,4839.2000,4839.0000,4838.8000,4841.6000,4842.0000,4842.2000,4844.6000,4845.0000,1,1,4,2,1,2,1,1,1,4
SF,IC2006,2019-12-10 09:30:48.400,4841.6000,22825,0,62921000.000,3,1,2,多换,S,4840.0000,4839.6000,4839.2000,4839.0000,4838.8000,4842.0000,4842.2000,4844.6000,4845.0000,4845.4000,1,1,4,2,1,1,1,1,4,1
SF,IC2006,2019-12-10 09:30:48.900,4841.6000,22825,0,62921000.000,0,-,-,-,-,4840.0000,4839.6000,4839.2000,4839.0000,4838.8000,4842.0000,4842.2000,4844.6000,4845.0000,4845.4000,1,1,4,2,1,1,1,1,4,1
SF,IC2006,2019-12-10 09:30:49.400,4841.6000,22825,0,62921000.000,0,-,-,-,-,4841.8000,4840.2000,4840.0000,4839.6000,4839.2000,4842.0000,4842.2000,4844.6000,4845.0000,4845.4000,1,1,1,1,4,1,1,1,4,1
SF,IC2006,2019-12-10 09:30:49.900,4840.2000,22825,0,64857400.000,2,1,1,多换,S,4840.0000,4839.6000,4839.2000,4839.0000,4838.8000,4842.0000,4842.2000,4844.6000,4845.0000,4845.4000,1,1,4,2,1,1,1,1,4,1
SF,IC2006,2019-12-10 09:30:50.400,4842.0000,22825,0,65825800.000,1,0,1,多换,S,4840.0000,4839.8000,4839.6000,4839.2000,4839.0000,4842.2000,4844.6000,4845.0000,4845.4000,4848.0000,1,1,1,4,2,1,1,4,1,5
SF,IC2006,2019-12-10 09:30:50.900,4842.0000,22825,0,65825800.000,0,-,-,-,-,4840.2000,4840.0000,4839.8000,4839.6000,4839.2000,4844.6000,4845.0000,4845.4000,4848.0000,4849.6000,1,1,1,1,4,1,4,1,5,3
SF,IC2006,2019-12-10 09:30:51.400,4842.0000,22825,0,65825800.000,0,-,-,-,-,4840.4000,4840.2000,4839.8000,4839.6000,4839.2000,4844.2000,4844.4000,4844.6000,4845.0000,4845.4000,1,1,1,1,4,1,2,1,4,1
SF,IC2006,2019-12-10 09:30:51.900,4842.0000,22825,0,65825800.000,0,-,-,-,-,4840.6000,4840.4000,4840.2000,4839.8000,4839.6000,4844.0000,4844.2000,4844.4000,4844.6000,4845.0000,2,1,1,1,1,1,1,1,1,4
SF,IC2006,2019-12-10 09:30:52.400,4844.0000,22824,-1,66794600.000,1,0,1,双平,S,4844.0000,4840.8000,4840.6000,4840.2000,4839.6000,4844.2000,4844.6000,4845.0000,4845.4000,4848.0000,1,1,3,1,1,1,1,4,1,5
SF,IC2006,2019-12-10 09:30:52.900,4840.8000,22823,-1,68731560.000,2,0,2,多平,S,4840.6000,4839.6000,4839.2000,4839.0000,4838.4000,4844.0000,4844.2000,4844.6000,4845.0000,4845.4000,3,1,4,2,1,1,1,1,4,1
SF,IC2006,2019-12-10 09:30:53.400,4840.8000,22823,0,68731560.000,0,-,-,-,-,4840.8000,4840.6000,4839.6000,4839.2000,4839.0000,4843.8000,4844.0000,4844.2000,4844.6000,4845.0000,1,2,1,4,2,1,2,1,1,4
SF,IC2006,2019-12-10 09:30:53.900,4844.0000,22822,-1,69700360.000,1,0,1,双平,S,4842.0000,4841.4000,4840.8000,4840.6000,4839.6000,4844.0000,4844.2000,4844.6000,4845.0000,4845.4000,1,1,2,1,1,1,1,1,4,1
SF,IC2006,2019-12-10 09:30:54.400,4844.0000,22822,0,69700360.000,0,-,-,-,-,4842.2000,4842.0000,4841.4000,4841.2000,4841.0000,4843.8000,4844.2000,4844.6000,4845.0000,4845.4000,1,1,2,1,1,1,1,1,4,1
SF,IC2006,2019-12-10 09:30:54.900,4842.2000,22821,-1,70668800.000,1,0,1,双平,S,4842.0000,4841.4000,4841.2000,4840.8000,4840.6000,4844.2000,4844.6000,4845.0000,4845.4000,4847.6000,1,1,1,1,1,1,1,4,1,2
SF,IC2006,2019-12-10 09:30:55.400,4842.2000,22821,0,70668800.000,0,-,-,-,-,4842.4000,4842.0000,4841.4000,4840.6000,4840.4000,4844.0000,4844.2000,4844.6000,4845.0000,4845.4000,1,1,1,1,1,1,1,1,4,1
SF,IC2006,2019-12-10 09:30:55.900,4842.2000,22821,0,70668800.000,0,-,-,-,-,4842.4000,4842.0000,4841.4000,4840.4000,4840.0000,4844.0000,4844.2000,4844.6000,4845.0000,4845.4000,1,1,1,1,1,1,1,1,4,1
SF,IC2006,2019-12-10 09:30:56.400,4842.2000,22821,0,70668800.000,0,-,-,-,-,4842.0000,4841.4000,4840.4000,4840.0000,4839.6000,4844.0000,4844.2000,4844.6000,4845.0000,4845.4000,1,1,1,1,1,1,1,1,4,1
SF,IC2006,2019-12-10 09:30:56.900,4842.2000,22821,0,70668800.000,0,-,-,-,-,4842.0000,4841.4000,4840.0000,4839.6000,4839.2000,4843.8000,4844.0000,4844.2000,4844.6000,4845.0000,1,1,1,1,4,1,1,1,1,4
SF,IC2006,2019-12-10 09:30:57.400,4842.2000,22821,0,70668800.000,0,-,-,-,-,4842.0000,4840.0000,4839.6000,4839.2000,4839.0000,4843.6000,4843.8000,4844.6000,4845.0000,4845.4000,1,1,1,4,2,1,2,1,4,1
SF,IC2006,2019-12-10 09:30:58.400,4842.2000,22821,0,70668800.000,0,-,-,-,-,4842.2000,4842.0000,4840.0000,4839.6000,4839.2000,4843.4000,4843.6000,4843.8000,4844.6000,4845.0000,1,1,1,1,4,1,1,1,1,4
SF,IC2006,2019-12-10 09:30:58.900,4842.2000,22821,0,70668800.000,0,-,-,-,-,4842.2000,4842.0000,4840.0000,4839.2000,4839.0000,4843.2000,4843.4000,4843.8000,4844.6000,4845.0000,1,1,1,4,2,1,1,1,1,4
SF,IC2006,2019-12-10 09:30:59.400,4842.2000,22822,1,72605640.000,2,1,1,空开,S,4840.0000,4839.2000,4839.0000,4838.4000,4838.2000,4843.2000,4843.4000,4843.8000,4844.6000,4845.0000,1,4,2,1,1,1,1,1,1,4
SF,IC2006,2019-12-10 09:30:59.900,4842.2000,22822,0,72605640.000,0,-,-,-,-,4840.2000,4839.2000,4839.0000,4838.4000,4838.2000,4843.2000,4843.4000,4843.8000,4844.6000,4845.0000,2,4,2,1,1,1,1,1,1,4
SF,IC2006,2019-12-10 09:31:00.400,4842.2000,22822,0,72605640.000,0,-,-,-,-,4840.2000,4839.2000,4839.0000,4838.4000,4838.2000,4843.2000,4843.4000,4843.8000,4844.6000,4845.0000,2,4,2,1,2,1,1,1,1,4
SF,IC2006,2019-12-10 09:31:00.900,4842.2000,22822,0,72605640.000,0,-,-,-,-,4840.2000,4839.2000,4839.0000,4838.4000,4838.2000,4843.0000,4843.2000,4843.4000,4843.8000,4844.6000,1,4,2,1,2,2,1,1,1,1
SF,IC2006,2019-12-10 09:31:01.400,4842.2000,22822,0,72605640.000,0,-,-,-,-,4840.2000,4839.2000,4839.0000,4838.4000,4838.2000,4842.8000,4843.0000,4843.4000,4843.8000,4844.6000,2,3,2,1,2,1,2,1,1,1
SF,IC2006,2019-12-10 09:31:02.400,4842.2000,22822,0,72605640.000,0,-,-,-,-,4840.2000,4839.2000,4839.0000,4838.4000,4838.2000,4842.6000,4842.8000,4843.0000,4843.4000,4843.8000,2,3,2,1,2,2,1,1,1,1
SF,IC2006,2019-12-10 09:31:02.900,4842.2000,22822,0,72605640.000,0,-,-,-,-,4840.2000,4839.2000,4839.0000,4838.4000,4838.2000,4842.4000,4842.6000,4843.0000,4843.4000,4843.8000,2,3,2,1,2,1,3,1,1,1
SF,IC2006,2019-12-10 09:31:03.400,4842.2000,22822,0,72605640.000,0,-,-,-,-,4840.2000,4839.2000,4839.0000,4838.4000,4838.2000,4842.2000,4842.4000,4842.6000,4843.0000,4843.4000,1,3,2,1,2,1,1,3,1,1
SF,IC2006,2019-12-10 09:31:03.900,4842.2000,22822,0,72605640.000,0,-,-,-,-,4840.2000,4839.2000,4839.0000,4838.4000,4838.2000,4842.0000,4842.2000,4842.6000,4843.0000,4844.6000,1,3,2,1,2,1,2,2,1,1
SF,IC2006,2019-12-10 09:31:04.400,4842.2000,22822,0,72605640.000,0,-,-,-,-,4840.2000,4839.2000,4839.0000,4838.4000,4838.2000,4841.8000,4842.0000,4842.2000,4842.6000,4843.0000,1,3,2,1,1,1,2,1,2,1
SF,IC2006,2019-12-10 09:31:04.900,4842.2000,22822,0,72605640.000,0,-,-,-,-,4840.2000,4839.2000,4839.0000,4838.4000,4838.2000,4841.6000,4841.8000,4842.2000,4842.6000,4843.0000,1,3,2,1,1,1,2,1,2,1
SF,IC2006,2019-12-10 09:31:05.400,4842.2000,22822,0,72605640.000,0,-,-,-,-,4840.4000,4840.2000,4839.2000,4839.0000,4838.4000,4841.8000,4842.2000,4842.6000,4843.0000,4844.6000,1,1,3,2,1,2,1,2,1,1
SF,IC2006,2019-12-10 09:31:05.900,4842.2000,22822,0,72605640.000,0,-,-,-,-,4840.4000,4840.2000,4839.2000,4839.0000,4838.4000,4841.6000,4841.8000,4842.2000,4842.6000,4844.6000,1,1,3,2,1,1,1,1,2,1
SF,IC2006,2019-12-10 09:31:06.400,4842.2000,22822,0,72605640.000,0,-,-,-,-,4840.4000,4840.2000,4839.2000,4839.0000,4838.4000,4841.6000,4841.8000,4842.2000,4842.6000,4844.6000,2,1,3,2,1,1,1,1,2,1
SF,IC2006,2019-12-10 09:31:06.900,4840.4000,22822,0,73573720.000,1,0,1,多换,S,4840.2000,4839.2000,4839.0000,4838.4000,4838.2000,4841.6000,4841.8000,4842.2000,4842.6000,4844.6000,1,3,2,1,1,1,1,1,1,1
SF,IC2006,2019-12-10 09:31:07.900,4840.4000,22822,0,73573720.000,0,-,-,-,-,4840.2000,4839.2000,4839.0000,4838.4000,4838.2000,4841.4000,4841.6000,4841.8000,4842.2000,4842.6000,1,3,2,1,1,1,1,1,1,1
SF,IC2006,2019-12-10 09:31:09.400,4840.4000,22822,0,73573720.000,0,-,-,-,-,4840.2000,4839.2000,4839.0000,4838.4000,4838.2000,4841.6000,4841.8000,4842.2000,4844.6000,4845.0000,1,3,2,1,1,1,1,1,1,4
SF,IC2006,2019-12-10 09:31:09.900,4840.4000,22822,0,73573720.000,0,-,-,-,-,4841.6000,4841.4000,4840.4000,4840.2000,4839.2000,4841.8000,4844.6000,4845.0000,4845.4000,4847.0000,1,1,2,1,3,1,1,4,1,2
SF,IC2006,2019-12-10 09:31:10.400,4841.8000,22821,-1,75510440.000,2,0,2,多平,S,4841.8000,4841.4000,4840.4000,4840.2000,4839.2000,4844.6000,4845.0000,4845.4000,4847.0000,4847.6000,1,1,2,1,3,1,4,1,2,2
SF,IC2006,2019-12-10 09:31:10.900,4841.8000,22821,0,75510440.000,0,-,-,-,-,4842.0000,4841.8000,4841.4000,4840.4000,4840.2000,4844.4000,4844.6000,4845.0000,4845.4000,4846.0000,2,1,1,1,1,2,1,4,1,1
SF,IC2006,2019-12-10 09:31:11.400,4841.8000,22821,0,75510440.000,0,-,-,-,-,4842.0000,4841.8000,4841.4000,4840.2000,4839.2000,4844.4000,4844.6000,4845.0000,4845.4000,4846.0000,1,1,1,1,3,2,1,4,1,1
SF,IC2006,2019-12-10 09:31:11.900,4841.8000,22821,0,75510440.000,0,-,-,-,-,4841.8000,4841.6000,4841.4000,4840.2000,4839.2000,4844.4000,4844.6000,4845.0000,4845.4000,4846.0000,1,1,1,1,3,2,1,4,1,1
SF,IC2006,2019-12-10 09:31:12.400,4841.8000,22821,0,75510440.000,0,-,-,-,-,4841.8000,4841.6000,4841.4000,4840.2000,4839.2000,4844.2000,4844.4000,4844.6000,4845.0000,4845.4000,1,1,1,1,3,1,2,1,4,1
SF,IC2006,2019-12-10 09:31:12.900,4841.8000,22820,-1,76478800.000,1,0,1,双平,S,4841.6000,4841.4000,4840.2000,4839.2000,4839.0000,4843.8000,4844.0000,4844.4000,4844.6000,4845.0000,1,1,1,3,2,3,1,1,1,4
SF,IC2006,2019-12-10 09:31:13.400,4841.8000,22820,0,76478800.000,0,-,-,-,-,4841.8000,4841.6000,4841.4000,4840.2000,4839.2000,4843.6000,4844.4000,4844.6000,4845.0000,4845.4000,1,1,1,1,3,1,1,1,4,2
SF,IC2006,2019-12-10 09:31:13.900,4841.8000,22820,0,76478800.000,0,-,-,-,-,4841.6000,4841.4000,4840.2000,4839.2000,4839.0000,4843.6000,4843.8000,4844.4000,4844.6000,4845.0000,1,1,1,3,2,1,1,1,1,4
SF,IC2006,2019-12-10 09:31:14.400,4843.6000,22820,0,77447520.000,1,0,1,多换,S,4841.6000,4841.4000,4840.2000,4839.2000,4839.0000,4843.8000,4844.4000,4844.6000,4845.0000,4845.4000,1,1,1,3,2,1,1,1,4,2
SF,IC2006,2019-12-10 09:31:14.900,4843.6000,22820,0,77447520.000,0,-,-,-,-,4841.8000,4841.6000,4841.4000,4840.2000,4839.2000,4843.2000,4843.6000,4843.8000,4844.4000,4844.6000,1,1,1,1,3,1,2,1,1,1
SF,IC2006,2019-12-10 09:31:15.400,4843.6000,22820,0,77447520.000,0,-,-,-,-,4841.8000,4841.6000,4841.4000,4840.2000,4839.2000,4843.2000,4843.6000,4844.4000,4844.6000,4845.0000,2,1,1,1,3,1,2,1,1,4
SF,IC2006,2019-12-10 09:31:15.900,4843.6000,22820,0,77447520.000,0,-,-,-,-,4841.8000,4841.6000,4841.4000,4840.2000,4839.2000,4844.4000,4844.6000,4845.0000,4845.4000,4847.0000,2,1,1,1,3,1,1,4,2,2
SF,IC2006,2019-12-10 09:31:16.400,4843.6000,22820,0,77447520.000,0,-,-,-,-,4841.8000,4841.6000,4841.4000,4840.2000,4839.2000,4843.8000,4844.0000,4844.2000,4844.4000,4844.6000,1,1,1,1,3,1,2,1,1,1
SF,IC2006,2019-12-10 09:31:16.900,4843.6000,22820,0,77447520.000,0,-,-,-,-,4842.0000,4841.8000,4841.6000,4841.4000,4840.2000,4843.2000,4843.4000,4843.6000,4843.8000,4844.4000,1,1,1,1,1,1,1,2,1,1
SF,IC2006,2019-12-10 09:31:17.400,4842.0000,22820,0,78415920.000,1,0,1,多换,S,4841.8000,4841.6000,4841.4000,4840.2000,4839.2000,4843.2000,4843.6000,4843.8000,4844.4000,4844.6000,1,1,1,1,3,1,1,1,1,1
SF,IC2006,2019-12-10 09:31:17.900,4842.0000,22820,0,78415920.000,0,-,-,-,-,4841.8000,4841.6000,4841.4000,4840.2000,4839.2000,4843.2000,4843.8000,4844.4000,4844.6000,4845.0000,1,1,1,1,3,1,1,1,1,4
SF,IC2006,2019-12-10 09:31:18.400,4842.0000,22820,0,78415920.000,0,-,-,-,-,4842.0000,4841.8000,4841.6000,4840.2000,4839.2000,4843.2000,4844.4000,4844.6000,4845.0000,4845.4000,1,1,6,1,3,1,1,1,4,2
SF,IC2006,2019-12-10 09:31:18.900,4843.2000,22819,-1,79384560.000,1,0,1,双平,S,4842.2000,4842.0000,4841.6000,4840.2000,4839.2000,4844.6000,4845.0000,4845.4000,4847.0000,4847.6000,1,1,6,1,3,1,4,2,2,2
SF,IC2006,2019-12-10 09:31:19.400,4843.2000,22819,0,79384560.000,0,-,-,-,-,4842.2000,4841.6000,4840.2000,4839.2000,4839.0000,4843.2000,4844.4000,4844.6000,4845.0000,4845.4000,1,6,1,3,2,1,2,1,4,2
SF,IC2006,2019-12-10 09:31:19.900,4843.2000,22819,0,79384560.000,0,-,-,-,-,4842.2000,4841.6000,4840.2000,4839.2000,4839.0000,4843.2000,4844.4000,4844.6000,4845.0000,4845.4000,1,6,1,3,2,1,1,1,4,2
SF,IC2006,2019-12-10 09:31:20.400,4843.2000,22818,-1,80353200.000,1,0,1,双平,S,4842.2000,4841.6000,4840.2000,4839.2000,4839.0000,4844.6000,4845.0000,4845.4000,4847.0000,4847.6000,1,6,1,3,2,1,4,2,2,2
SF,IC2006,2019-12-10 09:31:20.900,4843.2000,22818,0,80353200.000,0,-,-,-,-,4842.2000,4841.6000,4840.2000,4839.2000,4839.0000,4844.4000,4844.6000,4845.0000,4845.4000,4847.0000,1,6,1,3,2,2,1,4,2,2
SF,IC2006,2019-12-10 09:31:21.900,4843.2000,22818,0,80353200.000,0,-,-,-,-,4843.2000,4842.2000,4841.6000,4840.2000,4839.2000,4844.6000,4845.0000,4845.4000,4847.0000,4847.6000,2,1,6,1,3,1,4,2,2,2
SF,IC2006,2019-12-10 09:31:22.400,4843.2000,22818,0,80353200.000,0,-,-,-,-,4843.4000,4843.2000,4841.6000,4840.2000,4839.2000,4844.2000,4844.6000,4845.0000,4845.4000,4847.0000,1,2,6,1,3,1,1,4,2,2
SF,IC2006,2019-12-10 09:31:24.400,4843.2000,22818,0,80353200.000,0,-,-,-,-,4843.4000,4843.2000,4841.6000,4840.2000,4839.2000,4844.2000,4844.6000,4845.0000,4845.4000,4847.0000,1,2,5,1,3,1,1,4,2,2
SF,IC2006,2019-12-10 09:31:25.400,4843.2000,22818,0,80353200.000,0,-,-,-,-,4843.4000,4843.2000,4841.6000,4840.2000,4839.2000,4844.6000,4845.0000,4845.4000,4847.0000,4847.6000,1,2,5,1,3,1,4,2,2,2
SF,IC2006,2019-12-10 09:31:25.900,4844.6000,22818,0,81322120.000,1,0,1,多换,S,4844.6000,4843.4000,4843.2000,4841.6000,4840.2000,4845.0000,4845.4000,4847.0000,4847.6000,4848.0000,1,1,2,5,1,4,2,2,2,6
SF,IC2006,2019-12-10 09:31:26.400,4843.4000,22818,0,83259720.000,2,1,1,多换,S,4843.2000,4841.6000,4840.2000,4839.2000,4839.0000,4843.4000,4845.0000,4845.4000,4847.0000,4847.6000,2,5,1,3,2,1,6,2,2,2
SF,IC2006,2019-12-10 09:31:26.900,4843.4000,22817,-1,84228400.000,1,0,1,双平,S,4843.6000,4843.4000,4843.2000,4841.6000,4840.2000,4845.0000,4845.4000,4847.0000,4847.6000,4848.0000,1,2,2,5,1,6,2,2,2,6
SF,IC2006,2019-12-10 09:31:27.400,4843.4000,22817,0,84228400.000,0,-,-,-,-,4843.8000,4843.6000,4843.4000,4843.2000,4841.6000,4845.0000,4845.4000,4847.0000,4847.6000,4848.0000,1,1,2,2,5,6,2,2,2,6
SF,IC2006,2019-12-10 09:31:27.900,4843.4000,22817,0,84228400.000,0,-,-,-,-,4843.8000,4843.6000,4843.4000,4843.2000,4841.6000,4845.0000,4845.4000,4847.0000,4847.6000,4848.0000,1,1,2,2,5,4,1,2,2,6
SF,IC2006,2019-12-10 09:31:28.400,4845.0000,22816,-1,85197400.000,1,0,1,双平,S,4843.6000,4843.4000,4843.2000,4841.6000,4840.2000,4845.0000,4845.4000,4847.0000,4847.6000,4848.0000,1,2,2,5,1,3,1,2,2,6
SF,IC2006,2019-12-10 09:31:28.900,4845.0000,22816,0,85197400.000,0,-,-,-,-,4843.8000,4843.6000,4843.4000,4843.2000,4841.6000,4844.4000,4845.0000,4847.0000,4847.6000,4848.0000,1,1,2,2,5,1,3,2,2,1
SF,IC2006,2019-12-10 09:31:29.400,4844.4000,22815,-1,86166280.000,1,0,1,双平,S,4843.6000,4843.4000,4843.2000,4841.6000,4840.2000,4845.0000,4847.0000,4847.6000,4848.0000,4849.6000,1,2,2,5,1,3,2,2,1,3
SF,IC2006,2019-12-10 09:31:29.900,4844.4000,22815,0,86166280.000,0,-,-,-,-,4843.8000,4843.6000,4843.4000,4843.2000,4841.6000,4845.0000,4847.0000,4847.6000,4848.0000,4849.6000,1,1,2,2,5,3,2,2,1,3
SF,IC2006,2019-12-10 09:31:30.400,4845.0000,22814,-1,87135280.000,1,0,1,双平,S,4843.6000,4843.4000,4843.2000,4841.6000,4840.2000,4845.0000,4847.0000,4847.6000,4848.0000,4849.6000,1,2,2,5,1,2,2,2,1,3
SF,IC2006,2019-12-10 09:31:30.900,4845.0000,22814,0,88104280.000,1,0,1,多换,S,4844.0000,4843.6000,4843.4000,4843.2000,4841.6000,4845.0000,4847.0000,4847.6000,4848.0000,4849.6000,1,1,2,2,5,1,2,2,1,3
SF,IC2006,2019-12-10 09:31:31.400,4845.0000,22814,0,89073280.000,1,0,1,多换,S,4844.2000,4844.0000,4843.4000,4843.2000,4841.6000,4847.0000,4847.6000,4848.0000,4849.6000,4849.8000,1,1,2,2,5,2,2,1,3,1
SF,IC2006,2019-12-10 09:31:31.900,4845.0000,22814,0,89073280.000,0,-,-,-,-,4844.4000,4844.2000,4844.0000,4843.4000,4843.2000,4846.8000,4847.0000,4847.6000,4848.0000,4849.6000,1,1,1,2,2,1,2,2,1,3
SF,IC2006,2019-12-10 09:31:32.400,4845.0000,22814,0,89073280.000,0,-,-,-,-,4845.0000,4844.6000,4844.4000,4844.0000,4843.4000,4846.8000,4847.0000,4847.6000,4848.0000,4849.6000,1,1,1,1,2,2,2,2,1,3
SF,IC2006,2019-12-10 09:31:32.900,4845.0000,22814,0,89073280.000,0,-,-,-,-,4845.2000,4845.0000,4844.4000,4843.4000,4843.2000,4846.6000,4846.8000,4847.0000,4847.6000,4849.6000,1,1,1,2,2,1,2,2,2,3
SF,IC2006,2019-12-10 09:31:33.400,4846.4000,22814,0,90042560.000,1,0,1,多换,S,4845.0000,4843.4000,4843.2000,4841.6000,4840.2000,4846.4000,4846.6000,4846.8000,4847.0000,4847.6000,1,2,2,5,1,1,1,1,2,2
SF,IC2006,2019-12-10 09:31:33.900,4846.4000,22814,0,90042560.000,0,-,-,-,-,4845.4000,4845.0000,4843.4000,4843.2000,4841.6000,4846.4000,4847.0000,4847.6000,4849.6000,4849.8000,1,1,2,2,5,1,2,2,4,1
SF,IC2006,2019-12-10 09:31:34.400,4846.4000,22814,0,90042560.000,0,-,-,-,-,4845.4000,4845.0000,4843.4000,4843.2000,4840.2000,4846.4000,4847.0000,4847.6000,4849.6000,4849.8000,1,1,2,2,1,1,2,2,4,1
SF,IC2006,2019-12-10 09:31:34.900,4846.4000,22814,0,90042560.000,0,-,-,-,-,4845.4000,4845.0000,4844.4000,4843.4000,4843.2000,4846.4000,4847.0000,4847.6000,4849.6000,4849.8000,1,1,5,2,2,1,2,2,4,1
SF,IC2006,2019-12-10 09:31:35.400,4846.4000,22814,0,90042560.000,0,-,-,-,-,4845.4000,4844.4000,4843.4000,4843.2000,4840.2000,4846.4000,4847.0000,4847.6000,4849.6000,4849.8000,1,5,2,2,1,1,2,2,4,1
SF,IC2006,2019-12-10 09:31:35.900,4846.4000,22814,0,90042560.000,0,-,-,-,-,4844.4000,4843.4000,4843.2000,4840.2000,4839.2000,4846.4000,4847.0000,4847.6000,4849.6000,4849.8000,5,2,2,1,3,1,2,2,4,1
SF,IC2006,2019-12-10 09:31:36.400,4846.4000,22814,0,91011840.000,1,0,1,多换,S,4844.6000,4844.4000,4843.4000,4843.2000,4840.2000,4846.2000,4846.4000,4847.0000,4847.6000,4849.6000,1,5,2,2,1,2,1,2,2,4
SF,IC2006,2019-12-10 09:31:36.900,4846.4000,22814,0,91981120.000,1,0,1,多换,S,4844.6000,4844.4000,4843.4000,4843.2000,4840.2000,4846.4000,4847.0000,4847.6000,4849.6000,4849.8000,1,5,2,2,1,1,2,2,4,1
SF,IC2006,2019-12-10 09:31:37.400,4846.4000,22814,0,91981120.000,0,-,-,-,-,4844.8000,4844.6000,4844.4000,4843.4000,4843.2000,4846.4000,4847.0000,4847.6000,4849.6000,4849.8000,1,1,5,2,2,1,2,2,4,1
SF,IC2006,2019-12-10 09:31:37.900,4846.4000,22814,0,91981120.000,0,-,-,-,-,4845.0000,4844.8000,4844.4000,4843.4000,4843.2000,4846.4000,4847.0000,4847.6000,4849.6000,4849.8000,1,1,5,2,2,1,2,2,4,1
SF,IC2006,2019-12-10 09:31:38.400,4846.4000,22814,0,92950400.000,1,0,1,多换,S,4845.0000,4844.4000,4843.4000,4843.2000,4840.2000,4847.0000,4847.6000,4849.6000,4849.8000,4850.6000,1,5,2,2,1,2,2,4,1,1
SF,IC2006,2019-12-10 09:31:38.900,4847.0000,22814,0,94889200.000,2,1,1,多换,S,4845.2000,4845.0000,4844.4000,4843.4000,4843.2000,4847.6000,4849.6000,4849.8000,4850.6000,4852.8000,1,1,5,2,2,2,4,1,1,5
SF,IC2006,2019-12-10 09:31:39.400,4847.0000,22814,0,94889200.000,0,-,-,-,-,4845.4000,4845.2000,4844.4000,4843.4000,4843.2000,4847.2000,4847.4000,4847.6000,4849.6000,4849.8000,1,1,5,2,2,1,1,2,4,1
SF,IC2006,2019-12-10 09:31:39.900,4847.0000,22814,0,94889200.000,0,-,-,-,-,4845.8000,4845.6000,4845.4000,4845.2000,4844.4000,4847.2000,4847.6000,4849.6000,4849.8000,4850.6000,1,1,1,1,5,1,2,4,1,1
SF,IC2006,2019-12-10 09:31:40.400,4847.0000,22814,0,94889200.000,0,-,-,-,-,4846.0000,4845.8000,4845.6000,4845.2000,4844.4000,4847.6000,4849.6000,4849.8000,4850.6000,4852.8000,1,1,1,1,5,2,4,1,1,5
SF,IC2006,2019-12-10 09:31:40.900,4847.0000,22814,0,94889200.000,0,-,-,-,-,4846.0000,4845.8000,4845.6000,4845.2000,4844.4000,4847.6000,4849.6000,4849.8000,4850.6000,4852.8000,1,1,1,1,5,2,4,1,1,5
SF,IC2006,2019-12-10 09:31:41.400,4847.0000,22814,0,94889200.000,0,-,-,-,-,4846.6000,4846.2000,4846.0000,4845.6000,4845.2000,4847.4000,4847.6000,4849.6000,4849.8000,4850.6000,1,1,1,1,1,1,2,4,1,1
SF,IC2006,2019-12-10 09:31:41.900,4846.6000,22813,-1,95858520.000,1,0,1,双平,S,4846.2000,4846.0000,4845.6000,4844.4000,4843.2000,4847.2000,4847.4000,4847.6000,4849.6000,4849.8000,1,1,1,5,2,1,2,2,4,1
SF,IC2006,2019-12-10 09:31:42.400,4847.2000,22813,0,96827960.000,1,0,1,多换,S,4846.2000,4846.0000,4844.4000,4843.2000,4840.2000,4847.4000,4847.6000,4849.6000,4849.8000,4850.6000,1,1,5,2,1,2,2,4,1,1
SF,IC2006,2019-12-10 09:31:42.900,4847.2000,22813,0,96827960.000,0,-,-,-,-,4846.0000,4844.4000,4843.2000,4840.2000,4840.0000,4847.4000,4847.6000,4849.6000,4849.8000,4850.6000,1,5,2,1,1,2,2,4,1,1
SF,IC2006,2019-12-10 09:31:43.400,4847.2000,22813,0,96827960.000,0,-,-,-,-,4846.0000,4844.4000,4843.2000,4840.2000,4840.0000,4847.4000,4847.6000,4849.6000,4849.8000,4850.6000,1,5,2,1,1,2,2,4,1,1
SF,IC2006,2019-12-10 09:31:45.900,4847.2000,22813,0,96827960.000,0,-,-,-,-,4846.0000,4844.4000,4843.2000,4840.2000,4840.0000,4847.4000,4847.6000,4849.2000,4849.6000,4849.8000,1,5,2,1,1,2,2,1,4,1
SF,IC2006,2019-12-10 09:31:46.400,4847.2000,22813,0,96827960.000,0,-,-,-,-,4844.4000,4843.2000,4840.2000,4840.0000,4839.2000,4847.2000,4847.4000,4847.6000,4849.2000,4849.6000,5,2,1,1,3,1,2,2,1,4
SF,IC2006,2019-12-10 09:31:46.900,4847.2000,22812,-1,97797400.000,1,0,1,双平,S,4846.2000,4844.6000,4844.4000,4843.2000,4840.2000,4847.4000,4847.6000,4849.2000,4849.6000,4849.8000,1,1,5,2,1,1,2,1,4,1
SF,IC2006,2019-12-10 09:31:47.400,4847.2000,22812,0,97797400.000,0,-,-,-,-,4846.4000,4846.2000,4844.4000,4843.2000,4840.2000,4847.4000,4847.6000,4849.2000,4849.6000,4849.8000,1,1,5,2,1,1,2,1,4,1
SF,IC2006,2019-12-10 09:31:47.900,4846.4000,22812,0,98766680.000,1,0,1,多换,S,4844.4000,4843.2000,4840.2000,4840.0000,4839.2000,4847.4000,4847.6000,4849.2000,4849.6000,4849.8000,5,2,1,1,3,1,2,1,4,1
SF,IC2006,2019-12-10 09:31:48.400,4847.4000,22811,-1,99736160.000,1,0,1,双平,S,4845.0000,4844.6000,4844.4000,4843.2000,4840.2000,4847.6000,4849.2000,4849.6000,4849.8000,4850.6000,1,4,5,2,1,2,1,4,1,1
SF,IC2006,2019-12-10 09:31:48.900,4847.4000,22811,0,99736160.000,0,-,-,-,-,4845.2000,4845.0000,4844.6000,4844.4000,4843.2000,4847.6000,4849.2000,4849.6000,4849.8000,4850.6000,1,1,3,5,2,2,1,3,1,1
SF,IC2006,2019-12-10 09:31:49.400,4847.6000,22810,-1,100705680.000,1,0,1,双平,S,4845.2000,4845.0000,4844.6000,4844.4000,4843.2000,4847.6000,4849.2000,4849.6000,4849.8000,4850.6000,1,1,3,5,2,1,1,3,1,1
SF,IC2006,2019-12-10 09:31:49.900,4847.6000,22809,-1,101675200.000,1,0,1,双平,S,4847.6000,4846.0000,4845.4000,4845.2000,4845.0000,4849.2000,4849.6000,4849.8000,4850.6000,4852.8000,1,1,1,1,1,1,3,1,1,5
SF,IC2006,2019-12-10 09:31:50.400,4847.6000,22809,0,102644720.000,1,0,1,多换,S,4846.0000,4845.4000,4845.2000,4845.0000,4844.4000,4847.6000,4849.0000,4849.2000,4849.6000,4849.8000,1,1,1,1,5,1,1,1,3,1
SF,IC2006,2019-12-10 09:31:50.900,4847.6000,22809,0,102644720.000,0,-,-,-,-,4846.2000,4845.8000,4845.4000,4845.0000,4844.4000,4847.6000,4849.0000,4849.2000,4849.6000,4849.8000,2,1,1,1,5,1,1,1,3,1
SF,IC2006,2019-12-10 09:31:51.400,4847.6000,22809,0,102644720.000,0,-,-,-,-,4846.2000,4845.4000,4845.0000,4844.4000,4843.2000,4847.6000,4849.0000,4849.2000,4849.6000,4849.8000,2,1,1,5,2,1,1,1,3,1
SF,IC2006,2019-12-10 09:31:51.900,4847.6000,22809,0,102644720.000,0,-,-,-,-,4845.4000,4845.0000,4844.4000,4843.2000,4840.2000,4847.4000,4847.6000,4849.0000,4849.2000,4849.6000,1,5,5,2,1,1,1,1,1,3
SF,IC2006,2019-12-10 09:31:52.400,4847.6000,22809,0,102644720.000,0,-,-,-,-,4846.4000,4845.6000,4845.4000,4845.0000,4844.4000,4847.4000,4847.6000,4849.0000,4849.2000,4849.6000,1,1,1,5,5,1,1,1,1,3
SF,IC2006,2019-12-10 09:31:53.400,4847.4000,22809,0,103614200.000,1,0,1,多换,S,4847.4000,4846.4000,4845.6000,4845.4000,4845.0000,4849.0000,4849.2000,4849.6000,4849.8000,4850.6000,2,1,1,1,5,1,1,3,1,1
SF,IC2006,2019-12-10 09:31:53.900,4847.4000,22809,0,104583680.000,1,0,1,多换,S,4847.4000,4845.6000,4845.4000,4845.0000,4844.4000,4849.0000,4849.2000,4849.6000,4849.8000,4850.6000,1,1,1,5,5,1,1,3,1,1
SF,IC2006,2019-12-10 09:31:54.400,4847.4000,22809,0,105553160.000,1,0,1,多换,S,4845.6000,4845.0000,4844.4000,4843.2000,4840.2000,4849.0000,4849.2000,4849.6000,4849.8000,4850.6000,1,5,5,2,1,1,1,3,1,1
SF,IC2006,2019-12-10 09:31:54.900,4847.4000,22809,0,105553160.000,0,-,-,-,-,4847.6000,4845.6000,4845.0000,4844.4000,4843.2000,4849.0000,4849.2000,4849.6000,4849.8000,4850.6000,1,1,5,5,2,1,1,3,1,1
SF,IC2006,2019-12-10 09:31:55.400,4847.4000,22809,0,105553160.000,0,-,-,-,-,4847.8000,4847.6000,4845.6000,4845.0000,4844.4000,4849.0000,4849.2000,4849.6000,4849.8000,4850.6000,1,1,1,5,5,1,1,3,1,1
SF,IC2006,2019-12-10 09:31:55.900,4847.6000,22808,-1,107492200.000,2,0,2,多平,S,4845.6000,4845.0000,4844.4000,4840.2000,4840.0000,4849.0000,4849.2000,4849.6000,4849.8000,4850.6000,1,5,5,1,1,1,1,3,1,1
SF,IC2006,2019-12-10 09:31:56.400,4847.6000,22808,0,107492200.000,0,-,-,-,-,4845.8000,4845.6000,4845.0000,4844.4000,4840.2000,4848.8000,4849.0000,4849.2000,4849.6000,4849.8000,1,1,5,5,1,1,1,1,3,1
SF,IC2006,2019-12-10 09:31:56.900,4847.6000,22808,0,107492200.000,0,-,-,-,-,4847.4000,4846.0000,4845.8000,4845.0000,4844.4000,4848.6000,4848.8000,4849.2000,4849.6000,4849.8000,2,1,1,5,5,1,1,1,3,1
SF,IC2006,2019-12-10 09:31:57.400,4847.4000,22808,0,108461680.000,1,0,1,多换,S,4847.4000,4845.0000,4844.4000,4840.2000,4840.0000,4848.4000,4848.6000,4849.2000,4849.6000,4849.8000,1,5,5,1,1,2,1,1,3,1
SF,IC2006,2019-12-10 09:31:57.900,4847.4000,22808,0,109431160.000,1,0,1,多换,S,4845.0000,4844.4000,4840.2000,4840.0000,4839.2000,4848.2000,4848.4000,4849.2000,4849.6000,4849.8000,5,5,1,1,3,1,2,1,3,1
SF,IC2006,2019-12-10 09:31:58.400,4847.4000,22808,0,109431160.000,0,-,-,-,-,4845.2000,4845.0000,4844.4000,4840.2000,4840.0000,4848.0000,4848.2000,4848.4000,4849.2000,4849.6000,1,5,5,1,1,2,1,1,1,3
SF,IC2006,2019-12-10 09:31:58.900,4847.4000,22808,0,109431160.000,0,-,-,-,-,4845.2000,4845.0000,4844.4000,4840.2000,4840.0000,4847.8000,4848.0000,4848.4000,4849.2000,4849.6000,1,5,5,1,1,1,2,1,1,3
SF,IC2006,2019-12-10 09:31:59.400,4847.4000,22808,0,109431160.000,0,-,-,-,-,4845.4000,4845.2000,4845.0000,4844.4000,4840.2000,4847.6000,4847.8000,4848.4000,4849.2000,4849.6000,1,1,5,5,1,1,1,1,1,3
SF,IC2006,2019-12-10 09:31:59.900,4847.4000,22808,0,109431160.000,0,-,-,-,-,4845.4000,4845.2000,4845.0000,4844.4000,4840.2000,4847.4000,4847.6000,4848.4000,4849.2000,4849.6000,1,1,5,5,1,1,1,1,1,3
SF,IC2006,2019-12-10 09:32:00.400,4847.4000,22808,0,109431160.000,0,-,-,-,-,4845.2000,4845.0000,4844.4000,4840.2000,4840.0000,4847.2000,4847.4000,4848.4000,4849.2000,4849.6000,1,5,5,1,1,2,1,1,1,3
SF,IC2006,2019-12-10 09:32:00.900,4847.4000,22808,0,109431160.000,0,-,-,-,-,4845.0000,4844.4000,4840.2000,4840.0000,4839.2000,4847.0000,4847.2000,4848.4000,4849.2000,4849.6000,5,5,1,1,3,1,2,1,1,3
SF,IC2006,2019-12-10 09:32:01.400,4847.4000,22808,0,109431160.000,0,-,-,-,-,4845.0000,4844.4000,4840.2000,4840.0000,4839.2000,4846.8000,4847.0000,4847.2000,4848.4000,4849.2000,5,5,1,1,3,1,1,1,1,1
SF,IC2006,2019-12-10 09:32:01.900,4847.4000,22808,0,109431160.000,0,-,-,-,-,4845.0000,4844.4000,4840.2000,4840.0000,4839.2000,4846.6000,4846.8000,4847.2000,4848.4000,4849.2000,5,5,1,1,3,1,2,1,1,1
SF,IC2006,2019-12-10 09:32:02.400,4847.4000,22808,0,109431160.000,0,-,-,-,-,4845.0000,4844.4000,4840.2000,4840.0000,4839.2000,4846.6000,4846.8000,4848.4000,4849.2000,4849.6000,5,5,1,1,3,1,1,1,1,3
SF,IC2006,2019-12-10 09:32:02.900,4847.4000,22808,0,109431160.000,0,-,-,-,-,4845.2000,4845.0000,4844.4000,4840.2000,4840.0000,4846.6000,4848.4000,4849.2000,4849.6000,4849.8000,1,5,5,1,1,1,1,1,3,1
SF,IC2006,2019-12-10 09:32:03.400,4847.0000,22808,0,110400560.000,1,0,1,多换,S,4847.0000,4845.2000,4845.0000,4844.4000,4840.2000,4848.4000,4849.2000,4849.6000,4849.8000,4850.2000,4,1,5,5,1,1,1,3,1,1
SF,IC2006,2019-12-10 09:32:03.900,4847.0000,22809,1,113308760.000,3,2,1,空开,S,4847.0000,4845.0000,4844.4000,4840.2000,4840.0000,4848.2000,4848.4000,4849.2000,4849.6000,4849.8000,1,5,5,1,1,1,1,1,3,1
SF,IC2006,2019-12-10 09:32:04.400,4847.0000,22809,0,113308760.000,0,-,-,-,-,4847.0000,4845.0000,4844.4000,4840.2000,4840.0000,4848.0000,4848.2000,4848.4000,4849.2000,4849.6000,1,5,5,1,1,1,1,1,1,3
SF,IC2006,2019-12-10 09:32:04.900,4847.0000,22809,0,114278160.000,1,0,1,多换,S,4845.0000,4844.4000,4840.2000,4840.0000,4839.2000,4847.8000,4848.0000,4848.4000,4849.2000,4849.6000,5,5,1,1,3,1,1,1,1,3
SF,IC2006,2019-12-10 09:32:05.400,4847.0000,22809,0,114278160.000,0,-,-,-,-,4845.4000,4845.2000,4845.0000,4844.4000,4840.2000,4847.8000,4848.0000,4848.4000,4849.2000,4849.6000,5,2,5,5,1,1,1,1,1,3
SF,IC2006,2019-12-10 09:32:05.900,4847.0000,22809,0,114278160.000,0,-,-,-,-,4845.6000,4845.4000,4845.2000,4845.0000,4844.4000,4847.8000,4848.0000,4848.4000,4849.2000,4849.6000,1,5,1,5,5,1,1,1,1,3
SF,IC2006,2019-12-10 09:32:06.400,4847.0000,22809,0,114278160.000,0,-,-,-,-,4847.0000,4845.6000,4845.4000,4845.0000,4844.4000,4847.6000,4847.8000,4848.0000,4848.4000,4848.6000,1,1,5,5,5,2,1,1,1,2
SF,IC2006,2019-12-10 09:32:06.900,4847.0000,22809,0,115247560.000,1,0,1,多换,S,4845.4000,4845.0000,4844.4000,4840.2000,4840.0000,4847.4000,4847.6000,4848.0000,4848.4000,4848.6000,5,5,5,1,1,1,2,1,1,2
SF,IC2006,2019-12-10 09:32:07.400,4847.0000,22809,0,115247560.000,0,-,-,-,-,4845.6000,4845.4000,4845.0000,4844.4000,4840.2000,4847.4000,4847.6000,4848.0000,4848.4000,4848.6000,2,5,5,5,1,1,2,1,1,2
SF,IC2006,2019-12-10 09:32:07.900,4847.0000,22809,0,115247560.000,0,-,-,-,-,4845.6000,4845.4000,4845.0000,4844.4000,4840.2000,4847.4000,4847.6000,4848.0000,4848.4000,4848.6000,2,5,5,5,1,1,1,1,1,2
SF,IC2006,2019-12-10 09:32:08.400,4847.0000,22809,0,115247560.000,0,-,-,-,-,4845.6000,4845.4000,4845.0000,4844.4000,4840.2000,4847.4000,4847.6000,4848.4000,4848.6000,4849.2000,2,5,5,5,1,1,1,1,2,1
SF,IC2006,2019-12-10 09:32:08.900,4847.0000,22809,0,115247560.000,0,-,-,-,-,4845.6000,4845.4000,4845.0000,4844.4000,4840.2000,4847.6000,4848.4000,4848.6000,4849.2000,4849.6000,2,5,5,5,1,1,1,2,1,3
SF,IC2006,2019-12-10 09:32:09.400,4847.0000,22809,0,115247560.000,0,-,-,-,-,4845.6000,4845.4000,4845.0000,4844.4000,4840.2000,4847.6000,4848.4000,4848.6000,4849.2000,4849.6000,2,5,5,5,1,1,1,2,1,3
SF,IC2006,2019-12-10 09:32:09.900,4847.0000,22809,0,115247560.000,0,-,-,-,-,4845.6000,4845.4000,4845.0000,4844.4000,4840.2000,4847.6000,4848.6000,4849.2000,4849.6000,4849.8000,2,5,5,5,1,1,2,1,3,1
SF,IC2006,2019-12-10 09:32:10.400,4847.6000,22808,-1,116217080.000,1,0,1,双平,S,4845.6000,4845.4000,4845.0000,4844.4000,4840.2000,4848.6000,4849.2000,4849.6000,4849.8000,4850.6000,2,5,5,5,1,2,1,3,1,1
SF,IC2006,2019-12-10 09:32:10.900,4847.6000,22808,0,116217080.000,0,-,-,-,-,4845.6000,4845.4000,4845.0000,4844.4000,4840.2000,4848.4000,4848.6000,4849.2000,4849.6000,4849.8000,3,5,5,5,1,1,2,1,3,1
SF,IC2006,2019-12-10 09:32:11.400,4847.6000,22808,0,116217080.000,0,-,-,-,-,4846.4000,4845.6000,4845.4000,4845.0000,4840.2000,4848.6000,4849.2000,4849.6000,4849.8000,4850.6000,5,3,5,5,1,2,1,3,1,1
SF,IC2006,2019-12-10 09:32:11.900,4847.6000,22808,0,116217080.000,0,-,-,-,-,4846.6000,4846.4000,4845.6000,4845.4000,4845.0000,4848.6000,4849.2000,4849.6000,4849.8000,4850.6000,2,5,2,5,5,2,1,3,1,1
SF,IC2006,2019-12-10 09:32:12.400,4847.6000,22808,0,116217080.000,0,-,-,-,-,4846.8000,4846.6000,4846.4000,4845.6000,4845.4000,4848.4000,4848.6000,4849.2000,4849.6000,4849.8000,1,2,5,2,5,1,2,1,3,1
SF,IC2006,2019-12-10 09:32:12.900,4848.4000,22807,-1,117186760.000,1,0,1,双平,S,4847.0000,4846.8000,4846.6000,4846.4000,4845.6000,4848.6000,4849.2000,4849.6000,4849.8000,4850.6000,1,1,1,5,2,2,1,3,1,1
SF,IC2006,2019-12-10 09:32:13.400,4848.4000,22807,0,117186760.000,0,-,-,-,-,4847.0000,4846.6000,4846.4000,4845.6000,4845.4000,4848.4000,4848.6000,4849.2000,4849.6000,4849.8000,1,1,5,1,5,1,2,1,3,1
SF,IC2006,2019-12-10 09:32:13.900,4848.4000,22807,0,117186760.000,0,-,-,-,-,4847.0000,4846.4000,4845.6000,4845.4000,4845.0000,4848.4000,4848.6000,4849.2000,4849.6000,4849.8000,1,5,1,5,5,1,2,1,3,1
SF,IC2006,2019-12-10 09:32:14.400,4848.4000,22807,0,117186760.000,0,-,-,-,-,4847.2000,4847.0000,4846.4000,4845.6000,4845.4000,4848.6000,4849.2000,4849.6000,4849.8000,4850.6000,1,1,5,1,5,2,1,3,1,1
SF,IC2006,2019-12-10 09:32:14.900,4848.4000,22807,0,117186760.000,0,-,-,-,-,4847.4000,4847.2000,4846.4000,4845.6000,4845.4000,4848.6000,4849.2000,4849.6000,4849.8000,4850.6000,1,1,5,1,5,2,1,3,1,1
SF,IC2006,2019-12-10 09:32:15.400,4848.4000,22807,0,117186760.000,0,-,-,-,-,4847.4000,4846.4000,4845.6000,4845.4000,4845.2000,4848.6000,4849.2000,4849.6000,4849.8000,4850.6000,1,5,1,5,2,2,1,3,1,1
SF,IC2006,2019-12-10 09:32:21.900,4848.4000,22807,0,117186760.000,0,-,-,-,-,4847.4000,4846.4000,4845.6000,4845.4000,4845.2000,4848.4000,4848.6000,4849.2000,4849.6000,4849.8000,1,5,1,5,2,1,2,1,3,1
SF,IC2006,2019-12-10 09:32:23.400,4848.4000,22807,0,118156440.000,1,0,1,多换,S,4847.4000,4846.4000,4845.6000,4845.4000,4845.2000,4848.6000,4849.2000,4849.6000,4849.8000,4850.6000,1,5,1,5,2,2,1,3,1,1
SF,IC2006,2019-12-10 09:32:23.900,4847.6000,22805,-2,120095480.000,2,0,2,双平,S,4847.4000,4846.4000,4845.6000,4845.4000,4845.2000,4848.6000,4849.2000,4849.6000,4849.8000,4850.6000,1,5,1,5,2,2,1,3,1,1
SF,IC2006,2019-12-10 09:32:24.400,4847.6000,22805,0,120095480.000,0,-,-,-,-,4847.4000,4846.4000,4845.6000,4845.4000,4845.2000,4848.6000,4849.2000,4849.6000,4849.8000,4850.6000,1,5,1,5,2,2,1,3,1,1
SF,IC2006,2019-12-10 09:32:24.900,4847.4000,22804,-1,121064960.000,1,0,1,双平,S,4846.4000,4845.6000,4845.4000,4845.2000,4845.0000,4848.6000,4849.2000,4849.6000,4849.8000,4850.6000,5,1,5,2,5,2,1,3,1,1
SF,IC2006,2019-12-10 09:32:25.400,4847.4000,22804,0,121064960.000,0,-,-,-,-,4846.6000,4846.4000,4845.6000,4845.4000,4845.2000,4848.4000,4848.6000,4849.2000,4849.6000,4849.8000,1,5,1,5,2,2,2,1,3,1
SF,IC2006,2019-12-10 09:32:25.900,4847.4000,22804,0,121064960.000,0,-,-,-,-,4846.6000,4846.4000,4845.6000,4845.4000,4845.2000,4848.4000,4848.6000,4849.2000,4849.6000,4849.8000,1,5,1,5,2,1,2,1,3,1
SF,IC2006,2019-12-10 09:32:26.400,4847.4000,22804,0,121064960.000,0,-,-,-,-,4846.8000,4846.6000,4846.4000,4845.6000,4845.4000,4848.4000,4848.6000,4849.2000,4849.6000,4849.8000,1,1,5,1,5,1,2,1,3,1
SF,IC2006,2019-12-10 09:32:26.900,4847.0000,22804,0,122034360.000,1,0,1,多换,S,4847.0000,4846.8000,4846.4000,4845.6000,4845.4000,4848.6000,4849.2000,4849.6000,4849.8000,4850.6000,1,1,5,1,5,2,1,3,1,1
SF,IC2006,2019-12-10 09:32:27.400,4847.0000,22804,0,123003760.000,1,0,1,多换,S,4846.4000,4845.6000,4845.4000,4845.2000,4845.0000,4848.4000,4848.6000,4849.2000,4849.6000,4849.8000,5,1,5,2,5,1,2,1,3,1
SF,IC2006,2019-12-10 09:32:27.900,4847.0000,22804,0,123003760.000,0,-,-,-,-,4846.6000,4846.4000,4845.6000,4845.4000,4845.2000,4848.2000,4848.4000,4848.6000,4849.2000,4849.6000,1,5,1,5,2,1,1,2,1,3
SF,IC2006,2019-12-10 09:32:28.900,4846.6000,22804,0,123973080.000,1,0,1,多换,S,4846.4000,4845.6000,4845.4000,4845.2000,4845.0000,4848.2000,4848.4000,4848.6000,4849.2000,4849.6000,5,1,5,2,5,1,2,2,1,3
SF,IC2006,2019-12-10 09:32:29.400,4846.6000,22804,0,123973080.000,0,-,-,-,-,4846.4000,4845.6000,4845.4000,4845.2000,4845.0000,4848.0000,4848.2000,4848.4000,4848.6000,4849.2000,5,1,5,2,5,1,1,2,2,1
SF,IC2006,2019-12-10 09:32:29.900,4847.8000,22804,0,124942640.000,1,0,1,多换,S,4846.4000,4845.6000,4845.4000,4845.2000,4845.0000,4848.0000,4848.4000,4848.6000,4849.2000,4849.6000,5,1,5,2,5,1,2,2,1,3
SF,IC2006,2019-12-10 09:32:30.400,4847.8000,22804,0,124942640.000,0,-,-,-,-,4846.4000,4845.6000,4845.4000,4845.2000,4845.0000,4847.8000,4848.0000,4848.4000,4848.6000,4849.2000,5,1,5,2,5,1,2,2,2,1
SF,IC2006,2019-12-10 09:32:30.900,4847.8000,22804,0,124942640.000,0,-,-,-,-,4846.6000,4846.4000,4845.6000,4845.4000,4845.2000,4847.8000,4848.0000,4848.4000,4848.6000,4849.2000,1,5,1,5,2,1,2,1,2,1
SF,IC2006,2019-12-10 09:32:31.900,4846.4000,22805,1,125911920.000,1,1,0,双开,S,4846.4000,4845.6000,4845.4000,4845.2000,4845.0000,4847.8000,4848.0000,4848.4000,4848.6000,4849.2000,4,1,5,2,5,1,2,1,2,1
SF,IC2006,2019-12-10 09:32:32.900,4846.4000,22806,1,126881200.000,1,1,0,双开,S,4846.4000,4845.6000,4845.4000,4845.2000,4845.0000,4847.8000,4848.0000,4848.4000,4848.6000,4849.2000,3,1,5,2,5,2,2,1,2,1
SF,IC2006,2019-12-10 09:32:33.400,4846.4000,22806,0,126881200.000,0,-,-,-,-,4846.4000,4845.6000,4845.4000,4845.2000,4845.0000,4847.8000,4848.0000,4848.4000,4848.6000,4849.2000,3,1,5,2,5,2,2,1,2,1
SF,IC2006,2019-12-10 09:32:33.900,4846.4000,22807,1,127850480.000,1,1,0,双开,S,4846.4000,4845.6000,4845.4000,4845.2000,4845.0000,4847.8000,4848.0000,4848.4000,4848.6000,4849.2000,2,1,5,2,5,2,2,1,2,1
SF,IC2006,2019-12-10 09:32:34.900,4846.4000,22807,0,127850480.000,0,-,-,-,-,4846.6000,4846.4000,4845.6000,4845.4000,4845.2000,4847.8000,4848.0000,4848.4000,4848.6000,4849.2000,1,2,1,5,2,2,2,1,2,1
SF,IC2006,2019-12-10 09:32:35.400,4846.4000,22808,1,128819760.000,1,1,0,双开,S,4846.4000,4845.6000,4845.4000,4845.2000,4845.0000,4847.8000,4848.0000,4848.4000,4848.6000,4849.2000,2,1,5,2,5,2,2,1,2,1
SF,IC2006,2019-12-10 09:32:36.400,4846.4000,22808,0,128819760.000,0,-,-,-,-,4846.4000,4845.6000,4845.4000,4845.2000,4845.0000,4847.8000,4848.0000,4848.4000,4848.6000,4849.2000,2,1,5,2,5,2,2,1,2,1
SF,IC2006,2019-12-10 09:32:36.900,4846.4000,22808,0,128819760.000,0,-,-,-,-,4846.4000,4845.6000,4845.4000,4845.2000,4845.0000,4847.8000,4848.0000,4848.4000,4848.6000,4849.2000,2,1,5,2,5,2,2,1,2,1
SF,IC2006,2019-12-10 09:32:37.400,4846.4000,22809,1,129789040.000,1,1,0,双开,S,4846.4000,4845.6000,4845.4000,4845.2000,4845.0000,4847.8000,4848.0000,4848.4000,4848.6000,4849.2000,1,1,5,2,5,2,2,1,2,1
SF,IC2006,2019-12-10 09:32:37.900,4846.4000,22809,0,129789040.000,0,-,-,-,-,4846.4000,4845.6000,4845.4000,4845.2000,4845.0000,4847.8000,4848.0000,4848.2000,4848.4000,4848.6000,1,1,5,2,5,2,2,1,1,2
SF,IC2006,2019-12-10 09:32:38.400,4846.4000,22809,0,129789040.000,0,-,-,-,-,4846.4000,4845.6000,4845.4000,4845.2000,4845.0000,4847.8000,4848.0000,4848.2000,4848.4000,4848.6000,4,1,5,2,5,2,2,1,1,2
SF,IC2006,2019-12-10 09:32:38.900,4846.4000,22810,1,130758320.000,1,1,0,双开,S,4846.4000,4845.6000,4845.4000,4845.2000,4845.0000,4847.6000,4847.8000,4848.0000,4848.4000,4848.6000,3,1,5,2,5,1,2,2,1,2
SF,IC2006,2019-12-10 09:32:39.400,4846.4000,22810,0,130758320.000,0,-,-,-,-,4846.4000,4845.6000,4845.4000,4845.2000,4845.0000,4847.4000,4847.6000,4847.8000,4848.0000,4848.4000,3,1,5,2,5,1,1,1,2,1
SF,IC2006,2019-12-10 09:32:39.900,4846.4000,22811,1,131727600.000,1,1,0,双开,S,4846.4000,4845.6000,4845.4000,4845.2000,4845.0000,4847.4000,4847.6000,4847.8000,4848.0000,4848.4000,2,1,5,2,5,1,1,1,2,1
SF,IC2006,2019-12-10 09:32:40.400,4846.4000,22812,1,132696880.000,1,1,0,双开,S,4846.4000,4845.6000,4845.4000,4845.2000,4845.0000,4847.4000,4847.6000,4847.8000,4848.0000,4848.4000,1,1,5,2,5,1,1,1,2,1
SF,IC2006,2019-12-10 09:32:40.900,4846.4000,22812,0,132696880.000,0,-,-,-,-,4846.4000,4845.6000,4845.4000,4845.2000,4845.0000,4847.4000,4847.6000,4847.8000,4848.0000,4848.4000,1,1,5,2,5,1,1,1,2,1
SF,IC2006,2019-12-10 09:32:41.400,4846.4000,22812,0,132696880.000,0,-,-,-,-,4846.4000,4845.6000,4845.4000,4845.2000,4845.0000,4848.0000,4848.4000,4848.6000,4849.2000,4849.4000,1,1,5,2,5,2,1,2,1,1
SF,IC2006,2019-12-10 09:32:41.900,4846.4000,22812,0,132696880.000,0,-,-,-,-,4846.4000,4845.6000,4845.4000,4845.2000,4845.0000,4847.8000,4848.0000,4848.6000,4849.2000,4849.4000,1,1,5,2,5,1,2,2,1,1
SF,IC2006,2019-12-10 09:32:45.900,4846.4000,22812,0,132696880.000,0,-,-,-,-,4846.4000,4845.8000,4845.6000,4845.4000,4845.2000,4847.8000,4848.0000,4848.6000,4849.2000,4849.4000,1,1,1,5,2,1,2,2,1,1
SF,IC2006,2019-12-10 09:32:46.400,4846.4000,22812,0,132696880.000,0,-,-,-,-,4847.0000,4846.6000,4846.4000,4845.8000,4845.6000,4847.8000,4848.0000,4848.6000,4849.2000,4849.4000,1,1,1,1,1,1,1,2,1,1
SF,IC2006,2019-12-10 09:32:46.900,4847.0000,22811,-1,133666280.000,1,0,1,双平,S,4846.6000,4846.4000,4845.8000,4845.6000,4845.4000,4847.8000,4848.6000,4849.2000,4849.4000,4849.6000,1,1,1,1,5,1,2,1,1,3
SF,IC2006,2019-12-10 09:32:47.400,4847.0000,22811,0,133666280.000,0,-,-,-,-,4846.6000,4846.4000,4845.8000,4845.6000,4845.4000,4847.0000,4847.8000,4848.6000,4849.2000,4849.4000,1,1,1,1,5,2,1,2,1,1
SF,IC2006,2019-12-10 09:32:47.900,4847.0000,22809,-2,135605080.000,2,0,2,双平,S,4846.4000,4845.8000,4845.6000,4845.4000,4845.2000,4848.6000,4849.2000,4849.4000,4849.6000,4849.8000,1,1,1,5,2,2,1,1,3,1
SF,IC2006,2019-12-10 09:32:48.400,4847.0000,22809,0,135605080.000,0,-,-,-,-,4846.6000,4846.4000,4845.8000,4845.6000,4845.4000,4848.4000,4848.6000,4849.2000,4849.4000,4849.6000,1,1,1,1,5,2,2,1,1,3
SF,IC2006,2019-12-10 09:32:48.900,4846.6000,22809,0,136574400.000,1,0,1,多换,S,4846.4000,4845.8000,4845.6000,4845.4000,4845.2000,4848.4000,4848.6000,4849.2000,4849.4000,4849.6000,1,1,1,5,2,2,2,1,1,3
SF,IC2006,2019-12-10 09:32:51.900,4846.6000,22809,0,136574400.000,0,-,-,-,-,4846.4000,4845.8000,4845.6000,4845.4000,4845.2000,4848.2000,4848.4000,4848.6000,4849.2000,4849.4000,1,1,1,5,2,1,2,2,1,1
SF,IC2006,2019-12-10 09:32:52.400,4846.4000,22810,1,137543680.000,1,1,0,双开,S,4845.8000,4845.6000,4845.4000,4845.2000,4845.0000,4848.0000,4848.2000,4848.4000,4848.6000,4849.2000,1,1,5,2,5,1,1,2,2,1
SF,IC2006,2019-12-10 09:32:52.900,4846.4000,22810,0,137543680.000,0,-,-,-,-,4846.0000,4845.8000,4845.6000,4845.4000,4845.2000,4847.8000,4848.0000,4848.2000,4848.4000,4848.6000,1,1,1,5,2,1,1,1,1,2
SF,IC2006,2019-12-10 09:32:53.400,4846.4000,22810,0,137543680.000,0,-,-,-,-,4846.0000,4845.8000,4845.6000,4845.4000,4845.2000,4847.6000,4847.8000,4848.0000,4848.2000,4848.4000,1,1,1,5,2,1,1,1,1,1
SF,IC2006,2019-12-10 09:32:53.900,4846.4000,22810,0,137543680.000,0,-,-,-,-,4846.0000,4845.8000,4845.6000,4845.4000,4845.2000,4846.4000,4847.6000,4847.8000,4848.0000,4848.2000,1,1,1,5,2,2,1,1,1,1
SF,IC2006,2019-12-10 09:32:54.400,4846.4000,22808,-2,139482240.000,2,0,2,双平,S,4846.0000,4845.8000,4845.6000,4845.4000,4845.2000,4847.6000,4847.8000,4848.0000,4848.2000,4848.6000,1,1,1,5,2,1,1,1,1,2
SF,IC2006,2019-12-10 09:32:55.400,4846.4000,22808,0,139482240.000,0,-,-,-,-,4846.0000,4845.8000,4845.6000,4845.4000,4845.2000,4847.6000,4847.8000,4848.0000,4848.2000,4848.6000,1,1,1,5,2,1,1,1,1,2
SF,IC2006,2019-12-10 09:32:55.900,4846.4000,22808,0,139482240.000,0,-,-,-,-,4846.2000,4846.0000,4845.8000,4845.6000,4845.4000,4847.4000,4847.6000,4848.2000,4848.6000,4849.2000,1,1,1,1,5,2,1,1,2,1
SF,IC2006,2019-12-10 09:32:56.400,4846.4000,22808,0,139482240.000,0,-,-,-,-,4846.2000,4846.0000,4845.8000,4845.6000,4845.4000,4847.4000,4848.2000,4848.6000,4849.2000,4849.6000,1,1,1,1,5,3,1,2,1,3
SF,IC2006,2019-12-10 09:32:56.900,4846.4000,22808,0,139482240.000,0,-,-,-,-,4846.6000,4846.2000,4845.8000,4845.6000,4845.4000,4847.4000,4848.2000,4848.6000,4849.2000,4849.6000,1,1,1,1,5,2,1,2,1,3
SF,IC2006,2019-12-10 09:32:57.400,4846.6000,22807,-1,140451560.000,1,0,1,双平,S,4845.8000,4845.6000,4845.4000,4845.2000,4845.0000,4847.4000,4848.2000,4848.6000,4849.2000,4849.6000,1,1,5,2,5,2,1,2,1,3
SF,IC2006,2019-12-10 09:32:57.900,4846.6000,22807,0,140451560.000,0,-,-,-,-,4846.0000,4845.8000,4845.6000,4845.4000,4845.2000,4847.4000,4848.2000,4848.6000,4849.2000,4849.6000,1,1,1,5,2,2,1,2,1,3
SF,IC2006,2019-12-10 09:32:59.400,4846.6000,22807,0,140451560.000,0,-,-,-,-,4846.0000,4845.8000,4845.6000,4845.4000,4845.2000,4847.4000,4848.2000,4848.6000,4849.2000,4849.6000,1,1,1,5,2,1,1,2,1,3
SF,IC2006,2019-12-10 09:33:00.400,4847.4000,22807,0,141421040.000,1,0,1,多换,S,4846.0000,4845.8000,4845.6000,4845.4000,4845.2000,4848.2000,4848.6000,4849.2000,4849.6000,4849.8000,1,1,1,5,2,1,2,1,3,1
SF,IC2006,2019-12-10 09:33:00.900,4847.4000,22807,0,141421040.000,0,-,-,-,-,4846.2000,4845.8000,4845.6000,4845.4000,4845.2000,4848.0000,4848.2000,4848.6000,4849.2000,4849.6000,1,1,1,5,2,2,1,2,1,3
SF,IC2006,2019-12-10 09:33:01.400,4846.2000,22806,-1,142390280.000,1,0,1,双平,S,4845.8000,4845.6000,4845.4000,4845.2000,4845.0000,4847.8000,4848.0000,4848.2000,4848.6000,4849.2000,1,1,5,2,5,1,2,1,2,1
SF,IC2006,2019-12-10 09:33:01.900,4846.2000,22806,0,142390280.000,0,-,-,-,-,4846.2000,4845.8000,4845.6000,4845.4000,4845.2000,4847.6000,4847.8000,4848.0000,4848.2000,4848.6000,5,1,1,5,2,1,1,1,1,2
SF,IC2006,2019-12-10 09:33:02.400,4846.2000,22807,1,147236480.000,5,3,2,空开,S,4845.8000,4845.6000,4845.4000,4845.2000,4845.0000,4847.6000,4847.8000,4848.0000,4848.2000,4848.6000,1,1,5,2,5,2,1,1,1,2
SF,IC2006,2019-12-10 09:33:02.900,4846.2000,22807,0,147236480.000,0,-,-,-,-,4845.8000,4845.6000,4845.4000,4845.2000,4845.0000,4847.4000,4847.6000,4847.8000,4848.0000,4848.2000,1,1,5,2,5,1,2,1,1,1
SF,IC2006,2019-12-10 09:33:03.400,4845.8000,22808,1,148205640.000,1,1,0,双开,S,4845.6000,4845.4000,4845.2000,4845.0000,4844.8000,4845.8000,4847.2000,4847.4000,4847.6000,4847.8000,1,5,2,5,1,1,1,1,1,1
SF,IC2006,2019-12-10 09:33:03.900,4845.6000,22809,1,149174760.000,1,1,0,双开,S,4845.4000,4845.2000,4845.0000,4844.8000,4840.2000,4845.8000,4847.2000,4847.4000,4847.6000,4847.8000,5,2,5,1,1,1,2,1,1,1
SF,IC2006,2019-12-10 09:33:04.400,4845.4000,22810,1,153051080.000,4,2,2,空开,S,4845.4000,4845.2000,4845.0000,4844.8000,4840.2000,4845.6000,4845.8000,4847.2000,4847.4000,4847.6000,1,2,5,1,1,1,1,2,1,1
SF,IC2006,2019-12-10 09:33:04.900,4845.2000,22811,1,154989200.000,2,1,1,空开,S,4845.2000,4845.0000,4844.8000,4840.2000,4840.0000,4845.4000,4845.8000,4847.2000,4847.4000,4848.2000,1,5,1,1,1,1,1,2,1,1
SF,IC2006,2019-12-10 09:33:05.400,4845.0000,22811,0,156927240.000,2,1,1,多换,S,4845.0000,4844.8000,4840.2000,4840.0000,4839.2000,4845.2000,4845.8000,4847.2000,4847.4000,4848.2000,4,1,1,1,3,1,1,2,1,1
SF,IC2006,2019-12-10 09:33:05.900,4844.8000,22808,-3,161772200.000,5,1,4,多平,S,4840.2000,4840.0000,4839.2000,4839.0000,4838.4000,4845.8000,4847.2000,4847.4000,4848.2000,4848.6000,1,1,3,2,5,1,2,1,1,2
SF,IC2006,2019-12-10 09:33:06.400,4844.8000,22808,0,161772200.000,0,-,-,-,-,4841.6000,4840.4000,4840.2000,4840.0000,4839.2000,4845.6000,4845.8000,4847.2000,4847.4000,4848.2000,1,3,1,4,3,1,1,1,2,1
SF,IC2006,2019-12-10 09:33:06.900,4844.8000,22808,0,161772200.000,0,-,-,-,-,4841.8000,4841.6000,4840.4000,4840.2000,4840.0000,4845.6000,4845.8000,4847.0000,4847.2000,4847.4000,1,1,2,1,4,1,1,1,1,2
SF,IC2006,2019-12-10 09:33:07.400,4844.8000,22808,0,161772200.000,0,-,-,-,-,4841.8000,4841.6000,4840.4000,4840.2000,4840.0000,4845.4000,4845.6000,4845.8000,4847.0000,4847.2000,1,1,1,1,4,1,1,1,1,1
SF,IC2006,2019-12-10 09:33:07.900,4844.8000,22808,0,161772200.000,0,-,-,-,-,4841.8000,4841.6000,4840.4000,4840.2000,4840.0000,4845.2000,4845.4000,4845.8000,4847.0000,4847.2000,1,1,1,1,4,1,1,1,1,1
SF,IC2006,2019-12-10 09:33:08.400,4844.8000,22808,0,161772200.000,0,-,-,-,-,4841.8000,4841.6000,4840.2000,4840.0000,4839.2000,4845.2000,4845.4000,4845.8000,4847.0000,4847.2000,1,2,1,4,2,1,1,1,1,1
SF,IC2006,2019-12-10 09:33:08.900,4844.8000,22808,0,161772200.000,0,-,-,-,-,4842.4000,4841.8000,4841.6000,4840.2000,4840.0000,4845.0000,4845.2000,4845.4000,4845.8000,4847.0000,1,1,2,1,4,1,1,1,1,1
SF,IC2006,2019-12-10 09:33:09.400,4844.8000,22808,0,161772200.000,0,-,-,-,-,4842.6000,4842.4000,4841.6000,4840.2000,4840.0000,4845.0000,4845.8000,4847.0000,4847.2000,4847.4000,1,1,1,1,4,1,1,1,1,1
SF,IC2006,2019-12-10 09:33:09.900,4844.8000,22808,0,161772200.000,0,-,-,-,-,4842.8000,4842.6000,4842.4000,4841.6000,4840.2000,4845.8000,4847.0000,4847.2000,4847.4000,4848.6000,1,2,1,1,1,1,1,1,1,2
SF,IC2006,2019-12-10 09:33:10.400,4844.8000,22808,0,161772200.000,0,-,-,-,-,4843.0000,4842.8000,4842.6000,4842.4000,4841.6000,4845.6000,4845.8000,4847.0000,4847.2000,4847.4000,1,1,1,1,1,1,1,1,1,1
SF,IC2006,2019-12-10 09:33:10.900,4845.8000,22808,0,162741360.000,1,0,1,多换,S,4843.0000,4842.8000,4842.6000,4842.4000,4841.6000,4847.0000,4847.2000,4847.4000,4848.6000,4849.6000,2,1,1,1,1,1,1,1,2,3
SF,IC2006,2019-12-10 09:33:11.400,4845.8000,22808,0,162741360.000,0,-,-,-,-,4843.0000,4842.6000,4842.4000,4841.6000,4840.2000,4846.8000,4847.0000,4847.2000,4847.4000,4848.6000,2,1,1,1,1,1,1,1,1,2
SF,IC2006,2019-12-10 09:33:11.900,4845.8000,22808,0,162741360.000,0,-,-,-,-,4843.6000,4843.4000,4843.0000,4841.6000,4840.2000,4846.8000,4847.2000,4847.4000,4848.6000,4849.6000,1,1,2,1,1,1,1,1,2,3
SF,IC2006,2019-12-10 09:33:12.400,4845.8000,22808,0,162741360.000,0,-,-,-,-,4843.8000,4843.6000,4843.4000,4841.6000,4840.2000,4846.6000,4846.8000,4847.4000,4848.6000,4849.6000,1,1,1,1,1,1,1,1,2,3
SF,IC2006,2019-12-10 09:33:12.900,4845.8000,22808,0,162741360.000,0,-,-,-,-,4843.8000,4843.6000,4843.4000,4841.6000,4840.2000,4846.4000,4846.6000,4847.4000,4848.6000,4849.6000,1,1,1,1,1,1,1,1,2,3
SF,IC2006,2019-12-10 09:33:13.400,4845.8000,22808,0,162741360.000,0,-,-,-,-,4843.8000,4843.6000,4843.4000,4841.6000,4840.2000,4846.2000,4846.4000,4846.6000,4847.4000,4848.6000,1,1,1,1,1,1,2,1,1,2
SF,IC2006,2019-12-10 09:33:13.900,4845.8000,22808,0,162741360.000,0,-,-,-,-,4843.8000,4843.6000,4841.6000,4840.2000,4840.0000,4846.0000,4846.2000,4846.4000,4846.6000,4847.4000,1,1,1,1,4,1,2,1,1,1
SF,IC2006,2019-12-10 09:33:14.400,4845.8000,22808,0,162741360.000,0,-,-,-,-,4844.0000,4843.8000,4843.6000,4841.6000,4840.2000,4846.0000,4846.2000,4846.4000,4847.4000,4848.6000,1,1,1,1,1,1,2,1,1,2
SF,IC2006,2019-12-10 09:33:14.900,4845.8000,22808,0,162741360.000,0,-,-,-,-,4844.2000,4844.0000,4841.6000,4840.2000,4840.0000,4846.0000,4846.2000,4846.4000,4847.4000,4847.8000,1,1,1,1,4,1,1,1,1,1
SF,IC2006,2019-12-10 09:33:15.400,4845.8000,22808,0,162741360.000,0,-,-,-,-,4844.4000,4844.2000,4841.6000,4840.2000,4840.0000,4845.8000,4846.0000,4846.2000,4847.4000,4847.8000,1,1,1,1,4,1,1,1,1,1
SF,IC2006,2019-12-10 09:33:16.400,4845.8000,22808,0,162741360.000,0,-,-,-,-,4844.6000,4844.4000,4844.2000,4841.6000,4840.2000,4846.0000,4846.2000,4847.4000,4847.8000,4848.6000,1,1,1,1,1,1,1,1,1,2
SF,IC2006,2019-12-10 09:33:17.400,4845.8000,22808,0,162741360.000,0,-,-,-,-,4844.4000,4844.2000,4841.6000,4840.2000,4840.0000,4846.0000,4846.2000,4847.4000,4847.8000,4848.6000,1,1,1,1,4,1,1,1,1,2
SF,IC2006,2019-12-10 09:33:17.900,4845.8000,22808,0,162741360.000,0,-,-,-,-,4844.2000,4841.6000,4840.2000,4840.0000,4839.2000,4846.0000,4846.2000,4847.4000,4847.8000,4848.6000,1,1,1,4,2,1,1,1,1,2
SF,IC2006,2019-12-10 09:33:18.400,4845.8000,22808,0,162741360.000,0,-,-,-,-,4844.8000,4844.6000,4844.2000,4841.6000,4840.2000,4846.0000,4846.2000,4847.4000,4847.8000,4848.6000,1,1,1,1,1,1,1,1,1,2
SF,IC2006,2019-12-10 09:33:19.400,4845.8000,22808,0,162741360.000,0,-,-,-,-,4844.8000,4844.2000,4843.6000,4841.6000,4840.2000,4846.0000,4846.2000,4847.4000,4847.8000,4848.6000,1,1,2,1,1,1,1,1,1,2
SF,IC2006,2019-12-10 09:33:19.900,4845.8000,22808,0,162741360.000,0,-,-,-,-,4844.8000,4843.6000,4841.6000,4840.2000,4840.0000,4846.0000,4846.2000,4847.4000,4847.8000,4848.6000,1,2,1,1,4,1,1,1,1,2
SF,IC2006,2019-12-10 09:33:20.400,4845.8000,22808,0,162741360.000,0,-,-,-,-,4844.8000,4843.6000,4841.6000,4840.2000,4840.0000,4846.0000,4846.2000,4847.4000,4847.8000,4848.6000,1,2,1,1,4,1,1,1,1,2
SF,IC2006,2019-12-10 09:33:20.900,4845.8000,22808,0,162741360.000,0,-,-,-,-,4844.8000,4843.6000,4841.6000,4840.2000,4840.0000,4846.0000,4847.4000,4847.8000,4848.6000,4849.6000,1,2,1,1,4,1,1,1,2,3
SF,IC2006,2019-12-10 09:33:21.400,4845.8000,22808,0,162741360.000,0,-,-,-,-,4844.8000,4844.6000,4843.6000,4841.6000,4840.2000,4845.8000,4846.0000,4847.4000,4847.8000,4848.6000,5,3,2,1,1,1,1,1,1,2
SF,IC2006,2019-12-10 09:33:22.900,4845.8000,22808,0,162741360.000,0,-,-,-,-,4844.8000,4844.6000,4843.6000,4841.6000,4840.2000,4845.8000,4846.0000,4847.4000,4847.8000,4848.6000,5,3,2,1,1,1,1,1,1,2
SF,IC2006,2019-12-10 09:33:23.400,4845.8000,22808,0,162741360.000,0,-,-,-,-,4844.8000,4844.6000,4843.6000,4841.6000,4840.2000,4845.8000,4846.0000,4847.4000,4847.8000,4848.6000,5,3,2,1,1,1,1,1,1,2
SF,IC2006,2019-12-10 09:33:25.400,4845.8000,22808,0,163710520.000,1,0,1,多换,S,4845.8000,4844.8000,4844.6000,4843.6000,4841.6000,4846.0000,4847.4000,4847.8000,4848.6000,4849.6000,1,5,3,2,1,1,1,2,2,3
SF,IC2006,2019-12-10 09:33:25.900,4844.8000,22808,0,165648640.000,2,1,1,多换,S,4844.8000,4844.6000,4843.6000,4841.6000,4840.2000,4845.8000,4847.4000,4847.8000,4848.6000,4849.6000,4,3,2,1,1,1,1,2,2,3
SF,IC2006,2019-12-10 09:33:26.400,4845.8000,22808,0,166617800.000,1,0,1,多换,S,4845.8000,4844.8000,4844.6000,4843.6000,4841.6000,4847.4000,4847.8000,4848.6000,4849.6000,4850.6000,1,4,3,2,1,1,2,2,3,1
SF,IC2006,2019-12-10 09:33:26.900,4845.8000,22808,0,166617800.000,0,-,-,-,-,4845.8000,4844.8000,4844.6000,4843.6000,4841.6000,4847.2000,4847.4000,4847.8000,4848.6000,4849.6000,1,4,3,2,1,1,1,2,2,3
SF,IC2006,2019-12-10 09:33:27.400,4847.2000,22808,0,168556640.000,2,1,1,多换,S,4846.0000,4845.8000,4844.8000,4844.6000,4843.6000,4847.4000,4847.8000,4848.6000,4849.6000,4850.6000,1,1,4,3,2,1,2,2,3,1
SF,IC2006,2019-12-10 09:33:27.900,4847.2000,22808,0,168556640.000,0,-,-,-,-,4846.0000,4845.8000,4844.8000,4844.6000,4843.6000,4847.2000,4847.4000,4847.8000,4848.6000,4849.6000,1,1,4,3,2,1,1,2,2,3
SF,IC2006,2019-12-10 09:33:28.400,4847.2000,22808,0,168556640.000,0,-,-,-,-,4846.0000,4845.8000,4844.8000,4844.6000,4843.6000,4847.2000,4847.4000,4847.8000,4848.6000,4849.6000,1,1,4,3,2,1,1,1,2,3
SF,IC2006,2019-12-10 09:33:28.900,4847.2000,22808,0,168556640.000,0,-,-,-,-,4846.0000,4845.8000,4844.8000,4844.6000,4843.6000,4847.2000,4847.4000,4848.6000,4849.6000,4850.6000,1,1,4,3,2,1,1,2,3,1
SF,IC2006,2019-12-10 09:33:29.400,4846.0000,22807,-1,169525840.000,1,0,1,双平,S,4845.8000,4844.8000,4844.6000,4843.6000,4841.6000,4846.0000,4847.2000,4847.4000,4848.6000,4849.6000,1,4,3,2,1,1,1,1,2,3
SF,IC2006,2019-12-10 09:33:29.900,4846.0000,22806,-1,170495040.000,1,0,1,双平,S,4845.8000,4844.8000,4844.6000,4843.6000,4841.6000,4847.2000,4847.4000,4848.6000,4849.6000,4850.6000,1,4,3,2,1,1,1,2,3,1
SF,IC2006,2019-12-10 09:33:30.400,4847.2000,22806,0,171464480.000,1,0,1,多换,S,4847.2000,4845.8000,4844.8000,4844.6000,4843.6000,4847.4000,4848.6000,4849.6000,4850.6000,4852.6000,1,1,4,3,2,1,2,3,1,1
SF,IC2006,2019-12-10 09:33:30.900,4847.2000,22806,0,172433920.000,1,0,1,多换,S,4845.8000,4844.8000,4844.6000,4843.6000,4841.6000,4847.2000,4847.4000,4848.6000,4849.6000,4850.6000,1,4,3,2,1,1,1,2,3,1
SF,IC2006,2019-12-10 09:33:31.400,4847.2000,22806,0,174372800.000,2,1,1,多换,S,4845.8000,4844.8000,4844.6000,4843.6000,4841.6000,4847.0000,4847.4000,4848.6000,4849.6000,4850.6000,1,4,3,2,1,1,1,2,3,1
SF,IC2006,2019-12-10 09:33:31.900,4847.2000,22806,0,174372800.000,0,-,-,-,-,4845.8000,4844.8000,4844.6000,4843.6000,4841.6000,4847.0000,4847.4000,4848.6000,4849.6000,4850.6000,1,4,3,2,1,1,1,2,3,1
SF,IC2006,2019-12-10 09:33:32.400,4845.8000,22806,0,175341960.000,1,0,1,多换,S,4844.8000,4844.6000,4843.6000,4841.6000,4840.2000,4846.4000,4847.4000,4848.6000,4849.6000,4850.6000,4,3,2,1,1,1,1,2,3,1
SF,IC2006,2019-12-10 09:33:32.900,4846.4000,22807,1,177280400.000,2,1,1,空开,S,4845.0000,4844.8000,4844.6000,4843.6000,4841.6000,4847.4000,4848.2000,4848.6000,4849.6000,4850.6000,1,4,3,2,1,1,1,2,3,1
SF,IC2006,2019-12-10 09:33:33.400,4846.4000,22807,0,177280400.000,0,-,-,-,-,4845.0000,4844.8000,4844.6000,4843.6000,4841.6000,4847.2000,4847.4000,4848.2000,4848.6000,4849.6000,2,4,3,2,1,1,1,1,2,3
SF,IC2006,2019-12-10 09:33:33.900,4847.2000,22807,0,178249840.000,1,0,1,多换,S,4847.2000,4845.0000,4844.8000,4844.6000,4844.0000,4847.4000,4848.2000,4848.6000,4849.6000,4850.6000,1,2,4,3,1,1,1,2,3,1
SF,IC2006,2019-12-10 09:33:34.400,4847.2000,22807,0,181158160.000,3,1,2,多换,S,4845.0000,4844.8000,4844.6000,4844.0000,4843.6000,4847.4000,4848.2000,4848.6000,4849.6000,4850.6000,1,4,3,1,2,1,1,2,3,1
SF,IC2006,2019-12-10 09:33:34.900,4847.2000,22807,0,181158160.000,0,-,-,-,-,4845.0000,4844.8000,4844.6000,4844.0000,4843.6000,4847.2000,4847.4000,4848.2000,4848.6000,4849.6000,1,4,3,1,2,1,1,1,2,3
SF,IC2006,2019-12-10 09:33:35.400,4847.2000,22807,0,181158160.000,0,-,-,-,-,4847.2000,4845.0000,4844.8000,4844.6000,4844.0000,4847.4000,4848.2000,4848.6000,4849.6000,4850.6000,2,1,4,3,1,1,1,2,3,1
SF,IC2006,2019-12-10 09:33:35.900,4847.2000,22807,0,183097040.000,2,1,1,多换,S,4845.2000,4845.0000,4844.8000,4844.6000,4844.0000,4847.0000,4847.4000,4848.2000,4848.6000,4849.6000,1,1,4,3,1,1,1,1,2,3
SF,IC2006,2019-12-10 09:33:36.400,4847.2000,22807,0,183097040.000,0,-,-,-,-,4845.4000,4845.2000,4844.8000,4844.6000,4844.0000,4847.4000,4848.2000,4848.6000,4849.6000,4850.6000,2,1,4,3,1,1,1,2,3,1
SF,IC2006,2019-12-10 09:33:36.900,4847.2000,22807,0,183097040.000,0,-,-,-,-,4845.4000,4844.8000,4844.6000,4844.0000,4843.6000,4847.2000,4847.4000,4848.2000,4848.6000,4849.6000,2,4,3,1,2,2,3,1,2,3
SF,IC2006,2019-12-10 09:33:37.400,4847.2000,22807,0,183097040.000,0,-,-,-,-,4845.4000,4844.8000,4844.6000,4844.0000,4843.6000,4847.2000,4847.4000,4848.2000,4848.6000,4849.6000,2,4,3,1,2,2,3,1,2,3
SF,IC2006,2019-12-10 09:33:37.900,4847.2000,22807,0,183097040.000,0,-,-,-,-,4845.4000,4844.8000,4844.6000,4844.0000,4843.6000,4847.0000,4847.2000,4847.4000,4848.2000,4848.6000,2,4,3,1,2,1,2,3,1,2
SF,IC2006,2019-12-10 09:33:38.400,4845.6000,22807,0,184066160.000,1,0,1,多换,S,4845.4000,4844.8000,4844.6000,4844.0000,4843.6000,4847.0000,4847.2000,4847.4000,4848.2000,4848.6000,2,4,3,1,2,1,2,3,1,2
SF,IC2006,2019-12-10 09:33:38.900,4845.6000,22807,0,184066160.000,0,-,-,-,-,4845.6000,4845.4000,4844.8000,4844.6000,4844.0000,4847.0000,4847.2000,4847.4000,4848.2000,4848.6000,1,2,4,3,1,1,1,3,1,2
SF,IC2006,2019-12-10 09:33:39.400,4845.4000,22806,-1,186004360.000,2,0,2,多平,S,4845.4000,4844.8000,4844.6000,4844.0000,4843.6000,4847.0000,4847.2000,4847.4000,4848.2000,4848.6000,1,4,3,1,2,1,1,3,1,2
SF,IC2006,2019-12-10 09:33:39.900,4845.4000,22806,0,186973440.000,1,0,1,多换,S,4845.0000,4844.8000,4844.6000,4844.0000,4843.6000,4846.8000,4847.0000,4847.4000,4848.2000,4848.6000,2,4,3,1,2,1,1,3,2,2
SF,IC2006,2019-12-10 09:33:40.400,4846.8000,22806,0,188911840.000,2,1,1,多换,S,4846.8000,4845.2000,4845.0000,4844.8000,4844.6000,4847.0000,4847.4000,4848.2000,4848.6000,4849.6000,1,1,2,4,3,1,3,1,2,3
SF,IC2006,2019-12-10 09:33:40.900,4845.2000,22806,0,190850240.000,2,1,1,多换,S,4845.0000,4844.8000,4844.6000,4844.0000,4843.6000,4846.4000,4847.0000,4847.4000,4848.2000,4848.6000,2,4,3,1,2,1,1,2,1,2
SF,IC2006,2019-12-10 09:33:41.400,4845.2000,22805,-1,192788560.000,2,0,2,多平,S,4846.4000,4845.0000,4844.6000,4844.0000,4843.6000,4846.6000,4847.0000,4847.4000,4848.2000,4848.6000,2,2,3,1,2,1,1,2,1,2
SF,IC2006,2019-12-10 09:33:41.900,4846.4000,22807,2,194727120.000,2,2,0,双开,S,4845.4000,4845.0000,4844.6000,4844.0000,4843.6000,4846.6000,4847.0000,4847.4000,4848.2000,4848.6000,4,2,3,1,2,1,2,2,1,2
SF,IC2006,2019-12-10 09:33:42.400,4846.4000,22807,0,194727120.000,0,-,-,-,-,4846.6000,4845.4000,4845.0000,4844.6000,4844.0000,4847.0000,4847.4000,4848.2000,4848.6000,4849.6000,2,4,2,3,1,1,2,1,2,3
SF,IC2006,2019-12-10 09:33:42.900,4846.6000,22808,1,196665760.000,2,1,1,空开,S,4845.4000,4845.0000,4844.6000,4844.0000,4843.6000,4847.0000,4847.4000,4848.2000,4848.6000,4849.6000,4,2,3,1,2,1,2,1,2,3
SF,IC2006,2019-12-10 09:33:43.400,4846.8000,22808,0,198604480.000,2,1,1,多换,S,4845.4000,4845.0000,4844.6000,4844.0000,4843.6000,4847.0000,4847.4000,4848.2000,4848.6000,4849.6000,4,3,3,1,2,1,2,1,2,3
SF,IC2006,2019-12-10 09:33:43.900,4846.8000,22808,0,198604480.000,0,-,-,-,-,4845.4000,4845.0000,4844.6000,4844.0000,4843.6000,4846.8000,4847.0000,4847.4000,4848.2000,4848.6000,4,3,3,1,2,1,1,1,1,2
SF,IC2006,2019-12-10 09:33:44.400,4846.8000,22808,0,199573840.000,1,0,1,多换,S,4846.8000,4845.4000,4845.0000,4844.6000,4844.0000,4847.0000,4847.4000,4848.0000,4848.2000,4848.6000,1,4,3,3,1,1,1,1,1,2
SF,IC2006,2019-12-10 09:33:44.900,4846.8000,22809,1,200543200.000,1,1,0,双开,S,4845.4000,4845.0000,4844.6000,4844.0000,4843.6000,4846.4000,4846.8000,4847.0000,4847.4000,4848.0000,4,3,3,1,2,1,3,1,1,1
SF,IC2006,2019-12-10 09:33:45.400,4846.4000,22809,0,201512480.000,1,0,1,多换,S,4845.6000,4845.4000,4845.0000,4844.6000,4844.0000,4846.8000,4847.4000,4848.0000,4848.2000,4848.6000,1,4,3,3,1,3,1,1,1,2
SF,IC2006,2019-12-10 09:33:45.900,4846.4000,22809,0,201512480.000,0,-,-,-,-,4845.6000,4845.4000,4845.0000,4844.6000,4844.0000,4847.4000,4848.0000,4848.2000,4848.6000,4849.6000,1,4,3,3,1,1,1,1,2,3
SF,IC2006,2019-12-10 09:33:46.400,4847.4000,22809,0,202481960.000,1,0,1,多换,S,4847.4000,4845.8000,4845.6000,4845.4000,4845.0000,4848.0000,4848.2000,4848.6000,4849.6000,4850.6000,1,1,1,4,3,1,1,2,3,1
SF,IC2006,2019-12-10 09:33:46.900,4847.4000,22810,1,203451440.000,1,1,0,双开,S,4845.8000,4845.6000,4845.4000,4845.0000,4844.6000,4848.0000,4848.2000,4848.6000,4849.6000,4850.6000,1,1,4,3,3,1,1,2,3,1
SF,IC2006,2019-12-10 09:33:47.400,4847.4000,22810,0,203451440.000,0,-,-,-,-,4846.0000,4845.4000,4845.0000,4844.6000,4844.0000,4847.6000,4848.0000,4848.2000,4848.6000,4849.6000,1,4,3,3,1,1,1,1,2,3
SF,IC2006,2019-12-10 09:33:47.900,4847.4000,22810,0,203451440.000,0,-,-,-,-,4846.0000,4845.4000,4845.0000,4844.6000,4844.0000,4847.6000,4847.8000,4848.0000,4848.2000,4848.6000,2,4,3,3,1,1,1,1,1,2
SF,IC2006,2019-12-10 09:33:48.900,4847.4000,22810,0,203451440.000,0,-,-,-,-,4846.0000,4845.4000,4845.0000,4844.6000,4844.0000,4847.6000,4847.8000,4848.0000,4848.2000,4848.6000,1,4,3,3,1,1,1,1,1,2
SF,IC2006,2019-12-10 09:33:49.400,4847.6000,22811,1,204420960.000,1,1,0,双开,S,4847.6000,4846.2000,4846.0000,4845.4000,4845.0000,4847.8000,4848.0000,4848.2000,4848.6000,4849.6000,1,1,1,4,3,1,1,1,2,3
SF,IC2006,2019-12-10 09:33:49.900,4847.6000,22811,0,204420960.000,0,-,-,-,-,4847.6000,4846.2000,4846.0000,4845.4000,4845.0000,4848.2000,4848.6000,4849.6000,4850.6000,4852.6000,1,1,1,4,3,1,2,3,1,1
SF,IC2006,2019-12-10 09:33:50.400,4847.6000,22811,0,204420960.000,0,-,-,-,-,4847.6000,4846.0000,4845.4000,4845.0000,4844.6000,4848.4000,4848.6000,4849.4000,4849.6000,4850.6000,1,1,4,3,3,1,2,1,3,1
SF,IC2006,2019-12-10 09:33:50.900,4847.6000,22811,0,204420960.000,0,-,-,-,-,4847.6000,4846.0000,4845.4000,4845.0000,4844.6000,4848.4000,4848.6000,4849.2000,4849.4000,4849.6000,1,1,4,3,3,1,2,1,1,3
SF,IC2006,2019-12-10 09:33:51.400,4847.6000,22812,1,205390480.000,1,1,0,双开,S,4846.0000,4845.4000,4845.0000,4844.6000,4844.0000,4848.4000,4848.6000,4849.2000,4849.4000,4849.6000,1,4,3,3,1,1,2,1,1,3
SF,IC2006,2019-12-10 09:33:51.900,4847.6000,22812,0,205390480.000,0,-,-,-,-,4846.0000,4845.4000,4845.0000,4844.6000,4844.0000,4848.2000,4848.4000,4848.6000,4849.2000,4849.4000,1,4,3,3,1,2,1,2,1,1
SF,IC2006,2019-12-10 09:33:52.400,4847.6000,22812,0,205390480.000,0,-,-,-,-,4846.0000,4845.4000,4845.0000,4844.6000,4844.0000,4848.0000,4848.2000,4848.4000,4848.6000,4849.2000,1,4,3,3,1,1,1,1,2,1
SF,IC2006,2019-12-10 09:33:52.900,4847.6000,22812,0,205390480.000,0,-,-,-,-,4846.0000,4845.4000,4845.0000,4844.6000,4844.0000,4847.8000,4848.0000,4848.2000,4848.4000,4848.6000,1,4,3,3,1,1,2,1,1,2
SF,IC2006,2019-12-10 09:33:53.400,4847.6000,22812,0,205390480.000,0,-,-,-,-,4846.2000,4846.0000,4845.4000,4845.0000,4844.6000,4847.8000,4848.0000,4848.4000,4848.6000,4849.2000,1,1,4,3,3,1,2,1,2,1
SF,IC2006,2019-12-10 09:33:53.900,4847.8000,22813,1,206360040.000,1,1,0,双开,S,4847.8000,4846.4000,4846.2000,4845.4000,4845.0000,4848.0000,4848.4000,4848.6000,4849.2000,4849.4000,1,1,1,4,3,2,1,2,1,1
SF,IC2006,2019-12-10 09:33:54.400,4847.8000,22813,0,206360040.000,0,-,-,-,-,4847.8000,4846.4000,4845.4000,4845.0000,4844.6000,4848.0000,4848.4000,4848.6000,4849.2000,4849.4000,1,1,4,3,3,1,1,2,1,1
SF,IC2006,2019-12-10 09:33:55.400,4847.8000,22813,0,207329600.000,1,0,1,多换,S,4846.4000,4845.4000,4845.0000,4844.6000,4844.0000,4848.0000,4848.4000,4848.6000,4849.2000,4849.4000,1,4,3,3,1,1,1,2,1,1
SF,IC2006,2019-12-10 09:33:55.900,4847.8000,22813,0,207329600.000,0,-,-,-,-,4846.4000,4845.4000,4845.0000,4844.6000,4844.0000,4848.0000,4848.4000,4848.6000,4849.2000,4849.4000,1,4,3,3,1,2,1,2,1,1
SF,IC2006,2019-12-10 09:33:56.400,4847.8000,22813,0,207329600.000,0,-,-,-,-,4846.6000,4846.4000,4845.4000,4845.0000,4844.6000,4847.6000,4847.8000,4848.0000,4848.4000,4848.6000,1,1,4,3,3,1,1,2,1,2
SF,IC2006,2019-12-10 09:33:56.900,4847.8000,22813,0,207329600.000,0,-,-,-,-,4846.8000,4846.6000,4845.4000,4845.0000,4844.6000,4847.6000,4847.8000,4848.0000,4848.4000,4848.6000,1,1,4,3,3,1,1,2,1,2
SF,IC2006,2019-12-10 09:33:57.400,4847.8000,22813,0,207329600.000,0,-,-,-,-,4846.8000,4846.6000,4845.4000,4845.0000,4844.6000,4848.0000,4848.4000,4848.6000,4849.2000,4849.6000,1,1,4,3,3,2,1,2,1,3
SF,IC2006,2019-12-10 09:34:02.900,4847.8000,22813,0,207329600.000,0,-,-,-,-,4846.8000,4846.6000,4845.4000,4845.0000,4844.6000,4848.0000,4848.4000,4848.6000,4849.2000,4849.6000,1,1,4,3,3,2,1,2,1,3
SF,IC2006,2019-12-10 09:34:03.400,4848.0000,22814,1,209268800.000,2,1,1,空开,S,4848.0000,4846.8000,4846.6000,4845.4000,4845.0000,4848.6000,4849.2000,4849.6000,4850.6000,4852.6000,3,2,1,4,3,2,1,3,1,1
SF,IC2006,2019-12-10 09:34:03.900,4848.6000,22815,1,211208200.000,2,1,1,空开,S,4848.0000,4846.8000,4846.6000,4845.4000,4845.0000,4848.6000,4849.2000,4849.6000,4850.6000,4852.6000,3,2,1,4,3,1,1,3,1,1
SF,IC2006,2019-12-10 09:34:04.400,4848.6000,22815,0,211208200.000,0,-,-,-,-,4848.2000,4848.0000,4846.8000,4846.6000,4845.4000,4848.6000,4849.6000,4850.6000,4852.6000,4852.8000,1,3,1,1,4,1,3,1,1,5
SF,IC2006,2019-12-10 09:34:04.900,4848.6000,22815,0,211208200.000,0,-,-,-,-,4848.2000,4848.0000,4846.8000,4845.4000,4845.0000,4848.6000,4849.6000,4850.6000,4852.6000,4852.8000,1,3,1,4,3,1,3,1,1,5
SF,IC2006,2019-12-10 09:34:05.400,4848.2000,22814,-1,212177840.000,1,0,1,双平,S,4848.0000,4846.8000,4845.4000,4845.0000,4844.6000,4848.6000,4849.6000,4849.8000,4850.6000,4852.6000,3,1,4,3,3,1,3,1,1,1
SF,IC2006,2019-12-10 09:34:05.900,4848.6000,22813,-1,213147560.000,1,0,1,双平,S,4848.0000,4846.8000,4845.4000,4845.0000,4844.6000,4849.6000,4849.8000,4850.6000,4852.6000,4852.8000,3,1,4,3,3,3,1,1,1,5
SF,IC2006,2019-12-10 09:34:06.400,4848.6000,22813,0,213147560.000,0,-,-,-,-,4848.2000,4848.0000,4845.4000,4845.0000,4844.6000,4849.2000,4849.6000,4849.8000,4850.6000,4852.6000,1,3,4,3,3,1,3,2,1,1
SF,IC2006,2019-12-10 09:34:07.900,4848.6000,22813,0,213147560.000,0,-,-,-,-,4848.2000,4848.0000,4845.4000,4845.0000,4844.6000,4849.6000,4849.8000,4850.6000,4852.6000,4852.8000,1,3,4,3,3,3,2,1,1,5
SF,IC2006,2019-12-10 09:34:09.900,4848.6000,22813,0,213147560.000,0,-,-,-,-,4848.2000,4848.0000,4845.4000,4845.0000,4844.6000,4849.6000,4849.8000,4850.6000,4852.6000,4852.8000,1,3,4,3,3,3,1,1,1,5
SF,IC2006,2019-12-10 09:34:10.400,4848.4000,22811,-2,216057080.000,3,0,3,多平,S,4848.2000,4848.0000,4845.4000,4845.0000,4844.6000,4849.6000,4850.6000,4852.6000,4854.4000,4854.6000,1,3,4,3,3,1,1,1,5,2
SF,IC2006,2019-12-10 09:34:12.400,4848.2000,22811,0,217026720.000,1,0,1,多换,S,4848.0000,4845.4000,4845.0000,4844.6000,4844.0000,4849.6000,4850.6000,4852.6000,4854.4000,4854.6000,3,4,3,3,1,1,1,1,5,2
SF,IC2006,2019-12-10 09:34:12.900,4848.2000,22811,0,217026720.000,0,-,-,-,-,4848.2000,4848.0000,4845.4000,4845.0000,4844.6000,4849.6000,4850.6000,4852.6000,4854.4000,4854.6000,1,3,4,3,3,1,1,1,5,2
SF,IC2006,2019-12-10 09:34:13.400,4848.2000,22811,0,217026720.000,0,-,-,-,-,4848.2000,4848.0000,4845.4000,4845.0000,4844.6000,4849.6000,4850.6000,4852.6000,4854.4000,4854.6000,1,3,4,3,3,1,1,1,5,2
SF,IC2006,2019-12-10 09:34:14.900,4848.2000,22811,0,217996360.000,1,0,1,多换,S,4848.0000,4845.4000,4845.0000,4844.6000,4844.0000,4849.6000,4850.6000,4852.6000,4854.4000,4854.6000,3,4,3,3,1,1,1,1,5,2
SF,IC2006,2019-12-10 09:34:15.400,4848.2000,22811,0,217996360.000,0,-,-,-,-,4848.2000,4848.0000,4845.4000,4845.0000,4844.6000,4849.6000,4850.6000,4852.6000,4854.4000,4854.6000,2,3,4,3,3,1,1,1,5,2
SF,IC2006,2019-12-10 09:34:15.900,4848.2000,22811,0,217996360.000,0,-,-,-,-,4848.2000,4848.0000,4845.4000,4845.0000,4844.6000,4849.6000,4850.6000,4852.6000,4854.4000,4854.6000,3,3,4,3,3,1,1,1,5,2
SF,IC2006,2019-12-10 09:34:16.400,4848.2000,22811,0,217996360.000,0,-,-,-,-,4848.2000,4848.0000,4845.4000,4845.0000,4844.6000,4849.6000,4850.6000,4852.6000,4854.4000,4854.6000,3,3,4,3,3,1,1,1,5,2
SF,IC2006,2019-12-10 09:34:16.900,4848.2000,22811,0,217996360.000,0,-,-,-,-,4849.4000,4848.2000,4845.4000,4845.0000,4844.6000,4849.6000,4850.6000,4852.6000,4854.4000,4854.6000,3,3,4,3,3,1,1,1,5,2
SF,IC2006,2019-12-10 09:34:17.400,4849.6000,22811,0,221875920.000,4,2,2,多换,S,4848.2000,4845.4000,4845.0000,4844.6000,4844.0000,4850.6000,4852.6000,4854.4000,4854.6000,4857.6000,2,4,3,3,1,1,1,5,2,5
SF,IC2006,2019-12-10 09:34:17.900,4849.6000,22811,0,221875920.000,0,-,-,-,-,4848.4000,4848.2000,4845.4000,4845.0000,4844.6000,4850.4000,4850.6000,4852.6000,4854.4000,4854.6000,1,2,4,3,3,1,1,1,5,2
SF,IC2006,2019-12-10 09:34:18.400,4848.6000,22811,0,222845640.000,1,0,1,多换,S,4848.4000,4848.2000,4845.4000,4845.0000,4844.6000,4850.4000,4850.6000,4852.6000,4854.4000,4854.6000,1,1,4,2,3,1,1,1,5,2
SF,IC2006,2019-12-10 09:34:18.900,4848.6000,22811,0,222845640.000,0,-,-,-,-,4848.6000,4848.4000,4845.4000,4845.0000,4844.6000,4850.4000,4850.6000,4852.6000,4854.4000,4854.6000,2,1,4,2,3,1,1,1,5,2
SF,IC2006,2019-12-10 09:34:19.400,4850.2000,22811,0,223815680.000,1,0,1,多换,S,4848.6000,4845.4000,4845.0000,4844.6000,4844.0000,4850.4000,4850.6000,4852.6000,4854.4000,4854.6000,2,4,2,3,1,1,1,1,5,2
SF,IC2006,2019-12-10 09:34:19.900,4850.2000,22811,0,223815680.000,0,-,-,-,-,4848.6000,4845.4000,4845.0000,4844.6000,4844.0000,4850.4000,4850.6000,4852.6000,4854.4000,4854.6000,2,4,2,3,1,1,1,1,5,2
SF,IC2006,2019-12-10 09:34:20.400,4850.2000,22811,0,223815680.000,0,-,-,-,-,4848.8000,4848.6000,4845.4000,4845.0000,4844.6000,4850.6000,4852.6000,4854.4000,4854.6000,4857.6000,1,2,4,2,3,1,1,5,2,5
SF,IC2006,2019-12-10 09:34:20.900,4850.2000,22811,0,223815680.000,0,-,-,-,-,4849.0000,4848.8000,4848.6000,4845.4000,4845.0000,4850.6000,4852.6000,4854.4000,4854.6000,4857.6000,1,1,1,4,2,1,1,5,2,5
SF,IC2006,2019-12-10 09:34:21.400,4850.2000,22811,0,223815680.000,0,-,-,-,-,4849.2000,4849.0000,4848.8000,4848.6000,4845.0000,4850.6000,4852.6000,4854.4000,4854.6000,4857.6000,1,1,1,1,2,1,1,5,2,5
SF,IC2006,2019-12-10 09:34:21.900,4850.2000,22811,0,223815680.000,0,-,-,-,-,4850.0000,4849.4000,4849.2000,4848.8000,4848.6000,4850.6000,4852.6000,4854.4000,4854.6000,4857.6000,4,1,1,1,1,1,1,5,2,5
SF,IC2006,2019-12-10 09:34:22.400,4850.0000,22812,1,224785680.000,1,1,0,双开,S,4850.0000,4849.2000,4848.6000,4845.0000,4844.6000,4850.6000,4852.6000,4854.4000,4854.6000,4857.6000,3,1,1,2,3,1,1,5,2,5
SF,IC2006,2019-12-10 09:34:22.900,4850.0000,22813,1,225755680.000,1,1,0,双开,S,4850.0000,4848.6000,4845.0000,4844.6000,4844.0000,4850.6000,4852.6000,4854.4000,4854.6000,4857.6000,2,1,2,3,1,1,1,5,2,5
SF,IC2006,2019-12-10 09:34:23.400,4850.0000,22814,1,226725680.000,1,1,0,双开,S,4850.0000,4845.0000,4844.6000,4844.0000,4843.6000,4850.2000,4850.6000,4852.6000,4854.4000,4854.6000,1,2,3,1,2,1,1,1,5,2
SF,IC2006,2019-12-10 09:34:23.900,4850.0000,22814,0,227695680.000,1,0,1,多换,S,4845.0000,4844.6000,4844.0000,4843.6000,4841.6000,4850.2000,4850.6000,4852.6000,4854.4000,4854.6000,2,3,1,2,1,1,1,1,5,2
SF,IC2006,2019-12-10 09:34:24.400,4850.0000,22814,0,227695680.000,0,-,-,-,-,4845.4000,4845.2000,4845.0000,4844.6000,4844.0000,4850.0000,4850.2000,4850.6000,4852.6000,4854.4000,1,2,2,3,1,1,1,1,1,5
SF,IC2006,2019-12-10 09:34:24.900,4850.0000,22814,0,227695680.000,0,-,-,-,-,4845.6000,4845.4000,4845.2000,4845.0000,4844.6000,4850.0000,4850.2000,4850.6000,4852.6000,4854.4000,1,1,1,2,3,1,1,1,1,5
SF,IC2006,2019-12-10 09:34:25.400,4850.0000,22814,0,228665680.000,1,0,1,多换,S,4845.6000,4845.4000,4845.0000,4844.6000,4844.0000,4849.8000,4850.2000,4850.6000,4852.6000,4854.4000,2,1,2,3,1,1,1,1,1,5
SF,IC2006,2019-12-10 09:34:25.900,4850.0000,22814,0,228665680.000,0,-,-,-,-,4845.6000,4845.0000,4844.6000,4844.0000,4843.6000,4849.8000,4850.2000,4850.6000,4852.6000,4854.4000,2,2,3,1,2,1,1,1,1,5
SF,IC2006,2019-12-10 09:34:26.400,4850.0000,22814,0,228665680.000,0,-,-,-,-,4847.2000,4847.0000,4846.2000,4846.0000,4845.6000,4849.8000,4850.2000,4850.6000,4852.6000,4854.4000,1,1,1,1,2,1,1,1,1,5
SF,IC2006,2019-12-10 09:34:26.900,4850.0000,22814,0,228665680.000,0,-,-,-,-,4847.4000,4847.2000,4847.0000,4846.2000,4846.0000,4849.8000,4850.2000,4850.6000,4852.6000,4854.4000,2,1,1,1,1,1,1,1,1,5
SF,IC2006,2019-12-10 09:34:27.400,4850.0000,22814,0,228665680.000,0,-,-,-,-,4847.4000,4847.2000,4847.0000,4846.2000,4846.0000,4849.8000,4850.2000,4850.4000,4850.6000,4852.6000,2,1,1,1,1,1,1,1,1,1
SF,IC2006,2019-12-10 09:34:27.900,4850.0000,22814,0,228665680.000,0,-,-,-,-,4847.6000,4847.4000,4847.0000,4846.0000,4845.0000,4849.6000,4849.8000,4850.2000,4850.4000,4850.6000,1,1,1,1,2,1,1,1,1,1
SF,IC2006,2019-12-10 09:34:28.400,4850.0000,22814,0,228665680.000,0,-,-,-,-,4847.8000,4847.6000,4847.0000,4846.0000,4845.0000,4849.6000,4849.8000,4850.2000,4850.4000,4850.6000,1,1,1,1,2,1,1,1,1,1
SF,IC2006,2019-12-10 09:34:28.900,4850.0000,22814,0,228665680.000,0,-,-,-,-,4847.8000,4847.0000,4846.0000,4845.0000,4844.6000,4849.6000,4849.8000,4850.2000,4850.4000,4850.6000,1,1,1,2,3,1,1,1,1,1
SF,IC2006,2019-12-10 09:34:29.400,4850.0000,22814,0,228665680.000,0,-,-,-,-,4848.0000,4847.8000,4847.2000,4845.0000,4844.6000,4849.8000,4850.2000,4850.4000,4850.6000,4852.6000,1,1,1,2,3,1,1,1,1,1
SF,IC2006,2019-12-10 09:34:29.900,4850.0000,22814,0,228665680.000,0,-,-,-,-,4848.2000,4848.0000,4847.2000,4845.0000,4844.6000,4849.8000,4850.2000,4850.4000,4850.6000,4852.6000,1,1,1,2,3,1,1,1,1,1
SF,IC2006,2019-12-10 09:34:30.400,4850.0000,22814,0,228665680.000,0,-,-,-,-,4848.4000,4848.2000,4848.0000,4847.2000,4845.0000,4849.8000,4850.2000,4850.4000,4850.6000,4852.6000,1,1,1,1,2,1,1,1,1,1
SF,IC2006,2019-12-10 09:34:30.900,4850.0000,22814,0,228665680.000,0,-,-,-,-,4848.6000,4848.4000,4847.2000,4845.0000,4844.6000,4850.2000,4850.4000,4850.6000,4852.6000,4854.4000,1,1,1,2,3,1,1,1,1,5
SF,IC2006,2019-12-10 09:34:31.400,4850.0000,22814,0,228665680.000,0,-,-,-,-,4848.6000,4847.2000,4845.0000,4844.6000,4844.0000,4850.2000,4850.4000,4850.6000,4852.6000,4854.4000,1,1,2,3,1,1,1,1,1,5
SF,IC2006,2019-12-10 09:34:32.900,4848.8000,22814,0,229635440.000,1,0,1,多换,S,4848.6000,4847.2000,4845.0000,4844.6000,4844.0000,4850.2000,4850.4000,4850.6000,4852.6000,4854.4000,1,1,2,3,1,1,1,1,1,5
SF,IC2006,2019-12-10 09:34:34.400,4850.2000,22815,1,230605480.000,1,1,0,双开,S,4848.6000,4848.4000,4845.0000,4844.6000,4844.0000,4850.4000,4850.6000,4852.6000,4854.4000,4854.6000,1,1,2,3,1,1,1,1,5,2
SF,IC2006,2019-12-10 09:34:34.900,4850.2000,22815,0,230605480.000,0,-,-,-,-,4848.6000,4848.4000,4845.0000,4844.6000,4844.0000,4850.2000,4850.4000,4850.6000,4852.6000,4854.4000,1,1,2,3,1,1,1,1,1,5
SF,IC2006,2019-12-10 09:34:36.400,4850.2000,22815,0,230605480.000,0,-,-,-,-,4848.6000,4848.4000,4845.0000,4844.6000,4844.0000,4850.2000,4850.4000,4850.6000,4852.6000,4854.4000,1,1,2,3,1,1,1,1,1,5
SF,IC2006,2019-12-10 09:34:36.900,4850.2000,22815,0,231575520.000,1,0,1,多换,S,4848.6000,4848.4000,4845.0000,4844.6000,4844.0000,4850.4000,4850.6000,4852.6000,4854.4000,4854.6000,1,1,2,3,1,1,1,1,5,2
SF,IC2006,2019-12-10 09:34:37.400,4850.2000,22815,0,231575520.000,0,-,-,-,-,4848.6000,4848.4000,4847.6000,4845.0000,4844.6000,4850.2000,4850.4000,4850.6000,4852.6000,4854.4000,1,1,1,2,3,1,1,1,1,5
SF,IC2006,2019-12-10 09:34:37.900,4850.2000,22815,0,231575520.000,0,-,-,-,-,4848.6000,4848.4000,4847.6000,4845.0000,4844.6000,4850.0000,4850.2000,4850.4000,4850.6000,4852.6000,1,1,1,2,3,1,1,1,1,1
SF,IC2006,2019-12-10 09:34:38.400,4850.2000,22815,0,231575520.000,0,-,-,-,-,4848.8000,4848.6000,4848.4000,4847.6000,4845.0000,4850.0000,4850.2000,4850.4000,4850.6000,4852.6000,1,1,1,1,2,1,1,1,1,1
SF,IC2006,2019-12-10 09:34:38.900,4850.2000,22815,0,231575520.000,0,-,-,-,-,4849.0000,4848.8000,4848.4000,4847.6000,4845.0000,4850.0000,4850.2000,4850.4000,4850.6000,4852.6000,1,2,1,1,2,1,1,1,1,1
SF,IC2006,2019-12-10 09:34:39.900,4850.2000,22815,0,231575520.000,0,-,-,-,-,4849.0000,4848.8000,4848.4000,4847.6000,4845.0000,4849.8000,4850.0000,4850.2000,4850.4000,4850.6000,1,1,1,1,2,1,1,1,1,1
SF,IC2006,2019-12-10 09:34:40.400,4849.0000,22815,0,232545320.000,1,0,1,多换,S,4848.8000,4848.4000,4847.6000,4845.0000,4844.6000,4849.8000,4850.0000,4850.2000,4850.4000,4850.6000,1,1,1,2,3,1,1,1,1,1
SF,IC2006,2019-12-10 09:34:43.900,4848.8000,22814,-1,233515080.000,1,0,1,双平,S,4848.4000,4847.6000,4845.0000,4844.6000,4844.0000,4849.8000,4850.0000,4850.2000,4850.4000,4850.6000,1,1,2,3,1,1,1,1,1,1
SF,IC2006,2019-12-10 09:34:44.400,4847.6000,22814,0,234484600.000,1,0,1,多换,S,4847.0000,4845.0000,4844.6000,4844.0000,4843.6000,4849.6000,4849.8000,4850.0000,4850.2000,4850.4000,1,2,3,1,2,1,2,1,1,1
SF,IC2006,2019-12-10 09:34:44.900,4847.6000,22814,0,234484600.000,0,-,-,-,-,4847.2000,4847.0000,4845.0000,4844.6000,4844.0000,4849.4000,4849.6000,4849.8000,4850.0000,4850.2000,1,1,2,3,1,1,1,2,1,1
SF,IC2006,2019-12-10 09:34:45.400,4847.6000,22814,0,234484600.000,0,-,-,-,-,4847.2000,4847.0000,4845.0000,4844.6000,4844.0000,4849.2000,4849.4000,4849.8000,4850.0000,4850.2000,1,1,2,3,1,1,2,2,1,1
SF,IC2006,2019-12-10 09:34:45.900,4847.6000,22814,0,234484600.000,0,-,-,-,-,4847.2000,4847.0000,4845.0000,4844.6000,4844.0000,4849.2000,4849.4000,4849.8000,4850.0000,4850.2000,1,1,2,3,1,1,2,2,1,1
SF,IC2006,2019-12-10 09:34:46.400,4847.6000,22814,0,234484600.000,0,-,-,-,-,4847.2000,4847.0000,4845.0000,4844.6000,4844.0000,4849.0000,4849.2000,4849.4000,4849.8000,4850.0000,1,1,2,3,1,1,1,2,2,1
SF,IC2006,2019-12-10 09:34:46.900,4847.6000,22814,0,234484600.000,0,-,-,-,-,4847.2000,4847.0000,4845.0000,4844.6000,4844.0000,4848.8000,4849.0000,4849.4000,4849.8000,4850.0000,1,1,2,3,1,1,1,2,3,1
SF,IC2006,2019-12-10 09:34:49.400,4848.8000,22814,0,235454360.000,1,0,1,多换,S,4847.2000,4847.0000,4845.0000,4844.6000,4844.0000,4849.0000,4849.4000,4849.8000,4850.0000,4850.2000,1,1,2,3,1,1,1,3,1,1
SF,IC2006,2019-12-10 09:34:49.900,4848.8000,22814,0,235454360.000,0,-,-,-,-,4847.4000,4847.2000,4847.0000,4845.0000,4844.6000,4849.0000,4849.4000,4849.8000,4850.0000,4850.4000,1,1,1,2,3,1,1,2,1,1
SF,IC2006,2019-12-10 09:34:50.400,4848.8000,22814,0,235454360.000,0,-,-,-,-,4847.6000,4847.4000,4847.0000,4845.0000,4844.6000,4849.0000,4849.4000,4849.8000,4850.0000,4850.4000,1,1,1,2,3,1,1,1,1,1
SF,IC2006,2019-12-10 09:34:50.900,4848.8000,22814,0,235454360.000,0,-,-,-,-,4847.6000,4847.4000,4847.0000,4845.0000,4844.6000,4849.0000,4849.8000,4850.0000,4850.4000,4852.6000,1,1,1,2,3,1,1,1,1,1
SF,IC2006,2019-12-10 09:34:51.400,4848.8000,22814,0,235454360.000,0,-,-,-,-,4847.8000,4847.6000,4847.0000,4845.0000,4844.6000,4849.8000,4850.0000,4850.4000,4852.6000,4854.4000,1,1,1,2,3,1,1,1,1,5
SF,IC2006,2019-12-10 09:34:51.900,4848.8000,22814,0,235454360.000,0,-,-,-,-,4848.0000,4847.8000,4847.0000,4845.0000,4844.6000,4849.6000,4849.8000,4850.0000,4850.4000,4852.6000,1,1,1,2,3,1,1,1,1,1
SF,IC2006,2019-12-10 09:34:52.400,4848.8000,22814,0,235454360.000,0,-,-,-,-,4848.0000,4847.0000,4845.0000,4844.6000,4844.0000,4849.6000,4849.8000,4850.0000,4850.4000,4852.6000,1,1,2,3,1,1,1,1,1,1
SF,IC2006,2019-12-10 09:34:54.400,4848.8000,22814,0,235454360.000,0,-,-,-,-,4848.0000,4847.0000,4845.0000,4844.6000,4844.0000,4849.6000,4849.8000,4850.0000,4850.4000,4852.6000,1,1,2,3,1,1,1,1,1,1
SF,IC2006,2019-12-10 09:35:00.900,4848.8000,22814,0,235454360.000,0,-,-,-,-,4848.0000,4847.0000,4845.0000,4844.6000,4844.0000,4849.6000,4849.8000,4850.0000,4850.4000,4852.6000,3,1,2,3,1,1,1,1,1,1
SF,IC2006,2019-12-10 09:35:02.400,4848.0000,22814,0,236423960.000,1,0,1,多换,S,4848.0000,4847.0000,4845.0000,4844.6000,4844.0000,4849.6000,4849.8000,4850.0000,4850.4000,4852.6000,2,1,2,3,1,1,1,1,1,1
SF,IC2006,2019-12-10 09:35:02.900,4848.0000,22814,0,236423960.000,0,-,-,-,-,4848.0000,4847.0000,4845.0000,4844.6000,4844.0000,4849.4000,4849.6000,4849.8000,4850.0000,4850.4000,2,1,2,3,1,1,1,1,1,1
SF,IC2006,2019-12-10 09:35:03.400,4848.0000,22815,1,237393560.000,1,1,0,双开,S,4848.0000,4847.0000,4845.0000,4844.6000,4844.0000,4849.4000,4849.6000,4849.8000,4850.0000,4850.4000,2,1,2,3,1,2,1,1,1,1
SF,IC2006,2019-12-10 09:35:03.900,4848.0000,22815,0,238363160.000,1,0,1,多换,S,4848.2000,4848.0000,4847.0000,4845.0000,4844.6000,4849.4000,4849.6000,4849.8000,4850.0000,4850.4000,1,1,1,2,3,2,1,1,1,1
SF,IC2006,2019-12-10 09:35:04.400,4848.0000,22815,0,239332760.000,1,0,1,多换,S,4848.0000,4847.0000,4845.0000,4844.6000,4844.0000,4849.4000,4849.6000,4849.8000,4850.0000,4850.4000,1,1,2,3,1,2,1,1,1,1
SF,IC2006,2019-12-10 09:35:04.900,4848.0000,22815,0,240302360.000,1,0,1,多换,S,4847.0000,4845.0000,4844.6000,4844.0000,4843.6000,4849.4000,4849.6000,4849.8000,4850.0000,4850.4000,1,2,3,1,2,2,1,1,1,1
SF,IC2006,2019-12-10 09:35:05.400,4847.0000,22815,0,241271760.000,1,0,1,多换,S,4845.0000,4844.6000,4844.0000,4843.6000,4840.2000,4849.4000,4849.6000,4849.8000,4850.0000,4850.4000,2,3,1,2,1,2,1,1,1,1
SF,IC2006,2019-12-10 09:35:05.900,4847.0000,22815,0,241271760.000,0,-,-,-,-,4845.2000,4845.0000,4844.6000,4844.0000,4843.6000,4849.4000,4849.6000,4849.8000,4850.0000,4850.4000,1,2,3,1,2,2,1,1,1,1
SF,IC2006,2019-12-10 09:35:06.400,4847.0000,22815,0,241271760.000,0,-,-,-,-,4845.2000,4845.0000,4844.6000,4844.0000,4843.6000,4849.0000,4849.4000,4849.6000,4849.8000,4850.0000,1,2,3,1,2,1,2,1,1,1
SF,IC2006,2019-12-10 09:35:06.900,4847.0000,22815,0,241271760.000,0,-,-,-,-,4845.2000,4845.0000,4844.6000,4844.0000,4843.6000,4848.8000,4849.0000,4849.4000,4849.6000,4849.8000,1,2,3,1,2,2,2,1,1,1
SF,IC2006,2019-12-10 09:35:07.400,4847.0000,22815,0,241271760.000,0,-,-,-,-,4845.2000,4845.0000,4844.6000,4844.0000,4843.6000,4847.0000,4848.8000,4849.0000,4849.4000,4849.6000,1,2,3,1,2,1,2,2,1,1
SF,IC2006,2019-12-10 09:35:07.900,4847.0000,22815,0,241271760.000,0,-,-,-,-,4845.2000,4845.0000,4844.6000,4844.0000,4843.6000,4846.8000,4847.0000,4848.6000,4848.8000,4849.0000,1,2,3,1,2,2,1,1,1,2
SF,IC2006,2019-12-10 09:35:08.400,4847.0000,22815,0,241271760.000,0,-,-,-,-,4845.2000,4845.0000,4844.6000,4844.0000,4843.6000,4846.8000,4847.0000,4848.6000,4848.8000,4849.0000,1,2,3,1,2,2,1,1,1,1
SF,IC2006,2019-12-10 09:35:08.900,4847.0000,22815,0,241271760.000,0,-,-,-,-,4845.0000,4844.6000,4844.0000,4843.6000,4840.2000,4846.8000,4847.0000,4848.6000,4848.8000,4849.0000,2,3,1,2,1,2,1,1,1,1
SF,IC2006,2019-12-10 09:35:09.400,4845.0000,22816,1,242240760.000,1,1,0,双开,S,4845.0000,4844.6000,4844.0000,4843.6000,4840.2000,4846.8000,4847.0000,4848.6000,4848.8000,4849.0000,1,3,1,2,1,2,1,1,1,1
SF,IC2006,2019-12-10 09:35:09.900,4845.0000,22816,0,242240760.000,0,-,-,-,-,4845.2000,4845.0000,4844.6000,4844.0000,4843.6000,4846.8000,4847.0000,4848.6000,4848.8000,4849.0000,2,1,3,1,2,1,1,1,1,1
SF,IC2006,2019-12-10 09:35:10.400,4845.4000,22815,-1,245148600.000,3,1,2,多平,S,4845.2000,4845.0000,4844.6000,4844.0000,4843.6000,4848.6000,4849.0000,4849.8000,4850.0000,4850.4000,2,1,3,1,2,1,1,1,1,1
