市场代码,合约代码,时间,最新,持仓,增仓,成交额,成交量,开仓,平仓,成交类型,方向,买一价,买二价,买三价,买四价,买五价,卖一价,卖二价,卖三价,卖四价,卖五价,买一量,买二量,买三量,买四量,买五量,卖一量,卖二量,卖三量,卖四量,卖五量
SF,IC2007,2020-05-20 09:29:00.100,5382.8000,1850,0,0.000,0.000,-,-,-,-,5375.0000,5373.0000,5372.2000,5370.2000,5369.0000,5394.4000,5397.2000,5404.2000,5404.4000,5407.0000,1,1,1,3,1,1,1,1,1,5
SF,IC2007,2020-05-20 09:30:00.100,5382.8000,1850,0,0.000,0,-,-,-,-,5375.2000,5375.0000,5373.0000,5372.2000,5370.2000,5382.0000,5390.0000,5391.8000,5392.0000,5392.8000,1,1,1,1,3,1,1,1,2,2
SF,IC2007,2020-05-20 09:30:00.600,5382.8000,1850,0,0.000,0,-,-,-,-,5376.6000,5375.4000,5375.2000,5375.0000,5372.2000,5382.0000,5390.0000,5392.0000,5392.8000,5394.4000,1,1,2,1,1,1,1,2,2,1
SF,IC2007,2020-05-20 09:30:01.100,5382.8000,1850,0,0.000,0,-,-,-,-,5376.8000,5376.6000,5375.2000,5375.0000,5372.2000,5382.0000,5392.0000,5392.8000,5394.0000,5394.4000,2,1,1,1,1,1,2,2,5,1
SF,IC2007,2020-05-20 09:30:01.600,5382.8000,1850,0,0.000,0,-,-,-,-,5377.0000,5376.8000,5376.6000,5375.0000,5372.2000,5382.0000,5392.0000,5392.8000,5394.0000,5394.4000,1,3,1,1,1,1,2,2,5,1
SF,IC2007,2020-05-20 09:30:02.100,5382.2000,1850,0,1076440.000,1,0,1,多换,S,5377.2000,5377.0000,5376.6000,5375.0000,5372.2000,5392.0000,5392.8000,5394.0000,5394.4000,5397.2000,3,2,1,1,1,2,2,5,1,1
SF,IC2007,2020-05-20 09:30:02.600,5382.2000,1850,0,1076440.000,0,-,-,-,-,5377.2000,5376.6000,5372.2000,5370.8000,5370.2000,5388.2000,5391.8000,5392.0000,5392.8000,5394.0000,4,1,1,5,3,1,5,2,2,5
SF,IC2007,2020-05-20 09:30:03.100,5382.2000,1850,0,1076440.000,0,-,-,-,-,5380.2000,5377.6000,5377.2000,5376.6000,5372.2000,5385.8000,5388.0000,5388.2000,5391.8000,5392.0000,1,1,4,1,1,2,4,1,3,2
SF,IC2007,2020-05-20 09:30:03.600,5385.8000,1850,0,2153600.000,1,0,1,多换,S,5380.4000,5380.2000,5377.6000,5377.2000,5376.6000,5385.6000,5388.0000,5388.2000,5391.8000,5392.0000,3,1,1,1,1,1,3,1,3,2
SF,IC2007,2020-05-20 09:30:04.100,5385.8000,1850,0,2153600.000,0,-,-,-,-,5380.4000,5380.2000,5377.6000,5377.2000,5376.6000,5385.4000,5385.6000,5388.0000,5388.2000,5391.8000,3,1,1,1,1,1,1,3,1,3
SF,IC2007,2020-05-20 09:30:04.600,5385.8000,1850,0,2153600.000,0,-,-,-,-,5380.4000,5380.2000,5377.6000,5377.2000,5376.6000,5385.2000,5385.4000,5388.0000,5388.2000,5391.8000,3,1,1,1,1,1,1,3,1,3
SF,IC2007,2020-05-20 09:30:05.600,5385.8000,1850,0,2153600.000,0,-,-,-,-,5380.4000,5380.2000,5377.6000,5377.2000,5376.6000,5385.2000,5385.4000,5388.0000,5388.2000,5391.8000,3,1,1,1,1,1,1,3,1,3
SF,IC2007,2020-05-20 09:30:06.100,5385.8000,1850,0,2153600.000,0,-,-,-,-,5380.4000,5380.2000,5377.6000,5377.2000,5376.6000,5385.2000,5385.4000,5388.0000,5388.2000,5391.8000,3,1,1,1,1,1,1,3,1,3
SF,IC2007,2020-05-20 09:30:06.600,5385.8000,1850,0,2153600.000,0,-,-,-,-,5380.4000,5380.2000,5377.2000,5376.6000,5372.2000,5385.2000,5385.4000,5388.0000,5388.2000,5391.8000,3,1,1,1,1,1,1,3,1,3
SF,IC2007,2020-05-20 09:30:07.100,5385.8000,1850,0,2153600.000,0,-,-,-,-,5380.4000,5380.2000,5377.2000,5376.6000,5372.2000,5385.2000,5385.4000,5388.0000,5388.2000,5391.8000,3,1,1,1,1,1,1,3,1,3
SF,IC2007,2020-05-20 09:30:10.100,5385.8000,1850,0,2153600.000,0,-,-,-,-,5380.4000,5380.2000,5377.2000,5376.6000,5372.2000,5385.0000,5385.2000,5385.4000,5388.0000,5388.2000,3,1,1,1,1,2,1,1,3,1
SF,IC2007,2020-05-20 09:30:10.600,5385.8000,1850,0,2153600.000,0,-,-,-,-,5380.4000,5380.2000,5377.2000,5376.6000,5372.2000,5384.8000,5385.4000,5388.0000,5388.2000,5391.8000,2,1,1,1,1,2,1,3,1,3
SF,IC2007,2020-05-20 09:30:12.600,5385.8000,1850,0,2153600.000,0,-,-,-,-,5380.4000,5380.2000,5377.2000,5376.6000,5372.2000,5384.4000,5384.6000,5384.8000,5388.0000,5388.2000,2,1,1,1,1,1,2,2,3,1
SF,IC2007,2020-05-20 09:30:13.100,5385.8000,1850,0,2153600.000,0,-,-,-,-,5380.4000,5380.2000,5377.2000,5376.6000,5372.2000,5384.2000,5384.4000,5388.0000,5388.2000,5391.8000,2,1,1,1,1,2,1,3,1,3
SF,IC2007,2020-05-20 09:30:13.600,5385.8000,1850,0,2153600.000,0,-,-,-,-,5380.4000,5380.2000,5377.2000,5376.6000,5372.2000,5384.2000,5384.4000,5388.0000,5388.2000,5391.8000,2,1,1,1,1,1,1,3,1,3
SF,IC2007,2020-05-20 09:30:15.100,5385.8000,1850,0,2153600.000,0,-,-,-,-,5382.4000,5380.4000,5380.2000,5377.2000,5376.6000,5384.2000,5384.4000,5388.0000,5388.2000,5391.8000,1,2,1,1,1,1,1,3,1,3
SF,IC2007,2020-05-20 09:30:15.600,5382.4000,1849,-1,3230080.000,1,0,1,双平,S,5380.4000,5380.2000,5377.2000,5376.6000,5372.2000,5384.4000,5388.0000,5388.2000,5391.8000,5392.0000,2,1,1,1,1,1,3,1,3,2
SF,IC2007,2020-05-20 09:30:16.100,5382.4000,1849,0,3230080.000,0,-,-,-,-,5382.6000,5380.4000,5380.2000,5377.2000,5376.6000,5384.2000,5388.0000,5388.2000,5391.8000,5392.0000,1,2,1,1,1,1,3,1,3,2
SF,IC2007,2020-05-20 09:30:16.600,5382.4000,1849,0,3230080.000,0,-,-,-,-,5380.4000,5380.2000,5377.2000,5376.6000,5372.2000,5388.0000,5388.2000,5391.8000,5392.0000,5392.8000,2,1,1,1,1,3,1,3,2,5
SF,IC2007,2020-05-20 09:30:17.100,5382.4000,1849,0,3230080.000,0,-,-,-,-,5382.2000,5380.4000,5380.2000,5377.2000,5376.6000,5382.6000,5385.0000,5386.4000,5386.6000,5387.8000,1,2,1,1,1,1,1,1,1,4
SF,IC2007,2020-05-20 09:30:17.600,5382.2000,1849,0,4306520.000,1,0,1,多换,S,5380.4000,5380.2000,5377.2000,5376.6000,5372.2000,5382.0000,5387.8000,5388.0000,5388.2000,5391.8000,2,1,1,1,1,1,3,3,1,3
SF,IC2007,2020-05-20 09:30:18.100,5382.2000,1849,0,4306520.000,0,-,-,-,-,5380.4000,5380.2000,5377.2000,5376.6000,5372.2000,5387.8000,5388.0000,5388.2000,5391.8000,5392.0000,1,1,1,1,1,3,3,1,3,2
SF,IC2007,2020-05-20 09:30:18.600,5382.2000,1849,0,4306520.000,0,-,-,-,-,5380.2000,5376.6000,5372.2000,5370.8000,5370.2000,5382.2000,5383.4000,5384.8000,5385.0000,5387.6000,1,1,1,5,3,1,1,1,1,2
SF,IC2007,2020-05-20 09:30:19.100,5382.2000,1849,0,4306520.000,0,-,-,-,-,5380.2000,5376.6000,5372.2000,5370.8000,5370.2000,5382.0000,5383.4000,5384.8000,5385.0000,5387.8000,1,1,1,5,3,1,1,1,1,2
SF,IC2007,2020-05-20 09:30:19.600,5380.2000,1850,1,5382560.000,1,1,0,双开,S,5376.6000,5372.2000,5370.8000,5370.2000,5368.2000,5383.4000,5384.8000,5385.0000,5387.8000,5388.0000,1,1,5,3,1,1,1,1,2,3
SF,IC2007,2020-05-20 09:30:20.100,5380.2000,1850,0,5382560.000,0,-,-,-,-,5377.2000,5377.0000,5376.8000,5376.6000,5372.2000,5383.2000,5387.8000,5388.0000,5388.2000,5391.8000,1,1,1,1,1,3,1,3,1,3
SF,IC2007,2020-05-20 09:30:20.600,5380.2000,1850,0,5382560.000,0,-,-,-,-,5377.4000,5377.2000,5377.0000,5376.6000,5372.2000,5383.2000,5387.8000,5388.0000,5388.2000,5391.8000,1,1,1,1,1,2,1,3,1,3
SF,IC2007,2020-05-20 09:30:25.100,5380.2000,1850,0,5382560.000,0,-,-,-,-,5377.4000,5377.2000,5377.0000,5376.6000,5372.2000,5383.2000,5387.8000,5388.0000,5388.2000,5391.8000,1,2,1,1,1,2,1,3,1,3
SF,IC2007,2020-05-20 09:30:25.600,5380.2000,1850,0,5382560.000,0,-,-,-,-,5378.0000,5377.8000,5377.6000,5377.4000,5377.2000,5383.2000,5387.8000,5388.0000,5388.2000,5391.8000,2,1,1,1,1,1,1,3,1,3
SF,IC2007,2020-05-20 09:30:26.100,5380.2000,1850,0,5382560.000,0,-,-,-,-,5378.2000,5378.0000,5377.8000,5377.2000,5376.6000,5383.2000,5387.8000,5388.0000,5388.2000,5391.8000,2,2,1,1,1,1,1,3,1,3
SF,IC2007,2020-05-20 09:30:26.600,5380.2000,1850,0,5382560.000,0,-,-,-,-,5378.6000,5378.2000,5378.0000,5377.8000,5377.2000,5387.8000,5388.0000,5388.2000,5391.8000,5392.0000,1,2,2,1,1,1,3,1,3,2
SF,IC2007,2020-05-20 09:30:27.100,5380.2000,1850,0,5382560.000,0,-,-,-,-,5378.8000,5378.6000,5377.2000,5376.6000,5372.2000,5383.8000,5385.2000,5385.4000,5387.6000,5387.8000,2,1,1,1,1,1,1,1,3,1
SF,IC2007,2020-05-20 09:30:27.600,5380.2000,1850,0,5382560.000,0,-,-,-,-,5378.8000,5378.6000,5377.2000,5376.6000,5372.2000,5383.6000,5383.8000,5385.2000,5385.4000,5387.8000,2,1,1,1,1,1,1,1,1,1
SF,IC2007,2020-05-20 09:30:28.100,5380.2000,1850,0,5382560.000,0,-,-,-,-,5378.8000,5378.6000,5377.2000,5376.6000,5372.2000,5383.6000,5383.8000,5385.2000,5385.4000,5387.8000,2,1,1,1,1,1,1,1,1,1
SF,IC2007,2020-05-20 09:30:28.600,5380.2000,1850,0,5382560.000,0,-,-,-,-,5378.8000,5378.6000,5377.2000,5376.6000,5372.2000,5383.6000,5383.8000,5385.2000,5385.4000,5387.8000,2,1,1,1,1,1,1,1,1,1
SF,IC2007,2020-05-20 09:30:29.100,5380.2000,1850,0,5382560.000,0,-,-,-,-,5378.8000,5378.6000,5377.2000,5376.6000,5372.2000,5383.6000,5383.8000,5385.2000,5385.4000,5387.8000,2,1,1,1,1,1,1,1,1,1
SF,IC2007,2020-05-20 09:30:29.600,5380.2000,1850,0,5382560.000,0,-,-,-,-,5378.8000,5378.6000,5377.2000,5376.6000,5372.2000,5383.6000,5383.8000,5385.2000,5385.4000,5387.8000,2,1,1,1,1,1,1,1,1,1
SF,IC2007,2020-05-20 09:30:30.100,5380.2000,1850,0,5382560.000,0,-,-,-,-,5378.8000,5377.2000,5376.6000,5372.2000,5370.8000,5383.6000,5383.8000,5385.2000,5385.4000,5387.8000,2,1,1,1,5,1,1,1,1,1
SF,IC2007,2020-05-20 09:30:30.600,5380.2000,1850,0,5382560.000,0,-,-,-,-,5378.8000,5377.2000,5376.6000,5372.2000,5370.8000,5383.4000,5383.6000,5385.2000,5385.4000,5387.8000,2,1,1,1,5,1,1,1,1,1
SF,IC2007,2020-05-20 09:30:31.100,5380.2000,1850,0,5382560.000,0,-,-,-,-,5378.8000,5377.2000,5376.6000,5372.2000,5370.8000,5383.2000,5385.2000,5385.4000,5387.8000,5388.0000,2,1,1,1,5,2,1,1,1,3
SF,IC2007,2020-05-20 09:30:31.600,5380.2000,1850,0,5382560.000,0,-,-,-,-,5378.8000,5377.2000,5376.6000,5372.2000,5370.8000,5383.0000,5383.2000,5385.2000,5385.4000,5387.8000,2,1,1,1,5,1,2,1,1,1
SF,IC2007,2020-05-20 09:30:32.100,5380.2000,1850,0,5382560.000,0,-,-,-,-,5378.8000,5377.2000,5376.6000,5372.2000,5370.8000,5382.8000,5383.0000,5383.2000,5385.2000,5385.4000,2,1,1,1,5,1,1,1,1,1
SF,IC2007,2020-05-20 09:30:32.600,5380.2000,1850,0,5382560.000,0,-,-,-,-,5378.8000,5377.2000,5376.6000,5372.2000,5370.8000,5382.8000,5383.0000,5383.2000,5385.2000,5385.4000,2,1,1,1,5,1,1,1,1,1
SF,IC2007,2020-05-20 09:30:33.100,5380.2000,1850,0,5382560.000,0,-,-,-,-,5378.8000,5377.2000,5376.6000,5372.2000,5370.8000,5382.6000,5382.8000,5383.0000,5383.2000,5385.2000,1,1,1,1,5,1,1,1,1,1
SF,IC2007,2020-05-20 09:30:33.600,5380.2000,1850,0,5382560.000,0,-,-,-,-,5377.2000,5376.6000,5372.2000,5370.8000,5370.2000,5382.4000,5382.6000,5383.0000,5385.2000,5385.4000,1,1,1,5,3,2,1,1,1,1
SF,IC2007,2020-05-20 09:30:34.100,5380.2000,1850,0,5382560.000,0,-,-,-,-,5377.4000,5377.2000,5376.6000,5372.2000,5370.8000,5382.2000,5382.4000,5383.0000,5385.2000,5385.4000,1,1,1,1,5,1,2,1,1,1
SF,IC2007,2020-05-20 09:30:34.600,5380.2000,1850,0,5382560.000,0,-,-,-,-,5377.4000,5377.2000,5376.6000,5372.2000,5370.8000,5382.0000,5382.2000,5382.4000,5383.0000,5385.2000,1,1,1,1,5,1,1,1,1,1
SF,IC2007,2020-05-20 09:30:35.100,5380.2000,1850,0,5382560.000,0,-,-,-,-,5377.4000,5377.2000,5372.2000,5370.8000,5370.2000,5381.8000,5382.0000,5382.4000,5383.0000,5385.2000,1,1,1,5,3,1,1,1,1,1
SF,IC2007,2020-05-20 09:30:35.600,5380.2000,1850,0,5382560.000,0,-,-,-,-,5378.6000,5377.4000,5377.2000,5372.2000,5370.8000,5381.6000,5381.8000,5382.4000,5383.0000,5385.2000,1,1,1,1,5,1,1,1,1,1
SF,IC2007,2020-05-20 09:30:36.100,5380.2000,1850,0,5382560.000,0,-,-,-,-,5378.6000,5377.4000,5377.2000,5372.2000,5370.8000,5381.6000,5381.8000,5385.2000,5385.4000,5387.8000,1,1,1,1,5,1,1,1,1,1
SF,IC2007,2020-05-20 09:30:36.600,5380.2000,1850,0,5382560.000,0,-,-,-,-,5378.6000,5377.4000,5377.2000,5372.2000,5370.8000,5381.6000,5381.8000,5385.2000,5385.4000,5387.8000,1,1,1,1,5,1,1,1,1,1
SF,IC2007,2020-05-20 09:30:37.100,5378.6000,1850,0,6458280.000,1,0,1,多换,S,5377.4000,5377.2000,5372.2000,5370.8000,5370.2000,5381.4000,5381.6000,5381.8000,5385.2000,5385.4000,1,1,1,5,3,2,1,1,1,1
SF,IC2007,2020-05-20 09:30:37.600,5378.6000,1850,0,6458280.000,0,-,-,-,-,5378.4000,5377.2000,5372.2000,5370.8000,5370.2000,5381.2000,5381.4000,5385.2000,5385.4000,5387.8000,1,1,1,5,3,3,1,1,1,1
SF,IC2007,2020-05-20 09:30:38.100,5378.6000,1850,0,6458280.000,0,-,-,-,-,5378.4000,5377.2000,5372.2000,5370.8000,5370.2000,5381.0000,5381.2000,5381.4000,5385.2000,5385.4000,1,1,1,5,3,1,3,1,1,1
SF,IC2007,2020-05-20 09:30:38.600,5378.4000,1851,1,7533960.000,1,1,0,双开,S,5377.2000,5372.2000,5370.8000,5370.2000,5368.2000,5380.6000,5380.8000,5381.0000,5381.2000,5381.4000,1,1,5,3,1,1,1,1,2,1
SF,IC2007,2020-05-20 09:30:39.100,5378.4000,1851,0,7533960.000,0,-,-,-,-,5377.2000,5372.2000,5370.8000,5370.2000,5368.2000,5380.4000,5380.6000,5381.4000,5385.2000,5385.4000,1,1,5,3,1,2,1,1,1,1
SF,IC2007,2020-05-20 09:30:39.600,5378.4000,1851,0,7533960.000,0,-,-,-,-,5377.2000,5372.2000,5370.8000,5370.2000,5368.2000,5380.4000,5380.6000,5381.4000,5385.2000,5385.4000,1,1,5,3,1,2,1,1,1,1
SF,IC2007,2020-05-20 09:30:40.100,5380.4000,1850,-1,8610040.000,1,0,1,双平,S,5377.4000,5377.2000,5372.2000,5370.8000,5370.2000,5380.4000,5381.4000,5385.2000,5385.4000,5387.8000,1,1,1,5,3,1,1,1,1,1
SF,IC2007,2020-05-20 09:30:40.600,5380.4000,1850,0,9686120.000,1,0,1,多换,S,5377.6000,5377.4000,5377.2000,5372.2000,5370.8000,5385.2000,5385.4000,5387.8000,5388.0000,5391.8000,1,1,1,1,5,1,1,1,3,3
SF,IC2007,2020-05-20 09:30:41.100,5380.4000,1850,0,9686120.000,0,-,-,-,-,5377.8000,5377.6000,5377.2000,5372.2000,5370.8000,5382.6000,5383.8000,5384.2000,5385.0000,5387.8000,1,1,1,1,5,1,1,1,3,1
SF,IC2007,2020-05-20 09:30:41.600,5380.4000,1850,0,9686120.000,0,-,-,-,-,5378.0000,5377.8000,5377.2000,5372.2000,5370.8000,5384.2000,5385.0000,5387.8000,5388.0000,5391.8000,1,1,1,1,5,1,1,1,3,3
SF,IC2007,2020-05-20 09:30:42.100,5380.4000,1850,0,9686120.000,0,-,-,-,-,5378.2000,5378.0000,5377.2000,5372.2000,5370.8000,5383.6000,5384.0000,5385.0000,5387.8000,5388.0000,1,1,1,1,5,1,4,1,1,3
SF,IC2007,2020-05-20 09:30:42.600,5380.4000,1850,0,9686120.000,0,-,-,-,-,5378.4000,5378.2000,5377.2000,5372.2000,5370.8000,5382.8000,5383.2000,5384.0000,5385.0000,5387.8000,1,1,1,1,5,1,1,3,1,1
SF,IC2007,2020-05-20 09:30:43.100,5380.4000,1850,0,9686120.000,0,-,-,-,-,5378.6000,5378.4000,5377.2000,5372.2000,5370.8000,5382.6000,5382.8000,5383.2000,5384.0000,5385.0000,1,1,1,1,5,4,1,1,3,1
SF,IC2007,2020-05-20 09:30:43.600,5380.4000,1850,0,9686120.000,0,-,-,-,-,5378.8000,5378.6000,5377.2000,5372.2000,5370.8000,5381.8000,5382.6000,5382.8000,5384.0000,5385.0000,1,1,1,1,5,1,4,1,3,1
SF,IC2007,2020-05-20 09:30:44.100,5380.4000,1850,0,9686120.000,0,-,-,-,-,5378.8000,5378.6000,5377.2000,5372.2000,5370.8000,5381.8000,5382.6000,5382.8000,5384.0000,5385.0000,1,1,1,1,5,1,3,1,3,1
SF,IC2007,2020-05-20 09:30:44.600,5380.4000,1850,0,9686120.000,0,-,-,-,-,5378.8000,5378.6000,5377.2000,5372.2000,5370.8000,5381.8000,5382.6000,5382.8000,5384.0000,5385.0000,1,1,1,1,5,1,3,1,3,1
SF,IC2007,2020-05-20 09:30:45.100,5380.4000,1850,0,9686120.000,0,-,-,-,-,5378.6000,5377.2000,5372.2000,5370.8000,5370.2000,5381.4000,5382.6000,5382.8000,5384.0000,5385.0000,1,1,1,5,3,1,3,1,3,1
SF,IC2007,2020-05-20 09:30:46.100,5380.4000,1850,0,9686120.000,0,-,-,-,-,5378.8000,5378.6000,5377.2000,5372.2000,5370.8000,5381.4000,5382.6000,5384.0000,5385.0000,5387.8000,1,1,1,1,5,1,3,3,1,1
SF,IC2007,2020-05-20 09:30:46.600,5381.4000,1849,-1,10762400.000,1,0,1,双平,S,5378.8000,5378.6000,5377.2000,5372.2000,5370.8000,5384.0000,5385.0000,5387.8000,5388.0000,5391.8000,1,1,1,1,5,3,1,1,3,3
SF,IC2007,2020-05-20 09:30:47.100,5381.4000,1849,0,10762400.000,0,-,-,-,-,5379.0000,5378.8000,5377.2000,5372.2000,5370.8000,5383.8000,5384.0000,5385.0000,5387.8000,5388.0000,1,1,1,1,5,3,3,1,1,3
SF,IC2007,2020-05-20 09:30:47.600,5381.4000,1849,0,10762400.000,0,-,-,-,-,5379.2000,5379.0000,5377.2000,5372.2000,5370.8000,5383.8000,5384.0000,5385.0000,5387.8000,5388.0000,1,1,1,1,5,3,3,1,1,3
SF,IC2007,2020-05-20 09:30:48.100,5381.4000,1849,0,10762400.000,0,-,-,-,-,5379.4000,5379.2000,5377.2000,5372.2000,5370.8000,5383.6000,5383.8000,5384.0000,5385.0000,5387.8000,1,1,1,1,5,2,3,3,1,1
SF,IC2007,2020-05-20 09:30:48.600,5381.4000,1849,0,10762400.000,0,-,-,-,-,5379.4000,5379.2000,5377.2000,5372.2000,5370.8000,5383.0000,5383.2000,5383.4000,5383.6000,5383.8000,1,1,1,1,5,1,1,5,2,1
SF,IC2007,2020-05-20 09:30:49.100,5379.4000,1849,0,11838280.000,1,0,1,多换,S,5379.2000,5377.2000,5372.2000,5370.8000,5370.2000,5382.6000,5382.8000,5383.0000,5383.2000,5383.4000,1,1,1,5,3,1,5,1,1,4
SF,IC2007,2020-05-20 09:30:49.600,5379.4000,1849,0,11838280.000,0,-,-,-,-,5377.2000,5372.2000,5370.8000,5370.2000,5368.2000,5382.2000,5382.4000,5382.6000,5382.8000,5383.4000,1,1,5,3,1,1,7,1,3,4
SF,IC2007,2020-05-20 09:30:50.100,5379.4000,1849,0,11838280.000,0,-,-,-,-,5377.4000,5377.2000,5372.2000,5370.8000,5370.2000,5381.6000,5382.0000,5382.4000,5382.6000,5382.8000,1,1,1,5,3,1,3,5,1,3
SF,IC2007,2020-05-20 09:30:50.600,5379.4000,1849,0,11838280.000,0,-,-,-,-,5377.4000,5377.2000,5372.2000,5370.8000,5370.2000,5381.4000,5381.6000,5382.0000,5382.4000,5382.6000,1,1,1,5,3,1,1,3,4,1
SF,IC2007,2020-05-20 09:30:51.100,5379.4000,1849,0,11838280.000,0,-,-,-,-,5377.4000,5377.2000,5372.2000,5370.8000,5370.2000,5381.2000,5381.4000,5382.0000,5382.4000,5382.6000,1,1,1,5,3,2,1,2,4,1
SF,IC2007,2020-05-20 09:30:51.600,5379.4000,1849,0,11838280.000,0,-,-,-,-,5377.4000,5377.2000,5372.2000,5370.8000,5370.2000,5381.0000,5382.0000,5382.4000,5382.6000,5382.8000,1,1,1,5,3,1,2,4,1,3
SF,IC2007,2020-05-20 09:30:52.100,5379.4000,1849,0,11838280.000,0,-,-,-,-,5377.4000,5377.2000,5372.2000,5370.8000,5370.2000,5381.0000,5382.0000,5382.4000,5382.6000,5382.8000,1,1,1,5,3,1,2,4,1,3
SF,IC2007,2020-05-20 09:30:52.600,5379.4000,1849,0,11838280.000,0,-,-,-,-,5377.6000,5377.4000,5377.2000,5372.2000,5370.8000,5381.0000,5382.0000,5382.4000,5382.6000,5382.8000,1,1,1,1,5,1,2,4,1,3
SF,IC2007,2020-05-20 09:30:53.100,5379.4000,1849,0,11838280.000,0,-,-,-,-,5377.8000,5377.2000,5372.2000,5370.8000,5370.2000,5381.0000,5382.0000,5382.4000,5382.6000,5382.8000,1,1,1,5,3,1,1,4,1,3
SF,IC2007,2020-05-20 09:30:53.600,5379.4000,1849,0,11838280.000,0,-,-,-,-,5377.2000,5372.2000,5370.8000,5370.2000,5368.2000,5380.8000,5381.0000,5382.0000,5382.4000,5382.6000,1,1,5,3,1,1,2,1,4,1
SF,IC2007,2020-05-20 09:30:54.100,5379.4000,1849,0,11838280.000,0,-,-,-,-,5377.4000,5377.2000,5372.2000,5370.8000,5370.2000,5380.6000,5380.8000,5381.0000,5382.0000,5382.4000,1,1,1,5,3,1,1,1,1,4
SF,IC2007,2020-05-20 09:30:54.600,5379.4000,1849,0,11838280.000,0,-,-,-,-,5377.4000,5377.2000,5372.2000,5370.8000,5370.2000,5380.6000,5380.8000,5382.0000,5382.4000,5382.8000,1,1,1,5,3,1,1,1,4,3
SF,IC2007,2020-05-20 09:30:56.100,5379.4000,1849,0,11838280.000,0,-,-,-,-,5377.2000,5372.2000,5370.8000,5370.2000,5368.2000,5380.4000,5380.6000,5380.8000,5382.0000,5382.4000,1,1,5,3,1,3,1,1,1,4
SF,IC2007,2020-05-20 09:30:56.600,5379.4000,1849,0,11838280.000,0,-,-,-,-,5377.2000,5372.2000,5370.8000,5370.2000,5368.2000,5380.2000,5380.4000,5380.8000,5382.0000,5382.4000,1,1,5,3,1,2,3,1,1,4
SF,IC2007,2020-05-20 09:30:57.100,5379.4000,1849,0,11838280.000,0,-,-,-,-,5377.2000,5372.2000,5370.8000,5370.2000,5368.2000,5380.0000,5380.2000,5380.4000,5380.8000,5382.0000,1,1,5,3,1,1,2,3,1,1
SF,IC2007,2020-05-20 09:30:57.600,5377.2000,1849,0,12913720.000,1,0,1,多换,S,5372.2000,5370.8000,5370.2000,5368.2000,5355.0000,5380.0000,5380.2000,5380.4000,5380.8000,5382.0000,1,5,3,1,1,1,2,3,1,1
SF,IC2007,2020-05-20 09:30:58.100,5377.2000,1849,0,12913720.000,0,-,-,-,-,5374.4000,5374.2000,5372.4000,5372.2000,5370.8000,5379.8000,5380.0000,5380.4000,5380.8000,5382.0000,1,2,3,2,5,2,2,3,1,1
SF,IC2007,2020-05-20 09:30:58.600,5377.2000,1849,0,12913720.000,0,-,-,-,-,5374.6000,5374.4000,5374.2000,5372.4000,5372.2000,5379.8000,5380.0000,5380.4000,5380.8000,5382.0000,1,1,2,2,2,2,2,3,1,1
SF,IC2007,2020-05-20 09:30:59.100,5377.2000,1849,0,12913720.000,0,-,-,-,-,5374.8000,5374.6000,5374.4000,5374.2000,5372.4000,5379.8000,5380.0000,5380.4000,5380.8000,5382.0000,1,1,1,2,1,2,2,3,1,1
SF,IC2007,2020-05-20 09:30:59.600,5377.2000,1849,0,12913720.000,0,-,-,-,-,5375.0000,5374.8000,5374.4000,5374.2000,5372.2000,5379.8000,5380.4000,5380.8000,5382.0000,5382.4000,1,1,1,2,2,2,3,1,1,3
SF,IC2007,2020-05-20 09:31:00.100,5377.2000,1849,0,12913720.000,0,-,-,-,-,5375.2000,5375.0000,5374.8000,5374.4000,5374.2000,5379.6000,5379.8000,5380.4000,5380.8000,5382.0000,1,2,1,1,2,1,2,2,1,1
SF,IC2007,2020-05-20 09:31:00.600,5377.2000,1849,0,12913720.000,0,-,-,-,-,5375.4000,5375.2000,5375.0000,5374.8000,5374.4000,5379.6000,5379.8000,5380.4000,5380.8000,5382.0000,1,1,1,1,1,1,1,2,1,1
SF,IC2007,2020-05-20 09:31:01.100,5377.2000,1849,0,12913720.000,0,-,-,-,-,5375.6000,5375.4000,5375.0000,5374.8000,5374.2000,5379.4000,5379.6000,5379.8000,5380.4000,5380.8000,1,1,1,1,1,1,1,1,2,1
SF,IC2007,2020-05-20 09:31:01.600,5377.2000,1849,0,12913720.000,0,-,-,-,-,5375.8000,5375.6000,5375.0000,5374.8000,5372.2000,5379.2000,5379.8000,5380.4000,5380.8000,5382.0000,1,1,1,1,2,2,1,2,1,1
SF,IC2007,2020-05-20 09:31:02.100,5377.2000,1849,0,12913720.000,0,-,-,-,-,5376.0000,5375.8000,5375.0000,5374.8000,5372.2000,5379.2000,5379.8000,5380.4000,5380.8000,5382.0000,1,1,1,1,2,2,1,2,1,1
SF,IC2007,2020-05-20 09:31:02.600,5379.2000,1848,-1,13989560.000,1,0,1,双平,S,5376.2000,5376.0000,5375.0000,5372.2000,5370.8000,5379.2000,5379.8000,5380.4000,5380.8000,5382.0000,1,1,1,2,5,1,1,2,1,1
SF,IC2007,2020-05-20 09:31:03.100,5379.2000,1848,0,13989560.000,0,-,-,-,-,5376.4000,5376.2000,5372.2000,5370.8000,5370.2000,5379.8000,5380.4000,5380.8000,5382.0000,5382.4000,1,1,2,5,3,1,2,1,1,3
SF,IC2007,2020-05-20 09:31:03.600,5379.2000,1848,0,13989560.000,0,-,-,-,-,5376.6000,5376.4000,5372.2000,5370.8000,5370.2000,5379.8000,5380.8000,5382.0000,5382.4000,5382.8000,1,1,2,5,3,1,1,1,3,3
SF,IC2007,2020-05-20 09:31:04.100,5379.2000,1848,0,13989560.000,0,-,-,-,-,5376.8000,5372.2000,5370.8000,5370.2000,5368.2000,5379.6000,5379.8000,5380.8000,5382.0000,5382.4000,1,2,5,3,1,2,1,1,1,3
SF,IC2007,2020-05-20 09:31:04.600,5376.8000,1848,0,15064920.000,1,0,1,多换,S,5372.2000,5370.8000,5370.2000,5368.2000,5355.0000,5379.6000,5379.8000,5380.8000,5382.0000,5382.4000,2,5,3,1,1,1,1,1,1,3
SF,IC2007,2020-05-20 09:31:05.100,5376.8000,1848,0,15064920.000,0,-,-,-,-,5374.8000,5374.6000,5372.4000,5372.2000,5370.8000,5379.6000,5379.8000,5380.8000,5382.0000,5382.4000,1,2,3,3,5,1,1,1,1,3
SF,IC2007,2020-05-20 09:31:05.600,5376.8000,1848,0,15064920.000,0,-,-,-,-,5375.0000,5374.8000,5374.6000,5372.2000,5370.8000,5379.6000,5379.8000,5380.8000,5382.0000,5382.4000,3,1,2,3,5,1,1,1,1,3
SF,IC2007,2020-05-20 09:31:06.100,5376.8000,1848,0,15064920.000,0,-,-,-,-,5375.0000,5374.8000,5374.6000,5372.2000,5370.8000,5379.6000,5379.8000,5380.8000,5382.0000,5382.4000,3,1,2,3,5,1,1,1,1,3
SF,IC2007,2020-05-20 09:31:06.600,5376.8000,1848,0,15064920.000,0,-,-,-,-,5375.0000,5374.8000,5374.6000,5372.2000,5370.8000,5379.8000,5380.8000,5382.0000,5382.4000,5382.8000,3,1,2,3,5,1,1,1,3,3
SF,IC2007,2020-05-20 09:31:07.100,5376.8000,1848,0,15064920.000,0,-,-,-,-,5375.2000,5375.0000,5374.8000,5374.6000,5372.2000,5379.8000,5380.8000,5382.0000,5382.4000,5382.8000,1,3,1,2,3,1,1,1,3,3
SF,IC2007,2020-05-20 09:31:07.600,5376.8000,1848,0,15064920.000,0,-,-,-,-,5375.6000,5375.4000,5375.2000,5375.0000,5374.8000,5379.8000,5380.8000,5382.0000,5382.4000,5382.8000,1,1,1,2,1,1,1,1,3,3
SF,IC2007,2020-05-20 09:31:08.100,5376.8000,1848,0,15064920.000,0,-,-,-,-,5375.8000,5375.6000,5375.2000,5375.0000,5374.8000,5382.0000,5382.4000,5382.8000,5383.4000,5383.8000,1,1,1,2,1,1,3,3,3,1
SF,IC2007,2020-05-20 09:31:08.600,5376.8000,1848,0,15064920.000,0,-,-,-,-,5375.8000,5375.6000,5375.2000,5375.0000,5374.8000,5381.8000,5382.0000,5382.4000,5382.8000,5383.4000,1,1,1,2,1,2,1,3,3,3
SF,IC2007,2020-05-20 09:31:09.100,5375.8000,1847,-1,16140080.000,1,0,1,双平,S,5376.0000,5375.6000,5375.2000,5375.0000,5374.8000,5381.6000,5381.8000,5382.0000,5382.4000,5382.8000,1,1,1,2,1,1,2,1,3,3
SF,IC2007,2020-05-20 09:31:09.600,5375.8000,1847,0,16140080.000,0,-,-,-,-,5376.0000,5375.6000,5375.2000,5375.0000,5374.8000,5381.4000,5381.6000,5381.8000,5382.0000,5382.4000,1,1,1,2,1,1,1,2,1,3
SF,IC2007,2020-05-20 09:31:10.100,5375.8000,1847,0,16140080.000,0,-,-,-,-,5376.0000,5375.8000,5375.6000,5375.0000,5374.8000,5381.2000,5381.4000,5381.8000,5382.0000,5382.4000,1,1,1,2,1,1,1,2,1,3
SF,IC2007,2020-05-20 09:31:10.600,5375.8000,1847,0,16140080.000,0,-,-,-,-,5376.4000,5376.0000,5375.8000,5375.6000,5375.0000,5381.2000,5381.4000,5381.8000,5382.0000,5382.4000,1,1,1,1,2,1,1,2,1,3
SF,IC2007,2020-05-20 09:31:11.100,5375.8000,1847,0,16140080.000,0,-,-,-,-,5376.8000,5376.6000,5376.4000,5375.8000,5375.0000,5381.2000,5381.4000,5382.4000,5382.8000,5383.4000,2,3,1,1,2,1,1,3,3,3
SF,IC2007,2020-05-20 09:31:11.600,5375.8000,1847,0,16140080.000,0,-,-,-,-,5377.0000,5376.8000,5376.6000,5376.4000,5375.8000,5382.8000,5383.4000,5383.8000,5384.0000,5385.0000,1,2,3,1,2,3,3,1,3,1
SF,IC2007,2020-05-20 09:31:12.100,5375.8000,1847,0,16140080.000,0,-,-,-,-,5377.4000,5377.2000,5377.0000,5376.8000,5376.6000,5382.6000,5383.4000,5383.8000,5384.0000,5385.0000,2,2,1,1,1,1,3,1,3,1
SF,IC2007,2020-05-20 09:31:12.600,5375.8000,1847,0,16140080.000,0,-,-,-,-,5377.6000,5377.4000,5377.2000,5376.8000,5376.6000,5382.6000,5383.4000,5383.8000,5384.0000,5385.0000,2,2,2,1,1,1,3,1,3,1
SF,IC2007,2020-05-20 09:31:13.100,5375.8000,1847,0,16140080.000,0,-,-,-,-,5377.6000,5377.4000,5377.2000,5376.8000,5376.4000,5382.6000,5383.4000,5383.8000,5384.0000,5385.0000,2,2,2,1,1,1,3,1,3,1
SF,IC2007,2020-05-20 09:31:13.600,5375.8000,1847,0,16140080.000,0,-,-,-,-,5377.8000,5377.6000,5377.4000,5377.2000,5376.8000,5382.6000,5383.4000,5383.8000,5384.0000,5385.0000,1,2,2,2,1,1,3,1,3,1
SF,IC2007,2020-05-20 09:31:14.100,5375.8000,1847,0,16140080.000,0,-,-,-,-,5378.0000,5377.8000,5377.6000,5377.4000,5377.2000,5382.6000,5383.4000,5383.8000,5384.0000,5385.0000,1,1,1,2,2,1,3,1,3,1
SF,IC2007,2020-05-20 09:31:14.600,5375.8000,1847,0,16140080.000,0,-,-,-,-,5378.4000,5378.0000,5377.8000,5377.6000,5377.4000,5382.6000,5383.4000,5383.8000,5384.0000,5385.0000,1,1,1,1,2,1,3,1,3,1
SF,IC2007,2020-05-20 09:31:15.100,5375.8000,1847,0,16140080.000,0,-,-,-,-,5378.6000,5378.4000,5377.8000,5377.6000,5377.4000,5382.4000,5382.6000,5383.4000,5383.8000,5384.0000,1,1,1,1,2,1,1,3,1,3
SF,IC2007,2020-05-20 09:31:15.600,5375.8000,1847,0,16140080.000,0,-,-,-,-,5378.8000,5378.6000,5378.4000,5377.8000,5377.6000,5382.2000,5382.4000,5383.4000,5383.8000,5384.0000,1,1,1,1,1,2,1,3,1,3
SF,IC2007,2020-05-20 09:31:16.100,5375.8000,1847,0,16140080.000,0,-,-,-,-,5379.0000,5378.8000,5378.4000,5377.8000,5377.6000,5382.0000,5382.2000,5382.4000,5383.4000,5383.8000,1,1,1,1,1,1,2,1,3,1
SF,IC2007,2020-05-20 09:31:16.600,5375.8000,1847,0,16140080.000,0,-,-,-,-,5379.2000,5379.0000,5378.4000,5377.8000,5377.6000,5381.8000,5382.0000,5382.2000,5382.4000,5383.4000,1,1,1,1,1,1,1,1,1,3
SF,IC2007,2020-05-20 09:31:17.100,5378.4000,1847,0,17215760.000,1,0,1,多换,S,5379.0000,5378.4000,5377.8000,5377.6000,5377.4000,5381.8000,5382.2000,5382.4000,5383.4000,5383.8000,1,1,1,1,2,1,1,1,3,1
SF,IC2007,2020-05-20 09:31:17.600,5378.4000,1847,0,17215760.000,0,-,-,-,-,5379.2000,5379.0000,5378.4000,5377.8000,5377.6000,5381.8000,5382.2000,5383.8000,5384.0000,5385.0000,1,1,1,1,1,1,1,1,3,1
SF,IC2007,2020-05-20 09:31:18.100,5378.4000,1847,0,17215760.000,0,-,-,-,-,5379.6000,5379.4000,5379.2000,5377.8000,5377.6000,5381.8000,5382.2000,5383.8000,5384.0000,5385.0000,1,1,1,1,1,1,1,1,3,1
SF,IC2007,2020-05-20 09:31:18.600,5378.4000,1847,0,17215760.000,0,-,-,-,-,5379.8000,5379.6000,5379.2000,5377.8000,5377.6000,5381.8000,5382.2000,5383.8000,5384.0000,5385.0000,1,1,1,1,1,1,1,1,3,1
SF,IC2007,2020-05-20 09:31:19.100,5378.4000,1847,0,17215760.000,0,-,-,-,-,5379.8000,5379.6000,5379.2000,5377.8000,5377.4000,5381.8000,5382.2000,5383.8000,5384.0000,5385.0000,1,1,1,1,2,1,1,1,3,1
SF,IC2007,2020-05-20 09:31:19.600,5378.4000,1847,0,17215760.000,0,-,-,-,-,5380.0000,5379.8000,5379.6000,5377.8000,5377.4000,5382.2000,5384.0000,5385.0000,5387.8000,5388.0000,1,1,1,1,2,1,3,1,1,3
SF,IC2007,2020-05-20 09:31:20.100,5378.4000,1847,0,17215760.000,0,-,-,-,-,5380.2000,5380.0000,5379.6000,5377.8000,5377.4000,5385.0000,5387.8000,5388.0000,5390.0000,5391.8000,1,1,1,1,2,1,1,3,1,3
SF,IC2007,2020-05-20 09:31:20.600,5378.4000,1847,0,17215760.000,0,-,-,-,-,5380.4000,5380.2000,5379.6000,5377.8000,5377.4000,5384.8000,5385.0000,5387.8000,5388.0000,5390.0000,1,1,1,1,2,5,1,1,3,1
SF,IC2007,2020-05-20 09:31:21.100,5378.4000,1847,0,17215760.000,0,-,-,-,-,5380.6000,5380.4000,5379.6000,5377.8000,5377.4000,5384.8000,5387.8000,5388.0000,5390.0000,5391.8000,1,1,1,1,2,2,1,3,1,3
SF,IC2007,2020-05-20 09:31:21.600,5378.4000,1847,0,17215760.000,0,-,-,-,-,5381.0000,5380.8000,5380.6000,5377.8000,5377.4000,5384.8000,5387.8000,5388.0000,5390.0000,5391.8000,1,1,1,1,2,2,1,3,1,3
SF,IC2007,2020-05-20 09:31:22.600,5378.4000,1847,0,17215760.000,0,-,-,-,-,5381.2000,5381.0000,5380.8000,5377.8000,5377.4000,5384.8000,5387.8000,5388.0000,5390.0000,5391.8000,1,1,1,1,2,2,1,3,1,3
SF,IC2007,2020-05-20 09:31:23.100,5378.4000,1847,0,17215760.000,0,-,-,-,-,5381.0000,5377.8000,5377.4000,5377.2000,5375.8000,5384.6000,5384.8000,5387.8000,5388.0000,5390.0000,1,1,2,2,1,2,2,1,3,1
SF,IC2007,2020-05-20 09:31:23.600,5381.0000,1847,0,18291960.000,1,0,1,多换,S,5381.0000,5377.8000,5377.4000,5377.2000,5375.8000,5384.4000,5384.6000,5387.8000,5388.0000,5390.0000,1,1,2,2,1,2,2,1,3,1
SF,IC2007,2020-05-20 09:31:24.100,5381.0000,1847,0,18291960.000,0,-,-,-,-,5381.0000,5377.8000,5377.4000,5377.2000,5375.8000,5384.2000,5384.4000,5384.6000,5387.8000,5388.0000,1,1,2,2,1,2,2,1,1,3
SF,IC2007,2020-05-20 09:31:24.600,5381.0000,1847,0,18291960.000,0,-,-,-,-,5381.0000,5377.8000,5377.4000,5377.2000,5375.8000,5384.0000,5384.2000,5384.6000,5387.8000,5388.0000,1,1,2,2,1,2,2,1,1,3
SF,IC2007,2020-05-20 09:31:25.100,5381.0000,1847,0,18291960.000,0,-,-,-,-,5381.0000,5377.8000,5377.4000,5377.2000,5375.8000,5383.8000,5384.0000,5384.2000,5384.6000,5387.8000,1,1,2,2,1,1,2,2,1,1
SF,IC2007,2020-05-20 09:31:25.600,5381.0000,1847,0,18291960.000,0,-,-,-,-,5381.0000,5377.8000,5377.4000,5377.2000,5375.8000,5383.6000,5384.2000,5384.6000,5387.8000,5388.0000,1,1,2,2,1,2,1,1,1,3
SF,IC2007,2020-05-20 09:31:26.100,5381.0000,1847,0,18291960.000,0,-,-,-,-,5381.0000,5377.8000,5377.4000,5377.2000,5375.8000,5383.6000,5384.2000,5387.8000,5388.0000,5390.0000,2,1,2,2,1,2,1,1,3,1
SF,IC2007,2020-05-20 09:31:26.600,5381.0000,1847,0,18291960.000,0,-,-,-,-,5381.2000,5381.0000,5377.8000,5377.4000,5377.2000,5383.6000,5384.2000,5387.8000,5388.0000,5390.0000,1,2,1,2,2,1,1,1,3,1
SF,IC2007,2020-05-20 09:31:31.100,5383.6000,1846,-1,19368680.000,1,0,1,双平,S,5381.4000,5381.2000,5381.0000,5377.8000,5377.4000,5384.2000,5387.8000,5388.0000,5390.0000,5391.8000,1,1,2,1,2,1,1,3,1,3
SF,IC2007,2020-05-20 09:31:31.600,5383.6000,1846,0,19368680.000,0,-,-,-,-,5381.6000,5381.4000,5381.0000,5377.8000,5377.4000,5387.8000,5388.0000,5390.0000,5391.8000,5392.0000,1,1,2,1,2,1,3,1,3,2
SF,IC2007,2020-05-20 09:31:32.100,5383.6000,1846,0,19368680.000,0,-,-,-,-,5381.6000,5381.4000,5381.0000,5377.8000,5377.4000,5386.0000,5386.4000,5387.6000,5387.8000,5388.0000,1,1,2,1,1,2,1,4,1,3
SF,IC2007,2020-05-20 09:31:32.600,5383.6000,1846,0,19368680.000,0,-,-,-,-,5381.6000,5381.4000,5381.0000,5377.8000,5377.4000,5385.8000,5386.0000,5386.4000,5387.6000,5387.8000,1,1,2,1,1,3,2,1,2,1
SF,IC2007,2020-05-20 09:31:33.100,5383.6000,1846,0,19368680.000,0,-,-,-,-,5381.6000,5381.4000,5381.0000,5377.8000,5377.4000,5385.8000,5386.0000,5386.4000,5387.6000,5387.8000,1,1,2,1,1,3,2,1,2,1
SF,IC2007,2020-05-20 09:31:33.600,5383.6000,1846,0,19368680.000,0,-,-,-,-,5381.8000,5381.6000,5381.0000,5377.8000,5377.4000,5385.6000,5385.8000,5386.0000,5386.4000,5387.6000,1,1,2,1,1,2,3,2,1,1
SF,IC2007,2020-05-20 09:31:34.100,5383.6000,1846,0,19368680.000,0,-,-,-,-,5381.6000,5381.0000,5377.8000,5377.4000,5375.8000,5385.4000,5385.6000,5385.8000,5386.0000,5386.4000,1,4,1,1,1,4,2,1,2,1
SF,IC2007,2020-05-20 09:31:34.600,5383.6000,1846,0,19368680.000,0,-,-,-,-,5381.6000,5381.0000,5377.8000,5377.4000,5375.8000,5385.2000,5385.4000,5385.6000,5385.8000,5386.0000,1,4,1,1,1,1,4,2,1,2
SF,IC2007,2020-05-20 09:31:35.100,5383.6000,1846,0,19368680.000,0,-,-,-,-,5381.6000,5381.0000,5377.8000,5377.4000,5375.8000,5385.0000,5385.2000,5385.4000,5385.6000,5385.8000,1,4,1,1,1,5,1,2,2,1
SF,IC2007,2020-05-20 09:31:35.600,5383.6000,1846,0,19368680.000,0,-,-,-,-,5381.0000,5380.6000,5377.8000,5377.4000,5375.8000,5385.0000,5385.2000,5385.4000,5385.6000,5385.8000,4,2,1,1,1,5,1,2,2,1
SF,IC2007,2020-05-20 09:31:36.100,5383.6000,1846,0,19368680.000,0,-,-,-,-,5381.2000,5381.0000,5380.6000,5377.8000,5377.4000,5385.0000,5385.2000,5385.4000,5385.6000,5385.8000,1,4,2,1,1,5,1,2,2,1
SF,IC2007,2020-05-20 09:31:36.600,5383.6000,1846,0,19368680.000,0,-,-,-,-,5381.2000,5381.0000,5380.6000,5377.8000,5377.4000,5385.0000,5385.2000,5385.4000,5385.6000,5385.8000,1,4,2,1,1,5,1,2,2,1
SF,IC2007,2020-05-20 09:31:37.100,5383.6000,1846,0,19368680.000,0,-,-,-,-,5381.4000,5381.2000,5381.0000,5380.6000,5380.2000,5385.0000,5385.2000,5385.4000,5385.6000,5385.8000,1,1,4,2,2,3,1,2,2,1
SF,IC2007,2020-05-20 09:31:37.600,5383.6000,1846,0,19368680.000,0,-,-,-,-,5381.6000,5381.4000,5381.0000,5380.6000,5380.2000,5385.0000,5385.2000,5385.4000,5385.6000,5385.8000,1,1,4,2,2,3,1,2,2,1
SF,IC2007,2020-05-20 09:31:38.100,5383.6000,1846,0,19368680.000,0,-,-,-,-,5381.6000,5381.4000,5381.0000,5380.6000,5380.2000,5385.0000,5385.2000,5385.4000,5385.6000,5385.8000,1,1,4,2,2,3,1,2,2,1
SF,IC2007,2020-05-20 09:31:38.600,5383.6000,1846,0,19368680.000,0,-,-,-,-,5381.8000,5381.6000,5381.0000,5380.6000,5380.2000,5385.0000,5385.6000,5385.8000,5386.0000,5386.4000,1,1,4,2,2,3,1,1,2,1
SF,IC2007,2020-05-20 09:31:39.100,5383.6000,1846,0,19368680.000,0,-,-,-,-,5382.0000,5381.8000,5381.0000,5380.6000,5380.2000,5385.0000,5385.8000,5386.0000,5386.4000,5387.6000,1,1,4,2,2,2,1,2,1,1
SF,IC2007,2020-05-20 09:31:39.600,5383.6000,1846,0,19368680.000,0,-,-,-,-,5382.0000,5381.8000,5381.0000,5380.6000,5380.2000,5385.0000,5385.8000,5386.4000,5387.6000,5387.8000,1,1,4,2,2,2,1,1,1,1
SF,IC2007,2020-05-20 09:31:40.600,5383.6000,1846,0,19368680.000,0,-,-,-,-,5382.0000,5381.8000,5381.0000,5380.6000,5380.2000,5385.0000,5385.8000,5386.4000,5387.6000,5387.8000,1,1,4,2,2,2,1,1,1,1
SF,IC2007,2020-05-20 09:31:41.100,5383.6000,1846,0,19368680.000,0,-,-,-,-,5383.6000,5382.0000,5381.8000,5381.0000,5380.6000,5385.0000,5385.8000,5386.4000,5387.6000,5387.8000,1,1,1,4,2,2,1,1,1,1
SF,IC2007,2020-05-20 09:31:41.600,5383.6000,1846,0,19368680.000,0,-,-,-,-,5383.6000,5382.0000,5381.8000,5381.0000,5380.6000,5385.0000,5387.6000,5387.8000,5388.0000,5388.4000,1,1,1,4,2,2,1,1,3,1
SF,IC2007,2020-05-20 09:31:42.100,5383.6000,1846,0,19368680.000,0,-,-,-,-,5383.6000,5382.0000,5381.8000,5381.0000,5380.6000,5387.6000,5387.8000,5388.0000,5388.4000,5390.0000,1,1,1,4,2,1,1,3,1,1
SF,IC2007,2020-05-20 09:31:42.600,5383.6000,1846,0,19368680.000,0,-,-,-,-,5383.6000,5382.0000,5381.8000,5381.0000,5380.6000,5387.2000,5387.4000,5387.6000,5387.8000,5388.0000,1,1,1,4,2,2,3,1,1,3
SF,IC2007,2020-05-20 09:31:43.100,5383.6000,1846,0,19368680.000,0,-,-,-,-,5383.8000,5383.6000,5381.8000,5381.0000,5380.6000,5387.0000,5387.2000,5387.4000,5387.6000,5387.8000,1,1,1,4,2,4,2,1,1,1
SF,IC2007,2020-05-20 09:31:43.600,5383.6000,1846,0,19368680.000,0,-,-,-,-,5383.8000,5383.6000,5381.8000,5381.0000,5380.6000,5387.0000,5387.2000,5387.4000,5387.6000,5387.8000,1,1,1,4,2,4,2,1,1,1
SF,IC2007,2020-05-20 09:31:44.100,5383.6000,1846,0,19368680.000,0,-,-,-,-,5383.8000,5383.6000,5381.8000,5381.0000,5380.6000,5386.8000,5387.0000,5387.2000,5387.4000,5387.6000,1,1,1,3,2,1,4,2,1,1
SF,IC2007,2020-05-20 09:31:44.600,5383.6000,1846,0,19368680.000,0,-,-,-,-,5383.8000,5383.6000,5381.8000,5381.0000,5380.6000,5386.6000,5386.8000,5387.4000,5387.6000,5387.8000,1,1,1,3,2,2,1,1,1,2
SF,IC2007,2020-05-20 09:31:47.100,5383.6000,1846,0,19368680.000,0,-,-,-,-,5383.8000,5383.6000,5381.8000,5381.0000,5380.6000,5386.4000,5386.6000,5386.8000,5387.4000,5387.6000,1,1,1,3,2,1,2,1,1,1
SF,IC2007,2020-05-20 09:31:47.600,5383.6000,1846,0,19368680.000,0,-,-,-,-,5383.8000,5383.6000,5381.8000,5381.0000,5380.6000,5386.2000,5386.6000,5387.4000,5387.6000,5387.8000,1,1,1,3,2,1,1,1,1,1
SF,IC2007,2020-05-20 09:31:48.100,5383.6000,1846,0,19368680.000,0,-,-,-,-,5383.8000,5383.6000,5381.8000,5381.0000,5380.6000,5386.2000,5386.6000,5387.4000,5387.6000,5387.8000,1,1,1,3,2,1,1,1,1,1
SF,IC2007,2020-05-20 09:31:48.600,5383.6000,1846,0,19368680.000,0,-,-,-,-,5383.8000,5383.6000,5381.8000,5381.0000,5380.6000,5386.2000,5386.6000,5387.4000,5387.6000,5387.8000,1,1,1,3,2,1,1,1,1,1
SF,IC2007,2020-05-20 09:31:49.100,5383.6000,1846,0,19368680.000,0,-,-,-,-,5383.8000,5383.6000,5381.8000,5381.0000,5380.6000,5386.0000,5386.2000,5387.4000,5387.6000,5387.8000,1,1,1,3,2,1,1,1,1,1
SF,IC2007,2020-05-20 09:31:49.600,5383.6000,1846,0,19368680.000,0,-,-,-,-,5383.6000,5381.8000,5381.0000,5380.6000,5380.2000,5385.8000,5386.0000,5387.4000,5387.6000,5387.8000,1,1,3,2,2,1,1,1,1,1
SF,IC2007,2020-05-20 09:31:50.100,5383.6000,1846,0,19368680.000,0,-,-,-,-,5383.6000,5381.8000,5381.0000,5380.6000,5380.2000,5385.8000,5386.0000,5387.4000,5387.6000,5387.8000,1,1,3,2,2,1,1,1,1,1
SF,IC2007,2020-05-20 09:31:50.600,5383.6000,1846,0,19368680.000,0,-,-,-,-,5383.6000,5381.8000,5381.0000,5380.6000,5380.2000,5385.6000,5385.8000,5387.4000,5387.6000,5387.8000,1,1,3,2,2,1,1,1,1,1
SF,IC2007,2020-05-20 09:31:51.100,5383.6000,1846,0,19368680.000,0,-,-,-,-,5383.6000,5381.8000,5381.0000,5380.6000,5380.2000,5385.4000,5385.6000,5387.4000,5387.6000,5387.8000,1,1,3,2,2,1,1,1,1,1
SF,IC2007,2020-05-20 09:31:51.600,5383.6000,1847,1,20445400.000,1,1,0,双开,S,5381.8000,5381.0000,5380.6000,5380.2000,5379.8000,5383.6000,5385.2000,5385.4000,5387.4000,5387.6000,1,3,2,2,2,2,3,1,1,1
SF,IC2007,2020-05-20 09:31:52.100,5383.6000,1847,0,20445400.000,0,-,-,-,-,5381.0000,5380.6000,5380.2000,5379.8000,5379.4000,5385.2000,5385.4000,5387.4000,5387.6000,5387.8000,3,2,2,2,2,3,1,1,1,1
SF,IC2007,2020-05-20 09:31:52.600,5383.6000,1847,0,20445400.000,0,-,-,-,-,5381.2000,5381.0000,5380.6000,5380.2000,5379.8000,5385.0000,5385.2000,5387.4000,5387.6000,5387.8000,3,3,2,2,2,2,3,1,1,1
SF,IC2007,2020-05-20 09:31:53.100,5383.6000,1847,0,20445400.000,0,-,-,-,-,5381.2000,5381.0000,5380.6000,5380.2000,5379.8000,5384.6000,5384.8000,5385.0000,5385.2000,5387.4000,1,3,2,2,2,1,2,2,2,1
SF,IC2007,2020-05-20 09:31:53.600,5383.6000,1847,0,20445400.000,0,-,-,-,-,5381.2000,5381.0000,5380.6000,5380.2000,5379.8000,5384.4000,5384.6000,5384.8000,5385.2000,5387.4000,1,3,2,2,2,4,1,1,2,1
SF,IC2007,2020-05-20 09:31:54.600,5383.6000,1847,0,20445400.000,0,-,-,-,-,5381.2000,5381.0000,5380.6000,5380.2000,5379.8000,5384.4000,5384.6000,5384.8000,5385.2000,5387.4000,1,3,2,2,2,3,1,1,2,1
SF,IC2007,2020-05-20 09:31:55.600,5383.6000,1847,0,20445400.000,0,-,-,-,-,5381.2000,5381.0000,5380.6000,5380.2000,5379.8000,5384.4000,5384.6000,5384.8000,5385.2000,5387.4000,1,3,2,2,2,3,1,1,2,1
SF,IC2007,2020-05-20 09:31:56.100,5383.6000,1847,0,20445400.000,0,-,-,-,-,5381.2000,5381.0000,5380.6000,5380.2000,5379.8000,5384.2000,5384.4000,5384.6000,5384.8000,5385.2000,1,2,2,2,2,4,3,1,1,2
SF,IC2007,2020-05-20 09:31:56.600,5383.6000,1847,0,20445400.000,0,-,-,-,-,5381.2000,5381.0000,5380.6000,5380.2000,5379.8000,5383.8000,5384.0000,5384.2000,5384.4000,5384.8000,1,2,2,2,2,1,4,4,1,1
SF,IC2007,2020-05-20 09:31:57.100,5383.6000,1847,0,20445400.000,0,-,-,-,-,5381.2000,5381.0000,5380.6000,5380.2000,5379.8000,5383.6000,5383.8000,5384.0000,5384.2000,5384.4000,1,2,2,2,2,5,1,2,4,1
SF,IC2007,2020-05-20 09:31:57.600,5383.6000,1849,2,22598840.000,2,2,0,双开,S,5381.0000,5380.6000,5380.2000,5379.8000,5379.4000,5383.6000,5383.8000,5384.0000,5384.2000,5384.4000,2,2,2,2,2,2,1,2,4,1
SF,IC2007,2020-05-20 09:31:58.100,5383.6000,1849,0,22598840.000,0,-,-,-,-,5381.0000,5380.6000,5380.2000,5379.8000,5379.4000,5383.4000,5383.6000,5383.8000,5384.0000,5384.2000,2,2,2,2,2,3,2,1,2,4
SF,IC2007,2020-05-20 09:31:58.600,5383.6000,1849,0,22598840.000,0,-,-,-,-,5381.0000,5380.6000,5380.2000,5379.8000,5379.4000,5383.2000,5383.4000,5383.8000,5384.0000,5384.2000,2,2,2,2,2,2,3,1,2,4
SF,IC2007,2020-05-20 09:32:00.100,5383.6000,1849,0,22598840.000,0,-,-,-,-,5381.0000,5380.6000,5380.2000,5379.8000,5379.4000,5382.8000,5383.0000,5383.2000,5383.4000,5384.0000,2,2,2,2,2,1,1,2,3,2
SF,IC2007,2020-05-20 09:32:00.600,5383.6000,1849,0,22598840.000,0,-,-,-,-,5381.0000,5380.6000,5380.2000,5379.8000,5379.4000,5382.6000,5382.8000,5383.0000,5383.2000,5383.4000,2,2,2,2,2,1,1,1,1,3
SF,IC2007,2020-05-20 09:32:01.100,5383.6000,1849,0,22598840.000,0,-,-,-,-,5381.0000,5380.6000,5380.2000,5379.8000,5379.4000,5382.4000,5382.6000,5382.8000,5383.0000,5383.2000,2,2,2,2,2,1,1,1,1,1
SF,IC2007,2020-05-20 09:32:01.600,5381.0000,1849,0,24751240.000,2,1,1,多换,S,5380.6000,5380.2000,5379.8000,5379.4000,5375.8000,5381.0000,5382.2000,5382.4000,5382.8000,5383.0000,2,2,2,2,2,2,2,1,1,1
SF,IC2007,2020-05-20 09:32:02.100,5380.2000,1851,2,29055560.000,4,3,1,空开,S,5379.8000,5379.4000,5375.8000,5372.2000,5370.8000,5380.0000,5380.6000,5382.2000,5382.8000,5383.0000,2,2,2,2,5,1,2,2,1,1
SF,IC2007,2020-05-20 09:32:02.600,5379.4000,1851,0,32283360.000,3,1,2,多换,S,5379.4000,5375.8000,5372.2000,5370.8000,5370.2000,5380.0000,5382.2000,5382.8000,5383.4000,5384.0000,1,2,2,5,3,1,2,1,2,2
SF,IC2007,2020-05-20 09:32:03.100,5379.4000,1852,1,33359240.000,1,1,0,双开,S,5375.8000,5372.2000,5370.8000,5370.2000,5368.2000,5379.4000,5380.0000,5382.2000,5382.8000,5383.4000,2,2,5,3,1,1,1,2,1,2
SF,IC2007,2020-05-20 09:32:03.600,5379.4000,1852,0,33359240.000,0,-,-,-,-,5376.0000,5375.8000,5372.2000,5370.8000,5370.2000,5379.2000,5382.2000,5383.4000,5384.0000,5384.2000,5,2,2,5,3,2,2,2,2,3
SF,IC2007,2020-05-20 09:32:04.100,5379.4000,1852,0,33359240.000,0,-,-,-,-,5376.4000,5376.0000,5375.8000,5372.2000,5370.8000,5379.2000,5382.2000,5383.4000,5384.0000,5384.2000,1,5,2,2,5,2,2,2,2,3
SF,IC2007,2020-05-20 09:32:04.600,5379.4000,1852,0,33359240.000,0,-,-,-,-,5376.6000,5376.0000,5375.8000,5372.2000,5370.8000,5379.2000,5382.2000,5383.4000,5384.0000,5384.2000,3,3,2,2,5,2,2,2,2,3
SF,IC2007,2020-05-20 09:32:05.100,5379.4000,1852,0,33359240.000,0,-,-,-,-,5376.6000,5376.0000,5375.8000,5372.2000,5370.8000,5379.2000,5382.2000,5383.4000,5384.0000,5384.2000,2,3,2,2,5,1,2,2,2,3
SF,IC2007,2020-05-20 09:32:06.100,5379.4000,1852,0,33359240.000,0,-,-,-,-,5376.6000,5376.0000,5375.8000,5372.2000,5370.8000,5379.0000,5379.2000,5382.2000,5383.4000,5384.0000,1,3,2,2,5,1,1,2,2,2
SF,IC2007,2020-05-20 09:32:06.600,5379.4000,1852,0,33359240.000,0,-,-,-,-,5375.8000,5372.2000,5370.8000,5370.2000,5368.2000,5378.6000,5378.8000,5379.0000,5383.4000,5384.0000,2,2,5,3,1,1,3,1,2,2
SF,IC2007,2020-05-20 09:32:07.100,5379.4000,1852,0,33359240.000,0,-,-,-,-,5376.0000,5375.8000,5372.2000,5370.8000,5370.2000,5378.2000,5378.4000,5378.8000,5379.0000,5383.4000,1,2,2,5,3,1,2,1,1,2
SF,IC2007,2020-05-20 09:32:07.600,5379.4000,1852,0,33359240.000,0,-,-,-,-,5376.2000,5376.0000,5375.8000,5372.2000,5370.8000,5378.0000,5378.2000,5378.8000,5379.0000,5383.4000,3,1,2,2,5,1,1,1,1,2
SF,IC2007,2020-05-20 09:32:08.100,5379.4000,1852,0,33359240.000,0,-,-,-,-,5376.0000,5375.8000,5372.2000,5370.8000,5370.2000,5378.0000,5378.2000,5378.8000,5379.0000,5383.4000,1,2,2,5,3,1,1,1,1,2
SF,IC2007,2020-05-20 09:32:08.600,5378.0000,1851,-1,34434840.000,1,0,1,双平,S,5376.0000,5375.8000,5372.2000,5370.8000,5370.2000,5377.8000,5378.8000,5379.0000,5383.4000,5384.0000,1,2,2,5,3,1,1,1,2,2
SF,IC2007,2020-05-20 09:32:09.100,5378.0000,1851,0,34434840.000,0,-,-,-,-,5376.0000,5375.8000,5372.2000,5370.8000,5370.2000,5377.8000,5378.8000,5379.0000,5383.4000,5384.0000,1,2,2,5,3,1,1,1,2,2
SF,IC2007,2020-05-20 09:32:09.600,5378.0000,1851,0,34434840.000,0,-,-,-,-,5377.0000,5376.0000,5375.8000,5372.2000,5370.8000,5378.8000,5379.0000,5383.4000,5384.0000,5384.2000,1,1,2,2,5,1,1,2,2,3
SF,IC2007,2020-05-20 09:32:12.600,5377.0000,1852,1,35510240.000,1,1,0,双开,S,5376.0000,5375.8000,5372.2000,5370.8000,5370.2000,5378.4000,5378.6000,5378.8000,5382.2000,5383.4000,1,2,2,5,3,1,1,1,1,2
SF,IC2007,2020-05-20 09:32:13.100,5377.0000,1852,0,35510240.000,0,-,-,-,-,5375.8000,5372.2000,5370.8000,5370.2000,5368.2000,5378.0000,5378.2000,5378.4000,5382.2000,5383.4000,2,1,5,3,1,1,2,1,1,2
SF,IC2007,2020-05-20 09:32:13.600,5377.0000,1852,0,35510240.000,0,-,-,-,-,5375.8000,5372.2000,5370.8000,5370.2000,5368.2000,5377.8000,5378.0000,5378.4000,5382.2000,5383.4000,2,1,5,3,1,2,1,1,1,2
SF,IC2007,2020-05-20 09:32:14.100,5377.0000,1852,0,35510240.000,0,-,-,-,-,5375.8000,5372.2000,5370.8000,5370.2000,5368.2000,5377.8000,5378.4000,5382.2000,5383.4000,5384.0000,2,1,5,3,1,2,1,1,2,2
SF,IC2007,2020-05-20 09:32:14.600,5377.0000,1852,0,35510240.000,0,-,-,-,-,5375.8000,5372.2000,5370.8000,5370.2000,5368.2000,5377.8000,5378.4000,5382.2000,5383.4000,5384.0000,2,1,5,3,1,1,1,1,2,2
SF,IC2007,2020-05-20 09:32:15.100,5377.0000,1852,0,35510240.000,0,-,-,-,-,5376.0000,5375.8000,5372.2000,5370.8000,5370.2000,5378.4000,5382.2000,5383.4000,5384.0000,5384.2000,2,2,1,5,3,1,1,2,2,3
SF,IC2007,2020-05-20 09:32:15.600,5378.4000,1851,-1,36585920.000,1,0,1,双平,S,5376.4000,5376.0000,5375.8000,5372.2000,5370.8000,5382.2000,5383.4000,5384.0000,5384.2000,5384.8000,1,1,2,1,5,1,2,2,3,1
SF,IC2007,2020-05-20 09:32:16.100,5378.4000,1851,0,36585920.000,0,-,-,-,-,5376.6000,5375.8000,5372.2000,5370.8000,5370.2000,5380.4000,5381.2000,5381.4000,5382.0000,5382.2000,1,2,1,5,3,1,2,1,5,1
SF,IC2007,2020-05-20 09:32:16.600,5378.4000,1851,0,36585920.000,0,-,-,-,-,5376.8000,5376.6000,5375.8000,5372.2000,5370.8000,5380.2000,5380.4000,5381.2000,5381.4000,5382.0000,1,1,2,1,5,2,1,2,1,1
SF,IC2007,2020-05-20 09:32:17.100,5378.4000,1851,0,36585920.000,0,-,-,-,-,5377.0000,5376.8000,5375.8000,5372.2000,5370.8000,5380.2000,5380.4000,5381.2000,5381.4000,5382.0000,1,1,2,1,5,2,1,2,1,1
SF,IC2007,2020-05-20 09:32:17.600,5378.4000,1851,0,36585920.000,0,-,-,-,-,5377.4000,5377.0000,5376.8000,5375.8000,5372.2000,5380.2000,5380.4000,5381.2000,5381.4000,5382.0000,1,3,1,2,1,2,1,2,1,1
SF,IC2007,2020-05-20 09:32:18.100,5378.4000,1851,0,36585920.000,0,-,-,-,-,5377.0000,5375.8000,5372.2000,5370.8000,5370.2000,5380.2000,5380.4000,5381.2000,5381.4000,5382.0000,3,2,1,5,3,2,1,2,1,1
SF,IC2007,2020-05-20 09:32:18.600,5378.4000,1851,0,36585920.000,0,-,-,-,-,5377.2000,5377.0000,5375.8000,5372.2000,5370.8000,5380.2000,5380.4000,5381.2000,5381.4000,5382.0000,1,3,2,1,5,2,1,2,1,1
SF,IC2007,2020-05-20 09:32:19.100,5378.4000,1851,0,36585920.000,0,-,-,-,-,5377.4000,5377.2000,5377.0000,5375.8000,5372.2000,5380.2000,5380.4000,5381.2000,5381.4000,5382.0000,1,1,2,2,1,2,1,2,1,1
SF,IC2007,2020-05-20 09:32:19.600,5377.4000,1850,-1,37661400.000,1,0,1,双平,S,5377.0000,5375.8000,5372.2000,5370.8000,5370.2000,5380.2000,5380.4000,5381.2000,5381.4000,5382.0000,2,2,1,5,3,2,1,2,1,1
SF,IC2007,2020-05-20 09:32:20.100,5377.4000,1850,0,37661400.000,0,-,-,-,-,5377.4000,5377.2000,5377.0000,5375.8000,5372.2000,5380.2000,5380.4000,5381.2000,5381.4000,5382.0000,1,1,2,2,1,2,1,2,1,1
SF,IC2007,2020-05-20 09:32:20.600,5377.4000,1850,0,37661400.000,0,-,-,-,-,5377.8000,5377.6000,5377.0000,5375.8000,5372.2000,5380.2000,5380.4000,5381.4000,5382.0000,5382.2000,1,2,2,2,1,2,1,1,1,1
SF,IC2007,2020-05-20 09:32:21.100,5377.4000,1850,0,37661400.000,0,-,-,-,-,5378.2000,5377.6000,5377.0000,5375.8000,5372.2000,5380.2000,5380.4000,5382.0000,5382.2000,5383.4000,1,1,2,2,1,2,1,1,1,2
SF,IC2007,2020-05-20 09:32:21.600,5377.4000,1850,0,37661400.000,0,-,-,-,-,5378.4000,5377.6000,5377.0000,5375.8000,5372.2000,5380.2000,5380.4000,5382.0000,5382.2000,5383.4000,1,1,2,2,1,1,1,1,1,2
SF,IC2007,2020-05-20 09:32:22.600,5378.4000,1850,0,38737080.000,1,0,1,多换,S,5377.6000,5377.0000,5375.8000,5372.2000,5370.8000,5380.0000,5380.2000,5380.4000,5382.0000,5382.2000,1,2,2,1,5,1,1,1,1,1
SF,IC2007,2020-05-20 09:32:23.600,5378.4000,1850,0,38737080.000,0,-,-,-,-,5377.6000,5377.0000,5375.8000,5372.2000,5370.8000,5378.4000,5379.6000,5380.0000,5380.2000,5380.4000,1,2,2,1,5,1,1,1,1,1
SF,IC2007,2020-05-20 09:32:24.100,5378.4000,1850,0,39812760.000,1,0,1,多换,S,5377.6000,5375.8000,5372.2000,5370.8000,5370.2000,5380.0000,5380.2000,5380.4000,5382.0000,5382.2000,1,2,1,5,3,1,1,1,1,1
SF,IC2007,2020-05-20 09:32:24.600,5378.4000,1850,0,39812760.000,0,-,-,-,-,5377.8000,5377.6000,5377.0000,5375.8000,5372.2000,5379.6000,5380.0000,5380.2000,5380.4000,5382.0000,1,1,1,2,1,1,1,1,1,1
SF,IC2007,2020-05-20 09:32:25.600,5378.4000,1850,0,39812760.000,0,-,-,-,-,5377.8000,5377.6000,5377.0000,5375.8000,5372.2000,5379.6000,5380.0000,5380.2000,5380.4000,5382.0000,1,1,1,2,1,1,1,1,1,1
SF,IC2007,2020-05-20 09:32:26.600,5377.8000,1849,-1,40888320.000,1,0,1,双平,S,5377.6000,5377.0000,5375.8000,5372.2000,5370.8000,5379.6000,5380.0000,5380.2000,5380.4000,5382.0000,1,1,2,1,5,1,1,1,1,1
SF,IC2007,2020-05-20 09:32:27.100,5377.8000,1849,0,40888320.000,0,-,-,-,-,5377.0000,5375.8000,5372.2000,5370.8000,5370.2000,5379.4000,5380.0000,5380.4000,5382.0000,5382.2000,1,2,1,5,3,1,1,1,1,1
SF,IC2007,2020-05-20 09:32:27.600,5377.8000,1849,0,40888320.000,0,-,-,-,-,5377.2000,5377.0000,5375.8000,5372.2000,5370.8000,5379.4000,5380.0000,5380.4000,5382.0000,5382.2000,1,1,2,1,5,1,1,1,1,1
SF,IC2007,2020-05-20 09:32:28.100,5377.8000,1849,0,40888320.000,0,-,-,-,-,5377.2000,5377.0000,5375.8000,5372.2000,5370.8000,5380.0000,5380.4000,5382.0000,5382.2000,5383.4000,1,1,2,1,5,1,1,1,1,2
SF,IC2007,2020-05-20 09:32:28.600,5377.8000,1849,0,40888320.000,0,-,-,-,-,5377.4000,5377.2000,5377.0000,5375.8000,5372.2000,5380.4000,5382.0000,5382.2000,5383.4000,5384.2000,2,1,1,2,1,1,1,1,2,3
SF,IC2007,2020-05-20 09:32:29.100,5377.8000,1849,0,40888320.000,0,-,-,-,-,5377.6000,5377.4000,5377.0000,5375.8000,5372.2000,5380.4000,5382.2000,5383.4000,5384.2000,5384.8000,1,2,1,2,1,1,1,2,3,1
SF,IC2007,2020-05-20 09:32:29.600,5380.4000,1849,0,41964400.000,1,0,1,多换,S,5377.8000,5377.6000,5377.4000,5377.0000,5375.8000,5382.2000,5383.4000,5384.2000,5384.8000,5385.2000,3,1,1,1,2,1,2,3,1,2
SF,IC2007,2020-05-20 09:32:30.100,5380.4000,1849,0,41964400.000,0,-,-,-,-,5378.0000,5377.8000,5377.4000,5377.0000,5375.8000,5382.2000,5383.4000,5384.2000,5384.8000,5385.2000,1,3,1,1,2,1,2,3,1,2
SF,IC2007,2020-05-20 09:32:30.600,5380.4000,1849,0,41964400.000,0,-,-,-,-,5378.2000,5378.0000,5377.8000,5377.4000,5377.0000,5382.0000,5382.2000,5384.2000,5384.8000,5385.2000,3,1,2,1,1,1,1,3,1,2
SF,IC2007,2020-05-20 09:32:31.100,5380.4000,1849,0,41964400.000,0,-,-,-,-,5378.4000,5378.2000,5377.8000,5377.4000,5377.0000,5382.2000,5384.8000,5385.2000,5387.4000,5387.6000,1,3,2,1,1,1,1,2,1,1
SF,IC2007,2020-05-20 09:32:31.600,5380.4000,1849,0,41964400.000,0,-,-,-,-,5379.2000,5379.0000,5378.8000,5378.6000,5378.4000,5382.2000,5387.4000,5387.6000,5387.8000,5388.0000,2,1,1,4,1,1,1,1,1,3
SF,IC2007,2020-05-20 09:32:32.100,5380.4000,1849,0,41964400.000,0,-,-,-,-,5379.4000,5379.2000,5379.0000,5378.8000,5378.6000,5382.2000,5387.4000,5387.6000,5387.8000,5388.0000,3,2,1,1,2,1,1,1,1,3
SF,IC2007,2020-05-20 09:32:32.600,5380.4000,1849,0,41964400.000,0,-,-,-,-,5379.4000,5379.2000,5379.0000,5378.8000,5378.6000,5382.2000,5387.4000,5387.6000,5387.8000,5388.0000,3,2,1,1,2,1,1,1,1,3
SF,IC2007,2020-05-20 09:32:33.100,5380.4000,1849,0,41964400.000,0,-,-,-,-,5379.4000,5379.2000,5379.0000,5378.8000,5378.6000,5382.2000,5387.4000,5387.6000,5387.8000,5388.0000,3,2,1,1,2,1,1,1,1,3
SF,IC2007,2020-05-20 09:32:33.600,5382.2000,1849,0,43040840.000,1,0,1,多换,S,5382.4000,5380.0000,5379.8000,5379.6000,5379.4000,5387.4000,5387.6000,5387.8000,5388.0000,5390.0000,1,2,1,1,2,1,1,1,3,1
SF,IC2007,2020-05-20 09:32:34.100,5382.2000,1849,0,43040840.000,0,-,-,-,-,5380.0000,5379.8000,5379.4000,5378.8000,5378.6000,5387.2000,5387.4000,5387.6000,5387.8000,5388.0000,2,1,2,1,2,5,1,1,1,3
SF,IC2007,2020-05-20 09:32:34.600,5382.2000,1849,0,43040840.000,0,-,-,-,-,5380.2000,5379.8000,5379.4000,5378.8000,5378.6000,5387.2000,5387.4000,5387.6000,5387.8000,5388.0000,5,1,1,1,2,5,1,1,1,3
SF,IC2007,2020-05-20 09:32:35.100,5382.2000,1849,0,43040840.000,0,-,-,-,-,5380.4000,5380.2000,5379.8000,5379.4000,5378.8000,5387.0000,5387.2000,5387.4000,5387.6000,5387.8000,1,5,1,1,1,2,5,1,1,1
SF,IC2007,2020-05-20 09:32:35.600,5382.2000,1849,0,43040840.000,0,-,-,-,-,5380.6000,5380.2000,5379.8000,5379.4000,5378.8000,5386.8000,5387.0000,5387.2000,5387.4000,5387.6000,3,3,1,1,1,5,2,3,1,1
SF,IC2007,2020-05-20 09:32:36.100,5382.2000,1849,0,43040840.000,0,-,-,-,-,5380.6000,5380.2000,5379.8000,5379.4000,5378.8000,5386.8000,5387.8000,5388.0000,5390.0000,5391.8000,3,3,1,1,1,2,1,3,1,3
SF,IC2007,2020-05-20 09:32:36.600,5382.2000,1849,0,43040840.000,0,-,-,-,-,5380.8000,5380.6000,5380.2000,5379.8000,5379.4000,5386.8000,5387.8000,5388.0000,5390.0000,5391.8000,1,3,3,1,1,2,1,3,1,3
SF,IC2007,2020-05-20 09:32:37.100,5382.2000,1849,0,43040840.000,0,-,-,-,-,5381.0000,5380.8000,5380.6000,5380.2000,5379.8000,5386.6000,5386.8000,5387.8000,5388.0000,5390.0000,4,1,1,3,1,2,2,1,3,1
SF,IC2007,2020-05-20 09:32:37.600,5382.2000,1849,0,43040840.000,0,-,-,-,-,5381.0000,5380.8000,5380.6000,5380.2000,5379.8000,5386.4000,5387.8000,5388.0000,5390.0000,5391.8000,4,1,1,3,1,2,1,3,1,3
SF,IC2007,2020-05-20 09:32:38.100,5382.2000,1849,0,43040840.000,0,-,-,-,-,5381.4000,5381.2000,5381.0000,5380.8000,5380.6000,5386.4000,5387.8000,5388.0000,5390.0000,5391.8000,1,4,4,1,1,2,1,3,1,3
SF,IC2007,2020-05-20 09:32:38.600,5382.2000,1849,0,43040840.000,0,-,-,-,-,5382.0000,5381.8000,5381.6000,5381.4000,5381.2000,5386.4000,5387.8000,5388.0000,5390.0000,5391.8000,2,1,3,1,2,1,1,3,1,3
SF,IC2007,2020-05-20 09:32:39.100,5382.2000,1849,0,43040840.000,0,-,-,-,-,5382.2000,5381.8000,5381.6000,5381.4000,5381.0000,5386.2000,5386.4000,5387.8000,5388.0000,5390.0000,3,1,1,1,2,1,1,1,3,1
SF,IC2007,2020-05-20 09:32:39.600,5382.2000,1849,0,43040840.000,0,-,-,-,-,5382.2000,5381.6000,5381.0000,5380.8000,5380.6000,5386.0000,5386.2000,5387.8000,5388.0000,5390.0000,2,1,2,1,1,1,1,1,3,1
SF,IC2007,2020-05-20 09:32:40.100,5382.2000,1849,0,43040840.000,0,-,-,-,-,5382.4000,5382.2000,5381.6000,5381.0000,5380.8000,5384.0000,5385.8000,5386.0000,5387.8000,5388.0000,1,2,1,2,1,1,1,1,1,3
SF,IC2007,2020-05-20 09:32:40.600,5382.2000,1849,0,43040840.000,0,-,-,-,-,5382.2000,5381.6000,5381.0000,5380.8000,5380.6000,5383.8000,5384.0000,5385.8000,5387.8000,5388.0000,1,1,2,1,1,3,1,1,1,3
SF,IC2007,2020-05-20 09:32:41.100,5382.2000,1849,0,43040840.000,0,-,-,-,-,5380.6000,5380.2000,5379.4000,5378.8000,5378.6000,5383.6000,5383.8000,5384.0000,5385.8000,5387.8000,1,1,1,1,2,2,1,1,1,1
SF,IC2007,2020-05-20 09:32:41.600,5382.2000,1849,0,43040840.000,0,-,-,-,-,5380.2000,5379.4000,5378.8000,5378.6000,5378.2000,5383.4000,5383.6000,5384.0000,5387.8000,5388.0000,1,1,1,2,2,2,2,1,1,3
SF,IC2007,2020-05-20 09:32:42.100,5382.2000,1849,0,43040840.000,0,-,-,-,-,5380.4000,5380.2000,5379.4000,5378.8000,5378.6000,5383.2000,5383.4000,5384.0000,5387.8000,5388.0000,4,1,1,1,2,1,1,1,1,3
SF,IC2007,2020-05-20 09:32:42.600,5382.2000,1849,0,43040840.000,0,-,-,-,-,5380.4000,5380.2000,5379.4000,5378.8000,5378.6000,5382.8000,5383.2000,5383.4000,5384.0000,5387.8000,4,1,1,1,2,1,1,1,1,1
SF,IC2007,2020-05-20 09:32:43.100,5382.2000,1849,0,43040840.000,0,-,-,-,-,5380.4000,5380.2000,5379.4000,5378.8000,5378.6000,5382.6000,5384.0000,5387.8000,5388.0000,5390.0000,4,1,1,1,2,1,1,1,3,1
SF,IC2007,2020-05-20 09:32:43.600,5382.2000,1849,0,43040840.000,0,-,-,-,-,5380.4000,5380.2000,5379.4000,5378.8000,5378.6000,5382.6000,5384.0000,5387.8000,5388.0000,5390.0000,4,1,1,1,2,1,1,1,3,1
SF,IC2007,2020-05-20 09:32:44.100,5382.2000,1849,0,43040840.000,0,-,-,-,-,5380.4000,5380.2000,5379.4000,5378.8000,5378.6000,5382.6000,5384.0000,5387.8000,5388.0000,5390.0000,4,1,1,1,2,1,1,1,3,1
SF,IC2007,2020-05-20 09:32:44.600,5382.2000,1849,0,43040840.000,0,-,-,-,-,5380.4000,5380.2000,5379.4000,5378.8000,5378.6000,5382.6000,5384.0000,5387.8000,5388.0000,5390.0000,2,1,1,1,2,1,1,1,3,1
SF,IC2007,2020-05-20 09:32:45.100,5382.2000,1849,0,43040840.000,0,-,-,-,-,5380.4000,5380.2000,5379.4000,5378.8000,5378.6000,5382.6000,5384.0000,5387.8000,5388.0000,5390.0000,1,1,1,1,2,1,1,1,3,1
SF,IC2007,2020-05-20 09:32:45.600,5382.2000,1849,0,43040840.000,0,-,-,-,-,5378.6000,5378.2000,5377.8000,5377.4000,5377.0000,5382.2000,5382.6000,5384.0000,5387.8000,5388.0000,2,2,2,1,1,1,1,1,1,3
SF,IC2007,2020-05-20 09:32:46.100,5382.2000,1849,0,43040840.000,0,-,-,-,-,5378.8000,5378.6000,5378.2000,5377.8000,5377.4000,5382.0000,5384.0000,5387.8000,5388.0000,5390.0000,4,2,2,2,1,2,1,1,3,1
SF,IC2007,2020-05-20 09:32:46.600,5382.2000,1849,0,43040840.000,0,-,-,-,-,5378.8000,5378.6000,5378.2000,5377.8000,5377.4000,5382.0000,5384.0000,5387.8000,5388.0000,5390.0000,4,2,2,2,1,1,1,1,3,1
SF,IC2007,2020-05-20 09:32:47.100,5382.2000,1849,0,43040840.000,0,-,-,-,-,5378.8000,5378.6000,5378.2000,5377.8000,5377.4000,5382.0000,5384.0000,5387.8000,5388.0000,5390.0000,4,2,2,2,1,1,1,1,3,1
SF,IC2007,2020-05-20 09:32:47.600,5382.2000,1849,0,43040840.000,0,-,-,-,-,5379.0000,5378.8000,5378.6000,5378.2000,5377.8000,5382.0000,5384.0000,5387.8000,5388.0000,5390.0000,2,4,2,2,2,1,1,1,3,1
SF,IC2007,2020-05-20 09:32:48.100,5382.2000,1849,0,43040840.000,0,-,-,-,-,5379.2000,5379.0000,5378.8000,5378.6000,5378.2000,5382.0000,5384.0000,5387.8000,5388.0000,5390.0000,4,1,2,2,2,1,1,1,3,1
SF,IC2007,2020-05-20 09:32:48.600,5382.2000,1849,0,43040840.000,0,-,-,-,-,5379.2000,5379.0000,5378.8000,5378.6000,5378.2000,5382.0000,5384.0000,5387.8000,5388.0000,5390.0000,4,1,2,2,2,1,1,1,3,1
SF,IC2007,2020-05-20 09:32:49.100,5382.2000,1849,0,43040840.000,0,-,-,-,-,5379.4000,5379.2000,5379.0000,5378.8000,5378.6000,5382.0000,5384.0000,5387.8000,5388.0000,5390.0000,1,4,1,2,2,1,1,1,3,1
SF,IC2007,2020-05-20 09:32:49.600,5382.2000,1849,0,43040840.000,0,-,-,-,-,5379.6000,5379.4000,5379.2000,5379.0000,5378.8000,5384.0000,5387.8000,5388.0000,5390.0000,5391.8000,4,1,2,1,2,1,1,3,1,3
SF,IC2007,2020-05-20 09:32:50.100,5382.2000,1849,0,43040840.000,0,-,-,-,-,5379.6000,5379.4000,5379.2000,5379.0000,5378.8000,5383.8000,5384.0000,5387.8000,5388.0000,5390.0000,4,1,2,1,2,3,1,1,3,1
SF,IC2007,2020-05-20 09:32:50.600,5382.2000,1849,0,43040840.000,0,-,-,-,-,5379.6000,5379.4000,5379.2000,5379.0000,5378.8000,5383.8000,5384.0000,5387.8000,5388.0000,5390.0000,4,1,2,1,2,2,1,1,3,1
SF,IC2007,2020-05-20 09:32:51.100,5382.2000,1849,0,43040840.000,0,-,-,-,-,5379.6000,5379.4000,5379.2000,5379.0000,5378.8000,5383.8000,5384.0000,5387.8000,5388.0000,5390.0000,4,1,2,1,2,2,1,1,3,1
SF,IC2007,2020-05-20 09:32:53.600,5382.2000,1849,0,43040840.000,0,-,-,-,-,5380.0000,5379.6000,5379.4000,5379.2000,5378.8000,5383.6000,5383.8000,5384.0000,5387.8000,5388.0000,2,2,1,2,2,1,2,1,1,3
SF,IC2007,2020-05-20 09:32:54.100,5382.2000,1849,0,43040840.000,0,-,-,-,-,5380.0000,5379.6000,5379.4000,5379.2000,5378.8000,5383.4000,5383.6000,5384.0000,5387.8000,5388.0000,2,2,1,2,2,2,1,1,1,3
SF,IC2007,2020-05-20 09:32:54.600,5382.2000,1849,0,43040840.000,0,-,-,-,-,5380.0000,5379.6000,5379.2000,5378.8000,5378.6000,5383.2000,5383.4000,5384.0000,5387.8000,5388.0000,2,1,2,2,2,1,2,1,1,3
SF,IC2007,2020-05-20 09:32:55.100,5382.2000,1849,0,43040840.000,0,-,-,-,-,5380.2000,5380.0000,5379.2000,5378.8000,5378.6000,5382.8000,5383.0000,5383.2000,5384.0000,5387.8000,1,2,2,2,2,2,2,1,1,1
SF,IC2007,2020-05-20 09:32:55.600,5382.2000,1849,0,43040840.000,0,-,-,-,-,5380.2000,5380.0000,5379.2000,5378.8000,5378.6000,5382.6000,5382.8000,5383.0000,5383.2000,5384.0000,1,2,2,2,2,1,2,1,1,1
SF,IC2007,2020-05-20 09:32:56.600,5382.2000,1849,0,43040840.000,0,-,-,-,-,5380.2000,5380.0000,5379.2000,5378.8000,5378.6000,5382.2000,5382.6000,5383.0000,5383.2000,5384.0000,1,2,2,2,2,2,1,1,1,1
SF,IC2007,2020-05-20 09:32:57.100,5382.2000,1849,0,43040840.000,0,-,-,-,-,5380.0000,5379.2000,5378.8000,5378.6000,5378.2000,5382.0000,5382.2000,5383.0000,5383.2000,5384.0000,2,2,2,2,2,1,2,1,1,1
SF,IC2007,2020-05-20 09:32:57.600,5382.2000,1849,0,43040840.000,0,-,-,-,-,5380.0000,5379.2000,5378.8000,5378.6000,5378.2000,5382.0000,5383.0000,5383.2000,5384.0000,5387.8000,2,2,2,2,2,1,1,1,1,1
SF,IC2007,2020-05-20 09:32:58.100,5382.2000,1849,0,43040840.000,0,-,-,-,-,5380.0000,5379.2000,5378.8000,5378.6000,5378.2000,5381.8000,5382.0000,5383.0000,5383.2000,5384.0000,2,2,2,2,2,1,1,1,1,1
SF,IC2007,2020-05-20 09:33:00.600,5382.2000,1849,0,43040840.000,0,-,-,-,-,5380.2000,5380.0000,5379.2000,5378.8000,5378.6000,5381.8000,5382.0000,5383.0000,5383.2000,5384.0000,3,2,2,2,2,1,1,1,1,1
SF,IC2007,2020-05-20 09:33:01.100,5382.2000,1849,0,43040840.000,0,-,-,-,-,5380.0000,5379.2000,5378.8000,5378.6000,5378.2000,5381.6000,5382.0000,5383.2000,5384.0000,5387.8000,2,2,2,2,2,2,1,1,1,1
SF,IC2007,2020-05-20 09:33:01.600,5380.0000,1851,2,45192840.000,2,2,0,双开,S,5379.2000,5378.8000,5378.6000,5378.2000,5377.8000,5381.4000,5382.0000,5383.2000,5384.0000,5387.8000,2,2,2,2,2,2,1,1,1,1
SF,IC2007,2020-05-20 09:33:02.100,5380.0000,1851,0,45192840.000,0,-,-,-,-,5378.8000,5378.6000,5378.2000,5377.8000,5377.4000,5381.2000,5381.4000,5383.2000,5384.0000,5387.8000,2,2,2,2,1,1,2,1,1,1
SF,IC2007,2020-05-20 09:33:02.600,5380.0000,1851,0,46268840.000,1,0,1,多换,S,5380.0000,5378.6000,5378.2000,5377.8000,5377.4000,5380.8000,5381.2000,5383.2000,5384.0000,5387.8000,1,2,2,2,1,2,1,1,1,1
SF,IC2007,2020-05-20 09:33:03.100,5380.0000,1852,1,47344840.000,1,1,0,双开,S,5378.2000,5377.8000,5377.4000,5377.0000,5375.8000,5379.8000,5383.2000,5384.0000,5387.8000,5388.0000,2,2,1,1,2,1,1,1,1,3
SF,IC2007,2020-05-20 09:33:03.600,5380.0000,1852,0,47344840.000,0,-,-,-,-,5377.4000,5377.0000,5375.8000,5375.0000,5372.2000,5379.6000,5383.2000,5384.0000,5387.8000,5388.0000,1,1,2,1,1,1,1,1,1,3
SF,IC2007,2020-05-20 09:33:04.100,5380.0000,1852,0,47344840.000,0,-,-,-,-,5377.6000,5377.4000,5377.0000,5375.8000,5375.0000,5379.6000,5383.2000,5384.0000,5387.8000,5388.0000,3,1,1,2,1,1,1,1,1,3
SF,IC2007,2020-05-20 09:33:04.600,5380.0000,1852,0,47344840.000,0,-,-,-,-,5377.6000,5377.4000,5377.0000,5375.8000,5375.0000,5383.2000,5384.0000,5387.8000,5388.0000,5390.0000,3,1,1,2,1,1,1,1,3,1
SF,IC2007,2020-05-20 09:33:05.100,5380.0000,1852,0,47344840.000,0,-,-,-,-,5377.8000,5377.6000,5377.4000,5375.8000,5375.0000,5383.0000,5383.2000,5384.0000,5387.8000,5388.0000,2,3,1,2,1,4,1,1,1,3
SF,IC2007,2020-05-20 09:33:05.600,5378.0000,1852,0,48420440.000,1,0,1,多换,S,5378.0000,5377.8000,5377.6000,5377.4000,5375.8000,5382.8000,5383.0000,5384.0000,5387.8000,5388.0000,2,1,1,1,2,1,4,1,1,3
SF,IC2007,2020-05-20 09:33:06.100,5378.0000,1852,0,48420440.000,0,-,-,-,-,5378.2000,5378.0000,5377.8000,5377.6000,5377.4000,5382.6000,5382.8000,5383.0000,5384.0000,5387.8000,1,2,1,1,1,2,1,2,1,1
SF,IC2007,2020-05-20 09:33:06.600,5378.0000,1852,0,48420440.000,0,-,-,-,-,5378.4000,5378.2000,5377.8000,5377.6000,5377.4000,5382.4000,5382.6000,5384.0000,5387.8000,5388.0000,2,1,1,1,1,1,2,1,1,3
SF,IC2007,2020-05-20 09:33:07.100,5382.4000,1852,0,49496920.000,1,0,1,多换,S,5378.6000,5378.4000,5378.2000,5377.8000,5377.6000,5382.2000,5384.0000,5387.8000,5388.0000,5390.0000,3,1,1,1,1,1,1,1,3,1
SF,IC2007,2020-05-20 09:33:07.600,5382.4000,1852,0,49496920.000,0,-,-,-,-,5378.8000,5378.6000,5378.2000,5377.8000,5377.6000,5382.2000,5384.0000,5387.8000,5388.0000,5390.0000,1,2,1,1,1,1,1,1,3,1
SF,IC2007,2020-05-20 09:33:08.100,5382.4000,1852,0,49496920.000,0,-,-,-,-,5379.0000,5378.8000,5378.6000,5378.2000,5377.8000,5382.2000,5384.0000,5387.8000,5388.0000,5390.0000,2,1,1,1,1,1,1,1,3,1
SF,IC2007,2020-05-20 09:33:08.600,5382.4000,1852,0,49496920.000,0,-,-,-,-,5379.2000,5379.0000,5378.6000,5378.2000,5377.8000,5382.2000,5384.0000,5387.8000,5388.0000,5390.0000,1,2,1,1,1,1,1,1,3,1
SF,IC2007,2020-05-20 09:33:09.100,5382.4000,1852,0,49496920.000,0,-,-,-,-,5379.4000,5379.2000,5379.0000,5378.6000,5378.2000,5381.6000,5382.2000,5384.0000,5387.8000,5388.0000,2,1,1,1,1,1,1,1,1,3
SF,IC2007,2020-05-20 09:33:09.600,5382.4000,1852,0,49496920.000,0,-,-,-,-,5379.4000,5378.6000,5378.2000,5377.8000,5377.6000,5381.4000,5381.6000,5384.0000,5387.8000,5388.0000,1,1,1,1,1,1,1,1,1,3
SF,IC2007,2020-05-20 09:33:10.100,5382.4000,1852,0,49496920.000,0,-,-,-,-,5379.4000,5378.2000,5377.8000,5377.6000,5377.4000,5381.2000,5381.4000,5384.0000,5387.8000,5388.0000,1,1,1,1,1,2,1,1,1,3
SF,IC2007,2020-05-20 09:33:10.600,5382.4000,1852,0,49496920.000,0,-,-,-,-,5378.2000,5377.8000,5377.6000,5377.4000,5375.8000,5381.0000,5381.2000,5384.0000,5387.8000,5388.0000,1,1,1,1,2,1,2,1,1,3
SF,IC2007,2020-05-20 09:33:11.100,5382.4000,1852,0,49496920.000,0,-,-,-,-,5378.4000,5378.2000,5377.8000,5377.6000,5377.4000,5381.0000,5381.2000,5384.0000,5387.8000,5388.0000,1,1,1,1,1,1,2,1,1,3
SF,IC2007,2020-05-20 09:33:11.600,5382.4000,1852,0,49496920.000,0,-,-,-,-,5378.4000,5378.2000,5377.8000,5377.6000,5377.4000,5381.0000,5381.2000,5384.0000,5387.8000,5388.0000,1,3,1,1,1,1,2,1,1,3
SF,IC2007,2020-05-20 09:33:12.100,5382.4000,1852,0,49496920.000,0,-,-,-,-,5378.4000,5378.2000,5377.6000,5377.4000,5375.8000,5381.0000,5381.2000,5384.0000,5387.8000,5388.0000,1,2,1,1,2,1,2,1,1,3
SF,IC2007,2020-05-20 09:33:12.600,5382.4000,1852,0,49496920.000,0,-,-,-,-,5378.4000,5378.2000,5375.8000,5375.0000,5372.2000,5381.0000,5381.2000,5384.0000,5387.8000,5388.0000,1,2,2,1,1,1,2,1,1,3
SF,IC2007,2020-05-20 09:33:14.100,5382.4000,1852,0,49496920.000,0,-,-,-,-,5378.6000,5378.4000,5378.2000,5375.8000,5375.0000,5381.0000,5381.2000,5384.0000,5387.8000,5388.0000,2,1,2,2,1,1,2,1,1,3
SF,IC2007,2020-05-20 09:33:14.600,5382.4000,1852,0,49496920.000,0,-,-,-,-,5378.8000,5378.6000,5378.2000,5377.8000,5375.8000,5380.6000,5381.0000,5384.0000,5387.8000,5388.0000,1,2,2,1,2,2,1,1,1,3
SF,IC2007,2020-05-20 09:33:15.100,5382.4000,1852,0,49496920.000,0,-,-,-,-,5378.8000,5378.6000,5378.2000,5377.8000,5375.8000,5380.6000,5381.0000,5384.0000,5387.8000,5388.0000,1,2,2,1,2,2,1,1,1,3
SF,IC2007,2020-05-20 09:33:15.600,5382.4000,1852,0,49496920.000,0,-,-,-,-,5378.8000,5378.6000,5378.2000,5377.8000,5375.8000,5380.6000,5381.0000,5384.0000,5387.8000,5388.0000,1,2,2,1,2,2,1,1,1,3
SF,IC2007,2020-05-20 09:33:16.100,5382.4000,1852,0,49496920.000,0,-,-,-,-,5379.0000,5378.8000,5378.6000,5378.2000,5377.8000,5380.4000,5380.6000,5384.0000,5387.8000,5388.0000,2,1,2,2,1,1,2,1,1,3
SF,IC2007,2020-05-20 09:33:19.600,5380.6000,1851,-1,52725240.000,3,1,2,多平,S,5379.2000,5379.0000,5378.6000,5378.2000,5377.8000,5384.0000,5387.8000,5388.0000,5390.0000,5391.8000,1,2,2,2,1,1,1,3,1,3
SF,IC2007,2020-05-20 09:33:20.100,5380.6000,1851,0,52725240.000,0,-,-,-,-,5379.4000,5379.2000,5379.0000,5378.6000,5378.2000,5383.6000,5383.8000,5384.0000,5387.8000,5388.0000,1,1,2,2,2,2,6,1,1,3
SF,IC2007,2020-05-20 09:33:20.600,5380.6000,1851,0,52725240.000,0,-,-,-,-,5379.6000,5379.4000,5379.0000,5378.6000,5378.2000,5383.4000,5383.6000,5383.8000,5384.0000,5387.8000,1,1,2,2,2,4,2,5,1,1
SF,IC2007,2020-05-20 09:33:21.100,5380.6000,1851,0,52725240.000,0,-,-,-,-,5379.8000,5379.6000,5379.4000,5379.0000,5378.6000,5383.4000,5383.6000,5383.8000,5384.0000,5387.8000,1,1,2,2,2,4,2,5,1,1
SF,IC2007,2020-05-20 09:33:21.600,5380.6000,1851,0,52725240.000,0,-,-,-,-,5379.6000,5379.4000,5379.0000,5378.6000,5378.2000,5383.2000,5383.4000,5383.6000,5383.8000,5384.0000,1,2,2,2,2,2,4,2,5,1
SF,IC2007,2020-05-20 09:33:22.100,5380.6000,1851,0,52725240.000,0,-,-,-,-,5379.6000,5379.4000,5379.0000,5378.6000,5378.2000,5383.0000,5383.2000,5383.4000,5383.8000,5384.0000,1,2,2,2,2,6,2,3,5,1
SF,IC2007,2020-05-20 09:33:22.600,5380.6000,1851,0,52725240.000,0,-,-,-,-,5379.6000,5379.4000,5379.0000,5378.6000,5378.2000,5382.8000,5383.0000,5383.2000,5383.4000,5383.8000,1,2,2,2,2,1,6,2,3,5
SF,IC2007,2020-05-20 09:33:23.100,5380.6000,1851,0,52725240.000,0,-,-,-,-,5379.6000,5379.4000,5379.0000,5378.6000,5378.2000,5382.6000,5382.8000,5383.0000,5383.2000,5383.4000,1,2,2,2,2,4,1,5,2,3
SF,IC2007,2020-05-20 09:33:23.600,5380.6000,1851,0,52725240.000,0,-,-,-,-,5379.4000,5379.0000,5378.6000,5378.2000,5377.8000,5382.6000,5382.8000,5383.0000,5383.2000,5383.4000,2,2,2,2,1,4,1,5,2,3
SF,IC2007,2020-05-20 09:33:24.100,5380.6000,1851,0,52725240.000,0,-,-,-,-,5379.8000,5379.6000,5379.4000,5379.0000,5378.6000,5382.0000,5382.4000,5382.6000,5383.0000,5383.2000,1,2,2,2,2,1,1,4,5,2
SF,IC2007,2020-05-20 09:33:24.600,5380.6000,1851,0,52725240.000,0,-,-,-,-,5380.0000,5379.8000,5379.6000,5379.4000,5379.0000,5382.0000,5382.6000,5383.0000,5383.2000,5383.4000,1,1,1,2,2,1,1,5,1,3
SF,IC2007,2020-05-20 09:33:25.100,5380.6000,1851,0,52725240.000,0,-,-,-,-,5380.2000,5380.0000,5379.8000,5379.4000,5379.0000,5382.0000,5383.4000,5383.8000,5384.0000,5387.8000,3,1,2,2,2,1,3,5,1,1
SF,IC2007,2020-05-20 09:33:25.600,5382.0000,1851,0,53801640.000,1,0,1,多换,S,5380.4000,5380.2000,5379.8000,5379.4000,5379.0000,5384.0000,5387.8000,5388.0000,5390.0000,5391.8000,1,3,2,2,2,1,1,3,1,3
SF,IC2007,2020-05-20 09:33:26.100,5382.0000,1851,0,53801640.000,0,-,-,-,-,5380.6000,5380.4000,5379.8000,5379.4000,5379.0000,5383.8000,5384.0000,5387.8000,5388.0000,5390.0000,1,1,2,2,2,5,1,1,3,1
SF,IC2007,2020-05-20 09:33:26.600,5382.0000,1851,0,53801640.000,0,-,-,-,-,5381.0000,5380.8000,5380.6000,5379.8000,5379.4000,5383.8000,5384.0000,5387.8000,5388.0000,5390.0000,1,1,1,2,2,5,1,1,3,1
SF,IC2007,2020-05-20 09:33:27.100,5382.0000,1851,0,53801640.000,0,-,-,-,-,5380.8000,5380.6000,5379.8000,5379.4000,5379.0000,5383.6000,5383.8000,5384.0000,5387.8000,5388.0000,1,1,2,2,2,3,5,1,1,3
SF,IC2007,2020-05-20 09:33:27.600,5382.0000,1851,0,53801640.000,0,-,-,-,-,5380.8000,5380.6000,5379.8000,5379.4000,5379.0000,5383.4000,5383.6000,5383.8000,5384.0000,5387.8000,1,1,2,2,2,1,3,4,1,1
SF,IC2007,2020-05-20 09:33:28.100,5382.0000,1851,0,53801640.000,0,-,-,-,-,5380.6000,5379.8000,5379.4000,5379.0000,5378.6000,5383.2000,5383.4000,5383.6000,5383.8000,5384.0000,1,2,2,2,2,3,1,3,4,1
SF,IC2007,2020-05-20 09:33:28.600,5382.0000,1851,0,53801640.000,0,-,-,-,-,5379.8000,5379.4000,5379.0000,5378.6000,5378.2000,5383.0000,5383.2000,5383.6000,5383.8000,5384.0000,2,2,2,2,2,1,3,3,4,1
SF,IC2007,2020-05-20 09:33:29.100,5382.0000,1851,0,53801640.000,0,-,-,-,-,5380.0000,5379.8000,5379.4000,5379.0000,5378.6000,5383.0000,5383.2000,5383.6000,5383.8000,5384.0000,2,2,2,2,2,1,3,3,4,1
SF,IC2007,2020-05-20 09:33:29.600,5382.0000,1851,0,53801640.000,0,-,-,-,-,5380.0000,5379.8000,5379.4000,5379.0000,5378.6000,5382.8000,5383.0000,5383.2000,5383.6000,5383.8000,2,2,2,2,2,1,1,3,3,4
SF,IC2007,2020-05-20 09:33:30.100,5382.0000,1851,0,53801640.000,0,-,-,-,-,5380.0000,5379.8000,5379.4000,5379.0000,5378.6000,5382.6000,5383.6000,5383.8000,5384.0000,5387.8000,2,2,2,2,2,1,2,4,1,1
SF,IC2007,2020-05-20 09:33:30.600,5382.0000,1851,0,53801640.000,0,-,-,-,-,5380.0000,5379.8000,5379.4000,5379.0000,5378.6000,5382.6000,5383.6000,5383.8000,5384.0000,5387.8000,2,2,2,2,2,1,1,4,1,1
SF,IC2007,2020-05-20 09:33:31.100,5382.0000,1851,0,53801640.000,0,-,-,-,-,5380.0000,5379.8000,5379.4000,5379.0000,5378.6000,5382.6000,5383.6000,5383.8000,5384.0000,5387.8000,2,2,2,2,2,1,1,4,1,1
SF,IC2007,2020-05-20 09:33:31.600,5382.0000,1851,0,53801640.000,0,-,-,-,-,5380.0000,5379.8000,5379.4000,5379.0000,5378.6000,5382.4000,5382.6000,5383.6000,5383.8000,5384.0000,2,2,2,2,2,1,1,1,4,1
SF,IC2007,2020-05-20 09:33:32.100,5382.0000,1851,0,53801640.000,0,-,-,-,-,5380.4000,5380.0000,5379.8000,5379.4000,5379.0000,5382.4000,5382.6000,5383.6000,5383.8000,5384.0000,1,2,2,2,2,1,1,1,4,1
SF,IC2007,2020-05-20 09:33:32.600,5382.4000,1850,-1,54878120.000,1,0,1,双平,S,5380.6000,5380.0000,5379.8000,5379.4000,5379.0000,5382.6000,5383.8000,5384.0000,5387.8000,5388.0000,2,2,2,2,2,1,4,1,1,3
SF,IC2007,2020-05-20 09:33:33.100,5382.4000,1850,0,54878120.000,0,-,-,-,-,5380.6000,5380.0000,5379.8000,5379.4000,5379.0000,5382.6000,5383.8000,5384.0000,5387.8000,5388.0000,2,2,2,2,2,1,4,1,1,3
SF,IC2007,2020-05-20 09:33:33.600,5382.4000,1850,0,54878120.000,0,-,-,-,-,5380.0000,5379.8000,5379.4000,5379.0000,5378.6000,5382.6000,5383.8000,5384.0000,5387.8000,5388.0000,2,2,2,2,2,1,4,1,1,3
SF,IC2007,2020-05-20 09:33:34.100,5382.4000,1850,0,54878120.000,0,-,-,-,-,5380.0000,5379.8000,5379.4000,5379.0000,5378.6000,5382.6000,5383.8000,5384.0000,5387.8000,5388.0000,2,2,2,2,2,1,4,1,1,3
SF,IC2007,2020-05-20 09:33:34.600,5382.4000,1850,0,54878120.000,0,-,-,-,-,5380.0000,5379.8000,5379.4000,5379.0000,5378.6000,5382.6000,5383.8000,5384.0000,5387.8000,5388.0000,2,2,2,2,2,1,4,1,1,3
SF,IC2007,2020-05-20 09:33:35.100,5382.4000,1850,0,54878120.000,0,-,-,-,-,5380.0000,5379.8000,5379.4000,5379.0000,5378.6000,5382.4000,5382.6000,5383.8000,5384.0000,5387.8000,2,2,2,2,2,1,1,4,1,1
SF,IC2007,2020-05-20 09:33:35.600,5382.4000,1850,0,54878120.000,0,-,-,-,-,5380.4000,5380.2000,5380.0000,5379.8000,5379.4000,5382.4000,5382.6000,5383.8000,5384.0000,5387.8000,2,3,2,2,2,1,1,4,1,1
SF,IC2007,2020-05-20 09:33:36.100,5382.4000,1850,0,54878120.000,0,-,-,-,-,5380.6000,5380.0000,5379.8000,5379.4000,5379.0000,5382.4000,5382.6000,5383.8000,5384.0000,5387.8000,2,2,2,2,2,1,1,4,1,1
SF,IC2007,2020-05-20 09:33:36.600,5382.4000,1850,0,54878120.000,0,-,-,-,-,5380.6000,5380.0000,5379.8000,5379.4000,5379.0000,5382.6000,5383.8000,5384.0000,5387.8000,5388.0000,2,2,2,2,2,1,4,1,1,3
SF,IC2007,2020-05-20 09:33:37.100,5382.4000,1850,0,54878120.000,0,-,-,-,-,5380.0000,5379.8000,5379.4000,5379.0000,5378.6000,5382.6000,5383.8000,5384.0000,5387.8000,5388.0000,2,2,2,2,2,1,4,1,1,3
SF,IC2007,2020-05-20 09:33:37.600,5382.4000,1850,0,54878120.000,0,-,-,-,-,5380.0000,5379.8000,5379.4000,5379.0000,5378.6000,5382.6000,5383.8000,5384.0000,5387.8000,5388.0000,2,2,2,2,2,1,4,1,1,3
SF,IC2007,2020-05-20 09:33:38.100,5382.4000,1850,0,54878120.000,0,-,-,-,-,5380.0000,5379.8000,5379.4000,5379.0000,5378.6000,5382.4000,5382.6000,5383.8000,5384.0000,5387.8000,2,2,2,2,2,1,1,4,1,1
SF,IC2007,2020-05-20 09:33:39.100,5382.4000,1850,0,54878120.000,0,-,-,-,-,5380.0000,5379.8000,5379.4000,5379.0000,5378.6000,5382.4000,5382.6000,5383.8000,5384.0000,5387.8000,1,2,2,2,2,1,1,4,1,1
SF,IC2007,2020-05-20 09:33:39.600,5382.4000,1850,0,54878120.000,0,-,-,-,-,5380.0000,5379.8000,5379.4000,5379.0000,5378.6000,5382.2000,5382.4000,5383.8000,5384.0000,5387.8000,1,2,2,2,2,1,1,4,1,1
SF,IC2007,2020-05-20 09:33:41.100,5382.4000,1850,0,54878120.000,0,-,-,-,-,5380.0000,5379.8000,5379.4000,5379.0000,5378.6000,5382.0000,5382.2000,5383.8000,5384.0000,5387.8000,1,2,2,2,2,2,1,4,1,1
SF,IC2007,2020-05-20 09:33:41.600,5382.4000,1850,0,54878120.000,0,-,-,-,-,5379.8000,5379.4000,5379.0000,5378.6000,5378.2000,5382.0000,5382.2000,5383.8000,5384.0000,5387.8000,2,2,2,2,2,3,1,4,1,1
SF,IC2007,2020-05-20 09:33:42.100,5382.4000,1850,0,54878120.000,0,-,-,-,-,5379.8000,5379.4000,5379.0000,5378.6000,5378.2000,5382.0000,5382.2000,5383.8000,5384.0000,5387.8000,2,2,2,2,2,1,1,4,1,1
SF,IC2007,2020-05-20 09:33:42.600,5382.4000,1850,0,54878120.000,0,-,-,-,-,5379.8000,5379.4000,5379.0000,5378.6000,5378.2000,5382.0000,5382.2000,5383.8000,5384.0000,5387.8000,2,2,2,2,2,1,1,4,1,1
SF,IC2007,2020-05-20 09:33:43.100,5382.4000,1850,0,54878120.000,0,-,-,-,-,5379.8000,5379.4000,5379.0000,5378.6000,5378.2000,5382.0000,5382.2000,5383.8000,5384.0000,5387.8000,2,2,2,2,2,1,1,4,1,1
SF,IC2007,2020-05-20 09:33:43.600,5382.4000,1850,0,54878120.000,0,-,-,-,-,5380.0000,5379.8000,5379.4000,5379.0000,5378.6000,5382.0000,5382.2000,5383.8000,5384.0000,5387.8000,1,2,2,2,2,1,1,4,1,1
SF,IC2007,2020-05-20 09:33:44.100,5382.4000,1850,0,54878120.000,0,-,-,-,-,5380.2000,5380.0000,5379.8000,5379.4000,5379.0000,5382.0000,5382.2000,5383.8000,5384.0000,5387.8000,1,1,2,2,2,1,1,4,1,1
SF,IC2007,2020-05-20 09:33:45.100,5382.4000,1850,0,54878120.000,0,-,-,-,-,5380.2000,5380.0000,5379.8000,5379.4000,5379.0000,5382.2000,5383.8000,5384.0000,5387.8000,5388.0000,1,1,2,2,2,1,4,1,1,3
SF,IC2007,2020-05-20 09:33:45.600,5382.4000,1850,0,54878120.000,0,-,-,-,-,5380.0000,5379.8000,5379.4000,5379.0000,5378.6000,5382.0000,5382.2000,5383.8000,5384.0000,5387.8000,1,2,2,2,2,2,1,4,1,1
SF,IC2007,2020-05-20 09:33:46.100,5382.4000,1850,0,54878120.000,0,-,-,-,-,5380.2000,5380.0000,5379.8000,5379.4000,5379.0000,5382.2000,5383.8000,5384.0000,5387.8000,5388.0000,1,1,2,2,2,1,4,1,1,3
SF,IC2007,2020-05-20 09:33:46.600,5382.4000,1850,0,54878120.000,0,-,-,-,-,5380.4000,5379.8000,5379.4000,5379.0000,5378.6000,5383.8000,5384.0000,5387.8000,5388.0000,5390.0000,4,2,2,2,2,4,1,1,3,1
SF,IC2007,2020-05-20 09:33:47.100,5382.4000,1850,0,54878120.000,0,-,-,-,-,5380.4000,5379.8000,5379.4000,5379.0000,5378.6000,5383.6000,5383.8000,5384.0000,5387.8000,5388.0000,2,2,2,2,2,5,4,1,1,3
SF,IC2007,2020-05-20 09:33:47.600,5382.4000,1850,0,54878120.000,0,-,-,-,-,5380.8000,5380.4000,5379.8000,5379.4000,5379.0000,5383.6000,5383.8000,5384.0000,5387.8000,5388.0000,2,2,2,2,2,5,4,1,1,3
SF,IC2007,2020-05-20 09:33:48.100,5382.4000,1850,0,54878120.000,0,-,-,-,-,5381.0000,5380.8000,5380.4000,5379.8000,5379.4000,5383.4000,5383.6000,5383.8000,5384.0000,5387.8000,1,2,1,2,2,2,5,4,1,1
SF,IC2007,2020-05-20 09:33:48.600,5382.4000,1850,0,54878120.000,0,-,-,-,-,5381.4000,5381.0000,5380.4000,5379.8000,5379.4000,5383.4000,5383.8000,5384.0000,5387.8000,5388.0000,2,1,1,2,2,2,4,1,1,3
SF,IC2007,2020-05-20 09:33:49.100,5382.4000,1850,0,54878120.000,0,-,-,-,-,5381.6000,5381.0000,5380.4000,5379.8000,5379.4000,5383.4000,5384.0000,5387.8000,5388.0000,5390.0000,2,1,1,2,2,1,1,1,3,1
SF,IC2007,2020-05-20 09:33:49.600,5382.4000,1850,0,54878120.000,0,-,-,-,-,5381.6000,5381.0000,5380.4000,5379.8000,5379.4000,5383.4000,5384.0000,5387.8000,5388.0000,5390.0000,2,1,1,2,2,1,1,1,3,1
SF,IC2007,2020-05-20 09:33:51.600,5381.6000,1849,-1,55954440.000,1,0,1,双平,S,5381.6000,5381.0000,5380.4000,5379.8000,5379.4000,5383.2000,5383.4000,5384.0000,5387.8000,5388.0000,1,1,1,2,2,2,1,1,1,3
SF,IC2007,2020-05-20 09:33:52.100,5381.6000,1849,0,55954440.000,0,-,-,-,-,5381.0000,5380.4000,5379.8000,5379.4000,5379.0000,5383.0000,5383.2000,5383.4000,5384.0000,5387.8000,1,1,2,2,2,1,2,1,1,1
SF,IC2007,2020-05-20 09:33:52.600,5381.6000,1849,0,55954440.000,0,-,-,-,-,5381.0000,5380.4000,5379.8000,5379.4000,5379.0000,5383.0000,5383.4000,5384.0000,5387.8000,5388.0000,1,1,2,2,2,1,1,1,1,3
SF,IC2007,2020-05-20 09:33:53.100,5381.6000,1849,0,55954440.000,0,-,-,-,-,5381.0000,5380.4000,5379.8000,5379.4000,5379.0000,5383.4000,5384.0000,5387.8000,5388.0000,5390.0000,1,1,2,2,2,1,1,1,3,1
SF,IC2007,2020-05-20 09:33:53.600,5381.6000,1849,0,55954440.000,0,-,-,-,-,5381.0000,5380.4000,5379.8000,5379.4000,5379.0000,5383.4000,5384.0000,5387.8000,5388.0000,5390.0000,1,1,2,2,2,1,1,1,3,1
SF,IC2007,2020-05-20 09:33:54.100,5381.6000,1849,0,55954440.000,0,-,-,-,-,5381.0000,5380.4000,5379.8000,5379.4000,5379.0000,5383.2000,5383.4000,5384.0000,5387.8000,5388.0000,1,1,2,2,2,1,1,1,1,3
SF,IC2007,2020-05-20 09:33:54.600,5381.6000,1849,0,55954440.000,0,-,-,-,-,5381.0000,5380.4000,5379.8000,5379.4000,5379.0000,5383.4000,5384.0000,5387.8000,5388.0000,5390.0000,1,1,2,2,2,1,1,1,3,1
SF,IC2007,2020-05-20 09:33:55.100,5381.6000,1849,0,55954440.000,0,-,-,-,-,5381.4000,5381.2000,5381.0000,5379.8000,5379.4000,5383.4000,5384.0000,5387.8000,5388.0000,5390.0000,1,1,1,2,2,1,1,1,3,1
SF,IC2007,2020-05-20 09:33:55.600,5381.6000,1849,0,55954440.000,0,-,-,-,-,5381.6000,5381.2000,5381.0000,5379.8000,5379.4000,5383.4000,5384.0000,5387.8000,5388.0000,5390.0000,1,1,1,2,2,1,1,1,3,1
SF,IC2007,2020-05-20 09:33:59.100,5381.6000,1849,0,55954440.000,0,-,-,-,-,5381.6000,5381.2000,5381.0000,5379.8000,5379.4000,5383.4000,5384.0000,5387.8000,5388.0000,5391.8000,1,1,1,2,2,1,1,1,3,3
SF,IC2007,2020-05-20 09:33:59.600,5381.6000,1849,0,55954440.000,0,-,-,-,-,5381.8000,5381.6000,5381.2000,5379.8000,5379.4000,5384.0000,5387.8000,5388.0000,5391.8000,5392.0000,1,1,1,2,2,1,1,3,3,1
SF,IC2007,2020-05-20 09:34:00.600,5381.6000,1849,0,55954440.000,0,-,-,-,-,5382.0000,5381.8000,5381.6000,5379.8000,5379.4000,5384.0000,5387.8000,5388.0000,5391.8000,5392.0000,1,1,1,2,2,1,1,3,3,1
SF,IC2007,2020-05-20 09:34:01.100,5381.6000,1849,0,55954440.000,0,-,-,-,-,5382.0000,5381.8000,5379.8000,5379.4000,5379.0000,5384.0000,5387.8000,5388.0000,5391.8000,5392.0000,1,1,2,2,2,1,1,3,3,1
SF,IC2007,2020-05-20 09:34:01.600,5381.6000,1849,0,55954440.000,0,-,-,-,-,5381.8000,5379.8000,5379.4000,5379.0000,5378.6000,5383.2000,5383.8000,5384.0000,5387.8000,5388.0000,1,2,2,2,2,1,1,1,1,3
SF,IC2007,2020-05-20 09:34:02.100,5381.6000,1849,0,55954440.000,0,-,-,-,-,5379.8000,5379.4000,5379.0000,5378.6000,5378.2000,5383.2000,5383.8000,5384.0000,5387.8000,5388.0000,2,2,2,2,2,1,1,1,1,3
SF,IC2007,2020-05-20 09:34:02.600,5381.6000,1849,0,55954440.000,0,-,-,-,-,5380.0000,5379.8000,5379.4000,5379.0000,5378.6000,5383.0000,5383.2000,5383.8000,5384.0000,5387.8000,2,2,2,2,2,1,1,1,1,1
SF,IC2007,2020-05-20 09:34:03.100,5381.6000,1849,0,55954440.000,0,-,-,-,-,5380.0000,5379.8000,5379.4000,5379.0000,5378.6000,5383.0000,5383.2000,5383.8000,5384.0000,5387.8000,2,2,2,2,2,1,1,1,1,1
SF,IC2007,2020-05-20 09:34:03.600,5381.6000,1849,0,55954440.000,0,-,-,-,-,5380.0000,5379.8000,5379.4000,5379.0000,5378.6000,5383.0000,5383.2000,5384.0000,5387.8000,5388.0000,2,2,2,2,2,1,1,1,1,3
SF,IC2007,2020-05-20 09:34:04.100,5381.6000,1849,0,55954440.000,0,-,-,-,-,5380.2000,5380.0000,5379.8000,5379.4000,5379.0000,5383.0000,5383.2000,5384.0000,5387.8000,5388.0000,2,2,2,2,2,1,1,1,1,3
SF,IC2007,2020-05-20 09:34:04.600,5381.6000,1849,0,55954440.000,0,-,-,-,-,5380.6000,5380.4000,5380.2000,5379.8000,5379.4000,5383.0000,5383.2000,5384.0000,5387.8000,5388.0000,1,2,2,2,2,1,1,1,1,3
SF,IC2007,2020-05-20 09:34:05.100,5383.2000,1849,0,57031080.000,1,0,1,多换,S,5381.0000,5380.8000,5380.2000,5379.8000,5379.4000,5384.0000,5387.8000,5388.0000,5391.8000,5392.0000,1,2,2,2,2,1,1,3,3,1
SF,IC2007,2020-05-20 09:34:05.600,5383.2000,1849,0,57031080.000,0,-,-,-,-,5381.2000,5381.0000,5380.2000,5379.8000,5379.4000,5384.0000,5387.8000,5388.0000,5391.8000,5392.0000,2,1,2,2,2,1,1,3,3,1
SF,IC2007,2020-05-20 09:34:06.100,5383.2000,1849,0,57031080.000,0,-,-,-,-,5381.2000,5381.0000,5380.2000,5379.8000,5379.4000,5384.0000,5387.8000,5388.0000,5391.8000,5392.0000,2,1,2,2,2,1,1,3,3,1
SF,IC2007,2020-05-20 09:34:06.600,5383.2000,1849,0,57031080.000,0,-,-,-,-,5381.2000,5380.2000,5379.8000,5379.4000,5379.0000,5384.0000,5387.8000,5388.0000,5391.8000,5392.0000,2,2,2,2,2,1,1,3,3,1
SF,IC2007,2020-05-20 09:34:07.100,5383.2000,1849,0,57031080.000,0,-,-,-,-,5381.6000,5381.2000,5380.2000,5379.8000,5379.4000,5384.0000,5387.8000,5388.0000,5391.8000,5392.0000,1,2,2,2,2,1,1,3,3,1
SF,IC2007,2020-05-20 09:34:07.600,5383.2000,1849,0,57031080.000,0,-,-,-,-,5382.0000,5381.8000,5380.2000,5379.8000,5379.4000,5384.0000,5387.8000,5388.0000,5391.8000,5392.0000,1,2,2,2,2,1,1,3,3,1
SF,IC2007,2020-05-20 09:34:08.100,5384.0000,1848,-1,58107880.000,1,0,1,双平,S,5382.2000,5380.2000,5379.8000,5379.4000,5379.0000,5387.8000,5388.0000,5391.8000,5392.0000,5392.8000,3,2,2,2,2,1,3,3,1,3
SF,IC2007,2020-05-20 09:34:08.600,5384.0000,1848,0,58107880.000,0,-,-,-,-,5382.2000,5380.2000,5379.8000,5379.4000,5379.0000,5386.0000,5386.2000,5387.6000,5387.8000,5388.0000,2,2,2,2,2,2,1,5,1,4
SF,IC2007,2020-05-20 09:34:09.100,5384.0000,1848,0,58107880.000,0,-,-,-,-,5382.2000,5380.2000,5379.8000,5379.4000,5379.0000,5385.8000,5386.0000,5386.2000,5387.6000,5387.8000,2,2,2,2,2,2,2,1,3,1
SF,IC2007,2020-05-20 09:34:09.600,5384.0000,1848,0,58107880.000,0,-,-,-,-,5382.4000,5382.2000,5380.2000,5379.8000,5379.4000,5385.8000,5386.0000,5387.6000,5387.8000,5388.0000,1,2,2,2,2,1,1,3,1,4
SF,IC2007,2020-05-20 09:34:10.100,5384.0000,1848,0,58107880.000,0,-,-,-,-,5382.6000,5382.4000,5380.2000,5379.8000,5379.4000,5387.6000,5387.8000,5388.0000,5391.8000,5392.0000,2,1,1,2,2,3,1,4,3,1
SF,IC2007,2020-05-20 09:34:10.600,5384.0000,1848,0,58107880.000,0,-,-,-,-,5382.6000,5382.4000,5380.2000,5379.8000,5379.4000,5387.2000,5387.4000,5387.6000,5387.8000,5388.0000,2,1,1,2,2,2,5,3,1,4
SF,IC2007,2020-05-20 09:34:11.100,5384.0000,1848,0,58107880.000,0,-,-,-,-,5382.6000,5382.4000,5380.2000,5379.8000,5379.4000,5387.0000,5387.2000,5387.4000,5387.6000,5387.8000,2,1,1,2,2,2,2,4,3,1
SF,IC2007,2020-05-20 09:34:11.600,5384.0000,1848,0,58107880.000,0,-,-,-,-,5382.8000,5382.6000,5382.4000,5380.2000,5379.8000,5387.0000,5387.2000,5387.4000,5387.6000,5387.8000,2,2,1,1,2,2,2,4,3,1
SF,IC2007,2020-05-20 09:34:12.100,5384.0000,1848,0,58107880.000,0,-,-,-,-,5383.0000,5382.8000,5382.4000,5380.2000,5379.8000,5386.8000,5387.0000,5387.2000,5387.4000,5387.6000,2,2,1,1,2,2,2,2,4,3
SF,IC2007,2020-05-20 09:34:12.600,5384.0000,1848,0,58107880.000,0,-,-,-,-,5383.0000,5382.8000,5382.4000,5380.2000,5379.8000,5386.6000,5386.8000,5387.0000,5387.2000,5387.4000,2,2,1,1,2,1,2,1,2,4
SF,IC2007,2020-05-20 09:34:13.100,5384.0000,1848,0,58107880.000,0,-,-,-,-,5383.0000,5382.8000,5382.4000,5380.2000,5379.8000,5386.6000,5386.8000,5387.0000,5387.2000,5387.4000,2,2,1,1,2,1,2,1,2,4
SF,IC2007,2020-05-20 09:34:14.100,5384.0000,1848,0,58107880.000,0,-,-,-,-,5383.2000,5383.0000,5382.8000,5382.4000,5380.2000,5386.6000,5386.8000,5387.4000,5387.6000,5387.8000,1,2,2,1,1,1,2,4,3,1
SF,IC2007,2020-05-20 09:34:14.600,5384.0000,1848,0,58107880.000,0,-,-,-,-,5383.4000,5382.8000,5382.4000,5380.2000,5379.8000,5386.6000,5387.4000,5387.6000,5387.8000,5388.0000,2,2,1,1,2,1,3,2,1,3
SF,IC2007,2020-05-20 09:34:15.100,5384.0000,1848,0,58107880.000,0,-,-,-,-,5383.8000,5383.4000,5382.8000,5382.4000,5380.2000,5386.6000,5387.4000,5387.6000,5387.8000,5388.0000,1,2,2,1,1,1,3,2,1,3
SF,IC2007,2020-05-20 09:34:15.600,5384.0000,1848,0,58107880.000,0,-,-,-,-,5384.2000,5384.0000,5382.8000,5382.4000,5380.2000,5386.6000,5387.4000,5387.6000,5387.8000,5388.0000,1,2,2,1,1,1,3,2,1,3
SF,IC2007,2020-05-20 09:34:16.100,5384.0000,1848,0,58107880.000,0,-,-,-,-,5384.6000,5382.8000,5382.4000,5380.2000,5379.8000,5386.6000,5387.4000,5387.6000,5387.8000,5388.0000,1,2,1,1,2,1,3,2,1,3
SF,IC2007,2020-05-20 09:34:16.600,5384.0000,1848,0,58107880.000,0,-,-,-,-,5382.8000,5382.4000,5380.2000,5379.8000,5379.4000,5386.4000,5386.6000,5387.4000,5387.6000,5387.8000,1,1,1,2,2,2,1,3,2,1
SF,IC2007,2020-05-20 09:34:17.100,5384.0000,1848,0,58107880.000,0,-,-,-,-,5383.0000,5380.2000,5379.8000,5379.4000,5379.0000,5386.2000,5386.4000,5387.4000,5387.6000,5387.8000,2,1,2,2,2,1,1,3,2,1
SF,IC2007,2020-05-20 09:34:17.600,5384.0000,1848,0,58107880.000,0,-,-,-,-,5383.4000,5383.0000,5380.2000,5379.8000,5379.4000,5386.2000,5386.4000,5387.4000,5387.6000,5387.8000,1,2,1,2,2,1,1,3,2,1
SF,IC2007,2020-05-20 09:34:18.100,5384.0000,1848,0,58107880.000,0,-,-,-,-,5383.0000,5380.2000,5379.8000,5379.4000,5379.0000,5385.8000,5386.0000,5386.2000,5386.4000,5387.4000,1,1,2,2,2,1,1,1,1,3
SF,IC2007,2020-05-20 09:34:18.600,5384.0000,1848,0,58107880.000,0,-,-,-,-,5383.4000,5383.2000,5380.2000,5379.8000,5379.4000,5386.0000,5386.2000,5386.4000,5387.4000,5387.6000,1,1,1,2,2,1,1,1,3,2
SF,IC2007,2020-05-20 09:34:19.100,5384.0000,1848,0,58107880.000,0,-,-,-,-,5383.4000,5383.2000,5380.2000,5379.8000,5379.4000,5385.8000,5386.0000,5386.4000,5387.4000,5387.6000,1,1,1,2,2,1,1,1,3,2
SF,IC2007,2020-05-20 09:34:19.600,5385.8000,1847,-1,59185040.000,1,0,1,双平,S,5383.4000,5383.2000,5380.2000,5379.8000,5379.4000,5386.0000,5386.4000,5387.4000,5387.6000,5387.8000,1,1,1,2,2,1,1,3,2,1
SF,IC2007,2020-05-20 09:34:20.100,5385.8000,1847,0,59185040.000,0,-,-,-,-,5383.6000,5383.4000,5380.2000,5379.8000,5379.4000,5386.4000,5387.4000,5387.6000,5387.8000,5388.0000,1,1,1,2,2,1,3,2,1,3
SF,IC2007,2020-05-20 09:34:20.600,5385.8000,1847,0,59185040.000,0,-,-,-,-,5383.6000,5380.2000,5379.8000,5379.4000,5379.0000,5386.0000,5386.2000,5386.4000,5387.4000,5387.6000,1,1,2,2,2,1,3,1,3,2
SF,IC2007,2020-05-20 09:34:21.100,5385.8000,1847,0,59185040.000,0,-,-,-,-,5380.2000,5379.8000,5379.4000,5379.0000,5378.6000,5385.6000,5385.8000,5386.2000,5386.4000,5387.4000,1,2,2,2,2,1,4,2,1,3
SF,IC2007,2020-05-20 09:34:21.600,5385.8000,1847,0,59185040.000,0,-,-,-,-,5380.4000,5380.2000,5379.8000,5379.4000,5379.0000,5385.4000,5385.6000,5385.8000,5386.2000,5386.4000,4,1,2,2,2,4,1,3,2,1
SF,IC2007,2020-05-20 09:34:22.100,5385.8000,1847,0,59185040.000,0,-,-,-,-,5380.4000,5380.2000,5379.8000,5379.4000,5379.0000,5385.4000,5385.6000,5385.8000,5386.2000,5386.4000,2,1,2,2,2,4,1,3,2,1
SF,IC2007,2020-05-20 09:34:22.600,5385.8000,1847,0,59185040.000,0,-,-,-,-,5380.4000,5379.8000,5379.4000,5379.0000,5378.6000,5384.6000,5384.8000,5385.0000,5385.2000,5385.4000,2,2,2,2,2,2,1,1,1,4
SF,IC2007,2020-05-20 09:34:23.100,5385.8000,1847,0,59185040.000,0,-,-,-,-,5380.4000,5379.8000,5379.4000,5379.0000,5378.6000,5384.4000,5384.8000,5385.0000,5385.2000,5385.4000,2,2,2,2,2,7,1,1,2,2
SF,IC2007,2020-05-20 09:34:23.600,5385.8000,1847,0,59185040.000,0,-,-,-,-,5380.4000,5379.8000,5379.4000,5379.0000,5378.6000,5384.4000,5384.8000,5385.0000,5385.2000,5385.4000,2,2,2,2,2,6,1,1,2,2
SF,IC2007,2020-05-20 09:34:24.100,5385.8000,1847,0,59185040.000,0,-,-,-,-,5380.6000,5380.4000,5379.8000,5379.4000,5379.0000,5384.4000,5385.0000,5385.2000,5385.4000,5385.8000,1,2,2,2,2,1,1,2,2,3
SF,IC2007,2020-05-20 09:34:24.600,5385.8000,1847,0,59185040.000,0,-,-,-,-,5380.8000,5380.6000,5379.8000,5379.4000,5379.0000,5384.4000,5385.0000,5385.2000,5385.4000,5385.8000,3,1,2,2,2,1,1,2,2,3
SF,IC2007,2020-05-20 09:34:25.100,5385.8000,1847,0,59185040.000,0,-,-,-,-,5380.8000,5380.6000,5379.8000,5379.4000,5379.0000,5385.0000,5385.2000,5385.4000,5385.8000,5386.2000,3,1,2,2,2,1,2,2,3,2
SF,IC2007,2020-05-20 09:34:25.600,5385.8000,1847,0,59185040.000,0,-,-,-,-,5380.8000,5380.6000,5379.8000,5379.4000,5379.0000,5384.8000,5385.0000,5385.2000,5385.4000,5385.8000,3,1,2,2,2,2,1,2,1,3
SF,IC2007,2020-05-20 09:34:26.600,5385.8000,1847,0,59185040.000,0,-,-,-,-,5381.0000,5380.8000,5380.6000,5379.8000,5379.4000,5384.8000,5385.0000,5385.2000,5385.8000,5386.2000,1,3,1,2,2,1,1,2,3,2
SF,IC2007,2020-05-20 09:34:27.100,5385.8000,1847,0,59185040.000,0,-,-,-,-,5381.2000,5380.8000,5380.6000,5379.8000,5379.4000,5384.6000,5384.8000,5385.2000,5385.8000,5386.2000,2,1,1,2,2,2,1,2,3,2
SF,IC2007,2020-05-20 09:34:27.600,5385.8000,1847,0,59185040.000,0,-,-,-,-,5381.2000,5380.8000,5379.8000,5379.4000,5379.0000,5384.4000,5384.6000,5385.2000,5385.8000,5386.2000,1,1,2,2,2,2,2,2,3,2
SF,IC2007,2020-05-20 09:34:28.100,5385.8000,1847,0,59185040.000,0,-,-,-,-,5379.8000,5379.4000,5379.0000,5378.6000,5378.2000,5384.0000,5384.2000,5384.4000,5384.6000,5385.2000,2,2,2,2,2,1,5,2,2,2
SF,IC2007,2020-05-20 09:34:28.600,5385.8000,1847,0,59185040.000,0,-,-,-,-,5380.0000,5379.8000,5379.4000,5379.0000,5378.6000,5383.8000,5384.0000,5384.2000,5384.4000,5384.6000,1,2,2,2,2,5,1,5,1,2
SF,IC2007,2020-05-20 09:34:29.100,5379.8000,1849,2,61336960.000,2,2,0,双开,S,5379.4000,5379.0000,5378.6000,5378.2000,5377.8000,5383.2000,5383.6000,5383.8000,5384.0000,5384.2000,2,2,2,2,1,2,1,5,1,3
SF,IC2007,2020-05-20 09:34:29.600,5379.8000,1849,0,61336960.000,0,-,-,-,-,5379.4000,5379.0000,5378.6000,5378.2000,5377.8000,5382.4000,5383.0000,5383.6000,5383.8000,5384.2000,2,2,2,2,1,3,6,1,3,3
SF,IC2007,2020-05-20 09:34:30.100,5379.8000,1849,0,61336960.000,0,-,-,-,-,5379.6000,5379.4000,5379.0000,5378.6000,5378.2000,5381.8000,5382.2000,5382.4000,5383.0000,5383.6000,1,2,2,2,2,2,3,1,4,1
SF,IC2007,2020-05-20 09:34:30.600,5379.8000,1849,0,61336960.000,0,-,-,-,-,5379.6000,5379.4000,5379.0000,5378.6000,5378.2000,5381.6000,5381.8000,5382.2000,5383.0000,5383.6000,1,2,2,2,2,2,2,2,4,1
SF,IC2007,2020-05-20 09:34:31.100,5379.8000,1849,0,61336960.000,0,-,-,-,-,5379.8000,5379.6000,5379.4000,5379.0000,5378.6000,5383.0000,5383.6000,5383.8000,5384.2000,5384.4000,1,1,2,2,2,4,1,3,3,1
SF,IC2007,2020-05-20 09:34:31.600,5379.8000,1849,0,61336960.000,0,-,-,-,-,5380.2000,5380.0000,5379.4000,5379.0000,5378.6000,5382.8000,5383.0000,5383.6000,5383.8000,5384.2000,1,1,2,2,2,3,4,1,3,3
SF,IC2007,2020-05-20 09:34:32.100,5379.8000,1849,0,61336960.000,0,-,-,-,-,5380.4000,5380.2000,5379.4000,5379.0000,5378.6000,5382.8000,5383.0000,5383.6000,5383.8000,5384.2000,1,1,2,2,2,3,4,1,3,3
SF,IC2007,2020-05-20 09:34:32.600,5379.8000,1849,0,61336960.000,0,-,-,-,-,5382.4000,5380.8000,5380.4000,5379.4000,5379.0000,5382.6000,5382.8000,5383.0000,5383.8000,5384.2000,1,1,1,2,2,1,3,3,3,3
SF,IC2007,2020-05-20 09:34:33.100,5382.2000,1849,0,62413400.000,1,0,1,多换,S,5379.4000,5379.0000,5378.6000,5378.2000,5377.8000,5382.2000,5382.4000,5382.6000,5382.8000,5383.0000,2,2,2,2,1,1,3,1,3,3
SF,IC2007,2020-05-20 09:34:33.600,5382.2000,1849,0,62413400.000,0,-,-,-,-,5379.8000,5379.6000,5379.4000,5379.0000,5378.6000,5382.4000,5382.6000,5382.8000,5383.0000,5383.8000,1,1,2,2,2,1,1,3,3,3
SF,IC2007,2020-05-20 09:34:34.100,5382.2000,1849,0,62413400.000,0,-,-,-,-,5380.0000,5379.8000,5379.4000,5379.0000,5378.6000,5382.6000,5383.0000,5383.8000,5384.2000,5384.4000,1,1,2,2,2,1,3,3,3,1
SF,IC2007,2020-05-20 09:34:34.600,5382.2000,1849,0,62413400.000,0,-,-,-,-,5380.0000,5379.8000,5379.4000,5379.0000,5378.6000,5382.6000,5383.0000,5383.8000,5384.2000,5384.4000,1,1,2,2,2,1,3,3,3,1
SF,IC2007,2020-05-20 09:34:35.100,5382.2000,1849,0,62413400.000,0,-,-,-,-,5380.0000,5379.8000,5379.4000,5379.0000,5378.6000,5382.6000,5383.8000,5384.2000,5384.4000,5384.6000,1,1,2,2,2,1,3,3,1,1
SF,IC2007,2020-05-20 09:34:35.600,5382.2000,1849,0,62413400.000,0,-,-,-,-,5380.2000,5380.0000,5379.8000,5379.4000,5379.0000,5382.6000,5383.8000,5384.2000,5384.4000,5384.6000,1,1,1,2,2,1,3,3,1,1
SF,IC2007,2020-05-20 09:34:36.100,5382.2000,1849,0,62413400.000,0,-,-,-,-,5380.4000,5380.2000,5379.4000,5379.0000,5378.6000,5382.6000,5383.8000,5384.2000,5384.4000,5384.6000,1,1,2,2,2,1,3,3,1,1
SF,IC2007,2020-05-20 09:34:37.100,5382.2000,1849,0,62413400.000,0,-,-,-,-,5380.4000,5380.2000,5379.4000,5379.0000,5378.6000,5382.4000,5382.6000,5383.8000,5384.2000,5384.4000,1,1,2,2,2,3,1,3,3,1
SF,IC2007,2020-05-20 09:34:37.600,5382.2000,1849,0,62413400.000,0,-,-,-,-,5380.2000,5379.4000,5379.0000,5378.6000,5378.2000,5382.2000,5382.4000,5382.6000,5383.8000,5384.2000,1,2,2,2,2,2,3,1,3,3
SF,IC2007,2020-05-20 09:34:38.100,5382.2000,1849,0,63489840.000,1,0,1,多换,S,5379.4000,5379.0000,5378.6000,5378.2000,5377.8000,5382.0000,5382.2000,5382.4000,5382.6000,5383.8000,2,2,2,2,1,5,1,3,1,3
SF,IC2007,2020-05-20 09:34:38.600,5382.2000,1849,0,63489840.000,0,-,-,-,-,5379.4000,5379.0000,5378.6000,5378.2000,5377.8000,5381.6000,5381.8000,5382.0000,5382.4000,5382.6000,2,2,2,2,1,2,1,4,3,1
SF,IC2007,2020-05-20 09:34:39.100,5382.2000,1849,0,63489840.000,0,-,-,-,-,5379.6000,5379.4000,5379.0000,5378.6000,5378.2000,5381.4000,5381.6000,5381.8000,5382.0000,5382.4000,1,2,2,2,2,1,2,1,4,3
SF,IC2007,2020-05-20 09:34:39.600,5382.2000,1849,0,63489840.000,0,-,-,-,-,5379.6000,5379.4000,5379.0000,5378.6000,5378.2000,5381.2000,5382.4000,5383.8000,5384.2000,5384.6000,1,2,2,2,2,1,3,3,3,1
SF,IC2007,2020-05-20 09:34:40.100,5381.6000,1848,-1,64566160.000,1,0,1,双平,S,5379.8000,5379.6000,5379.4000,5379.0000,5378.6000,5382.4000,5383.8000,5384.2000,5384.6000,5385.2000,1,1,2,2,2,3,3,3,1,1
SF,IC2007,2020-05-20 09:34:40.600,5381.6000,1848,0,64566160.000,0,-,-,-,-,5380.0000,5379.8000,5379.4000,5379.0000,5378.6000,5382.2000,5382.4000,5383.8000,5384.2000,5384.6000,1,1,2,2,2,1,3,3,3,1
SF,IC2007,2020-05-20 09:34:41.100,5381.6000,1848,0,64566160.000,0,-,-,-,-,5380.0000,5379.8000,5379.4000,5379.0000,5378.6000,5382.2000,5382.4000,5383.8000,5384.2000,5384.6000,1,1,2,2,2,1,3,3,3,1
SF,IC2007,2020-05-20 09:34:41.600,5381.6000,1848,0,64566160.000,0,-,-,-,-,5380.0000,5379.8000,5379.4000,5379.0000,5378.6000,5382.0000,5382.2000,5382.4000,5383.8000,5384.2000,1,1,2,2,2,2,1,3,3,3
SF,IC2007,2020-05-20 09:34:42.600,5381.6000,1848,0,64566160.000,0,-,-,-,-,5380.0000,5379.4000,5379.0000,5378.6000,5378.2000,5381.8000,5382.0000,5382.2000,5382.4000,5383.8000,1,2,2,2,2,3,2,1,3,3
SF,IC2007,2020-05-20 09:34:43.100,5381.6000,1848,0,64566160.000,0,-,-,-,-,5379.4000,5379.0000,5378.6000,5378.2000,5377.8000,5381.8000,5382.0000,5382.2000,5382.4000,5383.8000,2,2,2,2,1,4,2,1,3,3
SF,IC2007,2020-05-20 09:34:43.600,5381.6000,1848,0,64566160.000,0,-,-,-,-,5379.4000,5379.0000,5378.6000,5378.2000,5377.8000,5381.4000,5381.8000,5382.0000,5382.2000,5382.4000,2,2,2,2,1,2,4,2,1,3
SF,IC2007,2020-05-20 09:34:44.100,5381.6000,1848,0,64566160.000,0,-,-,-,-,5379.4000,5379.0000,5378.6000,5378.2000,5377.8000,5381.2000,5381.4000,5381.8000,5382.0000,5382.2000,2,2,2,2,1,1,1,4,2,1
SF,IC2007,2020-05-20 09:34:44.600,5379.4000,1848,0,66717920.000,2,1,1,多换,S,5379.0000,5378.6000,5378.2000,5377.8000,5375.8000,5381.0000,5381.2000,5381.4000,5381.8000,5382.0000,2,2,2,1,1,1,1,1,4,2
SF,IC2007,2020-05-20 09:34:45.100,5379.4000,1848,0,66717920.000,0,-,-,-,-,5379.0000,5378.6000,5378.2000,5377.8000,5375.8000,5381.0000,5381.4000,5381.8000,5382.0000,5382.2000,2,2,2,1,1,1,1,3,2,1
SF,IC2007,2020-05-20 09:34:45.600,5379.4000,1848,0,66717920.000,0,-,-,-,-,5379.0000,5378.6000,5378.2000,5377.8000,5375.8000,5380.6000,5380.8000,5381.0000,5381.8000,5382.0000,2,2,2,1,1,1,1,1,3,2
SF,IC2007,2020-05-20 09:34:46.100,5379.4000,1848,0,66717920.000,0,-,-,-,-,5379.0000,5378.6000,5378.2000,5377.8000,5375.8000,5380.4000,5380.6000,5380.8000,5381.0000,5381.8000,2,2,2,1,1,1,1,1,1,3
SF,IC2007,2020-05-20 09:34:46.600,5379.4000,1848,0,66717920.000,0,-,-,-,-,5379.2000,5379.0000,5378.6000,5378.2000,5377.8000,5380.4000,5381.8000,5382.2000,5382.4000,5383.8000,1,2,2,2,1,1,3,1,3,3
SF,IC2007,2020-05-20 09:34:47.100,5380.4000,1848,0,67794000.000,1,0,1,多换,S,5379.4000,5379.2000,5379.0000,5378.6000,5378.2000,5381.8000,5382.2000,5382.4000,5383.8000,5384.2000,1,1,2,2,2,3,1,3,3,3
SF,IC2007,2020-05-20 09:34:47.600,5380.4000,1848,0,67794000.000,0,-,-,-,-,5379.8000,5379.6000,5379.0000,5378.6000,5378.2000,5382.2000,5382.4000,5383.8000,5384.2000,5384.6000,1,1,2,2,2,1,3,3,3,1
SF,IC2007,2020-05-20 09:34:48.100,5380.4000,1848,0,67794000.000,0,-,-,-,-,5380.0000,5379.8000,5379.0000,5378.6000,5378.2000,5382.0000,5382.2000,5382.4000,5383.8000,5384.2000,1,1,2,2,2,3,1,3,3,3
SF,IC2007,2020-05-20 09:34:49.100,5380.4000,1848,0,67794000.000,0,-,-,-,-,5380.2000,5380.0000,5379.0000,5378.6000,5378.2000,5382.0000,5382.2000,5382.4000,5383.8000,5384.2000,1,1,2,2,2,3,1,3,3,3
SF,IC2007,2020-05-20 09:34:49.600,5380.4000,1848,0,67794000.000,0,-,-,-,-,5380.4000,5380.2000,5379.0000,5378.6000,5378.2000,5382.4000,5383.8000,5384.2000,5384.6000,5385.2000,1,1,2,2,2,3,3,3,1,1
SF,IC2007,2020-05-20 09:34:50.100,5380.4000,1848,0,67794000.000,0,-,-,-,-,5380.6000,5380.4000,5379.0000,5378.6000,5378.2000,5383.8000,5384.2000,5384.6000,5385.2000,5385.8000,1,1,2,2,2,3,3,1,1,3
SF,IC2007,2020-05-20 09:34:50.600,5380.4000,1848,0,67794000.000,0,-,-,-,-,5380.8000,5379.0000,5378.6000,5378.2000,5377.8000,5383.6000,5383.8000,5384.2000,5384.6000,5385.2000,1,2,2,2,1,6,3,3,1,1
SF,IC2007,2020-05-20 09:34:51.100,5380.4000,1848,0,67794000.000,0,-,-,-,-,5380.8000,5379.0000,5378.6000,5378.2000,5377.8000,5383.4000,5383.6000,5383.8000,5384.2000,5384.6000,1,2,2,2,1,1,6,3,3,1
SF,IC2007,2020-05-20 09:34:51.600,5380.4000,1848,0,67794000.000,0,-,-,-,-,5379.0000,5378.6000,5378.2000,5377.8000,5375.8000,5383.2000,5383.4000,5383.6000,5383.8000,5384.2000,2,2,2,1,1,4,1,5,3,3
SF,IC2007,2020-05-20 09:34:52.100,5380.4000,1848,0,67794000.000,0,-,-,-,-,5379.2000,5379.0000,5378.6000,5378.2000,5377.8000,5383.2000,5383.4000,5383.6000,5383.8000,5384.2000,2,2,2,2,1,4,1,5,3,3
SF,IC2007,2020-05-20 09:34:52.600,5380.4000,1848,0,67794000.000,0,-,-,-,-,5379.2000,5379.0000,5378.6000,5378.2000,5377.8000,5383.0000,5383.2000,5383.6000,5383.8000,5384.2000,2,2,2,2,1,3,4,5,3,3
SF,IC2007,2020-05-20 09:34:53.100,5380.4000,1848,0,67794000.000,0,-,-,-,-,5379.2000,5379.0000,5378.6000,5378.2000,5377.8000,5382.8000,5383.0000,5383.2000,5383.6000,5383.8000,2,2,2,2,1,4,3,3,5,3
SF,IC2007,2020-05-20 09:34:54.600,5380.4000,1848,0,67794000.000,0,-,-,-,-,5379.2000,5379.0000,5378.6000,5378.2000,5377.8000,5382.6000,5382.8000,5383.0000,5383.2000,5383.6000,2,2,2,2,1,1,4,2,3,5
SF,IC2007,2020-05-20 09:34:55.100,5380.4000,1848,0,67794000.000,0,-,-,-,-,5379.2000,5379.0000,5378.6000,5378.2000,5377.8000,5382.4000,5382.6000,5382.8000,5383.0000,5383.2000,2,2,2,2,1,3,1,3,2,3
SF,IC2007,2020-05-20 09:34:55.600,5380.4000,1848,0,67794000.000,0,-,-,-,-,5379.2000,5379.0000,5378.6000,5378.2000,5377.8000,5382.0000,5382.2000,5382.4000,5382.6000,5382.8000,2,2,2,2,1,1,2,3,1,3
SF,IC2007,2020-05-20 09:34:56.100,5380.4000,1848,0,67794000.000,0,-,-,-,-,5379.2000,5379.0000,5378.6000,5378.2000,5377.8000,5381.6000,5381.8000,5382.2000,5382.4000,5382.6000,2,2,2,2,1,1,1,2,3,1
SF,IC2007,2020-05-20 09:34:56.600,5379.2000,1847,-1,68869840.000,1,0,1,双平,S,5379.0000,5378.6000,5378.2000,5377.8000,5375.8000,5381.2000,5381.4000,5381.8000,5382.2000,5382.4000,2,2,2,1,1,1,4,1,2,2
SF,IC2007,2020-05-20 09:34:57.100,5379.2000,1847,0,68869840.000,0,-,-,-,-,5379.0000,5378.6000,5378.2000,5377.8000,5375.8000,5381.0000,5381.2000,5381.4000,5381.8000,5382.2000,2,2,2,1,1,2,1,3,1,2
SF,IC2007,2020-05-20 09:34:57.600,5379.2000,1847,0,68869840.000,0,-,-,-,-,5379.0000,5378.6000,5378.2000,5377.8000,5375.8000,5380.8000,5381.0000,5381.4000,5381.8000,5382.2000,2,2,2,1,1,1,2,3,1,2
SF,IC2007,2020-05-20 09:34:58.100,5379.2000,1847,0,68869840.000,0,-,-,-,-,5379.0000,5378.6000,5378.2000,5377.8000,5375.8000,5380.8000,5381.4000,5381.8000,5382.2000,5382.4000,2,2,2,1,1,1,3,1,2,2
SF,IC2007,2020-05-20 09:34:58.600,5379.2000,1847,0,68869840.000,0,-,-,-,-,5379.0000,5378.6000,5378.2000,5377.8000,5375.8000,5380.8000,5381.4000,5381.8000,5382.2000,5382.4000,2,2,2,1,1,1,3,1,2,2
SF,IC2007,2020-05-20 09:34:59.100,5379.2000,1847,0,68869840.000,0,-,-,-,-,5379.0000,5378.6000,5378.2000,5377.8000,5375.8000,5380.6000,5380.8000,5381.4000,5381.8000,5382.2000,2,2,2,1,1,1,1,3,1,2
