市场代码,合约代码,时间,最新,持仓,增仓,成交额,成交量,开仓,平仓,成交类型,方向,买一价,买二价,买三价,买四价,买五价,卖一价,卖二价,卖三价,卖四价,卖五价,买一量,买二量,买三量,买四量,买五量,卖一量,卖二量,卖三量,卖四量,卖五量
SF,IC2006,2020-01-02 09:29:00.100,5210.0000,35184,0,76066000.000,73.000,-,-,-,-,5210.0000,5207.0000,5206.0000,5205.0000,5204.2000,5210.2000,5210.8000,5211.4000,5212.0000,5212.6000,5,1,1,2,1,2,2,2,2,2
SF,IC2006,2020-01-02 09:30:00.100,5208.6000,35188,4,92732240.000,16,10,6,空开,S,5206.6000,5205.0000,5204.2000,5203.4000,5200.0000,5208.8000,5209.6000,5209.8000,5210.0000,5210.2000,2,1,1,2,31,1,2,7,11,2
SF,IC2006,2020-01-02 09:30:00.600,5208.8000,35199,11,132313280.000,38,24,14,空开,S,5203.4000,5200.0000,5199.0000,5195.0000,5194.8000,5209.0000,5209.2000,5209.4000,5210.0000,5210.2000,2,26,1,1,1,1,1,1,12,2
SF,IC2006,2020-01-02 09:30:01.100,5208.8000,35202,3,141689120.000,9,6,3,空开,S,5205.2000,5204.8000,5203.6000,5203.4000,5200.0000,5209.0000,5209.2000,5209.4000,5210.0000,5210.2000,2,1,1,2,26,1,1,1,12,2
SF,IC2006,2020-01-02 09:30:01.600,5208.8000,35201,-1,146897960.000,5,2,3,多平,S,5205.4000,5203.4000,5200.0000,5199.0000,5195.0000,5209.2000,5209.4000,5210.0000,5210.2000,5210.8000,3,2,22,1,1,1,1,14,2,3
SF,IC2006,2020-01-02 09:30:02.100,5209.2000,35199,-2,154187200.000,7,2,5,多平,S,5209.2000,5209.0000,5203.4000,5200.0000,5199.0000,5209.4000,5210.0000,5210.2000,5210.8000,5211.4000,1,2,1,19,1,1,13,2,3,2
SF,IC2006,2020-01-02 09:30:02.600,5209.2000,35192,-7,167731160.000,13,3,10,多平,S,5209.4000,5209.2000,5209.0000,5208.8000,5203.4000,5210.0000,5210.2000,5210.8000,5211.4000,5212.0000,4,1,2,1,1,14,2,3,2,2
SF,IC2006,2020-01-02 09:30:03.100,5209.6000,35190,-2,171898800.000,4,1,3,多平,S,5209.6000,5209.4000,5209.2000,5209.0000,5208.8000,5209.8000,5210.0000,5210.2000,5210.8000,5211.4000,4,3,1,2,1,1,14,2,3,2
SF,IC2006,2020-01-02 09:30:03.600,5209.8000,35189,-1,177108480.000,5,2,3,多平,S,5209.6000,5209.4000,5209.2000,5209.0000,5208.8000,5209.8000,5210.0000,5210.2000,5210.8000,5211.4000,1,2,2,2,1,1,14,2,3,2
SF,IC2006,2020-01-02 09:30:04.100,5209.8000,35189,0,179192360.000,2,1,1,多换,S,5209.4000,5209.2000,5209.0000,5208.8000,5203.8000,5209.8000,5210.0000,5210.2000,5210.8000,5211.4000,3,2,2,1,1,2,14,2,3,2
SF,IC2006,2020-01-02 09:30:04.600,5210.0000,35185,-4,190653880.000,11,3,8,多平,S,5209.8000,5209.2000,5209.0000,5208.8000,5203.8000,5210.0000,5210.2000,5210.8000,5211.4000,5212.0000,1,2,2,2,1,9,2,3,2,2
SF,IC2006,2020-01-02 09:30:05.100,5209.8000,35181,-4,197947800.000,7,1,6,多平,S,5209.8000,5209.2000,5209.0000,5208.8000,5203.8000,5210.0000,5210.2000,5210.8000,5211.4000,5212.0000,2,2,2,2,1,4,2,3,2,2
SF,IC2006,2020-01-02 09:30:05.600,5210.0000,35179,-2,203157760.000,5,1,4,多平,S,5209.8000,5209.2000,5209.0000,5208.8000,5203.8000,5210.2000,5210.8000,5211.4000,5212.0000,5212.6000,1,2,2,2,1,2,3,2,2,2
SF,IC2006,2020-01-02 09:30:06.100,5210.2000,35179,0,205241840.000,2,1,1,多换,S,5210.0000,5209.8000,5209.2000,5209.0000,5208.8000,5210.8000,5211.4000,5212.0000,5212.6000,5213.0000,2,3,2,2,2,3,2,2,2,1
SF,IC2006,2020-01-02 09:30:06.600,5210.2000,35179,0,205241840.000,0,-,-,-,-,5210.0000,5209.8000,5209.2000,5209.0000,5208.8000,5210.8000,5211.4000,5212.0000,5212.6000,5213.0000,4,3,2,2,2,3,2,2,2,1
SF,IC2006,2020-01-02 09:30:07.100,5210.0000,35179,0,206283840.000,1,0,1,多换,S,5210.2000,5210.0000,5209.8000,5209.6000,5209.2000,5210.6000,5210.8000,5211.4000,5212.0000,5212.6000,1,2,3,1,2,1,3,2,2,2
SF,IC2006,2020-01-02 09:30:07.600,5210.8000,35179,0,212535960.000,6,3,3,多换,S,5210.2000,5209.8000,5209.6000,5209.2000,5209.0000,5210.8000,5211.4000,5212.0000,5212.6000,5213.0000,1,2,1,2,2,2,2,2,2,1
SF,IC2006,2020-01-02 09:30:08.100,5210.8000,35179,0,216704080.000,4,2,2,多换,S,5209.6000,5209.2000,5209.0000,5208.8000,5203.8000,5210.8000,5211.4000,5212.0000,5212.6000,5213.0000,1,2,2,2,1,1,2,2,2,1
SF,IC2006,2020-01-02 09:30:08.600,5210.8000,35178,-1,219830320.000,3,1,2,多平,S,5210.8000,5210.2000,5209.8000,5209.2000,5209.0000,5211.4000,5212.0000,5212.6000,5213.0000,5213.2000,1,1,2,2,2,2,2,2,1,2
SF,IC2006,2020-01-02 09:30:09.100,5210.2000,35178,0,222956560.000,3,1,2,多换,S,5209.8000,5209.2000,5209.0000,5208.8000,5203.8000,5210.0000,5210.2000,5211.4000,5212.0000,5212.6000,2,2,2,2,1,1,1,2,2,2
SF,IC2006,2020-01-02 09:30:09.600,5210.2000,35174,-4,227124720.000,4,0,4,双平,S,5210.6000,5210.2000,5210.0000,5209.8000,5209.2000,5212.0000,5212.6000,5213.0000,5213.2000,5213.8000,1,1,1,2,2,2,2,1,2,2
SF,IC2006,2020-01-02 09:30:10.100,5212.0000,35176,2,231294000.000,4,3,1,空开,S,5212.0000,5210.2000,5210.0000,5209.8000,5209.2000,5212.6000,5213.0000,5213.2000,5213.8000,5214.4000,2,1,1,2,2,2,1,2,2,2
SF,IC2006,2020-01-02 09:30:10.600,5212.0000,35171,-5,238590920.000,7,1,6,多平,S,5212.0000,5211.4000,5210.2000,5210.0000,5209.8000,5212.6000,5213.0000,5213.2000,5213.8000,5214.4000,17,1,2,1,2,2,1,2,2,2
SF,IC2006,2020-01-02 09:30:11.100,5213.0000,35168,-3,244845960.000,6,1,5,多平,S,5212.6000,5212.0000,5211.4000,5210.2000,5210.0000,5213.2000,5213.8000,5214.4000,5215.0000,5215.6000,1,15,1,2,3,2,2,2,5,2
SF,IC2006,2020-01-02 09:30:11.600,5213.2000,35168,0,246931240.000,2,1,1,多换,S,5212.6000,5212.0000,5211.4000,5210.2000,5210.0000,5213.0000,5213.6000,5213.8000,5214.4000,5215.0000,2,15,1,1,2,1,1,2,2,5
SF,IC2006,2020-01-02 09:30:12.100,5213.8000,35166,-2,252144800.000,5,1,4,多平,S,5213.6000,5213.4000,5213.2000,5213.0000,5212.8000,5214.4000,5215.0000,5215.6000,5216.0000,5217.6000,2,2,2,1,1,2,5,2,2,4
SF,IC2006,2020-01-02 09:30:12.600,5213.8000,35164,-2,257358640.000,5,1,4,多平,S,5213.4000,5213.2000,5213.0000,5212.6000,5212.0000,5214.4000,5215.0000,5215.6000,5216.0000,5217.6000,2,3,1,4,15,2,5,2,2,4
SF,IC2006,2020-01-02 09:30:13.100,5213.6000,35163,-1,259444240.000,2,0,2,多平,S,5213.4000,5213.2000,5213.0000,5212.6000,5212.0000,5214.4000,5215.0000,5215.6000,5216.0000,5217.6000,2,3,1,4,15,1,5,2,2,4
SF,IC2006,2020-01-02 09:30:13.600,5214.4000,35160,-3,263615640.000,4,0,4,多平,S,5214.4000,5213.2000,5213.0000,5212.6000,5212.0000,5215.0000,5215.6000,5216.0000,5217.6000,5218.0000,1,4,1,4,15,5,2,2,4,4
SF,IC2006,2020-01-02 09:30:14.100,5214.4000,35160,0,264658520.000,1,0,1,多换,S,5214.4000,5213.2000,5213.0000,5212.6000,5212.0000,5215.0000,5215.6000,5215.8000,5216.0000,5217.6000,1,4,1,4,15,5,2,1,2,4
SF,IC2006,2020-01-02 09:30:14.600,5214.4000,35160,0,265701400.000,1,0,1,多换,S,5213.2000,5213.0000,5212.6000,5212.0000,5211.4000,5214.4000,5215.0000,5215.6000,5215.8000,5216.0000,4,1,4,15,1,3,5,2,1,2
SF,IC2006,2020-01-02 09:30:15.100,5213.2000,35158,-2,267786720.000,2,0,2,双平,S,5213.2000,5213.0000,5212.6000,5212.0000,5211.4000,5214.4000,5215.0000,5215.6000,5215.8000,5216.0000,3,1,4,15,1,2,5,2,1,2
SF,IC2006,2020-01-02 09:30:15.600,5213.2000,35158,0,267786720.000,0,-,-,-,-,5213.2000,5213.0000,5212.6000,5212.0000,5211.4000,5214.4000,5215.0000,5215.6000,5215.8000,5216.0000,3,1,4,15,1,3,5,2,1,2
SF,IC2006,2020-01-02 09:30:16.100,5213.2000,35157,-1,271957280.000,4,1,3,多平,S,5213.0000,5212.6000,5212.0000,5211.4000,5210.6000,5213.2000,5214.4000,5215.0000,5215.6000,5215.8000,1,4,15,1,1,5,3,5,2,1
SF,IC2006,2020-01-02 09:30:16.600,5214.4000,35154,-3,280298640.000,8,2,6,多平,S,5213.0000,5212.6000,5212.0000,5211.0000,5210.6000,5214.4000,5215.0000,5215.6000,5215.8000,5216.0000,1,4,15,1,1,2,3,2,1,2
SF,IC2006,2020-01-02 09:30:17.100,5214.4000,35154,0,281341520.000,1,0,1,多换,S,5212.6000,5212.0000,5211.0000,5210.6000,5210.2000,5214.4000,5215.0000,5215.6000,5215.8000,5216.0000,4,15,1,1,1,2,3,2,1,2
SF,IC2006,2020-01-02 09:30:17.600,5214.4000,35154,0,282384400.000,1,0,1,多换,S,5212.8000,5212.6000,5212.0000,5211.0000,5210.6000,5214.0000,5214.4000,5215.0000,5215.6000,5215.8000,1,4,15,1,1,1,2,5,2,1
SF,IC2006,2020-01-02 09:30:18.100,5212.6000,35152,-2,285512080.000,3,0,3,多平,S,5213.0000,5212.6000,5212.0000,5211.0000,5210.6000,5214.0000,5214.4000,5215.0000,5215.6000,5215.8000,1,3,15,1,1,1,2,5,2,1
SF,IC2006,2020-01-02 09:30:18.600,5213.8000,35149,-3,291768000.000,6,1,5,多平,S,5212.6000,5212.0000,5211.0000,5210.6000,5210.2000,5213.8000,5214.0000,5214.4000,5215.0000,5215.6000,1,15,1,1,1,1,1,2,5,2
SF,IC2006,2020-01-02 09:30:19.100,5213.8000,35149,0,291768000.000,0,-,-,-,-,5212.6000,5212.2000,5212.0000,5211.0000,5210.6000,5213.0000,5213.6000,5213.8000,5214.0000,5214.4000,1,1,15,1,1,1,1,1,1,2
SF,IC2006,2020-01-02 09:30:19.600,5213.4000,35147,-2,294896080.000,3,0,3,多平,S,5212.6000,5212.2000,5212.0000,5211.0000,5210.6000,5212.8000,5213.8000,5214.0000,5214.4000,5215.0000,1,1,15,1,1,1,1,1,2,5
SF,IC2006,2020-01-02 09:30:20.100,5213.8000,35145,-2,296981400.000,2,0,2,双平,S,5212.6000,5212.2000,5212.0000,5211.0000,5210.6000,5214.0000,5214.4000,5215.0000,5215.6000,5215.8000,1,1,15,1,1,1,2,5,2,1
SF,IC2006,2020-01-02 09:30:20.600,5212.6000,35144,-1,298023920.000,1,0,1,双平,S,5212.2000,5212.0000,5211.0000,5210.6000,5210.2000,5212.6000,5213.2000,5214.0000,5214.4000,5215.0000,1,15,1,1,2,1,1,1,2,6
SF,IC2006,2020-01-02 09:30:21.100,5212.2000,35143,-1,299066360.000,1,0,1,双平,S,5212.0000,5211.0000,5210.6000,5210.2000,5210.0000,5212.6000,5213.0000,5213.2000,5214.0000,5214.4000,15,1,1,2,2,1,2,1,1,2
SF,IC2006,2020-01-02 09:30:21.600,5212.0000,35142,-1,305321160.000,6,2,4,多平,S,5212.0000,5211.0000,5210.6000,5210.2000,5210.0000,5212.6000,5213.0000,5213.2000,5214.0000,5214.4000,14,1,1,2,3,1,2,1,1,2
SF,IC2006,2020-01-02 09:30:22.100,5212.0000,35140,-2,307406080.000,2,0,2,双平,S,5212.2000,5212.0000,5211.0000,5210.6000,5210.2000,5212.4000,5213.2000,5214.0000,5214.4000,5215.0000,1,13,1,1,2,2,1,1,2,6
SF,IC2006,2020-01-02 09:30:22.600,5212.0000,35132,-8,317831320.000,10,1,9,多平,S,5212.4000,5212.0000,5211.0000,5210.6000,5210.2000,5214.4000,5215.0000,5215.6000,5215.8000,5216.0000,1,12,1,1,2,2,6,2,1,2
SF,IC2006,2020-01-02 09:30:23.100,5212.2000,35130,-2,322001080.000,4,1,3,多平,S,5212.4000,5212.0000,5211.0000,5210.6000,5210.2000,5214.2000,5214.4000,5215.0000,5215.6000,5215.8000,1,11,1,1,2,3,2,6,2,1
SF,IC2006,2020-01-02 09:30:23.600,5212.2000,35130,0,322001080.000,0,-,-,-,-,5212.4000,5212.0000,5211.0000,5210.6000,5210.2000,5214.2000,5214.4000,5214.8000,5215.0000,5215.6000,1,11,1,1,2,3,2,1,6,2
SF,IC2006,2020-01-02 09:30:24.100,5214.2000,35119,-11,333467960.000,11,0,11,双平,S,5212.0000,5211.0000,5210.6000,5210.2000,5210.0000,5214.2000,5214.4000,5214.8000,5215.0000,5215.6000,2,1,1,2,3,1,2,1,6,2
SF,IC2006,2020-01-02 09:30:24.600,5214.2000,35118,-1,334510800.000,1,0,1,双平,S,5212.2000,5212.0000,5211.0000,5210.6000,5210.2000,5212.4000,5214.0000,5214.4000,5214.8000,5215.0000,1,2,1,1,2,2,1,2,1,6
SF,IC2006,2020-01-02 09:30:25.100,5212.4000,35116,-2,336595760.000,2,0,2,双平,S,5212.2000,5212.0000,5211.0000,5210.6000,5210.2000,5214.0000,5214.4000,5214.8000,5215.0000,5215.6000,1,3,1,1,2,1,2,1,6,2
SF,IC2006,2020-01-02 09:30:25.600,5214.0000,35117,1,340766960.000,4,2,2,空开,S,5212.0000,5211.0000,5210.6000,5210.2000,5210.0000,5212.4000,5214.4000,5214.8000,5215.0000,5215.6000,3,1,1,2,3,5,2,1,6,2
SF,IC2006,2020-01-02 09:30:26.100,5212.4000,35116,-1,341809440.000,1,0,1,双平,S,5212.0000,5211.0000,5210.6000,5210.2000,5210.0000,5212.2000,5212.4000,5212.6000,5213.6000,5214.4000,3,1,1,2,3,1,4,1,1,2
SF,IC2006,2020-01-02 09:30:26.600,5212.4000,35114,-2,347021840.000,5,1,4,多平,S,5212.0000,5211.0000,5210.6000,5210.2000,5210.0000,5212.6000,5213.0000,5214.4000,5214.8000,5215.0000,3,1,1,2,3,1,1,2,1,6
SF,IC2006,2020-01-02 09:30:27.100,5212.6000,35113,-1,352234440.000,5,2,3,多平,S,5212.0000,5211.0000,5210.2000,5210.0000,5209.8000,5214.4000,5214.8000,5215.0000,5215.6000,5215.8000,3,1,2,3,2,2,1,6,2,1
SF,IC2006,2020-01-02 09:30:27.600,5212.6000,35113,0,352234440.000,0,-,-,-,-,5212.2000,5212.0000,5211.0000,5210.2000,5210.0000,5214.2000,5214.4000,5214.8000,5215.0000,5215.6000,1,3,1,2,3,2,2,1,6,2
SF,IC2006,2020-01-02 09:30:28.100,5214.2000,35112,-1,355362600.000,3,1,2,多平,S,5214.2000,5212.2000,5212.0000,5211.0000,5210.2000,5214.4000,5214.8000,5215.0000,5215.6000,5215.8000,2,1,3,1,2,2,1,6,2,1
SF,IC2006,2020-01-02 09:30:28.600,5214.2000,35112,0,358491120.000,3,1,2,多换,S,5212.2000,5212.0000,5211.0000,5210.2000,5210.0000,5214.2000,5214.4000,5214.8000,5215.0000,5215.6000,1,3,1,2,3,4,3,1,7,2
SF,IC2006,2020-01-02 09:30:29.100,5214.0000,35109,-3,362661960.000,4,0,4,多平,S,5212.0000,5211.0000,5210.2000,5210.0000,5209.8000,5214.0000,5214.2000,5214.4000,5214.8000,5215.0000,3,1,2,3,2,2,1,3,1,7
SF,IC2006,2020-01-02 09:30:29.600,5214.0000,35108,-1,365789960.000,3,1,2,多平,S,5212.0000,5211.0000,5210.2000,5210.0000,5209.8000,5214.0000,5214.2000,5214.4000,5214.8000,5215.0000,2,1,2,3,2,1,1,3,1,6
SF,IC2006,2020-01-02 09:30:30.100,5213.8000,35106,-2,372045080.000,6,2,4,多平,S,5211.0000,5210.2000,5210.0000,5209.8000,5209.2000,5213.8000,5214.0000,5214.2000,5214.4000,5214.8000,1,2,3,2,1,1,1,1,3,1
SF,IC2006,2020-01-02 09:30:30.600,5213.8000,35106,0,373087840.000,1,0,1,多换,S,5212.4000,5211.2000,5211.0000,5210.2000,5210.0000,5213.6000,5213.8000,5214.0000,5214.2000,5214.4000,2,1,1,2,3,1,1,3,1,3
SF,IC2006,2020-01-02 09:30:31.100,5211.2000,35105,-1,376215040.000,3,1,2,多平,S,5211.0000,5210.2000,5210.0000,5209.8000,5209.2000,5212.4000,5213.4000,5213.6000,5213.8000,5214.0000,1,2,3,2,1,1,1,1,1,3
SF,IC2006,2020-01-02 09:30:31.600,5213.4000,35104,-1,378300200.000,2,0,2,多平,S,5212.2000,5211.2000,5211.0000,5210.2000,5210.0000,5213.6000,5213.8000,5214.0000,5214.2000,5214.4000,1,1,1,2,3,1,1,3,1,2
SF,IC2006,2020-01-02 09:30:32.100,5213.6000,35104,0,380385360.000,2,1,1,多换,S,5212.4000,5211.0000,5210.2000,5210.0000,5209.8000,5213.4000,5213.8000,5214.0000,5214.2000,5214.4000,1,1,2,3,2,1,1,3,1,2
SF,IC2006,2020-01-02 09:30:32.600,5213.6000,35104,0,380385360.000,0,-,-,-,-,5212.4000,5211.0000,5210.2000,5210.0000,5209.8000,5213.2000,5213.8000,5214.0000,5214.2000,5214.4000,1,1,2,3,2,1,1,3,1,2
SF,IC2006,2020-01-02 09:30:33.100,5212.6000,35104,0,382470400.000,2,1,1,多换,S,5212.4000,5211.0000,5210.2000,5210.0000,5209.8000,5213.0000,5213.2000,5213.8000,5214.0000,5214.2000,1,1,2,3,2,1,1,1,3,1
SF,IC2006,2020-01-02 09:30:33.600,5213.2000,35102,-2,385598280.000,3,0,3,多平,S,5211.0000,5210.2000,5210.0000,5209.8000,5209.2000,5213.8000,5214.0000,5214.2000,5214.4000,5214.8000,1,2,3,2,1,1,3,1,2,1
SF,IC2006,2020-01-02 09:30:34.100,5213.0000,35102,0,387683520.000,2,1,1,多换,S,5211.2000,5211.0000,5210.2000,5210.0000,5209.8000,5213.8000,5214.0000,5214.2000,5214.4000,5214.8000,2,1,2,3,2,1,3,1,2,1
SF,IC2006,2020-01-02 09:30:34.600,5213.6000,35102,0,388726240.000,1,0,1,多换,S,5211.2000,5211.0000,5210.2000,5210.0000,5209.8000,5213.6000,5213.8000,5214.0000,5214.2000,5214.4000,2,1,2,3,2,3,1,3,1,2
SF,IC2006,2020-01-02 09:30:35.100,5213.6000,35102,0,390811680.000,2,1,1,多换,S,5211.2000,5211.0000,5210.2000,5210.0000,5209.8000,5213.4000,5213.6000,5213.8000,5214.0000,5214.2000,1,2,2,3,2,1,2,1,3,1
SF,IC2006,2020-01-02 09:30:36.100,5213.6000,35102,0,390811680.000,0,-,-,-,-,5211.4000,5211.2000,5211.0000,5210.2000,5210.0000,5212.0000,5213.0000,5213.2000,5213.6000,5213.8000,1,1,2,2,3,1,1,1,2,1
SF,IC2006,2020-01-02 09:30:36.600,5212.0000,35100,-2,392896360.000,2,0,2,双平,S,5211.0000,5210.2000,5210.0000,5209.8000,5209.2000,5213.0000,5213.6000,5213.8000,5214.0000,5214.2000,2,2,3,2,1,1,2,1,3,1
SF,IC2006,2020-01-02 09:30:37.100,5211.0000,35100,0,393938560.000,1,0,1,多换,S,5212.0000,5211.2000,5211.0000,5210.2000,5210.0000,5212.8000,5213.0000,5213.4000,5213.6000,5213.8000,1,1,1,2,3,1,2,1,2,1
SF,IC2006,2020-01-02 09:30:37.600,5211.2000,35100,0,396023160.000,2,1,1,多换,S,5211.0000,5210.2000,5210.0000,5209.8000,5209.2000,5211.2000,5212.0000,5212.6000,5212.8000,5213.0000,1,2,3,2,1,1,1,2,1,7
SF,IC2006,2020-01-02 09:30:38.100,5211.0000,35100,0,399149760.000,3,1,2,多换,S,5210.2000,5210.0000,5209.8000,5209.2000,5208.0000,5212.6000,5213.0000,5213.4000,5213.6000,5213.8000,2,3,2,1,1,2,7,1,2,1
SF,IC2006,2020-01-02 09:30:38.600,5213.0000,35097,-3,405404920.000,6,1,5,多平,S,5212.8000,5210.4000,5210.2000,5210.0000,5209.8000,5213.0000,5213.4000,5213.6000,5213.8000,5214.0000,3,3,2,3,2,6,1,2,1,3
SF,IC2006,2020-01-02 09:30:39.100,5210.4000,35093,-4,409574680.000,4,0,4,双平,S,5210.4000,5210.2000,5210.0000,5209.8000,5209.2000,5211.0000,5212.0000,5212.8000,5213.0000,5213.4000,2,2,3,2,1,3,1,2,6,1
SF,IC2006,2020-01-02 09:30:39.600,5211.0000,35092,-1,410616880.000,1,0,1,双平,S,5210.4000,5210.2000,5210.0000,5209.8000,5209.2000,5211.0000,5212.0000,5212.8000,5213.0000,5213.4000,1,2,3,2,1,2,1,1,6,1
SF,IC2006,2020-01-02 09:30:40.100,5211.0000,35091,-1,412701280.000,2,0,2,多平,S,5210.4000,5210.2000,5210.0000,5209.8000,5209.2000,5212.0000,5212.8000,5213.0000,5213.4000,5213.6000,1,2,3,2,1,1,1,6,1,2
SF,IC2006,2020-01-02 09:30:40.600,5210.6000,35090,-1,413743400.000,1,0,1,双平,S,5210.4000,5210.2000,5210.0000,5209.8000,5209.2000,5212.0000,5212.8000,5213.0000,5213.4000,5213.6000,1,2,3,2,1,1,1,7,1,2
SF,IC2006,2020-01-02 09:30:41.100,5210.6000,35090,0,413743400.000,0,-,-,-,-,5211.6000,5210.4000,5210.2000,5210.0000,5209.8000,5211.8000,5212.0000,5212.8000,5213.0000,5213.4000,1,1,2,3,2,1,1,1,8,1
SF,IC2006,2020-01-02 09:30:41.600,5211.6000,35089,-1,414785720.000,1,0,1,双平,S,5210.4000,5210.2000,5210.0000,5209.8000,5209.2000,5212.0000,5213.0000,5213.4000,5213.6000,5213.8000,1,2,3,2,1,1,8,1,4,1
SF,IC2006,2020-01-02 09:30:42.100,5210.6000,35088,-1,415827840.000,1,0,1,双平,S,5210.4000,5210.2000,5210.0000,5209.8000,5209.2000,5211.8000,5212.0000,5213.0000,5213.4000,5213.6000,1,2,3,2,1,1,2,8,1,3
SF,IC2006,2020-01-02 09:30:42.600,5210.4000,35087,-1,416869920.000,1,0,1,双平,S,5210.2000,5210.0000,5209.8000,5209.2000,5209.0000,5210.4000,5211.8000,5212.0000,5213.0000,5213.4000,2,3,2,1,1,5,1,2,8,1
SF,IC2006,2020-01-02 09:30:43.100,5210.4000,35075,-12,430416960.000,13,0,13,多平,S,5210.2000,5210.0000,5209.8000,5209.2000,5209.0000,5210.4000,5211.6000,5211.8000,5212.0000,5213.0000,2,3,2,1,1,2,1,1,2,8
SF,IC2006,2020-01-02 09:30:43.600,5210.2000,35072,-3,437711720.000,7,2,5,多平,S,5210.2000,5210.0000,5209.8000,5209.2000,5209.0000,5211.8000,5212.0000,5213.0000,5213.4000,5213.6000,1,3,2,1,1,1,2,8,1,3
SF,IC2006,2020-01-02 09:30:44.100,5210.2000,35072,0,437711720.000,0,-,-,-,-,5211.2000,5210.4000,5210.2000,5210.0000,5209.8000,5211.8000,5212.0000,5213.0000,5213.4000,5213.6000,2,1,1,3,2,1,2,8,1,3
SF,IC2006,2020-01-02 09:30:44.600,5211.2000,35074,2,439796200.000,2,2,0,双开,S,5210.4000,5210.2000,5210.0000,5209.8000,5209.2000,5212.0000,5213.0000,5213.4000,5213.6000,5213.8000,1,1,3,2,1,3,8,1,3,1
SF,IC2006,2020-01-02 09:30:45.100,5211.2000,35074,0,439796200.000,0,-,-,-,-,5210.4000,5210.2000,5210.0000,5209.8000,5209.2000,5211.8000,5212.0000,5213.0000,5213.4000,5213.6000,1,1,3,2,1,1,3,8,1,3
SF,IC2006,2020-01-02 09:30:45.600,5212.0000,35071,-3,442923360.000,3,0,3,双平,S,5210.4000,5210.2000,5210.0000,5209.8000,5209.2000,5212.0000,5213.0000,5213.4000,5213.6000,5213.8000,1,1,3,2,1,1,8,1,3,1
SF,IC2006,2020-01-02 09:30:46.100,5212.0000,35071,0,445008160.000,2,1,1,多换,S,5210.4000,5210.2000,5210.0000,5209.8000,5209.2000,5213.0000,5213.4000,5213.6000,5213.8000,5214.0000,1,1,3,2,1,8,1,3,1,3
SF,IC2006,2020-01-02 09:30:46.600,5212.0000,35071,0,445008160.000,0,-,-,-,-,5210.6000,5210.4000,5210.2000,5210.0000,5209.8000,5212.0000,5212.8000,5213.0000,5213.4000,5213.6000,1,1,2,3,2,1,3,8,1,3
SF,IC2006,2020-01-02 09:30:47.100,5212.0000,35071,0,445008160.000,0,-,-,-,-,5210.6000,5210.4000,5210.2000,5210.0000,5209.8000,5211.8000,5212.0000,5212.8000,5213.0000,5213.4000,1,1,2,3,2,1,1,2,9,1
SF,IC2006,2020-01-02 09:30:47.600,5210.4000,35066,-5,450218600.000,5,0,5,双平,S,5210.2000,5210.0000,5209.8000,5209.2000,5209.0000,5211.8000,5212.0000,5213.0000,5213.4000,5213.6000,2,3,2,1,1,1,1,9,1,2
SF,IC2006,2020-01-02 09:30:48.100,5210.4000,35066,0,451260680.000,1,0,1,多换,S,5210.6000,5210.2000,5210.0000,5209.8000,5209.2000,5211.8000,5212.0000,5213.0000,5213.4000,5213.6000,1,3,3,2,1,1,1,9,3,2
SF,IC2006,2020-01-02 09:30:48.600,5210.4000,35066,0,451260680.000,0,-,-,-,-,5210.6000,5210.2000,5210.0000,5209.8000,5209.2000,5211.8000,5212.0000,5213.0000,5213.4000,5213.6000,1,3,3,2,1,1,1,9,3,2
SF,IC2006,2020-01-02 09:30:49.100,5210.4000,35066,0,451260680.000,0,-,-,-,-,5210.8000,5210.6000,5210.2000,5210.0000,5209.8000,5211.8000,5212.0000,5213.0000,5213.4000,5213.6000,1,1,3,3,2,1,1,9,3,2
SF,IC2006,2020-01-02 09:30:49.600,5210.8000,35067,1,452302840.000,1,1,0,双开,S,5210.6000,5210.2000,5210.0000,5209.8000,5209.2000,5211.6000,5211.8000,5212.0000,5213.0000,5213.4000,1,3,3,2,1,1,2,1,9,3
SF,IC2006,2020-01-02 09:30:50.100,5210.6000,35068,1,453344960.000,1,1,0,双开,S,5210.2000,5210.0000,5209.8000,5209.2000,5209.0000,5210.6000,5211.6000,5211.8000,5212.0000,5213.0000,3,3,2,1,1,1,1,1,2,9
SF,IC2006,2020-01-02 09:30:50.600,5210.6000,35067,-1,457513200.000,4,1,3,多平,S,5210.0000,5209.8000,5209.2000,5209.0000,5208.6000,5211.4000,5211.6000,5211.8000,5212.0000,5213.0000,2,2,1,1,3,1,1,1,3,9
SF,IC2006,2020-01-02 09:30:51.100,5210.0000,35068,1,458555200.000,1,1,0,双开,S,5210.0000,5209.8000,5209.2000,5209.0000,5208.6000,5211.2000,5211.4000,5211.6000,5211.8000,5212.0000,2,2,1,1,3,1,1,1,1,3
SF,IC2006,2020-01-02 09:30:51.600,5211.2000,35068,0,459597440.000,1,0,1,多换,S,5210.0000,5209.8000,5209.2000,5209.0000,5208.6000,5211.4000,5211.6000,5211.8000,5212.0000,5213.0000,2,2,1,1,3,1,1,1,4,10
SF,IC2006,2020-01-02 09:30:52.100,5211.2000,35068,0,459597440.000,0,-,-,-,-,5210.6000,5210.2000,5210.0000,5209.8000,5209.2000,5211.2000,5211.4000,5211.6000,5211.8000,5212.0000,2,1,2,2,1,1,1,1,1,4
SF,IC2006,2020-01-02 09:30:52.600,5211.2000,35067,-1,460639680.000,1,0,1,双平,S,5210.8000,5210.6000,5210.0000,5209.8000,5209.2000,5211.6000,5211.8000,5212.0000,5213.0000,5213.4000,2,2,3,2,1,1,1,4,10,3
SF,IC2006,2020-01-02 09:30:53.100,5210.8000,35065,-2,462724160.000,2,0,2,双平,S,5210.8000,5210.6000,5210.0000,5209.8000,5209.2000,5211.4000,5211.8000,5212.0000,5213.0000,5213.4000,1,2,4,2,1,1,1,4,10,3
SF,IC2006,2020-01-02 09:30:53.600,5210.6000,35067,2,466892840.000,4,3,1,空开,S,5210.0000,5209.8000,5209.2000,5209.0000,5208.6000,5211.2000,5211.4000,5211.8000,5212.0000,5213.0000,4,2,1,1,3,1,1,1,4,10
SF,IC2006,2020-01-02 09:30:54.100,5211.2000,35065,-2,468977320.000,2,0,2,双平,S,5210.2000,5210.0000,5209.8000,5209.2000,5209.0000,5210.8000,5211.4000,5211.8000,5212.0000,5213.0000,1,4,2,1,1,4,1,1,4,10
SF,IC2006,2020-01-02 09:30:54.600,5210.8000,35060,-5,474188120.000,5,0,5,双平,S,5210.0000,5209.8000,5209.2000,5209.0000,5208.6000,5210.6000,5210.8000,5211.4000,5211.8000,5212.0000,4,2,1,1,3,4,2,1,1,3
SF,IC2006,2020-01-02 09:30:55.100,5210.6000,35056,-4,478356600.000,4,0,4,双平,S,5210.0000,5209.8000,5209.2000,5209.0000,5208.6000,5210.8000,5211.4000,5211.8000,5212.0000,5213.0000,4,2,1,1,3,2,1,1,3,10
SF,IC2006,2020-01-02 09:30:55.600,5210.8000,35055,-1,480440920.000,2,0,2,多平,S,5210.8000,5210.0000,5209.8000,5209.2000,5209.0000,5211.4000,5211.8000,5212.0000,5213.0000,5213.4000,1,4,2,1,1,1,1,3,10,3
SF,IC2006,2020-01-02 09:30:56.100,5210.0000,35055,0,481482920.000,1,0,1,多换,S,5210.0000,5209.8000,5209.2000,5209.0000,5208.6000,5210.8000,5211.2000,5211.4000,5211.8000,5212.0000,3,2,1,1,3,1,1,1,1,3
SF,IC2006,2020-01-02 09:30:56.600,5210.6000,35054,-1,482525040.000,1,0,1,双平,S,5210.6000,5210.0000,5209.8000,5209.2000,5209.0000,5210.8000,5211.4000,5211.8000,5212.0000,5213.0000,1,3,2,1,1,1,1,1,3,10
SF,IC2006,2020-01-02 09:30:57.100,5210.6000,35054,0,482525040.000,0,-,-,-,-,5210.6000,5210.0000,5209.8000,5209.2000,5209.0000,5211.4000,5211.8000,5212.0000,5213.0000,5213.4000,1,3,2,1,1,1,1,3,10,3
SF,IC2006,2020-01-02 09:30:57.600,5210.6000,35054,0,482525040.000,0,-,-,-,-,5210.6000,5210.0000,5209.8000,5209.2000,5209.0000,5211.4000,5211.8000,5212.0000,5213.0000,5213.4000,1,3,2,1,1,1,1,3,10,3
SF,IC2006,2020-01-02 09:30:58.100,5210.6000,35054,0,482525040.000,0,-,-,-,-,5210.8000,5210.6000,5210.0000,5209.8000,5209.2000,5211.4000,5211.8000,5212.0000,5213.0000,5213.4000,1,1,3,2,1,1,1,4,10,3
SF,IC2006,2020-01-02 09:30:58.600,5210.6000,35054,0,485651400.000,3,1,2,多换,S,5210.0000,5209.8000,5209.2000,5209.0000,5208.6000,5211.4000,5211.8000,5212.0000,5213.0000,5213.4000,3,2,1,1,3,1,1,4,10,3
SF,IC2006,2020-01-02 09:30:59.100,5210.6000,35054,0,485651400.000,0,-,-,-,-,5210.0000,5209.8000,5209.2000,5209.0000,5208.6000,5211.2000,5211.4000,5211.8000,5212.0000,5213.0000,3,2,1,1,3,2,1,1,4,10
SF,IC2006,2020-01-02 09:30:59.600,5210.0000,35055,1,486693400.000,1,1,0,双开,S,5210.0000,5209.8000,5209.2000,5209.0000,5208.6000,5211.2000,5211.4000,5211.8000,5212.0000,5213.0000,2,2,1,1,3,2,1,1,4,10
SF,IC2006,2020-01-02 09:31:00.100,5211.0000,35053,-2,489819760.000,3,0,3,多平,S,5210.0000,5209.8000,5209.2000,5209.0000,5208.6000,5211.0000,5211.2000,5211.4000,5211.8000,5212.0000,1,2,1,1,3,1,2,1,1,4
SF,IC2006,2020-01-02 09:31:00.600,5211.0000,35053,0,489819760.000,0,-,-,-,-,5210.0000,5209.8000,5209.2000,5209.0000,5208.6000,5210.8000,5211.0000,5211.2000,5211.4000,5211.8000,1,2,1,1,3,1,1,1,1,1
SF,IC2006,2020-01-02 09:31:01.100,5210.0000,35054,1,491903960.000,2,1,1,空开,S,5210.0000,5209.8000,5209.2000,5209.0000,5208.6000,5211.0000,5211.2000,5211.4000,5211.8000,5212.0000,10,2,1,1,3,1,1,1,1,3
SF,IC2006,2020-01-02 09:31:01.600,5211.2000,35055,1,493988400.000,2,1,1,空开,S,5210.2000,5210.0000,5209.8000,5209.2000,5209.0000,5211.2000,5211.4000,5211.8000,5212.0000,5213.0000,1,10,2,1,1,1,1,1,3,9
SF,IC2006,2020-01-02 09:31:02.100,5211.2000,35055,0,495030640.000,1,0,1,多换,S,5210.6000,5210.2000,5210.0000,5209.8000,5209.2000,5211.0000,5211.4000,5211.8000,5212.0000,5213.0000,2,1,10,2,1,1,1,1,3,9
SF,IC2006,2020-01-02 09:31:02.600,5211.0000,35054,-1,496072840.000,1,0,1,双平,S,5210.6000,5210.2000,5210.0000,5209.8000,5209.2000,5211.0000,5211.4000,5211.8000,5212.0000,5213.0000,4,1,10,2,1,2,1,1,3,9
SF,IC2006,2020-01-02 09:31:03.100,5210.6000,35054,0,499199200.000,3,1,2,多换,S,5210.6000,5210.0000,5209.8000,5209.2000,5209.0000,5210.8000,5211.0000,5211.4000,5211.8000,5212.0000,1,10,2,1,1,1,2,1,1,3
SF,IC2006,2020-01-02 09:31:03.600,5210.6000,35053,-1,500241320.000,1,0,1,双平,S,5210.0000,5209.8000,5209.2000,5209.0000,5208.6000,5210.6000,5210.8000,5211.0000,5211.4000,5211.8000,11,2,1,1,3,3,1,2,1,1
SF,IC2006,2020-01-02 09:31:04.100,5210.6000,35053,0,500241320.000,0,-,-,-,-,5210.0000,5209.8000,5209.2000,5209.0000,5208.6000,5210.6000,5210.8000,5211.0000,5211.4000,5211.8000,11,2,1,1,3,2,1,2,1,1
SF,IC2006,2020-01-02 09:31:04.600,5210.6000,35051,-2,502325560.000,2,0,2,双平,S,5210.0000,5209.8000,5209.2000,5209.0000,5208.6000,5211.0000,5211.4000,5211.8000,5212.0000,5213.0000,11,2,1,1,3,2,1,1,3,9
SF,IC2006,2020-01-02 09:31:05.100,5210.6000,35051,0,502325560.000,0,-,-,-,-,5210.2000,5210.0000,5209.8000,5209.2000,5209.0000,5211.0000,5211.4000,5211.8000,5212.0000,5213.0000,1,11,2,1,1,2,1,1,3,9
SF,IC2006,2020-01-02 09:31:06.100,5210.2000,35051,0,503367600.000,1,0,1,多换,S,5210.0000,5209.8000,5209.2000,5209.0000,5208.6000,5210.2000,5211.0000,5211.4000,5211.8000,5212.0000,11,2,1,1,3,1,2,1,1,3
SF,IC2006,2020-01-02 09:31:06.600,5210.2000,35051,0,504409640.000,1,0,1,多换,S,5210.2000,5210.0000,5209.8000,5209.2000,5209.0000,5211.0000,5211.4000,5211.8000,5212.0000,5213.0000,1,11,2,1,1,2,1,1,3,4
SF,IC2006,2020-01-02 09:31:07.100,5210.2000,35051,0,504409640.000,0,-,-,-,-,5210.0000,5209.8000,5209.2000,5209.0000,5208.6000,5210.2000,5210.8000,5211.0000,5211.4000,5211.8000,11,2,1,1,3,3,1,2,1,1
SF,IC2006,2020-01-02 09:31:07.600,5210.0000,35051,0,508577760.000,4,2,2,多换,S,5210.0000,5209.8000,5209.2000,5209.0000,5208.6000,5210.2000,5210.8000,5211.0000,5211.4000,5211.8000,10,2,1,1,3,1,1,2,1,1
SF,IC2006,2020-01-02 09:31:08.100,5210.2000,35051,0,509619800.000,1,0,1,多换,S,5210.2000,5210.0000,5209.8000,5209.2000,5209.0000,5210.8000,5211.0000,5211.4000,5211.8000,5212.0000,2,10,2,1,1,1,2,1,1,4
SF,IC2006,2020-01-02 09:31:08.600,5210.2000,35051,0,510661840.000,1,0,1,多换,S,5210.0000,5209.8000,5209.2000,5209.0000,5208.6000,5210.2000,5210.8000,5211.0000,5211.4000,5211.8000,10,2,1,1,3,4,1,2,1,1
SF,IC2006,2020-01-02 09:31:09.100,5210.2000,35051,0,510661840.000,0,-,-,-,-,5210.0000,5209.8000,5209.2000,5209.0000,5208.6000,5210.2000,5210.8000,5211.0000,5211.4000,5212.0000,10,2,1,1,3,5,1,2,1,5
SF,IC2006,2020-01-02 09:31:09.600,5210.0000,35053,2,512745840.000,2,2,0,双开,S,5210.0000,5209.8000,5209.2000,5209.0000,5208.6000,5210.2000,5210.8000,5211.0000,5211.4000,5212.0000,8,2,1,1,3,5,1,2,1,5
SF,IC2006,2020-01-02 09:31:10.100,5210.2000,35053,0,513787880.000,1,0,1,多换,S,5210.0000,5209.8000,5209.2000,5209.0000,5208.6000,5210.2000,5210.8000,5211.0000,5211.4000,5212.0000,8,2,1,1,3,4,1,2,1,5
SF,IC2006,2020-01-02 09:31:10.600,5210.0000,35053,0,516913960.000,3,1,2,多换,S,5210.0000,5209.8000,5209.2000,5209.0000,5208.6000,5210.2000,5210.8000,5211.0000,5211.4000,5212.0000,7,2,1,1,3,2,1,2,1,5
SF,IC2006,2020-01-02 09:31:11.100,5210.0000,35053,0,521082200.000,4,2,2,多换,S,5210.0000,5209.8000,5209.2000,5209.0000,5208.6000,5211.0000,5211.4000,5212.0000,5213.0000,5213.4000,6,2,1,1,3,2,1,5,2,3
SF,IC2006,2020-01-02 09:31:11.600,5210.0000,35053,0,522124200.000,1,0,1,多换,S,5210.0000,5209.8000,5209.2000,5209.0000,5208.6000,5211.0000,5211.4000,5212.0000,5213.0000,5213.4000,5,2,1,1,3,2,1,5,2,3
SF,IC2006,2020-01-02 09:31:12.100,5210.0000,35053,0,522124200.000,0,-,-,-,-,5210.0000,5209.8000,5209.2000,5209.0000,5208.6000,5210.8000,5211.0000,5211.2000,5211.4000,5212.0000,5,2,1,1,3,1,2,3,1,5
SF,IC2006,2020-01-02 09:31:12.600,5210.0000,35053,0,522124200.000,0,-,-,-,-,5210.2000,5210.0000,5209.8000,5209.2000,5209.0000,5210.8000,5211.0000,5211.2000,5211.4000,5212.0000,1,6,2,1,1,1,2,3,1,5
SF,IC2006,2020-01-02 09:31:13.100,5210.2000,35054,1,527334360.000,5,3,2,空开,S,5210.0000,5209.8000,5209.2000,5209.0000,5208.6000,5210.8000,5211.0000,5211.2000,5211.4000,5212.0000,5,2,1,1,3,1,2,3,1,5
SF,IC2006,2020-01-02 09:31:13.600,5210.0000,35054,0,532544360.000,5,2,3,多换,S,5209.8000,5209.2000,5209.0000,5208.6000,5208.0000,5211.0000,5211.2000,5211.4000,5212.0000,5213.0000,2,1,1,3,1,2,3,1,5,2
SF,IC2006,2020-01-02 09:31:14.100,5209.8000,35055,1,533586320.000,1,1,0,双开,S,5209.8000,5209.2000,5209.0000,5208.6000,5208.0000,5210.8000,5211.0000,5211.2000,5211.4000,5212.0000,1,1,1,3,1,2,2,3,1,5
SF,IC2006,2020-01-02 09:31:14.600,5209.8000,35055,0,534628280.000,1,0,1,多换,S,5209.2000,5209.0000,5208.6000,5208.0000,5206.0000,5209.8000,5210.8000,5211.0000,5211.2000,5211.4000,1,1,3,1,1,1,3,2,3,1
SF,IC2006,2020-01-02 09:31:15.100,5209.2000,35056,1,535670120.000,1,1,0,双开,S,5209.0000,5208.6000,5208.0000,5206.0000,5200.0000,5209.2000,5210.8000,5211.0000,5211.2000,5211.4000,1,3,1,1,7,1,3,2,3,1
SF,IC2006,2020-01-02 09:31:15.600,5209.0000,35055,-1,537753720.000,2,0,2,多平,S,5208.6000,5208.0000,5206.0000,5200.0000,5194.0000,5209.2000,5209.8000,5210.8000,5211.0000,5211.2000,3,1,1,7,1,1,1,2,2,3
SF,IC2006,2020-01-02 09:31:16.100,5209.8000,35052,-3,545046680.000,7,2,5,多平,S,5210.2000,5208.6000,5208.0000,5206.0000,5200.0000,5210.8000,5211.0000,5211.2000,5211.4000,5211.6000,1,3,1,1,7,2,2,3,1,1
SF,IC2006,2020-01-02 09:31:16.600,5210.2000,35052,0,547130760.000,2,1,1,多换,S,5208.6000,5208.0000,5206.0000,5200.0000,5194.0000,5210.2000,5210.8000,5211.0000,5211.2000,5211.4000,3,1,1,7,1,1,1,2,3,1
SF,IC2006,2020-01-02 09:31:17.100,5209.2000,35053,1,549214640.000,2,1,1,空开,S,5208.8000,5208.6000,5208.0000,5206.0000,5200.0000,5210.2000,5210.8000,5211.0000,5211.2000,5211.4000,1,3,1,1,7,1,1,2,3,1
SF,IC2006,2020-01-02 09:31:17.600,5209.2000,35053,0,549214640.000,0,-,-,-,-,5210.0000,5209.0000,5208.8000,5208.6000,5208.0000,5210.2000,5210.8000,5211.0000,5211.2000,5211.4000,3,1,1,3,1,1,1,2,3,1
SF,IC2006,2020-01-02 09:31:18.100,5210.2000,35052,-1,553382680.000,4,1,3,多平,S,5210.2000,5209.0000,5208.8000,5208.6000,5208.0000,5210.8000,5211.0000,5211.2000,5211.4000,5211.6000,1,1,1,4,1,1,2,3,1,1
SF,IC2006,2020-01-02 09:31:18.600,5210.2000,35052,0,554424720.000,1,0,1,多换,S,5209.0000,5208.8000,5208.6000,5208.0000,5206.0000,5210.0000,5210.2000,5210.8000,5211.0000,5211.2000,1,1,4,1,1,1,2,1,2,3
SF,IC2006,2020-01-02 09:31:19.100,5210.2000,35051,-1,556508760.000,2,0,2,多平,S,5209.2000,5209.0000,5208.6000,5208.0000,5206.0000,5210.0000,5210.2000,5210.8000,5211.0000,5211.2000,1,1,4,1,1,1,1,1,2,3
SF,IC2006,2020-01-02 09:31:19.600,5209.2000,35050,-1,557550600.000,1,0,1,双平,S,5209.0000,5208.6000,5208.0000,5206.0000,5200.0000,5210.0000,5210.2000,5210.8000,5211.0000,5211.2000,2,4,1,1,7,2,1,1,2,3
SF,IC2006,2020-01-02 09:31:20.100,5209.8000,35046,-4,563801720.000,6,1,5,多平,S,5209.4000,5209.2000,5209.0000,5208.8000,5208.6000,5210.0000,5210.2000,5210.8000,5211.0000,5211.2000,1,1,1,3,4,2,1,1,2,3
SF,IC2006,2020-01-02 09:31:20.600,5209.0000,35046,0,564843520.000,1,0,1,多换,S,5209.2000,5208.8000,5208.6000,5208.0000,5206.0000,5209.8000,5210.0000,5210.2000,5210.8000,5211.0000,1,2,4,1,1,1,2,1,1,2
SF,IC2006,2020-01-02 09:31:21.100,5209.8000,35046,0,566927320.000,2,1,1,多换,S,5209.8000,5208.8000,5208.6000,5208.0000,5206.0000,5210.0000,5210.2000,5210.8000,5211.0000,5211.2000,2,2,4,1,1,2,1,1,2,3
SF,IC2006,2020-01-02 09:31:21.600,5210.0000,35046,0,570053240.000,3,1,2,多换,S,5208.8000,5208.6000,5208.0000,5206.0000,5200.0000,5210.0000,5210.2000,5210.8000,5211.0000,5211.2000,2,4,1,1,7,1,2,1,2,3
SF,IC2006,2020-01-02 09:31:22.100,5210.0000,35046,0,572137240.000,2,1,1,多换,S,5210.0000,5209.0000,5208.8000,5208.6000,5208.0000,5210.2000,5210.8000,5211.0000,5211.2000,5211.4000,2,1,2,4,2,2,2,2,3,1
SF,IC2006,2020-01-02 09:31:22.600,5210.0000,35046,0,574221240.000,2,1,1,多换,S,5209.0000,5208.8000,5208.6000,5208.0000,5206.0000,5209.8000,5210.2000,5210.8000,5211.0000,5211.2000,1,2,4,2,1,1,2,2,2,3
SF,IC2006,2020-01-02 09:31:23.100,5209.8000,35045,-1,575263200.000,1,0,1,双平,S,5208.8000,5208.6000,5208.0000,5206.0000,5200.0000,5209.0000,5209.8000,5210.2000,5210.8000,5211.0000,2,4,2,1,7,1,1,2,2,2
SF,IC2006,2020-01-02 09:31:23.600,5209.0000,35044,-1,576305000.000,1,0,1,双平,S,5209.0000,5208.8000,5208.6000,5208.0000,5206.0000,5209.8000,5210.2000,5210.8000,5211.0000,5211.2000,4,4,4,2,1,1,2,2,2,3
SF,IC2006,2020-01-02 09:31:24.100,5209.0000,35044,0,576305000.000,0,-,-,-,-,5209.2000,5209.0000,5208.8000,5208.6000,5208.0000,5209.8000,5210.2000,5210.8000,5211.0000,5211.2000,1,1,4,4,2,1,2,2,3,3
SF,IC2006,2020-01-02 09:31:24.600,5209.8000,35043,-1,577346960.000,1,0,1,双平,S,5209.2000,5209.0000,5208.8000,5208.6000,5208.0000,5210.2000,5210.8000,5211.0000,5211.2000,5211.4000,1,2,4,4,2,2,2,3,3,1
SF,IC2006,2020-01-02 09:31:25.100,5209.8000,35043,0,577346960.000,0,-,-,-,-,5209.2000,5209.0000,5208.8000,5208.6000,5208.0000,5210.0000,5210.2000,5210.8000,5211.0000,5211.2000,1,1,4,4,2,1,2,2,3,3
SF,IC2006,2020-01-02 09:31:25.600,5210.0000,35042,-1,581514760.000,4,1,3,多平,S,5209.0000,5208.8000,5208.6000,5208.0000,5206.0000,5209.2000,5210.2000,5210.8000,5211.0000,5211.2000,1,4,4,2,1,4,2,2,3,3
SF,IC2006,2020-01-02 09:31:26.100,5209.2000,35042,0,582556600.000,1,0,1,多换,S,5209.0000,5208.8000,5208.6000,5208.0000,5206.0000,5209.2000,5210.2000,5210.8000,5211.0000,5211.2000,1,4,4,2,1,5,2,2,3,3
SF,IC2006,2020-01-02 09:31:26.600,5209.2000,35042,0,583598440.000,1,0,1,多换,S,5209.0000,5208.8000,5208.6000,5208.0000,5206.0000,5209.2000,5210.2000,5210.8000,5211.0000,5211.2000,1,4,4,2,1,4,2,2,3,3
SF,IC2006,2020-01-02 09:31:27.100,5209.2000,35040,-2,586723960.000,3,0,3,多平,S,5209.0000,5208.8000,5208.6000,5208.0000,5206.0000,5209.2000,5210.2000,5210.8000,5211.0000,5211.2000,1,4,4,2,1,1,2,2,3,3
SF,IC2006,2020-01-02 09:31:27.600,5209.2000,35040,0,588807600.000,2,1,1,多换,S,5208.8000,5208.6000,5208.0000,5206.0000,5200.0000,5210.2000,5210.8000,5211.0000,5211.2000,5211.4000,4,4,2,1,7,2,2,3,3,1
SF,IC2006,2020-01-02 09:31:28.100,5208.8000,35040,0,589849360.000,1,0,1,多换,S,5208.8000,5208.6000,5208.0000,5206.0000,5200.0000,5210.0000,5210.2000,5210.8000,5211.0000,5211.2000,1,4,2,1,7,1,2,2,3,3
SF,IC2006,2020-01-02 09:31:28.600,5208.8000,35040,0,589849360.000,0,-,-,-,-,5208.8000,5208.6000,5208.0000,5206.0000,5200.0000,5210.0000,5210.2000,5210.8000,5211.0000,5211.2000,1,4,2,1,7,1,2,2,3,3
SF,IC2006,2020-01-02 09:31:29.100,5208.8000,35040,0,589849360.000,0,-,-,-,-,5208.8000,5208.6000,5208.0000,5206.0000,5200.0000,5210.0000,5210.2000,5210.8000,5211.0000,5211.2000,1,4,2,1,7,1,2,2,3,3
SF,IC2006,2020-01-02 09:31:29.600,5208.8000,35040,0,589849360.000,0,-,-,-,-,5208.8000,5208.6000,5208.0000,5206.0000,5200.0000,5210.0000,5210.2000,5210.8000,5211.0000,5211.2000,1,4,2,1,7,1,2,2,3,3
SF,IC2006,2020-01-02 09:31:30.100,5208.8000,35040,0,589849360.000,0,-,-,-,-,5209.0000,5208.8000,5208.6000,5208.0000,5206.0000,5210.2000,5210.8000,5211.0000,5211.2000,5211.4000,1,1,4,2,1,2,2,3,3,1
SF,IC2006,2020-01-02 09:31:30.600,5208.8000,35040,0,589849360.000,0,-,-,-,-,5210.0000,5209.0000,5208.8000,5208.6000,5208.0000,5210.2000,5210.8000,5211.0000,5211.2000,5211.4000,1,1,1,4,2,2,2,3,3,1
SF,IC2006,2020-01-02 09:31:31.100,5210.0000,35039,-1,590891360.000,1,0,1,双平,S,5208.8000,5208.6000,5208.0000,5206.0000,5200.0000,5210.2000,5210.8000,5211.0000,5211.2000,5211.4000,1,4,2,1,7,3,1,3,3,1
SF,IC2006,2020-01-02 09:31:31.600,5210.0000,35039,0,590891360.000,0,-,-,-,-,5209.0000,5208.8000,5208.6000,5208.0000,5206.0000,5210.2000,5210.8000,5211.0000,5211.2000,5211.4000,1,1,4,2,1,2,1,3,3,1
SF,IC2006,2020-01-02 09:31:32.100,5210.0000,35039,0,590891360.000,0,-,-,-,-,5209.0000,5208.8000,5208.6000,5208.0000,5206.0000,5210.0000,5210.2000,5210.8000,5211.0000,5211.2000,1,1,4,4,1,1,2,1,3,3
SF,IC2006,2020-01-02 09:31:32.600,5210.0000,35039,0,590891360.000,0,-,-,-,-,5209.0000,5208.8000,5208.6000,5208.0000,5206.0000,5210.0000,5210.2000,5210.8000,5211.0000,5211.2000,1,1,4,5,1,3,2,1,3,3
SF,IC2006,2020-01-02 09:31:33.100,5210.0000,35039,0,590891360.000,0,-,-,-,-,5209.0000,5208.8000,5208.6000,5208.0000,5206.0000,5210.0000,5210.2000,5210.8000,5211.0000,5211.2000,1,1,4,5,1,3,2,1,3,3
SF,IC2006,2020-01-02 09:31:33.600,5209.0000,35038,-1,591933160.000,1,0,1,双平,S,5208.8000,5208.6000,5208.0000,5206.0000,5200.0000,5209.8000,5210.0000,5210.2000,5210.8000,5211.0000,1,4,5,1,7,1,4,2,1,3
SF,IC2006,2020-01-02 09:31:34.100,5209.0000,35038,0,591933160.000,0,-,-,-,-,5208.8000,5208.6000,5208.0000,5206.0000,5200.0000,5209.6000,5209.8000,5210.0000,5210.2000,5210.8000,1,4,5,1,7,2,1,4,2,1
SF,IC2006,2020-01-02 09:31:34.600,5208.8000,35038,0,592974920.000,1,0,1,多换,S,5208.6000,5208.0000,5206.0000,5200.0000,5194.0000,5209.8000,5210.0000,5210.2000,5210.8000,5211.0000,4,5,1,7,1,1,4,2,1,3
SF,IC2006,2020-01-02 09:31:35.100,5208.8000,35038,0,592974920.000,0,-,-,-,-,5208.6000,5208.0000,5206.0000,5200.0000,5194.0000,5209.6000,5209.8000,5210.0000,5210.2000,5210.8000,4,5,1,7,1,3,1,4,2,1
SF,IC2006,2020-01-02 09:31:35.600,5208.6000,35038,0,595058360.000,2,1,1,多换,S,5208.6000,5208.0000,5206.0000,5200.0000,5194.0000,5208.8000,5209.8000,5210.0000,5210.2000,5210.8000,2,5,1,7,1,1,1,4,2,1
SF,IC2006,2020-01-02 09:31:36.100,5208.8000,35037,-1,598183560.000,3,1,2,多平,S,5208.0000,5206.0000,5200.0000,5194.0000,5192.0000,5209.8000,5210.0000,5210.2000,5210.8000,5211.0000,5,1,7,1,2,1,4,2,1,3
SF,IC2006,2020-01-02 09:31:36.600,5208.8000,35037,0,598183560.000,0,-,-,-,-,5208.0000,5206.0000,5200.0000,5194.0000,5192.0000,5209.0000,5209.6000,5209.8000,5210.0000,5210.2000,5,1,7,1,2,1,1,2,4,2
SF,IC2006,2020-01-02 09:31:37.100,5208.8000,35037,0,599225320.000,1,0,1,多换,S,5208.0000,5206.0000,5200.0000,5194.0000,5192.0000,5208.8000,5209.0000,5209.8000,5210.0000,5210.2000,5,1,7,1,2,2,1,2,4,2
SF,IC2006,2020-01-02 09:31:38.100,5208.0000,35037,0,600266920.000,1,0,1,多换,S,5208.0000,5206.0000,5200.0000,5194.0000,5192.0000,5208.8000,5209.0000,5209.8000,5210.0000,5210.2000,4,1,7,1,2,2,1,2,4,2
SF,IC2006,2020-01-02 09:31:38.600,5208.8000,35037,0,601308680.000,1,0,1,多换,S,5208.0000,5206.0000,5200.0000,5194.0000,5192.0000,5208.8000,5209.0000,5209.8000,5210.0000,5210.2000,4,1,7,1,2,1,1,2,5,2
SF,IC2006,2020-01-02 09:31:39.100,5208.8000,35036,-1,602350440.000,1,0,1,双平,S,5208.2000,5208.0000,5206.0000,5200.0000,5194.0000,5209.0000,5209.8000,5210.0000,5210.2000,5210.8000,1,4,1,7,1,1,2,5,2,1
SF,IC2006,2020-01-02 09:31:39.600,5208.8000,35036,0,602350440.000,0,-,-,-,-,5208.2000,5208.0000,5206.0000,5200.0000,5194.0000,5208.8000,5209.0000,5209.8000,5210.0000,5210.2000,1,4,1,7,1,1,1,2,5,2
SF,IC2006,2020-01-02 09:31:40.100,5208.8000,35036,0,602350440.000,0,-,-,-,-,5208.2000,5208.0000,5206.0000,5200.0000,5194.0000,5208.8000,5209.0000,5209.8000,5210.0000,5210.2000,1,4,1,7,1,1,1,2,5,2
SF,IC2006,2020-01-02 09:31:40.600,5209.0000,35036,0,604434000.000,2,1,1,多换,S,5208.2000,5208.0000,5206.0000,5200.0000,5194.0000,5209.8000,5210.0000,5210.2000,5210.8000,5211.0000,1,4,1,7,1,2,5,2,2,3
SF,IC2006,2020-01-02 09:31:41.100,5209.0000,35036,0,604434000.000,0,-,-,-,-,5209.0000,5208.0000,5206.0000,5200.0000,5194.0000,5209.6000,5209.8000,5210.0000,5210.2000,5210.8000,1,3,1,7,1,3,2,5,2,2
SF,IC2006,2020-01-02 09:31:41.600,5208.0000,35036,0,606517400.000,2,1,1,多换,S,5208.0000,5206.0000,5200.0000,5194.0000,5192.0000,5209.0000,5209.6000,5209.8000,5210.0000,5210.2000,2,1,7,1,6,6,2,2,5,2
SF,IC2006,2020-01-02 09:31:42.100,5209.0000,35034,-2,609642400.000,3,0,3,多平,S,5206.0000,5200.0000,5194.0000,5192.0000,5190.0000,5208.0000,5208.8000,5209.0000,5209.6000,5209.8000,1,7,1,6,6,1,1,6,2,1
SF,IC2006,2020-01-02 09:31:42.600,5209.0000,35034,0,609642400.000,0,-,-,-,-,5206.2000,5206.0000,5200.0000,5194.0000,5192.0000,5208.0000,5208.8000,5209.0000,5209.6000,5209.8000,3,1,7,1,6,1,1,6,2,1
SF,IC2006,2020-01-02 09:31:43.100,5208.0000,35032,-2,611725280.000,2,0,2,双平,S,5206.2000,5206.0000,5200.0000,5194.0000,5192.0000,5207.8000,5208.8000,5209.0000,5209.6000,5209.8000,2,1,7,1,6,1,1,6,2,1
SF,IC2006,2020-01-02 09:31:43.600,5208.0000,35032,0,611725280.000,0,-,-,-,-,5206.2000,5206.0000,5200.0000,5194.0000,5192.0000,5207.8000,5208.8000,5209.0000,5209.6000,5209.8000,2,1,7,1,6,1,1,6,2,1
SF,IC2006,2020-01-02 09:31:44.100,5206.2000,35031,-1,612766520.000,1,0,1,双平,S,5206.0000,5200.0000,5194.0000,5192.0000,5190.0000,5207.8000,5208.8000,5209.0000,5209.6000,5209.8000,1,7,1,6,6,1,1,7,2,1
SF,IC2006,2020-01-02 09:31:44.600,5207.6000,35030,-1,613808040.000,1,0,1,双平,S,5206.2000,5206.0000,5200.0000,5194.0000,5192.0000,5207.8000,5208.8000,5209.0000,5209.6000,5209.8000,1,1,7,1,6,1,1,7,2,1
SF,IC2006,2020-01-02 09:31:45.600,5207.8000,35030,0,614849600.000,1,0,1,多换,S,5206.2000,5206.0000,5200.0000,5194.0000,5192.0000,5208.8000,5209.0000,5209.6000,5209.8000,5210.0000,1,1,7,1,6,1,7,2,1,6
SF,IC2006,2020-01-02 09:31:46.100,5207.8000,35030,0,614849600.000,0,-,-,-,-,5206.2000,5206.0000,5200.8000,5200.0000,5194.0000,5208.6000,5208.8000,5209.0000,5209.6000,5209.8000,1,2,2,7,1,1,1,7,2,1
SF,IC2006,2020-01-02 09:31:46.600,5207.8000,35030,0,614849600.000,0,-,-,-,-,5206.4000,5206.2000,5206.0000,5200.8000,5200.0000,5208.0000,5208.6000,5208.8000,5209.0000,5209.6000,1,1,2,2,7,1,1,1,7,1
SF,IC2006,2020-01-02 09:31:47.100,5207.8000,35030,0,614849600.000,0,-,-,-,-,5206.6000,5206.4000,5206.0000,5200.8000,5200.0000,5208.8000,5209.0000,5209.6000,5209.8000,5210.0000,1,1,2,2,7,1,7,1,2,6
SF,IC2006,2020-01-02 09:31:47.600,5207.8000,35030,0,614849600.000,0,-,-,-,-,5206.6000,5206.4000,5206.0000,5200.8000,5200.0000,5208.8000,5209.0000,5209.6000,5209.8000,5210.0000,1,2,2,2,7,1,7,1,2,6
SF,IC2006,2020-01-02 09:31:48.100,5207.8000,35030,0,614849600.000,0,-,-,-,-,5206.8000,5206.6000,5206.4000,5206.0000,5200.8000,5208.6000,5208.8000,5209.0000,5209.6000,5209.8000,1,1,2,2,2,1,1,7,1,2
SF,IC2006,2020-01-02 09:31:48.600,5207.8000,35030,0,614849600.000,0,-,-,-,-,5207.0000,5206.8000,5206.4000,5206.0000,5200.8000,5208.6000,5208.8000,5209.0000,5209.6000,5209.8000,1,1,2,2,2,1,1,7,1,2
SF,IC2006,2020-01-02 09:31:49.100,5207.8000,35030,0,614849600.000,0,-,-,-,-,5207.0000,5206.8000,5206.4000,5206.0000,5200.8000,5208.6000,5208.8000,5209.0000,5209.6000,5209.8000,1,1,1,2,2,1,1,7,1,2
SF,IC2006,2020-01-02 09:31:49.600,5206.8000,35028,-2,616932360.000,2,0,2,双平,S,5206.4000,5206.0000,5200.8000,5200.0000,5194.0000,5206.6000,5208.6000,5208.8000,5209.0000,5209.6000,1,2,2,7,1,3,1,1,7,1
SF,IC2006,2020-01-02 09:31:50.100,5206.6000,35025,-3,620056320.000,3,0,3,双平,S,5206.4000,5206.0000,5200.8000,5200.0000,5194.0000,5208.6000,5208.8000,5209.0000,5209.6000,5209.8000,1,2,2,7,1,1,1,7,1,2
SF,IC2006,2020-01-02 09:31:50.600,5206.6000,35025,0,620056320.000,0,-,-,-,-,5206.6000,5206.4000,5206.0000,5200.8000,5200.0000,5208.4000,5208.6000,5208.8000,5209.0000,5209.6000,1,1,2,2,7,2,1,1,7,1
SF,IC2006,2020-01-02 09:31:51.100,5206.6000,35025,0,621097640.000,1,0,1,多换,S,5206.4000,5206.0000,5200.8000,5200.0000,5194.0000,5208.4000,5208.6000,5208.8000,5209.0000,5209.6000,1,2,2,7,1,1,1,1,7,1
SF,IC2006,2020-01-02 09:31:51.600,5206.6000,35025,0,621097640.000,0,-,-,-,-,5206.6000,5206.4000,5206.0000,5200.8000,5200.0000,5208.2000,5208.6000,5208.8000,5209.0000,5209.6000,2,1,2,2,7,1,1,1,7,1
SF,IC2006,2020-01-02 09:31:52.100,5206.6000,35024,-1,622138960.000,1,0,1,双平,S,5206.4000,5206.0000,5200.8000,5200.0000,5194.0000,5206.6000,5208.2000,5208.6000,5208.8000,5209.0000,1,2,2,7,1,1,2,1,2,6
SF,IC2006,2020-01-02 09:31:52.600,5208.2000,35024,0,624221920.000,2,1,1,多换,S,5206.4000,5206.0000,5200.8000,5200.0000,5194.0000,5208.0000,5208.2000,5208.6000,5208.8000,5209.0000,1,2,2,7,1,3,1,1,2,6
SF,IC2006,2020-01-02 09:31:53.100,5206.4000,35023,-1,626304520.000,2,0,2,多平,S,5206.0000,5200.8000,5200.0000,5194.0000,5192.0000,5208.0000,5208.2000,5208.6000,5208.8000,5209.0000,2,2,7,1,6,3,1,1,2,6
SF,IC2006,2020-01-02 09:31:53.600,5206.4000,35023,0,626304520.000,0,-,-,-,-,5206.2000,5206.0000,5200.8000,5200.0000,5194.0000,5207.8000,5208.0000,5208.2000,5208.6000,5208.8000,2,2,2,7,1,1,3,1,1,2
SF,IC2006,2020-01-02 09:31:54.100,5206.4000,35023,0,626304520.000,0,-,-,-,-,5206.2000,5206.0000,5200.8000,5200.0000,5194.0000,5206.4000,5207.8000,5208.0000,5208.2000,5208.6000,2,2,2,7,1,1,1,3,1,1
SF,IC2006,2020-01-02 09:31:54.600,5207.8000,35022,-1,628387360.000,2,0,2,多平,S,5206.2000,5206.0000,5200.8000,5200.0000,5194.0000,5208.0000,5208.2000,5208.6000,5208.8000,5209.0000,2,2,2,7,1,3,1,1,2,6
SF,IC2006,2020-01-02 09:31:55.100,5207.8000,35022,0,628387360.000,0,-,-,-,-,5206.0000,5200.8000,5200.0000,5194.0000,5192.0000,5207.8000,5208.0000,5208.2000,5208.6000,5208.8000,2,2,7,1,6,3,4,1,1,2
SF,IC2006,2020-01-02 09:31:55.600,5207.8000,35022,0,628387360.000,0,-,-,-,-,5206.2000,5206.0000,5200.8000,5200.0000,5194.0000,5207.8000,5208.0000,5208.2000,5208.6000,5208.8000,1,2,2,7,1,3,4,1,1,2
SF,IC2006,2020-01-02 09:31:56.100,5206.0000,35021,-1,629428560.000,1,0,1,双平,S,5206.0000,5205.8000,5200.8000,5200.0000,5194.0000,5206.2000,5207.6000,5207.8000,5208.0000,5208.2000,1,1,2,7,1,1,1,1,4,1
SF,IC2006,2020-01-02 09:31:56.600,5206.0000,35020,-1,631511000.000,2,0,2,多平,S,5205.8000,5200.8000,5200.0000,5194.0000,5192.0000,5207.6000,5207.8000,5208.0000,5208.2000,5208.6000,1,2,7,1,6,1,1,4,1,1
SF,IC2006,2020-01-02 09:31:57.100,5206.0000,35020,0,631511000.000,0,-,-,-,-,5205.8000,5200.8000,5200.0000,5194.0000,5192.0000,5207.4000,5207.6000,5208.0000,5208.2000,5208.6000,1,2,7,1,6,2,1,4,1,1
SF,IC2006,2020-01-02 09:31:57.600,5206.0000,35020,0,631511000.000,0,-,-,-,-,5205.8000,5200.8000,5200.0000,5194.0000,5192.0000,5207.0000,5207.4000,5207.6000,5208.0000,5208.2000,1,2,7,1,6,1,2,1,4,1
SF,IC2006,2020-01-02 09:31:58.100,5206.0000,35020,0,631511000.000,0,-,-,-,-,5205.8000,5200.8000,5200.0000,5194.0000,5192.0000,5206.8000,5207.0000,5207.4000,5207.6000,5208.0000,1,2,7,1,6,1,1,1,1,4
SF,IC2006,2020-01-02 09:31:59.100,5206.8000,35020,0,632552360.000,1,0,1,多换,S,5206.0000,5205.8000,5200.8000,5200.0000,5194.0000,5207.0000,5207.4000,5207.6000,5208.0000,5208.2000,1,1,2,7,1,2,1,1,4,1
SF,IC2006,2020-01-02 09:31:59.600,5206.0000,35021,1,633593560.000,1,1,0,双开,S,5206.8000,5205.8000,5200.8000,5200.0000,5194.0000,5207.0000,5207.6000,5208.0000,5208.2000,5208.6000,1,1,2,7,1,2,1,4,1,1
SF,IC2006,2020-01-02 09:32:00.100,5206.8000,35021,0,634634920.000,1,0,1,多换,S,5205.8000,5200.8000,5200.0000,5194.0000,5192.0000,5206.6000,5206.8000,5207.0000,5207.6000,5208.0000,1,2,7,1,6,1,1,3,1,4
SF,IC2006,2020-01-02 09:32:00.600,5206.6000,35021,0,636717400.000,2,1,1,多换,S,5200.8000,5200.0000,5194.0000,5192.0000,5190.0000,5207.0000,5207.6000,5208.0000,5208.6000,5208.8000,2,7,1,6,6,3,1,4,1,2
SF,IC2006,2020-01-02 09:32:01.100,5207.0000,35021,0,638800160.000,2,1,1,多换,S,5203.2000,5202.4000,5202.0000,5201.6000,5201.0000,5207.0000,5207.6000,5208.0000,5208.6000,5208.8000,1,1,2,1,2,2,1,4,1,2
SF,IC2006,2020-01-02 09:32:01.600,5207.0000,35021,0,639841560.000,1,0,1,多换,S,5203.8000,5203.4000,5203.2000,5202.0000,5201.0000,5207.0000,5207.6000,5208.0000,5208.6000,5208.8000,2,1,2,1,1,1,1,4,1,2
SF,IC2006,2020-01-02 09:32:02.100,5207.0000,35021,0,639841560.000,0,-,-,-,-,5204.0000,5203.8000,5203.2000,5202.0000,5201.0000,5206.8000,5207.0000,5207.6000,5208.0000,5208.6000,2,2,2,1,1,1,1,1,4,1
SF,IC2006,2020-01-02 09:32:02.600,5207.0000,35021,0,641924360.000,2,1,1,多换,S,5204.0000,5203.8000,5203.2000,5202.0000,5201.0000,5207.6000,5208.0000,5208.6000,5208.8000,5209.0000,2,2,2,1,1,1,4,1,2,6
SF,IC2006,2020-01-02 09:32:03.100,5204.2000,35020,-1,642965200.000,1,0,1,双平,S,5204.0000,5203.8000,5203.2000,5202.0000,5201.0000,5207.6000,5208.0000,5208.6000,5208.8000,5209.0000,2,2,2,1,1,1,3,1,2,6
SF,IC2006,2020-01-02 09:32:03.600,5204.2000,35020,0,642965200.000,0,-,-,-,-,5206.8000,5204.0000,5203.8000,5203.2000,5202.0000,5207.6000,5208.0000,5208.6000,5208.8000,5209.0000,1,2,2,2,1,1,3,1,2,6
SF,IC2006,2020-01-02 09:32:04.100,5206.8000,35019,-1,645047920.000,2,0,2,多平,S,5206.8000,5204.0000,5203.8000,5203.2000,5202.0000,5207.6000,5208.0000,5208.6000,5208.8000,5209.0000,1,1,2,2,1,1,3,1,2,6
SF,IC2006,2020-01-02 09:32:04.600,5207.6000,35018,-1,647130800.000,2,0,2,多平,S,5204.2000,5204.0000,5203.8000,5203.2000,5202.0000,5208.0000,5208.6000,5208.8000,5209.0000,5209.6000,1,1,2,2,1,3,1,2,6,1
SF,IC2006,2020-01-02 09:32:05.100,5207.6000,35018,0,647130800.000,0,-,-,-,-,5204.4000,5204.2000,5204.0000,5203.8000,5203.2000,5207.8000,5208.0000,5208.6000,5208.8000,5209.0000,2,1,1,2,2,1,3,1,2,6
SF,IC2006,2020-01-02 09:32:05.600,5207.6000,35018,0,647130800.000,0,-,-,-,-,5207.6000,5204.4000,5204.2000,5204.0000,5203.8000,5208.0000,5208.6000,5208.8000,5209.0000,5209.6000,1,2,1,1,2,4,1,2,6,1
SF,IC2006,2020-01-02 09:32:06.100,5207.6000,35018,0,648172320.000,1,0,1,多换,S,5207.6000,5204.4000,5204.2000,5204.0000,5203.8000,5208.0000,5208.6000,5208.8000,5209.0000,5209.6000,1,2,1,1,2,4,1,2,6,1
SF,IC2006,2020-01-02 09:32:06.600,5207.6000,35018,0,648172320.000,0,-,-,-,-,5207.6000,5204.4000,5204.2000,5204.0000,5200.8000,5208.0000,5208.6000,5208.8000,5209.0000,5209.6000,1,2,1,1,2,4,1,2,6,1
SF,IC2006,2020-01-02 09:32:07.100,5208.0000,35016,-2,650255520.000,2,0,2,双平,S,5207.6000,5204.4000,5204.2000,5204.0000,5200.8000,5208.0000,5208.6000,5208.8000,5209.0000,5209.8000,1,1,1,1,2,2,1,2,6,2
SF,IC2006,2020-01-02 09:32:07.600,5207.6000,35016,0,651297040.000,1,0,1,多换,S,5204.2000,5204.0000,5200.8000,5200.0000,5198.4000,5207.0000,5208.0000,5208.6000,5208.8000,5209.0000,1,1,2,7,5,1,2,1,2,6
SF,IC2006,2020-01-02 09:32:08.100,5207.0000,35016,0,652338440.000,1,0,1,多换,S,5207.0000,5205.6000,5205.4000,5205.2000,5204.8000,5207.6000,5208.0000,5208.6000,5208.8000,5209.0000,4,2,1,1,1,3,2,1,2,6
SF,IC2006,2020-01-02 09:32:08.600,5207.6000,35016,0,655463000.000,3,1,2,多换,S,5205.6000,5205.4000,5205.2000,5204.8000,5204.4000,5208.0000,5208.6000,5208.8000,5209.0000,5209.8000,2,1,1,1,2,2,1,2,6,2
SF,IC2006,2020-01-02 09:32:09.100,5208.0000,35015,-1,656504600.000,1,0,1,双平,S,5206.6000,5206.4000,5205.8000,5205.6000,5205.4000,5208.0000,5208.6000,5208.8000,5209.0000,5209.8000,1,1,1,2,1,1,1,2,6,2
SF,IC2006,2020-01-02 09:32:09.600,5208.0000,35015,0,656504600.000,0,-,-,-,-,5207.6000,5206.8000,5206.6000,5206.4000,5205.6000,5208.0000,5208.6000,5208.8000,5209.0000,5209.8000,1,1,1,1,2,1,1,2,6,2
SF,IC2006,2020-01-02 09:32:10.100,5208.0000,35014,-1,657546200.000,1,0,1,双平,S,5207.8000,5207.6000,5206.8000,5206.6000,5206.4000,5208.0000,5208.6000,5208.8000,5209.0000,5209.8000,1,1,1,1,1,2,1,2,6,2
SF,IC2006,2020-01-02 09:32:10.600,5207.8000,35010,-4,661712560.000,4,0,4,双平,S,5208.0000,5207.6000,5206.8000,5206.6000,5206.4000,5208.6000,5208.8000,5209.0000,5209.8000,5210.0000,1,1,1,1,1,1,2,6,2,6
SF,IC2006,2020-01-02 09:32:11.100,5207.8000,35010,0,661712560.000,0,-,-,-,-,5208.0000,5207.6000,5207.0000,5206.8000,5206.6000,5208.6000,5208.8000,5209.0000,5209.8000,5210.0000,1,1,1,1,1,1,2,6,2,6
SF,IC2006,2020-01-02 09:32:11.600,5207.8000,35010,0,661712560.000,0,-,-,-,-,5208.0000,5207.6000,5207.0000,5206.8000,5205.6000,5208.6000,5208.8000,5209.0000,5209.8000,5210.0000,1,1,1,1,3,1,2,6,2,6
SF,IC2006,2020-01-02 09:32:12.600,5207.8000,35010,0,661712560.000,0,-,-,-,-,5208.0000,5207.6000,5207.0000,5206.8000,5205.6000,5208.6000,5208.8000,5209.0000,5209.8000,5210.0000,1,1,1,1,3,1,2,6,2,6
SF,IC2006,2020-01-02 09:32:13.100,5208.0000,35010,0,662754160.000,1,0,1,多换,S,5207.6000,5207.0000,5206.8000,5205.6000,5205.4000,5208.4000,5208.6000,5208.8000,5209.0000,5209.8000,1,1,1,3,1,1,1,2,6,2
SF,IC2006,2020-01-02 09:32:13.600,5207.6000,35010,0,663795680.000,1,0,1,多换,S,5207.0000,5206.8000,5205.6000,5205.4000,5204.4000,5208.4000,5208.6000,5208.8000,5209.0000,5209.8000,1,1,3,1,1,1,2,2,6,2
SF,IC2006,2020-01-02 09:32:14.100,5207.6000,35010,0,663795680.000,0,-,-,-,-,5207.0000,5206.8000,5205.6000,5205.4000,5204.4000,5208.2000,5208.4000,5208.6000,5208.8000,5209.0000,1,1,3,1,1,1,1,2,2,6
SF,IC2006,2020-01-02 09:32:14.600,5207.6000,35010,0,663795680.000,0,-,-,-,-,5207.0000,5206.8000,5205.6000,5205.4000,5204.4000,5208.0000,5208.2000,5208.6000,5208.8000,5209.0000,1,1,3,1,1,1,1,2,2,6
SF,IC2006,2020-01-02 09:32:15.100,5208.0000,35010,0,664837280.000,1,0,1,多换,S,5207.0000,5206.8000,5205.6000,5205.4000,5204.4000,5208.6000,5208.8000,5209.0000,5209.8000,5210.0000,1,1,3,1,1,2,2,6,2,5
SF,IC2006,2020-01-02 09:32:15.600,5208.0000,35010,0,664837280.000,0,-,-,-,-,5207.2000,5207.0000,5205.6000,5205.4000,5204.4000,5208.6000,5208.8000,5209.0000,5209.8000,5210.0000,1,1,3,1,1,2,2,6,2,5
SF,IC2006,2020-01-02 09:32:16.100,5208.0000,35010,0,664837280.000,0,-,-,-,-,5207.2000,5207.0000,5205.6000,5205.4000,5204.4000,5208.6000,5208.8000,5209.0000,5209.8000,5210.0000,1,1,3,1,1,2,2,6,2,4
SF,IC2006,2020-01-02 09:32:16.600,5208.0000,35010,0,664837280.000,0,-,-,-,-,5207.0000,5205.6000,5205.4000,5204.4000,5201.0000,5208.4000,5208.6000,5208.8000,5209.0000,5209.8000,1,3,1,1,1,1,2,3,6,2
SF,IC2006,2020-01-02 09:32:17.100,5208.0000,35010,0,664837280.000,0,-,-,-,-,5207.0000,5205.6000,5205.4000,5204.4000,5201.0000,5208.4000,5208.6000,5208.8000,5209.0000,5209.8000,1,3,1,1,1,2,2,3,6,2
SF,IC2006,2020-01-02 09:32:17.600,5207.0000,35009,-1,666920320.000,2,0,2,多平,S,5207.4000,5207.2000,5205.6000,5205.4000,5204.4000,5208.2000,5208.4000,5208.6000,5208.8000,5209.0000,1,1,2,1,1,1,1,2,3,6
SF,IC2006,2020-01-02 09:32:18.100,5207.2000,35007,-2,669003240.000,2,0,2,双平,S,5205.6000,5205.4000,5204.4000,5201.0000,5200.8000,5208.2000,5208.6000,5208.8000,5209.0000,5209.8000,2,1,1,1,3,1,2,3,6,2
SF,IC2006,2020-01-02 09:32:18.600,5208.0000,35007,0,670044840.000,1,0,1,多换,S,5205.8000,5205.6000,5205.4000,5204.4000,5201.0000,5208.0000,5208.2000,5208.6000,5208.8000,5209.0000,1,2,1,1,1,2,1,2,3,6
SF,IC2006,2020-01-02 09:32:19.100,5208.0000,35007,0,670044840.000,0,-,-,-,-,5205.8000,5205.6000,5205.4000,5204.4000,5201.0000,5208.0000,5208.6000,5208.8000,5209.0000,5209.8000,1,2,1,1,1,2,2,3,6,2
SF,IC2006,2020-01-02 09:32:19.600,5208.0000,35007,0,672128040.000,2,1,1,多换,S,5206.0000,5205.8000,5205.6000,5204.4000,5201.0000,5208.6000,5208.8000,5209.0000,5209.8000,5210.0000,1,1,1,1,1,2,3,6,2,4
SF,IC2006,2020-01-02 09:32:20.100,5208.0000,35007,0,672128040.000,0,-,-,-,-,5206.2000,5206.0000,5205.6000,5204.4000,5201.0000,5208.4000,5208.6000,5208.8000,5209.0000,5209.8000,1,1,1,1,1,2,2,3,6,2
SF,IC2006,2020-01-02 09:32:20.600,5208.0000,35007,0,672128040.000,0,-,-,-,-,5206.6000,5206.4000,5206.2000,5206.0000,5205.6000,5208.4000,5208.6000,5208.8000,5209.0000,5209.8000,1,2,1,1,1,1,2,3,6,2
SF,IC2006,2020-01-02 09:32:21.100,5206.8000,35006,-1,673169400.000,1,0,1,双平,S,5206.8000,5206.6000,5206.4000,5206.0000,5205.6000,5208.4000,5208.6000,5208.8000,5209.0000,5209.8000,2,1,2,1,1,1,2,3,6,2
SF,IC2006,2020-01-02 09:32:21.600,5206.8000,35006,0,673169400.000,0,-,-,-,-,5206.8000,5206.6000,5206.4000,5205.6000,5204.4000,5208.4000,5208.6000,5208.8000,5209.0000,5209.8000,2,1,2,1,1,1,2,3,6,2
SF,IC2006,2020-01-02 09:32:22.100,5206.8000,35005,-1,674210760.000,1,0,1,双平,S,5206.8000,5206.6000,5206.4000,5206.0000,5205.6000,5208.4000,5208.6000,5208.8000,5209.0000,5209.8000,2,1,1,1,1,1,2,3,6,2
SF,IC2006,2020-01-02 09:32:22.600,5208.4000,35006,1,675252440.000,1,1,0,双开,S,5206.8000,5206.6000,5206.4000,5206.0000,5205.6000,5208.6000,5208.8000,5209.0000,5209.8000,5210.0000,2,1,1,1,1,2,3,6,2,4
SF,IC2006,2020-01-02 09:32:23.100,5208.4000,35006,0,675252440.000,0,-,-,-,-,5207.0000,5206.8000,5206.6000,5206.4000,5205.6000,5208.4000,5208.6000,5208.8000,5209.0000,5209.8000,2,2,1,1,1,1,2,3,6,2
SF,IC2006,2020-01-02 09:32:23.600,5207.0000,35003,-3,678376680.000,3,0,3,双平,S,5206.8000,5206.6000,5206.4000,5205.6000,5204.4000,5208.2000,5208.4000,5208.6000,5208.8000,5209.0000,1,1,1,1,1,1,1,2,3,6
SF,IC2006,2020-01-02 09:32:24.100,5208.0000,35001,-2,681501480.000,3,0,3,多平,S,5206.8000,5205.6000,5204.4000,5201.0000,5200.8000,5208.2000,5208.6000,5208.8000,5209.0000,5209.8000,1,1,1,1,3,1,2,3,6,2
SF,IC2006,2020-01-02 09:32:24.600,5208.0000,35001,0,681501480.000,0,-,-,-,-,5207.0000,5206.8000,5205.6000,5204.4000,5201.0000,5208.2000,5208.6000,5208.8000,5209.0000,5209.8000,1,1,1,1,1,1,2,3,6,2
SF,IC2006,2020-01-02 09:32:25.100,5208.0000,35001,0,681501480.000,0,-,-,-,-,5207.0000,5206.8000,5204.4000,5201.0000,5200.8000,5208.2000,5208.6000,5208.8000,5209.0000,5209.8000,1,1,1,1,3,1,1,3,6,2
SF,IC2006,2020-01-02 09:32:25.600,5208.0000,35001,0,681501480.000,0,-,-,-,-,5207.0000,5206.8000,5204.4000,5201.0000,5200.8000,5208.2000,5208.6000,5208.8000,5209.0000,5209.8000,1,1,1,1,3,1,1,3,6,2
SF,IC2006,2020-01-02 09:32:26.100,5207.0000,35000,-1,682542880.000,1,0,1,双平,S,5206.8000,5204.4000,5201.0000,5200.8000,5200.0000,5208.2000,5208.6000,5208.8000,5209.0000,5209.8000,1,1,1,3,9,1,1,3,6,2
SF,IC2006,2020-01-02 09:32:26.600,5207.0000,35000,0,682542880.000,0,-,-,-,-,5206.8000,5204.4000,5201.0000,5200.8000,5200.0000,5208.0000,5208.2000,5208.6000,5208.8000,5209.0000,1,1,1,3,9,1,1,1,3,6
SF,IC2006,2020-01-02 09:32:27.100,5207.8000,35000,0,683584440.000,1,0,1,多换,S,5206.8000,5204.4000,5201.0000,5200.8000,5200.0000,5208.0000,5208.2000,5208.6000,5208.8000,5209.0000,1,1,1,3,9,2,1,1,3,6
SF,IC2006,2020-01-02 09:32:27.600,5207.8000,35000,0,683584440.000,0,-,-,-,-,5204.4000,5201.0000,5200.8000,5200.0000,5199.8000,5208.0000,5208.2000,5208.6000,5208.8000,5209.0000,1,1,3,9,1,2,1,1,3,6
SF,IC2006,2020-01-02 09:32:28.100,5207.8000,35000,0,683584440.000,0,-,-,-,-,5206.0000,5205.4000,5205.2000,5204.6000,5204.4000,5207.6000,5208.0000,5208.2000,5208.6000,5208.8000,1,1,1,3,1,1,1,1,1,3
SF,IC2006,2020-01-02 09:32:28.600,5207.8000,35000,0,683584440.000,0,-,-,-,-,5206.2000,5206.0000,5205.0000,5204.6000,5204.4000,5207.4000,5207.6000,5208.2000,5208.6000,5208.8000,1,1,1,1,1,1,1,1,1,3
SF,IC2006,2020-01-02 09:32:29.100,5207.8000,35000,0,683584440.000,0,-,-,-,-,5206.2000,5206.0000,5205.0000,5204.6000,5204.4000,5207.2000,5207.4000,5208.2000,5208.6000,5208.8000,1,1,1,1,1,2,1,1,1,3
SF,IC2006,2020-01-02 09:32:29.600,5207.8000,35000,0,683584440.000,0,-,-,-,-,5206.2000,5206.0000,5205.0000,5204.4000,5201.0000,5207.0000,5207.2000,5207.4000,5208.2000,5208.6000,1,1,1,1,1,1,2,1,1,1
SF,IC2006,2020-01-02 09:32:30.100,5207.0000,35000,0,684625840.000,1,0,1,多换,S,5206.2000,5206.0000,5205.0000,5204.4000,5201.0000,5207.2000,5207.4000,5208.2000,5208.6000,5208.8000,1,1,1,1,1,2,1,1,1,3
SF,IC2006,2020-01-02 09:32:30.600,5207.0000,35000,0,684625840.000,0,-,-,-,-,5206.0000,5205.2000,5205.0000,5204.4000,5201.0000,5207.2000,5207.4000,5208.2000,5208.6000,5208.8000,1,1,1,1,1,2,1,1,1,3
SF,IC2006,2020-01-02 09:32:31.100,5207.0000,35000,0,684625840.000,0,-,-,-,-,5206.0000,5205.2000,5205.0000,5204.4000,5201.0000,5206.2000,5207.0000,5207.2000,5208.2000,5208.6000,1,1,1,1,1,2,1,2,1,1
SF,IC2006,2020-01-02 09:32:31.600,5207.0000,35000,0,685667240.000,1,0,1,多换,S,5206.0000,5205.2000,5205.0000,5204.4000,5201.0000,5206.2000,5207.0000,5207.2000,5208.6000,5208.8000,1,1,1,1,1,1,1,2,1,3
SF,IC2006,2020-01-02 09:32:32.100,5206.0000,35000,0,687749680.000,2,1,1,多换,S,5205.2000,5205.0000,5204.4000,5201.0000,5200.8000,5207.2000,5208.6000,5208.8000,5209.0000,5209.8000,1,1,1,1,3,2,1,3,6,3
SF,IC2006,2020-01-02 09:32:32.600,5206.0000,35000,0,687749680.000,0,-,-,-,-,5205.4000,5205.2000,5204.4000,5201.0000,5200.8000,5207.0000,5207.2000,5208.6000,5208.8000,5209.0000,3,1,1,1,3,1,2,1,3,6
SF,IC2006,2020-01-02 09:32:33.100,5206.0000,35000,0,687749680.000,0,-,-,-,-,5205.4000,5205.2000,5204.4000,5201.0000,5200.8000,5206.0000,5207.2000,5208.6000,5208.8000,5209.0000,3,1,1,1,3,1,2,1,3,6
SF,IC2006,2020-01-02 09:32:33.600,5206.0000,34999,-1,690873280.000,3,1,2,多平,S,5205.6000,5205.4000,5205.2000,5204.4000,5201.0000,5206.4000,5208.0000,5208.6000,5208.8000,5209.0000,1,3,2,1,1,1,2,1,3,6
SF,IC2006,2020-01-02 09:32:34.100,5206.4000,34999,0,691914560.000,1,0,1,多换,S,5206.4000,5205.8000,5205.6000,5205.4000,5205.2000,5208.0000,5208.6000,5208.8000,5209.0000,5209.8000,2,2,1,1,2,2,1,3,6,3
SF,IC2006,2020-01-02 09:32:34.600,5206.4000,34999,0,693997120.000,2,1,1,多换,S,5205.6000,5205.4000,5205.2000,5204.4000,5201.0000,5207.8000,5208.0000,5208.6000,5208.8000,5209.0000,1,1,2,1,1,1,2,1,3,6
SF,IC2006,2020-01-02 09:32:35.100,5206.4000,34999,0,693997120.000,0,-,-,-,-,5205.8000,5205.6000,5205.4000,5205.2000,5204.4000,5207.6000,5207.8000,5208.0000,5208.6000,5208.8000,2,1,1,2,1,2,1,2,1,3
SF,IC2006,2020-01-02 09:32:35.600,5207.6000,34999,0,695038640.000,1,0,1,多换,S,5206.4000,5205.8000,5205.6000,5205.4000,5205.2000,5207.6000,5207.8000,5208.0000,5208.6000,5208.8000,1,2,1,1,2,1,2,2,1,3
SF,IC2006,2020-01-02 09:32:36.100,5207.6000,34999,0,695038640.000,0,-,-,-,-,5206.6000,5206.4000,5206.0000,5205.8000,5205.6000,5207.4000,5207.6000,5207.8000,5208.0000,5208.6000,1,1,1,1,1,1,1,1,2,1
SF,IC2006,2020-01-02 09:32:36.600,5207.4000,34999,0,696080120.000,1,0,1,多换,S,5206.6000,5206.4000,5206.0000,5205.8000,5205.6000,5207.4000,5207.6000,5207.8000,5208.0000,5208.6000,1,1,1,1,1,1,1,1,2,1
SF,IC2006,2020-01-02 09:32:37.100,5207.4000,34998,-1,697121600.000,1,0,1,双平,S,5207.4000,5206.6000,5206.4000,5206.0000,5205.8000,5207.6000,5207.8000,5208.0000,5208.6000,5208.8000,1,2,1,1,1,1,1,2,1,3
SF,IC2006,2020-01-02 09:32:37.600,5207.4000,34997,-1,698163080.000,1,0,1,双平,S,5207.4000,5206.6000,5205.8000,5205.6000,5205.4000,5207.6000,5207.8000,5208.0000,5208.6000,5208.8000,1,1,1,1,1,1,1,2,1,3
SF,IC2006,2020-01-02 09:32:38.100,5207.4000,34996,-1,699204560.000,1,0,1,双平,S,5205.8000,5205.6000,5205.4000,5204.4000,5201.0000,5207.6000,5207.8000,5208.0000,5208.6000,5208.8000,1,1,1,1,1,1,1,2,1,3
SF,IC2006,2020-01-02 09:32:38.600,5207.4000,34996,0,699204560.000,0,-,-,-,-,5206.6000,5206.0000,5205.8000,5205.6000,5205.4000,5207.4000,5207.6000,5207.8000,5208.0000,5208.6000,1,3,1,1,1,2,1,1,2,1
SF,IC2006,2020-01-02 09:32:39.100,5207.4000,34996,0,700246040.000,1,0,1,多换,S,5206.0000,5205.8000,5205.6000,5205.4000,5204.4000,5207.6000,5207.8000,5208.0000,5208.6000,5208.8000,2,1,1,1,1,1,1,2,1,3
SF,IC2006,2020-01-02 09:32:39.600,5207.4000,34996,0,700246040.000,0,-,-,-,-,5206.2000,5206.0000,5205.8000,5205.6000,5205.4000,5207.6000,5207.8000,5208.6000,5208.8000,5209.0000,1,2,1,1,1,1,1,1,3,6
SF,IC2006,2020-01-02 09:32:40.100,5207.4000,34996,0,701287520.000,1,0,1,多换,S,5206.6000,5206.0000,5205.6000,5205.4000,5204.4000,5207.6000,5207.8000,5208.6000,5208.8000,5209.0000,1,1,1,1,1,1,1,1,3,6
SF,IC2006,2020-01-02 09:32:40.600,5207.6000,34996,0,702329040.000,1,0,1,多换,S,5206.8000,5206.6000,5205.6000,5205.4000,5204.4000,5207.6000,5207.8000,5208.6000,5208.8000,5209.0000,1,1,1,1,1,1,1,1,3,6
SF,IC2006,2020-01-02 09:32:41.100,5207.6000,34995,-1,703370560.000,1,0,1,双平,S,5205.6000,5205.4000,5204.4000,5201.0000,5200.8000,5207.8000,5208.6000,5208.8000,5209.0000,5209.8000,1,2,1,1,2,1,1,3,6,3
SF,IC2006,2020-01-02 09:32:41.600,5207.8000,34996,1,704412120.000,1,1,0,双开,S,5205.8000,5205.6000,5205.4000,5204.4000,5201.0000,5208.6000,5208.8000,5209.0000,5209.8000,5210.0000,3,1,2,1,1,1,3,6,3,4
SF,IC2006,2020-01-02 09:32:42.100,5206.0000,34995,-1,705453320.000,1,0,1,双平,S,5205.8000,5205.6000,5205.4000,5204.4000,5201.0000,5208.4000,5208.6000,5208.8000,5209.0000,5209.8000,3,1,2,1,1,1,1,3,6,3
SF,IC2006,2020-01-02 09:32:42.600,5208.4000,34995,0,706495000.000,1,0,1,多换,S,5205.8000,5205.6000,5205.4000,5204.4000,5201.0000,5208.4000,5208.6000,5208.8000,5209.0000,5209.8000,2,1,2,1,1,1,1,3,6,3
SF,IC2006,2020-01-02 09:32:43.100,5208.4000,34995,0,706495000.000,0,-,-,-,-,5206.0000,5205.8000,5205.6000,5205.4000,5204.4000,5208.2000,5208.4000,5208.6000,5208.8000,5209.0000,3,2,1,1,1,1,1,1,3,6
SF,IC2006,2020-01-02 09:32:43.600,5208.4000,34995,0,706495000.000,0,-,-,-,-,5207.8000,5206.2000,5206.0000,5205.6000,5205.4000,5208.2000,5208.4000,5208.6000,5208.8000,5209.0000,1,2,3,1,1,1,1,1,3,6
SF,IC2006,2020-01-02 09:32:44.100,5208.4000,34995,0,706495000.000,0,-,-,-,-,5207.8000,5206.2000,5206.0000,5205.6000,5205.4000,5208.2000,5208.4000,5208.6000,5208.8000,5209.0000,1,1,2,1,1,1,1,1,3,6
SF,IC2006,2020-01-02 09:32:44.600,5207.8000,34996,1,707536560.000,1,1,0,双开,S,5206.2000,5206.0000,5205.6000,5205.4000,5204.4000,5208.4000,5208.6000,5208.8000,5209.0000,5209.8000,1,2,1,1,1,1,1,3,6,3
SF,IC2006,2020-01-02 09:32:45.100,5207.8000,34996,0,707536560.000,0,-,-,-,-,5206.6000,5206.4000,5206.2000,5206.0000,5205.6000,5208.2000,5208.4000,5208.6000,5208.8000,5209.0000,1,1,1,2,1,1,1,1,3,6
SF,IC2006,2020-01-02 09:32:45.600,5208.2000,34996,0,708578200.000,1,0,1,多换,S,5206.8000,5206.6000,5206.0000,5205.6000,5205.4000,5208.4000,5208.6000,5208.8000,5209.0000,5209.8000,2,1,2,1,1,1,1,3,6,3
SF,IC2006,2020-01-02 09:32:46.100,5208.2000,34996,0,708578200.000,0,-,-,-,-,5206.8000,5206.6000,5206.0000,5205.6000,5205.4000,5208.2000,5208.4000,5208.6000,5208.8000,5209.0000,2,1,2,1,1,1,1,1,3,6
SF,IC2006,2020-01-02 09:32:46.600,5208.2000,34996,0,708578200.000,0,-,-,-,-,5206.8000,5206.6000,5206.0000,5205.6000,5205.4000,5208.2000,5208.4000,5208.6000,5208.8000,5209.0000,2,1,2,1,1,1,1,1,3,6
SF,IC2006,2020-01-02 09:32:47.100,5206.8000,34996,0,709619560.000,1,0,1,多换,S,5206.8000,5206.6000,5206.0000,5205.6000,5205.4000,5208.2000,5208.4000,5208.6000,5208.8000,5209.0000,1,1,2,1,1,1,1,1,3,6
SF,IC2006,2020-01-02 09:32:47.600,5208.2000,34996,0,711702800.000,2,1,1,多换,S,5206.8000,5206.6000,5206.2000,5206.0000,5205.6000,5208.4000,5208.6000,5208.8000,5209.0000,5209.8000,1,1,1,1,1,1,1,3,6,3
SF,IC2006,2020-01-02 09:32:48.100,5207.0000,34995,-1,712744200.000,1,0,1,双平,S,5206.8000,5206.6000,5206.2000,5206.0000,5205.6000,5208.2000,5208.4000,5208.6000,5208.8000,5209.0000,1,1,1,1,1,1,1,1,3,6
SF,IC2006,2020-01-02 09:32:48.600,5206.8000,34995,0,713785560.000,1,0,1,多换,S,5206.6000,5206.2000,5206.0000,5205.6000,5205.4000,5208.0000,5208.2000,5208.4000,5208.6000,5208.8000,1,1,1,1,1,1,1,1,1,3
SF,IC2006,2020-01-02 09:32:49.100,5206.8000,34995,0,713785560.000,0,-,-,-,-,5206.8000,5206.6000,5206.2000,5206.0000,5205.6000,5208.0000,5208.4000,5208.6000,5208.8000,5209.0000,2,1,1,1,1,1,1,1,3,6
SF,IC2006,2020-01-02 09:32:49.600,5206.8000,34995,0,713785560.000,0,-,-,-,-,5206.8000,5206.6000,5206.2000,5206.0000,5205.6000,5208.0000,5208.4000,5208.6000,5208.8000,5209.0000,2,1,1,1,1,1,1,1,3,6
SF,IC2006,2020-01-02 09:32:50.100,5206.8000,34995,0,713785560.000,0,-,-,-,-,5206.8000,5206.6000,5206.2000,5206.0000,5205.6000,5208.0000,5208.4000,5208.6000,5208.8000,5209.0000,3,1,1,1,1,1,1,1,3,6
SF,IC2006,2020-01-02 09:32:51.600,5208.0000,34995,0,714827160.000,1,0,1,多换,S,5206.8000,5206.6000,5206.2000,5206.0000,5205.6000,5208.4000,5208.6000,5208.8000,5209.0000,5209.8000,3,1,1,1,1,1,1,2,6,3
SF,IC2006,2020-01-02 09:32:52.100,5208.0000,34994,-1,717952040.000,3,1,2,多平,S,5207.0000,5206.8000,5206.2000,5205.4000,5204.4000,5208.2000,5208.6000,5208.8000,5209.0000,5209.8000,1,3,1,1,1,1,1,2,6,3
SF,IC2006,2020-01-02 09:32:52.600,5208.0000,34994,0,717952040.000,0,-,-,-,-,5207.2000,5207.0000,5206.8000,5206.2000,5205.4000,5208.2000,5208.6000,5208.8000,5209.0000,5209.8000,2,1,1,1,1,1,1,2,6,3
SF,IC2006,2020-01-02 09:32:54.100,5208.2000,34991,-3,721077040.000,3,0,3,双平,S,5208.2000,5207.8000,5207.2000,5207.0000,5206.2000,5208.8000,5209.0000,5209.8000,5210.0000,5211.0000,2,1,2,11,1,2,6,3,6,1
SF,IC2006,2020-01-02 09:32:54.600,5209.0000,34988,-3,724202360.000,3,0,3,双平,S,5208.2000,5207.8000,5207.2000,5207.0000,5206.2000,5209.0000,5209.8000,5210.0000,5211.0000,5211.2000,2,1,1,11,1,5,3,6,1,3
SF,IC2006,2020-01-02 09:32:55.100,5209.0000,34988,0,725244160.000,1,0,1,多换,S,5208.4000,5208.2000,5207.8000,5207.0000,5206.2000,5209.0000,5209.8000,5210.0000,5211.0000,5211.2000,1,2,1,11,1,4,3,6,1,3
SF,IC2006,2020-01-02 09:32:55.600,5209.0000,34988,0,726285960.000,1,0,1,多换,S,5208.4000,5208.2000,5207.8000,5207.0000,5206.2000,5209.0000,5209.8000,5210.0000,5211.0000,5211.2000,1,2,1,10,1,3,3,6,1,3
SF,IC2006,2020-01-02 09:32:56.100,5209.0000,34988,0,726285960.000,0,-,-,-,-,5208.8000,5208.4000,5208.2000,5207.8000,5207.0000,5209.0000,5209.8000,5210.0000,5211.0000,5211.2000,1,1,2,1,10,3,3,6,1,3
SF,IC2006,2020-01-02 09:32:56.600,5209.0000,34986,-2,728369560.000,2,0,2,双平,S,5208.8000,5208.2000,5207.8000,5207.0000,5206.2000,5209.0000,5209.8000,5210.0000,5211.0000,5211.2000,1,2,1,10,1,1,3,6,1,3
SF,IC2006,2020-01-02 09:32:57.100,5209.0000,34986,0,728369560.000,0,-,-,-,-,5208.8000,5208.2000,5207.8000,5207.0000,5206.2000,5209.0000,5209.8000,5210.0000,5211.0000,5211.2000,1,2,1,10,1,1,3,6,1,3
SF,IC2006,2020-01-02 09:32:57.600,5209.0000,34985,-1,729411360.000,1,0,1,双平,S,5209.0000,5208.8000,5208.2000,5207.8000,5207.0000,5209.8000,5210.0000,5211.0000,5211.2000,5211.6000,1,1,2,1,10,3,6,1,3,2
SF,IC2006,2020-01-02 09:32:58.100,5209.0000,34984,-1,730453160.000,1,0,1,双平,S,5208.8000,5208.2000,5207.8000,5207.0000,5206.2000,5209.6000,5209.8000,5210.0000,5211.0000,5211.2000,1,2,1,10,1,1,3,6,1,3
SF,IC2006,2020-01-02 09:32:58.600,5208.8000,34983,-1,731494920.000,1,0,1,双平,S,5208.2000,5207.8000,5207.0000,5206.2000,5205.0000,5209.6000,5209.8000,5210.0000,5211.0000,5211.2000,1,1,10,1,1,1,3,6,1,3
SF,IC2006,2020-01-02 09:32:59.100,5209.8000,34982,-1,734620640.000,3,1,2,多平,S,5208.2000,5207.8000,5207.0000,5206.2000,5205.0000,5209.8000,5210.0000,5211.0000,5211.2000,5211.6000,1,1,10,1,1,2,6,1,3,2
SF,IC2006,2020-01-02 09:32:59.600,5209.8000,34982,0,734620640.000,0,-,-,-,-,5208.4000,5208.2000,5207.8000,5207.0000,5206.2000,5209.0000,5209.8000,5210.0000,5211.0000,5211.2000,2,1,1,10,1,1,1,6,1,3
SF,IC2006,2020-01-02 09:33:00.100,5208.2000,34979,-3,738787400.000,4,0,4,多平,S,5208.6000,5207.0000,5206.2000,5205.0000,5204.4000,5209.0000,5209.8000,5210.0000,5211.0000,5211.2000,1,10,1,1,1,1,1,6,1,3
SF,IC2006,2020-01-02 09:33:00.600,5209.0000,34978,-1,739829200.000,1,0,1,双平,S,5209.6000,5208.6000,5207.0000,5206.2000,5205.0000,5209.8000,5210.0000,5211.0000,5211.2000,5211.6000,1,1,10,1,1,1,6,1,3,2
SF,IC2006,2020-01-02 09:33:01.100,5209.0000,34978,0,739829200.000,0,-,-,-,-,5209.6000,5208.6000,5208.2000,5208.0000,5207.0000,5209.8000,5210.0000,5211.0000,5211.2000,5211.6000,1,1,1,1,10,1,6,1,3,2
SF,IC2006,2020-01-02 09:33:01.600,5209.0000,34978,0,739829200.000,0,-,-,-,-,5209.6000,5208.2000,5208.0000,5207.0000,5206.2000,5209.8000,5210.0000,5211.0000,5211.2000,5211.6000,1,1,1,10,1,1,6,1,3,2
SF,IC2006,2020-01-02 09:33:02.100,5209.6000,34978,0,740871120.000,1,0,1,多换,S,5208.2000,5208.0000,5207.0000,5206.2000,5205.0000,5209.8000,5210.0000,5211.0000,5211.2000,5211.6000,1,1,10,1,1,1,6,1,3,2
SF,IC2006,2020-01-02 09:33:02.600,5209.6000,34978,0,740871120.000,0,-,-,-,-,5208.4000,5208.2000,5208.0000,5207.0000,5206.2000,5209.6000,5209.8000,5210.0000,5211.0000,5211.2000,1,1,1,10,1,1,1,6,1,3
SF,IC2006,2020-01-02 09:33:03.100,5209.6000,34978,0,740871120.000,0,-,-,-,-,5208.4000,5208.2000,5208.0000,5206.2000,5205.0000,5208.8000,5209.6000,5209.8000,5210.0000,5211.0000,1,1,1,1,1,1,1,1,6,1
SF,IC2006,2020-01-02 09:33:03.600,5208.8000,34977,-1,741912880.000,1,0,1,双平,S,5208.6000,5208.2000,5208.0000,5206.2000,5205.0000,5209.6000,5209.8000,5210.0000,5211.0000,5211.2000,1,1,1,1,1,1,1,6,1,3
SF,IC2006,2020-01-02 09:33:04.100,5208.6000,34976,-1,742954600.000,1,0,1,双平,S,5208.0000,5206.2000,5205.0000,5204.4000,5201.0000,5209.6000,5209.8000,5210.0000,5211.0000,5211.2000,1,1,1,1,1,1,1,6,1,3
SF,IC2006,2020-01-02 09:33:04.600,5209.6000,34976,0,743996520.000,1,0,1,多换,S,5209.6000,5208.8000,5206.2000,5205.0000,5204.4000,5209.8000,5210.0000,5211.0000,5211.2000,5211.6000,3,1,1,1,1,1,6,1,3,2
SF,IC2006,2020-01-02 09:33:05.100,5209.6000,34975,-1,747122280.000,3,1,2,多平,S,5208.8000,5206.2000,5205.0000,5204.4000,5201.0000,5209.4000,5209.6000,5209.8000,5210.0000,5211.0000,1,1,1,1,1,1,3,1,6,1
SF,IC2006,2020-01-02 09:33:05.600,5208.8000,34975,0,749205800.000,2,1,1,多换,S,5207.2000,5206.2000,5205.0000,5204.4000,5201.0000,5208.8000,5209.2000,5209.4000,5209.8000,5210.0000,1,1,1,1,1,2,1,1,1,6
SF,IC2006,2020-01-02 09:33:06.100,5208.8000,34975,0,749205800.000,0,-,-,-,-,5207.4000,5207.2000,5206.2000,5205.0000,5204.4000,5209.4000,5209.8000,5210.0000,5211.0000,5211.2000,2,1,1,1,1,1,1,6,1,3
SF,IC2006,2020-01-02 09:33:06.600,5208.8000,34975,0,749205800.000,0,-,-,-,-,5207.6000,5207.4000,5207.2000,5206.2000,5205.0000,5209.4000,5209.8000,5210.0000,5211.0000,5211.2000,1,1,1,1,1,1,1,6,1,3
SF,IC2006,2020-01-02 09:33:07.100,5208.8000,34975,0,749205800.000,0,-,-,-,-,5207.8000,5207.6000,5207.2000,5206.2000,5205.0000,5209.4000,5209.8000,5210.0000,5211.0000,5211.2000,2,1,1,1,1,1,1,6,1,3
SF,IC2006,2020-01-02 09:33:07.600,5208.0000,34974,-1,750247400.000,1,0,1,双平,S,5207.8000,5207.2000,5206.2000,5205.0000,5204.4000,5208.8000,5209.4000,5209.8000,5210.0000,5211.0000,1,1,1,1,1,1,1,1,6,1
SF,IC2006,2020-01-02 09:33:08.600,5208.0000,34974,0,750247400.000,0,-,-,-,-,5207.8000,5207.2000,5206.2000,5205.0000,5204.4000,5208.6000,5208.8000,5209.4000,5209.8000,5210.0000,1,1,1,1,1,1,1,1,1,6
SF,IC2006,2020-01-02 09:33:09.100,5207.8000,34973,-1,751288960.000,1,0,1,双平,S,5207.2000,5206.2000,5205.0000,5204.4000,5201.0000,5207.8000,5208.6000,5208.8000,5209.4000,5209.8000,1,1,1,1,1,2,1,1,1,1
SF,IC2006,2020-01-02 09:33:09.600,5207.8000,34973,0,751288960.000,0,-,-,-,-,5207.4000,5206.2000,5205.0000,5204.4000,5201.0000,5207.8000,5208.8000,5209.4000,5209.8000,5210.0000,1,1,1,1,1,2,1,1,1,6
SF,IC2006,2020-01-02 09:33:10.100,5207.4000,34973,0,753371920.000,2,1,1,多换,S,5207.0000,5206.2000,5205.0000,5204.4000,5201.0000,5208.8000,5209.4000,5209.8000,5210.0000,5211.0000,1,1,1,1,1,1,1,1,6,1
SF,IC2006,2020-01-02 09:33:10.600,5207.4000,34973,0,753371920.000,0,-,-,-,-,5207.2000,5207.0000,5206.2000,5205.0000,5204.4000,5208.6000,5208.8000,5209.4000,5209.8000,5210.0000,1,1,2,1,1,1,1,1,1,6
SF,IC2006,2020-01-02 09:33:11.600,5207.4000,34973,0,753371920.000,0,-,-,-,-,5207.2000,5207.0000,5206.2000,5205.0000,5204.4000,5208.6000,5208.8000,5209.4000,5209.8000,5210.0000,1,1,2,1,1,1,1,1,1,6
SF,IC2006,2020-01-02 09:33:12.100,5207.4000,34973,0,753371920.000,0,-,-,-,-,5207.4000,5207.0000,5206.2000,5205.0000,5204.4000,5208.6000,5208.8000,5209.4000,5209.8000,5210.0000,1,1,2,1,1,1,1,1,1,6
SF,IC2006,2020-01-02 09:33:12.600,5209.8000,34974,1,758580640.000,5,3,2,空开,S,5206.2000,5205.0000,5204.4000,5201.0000,5200.8000,5209.0000,5210.0000,5211.0000,5211.2000,5211.6000,1,1,1,2,2,1,5,1,3,2
SF,IC2006,2020-01-02 09:33:13.100,5209.8000,34974,0,758580640.000,0,-,-,-,-,5206.4000,5206.2000,5205.0000,5204.4000,5201.0000,5208.8000,5209.0000,5210.0000,5211.0000,5211.2000,3,1,1,1,2,1,1,5,1,3
SF,IC2006,2020-01-02 09:33:13.600,5209.8000,34974,0,758580640.000,0,-,-,-,-,5206.4000,5206.2000,5205.0000,5204.4000,5201.0000,5208.8000,5209.0000,5210.0000,5211.0000,5211.2000,4,1,1,1,2,1,1,5,1,3
SF,IC2006,2020-01-02 09:33:14.100,5209.8000,34974,0,758580640.000,0,-,-,-,-,5206.4000,5205.0000,5204.4000,5201.0000,5200.8000,5208.8000,5209.0000,5210.0000,5211.0000,5211.2000,2,1,1,2,2,1,1,5,1,3
SF,IC2006,2020-01-02 09:33:14.600,5209.8000,34974,0,758580640.000,0,-,-,-,-,5206.4000,5205.0000,5204.4000,5201.0000,5200.8000,5208.8000,5209.0000,5210.0000,5211.0000,5211.2000,2,1,1,2,2,2,1,5,1,3
SF,IC2006,2020-01-02 09:33:15.100,5209.8000,34974,0,758580640.000,0,-,-,-,-,5206.4000,5205.0000,5204.4000,5201.0000,5200.8000,5208.8000,5209.0000,5210.0000,5211.0000,5211.2000,2,1,1,2,2,2,1,5,1,3
SF,IC2006,2020-01-02 09:33:15.600,5209.8000,34974,0,758580640.000,0,-,-,-,-,5206.4000,5205.0000,5204.4000,5201.0000,5200.8000,5208.6000,5208.8000,5209.0000,5209.8000,5210.0000,1,1,1,2,2,1,2,1,1,5
SF,IC2006,2020-01-02 09:33:16.100,5209.8000,34974,0,758580640.000,0,-,-,-,-,5206.6000,5206.4000,5205.0000,5204.4000,5201.0000,5208.2000,5208.4000,5208.6000,5208.8000,5209.0000,1,1,1,1,2,1,1,1,1,1
SF,IC2006,2020-01-02 09:33:16.600,5209.8000,34974,0,759622600.000,1,0,1,多换,S,5207.8000,5206.8000,5206.6000,5205.0000,5204.4000,5208.0000,5208.4000,5208.6000,5208.8000,5209.0000,10,1,1,1,1,1,1,1,1,1
SF,IC2006,2020-01-02 09:33:17.100,5207.8000,34974,0,770038200.000,10,5,5,多换,S,5206.8000,5205.0000,5204.4000,5201.0000,5200.8000,5208.8000,5209.0000,5209.8000,5210.0000,5211.0000,1,1,1,2,2,1,1,1,5,1
SF,IC2006,2020-01-02 09:33:17.600,5207.8000,34974,0,770038200.000,0,-,-,-,-,5207.0000,5206.8000,5205.0000,5204.4000,5201.0000,5208.6000,5208.8000,5209.0000,5209.8000,5210.0000,1,1,1,1,2,1,1,1,1,5
SF,IC2006,2020-01-02 09:33:18.100,5207.8000,34974,0,770038200.000,0,-,-,-,-,5207.2000,5207.0000,5205.0000,5204.4000,5201.0000,5208.6000,5208.8000,5209.0000,5210.0000,5211.0000,1,1,1,1,2,1,1,1,5,1
SF,IC2006,2020-01-02 09:33:18.600,5207.8000,34974,0,770038200.000,0,-,-,-,-,5207.2000,5207.0000,5205.0000,5204.4000,5201.0000,5208.6000,5208.8000,5209.0000,5210.0000,5211.0000,1,1,1,1,2,1,1,1,5,1
SF,IC2006,2020-01-02 09:33:19.100,5207.8000,34974,0,770038200.000,0,-,-,-,-,5207.2000,5207.0000,5205.0000,5204.4000,5201.0000,5208.8000,5209.0000,5210.0000,5211.0000,5211.2000,1,1,1,1,2,1,1,5,1,3
SF,IC2006,2020-01-02 09:33:19.600,5208.6000,34974,0,771079920.000,1,0,1,多换,S,5207.2000,5206.0000,5205.0000,5204.4000,5201.0000,5208.8000,5209.0000,5209.6000,5210.0000,5211.0000,1,1,1,1,2,1,1,2,5,1
SF,IC2006,2020-01-02 09:33:20.100,5207.2000,34974,0,773163120.000,2,1,1,多换,S,5206.0000,5205.0000,5204.4000,5201.0000,5200.8000,5207.0000,5208.6000,5209.0000,5209.6000,5210.0000,1,1,1,2,2,9,1,1,2,5
SF,IC2006,2020-01-02 09:33:20.600,5207.0000,34972,-2,775245920.000,2,0,2,双平,S,5206.8000,5205.0000,5204.4000,5201.0000,5200.8000,5207.0000,5208.6000,5209.0000,5209.6000,5210.0000,1,1,1,2,2,7,1,1,2,5
SF,IC2006,2020-01-02 09:33:21.100,5207.0000,34967,-5,780452920.000,5,0,5,双平,S,5206.8000,5205.0000,5204.4000,5201.0000,5200.8000,5207.0000,5208.6000,5209.0000,5209.6000,5210.0000,1,2,1,2,2,2,1,1,2,5
SF,IC2006,2020-01-02 09:33:21.600,5207.0000,34965,-2,782535720.000,2,0,2,双平,S,5207.0000,5206.8000,5206.2000,5205.0000,5204.4000,5208.6000,5209.0000,5209.6000,5210.0000,5211.0000,1,1,1,2,1,1,1,2,5,1
SF,IC2006,2020-01-02 09:33:22.100,5207.0000,34965,0,782535720.000,0,-,-,-,-,5207.2000,5207.0000,5206.8000,5205.0000,5204.4000,5208.4000,5208.6000,5209.0000,5209.6000,5210.0000,1,1,1,2,1,1,1,1,2,5
SF,IC2006,2020-01-02 09:33:22.600,5207.0000,34965,0,782535720.000,0,-,-,-,-,5207.0000,5206.8000,5205.0000,5204.4000,5201.0000,5207.2000,5208.6000,5209.0000,5209.6000,5210.0000,1,1,2,1,2,1,1,1,2,5
SF,IC2006,2020-01-02 09:33:23.100,5206.8000,34965,0,784618480.000,2,1,1,多换,S,5205.0000,5204.4000,5201.0000,5200.8000,5200.0000,5207.2000,5208.6000,5209.0000,5209.6000,5210.0000,2,1,2,2,9,1,1,1,2,5
SF,IC2006,2020-01-02 09:33:23.600,5206.8000,34965,0,784618480.000,0,-,-,-,-,5205.2000,5205.0000,5204.4000,5201.0000,5200.8000,5208.6000,5209.0000,5209.6000,5210.0000,5211.0000,2,2,1,2,2,1,1,2,5,1
SF,IC2006,2020-01-02 09:33:24.100,5206.8000,34965,0,784618480.000,0,-,-,-,-,5205.4000,5205.2000,5205.0000,5204.4000,5201.0000,5208.4000,5209.0000,5209.6000,5210.0000,5211.0000,1,2,2,1,2,2,1,2,5,1
SF,IC2006,2020-01-02 09:33:24.600,5206.8000,34965,0,784618480.000,0,-,-,-,-,5205.6000,5205.4000,5205.2000,5205.0000,5204.4000,5208.2000,5208.4000,5209.0000,5209.6000,5210.0000,1,2,1,1,1,1,2,1,2,5
SF,IC2006,2020-01-02 09:33:25.100,5208.0000,34965,0,785660080.000,1,0,1,多换,S,5205.8000,5205.6000,5205.4000,5205.2000,5205.0000,5208.0000,5208.2000,5208.4000,5209.6000,5210.0000,2,1,1,1,1,2,1,1,2,5
SF,IC2006,2020-01-02 09:33:25.600,5206.0000,34963,-2,789825840.000,4,1,3,多平,S,5206.0000,5205.8000,5205.4000,5205.0000,5204.4000,5208.0000,5208.2000,5209.6000,5210.0000,5211.0000,1,1,1,1,1,1,1,2,5,1
SF,IC2006,2020-01-02 09:33:26.100,5206.0000,34963,0,789825840.000,0,-,-,-,-,5206.2000,5206.0000,5205.8000,5205.4000,5205.0000,5207.8000,5208.0000,5208.2000,5209.6000,5210.0000,1,1,1,1,1,1,1,1,2,5
SF,IC2006,2020-01-02 09:33:26.600,5206.0000,34963,0,789825840.000,0,-,-,-,-,5206.4000,5206.2000,5205.8000,5205.0000,5204.4000,5207.0000,5207.8000,5208.0000,5208.2000,5209.6000,1,2,1,1,1,1,1,1,1,2
SF,IC2006,2020-01-02 09:33:27.100,5207.8000,34962,-1,791908800.000,2,0,2,多平,S,5206.4000,5206.2000,5205.8000,5205.0000,5204.4000,5208.0000,5208.2000,5209.6000,5210.0000,5211.0000,1,2,1,1,1,1,1,2,5,1
SF,IC2006,2020-01-02 09:33:27.600,5207.8000,34962,0,791908800.000,0,-,-,-,-,5206.6000,5206.4000,5206.2000,5205.8000,5205.0000,5208.0000,5208.2000,5209.6000,5210.0000,5211.0000,1,1,1,1,1,1,1,2,5,1
SF,IC2006,2020-01-02 09:33:28.100,5207.8000,34962,0,791908800.000,0,-,-,-,-,5206.6000,5206.4000,5206.2000,5205.8000,5205.6000,5208.0000,5208.2000,5209.6000,5210.0000,5211.0000,1,1,1,1,1,1,1,2,5,1
SF,IC2006,2020-01-02 09:33:28.600,5207.8000,34962,0,791908800.000,0,-,-,-,-,5206.6000,5206.4000,5205.6000,5205.0000,5204.4000,5207.8000,5208.0000,5208.2000,5209.6000,5210.0000,1,1,1,1,1,1,1,1,2,5
SF,IC2006,2020-01-02 09:33:29.100,5206.6000,34961,-1,792950120.000,1,0,1,双平,S,5206.4000,5205.6000,5205.0000,5204.4000,5202.2000,5207.8000,5208.0000,5208.2000,5209.6000,5210.0000,1,1,1,1,1,1,1,1,2,5
SF,IC2006,2020-01-02 09:33:29.600,5206.4000,34960,-1,793991400.000,1,0,1,双平,S,5205.6000,5205.2000,5205.0000,5204.4000,5202.2000,5207.6000,5207.8000,5208.0000,5208.2000,5209.6000,1,1,1,1,1,1,1,1,1,2
SF,IC2006,2020-01-02 09:33:30.100,5206.4000,34960,0,793991400.000,0,-,-,-,-,5205.6000,5205.2000,5205.0000,5204.4000,5202.2000,5207.6000,5207.8000,5208.0000,5208.2000,5209.6000,1,1,1,1,1,1,1,2,1,2
SF,IC2006,2020-01-02 09:33:30.600,5207.6000,34960,0,796074040.000,2,1,1,多换,S,5207.6000,5205.2000,5205.0000,5204.4000,5202.2000,5207.8000,5208.0000,5208.2000,5209.6000,5210.0000,1,1,1,1,1,1,2,1,2,5
SF,IC2006,2020-01-02 09:33:31.100,5207.6000,34959,-1,797115560.000,1,0,1,双平,S,5205.2000,5205.0000,5204.4000,5202.2000,5201.4000,5207.6000,5208.0000,5209.6000,5210.0000,5211.0000,1,1,1,1,1,2,2,2,5,1
SF,IC2006,2020-01-02 09:33:31.600,5207.6000,34959,0,797115560.000,0,-,-,-,-,5205.4000,5205.2000,5205.0000,5204.4000,5202.2000,5207.4000,5207.6000,5208.0000,5209.6000,5210.0000,2,1,1,1,1,1,1,2,2,5
SF,IC2006,2020-01-02 09:33:32.100,5207.6000,34959,0,797115560.000,0,-,-,-,-,5205.4000,5205.2000,5205.0000,5204.4000,5202.2000,5207.6000,5208.0000,5209.6000,5210.0000,5211.0000,2,1,1,1,1,1,2,2,5,1
SF,IC2006,2020-01-02 09:33:32.600,5207.6000,34959,0,797115560.000,0,-,-,-,-,5205.4000,5205.2000,5205.0000,5204.4000,5202.2000,5207.4000,5207.6000,5208.0000,5209.6000,5210.0000,1,1,1,1,1,1,1,2,2,5
SF,IC2006,2020-01-02 09:33:33.100,5205.6000,34958,-1,799198200.000,2,0,2,多平,S,5205.4000,5205.2000,5205.0000,5204.4000,5202.2000,5207.6000,5208.0000,5209.6000,5210.0000,5211.0000,1,1,1,1,1,1,2,2,5,1
SF,IC2006,2020-01-02 09:33:33.600,5205.6000,34958,0,799198200.000,0,-,-,-,-,5205.4000,5205.2000,5205.0000,5204.4000,5202.2000,5207.2000,5207.4000,5208.0000,5209.6000,5210.0000,1,1,1,1,1,1,2,2,2,5
SF,IC2006,2020-01-02 09:33:34.100,5205.6000,34958,0,799198200.000,0,-,-,-,-,5205.8000,5205.4000,5205.2000,5205.0000,5204.4000,5207.2000,5207.4000,5208.0000,5209.6000,5210.0000,1,1,1,1,2,1,1,2,2,5
SF,IC2006,2020-01-02 09:33:34.600,5206.0000,34956,-2,801280840.000,2,0,2,双平,S,5205.8000,5205.4000,5205.2000,5205.0000,5204.4000,5207.0000,5207.4000,5208.0000,5209.6000,5210.0000,1,1,1,1,2,1,1,2,2,5
SF,IC2006,2020-01-02 09:33:35.100,5206.0000,34956,0,801280840.000,0,-,-,-,-,5205.8000,5205.4000,5205.2000,5205.0000,5204.4000,5206.8000,5207.0000,5207.4000,5208.0000,5209.6000,1,2,1,1,2,1,1,1,2,2
SF,IC2006,2020-01-02 09:33:35.600,5207.4000,34956,0,804405080.000,3,1,2,多换,S,5205.8000,5205.4000,5205.2000,5205.0000,5204.4000,5208.0000,5209.6000,5210.0000,5211.0000,5211.2000,1,2,1,1,2,2,2,5,1,3
SF,IC2006,2020-01-02 09:33:36.100,5207.4000,34956,0,804405080.000,0,-,-,-,-,5206.0000,5205.8000,5205.4000,5205.2000,5205.0000,5208.0000,5209.6000,5210.0000,5211.0000,5211.2000,2,1,1,1,1,2,2,5,1,3
SF,IC2006,2020-01-02 09:33:36.600,5208.0000,34956,0,805446680.000,1,0,1,多换,S,5206.0000,5205.8000,5205.4000,5205.2000,5205.0000,5208.0000,5209.6000,5210.0000,5211.0000,5211.2000,2,1,1,1,1,1,2,5,1,3
SF,IC2006,2020-01-02 09:33:37.100,5208.0000,34956,0,805446680.000,0,-,-,-,-,5206.0000,5205.8000,5205.4000,5205.2000,5205.0000,5207.8000,5208.0000,5209.6000,5210.0000,5211.0000,2,1,1,1,1,1,1,2,5,1
SF,IC2006,2020-01-02 09:33:37.600,5208.0000,34956,0,805446680.000,0,-,-,-,-,5206.0000,5205.8000,5205.4000,5205.2000,5205.0000,5207.6000,5207.8000,5208.0000,5209.6000,5210.0000,1,1,1,1,1,1,1,1,2,5
SF,IC2006,2020-01-02 09:33:38.100,5207.8000,34956,0,806488240.000,1,0,1,多换,S,5206.0000,5205.8000,5205.6000,5205.4000,5205.2000,5207.6000,5207.8000,5208.0000,5209.6000,5210.0000,1,1,1,1,1,1,1,1,2,5
SF,IC2006,2020-01-02 09:33:38.600,5207.8000,34956,0,806488240.000,0,-,-,-,-,5206.0000,5205.8000,5205.6000,5205.4000,5205.2000,5207.8000,5208.0000,5209.6000,5210.0000,5211.0000,1,1,1,1,1,1,2,2,5,1
SF,IC2006,2020-01-02 09:33:39.100,5207.8000,34956,0,806488240.000,0,-,-,-,-,5206.0000,5205.8000,5205.6000,5205.4000,5205.2000,5207.6000,5207.8000,5208.0000,5209.6000,5210.0000,1,1,1,1,1,1,1,2,2,5
SF,IC2006,2020-01-02 09:33:39.600,5207.8000,34956,0,806488240.000,0,-,-,-,-,5206.0000,5205.8000,5205.6000,5205.4000,5205.2000,5207.4000,5207.6000,5207.8000,5208.0000,5209.6000,1,1,1,1,1,2,1,1,2,2
SF,IC2006,2020-01-02 09:33:40.100,5206.0000,34955,-1,807529440.000,1,0,1,双平,S,5205.8000,5205.6000,5205.4000,5205.2000,5205.0000,5207.4000,5207.6000,5207.8000,5208.0000,5209.6000,1,1,1,1,1,2,1,2,2,2
SF,IC2006,2020-01-02 09:33:40.600,5206.0000,34954,-1,808570640.000,1,0,1,双平,S,5206.0000,5205.8000,5205.6000,5205.4000,5205.2000,5207.2000,5207.4000,5207.8000,5208.0000,5209.6000,1,1,1,1,1,2,2,2,2,2
SF,IC2006,2020-01-02 09:33:41.100,5206.0000,34954,0,808570640.000,0,-,-,-,-,5206.0000,5205.8000,5205.6000,5205.4000,5205.2000,5207.2000,5207.4000,5207.8000,5208.0000,5209.6000,1,1,1,1,1,1,2,1,2,2
SF,IC2006,2020-01-02 09:33:41.600,5207.2000,34955,1,809612080.000,1,1,0,双开,S,5206.0000,5205.8000,5205.6000,5205.4000,5205.2000,5207.8000,5208.0000,5209.6000,5210.0000,5211.0000,1,1,1,1,1,1,2,2,5,1
SF,IC2006,2020-01-02 09:33:42.100,5207.2000,34955,0,809612080.000,0,-,-,-,-,5207.2000,5206.2000,5206.0000,5205.8000,5205.6000,5207.6000,5207.8000,5208.0000,5209.6000,5210.0000,1,1,1,1,1,1,1,2,2,5
SF,IC2006,2020-01-02 09:33:42.600,5207.2000,34955,0,810653520.000,1,0,1,多换,S,5206.2000,5205.8000,5205.6000,5205.4000,5205.2000,5207.8000,5208.0000,5209.6000,5210.0000,5211.0000,1,1,1,1,1,1,2,2,5,1
SF,IC2006,2020-01-02 09:33:43.100,5206.2000,34954,-1,811694760.000,1,0,1,双平,S,5205.8000,5205.6000,5205.4000,5205.2000,5205.0000,5207.6000,5207.8000,5208.0000,5209.6000,5210.0000,1,1,1,1,1,1,1,2,2,5
SF,IC2006,2020-01-02 09:33:43.600,5206.2000,34954,0,811694760.000,0,-,-,-,-,5207.4000,5206.0000,5205.8000,5205.6000,5205.4000,5207.6000,5207.8000,5208.0000,5209.6000,5210.0000,1,2,1,1,1,1,1,2,2,5
SF,IC2006,2020-01-02 09:33:44.100,5207.4000,34954,0,813777720.000,2,1,1,多换,S,5206.0000,5205.8000,5205.6000,5205.4000,5205.2000,5207.8000,5208.0000,5209.6000,5210.0000,5211.0000,1,1,1,1,1,1,2,2,5,1
SF,IC2006,2020-01-02 09:33:44.600,5207.4000,34954,0,813777720.000,0,-,-,-,-,5206.0000,5205.8000,5205.6000,5205.4000,5205.2000,5207.6000,5207.8000,5208.0000,5209.6000,5210.0000,1,1,2,1,1,1,1,2,2,5
SF,IC2006,2020-01-02 09:33:45.100,5207.6000,34954,0,814819240.000,1,0,1,多换,S,5205.8000,5205.6000,5205.4000,5205.2000,5205.0000,5207.8000,5208.0000,5209.6000,5210.0000,5211.0000,1,2,1,1,1,1,2,2,5,1
SF,IC2006,2020-01-02 09:33:45.600,5207.8000,34955,1,818985360.000,4,2,2,空开,S,5206.8000,5206.0000,5205.8000,5205.6000,5205.4000,5208.0000,5209.6000,5210.0000,5211.0000,5211.2000,1,1,1,1,1,2,2,5,1,3
SF,IC2006,2020-01-02 09:33:46.100,5207.0000,34954,-1,820026760.000,1,0,1,双平,S,5206.8000,5205.8000,5205.6000,5205.4000,5205.2000,5208.0000,5209.6000,5210.0000,5211.0000,5211.2000,1,1,1,1,1,2,2,5,1,3
SF,IC2006,2020-01-02 09:33:46.600,5205.8000,34953,-1,822109280.000,2,0,2,多平,S,5205.6000,5205.4000,5205.2000,5205.0000,5202.2000,5207.8000,5208.0000,5209.6000,5210.0000,5211.0000,1,1,1,1,1,3,2,2,5,1
SF,IC2006,2020-01-02 09:33:47.100,5205.8000,34952,-1,823150440.000,1,0,1,双平,S,5205.6000,5205.4000,5205.2000,5205.0000,5202.2000,5207.6000,5207.8000,5208.0000,5209.6000,5210.0000,1,1,1,1,1,1,3,2,2,5
SF,IC2006,2020-01-02 09:33:47.600,5205.6000,34952,0,824191560.000,1,0,1,多换,S,5205.4000,5205.2000,5205.0000,5202.2000,5201.4000,5207.4000,5207.6000,5207.8000,5208.0000,5209.6000,1,1,1,1,1,1,1,2,2,2
SF,IC2006,2020-01-02 09:33:48.100,5207.2000,34952,0,825233000.000,1,0,1,多换,S,5205.4000,5205.2000,5205.0000,5202.2000,5201.4000,5207.2000,5207.4000,5207.6000,5207.8000,5208.0000,1,1,1,1,1,2,1,1,1,2
SF,IC2006,2020-01-02 09:33:48.600,5207.6000,34952,0,830439880.000,5,2,3,多换,S,5205.2000,5205.0000,5202.2000,5201.4000,5201.0000,5207.8000,5208.0000,5208.4000,5209.6000,5210.0000,1,1,1,1,2,1,2,5,2,5
SF,IC2006,2020-01-02 09:33:49.100,5205.2000,34952,0,831480920.000,1,0,1,多换,S,5205.0000,5202.2000,5201.4000,5201.0000,5200.8000,5207.6000,5207.8000,5208.0000,5208.4000,5209.6000,1,1,1,2,2,1,1,2,5,2
SF,IC2006,2020-01-02 09:33:49.600,5205.2000,34952,0,831480920.000,0,-,-,-,-,5205.2000,5205.0000,5202.2000,5201.4000,5201.0000,5205.4000,5207.6000,5207.8000,5208.0000,5208.4000,1,1,1,1,2,1,1,1,2,5
SF,IC2006,2020-01-02 09:33:50.100,5205.4000,34951,-1,832522000.000,1,0,1,双平,S,5205.4000,5205.2000,5205.0000,5202.2000,5201.4000,5207.6000,5208.0000,5208.4000,5209.6000,5210.0000,2,1,1,1,1,1,2,5,2,5
SF,IC2006,2020-01-02 09:33:50.600,5205.4000,34949,-2,834604160.000,2,0,2,双平,S,5205.0000,5202.2000,5201.4000,5201.0000,5200.8000,5207.6000,5208.0000,5208.4000,5209.6000,5210.0000,1,1,1,2,2,1,2,5,2,5
SF,IC2006,2020-01-02 09:33:51.100,5205.2000,34948,-1,835645200.000,1,0,1,双平,S,5205.0000,5202.2000,5201.4000,5201.0000,5200.8000,5207.2000,5207.4000,5207.6000,5208.0000,5208.4000,1,1,1,2,2,3,1,2,2,5
SF,IC2006,2020-01-02 09:33:51.600,5205.2000,34948,0,835645200.000,0,-,-,-,-,5205.2000,5205.0000,5202.2000,5201.4000,5201.0000,5207.0000,5207.2000,5207.4000,5207.6000,5208.0000,1,1,1,1,2,1,3,1,1,2
SF,IC2006,2020-01-02 09:33:52.100,5205.2000,34947,-1,836686240.000,1,0,1,双平,S,5205.0000,5202.2000,5201.4000,5201.0000,5200.8000,5207.0000,5207.2000,5207.4000,5207.6000,5208.0000,1,1,1,2,2,1,3,1,1,2
SF,IC2006,2020-01-02 09:33:52.600,5207.0000,34947,0,840851000.000,4,2,2,多换,S,5202.2000,5201.4000,5201.0000,5200.8000,5200.2000,5207.2000,5207.4000,5207.6000,5208.0000,5208.4000,1,1,2,2,1,3,1,1,2,5
SF,IC2006,2020-01-02 09:33:53.100,5205.0000,34947,0,841892000.000,1,0,1,多换,S,5202.4000,5202.2000,5201.4000,5201.0000,5200.8000,5205.0000,5207.0000,5207.2000,5207.6000,5208.0000,1,1,1,2,2,29,1,4,1,2
SF,IC2006,2020-01-02 09:33:53.600,5205.0000,34947,0,841892000.000,0,-,-,-,-,5202.6000,5202.4000,5202.2000,5201.4000,5201.0000,5205.0000,5207.0000,5207.2000,5207.6000,5208.0000,3,1,1,1,2,29,1,5,1,2
SF,IC2006,2020-01-02 09:33:54.100,5205.0000,34947,0,841892000.000,0,-,-,-,-,5202.8000,5202.6000,5202.2000,5201.4000,5201.0000,5205.0000,5207.0000,5207.2000,5207.6000,5208.0000,1,3,1,1,2,29,1,5,1,2
SF,IC2006,2020-01-02 09:33:54.600,5205.0000,34947,0,841892000.000,0,-,-,-,-,5203.0000,5202.8000,5202.6000,5202.2000,5201.4000,5204.8000,5205.0000,5207.0000,5207.2000,5207.6000,3,1,3,1,1,1,29,1,5,1
SF,IC2006,2020-01-02 09:33:55.100,5205.0000,34947,0,841892000.000,0,-,-,-,-,5203.2000,5203.0000,5202.2000,5201.4000,5201.0000,5204.6000,5204.8000,5205.0000,5207.2000,5207.6000,1,3,1,1,2,2,1,29,5,1
SF,IC2006,2020-01-02 09:33:55.600,5205.0000,34947,0,841892000.000,0,-,-,-,-,5203.2000,5202.2000,5201.4000,5201.0000,5200.8000,5204.6000,5204.8000,5205.0000,5207.2000,5207.6000,1,1,1,2,2,1,1,29,5,1
SF,IC2006,2020-01-02 09:33:56.100,5205.0000,34947,0,841892000.000,0,-,-,-,-,5203.2000,5202.2000,5201.4000,5201.0000,5200.8000,5204.6000,5204.8000,5205.0000,5207.2000,5207.6000,1,1,1,2,2,1,1,30,5,1
SF,IC2006,2020-01-02 09:33:56.600,5205.0000,34947,0,841892000.000,0,-,-,-,-,5203.2000,5202.2000,5201.4000,5201.0000,5200.8000,5204.8000,5205.0000,5207.2000,5207.6000,5208.0000,1,1,1,2,2,1,30,5,1,2
SF,IC2006,2020-01-02 09:33:57.100,5203.4000,34946,-1,842932680.000,1,0,1,双平,S,5203.2000,5202.2000,5201.4000,5201.0000,5200.8000,5204.8000,5205.0000,5207.2000,5207.6000,5208.0000,1,1,1,2,2,1,30,5,1,2
SF,IC2006,2020-01-02 09:33:57.600,5203.2000,34944,-2,845014000.000,2,0,2,双平,S,5202.2000,5201.4000,5201.0000,5200.8000,5200.2000,5203.2000,5204.4000,5204.6000,5204.8000,5205.0000,1,1,2,2,1,2,3,1,1,30
SF,IC2006,2020-01-02 09:33:58.100,5203.2000,34942,-2,847095280.000,2,0,2,双平,S,5203.2000,5203.0000,5202.2000,5201.4000,5201.0000,5204.4000,5204.6000,5205.0000,5207.2000,5207.6000,2,1,1,1,2,3,1,30,5,1
SF,IC2006,2020-01-02 09:33:58.600,5204.4000,34942,0,848136160.000,1,0,1,多换,S,5203.4000,5203.2000,5203.0000,5202.2000,5201.4000,5204.4000,5204.6000,5205.0000,5207.2000,5207.6000,1,1,1,1,1,2,1,30,5,1
SF,IC2006,2020-01-02 09:33:59.100,5203.0000,34937,-5,855421040.000,7,1,6,多平,S,5203.0000,5202.2000,5201.4000,5201.0000,5200.8000,5203.4000,5204.4000,5204.6000,5205.0000,5207.2000,1,1,1,2,2,4,2,1,30,5
SF,IC2006,2020-01-02 09:33:59.600,5203.4000,34933,-4,860624440.000,5,0,5,多平,S,5203.0000,5202.2000,5201.4000,5201.0000,5200.8000,5204.4000,5205.0000,5207.2000,5207.6000,5208.0000,1,5,1,2,2,2,30,5,1,2
SF,IC2006,2020-01-02 09:34:00.100,5203.0000,34931,-2,863746280.000,3,0,3,多平,S,5202.2000,5201.4000,5201.0000,5200.8000,5200.2000,5204.2000,5204.4000,5205.0000,5207.2000,5207.6000,5,1,2,2,1,1,2,30,5,1
SF,IC2006,2020-01-02 09:34:00.600,5203.0000,34931,0,863746280.000,0,-,-,-,-,5202.4000,5202.2000,5201.4000,5201.0000,5200.8000,5204.2000,5204.4000,5205.0000,5207.2000,5207.6000,1,5,1,2,2,1,2,30,5,1
SF,IC2006,2020-01-02 09:34:01.100,5202.4000,34930,-1,864786760.000,1,0,1,双平,S,5202.2000,5201.4000,5201.0000,5200.8000,5200.2000,5203.0000,5203.8000,5204.2000,5204.4000,5205.0000,5,1,2,2,1,5,1,1,2,30
SF,IC2006,2020-01-02 09:34:01.600,5203.0000,34925,-5,871030240.000,6,0,6,多平,S,5202.2000,5201.4000,5201.0000,5200.8000,5200.2000,5203.8000,5204.2000,5204.4000,5205.0000,5207.2000,5,1,2,2,1,1,1,2,30,4
SF,IC2006,2020-01-02 09:34:02.100,5203.0000,34925,0,871030240.000,0,-,-,-,-,5202.6000,5202.4000,5202.2000,5201.4000,5201.0000,5203.6000,5203.8000,5204.4000,5205.0000,5207.2000,1,1,5,1,2,1,1,2,30,4
SF,IC2006,2020-01-02 09:34:02.600,5203.0000,34925,0,871030240.000,0,-,-,-,-,5202.6000,5202.2000,5201.4000,5201.0000,5200.8000,5203.6000,5203.8000,5204.4000,5205.0000,5207.2000,1,5,1,2,2,1,1,2,30,4
SF,IC2006,2020-01-02 09:34:03.100,5202.6000,34925,0,872070760.000,1,0,1,多换,S,5202.8000,5202.2000,5201.4000,5201.0000,5200.8000,5203.6000,5203.8000,5204.4000,5205.0000,5207.2000,1,5,1,2,2,1,1,2,10,4
SF,IC2006,2020-01-02 09:34:03.600,5202.2000,34924,-1,874151760.000,2,0,2,多平,S,5202.2000,5201.4000,5201.0000,5200.8000,5200.2000,5203.4000,5203.8000,5204.4000,5205.0000,5207.2000,4,1,2,2,1,2,1,2,9,4
SF,IC2006,2020-01-02 09:34:04.100,5202.2000,34924,0,874151760.000,0,-,-,-,-,5202.2000,5201.4000,5201.0000,5200.8000,5200.2000,5203.2000,5203.4000,5203.8000,5204.4000,5207.2000,4,1,2,2,1,1,2,1,2,4
SF,IC2006,2020-01-02 09:34:04.600,5203.0000,34923,-1,875192360.000,1,0,1,双平,S,5202.2000,5201.4000,5201.0000,5200.8000,5200.2000,5202.8000,5203.2000,5203.4000,5203.8000,5204.4000,4,1,2,2,1,1,1,2,2,2
SF,IC2006,2020-01-02 09:34:05.100,5203.0000,34923,0,875192360.000,0,-,-,-,-,5202.2000,5201.4000,5201.0000,5200.8000,5200.2000,5202.8000,5203.2000,5203.4000,5203.8000,5204.4000,4,1,2,2,1,1,1,2,2,2
SF,IC2006,2020-01-02 09:34:05.600,5202.2000,34919,-4,879354120.000,4,0,4,双平,S,5201.0000,5200.8000,5200.2000,5200.0000,5199.8000,5201.8000,5202.6000,5202.8000,5203.4000,5203.8000,2,2,1,9,1,1,2,1,2,2
SF,IC2006,2020-01-02 09:34:06.100,5201.8000,34918,-1,880394480.000,1,0,1,双平,S,5201.2000,5201.0000,5200.8000,5200.2000,5200.0000,5202.6000,5202.8000,5203.4000,5203.8000,5204.4000,2,2,2,1,9,1,1,2,2,2
SF,IC2006,2020-01-02 09:34:06.600,5202.2000,34917,-1,881434920.000,1,0,1,双平,S,5201.2000,5201.0000,5200.8000,5200.2000,5200.0000,5202.2000,5202.8000,5203.4000,5203.8000,5204.4000,1,2,2,1,9,3,1,2,2,2
SF,IC2006,2020-01-02 09:34:07.100,5202.2000,34917,0,881434920.000,0,-,-,-,-,5201.4000,5201.2000,5201.0000,5200.8000,5200.2000,5202.2000,5202.8000,5203.4000,5203.8000,5204.4000,1,1,2,2,1,3,1,2,2,2
SF,IC2006,2020-01-02 09:34:07.600,5201.4000,34917,0,882475200.000,1,0,1,多换,S,5201.0000,5200.8000,5200.2000,5200.0000,5199.8000,5202.2000,5202.8000,5203.4000,5203.8000,5204.4000,2,2,1,9,1,3,1,2,2,2
SF,IC2006,2020-01-02 09:34:08.100,5201.4000,34917,0,882475200.000,0,-,-,-,-,5201.2000,5201.0000,5200.8000,5200.2000,5200.0000,5202.2000,5202.8000,5203.4000,5203.8000,5204.4000,1,2,2,1,9,3,1,2,2,2
SF,IC2006,2020-01-02 09:34:08.600,5201.4000,34917,0,883515480.000,1,0,1,多换,S,5201.2000,5201.0000,5200.8000,5200.2000,5200.0000,5202.2000,5202.8000,5203.4000,5203.8000,5204.4000,1,2,2,1,9,3,1,2,2,2
SF,IC2006,2020-01-02 09:34:09.100,5202.0000,34917,0,884555880.000,1,0,1,多换,S,5201.0000,5200.8000,5200.2000,5200.0000,5199.8000,5202.0000,5202.2000,5202.8000,5203.4000,5203.8000,3,2,1,9,1,1,3,1,2,2
SF,IC2006,2020-01-02 09:34:09.600,5202.0000,34916,-1,885596280.000,1,0,1,双平,S,5201.2000,5201.0000,5200.8000,5200.2000,5200.0000,5202.2000,5203.4000,5203.8000,5204.4000,5207.2000,1,4,2,1,9,3,2,2,2,4
SF,IC2006,2020-01-02 09:34:10.600,5202.0000,34916,0,885596280.000,0,-,-,-,-,5201.2000,5201.0000,5200.8000,5200.2000,5200.0000,5202.2000,5203.4000,5203.8000,5204.4000,5207.2000,1,4,2,1,9,3,2,2,2,4
SF,IC2006,2020-01-02 09:34:11.100,5201.2000,34915,-1,888717000.000,3,1,2,多平,S,5201.0000,5200.8000,5200.2000,5200.0000,5199.8000,5201.2000,5202.2000,5203.4000,5203.8000,5204.4000,4,2,1,9,1,13,3,2,2,2
SF,IC2006,2020-01-02 09:34:11.600,5201.0000,34914,-1,889757200.000,1,0,1,双平,S,5201.0000,5200.8000,5200.2000,5200.0000,5199.8000,5201.2000,5202.2000,5203.4000,5203.8000,5204.4000,3,2,1,9,1,13,3,2,2,2
SF,IC2006,2020-01-02 09:34:12.100,5201.2000,34910,-4,895998520.000,6,1,5,多平,S,5200.8000,5200.2000,5200.0000,5199.8000,5199.0000,5201.2000,5202.2000,5203.4000,5203.8000,5204.4000,2,1,9,1,1,10,3,2,2,2
SF,IC2006,2020-01-02 09:34:12.600,5200.8000,34910,0,899119080.000,3,1,2,多换,S,5200.2000,5200.0000,5199.8000,5199.0000,5198.0000,5201.0000,5201.2000,5202.2000,5203.4000,5203.8000,1,9,1,1,1,1,11,3,2,2
SF,IC2006,2020-01-02 09:34:13.100,5200.8000,34910,0,899119080.000,0,-,-,-,-,5200.4000,5200.2000,5200.0000,5199.8000,5199.4000,5201.0000,5201.2000,5202.2000,5203.4000,5203.8000,1,1,9,1,1,2,11,5,2,1
SF,IC2006,2020-01-02 09:34:13.600,5200.8000,34910,0,899119080.000,0,-,-,-,-,5200.2000,5200.0000,5199.8000,5199.0000,5198.0000,5201.0000,5201.2000,5202.2000,5203.4000,5203.8000,1,9,1,1,2,2,11,5,2,1
SF,IC2006,2020-01-02 09:34:14.100,5200.8000,34910,0,899119080.000,0,-,-,-,-,5200.2000,5200.0000,5199.8000,5199.0000,5198.0000,5200.4000,5200.8000,5201.0000,5201.2000,5202.2000,1,9,1,2,2,6,1,2,11,5
SF,IC2006,2020-01-02 09:34:14.600,5200.2000,34911,1,900159120.000,1,1,0,双开,S,5200.0000,5199.8000,5199.0000,5198.0000,5195.0000,5200.4000,5200.8000,5201.0000,5201.2000,5202.2000,9,1,2,2,1,6,1,2,11,5
SF,IC2006,2020-01-02 09:34:15.100,5200.4000,34910,-1,903279280.000,3,1,2,多平,S,5200.0000,5199.8000,5199.0000,5198.0000,5195.0000,5200.2000,5200.4000,5200.8000,5201.0000,5201.2000,8,1,2,2,1,1,4,1,2,11
SF,IC2006,2020-01-02 09:34:15.600,5200.4000,34906,-4,909519680.000,6,1,5,多平,S,5200.2000,5200.0000,5199.8000,5199.0000,5198.0000,5200.8000,5201.0000,5201.2000,5202.2000,5203.4000,1,9,1,2,2,1,2,11,5,2
SF,IC2006,2020-01-02 09:34:16.100,5200.0000,34900,-6,922000360.000,12,3,9,多平,S,5200.0000,5199.8000,5199.0000,5198.0000,5195.0000,5201.0000,5201.2000,5202.2000,5203.4000,5203.8000,3,1,2,2,1,1,11,5,2,1
SF,IC2006,2020-01-02 09:34:16.600,5200.0000,34899,-1,926160360.000,4,1,3,多平,S,5199.8000,5199.0000,5198.0000,5195.0000,5192.0000,5201.0000,5201.2000,5202.2000,5203.4000,5203.8000,1,2,2,1,4,1,11,5,2,1
SF,IC2006,2020-01-02 09:34:17.100,5200.0000,34899,0,927200360.000,1,0,1,多换,S,5200.8000,5199.8000,5199.0000,5198.0000,5195.0000,5201.0000,5201.2000,5202.2000,5203.4000,5203.8000,4,1,2,2,1,1,11,5,2,1
